Trd, 4318150.893, 61
Trd, 4318151.543, 63
Trd, 4318152.093, 66
Trd, 4318153.843, 60
Trd, 4318154.043, 62
Trd, 4318154.493, 60
Trd, 4318155.193, 62
Trd, 4318155.343, 66
Trd, 4318156.543, 61
Trd, 4318157.043, 62
Trd, 4318157.543, 62
Trd, 4318158.393, 60
Trd, 4318159.743, 61
Trd, 4318160.043, 63
Trd, 4318160.143, 62
Trd, 4318160.693, 61
Trd, 4318161.593, 67
Trd, 4318161.743, 90
Trd, 4318162.443, 60
Trd, 4318163.693, 61
Trd, 4318164.793, 61
Trd, 4318166.243, 60
Trd, 4318166.793, 60
Trd, 4318167.043, 61
Trd, 4318167.943, 63
Trd, 4318168.293, 63
Trd, 4318171.993, 61
Trd, 4318172.193, 60
Trd, 4318172.893, 62
Trd, 4318173.093, 65
Trd, 4318173.393, 62
Trd, 4318173.593, 61
Trd, 4318174.143, 64
Trd, 4318174.193, 70
Trd, 4318174.543, 68
Trd, 4318175.343, 62
Trd, 4318177.693, 60
Trd, 4318178.493, 60
Trd, 4318179.443, 60
Trd, 4318180.593, 60
Trd, 4318180.943, 61
Trd, 4318181.793, 60
Trd, 4318182.293, 63
Trd, 4318182.393, 66
Trd, 4318183.093, 140
Trd, 4318183.593, 87
Trd, 4318183.643, 86
Trd, 4318184.893, 60
Trd, 4318186.943, 62
Trd, 4318187.093, 65
Trd, 4318187.943, 64
Trd, 4318188.243, 61
Trd, 4318189.193, 60
Trd, 4318189.493, 63
Trd, 4318189.793, 61
Trd, 4318189.943, 60
Trd, 4318190.943, 60
Trd, 4318191.243, 61
Trd, 4318191.843, 61
Trd, 4318192.043, 62
Trd, 4318193.343, 66
Trd, 4318194.093, 61
Trd, 4318194.193, 60
Trd, 4318194.593, 62
Trd, 4318195.843, 60
Trd, 4318196.943, 60
Trd, 4318197.043, 61
Trd, 4318198.093, 61
Trd, 4318198.143, 63
Trd, 4318198.543, 61
Trd, 4318199.693, 60
Trd, 4318199.743, 63
Trd, 4318200.643, 62
Trd, 4318200.893, 64
Trd, 4318201.593, 66
Trd, 4318202.743, 84
Trd, 4318203.443, 138
Trd, 4318203.993, 140
Trd, 4318204.343, 120
Trd, 4318205.043, 119
Trd, 4318205.693, 70
Trd, 4318206.893, 140
Trd, 4318207.243, 140
Trd, 4318207.293, 140
Trd, 4318208.043, 139
Trd, 4318208.293, 140
Trd, 4318209.093, 140
Trd, 4318212.343, 60
Trd, 4318212.643, 61
Trd, 4318212.743, 61
Trd, 4318213.543, 62
Trd, 4318213.943, 63
Trd, 4318214.043, 60
Trd, 4318214.293, 61
Trd, 4318215.043, 64
Trd, 4318215.443, 66
Trd, 4318216.043, 67
Trd, 4318217.293, 136
Trd, 4318217.543, 137
Trd, 4318217.693, 115
Trd, 4318217.793, 114
Trd, 4318218.293, 130
Trd, 4318219.243, 62
Trd, 4318220.493, 62
Trd, 4318220.743, 62
Trd, 4318223.243, 60
Trd, 4318224.943, 62
Trd, 4318225.643, 60
Trd, 4318225.693, 60
Trd, 4318225.943, 61
Trd, 4318226.543, 60
Trd, 4318227.693, 63
Trd, 4318227.993, 140
Trd, 4318228.043, 62
Trd, 4318228.793, 68
Trd, 4318228.993, 63
Trd, 4318229.093, 69
Trd, 4318230.943, 140
Trd, 4318231.093, 140
Trd, 4318232.593, 140
Trd, 4318232.893, 140
Trd, 4318233.093, 138
Trd, 4318233.693, 60
Trd, 4318234.293, 62
Trd, 4318234.993, 70
Trd, 4318236.493, 60
Trd, 4318236.793, 68
Trd, 4318236.993, 60
Trd, 4318238.043, 61
Trd, 4318239.093, 63
Trd, 4318239.493, 64
Trd, 4318241.793, 61
Trd, 4318241.943, 60
Trd, 4318242.543, 60
Trd, 4318245.593, 60
Trd, 4318246.043, 61
Trd, 4318246.293, 64
Trd, 4318246.693, 75
Trd, 4318247.143, 69
Trd, 4318247.493, 77
Trd, 4318248.143, 78
Trd, 4318248.243, 74
Trd, 4318248.493, 84
Trd, 4318249.443, 64
Trd, 4318250.243, 60
Trd, 4318251.093, 61
Trd, 4318252.193, 60
Trd, 4318253.143, 61
Trd, 4318253.393, 60
Trd, 4318254.043, 70
Trd, 4318254.543, 69
Trd, 4318255.743, 140
Trd, 4318255.943, 140
Trd, 4318255.993, 140
Trd, 4318256.743, 140
Trd, 4318257.543, 140
Trd, 4318257.643, 140
Trd, 4318258.893, 140
Trd, 4318258.943, 138
Trd, 4318260.243, 140
Trd, 4318260.743, 140
Trd, 4318260.793, 140
Trd, 4318261.393, 138
Trd, 4318262.093, 140
Trd, 4318263.443, 140
Trd, 4318263.493, 140
Trd, 4318264.143, 140
Trd, 4318264.443, 121
Trd, 4318264.893, 140
Trd, 4318266.493, 140
Trd, 4318266.643, 140
Trd, 4318267.093, 140
Trd, 4318267.343, 140
Trd, 4318267.443, 91
Trd, 4318268.293, 140
Trd, 4318268.493, 140
Trd, 4318269.243, 140
Trd, 4318270.093, 140
Trd, 4318270.343, 140
Trd, 4318272.193, 140
Trd, 4318272.293, 140
Trd, 4318272.493, 140
Trd, 4318273.693, 140
Trd, 4318274.743, 140
Trd, 4318276.043, 140
Trd, 4318276.793, 140
Trd, 4318276.993, 140
Trd, 4318277.543, 140
Trd, 4318277.843, 140
Trd, 4318278.643, 138
Trd, 4318278.843, 60
Trd, 4318279.593, 72
Trd, 4318279.943, 60
Trd, 4318281.443, 60
Trd, 4318283.743, 60
Trd, 4318283.793, 72
Trd, 4318285.593, 60
Trd, 4318285.743, 62
Trd, 4318286.243, 60
Trd, 4318286.493, 61
Trd, 4318286.693, 62
Trd, 4318287.443, 140
Trd, 4318288.993, 60
Trd, 4318289.493, 61
Trd, 4318289.543, 130
Trd, 4318290.343, 63
Trd, 4318291.193, 60
Trd, 4318292.143, 63
Trd, 4318292.493, 64
Trd, 4318292.543, 65
Trd, 4318293.193, 65
Trd, 4318293.343, 66
Trd, 4318295.693, 60
Trd, 4318295.743, 60
Trd, 4318296.743, 61
Trd, 4318298.393, 60
Trd, 4318299.643, 60
Trd, 4318300.243, 60
Trd, 4318300.793, 60
Trd, 4318301.143, 60
Trd, 4318302.593, 60
Trd, 4318304.643, 60
Trd, 4318305.593, 60
Trd, 4318306.193, 61
Trd, 4318306.393, 62
Trd, 4318306.593, 61
Trd, 4318307.243, 60
Trd, 4318307.393, 61
Trd, 4318307.493, 73
Trd, 4318308.393, 61
Trd, 4318308.693, 70
Trd, 4318309.193, 76
Trd, 4318311.493, 60
Trd, 4318313.143, 60
Trd, 4318313.993, 61
Trd, 4318314.343, 62
Trd, 4318316.243, 65
Trd, 4318316.343, 67
Trd, 4318317.243, 72
Trd, 4318317.743, 72
Trd, 4318317.793, 74
Trd, 4318317.843, 70
Trd, 4318317.993, 63
Trd, 4318319.243, 60
Trd, 4318319.293, 62
Trd, 4318319.943, 118
Trd, 4318319.993, 117
Trd, 4318321.043, 140
Trd, 4318321.943, 61
Trd, 4318322.243, 66
Trd, 4318324.793, 60
Trd, 4318326.243, 60
Trd, 4318326.293, 60
Trd, 4318327.393, 60
Trd, 4318327.443, 61
Trd, 4318328.593, 61
Trd, 4318328.643, 65
Trd, 4318329.193, 64
Trd, 4318329.493, 66
Trd, 4318330.593, 64
Trd, 4318330.993, 63
Trd, 4318333.093, 61
Trd, 4318333.543, 61
Trd, 4318334.793, 60
Trd, 4318336.043, 60
Trd, 4318336.343, 60
Trd, 4318336.543, 60
Trd, 4318336.793, 61
Trd, 4318337.543, 60
Trd, 4318338.193, 61
Trd, 4318338.693, 61
Trd, 4318338.893, 62
Trd, 4318340.293, 102
Trd, 4318340.593, 103
Trd, 4318341.093, 64
Trd, 4318341.293, 65
Trd, 4318341.793, 65
Trd, 4318341.843, 67
Trd, 4318341.993, 61
Trd, 4318343.943, 65
Trd, 4318344.293, 112
Trd, 4318346.293, 63
Trd, 4318346.443, 65
Trd, 4318346.793, 76
Trd, 4318348.343, 60
Trd, 4318348.693, 60
Trd, 4318349.843, 62
Trd, 4318352.343, 60
Trd, 4318352.543, 60
Trd, 4318353.293, 67
Trd, 4318353.343, 68
Trd, 4318353.543, 61
Trd, 4318354.143, 61
Trd, 4318354.643, 60
Trd, 4318355.243, 60
Trd, 4318355.543, 62
Trd, 4318355.843, 62
Trd, 4318356.443, 135
Trd, 4318357.093, 140
Trd, 4318357.393, 135
Trd, 4318357.943, 60
Trd, 4318359.693, 60
Trd, 4318360.193, 64
Trd, 4318360.843, 64
Trd, 4318361.693, 60
Trd, 4318362.893, 60
Trd, 4318364.993, 60
Trd, 4318365.343, 61
Trd, 4318365.643, 60
Trd, 4318366.143, 63
Trd, 4318366.593, 60
Trd, 4318367.843, 65
Trd, 4318368.193, 67
Trd, 4318368.543, 65
Trd, 4318368.843, 139
Trd, 4318370.193, 115
Trd, 4318370.393, 114
Trd, 4318370.593, 103
Trd, 4318371.493, 140
Trd, 4318372.243, 140
Trd, 4318372.643, 140
Trd, 4318373.043, 139
Trd, 4318373.343, 93
Trd, 4318375.243, 140
Trd, 4318375.843, 140
Trd, 4318375.893, 140
Trd, 4318377.143, 139
Trd, 4318377.493, 136
Trd, 4318377.943, 62
Trd, 4318378.093, 61
Trd, 4318379.393, 140
Trd, 4318380.293, 140
Trd, 4318380.593, 140
Trd, 4318380.693, 140
Trd, 4318381.993, 139
Trd, 4318382.043, 138
Trd, 4318382.593, 140
Trd, 4318383.943, 140
Trd, 4318384.343, 140
Trd, 4318385.393, 140
Trd, 4318385.493, 139
Trd, 4318387.193, 140
Trd, 4318388.393, 140
Trd, 4318388.643, 140
Trd, 4318388.843, 140
Trd, 4318389.193, 140
Trd, 4318389.293, 139
Trd, 4318391.593, 140
Trd, 4318391.993, 140
Trd, 4318392.243, 140
Trd, 4318392.943, 140
Trd, 4318393.193, 140
Trd, 4318394.643, 140
Trd, 4318395.043, 140
Trd, 4318395.743, 140
Trd, 4318395.793, 140
Trd, 4318396.143, 140
Trd, 4318397.193, 60
Trd, 4318397.493, 60
Trd, 4318398.393, 68
Trd, 4318399.743, 61
Trd, 4318400.743, 60
Trd, 4318401.593, 62
Trd, 4318402.993, 61
Trd, 4318403.143, 63
Trd, 4318404.493, 63
Trd, 4318405.393, 61
Trd, 4318405.843, 61
Trd, 4318406.343, 62
Trd, 4318406.893, 63
Trd, 4318407.093, 61
Trd, 4318407.893, 61
Trd, 4318408.543, 60
Trd, 4318408.743, 60
Trd, 4318410.293, 60
Trd, 4318411.793, 60
Trd, 4318411.993, 61
Trd, 4318414.093, 60
Trd, 4318414.193, 60
Trd, 4318414.943, 60
Trd, 4318415.893, 60
Trd, 4318416.243, 60
Trd, 4318417.143, 60
Trd, 4318417.593, 60
Trd, 4318417.843, 66
Trd, 4318418.143, 61
Trd, 4318418.493, 61
Trd, 4318418.543, 60
Trd, 4318418.843, 65
Trd, 4318420.343, 61
Trd, 4318420.543, 63
Trd, 4318420.593, 62
Trd, 4318421.893, 140
Trd, 4318422.893, 139
Trd, 4318423.193, 137
Trd, 4318424.143, 62
Trd, 4318424.593, 61
Trd, 4318425.443, 65
Trd, 4318425.743, 63
Trd, 4318426.343, 137
Trd, 4318426.593, 140
Trd, 4318427.593, 140
Trd, 4318428.043, 140
Trd, 4318428.193, 140
Trd, 4318428.643, 138
Trd, 4318429.043, 137
Trd, 4318429.093, 75
Trd, 4318430.993, 140
Trd, 4318431.693, 140
Trd, 4318432.493, 140
Trd, 4318432.693, 140
Trd, 4318433.543, 140
Trd, 4318433.893, 140
Trd, 4318434.143, 140
Trd, 4318435.193, 140
Trd, 4318436.243, 140
Trd, 4318436.593, 139
Trd, 4318436.693, 131
Trd, 4318438.243, 60
Trd, 4318438.893, 60
Trd, 4318439.343, 61
Trd, 4318439.843, 61
Trd, 4318440.143, 62
Trd, 4318442.593, 60
Trd, 4318443.143, 61
Trd, 4318443.193, 61
Trd, 4318443.543, 64
Trd, 4318443.893, 62
Trd, 4318444.843, 62
Trd, 4318445.093, 67
Trd, 4318446.243, 60
Trd, 4318446.593, 60
Trd, 4318446.643, 67
Trd, 4318447.543, 100
Trd, 4318448.543, 61
Trd, 4318449.093, 61
Trd, 4318449.293, 63
Trd, 4318449.393, 61
Trd, 4318449.443, 63
Trd, 4318450.193, 67
Trd, 4318450.843, 88
Trd, 4318451.243, 87
Trd, 4318452.543, 65
Trd, 4318452.893, 65
Trd, 4318454.643, 62
Trd, 4318454.943, 60
Trd, 4318455.793, 65
Trd, 4318456.093, 66
Trd, 4318456.443, 67
Trd, 4318456.843, 67
Trd, 4318457.043, 66
Trd, 4318457.593, 68
Trd, 4318458.393, 94
Trd, 4318459.543, 69
Trd, 4318459.593, 67
Trd, 4318459.843, 85
Trd, 4318459.993, 60
Trd, 4318460.043, 132
Trd, 4318460.943, 64
Trd, 4318461.893, 60
Trd, 4318462.443, 65
Trd, 4318464.393, 60
Trd, 4318464.893, 60
Trd, 4318465.743, 61
Trd, 4318466.693, 60
Trd, 4318467.743, 61
Trd, 4318468.893, 62
Trd, 4318469.193, 61
Trd, 4318470.243, 61
Trd, 4318470.643, 66
Trd, 4318472.493, 60
Trd, 4318472.643, 62
Trd, 4318472.943, 63
Trd, 4318473.293, 60
Trd, 4318473.743, 60
Trd, 4318474.743, 61
Trd, 4318475.243, 61
Trd, 4318476.193, 60
Trd, 4318476.793, 65
Trd, 4318476.843, 65
Trd, 4318479.193, 60
Trd, 4318479.643, 64
Trd, 4318480.293, 62
Trd, 4318480.493, 63
Trd, 4318480.693, 64
Trd, 4318481.193, 70
Trd, 4318481.543, 71
Trd, 4318481.943, 63
Trd, 4318481.993, 64
Trd, 4318482.893, 79
Trd, 4318482.993, 61
Trd, 4318484.243, 63
Trd, 4318484.943, 79
Trd, 4318485.343, 60
Trd, 4318485.893, 140
Trd, 4318486.143, 138
Trd, 4318487.143, 68
Trd, 4318487.893, 140
Trd, 4318488.643, 140
Trd, 4318489.493, 140
Trd, 4318489.843, 61
Trd, 4318490.593, 84
Trd, 4318491.343, 84
Trd, 4318491.743, 63
Trd, 4318492.043, 65
Trd, 4318493.343, 64
Trd, 4318493.593, 62
Trd, 4318493.793, 63
Trd, 4318495.493, 61
Trd, 4318496.293, 63
Trd, 4318497.593, 140
Trd, 4318497.793, 140
Trd, 4318498.693, 140
Trd, 4318498.993, 140
Trd, 4318499.293, 140
Trd, 4318500.093, 75
Trd, 4318500.893, 60
Trd, 4318500.943, 63
Trd, 4318501.193, 60
Trd, 4318501.743, 60
Trd, 4318502.493, 61
Trd, 4318503.443, 62
Trd, 4318504.693, 61
Trd, 4318504.993, 63
Trd, 4318506.493, 60
Trd, 4318507.643, 64
Trd, 4318510.193, 60
Trd, 4318510.593, 60
Trd, 4318511.293, 60
Trd, 4318511.693, 60
Trd, 4318512.443, 60
Trd, 4318512.643, 61
Trd, 4318513.193, 62
Trd, 4318513.293, 66
Trd, 4318514.043, 61
Trd, 4318514.593, 61
Trd, 4318515.143, 64
Trd, 4318515.193, 64
Trd, 4318516.343, 67
Trd, 4318516.643, 68
Trd, 4318517.243, 140
Trd, 4318517.443, 140
Trd, 4318517.693, 140
Trd, 4318518.743, 133
Trd, 4318519.793, 78
Trd, 4318520.693, 134
Trd, 4318521.793, 78
Trd, 4318522.643, 140
Trd, 4318523.293, 140
Trd, 4318523.843, 138
Trd, 4318524.093, 67
Trd, 4318524.843, 63
Trd, 4318525.293, 62
Trd, 4318525.943, 64
Trd, 4318527.393, 63
Trd, 4318528.543, 66
Trd, 4318528.993, 63
Trd, 4318531.293, 60
Trd, 4318531.443, 60
Trd, 4318531.793, 60
Trd, 4318533.793, 62
Trd, 4318534.193, 60
Trd, 4318534.543, 60
Trd, 4318534.593, 60
Trd, 4318534.643, 62
Trd, 4318535.543, 63
Trd, 4318535.843, 70
Trd, 4318536.543, 62
Trd, 4318536.893, 66
Trd, 4318537.343, 63
Trd, 4318539.043, 62
Trd, 4318539.593, 60
Trd, 4318539.843, 63
Trd, 4318540.543, 93
Trd, 4318541.743, 138
Trd, 4318543.143, 63
Trd, 4318543.543, 61
Trd, 4318544.793, 60
Trd, 4318545.543, 60
Trd, 4318546.143, 60
Trd, 4318547.143, 61
Trd, 4318547.493, 62
Trd, 4318548.093, 63
Trd, 4318548.343, 60
Trd, 4318548.943, 61
Trd, 4318549.393, 61
Trd, 4318549.443, 66
Trd, 4318550.793, 77
Trd, 4318551.293, 140
Trd, 4318551.993, 64
Trd, 4318553.143, 140
Trd, 4318553.193, 140
Trd, 4318554.443, 140
Trd, 4318555.243, 140
Trd, 4318555.593, 140
Trd, 4318556.293, 140
Trd, 4318556.893, 140
Trd, 4318557.093, 140
Trd, 4318557.193, 123
Trd, 4318558.443, 140
Trd, 4318559.593, 140
Trd, 4318559.643, 140
Trd, 4318560.293, 140
Trd, 4318560.593, 140
Trd, 4318560.693, 140
Trd, 4318561.343, 140
Trd, 4318562.093, 136
Trd, 4318562.743, 78
Trd, 4318563.343, 60
Trd, 4318563.843, 61
Trd, 4318564.443, 70
Trd, 4318564.993, 73
Trd, 4318565.393, 140
Trd, 4318565.993, 64
Trd, 4318566.543, 66
Trd, 4318567.593, 120
Trd, 4318568.193, 108
Trd, 4318568.743, 67
Trd, 4318569.293, 60
Trd, 4318571.343, 60
Trd, 4318571.843, 60
Trd, 4318573.193, 62
Trd, 4318573.443, 62
Trd, 4318573.493, 61
Trd, 4318574.093, 60
Trd, 4318576.993, 60
Trd, 4318577.343, 61
Trd, 4318577.493, 62
Trd, 4318577.643, 61
Trd, 4318577.893, 66
Trd, 4318578.093, 61
Trd, 4318578.543, 72
Trd, 4318578.893, 61
Trd, 4318580.043, 62
Trd, 4318580.743, 61
Trd, 4318582.743, 60
Trd, 4318583.093, 63
Trd, 4318583.493, 67
Trd, 4318583.993, 62
Trd, 4318584.243, 61
Trd, 4318584.943, 79
Trd, 4318587.043, 60
Trd, 4318588.143, 60
Trd, 4318588.643, 60
Trd, 4318590.343, 60
Trd, 4318591.793, 60
Trd, 4318592.143, 60
Trd, 4318592.443, 61
Trd, 4318592.643, 63
Trd, 4318592.743, 65
Trd, 4318593.793, 140
Trd, 4318594.043, 140
Trd, 4318594.343, 140
Trd, 4318595.293, 140
Trd, 4318595.393, 140
Trd, 4318596.143, 140
Trd, 4318597.243, 140
Trd, 4318597.593, 140
Trd, 4318598.343, 61
Trd, 4318598.943, 137
Trd, 4318599.943, 62
Trd, 4318600.693, 140
Trd, 4318600.843, 140
Trd, 4318601.843, 140
Trd, 4318603.243, 140
Trd, 4318603.293, 140
Trd, 4318603.443, 140
Trd, 4318604.043, 140
Trd, 4318605.493, 140
Trd, 4318606.443, 140
Trd, 4318606.943, 139
Trd, 4318607.143, 139
Trd, 4318608.343, 140
Trd, 4318608.543, 140
Trd, 4318608.693, 140
Trd, 4318609.343, 140
Trd, 4318609.393, 138
Trd, 4318609.843, 116
Trd, 4318610.343, 140
Trd, 4318611.143, 60
Trd, 4318611.643, 60
Trd, 4318613.093, 60
Trd, 4318613.443, 61
Trd, 4318615.143, 61
Trd, 4318615.393, 62
Trd, 4318616.943, 60
Trd, 4318617.493, 60
Trd, 4318618.143, 60
Trd, 4318621.193, 60
Trd, 4318621.843, 60
Trd, 4318622.143, 62
Trd, 4318622.293, 63
Trd, 4318623.343, 61
Trd, 4318623.593, 63
Trd, 4318623.943, 64
Trd, 4318624.543, 62
Trd, 4318625.443, 63
Trd, 4318625.593, 62
Trd, 4318625.993, 63
Trd, 4318626.093, 96
Trd, 4318626.743, 60
Trd, 4318627.693, 60
Trd, 4318628.743, 67
Trd, 4318628.793, 66
Trd, 4318629.343, 68
Trd, 4318629.993, 64
Trd, 4318630.393, 68
Trd, 4318631.643, 60
Trd, 4318631.993, 61
Trd, 4318632.793, 64
Trd, 4318633.543, 139
Trd, 4318633.743, 139
Trd, 4318634.093, 139
Trd, 4318634.793, 140
Trd, 4318634.943, 140
Trd, 4318635.843, 139
Trd, 4318637.243, 139
Trd, 4318637.343, 138
Trd, 4318637.643, 134
Trd, 4318638.893, 140
Trd, 4318639.293, 138
Trd, 4318639.543, 138
Trd, 4318640.643, 140
Trd, 4318640.743, 135
Trd, 4318640.843, 74
Trd, 4318641.243, 138
Trd, 4318642.693, 121
Trd, 4318642.893, 84
Trd, 4318644.293, 140
Trd, 4318644.593, 140
Trd, 4318644.693, 76
Trd, 4318645.793, 140
Trd, 4318647.593, 140
Trd, 4318647.643, 140
Trd, 4318647.843, 140
Trd, 4318648.643, 140
Trd, 4318648.743, 140
Trd, 4318649.043, 140
Trd, 4318650.343, 140
Trd, 4318650.593, 140
Trd, 4318651.443, 139
Trd, 4318652.693, 140
Trd, 4318652.893, 139
Trd, 4318653.643, 60
Trd, 4318654.843, 139
Trd, 4318655.393, 65
Trd, 4318655.593, 72
Trd, 4318656.293, 138
Trd, 4318657.393, 60
Trd, 4318657.643, 60
Trd, 4318657.993, 60
Trd, 4318659.243, 60
Trd, 4318660.643, 60
Trd, 4318661.493, 60
Trd, 4318661.843, 64
Trd, 4318661.993, 62
Trd, 4318662.243, 67
Trd, 4318662.343, 73
Trd, 4318662.543, 61
Trd, 4318664.293, 60
Trd, 4318664.843, 62
Trd, 4318664.993, 64
Trd, 4318666.443, 63
Trd, 4318666.943, 62
Trd, 4318667.293, 94
Trd, 4318667.393, 63
Trd, 4318668.193, 97
Trd, 4318668.943, 68
Trd, 4318669.293, 67
Trd, 4318669.593, 68
Trd, 4318670.943, 122
Trd, 4318671.493, 138
Trd, 4318671.543, 137
Trd, 4318672.493, 60
Trd, 4318673.443, 60
Trd, 4318674.943, 61
Trd, 4318675.993, 62
Trd, 4318676.293, 138
Trd, 4318676.893, 140
Trd, 4318676.943, 139
Trd, 4318678.143, 134
Trd, 4318679.693, 136
Trd, 4318680.443, 140
Trd, 4318680.593, 140
Trd, 4318681.043, 138
Trd, 4318681.093, 138
Trd, 4318682.043, 140
Trd, 4318682.293, 139
Trd, 4318682.493, 98
Trd, 4318683.493, 139
Trd, 4318684.293, 140
Trd, 4318685.143, 140
Trd, 4318686.393, 140
Trd, 4318686.443, 139
Trd, 4318686.943, 139
Trd, 4318687.243, 72
Trd, 4318687.893, 98
Trd, 4318687.993, 99
Trd, 4318689.943, 60
Trd, 4318690.243, 60
Trd, 4318690.693, 65
Trd, 4318691.293, 138
Trd, 4318692.593, 68
Trd, 4318692.693, 68
Trd, 4318693.993, 60
Trd, 4318694.743, 60
Trd, 4318695.743, 60
Trd, 4318698.193, 60
Trd, 4318698.543, 60
Trd, 4318698.693, 61
Trd, 4318699.493, 61
Trd, 4318699.943, 62
Trd, 4318700.293, 62
Trd, 4318701.393, 60
Trd, 4318701.943, 62
Trd, 4318703.343, 60
Trd, 4318703.543, 60
Trd, 4318704.093, 62
Trd, 4318704.143, 71
Trd, 4318704.443, 64
Trd, 4318705.393, 68
Trd, 4318705.693, 67
Trd, 4318706.343, 61
Trd, 4318706.543, 90
Trd, 4318707.143, 66
Trd, 4318707.343, 140
Trd, 4318707.693, 137
Trd, 4318708.793, 60
Trd, 4318709.343, 63
Trd, 4318712.293, 60
Trd, 4318713.443, 60
Trd, 4318713.943, 60
Trd, 4318714.043, 61
Trd, 4318714.893, 61
Trd, 4318714.993, 62
Trd, 4318715.193, 66
Trd, 4318715.343, 64
Trd, 4318715.393, 63
Trd, 4318716.243, 140
Trd, 4318716.743, 140
Trd, 4318717.093, 139
Trd, 4318718.693, 129
Trd, 4318719.393, 140
Trd, 4318719.543, 138
Trd, 4318719.643, 100
Trd, 4318720.693, 90
Trd, 4318721.043, 68
Trd, 4318721.643, 106
Trd, 4318722.043, 68
Trd, 4318722.893, 61
Trd, 4318723.143, 61
Trd, 4318723.243, 62
Trd, 4318723.993, 60
Trd, 4318724.243, 60
Trd, 4318725.443, 60
Trd, 4318726.743, 61
Trd, 4318727.293, 61
Trd, 4318728.643, 61
Trd, 4318729.343, 60
Trd, 4318729.493, 63
Trd, 4318731.093, 61
Trd, 4318731.443, 61
Trd, 4318732.193, 64
Trd, 4318734.193, 63
Trd, 4318734.393, 63
Trd, 4318735.393, 62
Trd, 4318735.693, 60
Trd, 4318737.093, 64
Trd, 4318737.343, 65
Trd, 4318738.093, 64
Trd, 4318738.643, 61
Trd, 4318739.043, 74
Trd, 4318739.893, 64
Trd, 4318740.043, 67
Trd, 4318740.193, 77
Trd, 4318741.243, 61
Trd, 4318741.693, 60
Trd, 4318741.743, 61
Trd, 4318742.543, 71
Trd, 4318743.143, 140
Trd, 4318743.393, 139
Trd, 4318745.093, 140
Trd, 4318745.543, 140
Trd, 4318745.643, 138
Trd, 4318747.193, 134
Trd, 4318747.543, 140
Trd, 4318749.043, 140
Trd, 4318749.343, 140
Trd, 4318749.543, 140
Trd, 4318750.093, 139
Trd, 4318750.193, 140
Trd, 4318751.693, 140
Trd, 4318752.143, 140
Trd, 4318752.993, 140
Trd, 4318754.743, 140
Trd, 4318755.393, 140
Trd, 4318755.443, 140
Trd, 4318756.343, 140
Trd, 4318756.543, 139
Trd, 4318756.993, 138
Trd, 4318757.243, 104
Trd, 4318757.693, 99
Trd, 4318758.143, 117
Trd, 4318759.493, 140
Trd, 4318759.993, 140
Trd, 4318760.693, 140
Trd, 4318761.293, 140
Trd, 4318761.593, 140
Trd, 4318761.743, 137
Trd, 4318763.043, 60
Trd, 4318764.843, 60
Trd, 4318766.243, 60
Trd, 4318766.543, 61
Trd, 4318766.893, 62
Trd, 4318767.093, 65
Trd, 4318767.293, 61
Trd, 4318769.893, 60
Trd, 4318770.343, 62
Trd, 4318770.393, 62
Trd, 4318771.143, 65
Trd, 4318771.443, 60
Trd, 4318772.993, 60
Trd, 4318774.293, 60
Trd, 4318774.343, 61
Trd, 4318774.443, 61
Trd, 4318774.493, 70
Trd, 4318774.593, 61
Trd, 4318776.243, 65
Trd, 4318776.793, 62
Trd, 4318777.643, 60
Trd, 4318777.993, 60
Trd, 4318779.943, 60
Trd, 4318780.343, 60
Trd, 4318780.693, 60
Trd, 4318781.543, 64
Trd, 4318783.043, 60
Trd, 4318783.243, 61
Trd, 4318784.593, 60
Trd, 4318784.793, 60
Trd, 4318784.893, 64
Trd, 4318785.843, 62
Trd, 4318785.993, 62
Trd, 4318786.093, 61
Trd, 4318786.393, 63
Trd, 4318787.893, 60
Trd, 4318789.293, 64
Trd, 4318789.343, 66
Trd, 4318790.493, 62
Trd, 4318790.693, 60
Trd, 4318791.093, 89
Trd, 4318791.293, 67
Trd, 4318792.093, 140
Trd, 4318792.143, 139
Trd, 4318793.093, 140
Trd, 4318793.243, 140
Trd, 4318793.943, 138
Trd, 4318794.743, 121
Trd, 4318794.843, 73
Trd, 4318795.743, 140
Trd, 4318796.643, 140
Trd, 4318797.243, 140
Trd, 4318798.243, 140
Trd, 4318799.093, 140
Trd, 4318800.193, 140
Trd, 4318800.243, 139
Trd, 4318800.743, 140
Trd, 4318801.643, 140
Trd, 4318801.743, 140
Trd, 4318802.043, 140
Trd, 4318803.393, 140
Trd, 4318803.693, 140
Trd, 4318804.543, 140
Trd, 4318805.593, 140
Trd, 4318805.693, 140
Trd, 4318806.293, 140
Trd, 4318806.843, 140
Trd, 4318807.093, 130
Trd, 4318807.443, 84
Trd, 4318808.743, 140
Trd, 4318809.693, 140
Trd, 4318810.343, 140
Trd, 4318811.693, 140
Trd, 4318811.793, 140
Trd, 4318812.193, 140
Trd, 4318812.393, 139
Trd, 4318813.843, 140
Trd, 4318813.993, 139
Trd, 4318814.043, 138
Trd, 4318814.093, 138
Trd, 4318815.393, 61
Trd, 4318816.893, 140
Trd, 4318818.243, 140
Trd, 4318818.443, 140
Trd, 4318819.343, 140
Trd, 4318820.093, 140
Trd, 4318820.443, 140
Trd, 4318821.043, 140
Trd, 4318821.793, 139
Trd, 4318822.043, 140
Trd, 4318822.443, 139
Trd, 4318823.293, 140
Trd, 4318823.343, 93
Trd, 4318824.293, 134
Trd, 4318824.993, 140
Trd, 4318826.543, 60
Trd, 4318826.893, 61
Trd, 4318828.543, 60
Trd, 4318829.893, 60
Trd, 4318829.993, 61
Trd, 4318830.143, 63
Trd, 4318831.093, 64
Trd, 4318831.393, 72
Trd, 4318832.293, 62
Trd, 4318832.593, 61
Trd, 4318833.343, 62
Trd, 4318833.543, 62
Trd, 4318833.843, 66
Trd, 4318833.893, 70
Trd, 4318834.593, 63
Trd, 4318835.793, 62
Trd, 4318837.443, 61
Trd, 4318838.443, 61
Trd, 4318839.343, 61
Trd, 4318840.043, 61
Trd, 4318840.393, 61
Trd, 4318840.443, 64
Trd, 4318841.043, 61
Trd, 4318841.493, 61
Trd, 4318841.643, 63
Trd, 4318842.193, 61
Trd, 4318843.143, 60
Trd, 4318843.693, 61
Trd, 4318844.993, 64
Trd, 4318845.393, 64
Trd, 4318845.643, 68
Trd, 4318846.043, 67
Trd, 4318846.193, 62
Trd, 4318847.343, 122
Trd, 4318848.493, 66
Trd, 4318849.143, 63
Trd, 4318849.693, 60
Trd, 4318850.043, 83
Trd, 4318851.193, 61
Trd, 4318851.493, 66
Trd, 4318852.643, 60
Trd, 4318853.543, 139
Trd, 4318853.843, 137
Trd, 4318854.143, 140
Trd, 4318855.343, 66
Trd, 4318856.443, 140
Trd, 4318857.493, 140
Trd, 4318857.593, 139
Trd, 4318857.793, 139
Trd, 4318857.993, 95
Trd, 4318858.443, 66
Trd, 4318859.043, 139
Trd, 4318859.243, 137
Trd, 4318859.843, 64
Trd, 4318860.793, 61
Trd, 4318862.593, 60
Trd, 4318863.943, 60
Trd, 4318865.093, 60
Trd, 4318865.143, 60
Trd, 4318867.393, 60
Trd, 4318867.943, 60
Trd, 4318867.993, 60
Trd, 4318868.193, 62
Trd, 4318868.443, 64
Trd, 4318869.193, 61
Trd, 4318869.443, 62
Trd, 4318869.843, 71
Trd, 4318869.893, 64
Trd, 4318870.493, 66
Trd, 4318870.693, 83
Trd, 4318871.643, 62
Trd, 4318873.293, 60
Trd, 4318874.193, 60
Trd, 4318874.843, 61
Trd, 4318875.743, 63
Trd, 4318876.043, 70
Trd, 4318876.943, 71
Trd, 4318877.593, 72
Trd, 4318878.043, 60
Trd, 4318878.993, 67
Trd, 4318879.743, 62
Trd, 4318879.943, 61
Trd, 4318880.243, 62
Trd, 4318881.593, 61
Trd, 4318882.393, 60
Trd, 4318882.793, 60
Trd, 4318884.293, 61
Trd, 4318884.393, 63
Trd, 4318886.543, 60
Trd, 4318886.793, 66
Trd, 4318887.043, 60
Trd, 4318887.243, 66
Trd, 4318888.643, 61
Trd, 4318889.693, 60
Trd, 4318890.093, 61
Trd, 4318890.193, 63
Trd, 4318890.693, 61
Trd, 4318890.793, 62
Trd, 4318891.443, 65
Trd, 4318892.393, 100
Trd, 4318893.893, 60
Trd, 4318894.143, 63
Trd, 4318895.993, 62
Trd, 4318896.843, 62
Trd, 4318898.443, 61
Trd, 4318898.943, 61
Trd, 4318898.993, 62
Trd, 4318899.743, 61
Trd, 4318900.293, 61
Trd, 4318901.743, 140
Trd, 4318902.243, 140
Trd, 4318902.343, 140
Trd, 4318902.693, 140
Trd, 4318903.143, 140
Trd, 4318903.393, 140
Trd, 4318904.293, 137
Trd, 4318904.993, 73
Trd, 4318905.443, 90
Trd, 4318905.543, 135
Trd, 4318905.843, 62
Trd, 4318906.843, 64
Trd, 4318908.043, 60
Trd, 4318908.243, 62
Trd, 4318909.643, 62
Trd, 4318909.793, 63
Trd, 4318910.743, 68
Trd, 4318910.843, 67
Trd, 4318911.693, 70
Trd, 4318912.043, 89
Trd, 4318912.843, 72
Trd, 4318913.043, 139
Trd, 4318913.443, 140
Trd, 4318913.893, 140
Trd, 4318914.393, 69
Trd, 4318916.193, 61
Trd, 4318916.343, 63
Trd, 4318916.593, 61
Trd, 4318917.043, 81
Trd, 4318919.143, 60
Trd, 4318919.243, 61
Trd, 4318919.543, 60
Trd, 4318920.393, 61
Trd, 4318920.993, 63
Trd, 4318921.543, 64
Trd, 4318921.843, 65
Trd, 4318922.043, 66
Trd, 4318923.843, 60
Trd, 4318925.343, 60
Trd, 4318926.493, 61
Trd, 4318927.443, 61
Trd, 4318927.743, 60
Trd, 4318928.493, 62
Trd, 4318928.793, 63
Trd, 4318929.293, 65
Trd, 4318930.743, 60
Trd, 4318931.093, 60
Trd, 4318934.093, 60
Trd, 4318934.143, 60
Trd, 4318934.943, 61
Trd, 4318935.243, 61
Trd, 4318935.343, 66
Trd, 4318935.693, 62
Trd, 4318935.943, 94
Trd, 4318936.343, 65
Trd, 4318936.843, 139
Trd, 4318937.893, 140
Trd, 4318938.643, 140
Trd, 4318940.243, 140
Trd, 4318940.293, 139
Trd, 4318941.043, 139
Trd, 4318941.743, 140
Trd, 4318942.093, 101
Trd, 4318943.093, 139
Trd, 4318943.593, 140
Trd, 4318944.443, 108
Trd, 4318945.093, 139
Trd, 4318945.643, 138
Trd, 4318945.693, 105
Trd, 4318947.543, 139
Trd, 4318947.643, 137
Trd, 4318948.193, 107
Trd, 4318948.343, 106
Trd, 4318948.943, 84
Trd, 4318949.943, 65
Trd, 4318950.293, 64
Trd, 4318950.643, 86
Trd, 4318952.193, 60
Trd, 4318952.893, 69
Trd, 4318953.543, 60
Trd, 4318953.593, 60
Trd, 4318954.743, 139
Trd, 4318955.293, 136
Trd, 4318956.093, 140
Trd, 4318956.993, 140
Trd, 4318957.143, 140
Trd, 4318957.743, 140
Trd, 4318958.543, 140
Trd, 4318959.593, 140
Trd, 4318961.343, 140
Trd, 4318961.843, 140
Trd, 4318962.693, 140
Trd, 4318962.993, 140
Trd, 4318963.593, 140
Trd, 4318964.243, 140
Trd, 4318964.293, 140
Trd, 4318965.093, 139
Trd, 4318966.143, 140
Trd, 4318966.393, 123
Trd, 4318967.093, 139
Trd, 4318967.443, 134
Trd, 4318967.493, 122
Trd, 4318968.243, 139
Trd, 4318968.293, 99
Trd, 4318970.043, 60
Trd, 4318971.593, 61
Trd, 4318971.693, 64
Trd, 4318972.193, 65
Trd, 4318972.593, 63
Trd, 4318973.843, 60
Trd, 4318974.093, 61
Trd, 4318974.743, 63
Trd, 4318977.143, 60
Trd, 4318978.093, 60
Trd, 4318978.343, 62
Trd, 4318978.743, 61
Trd, 4318979.343, 82
Trd, 4318979.593, 83
Trd, 4318980.143, 137
Trd, 4318980.643, 137
Trd, 4318980.993, 140
Trd, 4318981.493, 139
Trd, 4318982.393, 140
Trd, 4318983.593, 140
Trd, 4318984.643, 140
Trd, 4318985.293, 140
Trd, 4318985.593, 140
Trd, 4318985.743, 140
Trd, 4318986.543, 139
Trd, 4318987.593, 140
Trd, 4318988.143, 99
Trd, 4318988.993, 100
Trd, 4318989.293, 139
Trd, 4318989.543, 101
Trd, 4318990.743, 140
Trd, 4318991.443, 139
Trd, 4318992.993, 140
Trd, 4318993.093, 140
Trd, 4318994.543, 138
Trd, 4318995.093, 115
Trd, 4318995.843, 113
Trd, 4318996.243, 136
Trd, 4318996.893, 106
Trd, 4318997.743, 62
Trd, 4318997.943, 63
Trd, 4318998.843, 140
Trd, 4318998.943, 140
Trd, 4318999.193, 136
Trd, 4318999.343, 140
Trd, 4319000.443, 140
Trd, 4319000.743, 139
Trd, 4319001.293, 139
Trd, 4319001.643, 71
Trd, 4319003.643, 61
Trd, 4319004.243, 65
Trd, 4319004.543, 65
Trd, 4319004.993, 62
Trd, 4319006.043, 61
Trd, 4319006.443, 62
Trd, 4319006.843, 60
Trd, 4319007.943, 62
Trd, 4319009.043, 62
Trd, 4319009.993, 60
Trd, 4319010.243, 61
Trd, 4319010.493, 63
Trd, 4319010.843, 67
Trd, 4319011.343, 99
Trd, 4319012.193, 140
Trd, 4319013.093, 92
Trd, 4319013.343, 91
Trd, 4319014.543, 140
Trd, 4319015.493, 140
Trd, 4319016.543, 140
Trd, 4319016.593, 140
Trd, 4319017.093, 140
Trd, 4319017.343, 140
Trd, 4319018.393, 140
Trd, 4319018.643, 140
Trd, 4319018.793, 104
Trd, 4319019.193, 103
Trd, 4319021.043, 140
Trd, 4319022.693, 140
Trd, 4319022.743, 140
Trd, 4319022.993, 140
Trd, 4319023.093, 140
Trd, 4319023.943, 107
Trd, 4319024.093, 89
Trd, 4319024.993, 75
Trd, 4319025.493, 76
Trd, 4319025.593, 127
Trd, 4319027.993, 60
Trd, 4319028.043, 60
Trd, 4319028.443, 60
Trd, 4319029.393, 61
Trd, 4319031.143, 60
Trd, 4319031.293, 60
Trd, 4319031.993, 60
Trd, 4319032.193, 62
Trd, 4319033.043, 60
Trd, 4319033.543, 64
Trd, 4319035.093, 60
Trd, 4319035.193, 60
Trd, 4319035.443, 60
Trd, 4319036.393, 64
Trd, 4319036.843, 65
Trd, 4319036.893, 65
Trd, 4319038.143, 60
Trd, 4319040.343, 61
Trd, 4319040.643, 61
Trd, 4319041.343, 61
Trd, 4319042.093, 64
Trd, 4319044.443, 61
Trd, 4319044.943, 60
Trd, 4319046.043, 60
Trd, 4319046.143, 60
Trd, 4319048.293, 61
Trd, 4319048.493, 63
Trd, 4319048.793, 68
Trd, 4319049.593, 65
Trd, 4319050.643, 61
Trd, 4319050.893, 62
Trd, 4319051.093, 61
Trd, 4319051.143, 60
Trd, 4319051.243, 64
Trd, 4319052.193, 71
Trd, 4319053.743, 139
Trd, 4319055.143, 61
Trd, 4319056.593, 64
Trd, 4319057.043, 62
Trd, 4319057.093, 65
Trd, 4319057.893, 65
Trd, 4319058.143, 68
Trd, 4319058.693, 66
Trd, 4319058.843, 65
Trd, 4319059.193, 140
Trd, 4319060.893, 121
Trd, 4319061.093, 119
Trd, 4319061.143, 73
Trd, 4319062.043, 60
Trd, 4319063.093, 65
Trd, 4319063.443, 60
Trd, 4319064.343, 140
Trd, 4319064.543, 140
Trd, 4319064.693, 135
Trd, 4319064.993, 118
Trd, 4319066.493, 60
Trd, 4319066.993, 60
Trd, 4319067.693, 62
Trd, 4319068.643, 69
Trd, 4319068.843, 66
Trd, 4319069.743, 67
Trd, 4319070.443, 140
Trd, 4319071.393, 140
Trd, 4319071.793, 140
Trd, 4319071.993, 136
Trd, 4319072.143, 122
Trd, 4319073.543, 138
Trd, 4319073.893, 66
Trd, 4319074.643, 80
Trd, 4319075.643, 94
Trd, 4319075.693, 95
Trd, 4319076.643, 139
Trd, 4319076.993, 140
Trd, 4319077.343, 88
Trd, 4319079.193, 63
Trd, 4319080.193, 60
Trd, 4319080.793, 62
Trd, 4319081.143, 62
Trd, 4319081.443, 61
Trd, 4319081.743, 65
Trd, 4319082.643, 67
Trd, 4319082.893, 74
Trd, 4319083.193, 62
Trd, 4319083.243, 61
Trd, 4319084.343, 139
Trd, 4319084.693, 140
Trd, 4319086.443, 66
Trd, 4319087.243, 62
Trd, 4319087.443, 64
Trd, 4319087.743, 60
Trd, 4319088.293, 64
Trd, 4319088.893, 61
Trd, 4319088.993, 69
Trd, 4319089.393, 121
Trd, 4319089.443, 137
Trd, 4319091.693, 140
Trd, 4319092.143, 140
Trd, 4319092.493, 140
Trd, 4319092.943, 140
Trd, 4319093.643, 105
Trd, 4319093.743, 104
Trd, 4319095.493, 62
Trd, 4319096.693, 67
Trd, 4319098.043, 60
Trd, 4319098.393, 61
Trd, 4319098.643, 61
Trd, 4319099.943, 62
Trd, 4319100.693, 60
Trd, 4319100.793, 60
Trd, 4319101.243, 60
Trd, 4319101.643, 65
Trd, 4319102.293, 79
Trd, 4319102.943, 61
Trd, 4319104.143, 60
Trd, 4319104.943, 62
Trd, 4319106.093, 63
Trd, 4319106.143, 64
Trd, 4319106.693, 64
Trd, 4319107.143, 73
Trd, 4319107.343, 64
Trd, 4319107.843, 140
Trd, 4319107.943, 140
Trd, 4319108.943, 140
Trd, 4319109.093, 139
Trd, 4319110.643, 140
Trd, 4319110.843, 140
Trd, 4319112.743, 140
Trd, 4319113.343, 140
Trd, 4319114.443, 139
Trd, 4319114.843, 98
Trd, 4319114.993, 78
Trd, 4319115.543, 138
Trd, 4319115.693, 139
Trd, 4319116.093, 61
Trd, 4319117.143, 139
Trd, 4319118.493, 62
Trd, 4319119.143, 63
Trd, 4319121.143, 63
Trd, 4319121.293, 63
Trd, 4319122.193, 63
Trd, 4319122.343, 64
Trd, 4319123.393, 61
Trd, 4319124.493, 61
Trd, 4319125.143, 61
Trd, 4319125.343, 60
Trd, 4319125.893, 62
Trd, 4319125.993, 67
Trd, 4319126.393, 61
Trd, 4319127.043, 78
Trd, 4319128.143, 69
Trd, 4319129.093, 73
Trd, 4319129.193, 70
Trd, 4319130.193, 138
Trd, 4319130.343, 136
Trd, 4319130.743, 120
Trd, 4319132.593, 140
Trd, 4319132.743, 140
Trd, 4319134.493, 140
Trd, 4319134.743, 140
Trd, 4319135.443, 140
Trd, 4319135.693, 140
Trd, 4319136.243, 140
Trd, 4319136.293, 135
Trd, 4319137.093, 140
Trd, 4319137.293, 136
Trd, 4319139.243, 130
Trd, 4319139.993, 84
Trd, 4319140.493, 140
Trd, 4319140.893, 140
Trd, 4319141.393, 139
Trd, 4319141.793, 83
Trd, 4319142.493, 100
Trd, 4319142.843, 60
Trd, 4319145.043, 62
Trd, 4319145.643, 65
Trd, 4319145.743, 66
Trd, 4319145.893, 64
Trd, 4319145.993, 65
Trd, 4319146.193, 63
Trd, 4319146.293, 139
Trd, 4319147.343, 63
Trd, 4319148.193, 64
Trd, 4319149.043, 138
Trd, 4319149.193, 136
Trd, 4319149.893, 63
Trd, 4319150.643, 140
Trd, 4319151.843, 140
Trd, 4319151.943, 140
Trd, 4319153.043, 75
Trd, 4319153.843, 60
Trd, 4319154.643, 140
Trd, 4319155.143, 140
Trd, 4319155.943, 131
Trd, 4319156.593, 61
Trd, 4319157.693, 60
Trd, 4319158.093, 60
Trd, 4319158.493, 61
Trd, 4319159.643, 60
Trd, 4319159.793, 60
Trd, 4319159.943, 61
Trd, 4319160.543, 63
Trd, 4319161.043, 64
Trd, 4319164.643, 60
Trd, 4319164.843, 60
Trd, 4319166.493, 62
Trd, 4319166.793, 60
Trd, 4319167.043, 64
Trd, 4319167.093, 66
Trd, 4319167.493, 68
Trd, 4319168.843, 60
Trd, 4319169.143, 60
Trd, 4319169.693, 69
Trd, 4319169.793, 85
Trd, 4319171.443, 76
Trd, 4319171.693, 70
Trd, 4319171.843, 67
Trd, 4319173.193, 62
Trd, 4319174.193, 62
Trd, 4319175.393, 61
Trd, 4319175.643, 60
Trd, 4319176.293, 60
Trd, 4319177.343, 60
Trd, 4319178.143, 60
Trd, 4319178.243, 60
Trd, 4319178.793, 60
Trd, 4319179.243, 60
Trd, 4319179.393, 61
Trd, 4319179.943, 61
Trd, 4319180.643, 62
Trd, 4319181.143, 66
Trd, 4319181.443, 61
Trd, 4319182.043, 60
Trd, 4319182.443, 63
Trd, 4319182.643, 64
Trd, 4319184.243, 60
Trd, 4319185.293, 93
Trd, 4319185.643, 64
Trd, 4319185.993, 65
Trd, 4319186.043, 75
Trd, 4319187.743, 60
Trd, 4319188.093, 60
Trd, 4319188.393, 65
Trd, 4319189.093, 114
Trd, 4319191.443, 63
Trd, 4319193.893, 61
Trd, 4319194.343, 61
Trd, 4319195.043, 64
Trd, 4319195.143, 66
Trd, 4319195.343, 64
Trd, 4319195.543, 61
Trd, 4319195.643, 61
Trd, 4319196.693, 60
Trd, 4319197.543, 140
Trd, 4319197.643, 139
Trd, 4319197.793, 69
Trd, 4319199.943, 140
Trd, 4319200.693, 140
Trd, 4319200.893, 140
Trd, 4319201.093, 140
Trd, 4319201.593, 62
Trd, 4319201.993, 63
Trd, 4319203.043, 60
Trd, 4319203.893, 65
Trd, 4319204.393, 62
Trd, 4319205.093, 60
Trd, 4319205.843, 61
Trd, 4319206.643, 62
Trd, 4319206.793, 60
Trd, 4319207.493, 65
Trd, 4319208.093, 60
Trd, 4319209.043, 61
Trd, 4319209.093, 60
Trd, 4319210.643, 63
Trd, 4319211.143, 81
Trd, 4319211.843, 139
Trd, 4319211.893, 138
Trd, 4319212.743, 140
Trd, 4319213.043, 140
Trd, 4319213.843, 140
Trd, 4319214.593, 140
Trd, 4319214.693, 140
Trd, 4319215.193, 140
Trd, 4319215.743, 140
Trd, 4319216.593, 140
Trd, 4319216.693, 140
Trd, 4319217.443, 140
Trd, 4319217.793, 140
Trd, 4319217.893, 140
Trd, 4319219.593, 140
Trd, 4319220.243, 140
Trd, 4319220.993, 140
Trd, 4319222.243, 140
Trd, 4319222.693, 140
Trd, 4319222.893, 140
Trd, 4319222.993, 136
Trd, 4319223.843, 138
Trd, 4319224.093, 122
Trd, 4319226.143, 85
Trd, 4319226.443, 140
Trd, 4319227.043, 140
Trd, 4319227.343, 140
Trd, 4319227.393, 140
Trd, 4319227.943, 140
Trd, 4319228.143, 140
Trd, 4319231.143, 140
Trd, 4319231.193, 140
Trd, 4319231.493, 140
Trd, 4319232.143, 140
Trd, 4319233.193, 140
Trd, 4319234.243, 76
Trd, 4319234.443, 70
Trd, 4319234.593, 74
Trd, 4319234.793, 66
Trd, 4319235.693, 140
Trd, 4319237.143, 139
Trd, 4319237.543, 71
Trd, 4319238.593, 65
Trd, 4319239.143, 60
Trd, 4319239.493, 61
Trd, 4319240.593, 60
Trd, 4319242.143, 62
Trd, 4319242.243, 64
Trd, 4319242.493, 74
Trd, 4319243.693, 63
Trd, 4319244.743, 65
Trd, 4319245.443, 69
Trd, 4319245.493, 69
Trd, 4319246.393, 67
Trd, 4319246.543, 69
Trd, 4319246.793, 65
Trd, 4319247.143, 61
Trd, 4319248.143, 62
Trd, 4319248.243, 63
Trd, 4319248.843, 139
Trd, 4319250.093, 65
Trd, 4319250.243, 63
Trd, 4319250.743, 69
Trd, 4319251.693, 88
Trd, 4319253.093, 139
Trd, 4319253.193, 136
Trd, 4319253.843, 109
Trd, 4319254.343, 117
Trd, 4319255.343, 140
Trd, 4319256.543, 120
Trd, 4319256.643, 120
Trd, 4319257.293, 118
Trd, 4319258.093, 120
Trd, 4319258.893, 140
Trd, 4319259.193, 140
Trd, 4319259.443, 140
Trd, 4319260.093, 139
Trd, 4319260.243, 139
Trd, 4319262.093, 140
Trd, 4319262.743, 140
Trd, 4319263.193, 137
Trd, 4319263.443, 136
Trd, 4319263.843, 139
Trd, 4319265.193, 94
Trd, 4319266.493, 140
Trd, 4319267.043, 140
Trd, 4319267.143, 140
Trd, 4319268.393, 140
Trd, 4319269.543, 61
Trd, 4319271.543, 140
Trd, 4319272.243, 140
Trd, 4319272.693, 140
Trd, 4319272.943, 140
Trd, 4319273.343, 140
Trd, 4319274.493, 140
Trd, 4319275.193, 140
Trd, 4319275.793, 140
Trd, 4319276.193, 140
Trd, 4319276.243, 140
Trd, 4319276.443, 86
Trd, 4319277.343, 102
Trd, 4319278.093, 103
Trd, 4319279.393, 140
Trd, 4319280.593, 140
Trd, 4319280.993, 140
Trd, 4319281.443, 140
Trd, 4319281.743, 139
Trd, 4319282.593, 140
Trd, 4319283.293, 140
Trd, 4319284.193, 140
Trd, 4319284.693, 140
Trd, 4319284.793, 140
Trd, 4319284.893, 138
Trd, 4319285.393, 62
Trd, 4319285.493, 63
Trd, 4319286.543, 63
Trd, 4319286.743, 70
Trd, 4319287.243, 60
Trd, 4319287.893, 60
Trd, 4319290.243, 66
Trd, 4319290.543, 62
Trd, 4319291.443, 64
Trd, 4319292.843, 67
Trd, 4319293.093, 64
Trd, 4319293.993, 61
Trd, 4319294.593, 61
Trd, 4319295.093, 62
Trd, 4319295.643, 62
Trd, 4319295.893, 61
Trd, 4319297.243, 61
Trd, 4319297.743, 64
Trd, 4319299.293, 60
Trd, 4319299.593, 60
Trd, 4319300.693, 60
Trd, 4319302.193, 63
Trd, 4319303.293, 64
Trd, 4319303.943, 63
Trd, 4319303.993, 64
Trd, 4319304.443, 63
Trd, 4319304.743, 64
Trd, 4319304.943, 65
Trd, 4319305.243, 63
Trd, 4319306.193, 140
Trd, 4319306.843, 140
Trd, 4319308.093, 140
Trd, 4319308.243, 140
Trd, 4319308.743, 64
Trd, 4319310.143, 140
Trd, 4319310.343, 140
Trd, 4319310.593, 140
Trd, 4319310.943, 140
Trd, 4319312.343, 140
Trd, 4319313.143, 140
Trd, 4319313.943, 140
Trd, 4319314.193, 140
Trd, 4319314.343, 140
Trd, 4319314.993, 139
Trd, 4319315.593, 137
Trd, 4319317.843, 140
Trd, 4319317.993, 140
Trd, 4319318.793, 140
Trd, 4319319.143, 138
Trd, 4319319.193, 137
Trd, 4319320.143, 140
Trd, 4319320.993, 140
Trd, 4319322.243, 140
Trd, 4319322.493, 126
Trd, 4319322.793, 125
Trd, 4319323.193, 123
Trd, 4319325.193, 60
Trd, 4319325.293, 60
Trd, 4319325.393, 61
Trd, 4319326.243, 60
Trd, 4319326.793, 140
Trd, 4319327.093, 140
Trd, 4319327.343, 140
Trd, 4319328.943, 140
Trd, 4319329.393, 140
Trd, 4319329.443, 140
Trd, 4319330.593, 140
Trd, 4319331.343, 140
Trd, 4319332.843, 140
Trd, 4319333.243, 140
Trd, 4319333.343, 139
Trd, 4319333.443, 136
Trd, 4319334.843, 101
Trd, 4319335.193, 101
Trd, 4319336.443, 140
Trd, 4319336.843, 140
Trd, 4319337.093, 139
Trd, 4319338.443, 140
Trd, 4319338.693, 133
Trd, 4319339.793, 140
Trd, 4319340.193, 140
Trd, 4319340.293, 140
Trd, 4319340.393, 94
Trd, 4319340.943, 140
Trd, 4319341.393, 93
Trd, 4319342.543, 76
Trd, 4319343.143, 60
Trd, 4319343.793, 140
Trd, 4319344.393, 139
Trd, 4319344.693, 139
Trd, 4319346.743, 140
Trd, 4319347.343, 140
Trd, 4319347.593, 140
Trd, 4319348.143, 140
Trd, 4319348.743, 140
Trd, 4319349.143, 137
Trd, 4319349.693, 63
Trd, 4319350.043, 62
Trd, 4319350.293, 80
Trd, 4319353.193, 140
Trd, 4319353.343, 140
Trd, 4319353.443, 139
Trd, 4319354.343, 140
Trd, 4319355.543, 140
Trd, 4319355.943, 140
Trd, 4319356.043, 126
Trd, 4319356.693, 140
Trd, 4319358.293, 140
Trd, 4319358.493, 140
Trd, 4319358.593, 140
Trd, 4319358.993, 111
Trd, 4319359.343, 72
Trd, 4319359.893, 134
Trd, 4319360.793, 60
Trd, 4319361.043, 72
Trd, 4319362.243, 60
Trd, 4319362.493, 60
Trd, 4319363.393, 60
Trd, 4319365.143, 60
Trd, 4319365.243, 65
Trd, 4319366.593, 63
Trd, 4319367.693, 64
Trd, 4319367.843, 83
Trd, 4319368.993, 61
Trd, 4319369.843, 60
Trd, 4319370.043, 60
Trd, 4319370.693, 61
Trd, 4319371.243, 65
Trd, 4319371.293, 62
Trd, 4319371.543, 65
Trd, 4319372.593, 140
Trd, 4319372.643, 140
Trd, 4319373.293, 138
Trd, 4319374.393, 140
Trd, 4319374.543, 138
Trd, 4319374.893, 111
Trd, 4319375.543, 139
Trd, 4319375.943, 140
Trd, 4319376.243, 140
Trd, 4319376.843, 140
Trd, 4319378.143, 140
Trd, 4319378.443, 140
Trd, 4319379.743, 140
Trd, 4319379.843, 140
Trd, 4319380.193, 139
Trd, 4319380.993, 140
Trd, 4319382.343, 139
Trd, 4319382.843, 140
Trd, 4319383.143, 70
Trd, 4319383.943, 61
Trd, 4319384.193, 63
Trd, 4319384.293, 67
Trd, 4319385.993, 61
Trd, 4319386.193, 61
Trd, 4319387.743, 139
Trd, 4319388.393, 66
Trd, 4319388.593, 65
Trd, 4319388.793, 76
Trd, 4319389.193, 61
Trd, 4319390.143, 104
Trd, 4319390.193, 132
Trd, 4319391.193, 67
Trd, 4319391.343, 69
Trd, 4319392.693, 62
Trd, 4319393.043, 63
Trd, 4319393.593, 73
Trd, 4319395.343, 61
Trd, 4319395.793, 61
Trd, 4319396.143, 60
Trd, 4319396.493, 61
Trd, 4319397.793, 60
Trd, 4319399.293, 61
Trd, 4319400.243, 63
Trd, 4319400.643, 61
Trd, 4319401.193, 61
Trd, 4319401.493, 60
Trd, 4319401.743, 60
Trd, 4319402.943, 62
Trd, 4319403.193, 61
Trd, 4319404.093, 61
Trd, 4319404.293, 63
Trd, 4319404.593, 68
Trd, 4319406.493, 68
Trd, 4319406.743, 140
Trd, 4319407.743, 140
Trd, 4319408.093, 140
Trd, 4319408.243, 139
Trd, 4319408.593, 140
Trd, 4319408.793, 140
Trd, 4319409.443, 96
Trd, 4319410.193, 139
Trd, 4319410.693, 140
Trd, 4319412.543, 140
Trd, 4319413.393, 140
Trd, 4319413.743, 77
Trd, 4319414.043, 139
Trd, 4319414.693, 140
Trd, 4319414.793, 140
Trd, 4319415.243, 109
Trd, 4319415.843, 109
Trd, 4319416.243, 90
Trd, 4319416.443, 67
Trd, 4319416.693, 67
Trd, 4319417.393, 139
Trd, 4319418.943, 62
Trd, 4319419.193, 63
Trd, 4319420.793, 62
Trd, 4319421.193, 61
Trd, 4319422.143, 80
Trd, 4319423.743, 62
Trd, 4319423.893, 63
Trd, 4319425.093, 60
Trd, 4319425.893, 62
Trd, 4319426.093, 60
Trd, 4319426.543, 63
Trd, 4319426.693, 65
Trd, 4319426.843, 66
Trd, 4319427.193, 66
Trd, 4319429.243, 62
Trd, 4319430.593, 60
Trd, 4319430.893, 62
Trd, 4319433.343, 60
Trd, 4319433.793, 61
Trd, 4319434.543, 60
Trd, 4319434.693, 61
Trd, 4319434.893, 63
Trd, 4319435.443, 65
Trd, 4319435.543, 66
Trd, 4319436.843, 66
Trd, 4319437.143, 70
Trd, 4319437.443, 68
Trd, 4319438.443, 65
Trd, 4319438.643, 60
Trd, 4319439.493, 79
Trd, 4319441.493, 61
Trd, 4319441.743, 61
Trd, 4319442.843, 60
Trd, 4319443.143, 60
Trd, 4319443.843, 60
Trd, 4319444.143, 61
Trd, 4319445.693, 61
Trd, 4319448.393, 60
Trd, 4319448.593, 60
Trd, 4319448.743, 61
Trd, 4319449.493, 65
Trd, 4319450.643, 62
Trd, 4319450.793, 65
Trd, 4319451.443, 64
Trd, 4319452.393, 80
Trd, 4319452.943, 67
Trd, 4319453.393, 65
Trd, 4319453.443, 66
Trd, 4319453.843, 84
Trd, 4319455.643, 61
Trd, 4319458.243, 64
Trd, 4319458.943, 61
Trd, 4319459.393, 62
Trd, 4319459.443, 63
Trd, 4319459.543, 66
Trd, 4319460.543, 64
Trd, 4319460.993, 62
Trd, 4319462.443, 64
Trd, 4319462.693, 60
Trd, 4319462.743, 62
Trd, 4319464.093, 64
Trd, 4319464.743, 65
Trd, 4319464.993, 63
Trd, 4319466.993, 61
Trd, 4319467.343, 61
Trd, 4319467.693, 60
Trd, 4319468.393, 61
Trd, 4319468.443, 65
Trd, 4319469.993, 60
Trd, 4319471.343, 60
Trd, 4319471.693, 61
Trd, 4319472.243, 80
Trd, 4319472.343, 87
Trd, 4319472.543, 67
Trd, 4319472.943, 65
Trd, 4319473.143, 63
Trd, 4319474.193, 140
Trd, 4319476.193, 60
Trd, 4319477.793, 60
Trd, 4319478.693, 62
Trd, 4319478.793, 63
Trd, 4319479.143, 62
Trd, 4319480.143, 60
Trd, 4319480.443, 60
Trd, 4319481.093, 61
Trd, 4319481.693, 60
Trd, 4319481.843, 60
Trd, 4319481.893, 60
Trd, 4319481.943, 60
Trd, 4319482.643, 61
Trd, 4319482.943, 73
Trd, 4319483.143, 69
Trd, 4319484.793, 89
Trd, 4319486.243, 92
Trd, 4319486.643, 92
Trd, 4319487.143, 140
Trd, 4319488.193, 140
Trd, 4319488.293, 137
Trd, 4319488.693, 130
Trd, 4319489.343, 103
Trd, 4319489.543, 65
Trd, 4319490.343, 61
Trd, 4319492.243, 68
Trd, 4319493.493, 60
Trd, 4319493.693, 62
Trd, 4319494.493, 60
Trd, 4319494.643, 61
Trd, 4319494.993, 62
Trd, 4319495.693, 63
Trd, 4319495.893, 64
Trd, 4319497.093, 63
Trd, 4319497.393, 63
Trd, 4319497.593, 84
Trd, 4319498.293, 65
Trd, 4319499.093, 60
Trd, 4319499.643, 60
Trd, 4319501.293, 60
Trd, 4319501.843, 65
Trd, 4319502.293, 65
Trd, 4319503.943, 60
Trd, 4319504.493, 60
Trd, 4319504.943, 61
Trd, 4319505.493, 65
Trd, 4319505.743, 62
Trd, 4319506.393, 61
Trd, 4319506.993, 61
Trd, 4319508.043, 60
Trd, 4319508.393, 61
Trd, 4319509.843, 60
Trd, 4319511.343, 60
Trd, 4319511.393, 63
Trd, 4319512.143, 60
Trd, 4319514.543, 60
Trd, 4319515.243, 60
Trd, 4319515.343, 60
Trd, 4319515.593, 60
Trd, 4319515.693, 61
Trd, 4319515.843, 60
Trd, 4319516.043, 65
Trd, 4319516.343, 110
Trd, 4319517.693, 62
Trd, 4319518.993, 62
Trd, 4319519.393, 61
Trd, 4319519.543, 63
Trd, 4319519.693, 63
Trd, 4319519.743, 64
Trd, 4319521.043, 61
Trd, 4319521.943, 61
Trd, 4319523.843, 60
Trd, 4319523.943, 60
Trd, 4319526.893, 60
Trd, 4319526.943, 61
Trd, 4319527.293, 61
Trd, 4319528.243, 60
Trd, 4319529.443, 60
Trd, 4319529.543, 60
Trd, 4319529.943, 60
Trd, 4319530.243, 60
Trd, 4319530.443, 60
Trd, 4319531.243, 60
Trd, 4319531.343, 63
Trd, 4319531.693, 62
Trd, 4319533.193, 61
Trd, 4319535.143, 60
Trd, 4319535.493, 61
Trd, 4319536.543, 60
Trd, 4319537.393, 60
Trd, 4319537.893, 60
Trd, 4319538.393, 61
Trd, 4319540.993, 60
Trd, 4319541.443, 60
Trd, 4319542.143, 60
Trd, 4319542.243, 60
Trd, 4319543.443, 61
Trd, 4319543.993, 61
Trd, 4319544.143, 63
Trd, 4319544.393, 61
Trd, 4319545.143, 63
Trd, 4319545.943, 107
Trd, 4319546.943, 60
Trd, 4319547.693, 60
Trd, 4319548.843, 62
Trd, 4319549.793, 60
Trd, 4319550.093, 61
Trd, 4319550.143, 63
Trd, 4319551.443, 63
Trd, 4319552.093, 62
Trd, 4319552.743, 62
Trd, 4319553.543, 65
Trd, 4319554.443, 61
Trd, 4319555.543, 62
Trd, 4319556.643, 62
Trd, 4319557.093, 60
Trd, 4319558.593, 60
Trd, 4319559.043, 64
Trd, 4319559.093, 77
Trd, 4319559.293, 139
Trd, 4319559.493, 62
Trd, 4319560.643, 60
Trd, 4319560.793, 60
Trd, 4319562.493, 61
Trd, 4319562.843, 62
Trd, 4319563.343, 60
Trd, 4319564.143, 62
Trd, 4319565.893, 61
Trd, 4319566.943, 60
Trd, 4319567.593, 65
Trd, 4319567.643, 66
Trd, 4319569.343, 60
Trd, 4319569.943, 60
Trd, 4319570.643, 60
Trd, 4319572.293, 60
Trd, 4319572.843, 60
Trd, 4319572.893, 60
Trd, 4319572.943, 75
Trd, 4319574.243, 63
Trd, 4319575.043, 60
Trd, 4319575.193, 64
Trd, 4319576.043, 62
Trd, 4319577.043, 64
Trd, 4319577.343, 61
Trd, 4319579.193, 60
Trd, 4319580.693, 61
Trd, 4319581.493, 62
Trd, 4319582.193, 66
Trd, 4319582.443, 68
Trd, 4319582.943, 70
Trd, 4319583.293, 140
Trd, 4319583.543, 140
Trd, 4319584.043, 140
Trd, 4319584.543, 140
Trd, 4319584.693, 140
Trd, 4319585.143, 140
Trd, 4319585.943, 65
Trd, 4319586.943, 89
Trd, 4319587.243, 90
Trd, 4319587.443, 140
Trd, 4319587.643, 140
Trd, 4319588.443, 117
Trd, 4319589.393, 139
Trd, 4319589.593, 140
Trd, 4319589.943, 90
Trd, 4319591.643, 140
Trd, 4319592.543, 140
Trd, 4319592.943, 140
Trd, 4319593.943, 140
Trd, 4319594.393, 140
Trd, 4319594.993, 140
Trd, 4319595.243, 140
Trd, 4319595.393, 136
Trd, 4319597.793, 140
Trd, 4319597.843, 140
Trd, 4319597.893, 140
Trd, 4319598.443, 140
Trd, 4319599.243, 140
Trd, 4319599.743, 137
Trd, 4319600.793, 138
Trd, 4319600.893, 90
Trd, 4319602.043, 140
Trd, 4319602.593, 140
Trd, 4319602.943, 139
Trd, 4319602.993, 131
Trd, 4319603.393, 67
Trd, 4319604.843, 138
Trd, 4319605.993, 140
Trd, 4319606.193, 140
Trd, 4319606.493, 140
Trd, 4319606.593, 139
Trd, 4319607.443, 68
Trd, 4319609.843, 60
Trd, 4319609.993, 62
Trd, 4319611.043, 60
Trd, 4319612.893, 60
Trd, 4319613.043, 62
Trd, 4319613.143, 62
Trd, 4319613.643, 61
Trd, 4319614.193, 61
Trd, 4319614.293, 63
Trd, 4319615.343, 61
Trd, 4319615.643, 62
Trd, 4319615.743, 99
Trd, 4319616.243, 65
Trd, 4319616.743, 73
Trd, 4319616.893, 66
Trd, 4319617.993, 121
Trd, 4319618.193, 139
Trd, 4319618.743, 68
Trd, 4319619.643, 66
Trd, 4319619.943, 138
Trd, 4319619.993, 137
Trd, 4319621.893, 61
Trd, 4319622.243, 62
Trd, 4319622.893, 62
Trd, 4319623.893, 61
Trd, 4319625.493, 62
Trd, 4319626.043, 66
Trd, 4319627.443, 60
Trd, 4319628.243, 60
Trd, 4319628.543, 60
Trd, 4319628.893, 60
Trd, 4319629.893, 64
Trd, 4319630.293, 60
Trd, 4319630.393, 66
Trd, 4319630.893, 63
Trd, 4319631.143, 60
Trd, 4319631.793, 140
Trd, 4319632.143, 140
Trd, 4319633.393, 139
Trd, 4319633.693, 66
Trd, 4319634.493, 71
Trd, 4319637.643, 60
Trd, 4319638.443, 60
Trd, 4319638.693, 63
Trd, 4319639.243, 64
Trd, 4319639.543, 61
Trd, 4319640.393, 70
Trd, 4319640.493, 68
Trd, 4319640.793, 138
Trd, 4319641.343, 68
Trd, 4319641.543, 66
Trd, 4319641.993, 139
Trd, 4319643.593, 140
Trd, 4319643.643, 139
Trd, 4319644.343, 140
Trd, 4319644.943, 138
Trd, 4319646.093, 138
Trd, 4319646.443, 137
Trd, 4319646.943, 71
Trd, 4319647.143, 128
Trd, 4319647.593, 140
Trd, 4319647.693, 140
Trd, 4319649.643, 140
Trd, 4319651.193, 140
Trd, 4319651.393, 140
Trd, 4319651.843, 139
Trd, 4319652.093, 140
Trd, 4319652.493, 140
Trd, 4319653.193, 140
Trd, 4319653.593, 140
Trd, 4319654.743, 133
Trd, 4319654.843, 132
Trd, 4319654.893, 131
Trd, 4319655.693, 140
Trd, 4319655.843, 126
Trd, 4319657.743, 140
Trd, 4319658.543, 140
Trd, 4319659.293, 140
Trd, 4319659.343, 140
Trd, 4319660.643, 139
Trd, 4319661.093, 138
Trd, 4319661.593, 107
Trd, 4319662.443, 71
Trd, 4319662.843, 66
Trd, 4319663.443, 139
Trd, 4319664.043, 140
Trd, 4319664.893, 140
Trd, 4319664.993, 139
Trd, 4319665.693, 102
Trd, 4319666.793, 139
Trd, 4319666.893, 93
Trd, 4319668.193, 140
Trd, 4319669.493, 140
Trd, 4319669.743, 140
Trd, 4319669.943, 139
Trd, 4319670.493, 136
Trd, 4319670.793, 135
Trd, 4319671.993, 95
Trd, 4319673.193, 139
Trd, 4319673.593, 63
Trd, 4319673.643, 90
Trd, 4319674.243, 139
Trd, 4319675.193, 65
Trd, 4319675.343, 61
Trd, 4319675.943, 60
Trd, 4319677.293, 60
Trd, 4319677.493, 65
Trd, 4319678.843, 60
Trd, 4319679.043, 60
Trd, 4319679.143, 69
Trd, 4319681.243, 60
Trd, 4319681.743, 60
Trd, 4319682.993, 60
Trd, 4319683.393, 61
Trd, 4319683.493, 65
Trd, 4319684.843, 62
Trd, 4319685.193, 75
Trd, 4319686.843, 60
Trd, 4319686.893, 61
Trd, 4319687.793, 62
Trd, 4319689.393, 61
Trd, 4319689.993, 60
Trd, 4319690.043, 62
Trd, 4319690.093, 70
Trd, 4319690.393, 72
Trd, 4319690.743, 140
Trd, 4319691.443, 61
Trd, 4319691.843, 61
Trd, 4319692.543, 140
Trd, 4319692.943, 140
Trd, 4319692.993, 107
Trd, 4319693.993, 63
Trd, 4319697.043, 60
Trd, 4319697.743, 60
Trd, 4319699.243, 61
Trd, 4319699.693, 60
Trd, 4319700.243, 60
Trd, 4319700.443, 62
Trd, 4319700.493, 62
Trd, 4319700.743, 67
Trd, 4319701.393, 61
Trd, 4319702.243, 64
Trd, 4319702.993, 137
Trd, 4319704.593, 72
Trd, 4319704.893, 140
Trd, 4319704.993, 71
Trd, 4319705.143, 140
Trd, 4319705.443, 139
Trd, 4319705.643, 140
Trd, 4319705.743, 70
Trd, 4319707.943, 140
Trd, 4319708.343, 139
Trd, 4319708.843, 126
Trd, 4319709.593, 140
Trd, 4319710.043, 140
Trd, 4319710.843, 140
Trd, 4319710.993, 140
Trd, 4319711.693, 139
Trd, 4319711.893, 140
Trd, 4319712.593, 131
Trd, 4319713.043, 139
Trd, 4319713.593, 137
Trd, 4319713.843, 101
Trd, 4319713.893, 87
Trd, 4319715.243, 60
Trd, 4319717.393, 60
Trd, 4319718.093, 60
Trd, 4319718.743, 60
Trd, 4319719.343, 60
Trd, 4319719.493, 62
Trd, 4319719.693, 64
Trd, 4319720.693, 64
Trd, 4319720.893, 65
Trd, 4319721.293, 65
Trd, 4319722.493, 64
Trd, 4319723.843, 140
Trd, 4319723.993, 140
Trd, 4319724.093, 140
Trd, 4319724.393, 138
Trd, 4319725.243, 113
Trd, 4319725.343, 112
Trd, 4319725.593, 87
Trd, 4319726.243, 61
Trd, 4319727.693, 71
Trd, 4319729.243, 140
Trd, 4319729.593, 139
Trd, 4319729.693, 136
Trd, 4319730.643, 140
Trd, 4319731.793, 140
Trd, 4319731.893, 140
Trd, 4319732.343, 140
Trd, 4319732.593, 139
Trd, 4319732.693, 139
Trd, 4319733.543, 140
Trd, 4319733.693, 139
Trd, 4319734.193, 97
Trd, 4319735.293, 140
Trd, 4319735.493, 65
Trd, 4319736.143, 60
Trd, 4319736.493, 139
Trd, 4319737.493, 62
Trd, 4319737.693, 77
Trd, 4319740.143, 61
Trd, 4319741.193, 60
Trd, 4319741.943, 63
Trd, 4319743.143, 60
Trd, 4319744.193, 60
Trd, 4319744.743, 61
Trd, 4319744.843, 63
Trd, 4319745.243, 62
Trd, 4319745.693, 64
Trd, 4319745.893, 62
Trd, 4319746.243, 64
Trd, 4319747.943, 60
Trd, 4319749.393, 60
Trd, 4319750.193, 63
Trd, 4319750.593, 61
Trd, 4319750.893, 61
Trd, 4319751.043, 62
Trd, 4319752.093, 62
Trd, 4319752.143, 64
Trd, 4319752.293, 61
Trd, 4319753.893, 62
Trd, 4319755.393, 61
Trd, 4319756.293, 60
Trd, 4319757.093, 66
Trd, 4319757.143, 66
Trd, 4319757.493, 67
Trd, 4319758.293, 81
Trd, 4319758.393, 82
Trd, 4319759.043, 68
Trd, 4319759.093, 67
Trd, 4319760.043, 60
Trd, 4319761.393, 63
Trd, 4319762.443, 64
Trd, 4319763.843, 60
Trd, 4319764.993, 61
Trd, 4319765.043, 62
Trd, 4319766.393, 62
Trd, 4319766.593, 62
Trd, 4319766.693, 62
Trd, 4319767.943, 63
Trd, 4319768.543, 66
Trd, 4319768.893, 68
Trd, 4319768.943, 64
Trd, 4319769.393, 61
Trd, 4319769.643, 139
Trd, 4319769.943, 139
Trd, 4319771.493, 60
Trd, 4319772.543, 66
Trd, 4319772.993, 60
Trd, 4319773.093, 60
Trd, 4319774.243, 65
Trd, 4319774.643, 61
Trd, 4319774.743, 140
Trd, 4319775.793, 63
Trd, 4319776.443, 64
Trd, 4319776.793, 64
Trd, 4319777.443, 67
Trd, 4319777.593, 98
Trd, 4319777.993, 66
Trd, 4319778.343, 67
Trd, 4319778.693, 63
Trd, 4319779.143, 69
Trd, 4319782.743, 60
Trd, 4319783.893, 60
Trd, 4319783.943, 60
Trd, 4319784.243, 61
Trd, 4319784.793, 60
Trd, 4319785.443, 62
Trd, 4319786.243, 65
Trd, 4319786.693, 65
Trd, 4319786.743, 64
Trd, 4319787.843, 62
Trd, 4319787.893, 64
Trd, 4319788.193, 64
Trd, 4319789.193, 140
Trd, 4319789.993, 140
Trd, 4319790.293, 140
Trd, 4319790.543, 128
Trd, 4319792.743, 60
Trd, 4319792.793, 60
Trd, 4319792.993, 64
Trd, 4319794.493, 64
Trd, 4319794.743, 66
Trd, 4319795.143, 63
Trd, 4319795.343, 67
Trd, 4319795.593, 61
Trd, 4319796.243, 129
Trd, 4319796.793, 140
Trd, 4319797.143, 140
Trd, 4319797.593, 139
Trd, 4319798.793, 60
Trd, 4319799.343, 60
Trd, 4319801.143, 60
Trd, 4319802.043, 67
Trd, 4319802.293, 62
Trd, 4319802.843, 111
Trd, 4319803.143, 65
Trd, 4319804.293, 100
Trd, 4319804.443, 98
Trd, 4319805.643, 60
Trd, 4319806.093, 60
Trd, 4319806.693, 60
Trd, 4319807.043, 62
Trd, 4319807.443, 63
Trd, 4319808.843, 60
Trd, 4319809.093, 65
Trd, 4319810.293, 140
Trd, 4319811.093, 90
Trd, 4319811.643, 62
Trd, 4319811.843, 75
Trd, 4319812.143, 65
Trd, 4319812.243, 65
Trd, 4319812.343, 64
Trd, 4319813.643, 62
Trd, 4319816.643, 60
Trd, 4319817.593, 60
Trd, 4319817.843, 62
Trd, 4319817.893, 65
Trd, 4319819.193, 60
Trd, 4319820.593, 60
Trd, 4319820.843, 61
Trd, 4319820.943, 61
Trd, 4319821.393, 63
Trd, 4319821.793, 64
Trd, 4319822.293, 61
Trd, 4319823.243, 60
Trd, 4319824.443, 64
Trd, 4319825.343, 61
Trd, 4319825.543, 64
Trd, 4319825.593, 63
Trd, 4319825.693, 92
Trd, 4319827.393, 140
Trd, 4319827.493, 139
Trd, 4319827.693, 140
Trd, 4319827.743, 90
Trd, 4319829.093, 63
Trd, 4319829.143, 68
Trd, 4319829.643, 65
Trd, 4319830.643, 61
Trd, 4319831.243, 76
Trd, 4319832.743, 60
Trd, 4319833.393, 70
Trd, 4319834.893, 60
Trd, 4319835.293, 64
Trd, 4319836.443, 64
Trd, 4319837.093, 60
Trd, 4319838.443, 60
Trd, 4319838.593, 65
Trd, 4319838.893, 70
Trd, 4319839.043, 60
Trd, 4319839.993, 61
Trd, 4319840.343, 60
Trd, 4319840.643, 60
Trd, 4319841.043, 60
Trd, 4319841.293, 62
Trd, 4319841.443, 65
Trd, 4319842.343, 140
Trd, 4319842.593, 139
Trd, 4319842.893, 96
Trd, 4319844.493, 140
Trd, 4319845.493, 140
Trd, 4319845.543, 140
Trd, 4319846.643, 140
Trd, 4319847.143, 140
Trd, 4319847.543, 140
Trd, 4319848.243, 140
Trd, 4319848.293, 139
Trd, 4319848.493, 104
Trd, 4319849.193, 84
Trd, 4319849.643, 80
Trd, 4319850.793, 140
Trd, 4319851.143, 140
Trd, 4319851.393, 139
Trd, 4319851.993, 140
Trd, 4319854.693, 140
Trd, 4319855.143, 140
Trd, 4319855.843, 140
Trd, 4319856.393, 140
Trd, 4319856.793, 140
Trd, 4319857.143, 140
Trd, 4319857.343, 140
Trd, 4319857.543, 139
Trd, 4319858.243, 117
Trd, 4319859.493, 140
Trd, 4319859.793, 140
Trd, 4319859.843, 137
Trd, 4319860.643, 117
Trd, 4319861.893, 139
Trd, 4319862.643, 117
Trd, 4319863.343, 140
Trd, 4319863.793, 80
Trd, 4319866.093, 138
Trd, 4319866.193, 137
Trd, 4319866.943, 62
Trd, 4319867.093, 70
Trd, 4319868.593, 60
Trd, 4319868.893, 66
Trd, 4319869.393, 61
Trd, 4319870.893, 61
Trd, 4319872.993, 60
Trd, 4319873.993, 60
Trd, 4319874.293, 60
Trd, 4319874.593, 61
Trd, 4319875.343, 65
Trd, 4319876.893, 60
Trd, 4319878.193, 60
Trd, 4319878.793, 61
Trd, 4319878.993, 62
Trd, 4319879.793, 60
Trd, 4319880.493, 62
Trd, 4319880.743, 98
Trd, 4319881.243, 63
Trd, 4319881.693, 92
Trd, 4319882.943, 66
Trd, 4319883.493, 60
Trd, 4319885.893, 61
Trd, 4319887.943, 63
Trd, 4319888.243, 60
Trd, 4319888.993, 60
Trd, 4319889.143, 61
Trd, 4319890.493, 60
Trd, 4319891.393, 60
Trd, 4319891.693, 60
Trd, 4319891.843, 62
Trd, 4319892.393, 61
Trd, 4319893.493, 61
Trd, 4319894.443, 65
Trd, 4319894.993, 62
Trd, 4319895.193, 66
Trd, 4319895.893, 69
Trd, 4319896.093, 70
Trd, 4319896.143, 70
Trd, 4319896.593, 68
Trd, 4319898.543, 61
Trd, 4319898.843, 62
Trd, 4319900.443, 74
Trd, 4319901.543, 60
Trd, 4319901.743, 72
Trd, 4319903.443, 60
Trd, 4319904.293, 60
Trd, 4319904.993, 61
Trd, 4319906.843, 60
Trd, 4319907.243, 60
Trd, 4319907.743, 61
Trd, 4319909.543, 61
Trd, 4319909.943, 61
Trd, 4319910.143, 81
Trd, 4319910.293, 91
Trd, 4319910.643, 61
Trd, 4319910.893, 62
Trd, 4319911.043, 72
Trd, 4319912.043, 62
Trd, 4319912.543, 63
Trd, 4319913.293, 68
Trd, 4319914.143, 117
Trd, 4319915.043, 140
Trd, 4319915.093, 140
Trd, 4319915.293, 95
Trd, 4319916.293, 66
Trd, 4319916.993, 140
Trd, 4319917.443, 138
Trd, 4319919.193, 60
Trd, 4319920.043, 60
Trd, 4319920.793, 63
Trd, 4319920.843, 64
Trd, 4319920.943, 61
Trd, 4319921.193, 62
Trd, 4319921.243, 65
Trd, 4319922.193, 140
Trd, 4319922.393, 140
Trd, 4319923.493, 135
Trd, 4319923.543, 104
Trd, 4319924.243, 106
Trd, 4319925.493, 140
Trd, 4319926.093, 140
Trd, 4319926.193, 140
Trd, 4319927.093, 140
Trd, 4319927.843, 140
Trd, 4319928.343, 140
Trd, 4319928.943, 138
Trd, 4319930.243, 140
Trd, 4319930.793, 140
Trd, 4319930.893, 78
Trd, 4319931.093, 86
Trd, 4319931.743, 61
Trd, 4319931.843, 62
Trd, 4319932.493, 100
Trd, 4319933.543, 61
Trd, 4319933.893, 62
Trd, 4319934.693, 87
Trd, 4319935.893, 60
Trd, 4319936.043, 61
Trd, 4319936.543, 63
Trd, 4319936.993, 60
Trd, 4319937.743, 136
Trd, 4319939.943, 138
Trd, 4319940.293, 117
Trd, 4319940.843, 110
Trd, 4319941.043, 109
Trd, 4319941.243, 140
Trd, 4319941.693, 103
Trd, 4319942.143, 60
Trd, 4319944.543, 60
Trd, 4319944.793, 64
Trd, 4319945.093, 61
Trd, 4319945.493, 62
Trd, 4319946.193, 60
Trd, 4319946.993, 60
Trd, 4319948.393, 60
Trd, 4319949.793, 60
Trd, 4319951.193, 61
Trd, 4319951.443, 61
Trd, 4319952.193, 65
Trd, 4319953.943, 64
Trd, 4319954.143, 64
Trd, 4319954.193, 65
Trd, 4319955.143, 62
Trd, 4319955.443, 63
Trd, 4319955.643, 64
Trd, 4319956.243, 61
Trd, 4319956.293, 60
Trd, 4319958.393, 60
Trd, 4319960.593, 60
Trd, 4319961.243, 60
Trd, 4319961.393, 60
Trd, 4319961.593, 65
Trd, 4319963.093, 60
Trd, 4319964.093, 61
Trd, 4319965.543, 61
Trd, 4319966.743, 60
Trd, 4319967.343, 60
Trd, 4319967.443, 60
Trd, 4319967.593, 61
Trd, 4319968.393, 62
Trd, 4319968.593, 62
Trd, 4319969.043, 64
Trd, 4319969.643, 64
Trd, 4319969.743, 68
Trd, 4319970.693, 64
Trd, 4319971.743, 60
Trd, 4319971.843, 67
Trd, 4319973.843, 60
Trd, 4319973.993, 60
Trd, 4319974.693, 60
Trd, 4319976.343, 61
Trd, 4319976.493, 63
Trd, 4319977.393, 68
Trd, 4319977.643, 67
Trd, 4319977.943, 69
Trd, 4319978.943, 61
Trd, 4319979.593, 61
Trd, 4319980.093, 63
Trd, 4319981.643, 61
Trd, 4319982.693, 61
Trd, 4319983.593, 60
Trd, 4319983.743, 60
Trd, 4319983.893, 72
Trd, 4319984.343, 61
Trd, 4319984.943, 61
Trd, 4319985.743, 140
Trd, 4319986.293, 61
Trd, 4319987.043, 111
Trd, 4319987.093, 109
Trd, 4319989.043, 63
Trd, 4319989.243, 62
Trd, 4319989.693, 63
Trd, 4319990.093, 67
Trd, 4319992.593, 60
Trd, 4319992.693, 68
Trd, 4319992.843, 74
Trd, 4319993.593, 61
Trd, 4319993.843, 61
Trd, 4319994.943, 140
Trd, 4319995.293, 62
Trd, 4319996.043, 140
Trd, 4319996.743, 104
Trd, 4319997.243, 140
Trd, 4319997.593, 140
Trd, 4319997.943, 65
Trd, 4319998.093, 64
Trd, 4319998.893, 62
