Trd, 4318129.543, 129
Trd, 4318130.343, 140
Trd, 4318130.893, 138
Trd, 4318131.643, 137
Trd, 4318131.943, 132
Trd, 4318132.693, 121
Trd, 4318133.543, 139
Trd, 4318134.293, 138
Trd, 4318134.643, 122
Trd, 4318135.693, 88
Trd, 4318136.243, 108
Trd, 4318136.343, 103
Trd, 4318137.943, 140
Trd, 4318138.693, 116
Trd, 4318138.893, 116
Trd, 4318139.693, 121
Trd, 4318141.043, 91
Trd, 4318141.243, 110
Trd, 4318142.093, 138
Trd, 4318142.843, 135
Trd, 4318143.593, 137
Trd, 4318143.893, 132
Trd, 4318144.843, 130
Trd, 4318145.593, 131
Trd, 4318145.693, 117
Trd, 4318147.293, 114
Trd, 4318147.793, 103
Trd, 4318147.893, 108
Trd, 4318149.543, 124
Trd, 4318149.993, 135
Trd, 4318150.493, 132
Trd, 4318151.693, 125
Trd, 4318151.743, 119
Trd, 4318151.843, 133
Trd, 4318153.093, 135
Trd, 4318154.493, 138
Trd, 4318154.693, 134
Trd, 4318154.943, 124
Trd, 4318156.243, 131
Trd, 4318156.443, 124
Trd, 4318157.193, 117
Trd, 4318157.843, 130
Trd, 4318160.293, 136
Trd, 4318161.043, 131
Trd, 4318161.193, 97
Trd, 4318161.943, 130
Trd, 4318162.143, 102
Trd, 4318163.093, 96
Trd, 4318163.743, 81
Trd, 4318163.843, 76
Trd, 4318165.743, 132
Trd, 4318166.443, 136
Trd, 4318166.543, 133
Trd, 4318166.693, 126
Trd, 4318167.993, 140
Trd, 4318169.243, 140
Trd, 4318169.993, 113
Trd, 4318170.393, 110
Trd, 4318170.693, 108
Trd, 4318171.493, 102
Trd, 4318172.743, 140
Trd, 4318173.343, 129
Trd, 4318173.893, 137
Trd, 4318175.943, 125
Trd, 4318175.993, 109
Trd, 4318176.143, 91
Trd, 4318177.643, 113
Trd, 4318177.793, 87
Trd, 4318178.393, 140
Trd, 4318179.093, 130
Trd, 4318180.493, 137
Trd, 4318181.743, 114
Trd, 4318183.043, 139
Trd, 4318183.993, 126
Trd, 4318184.493, 135
Trd, 4318185.243, 123
Trd, 4318185.493, 123
Trd, 4318185.593, 88
Trd, 4318186.893, 109
Trd, 4318188.043, 128
Trd, 4318188.293, 132
Trd, 4318189.543, 132
Trd, 4318190.543, 120
Trd, 4318190.843, 106
Trd, 4318191.043, 101
Trd, 4318191.693, 90
Trd, 4318194.843, 140
Trd, 4318195.393, 140
Trd, 4318195.643, 139
Trd, 4318195.943, 136
Trd, 4318196.143, 133
Trd, 4318196.243, 131
Trd, 4318196.393, 135
Trd, 4318197.193, 106
Trd, 4318198.643, 104
Trd, 4318199.293, 64
Trd, 4318201.293, 123
Trd, 4318201.443, 127
Trd, 4318202.093, 119
Trd, 4318202.193, 136
Trd, 4318203.343, 133
Trd, 4318203.693, 119
Trd, 4318204.343, 134
Trd, 4318204.393, 135
Trd, 4318204.843, 134
Trd, 4318206.493, 119
Trd, 4318207.343, 124
Trd, 4318207.493, 116
Trd, 4318208.443, 136
Trd, 4318208.993, 119
Trd, 4318210.093, 135
Trd, 4318210.593, 136
Trd, 4318211.193, 140
Trd, 4318211.343, 110
Trd, 4318213.293, 140
Trd, 4318214.493, 129
Trd, 4318214.643, 108
Trd, 4318215.043, 138
Trd, 4318216.093, 130
Trd, 4318217.443, 138
Trd, 4318217.593, 137
Trd, 4318218.693, 130
Trd, 4318220.193, 117
Trd, 4318220.343, 120
Trd, 4318220.443, 117
Trd, 4318221.093, 91
Trd, 4318222.043, 139
Trd, 4318222.643, 123
Trd, 4318223.043, 130
Trd, 4318223.643, 110
Trd, 4318223.943, 114
Trd, 4318226.793, 135
Trd, 4318227.243, 134
Trd, 4318228.493, 138
Trd, 4318228.593, 109
Trd, 4318229.843, 106
Trd, 4318230.943, 139
Trd, 4318231.543, 69
Trd, 4318232.393, 114
Trd, 4318232.643, 126
Trd, 4318232.943, 94
Trd, 4318233.093, 129
Trd, 4318234.443, 116
Trd, 4318235.593, 139
Trd, 4318235.643, 133
Trd, 4318237.193, 112
Trd, 4318238.443, 72
Trd, 4318238.593, 110
Trd, 4318239.143, 84
Trd, 4318239.543, 120
Trd, 4318239.693, 68
Trd, 4318240.593, 122
Trd, 4318241.043, 126
Trd, 4318242.643, 133
Trd, 4318243.293, 128
Trd, 4318243.393, 128
Trd, 4318243.493, 135
Trd, 4318243.993, 137
Trd, 4318244.293, 133
Trd, 4318244.843, 64
Trd, 4318245.393, 75
Trd, 4318245.743, 74
Trd, 4318248.343, 129
Trd, 4318249.343, 139
Trd, 4318250.493, 84
Trd, 4318251.093, 110
Trd, 4318251.393, 120
Trd, 4318251.743, 140
Trd, 4318253.093, 135
Trd, 4318253.843, 118
Trd, 4318254.193, 117
Trd, 4318254.793, 117
Trd, 4318255.343, 102
Trd, 4318256.143, 133
Trd, 4318256.793, 139
Trd, 4318257.343, 118
Trd, 4318257.543, 68
Trd, 4318259.093, 74
Trd, 4318259.493, 97
Trd, 4318261.593, 120
Trd, 4318261.893, 139
Trd, 4318261.943, 112
Trd, 4318263.143, 110
Trd, 4318263.243, 122
Trd, 4318265.243, 131
Trd, 4318265.943, 103
Trd, 4318265.993, 101
Trd, 4318266.543, 124
Trd, 4318266.693, 140
Trd, 4318269.293, 116
Trd, 4318269.493, 127
Trd, 4318269.843, 119
Trd, 4318270.393, 133
Trd, 4318271.693, 139
Trd, 4318272.243, 97
Trd, 4318272.993, 66
Trd, 4318273.343, 91
Trd, 4318273.943, 132
Trd, 4318274.543, 111
Trd, 4318274.843, 116
Trd, 4318275.943, 123
Trd, 4318276.093, 111
Trd, 4318276.293, 99
Trd, 4318277.543, 118
Trd, 4318278.543, 89
Trd, 4318278.593, 67
Trd, 4318278.893, 120
Trd, 4318279.493, 84
Trd, 4318279.593, 124
Trd, 4318280.093, 78
Trd, 4318282.393, 134
Trd, 4318283.843, 138
Trd, 4318284.243, 130
Trd, 4318284.393, 127
Trd, 4318285.093, 120
Trd, 4318285.193, 128
Trd, 4318285.293, 111
Trd, 4318285.743, 134
Trd, 4318286.243, 113
Trd, 4318287.393, 131
Trd, 4318288.343, 126
Trd, 4318288.843, 111
Trd, 4318289.393, 129
Trd, 4318289.493, 115
Trd, 4318290.843, 140
Trd, 4318291.043, 137
Trd, 4318291.843, 128
Trd, 4318291.893, 125
Trd, 4318292.243, 104
Trd, 4318292.493, 132
Trd, 4318293.693, 134
Trd, 4318294.293, 103
Trd, 4318296.393, 137
Trd, 4318296.793, 101
Trd, 4318297.193, 119
Trd, 4318297.893, 104
Trd, 4318298.343, 119
Trd, 4318298.443, 92
Trd, 4318298.593, 125
Trd, 4318299.993, 131
Trd, 4318300.543, 115
Trd, 4318301.543, 116
Trd, 4318302.343, 116
Trd, 4318302.843, 125
Trd, 4318302.943, 95
Trd, 4318303.643, 129
Trd, 4318305.393, 97
Trd, 4318305.993, 136
Trd, 4318306.943, 122
Trd, 4318307.343, 108
Trd, 4318307.943, 137
Trd, 4318308.093, 122
Trd, 4318308.243, 95
Trd, 4318309.193, 114
Trd, 4318309.543, 101
Trd, 4318310.843, 106
Trd, 4318311.493, 109
Trd, 4318312.043, 137
Trd, 4318312.843, 118
Trd, 4318313.493, 90
Trd, 4318313.793, 135
Trd, 4318314.243, 140
Trd, 4318314.343, 96
Trd, 4318314.893, 121
Trd, 4318316.093, 133
Trd, 4318317.293, 138
Trd, 4318317.693, 132
Trd, 4318318.143, 115
Trd, 4318318.393, 100
Trd, 4318318.443, 90
Trd, 4318319.743, 128
Trd, 4318321.693, 132
Trd, 4318321.743, 116
Trd, 4318322.193, 136
Trd, 4318322.243, 116
Trd, 4318323.143, 102
Trd, 4318323.293, 119
Trd, 4318323.993, 120
Trd, 4318324.893, 137
Trd, 4318325.043, 110
Trd, 4318326.043, 126
Trd, 4318326.943, 134
Trd, 4318327.593, 134
Trd, 4318328.693, 126
Trd, 4318329.043, 110
Trd, 4318329.743, 117
Trd, 4318331.893, 117
Trd, 4318332.343, 73
Trd, 4318332.993, 82
Trd, 4318334.093, 136
Trd, 4318334.593, 110
Trd, 4318335.093, 131
Trd, 4318335.493, 113
Trd, 4318336.043, 124
Trd, 4318337.693, 114
Trd, 4318337.843, 83
Trd, 4318338.143, 83
Trd, 4318338.843, 91
Trd, 4318339.993, 137
Trd, 4318340.343, 124
Trd, 4318340.593, 109
Trd, 4318340.693, 99
Trd, 4318341.793, 100
Trd, 4318343.643, 124
Trd, 4318344.193, 95
Trd, 4318345.593, 74
Trd, 4318346.343, 131
Trd, 4318346.393, 105
Trd, 4318347.193, 107
Trd, 4318347.693, 124
Trd, 4318348.943, 119
Trd, 4318349.593, 138
Trd, 4318350.143, 106
Trd, 4318350.793, 94
Trd, 4318351.893, 126
Trd, 4318351.943, 121
Trd, 4318352.593, 115
Trd, 4318353.693, 132
Trd, 4318354.193, 132
Trd, 4318354.743, 129
Trd, 4318355.043, 131
Trd, 4318356.093, 71
Trd, 4318357.443, 135
Trd, 4318357.743, 69
Trd, 4318358.143, 98
Trd, 4318358.693, 114
Trd, 4318359.493, 126
Trd, 4318359.543, 108
Trd, 4318360.843, 124
Trd, 4318361.443, 128
Trd, 4318361.643, 91
Trd, 4318362.443, 130
Trd, 4318362.993, 139
Trd, 4318363.743, 120
Trd, 4318365.343, 121
Trd, 4318365.493, 122
Trd, 4318365.593, 119
Trd, 4318366.493, 117
Trd, 4318366.893, 120
Trd, 4318367.893, 127
Trd, 4318368.143, 120
Trd, 4318368.593, 137
Trd, 4318371.193, 130
Trd, 4318371.793, 126
Trd, 4318372.743, 131
Trd, 4318373.243, 107
Trd, 4318373.543, 112
Trd, 4318374.143, 137
Trd, 4318374.443, 107
Trd, 4318374.593, 137
Trd, 4318375.993, 119
Trd, 4318378.393, 118
Trd, 4318378.643, 123
Trd, 4318378.793, 103
Trd, 4318379.043, 78
Trd, 4318379.143, 86
Trd, 4318380.243, 118
Trd, 4318380.343, 116
Trd, 4318380.743, 74
Trd, 4318381.293, 103
Trd, 4318382.793, 70
Trd, 4318383.443, 63
Trd, 4318383.643, 126
Trd, 4318385.143, 88
Trd, 4318385.693, 72
Trd, 4318385.993, 97
Trd, 4318386.243, 102
Trd, 4318387.543, 85
Trd, 4318387.643, 70
Trd, 4318390.093, 85
Trd, 4318390.343, 106
Trd, 4318390.793, 125
Trd, 4318391.043, 81
Trd, 4318392.943, 134
Trd, 4318392.993, 113
Trd, 4318394.143, 126
Trd, 4318394.243, 121
Trd, 4318395.193, 127
Trd, 4318396.693, 138
Trd, 4318398.693, 126
Trd, 4318398.943, 109
Trd, 4318399.493, 130
Trd, 4318399.593, 103
Trd, 4318399.893, 105
Trd, 4318400.643, 121
Trd, 4318401.693, 126
Trd, 4318402.043, 120
Trd, 4318402.243, 99
Trd, 4318402.743, 90
Trd, 4318402.893, 134
Trd, 4318403.743, 137
Trd, 4318403.893, 115
Trd, 4318404.193, 131
Trd, 4318405.043, 119
Trd, 4318407.243, 140
Trd, 4318407.493, 128
Trd, 4318408.193, 93
Trd, 4318408.543, 137
Trd, 4318408.943, 118
Trd, 4318409.543, 126
Trd, 4318410.393, 129
Trd, 4318410.893, 65
Trd, 4318411.443, 92
Trd, 4318412.393, 91
Trd, 4318412.743, 108
Trd, 4318412.993, 78
Trd, 4318413.693, 64
Trd, 4318413.843, 110
Trd, 4318413.993, 116
Trd, 4318414.693, 111
Trd, 4318415.943, 135
Trd, 4318416.743, 124
Trd, 4318417.593, 111
Trd, 4318418.143, 137
Trd, 4318418.893, 93
Trd, 4318420.343, 132
Trd, 4318420.843, 125
Trd, 4318421.693, 131
Trd, 4318422.143, 125
Trd, 4318422.593, 122
Trd, 4318422.643, 115
Trd, 4318424.343, 133
Trd, 4318424.793, 112
Trd, 4318425.193, 95
Trd, 4318426.643, 126
Trd, 4318426.793, 110
Trd, 4318427.193, 134
Trd, 4318427.643, 128
Trd, 4318427.843, 97
Trd, 4318429.093, 120
Trd, 4318430.393, 116
Trd, 4318430.543, 103
Trd, 4318430.993, 112
Trd, 4318431.793, 122
Trd, 4318432.893, 132
Trd, 4318433.643, 137
Trd, 4318433.993, 121
Trd, 4318434.393, 99
Trd, 4318434.993, 104
Trd, 4318435.793, 108
Trd, 4318436.343, 95
Trd, 4318436.393, 97
Trd, 4318437.143, 94
Trd, 4318437.543, 84
Trd, 4318437.943, 73
Trd, 4318438.493, 133
Trd, 4318438.793, 75
Trd, 4318440.043, 100
Trd, 4318441.193, 95
Trd, 4318441.393, 102
Trd, 4318441.893, 93
Trd, 4318442.593, 76
Trd, 4318442.693, 113
Trd, 4318445.143, 129
Trd, 4318445.843, 118
Trd, 4318445.893, 108
Trd, 4318446.293, 133
Trd, 4318446.443, 130
Trd, 4318447.043, 109
Trd, 4318448.143, 119
Trd, 4318448.643, 134
Trd, 4318449.043, 131
Trd, 4318449.743, 138
Trd, 4318450.643, 126
Trd, 4318450.943, 92
Trd, 4318451.043, 74
Trd, 4318451.343, 131
Trd, 4318451.893, 98
Trd, 4318452.093, 89
Trd, 4318452.493, 140
Trd, 4318453.743, 132
Trd, 4318453.943, 126
Trd, 4318454.943, 102
Trd, 4318455.243, 97
Trd, 4318455.593, 123
Trd, 4318457.443, 136
Trd, 4318457.743, 79
Trd, 4318458.693, 134
Trd, 4318459.943, 122
Trd, 4318460.143, 137
Trd, 4318461.193, 140
Trd, 4318461.693, 95
Trd, 4318462.293, 90
Trd, 4318462.993, 134
Trd, 4318463.243, 136
Trd, 4318464.293, 98
Trd, 4318464.793, 114
Trd, 4318465.543, 140
Trd, 4318466.243, 119
Trd, 4318468.793, 134
Trd, 4318469.043, 133
Trd, 4318469.293, 129
Trd, 4318469.493, 120
Trd, 4318470.143, 134
Trd, 4318470.843, 80
Trd, 4318471.743, 112
Trd, 4318473.543, 136
Trd, 4318475.543, 89
Trd, 4318476.043, 95
Trd, 4318476.493, 135
Trd, 4318477.043, 132
Trd, 4318477.443, 89
Trd, 4318477.593, 137
Trd, 4318478.543, 129
Trd, 4318479.043, 130
Trd, 4318479.243, 134
Trd, 4318479.493, 110
Trd, 4318480.243, 77
Trd, 4318481.093, 70
Trd, 4318481.793, 64
Trd, 4318483.043, 88
Trd, 4318483.693, 95
Trd, 4318483.893, 102
Trd, 4318483.993, 100
Trd, 4318484.943, 123
Trd, 4318485.793, 131
Trd, 4318487.143, 133
Trd, 4318487.793, 128
Trd, 4318488.293, 127
Trd, 4318488.943, 77
Trd, 4318489.343, 83
Trd, 4318489.943, 96
Trd, 4318490.043, 127
Trd, 4318490.393, 78
Trd, 4318491.093, 120
Trd, 4318493.093, 67
Trd, 4318493.143, 62
Trd, 4318493.443, 117
Trd, 4318493.893, 123
Trd, 4318494.193, 81
Trd, 4318495.443, 129
Trd, 4318496.743, 85
Trd, 4318498.343, 129
Trd, 4318499.343, 136
Trd, 4318499.893, 124
Trd, 4318500.693, 65
Trd, 4318501.593, 81
Trd, 4318501.693, 81
Trd, 4318501.793, 131
Trd, 4318502.143, 72
Trd, 4318502.493, 66
Trd, 4318503.143, 125
Trd, 4318503.443, 111
Trd, 4318504.493, 138
Trd, 4318504.643, 120
Trd, 4318505.093, 137
Trd, 4318505.543, 126
Trd, 4318507.343, 138
Trd, 4318507.443, 120
Trd, 4318508.293, 122
Trd, 4318508.743, 133
Trd, 4318509.493, 108
Trd, 4318509.743, 118
Trd, 4318510.243, 115
Trd, 4318511.543, 133
Trd, 4318512.793, 135
Trd, 4318514.393, 133
Trd, 4318514.843, 127
Trd, 4318517.243, 139
Trd, 4318517.693, 116
Trd, 4318518.143, 137
Trd, 4318518.543, 120
Trd, 4318519.043, 120
Trd, 4318520.093, 117
Trd, 4318520.293, 139
Trd, 4318520.543, 130
Trd, 4318521.493, 129
Trd, 4318522.693, 126
Trd, 4318523.043, 98
Trd, 4318523.443, 79
Trd, 4318524.693, 136
Trd, 4318525.193, 134
Trd, 4318527.143, 139
Trd, 4318527.193, 119
Trd, 4318528.143, 126
Trd, 4318528.443, 119
Trd, 4318530.093, 139
Trd, 4318531.543, 131
Trd, 4318531.743, 124
Trd, 4318532.343, 125
Trd, 4318533.293, 117
Trd, 4318533.843, 118
Trd, 4318534.893, 103
Trd, 4318535.543, 132
Trd, 4318536.943, 133
Trd, 4318537.393, 130
Trd, 4318537.493, 92
Trd, 4318538.493, 135
Trd, 4318539.143, 121
Trd, 4318539.543, 132
Trd, 4318539.743, 121
Trd, 4318540.593, 104
Trd, 4318541.943, 140
Trd, 4318542.343, 129
Trd, 4318542.943, 138
Trd, 4318543.143, 116
Trd, 4318544.243, 74
Trd, 4318544.993, 138
Trd, 4318545.043, 118
Trd, 4318545.443, 99
Trd, 4318546.643, 101
Trd, 4318548.543, 133
Trd, 4318548.843, 78
Trd, 4318549.293, 112
Trd, 4318549.943, 116
Trd, 4318550.943, 127
Trd, 4318551.293, 96
Trd, 4318551.743, 108
Trd, 4318552.143, 74
Trd, 4318552.893, 119
Trd, 4318553.343, 136
Trd, 4318554.193, 115
Trd, 4318555.443, 80
Trd, 4318556.393, 126
Trd, 4318557.243, 130
Trd, 4318557.493, 114
Trd, 4318558.743, 123
Trd, 4318560.293, 131
Trd, 4318561.643, 126
Trd, 4318561.943, 129
Trd, 4318562.343, 126
Trd, 4318563.743, 93
Trd, 4318563.793, 86
Trd, 4318564.443, 107
Trd, 4318566.743, 123
Trd, 4318566.893, 121
Trd, 4318567.343, 135
Trd, 4318567.443, 93
Trd, 4318568.093, 100
Trd, 4318568.443, 81
Trd, 4318569.843, 130
Trd, 4318570.643, 117
Trd, 4318572.393, 117
Trd, 4318572.643, 122
Trd, 4318574.243, 127
Trd, 4318574.493, 123
Trd, 4318575.043, 136
Trd, 4318575.243, 105
Trd, 4318576.293, 86
Trd, 4318576.393, 100
Trd, 4318577.343, 126
Trd, 4318577.993, 127
Trd, 4318578.793, 125
Trd, 4318579.243, 138
Trd, 4318579.643, 126
Trd, 4318580.243, 78
Trd, 4318580.593, 125
Trd, 4318583.343, 140
Trd, 4318583.693, 101
Trd, 4318584.243, 106
Trd, 4318585.643, 134
Trd, 4318585.843, 124
Trd, 4318587.443, 118
Trd, 4318588.293, 135
Trd, 4318589.243, 104
Trd, 4318590.043, 131
Trd, 4318590.293, 118
Trd, 4318591.193, 134
Trd, 4318592.293, 97
Trd, 4318592.493, 111
Trd, 4318593.943, 101
Trd, 4318594.093, 72
Trd, 4318595.093, 99
Trd, 4318596.693, 75
Trd, 4318596.843, 90
Trd, 4318597.943, 117
Trd, 4318598.293, 138
Trd, 4318598.943, 135
Trd, 4318599.693, 128
Trd, 4318601.243, 137
Trd, 4318602.143, 138
Trd, 4318602.343, 132
Trd, 4318603.043, 122
Trd, 4318603.093, 120
Trd, 4318603.843, 122
Trd, 4318604.143, 115
Trd, 4318604.193, 104
Trd, 4318604.843, 94
Trd, 4318606.243, 134
Trd, 4318607.543, 126
Trd, 4318608.493, 105
Trd, 4318608.943, 138
Trd, 4318608.993, 71
Trd, 4318609.393, 114
Trd, 4318609.643, 66
Trd, 4318611.193, 135
Trd, 4318611.893, 140
Trd, 4318613.343, 137
Trd, 4318614.893, 138
Trd, 4318615.293, 133
Trd, 4318616.243, 139
Trd, 4318616.493, 126
Trd, 4318617.593, 130
Trd, 4318617.843, 102
Trd, 4318619.393, 125
Trd, 4318619.843, 127
Trd, 4318620.043, 105
Trd, 4318620.193, 114
Trd, 4318620.693, 102
Trd, 4318623.693, 132
Trd, 4318624.093, 98
Trd, 4318624.143, 86
Trd, 4318625.193, 114
Trd, 4318625.493, 99
Trd, 4318625.843, 134
Trd, 4318627.143, 114
Trd, 4318627.743, 135
Trd, 4318627.793, 105
Trd, 4318630.893, 110
Trd, 4318631.793, 140
Trd, 4318632.843, 135
Trd, 4318632.993, 131
Trd, 4318633.343, 135
Trd, 4318633.593, 126
Trd, 4318634.493, 130
Trd, 4318634.643, 105
Trd, 4318635.343, 94
Trd, 4318635.393, 114
Trd, 4318637.393, 85
Trd, 4318637.593, 92
Trd, 4318638.093, 128
Trd, 4318639.943, 128
Trd, 4318641.293, 128
Trd, 4318642.093, 123
Trd, 4318643.143, 138
Trd, 4318645.243, 140
Trd, 4318645.493, 117
Trd, 4318645.643, 100
Trd, 4318647.043, 139
Trd, 4318647.543, 134
Trd, 4318648.293, 123
Trd, 4318648.343, 108
Trd, 4318649.643, 132
Trd, 4318649.993, 124
Trd, 4318650.693, 131
Trd, 4318651.093, 104
Trd, 4318651.543, 98
Trd, 4318652.143, 107
Trd, 4318653.093, 109
Trd, 4318653.543, 107
Trd, 4318655.493, 126
Trd, 4318655.693, 119
Trd, 4318658.343, 126
Trd, 4318658.943, 119
Trd, 4318659.693, 138
Trd, 4318661.393, 140
Trd, 4318661.543, 131
Trd, 4318662.093, 125
Trd, 4318662.193, 122
Trd, 4318663.393, 91
Trd, 4318663.943, 101
Trd, 4318664.393, 82
Trd, 4318665.343, 121
Trd, 4318666.043, 137
Trd, 4318667.193, 119
Trd, 4318667.893, 111
Trd, 4318668.643, 118
Trd, 4318669.293, 117
Trd, 4318669.443, 109
Trd, 4318671.093, 131
Trd, 4318671.243, 124
Trd, 4318672.393, 137
Trd, 4318673.043, 136
Trd, 4318673.593, 132
Trd, 4318675.093, 127
Trd, 4318675.193, 121
Trd, 4318675.243, 115
Trd, 4318675.743, 117
Trd, 4318676.093, 132
Trd, 4318678.143, 132
Trd, 4318678.793, 136
Trd, 4318680.493, 139
Trd, 4318680.593, 130
Trd, 4318681.243, 138
Trd, 4318681.743, 139
Trd, 4318682.043, 134
Trd, 4318682.143, 110
Trd, 4318684.443, 138
Trd, 4318684.643, 131
Trd, 4318685.043, 98
Trd, 4318685.593, 126
Trd, 4318685.793, 115
Trd, 4318685.893, 107
Trd, 4318686.343, 90
Trd, 4318687.743, 134
Trd, 4318687.893, 121
Trd, 4318688.343, 104
Trd, 4318690.093, 61
Trd, 4318690.443, 87
Trd, 4318691.393, 136
Trd, 4318692.143, 107
Trd, 4318692.243, 90
Trd, 4318693.043, 86
Trd, 4318693.493, 108
Trd, 4318694.193, 130
Trd, 4318695.143, 122
Trd, 4318696.343, 105
Trd, 4318696.543, 76
Trd, 4318696.843, 132
Trd, 4318697.093, 130
Trd, 4318697.643, 63
Trd, 4318698.193, 116
Trd, 4318698.293, 123
Trd, 4318698.893, 140
Trd, 4318701.093, 117
Trd, 4318701.493, 111
Trd, 4318702.393, 119
Trd, 4318702.743, 127
Trd, 4318702.943, 113
Trd, 4318703.693, 118
Trd, 4318704.593, 92
Trd, 4318704.943, 118
Trd, 4318704.993, 102
Trd, 4318705.693, 106
Trd, 4318707.143, 130
Trd, 4318707.343, 114
Trd, 4318707.393, 103
Trd, 4318709.443, 133
Trd, 4318709.843, 135
Trd, 4318710.043, 132
Trd, 4318710.243, 126
Trd, 4318710.693, 132
Trd, 4318710.893, 109
Trd, 4318712.943, 140
Trd, 4318713.793, 129
Trd, 4318714.943, 139
Trd, 4318715.443, 135
Trd, 4318715.993, 130
Trd, 4318717.043, 127
Trd, 4318717.293, 113
Trd, 4318717.343, 102
Trd, 4318717.643, 86
Trd, 4318718.293, 101
Trd, 4318718.493, 137
Trd, 4318719.393, 122
Trd, 4318719.693, 80
Trd, 4318720.643, 97
Trd, 4318721.193, 126
Trd, 4318722.193, 137
Trd, 4318722.743, 134
Trd, 4318722.793, 114
Trd, 4318724.243, 60
Trd, 4318724.693, 77
Trd, 4318724.993, 111
Trd, 4318725.393, 97
Trd, 4318726.743, 113
Trd, 4318727.143, 78
Trd, 4318727.893, 82
Trd, 4318728.393, 73
Trd, 4318728.793, 83
Trd, 4318729.693, 95
Trd, 4318730.093, 117
Trd, 4318730.743, 137
Trd, 4318731.543, 119
Trd, 4318732.643, 127
Trd, 4318734.343, 100
Trd, 4318735.843, 139
Trd, 4318736.393, 131
Trd, 4318737.393, 138
Trd, 4318738.593, 139
Trd, 4318738.743, 112
Trd, 4318738.993, 81
Trd, 4318739.743, 137
Trd, 4318739.793, 127
Trd, 4318740.943, 119
Trd, 4318741.443, 136
Trd, 4318742.293, 138
Trd, 4318744.043, 124
Trd, 4318744.093, 112
Trd, 4318744.693, 111
Trd, 4318744.993, 101
Trd, 4318746.043, 113
Trd, 4318746.493, 112
Trd, 4318747.093, 109
Trd, 4318747.843, 138
Trd, 4318749.943, 138
Trd, 4318750.493, 136
Trd, 4318751.093, 105
Trd, 4318752.493, 126
Trd, 4318752.643, 98
Trd, 4318752.693, 89
Trd, 4318753.243, 125
Trd, 4318753.693, 91
Trd, 4318754.243, 137
Trd, 4318755.793, 137
Trd, 4318755.893, 114
Trd, 4318756.993, 87
Trd, 4318757.543, 81
Trd, 4318757.843, 114
Trd, 4318758.643, 120
Trd, 4318760.143, 132
Trd, 4318760.493, 134
Trd, 4318760.693, 111
Trd, 4318761.743, 137
Trd, 4318762.293, 129
Trd, 4318763.243, 99
Trd, 4318763.943, 79
Trd, 4318765.043, 132
Trd, 4318765.643, 138
Trd, 4318765.893, 122
Trd, 4318766.393, 124
Trd, 4318768.243, 138
Trd, 4318768.393, 129
Trd, 4318768.493, 126
Trd, 4318770.093, 132
Trd, 4318770.343, 134
Trd, 4318771.893, 138
Trd, 4318772.343, 124
Trd, 4318772.643, 121
Trd, 4318773.093, 114
Trd, 4318774.193, 139
Trd, 4318774.493, 124
Trd, 4318774.643, 111
Trd, 4318775.593, 115
Trd, 4318776.243, 109
Trd, 4318776.643, 103
Trd, 4318776.843, 130
Trd, 4318778.193, 136
Trd, 4318778.893, 133
Trd, 4318779.343, 129
Trd, 4318780.493, 138
Trd, 4318781.393, 125
Trd, 4318781.893, 105
Trd, 4318782.293, 65
Trd, 4318783.393, 87
Trd, 4318783.843, 90
Trd, 4318784.493, 99
Trd, 4318785.143, 120
Trd, 4318786.293, 74
Trd, 4318786.393, 140
Trd, 4318787.143, 127
Trd, 4318787.193, 131
Trd, 4318788.543, 104
Trd, 4318788.643, 105
Trd, 4318788.793, 107
Trd, 4318788.943, 126
Trd, 4318789.393, 79
Trd, 4318789.993, 119
Trd, 4318792.743, 137
Trd, 4318792.893, 120
Trd, 4318793.243, 122
Trd, 4318794.243, 136
Trd, 4318794.693, 115
Trd, 4318795.243, 104
Trd, 4318796.493, 112
Trd, 4318796.593, 97
Trd, 4318796.993, 130
Trd, 4318798.843, 127
Trd, 4318799.543, 127
Trd, 4318799.743, 132
Trd, 4318800.343, 125
Trd, 4318800.493, 121
Trd, 4318801.143, 89
Trd, 4318801.743, 67
Trd, 4318802.093, 129
Trd, 4318803.193, 138
Trd, 4318803.443, 136
Trd, 4318803.643, 122
Trd, 4318804.393, 124
Trd, 4318804.543, 92
Trd, 4318806.143, 137
Trd, 4318806.743, 127
Trd, 4318807.393, 104
Trd, 4318807.843, 88
Trd, 4318808.043, 111
Trd, 4318808.393, 78
Trd, 4318809.693, 127
Trd, 4318810.793, 81
Trd, 4318811.643, 131
Trd, 4318812.193, 84
Trd, 4318812.943, 137
Trd, 4318813.593, 136
Trd, 4318813.643, 127
Trd, 4318814.843, 109
Trd, 4318815.293, 105
Trd, 4318815.543, 73
Trd, 4318818.943, 132
Trd, 4318819.193, 133
Trd, 4318820.193, 118
Trd, 4318820.393, 105
Trd, 4318821.143, 103
Trd, 4318822.293, 132
Trd, 4318822.343, 118
Trd, 4318822.893, 114
Trd, 4318823.493, 99
Trd, 4318824.443, 101
Trd, 4318825.393, 139
Trd, 4318826.043, 133
Trd, 4318826.193, 109
Trd, 4318827.093, 110
Trd, 4318828.143, 111
Trd, 4318829.043, 132
Trd, 4318829.143, 126
Trd, 4318829.343, 121
Trd, 4318830.043, 132
Trd, 4318830.643, 123
Trd, 4318830.943, 72
Trd, 4318831.643, 95
Trd, 4318831.743, 97
Trd, 4318832.093, 73
Trd, 4318832.493, 139
Trd, 4318833.443, 71
Trd, 4318834.493, 118
Trd, 4318835.943, 132
Trd, 4318836.243, 116
Trd, 4318836.293, 85
Trd, 4318836.993, 71
Trd, 4318837.143, 82
Trd, 4318838.143, 135
Trd, 4318838.493, 127
Trd, 4318838.993, 93
Trd, 4318839.493, 80
Trd, 4318839.693, 125
Trd, 4318839.943, 91
Trd, 4318841.143, 106
Trd, 4318841.743, 120
Trd, 4318841.993, 93
Trd, 4318843.143, 116
Trd, 4318844.043, 125
Trd, 4318844.343, 139
Trd, 4318845.443, 114
Trd, 4318845.793, 117
Trd, 4318847.043, 127
Trd, 4318847.343, 126
Trd, 4318848.293, 125
Trd, 4318848.693, 132
Trd, 4318848.793, 121
Trd, 4318849.293, 98
Trd, 4318850.443, 139
Trd, 4318850.893, 113
Trd, 4318851.243, 80
Trd, 4318851.443, 86
Trd, 4318852.693, 116
Trd, 4318853.593, 94
Trd, 4318855.293, 90
Trd, 4318856.293, 137
Trd, 4318856.743, 119
Trd, 4318857.493, 127
Trd, 4318857.643, 125
Trd, 4318858.043, 125
Trd, 4318858.193, 123
Trd, 4318860.293, 127
Trd, 4318860.793, 134
Trd, 4318860.893, 113
Trd, 4318861.743, 96
Trd, 4318862.093, 111
Trd, 4318862.793, 131
Trd, 4318863.943, 122
Trd, 4318864.993, 130
Trd, 4318865.793, 136
Trd, 4318866.393, 124
Trd, 4318867.193, 128
Trd, 4318868.143, 115
Trd, 4318868.443, 103
Trd, 4318868.693, 113
Trd, 4318868.993, 130
Trd, 4318869.943, 134
Trd, 4318872.593, 121
Trd, 4318872.643, 117
Trd, 4318872.743, 113
Trd, 4318873.043, 126
Trd, 4318873.443, 115
Trd, 4318874.993, 138
Trd, 4318875.193, 79
Trd, 4318876.393, 138
Trd, 4318876.743, 107
Trd, 4318876.943, 133
Trd, 4318877.643, 104
Trd, 4318879.643, 129
Trd, 4318879.793, 114
Trd, 4318881.293, 140
Trd, 4318881.443, 133
Trd, 4318881.943, 125
Trd, 4318882.543, 138
Trd, 4318883.393, 118
Trd, 4318883.743, 126
Trd, 4318884.043, 124
Trd, 4318884.993, 113
Trd, 4318885.493, 100
Trd, 4318885.593, 100
Trd, 4318886.193, 137
Trd, 4318886.543, 138
Trd, 4318886.593, 93
Trd, 4318887.093, 105
Trd, 4318888.493, 107
Trd, 4318888.943, 128
Trd, 4318890.093, 131
Trd, 4318891.243, 137
Trd, 4318891.443, 129
Trd, 4318892.593, 117
Trd, 4318893.193, 130
Trd, 4318893.493, 121
Trd, 4318895.093, 121
Trd, 4318895.693, 127
Trd, 4318896.143, 125
Trd, 4318896.193, 116
Trd, 4318896.643, 98
Trd, 4318897.243, 136
Trd, 4318897.493, 84
Trd, 4318898.543, 74
Trd, 4318898.943, 75
Trd, 4318899.393, 125
Trd, 4318901.043, 139
Trd, 4318901.243, 139
Trd, 4318901.643, 136
Trd, 4318902.543, 138
Trd, 4318903.393, 78
Trd, 4318904.143, 80
Trd, 4318904.493, 95
Trd, 4318906.493, 139
Trd, 4318907.043, 137
Trd, 4318907.843, 105
Trd, 4318908.493, 105
Trd, 4318909.043, 134
Trd, 4318909.993, 126
Trd, 4318910.043, 106
Trd, 4318912.043, 107
Trd, 4318912.543, 107
Trd, 4318913.243, 124
Trd, 4318913.593, 126
Trd, 4318914.543, 136
Trd, 4318914.593, 125
Trd, 4318914.793, 113
Trd, 4318914.893, 112
Trd, 4318916.093, 133
Trd, 4318916.593, 138
Trd, 4318916.943, 133
Trd, 4318917.143, 86
Trd, 4318918.543, 73
Trd, 4318919.193, 61
Trd, 4318919.593, 95
Trd, 4318920.593, 138
Trd, 4318921.443, 87
Trd, 4318922.693, 106
Trd, 4318923.193, 117
Trd, 4318923.843, 117
Trd, 4318924.143, 122
Trd, 4318925.043, 117
Trd, 4318925.893, 89
Trd, 4318926.593, 92
Trd, 4318927.743, 82
Trd, 4318929.293, 111
Trd, 4318929.993, 140
Trd, 4318930.693, 100
Trd, 4318931.843, 87
Trd, 4318931.993, 100
Trd, 4318932.693, 134
Trd, 4318934.143, 112
Trd, 4318935.493, 136
Trd, 4318936.193, 129
Trd, 4318937.043, 92
Trd, 4318937.193, 90
Trd, 4318937.243, 85
Trd, 4318938.293, 127
Trd, 4318939.743, 123
Trd, 4318939.843, 103
Trd, 4318940.443, 94
Trd, 4318941.993, 134
Trd, 4318942.543, 136
Trd, 4318943.093, 123
Trd, 4318944.893, 133
Trd, 4318945.243, 132
Trd, 4318945.293, 131
Trd, 4318945.393, 129
Trd, 4318946.793, 101
Trd, 4318948.243, 139
Trd, 4318948.843, 130
Trd, 4318949.493, 134
Trd, 4318949.743, 137
Trd, 4318950.043, 124
Trd, 4318950.293, 65
Trd, 4318952.893, 135
Trd, 4318953.143, 135
Trd, 4318953.593, 114
Trd, 4318954.143, 72
Trd, 4318954.193, 113
Trd, 4318954.443, 125
Trd, 4318954.543, 122
Trd, 4318955.093, 101
Trd, 4318955.493, 94
Trd, 4318957.843, 124
Trd, 4318958.443, 137
Trd, 4318958.693, 133
Trd, 4318959.843, 128
Trd, 4318960.293, 122
Trd, 4318960.993, 113
Trd, 4318961.443, 114
Trd, 4318962.493, 132
Trd, 4318963.043, 136
Trd, 4318963.093, 103
Trd, 4318963.943, 100
Trd, 4318964.393, 110
Trd, 4318965.193, 112
Trd, 4318965.743, 116
Trd, 4318968.793, 131
Trd, 4318968.943, 119
Trd, 4318969.743, 98
Trd, 4318970.593, 138
Trd, 4318970.993, 132
Trd, 4318971.043, 116
Trd, 4318971.193, 112
Trd, 4318971.843, 122
Trd, 4318973.343, 112
Trd, 4318973.643, 108
Trd, 4318974.243, 127
Trd, 4318974.393, 125
Trd, 4318974.593, 134
Trd, 4318974.743, 114
Trd, 4318975.293, 116
Trd, 4318975.493, 93
Trd, 4318975.893, 140
Trd, 4318977.043, 140
Trd, 4318977.793, 102
Trd, 4318978.893, 130
Trd, 4318979.743, 122
Trd, 4318980.343, 118
Trd, 4318981.693, 97
Trd, 4318982.193, 112
Trd, 4318983.243, 112
Trd, 4318985.143, 138
Trd, 4318986.093, 116
Trd, 4318986.393, 113
Trd, 4318986.993, 132
Trd, 4318988.693, 116
Trd, 4318990.343, 139
Trd, 4318990.443, 138
Trd, 4318991.243, 119
Trd, 4318991.643, 131
Trd, 4318992.493, 132
Trd, 4318992.643, 104
Trd, 4318995.193, 137
Trd, 4318996.293, 131
Trd, 4318996.693, 87
Trd, 4318996.993, 130
Trd, 4318997.443, 120
Trd, 4318997.693, 110
Trd, 4318997.743, 85
Trd, 4318998.643, 82
Trd, 4318999.043, 121
Trd, 4319000.043, 119
Trd, 4319001.043, 105
Trd, 4319003.043, 120
Trd, 4319004.093, 135
Trd, 4319004.193, 117
Trd, 4319005.743, 134
Trd, 4319005.893, 133
Trd, 4319005.993, 101
Trd, 4319006.443, 128
Trd, 4319006.743, 132
Trd, 4319007.043, 120
Trd, 4319007.193, 70
Trd, 4319007.293, 96
Trd, 4319008.443, 126
Trd, 4319009.693, 109
Trd, 4319011.543, 131
Trd, 4319011.793, 118
Trd, 4319012.443, 134
Trd, 4319012.893, 114
Trd, 4319013.643, 105
Trd, 4319015.243, 133
Trd, 4319015.693, 108
Trd, 4319016.093, 101
Trd, 4319016.843, 127
Trd, 4319017.543, 105
Trd, 4319017.743, 88
Trd, 4319019.193, 128
Trd, 4319019.243, 92
Trd, 4319019.793, 129
Trd, 4319020.893, 115
Trd, 4319021.843, 133
Trd, 4319022.793, 115
Trd, 4319024.343, 136
Trd, 4319025.043, 127
Trd, 4319026.543, 136
Trd, 4319027.393, 138
Trd, 4319028.293, 140
Trd, 4319028.943, 140
Trd, 4319029.543, 139
Trd, 4319029.943, 130
Trd, 4319030.843, 123
Trd, 4319031.193, 111
Trd, 4319031.343, 101
Trd, 4319032.243, 106
Trd, 4319033.593, 131
Trd, 4319035.043, 136
Trd, 4319035.743, 134
Trd, 4319036.693, 138
Trd, 4319036.743, 129
Trd, 4319036.943, 123
Trd, 4319037.993, 72
Trd, 4319039.193, 110
Trd, 4319039.543, 135
Trd, 4319040.193, 138
Trd, 4319040.593, 131
Trd, 4319041.743, 115
Trd, 4319041.793, 76
Trd, 4319041.843, 74
Trd, 4319043.243, 121
Trd, 4319043.743, 135
Trd, 4319044.143, 128
Trd, 4319044.943, 114
Trd, 4319045.093, 136
Trd, 4319045.593, 122
Trd, 4319045.793, 120
Trd, 4319047.343, 101
Trd, 4319048.893, 138
Trd, 4319049.343, 120
Trd, 4319051.693, 101
Trd, 4319052.393, 98
Trd, 4319053.343, 138
Trd, 4319053.543, 117
Trd, 4319053.593, 65
Trd, 4319054.443, 136
Trd, 4319054.593, 120
Trd, 4319054.743, 113
Trd, 4319055.043, 113
Trd, 4319055.593, 138
Trd, 4319055.893, 126
Trd, 4319057.493, 135
Trd, 4319058.493, 128
Trd, 4319060.193, 132
Trd, 4319060.643, 120
Trd, 4319060.793, 115
Trd, 4319062.443, 132
Trd, 4319062.693, 101
Trd, 4319062.943, 98
Trd, 4319063.393, 109
Trd, 4319064.343, 131
Trd, 4319065.043, 63
Trd, 4319066.443, 138
Trd, 4319066.893, 103
Trd, 4319067.143, 84
Trd, 4319068.643, 135
Trd, 4319069.093, 134
Trd, 4319069.943, 97
Trd, 4319070.293, 85
Trd, 4319070.543, 107
Trd, 4319071.343, 107
Trd, 4319071.993, 136
Trd, 4319072.943, 113
Trd, 4319073.843, 122
Trd, 4319074.543, 138
Trd, 4319075.993, 138
Trd, 4319076.693, 123
Trd, 4319076.943, 124
Trd, 4319077.643, 139
Trd, 4319078.143, 134
Trd, 4319078.593, 134
Trd, 4319079.693, 124
Trd, 4319080.743, 127
Trd, 4319081.143, 133
Trd, 4319081.293, 126
Trd, 4319082.093, 134
Trd, 4319082.343, 78
Trd, 4319082.743, 72
Trd, 4319083.843, 102
Trd, 4319084.143, 115
Trd, 4319085.643, 106
Trd, 4319086.193, 99
Trd, 4319086.343, 125
Trd, 4319087.493, 101
Trd, 4319087.793, 89
Trd, 4319090.243, 138
Trd, 4319090.843, 138
Trd, 4319091.393, 113
Trd, 4319092.193, 135
Trd, 4319093.293, 129
Trd, 4319094.943, 136
Trd, 4319095.543, 138
Trd, 4319095.743, 134
Trd, 4319095.793, 129
Trd, 4319096.143, 111
Trd, 4319097.793, 127
Trd, 4319097.843, 106
Trd, 4319098.293, 120
Trd, 4319099.493, 140
Trd, 4319099.593, 137
Trd, 4319099.693, 132
Trd, 4319100.193, 132
Trd, 4319101.043, 125
Trd, 4319101.293, 87
Trd, 4319101.793, 138
Trd, 4319102.893, 130
Trd, 4319103.143, 110
Trd, 4319103.643, 110
Trd, 4319104.193, 107
Trd, 4319104.343, 116
Trd, 4319104.893, 123
Trd, 4319106.043, 61
Trd, 4319106.443, 108
Trd, 4319108.743, 138
Trd, 4319109.243, 135
Trd, 4319109.893, 110
Trd, 4319109.943, 105
Trd, 4319110.793, 111
Trd, 4319111.243, 139
Trd, 4319111.443, 101
Trd, 4319111.593, 80
Trd, 4319111.993, 99
Trd, 4319113.093, 113
Trd, 4319113.643, 138
Trd, 4319114.043, 139
Trd, 4319115.143, 132
Trd, 4319115.743, 121
Trd, 4319117.343, 135
Trd, 4319117.643, 110
Trd, 4319118.693, 133
Trd, 4319119.193, 112
Trd, 4319119.393, 108
Trd, 4319120.093, 118
Trd, 4319120.593, 135
Trd, 4319121.943, 124
Trd, 4319122.643, 123
Trd, 4319123.543, 115
Trd, 4319124.393, 125
Trd, 4319124.693, 126
Trd, 4319124.943, 119
Trd, 4319125.293, 91
Trd, 4319127.193, 125
Trd, 4319127.943, 112
Trd, 4319128.043, 106
Trd, 4319128.093, 100
Trd, 4319128.743, 134
Trd, 4319129.393, 109
Trd, 4319130.693, 121
Trd, 4319130.793, 97
Trd, 4319131.393, 133
Trd, 4319132.443, 129
Trd, 4319132.693, 124
Trd, 4319133.043, 83
Trd, 4319133.243, 128
Trd, 4319135.743, 140
Trd, 4319136.343, 116
Trd, 4319136.393, 91
Trd, 4319136.643, 133
Trd, 4319137.643, 101
Trd, 4319137.993, 83
Trd, 4319138.093, 65
Trd, 4319138.893, 104
Trd, 4319140.693, 135
Trd, 4319142.243, 139
Trd, 4319142.293, 114
Trd, 4319143.243, 90
Trd, 4319143.893, 110
Trd, 4319144.093, 92
Trd, 4319144.843, 120
Trd, 4319145.343, 114
Trd, 4319145.593, 127
Trd, 4319146.393, 127
Trd, 4319147.093, 98
Trd, 4319147.743, 105
Trd, 4319148.393, 100
Trd, 4319148.693, 88
Trd, 4319148.793, 113
Trd, 4319149.493, 134
Trd, 4319149.993, 128
Trd, 4319150.343, 112
Trd, 4319151.793, 110
Trd, 4319152.443, 132
Trd, 4319152.893, 126
Trd, 4319153.893, 124
Trd, 4319154.643, 97
Trd, 4319154.893, 139
Trd, 4319155.693, 130
Trd, 4319155.793, 108
Trd, 4319156.343, 100
Trd, 4319158.593, 136
Trd, 4319158.743, 80
Trd, 4319158.943, 129
Trd, 4319159.643, 65
Trd, 4319160.293, 138
Trd, 4319160.743, 107
Trd, 4319161.143, 82
Trd, 4319162.143, 129
Trd, 4319162.343, 96
Trd, 4319164.293, 96
Trd, 4319164.693, 125
Trd, 4319165.543, 118
Trd, 4319166.293, 131
Trd, 4319166.693, 130
Trd, 4319166.843, 121
Trd, 4319167.493, 83
Trd, 4319167.993, 87
Trd, 4319169.543, 98
Trd, 4319169.943, 135
Trd, 4319170.143, 131
Trd, 4319172.143, 116
Trd, 4319173.293, 109
Trd, 4319173.443, 103
Trd, 4319175.743, 134
Trd, 4319175.893, 140
Trd, 4319176.393, 125
Trd, 4319176.743, 117
Trd, 4319178.243, 130
Trd, 4319180.693, 133
Trd, 4319181.193, 125
Trd, 4319181.493, 134
Trd, 4319181.943, 127
Trd, 4319183.643, 129
Trd, 4319184.193, 133
Trd, 4319184.993, 135
Trd, 4319185.343, 126
Trd, 4319185.743, 122
Trd, 4319186.043, 137
Trd, 4319186.543, 132
Trd, 4319188.393, 136
Trd, 4319188.643, 131
Trd, 4319188.943, 102
Trd, 4319190.743, 128
Trd, 4319193.543, 130
Trd, 4319193.593, 120
Trd, 4319193.893, 138
Trd, 4319195.743, 140
Trd, 4319196.743, 134
Trd, 4319197.393, 136
Trd, 4319197.443, 123
Trd, 4319197.893, 129
Trd, 4319198.943, 139
Trd, 4319199.493, 114
Trd, 4319200.093, 130
Trd, 4319200.393, 137
Trd, 4319200.443, 100
Trd, 4319202.343, 128
Trd, 4319203.143, 138
Trd, 4319203.193, 131
Trd, 4319204.693, 129
Trd, 4319204.743, 122
Trd, 4319205.293, 135
Trd, 4319205.593, 85
Trd, 4319206.293, 96
Trd, 4319207.343, 128
Trd, 4319208.293, 131
Trd, 4319208.343, 121
Trd, 4319208.793, 114
Trd, 4319209.243, 138
Trd, 4319211.193, 110
Trd, 4319211.493, 120
Trd, 4319211.743, 105
Trd, 4319213.293, 99
Trd, 4319214.093, 128
Trd, 4319214.143, 99
Trd, 4319216.143, 135
Trd, 4319216.343, 139
Trd, 4319216.543, 138
Trd, 4319217.193, 121
Trd, 4319218.043, 98
Trd, 4319218.543, 126
Trd, 4319219.143, 130
Trd, 4319219.443, 112
Trd, 4319221.493, 124
Trd, 4319222.443, 130
Trd, 4319222.643, 124
Trd, 4319222.693, 113
Trd, 4319223.443, 104
Trd, 4319223.793, 117
Trd, 4319225.493, 114
Trd, 4319225.793, 139
Trd, 4319226.443, 119
Trd, 4319228.793, 138
Trd, 4319229.493, 136
Trd, 4319230.093, 130
Trd, 4319230.243, 126
Trd, 4319230.943, 134
Trd, 4319231.543, 138
Trd, 4319232.543, 129
Trd, 4319232.793, 109
Trd, 4319233.693, 127
Trd, 4319234.793, 101
Trd, 4319235.543, 121
Trd, 4319235.693, 103
Trd, 4319236.393, 81
Trd, 4319237.893, 117
Trd, 4319238.193, 92
Trd, 4319238.593, 123
Trd, 4319238.793, 122
Trd, 4319240.393, 113
Trd, 4319240.743, 136
Trd, 4319241.143, 90
Trd, 4319242.343, 139
Trd, 4319243.193, 99
Trd, 4319244.893, 136
Trd, 4319245.393, 137
Trd, 4319245.493, 133
Trd, 4319245.743, 121
Trd, 4319245.893, 133
Trd, 4319247.193, 126
Trd, 4319247.293, 120
Trd, 4319247.943, 97
Trd, 4319248.393, 113
Trd, 4319249.693, 66
Trd, 4319249.743, 71
Trd, 4319249.843, 113
Trd, 4319250.693, 83
Trd, 4319250.943, 86
Trd, 4319251.793, 77
Trd, 4319252.343, 93
Trd, 4319252.993, 93
Trd, 4319254.043, 126
Trd, 4319254.443, 132
Trd, 4319255.593, 95
Trd, 4319255.693, 93
Trd, 4319256.843, 119
Trd, 4319257.543, 136
Trd, 4319258.093, 128
Trd, 4319258.593, 136
Trd, 4319260.043, 138
Trd, 4319260.393, 135
Trd, 4319261.343, 114
Trd, 4319261.593, 124
Trd, 4319262.343, 104
Trd, 4319262.943, 99
Trd, 4319263.393, 109
Trd, 4319263.943, 76
Trd, 4319264.443, 90
Trd, 4319264.793, 109
Trd, 4319265.443, 88
Trd, 4319266.143, 89
Trd, 4319267.193, 117
Trd, 4319267.343, 113
Trd, 4319269.893, 119
Trd, 4319270.143, 125
Trd, 4319270.343, 121
Trd, 4319272.293, 115
Trd, 4319273.643, 120
Trd, 4319273.843, 110
Trd, 4319274.593, 137
Trd, 4319274.693, 97
Trd, 4319275.043, 108
Trd, 4319275.743, 139
Trd, 4319276.093, 124
Trd, 4319277.043, 121
Trd, 4319277.493, 118
Trd, 4319277.543, 111
Trd, 4319278.293, 120
Trd, 4319279.443, 126
Trd, 4319279.993, 129
Trd, 4319280.193, 86
Trd, 4319282.643, 126
Trd, 4319282.943, 136
Trd, 4319283.643, 115
Trd, 4319284.243, 138
Trd, 4319285.443, 130
Trd, 4319285.843, 135
Trd, 4319286.143, 125
Trd, 4319286.843, 87
Trd, 4319287.093, 100
Trd, 4319288.093, 112
Trd, 4319288.243, 114
Trd, 4319288.693, 121
Trd, 4319289.293, 62
Trd, 4319290.593, 108
Trd, 4319291.393, 121
Trd, 4319291.943, 115
Trd, 4319293.293, 135
Trd, 4319294.093, 135
Trd, 4319294.293, 119
Trd, 4319294.943, 111
Trd, 4319295.593, 89
Trd, 4319295.993, 138
Trd, 4319297.143, 140
Trd, 4319297.893, 110
Trd, 4319298.443, 96
Trd, 4319298.693, 126
Trd, 4319299.443, 99
Trd, 4319299.943, 117
Trd, 4319300.193, 131
Trd, 4319300.493, 88
Trd, 4319300.793, 81
Trd, 4319300.943, 129
Trd, 4319301.343, 67
Trd, 4319302.293, 91
Trd, 4319302.543, 93
Trd, 4319304.143, 86
Trd, 4319305.343, 131
Trd, 4319305.643, 91
Trd, 4319306.043, 117
Trd, 4319307.043, 116
Trd, 4319307.543, 121
Trd, 4319308.443, 120
Trd, 4319308.743, 116
Trd, 4319309.243, 101
Trd, 4319310.493, 127
Trd, 4319310.743, 103
Trd, 4319311.493, 129
Trd, 4319312.793, 126
Trd, 4319312.843, 87
Trd, 4319313.143, 95
Trd, 4319314.643, 124
Trd, 4319315.743, 110
Trd, 4319316.093, 86
Trd, 4319316.843, 133
Trd, 4319317.543, 130
Trd, 4319318.243, 128
Trd, 4319319.693, 140
Trd, 4319320.343, 135
Trd, 4319321.043, 98
Trd, 4319322.593, 135
Trd, 4319324.843, 127
Trd, 4319326.293, 133
Trd, 4319326.943, 131
Trd, 4319327.443, 137
Trd, 4319327.693, 121
Trd, 4319328.343, 124
Trd, 4319328.543, 125
Trd, 4319328.743, 124
Trd, 4319328.893, 99
Trd, 4319330.043, 137
Trd, 4319330.693, 116
Trd, 4319331.743, 137
Trd, 4319332.143, 101
Trd, 4319332.893, 123
Trd, 4319333.443, 88
Trd, 4319334.893, 109
Trd, 4319336.893, 138
Trd, 4319337.143, 138
Trd, 4319337.393, 133
Trd, 4319338.143, 133
Trd, 4319338.693, 115
Trd, 4319339.293, 131
Trd, 4319339.493, 103
Trd, 4319340.043, 95
Trd, 4319340.993, 133
Trd, 4319341.693, 112
Trd, 4319342.393, 125
Trd, 4319342.943, 127
Trd, 4319342.993, 134
Trd, 4319343.593, 104
Trd, 4319343.693, 131
Trd, 4319344.143, 136
Trd, 4319346.443, 120
Trd, 4319347.093, 130
Trd, 4319348.243, 126
Trd, 4319348.443, 129
Trd, 4319348.493, 102
Trd, 4319352.243, 139
Trd, 4319352.293, 136
Trd, 4319353.293, 140
Trd, 4319353.543, 134
Trd, 4319353.943, 97
Trd, 4319354.493, 135
Trd, 4319355.193, 139
Trd, 4319355.843, 138
Trd, 4319356.093, 137
Trd, 4319356.593, 101
Trd, 4319359.193, 138
Trd, 4319359.643, 135
Trd, 4319359.943, 133
Trd, 4319361.343, 129
Trd, 4319361.443, 120
Trd, 4319361.593, 134
Trd, 4319362.143, 132
Trd, 4319363.143, 135
Trd, 4319364.143, 129
Trd, 4319364.293, 124
Trd, 4319365.843, 121
Trd, 4319365.893, 71
Trd, 4319366.143, 127
Trd, 4319367.743, 124
Trd, 4319367.793, 107
Trd, 4319368.393, 130
Trd, 4319369.343, 99
Trd, 4319371.543, 109
Trd, 4319371.693, 104
Trd, 4319371.993, 80
Trd, 4319372.093, 99
Trd, 4319372.393, 115
Trd, 4319372.893, 65
Trd, 4319373.943, 90
Trd, 4319374.243, 93
Trd, 4319375.143, 103
Trd, 4319375.443, 82
Trd, 4319376.293, 85
Trd, 4319376.693, 128
Trd, 4319376.843, 90
Trd, 4319377.393, 131
Trd, 4319378.143, 133
Trd, 4319378.343, 106
Trd, 4319380.043, 117
Trd, 4319381.193, 122
Trd, 4319381.943, 90
Trd, 4319382.193, 82
Trd, 4319382.693, 126
Trd, 4319382.793, 119
Trd, 4319384.693, 65
Trd, 4319384.793, 67
Trd, 4319385.893, 138
Trd, 4319386.193, 119
Trd, 4319387.243, 122
Trd, 4319388.143, 114
Trd, 4319388.593, 135
Trd, 4319388.643, 121
Trd, 4319389.793, 107
Trd, 4319390.943, 120
Trd, 4319391.643, 100
Trd, 4319392.743, 116
Trd, 4319394.543, 139
Trd, 4319394.843, 137
Trd, 4319395.593, 138
Trd, 4319395.943, 132
Trd, 4319396.293, 110
Trd, 4319396.343, 118
Trd, 4319396.893, 85
Trd, 4319397.293, 116
Trd, 4319398.793, 125
Trd, 4319399.143, 118
Trd, 4319399.443, 74
Trd, 4319400.493, 140
Trd, 4319400.993, 129
Trd, 4319402.293, 126
Trd, 4319402.893, 130
Trd, 4319404.643, 136
Trd, 4319406.243, 137
Trd, 4319406.893, 101
Trd, 4319407.193, 98
Trd, 4319407.543, 98
Trd, 4319407.843, 140
Trd, 4319407.943, 81
Trd, 4319409.193, 75
Trd, 4319409.243, 86
Trd, 4319409.593, 115
Trd, 4319410.243, 120
Trd, 4319411.893, 86
Trd, 4319412.193, 128
Trd, 4319412.393, 140
Trd, 4319412.543, 80
Trd, 4319413.743, 69
Trd, 4319414.043, 99
Trd, 4319415.243, 66
Trd, 4319416.093, 85
Trd, 4319417.343, 137
Trd, 4319417.493, 135
Trd, 4319417.693, 96
Trd, 4319418.793, 101
Trd, 4319418.943, 96
Trd, 4319419.393, 83
Trd, 4319419.843, 90
Trd, 4319420.293, 86
Trd, 4319421.193, 112
Trd, 4319421.343, 100
Trd, 4319423.943, 136
Trd, 4319424.493, 136
Trd, 4319424.643, 131
Trd, 4319425.643, 122
Trd, 4319425.893, 121
Trd, 4319425.943, 114
Trd, 4319426.193, 131
Trd, 4319427.743, 136
Trd, 4319428.543, 134
Trd, 4319428.693, 120
Trd, 4319428.993, 130
Trd, 4319430.043, 140
Trd, 4319430.343, 115
Trd, 4319431.243, 109
Trd, 4319431.293, 118
Trd, 4319432.243, 123
Trd, 4319434.393, 118
Trd, 4319434.943, 124
Trd, 4319435.143, 117
Trd, 4319436.043, 122
Trd, 4319436.893, 113
Trd, 4319437.143, 101
Trd, 4319437.343, 85
Trd, 4319437.593, 133
Trd, 4319439.343, 137
Trd, 4319440.043, 105
Trd, 4319441.643, 130
Trd, 4319441.793, 125
Trd, 4319442.243, 90
Trd, 4319443.643, 113
Trd, 4319443.793, 98
Trd, 4319444.343, 118
Trd, 4319445.093, 118
Trd, 4319445.493, 139
Trd, 4319446.243, 98
Trd, 4319446.293, 126
Trd, 4319448.193, 132
Trd, 4319448.493, 112
Trd, 4319449.743, 140
Trd, 4319449.943, 129
Trd, 4319451.043, 132
Trd, 4319451.593, 83
Trd, 4319451.943, 107
Trd, 4319452.893, 92
Trd, 4319453.743, 115
Trd, 4319455.393, 139
Trd, 4319455.693, 117
Trd, 4319455.843, 115
Trd, 4319457.093, 137
Trd, 4319457.393, 114
Trd, 4319458.193, 113
Trd, 4319459.143, 119
Trd, 4319459.193, 88
Trd, 4319461.043, 136
Trd, 4319461.493, 103
Trd, 4319462.843, 120
Trd, 4319463.243, 115
Trd, 4319463.393, 98
Trd, 4319463.543, 108
Trd, 4319464.093, 122
Trd, 4319466.193, 133
Trd, 4319466.593, 133
Trd, 4319466.743, 128
Trd, 4319467.643, 95
Trd, 4319468.643, 119
Trd, 4319469.343, 138
Trd, 4319470.593, 139
Trd, 4319471.443, 136
Trd, 4319472.043, 136
Trd, 4319473.293, 140
Trd, 4319473.493, 130
Trd, 4319473.643, 113
Trd, 4319474.043, 127
Trd, 4319474.643, 111
Trd, 4319475.293, 92
Trd, 4319475.643, 121
Trd, 4319477.693, 140
Trd, 4319477.943, 136
Trd, 4319478.293, 128
Trd, 4319479.843, 118
Trd, 4319479.943, 116
Trd, 4319480.593, 133
Trd, 4319480.993, 127
Trd, 4319481.093, 87
Trd, 4319482.093, 71
Trd, 4319482.393, 70
Trd, 4319483.243, 64
Trd, 4319483.743, 94
Trd, 4319484.293, 138
Trd, 4319485.893, 130
Trd, 4319486.893, 135
Trd, 4319487.543, 138
Trd, 4319488.193, 133
Trd, 4319489.543, 131
Trd, 4319490.643, 120
Trd, 4319490.793, 124
Trd, 4319492.193, 134
Trd, 4319492.243, 123
Trd, 4319492.643, 94
Trd, 4319492.943, 111
Trd, 4319493.093, 93
Trd, 4319494.443, 80
Trd, 4319494.593, 138
Trd, 4319496.243, 116
Trd, 4319497.043, 131
Trd, 4319497.493, 92
Trd, 4319498.143, 116
Trd, 4319499.093, 131
Trd, 4319499.393, 122
Trd, 4319500.893, 98
Trd, 4319501.593, 86
Trd, 4319502.643, 134
Trd, 4319503.193, 127
Trd, 4319503.293, 126
Trd, 4319503.643, 115
Trd, 4319504.243, 101
Trd, 4319504.793, 82
Trd, 4319505.393, 93
Trd, 4319505.693, 116
Trd, 4319506.693, 106
Trd, 4319507.293, 128
Trd, 4319509.593, 139
Trd, 4319510.193, 130
Trd, 4319510.393, 121
Trd, 4319511.343, 128
Trd, 4319512.593, 91
Trd, 4319512.793, 87
Trd, 4319513.493, 93
Trd, 4319514.893, 115
Trd, 4319515.393, 92
Trd, 4319516.393, 136
Trd, 4319517.743, 131
Trd, 4319518.743, 137
Trd, 4319518.943, 131
Trd, 4319519.143, 84
Trd, 4319519.443, 104
Trd, 4319520.043, 103
Trd, 4319520.643, 118
Trd, 4319520.943, 70
Trd, 4319521.393, 74
Trd, 4319522.793, 74
Trd, 4319523.993, 136
Trd, 4319525.693, 113
Trd, 4319526.093, 107
Trd, 4319526.443, 127
Trd, 4319526.893, 115
Trd, 4319527.193, 90
Trd, 4319527.393, 110
Trd, 4319528.393, 108
Trd, 4319529.093, 138
Trd, 4319529.993, 126
Trd, 4319530.943, 118
Trd, 4319531.643, 140
Trd, 4319532.743, 104
Trd, 4319533.043, 133
Trd, 4319533.593, 101
Trd, 4319534.893, 128
Trd, 4319535.393, 126
Trd, 4319535.943, 130
Trd, 4319536.643, 138
Trd, 4319536.843, 95
Trd, 4319538.043, 121
Trd, 4319538.093, 128
Trd, 4319540.243, 140
Trd, 4319540.293, 129
Trd, 4319541.993, 130
Trd, 4319542.093, 139
Trd, 4319543.943, 125
Trd, 4319544.493, 139
Trd, 4319544.593, 138
Trd, 4319544.843, 127
Trd, 4319545.743, 135
Trd, 4319546.593, 94
Trd, 4319547.593, 97
Trd, 4319549.043, 125
Trd, 4319549.493, 123
Trd, 4319550.393, 124
Trd, 4319550.643, 133
Trd, 4319551.093, 102
Trd, 4319551.543, 99
Trd, 4319551.843, 133
Trd, 4319552.943, 91
Trd, 4319553.443, 111
Trd, 4319555.543, 129
Trd, 4319556.093, 136
Trd, 4319556.643, 131
Trd, 4319557.293, 122
Trd, 4319557.393, 117
Trd, 4319558.243, 135
Trd, 4319558.693, 120
Trd, 4319560.343, 140
Trd, 4319562.143, 138
Trd, 4319563.143, 134
Trd, 4319563.493, 128
Trd, 4319563.893, 113
Trd, 4319564.343, 88
Trd, 4319565.293, 136
Trd, 4319565.443, 118
Trd, 4319565.643, 117
Trd, 4319569.143, 135
Trd, 4319569.393, 138
Trd, 4319571.493, 138
Trd, 4319572.743, 132
Trd, 4319572.893, 128
Trd, 4319572.993, 102
Trd, 4319573.143, 93
Trd, 4319573.993, 110
Trd, 4319574.293, 98
Trd, 4319574.493, 128
Trd, 4319574.843, 95
Trd, 4319576.043, 119
Trd, 4319576.793, 127
Trd, 4319576.943, 120
Trd, 4319577.443, 128
Trd, 4319578.743, 117
Trd, 4319579.493, 135
Trd, 4319580.293, 122
Trd, 4319580.993, 87
Trd, 4319581.043, 102
Trd, 4319581.393, 66
Trd, 4319582.693, 117
Trd, 4319583.393, 124
Trd, 4319583.743, 125
Trd, 4319584.343, 123
Trd, 4319584.493, 131
Trd, 4319585.493, 140
Trd, 4319586.393, 131
Trd, 4319587.343, 139
Trd, 4319587.393, 133
Trd, 4319588.743, 123
Trd, 4319588.843, 101
Trd, 4319589.993, 138
Trd, 4319590.543, 129
Trd, 4319590.643, 121
Trd, 4319591.993, 132
Trd, 4319592.493, 136
Trd, 4319592.743, 123
Trd, 4319593.293, 118
Trd, 4319593.843, 69
Trd, 4319594.393, 129
Trd, 4319594.493, 124
Trd, 4319595.893, 137
Trd, 4319596.543, 104
Trd, 4319596.843, 107
Trd, 4319597.143, 119
Trd, 4319597.243, 103
Trd, 4319598.143, 92
Trd, 4319598.293, 78
Trd, 4319599.043, 67
Trd, 4319600.443, 81
Trd, 4319600.493, 110
Trd, 4319601.043, 63
Trd, 4319601.243, 126
Trd, 4319603.293, 96
Trd, 4319603.543, 88
Trd, 4319604.243, 121
Trd, 4319605.693, 74
Trd, 4319606.843, 132
Trd, 4319606.943, 118
Trd, 4319607.243, 112
Trd, 4319607.443, 133
Trd, 4319608.693, 89
Trd, 4319608.943, 135
Trd, 4319609.193, 103
Trd, 4319609.893, 131
Trd, 4319610.743, 107
Trd, 4319611.843, 88
Trd, 4319613.643, 131
Trd, 4319613.793, 105
Trd, 4319614.143, 127
Trd, 4319614.593, 106
Trd, 4319614.793, 109
Trd, 4319614.893, 101
Trd, 4319616.443, 113
Trd, 4319616.843, 127
Trd, 4319617.393, 125
Trd, 4319617.993, 138
Trd, 4319618.293, 63
Trd, 4319619.143, 124
Trd, 4319620.543, 140
Trd, 4319620.793, 137
Trd, 4319621.343, 70
Trd, 4319621.893, 92
Trd, 4319622.893, 105
Trd, 4319622.943, 97
Trd, 4319624.843, 105
Trd, 4319625.143, 105
Trd, 4319626.443, 121
Trd, 4319627.443, 139
Trd, 4319627.793, 135
Trd, 4319629.093, 130
Trd, 4319629.293, 131
Trd, 4319630.043, 121
Trd, 4319630.343, 120
Trd, 4319631.493, 135
Trd, 4319631.543, 101
Trd, 4319632.793, 127
Trd, 4319633.543, 134
Trd, 4319633.743, 131
Trd, 4319634.693, 131
Trd, 4319634.743, 129
Trd, 4319635.093, 124
Trd, 4319635.443, 121
Trd, 4319636.043, 127
Trd, 4319636.993, 128
Trd, 4319637.443, 123
Trd, 4319637.743, 112
Trd, 4319639.693, 110
Trd, 4319640.643, 140
Trd, 4319640.943, 133
Trd, 4319641.393, 123
Trd, 4319642.093, 128
Trd, 4319642.943, 119
Trd, 4319643.643, 138
Trd, 4319643.743, 106
Trd, 4319644.393, 102
Trd, 4319644.593, 96
Trd, 4319645.143, 110
Trd, 4319646.493, 135
Trd, 4319646.793, 132
Trd, 4319647.643, 76
Trd, 4319648.793, 131
Trd, 4319649.443, 104
Trd, 4319649.893, 77
Trd, 4319651.143, 135
Trd, 4319651.893, 136
Trd, 4319652.243, 131
Trd, 4319652.793, 125
Trd, 4319653.143, 113
Trd, 4319654.043, 122
Trd, 4319654.443, 100
Trd, 4319655.593, 139
Trd, 4319656.543, 131
Trd, 4319656.793, 103
Trd, 4319656.993, 129
Trd, 4319657.843, 117
Trd, 4319658.543, 110
Trd, 4319658.593, 97
Trd, 4319660.543, 133
Trd, 4319661.093, 122
Trd, 4319662.243, 135
Trd, 4319662.293, 112
Trd, 4319662.793, 105
Trd, 4319663.043, 88
Trd, 4319663.343, 86
Trd, 4319663.993, 126
Trd, 4319664.693, 130
Trd, 4319665.893, 139
Trd, 4319665.943, 138
Trd, 4319666.493, 103
Trd, 4319667.843, 97
Trd, 4319668.343, 90
Trd, 4319669.143, 102
Trd, 4319669.793, 75
Trd, 4319670.143, 115
Trd, 4319670.593, 131
Trd, 4319671.093, 111
Trd, 4319671.543, 110
Trd, 4319671.743, 135
Trd, 4319672.343, 129
Trd, 4319672.943, 106
Trd, 4319673.743, 108
Trd, 4319674.893, 126
Trd, 4319676.193, 103
Trd, 4319676.393, 66
Trd, 4319676.543, 84
Trd, 4319677.343, 101
Trd, 4319677.793, 131
Trd, 4319678.543, 132
Trd, 4319679.543, 135
Trd, 4319680.543, 121
Trd, 4319680.843, 115
Trd, 4319681.343, 85
Trd, 4319682.593, 127
Trd, 4319682.943, 135
Trd, 4319684.693, 139
Trd, 4319684.743, 130
Trd, 4319685.193, 126
Trd, 4319685.643, 89
Trd, 4319686.443, 82
Trd, 4319687.193, 120
Trd, 4319687.543, 123
Trd, 4319688.843, 131
Trd, 4319689.193, 117
Trd, 4319689.543, 133
Trd, 4319690.693, 137
Trd, 4319693.143, 137
Trd, 4319693.393, 131
Trd, 4319693.993, 101
Trd, 4319694.443, 126
Trd, 4319694.643, 125
Trd, 4319695.743, 135
Trd, 4319696.443, 127
Trd, 4319696.943, 136
Trd, 4319697.943, 60
Trd, 4319698.343, 61
Trd, 4319699.693, 140
Trd, 4319700.293, 133
Trd, 4319701.743, 139
Trd, 4319702.143, 117
Trd, 4319702.293, 105
Trd, 4319703.993, 126
Trd, 4319704.793, 121
Trd, 4319706.393, 138
Trd, 4319706.793, 118
Trd, 4319707.293, 114
Trd, 4319707.443, 135
Trd, 4319707.643, 102
Trd, 4319707.793, 119
Trd, 4319708.893, 129
Trd, 4319708.943, 101
Trd, 4319709.243, 96
Trd, 4319710.493, 131
Trd, 4319711.143, 122
Trd, 4319711.693, 101
Trd, 4319713.193, 108
Trd, 4319714.243, 106
Trd, 4319714.943, 140
Trd, 4319715.693, 133
Trd, 4319716.293, 136
Trd, 4319716.743, 135
Trd, 4319717.143, 93
Trd, 4319717.243, 88
Trd, 4319718.593, 140
Trd, 4319718.993, 126
Trd, 4319719.893, 137
Trd, 4319719.993, 125
Trd, 4319721.893, 140
Trd, 4319722.043, 134
Trd, 4319723.343, 105
Trd, 4319724.443, 77
Trd, 4319725.593, 103
Trd, 4319725.693, 61
Trd, 4319725.993, 107
Trd, 4319726.343, 115
Trd, 4319726.843, 71
Trd, 4319727.593, 104
Trd, 4319728.193, 127
Trd, 4319729.043, 121
Trd, 4319729.393, 89
Trd, 4319730.293, 89
Trd, 4319731.443, 133
Trd, 4319732.143, 72
Trd, 4319732.543, 140
Trd, 4319732.893, 132
Trd, 4319733.843, 105
Trd, 4319734.343, 133
Trd, 4319734.493, 132
Trd, 4319736.343, 124
Trd, 4319736.593, 111
Trd, 4319737.293, 140
Trd, 4319737.543, 137
Trd, 4319738.593, 109
Trd, 4319740.593, 112
Trd, 4319741.493, 105
Trd, 4319741.793, 132
Trd, 4319742.743, 132
Trd, 4319744.693, 119
Trd, 4319744.743, 109
Trd, 4319744.943, 100
Trd, 4319745.793, 122
Trd, 4319746.143, 119
Trd, 4319746.743, 103
Trd, 4319746.993, 121
Trd, 4319748.143, 117
Trd, 4319748.893, 138
Trd, 4319749.093, 124
Trd, 4319750.143, 129
Trd, 4319751.843, 128
Trd, 4319752.143, 102
Trd, 4319752.893, 130
Trd, 4319753.443, 92
Trd, 4319754.343, 125
Trd, 4319754.793, 138
Trd, 4319755.543, 91
Trd, 4319756.293, 139
Trd, 4319757.443, 140
Trd, 4319757.593, 121
Trd, 4319758.493, 123
Trd, 4319758.793, 114
Trd, 4319758.843, 112
Trd, 4319760.043, 125
Trd, 4319761.743, 129
Trd, 4319761.893, 106
Trd, 4319763.243, 138
Trd, 4319763.443, 135
Trd, 4319764.243, 98
Trd, 4319764.493, 138
Trd, 4319764.743, 132
Trd, 4319765.993, 125
Trd, 4319766.993, 98
Trd, 4319767.293, 91
Trd, 4319768.093, 120
Trd, 4319768.193, 129
Trd, 4319769.043, 82
Trd, 4319769.793, 139
Trd, 4319770.093, 137
Trd, 4319770.343, 132
Trd, 4319770.593, 122
Trd, 4319772.243, 111
Trd, 4319772.393, 109
Trd, 4319773.193, 112
Trd, 4319773.593, 135
Trd, 4319774.143, 112
Trd, 4319774.443, 124
Trd, 4319775.193, 126
Trd, 4319775.693, 117
Trd, 4319776.293, 113
Trd, 4319777.643, 121
Trd, 4319778.193, 116
Trd, 4319778.993, 138
Trd, 4319779.293, 118
Trd, 4319780.343, 116
Trd, 4319780.493, 101
Trd, 4319781.943, 123
Trd, 4319782.743, 124
Trd, 4319782.943, 108
Trd, 4319784.043, 128
Trd, 4319784.993, 134
Trd, 4319785.643, 112
Trd, 4319786.543, 87
Trd, 4319786.943, 134
Trd, 4319788.693, 124
Trd, 4319789.043, 114
Trd, 4319789.243, 90
Trd, 4319789.843, 118
Trd, 4319790.093, 115
Trd, 4319790.143, 110
Trd, 4319791.493, 100
Trd, 4319792.043, 133
Trd, 4319793.343, 138
Trd, 4319793.743, 138
Trd, 4319795.593, 138
Trd, 4319795.843, 130
Trd, 4319796.143, 135
Trd, 4319797.893, 138
Trd, 4319798.493, 133
Trd, 4319798.543, 132
Trd, 4319799.693, 137
Trd, 4319800.593, 135
Trd, 4319801.693, 109
Trd, 4319802.693, 99
Trd, 4319803.843, 84
Trd, 4319804.243, 98
Trd, 4319804.293, 101
Trd, 4319805.243, 99
Trd, 4319806.593, 107
Trd, 4319806.643, 85
Trd, 4319807.493, 139
Trd, 4319807.793, 130
Trd, 4319808.243, 118
Trd, 4319808.343, 128
Trd, 4319808.493, 125
Trd, 4319808.843, 123
Trd, 4319809.393, 105
Trd, 4319810.243, 122
Trd, 4319811.593, 116
Trd, 4319812.593, 118
Trd, 4319812.993, 134
Trd, 4319813.893, 138
Trd, 4319814.243, 108
Trd, 4319814.743, 137
Trd, 4319814.993, 136
Trd, 4319815.243, 102
Trd, 4319816.793, 138
Trd, 4319816.893, 123
Trd, 4319816.993, 101
Trd, 4319817.493, 131
Trd, 4319818.393, 116
Trd, 4319819.543, 82
Trd, 4319820.793, 69
Trd, 4319821.593, 129
Trd, 4319822.193, 124
Trd, 4319822.493, 69
Trd, 4319823.043, 79
Trd, 4319824.393, 137
Trd, 4319825.193, 91
Trd, 4319825.643, 129
Trd, 4319825.793, 115
Trd, 4319826.243, 119
Trd, 4319826.843, 135
Trd, 4319827.743, 132
Trd, 4319827.943, 120
Trd, 4319828.243, 119
Trd, 4319829.943, 128
Trd, 4319830.243, 127
Trd, 4319830.693, 106
Trd, 4319831.943, 120
Trd, 4319833.243, 108
Trd, 4319833.393, 99
Trd, 4319833.993, 133
Trd, 4319835.543, 116
Trd, 4319836.443, 135
Trd, 4319837.093, 83
Trd, 4319838.093, 120
Trd, 4319839.093, 75
Trd, 4319839.443, 93
Trd, 4319839.993, 73
Trd, 4319840.693, 131
Trd, 4319841.293, 95
Trd, 4319842.393, 135
Trd, 4319843.943, 127
Trd, 4319844.393, 91
Trd, 4319844.893, 122
Trd, 4319845.343, 99
Trd, 4319845.643, 110
Trd, 4319845.893, 83
Trd, 4319846.943, 75
Trd, 4319848.393, 127
Trd, 4319848.493, 125
Trd, 4319849.443, 110
Trd, 4319849.493, 105
Trd, 4319850.643, 137
Trd, 4319850.943, 93
Trd, 4319852.593, 138
Trd, 4319853.693, 139
Trd, 4319854.443, 135
Trd, 4319854.593, 116
Trd, 4319854.643, 93
Trd, 4319855.093, 88
Trd, 4319855.543, 139
Trd, 4319856.393, 139
Trd, 4319856.443, 130
Trd, 4319857.543, 109
Trd, 4319859.143, 138
Trd, 4319859.393, 132
Trd, 4319862.493, 128
Trd, 4319862.693, 138
Trd, 4319863.493, 130
Trd, 4319863.743, 136
Trd, 4319865.593, 116
Trd, 4319865.643, 118
Trd, 4319865.843, 113
Trd, 4319865.893, 115
Trd, 4319866.043, 109
Trd, 4319866.293, 128
Trd, 4319867.043, 131
Trd, 4319867.493, 113
Trd, 4319868.143, 119
Trd, 4319869.143, 121
Trd, 4319869.243, 105
Trd, 4319869.893, 88
Trd, 4319870.893, 115
Trd, 4319871.093, 131
Trd, 4319872.143, 71
Trd, 4319873.043, 127
Trd, 4319873.393, 124
Trd, 4319873.543, 97
Trd, 4319873.793, 72
Trd, 4319875.143, 92
Trd, 4319875.193, 110
Trd, 4319876.193, 136
Trd, 4319877.543, 133
Trd, 4319877.643, 133
Trd, 4319877.893, 135
Trd, 4319877.943, 133
Trd, 4319879.743, 140
Trd, 4319880.943, 139
Trd, 4319881.793, 126
Trd, 4319882.543, 91
Trd, 4319882.643, 119
Trd, 4319882.793, 84
Trd, 4319883.343, 81
Trd, 4319883.843, 77
Trd, 4319884.293, 92
Trd, 4319884.743, 105
Trd, 4319885.143, 66
Trd, 4319886.243, 81
Trd, 4319887.493, 138
Trd, 4319889.043, 138
Trd, 4319889.093, 133
Trd, 4319889.943, 136
Trd, 4319890.993, 139
Trd, 4319892.443, 136
Trd, 4319892.943, 115
Trd, 4319893.043, 103
Trd, 4319893.593, 112
Trd, 4319894.343, 133
Trd, 4319894.893, 130
Trd, 4319896.093, 135
Trd, 4319897.043, 102
Trd, 4319898.443, 131
Trd, 4319899.493, 139
Trd, 4319899.743, 129
Trd, 4319900.643, 125
Trd, 4319901.493, 97
Trd, 4319902.193, 113
Trd, 4319902.293, 77
Trd, 4319902.993, 61
Trd, 4319903.893, 119
Trd, 4319904.593, 95
Trd, 4319904.993, 135
Trd, 4319905.943, 94
Trd, 4319906.643, 106
Trd, 4319909.043, 128
Trd, 4319909.293, 125
Trd, 4319909.493, 125
Trd, 4319911.393, 136
Trd, 4319911.593, 91
Trd, 4319911.693, 94
Trd, 4319913.993, 104
Trd, 4319914.793, 95
Trd, 4319915.293, 115
Trd, 4319916.793, 123
Trd, 4319917.693, 131
Trd, 4319917.993, 130
Trd, 4319918.093, 123
Trd, 4319918.643, 114
Trd, 4319919.243, 133
Trd, 4319920.293, 132
Trd, 4319920.843, 140
Trd, 4319922.593, 138
Trd, 4319923.343, 129
Trd, 4319925.243, 111
Trd, 4319926.593, 127
Trd, 4319927.043, 111
Trd, 4319927.393, 129
Trd, 4319927.443, 126
Trd, 4319927.993, 109
Trd, 4319928.343, 110
Trd, 4319928.493, 119
Trd, 4319930.643, 137
Trd, 4319930.993, 140
Trd, 4319932.293, 118
Trd, 4319933.143, 128
Trd, 4319934.393, 117
Trd, 4319934.493, 139
Trd, 4319934.543, 113
Trd, 4319935.693, 136
Trd, 4319936.193, 137
Trd, 4319936.543, 104
Trd, 4319936.793, 135
Trd, 4319937.393, 125
Trd, 4319937.893, 140
Trd, 4319939.243, 111
Trd, 4319939.593, 102
Trd, 4319940.443, 115
Trd, 4319941.993, 74
Trd, 4319942.093, 76
Trd, 4319942.593, 132
Trd, 4319943.193, 73
Trd, 4319944.043, 126
Trd, 4319946.493, 133
Trd, 4319946.743, 126
Trd, 4319947.043, 136
Trd, 4319948.243, 125
Trd, 4319949.093, 134
Trd, 4319949.343, 134
Trd, 4319949.443, 119
Trd, 4319949.543, 118
Trd, 4319950.743, 68
Trd, 4319951.293, 113
Trd, 4319951.593, 65
Trd, 4319952.093, 63
Trd, 4319952.143, 110
Trd, 4319952.993, 63
Trd, 4319953.343, 121
Trd, 4319954.993, 97
Trd, 4319955.843, 133
Trd, 4319956.143, 102
Trd, 4319956.493, 69
Trd, 4319956.843, 126
Trd, 4319957.943, 79
Trd, 4319958.643, 87
Trd, 4319959.043, 67
Trd, 4319959.543, 109
Trd, 4319960.893, 121
Trd, 4319961.293, 137
Trd, 4319961.993, 75
Trd, 4319962.343, 115
Trd, 4319963.843, 132
Trd, 4319964.493, 134
Trd, 4319964.593, 121
Trd, 4319964.643, 114
Trd, 4319965.593, 136
Trd, 4319965.843, 128
Trd, 4319968.393, 134
Trd, 4319969.193, 134
Trd, 4319969.243, 124
Trd, 4319970.143, 138
Trd, 4319970.243, 101
Trd, 4319971.043, 89
Trd, 4319971.543, 101
Trd, 4319971.793, 95
Trd, 4319972.843, 137
Trd, 4319973.143, 133
Trd, 4319973.593, 140
Trd, 4319975.043, 94
Trd, 4319975.143, 70
Trd, 4319975.843, 118
Trd, 4319977.593, 131
Trd, 4319977.793, 93
Trd, 4319978.043, 72
Trd, 4319978.943, 118
Trd, 4319979.093, 103
Trd, 4319979.993, 134
Trd, 4319980.943, 140
Trd, 4319981.143, 123
Trd, 4319981.193, 110
Trd, 4319981.243, 100
Trd, 4319981.643, 95
Trd, 4319982.593, 94
Trd, 4319983.843, 133
Trd, 4319984.143, 136
Trd, 4319985.093, 100
Trd, 4319986.093, 97
Trd, 4319986.843, 114
Trd, 4319988.593, 139
Trd, 4319988.993, 74
Trd, 4319989.693, 140
Trd, 4319989.993, 105
Trd, 4319990.993, 138
Trd, 4319992.043, 135
Trd, 4319993.093, 125
Trd, 4319993.243, 123
Trd, 4319993.493, 128
Trd, 4319994.193, 122
Trd, 4319994.943, 132
Trd, 4319995.543, 129
Trd, 4319996.793, 133
Trd, 4319996.893, 127
Trd, 4319997.443, 140
Trd, 4319998.343, 124
Trd, 4319998.743, 93
