Trd, 4318118.843, 123
Trd, 4318120.943, 139
Trd, 4318121.043, 121
Trd, 4318122.343, 103
Trd, 4318124.443, 122
Trd, 4318125.343, 116
Trd, 4318125.993, 115
Trd, 4318126.543, 109
Trd, 4318126.593, 105
Trd, 4318127.543, 126
Trd, 4318128.043, 108
Trd, 4318128.443, 107
Trd, 4318128.493, 102
Trd, 4318129.093, 87
Trd, 4318131.493, 140
Trd, 4318131.843, 125
Trd, 4318132.643, 124
Trd, 4318132.843, 115
Trd, 4318133.493, 90
Trd, 4318133.893, 87
Trd, 4318134.843, 105
Trd, 4318134.893, 86
Trd, 4318136.293, 91
Trd, 4318138.143, 90
Trd, 4318138.343, 92
Trd, 4318138.393, 86
Trd, 4318138.543, 109
Trd, 4318139.193, 108
Trd, 4318141.143, 72
Trd, 4318141.393, 76
Trd, 4318141.893, 75
Trd, 4318142.793, 81
Trd, 4318142.993, 72
Trd, 4318144.193, 74
Trd, 4318144.593, 78
Trd, 4318144.643, 72
Trd, 4318144.793, 71
Trd, 4318145.643, 93
Trd, 4318147.693, 79
Trd, 4318148.543, 77
Trd, 4318148.693, 132
Trd, 4318148.893, 75
Trd, 4318150.693, 68
Trd, 4318150.843, 81
Trd, 4318151.493, 75
Trd, 4318152.443, 69
Trd, 4318153.043, 68
Trd, 4318153.393, 76
Trd, 4318155.443, 82
Trd, 4318157.043, 102
Trd, 4318157.093, 101
Trd, 4318157.393, 115
Trd, 4318157.693, 101
Trd, 4318158.443, 134
Trd, 4318158.893, 108
Trd, 4318159.343, 106
Trd, 4318160.143, 140
Trd, 4318160.743, 87
Trd, 4318162.043, 109
Trd, 4318162.843, 105
Trd, 4318163.993, 72
Trd, 4318164.493, 62
Trd, 4318166.393, 105
Trd, 4318166.843, 111
Trd, 4318166.993, 104
Trd, 4318167.243, 103
Trd, 4318167.393, 102
Trd, 4318168.043, 88
Trd, 4318169.093, 110
Trd, 4318170.543, 99
Trd, 4318171.093, 140
Trd, 4318173.193, 89
Trd, 4318173.693, 99
Trd, 4318174.593, 95
Trd, 4318174.693, 100
Trd, 4318174.893, 95
Trd, 4318175.443, 60
Trd, 4318176.493, 60
Trd, 4318177.293, 115
Trd, 4318178.043, 67
Trd, 4318178.493, 80
Trd, 4318180.043, 92
Trd, 4318180.693, 98
Trd, 4318181.443, 83
Trd, 4318182.043, 140
Trd, 4318182.443, 86
Trd, 4318182.643, 85
Trd, 4318184.093, 105
Trd, 4318184.493, 81
Trd, 4318185.043, 112
Trd, 4318186.043, 110
Trd, 4318186.843, 107
Trd, 4318186.993, 134
Trd, 4318188.243, 105
Trd, 4318189.343, 108
Trd, 4318189.843, 139
Trd, 4318190.443, 102
Trd, 4318191.593, 131
Trd, 4318191.793, 126
Trd, 4318192.093, 105
Trd, 4318193.643, 101
Trd, 4318194.593, 88
Trd, 4318194.993, 134
Trd, 4318195.643, 83
Trd, 4318196.743, 89
Trd, 4318197.293, 136
Trd, 4318198.043, 134
Trd, 4318198.143, 87
Trd, 4318199.793, 87
Trd, 4318199.943, 95
Trd, 4318201.043, 78
Trd, 4318201.243, 114
Trd, 4318201.393, 69
Trd, 4318202.993, 116
Trd, 4318203.493, 95
Trd, 4318203.693, 88
Trd, 4318203.743, 86
Trd, 4318205.343, 76
Trd, 4318206.543, 97
Trd, 4318207.643, 97
Trd, 4318208.143, 96
Trd, 4318208.543, 94
Trd, 4318208.593, 114
Trd, 4318210.393, 90
Trd, 4318210.743, 110
Trd, 4318210.893, 91
Trd, 4318211.893, 83
Trd, 4318212.993, 95
Trd, 4318213.443, 77
Trd, 4318214.243, 87
Trd, 4318215.093, 62
Trd, 4318217.893, 88
Trd, 4318217.943, 110
Trd, 4318218.193, 83
Trd, 4318219.743, 127
Trd, 4318220.893, 66
Trd, 4318222.543, 124
Trd, 4318222.693, 98
Trd, 4318223.543, 126
Trd, 4318223.593, 106
Trd, 4318224.443, 75
Trd, 4318224.793, 67
Trd, 4318227.093, 83
Trd, 4318227.643, 65
Trd, 4318227.943, 116
Trd, 4318228.343, 63
Trd, 4318228.893, 81
Trd, 4318230.293, 64
Trd, 4318230.443, 64
Trd, 4318230.743, 107
Trd, 4318232.043, 97
Trd, 4318232.693, 102
Trd, 4318233.193, 95
Trd, 4318233.693, 94
Trd, 4318234.093, 92
Trd, 4318234.293, 88
Trd, 4318235.143, 124
Trd, 4318235.293, 100
Trd, 4318235.993, 65
Trd, 4318236.943, 140
Trd, 4318237.243, 130
Trd, 4318237.793, 129
Trd, 4318237.843, 124
Trd, 4318238.093, 96
Trd, 4318240.393, 65
Trd, 4318241.243, 120
Trd, 4318242.143, 87
Trd, 4318242.243, 96
Trd, 4318242.943, 76
Trd, 4318243.593, 73
Trd, 4318243.993, 90
Trd, 4318244.693, 102
Trd, 4318245.943, 69
Trd, 4318246.093, 69
Trd, 4318247.543, 80
Trd, 4318247.743, 61
Trd, 4318248.293, 100
Trd, 4318248.793, 91
Trd, 4318249.793, 107
Trd, 4318250.243, 73
Trd, 4318250.993, 88
Trd, 4318251.493, 111
Trd, 4318253.893, 140
Trd, 4318254.643, 136
Trd, 4318254.843, 130
Trd, 4318255.593, 127
Trd, 4318255.743, 100
Trd, 4318256.043, 84
Trd, 4318256.793, 109
Trd, 4318257.593, 99
Trd, 4318257.693, 97
Trd, 4318259.393, 90
Trd, 4318260.243, 140
Trd, 4318260.393, 137
Trd, 4318260.793, 132
Trd, 4318261.343, 108
Trd, 4318261.693, 77
Trd, 4318262.043, 76
Trd, 4318262.743, 75
Trd, 4318263.693, 84
Trd, 4318265.243, 93
Trd, 4318265.693, 88
Trd, 4318266.893, 94
Trd, 4318267.593, 88
Trd, 4318268.593, 93
Trd, 4318268.743, 92
Trd, 4318269.093, 96
Trd, 4318269.893, 86
Trd, 4318270.293, 87
Trd, 4318270.643, 121
Trd, 4318272.343, 73
Trd, 4318273.093, 85
Trd, 4318273.393, 140
Trd, 4318274.693, 61
Trd, 4318274.943, 107
Trd, 4318275.143, 83
Trd, 4318275.893, 113
Trd, 4318275.943, 120
Trd, 4318279.893, 102
Trd, 4318280.243, 101
Trd, 4318281.743, 92
Trd, 4318282.293, 136
Trd, 4318282.443, 111
Trd, 4318283.493, 84
Trd, 4318283.993, 77
Trd, 4318284.593, 65
Trd, 4318285.243, 64
Trd, 4318285.593, 101
Trd, 4318286.343, 83
Trd, 4318287.243, 139
Trd, 4318287.293, 106
Trd, 4318288.343, 137
Trd, 4318288.493, 136
Trd, 4318288.743, 105
Trd, 4318289.293, 79
Trd, 4318291.143, 120
Trd, 4318291.793, 79
Trd, 4318291.893, 82
Trd, 4318292.593, 97
Trd, 4318292.893, 97
Trd, 4318293.543, 140
Trd, 4318293.693, 137
Trd, 4318294.643, 116
Trd, 4318295.543, 100
Trd, 4318296.743, 87
Trd, 4318296.843, 73
Trd, 4318297.093, 101
Trd, 4318298.893, 101
Trd, 4318299.393, 108
Trd, 4318299.693, 101
Trd, 4318301.093, 100
Trd, 4318301.343, 99
Trd, 4318302.043, 89
Trd, 4318303.043, 94
Trd, 4318303.193, 87
Trd, 4318304.143, 97
Trd, 4318304.793, 119
Trd, 4318305.843, 134
Trd, 4318306.093, 90
Trd, 4318306.943, 108
Trd, 4318307.393, 98
Trd, 4318308.193, 91
Trd, 4318308.893, 127
Trd, 4318310.543, 133
Trd, 4318310.943, 107
Trd, 4318311.493, 106
Trd, 4318312.543, 109
Trd, 4318312.593, 101
Trd, 4318313.693, 100
Trd, 4318314.493, 131
Trd, 4318316.093, 111
Trd, 4318316.543, 109
Trd, 4318317.693, 110
Trd, 4318318.193, 104
Trd, 4318318.293, 103
Trd, 4318318.893, 87
Trd, 4318319.143, 86
Trd, 4318320.743, 105
Trd, 4318321.093, 112
Trd, 4318321.743, 89
Trd, 4318321.993, 82
Trd, 4318322.243, 66
Trd, 4318324.193, 138
Trd, 4318324.593, 109
Trd, 4318324.743, 97
Trd, 4318326.543, 129
Trd, 4318327.393, 140
Trd, 4318327.743, 122
Trd, 4318328.543, 119
Trd, 4318329.093, 81
Trd, 4318329.893, 129
Trd, 4318331.593, 139
Trd, 4318331.993, 132
Trd, 4318332.443, 89
Trd, 4318332.643, 87
Trd, 4318333.743, 84
Trd, 4318335.543, 129
Trd, 4318335.993, 108
Trd, 4318336.693, 98
Trd, 4318337.193, 87
Trd, 4318337.693, 79
Trd, 4318339.593, 79
Trd, 4318339.993, 79
Trd, 4318341.493, 137
Trd, 4318341.743, 125
Trd, 4318342.243, 116
Trd, 4318342.443, 113
Trd, 4318343.343, 95
Trd, 4318343.743, 79
Trd, 4318344.943, 106
Trd, 4318345.843, 115
Trd, 4318345.893, 79
Trd, 4318346.393, 90
Trd, 4318346.993, 71
Trd, 4318347.593, 72
Trd, 4318348.643, 137
Trd, 4318348.993, 71
Trd, 4318349.893, 102
Trd, 4318351.293, 89
Trd, 4318351.593, 95
Trd, 4318352.393, 92
Trd, 4318352.993, 90
Trd, 4318353.043, 107
Trd, 4318353.093, 88
Trd, 4318353.143, 85
Trd, 4318354.893, 136
Trd, 4318354.943, 130
Trd, 4318356.793, 124
Trd, 4318357.893, 118
Trd, 4318358.043, 116
Trd, 4318358.843, 114
Trd, 4318360.143, 104
Trd, 4318361.993, 79
Trd, 4318362.393, 75
Trd, 4318362.943, 71
Trd, 4318362.993, 84
Trd, 4318363.443, 83
Trd, 4318363.893, 76
Trd, 4318364.643, 76
Trd, 4318365.043, 82
Trd, 4318365.643, 61
Trd, 4318366.043, 107
Trd, 4318367.143, 100
Trd, 4318367.293, 120
Trd, 4318369.643, 75
Trd, 4318370.943, 81
Trd, 4318371.343, 79
Trd, 4318372.093, 76
Trd, 4318372.593, 89
Trd, 4318373.343, 101
Trd, 4318373.393, 95
Trd, 4318374.443, 140
Trd, 4318376.293, 123
Trd, 4318377.643, 140
Trd, 4318377.943, 137
Trd, 4318378.493, 130
Trd, 4318378.543, 128
Trd, 4318379.493, 107
Trd, 4318379.843, 118
Trd, 4318381.593, 118
Trd, 4318381.693, 110
Trd, 4318382.593, 71
Trd, 4318383.543, 64
Trd, 4318383.993, 76
Trd, 4318384.593, 87
Trd, 4318384.793, 107
Trd, 4318385.393, 127
Trd, 4318385.693, 124
Trd, 4318385.893, 96
Trd, 4318386.943, 85
Trd, 4318387.393, 97
Trd, 4318389.143, 111
Trd, 4318389.243, 106
Trd, 4318389.643, 103
Trd, 4318389.743, 92
Trd, 4318391.393, 139
Trd, 4318391.543, 136
Trd, 4318392.493, 113
Trd, 4318394.693, 104
Trd, 4318394.793, 86
Trd, 4318395.143, 74
Trd, 4318396.093, 72
Trd, 4318397.893, 93
Trd, 4318398.893, 119
Trd, 4318399.893, 96
Trd, 4318400.343, 89
Trd, 4318402.343, 88
Trd, 4318402.893, 92
Trd, 4318402.993, 76
Trd, 4318403.393, 83
Trd, 4318404.093, 90
Trd, 4318404.793, 76
Trd, 4318406.393, 84
Trd, 4318406.943, 91
Trd, 4318407.493, 118
Trd, 4318407.693, 76
Trd, 4318409.393, 74
Trd, 4318409.643, 63
Trd, 4318409.993, 71
Trd, 4318411.693, 78
Trd, 4318412.493, 75
Trd, 4318413.643, 89
Trd, 4318414.193, 81
Trd, 4318415.093, 81
Trd, 4318415.393, 77
Trd, 4318415.693, 94
Trd, 4318415.793, 76
Trd, 4318415.843, 75
Trd, 4318418.193, 73
Trd, 4318419.143, 67
Trd, 4318419.193, 65
Trd, 4318421.293, 75
Trd, 4318421.443, 136
Trd, 4318421.843, 113
Trd, 4318422.943, 91
Trd, 4318423.593, 104
Trd, 4318423.943, 97
Trd, 4318424.093, 90
Trd, 4318424.443, 83
Trd, 4318425.643, 90
Trd, 4318426.443, 84
Trd, 4318427.443, 73
Trd, 4318427.543, 98
Trd, 4318427.993, 93
Trd, 4318428.043, 116
Trd, 4318429.193, 91
Trd, 4318430.693, 94
Trd, 4318432.143, 101
Trd, 4318433.293, 114
Trd, 4318433.343, 104
Trd, 4318433.593, 91
Trd, 4318433.793, 91
Trd, 4318434.893, 95
Trd, 4318436.193, 60
Trd, 4318436.943, 77
Trd, 4318437.293, 69
Trd, 4318438.893, 70
Trd, 4318439.393, 65
Trd, 4318440.593, 76
Trd, 4318441.093, 108
Trd, 4318441.293, 75
Trd, 4318444.293, 71
Trd, 4318444.743, 87
Trd, 4318444.793, 87
Trd, 4318444.843, 73
Trd, 4318445.643, 93
Trd, 4318446.393, 140
Trd, 4318446.593, 90
Trd, 4318447.293, 98
Trd, 4318448.193, 89
Trd, 4318448.393, 65
Trd, 4318448.993, 126
Trd, 4318450.093, 74
Trd, 4318451.043, 86
Trd, 4318452.593, 90
Trd, 4318452.943, 81
Trd, 4318453.093, 77
Trd, 4318453.343, 93
Trd, 4318453.643, 112
Trd, 4318454.243, 68
Trd, 4318454.993, 69
Trd, 4318455.393, 87
Trd, 4318455.943, 92
Trd, 4318456.643, 98
Trd, 4318457.893, 70
Trd, 4318458.543, 65
Trd, 4318459.243, 96
Trd, 4318460.293, 77
Trd, 4318461.493, 88
Trd, 4318461.593, 140
Trd, 4318462.043, 87
Trd, 4318462.493, 78
Trd, 4318463.193, 140
Trd, 4318464.643, 78
Trd, 4318466.243, 63
Trd, 4318466.493, 96
Trd, 4318467.643, 75
Trd, 4318467.893, 124
Trd, 4318468.493, 70
Trd, 4318468.943, 126
Trd, 4318470.093, 76
Trd, 4318470.243, 66
Trd, 4318470.493, 66
Trd, 4318471.493, 72
Trd, 4318471.643, 120
Trd, 4318472.993, 62
Trd, 4318473.843, 68
Trd, 4318474.293, 72
Trd, 4318474.593, 73
Trd, 4318475.293, 67
Trd, 4318476.843, 71
Trd, 4318477.243, 62
Trd, 4318477.993, 62
Trd, 4318478.193, 64
Trd, 4318480.393, 68
Trd, 4318480.743, 67
Trd, 4318482.643, 123
Trd, 4318482.693, 102
Trd, 4318482.843, 81
Trd, 4318483.743, 71
Trd, 4318484.593, 80
Trd, 4318485.243, 88
Trd, 4318486.493, 93
Trd, 4318486.843, 139
Trd, 4318487.593, 93
Trd, 4318487.643, 96
Trd, 4318487.693, 88
Trd, 4318487.993, 88
Trd, 4318488.343, 117
Trd, 4318489.443, 86
Trd, 4318492.143, 84
Trd, 4318492.393, 86
Trd, 4318492.793, 89
Trd, 4318494.143, 96
Trd, 4318494.393, 95
Trd, 4318494.993, 80
Trd, 4318495.543, 138
Trd, 4318495.843, 76
Trd, 4318496.043, 101
Trd, 4318496.793, 105
Trd, 4318497.343, 125
Trd, 4318497.543, 124
Trd, 4318499.093, 107
Trd, 4318499.843, 103
Trd, 4318500.143, 97
Trd, 4318500.593, 102
Trd, 4318501.043, 96
Trd, 4318501.443, 91
Trd, 4318502.693, 70
Trd, 4318503.443, 82
Trd, 4318504.993, 126
Trd, 4318505.643, 102
Trd, 4318506.893, 137
Trd, 4318507.093, 132
Trd, 4318508.093, 107
Trd, 4318508.143, 107
Trd, 4318509.143, 120
Trd, 4318509.293, 115
Trd, 4318509.593, 79
Trd, 4318509.643, 78
Trd, 4318510.443, 74
Trd, 4318512.643, 126
Trd, 4318512.743, 100
Trd, 4318513.343, 73
Trd, 4318513.893, 70
Trd, 4318514.843, 73
Trd, 4318515.043, 68
Trd, 4318516.093, 83
Trd, 4318516.693, 86
Trd, 4318517.893, 98
Trd, 4318517.993, 106
Trd, 4318518.493, 83
Trd, 4318520.243, 75
Trd, 4318521.543, 64
Trd, 4318522.793, 99
Trd, 4318522.943, 85
Trd, 4318523.093, 81
Trd, 4318523.993, 75
Trd, 4318524.393, 74
Trd, 4318525.943, 112
Trd, 4318526.293, 123
Trd, 4318526.843, 121
Trd, 4318526.993, 111
Trd, 4318527.243, 132
Trd, 4318527.593, 104
Trd, 4318529.093, 120
Trd, 4318530.443, 118
Trd, 4318531.143, 86
Trd, 4318531.593, 97
Trd, 4318532.043, 87
Trd, 4318532.393, 85
Trd, 4318533.093, 85
Trd, 4318534.393, 82
Trd, 4318534.843, 78
Trd, 4318535.543, 75
Trd, 4318535.593, 78
Trd, 4318536.243, 67
Trd, 4318536.293, 135
Trd, 4318537.593, 121
Trd, 4318538.443, 137
Trd, 4318539.293, 120
Trd, 4318539.543, 103
Trd, 4318540.493, 75
Trd, 4318541.493, 90
Trd, 4318542.043, 96
Trd, 4318542.243, 96
Trd, 4318543.293, 94
Trd, 4318544.193, 109
Trd, 4318545.493, 87
Trd, 4318545.543, 82
Trd, 4318545.893, 77
Trd, 4318546.043, 80
Trd, 4318547.243, 139
Trd, 4318547.543, 136
Trd, 4318548.143, 132
Trd, 4318548.693, 67
Trd, 4318549.443, 76
Trd, 4318550.543, 127
Trd, 4318550.943, 123
Trd, 4318551.093, 65
Trd, 4318551.493, 63
Trd, 4318552.393, 136
Trd, 4318554.243, 103
Trd, 4318554.543, 102
Trd, 4318554.743, 92
Trd, 4318556.093, 63
Trd, 4318556.493, 80
Trd, 4318557.443, 81
Trd, 4318558.043, 72
Trd, 4318558.943, 96
Trd, 4318559.443, 100
Trd, 4318560.693, 116
Trd, 4318561.793, 140
Trd, 4318562.943, 136
Trd, 4318563.393, 140
Trd, 4318563.743, 130
Trd, 4318564.043, 125
Trd, 4318564.293, 121
Trd, 4318565.093, 106
Trd, 4318565.243, 88
Trd, 4318566.893, 114
Trd, 4318567.043, 102
Trd, 4318568.093, 104
Trd, 4318568.143, 124
Trd, 4318570.993, 85
Trd, 4318571.293, 103
Trd, 4318572.193, 85
Trd, 4318572.593, 100
Trd, 4318572.793, 84
Trd, 4318573.243, 105
Trd, 4318573.593, 94
Trd, 4318573.793, 77
Trd, 4318574.893, 64
Trd, 4318576.293, 66
Trd, 4318576.893, 71
Trd, 4318577.243, 77
Trd, 4318579.293, 70
Trd, 4318580.443, 70
Trd, 4318580.893, 70
Trd, 4318581.643, 106
Trd, 4318581.893, 139
Trd, 4318582.193, 96
Trd, 4318582.843, 86
Trd, 4318583.543, 86
Trd, 4318583.593, 82
Trd, 4318585.193, 111
Trd, 4318585.993, 138
Trd, 4318586.093, 113
Trd, 4318586.743, 111
Trd, 4318586.893, 104
Trd, 4318588.143, 77
Trd, 4318588.293, 87
Trd, 4318589.593, 75
Trd, 4318590.243, 80
Trd, 4318590.543, 82
Trd, 4318591.893, 139
Trd, 4318592.593, 88
Trd, 4318593.343, 104
Trd, 4318593.693, 92
Trd, 4318594.443, 105
Trd, 4318595.093, 111
Trd, 4318595.593, 99
Trd, 4318596.943, 117
Trd, 4318598.593, 91
Trd, 4318599.293, 107
Trd, 4318600.493, 118
Trd, 4318600.543, 112
Trd, 4318600.593, 110
Trd, 4318600.743, 106
Trd, 4318600.943, 99
Trd, 4318602.093, 114
Trd, 4318602.893, 83
Trd, 4318603.843, 86
Trd, 4318603.943, 82
Trd, 4318605.243, 136
Trd, 4318606.593, 102
Trd, 4318606.843, 101
Trd, 4318606.893, 96
Trd, 4318607.593, 97
Trd, 4318607.893, 90
Trd, 4318608.843, 79
Trd, 4318609.093, 64
Trd, 4318609.843, 108
Trd, 4318610.493, 102
Trd, 4318610.893, 73
Trd, 4318612.843, 104
Trd, 4318613.493, 111
Trd, 4318613.893, 113
Trd, 4318615.443, 98
Trd, 4318615.543, 96
Trd, 4318615.593, 91
Trd, 4318615.793, 90
Trd, 4318616.743, 134
Trd, 4318617.543, 95
Trd, 4318619.043, 140
Trd, 4318619.243, 127
Trd, 4318619.343, 108
Trd, 4318620.043, 66
Trd, 4318620.343, 66
Trd, 4318620.793, 113
Trd, 4318621.193, 61
Trd, 4318623.143, 112
Trd, 4318625.793, 77
Trd, 4318626.593, 87
Trd, 4318626.943, 88
Trd, 4318627.343, 84
Trd, 4318628.193, 106
Trd, 4318629.043, 140
Trd, 4318629.243, 125
Trd, 4318629.693, 88
Trd, 4318630.193, 88
Trd, 4318631.143, 115
Trd, 4318631.843, 97
Trd, 4318632.143, 96
Trd, 4318632.643, 83
Trd, 4318633.893, 81
Trd, 4318634.193, 76
Trd, 4318634.893, 67
Trd, 4318635.943, 81
Trd, 4318638.043, 78
Trd, 4318638.643, 66
Trd, 4318638.743, 81
Trd, 4318639.343, 64
Trd, 4318639.693, 94
Trd, 4318640.243, 129
Trd, 4318640.643, 96
Trd, 4318640.793, 101
Trd, 4318641.043, 91
Trd, 4318641.343, 69
Trd, 4318642.143, 120
Trd, 4318644.293, 114
Trd, 4318645.693, 105
Trd, 4318646.193, 105
Trd, 4318646.243, 103
Trd, 4318647.543, 111
Trd, 4318648.293, 114
Trd, 4318649.043, 119
Trd, 4318649.743, 113
Trd, 4318650.743, 83
Trd, 4318652.193, 137
Trd, 4318652.293, 130
Trd, 4318652.993, 93
Trd, 4318653.643, 87
Trd, 4318654.743, 78
Trd, 4318655.993, 126
Trd, 4318657.443, 114
Trd, 4318657.743, 114
Trd, 4318659.143, 103
Trd, 4318659.743, 94
Trd, 4318660.243, 120
Trd, 4318660.543, 87
Trd, 4318660.993, 138
Trd, 4318661.993, 109
Trd, 4318662.093, 108
Trd, 4318662.793, 105
Trd, 4318663.543, 123
Trd, 4318666.143, 70
Trd, 4318666.443, 69
Trd, 4318666.543, 77
Trd, 4318667.493, 104
Trd, 4318668.393, 65
Trd, 4318668.943, 63
Trd, 4318669.243, 63
Trd, 4318670.293, 99
Trd, 4318671.443, 127
Trd, 4318672.343, 139
Trd, 4318672.693, 132
Trd, 4318672.743, 123
Trd, 4318672.793, 110
Trd, 4318672.993, 92
Trd, 4318673.443, 83
Trd, 4318675.693, 107
Trd, 4318675.743, 114
Trd, 4318676.593, 85
Trd, 4318677.343, 121
Trd, 4318678.193, 120
Trd, 4318679.243, 105
Trd, 4318679.943, 126
Trd, 4318681.743, 114
Trd, 4318682.243, 108
Trd, 4318682.343, 105
Trd, 4318682.393, 90
Trd, 4318683.343, 83
Trd, 4318684.443, 99
Trd, 4318685.093, 94
Trd, 4318685.143, 81
Trd, 4318685.343, 65
Trd, 4318686.193, 75
Trd, 4318686.443, 96
Trd, 4318687.593, 60
Trd, 4318689.393, 137
Trd, 4318690.043, 135
Trd, 4318690.393, 109
Trd, 4318690.443, 75
Trd, 4318692.593, 63
Trd, 4318692.893, 94
Trd, 4318692.993, 92
Trd, 4318693.693, 87
Trd, 4318695.443, 112
Trd, 4318696.093, 96
Trd, 4318696.193, 95
Trd, 4318696.293, 93
Trd, 4318696.643, 140
Trd, 4318697.743, 100
Trd, 4318698.543, 94
Trd, 4318698.993, 112
Trd, 4318700.443, 95
Trd, 4318700.593, 97
Trd, 4318700.943, 94
Trd, 4318701.293, 93
Trd, 4318702.093, 137
Trd, 4318703.743, 136
Trd, 4318704.093, 130
Trd, 4318704.343, 121
Trd, 4318704.743, 101
Trd, 4318705.293, 87
Trd, 4318707.443, 94
Trd, 4318707.493, 98
Trd, 4318709.093, 88
Trd, 4318709.343, 73
Trd, 4318710.093, 75
Trd, 4318711.193, 83
Trd, 4318711.293, 88
Trd, 4318711.643, 96
Trd, 4318713.593, 83
Trd, 4318713.693, 140
Trd, 4318713.843, 79
Trd, 4318715.193, 90
Trd, 4318715.393, 90
Trd, 4318716.143, 92
Trd, 4318716.793, 91
Trd, 4318719.393, 99
Trd, 4318719.743, 86
Trd, 4318720.193, 109
Trd, 4318720.493, 92
Trd, 4318721.093, 136
Trd, 4318721.493, 101
Trd, 4318722.443, 102
Trd, 4318722.643, 95
Trd, 4318723.643, 117
Trd, 4318724.293, 93
Trd, 4318724.343, 127
Trd, 4318725.293, 90
Trd, 4318726.243, 107
Trd, 4318726.393, 80
Trd, 4318726.993, 110
Trd, 4318727.193, 68
Trd, 4318727.993, 92
Trd, 4318728.693, 84
Trd, 4318729.293, 91
Trd, 4318729.743, 139
Trd, 4318730.993, 122
Trd, 4318731.243, 112
Trd, 4318731.443, 113
Trd, 4318731.643, 125
Trd, 4318732.343, 110
Trd, 4318733.143, 140
Trd, 4318734.643, 128
Trd, 4318734.843, 120
Trd, 4318735.193, 114
Trd, 4318735.743, 95
Trd, 4318737.093, 83
Trd, 4318737.243, 105
Trd, 4318739.793, 133
Trd, 4318739.943, 132
Trd, 4318741.393, 139
Trd, 4318741.843, 123
Trd, 4318741.943, 117
Trd, 4318742.043, 106
Trd, 4318742.593, 86
Trd, 4318744.643, 92
Trd, 4318745.593, 84
Trd, 4318745.643, 83
Trd, 4318746.393, 133
Trd, 4318746.943, 115
Trd, 4318747.093, 123
Trd, 4318747.543, 89
Trd, 4318747.743, 91
Trd, 4318750.343, 121
Trd, 4318751.243, 129
Trd, 4318751.443, 115
Trd, 4318752.943, 114
Trd, 4318753.093, 102
Trd, 4318753.443, 96
Trd, 4318755.643, 113
Trd, 4318756.343, 109
Trd, 4318756.593, 93
Trd, 4318756.693, 85
Trd, 4318758.293, 82
Trd, 4318758.493, 81
Trd, 4318758.943, 62
Trd, 4318760.043, 101
Trd, 4318761.443, 138
Trd, 4318761.793, 120
Trd, 4318761.843, 102
Trd, 4318762.243, 120
Trd, 4318763.743, 104
Trd, 4318764.543, 90
Trd, 4318766.893, 108
Trd, 4318767.193, 91
Trd, 4318769.093, 97
Trd, 4318769.643, 97
Trd, 4318769.793, 93
Trd, 4318770.043, 92
Trd, 4318770.093, 100
Trd, 4318770.143, 100
Trd, 4318770.343, 70
Trd, 4318771.793, 62
Trd, 4318773.393, 76
Trd, 4318773.843, 66
Trd, 4318774.293, 76
Trd, 4318775.193, 78
Trd, 4318775.793, 113
Trd, 4318776.443, 72
Trd, 4318776.743, 107
Trd, 4318777.193, 93
Trd, 4318777.943, 88
Trd, 4318779.543, 130
Trd, 4318779.943, 129
Trd, 4318781.143, 123
Trd, 4318781.993, 137
Trd, 4318782.543, 116
Trd, 4318783.093, 107
Trd, 4318783.393, 99
Trd, 4318783.443, 71
Trd, 4318786.393, 91
Trd, 4318787.993, 108
Trd, 4318788.093, 74
Trd, 4318789.443, 107
Trd, 4318790.293, 106
Trd, 4318791.243, 116
Trd, 4318791.893, 94
Trd, 4318792.193, 111
Trd, 4318793.043, 117
Trd, 4318793.393, 79
Trd, 4318794.243, 123
Trd, 4318794.393, 84
Trd, 4318796.793, 94
Trd, 4318797.043, 123
Trd, 4318797.643, 94
Trd, 4318797.943, 117
Trd, 4318800.043, 91
Trd, 4318800.743, 88
Trd, 4318801.243, 76
Trd, 4318802.193, 89
Trd, 4318802.593, 95
Trd, 4318803.243, 71
Trd, 4318803.593, 87
Trd, 4318804.693, 81
Trd, 4318804.893, 80
Trd, 4318806.043, 123
Trd, 4318807.093, 85
Trd, 4318807.793, 80
Trd, 4318808.393, 115
Trd, 4318808.843, 74
Trd, 4318810.893, 96
Trd, 4318811.043, 85
Trd, 4318811.343, 108
Trd, 4318811.943, 129
Trd, 4318812.493, 123
Trd, 4318812.743, 121
Trd, 4318813.393, 106
Trd, 4318813.843, 81
Trd, 4318814.243, 125
Trd, 4318815.143, 122
Trd, 4318815.393, 113
Trd, 4318816.193, 121
Trd, 4318817.643, 128
Trd, 4318817.793, 109
Trd, 4318817.943, 71
Trd, 4318819.993, 99
Trd, 4318820.243, 74
Trd, 4318822.393, 99
Trd, 4318822.543, 113
Trd, 4318824.443, 110
Trd, 4318824.993, 119
Trd, 4318825.243, 105
Trd, 4318825.593, 105
Trd, 4318825.993, 125
Trd, 4318826.693, 95
Trd, 4318828.193, 113
Trd, 4318828.343, 112
Trd, 4318830.493, 116
Trd, 4318830.893, 125
Trd, 4318831.543, 101
Trd, 4318831.793, 97
Trd, 4318831.993, 125
Trd, 4318832.043, 117
Trd, 4318834.343, 115
Trd, 4318834.543, 106
Trd, 4318835.543, 138
Trd, 4318835.693, 128
Trd, 4318836.343, 106
Trd, 4318836.643, 101
Trd, 4318837.043, 74
Trd, 4318838.543, 78
Trd, 4318839.143, 86
Trd, 4318839.793, 83
Trd, 4318840.693, 65
Trd, 4318840.893, 134
Trd, 4318841.493, 85
Trd, 4318845.343, 108
Trd, 4318846.393, 98
Trd, 4318846.493, 97
Trd, 4318846.693, 111
Trd, 4318847.743, 96
Trd, 4318847.943, 95
Trd, 4318848.443, 89
Trd, 4318848.693, 90
Trd, 4318850.693, 83
Trd, 4318850.943, 74
Trd, 4318852.943, 107
Trd, 4318853.243, 79
Trd, 4318854.743, 98
Trd, 4318855.343, 101
Trd, 4318855.443, 97
Trd, 4318856.193, 75
Trd, 4318857.143, 75
Trd, 4318857.543, 101
Trd, 4318858.343, 104
Trd, 4318858.993, 88
Trd, 4318860.393, 96
Trd, 4318860.643, 82
Trd, 4318860.743, 108
Trd, 4318861.593, 74
Trd, 4318861.943, 74
Trd, 4318862.193, 88
Trd, 4318863.543, 69
Trd, 4318864.543, 64
Trd, 4318865.043, 64
Trd, 4318865.843, 94
Trd, 4318866.593, 124
Trd, 4318867.993, 108
Trd, 4318868.443, 112
Trd, 4318868.693, 102
Trd, 4318869.393, 128
Trd, 4318869.493, 100
Trd, 4318869.693, 79
Trd, 4318870.443, 78
Trd, 4318871.143, 84
Trd, 4318871.993, 109
Trd, 4318872.093, 99
Trd, 4318874.393, 103
Trd, 4318874.543, 96
Trd, 4318875.493, 92
Trd, 4318875.793, 91
Trd, 4318876.093, 123
Trd, 4318876.543, 100
Trd, 4318877.893, 103
Trd, 4318878.893, 84
Trd, 4318879.493, 106
Trd, 4318880.293, 139
Trd, 4318880.493, 129
Trd, 4318880.843, 128
Trd, 4318883.043, 126
Trd, 4318883.543, 123
Trd, 4318883.743, 118
Trd, 4318883.893, 114
Trd, 4318884.443, 74
Trd, 4318885.193, 71
Trd, 4318885.393, 118
Trd, 4318885.593, 119
Trd, 4318885.693, 118
Trd, 4318886.793, 105
Trd, 4318887.743, 89
Trd, 4318888.693, 89
Trd, 4318889.543, 104
Trd, 4318890.543, 103
Trd, 4318890.843, 82
Trd, 4318891.093, 111
Trd, 4318891.793, 80
Trd, 4318891.893, 95
Trd, 4318892.893, 81
Trd, 4318893.493, 90
Trd, 4318894.893, 93
Trd, 4318895.093, 82
Trd, 4318896.243, 92
Trd, 4318897.243, 79
Trd, 4318897.643, 62
Trd, 4318898.493, 118
Trd, 4318898.793, 60
Trd, 4318901.493, 126
Trd, 4318901.943, 82
Trd, 4318903.193, 95
Trd, 4318903.443, 95
Trd, 4318904.243, 92
Trd, 4318904.893, 105
Trd, 4318905.743, 92
Trd, 4318906.643, 85
Trd, 4318907.843, 120
Trd, 4318907.943, 74
Trd, 4318908.093, 74
Trd, 4318908.293, 79
Trd, 4318909.493, 83
Trd, 4318910.343, 83
Trd, 4318911.393, 85
Trd, 4318912.743, 60
Trd, 4318913.493, 85
Trd, 4318913.643, 96
Trd, 4318914.493, 133
Trd, 4318915.093, 103
Trd, 4318916.243, 88
Trd, 4318916.893, 93
Trd, 4318918.643, 91
Trd, 4318920.193, 101
Trd, 4318922.043, 91
Trd, 4318922.593, 85
Trd, 4318922.993, 84
Trd, 4318923.243, 83
Trd, 4318923.493, 102
Trd, 4318923.843, 89
Trd, 4318924.343, 103
Trd, 4318924.693, 80
Trd, 4318924.893, 79
Trd, 4318926.093, 85
Trd, 4318928.193, 77
Trd, 4318928.443, 84
Trd, 4318928.793, 127
Trd, 4318929.243, 83
Trd, 4318929.893, 94
Trd, 4318931.293, 110
Trd, 4318931.393, 109
Trd, 4318932.243, 116
Trd, 4318932.893, 126
Trd, 4318933.493, 105
Trd, 4318933.943, 98
Trd, 4318934.593, 82
Trd, 4318934.893, 80
Trd, 4318935.393, 98
Trd, 4318936.043, 93
Trd, 4318936.693, 118
Trd, 4318937.793, 80
Trd, 4318938.843, 65
Trd, 4318939.843, 62
Trd, 4318940.993, 86
Trd, 4318941.843, 94
Trd, 4318942.243, 103
Trd, 4318942.793, 92
Trd, 4318943.343, 99
Trd, 4318943.543, 98
Trd, 4318944.043, 72
Trd, 4318944.393, 85
Trd, 4318945.293, 66
Trd, 4318945.793, 69
Trd, 4318946.143, 65
Trd, 4318948.693, 113
Trd, 4318949.993, 118
Trd, 4318950.243, 116
Trd, 4318951.443, 108
Trd, 4318951.493, 107
Trd, 4318952.693, 140
Trd, 4318952.793, 137
Trd, 4318953.743, 129
Trd, 4318953.943, 123
Trd, 4318955.093, 115
Trd, 4318955.143, 107
Trd, 4318955.543, 133
Trd, 4318956.543, 88
Trd, 4318956.693, 94
Trd, 4318959.593, 101
Trd, 4318960.043, 112
Trd, 4318960.443, 108
Trd, 4318960.943, 100
Trd, 4318962.243, 140
Trd, 4318962.743, 129
Trd, 4318963.243, 118
Trd, 4318963.443, 115
Trd, 4318963.693, 90
Trd, 4318964.893, 127
Trd, 4318965.343, 95
Trd, 4318965.393, 71
Trd, 4318966.943, 93
Trd, 4318966.993, 105
Trd, 4318967.243, 130
Trd, 4318968.093, 124
Trd, 4318968.293, 71
Trd, 4318969.093, 82
Trd, 4318969.993, 106
Trd, 4318970.093, 82
Trd, 4318971.143, 106
Trd, 4318972.093, 78
Trd, 4318972.543, 87
Trd, 4318973.193, 96
Trd, 4318974.743, 95
Trd, 4318974.943, 116
Trd, 4318975.143, 87
Trd, 4318975.243, 86
Trd, 4318976.543, 140
Trd, 4318977.893, 115
Trd, 4318977.993, 115
Trd, 4318978.943, 107
Trd, 4318979.043, 102
Trd, 4318979.743, 76
Trd, 4318980.493, 102
Trd, 4318981.493, 77
Trd, 4318982.293, 139
Trd, 4318983.243, 114
Trd, 4318983.343, 112
Trd, 4318984.293, 100
Trd, 4318985.443, 106
Trd, 4318986.093, 123
Trd, 4318986.243, 103
Trd, 4318986.943, 140
Trd, 4318987.093, 130
Trd, 4318988.093, 83
Trd, 4318988.393, 112
Trd, 4318988.743, 88
Trd, 4318990.693, 88
Trd, 4318991.793, 87
Trd, 4318992.643, 102
Trd, 4318994.043, 89
Trd, 4318995.193, 91
Trd, 4318995.593, 95
Trd, 4318995.793, 109
Trd, 4318997.193, 137
Trd, 4318997.393, 116
Trd, 4318998.343, 115
Trd, 4318999.143, 115
Trd, 4318999.543, 106
Trd, 4319000.443, 104
Trd, 4319001.993, 65
Trd, 4319003.343, 72
Trd, 4319003.443, 104
Trd, 4319004.793, 72
Trd, 4319005.193, 77
Trd, 4319006.843, 108
Trd, 4319008.343, 134
Trd, 4319009.093, 140
Trd, 4319009.243, 125
Trd, 4319010.143, 111
Trd, 4319010.893, 102
Trd, 4319011.243, 107
Trd, 4319011.443, 96
Trd, 4319013.943, 82
Trd, 4319014.843, 88
Trd, 4319016.043, 86
Trd, 4319016.143, 83
Trd, 4319016.193, 82
Trd, 4319016.993, 79
Trd, 4319017.393, 70
Trd, 4319017.643, 79
Trd, 4319018.043, 79
Trd, 4319019.243, 102
Trd, 4319020.443, 122
Trd, 4319020.543, 107
Trd, 4319021.343, 91
Trd, 4319021.793, 86
Trd, 4319022.693, 121
Trd, 4319023.293, 116
Trd, 4319023.393, 104
Trd, 4319024.543, 83
Trd, 4319025.643, 103
Trd, 4319025.793, 85
Trd, 4319026.043, 84
Trd, 4319027.143, 87
Trd, 4319027.393, 80
Trd, 4319027.543, 76
Trd, 4319028.443, 90
Trd, 4319029.043, 87
Trd, 4319031.093, 99
Trd, 4319031.243, 115
Trd, 4319033.093, 115
Trd, 4319034.493, 109
Trd, 4319034.893, 98
Trd, 4319035.893, 101
Trd, 4319036.843, 106
Trd, 4319036.893, 123
Trd, 4319037.593, 127
Trd, 4319038.943, 126
Trd, 4319039.093, 94
Trd, 4319039.993, 139
Trd, 4319041.343, 122
Trd, 4319041.543, 113
Trd, 4319042.093, 93
Trd, 4319042.293, 72
Trd, 4319042.893, 63
Trd, 4319043.593, 76
Trd, 4319044.393, 120
Trd, 4319044.793, 104
Trd, 4319044.993, 104
Trd, 4319047.443, 137
Trd, 4319048.243, 102
Trd, 4319048.443, 99
Trd, 4319048.743, 93
Trd, 4319049.693, 92
Trd, 4319049.893, 91
Trd, 4319050.493, 107
Trd, 4319050.743, 94
Trd, 4319051.843, 93
Trd, 4319052.343, 140
Trd, 4319052.543, 122
Trd, 4319054.443, 104
Trd, 4319054.993, 73
Trd, 4319055.243, 73
Trd, 4319055.843, 71
Trd, 4319056.393, 64
Trd, 4319057.893, 118
Trd, 4319059.893, 88
Trd, 4319060.193, 96
Trd, 4319061.793, 100
Trd, 4319061.943, 113
Trd, 4319062.493, 91
Trd, 4319062.793, 80
Trd, 4319062.993, 122
Trd, 4319063.643, 66
Trd, 4319063.893, 81
Trd, 4319064.143, 68
Trd, 4319065.643, 99
Trd, 4319065.693, 105
Trd, 4319066.893, 102
Trd, 4319067.343, 92
Trd, 4319067.743, 91
Trd, 4319068.393, 87
Trd, 4319069.193, 108
Trd, 4319071.093, 65
Trd, 4319071.243, 73
Trd, 4319073.293, 71
Trd, 4319073.643, 74
Trd, 4319075.043, 84
Trd, 4319075.343, 88
Trd, 4319075.593, 84
Trd, 4319076.593, 88
Trd, 4319076.843, 87
Trd, 4319077.993, 91
Trd, 4319078.143, 86
Trd, 4319078.343, 101
Trd, 4319079.093, 86
Trd, 4319079.343, 85
Trd, 4319080.743, 140
Trd, 4319081.193, 136
Trd, 4319082.093, 108
Trd, 4319083.943, 116
Trd, 4319084.093, 102
Trd, 4319084.493, 85
Trd, 4319086.293, 60
Trd, 4319086.793, 64
Trd, 4319088.643, 96
Trd, 4319088.943, 74
Trd, 4319089.443, 119
Trd, 4319089.643, 129
Trd, 4319089.943, 126
Trd, 4319091.243, 93
Trd, 4319091.543, 65
Trd, 4319092.243, 71
Trd, 4319092.793, 66
Trd, 4319093.193, 82
Trd, 4319093.693, 71
Trd, 4319094.743, 135
Trd, 4319095.393, 128
Trd, 4319097.143, 111
Trd, 4319097.393, 105
Trd, 4319097.643, 99
Trd, 4319098.143, 108
Trd, 4319098.343, 97
Trd, 4319098.943, 90
Trd, 4319099.093, 85
Trd, 4319100.693, 140
Trd, 4319100.843, 137
Trd, 4319101.193, 107
Trd, 4319101.493, 100
Trd, 4319103.293, 91
Trd, 4319103.643, 82
Trd, 4319103.693, 69
Trd, 4319105.393, 62
Trd, 4319107.093, 140
Trd, 4319107.543, 111
Trd, 4319107.643, 94
Trd, 4319107.943, 82
Trd, 4319109.293, 75
Trd, 4319112.343, 122
Trd, 4319112.493, 121
Trd, 4319112.793, 116
Trd, 4319112.943, 114
Trd, 4319113.293, 103
Trd, 4319113.393, 74
Trd, 4319114.643, 140
Trd, 4319115.093, 125
Trd, 4319115.493, 125
Trd, 4319116.443, 109
Trd, 4319117.193, 100
Trd, 4319118.643, 102
Trd, 4319119.393, 101
Trd, 4319119.693, 111
Trd, 4319119.743, 103
Trd, 4319120.593, 120
Trd, 4319121.443, 75
Trd, 4319122.493, 89
Trd, 4319123.593, 87
Trd, 4319123.743, 85
Trd, 4319125.343, 93
Trd, 4319126.693, 92
Trd, 4319126.893, 93
Trd, 4319127.043, 90
Trd, 4319127.393, 90
Trd, 4319128.493, 97
Trd, 4319128.643, 95
Trd, 4319129.393, 110
Trd, 4319129.843, 76
Trd, 4319130.193, 78
Trd, 4319130.643, 78
Trd, 4319130.743, 61
Trd, 4319131.793, 139
Trd, 4319132.243, 129
Trd, 4319132.393, 128
Trd, 4319133.293, 122
Trd, 4319133.943, 121
Trd, 4319134.593, 60
Trd, 4319134.843, 90
Trd, 4319135.993, 68
Trd, 4319136.793, 136
Trd, 4319137.043, 134
Trd, 4319137.793, 124
Trd, 4319139.693, 115
Trd, 4319140.193, 92
Trd, 4319140.293, 83
Trd, 4319141.393, 105
Trd, 4319141.743, 86
Trd, 4319143.643, 102
Trd, 4319144.043, 82
Trd, 4319144.593, 99
Trd, 4319145.043, 88
Trd, 4319146.493, 104
Trd, 4319147.343, 100
Trd, 4319148.293, 122
Trd, 4319149.743, 111
Trd, 4319149.893, 106
Trd, 4319150.293, 123
Trd, 4319152.393, 101
Trd, 4319152.943, 99
Trd, 4319153.843, 101
Trd, 4319153.943, 87
Trd, 4319154.343, 97
Trd, 4319154.843, 101
Trd, 4319154.943, 82
Trd, 4319156.093, 74
Trd, 4319156.243, 71
Trd, 4319157.193, 84
Trd, 4319158.293, 114
Trd, 4319158.493, 109
Trd, 4319159.043, 103
Trd, 4319161.343, 80
Trd, 4319161.993, 63
Trd, 4319162.093, 62
Trd, 4319162.743, 78
Trd, 4319164.393, 111
Trd, 4319164.993, 92
Trd, 4319165.893, 64
Trd, 4319166.493, 66
Trd, 4319167.643, 64
Trd, 4319167.893, 63
Trd, 4319169.093, 73
Trd, 4319169.193, 63
Trd, 4319169.393, 94
Trd, 4319169.693, 76
Trd, 4319171.443, 64
Trd, 4319172.343, 78
Trd, 4319172.793, 71
Trd, 4319173.343, 63
Trd, 4319174.043, 82
Trd, 4319174.293, 94
Trd, 4319175.843, 67
Trd, 4319176.243, 80
Trd, 4319178.893, 65
Trd, 4319179.743, 65
Trd, 4319180.243, 73
Trd, 4319180.643, 60
Trd, 4319181.443, 94
Trd, 4319181.643, 136
Trd, 4319181.893, 88
Trd, 4319182.293, 60
Trd, 4319185.493, 120
Trd, 4319185.793, 119
Trd, 4319185.943, 114
Trd, 4319186.593, 95
Trd, 4319187.943, 95
Trd, 4319188.093, 139
Trd, 4319188.143, 77
Trd, 4319188.593, 70
Trd, 4319190.093, 94
Trd, 4319190.343, 127
Trd, 4319191.693, 140
Trd, 4319192.443, 137
Trd, 4319192.793, 132
Trd, 4319193.193, 123
Trd, 4319194.593, 60
Trd, 4319194.943, 65
Trd, 4319196.193, 79
Trd, 4319196.993, 122
Trd, 4319197.243, 105
Trd, 4319197.743, 77
Trd, 4319199.693, 96
Trd, 4319199.943, 77
Trd, 4319200.843, 131
Trd, 4319201.043, 124
Trd, 4319201.143, 118
Trd, 4319202.693, 138
Trd, 4319202.843, 107
Trd, 4319203.643, 108
Trd, 4319203.743, 99
Trd, 4319203.943, 92
Trd, 4319205.343, 62
Trd, 4319206.943, 95
Trd, 4319207.643, 96
Trd, 4319208.543, 117
Trd, 4319208.693, 116
Trd, 4319208.743, 112
Trd, 4319209.093, 109
Trd, 4319210.143, 76
Trd, 4319210.293, 75
Trd, 4319211.343, 87
Trd, 4319211.643, 89
Trd, 4319211.993, 115
Trd, 4319214.493, 91
Trd, 4319214.743, 89
Trd, 4319215.043, 88
Trd, 4319215.543, 103
Trd, 4319215.693, 72
Trd, 4319216.793, 113
Trd, 4319216.893, 72
Trd, 4319218.193, 70
Trd, 4319219.143, 121
Trd, 4319219.243, 120
Trd, 4319219.393, 94
Trd, 4319220.793, 138
Trd, 4319221.243, 105
Trd, 4319221.543, 100
Trd, 4319222.943, 90
Trd, 4319225.693, 99
Trd, 4319226.043, 92
Trd, 4319226.693, 78
Trd, 4319227.443, 96
Trd, 4319227.693, 88
Trd, 4319228.693, 97
Trd, 4319229.743, 107
Trd, 4319229.843, 101
Trd, 4319230.343, 122
Trd, 4319230.393, 121
Trd, 4319230.843, 128
Trd, 4319231.493, 140
Trd, 4319231.793, 107
Trd, 4319232.193, 82
Trd, 4319233.143, 80
Trd, 4319234.693, 84
Trd, 4319234.843, 77
Trd, 4319234.993, 72
Trd, 4319235.543, 97
Trd, 4319235.693, 72
Trd, 4319236.843, 81
Trd, 4319237.293, 113
Trd, 4319238.093, 86
Trd, 4319239.143, 127
Trd, 4319239.743, 116
Trd, 4319240.093, 115
Trd, 4319240.193, 140
Trd, 4319240.793, 119
Trd, 4319241.143, 107
Trd, 4319241.993, 109
Trd, 4319242.793, 138
Trd, 4319243.343, 87
Trd, 4319243.843, 85
Trd, 4319244.043, 79
Trd, 4319245.143, 74
Trd, 4319245.293, 70
Trd, 4319247.243, 84
Trd, 4319247.693, 74
Trd, 4319248.143, 90
Trd, 4319248.743, 87
Trd, 4319250.193, 82
Trd, 4319251.843, 85
Trd, 4319252.193, 85
Trd, 4319252.543, 106
Trd, 4319252.793, 78
Trd, 4319254.343, 106
Trd, 4319254.693, 90
Trd, 4319255.143, 86
Trd, 4319256.393, 140
Trd, 4319259.393, 138
Trd, 4319259.643, 128
Trd, 4319259.743, 87
Trd, 4319260.743, 140
Trd, 4319260.843, 109
Trd, 4319261.543, 115
Trd, 4319262.393, 114
Trd, 4319262.693, 135
Trd, 4319262.843, 106
Trd, 4319263.893, 90
Trd, 4319264.443, 87
Trd, 4319265.343, 105
Trd, 4319266.993, 120
Trd, 4319267.093, 114
Trd, 4319267.293, 99
Trd, 4319267.643, 99
Trd, 4319268.293, 98
Trd, 4319268.943, 126
Trd, 4319269.993, 106
Trd, 4319271.493, 139
Trd, 4319271.593, 137
Trd, 4319271.943, 129
Trd, 4319272.143, 92
Trd, 4319273.193, 82
Trd, 4319273.343, 79
Trd, 4319274.343, 118
Trd, 4319274.443, 91
Trd, 4319275.293, 139
Trd, 4319275.443, 120
Trd, 4319275.643, 87
Trd, 4319277.343, 87
Trd, 4319277.393, 79
Trd, 4319277.843, 78
Trd, 4319278.493, 140
Trd, 4319279.043, 131
Trd, 4319279.443, 121
Trd, 4319280.843, 125
Trd, 4319281.443, 116
Trd, 4319281.543, 113
Trd, 4319282.243, 75
Trd, 4319282.343, 86
Trd, 4319283.343, 61
Trd, 4319285.243, 73
Trd, 4319285.293, 73
Trd, 4319285.393, 75
Trd, 4319285.493, 86
Trd, 4319286.593, 73
Trd, 4319286.793, 136
Trd, 4319288.793, 140
Trd, 4319288.843, 132
Trd, 4319289.293, 129
Trd, 4319289.693, 115
Trd, 4319289.993, 108
Trd, 4319290.093, 90
Trd, 4319291.193, 127
Trd, 4319292.393, 109
Trd, 4319292.593, 107
Trd, 4319293.343, 62
Trd, 4319294.343, 89
Trd, 4319295.143, 72
Trd, 4319296.143, 70
Trd, 4319298.343, 78
Trd, 4319298.443, 73
Trd, 4319298.543, 72
Trd, 4319299.043, 124
Trd, 4319300.393, 60
Trd, 4319301.043, 65
Trd, 4319303.693, 79
Trd, 4319304.543, 76
Trd, 4319304.843, 66
Trd, 4319304.993, 88
Trd, 4319305.993, 85
Trd, 4319306.743, 103
Trd, 4319307.243, 77
Trd, 4319307.493, 113
Trd, 4319307.843, 64
Trd, 4319308.043, 138
Trd, 4319310.143, 85
Trd, 4319310.443, 95
Trd, 4319310.543, 96
Trd, 4319311.093, 73
Trd, 4319311.243, 98
Trd, 4319311.393, 107
Trd, 4319311.943, 68
Trd, 4319314.243, 77
Trd, 4319315.243, 97
Trd, 4319316.143, 107
Trd, 4319316.493, 73
Trd, 4319317.193, 95
Trd, 4319317.243, 92
Trd, 4319317.643, 91
Trd, 4319318.443, 134
Trd, 4319319.043, 78
Trd, 4319319.093, 76
Trd, 4319319.593, 99
Trd, 4319320.593, 96
Trd, 4319320.843, 140
Trd, 4319322.243, 112
Trd, 4319322.593, 117
Trd, 4319322.743, 107
Trd, 4319323.443, 118
Trd, 4319323.793, 99
Trd, 4319324.693, 109
Trd, 4319325.193, 132
Trd, 4319325.593, 69
Trd, 4319326.643, 105
Trd, 4319327.993, 95
Trd, 4319329.243, 131
Trd, 4319329.993, 110
Trd, 4319331.143, 101
Trd, 4319331.343, 101
Trd, 4319331.393, 99
Trd, 4319331.693, 99
Trd, 4319333.443, 107
Trd, 4319333.943, 95
Trd, 4319334.743, 91
Trd, 4319334.893, 87
Trd, 4319336.443, 76
Trd, 4319336.643, 120
Trd, 4319337.393, 116
Trd, 4319337.793, 72
Trd, 4319338.193, 80
Trd, 4319339.093, 103
Trd, 4319340.793, 112
Trd, 4319341.643, 108
Trd, 4319342.493, 140
Trd, 4319342.643, 119
Trd, 4319342.793, 103
Trd, 4319343.893, 103
Trd, 4319344.443, 101
Trd, 4319345.943, 79
Trd, 4319346.143, 110
Trd, 4319346.693, 100
Trd, 4319347.193, 96
Trd, 4319347.443, 93
Trd, 4319348.393, 62
Trd, 4319349.743, 98
Trd, 4319350.593, 97
Trd, 4319351.043, 105
Trd, 4319351.093, 100
Trd, 4319352.093, 114
Trd, 4319352.143, 122
Trd, 4319352.993, 90
Trd, 4319353.143, 90
Trd, 4319353.943, 123
Trd, 4319355.043, 91
Trd, 4319355.493, 90
Trd, 4319356.093, 103
Trd, 4319356.643, 97
Trd, 4319358.393, 84
Trd, 4319358.593, 71
Trd, 4319358.743, 69
Trd, 4319359.143, 96
Trd, 4319360.593, 67
Trd, 4319361.943, 95
Trd, 4319362.293, 106
Trd, 4319362.893, 118
Trd, 4319363.843, 78
Trd, 4319364.693, 83
Trd, 4319366.443, 91
Trd, 4319366.493, 124
Trd, 4319366.993, 98
Trd, 4319368.193, 86
Trd, 4319368.293, 85
Trd, 4319369.043, 97
Trd, 4319369.443, 63
Trd, 4319370.593, 88
Trd, 4319371.893, 93
Trd, 4319372.643, 88
Trd, 4319372.843, 113
Trd, 4319373.343, 104
Trd, 4319373.543, 89
Trd, 4319373.893, 92
Trd, 4319375.943, 95
Trd, 4319376.343, 111
Trd, 4319376.793, 109
Trd, 4319376.943, 136
Trd, 4319377.543, 98
Trd, 4319378.343, 81
Trd, 4319380.543, 97
Trd, 4319381.393, 140
Trd, 4319382.493, 127
Trd, 4319382.793, 119
Trd, 4319383.043, 111
Trd, 4319383.243, 92
Trd, 4319383.293, 89
Trd, 4319383.893, 99
Trd, 4319383.993, 94
Trd, 4319384.193, 70
Trd, 4319386.443, 86
Trd, 4319388.743, 68
Trd, 4319389.293, 66
Trd, 4319389.343, 90
Trd, 4319389.593, 111
Trd, 4319389.893, 111
Trd, 4319390.543, 67
Trd, 4319391.093, 66
Trd, 4319391.593, 71
Trd, 4319392.493, 93
Trd, 4319392.593, 90
Trd, 4319392.793, 65
Trd, 4319393.593, 84
Trd, 4319395.343, 67
Trd, 4319396.093, 61
Trd, 4319396.243, 76
Trd, 4319397.243, 67
Trd, 4319398.443, 130
Trd, 4319398.543, 129
Trd, 4319399.043, 121
Trd, 4319399.293, 113
Trd, 4319399.543, 96
Trd, 4319400.793, 126
Trd, 4319403.093, 140
Trd, 4319403.243, 129
Trd, 4319405.743, 84
Trd, 4319405.793, 84
Trd, 4319405.893, 80
Trd, 4319407.343, 83
Trd, 4319407.393, 119
Trd, 4319408.393, 99
Trd, 4319408.843, 99
Trd, 4319409.043, 94
Trd, 4319409.793, 89
Trd, 4319410.743, 140
Trd, 4319410.993, 116
Trd, 4319411.843, 113
Trd, 4319411.943, 106
Trd, 4319412.093, 104
Trd, 4319412.593, 116
Trd, 4319415.543, 78
Trd, 4319415.993, 115
Trd, 4319416.843, 112
Trd, 4319417.443, 72
Trd, 4319418.843, 68
Trd, 4319419.093, 140
Trd, 4319419.543, 99
Trd, 4319419.793, 96
Trd, 4319420.143, 87
Trd, 4319420.493, 91
Trd, 4319421.943, 65
Trd, 4319422.943, 99
Trd, 4319422.993, 105
Trd, 4319423.493, 89
Trd, 4319424.043, 99
Trd, 4319425.243, 87
Trd, 4319425.793, 78
Trd, 4319426.693, 86
Trd, 4319426.943, 83
Trd, 4319426.993, 77
Trd, 4319427.093, 75
Trd, 4319428.043, 128
Trd, 4319428.893, 131
Trd, 4319429.493, 139
Trd, 4319429.643, 63
Trd, 4319430.893, 124
Trd, 4319431.043, 110
Trd, 4319432.493, 140
Trd, 4319432.643, 130
Trd, 4319433.043, 135
Trd, 4319434.093, 85
Trd, 4319435.143, 81
Trd, 4319436.993, 139
Trd, 4319437.843, 136
Trd, 4319439.543, 126
Trd, 4319440.143, 118
Trd, 4319440.743, 97
Trd, 4319440.843, 83
Trd, 4319441.043, 89
Trd, 4319441.093, 77
Trd, 4319442.893, 90
Trd, 4319443.093, 81
Trd, 4319443.143, 74
Trd, 4319444.143, 107
Trd, 4319444.443, 111
Trd, 4319445.593, 138
Trd, 4319446.143, 126
Trd, 4319446.843, 103
Trd, 4319447.043, 96
Trd, 4319448.193, 79
Trd, 4319448.343, 90
Trd, 4319449.293, 107
Trd, 4319450.993, 132
Trd, 4319452.093, 126
Trd, 4319452.493, 125
Trd, 4319453.443, 140
Trd, 4319453.793, 112
Trd, 4319454.193, 71
Trd, 4319455.593, 60
Trd, 4319456.493, 127
Trd, 4319456.893, 124
Trd, 4319458.693, 113
Trd, 4319458.743, 134
Trd, 4319459.043, 112
Trd, 4319459.393, 105
Trd, 4319460.693, 61
Trd, 4319461.593, 86
Trd, 4319461.993, 93
Trd, 4319462.243, 106
Trd, 4319462.943, 75
Trd, 4319463.993, 83
Trd, 4319464.193, 77
Trd, 4319466.743, 117
Trd, 4319467.093, 91
Trd, 4319468.543, 114
Trd, 4319468.743, 101
Trd, 4319468.843, 101
Trd, 4319469.443, 120
Trd, 4319470.043, 75
Trd, 4319470.343, 73
Trd, 4319470.993, 129
Trd, 4319471.143, 103
Trd, 4319473.493, 97
Trd, 4319474.093, 140
Trd, 4319474.393, 132
Trd, 4319474.493, 116
Trd, 4319475.243, 131
Trd, 4319475.543, 102
Trd, 4319475.793, 70
Trd, 4319475.843, 65
Trd, 4319477.043, 61
Trd, 4319478.493, 102
Trd, 4319479.493, 87
Trd, 4319479.993, 96
Trd, 4319481.043, 115
Trd, 4319481.093, 107
Trd, 4319481.393, 102
Trd, 4319482.993, 82
Trd, 4319483.993, 72
Trd, 4319484.243, 75
Trd, 4319484.493, 89
Trd, 4319486.943, 129
Trd, 4319487.043, 133
Trd, 4319487.443, 128
Trd, 4319487.643, 123
Trd, 4319488.593, 113
Trd, 4319489.693, 120
Trd, 4319490.093, 94
Trd, 4319490.493, 94
Trd, 4319490.643, 103
Trd, 4319491.143, 101
Trd, 4319492.893, 139
Trd, 4319492.943, 129
Trd, 4319493.143, 86
Trd, 4319494.993, 64
Trd, 4319495.393, 95
Trd, 4319496.643, 78
Trd, 4319496.843, 82
Trd, 4319497.143, 83
Trd, 4319497.393, 111
Trd, 4319497.893, 68
Trd, 4319497.943, 104
Trd, 4319499.343, 76
Trd, 4319503.143, 65
Trd, 4319503.493, 66
Trd, 4319504.443, 96
Trd, 4319504.943, 109
Trd, 4319506.593, 126
Trd, 4319506.693, 104
Trd, 4319506.843, 101
Trd, 4319507.693, 91
Trd, 4319507.743, 87
Trd, 4319507.893, 140
Trd, 4319508.293, 68
Trd, 4319508.343, 71
Trd, 4319511.243, 60
Trd, 4319511.593, 83
Trd, 4319511.993, 92
Trd, 4319512.393, 91
Trd, 4319513.193, 65
Trd, 4319514.293, 71
Trd, 4319515.043, 109
Trd, 4319515.193, 73
Trd, 4319515.793, 72
Trd, 4319517.543, 82
Trd, 4319519.643, 78
Trd, 4319520.293, 93
Trd, 4319520.893, 80
Trd, 4319522.943, 105
Trd, 4319522.993, 95
Trd, 4319523.493, 118
Trd, 4319524.143, 98
Trd, 4319525.443, 93
Trd, 4319526.293, 103
Trd, 4319526.993, 104
Trd, 4319527.493, 136
Trd, 4319528.143, 114
Trd, 4319528.893, 126
Trd, 4319529.943, 115
Trd, 4319530.693, 107
Trd, 4319531.093, 115
Trd, 4319532.243, 108
Trd, 4319533.743, 96
Trd, 4319533.993, 95
Trd, 4319534.143, 70
Trd, 4319535.543, 95
Trd, 4319535.693, 100
Trd, 4319536.343, 90
Trd, 4319537.043, 89
Trd, 4319537.143, 110
Trd, 4319538.793, 82
Trd, 4319538.943, 83
Trd, 4319539.293, 82
Trd, 4319540.593, 138
Trd, 4319541.193, 86
Trd, 4319541.443, 88
Trd, 4319542.793, 72
Trd, 4319542.993, 117
Trd, 4319544.193, 71
Trd, 4319544.243, 90
Trd, 4319544.943, 97
Trd, 4319546.843, 139
Trd, 4319547.143, 92
Trd, 4319547.543, 140
Trd, 4319547.693, 77
Trd, 4319548.443, 63
Trd, 4319549.043, 104
Trd, 4319549.343, 84
Trd, 4319551.093, 111
Trd, 4319552.893, 81
Trd, 4319553.693, 127
Trd, 4319553.743, 99
Trd, 4319553.793, 91
Trd, 4319555.343, 114
Trd, 4319555.943, 107
Trd, 4319556.293, 106
Trd, 4319556.843, 110
Trd, 4319556.993, 105
Trd, 4319557.843, 95
Trd, 4319558.093, 112
Trd, 4319560.243, 78
Trd, 4319560.343, 78
Trd, 4319560.443, 67
Trd, 4319562.843, 60
Trd, 4319563.193, 124
Trd, 4319563.643, 122
Trd, 4319564.193, 113
Trd, 4319565.743, 140
Trd, 4319565.893, 137
Trd, 4319566.443, 99
Trd, 4319566.743, 107
Trd, 4319567.043, 76
Trd, 4319567.743, 87
Trd, 4319568.993, 118
Trd, 4319570.393, 76
Trd, 4319570.893, 99
Trd, 4319571.543, 97
Trd, 4319571.743, 119
Trd, 4319572.243, 78
Trd, 4319572.393, 80
Trd, 4319573.443, 83
Trd, 4319573.743, 76
Trd, 4319575.293, 106
Trd, 4319577.193, 103
Trd, 4319577.243, 124
Trd, 4319577.593, 99
Trd, 4319577.793, 104
Trd, 4319578.943, 140
Trd, 4319579.093, 132
Trd, 4319579.543, 94
Trd, 4319579.593, 73
Trd, 4319581.943, 137
Trd, 4319582.393, 135
Trd, 4319582.593, 134
Trd, 4319583.143, 116
Trd, 4319584.243, 90
Trd, 4319584.543, 80
Trd, 4319584.993, 92
Trd, 4319585.393, 86
Trd, 4319585.893, 81
Trd, 4319586.993, 90
Trd, 4319587.143, 127
Trd, 4319588.943, 62
Trd, 4319589.443, 108
Trd, 4319589.993, 66
Trd, 4319592.243, 106
Trd, 4319592.893, 103
Trd, 4319593.593, 113
Trd, 4319595.143, 77
Trd, 4319595.743, 78
Trd, 4319597.243, 78
Trd, 4319598.293, 81
Trd, 4319599.643, 139
Trd, 4319599.893, 133
Trd, 4319600.693, 122
Trd, 4319601.393, 103
Trd, 4319601.643, 84
Trd, 4319602.243, 107
Trd, 4319602.593, 77
Trd, 4319603.693, 140
Trd, 4319604.043, 129
Trd, 4319605.393, 118
Trd, 4319606.343, 120
Trd, 4319606.593, 103
Trd, 4319607.193, 74
Trd, 4319607.243, 62
Trd, 4319607.393, 76
Trd, 4319608.243, 65
Trd, 4319608.593, 62
Trd, 4319610.393, 77
Trd, 4319610.893, 85
Trd, 4319611.643, 62
Trd, 4319611.743, 77
Trd, 4319612.293, 61
Trd, 4319615.043, 62
Trd, 4319615.343, 62
Trd, 4319615.443, 61
Trd, 4319616.093, 65
Trd, 4319616.943, 65
Trd, 4319617.343, 65
Trd, 4319618.143, 113
Trd, 4319618.693, 98
Trd, 4319620.493, 92
Trd, 4319620.743, 73
Trd, 4319621.143, 71
Trd, 4319622.843, 75
Trd, 4319625.093, 73
Trd, 4319625.293, 95
Trd, 4319625.743, 67
Trd, 4319625.893, 77
Trd, 4319626.843, 70
Trd, 4319626.993, 67
Trd, 4319627.193, 81
Trd, 4319627.493, 104
Trd, 4319628.543, 140
Trd, 4319628.993, 137
Trd, 4319629.343, 130
Trd, 4319630.443, 134
Trd, 4319630.643, 133
Trd, 4319630.793, 118
Trd, 4319631.793, 99
Trd, 4319633.393, 140
Trd, 4319633.643, 94
Trd, 4319634.143, 87
Trd, 4319634.893, 64
Trd, 4319635.293, 94
Trd, 4319636.193, 94
Trd, 4319636.843, 93
Trd, 4319636.943, 97
Trd, 4319637.743, 80
Trd, 4319639.493, 84
Trd, 4319640.343, 68
Trd, 4319641.593, 67
Trd, 4319642.143, 110
Trd, 4319643.343, 73
Trd, 4319644.293, 86
Trd, 4319644.393, 104
Trd, 4319645.043, 88
Trd, 4319645.393, 60
Trd, 4319645.493, 69
Trd, 4319646.893, 109
Trd, 4319647.343, 108
Trd, 4319647.593, 103
Trd, 4319649.593, 112
Trd, 4319649.893, 109
Trd, 4319650.143, 84
Trd, 4319650.743, 140
Trd, 4319651.643, 100
Trd, 4319653.743, 93
Trd, 4319654.043, 90
Trd, 4319654.193, 99
Trd, 4319654.393, 90
Trd, 4319654.443, 93
Trd, 4319656.693, 135
Trd, 4319657.243, 96
Trd, 4319657.343, 110
Trd, 4319657.943, 89
Trd, 4319659.293, 114
Trd, 4319659.993, 97
Trd, 4319660.243, 126
Trd, 4319660.543, 95
Trd, 4319661.093, 91
Trd, 4319661.193, 87
Trd, 4319662.893, 74
Trd, 4319663.493, 99
Trd, 4319664.443, 70
Trd, 4319665.743, 70
Trd, 4319667.393, 61
Trd, 4319668.543, 105
Trd, 4319669.093, 124
Trd, 4319669.843, 130
Trd, 4319670.243, 128
Trd, 4319671.093, 128
Trd, 4319671.393, 115
Trd, 4319672.593, 110
Trd, 4319672.943, 99
Trd, 4319673.743, 104
Trd, 4319674.543, 91
Trd, 4319675.293, 100
Trd, 4319675.493, 69
Trd, 4319676.043, 61
Trd, 4319677.593, 91
Trd, 4319678.293, 105
Trd, 4319678.643, 87
Trd, 4319678.743, 86
Trd, 4319679.393, 106
Trd, 4319680.643, 92
Trd, 4319680.843, 125
Trd, 4319680.993, 69
Trd, 4319682.593, 109
Trd, 4319682.843, 106
Trd, 4319683.443, 107
Trd, 4319684.643, 136
Trd, 4319684.843, 105
Trd, 4319685.343, 83
Trd, 4319687.293, 110
Trd, 4319687.793, 119
Trd, 4319687.893, 92
Trd, 4319688.593, 86
Trd, 4319688.943, 71
Trd, 4319689.293, 109
Trd, 4319690.243, 82
Trd, 4319690.393, 82
Trd, 4319691.543, 140
Trd, 4319691.993, 129
Trd, 4319692.443, 128
Trd, 4319692.743, 133
Trd, 4319694.493, 104
Trd, 4319694.693, 113
Trd, 4319695.893, 96
Trd, 4319696.093, 96
Trd, 4319696.493, 106
Trd, 4319696.593, 96
Trd, 4319697.993, 71
Trd, 4319698.393, 93
Trd, 4319698.493, 83
Trd, 4319699.793, 111
Trd, 4319700.793, 97
Trd, 4319701.793, 90
Trd, 4319701.943, 75
Trd, 4319702.993, 114
Trd, 4319703.093, 95
Trd, 4319703.143, 92
Trd, 4319703.793, 100
Trd, 4319705.243, 94
Trd, 4319705.293, 84
Trd, 4319705.693, 133
Trd, 4319706.793, 78
Trd, 4319707.743, 88
Trd, 4319708.943, 90
Trd, 4319709.143, 100
Trd, 4319710.143, 98
Trd, 4319710.443, 140
Trd, 4319711.493, 96
Trd, 4319712.243, 127
Trd, 4319712.743, 131
Trd, 4319713.293, 124
Trd, 4319714.743, 123
Trd, 4319715.993, 113
Trd, 4319716.443, 115
Trd, 4319716.593, 112
Trd, 4319717.293, 122
Trd, 4319717.743, 138
Trd, 4319717.993, 121
Trd, 4319718.793, 80
Trd, 4319719.693, 75
Trd, 4319720.193, 119
Trd, 4319721.143, 62
Trd, 4319721.293, 64
Trd, 4319722.393, 140
Trd, 4319723.893, 69
Trd, 4319725.093, 95
Trd, 4319725.893, 93
Trd, 4319726.393, 95
Trd, 4319726.493, 93
Trd, 4319728.093, 109
Trd, 4319728.543, 138
Trd, 4319728.893, 106
Trd, 4319729.493, 104
Trd, 4319729.793, 98
Trd, 4319730.693, 99
Trd, 4319731.293, 95
Trd, 4319732.743, 109
Trd, 4319732.893, 110
Trd, 4319733.893, 105
Trd, 4319734.093, 98
Trd, 4319734.493, 98
Trd, 4319735.393, 81
Trd, 4319735.743, 139
Trd, 4319737.143, 118
Trd, 4319737.443, 130
Trd, 4319737.493, 118
Trd, 4319737.843, 108
Trd, 4319739.743, 140
Trd, 4319739.893, 132
Trd, 4319740.043, 122
Trd, 4319741.043, 86
Trd, 4319742.793, 100
Trd, 4319742.893, 87
Trd, 4319743.043, 112
Trd, 4319743.493, 86
Trd, 4319743.843, 140
Trd, 4319746.443, 108
Trd, 4319746.643, 101
Trd, 4319747.143, 105
Trd, 4319748.293, 69
Trd, 4319748.543, 75
Trd, 4319748.793, 77
Trd, 4319749.843, 112
Trd, 4319750.593, 83
Trd, 4319751.793, 64
Trd, 4319753.293, 70
Trd, 4319753.893, 70
Trd, 4319754.743, 91
Trd, 4319754.893, 75
Trd, 4319755.843, 110
Trd, 4319756.443, 89
Trd, 4319757.043, 85
Trd, 4319758.643, 111
Trd, 4319758.993, 86
Trd, 4319759.843, 131
Trd, 4319760.043, 97
Trd, 4319760.993, 114
Trd, 4319761.793, 88
Trd, 4319762.643, 137
Trd, 4319763.893, 111
Trd, 4319764.443, 78
Trd, 4319764.893, 97
Trd, 4319766.043, 88
Trd, 4319766.993, 139
Trd, 4319767.693, 102
Trd, 4319768.493, 107
Trd, 4319768.543, 101
Trd, 4319769.593, 94
Trd, 4319769.993, 81
Trd, 4319770.443, 97
Trd, 4319770.593, 81
Trd, 4319770.643, 72
Trd, 4319771.843, 67
Trd, 4319771.993, 63
Trd, 4319772.543, 75
Trd, 4319774.543, 94
Trd, 4319775.543, 115
Trd, 4319775.643, 114
Trd, 4319776.793, 105
Trd, 4319777.693, 140
Trd, 4319778.793, 118
Trd, 4319779.393, 100
Trd, 4319780.843, 105
Trd, 4319782.143, 114
Trd, 4319782.793, 102
Trd, 4319783.343, 91
Trd, 4319783.443, 89
Trd, 4319784.693, 87
Trd, 4319785.143, 72
Trd, 4319785.593, 120
Trd, 4319786.193, 140
Trd, 4319787.143, 99
Trd, 4319788.593, 93
Trd, 4319788.943, 85
Trd, 4319789.393, 81
Trd, 4319789.793, 114
Trd, 4319790.343, 113
Trd, 4319790.443, 81
Trd, 4319790.543, 102
Trd, 4319790.893, 112
Trd, 4319790.993, 75
Trd, 4319792.143, 105
Trd, 4319793.743, 67
Trd, 4319794.193, 78
Trd, 4319794.243, 67
Trd, 4319794.943, 71
Trd, 4319795.643, 139
Trd, 4319796.393, 122
Trd, 4319797.443, 105
Trd, 4319797.893, 98
Trd, 4319798.343, 105
Trd, 4319799.743, 87
Trd, 4319800.143, 95
Trd, 4319800.393, 85
Trd, 4319800.543, 77
Trd, 4319803.293, 92
Trd, 4319803.993, 69
Trd, 4319804.093, 67
Trd, 4319804.843, 80
Trd, 4319805.793, 106
Trd, 4319807.393, 91
Trd, 4319808.293, 117
Trd, 4319808.593, 110
Trd, 4319809.243, 106
Trd, 4319809.893, 121
Trd, 4319810.393, 89
Trd, 4319810.993, 75
Trd, 4319812.593, 119
Trd, 4319813.343, 115
Trd, 4319813.543, 93
Trd, 4319814.693, 66
Trd, 4319815.143, 64
Trd, 4319816.093, 83
Trd, 4319816.343, 72
Trd, 4319816.443, 72
Trd, 4319817.493, 81
Trd, 4319818.193, 80
Trd, 4319818.643, 86
Trd, 4319819.393, 91
Trd, 4319820.243, 86
Trd, 4319820.993, 80
Trd, 4319821.343, 88
Trd, 4319822.793, 83
Trd, 4319823.393, 139
Trd, 4319823.793, 75
Trd, 4319824.543, 98
Trd, 4319825.043, 112
Trd, 4319825.243, 110
Trd, 4319825.993, 97
Trd, 4319826.643, 79
Trd, 4319827.093, 81
Trd, 4319828.143, 74
Trd, 4319829.393, 112
Trd, 4319829.443, 112
Trd, 4319832.243, 76
Trd, 4319832.293, 81
Trd, 4319832.443, 103
Trd, 4319833.193, 67
Trd, 4319833.743, 106
Trd, 4319835.593, 99
Trd, 4319836.093, 126
Trd, 4319836.593, 96
Trd, 4319837.993, 92
Trd, 4319838.893, 115
Trd, 4319839.043, 87
Trd, 4319839.443, 133
Trd, 4319839.593, 131
Trd, 4319840.793, 104
Trd, 4319842.093, 100
Trd, 4319842.193, 99
Trd, 4319843.393, 84
Trd, 4319843.793, 111
Trd, 4319843.893, 88
Trd, 4319844.443, 87
Trd, 4319845.143, 99
Trd, 4319846.043, 140
Trd, 4319846.293, 132
Trd, 4319847.693, 97
Trd, 4319848.093, 111
Trd, 4319848.493, 95
Trd, 4319850.243, 75
Trd, 4319850.443, 110
Trd, 4319851.943, 78
Trd, 4319853.543, 63
Trd, 4319853.743, 66
Trd, 4319854.093, 70
Trd, 4319854.843, 61
Trd, 4319856.043, 73
Trd, 4319856.393, 124
Trd, 4319856.593, 75
Trd, 4319857.243, 83
Trd, 4319858.343, 89
Trd, 4319859.193, 88
Trd, 4319859.393, 90
Trd, 4319859.693, 79
Trd, 4319861.143, 67
Trd, 4319861.643, 92
Trd, 4319862.393, 65
Trd, 4319862.993, 140
Trd, 4319863.393, 129
Trd, 4319864.293, 128
Trd, 4319864.593, 127
Trd, 4319864.693, 127
Trd, 4319866.343, 122
Trd, 4319867.693, 120
Trd, 4319868.793, 114
Trd, 4319869.893, 105
Trd, 4319869.993, 99
Trd, 4319870.143, 123
Trd, 4319870.243, 98
Trd, 4319871.243, 140
Trd, 4319871.793, 137
Trd, 4319872.093, 134
Trd, 4319872.243, 117
Trd, 4319873.193, 111
Trd, 4319875.343, 79
Trd, 4319875.543, 79
Trd, 4319876.143, 92
Trd, 4319876.493, 88
Trd, 4319877.343, 140
Trd, 4319878.293, 75
Trd, 4319880.143, 108
Trd, 4319880.393, 104
Trd, 4319880.743, 103
Trd, 4319881.093, 108
Trd, 4319881.793, 139
Trd, 4319881.893, 102
Trd, 4319882.293, 111
Trd, 4319882.793, 81
Trd, 4319883.043, 90
Trd, 4319883.693, 91
Trd, 4319884.593, 95
Trd, 4319885.793, 126
Trd, 4319886.243, 123
Trd, 4319886.993, 66
Trd, 4319887.343, 113
Trd, 4319888.493, 86
Trd, 4319888.993, 79
Trd, 4319889.543, 61
Trd, 4319889.843, 66
Trd, 4319890.993, 75
Trd, 4319891.343, 64
Trd, 4319891.843, 67
Trd, 4319893.143, 69
Trd, 4319893.493, 88
Trd, 4319895.393, 105
Trd, 4319896.343, 84
Trd, 4319896.643, 87
Trd, 4319897.193, 90
Trd, 4319898.393, 81
Trd, 4319899.393, 140
Trd, 4319899.593, 128
Trd, 4319900.443, 122
Trd, 4319900.593, 116
Trd, 4319901.843, 127
Trd, 4319902.043, 122
Trd, 4319903.493, 140
Trd, 4319903.693, 131
Trd, 4319904.693, 126
Trd, 4319906.593, 108
Trd, 4319906.943, 105
Trd, 4319907.793, 98
Trd, 4319907.993, 131
Trd, 4319908.593, 96
Trd, 4319910.143, 75
Trd, 4319911.393, 63
Trd, 4319911.443, 87
Trd, 4319912.393, 114
Trd, 4319912.743, 98
Trd, 4319914.043, 96
Trd, 4319914.143, 111
Trd, 4319914.943, 88
Trd, 4319916.143, 82
Trd, 4319917.093, 85
Trd, 4319917.393, 81
Trd, 4319918.143, 73
Trd, 4319919.643, 88
Trd, 4319920.043, 137
Trd, 4319920.593, 66
Trd, 4319922.043, 74
Trd, 4319922.543, 87
Trd, 4319922.843, 95
Trd, 4319922.943, 78
Trd, 4319924.843, 140
Trd, 4319925.893, 78
Trd, 4319927.193, 81
Trd, 4319927.543, 80
Trd, 4319928.143, 85
Trd, 4319928.593, 84
Trd, 4319930.643, 87
Trd, 4319931.093, 74
Trd, 4319932.093, 88
Trd, 4319932.193, 84
Trd, 4319932.293, 79
Trd, 4319932.843, 96
Trd, 4319933.343, 106
Trd, 4319933.493, 80
Trd, 4319934.243, 75
Trd, 4319934.843, 64
Trd, 4319935.593, 120
Trd, 4319936.643, 112
Trd, 4319937.143, 96
Trd, 4319938.693, 137
Trd, 4319938.993, 118
Trd, 4319939.493, 118
Trd, 4319939.643, 100
Trd, 4319941.143, 81
Trd, 4319941.643, 126
Trd, 4319942.093, 120
Trd, 4319944.293, 118
Trd, 4319944.993, 112
Trd, 4319945.793, 140
Trd, 4319945.843, 129
Trd, 4319945.943, 113
Trd, 4319946.393, 109
Trd, 4319948.043, 111
Trd, 4319948.493, 101
Trd, 4319949.043, 100
Trd, 4319949.743, 103
Trd, 4319949.843, 95
Trd, 4319952.743, 122
Trd, 4319952.893, 111
Trd, 4319952.943, 119
Trd, 4319953.293, 101
Trd, 4319954.693, 90
Trd, 4319955.043, 91
Trd, 4319955.993, 129
Trd, 4319956.393, 123
Trd, 4319957.043, 76
Trd, 4319958.893, 123
Trd, 4319959.143, 118
Trd, 4319959.493, 140
Trd, 4319960.193, 109
Trd, 4319960.243, 97
Trd, 4319961.343, 132
Trd, 4319961.893, 111
Trd, 4319962.343, 106
Trd, 4319962.593, 98
Trd, 4319963.093, 96
Trd, 4319963.443, 61
Trd, 4319963.693, 71
Trd, 4319964.893, 92
Trd, 4319965.193, 122
Trd, 4319966.243, 88
Trd, 4319966.793, 71
Trd, 4319966.843, 90
Trd, 4319967.593, 80
Trd, 4319967.943, 92
Trd, 4319968.543, 63
Trd, 4319971.243, 78
Trd, 4319971.393, 72
Trd, 4319971.493, 113
Trd, 4319972.843, 85
Trd, 4319973.793, 123
Trd, 4319973.843, 112
Trd, 4319974.243, 71
Trd, 4319974.893, 83
Trd, 4319975.493, 68
Trd, 4319975.943, 99
Trd, 4319976.243, 63
Trd, 4319976.993, 86
Trd, 4319977.843, 107
Trd, 4319979.143, 140
Trd, 4319979.693, 122
Trd, 4319980.943, 106
Trd, 4319981.543, 103
Trd, 4319982.293, 102
Trd, 4319983.343, 93
Trd, 4319984.943, 93
Trd, 4319985.193, 97
Trd, 4319985.293, 86
Trd, 4319985.343, 86
Trd, 4319985.793, 84
Trd, 4319987.193, 140
Trd, 4319988.193, 136
Trd, 4319988.743, 140
Trd, 4319988.943, 129
Trd, 4319989.943, 119
Trd, 4319990.643, 101
Trd, 4319990.793, 100
Trd, 4319991.493, 85
Trd, 4319992.593, 84
Trd, 4319995.493, 140
Trd, 4319995.893, 136
Trd, 4319996.443, 136
Trd, 4319997.643, 129
Trd, 4319998.143, 128
Trd, 4319998.343, 119
Trd, 4319998.443, 109
Trd, 4319999.593, 78
