Trd, 4318087.893, 140
Trd, 4318088.293, 139
Trd, 4318089.043, 139
Trd, 4318089.493, 138
Trd, 4318090.843, 140
Trd, 4318091.143, 130
Trd, 4318091.843, 127
Trd, 4318092.293, 126
Trd, 4318092.543, 124
Trd, 4318094.593, 140
Trd, 4318095.043, 140
Trd, 4318096.093, 140
Trd, 4318096.543, 140
Trd, 4318096.643, 140
Trd, 4318097.593, 139
Trd, 4318097.793, 139
Trd, 4318099.393, 104
Trd, 4318100.843, 139
Trd, 4318101.443, 140
Trd, 4318101.693, 140
Trd, 4318102.293, 125
Trd, 4318102.643, 112
Trd, 4318103.493, 140
Trd, 4318103.993, 109
Trd, 4318104.593, 94
Trd, 4318105.193, 105
Trd, 4318105.243, 81
Trd, 4318107.143, 80
Trd, 4318107.343, 118
Trd, 4318108.293, 71
Trd, 4318110.643, 60
Trd, 4318112.193, 118
Trd, 4318112.293, 117
Trd, 4318112.493, 115
Trd, 4318112.793, 114
Trd, 4318113.043, 113
Trd, 4318114.393, 140
Trd, 4318114.543, 138
Trd, 4318114.593, 130
Trd, 4318115.093, 92
Trd, 4318116.893, 111
Trd, 4318118.093, 136
Trd, 4318118.393, 133
Trd, 4318118.643, 132
Trd, 4318119.593, 101
Trd, 4318120.793, 140
Trd, 4318120.993, 140
Trd, 4318121.343, 140
Trd, 4318121.593, 140
Trd, 4318122.793, 139
Trd, 4318123.543, 137
Trd, 4318125.193, 140
Trd, 4318126.093, 140
Trd, 4318127.043, 140
Trd, 4318127.093, 139
Trd, 4318127.693, 132
Trd, 4318130.593, 140
Trd, 4318131.243, 140
Trd, 4318131.493, 140
Trd, 4318131.643, 140
Trd, 4318132.143, 139
Trd, 4318132.643, 125
Trd, 4318134.493, 134
Trd, 4318134.893, 126
Trd, 4318136.793, 140
Trd, 4318137.593, 131
Trd, 4318138.693, 111
Trd, 4318138.793, 108
Trd, 4318139.593, 105
Trd, 4318140.943, 140
Trd, 4318141.493, 140
Trd, 4318141.793, 140
Trd, 4318142.343, 132
Trd, 4318142.693, 126
Trd, 4318143.393, 125
Trd, 4318143.443, 90
Trd, 4318143.493, 71
Trd, 4318144.743, 124
Trd, 4318146.293, 123
Trd, 4318146.993, 138
Trd, 4318147.893, 138
Trd, 4318148.293, 139
Trd, 4318148.993, 140
Trd, 4318149.693, 140
Trd, 4318149.743, 138
Trd, 4318150.143, 131
Trd, 4318152.143, 115
Trd, 4318152.443, 115
Trd, 4318152.793, 127
Trd, 4318152.993, 115
Trd, 4318153.343, 140
Trd, 4318153.943, 70
Trd, 4318154.743, 140
Trd, 4318157.393, 140
Trd, 4318157.693, 140
Trd, 4318159.043, 140
Trd, 4318160.093, 140
Trd, 4318160.193, 140
Trd, 4318161.293, 139
Trd, 4318161.393, 138
Trd, 4318161.693, 124
Trd, 4318162.943, 123
Trd, 4318163.393, 123
Trd, 4318163.593, 120
Trd, 4318163.943, 125
Trd, 4318164.843, 67
Trd, 4318165.093, 66
Trd, 4318166.193, 140
Trd, 4318166.693, 137
Trd, 4318167.393, 93
Trd, 4318169.243, 136
Trd, 4318169.443, 97
Trd, 4318170.793, 99
Trd, 4318172.643, 140
Trd, 4318172.893, 140
Trd, 4318173.043, 140
Trd, 4318173.443, 123
Trd, 4318173.543, 139
Trd, 4318174.343, 135
Trd, 4318174.693, 125
Trd, 4318175.193, 121
Trd, 4318177.243, 64
Trd, 4318177.893, 93
Trd, 4318178.343, 140
Trd, 4318178.543, 140
Trd, 4318180.243, 140
Trd, 4318181.893, 140
Trd, 4318182.043, 140
Trd, 4318182.143, 140
Trd, 4318182.293, 139
Trd, 4318183.893, 134
Trd, 4318184.393, 132
Trd, 4318184.843, 127
Trd, 4318185.043, 88
Trd, 4318185.193, 85
Trd, 4318186.293, 139
Trd, 4318186.343, 138
Trd, 4318186.843, 121
Trd, 4318188.743, 98
Trd, 4318190.393, 118
Trd, 4318190.993, 140
Trd, 4318193.293, 140
Trd, 4318194.093, 140
Trd, 4318194.293, 140
Trd, 4318194.943, 139
Trd, 4318195.143, 137
Trd, 4318195.493, 124
Trd, 4318197.343, 140
Trd, 4318197.493, 124
Trd, 4318198.093, 116
Trd, 4318198.593, 115
Trd, 4318201.893, 140
Trd, 4318201.993, 140
Trd, 4318202.943, 140
Trd, 4318203.143, 140
Trd, 4318203.793, 140
Trd, 4318205.343, 140
Trd, 4318205.593, 140
Trd, 4318206.043, 135
Trd, 4318207.343, 88
Trd, 4318207.993, 87
Trd, 4318209.693, 140
Trd, 4318210.443, 124
Trd, 4318210.493, 123
Trd, 4318211.193, 140
Trd, 4318211.793, 138
Trd, 4318212.193, 137
Trd, 4318213.293, 128
Trd, 4318214.093, 138
Trd, 4318214.543, 123
Trd, 4318215.593, 140
Trd, 4318215.743, 124
Trd, 4318216.343, 124
Trd, 4318216.593, 123
Trd, 4318217.143, 120
Trd, 4318218.743, 140
Trd, 4318219.143, 140
Trd, 4318220.243, 140
Trd, 4318223.993, 140
Trd, 4318224.293, 140
Trd, 4318224.693, 140
Trd, 4318225.743, 140
Trd, 4318226.343, 140
Trd, 4318226.993, 140
Trd, 4318227.293, 140
Trd, 4318228.593, 140
Trd, 4318228.693, 140
Trd, 4318229.043, 139
Trd, 4318229.843, 138
Trd, 4318230.293, 129
Trd, 4318231.043, 137
Trd, 4318231.843, 125
Trd, 4318232.293, 115
Trd, 4318232.993, 132
Trd, 4318233.843, 90
Trd, 4318233.893, 91
Trd, 4318235.143, 116
Trd, 4318236.443, 101
Trd, 4318238.943, 140
Trd, 4318240.643, 140
Trd, 4318241.693, 140
Trd, 4318241.793, 140
Trd, 4318242.043, 140
Trd, 4318242.643, 140
Trd, 4318243.243, 138
Trd, 4318243.693, 96
Trd, 4318245.243, 118
Trd, 4318245.443, 117
Trd, 4318246.393, 113
Trd, 4318247.143, 115
Trd, 4318248.143, 135
Trd, 4318248.393, 117
Trd, 4318249.343, 118
Trd, 4318249.693, 118
Trd, 4318250.193, 136
Trd, 4318251.143, 114
Trd, 4318252.743, 140
Trd, 4318253.343, 140
Trd, 4318253.843, 140
Trd, 4318254.043, 130
Trd, 4318254.393, 119
Trd, 4318256.843, 101
Trd, 4318257.293, 122
Trd, 4318257.443, 84
Trd, 4318258.193, 139
Trd, 4318258.643, 88
Trd, 4318259.993, 89
Trd, 4318260.143, 88
Trd, 4318262.443, 127
Trd, 4318263.243, 139
Trd, 4318263.393, 138
Trd, 4318263.643, 130
Trd, 4318264.343, 130
Trd, 4318264.443, 129
Trd, 4318264.943, 128
Trd, 4318266.193, 139
Trd, 4318266.893, 89
Trd, 4318267.093, 89
Trd, 4318269.193, 94
Trd, 4318269.443, 93
Trd, 4318271.043, 140
Trd, 4318271.243, 94
Trd, 4318271.493, 93
Trd, 4318274.593, 95
Trd, 4318274.693, 97
Trd, 4318274.993, 93
Trd, 4318275.343, 102
Trd, 4318275.493, 104
Trd, 4318276.693, 75
Trd, 4318277.793, 72
Trd, 4318277.943, 83
Trd, 4318279.443, 115
Trd, 4318280.393, 137
Trd, 4318280.693, 129
Trd, 4318281.243, 129
Trd, 4318281.443, 128
Trd, 4318284.143, 139
Trd, 4318284.393, 140
Trd, 4318286.043, 140
Trd, 4318286.943, 140
Trd, 4318287.743, 140
Trd, 4318288.043, 140
Trd, 4318289.793, 140
Trd, 4318290.093, 138
Trd, 4318290.343, 137
Trd, 4318290.493, 132
Trd, 4318290.593, 128
Trd, 4318291.193, 97
Trd, 4318292.993, 74
Trd, 4318293.343, 140
Trd, 4318294.993, 72
Trd, 4318295.693, 105
Trd, 4318295.993, 140
Trd, 4318297.143, 107
Trd, 4318297.443, 121
Trd, 4318297.843, 94
Trd, 4318298.393, 94
Trd, 4318299.393, 107
Trd, 4318299.693, 140
Trd, 4318300.443, 140
Trd, 4318300.493, 138
Trd, 4318300.643, 106
Trd, 4318301.543, 93
Trd, 4318302.543, 65
Trd, 4318302.843, 96
Trd, 4318303.343, 71
Trd, 4318303.843, 140
Trd, 4318304.643, 103
Trd, 4318306.193, 124
Trd, 4318306.393, 122
Trd, 4318310.493, 122
Trd, 4318310.993, 124
Trd, 4318312.743, 134
Trd, 4318313.243, 140
Trd, 4318313.493, 140
Trd, 4318314.393, 140
Trd, 4318314.493, 130
Trd, 4318314.893, 116
Trd, 4318315.743, 140
Trd, 4318317.043, 140
Trd, 4318318.293, 140
Trd, 4318318.643, 140
Trd, 4318319.293, 106
Trd, 4318319.493, 105
Trd, 4318320.693, 140
Trd, 4318320.943, 83
Trd, 4318321.693, 104
Trd, 4318322.143, 83
Trd, 4318322.593, 138
Trd, 4318324.543, 122
Trd, 4318325.193, 114
Trd, 4318326.793, 140
Trd, 4318327.143, 140
Trd, 4318327.743, 140
Trd, 4318328.893, 140
Trd, 4318329.693, 139
Trd, 4318330.393, 139
Trd, 4318331.243, 140
Trd, 4318331.293, 130
Trd, 4318333.093, 106
Trd, 4318334.193, 130
Trd, 4318335.143, 105
Trd, 4318335.843, 105
Trd, 4318337.043, 111
Trd, 4318337.493, 140
Trd, 4318339.643, 140
Trd, 4318339.743, 140
Trd, 4318341.043, 117
Trd, 4318342.943, 140
Trd, 4318343.293, 140
Trd, 4318344.043, 140
Trd, 4318344.393, 140
Trd, 4318344.543, 140
Trd, 4318345.343, 109
Trd, 4318346.643, 104
Trd, 4318346.843, 98
Trd, 4318347.493, 85
Trd, 4318347.893, 111
Trd, 4318349.643, 140
Trd, 4318349.943, 140
Trd, 4318350.993, 140
Trd, 4318351.993, 140
Trd, 4318352.293, 140
Trd, 4318352.643, 140
Trd, 4318354.393, 140
Trd, 4318354.993, 140
Trd, 4318355.093, 137
Trd, 4318355.393, 136
Trd, 4318356.493, 99
Trd, 4318357.443, 82
Trd, 4318358.893, 140
Trd, 4318359.043, 140
Trd, 4318360.093, 97
Trd, 4318361.393, 140
Trd, 4318362.143, 138
Trd, 4318362.643, 137
Trd, 4318363.743, 140
Trd, 4318364.243, 140
Trd, 4318365.393, 140
Trd, 4318366.243, 140
Trd, 4318366.543, 140
Trd, 4318368.293, 124
Trd, 4318368.593, 98
Trd, 4318368.943, 137
Trd, 4318369.093, 98
Trd, 4318369.193, 139
Trd, 4318372.043, 104
Trd, 4318372.193, 107
Trd, 4318372.943, 97
Trd, 4318373.893, 97
Trd, 4318373.993, 103
Trd, 4318374.543, 108
Trd, 4318375.093, 126
Trd, 4318376.043, 116
Trd, 4318376.443, 112
Trd, 4318376.743, 111
Trd, 4318377.093, 124
Trd, 4318377.643, 108
Trd, 4318379.693, 115
Trd, 4318380.693, 97
Trd, 4318381.343, 112
Trd, 4318381.443, 119
Trd, 4318382.293, 96
Trd, 4318382.893, 112
Trd, 4318383.093, 101
Trd, 4318383.193, 91
Trd, 4318384.543, 140
Trd, 4318384.993, 140
Trd, 4318385.093, 140
Trd, 4318385.193, 140
Trd, 4318386.343, 104
Trd, 4318386.643, 100
Trd, 4318389.593, 140
Trd, 4318390.093, 140
Trd, 4318390.793, 140
Trd, 4318392.993, 140
Trd, 4318393.643, 140
Trd, 4318393.693, 140
Trd, 4318393.793, 140
Trd, 4318393.993, 139
Trd, 4318394.593, 140
Trd, 4318395.543, 140
Trd, 4318395.693, 140
Trd, 4318396.093, 132
Trd, 4318396.443, 131
Trd, 4318396.943, 123
Trd, 4318398.993, 140
Trd, 4318401.143, 140
Trd, 4318401.693, 140
Trd, 4318402.043, 140
Trd, 4318402.993, 132
Trd, 4318403.443, 140
Trd, 4318404.843, 140
Trd, 4318406.043, 140
Trd, 4318406.843, 140
Trd, 4318407.393, 140
Trd, 4318407.443, 139
Trd, 4318408.143, 108
Trd, 4318409.843, 110
Trd, 4318409.993, 126
Trd, 4318410.643, 66
Trd, 4318411.593, 140
Trd, 4318411.793, 138
Trd, 4318413.843, 84
Trd, 4318414.393, 85
Trd, 4318416.943, 85
Trd, 4318417.543, 88
Trd, 4318417.643, 85
Trd, 4318417.693, 89
Trd, 4318418.343, 135
Trd, 4318418.743, 94
Trd, 4318419.893, 111
Trd, 4318421.543, 140
Trd, 4318422.643, 140
Trd, 4318423.443, 140
Trd, 4318423.743, 140
Trd, 4318424.143, 140
Trd, 4318424.243, 139
Trd, 4318424.593, 139
Trd, 4318424.943, 139
Trd, 4318426.543, 87
Trd, 4318427.393, 138
Trd, 4318427.843, 80
Trd, 4318429.693, 103
Trd, 4318430.243, 104
Trd, 4318431.293, 136
Trd, 4318431.593, 104
Trd, 4318432.043, 102
Trd, 4318432.343, 103
Trd, 4318433.743, 138
Trd, 4318433.893, 137
Trd, 4318434.293, 122
Trd, 4318435.393, 101
Trd, 4318436.893, 62
Trd, 4318437.143, 99
Trd, 4318437.243, 139
Trd, 4318438.493, 77
Trd, 4318439.843, 97
Trd, 4318441.543, 140
Trd, 4318442.143, 140
Trd, 4318443.243, 140
Trd, 4318443.693, 140
Trd, 4318444.193, 140
Trd, 4318444.443, 140
Trd, 4318445.193, 140
Trd, 4318445.343, 140
Trd, 4318446.693, 131
Trd, 4318447.193, 122
Trd, 4318448.293, 139
Trd, 4318449.543, 86
Trd, 4318449.893, 130
Trd, 4318451.143, 126
Trd, 4318451.693, 127
Trd, 4318452.193, 139
Trd, 4318452.693, 128
Trd, 4318452.993, 120
Trd, 4318455.093, 140
Trd, 4318455.193, 140
Trd, 4318456.043, 139
Trd, 4318456.593, 132
Trd, 4318456.793, 139
Trd, 4318457.793, 132
Trd, 4318459.693, 89
Trd, 4318460.593, 97
Trd, 4318461.243, 140
Trd, 4318462.043, 125
Trd, 4318462.543, 115
Trd, 4318462.593, 114
Trd, 4318463.193, 85
Trd, 4318464.193, 86
Trd, 4318464.643, 140
Trd, 4318466.343, 140
Trd, 4318467.293, 112
Trd, 4318467.493, 87
Trd, 4318467.793, 104
Trd, 4318467.943, 139
Trd, 4318468.543, 89
Trd, 4318468.993, 135
Trd, 4318471.493, 140
Trd, 4318472.543, 140
Trd, 4318472.643, 140
Trd, 4318475.343, 140
Trd, 4318476.743, 140
Trd, 4318476.843, 140
Trd, 4318477.143, 140
Trd, 4318477.543, 140
Trd, 4318477.593, 140
Trd, 4318479.243, 140
Trd, 4318479.693, 131
Trd, 4318480.743, 115
Trd, 4318480.843, 116
Trd, 4318482.143, 106
Trd, 4318482.193, 104
Trd, 4318482.593, 108
Trd, 4318483.043, 114
Trd, 4318485.693, 140
Trd, 4318486.043, 140
Trd, 4318486.943, 134
Trd, 4318487.943, 133
Trd, 4318488.843, 129
Trd, 4318489.093, 116
Trd, 4318489.693, 140
Trd, 4318489.793, 140
Trd, 4318490.393, 140
Trd, 4318492.243, 140
Trd, 4318493.693, 140
Trd, 4318494.693, 140
Trd, 4318494.743, 140
Trd, 4318495.043, 112
Trd, 4318495.543, 109
Trd, 4318495.793, 85
Trd, 4318495.993, 112
Trd, 4318497.943, 97
Trd, 4318498.543, 60
Trd, 4318500.243, 140
Trd, 4318500.543, 140
Trd, 4318501.093, 140
Trd, 4318502.293, 140
Trd, 4318502.393, 140
Trd, 4318502.643, 134
Trd, 4318504.643, 138
Trd, 4318505.043, 102
Trd, 4318505.093, 103
Trd, 4318505.193, 100
Trd, 4318505.893, 64
Trd, 4318507.643, 76
Trd, 4318507.793, 75
Trd, 4318508.493, 129
Trd, 4318509.993, 130
Trd, 4318511.093, 140
Trd, 4318511.743, 140
Trd, 4318513.193, 140
Trd, 4318513.743, 140
Trd, 4318515.093, 140
Trd, 4318515.543, 137
Trd, 4318516.893, 140
Trd, 4318517.043, 140
Trd, 4318517.143, 140
Trd, 4318517.793, 140
Trd, 4318517.993, 140
Trd, 4318518.493, 128
Trd, 4318521.143, 138
Trd, 4318521.293, 136
Trd, 4318521.543, 136
Trd, 4318521.793, 136
Trd, 4318521.843, 135
Trd, 4318524.293, 140
Trd, 4318524.893, 138
Trd, 4318525.443, 133
Trd, 4318526.193, 131
Trd, 4318526.643, 130
Trd, 4318527.293, 78
Trd, 4318527.943, 111
Trd, 4318529.443, 138
Trd, 4318530.343, 140
Trd, 4318531.343, 140
Trd, 4318531.943, 140
Trd, 4318532.193, 140
Trd, 4318532.943, 133
Trd, 4318533.393, 124
Trd, 4318533.543, 111
Trd, 4318535.343, 140
Trd, 4318536.743, 140
Trd, 4318537.443, 140
Trd, 4318538.143, 140
Trd, 4318538.193, 140
Trd, 4318538.243, 131
Trd, 4318539.143, 91
Trd, 4318539.193, 84
Trd, 4318541.343, 140
Trd, 4318542.043, 137
Trd, 4318542.143, 131
Trd, 4318542.443, 120
Trd, 4318545.243, 133
Trd, 4318545.393, 132
Trd, 4318545.493, 131
Trd, 4318545.743, 102
Trd, 4318547.093, 97
Trd, 4318547.243, 96
Trd, 4318547.743, 140
Trd, 4318548.943, 140
Trd, 4318548.993, 139
Trd, 4318551.643, 140
Trd, 4318551.693, 140
Trd, 4318551.743, 140
Trd, 4318552.193, 139
Trd, 4318552.343, 140
Trd, 4318552.543, 130
Trd, 4318553.643, 124
Trd, 4318555.043, 140
Trd, 4318555.093, 138
Trd, 4318555.193, 125
Trd, 4318555.693, 114
Trd, 4318555.743, 101
Trd, 4318556.193, 140
Trd, 4318557.243, 119
Trd, 4318558.643, 111
Trd, 4318558.893, 107
Trd, 4318560.393, 104
Trd, 4318561.743, 121
Trd, 4318562.393, 140
Trd, 4318562.443, 131
Trd, 4318562.793, 140
Trd, 4318563.593, 129
Trd, 4318564.143, 131
Trd, 4318564.943, 130
Trd, 4318565.043, 130
Trd, 4318565.943, 103
Trd, 4318566.993, 104
Trd, 4318567.243, 123
Trd, 4318567.943, 118
Trd, 4318569.243, 120
Trd, 4318569.743, 99
Trd, 4318570.043, 101
Trd, 4318570.293, 99
Trd, 4318570.943, 129
Trd, 4318571.193, 98
Trd, 4318571.493, 130
Trd, 4318573.643, 60
Trd, 4318575.443, 108
Trd, 4318576.643, 140
Trd, 4318576.843, 140
Trd, 4318578.143, 79
Trd, 4318578.443, 71
Trd, 4318579.293, 136
Trd, 4318581.243, 89
Trd, 4318582.093, 89
Trd, 4318582.843, 83
Trd, 4318582.993, 118
Trd, 4318584.693, 72
Trd, 4318585.193, 75
Trd, 4318586.043, 82
Trd, 4318586.343, 140
Trd, 4318587.493, 89
Trd, 4318587.993, 89
Trd, 4318588.543, 65
Trd, 4318589.093, 140
Trd, 4318589.493, 119
Trd, 4318591.093, 111
Trd, 4318591.293, 99
Trd, 4318592.343, 100
Trd, 4318594.443, 140
Trd, 4318595.043, 136
Trd, 4318595.343, 132
Trd, 4318595.493, 132
Trd, 4318595.593, 131
Trd, 4318596.593, 125
Trd, 4318598.643, 126
Trd, 4318600.543, 140
Trd, 4318600.893, 140
Trd, 4318601.143, 140
Trd, 4318602.893, 140
Trd, 4318604.043, 140
Trd, 4318605.893, 140
Trd, 4318607.143, 140
Trd, 4318607.893, 140
Trd, 4318608.193, 140
Trd, 4318608.443, 140
Trd, 4318608.493, 138
Trd, 4318609.193, 134
Trd, 4318610.393, 140
Trd, 4318610.543, 140
Trd, 4318610.993, 109
Trd, 4318611.243, 104
Trd, 4318611.743, 140
Trd, 4318613.093, 82
Trd, 4318614.043, 137
Trd, 4318614.243, 91
Trd, 4318615.843, 102
Trd, 4318616.093, 139
Trd, 4318618.143, 140
Trd, 4318618.293, 140
Trd, 4318618.393, 138
Trd, 4318618.493, 137
Trd, 4318618.743, 131
Trd, 4318620.143, 97
Trd, 4318620.743, 111
Trd, 4318621.293, 62
Trd, 4318621.893, 67
Trd, 4318623.743, 140
Trd, 4318624.343, 140
Trd, 4318624.443, 139
Trd, 4318624.543, 122
Trd, 4318624.943, 103
Trd, 4318626.343, 140
Trd, 4318626.893, 140
Trd, 4318627.193, 140
Trd, 4318627.443, 140
Trd, 4318628.693, 103
Trd, 4318629.593, 134
Trd, 4318631.143, 105
Trd, 4318632.043, 140
Trd, 4318632.443, 140
Trd, 4318632.543, 130
Trd, 4318632.743, 140
Trd, 4318634.143, 61
Trd, 4318635.093, 61
Trd, 4318635.993, 69
Trd, 4318637.293, 82
Trd, 4318639.443, 140
Trd, 4318640.143, 140
Trd, 4318640.593, 140
Trd, 4318640.943, 140
Trd, 4318641.393, 140
Trd, 4318641.943, 140
Trd, 4318643.593, 97
Trd, 4318643.893, 96
Trd, 4318644.293, 99
Trd, 4318645.093, 82
Trd, 4318645.843, 89
Trd, 4318647.993, 62
Trd, 4318649.293, 99
Trd, 4318649.893, 101
Trd, 4318650.343, 134
Trd, 4318652.093, 84
Trd, 4318652.743, 85
Trd, 4318652.843, 82
Trd, 4318653.243, 105
Trd, 4318654.193, 135
Trd, 4318654.293, 134
Trd, 4318654.393, 126
Trd, 4318656.043, 71
Trd, 4318656.993, 140
Trd, 4318657.543, 106
Trd, 4318658.593, 108
Trd, 4318659.143, 104
Trd, 4318659.393, 116
Trd, 4318660.493, 114
Trd, 4318660.793, 101
Trd, 4318661.243, 105
Trd, 4318661.493, 96
Trd, 4318663.693, 61
Trd, 4318664.543, 116
Trd, 4318666.393, 62
Trd, 4318666.843, 61
Trd, 4318666.993, 128
Trd, 4318667.343, 65
Trd, 4318669.043, 70
Trd, 4318669.443, 86
Trd, 4318670.393, 140
Trd, 4318671.193, 103
Trd, 4318672.843, 126
Trd, 4318673.093, 125
Trd, 4318673.493, 124
Trd, 4318673.943, 139
Trd, 4318673.993, 124
Trd, 4318675.543, 121
Trd, 4318676.743, 137
Trd, 4318676.843, 122
Trd, 4318677.793, 131
Trd, 4318678.493, 100
Trd, 4318679.193, 82
Trd, 4318679.643, 140
Trd, 4318680.593, 140
Trd, 4318682.393, 140
Trd, 4318683.043, 140
Trd, 4318683.243, 139
Trd, 4318683.943, 140
Trd, 4318683.993, 130
Trd, 4318686.043, 116
Trd, 4318686.493, 117
Trd, 4318686.993, 116
Trd, 4318688.343, 94
Trd, 4318689.443, 140
Trd, 4318689.543, 139
Trd, 4318690.043, 139
Trd, 4318690.093, 130
Trd, 4318690.193, 98
Trd, 4318691.693, 140
Trd, 4318691.993, 140
Trd, 4318692.493, 140
Trd, 4318693.943, 140
Trd, 4318695.743, 140
Trd, 4318697.143, 140
Trd, 4318697.343, 140
Trd, 4318699.693, 140
Trd, 4318699.893, 140
Trd, 4318700.443, 140
Trd, 4318700.643, 138
Trd, 4318701.093, 138
Trd, 4318701.443, 130
Trd, 4318701.893, 140
Trd, 4318703.843, 140
Trd, 4318704.643, 140
Trd, 4318704.893, 140
Trd, 4318705.243, 140
Trd, 4318705.693, 139
Trd, 4318706.343, 138
Trd, 4318707.043, 123
Trd, 4318708.993, 137
Trd, 4318709.493, 130
Trd, 4318710.293, 128
Trd, 4318710.443, 127
Trd, 4318710.793, 120
Trd, 4318711.293, 109
Trd, 4318712.493, 77
Trd, 4318713.243, 63
Trd, 4318713.893, 99
Trd, 4318715.843, 119
Trd, 4318715.893, 117
Trd, 4318716.243, 114
Trd, 4318716.593, 107
Trd, 4318717.243, 138
Trd, 4318717.993, 139
Trd, 4318719.143, 108
Trd, 4318720.093, 140
Trd, 4318720.743, 140
Trd, 4318722.343, 140
Trd, 4318723.343, 140
Trd, 4318724.793, 140
Trd, 4318725.043, 140
Trd, 4318726.243, 140
Trd, 4318727.093, 115
Trd, 4318727.393, 108
Trd, 4318727.993, 139
Trd, 4318728.393, 113
Trd, 4318728.443, 105
Trd, 4318729.243, 104
Trd, 4318729.443, 104
Trd, 4318730.143, 131
Trd, 4318731.443, 140
Trd, 4318732.343, 140
Trd, 4318733.293, 139
Trd, 4318734.693, 140
Trd, 4318734.943, 139
Trd, 4318735.193, 133
Trd, 4318735.343, 119
Trd, 4318736.993, 70
Trd, 4318737.143, 92
Trd, 4318739.693, 140
Trd, 4318740.043, 140
Trd, 4318740.343, 140
Trd, 4318740.743, 140
Trd, 4318740.893, 138
Trd, 4318741.843, 107
Trd, 4318743.943, 140
Trd, 4318743.993, 140
Trd, 4318744.393, 139
Trd, 4318744.993, 76
Trd, 4318745.993, 132
Trd, 4318746.093, 136
Trd, 4318747.293, 81
Trd, 4318747.943, 110
Trd, 4318748.693, 116
Trd, 4318748.743, 109
Trd, 4318748.793, 102
Trd, 4318750.293, 138
Trd, 4318750.693, 114
Trd, 4318751.593, 129
Trd, 4318752.043, 129
Trd, 4318753.093, 137
Trd, 4318753.793, 132
Trd, 4318755.393, 125
Trd, 4318756.443, 126
Trd, 4318756.743, 112
Trd, 4318756.943, 130
Trd, 4318758.593, 110
Trd, 4318758.843, 110
Trd, 4318760.143, 138
Trd, 4318760.193, 131
Trd, 4318761.143, 119
Trd, 4318762.043, 139
Trd, 4318762.643, 139
Trd, 4318762.693, 139
Trd, 4318763.343, 92
Trd, 4318763.793, 140
Trd, 4318764.643, 139
Trd, 4318764.743, 91
Trd, 4318768.443, 121
Trd, 4318768.943, 140
Trd, 4318769.243, 121
Trd, 4318770.593, 136
Trd, 4318770.843, 135
Trd, 4318770.893, 122
Trd, 4318771.293, 113
Trd, 4318772.243, 106
Trd, 4318772.793, 140
Trd, 4318773.543, 140
Trd, 4318774.593, 140
Trd, 4318776.093, 140
Trd, 4318776.143, 140
Trd, 4318777.093, 140
Trd, 4318777.893, 138
Trd, 4318778.243, 138
Trd, 4318778.993, 131
Trd, 4318780.093, 126
Trd, 4318781.693, 127
Trd, 4318782.093, 140
Trd, 4318782.293, 127
Trd, 4318782.943, 140
Trd, 4318783.243, 140
Trd, 4318783.343, 139
Trd, 4318784.593, 122
Trd, 4318784.643, 75
Trd, 4318787.043, 130
Trd, 4318787.343, 130
Trd, 4318787.843, 127
Trd, 4318789.743, 105
Trd, 4318789.993, 110
Trd, 4318791.693, 140
Trd, 4318791.843, 140
Trd, 4318792.043, 130
Trd, 4318792.493, 107
Trd, 4318793.043, 139
Trd, 4318793.693, 139
Trd, 4318794.593, 125
Trd, 4318794.993, 127
Trd, 4318795.193, 126
Trd, 4318797.243, 135
Trd, 4318797.593, 139
Trd, 4318798.193, 134
Trd, 4318798.293, 119
Trd, 4318800.143, 140
Trd, 4318800.693, 140
Trd, 4318801.293, 140
Trd, 4318802.393, 140
Trd, 4318802.543, 140
Trd, 4318802.893, 118
Trd, 4318803.343, 118
Trd, 4318803.993, 109
Trd, 4318804.843, 79
Trd, 4318805.443, 138
Trd, 4318806.193, 113
Trd, 4318806.993, 140
Trd, 4318807.793, 140
Trd, 4318808.343, 140
Trd, 4318808.943, 139
Trd, 4318809.893, 140
Trd, 4318809.993, 139
Trd, 4318811.643, 140
Trd, 4318812.393, 140
Trd, 4318812.993, 140
Trd, 4318814.193, 140
Trd, 4318814.443, 140
Trd, 4318814.493, 140
Trd, 4318815.543, 140
Trd, 4318816.243, 140
Trd, 4318817.893, 140
Trd, 4318818.193, 137
Trd, 4318818.343, 137
Trd, 4318819.043, 115
Trd, 4318819.243, 70
Trd, 4318820.543, 140
Trd, 4318820.693, 140
Trd, 4318821.943, 115
Trd, 4318822.643, 65
Trd, 4318824.543, 73
Trd, 4318826.143, 82
Trd, 4318826.493, 110
Trd, 4318826.843, 89
Trd, 4318828.293, 139
Trd, 4318829.093, 129
Trd, 4318830.293, 140
Trd, 4318830.893, 140
Trd, 4318830.943, 140
Trd, 4318831.093, 140
Trd, 4318832.093, 140
Trd, 4318832.643, 139
Trd, 4318833.343, 129
Trd, 4318833.943, 129
Trd, 4318834.943, 129
Trd, 4318835.393, 128
Trd, 4318837.043, 140
Trd, 4318837.443, 140
Trd, 4318837.493, 140
Trd, 4318837.593, 136
Trd, 4318837.693, 131
Trd, 4318838.993, 138
Trd, 4318839.893, 125
Trd, 4318840.743, 131
Trd, 4318841.993, 140
Trd, 4318843.093, 140
Trd, 4318843.243, 140
Trd, 4318844.543, 136
Trd, 4318844.643, 135
Trd, 4318845.943, 105
Trd, 4318846.493, 131
Trd, 4318847.343, 124
Trd, 4318848.543, 140
Trd, 4318848.943, 140
Trd, 4318850.043, 140
Trd, 4318851.843, 140
Trd, 4318852.393, 140
Trd, 4318854.293, 140
Trd, 4318854.993, 116
Trd, 4318856.043, 133
Trd, 4318856.343, 131
Trd, 4318856.693, 101
Trd, 4318857.343, 137
Trd, 4318858.693, 116
Trd, 4318859.243, 93
Trd, 4318860.843, 71
Trd, 4318861.393, 88
Trd, 4318862.943, 140
Trd, 4318863.893, 80
Trd, 4318864.143, 82
Trd, 4318865.543, 88
Trd, 4318865.793, 89
Trd, 4318865.943, 111
Trd, 4318866.843, 129
Trd, 4318868.293, 127
Trd, 4318869.093, 127
Trd, 4318869.743, 115
Trd, 4318871.443, 116
Trd, 4318871.643, 130
Trd, 4318871.693, 114
Trd, 4318874.193, 140
Trd, 4318874.493, 140
Trd, 4318875.693, 140
Trd, 4318876.393, 140
Trd, 4318876.593, 140
Trd, 4318876.693, 140
Trd, 4318876.793, 140
Trd, 4318878.143, 132
Trd, 4318878.243, 130
Trd, 4318878.643, 137
Trd, 4318878.893, 127
Trd, 4318879.293, 127
Trd, 4318879.893, 126
Trd, 4318882.493, 64
Trd, 4318883.693, 69
Trd, 4318883.993, 94
Trd, 4318885.293, 82
Trd, 4318886.443, 80
Trd, 4318886.743, 81
Trd, 4318887.693, 96
Trd, 4318888.843, 107
Trd, 4318890.493, 140
Trd, 4318891.293, 140
Trd, 4318891.343, 140
Trd, 4318891.993, 140
Trd, 4318892.293, 88
Trd, 4318893.793, 70
Trd, 4318894.343, 140
Trd, 4318894.593, 140
Trd, 4318897.593, 140
Trd, 4318897.993, 140
Trd, 4318898.843, 140
Trd, 4318898.893, 139
Trd, 4318899.843, 129
Trd, 4318900.493, 93
Trd, 4318901.393, 140
Trd, 4318902.193, 133
Trd, 4318902.393, 132
Trd, 4318903.693, 138
Trd, 4318904.993, 127
Trd, 4318905.043, 126
Trd, 4318905.993, 111
Trd, 4318906.643, 107
Trd, 4318907.443, 127
Trd, 4318908.043, 127
Trd, 4318908.543, 124
Trd, 4318909.543, 140
Trd, 4318909.993, 109
Trd, 4318910.593, 103
Trd, 4318911.093, 103
Trd, 4318912.243, 95
Trd, 4318912.443, 90
Trd, 4318912.893, 138
Trd, 4318913.643, 139
Trd, 4318915.093, 140
Trd, 4318916.643, 140
Trd, 4318917.943, 139
Trd, 4318918.093, 138
Trd, 4318918.593, 138
Trd, 4318918.693, 137
Trd, 4318919.693, 122
Trd, 4318920.843, 140
Trd, 4318921.043, 102
Trd, 4318921.993, 114
Trd, 4318922.143, 105
Trd, 4318922.243, 101
Trd, 4318922.993, 106
Trd, 4318923.943, 140
Trd, 4318925.793, 140
Trd, 4318927.943, 140
Trd, 4318928.593, 140
Trd, 4318929.343, 140
Trd, 4318930.193, 140
Trd, 4318930.593, 140
Trd, 4318931.243, 130
Trd, 4318931.343, 130
Trd, 4318932.143, 110
Trd, 4318934.493, 140
Trd, 4318934.593, 140
Trd, 4318934.893, 140
Trd, 4318935.343, 140
Trd, 4318936.243, 140
Trd, 4318936.643, 140
Trd, 4318937.243, 140
Trd, 4318937.543, 140
Trd, 4318938.243, 140
Trd, 4318938.893, 134
Trd, 4318939.343, 128
Trd, 4318940.243, 140
Trd, 4318940.393, 124
Trd, 4318941.643, 139
Trd, 4318941.943, 101
Trd, 4318942.043, 100
Trd, 4318942.893, 115
Trd, 4318944.893, 140
Trd, 4318945.493, 129
Trd, 4318945.693, 129
Trd, 4318947.093, 140
Trd, 4318947.793, 140
Trd, 4318947.993, 140
Trd, 4318948.143, 130
Trd, 4318948.493, 111
Trd, 4318949.093, 139
Trd, 4318949.943, 130
Trd, 4318950.193, 119
Trd, 4318950.743, 102
Trd, 4318951.243, 87
Trd, 4318953.693, 94
Trd, 4318954.343, 120
Trd, 4318954.393, 93
Trd, 4318955.043, 130
Trd, 4318955.243, 130
Trd, 4318957.043, 62
Trd, 4318957.093, 71
Trd, 4318957.893, 60
Trd, 4318958.993, 134
Trd, 4318959.443, 140
Trd, 4318960.893, 140
Trd, 4318961.993, 140
Trd, 4318962.043, 140
Trd, 4318962.693, 140
Trd, 4318963.293, 139
Trd, 4318964.143, 112
Trd, 4318964.193, 133
Trd, 4318966.143, 140
Trd, 4318966.693, 106
Trd, 4318967.193, 62
Trd, 4318968.643, 102
Trd, 4318968.893, 99
Trd, 4318969.293, 64
Trd, 4318970.143, 95
Trd, 4318972.143, 105
Trd, 4318972.243, 91
Trd, 4318974.293, 140
Trd, 4318974.393, 140
Trd, 4318975.543, 140
Trd, 4318975.693, 140
Trd, 4318975.993, 140
Trd, 4318978.093, 140
Trd, 4318979.043, 140
Trd, 4318979.843, 140
Trd, 4318980.093, 140
Trd, 4318980.643, 140
Trd, 4318980.893, 140
Trd, 4318981.193, 138
Trd, 4318981.643, 130
Trd, 4318982.143, 108
Trd, 4318983.193, 106
Trd, 4318985.143, 140
Trd, 4318985.643, 140
Trd, 4318986.243, 140
Trd, 4318986.293, 140
Trd, 4318987.643, 140
Trd, 4318987.993, 129
Trd, 4318988.043, 128
Trd, 4318990.043, 140
Trd, 4318990.893, 140
Trd, 4318991.393, 140
Trd, 4318991.693, 140
Trd, 4318991.993, 140
Trd, 4318992.393, 140
Trd, 4318993.093, 105
Trd, 4318994.543, 81
Trd, 4318995.193, 116
Trd, 4318995.593, 116
Trd, 4318996.143, 118
Trd, 4318996.443, 117
Trd, 4318998.643, 140
Trd, 4319000.143, 140
Trd, 4319000.443, 140
Trd, 4319000.793, 139
Trd, 4319001.443, 139
Trd, 4319001.593, 137
Trd, 4319002.493, 120
Trd, 4319002.993, 106
Trd, 4319003.143, 82
Trd, 4319004.143, 128
Trd, 4319005.343, 86
Trd, 4319006.093, 140
Trd, 4319006.743, 140
Trd, 4319007.143, 140
Trd, 4319009.243, 140
Trd, 4319010.043, 140
Trd, 4319010.593, 140
Trd, 4319010.643, 138
Trd, 4319011.793, 139
Trd, 4319011.843, 124
Trd, 4319012.743, 125
Trd, 4319014.493, 140
Trd, 4319015.293, 131
Trd, 4319015.643, 130
Trd, 4319016.243, 139
Trd, 4319016.593, 123
Trd, 4319016.943, 123
Trd, 4319017.043, 122
Trd, 4319019.043, 140
Trd, 4319019.743, 140
Trd, 4319020.043, 140
Trd, 4319020.143, 139
Trd, 4319020.193, 130
Trd, 4319023.043, 95
Trd, 4319024.143, 113
Trd, 4319024.343, 111
Trd, 4319025.993, 111
Trd, 4319026.693, 77
Trd, 4319028.443, 71
Trd, 4319028.593, 121
Trd, 4319029.843, 121
Trd, 4319030.293, 117
Trd, 4319030.543, 140
Trd, 4319030.793, 140
Trd, 4319030.943, 115
Trd, 4319031.943, 119
Trd, 4319033.093, 129
Trd, 4319033.193, 119
Trd, 4319034.143, 136
Trd, 4319034.793, 135
Trd, 4319035.043, 134
Trd, 4319036.543, 81
Trd, 4319037.693, 85
Trd, 4319038.393, 86
Trd, 4319038.993, 134
Trd, 4319039.793, 105
Trd, 4319039.843, 71
Trd, 4319041.743, 105
Trd, 4319042.093, 90
Trd, 4319042.293, 78
Trd, 4319043.093, 79
Trd, 4319043.443, 98
Trd, 4319044.593, 65
Trd, 4319044.843, 94
Trd, 4319045.493, 120
Trd, 4319045.993, 140
Trd, 4319046.843, 122
Trd, 4319047.793, 140
Trd, 4319047.993, 140
Trd, 4319048.193, 131
Trd, 4319048.293, 130
Trd, 4319049.893, 80
Trd, 4319050.243, 81
Trd, 4319051.193, 139
Trd, 4319052.243, 139
Trd, 4319053.643, 123
Trd, 4319055.543, 136
Trd, 4319056.343, 140
Trd, 4319056.543, 140
Trd, 4319056.693, 139
Trd, 4319057.293, 139
Trd, 4319058.343, 122
Trd, 4319059.193, 115
Trd, 4319062.043, 140
Trd, 4319062.443, 140
Trd, 4319062.693, 140
Trd, 4319062.893, 138
Trd, 4319063.743, 140
Trd, 4319064.543, 138
Trd, 4319064.643, 129
Trd, 4319064.843, 123
Trd, 4319066.093, 135
Trd, 4319066.943, 126
Trd, 4319067.493, 140
Trd, 4319068.493, 140
Trd, 4319068.693, 140
Trd, 4319069.543, 140
Trd, 4319070.143, 140
Trd, 4319071.293, 140
Trd, 4319072.693, 140
Trd, 4319072.893, 140
Trd, 4319073.143, 136
Trd, 4319074.693, 130
Trd, 4319074.743, 129
Trd, 4319075.143, 123
Trd, 4319076.493, 122
Trd, 4319077.143, 115
Trd, 4319077.343, 114
Trd, 4319077.793, 113
Trd, 4319078.143, 120
Trd, 4319079.243, 109
Trd, 4319080.443, 110
Trd, 4319081.843, 105
Trd, 4319082.193, 127
Trd, 4319082.343, 127
Trd, 4319083.193, 130
Trd, 4319085.543, 129
Trd, 4319085.593, 128
Trd, 4319085.943, 139
Trd, 4319087.043, 137
Trd, 4319087.343, 123
Trd, 4319088.343, 118
Trd, 4319089.793, 120
Trd, 4319090.693, 118
Trd, 4319091.343, 100
Trd, 4319092.243, 97
Trd, 4319093.143, 140
Trd, 4319093.693, 138
Trd, 4319093.893, 131
Trd, 4319095.043, 115
Trd, 4319096.493, 95
Trd, 4319096.743, 138
Trd, 4319097.943, 98
Trd, 4319099.443, 140
Trd, 4319099.693, 140
Trd, 4319099.993, 137
Trd, 4319100.893, 131
Trd, 4319101.243, 124
Trd, 4319101.493, 107
Trd, 4319102.243, 136
Trd, 4319103.493, 140
Trd, 4319104.393, 116
Trd, 4319106.493, 140
Trd, 4319106.593, 140
Trd, 4319107.543, 140
Trd, 4319107.943, 139
Trd, 4319108.143, 139
Trd, 4319108.393, 132
Trd, 4319108.543, 129
Trd, 4319108.893, 98
Trd, 4319111.893, 119
Trd, 4319113.343, 140
Trd, 4319113.693, 140
Trd, 4319113.893, 139
Trd, 4319114.543, 139
Trd, 4319117.393, 140
Trd, 4319117.443, 140
Trd, 4319118.643, 140
Trd, 4319118.943, 140
Trd, 4319119.643, 140
Trd, 4319121.793, 137
Trd, 4319121.993, 136
Trd, 4319122.693, 125
Trd, 4319122.943, 124
Trd, 4319123.943, 121
Trd, 4319124.193, 140
Trd, 4319124.243, 140
Trd, 4319124.943, 137
Trd, 4319125.993, 140
Trd, 4319126.393, 136
Trd, 4319127.093, 139
Trd, 4319127.543, 131
Trd, 4319127.693, 130
Trd, 4319128.343, 92
Trd, 4319128.743, 77
Trd, 4319129.993, 88
Trd, 4319130.893, 79
Trd, 4319132.093, 114
Trd, 4319132.243, 113
Trd, 4319133.943, 74
Trd, 4319134.243, 67
Trd, 4319135.893, 72
Trd, 4319137.443, 79
Trd, 4319137.743, 80
Trd, 4319139.043, 106
Trd, 4319140.143, 140
Trd, 4319140.443, 131
Trd, 4319141.893, 140
Trd, 4319142.393, 140
Trd, 4319142.693, 140
Trd, 4319142.943, 140
Trd, 4319143.993, 140
Trd, 4319145.093, 111
Trd, 4319145.293, 140
Trd, 4319145.493, 140
Trd, 4319146.643, 120
Trd, 4319147.043, 119
Trd, 4319147.643, 140
Trd, 4319148.893, 117
Trd, 4319150.693, 140
Trd, 4319151.193, 86
Trd, 4319151.493, 130
Trd, 4319151.693, 132
Trd, 4319151.993, 133
Trd, 4319152.943, 78
Trd, 4319157.643, 100
Trd, 4319158.043, 121
Trd, 4319158.193, 85
Trd, 4319158.343, 84
Trd, 4319159.293, 113
Trd, 4319159.393, 121
Trd, 4319160.293, 101
Trd, 4319160.843, 101
Trd, 4319161.893, 136
Trd, 4319161.993, 104
Trd, 4319162.443, 101
Trd, 4319162.743, 104
Trd, 4319163.393, 97
Trd, 4319164.943, 140
Trd, 4319165.193, 140
Trd, 4319165.943, 76
Trd, 4319167.943, 86
Trd, 4319168.143, 86
Trd, 4319168.243, 85
Trd, 4319168.443, 105
Trd, 4319170.193, 111
Trd, 4319171.093, 140
Trd, 4319171.443, 111
Trd, 4319171.643, 94
Trd, 4319173.993, 88
Trd, 4319174.243, 139
Trd, 4319175.443, 140
Trd, 4319176.393, 140
Trd, 4319177.643, 140
Trd, 4319177.793, 140
Trd, 4319178.143, 140
Trd, 4319179.443, 140
Trd, 4319181.143, 140
Trd, 4319181.193, 140
Trd, 4319181.393, 140
Trd, 4319182.993, 140
Trd, 4319183.443, 140
Trd, 4319183.943, 138
Trd, 4319184.093, 130
Trd, 4319186.043, 97
Trd, 4319186.193, 110
Trd, 4319186.343, 85
Trd, 4319187.993, 126
Trd, 4319188.793, 109
Trd, 4319189.193, 117
Trd, 4319189.293, 107
Trd, 4319189.943, 125
Trd, 4319190.393, 139
Trd, 4319191.193, 93
Trd, 4319192.593, 99
Trd, 4319193.343, 98
Trd, 4319194.143, 100
Trd, 4319195.093, 92
Trd, 4319195.243, 91
Trd, 4319197.193, 72
Trd, 4319198.243, 83
Trd, 4319198.343, 82
Trd, 4319198.693, 113
Trd, 4319198.943, 82
Trd, 4319200.093, 140
Trd, 4319201.143, 113
Trd, 4319202.093, 83
Trd, 4319202.343, 82
Trd, 4319203.143, 60
Trd, 4319205.593, 140
Trd, 4319205.843, 140
Trd, 4319207.043, 140
Trd, 4319207.343, 140
Trd, 4319207.793, 140
Trd, 4319208.793, 140
Trd, 4319210.693, 133
Trd, 4319211.543, 136
Trd, 4319211.893, 134
Trd, 4319212.893, 140
Trd, 4319214.243, 140
Trd, 4319214.593, 140
Trd, 4319215.593, 139
Trd, 4319215.743, 139
Trd, 4319216.043, 129
Trd, 4319216.343, 128
Trd, 4319217.993, 139
Trd, 4319218.193, 120
Trd, 4319218.593, 117
Trd, 4319219.943, 122
Trd, 4319220.043, 126
Trd, 4319221.743, 98
Trd, 4319222.893, 111
Trd, 4319223.743, 101
Trd, 4319223.993, 100
Trd, 4319224.343, 100
Trd, 4319225.643, 131
Trd, 4319225.943, 121
Trd, 4319227.143, 137
Trd, 4319228.793, 140
Trd, 4319229.443, 140
Trd, 4319229.593, 140
Trd, 4319229.843, 140
Trd, 4319230.293, 140
Trd, 4319231.243, 109
Trd, 4319231.893, 102
Trd, 4319232.043, 91
Trd, 4319232.293, 95
Trd, 4319232.693, 71
Trd, 4319233.793, 121
Trd, 4319234.393, 140
Trd, 4319235.093, 138
Trd, 4319235.543, 123
Trd, 4319236.443, 79
Trd, 4319237.843, 114
Trd, 4319238.493, 139
Trd, 4319238.793, 140
Trd, 4319239.343, 87
Trd, 4319240.093, 139
Trd, 4319240.243, 138
Trd, 4319240.793, 91
Trd, 4319240.993, 90
Trd, 4319243.193, 131
Trd, 4319245.343, 75
Trd, 4319245.693, 140
Trd, 4319245.843, 74
Trd, 4319246.993, 117
Trd, 4319247.143, 73
Trd, 4319248.093, 138
Trd, 4319248.343, 75
Trd, 4319250.293, 140
Trd, 4319250.843, 139
Trd, 4319252.243, 140
Trd, 4319252.443, 140
Trd, 4319253.743, 138
Trd, 4319254.143, 139
Trd, 4319255.293, 140
Trd, 4319256.243, 122
Trd, 4319258.393, 140
Trd, 4319258.643, 140
Trd, 4319259.343, 133
Trd, 4319259.693, 139
Trd, 4319260.143, 123
Trd, 4319260.293, 101
Trd, 4319260.393, 99
Trd, 4319261.143, 64
Trd, 4319261.993, 110
Trd, 4319263.343, 60
Trd, 4319263.993, 137
Trd, 4319264.943, 63
Trd, 4319265.293, 102
Trd, 4319266.693, 139
Trd, 4319267.743, 140
Trd, 4319268.043, 140
Trd, 4319268.743, 140
Trd, 4319269.043, 140
Trd, 4319269.443, 98
Trd, 4319269.493, 88
Trd, 4319271.343, 132
Trd, 4319271.593, 113
Trd, 4319271.843, 110
Trd, 4319272.543, 133
Trd, 4319273.843, 99
Trd, 4319273.993, 117
Trd, 4319274.643, 93
Trd, 4319274.743, 77
Trd, 4319275.643, 66
Trd, 4319276.743, 140
Trd, 4319277.093, 140
Trd, 4319278.093, 66
Trd, 4319279.393, 65
Trd, 4319281.193, 60
Trd, 4319281.743, 75
Trd, 4319282.393, 64
Trd, 4319283.343, 99
Trd, 4319284.043, 136
Trd, 4319284.293, 136
Trd, 4319284.343, 135
Trd, 4319286.143, 117
Trd, 4319286.393, 101
Trd, 4319288.493, 109
Trd, 4319290.093, 140
Trd, 4319290.393, 140
Trd, 4319290.543, 140
Trd, 4319291.143, 140
Trd, 4319292.443, 140
Trd, 4319293.693, 140
Trd, 4319293.743, 126
Trd, 4319293.843, 125
Trd, 4319294.043, 124
Trd, 4319295.293, 140
Trd, 4319296.543, 126
Trd, 4319296.843, 124
Trd, 4319297.393, 116
Trd, 4319297.643, 135
Trd, 4319298.993, 140
Trd, 4319299.043, 140
Trd, 4319300.643, 98
Trd, 4319300.893, 94
Trd, 4319301.743, 99
Trd, 4319302.593, 140
Trd, 4319303.443, 137
Trd, 4319304.493, 96
Trd, 4319305.043, 90
Trd, 4319305.543, 78
Trd, 4319306.043, 104
Trd, 4319307.443, 140
Trd, 4319307.943, 140
Trd, 4319308.143, 140
Trd, 4319308.343, 140
Trd, 4319308.443, 130
Trd, 4319310.393, 140
Trd, 4319311.593, 140
Trd, 4319313.943, 140
Trd, 4319314.143, 140
Trd, 4319314.393, 140
Trd, 4319315.143, 140
Trd, 4319316.343, 140
Trd, 4319316.543, 140
Trd, 4319317.193, 138
Trd, 4319318.643, 140
Trd, 4319319.293, 140
Trd, 4319319.843, 140
Trd, 4319320.393, 139
Trd, 4319321.543, 132
Trd, 4319322.393, 92
Trd, 4319322.843, 91
Trd, 4319324.193, 77
Trd, 4319325.043, 108
Trd, 4319325.143, 107
Trd, 4319325.343, 140
Trd, 4319325.693, 101
Trd, 4319326.243, 134
Trd, 4319328.743, 140
Trd, 4319329.543, 140
Trd, 4319330.493, 140
Trd, 4319330.593, 140
Trd, 4319331.543, 140
Trd, 4319331.993, 139
Trd, 4319332.543, 124
Trd, 4319333.243, 140
Trd, 4319333.843, 117
Trd, 4319336.543, 140
Trd, 4319336.893, 140
Trd, 4319337.643, 140
Trd, 4319338.043, 138
Trd, 4319338.593, 129
Trd, 4319339.793, 125
Trd, 4319339.943, 123
Trd, 4319340.293, 120
Trd, 4319340.443, 132
Trd, 4319342.093, 117
Trd, 4319342.593, 126
Trd, 4319342.843, 124
Trd, 4319342.993, 117
Trd, 4319343.043, 109
Trd, 4319344.643, 140
Trd, 4319345.593, 140
Trd, 4319345.793, 140
Trd, 4319347.343, 140
Trd, 4319348.393, 140
Trd, 4319348.493, 140
Trd, 4319348.593, 117
Trd, 4319348.893, 130
Trd, 4319349.093, 138
Trd, 4319350.893, 128
Trd, 4319352.493, 138
Trd, 4319352.743, 130
Trd, 4319352.793, 129
Trd, 4319354.593, 140
Trd, 4319354.993, 131
Trd, 4319355.143, 138
Trd, 4319355.343, 130
Trd, 4319356.193, 121
Trd, 4319356.643, 140
Trd, 4319358.043, 101
Trd, 4319358.193, 98
Trd, 4319359.343, 106
Trd, 4319361.493, 134
Trd, 4319362.793, 138
Trd, 4319363.693, 140
Trd, 4319364.443, 140
Trd, 4319364.543, 140
Trd, 4319364.593, 140
Trd, 4319364.643, 140
Trd, 4319365.643, 129
Trd, 4319366.143, 79
Trd, 4319366.943, 102
Trd, 4319367.443, 112
Trd, 4319367.793, 88
Trd, 4319368.093, 128
Trd, 4319371.643, 140
Trd, 4319371.743, 140
Trd, 4319371.843, 103
Trd, 4319373.143, 135
Trd, 4319374.743, 140
Trd, 4319375.843, 140
Trd, 4319375.943, 140
Trd, 4319377.543, 140
Trd, 4319377.843, 140
Trd, 4319378.743, 140
Trd, 4319378.793, 140
Trd, 4319379.493, 137
Trd, 4319380.443, 119
Trd, 4319380.693, 113
Trd, 4319380.743, 112
Trd, 4319381.143, 106
Trd, 4319381.193, 101
Trd, 4319382.093, 140
Trd, 4319383.793, 140
Trd, 4319384.143, 140
Trd, 4319384.593, 140
Trd, 4319385.043, 140
Trd, 4319385.693, 131
Trd, 4319386.493, 77
Trd, 4319387.493, 94
Trd, 4319388.043, 131
Trd, 4319388.343, 137
Trd, 4319389.893, 90
Trd, 4319390.143, 87
Trd, 4319390.343, 124
Trd, 4319391.443, 128
Trd, 4319394.093, 63
Trd, 4319394.543, 140
Trd, 4319396.193, 140
Trd, 4319397.793, 140
Trd, 4319397.943, 140
Trd, 4319398.593, 140
Trd, 4319399.043, 140
Trd, 4319399.643, 140
Trd, 4319400.493, 139
Trd, 4319400.793, 131
Trd, 4319401.343, 124
Trd, 4319403.293, 140
Trd, 4319404.043, 140
Trd, 4319404.193, 140
Trd, 4319404.343, 130
Trd, 4319405.793, 121
Trd, 4319405.843, 120
Trd, 4319407.493, 140
Trd, 4319407.843, 109
Trd, 4319408.393, 140
Trd, 4319409.443, 110
Trd, 4319411.643, 129
Trd, 4319411.743, 128
Trd, 4319411.893, 126
Trd, 4319411.943, 132
Trd, 4319412.243, 138
Trd, 4319413.143, 128
Trd, 4319414.193, 94
Trd, 4319414.843, 139
Trd, 4319415.493, 104
Trd, 4319415.693, 103
Trd, 4319416.493, 140
Trd, 4319416.643, 140
Trd, 4319417.493, 129
Trd, 4319418.543, 119
Trd, 4319419.943, 137
Trd, 4319420.193, 137
Trd, 4319420.993, 140
Trd, 4319421.043, 140
Trd, 4319421.393, 139
Trd, 4319421.493, 128
Trd, 4319422.493, 102
Trd, 4319422.693, 67
Trd, 4319424.493, 101
Trd, 4319424.993, 100
Trd, 4319425.143, 71
Trd, 4319425.193, 126
Trd, 4319426.793, 77
Trd, 4319427.843, 88
Trd, 4319428.793, 126
Trd, 4319429.343, 140
Trd, 4319429.493, 124
Trd, 4319429.593, 121
Trd, 4319430.693, 140
Trd, 4319430.743, 138
Trd, 4319431.093, 120
Trd, 4319432.643, 122
Trd, 4319433.043, 136
Trd, 4319433.293, 70
Trd, 4319434.693, 102
Trd, 4319436.193, 112
Trd, 4319437.643, 104
Trd, 4319437.943, 132
Trd, 4319438.193, 132
Trd, 4319439.243, 140
Trd, 4319439.293, 138
Trd, 4319439.493, 112
Trd, 4319441.743, 111
Trd, 4319442.193, 106
Trd, 4319442.593, 99
Trd, 4319443.043, 102
Trd, 4319443.793, 123
Trd, 4319444.143, 140
Trd, 4319446.393, 140
Trd, 4319448.643, 140
Trd, 4319449.093, 140
Trd, 4319449.343, 140
Trd, 4319449.543, 140
Trd, 4319450.043, 140
Trd, 4319450.793, 123
Trd, 4319451.293, 114
Trd, 4319451.493, 84
Trd, 4319451.593, 80
Trd, 4319452.343, 117
Trd, 4319452.793, 117
Trd, 4319454.743, 137
Trd, 4319456.293, 140
Trd, 4319457.743, 140
Trd, 4319458.393, 140
Trd, 4319459.543, 140
Trd, 4319460.243, 139
Trd, 4319460.493, 136
Trd, 4319461.393, 140
Trd, 4319462.243, 120
Trd, 4319462.593, 120
Trd, 4319462.643, 119
Trd, 4319463.093, 121
Trd, 4319463.843, 108
Trd, 4319464.993, 110
Trd, 4319465.293, 105
Trd, 4319465.843, 118
Trd, 4319466.143, 62
Trd, 4319466.993, 138
Trd, 4319468.193, 140
Trd, 4319468.843, 140
Trd, 4319469.243, 121
Trd, 4319470.243, 93
Trd, 4319471.693, 140
Trd, 4319472.593, 140
Trd, 4319472.993, 140
Trd, 4319475.243, 140
Trd, 4319475.893, 140
Trd, 4319476.043, 136
Trd, 4319476.343, 130
Trd, 4319476.693, 140
Trd, 4319476.843, 140
Trd, 4319477.743, 125
Trd, 4319477.993, 139
Trd, 4319478.693, 119
Trd, 4319478.893, 128
Trd, 4319479.793, 126
Trd, 4319481.143, 140
Trd, 4319481.493, 129
Trd, 4319482.293, 135
Trd, 4319483.243, 137
Trd, 4319483.393, 128
Trd, 4319483.893, 93
Trd, 4319485.143, 140
Trd, 4319486.793, 140
Trd, 4319487.793, 138
Trd, 4319487.893, 137
Trd, 4319490.043, 140
Trd, 4319490.293, 140
Trd, 4319490.593, 140
Trd, 4319490.893, 140
Trd, 4319491.093, 140
Trd, 4319491.393, 131
Trd, 4319492.143, 140
Trd, 4319493.193, 135
Trd, 4319493.243, 127
Trd, 4319494.893, 126
Trd, 4319495.193, 125
Trd, 4319496.393, 140
Trd, 4319497.743, 140
Trd, 4319497.843, 140
Trd, 4319498.293, 140
Trd, 4319498.743, 140
Trd, 4319499.493, 135
Trd, 4319499.643, 118
Trd, 4319500.893, 111
Trd, 4319501.343, 99
Trd, 4319502.093, 78
Trd, 4319502.693, 73
Trd, 4319503.643, 63
Trd, 4319503.793, 117
Trd, 4319505.443, 140
Trd, 4319505.693, 140
Trd, 4319507.793, 140
Trd, 4319508.743, 140
Trd, 4319509.493, 140
Trd, 4319509.593, 140
Trd, 4319511.893, 140
Trd, 4319511.993, 140
Trd, 4319512.493, 138
Trd, 4319512.793, 122
Trd, 4319513.093, 137
Trd, 4319514.543, 140
Trd, 4319514.793, 140
Trd, 4319515.843, 140
Trd, 4319516.993, 140
Trd, 4319517.043, 140
Trd, 4319517.293, 140
Trd, 4319518.193, 123
Trd, 4319518.243, 122
Trd, 4319519.293, 120
Trd, 4319520.093, 127
Trd, 4319521.243, 119
Trd, 4319521.593, 112
Trd, 4319521.843, 106
Trd, 4319522.293, 116
Trd, 4319523.093, 129
Trd, 4319523.743, 97
Trd, 4319524.243, 96
Trd, 4319524.843, 140
Trd, 4319525.793, 111
Trd, 4319527.093, 135
Trd, 4319528.093, 135
Trd, 4319528.593, 138
Trd, 4319529.043, 136
Trd, 4319531.143, 139
Trd, 4319531.293, 132
Trd, 4319531.543, 130
Trd, 4319531.893, 138
Trd, 4319532.143, 130
Trd, 4319532.443, 119
Trd, 4319533.593, 69
Trd, 4319534.743, 140
Trd, 4319537.293, 135
Trd, 4319537.793, 128
Trd, 4319538.043, 128
Trd, 4319538.393, 126
Trd, 4319538.543, 119
Trd, 4319538.593, 118
Trd, 4319538.693, 101
Trd, 4319539.543, 140
Trd, 4319541.143, 140
Trd, 4319541.243, 115
Trd, 4319541.543, 140
Trd, 4319543.693, 126
Trd, 4319543.893, 119
Trd, 4319545.093, 97
Trd, 4319545.393, 63
Trd, 4319546.193, 140
Trd, 4319546.593, 140
Trd, 4319546.743, 140
Trd, 4319547.343, 140
Trd, 4319548.093, 139
Trd, 4319549.693, 140
Trd, 4319549.893, 140
Trd, 4319550.093, 140
Trd, 4319550.943, 94
Trd, 4319553.193, 96
Trd, 4319553.243, 115
Trd, 4319555.793, 124
Trd, 4319556.993, 140
Trd, 4319557.043, 140
Trd, 4319558.093, 140
Trd, 4319558.393, 138
Trd, 4319558.493, 136
Trd, 4319560.143, 120
Trd, 4319560.243, 140
Trd, 4319561.993, 117
Trd, 4319563.243, 120
Trd, 4319564.243, 130
Trd, 4319564.443, 140
Trd, 4319564.543, 122
Trd, 4319565.193, 129
Trd, 4319565.343, 134
Trd, 4319566.193, 124
Trd, 4319567.643, 61
Trd, 4319568.943, 138
Trd, 4319569.243, 137
Trd, 4319569.993, 108
Trd, 4319570.843, 130
Trd, 4319571.393, 128
Trd, 4319571.793, 135
Trd, 4319572.543, 128
Trd, 4319574.643, 126
Trd, 4319576.193, 140
Trd, 4319577.443, 140
Trd, 4319577.643, 137
Trd, 4319578.393, 140
Trd, 4319578.443, 140
Trd, 4319578.743, 131
Trd, 4319580.893, 135
Trd, 4319583.493, 140
Trd, 4319584.943, 140
Trd, 4319585.093, 140
Trd, 4319585.293, 140
Trd, 4319585.693, 139
Trd, 4319587.443, 126
Trd, 4319587.843, 125
Trd, 4319587.943, 128
Trd, 4319589.493, 129
Trd, 4319589.893, 127
Trd, 4319590.443, 101
Trd, 4319592.043, 124
Trd, 4319592.543, 97
Trd, 4319593.093, 98
Trd, 4319594.593, 140
Trd, 4319595.093, 140
Trd, 4319595.193, 139
Trd, 4319595.543, 120
Trd, 4319595.743, 96
Trd, 4319596.493, 81
Trd, 4319597.793, 62
Trd, 4319598.493, 69
Trd, 4319599.543, 136
Trd, 4319600.893, 119
Trd, 4319602.393, 79
Trd, 4319602.893, 118
Trd, 4319603.343, 117
Trd, 4319604.993, 120
Trd, 4319605.543, 76
Trd, 4319605.843, 90
Trd, 4319606.043, 92
Trd, 4319606.243, 78
Trd, 4319607.143, 73
Trd, 4319609.093, 99
Trd, 4319609.993, 101
Trd, 4319610.743, 139
Trd, 4319612.393, 139
Trd, 4319613.043, 137
Trd, 4319613.293, 137
Trd, 4319613.443, 140
Trd, 4319614.143, 140
Trd, 4319615.043, 140
Trd, 4319615.843, 140
Trd, 4319615.993, 140
Trd, 4319617.743, 104
Trd, 4319618.093, 103
Trd, 4319618.343, 100
Trd, 4319619.443, 135
Trd, 4319620.243, 124
Trd, 4319620.343, 124
Trd, 4319620.643, 101
Trd, 4319621.543, 140
Trd, 4319621.743, 140
Trd, 4319621.943, 139
Trd, 4319622.243, 88
Trd, 4319625.193, 123
Trd, 4319625.643, 126
Trd, 4319626.093, 120
Trd, 4319626.593, 118
Trd, 4319626.693, 116
Trd, 4319628.293, 74
Trd, 4319629.543, 140
Trd, 4319630.093, 140
Trd, 4319630.493, 140
Trd, 4319630.543, 140
Trd, 4319632.543, 140
Trd, 4319632.893, 140
Trd, 4319633.343, 140
Trd, 4319633.443, 125
Trd, 4319634.343, 102
Trd, 4319634.443, 100
Trd, 4319634.593, 119
Trd, 4319635.543, 105
Trd, 4319635.693, 95
Trd, 4319637.543, 100
Trd, 4319638.343, 140
Trd, 4319638.693, 140
Trd, 4319638.843, 132
Trd, 4319638.943, 123
Trd, 4319639.743, 140
Trd, 4319640.743, 136
Trd, 4319641.043, 135
Trd, 4319642.093, 96
Trd, 4319642.193, 95
Trd, 4319643.993, 140
Trd, 4319644.143, 87
Trd, 4319645.093, 140
Trd, 4319646.043, 140
Trd, 4319646.593, 98
Trd, 4319647.243, 85
Trd, 4319647.743, 80
Trd, 4319649.243, 126
Trd, 4319649.643, 133
Trd, 4319650.843, 101
Trd, 4319651.593, 138
Trd, 4319652.193, 129
Trd, 4319652.843, 119
Trd, 4319654.443, 120
Trd, 4319655.343, 124
Trd, 4319656.043, 123
Trd, 4319656.093, 120
Trd, 4319656.543, 114
Trd, 4319657.843, 140
Trd, 4319657.893, 138
Trd, 4319659.643, 134
Trd, 4319660.843, 139
Trd, 4319661.343, 140
Trd, 4319661.543, 140
Trd, 4319661.743, 113
Trd, 4319662.243, 92
Trd, 4319663.693, 99
Trd, 4319664.943, 140
Trd, 4319665.543, 140
Trd, 4319666.243, 140
Trd, 4319668.293, 140
Trd, 4319668.393, 139
Trd, 4319668.743, 139
Trd, 4319669.243, 118
Trd, 4319671.143, 140
Trd, 4319671.993, 140
Trd, 4319672.443, 140
Trd, 4319672.943, 129
Trd, 4319676.293, 140
Trd, 4319676.843, 140
Trd, 4319677.143, 140
Trd, 4319677.943, 139
Trd, 4319678.043, 136
Trd, 4319678.093, 130
Trd, 4319679.043, 116
Trd, 4319679.893, 81
Trd, 4319681.593, 83
Trd, 4319682.843, 129
Trd, 4319683.143, 118
Trd, 4319683.743, 103
Trd, 4319684.443, 136
Trd, 4319685.493, 140
Trd, 4319685.993, 123
Trd, 4319686.043, 84
Trd, 4319686.193, 84
Trd, 4319686.393, 124
Trd, 4319686.743, 80
Trd, 4319687.843, 140
Trd, 4319689.143, 139
Trd, 4319689.393, 131
Trd, 4319689.993, 130
Trd, 4319690.143, 119
Trd, 4319690.943, 91
Trd, 4319693.443, 140
Trd, 4319693.643, 140
Trd, 4319693.843, 139
Trd, 4319694.893, 133
Trd, 4319695.993, 120
Trd, 4319697.893, 140
Trd, 4319698.343, 140
Trd, 4319698.493, 111
Trd, 4319698.543, 100
Trd, 4319700.393, 134
Trd, 4319701.243, 140
Trd, 4319701.493, 140
Trd, 4319701.993, 138
Trd, 4319702.743, 138
Trd, 4319703.093, 138
Trd, 4319703.893, 135
Trd, 4319703.943, 135
Trd, 4319704.293, 140
Trd, 4319704.993, 127
Trd, 4319706.593, 140
Trd, 4319706.843, 140
Trd, 4319707.193, 140
Trd, 4319709.593, 127
Trd, 4319709.843, 123
Trd, 4319710.893, 131
Trd, 4319711.193, 124
Trd, 4319711.993, 140
Trd, 4319712.143, 130
Trd, 4319712.443, 123
Trd, 4319714.443, 113
Trd, 4319715.343, 115
Trd, 4319715.743, 112
Trd, 4319716.243, 69
Trd, 4319717.243, 140
Trd, 4319718.743, 104
Trd, 4319719.243, 107
Trd, 4319719.593, 122
Trd, 4319720.293, 127
Trd, 4319721.493, 123
Trd, 4319722.043, 123
Trd, 4319723.143, 130
Trd, 4319723.393, 129
Trd, 4319723.493, 121
Trd, 4319723.693, 134
Trd, 4319724.243, 127
Trd, 4319726.593, 133
Trd, 4319727.393, 124
Trd, 4319727.543, 70
Trd, 4319728.143, 140
Trd, 4319729.043, 140
Trd, 4319729.843, 140
Trd, 4319731.393, 140
Trd, 4319731.493, 140
Trd, 4319732.693, 140
Trd, 4319733.293, 135
Trd, 4319733.693, 136
Trd, 4319734.143, 134
Trd, 4319736.093, 140
Trd, 4319736.243, 140
Trd, 4319738.443, 140
Trd, 4319739.343, 140
Trd, 4319740.343, 140
Trd, 4319740.493, 139
Trd, 4319741.043, 138
Trd, 4319741.243, 137
Trd, 4319742.693, 138
Trd, 4319742.843, 137
Trd, 4319743.143, 136
Trd, 4319743.493, 128
Trd, 4319745.343, 139
Trd, 4319746.443, 88
Trd, 4319747.043, 91
Trd, 4319747.593, 107
Trd, 4319747.893, 72
Trd, 4319749.343, 79
Trd, 4319749.993, 87
Trd, 4319750.543, 138
Trd, 4319750.843, 82
Trd, 4319752.393, 92
Trd, 4319752.793, 85
Trd, 4319753.993, 79
Trd, 4319754.643, 95
Trd, 4319754.993, 138
Trd, 4319756.293, 140
Trd, 4319756.693, 140
Trd, 4319758.043, 140
Trd, 4319759.143, 140
Trd, 4319759.493, 140
Trd, 4319760.443, 136
Trd, 4319760.843, 127
Trd, 4319761.993, 77
Trd, 4319763.493, 98
Trd, 4319763.593, 85
Trd, 4319763.943, 80
Trd, 4319765.193, 140
Trd, 4319765.393, 140
Trd, 4319766.593, 140
Trd, 4319767.693, 140
Trd, 4319767.943, 138
Trd, 4319768.293, 130
Trd, 4319768.443, 117
Trd, 4319769.543, 132
Trd, 4319770.693, 140
Trd, 4319773.293, 140
Trd, 4319773.693, 140
Trd, 4319773.743, 140
Trd, 4319773.843, 140
Trd, 4319776.093, 140
Trd, 4319777.093, 138
Trd, 4319777.943, 139
Trd, 4319779.093, 140
Trd, 4319781.043, 140
Trd, 4319781.093, 139
Trd, 4319781.293, 130
Trd, 4319782.043, 110
Trd, 4319782.693, 100
Trd, 4319782.943, 98
Trd, 4319783.793, 61
Trd, 4319786.443, 60
Trd, 4319787.193, 93
Trd, 4319787.693, 140
Trd, 4319789.393, 62
Trd, 4319790.343, 65
Trd, 4319790.493, 73
Trd, 4319792.043, 81
Trd, 4319793.093, 89
Trd, 4319793.493, 89
Trd, 4319793.593, 73
Trd, 4319793.793, 108
Trd, 4319794.343, 117
Trd, 4319794.993, 117
Trd, 4319795.693, 116
Trd, 4319796.843, 139
Trd, 4319797.243, 140
Trd, 4319797.593, 140
Trd, 4319798.593, 140
Trd, 4319799.343, 140
Trd, 4319800.143, 140
Trd, 4319801.743, 140
Trd, 4319802.093, 140
Trd, 4319803.593, 140
Trd, 4319805.343, 140
Trd, 4319805.493, 140
Trd, 4319805.943, 140
Trd, 4319806.793, 140
Trd, 4319807.693, 134
Trd, 4319807.743, 129
Trd, 4319808.193, 74
Trd, 4319810.693, 140
Trd, 4319811.143, 140
Trd, 4319811.193, 139
Trd, 4319812.693, 140
Trd, 4319813.393, 140
Trd, 4319813.893, 140
Trd, 4319814.593, 124
Trd, 4319815.693, 115
Trd, 4319815.743, 97
Trd, 4319817.293, 140
Trd, 4319817.843, 138
Trd, 4319818.543, 139
Trd, 4319820.143, 138
Trd, 4319820.793, 140
Trd, 4319820.843, 138
Trd, 4319821.343, 137
Trd, 4319821.493, 129
Trd, 4319822.043, 128
Trd, 4319822.993, 72
Trd, 4319823.243, 140
Trd, 4319823.293, 140
Trd, 4319824.793, 133
Trd, 4319825.243, 115
Trd, 4319827.393, 140
Trd, 4319827.993, 140
Trd, 4319828.643, 137
Trd, 4319829.143, 118
Trd, 4319831.043, 140
Trd, 4319831.143, 140
Trd, 4319832.243, 140
Trd, 4319833.993, 140
Trd, 4319834.943, 140
Trd, 4319835.993, 140
Trd, 4319836.643, 140
Trd, 4319836.943, 140
Trd, 4319837.393, 131
Trd, 4319838.093, 140
Trd, 4319838.243, 130
Trd, 4319838.643, 122
Trd, 4319839.393, 102
Trd, 4319839.543, 100
Trd, 4319839.843, 117
Trd, 4319840.443, 131
Trd, 4319842.493, 103
Trd, 4319843.443, 122
Trd, 4319843.543, 86
Trd, 4319844.693, 140
Trd, 4319846.693, 122
Trd, 4319847.093, 124
Trd, 4319847.193, 123
Trd, 4319848.343, 140
Trd, 4319849.693, 140
Trd, 4319850.093, 140
Trd, 4319850.293, 140
Trd, 4319851.043, 107
Trd, 4319851.693, 138
Trd, 4319852.043, 139
Trd, 4319853.493, 140
Trd, 4319854.393, 135
Trd, 4319854.593, 133
Trd, 4319855.493, 140
Trd, 4319857.243, 140
Trd, 4319857.343, 140
Trd, 4319857.893, 140
Trd, 4319858.293, 138
Trd, 4319859.593, 90
Trd, 4319859.843, 140
Trd, 4319860.893, 139
Trd, 4319861.393, 122
Trd, 4319862.493, 115
Trd, 4319863.493, 123
Trd, 4319865.193, 117
Trd, 4319865.993, 112
Trd, 4319866.643, 123
Trd, 4319867.243, 86
Trd, 4319867.793, 86
Trd, 4319870.043, 134
Trd, 4319870.293, 114
Trd, 4319870.393, 113
Trd, 4319871.293, 134
Trd, 4319872.243, 139
Trd, 4319872.743, 111
Trd, 4319873.043, 110
Trd, 4319873.543, 122
Trd, 4319873.693, 63
Trd, 4319874.643, 140
Trd, 4319874.743, 131
Trd, 4319876.343, 140
Trd, 4319876.693, 140
Trd, 4319877.393, 132
Trd, 4319879.043, 139
Trd, 4319879.193, 136
Trd, 4319879.993, 136
Trd, 4319880.193, 139
Trd, 4319880.443, 123
Trd, 4319883.343, 140
Trd, 4319884.193, 140
Trd, 4319884.343, 140
Trd, 4319885.393, 140
Trd, 4319886.543, 136
Trd, 4319886.643, 128
Trd, 4319888.493, 140
Trd, 4319890.543, 140
Trd, 4319890.843, 140
Trd, 4319891.943, 140
Trd, 4319892.343, 140
Trd, 4319893.593, 140
Trd, 4319894.643, 88
Trd, 4319895.193, 120
Trd, 4319896.543, 111
Trd, 4319897.043, 127
Trd, 4319897.743, 138
Trd, 4319899.143, 133
Trd, 4319899.343, 132
Trd, 4319900.043, 111
Trd, 4319900.693, 140
Trd, 4319901.193, 139
Trd, 4319901.393, 131
Trd, 4319902.493, 97
Trd, 4319902.543, 94
Trd, 4319904.443, 116
Trd, 4319904.643, 94
Trd, 4319905.193, 130
Trd, 4319906.143, 95
Trd, 4319908.743, 108
Trd, 4319911.443, 139
Trd, 4319911.843, 139
Trd, 4319912.443, 140
Trd, 4319913.093, 140
Trd, 4319913.843, 140
Trd, 4319914.093, 140
Trd, 4319914.193, 140
Trd, 4319915.393, 138
Trd, 4319916.743, 138
Trd, 4319916.793, 137
Trd, 4319917.343, 136
Trd, 4319918.793, 140
Trd, 4319919.743, 140
Trd, 4319919.993, 102
Trd, 4319922.393, 140
Trd, 4319922.643, 140
Trd, 4319922.893, 140
Trd, 4319923.543, 140
Trd, 4319923.593, 137
Trd, 4319926.593, 124
Trd, 4319926.693, 114
Trd, 4319926.943, 121
Trd, 4319927.293, 112
Trd, 4319927.393, 69
Trd, 4319928.843, 140
Trd, 4319930.393, 140
Trd, 4319930.593, 140
Trd, 4319930.643, 140
Trd, 4319931.843, 140
Trd, 4319933.243, 140
Trd, 4319933.293, 140
Trd, 4319934.593, 140
Trd, 4319936.043, 140
Trd, 4319936.093, 140
Trd, 4319936.243, 140
Trd, 4319936.643, 140
Trd, 4319938.993, 140
Trd, 4319939.843, 140
Trd, 4319940.643, 140
Trd, 4319940.793, 140
Trd, 4319941.343, 140
Trd, 4319941.543, 122
Trd, 4319943.443, 116
Trd, 4319945.143, 140
Trd, 4319945.343, 140
Trd, 4319945.943, 140
Trd, 4319947.343, 140
Trd, 4319948.993, 140
Trd, 4319949.393, 140
Trd, 4319949.893, 140
Trd, 4319950.243, 140
Trd, 4319952.293, 140
Trd, 4319952.943, 140
Trd, 4319953.893, 140
Trd, 4319955.343, 140
Trd, 4319955.743, 140
Trd, 4319956.193, 140
Trd, 4319956.743, 107
Trd, 4319957.293, 124
Trd, 4319958.193, 109
Trd, 4319959.243, 104
Trd, 4319959.293, 102
Trd, 4319960.593, 140
Trd, 4319961.043, 140
Trd, 4319962.343, 139
Trd, 4319962.593, 138
Trd, 4319962.893, 139
Trd, 4319965.593, 98
Trd, 4319965.793, 97
Trd, 4319966.343, 98
Trd, 4319966.743, 89
Trd, 4319967.293, 136
Trd, 4319967.943, 137
Trd, 4319968.143, 139
Trd, 4319969.243, 132
Trd, 4319970.093, 124
Trd, 4319971.643, 118
Trd, 4319974.743, 140
Trd, 4319974.943, 138
Trd, 4319975.093, 137
Trd, 4319976.043, 135
Trd, 4319976.393, 128
Trd, 4319978.343, 140
Trd, 4319979.293, 140
Trd, 4319979.893, 140
Trd, 4319980.393, 140
Trd, 4319980.643, 140
Trd, 4319981.293, 115
Trd, 4319983.343, 137
Trd, 4319983.493, 136
Trd, 4319984.743, 139
Trd, 4319984.893, 129
Trd, 4319984.993, 128
Trd, 4319985.143, 84
Trd, 4319986.193, 98
Trd, 4319987.043, 75
Trd, 4319987.243, 115
Trd, 4319987.893, 97
Trd, 4319989.193, 96
Trd, 4319991.393, 138
Trd, 4319991.493, 137
Trd, 4319992.193, 136
Trd, 4319992.643, 108
Trd, 4319994.793, 96
Trd, 4319995.043, 107
Trd, 4319995.793, 111
Trd, 4319996.493, 140
Trd, 4319997.043, 110
Trd, 4319998.343, 129
Trd, 4319998.843, 135
Trd, 4319999.193, 99
