Trd, 4318083.493, 115
Trd, 4318084.643, 140
Trd, 4318085.943, 140
Trd, 4318086.793, 140
Trd, 4318087.793, 140
Trd, 4318088.293, 139
Trd, 4318088.893, 140
Trd, 4318089.643, 140
Trd, 4318090.293, 140
Trd, 4318091.893, 140
Trd, 4318092.093, 140
Trd, 4318093.343, 140
Trd, 4318094.193, 140
Trd, 4318094.543, 139
Trd, 4318094.643, 138
Trd, 4318097.693, 140
Trd, 4318098.493, 140
Trd, 4318100.443, 140
Trd, 4318101.893, 140
Trd, 4318101.943, 140
Trd, 4318102.193, 140
Trd, 4318102.293, 140
Trd, 4318103.943, 140
Trd, 4318104.143, 140
Trd, 4318104.293, 126
Trd, 4318106.643, 140
Trd, 4318106.793, 140
Trd, 4318107.293, 140
Trd, 4318108.243, 139
Trd, 4318108.543, 140
Trd, 4318110.393, 140
Trd, 4318110.843, 140
Trd, 4318111.343, 139
Trd, 4318111.693, 140
Trd, 4318111.743, 139
Trd, 4318112.543, 137
Trd, 4318113.093, 138
Trd, 4318113.143, 137
Trd, 4318113.793, 107
Trd, 4318113.843, 92
Trd, 4318114.893, 60
Trd, 4318115.293, 103
Trd, 4318117.093, 137
Trd, 4318117.893, 123
Trd, 4318118.293, 60
Trd, 4318118.993, 63
Trd, 4318119.393, 60
Trd, 4318120.193, 61
Trd, 4318120.793, 127
Trd, 4318120.943, 120
Trd, 4318121.793, 76
Trd, 4318123.193, 139
Trd, 4318123.943, 140
Trd, 4318125.193, 140
Trd, 4318125.793, 140
Trd, 4318125.943, 138
Trd, 4318126.793, 81
Trd, 4318127.593, 61
Trd, 4318128.543, 82
Trd, 4318129.593, 140
Trd, 4318130.193, 138
Trd, 4318130.393, 139
Trd, 4318131.743, 139
Trd, 4318132.143, 140
Trd, 4318132.743, 140
Trd, 4318133.443, 140
Trd, 4318134.493, 140
Trd, 4318135.093, 140
Trd, 4318135.243, 138
Trd, 4318136.893, 139
Trd, 4318137.643, 140
Trd, 4318137.843, 139
Trd, 4318138.993, 140
Trd, 4318139.193, 140
Trd, 4318139.843, 139
Trd, 4318140.193, 139
Trd, 4318141.993, 140
Trd, 4318142.493, 140
Trd, 4318142.593, 126
Trd, 4318143.593, 102
Trd, 4318144.143, 86
Trd, 4318144.443, 140
Trd, 4318145.793, 140
Trd, 4318145.843, 140
Trd, 4318147.093, 140
Trd, 4318147.843, 138
Trd, 4318148.493, 139
Trd, 4318150.843, 65
Trd, 4318151.043, 64
Trd, 4318152.493, 140
Trd, 4318152.943, 140
Trd, 4318153.043, 140
Trd, 4318155.093, 140
Trd, 4318155.493, 140
Trd, 4318157.243, 140
Trd, 4318157.343, 139
Trd, 4318157.593, 140
Trd, 4318158.743, 140
Trd, 4318160.043, 138
Trd, 4318160.743, 140
Trd, 4318160.943, 138
Trd, 4318162.293, 140
Trd, 4318162.993, 139
Trd, 4318164.493, 140
Trd, 4318165.093, 140
Trd, 4318165.243, 139
Trd, 4318165.593, 92
Trd, 4318166.493, 136
Trd, 4318167.993, 140
Trd, 4318168.143, 139
Trd, 4318168.393, 138
Trd, 4318170.343, 140
Trd, 4318170.993, 140
Trd, 4318171.143, 140
Trd, 4318171.743, 140
Trd, 4318172.993, 140
Trd, 4318173.143, 140
Trd, 4318174.093, 134
Trd, 4318176.743, 140
Trd, 4318176.893, 138
Trd, 4318177.293, 138
Trd, 4318178.093, 140
Trd, 4318178.293, 140
Trd, 4318178.843, 134
Trd, 4318179.043, 124
Trd, 4318180.443, 140
Trd, 4318180.643, 139
Trd, 4318181.343, 117
Trd, 4318182.593, 138
Trd, 4318183.143, 125
Trd, 4318183.993, 139
Trd, 4318185.043, 140
Trd, 4318185.493, 139
Trd, 4318188.143, 140
Trd, 4318188.443, 140
Trd, 4318188.893, 140
Trd, 4318189.393, 140
Trd, 4318189.793, 138
Trd, 4318190.343, 128
Trd, 4318190.393, 101
Trd, 4318191.893, 140
Trd, 4318191.993, 139
Trd, 4318193.343, 140
Trd, 4318193.793, 140
Trd, 4318194.943, 140
Trd, 4318195.393, 139
Trd, 4318196.093, 140
Trd, 4318198.143, 140
Trd, 4318198.393, 140
Trd, 4318198.743, 140
Trd, 4318201.143, 140
Trd, 4318201.243, 140
Trd, 4318202.393, 139
Trd, 4318202.493, 139
Trd, 4318204.143, 140
Trd, 4318205.193, 137
Trd, 4318205.493, 139
Trd, 4318206.243, 110
Trd, 4318209.493, 140
Trd, 4318209.793, 140
Trd, 4318210.443, 140
Trd, 4318210.743, 140
Trd, 4318211.743, 140
Trd, 4318211.793, 139
Trd, 4318212.793, 139
Trd, 4318213.093, 140
Trd, 4318214.743, 140
Trd, 4318215.243, 138
Trd, 4318216.093, 140
Trd, 4318216.343, 109
Trd, 4318216.993, 140
Trd, 4318217.143, 139
Trd, 4318218.043, 72
Trd, 4318218.143, 73
Trd, 4318219.093, 60
Trd, 4318219.643, 60
Trd, 4318220.943, 140
Trd, 4318221.893, 140
Trd, 4318223.293, 140
Trd, 4318223.443, 139
Trd, 4318223.643, 138
Trd, 4318224.993, 140
Trd, 4318225.143, 140
Trd, 4318225.793, 135
Trd, 4318226.043, 140
Trd, 4318227.743, 140
Trd, 4318228.093, 140
Trd, 4318228.193, 85
Trd, 4318229.093, 65
Trd, 4318229.593, 138
Trd, 4318231.093, 62
Trd, 4318231.493, 117
Trd, 4318232.393, 68
Trd, 4318233.143, 69
Trd, 4318233.993, 140
Trd, 4318234.643, 138
Trd, 4318236.143, 139
Trd, 4318236.893, 139
Trd, 4318238.693, 140
Trd, 4318238.743, 139
Trd, 4318239.643, 140
Trd, 4318240.143, 140
Trd, 4318240.693, 140
Trd, 4318240.893, 139
Trd, 4318241.693, 138
Trd, 4318242.293, 140
Trd, 4318243.093, 140
Trd, 4318243.693, 115
Trd, 4318244.743, 138
Trd, 4318245.993, 139
Trd, 4318246.543, 138
Trd, 4318246.693, 139
Trd, 4318247.393, 138
Trd, 4318247.793, 140
Trd, 4318249.143, 139
Trd, 4318249.393, 139
Trd, 4318249.793, 138
Trd, 4318252.143, 140
Trd, 4318252.893, 140
Trd, 4318253.243, 140
Trd, 4318253.493, 140
Trd, 4318253.743, 139
Trd, 4318254.343, 60
Trd, 4318255.943, 140
Trd, 4318256.143, 139
Trd, 4318257.043, 135
Trd, 4318257.693, 140
Trd, 4318258.343, 140
Trd, 4318259.493, 114
Trd, 4318260.693, 111
Trd, 4318260.943, 139
Trd, 4318261.593, 139
Trd, 4318263.243, 140
Trd, 4318263.593, 130
Trd, 4318264.393, 139
Trd, 4318264.543, 120
Trd, 4318265.193, 140
Trd, 4318266.093, 136
Trd, 4318268.193, 140
Trd, 4318269.243, 140
Trd, 4318269.643, 140
Trd, 4318269.693, 140
Trd, 4318270.393, 139
Trd, 4318270.443, 139
Trd, 4318270.993, 137
Trd, 4318271.743, 139
Trd, 4318273.143, 140
Trd, 4318274.243, 140
Trd, 4318275.343, 140
Trd, 4318275.793, 140
Trd, 4318276.693, 140
Trd, 4318277.043, 140
Trd, 4318277.343, 140
Trd, 4318277.843, 102
Trd, 4318278.343, 65
Trd, 4318279.543, 139
Trd, 4318281.293, 140
Trd, 4318281.843, 140
Trd, 4318285.143, 140
Trd, 4318285.193, 138
Trd, 4318285.993, 140
Trd, 4318286.043, 138
Trd, 4318286.693, 136
Trd, 4318286.993, 140
Trd, 4318289.043, 140
Trd, 4318290.593, 140
Trd, 4318291.043, 140
Trd, 4318292.093, 138
Trd, 4318292.293, 138
Trd, 4318292.343, 126
Trd, 4318293.693, 67
Trd, 4318293.893, 66
Trd, 4318294.593, 74
Trd, 4318295.893, 140
Trd, 4318295.993, 139
Trd, 4318297.143, 140
Trd, 4318297.743, 140
Trd, 4318298.493, 140
Trd, 4318299.393, 140
Trd, 4318301.693, 140
Trd, 4318303.093, 140
Trd, 4318303.893, 140
Trd, 4318304.543, 140
Trd, 4318306.743, 140
Trd, 4318307.443, 140
Trd, 4318308.043, 140
Trd, 4318308.443, 140
Trd, 4318308.793, 140
Trd, 4318309.093, 139
Trd, 4318309.343, 92
Trd, 4318311.493, 140
Trd, 4318311.893, 139
Trd, 4318313.193, 140
Trd, 4318313.293, 125
Trd, 4318314.643, 140
Trd, 4318314.843, 140
Trd, 4318315.743, 140
Trd, 4318316.443, 139
Trd, 4318316.693, 127
Trd, 4318318.893, 140
Trd, 4318319.743, 140
Trd, 4318320.593, 140
Trd, 4318322.493, 140
Trd, 4318322.543, 138
Trd, 4318322.793, 137
Trd, 4318323.243, 140
Trd, 4318323.793, 140
Trd, 4318323.843, 140
Trd, 4318325.893, 140
Trd, 4318326.293, 140
Trd, 4318327.093, 140
Trd, 4318329.193, 140
Trd, 4318329.543, 140
Trd, 4318329.593, 128
Trd, 4318330.143, 60
Trd, 4318330.643, 138
Trd, 4318330.943, 139
Trd, 4318330.993, 134
Trd, 4318331.843, 63
Trd, 4318332.443, 64
Trd, 4318334.543, 140
Trd, 4318335.343, 139
Trd, 4318335.693, 140
Trd, 4318336.843, 138
Trd, 4318337.843, 140
Trd, 4318338.643, 139
Trd, 4318339.193, 126
Trd, 4318339.243, 111
Trd, 4318339.743, 65
Trd, 4318340.643, 138
Trd, 4318340.893, 121
Trd, 4318341.593, 67
Trd, 4318343.393, 140
Trd, 4318345.143, 140
Trd, 4318346.943, 140
Trd, 4318347.343, 140
Trd, 4318347.893, 140
Trd, 4318348.693, 139
Trd, 4318348.793, 140
Trd, 4318349.393, 135
Trd, 4318349.693, 101
Trd, 4318350.893, 140
Trd, 4318351.193, 140
Trd, 4318351.993, 136
Trd, 4318352.643, 116
Trd, 4318354.343, 140
Trd, 4318354.393, 136
Trd, 4318356.343, 138
Trd, 4318357.043, 137
Trd, 4318357.443, 140
Trd, 4318359.543, 139
Trd, 4318360.993, 140
Trd, 4318361.293, 140
Trd, 4318361.343, 139
Trd, 4318362.393, 140
Trd, 4318363.293, 139
Trd, 4318364.543, 140
Trd, 4318364.843, 140
Trd, 4318365.093, 136
Trd, 4318366.243, 131
Trd, 4318366.793, 102
Trd, 4318369.143, 140
Trd, 4318369.193, 140
Trd, 4318369.293, 139
Trd, 4318370.343, 101
Trd, 4318370.793, 89
Trd, 4318372.243, 140
Trd, 4318373.693, 140
Trd, 4318374.793, 140
Trd, 4318374.893, 140
Trd, 4318375.393, 140
Trd, 4318375.543, 138
Trd, 4318375.893, 138
Trd, 4318376.843, 140
Trd, 4318377.693, 139
Trd, 4318379.043, 140
Trd, 4318379.493, 93
Trd, 4318379.643, 76
Trd, 4318380.443, 140
Trd, 4318381.443, 140
Trd, 4318383.393, 140
Trd, 4318383.543, 140
Trd, 4318383.943, 140
Trd, 4318384.043, 139
Trd, 4318387.893, 140
Trd, 4318388.193, 140
Trd, 4318388.593, 138
Trd, 4318388.893, 139
Trd, 4318389.343, 139
Trd, 4318391.593, 140
Trd, 4318392.593, 140
Trd, 4318393.843, 140
Trd, 4318394.293, 140
Trd, 4318394.493, 139
Trd, 4318394.993, 139
Trd, 4318395.743, 140
Trd, 4318396.743, 140
Trd, 4318398.143, 140
Trd, 4318399.243, 140
Trd, 4318399.643, 140
Trd, 4318399.843, 140
Trd, 4318402.043, 140
Trd, 4318402.443, 138
Trd, 4318402.893, 139
Trd, 4318404.093, 140
Trd, 4318406.643, 140
Trd, 4318407.693, 140
Trd, 4318408.393, 140
Trd, 4318408.593, 140
Trd, 4318408.743, 140
Trd, 4318409.843, 140
Trd, 4318410.293, 140
Trd, 4318410.343, 138
Trd, 4318411.393, 140
Trd, 4318413.243, 140
Trd, 4318413.743, 140
Trd, 4318413.793, 128
Trd, 4318413.893, 128
Trd, 4318414.943, 138
Trd, 4318416.493, 140
Trd, 4318416.543, 139
Trd, 4318416.593, 138
Trd, 4318417.043, 140
Trd, 4318418.193, 140
Trd, 4318419.043, 139
Trd, 4318419.493, 139
Trd, 4318421.443, 140
Trd, 4318422.143, 139
Trd, 4318422.793, 140
Trd, 4318422.843, 139
Trd, 4318422.943, 129
Trd, 4318423.893, 140
Trd, 4318425.443, 140
Trd, 4318425.543, 136
Trd, 4318425.693, 126
Trd, 4318427.493, 126
Trd, 4318428.043, 139
Trd, 4318428.093, 138
Trd, 4318429.443, 140
Trd, 4318429.493, 140
Trd, 4318429.793, 126
Trd, 4318430.093, 138
Trd, 4318432.593, 140
Trd, 4318433.243, 140
Trd, 4318433.693, 140
Trd, 4318434.043, 140
Trd, 4318434.343, 138
Trd, 4318434.593, 137
Trd, 4318435.893, 140
Trd, 4318435.943, 126
Trd, 4318436.643, 74
Trd, 4318436.743, 62
Trd, 4318438.593, 140
Trd, 4318439.293, 139
Trd, 4318440.993, 140
Trd, 4318442.043, 140
Trd, 4318443.093, 140
Trd, 4318443.343, 140
Trd, 4318443.793, 140
Trd, 4318443.843, 140
Trd, 4318444.893, 119
Trd, 4318445.143, 118
Trd, 4318446.093, 140
Trd, 4318447.343, 140
Trd, 4318448.343, 140
Trd, 4318448.793, 140
Trd, 4318450.493, 140
Trd, 4318451.043, 138
Trd, 4318451.893, 140
Trd, 4318453.543, 140
Trd, 4318453.693, 140
Trd, 4318454.643, 139
Trd, 4318454.993, 135
Trd, 4318455.243, 130
Trd, 4318455.943, 137
Trd, 4318457.743, 140
Trd, 4318458.743, 139
Trd, 4318458.943, 138
Trd, 4318460.243, 140
Trd, 4318460.393, 140
Trd, 4318463.093, 140
Trd, 4318463.643, 140
Trd, 4318463.893, 140
Trd, 4318464.293, 140
Trd, 4318464.393, 136
Trd, 4318464.843, 136
Trd, 4318465.293, 134
Trd, 4318465.443, 79
Trd, 4318465.993, 88
Trd, 4318466.143, 72
Trd, 4318466.793, 65
Trd, 4318468.543, 140
Trd, 4318469.393, 140
Trd, 4318469.643, 140
Trd, 4318470.043, 134
Trd, 4318470.693, 116
Trd, 4318471.243, 62
Trd, 4318472.293, 140
Trd, 4318473.393, 140
Trd, 4318474.143, 138
Trd, 4318474.293, 138
Trd, 4318476.293, 137
Trd, 4318477.543, 140
Trd, 4318478.343, 140
Trd, 4318478.793, 140
Trd, 4318479.243, 139
Trd, 4318479.493, 137
Trd, 4318479.693, 122
Trd, 4318480.643, 140
Trd, 4318482.193, 108
Trd, 4318482.443, 99
Trd, 4318483.743, 140
Trd, 4318483.893, 60
Trd, 4318485.243, 140
Trd, 4318485.343, 139
Trd, 4318485.393, 65
Trd, 4318485.993, 140
Trd, 4318486.893, 138
Trd, 4318489.493, 140
Trd, 4318489.593, 140
Trd, 4318490.443, 140
Trd, 4318491.143, 140
Trd, 4318491.493, 139
Trd, 4318494.593, 140
Trd, 4318494.743, 140
Trd, 4318495.743, 140
Trd, 4318495.943, 139
Trd, 4318496.443, 137
Trd, 4318496.743, 140
Trd, 4318497.093, 125
Trd, 4318498.293, 140
Trd, 4318499.543, 140
Trd, 4318500.243, 139
Trd, 4318500.343, 140
Trd, 4318501.393, 140
Trd, 4318501.793, 139
Trd, 4318502.993, 140
Trd, 4318503.593, 140
Trd, 4318504.643, 140
Trd, 4318506.243, 140
Trd, 4318506.993, 140
Trd, 4318507.193, 140
Trd, 4318507.443, 140
Trd, 4318508.093, 128
Trd, 4318508.393, 121
Trd, 4318508.693, 131
Trd, 4318509.243, 140
Trd, 4318510.493, 140
Trd, 4318511.493, 140
Trd, 4318511.593, 121
Trd, 4318513.593, 140
Trd, 4318513.893, 139
Trd, 4318514.543, 139
Trd, 4318516.493, 140
Trd, 4318516.693, 140
Trd, 4318517.043, 140
Trd, 4318517.293, 140
Trd, 4318517.343, 137
Trd, 4318518.843, 104
Trd, 4318519.743, 137
Trd, 4318521.393, 140
Trd, 4318523.343, 140
Trd, 4318523.843, 140
Trd, 4318524.043, 140
Trd, 4318525.393, 140
Trd, 4318526.293, 140
Trd, 4318527.743, 140
Trd, 4318528.343, 140
Trd, 4318528.393, 140
Trd, 4318529.543, 140
Trd, 4318529.993, 140
Trd, 4318530.443, 139
Trd, 4318531.293, 140
Trd, 4318531.443, 139
Trd, 4318531.593, 139
Trd, 4318531.893, 140
Trd, 4318532.843, 128
Trd, 4318533.093, 117
Trd, 4318533.393, 102
Trd, 4318534.893, 140
Trd, 4318535.493, 139
Trd, 4318536.393, 138
Trd, 4318538.943, 140
Trd, 4318539.793, 140
Trd, 4318540.393, 140
Trd, 4318541.143, 140
Trd, 4318541.593, 140
Trd, 4318542.043, 140
Trd, 4318542.093, 139
Trd, 4318542.943, 140
Trd, 4318543.443, 140
Trd, 4318543.493, 132
Trd, 4318543.643, 127
Trd, 4318544.943, 140
Trd, 4318545.043, 138
Trd, 4318546.993, 139
Trd, 4318547.743, 140
Trd, 4318548.593, 140
Trd, 4318549.893, 140
Trd, 4318551.243, 140
Trd, 4318552.243, 140
Trd, 4318552.393, 140
Trd, 4318553.693, 140
Trd, 4318553.743, 139
Trd, 4318554.943, 139
Trd, 4318555.843, 136
Trd, 4318556.443, 140
Trd, 4318556.543, 140
Trd, 4318556.693, 108
Trd, 4318557.343, 138
Trd, 4318559.493, 140
Trd, 4318559.643, 137
Trd, 4318559.993, 129
Trd, 4318560.743, 140
Trd, 4318560.943, 140
Trd, 4318561.193, 139
Trd, 4318562.893, 140
Trd, 4318562.993, 119
Trd, 4318563.343, 140
Trd, 4318563.743, 130
Trd, 4318564.343, 74
Trd, 4318565.993, 139
Trd, 4318567.293, 140
Trd, 4318567.593, 140
Trd, 4318568.193, 140
Trd, 4318569.093, 140
Trd, 4318569.293, 127
Trd, 4318571.293, 140
Trd, 4318572.293, 140
Trd, 4318573.743, 140
Trd, 4318573.843, 140
Trd, 4318575.293, 139
Trd, 4318575.493, 133
Trd, 4318576.043, 139
Trd, 4318576.293, 140
Trd, 4318577.143, 138
Trd, 4318579.643, 140
Trd, 4318580.543, 140
Trd, 4318580.993, 140
Trd, 4318581.543, 138
Trd, 4318581.943, 62
Trd, 4318582.293, 60
Trd, 4318583.243, 68
Trd, 4318584.093, 100
Trd, 4318584.643, 140
Trd, 4318584.843, 140
Trd, 4318586.093, 134
Trd, 4318586.343, 138
Trd, 4318587.493, 140
Trd, 4318588.443, 140
Trd, 4318589.443, 140
Trd, 4318590.093, 140
Trd, 4318591.193, 140
Trd, 4318591.843, 140
Trd, 4318592.043, 140
Trd, 4318592.943, 140
Trd, 4318594.643, 140
Trd, 4318595.943, 140
Trd, 4318596.893, 140
Trd, 4318598.243, 140
Trd, 4318598.293, 139
Trd, 4318599.143, 140
Trd, 4318599.193, 140
Trd, 4318599.943, 97
Trd, 4318600.093, 70
Trd, 4318601.293, 140
Trd, 4318601.643, 140
Trd, 4318602.193, 140
Trd, 4318604.843, 140
Trd, 4318605.693, 140
Trd, 4318605.993, 138
Trd, 4318607.843, 140
Trd, 4318607.993, 140
Trd, 4318608.543, 140
Trd, 4318609.043, 139
Trd, 4318610.993, 140
Trd, 4318611.143, 139
Trd, 4318613.293, 140
Trd, 4318613.993, 140
Trd, 4318614.543, 140
Trd, 4318615.393, 136
Trd, 4318615.793, 139
Trd, 4318618.693, 139
Trd, 4318619.193, 139
Trd, 4318619.393, 137
Trd, 4318619.793, 138
Trd, 4318620.343, 136
Trd, 4318620.643, 140
Trd, 4318621.143, 140
Trd, 4318621.643, 139
Trd, 4318622.693, 140
Trd, 4318624.293, 139
Trd, 4318624.643, 132
Trd, 4318625.043, 140
Trd, 4318627.543, 140
Trd, 4318627.693, 138
Trd, 4318628.743, 140
Trd, 4318629.543, 140
Trd, 4318630.043, 140
Trd, 4318630.393, 139
Trd, 4318630.543, 139
Trd, 4318631.243, 140
Trd, 4318631.343, 127
Trd, 4318632.543, 60
Trd, 4318632.643, 60
Trd, 4318633.143, 60
Trd, 4318635.143, 98
Trd, 4318636.143, 140
Trd, 4318636.293, 139
Trd, 4318638.143, 140
Trd, 4318638.743, 140
Trd, 4318639.543, 139
Trd, 4318639.793, 140
Trd, 4318640.443, 140
Trd, 4318642.043, 127
Trd, 4318642.143, 126
Trd, 4318642.793, 91
Trd, 4318642.993, 66
Trd, 4318643.993, 63
Trd, 4318645.943, 140
Trd, 4318647.093, 140
Trd, 4318647.743, 140
Trd, 4318647.943, 140
Trd, 4318649.493, 140
Trd, 4318649.743, 140
Trd, 4318650.593, 140
Trd, 4318651.943, 140
Trd, 4318652.693, 140
Trd, 4318652.943, 140
Trd, 4318653.043, 140
Trd, 4318653.543, 140
Trd, 4318654.143, 138
Trd, 4318654.593, 125
Trd, 4318655.293, 140
Trd, 4318656.693, 139
Trd, 4318658.893, 138
Trd, 4318660.193, 140
Trd, 4318660.843, 125
Trd, 4318661.543, 139
Trd, 4318662.793, 127
Trd, 4318663.043, 115
Trd, 4318663.193, 99
Trd, 4318664.093, 139
Trd, 4318666.393, 140
Trd, 4318666.643, 140
Trd, 4318667.143, 139
Trd, 4318668.143, 139
Trd, 4318668.993, 140
Trd, 4318669.093, 137
Trd, 4318669.343, 134
Trd, 4318669.493, 128
Trd, 4318669.943, 65
Trd, 4318670.743, 84
Trd, 4318671.693, 139
Trd, 4318671.993, 132
Trd, 4318674.193, 121
Trd, 4318674.793, 138
Trd, 4318674.943, 140
Trd, 4318676.643, 140
Trd, 4318678.043, 61
Trd, 4318678.093, 62
Trd, 4318678.793, 140
Trd, 4318679.193, 140
Trd, 4318679.393, 126
Trd, 4318680.943, 72
Trd, 4318681.843, 140
Trd, 4318681.993, 138
Trd, 4318682.493, 135
Trd, 4318682.993, 137
Trd, 4318683.443, 137
Trd, 4318684.743, 139
Trd, 4318685.793, 137
Trd, 4318686.093, 138
Trd, 4318686.443, 136
Trd, 4318687.293, 125
Trd, 4318687.543, 124
Trd, 4318687.643, 90
Trd, 4318690.093, 140
Trd, 4318690.693, 140
Trd, 4318692.043, 140
Trd, 4318693.193, 140
Trd, 4318693.643, 140
Trd, 4318694.043, 140
Trd, 4318694.293, 140
Trd, 4318696.343, 140
Trd, 4318697.493, 139
Trd, 4318698.493, 140
Trd, 4318698.543, 140
Trd, 4318698.893, 139
Trd, 4318700.043, 137
Trd, 4318700.843, 138
Trd, 4318701.543, 125
Trd, 4318702.743, 140
Trd, 4318703.893, 140
Trd, 4318704.643, 140
Trd, 4318705.393, 140
Trd, 4318706.093, 140
Trd, 4318706.443, 140
Trd, 4318706.843, 139
Trd, 4318707.293, 139
Trd, 4318708.943, 140
Trd, 4318710.193, 140
Trd, 4318710.493, 140
Trd, 4318711.543, 140
Trd, 4318711.643, 139
Trd, 4318712.193, 138
Trd, 4318712.843, 138
Trd, 4318713.243, 137
Trd, 4318715.993, 140
Trd, 4318716.243, 140
Trd, 4318716.693, 126
Trd, 4318718.993, 140
Trd, 4318719.243, 140
Trd, 4318720.543, 140
Trd, 4318720.893, 140
Trd, 4318721.243, 139
Trd, 4318721.743, 138
Trd, 4318722.093, 140
Trd, 4318722.843, 88
Trd, 4318725.393, 140
Trd, 4318726.043, 140
Trd, 4318726.393, 140
Trd, 4318726.693, 139
Trd, 4318728.093, 140
Trd, 4318729.443, 140
Trd, 4318729.643, 131
Trd, 4318729.943, 133
Trd, 4318730.543, 104
Trd, 4318730.743, 79
Trd, 4318732.493, 139
Trd, 4318733.793, 80
Trd, 4318734.443, 140
Trd, 4318734.893, 140
Trd, 4318735.243, 140
Trd, 4318735.543, 140
Trd, 4318736.343, 140
Trd, 4318736.443, 139
Trd, 4318736.793, 132
Trd, 4318736.843, 105
Trd, 4318737.243, 139
Trd, 4318739.493, 140
Trd, 4318740.343, 140
Trd, 4318740.993, 139
Trd, 4318741.243, 138
Trd, 4318741.443, 139
Trd, 4318742.343, 127
Trd, 4318743.643, 140
Trd, 4318744.443, 114
Trd, 4318744.943, 97
Trd, 4318745.393, 84
Trd, 4318745.993, 140
Trd, 4318746.393, 137
Trd, 4318746.893, 139
Trd, 4318748.743, 140
Trd, 4318749.493, 140
Trd, 4318749.893, 140
Trd, 4318749.943, 101
Trd, 4318750.193, 140
Trd, 4318752.493, 140
Trd, 4318752.743, 138
Trd, 4318754.193, 136
Trd, 4318754.543, 140
Trd, 4318754.793, 86
Trd, 4318754.843, 78
Trd, 4318756.093, 139
Trd, 4318756.943, 61
Trd, 4318757.693, 61
Trd, 4318757.893, 62
Trd, 4318759.543, 66
Trd, 4318760.293, 100
Trd, 4318760.543, 101
Trd, 4318761.743, 61
Trd, 4318762.943, 61
Trd, 4318763.693, 64
Trd, 4318764.893, 63
Trd, 4318764.993, 68
Trd, 4318765.843, 138
Trd, 4318765.993, 98
Trd, 4318766.543, 65
Trd, 4318767.043, 60
Trd, 4318767.143, 106
Trd, 4318767.843, 115
Trd, 4318768.743, 140
Trd, 4318769.443, 61
Trd, 4318769.943, 60
Trd, 4318770.843, 62
Trd, 4318771.243, 66
Trd, 4318771.543, 74
Trd, 4318772.243, 139
Trd, 4318772.843, 126
Trd, 4318775.043, 140
Trd, 4318776.043, 140
Trd, 4318776.193, 140
Trd, 4318776.593, 138
Trd, 4318776.893, 135
Trd, 4318777.643, 140
Trd, 4318778.693, 138
Trd, 4318778.893, 116
Trd, 4318779.043, 123
Trd, 4318780.693, 140
Trd, 4318781.293, 140
Trd, 4318781.843, 139
Trd, 4318783.393, 139
Trd, 4318783.643, 139
Trd, 4318784.993, 140
Trd, 4318785.993, 140
Trd, 4318786.043, 139
Trd, 4318786.143, 126
Trd, 4318786.943, 109
Trd, 4318788.443, 140
Trd, 4318790.293, 140
Trd, 4318792.893, 140
Trd, 4318793.043, 139
Trd, 4318793.493, 138
Trd, 4318794.343, 140
Trd, 4318795.093, 140
Trd, 4318796.243, 140
Trd, 4318796.743, 127
Trd, 4318796.993, 126
Trd, 4318799.243, 140
Trd, 4318800.043, 140
Trd, 4318800.293, 139
Trd, 4318801.743, 140
Trd, 4318803.293, 140
Trd, 4318803.393, 140
Trd, 4318803.843, 140
Trd, 4318804.193, 140
Trd, 4318804.893, 140
Trd, 4318805.493, 139
Trd, 4318806.693, 139
Trd, 4318808.243, 83
Trd, 4318808.393, 94
Trd, 4318809.543, 140
Trd, 4318809.843, 137
Trd, 4318810.793, 128
Trd, 4318811.493, 126
Trd, 4318811.593, 114
Trd, 4318811.943, 61
Trd, 4318813.493, 140
Trd, 4318813.893, 140
Trd, 4318814.643, 139
Trd, 4318815.393, 138
Trd, 4318816.993, 140
Trd, 4318817.343, 140
Trd, 4318817.543, 140
Trd, 4318818.143, 135
Trd, 4318819.293, 134
Trd, 4318819.893, 140
Trd, 4318820.593, 64
Trd, 4318821.593, 65
Trd, 4318822.143, 115
Trd, 4318824.743, 140
Trd, 4318825.543, 140
Trd, 4318825.593, 140
Trd, 4318826.393, 140
Trd, 4318826.543, 140
Trd, 4318827.193, 103
Trd, 4318827.443, 140
Trd, 4318827.893, 139
Trd, 4318828.293, 140
Trd, 4318829.143, 114
Trd, 4318829.843, 140
Trd, 4318830.443, 140
Trd, 4318830.543, 114
Trd, 4318832.093, 63
Trd, 4318834.443, 140
Trd, 4318835.493, 140
Trd, 4318835.593, 139
Trd, 4318836.043, 140
Trd, 4318837.493, 140
Trd, 4318838.843, 140
Trd, 4318839.543, 140
Trd, 4318839.843, 140
Trd, 4318840.493, 140
Trd, 4318840.543, 140
Trd, 4318842.593, 136
Trd, 4318843.643, 140
Trd, 4318844.493, 137
Trd, 4318846.243, 140
Trd, 4318846.793, 139
Trd, 4318847.193, 140
Trd, 4318847.743, 140
Trd, 4318848.243, 140
Trd, 4318848.343, 83
Trd, 4318849.143, 101
Trd, 4318849.793, 67
Trd, 4318850.693, 135
Trd, 4318851.793, 140
Trd, 4318852.693, 140
Trd, 4318852.943, 127
Trd, 4318853.943, 140
Trd, 4318853.993, 138
Trd, 4318856.793, 140
Trd, 4318857.093, 140
Trd, 4318857.593, 140
Trd, 4318857.993, 140
Trd, 4318858.693, 140
Trd, 4318860.893, 140
Trd, 4318861.343, 139
Trd, 4318862.593, 140
Trd, 4318863.943, 140
Trd, 4318863.993, 140
Trd, 4318864.293, 133
Trd, 4318865.843, 140
Trd, 4318866.093, 140
Trd, 4318867.493, 109
Trd, 4318868.493, 140
Trd, 4318869.393, 130
Trd, 4318870.893, 140
Trd, 4318871.693, 140
Trd, 4318872.643, 140
Trd, 4318873.543, 140
Trd, 4318874.693, 140
Trd, 4318876.493, 140
Trd, 4318876.743, 138
Trd, 4318877.393, 138
Trd, 4318877.443, 137
Trd, 4318877.543, 133
Trd, 4318879.143, 138
Trd, 4318879.493, 126
Trd, 4318879.793, 105
Trd, 4318882.243, 140
Trd, 4318883.543, 139
Trd, 4318883.793, 139
Trd, 4318883.843, 139
Trd, 4318884.243, 139
Trd, 4318884.743, 140
Trd, 4318886.593, 137
Trd, 4318886.843, 136
Trd, 4318887.893, 140
Trd, 4318888.393, 136
Trd, 4318888.593, 131
Trd, 4318889.593, 130
Trd, 4318890.193, 140
Trd, 4318890.543, 140
Trd, 4318891.643, 138
Trd, 4318893.593, 140
Trd, 4318893.693, 140
Trd, 4318894.143, 140
Trd, 4318894.193, 139
Trd, 4318894.343, 139
Trd, 4318894.643, 126
Trd, 4318897.543, 140
Trd, 4318898.393, 140
Trd, 4318898.743, 140
Trd, 4318899.893, 140
Trd, 4318901.193, 140
Trd, 4318901.243, 140
Trd, 4318901.293, 140
Trd, 4318902.343, 140
Trd, 4318902.543, 140
Trd, 4318903.043, 136
Trd, 4318904.593, 140
Trd, 4318904.793, 140
Trd, 4318905.193, 114
Trd, 4318906.143, 135
Trd, 4318906.893, 99
Trd, 4318907.793, 140
Trd, 4318907.843, 140
Trd, 4318908.343, 137
Trd, 4318909.643, 139
Trd, 4318909.843, 137
Trd, 4318910.693, 140
Trd, 4318911.143, 140
Trd, 4318911.343, 140
Trd, 4318911.693, 63
Trd, 4318913.993, 140
Trd, 4318914.043, 140
Trd, 4318915.843, 140
Trd, 4318917.143, 139
Trd, 4318917.743, 139
Trd, 4318918.143, 140
Trd, 4318918.343, 137
Trd, 4318918.693, 135
Trd, 4318920.743, 140
Trd, 4318922.043, 140
Trd, 4318922.193, 140
Trd, 4318922.693, 140
Trd, 4318923.093, 139
Trd, 4318924.393, 137
Trd, 4318924.543, 140
Trd, 4318924.893, 85
Trd, 4318925.443, 139
Trd, 4318925.993, 136
Trd, 4318927.543, 140
Trd, 4318928.943, 140
Trd, 4318929.443, 140
Trd, 4318929.943, 140
Trd, 4318930.443, 140
Trd, 4318932.293, 140
Trd, 4318934.593, 140
Trd, 4318935.143, 140
Trd, 4318935.193, 140
Trd, 4318935.693, 139
Trd, 4318938.093, 139
Trd, 4318938.693, 140
Trd, 4318939.043, 139
Trd, 4318939.493, 140
Trd, 4318939.943, 139
Trd, 4318942.043, 61
Trd, 4318942.193, 60
Trd, 4318942.693, 62
Trd, 4318943.693, 126
Trd, 4318944.193, 123
Trd, 4318944.393, 127
Trd, 4318946.293, 140
Trd, 4318946.543, 139
Trd, 4318947.643, 139
Trd, 4318948.293, 140
Trd, 4318948.743, 140
Trd, 4318949.843, 140
Trd, 4318950.593, 135
Trd, 4318951.243, 127
Trd, 4318951.443, 71
Trd, 4318952.093, 139
Trd, 4318952.393, 103
Trd, 4318952.543, 132
Trd, 4318954.143, 140
Trd, 4318955.293, 140
Trd, 4318955.793, 140
Trd, 4318958.043, 140
Trd, 4318958.593, 140
Trd, 4318959.243, 140
Trd, 4318960.043, 139
Trd, 4318960.793, 138
Trd, 4318960.893, 135
Trd, 4318961.543, 127
Trd, 4318961.693, 135
Trd, 4318962.643, 68
Trd, 4318962.943, 140
Trd, 4318965.493, 140
Trd, 4318966.043, 140
Trd, 4318966.893, 140
Trd, 4318969.043, 140
Trd, 4318969.293, 140
Trd, 4318969.393, 140
Trd, 4318969.543, 131
Trd, 4318970.343, 138
Trd, 4318971.093, 102
Trd, 4318971.393, 89
Trd, 4318971.993, 140
Trd, 4318972.143, 140
Trd, 4318973.643, 139
Trd, 4318974.693, 139
Trd, 4318975.493, 139
Trd, 4318976.493, 139
Trd, 4318977.043, 139
Trd, 4318978.093, 140
Trd, 4318978.693, 140
Trd, 4318979.743, 140
Trd, 4318980.593, 140
Trd, 4318980.843, 140
Trd, 4318982.543, 140
Trd, 4318982.693, 138
Trd, 4318983.043, 78
Trd, 4318984.093, 140
Trd, 4318984.343, 118
Trd, 4318984.793, 103
Trd, 4318985.843, 140
Trd, 4318986.493, 140
Trd, 4318986.793, 138
Trd, 4318987.643, 90
Trd, 4318987.693, 76
Trd, 4318989.093, 140
Trd, 4318989.743, 138
Trd, 4318992.143, 140
Trd, 4318992.243, 140
Trd, 4318992.343, 139
Trd, 4318993.293, 139
Trd, 4318993.793, 140
Trd, 4318994.243, 114
Trd, 4318995.443, 140
Trd, 4318996.343, 139
Trd, 4318996.543, 139
Trd, 4318997.443, 140
Trd, 4318998.443, 138
Trd, 4318998.543, 136
Trd, 4319000.143, 140
Trd, 4319001.693, 140
Trd, 4319001.743, 140
Trd, 4319003.143, 133
Trd, 4319003.743, 125
Trd, 4319003.843, 105
Trd, 4319004.493, 139
Trd, 4319006.293, 140
Trd, 4319006.393, 139
Trd, 4319008.943, 140
Trd, 4319009.493, 140
Trd, 4319010.343, 140
Trd, 4319011.843, 140
Trd, 4319012.043, 138
Trd, 4319012.093, 137
Trd, 4319012.693, 140
Trd, 4319013.343, 138
Trd, 4319014.043, 140
Trd, 4319014.643, 140
Trd, 4319014.893, 130
Trd, 4319016.443, 140
Trd, 4319016.493, 132
Trd, 4319018.143, 140
Trd, 4319018.843, 140
Trd, 4319019.343, 140
Trd, 4319020.143, 140
Trd, 4319020.643, 140
Trd, 4319021.643, 140
Trd, 4319021.893, 140
Trd, 4319023.243, 124
Trd, 4319023.643, 132
Trd, 4319023.893, 139
Trd, 4319024.493, 139
Trd, 4319026.143, 117
Trd, 4319026.643, 139
Trd, 4319027.293, 139
Trd, 4319029.393, 139
Trd, 4319030.093, 140
Trd, 4319030.193, 137
Trd, 4319030.743, 137
Trd, 4319031.143, 136
Trd, 4319031.793, 140
Trd, 4319032.093, 140
Trd, 4319032.593, 138
Trd, 4319034.543, 140
Trd, 4319034.643, 140
Trd, 4319035.443, 140
Trd, 4319035.993, 140
Trd, 4319036.543, 138
Trd, 4319037.993, 140
Trd, 4319038.293, 84
Trd, 4319038.443, 73
Trd, 4319039.343, 139
Trd, 4319039.543, 66
Trd, 4319040.293, 140
Trd, 4319040.493, 140
Trd, 4319041.193, 140
Trd, 4319041.843, 140
Trd, 4319042.093, 139
Trd, 4319043.143, 139
Trd, 4319043.443, 121
Trd, 4319044.443, 140
Trd, 4319044.893, 67
Trd, 4319045.643, 74
Trd, 4319049.343, 140
Trd, 4319049.543, 140
Trd, 4319050.343, 140
Trd, 4319051.893, 140
Trd, 4319052.193, 140
Trd, 4319052.293, 136
Trd, 4319054.793, 140
Trd, 4319055.393, 140
Trd, 4319055.843, 139
Trd, 4319056.493, 135
Trd, 4319057.193, 140
Trd, 4319057.793, 140
Trd, 4319058.993, 139
Trd, 4319059.343, 137
Trd, 4319060.343, 140
Trd, 4319061.693, 139
Trd, 4319062.093, 140
Trd, 4319062.743, 139
Trd, 4319063.693, 140
Trd, 4319064.193, 140
Trd, 4319065.993, 140
Trd, 4319066.793, 140
Trd, 4319066.843, 139
Trd, 4319067.293, 139
Trd, 4319068.143, 140
Trd, 4319070.343, 140
Trd, 4319070.543, 138
Trd, 4319070.693, 137
Trd, 4319072.893, 140
Trd, 4319073.543, 140
Trd, 4319074.043, 140
Trd, 4319074.343, 140
Trd, 4319074.643, 126
Trd, 4319075.993, 60
Trd, 4319076.193, 62
Trd, 4319076.343, 65
Trd, 4319076.493, 76
Trd, 4319076.543, 79
Trd, 4319077.293, 79
Trd, 4319077.893, 140
Trd, 4319079.143, 61
Trd, 4319080.343, 140
Trd, 4319082.043, 140
Trd, 4319082.193, 140
Trd, 4319082.543, 140
Trd, 4319083.043, 140
Trd, 4319083.193, 136
Trd, 4319085.093, 139
Trd, 4319085.243, 139
Trd, 4319086.143, 140
Trd, 4319087.343, 139
Trd, 4319087.943, 114
Trd, 4319089.893, 140
Trd, 4319090.993, 139
Trd, 4319091.843, 140
Trd, 4319092.093, 139
Trd, 4319093.693, 140
Trd, 4319094.393, 140
Trd, 4319095.143, 140
Trd, 4319097.343, 140
Trd, 4319097.843, 140
Trd, 4319098.293, 140
Trd, 4319098.743, 139
Trd, 4319099.693, 140
Trd, 4319101.243, 140
Trd, 4319101.293, 140
Trd, 4319101.593, 126
Trd, 4319102.943, 140
Trd, 4319103.843, 140
Trd, 4319105.193, 140
Trd, 4319105.743, 140
Trd, 4319106.193, 140
Trd, 4319107.943, 140
Trd, 4319108.343, 140
Trd, 4319108.843, 139
Trd, 4319110.343, 139
Trd, 4319111.093, 139
Trd, 4319112.343, 140
Trd, 4319113.393, 139
Trd, 4319113.543, 138
Trd, 4319114.893, 139
Trd, 4319114.943, 140
Trd, 4319115.743, 139
Trd, 4319117.443, 140
Trd, 4319117.643, 140
Trd, 4319117.693, 140
Trd, 4319118.693, 138
Trd, 4319118.843, 140
Trd, 4319119.193, 140
Trd, 4319119.443, 140
Trd, 4319119.843, 124
Trd, 4319120.243, 139
Trd, 4319122.243, 140
Trd, 4319122.393, 126
Trd, 4319124.743, 140
Trd, 4319125.493, 140
Trd, 4319125.993, 139
Trd, 4319126.693, 137
Trd, 4319126.843, 135
Trd, 4319127.443, 140
Trd, 4319129.093, 140
Trd, 4319129.593, 136
Trd, 4319130.193, 126
Trd, 4319130.493, 72
Trd, 4319131.393, 140
Trd, 4319132.543, 60
Trd, 4319132.693, 62
Trd, 4319132.793, 64
Trd, 4319134.343, 65
Trd, 4319135.193, 101
Trd, 4319135.693, 68
Trd, 4319136.443, 140
Trd, 4319137.393, 140
Trd, 4319138.443, 140
Trd, 4319138.543, 140
Trd, 4319138.893, 139
Trd, 4319139.293, 139
Trd, 4319140.593, 140
Trd, 4319141.293, 140
Trd, 4319142.993, 139
Trd, 4319143.143, 139
Trd, 4319144.243, 137
Trd, 4319145.143, 116
Trd, 4319146.693, 139
Trd, 4319147.593, 140
Trd, 4319147.743, 138
Trd, 4319148.943, 140
Trd, 4319149.743, 140
Trd, 4319152.343, 140
Trd, 4319152.443, 139
Trd, 4319153.543, 140
Trd, 4319153.643, 140
Trd, 4319153.893, 140
Trd, 4319155.093, 140
Trd, 4319155.543, 140
Trd, 4319156.493, 140
Trd, 4319156.843, 140
Trd, 4319157.443, 140
Trd, 4319157.793, 138
Trd, 4319158.393, 137
Trd, 4319159.093, 140
Trd, 4319159.393, 132
Trd, 4319160.293, 114
Trd, 4319160.993, 119
Trd, 4319161.743, 139
Trd, 4319163.293, 140
Trd, 4319163.743, 140
Trd, 4319165.393, 140
Trd, 4319166.243, 140
Trd, 4319167.543, 140
Trd, 4319168.293, 140
Trd, 4319168.343, 140
Trd, 4319168.793, 140
Trd, 4319169.093, 138
Trd, 4319169.693, 139
Trd, 4319169.893, 139
Trd, 4319171.643, 61
Trd, 4319172.393, 138
Trd, 4319173.693, 137
Trd, 4319174.343, 140
Trd, 4319174.593, 115
Trd, 4319175.293, 140
Trd, 4319176.293, 140
Trd, 4319176.943, 140
Trd, 4319177.843, 138
Trd, 4319178.043, 129
Trd, 4319178.143, 103
Trd, 4319179.743, 140
Trd, 4319181.293, 140
Trd, 4319181.593, 140
Trd, 4319182.043, 140
Trd, 4319182.193, 140
Trd, 4319182.543, 139
Trd, 4319182.943, 140
Trd, 4319185.293, 140
Trd, 4319185.693, 140
Trd, 4319186.093, 140
Trd, 4319186.743, 88
Trd, 4319188.293, 140
Trd, 4319189.043, 137
Trd, 4319190.543, 140
Trd, 4319190.593, 135
Trd, 4319190.993, 126
Trd, 4319191.543, 140
Trd, 4319192.093, 140
Trd, 4319193.943, 140
Trd, 4319194.093, 140
Trd, 4319195.093, 139
Trd, 4319197.893, 140
Trd, 4319198.443, 140
Trd, 4319200.443, 140
Trd, 4319200.743, 139
Trd, 4319201.393, 139
Trd, 4319202.493, 140
Trd, 4319203.043, 140
Trd, 4319203.243, 140
Trd, 4319203.843, 139
Trd, 4319204.443, 140
Trd, 4319205.193, 139
Trd, 4319205.843, 140
Trd, 4319206.093, 126
Trd, 4319207.593, 101
Trd, 4319209.243, 140
Trd, 4319209.343, 140
Trd, 4319209.793, 140
Trd, 4319210.043, 140
Trd, 4319210.343, 140
Trd, 4319210.593, 140
Trd, 4319210.793, 91
Trd, 4319211.693, 140
Trd, 4319212.293, 140
Trd, 4319212.893, 140
Trd, 4319214.243, 61
Trd, 4319214.693, 62
Trd, 4319215.643, 115
Trd, 4319216.593, 140
Trd, 4319217.193, 140
Trd, 4319218.493, 140
Trd, 4319219.093, 140
Trd, 4319219.693, 140
Trd, 4319219.993, 140
Trd, 4319220.893, 140
Trd, 4319221.293, 140
Trd, 4319222.593, 140
Trd, 4319223.293, 140
Trd, 4319223.593, 140
Trd, 4319224.543, 140
Trd, 4319224.943, 140
Trd, 4319225.443, 139
Trd, 4319225.593, 137
Trd, 4319228.543, 140
Trd, 4319229.543, 140
Trd, 4319229.793, 140
Trd, 4319229.943, 139
Trd, 4319231.093, 140
Trd, 4319231.143, 139
Trd, 4319231.543, 140
Trd, 4319232.893, 140
Trd, 4319233.643, 139
Trd, 4319234.743, 138
Trd, 4319234.993, 139
Trd, 4319235.143, 125
Trd, 4319235.843, 139
Trd, 4319236.193, 140
Trd, 4319236.693, 139
Trd, 4319236.793, 138
Trd, 4319237.893, 140
Trd, 4319238.443, 139
Trd, 4319239.093, 102
Trd, 4319239.443, 66
Trd, 4319240.393, 61
Trd, 4319240.693, 61
Trd, 4319241.593, 66
Trd, 4319242.043, 60
Trd, 4319242.643, 60
Trd, 4319242.843, 67
Trd, 4319244.193, 69
Trd, 4319244.893, 61
Trd, 4319245.043, 63
Trd, 4319245.743, 60
Trd, 4319246.843, 139
Trd, 4319247.143, 136
Trd, 4319247.893, 140
Trd, 4319249.893, 140
Trd, 4319250.093, 140
Trd, 4319250.843, 140
Trd, 4319251.193, 139
Trd, 4319251.543, 139
Trd, 4319253.393, 140
Trd, 4319253.943, 139
Trd, 4319255.243, 140
Trd, 4319255.643, 140
Trd, 4319256.793, 139
Trd, 4319256.993, 138
Trd, 4319257.843, 140
Trd, 4319258.093, 129
Trd, 4319258.593, 139
Trd, 4319258.893, 139
Trd, 4319260.693, 140
Trd, 4319262.043, 106
Trd, 4319262.343, 100
Trd, 4319262.643, 124
Trd, 4319263.993, 140
Trd, 4319264.143, 128
Trd, 4319266.043, 140
Trd, 4319266.843, 139
Trd, 4319267.043, 139
Trd, 4319267.143, 139
Trd, 4319267.693, 138
Trd, 4319267.843, 127
Trd, 4319269.143, 139
Trd, 4319270.743, 140
Trd, 4319271.193, 140
Trd, 4319271.493, 140
Trd, 4319271.793, 140
Trd, 4319273.743, 140
Trd, 4319274.293, 139
Trd, 4319274.993, 126
Trd, 4319275.443, 122
Trd, 4319275.993, 135
Trd, 4319276.943, 137
Trd, 4319277.043, 139
Trd, 4319277.343, 140
Trd, 4319277.693, 139
Trd, 4319278.143, 138
Trd, 4319278.193, 113
Trd, 4319278.243, 85
Trd, 4319279.493, 132
Trd, 4319280.493, 140
Trd, 4319281.843, 140
Trd, 4319282.893, 140
Trd, 4319283.043, 139
Trd, 4319283.093, 135
Trd, 4319283.143, 104
Trd, 4319284.693, 140
Trd, 4319284.843, 140
Trd, 4319286.993, 140
Trd, 4319287.793, 140
Trd, 4319288.543, 139
Trd, 4319288.643, 135
Trd, 4319288.693, 100
Trd, 4319291.843, 140
Trd, 4319292.193, 140
Trd, 4319293.393, 140
Trd, 4319293.543, 140
Trd, 4319293.743, 139
Trd, 4319294.043, 139
Trd, 4319294.643, 138
Trd, 4319296.643, 140
Trd, 4319296.943, 126
Trd, 4319297.193, 140
Trd, 4319297.893, 138
Trd, 4319298.043, 109
Trd, 4319299.793, 140
Trd, 4319300.143, 140
Trd, 4319300.593, 136
Trd, 4319301.243, 140
Trd, 4319302.843, 69
Trd, 4319303.693, 140
Trd, 4319305.493, 139
Trd, 4319305.843, 140
Trd, 4319306.393, 138
Trd, 4319307.043, 140
Trd, 4319307.543, 140
Trd, 4319307.693, 138
Trd, 4319307.893, 137
Trd, 4319309.843, 140
Trd, 4319310.343, 137
Trd, 4319311.443, 140
Trd, 4319312.393, 140
Trd, 4319313.693, 139
Trd, 4319313.743, 137
Trd, 4319314.043, 115
Trd, 4319314.093, 105
Trd, 4319314.643, 109
Trd, 4319315.643, 140
Trd, 4319316.393, 140
Trd, 4319318.143, 140
Trd, 4319318.593, 140
Trd, 4319319.243, 140
Trd, 4319319.743, 140
Trd, 4319319.943, 140
Trd, 4319320.743, 140
Trd, 4319322.143, 140
Trd, 4319323.893, 140
Trd, 4319324.493, 140
Trd, 4319324.643, 140
Trd, 4319325.193, 140
Trd, 4319326.543, 140
Trd, 4319327.093, 139
Trd, 4319327.693, 140
Trd, 4319327.993, 140
Trd, 4319328.493, 140
Trd, 4319329.393, 140
Trd, 4319331.193, 140
Trd, 4319331.643, 140
Trd, 4319331.793, 140
Trd, 4319332.143, 140
Trd, 4319332.443, 140
Trd, 4319333.593, 140
Trd, 4319334.443, 140
Trd, 4319334.793, 138
Trd, 4319335.143, 139
Trd, 4319337.593, 140
Trd, 4319338.243, 140
Trd, 4319338.943, 127
Trd, 4319341.393, 140
Trd, 4319341.493, 140
Trd, 4319342.143, 140
Trd, 4319342.443, 140
Trd, 4319343.093, 139
Trd, 4319344.443, 140
Trd, 4319345.293, 140
Trd, 4319345.593, 64
Trd, 4319345.793, 134
Trd, 4319346.293, 60
Trd, 4319347.243, 60
Trd, 4319347.293, 63
Trd, 4319347.443, 65
Trd, 4319348.643, 140
Trd, 4319349.193, 140
Trd, 4319349.543, 140
Trd, 4319349.693, 126
Trd, 4319351.243, 140
Trd, 4319352.343, 140
Trd, 4319353.243, 122
Trd, 4319355.493, 139
Trd, 4319355.593, 138
Trd, 4319355.843, 138
Trd, 4319356.193, 129
Trd, 4319356.743, 140
Trd, 4319356.943, 140
Trd, 4319357.643, 140
Trd, 4319357.793, 138
Trd, 4319359.493, 91
Trd, 4319360.293, 140
Trd, 4319360.493, 140
Trd, 4319360.593, 100
Trd, 4319362.193, 60
Trd, 4319363.443, 140
Trd, 4319364.143, 138
Trd, 4319364.193, 136
Trd, 4319365.593, 139
Trd, 4319365.693, 131
Trd, 4319366.543, 137
Trd, 4319366.843, 117
Trd, 4319368.543, 140
Trd, 4319369.843, 140
Trd, 4319370.043, 140
Trd, 4319372.043, 140
Trd, 4319372.093, 140
Trd, 4319372.193, 138
Trd, 4319373.293, 139
Trd, 4319374.493, 139
Trd, 4319375.443, 139
Trd, 4319375.643, 103
Trd, 4319377.493, 60
Trd, 4319377.843, 61
Trd, 4319378.493, 65
Trd, 4319379.643, 140
Trd, 4319379.843, 140
Trd, 4319380.693, 140
Trd, 4319381.093, 68
Trd, 4319382.593, 140
Trd, 4319383.343, 140
Trd, 4319385.193, 140
Trd, 4319385.293, 140
Trd, 4319385.393, 137
Trd, 4319386.093, 140
Trd, 4319388.193, 139
Trd, 4319388.993, 140
Trd, 4319390.043, 140
Trd, 4319390.093, 139
Trd, 4319390.693, 140
Trd, 4319390.743, 140
Trd, 4319393.843, 140
Trd, 4319393.893, 140
Trd, 4319395.043, 140
Trd, 4319395.293, 136
Trd, 4319395.343, 139
Trd, 4319395.493, 127
Trd, 4319396.643, 140
Trd, 4319396.993, 137
Trd, 4319397.593, 139
Trd, 4319399.543, 129
Trd, 4319400.843, 140
Trd, 4319401.093, 139
Trd, 4319401.193, 109
Trd, 4319402.343, 140
Trd, 4319402.693, 80
Trd, 4319402.743, 75
Trd, 4319403.643, 140
Trd, 4319405.993, 140
Trd, 4319406.293, 140
Trd, 4319406.943, 139
Trd, 4319406.993, 139
Trd, 4319407.193, 63
Trd, 4319407.843, 60
Trd, 4319407.943, 62
Trd, 4319409.343, 140
Trd, 4319410.543, 136
Trd, 4319411.143, 135
Trd, 4319411.593, 140
Trd, 4319411.893, 139
Trd, 4319412.543, 140
Trd, 4319412.893, 126
Trd, 4319414.743, 112
Trd, 4319415.343, 140
Trd, 4319415.593, 139
Trd, 4319416.243, 140
Trd, 4319416.293, 124
Trd, 4319417.693, 133
Trd, 4319418.243, 134
Trd, 4319420.343, 140
Trd, 4319420.393, 135
Trd, 4319420.493, 129
Trd, 4319420.693, 109
Trd, 4319421.043, 108
Trd, 4319422.293, 65
Trd, 4319422.593, 60
Trd, 4319422.743, 60
Trd, 4319424.693, 73
Trd, 4319425.793, 140
Trd, 4319426.293, 140
Trd, 4319426.543, 140
Trd, 4319427.543, 139
Trd, 4319427.743, 137
Trd, 4319428.143, 117
Trd, 4319429.493, 140
Trd, 4319430.693, 95
Trd, 4319431.393, 140
Trd, 4319432.143, 140
Trd, 4319432.593, 140
Trd, 4319433.643, 139
Trd, 4319434.493, 140
Trd, 4319437.243, 140
Trd, 4319438.993, 140
Trd, 4319439.443, 140
Trd, 4319439.843, 140
Trd, 4319439.993, 139
Trd, 4319440.093, 135
Trd, 4319441.043, 139
Trd, 4319442.193, 140
Trd, 4319443.093, 140
Trd, 4319443.643, 140
Trd, 4319444.243, 140
Trd, 4319444.793, 140
Trd, 4319445.143, 139
Trd, 4319445.643, 139
Trd, 4319445.693, 126
Trd, 4319447.343, 111
Trd, 4319449.243, 140
Trd, 4319449.393, 139
Trd, 4319449.743, 138
Trd, 4319449.843, 126
Trd, 4319450.843, 62
Trd, 4319452.143, 140
Trd, 4319453.343, 140
Trd, 4319453.693, 140
Trd, 4319454.193, 140
Trd, 4319455.693, 140
Trd, 4319455.743, 140
Trd, 4319457.393, 139
Trd, 4319458.293, 140
Trd, 4319458.893, 127
Trd, 4319459.343, 140
Trd, 4319459.643, 137
Trd, 4319459.993, 139
Trd, 4319460.493, 108
Trd, 4319460.893, 140
Trd, 4319463.293, 140
Trd, 4319463.343, 139
Trd, 4319464.343, 140
Trd, 4319465.393, 139
Trd, 4319465.743, 134
Trd, 4319468.193, 140
Trd, 4319468.343, 140
Trd, 4319468.643, 138
Trd, 4319469.143, 138
Trd, 4319470.843, 140
Trd, 4319470.893, 136
Trd, 4319471.193, 124
Trd, 4319472.843, 132
Trd, 4319473.093, 136
Trd, 4319473.443, 134
Trd, 4319474.193, 140
Trd, 4319476.143, 140
Trd, 4319476.593, 139
Trd, 4319477.693, 139
Trd, 4319477.993, 139
Trd, 4319479.993, 140
Trd, 4319480.143, 131
Trd, 4319481.143, 140
Trd, 4319481.393, 128
Trd, 4319481.443, 126
Trd, 4319484.043, 140
Trd, 4319485.093, 140
Trd, 4319485.393, 140
Trd, 4319485.543, 140
Trd, 4319485.793, 138
Trd, 4319486.243, 140
Trd, 4319486.293, 100
Trd, 4319488.243, 140
Trd, 4319488.493, 140
Trd, 4319489.143, 139
Trd, 4319490.043, 140
Trd, 4319491.493, 140
Trd, 4319491.943, 140
Trd, 4319493.243, 140
Trd, 4319493.793, 137
Trd, 4319494.843, 140
Trd, 4319495.893, 139
Trd, 4319495.943, 139
Trd, 4319497.243, 138
Trd, 4319497.543, 130
Trd, 4319498.543, 138
Trd, 4319498.893, 130
Trd, 4319499.593, 140
Trd, 4319500.893, 139
Trd, 4319501.493, 140
Trd, 4319501.943, 140
Trd, 4319502.693, 139
Trd, 4319503.793, 140
Trd, 4319504.443, 140
Trd, 4319505.293, 139
Trd, 4319506.843, 134
Trd, 4319507.243, 121
Trd, 4319507.843, 134
Trd, 4319508.043, 110
Trd, 4319508.393, 61
Trd, 4319508.893, 62
Trd, 4319510.793, 140
Trd, 4319511.143, 139
Trd, 4319512.693, 132
Trd, 4319512.843, 140
Trd, 4319513.043, 128
Trd, 4319513.643, 127
Trd, 4319513.793, 67
Trd, 4319516.793, 140
Trd, 4319517.493, 139
Trd, 4319518.593, 140
Trd, 4319519.343, 140
Trd, 4319519.493, 137
Trd, 4319521.943, 140
Trd, 4319522.093, 140
Trd, 4319522.193, 140
Trd, 4319524.393, 140
Trd, 4319525.543, 140
Trd, 4319525.643, 140
Trd, 4319525.893, 140
Trd, 4319526.393, 140
Trd, 4319526.843, 131
Trd, 4319528.393, 140
Trd, 4319529.193, 140
Trd, 4319529.793, 139
Trd, 4319531.293, 140
Trd, 4319532.793, 140
Trd, 4319533.393, 139
Trd, 4319533.593, 115
Trd, 4319533.743, 140
Trd, 4319534.093, 140
Trd, 4319536.443, 140
Trd, 4319536.793, 139
Trd, 4319537.943, 140
Trd, 4319538.193, 140
Trd, 4319539.293, 139
Trd, 4319541.093, 140
Trd, 4319541.243, 140
Trd, 4319541.293, 139
Trd, 4319541.543, 133
Trd, 4319542.193, 135
Trd, 4319542.893, 70
Trd, 4319544.343, 136
Trd, 4319545.143, 139
Trd, 4319546.243, 140
Trd, 4319546.993, 140
Trd, 4319547.243, 140
Trd, 4319548.393, 139
Trd, 4319548.443, 68
Trd, 4319549.243, 139
Trd, 4319549.443, 140
Trd, 4319553.843, 140
Trd, 4319553.943, 140
Trd, 4319554.743, 139
Trd, 4319554.943, 133
Trd, 4319555.243, 127
Trd, 4319556.293, 140
Trd, 4319557.893, 139
Trd, 4319558.143, 139
Trd, 4319559.243, 132
Trd, 4319559.393, 140
Trd, 4319560.393, 129
Trd, 4319560.543, 140
Trd, 4319561.243, 140
Trd, 4319562.743, 140
Trd, 4319563.293, 100
Trd, 4319563.493, 110
Trd, 4319565.393, 140
Trd, 4319565.943, 138
Trd, 4319566.043, 128
Trd, 4319566.693, 139
Trd, 4319567.393, 106
Trd, 4319567.493, 136
Trd, 4319570.393, 140
Trd, 4319570.793, 139
Trd, 4319571.743, 140
Trd, 4319572.443, 140
Trd, 4319573.343, 139
Trd, 4319573.843, 140
Trd, 4319574.993, 138
Trd, 4319575.093, 137
Trd, 4319575.593, 94
Trd, 4319576.493, 139
Trd, 4319577.493, 116
Trd, 4319578.043, 140
Trd, 4319580.543, 140
Trd, 4319580.643, 140
Trd, 4319581.693, 140
Trd, 4319581.993, 140
Trd, 4319582.293, 140
Trd, 4319582.843, 139
Trd, 4319583.043, 139
Trd, 4319584.543, 140
Trd, 4319585.193, 140
Trd, 4319585.443, 136
Trd, 4319585.643, 104
Trd, 4319586.593, 134
Trd, 4319588.343, 140
Trd, 4319588.793, 140
Trd, 4319588.843, 140
Trd, 4319589.443, 140
Trd, 4319591.593, 140
Trd, 4319591.793, 140
Trd, 4319592.643, 140
Trd, 4319592.943, 140
Trd, 4319593.793, 140
Trd, 4319594.643, 140
Trd, 4319595.443, 140
Trd, 4319596.293, 140
Trd, 4319597.243, 140
Trd, 4319597.443, 140
Trd, 4319597.643, 138
Trd, 4319598.443, 139
Trd, 4319598.843, 140
Trd, 4319600.343, 140
Trd, 4319601.993, 137
Trd, 4319602.243, 134
Trd, 4319603.293, 139
Trd, 4319603.543, 140
Trd, 4319605.293, 140
Trd, 4319605.593, 85
Trd, 4319607.243, 138
Trd, 4319607.493, 139
Trd, 4319607.543, 127
Trd, 4319607.943, 62
Trd, 4319608.743, 140
Trd, 4319609.243, 139
Trd, 4319610.143, 140
Trd, 4319610.393, 140
Trd, 4319610.543, 140
Trd, 4319612.293, 139
Trd, 4319613.543, 140
Trd, 4319614.343, 140
Trd, 4319615.193, 138
Trd, 4319615.393, 128
Trd, 4319616.243, 125
Trd, 4319617.243, 140
Trd, 4319619.193, 140
Trd, 4319621.143, 140
Trd, 4319621.193, 140
Trd, 4319621.893, 140
Trd, 4319621.993, 140
Trd, 4319622.143, 139
Trd, 4319622.443, 138
Trd, 4319625.193, 140
Trd, 4319625.643, 140
Trd, 4319626.643, 140
Trd, 4319627.343, 140
Trd, 4319628.643, 139
Trd, 4319628.893, 140
Trd, 4319629.093, 138
Trd, 4319629.743, 140
Trd, 4319630.743, 138
Trd, 4319631.143, 126
Trd, 4319631.543, 125
Trd, 4319631.693, 76
Trd, 4319632.443, 140
Trd, 4319633.993, 140
Trd, 4319634.043, 140
Trd, 4319634.993, 140
Trd, 4319636.693, 140
Trd, 4319637.043, 140
Trd, 4319637.743, 140
Trd, 4319638.843, 140
Trd, 4319639.643, 140
Trd, 4319641.543, 140
Trd, 4319641.893, 140
Trd, 4319642.493, 137
Trd, 4319644.293, 140
Trd, 4319644.793, 139
Trd, 4319645.493, 140
Trd, 4319645.943, 139
Trd, 4319647.593, 139
Trd, 4319649.293, 140
Trd, 4319649.893, 140
Trd, 4319650.343, 140
Trd, 4319650.843, 136
Trd, 4319650.893, 137
Trd, 4319651.043, 140
Trd, 4319651.893, 139
Trd, 4319652.593, 77
Trd, 4319653.043, 105
Trd, 4319654.043, 65
Trd, 4319654.093, 66
Trd, 4319654.693, 138
Trd, 4319655.743, 138
Trd, 4319656.343, 139
Trd, 4319657.343, 137
Trd, 4319657.543, 121
Trd, 4319658.993, 140
Trd, 4319659.293, 103
Trd, 4319660.693, 134
Trd, 4319660.793, 107
Trd, 4319661.093, 140
Trd, 4319661.243, 102
Trd, 4319662.593, 139
Trd, 4319663.443, 139
Trd, 4319664.293, 140
Trd, 4319664.643, 135
Trd, 4319664.693, 112
Trd, 4319665.793, 140
Trd, 4319666.043, 140
Trd, 4319666.443, 139
Trd, 4319668.443, 140
Trd, 4319669.393, 138
Trd, 4319670.643, 140
Trd, 4319671.743, 140
Trd, 4319671.993, 140
Trd, 4319672.143, 140
Trd, 4319672.593, 140
Trd, 4319673.793, 139
Trd, 4319675.143, 139
Trd, 4319676.243, 140
Trd, 4319676.943, 140
Trd, 4319677.393, 137
Trd, 4319677.893, 88
Trd, 4319679.843, 140
Trd, 4319680.093, 140
Trd, 4319680.393, 139
Trd, 4319680.493, 140
Trd, 4319681.193, 140
Trd, 4319682.193, 116
Trd, 4319684.443, 140
Trd, 4319685.243, 140
Trd, 4319686.643, 140
Trd, 4319686.743, 140
Trd, 4319688.593, 139
Trd, 4319689.343, 140
Trd, 4319689.393, 140
Trd, 4319689.543, 139
Trd, 4319690.593, 139
Trd, 4319692.143, 140
Trd, 4319692.943, 140
Trd, 4319693.293, 138
Trd, 4319693.893, 139
Trd, 4319694.843, 126
Trd, 4319695.843, 140
Trd, 4319695.993, 137
Trd, 4319696.493, 138
Trd, 4319697.343, 140
Trd, 4319698.193, 140
Trd, 4319698.943, 124
Trd, 4319699.293, 76
Trd, 4319699.843, 126
Trd, 4319701.093, 140
Trd, 4319701.393, 140
Trd, 4319702.443, 140
Trd, 4319703.443, 140
Trd, 4319704.743, 140
Trd, 4319706.943, 140
Trd, 4319707.493, 140
Trd, 4319707.693, 139
Trd, 4319709.143, 140
Trd, 4319709.293, 140
Trd, 4319711.043, 140
Trd, 4319711.843, 140
Trd, 4319712.043, 140
Trd, 4319712.943, 140
Trd, 4319712.993, 139
Trd, 4319714.893, 140
Trd, 4319714.943, 140
Trd, 4319715.143, 126
Trd, 4319716.343, 140
Trd, 4319718.543, 139
Trd, 4319719.193, 140
Trd, 4319719.593, 137
Trd, 4319720.143, 140
Trd, 4319720.693, 135
Trd, 4319721.143, 124
Trd, 4319722.893, 139
Trd, 4319723.543, 139
Trd, 4319724.493, 140
Trd, 4319724.593, 86
Trd, 4319725.243, 136
Trd, 4319725.593, 137
Trd, 4319726.643, 137
Trd, 4319728.443, 140
Trd, 4319728.743, 139
Trd, 4319728.843, 137
Trd, 4319728.943, 134
Trd, 4319730.793, 129
Trd, 4319730.943, 136
Trd, 4319732.393, 140
Trd, 4319732.543, 139
Trd, 4319733.893, 140
Trd, 4319733.993, 140
Trd, 4319734.443, 135
Trd, 4319734.693, 113
Trd, 4319736.043, 140
Trd, 4319736.343, 140
Trd, 4319736.393, 140
Trd, 4319736.593, 103
Trd, 4319737.743, 140
Trd, 4319738.543, 140
Trd, 4319739.043, 140
Trd, 4319739.643, 108
Trd, 4319741.193, 60
Trd, 4319741.293, 60
Trd, 4319742.143, 64
Trd, 4319744.793, 140
Trd, 4319744.943, 140
Trd, 4319745.543, 140
Trd, 4319745.643, 126
Trd, 4319747.293, 140
Trd, 4319747.793, 140
Trd, 4319748.193, 138
Trd, 4319749.143, 139
Trd, 4319749.393, 139
Trd, 4319749.893, 129
Trd, 4319750.743, 140
Trd, 4319752.543, 140
Trd, 4319753.243, 140
Trd, 4319753.293, 138
Trd, 4319754.943, 140
Trd, 4319755.443, 137
Trd, 4319756.843, 140
Trd, 4319757.643, 140
Trd, 4319758.243, 140
Trd, 4319759.793, 140
Trd, 4319760.043, 138
Trd, 4319760.193, 140
Trd, 4319760.393, 140
Trd, 4319761.793, 140
Trd, 4319763.343, 140
Trd, 4319764.093, 134
Trd, 4319765.943, 140
Trd, 4319769.493, 140
Trd, 4319769.943, 140
Trd, 4319770.043, 140
Trd, 4319770.593, 139
Trd, 4319770.743, 137
Trd, 4319772.343, 140
Trd, 4319773.043, 140
Trd, 4319773.793, 138
Trd, 4319774.293, 140
Trd, 4319774.543, 140
Trd, 4319776.093, 120
Trd, 4319776.793, 140
Trd, 4319776.893, 139
Trd, 4319777.243, 137
Trd, 4319779.693, 140
Trd, 4319780.693, 140
Trd, 4319781.543, 140
Trd, 4319782.143, 140
Trd, 4319782.393, 140
Trd, 4319783.643, 140
Trd, 4319785.993, 140
Trd, 4319786.443, 140
Trd, 4319786.743, 140
Trd, 4319787.393, 140
Trd, 4319788.293, 140
Trd, 4319791.093, 140
Trd, 4319791.843, 140
Trd, 4319792.343, 140
Trd, 4319792.393, 140
Trd, 4319792.993, 139
Trd, 4319793.893, 139
Trd, 4319795.243, 140
Trd, 4319795.293, 140
Trd, 4319795.493, 126
Trd, 4319797.043, 140
Trd, 4319798.593, 140
Trd, 4319799.043, 138
Trd, 4319800.093, 140
Trd, 4319800.543, 140
Trd, 4319801.093, 140
Trd, 4319801.493, 130
Trd, 4319802.393, 139
Trd, 4319803.793, 140
Trd, 4319804.093, 140
Trd, 4319804.643, 139
Trd, 4319806.243, 140
Trd, 4319807.093, 139
Trd, 4319807.543, 140
Trd, 4319808.543, 140
Trd, 4319808.593, 140
Trd, 4319809.043, 138
Trd, 4319809.193, 139
Trd, 4319810.093, 139
Trd, 4319810.693, 126
Trd, 4319811.843, 140
Trd, 4319811.893, 139
Trd, 4319814.043, 140
Trd, 4319814.243, 140
Trd, 4319815.493, 140
Trd, 4319815.793, 140
Trd, 4319816.193, 139
Trd, 4319817.193, 140
Trd, 4319817.943, 139
Trd, 4319818.343, 139
Trd, 4319819.643, 126
Trd, 4319820.543, 138
Trd, 4319821.793, 110
Trd, 4319821.943, 104
Trd, 4319823.143, 140
Trd, 4319823.693, 140
Trd, 4319823.993, 137
Trd, 4319824.693, 139
Trd, 4319826.493, 140
Trd, 4319827.293, 140
Trd, 4319828.943, 140
Trd, 4319829.193, 140
Trd, 4319830.493, 140
Trd, 4319830.643, 139
Trd, 4319830.693, 139
Trd, 4319831.343, 84
Trd, 4319831.793, 87
Trd, 4319832.593, 140
Trd, 4319833.093, 139
Trd, 4319834.493, 138
Trd, 4319834.893, 140
Trd, 4319835.093, 140
Trd, 4319835.643, 137
Trd, 4319836.143, 116
Trd, 4319837.043, 103
Trd, 4319838.043, 140
Trd, 4319838.443, 138
Trd, 4319839.293, 138
Trd, 4319840.393, 128
Trd, 4319841.743, 139
Trd, 4319842.093, 140
Trd, 4319842.693, 140
Trd, 4319843.043, 138
Trd, 4319845.343, 140
Trd, 4319845.793, 140
Trd, 4319846.143, 140
Trd, 4319846.243, 140
Trd, 4319846.543, 139
Trd, 4319846.643, 136
Trd, 4319847.493, 132
Trd, 4319848.443, 140
Trd, 4319849.793, 140
Trd, 4319850.493, 140
Trd, 4319851.443, 140
Trd, 4319853.293, 140
Trd, 4319855.543, 140
Trd, 4319856.893, 140
Trd, 4319857.143, 140
Trd, 4319857.343, 140
Trd, 4319857.693, 140
Trd, 4319858.543, 140
Trd, 4319858.693, 140
Trd, 4319858.893, 140
Trd, 4319861.643, 140
Trd, 4319861.793, 140
Trd, 4319861.843, 140
Trd, 4319864.793, 140
Trd, 4319864.893, 137
Trd, 4319865.993, 139
Trd, 4319866.543, 140
Trd, 4319867.193, 140
Trd, 4319867.343, 140
Trd, 4319868.143, 140
Trd, 4319869.443, 140
Trd, 4319869.543, 140
Trd, 4319870.343, 101
Trd, 4319872.043, 140
Trd, 4319873.043, 140
Trd, 4319874.793, 140
Trd, 4319875.043, 140
Trd, 4319875.343, 139
Trd, 4319876.593, 140
Trd, 4319878.043, 139
Trd, 4319878.293, 140
Trd, 4319879.593, 140
Trd, 4319880.193, 140
Trd, 4319880.343, 140
Trd, 4319880.793, 137
Trd, 4319881.093, 137
Trd, 4319881.493, 140
Trd, 4319882.243, 140
Trd, 4319883.093, 108
Trd, 4319883.343, 103
Trd, 4319883.943, 140
Trd, 4319884.893, 140
Trd, 4319886.593, 140
Trd, 4319888.643, 140
Trd, 4319889.393, 140
Trd, 4319890.043, 140
Trd, 4319890.843, 140
Trd, 4319891.643, 140
Trd, 4319891.793, 139
Trd, 4319892.243, 138
Trd, 4319892.843, 139
Trd, 4319892.943, 125
Trd, 4319893.543, 60
Trd, 4319894.193, 137
Trd, 4319894.893, 140
Trd, 4319895.043, 140
Trd, 4319895.793, 131
Trd, 4319896.043, 97
Trd, 4319896.893, 76
Trd, 4319897.443, 77
Trd, 4319897.643, 139
Trd, 4319898.793, 140
Trd, 4319899.643, 138
Trd, 4319900.043, 126
Trd, 4319900.893, 140
Trd, 4319902.543, 140
Trd, 4319903.343, 140
Trd, 4319903.543, 140
Trd, 4319903.593, 133
Trd, 4319904.093, 140
Trd, 4319904.893, 96
Trd, 4319906.143, 130
Trd, 4319906.193, 135
Trd, 4319906.643, 136
Trd, 4319907.243, 87
Trd, 4319907.443, 100
Trd, 4319907.743, 82
Trd, 4319908.093, 105
Trd, 4319909.093, 66
Trd, 4319909.793, 60
Trd, 4319910.693, 140
Trd, 4319912.093, 65
Trd, 4319912.343, 85
Trd, 4319913.693, 61
Trd, 4319914.143, 66
Trd, 4319914.243, 66
Trd, 4319914.743, 139
Trd, 4319915.993, 60
Trd, 4319917.843, 140
Trd, 4319917.893, 140
Trd, 4319918.443, 140
Trd, 4319919.393, 140
Trd, 4319919.793, 139
Trd, 4319920.343, 138
Trd, 4319920.843, 127
Trd, 4319921.393, 116
Trd, 4319922.393, 138
Trd, 4319922.743, 138
Trd, 4319924.393, 140
Trd, 4319925.443, 140
Trd, 4319925.893, 139
Trd, 4319926.143, 138
Trd, 4319926.193, 138
Trd, 4319926.743, 140
Trd, 4319927.593, 132
Trd, 4319928.493, 140
Trd, 4319929.093, 140
Trd, 4319929.943, 140
Trd, 4319930.493, 140
Trd, 4319930.693, 138
Trd, 4319930.793, 140
Trd, 4319931.993, 136
Trd, 4319932.643, 98
Trd, 4319932.743, 89
Trd, 4319933.243, 125
Trd, 4319933.893, 139
Trd, 4319934.943, 140
Trd, 4319935.443, 122
Trd, 4319937.693, 140
Trd, 4319938.293, 140
Trd, 4319939.193, 137
Trd, 4319939.593, 138
Trd, 4319939.993, 112
Trd, 4319941.143, 138
Trd, 4319941.693, 134
Trd, 4319942.443, 104
Trd, 4319943.093, 113
Trd, 4319943.293, 123
Trd, 4319943.743, 125
Trd, 4319945.793, 138
Trd, 4319946.043, 140
Trd, 4319946.143, 135
Trd, 4319947.093, 140
Trd, 4319947.143, 138
Trd, 4319947.243, 127
Trd, 4319948.293, 60
Trd, 4319951.543, 140
Trd, 4319952.543, 140
Trd, 4319953.593, 140
Trd, 4319953.993, 140
Trd, 4319954.943, 140
Trd, 4319955.143, 140
Trd, 4319955.843, 140
Trd, 4319956.143, 140
Trd, 4319956.293, 139
Trd, 4319957.093, 137
Trd, 4319958.393, 140
Trd, 4319958.943, 140
Trd, 4319959.743, 138
Trd, 4319960.043, 139
Trd, 4319960.543, 88
Trd, 4319960.793, 68
Trd, 4319961.743, 138
Trd, 4319962.493, 106
Trd, 4319963.343, 140
Trd, 4319963.393, 126
Trd, 4319964.393, 138
Trd, 4319965.143, 138
Trd, 4319967.043, 140
Trd, 4319967.443, 140
Trd, 4319967.693, 140
Trd, 4319968.693, 139
Trd, 4319970.093, 140
Trd, 4319970.743, 140
Trd, 4319972.143, 140
Trd, 4319973.143, 140
Trd, 4319974.193, 140
Trd, 4319975.043, 140
Trd, 4319975.543, 139
Trd, 4319975.843, 134
Trd, 4319977.943, 140
Trd, 4319978.243, 140
Trd, 4319978.893, 139
Trd, 4319978.993, 140
Trd, 4319979.893, 140
Trd, 4319980.643, 136
Trd, 4319981.143, 136
Trd, 4319981.243, 128
Trd, 4319982.693, 140
Trd, 4319983.593, 140
Trd, 4319983.893, 139
Trd, 4319985.993, 140
Trd, 4319986.243, 139
Trd, 4319986.693, 139
Trd, 4319987.643, 139
Trd, 4319988.993, 140
Trd, 4319989.393, 140
Trd, 4319990.043, 140
Trd, 4319990.493, 140
Trd, 4319991.543, 140
Trd, 4319992.143, 140
Trd, 4319994.293, 138
Trd, 4319995.193, 138
Trd, 4319996.043, 139
Trd, 4319996.343, 139
Trd, 4319997.743, 140
Trd, 4319997.843, 137
Trd, 4319998.043, 126
Trd, 4319999.143, 140
Trd, 4319999.593, 140
