Trd, 4318149.843, 64
Trd, 4318151.293, 60
Trd, 4318152.143, 61
Trd, 4318154.443, 60
Trd, 4318154.593, 60
Trd, 4318156.093, 62
Trd, 4318156.343, 63
Trd, 4318156.543, 63
Trd, 4318156.843, 65
Trd, 4318156.993, 61
Trd, 4318157.793, 63
Trd, 4318158.543, 61
Trd, 4318158.893, 140
Trd, 4318160.093, 111
Trd, 4318160.393, 70
Trd, 4318160.793, 138
Trd, 4318161.143, 116
Trd, 4318161.443, 77
Trd, 4318163.893, 65
Trd, 4318164.843, 62
Trd, 4318164.943, 66
Trd, 4318167.143, 60
Trd, 4318167.243, 61
Trd, 4318167.643, 62
Trd, 4318167.993, 63
Trd, 4318168.643, 60
Trd, 4318168.743, 61
Trd, 4318169.943, 69
Trd, 4318170.393, 140
Trd, 4318170.593, 139
Trd, 4318171.343, 67
Trd, 4318171.593, 105
Trd, 4318172.143, 61
Trd, 4318172.193, 65
Trd, 4318173.193, 104
Trd, 4318173.793, 72
Trd, 4318175.393, 140
Trd, 4318175.443, 140
Trd, 4318175.493, 140
Trd, 4318175.693, 139
Trd, 4318175.943, 131
Trd, 4318177.843, 138
Trd, 4318178.193, 138
Trd, 4318178.643, 138
Trd, 4318178.743, 137
Trd, 4318179.643, 108
Trd, 4318180.193, 68
Trd, 4318180.693, 79
Trd, 4318181.743, 61
Trd, 4318182.043, 64
Trd, 4318183.743, 60
Trd, 4318185.293, 61
Trd, 4318187.443, 60
Trd, 4318187.793, 60
Trd, 4318188.393, 62
Trd, 4318188.743, 63
Trd, 4318189.043, 65
Trd, 4318189.143, 70
Trd, 4318189.543, 65
Trd, 4318190.343, 68
Trd, 4318190.593, 139
Trd, 4318191.143, 82
Trd, 4318191.243, 80
Trd, 4318191.543, 67
Trd, 4318192.843, 140
Trd, 4318194.293, 62
Trd, 4318197.293, 60
Trd, 4318197.543, 60
Trd, 4318198.443, 60
Trd, 4318198.993, 60
Trd, 4318199.443, 61
Trd, 4318199.643, 67
Trd, 4318200.143, 71
Trd, 4318200.393, 65
Trd, 4318200.743, 72
Trd, 4318200.843, 65
Trd, 4318202.343, 63
Trd, 4318202.693, 64
Trd, 4318203.843, 60
Trd, 4318205.293, 60
Trd, 4318205.993, 60
Trd, 4318207.543, 61
Trd, 4318210.243, 60
Trd, 4318210.693, 61
Trd, 4318210.793, 61
Trd, 4318211.443, 60
Trd, 4318211.693, 63
Trd, 4318212.393, 64
Trd, 4318212.893, 62
Trd, 4318213.193, 65
Trd, 4318213.543, 69
Trd, 4318213.943, 64
Trd, 4318214.293, 65
Trd, 4318215.093, 78
Trd, 4318216.093, 123
Trd, 4318216.643, 70
Trd, 4318217.093, 70
Trd, 4318217.993, 123
Trd, 4318218.343, 70
Trd, 4318219.093, 140
Trd, 4318219.943, 140
Trd, 4318220.193, 140
Trd, 4318220.943, 140
Trd, 4318221.843, 140
Trd, 4318222.543, 140
Trd, 4318223.143, 140
Trd, 4318223.243, 140
Trd, 4318224.393, 140
Trd, 4318224.943, 140
Trd, 4318225.093, 139
Trd, 4318226.693, 62
Trd, 4318227.043, 60
Trd, 4318229.143, 60
Trd, 4318230.443, 60
Trd, 4318230.943, 61
Trd, 4318232.993, 61
Trd, 4318234.093, 60
Trd, 4318235.393, 60
Trd, 4318235.743, 60
Trd, 4318235.943, 61
Trd, 4318236.043, 63
Trd, 4318236.143, 61
Trd, 4318236.243, 65
Trd, 4318237.443, 62
Trd, 4318237.543, 63
Trd, 4318238.243, 61
Trd, 4318238.293, 62
Trd, 4318238.893, 60
Trd, 4318239.193, 61
Trd, 4318243.043, 60
Trd, 4318243.393, 60
Trd, 4318244.493, 62
Trd, 4318245.243, 61
Trd, 4318245.793, 61
Trd, 4318246.093, 62
Trd, 4318246.243, 63
Trd, 4318246.593, 60
Trd, 4318247.643, 60
Trd, 4318249.343, 60
Trd, 4318250.393, 61
Trd, 4318251.493, 63
Trd, 4318251.543, 65
Trd, 4318252.693, 62
Trd, 4318254.293, 62
Trd, 4318254.593, 65
Trd, 4318255.043, 69
Trd, 4318255.293, 64
Trd, 4318255.543, 63
Trd, 4318256.943, 60
Trd, 4318257.493, 62
Trd, 4318258.143, 62
Trd, 4318258.793, 62
Trd, 4318260.343, 68
Trd, 4318260.393, 67
Trd, 4318260.443, 71
Trd, 4318260.593, 60
Trd, 4318262.243, 61
Trd, 4318264.193, 60
Trd, 4318266.343, 60
Trd, 4318266.793, 60
Trd, 4318267.493, 61
Trd, 4318267.543, 62
Trd, 4318268.193, 62
Trd, 4318268.643, 68
Trd, 4318268.893, 69
Trd, 4318268.943, 66
Trd, 4318269.093, 70
Trd, 4318269.343, 63
Trd, 4318270.343, 62
Trd, 4318271.143, 67
Trd, 4318271.443, 63
Trd, 4318271.593, 62
Trd, 4318272.793, 69
Trd, 4318273.193, 62
Trd, 4318273.943, 61
Trd, 4318274.493, 60
Trd, 4318276.543, 60
Trd, 4318276.893, 63
Trd, 4318278.443, 60
Trd, 4318280.393, 60
Trd, 4318280.893, 60
Trd, 4318280.993, 60
Trd, 4318281.343, 61
Trd, 4318281.793, 62
Trd, 4318281.943, 61
Trd, 4318281.993, 66
Trd, 4318283.193, 60
Trd, 4318283.743, 60
Trd, 4318283.893, 61
Trd, 4318284.243, 60
Trd, 4318285.343, 139
Trd, 4318285.643, 123
Trd, 4318286.143, 65
Trd, 4318287.293, 62
Trd, 4318287.843, 65
Trd, 4318288.393, 62
Trd, 4318289.293, 60
Trd, 4318289.993, 60
Trd, 4318290.343, 61
Trd, 4318290.643, 65
Trd, 4318291.843, 61
Trd, 4318291.893, 62
Trd, 4318292.143, 139
Trd, 4318292.543, 60
Trd, 4318292.993, 94
Trd, 4318293.043, 92
Trd, 4318294.243, 61
Trd, 4318294.593, 66
Trd, 4318294.943, 78
Trd, 4318296.143, 140
Trd, 4318296.193, 140
Trd, 4318296.293, 140
Trd, 4318297.243, 76
Trd, 4318298.643, 64
Trd, 4318299.143, 66
Trd, 4318299.443, 61
Trd, 4318300.243, 61
Trd, 4318300.693, 62
Trd, 4318302.293, 61
Trd, 4318303.643, 62
Trd, 4318305.143, 60
Trd, 4318305.643, 61
Trd, 4318306.043, 63
Trd, 4318306.593, 60
Trd, 4318307.293, 61
Trd, 4318307.543, 61
Trd, 4318308.043, 63
Trd, 4318308.143, 73
Trd, 4318309.243, 67
Trd, 4318309.493, 130
Trd, 4318310.143, 124
Trd, 4318312.243, 140
Trd, 4318312.493, 140
Trd, 4318312.743, 140
Trd, 4318312.843, 139
Trd, 4318313.493, 140
Trd, 4318315.143, 140
Trd, 4318315.743, 139
Trd, 4318316.493, 139
Trd, 4318316.543, 139
Trd, 4318316.643, 132
Trd, 4318316.893, 131
Trd, 4318317.793, 123
Trd, 4318318.243, 85
Trd, 4318319.093, 76
Trd, 4318319.493, 76
Trd, 4318320.393, 63
Trd, 4318321.743, 69
Trd, 4318322.693, 60
Trd, 4318324.093, 60
Trd, 4318325.193, 60
Trd, 4318325.893, 61
Trd, 4318326.043, 62
Trd, 4318326.493, 62
Trd, 4318327.443, 69
Trd, 4318327.643, 85
Trd, 4318328.293, 71
Trd, 4318329.593, 140
Trd, 4318329.643, 139
Trd, 4318329.943, 140
Trd, 4318330.043, 88
Trd, 4318332.343, 60
Trd, 4318332.593, 60
Trd, 4318334.093, 60
Trd, 4318334.493, 60
Trd, 4318335.093, 61
Trd, 4318335.993, 60
Trd, 4318337.643, 60
Trd, 4318338.143, 62
Trd, 4318338.743, 60
Trd, 4318340.293, 60
Trd, 4318341.043, 60
Trd, 4318341.293, 60
Trd, 4318341.843, 60
Trd, 4318342.143, 62
Trd, 4318343.843, 65
Trd, 4318346.193, 60
Trd, 4318346.493, 63
Trd, 4318346.593, 63
Trd, 4318346.643, 62
Trd, 4318347.593, 63
Trd, 4318347.693, 71
Trd, 4318349.093, 60
Trd, 4318349.443, 61
Trd, 4318350.293, 61
Trd, 4318351.143, 60
Trd, 4318351.393, 60
Trd, 4318352.043, 62
Trd, 4318352.143, 71
Trd, 4318352.793, 67
Trd, 4318354.343, 64
Trd, 4318354.593, 65
Trd, 4318354.743, 64
Trd, 4318355.093, 63
Trd, 4318356.193, 74
Trd, 4318356.243, 76
Trd, 4318356.793, 83
Trd, 4318357.493, 66
Trd, 4318359.643, 61
Trd, 4318359.943, 63
Trd, 4318360.543, 63
Trd, 4318360.993, 65
Trd, 4318362.743, 60
Trd, 4318363.643, 63
Trd, 4318364.793, 60
Trd, 4318365.093, 60
Trd, 4318365.243, 65
Trd, 4318365.493, 63
Trd, 4318365.643, 60
Trd, 4318366.143, 65
Trd, 4318366.443, 63
Trd, 4318368.543, 75
Trd, 4318368.843, 77
Trd, 4318370.843, 60
Trd, 4318371.143, 61
Trd, 4318371.193, 61
Trd, 4318372.293, 72
Trd, 4318372.543, 65
Trd, 4318373.443, 140
Trd, 4318374.093, 140
Trd, 4318374.193, 140
Trd, 4318374.443, 127
Trd, 4318374.643, 121
Trd, 4318376.093, 112
Trd, 4318376.243, 110
Trd, 4318376.793, 111
Trd, 4318377.693, 140
Trd, 4318377.743, 140
Trd, 4318378.993, 140
Trd, 4318379.793, 138
Trd, 4318380.693, 140
Trd, 4318380.793, 131
Trd, 4318381.293, 94
Trd, 4318381.443, 93
Trd, 4318381.693, 83
Trd, 4318384.093, 140
Trd, 4318384.593, 140
Trd, 4318384.893, 131
Trd, 4318385.243, 102
Trd, 4318385.343, 75
Trd, 4318385.743, 140
Trd, 4318386.993, 140
Trd, 4318387.293, 104
Trd, 4318388.493, 60
Trd, 4318389.543, 64
Trd, 4318391.343, 60
Trd, 4318391.843, 60
Trd, 4318392.393, 60
Trd, 4318392.493, 60
Trd, 4318392.743, 60
Trd, 4318393.993, 60
Trd, 4318394.993, 62
Trd, 4318395.693, 62
Trd, 4318396.193, 65
Trd, 4318396.693, 85
Trd, 4318397.593, 111
Trd, 4318397.993, 88
Trd, 4318398.043, 138
Trd, 4318398.143, 87
Trd, 4318398.593, 113
Trd, 4318398.693, 84
Trd, 4318400.243, 60
Trd, 4318400.693, 63
Trd, 4318401.543, 60
Trd, 4318401.693, 60
Trd, 4318401.843, 61
Trd, 4318402.943, 60
Trd, 4318403.193, 60
Trd, 4318404.793, 60
Trd, 4318406.093, 60
Trd, 4318408.093, 61
Trd, 4318409.943, 62
Trd, 4318410.743, 62
Trd, 4318410.943, 60
Trd, 4318411.943, 61
Trd, 4318412.193, 61
Trd, 4318412.943, 62
Trd, 4318413.243, 64
Trd, 4318413.693, 67
Trd, 4318413.743, 64
Trd, 4318413.843, 68
Trd, 4318416.593, 68
Trd, 4318417.693, 61
Trd, 4318418.343, 62
Trd, 4318419.443, 60
Trd, 4318419.643, 62
Trd, 4318419.693, 61
Trd, 4318420.093, 63
Trd, 4318421.143, 66
Trd, 4318421.393, 66
Trd, 4318421.843, 69
Trd, 4318422.343, 61
Trd, 4318423.343, 62
Trd, 4318423.443, 67
Trd, 4318423.493, 86
Trd, 4318424.593, 63
Trd, 4318426.443, 62
Trd, 4318427.993, 60
Trd, 4318429.143, 62
Trd, 4318429.793, 60
Trd, 4318429.993, 60
Trd, 4318430.043, 63
Trd, 4318430.943, 63
Trd, 4318431.593, 62
Trd, 4318431.793, 61
Trd, 4318432.943, 61
Trd, 4318434.193, 60
Trd, 4318434.593, 67
Trd, 4318435.193, 62
Trd, 4318436.093, 140
Trd, 4318436.143, 140
Trd, 4318437.393, 91
Trd, 4318437.693, 90
Trd, 4318437.943, 89
Trd, 4318439.293, 82
Trd, 4318439.643, 84
Trd, 4318440.143, 80
Trd, 4318440.293, 79
Trd, 4318440.543, 76
Trd, 4318440.693, 63
Trd, 4318442.243, 140
Trd, 4318442.293, 139
Trd, 4318442.543, 120
Trd, 4318443.243, 95
Trd, 4318444.443, 60
Trd, 4318448.093, 61
Trd, 4318448.243, 64
Trd, 4318448.493, 63
Trd, 4318448.593, 67
Trd, 4318449.593, 60
Trd, 4318450.193, 60
Trd, 4318450.793, 66
Trd, 4318451.093, 73
Trd, 4318451.393, 66
Trd, 4318451.743, 140
Trd, 4318452.243, 139
Trd, 4318452.693, 140
Trd, 4318454.893, 60
Trd, 4318455.543, 60
Trd, 4318455.893, 60
Trd, 4318456.943, 60
Trd, 4318458.343, 60
Trd, 4318459.443, 60
Trd, 4318460.093, 61
Trd, 4318461.193, 60
Trd, 4318461.243, 61
Trd, 4318462.143, 60
Trd, 4318462.193, 60
Trd, 4318462.843, 60
Trd, 4318463.243, 61
Trd, 4318464.143, 61
Trd, 4318464.343, 62
Trd, 4318467.443, 60
Trd, 4318467.493, 60
Trd, 4318467.593, 61
Trd, 4318468.743, 60
Trd, 4318468.993, 60
Trd, 4318469.043, 61
Trd, 4318469.743, 60
Trd, 4318469.843, 60
Trd, 4318470.843, 60
Trd, 4318471.093, 60
Trd, 4318472.543, 60
Trd, 4318473.443, 61
Trd, 4318473.943, 63
Trd, 4318474.343, 60
Trd, 4318475.043, 64
Trd, 4318475.293, 65
Trd, 4318475.643, 65
Trd, 4318475.943, 64
Trd, 4318476.043, 107
Trd, 4318477.193, 60
Trd, 4318477.643, 61
Trd, 4318477.993, 140
Trd, 4318479.443, 60
Trd, 4318480.793, 60
Trd, 4318481.643, 61
Trd, 4318481.743, 61
Trd, 4318481.843, 62
Trd, 4318482.493, 61
Trd, 4318483.293, 63
Trd, 4318483.443, 64
Trd, 4318485.043, 60
Trd, 4318485.443, 60
Trd, 4318486.093, 62
Trd, 4318486.343, 69
Trd, 4318487.693, 67
Trd, 4318487.993, 67
Trd, 4318488.243, 66
Trd, 4318489.843, 73
Trd, 4318489.943, 66
Trd, 4318490.893, 139
Trd, 4318490.993, 81
Trd, 4318491.393, 81
Trd, 4318491.643, 76
Trd, 4318491.843, 69
Trd, 4318492.793, 120
Trd, 4318493.093, 92
Trd, 4318493.543, 91
Trd, 4318495.243, 64
Trd, 4318496.043, 66
Trd, 4318496.543, 72
Trd, 4318499.743, 60
Trd, 4318499.843, 60
Trd, 4318501.593, 60
Trd, 4318501.843, 60
Trd, 4318502.293, 61
Trd, 4318503.243, 63
Trd, 4318503.343, 64
Trd, 4318503.443, 62
Trd, 4318503.743, 64
Trd, 4318504.043, 61
Trd, 4318504.093, 63
Trd, 4318504.343, 66
Trd, 4318504.993, 106
Trd, 4318505.943, 103
Trd, 4318506.293, 118
Trd, 4318507.093, 131
Trd, 4318507.743, 139
Trd, 4318509.193, 60
Trd, 4318509.993, 75
Trd, 4318510.993, 60
Trd, 4318511.343, 61
Trd, 4318513.843, 60
Trd, 4318514.343, 61
Trd, 4318514.543, 63
Trd, 4318514.743, 71
Trd, 4318515.043, 105
Trd, 4318515.893, 71
Trd, 4318516.343, 61
Trd, 4318517.043, 62
Trd, 4318518.693, 140
Trd, 4318518.893, 140
Trd, 4318519.043, 139
Trd, 4318519.093, 138
Trd, 4318520.393, 60
Trd, 4318521.343, 65
Trd, 4318521.643, 60
Trd, 4318522.593, 61
Trd, 4318522.993, 62
Trd, 4318523.293, 62
Trd, 4318523.693, 68
Trd, 4318525.143, 140
Trd, 4318526.093, 140
Trd, 4318526.193, 140
Trd, 4318526.693, 139
Trd, 4318526.993, 131
Trd, 4318527.793, 130
Trd, 4318528.443, 87
Trd, 4318528.643, 135
Trd, 4318528.943, 140
Trd, 4318529.743, 71
Trd, 4318531.793, 60
Trd, 4318532.993, 60
Trd, 4318533.793, 60
Trd, 4318536.693, 60
Trd, 4318536.993, 60
Trd, 4318537.493, 61
Trd, 4318537.593, 65
Trd, 4318538.043, 66
Trd, 4318538.093, 66
Trd, 4318538.243, 65
Trd, 4318538.643, 71
Trd, 4318538.793, 62
Trd, 4318541.193, 60
Trd, 4318541.393, 61
Trd, 4318541.843, 62
Trd, 4318542.093, 63
Trd, 4318542.493, 62
Trd, 4318542.643, 72
Trd, 4318543.043, 62
Trd, 4318543.093, 60
Trd, 4318543.943, 69
Trd, 4318545.243, 60
Trd, 4318545.343, 61
Trd, 4318545.843, 61
Trd, 4318547.243, 61
Trd, 4318547.943, 61
Trd, 4318548.993, 63
Trd, 4318549.443, 62
Trd, 4318549.543, 64
Trd, 4318551.143, 67
Trd, 4318551.193, 66
Trd, 4318551.493, 65
Trd, 4318551.643, 72
Trd, 4318553.243, 65
Trd, 4318553.643, 61
Trd, 4318555.543, 62
Trd, 4318555.593, 63
Trd, 4318557.293, 60
Trd, 4318558.143, 60
Trd, 4318558.493, 60
Trd, 4318559.793, 60
Trd, 4318559.943, 62
Trd, 4318560.043, 63
Trd, 4318560.393, 61
Trd, 4318560.493, 66
Trd, 4318561.543, 61
Trd, 4318563.093, 60
Trd, 4318563.793, 61
Trd, 4318564.943, 62
Trd, 4318566.243, 61
Trd, 4318566.293, 68
Trd, 4318567.993, 60
Trd, 4318568.593, 61
Trd, 4318569.193, 61
Trd, 4318569.793, 62
Trd, 4318570.243, 66
Trd, 4318570.743, 66
Trd, 4318571.193, 65
Trd, 4318571.793, 62
Trd, 4318571.943, 69
Trd, 4318574.193, 60
Trd, 4318574.593, 60
Trd, 4318575.943, 60
Trd, 4318577.093, 61
Trd, 4318577.193, 61
Trd, 4318577.693, 63
Trd, 4318579.843, 60
Trd, 4318579.993, 61
Trd, 4318582.143, 60
Trd, 4318582.343, 62
Trd, 4318582.893, 61
Trd, 4318583.693, 60
Trd, 4318584.193, 60
Trd, 4318584.293, 62
Trd, 4318584.443, 60
Trd, 4318584.493, 63
Trd, 4318585.893, 63
Trd, 4318586.393, 60
Trd, 4318586.893, 67
Trd, 4318587.093, 60
Trd, 4318587.443, 60
Trd, 4318588.093, 67
Trd, 4318588.843, 64
Trd, 4318589.793, 60
Trd, 4318590.093, 60
Trd, 4318590.293, 62
Trd, 4318590.493, 60
Trd, 4318591.493, 61
Trd, 4318591.693, 61
Trd, 4318591.943, 60
Trd, 4318592.893, 139
Trd, 4318594.043, 108
Trd, 4318594.293, 78
Trd, 4318595.643, 99
Trd, 4318595.893, 95
Trd, 4318595.943, 94
Trd, 4318598.293, 140
Trd, 4318598.343, 139
Trd, 4318598.743, 138
Trd, 4318598.943, 137
Trd, 4318598.993, 131
Trd, 4318600.293, 139
Trd, 4318600.493, 137
Trd, 4318601.093, 138
Trd, 4318601.943, 120
Trd, 4318602.143, 111
Trd, 4318603.793, 139
Trd, 4318604.043, 115
Trd, 4318604.943, 119
Trd, 4318606.343, 140
Trd, 4318606.543, 140
Trd, 4318606.693, 140
Trd, 4318607.543, 140
Trd, 4318607.643, 131
Trd, 4318608.393, 140
Trd, 4318608.643, 102
Trd, 4318609.593, 60
Trd, 4318610.243, 60
Trd, 4318610.493, 61
Trd, 4318613.593, 61
Trd, 4318613.743, 61
Trd, 4318613.893, 62
Trd, 4318614.293, 63
Trd, 4318614.743, 63
Trd, 4318615.593, 66
Trd, 4318615.743, 66
Trd, 4318615.843, 65
Trd, 4318615.993, 69
Trd, 4318617.543, 140
Trd, 4318617.643, 108
Trd, 4318618.693, 94
Trd, 4318618.943, 82
Trd, 4318619.743, 85
Trd, 4318620.343, 125
Trd, 4318622.043, 140
Trd, 4318622.243, 132
Trd, 4318622.793, 128
Trd, 4318623.243, 126
Trd, 4318623.443, 110
Trd, 4318624.143, 60
Trd, 4318625.243, 112
Trd, 4318626.193, 60
Trd, 4318627.743, 60
Trd, 4318627.893, 60
Trd, 4318628.843, 60
Trd, 4318630.193, 60
Trd, 4318630.393, 60
Trd, 4318630.593, 63
Trd, 4318630.943, 60
Trd, 4318632.643, 66
Trd, 4318633.143, 61
Trd, 4318633.843, 74
Trd, 4318635.193, 60
Trd, 4318635.243, 60
Trd, 4318635.543, 61
Trd, 4318635.743, 63
Trd, 4318636.943, 61
Trd, 4318637.093, 60
Trd, 4318638.293, 62
Trd, 4318639.243, 62
Trd, 4318640.243, 61
Trd, 4318640.743, 60
Trd, 4318641.293, 60
Trd, 4318642.993, 60
Trd, 4318643.243, 60
Trd, 4318643.293, 62
Trd, 4318644.143, 63
Trd, 4318644.343, 62
Trd, 4318645.293, 66
Trd, 4318645.493, 66
Trd, 4318645.643, 67
Trd, 4318648.293, 66
Trd, 4318649.243, 62
Trd, 4318649.393, 66
Trd, 4318650.543, 140
Trd, 4318650.593, 140
Trd, 4318650.693, 140
Trd, 4318650.943, 132
Trd, 4318651.643, 140
Trd, 4318652.043, 131
Trd, 4318653.193, 130
Trd, 4318653.943, 135
Trd, 4318654.593, 129
Trd, 4318654.643, 123
Trd, 4318655.643, 109
Trd, 4318656.343, 65
Trd, 4318656.643, 139
Trd, 4318657.843, 67
Trd, 4318658.193, 64
Trd, 4318658.693, 63
Trd, 4318659.443, 140
Trd, 4318660.093, 140
Trd, 4318661.093, 140
Trd, 4318661.943, 140
Trd, 4318662.143, 137
Trd, 4318662.593, 129
Trd, 4318663.843, 105
Trd, 4318664.043, 104
Trd, 4318664.643, 140
Trd, 4318664.843, 64
Trd, 4318665.943, 105
Trd, 4318666.593, 127
Trd, 4318667.243, 75
Trd, 4318667.593, 72
Trd, 4318668.193, 61
Trd, 4318669.443, 66
Trd, 4318669.893, 140
Trd, 4318670.043, 140
Trd, 4318670.143, 68
Trd, 4318671.743, 61
Trd, 4318672.243, 64
Trd, 4318674.943, 60
Trd, 4318676.443, 60
Trd, 4318676.593, 61
Trd, 4318677.193, 60
Trd, 4318677.443, 61
Trd, 4318678.143, 62
Trd, 4318678.543, 65
Trd, 4318678.593, 65
Trd, 4318679.243, 130
Trd, 4318679.943, 138
Trd, 4318680.093, 111
Trd, 4318680.193, 110
Trd, 4318680.493, 104
Trd, 4318681.143, 60
Trd, 4318681.643, 60
Trd, 4318682.693, 62
Trd, 4318684.593, 60
Trd, 4318686.293, 60
Trd, 4318686.493, 60
Trd, 4318686.543, 60
Trd, 4318686.643, 62
Trd, 4318686.943, 64
Trd, 4318687.493, 64
Trd, 4318687.693, 63
Trd, 4318688.443, 68
Trd, 4318689.043, 69
Trd, 4318689.393, 72
Trd, 4318690.543, 60
Trd, 4318692.843, 60
Trd, 4318693.543, 63
Trd, 4318693.793, 63
Trd, 4318694.293, 63
Trd, 4318695.593, 60
Trd, 4318696.793, 64
Trd, 4318697.543, 63
Trd, 4318697.693, 62
Trd, 4318699.093, 60
Trd, 4318699.443, 60
Trd, 4318700.043, 60
Trd, 4318700.493, 63
Trd, 4318701.893, 60
Trd, 4318702.343, 61
Trd, 4318702.493, 62
Trd, 4318702.843, 62
Trd, 4318703.243, 62
Trd, 4318703.993, 61
Trd, 4318705.243, 68
Trd, 4318706.943, 60
Trd, 4318707.293, 62
Trd, 4318709.343, 61
Trd, 4318710.343, 60
Trd, 4318710.543, 60
Trd, 4318712.043, 60
Trd, 4318714.043, 60
Trd, 4318714.593, 60
Trd, 4318714.693, 60
Trd, 4318714.943, 60
Trd, 4318715.443, 62
Trd, 4318715.593, 63
Trd, 4318716.743, 61
Trd, 4318716.793, 62
Trd, 4318716.993, 63
Trd, 4318717.493, 103
Trd, 4318717.793, 64
Trd, 4318718.143, 138
Trd, 4318718.543, 63
Trd, 4318720.193, 61
Trd, 4318721.743, 60
Trd, 4318722.343, 61
Trd, 4318722.943, 62
Trd, 4318724.343, 61
Trd, 4318726.143, 61
Trd, 4318726.393, 63
Trd, 4318727.543, 61
Trd, 4318727.743, 62
Trd, 4318727.893, 61
Trd, 4318728.293, 61
Trd, 4318728.893, 61
Trd, 4318729.093, 62
Trd, 4318729.343, 60
Trd, 4318729.493, 74
Trd, 4318730.643, 63
Trd, 4318730.893, 109
Trd, 4318731.243, 136
Trd, 4318732.743, 60
Trd, 4318733.993, 60
Trd, 4318734.243, 60
Trd, 4318735.493, 60
Trd, 4318736.543, 60
Trd, 4318736.693, 60
Trd, 4318737.593, 64
Trd, 4318737.743, 66
Trd, 4318738.093, 67
Trd, 4318739.293, 137
Trd, 4318739.443, 90
Trd, 4318739.693, 66
Trd, 4318740.443, 63
Trd, 4318741.043, 63
Trd, 4318741.293, 62
Trd, 4318741.693, 65
Trd, 4318742.293, 119
Trd, 4318742.743, 60
Trd, 4318743.043, 64
Trd, 4318744.193, 137
Trd, 4318745.343, 120
Trd, 4318745.593, 118
Trd, 4318746.993, 125
Trd, 4318747.693, 127
Trd, 4318748.143, 126
Trd, 4318748.693, 140
Trd, 4318749.293, 137
Trd, 4318750.143, 121
Trd, 4318751.043, 91
Trd, 4318752.343, 100
Trd, 4318752.743, 99
Trd, 4318754.143, 140
Trd, 4318754.293, 90
Trd, 4318754.743, 87
Trd, 4318755.693, 60
Trd, 4318755.893, 63
Trd, 4318756.693, 63
Trd, 4318757.293, 63
Trd, 4318758.093, 62
Trd, 4318758.543, 63
Trd, 4318760.843, 60
Trd, 4318760.893, 60
Trd, 4318761.043, 60
Trd, 4318761.793, 62
Trd, 4318761.993, 63
Trd, 4318762.093, 63
Trd, 4318762.693, 63
Trd, 4318762.793, 65
Trd, 4318763.143, 61
Trd, 4318764.293, 61
Trd, 4318765.293, 61
Trd, 4318765.743, 62
Trd, 4318766.093, 64
Trd, 4318766.643, 64
Trd, 4318767.293, 60
Trd, 4318767.443, 65
Trd, 4318768.843, 64
Trd, 4318769.443, 61
Trd, 4318769.493, 66
Trd, 4318769.843, 61
Trd, 4318770.943, 64
Trd, 4318770.993, 71
Trd, 4318772.193, 86
Trd, 4318772.793, 67
Trd, 4318773.193, 64
Trd, 4318773.893, 140
Trd, 4318775.093, 134
Trd, 4318775.393, 120
Trd, 4318775.593, 136
Trd, 4318776.743, 114
Trd, 4318777.143, 113
Trd, 4318777.493, 140
Trd, 4318778.693, 60
Trd, 4318779.343, 60
Trd, 4318779.543, 62
Trd, 4318780.493, 60
Trd, 4318781.593, 60
Trd, 4318781.643, 64
Trd, 4318782.443, 70
Trd, 4318782.493, 73
Trd, 4318782.693, 86
Trd, 4318785.743, 60
Trd, 4318785.893, 60
Trd, 4318786.043, 61
Trd, 4318787.593, 60
Trd, 4318788.043, 61
Trd, 4318789.143, 60
Trd, 4318789.793, 64
Trd, 4318789.843, 65
Trd, 4318790.293, 63
Trd, 4318790.643, 61
Trd, 4318790.693, 69
Trd, 4318791.943, 111
Trd, 4318792.093, 125
Trd, 4318793.143, 85
Trd, 4318793.593, 84
Trd, 4318794.193, 60
Trd, 4318794.693, 71
Trd, 4318795.393, 67
Trd, 4318796.143, 84
Trd, 4318796.943, 140
Trd, 4318797.343, 95
Trd, 4318797.993, 98
Trd, 4318798.643, 140
Trd, 4318798.693, 139
Trd, 4318799.593, 121
Trd, 4318800.093, 114
Trd, 4318801.143, 106
Trd, 4318802.293, 110
Trd, 4318803.643, 123
Trd, 4318803.793, 121
Trd, 4318804.693, 140
Trd, 4318804.993, 105
Trd, 4318806.493, 139
Trd, 4318806.543, 128
Trd, 4318806.743, 125
Trd, 4318807.093, 108
Trd, 4318807.393, 105
Trd, 4318807.543, 104
Trd, 4318809.543, 82
Trd, 4318810.143, 82
Trd, 4318810.643, 89
Trd, 4318810.943, 139
Trd, 4318812.143, 139
Trd, 4318812.393, 132
Trd, 4318812.993, 86
Trd, 4318813.493, 60
Trd, 4318814.343, 60
Trd, 4318816.243, 60
Trd, 4318818.843, 60
Trd, 4318819.493, 60
Trd, 4318819.693, 61
Trd, 4318821.393, 61
Trd, 4318821.493, 61
Trd, 4318821.543, 60
Trd, 4318821.943, 61
Trd, 4318822.093, 62
Trd, 4318822.243, 62
Trd, 4318822.393, 63
Trd, 4318823.093, 60
Trd, 4318823.493, 64
Trd, 4318824.193, 62
Trd, 4318825.093, 62
Trd, 4318826.243, 63
Trd, 4318828.293, 60
Trd, 4318828.843, 60
Trd, 4318830.543, 61
Trd, 4318830.743, 63
Trd, 4318830.793, 61
Trd, 4318830.993, 62
Trd, 4318831.693, 61
Trd, 4318832.193, 64
Trd, 4318832.893, 67
Trd, 4318834.443, 60
Trd, 4318835.193, 63
Trd, 4318836.093, 60
Trd, 4318836.243, 60
Trd, 4318836.393, 60
Trd, 4318836.943, 60
Trd, 4318837.093, 61
Trd, 4318837.843, 60
Trd, 4318838.843, 62
Trd, 4318839.443, 75
Trd, 4318841.493, 63
Trd, 4318842.093, 61
Trd, 4318843.143, 61
Trd, 4318844.093, 60
Trd, 4318844.543, 61
Trd, 4318844.793, 61
Trd, 4318844.893, 70
Trd, 4318845.043, 92
Trd, 4318845.693, 62
Trd, 4318846.143, 62
Trd, 4318846.993, 63
Trd, 4318848.093, 66
Trd, 4318848.543, 132
Trd, 4318849.443, 65
Trd, 4318850.093, 60
Trd, 4318850.343, 62
Trd, 4318853.643, 60
Trd, 4318854.393, 60
Trd, 4318854.843, 61
Trd, 4318855.493, 61
Trd, 4318855.643, 61
Trd, 4318855.693, 60
Trd, 4318857.493, 60
Trd, 4318857.943, 61
Trd, 4318858.443, 60
Trd, 4318858.893, 64
Trd, 4318860.143, 60
Trd, 4318860.793, 60
Trd, 4318860.843, 60
Trd, 4318861.143, 60
Trd, 4318862.243, 64
Trd, 4318862.843, 62
Trd, 4318863.293, 65
Trd, 4318863.543, 62
Trd, 4318863.943, 87
Trd, 4318864.343, 62
Trd, 4318866.693, 61
Trd, 4318867.943, 60
Trd, 4318867.993, 62
Trd, 4318869.693, 60
Trd, 4318870.643, 60
Trd, 4318870.693, 60
Trd, 4318872.393, 60
Trd, 4318872.643, 61
Trd, 4318874.343, 60
Trd, 4318875.793, 60
Trd, 4318876.193, 63
Trd, 4318876.493, 63
Trd, 4318879.093, 60
Trd, 4318879.143, 60
Trd, 4318879.343, 60
Trd, 4318879.793, 60
Trd, 4318880.343, 60
Trd, 4318880.643, 60
Trd, 4318881.193, 62
Trd, 4318881.543, 61
Trd, 4318882.143, 61
Trd, 4318882.243, 63
Trd, 4318882.993, 63
Trd, 4318884.243, 61
Trd, 4318885.493, 60
Trd, 4318886.143, 64
Trd, 4318886.693, 65
Trd, 4318887.193, 61
Trd, 4318887.343, 62
Trd, 4318887.593, 61
Trd, 4318888.343, 60
Trd, 4318888.993, 61
Trd, 4318890.843, 61
Trd, 4318891.943, 63
Trd, 4318892.143, 62
Trd, 4318892.493, 60
Trd, 4318893.193, 60
Trd, 4318893.993, 61
Trd, 4318894.443, 63
Trd, 4318894.543, 69
Trd, 4318894.993, 64
Trd, 4318895.393, 62
Trd, 4318895.793, 62
Trd, 4318897.393, 60
Trd, 4318897.493, 61
Trd, 4318897.643, 60
Trd, 4318897.893, 60
Trd, 4318898.343, 61
Trd, 4318899.843, 68
Trd, 4318900.843, 75
Trd, 4318901.143, 63
Trd, 4318902.393, 62
Trd, 4318903.743, 60
Trd, 4318906.643, 60
Trd, 4318907.443, 61
Trd, 4318907.543, 62
Trd, 4318908.043, 62
Trd, 4318908.193, 61
Trd, 4318908.693, 62
Trd, 4318909.593, 60
Trd, 4318909.793, 64
Trd, 4318910.493, 84
Trd, 4318912.143, 86
Trd, 4318912.493, 95
Trd, 4318912.593, 85
Trd, 4318912.843, 85
Trd, 4318913.943, 73
Trd, 4318914.993, 137
Trd, 4318916.093, 131
Trd, 4318916.343, 130
Trd, 4318916.793, 116
Trd, 4318917.043, 87
Trd, 4318917.193, 86
Trd, 4318918.943, 77
Trd, 4318919.443, 140
Trd, 4318919.643, 78
Trd, 4318921.943, 60
Trd, 4318922.393, 61
Trd, 4318922.793, 66
Trd, 4318923.293, 66
Trd, 4318923.343, 63
Trd, 4318923.993, 95
Trd, 4318924.993, 87
Trd, 4318925.143, 74
Trd, 4318925.743, 122
Trd, 4318925.843, 64
Trd, 4318927.443, 60
Trd, 4318927.793, 60
Trd, 4318929.393, 60
Trd, 4318929.793, 61
Trd, 4318929.893, 61
Trd, 4318929.943, 64
Trd, 4318930.193, 62
Trd, 4318930.943, 74
Trd, 4318931.843, 125
Trd, 4318931.943, 124
Trd, 4318931.993, 69
Trd, 4318932.043, 68
Trd, 4318933.393, 63
Trd, 4318933.793, 61
Trd, 4318934.243, 65
Trd, 4318935.293, 65
Trd, 4318937.343, 61
Trd, 4318937.393, 61
Trd, 4318937.493, 62
Trd, 4318937.993, 64
Trd, 4318938.443, 66
Trd, 4318938.993, 140
Trd, 4318939.193, 62
Trd, 4318940.793, 140
Trd, 4318940.943, 140
Trd, 4318941.143, 139
Trd, 4318941.243, 131
Trd, 4318941.443, 112
Trd, 4318942.793, 139
Trd, 4318943.293, 140
Trd, 4318943.443, 138
Trd, 4318943.943, 135
Trd, 4318944.693, 62
Trd, 4318945.593, 69
Trd, 4318947.243, 65
Trd, 4318947.493, 60
Trd, 4318947.543, 66
Trd, 4318948.143, 61
Trd, 4318948.343, 62
Trd, 4318949.093, 81
Trd, 4318949.443, 72
Trd, 4318950.393, 75
Trd, 4318950.893, 75
Trd, 4318951.293, 75
Trd, 4318952.893, 61
Trd, 4318952.943, 62
Trd, 4318953.393, 76
Trd, 4318953.793, 140
Trd, 4318954.793, 140
Trd, 4318954.993, 140
Trd, 4318955.243, 139
Trd, 4318955.993, 140
Trd, 4318956.493, 140
Trd, 4318956.943, 117
Trd, 4318957.093, 116
Trd, 4318959.143, 91
Trd, 4318960.493, 82
Trd, 4318960.593, 81
Trd, 4318962.193, 63
Trd, 4318962.393, 66
Trd, 4318962.493, 67
Trd, 4318963.143, 108
Trd, 4318963.593, 65
Trd, 4318964.243, 140
Trd, 4318964.693, 64
Trd, 4318965.143, 64
Trd, 4318966.543, 140
Trd, 4318966.743, 72
Trd, 4318966.893, 71
Trd, 4318967.243, 60
Trd, 4318969.543, 60
Trd, 4318969.643, 60
Trd, 4318969.943, 61
Trd, 4318971.043, 63
Trd, 4318971.193, 67
Trd, 4318972.443, 60
Trd, 4318972.793, 60
Trd, 4318972.893, 64
Trd, 4318973.693, 60
Trd, 4318974.143, 73
Trd, 4318975.243, 60
Trd, 4318975.743, 60
Trd, 4318976.493, 60
Trd, 4318976.843, 63
Trd, 4318976.993, 61
Trd, 4318977.093, 60
Trd, 4318977.393, 140
Trd, 4318978.343, 72
Trd, 4318980.143, 60
Trd, 4318981.443, 61
Trd, 4318981.493, 62
Trd, 4318981.793, 61
Trd, 4318981.993, 62
Trd, 4318982.393, 66
Trd, 4318982.843, 64
Trd, 4318982.943, 65
Trd, 4318983.093, 63
Trd, 4318983.393, 134
Trd, 4318985.493, 60
Trd, 4318987.243, 61
Trd, 4318987.593, 64
Trd, 4318988.543, 60
Trd, 4318989.743, 61
Trd, 4318991.293, 61
Trd, 4318991.893, 62
Trd, 4318991.943, 60
Trd, 4318992.443, 62
Trd, 4318995.043, 60
Trd, 4318995.193, 61
Trd, 4318995.243, 61
Trd, 4318995.643, 62
Trd, 4318995.693, 79
Trd, 4318995.793, 60
Trd, 4318996.243, 140
Trd, 4318996.893, 140
Trd, 4318997.693, 140
Trd, 4318998.243, 140
Trd, 4318999.993, 140
Trd, 4319000.093, 140
Trd, 4319000.343, 140
Trd, 4319000.593, 140
Trd, 4319000.793, 112
Trd, 4319001.493, 105
Trd, 4319001.993, 128
Trd, 4319002.543, 137
Trd, 4319003.193, 60
Trd, 4319003.293, 66
Trd, 4319003.493, 71
Trd, 4319004.243, 63
Trd, 4319005.743, 140
Trd, 4319006.343, 140
Trd, 4319008.093, 140
Trd, 4319008.693, 140
Trd, 4319008.793, 140
Trd, 4319008.893, 140
Trd, 4319009.343, 131
Trd, 4319009.493, 124
Trd, 4319010.793, 105
Trd, 4319011.443, 119
Trd, 4319011.493, 118
Trd, 4319011.843, 118
Trd, 4319012.443, 132
Trd, 4319012.993, 77
Trd, 4319014.193, 139
Trd, 4319014.693, 140
Trd, 4319015.543, 132
Trd, 4319015.643, 125
Trd, 4319016.693, 121
Trd, 4319017.493, 139
Trd, 4319017.943, 127
Trd, 4319018.343, 140
Trd, 4319018.543, 126
Trd, 4319018.943, 125
Trd, 4319020.243, 111
Trd, 4319020.593, 63
Trd, 4319022.093, 63
Trd, 4319023.343, 61
Trd, 4319026.643, 60
Trd, 4319027.293, 60
Trd, 4319027.643, 62
Trd, 4319027.893, 61
Trd, 4319028.293, 60
Trd, 4319028.843, 61
Trd, 4319030.143, 62
Trd, 4319030.543, 63
Trd, 4319030.993, 63
Trd, 4319032.793, 61
Trd, 4319033.743, 62
Trd, 4319034.193, 64
Trd, 4319036.343, 60
Trd, 4319037.243, 61
Trd, 4319038.343, 61
Trd, 4319039.043, 61
Trd, 4319039.643, 60
Trd, 4319039.943, 60
Trd, 4319040.093, 61
Trd, 4319040.393, 60
Trd, 4319040.743, 62
Trd, 4319042.243, 71
Trd, 4319043.243, 60
Trd, 4319044.843, 61
Trd, 4319045.643, 63
Trd, 4319046.743, 63
Trd, 4319047.293, 60
Trd, 4319047.443, 63
Trd, 4319047.993, 60
Trd, 4319048.893, 60
Trd, 4319049.093, 60
Trd, 4319049.943, 60
Trd, 4319051.743, 60
Trd, 4319053.043, 60
Trd, 4319053.443, 60
Trd, 4319055.043, 60
Trd, 4319055.443, 60
Trd, 4319055.593, 60
Trd, 4319055.893, 61
Trd, 4319056.293, 61
Trd, 4319056.393, 65
Trd, 4319058.443, 61
Trd, 4319059.793, 60
Trd, 4319059.843, 61
Trd, 4319060.493, 63
Trd, 4319060.993, 62
Trd, 4319062.193, 125
Trd, 4319062.543, 125
Trd, 4319063.343, 140
Trd, 4319063.493, 139
Trd, 4319064.043, 123
Trd, 4319064.443, 103
Trd, 4319064.943, 73
Trd, 4319066.043, 60
Trd, 4319067.743, 60
Trd, 4319068.343, 60
Trd, 4319069.093, 61
Trd, 4319069.193, 61
Trd, 4319069.293, 61
Trd, 4319069.893, 61
Trd, 4319070.843, 61
Trd, 4319071.593, 67
Trd, 4319071.893, 61
Trd, 4319072.243, 60
Trd, 4319072.543, 67
Trd, 4319073.243, 134
Trd, 4319074.143, 65
Trd, 4319074.993, 60
Trd, 4319075.693, 60
Trd, 4319076.543, 60
Trd, 4319079.043, 61
Trd, 4319079.493, 64
Trd, 4319079.693, 65
Trd, 4319080.043, 65
Trd, 4319080.393, 69
Trd, 4319080.693, 65
Trd, 4319080.843, 64
Trd, 4319080.993, 63
Trd, 4319082.393, 140
Trd, 4319083.793, 140
Trd, 4319084.393, 140
Trd, 4319084.843, 140
Trd, 4319084.993, 131
Trd, 4319085.843, 139
Trd, 4319086.643, 138
Trd, 4319087.143, 138
Trd, 4319087.193, 137
Trd, 4319087.343, 98
Trd, 4319087.843, 96
Trd, 4319088.943, 89
Trd, 4319090.443, 132
Trd, 4319091.593, 140
Trd, 4319092.043, 139
Trd, 4319092.643, 140
Trd, 4319092.693, 139
Trd, 4319093.293, 132
Trd, 4319094.043, 118
Trd, 4319094.693, 138
Trd, 4319095.243, 138
Trd, 4319095.743, 120
Trd, 4319096.043, 124
Trd, 4319096.143, 113
Trd, 4319096.293, 100
Trd, 4319099.193, 137
Trd, 4319099.293, 136
Trd, 4319100.193, 128
Trd, 4319100.893, 127
Trd, 4319101.443, 134
Trd, 4319102.093, 135
Trd, 4319102.593, 121
Trd, 4319102.843, 120
Trd, 4319104.143, 62
Trd, 4319105.343, 65
Trd, 4319105.443, 66
Trd, 4319107.143, 60
Trd, 4319107.793, 62
Trd, 4319108.393, 63
Trd, 4319108.743, 61
Trd, 4319109.543, 67
Trd, 4319109.593, 65
Trd, 4319110.243, 64
Trd, 4319110.693, 63
Trd, 4319110.893, 64
Trd, 4319111.343, 60
Trd, 4319112.893, 60
Trd, 4319113.593, 62
Trd, 4319114.193, 63
Trd, 4319117.093, 60
Trd, 4319117.493, 60
Trd, 4319117.693, 64
Trd, 4319118.093, 61
Trd, 4319118.543, 61
Trd, 4319118.943, 63
Trd, 4319119.343, 68
Trd, 4319120.143, 63
Trd, 4319120.293, 62
Trd, 4319121.043, 63
Trd, 4319121.293, 63
Trd, 4319121.743, 60
Trd, 4319122.843, 63
Trd, 4319123.643, 62
Trd, 4319124.043, 69
Trd, 4319124.293, 61
Trd, 4319124.893, 71
Trd, 4319125.893, 60
Trd, 4319126.893, 61
Trd, 4319127.093, 61
Trd, 4319127.293, 63
Trd, 4319127.943, 63
Trd, 4319128.593, 68
Trd, 4319129.093, 62
Trd, 4319129.243, 66
Trd, 4319129.643, 61
Trd, 4319131.143, 61
Trd, 4319132.043, 61
Trd, 4319133.543, 61
Trd, 4319133.743, 60
Trd, 4319134.243, 64
Trd, 4319135.493, 67
Trd, 4319137.743, 60
Trd, 4319138.043, 60
Trd, 4319138.693, 62
Trd, 4319138.893, 60
Trd, 4319139.043, 65
Trd, 4319139.143, 66
Trd, 4319139.743, 63
Trd, 4319140.343, 64
Trd, 4319140.493, 66
Trd, 4319141.593, 65
Trd, 4319141.793, 65
Trd, 4319142.843, 61
Trd, 4319144.193, 60
Trd, 4319145.443, 61
Trd, 4319146.493, 60
Trd, 4319146.893, 67
Trd, 4319147.643, 65
Trd, 4319148.043, 65
Trd, 4319148.143, 64
Trd, 4319149.243, 61
Trd, 4319149.493, 62
Trd, 4319151.143, 140
Trd, 4319151.243, 140
Trd, 4319151.393, 139
Trd, 4319151.993, 91
Trd, 4319153.693, 60
Trd, 4319154.593, 60
Trd, 4319154.693, 61
Trd, 4319154.743, 64
Trd, 4319156.293, 140
Trd, 4319156.343, 138
Trd, 4319156.443, 131
Trd, 4319156.543, 60
Trd, 4319156.943, 66
Trd, 4319157.043, 65
Trd, 4319159.343, 61
Trd, 4319162.043, 60
Trd, 4319162.693, 60
Trd, 4319163.143, 61
Trd, 4319164.243, 60
Trd, 4319165.243, 61
Trd, 4319165.793, 61
Trd, 4319166.743, 61
Trd, 4319166.843, 62
Trd, 4319166.943, 60
Trd, 4319167.493, 61
Trd, 4319167.643, 63
Trd, 4319168.193, 61
Trd, 4319168.843, 60
Trd, 4319169.243, 60
Trd, 4319169.693, 127
Trd, 4319171.943, 71
Trd, 4319172.243, 64
Trd, 4319172.543, 61
Trd, 4319173.743, 138
Trd, 4319174.143, 137
Trd, 4319174.193, 114
Trd, 4319174.493, 140
Trd, 4319177.693, 60
Trd, 4319178.393, 60
Trd, 4319178.943, 60
Trd, 4319179.143, 60
Trd, 4319179.293, 60
Trd, 4319180.093, 60
Trd, 4319181.893, 60
Trd, 4319182.793, 60
Trd, 4319182.893, 60
Trd, 4319182.993, 61
Trd, 4319183.593, 61
Trd, 4319183.643, 70
Trd, 4319184.043, 62
Trd, 4319184.143, 61
Trd, 4319184.843, 62
Trd, 4319185.493, 63
Trd, 4319185.993, 64
Trd, 4319186.843, 64
Trd, 4319187.293, 91
Trd, 4319187.543, 84
Trd, 4319188.343, 64
Trd, 4319188.843, 99
Trd, 4319189.093, 95
Trd, 4319191.743, 60
Trd, 4319192.593, 60
Trd, 4319193.843, 60
Trd, 4319194.543, 62
Trd, 4319194.793, 63
Trd, 4319194.893, 62
Trd, 4319195.443, 60
Trd, 4319196.043, 61
Trd, 4319196.493, 60
Trd, 4319196.893, 60
Trd, 4319200.043, 60
Trd, 4319200.643, 61
Trd, 4319200.993, 61
Trd, 4319201.793, 61
Trd, 4319202.343, 64
Trd, 4319202.593, 65
Trd, 4319202.693, 124
Trd, 4319202.943, 62
Trd, 4319204.343, 65
Trd, 4319204.393, 64
Trd, 4319204.693, 63
Trd, 4319206.143, 60
Trd, 4319207.043, 71
Trd, 4319207.793, 65
Trd, 4319208.293, 67
Trd, 4319208.943, 60
Trd, 4319209.993, 60
Trd, 4319211.393, 60
Trd, 4319212.243, 60
Trd, 4319212.893, 62
Trd, 4319213.693, 63
Trd, 4319213.993, 63
Trd, 4319214.293, 62
Trd, 4319214.643, 61
Trd, 4319215.643, 140
Trd, 4319216.293, 139
Trd, 4319216.943, 121
Trd, 4319217.593, 100
Trd, 4319217.793, 100
Trd, 4319217.943, 100
Trd, 4319218.393, 80
Trd, 4319219.943, 140
Trd, 4319220.993, 134
Trd, 4319221.043, 133
Trd, 4319222.743, 140
Trd, 4319223.293, 134
Trd, 4319223.643, 123
Trd, 4319223.993, 94
Trd, 4319224.643, 70
Trd, 4319225.293, 60
Trd, 4319226.693, 63
Trd, 4319228.593, 64
Trd, 4319228.843, 66
Trd, 4319229.343, 65
Trd, 4319229.543, 68
Trd, 4319230.043, 107
Trd, 4319230.493, 65
Trd, 4319231.043, 60
Trd, 4319232.843, 60
Trd, 4319233.743, 60
Trd, 4319234.143, 64
Trd, 4319234.243, 68
Trd, 4319234.593, 61
Trd, 4319234.843, 73
Trd, 4319235.493, 62
Trd, 4319236.693, 61
Trd, 4319236.843, 61
Trd, 4319237.393, 73
Trd, 4319238.743, 60
Trd, 4319238.993, 61
Trd, 4319239.493, 60
Trd, 4319240.493, 60
Trd, 4319241.293, 62
Trd, 4319241.643, 63
Trd, 4319241.893, 63
Trd, 4319242.393, 65
Trd, 4319244.343, 60
Trd, 4319245.143, 60
Trd, 4319245.743, 60
Trd, 4319248.193, 60
Trd, 4319248.693, 60
Trd, 4319248.793, 66
Trd, 4319249.293, 61
Trd, 4319251.343, 61
Trd, 4319252.543, 60
Trd, 4319252.593, 60
Trd, 4319253.393, 61
Trd, 4319253.793, 61
Trd, 4319254.443, 60
Trd, 4319254.993, 62
Trd, 4319255.243, 61
Trd, 4319255.493, 63
Trd, 4319256.193, 65
Trd, 4319256.693, 64
Trd, 4319257.093, 63
Trd, 4319258.143, 67
Trd, 4319258.543, 63
Trd, 4319259.243, 140
Trd, 4319259.393, 110
Trd, 4319261.793, 60
Trd, 4319261.993, 60
Trd, 4319262.343, 64
Trd, 4319262.593, 61
Trd, 4319263.443, 64
Trd, 4319264.243, 79
Trd, 4319268.643, 60
Trd, 4319268.743, 61
Trd, 4319268.893, 63
Trd, 4319269.543, 63
Trd, 4319269.843, 62
Trd, 4319270.143, 63
Trd, 4319270.243, 64
Trd, 4319270.443, 67
Trd, 4319270.643, 61
Trd, 4319271.293, 78
Trd, 4319272.743, 62
Trd, 4319274.893, 60
Trd, 4319275.143, 60
Trd, 4319275.343, 61
Trd, 4319275.593, 61
Trd, 4319276.493, 62
Trd, 4319276.693, 64
Trd, 4319276.943, 64
Trd, 4319277.493, 62
Trd, 4319278.393, 109
Trd, 4319278.643, 64
Trd, 4319279.393, 60
Trd, 4319279.893, 61
Trd, 4319281.843, 60
Trd, 4319283.443, 60
Trd, 4319285.193, 60
Trd, 4319285.243, 62
Trd, 4319285.893, 60
Trd, 4319286.143, 60
Trd, 4319286.793, 61
Trd, 4319287.043, 63
Trd, 4319287.543, 116
Trd, 4319288.693, 66
Trd, 4319288.743, 64
Trd, 4319288.993, 140
Trd, 4319289.493, 140
Trd, 4319289.793, 61
Trd, 4319290.993, 64
Trd, 4319292.493, 62
Trd, 4319293.243, 76
Trd, 4319293.393, 82
Trd, 4319293.693, 65
Trd, 4319293.993, 65
Trd, 4319294.343, 66
Trd, 4319294.793, 78
Trd, 4319295.493, 136
Trd, 4319296.243, 76
Trd, 4319296.793, 72
Trd, 4319297.893, 137
Trd, 4319298.293, 129
Trd, 4319300.893, 75
Trd, 4319301.243, 75
Trd, 4319301.943, 117
Trd, 4319302.593, 60
Trd, 4319303.493, 63
Trd, 4319303.693, 62
Trd, 4319303.743, 67
Trd, 4319304.593, 78
Trd, 4319304.793, 65
Trd, 4319305.493, 130
Trd, 4319306.593, 82
Trd, 4319306.943, 106
Trd, 4319307.043, 107
Trd, 4319307.393, 85
Trd, 4319307.693, 98
Trd, 4319307.743, 92
Trd, 4319308.143, 83
Trd, 4319310.443, 60
Trd, 4319310.643, 62
Trd, 4319312.493, 60
Trd, 4319312.543, 66
Trd, 4319313.693, 140
Trd, 4319313.793, 140
Trd, 4319314.193, 140
Trd, 4319314.493, 140
Trd, 4319314.693, 140
Trd, 4319315.443, 132
Trd, 4319316.043, 91
Trd, 4319316.743, 122
Trd, 4319317.393, 122
Trd, 4319317.993, 131
Trd, 4319318.543, 128
Trd, 4319318.793, 117
Trd, 4319319.243, 140
Trd, 4319319.893, 108
Trd, 4319321.043, 107
Trd, 4319321.543, 97
Trd, 4319322.293, 140
Trd, 4319323.143, 140
Trd, 4319324.243, 140
Trd, 4319324.343, 140
Trd, 4319324.843, 133
Trd, 4319325.993, 124
Trd, 4319326.043, 123
Trd, 4319327.043, 100
Trd, 4319327.843, 80
Trd, 4319328.093, 71
Trd, 4319329.393, 106
Trd, 4319329.593, 128
Trd, 4319330.243, 61
Trd, 4319330.643, 62
Trd, 4319331.243, 61
Trd, 4319331.943, 61
Trd, 4319332.043, 60
Trd, 4319333.343, 64
Trd, 4319333.643, 63
Trd, 4319334.543, 60
Trd, 4319335.093, 61
Trd, 4319335.193, 61
Trd, 4319335.243, 60
Trd, 4319335.593, 64
Trd, 4319337.093, 66
Trd, 4319340.593, 60
Trd, 4319341.493, 60
Trd, 4319341.693, 62
Trd, 4319343.243, 60
Trd, 4319343.493, 60
Trd, 4319344.093, 61
Trd, 4319344.243, 63
Trd, 4319344.643, 63
Trd, 4319344.743, 60
Trd, 4319344.943, 69
Trd, 4319345.593, 140
Trd, 4319345.843, 63
Trd, 4319346.943, 60
Trd, 4319347.543, 61
Trd, 4319348.993, 60
Trd, 4319349.293, 60
Trd, 4319349.993, 62
Trd, 4319350.793, 64
Trd, 4319350.993, 69
Trd, 4319351.593, 62
Trd, 4319352.043, 67
Trd, 4319353.243, 65
Trd, 4319353.793, 63
Trd, 4319354.493, 68
Trd, 4319354.893, 69
Trd, 4319354.993, 68
Trd, 4319356.493, 61
Trd, 4319357.093, 140
Trd, 4319357.193, 140
Trd, 4319357.893, 126
Trd, 4319357.993, 125
Trd, 4319358.643, 60
Trd, 4319359.793, 64
Trd, 4319359.943, 65
Trd, 4319360.493, 63
Trd, 4319361.693, 60
Trd, 4319363.243, 60
Trd, 4319364.693, 60
Trd, 4319365.293, 64
Trd, 4319365.393, 63
Trd, 4319365.993, 64
Trd, 4319366.193, 63
Trd, 4319366.293, 62
Trd, 4319366.743, 64
Trd, 4319367.443, 62
Trd, 4319368.343, 63
Trd, 4319368.993, 136
Trd, 4319370.193, 140
Trd, 4319370.493, 86
Trd, 4319370.643, 61
Trd, 4319371.393, 60
Trd, 4319372.043, 60
Trd, 4319372.493, 101
Trd, 4319372.693, 112
Trd, 4319373.243, 111
Trd, 4319373.493, 103
Trd, 4319375.643, 60
Trd, 4319375.943, 63
Trd, 4319377.093, 60
Trd, 4319378.643, 61
Trd, 4319378.993, 61
Trd, 4319380.243, 61
Trd, 4319380.493, 60
Trd, 4319380.693, 61
Trd, 4319380.943, 60
Trd, 4319381.943, 97
Trd, 4319382.243, 60
Trd, 4319382.993, 61
Trd, 4319383.893, 64
Trd, 4319384.593, 61
Trd, 4319384.743, 61
Trd, 4319384.893, 62
Trd, 4319385.493, 61
Trd, 4319386.093, 62
Trd, 4319388.343, 60
Trd, 4319388.593, 61
Trd, 4319390.393, 60
Trd, 4319390.893, 61
Trd, 4319391.643, 61
Trd, 4319391.993, 60
Trd, 4319392.043, 62
Trd, 4319392.593, 64
Trd, 4319392.643, 61
Trd, 4319392.793, 64
Trd, 4319393.793, 68
Trd, 4319394.893, 63
Trd, 4319395.443, 64
Trd, 4319395.593, 66
Trd, 4319397.093, 139
Trd, 4319397.193, 68
Trd, 4319397.943, 67
Trd, 4319398.293, 75
Trd, 4319398.743, 90
Trd, 4319399.093, 66
Trd, 4319400.593, 71
Trd, 4319401.343, 115
Trd, 4319401.843, 140
Trd, 4319403.693, 69
Trd, 4319403.943, 75
Trd, 4319404.093, 68
Trd, 4319404.143, 67
Trd, 4319404.543, 70
Trd, 4319404.743, 70
Trd, 4319406.793, 128
Trd, 4319407.493, 128
Trd, 4319407.593, 125
Trd, 4319407.743, 124
Trd, 4319408.243, 103
Trd, 4319409.193, 79
Trd, 4319409.893, 72
Trd, 4319410.343, 140
Trd, 4319410.643, 112
Trd, 4319411.293, 112
Trd, 4319411.543, 140
Trd, 4319412.193, 109
Trd, 4319414.443, 63
Trd, 4319416.693, 60
Trd, 4319417.143, 61
Trd, 4319417.693, 61
Trd, 4319417.893, 63
Trd, 4319418.843, 63
Trd, 4319418.993, 61
Trd, 4319419.143, 63
Trd, 4319420.393, 63
Trd, 4319421.093, 60
Trd, 4319421.493, 61
Trd, 4319421.593, 60
Trd, 4319422.043, 140
Trd, 4319422.093, 64
Trd, 4319422.493, 107
Trd, 4319422.593, 106
Trd, 4319423.793, 60
Trd, 4319427.143, 62
Trd, 4319427.393, 61
Trd, 4319427.993, 64
Trd, 4319428.043, 69
Trd, 4319428.393, 65
Trd, 4319428.643, 78
Trd, 4319429.043, 66
Trd, 4319429.493, 65
Trd, 4319429.693, 71
Trd, 4319429.893, 72
Trd, 4319430.043, 64
Trd, 4319432.293, 66
Trd, 4319432.893, 64
Trd, 4319434.993, 60
Trd, 4319435.543, 60
Trd, 4319435.843, 61
Trd, 4319435.943, 61
Trd, 4319436.293, 60
Trd, 4319436.693, 62
Trd, 4319437.943, 60
Trd, 4319438.243, 61
Trd, 4319439.843, 61
Trd, 4319441.043, 60
Trd, 4319441.493, 61
Trd, 4319441.693, 61
Trd, 4319441.993, 64
Trd, 4319442.493, 60
Trd, 4319444.343, 60
Trd, 4319444.493, 61
Trd, 4319445.093, 61
Trd, 4319445.743, 61
Trd, 4319447.493, 60
Trd, 4319447.893, 60
Trd, 4319448.293, 60
Trd, 4319448.493, 60
Trd, 4319449.293, 121
Trd, 4319449.993, 139
Trd, 4319451.393, 125
Trd, 4319452.493, 129
Trd, 4319452.793, 128
Trd, 4319453.343, 139
Trd, 4319453.393, 134
Trd, 4319453.793, 132
Trd, 4319454.443, 132
Trd, 4319454.493, 131
Trd, 4319455.143, 109
Trd, 4319456.793, 63
Trd, 4319459.843, 60
Trd, 4319459.893, 60
Trd, 4319460.243, 61
Trd, 4319460.293, 63
Trd, 4319460.993, 62
Trd, 4319461.593, 62
Trd, 4319461.743, 63
Trd, 4319461.943, 61
Trd, 4319462.043, 64
Trd, 4319463.343, 140
Trd, 4319463.443, 89
Trd, 4319465.393, 61
Trd, 4319465.943, 60
Trd, 4319466.193, 62
Trd, 4319466.643, 62
Trd, 4319467.843, 60
Trd, 4319469.793, 60
Trd, 4319469.843, 61
Trd, 4319470.043, 61
Trd, 4319470.293, 61
Trd, 4319470.393, 61
Trd, 4319471.143, 61
Trd, 4319471.543, 61
Trd, 4319472.143, 62
Trd, 4319472.793, 64
Trd, 4319472.843, 61
Trd, 4319475.043, 60
Trd, 4319477.093, 60
Trd, 4319477.543, 63
Trd, 4319478.443, 60
Trd, 4319478.693, 61
Trd, 4319479.043, 60
Trd, 4319479.443, 61
Trd, 4319479.543, 65
Trd, 4319480.293, 61
Trd, 4319480.893, 61
Trd, 4319481.843, 63
Trd, 4319483.493, 63
Trd, 4319483.943, 60
Trd, 4319484.743, 69
Trd, 4319484.893, 69
Trd, 4319485.093, 67
Trd, 4319485.443, 140
Trd, 4319485.893, 94
Trd, 4319486.893, 69
Trd, 4319487.493, 61
Trd, 4319488.343, 60
Trd, 4319488.593, 60
Trd, 4319491.593, 61
Trd, 4319492.193, 61
Trd, 4319494.193, 60
Trd, 4319494.993, 63
Trd, 4319495.293, 64
Trd, 4319495.543, 66
Trd, 4319495.843, 66
Trd, 4319496.043, 64
Trd, 4319496.193, 62
Trd, 4319496.643, 60
Trd, 4319497.993, 60
Trd, 4319498.343, 61
Trd, 4319499.643, 60
Trd, 4319500.693, 63
Trd, 4319501.243, 61
Trd, 4319503.143, 62
Trd, 4319504.093, 61
Trd, 4319504.243, 62
Trd, 4319504.693, 64
Trd, 4319505.193, 61
Trd, 4319506.193, 61
Trd, 4319506.243, 60
Trd, 4319506.343, 62
Trd, 4319507.893, 61
Trd, 4319508.693, 65
Trd, 4319509.593, 63
Trd, 4319509.943, 65
Trd, 4319510.043, 66
Trd, 4319510.493, 65
Trd, 4319510.693, 73
Trd, 4319511.293, 60
Trd, 4319512.293, 60
Trd, 4319512.793, 61
Trd, 4319513.093, 131
Trd, 4319515.593, 60
Trd, 4319515.893, 60
Trd, 4319515.943, 62
Trd, 4319516.293, 60
Trd, 4319516.743, 65
Trd, 4319516.893, 71
Trd, 4319517.193, 131
Trd, 4319517.943, 65
Trd, 4319519.893, 60
Trd, 4319520.143, 60
Trd, 4319520.293, 61
Trd, 4319521.343, 61
Trd, 4319522.043, 64
Trd, 4319522.943, 61
Trd, 4319523.493, 61
Trd, 4319523.643, 62
Trd, 4319523.693, 60
Trd, 4319524.393, 67
Trd, 4319524.893, 138
Trd, 4319525.893, 61
Trd, 4319526.243, 63
Trd, 4319526.393, 64
Trd, 4319526.443, 63
Trd, 4319527.593, 65
Trd, 4319527.693, 140
Trd, 4319528.093, 61
Trd, 4319528.243, 61
Trd, 4319528.543, 140
Trd, 4319528.593, 140
Trd, 4319532.243, 60
Trd, 4319533.243, 60
Trd, 4319533.493, 60
Trd, 4319533.943, 62
Trd, 4319535.043, 61
Trd, 4319535.293, 60
Trd, 4319535.743, 63
Trd, 4319536.043, 61
Trd, 4319536.993, 61
Trd, 4319537.393, 61
Trd, 4319537.893, 62
Trd, 4319537.993, 70
Trd, 4319538.693, 140
Trd, 4319539.043, 139
Trd, 4319540.643, 60
Trd, 4319540.693, 60
Trd, 4319540.743, 60
Trd, 4319542.793, 140
Trd, 4319543.043, 140
Trd, 4319543.393, 131
Trd, 4319544.193, 134
Trd, 4319545.093, 140
Trd, 4319545.343, 139
Trd, 4319545.643, 94
Trd, 4319546.193, 140
Trd, 4319546.943, 140
Trd, 4319547.143, 140
Trd, 4319548.043, 140
Trd, 4319548.793, 140
Trd, 4319549.043, 140
Trd, 4319550.143, 138
Trd, 4319550.243, 106
Trd, 4319550.543, 97
Trd, 4319551.193, 89
Trd, 4319552.443, 140
Trd, 4319552.543, 139
Trd, 4319553.443, 124
Trd, 4319554.593, 140
Trd, 4319555.293, 140
Trd, 4319555.693, 140
Trd, 4319555.843, 140
Trd, 4319556.793, 67
Trd, 4319557.343, 60
Trd, 4319559.543, 60
Trd, 4319560.493, 60
Trd, 4319561.093, 61
Trd, 4319562.043, 60
Trd, 4319562.193, 60
Trd, 4319564.243, 62
Trd, 4319564.543, 65
Trd, 4319564.943, 67
Trd, 4319565.393, 60
Trd, 4319565.543, 60
Trd, 4319566.343, 60
Trd, 4319567.093, 63
Trd, 4319567.193, 63
Trd, 4319568.443, 62
Trd, 4319568.693, 63
Trd, 4319568.943, 64
Trd, 4319569.343, 140
Trd, 4319570.143, 63
Trd, 4319571.543, 62
Trd, 4319571.643, 61
Trd, 4319572.543, 61
Trd, 4319573.243, 60
Trd, 4319573.693, 63
Trd, 4319573.743, 66
Trd, 4319574.343, 63
Trd, 4319574.393, 64
Trd, 4319575.743, 139
Trd, 4319575.993, 138
Trd, 4319576.393, 123
Trd, 4319577.143, 69
Trd, 4319579.293, 140
Trd, 4319579.543, 139
Trd, 4319579.693, 130
Trd, 4319579.743, 129
Trd, 4319580.493, 87
Trd, 4319581.043, 126
Trd, 4319581.943, 140
Trd, 4319582.593, 139
Trd, 4319582.893, 131
Trd, 4319583.843, 140
Trd, 4319583.893, 105
Trd, 4319584.943, 60
Trd, 4319585.193, 60
Trd, 4319585.443, 61
Trd, 4319585.693, 63
Trd, 4319588.043, 60
Trd, 4319588.093, 60
Trd, 4319588.793, 61
Trd, 4319588.943, 61
Trd, 4319589.143, 61
Trd, 4319590.743, 60
Trd, 4319591.493, 60
Trd, 4319593.793, 61
Trd, 4319593.943, 60
Trd, 4319594.443, 60
Trd, 4319594.493, 61
Trd, 4319594.643, 72
Trd, 4319594.743, 84
Trd, 4319596.143, 78
Trd, 4319596.193, 77
Trd, 4319597.743, 131
Trd, 4319598.093, 72
Trd, 4319598.543, 140
Trd, 4319599.743, 71
Trd, 4319600.743, 61
Trd, 4319601.543, 62
Trd, 4319601.843, 71
Trd, 4319602.743, 140
Trd, 4319602.843, 140
Trd, 4319603.093, 140
Trd, 4319603.143, 140
Trd, 4319603.543, 92
Trd, 4319604.493, 140
Trd, 4319605.043, 64
Trd, 4319607.043, 90
Trd, 4319607.093, 78
Trd, 4319607.543, 78
Trd, 4319608.843, 61
Trd, 4319609.393, 83
Trd, 4319609.893, 132
Trd, 4319609.943, 130
Trd, 4319610.693, 84
Trd, 4319611.043, 75
Trd, 4319612.893, 60
Trd, 4319613.343, 62
Trd, 4319613.393, 63
Trd, 4319613.543, 60
Trd, 4319615.043, 60
Trd, 4319616.143, 64
Trd, 4319617.493, 61
Trd, 4319618.093, 60
Trd, 4319618.993, 60
Trd, 4319619.043, 60
Trd, 4319619.343, 65
Trd, 4319620.393, 66
Trd, 4319620.693, 65
Trd, 4319620.843, 63
Trd, 4319620.993, 62
Trd, 4319621.593, 66
Trd, 4319621.643, 70
Trd, 4319622.993, 60
Trd, 4319623.993, 60
Trd, 4319624.593, 61
Trd, 4319625.193, 60
Trd, 4319626.043, 61
Trd, 4319626.293, 65
Trd, 4319627.193, 60
Trd, 4319629.193, 60
Trd, 4319629.393, 61
Trd, 4319630.293, 60
Trd, 4319631.543, 60
Trd, 4319631.643, 60
Trd, 4319632.393, 60
Trd, 4319632.743, 61
Trd, 4319633.543, 62
Trd, 4319634.743, 61
Trd, 4319635.693, 64
Trd, 4319638.143, 60
Trd, 4319639.293, 60
Trd, 4319639.393, 63
Trd, 4319639.843, 62
Trd, 4319640.643, 60
Trd, 4319640.843, 61
Trd, 4319641.593, 60
Trd, 4319641.893, 61
Trd, 4319642.443, 61
Trd, 4319642.793, 62
Trd, 4319643.593, 60
Trd, 4319643.893, 63
Trd, 4319644.093, 63
Trd, 4319646.143, 66
Trd, 4319646.243, 65
Trd, 4319647.743, 60
Trd, 4319648.393, 64
Trd, 4319648.993, 62
Trd, 4319649.443, 60
Trd, 4319650.343, 60
Trd, 4319651.593, 60
Trd, 4319652.643, 62
Trd, 4319652.693, 65
Trd, 4319654.643, 60
Trd, 4319656.343, 60
Trd, 4319656.693, 60
Trd, 4319657.043, 61
Trd, 4319657.093, 62
Trd, 4319657.293, 63
Trd, 4319658.193, 62
Trd, 4319658.393, 140
Trd, 4319659.043, 61
Trd, 4319659.743, 60
Trd, 4319659.793, 61
Trd, 4319660.893, 95
Trd, 4319661.793, 95
Trd, 4319662.443, 121
Trd, 4319663.993, 66
Trd, 4319664.843, 61
Trd, 4319664.993, 67
Trd, 4319665.543, 60
Trd, 4319665.743, 60
Trd, 4319666.093, 61
Trd, 4319666.643, 64
Trd, 4319666.693, 63
Trd, 4319667.943, 139
Trd, 4319668.743, 69
Trd, 4319669.593, 139
Trd, 4319670.093, 99
Trd, 4319670.143, 82
Trd, 4319670.693, 64
Trd, 4319671.393, 70
Trd, 4319673.993, 60
Trd, 4319674.043, 60
Trd, 4319675.743, 60
Trd, 4319675.943, 60
Trd, 4319676.143, 61
Trd, 4319676.593, 60
Trd, 4319677.993, 60
Trd, 4319678.143, 61
Trd, 4319678.793, 60
Trd, 4319678.943, 61
Trd, 4319679.793, 62
Trd, 4319681.043, 63
Trd, 4319681.393, 65
Trd, 4319681.443, 64
Trd, 4319681.743, 108
Trd, 4319683.493, 60
Trd, 4319684.993, 60
Trd, 4319685.143, 60
Trd, 4319685.443, 61
Trd, 4319685.643, 61
Trd, 4319686.743, 61
Trd, 4319686.843, 62
Trd, 4319688.043, 123
Trd, 4319688.143, 122
Trd, 4319688.193, 120
Trd, 4319688.543, 60
Trd, 4319691.043, 64
Trd, 4319691.293, 63
Trd, 4319692.243, 62
Trd, 4319692.493, 61
Trd, 4319693.043, 60
Trd, 4319694.293, 136
Trd, 4319695.443, 140
Trd, 4319695.693, 135
Trd, 4319695.893, 127
Trd, 4319697.043, 64
Trd, 4319697.543, 63
Trd, 4319697.893, 60
Trd, 4319699.643, 60
Trd, 4319699.743, 61
Trd, 4319700.143, 60
Trd, 4319700.893, 61
Trd, 4319701.243, 60
Trd, 4319702.593, 60
Trd, 4319703.293, 61
Trd, 4319703.743, 63
Trd, 4319704.143, 65
Trd, 4319704.693, 66
Trd, 4319705.293, 67
Trd, 4319706.793, 60
Trd, 4319708.143, 60
Trd, 4319708.343, 62
Trd, 4319709.043, 62
Trd, 4319709.343, 61
Trd, 4319709.643, 68
Trd, 4319710.193, 60
Trd, 4319711.443, 62
Trd, 4319712.043, 65
Trd, 4319712.693, 72
Trd, 4319712.743, 70
Trd, 4319712.843, 67
Trd, 4319712.893, 66
Trd, 4319713.793, 63
Trd, 4319714.393, 137
Trd, 4319715.093, 64
Trd, 4319716.143, 103
Trd, 4319716.393, 140
Trd, 4319716.543, 102
Trd, 4319718.043, 89
Trd, 4319718.693, 140
Trd, 4319718.793, 140
Trd, 4319719.343, 93
Trd, 4319719.793, 83
Trd, 4319720.093, 60
Trd, 4319720.643, 73
Trd, 4319721.543, 83
Trd, 4319722.493, 67
Trd, 4319723.043, 81
Trd, 4319723.443, 137
Trd, 4319723.943, 121
Trd, 4319724.293, 123
Trd, 4319724.543, 122
Trd, 4319726.193, 138
Trd, 4319726.343, 99
Trd, 4319726.793, 138
Trd, 4319727.593, 65
Trd, 4319728.393, 60
Trd, 4319729.443, 60
Trd, 4319729.943, 60
Trd, 4319730.293, 61
Trd, 4319730.793, 60
Trd, 4319731.443, 63
Trd, 4319731.743, 61
Trd, 4319731.993, 62
Trd, 4319732.943, 62
Trd, 4319733.593, 63
Trd, 4319734.343, 61
Trd, 4319734.943, 64
Trd, 4319735.193, 65
Trd, 4319735.293, 62
Trd, 4319735.743, 63
Trd, 4319736.743, 69
Trd, 4319738.093, 60
Trd, 4319738.493, 63
Trd, 4319740.643, 60
Trd, 4319740.993, 60
Trd, 4319741.343, 65
Trd, 4319742.043, 71
Trd, 4319743.093, 63
Trd, 4319743.293, 65
Trd, 4319743.743, 64
Trd, 4319743.893, 61
Trd, 4319743.993, 60
Trd, 4319747.293, 104
Trd, 4319747.343, 103
Trd, 4319747.443, 100
Trd, 4319747.593, 95
Trd, 4319748.043, 136
Trd, 4319748.143, 66
Trd, 4319749.643, 60
Trd, 4319750.193, 61
Trd, 4319750.293, 68
Trd, 4319751.293, 61
Trd, 4319751.393, 90
Trd, 4319753.243, 60
Trd, 4319753.293, 60
Trd, 4319753.443, 61
Trd, 4319754.693, 60
Trd, 4319754.943, 62
Trd, 4319755.793, 60
Trd, 4319756.193, 60
Trd, 4319757.793, 67
Trd, 4319758.643, 69
Trd, 4319758.743, 67
Trd, 4319758.793, 72
Trd, 4319759.193, 65
Trd, 4319760.093, 67
Trd, 4319760.393, 62
Trd, 4319761.143, 140
Trd, 4319761.493, 140
Trd, 4319761.543, 131
Trd, 4319763.943, 60
Trd, 4319764.043, 62
Trd, 4319764.443, 61
Trd, 4319765.043, 61
Trd, 4319765.243, 60
Trd, 4319765.493, 60
Trd, 4319766.693, 61
Trd, 4319766.843, 62
Trd, 4319767.243, 60
Trd, 4319768.343, 60
Trd, 4319768.893, 63
Trd, 4319769.393, 64
Trd, 4319770.193, 130
Trd, 4319770.943, 129
Trd, 4319771.493, 111
Trd, 4319771.643, 110
Trd, 4319771.943, 85
Trd, 4319771.993, 84
Trd, 4319773.843, 136
Trd, 4319774.493, 138
Trd, 4319774.543, 137
Trd, 4319775.593, 138
Trd, 4319776.093, 135
Trd, 4319776.993, 104
Trd, 4319777.193, 113
Trd, 4319777.593, 102
Trd, 4319778.643, 140
Trd, 4319779.443, 140
Trd, 4319779.993, 85
Trd, 4319780.893, 109
Trd, 4319781.443, 109
Trd, 4319782.093, 140
Trd, 4319782.243, 140
Trd, 4319782.743, 131
Trd, 4319782.993, 113
Trd, 4319783.643, 60
Trd, 4319784.843, 94
Trd, 4319785.143, 139
Trd, 4319785.493, 89
Trd, 4319786.243, 139
Trd, 4319786.343, 88
Trd, 4319788.793, 84
Trd, 4319789.293, 75
Trd, 4319789.493, 72
Trd, 4319789.793, 71
Trd, 4319790.343, 62
Trd, 4319791.543, 60
Trd, 4319791.993, 60
Trd, 4319792.793, 61
Trd, 4319793.443, 60
Trd, 4319795.443, 60
Trd, 4319796.643, 60
Trd, 4319796.793, 61
Trd, 4319798.993, 62
Trd, 4319799.393, 62
Trd, 4319799.843, 63
Trd, 4319800.093, 66
Trd, 4319800.243, 72
Trd, 4319800.493, 70
Trd, 4319801.893, 133
Trd, 4319802.193, 119
Trd, 4319802.243, 118
Trd, 4319802.343, 71
Trd, 4319803.093, 139
Trd, 4319805.093, 70
Trd, 4319806.643, 60
Trd, 4319807.843, 60
Trd, 4319808.943, 60
Trd, 4319809.643, 60
Trd, 4319809.793, 62
Trd, 4319810.443, 66
Trd, 4319810.643, 62
Trd, 4319811.193, 67
Trd, 4319814.443, 140
Trd, 4319814.543, 140
Trd, 4319814.843, 140
Trd, 4319815.243, 140
Trd, 4319815.443, 132
Trd, 4319815.693, 123
Trd, 4319816.043, 140
Trd, 4319818.043, 140
Trd, 4319818.143, 140
Trd, 4319818.343, 97
Trd, 4319819.893, 105
Trd, 4319820.243, 104
Trd, 4319820.393, 93
Trd, 4319821.493, 60
Trd, 4319822.443, 64
Trd, 4319822.543, 65
Trd, 4319824.693, 60
Trd, 4319824.893, 60
Trd, 4319825.093, 61
Trd, 4319825.143, 63
Trd, 4319825.293, 135
Trd, 4319826.043, 67
Trd, 4319827.793, 138
Trd, 4319827.893, 138
Trd, 4319827.943, 137
Trd, 4319828.243, 126
Trd, 4319829.343, 140
Trd, 4319829.993, 120
Trd, 4319830.343, 139
Trd, 4319830.493, 115
Trd, 4319831.993, 116
Trd, 4319832.593, 140
Trd, 4319833.193, 140
Trd, 4319833.293, 140
Trd, 4319833.393, 136
Trd, 4319833.843, 65
Trd, 4319834.343, 68
Trd, 4319834.643, 65
Trd, 4319837.143, 97
Trd, 4319837.943, 98
Trd, 4319838.093, 96
Trd, 4319838.193, 104
Trd, 4319838.893, 98
Trd, 4319839.843, 136
Trd, 4319840.493, 119
Trd, 4319840.943, 98
Trd, 4319841.243, 99
Trd, 4319841.393, 97
Trd, 4319841.943, 137
Trd, 4319842.143, 82
Trd, 4319842.593, 139
Trd, 4319843.143, 82
Trd, 4319845.993, 60
Trd, 4319846.793, 60
Trd, 4319846.993, 61
Trd, 4319847.593, 64
Trd, 4319848.743, 61
Trd, 4319848.943, 61
Trd, 4319852.043, 60
Trd, 4319852.643, 60
Trd, 4319852.793, 61
Trd, 4319852.843, 63
Trd, 4319853.743, 64
Trd, 4319853.893, 63
Trd, 4319854.143, 62
Trd, 4319854.293, 65
Trd, 4319855.693, 140
Trd, 4319855.993, 140
Trd, 4319856.093, 140
Trd, 4319856.443, 131
Trd, 4319856.493, 95
Trd, 4319857.043, 119
Trd, 4319857.893, 60
Trd, 4319859.343, 63
Trd, 4319860.093, 65
Trd, 4319860.643, 67
Trd, 4319860.843, 67
Trd, 4319861.093, 89
Trd, 4319861.293, 67
Trd, 4319861.393, 64
Trd, 4319862.443, 66
Trd, 4319863.343, 63
Trd, 4319863.543, 138
Trd, 4319865.043, 61
Trd, 4319865.993, 63
Trd, 4319866.093, 66
Trd, 4319867.393, 62
Trd, 4319869.393, 60
Trd, 4319869.943, 60
Trd, 4319870.243, 65
Trd, 4319871.243, 60
Trd, 4319871.443, 60
Trd, 4319871.893, 61
Trd, 4319872.493, 62
Trd, 4319873.193, 60
Trd, 4319873.693, 60
Trd, 4319875.843, 61
Trd, 4319876.193, 62
Trd, 4319876.893, 63
Trd, 4319876.943, 65
Trd, 4319877.393, 60
Trd, 4319877.893, 61
Trd, 4319878.343, 62
Trd, 4319879.893, 61
Trd, 4319879.993, 63
Trd, 4319880.043, 67
Trd, 4319880.843, 127
Trd, 4319881.343, 115
Trd, 4319882.093, 117
Trd, 4319882.793, 118
Trd, 4319882.893, 109
Trd, 4319884.893, 140
Trd, 4319885.043, 139
Trd, 4319885.943, 140
Trd, 4319887.193, 138
Trd, 4319887.293, 137
Trd, 4319887.343, 130
Trd, 4319887.743, 139
Trd, 4319888.393, 104
Trd, 4319888.693, 136
Trd, 4319889.093, 60
Trd, 4319891.343, 107
Trd, 4319891.493, 105
Trd, 4319891.893, 65
Trd, 4319892.243, 64
Trd, 4319892.693, 64
Trd, 4319894.393, 60
Trd, 4319895.093, 65
Trd, 4319895.493, 65
Trd, 4319896.543, 85
Trd, 4319896.693, 65
Trd, 4319897.293, 64
Trd, 4319897.443, 60
Trd, 4319899.443, 61
Trd, 4319902.743, 60
Trd, 4319903.343, 60
Trd, 4319904.093, 61
Trd, 4319904.143, 60
Trd, 4319904.893, 60
Trd, 4319905.493, 61
Trd, 4319905.693, 62
Trd, 4319905.743, 63
Trd, 4319905.793, 64
Trd, 4319906.843, 63
Trd, 4319908.693, 61
Trd, 4319909.543, 64
Trd, 4319909.743, 61
Trd, 4319910.143, 62
Trd, 4319910.793, 61
Trd, 4319912.643, 60
Trd, 4319913.443, 60
Trd, 4319914.193, 60
Trd, 4319914.543, 62
Trd, 4319915.343, 63
Trd, 4319915.593, 63
Trd, 4319915.943, 62
Trd, 4319916.243, 64
Trd, 4319916.943, 61
Trd, 4319917.443, 61
Trd, 4319918.043, 60
Trd, 4319918.093, 61
Trd, 4319919.043, 63
Trd, 4319921.843, 60
Trd, 4319922.293, 60
Trd, 4319922.793, 60
Trd, 4319922.843, 61
Trd, 4319923.593, 60
Trd, 4319923.943, 61
Trd, 4319924.093, 62
Trd, 4319924.893, 60
Trd, 4319925.193, 61
Trd, 4319925.793, 60
Trd, 4319926.693, 60
Trd, 4319927.543, 67
Trd, 4319927.893, 63
Trd, 4319928.943, 69
Trd, 4319929.493, 64
Trd, 4319930.443, 60
Trd, 4319931.243, 61
Trd, 4319931.893, 60
Trd, 4319932.293, 64
Trd, 4319932.643, 61
Trd, 4319933.343, 62
Trd, 4319933.893, 61
Trd, 4319933.993, 65
Trd, 4319934.993, 63
Trd, 4319935.143, 76
Trd, 4319936.993, 60
Trd, 4319937.093, 61
Trd, 4319938.643, 60
Trd, 4319939.993, 60
Trd, 4319940.743, 60
Trd, 4319941.543, 60
Trd, 4319942.643, 60
Trd, 4319944.343, 60
Trd, 4319944.743, 63
Trd, 4319944.843, 60
Trd, 4319944.943, 65
Trd, 4319945.693, 66
Trd, 4319946.493, 64
Trd, 4319946.793, 63
Trd, 4319946.943, 62
Trd, 4319947.593, 67
Trd, 4319950.643, 60
Trd, 4319950.793, 60
Trd, 4319951.593, 61
Trd, 4319951.693, 65
Trd, 4319952.043, 64
Trd, 4319952.393, 63
Trd, 4319953.043, 60
Trd, 4319953.943, 60
Trd, 4319954.343, 65
Trd, 4319954.893, 65
Trd, 4319955.343, 65
Trd, 4319956.243, 65
Trd, 4319956.743, 67
Trd, 4319956.793, 65
Trd, 4319957.843, 65
Trd, 4319959.793, 140
Trd, 4319960.093, 140
Trd, 4319960.193, 140
Trd, 4319960.393, 66
Trd, 4319961.093, 79
Trd, 4319961.543, 133
Trd, 4319962.143, 81
Trd, 4319962.893, 140
Trd, 4319963.143, 138
Trd, 4319963.293, 78
Trd, 4319964.343, 66
Trd, 4319965.693, 63
Trd, 4319965.943, 67
Trd, 4319966.143, 66
Trd, 4319968.643, 60
Trd, 4319969.543, 62
Trd, 4319969.843, 61
Trd, 4319970.543, 60
Trd, 4319970.743, 61
Trd, 4319971.143, 65
Trd, 4319971.743, 63
Trd, 4319973.243, 64
Trd, 4319973.693, 60
Trd, 4319974.793, 60
Trd, 4319975.343, 61
Trd, 4319975.643, 60
Trd, 4319975.843, 61
Trd, 4319977.093, 62
Trd, 4319977.293, 63
Trd, 4319977.593, 84
Trd, 4319978.143, 62
Trd, 4319978.893, 64
Trd, 4319978.943, 76
Trd, 4319979.443, 69
Trd, 4319981.593, 74
Trd, 4319982.243, 126
Trd, 4319983.843, 109
Trd, 4319984.143, 138
Trd, 4319984.243, 137
Trd, 4319984.293, 124
Trd, 4319985.043, 134
Trd, 4319985.593, 108
Trd, 4319986.193, 140
Trd, 4319987.043, 140
Trd, 4319988.093, 61
Trd, 4319988.643, 63
Trd, 4319988.743, 66
Trd, 4319989.293, 82
Trd, 4319989.893, 98
Trd, 4319991.093, 140
Trd, 4319991.743, 140
Trd, 4319992.093, 140
Trd, 4319992.243, 140
Trd, 4319992.343, 136
Trd, 4319993.793, 139
Trd, 4319994.743, 132
Trd, 4319995.143, 99
Trd, 4319995.393, 98
Trd, 4319995.643, 121
Trd, 4319996.693, 109
Trd, 4319997.193, 73
Trd, 4319997.443, 71
Trd, 4319998.243, 63
Trd, 4319998.843, 85
Trd, 4319999.143, 97
Trd, 4319999.793, 137
