Trd, 4318140.793, 99
Trd, 4318140.993, 70
Trd, 4318141.493, 71
Trd, 4318142.793, 75
Trd, 4318143.193, 87
Trd, 4318144.343, 98
Trd, 4318144.443, 67
Trd, 4318146.843, 137
Trd, 4318147.343, 111
Trd, 4318147.993, 124
Trd, 4318148.443, 105
Trd, 4318148.643, 110
Trd, 4318149.643, 129
Trd, 4318149.743, 96
Trd, 4318150.743, 117
Trd, 4318151.843, 99
Trd, 4318152.143, 78
Trd, 4318153.443, 98
Trd, 4318153.843, 104
Trd, 4318153.943, 83
Trd, 4318155.743, 67
Trd, 4318156.243, 97
Trd, 4318156.443, 93
Trd, 4318157.093, 139
Trd, 4318157.243, 108
Trd, 4318159.143, 89
Trd, 4318159.843, 133
Trd, 4318160.343, 125
Trd, 4318161.793, 130
Trd, 4318162.593, 112
Trd, 4318162.793, 98
Trd, 4318163.043, 113
Trd, 4318163.493, 85
Trd, 4318164.243, 113
Trd, 4318164.493, 122
Trd, 4318165.643, 65
Trd, 4318167.493, 64
Trd, 4318167.943, 67
Trd, 4318168.043, 64
Trd, 4318168.743, 90
Trd, 4318169.193, 73
Trd, 4318170.743, 97
Trd, 4318171.093, 103
Trd, 4318172.293, 65
Trd, 4318173.593, 77
Trd, 4318174.243, 101
Trd, 4318175.543, 87
Trd, 4318175.893, 125
Trd, 4318175.943, 86
Trd, 4318176.593, 70
Trd, 4318176.743, 112
Trd, 4318178.243, 126
Trd, 4318178.893, 134
Trd, 4318178.993, 94
Trd, 4318180.543, 86
Trd, 4318181.443, 66
Trd, 4318181.693, 63
Trd, 4318182.643, 88
Trd, 4318183.443, 80
Trd, 4318184.793, 68
Trd, 4318186.143, 111
Trd, 4318186.793, 137
Trd, 4318187.043, 98
Trd, 4318188.793, 130
Trd, 4318189.143, 117
Trd, 4318189.643, 88
Trd, 4318190.493, 111
Trd, 4318190.593, 110
Trd, 4318190.843, 80
Trd, 4318191.293, 112
Trd, 4318192.993, 93
Trd, 4318193.893, 97
Trd, 4318194.243, 140
Trd, 4318194.843, 103
Trd, 4318195.743, 117
Trd, 4318196.443, 111
Trd, 4318196.993, 110
Trd, 4318197.793, 102
Trd, 4318198.443, 99
Trd, 4318199.393, 125
Trd, 4318200.243, 95
Trd, 4318200.643, 77
Trd, 4318201.443, 100
Trd, 4318201.843, 133
Trd, 4318202.393, 82
Trd, 4318203.243, 121
Trd, 4318204.043, 107
Trd, 4318204.193, 107
Trd, 4318204.993, 134
Trd, 4318206.793, 118
Trd, 4318206.993, 107
Trd, 4318207.143, 103
Trd, 4318207.843, 93
Trd, 4318209.693, 128
Trd, 4318209.943, 92
Trd, 4318210.293, 90
Trd, 4318210.843, 130
Trd, 4318210.943, 88
Trd, 4318212.793, 129
Trd, 4318213.643, 114
Trd, 4318214.043, 113
Trd, 4318214.243, 102
Trd, 4318216.193, 114
Trd, 4318216.643, 94
Trd, 4318217.443, 109
Trd, 4318217.893, 131
Trd, 4318218.543, 78
Trd, 4318218.693, 90
Trd, 4318220.893, 83
Trd, 4318222.293, 97
Trd, 4318222.643, 118
Trd, 4318223.493, 133
Trd, 4318223.693, 114
Trd, 4318224.943, 117
Trd, 4318224.993, 104
Trd, 4318225.793, 84
Trd, 4318225.843, 81
Trd, 4318226.443, 73
Trd, 4318226.543, 94
Trd, 4318228.893, 83
Trd, 4318228.943, 114
Trd, 4318230.793, 92
Trd, 4318231.893, 89
Trd, 4318231.993, 86
Trd, 4318232.443, 79
Trd, 4318232.493, 79
Trd, 4318233.043, 120
Trd, 4318234.043, 106
Trd, 4318234.593, 80
Trd, 4318235.643, 116
Trd, 4318236.543, 85
Trd, 4318237.443, 113
Trd, 4318237.793, 87
Trd, 4318238.043, 113
Trd, 4318239.293, 136
Trd, 4318239.593, 113
Trd, 4318240.343, 91
Trd, 4318240.443, 96
Trd, 4318241.193, 82
Trd, 4318242.093, 61
Trd, 4318242.143, 135
Trd, 4318243.393, 61
Trd, 4318244.043, 68
Trd, 4318245.193, 67
Trd, 4318246.243, 135
Trd, 4318246.493, 83
Trd, 4318247.293, 116
Trd, 4318248.043, 134
Trd, 4318248.343, 118
Trd, 4318248.643, 102
Trd, 4318248.843, 112
Trd, 4318250.143, 69
Trd, 4318252.043, 76
Trd, 4318252.093, 79
Trd, 4318252.443, 62
Trd, 4318252.693, 83
Trd, 4318253.743, 65
Trd, 4318253.893, 66
Trd, 4318254.993, 65
Trd, 4318255.593, 76
Trd, 4318256.243, 132
Trd, 4318256.443, 138
Trd, 4318256.543, 126
Trd, 4318257.093, 84
Trd, 4318257.143, 81
Trd, 4318258.393, 120
Trd, 4318258.593, 124
Trd, 4318260.293, 82
Trd, 4318260.543, 102
Trd, 4318260.593, 80
Trd, 4318261.293, 136
Trd, 4318261.643, 120
Trd, 4318262.293, 88
Trd, 4318262.443, 81
Trd, 4318264.393, 121
Trd, 4318265.043, 111
Trd, 4318265.543, 99
Trd, 4318265.893, 131
Trd, 4318266.943, 104
Trd, 4318267.043, 117
Trd, 4318267.343, 116
Trd, 4318269.093, 113
Trd, 4318269.243, 108
Trd, 4318269.393, 116
Trd, 4318270.443, 138
Trd, 4318270.593, 117
Trd, 4318271.093, 106
Trd, 4318273.293, 139
Trd, 4318274.093, 131
Trd, 4318274.643, 114
Trd, 4318275.793, 132
Trd, 4318276.143, 118
Trd, 4318276.593, 112
Trd, 4318276.693, 111
Trd, 4318277.893, 124
Trd, 4318278.293, 133
Trd, 4318278.343, 130
Trd, 4318279.393, 133
Trd, 4318279.643, 103
Trd, 4318281.143, 80
Trd, 4318281.743, 99
Trd, 4318282.393, 66
Trd, 4318282.943, 89
Trd, 4318283.693, 125
Trd, 4318284.593, 112
Trd, 4318285.093, 101
Trd, 4318285.443, 73
Trd, 4318286.543, 78
Trd, 4318286.993, 131
Trd, 4318287.743, 102
Trd, 4318287.893, 97
Trd, 4318288.293, 131
Trd, 4318289.593, 97
Trd, 4318290.793, 106
Trd, 4318291.143, 95
Trd, 4318292.093, 138
Trd, 4318292.143, 130
Trd, 4318292.193, 97
Trd, 4318294.243, 136
Trd, 4318295.243, 106
Trd, 4318295.593, 99
Trd, 4318296.743, 94
Trd, 4318297.443, 117
Trd, 4318298.343, 101
Trd, 4318298.893, 70
Trd, 4318298.943, 79
Trd, 4318299.693, 71
Trd, 4318300.143, 81
Trd, 4318300.993, 63
Trd, 4318302.443, 78
Trd, 4318303.643, 125
Trd, 4318305.143, 115
Trd, 4318305.243, 106
Trd, 4318306.593, 112
Trd, 4318307.393, 101
Trd, 4318308.593, 104
Trd, 4318309.693, 131
Trd, 4318309.743, 125
Trd, 4318310.093, 112
Trd, 4318310.743, 73
Trd, 4318311.293, 127
Trd, 4318311.693, 120
Trd, 4318312.393, 104
Trd, 4318312.843, 132
Trd, 4318313.043, 116
Trd, 4318314.593, 128
Trd, 4318315.643, 138
Trd, 4318315.943, 115
Trd, 4318316.093, 133
Trd, 4318316.643, 113
Trd, 4318316.843, 109
Trd, 4318317.493, 126
Trd, 4318318.443, 94
Trd, 4318319.843, 126
Trd, 4318319.893, 114
Trd, 4318321.243, 89
Trd, 4318321.643, 77
Trd, 4318321.893, 96
Trd, 4318322.093, 105
Trd, 4318322.643, 102
Trd, 4318323.143, 127
Trd, 4318323.743, 101
Trd, 4318324.193, 67
Trd, 4318325.293, 74
Trd, 4318325.543, 103
Trd, 4318325.743, 100
Trd, 4318326.293, 82
Trd, 4318326.743, 84
Trd, 4318327.943, 94
Trd, 4318328.193, 75
Trd, 4318328.843, 93
Trd, 4318328.893, 80
Trd, 4318332.243, 132
Trd, 4318332.593, 116
Trd, 4318332.793, 116
Trd, 4318332.943, 126
Trd, 4318333.093, 92
Trd, 4318334.193, 102
Trd, 4318334.343, 74
Trd, 4318335.993, 115
Trd, 4318337.643, 139
Trd, 4318337.893, 111
Trd, 4318338.043, 109
Trd, 4318338.293, 98
Trd, 4318338.543, 103
Trd, 4318338.793, 88
Trd, 4318339.743, 83
Trd, 4318340.043, 86
Trd, 4318341.443, 60
Trd, 4318341.843, 94
Trd, 4318342.543, 112
Trd, 4318343.193, 79
Trd, 4318343.293, 68
Trd, 4318344.193, 79
Trd, 4318344.943, 79
Trd, 4318345.393, 118
Trd, 4318345.743, 78
Trd, 4318346.093, 122
Trd, 4318348.243, 113
Trd, 4318348.493, 83
Trd, 4318349.343, 80
Trd, 4318350.193, 82
Trd, 4318350.643, 127
Trd, 4318351.243, 97
Trd, 4318351.793, 70
Trd, 4318352.143, 121
Trd, 4318352.693, 75
Trd, 4318352.893, 64
Trd, 4318353.643, 62
Trd, 4318353.993, 82
Trd, 4318355.443, 65
Trd, 4318355.793, 75
Trd, 4318355.843, 65
Trd, 4318356.693, 86
Trd, 4318357.993, 68
Trd, 4318358.743, 92
Trd, 4318359.193, 87
Trd, 4318360.293, 63
Trd, 4318360.493, 110
Trd, 4318360.593, 62
Trd, 4318361.193, 114
Trd, 4318363.593, 139
Trd, 4318363.743, 104
Trd, 4318364.493, 115
Trd, 4318365.293, 82
Trd, 4318365.993, 123
Trd, 4318366.243, 114
Trd, 4318367.043, 102
Trd, 4318367.493, 95
Trd, 4318367.543, 82
Trd, 4318367.993, 91
Trd, 4318368.793, 127
Trd, 4318370.943, 109
Trd, 4318370.993, 98
Trd, 4318371.193, 82
Trd, 4318371.593, 62
Trd, 4318373.043, 60
Trd, 4318374.243, 92
Trd, 4318374.593, 83
Trd, 4318374.943, 112
Trd, 4318375.593, 100
Trd, 4318376.343, 122
Trd, 4318376.643, 68
Trd, 4318376.893, 86
Trd, 4318377.593, 97
Trd, 4318378.693, 113
Trd, 4318378.893, 99
Trd, 4318379.893, 100
Trd, 4318380.493, 89
Trd, 4318380.543, 80
Trd, 4318381.893, 88
Trd, 4318383.293, 107
Trd, 4318384.093, 79
Trd, 4318384.793, 75
Trd, 4318385.243, 117
Trd, 4318386.193, 104
Trd, 4318386.493, 88
Trd, 4318387.243, 131
Trd, 4318387.893, 85
Trd, 4318388.443, 88
Trd, 4318388.493, 101
Trd, 4318388.543, 83
Trd, 4318389.743, 82
Trd, 4318389.943, 78
Trd, 4318389.993, 116
Trd, 4318392.293, 129
Trd, 4318392.393, 110
Trd, 4318392.693, 118
Trd, 4318393.293, 95
Trd, 4318393.493, 118
Trd, 4318394.243, 65
Trd, 4318396.043, 119
Trd, 4318396.643, 127
Trd, 4318397.193, 107
Trd, 4318397.743, 109
Trd, 4318398.043, 66
Trd, 4318398.793, 107
Trd, 4318399.243, 107
Trd, 4318400.543, 120
Trd, 4318401.043, 113
Trd, 4318401.943, 91
Trd, 4318402.943, 94
Trd, 4318403.143, 85
Trd, 4318404.193, 76
Trd, 4318404.593, 74
Trd, 4318405.393, 92
Trd, 4318405.743, 93
Trd, 4318405.943, 85
Trd, 4318407.793, 83
Trd, 4318408.043, 80
Trd, 4318408.393, 89
Trd, 4318408.943, 75
Trd, 4318410.343, 98
Trd, 4318410.693, 75
Trd, 4318411.943, 61
Trd, 4318412.593, 65
Trd, 4318412.893, 69
Trd, 4318413.743, 62
Trd, 4318413.793, 69
Trd, 4318414.243, 60
Trd, 4318414.743, 68
Trd, 4318414.793, 78
Trd, 4318415.493, 79
Trd, 4318416.743, 62
Trd, 4318418.993, 118
Trd, 4318419.093, 98
Trd, 4318419.343, 89
Trd, 4318420.643, 64
Trd, 4318420.743, 102
Trd, 4318421.443, 91
Trd, 4318421.893, 97
Trd, 4318422.843, 73
Trd, 4318423.093, 67
Trd, 4318423.343, 71
Trd, 4318424.593, 110
Trd, 4318425.393, 138
Trd, 4318427.093, 122
Trd, 4318427.543, 112
Trd, 4318428.193, 94
Trd, 4318428.843, 92
Trd, 4318429.443, 117
Trd, 4318431.093, 83
Trd, 4318431.293, 71
Trd, 4318431.343, 100
Trd, 4318431.643, 104
Trd, 4318432.643, 74
Trd, 4318433.693, 139
Trd, 4318434.043, 116
Trd, 4318435.043, 89
Trd, 4318436.743, 120
Trd, 4318437.593, 104
Trd, 4318437.893, 90
Trd, 4318438.093, 78
Trd, 4318439.643, 137
Trd, 4318439.843, 133
Trd, 4318441.693, 91
Trd, 4318441.893, 91
Trd, 4318442.143, 115
Trd, 4318444.343, 127
Trd, 4318444.493, 118
Trd, 4318444.843, 104
Trd, 4318445.093, 134
Trd, 4318445.993, 98
Trd, 4318446.093, 91
Trd, 4318447.143, 120
Trd, 4318447.693, 112
Trd, 4318448.043, 89
Trd, 4318449.743, 128
Trd, 4318450.343, 130
Trd, 4318451.343, 112
Trd, 4318451.743, 115
Trd, 4318452.393, 109
Trd, 4318453.293, 124
Trd, 4318453.643, 132
Trd, 4318454.293, 100
Trd, 4318455.043, 92
Trd, 4318456.393, 124
Trd, 4318456.693, 124
Trd, 4318457.643, 93
Trd, 4318458.643, 138
Trd, 4318459.193, 134
Trd, 4318459.543, 133
Trd, 4318459.993, 109
Trd, 4318460.393, 101
Trd, 4318461.543, 75
Trd, 4318461.693, 67
Trd, 4318461.993, 92
Trd, 4318463.343, 139
Trd, 4318464.043, 120
Trd, 4318464.743, 120
Trd, 4318465.293, 126
Trd, 4318465.743, 129
Trd, 4318466.193, 114
Trd, 4318466.393, 103
Trd, 4318467.343, 101
Trd, 4318469.293, 116
Trd, 4318469.543, 132
Trd, 4318470.693, 139
Trd, 4318471.293, 122
Trd, 4318471.493, 120
Trd, 4318471.743, 92
Trd, 4318471.943, 87
Trd, 4318472.943, 128
Trd, 4318473.743, 60
Trd, 4318474.193, 98
Trd, 4318475.343, 76
Trd, 4318475.743, 74
Trd, 4318476.793, 113
Trd, 4318477.543, 117
Trd, 4318477.593, 61
Trd, 4318478.093, 98
Trd, 4318478.593, 96
Trd, 4318479.343, 88
Trd, 4318480.643, 133
Trd, 4318481.693, 106
Trd, 4318482.343, 124
Trd, 4318482.843, 90
Trd, 4318483.143, 90
Trd, 4318483.593, 129
Trd, 4318484.993, 139
Trd, 4318486.293, 94
Trd, 4318487.643, 111
Trd, 4318487.693, 112
Trd, 4318489.043, 128
Trd, 4318490.943, 85
Trd, 4318491.093, 110
Trd, 4318491.193, 66
Trd, 4318492.393, 68
Trd, 4318492.893, 87
Trd, 4318492.943, 95
Trd, 4318493.643, 83
Trd, 4318494.593, 66
Trd, 4318494.643, 101
Trd, 4318495.443, 82
Trd, 4318496.693, 116
Trd, 4318496.943, 116
Trd, 4318498.243, 101
Trd, 4318498.293, 88
Trd, 4318499.043, 87
Trd, 4318499.643, 124
Trd, 4318500.293, 125
Trd, 4318500.743, 80
Trd, 4318500.993, 97
Trd, 4318501.843, 84
Trd, 4318503.443, 106
Trd, 4318503.943, 136
Trd, 4318504.143, 97
Trd, 4318506.443, 81
Trd, 4318506.943, 83
Trd, 4318507.393, 96
Trd, 4318507.593, 83
Trd, 4318508.093, 114
Trd, 4318508.593, 129
Trd, 4318509.443, 116
Trd, 4318509.843, 115
Trd, 4318510.443, 75
Trd, 4318512.393, 73
Trd, 4318512.793, 105
Trd, 4318513.643, 120
Trd, 4318514.393, 106
Trd, 4318515.693, 120
Trd, 4318516.493, 117
Trd, 4318517.243, 113
Trd, 4318518.093, 104
Trd, 4318518.543, 90
Trd, 4318518.943, 89
Trd, 4318519.943, 81
Trd, 4318520.393, 75
Trd, 4318520.693, 92
Trd, 4318520.893, 90
Trd, 4318521.443, 126
Trd, 4318522.393, 114
Trd, 4318522.643, 93
Trd, 4318523.043, 69
Trd, 4318524.193, 132
Trd, 4318525.243, 64
Trd, 4318525.293, 66
Trd, 4318526.193, 115
Trd, 4318526.943, 114
Trd, 4318527.243, 122
Trd, 4318527.843, 104
Trd, 4318528.193, 92
Trd, 4318528.943, 109
Trd, 4318529.043, 105
Trd, 4318529.243, 75
Trd, 4318530.593, 121
Trd, 4318530.893, 113
Trd, 4318531.143, 85
Trd, 4318531.593, 70
Trd, 4318532.543, 101
Trd, 4318532.893, 60
Trd, 4318534.193, 104
Trd, 4318535.043, 102
Trd, 4318535.293, 100
Trd, 4318536.093, 84
Trd, 4318536.493, 137
Trd, 4318538.043, 120
Trd, 4318538.343, 120
Trd, 4318539.243, 137
Trd, 4318540.143, 112
Trd, 4318540.643, 113
Trd, 4318540.993, 97
Trd, 4318542.243, 116
Trd, 4318542.893, 136
Trd, 4318543.793, 96
Trd, 4318544.143, 86
Trd, 4318544.793, 114
Trd, 4318546.343, 139
Trd, 4318547.693, 133
Trd, 4318548.243, 136
Trd, 4318548.693, 122
Trd, 4318550.293, 129
Trd, 4318551.693, 135
Trd, 4318552.593, 126
Trd, 4318552.793, 121
Trd, 4318553.543, 126
Trd, 4318553.793, 119
Trd, 4318553.943, 106
Trd, 4318555.093, 134
Trd, 4318556.043, 109
Trd, 4318556.493, 84
Trd, 4318557.793, 89
Trd, 4318558.043, 77
Trd, 4318559.093, 122
Trd, 4318559.893, 128
Trd, 4318561.843, 126
Trd, 4318562.193, 112
Trd, 4318563.143, 128
Trd, 4318563.393, 115
Trd, 4318563.793, 115
Trd, 4318565.593, 124
Trd, 4318565.943, 116
Trd, 4318566.243, 89
Trd, 4318566.343, 83
Trd, 4318566.793, 65
Trd, 4318567.143, 69
Trd, 4318568.343, 107
Trd, 4318569.193, 105
Trd, 4318569.843, 113
Trd, 4318570.443, 130
Trd, 4318570.843, 111
Trd, 4318570.993, 106
Trd, 4318571.793, 95
Trd, 4318572.193, 98
Trd, 4318574.343, 105
Trd, 4318574.543, 72
Trd, 4318574.943, 103
Trd, 4318576.143, 112
Trd, 4318577.493, 110
Trd, 4318577.943, 98
Trd, 4318578.943, 97
Trd, 4318579.143, 88
Trd, 4318579.893, 107
Trd, 4318580.893, 99
Trd, 4318582.393, 83
Trd, 4318582.643, 133
Trd, 4318583.543, 98
Trd, 4318584.643, 140
Trd, 4318584.993, 99
Trd, 4318585.243, 85
Trd, 4318585.393, 71
Trd, 4318586.193, 64
Trd, 4318586.643, 83
Trd, 4318588.243, 129
Trd, 4318588.293, 116
Trd, 4318589.243, 76
Trd, 4318589.543, 62
Trd, 4318591.843, 105
Trd, 4318592.893, 132
Trd, 4318594.143, 97
Trd, 4318594.493, 81
Trd, 4318594.843, 106
Trd, 4318595.993, 133
Trd, 4318596.793, 119
Trd, 4318597.193, 112
Trd, 4318597.643, 110
Trd, 4318597.943, 125
Trd, 4318598.293, 135
Trd, 4318598.393, 122
Trd, 4318599.493, 78
Trd, 4318600.993, 138
Trd, 4318601.243, 126
Trd, 4318602.043, 135
Trd, 4318602.293, 130
Trd, 4318602.743, 101
Trd, 4318603.493, 101
Trd, 4318604.093, 101
Trd, 4318605.393, 96
Trd, 4318605.993, 97
Trd, 4318606.843, 104
Trd, 4318607.043, 71
Trd, 4318607.093, 67
Trd, 4318607.393, 90
Trd, 4318607.593, 66
Trd, 4318608.293, 139
Trd, 4318609.993, 78
Trd, 4318610.443, 101
Trd, 4318611.843, 105
Trd, 4318612.093, 102
Trd, 4318612.593, 125
Trd, 4318613.393, 115
Trd, 4318614.143, 140
Trd, 4318614.543, 119
Trd, 4318614.793, 112
Trd, 4318615.093, 101
Trd, 4318616.043, 118
Trd, 4318617.243, 130
Trd, 4318618.443, 123
Trd, 4318618.693, 123
Trd, 4318619.043, 120
Trd, 4318619.693, 122
Trd, 4318619.943, 110
Trd, 4318620.393, 128
Trd, 4318621.393, 79
Trd, 4318621.643, 140
Trd, 4318622.543, 124
Trd, 4318623.693, 110
Trd, 4318624.343, 82
Trd, 4318624.893, 67
Trd, 4318625.643, 71
Trd, 4318626.293, 137
Trd, 4318626.843, 121
Trd, 4318626.993, 111
Trd, 4318628.443, 118
Trd, 4318629.093, 104
Trd, 4318630.143, 115
Trd, 4318630.243, 103
Trd, 4318630.293, 96
Trd, 4318631.343, 134
Trd, 4318631.443, 107
Trd, 4318632.243, 99
Trd, 4318632.743, 128
Trd, 4318633.243, 91
Trd, 4318634.393, 126
Trd, 4318634.543, 87
Trd, 4318635.493, 106
Trd, 4318635.543, 102
Trd, 4318636.493, 68
Trd, 4318636.843, 61
Trd, 4318637.243, 73
Trd, 4318638.243, 112
Trd, 4318639.743, 70
Trd, 4318640.343, 81
Trd, 4318641.243, 106
Trd, 4318641.643, 78
Trd, 4318642.193, 134
Trd, 4318644.293, 138
Trd, 4318644.793, 121
Trd, 4318644.943, 110
Trd, 4318645.293, 109
Trd, 4318645.843, 93
Trd, 4318645.943, 75
Trd, 4318646.443, 97
Trd, 4318647.343, 95
Trd, 4318648.143, 111
Trd, 4318648.243, 133
Trd, 4318648.393, 87
Trd, 4318649.093, 87
Trd, 4318651.243, 92
Trd, 4318652.043, 77
Trd, 4318652.293, 86
Trd, 4318652.393, 86
Trd, 4318653.943, 125
Trd, 4318654.093, 123
Trd, 4318656.393, 76
Trd, 4318657.493, 77
Trd, 4318657.743, 100
Trd, 4318657.943, 122
Trd, 4318658.043, 79
Trd, 4318658.393, 70
Trd, 4318658.643, 68
Trd, 4318660.243, 82
Trd, 4318662.543, 140
Trd, 4318663.243, 102
Trd, 4318663.993, 111
Trd, 4318664.243, 101
Trd, 4318664.293, 87
Trd, 4318664.493, 87
Trd, 4318665.193, 85
Trd, 4318665.593, 115
Trd, 4318666.593, 134
Trd, 4318667.193, 106
Trd, 4318668.143, 89
Trd, 4318668.243, 88
Trd, 4318668.793, 80
Trd, 4318669.793, 65
Trd, 4318669.943, 64
Trd, 4318670.393, 96
Trd, 4318672.193, 126
Trd, 4318672.393, 105
Trd, 4318673.243, 102
Trd, 4318673.843, 109
Trd, 4318674.493, 131
Trd, 4318674.593, 94
Trd, 4318675.743, 139
Trd, 4318675.943, 117
Trd, 4318677.293, 108
Trd, 4318677.543, 105
Trd, 4318679.043, 100
Trd, 4318679.293, 98
Trd, 4318679.793, 98
Trd, 4318680.293, 98
Trd, 4318680.893, 91
Trd, 4318680.993, 97
Trd, 4318681.543, 83
Trd, 4318682.843, 127
Trd, 4318683.643, 121
Trd, 4318684.293, 102
Trd, 4318684.843, 135
Trd, 4318685.143, 81
Trd, 4318685.193, 93
Trd, 4318686.243, 121
Trd, 4318686.843, 126
Trd, 4318687.043, 121
Trd, 4318688.443, 94
Trd, 4318689.093, 85
Trd, 4318689.893, 127
Trd, 4318690.043, 126
Trd, 4318690.693, 91
Trd, 4318692.043, 130
Trd, 4318692.193, 87
Trd, 4318692.943, 86
Trd, 4318693.243, 97
Trd, 4318694.193, 126
Trd, 4318694.343, 100
Trd, 4318694.843, 99
Trd, 4318695.993, 103
Trd, 4318697.143, 87
Trd, 4318697.493, 105
Trd, 4318697.593, 91
Trd, 4318698.393, 77
Trd, 4318698.493, 72
Trd, 4318699.243, 105
Trd, 4318700.243, 71
Trd, 4318700.593, 95
Trd, 4318701.093, 128
Trd, 4318701.943, 100
Trd, 4318702.593, 127
Trd, 4318703.543, 87
Trd, 4318703.993, 130
Trd, 4318704.593, 83
Trd, 4318705.043, 125
Trd, 4318705.593, 106
Trd, 4318707.143, 67
Trd, 4318708.393, 63
Trd, 4318708.943, 66
Trd, 4318708.993, 77
Trd, 4318710.043, 102
Trd, 4318710.143, 91
Trd, 4318711.593, 81
Trd, 4318711.743, 109
Trd, 4318712.393, 107
Trd, 4318713.493, 94
Trd, 4318714.193, 74
Trd, 4318715.093, 105
Trd, 4318716.193, 127
Trd, 4318717.193, 130
Trd, 4318717.443, 88
Trd, 4318719.743, 123
Trd, 4318720.343, 111
Trd, 4318720.493, 101
Trd, 4318720.843, 92
Trd, 4318721.093, 93
Trd, 4318721.493, 137
Trd, 4318722.143, 111
Trd, 4318722.643, 99
Trd, 4318722.893, 93
Trd, 4318723.643, 122
Trd, 4318724.493, 86
Trd, 4318725.343, 82
Trd, 4318726.793, 127
Trd, 4318727.293, 118
Trd, 4318727.593, 110
Trd, 4318728.343, 75
Trd, 4318728.593, 102
Trd, 4318728.993, 63
Trd, 4318729.993, 96
Trd, 4318731.443, 103
Trd, 4318732.393, 94
Trd, 4318733.343, 95
Trd, 4318733.543, 80
Trd, 4318734.343, 92
Trd, 4318735.193, 89
Trd, 4318735.393, 65
Trd, 4318735.893, 86
Trd, 4318736.443, 64
Trd, 4318737.293, 83
Trd, 4318739.143, 102
Trd, 4318739.343, 98
Trd, 4318740.393, 97
Trd, 4318741.043, 100
Trd, 4318742.243, 104
Trd, 4318742.493, 96
Trd, 4318743.643, 129
Trd, 4318744.143, 116
Trd, 4318744.493, 140
Trd, 4318745.693, 116
Trd, 4318746.393, 87
Trd, 4318746.443, 98
Trd, 4318747.493, 86
Trd, 4318747.743, 96
Trd, 4318748.643, 88
Trd, 4318749.443, 103
Trd, 4318750.143, 90
Trd, 4318751.393, 86
Trd, 4318751.493, 74
Trd, 4318751.793, 127
Trd, 4318752.093, 67
Trd, 4318753.193, 122
Trd, 4318753.893, 93
Trd, 4318754.143, 127
Trd, 4318754.993, 77
Trd, 4318755.043, 121
Trd, 4318756.143, 69
Trd, 4318757.043, 81
Trd, 4318757.443, 72
Trd, 4318758.393, 81
Trd, 4318759.143, 73
Trd, 4318759.493, 103
Trd, 4318760.043, 122
Trd, 4318760.443, 116
Trd, 4318762.443, 137
Trd, 4318763.343, 136
Trd, 4318763.793, 119
Trd, 4318765.143, 136
Trd, 4318765.393, 121
Trd, 4318765.493, 112
Trd, 4318766.243, 93
Trd, 4318767.043, 139
Trd, 4318767.243, 118
Trd, 4318767.343, 108
Trd, 4318767.943, 100
Trd, 4318768.093, 72
Trd, 4318769.843, 102
Trd, 4318771.743, 140
Trd, 4318771.843, 93
Trd, 4318772.593, 114
Trd, 4318772.793, 113
Trd, 4318772.893, 91
Trd, 4318773.693, 101
Trd, 4318773.993, 95
Trd, 4318774.743, 112
Trd, 4318775.743, 92
Trd, 4318776.343, 103
Trd, 4318777.543, 130
Trd, 4318778.493, 96
Trd, 4318779.693, 122
Trd, 4318779.843, 110
Trd, 4318780.493, 97
Trd, 4318781.793, 112
Trd, 4318781.843, 108
Trd, 4318781.943, 102
Trd, 4318782.043, 88
Trd, 4318783.543, 62
Trd, 4318784.043, 118
Trd, 4318784.843, 81
Trd, 4318785.443, 115
Trd, 4318786.293, 125
Trd, 4318787.093, 137
Trd, 4318787.643, 96
Trd, 4318788.393, 82
Trd, 4318789.843, 63
Trd, 4318789.943, 74
Trd, 4318791.093, 95
Trd, 4318791.143, 116
Trd, 4318791.193, 122
Trd, 4318791.393, 93
Trd, 4318793.043, 116
Trd, 4318793.093, 109
Trd, 4318793.643, 110
Trd, 4318793.793, 94
Trd, 4318795.343, 91
Trd, 4318795.443, 100
Trd, 4318795.893, 90
Trd, 4318796.093, 86
Trd, 4318796.193, 80
Trd, 4318797.043, 117
Trd, 4318798.893, 122
Trd, 4318799.793, 136
Trd, 4318800.243, 117
Trd, 4318800.543, 103
Trd, 4318800.843, 98
Trd, 4318801.893, 90
Trd, 4318802.343, 126
Trd, 4318802.643, 111
Trd, 4318803.193, 105
Trd, 4318804.543, 132
Trd, 4318805.343, 117
Trd, 4318805.993, 116
Trd, 4318806.193, 114
Trd, 4318807.093, 111
Trd, 4318807.893, 114
Trd, 4318808.443, 83
Trd, 4318808.893, 75
Trd, 4318809.943, 133
Trd, 4318810.293, 125
Trd, 4318811.443, 125
Trd, 4318812.143, 101
Trd, 4318812.793, 72
Trd, 4318813.093, 125
Trd, 4318813.593, 136
Trd, 4318814.043, 129
Trd, 4318815.943, 116
Trd, 4318816.493, 102
Trd, 4318816.793, 124
Trd, 4318818.143, 80
Trd, 4318818.893, 79
Trd, 4318820.343, 114
Trd, 4318820.693, 98
Trd, 4318821.293, 97
Trd, 4318822.093, 98
Trd, 4318822.593, 75
Trd, 4318822.793, 114
Trd, 4318824.093, 106
Trd, 4318825.843, 136
Trd, 4318826.043, 134
Trd, 4318826.243, 119
Trd, 4318826.493, 104
Trd, 4318827.743, 102
Trd, 4318829.243, 133
Trd, 4318829.493, 123
Trd, 4318829.643, 102
Trd, 4318830.443, 120
Trd, 4318831.393, 111
Trd, 4318832.143, 116
Trd, 4318833.143, 94
Trd, 4318833.193, 83
Trd, 4318833.693, 99
Trd, 4318835.143, 136
Trd, 4318836.243, 136
Trd, 4318836.343, 133
Trd, 4318837.243, 126
Trd, 4318837.993, 123
Trd, 4318838.443, 131
Trd, 4318838.543, 110
Trd, 4318839.243, 120
Trd, 4318840.343, 107
Trd, 4318840.643, 94
Trd, 4318841.993, 117
Trd, 4318842.243, 92
Trd, 4318842.593, 77
Trd, 4318843.343, 82
Trd, 4318843.793, 75
Trd, 4318843.843, 102
Trd, 4318845.743, 104
Trd, 4318845.893, 106
Trd, 4318846.193, 97
Trd, 4318847.193, 83
Trd, 4318847.493, 131
Trd, 4318848.493, 90
Trd, 4318848.543, 88
Trd, 4318848.943, 72
Trd, 4318849.793, 111
Trd, 4318850.193, 106
Trd, 4318850.943, 81
Trd, 4318851.793, 107
Trd, 4318851.993, 125
Trd, 4318853.143, 127
Trd, 4318853.193, 124
Trd, 4318853.393, 78
Trd, 4318854.243, 107
Trd, 4318856.293, 95
Trd, 4318857.143, 137
Trd, 4318857.543, 126
Trd, 4318857.693, 100
Trd, 4318858.043, 109
Trd, 4318858.293, 112
Trd, 4318859.593, 63
Trd, 4318860.443, 99
Trd, 4318860.793, 86
Trd, 4318861.793, 132
Trd, 4318861.893, 100
Trd, 4318862.493, 87
Trd, 4318863.043, 61
Trd, 4318864.443, 98
Trd, 4318864.793, 126
Trd, 4318866.293, 135
Trd, 4318866.393, 107
Trd, 4318866.543, 100
Trd, 4318867.593, 108
Trd, 4318868.493, 86
Trd, 4318869.193, 135
Trd, 4318869.743, 130
Trd, 4318870.443, 116
Trd, 4318871.543, 115
Trd, 4318871.993, 132
Trd, 4318873.593, 133
Trd, 4318873.743, 123
Trd, 4318874.593, 107
Trd, 4318874.643, 89
Trd, 4318874.993, 136
Trd, 4318875.393, 65
Trd, 4318876.043, 100
Trd, 4318876.193, 92
Trd, 4318877.443, 101
Trd, 4318877.493, 98
Trd, 4318878.643, 100
Trd, 4318879.493, 104
Trd, 4318879.843, 90
Trd, 4318880.493, 83
Trd, 4318880.743, 60
Trd, 4318881.543, 79
Trd, 4318882.493, 101
Trd, 4318883.543, 80
Trd, 4318885.843, 125
Trd, 4318886.393, 109
Trd, 4318886.693, 111
Trd, 4318886.893, 98
Trd, 4318887.493, 94
Trd, 4318888.493, 108
Trd, 4318888.893, 100
Trd, 4318889.193, 64
Trd, 4318889.543, 62
Trd, 4318890.893, 139
Trd, 4318891.243, 132
Trd, 4318891.393, 103
Trd, 4318893.143, 78
Trd, 4318893.443, 79
Trd, 4318894.543, 93
Trd, 4318894.593, 113
Trd, 4318895.093, 103
Trd, 4318895.243, 79
Trd, 4318895.393, 130
Trd, 4318897.243, 114
Trd, 4318897.843, 115
Trd, 4318898.043, 110
Trd, 4318898.793, 103
Trd, 4318898.993, 99
Trd, 4318899.543, 95
Trd, 4318900.793, 131
Trd, 4318901.093, 100
Trd, 4318901.843, 92
Trd, 4318902.743, 97
Trd, 4318903.493, 138
Trd, 4318903.843, 113
Trd, 4318906.343, 87
Trd, 4318906.993, 101
Trd, 4318907.093, 88
Trd, 4318907.243, 115
Trd, 4318908.193, 130
Trd, 4318908.243, 83
Trd, 4318908.693, 98
Trd, 4318908.943, 106
Trd, 4318909.243, 87
Trd, 4318910.093, 91
Trd, 4318911.743, 102
Trd, 4318911.843, 92
Trd, 4318911.893, 105
Trd, 4318913.393, 71
Trd, 4318914.193, 84
Trd, 4318914.443, 136
Trd, 4318915.193, 79
Trd, 4318915.593, 112
Trd, 4318915.743, 96
Trd, 4318917.343, 110
Trd, 4318917.543, 67
Trd, 4318918.943, 113
Trd, 4318919.093, 113
Trd, 4318919.743, 128
Trd, 4318920.743, 104
Trd, 4318921.393, 80
Trd, 4318921.793, 127
Trd, 4318922.843, 121
Trd, 4318923.793, 104
Trd, 4318924.843, 113
Trd, 4318925.193, 135
Trd, 4318925.393, 86
Trd, 4318927.193, 63
Trd, 4318927.543, 76
Trd, 4318928.793, 121
Trd, 4318929.343, 81
Trd, 4318929.493, 79
Trd, 4318929.893, 77
Trd, 4318930.493, 114
Trd, 4318930.743, 83
Trd, 4318931.643, 85
Trd, 4318932.993, 121
Trd, 4318934.093, 94
Trd, 4318934.543, 83
Trd, 4318935.393, 72
Trd, 4318935.793, 61
Trd, 4318935.893, 104
Trd, 4318937.543, 110
Trd, 4318939.293, 134
Trd, 4318939.693, 103
Trd, 4318939.743, 69
Trd, 4318939.993, 63
Trd, 4318940.293, 69
Trd, 4318941.143, 66
Trd, 4318942.593, 122
Trd, 4318942.893, 111
Trd, 4318943.193, 78
Trd, 4318944.193, 68
Trd, 4318944.643, 66
Trd, 4318945.593, 93
Trd, 4318946.543, 63
Trd, 4318947.143, 65
Trd, 4318948.043, 70
Trd, 4318949.043, 87
Trd, 4318949.843, 131
Trd, 4318949.993, 115
Trd, 4318952.393, 86
Trd, 4318953.043, 88
Trd, 4318953.193, 116
Trd, 4318953.393, 102
Trd, 4318954.043, 106
Trd, 4318954.493, 121
Trd, 4318954.643, 104
Trd, 4318956.593, 71
Trd, 4318956.893, 136
Trd, 4318957.743, 125
Trd, 4318958.093, 114
Trd, 4318959.143, 108
Trd, 4318959.743, 116
Trd, 4318961.043, 116
Trd, 4318961.343, 106
Trd, 4318962.693, 82
Trd, 4318962.993, 81
Trd, 4318963.043, 81
Trd, 4318963.743, 84
Trd, 4318964.343, 133
Trd, 4318965.493, 123
Trd, 4318965.943, 107
Trd, 4318967.443, 120
Trd, 4318968.693, 98
Trd, 4318968.993, 101
Trd, 4318969.443, 97
Trd, 4318969.743, 126
Trd, 4318970.243, 103
Trd, 4318970.343, 87
Trd, 4318970.843, 87
Trd, 4318971.643, 81
Trd, 4318972.593, 130
Trd, 4318972.993, 104
Trd, 4318973.493, 120
Trd, 4318973.743, 71
Trd, 4318974.593, 79
Trd, 4318974.693, 70
Trd, 4318975.643, 80
Trd, 4318976.293, 60
Trd, 4318978.393, 106
Trd, 4318978.993, 128
Trd, 4318979.643, 124
Trd, 4318979.693, 122
Trd, 4318979.743, 113
Trd, 4318979.993, 102
Trd, 4318980.793, 127
Trd, 4318981.393, 121
Trd, 4318983.493, 96
Trd, 4318984.043, 79
Trd, 4318984.843, 85
Trd, 4318985.343, 63
Trd, 4318985.893, 96
Trd, 4318987.243, 71
Trd, 4318987.893, 107
Trd, 4318989.493, 112
Trd, 4318989.993, 111
Trd, 4318990.443, 139
Trd, 4318990.593, 117
Trd, 4318990.743, 95
Trd, 4318991.193, 81
Trd, 4318992.093, 140
Trd, 4318992.493, 107
Trd, 4318992.743, 102
Trd, 4318994.943, 134
Trd, 4318995.493, 140
Trd, 4318995.693, 121
Trd, 4318995.943, 129
Trd, 4318996.993, 126
Trd, 4318997.943, 137
Trd, 4318998.543, 106
Trd, 4318998.593, 94
Trd, 4318998.893, 80
Trd, 4319000.143, 76
Trd, 4319002.343, 140
Trd, 4319002.493, 123
Trd, 4319002.843, 102
Trd, 4319004.993, 136
Trd, 4319005.043, 133
Trd, 4319005.493, 131
Trd, 4319005.593, 116
Trd, 4319007.493, 119
Trd, 4319008.343, 137
Trd, 4319008.393, 111
Trd, 4319009.393, 100
Trd, 4319010.543, 117
Trd, 4319010.593, 102
Trd, 4319010.693, 96
Trd, 4319011.393, 127
Trd, 4319012.093, 134
Trd, 4319012.193, 85
Trd, 4319012.593, 112
Trd, 4319012.943, 107
Trd, 4319013.393, 105
Trd, 4319013.793, 87
Trd, 4319015.643, 93
Trd, 4319016.143, 104
Trd, 4319016.393, 104
Trd, 4319017.143, 114
Trd, 4319017.393, 116
Trd, 4319017.593, 110
Trd, 4319018.943, 91
Trd, 4319019.443, 133
Trd, 4319019.693, 124
Trd, 4319020.143, 84
Trd, 4319021.343, 92
Trd, 4319021.793, 80
Trd, 4319022.493, 87
Trd, 4319023.393, 82
Trd, 4319023.893, 68
Trd, 4319025.243, 129
Trd, 4319026.043, 106
Trd, 4319027.443, 112
Trd, 4319027.943, 132
Trd, 4319028.393, 128
Trd, 4319030.493, 126
Trd, 4319031.043, 100
Trd, 4319031.393, 85
Trd, 4319031.543, 80
Trd, 4319031.993, 68
Trd, 4319032.743, 84
Trd, 4319034.093, 113
Trd, 4319034.593, 118
Trd, 4319035.093, 107
Trd, 4319035.843, 89
Trd, 4319036.393, 109
Trd, 4319037.343, 105
Trd, 4319038.993, 125
Trd, 4319039.243, 114
Trd, 4319040.293, 135
Trd, 4319040.493, 114
Trd, 4319040.593, 99
Trd, 4319041.993, 124
Trd, 4319042.193, 135
Trd, 4319042.543, 97
Trd, 4319043.693, 105
Trd, 4319044.943, 125
Trd, 4319045.693, 139
Trd, 4319045.843, 119
Trd, 4319045.893, 103
Trd, 4319046.943, 72
Trd, 4319047.343, 138
Trd, 4319047.493, 67
Trd, 4319049.543, 137
Trd, 4319049.943, 94
Trd, 4319050.993, 106
Trd, 4319051.043, 91
Trd, 4319052.043, 121
Trd, 4319053.443, 115
Trd, 4319053.593, 94
Trd, 4319054.343, 90
Trd, 4319054.693, 110
Trd, 4319055.243, 108
Trd, 4319056.643, 119
Trd, 4319057.893, 115
Trd, 4319057.943, 125
Trd, 4319058.543, 89
Trd, 4319059.243, 126
Trd, 4319059.293, 84
Trd, 4319059.493, 139
Trd, 4319061.193, 117
Trd, 4319061.293, 82
Trd, 4319061.993, 112
Trd, 4319063.193, 128
Trd, 4319064.293, 90
Trd, 4319064.593, 81
Trd, 4319064.893, 71
Trd, 4319065.743, 88
Trd, 4319067.293, 99
Trd, 4319067.543, 83
Trd, 4319067.743, 72
Trd, 4319068.943, 130
Trd, 4319068.993, 123
Trd, 4319069.293, 118
Trd, 4319069.743, 68
Trd, 4319071.493, 83
Trd, 4319071.593, 84
Trd, 4319071.793, 130
Trd, 4319072.493, 71
Trd, 4319073.043, 133
Trd, 4319073.443, 116
Trd, 4319074.193, 100
Trd, 4319074.643, 100
Trd, 4319075.443, 89
Trd, 4319077.993, 136
Trd, 4319078.443, 124
Trd, 4319079.193, 109
Trd, 4319079.893, 113
Trd, 4319081.843, 124
Trd, 4319082.043, 118
Trd, 4319082.443, 99
Trd, 4319083.343, 114
Trd, 4319084.093, 127
Trd, 4319084.743, 132
Trd, 4319084.843, 120
Trd, 4319084.993, 111
Trd, 4319086.493, 128
Trd, 4319086.693, 116
Trd, 4319087.243, 129
Trd, 4319087.843, 118
Trd, 4319088.243, 127
Trd, 4319089.343, 135
Trd, 4319089.493, 98
Trd, 4319090.243, 85
Trd, 4319091.643, 105
Trd, 4319092.093, 124
Trd, 4319092.693, 69
Trd, 4319093.393, 106
Trd, 4319094.543, 102
Trd, 4319094.993, 126
Trd, 4319095.043, 110
Trd, 4319096.393, 107
Trd, 4319096.543, 87
Trd, 4319096.843, 126
Trd, 4319097.893, 80
Trd, 4319098.843, 95
Trd, 4319099.893, 118
Trd, 4319100.743, 100
Trd, 4319101.993, 140
Trd, 4319102.343, 134
Trd, 4319102.593, 125
Trd, 4319103.243, 119
Trd, 4319104.093, 102
Trd, 4319104.793, 105
Trd, 4319105.393, 120
Trd, 4319106.743, 136
Trd, 4319107.093, 117
Trd, 4319107.593, 117
Trd, 4319108.043, 115
Trd, 4319108.193, 99
Trd, 4319108.893, 73
Trd, 4319109.493, 78
Trd, 4319110.593, 70
Trd, 4319111.743, 105
Trd, 4319112.043, 110
Trd, 4319112.743, 90
Trd, 4319113.393, 117
Trd, 4319113.893, 125
Trd, 4319115.293, 73
Trd, 4319116.343, 91
Trd, 4319116.443, 90
Trd, 4319116.543, 75
Trd, 4319116.843, 105
Trd, 4319117.443, 65
Trd, 4319118.293, 60
Trd, 4319118.693, 127
Trd, 4319119.143, 105
Trd, 4319120.143, 89
Trd, 4319121.243, 88
Trd, 4319121.743, 127
Trd, 4319122.443, 97
Trd, 4319123.243, 118
Trd, 4319123.493, 99
Trd, 4319124.043, 86
Trd, 4319124.443, 106
Trd, 4319124.993, 93
Trd, 4319127.093, 65
Trd, 4319127.543, 61
Trd, 4319128.543, 61
Trd, 4319128.993, 72
Trd, 4319129.193, 72
Trd, 4319129.693, 114
Trd, 4319129.993, 73
Trd, 4319130.243, 95
Trd, 4319130.793, 66
Trd, 4319131.693, 138
Trd, 4319132.243, 122
Trd, 4319133.643, 91
Trd, 4319134.743, 101
Trd, 4319135.393, 60
Trd, 4319136.043, 73
Trd, 4319136.643, 114
Trd, 4319137.143, 109
Trd, 4319138.143, 96
Trd, 4319139.743, 98
Trd, 4319140.193, 125
Trd, 4319142.543, 99
Trd, 4319143.193, 90
Trd, 4319143.243, 85
Trd, 4319144.443, 127
Trd, 4319144.543, 112
Trd, 4319144.693, 122
Trd, 4319144.843, 111
Trd, 4319145.693, 134
Trd, 4319145.893, 88
Trd, 4319147.593, 86
Trd, 4319147.743, 91
Trd, 4319148.493, 87
Trd, 4319149.893, 95
Trd, 4319150.343, 85
Trd, 4319151.643, 123
Trd, 4319151.693, 72
Trd, 4319151.943, 87
Trd, 4319152.343, 82
Trd, 4319153.893, 92
Trd, 4319153.993, 69
Trd, 4319155.143, 91
Trd, 4319155.443, 71
Trd, 4319158.043, 122
Trd, 4319158.093, 95
Trd, 4319158.193, 132
Trd, 4319158.243, 82
Trd, 4319159.293, 79
Trd, 4319159.493, 89
Trd, 4319159.543, 78
Trd, 4319162.193, 111
Trd, 4319163.093, 139
Trd, 4319163.243, 87
Trd, 4319163.593, 93
Trd, 4319164.143, 133
Trd, 4319164.193, 94
Trd, 4319164.393, 85
Trd, 4319165.193, 125
Trd, 4319165.243, 115
Trd, 4319166.243, 97
Trd, 4319167.343, 120
Trd, 4319168.393, 124
Trd, 4319169.443, 126
Trd, 4319169.843, 94
Trd, 4319170.393, 100
Trd, 4319170.743, 73
Trd, 4319171.843, 64
Trd, 4319173.293, 111
Trd, 4319174.393, 85
Trd, 4319175.093, 98
Trd, 4319175.693, 72
Trd, 4319175.943, 99
Trd, 4319176.393, 93
Trd, 4319177.793, 97
Trd, 4319178.193, 80
Trd, 4319179.793, 64
Trd, 4319179.943, 91
Trd, 4319180.093, 73
Trd, 4319180.743, 83
Trd, 4319181.293, 78
Trd, 4319181.843, 115
Trd, 4319182.093, 72
Trd, 4319183.243, 98
Trd, 4319183.943, 71
Trd, 4319184.743, 69
Trd, 4319184.943, 101
Trd, 4319185.193, 102
Trd, 4319186.793, 62
Trd, 4319187.643, 80
Trd, 4319188.243, 80
Trd, 4319188.693, 77
Trd, 4319189.093, 79
Trd, 4319189.543, 104
Trd, 4319190.343, 117
Trd, 4319190.843, 127
Trd, 4319191.093, 111
Trd, 4319193.243, 101
Trd, 4319193.693, 103
Trd, 4319194.543, 106
Trd, 4319194.993, 114
Trd, 4319195.043, 103
Trd, 4319195.893, 128
Trd, 4319196.193, 109
Trd, 4319196.693, 95
Trd, 4319197.293, 120
Trd, 4319197.843, 89
Trd, 4319198.093, 127
Trd, 4319198.243, 134
Trd, 4319198.643, 133
Trd, 4319200.893, 110
Trd, 4319200.943, 102
Trd, 4319201.243, 101
Trd, 4319201.293, 85
Trd, 4319201.793, 140
Trd, 4319202.643, 111
Trd, 4319202.893, 93
Trd, 4319204.643, 113
Trd, 4319205.393, 107
Trd, 4319206.143, 83
Trd, 4319207.293, 135
Trd, 4319208.343, 121
Trd, 4319209.243, 101
Trd, 4319210.393, 112
Trd, 4319210.793, 136
Trd, 4319211.143, 92
Trd, 4319211.793, 107
Trd, 4319212.593, 86
Trd, 4319212.793, 89
Trd, 4319213.343, 133
Trd, 4319214.143, 122
Trd, 4319215.293, 124
Trd, 4319216.143, 124
Trd, 4319217.743, 136
Trd, 4319218.043, 121
Trd, 4319218.693, 106
Trd, 4319219.143, 119
Trd, 4319220.043, 97
Trd, 4319220.343, 81
Trd, 4319220.593, 76
Trd, 4319221.293, 73
Trd, 4319221.743, 90
Trd, 4319222.893, 109
Trd, 4319223.143, 126
Trd, 4319223.493, 99
Trd, 4319224.293, 93
Trd, 4319225.293, 62
Trd, 4319226.543, 86
Trd, 4319226.593, 86
Trd, 4319227.593, 101
Trd, 4319228.043, 94
Trd, 4319229.193, 101
Trd, 4319230.943, 110
Trd, 4319231.143, 88
Trd, 4319231.393, 80
Trd, 4319231.693, 93
Trd, 4319231.893, 67
Trd, 4319231.943, 113
Trd, 4319233.093, 79
Trd, 4319233.193, 72
Trd, 4319234.243, 106
Trd, 4319235.043, 112
Trd, 4319236.443, 116
Trd, 4319237.443, 78
Trd, 4319237.543, 75
Trd, 4319237.743, 84
Trd, 4319239.243, 80
Trd, 4319239.943, 65
Trd, 4319240.243, 91
Trd, 4319240.943, 82
Trd, 4319241.043, 81
Trd, 4319241.293, 64
Trd, 4319243.043, 66
Trd, 4319243.643, 85
Trd, 4319243.993, 66
Trd, 4319244.793, 66
Trd, 4319245.643, 69
Trd, 4319245.893, 78
Trd, 4319247.343, 78
Trd, 4319247.393, 95
Trd, 4319248.193, 68
Trd, 4319248.593, 84
Trd, 4319249.293, 112
Trd, 4319249.543, 78
Trd, 4319249.993, 98
Trd, 4319251.643, 98
Trd, 4319252.093, 81
Trd, 4319252.693, 69
Trd, 4319254.293, 84
Trd, 4319255.393, 131
Trd, 4319255.593, 98
Trd, 4319256.393, 66
Trd, 4319256.593, 117
Trd, 4319257.493, 76
Trd, 4319257.993, 79
Trd, 4319258.793, 85
Trd, 4319259.193, 118
Trd, 4319260.643, 137
Trd, 4319260.693, 132
Trd, 4319261.693, 99
Trd, 4319261.843, 87
Trd, 4319263.443, 89
Trd, 4319264.343, 129
Trd, 4319265.693, 131
Trd, 4319266.393, 107
Trd, 4319267.493, 98
Trd, 4319268.843, 138
Trd, 4319269.243, 114
Trd, 4319269.993, 104
Trd, 4319270.543, 102
Trd, 4319270.893, 87
Trd, 4319271.593, 119
Trd, 4319271.743, 99
Trd, 4319272.043, 91
Trd, 4319272.543, 88
Trd, 4319274.393, 136
Trd, 4319275.243, 97
Trd, 4319275.593, 120
Trd, 4319276.593, 94
Trd, 4319277.693, 81
Trd, 4319278.293, 120
Trd, 4319279.493, 121
Trd, 4319279.893, 108
Trd, 4319279.993, 103
Trd, 4319281.393, 104
Trd, 4319282.143, 75
Trd, 4319283.493, 80
Trd, 4319284.043, 64
Trd, 4319285.543, 61
Trd, 4319285.693, 62
Trd, 4319286.393, 82
Trd, 4319286.493, 79
Trd, 4319286.593, 123
Trd, 4319287.093, 137
Trd, 4319288.093, 102
Trd, 4319288.393, 140
Trd, 4319288.843, 94
Trd, 4319289.093, 107
Trd, 4319289.443, 89
Trd, 4319290.343, 77
Trd, 4319291.143, 86
Trd, 4319292.793, 125
Trd, 4319294.543, 124
Trd, 4319295.143, 112
Trd, 4319295.943, 118
Trd, 4319295.993, 107
Trd, 4319296.343, 102
Trd, 4319296.593, 85
Trd, 4319298.493, 128
Trd, 4319299.343, 135
Trd, 4319300.493, 113
Trd, 4319300.993, 113
Trd, 4319301.593, 77
Trd, 4319301.793, 93
Trd, 4319301.843, 72
Trd, 4319302.743, 136
Trd, 4319303.443, 104
Trd, 4319303.693, 96
Trd, 4319304.093, 91
Trd, 4319304.193, 99
Trd, 4319305.343, 132
Trd, 4319305.393, 129
Trd, 4319305.893, 128
Trd, 4319305.993, 122
Trd, 4319306.443, 103
Trd, 4319307.143, 71
Trd, 4319307.543, 62
Trd, 4319309.493, 60
Trd, 4319310.093, 69
Trd, 4319310.243, 70
Trd, 4319312.393, 75
Trd, 4319312.443, 72
Trd, 4319313.193, 133
Trd, 4319313.593, 94
Trd, 4319314.393, 122
Trd, 4319314.493, 113
Trd, 4319314.543, 99
Trd, 4319315.243, 69
Trd, 4319316.693, 135
Trd, 4319317.193, 114
Trd, 4319317.993, 113
Trd, 4319318.543, 89
Trd, 4319318.943, 85
Trd, 4319320.343, 134
Trd, 4319320.643, 126
Trd, 4319321.293, 118
Trd, 4319321.993, 121
Trd, 4319322.093, 109
Trd, 4319322.643, 125
Trd, 4319324.193, 109
Trd, 4319325.043, 113
Trd, 4319325.443, 113
Trd, 4319325.493, 129
Trd, 4319327.343, 87
Trd, 4319328.243, 133
Trd, 4319328.493, 125
Trd, 4319329.143, 100
Trd, 4319329.643, 77
Trd, 4319332.693, 129
Trd, 4319332.843, 111
Trd, 4319332.993, 103
Trd, 4319333.443, 101
Trd, 4319333.743, 100
Trd, 4319334.243, 111
Trd, 4319334.593, 132
Trd, 4319335.993, 139
Trd, 4319336.493, 119
Trd, 4319337.843, 132
Trd, 4319338.743, 129
Trd, 4319338.943, 127
Trd, 4319339.493, 122
Trd, 4319340.293, 117
Trd, 4319341.293, 116
Trd, 4319341.693, 115
Trd, 4319342.943, 137
Trd, 4319342.993, 115
Trd, 4319343.793, 118
Trd, 4319344.793, 99
Trd, 4319345.143, 103
Trd, 4319345.793, 74
Trd, 4319346.143, 133
Trd, 4319347.393, 79
Trd, 4319348.443, 115
Trd, 4319350.093, 98
Trd, 4319350.293, 88
Trd, 4319350.443, 87
Trd, 4319350.543, 86
Trd, 4319350.843, 79
Trd, 4319351.393, 84
Trd, 4319351.493, 73
Trd, 4319353.343, 83
Trd, 4319354.293, 127
Trd, 4319355.643, 88
Trd, 4319355.943, 100
Trd, 4319356.093, 86
Trd, 4319356.443, 98
Trd, 4319357.243, 87
Trd, 4319357.943, 80
Trd, 4319359.493, 80
Trd, 4319359.893, 74
Trd, 4319361.043, 135
Trd, 4319361.443, 97
Trd, 4319361.743, 108
Trd, 4319361.943, 132
Trd, 4319362.193, 126
Trd, 4319363.793, 92
Trd, 4319363.893, 134
Trd, 4319364.343, 109
Trd, 4319364.593, 95
Trd, 4319365.043, 138
Trd, 4319365.893, 93
Trd, 4319366.893, 84
Trd, 4319367.493, 92
Trd, 4319368.593, 95
Trd, 4319369.343, 98
Trd, 4319369.493, 83
Trd, 4319369.693, 68
Trd, 4319369.993, 68
Trd, 4319371.293, 72
Trd, 4319373.643, 71
Trd, 4319373.943, 96
Trd, 4319374.043, 108
Trd, 4319374.443, 124
Trd, 4319374.693, 124
Trd, 4319374.793, 109
Trd, 4319375.893, 76
Trd, 4319377.243, 126
Trd, 4319378.493, 132
Trd, 4319380.293, 131
Trd, 4319380.993, 130
Trd, 4319381.593, 109
Trd, 4319382.443, 102
Trd, 4319383.243, 108
Trd, 4319383.293, 102
Trd, 4319384.293, 104
Trd, 4319384.443, 113
Trd, 4319384.543, 109
Trd, 4319387.943, 131
Trd, 4319388.093, 93
Trd, 4319388.443, 137
Trd, 4319389.443, 107
Trd, 4319389.843, 87
Trd, 4319390.243, 114
Trd, 4319391.093, 84
Trd, 4319391.443, 83
Trd, 4319392.493, 105
Trd, 4319392.993, 106
Trd, 4319393.143, 96
Trd, 4319393.243, 64
Trd, 4319393.993, 63
Trd, 4319394.343, 70
Trd, 4319395.043, 80
Trd, 4319395.293, 114
Trd, 4319395.643, 69
Trd, 4319396.093, 130
Trd, 4319397.293, 107
Trd, 4319398.643, 111
Trd, 4319398.893, 99
Trd, 4319399.243, 120
Trd, 4319400.743, 82
Trd, 4319401.493, 126
Trd, 4319401.943, 132
Trd, 4319402.493, 138
Trd, 4319402.943, 125
Trd, 4319403.243, 127
Trd, 4319405.193, 130
Trd, 4319405.393, 116
Trd, 4319405.793, 99
Trd, 4319406.843, 97
Trd, 4319407.693, 128
Trd, 4319408.193, 124
Trd, 4319408.743, 128
Trd, 4319408.993, 120
Trd, 4319409.443, 107
Trd, 4319412.293, 132
Trd, 4319412.593, 112
Trd, 4319413.293, 110
Trd, 4319414.793, 107
Trd, 4319414.993, 108
Trd, 4319415.943, 111
Trd, 4319416.593, 139
Trd, 4319417.043, 127
Trd, 4319417.643, 125
Trd, 4319417.693, 105
Trd, 4319418.143, 113
Trd, 4319418.643, 121
Trd, 4319418.743, 102
Trd, 4319419.443, 91
Trd, 4319420.543, 93
Trd, 4319421.743, 113
Trd, 4319421.993, 111
Trd, 4319422.043, 111
Trd, 4319422.293, 101
Trd, 4319423.443, 113
Trd, 4319423.693, 96
Trd, 4319423.943, 82
Trd, 4319424.343, 71
Trd, 4319425.093, 117
Trd, 4319425.493, 71
Trd, 4319425.693, 79
Trd, 4319427.043, 117
Trd, 4319427.193, 111
Trd, 4319427.293, 111
Trd, 4319429.493, 103
Trd, 4319429.543, 90
Trd, 4319430.393, 137
Trd, 4319432.193, 100
Trd, 4319432.843, 103
Trd, 4319433.443, 86
Trd, 4319433.593, 84
Trd, 4319434.043, 77
Trd, 4319434.193, 72
Trd, 4319434.343, 74
Trd, 4319434.843, 85
Trd, 4319435.343, 65
Trd, 4319436.893, 61
Trd, 4319437.443, 79
Trd, 4319437.693, 113
Trd, 4319438.793, 129
Trd, 4319438.893, 110
Trd, 4319439.743, 115
Trd, 4319440.193, 95
Trd, 4319441.943, 93
Trd, 4319442.243, 85
Trd, 4319443.093, 138
Trd, 4319443.693, 125
Trd, 4319445.393, 116
Trd, 4319446.543, 113
Trd, 4319447.843, 102
Trd, 4319448.843, 111
Trd, 4319449.143, 125
Trd, 4319449.843, 111
Trd, 4319452.593, 114
Trd, 4319452.993, 90
Trd, 4319453.043, 85
Trd, 4319455.443, 122
Trd, 4319455.543, 115
Trd, 4319456.193, 119
Trd, 4319457.043, 80
Trd, 4319457.593, 79
Trd, 4319457.693, 78
Trd, 4319458.893, 64
Trd, 4319459.043, 127
Trd, 4319460.093, 82
Trd, 4319460.493, 84
Trd, 4319461.043, 86
Trd, 4319461.643, 98
Trd, 4319462.343, 122
Trd, 4319462.793, 98
Trd, 4319463.843, 102
Trd, 4319464.543, 109
Trd, 4319465.243, 135
Trd, 4319465.793, 96
Trd, 4319465.993, 90
Trd, 4319466.343, 129
Trd, 4319468.143, 119
Trd, 4319468.743, 88
Trd, 4319469.193, 101
Trd, 4319469.943, 75
Trd, 4319470.593, 71
Trd, 4319470.693, 117
Trd, 4319471.593, 111
Trd, 4319472.943, 103
Trd, 4319472.993, 82
Trd, 4319474.343, 116
Trd, 4319474.743, 111
Trd, 4319475.893, 100
Trd, 4319476.843, 126
Trd, 4319477.493, 98
Trd, 4319477.743, 92
Trd, 4319478.243, 123
Trd, 4319479.393, 117
Trd, 4319479.493, 99
Trd, 4319479.993, 111
Trd, 4319480.693, 85
Trd, 4319481.443, 63
Trd, 4319482.393, 110
Trd, 4319484.043, 129
Trd, 4319484.693, 107
Trd, 4319487.143, 116
Trd, 4319487.243, 111
Trd, 4319487.993, 95
Trd, 4319488.093, 96
Trd, 4319489.593, 115
Trd, 4319490.843, 122
Trd, 4319491.793, 122
Trd, 4319492.493, 104
Trd, 4319493.493, 93
Trd, 4319493.993, 104
Trd, 4319494.543, 92
Trd, 4319495.943, 121
Trd, 4319496.443, 119
Trd, 4319497.093, 120
Trd, 4319497.143, 113
Trd, 4319498.293, 124
Trd, 4319498.643, 121
Trd, 4319499.643, 130
Trd, 4319500.743, 100
Trd, 4319501.493, 100
Trd, 4319501.643, 94
Trd, 4319502.243, 89
Trd, 4319502.543, 107
Trd, 4319502.743, 103
Trd, 4319502.793, 88
Trd, 4319504.093, 135
Trd, 4319504.393, 116
Trd, 4319506.043, 125
Trd, 4319506.193, 109
Trd, 4319506.693, 64
Trd, 4319508.943, 104
Trd, 4319509.943, 102
Trd, 4319509.993, 92
Trd, 4319510.393, 87
Trd, 4319511.093, 103
Trd, 4319511.293, 93
Trd, 4319511.893, 103
Trd, 4319512.593, 89
Trd, 4319512.943, 81
Trd, 4319513.693, 90
Trd, 4319513.993, 106
Trd, 4319514.543, 117
Trd, 4319514.893, 117
Trd, 4319515.093, 102
Trd, 4319516.143, 100
Trd, 4319516.493, 106
Trd, 4319516.943, 68
Trd, 4319517.993, 112
Trd, 4319518.343, 95
Trd, 4319518.993, 62
Trd, 4319520.043, 81
Trd, 4319521.493, 97
Trd, 4319521.843, 74
Trd, 4319522.643, 94
Trd, 4319524.593, 109
Trd, 4319525.243, 115
Trd, 4319525.293, 105
Trd, 4319525.343, 95
Trd, 4319525.443, 80
Trd, 4319526.343, 123
Trd, 4319526.843, 132
Trd, 4319527.793, 98
Trd, 4319528.393, 115
Trd, 4319529.793, 104
Trd, 4319530.493, 99
Trd, 4319531.243, 97
Trd, 4319531.343, 96
Trd, 4319531.843, 88
Trd, 4319532.593, 123
Trd, 4319532.993, 112
Trd, 4319533.393, 113
Trd, 4319533.943, 123
Trd, 4319534.093, 124
Trd, 4319534.993, 91
Trd, 4319535.243, 135
Trd, 4319535.543, 78
Trd, 4319536.393, 69
Trd, 4319536.693, 66
Trd, 4319537.343, 61
Trd, 4319537.693, 130
Trd, 4319539.443, 89
Trd, 4319539.793, 111
Trd, 4319541.343, 90
Trd, 4319541.443, 117
Trd, 4319541.493, 82
Trd, 4319542.143, 92
Trd, 4319543.043, 113
Trd, 4319543.493, 81
Trd, 4319543.943, 73
Trd, 4319545.493, 137
Trd, 4319545.693, 95
Trd, 4319546.643, 85
Trd, 4319546.943, 118
Trd, 4319547.743, 66
Trd, 4319547.893, 97
Trd, 4319548.243, 113
Trd, 4319548.993, 89
Trd, 4319549.693, 63
Trd, 4319551.043, 79
Trd, 4319551.843, 76
Trd, 4319551.993, 79
Trd, 4319552.193, 76
Trd, 4319552.243, 82
Trd, 4319552.993, 137
Trd, 4319553.443, 128
Trd, 4319553.993, 88
Trd, 4319555.543, 72
Trd, 4319556.443, 76
Trd, 4319556.543, 95
Trd, 4319558.293, 64
Trd, 4319558.493, 74
Trd, 4319559.493, 74
Trd, 4319559.943, 67
Trd, 4319560.343, 69
Trd, 4319562.093, 137
Trd, 4319562.243, 97
Trd, 4319562.593, 79
Trd, 4319562.743, 79
Trd, 4319564.993, 73
Trd, 4319565.893, 97
Trd, 4319566.293, 80
Trd, 4319566.993, 106
Trd, 4319567.443, 102
Trd, 4319567.743, 130
Trd, 4319568.243, 97
Trd, 4319568.543, 91
Trd, 4319569.093, 89
Trd, 4319569.743, 104
Trd, 4319570.793, 108
Trd, 4319572.043, 100
Trd, 4319573.043, 118
Trd, 4319573.393, 93
Trd, 4319573.443, 81
Trd, 4319574.643, 95
Trd, 4319575.643, 82
Trd, 4319576.093, 84
Trd, 4319577.493, 87
Trd, 4319577.993, 92
Trd, 4319578.243, 91
Trd, 4319578.943, 104
Trd, 4319580.343, 60
Trd, 4319581.043, 131
Trd, 4319581.493, 123
Trd, 4319582.293, 112
Trd, 4319583.593, 108
Trd, 4319584.143, 92
Trd, 4319584.793, 108
Trd, 4319585.993, 91
Trd, 4319586.743, 130
Trd, 4319587.443, 97
Trd, 4319587.993, 119
Trd, 4319588.443, 123
Trd, 4319588.593, 64
Trd, 4319589.843, 108
Trd, 4319589.893, 118
Trd, 4319589.943, 106
Trd, 4319592.543, 124
Trd, 4319593.643, 113
Trd, 4319594.943, 138
Trd, 4319595.493, 127
Trd, 4319596.543, 114
Trd, 4319596.943, 113
Trd, 4319596.993, 110
Trd, 4319597.393, 108
Trd, 4319597.993, 99
Trd, 4319598.143, 92
Trd, 4319598.493, 104
Trd, 4319598.843, 123
Trd, 4319599.543, 123
Trd, 4319600.343, 95
Trd, 4319600.543, 109
Trd, 4319601.243, 78
Trd, 4319601.793, 61
Trd, 4319602.143, 110
Trd, 4319603.743, 61
Trd, 4319605.943, 71
Trd, 4319605.993, 104
Trd, 4319607.193, 86
Trd, 4319607.943, 91
Trd, 4319609.593, 107
Trd, 4319609.743, 77
Trd, 4319609.993, 113
Trd, 4319610.393, 104
Trd, 4319611.193, 122
Trd, 4319612.243, 91
Trd, 4319612.843, 80
Trd, 4319613.193, 79
Trd, 4319613.993, 71
Trd, 4319614.443, 104
Trd, 4319614.743, 132
Trd, 4319615.393, 82
Trd, 4319615.693, 75
Trd, 4319615.793, 98
Trd, 4319616.193, 126
Trd, 4319617.343, 128
Trd, 4319619.093, 119
Trd, 4319620.543, 128
Trd, 4319620.793, 99
Trd, 4319621.343, 112
Trd, 4319622.093, 117
Trd, 4319622.993, 91
Trd, 4319623.343, 87
Trd, 4319623.493, 75
Trd, 4319624.843, 100
Trd, 4319624.943, 79
Trd, 4319625.593, 84
Trd, 4319625.643, 65
Trd, 4319627.393, 74
Trd, 4319628.493, 108
Trd, 4319629.393, 112
Trd, 4319629.643, 87
Trd, 4319629.943, 89
Trd, 4319630.043, 119
Trd, 4319630.593, 125
Trd, 4319631.693, 126
Trd, 4319632.643, 98
Trd, 4319634.593, 103
Trd, 4319634.793, 101
Trd, 4319635.593, 124
Trd, 4319635.893, 113
Trd, 4319636.393, 124
Trd, 4319636.893, 135
Trd, 4319637.543, 110
Trd, 4319637.893, 94
Trd, 4319638.743, 120
Trd, 4319639.343, 95
Trd, 4319640.393, 80
Trd, 4319640.943, 90
Trd, 4319642.243, 69
Trd, 4319642.393, 84
Trd, 4319642.743, 106
Trd, 4319644.343, 112
Trd, 4319644.393, 102
Trd, 4319644.593, 98
Trd, 4319645.193, 136
Trd, 4319645.693, 60
Trd, 4319645.893, 132
Trd, 4319646.843, 134
Trd, 4319648.043, 110
Trd, 4319649.093, 121
Trd, 4319649.843, 95
Trd, 4319650.843, 115
Trd, 4319651.543, 113
Trd, 4319651.743, 86
Trd, 4319652.193, 140
Trd, 4319653.143, 135
Trd, 4319653.893, 131
Trd, 4319654.193, 82
Trd, 4319655.093, 109
Trd, 4319655.243, 99
Trd, 4319656.293, 96
Trd, 4319657.243, 72
Trd, 4319657.843, 111
Trd, 4319658.093, 114
Trd, 4319658.193, 85
Trd, 4319659.993, 121
Trd, 4319661.343, 112
Trd, 4319661.493, 107
Trd, 4319663.043, 129
Trd, 4319663.193, 134
Trd, 4319665.793, 127
Trd, 4319666.193, 115
Trd, 4319666.943, 107
Trd, 4319667.443, 72
Trd, 4319668.443, 94
Trd, 4319669.043, 139
Trd, 4319669.293, 92
Trd, 4319669.993, 134
Trd, 4319670.293, 124
Trd, 4319671.943, 127
Trd, 4319672.243, 135
Trd, 4319672.643, 118
Trd, 4319673.193, 80
Trd, 4319673.593, 62
Trd, 4319674.093, 70
Trd, 4319674.143, 64
Trd, 4319674.643, 104
Trd, 4319675.543, 100
Trd, 4319675.793, 90
Trd, 4319675.993, 109
Trd, 4319677.543, 116
Trd, 4319678.393, 91
Trd, 4319679.643, 96
Trd, 4319680.243, 82
Trd, 4319680.543, 75
Trd, 4319681.693, 113
Trd, 4319682.043, 108
Trd, 4319683.693, 127
Trd, 4319684.743, 121
Trd, 4319685.093, 116
Trd, 4319685.543, 108
Trd, 4319685.893, 105
Trd, 4319686.593, 122
Trd, 4319688.493, 124
Trd, 4319688.593, 119
Trd, 4319689.143, 113
Trd, 4319689.243, 99
Trd, 4319689.693, 95
Trd, 4319689.943, 109
Trd, 4319691.093, 79
Trd, 4319691.243, 124
Trd, 4319692.843, 121
Trd, 4319693.043, 111
Trd, 4319694.293, 134
Trd, 4319694.393, 126
Trd, 4319694.443, 111
Trd, 4319694.593, 87
Trd, 4319694.843, 97
Trd, 4319695.743, 118
Trd, 4319696.893, 137
Trd, 4319697.743, 75
Trd, 4319698.493, 61
Trd, 4319698.543, 64
Trd, 4319698.743, 62
Trd, 4319698.993, 68
Trd, 4319699.343, 95
Trd, 4319700.543, 68
Trd, 4319700.993, 85
Trd, 4319701.443, 68
Trd, 4319701.993, 64
Trd, 4319702.393, 134
Trd, 4319704.743, 136
Trd, 4319704.893, 113
Trd, 4319705.443, 97
Trd, 4319705.993, 89
Trd, 4319706.343, 138
Trd, 4319706.593, 84
Trd, 4319706.843, 89
Trd, 4319707.093, 82
Trd, 4319707.493, 63
Trd, 4319708.043, 66
Trd, 4319708.543, 71
Trd, 4319709.843, 83
Trd, 4319710.043, 84
Trd, 4319712.293, 73
Trd, 4319712.493, 83
Trd, 4319713.793, 97
Trd, 4319714.643, 112
Trd, 4319715.143, 130
Trd, 4319715.343, 94
Trd, 4319716.243, 123
Trd, 4319716.993, 103
Trd, 4319717.593, 98
Trd, 4319717.943, 97
Trd, 4319719.943, 106
Trd, 4319720.743, 112
Trd, 4319720.893, 93
Trd, 4319721.143, 105
Trd, 4319721.393, 93
Trd, 4319721.993, 79
Trd, 4319722.943, 139
Trd, 4319723.243, 132
Trd, 4319723.843, 106
Trd, 4319724.543, 100
Trd, 4319724.743, 131
Trd, 4319724.793, 89
Trd, 4319726.243, 99
Trd, 4319726.743, 125
Trd, 4319727.343, 121
Trd, 4319728.393, 90
Trd, 4319729.643, 79
Trd, 4319729.693, 98
Trd, 4319729.993, 132
Trd, 4319731.143, 70
Trd, 4319731.843, 109
Trd, 4319732.043, 121
Trd, 4319732.543, 112
Trd, 4319733.093, 88
Trd, 4319733.243, 76
Trd, 4319734.993, 118
Trd, 4319736.293, 133
Trd, 4319737.143, 130
Trd, 4319739.293, 139
Trd, 4319739.643, 123
Trd, 4319740.293, 131
Trd, 4319740.843, 112
Trd, 4319741.143, 112
Trd, 4319741.643, 80
Trd, 4319743.043, 71
Trd, 4319743.743, 86
Trd, 4319744.193, 95
Trd, 4319744.843, 134
Trd, 4319744.993, 118
Trd, 4319745.793, 88
Trd, 4319746.143, 80
Trd, 4319746.543, 85
Trd, 4319746.893, 79
Trd, 4319747.393, 103
Trd, 4319747.943, 134
Trd, 4319748.043, 121
Trd, 4319749.143, 137
Trd, 4319749.193, 122
Trd, 4319750.593, 106
Trd, 4319751.543, 139
Trd, 4319752.243, 116
Trd, 4319752.293, 107
Trd, 4319752.493, 91
Trd, 4319754.293, 77
Trd, 4319754.743, 70
Trd, 4319755.143, 83
Trd, 4319755.993, 128
Trd, 4319756.093, 122
Trd, 4319756.643, 138
Trd, 4319757.893, 130
Trd, 4319758.943, 133
Trd, 4319760.293, 107
Trd, 4319760.743, 111
Trd, 4319761.443, 99
Trd, 4319763.393, 121
Trd, 4319763.493, 106
Trd, 4319764.943, 126
Trd, 4319765.393, 122
Trd, 4319765.943, 131
Trd, 4319766.893, 107
Trd, 4319767.143, 104
Trd, 4319767.693, 129
Trd, 4319768.343, 126
Trd, 4319768.493, 112
Trd, 4319770.093, 107
Trd, 4319770.543, 91
Trd, 4319770.693, 135
Trd, 4319771.693, 127
Trd, 4319771.893, 110
Trd, 4319771.993, 105
Trd, 4319772.993, 95
Trd, 4319774.093, 110
Trd, 4319774.793, 108
Trd, 4319776.693, 117
Trd, 4319776.743, 103
Trd, 4319776.943, 102
Trd, 4319777.343, 94
Trd, 4319777.743, 127
Trd, 4319779.043, 137
Trd, 4319780.693, 95
Trd, 4319781.743, 135
Trd, 4319781.943, 117
Trd, 4319782.493, 106
Trd, 4319782.543, 98
Trd, 4319782.993, 121
Trd, 4319783.043, 86
Trd, 4319785.193, 122
Trd, 4319786.243, 121
Trd, 4319786.393, 112
Trd, 4319787.293, 68
Trd, 4319787.493, 101
Trd, 4319789.043, 103
Trd, 4319789.093, 96
Trd, 4319789.593, 137
Trd, 4319790.143, 85
Trd, 4319790.943, 77
Trd, 4319793.043, 106
Trd, 4319793.343, 95
Trd, 4319793.393, 89
Trd, 4319793.593, 79
Trd, 4319793.893, 136
Trd, 4319796.893, 133
Trd, 4319797.793, 130
Trd, 4319798.593, 136
Trd, 4319798.643, 117
Trd, 4319799.193, 139
Trd, 4319799.343, 104
Trd, 4319799.893, 124
Trd, 4319800.393, 133
Trd, 4319801.193, 120
Trd, 4319801.543, 120
Trd, 4319802.693, 96
Trd, 4319803.043, 112
Trd, 4319804.943, 101
Trd, 4319805.093, 111
Trd, 4319805.593, 99
Trd, 4319807.393, 118
Trd, 4319807.693, 103
Trd, 4319807.893, 86
Trd, 4319808.143, 83
Trd, 4319809.943, 105
Trd, 4319810.343, 103
Trd, 4319811.793, 88
Trd, 4319812.093, 103
Trd, 4319812.793, 123
Trd, 4319813.393, 88
Trd, 4319813.593, 82
Trd, 4319813.793, 80
Trd, 4319814.343, 126
Trd, 4319814.743, 63
Trd, 4319815.493, 65
Trd, 4319816.243, 79
Trd, 4319817.293, 78
Trd, 4319818.093, 131
Trd, 4319819.543, 119
Trd, 4319819.893, 119
Trd, 4319820.943, 111
Trd, 4319821.593, 111
Trd, 4319822.143, 92
Trd, 4319822.293, 76
Trd, 4319822.343, 79
Trd, 4319822.643, 78
Trd, 4319823.593, 102
Trd, 4319825.393, 66
Trd, 4319825.743, 129
Trd, 4319827.343, 104
Trd, 4319827.743, 105
Trd, 4319828.093, 126
Trd, 4319828.143, 110
Trd, 4319828.993, 94
Trd, 4319829.343, 133
Trd, 4319830.993, 63
Trd, 4319832.193, 74
Trd, 4319832.443, 107
Trd, 4319832.643, 71
Trd, 4319833.143, 93
Trd, 4319833.993, 82
Trd, 4319834.143, 114
Trd, 4319836.843, 107
Trd, 4319837.293, 97
Trd, 4319837.543, 125
Trd, 4319838.643, 67
Trd, 4319838.893, 84
Trd, 4319839.793, 64
Trd, 4319840.443, 67
Trd, 4319840.943, 61
Trd, 4319841.343, 64
Trd, 4319841.493, 76
Trd, 4319842.043, 122
Trd, 4319843.693, 107
Trd, 4319843.743, 84
Trd, 4319844.443, 100
Trd, 4319845.693, 80
Trd, 4319846.793, 60
Trd, 4319846.843, 65
Trd, 4319847.043, 112
Trd, 4319847.793, 70
Trd, 4319847.843, 135
Trd, 4319848.243, 64
Trd, 4319849.093, 81
Trd, 4319850.743, 127
Trd, 4319851.343, 72
Trd, 4319851.643, 91
Trd, 4319852.793, 136
Trd, 4319853.293, 109
Trd, 4319853.643, 95
Trd, 4319854.993, 138
Trd, 4319855.293, 116
Trd, 4319857.393, 109
Trd, 4319857.743, 122
Trd, 4319858.493, 137
Trd, 4319858.743, 108
Trd, 4319859.193, 135
Trd, 4319860.193, 108
Trd, 4319861.143, 101
Trd, 4319861.193, 97
Trd, 4319861.693, 80
Trd, 4319862.743, 77
Trd, 4319863.693, 134
Trd, 4319864.193, 118
Trd, 4319864.493, 98
Trd, 4319866.893, 91
Trd, 4319867.043, 82
Trd, 4319867.843, 70
Trd, 4319867.893, 73
Trd, 4319868.143, 94
Trd, 4319868.843, 118
Trd, 4319869.343, 72
Trd, 4319869.693, 81
Trd, 4319871.243, 106
Trd, 4319871.643, 97
Trd, 4319872.343, 132
Trd, 4319872.843, 110
Trd, 4319873.393, 113
Trd, 4319873.693, 104
Trd, 4319874.793, 60
Trd, 4319875.493, 74
Trd, 4319876.243, 82
Trd, 4319877.193, 83
Trd, 4319877.693, 93
Trd, 4319878.393, 83
Trd, 4319878.443, 75
Trd, 4319878.893, 76
Trd, 4319879.593, 130
Trd, 4319879.943, 114
Trd, 4319880.443, 107
Trd, 4319880.843, 93
Trd, 4319881.243, 99
Trd, 4319881.443, 90
Trd, 4319882.793, 77
Trd, 4319883.793, 79
Trd, 4319884.443, 126
Trd, 4319884.543, 111
Trd, 4319885.843, 96
Trd, 4319886.143, 92
Trd, 4319886.343, 115
Trd, 4319886.843, 81
Trd, 4319887.743, 64
Trd, 4319888.043, 65
Trd, 4319888.943, 90
Trd, 4319890.193, 66
Trd, 4319890.343, 119
Trd, 4319893.043, 128
Trd, 4319893.193, 116
Trd, 4319893.743, 114
Trd, 4319894.393, 106
Trd, 4319895.043, 106
Trd, 4319895.693, 103
Trd, 4319897.443, 76
Trd, 4319897.793, 73
Trd, 4319898.193, 85
Trd, 4319898.843, 94
Trd, 4319898.893, 95
Trd, 4319898.993, 66
Trd, 4319899.943, 74
Trd, 4319900.993, 93
Trd, 4319902.443, 100
Trd, 4319902.643, 95
Trd, 4319903.843, 103
Trd, 4319903.943, 98
Trd, 4319904.443, 107
Trd, 4319904.993, 128
Trd, 4319905.043, 123
Trd, 4319906.293, 99
Trd, 4319908.043, 75
Trd, 4319908.443, 100
Trd, 4319909.443, 68
Trd, 4319910.193, 98
Trd, 4319911.393, 117
Trd, 4319911.543, 97
Trd, 4319912.693, 134
Trd, 4319913.893, 112
Trd, 4319914.643, 98
Trd, 4319914.943, 95
Trd, 4319915.293, 84
Trd, 4319916.843, 97
Trd, 4319917.193, 83
Trd, 4319917.293, 117
Trd, 4319918.293, 89
Trd, 4319918.543, 85
Trd, 4319919.043, 98
Trd, 4319920.343, 103
Trd, 4319921.193, 135
Trd, 4319922.343, 116
Trd, 4319922.593, 103
Trd, 4319922.843, 82
Trd, 4319923.293, 126
Trd, 4319924.493, 131
Trd, 4319925.043, 123
Trd, 4319925.243, 86
Trd, 4319925.543, 98
Trd, 4319925.893, 85
Trd, 4319927.443, 114
Trd, 4319928.293, 91
Trd, 4319929.193, 69
Trd, 4319929.843, 68
Trd, 4319929.893, 87
Trd, 4319930.393, 67
Trd, 4319932.793, 107
Trd, 4319933.343, 98
Trd, 4319934.043, 110
Trd, 4319934.143, 108
Trd, 4319934.793, 114
Trd, 4319935.493, 103
Trd, 4319936.193, 76
Trd, 4319936.993, 61
Trd, 4319937.443, 62
Trd, 4319938.293, 110
Trd, 4319938.793, 97
Trd, 4319939.393, 80
Trd, 4319939.443, 73
Trd, 4319940.543, 78
Trd, 4319941.093, 67
Trd, 4319942.193, 112
Trd, 4319943.043, 116
Trd, 4319944.043, 114
Trd, 4319944.193, 135
Trd, 4319944.393, 88
Trd, 4319944.443, 76
Trd, 4319945.493, 137
Trd, 4319946.093, 105
Trd, 4319947.043, 132
Trd, 4319947.643, 118
Trd, 4319947.943, 112
Trd, 4319948.293, 121
Trd, 4319948.643, 119
Trd, 4319949.543, 118
Trd, 4319951.443, 66
Trd, 4319951.693, 90
Trd, 4319951.843, 105
Trd, 4319953.043, 67
Trd, 4319953.443, 85
Trd, 4319953.543, 73
Trd, 4319954.693, 70
Trd, 4319954.743, 71
Trd, 4319955.043, 105
Trd, 4319955.643, 101
Trd, 4319956.043, 73
Trd, 4319958.443, 126
Trd, 4319958.643, 111
Trd, 4319959.893, 98
Trd, 4319959.943, 80
Trd, 4319960.843, 106
Trd, 4319961.143, 118
Trd, 4319961.393, 66
Trd, 4319962.093, 62
Trd, 4319963.093, 112
Trd, 4319963.343, 64
Trd, 4319963.993, 79
Trd, 4319964.393, 122
Trd, 4319966.443, 90
Trd, 4319966.543, 69
Trd, 4319966.693, 65
Trd, 4319966.893, 78
Trd, 4319967.293, 81
Trd, 4319969.993, 137
Trd, 4319971.193, 130
Trd, 4319971.343, 112
Trd, 4319971.693, 115
Trd, 4319973.393, 95
Trd, 4319974.043, 78
Trd, 4319974.643, 135
Trd, 4319975.593, 92
Trd, 4319975.693, 87
Trd, 4319976.243, 140
Trd, 4319976.343, 96
Trd, 4319977.093, 85
Trd, 4319978.293, 115
Trd, 4319978.893, 131
Trd, 4319979.043, 109
Trd, 4319979.443, 75
Trd, 4319979.643, 76
Trd, 4319981.643, 136
Trd, 4319981.893, 84
Trd, 4319982.593, 109
Trd, 4319982.843, 107
Trd, 4319983.343, 123
Trd, 4319984.193, 105
Trd, 4319985.093, 86
Trd, 4319985.293, 83
Trd, 4319985.743, 112
Trd, 4319986.243, 64
Trd, 4319986.443, 67
Trd, 4319986.693, 68
Trd, 4319987.193, 113
Trd, 4319987.243, 87
Trd, 4319987.743, 61
Trd, 4319990.143, 101
Trd, 4319990.893, 136
Trd, 4319991.143, 84
Trd, 4319991.893, 121
Trd, 4319992.743, 63
Trd, 4319992.993, 66
Trd, 4319994.393, 106
Trd, 4319995.493, 101
Trd, 4319995.643, 103
Trd, 4319995.743, 92
Trd, 4319996.243, 119
Trd, 4319996.493, 116
Trd, 4319996.743, 123
Trd, 4319997.593, 79
Trd, 4319999.093, 69
Trd, 4319999.293, 85
Trd, 4319999.743, 67
