Trd, 4318153.743, 67
Trd, 4318154.543, 119
Trd, 4318155.143, 137
Trd, 4318156.593, 140
Trd, 4318157.193, 138
Trd, 4318157.393, 139
Trd, 4318157.693, 96
Trd, 4318158.143, 109
Trd, 4318158.743, 140
Trd, 4318158.893, 92
Trd, 4318160.393, 133
Trd, 4318160.593, 118
Trd, 4318160.993, 111
Trd, 4318162.093, 140
Trd, 4318162.343, 123
Trd, 4318162.493, 120
Trd, 4318165.143, 140
Trd, 4318165.193, 138
Trd, 4318165.293, 119
Trd, 4318166.293, 110
Trd, 4318166.443, 97
Trd, 4318166.893, 70
Trd, 4318168.643, 97
Trd, 4318169.193, 123
Trd, 4318169.693, 135
Trd, 4318170.343, 100
Trd, 4318170.693, 136
Trd, 4318170.943, 119
Trd, 4318171.293, 140
Trd, 4318172.043, 140
Trd, 4318173.893, 135
Trd, 4318174.193, 116
Trd, 4318174.643, 115
Trd, 4318174.943, 139
Trd, 4318175.593, 109
Trd, 4318175.843, 138
Trd, 4318176.343, 140
Trd, 4318176.693, 116
Trd, 4318177.843, 95
Trd, 4318178.943, 135
Trd, 4318179.043, 129
Trd, 4318179.893, 112
Trd, 4318179.943, 121
Trd, 4318180.693, 107
Trd, 4318181.893, 137
Trd, 4318182.193, 106
Trd, 4318182.443, 138
Trd, 4318183.143, 64
Trd, 4318186.043, 132
Trd, 4318186.643, 118
Trd, 4318187.343, 114
Trd, 4318187.393, 123
Trd, 4318187.593, 129
Trd, 4318188.393, 134
Trd, 4318188.693, 81
Trd, 4318189.643, 138
Trd, 4318190.343, 104
Trd, 4318191.193, 139
Trd, 4318192.193, 140
Trd, 4318193.793, 76
Trd, 4318194.593, 99
Trd, 4318194.743, 62
Trd, 4318194.993, 79
Trd, 4318195.293, 85
Trd, 4318196.793, 61
Trd, 4318196.993, 67
Trd, 4318197.843, 76
Trd, 4318198.893, 130
Trd, 4318199.343, 86
Trd, 4318199.743, 136
Trd, 4318200.693, 118
Trd, 4318200.893, 137
Trd, 4318201.043, 101
Trd, 4318202.943, 62
Trd, 4318203.243, 69
Trd, 4318204.243, 72
Trd, 4318205.643, 62
Trd, 4318205.843, 66
Trd, 4318205.993, 106
Trd, 4318206.743, 140
Trd, 4318206.843, 139
Trd, 4318207.193, 140
Trd, 4318207.443, 119
Trd, 4318209.793, 140
Trd, 4318210.193, 134
Trd, 4318210.393, 119
Trd, 4318211.743, 137
Trd, 4318212.093, 94
Trd, 4318213.593, 140
Trd, 4318213.893, 118
Trd, 4318214.043, 140
Trd, 4318214.693, 96
Trd, 4318215.593, 140
Trd, 4318216.343, 83
Trd, 4318217.193, 139
Trd, 4318218.393, 127
Trd, 4318219.893, 139
Trd, 4318220.243, 140
Trd, 4318220.643, 120
Trd, 4318221.093, 90
Trd, 4318221.343, 94
Trd, 4318222.293, 135
Trd, 4318222.693, 107
Trd, 4318223.143, 136
Trd, 4318223.443, 105
Trd, 4318224.093, 88
Trd, 4318224.393, 118
Trd, 4318224.443, 79
Trd, 4318225.243, 61
Trd, 4318226.943, 100
Trd, 4318227.743, 131
Trd, 4318227.843, 140
Trd, 4318228.093, 90
Trd, 4318229.343, 60
Trd, 4318230.193, 129
Trd, 4318230.493, 108
Trd, 4318231.143, 83
Trd, 4318231.393, 106
Trd, 4318231.693, 140
Trd, 4318233.243, 67
Trd, 4318234.343, 137
Trd, 4318234.993, 137
Trd, 4318235.193, 126
Trd, 4318235.493, 122
Trd, 4318235.793, 60
Trd, 4318235.943, 61
Trd, 4318236.793, 121
Trd, 4318237.543, 122
Trd, 4318239.293, 105
Trd, 4318239.343, 73
Trd, 4318240.443, 139
Trd, 4318240.593, 129
Trd, 4318241.293, 68
Trd, 4318242.343, 93
Trd, 4318242.493, 102
Trd, 4318242.793, 92
Trd, 4318243.193, 110
Trd, 4318244.243, 113
Trd, 4318244.893, 120
Trd, 4318245.193, 91
Trd, 4318245.793, 88
Trd, 4318246.093, 61
Trd, 4318247.543, 140
Trd, 4318247.943, 103
Trd, 4318248.093, 135
Trd, 4318248.993, 110
Trd, 4318250.393, 109
Trd, 4318250.493, 90
Trd, 4318250.693, 121
Trd, 4318251.093, 65
Trd, 4318251.143, 100
Trd, 4318251.393, 123
Trd, 4318251.643, 104
Trd, 4318252.243, 140
Trd, 4318252.443, 140
Trd, 4318253.443, 72
Trd, 4318254.693, 122
Trd, 4318255.043, 119
Trd, 4318257.193, 61
Trd, 4318257.593, 123
Trd, 4318258.493, 140
Trd, 4318258.543, 123
Trd, 4318259.593, 137
Trd, 4318260.343, 134
Trd, 4318261.243, 61
Trd, 4318261.393, 120
Trd, 4318261.493, 62
Trd, 4318262.543, 111
Trd, 4318262.943, 101
Trd, 4318263.493, 140
Trd, 4318264.193, 61
Trd, 4318265.143, 134
Trd, 4318265.693, 78
Trd, 4318266.893, 107
Trd, 4318268.293, 63
Trd, 4318268.693, 90
Trd, 4318268.943, 96
Trd, 4318269.693, 61
Trd, 4318269.893, 99
Trd, 4318270.393, 136
Trd, 4318270.893, 107
Trd, 4318271.843, 133
Trd, 4318272.293, 137
Trd, 4318273.043, 101
Trd, 4318273.993, 114
Trd, 4318275.143, 107
Trd, 4318276.243, 104
Trd, 4318276.393, 86
Trd, 4318276.693, 140
Trd, 4318276.843, 139
Trd, 4318277.043, 95
Trd, 4318278.943, 140
Trd, 4318280.193, 111
Trd, 4318280.643, 135
Trd, 4318281.193, 127
Trd, 4318281.543, 140
Trd, 4318281.793, 123
Trd, 4318282.293, 138
Trd, 4318282.593, 102
Trd, 4318283.793, 63
Trd, 4318284.593, 90
Trd, 4318285.193, 108
Trd, 4318285.393, 65
Trd, 4318286.243, 140
Trd, 4318286.993, 138
Trd, 4318287.293, 138
Trd, 4318287.543, 134
Trd, 4318287.793, 113
Trd, 4318288.093, 109
Trd, 4318289.643, 79
Trd, 4318290.343, 63
Trd, 4318291.093, 140
Trd, 4318291.493, 75
Trd, 4318291.993, 70
Trd, 4318292.893, 139
Trd, 4318294.743, 140
Trd, 4318295.043, 134
Trd, 4318295.493, 140
Trd, 4318297.343, 116
Trd, 4318297.743, 134
Trd, 4318297.893, 126
Trd, 4318298.343, 125
Trd, 4318298.493, 100
Trd, 4318298.793, 139
Trd, 4318299.093, 133
Trd, 4318300.293, 110
Trd, 4318301.093, 122
Trd, 4318303.793, 138
Trd, 4318304.843, 122
Trd, 4318305.243, 97
Trd, 4318305.343, 123
Trd, 4318306.243, 140
Trd, 4318306.343, 130
Trd, 4318306.693, 128
Trd, 4318306.893, 139
Trd, 4318307.443, 115
Trd, 4318307.993, 133
Trd, 4318309.093, 119
Trd, 4318310.743, 125
Trd, 4318310.893, 110
Trd, 4318311.443, 139
Trd, 4318311.493, 105
Trd, 4318312.843, 61
Trd, 4318313.293, 96
Trd, 4318313.343, 132
Trd, 4318314.493, 140
Trd, 4318315.643, 139
Trd, 4318315.693, 135
Trd, 4318316.143, 140
Trd, 4318316.243, 121
Trd, 4318316.943, 119
Trd, 4318317.493, 123
Trd, 4318319.243, 140
Trd, 4318319.393, 131
Trd, 4318319.793, 94
Trd, 4318320.893, 140
Trd, 4318321.343, 131
Trd, 4318321.893, 95
Trd, 4318322.393, 88
Trd, 4318322.843, 70
Trd, 4318323.343, 67
Trd, 4318324.143, 104
Trd, 4318325.843, 140
Trd, 4318326.443, 139
Trd, 4318326.643, 140
Trd, 4318327.593, 140
Trd, 4318328.393, 120
Trd, 4318329.093, 140
Trd, 4318329.143, 133
Trd, 4318329.943, 102
Trd, 4318329.993, 71
Trd, 4318330.893, 139
Trd, 4318331.543, 130
Trd, 4318331.893, 122
Trd, 4318333.293, 140
Trd, 4318333.443, 140
Trd, 4318333.493, 106
Trd, 4318333.893, 115
Trd, 4318334.193, 116
Trd, 4318334.643, 129
Trd, 4318335.993, 138
Trd, 4318336.143, 137
Trd, 4318337.143, 138
Trd, 4318337.193, 137
Trd, 4318337.643, 107
Trd, 4318338.943, 65
Trd, 4318339.893, 65
Trd, 4318340.243, 123
Trd, 4318341.143, 92
Trd, 4318342.493, 140
Trd, 4318343.193, 140
Trd, 4318343.393, 134
Trd, 4318344.593, 135
Trd, 4318345.143, 130
Trd, 4318346.193, 137
Trd, 4318346.793, 134
Trd, 4318347.593, 107
Trd, 4318347.643, 101
Trd, 4318348.343, 95
Trd, 4318348.493, 65
Trd, 4318349.643, 67
Trd, 4318349.743, 91
Trd, 4318351.093, 140
Trd, 4318351.593, 139
Trd, 4318351.793, 127
Trd, 4318352.543, 137
Trd, 4318352.693, 133
Trd, 4318354.293, 139
Trd, 4318356.993, 140
Trd, 4318357.693, 138
Trd, 4318357.843, 136
Trd, 4318358.443, 138
Trd, 4318358.493, 133
Trd, 4318358.643, 123
Trd, 4318359.593, 135
Trd, 4318360.643, 139
Trd, 4318361.093, 99
Trd, 4318363.443, 139
Trd, 4318363.793, 131
Trd, 4318364.243, 107
Trd, 4318364.443, 96
Trd, 4318365.243, 140
Trd, 4318365.393, 138
Trd, 4318365.693, 118
Trd, 4318365.743, 112
Trd, 4318366.893, 140
Trd, 4318367.143, 138
Trd, 4318367.293, 92
Trd, 4318370.693, 140
Trd, 4318370.993, 139
Trd, 4318371.643, 136
Trd, 4318371.793, 133
Trd, 4318372.193, 124
Trd, 4318372.443, 119
Trd, 4318372.593, 116
Trd, 4318373.293, 120
Trd, 4318373.993, 123
Trd, 4318374.843, 140
Trd, 4318376.043, 131
Trd, 4318377.643, 134
Trd, 4318377.793, 129
Trd, 4318377.843, 116
Trd, 4318379.043, 140
Trd, 4318379.943, 139
Trd, 4318380.743, 140
Trd, 4318381.493, 123
Trd, 4318382.193, 103
Trd, 4318382.943, 107
Trd, 4318384.393, 139
Trd, 4318384.443, 120
Trd, 4318385.143, 140
Trd, 4318385.893, 127
Trd, 4318386.293, 70
Trd, 4318386.943, 135
Trd, 4318388.743, 140
Trd, 4318389.893, 140
Trd, 4318390.043, 136
Trd, 4318390.343, 124
Trd, 4318391.793, 139
Trd, 4318391.943, 128
Trd, 4318392.593, 140
Trd, 4318392.793, 85
Trd, 4318393.643, 90
Trd, 4318395.343, 117
Trd, 4318396.143, 137
Trd, 4318397.343, 136
Trd, 4318399.093, 140
Trd, 4318399.193, 134
Trd, 4318399.593, 79
Trd, 4318400.643, 140
Trd, 4318400.843, 138
Trd, 4318403.393, 140
Trd, 4318403.543, 138
Trd, 4318403.693, 132
Trd, 4318404.993, 140
Trd, 4318405.643, 138
Trd, 4318405.693, 129
Trd, 4318406.143, 128
Trd, 4318406.443, 120
Trd, 4318408.093, 138
Trd, 4318408.143, 117
Trd, 4318408.443, 126
Trd, 4318409.843, 135
Trd, 4318410.243, 138
Trd, 4318410.443, 70
Trd, 4318412.343, 139
Trd, 4318413.043, 140
Trd, 4318413.143, 132
Trd, 4318413.243, 121
Trd, 4318413.843, 91
Trd, 4318415.793, 124
Trd, 4318416.243, 140
Trd, 4318416.843, 107
Trd, 4318416.943, 117
Trd, 4318418.643, 140
Trd, 4318418.693, 137
Trd, 4318419.593, 127
Trd, 4318420.043, 109
Trd, 4318420.543, 140
Trd, 4318420.693, 116
Trd, 4318421.643, 112
Trd, 4318422.743, 123
Trd, 4318423.493, 94
Trd, 4318423.693, 130
Trd, 4318424.093, 139
Trd, 4318425.243, 139
Trd, 4318426.843, 61
Trd, 4318426.893, 76
Trd, 4318426.943, 100
Trd, 4318427.243, 135
Trd, 4318427.843, 66
Trd, 4318428.693, 62
Trd, 4318429.693, 60
Trd, 4318429.943, 73
Trd, 4318430.243, 86
Trd, 4318431.693, 112
Trd, 4318431.743, 91
Trd, 4318432.143, 84
Trd, 4318434.293, 139
Trd, 4318434.793, 135
Trd, 4318435.093, 117
Trd, 4318435.693, 106
Trd, 4318435.743, 113
Trd, 4318436.143, 97
Trd, 4318436.293, 87
Trd, 4318437.043, 139
Trd, 4318437.393, 133
Trd, 4318437.793, 109
Trd, 4318438.293, 70
Trd, 4318440.493, 80
Trd, 4318440.943, 137
Trd, 4318442.343, 139
Trd, 4318442.493, 120
Trd, 4318443.243, 138
Trd, 4318445.743, 134
Trd, 4318446.043, 134
Trd, 4318446.243, 115
Trd, 4318446.493, 103
Trd, 4318448.193, 139
Trd, 4318448.243, 73
Trd, 4318448.443, 62
Trd, 4318448.593, 140
Trd, 4318450.143, 140
Trd, 4318450.443, 133
Trd, 4318450.493, 126
Trd, 4318450.893, 86
Trd, 4318452.393, 132
Trd, 4318453.193, 117
Trd, 4318454.893, 137
Trd, 4318455.393, 140
Trd, 4318455.693, 140
Trd, 4318456.893, 140
Trd, 4318456.943, 140
Trd, 4318457.593, 121
Trd, 4318458.193, 93
Trd, 4318458.793, 127
Trd, 4318458.893, 116
Trd, 4318459.593, 135
Trd, 4318460.243, 95
Trd, 4318460.993, 106
Trd, 4318461.393, 125
Trd, 4318461.943, 136
Trd, 4318462.843, 140
Trd, 4318463.043, 133
Trd, 4318463.093, 128
Trd, 4318464.293, 139
Trd, 4318464.743, 140
Trd, 4318464.793, 106
Trd, 4318465.593, 87
Trd, 4318467.693, 139
Trd, 4318468.193, 139
Trd, 4318468.393, 139
Trd, 4318468.593, 124
Trd, 4318468.893, 116
Trd, 4318471.543, 140
Trd, 4318471.593, 121
Trd, 4318471.643, 94
Trd, 4318472.593, 139
Trd, 4318472.693, 91
Trd, 4318475.293, 122
Trd, 4318475.843, 62
Trd, 4318477.793, 63
Trd, 4318477.943, 66
Trd, 4318478.143, 68
Trd, 4318478.543, 60
Trd, 4318479.243, 125
Trd, 4318479.793, 140
Trd, 4318480.343, 95
Trd, 4318481.243, 122
Trd, 4318482.393, 118
Trd, 4318482.843, 140
Trd, 4318483.243, 109
Trd, 4318484.193, 136
Trd, 4318484.843, 100
Trd, 4318485.193, 136
Trd, 4318485.993, 139
Trd, 4318486.243, 94
Trd, 4318487.193, 127
Trd, 4318487.593, 134
Trd, 4318488.693, 119
Trd, 4318489.043, 115
Trd, 4318489.643, 110
Trd, 4318491.043, 140
Trd, 4318491.393, 139
Trd, 4318491.893, 115
Trd, 4318492.243, 140
Trd, 4318492.843, 96
Trd, 4318492.893, 93
Trd, 4318493.943, 140
Trd, 4318494.743, 139
Trd, 4318495.543, 138
Trd, 4318495.993, 137
Trd, 4318496.143, 132
Trd, 4318496.243, 119
Trd, 4318497.743, 140
Trd, 4318497.793, 136
Trd, 4318498.493, 113
Trd, 4318500.293, 140
Trd, 4318501.743, 133
Trd, 4318501.793, 121
Trd, 4318501.843, 112
Trd, 4318502.893, 139
Trd, 4318503.293, 137
Trd, 4318503.843, 98
Trd, 4318504.643, 140
Trd, 4318505.593, 106
Trd, 4318505.643, 104
Trd, 4318505.993, 85
Trd, 4318508.043, 140
Trd, 4318508.393, 140
Trd, 4318508.693, 127
Trd, 4318509.793, 86
Trd, 4318510.493, 86
Trd, 4318510.593, 69
Trd, 4318511.293, 139
Trd, 4318511.693, 119
Trd, 4318512.693, 103
Trd, 4318513.243, 69
Trd, 4318514.043, 128
Trd, 4318515.043, 139
Trd, 4318515.393, 126
Trd, 4318515.443, 123
Trd, 4318516.393, 139
Trd, 4318517.993, 140
Trd, 4318518.193, 140
Trd, 4318518.793, 124
Trd, 4318519.543, 81
Trd, 4318520.943, 139
Trd, 4318521.043, 139
Trd, 4318521.293, 133
Trd, 4318522.293, 129
Trd, 4318523.093, 140
Trd, 4318523.943, 64
Trd, 4318524.843, 91
Trd, 4318525.143, 140
Trd, 4318525.943, 138
Trd, 4318526.093, 111
Trd, 4318526.343, 78
Trd, 4318526.793, 85
Trd, 4318527.093, 71
Trd, 4318527.993, 137
Trd, 4318528.743, 103
Trd, 4318529.793, 122
Trd, 4318530.393, 140
Trd, 4318530.543, 130
Trd, 4318530.893, 126
Trd, 4318531.143, 111
Trd, 4318531.943, 139
Trd, 4318533.743, 140
Trd, 4318534.893, 134
Trd, 4318535.893, 137
Trd, 4318536.443, 126
Trd, 4318537.393, 140
Trd, 4318538.793, 136
Trd, 4318539.043, 132
Trd, 4318539.143, 122
Trd, 4318539.543, 131
Trd, 4318539.993, 112
Trd, 4318540.443, 119
Trd, 4318541.593, 140
Trd, 4318542.193, 70
Trd, 4318542.293, 128
Trd, 4318543.293, 119
Trd, 4318544.143, 138
Trd, 4318545.043, 100
Trd, 4318545.193, 108
Trd, 4318545.543, 87
Trd, 4318547.143, 64
Trd, 4318547.243, 65
Trd, 4318547.343, 69
Trd, 4318547.843, 79
Trd, 4318547.943, 109
Trd, 4318550.143, 63
Trd, 4318550.843, 138
Trd, 4318551.393, 140
Trd, 4318551.743, 135
Trd, 4318552.493, 136
Trd, 4318552.643, 119
Trd, 4318553.643, 79
Trd, 4318554.793, 139
Trd, 4318555.793, 138
Trd, 4318556.193, 107
Trd, 4318556.343, 67
Trd, 4318557.193, 133
Trd, 4318558.393, 135
Trd, 4318559.693, 132
Trd, 4318560.143, 140
Trd, 4318560.493, 139
Trd, 4318560.743, 140
Trd, 4318561.993, 126
Trd, 4318562.393, 120
Trd, 4318563.643, 78
Trd, 4318563.943, 85
Trd, 4318564.343, 121
Trd, 4318564.443, 83
Trd, 4318565.543, 138
Trd, 4318566.143, 139
Trd, 4318566.543, 102
Trd, 4318567.143, 71
Trd, 4318567.243, 83
Trd, 4318568.043, 104
Trd, 4318569.543, 124
Trd, 4318570.093, 140
Trd, 4318571.393, 139
Trd, 4318572.093, 139
Trd, 4318572.543, 138
Trd, 4318572.943, 128
Trd, 4318572.993, 103
Trd, 4318574.393, 140
Trd, 4318574.493, 122
Trd, 4318574.893, 71
Trd, 4318576.293, 82
Trd, 4318577.143, 112
Trd, 4318578.443, 120
Trd, 4318578.893, 103
Trd, 4318580.043, 136
Trd, 4318580.193, 136
Trd, 4318580.493, 100
Trd, 4318580.943, 121
Trd, 4318583.043, 140
Trd, 4318583.393, 140
Trd, 4318584.093, 139
Trd, 4318584.143, 135
Trd, 4318585.893, 140
Trd, 4318586.043, 138
Trd, 4318586.243, 121
Trd, 4318586.343, 103
Trd, 4318589.393, 140
Trd, 4318590.693, 138
Trd, 4318590.843, 132
Trd, 4318591.893, 125
Trd, 4318592.543, 139
Trd, 4318593.293, 134
Trd, 4318593.793, 140
Trd, 4318594.293, 140
Trd, 4318594.943, 140
Trd, 4318595.593, 140
Trd, 4318595.793, 95
Trd, 4318596.743, 83
Trd, 4318596.943, 77
Trd, 4318597.393, 80
Trd, 4318597.643, 138
Trd, 4318598.093, 139
Trd, 4318598.243, 112
Trd, 4318598.793, 140
Trd, 4318598.843, 127
Trd, 4318599.943, 76
Trd, 4318601.043, 80
Trd, 4318601.493, 126
Trd, 4318602.043, 113
Trd, 4318603.093, 140
Trd, 4318603.143, 72
Trd, 4318603.743, 140
Trd, 4318604.193, 140
Trd, 4318605.243, 128
Trd, 4318605.993, 138
Trd, 4318606.443, 85
Trd, 4318607.643, 97
Trd, 4318608.193, 66
Trd, 4318608.593, 106
Trd, 4318609.093, 126
Trd, 4318610.393, 139
Trd, 4318610.893, 132
Trd, 4318611.293, 110
Trd, 4318611.593, 140
Trd, 4318611.793, 73
Trd, 4318612.443, 140
Trd, 4318613.543, 90
Trd, 4318614.793, 140
Trd, 4318615.093, 121
Trd, 4318616.343, 127
Trd, 4318616.993, 136
Trd, 4318617.343, 103
Trd, 4318618.043, 134
Trd, 4318618.393, 130
Trd, 4318618.793, 128
Trd, 4318618.843, 121
Trd, 4318620.293, 117
Trd, 4318620.643, 133
Trd, 4318620.743, 61
Trd, 4318621.493, 140
Trd, 4318621.693, 78
Trd, 4318622.493, 140
Trd, 4318624.343, 137
Trd, 4318624.693, 139
Trd, 4318625.243, 118
Trd, 4318626.143, 66
Trd, 4318626.443, 83
Trd, 4318627.493, 125
Trd, 4318628.143, 138
Trd, 4318629.193, 130
Trd, 4318629.743, 140
Trd, 4318630.243, 140
Trd, 4318630.393, 85
Trd, 4318631.243, 137
Trd, 4318631.393, 106
Trd, 4318632.093, 83
Trd, 4318632.793, 63
Trd, 4318633.893, 111
Trd, 4318634.893, 140
Trd, 4318635.043, 126
Trd, 4318635.493, 114
Trd, 4318637.943, 140
Trd, 4318638.243, 140
Trd, 4318638.793, 139
Trd, 4318638.943, 139
Trd, 4318639.843, 135
Trd, 4318640.093, 134
Trd, 4318640.893, 106
Trd, 4318641.443, 64
Trd, 4318642.243, 128
Trd, 4318642.843, 139
Trd, 4318643.993, 99
Trd, 4318644.643, 135
Trd, 4318645.743, 111
Trd, 4318646.043, 125
Trd, 4318646.443, 133
Trd, 4318647.493, 60
Trd, 4318647.743, 79
Trd, 4318648.293, 67
Trd, 4318649.443, 140
Trd, 4318650.993, 139
Trd, 4318651.443, 139
Trd, 4318651.543, 137
Trd, 4318654.043, 139
Trd, 4318654.343, 140
Trd, 4318654.443, 135
Trd, 4318655.943, 120
Trd, 4318656.443, 128
Trd, 4318657.293, 95
Trd, 4318657.643, 91
Trd, 4318658.343, 140
Trd, 4318658.543, 120
Trd, 4318658.693, 106
Trd, 4318659.443, 140
Trd, 4318660.393, 140
Trd, 4318660.493, 93
Trd, 4318661.193, 114
Trd, 4318662.293, 139
Trd, 4318662.643, 71
Trd, 4318663.693, 98
Trd, 4318664.243, 140
Trd, 4318664.393, 115
Trd, 4318665.293, 139
Trd, 4318665.543, 100
Trd, 4318666.393, 120
Trd, 4318666.943, 138
Trd, 4318667.443, 95
Trd, 4318668.043, 110
Trd, 4318669.193, 123
Trd, 4318669.543, 140
Trd, 4318670.143, 68
Trd, 4318670.643, 61
Trd, 4318671.493, 140
Trd, 4318672.743, 118
Trd, 4318672.943, 110
Trd, 4318672.993, 66
Trd, 4318673.943, 79
Trd, 4318675.093, 140
Trd, 4318675.293, 138
Trd, 4318676.293, 132
Trd, 4318676.443, 114
Trd, 4318678.143, 139
Trd, 4318678.293, 129
Trd, 4318678.943, 117
Trd, 4318679.443, 104
Trd, 4318679.993, 140
Trd, 4318680.043, 111
Trd, 4318680.343, 127
Trd, 4318681.643, 72
Trd, 4318682.343, 110
Trd, 4318683.043, 140
Trd, 4318683.193, 121
Trd, 4318683.743, 102
Trd, 4318684.343, 130
Trd, 4318684.593, 133
Trd, 4318685.393, 139
Trd, 4318687.093, 140
Trd, 4318687.493, 140
Trd, 4318687.643, 123
Trd, 4318688.293, 139
Trd, 4318688.593, 92
Trd, 4318688.843, 111
Trd, 4318689.543, 131
Trd, 4318689.693, 135
Trd, 4318690.493, 133
Trd, 4318691.293, 98
Trd, 4318692.293, 138
Trd, 4318693.243, 138
Trd, 4318693.743, 132
Trd, 4318694.043, 97
Trd, 4318694.743, 131
Trd, 4318695.243, 138
Trd, 4318695.543, 132
Trd, 4318695.943, 84
Trd, 4318696.893, 91
Trd, 4318697.143, 100
Trd, 4318698.993, 140
Trd, 4318699.443, 140
Trd, 4318699.643, 113
Trd, 4318700.443, 135
Trd, 4318700.893, 140
Trd, 4318700.943, 140
Trd, 4318701.393, 109
Trd, 4318701.743, 140
Trd, 4318701.793, 129
Trd, 4318702.043, 89
Trd, 4318703.243, 131
Trd, 4318704.043, 87
Trd, 4318704.643, 62
Trd, 4318706.643, 140
Trd, 4318707.293, 129
Trd, 4318707.793, 126
Trd, 4318709.093, 106
Trd, 4318710.543, 113
Trd, 4318711.093, 140
Trd, 4318712.343, 140
Trd, 4318713.193, 137
Trd, 4318713.393, 121
Trd, 4318714.293, 138
Trd, 4318714.643, 69
Trd, 4318714.693, 100
Trd, 4318714.743, 129
Trd, 4318715.693, 138
Trd, 4318716.493, 109
Trd, 4318716.993, 140
Trd, 4318718.093, 139
Trd, 4318719.693, 136
Trd, 4318719.793, 120
Trd, 4318719.943, 109
Trd, 4318720.093, 140
Trd, 4318720.793, 86
Trd, 4318721.793, 140
Trd, 4318721.993, 140
Trd, 4318723.343, 139
Trd, 4318723.743, 138
Trd, 4318724.343, 117
Trd, 4318724.443, 112
Trd, 4318725.743, 139
Trd, 4318726.893, 130
Trd, 4318727.343, 120
Trd, 4318728.143, 139
Trd, 4318728.193, 133
Trd, 4318728.343, 109
Trd, 4318729.443, 136
Trd, 4318730.943, 124
Trd, 4318731.743, 138
Trd, 4318731.793, 102
Trd, 4318732.543, 98
Trd, 4318733.293, 107
Trd, 4318733.693, 140
Trd, 4318735.243, 137
Trd, 4318735.643, 88
Trd, 4318735.793, 106
Trd, 4318735.993, 82
Trd, 4318736.443, 106
Trd, 4318737.643, 117
Trd, 4318739.293, 140
Trd, 4318739.543, 138
Trd, 4318739.843, 134
Trd, 4318740.043, 118
Trd, 4318741.193, 139
Trd, 4318743.093, 123
Trd, 4318743.143, 107
Trd, 4318744.193, 140
Trd, 4318744.493, 139
Trd, 4318744.593, 140
Trd, 4318745.943, 120
Trd, 4318746.893, 135
Trd, 4318747.443, 140
Trd, 4318747.643, 120
Trd, 4318748.243, 106
Trd, 4318749.043, 95
Trd, 4318750.143, 140
Trd, 4318751.293, 110
Trd, 4318751.543, 126
Trd, 4318752.143, 62
Trd, 4318752.343, 69
Trd, 4318753.143, 139
Trd, 4318753.493, 97
Trd, 4318753.643, 92
Trd, 4318753.843, 115
Trd, 4318755.393, 139
Trd, 4318755.693, 140
Trd, 4318755.743, 120
Trd, 4318757.093, 137
Trd, 4318758.943, 140
Trd, 4318760.193, 139
Trd, 4318760.493, 133
Trd, 4318760.893, 117
Trd, 4318761.443, 85
Trd, 4318761.843, 140
Trd, 4318762.993, 61
Trd, 4318763.893, 62
Trd, 4318764.643, 63
Trd, 4318764.693, 75
Trd, 4318765.343, 88
Trd, 4318766.693, 134
Trd, 4318766.843, 127
Trd, 4318768.343, 62
Trd, 4318768.543, 117
Trd, 4318768.793, 134
Trd, 4318769.143, 140
Trd, 4318770.193, 139
Trd, 4318770.493, 130
Trd, 4318772.743, 78
Trd, 4318773.143, 135
Trd, 4318774.593, 101
Trd, 4318775.143, 125
Trd, 4318775.243, 97
Trd, 4318775.643, 104
Trd, 4318776.593, 91
Trd, 4318777.043, 109
Trd, 4318777.443, 80
Trd, 4318777.693, 112
Trd, 4318778.393, 94
Trd, 4318779.893, 140
Trd, 4318781.543, 131
Trd, 4318781.593, 126
Trd, 4318781.993, 85
Trd, 4318783.443, 140
Trd, 4318784.293, 95
Trd, 4318786.543, 135
Trd, 4318786.593, 116
Trd, 4318787.093, 140
Trd, 4318788.193, 99
Trd, 4318788.693, 64
Trd, 4318789.243, 139
Trd, 4318789.493, 139
Trd, 4318789.993, 136
Trd, 4318790.593, 139
Trd, 4318791.543, 130
Trd, 4318793.143, 106
Trd, 4318793.843, 66
Trd, 4318794.693, 74
Trd, 4318796.493, 140
Trd, 4318796.943, 140
Trd, 4318797.093, 139
Trd, 4318797.393, 124
Trd, 4318797.943, 121
Trd, 4318798.543, 139
Trd, 4318800.143, 138
Trd, 4318800.193, 128
Trd, 4318801.193, 140
Trd, 4318801.543, 130
Trd, 4318801.593, 114
Trd, 4318802.493, 140
Trd, 4318803.193, 128
Trd, 4318803.693, 109
Trd, 4318804.143, 132
Trd, 4318805.293, 86
Trd, 4318805.693, 77
Trd, 4318806.693, 112
Trd, 4318807.143, 95
Trd, 4318807.343, 69
Trd, 4318808.243, 136
Trd, 4318808.643, 121
Trd, 4318810.643, 135
Trd, 4318810.743, 116
Trd, 4318811.743, 139
Trd, 4318812.443, 138
Trd, 4318812.593, 119
Trd, 4318812.943, 79
Trd, 4318813.693, 80
Trd, 4318813.943, 139
Trd, 4318814.543, 134
Trd, 4318815.843, 137
Trd, 4318816.543, 138
Trd, 4318817.043, 138
Trd, 4318817.243, 114
Trd, 4318818.143, 106
Trd, 4318818.843, 127
Trd, 4318819.743, 140
Trd, 4318820.343, 63
Trd, 4318821.343, 126
Trd, 4318821.693, 116
Trd, 4318823.243, 124
Trd, 4318824.293, 61
Trd, 4318824.943, 74
Trd, 4318825.293, 96
Trd, 4318825.743, 78
Trd, 4318825.943, 134
Trd, 4318826.193, 99
Trd, 4318827.143, 73
Trd, 4318828.093, 140
Trd, 4318828.193, 138
Trd, 4318828.743, 133
Trd, 4318829.843, 60
Trd, 4318830.143, 126
Trd, 4318831.993, 140
Trd, 4318832.043, 137
Trd, 4318832.593, 135
Trd, 4318833.793, 136
Trd, 4318834.543, 140
Trd, 4318835.393, 112
Trd, 4318835.793, 64
Trd, 4318836.593, 140
Trd, 4318836.993, 103
Trd, 4318837.743, 140
Trd, 4318838.193, 116
Trd, 4318838.493, 136
Trd, 4318838.893, 136
Trd, 4318839.693, 96
Trd, 4318839.793, 87
Trd, 4318840.443, 121
Trd, 4318840.693, 107
Trd, 4318841.293, 131
Trd, 4318842.843, 66
Trd, 4318843.343, 72
Trd, 4318843.393, 86
Trd, 4318844.743, 64
Trd, 4318844.943, 69
Trd, 4318845.693, 84
Trd, 4318847.193, 64
Trd, 4318847.443, 139
Trd, 4318848.093, 90
Trd, 4318848.693, 77
Trd, 4318848.793, 101
Trd, 4318849.143, 133
Trd, 4318850.743, 104
Trd, 4318852.193, 140
Trd, 4318852.343, 120
Trd, 4318852.843, 140
Trd, 4318853.743, 103
Trd, 4318853.893, 134
Trd, 4318854.843, 139
Trd, 4318856.993, 77
Trd, 4318857.643, 98
Trd, 4318857.743, 106
Trd, 4318858.243, 115
Trd, 4318858.443, 126
Trd, 4318858.693, 112
Trd, 4318859.993, 69
Trd, 4318860.343, 92
Trd, 4318860.743, 132
Trd, 4318861.743, 139
Trd, 4318862.693, 139
Trd, 4318862.793, 122
Trd, 4318863.443, 125
Trd, 4318864.543, 140
Trd, 4318865.193, 136
Trd, 4318866.043, 140
Trd, 4318867.643, 138
Trd, 4318867.693, 113
Trd, 4318868.643, 92
Trd, 4318870.193, 110
Trd, 4318871.443, 139
Trd, 4318871.693, 130
Trd, 4318872.943, 133
Trd, 4318873.043, 88
Trd, 4318873.143, 85
Trd, 4318873.393, 79
Trd, 4318873.643, 67
Trd, 4318873.743, 102
Trd, 4318873.843, 102
Trd, 4318875.393, 73
Trd, 4318876.843, 138
Trd, 4318876.943, 119
Trd, 4318877.543, 123
Trd, 4318878.743, 137
Trd, 4318879.193, 124
Trd, 4318879.393, 140
Trd, 4318879.943, 122
Trd, 4318880.093, 107
Trd, 4318881.643, 60
Trd, 4318881.693, 122
Trd, 4318882.043, 114
Trd, 4318883.193, 132
Trd, 4318883.243, 84
Trd, 4318883.643, 69
Trd, 4318883.893, 85
Trd, 4318885.243, 139
Trd, 4318885.543, 83
Trd, 4318885.793, 83
Trd, 4318886.343, 125
Trd, 4318887.193, 98
Trd, 4318888.693, 140
Trd, 4318889.393, 140
Trd, 4318890.493, 136
Trd, 4318891.243, 109
Trd, 4318891.743, 106
Trd, 4318892.293, 117
Trd, 4318893.143, 140
Trd, 4318893.893, 116
Trd, 4318894.043, 117
Trd, 4318894.543, 139
Trd, 4318895.893, 138
Trd, 4318896.043, 132
Trd, 4318896.743, 131
Trd, 4318896.993, 108
Trd, 4318898.643, 140
Trd, 4318898.893, 105
Trd, 4318899.093, 120
Trd, 4318899.493, 139
Trd, 4318900.093, 121
Trd, 4318900.193, 96
Trd, 4318900.743, 140
Trd, 4318901.443, 81
Trd, 4318903.343, 115
Trd, 4318903.543, 116
Trd, 4318903.593, 103
Trd, 4318904.343, 124
Trd, 4318905.043, 140
Trd, 4318905.493, 140
Trd, 4318905.593, 136
Trd, 4318906.393, 99
Trd, 4318907.293, 62
Trd, 4318908.943, 125
Trd, 4318909.343, 97
Trd, 4318909.643, 112
Trd, 4318910.543, 69
Trd, 4318911.843, 125
Trd, 4318911.943, 117
Trd, 4318912.543, 137
Trd, 4318913.193, 138
Trd, 4318913.643, 135
Trd, 4318913.943, 63
Trd, 4318914.693, 87
Trd, 4318915.443, 139
Trd, 4318916.543, 138
Trd, 4318917.293, 127
Trd, 4318917.343, 121
Trd, 4318919.293, 134
Trd, 4318919.343, 116
Trd, 4318919.443, 104
Trd, 4318920.543, 111
Trd, 4318920.943, 139
Trd, 4318921.093, 139
Trd, 4318922.343, 127
Trd, 4318922.643, 114
Trd, 4318923.093, 132
Trd, 4318923.443, 97
Trd, 4318924.143, 85
Trd, 4318924.593, 130
Trd, 4318924.993, 138
Trd, 4318926.193, 130
Trd, 4318927.593, 140
Trd, 4318928.193, 130
Trd, 4318928.593, 123
Trd, 4318928.943, 139
Trd, 4318929.493, 101
Trd, 4318930.993, 140
Trd, 4318931.493, 101
Trd, 4318931.843, 136
Trd, 4318932.343, 138
Trd, 4318933.043, 133
Trd, 4318933.443, 131
Trd, 4318933.593, 71
Trd, 4318934.443, 115
Trd, 4318936.393, 136
Trd, 4318936.643, 133
Trd, 4318936.943, 125
Trd, 4318937.143, 117
Trd, 4318937.293, 86
Trd, 4318938.143, 140
Trd, 4318938.393, 140
Trd, 4318939.443, 74
Trd, 4318939.743, 140
Trd, 4318940.643, 118
Trd, 4318942.243, 90
Trd, 4318942.943, 139
Trd, 4318944.243, 131
Trd, 4318944.293, 114
Trd, 4318944.443, 140
Trd, 4318945.493, 97
Trd, 4318945.743, 98
Trd, 4318948.393, 139
Trd, 4318948.543, 135
Trd, 4318949.693, 138
Trd, 4318950.243, 136
Trd, 4318950.493, 140
Trd, 4318950.593, 99
Trd, 4318951.543, 130
Trd, 4318951.693, 93
Trd, 4318951.743, 88
Trd, 4318952.093, 79
Trd, 4318952.243, 92
Trd, 4318954.093, 63
Trd, 4318954.743, 133
Trd, 4318954.943, 85
Trd, 4318955.193, 135
Trd, 4318955.693, 79
Trd, 4318957.293, 136
Trd, 4318958.043, 138
Trd, 4318958.593, 139
Trd, 4318960.043, 139
Trd, 4318960.693, 140
Trd, 4318960.893, 91
Trd, 4318961.043, 137
Trd, 4318961.993, 139
Trd, 4318963.643, 140
Trd, 4318964.193, 140
Trd, 4318964.343, 127
Trd, 4318964.443, 120
Trd, 4318964.943, 69
Trd, 4318965.143, 113
Trd, 4318967.543, 140
Trd, 4318968.043, 140
Trd, 4318968.093, 138
Trd, 4318969.143, 126
Trd, 4318970.093, 118
Trd, 4318971.193, 136
Trd, 4318971.593, 140
Trd, 4318971.743, 140
Trd, 4318972.493, 122
Trd, 4318973.743, 104
Trd, 4318974.493, 126
Trd, 4318974.543, 103
Trd, 4318975.193, 73
Trd, 4318975.343, 63
Trd, 4318976.643, 139
Trd, 4318976.993, 140
Trd, 4318977.743, 106
Trd, 4318977.893, 91
Trd, 4318978.243, 72
Trd, 4318978.343, 71
Trd, 4318978.493, 101
Trd, 4318979.293, 135
Trd, 4318980.843, 140
Trd, 4318981.393, 80
Trd, 4318981.843, 139
Trd, 4318982.943, 139
Trd, 4318983.093, 126
Trd, 4318983.693, 117
Trd, 4318984.193, 131
Trd, 4318984.993, 101
Trd, 4318986.043, 120
Trd, 4318986.543, 117
Trd, 4318987.393, 135
Trd, 4318988.093, 139
Trd, 4318988.343, 140
Trd, 4318988.443, 120
Trd, 4318988.843, 112
Trd, 4318989.043, 139
Trd, 4318989.493, 61
Trd, 4318990.393, 139
Trd, 4318992.043, 80
Trd, 4318992.643, 96
Trd, 4318992.843, 109
Trd, 4318993.893, 115
Trd, 4318994.493, 89
Trd, 4318994.793, 123
Trd, 4318995.143, 140
Trd, 4318996.743, 140
Trd, 4318997.243, 139
Trd, 4318997.693, 138
Trd, 4318999.593, 139
Trd, 4319000.693, 140
Trd, 4319000.743, 140
Trd, 4319000.943, 130
Trd, 4319001.343, 81
Trd, 4319002.193, 89
Trd, 4319002.843, 111
Trd, 4319003.243, 126
Trd, 4319003.393, 118
Trd, 4319004.443, 131
Trd, 4319004.693, 134
Trd, 4319005.693, 129
Trd, 4319005.793, 118
Trd, 4319006.093, 84
Trd, 4319007.593, 60
Trd, 4319008.793, 100
Trd, 4319009.543, 107
Trd, 4319009.793, 83
Trd, 4319010.393, 139
Trd, 4319011.643, 132
Trd, 4319011.993, 109
Trd, 4319012.493, 109
Trd, 4319012.743, 105
Trd, 4319013.743, 97
Trd, 4319013.793, 127
Trd, 4319013.843, 84
Trd, 4319014.893, 60
Trd, 4319015.843, 121
Trd, 4319017.393, 109
Trd, 4319018.693, 126
Trd, 4319019.343, 97
Trd, 4319020.493, 131
Trd, 4319020.593, 113
Trd, 4319021.943, 140
Trd, 4319022.443, 137
Trd, 4319023.193, 136
Trd, 4319023.343, 99
Trd, 4319023.843, 102
Trd, 4319023.893, 97
Trd, 4319024.293, 140
Trd, 4319024.443, 111
Trd, 4319025.093, 93
Trd, 4319026.593, 125
Trd, 4319027.043, 130
Trd, 4319028.543, 124
Trd, 4319028.693, 118
Trd, 4319028.843, 103
Trd, 4319029.543, 76
Trd, 4319029.893, 86
Trd, 4319030.343, 70
Trd, 4319030.843, 138
Trd, 4319031.893, 94
Trd, 4319032.193, 108
Trd, 4319033.943, 140
Trd, 4319034.543, 139
Trd, 4319034.793, 113
Trd, 4319034.993, 85
Trd, 4319035.643, 101
Trd, 4319035.693, 79
Trd, 4319035.843, 129
Trd, 4319037.543, 60
Trd, 4319037.843, 69
Trd, 4319038.743, 83
Trd, 4319039.593, 134
Trd, 4319040.143, 76
Trd, 4319041.343, 125
Trd, 4319041.443, 115
Trd, 4319041.993, 135
Trd, 4319042.143, 77
Trd, 4319043.593, 138
Trd, 4319044.743, 140
Trd, 4319045.643, 138
Trd, 4319045.793, 124
Trd, 4319045.893, 110
Trd, 4319046.793, 140
Trd, 4319047.043, 106
Trd, 4319047.093, 94
Trd, 4319047.543, 136
Trd, 4319048.643, 140
Trd, 4319048.893, 137
Trd, 4319049.243, 118
Trd, 4319050.593, 140
Trd, 4319053.793, 140
Trd, 4319054.293, 120
Trd, 4319054.743, 109
Trd, 4319054.843, 85
Trd, 4319054.893, 84
Trd, 4319055.643, 136
Trd, 4319055.843, 138
Trd, 4319057.143, 128
Trd, 4319057.293, 140
Trd, 4319058.093, 119
Trd, 4319058.993, 140
Trd, 4319060.743, 134
Trd, 4319061.193, 139
Trd, 4319061.343, 118
Trd, 4319061.843, 113
Trd, 4319063.943, 114
Trd, 4319064.143, 109
Trd, 4319064.343, 138
Trd, 4319064.943, 124
Trd, 4319065.093, 86
Trd, 4319066.593, 116
Trd, 4319068.093, 120
Trd, 4319070.043, 140
Trd, 4319070.093, 137
Trd, 4319070.343, 138
Trd, 4319071.193, 65
Trd, 4319071.293, 66
Trd, 4319071.543, 118
Trd, 4319071.793, 64
Trd, 4319073.843, 139
Trd, 4319074.443, 120
Trd, 4319074.793, 101
Trd, 4319075.293, 139
Trd, 4319075.543, 136
Trd, 4319076.143, 138
Trd, 4319076.343, 108
Trd, 4319077.643, 129
Trd, 4319078.043, 93
Trd, 4319078.193, 134
Trd, 4319078.843, 140
Trd, 4319080.743, 140
Trd, 4319080.843, 102
Trd, 4319081.493, 136
Trd, 4319083.293, 66
Trd, 4319084.893, 123
Trd, 4319085.043, 140
Trd, 4319085.243, 101
Trd, 4319085.793, 140
Trd, 4319086.393, 138
Trd, 4319087.243, 139
Trd, 4319087.893, 136
Trd, 4319088.493, 102
Trd, 4319089.593, 64
Trd, 4319090.643, 123
Trd, 4319092.043, 140
Trd, 4319092.293, 140
Trd, 4319093.193, 140
Trd, 4319093.693, 140
Trd, 4319093.793, 120
Trd, 4319094.343, 109
Trd, 4319095.543, 99
Trd, 4319096.493, 129
Trd, 4319096.843, 105
Trd, 4319097.193, 81
Trd, 4319097.593, 140
Trd, 4319099.743, 140
Trd, 4319100.093, 137
Trd, 4319100.243, 136
Trd, 4319100.493, 139
Trd, 4319101.143, 85
Trd, 4319101.493, 95
Trd, 4319101.893, 140
Trd, 4319103.543, 117
Trd, 4319104.193, 140
Trd, 4319105.043, 93
Trd, 4319105.593, 140
Trd, 4319105.943, 121
Trd, 4319106.343, 139
Trd, 4319106.693, 136
Trd, 4319107.193, 102
Trd, 4319108.293, 128
Trd, 4319108.643, 87
Trd, 4319109.893, 139
Trd, 4319109.993, 95
Trd, 4319110.793, 137
Trd, 4319111.143, 118
Trd, 4319111.643, 116
Trd, 4319112.893, 137
Trd, 4319113.393, 105
Trd, 4319114.343, 100
Trd, 4319114.843, 113
Trd, 4319115.193, 115
Trd, 4319115.493, 89
Trd, 4319116.143, 119
Trd, 4319116.643, 65
Trd, 4319117.243, 127
Trd, 4319120.293, 132
Trd, 4319121.143, 139
Trd, 4319121.193, 120
Trd, 4319122.093, 134
Trd, 4319122.393, 106
Trd, 4319122.943, 85
Trd, 4319123.043, 113
Trd, 4319124.443, 140
Trd, 4319125.493, 136
Trd, 4319126.543, 82
Trd, 4319126.643, 121
Trd, 4319126.693, 77
Trd, 4319127.093, 68
Trd, 4319127.493, 134
Trd, 4319128.693, 122
Trd, 4319129.993, 108
Trd, 4319130.593, 139
Trd, 4319130.893, 136
Trd, 4319131.643, 140
Trd, 4319131.693, 120
Trd, 4319131.893, 104
Trd, 4319132.243, 82
Trd, 4319132.643, 106
Trd, 4319133.093, 62
Trd, 4319134.793, 69
Trd, 4319135.493, 139
Trd, 4319136.243, 104
Trd, 4319137.443, 89
Trd, 4319137.643, 81
Trd, 4319138.043, 125
Trd, 4319138.793, 138
Trd, 4319138.943, 111
Trd, 4319139.693, 124
Trd, 4319140.693, 139
Trd, 4319140.743, 134
Trd, 4319141.343, 98
Trd, 4319141.943, 100
Trd, 4319142.193, 121
Trd, 4319142.243, 104
Trd, 4319142.743, 90
Trd, 4319143.843, 140
Trd, 4319144.393, 102
Trd, 4319144.843, 121
Trd, 4319147.093, 137
Trd, 4319147.643, 138
Trd, 4319149.143, 128
Trd, 4319149.493, 120
Trd, 4319149.593, 140
Trd, 4319150.443, 138
Trd, 4319151.243, 130
Trd, 4319151.793, 140
Trd, 4319152.393, 129
Trd, 4319154.093, 132
Trd, 4319154.243, 106
Trd, 4319154.743, 82
Trd, 4319155.643, 120
Trd, 4319157.543, 140
Trd, 4319157.593, 140
Trd, 4319158.393, 126
Trd, 4319159.143, 124
Trd, 4319159.693, 125
Trd, 4319160.143, 140
Trd, 4319160.493, 118
Trd, 4319162.643, 138
Trd, 4319162.693, 123
Trd, 4319163.543, 139
Trd, 4319163.843, 118
Trd, 4319164.243, 108
Trd, 4319165.493, 139
Trd, 4319166.443, 114
Trd, 4319167.893, 74
Trd, 4319167.993, 75
Trd, 4319169.043, 140
Trd, 4319169.393, 133
Trd, 4319169.743, 137
Trd, 4319170.193, 139
Trd, 4319170.643, 139
Trd, 4319171.493, 136
Trd, 4319171.743, 121
Trd, 4319172.043, 121
Trd, 4319172.693, 109
Trd, 4319174.443, 139
Trd, 4319174.793, 132
Trd, 4319175.493, 127
Trd, 4319176.743, 124
Trd, 4319176.993, 98
Trd, 4319177.843, 84
Trd, 4319178.343, 70
Trd, 4319178.493, 90
Trd, 4319179.243, 125
Trd, 4319180.043, 140
Trd, 4319180.243, 138
Trd, 4319180.843, 85
Trd, 4319182.043, 139
Trd, 4319182.643, 103
Trd, 4319182.943, 63
Trd, 4319184.043, 78
Trd, 4319184.393, 87
Trd, 4319185.143, 139
Trd, 4319185.543, 121
Trd, 4319186.243, 84
Trd, 4319186.343, 108
Trd, 4319186.993, 79
Trd, 4319187.393, 95
Trd, 4319187.843, 130
Trd, 4319188.443, 122
Trd, 4319188.543, 110
Trd, 4319189.693, 139
Trd, 4319190.793, 104
Trd, 4319190.943, 138
Trd, 4319191.843, 133
Trd, 4319192.293, 134
Trd, 4319193.043, 128
Trd, 4319193.893, 116
Trd, 4319195.543, 138
Trd, 4319195.893, 138
Trd, 4319196.243, 124
Trd, 4319196.593, 140
Trd, 4319197.093, 123
Trd, 4319197.543, 139
Trd, 4319198.493, 136
Trd, 4319198.693, 103
Trd, 4319199.843, 135
Trd, 4319200.243, 134
Trd, 4319201.443, 126
Trd, 4319201.793, 111
Trd, 4319202.693, 108
Trd, 4319202.893, 105
Trd, 4319203.293, 81
Trd, 4319203.493, 137
Trd, 4319203.743, 127
Trd, 4319205.593, 140
Trd, 4319207.293, 140
Trd, 4319207.643, 137
Trd, 4319207.843, 132
Trd, 4319208.143, 120
Trd, 4319208.443, 114
Trd, 4319209.193, 139
Trd, 4319210.193, 140
Trd, 4319210.443, 120
Trd, 4319212.043, 140
Trd, 4319212.243, 133
Trd, 4319213.393, 139
Trd, 4319213.443, 132
Trd, 4319214.293, 98
Trd, 4319214.493, 95
Trd, 4319215.293, 109
Trd, 4319215.493, 90
Trd, 4319216.793, 121
Trd, 4319217.543, 98
Trd, 4319217.993, 138
Trd, 4319218.643, 139
Trd, 4319219.643, 140
Trd, 4319219.993, 131
Trd, 4319220.393, 126
Trd, 4319221.243, 140
Trd, 4319221.443, 126
Trd, 4319222.693, 112
Trd, 4319222.743, 80
Trd, 4319223.793, 107
Trd, 4319224.493, 63
Trd, 4319224.843, 84
Trd, 4319225.043, 105
Trd, 4319225.443, 140
Trd, 4319226.143, 115
Trd, 4319226.543, 93
Trd, 4319227.743, 140
Trd, 4319228.393, 140
Trd, 4319229.693, 137
Trd, 4319230.593, 139
Trd, 4319231.343, 140
Trd, 4319232.493, 129
Trd, 4319232.893, 72
Trd, 4319233.143, 74
Trd, 4319234.143, 116
Trd, 4319234.493, 114
Trd, 4319235.193, 63
Trd, 4319236.143, 140
Trd, 4319236.843, 135
Trd, 4319237.043, 101
Trd, 4319238.143, 138
Trd, 4319238.593, 139
Trd, 4319239.043, 140
Trd, 4319239.093, 122
Trd, 4319239.693, 138
Trd, 4319240.093, 77
Trd, 4319242.093, 140
Trd, 4319242.893, 140
Trd, 4319243.393, 107
Trd, 4319244.193, 139
Trd, 4319244.593, 139
Trd, 4319245.293, 128
Trd, 4319245.693, 120
Trd, 4319246.093, 120
Trd, 4319246.993, 104
Trd, 4319248.243, 64
Trd, 4319249.293, 104
Trd, 4319249.743, 140
Trd, 4319250.443, 140
Trd, 4319250.593, 123
Trd, 4319250.643, 93
Trd, 4319251.043, 61
Trd, 4319251.893, 126
Trd, 4319253.343, 75
Trd, 4319253.843, 62
Trd, 4319253.993, 114
Trd, 4319254.343, 71
Trd, 4319255.493, 60
Trd, 4319256.243, 113
Trd, 4319256.393, 99
Trd, 4319257.593, 140
Trd, 4319258.843, 135
Trd, 4319259.493, 130
Trd, 4319260.293, 92
Trd, 4319260.793, 106
Trd, 4319260.943, 111
Trd, 4319261.243, 60
Trd, 4319262.943, 140
Trd, 4319263.693, 119
Trd, 4319263.893, 94
Trd, 4319263.993, 76
Trd, 4319264.693, 98
Trd, 4319265.643, 77
Trd, 4319265.743, 82
Trd, 4319266.643, 139
Trd, 4319267.843, 112
Trd, 4319268.593, 83
Trd, 4319268.943, 84
Trd, 4319269.243, 100
Trd, 4319269.693, 66
Trd, 4319269.743, 112
Trd, 4319270.543, 112
Trd, 4319272.043, 98
Trd, 4319273.093, 126
Trd, 4319274.193, 104
Trd, 4319274.843, 91
Trd, 4319276.393, 124
Trd, 4319276.593, 83
Trd, 4319276.643, 77
Trd, 4319277.643, 105
Trd, 4319278.143, 107
Trd, 4319278.343, 139
Trd, 4319280.093, 105
Trd, 4319280.143, 92
Trd, 4319280.493, 70
Trd, 4319280.843, 108
Trd, 4319281.493, 139
Trd, 4319283.343, 127
Trd, 4319283.543, 138
Trd, 4319284.143, 101
Trd, 4319285.043, 128
Trd, 4319286.243, 115
Trd, 4319286.293, 68
Trd, 4319286.993, 84
Trd, 4319287.093, 128
Trd, 4319287.743, 126
Trd, 4319288.293, 136
Trd, 4319289.843, 140
Trd, 4319289.893, 136
Trd, 4319290.893, 139
Trd, 4319292.193, 140
Trd, 4319292.343, 115
Trd, 4319293.143, 129
Trd, 4319294.343, 139
Trd, 4319295.193, 114
Trd, 4319295.343, 124
Trd, 4319296.143, 140
Trd, 4319296.243, 93
Trd, 4319296.893, 96
Trd, 4319297.193, 133
Trd, 4319298.693, 140
Trd, 4319299.943, 65
Trd, 4319300.493, 69
Trd, 4319300.743, 72
Trd, 4319300.893, 62
Trd, 4319300.943, 78
Trd, 4319301.843, 99
Trd, 4319302.243, 107
Trd, 4319302.793, 88
Trd, 4319302.943, 135
Trd, 4319304.093, 104
Trd, 4319304.293, 98
Trd, 4319305.243, 102
Trd, 4319306.493, 138
Trd, 4319307.093, 67
Trd, 4319307.843, 81
Trd, 4319308.693, 107
Trd, 4319309.143, 104
Trd, 4319310.043, 138
Trd, 4319310.943, 140
Trd, 4319311.493, 71
Trd, 4319312.293, 100
Trd, 4319312.343, 121
Trd, 4319312.693, 78
Trd, 4319313.793, 70
Trd, 4319314.093, 94
Trd, 4319315.143, 66
Trd, 4319315.443, 94
Trd, 4319316.393, 79
Trd, 4319316.893, 80
Trd, 4319317.443, 138
Trd, 4319318.843, 140
Trd, 4319319.543, 139
Trd, 4319320.593, 106
Trd, 4319321.043, 106
Trd, 4319321.443, 140
Trd, 4319321.643, 124
Trd, 4319321.843, 106
Trd, 4319323.293, 127
Trd, 4319323.493, 83
Trd, 4319324.043, 77
Trd, 4319324.493, 67
Trd, 4319325.143, 101
Trd, 4319326.143, 140
Trd, 4319326.993, 118
Trd, 4319327.243, 117
Trd, 4319327.843, 136
Trd, 4319327.993, 106
Trd, 4319329.293, 99
Trd, 4319329.343, 136
Trd, 4319330.643, 138
Trd, 4319331.843, 77
Trd, 4319332.043, 140
Trd, 4319332.293, 131
Trd, 4319333.243, 138
Trd, 4319333.943, 137
Trd, 4319334.793, 129
Trd, 4319335.193, 82
Trd, 4319335.943, 65
Trd, 4319336.943, 95
Trd, 4319337.293, 93
Trd, 4319337.443, 94
Trd, 4319338.693, 140
Trd, 4319339.543, 140
Trd, 4319340.193, 138
Trd, 4319340.843, 138
Trd, 4319341.343, 82
Trd, 4319342.693, 137
Trd, 4319343.143, 129
Trd, 4319343.243, 119
Trd, 4319344.043, 139
Trd, 4319344.243, 104
Trd, 4319346.293, 105
Trd, 4319347.243, 140
Trd, 4319347.443, 131
Trd, 4319348.043, 139
Trd, 4319348.243, 140
Trd, 4319348.693, 133
Trd, 4319350.543, 139
Trd, 4319350.843, 138
Trd, 4319351.343, 127
Trd, 4319352.543, 120
Trd, 4319353.243, 86
Trd, 4319353.793, 70
Trd, 4319354.043, 125
Trd, 4319354.343, 139
Trd, 4319354.393, 125
Trd, 4319356.093, 140
Trd, 4319357.093, 138
Trd, 4319357.293, 136
Trd, 4319359.343, 138
Trd, 4319360.243, 140
Trd, 4319361.343, 140
Trd, 4319361.393, 137
Trd, 4319361.693, 140
Trd, 4319361.893, 125
Trd, 4319362.243, 121
Trd, 4319363.293, 140
Trd, 4319363.443, 128
Trd, 4319364.143, 109
Trd, 4319364.693, 121
Trd, 4319365.193, 135
Trd, 4319366.093, 71
Trd, 4319366.143, 113
Trd, 4319366.893, 140
Trd, 4319367.193, 140
Trd, 4319368.043, 140
Trd, 4319369.043, 105
Trd, 4319370.643, 139
Trd, 4319370.793, 139
Trd, 4319371.293, 138
Trd, 4319371.993, 137
Trd, 4319372.793, 129
Trd, 4319373.043, 98
Trd, 4319374.193, 110
Trd, 4319374.993, 139
Trd, 4319375.293, 103
Trd, 4319375.393, 101
Trd, 4319376.293, 140
Trd, 4319377.493, 140
Trd, 4319377.893, 132
Trd, 4319378.293, 133
Trd, 4319378.643, 108
Trd, 4319379.393, 120
Trd, 4319379.543, 105
Trd, 4319380.093, 140
Trd, 4319380.943, 140
Trd, 4319381.843, 139
Trd, 4319383.243, 89
Trd, 4319383.643, 140
Trd, 4319384.643, 92
Trd, 4319386.093, 116
Trd, 4319386.843, 140
Trd, 4319387.243, 138
Trd, 4319387.993, 132
Trd, 4319388.093, 140
Trd, 4319388.893, 69
Trd, 4319389.093, 99
Trd, 4319389.693, 118
Trd, 4319391.143, 140
Trd, 4319391.793, 136
Trd, 4319392.543, 128
Trd, 4319392.943, 124
Trd, 4319392.993, 108
Trd, 4319393.593, 140
Trd, 4319393.943, 109
Trd, 4319395.643, 139
Trd, 4319395.693, 139
Trd, 4319395.993, 134
Trd, 4319396.243, 130
Trd, 4319396.943, 139
Trd, 4319398.043, 139
Trd, 4319398.393, 116
Trd, 4319398.793, 109
Trd, 4319399.693, 139
Trd, 4319399.893, 97
Trd, 4319400.493, 107
Trd, 4319402.143, 137
Trd, 4319403.093, 81
Trd, 4319403.843, 126
Trd, 4319404.093, 119
Trd, 4319404.393, 108
Trd, 4319405.143, 135
Trd, 4319405.543, 135
Trd, 4319406.043, 115
Trd, 4319406.843, 140
Trd, 4319408.343, 140
Trd, 4319408.493, 140
Trd, 4319409.693, 136
Trd, 4319409.893, 140
Trd, 4319410.493, 125
Trd, 4319411.043, 122
Trd, 4319411.193, 113
Trd, 4319411.543, 127
Trd, 4319413.143, 114
Trd, 4319413.743, 79
Trd, 4319413.893, 118
Trd, 4319414.893, 140
Trd, 4319415.343, 140
Trd, 4319416.243, 134
Trd, 4319416.743, 123
Trd, 4319416.793, 140
Trd, 4319416.843, 117
Trd, 4319417.993, 137
Trd, 4319418.193, 110
Trd, 4319419.693, 87
Trd, 4319420.093, 132
Trd, 4319420.743, 83
Trd, 4319421.143, 120
Trd, 4319421.393, 138
Trd, 4319421.843, 133
Trd, 4319422.893, 90
Trd, 4319423.493, 109
Trd, 4319425.493, 137
Trd, 4319425.693, 136
Trd, 4319426.243, 140
Trd, 4319426.843, 139
Trd, 4319428.343, 120
Trd, 4319428.543, 98
Trd, 4319428.693, 97
Trd, 4319429.093, 83
Trd, 4319429.493, 139
Trd, 4319430.293, 140
Trd, 4319431.043, 138
Trd, 4319431.943, 77
Trd, 4319433.343, 109
Trd, 4319433.393, 97
Trd, 4319434.193, 73
Trd, 4319434.293, 111
Trd, 4319434.543, 72
Trd, 4319434.843, 73
Trd, 4319435.193, 140
Trd, 4319436.193, 66
Trd, 4319436.993, 107
Trd, 4319437.443, 137
Trd, 4319437.493, 91
Trd, 4319439.793, 134
Trd, 4319440.193, 134
Trd, 4319441.243, 137
Trd, 4319441.593, 78
Trd, 4319442.093, 121
Trd, 4319443.793, 140
Trd, 4319444.793, 140
Trd, 4319444.893, 107
Trd, 4319446.243, 140
Trd, 4319447.193, 140
Trd, 4319447.493, 135
Trd, 4319448.243, 124
Trd, 4319448.693, 60
Trd, 4319448.743, 94
Trd, 4319449.193, 83
Trd, 4319449.693, 91
Trd, 4319451.193, 73
Trd, 4319452.043, 108
Trd, 4319452.343, 92
Trd, 4319452.543, 110
Trd, 4319453.993, 107
Trd, 4319454.143, 83
Trd, 4319455.493, 140
Trd, 4319456.243, 140
Trd, 4319456.893, 123
Trd, 4319457.643, 118
Trd, 4319457.743, 102
Trd, 4319458.193, 114
Trd, 4319458.743, 67
Trd, 4319459.793, 65
Trd, 4319460.043, 74
Trd, 4319460.143, 137
Trd, 4319460.343, 89
Trd, 4319460.943, 134
Trd, 4319462.043, 140
Trd, 4319462.743, 111
Trd, 4319464.543, 137
Trd, 4319465.193, 120
Trd, 4319465.993, 133
Trd, 4319466.693, 117
Trd, 4319466.743, 131
Trd, 4319467.693, 140
Trd, 4319467.943, 139
Trd, 4319468.243, 140
Trd, 4319468.543, 136
Trd, 4319469.193, 123
Trd, 4319470.393, 109
Trd, 4319470.793, 129
Trd, 4319471.093, 98
Trd, 4319471.843, 98
Trd, 4319471.943, 111
Trd, 4319472.343, 79
Trd, 4319472.793, 61
Trd, 4319473.743, 89
Trd, 4319475.243, 80
Trd, 4319475.293, 81
Trd, 4319475.693, 65
Trd, 4319476.193, 140
Trd, 4319477.143, 139
Trd, 4319478.493, 130
Trd, 4319480.443, 120
Trd, 4319480.843, 73
Trd, 4319481.543, 69
Trd, 4319482.193, 62
Trd, 4319482.443, 124
Trd, 4319483.193, 136
Trd, 4319483.593, 105
Trd, 4319484.393, 140
Trd, 4319484.443, 135
Trd, 4319485.343, 138
Trd, 4319485.393, 136
Trd, 4319485.643, 108
Trd, 4319486.793, 139
Trd, 4319487.343, 70
Trd, 4319488.393, 123
Trd, 4319489.143, 139
Trd, 4319489.193, 136
Trd, 4319491.543, 139
Trd, 4319491.743, 131
Trd, 4319492.443, 138
Trd, 4319492.893, 140
Trd, 4319493.093, 121
Trd, 4319493.543, 140
Trd, 4319494.293, 140
Trd, 4319494.993, 108
Trd, 4319495.393, 94
Trd, 4319496.043, 107
Trd, 4319496.643, 100
Trd, 4319497.343, 140
Trd, 4319497.493, 140
Trd, 4319498.843, 65
Trd, 4319500.143, 93
Trd, 4319500.293, 77
Trd, 4319501.343, 109
Trd, 4319502.493, 140
Trd, 4319503.043, 116
Trd, 4319503.343, 112
Trd, 4319503.443, 74
Trd, 4319503.893, 71
Trd, 4319505.693, 139
Trd, 4319506.293, 112
Trd, 4319506.593, 101
Trd, 4319506.843, 71
Trd, 4319507.443, 140
Trd, 4319507.743, 113
Trd, 4319509.393, 140
Trd, 4319509.493, 132
Trd, 4319510.243, 89
Trd, 4319510.993, 119
Trd, 4319511.493, 132
Trd, 4319512.043, 82
Trd, 4319512.393, 139
Trd, 4319512.643, 135
Trd, 4319513.693, 137
Trd, 4319513.843, 74
Trd, 4319514.993, 118
Trd, 4319515.193, 91
Trd, 4319515.643, 110
Trd, 4319517.143, 121
Trd, 4319518.043, 140
Trd, 4319518.993, 125
Trd, 4319519.943, 130
Trd, 4319520.143, 139
Trd, 4319520.343, 123
Trd, 4319520.993, 140
Trd, 4319521.643, 69
Trd, 4319522.393, 64
Trd, 4319522.643, 74
Trd, 4319523.543, 60
Trd, 4319524.793, 128
Trd, 4319525.193, 139
Trd, 4319525.493, 121
Trd, 4319526.143, 85
Trd, 4319526.243, 112
Trd, 4319527.343, 139
Trd, 4319527.443, 138
Trd, 4319527.643, 103
Trd, 4319528.343, 125
Trd, 4319528.993, 63
Trd, 4319530.293, 110
Trd, 4319530.443, 124
Trd, 4319530.743, 140
Trd, 4319531.643, 140
Trd, 4319533.393, 137
Trd, 4319534.493, 97
Trd, 4319534.743, 131
Trd, 4319534.793, 91
Trd, 4319536.193, 139
Trd, 4319536.743, 118
Trd, 4319537.193, 116
Trd, 4319537.343, 88
Trd, 4319539.193, 138
Trd, 4319540.643, 140
Trd, 4319541.743, 134
Trd, 4319542.543, 138
Trd, 4319542.943, 139
Trd, 4319543.293, 139
Trd, 4319544.993, 129
Trd, 4319545.043, 123
Trd, 4319546.393, 69
Trd, 4319547.043, 91
Trd, 4319547.343, 139
Trd, 4319547.843, 111
Trd, 4319548.743, 94
Trd, 4319548.943, 120
Trd, 4319549.043, 115
Trd, 4319550.493, 140
Trd, 4319551.193, 140
Trd, 4319551.543, 128
Trd, 4319551.893, 116
Trd, 4319552.293, 117
Trd, 4319553.193, 90
Trd, 4319553.393, 122
Trd, 4319555.393, 140
Trd, 4319556.393, 140
Trd, 4319556.693, 139
Trd, 4319556.893, 137
Trd, 4319557.693, 140
Trd, 4319557.743, 124
Trd, 4319558.943, 63
Trd, 4319559.993, 69
Trd, 4319560.043, 101
Trd, 4319561.743, 135
Trd, 4319562.193, 101
Trd, 4319562.343, 79
Trd, 4319563.543, 60
Trd, 4319563.943, 106
Trd, 4319565.043, 139
Trd, 4319565.893, 90
Trd, 4319565.993, 86
Trd, 4319566.793, 86
Trd, 4319567.343, 139
Trd, 4319568.293, 139
Trd, 4319569.893, 108
Trd, 4319570.393, 107
Trd, 4319571.043, 138
Trd, 4319571.543, 104
Trd, 4319571.843, 91
Trd, 4319572.743, 66
Trd, 4319572.843, 105
Trd, 4319573.543, 108
Trd, 4319574.843, 138
Trd, 4319576.493, 137
Trd, 4319576.593, 123
Trd, 4319577.243, 140
Trd, 4319577.843, 101
Trd, 4319579.343, 64
Trd, 4319579.393, 119
Trd, 4319579.793, 128
Trd, 4319580.393, 140
Trd, 4319580.493, 138
Trd, 4319581.843, 69
Trd, 4319582.793, 140
Trd, 4319584.593, 97
Trd, 4319584.693, 103
Trd, 4319585.043, 140
Trd, 4319585.343, 67
Trd, 4319585.943, 134
Trd, 4319586.843, 77
Trd, 4319587.493, 132
Trd, 4319587.843, 126
Trd, 4319589.343, 120
Trd, 4319589.393, 68
Trd, 4319589.543, 60
Trd, 4319591.843, 136
Trd, 4319592.093, 139
Trd, 4319592.893, 140
Trd, 4319593.293, 131
Trd, 4319593.593, 122
Trd, 4319594.243, 139
Trd, 4319595.193, 140
Trd, 4319595.693, 133
Trd, 4319597.093, 138
Trd, 4319597.143, 135
Trd, 4319597.743, 127
Trd, 4319598.843, 63
Trd, 4319599.593, 69
Trd, 4319600.293, 110
Trd, 4319601.043, 125
Trd, 4319601.493, 79
Trd, 4319601.643, 127
Trd, 4319602.093, 117
Trd, 4319602.593, 140
Trd, 4319603.393, 132
Trd, 4319603.943, 136
Trd, 4319604.093, 123
Trd, 4319604.743, 105
Trd, 4319605.043, 99
Trd, 4319605.693, 140
Trd, 4319605.943, 137
Trd, 4319607.343, 100
Trd, 4319608.143, 93
Trd, 4319608.443, 100
Trd, 4319610.343, 119
Trd, 4319611.243, 140
Trd, 4319612.443, 140
Trd, 4319612.843, 96
Trd, 4319612.893, 105
Trd, 4319614.043, 139
Trd, 4319614.143, 139
Trd, 4319614.543, 135
Trd, 4319614.793, 116
Trd, 4319615.843, 69
Trd, 4319616.643, 140
Trd, 4319616.743, 100
Trd, 4319617.293, 84
Trd, 4319617.743, 116
Trd, 4319618.343, 90
Trd, 4319619.043, 70
Trd, 4319619.343, 75
Trd, 4319621.643, 121
Trd, 4319621.893, 81
Trd, 4319622.143, 139
Trd, 4319622.693, 129
Trd, 4319623.943, 81
Trd, 4319624.493, 129
Trd, 4319625.093, 90
Trd, 4319625.493, 83
Trd, 4319626.643, 140
Trd, 4319627.143, 137
Trd, 4319627.493, 139
Trd, 4319627.993, 133
Trd, 4319628.343, 61
Trd, 4319628.843, 64
Trd, 4319628.993, 67
Trd, 4319629.093, 68
Trd, 4319629.343, 102
Trd, 4319630.643, 137
Trd, 4319631.093, 118
Trd, 4319632.693, 139
Trd, 4319633.293, 117
Trd, 4319634.393, 138
Trd, 4319635.043, 140
Trd, 4319635.393, 135
Trd, 4319635.893, 116
Trd, 4319636.343, 114
Trd, 4319638.443, 99
Trd, 4319638.893, 126
Trd, 4319639.293, 105
Trd, 4319639.443, 131
Trd, 4319640.543, 66
Trd, 4319641.193, 97
Trd, 4319641.893, 61
Trd, 4319642.443, 125
Trd, 4319643.393, 140
Trd, 4319643.893, 137
Trd, 4319645.493, 140
Trd, 4319645.843, 139
Trd, 4319646.143, 136
Trd, 4319647.193, 112
Trd, 4319649.243, 140
Trd, 4319649.593, 107
Trd, 4319649.743, 81
Trd, 4319649.793, 136
Trd, 4319650.993, 87
Trd, 4319652.543, 139
Trd, 4319652.743, 135
Trd, 4319653.693, 97
Trd, 4319653.743, 120
Trd, 4319653.793, 74
Trd, 4319654.343, 67
Trd, 4319656.043, 137
Trd, 4319656.843, 80
Trd, 4319656.993, 115
Trd, 4319658.793, 140
Trd, 4319658.993, 140
Trd, 4319659.243, 117
Trd, 4319661.593, 140
Trd, 4319661.943, 137
Trd, 4319662.043, 122
Trd, 4319662.093, 118
Trd, 4319662.543, 126
Trd, 4319663.193, 107
Trd, 4319663.493, 128
Trd, 4319664.693, 140
Trd, 4319665.493, 140
Trd, 4319667.993, 140
Trd, 4319668.593, 137
Trd, 4319669.043, 140
Trd, 4319669.693, 102
Trd, 4319670.293, 130
Trd, 4319670.993, 133
Trd, 4319671.043, 109
Trd, 4319671.293, 91
Trd, 4319671.893, 140
Trd, 4319672.543, 122
Trd, 4319672.993, 126
Trd, 4319673.343, 113
Trd, 4319673.593, 79
Trd, 4319674.893, 140
Trd, 4319675.343, 123
Trd, 4319675.793, 137
Trd, 4319676.193, 108
Trd, 4319677.343, 140
Trd, 4319677.943, 124
Trd, 4319679.043, 120
Trd, 4319679.443, 140
Trd, 4319680.593, 113
Trd, 4319681.643, 140
Trd, 4319682.093, 139
Trd, 4319682.943, 140
Trd, 4319683.093, 139
Trd, 4319683.893, 115
Trd, 4319683.943, 113
Trd, 4319684.293, 64
Trd, 4319686.143, 85
Trd, 4319687.343, 75
Trd, 4319687.393, 107
Trd, 4319688.093, 133
Trd, 4319689.243, 140
Trd, 4319689.443, 138
Trd, 4319689.693, 133
Trd, 4319690.043, 138
Trd, 4319690.543, 64
Trd, 4319691.243, 102
Trd, 4319691.293, 88
Trd, 4319692.843, 137
Trd, 4319693.243, 139
Trd, 4319693.493, 138
Trd, 4319695.293, 100
Trd, 4319695.943, 139
Trd, 4319696.993, 139
Trd, 4319697.493, 139
Trd, 4319697.593, 98
Trd, 4319697.943, 92
Trd, 4319698.343, 140
Trd, 4319699.443, 139
Trd, 4319700.643, 86
Trd, 4319701.243, 80
Trd, 4319701.393, 73
Trd, 4319701.593, 107
Trd, 4319702.693, 140
Trd, 4319704.143, 68
Trd, 4319704.893, 139
Trd, 4319705.743, 137
Trd, 4319706.993, 108
Trd, 4319708.243, 134
Trd, 4319708.993, 64
Trd, 4319709.393, 62
Trd, 4319709.593, 112
Trd, 4319711.593, 140
Trd, 4319711.793, 140
Trd, 4319712.793, 131
Trd, 4319713.493, 131
Trd, 4319714.443, 135
Trd, 4319715.043, 140
Trd, 4319715.193, 127
Trd, 4319716.043, 70
Trd, 4319716.643, 137
Trd, 4319718.643, 137
Trd, 4319718.993, 132
Trd, 4319719.093, 120
Trd, 4319719.593, 112
Trd, 4319719.943, 140
Trd, 4319720.093, 84
Trd, 4319720.843, 116
Trd, 4319722.843, 140
Trd, 4319723.293, 138
Trd, 4319723.493, 138
Trd, 4319725.343, 139
Trd, 4319725.443, 121
Trd, 4319725.893, 91
Trd, 4319726.293, 139
Trd, 4319726.443, 83
Trd, 4319727.443, 137
Trd, 4319728.293, 137
Trd, 4319728.493, 108
Trd, 4319729.043, 140
Trd, 4319730.343, 115
Trd, 4319730.593, 106
Trd, 4319730.993, 99
Trd, 4319731.943, 139
Trd, 4319732.493, 121
Trd, 4319732.843, 139
Trd, 4319734.493, 124
Trd, 4319735.043, 99
Trd, 4319735.193, 84
Trd, 4319735.493, 140
Trd, 4319735.743, 94
Trd, 4319736.843, 139
Trd, 4319737.043, 139
Trd, 4319737.643, 140
Trd, 4319738.043, 113
Trd, 4319739.143, 112
Trd, 4319740.193, 102
Trd, 4319740.643, 108
Trd, 4319741.193, 66
Trd, 4319741.443, 132
Trd, 4319742.843, 65
Trd, 4319743.593, 140
Trd, 4319743.743, 123
Trd, 4319743.843, 107
Trd, 4319745.043, 140
Trd, 4319746.293, 132
Trd, 4319747.193, 69
Trd, 4319747.493, 73
Trd, 4319747.993, 140
Trd, 4319749.643, 140
Trd, 4319749.843, 135
Trd, 4319751.143, 122
Trd, 4319751.993, 96
Trd, 4319752.493, 140
Trd, 4319753.343, 135
Trd, 4319754.293, 116
Trd, 4319754.993, 140
Trd, 4319755.693, 106
Trd, 4319756.793, 140
Trd, 4319757.243, 140
Trd, 4319757.493, 137
Trd, 4319758.743, 140
Trd, 4319759.043, 138
Trd, 4319759.093, 124
Trd, 4319759.693, 103
Trd, 4319760.793, 74
Trd, 4319761.443, 138
Trd, 4319761.743, 140
Trd, 4319762.043, 96
Trd, 4319762.443, 107
Trd, 4319764.143, 130
Trd, 4319764.193, 111
Trd, 4319766.493, 138
Trd, 4319766.643, 131
Trd, 4319766.993, 140
Trd, 4319767.043, 115
Trd, 4319767.793, 75
Trd, 4319768.243, 94
Trd, 4319768.343, 97
Trd, 4319769.593, 105
Trd, 4319771.243, 79
Trd, 4319771.343, 90
Trd, 4319771.443, 85
Trd, 4319772.343, 86
Trd, 4319772.543, 97
Trd, 4319774.093, 70
Trd, 4319774.243, 125
Trd, 4319775.393, 75
Trd, 4319775.843, 119
Trd, 4319776.243, 60
Trd, 4319776.843, 71
Trd, 4319777.493, 63
Trd, 4319778.043, 67
Trd, 4319778.293, 139
Trd, 4319779.143, 140
Trd, 4319779.643, 81
Trd, 4319781.043, 69
Trd, 4319783.693, 136
Trd, 4319783.943, 125
Trd, 4319785.193, 139
Trd, 4319786.993, 140
Trd, 4319787.143, 136
Trd, 4319787.693, 129
Trd, 4319787.993, 126
Trd, 4319788.743, 136
Trd, 4319788.843, 124
Trd, 4319789.343, 140
Trd, 4319790.443, 105
Trd, 4319791.593, 130
Trd, 4319792.043, 100
Trd, 4319792.243, 82
Trd, 4319792.693, 100
Trd, 4319793.093, 62
Trd, 4319794.143, 84
Trd, 4319795.343, 64
Trd, 4319795.443, 76
Trd, 4319795.593, 112
Trd, 4319796.693, 107
Trd, 4319797.293, 88
Trd, 4319797.843, 128
Trd, 4319798.443, 69
Trd, 4319798.743, 139
Trd, 4319799.943, 139
Trd, 4319800.193, 133
Trd, 4319801.643, 113
Trd, 4319802.193, 118
Trd, 4319802.543, 136
Trd, 4319802.743, 118
Trd, 4319802.943, 120
Trd, 4319804.343, 126
Trd, 4319804.493, 112
Trd, 4319804.893, 121
Trd, 4319805.243, 93
Trd, 4319805.543, 60
Trd, 4319806.693, 140
Trd, 4319807.093, 138
Trd, 4319809.693, 135
Trd, 4319810.293, 139
Trd, 4319810.393, 127
Trd, 4319810.643, 106
Trd, 4319810.943, 102
Trd, 4319812.443, 67
Trd, 4319812.743, 99
Trd, 4319813.043, 136
Trd, 4319814.043, 82
Trd, 4319814.443, 138
Trd, 4319814.693, 133
Trd, 4319815.143, 67
Trd, 4319816.643, 140
Trd, 4319817.393, 138
Trd, 4319817.593, 106
Trd, 4319818.443, 113
Trd, 4319820.193, 140
Trd, 4319820.343, 140
Trd, 4319821.893, 140
Trd, 4319822.043, 124
Trd, 4319822.493, 90
Trd, 4319822.893, 125
Trd, 4319823.793, 91
Trd, 4319824.943, 140
Trd, 4319825.243, 72
Trd, 4319826.743, 139
Trd, 4319826.993, 139
Trd, 4319827.293, 137
Trd, 4319828.243, 112
Trd, 4319829.543, 140
Trd, 4319830.393, 131
Trd, 4319830.543, 120
Trd, 4319831.043, 114
Trd, 4319831.493, 72
Trd, 4319832.343, 90
Trd, 4319832.643, 140
Trd, 4319833.543, 131
Trd, 4319835.143, 139
Trd, 4319835.443, 128
Trd, 4319837.193, 140
Trd, 4319837.643, 139
Trd, 4319838.043, 124
Trd, 4319838.993, 120
Trd, 4319839.643, 112
Trd, 4319840.143, 139
Trd, 4319840.643, 140
Trd, 4319840.793, 136
Trd, 4319840.843, 92
Trd, 4319841.643, 90
Trd, 4319842.243, 104
Trd, 4319842.993, 78
Trd, 4319843.293, 81
Trd, 4319844.843, 60
Trd, 4319844.993, 71
Trd, 4319845.243, 89
Trd, 4319847.193, 106
Trd, 4319847.643, 108
Trd, 4319848.193, 101
Trd, 4319850.043, 138
Trd, 4319850.393, 140
Trd, 4319850.693, 136
Trd, 4319850.893, 134
Trd, 4319851.593, 131
Trd, 4319852.293, 122
Trd, 4319852.893, 134
Trd, 4319853.043, 112
Trd, 4319853.193, 101
Trd, 4319854.893, 140
Trd, 4319856.343, 140
Trd, 4319856.443, 139
Trd, 4319856.493, 117
Trd, 4319857.293, 65
Trd, 4319858.243, 61
Trd, 4319859.793, 139
Trd, 4319860.043, 137
Trd, 4319860.693, 139
Trd, 4319860.993, 128
Trd, 4319861.043, 116
Trd, 4319861.393, 125
Trd, 4319861.843, 77
Trd, 4319862.993, 70
Trd, 4319864.443, 140
Trd, 4319865.743, 63
Trd, 4319865.843, 86
Trd, 4319866.343, 126
Trd, 4319866.693, 135
Trd, 4319866.843, 111
Trd, 4319867.843, 139
Trd, 4319868.743, 140
Trd, 4319869.343, 127
Trd, 4319869.443, 109
Trd, 4319870.443, 139
Trd, 4319871.993, 66
Trd, 4319872.193, 100
Trd, 4319874.093, 138
Trd, 4319875.043, 138
Trd, 4319875.643, 114
Trd, 4319876.293, 137
Trd, 4319876.993, 113
Trd, 4319877.093, 102
Trd, 4319878.193, 140
Trd, 4319879.243, 140
Trd, 4319879.593, 140
Trd, 4319880.193, 119
Trd, 4319880.943, 92
Trd, 4319881.993, 66
Trd, 4319882.643, 69
Trd, 4319882.743, 106
Trd, 4319883.443, 94
Trd, 4319884.143, 88
Trd, 4319885.343, 140
Trd, 4319886.543, 139
Trd, 4319887.193, 139
Trd, 4319887.493, 127
Trd, 4319888.343, 134
Trd, 4319889.043, 139
Trd, 4319889.093, 101
Trd, 4319889.593, 140
Trd, 4319889.943, 93
Trd, 4319890.743, 100
Trd, 4319891.993, 140
Trd, 4319892.293, 115
Trd, 4319893.143, 140
Trd, 4319893.393, 140
Trd, 4319893.693, 130
Trd, 4319896.243, 130
Trd, 4319896.393, 114
Trd, 4319897.393, 137
Trd, 4319897.643, 117
Trd, 4319898.143, 140
Trd, 4319898.343, 95
Trd, 4319898.493, 87
Trd, 4319899.343, 106
Trd, 4319899.893, 140
Trd, 4319900.043, 61
Trd, 4319901.143, 140
Trd, 4319901.443, 139
Trd, 4319901.793, 140
Trd, 4319902.243, 140
Trd, 4319902.343, 121
Trd, 4319903.593, 82
Trd, 4319905.693, 114
Trd, 4319906.143, 86
Trd, 4319906.293, 77
Trd, 4319906.893, 134
Trd, 4319907.293, 60
Trd, 4319907.393, 93
Trd, 4319908.243, 60
Trd, 4319909.093, 140
Trd, 4319909.793, 140
Trd, 4319910.793, 140
Trd, 4319912.293, 125
Trd, 4319912.343, 101
Trd, 4319912.593, 117
Trd, 4319912.993, 125
Trd, 4319913.343, 116
Trd, 4319914.793, 135
Trd, 4319915.193, 92
Trd, 4319915.593, 65
Trd, 4319915.843, 97
Trd, 4319916.893, 140
Trd, 4319917.493, 138
Trd, 4319918.143, 106
Trd, 4319918.543, 125
Trd, 4319919.293, 122
Trd, 4319920.543, 139
Trd, 4319921.493, 140
Trd, 4319922.893, 108
Trd, 4319923.293, 105
Trd, 4319924.593, 140
Trd, 4319925.843, 112
Trd, 4319926.543, 140
Trd, 4319927.143, 139
Trd, 4319927.243, 139
Trd, 4319927.493, 115
Trd, 4319927.793, 110
Trd, 4319928.993, 114
Trd, 4319929.393, 81
Trd, 4319929.943, 109
Trd, 4319931.543, 126
Trd, 4319932.593, 140
Trd, 4319933.143, 83
Trd, 4319933.293, 92
Trd, 4319933.943, 140
Trd, 4319934.493, 88
Trd, 4319935.343, 140
Trd, 4319937.843, 140
Trd, 4319938.093, 140
Trd, 4319938.443, 121
Trd, 4319939.043, 140
Trd, 4319939.243, 139
Trd, 4319939.343, 137
Trd, 4319939.943, 108
Trd, 4319940.993, 86
Trd, 4319941.293, 82
Trd, 4319942.493, 139
Trd, 4319942.893, 123
Trd, 4319943.843, 133
Trd, 4319944.443, 99
Trd, 4319944.943, 138
Trd, 4319945.843, 132
Trd, 4319946.393, 137
Trd, 4319947.193, 69
Trd, 4319948.143, 140
Trd, 4319948.643, 117
Trd, 4319949.093, 138
Trd, 4319950.393, 139
Trd, 4319951.493, 124
Trd, 4319951.693, 77
Trd, 4319953.043, 96
Trd, 4319953.693, 72
Trd, 4319953.943, 113
Trd, 4319955.043, 117
Trd, 4319955.893, 138
Trd, 4319957.343, 140
Trd, 4319957.393, 112
Trd, 4319958.293, 133
Trd, 4319958.793, 113
Trd, 4319958.943, 96
Trd, 4319959.593, 137
Trd, 4319959.793, 133
Trd, 4319959.893, 93
Trd, 4319959.993, 91
Trd, 4319960.593, 140
Trd, 4319960.793, 97
Trd, 4319961.843, 63
Trd, 4319962.743, 135
Trd, 4319963.443, 106
Trd, 4319963.693, 140
Trd, 4319964.393, 138
Trd, 4319965.043, 105
Trd, 4319965.343, 106
Trd, 4319965.393, 105
Trd, 4319965.993, 85
Trd, 4319967.593, 140
Trd, 4319967.793, 106
Trd, 4319967.993, 105
Trd, 4319968.543, 139
Trd, 4319969.993, 89
Trd, 4319970.843, 134
Trd, 4319971.843, 134
Trd, 4319972.393, 127
Trd, 4319972.593, 140
Trd, 4319974.193, 139
Trd, 4319975.343, 139
Trd, 4319975.443, 128
Trd, 4319975.943, 121
Trd, 4319976.193, 112
Trd, 4319976.693, 104
Trd, 4319977.293, 130
Trd, 4319977.343, 139
Trd, 4319977.943, 138
Trd, 4319978.243, 112
Trd, 4319979.843, 140
Trd, 4319981.643, 140
Trd, 4319981.793, 133
Trd, 4319982.193, 124
Trd, 4319983.093, 140
Trd, 4319983.243, 129
Trd, 4319984.493, 95
Trd, 4319985.393, 108
Trd, 4319986.393, 105
Trd, 4319986.693, 138
Trd, 4319987.193, 140
Trd, 4319987.293, 108
Trd, 4319987.993, 113
Trd, 4319988.243, 92
Trd, 4319988.943, 140
Trd, 4319989.593, 90
Trd, 4319991.393, 140
Trd, 4319992.093, 140
Trd, 4319993.543, 136
Trd, 4319993.693, 129
Trd, 4319994.093, 115
Trd, 4319994.443, 122
Trd, 4319994.693, 91
Trd, 4319994.843, 96
Trd, 4319995.993, 129
Trd, 4319997.393, 60
Trd, 4319997.693, 113
Trd, 4319998.793, 140
Trd, 4319999.343, 96
Trd, 4319999.393, 88
