Trd, 4318109.843, 140
Trd, 4318109.893, 140
Trd, 4318111.243, 140
Trd, 4318111.443, 140
Trd, 4318112.093, 140
Trd, 4318112.793, 139
Trd, 4318113.693, 140
Trd, 4318114.143, 140
Trd, 4318114.943, 140
Trd, 4318116.193, 140
Trd, 4318117.193, 140
Trd, 4318118.143, 140
Trd, 4318118.493, 140
Trd, 4318118.743, 140
Trd, 4318119.243, 140
Trd, 4318120.643, 140
Trd, 4318120.743, 140
Trd, 4318121.593, 140
Trd, 4318123.443, 140
Trd, 4318124.793, 140
Trd, 4318125.393, 140
Trd, 4318125.493, 140
Trd, 4318126.243, 140
Trd, 4318126.543, 140
Trd, 4318127.843, 140
Trd, 4318128.443, 140
Trd, 4318129.743, 140
Trd, 4318131.093, 140
Trd, 4318131.393, 140
Trd, 4318132.193, 140
Trd, 4318132.693, 140
Trd, 4318133.143, 140
Trd, 4318134.243, 140
Trd, 4318134.693, 140
Trd, 4318135.193, 140
Trd, 4318135.793, 140
Trd, 4318137.643, 140
Trd, 4318137.793, 140
Trd, 4318137.843, 140
Trd, 4318138.693, 140
Trd, 4318139.593, 140
Trd, 4318139.743, 140
Trd, 4318139.843, 140
Trd, 4318140.643, 140
Trd, 4318140.793, 139
Trd, 4318141.093, 140
Trd, 4318141.943, 140
Trd, 4318141.993, 140
Trd, 4318143.393, 140
Trd, 4318144.293, 140
Trd, 4318145.093, 140
Trd, 4318145.743, 140
Trd, 4318146.193, 140
Trd, 4318148.143, 140
Trd, 4318148.843, 140
Trd, 4318149.343, 140
Trd, 4318151.793, 140
Trd, 4318152.193, 140
Trd, 4318152.443, 140
Trd, 4318153.393, 140
Trd, 4318153.443, 140
Trd, 4318154.843, 140
Trd, 4318155.693, 140
Trd, 4318156.343, 140
Trd, 4318157.143, 140
Trd, 4318157.193, 140
Trd, 4318158.393, 140
Trd, 4318158.943, 140
Trd, 4318159.293, 140
Trd, 4318161.293, 140
Trd, 4318161.393, 140
Trd, 4318162.243, 140
Trd, 4318163.393, 140
Trd, 4318164.093, 140
Trd, 4318164.243, 140
Trd, 4318165.143, 140
Trd, 4318165.943, 140
Trd, 4318166.243, 140
Trd, 4318166.893, 140
Trd, 4318168.643, 140
Trd, 4318169.093, 140
Trd, 4318169.843, 140
Trd, 4318171.143, 140
Trd, 4318172.493, 140
Trd, 4318172.643, 140
Trd, 4318173.193, 140
Trd, 4318173.843, 140
Trd, 4318174.743, 140
Trd, 4318174.843, 140
Trd, 4318175.493, 140
Trd, 4318176.393, 140
Trd, 4318176.943, 140
Trd, 4318177.343, 140
Trd, 4318178.043, 140
Trd, 4318178.093, 139
Trd, 4318179.343, 140
Trd, 4318181.543, 140
Trd, 4318182.243, 140
Trd, 4318182.293, 140
Trd, 4318182.693, 140
Trd, 4318183.443, 140
Trd, 4318184.793, 140
Trd, 4318185.393, 140
Trd, 4318185.993, 140
Trd, 4318186.193, 140
Trd, 4318187.143, 140
Trd, 4318187.693, 140
Trd, 4318187.993, 140
Trd, 4318190.093, 140
Trd, 4318190.543, 140
Trd, 4318191.293, 140
Trd, 4318192.143, 140
Trd, 4318192.243, 140
Trd, 4318193.093, 140
Trd, 4318193.243, 140
Trd, 4318193.593, 140
Trd, 4318193.693, 140
Trd, 4318194.343, 140
Trd, 4318195.343, 140
Trd, 4318195.693, 140
Trd, 4318196.593, 60
Trd, 4318197.293, 60
Trd, 4318198.143, 61
Trd, 4318199.393, 62
Trd, 4318199.543, 61
Trd, 4318199.743, 61
Trd, 4318200.943, 60
Trd, 4318201.143, 60
Trd, 4318202.843, 61
Trd, 4318202.993, 61
Trd, 4318205.693, 60
Trd, 4318205.793, 60
Trd, 4318205.893, 60
Trd, 4318206.593, 60
Trd, 4318207.443, 63
Trd, 4318207.743, 67
Trd, 4318208.643, 62
Trd, 4318209.743, 60
Trd, 4318210.093, 60
Trd, 4318210.343, 60
Trd, 4318211.543, 61
Trd, 4318212.593, 62
Trd, 4318212.643, 64
Trd, 4318212.793, 76
Trd, 4318214.243, 60
Trd, 4318215.693, 60
Trd, 4318216.193, 60
Trd, 4318216.443, 65
Trd, 4318216.893, 60
Trd, 4318218.043, 62
Trd, 4318218.393, 60
Trd, 4318218.493, 60
Trd, 4318219.293, 60
Trd, 4318219.493, 61
Trd, 4318220.643, 61
Trd, 4318220.893, 66
Trd, 4318221.943, 60
Trd, 4318222.293, 60
Trd, 4318223.843, 66
Trd, 4318225.043, 60
Trd, 4318225.343, 60
Trd, 4318225.943, 60
Trd, 4318226.793, 61
Trd, 4318228.293, 60
Trd, 4318229.343, 60
Trd, 4318229.793, 60
Trd, 4318229.843, 60
Trd, 4318230.393, 60
Trd, 4318231.293, 60
Trd, 4318231.343, 62
Trd, 4318231.593, 65
Trd, 4318232.343, 65
Trd, 4318233.043, 63
Trd, 4318233.793, 64
Trd, 4318233.843, 63
Trd, 4318234.493, 140
Trd, 4318235.193, 61
Trd, 4318236.043, 140
Trd, 4318236.093, 140
Trd, 4318237.143, 139
Trd, 4318238.693, 140
Trd, 4318238.793, 140
Trd, 4318238.893, 66
Trd, 4318239.693, 65
Trd, 4318240.493, 139
Trd, 4318241.043, 140
Trd, 4318242.343, 140
Trd, 4318242.743, 140
Trd, 4318243.393, 62
Trd, 4318243.443, 63
Trd, 4318244.143, 140
Trd, 4318245.543, 140
Trd, 4318246.493, 140
Trd, 4318247.693, 140
Trd, 4318248.793, 140
Trd, 4318248.843, 140
Trd, 4318249.543, 139
Trd, 4318251.443, 140
Trd, 4318251.543, 140
Trd, 4318251.793, 140
Trd, 4318254.043, 139
Trd, 4318254.093, 138
Trd, 4318254.143, 138
Trd, 4318254.643, 134
Trd, 4318255.293, 140
Trd, 4318255.843, 139
Trd, 4318256.143, 138
Trd, 4318256.493, 139
Trd, 4318257.393, 64
Trd, 4318258.443, 140
Trd, 4318260.593, 140
Trd, 4318260.693, 140
Trd, 4318261.943, 140
Trd, 4318262.093, 140
Trd, 4318262.343, 140
Trd, 4318263.193, 140
Trd, 4318263.993, 136
Trd, 4318265.243, 140
Trd, 4318266.993, 140
Trd, 4318267.093, 140
Trd, 4318267.243, 140
Trd, 4318267.993, 140
Trd, 4318269.893, 140
Trd, 4318269.943, 140
Trd, 4318270.193, 140
Trd, 4318270.493, 139
Trd, 4318271.293, 140
Trd, 4318271.893, 139
Trd, 4318272.343, 139
Trd, 4318272.493, 138
Trd, 4318273.993, 140
Trd, 4318275.293, 140
Trd, 4318275.343, 140
Trd, 4318275.993, 140
Trd, 4318276.043, 140
Trd, 4318277.293, 140
Trd, 4318279.743, 140
Trd, 4318280.293, 140
Trd, 4318281.243, 140
Trd, 4318281.843, 140
Trd, 4318281.943, 140
Trd, 4318282.393, 140
Trd, 4318282.943, 140
Trd, 4318284.743, 140
Trd, 4318285.643, 140
Trd, 4318286.793, 140
Trd, 4318287.243, 140
Trd, 4318287.993, 140
Trd, 4318288.043, 140
Trd, 4318289.193, 140
Trd, 4318289.993, 140
Trd, 4318290.443, 140
Trd, 4318291.393, 140
Trd, 4318292.293, 140
Trd, 4318293.543, 140
Trd, 4318293.793, 140
Trd, 4318294.093, 140
Trd, 4318294.343, 140
Trd, 4318294.643, 140
Trd, 4318295.743, 140
Trd, 4318297.093, 140
Trd, 4318298.143, 140
Trd, 4318300.543, 140
Trd, 4318300.993, 140
Trd, 4318301.043, 140
Trd, 4318302.293, 140
Trd, 4318302.693, 140
Trd, 4318303.443, 140
Trd, 4318303.593, 140
Trd, 4318304.593, 140
Trd, 4318304.943, 140
Trd, 4318305.643, 140
Trd, 4318305.943, 140
Trd, 4318307.243, 139
Trd, 4318308.543, 140
Trd, 4318309.093, 140
Trd, 4318309.493, 140
Trd, 4318310.293, 140
Trd, 4318310.493, 140
Trd, 4318313.093, 140
Trd, 4318313.543, 140
Trd, 4318313.693, 140
Trd, 4318313.793, 139
Trd, 4318315.043, 140
Trd, 4318315.393, 140
Trd, 4318315.593, 140
Trd, 4318317.943, 140
Trd, 4318318.143, 140
Trd, 4318318.893, 140
Trd, 4318319.443, 140
Trd, 4318319.593, 140
Trd, 4318320.493, 140
Trd, 4318321.393, 140
Trd, 4318322.543, 140
Trd, 4318323.093, 140
Trd, 4318323.393, 140
Trd, 4318324.193, 140
Trd, 4318324.543, 140
Trd, 4318324.643, 140
Trd, 4318325.743, 140
Trd, 4318328.143, 140
Trd, 4318328.393, 140
Trd, 4318328.443, 140
Trd, 4318329.293, 140
Trd, 4318329.543, 140
Trd, 4318330.993, 140
Trd, 4318331.493, 140
Trd, 4318332.393, 140
Trd, 4318333.293, 140
Trd, 4318335.793, 140
Trd, 4318336.943, 140
Trd, 4318337.093, 140
Trd, 4318337.393, 140
Trd, 4318338.643, 140
Trd, 4318338.793, 140
Trd, 4318339.693, 140
Trd, 4318340.493, 140
Trd, 4318340.593, 140
Trd, 4318342.293, 140
Trd, 4318342.543, 140
Trd, 4318343.343, 140
Trd, 4318344.393, 140
Trd, 4318344.893, 140
Trd, 4318345.343, 140
Trd, 4318345.593, 140
Trd, 4318347.793, 140
Trd, 4318348.293, 140
Trd, 4318348.843, 140
Trd, 4318348.943, 140
Trd, 4318349.393, 140
Trd, 4318350.293, 140
Trd, 4318351.443, 140
Trd, 4318353.393, 140
Trd, 4318353.443, 140
Trd, 4318353.843, 140
Trd, 4318353.943, 140
Trd, 4318354.443, 140
Trd, 4318355.193, 140
Trd, 4318356.243, 140
Trd, 4318356.843, 140
Trd, 4318358.443, 140
Trd, 4318359.443, 140
Trd, 4318360.643, 140
Trd, 4318360.843, 140
Trd, 4318362.193, 140
Trd, 4318362.693, 140
Trd, 4318362.943, 140
Trd, 4318364.043, 139
Trd, 4318365.093, 140
Trd, 4318366.593, 140
Trd, 4318367.193, 140
Trd, 4318367.443, 140
Trd, 4318368.293, 140
Trd, 4318368.893, 140
Trd, 4318369.393, 140
Trd, 4318369.643, 140
Trd, 4318370.293, 140
Trd, 4318371.393, 140
Trd, 4318371.543, 139
Trd, 4318372.843, 140
Trd, 4318373.693, 140
Trd, 4318374.243, 140
Trd, 4318375.393, 140
Trd, 4318376.243, 140
Trd, 4318376.293, 140
Trd, 4318376.593, 140
Trd, 4318377.393, 140
Trd, 4318378.743, 140
Trd, 4318379.493, 140
Trd, 4318380.943, 140
Trd, 4318381.043, 140
Trd, 4318382.393, 140
Trd, 4318383.243, 140
Trd, 4318383.943, 140
Trd, 4318384.593, 140
Trd, 4318384.993, 140
Trd, 4318385.243, 140
Trd, 4318385.843, 140
Trd, 4318387.243, 140
Trd, 4318388.093, 140
Trd, 4318388.143, 140
Trd, 4318389.893, 140
Trd, 4318389.993, 140
Trd, 4318390.993, 140
Trd, 4318392.193, 140
Trd, 4318392.393, 140
Trd, 4318392.643, 140
Trd, 4318394.993, 140
Trd, 4318395.043, 140
Trd, 4318395.443, 140
Trd, 4318395.743, 140
Trd, 4318397.393, 140
Trd, 4318399.243, 140
Trd, 4318400.343, 140
Trd, 4318400.743, 140
Trd, 4318400.893, 140
Trd, 4318401.793, 140
Trd, 4318402.943, 140
Trd, 4318403.043, 140
Trd, 4318403.243, 140
Trd, 4318405.493, 140
Trd, 4318406.243, 140
Trd, 4318406.743, 140
Trd, 4318407.293, 140
Trd, 4318407.593, 140
Trd, 4318408.843, 140
Trd, 4318409.443, 140
Trd, 4318409.543, 140
Trd, 4318409.893, 139
Trd, 4318410.693, 140
Trd, 4318411.993, 140
Trd, 4318413.193, 140
Trd, 4318413.393, 140
Trd, 4318414.593, 140
Trd, 4318415.743, 140
Trd, 4318416.743, 140
Trd, 4318416.843, 140
Trd, 4318417.043, 140
Trd, 4318417.843, 140
Trd, 4318418.093, 140
Trd, 4318418.493, 140
Trd, 4318418.693, 139
Trd, 4318419.593, 138
Trd, 4318419.743, 136
Trd, 4318420.893, 140
Trd, 4318422.093, 140
Trd, 4318423.393, 140
Trd, 4318423.693, 140
Trd, 4318423.993, 138
Trd, 4318425.293, 140
Trd, 4318425.393, 140
Trd, 4318426.243, 140
Trd, 4318426.743, 140
Trd, 4318427.543, 140
Trd, 4318428.493, 140
Trd, 4318428.693, 140
Trd, 4318429.543, 140
Trd, 4318430.093, 140
Trd, 4318430.743, 140
Trd, 4318432.243, 140
Trd, 4318432.743, 140
Trd, 4318433.593, 140
Trd, 4318433.643, 140
Trd, 4318434.243, 140
Trd, 4318434.993, 140
Trd, 4318435.343, 140
Trd, 4318438.193, 140
Trd, 4318439.093, 140
Trd, 4318439.193, 140
Trd, 4318439.393, 140
Trd, 4318440.493, 140
Trd, 4318441.293, 140
Trd, 4318441.493, 140
Trd, 4318441.793, 140
Trd, 4318442.893, 140
Trd, 4318443.543, 140
Trd, 4318444.843, 140
Trd, 4318445.443, 140
Trd, 4318445.943, 140
Trd, 4318446.143, 139
Trd, 4318447.293, 140
Trd, 4318448.993, 140
Trd, 4318450.043, 140
Trd, 4318450.493, 140
Trd, 4318450.993, 140
Trd, 4318451.643, 140
Trd, 4318452.843, 140
Trd, 4318453.093, 139
Trd, 4318454.093, 140
Trd, 4318454.593, 140
Trd, 4318454.843, 140
Trd, 4318456.843, 140
Trd, 4318457.193, 140
Trd, 4318457.843, 140
Trd, 4318458.193, 140
Trd, 4318458.643, 140
Trd, 4318458.793, 140
Trd, 4318459.543, 140
Trd, 4318460.393, 140
Trd, 4318460.443, 140
Trd, 4318461.193, 140
Trd, 4318462.943, 140
Trd, 4318463.793, 140
Trd, 4318463.993, 140
Trd, 4318465.293, 140
Trd, 4318465.693, 140
Trd, 4318467.343, 140
Trd, 4318468.693, 140
Trd, 4318468.743, 140
Trd, 4318469.243, 139
Trd, 4318470.043, 139
Trd, 4318470.243, 139
Trd, 4318471.143, 140
Trd, 4318471.593, 140
Trd, 4318471.643, 140
Trd, 4318472.543, 140
Trd, 4318472.843, 140
Trd, 4318473.443, 140
Trd, 4318473.643, 140
Trd, 4318474.843, 140
Trd, 4318475.143, 140
Trd, 4318476.793, 140
Trd, 4318477.043, 140
Trd, 4318477.093, 140
Trd, 4318478.193, 140
Trd, 4318478.593, 140
Trd, 4318479.293, 140
Trd, 4318480.243, 140
Trd, 4318480.743, 140
Trd, 4318481.043, 140
Trd, 4318481.293, 140
Trd, 4318482.893, 140
Trd, 4318483.193, 140
Trd, 4318484.293, 140
Trd, 4318484.543, 140
Trd, 4318485.143, 140
Trd, 4318485.343, 140
Trd, 4318487.593, 140
Trd, 4318488.293, 140
Trd, 4318488.543, 140
Trd, 4318489.143, 140
Trd, 4318489.193, 140
Trd, 4318491.193, 140
Trd, 4318492.243, 140
Trd, 4318492.743, 140
Trd, 4318493.893, 140
Trd, 4318493.993, 139
Trd, 4318496.293, 140
Trd, 4318496.693, 140
Trd, 4318496.943, 140
Trd, 4318497.293, 140
Trd, 4318497.943, 140
Trd, 4318498.743, 140
Trd, 4318499.593, 140
Trd, 4318500.743, 140
Trd, 4318501.093, 140
Trd, 4318501.793, 140
Trd, 4318501.993, 140
Trd, 4318502.143, 140
Trd, 4318502.943, 140
Trd, 4318504.593, 140
Trd, 4318506.543, 140
Trd, 4318506.743, 140
Trd, 4318507.193, 140
Trd, 4318507.493, 140
Trd, 4318508.643, 140
Trd, 4318509.243, 140
Trd, 4318509.693, 140
Trd, 4318511.493, 140
Trd, 4318511.843, 140
Trd, 4318512.193, 140
Trd, 4318513.643, 140
Trd, 4318513.893, 140
Trd, 4318515.043, 140
Trd, 4318516.493, 140
Trd, 4318516.693, 140
Trd, 4318517.093, 139
Trd, 4318517.343, 138
Trd, 4318517.743, 137
Trd, 4318518.393, 140
Trd, 4318519.093, 140
Trd, 4318519.743, 140
Trd, 4318520.743, 140
Trd, 4318521.593, 140
Trd, 4318523.143, 140
Trd, 4318523.593, 140
Trd, 4318524.543, 140
Trd, 4318525.943, 140
Trd, 4318526.343, 140
Trd, 4318526.793, 140
Trd, 4318527.843, 140
Trd, 4318528.743, 140
Trd, 4318528.993, 140
Trd, 4318529.743, 140
Trd, 4318529.843, 140
Trd, 4318530.143, 140
Trd, 4318530.693, 140
Trd, 4318531.493, 140
Trd, 4318531.693, 140
Trd, 4318532.493, 140
Trd, 4318533.093, 140
Trd, 4318533.593, 139
Trd, 4318534.243, 62
Trd, 4318534.393, 64
Trd, 4318536.443, 140
Trd, 4318536.693, 140
Trd, 4318537.143, 140
Trd, 4318537.943, 140
Trd, 4318537.993, 140
Trd, 4318538.643, 140
Trd, 4318539.093, 140
Trd, 4318539.743, 139
Trd, 4318541.793, 140
Trd, 4318541.893, 139
Trd, 4318542.393, 140
Trd, 4318542.893, 140
Trd, 4318543.443, 139
Trd, 4318544.143, 140
Trd, 4318544.793, 140
Trd, 4318545.993, 140
Trd, 4318546.343, 140
Trd, 4318547.043, 64
Trd, 4318548.593, 140
Trd, 4318549.693, 140
Trd, 4318550.593, 140
Trd, 4318550.843, 140
Trd, 4318551.243, 140
Trd, 4318551.593, 140
Trd, 4318553.293, 140
Trd, 4318553.393, 140
Trd, 4318554.243, 140
Trd, 4318555.743, 140
Trd, 4318556.293, 140
Trd, 4318556.843, 140
Trd, 4318557.543, 140
Trd, 4318558.193, 140
Trd, 4318558.493, 140
Trd, 4318560.393, 140
Trd, 4318560.793, 140
Trd, 4318560.943, 140
Trd, 4318561.993, 140
Trd, 4318562.293, 140
Trd, 4318562.843, 140
Trd, 4318564.693, 140
Trd, 4318565.443, 140
Trd, 4318566.193, 140
Trd, 4318566.643, 140
Trd, 4318567.493, 140
Trd, 4318567.843, 140
Trd, 4318568.643, 140
Trd, 4318569.743, 140
Trd, 4318570.243, 140
Trd, 4318571.193, 140
Trd, 4318571.543, 140
Trd, 4318572.043, 140
Trd, 4318573.243, 140
Trd, 4318573.943, 140
Trd, 4318574.193, 140
Trd, 4318576.243, 140
Trd, 4318576.443, 140
Trd, 4318576.493, 140
Trd, 4318577.543, 140
Trd, 4318577.743, 140
Trd, 4318577.843, 140
Trd, 4318578.193, 140
Trd, 4318578.543, 140
Trd, 4318578.893, 140
Trd, 4318579.743, 140
Trd, 4318579.843, 140
Trd, 4318580.493, 140
Trd, 4318580.793, 138
Trd, 4318581.343, 140
Trd, 4318581.443, 139
Trd, 4318581.993, 139
Trd, 4318583.143, 140
Trd, 4318585.043, 140
Trd, 4318585.343, 140
Trd, 4318585.593, 140
Trd, 4318586.193, 139
Trd, 4318586.643, 140
Trd, 4318587.793, 140
Trd, 4318587.993, 140
Trd, 4318589.543, 140
Trd, 4318589.893, 140
Trd, 4318590.193, 140
Trd, 4318590.543, 140
Trd, 4318593.143, 140
Trd, 4318593.843, 140
Trd, 4318593.893, 140
Trd, 4318593.993, 140
Trd, 4318594.743, 140
Trd, 4318597.193, 140
Trd, 4318597.893, 140
Trd, 4318599.093, 140
Trd, 4318599.193, 140
Trd, 4318599.443, 140
Trd, 4318600.643, 140
Trd, 4318602.793, 140
Trd, 4318604.443, 140
Trd, 4318604.643, 140
Trd, 4318605.043, 140
Trd, 4318605.293, 140
Trd, 4318605.993, 140
Trd, 4318607.393, 140
Trd, 4318608.293, 140
Trd, 4318609.493, 140
Trd, 4318609.593, 140
Trd, 4318609.943, 139
Trd, 4318610.043, 139
Trd, 4318611.893, 140
Trd, 4318613.943, 140
Trd, 4318614.043, 140
Trd, 4318614.543, 140
Trd, 4318614.743, 140
Trd, 4318615.493, 140
Trd, 4318615.993, 140
Trd, 4318616.943, 140
Trd, 4318617.543, 140
Trd, 4318618.743, 140
Trd, 4318619.343, 140
Trd, 4318620.593, 140
Trd, 4318621.593, 140
Trd, 4318622.943, 140
Trd, 4318623.743, 140
Trd, 4318624.293, 140
Trd, 4318624.443, 140
Trd, 4318624.843, 140
Trd, 4318626.093, 140
Trd, 4318626.393, 140
Trd, 4318626.993, 140
Trd, 4318627.193, 140
Trd, 4318627.843, 140
Trd, 4318630.993, 140
Trd, 4318631.343, 140
Trd, 4318631.693, 140
Trd, 4318632.143, 140
Trd, 4318632.193, 140
Trd, 4318632.793, 140
Trd, 4318633.393, 140
Trd, 4318633.693, 140
Trd, 4318633.993, 140
Trd, 4318634.093, 140
Trd, 4318635.443, 140
Trd, 4318635.593, 140
Trd, 4318637.443, 140
Trd, 4318637.643, 140
Trd, 4318638.443, 140
Trd, 4318639.793, 140
Trd, 4318639.893, 140
Trd, 4318640.293, 140
Trd, 4318640.843, 140
Trd, 4318641.793, 140
Trd, 4318641.993, 139
Trd, 4318642.643, 140
Trd, 4318643.043, 140
Trd, 4318644.043, 140
Trd, 4318645.793, 140
Trd, 4318646.343, 140
Trd, 4318646.443, 139
Trd, 4318647.893, 140
Trd, 4318648.443, 140
Trd, 4318648.893, 140
Trd, 4318650.443, 140
Trd, 4318651.043, 140
Trd, 4318651.593, 140
Trd, 4318653.543, 140
Trd, 4318653.793, 140
Trd, 4318654.393, 140
Trd, 4318654.843, 140
Trd, 4318655.643, 140
Trd, 4318655.743, 140
Trd, 4318655.993, 140
Trd, 4318657.343, 139
Trd, 4318658.493, 140
Trd, 4318659.243, 140
Trd, 4318659.593, 140
Trd, 4318660.743, 140
Trd, 4318661.693, 140
Trd, 4318663.243, 140
Trd, 4318663.793, 140
Trd, 4318663.893, 140
Trd, 4318664.043, 140
Trd, 4318664.993, 140
Trd, 4318665.093, 140
Trd, 4318666.693, 140
Trd, 4318667.343, 140
Trd, 4318667.993, 140
Trd, 4318668.693, 140
Trd, 4318668.993, 140
Trd, 4318670.193, 140
Trd, 4318671.343, 140
Trd, 4318671.443, 140
Trd, 4318672.593, 140
Trd, 4318674.043, 140
Trd, 4318674.593, 140
Trd, 4318675.043, 140
Trd, 4318675.093, 140
Trd, 4318676.393, 140
Trd, 4318676.443, 140
Trd, 4318677.993, 140
Trd, 4318678.443, 140
Trd, 4318679.343, 140
Trd, 4318680.993, 140
Trd, 4318681.243, 140
Trd, 4318681.593, 140
Trd, 4318683.643, 140
Trd, 4318685.393, 140
Trd, 4318685.443, 140
Trd, 4318685.643, 140
Trd, 4318685.693, 140
Trd, 4318686.143, 140
Trd, 4318686.543, 140
Trd, 4318686.593, 140
Trd, 4318686.743, 139
Trd, 4318687.643, 140
Trd, 4318689.093, 140
Trd, 4318689.243, 140
Trd, 4318690.043, 140
Trd, 4318692.793, 140
Trd, 4318693.293, 140
Trd, 4318693.343, 140
Trd, 4318694.143, 140
Trd, 4318694.843, 140
Trd, 4318695.193, 140
Trd, 4318695.293, 140
Trd, 4318695.543, 139
Trd, 4318696.693, 140
Trd, 4318697.693, 140
Trd, 4318698.393, 140
Trd, 4318699.043, 140
Trd, 4318700.493, 140
Trd, 4318701.193, 140
Trd, 4318701.593, 140
Trd, 4318702.693, 140
Trd, 4318703.743, 140
Trd, 4318704.143, 140
Trd, 4318704.793, 140
Trd, 4318705.743, 140
Trd, 4318705.943, 140
Trd, 4318706.243, 140
Trd, 4318709.343, 140
Trd, 4318709.443, 140
Trd, 4318709.643, 140
Trd, 4318709.843, 140
Trd, 4318710.043, 140
Trd, 4318710.893, 140
Trd, 4318710.943, 138
Trd, 4318711.843, 139
Trd, 4318711.993, 139
Trd, 4318713.543, 140
Trd, 4318715.293, 140
Trd, 4318715.393, 140
Trd, 4318715.493, 140
Trd, 4318716.343, 140
Trd, 4318716.393, 140
Trd, 4318717.843, 140
Trd, 4318718.393, 140
Trd, 4318719.993, 140
Trd, 4318720.543, 140
Trd, 4318721.793, 140
Trd, 4318722.993, 140
Trd, 4318724.843, 140
Trd, 4318724.943, 140
Trd, 4318725.793, 140
Trd, 4318726.243, 140
Trd, 4318726.443, 140
Trd, 4318728.043, 140
Trd, 4318728.443, 140
Trd, 4318728.693, 140
Trd, 4318729.593, 140
Trd, 4318731.143, 140
Trd, 4318732.143, 140
Trd, 4318732.893, 140
Trd, 4318733.643, 140
Trd, 4318733.693, 140
Trd, 4318734.293, 140
Trd, 4318736.043, 140
Trd, 4318736.293, 140
Trd, 4318736.643, 140
Trd, 4318737.043, 140
Trd, 4318737.193, 140
Trd, 4318737.743, 139
Trd, 4318738.093, 140
Trd, 4318739.793, 140
Trd, 4318741.393, 140
Trd, 4318742.743, 140
Trd, 4318743.393, 140
Trd, 4318744.043, 140
Trd, 4318744.343, 140
Trd, 4318744.743, 140
Trd, 4318744.793, 140
Trd, 4318746.643, 140
Trd, 4318746.843, 140
Trd, 4318747.393, 140
Trd, 4318747.893, 140
Trd, 4318748.643, 139
Trd, 4318748.943, 140
Trd, 4318749.143, 139
Trd, 4318750.293, 140
Trd, 4318751.943, 140
Trd, 4318753.043, 140
Trd, 4318753.393, 140
Trd, 4318753.543, 140
Trd, 4318754.343, 140
Trd, 4318755.843, 140
Trd, 4318756.643, 140
Trd, 4318756.993, 140
Trd, 4318757.643, 140
Trd, 4318758.893, 140
Trd, 4318759.193, 140
Trd, 4318760.293, 140
Trd, 4318760.943, 140
Trd, 4318761.043, 140
Trd, 4318761.893, 140
Trd, 4318763.443, 140
Trd, 4318763.543, 140
Trd, 4318763.743, 140
Trd, 4318765.393, 140
Trd, 4318766.443, 140
Trd, 4318766.643, 140
Trd, 4318767.493, 140
Trd, 4318768.293, 140
Trd, 4318768.443, 140
Trd, 4318768.743, 139
Trd, 4318770.793, 140
Trd, 4318771.343, 140
Trd, 4318772.193, 140
Trd, 4318772.693, 140
Trd, 4318773.293, 140
Trd, 4318774.093, 140
Trd, 4318774.493, 140
Trd, 4318775.993, 140
Trd, 4318776.243, 140
Trd, 4318777.193, 140
Trd, 4318778.043, 140
Trd, 4318779.493, 140
Trd, 4318779.693, 140
Trd, 4318780.593, 140
Trd, 4318781.543, 140
Trd, 4318782.343, 140
Trd, 4318782.843, 140
Trd, 4318783.243, 140
Trd, 4318784.193, 140
Trd, 4318785.643, 140
Trd, 4318785.693, 140
Trd, 4318786.593, 140
Trd, 4318787.243, 140
Trd, 4318788.493, 140
Trd, 4318788.643, 140
Trd, 4318789.193, 140
Trd, 4318790.093, 140
Trd, 4318790.443, 140
Trd, 4318790.543, 139
Trd, 4318791.793, 60
Trd, 4318792.293, 63
Trd, 4318792.393, 62
Trd, 4318793.893, 60
Trd, 4318793.943, 60
Trd, 4318795.193, 60
Trd, 4318795.943, 60
Trd, 4318797.493, 60
Trd, 4318799.593, 60
Trd, 4318799.793, 60
Trd, 4318800.043, 61
Trd, 4318800.793, 60
Trd, 4318800.893, 63
Trd, 4318801.643, 60
Trd, 4318803.143, 63
Trd, 4318803.743, 62
Trd, 4318805.093, 60
Trd, 4318805.143, 60
Trd, 4318805.293, 61
Trd, 4318805.343, 61
Trd, 4318806.193, 63
Trd, 4318806.643, 62
Trd, 4318806.993, 64
Trd, 4318807.493, 66
Trd, 4318808.843, 140
Trd, 4318808.993, 139
Trd, 4318809.243, 137
Trd, 4318809.843, 60
Trd, 4318810.343, 60
Trd, 4318811.643, 140
Trd, 4318811.793, 140
Trd, 4318812.293, 140
Trd, 4318813.643, 140
Trd, 4318814.393, 140
Trd, 4318815.593, 140
Trd, 4318816.243, 140
Trd, 4318817.093, 140
Trd, 4318817.143, 140
Trd, 4318817.393, 140
Trd, 4318817.843, 139
Trd, 4318819.593, 140
Trd, 4318820.343, 139
Trd, 4318820.843, 140
Trd, 4318821.543, 140
Trd, 4318822.643, 140
Trd, 4318823.093, 140
Trd, 4318823.293, 139
Trd, 4318824.243, 140
Trd, 4318824.393, 140
Trd, 4318824.643, 140
Trd, 4318825.793, 140
Trd, 4318828.343, 140
Trd, 4318829.743, 140
Trd, 4318830.943, 140
Trd, 4318831.093, 140
Trd, 4318831.243, 140
Trd, 4318831.793, 140
Trd, 4318832.343, 140
Trd, 4318833.343, 140
Trd, 4318833.743, 140
Trd, 4318833.993, 140
Trd, 4318834.293, 140
Trd, 4318835.243, 140
Trd, 4318836.543, 140
Trd, 4318836.893, 140
Trd, 4318838.343, 140
Trd, 4318839.843, 140
Trd, 4318840.343, 140
Trd, 4318840.793, 140
Trd, 4318842.893, 140
Trd, 4318842.993, 140
Trd, 4318843.293, 140
Trd, 4318844.343, 140
Trd, 4318844.693, 140
Trd, 4318844.743, 139
Trd, 4318846.593, 140
Trd, 4318846.943, 140
Trd, 4318846.993, 140
Trd, 4318847.693, 140
Trd, 4318849.893, 140
Trd, 4318850.293, 139
Trd, 4318850.593, 140
Trd, 4318851.243, 140
Trd, 4318852.843, 140
Trd, 4318853.493, 140
Trd, 4318854.143, 140
Trd, 4318855.043, 140
Trd, 4318855.093, 140
Trd, 4318856.843, 140
Trd, 4318857.243, 140
Trd, 4318859.293, 140
Trd, 4318860.443, 140
Trd, 4318860.493, 140
Trd, 4318860.893, 140
Trd, 4318862.243, 140
Trd, 4318863.993, 140
Trd, 4318864.993, 140
Trd, 4318865.143, 140
Trd, 4318865.643, 140
Trd, 4318865.743, 140
Trd, 4318866.393, 139
Trd, 4318867.243, 140
Trd, 4318867.943, 140
Trd, 4318869.543, 140
Trd, 4318870.293, 140
Trd, 4318870.593, 140
Trd, 4318870.643, 140
Trd, 4318872.093, 139
Trd, 4318872.543, 139
Trd, 4318872.993, 139
Trd, 4318873.793, 140
Trd, 4318874.243, 140
Trd, 4318874.943, 139
Trd, 4318875.493, 140
Trd, 4318875.993, 140
Trd, 4318876.493, 140
Trd, 4318876.693, 140
Trd, 4318879.143, 140
Trd, 4318880.943, 140
Trd, 4318881.443, 140
Trd, 4318881.843, 140
Trd, 4318882.643, 140
Trd, 4318883.393, 140
Trd, 4318883.793, 140
Trd, 4318884.243, 138
Trd, 4318884.393, 138
Trd, 4318884.743, 140
Trd, 4318885.293, 139
Trd, 4318885.793, 139
Trd, 4318887.193, 134
Trd, 4318887.893, 66
Trd, 4318889.093, 128
Trd, 4318889.243, 136
Trd, 4318889.443, 139
Trd, 4318890.843, 60
Trd, 4318891.243, 62
Trd, 4318891.743, 60
Trd, 4318891.993, 65
Trd, 4318892.943, 62
Trd, 4318893.793, 60
Trd, 4318894.343, 60
Trd, 4318894.743, 62
Trd, 4318895.643, 60
Trd, 4318896.243, 140
Trd, 4318897.943, 60
Trd, 4318898.193, 60
Trd, 4318898.893, 61
Trd, 4318899.093, 60
Trd, 4318899.893, 60
Trd, 4318900.393, 60
Trd, 4318901.193, 63
Trd, 4318901.493, 68
Trd, 4318902.293, 60
Trd, 4318902.793, 63
Trd, 4318902.943, 60
Trd, 4318903.593, 63
Trd, 4318903.643, 66
Trd, 4318903.993, 61
Trd, 4318904.043, 64
Trd, 4318905.543, 140
Trd, 4318905.993, 139
Trd, 4318906.943, 140
Trd, 4318906.993, 140
Trd, 4318907.043, 140
Trd, 4318908.043, 140
Trd, 4318909.443, 63
Trd, 4318909.643, 64
Trd, 4318910.643, 60
Trd, 4318911.343, 60
Trd, 4318913.343, 62
Trd, 4318913.693, 63
Trd, 4318914.643, 60
Trd, 4318915.043, 60
Trd, 4318916.193, 60
Trd, 4318917.443, 60
Trd, 4318918.293, 60
Trd, 4318918.493, 60
Trd, 4318918.893, 60
Trd, 4318919.893, 60
Trd, 4318921.493, 60
Trd, 4318922.293, 60
Trd, 4318922.993, 60
Trd, 4318923.143, 60
Trd, 4318923.893, 60
Trd, 4318924.393, 60
Trd, 4318924.693, 61
Trd, 4318924.943, 62
Trd, 4318924.993, 61
Trd, 4318925.193, 62
Trd, 4318925.793, 62
Trd, 4318926.193, 62
Trd, 4318926.493, 66
Trd, 4318926.743, 66
Trd, 4318927.693, 61
Trd, 4318928.743, 140
Trd, 4318929.093, 140
Trd, 4318929.643, 139
Trd, 4318930.043, 140
Trd, 4318930.393, 140
Trd, 4318930.893, 140
Trd, 4318932.943, 60
Trd, 4318933.543, 60
Trd, 4318933.993, 60
Trd, 4318934.293, 60
Trd, 4318934.893, 61
Trd, 4318935.143, 60
Trd, 4318935.993, 60
Trd, 4318936.043, 60
Trd, 4318937.043, 60
Trd, 4318937.443, 60
Trd, 4318939.543, 60
Trd, 4318940.543, 60
Trd, 4318941.143, 64
Trd, 4318941.893, 61
Trd, 4318943.193, 60
Trd, 4318943.743, 62
Trd, 4318944.293, 60
Trd, 4318944.643, 62
Trd, 4318945.043, 64
Trd, 4318945.093, 64
Trd, 4318945.343, 63
Trd, 4318945.993, 62
Trd, 4318946.493, 140
Trd, 4318947.143, 140
Trd, 4318947.243, 139
Trd, 4318949.393, 140
Trd, 4318949.543, 140
Trd, 4318950.193, 140
Trd, 4318950.243, 139
Trd, 4318952.243, 140
Trd, 4318953.093, 140
Trd, 4318953.343, 140
Trd, 4318953.593, 140
Trd, 4318953.843, 140
Trd, 4318956.693, 140
Trd, 4318956.843, 140
Trd, 4318957.093, 140
Trd, 4318957.843, 140
Trd, 4318958.193, 140
Trd, 4318958.393, 139
Trd, 4318959.843, 140
Trd, 4318961.593, 140
Trd, 4318962.543, 140
Trd, 4318962.943, 140
Trd, 4318964.393, 140
Trd, 4318964.993, 140
Trd, 4318965.393, 140
Trd, 4318966.293, 140
Trd, 4318966.643, 140
Trd, 4318967.893, 140
Trd, 4318968.593, 140
Trd, 4318969.743, 140
Trd, 4318970.393, 140
Trd, 4318971.593, 140
Trd, 4318972.143, 140
Trd, 4318972.193, 140
Trd, 4318972.443, 140
Trd, 4318974.393, 140
Trd, 4318974.743, 140
Trd, 4318976.593, 140
Trd, 4318977.143, 140
Trd, 4318977.993, 140
Trd, 4318978.143, 140
Trd, 4318979.193, 140
Trd, 4318980.143, 140
Trd, 4318981.193, 140
Trd, 4318982.443, 140
Trd, 4318982.593, 140
Trd, 4318983.143, 140
Trd, 4318983.543, 140
Trd, 4318983.643, 140
Trd, 4318984.643, 140
Trd, 4318985.143, 140
Trd, 4318985.643, 140
Trd, 4318986.793, 140
Trd, 4318987.293, 140
Trd, 4318988.643, 140
Trd, 4318988.793, 140
Trd, 4318988.943, 140
Trd, 4318989.243, 139
Trd, 4318989.543, 139
Trd, 4318989.893, 140
Trd, 4318990.743, 139
Trd, 4318991.893, 140
Trd, 4318992.293, 140
Trd, 4318993.243, 140
Trd, 4318994.143, 140
Trd, 4318994.543, 139
Trd, 4318995.293, 140
Trd, 4318997.393, 140
Trd, 4318997.443, 140
Trd, 4318998.143, 140
Trd, 4318999.093, 140
Trd, 4318999.393, 140
Trd, 4319000.493, 140
Trd, 4319000.943, 140
Trd, 4319003.393, 140
Trd, 4319003.643, 140
Trd, 4319004.193, 140
Trd, 4319004.293, 139
Trd, 4319004.993, 140
Trd, 4319006.893, 140
Trd, 4319007.193, 140
Trd, 4319007.793, 140
Trd, 4319007.893, 140
Trd, 4319008.643, 140
Trd, 4319008.993, 140
Trd, 4319009.043, 140
Trd, 4319011.393, 140
Trd, 4319012.143, 140
Trd, 4319013.993, 140
Trd, 4319014.293, 140
Trd, 4319014.593, 140
Trd, 4319014.893, 140
Trd, 4319015.293, 140
Trd, 4319016.943, 140
Trd, 4319017.543, 140
Trd, 4319018.343, 140
Trd, 4319018.993, 140
Trd, 4319019.243, 140
Trd, 4319019.743, 139
Trd, 4319021.543, 140
Trd, 4319021.643, 140
Trd, 4319021.993, 140
Trd, 4319022.643, 140
Trd, 4319023.143, 139
Trd, 4319025.043, 140
Trd, 4319026.393, 140
Trd, 4319026.893, 140
Trd, 4319026.993, 140
Trd, 4319028.493, 140
Trd, 4319029.243, 140
Trd, 4319029.793, 140
Trd, 4319030.093, 140
Trd, 4319032.043, 140
Trd, 4319032.193, 140
Trd, 4319032.593, 140
Trd, 4319033.393, 140
Trd, 4319033.443, 140
Trd, 4319034.093, 139
Trd, 4319035.243, 139
Trd, 4319035.843, 139
Trd, 4319036.243, 140
Trd, 4319036.743, 140
Trd, 4319036.793, 140
Trd, 4319037.843, 140
Trd, 4319037.893, 139
Trd, 4319040.293, 140
Trd, 4319041.643, 140
Trd, 4319041.943, 140
Trd, 4319042.293, 140
Trd, 4319042.543, 140
Trd, 4319043.443, 140
Trd, 4319043.893, 140
Trd, 4319044.143, 140
Trd, 4319044.343, 140
Trd, 4319045.143, 140
Trd, 4319045.943, 140
Trd, 4319049.893, 140
Trd, 4319049.943, 140
Trd, 4319049.993, 140
Trd, 4319050.293, 139
Trd, 4319050.843, 140
Trd, 4319052.793, 140
Trd, 4319053.043, 140
Trd, 4319053.493, 140
Trd, 4319053.643, 140
Trd, 4319054.443, 140
Trd, 4319055.143, 140
Trd, 4319055.843, 140
Trd, 4319056.093, 139
Trd, 4319058.493, 140
Trd, 4319058.793, 140
Trd, 4319058.943, 140
Trd, 4319059.943, 140
Trd, 4319060.243, 140
Trd, 4319060.643, 140
Trd, 4319061.143, 140
Trd, 4319061.943, 140
Trd, 4319062.493, 140
Trd, 4319065.043, 140
Trd, 4319065.143, 140
Trd, 4319065.593, 140
Trd, 4319065.743, 140
Trd, 4319065.843, 138
Trd, 4319067.543, 140
Trd, 4319068.693, 140
Trd, 4319069.343, 139
Trd, 4319069.693, 140
Trd, 4319071.393, 140
Trd, 4319071.843, 140
Trd, 4319072.443, 140
Trd, 4319073.543, 140
Trd, 4319073.593, 140
Trd, 4319074.543, 140
Trd, 4319075.693, 140
Trd, 4319076.093, 140
Trd, 4319076.393, 140
Trd, 4319077.793, 139
Trd, 4319080.293, 140
Trd, 4319080.493, 140
Trd, 4319080.743, 140
Trd, 4319080.993, 140
Trd, 4319081.493, 140
Trd, 4319082.393, 140
Trd, 4319082.893, 140
Trd, 4319083.343, 140
Trd, 4319084.943, 140
Trd, 4319085.393, 140
Trd, 4319085.793, 139
Trd, 4319086.343, 139
Trd, 4319087.793, 138
Trd, 4319088.193, 140
Trd, 4319088.343, 140
Trd, 4319089.343, 139
Trd, 4319090.743, 140
Trd, 4319091.993, 140
Trd, 4319092.043, 140
Trd, 4319092.243, 140
Trd, 4319092.943, 140
Trd, 4319094.143, 140
Trd, 4319096.093, 140
Trd, 4319096.143, 140
Trd, 4319096.543, 140
Trd, 4319097.993, 140
Trd, 4319098.793, 140
Trd, 4319098.893, 140
Trd, 4319099.243, 140
Trd, 4319101.143, 140
Trd, 4319101.693, 140
Trd, 4319102.743, 140
Trd, 4319102.893, 140
Trd, 4319103.293, 140
Trd, 4319103.593, 139
Trd, 4319103.893, 139
Trd, 4319103.943, 139
Trd, 4319104.843, 140
Trd, 4319106.393, 140
Trd, 4319106.743, 140
Trd, 4319107.543, 140
Trd, 4319108.293, 140
Trd, 4319110.593, 140
Trd, 4319110.693, 140
Trd, 4319111.193, 140
Trd, 4319111.993, 140
Trd, 4319112.643, 140
Trd, 4319113.193, 140
Trd, 4319113.243, 140
Trd, 4319115.393, 140
Trd, 4319115.593, 140
Trd, 4319116.893, 140
Trd, 4319117.543, 140
Trd, 4319118.643, 140
Trd, 4319118.943, 139
Trd, 4319119.843, 140
Trd, 4319119.893, 139
Trd, 4319120.043, 139
Trd, 4319121.293, 140
Trd, 4319121.343, 140
Trd, 4319122.043, 140
Trd, 4319123.893, 140
Trd, 4319124.043, 140
Trd, 4319124.643, 140
Trd, 4319125.393, 140
Trd, 4319125.793, 140
Trd, 4319126.443, 140
Trd, 4319127.343, 140
Trd, 4319129.093, 140
Trd, 4319129.443, 140
Trd, 4319130.493, 140
Trd, 4319130.743, 140
Trd, 4319131.793, 140
Trd, 4319131.843, 140
Trd, 4319133.393, 140
Trd, 4319133.493, 140
Trd, 4319133.793, 140
Trd, 4319134.543, 140
Trd, 4319135.893, 140
Trd, 4319137.343, 140
Trd, 4319137.643, 140
Trd, 4319138.043, 140
Trd, 4319138.793, 140
Trd, 4319138.943, 140
Trd, 4319139.243, 140
Trd, 4319141.993, 140
Trd, 4319142.443, 140
Trd, 4319143.143, 140
Trd, 4319143.193, 140
Trd, 4319144.393, 140
Trd, 4319145.293, 140
Trd, 4319145.893, 140
Trd, 4319146.943, 140
Trd, 4319147.193, 140
Trd, 4319149.043, 140
Trd, 4319149.443, 140
Trd, 4319149.593, 140
Trd, 4319150.493, 140
Trd, 4319151.293, 140
Trd, 4319151.343, 140
Trd, 4319152.743, 140
Trd, 4319153.993, 140
Trd, 4319154.143, 140
Trd, 4319155.093, 140
Trd, 4319155.843, 140
Trd, 4319156.243, 140
Trd, 4319156.643, 140
Trd, 4319158.943, 140
Trd, 4319159.143, 140
Trd, 4319159.293, 140
Trd, 4319159.743, 140
Trd, 4319162.043, 140
Trd, 4319162.443, 140
Trd, 4319162.593, 140
Trd, 4319162.993, 139
Trd, 4319165.043, 140
Trd, 4319166.493, 140
Trd, 4319167.843, 140
Trd, 4319168.493, 140
Trd, 4319168.643, 140
Trd, 4319169.293, 140
Trd, 4319169.693, 140
Trd, 4319170.593, 139
Trd, 4319171.443, 140
Trd, 4319173.593, 140
Trd, 4319173.693, 140
Trd, 4319174.243, 140
Trd, 4319174.343, 140
Trd, 4319174.943, 140
Trd, 4319177.143, 140
Trd, 4319178.543, 140
Trd, 4319178.843, 140
Trd, 4319178.893, 140
Trd, 4319180.293, 140
Trd, 4319180.343, 140
Trd, 4319180.543, 139
Trd, 4319180.793, 140
Trd, 4319182.143, 140
Trd, 4319183.043, 140
Trd, 4319183.843, 140
Trd, 4319185.043, 140
Trd, 4319185.143, 140
Trd, 4319186.493, 140
Trd, 4319187.493, 140
Trd, 4319187.843, 140
Trd, 4319187.943, 140
Trd, 4319188.443, 140
Trd, 4319189.243, 140
Trd, 4319190.143, 140
Trd, 4319190.393, 140
Trd, 4319192.093, 140
Trd, 4319192.943, 140
Trd, 4319193.043, 140
Trd, 4319193.443, 140
Trd, 4319194.143, 140
Trd, 4319195.343, 140
Trd, 4319196.593, 140
Trd, 4319197.093, 140
Trd, 4319198.643, 140
Trd, 4319199.043, 140
Trd, 4319199.893, 140
Trd, 4319200.493, 140
Trd, 4319202.343, 140
Trd, 4319202.693, 140
Trd, 4319203.343, 140
Trd, 4319204.793, 140
Trd, 4319205.443, 140
Trd, 4319206.593, 140
Trd, 4319207.143, 140
Trd, 4319207.343, 140
Trd, 4319207.993, 140
Trd, 4319208.943, 140
Trd, 4319208.993, 140
Trd, 4319209.743, 140
Trd, 4319210.043, 140
Trd, 4319210.443, 140
Trd, 4319212.693, 140
Trd, 4319215.143, 140
Trd, 4319215.243, 140
Trd, 4319215.593, 140
Trd, 4319215.843, 140
Trd, 4319216.143, 140
Trd, 4319216.543, 140
Trd, 4319216.993, 140
Trd, 4319218.143, 140
Trd, 4319219.993, 140
Trd, 4319220.043, 140
Trd, 4319220.593, 140
Trd, 4319221.293, 140
Trd, 4319221.543, 140
Trd, 4319222.493, 140
Trd, 4319222.643, 140
Trd, 4319223.743, 140
Trd, 4319223.843, 140
Trd, 4319224.143, 140
Trd, 4319226.493, 140
Trd, 4319226.943, 140
Trd, 4319228.293, 140
Trd, 4319228.643, 140
Trd, 4319229.143, 140
Trd, 4319229.593, 140
Trd, 4319230.343, 140
Trd, 4319231.693, 140
Trd, 4319232.393, 140
Trd, 4319233.643, 140
Trd, 4319234.693, 140
Trd, 4319235.093, 140
Trd, 4319235.543, 140
Trd, 4319236.393, 140
Trd, 4319236.543, 140
Trd, 4319236.943, 140
Trd, 4319238.243, 140
Trd, 4319238.393, 140
Trd, 4319239.593, 140
Trd, 4319239.993, 140
Trd, 4319241.293, 140
Trd, 4319242.093, 140
Trd, 4319242.493, 140
Trd, 4319243.443, 140
Trd, 4319244.143, 140
Trd, 4319245.293, 140
Trd, 4319245.493, 140
Trd, 4319246.093, 140
Trd, 4319246.443, 140
Trd, 4319248.893, 140
Trd, 4319249.143, 140
Trd, 4319249.293, 140
Trd, 4319249.943, 140
Trd, 4319250.543, 140
Trd, 4319250.843, 140
Trd, 4319250.943, 140
Trd, 4319251.193, 139
Trd, 4319252.343, 140
Trd, 4319253.793, 139
Trd, 4319253.893, 139
Trd, 4319254.293, 61
Trd, 4319255.693, 60
Trd, 4319255.843, 60
Trd, 4319256.093, 63
Trd, 4319256.293, 64
Trd, 4319256.393, 64
Trd, 4319257.893, 60
Trd, 4319258.293, 63
Trd, 4319260.043, 62
Trd, 4319260.293, 62
Trd, 4319261.193, 62
Trd, 4319261.543, 67
Trd, 4319261.993, 60
Trd, 4319262.893, 60
Trd, 4319263.443, 66
Trd, 4319263.593, 60
Trd, 4319264.743, 60
Trd, 4319266.293, 60
Trd, 4319266.493, 72
Trd, 4319267.793, 60
Trd, 4319268.743, 60
Trd, 4319269.093, 60
Trd, 4319269.743, 60
Trd, 4319270.593, 60
Trd, 4319271.543, 60
Trd, 4319271.943, 60
Trd, 4319272.143, 60
Trd, 4319273.093, 61
Trd, 4319273.193, 60
Trd, 4319273.993, 140
Trd, 4319275.343, 140
Trd, 4319275.543, 140
Trd, 4319275.643, 140
Trd, 4319276.443, 137
Trd, 4319277.343, 60
Trd, 4319277.843, 60
Trd, 4319278.143, 60
Trd, 4319278.893, 61
Trd, 4319280.393, 60
Trd, 4319281.193, 60
Trd, 4319281.743, 60
Trd, 4319282.393, 60
Trd, 4319282.593, 61
Trd, 4319283.343, 61
Trd, 4319283.693, 63
Trd, 4319284.593, 60
Trd, 4319285.343, 62
Trd, 4319285.843, 62
Trd, 4319288.143, 60
Trd, 4319288.543, 60
Trd, 4319289.493, 60
Trd, 4319290.843, 60
Trd, 4319291.143, 60
Trd, 4319291.343, 60
Trd, 4319291.843, 60
Trd, 4319292.043, 60
Trd, 4319293.093, 60
Trd, 4319293.543, 60
Trd, 4319294.843, 60
Trd, 4319295.643, 61
Trd, 4319295.843, 61
Trd, 4319296.943, 60
Trd, 4319298.093, 60
Trd, 4319298.343, 63
Trd, 4319299.393, 61
Trd, 4319299.793, 65
Trd, 4319301.293, 60
Trd, 4319302.443, 60
Trd, 4319302.643, 60
Trd, 4319302.993, 61
Trd, 4319303.493, 60
Trd, 4319303.543, 62
Trd, 4319304.593, 60
Trd, 4319305.143, 61
Trd, 4319305.893, 66
Trd, 4319306.393, 63
Trd, 4319306.743, 60
Trd, 4319307.193, 78
Trd, 4319307.793, 140
Trd, 4319308.093, 140
Trd, 4319308.493, 140
Trd, 4319309.143, 61
Trd, 4319310.593, 140
Trd, 4319310.893, 140
Trd, 4319311.793, 140
Trd, 4319312.443, 140
Trd, 4319312.643, 64
Trd, 4319313.993, 62
Trd, 4319314.143, 67
Trd, 4319315.193, 140
Trd, 4319317.143, 140
Trd, 4319318.093, 140
Trd, 4319319.443, 140
Trd, 4319320.293, 140
Trd, 4319320.543, 140
Trd, 4319321.143, 140
Trd, 4319321.293, 140
Trd, 4319322.543, 140
Trd, 4319322.843, 140
Trd, 4319323.243, 140
Trd, 4319323.893, 140
Trd, 4319325.443, 140
Trd, 4319326.393, 140
Trd, 4319326.843, 140
Trd, 4319327.543, 138
Trd, 4319327.593, 138
Trd, 4319327.993, 140
Trd, 4319328.293, 140
Trd, 4319328.493, 139
Trd, 4319330.593, 140
Trd, 4319330.843, 140
Trd, 4319332.293, 140
Trd, 4319334.043, 140
Trd, 4319334.493, 140
Trd, 4319334.543, 140
Trd, 4319335.193, 140
Trd, 4319335.393, 140
Trd, 4319335.693, 140
Trd, 4319337.443, 140
Trd, 4319338.243, 140
Trd, 4319338.443, 140
Trd, 4319338.593, 140
Trd, 4319340.243, 140
Trd, 4319340.843, 140
Trd, 4319341.393, 140
Trd, 4319341.693, 140
Trd, 4319343.093, 140
Trd, 4319343.143, 140
Trd, 4319344.243, 140
Trd, 4319344.343, 140
Trd, 4319345.643, 140
Trd, 4319345.943, 140
Trd, 4319346.693, 140
Trd, 4319347.243, 140
Trd, 4319348.543, 140
Trd, 4319349.693, 140
Trd, 4319349.843, 140
Trd, 4319350.093, 140
Trd, 4319350.493, 140
Trd, 4319352.493, 140
Trd, 4319352.993, 140
Trd, 4319354.643, 140
Trd, 4319355.193, 140
Trd, 4319356.143, 140
Trd, 4319356.493, 140
Trd, 4319357.093, 140
Trd, 4319357.343, 140
Trd, 4319357.693, 140
Trd, 4319358.293, 140
Trd, 4319358.993, 140
Trd, 4319360.393, 140
Trd, 4319361.243, 140
Trd, 4319361.443, 140
Trd, 4319362.893, 140
Trd, 4319363.793, 140
Trd, 4319364.043, 140
Trd, 4319365.143, 140
Trd, 4319365.543, 140
Trd, 4319366.343, 140
Trd, 4319366.793, 140
Trd, 4319366.893, 139
Trd, 4319367.843, 140
Trd, 4319369.293, 140
Trd, 4319370.243, 140
Trd, 4319370.293, 139
Trd, 4319371.593, 140
Trd, 4319372.393, 140
Trd, 4319372.643, 140
Trd, 4319374.093, 140
Trd, 4319374.743, 140
Trd, 4319375.043, 140
Trd, 4319375.843, 140
Trd, 4319376.293, 140
Trd, 4319376.893, 140
Trd, 4319378.693, 140
Trd, 4319379.693, 140
Trd, 4319380.843, 140
Trd, 4319380.893, 140
Trd, 4319381.693, 140
Trd, 4319381.893, 140
Trd, 4319382.493, 140
Trd, 4319383.493, 140
Trd, 4319383.793, 140
Trd, 4319383.943, 140
Trd, 4319384.293, 140
Trd, 4319385.193, 140
Trd, 4319385.493, 140
Trd, 4319386.293, 140
Trd, 4319387.143, 140
Trd, 4319387.393, 140
Trd, 4319387.743, 140
Trd, 4319388.043, 139
Trd, 4319389.493, 140
Trd, 4319389.693, 140
Trd, 4319390.093, 140
Trd, 4319391.643, 140
Trd, 4319391.993, 140
Trd, 4319392.193, 140
Trd, 4319393.243, 140
Trd, 4319394.143, 140
Trd, 4319394.293, 140
Trd, 4319395.493, 140
Trd, 4319395.993, 140
Trd, 4319396.643, 140
Trd, 4319397.443, 140
Trd, 4319397.643, 140
Trd, 4319398.193, 140
Trd, 4319399.193, 140
Trd, 4319399.293, 140
Trd, 4319400.543, 140
Trd, 4319401.843, 140
Trd, 4319401.943, 140
Trd, 4319402.143, 140
Trd, 4319403.093, 140
Trd, 4319404.593, 140
Trd, 4319405.993, 140
Trd, 4319406.893, 140
Trd, 4319408.193, 140
Trd, 4319408.293, 140
Trd, 4319408.943, 140
Trd, 4319409.643, 140
Trd, 4319410.243, 140
Trd, 4319411.793, 140
Trd, 4319412.293, 140
Trd, 4319412.743, 140
Trd, 4319413.643, 140
Trd, 4319415.093, 140
Trd, 4319415.143, 140
Trd, 4319415.693, 140
Trd, 4319416.543, 140
Trd, 4319416.943, 140
Trd, 4319417.893, 140
Trd, 4319418.543, 140
Trd, 4319418.593, 140
Trd, 4319419.243, 140
Trd, 4319421.393, 140
Trd, 4319421.543, 140
Trd, 4319421.843, 140
Trd, 4319422.343, 140
Trd, 4319423.043, 137
Trd, 4319423.443, 139
Trd, 4319424.643, 140
Trd, 4319424.793, 140
Trd, 4319425.943, 140
Trd, 4319426.393, 140
Trd, 4319427.243, 140
Trd, 4319428.643, 140
Trd, 4319428.893, 140
Trd, 4319430.693, 140
Trd, 4319430.943, 140
Trd, 4319431.543, 140
Trd, 4319431.893, 140
Trd, 4319433.443, 140
Trd, 4319433.543, 140
Trd, 4319434.593, 139
Trd, 4319434.793, 140
Trd, 4319434.993, 139
Trd, 4319436.593, 140
Trd, 4319437.143, 140
Trd, 4319438.393, 140
Trd, 4319439.793, 140
Trd, 4319440.993, 140
Trd, 4319441.093, 140
Trd, 4319441.193, 140
Trd, 4319441.393, 140
Trd, 4319442.493, 140
Trd, 4319442.893, 140
Trd, 4319444.093, 140
Trd, 4319445.743, 140
Trd, 4319446.593, 140
Trd, 4319448.343, 140
Trd, 4319448.943, 140
Trd, 4319449.443, 140
Trd, 4319449.643, 140
Trd, 4319450.193, 140
Trd, 4319450.343, 140
Trd, 4319450.993, 140
Trd, 4319452.393, 140
Trd, 4319452.643, 140
Trd, 4319453.993, 140
Trd, 4319454.243, 139
Trd, 4319455.443, 140
Trd, 4319456.143, 140
Trd, 4319457.443, 140
Trd, 4319458.943, 140
Trd, 4319459.143, 140
Trd, 4319459.593, 140
Trd, 4319460.043, 139
Trd, 4319460.093, 138
Trd, 4319460.593, 140
Trd, 4319462.493, 140
Trd, 4319463.193, 140
Trd, 4319463.443, 140
Trd, 4319463.793, 140
Trd, 4319465.093, 140
Trd, 4319465.293, 140
Trd, 4319465.593, 140
Trd, 4319466.493, 140
Trd, 4319467.443, 140
Trd, 4319468.893, 140
Trd, 4319470.193, 140
Trd, 4319470.343, 140
Trd, 4319471.093, 140
Trd, 4319472.343, 140
Trd, 4319472.393, 140
Trd, 4319472.993, 140
Trd, 4319474.593, 140
Trd, 4319475.393, 140
Trd, 4319477.993, 140
Trd, 4319479.543, 140
Trd, 4319479.893, 140
Trd, 4319480.043, 140
Trd, 4319480.693, 140
Trd, 4319480.943, 140
Trd, 4319481.093, 140
Trd, 4319481.143, 139
Trd, 4319483.293, 140
Trd, 4319484.193, 140
Trd, 4319484.393, 140
Trd, 4319485.193, 140
Trd, 4319485.293, 140
Trd, 4319485.393, 140
Trd, 4319486.193, 140
Trd, 4319486.843, 140
Trd, 4319487.143, 140
Trd, 4319487.493, 139
Trd, 4319487.643, 140
Trd, 4319488.043, 140
Trd, 4319488.593, 140
Trd, 4319489.443, 140
Trd, 4319489.643, 140
Trd, 4319493.093, 140
Trd, 4319493.143, 140
Trd, 4319493.343, 140
Trd, 4319493.893, 140
Trd, 4319494.543, 140
Trd, 4319495.043, 140
Trd, 4319495.093, 140
Trd, 4319495.443, 140
Trd, 4319497.243, 140
Trd, 4319497.793, 140
Trd, 4319499.293, 140
Trd, 4319499.643, 140
Trd, 4319500.143, 139
Trd, 4319500.443, 140
Trd, 4319501.793, 140
Trd, 4319502.093, 140
Trd, 4319504.243, 140
Trd, 4319504.643, 140
Trd, 4319505.093, 140
Trd, 4319505.443, 140
Trd, 4319505.843, 140
Trd, 4319507.593, 140
Trd, 4319508.443, 140
Trd, 4319509.293, 139
Trd, 4319509.543, 139
Trd, 4319510.193, 140
Trd, 4319510.393, 140
Trd, 4319511.143, 140
Trd, 4319512.243, 140
Trd, 4319513.993, 140
Trd, 4319514.193, 140
Trd, 4319514.493, 138
Trd, 4319515.293, 140
Trd, 4319516.043, 140
Trd, 4319516.693, 140
Trd, 4319517.143, 140
Trd, 4319517.543, 140
Trd, 4319517.743, 140
Trd, 4319520.043, 140
Trd, 4319520.243, 140
Trd, 4319521.793, 140
Trd, 4319522.543, 140
Trd, 4319522.743, 140
Trd, 4319523.343, 140
Trd, 4319524.493, 140
Trd, 4319526.193, 140
Trd, 4319526.793, 140
Trd, 4319527.143, 140
Trd, 4319527.293, 140
Trd, 4319527.843, 140
Trd, 4319529.293, 140
Trd, 4319530.243, 140
Trd, 4319530.643, 140
Trd, 4319531.093, 140
Trd, 4319531.393, 140
Trd, 4319531.743, 140
Trd, 4319532.093, 140
Trd, 4319532.243, 140
Trd, 4319533.893, 140
Trd, 4319534.693, 140
Trd, 4319536.043, 140
Trd, 4319536.393, 140
Trd, 4319537.193, 140
Trd, 4319537.343, 140
Trd, 4319538.393, 140
Trd, 4319540.443, 140
Trd, 4319541.543, 140
Trd, 4319541.593, 140
Trd, 4319542.143, 140
Trd, 4319542.793, 140
Trd, 4319543.943, 140
Trd, 4319544.643, 140
Trd, 4319545.093, 140
Trd, 4319545.243, 140
Trd, 4319545.743, 140
Trd, 4319546.393, 140
Trd, 4319546.893, 140
Trd, 4319548.243, 140
Trd, 4319549.343, 140
Trd, 4319549.793, 140
Trd, 4319550.943, 140
Trd, 4319550.993, 140
Trd, 4319551.343, 140
Trd, 4319553.993, 140
Trd, 4319554.593, 140
Trd, 4319555.343, 140
Trd, 4319555.843, 140
Trd, 4319556.043, 140
Trd, 4319556.693, 140
Trd, 4319557.143, 140
Trd, 4319559.493, 140
Trd, 4319560.243, 140
Trd, 4319560.793, 140
Trd, 4319561.743, 140
Trd, 4319562.393, 140
Trd, 4319562.793, 140
Trd, 4319562.943, 140
Trd, 4319563.593, 140
Trd, 4319563.893, 140
Trd, 4319564.343, 140
Trd, 4319564.843, 139
Trd, 4319565.843, 140
Trd, 4319566.193, 140
Trd, 4319566.693, 140
Trd, 4319568.243, 139
Trd, 4319568.693, 139
Trd, 4319568.993, 138
Trd, 4319569.543, 140
Trd, 4319570.943, 140
Trd, 4319571.993, 140
Trd, 4319572.693, 140
Trd, 4319574.693, 140
Trd, 4319574.893, 140
Trd, 4319576.043, 140
Trd, 4319576.693, 140
Trd, 4319577.043, 140
Trd, 4319577.193, 140
Trd, 4319578.843, 140
Trd, 4319579.743, 140
Trd, 4319580.093, 140
Trd, 4319580.143, 139
Trd, 4319580.593, 140
Trd, 4319580.693, 139
Trd, 4319581.293, 139
Trd, 4319582.293, 140
Trd, 4319582.843, 140
Trd, 4319583.743, 140
Trd, 4319584.343, 140
Trd, 4319585.343, 140
Trd, 4319585.543, 140
Trd, 4319586.093, 140
Trd, 4319586.243, 139
Trd, 4319588.493, 140
Trd, 4319588.793, 138
Trd, 4319589.393, 138
Trd, 4319591.443, 140
Trd, 4319591.893, 140
Trd, 4319592.293, 140
Trd, 4319592.693, 140
Trd, 4319593.143, 140
Trd, 4319593.993, 140
Trd, 4319595.843, 140
Trd, 4319596.043, 140
Trd, 4319596.293, 140
Trd, 4319596.643, 140
Trd, 4319597.593, 140
Trd, 4319597.843, 140
Trd, 4319598.543, 140
Trd, 4319599.593, 140
Trd, 4319600.643, 140
Trd, 4319601.343, 140
Trd, 4319601.893, 140
Trd, 4319602.343, 140
Trd, 4319602.643, 140
Trd, 4319604.943, 140
Trd, 4319605.243, 140
Trd, 4319606.393, 140
Trd, 4319607.893, 140
Trd, 4319608.143, 140
Trd, 4319608.643, 140
Trd, 4319609.143, 139
Trd, 4319609.593, 140
Trd, 4319609.643, 139
Trd, 4319609.843, 139
Trd, 4319610.793, 140
Trd, 4319612.593, 140
Trd, 4319613.693, 140
Trd, 4319613.743, 139
Trd, 4319613.793, 139
Trd, 4319614.443, 138
Trd, 4319614.943, 140
Trd, 4319618.793, 140
Trd, 4319618.843, 140
Trd, 4319619.043, 139
Trd, 4319619.743, 140
Trd, 4319620.293, 140
Trd, 4319621.043, 140
Trd, 4319621.093, 140
Trd, 4319622.643, 140
Trd, 4319623.293, 140
Trd, 4319624.143, 140
Trd, 4319625.393, 140
Trd, 4319625.893, 140
Trd, 4319626.243, 140
Trd, 4319626.493, 140
Trd, 4319627.543, 140
Trd, 4319628.093, 140
Trd, 4319628.393, 140
Trd, 4319628.443, 140
Trd, 4319630.743, 140
Trd, 4319630.793, 140
Trd, 4319630.993, 140
Trd, 4319631.043, 140
Trd, 4319631.943, 140
Trd, 4319632.643, 140
Trd, 4319633.593, 140
Trd, 4319633.843, 140
Trd, 4319634.193, 140
Trd, 4319635.193, 139
Trd, 4319635.343, 139
Trd, 4319636.743, 140
Trd, 4319637.043, 140
Trd, 4319638.543, 140
Trd, 4319639.243, 140
Trd, 4319639.643, 140
Trd, 4319640.843, 140
Trd, 4319640.943, 140
Trd, 4319640.993, 139
Trd, 4319641.943, 140
Trd, 4319643.343, 140
Trd, 4319644.943, 140
Trd, 4319645.293, 140
Trd, 4319645.743, 140
Trd, 4319646.593, 140
Trd, 4319647.243, 140
Trd, 4319649.543, 140
Trd, 4319649.743, 140
Trd, 4319651.593, 140
Trd, 4319652.543, 140
Trd, 4319652.943, 140
Trd, 4319653.643, 140
Trd, 4319653.993, 140
Trd, 4319655.543, 140
Trd, 4319656.393, 140
Trd, 4319656.893, 140
Trd, 4319657.343, 139
Trd, 4319659.093, 140
Trd, 4319659.243, 140
Trd, 4319661.193, 140
Trd, 4319661.293, 140
Trd, 4319661.543, 140
Trd, 4319661.693, 140
Trd, 4319663.493, 140
Trd, 4319664.093, 140
Trd, 4319664.293, 140
Trd, 4319664.393, 140
Trd, 4319665.543, 140
Trd, 4319665.743, 139
Trd, 4319665.993, 140
Trd, 4319668.593, 140
Trd, 4319668.893, 140
Trd, 4319669.393, 140
Trd, 4319669.443, 140
Trd, 4319670.243, 140
Trd, 4319670.643, 140
Trd, 4319671.243, 140
Trd, 4319673.293, 140
Trd, 4319673.643, 140
Trd, 4319674.493, 140
Trd, 4319675.693, 140
Trd, 4319676.493, 140
Trd, 4319676.893, 140
Trd, 4319677.543, 140
Trd, 4319678.293, 140
Trd, 4319679.293, 140
Trd, 4319680.243, 140
Trd, 4319680.343, 140
Trd, 4319680.943, 140
Trd, 4319681.543, 140
Trd, 4319681.743, 140
Trd, 4319683.843, 140
Trd, 4319684.743, 140
Trd, 4319686.943, 140
Trd, 4319686.993, 140
Trd, 4319687.943, 140
Trd, 4319688.293, 140
Trd, 4319688.493, 140
Trd, 4319688.543, 140
Trd, 4319689.393, 140
Trd, 4319689.943, 140
Trd, 4319691.743, 140
Trd, 4319692.093, 140
Trd, 4319692.893, 140
Trd, 4319693.943, 140
Trd, 4319694.493, 140
Trd, 4319696.293, 140
Trd, 4319697.193, 140
Trd, 4319697.393, 140
Trd, 4319698.193, 140
Trd, 4319698.293, 139
Trd, 4319698.943, 140
Trd, 4319698.993, 140
Trd, 4319700.243, 140
Trd, 4319700.443, 140
Trd, 4319701.243, 140
Trd, 4319701.593, 138
Trd, 4319702.843, 140
Trd, 4319704.143, 140
Trd, 4319705.493, 140
Trd, 4319705.943, 140
Trd, 4319705.993, 140
Trd, 4319707.393, 140
Trd, 4319708.093, 140
Trd, 4319708.493, 140
Trd, 4319709.393, 140
Trd, 4319710.443, 140
Trd, 4319710.643, 140
Trd, 4319710.843, 140
Trd, 4319712.893, 140
Trd, 4319713.893, 140
Trd, 4319714.243, 140
Trd, 4319715.393, 140
Trd, 4319715.693, 140
Trd, 4319716.093, 140
Trd, 4319717.443, 140
Trd, 4319717.643, 140
Trd, 4319717.993, 140
Trd, 4319719.793, 140
Trd, 4319720.593, 140
Trd, 4319720.643, 140
Trd, 4319720.743, 138
Trd, 4319721.393, 140
Trd, 4319722.643, 140
Trd, 4319723.943, 140
Trd, 4319725.393, 140
Trd, 4319725.643, 140
Trd, 4319725.893, 140
Trd, 4319726.743, 140
Trd, 4319726.893, 140
Trd, 4319727.343, 140
Trd, 4319728.143, 140
Trd, 4319729.593, 140
Trd, 4319730.643, 140
Trd, 4319731.243, 140
Trd, 4319732.593, 140
Trd, 4319734.093, 140
Trd, 4319734.743, 140
Trd, 4319735.443, 140
Trd, 4319735.943, 140
Trd, 4319736.043, 140
Trd, 4319737.993, 140
Trd, 4319738.243, 140
Trd, 4319739.543, 140
Trd, 4319739.843, 140
Trd, 4319740.093, 140
Trd, 4319740.243, 140
Trd, 4319740.993, 140
Trd, 4319741.943, 140
Trd, 4319743.493, 140
Trd, 4319743.693, 140
Trd, 4319744.943, 140
Trd, 4319745.343, 140
Trd, 4319745.493, 140
Trd, 4319745.793, 140
Trd, 4319747.293, 140
Trd, 4319747.543, 140
Trd, 4319748.543, 140
Trd, 4319749.443, 140
Trd, 4319750.843, 140
Trd, 4319752.243, 140
Trd, 4319752.443, 140
Trd, 4319752.893, 140
Trd, 4319753.043, 140
Trd, 4319753.493, 140
Trd, 4319754.393, 140
Trd, 4319754.643, 140
Trd, 4319755.343, 140
Trd, 4319756.693, 140
Trd, 4319758.243, 140
Trd, 4319758.743, 140
Trd, 4319759.443, 140
Trd, 4319760.043, 140
Trd, 4319760.493, 140
Trd, 4319760.843, 140
Trd, 4319761.593, 140
Trd, 4319761.793, 140
Trd, 4319762.793, 140
Trd, 4319765.693, 140
Trd, 4319765.743, 140
Trd, 4319765.893, 140
Trd, 4319766.593, 140
Trd, 4319767.993, 140
Trd, 4319768.543, 140
Trd, 4319769.093, 140
Trd, 4319769.143, 140
Trd, 4319769.943, 140
Trd, 4319769.993, 139
Trd, 4319770.043, 139
Trd, 4319771.593, 140
Trd, 4319773.993, 140
Trd, 4319774.643, 140
Trd, 4319774.893, 140
Trd, 4319775.493, 140
Trd, 4319776.143, 140
Trd, 4319777.093, 140
Trd, 4319777.543, 140
Trd, 4319778.793, 140
Trd, 4319779.093, 140
Trd, 4319779.893, 140
Trd, 4319780.343, 140
Trd, 4319781.793, 140
Trd, 4319782.143, 140
Trd, 4319782.493, 140
Trd, 4319784.293, 140
Trd, 4319784.643, 140
Trd, 4319785.193, 140
Trd, 4319788.443, 140
Trd, 4319788.743, 140
Trd, 4319788.893, 140
Trd, 4319789.193, 140
Trd, 4319791.543, 140
Trd, 4319791.743, 140
Trd, 4319791.843, 140
Trd, 4319792.143, 139
Trd, 4319793.343, 140
Trd, 4319793.693, 140
Trd, 4319794.393, 139
Trd, 4319794.593, 139
Trd, 4319795.993, 140
Trd, 4319797.093, 140
Trd, 4319798.393, 140
Trd, 4319799.143, 140
Trd, 4319800.343, 140
Trd, 4319801.193, 140
Trd, 4319801.643, 140
Trd, 4319802.243, 140
Trd, 4319802.293, 140
Trd, 4319802.493, 140
Trd, 4319802.643, 140
Trd, 4319803.193, 140
Trd, 4319803.393, 138
Trd, 4319805.243, 140
Trd, 4319805.293, 139
Trd, 4319807.143, 140
Trd, 4319808.293, 140
Trd, 4319808.743, 140
Trd, 4319809.243, 140
Trd, 4319810.343, 140
Trd, 4319810.893, 140
Trd, 4319811.243, 139
Trd, 4319812.443, 140
Trd, 4319813.343, 140
Trd, 4319813.993, 140
Trd, 4319815.993, 140
Trd, 4319816.193, 140
Trd, 4319816.993, 140
Trd, 4319817.893, 140
Trd, 4319818.043, 140
Trd, 4319818.093, 139
Trd, 4319818.243, 138
Trd, 4319819.593, 140
Trd, 4319820.843, 140
Trd, 4319821.093, 140
Trd, 4319821.243, 140
Trd, 4319822.293, 140
Trd, 4319822.893, 140
Trd, 4319823.993, 140
Trd, 4319826.293, 140
Trd, 4319827.143, 140
Trd, 4319827.643, 140
Trd, 4319828.843, 140
Trd, 4319828.993, 140
Trd, 4319830.243, 140
Trd, 4319830.793, 140
Trd, 4319831.293, 140
Trd, 4319832.643, 140
Trd, 4319832.793, 140
Trd, 4319833.193, 140
Trd, 4319833.893, 140
Trd, 4319834.493, 140
Trd, 4319835.543, 140
Trd, 4319835.643, 140
Trd, 4319835.943, 139
Trd, 4319838.793, 140
Trd, 4319838.843, 140
Trd, 4319840.993, 140
Trd, 4319841.843, 140
Trd, 4319841.893, 140
Trd, 4319842.243, 140
Trd, 4319842.643, 140
Trd, 4319843.793, 140
Trd, 4319844.593, 140
Trd, 4319844.993, 140
Trd, 4319845.043, 140
Trd, 4319845.693, 139
Trd, 4319846.493, 140
Trd, 4319847.693, 140
Trd, 4319848.093, 140
Trd, 4319848.193, 140
Trd, 4319848.343, 140
Trd, 4319848.393, 139
Trd, 4319849.343, 140
Trd, 4319850.193, 140
Trd, 4319850.793, 138
Trd, 4319853.593, 140
Trd, 4319853.643, 140
Trd, 4319853.893, 139
Trd, 4319853.993, 139
Trd, 4319854.143, 140
Trd, 4319854.943, 140
Trd, 4319856.193, 140
Trd, 4319856.543, 140
Trd, 4319857.293, 140
Trd, 4319858.493, 140
Trd, 4319859.343, 140
Trd, 4319859.393, 140
Trd, 4319860.393, 140
Trd, 4319860.493, 140
Trd, 4319862.443, 140
Trd, 4319862.593, 140
Trd, 4319864.193, 140
Trd, 4319864.643, 140
Trd, 4319865.993, 140
Trd, 4319866.593, 140
Trd, 4319866.793, 140
Trd, 4319867.293, 140
Trd, 4319869.593, 140
Trd, 4319869.993, 140
Trd, 4319871.593, 140
Trd, 4319871.743, 140
Trd, 4319872.193, 140
Trd, 4319872.443, 140
Trd, 4319873.393, 140
Trd, 4319873.893, 140
Trd, 4319874.643, 140
Trd, 4319875.793, 140
Trd, 4319876.293, 140
Trd, 4319878.143, 140
Trd, 4319878.293, 140
Trd, 4319878.693, 140
Trd, 4319878.843, 140
Trd, 4319879.443, 139
Trd, 4319880.843, 140
Trd, 4319881.343, 140
Trd, 4319882.493, 140
Trd, 4319883.193, 140
Trd, 4319884.443, 140
Trd, 4319884.943, 140
Trd, 4319885.343, 140
Trd, 4319886.143, 140
Trd, 4319886.293, 140
Trd, 4319886.443, 140
Trd, 4319889.493, 140
Trd, 4319889.793, 140
Trd, 4319890.343, 140
Trd, 4319890.693, 140
Trd, 4319890.743, 139
Trd, 4319891.443, 140
Trd, 4319892.243, 140
Trd, 4319892.443, 139
Trd, 4319892.843, 137
Trd, 4319894.843, 140
Trd, 4319894.893, 140
Trd, 4319894.993, 140
Trd, 4319896.293, 140
Trd, 4319896.693, 140
Trd, 4319899.143, 140
Trd, 4319899.593, 140
Trd, 4319899.843, 140
Trd, 4319900.493, 140
Trd, 4319901.093, 139
Trd, 4319902.843, 140
Trd, 4319902.893, 140
Trd, 4319903.343, 140
Trd, 4319903.493, 140
Trd, 4319903.693, 140
Trd, 4319904.243, 139
Trd, 4319904.843, 139
Trd, 4319905.943, 140
Trd, 4319906.193, 140
Trd, 4319907.043, 140
Trd, 4319908.893, 140
Trd, 4319909.743, 140
Trd, 4319910.593, 140
Trd, 4319910.793, 140
Trd, 4319912.343, 140
Trd, 4319913.643, 140
Trd, 4319913.693, 140
Trd, 4319915.293, 140
Trd, 4319915.893, 140
Trd, 4319916.243, 140
Trd, 4319916.443, 140
Trd, 4319916.593, 140
Trd, 4319917.493, 140
Trd, 4319920.143, 140
Trd, 4319920.243, 140
Trd, 4319921.343, 140
Trd, 4319921.593, 140
Trd, 4319922.693, 140
Trd, 4319924.193, 140
Trd, 4319924.743, 140
Trd, 4319925.193, 140
Trd, 4319925.343, 140
Trd, 4319925.693, 140
Trd, 4319925.793, 140
Trd, 4319926.693, 140
Trd, 4319927.443, 140
Trd, 4319927.893, 140
Trd, 4319928.943, 140
Trd, 4319929.843, 140
Trd, 4319931.243, 140
Trd, 4319931.493, 140
Trd, 4319932.493, 140
Trd, 4319932.593, 140
Trd, 4319933.943, 140
Trd, 4319934.743, 140
Trd, 4319936.693, 140
Trd, 4319937.493, 140
Trd, 4319937.693, 140
Trd, 4319937.743, 140
Trd, 4319938.193, 140
Trd, 4319938.293, 140
Trd, 4319940.543, 140
Trd, 4319942.593, 140
Trd, 4319943.143, 140
Trd, 4319943.193, 140
Trd, 4319943.843, 140
Trd, 4319944.343, 140
Trd, 4319945.243, 140
Trd, 4319945.343, 140
Trd, 4319946.043, 140
Trd, 4319947.243, 140
Trd, 4319949.193, 140
Trd, 4319949.593, 140
Trd, 4319951.193, 140
Trd, 4319951.243, 140
Trd, 4319951.293, 139
Trd, 4319951.343, 139
Trd, 4319952.243, 140
Trd, 4319952.693, 140
Trd, 4319952.943, 139
Trd, 4319953.293, 140
Trd, 4319954.043, 140
Trd, 4319955.143, 140
Trd, 4319956.843, 140
Trd, 4319957.243, 140
Trd, 4319957.843, 140
Trd, 4319958.093, 140
Trd, 4319959.943, 140
Trd, 4319961.093, 140
Trd, 4319962.143, 140
Trd, 4319962.593, 140
Trd, 4319963.143, 140
Trd, 4319964.843, 140
Trd, 4319965.043, 140
Trd, 4319965.143, 140
Trd, 4319966.043, 140
Trd, 4319966.143, 140
Trd, 4319966.493, 140
Trd, 4319967.693, 140
Trd, 4319968.743, 140
Trd, 4319968.793, 140
Trd, 4319968.893, 140
Trd, 4319970.993, 140
Trd, 4319971.943, 140
Trd, 4319972.193, 140
Trd, 4319973.593, 140
Trd, 4319974.593, 140
Trd, 4319974.793, 140
Trd, 4319974.843, 140
Trd, 4319975.443, 140
Trd, 4319977.443, 140
Trd, 4319977.743, 140
Trd, 4319978.893, 140
Trd, 4319979.243, 140
Trd, 4319979.743, 140
Trd, 4319980.293, 140
Trd, 4319981.993, 140
Trd, 4319982.743, 140
Trd, 4319983.493, 140
Trd, 4319984.193, 140
Trd, 4319984.993, 140
Trd, 4319985.493, 140
Trd, 4319987.043, 140
Trd, 4319987.743, 140
Trd, 4319988.243, 140
Trd, 4319988.393, 140
Trd, 4319988.493, 140
Trd, 4319988.743, 140
Trd, 4319989.643, 140
Trd, 4319989.743, 140
Trd, 4319990.343, 140
Trd, 4319990.843, 138
Trd, 4319991.293, 140
Trd, 4319993.093, 140
Trd, 4319993.143, 140
Trd, 4319993.443, 138
Trd, 4319993.793, 72
Trd, 4319994.493, 139
Trd, 4319995.693, 139
Trd, 4319995.993, 139
Trd, 4319996.293, 139
Trd, 4319996.793, 139
Trd, 4319998.493, 140
Trd, 4319998.993, 138
Trd, 4319999.443, 60
