Trd, 4318120.743, 100
Trd, 4318122.343, 127
Trd, 4318123.993, 109
Trd, 4318124.893, 128
Trd, 4318125.143, 108
Trd, 4318126.043, 102
Trd, 4318126.993, 101
Trd, 4318127.543, 105
Trd, 4318127.843, 95
Trd, 4318128.243, 96
Trd, 4318129.493, 112
Trd, 4318129.843, 117
Trd, 4318131.193, 64
Trd, 4318131.693, 60
Trd, 4318133.293, 64
Trd, 4318133.543, 67
Trd, 4318133.993, 96
Trd, 4318135.593, 97
Trd, 4318136.393, 91
Trd, 4318136.543, 80
Trd, 4318137.393, 73
Trd, 4318138.793, 81
Trd, 4318139.343, 77
Trd, 4318140.193, 130
Trd, 4318140.443, 128
Trd, 4318141.143, 111
Trd, 4318141.743, 96
Trd, 4318143.093, 133
Trd, 4318143.843, 128
Trd, 4318145.293, 129
Trd, 4318146.193, 129
Trd, 4318146.993, 94
Trd, 4318147.093, 91
Trd, 4318147.443, 73
Trd, 4318147.993, 138
Trd, 4318149.243, 111
Trd, 4318149.393, 104
Trd, 4318150.143, 112
Trd, 4318150.243, 111
Trd, 4318152.393, 119
Trd, 4318152.593, 115
Trd, 4318152.793, 114
Trd, 4318153.293, 113
Trd, 4318153.993, 114
Trd, 4318154.443, 123
Trd, 4318155.343, 104
Trd, 4318156.793, 61
Trd, 4318158.393, 70
Trd, 4318158.543, 120
Trd, 4318158.843, 96
Trd, 4318158.893, 70
Trd, 4318159.643, 74
Trd, 4318160.043, 96
Trd, 4318160.343, 102
Trd, 4318160.643, 113
Trd, 4318160.693, 74
Trd, 4318162.093, 82
Trd, 4318164.493, 60
Trd, 4318164.643, 63
Trd, 4318165.493, 99
Trd, 4318166.093, 63
Trd, 4318166.243, 132
Trd, 4318168.393, 82
Trd, 4318168.693, 107
Trd, 4318169.393, 86
Trd, 4318170.993, 92
Trd, 4318171.843, 116
Trd, 4318172.243, 94
Trd, 4318172.443, 94
Trd, 4318172.993, 76
Trd, 4318174.793, 120
Trd, 4318174.943, 119
Trd, 4318176.593, 99
Trd, 4318177.443, 100
Trd, 4318177.543, 98
Trd, 4318178.693, 90
Trd, 4318179.543, 112
Trd, 4318179.643, 79
Trd, 4318179.793, 75
Trd, 4318180.843, 82
Trd, 4318181.993, 106
Trd, 4318182.743, 106
Trd, 4318182.993, 91
Trd, 4318183.393, 101
Trd, 4318184.593, 113
Trd, 4318184.793, 112
Trd, 4318186.893, 96
Trd, 4318187.143, 95
Trd, 4318187.543, 107
Trd, 4318187.743, 97
Trd, 4318189.043, 113
Trd, 4318190.093, 134
Trd, 4318190.443, 110
Trd, 4318190.893, 137
Trd, 4318191.593, 71
Trd, 4318192.543, 102
Trd, 4318193.243, 89
Trd, 4318193.493, 107
Trd, 4318194.143, 117
Trd, 4318194.993, 98
Trd, 4318195.343, 89
Trd, 4318198.343, 76
Trd, 4318198.793, 72
Trd, 4318199.043, 77
Trd, 4318199.643, 123
Trd, 4318200.193, 78
Trd, 4318200.843, 93
Trd, 4318201.943, 81
Trd, 4318202.943, 86
Trd, 4318203.543, 86
Trd, 4318205.193, 85
Trd, 4318205.393, 72
Trd, 4318205.693, 90
Trd, 4318206.643, 99
Trd, 4318208.193, 140
Trd, 4318209.043, 133
Trd, 4318209.643, 106
Trd, 4318210.693, 92
Trd, 4318211.093, 89
Trd, 4318211.443, 98
Trd, 4318212.043, 85
Trd, 4318212.443, 110
Trd, 4318213.293, 115
Trd, 4318213.593, 116
Trd, 4318214.793, 90
Trd, 4318216.293, 108
Trd, 4318216.343, 107
Trd, 4318217.793, 108
Trd, 4318218.593, 106
Trd, 4318219.493, 128
Trd, 4318221.443, 115
Trd, 4318222.193, 139
Trd, 4318222.243, 139
Trd, 4318222.443, 139
Trd, 4318222.543, 138
Trd, 4318222.843, 110
Trd, 4318222.993, 110
Trd, 4318223.793, 94
Trd, 4318224.893, 72
Trd, 4318225.693, 72
Trd, 4318227.293, 95
Trd, 4318227.393, 94
Trd, 4318228.393, 127
Trd, 4318229.593, 136
Trd, 4318230.193, 136
Trd, 4318230.643, 135
Trd, 4318232.243, 132
Trd, 4318232.593, 130
Trd, 4318233.443, 125
Trd, 4318234.143, 113
Trd, 4318234.243, 112
Trd, 4318234.343, 114
Trd, 4318234.443, 97
Trd, 4318235.393, 92
Trd, 4318236.043, 70
Trd, 4318237.843, 105
Trd, 4318238.393, 66
Trd, 4318239.443, 82
Trd, 4318240.043, 98
Trd, 4318240.093, 97
Trd, 4318240.243, 96
Trd, 4318242.243, 60
Trd, 4318243.943, 110
Trd, 4318244.793, 77
Trd, 4318245.193, 66
Trd, 4318245.443, 67
Trd, 4318246.393, 68
Trd, 4318247.493, 82
Trd, 4318247.843, 72
Trd, 4318248.543, 86
Trd, 4318248.743, 67
Trd, 4318249.293, 83
Trd, 4318249.693, 79
Trd, 4318251.193, 118
Trd, 4318251.393, 114
Trd, 4318251.693, 102
Trd, 4318253.043, 118
Trd, 4318253.193, 113
Trd, 4318254.243, 108
Trd, 4318254.743, 126
Trd, 4318255.043, 127
Trd, 4318255.143, 126
Trd, 4318255.443, 125
Trd, 4318255.893, 133
Trd, 4318255.943, 107
Trd, 4318256.343, 95
Trd, 4318257.343, 60
Trd, 4318259.293, 75
Trd, 4318260.143, 99
Trd, 4318260.693, 103
Trd, 4318262.443, 101
Trd, 4318262.543, 100
Trd, 4318262.743, 98
Trd, 4318262.793, 135
Trd, 4318263.843, 125
Trd, 4318264.493, 106
Trd, 4318265.243, 77
Trd, 4318265.443, 73
Trd, 4318265.993, 94
Trd, 4318267.843, 83
Trd, 4318269.643, 140
Trd, 4318270.093, 124
Trd, 4318270.193, 118
Trd, 4318270.793, 108
Trd, 4318272.793, 122
Trd, 4318273.443, 109
Trd, 4318274.243, 109
Trd, 4318274.793, 118
Trd, 4318274.993, 89
Trd, 4318275.643, 95
Trd, 4318275.943, 100
Trd, 4318277.793, 123
Trd, 4318278.143, 117
Trd, 4318278.343, 101
Trd, 4318278.593, 98
Trd, 4318280.343, 130
Trd, 4318280.943, 113
Trd, 4318281.443, 108
Trd, 4318282.193, 61
Trd, 4318282.493, 84
Trd, 4318285.093, 71
Trd, 4318285.643, 67
Trd, 4318285.793, 71
Trd, 4318286.643, 71
Trd, 4318286.893, 105
Trd, 4318287.143, 108
Trd, 4318287.593, 103
Trd, 4318288.393, 61
Trd, 4318288.693, 114
Trd, 4318290.743, 88
Trd, 4318290.793, 86
Trd, 4318292.293, 132
Trd, 4318292.743, 88
Trd, 4318293.193, 86
Trd, 4318293.293, 84
Trd, 4318293.993, 99
Trd, 4318295.393, 96
Trd, 4318295.943, 93
Trd, 4318296.443, 110
Trd, 4318298.343, 125
Trd, 4318298.843, 112
Trd, 4318299.943, 105
Trd, 4318301.393, 95
Trd, 4318302.193, 89
Trd, 4318302.493, 91
Trd, 4318304.493, 116
Trd, 4318304.743, 114
Trd, 4318304.843, 113
Trd, 4318305.093, 108
Trd, 4318305.543, 117
Trd, 4318306.893, 64
Trd, 4318307.293, 68
Trd, 4318307.343, 65
Trd, 4318309.843, 83
Trd, 4318310.593, 65
Trd, 4318311.293, 72
Trd, 4318311.393, 65
Trd, 4318312.493, 119
Trd, 4318313.743, 114
Trd, 4318313.843, 118
Trd, 4318314.093, 113
Trd, 4318314.293, 112
Trd, 4318315.393, 96
Trd, 4318315.793, 93
Trd, 4318316.293, 93
Trd, 4318317.043, 79
Trd, 4318317.343, 71
Trd, 4318317.743, 140
Trd, 4318317.793, 118
Trd, 4318319.993, 60
Trd, 4318321.393, 61
Trd, 4318321.893, 64
Trd, 4318322.893, 63
Trd, 4318323.143, 76
Trd, 4318323.543, 84
Trd, 4318325.093, 116
Trd, 4318325.993, 109
Trd, 4318326.243, 98
Trd, 4318326.293, 89
Trd, 4318327.193, 70
Trd, 4318327.243, 89
Trd, 4318327.693, 69
Trd, 4318329.493, 76
Trd, 4318330.043, 68
Trd, 4318330.493, 72
Trd, 4318331.843, 135
Trd, 4318331.893, 134
Trd, 4318333.543, 120
Trd, 4318333.993, 123
Trd, 4318334.543, 122
Trd, 4318335.393, 99
Trd, 4318336.093, 92
Trd, 4318336.243, 91
Trd, 4318336.693, 76
Trd, 4318337.543, 90
Trd, 4318338.443, 103
Trd, 4318338.793, 94
Trd, 4318338.893, 108
Trd, 4318339.893, 80
Trd, 4318340.643, 108
Trd, 4318341.693, 88
Trd, 4318342.143, 123
Trd, 4318343.143, 88
Trd, 4318343.693, 112
Trd, 4318344.693, 112
Trd, 4318344.843, 93
Trd, 4318345.243, 87
Trd, 4318345.643, 105
Trd, 4318346.643, 132
Trd, 4318346.993, 104
Trd, 4318349.443, 91
Trd, 4318350.243, 106
Trd, 4318350.693, 96
Trd, 4318351.593, 134
Trd, 4318352.643, 128
Trd, 4318352.793, 71
Trd, 4318353.893, 68
Trd, 4318355.543, 63
Trd, 4318356.393, 70
Trd, 4318356.943, 68
Trd, 4318357.543, 70
Trd, 4318357.943, 117
Trd, 4318358.643, 115
Trd, 4318359.143, 75
Trd, 4318360.143, 103
Trd, 4318360.393, 129
Trd, 4318360.493, 95
Trd, 4318360.893, 67
Trd, 4318361.193, 72
Trd, 4318362.643, 81
Trd, 4318364.243, 60
Trd, 4318365.743, 65
Trd, 4318366.543, 73
Trd, 4318366.943, 61
Trd, 4318367.693, 100
Trd, 4318367.743, 105
Trd, 4318368.843, 108
Trd, 4318370.093, 110
Trd, 4318370.693, 83
Trd, 4318371.543, 69
Trd, 4318372.343, 73
Trd, 4318373.243, 63
Trd, 4318373.843, 70
Trd, 4318375.143, 72
Trd, 4318376.193, 90
Trd, 4318376.943, 136
Trd, 4318377.593, 103
Trd, 4318378.393, 138
Trd, 4318378.543, 136
Trd, 4318378.593, 135
Trd, 4318378.793, 123
Trd, 4318378.993, 104
Trd, 4318380.143, 109
Trd, 4318380.193, 83
Trd, 4318382.343, 105
Trd, 4318383.393, 65
Trd, 4318383.843, 76
Trd, 4318385.293, 60
Trd, 4318386.693, 64
Trd, 4318387.293, 64
Trd, 4318389.593, 83
Trd, 4318389.743, 102
Trd, 4318390.643, 88
Trd, 4318391.043, 126
Trd, 4318392.543, 66
Trd, 4318393.543, 123
Trd, 4318393.693, 135
Trd, 4318394.743, 116
Trd, 4318394.793, 102
Trd, 4318396.543, 100
Trd, 4318396.643, 99
Trd, 4318396.693, 96
Trd, 4318397.093, 73
Trd, 4318398.593, 130
Trd, 4318398.893, 116
Trd, 4318399.293, 103
Trd, 4318399.943, 99
Trd, 4318400.993, 67
Trd, 4318401.343, 66
Trd, 4318401.993, 67
Trd, 4318402.693, 62
Trd, 4318402.843, 66
Trd, 4318403.593, 70
Trd, 4318404.743, 61
Trd, 4318404.943, 66
Trd, 4318406.993, 63
Trd, 4318407.843, 76
Trd, 4318408.193, 66
Trd, 4318408.243, 63
Trd, 4318408.893, 86
Trd, 4318409.593, 114
Trd, 4318409.743, 97
Trd, 4318411.643, 60
Trd, 4318412.093, 62
Trd, 4318412.243, 85
Trd, 4318413.993, 118
Trd, 4318414.493, 105
Trd, 4318415.193, 106
Trd, 4318415.493, 105
Trd, 4318416.693, 106
Trd, 4318416.743, 104
Trd, 4318416.793, 103
Trd, 4318418.093, 99
Trd, 4318420.443, 79
Trd, 4318421.643, 73
Trd, 4318423.393, 75
Trd, 4318423.543, 86
Trd, 4318424.093, 129
Trd, 4318424.443, 128
Trd, 4318424.743, 102
Trd, 4318425.793, 119
Trd, 4318426.943, 85
Trd, 4318427.043, 116
Trd, 4318427.243, 91
Trd, 4318428.793, 127
Trd, 4318429.193, 126
Trd, 4318429.393, 107
Trd, 4318429.443, 103
Trd, 4318431.193, 67
Trd, 4318432.943, 106
Trd, 4318433.043, 104
Trd, 4318434.243, 95
Trd, 4318434.843, 92
Trd, 4318434.943, 90
Trd, 4318435.143, 82
Trd, 4318435.343, 90
Trd, 4318436.693, 89
Trd, 4318438.193, 102
Trd, 4318439.293, 102
Trd, 4318439.893, 92
Trd, 4318440.493, 91
Trd, 4318442.543, 105
Trd, 4318443.343, 113
Trd, 4318443.743, 112
Trd, 4318443.993, 99
Trd, 4318444.243, 99
Trd, 4318445.243, 130
Trd, 4318445.493, 83
Trd, 4318447.743, 124
Trd, 4318447.893, 124
Trd, 4318448.743, 123
Trd, 4318449.393, 104
Trd, 4318449.843, 85
Trd, 4318450.243, 123
Trd, 4318450.643, 90
Trd, 4318451.343, 101
Trd, 4318451.693, 88
Trd, 4318452.193, 133
Trd, 4318452.993, 109
Trd, 4318455.393, 96
Trd, 4318455.693, 106
Trd, 4318455.893, 88
Trd, 4318456.593, 116
Trd, 4318457.693, 110
Trd, 4318458.143, 109
Trd, 4318459.143, 87
Trd, 4318459.743, 89
Trd, 4318460.643, 96
Trd, 4318460.943, 108
Trd, 4318462.043, 99
Trd, 4318463.193, 95
Trd, 4318463.243, 94
Trd, 4318464.543, 114
Trd, 4318465.043, 120
Trd, 4318465.893, 107
Trd, 4318466.293, 107
Trd, 4318466.893, 89
Trd, 4318468.743, 120
Trd, 4318468.843, 100
Trd, 4318468.943, 95
Trd, 4318469.793, 136
Trd, 4318471.043, 78
Trd, 4318471.143, 66
Trd, 4318471.643, 66
Trd, 4318472.843, 88
Trd, 4318472.943, 82
Trd, 4318473.443, 66
Trd, 4318473.593, 63
Trd, 4318474.893, 89
Trd, 4318475.893, 73
Trd, 4318476.643, 66
Trd, 4318477.243, 105
Trd, 4318478.343, 101
Trd, 4318480.293, 98
Trd, 4318480.743, 133
Trd, 4318481.143, 107
Trd, 4318481.643, 107
Trd, 4318482.443, 96
Trd, 4318482.943, 104
Trd, 4318483.043, 86
Trd, 4318483.993, 85
Trd, 4318485.393, 111
Trd, 4318485.943, 109
Trd, 4318486.093, 94
Trd, 4318487.843, 111
Trd, 4318488.393, 91
Trd, 4318488.743, 84
Trd, 4318488.893, 112
Trd, 4318490.393, 102
Trd, 4318490.743, 133
Trd, 4318491.193, 84
Trd, 4318491.543, 80
Trd, 4318491.943, 129
Trd, 4318494.243, 97
Trd, 4318494.943, 109
Trd, 4318495.593, 108
Trd, 4318495.893, 86
Trd, 4318497.043, 88
Trd, 4318497.443, 107
Trd, 4318497.693, 130
Trd, 4318498.393, 119
Trd, 4318498.493, 111
Trd, 4318500.743, 70
Trd, 4318501.043, 60
Trd, 4318501.193, 83
Trd, 4318501.743, 61
Trd, 4318502.093, 63
Trd, 4318502.293, 127
Trd, 4318503.143, 63
Trd, 4318503.793, 88
Trd, 4318504.193, 121
Trd, 4318504.493, 62
Trd, 4318506.743, 117
Trd, 4318507.993, 134
Trd, 4318508.043, 132
Trd, 4318508.443, 121
Trd, 4318508.793, 103
Trd, 4318509.093, 104
Trd, 4318510.643, 73
Trd, 4318510.943, 73
Trd, 4318511.343, 102
Trd, 4318511.693, 72
Trd, 4318512.193, 61
Trd, 4318513.343, 63
Trd, 4318513.443, 94
Trd, 4318515.343, 103
Trd, 4318515.393, 101
Trd, 4318515.643, 92
Trd, 4318516.543, 138
Trd, 4318517.243, 101
Trd, 4318517.943, 124
Trd, 4318519.043, 90
Trd, 4318519.893, 86
Trd, 4318520.093, 85
Trd, 4318520.193, 91
Trd, 4318521.793, 112
Trd, 4318522.193, 80
Trd, 4318522.343, 110
Trd, 4318522.843, 105
Trd, 4318523.643, 97
Trd, 4318524.043, 101
Trd, 4318524.143, 94
Trd, 4318526.043, 70
Trd, 4318526.393, 72
Trd, 4318526.843, 105
Trd, 4318527.193, 94
Trd, 4318528.643, 96
Trd, 4318529.993, 116
Trd, 4318530.293, 127
Trd, 4318530.993, 115
Trd, 4318531.393, 107
Trd, 4318531.493, 94
Trd, 4318532.043, 123
Trd, 4318532.393, 132
Trd, 4318532.843, 61
Trd, 4318533.243, 73
Trd, 4318534.193, 106
Trd, 4318534.893, 70
Trd, 4318535.593, 125
Trd, 4318536.143, 66
Trd, 4318536.843, 98
Trd, 4318537.493, 120
Trd, 4318537.993, 120
Trd, 4318538.343, 119
Trd, 4318539.093, 117
Trd, 4318539.493, 114
Trd, 4318539.893, 103
Trd, 4318539.943, 99
Trd, 4318542.093, 103
Trd, 4318542.643, 102
Trd, 4318543.443, 140
Trd, 4318543.743, 135
Trd, 4318544.193, 116
Trd, 4318544.693, 109
Trd, 4318544.893, 86
Trd, 4318546.543, 86
Trd, 4318547.743, 112
Trd, 4318548.443, 112
Trd, 4318548.643, 95
Trd, 4318548.893, 120
Trd, 4318549.093, 86
Trd, 4318549.593, 76
Trd, 4318550.993, 101
Trd, 4318553.793, 129
Trd, 4318553.843, 128
Trd, 4318554.643, 127
Trd, 4318554.793, 126
Trd, 4318555.793, 120
Trd, 4318555.943, 109
Trd, 4318556.143, 139
Trd, 4318556.993, 99
Trd, 4318557.293, 83
Trd, 4318558.343, 66
Trd, 4318559.393, 74
Trd, 4318560.193, 82
Trd, 4318560.243, 69
Trd, 4318561.793, 114
Trd, 4318562.143, 135
Trd, 4318562.343, 105
Trd, 4318562.393, 104
Trd, 4318564.543, 74
Trd, 4318565.043, 74
Trd, 4318565.593, 83
Trd, 4318566.693, 135
Trd, 4318568.543, 107
Trd, 4318569.893, 110
Trd, 4318570.043, 118
Trd, 4318571.343, 119
Trd, 4318571.443, 112
Trd, 4318571.943, 103
Trd, 4318572.093, 100
Trd, 4318573.043, 100
Trd, 4318573.243, 83
Trd, 4318573.643, 134
Trd, 4318574.343, 140
Trd, 4318574.993, 112
Trd, 4318575.093, 84
Trd, 4318575.943, 66
Trd, 4318576.793, 69
Trd, 4318578.193, 62
Trd, 4318578.543, 72
Trd, 4318580.043, 66
Trd, 4318580.843, 85
Trd, 4318581.093, 66
Trd, 4318582.443, 114
Trd, 4318582.993, 105
Trd, 4318583.293, 100
Trd, 4318583.743, 92
Trd, 4318586.143, 101
Trd, 4318586.893, 139
Trd, 4318587.443, 138
Trd, 4318587.693, 126
Trd, 4318587.943, 114
Trd, 4318588.343, 106
Trd, 4318588.843, 81
Trd, 4318589.393, 83
Trd, 4318590.893, 61
Trd, 4318592.543, 67
Trd, 4318592.893, 69
Trd, 4318593.543, 137
Trd, 4318593.693, 108
Trd, 4318594.043, 78
Trd, 4318594.643, 75
Trd, 4318594.793, 65
Trd, 4318597.443, 61
Trd, 4318597.493, 90
Trd, 4318597.893, 60
Trd, 4318599.293, 66
Trd, 4318600.393, 109
Trd, 4318600.743, 128
Trd, 4318600.843, 123
Trd, 4318601.693, 94
Trd, 4318602.093, 108
Trd, 4318602.793, 121
Trd, 4318602.843, 91
Trd, 4318604.243, 118
Trd, 4318604.993, 121
Trd, 4318605.143, 119
Trd, 4318605.243, 117
Trd, 4318606.143, 133
Trd, 4318607.693, 87
Trd, 4318608.143, 81
Trd, 4318609.443, 136
Trd, 4318609.943, 128
Trd, 4318610.543, 102
Trd, 4318611.893, 110
Trd, 4318612.093, 103
Trd, 4318613.793, 100
Trd, 4318613.943, 99
Trd, 4318614.143, 95
Trd, 4318614.993, 104
Trd, 4318616.643, 74
Trd, 4318616.843, 71
Trd, 4318617.143, 115
Trd, 4318617.893, 114
Trd, 4318619.293, 105
Trd, 4318619.593, 102
Trd, 4318620.293, 100
Trd, 4318620.943, 119
Trd, 4318621.143, 97
Trd, 4318621.893, 82
Trd, 4318622.843, 77
Trd, 4318623.793, 89
Trd, 4318624.493, 135
Trd, 4318625.743, 116
Trd, 4318625.943, 87
Trd, 4318626.393, 78
Trd, 4318626.593, 108
Trd, 4318627.293, 98
Trd, 4318627.393, 97
Trd, 4318627.643, 108
Trd, 4318627.693, 95
Trd, 4318628.893, 100
Trd, 4318630.393, 106
Trd, 4318630.693, 88
Trd, 4318631.593, 108
Trd, 4318631.793, 132
Trd, 4318631.893, 107
Trd, 4318632.693, 60
Trd, 4318633.193, 75
Trd, 4318634.493, 63
Trd, 4318635.143, 105
Trd, 4318635.343, 80
Trd, 4318636.243, 83
Trd, 4318637.093, 81
Trd, 4318638.293, 110
Trd, 4318638.493, 106
Trd, 4318638.543, 105
Trd, 4318638.693, 84
Trd, 4318640.943, 126
Trd, 4318641.843, 102
Trd, 4318641.943, 96
Trd, 4318642.243, 82
Trd, 4318642.593, 73
Trd, 4318643.893, 113
Trd, 4318643.943, 75
Trd, 4318644.143, 72
Trd, 4318645.993, 105
Trd, 4318646.443, 103
Trd, 4318647.043, 103
Trd, 4318647.693, 102
Trd, 4318648.493, 81
Trd, 4318649.393, 74
Trd, 4318651.143, 128
Trd, 4318651.343, 127
Trd, 4318651.493, 124
Trd, 4318652.043, 120
Trd, 4318653.793, 121
Trd, 4318654.193, 126
Trd, 4318654.693, 85
Trd, 4318654.893, 82
Trd, 4318655.993, 133
Trd, 4318656.043, 92
Trd, 4318656.893, 91
Trd, 4318657.293, 90
Trd, 4318659.643, 120
Trd, 4318661.143, 82
Trd, 4318661.643, 74
Trd, 4318662.443, 93
Trd, 4318662.893, 75
Trd, 4318663.243, 77
Trd, 4318663.393, 74
Trd, 4318664.943, 60
Trd, 4318665.093, 64
Trd, 4318666.293, 68
Trd, 4318667.393, 87
Trd, 4318667.643, 75
Trd, 4318667.743, 75
Trd, 4318669.793, 113
Trd, 4318670.193, 107
Trd, 4318672.293, 103
Trd, 4318672.343, 102
Trd, 4318672.993, 101
Trd, 4318673.243, 88
Trd, 4318673.593, 71
Trd, 4318674.193, 63
Trd, 4318674.743, 75
Trd, 4318675.743, 121
Trd, 4318676.143, 120
Trd, 4318677.593, 109
Trd, 4318677.693, 108
Trd, 4318678.093, 133
Trd, 4318679.093, 119
Trd, 4318679.343, 103
Trd, 4318681.243, 91
Trd, 4318681.443, 82
Trd, 4318682.193, 119
Trd, 4318682.543, 118
Trd, 4318684.043, 99
Trd, 4318684.893, 78
Trd, 4318685.843, 128
Trd, 4318687.243, 117
Trd, 4318687.493, 109
Trd, 4318688.043, 134
Trd, 4318688.193, 109
Trd, 4318688.393, 105
Trd, 4318689.543, 70
Trd, 4318689.843, 68
Trd, 4318690.843, 69
Trd, 4318690.893, 106
Trd, 4318691.943, 128
Trd, 4318692.093, 111
Trd, 4318692.243, 101
Trd, 4318692.593, 68
Trd, 4318693.543, 123
Trd, 4318694.893, 101
Trd, 4318695.743, 110
Trd, 4318695.793, 100
Trd, 4318695.943, 92
Trd, 4318698.393, 117
Trd, 4318698.843, 131
Trd, 4318699.043, 112
Trd, 4318699.443, 101
Trd, 4318699.893, 137
Trd, 4318701.943, 93
Trd, 4318702.393, 112
Trd, 4318703.093, 101
Trd, 4318703.793, 92
Trd, 4318704.993, 110
Trd, 4318705.393, 66
Trd, 4318707.693, 61
Trd, 4318709.143, 117
Trd, 4318709.743, 108
Trd, 4318710.093, 111
Trd, 4318710.493, 102
Trd, 4318711.293, 124
Trd, 4318712.193, 110
Trd, 4318713.293, 99
Trd, 4318713.993, 81
Trd, 4318714.893, 87
Trd, 4318715.343, 93
Trd, 4318715.593, 96
Trd, 4318715.693, 80
Trd, 4318716.793, 115
Trd, 4318716.843, 114
Trd, 4318718.393, 61
Trd, 4318718.743, 60
Trd, 4318720.443, 129
Trd, 4318720.543, 129
Trd, 4318721.743, 114
Trd, 4318722.043, 109
Trd, 4318724.443, 117
Trd, 4318724.543, 126
Trd, 4318725.043, 118
Trd, 4318727.143, 119
Trd, 4318727.193, 118
Trd, 4318727.343, 117
Trd, 4318727.543, 114
Trd, 4318728.293, 113
Trd, 4318729.593, 133
Trd, 4318729.993, 117
Trd, 4318730.793, 117
Trd, 4318732.293, 90
Trd, 4318733.793, 84
Trd, 4318734.043, 115
Trd, 4318734.193, 85
Trd, 4318734.543, 98
Trd, 4318736.493, 100
Trd, 4318736.693, 83
Trd, 4318738.093, 62
Trd, 4318738.693, 78
Trd, 4318739.893, 128
Trd, 4318740.043, 101
Trd, 4318740.343, 100
Trd, 4318740.493, 98
Trd, 4318741.393, 103
Trd, 4318741.493, 101
Trd, 4318743.143, 85
Trd, 4318744.543, 92
Trd, 4318745.143, 78
Trd, 4318745.493, 71
Trd, 4318746.093, 118
Trd, 4318747.343, 72
Trd, 4318748.043, 68
Trd, 4318748.693, 69
Trd, 4318749.093, 84
Trd, 4318749.693, 68
Trd, 4318751.043, 96
Trd, 4318752.243, 129
Trd, 4318752.393, 105
Trd, 4318752.843, 74
Trd, 4318754.593, 69
Trd, 4318755.443, 63
Trd, 4318757.343, 67
Trd, 4318757.543, 71
Trd, 4318758.543, 90
Trd, 4318758.893, 67
Trd, 4318759.293, 75
Trd, 4318759.943, 77
Trd, 4318760.443, 71
Trd, 4318761.243, 68
Trd, 4318761.593, 61
Trd, 4318763.143, 66
Trd, 4318763.743, 103
Trd, 4318764.993, 105
Trd, 4318765.593, 80
Trd, 4318766.343, 121
Trd, 4318767.643, 103
Trd, 4318768.193, 119
Trd, 4318769.893, 112
Trd, 4318770.243, 120
Trd, 4318770.693, 123
Trd, 4318771.993, 126
Trd, 4318773.243, 127
Trd, 4318773.343, 120
Trd, 4318773.643, 108
Trd, 4318774.643, 107
Trd, 4318774.943, 104
Trd, 4318775.643, 137
Trd, 4318775.993, 125
Trd, 4318777.693, 70
Trd, 4318778.193, 70
Trd, 4318778.593, 133
Trd, 4318778.743, 72
Trd, 4318779.493, 60
Trd, 4318780.193, 121
Trd, 4318781.493, 117
Trd, 4318782.893, 78
Trd, 4318783.393, 65
Trd, 4318783.443, 66
Trd, 4318785.643, 94
Trd, 4318786.693, 89
Trd, 4318789.093, 99
Trd, 4318789.143, 88
Trd, 4318789.393, 91
Trd, 4318790.543, 112
Trd, 4318791.293, 126
Trd, 4318792.043, 118
Trd, 4318792.743, 103
Trd, 4318794.293, 122
Trd, 4318794.593, 101
Trd, 4318794.743, 90
Trd, 4318795.143, 74
Trd, 4318796.143, 96
Trd, 4318798.843, 97
Trd, 4318799.393, 98
Trd, 4318799.693, 91
Trd, 4318800.043, 132
Trd, 4318801.693, 116
Trd, 4318801.743, 110
Trd, 4318802.043, 107
Trd, 4318802.093, 101
Trd, 4318802.943, 117
Trd, 4318803.093, 116
Trd, 4318804.393, 96
Trd, 4318804.443, 92
Trd, 4318805.343, 60
Trd, 4318805.943, 99
Trd, 4318806.643, 60
Trd, 4318808.343, 62
Trd, 4318809.243, 82
Trd, 4318810.393, 61
Trd, 4318811.243, 137
Trd, 4318811.943, 99
Trd, 4318812.793, 63
Trd, 4318813.143, 62
Trd, 4318813.493, 86
Trd, 4318813.743, 86
Trd, 4318813.793, 85
Trd, 4318815.743, 78
Trd, 4318815.793, 69
Trd, 4318816.993, 116
Trd, 4318818.643, 131
Trd, 4318818.843, 97
Trd, 4318819.343, 103
Trd, 4318820.543, 99
Trd, 4318820.793, 88
Trd, 4318821.043, 86
Trd, 4318822.043, 88
Trd, 4318823.143, 123
Trd, 4318824.243, 128
Trd, 4318824.643, 127
Trd, 4318825.293, 74
Trd, 4318826.043, 124
Trd, 4318826.693, 99
Trd, 4318826.993, 76
Trd, 4318829.293, 92
Trd, 4318829.643, 92
Trd, 4318829.743, 91
Trd, 4318829.993, 75
Trd, 4318831.143, 140
Trd, 4318831.193, 139
Trd, 4318831.993, 116
Trd, 4318832.893, 127
Trd, 4318833.593, 136
Trd, 4318833.743, 135
Trd, 4318835.043, 125
Trd, 4318836.393, 126
Trd, 4318836.493, 122
Trd, 4318836.843, 120
Trd, 4318836.893, 110
Trd, 4318837.893, 106
Trd, 4318839.543, 107
Trd, 4318840.193, 90
Trd, 4318841.193, 80
Trd, 4318842.443, 135
Trd, 4318843.393, 119
Trd, 4318843.493, 115
Trd, 4318843.543, 106
Trd, 4318844.593, 139
Trd, 4318846.093, 133
Trd, 4318846.343, 132
Trd, 4318846.693, 125
Trd, 4318847.943, 84
Trd, 4318848.593, 72
Trd, 4318849.893, 137
Trd, 4318850.293, 115
Trd, 4318850.743, 109
Trd, 4318851.793, 120
Trd, 4318852.143, 116
Trd, 4318852.393, 87
Trd, 4318852.943, 77
Trd, 4318853.343, 87
Trd, 4318854.743, 103
Trd, 4318855.943, 116
Trd, 4318856.093, 93
Trd, 4318858.193, 118
Trd, 4318858.443, 109
Trd, 4318858.493, 108
Trd, 4318860.093, 123
Trd, 4318860.693, 94
Trd, 4318862.693, 85
Trd, 4318863.293, 72
Trd, 4318863.943, 98
Trd, 4318864.193, 91
Trd, 4318864.393, 91
Trd, 4318867.593, 61
Trd, 4318868.343, 61
Trd, 4318868.443, 83
Trd, 4318868.543, 99
Trd, 4318869.543, 98
Trd, 4318870.343, 61
Trd, 4318872.743, 114
Trd, 4318872.793, 112
Trd, 4318873.143, 140
Trd, 4318873.743, 119
Trd, 4318874.043, 111
Trd, 4318874.593, 107
Trd, 4318875.793, 128
Trd, 4318875.993, 109
Trd, 4318876.893, 103
Trd, 4318876.943, 85
Trd, 4318877.243, 63
Trd, 4318878.093, 76
Trd, 4318878.893, 96
Trd, 4318879.143, 95
Trd, 4318879.243, 101
Trd, 4318879.693, 81
Trd, 4318880.793, 81
Trd, 4318882.493, 61
Trd, 4318882.893, 62
Trd, 4318883.043, 100
Trd, 4318883.443, 120
Trd, 4318883.893, 80
Trd, 4318884.443, 135
Trd, 4318884.643, 72
Trd, 4318885.643, 64
Trd, 4318886.693, 103
Trd, 4318888.193, 106
Trd, 4318888.493, 105
Trd, 4318888.943, 101
Trd, 4318889.493, 113
Trd, 4318892.043, 140
Trd, 4318892.693, 140
Trd, 4318893.443, 115
Trd, 4318894.093, 99
Trd, 4318894.143, 96
Trd, 4318894.293, 94
Trd, 4318894.543, 89
Trd, 4318895.643, 115
Trd, 4318895.843, 104
Trd, 4318895.893, 98
Trd, 4318896.593, 91
Trd, 4318897.993, 111
Trd, 4318898.743, 110
Trd, 4318899.193, 79
Trd, 4318901.093, 81
Trd, 4318901.543, 118
Trd, 4318901.693, 80
Trd, 4318901.893, 128
Trd, 4318902.243, 73
Trd, 4318903.293, 118
Trd, 4318904.143, 101
Trd, 4318904.193, 88
Trd, 4318905.043, 78
Trd, 4318905.793, 62
Trd, 4318906.093, 83
Trd, 4318907.543, 87
Trd, 4318908.493, 116
Trd, 4318908.543, 70
Trd, 4318909.143, 121
Trd, 4318910.793, 90
Trd, 4318910.993, 75
Trd, 4318911.543, 77
Trd, 4318912.493, 72
Trd, 4318913.043, 113
Trd, 4318913.643, 81
Trd, 4318914.793, 76
Trd, 4318915.093, 84
Trd, 4318916.293, 81
Trd, 4318916.693, 80
Trd, 4318916.993, 84
Trd, 4318917.443, 97
Trd, 4318919.693, 82
Trd, 4318919.993, 85
Trd, 4318920.643, 112
Trd, 4318920.693, 111
Trd, 4318921.443, 118
Trd, 4318922.193, 91
Trd, 4318922.943, 88
Trd, 4318923.543, 80
Trd, 4318924.643, 122
Trd, 4318925.293, 87
Trd, 4318926.343, 90
Trd, 4318926.443, 87
Trd, 4318927.393, 88
Trd, 4318928.643, 133
Trd, 4318928.693, 130
Trd, 4318929.393, 92
Trd, 4318930.143, 92
Trd, 4318930.293, 98
Trd, 4318931.143, 95
Trd, 4318931.393, 76
Trd, 4318933.193, 130
Trd, 4318933.393, 127
Trd, 4318933.943, 107
Trd, 4318934.793, 127
Trd, 4318935.593, 112
Trd, 4318935.643, 107
Trd, 4318937.143, 113
Trd, 4318937.243, 110
Trd, 4318937.643, 107
Trd, 4318938.043, 76
Trd, 4318938.093, 73
Trd, 4318940.543, 67
Trd, 4318941.343, 122
Trd, 4318942.243, 130
Trd, 4318942.843, 109
Trd, 4318944.643, 97
Trd, 4318944.743, 95
Trd, 4318945.593, 73
Trd, 4318945.943, 123
Trd, 4318946.643, 116
Trd, 4318946.993, 116
Trd, 4318947.793, 116
Trd, 4318948.693, 106
Trd, 4318948.943, 97
Trd, 4318949.193, 94
Trd, 4318949.943, 98
Trd, 4318949.993, 120
Trd, 4318951.343, 75
Trd, 4318952.143, 88
Trd, 4318953.843, 75
Trd, 4318954.643, 111
Trd, 4318954.893, 75
Trd, 4318955.493, 109
Trd, 4318955.593, 74
Trd, 4318956.893, 106
Trd, 4318957.743, 97
Trd, 4318957.843, 99
Trd, 4318958.543, 130
Trd, 4318959.393, 94
Trd, 4318959.793, 127
Trd, 4318960.243, 103
Trd, 4318960.293, 93
Trd, 4318962.243, 71
Trd, 4318962.493, 74
Trd, 4318963.293, 63
Trd, 4318963.643, 101
Trd, 4318964.393, 77
Trd, 4318966.943, 60
Trd, 4318967.693, 63
Trd, 4318968.593, 71
Trd, 4318969.143, 94
Trd, 4318970.493, 97
Trd, 4318970.743, 96
Trd, 4318971.443, 99
Trd, 4318973.543, 118
Trd, 4318974.243, 119
Trd, 4318974.793, 114
Trd, 4318974.943, 91
Trd, 4318975.393, 132
Trd, 4318975.593, 127
Trd, 4318975.743, 104
Trd, 4318976.843, 92
Trd, 4318977.543, 83
Trd, 4318978.193, 69
Trd, 4318978.793, 76
Trd, 4318980.093, 69
Trd, 4318981.443, 96
Trd, 4318982.693, 74
Trd, 4318983.343, 73
Trd, 4318983.993, 119
Trd, 4318984.393, 98
Trd, 4318984.543, 109
Trd, 4318985.143, 101
Trd, 4318985.843, 101
Trd, 4318986.293, 98
Trd, 4318987.143, 79
Trd, 4318988.793, 140
Trd, 4318989.493, 106
Trd, 4318989.693, 91
Trd, 4318990.093, 109
Trd, 4318991.043, 63
Trd, 4318991.593, 132
Trd, 4318992.443, 78
Trd, 4318993.093, 87
Trd, 4318993.743, 87
Trd, 4318994.493, 114
Trd, 4318995.193, 60
Trd, 4318996.443, 132
Trd, 4318996.793, 116
Trd, 4318997.443, 115
Trd, 4318999.343, 101
Trd, 4319000.343, 103
Trd, 4319001.143, 134
Trd, 4319001.343, 112
Trd, 4319002.093, 105
Trd, 4319003.693, 109
Trd, 4319004.343, 99
Trd, 4319004.793, 83
Trd, 4319005.393, 66
Trd, 4319006.393, 138
Trd, 4319006.543, 114
Trd, 4319007.343, 99
Trd, 4319007.843, 76
Trd, 4319008.193, 100
Trd, 4319008.243, 83
Trd, 4319010.043, 60
Trd, 4319011.743, 60
Trd, 4319012.443, 61
Trd, 4319013.543, 111
Trd, 4319013.643, 110
Trd, 4319014.293, 109
Trd, 4319014.393, 98
Trd, 4319014.543, 91
Trd, 4319015.593, 121
Trd, 4319016.643, 60
Trd, 4319017.593, 61
Trd, 4319017.743, 69
Trd, 4319018.243, 66
Trd, 4319020.293, 84
Trd, 4319021.343, 64
Trd, 4319021.793, 77
Trd, 4319021.893, 76
Trd, 4319022.243, 65
Trd, 4319023.993, 76
Trd, 4319024.193, 72
Trd, 4319024.443, 71
Trd, 4319025.443, 112
Trd, 4319026.843, 80
Trd, 4319027.143, 87
Trd, 4319027.493, 113
Trd, 4319028.893, 83
Trd, 4319028.993, 81
Trd, 4319029.293, 97
Trd, 4319029.443, 103
Trd, 4319030.743, 62
Trd, 4319033.443, 104
Trd, 4319033.643, 95
Trd, 4319033.743, 94
Trd, 4319034.293, 99
Trd, 4319035.843, 106
Trd, 4319036.343, 117
Trd, 4319036.393, 90
Trd, 4319037.543, 81
Trd, 4319038.543, 75
Trd, 4319039.443, 77
Trd, 4319040.493, 63
Trd, 4319040.993, 64
Trd, 4319042.293, 78
Trd, 4319043.593, 87
Trd, 4319044.793, 98
Trd, 4319044.843, 114
Trd, 4319045.793, 91
Trd, 4319048.143, 101
Trd, 4319048.443, 105
Trd, 4319048.643, 96
Trd, 4319049.243, 87
Trd, 4319049.293, 85
Trd, 4319049.643, 84
Trd, 4319050.493, 84
Trd, 4319051.543, 109
Trd, 4319051.943, 109
Trd, 4319052.043, 106
Trd, 4319052.543, 96
Trd, 4319052.743, 90
Trd, 4319054.443, 85
Trd, 4319055.443, 104
Trd, 4319055.493, 132
Trd, 4319055.943, 77
Trd, 4319056.493, 69
Trd, 4319057.493, 111
Trd, 4319058.743, 119
Trd, 4319059.343, 123
Trd, 4319060.543, 108
Trd, 4319060.943, 101
Trd, 4319061.343, 104
Trd, 4319061.593, 100
Trd, 4319061.793, 108
Trd, 4319062.193, 130
Trd, 4319063.843, 104
Trd, 4319065.343, 94
Trd, 4319066.193, 62
Trd, 4319067.843, 93
Trd, 4319068.293, 92
Trd, 4319068.593, 93
Trd, 4319068.643, 116
Trd, 4319068.893, 92
Trd, 4319069.893, 71
Trd, 4319070.093, 104
Trd, 4319071.193, 102
Trd, 4319071.593, 127
Trd, 4319072.743, 126
Trd, 4319073.343, 106
Trd, 4319073.543, 134
Trd, 4319075.043, 120
Trd, 4319075.193, 105
Trd, 4319075.893, 134
Trd, 4319076.393, 85
Trd, 4319077.493, 86
Trd, 4319078.693, 133
Trd, 4319078.743, 132
Trd, 4319080.293, 100
Trd, 4319081.143, 119
Trd, 4319081.643, 122
Trd, 4319081.843, 108
Trd, 4319082.043, 102
Trd, 4319082.493, 104
Trd, 4319083.143, 140
Trd, 4319084.393, 120
Trd, 4319086.193, 97
Trd, 4319086.243, 97
Trd, 4319087.543, 109
Trd, 4319087.593, 96
Trd, 4319087.643, 89
Trd, 4319088.043, 67
Trd, 4319089.343, 116
Trd, 4319089.743, 82
Trd, 4319091.393, 107
Trd, 4319092.943, 121
Trd, 4319092.993, 116
Trd, 4319094.093, 138
Trd, 4319095.343, 139
Trd, 4319095.543, 127
Trd, 4319095.643, 115
Trd, 4319095.893, 115
Trd, 4319096.593, 139
Trd, 4319097.143, 118
Trd, 4319097.543, 116
Trd, 4319099.043, 120
Trd, 4319099.343, 116
Trd, 4319099.593, 129
Trd, 4319100.193, 90
Trd, 4319100.643, 71
Trd, 4319101.693, 71
Trd, 4319102.143, 73
Trd, 4319102.243, 64
Trd, 4319104.443, 82
Trd, 4319105.093, 65
Trd, 4319105.493, 103
Trd, 4319105.543, 78
Trd, 4319106.193, 64
Trd, 4319107.343, 63
Trd, 4319107.993, 68
Trd, 4319108.743, 83
Trd, 4319109.393, 128
Trd, 4319110.093, 134
Trd, 4319110.243, 133
Trd, 4319111.493, 87
Trd, 4319111.693, 98
Trd, 4319111.843, 109
Trd, 4319112.293, 86
Trd, 4319113.893, 77
Trd, 4319115.143, 63
Trd, 4319115.643, 61
Trd, 4319116.393, 99
Trd, 4319116.793, 104
Trd, 4319117.043, 103
Trd, 4319117.443, 97
Trd, 4319117.493, 96
Trd, 4319118.493, 92
Trd, 4319119.543, 125
Trd, 4319119.693, 94
Trd, 4319120.043, 79
Trd, 4319121.293, 101
Trd, 4319121.843, 82
Trd, 4319123.793, 86
Trd, 4319123.993, 74
Trd, 4319124.343, 98
Trd, 4319124.493, 83
Trd, 4319125.343, 73
Trd, 4319125.543, 72
Trd, 4319126.643, 116
Trd, 4319126.793, 115
Trd, 4319127.093, 100
Trd, 4319127.493, 68
Trd, 4319130.393, 73
Trd, 4319130.793, 73
Trd, 4319131.843, 112
Trd, 4319133.493, 65
Trd, 4319133.693, 92
Trd, 4319134.243, 87
Trd, 4319134.793, 107
Trd, 4319136.093, 97
Trd, 4319136.593, 92
Trd, 4319136.793, 134
Trd, 4319137.043, 91
Trd, 4319137.593, 127
Trd, 4319138.343, 128
Trd, 4319138.743, 132
Trd, 4319139.043, 114
Trd, 4319139.193, 110
Trd, 4319140.743, 128
Trd, 4319140.793, 103
Trd, 4319141.693, 110
Trd, 4319142.843, 60
Trd, 4319143.343, 63
Trd, 4319144.443, 90
Trd, 4319144.593, 67
Trd, 4319144.793, 66
Trd, 4319145.043, 93
Trd, 4319146.043, 94
Trd, 4319146.393, 91
Trd, 4319147.243, 97
Trd, 4319147.393, 91
Trd, 4319148.443, 95
Trd, 4319150.343, 123
Trd, 4319151.393, 113
Trd, 4319151.443, 96
Trd, 4319151.493, 82
Trd, 4319153.093, 60
Trd, 4319154.043, 62
Trd, 4319155.243, 62
Trd, 4319156.043, 76
Trd, 4319156.593, 64
Trd, 4319157.343, 82
Trd, 4319158.193, 107
Trd, 4319158.493, 78
Trd, 4319159.343, 103
Trd, 4319159.443, 82
Trd, 4319160.343, 92
Trd, 4319160.393, 74
Trd, 4319160.843, 73
Trd, 4319161.043, 69
Trd, 4319161.143, 83
Trd, 4319162.843, 77
Trd, 4319163.993, 122
Trd, 4319164.043, 121
Trd, 4319164.293, 117
Trd, 4319165.443, 119
Trd, 4319165.493, 71
Trd, 4319166.743, 72
Trd, 4319167.543, 107
Trd, 4319167.643, 103
Trd, 4319168.593, 60
Trd, 4319168.943, 64
Trd, 4319170.943, 128
Trd, 4319171.743, 126
Trd, 4319172.043, 124
Trd, 4319172.793, 114
Trd, 4319173.343, 127
Trd, 4319173.493, 94
Trd, 4319174.493, 82
Trd, 4319174.893, 84
Trd, 4319175.043, 83
Trd, 4319176.893, 109
Trd, 4319177.143, 122
Trd, 4319177.293, 106
Trd, 4319177.543, 135
Trd, 4319179.093, 101
Trd, 4319179.993, 121
Trd, 4319180.843, 120
Trd, 4319180.893, 107
Trd, 4319182.993, 109
Trd, 4319183.493, 102
Trd, 4319183.643, 96
Trd, 4319183.993, 96
Trd, 4319185.443, 113
Trd, 4319185.543, 112
Trd, 4319185.693, 101
Trd, 4319187.093, 138
Trd, 4319187.793, 127
Trd, 4319188.693, 126
Trd, 4319188.743, 125
Trd, 4319189.093, 119
Trd, 4319190.143, 94
Trd, 4319190.293, 93
Trd, 4319191.093, 92
Trd, 4319191.593, 100
Trd, 4319191.693, 102
Trd, 4319192.943, 90
Trd, 4319193.243, 131
Trd, 4319193.643, 70
Trd, 4319195.093, 71
Trd, 4319195.543, 63
Trd, 4319197.443, 104
Trd, 4319197.493, 103
Trd, 4319197.843, 129
Trd, 4319197.993, 111
Trd, 4319198.893, 98
Trd, 4319199.193, 107
Trd, 4319199.493, 97
Trd, 4319199.843, 102
Trd, 4319200.743, 84
Trd, 4319202.643, 66
Trd, 4319203.893, 64
Trd, 4319203.943, 67
Trd, 4319204.593, 130
Trd, 4319205.393, 130
Trd, 4319205.543, 129
Trd, 4319205.993, 129
Trd, 4319206.293, 62
Trd, 4319207.093, 60
Trd, 4319208.043, 134
Trd, 4319208.543, 134
Trd, 4319208.893, 116
Trd, 4319209.143, 84
Trd, 4319209.843, 76
Trd, 4319211.193, 88
Trd, 4319211.293, 112
Trd, 4319211.743, 97
Trd, 4319212.193, 119
Trd, 4319213.543, 126
Trd, 4319213.593, 118
Trd, 4319214.093, 108
Trd, 4319215.243, 90
Trd, 4319215.293, 88
Trd, 4319216.193, 90
Trd, 4319217.793, 89
Trd, 4319218.293, 94
Trd, 4319218.993, 113
Trd, 4319219.693, 88
Trd, 4319219.743, 87
Trd, 4319219.843, 101
Trd, 4319220.143, 86
Trd, 4319220.893, 68
Trd, 4319221.243, 62
Trd, 4319222.243, 61
Trd, 4319222.943, 97
Trd, 4319223.043, 96
Trd, 4319223.943, 91
Trd, 4319225.093, 98
Trd, 4319225.143, 104
Trd, 4319225.743, 97
Trd, 4319225.843, 87
Trd, 4319228.293, 65
Trd, 4319228.843, 122
Trd, 4319230.243, 69
Trd, 4319230.743, 87
Trd, 4319230.843, 70
Trd, 4319231.793, 70
Trd, 4319232.593, 60
Trd, 4319234.143, 73
Trd, 4319234.643, 84
Trd, 4319235.343, 90
Trd, 4319236.143, 64
Trd, 4319236.443, 63
Trd, 4319236.793, 62
Trd, 4319237.793, 119
Trd, 4319237.943, 118
Trd, 4319238.093, 97
Trd, 4319239.693, 97
Trd, 4319239.943, 88
Trd, 4319240.993, 82
Trd, 4319242.043, 67
Trd, 4319242.893, 61
Trd, 4319243.293, 64
Trd, 4319244.093, 62
Trd, 4319244.693, 66
Trd, 4319245.343, 63
Trd, 4319246.843, 83
Trd, 4319247.193, 129
Trd, 4319248.793, 85
Trd, 4319249.193, 80
Trd, 4319250.043, 84
Trd, 4319250.243, 83
Trd, 4319250.443, 121
Trd, 4319250.493, 84
Trd, 4319252.143, 90
Trd, 4319252.893, 94
Trd, 4319252.943, 93
Trd, 4319253.193, 108
Trd, 4319253.993, 96
Trd, 4319254.243, 91
Trd, 4319254.793, 88
Trd, 4319256.343, 69
Trd, 4319258.543, 73
Trd, 4319259.193, 61
Trd, 4319259.393, 62
Trd, 4319260.543, 96
Trd, 4319260.693, 95
Trd, 4319262.243, 80
Trd, 4319262.293, 104
Trd, 4319262.493, 119
Trd, 4319263.793, 110
Trd, 4319264.193, 74
Trd, 4319264.893, 139
Trd, 4319265.593, 99
Trd, 4319265.743, 98
Trd, 4319266.393, 112
Trd, 4319267.343, 90
Trd, 4319268.243, 84
Trd, 4319268.693, 84
Trd, 4319269.443, 79
Trd, 4319270.443, 130
Trd, 4319270.893, 136
Trd, 4319272.743, 130
Trd, 4319272.843, 129
Trd, 4319273.193, 107
Trd, 4319274.343, 67
Trd, 4319274.693, 88
Trd, 4319275.593, 101
Trd, 4319276.293, 85
Trd, 4319276.643, 80
Trd, 4319276.843, 74
Trd, 4319278.243, 80
Trd, 4319278.743, 86
Trd, 4319279.643, 136
Trd, 4319280.043, 108
Trd, 4319280.943, 101
Trd, 4319281.093, 84
Trd, 4319282.693, 135
Trd, 4319283.643, 68
Trd, 4319284.493, 127
Trd, 4319285.443, 128
Trd, 4319286.043, 99
Trd, 4319287.143, 108
Trd, 4319287.443, 85
Trd, 4319287.643, 88
Trd, 4319287.743, 84
Trd, 4319288.643, 74
Trd, 4319288.843, 69
Trd, 4319291.693, 60
Trd, 4319291.843, 66
Trd, 4319292.343, 62
Trd, 4319292.843, 122
Trd, 4319293.393, 113
Trd, 4319293.943, 112
Trd, 4319295.693, 124
Trd, 4319296.593, 133
Trd, 4319296.993, 102
Trd, 4319297.043, 97
Trd, 4319297.943, 122
Trd, 4319299.143, 81
Trd, 4319299.293, 88
Trd, 4319299.693, 88
Trd, 4319300.343, 81
Trd, 4319301.543, 110
Trd, 4319302.193, 109
Trd, 4319302.343, 99
Trd, 4319302.493, 93
Trd, 4319303.493, 97
Trd, 4319304.443, 140
Trd, 4319305.043, 93
Trd, 4319306.643, 82
Trd, 4319306.993, 92
Trd, 4319307.493, 98
Trd, 4319307.993, 131
Trd, 4319308.493, 82
Trd, 4319308.793, 92
Trd, 4319310.643, 67
Trd, 4319311.593, 84
Trd, 4319312.143, 68
Trd, 4319312.493, 66
Trd, 4319313.743, 129
Trd, 4319315.493, 109
Trd, 4319315.843, 110
Trd, 4319316.743, 124
Trd, 4319317.293, 118
Trd, 4319317.743, 116
Trd, 4319318.143, 110
Trd, 4319318.293, 122
Trd, 4319318.543, 104
Trd, 4319320.243, 101
Trd, 4319320.343, 96
Trd, 4319321.543, 61
Trd, 4319322.493, 91
Trd, 4319323.043, 62
Trd, 4319324.093, 60
Trd, 4319324.543, 108
Trd, 4319325.193, 93
Trd, 4319325.643, 76
Trd, 4319326.093, 80
Trd, 4319326.543, 82
Trd, 4319330.393, 112
Trd, 4319331.093, 108
Trd, 4319331.343, 97
Trd, 4319331.643, 87
Trd, 4319332.293, 114
Trd, 4319332.793, 85
Trd, 4319333.993, 88
Trd, 4319334.293, 87
Trd, 4319334.543, 85
Trd, 4319335.893, 107
Trd, 4319337.543, 116
Trd, 4319337.643, 122
Trd, 4319337.693, 94
Trd, 4319338.193, 137
Trd, 4319338.693, 120
Trd, 4319340.693, 61
Trd, 4319341.593, 63
Trd, 4319341.993, 66
Trd, 4319343.093, 101
Trd, 4319343.143, 72
Trd, 4319343.693, 77
Trd, 4319344.043, 67
Trd, 4319345.643, 66
Trd, 4319345.943, 67
Trd, 4319346.143, 64
Trd, 4319348.443, 68
Trd, 4319348.793, 82
Trd, 4319350.143, 64
Trd, 4319351.093, 66
Trd, 4319351.693, 66
Trd, 4319352.693, 90
Trd, 4319353.543, 65
Trd, 4319353.943, 67
Trd, 4319354.093, 63
Trd, 4319354.643, 111
Trd, 4319355.393, 131
Trd, 4319356.793, 131
Trd, 4319356.843, 130
Trd, 4319357.643, 102
Trd, 4319359.143, 124
Trd, 4319359.793, 122
Trd, 4319360.193, 100
Trd, 4319361.093, 98
Trd, 4319361.693, 100
Trd, 4319362.443, 136
Trd, 4319362.893, 107
Trd, 4319363.243, 98
Trd, 4319364.493, 123
Trd, 4319364.893, 121
Trd, 4319365.043, 117
Trd, 4319365.493, 109
Trd, 4319366.293, 71
Trd, 4319366.993, 136
Trd, 4319367.393, 117
Trd, 4319367.993, 65
Trd, 4319369.493, 129
Trd, 4319369.743, 81
Trd, 4319371.943, 71
Trd, 4319373.093, 115
Trd, 4319373.293, 114
Trd, 4319374.293, 114
Trd, 4319374.893, 112
Trd, 4319376.493, 134
Trd, 4319376.593, 129
Trd, 4319377.543, 105
Trd, 4319378.093, 98
Trd, 4319378.843, 88
Trd, 4319378.893, 87
Trd, 4319379.093, 98
Trd, 4319379.193, 86
Trd, 4319381.943, 122
Trd, 4319382.093, 121
Trd, 4319383.043, 125
Trd, 4319383.143, 124
Trd, 4319383.843, 116
Trd, 4319383.993, 107
Trd, 4319384.493, 95
Trd, 4319385.593, 118
Trd, 4319386.993, 107
Trd, 4319388.443, 133
Trd, 4319388.593, 127
Trd, 4319388.643, 122
Trd, 4319388.693, 103
Trd, 4319390.143, 86
Trd, 4319391.743, 76
Trd, 4319392.193, 77
Trd, 4319392.393, 76
Trd, 4319393.243, 75
Trd, 4319393.743, 73
Trd, 4319394.543, 61
Trd, 4319395.643, 85
Trd, 4319396.293, 70
Trd, 4319397.043, 63
Trd, 4319397.143, 66
Trd, 4319398.393, 80
Trd, 4319398.743, 104
Trd, 4319399.493, 61
Trd, 4319400.293, 67
Trd, 4319400.343, 65
Trd, 4319400.843, 64
Trd, 4319401.643, 108
Trd, 4319403.843, 97
Trd, 4319403.893, 100
Trd, 4319404.443, 88
Trd, 4319405.143, 93
Trd, 4319405.793, 88
Trd, 4319406.343, 87
Trd, 4319406.893, 71
Trd, 4319407.693, 61
Trd, 4319408.793, 82
Trd, 4319409.243, 65
Trd, 4319409.493, 75
Trd, 4319410.143, 71
Trd, 4319410.643, 70
Trd, 4319411.243, 68
Trd, 4319411.543, 139
Trd, 4319411.943, 64
Trd, 4319412.393, 104
Trd, 4319412.493, 103
Trd, 4319413.243, 108
Trd, 4319413.993, 68
Trd, 4319414.393, 64
Trd, 4319415.293, 134
Trd, 4319415.393, 62
Trd, 4319416.243, 82
Trd, 4319417.943, 112
Trd, 4319419.593, 130
Trd, 4319420.293, 128
Trd, 4319420.793, 109
Trd, 4319421.743, 111
Trd, 4319424.193, 132
Trd, 4319424.243, 131
Trd, 4319424.593, 110
Trd, 4319424.643, 92
Trd, 4319425.593, 93
Trd, 4319425.643, 90
Trd, 4319426.043, 81
Trd, 4319427.543, 131
Trd, 4319427.893, 90
Trd, 4319428.343, 134
Trd, 4319429.193, 138
Trd, 4319429.743, 137
Trd, 4319430.093, 136
Trd, 4319430.393, 123
Trd, 4319430.493, 124
Trd, 4319431.343, 112
Trd, 4319431.843, 105
Trd, 4319433.443, 102
Trd, 4319433.993, 134
Trd, 4319434.393, 105
Trd, 4319435.793, 128
Trd, 4319437.043, 132
Trd, 4319437.093, 115
Trd, 4319437.593, 104
Trd, 4319437.743, 118
Trd, 4319438.193, 72
Trd, 4319439.043, 91
Trd, 4319439.693, 102
Trd, 4319439.893, 98
Trd, 4319441.593, 105
Trd, 4319441.993, 103
Trd, 4319442.093, 92
Trd, 4319442.693, 93
Trd, 4319444.693, 92
Trd, 4319445.493, 92
Trd, 4319446.393, 89
Trd, 4319446.843, 81
Trd, 4319448.543, 95
Trd, 4319448.593, 94
Trd, 4319449.193, 103
Trd, 4319450.193, 103
Trd, 4319450.243, 115
Trd, 4319450.543, 71
Trd, 4319452.093, 81
Trd, 4319452.693, 105
Trd, 4319452.743, 72
Trd, 4319453.043, 120
Trd, 4319453.743, 69
Trd, 4319454.393, 94
Trd, 4319454.543, 66
Trd, 4319455.543, 86
Trd, 4319456.443, 94
Trd, 4319456.843, 69
Trd, 4319458.243, 139
Trd, 4319459.043, 138
Trd, 4319459.493, 120
Trd, 4319459.993, 119
Trd, 4319460.093, 100
Trd, 4319460.693, 93
Trd, 4319461.093, 72
Trd, 4319463.643, 61
Trd, 4319464.343, 63
Trd, 4319465.343, 89
Trd, 4319465.943, 102
Trd, 4319466.343, 108
Trd, 4319466.543, 102
Trd, 4319466.693, 101
Trd, 4319467.043, 82
Trd, 4319469.143, 125
Trd, 4319469.893, 123
Trd, 4319470.193, 107
Trd, 4319470.243, 106
Trd, 4319470.493, 92
Trd, 4319472.293, 61
Trd, 4319472.643, 62
Trd, 4319473.293, 85
Trd, 4319474.043, 61
Trd, 4319474.093, 62
Trd, 4319474.293, 63
Trd, 4319476.143, 85
Trd, 4319476.993, 88
Trd, 4319477.143, 85
Trd, 4319477.193, 70
Trd, 4319477.993, 91
Trd, 4319479.793, 70
Trd, 4319480.443, 88
Trd, 4319481.243, 91
Trd, 4319482.793, 83
Trd, 4319483.243, 137
Trd, 4319484.393, 137
Trd, 4319485.293, 119
Trd, 4319486.443, 134
Trd, 4319486.793, 114
Trd, 4319487.943, 118
Trd, 4319488.043, 117
Trd, 4319488.193, 97
Trd, 4319488.543, 98
Trd, 4319488.643, 95
Trd, 4319490.543, 93
Trd, 4319492.443, 95
Trd, 4319492.543, 107
Trd, 4319492.793, 91
Trd, 4319494.543, 129
Trd, 4319494.993, 129
Trd, 4319496.193, 126
Trd, 4319496.243, 125
Trd, 4319496.743, 124
Trd, 4319496.843, 120
Trd, 4319497.743, 112
Trd, 4319499.293, 140
Trd, 4319499.343, 111
Trd, 4319499.993, 130
Trd, 4319500.943, 114
Trd, 4319501.193, 124
Trd, 4319501.643, 113
Trd, 4319501.743, 122
Trd, 4319501.793, 97
Trd, 4319502.693, 78
Trd, 4319503.493, 125
Trd, 4319504.143, 70
Trd, 4319505.393, 78
Trd, 4319506.393, 108
Trd, 4319506.643, 131
Trd, 4319506.893, 106
Trd, 4319507.693, 93
Trd, 4319507.943, 92
Trd, 4319508.093, 90
Trd, 4319510.643, 95
Trd, 4319510.693, 85
Trd, 4319511.743, 95
Trd, 4319512.793, 128
Trd, 4319512.843, 127
Trd, 4319513.893, 104
Trd, 4319514.843, 91
Trd, 4319515.293, 81
Trd, 4319516.793, 136
Trd, 4319517.243, 101
Trd, 4319517.343, 100
Trd, 4319517.493, 86
Trd, 4319518.743, 60
Trd, 4319519.493, 64
Trd, 4319521.093, 63
Trd, 4319521.443, 74
Trd, 4319522.793, 140
Trd, 4319522.993, 140
Trd, 4319523.493, 140
Trd, 4319523.543, 138
Trd, 4319524.293, 104
Trd, 4319525.093, 103
Trd, 4319525.543, 116
Trd, 4319526.393, 128
Trd, 4319526.843, 102
Trd, 4319528.843, 60
Trd, 4319529.893, 73
Trd, 4319530.193, 74
Trd, 4319531.693, 91
Trd, 4319532.093, 74
Trd, 4319532.343, 75
Trd, 4319532.993, 90
Trd, 4319533.543, 117
Trd, 4319533.793, 116
Trd, 4319536.643, 106
Trd, 4319536.843, 100
Trd, 4319536.993, 88
Trd, 4319537.043, 83
Trd, 4319537.543, 91
Trd, 4319538.343, 64
Trd, 4319538.493, 130
Trd, 4319538.693, 60
Trd, 4319540.743, 81
Trd, 4319541.993, 78
Trd, 4319542.293, 77
Trd, 4319542.743, 64
Trd, 4319543.143, 65
Trd, 4319544.193, 64
Trd, 4319544.643, 61
Trd, 4319545.793, 61
Trd, 4319546.143, 117
Trd, 4319546.643, 97
Trd, 4319547.643, 122
Trd, 4319548.043, 114
Trd, 4319549.293, 107
Trd, 4319549.843, 110
Trd, 4319549.893, 106
Trd, 4319550.743, 92
Trd, 4319552.743, 130
Trd, 4319553.143, 126
Trd, 4319553.193, 122
Trd, 4319553.543, 118
Trd, 4319553.793, 103
Trd, 4319554.093, 96
Trd, 4319555.293, 79
Trd, 4319556.493, 117
Trd, 4319557.943, 105
Trd, 4319558.543, 117
Trd, 4319558.743, 104
Trd, 4319559.493, 117
Trd, 4319560.043, 84
Trd, 4319560.793, 140
Trd, 4319561.593, 107
Trd, 4319564.193, 95
Trd, 4319564.243, 92
Trd, 4319564.693, 76
Trd, 4319564.743, 74
Trd, 4319565.243, 71
Trd, 4319566.243, 60
Trd, 4319566.743, 97
Trd, 4319567.493, 68
Trd, 4319568.643, 75
Trd, 4319568.893, 107
Trd, 4319569.493, 84
Trd, 4319570.093, 85
Trd, 4319570.693, 81
Trd, 4319570.843, 111
Trd, 4319571.393, 65
Trd, 4319573.743, 63
Trd, 4319574.393, 135
Trd, 4319574.643, 126
Trd, 4319575.493, 126
Trd, 4319575.643, 108
Trd, 4319576.293, 108
Trd, 4319576.743, 129
Trd, 4319577.793, 129
Trd, 4319577.993, 112
Trd, 4319578.293, 108
Trd, 4319579.243, 95
Trd, 4319579.843, 109
Trd, 4319580.893, 108
Trd, 4319582.093, 111
Trd, 4319583.193, 70
Trd, 4319583.693, 78
Trd, 4319584.693, 67
Trd, 4319585.793, 68
Trd, 4319586.293, 63
Trd, 4319586.543, 71
Trd, 4319586.743, 84
Trd, 4319587.143, 102
Trd, 4319587.643, 83
Trd, 4319588.493, 62
Trd, 4319589.043, 69
Trd, 4319591.093, 66
Trd, 4319591.993, 61
Trd, 4319592.993, 71
Trd, 4319593.393, 72
Trd, 4319595.143, 102
Trd, 4319595.943, 114
Trd, 4319597.143, 114
Trd, 4319597.893, 118
Trd, 4319597.993, 107
Trd, 4319598.043, 105
Trd, 4319598.793, 107
Trd, 4319598.993, 106
Trd, 4319600.393, 100
Trd, 4319601.143, 93
Trd, 4319601.293, 92
Trd, 4319602.393, 128
Trd, 4319602.743, 108
Trd, 4319602.943, 97
Trd, 4319603.343, 123
Trd, 4319603.443, 139
Trd, 4319604.843, 133
Trd, 4319605.043, 87
Trd, 4319605.243, 86
Trd, 4319606.293, 76
Trd, 4319607.343, 83
Trd, 4319609.443, 124
Trd, 4319609.593, 123
Trd, 4319609.693, 122
Trd, 4319609.943, 138
Trd, 4319610.243, 121
Trd, 4319611.543, 121
Trd, 4319612.543, 106
Trd, 4319612.843, 117
Trd, 4319613.543, 107
Trd, 4319613.843, 89
Trd, 4319615.643, 101
Trd, 4319615.693, 88
Trd, 4319615.793, 85
Trd, 4319616.293, 127
Trd, 4319617.443, 87
Trd, 4319617.743, 99
Trd, 4319617.893, 75
Trd, 4319619.793, 113
Trd, 4319620.843, 95
Trd, 4319621.293, 108
Trd, 4319621.443, 94
Trd, 4319621.893, 138
Trd, 4319622.793, 96
Trd, 4319623.693, 96
Trd, 4319624.193, 78
Trd, 4319625.393, 60
Trd, 4319625.993, 67
Trd, 4319627.043, 66
Trd, 4319627.243, 70
Trd, 4319627.993, 132
Trd, 4319629.493, 131
Trd, 4319629.643, 139
Trd, 4319629.843, 107
Trd, 4319629.943, 107
Trd, 4319630.243, 97
Trd, 4319631.343, 97
Trd, 4319631.443, 96
Trd, 4319631.743, 95
Trd, 4319633.043, 64
Trd, 4319633.143, 77
Trd, 4319633.943, 111
Trd, 4319637.193, 119
Trd, 4319637.793, 117
Trd, 4319638.093, 107
Trd, 4319638.293, 105
Trd, 4319638.343, 100
Trd, 4319638.893, 96
Trd, 4319640.243, 124
Trd, 4319640.393, 123
Trd, 4319641.993, 116
Trd, 4319642.093, 107
Trd, 4319642.443, 106
Trd, 4319642.543, 95
Trd, 4319644.143, 92
Trd, 4319644.443, 75
Trd, 4319645.493, 61
Trd, 4319645.543, 62
Trd, 4319646.543, 140
Trd, 4319646.843, 140
Trd, 4319647.843, 140
Trd, 4319648.093, 110
Trd, 4319649.643, 75
Trd, 4319649.943, 74
Trd, 4319650.693, 138
Trd, 4319652.243, 139
Trd, 4319652.443, 137
Trd, 4319653.343, 127
Trd, 4319653.693, 125
Trd, 4319653.993, 113
Trd, 4319654.143, 109
Trd, 4319654.543, 100
Trd, 4319654.643, 100
Trd, 4319655.593, 85
Trd, 4319656.593, 95
Trd, 4319657.143, 84
Trd, 4319657.193, 82
Trd, 4319659.443, 137
Trd, 4319659.743, 125
Trd, 4319660.343, 124
Trd, 4319660.593, 119
Trd, 4319660.793, 111
Trd, 4319660.943, 110
Trd, 4319662.993, 135
Trd, 4319663.793, 103
Trd, 4319663.843, 91
Trd, 4319663.993, 85
Trd, 4319664.643, 106
Trd, 4319665.593, 121
Trd, 4319666.143, 72
Trd, 4319667.593, 97
Trd, 4319668.043, 99
Trd, 4319668.093, 96
Trd, 4319668.593, 79
Trd, 4319669.693, 139
Trd, 4319669.993, 117
Trd, 4319672.343, 64
Trd, 4319672.893, 67
Trd, 4319673.043, 71
Trd, 4319673.543, 111
Trd, 4319675.143, 114
Trd, 4319675.193, 105
Trd, 4319676.043, 122
Trd, 4319677.293, 135
Trd, 4319677.643, 140
Trd, 4319677.693, 140
Trd, 4319678.493, 93
Trd, 4319678.843, 88
Trd, 4319679.193, 88
Trd, 4319680.543, 60
Trd, 4319681.793, 82
Trd, 4319681.893, 68
Trd, 4319682.493, 69
Trd, 4319682.593, 100
Trd, 4319683.393, 73
Trd, 4319684.043, 91
Trd, 4319684.843, 100
Trd, 4319686.293, 87
Trd, 4319687.393, 85
Trd, 4319687.493, 93
Trd, 4319689.443, 60
Trd, 4319689.493, 62
Trd, 4319691.143, 63
Trd, 4319691.643, 62
Trd, 4319691.993, 78
Trd, 4319694.493, 117
Trd, 4319695.043, 118
Trd, 4319695.243, 117
Trd, 4319695.843, 116
Trd, 4319695.893, 113
Trd, 4319696.143, 112
Trd, 4319697.593, 94
Trd, 4319699.043, 128
Trd, 4319699.643, 133
Trd, 4319699.743, 111
Trd, 4319700.593, 89
Trd, 4319701.193, 92
Trd, 4319702.543, 112
Trd, 4319703.293, 113
Trd, 4319703.693, 129
Trd, 4319705.193, 117
Trd, 4319705.393, 115
Trd, 4319706.493, 75
Trd, 4319706.943, 102
Trd, 4319707.493, 72
Trd, 4319707.743, 132
Trd, 4319708.243, 89
Trd, 4319708.693, 88
Trd, 4319708.943, 89
Trd, 4319709.843, 138
Trd, 4319709.893, 137
Trd, 4319710.643, 109
Trd, 4319710.793, 97
Trd, 4319712.393, 139
Trd, 4319714.093, 87
Trd, 4319714.793, 86
Trd, 4319715.243, 104
Trd, 4319715.293, 83
Trd, 4319715.493, 74
Trd, 4319715.843, 139
Trd, 4319717.543, 75
Trd, 4319717.693, 74
Trd, 4319718.543, 85
Trd, 4319719.393, 81
Trd, 4319719.993, 86
Trd, 4319720.943, 95
Trd, 4319721.293, 80
Trd, 4319721.793, 76
Trd, 4319721.843, 74
Trd, 4319722.293, 67
Trd, 4319722.543, 74
Trd, 4319723.193, 82
Trd, 4319723.993, 92
Trd, 4319725.643, 82
Trd, 4319726.243, 111
Trd, 4319728.143, 75
Trd, 4319729.493, 74
Trd, 4319729.593, 110
Trd, 4319730.043, 85
Trd, 4319730.543, 85
Trd, 4319730.593, 79
Trd, 4319730.943, 82
Trd, 4319731.443, 84
Trd, 4319731.993, 69
Trd, 4319732.943, 123
Trd, 4319733.843, 107
Trd, 4319734.593, 110
Trd, 4319734.793, 93
Trd, 4319735.193, 124
Trd, 4319736.543, 93
Trd, 4319737.343, 91
Trd, 4319737.593, 79
Trd, 4319738.593, 112
Trd, 4319738.693, 112
Trd, 4319740.293, 109
Trd, 4319741.693, 135
Trd, 4319743.043, 136
Trd, 4319743.193, 134
Trd, 4319744.443, 122
Trd, 4319744.943, 116
Trd, 4319745.393, 106
Trd, 4319745.693, 104
Trd, 4319746.493, 97
Trd, 4319746.743, 80
Trd, 4319747.493, 124
Trd, 4319748.643, 97
Trd, 4319748.993, 119
Trd, 4319749.143, 96
Trd, 4319750.043, 101
Trd, 4319751.843, 95
Trd, 4319751.993, 103
Trd, 4319752.343, 93
Trd, 4319753.293, 89
Trd, 4319754.093, 110
Trd, 4319756.093, 110
Trd, 4319756.243, 110
Trd, 4319756.393, 109
Trd, 4319756.443, 107
Trd, 4319756.493, 94
Trd, 4319758.993, 108
Trd, 4319759.093, 104
Trd, 4319759.593, 130
Trd, 4319760.093, 88
Trd, 4319760.143, 87
Trd, 4319760.693, 82
Trd, 4319760.793, 80
Trd, 4319761.093, 135
Trd, 4319761.843, 97
Trd, 4319763.043, 105
Trd, 4319764.493, 108
Trd, 4319764.593, 88
Trd, 4319764.693, 76
Trd, 4319765.643, 135
Trd, 4319765.743, 134
Trd, 4319766.543, 60
Trd, 4319767.543, 99
Trd, 4319767.693, 136
Trd, 4319769.593, 99
Trd, 4319771.843, 137
Trd, 4319772.843, 99
Trd, 4319773.143, 93
Trd, 4319773.793, 93
Trd, 4319774.943, 95
Trd, 4319775.243, 86
Trd, 4319775.343, 72
Trd, 4319776.143, 75
Trd, 4319776.893, 114
Trd, 4319777.393, 74
Trd, 4319777.543, 132
Trd, 4319778.343, 81
Trd, 4319780.493, 108
Trd, 4319781.293, 121
Trd, 4319781.393, 110
Trd, 4319782.693, 135
Trd, 4319782.893, 86
Trd, 4319783.193, 70
Trd, 4319784.843, 91
Trd, 4319785.193, 126
Trd, 4319785.643, 90
Trd, 4319786.543, 93
Trd, 4319787.093, 91
Trd, 4319788.043, 83
Trd, 4319789.643, 72
Trd, 4319790.143, 71
Trd, 4319791.393, 78
Trd, 4319792.243, 98
Trd, 4319793.593, 89
Trd, 4319794.193, 106
Trd, 4319794.893, 138
Trd, 4319795.093, 108
Trd, 4319795.443, 137
Trd, 4319795.593, 108
Trd, 4319796.143, 128
Trd, 4319796.443, 107
Trd, 4319796.593, 88
Trd, 4319797.493, 79
Trd, 4319798.643, 77
Trd, 4319799.893, 84
Trd, 4319801.843, 103
Trd, 4319802.043, 110
Trd, 4319802.293, 103
Trd, 4319802.393, 111
Trd, 4319802.793, 94
Trd, 4319803.243, 137
Trd, 4319803.393, 119
Trd, 4319804.593, 119
Trd, 4319806.643, 98
Trd, 4319807.693, 135
Trd, 4319807.843, 102
Trd, 4319808.043, 91
Trd, 4319808.743, 86
Trd, 4319809.143, 98
Trd, 4319809.643, 85
Trd, 4319810.243, 106
Trd, 4319810.493, 131
Trd, 4319811.043, 84
Trd, 4319812.643, 137
Trd, 4319812.843, 124
Trd, 4319813.293, 123
Trd, 4319813.743, 114
Trd, 4319813.843, 112
Trd, 4319815.243, 109
Trd, 4319815.293, 108
Trd, 4319816.493, 105
Trd, 4319817.493, 101
Trd, 4319817.593, 130
Trd, 4319818.443, 131
Trd, 4319820.093, 122
Trd, 4319821.943, 110
Trd, 4319822.493, 120
Trd, 4319823.243, 139
Trd, 4319823.893, 139
Trd, 4319823.943, 136
Trd, 4319824.643, 114
Trd, 4319825.793, 110
Trd, 4319825.893, 123
Trd, 4319826.543, 108
Trd, 4319826.893, 133
Trd, 4319827.293, 104
Trd, 4319829.293, 119
Trd, 4319829.943, 103
Trd, 4319830.143, 102
Trd, 4319830.293, 97
Trd, 4319830.343, 114
Trd, 4319831.993, 132
Trd, 4319832.293, 111
Trd, 4319833.043, 117
Trd, 4319833.693, 107
Trd, 4319834.543, 86
Trd, 4319834.943, 62
Trd, 4319836.643, 125
Trd, 4319836.743, 91
Trd, 4319836.893, 76
Trd, 4319837.993, 77
Trd, 4319838.993, 79
Trd, 4319839.393, 108
Trd, 4319839.443, 78
Trd, 4319840.093, 120
Trd, 4319840.843, 122
Trd, 4319841.943, 100
Trd, 4319842.643, 98
Trd, 4319843.743, 124
Trd, 4319844.293, 97
Trd, 4319845.843, 81
Trd, 4319845.943, 76
Trd, 4319846.743, 87
Trd, 4319847.243, 93
Trd, 4319847.493, 87
Trd, 4319848.343, 86
Trd, 4319849.893, 122
Trd, 4319850.893, 108
Trd, 4319852.293, 114
Trd, 4319852.543, 113
Trd, 4319853.293, 102
Trd, 4319854.393, 118
Trd, 4319855.143, 101
Trd, 4319856.543, 119
Trd, 4319857.243, 122
Trd, 4319857.443, 107
Trd, 4319857.993, 108
Trd, 4319858.143, 105
Trd, 4319858.743, 91
Trd, 4319859.243, 105
Trd, 4319860.793, 120
Trd, 4319861.693, 118
Trd, 4319861.943, 100
Trd, 4319862.893, 130
Trd, 4319862.993, 102
Trd, 4319863.193, 95
Trd, 4319864.393, 116
Trd, 4319864.743, 90
Trd, 4319865.393, 95
Trd, 4319865.743, 73
Trd, 4319865.893, 72
Trd, 4319866.843, 101
Trd, 4319868.293, 102
Trd, 4319868.943, 93
Trd, 4319869.393, 100
Trd, 4319869.593, 95
Trd, 4319870.393, 84
Trd, 4319871.543, 69
Trd, 4319872.693, 70
Trd, 4319874.143, 93
Trd, 4319874.893, 99
Trd, 4319874.993, 104
Trd, 4319876.043, 111
Trd, 4319876.543, 107
Trd, 4319877.043, 114
Trd, 4319877.493, 108
Trd, 4319878.043, 120
Trd, 4319879.443, 110
Trd, 4319879.593, 109
Trd, 4319881.593, 60
Trd, 4319882.343, 101
Trd, 4319882.493, 91
Trd, 4319883.143, 62
Trd, 4319884.743, 95
Trd, 4319885.293, 64
Trd, 4319886.743, 92
Trd, 4319886.893, 80
Trd, 4319887.093, 112
Trd, 4319888.843, 115
Trd, 4319889.693, 117
Trd, 4319890.943, 116
Trd, 4319891.793, 99
Trd, 4319892.293, 116
Trd, 4319892.393, 106
Trd, 4319892.693, 106
Trd, 4319893.343, 106
Trd, 4319893.393, 102
Trd, 4319893.993, 138
Trd, 4319896.393, 129
Trd, 4319896.443, 127
Trd, 4319896.543, 137
Trd, 4319897.193, 110
Trd, 4319897.693, 117
Trd, 4319899.243, 114
Trd, 4319899.843, 64
Trd, 4319900.693, 78
Trd, 4319901.293, 83
Trd, 4319902.143, 76
Trd, 4319902.443, 76
Trd, 4319903.493, 75
Trd, 4319903.593, 81
Trd, 4319904.093, 74
Trd, 4319904.293, 66
Trd, 4319905.793, 74
Trd, 4319907.643, 101
Trd, 4319907.843, 111
Trd, 4319908.443, 61
Trd, 4319908.693, 80
Trd, 4319908.843, 83
Trd, 4319910.193, 129
Trd, 4319910.793, 75
Trd, 4319911.293, 71
Trd, 4319913.343, 117
Trd, 4319914.043, 117
Trd, 4319914.843, 111
Trd, 4319915.243, 104
Trd, 4319916.143, 112
Trd, 4319916.193, 111
Trd, 4319916.543, 97
Trd, 4319918.593, 101
Trd, 4319918.843, 86
Trd, 4319918.993, 81
Trd, 4319919.743, 94
Trd, 4319920.893, 98
Trd, 4319921.443, 118
Trd, 4319921.593, 93
Trd, 4319922.293, 105
Trd, 4319922.843, 87
Trd, 4319923.143, 82
Trd, 4319923.943, 83
Trd, 4319924.143, 77
Trd, 4319924.343, 130
Trd, 4319925.293, 60
Trd, 4319925.693, 113
Trd, 4319926.143, 110
Trd, 4319926.593, 73
Trd, 4319927.793, 66
Trd, 4319929.043, 74
Trd, 4319929.643, 72
Trd, 4319929.743, 79
Trd, 4319930.893, 109
Trd, 4319932.393, 91
Trd, 4319932.943, 138
Trd, 4319933.993, 111
Trd, 4319934.043, 97
Trd, 4319934.143, 95
Trd, 4319934.743, 101
Trd, 4319935.993, 89
Trd, 4319936.843, 88
Trd, 4319936.943, 87
Trd, 4319938.493, 122
Trd, 4319938.643, 102
Trd, 4319938.993, 97
Trd, 4319939.043, 87
Trd, 4319939.193, 71
Trd, 4319940.943, 91
Trd, 4319941.193, 70
Trd, 4319941.293, 121
Trd, 4319943.293, 136
Trd, 4319943.393, 135
Trd, 4319943.693, 108
Trd, 4319944.493, 106
Trd, 4319944.793, 95
Trd, 4319945.593, 83
Trd, 4319945.643, 95
Trd, 4319946.193, 103
Trd, 4319946.893, 125
Trd, 4319948.243, 89
Trd, 4319948.843, 87
Trd, 4319949.993, 89
Trd, 4319950.443, 93
Trd, 4319951.043, 103
Trd, 4319952.293, 92
Trd, 4319952.493, 92
Trd, 4319953.443, 94
Trd, 4319953.893, 70
Trd, 4319954.893, 88
Trd, 4319955.293, 102
Trd, 4319955.343, 85
Trd, 4319955.993, 61
Trd, 4319956.393, 86
Trd, 4319956.593, 92
Trd, 4319957.993, 64
Trd, 4319959.793, 119
Trd, 4319959.843, 124
Trd, 4319959.893, 108
Trd, 4319961.993, 67
Trd, 4319962.143, 93
Trd, 4319963.593, 61
Trd, 4319964.043, 81
Trd, 4319966.043, 103
Trd, 4319966.143, 100
Trd, 4319966.243, 98
Trd, 4319966.443, 75
Trd, 4319966.793, 73
Trd, 4319969.643, 60
Trd, 4319969.793, 67
Trd, 4319970.243, 66
Trd, 4319971.593, 82
Trd, 4319972.993, 88
Trd, 4319973.443, 87
Trd, 4319973.493, 111
Trd, 4319973.793, 107
Trd, 4319974.743, 76
Trd, 4319975.393, 66
Trd, 4319975.943, 68
Trd, 4319976.143, 65
Trd, 4319976.993, 62
Trd, 4319977.143, 63
Trd, 4319977.293, 61
Trd, 4319979.493, 74
Trd, 4319980.743, 117
Trd, 4319981.643, 104
Trd, 4319982.643, 138
Trd, 4319983.893, 104
Trd, 4319984.043, 103
Trd, 4319984.143, 101
Trd, 4319984.643, 99
Trd, 4319984.943, 94
Trd, 4319986.093, 100
Trd, 4319986.843, 86
Trd, 4319987.643, 61
Trd, 4319989.343, 93
Trd, 4319990.693, 99
Trd, 4319990.943, 85
Trd, 4319991.293, 127
Trd, 4319991.393, 125
Trd, 4319991.593, 104
Trd, 4319991.893, 73
Trd, 4319992.143, 69
Trd, 4319993.993, 130
Trd, 4319994.643, 130
Trd, 4319995.443, 132
Trd, 4319996.093, 139
Trd, 4319996.693, 120
Trd, 4319997.993, 122
Trd, 4319998.143, 121
Trd, 4319999.193, 140
Trd, 4319999.643, 140
Trd, 4319999.843, 88
