Trd, 4318171.543, 140
Trd, 4318171.743, 140
Trd, 4318172.943, 139
Trd, 4318173.193, 123
Trd, 4318173.443, 140
Trd, 4318173.693, 90
Trd, 4318174.893, 70
Trd, 4318175.943, 140
Trd, 4318176.043, 140
Trd, 4318176.543, 116
Trd, 4318178.293, 61
Trd, 4318178.693, 73
Trd, 4318179.043, 124
Trd, 4318179.743, 62
Trd, 4318180.493, 64
Trd, 4318180.793, 75
Trd, 4318183.243, 60
Trd, 4318183.593, 62
Trd, 4318184.193, 61
Trd, 4318184.543, 69
Trd, 4318185.193, 61
Trd, 4318185.693, 61
Trd, 4318186.943, 130
Trd, 4318187.343, 124
Trd, 4318187.893, 67
Trd, 4318188.193, 140
Trd, 4318188.493, 140
Trd, 4318189.343, 62
Trd, 4318190.943, 63
Trd, 4318191.043, 75
Trd, 4318193.093, 140
Trd, 4318193.793, 140
Trd, 4318193.893, 140
Trd, 4318194.093, 139
Trd, 4318194.443, 139
Trd, 4318194.693, 93
Trd, 4318195.643, 138
Trd, 4318197.193, 139
Trd, 4318197.943, 139
Trd, 4318198.043, 138
Trd, 4318199.143, 137
Trd, 4318199.443, 87
Trd, 4318199.493, 86
Trd, 4318200.343, 61
Trd, 4318201.293, 60
Trd, 4318201.443, 62
Trd, 4318202.793, 67
Trd, 4318203.743, 61
Trd, 4318204.943, 62
Trd, 4318205.493, 68
Trd, 4318205.693, 68
Trd, 4318205.793, 100
Trd, 4318206.393, 63
Trd, 4318206.443, 83
Trd, 4318206.743, 66
Trd, 4318207.093, 100
Trd, 4318208.243, 62
Trd, 4318208.343, 69
Trd, 4318209.243, 75
Trd, 4318210.743, 62
Trd, 4318211.143, 65
Trd, 4318211.943, 60
Trd, 4318212.993, 70
Trd, 4318213.893, 139
Trd, 4318214.143, 140
Trd, 4318214.893, 140
Trd, 4318215.193, 140
Trd, 4318215.443, 131
Trd, 4318216.443, 140
Trd, 4318217.093, 140
Trd, 4318217.443, 140
Trd, 4318218.543, 140
Trd, 4318219.143, 137
Trd, 4318219.193, 136
Trd, 4318220.293, 135
Trd, 4318220.943, 140
Trd, 4318221.293, 140
Trd, 4318222.493, 139
Trd, 4318222.543, 139
Trd, 4318223.143, 102
Trd, 4318224.243, 92
Trd, 4318225.143, 130
Trd, 4318225.293, 129
Trd, 4318226.143, 140
Trd, 4318226.443, 140
Trd, 4318226.943, 140
Trd, 4318227.643, 138
Trd, 4318228.293, 140
Trd, 4318228.993, 136
Trd, 4318229.343, 140
Trd, 4318229.743, 135
Trd, 4318229.843, 97
Trd, 4318231.343, 140
Trd, 4318231.393, 138
Trd, 4318232.143, 140
Trd, 4318232.693, 140
Trd, 4318233.693, 135
Trd, 4318233.743, 95
Trd, 4318234.243, 140
Trd, 4318234.543, 60
Trd, 4318235.293, 63
Trd, 4318236.493, 140
Trd, 4318237.093, 140
Trd, 4318237.443, 140
Trd, 4318237.893, 140
Trd, 4318238.793, 140
Trd, 4318239.693, 140
Trd, 4318240.193, 139
Trd, 4318240.343, 134
Trd, 4318241.143, 139
Trd, 4318241.893, 128
Trd, 4318241.993, 110
Trd, 4318242.093, 101
Trd, 4318243.093, 139
Trd, 4318244.793, 140
Trd, 4318245.293, 140
Trd, 4318245.843, 139
Trd, 4318245.893, 127
Trd, 4318246.193, 107
Trd, 4318247.093, 129
Trd, 4318247.343, 104
Trd, 4318248.093, 138
Trd, 4318248.243, 140
Trd, 4318248.543, 140
Trd, 4318249.593, 121
Trd, 4318249.993, 120
Trd, 4318250.643, 82
Trd, 4318251.243, 119
Trd, 4318251.643, 140
Trd, 4318252.493, 140
Trd, 4318252.793, 137
Trd, 4318254.193, 139
Trd, 4318254.243, 96
Trd, 4318256.243, 140
Trd, 4318256.443, 140
Trd, 4318256.543, 138
Trd, 4318256.643, 125
Trd, 4318257.243, 140
Trd, 4318257.393, 94
Trd, 4318257.943, 94
Trd, 4318258.343, 60
Trd, 4318258.393, 64
Trd, 4318259.893, 115
Trd, 4318261.293, 120
Trd, 4318261.443, 119
Trd, 4318261.593, 113
Trd, 4318262.643, 140
Trd, 4318263.493, 138
Trd, 4318264.993, 138
Trd, 4318265.893, 139
Trd, 4318266.543, 140
Trd, 4318267.043, 140
Trd, 4318267.143, 137
Trd, 4318267.743, 137
Trd, 4318268.293, 99
Trd, 4318269.093, 99
Trd, 4318269.343, 106
Trd, 4318270.093, 84
Trd, 4318270.143, 103
Trd, 4318271.093, 140
Trd, 4318271.243, 111
Trd, 4318272.543, 138
Trd, 4318272.943, 139
Trd, 4318273.743, 135
Trd, 4318274.743, 106
Trd, 4318275.343, 140
Trd, 4318275.743, 137
Trd, 4318276.843, 140
Trd, 4318277.043, 132
Trd, 4318277.443, 122
Trd, 4318278.143, 119
Trd, 4318279.143, 140
Trd, 4318279.543, 140
Trd, 4318280.543, 140
Trd, 4318281.293, 140
Trd, 4318282.143, 140
Trd, 4318283.093, 140
Trd, 4318284.543, 140
Trd, 4318285.293, 140
Trd, 4318286.343, 140
Trd, 4318286.643, 140
Trd, 4318287.093, 140
Trd, 4318287.543, 138
Trd, 4318287.893, 137
Trd, 4318288.143, 129
Trd, 4318288.793, 118
Trd, 4318289.393, 138
Trd, 4318289.593, 71
Trd, 4318290.293, 134
Trd, 4318292.343, 61
Trd, 4318293.243, 62
Trd, 4318293.393, 65
Trd, 4318293.843, 139
Trd, 4318295.343, 61
Trd, 4318296.093, 62
Trd, 4318296.543, 140
Trd, 4318297.043, 139
Trd, 4318297.293, 129
Trd, 4318297.993, 110
Trd, 4318298.243, 61
Trd, 4318299.443, 140
Trd, 4318299.843, 140
Trd, 4318300.243, 139
Trd, 4318300.393, 76
Trd, 4318301.293, 85
Trd, 4318301.843, 137
Trd, 4318302.943, 137
Trd, 4318303.643, 140
Trd, 4318303.743, 127
Trd, 4318303.993, 85
Trd, 4318304.793, 67
Trd, 4318306.843, 65
Trd, 4318307.693, 67
Trd, 4318307.993, 72
Trd, 4318308.443, 66
Trd, 4318309.193, 113
Trd, 4318309.843, 138
Trd, 4318309.893, 114
Trd, 4318310.593, 140
Trd, 4318311.493, 136
Trd, 4318312.043, 115
Trd, 4318312.743, 140
Trd, 4318313.593, 140
Trd, 4318314.843, 140
Trd, 4318315.043, 139
Trd, 4318315.343, 138
Trd, 4318315.493, 117
Trd, 4318316.293, 115
Trd, 4318317.543, 140
Trd, 4318317.593, 100
Trd, 4318317.743, 86
Trd, 4318318.943, 60
Trd, 4318320.793, 60
Trd, 4318320.993, 64
Trd, 4318321.193, 65
Trd, 4318321.343, 69
Trd, 4318323.093, 63
Trd, 4318323.893, 66
Trd, 4318323.943, 61
Trd, 4318324.193, 67
Trd, 4318324.893, 60
Trd, 4318325.293, 63
Trd, 4318326.193, 137
Trd, 4318327.343, 140
Trd, 4318327.893, 140
Trd, 4318328.043, 140
Trd, 4318328.193, 140
Trd, 4318330.093, 60
Trd, 4318330.393, 62
Trd, 4318330.993, 60
Trd, 4318331.043, 89
Trd, 4318332.443, 114
Trd, 4318332.593, 113
Trd, 4318332.793, 126
Trd, 4318333.393, 113
Trd, 4318333.843, 70
Trd, 4318334.693, 135
Trd, 4318335.193, 91
Trd, 4318335.593, 63
Trd, 4318336.143, 61
Trd, 4318337.093, 140
Trd, 4318337.943, 64
Trd, 4318338.193, 71
Trd, 4318338.943, 62
Trd, 4318339.593, 139
Trd, 4318340.693, 140
Trd, 4318341.243, 140
Trd, 4318341.693, 140
Trd, 4318342.243, 140
Trd, 4318344.193, 140
Trd, 4318344.443, 140
Trd, 4318344.793, 105
Trd, 4318345.193, 140
Trd, 4318346.293, 139
Trd, 4318348.293, 140
Trd, 4318348.343, 139
Trd, 4318349.043, 140
Trd, 4318349.093, 140
Trd, 4318349.193, 83
Trd, 4318349.393, 140
Trd, 4318350.143, 122
Trd, 4318351.143, 116
Trd, 4318351.243, 82
Trd, 4318352.243, 121
Trd, 4318352.443, 82
Trd, 4318353.393, 140
Trd, 4318353.493, 139
Trd, 4318354.243, 139
Trd, 4318354.393, 85
Trd, 4318355.143, 61
Trd, 4318357.593, 60
Trd, 4318357.893, 62
Trd, 4318357.943, 68
Trd, 4318358.793, 76
Trd, 4318359.043, 77
Trd, 4318359.143, 87
Trd, 4318359.593, 60
Trd, 4318362.243, 60
Trd, 4318362.343, 60
Trd, 4318364.093, 61
Trd, 4318364.343, 63
Trd, 4318364.393, 67
Trd, 4318366.093, 63
Trd, 4318366.443, 63
Trd, 4318366.643, 63
Trd, 4318366.993, 65
Trd, 4318368.093, 85
Trd, 4318368.743, 62
Trd, 4318369.043, 70
Trd, 4318369.693, 62
Trd, 4318370.193, 68
Trd, 4318370.393, 62
Trd, 4318371.193, 140
Trd, 4318371.543, 140
Trd, 4318371.943, 114
Trd, 4318371.993, 113
Trd, 4318372.343, 140
Trd, 4318373.643, 139
Trd, 4318375.893, 140
Trd, 4318375.943, 140
Trd, 4318376.393, 140
Trd, 4318376.993, 140
Trd, 4318377.343, 136
Trd, 4318377.843, 140
Trd, 4318378.043, 140
Trd, 4318379.543, 140
Trd, 4318379.693, 111
Trd, 4318380.093, 62
Trd, 4318381.893, 140
Trd, 4318382.543, 139
Trd, 4318383.193, 140
Trd, 4318384.093, 140
Trd, 4318384.643, 140
Trd, 4318384.743, 128
Trd, 4318386.043, 140
Trd, 4318386.243, 140
Trd, 4318386.393, 137
Trd, 4318386.793, 114
Trd, 4318387.943, 118
Trd, 4318389.043, 140
Trd, 4318389.093, 139
Trd, 4318389.593, 115
Trd, 4318390.293, 140
Trd, 4318390.343, 102
Trd, 4318391.593, 130
Trd, 4318392.093, 140
Trd, 4318392.843, 140
Trd, 4318394.243, 140
Trd, 4318394.693, 140
Trd, 4318395.493, 140
Trd, 4318396.093, 140
Trd, 4318396.393, 139
Trd, 4318396.443, 135
Trd, 4318397.193, 140
Trd, 4318398.343, 93
Trd, 4318399.293, 140
Trd, 4318399.643, 139
Trd, 4318400.093, 137
Trd, 4318401.043, 136
Trd, 4318401.193, 135
Trd, 4318401.593, 135
Trd, 4318403.143, 136
Trd, 4318403.743, 121
Trd, 4318404.193, 83
Trd, 4318404.443, 140
Trd, 4318405.093, 140
Trd, 4318405.293, 140
Trd, 4318405.843, 140
Trd, 4318405.993, 140
Trd, 4318406.093, 118
Trd, 4318408.693, 140
Trd, 4318409.593, 139
Trd, 4318409.643, 133
Trd, 4318410.693, 68
Trd, 4318410.993, 85
Trd, 4318411.993, 135
Trd, 4318413.393, 140
Trd, 4318413.793, 140
Trd, 4318413.843, 140
Trd, 4318414.393, 140
Trd, 4318414.693, 140
Trd, 4318415.143, 96
Trd, 4318415.493, 69
Trd, 4318416.343, 138
Trd, 4318416.993, 120
Trd, 4318417.143, 116
Trd, 4318417.493, 131
Trd, 4318417.743, 127
Trd, 4318418.443, 140
Trd, 4318419.493, 135
Trd, 4318419.793, 132
Trd, 4318420.743, 118
Trd, 4318421.343, 92
Trd, 4318423.893, 62
Trd, 4318423.943, 63
Trd, 4318423.993, 66
Trd, 4318424.693, 64
Trd, 4318425.543, 63
Trd, 4318426.243, 62
Trd, 4318426.443, 124
Trd, 4318428.043, 62
Trd, 4318428.193, 62
Trd, 4318428.243, 63
Trd, 4318428.593, 64
Trd, 4318429.443, 64
Trd, 4318430.593, 73
Trd, 4318431.743, 64
Trd, 4318432.643, 71
Trd, 4318432.693, 102
Trd, 4318433.393, 74
Trd, 4318434.493, 140
Trd, 4318434.843, 140
Trd, 4318435.143, 140
Trd, 4318435.543, 140
Trd, 4318436.893, 62
Trd, 4318437.743, 65
Trd, 4318438.693, 61
Trd, 4318440.393, 60
Trd, 4318440.643, 60
Trd, 4318440.693, 61
Trd, 4318440.893, 61
Trd, 4318442.193, 140
Trd, 4318442.393, 139
Trd, 4318443.393, 140
Trd, 4318444.893, 140
Trd, 4318445.143, 140
Trd, 4318445.193, 140
Trd, 4318445.343, 136
Trd, 4318445.743, 129
Trd, 4318445.943, 140
Trd, 4318446.943, 91
Trd, 4318447.793, 121
Trd, 4318447.893, 132
Trd, 4318448.243, 120
Trd, 4318448.593, 134
Trd, 4318449.543, 139
Trd, 4318449.643, 120
Trd, 4318451.143, 140
Trd, 4318452.843, 110
Trd, 4318452.943, 109
Trd, 4318453.093, 79
Trd, 4318453.293, 63
Trd, 4318453.343, 119
Trd, 4318454.243, 129
Trd, 4318454.993, 80
Trd, 4318456.043, 140
Trd, 4318457.043, 140
Trd, 4318457.693, 140
Trd, 4318458.293, 121
Trd, 4318459.493, 140
Trd, 4318459.793, 140
Trd, 4318460.143, 140
Trd, 4318461.243, 140
Trd, 4318461.493, 107
Trd, 4318462.343, 137
Trd, 4318462.543, 90
Trd, 4318463.293, 63
Trd, 4318463.843, 64
Trd, 4318465.943, 140
Trd, 4318466.243, 140
Trd, 4318466.293, 140
Trd, 4318467.143, 139
Trd, 4318467.493, 138
Trd, 4318468.393, 140
Trd, 4318469.493, 140
Trd, 4318469.693, 135
Trd, 4318470.593, 140
Trd, 4318471.243, 140
Trd, 4318471.543, 140
Trd, 4318471.743, 138
Trd, 4318472.243, 138
Trd, 4318472.693, 130
Trd, 4318473.093, 94
Trd, 4318473.193, 93
Trd, 4318475.343, 140
Trd, 4318476.043, 140
Trd, 4318476.443, 137
Trd, 4318476.743, 140
Trd, 4318477.043, 137
Trd, 4318477.943, 140
Trd, 4318478.243, 140
Trd, 4318479.043, 140
Trd, 4318479.143, 129
Trd, 4318479.793, 138
Trd, 4318480.243, 137
Trd, 4318481.893, 135
Trd, 4318482.343, 115
Trd, 4318483.093, 117
Trd, 4318483.443, 138
Trd, 4318483.493, 107
Trd, 4318484.043, 140
Trd, 4318484.143, 139
Trd, 4318485.093, 138
Trd, 4318485.893, 138
Trd, 4318486.943, 124
Trd, 4318487.543, 138
Trd, 4318487.593, 109
Trd, 4318488.593, 61
Trd, 4318489.943, 63
Trd, 4318490.143, 67
Trd, 4318490.293, 124
Trd, 4318491.643, 61
Trd, 4318491.893, 67
Trd, 4318493.993, 61
Trd, 4318494.793, 61
Trd, 4318494.843, 62
Trd, 4318495.193, 67
Trd, 4318496.093, 61
Trd, 4318496.443, 61
Trd, 4318496.743, 64
Trd, 4318496.893, 68
Trd, 4318497.993, 60
Trd, 4318498.843, 134
Trd, 4318499.593, 69
Trd, 4318500.043, 60
Trd, 4318500.643, 138
Trd, 4318501.293, 131
Trd, 4318501.493, 129
Trd, 4318501.993, 139
Trd, 4318502.093, 129
Trd, 4318502.293, 128
Trd, 4318503.693, 127
Trd, 4318503.993, 125
Trd, 4318505.143, 140
Trd, 4318505.993, 140
Trd, 4318506.143, 139
Trd, 4318506.643, 134
Trd, 4318506.693, 121
Trd, 4318507.793, 68
Trd, 4318508.893, 60
Trd, 4318509.543, 60
Trd, 4318510.343, 63
Trd, 4318511.343, 66
Trd, 4318511.843, 66
Trd, 4318512.093, 72
Trd, 4318512.643, 124
Trd, 4318514.293, 60
Trd, 4318514.943, 140
Trd, 4318515.043, 136
Trd, 4318515.343, 85
Trd, 4318516.393, 139
Trd, 4318516.893, 139
Trd, 4318517.343, 139
Trd, 4318518.393, 138
Trd, 4318519.843, 138
Trd, 4318520.143, 137
Trd, 4318520.393, 136
Trd, 4318520.893, 131
Trd, 4318520.943, 113
Trd, 4318521.343, 136
Trd, 4318521.893, 140
Trd, 4318522.893, 140
Trd, 4318524.443, 139
Trd, 4318525.143, 140
Trd, 4318525.693, 139
Trd, 4318526.193, 137
Trd, 4318526.743, 123
Trd, 4318526.943, 118
Trd, 4318527.843, 138
Trd, 4318527.893, 137
Trd, 4318528.093, 114
Trd, 4318528.993, 122
Trd, 4318530.393, 60
Trd, 4318530.443, 63
Trd, 4318531.393, 60
Trd, 4318532.393, 60
Trd, 4318532.993, 60
Trd, 4318534.093, 60
Trd, 4318534.393, 61
Trd, 4318534.593, 65
Trd, 4318534.693, 67
Trd, 4318535.343, 139
Trd, 4318535.443, 60
Trd, 4318536.793, 63
Trd, 4318538.093, 65
Trd, 4318538.593, 66
Trd, 4318539.393, 140
Trd, 4318540.043, 140
Trd, 4318541.093, 64
Trd, 4318541.543, 65
Trd, 4318541.793, 70
Trd, 4318542.493, 82
Trd, 4318543.243, 140
Trd, 4318543.893, 140
Trd, 4318543.943, 139
Trd, 4318544.543, 91
Trd, 4318545.493, 136
Trd, 4318545.543, 116
Trd, 4318546.443, 140
Trd, 4318546.943, 118
Trd, 4318546.993, 96
Trd, 4318548.893, 67
Trd, 4318549.893, 65
Trd, 4318550.143, 63
Trd, 4318550.193, 68
Trd, 4318550.643, 97
Trd, 4318551.943, 63
Trd, 4318552.493, 60
Trd, 4318552.643, 83
Trd, 4318552.993, 68
Trd, 4318553.043, 63
Trd, 4318553.493, 133
Trd, 4318554.543, 61
Trd, 4318555.093, 61
Trd, 4318555.543, 69
Trd, 4318556.343, 113
Trd, 4318557.143, 63
Trd, 4318557.693, 140
Trd, 4318558.043, 86
Trd, 4318558.593, 63
Trd, 4318559.693, 60
Trd, 4318560.243, 62
Trd, 4318561.043, 60
Trd, 4318561.843, 62
Trd, 4318562.193, 64
Trd, 4318563.293, 60
Trd, 4318564.943, 64
Trd, 4318564.993, 66
Trd, 4318566.393, 60
Trd, 4318567.143, 70
Trd, 4318567.343, 61
Trd, 4318568.843, 63
Trd, 4318569.243, 64
Trd, 4318569.743, 64
Trd, 4318569.993, 66
Trd, 4318570.043, 65
Trd, 4318570.443, 75
Trd, 4318572.443, 61
Trd, 4318572.543, 61
Trd, 4318572.793, 63
Trd, 4318572.993, 64
Trd, 4318574.393, 60
Trd, 4318574.793, 61
Trd, 4318577.293, 65
Trd, 4318577.543, 60
Trd, 4318577.793, 74
Trd, 4318578.493, 60
Trd, 4318579.143, 62
Trd, 4318579.443, 66
Trd, 4318580.043, 136
Trd, 4318580.143, 60
Trd, 4318582.693, 64
Trd, 4318583.243, 72
Trd, 4318583.293, 72
Trd, 4318583.493, 81
Trd, 4318583.593, 118
Trd, 4318585.243, 66
Trd, 4318585.293, 89
Trd, 4318586.093, 64
Trd, 4318586.543, 64
Trd, 4318586.693, 66
Trd, 4318586.843, 60
Trd, 4318589.393, 60
Trd, 4318589.443, 63
Trd, 4318590.093, 63
Trd, 4318590.293, 64
Trd, 4318590.493, 62
Trd, 4318591.543, 97
Trd, 4318592.093, 139
Trd, 4318593.943, 66
Trd, 4318593.993, 68
Trd, 4318594.993, 67
Trd, 4318595.693, 63
Trd, 4318596.343, 71
Trd, 4318597.643, 71
Trd, 4318598.193, 73
Trd, 4318599.343, 64
Trd, 4318599.493, 72
Trd, 4318601.893, 138
Trd, 4318602.293, 133
Trd, 4318602.393, 130
Trd, 4318603.043, 139
Trd, 4318603.093, 126
Trd, 4318604.143, 137
Trd, 4318604.693, 103
Trd, 4318605.993, 140
Trd, 4318606.243, 139
Trd, 4318606.393, 138
Trd, 4318607.043, 139
Trd, 4318608.193, 129
Trd, 4318608.243, 126
Trd, 4318609.643, 128
Trd, 4318610.493, 140
Trd, 4318610.943, 140
Trd, 4318611.743, 137
Trd, 4318611.943, 108
Trd, 4318612.543, 67
Trd, 4318613.343, 123
Trd, 4318614.393, 137
Trd, 4318615.043, 118
Trd, 4318615.543, 65
Trd, 4318617.693, 60
Trd, 4318618.043, 60
Trd, 4318618.143, 65
Trd, 4318618.543, 140
Trd, 4318619.593, 137
Trd, 4318619.943, 131
Trd, 4318619.993, 79
Trd, 4318620.843, 140
Trd, 4318621.143, 140
Trd, 4318621.743, 139
Trd, 4318622.743, 139
Trd, 4318623.643, 140
Trd, 4318623.693, 139
Trd, 4318624.743, 140
Trd, 4318624.943, 138
Trd, 4318626.093, 110
Trd, 4318626.493, 138
Trd, 4318627.643, 134
Trd, 4318627.893, 137
Trd, 4318628.193, 133
Trd, 4318628.493, 132
Trd, 4318629.093, 140
Trd, 4318629.743, 124
Trd, 4318630.293, 139
Trd, 4318631.393, 140
Trd, 4318631.643, 139
Trd, 4318632.243, 139
Trd, 4318632.993, 139
Trd, 4318633.293, 136
Trd, 4318633.693, 110
Trd, 4318634.493, 126
Trd, 4318635.843, 140
Trd, 4318635.993, 140
Trd, 4318636.343, 139
Trd, 4318637.093, 140
Trd, 4318637.293, 139
Trd, 4318637.493, 121
Trd, 4318637.693, 91
Trd, 4318639.093, 60
Trd, 4318639.693, 98
Trd, 4318639.893, 95
Trd, 4318641.043, 140
Trd, 4318641.243, 140
Trd, 4318643.243, 137
Trd, 4318643.693, 136
Trd, 4318645.293, 137
Trd, 4318646.193, 140
Trd, 4318646.293, 140
Trd, 4318646.893, 140
Trd, 4318647.193, 140
Trd, 4318647.993, 139
Trd, 4318648.143, 138
Trd, 4318648.443, 138
Trd, 4318649.493, 140
Trd, 4318650.493, 140
Trd, 4318650.843, 140
Trd, 4318650.943, 140
Trd, 4318651.843, 140
Trd, 4318652.093, 140
Trd, 4318653.193, 136
Trd, 4318654.693, 139
Trd, 4318654.743, 138
Trd, 4318654.943, 137
Trd, 4318656.093, 136
Trd, 4318656.143, 133
Trd, 4318656.693, 104
Trd, 4318657.643, 140
Trd, 4318658.243, 139
Trd, 4318658.293, 103
Trd, 4318659.143, 135
Trd, 4318659.843, 123
Trd, 4318661.493, 138
Trd, 4318661.743, 134
Trd, 4318662.393, 127
Trd, 4318662.843, 140
Trd, 4318663.343, 137
Trd, 4318664.693, 140
Trd, 4318664.893, 140
Trd, 4318665.043, 138
Trd, 4318665.493, 114
Trd, 4318666.493, 138
Trd, 4318667.293, 139
Trd, 4318668.493, 72
Trd, 4318669.493, 139
Trd, 4318669.843, 60
Trd, 4318669.893, 65
Trd, 4318670.593, 64
Trd, 4318670.993, 64
Trd, 4318671.443, 62
Trd, 4318672.543, 140
Trd, 4318672.593, 140
Trd, 4318673.443, 140
Trd, 4318675.393, 140
Trd, 4318675.493, 140
Trd, 4318675.543, 140
Trd, 4318676.443, 140
Trd, 4318677.493, 140
Trd, 4318677.543, 133
Trd, 4318678.243, 139
Trd, 4318678.293, 124
Trd, 4318679.143, 140
Trd, 4318679.843, 139
Trd, 4318679.943, 96
Trd, 4318680.843, 140
Trd, 4318681.793, 139
Trd, 4318682.843, 111
Trd, 4318683.143, 121
Trd, 4318683.543, 110
Trd, 4318684.543, 60
Trd, 4318684.693, 63
Trd, 4318685.993, 138
Trd, 4318686.393, 61
Trd, 4318687.593, 114
Trd, 4318687.943, 138
Trd, 4318688.193, 137
Trd, 4318688.943, 140
Trd, 4318689.193, 140
Trd, 4318689.893, 140
Trd, 4318690.143, 140
Trd, 4318690.843, 140
Trd, 4318691.793, 140
Trd, 4318691.893, 140
Trd, 4318693.043, 129
Trd, 4318693.293, 128
Trd, 4318693.443, 114
Trd, 4318694.943, 66
Trd, 4318695.743, 62
Trd, 4318696.093, 60
Trd, 4318696.693, 64
Trd, 4318697.493, 117
Trd, 4318698.193, 140
Trd, 4318698.543, 140
Trd, 4318699.093, 139
Trd, 4318700.093, 137
Trd, 4318700.493, 140
Trd, 4318701.243, 60
Trd, 4318703.043, 140
Trd, 4318703.093, 140
Trd, 4318704.093, 140
Trd, 4318705.193, 140
Trd, 4318705.643, 140
Trd, 4318706.293, 139
Trd, 4318706.843, 139
Trd, 4318706.993, 134
Trd, 4318707.843, 140
Trd, 4318708.443, 140
Trd, 4318709.093, 139
Trd, 4318710.243, 140
Trd, 4318710.943, 140
Trd, 4318712.043, 140
Trd, 4318712.393, 140
Trd, 4318712.993, 127
Trd, 4318713.443, 139
Trd, 4318713.943, 118
Trd, 4318714.393, 140
Trd, 4318715.693, 95
Trd, 4318715.993, 95
Trd, 4318716.593, 139
Trd, 4318717.293, 140
Trd, 4318717.743, 66
Trd, 4318717.793, 68
Trd, 4318718.443, 60
Trd, 4318719.443, 131
Trd, 4318720.293, 131
Trd, 4318720.993, 137
Trd, 4318721.993, 140
Trd, 4318722.993, 140
Trd, 4318723.243, 140
Trd, 4318723.543, 140
Trd, 4318723.793, 140
Trd, 4318724.593, 139
Trd, 4318725.043, 125
Trd, 4318726.393, 131
Trd, 4318727.443, 139
Trd, 4318727.643, 108
Trd, 4318727.743, 106
Trd, 4318728.193, 66
Trd, 4318728.993, 140
Trd, 4318729.393, 135
Trd, 4318730.493, 140
Trd, 4318730.543, 140
Trd, 4318730.843, 140
Trd, 4318732.143, 140
Trd, 4318732.543, 140
Trd, 4318732.993, 140
Trd, 4318733.543, 140
Trd, 4318734.043, 130
Trd, 4318734.443, 99
Trd, 4318735.043, 100
Trd, 4318735.293, 98
Trd, 4318736.143, 137
Trd, 4318736.643, 129
Trd, 4318737.293, 68
Trd, 4318738.043, 102
Trd, 4318738.143, 63
Trd, 4318739.493, 137
Trd, 4318740.143, 118
Trd, 4318740.743, 80
Trd, 4318741.193, 65
Trd, 4318741.893, 110
Trd, 4318742.243, 61
Trd, 4318743.993, 61
Trd, 4318744.543, 83
Trd, 4318744.743, 82
Trd, 4318745.643, 68
Trd, 4318745.943, 73
Trd, 4318746.343, 74
Trd, 4318747.493, 71
Trd, 4318747.643, 70
Trd, 4318748.393, 64
Trd, 4318749.093, 65
Trd, 4318749.493, 63
Trd, 4318750.093, 64
Trd, 4318750.793, 140
Trd, 4318750.943, 139
Trd, 4318752.493, 139
Trd, 4318754.293, 140
Trd, 4318754.393, 140
Trd, 4318754.543, 91
Trd, 4318755.093, 95
Trd, 4318756.293, 61
Trd, 4318756.793, 94
Trd, 4318757.193, 64
Trd, 4318758.043, 64
Trd, 4318758.243, 63
Trd, 4318758.693, 140
Trd, 4318758.943, 140
Trd, 4318759.093, 60
Trd, 4318760.293, 61
Trd, 4318760.393, 63
Trd, 4318760.643, 61
Trd, 4318761.243, 140
Trd, 4318761.993, 103
Trd, 4318763.293, 140
Trd, 4318763.943, 140
Trd, 4318764.693, 140
Trd, 4318764.843, 140
Trd, 4318765.293, 139
Trd, 4318766.293, 140
Trd, 4318767.643, 140
Trd, 4318767.693, 140
Trd, 4318767.743, 140
Trd, 4318769.343, 137
Trd, 4318769.443, 113
Trd, 4318769.543, 104
Trd, 4318770.993, 103
Trd, 4318771.143, 102
Trd, 4318771.343, 88
Trd, 4318772.643, 61
Trd, 4318773.293, 60
Trd, 4318774.793, 140
Trd, 4318775.543, 140
Trd, 4318775.693, 140
Trd, 4318775.743, 139
Trd, 4318776.993, 118
Trd, 4318777.143, 117
Trd, 4318777.693, 140
Trd, 4318777.993, 119
Trd, 4318778.043, 107
Trd, 4318780.043, 60
Trd, 4318780.343, 61
Trd, 4318780.643, 69
Trd, 4318781.793, 62
Trd, 4318782.943, 140
Trd, 4318783.393, 115
Trd, 4318784.843, 140
Trd, 4318785.093, 140
Trd, 4318785.293, 129
Trd, 4318786.193, 130
Trd, 4318787.093, 140
Trd, 4318787.743, 140
Trd, 4318788.093, 140
Trd, 4318788.893, 136
Trd, 4318789.993, 140
Trd, 4318791.493, 140
Trd, 4318792.093, 140
Trd, 4318793.043, 140
Trd, 4318794.593, 136
Trd, 4318794.793, 118
Trd, 4318794.893, 113
Trd, 4318794.943, 82
Trd, 4318795.593, 139
Trd, 4318795.993, 138
Trd, 4318796.693, 120
Trd, 4318799.093, 60
Trd, 4318799.243, 64
Trd, 4318800.493, 60
Trd, 4318800.743, 61
Trd, 4318800.843, 62
Trd, 4318802.293, 61
Trd, 4318803.043, 60
Trd, 4318803.593, 61
Trd, 4318803.893, 62
Trd, 4318804.793, 61
Trd, 4318805.043, 60
Trd, 4318806.243, 60
Trd, 4318807.693, 62
Trd, 4318807.743, 68
Trd, 4318808.243, 121
Trd, 4318809.543, 128
Trd, 4318810.643, 140
Trd, 4318811.243, 103
Trd, 4318811.543, 140
Trd, 4318811.893, 92
Trd, 4318812.293, 140
Trd, 4318813.043, 140
Trd, 4318813.443, 139
Trd, 4318813.993, 123
Trd, 4318814.493, 71
Trd, 4318814.893, 139
Trd, 4318816.493, 134
Trd, 4318817.443, 139
Trd, 4318817.893, 138
Trd, 4318818.943, 137
Trd, 4318819.043, 127
Trd, 4318819.843, 139
Trd, 4318820.043, 134
Trd, 4318820.493, 135
Trd, 4318821.493, 138
Trd, 4318821.543, 132
Trd, 4318822.743, 116
Trd, 4318822.793, 76
Trd, 4318823.543, 139
Trd, 4318824.593, 138
Trd, 4318825.143, 64
Trd, 4318826.043, 126
Trd, 4318826.293, 124
Trd, 4318826.643, 105
Trd, 4318827.243, 122
Trd, 4318827.693, 140
Trd, 4318828.043, 132
Trd, 4318829.043, 70
Trd, 4318829.893, 60
Trd, 4318830.793, 111
Trd, 4318831.093, 140
Trd, 4318831.743, 133
Trd, 4318832.043, 131
Trd, 4318832.493, 130
Trd, 4318832.993, 128
Trd, 4318833.093, 117
Trd, 4318835.593, 100
Trd, 4318836.643, 60
Trd, 4318836.993, 61
Trd, 4318837.443, 60
Trd, 4318837.493, 67
Trd, 4318837.643, 76
Trd, 4318838.143, 102
Trd, 4318838.893, 140
Trd, 4318839.293, 140
Trd, 4318839.793, 138
Trd, 4318839.893, 136
Trd, 4318841.143, 98
Trd, 4318841.893, 140
Trd, 4318842.343, 140
Trd, 4318842.843, 140
Trd, 4318843.993, 140
Trd, 4318844.643, 140
Trd, 4318845.443, 140
Trd, 4318847.143, 140
Trd, 4318847.293, 140
Trd, 4318847.343, 132
Trd, 4318847.743, 111
Trd, 4318848.143, 134
Trd, 4318848.193, 84
Trd, 4318848.343, 83
Trd, 4318849.093, 100
Trd, 4318849.593, 62
Trd, 4318851.043, 140
Trd, 4318851.943, 60
Trd, 4318852.193, 119
Trd, 4318852.493, 88
Trd, 4318854.143, 136
Trd, 4318854.393, 124
Trd, 4318854.443, 123
Trd, 4318854.743, 87
Trd, 4318855.493, 140
Trd, 4318855.543, 139
Trd, 4318857.593, 125
Trd, 4318858.193, 131
Trd, 4318858.493, 124
Trd, 4318858.993, 140
Trd, 4318859.393, 131
Trd, 4318859.793, 122
Trd, 4318859.943, 89
Trd, 4318861.893, 140
Trd, 4318861.943, 140
Trd, 4318863.343, 140
Trd, 4318863.593, 139
Trd, 4318863.843, 136
Trd, 4318864.593, 140
Trd, 4318864.893, 139
Trd, 4318865.193, 139
Trd, 4318865.543, 135
Trd, 4318865.593, 83
Trd, 4318866.393, 138
Trd, 4318867.093, 140
Trd, 4318868.043, 108
Trd, 4318868.993, 140
Trd, 4318869.243, 140
Trd, 4318870.293, 140
Trd, 4318871.143, 140
Trd, 4318871.293, 138
Trd, 4318871.543, 64
Trd, 4318872.093, 64
Trd, 4318873.493, 129
Trd, 4318874.793, 140
Trd, 4318874.893, 139
Trd, 4318874.943, 129
Trd, 4318875.793, 138
Trd, 4318876.843, 140
Trd, 4318877.093, 140
Trd, 4318877.193, 137
Trd, 4318878.493, 85
Trd, 4318879.243, 131
Trd, 4318879.493, 103
Trd, 4318880.843, 135
Trd, 4318881.693, 140
Trd, 4318882.043, 140
Trd, 4318882.593, 140
Trd, 4318883.393, 139
Trd, 4318883.593, 111
Trd, 4318884.343, 127
Trd, 4318884.493, 126
Trd, 4318884.893, 140
Trd, 4318886.743, 140
Trd, 4318886.943, 139
Trd, 4318886.993, 66
Trd, 4318887.893, 137
Trd, 4318888.993, 60
Trd, 4318889.643, 70
Trd, 4318889.993, 63
Trd, 4318890.743, 66
Trd, 4318891.243, 137
Trd, 4318891.593, 64
Trd, 4318892.343, 136
Trd, 4318893.393, 139
Trd, 4318894.693, 137
Trd, 4318895.743, 140
Trd, 4318895.943, 137
Trd, 4318896.093, 139
Trd, 4318896.343, 136
Trd, 4318897.293, 110
Trd, 4318898.443, 140
Trd, 4318898.793, 140
Trd, 4318899.043, 140
Trd, 4318899.693, 126
Trd, 4318900.893, 139
Trd, 4318901.093, 137
Trd, 4318901.893, 134
Trd, 4318901.993, 82
Trd, 4318903.193, 68
Trd, 4318903.993, 61
Trd, 4318904.443, 63
Trd, 4318906.043, 62
Trd, 4318906.693, 65
Trd, 4318906.893, 67
Trd, 4318907.393, 65
Trd, 4318907.543, 68
Trd, 4318908.493, 90
Trd, 4318908.593, 89
Trd, 4318909.243, 86
Trd, 4318909.343, 83
Trd, 4318910.043, 138
Trd, 4318910.943, 140
Trd, 4318911.093, 140
Trd, 4318911.993, 108
Trd, 4318912.843, 106
Trd, 4318913.393, 123
Trd, 4318913.993, 124
Trd, 4318914.893, 140
Trd, 4318915.343, 140
Trd, 4318915.493, 135
Trd, 4318916.343, 112
Trd, 4318916.593, 111
Trd, 4318917.293, 94
Trd, 4318918.343, 94
Trd, 4318919.093, 108
Trd, 4318919.343, 130
Trd, 4318919.693, 140
Trd, 4318919.793, 116
Trd, 4318920.193, 140
Trd, 4318921.193, 68
Trd, 4318921.893, 61
Trd, 4318922.143, 66
Trd, 4318923.093, 115
Trd, 4318924.343, 140
Trd, 4318924.393, 140
Trd, 4318924.793, 120
Trd, 4318926.693, 140
Trd, 4318927.293, 132
Trd, 4318927.943, 129
Trd, 4318928.093, 129
Trd, 4318928.243, 128
Trd, 4318929.293, 140
Trd, 4318929.543, 139
Trd, 4318929.693, 133
Trd, 4318930.043, 133
Trd, 4318930.793, 90
Trd, 4318931.643, 78
Trd, 4318932.143, 101
Trd, 4318932.793, 139
Trd, 4318932.843, 78
Trd, 4318933.993, 132
Trd, 4318934.743, 140
Trd, 4318935.493, 139
Trd, 4318935.993, 136
Trd, 4318936.593, 136
Trd, 4318937.393, 140
Trd, 4318937.743, 139
Trd, 4318937.943, 117
Trd, 4318938.693, 139
Trd, 4318939.693, 110
Trd, 4318940.343, 66
Trd, 4318940.593, 63
Trd, 4318941.843, 95
Trd, 4318942.443, 73
Trd, 4318942.743, 61
Trd, 4318943.343, 60
Trd, 4318943.943, 78
Trd, 4318944.343, 61
Trd, 4318946.043, 62
Trd, 4318947.343, 60
Trd, 4318948.643, 60
Trd, 4318948.893, 61
Trd, 4318949.443, 60
Trd, 4318949.693, 61
Trd, 4318950.443, 60
Trd, 4318950.743, 60
Trd, 4318951.143, 65
Trd, 4318952.143, 115
Trd, 4318952.443, 135
Trd, 4318953.093, 136
Trd, 4318953.393, 135
Trd, 4318953.493, 127
Trd, 4318954.343, 61
Trd, 4318954.543, 62
Trd, 4318956.793, 60
Trd, 4318956.893, 62
Trd, 4318957.993, 60
Trd, 4318959.293, 62
Trd, 4318959.693, 60
Trd, 4318959.843, 64
Trd, 4318960.593, 64
Trd, 4318961.943, 64
Trd, 4318962.943, 60
Trd, 4318963.243, 61
Trd, 4318963.993, 67
Trd, 4318964.543, 61
Trd, 4318964.993, 63
Trd, 4318965.943, 60
Trd, 4318967.393, 61
Trd, 4318967.543, 64
Trd, 4318968.243, 64
Trd, 4318968.743, 71
Trd, 4318968.943, 139
Trd, 4318969.543, 109
Trd, 4318969.793, 94
Trd, 4318970.593, 140
Trd, 4318971.243, 107
Trd, 4318971.443, 106
Trd, 4318972.443, 140
Trd, 4318972.593, 139
Trd, 4318972.943, 98
Trd, 4318973.543, 134
Trd, 4318973.693, 94
Trd, 4318973.793, 72
Trd, 4318975.643, 64
Trd, 4318976.193, 60
Trd, 4318977.193, 62
Trd, 4318977.243, 64
Trd, 4318979.843, 61
Trd, 4318980.043, 63
Trd, 4318981.193, 61
Trd, 4318981.293, 68
Trd, 4318982.143, 60
Trd, 4318982.193, 64
Trd, 4318983.293, 60
Trd, 4318984.143, 60
Trd, 4318984.893, 62
Trd, 4318985.293, 63
Trd, 4318985.643, 64
Trd, 4318986.493, 67
Trd, 4318987.693, 63
Trd, 4318987.793, 69
Trd, 4318989.093, 140
Trd, 4318989.293, 140
Trd, 4318990.243, 140
Trd, 4318990.293, 140
Trd, 4318990.843, 129
Trd, 4318991.943, 64
Trd, 4318992.443, 77
Trd, 4318993.043, 70
Trd, 4318993.543, 62
Trd, 4318993.593, 87
Trd, 4318994.693, 61
Trd, 4318995.293, 64
Trd, 4318996.293, 140
Trd, 4318996.593, 140
Trd, 4318996.943, 140
Trd, 4318997.293, 140
Trd, 4318998.143, 140
Trd, 4318998.243, 140
Trd, 4318999.343, 96
Trd, 4319000.943, 140
Trd, 4319001.343, 139
Trd, 4319001.393, 138
Trd, 4319001.843, 139
Trd, 4319002.643, 139
Trd, 4319004.043, 123
Trd, 4319004.093, 122
Trd, 4319004.393, 121
Trd, 4319005.343, 139
Trd, 4319005.843, 125
Trd, 4319007.093, 140
Trd, 4319007.593, 139
Trd, 4319007.993, 138
Trd, 4319008.593, 125
Trd, 4319008.693, 85
Trd, 4319009.593, 98
Trd, 4319010.393, 61
Trd, 4319010.493, 64
Trd, 4319011.293, 72
Trd, 4319012.543, 60
Trd, 4319013.493, 64
Trd, 4319013.993, 64
Trd, 4319014.193, 66
Trd, 4319014.293, 86
Trd, 4319015.243, 64
Trd, 4319015.543, 62
Trd, 4319016.643, 61
Trd, 4319017.493, 78
Trd, 4319017.993, 66
Trd, 4319020.543, 62
Trd, 4319020.793, 65
Trd, 4319021.043, 60
Trd, 4319021.243, 60
Trd, 4319021.293, 67
Trd, 4319021.693, 97
Trd, 4319022.743, 64
Trd, 4319022.993, 68
Trd, 4319023.143, 106
Trd, 4319025.793, 62
Trd, 4319026.793, 62
Trd, 4319027.443, 63
Trd, 4319027.693, 63
Trd, 4319028.193, 61
Trd, 4319028.593, 68
Trd, 4319028.943, 61
Trd, 4319029.693, 62
Trd, 4319029.943, 131
Trd, 4319030.993, 140
Trd, 4319031.943, 140
Trd, 4319032.693, 140
Trd, 4319033.043, 139
Trd, 4319033.493, 140
Trd, 4319033.843, 139
Trd, 4319034.643, 138
Trd, 4319035.543, 140
Trd, 4319035.793, 137
Trd, 4319036.143, 137
Trd, 4319037.493, 135
Trd, 4319038.493, 135
Trd, 4319039.393, 122
Trd, 4319040.693, 138
Trd, 4319040.843, 128
Trd, 4319041.143, 79
Trd, 4319041.593, 140
Trd, 4319041.843, 140
Trd, 4319043.093, 137
Trd, 4319043.493, 139
Trd, 4319044.893, 140
Trd, 4319045.243, 140
Trd, 4319045.593, 133
Trd, 4319045.993, 132
Trd, 4319046.093, 108
Trd, 4319046.993, 137
Trd, 4319047.893, 136
Trd, 4319048.043, 140
Trd, 4319048.593, 132
Trd, 4319048.793, 130
Trd, 4319048.893, 83
Trd, 4319049.843, 62
Trd, 4319050.693, 140
Trd, 4319052.093, 140
Trd, 4319053.143, 139
Trd, 4319053.193, 138
Trd, 4319054.343, 140
Trd, 4319054.893, 138
Trd, 4319055.043, 108
Trd, 4319056.543, 140
Trd, 4319057.093, 140
Trd, 4319057.293, 138
Trd, 4319058.193, 140
Trd, 4319058.343, 140
Trd, 4319058.893, 140
Trd, 4319059.393, 140
Trd, 4319059.943, 138
Trd, 4319062.093, 140
Trd, 4319062.643, 140
Trd, 4319063.293, 138
Trd, 4319063.343, 137
Trd, 4319063.693, 124
Trd, 4319063.843, 107
Trd, 4319064.093, 81
Trd, 4319064.643, 83
Trd, 4319065.143, 88
Trd, 4319065.193, 87
Trd, 4319065.693, 79
Trd, 4319066.593, 140
Trd, 4319068.093, 140
Trd, 4319068.343, 140
Trd, 4319069.893, 140
Trd, 4319070.143, 140
Trd, 4319071.043, 140
Trd, 4319071.243, 140
Trd, 4319071.443, 140
Trd, 4319071.793, 79
Trd, 4319073.393, 61
Trd, 4319073.643, 61
Trd, 4319073.943, 63
Trd, 4319075.293, 140
Trd, 4319075.343, 140
Trd, 4319075.643, 140
Trd, 4319075.843, 140
Trd, 4319076.293, 131
Trd, 4319077.393, 128
Trd, 4319077.743, 127
Trd, 4319078.593, 140
Trd, 4319079.293, 138
Trd, 4319080.143, 139
Trd, 4319080.843, 140
Trd, 4319081.543, 130
Trd, 4319082.193, 129
Trd, 4319083.193, 140
Trd, 4319083.393, 140
Trd, 4319083.843, 131
Trd, 4319083.943, 125
Trd, 4319084.543, 114
Trd, 4319085.843, 140
Trd, 4319086.343, 140
Trd, 4319086.993, 140
Trd, 4319088.143, 140
Trd, 4319088.393, 138
Trd, 4319088.493, 135
Trd, 4319089.043, 119
Trd, 4319089.993, 131
Trd, 4319090.293, 118
Trd, 4319091.693, 140
Trd, 4319092.693, 140
Trd, 4319092.793, 140
Trd, 4319093.993, 140
Trd, 4319094.043, 140
Trd, 4319094.093, 128
Trd, 4319094.393, 104
Trd, 4319094.843, 120
Trd, 4319095.243, 119
Trd, 4319096.743, 140
Trd, 4319096.943, 140
Trd, 4319097.593, 140
Trd, 4319097.893, 111
Trd, 4319098.343, 139
Trd, 4319098.693, 140
Trd, 4319099.943, 139
Trd, 4319100.343, 73
Trd, 4319101.793, 140
Trd, 4319101.943, 140
Trd, 4319103.293, 140
Trd, 4319103.893, 138
Trd, 4319104.593, 126
Trd, 4319105.393, 140
Trd, 4319105.693, 140
Trd, 4319106.493, 140
Trd, 4319107.193, 140
Trd, 4319107.543, 138
Trd, 4319107.893, 128
Trd, 4319109.693, 133
Trd, 4319109.943, 132
Trd, 4319110.943, 133
Trd, 4319111.093, 140
Trd, 4319112.643, 140
Trd, 4319112.993, 140
Trd, 4319113.243, 139
Trd, 4319113.593, 138
Trd, 4319114.343, 122
Trd, 4319114.843, 122
Trd, 4319115.493, 137
Trd, 4319116.093, 137
Trd, 4319116.943, 140
Trd, 4319117.443, 134
Trd, 4319117.543, 100
Trd, 4319119.343, 140
Trd, 4319120.093, 140
Trd, 4319120.893, 140
Trd, 4319121.643, 140
Trd, 4319122.343, 140
Trd, 4319122.993, 140
Trd, 4319123.243, 140
Trd, 4319125.043, 140
Trd, 4319125.393, 139
Trd, 4319125.493, 137
Trd, 4319126.193, 140
Trd, 4319126.593, 129
Trd, 4319127.143, 110
Trd, 4319128.593, 99
Trd, 4319129.743, 131
Trd, 4319129.943, 130
Trd, 4319130.243, 139
Trd, 4319131.093, 129
Trd, 4319132.593, 61
Trd, 4319133.293, 140
Trd, 4319133.793, 102
Trd, 4319134.143, 101
Trd, 4319135.093, 85
Trd, 4319135.693, 81
Trd, 4319136.443, 140
Trd, 4319136.643, 129
Trd, 4319137.143, 131
Trd, 4319138.043, 140
Trd, 4319138.243, 140
Trd, 4319138.443, 140
Trd, 4319139.243, 140
Trd, 4319139.693, 139
Trd, 4319141.493, 132
Trd, 4319142.343, 140
Trd, 4319142.493, 140
Trd, 4319142.693, 139
Trd, 4319143.093, 140
Trd, 4319143.843, 140
Trd, 4319144.843, 140
Trd, 4319145.293, 133
Trd, 4319146.493, 140
Trd, 4319146.693, 139
Trd, 4319146.943, 135
Trd, 4319147.093, 133
Trd, 4319147.843, 140
Trd, 4319148.443, 140
Trd, 4319149.743, 140
Trd, 4319150.593, 140
Trd, 4319150.643, 140
Trd, 4319150.693, 138
Trd, 4319151.443, 60
Trd, 4319152.143, 60
Trd, 4319152.193, 65
Trd, 4319152.543, 131
Trd, 4319153.893, 60
Trd, 4319155.443, 140
Trd, 4319155.793, 138
Trd, 4319155.893, 139
Trd, 4319156.843, 140
Trd, 4319156.893, 97
Trd, 4319157.843, 136
Trd, 4319158.243, 129
Trd, 4319159.243, 138
Trd, 4319159.393, 137
Trd, 4319160.393, 69
Trd, 4319160.793, 62
Trd, 4319161.443, 140
Trd, 4319161.643, 139
Trd, 4319163.193, 62
Trd, 4319164.093, 71
Trd, 4319164.393, 79
Trd, 4319164.593, 63
Trd, 4319165.793, 140
Trd, 4319166.443, 140
Trd, 4319166.743, 140
Trd, 4319166.843, 140
Trd, 4319167.843, 61
Trd, 4319168.543, 60
Trd, 4319169.343, 67
Trd, 4319169.643, 69
Trd, 4319170.943, 62
Trd, 4319171.093, 88
Trd, 4319172.943, 61
Trd, 4319173.243, 63
Trd, 4319173.393, 66
Trd, 4319174.243, 65
Trd, 4319174.843, 60
Trd, 4319174.893, 71
Trd, 4319176.393, 60
Trd, 4319176.593, 64
Trd, 4319176.743, 61
Trd, 4319177.443, 64
Trd, 4319177.593, 72
Trd, 4319177.743, 66
Trd, 4319177.893, 108
Trd, 4319178.593, 62
Trd, 4319179.443, 70
Trd, 4319180.143, 140
Trd, 4319180.393, 139
Trd, 4319180.843, 124
Trd, 4319182.643, 105
Trd, 4319183.393, 139
Trd, 4319183.743, 138
Trd, 4319184.043, 140
Trd, 4319184.793, 131
Trd, 4319184.993, 129
Trd, 4319185.193, 140
Trd, 4319186.293, 128
Trd, 4319186.843, 140
Trd, 4319187.093, 123
Trd, 4319187.643, 88
Trd, 4319188.693, 140
Trd, 4319188.843, 127
Trd, 4319189.093, 126
Trd, 4319190.443, 76
Trd, 4319190.793, 140
Trd, 4319191.193, 68
Trd, 4319192.193, 61
Trd, 4319193.843, 61
Trd, 4319194.243, 130
Trd, 4319194.593, 130
Trd, 4319195.043, 118
Trd, 4319196.843, 140
Trd, 4319197.043, 139
Trd, 4319197.093, 139
Trd, 4319197.643, 133
Trd, 4319198.693, 129
Trd, 4319199.343, 127
Trd, 4319200.193, 139
Trd, 4319200.993, 133
Trd, 4319201.293, 134
Trd, 4319201.743, 108
Trd, 4319201.793, 107
Trd, 4319202.243, 139
Trd, 4319203.143, 137
Trd, 4319203.643, 135
Trd, 4319204.993, 140
Trd, 4319205.443, 136
Trd, 4319206.293, 140
Trd, 4319206.443, 140
Trd, 4319207.093, 134
Trd, 4319207.843, 67
Trd, 4319208.093, 61
Trd, 4319208.343, 90
Trd, 4319209.193, 62
Trd, 4319210.293, 140
Trd, 4319210.743, 60
Trd, 4319211.443, 138
Trd, 4319212.243, 61
Trd, 4319212.343, 63
Trd, 4319214.293, 60
Trd, 4319214.593, 60
Trd, 4319215.643, 62
Trd, 4319215.993, 130
Trd, 4319216.293, 137
Trd, 4319216.743, 60
Trd, 4319217.293, 68
Trd, 4319217.993, 139
Trd, 4319218.693, 64
Trd, 4319220.093, 140
Trd, 4319220.143, 140
Trd, 4319220.593, 102
Trd, 4319220.643, 85
Trd, 4319220.893, 85
Trd, 4319220.943, 114
Trd, 4319221.393, 84
Trd, 4319222.643, 140
Trd, 4319223.093, 140
Trd, 4319223.343, 90
Trd, 4319224.593, 60
Trd, 4319225.993, 61
Trd, 4319226.093, 71
Trd, 4319226.343, 138
Trd, 4319227.693, 66
Trd, 4319228.493, 119
Trd, 4319229.743, 64
Trd, 4319230.843, 63
Trd, 4319231.243, 73
Trd, 4319231.643, 83
Trd, 4319232.143, 62
Trd, 4319232.643, 72
Trd, 4319233.443, 120
Trd, 4319235.143, 140
Trd, 4319235.643, 140
Trd, 4319235.893, 140
Trd, 4319236.093, 140
Trd, 4319236.543, 128
Trd, 4319237.593, 124
Trd, 4319238.193, 124
Trd, 4319238.793, 132
Trd, 4319239.743, 140
Trd, 4319240.243, 140
Trd, 4319240.743, 140
Trd, 4319240.993, 140
Trd, 4319241.593, 140
Trd, 4319243.293, 140
Trd, 4319243.593, 138
Trd, 4319243.993, 139
Trd, 4319244.543, 128
Trd, 4319244.593, 126
Trd, 4319246.593, 140
Trd, 4319247.043, 140
Trd, 4319247.193, 140
Trd, 4319247.543, 140
Trd, 4319247.643, 140
Trd, 4319247.793, 138
Trd, 4319249.943, 128
Trd, 4319249.993, 107
Trd, 4319250.743, 140
Trd, 4319251.843, 65
Trd, 4319252.293, 64
Trd, 4319252.493, 140
Trd, 4319253.193, 134
Trd, 4319254.443, 136
Trd, 4319254.643, 129
Trd, 4319255.143, 109
Trd, 4319255.893, 140
Trd, 4319256.293, 117
Trd, 4319256.593, 115
Trd, 4319256.893, 125
Trd, 4319257.993, 137
Trd, 4319259.043, 140
Trd, 4319259.143, 140
Trd, 4319259.543, 131
Trd, 4319259.743, 83
Trd, 4319260.143, 140
Trd, 4319260.393, 82
Trd, 4319261.443, 140
Trd, 4319261.793, 68
Trd, 4319263.543, 61
Trd, 4319263.843, 62
Trd, 4319263.893, 62
Trd, 4319264.293, 138
Trd, 4319265.543, 60
Trd, 4319267.093, 61
Trd, 4319267.393, 63
Trd, 4319269.493, 64
Trd, 4319269.843, 62
Trd, 4319270.843, 60
Trd, 4319271.093, 67
Trd, 4319271.243, 65
Trd, 4319271.443, 69
Trd, 4319271.843, 140
Trd, 4319272.993, 140
Trd, 4319273.043, 140
Trd, 4319273.493, 64
Trd, 4319273.943, 62
Trd, 4319274.293, 61
Trd, 4319275.393, 140
Trd, 4319276.193, 137
Trd, 4319277.093, 131
Trd, 4319277.343, 127
Trd, 4319278.093, 105
Trd, 4319278.493, 102
Trd, 4319279.643, 75
Trd, 4319280.743, 140
Trd, 4319281.293, 140
Trd, 4319281.793, 140
Trd, 4319282.843, 140
Trd, 4319283.593, 140
Trd, 4319283.643, 140
Trd, 4319284.193, 131
Trd, 4319285.643, 140
Trd, 4319286.043, 140
Trd, 4319287.143, 140
Trd, 4319288.593, 140
Trd, 4319289.743, 140
Trd, 4319290.093, 140
Trd, 4319290.593, 139
Trd, 4319290.993, 140
Trd, 4319291.943, 140
Trd, 4319292.593, 136
Trd, 4319292.643, 133
Trd, 4319293.043, 130
Trd, 4319293.293, 91
Trd, 4319293.743, 61
Trd, 4319294.393, 61
Trd, 4319295.793, 60
Trd, 4319296.043, 60
Trd, 4319298.443, 60
Trd, 4319298.493, 61
Trd, 4319298.643, 60
Trd, 4319299.143, 66
Trd, 4319299.243, 61
Trd, 4319300.043, 140
Trd, 4319300.693, 140
Trd, 4319302.193, 140
Trd, 4319302.493, 140
Trd, 4319303.393, 140
Trd, 4319304.993, 140
Trd, 4319305.393, 140
Trd, 4319306.143, 136
Trd, 4319306.743, 118
Trd, 4319306.943, 138
Trd, 4319307.743, 76
Trd, 4319308.043, 74
Trd, 4319309.443, 140
Trd, 4319309.793, 140
Trd, 4319309.843, 140
Trd, 4319310.193, 140
Trd, 4319311.093, 140
Trd, 4319311.143, 139
Trd, 4319313.093, 140
Trd, 4319313.443, 139
Trd, 4319313.643, 133
Trd, 4319314.493, 138
Trd, 4319314.543, 104
Trd, 4319315.793, 140
Trd, 4319316.143, 139
Trd, 4319318.393, 129
Trd, 4319318.643, 128
Trd, 4319319.193, 137
Trd, 4319319.343, 114
Trd, 4319319.393, 84
Trd, 4319320.493, 140
Trd, 4319321.693, 68
Trd, 4319322.093, 140
Trd, 4319323.393, 140
Trd, 4319323.943, 140
Trd, 4319324.493, 140
Trd, 4319325.793, 140
Trd, 4319326.093, 140
Trd, 4319326.143, 140
Trd, 4319326.593, 139
Trd, 4319327.193, 140
Trd, 4319328.393, 140
Trd, 4319328.793, 137
Trd, 4319329.193, 140
Trd, 4319330.393, 140
Trd, 4319330.843, 137
Trd, 4319330.993, 138
Trd, 4319331.893, 137
Trd, 4319332.793, 137
Trd, 4319334.643, 140
Trd, 4319335.093, 140
Trd, 4319335.293, 140
Trd, 4319335.543, 140
Trd, 4319336.243, 140
Trd, 4319338.193, 140
Trd, 4319338.943, 140
Trd, 4319339.593, 139
Trd, 4319340.143, 140
Trd, 4319340.543, 139
Trd, 4319341.243, 133
Trd, 4319341.743, 132
Trd, 4319343.143, 100
Trd, 4319343.593, 140
Trd, 4319343.743, 136
Trd, 4319344.293, 61
Trd, 4319345.343, 104
Trd, 4319346.093, 107
Trd, 4319346.193, 105
Trd, 4319346.893, 139
Trd, 4319347.843, 140
Trd, 4319348.643, 140
Trd, 4319349.443, 140
Trd, 4319349.643, 140
Trd, 4319349.843, 140
Trd, 4319350.243, 110
Trd, 4319351.243, 61
Trd, 4319351.743, 60
Trd, 4319351.993, 82
Trd, 4319352.493, 140
Trd, 4319352.693, 140
Trd, 4319352.743, 140
Trd, 4319353.993, 60
Trd, 4319354.393, 62
Trd, 4319355.143, 64
Trd, 4319356.093, 134
Trd, 4319357.393, 140
Trd, 4319357.543, 140
Trd, 4319357.693, 140
Trd, 4319358.793, 140
Trd, 4319359.493, 140
Trd, 4319360.043, 140
Trd, 4319360.543, 119
Trd, 4319360.843, 132
Trd, 4319361.843, 128
Trd, 4319362.093, 137
Trd, 4319362.443, 127
Trd, 4319363.143, 135
Trd, 4319363.443, 76
Trd, 4319364.293, 95
Trd, 4319365.743, 69
Trd, 4319366.693, 64
Trd, 4319367.193, 140
Trd, 4319367.293, 140
Trd, 4319367.643, 137
Trd, 4319367.993, 136
Trd, 4319368.243, 136
Trd, 4319369.193, 136
Trd, 4319370.643, 139
Trd, 4319371.293, 140
Trd, 4319371.443, 139
Trd, 4319372.193, 123
Trd, 4319372.793, 112
Trd, 4319373.493, 139
Trd, 4319373.543, 138
Trd, 4319374.343, 140
Trd, 4319374.893, 139
Trd, 4319375.443, 140
Trd, 4319376.943, 131
Trd, 4319377.193, 91
Trd, 4319378.143, 77
Trd, 4319378.893, 140
Trd, 4319379.943, 140
Trd, 4319380.043, 140
Trd, 4319380.393, 139
Trd, 4319381.793, 140
Trd, 4319382.243, 127
Trd, 4319383.093, 107
Trd, 4319383.993, 140
Trd, 4319384.893, 130
Trd, 4319385.093, 133
Trd, 4319385.243, 100
Trd, 4319386.043, 111
Trd, 4319386.343, 101
Trd, 4319386.643, 109
Trd, 4319386.843, 134
Trd, 4319388.343, 122
Trd, 4319388.543, 103
Trd, 4319390.493, 140
Trd, 4319390.893, 140
Trd, 4319392.193, 140
Trd, 4319392.393, 140
Trd, 4319392.943, 140
Trd, 4319393.243, 139
Trd, 4319394.693, 140
Trd, 4319395.443, 140
Trd, 4319395.743, 140
Trd, 4319395.993, 139
Trd, 4319396.043, 127
Trd, 4319396.293, 137
Trd, 4319398.193, 140
Trd, 4319398.293, 140
Trd, 4319399.343, 63
Trd, 4319399.593, 62
Trd, 4319399.693, 64
Trd, 4319401.143, 60
Trd, 4319401.943, 71
Trd, 4319402.693, 73
Trd, 4319402.993, 130
Trd, 4319403.793, 62
Trd, 4319403.993, 66
Trd, 4319405.243, 63
Trd, 4319406.243, 64
Trd, 4319406.293, 73
Trd, 4319408.193, 60
Trd, 4319408.243, 63
Trd, 4319409.193, 60
Trd, 4319411.143, 65
Trd, 4319411.693, 63
Trd, 4319411.943, 62
Trd, 4319413.043, 60
Trd, 4319413.443, 62
Trd, 4319414.093, 64
Trd, 4319414.143, 66
Trd, 4319414.493, 120
Trd, 4319414.843, 68
Trd, 4319415.243, 93
Trd, 4319415.993, 129
Trd, 4319416.943, 60
Trd, 4319417.543, 60
Trd, 4319417.943, 61
Trd, 4319419.293, 64
Trd, 4319419.793, 65
Trd, 4319420.543, 61
Trd, 4319421.343, 103
Trd, 4319421.543, 126
Trd, 4319422.193, 130
Trd, 4319422.293, 129
Trd, 4319422.543, 128
Trd, 4319424.243, 140
Trd, 4319424.893, 139
Trd, 4319425.343, 137
Trd, 4319425.643, 136
Trd, 4319426.043, 135
Trd, 4319426.293, 86
Trd, 4319427.093, 63
Trd, 4319427.693, 140
Trd, 4319427.993, 128
Trd, 4319429.243, 60
Trd, 4319430.593, 62
Trd, 4319430.793, 87
Trd, 4319431.543, 88
Trd, 4319432.643, 140
Trd, 4319433.543, 137
Trd, 4319433.593, 110
Trd, 4319433.893, 140
Trd, 4319435.643, 140
Trd, 4319435.893, 139
Trd, 4319437.093, 138
Trd, 4319437.493, 140
Trd, 4319438.893, 140
Trd, 4319439.193, 140
Trd, 4319439.343, 137
Trd, 4319439.743, 137
Trd, 4319439.893, 124
Trd, 4319441.243, 140
Trd, 4319441.293, 140
Trd, 4319441.743, 140
Trd, 4319441.943, 139
Trd, 4319441.993, 139
Trd, 4319443.343, 134
Trd, 4319443.843, 139
Trd, 4319443.993, 137
Trd, 4319445.043, 134
Trd, 4319446.193, 140
Trd, 4319446.343, 140
Trd, 4319447.093, 112
Trd, 4319447.393, 94
Trd, 4319447.493, 119
Trd, 4319448.993, 73
Trd, 4319449.093, 138
Trd, 4319450.343, 61
Trd, 4319451.993, 62
Trd, 4319452.643, 64
Trd, 4319453.143, 64
Trd, 4319453.243, 66
Trd, 4319453.293, 66
Trd, 4319455.193, 61
Trd, 4319456.843, 63
Trd, 4319456.943, 69
Trd, 4319458.293, 62
Trd, 4319458.893, 64
Trd, 4319459.643, 61
Trd, 4319459.943, 64
Trd, 4319460.693, 66
Trd, 4319461.043, 70
Trd, 4319461.543, 73
Trd, 4319461.643, 120
Trd, 4319461.793, 68
Trd, 4319461.993, 67
Trd, 4319463.493, 61
Trd, 4319464.093, 60
Trd, 4319464.243, 61
Trd, 4319465.143, 60
Trd, 4319466.793, 61
Trd, 4319467.193, 61
Trd, 4319468.643, 60
Trd, 4319468.943, 60
Trd, 4319469.343, 61
Trd, 4319470.893, 60
Trd, 4319471.143, 61
Trd, 4319472.743, 63
Trd, 4319473.343, 64
Trd, 4319473.993, 67
Trd, 4319475.243, 61
Trd, 4319476.393, 60
Trd, 4319476.693, 61
Trd, 4319476.943, 67
Trd, 4319477.493, 65
Trd, 4319478.693, 62
Trd, 4319479.343, 60
Trd, 4319479.493, 61
Trd, 4319480.593, 61
Trd, 4319480.743, 67
Trd, 4319481.793, 60
Trd, 4319482.293, 140
Trd, 4319482.893, 134
Trd, 4319483.093, 126
Trd, 4319484.693, 64
Trd, 4319485.043, 69
Trd, 4319485.293, 140
Trd, 4319485.493, 138
Trd, 4319486.843, 139
Trd, 4319488.293, 62
Trd, 4319488.343, 61
Trd, 4319488.593, 63
Trd, 4319489.343, 62
Trd, 4319489.593, 62
Trd, 4319490.043, 93
Trd, 4319491.643, 63
Trd, 4319491.993, 65
Trd, 4319493.043, 67
Trd, 4319494.593, 62
Trd, 4319494.743, 62
Trd, 4319495.743, 62
Trd, 4319495.893, 79
Trd, 4319497.593, 140
Trd, 4319497.693, 140
Trd, 4319497.893, 140
Trd, 4319498.193, 140
Trd, 4319498.293, 138
Trd, 4319498.993, 131
Trd, 4319499.043, 120
Trd, 4319499.243, 95
Trd, 4319500.643, 140
Trd, 4319500.993, 140
Trd, 4319502.343, 140
Trd, 4319502.593, 139
Trd, 4319502.993, 139
Trd, 4319503.243, 138
Trd, 4319503.493, 94
Trd, 4319503.943, 81
Trd, 4319505.193, 60
Trd, 4319506.193, 123
Trd, 4319506.443, 63
Trd, 4319508.543, 140
Trd, 4319508.593, 140
Trd, 4319509.093, 140
Trd, 4319509.843, 140
Trd, 4319510.043, 139
Trd, 4319511.243, 128
Trd, 4319511.643, 138
Trd, 4319513.193, 138
Trd, 4319514.043, 140
Trd, 4319514.593, 134
Trd, 4319514.943, 135
Trd, 4319515.743, 139
Trd, 4319515.793, 137
Trd, 4319516.543, 138
Trd, 4319517.343, 136
Trd, 4319518.093, 138
Trd, 4319518.493, 140
Trd, 4319519.093, 139
Trd, 4319520.043, 139
Trd, 4319521.043, 138
Trd, 4319522.243, 140
Trd, 4319522.293, 135
Trd, 4319522.693, 126
Trd, 4319523.193, 77
Trd, 4319523.943, 60
Trd, 4319524.393, 67
Trd, 4319524.643, 126
Trd, 4319526.343, 61
Trd, 4319526.543, 75
Trd, 4319526.643, 97
Trd, 4319528.293, 65
Trd, 4319528.443, 67
Trd, 4319529.343, 63
Trd, 4319530.643, 140
Trd, 4319530.793, 137
Trd, 4319532.243, 64
Trd, 4319532.393, 61
Trd, 4319532.593, 64
Trd, 4319532.843, 65
Trd, 4319533.393, 63
Trd, 4319535.043, 62
Trd, 4319536.193, 135
Trd, 4319536.543, 139
Trd, 4319536.993, 135
Trd, 4319537.043, 134
Trd, 4319537.093, 99
Trd, 4319537.493, 65
Trd, 4319538.393, 66
Trd, 4319538.893, 64
Trd, 4319540.543, 60
Trd, 4319541.393, 63
Trd, 4319541.643, 61
Trd, 4319541.743, 65
Trd, 4319541.893, 67
Trd, 4319542.443, 138
Trd, 4319543.543, 132
Trd, 4319544.193, 88
Trd, 4319544.443, 123
Trd, 4319545.143, 60
Trd, 4319545.193, 61
Trd, 4319545.843, 71
Trd, 4319547.693, 60
Trd, 4319548.143, 115
Trd, 4319548.843, 63
Trd, 4319549.793, 77
Trd, 4319551.343, 60
Trd, 4319552.843, 60
Trd, 4319552.893, 61
Trd, 4319553.143, 60
Trd, 4319553.543, 62
Trd, 4319553.893, 64
Trd, 4319554.443, 64
Trd, 4319554.543, 65
Trd, 4319555.443, 96
Trd, 4319556.743, 60
Trd, 4319558.243, 60
Trd, 4319558.643, 61
Trd, 4319559.443, 62
Trd, 4319559.493, 68
Trd, 4319560.243, 137
Trd, 4319561.043, 139
Trd, 4319561.643, 140
Trd, 4319562.343, 139
Trd, 4319562.493, 138
Trd, 4319563.043, 137
Trd, 4319563.793, 126
Trd, 4319563.993, 137
Trd, 4319564.843, 96
Trd, 4319565.993, 140
Trd, 4319566.943, 138
Trd, 4319568.293, 140
Trd, 4319568.443, 122
Trd, 4319568.843, 129
Trd, 4319569.093, 128
Trd, 4319569.943, 116
Trd, 4319570.193, 83
Trd, 4319572.193, 140
Trd, 4319572.593, 140
Trd, 4319572.943, 140
Trd, 4319573.093, 139
Trd, 4319573.743, 139
Trd, 4319574.893, 138
Trd, 4319575.043, 138
Trd, 4319576.543, 108
Trd, 4319576.843, 140
Trd, 4319577.943, 84
Trd, 4319578.393, 79
Trd, 4319579.243, 62
Trd, 4319580.543, 60
Trd, 4319580.593, 60
Trd, 4319580.643, 72
Trd, 4319581.743, 75
Trd, 4319582.743, 138
Trd, 4319582.893, 138
Trd, 4319583.093, 137
Trd, 4319583.893, 139
Trd, 4319584.093, 137
Trd, 4319584.993, 139
Trd, 4319586.343, 72
Trd, 4319587.293, 65
Trd, 4319588.343, 62
Trd, 4319588.643, 61
Trd, 4319588.843, 66
Trd, 4319589.143, 60
Trd, 4319590.493, 140
Trd, 4319590.743, 140
Trd, 4319590.843, 111
Trd, 4319593.043, 68
Trd, 4319593.843, 138
Trd, 4319594.893, 140
Trd, 4319595.493, 140
Trd, 4319596.593, 140
Trd, 4319596.843, 140
Trd, 4319597.343, 119
Trd, 4319598.943, 135
Trd, 4319599.143, 140
Trd, 4319599.343, 134
Trd, 4319600.243, 140
Trd, 4319600.393, 107
Trd, 4319600.793, 139
Trd, 4319602.043, 61
Trd, 4319602.843, 63
Trd, 4319603.943, 63
Trd, 4319605.593, 60
Trd, 4319606.043, 78
Trd, 4319607.243, 126
Trd, 4319607.693, 121
Trd, 4319608.193, 140
Trd, 4319608.593, 140
Trd, 4319609.593, 139
Trd, 4319609.643, 133
Trd, 4319610.093, 94
Trd, 4319611.193, 140
Trd, 4319611.443, 132
Trd, 4319612.443, 136
Trd, 4319612.743, 121
Trd, 4319613.643, 140
Trd, 4319613.693, 113
Trd, 4319614.593, 137
Trd, 4319616.243, 140
Trd, 4319616.743, 137
Trd, 4319616.943, 124
Trd, 4319618.393, 140
Trd, 4319619.493, 140
Trd, 4319621.393, 140
Trd, 4319621.493, 140
Trd, 4319621.743, 140
Trd, 4319622.043, 140
Trd, 4319622.143, 139
Trd, 4319622.343, 115
Trd, 4319624.093, 140
Trd, 4319625.393, 106
Trd, 4319625.593, 104
Trd, 4319625.993, 137
Trd, 4319626.643, 95
Trd, 4319627.443, 140
Trd, 4319628.893, 140
Trd, 4319629.493, 139
Trd, 4319629.893, 138
Trd, 4319630.193, 136
Trd, 4319630.643, 127
Trd, 4319630.693, 120
Trd, 4319631.343, 88
Trd, 4319631.643, 79
Trd, 4319632.543, 140
Trd, 4319632.793, 60
Trd, 4319635.043, 140
Trd, 4319635.143, 140
Trd, 4319635.493, 139
Trd, 4319636.093, 140
Trd, 4319636.543, 140
Trd, 4319637.293, 140
Trd, 4319637.843, 140
Trd, 4319637.893, 110
Trd, 4319638.293, 113
Trd, 4319638.943, 116
Trd, 4319639.693, 140
Trd, 4319640.643, 62
Trd, 4319641.393, 94
Trd, 4319642.543, 139
Trd, 4319642.643, 137
Trd, 4319642.743, 90
Trd, 4319643.593, 129
Trd, 4319643.793, 66
Trd, 4319644.443, 139
Trd, 4319645.693, 130
Trd, 4319646.143, 128
Trd, 4319646.243, 121
Trd, 4319647.643, 140
Trd, 4319648.193, 140
Trd, 4319648.943, 140
Trd, 4319649.243, 140
Trd, 4319651.643, 140
Trd, 4319651.743, 138
Trd, 4319652.643, 140
Trd, 4319652.793, 140
Trd, 4319652.943, 138
Trd, 4319653.143, 140
Trd, 4319653.893, 130
Trd, 4319654.093, 139
Trd, 4319654.393, 106
Trd, 4319656.293, 63
Trd, 4319656.593, 75
Trd, 4319657.043, 70
Trd, 4319657.393, 76
Trd, 4319659.243, 101
Trd, 4319659.493, 100
Trd, 4319659.793, 137
Trd, 4319660.893, 129
Trd, 4319661.043, 139
Trd, 4319661.943, 129
Trd, 4319661.993, 128
Trd, 4319662.293, 109
Trd, 4319662.543, 106
Trd, 4319662.793, 93
Trd, 4319663.293, 60
Trd, 4319663.893, 103
Trd, 4319666.343, 140
Trd, 4319666.393, 139
Trd, 4319666.993, 140
Trd, 4319667.443, 140
Trd, 4319667.693, 139
Trd, 4319668.343, 118
Trd, 4319669.493, 132
Trd, 4319670.043, 116
Trd, 4319670.443, 139
Trd, 4319670.943, 135
Trd, 4319671.043, 113
Trd, 4319671.543, 139
Trd, 4319671.793, 139
Trd, 4319672.643, 78
Trd, 4319674.243, 60
Trd, 4319674.893, 61
Trd, 4319676.893, 62
Trd, 4319676.993, 68
Trd, 4319677.643, 138
Trd, 4319678.043, 121
Trd, 4319678.493, 120
Trd, 4319679.693, 60
Trd, 4319679.893, 66
Trd, 4319681.193, 66
Trd, 4319681.393, 69
Trd, 4319682.143, 62
Trd, 4319683.843, 60
Trd, 4319684.093, 71
Trd, 4319684.243, 82
Trd, 4319684.893, 64
Trd, 4319685.093, 60
Trd, 4319686.143, 62
Trd, 4319686.343, 62
Trd, 4319687.843, 63
Trd, 4319689.343, 60
Trd, 4319689.543, 60
Trd, 4319690.143, 71
Trd, 4319691.043, 70
Trd, 4319691.343, 84
Trd, 4319691.893, 94
Trd, 4319692.843, 62
Trd, 4319693.793, 66
Trd, 4319694.293, 76
Trd, 4319694.943, 106
Trd, 4319695.093, 103
Trd, 4319695.593, 140
Trd, 4319696.293, 140
Trd, 4319696.693, 138
Trd, 4319697.293, 132
Trd, 4319697.793, 135
Trd, 4319698.043, 68
Trd, 4319699.543, 66
Trd, 4319699.943, 140
Trd, 4319700.243, 127
Trd, 4319700.843, 121
Trd, 4319700.993, 118
Trd, 4319701.343, 140
Trd, 4319701.993, 123
Trd, 4319703.393, 66
Trd, 4319704.543, 140
Trd, 4319704.743, 140
Trd, 4319705.193, 139
Trd, 4319705.293, 136
Trd, 4319706.693, 140
Trd, 4319706.943, 140
Trd, 4319707.643, 76
Trd, 4319708.693, 133
Trd, 4319709.443, 137
Trd, 4319709.943, 135
Trd, 4319711.493, 61
Trd, 4319711.993, 63
Trd, 4319712.493, 60
Trd, 4319713.493, 66
Trd, 4319713.843, 63
Trd, 4319715.443, 140
Trd, 4319715.493, 139
Trd, 4319716.593, 134
Trd, 4319716.743, 133
Trd, 4319717.643, 140
Trd, 4319717.743, 139
Trd, 4319718.443, 140
Trd, 4319718.693, 140
Trd, 4319719.043, 140
Trd, 4319720.243, 138
Trd, 4319721.593, 132
Trd, 4319722.143, 135
Trd, 4319722.293, 129
Trd, 4319723.643, 116
Trd, 4319725.093, 138
Trd, 4319725.793, 140
Trd, 4319726.543, 140
Trd, 4319726.793, 140
Trd, 4319726.893, 117
Trd, 4319728.593, 140
Trd, 4319729.093, 140
Trd, 4319729.443, 139
Trd, 4319729.743, 139
Trd, 4319729.843, 139
Trd, 4319730.193, 126
Trd, 4319732.143, 139
Trd, 4319732.243, 138
Trd, 4319732.843, 137
Trd, 4319733.093, 123
Trd, 4319734.943, 139
Trd, 4319735.093, 127
Trd, 4319735.543, 121
Trd, 4319735.843, 109
Trd, 4319736.593, 140
Trd, 4319737.293, 140
Trd, 4319738.143, 67
Trd, 4319738.443, 90
Trd, 4319739.843, 75
Trd, 4319740.293, 75
Trd, 4319740.393, 121
Trd, 4319742.043, 61
Trd, 4319743.143, 73
Trd, 4319743.543, 139
Trd, 4319743.693, 121
Trd, 4319744.293, 60
Trd, 4319745.443, 60
Trd, 4319747.043, 63
Trd, 4319748.043, 60
Trd, 4319748.093, 63
Trd, 4319748.443, 62
Trd, 4319748.743, 66
Trd, 4319750.243, 61
Trd, 4319750.793, 60
Trd, 4319751.393, 73
Trd, 4319752.293, 140
Trd, 4319752.493, 140
Trd, 4319752.843, 133
Trd, 4319753.693, 67
Trd, 4319754.593, 64
Trd, 4319754.843, 62
Trd, 4319755.343, 63
Trd, 4319756.643, 139
Trd, 4319757.243, 140
Trd, 4319757.843, 140
Trd, 4319757.993, 139
Trd, 4319758.243, 136
Trd, 4319758.993, 132
Trd, 4319759.593, 133
Trd, 4319760.143, 128
Trd, 4319760.993, 139
Trd, 4319761.993, 139
Trd, 4319762.243, 138
Trd, 4319763.543, 140
Trd, 4319764.443, 140
Trd, 4319764.793, 140
Trd, 4319765.093, 140
Trd, 4319767.193, 140
Trd, 4319767.643, 139
Trd, 4319767.693, 106
Trd, 4319768.393, 140
Trd, 4319768.943, 139
Trd, 4319769.543, 138
Trd, 4319769.943, 139
Trd, 4319771.643, 73
Trd, 4319772.393, 140
Trd, 4319773.193, 140
Trd, 4319773.893, 140
Trd, 4319774.143, 140
Trd, 4319775.043, 140
Trd, 4319775.643, 140
Trd, 4319776.193, 123
Trd, 4319776.943, 109
Trd, 4319777.693, 129
Trd, 4319777.993, 67
Trd, 4319778.793, 61
Trd, 4319780.293, 61
Trd, 4319781.093, 62
Trd, 4319781.893, 100
Trd, 4319783.043, 140
Trd, 4319783.593, 140
Trd, 4319783.743, 137
Trd, 4319784.093, 110
Trd, 4319784.493, 65
Trd, 4319784.793, 66
Trd, 4319785.743, 64
Trd, 4319786.543, 140
Trd, 4319787.043, 140
Trd, 4319787.193, 140
Trd, 4319787.843, 140
Trd, 4319788.493, 137
Trd, 4319789.043, 137
Trd, 4319789.793, 138
Trd, 4319790.143, 136
Trd, 4319791.493, 128
Trd, 4319792.293, 133
Trd, 4319792.643, 129
Trd, 4319792.793, 128
Trd, 4319793.093, 137
Trd, 4319793.893, 140
Trd, 4319793.993, 129
Trd, 4319795.043, 140
Trd, 4319795.243, 87
Trd, 4319797.743, 140
Trd, 4319798.043, 140
Trd, 4319798.093, 108
Trd, 4319799.143, 130
Trd, 4319799.243, 126
Trd, 4319800.393, 140
Trd, 4319800.893, 138
Trd, 4319801.093, 69
Trd, 4319801.893, 60
Trd, 4319803.893, 123
Trd, 4319803.993, 123
Trd, 4319804.093, 128
Trd, 4319804.493, 139
Trd, 4319805.143, 140
Trd, 4319806.143, 140
Trd, 4319807.643, 140
Trd, 4319807.793, 140
Trd, 4319807.893, 134
Trd, 4319808.943, 61
Trd, 4319809.043, 61
Trd, 4319810.343, 120
Trd, 4319810.593, 118
Trd, 4319811.193, 135
Trd, 4319812.343, 63
Trd, 4319812.743, 65
Trd, 4319813.293, 70
Trd, 4319813.893, 100
Trd, 4319815.543, 62
Trd, 4319815.843, 63
Trd, 4319816.143, 63
Trd, 4319817.043, 64
Trd, 4319817.743, 61
Trd, 4319818.643, 63
Trd, 4319819.243, 113
Trd, 4319820.193, 139
Trd, 4319820.343, 138
Trd, 4319820.543, 137
Trd, 4319821.943, 133
Trd, 4319822.093, 132
Trd, 4319822.893, 89
Trd, 4319823.743, 63
Trd, 4319824.493, 60
Trd, 4319824.643, 126
Trd, 4319825.043, 60
Trd, 4319826.343, 63
Trd, 4319826.443, 66
Trd, 4319826.543, 90
Trd, 4319827.493, 65
Trd, 4319828.093, 97
Trd, 4319829.393, 66
Trd, 4319829.443, 64
Trd, 4319829.743, 68
Trd, 4319830.843, 140
Trd, 4319831.043, 129
Trd, 4319831.743, 140
Trd, 4319833.043, 140
Trd, 4319833.893, 135
Trd, 4319834.093, 140
Trd, 4319834.393, 89
Trd, 4319834.943, 64
Trd, 4319834.993, 125
Trd, 4319837.493, 60
Trd, 4319838.593, 65
Trd, 4319838.693, 62
Trd, 4319839.043, 63
Trd, 4319839.793, 63
Trd, 4319841.943, 61
Trd, 4319842.393, 62
Trd, 4319842.443, 73
Trd, 4319842.843, 105
Trd, 4319844.143, 138
Trd, 4319844.943, 140
Trd, 4319845.093, 140
Trd, 4319845.193, 140
Trd, 4319845.243, 138
Trd, 4319845.693, 140
Trd, 4319847.143, 140
Trd, 4319847.443, 140
Trd, 4319849.043, 140
Trd, 4319849.293, 140
Trd, 4319849.743, 133
Trd, 4319849.943, 112
Trd, 4319850.193, 96
Trd, 4319850.443, 60
Trd, 4319851.943, 140
Trd, 4319852.343, 140
Trd, 4319852.393, 140
Trd, 4319852.993, 74
Trd, 4319853.393, 140
Trd, 4319854.293, 140
Trd, 4319854.343, 140
Trd, 4319855.643, 125
Trd, 4319856.943, 139
Trd, 4319857.043, 137
Trd, 4319857.343, 136
Trd, 4319857.993, 68
Trd, 4319859.593, 138
Trd, 4319859.743, 81
Trd, 4319860.443, 117
Trd, 4319860.643, 116
Trd, 4319861.293, 122
Trd, 4319861.793, 61
Trd, 4319862.443, 140
Trd, 4319864.243, 140
Trd, 4319865.143, 139
Trd, 4319866.193, 139
Trd, 4319866.593, 140
Trd, 4319867.443, 61
Trd, 4319867.543, 64
Trd, 4319867.643, 134
Trd, 4319867.893, 61
Trd, 4319868.493, 62
Trd, 4319868.943, 70
Trd, 4319870.393, 61
Trd, 4319870.443, 65
Trd, 4319871.043, 61
Trd, 4319871.943, 60
Trd, 4319872.093, 61
Trd, 4319872.893, 72
Trd, 4319872.943, 68
Trd, 4319875.093, 62
Trd, 4319875.593, 64
Trd, 4319875.643, 128
Trd, 4319877.643, 60
Trd, 4319878.693, 61
Trd, 4319879.093, 65
Trd, 4319879.443, 61
Trd, 4319880.093, 63
Trd, 4319880.243, 70
Trd, 4319880.743, 75
Trd, 4319881.093, 138
Trd, 4319881.343, 62
Trd, 4319881.643, 139
Trd, 4319881.893, 114
Trd, 4319882.643, 140
Trd, 4319883.393, 140
Trd, 4319883.643, 140
Trd, 4319883.893, 140
Trd, 4319883.943, 82
Trd, 4319885.343, 64
Trd, 4319886.193, 63
Trd, 4319886.743, 75
Trd, 4319887.293, 74
Trd, 4319888.393, 140
Trd, 4319888.993, 138
Trd, 4319889.793, 140
Trd, 4319889.993, 140
Trd, 4319890.543, 139
Trd, 4319891.293, 138
Trd, 4319891.793, 140
Trd, 4319892.493, 137
Trd, 4319893.643, 136
Trd, 4319894.093, 137
Trd, 4319894.643, 123
Trd, 4319895.043, 122
Trd, 4319895.993, 140
Trd, 4319896.143, 99
Trd, 4319897.093, 139
Trd, 4319897.743, 140
Trd, 4319899.143, 139
Trd, 4319899.343, 132
Trd, 4319899.693, 97
Trd, 4319900.543, 103
Trd, 4319901.793, 105
Trd, 4319902.043, 67
Trd, 4319902.993, 138
Trd, 4319903.843, 140
Trd, 4319904.343, 140
Trd, 4319904.793, 61
Trd, 4319905.643, 140
Trd, 4319906.493, 140
Trd, 4319907.143, 140
Trd, 4319907.243, 140
Trd, 4319907.343, 133
Trd, 4319909.593, 140
Trd, 4319910.093, 140
Trd, 4319910.643, 140
Trd, 4319911.243, 89
Trd, 4319911.593, 109
Trd, 4319912.293, 139
Trd, 4319913.843, 140
Trd, 4319914.243, 140
Trd, 4319914.893, 140
Trd, 4319914.943, 140
Trd, 4319915.193, 140
Trd, 4319915.443, 117
Trd, 4319916.443, 71
Trd, 4319916.593, 82
Trd, 4319917.543, 64
Trd, 4319918.293, 68
Trd, 4319918.493, 69
Trd, 4319921.993, 60
Trd, 4319922.843, 60
Trd, 4319923.043, 60
Trd, 4319923.393, 70
Trd, 4319924.093, 72
Trd, 4319924.143, 83
Trd, 4319924.843, 60
Trd, 4319924.943, 66
Trd, 4319925.793, 65
Trd, 4319926.093, 67
Trd, 4319926.843, 139
Trd, 4319927.293, 138
Trd, 4319927.743, 72
Trd, 4319929.393, 140
Trd, 4319929.643, 138
Trd, 4319929.793, 131
Trd, 4319929.893, 112
Trd, 4319931.593, 128
Trd, 4319931.693, 115
Trd, 4319932.543, 140
Trd, 4319932.993, 140
Trd, 4319933.193, 139
Trd, 4319933.393, 128
Trd, 4319933.693, 62
Trd, 4319935.343, 140
Trd, 4319936.443, 140
Trd, 4319936.943, 140
Trd, 4319937.443, 140
Trd, 4319937.743, 134
Trd, 4319937.793, 108
Trd, 4319938.543, 69
Trd, 4319939.243, 68
Trd, 4319939.993, 140
Trd, 4319940.143, 140
Trd, 4319942.393, 137
Trd, 4319942.793, 119
Trd, 4319943.443, 62
Trd, 4319943.593, 60
Trd, 4319944.543, 140
Trd, 4319944.943, 137
Trd, 4319945.693, 138
Trd, 4319946.293, 138
Trd, 4319946.593, 137
Trd, 4319947.243, 134
Trd, 4319947.493, 82
Trd, 4319947.993, 140
Trd, 4319949.543, 140
Trd, 4319949.843, 137
Trd, 4319950.643, 140
Trd, 4319951.343, 139
Trd, 4319951.993, 140
Trd, 4319953.043, 140
Trd, 4319953.243, 139
Trd, 4319953.743, 118
Trd, 4319955.193, 140
Trd, 4319955.493, 140
Trd, 4319956.343, 140
Trd, 4319956.993, 140
Trd, 4319957.843, 130
Trd, 4319958.493, 129
Trd, 4319958.793, 93
Trd, 4319959.293, 75
Trd, 4319959.643, 140
Trd, 4319960.043, 138
Trd, 4319960.543, 60
Trd, 4319961.343, 84
Trd, 4319962.293, 140
Trd, 4319962.993, 140
Trd, 4319963.043, 139
Trd, 4319963.593, 60
Trd, 4319964.293, 135
Trd, 4319965.093, 121
Trd, 4319965.743, 64
Trd, 4319966.443, 70
Trd, 4319967.593, 111
Trd, 4319967.793, 110
Trd, 4319967.943, 138
Trd, 4319968.943, 65
Trd, 4319969.393, 139
Trd, 4319970.043, 61
Trd, 4319970.543, 62
Trd, 4319971.443, 140
Trd, 4319972.243, 140
Trd, 4319972.443, 140
Trd, 4319973.343, 65
Trd, 4319973.843, 61
Trd, 4319974.743, 73
Trd, 4319975.543, 140
Trd, 4319975.843, 132
Trd, 4319977.393, 140
Trd, 4319978.043, 140
Trd, 4319978.893, 139
Trd, 4319978.943, 137
Trd, 4319979.693, 137
Trd, 4319980.193, 140
Trd, 4319980.793, 138
Trd, 4319981.243, 69
Trd, 4319981.343, 71
Trd, 4319982.643, 60
Trd, 4319982.793, 65
Trd, 4319984.243, 140
Trd, 4319985.193, 140
Trd, 4319986.143, 139
Trd, 4319986.193, 138
Trd, 4319986.793, 140
Trd, 4319986.993, 140
Trd, 4319987.043, 140
Trd, 4319987.243, 121
Trd, 4319988.943, 140
Trd, 4319989.643, 140
Trd, 4319989.893, 129
Trd, 4319990.443, 138
Trd, 4319991.143, 128
Trd, 4319992.543, 140
Trd, 4319992.693, 140
Trd, 4319993.943, 60
Trd, 4319994.093, 64
Trd, 4319994.443, 66
Trd, 4319995.143, 137
Trd, 4319995.243, 136
Trd, 4319996.143, 63
Trd, 4319996.693, 60
Trd, 4319997.543, 61
Trd, 4319998.493, 68
Trd, 4319999.493, 111
Trd, 4319999.943, 96
