Trd, 4318149.593, 132
Trd, 4318149.743, 125
Trd, 4318149.893, 116
Trd, 4318150.593, 101
Trd, 4318153.493, 62
Trd, 4318154.193, 113
Trd, 4318154.393, 110
Trd, 4318155.093, 111
Trd, 4318155.243, 110
Trd, 4318155.443, 109
Trd, 4318156.743, 111
Trd, 4318157.243, 107
Trd, 4318157.693, 104
Trd, 4318159.643, 115
Trd, 4318159.693, 111
Trd, 4318159.793, 101
Trd, 4318161.793, 108
Trd, 4318162.893, 127
Trd, 4318164.093, 123
Trd, 4318164.393, 131
Trd, 4318164.793, 118
Trd, 4318164.893, 114
Trd, 4318165.493, 113
Trd, 4318166.643, 99
Trd, 4318167.043, 96
Trd, 4318167.443, 89
Trd, 4318168.193, 87
Trd, 4318168.893, 86
Trd, 4318169.593, 124
Trd, 4318169.843, 89
Trd, 4318169.943, 86
Trd, 4318170.693, 130
Trd, 4318171.943, 112
Trd, 4318172.293, 111
Trd, 4318173.143, 124
Trd, 4318173.443, 106
Trd, 4318173.943, 139
Trd, 4318174.043, 106
Trd, 4318174.493, 105
Trd, 4318174.743, 108
Trd, 4318174.843, 91
Trd, 4318176.143, 117
Trd, 4318176.693, 64
Trd, 4318178.843, 61
Trd, 4318179.043, 78
Trd, 4318179.593, 64
Trd, 4318180.693, 89
Trd, 4318181.193, 82
Trd, 4318181.893, 83
Trd, 4318181.993, 81
Trd, 4318183.243, 96
Trd, 4318183.393, 116
Trd, 4318183.443, 78
Trd, 4318185.343, 98
Trd, 4318185.393, 94
Trd, 4318185.843, 106
Trd, 4318185.943, 75
Trd, 4318186.743, 110
Trd, 4318186.993, 80
Trd, 4318188.443, 64
Trd, 4318188.543, 63
Trd, 4318189.643, 71
Trd, 4318191.843, 73
Trd, 4318192.093, 70
Trd, 4318192.393, 70
Trd, 4318193.043, 101
Trd, 4318193.643, 76
Trd, 4318194.193, 120
Trd, 4318194.643, 103
Trd, 4318195.143, 112
Trd, 4318195.643, 108
Trd, 4318197.293, 99
Trd, 4318197.543, 89
Trd, 4318198.993, 70
Trd, 4318199.393, 91
Trd, 4318199.893, 63
Trd, 4318200.393, 71
Trd, 4318200.893, 70
Trd, 4318201.293, 67
Trd, 4318201.843, 76
Trd, 4318202.143, 70
Trd, 4318203.693, 62
Trd, 4318204.193, 62
Trd, 4318204.243, 83
Trd, 4318205.893, 79
Trd, 4318206.343, 73
Trd, 4318206.943, 70
Trd, 4318207.593, 82
Trd, 4318208.393, 82
Trd, 4318208.843, 80
Trd, 4318210.493, 69
Trd, 4318212.343, 83
Trd, 4318213.243, 67
Trd, 4318213.993, 125
Trd, 4318214.093, 120
Trd, 4318215.043, 89
Trd, 4318216.493, 85
Trd, 4318216.643, 84
Trd, 4318217.193, 121
Trd, 4318217.643, 130
Trd, 4318218.043, 67
Trd, 4318219.343, 63
Trd, 4318219.693, 69
Trd, 4318220.543, 82
Trd, 4318221.143, 61
Trd, 4318221.393, 68
Trd, 4318221.793, 63
Trd, 4318224.443, 63
Trd, 4318224.843, 99
Trd, 4318225.443, 90
Trd, 4318225.793, 103
Trd, 4318227.043, 65
Trd, 4318227.643, 121
Trd, 4318227.843, 116
Trd, 4318227.893, 102
Trd, 4318229.593, 83
Trd, 4318229.843, 75
Trd, 4318230.493, 69
Trd, 4318231.593, 119
Trd, 4318232.243, 75
Trd, 4318233.643, 76
Trd, 4318235.143, 98
Trd, 4318235.643, 67
Trd, 4318236.243, 63
Trd, 4318236.543, 63
Trd, 4318236.593, 84
Trd, 4318236.793, 65
Trd, 4318237.243, 106
Trd, 4318237.643, 73
Trd, 4318237.793, 72
Trd, 4318237.943, 72
Trd, 4318240.243, 81
Trd, 4318241.443, 113
Trd, 4318241.643, 126
Trd, 4318242.043, 110
Trd, 4318242.493, 107
Trd, 4318244.243, 82
Trd, 4318244.443, 71
Trd, 4318244.793, 82
Trd, 4318245.043, 100
Trd, 4318245.843, 133
Trd, 4318246.693, 132
Trd, 4318247.643, 127
Trd, 4318247.893, 108
Trd, 4318249.343, 70
Trd, 4318249.493, 81
Trd, 4318251.293, 93
Trd, 4318251.493, 116
Trd, 4318252.093, 98
Trd, 4318252.243, 114
Trd, 4318252.493, 90
Trd, 4318252.693, 88
Trd, 4318252.943, 67
Trd, 4318254.643, 115
Trd, 4318255.293, 96
Trd, 4318255.493, 81
Trd, 4318257.393, 66
Trd, 4318257.693, 99
Trd, 4318259.343, 62
Trd, 4318259.893, 94
Trd, 4318260.493, 110
Trd, 4318261.393, 93
Trd, 4318261.493, 62
Trd, 4318262.793, 97
Trd, 4318263.393, 113
Trd, 4318263.943, 109
Trd, 4318264.193, 93
Trd, 4318264.443, 86
Trd, 4318264.843, 69
Trd, 4318265.043, 70
Trd, 4318265.543, 69
Trd, 4318266.443, 118
Trd, 4318267.893, 77
Trd, 4318270.143, 138
Trd, 4318270.293, 136
Trd, 4318271.743, 134
Trd, 4318271.943, 138
Trd, 4318272.443, 127
Trd, 4318272.643, 121
Trd, 4318272.793, 113
Trd, 4318273.543, 74
Trd, 4318274.643, 116
Trd, 4318276.193, 114
Trd, 4318276.343, 79
Trd, 4318276.493, 70
Trd, 4318276.993, 77
Trd, 4318277.943, 70
Trd, 4318277.993, 89
Trd, 4318279.193, 60
Trd, 4318280.393, 132
Trd, 4318280.793, 119
Trd, 4318281.443, 118
Trd, 4318281.893, 100
Trd, 4318282.493, 107
Trd, 4318282.643, 116
Trd, 4318283.643, 104
Trd, 4318284.393, 116
Trd, 4318285.243, 102
Trd, 4318286.093, 91
Trd, 4318286.693, 69
Trd, 4318287.143, 94
Trd, 4318287.193, 85
Trd, 4318287.493, 85
Trd, 4318287.593, 91
Trd, 4318288.193, 111
Trd, 4318289.143, 99
Trd, 4318290.243, 102
Trd, 4318291.043, 92
Trd, 4318291.843, 100
Trd, 4318293.043, 92
Trd, 4318293.743, 139
Trd, 4318293.793, 110
Trd, 4318293.843, 88
Trd, 4318294.743, 97
Trd, 4318295.193, 123
Trd, 4318296.343, 123
Trd, 4318296.393, 93
Trd, 4318296.793, 93
Trd, 4318297.593, 114
Trd, 4318298.043, 140
Trd, 4318298.593, 140
Trd, 4318298.643, 131
Trd, 4318299.443, 79
Trd, 4318299.493, 74
Trd, 4318301.343, 64
Trd, 4318302.843, 69
Trd, 4318303.293, 90
Trd, 4318303.693, 82
Trd, 4318304.243, 88
Trd, 4318304.743, 66
Trd, 4318306.643, 62
Trd, 4318307.243, 63
Trd, 4318307.443, 89
Trd, 4318307.593, 92
Trd, 4318307.993, 114
Trd, 4318308.293, 70
Trd, 4318308.843, 110
Trd, 4318310.143, 98
Trd, 4318311.343, 66
Trd, 4318311.743, 79
Trd, 4318311.893, 127
Trd, 4318312.343, 72
Trd, 4318312.643, 123
Trd, 4318313.043, 111
Trd, 4318313.543, 106
Trd, 4318314.943, 101
Trd, 4318315.193, 90
Trd, 4318317.193, 70
Trd, 4318317.243, 67
Trd, 4318317.843, 102
Trd, 4318318.243, 102
Trd, 4318319.193, 133
Trd, 4318319.393, 96
Trd, 4318319.843, 105
Trd, 4318321.193, 112
Trd, 4318321.593, 113
Trd, 4318321.693, 109
Trd, 4318322.643, 125
Trd, 4318322.793, 120
Trd, 4318323.643, 136
Trd, 4318324.193, 106
Trd, 4318324.243, 101
Trd, 4318326.093, 67
Trd, 4318326.243, 81
Trd, 4318326.693, 86
Trd, 4318327.443, 63
Trd, 4318328.393, 120
Trd, 4318329.043, 119
Trd, 4318331.043, 136
Trd, 4318331.693, 130
Trd, 4318332.243, 117
Trd, 4318333.093, 97
Trd, 4318333.343, 75
Trd, 4318334.043, 87
Trd, 4318334.493, 91
Trd, 4318334.843, 77
Trd, 4318335.293, 66
Trd, 4318336.043, 81
Trd, 4318336.343, 65
Trd, 4318337.143, 125
Trd, 4318337.593, 60
Trd, 4318337.643, 72
Trd, 4318339.593, 114
Trd, 4318339.643, 90
Trd, 4318339.843, 98
Trd, 4318340.043, 87
Trd, 4318340.743, 101
Trd, 4318340.943, 87
Trd, 4318341.793, 114
Trd, 4318342.493, 118
Trd, 4318344.543, 90
Trd, 4318345.043, 135
Trd, 4318345.993, 127
Trd, 4318346.193, 120
Trd, 4318346.643, 71
Trd, 4318347.593, 71
Trd, 4318347.743, 74
Trd, 4318348.193, 83
Trd, 4318348.943, 140
Trd, 4318349.343, 111
Trd, 4318350.343, 89
Trd, 4318351.143, 85
Trd, 4318351.643, 101
Trd, 4318351.743, 121
Trd, 4318351.893, 96
Trd, 4318352.843, 107
Trd, 4318353.143, 97
Trd, 4318353.993, 79
Trd, 4318355.443, 108
Trd, 4318356.243, 135
Trd, 4318356.993, 101
Trd, 4318357.693, 94
Trd, 4318358.293, 93
Trd, 4318358.793, 125
Trd, 4318359.243, 95
Trd, 4318359.593, 98
Trd, 4318360.493, 119
Trd, 4318360.743, 108
Trd, 4318361.043, 139
Trd, 4318361.793, 139
Trd, 4318362.043, 106
Trd, 4318363.793, 71
Trd, 4318364.593, 138
Trd, 4318364.993, 82
Trd, 4318365.293, 60
Trd, 4318367.493, 81
Trd, 4318367.793, 83
Trd, 4318368.943, 97
Trd, 4318369.993, 95
Trd, 4318370.343, 112
Trd, 4318370.593, 106
Trd, 4318371.193, 73
Trd, 4318371.393, 79
Trd, 4318372.793, 96
Trd, 4318372.993, 102
Trd, 4318373.593, 127
Trd, 4318374.243, 91
Trd, 4318374.293, 87
Trd, 4318375.893, 67
Trd, 4318376.893, 69
Trd, 4318377.193, 75
Trd, 4318377.343, 76
Trd, 4318377.393, 68
Trd, 4318377.693, 132
Trd, 4318379.493, 60
Trd, 4318380.393, 66
Trd, 4318381.343, 62
Trd, 4318381.843, 64
Trd, 4318384.593, 68
Trd, 4318384.643, 79
Trd, 4318385.043, 84
Trd, 4318385.493, 72
Trd, 4318385.993, 66
Trd, 4318386.443, 68
Trd, 4318386.893, 86
Trd, 4318387.493, 74
Trd, 4318388.193, 101
Trd, 4318389.543, 104
Trd, 4318390.043, 124
Trd, 4318391.543, 83
Trd, 4318391.693, 82
Trd, 4318392.693, 118
Trd, 4318392.943, 117
Trd, 4318393.243, 129
Trd, 4318395.693, 125
Trd, 4318395.893, 116
Trd, 4318396.143, 138
Trd, 4318397.243, 87
Trd, 4318397.743, 126
Trd, 4318398.643, 121
Trd, 4318398.793, 110
Trd, 4318399.543, 130
Trd, 4318399.643, 93
Trd, 4318399.893, 122
Trd, 4318400.293, 101
Trd, 4318401.343, 100
Trd, 4318402.793, 104
Trd, 4318403.893, 95
Trd, 4318404.043, 90
Trd, 4318404.593, 108
Trd, 4318404.793, 87
Trd, 4318405.493, 134
Trd, 4318406.293, 105
Trd, 4318406.743, 89
Trd, 4318407.093, 79
Trd, 4318407.843, 92
Trd, 4318409.543, 80
Trd, 4318410.893, 74
Trd, 4318411.343, 68
Trd, 4318412.093, 92
Trd, 4318412.543, 136
Trd, 4318413.143, 86
Trd, 4318413.843, 70
Trd, 4318414.843, 116
Trd, 4318415.593, 86
Trd, 4318416.143, 140
Trd, 4318416.643, 91
Trd, 4318417.493, 98
Trd, 4318419.243, 121
Trd, 4318419.793, 118
Trd, 4318420.343, 103
Trd, 4318420.893, 97
Trd, 4318421.043, 90
Trd, 4318421.443, 67
Trd, 4318422.043, 63
Trd, 4318422.593, 65
Trd, 4318422.943, 64
Trd, 4318423.793, 72
Trd, 4318424.543, 82
Trd, 4318425.793, 81
Trd, 4318426.243, 66
Trd, 4318427.193, 67
Trd, 4318427.443, 99
Trd, 4318428.043, 72
Trd, 4318430.843, 84
Trd, 4318430.993, 77
Trd, 4318431.593, 74
Trd, 4318431.693, 82
Trd, 4318431.743, 73
Trd, 4318432.443, 109
Trd, 4318432.893, 94
Trd, 4318433.793, 133
Trd, 4318434.693, 84
Trd, 4318435.443, 98
Trd, 4318435.593, 102
Trd, 4318436.193, 84
Trd, 4318436.593, 90
Trd, 4318436.993, 84
Trd, 4318437.093, 83
Trd, 4318438.243, 131
Trd, 4318438.443, 99
Trd, 4318438.943, 80
Trd, 4318441.043, 67
Trd, 4318441.843, 76
Trd, 4318442.793, 63
Trd, 4318444.093, 61
Trd, 4318444.743, 112
Trd, 4318444.843, 98
Trd, 4318444.943, 97
Trd, 4318444.993, 85
Trd, 4318445.743, 86
Trd, 4318446.893, 84
Trd, 4318447.343, 93
Trd, 4318447.393, 82
Trd, 4318447.743, 80
Trd, 4318449.343, 79
Trd, 4318449.593, 86
Trd, 4318449.743, 74
Trd, 4318449.843, 73
Trd, 4318450.793, 74
Trd, 4318452.793, 64
Trd, 4318452.993, 116
Trd, 4318453.743, 109
Trd, 4318453.843, 109
Trd, 4318454.943, 133
Trd, 4318455.693, 97
Trd, 4318457.043, 117
Trd, 4318457.193, 85
Trd, 4318457.743, 82
Trd, 4318457.993, 113
Trd, 4318458.293, 88
Trd, 4318458.643, 114
Trd, 4318458.693, 75
Trd, 4318459.343, 69
Trd, 4318461.993, 134
Trd, 4318462.643, 60
Trd, 4318463.743, 64
Trd, 4318464.393, 118
Trd, 4318464.943, 71
Trd, 4318466.643, 71
Trd, 4318467.443, 132
Trd, 4318468.593, 120
Trd, 4318468.843, 130
Trd, 4318469.243, 126
Trd, 4318469.693, 125
Trd, 4318469.843, 119
Trd, 4318471.543, 114
Trd, 4318472.093, 101
Trd, 4318472.493, 88
Trd, 4318473.293, 83
Trd, 4318475.093, 97
Trd, 4318475.393, 92
Trd, 4318476.343, 91
Trd, 4318477.593, 90
Trd, 4318477.893, 96
Trd, 4318478.143, 139
Trd, 4318478.793, 136
Trd, 4318479.743, 129
Trd, 4318480.343, 125
Trd, 4318480.443, 121
Trd, 4318481.643, 83
Trd, 4318483.443, 81
Trd, 4318483.593, 80
Trd, 4318484.293, 69
Trd, 4318485.343, 92
Trd, 4318486.093, 106
Trd, 4318486.243, 95
Trd, 4318486.893, 128
Trd, 4318487.043, 66
Trd, 4318487.693, 115
Trd, 4318488.343, 113
Trd, 4318489.243, 83
Trd, 4318490.693, 69
Trd, 4318491.393, 77
Trd, 4318492.793, 123
Trd, 4318492.993, 116
Trd, 4318493.143, 102
Trd, 4318493.293, 101
Trd, 4318494.143, 67
Trd, 4318494.943, 72
Trd, 4318495.043, 80
Trd, 4318495.293, 81
Trd, 4318496.393, 64
Trd, 4318497.143, 117
Trd, 4318497.293, 96
Trd, 4318498.293, 108
Trd, 4318498.893, 111
Trd, 4318499.043, 132
Trd, 4318501.093, 97
Trd, 4318501.143, 95
Trd, 4318501.493, 114
Trd, 4318501.643, 101
Trd, 4318501.793, 118
Trd, 4318502.443, 117
Trd, 4318503.143, 115
Trd, 4318503.343, 111
Trd, 4318504.343, 130
Trd, 4318504.643, 109
Trd, 4318505.093, 108
Trd, 4318506.743, 108
Trd, 4318506.943, 100
Trd, 4318507.443, 115
Trd, 4318507.743, 72
Trd, 4318510.493, 60
Trd, 4318510.643, 62
Trd, 4318510.793, 65
Trd, 4318511.843, 114
Trd, 4318513.043, 112
Trd, 4318513.193, 134
Trd, 4318513.993, 121
Trd, 4318514.243, 86
Trd, 4318514.543, 84
Trd, 4318515.843, 124
Trd, 4318515.893, 96
Trd, 4318516.293, 121
Trd, 4318516.493, 83
Trd, 4318516.693, 93
Trd, 4318517.343, 121
Trd, 4318517.593, 73
Trd, 4318518.593, 63
Trd, 4318519.193, 64
Trd, 4318519.343, 65
Trd, 4318519.743, 87
Trd, 4318520.993, 68
Trd, 4318521.493, 136
Trd, 4318521.693, 135
Trd, 4318523.493, 118
Trd, 4318523.643, 113
Trd, 4318524.043, 112
Trd, 4318524.743, 128
Trd, 4318524.843, 101
Trd, 4318524.993, 66
Trd, 4318525.393, 83
Trd, 4318525.593, 134
Trd, 4318526.743, 100
Trd, 4318527.693, 76
Trd, 4318527.943, 102
Trd, 4318529.593, 132
Trd, 4318529.643, 103
Trd, 4318529.743, 102
Trd, 4318530.243, 125
Trd, 4318531.793, 117
Trd, 4318532.693, 108
Trd, 4318533.943, 106
Trd, 4318536.243, 99
Trd, 4318536.293, 92
Trd, 4318536.643, 118
Trd, 4318537.743, 123
Trd, 4318537.793, 117
Trd, 4318538.443, 100
Trd, 4318539.193, 114
Trd, 4318539.393, 73
Trd, 4318541.043, 76
Trd, 4318541.893, 66
Trd, 4318542.593, 84
Trd, 4318543.043, 83
Trd, 4318543.893, 88
Trd, 4318544.393, 78
Trd, 4318544.443, 77
Trd, 4318545.643, 138
Trd, 4318546.043, 139
Trd, 4318546.243, 91
Trd, 4318547.893, 67
Trd, 4318548.743, 136
Trd, 4318549.793, 90
Trd, 4318550.543, 121
Trd, 4318551.343, 98
Trd, 4318553.243, 72
Trd, 4318553.893, 65
Trd, 4318554.093, 78
Trd, 4318554.243, 82
Trd, 4318556.093, 88
Trd, 4318556.443, 87
Trd, 4318556.543, 80
Trd, 4318557.143, 92
Trd, 4318558.143, 88
Trd, 4318558.343, 108
Trd, 4318558.393, 82
Trd, 4318559.143, 112
Trd, 4318559.643, 140
Trd, 4318562.643, 91
Trd, 4318562.993, 86
Trd, 4318563.443, 94
Trd, 4318563.793, 124
Trd, 4318565.543, 125
Trd, 4318565.893, 119
Trd, 4318565.943, 111
Trd, 4318566.343, 124
Trd, 4318567.743, 121
Trd, 4318568.093, 88
Trd, 4318568.943, 61
Trd, 4318569.793, 103
Trd, 4318570.843, 103
Trd, 4318570.893, 100
Trd, 4318571.993, 102
Trd, 4318572.993, 128
Trd, 4318573.143, 99
Trd, 4318574.043, 102
Trd, 4318574.393, 135
Trd, 4318575.193, 122
Trd, 4318575.243, 135
Trd, 4318575.743, 79
Trd, 4318576.193, 82
Trd, 4318577.693, 105
Trd, 4318577.893, 71
Trd, 4318578.043, 75
Trd, 4318579.693, 131
Trd, 4318580.493, 125
Trd, 4318580.543, 100
Trd, 4318582.343, 123
Trd, 4318582.493, 122
Trd, 4318583.593, 116
Trd, 4318583.743, 110
Trd, 4318584.543, 105
Trd, 4318584.593, 91
Trd, 4318584.993, 105
Trd, 4318586.393, 133
Trd, 4318586.443, 113
Trd, 4318586.643, 87
Trd, 4318587.593, 97
Trd, 4318589.143, 135
Trd, 4318590.193, 106
Trd, 4318590.443, 100
Trd, 4318591.543, 96
Trd, 4318591.693, 95
Trd, 4318591.943, 114
Trd, 4318592.493, 78
Trd, 4318592.643, 76
Trd, 4318593.493, 137
Trd, 4318594.743, 108
Trd, 4318594.843, 102
Trd, 4318595.443, 63
Trd, 4318596.043, 82
Trd, 4318599.493, 62
Trd, 4318599.843, 65
Trd, 4318601.143, 73
Trd, 4318601.743, 108
Trd, 4318602.193, 122
Trd, 4318602.643, 67
Trd, 4318602.843, 68
Trd, 4318604.293, 74
Trd, 4318604.893, 79
Trd, 4318605.393, 79
Trd, 4318605.543, 78
Trd, 4318605.793, 88
Trd, 4318605.843, 87
Trd, 4318605.993, 85
Trd, 4318606.143, 106
Trd, 4318607.493, 138
Trd, 4318607.543, 116
Trd, 4318608.043, 105
Trd, 4318608.143, 104
Trd, 4318612.093, 61
Trd, 4318612.193, 64
Trd, 4318612.543, 63
Trd, 4318612.593, 67
Trd, 4318612.843, 73
Trd, 4318613.293, 90
Trd, 4318613.693, 73
Trd, 4318614.793, 123
Trd, 4318614.943, 96
Trd, 4318615.993, 131
Trd, 4318616.143, 76
Trd, 4318617.143, 90
Trd, 4318617.993, 78
Trd, 4318618.043, 74
Trd, 4318618.693, 94
Trd, 4318618.793, 97
Trd, 4318619.043, 91
Trd, 4318619.693, 93
Trd, 4318620.343, 105
Trd, 4318621.193, 98
Trd, 4318621.643, 115
Trd, 4318621.793, 84
Trd, 4318622.543, 125
Trd, 4318622.743, 89
Trd, 4318622.993, 85
Trd, 4318623.293, 93
Trd, 4318626.693, 64
Trd, 4318628.043, 63
Trd, 4318628.593, 63
Trd, 4318629.093, 67
Trd, 4318629.243, 68
Trd, 4318629.843, 78
Trd, 4318630.593, 118
Trd, 4318630.693, 74
Trd, 4318631.493, 120
Trd, 4318632.693, 140
Trd, 4318633.643, 127
Trd, 4318633.843, 120
Trd, 4318634.443, 108
Trd, 4318634.743, 94
Trd, 4318634.943, 91
Trd, 4318635.443, 85
Trd, 4318636.343, 75
Trd, 4318636.593, 68
Trd, 4318638.143, 140
Trd, 4318638.193, 136
Trd, 4318640.593, 126
Trd, 4318640.843, 124
Trd, 4318641.093, 105
Trd, 4318641.343, 93
Trd, 4318642.193, 86
Trd, 4318642.593, 90
Trd, 4318644.293, 115
Trd, 4318644.643, 140
Trd, 4318644.743, 112
Trd, 4318645.293, 128
Trd, 4318645.643, 106
Trd, 4318646.343, 84
Trd, 4318646.993, 134
Trd, 4318647.743, 128
Trd, 4318648.043, 136
Trd, 4318648.593, 114
Trd, 4318649.593, 113
Trd, 4318650.743, 127
Trd, 4318650.943, 135
Trd, 4318651.593, 127
Trd, 4318653.743, 104
Trd, 4318653.943, 104
Trd, 4318653.993, 97
Trd, 4318654.343, 117
Trd, 4318654.943, 81
Trd, 4318655.843, 64
Trd, 4318656.043, 83
Trd, 4318656.443, 60
Trd, 4318657.393, 82
Trd, 4318658.143, 86
Trd, 4318659.593, 123
Trd, 4318660.043, 121
Trd, 4318660.143, 120
Trd, 4318661.193, 108
Trd, 4318662.343, 109
Trd, 4318663.543, 112
Trd, 4318663.643, 91
Trd, 4318664.043, 89
Trd, 4318664.093, 88
Trd, 4318665.443, 129
Trd, 4318666.293, 117
Trd, 4318666.393, 110
Trd, 4318666.893, 90
Trd, 4318667.543, 82
Trd, 4318668.093, 108
Trd, 4318668.693, 121
Trd, 4318669.193, 112
Trd, 4318669.543, 119
Trd, 4318670.193, 82
Trd, 4318670.593, 66
Trd, 4318671.043, 115
Trd, 4318672.343, 68
Trd, 4318673.093, 65
Trd, 4318674.693, 62
Trd, 4318675.693, 107
Trd, 4318675.943, 83
Trd, 4318676.693, 100
Trd, 4318676.793, 99
Trd, 4318677.293, 96
Trd, 4318677.393, 93
Trd, 4318677.943, 97
Trd, 4318679.393, 139
Trd, 4318679.793, 129
Trd, 4318680.243, 89
Trd, 4318680.493, 76
Trd, 4318681.943, 95
Trd, 4318682.143, 75
Trd, 4318682.293, 125
Trd, 4318682.843, 92
Trd, 4318683.543, 77
Trd, 4318685.093, 113
Trd, 4318685.943, 123
Trd, 4318686.043, 122
Trd, 4318686.343, 118
Trd, 4318687.143, 128
Trd, 4318687.243, 85
Trd, 4318688.243, 119
Trd, 4318688.793, 74
Trd, 4318689.093, 78
Trd, 4318690.143, 88
Trd, 4318691.493, 126
Trd, 4318692.443, 96
Trd, 4318693.593, 103
Trd, 4318694.593, 130
Trd, 4318694.743, 103
Trd, 4318694.993, 97
Trd, 4318696.493, 97
Trd, 4318696.793, 96
Trd, 4318697.993, 124
Trd, 4318698.643, 135
Trd, 4318698.743, 104
Trd, 4318699.793, 96
Trd, 4318700.243, 87
Trd, 4318700.743, 80
Trd, 4318701.043, 74
Trd, 4318701.793, 73
Trd, 4318702.343, 104
Trd, 4318703.993, 88
Trd, 4318704.093, 80
Trd, 4318704.793, 77
Trd, 4318705.193, 82
Trd, 4318705.793, 65
Trd, 4318706.643, 74
Trd, 4318708.143, 125
Trd, 4318708.343, 70
Trd, 4318709.243, 68
Trd, 4318709.943, 85
Trd, 4318709.993, 83
Trd, 4318711.293, 60
Trd, 4318712.043, 77
Trd, 4318712.193, 94
Trd, 4318712.993, 82
Trd, 4318713.643, 66
Trd, 4318715.143, 119
Trd, 4318715.643, 105
Trd, 4318717.043, 104
Trd, 4318717.443, 101
Trd, 4318717.643, 95
Trd, 4318718.843, 76
Trd, 4318719.293, 83
Trd, 4318720.043, 103
Trd, 4318720.743, 125
Trd, 4318721.193, 102
Trd, 4318721.393, 85
Trd, 4318721.443, 81
Trd, 4318723.043, 62
Trd, 4318723.343, 65
Trd, 4318723.693, 116
Trd, 4318724.443, 119
Trd, 4318725.943, 103
Trd, 4318726.093, 105
Trd, 4318726.243, 96
Trd, 4318727.293, 90
Trd, 4318728.193, 72
Trd, 4318728.293, 90
Trd, 4318729.093, 106
Trd, 4318729.193, 102
Trd, 4318729.743, 113
Trd, 4318729.843, 112
Trd, 4318730.993, 116
Trd, 4318732.693, 132
Trd, 4318732.893, 109
Trd, 4318733.543, 120
Trd, 4318735.693, 107
Trd, 4318735.743, 100
Trd, 4318736.743, 89
Trd, 4318737.293, 123
Trd, 4318738.243, 129
Trd, 4318739.393, 131
Trd, 4318740.143, 74
Trd, 4318740.643, 67
Trd, 4318740.993, 67
Trd, 4318741.743, 118
Trd, 4318742.743, 93
Trd, 4318742.993, 77
Trd, 4318743.193, 112
Trd, 4318744.593, 72
Trd, 4318745.743, 115
Trd, 4318746.293, 132
Trd, 4318746.693, 125
Trd, 4318746.843, 89
Trd, 4318747.943, 127
Trd, 4318748.193, 121
Trd, 4318748.843, 113
Trd, 4318748.893, 105
Trd, 4318750.493, 125
Trd, 4318750.843, 119
Trd, 4318751.293, 92
Trd, 4318751.893, 105
Trd, 4318752.743, 117
Trd, 4318752.993, 108
Trd, 4318753.443, 104
Trd, 4318754.443, 89
Trd, 4318754.643, 88
Trd, 4318754.793, 77
Trd, 4318755.393, 83
Trd, 4318755.443, 105
Trd, 4318757.093, 70
Trd, 4318758.643, 70
Trd, 4318759.243, 129
Trd, 4318760.043, 116
Trd, 4318760.143, 70
Trd, 4318760.843, 67
Trd, 4318761.393, 78
Trd, 4318761.993, 87
Trd, 4318762.893, 63
Trd, 4318763.993, 64
Trd, 4318765.543, 63
Trd, 4318766.093, 66
Trd, 4318766.693, 64
Trd, 4318766.993, 82
Trd, 4318767.793, 98
Trd, 4318769.143, 69
Trd, 4318770.143, 86
Trd, 4318770.843, 100
Trd, 4318771.543, 62
Trd, 4318772.293, 67
Trd, 4318773.293, 64
Trd, 4318773.743, 68
Trd, 4318773.943, 62
Trd, 4318775.143, 69
Trd, 4318775.493, 61
Trd, 4318776.493, 68
Trd, 4318777.343, 64
Trd, 4318777.443, 77
Trd, 4318778.543, 67
Trd, 4318778.593, 62
Trd, 4318781.293, 83
Trd, 4318781.393, 88
Trd, 4318781.593, 122
Trd, 4318781.943, 114
Trd, 4318782.393, 77
Trd, 4318782.443, 78
Trd, 4318782.893, 76
Trd, 4318785.193, 74
Trd, 4318785.343, 97
Trd, 4318786.693, 76
Trd, 4318787.293, 78
Trd, 4318787.343, 67
Trd, 4318787.393, 100
Trd, 4318788.793, 131
Trd, 4318790.493, 132
Trd, 4318790.593, 131
Trd, 4318790.643, 126
Trd, 4318791.143, 124
Trd, 4318791.743, 121
Trd, 4318791.943, 119
Trd, 4318792.043, 107
Trd, 4318792.493, 68
Trd, 4318793.443, 100
Trd, 4318793.993, 128
Trd, 4318794.893, 93
Trd, 4318795.593, 65
Trd, 4318796.043, 69
Trd, 4318796.893, 120
Trd, 4318798.193, 66
Trd, 4318798.443, 71
Trd, 4318798.843, 61
Trd, 4318799.193, 97
Trd, 4318800.193, 65
Trd, 4318800.843, 111
Trd, 4318801.143, 70
Trd, 4318803.343, 116
Trd, 4318803.543, 74
Trd, 4318803.993, 86
Trd, 4318804.843, 99
Trd, 4318805.193, 97
Trd, 4318805.743, 79
Trd, 4318806.593, 67
Trd, 4318806.693, 74
Trd, 4318807.243, 91
Trd, 4318807.343, 66
Trd, 4318808.843, 84
Trd, 4318809.593, 95
Trd, 4318810.593, 82
Trd, 4318812.343, 81
Trd, 4318812.593, 72
Trd, 4318812.643, 67
Trd, 4318813.793, 66
Trd, 4318815.293, 112
Trd, 4318815.593, 108
Trd, 4318815.743, 104
Trd, 4318816.843, 107
Trd, 4318817.193, 91
Trd, 4318817.893, 113
Trd, 4318818.643, 100
Trd, 4318818.893, 96
Trd, 4318819.643, 107
Trd, 4318820.193, 95
Trd, 4318820.243, 95
Trd, 4318821.593, 133
Trd, 4318821.793, 131
Trd, 4318822.093, 127
Trd, 4318822.843, 113
Trd, 4318823.143, 102
Trd, 4318825.093, 65
Trd, 4318825.393, 91
Trd, 4318825.943, 60
Trd, 4318826.043, 62
Trd, 4318826.293, 63
Trd, 4318827.043, 80
Trd, 4318827.193, 78
Trd, 4318827.593, 85
Trd, 4318827.943, 114
Trd, 4318829.843, 126
Trd, 4318830.043, 76
Trd, 4318830.293, 96
Trd, 4318830.643, 72
Trd, 4318831.043, 66
Trd, 4318831.143, 89
Trd, 4318831.593, 61
Trd, 4318832.893, 84
Trd, 4318834.443, 61
Trd, 4318834.793, 68
Trd, 4318835.093, 66
Trd, 4318835.993, 61
Trd, 4318837.443, 63
Trd, 4318839.043, 93
Trd, 4318839.093, 88
Trd, 4318840.093, 67
Trd, 4318841.543, 133
Trd, 4318841.693, 125
Trd, 4318842.143, 102
Trd, 4318843.243, 111
Trd, 4318843.893, 137
Trd, 4318844.043, 129
Trd, 4318846.093, 70
Trd, 4318846.443, 84
Trd, 4318846.893, 68
Trd, 4318847.393, 109
Trd, 4318848.193, 124
Trd, 4318848.243, 121
Trd, 4318849.643, 89
Trd, 4318850.443, 60
Trd, 4318850.643, 68
Trd, 4318852.193, 62
Trd, 4318852.493, 79
Trd, 4318853.193, 111
Trd, 4318853.993, 92
Trd, 4318854.093, 89
Trd, 4318854.293, 113
Trd, 4318854.793, 84
Trd, 4318855.143, 110
Trd, 4318855.393, 69
Trd, 4318857.543, 84
Trd, 4318858.343, 136
Trd, 4318858.693, 130
Trd, 4318859.543, 128
Trd, 4318859.643, 108
Trd, 4318860.593, 119
Trd, 4318860.943, 139
Trd, 4318861.243, 90
Trd, 4318861.493, 109
Trd, 4318863.093, 74
Trd, 4318863.443, 105
Trd, 4318863.793, 88
Trd, 4318864.143, 85
Trd, 4318864.443, 82
Trd, 4318865.193, 72
Trd, 4318866.393, 89
Trd, 4318867.343, 96
Trd, 4318867.943, 83
Trd, 4318868.893, 124
Trd, 4318869.043, 68
Trd, 4318869.493, 81
Trd, 4318870.743, 81
Trd, 4318870.793, 86
Trd, 4318871.843, 101
Trd, 4318872.493, 96
Trd, 4318872.593, 138
Trd, 4318873.093, 116
Trd, 4318873.893, 123
Trd, 4318875.243, 139
Trd, 4318875.893, 127
Trd, 4318876.843, 128
Trd, 4318877.343, 114
Trd, 4318877.893, 118
Trd, 4318878.493, 113
Trd, 4318878.643, 116
Trd, 4318879.243, 80
Trd, 4318880.343, 100
Trd, 4318881.493, 105
Trd, 4318881.693, 138
Trd, 4318882.193, 103
Trd, 4318882.243, 102
Trd, 4318883.693, 92
Trd, 4318883.743, 86
Trd, 4318884.293, 139
Trd, 4318885.993, 124
Trd, 4318886.143, 132
Trd, 4318888.493, 103
Trd, 4318888.543, 102
Trd, 4318888.643, 100
Trd, 4318888.793, 91
Trd, 4318889.043, 72
Trd, 4318889.693, 81
Trd, 4318889.943, 122
Trd, 4318890.043, 79
Trd, 4318890.243, 65
Trd, 4318892.093, 118
Trd, 4318893.893, 108
Trd, 4318894.893, 116
Trd, 4318894.943, 115
Trd, 4318895.093, 103
Trd, 4318896.893, 114
Trd, 4318897.543, 125
Trd, 4318897.643, 114
Trd, 4318898.043, 113
Trd, 4318898.093, 96
Trd, 4318898.643, 87
Trd, 4318899.543, 135
Trd, 4318900.443, 109
Trd, 4318900.943, 64
Trd, 4318900.993, 79
Trd, 4318901.643, 138
Trd, 4318903.293, 133
Trd, 4318903.743, 121
Trd, 4318904.443, 118
Trd, 4318905.243, 113
Trd, 4318906.643, 120
Trd, 4318906.793, 110
Trd, 4318907.393, 99
Trd, 4318907.993, 112
Trd, 4318908.393, 93
Trd, 4318908.693, 92
Trd, 4318909.343, 120
Trd, 4318909.793, 98
Trd, 4318910.343, 92
Trd, 4318911.243, 95
Trd, 4318911.393, 90
Trd, 4318911.893, 88
Trd, 4318912.243, 83
Trd, 4318913.343, 66
Trd, 4318915.443, 77
Trd, 4318916.093, 67
Trd, 4318916.893, 70
Trd, 4318917.193, 69
Trd, 4318918.343, 102
Trd, 4318918.843, 111
Trd, 4318919.293, 96
Trd, 4318919.993, 101
Trd, 4318920.943, 112
Trd, 4318921.243, 114
Trd, 4318921.893, 101
Trd, 4318922.993, 100
Trd, 4318923.243, 108
Trd, 4318924.793, 83
Trd, 4318924.843, 82
Trd, 4318925.593, 100
Trd, 4318925.893, 89
Trd, 4318926.293, 83
Trd, 4318927.543, 77
Trd, 4318928.243, 67
Trd, 4318928.593, 93
Trd, 4318928.693, 66
Trd, 4318929.643, 92
Trd, 4318930.193, 60
Trd, 4318931.793, 96
Trd, 4318932.443, 108
Trd, 4318933.643, 115
Trd, 4318934.193, 104
Trd, 4318934.643, 112
Trd, 4318935.193, 104
Trd, 4318935.593, 109
Trd, 4318936.343, 106
Trd, 4318936.593, 88
Trd, 4318936.993, 94
Trd, 4318937.193, 86
Trd, 4318937.743, 81
Trd, 4318938.443, 72
Trd, 4318940.893, 102
Trd, 4318941.493, 116
Trd, 4318941.543, 80
Trd, 4318942.793, 74
Trd, 4318942.893, 73
Trd, 4318943.443, 78
Trd, 4318943.793, 110
Trd, 4318945.243, 123
Trd, 4318946.193, 107
Trd, 4318946.293, 107
Trd, 4318946.743, 102
Trd, 4318946.893, 88
Trd, 4318947.243, 88
Trd, 4318948.143, 128
Trd, 4318948.543, 81
Trd, 4318949.393, 135
Trd, 4318950.493, 127
Trd, 4318951.143, 140
Trd, 4318951.593, 65
Trd, 4318953.343, 73
Trd, 4318954.743, 65
Trd, 4318954.993, 75
Trd, 4318955.343, 75
Trd, 4318956.993, 113
Trd, 4318957.143, 87
Trd, 4318958.843, 87
Trd, 4318959.693, 91
Trd, 4318959.843, 89
Trd, 4318959.943, 72
Trd, 4318960.193, 98
Trd, 4318960.493, 70
Trd, 4318961.893, 60
Trd, 4318963.193, 65
Trd, 4318963.593, 72
Trd, 4318964.693, 65
Trd, 4318964.743, 92
Trd, 4318964.793, 62
Trd, 4318965.343, 69
Trd, 4318965.843, 62
Trd, 4318966.193, 85
Trd, 4318966.493, 113
Trd, 4318967.293, 136
Trd, 4318969.343, 140
Trd, 4318969.843, 117
Trd, 4318969.993, 112
Trd, 4318970.043, 101
Trd, 4318970.693, 109
Trd, 4318971.143, 110
Trd, 4318971.693, 94
Trd, 4318971.993, 82
Trd, 4318972.743, 80
Trd, 4318973.543, 108
Trd, 4318974.193, 116
Trd, 4318974.793, 104
Trd, 4318975.293, 111
Trd, 4318975.493, 108
Trd, 4318976.043, 121
Trd, 4318977.193, 93
Trd, 4318977.843, 134
Trd, 4318977.893, 123
Trd, 4318978.293, 93
Trd, 4318979.993, 122
Trd, 4318980.193, 117
Trd, 4318980.493, 115
Trd, 4318980.693, 99
Trd, 4318981.793, 99
Trd, 4318982.243, 98
Trd, 4318983.793, 98
Trd, 4318984.493, 63
Trd, 4318985.293, 122
Trd, 4318985.643, 116
Trd, 4318986.043, 111
Trd, 4318986.093, 110
Trd, 4318986.993, 106
Trd, 4318987.443, 129
Trd, 4318987.543, 84
Trd, 4318987.993, 139
Trd, 4318988.743, 73
Trd, 4318989.343, 98
Trd, 4318989.593, 93
Trd, 4318990.793, 70
Trd, 4318991.443, 94
Trd, 4318992.093, 96
Trd, 4318992.593, 92
Trd, 4318992.693, 116
Trd, 4318992.893, 138
Trd, 4318994.043, 125
Trd, 4318995.243, 72
Trd, 4318995.593, 69
Trd, 4318997.243, 61
Trd, 4318998.293, 60
Trd, 4318998.443, 88
Trd, 4318999.593, 78
Trd, 4318999.943, 76
Trd, 4319000.343, 77
Trd, 4319001.043, 111
Trd, 4319001.593, 124
Trd, 4319001.843, 97
Trd, 4319002.093, 94
Trd, 4319002.943, 120
Trd, 4319003.243, 125
Trd, 4319004.943, 81
Trd, 4319005.243, 78
Trd, 4319005.293, 106
Trd, 4319005.643, 84
Trd, 4319006.343, 110
Trd, 4319006.843, 105
Trd, 4319008.093, 79
Trd, 4319008.993, 134
Trd, 4319009.093, 132
Trd, 4319009.243, 75
Trd, 4319009.793, 64
Trd, 4319011.193, 105
Trd, 4319011.643, 66
Trd, 4319013.443, 96
Trd, 4319014.143, 90
Trd, 4319014.393, 95
Trd, 4319015.243, 120
Trd, 4319015.643, 115
Trd, 4319016.943, 135
Trd, 4319017.293, 133
Trd, 4319017.693, 125
Trd, 4319017.893, 102
Trd, 4319018.743, 87
Trd, 4319019.293, 87
Trd, 4319020.243, 119
Trd, 4319020.493, 112
Trd, 4319021.493, 124
Trd, 4319021.693, 103
Trd, 4319022.793, 125
Trd, 4319024.543, 74
Trd, 4319025.293, 95
Trd, 4319025.593, 87
Trd, 4319025.693, 86
Trd, 4319026.643, 105
Trd, 4319027.293, 85
Trd, 4319027.543, 84
Trd, 4319027.893, 84
Trd, 4319028.143, 82
Trd, 4319028.643, 79
Trd, 4319029.993, 93
Trd, 4319030.193, 92
Trd, 4319031.093, 111
Trd, 4319031.143, 97
Trd, 4319031.443, 130
Trd, 4319032.843, 99
Trd, 4319033.093, 96
Trd, 4319033.593, 96
Trd, 4319033.793, 95
Trd, 4319034.693, 121
Trd, 4319035.093, 89
Trd, 4319035.743, 96
Trd, 4319036.043, 114
Trd, 4319037.493, 82
Trd, 4319037.693, 137
Trd, 4319037.993, 76
Trd, 4319038.943, 129
Trd, 4319040.543, 105
Trd, 4319042.093, 126
Trd, 4319042.643, 104
Trd, 4319043.543, 107
Trd, 4319044.543, 93
Trd, 4319044.993, 69
Trd, 4319045.143, 66
Trd, 4319046.343, 75
Trd, 4319046.843, 91
Trd, 4319046.943, 103
Trd, 4319047.493, 60
Trd, 4319048.893, 60
Trd, 4319049.243, 64
Trd, 4319049.743, 118
Trd, 4319050.143, 112
Trd, 4319052.043, 81
Trd, 4319052.443, 64
Trd, 4319054.093, 73
Trd, 4319054.793, 132
Trd, 4319054.843, 126
Trd, 4319055.393, 133
Trd, 4319055.493, 98
Trd, 4319056.743, 118
Trd, 4319056.793, 116
Trd, 4319057.143, 96
Trd, 4319059.193, 114
Trd, 4319059.293, 110
Trd, 4319061.393, 70
Trd, 4319062.093, 67
Trd, 4319064.243, 132
Trd, 4319064.993, 84
Trd, 4319065.593, 81
Trd, 4319065.693, 69
Trd, 4319066.793, 137
Trd, 4319067.443, 77
Trd, 4319068.093, 97
Trd, 4319068.443, 88
Trd, 4319068.793, 71
Trd, 4319070.493, 70
Trd, 4319070.743, 81
Trd, 4319071.243, 139
Trd, 4319071.793, 60
Trd, 4319072.193, 78
Trd, 4319072.893, 73
Trd, 4319073.243, 63
Trd, 4319073.693, 66
Trd, 4319073.843, 112
Trd, 4319074.593, 137
Trd, 4319074.743, 136
Trd, 4319075.993, 84
Trd, 4319077.143, 62
Trd, 4319077.343, 61
Trd, 4319078.043, 61
Trd, 4319079.093, 121
Trd, 4319079.693, 103
Trd, 4319079.843, 96
Trd, 4319082.343, 62
Trd, 4319083.143, 80
Trd, 4319084.243, 62
Trd, 4319085.343, 68
Trd, 4319085.493, 61
Trd, 4319085.893, 74
Trd, 4319086.593, 105
Trd, 4319088.143, 86
Trd, 4319088.443, 100
Trd, 4319089.193, 81
Trd, 4319091.343, 140
Trd, 4319091.393, 140
Trd, 4319091.693, 130
Trd, 4319091.843, 129
Trd, 4319092.893, 128
Trd, 4319093.043, 132
Trd, 4319093.843, 107
Trd, 4319094.993, 139
Trd, 4319096.143, 135
Trd, 4319097.443, 118
Trd, 4319097.943, 101
Trd, 4319098.093, 99
Trd, 4319099.343, 123
Trd, 4319100.143, 122
Trd, 4319100.543, 117
Trd, 4319101.043, 122
Trd, 4319102.043, 100
Trd, 4319102.093, 96
Trd, 4319102.243, 84
Trd, 4319103.543, 111
Trd, 4319105.543, 105
Trd, 4319106.393, 105
Trd, 4319107.043, 103
Trd, 4319107.243, 131
Trd, 4319107.943, 102
Trd, 4319108.243, 85
Trd, 4319108.943, 118
Trd, 4319109.193, 120
Trd, 4319109.293, 82
Trd, 4319109.893, 131
Trd, 4319110.793, 119
Trd, 4319111.543, 113
Trd, 4319112.393, 123
Trd, 4319113.093, 108
Trd, 4319113.143, 103
Trd, 4319113.293, 74
Trd, 4319114.143, 121
Trd, 4319114.743, 119
Trd, 4319115.693, 102
Trd, 4319116.893, 134
Trd, 4319117.243, 130
Trd, 4319117.343, 123
Trd, 4319117.493, 90
Trd, 4319117.993, 95
Trd, 4319118.193, 107
Trd, 4319120.043, 62
Trd, 4319120.293, 66
Trd, 4319120.443, 85
Trd, 4319121.493, 131
Trd, 4319121.543, 127
Trd, 4319122.343, 119
Trd, 4319122.443, 115
Trd, 4319124.393, 82
Trd, 4319125.043, 77
Trd, 4319126.543, 87
Trd, 4319126.693, 72
Trd, 4319126.993, 120
Trd, 4319127.143, 94
Trd, 4319127.343, 92
Trd, 4319129.643, 68
Trd, 4319130.743, 119
Trd, 4319131.043, 134
Trd, 4319132.543, 90
Trd, 4319133.143, 89
Trd, 4319133.993, 82
Trd, 4319135.143, 80
Trd, 4319135.193, 75
Trd, 4319136.093, 118
Trd, 4319136.643, 131
Trd, 4319137.243, 81
Trd, 4319137.743, 60
Trd, 4319138.843, 72
Trd, 4319139.293, 76
Trd, 4319140.193, 101
Trd, 4319140.543, 99
Trd, 4319140.943, 114
Trd, 4319141.543, 73
Trd, 4319144.293, 65
Trd, 4319144.593, 69
Trd, 4319145.343, 67
Trd, 4319146.143, 75
Trd, 4319146.343, 88
Trd, 4319146.743, 93
Trd, 4319147.643, 71
Trd, 4319149.193, 63
Trd, 4319149.793, 68
Trd, 4319151.043, 67
Trd, 4319151.893, 73
Trd, 4319152.743, 66
Trd, 4319152.793, 67
Trd, 4319152.843, 69
Trd, 4319153.393, 80
Trd, 4319153.693, 93
Trd, 4319154.543, 86
Trd, 4319154.843, 88
Trd, 4319155.943, 116
Trd, 4319155.993, 115
Trd, 4319157.493, 132
Trd, 4319157.893, 129
Trd, 4319157.943, 113
Trd, 4319158.893, 62
Trd, 4319160.143, 63
Trd, 4319160.493, 64
Trd, 4319162.143, 103
Trd, 4319162.343, 103
Trd, 4319162.393, 79
Trd, 4319163.693, 120
Trd, 4319164.393, 121
Trd, 4319164.543, 114
Trd, 4319164.893, 110
Trd, 4319165.143, 108
Trd, 4319165.543, 108
Trd, 4319165.643, 80
Trd, 4319166.043, 76
Trd, 4319166.893, 105
Trd, 4319167.493, 84
Trd, 4319169.793, 117
Trd, 4319170.093, 106
Trd, 4319170.193, 66
Trd, 4319171.893, 70
Trd, 4319172.443, 69
Trd, 4319173.493, 67
Trd, 4319173.643, 74
Trd, 4319173.993, 75
Trd, 4319174.193, 66
Trd, 4319174.393, 62
Trd, 4319175.343, 61
Trd, 4319175.493, 111
Trd, 4319178.143, 136
Trd, 4319179.443, 130
Trd, 4319179.643, 107
Trd, 4319180.193, 106
Trd, 4319180.293, 105
Trd, 4319181.293, 78
Trd, 4319181.493, 116
Trd, 4319183.093, 125
Trd, 4319183.893, 116
Trd, 4319184.593, 109
Trd, 4319185.343, 106
Trd, 4319185.493, 123
Trd, 4319187.393, 127
Trd, 4319188.343, 130
Trd, 4319188.743, 124
Trd, 4319188.793, 107
Trd, 4319189.743, 89
Trd, 4319189.843, 98
Trd, 4319190.043, 85
Trd, 4319190.143, 81
Trd, 4319190.193, 78
Trd, 4319191.393, 83
Trd, 4319192.243, 111
Trd, 4319194.893, 60
Trd, 4319195.043, 66
Trd, 4319195.093, 71
Trd, 4319195.743, 105
Trd, 4319196.293, 72
Trd, 4319196.943, 75
Trd, 4319198.443, 109
Trd, 4319198.993, 99
Trd, 4319199.693, 106
Trd, 4319200.143, 115
Trd, 4319200.243, 96
Trd, 4319200.793, 103
Trd, 4319201.393, 108
Trd, 4319202.343, 62
Trd, 4319204.593, 65
Trd, 4319205.193, 85
Trd, 4319206.143, 82
Trd, 4319206.293, 96
Trd, 4319206.443, 79
Trd, 4319206.543, 81
Trd, 4319206.943, 140
Trd, 4319207.993, 76
Trd, 4319209.643, 73
Trd, 4319210.193, 106
Trd, 4319210.293, 105
Trd, 4319210.343, 108
Trd, 4319210.943, 89
Trd, 4319211.143, 65
Trd, 4319212.493, 73
Trd, 4319213.443, 60
Trd, 4319213.493, 95
Trd, 4319214.343, 61
Trd, 4319214.993, 132
Trd, 4319215.143, 88
Trd, 4319216.493, 115
Trd, 4319217.493, 100
Trd, 4319217.643, 103
Trd, 4319218.343, 95
Trd, 4319219.443, 126
Trd, 4319219.693, 107
Trd, 4319220.643, 114
Trd, 4319221.343, 111
Trd, 4319221.543, 107
Trd, 4319222.993, 111
Trd, 4319223.643, 127
Trd, 4319223.843, 121
Trd, 4319224.243, 113
Trd, 4319225.593, 68
Trd, 4319225.643, 109
Trd, 4319226.643, 117
Trd, 4319227.743, 61
Trd, 4319228.143, 70
Trd, 4319228.593, 85
Trd, 4319230.543, 117
Trd, 4319231.293, 102
Trd, 4319231.443, 98
Trd, 4319231.993, 93
Trd, 4319232.643, 90
Trd, 4319232.743, 65
Trd, 4319233.993, 139
Trd, 4319234.943, 81
Trd, 4319235.243, 71
Trd, 4319235.343, 69
Trd, 4319235.543, 98
Trd, 4319237.093, 109
Trd, 4319238.243, 124
Trd, 4319238.343, 120
Trd, 4319239.443, 140
Trd, 4319239.693, 109
Trd, 4319240.543, 131
Trd, 4319241.293, 95
Trd, 4319241.943, 88
Trd, 4319243.093, 96
Trd, 4319243.793, 75
Trd, 4319244.643, 88
Trd, 4319244.743, 74
Trd, 4319245.243, 67
Trd, 4319245.793, 121
Trd, 4319245.893, 120
Trd, 4319246.343, 62
Trd, 4319246.793, 85
Trd, 4319247.393, 103
Trd, 4319248.143, 60
Trd, 4319248.593, 75
Trd, 4319249.643, 68
Trd, 4319251.093, 70
Trd, 4319251.193, 81
Trd, 4319252.893, 85
Trd, 4319254.743, 80
Trd, 4319254.893, 71
Trd, 4319255.093, 87
Trd, 4319256.093, 98
Trd, 4319256.243, 81
Trd, 4319256.943, 69
Trd, 4319257.243, 92
Trd, 4319257.493, 99
Trd, 4319257.743, 68
Trd, 4319258.043, 117
Trd, 4319259.093, 64
Trd, 4319259.393, 117
Trd, 4319261.993, 140
Trd, 4319262.143, 121
Trd, 4319263.743, 117
Trd, 4319263.793, 91
Trd, 4319264.693, 81
Trd, 4319265.243, 87
Trd, 4319266.243, 119
Trd, 4319267.243, 111
Trd, 4319267.693, 110
Trd, 4319267.943, 109
Trd, 4319268.543, 106
Trd, 4319268.693, 75
Trd, 4319269.193, 83
Trd, 4319269.693, 131
Trd, 4319270.193, 128
Trd, 4319270.343, 80
Trd, 4319270.943, 127
Trd, 4319271.593, 79
Trd, 4319271.843, 102
Trd, 4319273.643, 67
Trd, 4319274.043, 111
Trd, 4319275.043, 62
Trd, 4319275.743, 67
Trd, 4319276.943, 80
Trd, 4319277.093, 85
Trd, 4319278.893, 90
Trd, 4319279.843, 72
Trd, 4319281.143, 88
Trd, 4319281.293, 121
Trd, 4319281.393, 77
Trd, 4319281.793, 137
Trd, 4319281.943, 99
Trd, 4319282.793, 66
Trd, 4319284.193, 95
Trd, 4319285.243, 93
Trd, 4319285.343, 92
Trd, 4319285.793, 105
Trd, 4319285.943, 91
Trd, 4319286.243, 74
Trd, 4319286.743, 62
Trd, 4319287.643, 66
Trd, 4319287.893, 89
Trd, 4319289.543, 79
Trd, 4319290.543, 64
Trd, 4319291.393, 68
Trd, 4319292.443, 87
Trd, 4319293.693, 84
Trd, 4319293.743, 80
Trd, 4319294.193, 112
Trd, 4319294.543, 107
Trd, 4319294.893, 105
Trd, 4319297.793, 63
Trd, 4319298.043, 60
Trd, 4319300.043, 70
Trd, 4319300.393, 72
Trd, 4319301.543, 87
Trd, 4319301.893, 100
Trd, 4319302.693, 63
Trd, 4319303.093, 70
Trd, 4319303.743, 93
Trd, 4319304.493, 125
Trd, 4319305.043, 101
Trd, 4319305.343, 70
Trd, 4319305.943, 67
Trd, 4319306.593, 68
Trd, 4319307.793, 137
Trd, 4319307.993, 98
Trd, 4319308.393, 95
Trd, 4319309.943, 60
Trd, 4319310.243, 78
Trd, 4319310.343, 86
Trd, 4319311.443, 71
Trd, 4319312.493, 86
Trd, 4319313.243, 135
Trd, 4319313.593, 113
Trd, 4319314.143, 80
Trd, 4319314.543, 65
Trd, 4319314.693, 61
Trd, 4319315.893, 115
Trd, 4319316.543, 82
Trd, 4319317.293, 79
Trd, 4319317.743, 75
Trd, 4319318.643, 77
Trd, 4319319.193, 72
Trd, 4319319.343, 101
Trd, 4319319.443, 100
Trd, 4319320.343, 108
Trd, 4319320.693, 119
Trd, 4319322.243, 122
Trd, 4319323.593, 115
Trd, 4319323.643, 105
Trd, 4319324.043, 68
Trd, 4319324.993, 102
Trd, 4319325.793, 70
Trd, 4319325.893, 113
Trd, 4319326.393, 91
Trd, 4319327.443, 69
Trd, 4319328.243, 84
Trd, 4319328.393, 63
Trd, 4319329.493, 67
Trd, 4319329.793, 71
Trd, 4319330.193, 82
Trd, 4319330.693, 100
Trd, 4319331.043, 103
Trd, 4319332.043, 87
Trd, 4319332.793, 106
Trd, 4319332.943, 105
Trd, 4319333.943, 125
Trd, 4319334.543, 124
Trd, 4319335.743, 68
Trd, 4319336.443, 61
Trd, 4319337.543, 65
Trd, 4319337.643, 67
Trd, 4319338.043, 116
Trd, 4319338.093, 62
Trd, 4319339.193, 79
Trd, 4319340.693, 128
Trd, 4319340.793, 127
Trd, 4319341.243, 81
Trd, 4319341.593, 92
Trd, 4319341.893, 107
Trd, 4319341.943, 84
Trd, 4319344.043, 60
Trd, 4319344.243, 60
Trd, 4319344.743, 61
Trd, 4319345.143, 96
Trd, 4319346.043, 109
Trd, 4319347.093, 106
Trd, 4319347.143, 105
Trd, 4319347.393, 103
Trd, 4319347.443, 100
Trd, 4319350.193, 107
Trd, 4319350.543, 109
Trd, 4319351.293, 111
Trd, 4319351.943, 80
Trd, 4319352.343, 70
Trd, 4319352.793, 77
Trd, 4319353.543, 80
Trd, 4319354.093, 117
Trd, 4319354.693, 107
Trd, 4319355.093, 96
Trd, 4319355.793, 123
Trd, 4319356.293, 134
Trd, 4319356.693, 121
Trd, 4319357.043, 116
Trd, 4319359.493, 100
Trd, 4319359.793, 85
Trd, 4319360.043, 137
Trd, 4319360.193, 107
Trd, 4319361.193, 123
Trd, 4319361.443, 117
Trd, 4319362.193, 103
Trd, 4319362.243, 99
Trd, 4319362.943, 88
Trd, 4319363.793, 125
Trd, 4319364.243, 137
Trd, 4319364.293, 131
Trd, 4319366.493, 92
Trd, 4319367.493, 71
Trd, 4319367.543, 87
Trd, 4319367.793, 81
Trd, 4319367.843, 98
Trd, 4319368.193, 64
Trd, 4319369.243, 77
Trd, 4319369.843, 68
Trd, 4319370.443, 67
Trd, 4319371.343, 60
Trd, 4319372.443, 136
Trd, 4319373.293, 105
Trd, 4319374.093, 90
Trd, 4319374.743, 83
Trd, 4319375.043, 109
Trd, 4319376.243, 83
Trd, 4319377.043, 80
Trd, 4319377.093, 85
Trd, 4319377.193, 80
Trd, 4319377.493, 79
Trd, 4319377.643, 76
Trd, 4319378.543, 117
Trd, 4319378.593, 112
Trd, 4319380.143, 83
Trd, 4319381.093, 138
Trd, 4319381.193, 107
Trd, 4319381.493, 81
Trd, 4319382.743, 66
Trd, 4319383.393, 131
Trd, 4319384.093, 62
Trd, 4319384.243, 71
Trd, 4319385.943, 101
Trd, 4319386.493, 110
Trd, 4319386.643, 98
Trd, 4319386.693, 90
Trd, 4319388.343, 70
Trd, 4319389.793, 97
Trd, 4319389.993, 109
Trd, 4319390.793, 121
Trd, 4319391.643, 92
Trd, 4319393.793, 66
Trd, 4319393.893, 71
Trd, 4319394.343, 74
Trd, 4319394.843, 64
Trd, 4319394.943, 71
Trd, 4319397.293, 60
Trd, 4319397.543, 65
Trd, 4319397.843, 67
Trd, 4319398.843, 125
Trd, 4319400.043, 121
Trd, 4319400.193, 94
Trd, 4319401.493, 84
Trd, 4319401.543, 88
Trd, 4319402.043, 120
Trd, 4319402.793, 98
Trd, 4319403.243, 100
Trd, 4319404.193, 95
Trd, 4319404.743, 90
Trd, 4319406.993, 117
Trd, 4319407.443, 84
Trd, 4319407.893, 107
Trd, 4319408.043, 103
Trd, 4319409.293, 128
Trd, 4319409.493, 126
Trd, 4319409.893, 124
Trd, 4319410.043, 118
Trd, 4319410.293, 133
Trd, 4319411.943, 108
Trd, 4319412.143, 82
Trd, 4319412.693, 73
Trd, 4319413.643, 61
Trd, 4319413.743, 62
Trd, 4319414.293, 97
Trd, 4319415.793, 137
Trd, 4319416.193, 130
Trd, 4319418.493, 104
Trd, 4319419.043, 117
Trd, 4319419.193, 122
Trd, 4319419.293, 116
Trd, 4319419.343, 77
Trd, 4319420.243, 82
Trd, 4319420.593, 119
Trd, 4319420.993, 63
Trd, 4319421.443, 127
Trd, 4319422.743, 65
Trd, 4319422.993, 71
Trd, 4319423.793, 75
Trd, 4319424.743, 82
Trd, 4319426.293, 107
Trd, 4319427.243, 60
Trd, 4319427.693, 63
Trd, 4319427.993, 65
Trd, 4319428.443, 63
Trd, 4319429.743, 82
Trd, 4319429.843, 79
Trd, 4319430.543, 115
Trd, 4319430.843, 70
Trd, 4319431.393, 71
Trd, 4319433.343, 83
Trd, 4319433.543, 110
Trd, 4319434.043, 80
Trd, 4319434.943, 79
Trd, 4319435.543, 75
Trd, 4319436.143, 64
Trd, 4319436.393, 62
Trd, 4319437.593, 83
Trd, 4319438.443, 99
Trd, 4319438.493, 119
Trd, 4319438.943, 84
Trd, 4319439.443, 96
Trd, 4319441.393, 97
Trd, 4319442.093, 91
Trd, 4319443.093, 94
Trd, 4319443.393, 105
Trd, 4319443.943, 99
Trd, 4319444.193, 106
Trd, 4319444.443, 99
Trd, 4319444.843, 97
Trd, 4319445.693, 112
Trd, 4319445.793, 109
Trd, 4319446.843, 95
Trd, 4319447.843, 67
Trd, 4319449.393, 69
Trd, 4319451.193, 92
Trd, 4319451.943, 127
Trd, 4319451.993, 125
Trd, 4319452.493, 129
Trd, 4319452.693, 121
Trd, 4319453.643, 83
Trd, 4319453.793, 79
Trd, 4319454.493, 106
Trd, 4319455.343, 138
Trd, 4319455.793, 109
Trd, 4319456.393, 101
Trd, 4319457.843, 129
Trd, 4319458.593, 115
Trd, 4319458.993, 123
Trd, 4319459.193, 82
Trd, 4319459.993, 79
Trd, 4319461.493, 66
Trd, 4319462.043, 121
Trd, 4319463.143, 114
Trd, 4319463.693, 131
Trd, 4319463.943, 124
Trd, 4319464.543, 95
Trd, 4319465.293, 84
Trd, 4319466.243, 69
Trd, 4319467.143, 61
Trd, 4319467.693, 61
Trd, 4319468.393, 71
Trd, 4319468.593, 120
Trd, 4319469.593, 65
Trd, 4319469.993, 92
Trd, 4319471.593, 89
Trd, 4319471.643, 85
Trd, 4319473.693, 132
Trd, 4319474.593, 118
Trd, 4319474.993, 114
Trd, 4319475.293, 139
Trd, 4319475.543, 115
Trd, 4319475.693, 113
Trd, 4319475.743, 97
Trd, 4319476.843, 102
Trd, 4319478.143, 115
Trd, 4319479.093, 135
Trd, 4319479.343, 114
Trd, 4319479.893, 130
Trd, 4319480.293, 129
Trd, 4319480.343, 119
Trd, 4319480.943, 105
Trd, 4319482.193, 82
Trd, 4319483.393, 83
Trd, 4319484.193, 81
Trd, 4319484.743, 89
Trd, 4319485.493, 137
Trd, 4319485.593, 125
Trd, 4319487.243, 127
Trd, 4319487.593, 124
Trd, 4319489.243, 107
Trd, 4319489.793, 97
Trd, 4319490.043, 97
Trd, 4319490.243, 95
Trd, 4319491.543, 109
Trd, 4319492.993, 118
Trd, 4319493.043, 99
Trd, 4319493.593, 89
Trd, 4319493.843, 88
Trd, 4319493.943, 86
Trd, 4319494.843, 95
Trd, 4319494.993, 76
Trd, 4319496.943, 109
Trd, 4319497.893, 116
Trd, 4319498.343, 133
Trd, 4319498.443, 125
Trd, 4319498.493, 111
Trd, 4319498.643, 74
Trd, 4319499.193, 101
Trd, 4319500.643, 118
Trd, 4319501.143, 117
Trd, 4319502.143, 127
Trd, 4319502.343, 115
Trd, 4319502.493, 109
Trd, 4319503.093, 104
Trd, 4319504.293, 90
Trd, 4319505.793, 116
Trd, 4319506.593, 115
Trd, 4319507.243, 113
Trd, 4319507.493, 121
Trd, 4319507.743, 107
Trd, 4319508.193, 89
Trd, 4319509.443, 62
Trd, 4319509.543, 64
Trd, 4319510.043, 102
Trd, 4319510.493, 117
Trd, 4319510.543, 91
Trd, 4319511.493, 77
Trd, 4319515.643, 61
Trd, 4319515.693, 62
Trd, 4319516.093, 68
Trd, 4319517.643, 69
Trd, 4319519.693, 62
Trd, 4319519.943, 61
Trd, 4319520.093, 64
Trd, 4319520.293, 68
Trd, 4319520.693, 80
Trd, 4319521.593, 111
Trd, 4319521.693, 79
Trd, 4319522.793, 86
Trd, 4319523.093, 83
Trd, 4319523.293, 122
Trd, 4319524.193, 62
Trd, 4319525.293, 68
Trd, 4319527.043, 80
Trd, 4319527.493, 62
Trd, 4319527.893, 90
Trd, 4319528.693, 97
Trd, 4319529.243, 78
Trd, 4319529.793, 93
Trd, 4319530.243, 109
Trd, 4319531.143, 73
Trd, 4319531.293, 71
Trd, 4319531.793, 79
Trd, 4319532.593, 70
Trd, 4319532.793, 96
Trd, 4319533.243, 68
Trd, 4319533.543, 76
Trd, 4319534.543, 111
Trd, 4319535.493, 79
Trd, 4319535.993, 60
Trd, 4319536.793, 61
Trd, 4319538.543, 101
Trd, 4319539.043, 96
Trd, 4319539.893, 80
Trd, 4319540.893, 75
Trd, 4319541.043, 72
Trd, 4319541.593, 127
Trd, 4319542.393, 70
Trd, 4319542.943, 64
Trd, 4319544.093, 63
Trd, 4319544.443, 126
Trd, 4319544.493, 105
Trd, 4319545.943, 87
Trd, 4319546.493, 138
Trd, 4319546.993, 84
Trd, 4319547.493, 62
Trd, 4319548.243, 96
Trd, 4319549.043, 95
Trd, 4319549.793, 80
Trd, 4319550.193, 98
Trd, 4319551.093, 134
Trd, 4319551.693, 110
Trd, 4319552.193, 89
Trd, 4319552.493, 86
Trd, 4319552.793, 107
Trd, 4319552.943, 111
Trd, 4319553.043, 82
Trd, 4319554.543, 116
Trd, 4319556.393, 126
Trd, 4319556.743, 136
Trd, 4319557.993, 76
Trd, 4319559.343, 61
Trd, 4319560.043, 62
Trd, 4319560.893, 85
Trd, 4319561.543, 80
Trd, 4319562.243, 90
Trd, 4319562.793, 117
Trd, 4319563.193, 127
Trd, 4319563.743, 113
Trd, 4319563.943, 107
Trd, 4319564.793, 72
Trd, 4319565.743, 67
Trd, 4319566.143, 75
Trd, 4319567.243, 79
Trd, 4319567.793, 77
Trd, 4319567.993, 113
Trd, 4319568.143, 76
Trd, 4319569.193, 79
Trd, 4319570.443, 69
Trd, 4319571.143, 70
Trd, 4319571.843, 99
Trd, 4319572.593, 107
Trd, 4319572.893, 75
Trd, 4319573.443, 78
Trd, 4319574.293, 79
Trd, 4319574.993, 65
Trd, 4319576.443, 67
Trd, 4319576.543, 113
Trd, 4319577.143, 60
Trd, 4319578.843, 85
Trd, 4319579.193, 60
Trd, 4319579.743, 64
Trd, 4319580.393, 77
Trd, 4319581.843, 62
Trd, 4319581.993, 65
Trd, 4319582.193, 78
Trd, 4319584.993, 65
Trd, 4319585.543, 60
Trd, 4319585.893, 91
Trd, 4319587.093, 120
Trd, 4319587.693, 124
Trd, 4319588.443, 121
Trd, 4319588.793, 116
Trd, 4319588.843, 100
Trd, 4319589.243, 80
Trd, 4319591.243, 114
Trd, 4319591.993, 108
Trd, 4319592.393, 107
Trd, 4319592.743, 101
Trd, 4319592.993, 98
Trd, 4319593.243, 134
Trd, 4319594.143, 122
Trd, 4319595.493, 94
Trd, 4319595.843, 87
Trd, 4319596.343, 98
Trd, 4319596.693, 95
Trd, 4319597.843, 98
Trd, 4319598.793, 86
Trd, 4319598.843, 83
Trd, 4319599.093, 83
Trd, 4319599.293, 134
Trd, 4319600.193, 93
Trd, 4319601.443, 61
Trd, 4319601.643, 106
Trd, 4319603.643, 67
Trd, 4319605.043, 103
Trd, 4319606.043, 108
Trd, 4319606.893, 120
Trd, 4319607.593, 133
Trd, 4319607.943, 112
Trd, 4319608.243, 118
Trd, 4319608.543, 108
Trd, 4319608.643, 104
Trd, 4319609.143, 87
Trd, 4319610.893, 84
Trd, 4319611.893, 121
Trd, 4319611.993, 82
Trd, 4319612.793, 135
Trd, 4319613.043, 122
Trd, 4319613.643, 63
Trd, 4319614.093, 102
Trd, 4319614.943, 79
Trd, 4319616.243, 77
Trd, 4319617.093, 131
Trd, 4319617.993, 124
Trd, 4319618.493, 122
Trd, 4319618.543, 114
Trd, 4319620.293, 105
Trd, 4319620.343, 94
Trd, 4319620.443, 93
Trd, 4319620.793, 124
Trd, 4319621.643, 84
Trd, 4319622.243, 117
Trd, 4319623.493, 118
Trd, 4319623.543, 109
Trd, 4319623.843, 106
Trd, 4319623.943, 91
Trd, 4319624.293, 80
Trd, 4319624.993, 104
Trd, 4319625.393, 103
Trd, 4319625.643, 77
Trd, 4319626.793, 130
Trd, 4319628.093, 82
Trd, 4319628.593, 64
Trd, 4319630.093, 64
Trd, 4319630.743, 70
Trd, 4319631.443, 64
Trd, 4319631.643, 66
Trd, 4319631.693, 85
Trd, 4319632.243, 63
Trd, 4319632.743, 91
Trd, 4319633.243, 75
Trd, 4319634.393, 139
Trd, 4319634.743, 132
Trd, 4319636.343, 124
Trd, 4319637.243, 122
Trd, 4319637.493, 119
Trd, 4319637.993, 112
Trd, 4319638.143, 115
Trd, 4319638.993, 95
Trd, 4319639.493, 120
Trd, 4319640.743, 111
Trd, 4319643.043, 123
Trd, 4319643.593, 115
Trd, 4319643.943, 114
Trd, 4319644.043, 108
Trd, 4319644.593, 106
Trd, 4319644.943, 110
Trd, 4319645.443, 78
Trd, 4319646.443, 119
Trd, 4319646.543, 95
Trd, 4319648.143, 90
Trd, 4319648.893, 126
Trd, 4319648.993, 124
Trd, 4319649.043, 83
Trd, 4319650.493, 60
Trd, 4319650.843, 76
Trd, 4319651.593, 79
Trd, 4319651.743, 79
Trd, 4319653.793, 140
Trd, 4319654.443, 62
Trd, 4319655.343, 73
Trd, 4319655.693, 65
Trd, 4319656.993, 62
Trd, 4319657.493, 64
Trd, 4319658.843, 65
Trd, 4319659.343, 108
Trd, 4319660.693, 100
Trd, 4319660.743, 109
Trd, 4319661.293, 116
Trd, 4319661.493, 98
Trd, 4319661.793, 88
Trd, 4319664.493, 111
Trd, 4319664.593, 107
Trd, 4319664.893, 98
Trd, 4319665.193, 121
Trd, 4319665.943, 96
Trd, 4319666.593, 132
Trd, 4319666.793, 125
Trd, 4319667.043, 83
Trd, 4319668.193, 98
Trd, 4319668.393, 130
Trd, 4319668.943, 119
Trd, 4319670.143, 71
Trd, 4319671.043, 67
Trd, 4319671.793, 83
Trd, 4319672.393, 113
Trd, 4319673.193, 133
Trd, 4319673.243, 97
Trd, 4319673.693, 62
Trd, 4319674.843, 70
Trd, 4319677.293, 61
Trd, 4319677.493, 62
Trd, 4319677.843, 69
Trd, 4319678.393, 61
Trd, 4319679.293, 62
Trd, 4319679.593, 97
Trd, 4319680.093, 98
Trd, 4319680.493, 94
Trd, 4319681.793, 64
Trd, 4319682.393, 119
Trd, 4319682.643, 140
Trd, 4319682.843, 82
Trd, 4319683.093, 81
Trd, 4319683.843, 101
Trd, 4319684.243, 79
Trd, 4319684.443, 118
Trd, 4319685.243, 77
Trd, 4319686.243, 70
Trd, 4319687.293, 64
Trd, 4319688.593, 73
Trd, 4319689.543, 78
Trd, 4319689.893, 74
Trd, 4319690.843, 85
Trd, 4319691.143, 73
Trd, 4319691.893, 98
Trd, 4319692.493, 104
Trd, 4319693.593, 88
Trd, 4319693.643, 82
Trd, 4319693.793, 100
Trd, 4319694.143, 81
Trd, 4319696.793, 136
Trd, 4319697.443, 130
Trd, 4319697.893, 118
Trd, 4319698.743, 103
Trd, 4319699.093, 92
Trd, 4319699.393, 87
Trd, 4319701.893, 89
Trd, 4319702.393, 74
Trd, 4319702.843, 62
Trd, 4319703.043, 70
Trd, 4319703.793, 82
Trd, 4319704.943, 83
Trd, 4319705.093, 79
Trd, 4319705.193, 79
Trd, 4319705.243, 78
Trd, 4319706.093, 76
Trd, 4319706.143, 73
Trd, 4319708.543, 74
Trd, 4319708.893, 76
Trd, 4319710.293, 65
Trd, 4319710.993, 81
Trd, 4319711.493, 84
Trd, 4319711.543, 106
Trd, 4319711.843, 65
Trd, 4319712.243, 104
Trd, 4319712.643, 115
Trd, 4319713.543, 67
Trd, 4319713.743, 109
Trd, 4319715.693, 107
Trd, 4319716.643, 80
Trd, 4319716.993, 76
Trd, 4319717.593, 74
Trd, 4319718.243, 131
Trd, 4319718.493, 124
Trd, 4319718.643, 74
Trd, 4319719.543, 134
Trd, 4319720.043, 88
Trd, 4319721.843, 76
Trd, 4319722.543, 92
Trd, 4319722.743, 75
Trd, 4319723.393, 89
Trd, 4319723.593, 77
Trd, 4319724.943, 106
Trd, 4319725.293, 112
Trd, 4319726.343, 109
Trd, 4319726.893, 140
Trd, 4319728.043, 131
Trd, 4319728.543, 124
Trd, 4319730.093, 114
Trd, 4319730.443, 112
Trd, 4319730.493, 107
Trd, 4319731.343, 97
Trd, 4319732.093, 125
Trd, 4319732.343, 120
Trd, 4319732.843, 117
Trd, 4319734.743, 129
Trd, 4319734.793, 111
Trd, 4319735.193, 137
Trd, 4319735.543, 105
Trd, 4319735.943, 110
Trd, 4319736.093, 114
Trd, 4319737.393, 96
Trd, 4319737.793, 131
Trd, 4319738.243, 125
Trd, 4319738.743, 123
Trd, 4319740.793, 123
Trd, 4319741.143, 112
Trd, 4319742.043, 128
Trd, 4319742.793, 137
Trd, 4319743.043, 103
Trd, 4319743.143, 87
Trd, 4319743.743, 91
Trd, 4319743.893, 90
Trd, 4319744.493, 87
Trd, 4319744.543, 76
Trd, 4319746.693, 64
Trd, 4319747.243, 61
Trd, 4319748.693, 65
Trd, 4319749.043, 62
Trd, 4319749.343, 66
Trd, 4319750.043, 70
Trd, 4319751.443, 121
Trd, 4319751.493, 120
Trd, 4319752.243, 94
Trd, 4319753.043, 75
Trd, 4319753.493, 67
Trd, 4319754.393, 71
Trd, 4319755.393, 79
Trd, 4319756.493, 74
Trd, 4319756.593, 80
Trd, 4319758.043, 73
Trd, 4319758.243, 85
Trd, 4319759.343, 66
Trd, 4319759.593, 70
Trd, 4319759.893, 71
Trd, 4319760.743, 76
Trd, 4319762.393, 78
Trd, 4319762.443, 90
Trd, 4319762.693, 60
Trd, 4319764.693, 107
Trd, 4319764.793, 92
Trd, 4319765.193, 128
Trd, 4319766.143, 104
Trd, 4319767.643, 118
Trd, 4319767.843, 77
Trd, 4319768.743, 93
Trd, 4319768.793, 89
Trd, 4319769.343, 116
Trd, 4319769.943, 111
Trd, 4319771.893, 60
Trd, 4319771.943, 65
Trd, 4319772.893, 104
Trd, 4319775.343, 66
Trd, 4319776.093, 65
Trd, 4319776.343, 61
Trd, 4319776.493, 121
Trd, 4319778.193, 71
Trd, 4319779.443, 60
Trd, 4319780.093, 80
Trd, 4319780.193, 84
Trd, 4319780.943, 89
Trd, 4319781.293, 89
Trd, 4319781.793, 118
Trd, 4319782.393, 83
Trd, 4319783.093, 112
Trd, 4319783.693, 126
Trd, 4319784.993, 108
Trd, 4319786.543, 105
Trd, 4319786.993, 123
Trd, 4319787.393, 86
Trd, 4319787.743, 110
Trd, 4319788.243, 85
Trd, 4319788.593, 106
Trd, 4319788.993, 98
Trd, 4319790.593, 90
Trd, 4319792.193, 129
Trd, 4319792.993, 123
Trd, 4319793.493, 113
Trd, 4319794.693, 127
Trd, 4319795.243, 112
Trd, 4319796.093, 121
Trd, 4319796.743, 138
Trd, 4319797.393, 126
Trd, 4319797.843, 119
Trd, 4319798.043, 103
Trd, 4319798.143, 137
Trd, 4319798.293, 77
Trd, 4319800.293, 111
Trd, 4319800.393, 90
Trd, 4319801.693, 111
Trd, 4319803.193, 130
Trd, 4319803.293, 124
Trd, 4319803.343, 123
Trd, 4319804.143, 134
Trd, 4319804.843, 115
Trd, 4319804.943, 80
Trd, 4319805.443, 137
Trd, 4319805.643, 131
Trd, 4319805.793, 100
Trd, 4319806.443, 91
Trd, 4319807.893, 88
Trd, 4319807.993, 90
Trd, 4319809.943, 98
Trd, 4319810.893, 105
Trd, 4319811.193, 103
Trd, 4319811.243, 99
Trd, 4319812.793, 83
Trd, 4319813.443, 90
Trd, 4319813.693, 74
Trd, 4319814.143, 79
Trd, 4319814.343, 115
Trd, 4319815.193, 126
Trd, 4319815.543, 82
Trd, 4319816.043, 71
Trd, 4319817.893, 63
Trd, 4319818.543, 95
Trd, 4319818.843, 83
Trd, 4319819.343, 62
Trd, 4319819.993, 64
Trd, 4319820.343, 67
Trd, 4319820.993, 74
Trd, 4319822.093, 65
Trd, 4319822.593, 91
Trd, 4319824.093, 104
Trd, 4319824.193, 79
Trd, 4319824.393, 76
Trd, 4319824.693, 114
Trd, 4319825.293, 86
Trd, 4319825.793, 62
Trd, 4319825.993, 81
Trd, 4319826.893, 125
Trd, 4319827.393, 112
Trd, 4319828.243, 68
Trd, 4319829.843, 76
Trd, 4319829.893, 67
Trd, 4319830.093, 109
Trd, 4319830.493, 118
Trd, 4319830.943, 77
Trd, 4319831.593, 134
Trd, 4319831.993, 120
Trd, 4319833.093, 109
Trd, 4319833.243, 88
Trd, 4319834.093, 73
Trd, 4319835.243, 107
Trd, 4319836.543, 72
Trd, 4319836.843, 111
Trd, 4319837.393, 74
Trd, 4319837.793, 72
Trd, 4319837.993, 70
Trd, 4319839.143, 127
Trd, 4319839.843, 125
Trd, 4319840.793, 110
Trd, 4319840.843, 98
Trd, 4319840.893, 83
Trd, 4319842.143, 111
Trd, 4319842.793, 94
Trd, 4319843.643, 122
Trd, 4319844.393, 119
Trd, 4319845.243, 110
Trd, 4319847.043, 122
Trd, 4319847.143, 117
Trd, 4319847.393, 112
Trd, 4319847.643, 128
Trd, 4319849.193, 117
Trd, 4319849.993, 83
Trd, 4319850.643, 82
Trd, 4319850.743, 80
Trd, 4319851.543, 106
Trd, 4319851.593, 77
Trd, 4319851.993, 73
Trd, 4319853.043, 70
Trd, 4319853.343, 69
Trd, 4319854.243, 89
Trd, 4319855.143, 65
Trd, 4319855.943, 66
Trd, 4319856.793, 66
Trd, 4319857.043, 94
Trd, 4319858.993, 77
Trd, 4319859.043, 78
Trd, 4319859.393, 93
Trd, 4319860.293, 110
Trd, 4319860.543, 76
Trd, 4319861.193, 74
Trd, 4319862.043, 133
Trd, 4319862.193, 118
Trd, 4319864.193, 111
Trd, 4319864.993, 76
Trd, 4319865.243, 78
Trd, 4319865.443, 73
Trd, 4319865.643, 73
Trd, 4319866.743, 68
Trd, 4319868.593, 63
Trd, 4319868.893, 70
Trd, 4319868.943, 77
Trd, 4319870.693, 139
Trd, 4319870.793, 108
Trd, 4319871.093, 102
Trd, 4319871.343, 89
Trd, 4319871.693, 75
Trd, 4319872.443, 110
Trd, 4319873.493, 71
Trd, 4319874.543, 96
Trd, 4319875.243, 133
Trd, 4319875.643, 118
Trd, 4319876.193, 115
Trd, 4319876.693, 61
Trd, 4319877.543, 95
Trd, 4319877.893, 90
Trd, 4319878.743, 106
Trd, 4319879.643, 124
Trd, 4319880.243, 78
Trd, 4319880.993, 78
Trd, 4319881.243, 78
Trd, 4319881.443, 93
Trd, 4319882.043, 67
Trd, 4319883.143, 134
Trd, 4319883.443, 129
Trd, 4319885.393, 65
Trd, 4319885.593, 67
Trd, 4319885.643, 64
Trd, 4319887.143, 73
Trd, 4319887.943, 76
Trd, 4319888.293, 76
Trd, 4319888.343, 97
Trd, 4319890.443, 99
Trd, 4319890.893, 130
Trd, 4319891.043, 102
Trd, 4319891.393, 101
Trd, 4319891.893, 95
Trd, 4319892.443, 88
Trd, 4319893.193, 121
Trd, 4319893.343, 114
Trd, 4319893.443, 86
Trd, 4319895.143, 91
Trd, 4319895.293, 74
Trd, 4319895.343, 71
Trd, 4319897.793, 63
Trd, 4319898.293, 108
Trd, 4319898.543, 74
Trd, 4319898.693, 73
Trd, 4319899.393, 79
Trd, 4319899.743, 89
Trd, 4319899.893, 126
Trd, 4319900.543, 95
Trd, 4319900.843, 93
Trd, 4319901.393, 63
Trd, 4319902.593, 61
Trd, 4319903.393, 122
Trd, 4319904.593, 117
Trd, 4319904.643, 116
Trd, 4319904.693, 107
Trd, 4319906.343, 63
Trd, 4319907.693, 61
Trd, 4319907.893, 82
Trd, 4319908.543, 77
Trd, 4319909.093, 61
Trd, 4319910.743, 82
Trd, 4319911.093, 79
Trd, 4319911.593, 111
Trd, 4319913.193, 117
Trd, 4319913.293, 116
Trd, 4319913.493, 112
Trd, 4319913.793, 94
Trd, 4319914.943, 103
Trd, 4319914.993, 102
Trd, 4319915.343, 106
Trd, 4319916.043, 89
Trd, 4319916.893, 135
Trd, 4319917.543, 124
Trd, 4319917.943, 124
Trd, 4319918.343, 123
Trd, 4319919.493, 135
Trd, 4319919.893, 133
Trd, 4319920.743, 111
Trd, 4319922.393, 127
Trd, 4319922.643, 121
Trd, 4319923.443, 133
Trd, 4319924.043, 111
Trd, 4319924.393, 100
Trd, 4319924.943, 127
Trd, 4319925.343, 109
Trd, 4319926.293, 116
Trd, 4319926.493, 88
Trd, 4319926.893, 138
Trd, 4319928.193, 124
Trd, 4319928.493, 117
Trd, 4319929.193, 112
Trd, 4319929.293, 98
Trd, 4319930.493, 137
Trd, 4319932.043, 103
Trd, 4319932.193, 132
Trd, 4319932.793, 121
Trd, 4319934.243, 139
Trd, 4319934.743, 134
Trd, 4319934.793, 131
Trd, 4319935.543, 129
Trd, 4319936.143, 131
Trd, 4319936.243, 104
Trd, 4319937.043, 114
Trd, 4319937.743, 106
Trd, 4319938.393, 110
Trd, 4319939.243, 134
Trd, 4319939.543, 113
Trd, 4319939.593, 101
Trd, 4319939.693, 71
Trd, 4319943.193, 112
Trd, 4319944.143, 112
Trd, 4319944.593, 109
Trd, 4319944.643, 103
Trd, 4319945.043, 128
Trd, 4319945.343, 112
Trd, 4319945.393, 87
Trd, 4319945.643, 86
Trd, 4319945.793, 84
Trd, 4319947.243, 99
Trd, 4319947.443, 94
Trd, 4319948.443, 72
Trd, 4319950.093, 133
Trd, 4319950.143, 127
Trd, 4319950.893, 125
Trd, 4319952.643, 134
Trd, 4319952.893, 134
Trd, 4319953.093, 128
Trd, 4319953.193, 92
Trd, 4319953.243, 83
Trd, 4319954.293, 120
Trd, 4319955.543, 91
Trd, 4319956.343, 68
Trd, 4319956.793, 76
Trd, 4319957.543, 74
Trd, 4319959.243, 104
Trd, 4319959.993, 100
Trd, 4319960.343, 84
Trd, 4319960.443, 80
Trd, 4319960.543, 135
Trd, 4319961.343, 83
Trd, 4319961.843, 70
Trd, 4319962.093, 72
Trd, 4319962.943, 110
Trd, 4319963.443, 68
Trd, 4319964.443, 126
Trd, 4319964.643, 120
Trd, 4319965.693, 91
Trd, 4319966.643, 60
Trd, 4319967.343, 92
Trd, 4319968.093, 97
Trd, 4319968.193, 113
Trd, 4319968.593, 94
Trd, 4319969.243, 92
Trd, 4319970.343, 90
Trd, 4319972.643, 79
Trd, 4319972.893, 79
Trd, 4319973.343, 63
Trd, 4319973.493, 66
Trd, 4319974.943, 75
Trd, 4319976.843, 63
Trd, 4319977.693, 63
Trd, 4319977.993, 78
Trd, 4319978.293, 65
Trd, 4319978.743, 61
Trd, 4319979.093, 61
Trd, 4319979.193, 79
Trd, 4319980.743, 117
Trd, 4319980.893, 115
Trd, 4319981.993, 133
Trd, 4319982.543, 92
Trd, 4319983.443, 83
Trd, 4319984.343, 82
Trd, 4319985.243, 61
Trd, 4319985.643, 81
Trd, 4319986.493, 71
Trd, 4319987.743, 72
Trd, 4319988.993, 95
Trd, 4319990.543, 80
Trd, 4319990.693, 95
Trd, 4319991.143, 85
Trd, 4319991.593, 80
Trd, 4319991.793, 63
Trd, 4319992.243, 117
Trd, 4319992.693, 83
Trd, 4319992.793, 97
Trd, 4319993.543, 63
Trd, 4319994.643, 69
Trd, 4319995.093, 131
Trd, 4319995.443, 74
Trd, 4319996.643, 98
Trd, 4319996.893, 99
Trd, 4319997.643, 94
Trd, 4319998.743, 107
Trd, 4319999.743, 112
