Trd, 4318140.793, 140
Trd, 4318141.793, 100
Trd, 4318142.543, 100
Trd, 4318143.343, 118
Trd, 4318143.743, 119
Trd, 4318144.243, 121
Trd, 4318145.643, 81
Trd, 4318146.043, 99
Trd, 4318146.593, 63
Trd, 4318147.093, 89
Trd, 4318147.393, 108
Trd, 4318147.843, 63
Trd, 4318148.793, 66
Trd, 4318148.943, 71
Trd, 4318149.343, 65
Trd, 4318149.493, 64
Trd, 4318150.843, 94
Trd, 4318151.493, 140
Trd, 4318152.993, 65
Trd, 4318153.643, 83
Trd, 4318154.943, 77
Trd, 4318155.093, 132
Trd, 4318156.443, 65
Trd, 4318156.793, 119
Trd, 4318157.643, 115
Trd, 4318157.693, 64
Trd, 4318158.593, 117
Trd, 4318158.993, 70
Trd, 4318160.193, 139
Trd, 4318160.543, 75
Trd, 4318160.943, 97
Trd, 4318161.993, 77
Trd, 4318163.143, 63
Trd, 4318164.443, 61
Trd, 4318164.893, 140
Trd, 4318165.193, 140
Trd, 4318165.993, 131
Trd, 4318166.093, 131
Trd, 4318166.643, 140
Trd, 4318167.743, 86
Trd, 4318168.293, 119
Trd, 4318168.393, 74
Trd, 4318169.343, 73
Trd, 4318170.593, 74
Trd, 4318172.443, 91
Trd, 4318172.543, 140
Trd, 4318172.793, 89
Trd, 4318174.543, 101
Trd, 4318174.743, 91
Trd, 4318175.443, 89
Trd, 4318176.343, 85
Trd, 4318176.643, 128
Trd, 4318177.443, 139
Trd, 4318178.143, 140
Trd, 4318178.543, 140
Trd, 4318180.343, 125
Trd, 4318181.193, 102
Trd, 4318181.493, 132
Trd, 4318182.143, 82
Trd, 4318182.443, 85
Trd, 4318183.343, 87
Trd, 4318184.443, 84
Trd, 4318184.893, 72
Trd, 4318185.093, 112
Trd, 4318186.843, 140
Trd, 4318187.193, 140
Trd, 4318187.343, 140
Trd, 4318187.643, 140
Trd, 4318187.893, 135
Trd, 4318188.293, 124
Trd, 4318190.293, 117
Trd, 4318190.493, 119
Trd, 4318191.243, 111
Trd, 4318192.043, 139
Trd, 4318192.243, 138
Trd, 4318193.643, 73
Trd, 4318194.193, 72
Trd, 4318195.243, 78
Trd, 4318195.493, 60
Trd, 4318196.493, 138
Trd, 4318196.593, 107
Trd, 4318197.243, 138
Trd, 4318198.443, 140
Trd, 4318199.293, 140
Trd, 4318199.443, 136
Trd, 4318199.943, 139
Trd, 4318201.193, 87
Trd, 4318201.443, 63
Trd, 4318202.643, 111
Trd, 4318203.093, 71
Trd, 4318203.793, 73
Trd, 4318204.543, 61
Trd, 4318204.593, 72
Trd, 4318204.993, 113
Trd, 4318205.193, 81
Trd, 4318205.493, 136
Trd, 4318207.843, 140
Trd, 4318208.493, 140
Trd, 4318208.893, 140
Trd, 4318209.043, 140
Trd, 4318209.193, 140
Trd, 4318209.843, 139
Trd, 4318210.893, 106
Trd, 4318210.943, 105
Trd, 4318212.143, 124
Trd, 4318212.393, 86
Trd, 4318213.043, 74
Trd, 4318214.243, 79
Trd, 4318214.643, 76
Trd, 4318214.693, 75
Trd, 4318215.443, 73
Trd, 4318215.693, 63
Trd, 4318217.343, 74
Trd, 4318218.593, 71
Trd, 4318219.543, 87
Trd, 4318220.193, 110
Trd, 4318220.243, 70
Trd, 4318221.443, 94
Trd, 4318222.793, 140
Trd, 4318222.843, 140
Trd, 4318223.393, 140
Trd, 4318223.443, 140
Trd, 4318223.643, 107
Trd, 4318224.393, 108
Trd, 4318225.143, 99
Trd, 4318225.793, 139
Trd, 4318226.243, 125
Trd, 4318226.343, 124
Trd, 4318226.893, 133
Trd, 4318227.393, 140
Trd, 4318228.643, 140
Trd, 4318230.243, 74
Trd, 4318231.243, 95
Trd, 4318231.893, 75
Trd, 4318232.593, 68
Trd, 4318233.643, 92
Trd, 4318233.693, 129
Trd, 4318234.643, 61
Trd, 4318235.243, 61
Trd, 4318235.443, 81
Trd, 4318235.793, 101
Trd, 4318238.193, 62
Trd, 4318238.543, 67
Trd, 4318238.593, 69
Trd, 4318239.143, 100
Trd, 4318240.793, 68
Trd, 4318240.893, 66
Trd, 4318241.293, 119
Trd, 4318241.793, 114
Trd, 4318243.993, 96
Trd, 4318245.093, 64
Trd, 4318246.643, 60
Trd, 4318246.943, 60
Trd, 4318247.293, 62
Trd, 4318247.493, 85
Trd, 4318248.593, 62
Trd, 4318248.993, 74
Trd, 4318249.243, 67
Trd, 4318250.993, 108
Trd, 4318252.543, 72
Trd, 4318252.593, 70
Trd, 4318253.243, 107
Trd, 4318253.343, 62
Trd, 4318254.643, 62
Trd, 4318255.293, 63
Trd, 4318256.743, 131
Trd, 4318257.493, 63
Trd, 4318257.593, 64
Trd, 4318259.293, 64
Trd, 4318260.093, 72
Trd, 4318261.893, 66
Trd, 4318262.493, 92
Trd, 4318263.543, 69
Trd, 4318264.343, 72
Trd, 4318264.393, 73
Trd, 4318265.493, 139
Trd, 4318265.893, 140
Trd, 4318266.293, 140
Trd, 4318267.093, 140
Trd, 4318267.643, 140
Trd, 4318268.243, 140
Trd, 4318268.293, 124
Trd, 4318268.793, 112
Trd, 4318269.143, 110
Trd, 4318270.643, 63
Trd, 4318270.693, 65
Trd, 4318271.343, 60
Trd, 4318272.493, 78
Trd, 4318273.293, 108
Trd, 4318273.793, 65
Trd, 4318274.043, 64
Trd, 4318274.643, 63
Trd, 4318275.043, 77
Trd, 4318276.093, 140
Trd, 4318276.393, 140
Trd, 4318276.593, 140
Trd, 4318277.243, 65
Trd, 4318277.443, 69
Trd, 4318278.193, 77
Trd, 4318279.243, 140
Trd, 4318279.443, 73
Trd, 4318280.593, 139
Trd, 4318281.493, 68
Trd, 4318282.943, 102
Trd, 4318282.993, 62
Trd, 4318283.043, 61
Trd, 4318285.143, 64
Trd, 4318286.193, 71
Trd, 4318287.193, 61
Trd, 4318288.393, 65
Trd, 4318289.293, 61
Trd, 4318289.643, 64
Trd, 4318290.143, 61
Trd, 4318290.393, 78
Trd, 4318291.743, 70
Trd, 4318292.393, 79
Trd, 4318292.793, 71
Trd, 4318292.843, 79
Trd, 4318294.593, 140
Trd, 4318295.043, 140
Trd, 4318295.493, 140
Trd, 4318296.243, 140
Trd, 4318296.593, 138
Trd, 4318297.293, 140
Trd, 4318298.143, 95
Trd, 4318300.193, 99
Trd, 4318300.543, 86
Trd, 4318300.793, 115
Trd, 4318301.043, 63
Trd, 4318301.293, 116
Trd, 4318302.443, 60
Trd, 4318303.443, 67
Trd, 4318304.343, 87
Trd, 4318305.043, 66
Trd, 4318305.093, 126
Trd, 4318305.293, 66
Trd, 4318306.143, 65
Trd, 4318306.743, 97
Trd, 4318306.893, 96
Trd, 4318307.993, 81
Trd, 4318308.243, 92
Trd, 4318308.543, 138
Trd, 4318308.993, 93
Trd, 4318309.293, 80
Trd, 4318310.043, 67
Trd, 4318311.043, 82
Trd, 4318312.493, 70
Trd, 4318313.143, 71
Trd, 4318313.243, 85
Trd, 4318314.143, 71
Trd, 4318315.443, 116
Trd, 4318316.043, 90
Trd, 4318316.193, 104
Trd, 4318316.943, 140
Trd, 4318317.543, 91
Trd, 4318319.443, 140
Trd, 4318320.543, 140
Trd, 4318320.743, 140
Trd, 4318320.793, 140
Trd, 4318320.843, 140
Trd, 4318321.893, 123
Trd, 4318322.293, 123
Trd, 4318323.243, 140
Trd, 4318323.293, 140
Trd, 4318324.443, 140
Trd, 4318324.643, 139
Trd, 4318325.743, 90
Trd, 4318326.643, 103
Trd, 4318328.543, 140
Trd, 4318328.693, 140
Trd, 4318328.943, 140
Trd, 4318329.243, 140
Trd, 4318329.943, 140
Trd, 4318330.293, 140
Trd, 4318330.643, 139
Trd, 4318331.193, 140
Trd, 4318332.543, 140
Trd, 4318332.843, 140
Trd, 4318334.293, 140
Trd, 4318335.143, 140
Trd, 4318335.793, 109
Trd, 4318336.543, 61
Trd, 4318336.743, 131
Trd, 4318337.693, 139
Trd, 4318338.043, 138
Trd, 4318338.393, 140
Trd, 4318338.943, 97
Trd, 4318339.893, 77
Trd, 4318340.243, 85
Trd, 4318341.193, 91
Trd, 4318342.093, 138
Trd, 4318342.843, 90
Trd, 4318343.443, 134
Trd, 4318344.143, 140
Trd, 4318345.893, 140
Trd, 4318345.993, 140
Trd, 4318346.093, 140
Trd, 4318347.243, 140
Trd, 4318347.393, 140
Trd, 4318348.543, 82
Trd, 4318349.593, 79
Trd, 4318350.493, 83
Trd, 4318350.943, 118
Trd, 4318351.693, 140
Trd, 4318351.843, 80
Trd, 4318353.743, 139
Trd, 4318354.393, 140
Trd, 4318355.093, 140
Trd, 4318356.393, 140
Trd, 4318356.493, 140
Trd, 4318356.893, 140
Trd, 4318357.343, 110
Trd, 4318357.643, 102
Trd, 4318357.943, 121
Trd, 4318359.043, 139
Trd, 4318359.193, 137
Trd, 4318360.943, 92
Trd, 4318360.993, 91
Trd, 4318361.843, 139
Trd, 4318363.943, 140
Trd, 4318364.693, 140
Trd, 4318365.043, 140
Trd, 4318366.193, 140
Trd, 4318367.043, 140
Trd, 4318367.243, 140
Trd, 4318367.643, 140
Trd, 4318367.993, 140
Trd, 4318368.743, 138
Trd, 4318368.993, 103
Trd, 4318370.093, 139
Trd, 4318370.993, 113
Trd, 4318372.043, 139
Trd, 4318372.693, 119
Trd, 4318372.793, 105
Trd, 4318374.593, 140
Trd, 4318376.143, 140
Trd, 4318376.393, 111
Trd, 4318376.793, 80
Trd, 4318377.393, 140
Trd, 4318377.443, 139
Trd, 4318379.543, 140
Trd, 4318380.193, 140
Trd, 4318381.243, 138
Trd, 4318381.493, 128
Trd, 4318381.593, 100
Trd, 4318382.743, 63
Trd, 4318384.593, 140
Trd, 4318384.793, 140
Trd, 4318385.043, 140
Trd, 4318385.643, 140
Trd, 4318387.043, 140
Trd, 4318387.143, 140
Trd, 4318387.393, 140
Trd, 4318387.643, 139
Trd, 4318387.693, 94
Trd, 4318389.243, 102
Trd, 4318390.493, 123
Trd, 4318390.543, 120
Trd, 4318392.043, 140
Trd, 4318392.093, 77
Trd, 4318392.343, 140
Trd, 4318394.343, 72
Trd, 4318394.993, 92
Trd, 4318395.443, 75
Trd, 4318395.643, 74
Trd, 4318396.043, 89
Trd, 4318396.343, 74
Trd, 4318396.743, 84
Trd, 4318397.543, 140
Trd, 4318397.593, 139
Trd, 4318397.643, 105
Trd, 4318399.443, 115
Trd, 4318399.543, 111
Trd, 4318399.643, 108
Trd, 4318400.843, 71
Trd, 4318401.093, 72
Trd, 4318402.143, 134
Trd, 4318402.993, 80
Trd, 4318403.843, 83
Trd, 4318404.293, 81
Trd, 4318405.093, 86
Trd, 4318405.343, 86
Trd, 4318406.343, 91
Trd, 4318407.843, 140
Trd, 4318407.993, 140
Trd, 4318408.543, 139
Trd, 4318408.893, 138
Trd, 4318410.093, 140
Trd, 4318410.593, 111
Trd, 4318411.443, 138
Trd, 4318414.193, 70
Trd, 4318414.443, 61
Trd, 4318414.693, 83
Trd, 4318415.093, 140
Trd, 4318415.443, 138
Trd, 4318416.243, 114
Trd, 4318416.643, 84
Trd, 4318417.543, 90
Trd, 4318417.943, 85
Trd, 4318418.043, 83
Trd, 4318419.293, 105
Trd, 4318419.693, 121
Trd, 4318421.393, 64
Trd, 4318421.993, 61
Trd, 4318422.843, 64
Trd, 4318423.443, 65
Trd, 4318423.643, 66
Trd, 4318423.693, 95
Trd, 4318424.643, 63
Trd, 4318426.143, 66
Trd, 4318426.243, 65
Trd, 4318426.393, 62
Trd, 4318428.243, 94
Trd, 4318428.493, 139
Trd, 4318428.643, 130
Trd, 4318428.893, 95
Trd, 4318428.993, 94
Trd, 4318429.543, 77
Trd, 4318429.693, 75
Trd, 4318431.093, 140
Trd, 4318431.743, 140
Trd, 4318432.243, 140
Trd, 4318433.193, 140
Trd, 4318433.543, 140
Trd, 4318434.193, 140
Trd, 4318434.543, 139
Trd, 4318434.693, 138
Trd, 4318435.093, 110
Trd, 4318436.443, 115
Trd, 4318437.243, 92
Trd, 4318437.293, 90
Trd, 4318437.643, 89
Trd, 4318437.843, 115
Trd, 4318438.193, 116
Trd, 4318439.393, 119
Trd, 4318439.843, 140
Trd, 4318440.493, 75
Trd, 4318441.393, 140
Trd, 4318441.993, 140
Trd, 4318443.143, 140
Trd, 4318443.793, 139
Trd, 4318444.093, 104
Trd, 4318445.243, 62
Trd, 4318445.343, 61
Trd, 4318445.743, 136
Trd, 4318447.243, 62
Trd, 4318448.443, 71
Trd, 4318448.743, 70
Trd, 4318448.993, 110
Trd, 4318449.793, 98
Trd, 4318450.393, 81
Trd, 4318450.593, 99
Trd, 4318451.743, 134
Trd, 4318451.843, 83
Trd, 4318452.693, 139
Trd, 4318453.893, 139
Trd, 4318454.543, 102
Trd, 4318455.193, 105
Trd, 4318455.343, 92
Trd, 4318455.843, 94
Trd, 4318456.593, 109
Trd, 4318458.343, 63
Trd, 4318459.343, 61
Trd, 4318460.443, 73
Trd, 4318460.643, 73
Trd, 4318460.893, 99
Trd, 4318461.693, 139
Trd, 4318462.943, 140
Trd, 4318463.343, 138
Trd, 4318464.043, 140
Trd, 4318464.493, 139
Trd, 4318464.643, 105
Trd, 4318465.943, 140
Trd, 4318466.843, 140
Trd, 4318466.893, 139
Trd, 4318468.543, 140
Trd, 4318469.043, 140
Trd, 4318469.243, 140
Trd, 4318469.843, 140
Trd, 4318470.743, 140
Trd, 4318471.393, 138
Trd, 4318471.743, 77
Trd, 4318473.043, 109
Trd, 4318475.343, 131
Trd, 4318475.393, 129
Trd, 4318476.293, 140
Trd, 4318476.593, 140
Trd, 4318476.643, 140
Trd, 4318476.743, 139
Trd, 4318476.843, 103
Trd, 4318478.393, 140
Trd, 4318478.993, 140
Trd, 4318479.343, 139
Trd, 4318479.493, 135
Trd, 4318482.143, 118
Trd, 4318483.593, 117
Trd, 4318483.793, 138
Trd, 4318484.143, 118
Trd, 4318484.343, 96
Trd, 4318484.693, 127
Trd, 4318485.843, 103
Trd, 4318486.193, 104
Trd, 4318487.393, 140
Trd, 4318487.493, 140
Trd, 4318487.843, 140
Trd, 4318488.543, 140
Trd, 4318488.793, 121
Trd, 4318490.543, 140
Trd, 4318491.293, 140
Trd, 4318491.493, 140
Trd, 4318491.793, 137
Trd, 4318492.593, 119
Trd, 4318494.293, 73
Trd, 4318494.443, 72
Trd, 4318495.243, 121
Trd, 4318496.943, 118
Trd, 4318497.743, 140
Trd, 4318498.043, 140
Trd, 4318498.243, 139
Trd, 4318499.843, 140
Trd, 4318501.043, 140
Trd, 4318501.243, 139
Trd, 4318501.443, 139
Trd, 4318501.893, 97
Trd, 4318502.243, 96
Trd, 4318502.943, 140
Trd, 4318503.093, 140
Trd, 4318504.743, 83
Trd, 4318504.943, 84
Trd, 4318505.593, 64
Trd, 4318505.993, 104
Trd, 4318506.143, 115
Trd, 4318506.493, 133
Trd, 4318507.193, 73
Trd, 4318507.593, 63
Trd, 4318508.693, 79
Trd, 4318509.043, 108
Trd, 4318509.643, 68
Trd, 4318510.143, 76
Trd, 4318510.493, 69
Trd, 4318511.043, 61
Trd, 4318513.093, 139
Trd, 4318513.343, 121
Trd, 4318514.343, 140
Trd, 4318515.043, 140
Trd, 4318515.143, 140
Trd, 4318515.193, 108
Trd, 4318516.293, 90
Trd, 4318517.193, 79
Trd, 4318517.443, 60
Trd, 4318517.843, 140
Trd, 4318519.443, 112
Trd, 4318519.543, 111
Trd, 4318519.593, 107
Trd, 4318521.893, 72
Trd, 4318521.943, 73
Trd, 4318522.693, 79
Trd, 4318523.643, 63
Trd, 4318524.193, 116
Trd, 4318525.643, 65
Trd, 4318526.093, 138
Trd, 4318526.593, 60
Trd, 4318526.943, 60
Trd, 4318528.543, 62
Trd, 4318529.843, 67
Trd, 4318530.143, 63
Trd, 4318530.543, 75
Trd, 4318531.743, 63
Trd, 4318532.493, 140
Trd, 4318532.743, 140
Trd, 4318533.093, 140
Trd, 4318533.193, 139
Trd, 4318534.143, 104
Trd, 4318534.493, 103
Trd, 4318534.743, 116
Trd, 4318535.593, 88
Trd, 4318536.143, 87
Trd, 4318537.493, 62
Trd, 4318538.343, 122
Trd, 4318538.593, 76
Trd, 4318538.693, 128
Trd, 4318538.843, 73
Trd, 4318539.543, 140
Trd, 4318539.593, 139
Trd, 4318540.493, 106
Trd, 4318541.593, 94
Trd, 4318543.393, 67
Trd, 4318543.743, 62
Trd, 4318544.893, 66
Trd, 4318545.593, 64
Trd, 4318546.093, 68
Trd, 4318546.343, 67
Trd, 4318546.543, 120
Trd, 4318547.143, 62
Trd, 4318548.893, 120
Trd, 4318548.943, 119
Trd, 4318549.343, 71
Trd, 4318550.293, 140
Trd, 4318551.393, 140
Trd, 4318551.743, 139
Trd, 4318551.943, 113
Trd, 4318552.443, 139
Trd, 4318552.643, 119
Trd, 4318553.293, 104
Trd, 4318554.443, 60
Trd, 4318555.943, 60
Trd, 4318556.743, 60
Trd, 4318557.743, 62
Trd, 4318557.793, 63
Trd, 4318559.193, 63
Trd, 4318560.043, 66
Trd, 4318560.643, 64
Trd, 4318560.693, 81
Trd, 4318561.993, 103
Trd, 4318562.243, 91
Trd, 4318562.293, 104
Trd, 4318562.693, 106
Trd, 4318563.343, 91
Trd, 4318564.593, 95
Trd, 4318564.943, 96
Trd, 4318565.343, 95
Trd, 4318566.443, 60
Trd, 4318566.993, 60
Trd, 4318567.893, 69
Trd, 4318568.193, 66
Trd, 4318568.593, 63
Trd, 4318568.943, 71
Trd, 4318570.343, 60
Trd, 4318571.593, 63
Trd, 4318572.093, 68
Trd, 4318572.343, 127
Trd, 4318573.843, 92
Trd, 4318573.893, 100
Trd, 4318573.993, 91
Trd, 4318574.993, 71
Trd, 4318576.593, 72
Trd, 4318577.593, 73
Trd, 4318578.243, 62
Trd, 4318578.943, 140
Trd, 4318579.193, 140
Trd, 4318579.493, 140
Trd, 4318579.693, 140
Trd, 4318581.143, 140
Trd, 4318582.143, 140
Trd, 4318582.193, 140
Trd, 4318582.443, 140
Trd, 4318584.643, 139
Trd, 4318585.743, 107
Trd, 4318586.243, 107
Trd, 4318586.693, 79
Trd, 4318586.793, 78
Trd, 4318587.393, 93
Trd, 4318587.993, 132
Trd, 4318588.493, 140
Trd, 4318589.943, 139
Trd, 4318590.643, 119
Trd, 4318590.793, 117
Trd, 4318591.343, 140
Trd, 4318591.593, 139
Trd, 4318591.793, 127
Trd, 4318591.843, 126
Trd, 4318594.193, 118
Trd, 4318594.643, 118
Trd, 4318595.443, 140
Trd, 4318596.293, 140
Trd, 4318597.943, 140
Trd, 4318597.993, 140
Trd, 4318598.793, 138
Trd, 4318599.243, 89
Trd, 4318600.243, 81
Trd, 4318600.343, 78
Trd, 4318600.393, 117
Trd, 4318601.443, 140
Trd, 4318602.843, 140
Trd, 4318604.193, 140
Trd, 4318604.543, 140
Trd, 4318605.843, 140
Trd, 4318606.193, 140
Trd, 4318606.243, 136
Trd, 4318606.743, 122
Trd, 4318607.743, 118
Trd, 4318607.943, 111
Trd, 4318608.593, 140
Trd, 4318609.243, 140
Trd, 4318610.493, 140
Trd, 4318610.993, 140
Trd, 4318611.543, 140
Trd, 4318612.443, 88
Trd, 4318614.093, 90
Trd, 4318614.593, 90
Trd, 4318614.843, 88
Trd, 4318615.293, 86
Trd, 4318615.943, 71
Trd, 4318618.493, 140
Trd, 4318618.543, 140
Trd, 4318619.143, 140
Trd, 4318620.843, 140
Trd, 4318621.543, 140
Trd, 4318621.943, 140
Trd, 4318622.843, 140
Trd, 4318623.443, 140
Trd, 4318624.343, 140
Trd, 4318624.743, 140
Trd, 4318625.293, 140
Trd, 4318626.293, 140
Trd, 4318628.043, 140
Trd, 4318629.143, 140
Trd, 4318629.393, 140
Trd, 4318629.443, 140
Trd, 4318630.043, 139
Trd, 4318630.393, 135
Trd, 4318630.893, 131
Trd, 4318631.393, 100
Trd, 4318632.793, 100
Trd, 4318633.293, 96
Trd, 4318633.543, 104
Trd, 4318634.843, 140
Trd, 4318636.493, 140
Trd, 4318636.593, 140
Trd, 4318636.643, 116
Trd, 4318637.193, 104
Trd, 4318637.543, 97
Trd, 4318638.543, 140
Trd, 4318638.893, 128
Trd, 4318639.343, 137
Trd, 4318639.593, 137
Trd, 4318639.693, 136
Trd, 4318641.043, 120
Trd, 4318641.643, 134
Trd, 4318642.043, 114
Trd, 4318643.143, 140
Trd, 4318643.843, 114
Trd, 4318644.743, 116
Trd, 4318644.793, 111
Trd, 4318646.493, 122
Trd, 4318646.793, 140
Trd, 4318647.393, 125
Trd, 4318647.993, 124
Trd, 4318648.843, 137
Trd, 4318649.543, 140
Trd, 4318650.943, 131
Trd, 4318652.393, 135
Trd, 4318652.793, 132
Trd, 4318653.793, 132
Trd, 4318653.993, 103
Trd, 4318654.193, 139
Trd, 4318654.443, 83
Trd, 4318654.593, 82
Trd, 4318655.543, 66
Trd, 4318655.593, 129
Trd, 4318656.243, 113
Trd, 4318656.893, 96
Trd, 4318657.943, 139
Trd, 4318659.943, 62
Trd, 4318660.393, 62
Trd, 4318660.843, 63
Trd, 4318662.743, 63
Trd, 4318664.193, 67
Trd, 4318664.893, 62
Trd, 4318665.643, 64
Trd, 4318666.543, 60
Trd, 4318666.643, 66
Trd, 4318667.493, 95
Trd, 4318667.793, 92
Trd, 4318668.443, 100
Trd, 4318668.643, 98
Trd, 4318668.793, 68
Trd, 4318669.693, 69
Trd, 4318671.893, 67
Trd, 4318672.693, 78
Trd, 4318673.993, 139
Trd, 4318674.143, 139
Trd, 4318674.343, 138
Trd, 4318674.493, 137
Trd, 4318675.343, 140
Trd, 4318676.443, 140
Trd, 4318676.493, 140
Trd, 4318677.143, 139
Trd, 4318678.193, 140
Trd, 4318678.393, 131
Trd, 4318679.743, 124
Trd, 4318679.993, 123
Trd, 4318680.643, 139
Trd, 4318680.743, 140
Trd, 4318680.793, 122
Trd, 4318680.993, 122
Trd, 4318682.043, 63
Trd, 4318683.293, 138
Trd, 4318684.493, 95
Trd, 4318685.643, 88
Trd, 4318686.293, 127
Trd, 4318686.793, 139
Trd, 4318688.043, 65
Trd, 4318689.043, 137
Trd, 4318689.493, 140
Trd, 4318691.893, 90
Trd, 4318692.443, 87
Trd, 4318692.593, 86
Trd, 4318692.643, 91
Trd, 4318692.843, 92
Trd, 4318693.893, 139
Trd, 4318694.193, 104
Trd, 4318694.793, 122
Trd, 4318695.243, 75
Trd, 4318695.543, 64
Trd, 4318697.093, 97
Trd, 4318698.393, 139
Trd, 4318699.193, 101
Trd, 4318699.793, 101
Trd, 4318700.393, 131
Trd, 4318700.443, 131
Trd, 4318700.643, 87
Trd, 4318701.943, 94
Trd, 4318702.143, 86
Trd, 4318702.443, 140
Trd, 4318703.543, 139
Trd, 4318703.643, 140
Trd, 4318703.743, 139
Trd, 4318704.093, 80
Trd, 4318705.893, 64
Trd, 4318707.193, 137
Trd, 4318707.293, 65
Trd, 4318707.743, 126
Trd, 4318707.893, 126
Trd, 4318709.443, 140
Trd, 4318709.593, 128
Trd, 4318709.693, 118
Trd, 4318710.393, 140
Trd, 4318710.793, 61
Trd, 4318712.343, 140
Trd, 4318712.593, 120
Trd, 4318713.893, 122
Trd, 4318714.293, 133
Trd, 4318714.743, 114
Trd, 4318715.343, 119
Trd, 4318716.793, 140
Trd, 4318716.943, 129
Trd, 4318716.993, 128
Trd, 4318718.693, 139
Trd, 4318719.343, 115
Trd, 4318721.093, 117
Trd, 4318722.093, 122
Trd, 4318722.193, 110
Trd, 4318722.943, 95
Trd, 4318722.993, 81
Trd, 4318723.293, 128
Trd, 4318723.443, 139
Trd, 4318723.943, 111
Trd, 4318725.143, 133
Trd, 4318725.443, 120
Trd, 4318726.643, 140
Trd, 4318727.543, 140
Trd, 4318727.893, 140
Trd, 4318727.943, 140
Trd, 4318727.993, 99
Trd, 4318728.143, 83
Trd, 4318729.143, 140
Trd, 4318730.343, 140
Trd, 4318730.793, 83
Trd, 4318730.993, 67
Trd, 4318731.243, 69
Trd, 4318731.843, 87
Trd, 4318732.743, 63
Trd, 4318733.943, 89
Trd, 4318734.093, 86
Trd, 4318734.893, 90
Trd, 4318736.443, 73
Trd, 4318736.743, 88
Trd, 4318738.093, 60
Trd, 4318738.293, 133
Trd, 4318739.343, 121
Trd, 4318740.743, 68
Trd, 4318741.543, 96
Trd, 4318741.943, 122
Trd, 4318742.193, 116
Trd, 4318742.843, 116
Trd, 4318742.893, 115
Trd, 4318743.343, 102
Trd, 4318743.393, 75
Trd, 4318744.543, 64
Trd, 4318745.443, 139
Trd, 4318745.693, 138
Trd, 4318745.893, 140
Trd, 4318747.043, 69
Trd, 4318748.493, 67
Trd, 4318748.643, 71
Trd, 4318751.243, 61
Trd, 4318751.543, 62
Trd, 4318751.693, 61
Trd, 4318752.443, 62
Trd, 4318752.893, 68
Trd, 4318753.543, 88
Trd, 4318754.593, 60
Trd, 4318756.093, 68
Trd, 4318756.843, 68
Trd, 4318757.443, 76
Trd, 4318758.443, 64
Trd, 4318758.893, 70
Trd, 4318759.193, 69
Trd, 4318759.743, 140
Trd, 4318760.243, 135
Trd, 4318760.743, 111
Trd, 4318761.243, 111
Trd, 4318761.543, 111
Trd, 4318761.793, 109
Trd, 4318762.193, 140
Trd, 4318762.393, 70
Trd, 4318763.443, 138
Trd, 4318764.593, 140
Trd, 4318764.643, 140
Trd, 4318768.543, 137
Trd, 4318768.793, 136
Trd, 4318769.693, 131
Trd, 4318769.793, 119
Trd, 4318770.143, 87
Trd, 4318770.943, 89
Trd, 4318772.143, 104
Trd, 4318772.393, 94
Trd, 4318773.493, 81
Trd, 4318774.293, 126
Trd, 4318774.643, 121
Trd, 4318774.993, 121
Trd, 4318775.193, 112
Trd, 4318775.743, 76
Trd, 4318775.893, 67
Trd, 4318777.393, 140
Trd, 4318777.843, 140
Trd, 4318780.193, 140
Trd, 4318780.393, 137
Trd, 4318780.443, 109
Trd, 4318780.643, 89
Trd, 4318783.043, 108
Trd, 4318783.293, 139
Trd, 4318783.443, 109
Trd, 4318784.243, 114
Trd, 4318784.743, 113
Trd, 4318784.793, 119
Trd, 4318785.143, 102
Trd, 4318785.793, 94
Trd, 4318786.943, 93
Trd, 4318787.043, 101
Trd, 4318787.893, 114
Trd, 4318790.393, 60
Trd, 4318791.043, 72
Trd, 4318791.143, 70
Trd, 4318791.993, 69
Trd, 4318792.243, 68
Trd, 4318793.693, 89
Trd, 4318794.943, 64
Trd, 4318795.243, 91
Trd, 4318795.393, 93
Trd, 4318795.593, 87
Trd, 4318795.993, 118
Trd, 4318796.243, 69
Trd, 4318796.493, 68
Trd, 4318797.193, 96
Trd, 4318798.293, 99
Trd, 4318798.743, 139
Trd, 4318799.693, 108
Trd, 4318799.843, 102
Trd, 4318800.643, 112
Trd, 4318800.893, 102
Trd, 4318801.743, 93
Trd, 4318802.543, 140
Trd, 4318803.893, 137
Trd, 4318804.643, 89
Trd, 4318805.943, 91
Trd, 4318806.043, 88
Trd, 4318806.843, 102
Trd, 4318807.643, 139
Trd, 4318808.093, 140
Trd, 4318808.543, 140
Trd, 4318810.093, 140
Trd, 4318810.443, 140
Trd, 4318812.043, 140
Trd, 4318812.143, 140
Trd, 4318812.193, 140
Trd, 4318812.893, 114
Trd, 4318813.193, 96
Trd, 4318813.843, 67
Trd, 4318814.943, 75
Trd, 4318815.743, 85
Trd, 4318815.793, 113
Trd, 4318815.893, 61
Trd, 4318817.143, 60
Trd, 4318818.593, 108
Trd, 4318819.293, 62
Trd, 4318819.543, 83
Trd, 4318819.993, 139
Trd, 4318820.443, 60
Trd, 4318821.193, 140
Trd, 4318821.843, 140
Trd, 4318822.043, 140
Trd, 4318822.393, 140
Trd, 4318822.993, 139
Trd, 4318824.143, 139
Trd, 4318824.643, 139
Trd, 4318825.043, 137
Trd, 4318825.993, 97
Trd, 4318826.143, 120
Trd, 4318826.493, 97
Trd, 4318828.043, 140
Trd, 4318828.393, 140
Trd, 4318829.243, 129
Trd, 4318829.943, 66
Trd, 4318831.393, 76
Trd, 4318831.543, 101
Trd, 4318831.743, 72
Trd, 4318833.143, 140
Trd, 4318834.493, 140
Trd, 4318834.693, 140
Trd, 4318834.943, 140
Trd, 4318835.893, 140
Trd, 4318837.343, 140
Trd, 4318837.743, 139
Trd, 4318838.193, 140
Trd, 4318838.293, 139
Trd, 4318838.993, 124
Trd, 4318839.643, 140
Trd, 4318840.143, 126
Trd, 4318840.443, 140
Trd, 4318841.143, 103
Trd, 4318841.193, 102
Trd, 4318842.943, 139
Trd, 4318843.393, 140
Trd, 4318843.743, 122
Trd, 4318843.993, 121
Trd, 4318845.293, 104
Trd, 4318845.943, 60
Trd, 4318846.243, 65
Trd, 4318848.443, 62
Trd, 4318848.793, 76
Trd, 4318849.293, 72
Trd, 4318849.593, 73
Trd, 4318849.993, 69
Trd, 4318851.043, 68
Trd, 4318851.293, 85
Trd, 4318852.043, 76
Trd, 4318852.893, 139
Trd, 4318853.093, 104
Trd, 4318854.393, 139
Trd, 4318855.093, 138
Trd, 4318855.593, 140
Trd, 4318856.693, 140
Trd, 4318856.743, 140
Trd, 4318858.543, 140
Trd, 4318858.593, 139
Trd, 4318858.643, 100
Trd, 4318860.143, 104
Trd, 4318860.243, 103
Trd, 4318860.543, 116
Trd, 4318861.243, 140
Trd, 4318862.443, 140
Trd, 4318862.543, 140
Trd, 4318863.643, 140
Trd, 4318864.243, 82
Trd, 4318866.193, 140
Trd, 4318866.343, 140
Trd, 4318866.743, 140
Trd, 4318867.243, 140
Trd, 4318867.493, 140
Trd, 4318867.643, 140
Trd, 4318868.293, 116
Trd, 4318869.393, 139
Trd, 4318870.243, 72
Trd, 4318870.743, 60
Trd, 4318871.193, 91
Trd, 4318872.743, 85
Trd, 4318872.843, 84
Trd, 4318873.193, 94
Trd, 4318873.343, 95
Trd, 4318874.143, 61
Trd, 4318875.043, 63
Trd, 4318876.643, 69
Trd, 4318876.993, 77
Trd, 4318877.193, 67
Trd, 4318877.893, 121
Trd, 4318878.943, 71
Trd, 4318879.943, 70
Trd, 4318880.343, 72
Trd, 4318881.993, 140
Trd, 4318882.243, 140
Trd, 4318882.693, 140
Trd, 4318882.843, 140
Trd, 4318882.893, 137
Trd, 4318885.293, 140
Trd, 4318885.493, 140
Trd, 4318885.693, 140
Trd, 4318886.493, 140
Trd, 4318886.943, 140
Trd, 4318887.593, 139
Trd, 4318887.893, 136
Trd, 4318887.943, 117
Trd, 4318888.943, 121
Trd, 4318890.093, 140
Trd, 4318890.293, 140
Trd, 4318890.593, 140
Trd, 4318890.793, 140
Trd, 4318893.393, 89
Trd, 4318893.593, 90
Trd, 4318893.943, 88
Trd, 4318894.293, 79
Trd, 4318895.043, 137
Trd, 4318895.293, 136
Trd, 4318896.943, 101
Trd, 4318897.243, 113
Trd, 4318897.543, 93
Trd, 4318897.793, 92
Trd, 4318899.093, 91
Trd, 4318899.493, 89
Trd, 4318899.843, 140
Trd, 4318900.643, 140
Trd, 4318902.593, 140
Trd, 4318902.843, 140
Trd, 4318902.893, 140
Trd, 4318903.043, 140
Trd, 4318903.643, 139
Trd, 4318905.243, 119
Trd, 4318905.693, 89
Trd, 4318906.193, 87
Trd, 4318906.593, 109
Trd, 4318906.693, 82
Trd, 4318907.343, 81
Trd, 4318908.193, 60
Trd, 4318909.443, 64
Trd, 4318910.543, 140
Trd, 4318910.743, 140
Trd, 4318911.593, 140
Trd, 4318912.543, 140
Trd, 4318914.293, 140
Trd, 4318914.593, 140
Trd, 4318914.793, 140
Trd, 4318915.943, 140
Trd, 4318917.643, 140
Trd, 4318918.143, 140
Trd, 4318918.243, 140
Trd, 4318919.043, 139
Trd, 4318920.043, 140
Trd, 4318921.293, 140
Trd, 4318921.343, 140
Trd, 4318921.443, 102
Trd, 4318921.893, 101
Trd, 4318923.293, 76
Trd, 4318923.943, 100
Trd, 4318924.143, 100
Trd, 4318924.493, 75
Trd, 4318925.743, 74
Trd, 4318926.343, 74
Trd, 4318926.843, 104
Trd, 4318926.993, 73
Trd, 4318928.193, 140
Trd, 4318928.943, 81
Trd, 4318930.393, 139
Trd, 4318931.193, 136
Trd, 4318933.343, 140
Trd, 4318933.693, 140
Trd, 4318934.593, 113
Trd, 4318934.843, 112
Trd, 4318934.993, 118
Trd, 4318935.193, 110
Trd, 4318935.493, 100
Trd, 4318935.893, 127
Trd, 4318936.143, 132
Trd, 4318936.843, 64
Trd, 4318938.393, 60
Trd, 4318938.493, 81
Trd, 4318938.943, 117
Trd, 4318940.143, 103
Trd, 4318940.543, 98
Trd, 4318941.393, 140
Trd, 4318942.493, 140
Trd, 4318942.893, 140
Trd, 4318943.593, 139
Trd, 4318944.893, 105
Trd, 4318945.043, 91
Trd, 4318946.543, 75
Trd, 4318947.293, 74
Trd, 4318947.793, 60
Trd, 4318948.093, 62
Trd, 4318948.943, 63
Trd, 4318950.493, 95
Trd, 4318950.743, 101
Trd, 4318951.943, 75
Trd, 4318953.093, 76
Trd, 4318953.193, 75
Trd, 4318953.343, 132
Trd, 4318953.843, 79
Trd, 4318954.043, 138
Trd, 4318955.743, 83
Trd, 4318956.293, 140
Trd, 4318956.943, 140
Trd, 4318957.043, 140
Trd, 4318958.293, 140
Trd, 4318958.493, 140
Trd, 4318959.793, 140
Trd, 4318960.243, 140
Trd, 4318960.593, 139
Trd, 4318961.993, 140
Trd, 4318962.043, 139
Trd, 4318962.243, 137
Trd, 4318962.743, 124
Trd, 4318963.343, 103
Trd, 4318964.243, 115
Trd, 4318965.143, 106
Trd, 4318965.193, 105
Trd, 4318965.893, 85
Trd, 4318966.643, 140
Trd, 4318967.093, 140
Trd, 4318967.993, 74
Trd, 4318969.593, 140
Trd, 4318969.843, 140
Trd, 4318970.043, 140
Trd, 4318970.443, 106
Trd, 4318971.393, 140
Trd, 4318971.443, 68
Trd, 4318972.493, 139
Trd, 4318974.793, 140
Trd, 4318975.343, 140
Trd, 4318975.843, 140
Trd, 4318977.443, 66
Trd, 4318978.243, 118
Trd, 4318978.743, 61
Trd, 4318978.993, 62
Trd, 4318979.793, 60
Trd, 4318979.893, 65
Trd, 4318980.243, 140
Trd, 4318981.793, 67
Trd, 4318982.243, 67
Trd, 4318982.393, 66
Trd, 4318982.893, 112
Trd, 4318983.943, 63
Trd, 4318985.643, 140
Trd, 4318985.743, 139
Trd, 4318985.843, 95
Trd, 4318986.293, 85
Trd, 4318986.443, 102
Trd, 4318986.943, 74
Trd, 4318987.093, 73
Trd, 4318989.093, 140
Trd, 4318989.393, 140
Trd, 4318989.493, 138
Trd, 4318990.143, 67
Trd, 4318991.043, 60
Trd, 4318991.093, 71
Trd, 4318991.743, 95
Trd, 4318992.443, 100
Trd, 4318993.143, 61
Trd, 4318993.243, 94
Trd, 4318995.043, 140
Trd, 4318995.493, 139
Trd, 4318996.293, 140
Trd, 4318997.093, 140
Trd, 4318998.743, 140
Trd, 4318999.793, 140
Trd, 4318999.993, 140
Trd, 4319000.543, 140
Trd, 4319000.743, 139
Trd, 4319001.193, 111
Trd, 4319001.293, 93
Trd, 4319002.343, 140
Trd, 4319002.643, 140
Trd, 4319002.943, 104
Trd, 4319004.443, 61
Trd, 4319004.743, 63
Trd, 4319005.843, 64
Trd, 4319006.143, 80
Trd, 4319006.243, 62
Trd, 4319007.243, 64
Trd, 4319007.493, 66
Trd, 4319007.543, 63
Trd, 4319009.743, 140
Trd, 4319009.843, 140
Trd, 4319009.993, 139
Trd, 4319011.493, 140
Trd, 4319012.643, 140
Trd, 4319012.943, 140
Trd, 4319013.593, 92
Trd, 4319014.543, 80
Trd, 4319014.693, 71
Trd, 4319015.793, 70
Trd, 4319016.443, 94
Trd, 4319016.643, 139
Trd, 4319016.893, 71
Trd, 4319017.043, 74
Trd, 4319018.693, 140
Trd, 4319019.743, 140
Trd, 4319019.843, 140
Trd, 4319020.443, 140
Trd, 4319021.343, 140
Trd, 4319022.493, 88
Trd, 4319023.743, 101
Trd, 4319024.693, 116
Trd, 4319025.493, 121
Trd, 4319025.843, 101
Trd, 4319026.343, 115
Trd, 4319026.943, 102
Trd, 4319027.343, 116
Trd, 4319027.743, 102
Trd, 4319027.793, 99
Trd, 4319027.993, 89
Trd, 4319028.893, 89
Trd, 4319030.293, 140
Trd, 4319030.543, 140
Trd, 4319030.943, 140
Trd, 4319031.793, 140
Trd, 4319032.393, 108
Trd, 4319032.443, 96
Trd, 4319033.143, 101
Trd, 4319033.393, 95
Trd, 4319036.343, 78
Trd, 4319036.393, 79
Trd, 4319036.643, 82
Trd, 4319037.193, 97
Trd, 4319037.393, 96
Trd, 4319038.293, 97
Trd, 4319038.643, 113
Trd, 4319039.893, 123
Trd, 4319040.293, 123
Trd, 4319041.093, 125
Trd, 4319041.243, 130
Trd, 4319041.543, 72
Trd, 4319042.493, 60
Trd, 4319044.293, 61
Trd, 4319044.593, 64
Trd, 4319044.743, 69
Trd, 4319046.393, 60
Trd, 4319047.493, 65
Trd, 4319048.343, 109
Trd, 4319049.793, 66
Trd, 4319050.343, 66
Trd, 4319051.143, 68
Trd, 4319051.193, 66
Trd, 4319051.443, 111
Trd, 4319052.443, 69
Trd, 4319052.493, 83
Trd, 4319053.393, 70
Trd, 4319053.793, 79
Trd, 4319055.143, 71
Trd, 4319055.293, 72
Trd, 4319056.193, 96
Trd, 4319057.243, 100
Trd, 4319058.393, 100
Trd, 4319058.793, 117
Trd, 4319059.193, 99
Trd, 4319059.893, 140
Trd, 4319060.943, 140
Trd, 4319060.993, 140
Trd, 4319061.593, 140
Trd, 4319062.793, 137
Trd, 4319063.593, 130
Trd, 4319064.693, 140
Trd, 4319065.893, 138
Trd, 4319065.993, 82
Trd, 4319066.643, 71
Trd, 4319067.393, 109
Trd, 4319068.193, 139
Trd, 4319068.643, 83
Trd, 4319069.143, 82
Trd, 4319069.443, 84
Trd, 4319069.993, 78
Trd, 4319070.843, 140
Trd, 4319071.343, 81
Trd, 4319072.793, 139
Trd, 4319072.993, 140
Trd, 4319075.193, 140
Trd, 4319075.293, 140
Trd, 4319075.393, 140
Trd, 4319075.743, 114
Trd, 4319077.793, 140
Trd, 4319077.993, 140
Trd, 4319078.093, 139
Trd, 4319079.093, 140
Trd, 4319079.143, 138
Trd, 4319079.743, 114
Trd, 4319080.143, 115
Trd, 4319081.543, 88
Trd, 4319081.743, 89
Trd, 4319082.593, 107
Trd, 4319082.793, 88
Trd, 4319082.943, 85
Trd, 4319084.293, 68
Trd, 4319084.593, 88
Trd, 4319085.843, 60
Trd, 4319085.943, 93
Trd, 4319087.143, 61
Trd, 4319088.743, 91
Trd, 4319089.193, 101
Trd, 4319089.393, 88
Trd, 4319090.143, 87
Trd, 4319090.643, 140
Trd, 4319091.043, 99
Trd, 4319091.943, 102
Trd, 4319092.943, 140
Trd, 4319093.643, 103
Trd, 4319093.793, 101
Trd, 4319093.843, 116
Trd, 4319094.993, 135
Trd, 4319097.343, 104
Trd, 4319098.043, 139
Trd, 4319098.143, 138
Trd, 4319098.443, 102
Trd, 4319099.343, 140
Trd, 4319099.443, 140
Trd, 4319099.993, 140
Trd, 4319100.393, 139
Trd, 4319102.143, 126
Trd, 4319102.543, 140
Trd, 4319102.793, 125
Trd, 4319102.893, 101
Trd, 4319103.893, 140
Trd, 4319103.993, 140
Trd, 4319104.643, 105
Trd, 4319105.643, 88
Trd, 4319106.193, 110
Trd, 4319107.493, 86
Trd, 4319108.343, 88
Trd, 4319108.993, 101
Trd, 4319109.943, 92
Trd, 4319110.193, 90
Trd, 4319110.843, 105
Trd, 4319111.243, 89
Trd, 4319111.993, 140
Trd, 4319112.393, 138
Trd, 4319112.893, 79
Trd, 4319113.843, 80
Trd, 4319114.343, 118
Trd, 4319114.643, 94
Trd, 4319115.893, 140
Trd, 4319116.043, 140
Trd, 4319116.393, 136
Trd, 4319116.993, 104
Trd, 4319117.843, 140
Trd, 4319118.343, 138
Trd, 4319118.643, 104
Trd, 4319119.643, 109
Trd, 4319119.843, 60
Trd, 4319120.593, 140
Trd, 4319121.943, 70
Trd, 4319123.493, 70
Trd, 4319124.493, 140
Trd, 4319124.643, 140
Trd, 4319124.993, 136
Trd, 4319125.693, 71
Trd, 4319126.093, 121
Trd, 4319127.293, 140
Trd, 4319128.243, 140
Trd, 4319128.343, 140
Trd, 4319128.393, 140
Trd, 4319129.043, 140
Trd, 4319129.793, 137
Trd, 4319130.343, 114
Trd, 4319132.443, 140
Trd, 4319132.743, 140
Trd, 4319133.843, 140
Trd, 4319134.193, 140
Trd, 4319134.343, 140
Trd, 4319134.993, 140
Trd, 4319135.043, 138
Trd, 4319136.093, 115
Trd, 4319137.343, 68
Trd, 4319137.993, 140
Trd, 4319139.343, 139
Trd, 4319139.593, 138
Trd, 4319139.943, 138
Trd, 4319140.343, 138
Trd, 4319141.143, 140
Trd, 4319141.243, 140
Trd, 4319141.943, 137
Trd, 4319142.143, 122
Trd, 4319142.543, 139
Trd, 4319143.793, 138
Trd, 4319144.193, 114
Trd, 4319144.843, 60
Trd, 4319147.543, 64
Trd, 4319147.743, 62
Trd, 4319147.993, 65
Trd, 4319148.043, 133
Trd, 4319148.993, 81
Trd, 4319149.193, 80
Trd, 4319149.993, 140
Trd, 4319151.243, 61
Trd, 4319151.293, 62
Trd, 4319151.643, 114
Trd, 4319151.693, 89
Trd, 4319152.393, 121
Trd, 4319152.693, 120
Trd, 4319153.743, 64
Trd, 4319154.743, 65
Trd, 4319156.143, 95
Trd, 4319156.493, 105
Trd, 4319157.243, 97
Trd, 4319158.693, 140
Trd, 4319158.943, 140
Trd, 4319159.743, 140
Trd, 4319159.793, 140
Trd, 4319160.243, 139
Trd, 4319160.293, 110
Trd, 4319160.693, 140
Trd, 4319162.693, 132
Trd, 4319163.043, 132
Trd, 4319163.143, 132
Trd, 4319163.393, 131
Trd, 4319163.543, 128
Trd, 4319164.893, 96
Trd, 4319166.593, 140
Trd, 4319166.843, 126
Trd, 4319168.093, 129
Trd, 4319169.043, 129
Trd, 4319169.593, 140
Trd, 4319170.343, 140
Trd, 4319170.543, 140
Trd, 4319170.893, 140
Trd, 4319170.943, 140
Trd, 4319171.043, 140
Trd, 4319171.193, 109
Trd, 4319173.793, 140
Trd, 4319174.693, 140
Trd, 4319174.943, 139
Trd, 4319175.293, 136
Trd, 4319175.493, 111
Trd, 4319176.793, 82
Trd, 4319177.493, 82
Trd, 4319177.743, 81
Trd, 4319178.943, 140
Trd, 4319179.543, 140
Trd, 4319179.793, 139
Trd, 4319180.543, 140
Trd, 4319182.293, 140
Trd, 4319183.193, 140
Trd, 4319183.543, 137
Trd, 4319183.793, 134
Trd, 4319185.143, 110
Trd, 4319186.593, 103
Trd, 4319186.793, 106
Trd, 4319187.143, 105
Trd, 4319188.743, 137
Trd, 4319189.043, 122
Trd, 4319189.393, 139
Trd, 4319191.493, 107
Trd, 4319191.643, 106
Trd, 4319191.693, 87
Trd, 4319191.993, 86
Trd, 4319192.343, 89
Trd, 4319193.643, 60
Trd, 4319194.443, 60
Trd, 4319195.843, 60
Trd, 4319195.943, 62
Trd, 4319196.993, 64
Trd, 4319197.493, 64
Trd, 4319199.143, 83
Trd, 4319200.493, 60
Trd, 4319200.793, 62
Trd, 4319200.993, 61
Trd, 4319201.393, 64
Trd, 4319202.543, 77
Trd, 4319203.643, 66
Trd, 4319203.943, 65
Trd, 4319205.293, 60
Trd, 4319206.243, 67
Trd, 4319207.343, 66
Trd, 4319207.843, 70
Trd, 4319208.043, 69
Trd, 4319208.093, 108
Trd, 4319208.843, 101
Trd, 4319209.293, 78
Trd, 4319209.693, 78
Trd, 4319209.843, 77
Trd, 4319210.443, 127
Trd, 4319211.393, 139
Trd, 4319211.643, 102
Trd, 4319212.293, 111
Trd, 4319212.343, 101
Trd, 4319213.543, 140
Trd, 4319213.693, 140
Trd, 4319214.843, 139
Trd, 4319215.343, 125
Trd, 4319215.893, 140
Trd, 4319216.993, 65
Trd, 4319218.043, 140
Trd, 4319219.193, 132
Trd, 4319219.543, 140
Trd, 4319219.643, 140
Trd, 4319220.643, 140
Trd, 4319221.393, 135
Trd, 4319221.493, 106
Trd, 4319222.343, 135
Trd, 4319222.693, 126
Trd, 4319223.243, 126
Trd, 4319223.543, 98
Trd, 4319224.293, 67
Trd, 4319226.843, 86
Trd, 4319227.093, 124
Trd, 4319227.493, 90
Trd, 4319227.943, 138
Trd, 4319229.193, 88
Trd, 4319229.943, 88
Trd, 4319230.243, 78
Trd, 4319230.893, 140
Trd, 4319231.343, 140
Trd, 4319231.443, 140
Trd, 4319234.043, 105
Trd, 4319234.343, 104
Trd, 4319235.043, 101
Trd, 4319235.243, 107
Trd, 4319235.543, 136
Trd, 4319236.143, 134
Trd, 4319236.443, 129
Trd, 4319236.793, 139
Trd, 4319236.943, 109
Trd, 4319240.143, 61
Trd, 4319240.293, 65
Trd, 4319240.393, 64
Trd, 4319240.643, 132
Trd, 4319241.493, 86
Trd, 4319243.293, 120
Trd, 4319243.393, 119
Trd, 4319244.443, 119
Trd, 4319244.843, 118
Trd, 4319245.443, 140
Trd, 4319245.693, 86
Trd, 4319246.293, 135
Trd, 4319247.893, 126
Trd, 4319250.193, 140
Trd, 4319250.343, 140
Trd, 4319250.543, 139
Trd, 4319250.843, 138
Trd, 4319251.243, 139
Trd, 4319251.393, 138
Trd, 4319251.493, 139
Trd, 4319252.093, 98
Trd, 4319252.443, 97
Trd, 4319253.843, 86
Trd, 4319254.043, 83
Trd, 4319256.193, 140
Trd, 4319256.243, 140
Trd, 4319256.393, 140
Trd, 4319257.493, 140
Trd, 4319257.693, 140
Trd, 4319257.893, 140
Trd, 4319258.293, 140
Trd, 4319258.843, 137
Trd, 4319260.743, 140
Trd, 4319260.843, 139
Trd, 4319261.443, 88
Trd, 4319262.543, 131
Trd, 4319263.093, 115
Trd, 4319264.343, 115
Trd, 4319264.743, 101
Trd, 4319265.193, 140
Trd, 4319266.043, 129
Trd, 4319266.343, 119
Trd, 4319266.543, 88
Trd, 4319268.343, 140
Trd, 4319269.293, 140
Trd, 4319270.593, 140
Trd, 4319270.843, 140
Trd, 4319272.043, 140
Trd, 4319272.843, 140
Trd, 4319272.943, 140
Trd, 4319273.093, 140
Trd, 4319273.193, 139
Trd, 4319273.793, 109
Trd, 4319274.543, 109
Trd, 4319274.643, 127
Trd, 4319275.193, 139
Trd, 4319277.193, 67
Trd, 4319277.643, 63
Trd, 4319277.793, 71
Trd, 4319278.793, 111
Trd, 4319280.043, 80
Trd, 4319280.343, 75
Trd, 4319280.443, 62
Trd, 4319281.493, 76
Trd, 4319281.593, 75
Trd, 4319282.093, 64
Trd, 4319284.643, 60
Trd, 4319284.743, 61
Trd, 4319285.693, 63
Trd, 4319286.093, 69
Trd, 4319287.043, 72
Trd, 4319287.343, 138
Trd, 4319288.593, 72
Trd, 4319289.443, 73
Trd, 4319289.843, 76
Trd, 4319290.393, 74
Trd, 4319291.543, 138
Trd, 4319292.093, 75
Trd, 4319292.343, 74
Trd, 4319294.543, 140
Trd, 4319295.543, 140
Trd, 4319295.693, 140
Trd, 4319296.343, 140
Trd, 4319296.443, 122
Trd, 4319298.043, 140
Trd, 4319298.193, 140
Trd, 4319298.543, 140
Trd, 4319300.143, 140
Trd, 4319300.793, 140
Trd, 4319301.193, 140
Trd, 4319301.493, 138
Trd, 4319302.093, 140
Trd, 4319303.593, 140
Trd, 4319303.693, 140
Trd, 4319305.843, 140
Trd, 4319306.043, 140
Trd, 4319307.043, 139
Trd, 4319308.243, 140
Trd, 4319308.443, 127
Trd, 4319309.843, 140
Trd, 4319310.093, 140
Trd, 4319310.843, 140
Trd, 4319312.043, 126
Trd, 4319312.693, 121
Trd, 4319312.893, 106
Trd, 4319313.593, 106
Trd, 4319313.793, 139
Trd, 4319314.543, 99
Trd, 4319316.093, 88
Trd, 4319316.393, 71
Trd, 4319316.443, 70
Trd, 4319316.793, 77
Trd, 4319317.093, 74
Trd, 4319319.093, 78
Trd, 4319320.243, 112
Trd, 4319320.693, 85
Trd, 4319321.093, 119
Trd, 4319321.193, 95
Trd, 4319321.243, 128
Trd, 4319322.693, 117
Trd, 4319324.243, 138
Trd, 4319324.493, 126
Trd, 4319325.543, 119
Trd, 4319326.043, 108
Trd, 4319326.193, 107
Trd, 4319327.443, 137
Trd, 4319327.593, 99
Trd, 4319328.343, 80
Trd, 4319328.393, 89
Trd, 4319328.843, 82
Trd, 4319329.593, 68
Trd, 4319329.743, 91
Trd, 4319330.043, 93
Trd, 4319330.693, 112
Trd, 4319332.893, 115
Trd, 4319333.543, 140
Trd, 4319333.893, 140
Trd, 4319334.593, 140
Trd, 4319335.043, 140
Trd, 4319335.993, 140
Trd, 4319337.143, 118
Trd, 4319337.743, 124
Trd, 4319337.993, 96
Trd, 4319338.593, 95
Trd, 4319338.743, 88
Trd, 4319339.743, 140
Trd, 4319339.993, 137
Trd, 4319340.043, 114
Trd, 4319340.343, 98
Trd, 4319341.043, 96
Trd, 4319344.643, 140
Trd, 4319344.743, 140
Trd, 4319345.393, 140
Trd, 4319345.643, 140
Trd, 4319346.043, 140
Trd, 4319346.293, 140
Trd, 4319346.743, 140
Trd, 4319348.443, 138
Trd, 4319348.893, 140
Trd, 4319349.493, 140
Trd, 4319349.843, 140
Trd, 4319351.493, 140
Trd, 4319351.793, 140
Trd, 4319352.243, 140
Trd, 4319352.993, 140
Trd, 4319353.593, 110
Trd, 4319353.943, 82
Trd, 4319354.043, 130
Trd, 4319354.293, 139
Trd, 4319354.643, 139
Trd, 4319356.943, 87
Trd, 4319357.243, 97
Trd, 4319358.293, 89
Trd, 4319358.993, 89
Trd, 4319359.143, 88
Trd, 4319362.743, 140
Trd, 4319363.093, 140
Trd, 4319363.843, 140
Trd, 4319364.293, 140
Trd, 4319364.893, 139
Trd, 4319365.393, 138
Trd, 4319366.293, 118
Trd, 4319366.443, 108
Trd, 4319366.793, 131
Trd, 4319367.093, 139
Trd, 4319367.143, 113
Trd, 4319367.643, 139
Trd, 4319368.343, 71
Trd, 4319369.293, 140
Trd, 4319369.343, 140
Trd, 4319370.543, 115
Trd, 4319372.643, 138
Trd, 4319372.893, 67
Trd, 4319373.293, 102
Trd, 4319373.443, 138
Trd, 4319375.893, 71
Trd, 4319376.093, 83
Trd, 4319376.293, 71
Trd, 4319378.193, 115
Trd, 4319378.593, 112
Trd, 4319379.293, 125
Trd, 4319379.643, 110
Trd, 4319380.843, 127
Trd, 4319381.343, 139
Trd, 4319381.443, 102
Trd, 4319381.493, 101
Trd, 4319381.643, 100
Trd, 4319382.193, 138
Trd, 4319383.943, 63
Trd, 4319384.593, 90
Trd, 4319384.943, 67
Trd, 4319384.993, 64
Trd, 4319386.593, 62
Trd, 4319386.843, 72
Trd, 4319387.793, 130
Trd, 4319388.543, 73
Trd, 4319391.493, 67
Trd, 4319392.243, 73
Trd, 4319393.193, 75
Trd, 4319393.643, 67
Trd, 4319394.543, 72
Trd, 4319395.243, 90
Trd, 4319395.543, 95
Trd, 4319396.243, 83
Trd, 4319397.193, 140
Trd, 4319397.243, 140
Trd, 4319397.793, 140
Trd, 4319398.093, 140
Trd, 4319398.593, 140
Trd, 4319399.043, 109
Trd, 4319399.443, 99
Trd, 4319399.643, 76
Trd, 4319401.993, 140
Trd, 4319402.643, 140
Trd, 4319403.043, 140
Trd, 4319403.243, 140
Trd, 4319405.093, 140
Trd, 4319405.343, 140
Trd, 4319405.543, 140
Trd, 4319407.093, 139
Trd, 4319407.343, 124
Trd, 4319407.593, 140
Trd, 4319408.893, 124
Trd, 4319408.943, 123
Trd, 4319409.193, 117
Trd, 4319410.443, 134
Trd, 4319410.493, 132
Trd, 4319411.843, 69
Trd, 4319412.943, 63
Trd, 4319413.493, 73
Trd, 4319414.143, 71
Trd, 4319414.343, 92
Trd, 4319414.543, 69
Trd, 4319414.993, 95
Trd, 4319416.493, 108
Trd, 4319417.843, 140
Trd, 4319417.893, 140
Trd, 4319418.293, 140
Trd, 4319418.543, 134
Trd, 4319419.043, 120
Trd, 4319419.143, 89
Trd, 4319420.943, 60
Trd, 4319422.193, 60
Trd, 4319423.893, 65
Trd, 4319424.493, 69
Trd, 4319424.593, 78
Trd, 4319425.293, 140
Trd, 4319426.043, 119
Trd, 4319426.093, 118
Trd, 4319427.093, 140
Trd, 4319428.043, 94
Trd, 4319428.493, 94
Trd, 4319428.593, 92
Trd, 4319429.593, 83
Trd, 4319429.843, 104
Trd, 4319430.393, 72
Trd, 4319431.643, 96
Trd, 4319432.293, 63
Trd, 4319433.193, 82
Trd, 4319433.693, 100
Trd, 4319434.193, 62
Trd, 4319434.243, 61
Trd, 4319434.793, 140
Trd, 4319436.293, 140
Trd, 4319436.493, 140
Trd, 4319436.793, 139
Trd, 4319438.943, 140
Trd, 4319439.043, 140
Trd, 4319439.493, 137
Trd, 4319439.593, 102
Trd, 4319439.943, 127
Trd, 4319441.643, 140
Trd, 4319443.093, 140
Trd, 4319443.493, 139
Trd, 4319443.693, 109
Trd, 4319443.793, 124
Trd, 4319443.993, 139
Trd, 4319444.593, 92
Trd, 4319445.743, 61
Trd, 4319446.793, 68
Trd, 4319446.943, 107
Trd, 4319448.143, 79
Trd, 4319449.443, 107
Trd, 4319449.593, 106
Trd, 4319449.843, 106
Trd, 4319450.293, 140
Trd, 4319450.393, 87
Trd, 4319451.893, 76
Trd, 4319452.693, 139
Trd, 4319453.593, 138
Trd, 4319453.893, 91
Trd, 4319454.793, 140
Trd, 4319456.543, 140
Trd, 4319456.693, 140
Trd, 4319457.743, 140
Trd, 4319458.593, 140
Trd, 4319458.893, 140
Trd, 4319459.743, 140
Trd, 4319460.193, 102
Trd, 4319460.293, 69
Trd, 4319460.693, 60
Trd, 4319462.093, 62
Trd, 4319463.693, 113
Trd, 4319463.943, 113
Trd, 4319463.993, 110
Trd, 4319464.443, 130
Trd, 4319465.493, 109
Trd, 4319465.543, 96
Trd, 4319466.243, 140
Trd, 4319468.993, 140
Trd, 4319469.143, 140
Trd, 4319470.143, 140
Trd, 4319470.343, 140
Trd, 4319470.643, 140
Trd, 4319471.593, 140
Trd, 4319471.643, 138
Trd, 4319471.693, 81
Trd, 4319472.793, 61
Trd, 4319473.243, 139
Trd, 4319474.393, 140
Trd, 4319474.543, 103
Trd, 4319475.143, 134
Trd, 4319475.743, 140
Trd, 4319476.843, 140
Trd, 4319477.043, 140
Trd, 4319478.443, 114
Trd, 4319478.593, 103
Trd, 4319478.643, 102
Trd, 4319479.043, 140
Trd, 4319479.743, 121
Trd, 4319480.143, 140
Trd, 4319482.493, 68
Trd, 4319482.893, 69
Trd, 4319483.143, 61
Trd, 4319483.843, 101
Trd, 4319484.693, 87
Trd, 4319484.793, 72
Trd, 4319485.493, 108
Trd, 4319487.443, 69
Trd, 4319487.543, 70
Trd, 4319487.743, 68
Trd, 4319488.243, 107
Trd, 4319489.793, 140
Trd, 4319490.393, 140
Trd, 4319490.443, 140
Trd, 4319490.943, 140
Trd, 4319491.193, 140
Trd, 4319491.743, 138
Trd, 4319492.343, 140
Trd, 4319492.693, 139
Trd, 4319493.893, 140
Trd, 4319494.393, 140
Trd, 4319494.893, 117
Trd, 4319495.793, 140
Trd, 4319496.343, 92
Trd, 4319497.093, 81
Trd, 4319499.143, 109
Trd, 4319499.393, 140
Trd, 4319499.643, 78
Trd, 4319500.543, 95
Trd, 4319500.743, 97
Trd, 4319501.643, 94
Trd, 4319503.993, 140
Trd, 4319504.293, 140
Trd, 4319504.393, 140
Trd, 4319504.793, 139
Trd, 4319505.143, 91
Trd, 4319506.443, 139
Trd, 4319507.043, 140
Trd, 4319508.693, 139
Trd, 4319508.743, 138
Trd, 4319508.843, 137
Trd, 4319509.343, 106
Trd, 4319510.193, 110
Trd, 4319510.393, 68
Trd, 4319511.393, 105
Trd, 4319512.793, 137
Trd, 4319514.293, 60
Trd, 4319515.093, 72
Trd, 4319515.743, 81
Trd, 4319517.343, 61
Trd, 4319519.593, 61
Trd, 4319519.843, 65
Trd, 4319520.043, 65
Trd, 4319520.443, 91
Trd, 4319521.793, 68
Trd, 4319522.793, 135
Trd, 4319523.393, 140
Trd, 4319524.993, 140
Trd, 4319525.093, 140
Trd, 4319525.343, 140
Trd, 4319526.543, 140
Trd, 4319528.093, 128
Trd, 4319528.743, 133
Trd, 4319529.693, 130
Trd, 4319530.393, 130
Trd, 4319530.743, 131
Trd, 4319530.793, 130
Trd, 4319531.143, 140
Trd, 4319531.843, 138
Trd, 4319532.693, 80
Trd, 4319533.243, 80
Trd, 4319534.293, 79
Trd, 4319534.643, 123
Trd, 4319535.043, 70
Trd, 4319535.793, 60
Trd, 4319536.343, 61
Trd, 4319536.893, 77
Trd, 4319538.793, 73
Trd, 4319539.593, 73
Trd, 4319539.793, 72
Trd, 4319539.843, 71
Trd, 4319540.043, 83
Trd, 4319540.643, 63
Trd, 4319540.743, 75
Trd, 4319540.993, 60
Trd, 4319542.193, 134
Trd, 4319542.493, 65
Trd, 4319543.143, 66
Trd, 4319545.943, 99
Trd, 4319546.243, 123
Trd, 4319546.543, 100
Trd, 4319546.693, 113
Trd, 4319547.243, 99
Trd, 4319547.493, 99
Trd, 4319548.243, 66
Trd, 4319548.643, 60
Trd, 4319548.993, 85
Trd, 4319551.493, 98
Trd, 4319551.693, 101
Trd, 4319551.893, 98
Trd, 4319552.343, 100
Trd, 4319552.743, 100
Trd, 4319553.793, 62
Trd, 4319555.843, 60
Trd, 4319556.543, 65
Trd, 4319557.243, 62
Trd, 4319557.393, 61
Trd, 4319557.493, 62
Trd, 4319558.193, 64
Trd, 4319558.493, 62
Trd, 4319558.643, 69
Trd, 4319559.993, 68
Trd, 4319560.493, 68
Trd, 4319560.693, 78
Trd, 4319561.093, 67
Trd, 4319562.043, 90
Trd, 4319562.843, 78
Trd, 4319563.243, 77
Trd, 4319565.143, 112
Trd, 4319566.043, 92
Trd, 4319566.143, 98
Trd, 4319566.693, 93
Trd, 4319567.193, 85
Trd, 4319567.743, 140
Trd, 4319568.643, 79
Trd, 4319569.593, 69
Trd, 4319569.693, 72
Trd, 4319570.643, 65
Trd, 4319571.193, 140
Trd, 4319571.693, 140
Trd, 4319573.893, 140
Trd, 4319573.943, 140
Trd, 4319574.893, 140
Trd, 4319575.343, 138
Trd, 4319575.893, 137
Trd, 4319576.393, 108
Trd, 4319576.643, 106
Trd, 4319577.843, 140
Trd, 4319578.393, 89
Trd, 4319578.843, 88
Trd, 4319578.893, 137
Trd, 4319580.493, 139
Trd, 4319581.643, 118
Trd, 4319582.343, 118
Trd, 4319582.543, 116
Trd, 4319582.693, 108
Trd, 4319582.993, 140
Trd, 4319584.093, 138
Trd, 4319585.093, 138
Trd, 4319586.293, 140
Trd, 4319586.693, 140
Trd, 4319586.843, 140
Trd, 4319586.893, 139
Trd, 4319589.043, 60
Trd, 4319589.593, 65
Trd, 4319589.893, 62
Trd, 4319589.993, 72
Trd, 4319592.343, 91
Trd, 4319593.343, 94
Trd, 4319593.393, 92
Trd, 4319594.043, 105
Trd, 4319594.393, 123
Trd, 4319594.793, 106
Trd, 4319595.343, 102
Trd, 4319595.793, 95
Trd, 4319595.843, 94
Trd, 4319597.443, 80
Trd, 4319598.643, 140
Trd, 4319598.793, 140
Trd, 4319599.093, 111
Trd, 4319599.893, 62
Trd, 4319600.593, 60
Trd, 4319600.793, 69
Trd, 4319601.193, 93
Trd, 4319602.743, 72
Trd, 4319603.193, 67
Trd, 4319603.943, 70
Trd, 4319604.393, 87
Trd, 4319604.543, 125
Trd, 4319605.593, 75
Trd, 4319605.793, 97
Trd, 4319608.493, 93
Trd, 4319609.193, 72
Trd, 4319610.143, 74
Trd, 4319610.293, 72
Trd, 4319610.993, 140
Trd, 4319611.443, 138
Trd, 4319612.043, 138
Trd, 4319612.593, 140
Trd, 4319612.693, 137
Trd, 4319612.843, 108
Trd, 4319613.643, 104
Trd, 4319615.443, 61
Trd, 4319616.393, 65
Trd, 4319616.843, 96
Trd, 4319618.393, 68
Trd, 4319618.743, 87
Trd, 4319618.793, 114
Trd, 4319619.043, 67
Trd, 4319619.593, 121
Trd, 4319619.643, 120
Trd, 4319621.993, 140
Trd, 4319622.293, 140
Trd, 4319623.193, 140
Trd, 4319623.893, 140
Trd, 4319623.993, 140
Trd, 4319624.343, 140
Trd, 4319624.743, 139
Trd, 4319625.193, 85
Trd, 4319626.693, 140
Trd, 4319627.543, 139
Trd, 4319627.593, 100
Trd, 4319628.343, 60
Trd, 4319628.443, 60
Trd, 4319629.393, 63
Trd, 4319631.043, 68
Trd, 4319631.393, 69
Trd, 4319633.443, 60
Trd, 4319634.093, 97
Trd, 4319634.143, 72
Trd, 4319634.793, 64
Trd, 4319636.443, 67
Trd, 4319637.243, 140
Trd, 4319637.343, 140
Trd, 4319639.643, 92
Trd, 4319639.743, 91
Trd, 4319640.443, 127
Trd, 4319640.693, 104
Trd, 4319640.993, 89
Trd, 4319642.243, 89
Trd, 4319642.593, 93
Trd, 4319644.293, 140
Trd, 4319645.243, 140
Trd, 4319645.293, 139
Trd, 4319645.443, 140
Trd, 4319645.843, 79
Trd, 4319647.643, 99
Trd, 4319647.993, 140
Trd, 4319648.143, 139
Trd, 4319648.843, 62
Trd, 4319650.093, 60
Trd, 4319650.393, 73
Trd, 4319651.243, 63
Trd, 4319652.293, 63
Trd, 4319653.293, 73
Trd, 4319653.943, 60
Trd, 4319654.393, 67
Trd, 4319655.293, 61
Trd, 4319656.843, 63
Trd, 4319656.993, 65
Trd, 4319658.043, 66
Trd, 4319658.743, 89
Trd, 4319659.093, 79
Trd, 4319659.743, 139
Trd, 4319660.043, 72
Trd, 4319661.293, 79
Trd, 4319662.543, 80
Trd, 4319662.793, 99
Trd, 4319662.843, 77
Trd, 4319664.093, 140
Trd, 4319665.843, 61
Trd, 4319667.293, 65
Trd, 4319667.493, 62
Trd, 4319668.493, 68
Trd, 4319668.993, 85
Trd, 4319669.393, 136
Trd, 4319670.843, 93
Trd, 4319671.593, 82
Trd, 4319671.793, 78
Trd, 4319673.393, 66
Trd, 4319673.843, 78
Trd, 4319673.993, 77
Trd, 4319675.293, 123
Trd, 4319675.743, 123
Trd, 4319676.493, 103
Trd, 4319676.543, 102
Trd, 4319678.143, 81
Trd, 4319678.393, 125
Trd, 4319678.443, 79
Trd, 4319679.343, 80
Trd, 4319679.493, 81
Trd, 4319680.943, 140
Trd, 4319681.093, 140
Trd, 4319681.293, 137
Trd, 4319681.893, 88
Trd, 4319683.393, 67
Trd, 4319683.643, 73
Trd, 4319685.343, 62
Trd, 4319685.443, 67
Trd, 4319686.093, 96
Trd, 4319686.593, 77
Trd, 4319687.543, 79
Trd, 4319688.443, 78
Trd, 4319688.593, 79
Trd, 4319689.943, 81
Trd, 4319690.493, 114
Trd, 4319691.843, 80
Trd, 4319692.493, 61
Trd, 4319693.243, 63
Trd, 4319694.143, 75
Trd, 4319694.393, 66
Trd, 4319694.643, 82
Trd, 4319695.443, 65
Trd, 4319696.393, 60
Trd, 4319696.593, 113
Trd, 4319697.443, 70
Trd, 4319697.593, 98
Trd, 4319699.843, 64
Trd, 4319700.843, 71
Trd, 4319701.143, 89
Trd, 4319702.193, 87
Trd, 4319702.643, 94
Trd, 4319702.743, 139
Trd, 4319702.993, 87
Trd, 4319703.293, 92
Trd, 4319704.443, 93
Trd, 4319704.693, 89
Trd, 4319705.193, 83
Trd, 4319705.793, 64
Trd, 4319706.493, 69
Trd, 4319708.243, 138
Trd, 4319708.893, 85
Trd, 4319709.743, 101
Trd, 4319710.143, 104
Trd, 4319710.543, 99
Trd, 4319711.393, 140
Trd, 4319711.793, 101
Trd, 4319711.843, 91
Trd, 4319712.643, 140
Trd, 4319712.793, 139
Trd, 4319714.543, 65
Trd, 4319714.993, 66
Trd, 4319715.593, 76
Trd, 4319715.643, 71
Trd, 4319717.943, 60
Trd, 4319718.743, 61
Trd, 4319719.543, 67
Trd, 4319720.743, 62
Trd, 4319721.393, 62
Trd, 4319721.643, 65
Trd, 4319721.893, 84
Trd, 4319722.493, 66
Trd, 4319723.943, 72
Trd, 4319724.143, 84
Trd, 4319724.343, 71
Trd, 4319724.693, 69
Trd, 4319725.393, 73
Trd, 4319725.843, 76
Trd, 4319726.243, 77
Trd, 4319726.293, 101
Trd, 4319726.993, 114
Trd, 4319727.043, 77
Trd, 4319729.793, 100
Trd, 4319730.343, 140
Trd, 4319730.393, 139
Trd, 4319731.693, 140
Trd, 4319732.593, 140
Trd, 4319733.543, 140
Trd, 4319733.943, 140
Trd, 4319734.893, 140
Trd, 4319734.943, 137
Trd, 4319735.993, 140
Trd, 4319736.343, 140
Trd, 4319736.943, 140
Trd, 4319738.193, 140
Trd, 4319738.643, 139
Trd, 4319739.293, 137
Trd, 4319739.443, 126
Trd, 4319741.593, 140
Trd, 4319741.893, 140
Trd, 4319741.993, 137
Trd, 4319742.943, 100
Trd, 4319744.643, 140
Trd, 4319744.793, 140
Trd, 4319745.393, 139
Trd, 4319745.743, 140
Trd, 4319746.443, 139
Trd, 4319747.243, 109
Trd, 4319747.693, 139
Trd, 4319748.393, 107
Trd, 4319748.893, 132
Trd, 4319749.493, 121
Trd, 4319750.143, 140
Trd, 4319752.593, 140
Trd, 4319752.693, 140
Trd, 4319754.043, 140
Trd, 4319754.093, 140
Trd, 4319754.843, 140
Trd, 4319755.193, 140
Trd, 4319756.043, 140
Trd, 4319756.543, 137
Trd, 4319756.943, 136
Trd, 4319757.193, 135
Trd, 4319757.843, 119
Trd, 4319758.543, 140
Trd, 4319760.143, 139
Trd, 4319760.493, 136
Trd, 4319760.743, 111
Trd, 4319761.243, 110
Trd, 4319761.493, 74
Trd, 4319761.693, 135
Trd, 4319762.143, 63
Trd, 4319764.293, 140
Trd, 4319765.043, 140
Trd, 4319765.093, 140
Trd, 4319765.193, 140
Trd, 4319765.443, 102
Trd, 4319766.143, 140
Trd, 4319767.043, 102
Trd, 4319767.143, 101
Trd, 4319768.943, 140
Trd, 4319768.993, 115
Trd, 4319771.193, 140
Trd, 4319771.243, 140
Trd, 4319771.493, 140
Trd, 4319771.993, 65
Trd, 4319773.193, 99
Trd, 4319773.793, 140
Trd, 4319774.293, 140
Trd, 4319774.693, 140
Trd, 4319774.793, 140
Trd, 4319776.043, 140
Trd, 4319777.993, 140
Trd, 4319778.043, 140
Trd, 4319778.843, 139
Trd, 4319779.343, 139
Trd, 4319779.593, 114
Trd, 4319781.093, 140
Trd, 4319781.293, 138
Trd, 4319781.393, 87
Trd, 4319781.893, 140
Trd, 4319782.743, 140
Trd, 4319782.943, 140
Trd, 4319784.093, 128
Trd, 4319785.043, 103
Trd, 4319785.743, 139
Trd, 4319786.343, 140
Trd, 4319787.443, 140
Trd, 4319789.093, 140
Trd, 4319790.543, 140
Trd, 4319790.693, 140
Trd, 4319791.093, 140
Trd, 4319791.693, 140
Trd, 4319792.393, 140
Trd, 4319792.743, 140
Trd, 4319793.293, 140
Trd, 4319794.593, 133
Trd, 4319794.643, 130
Trd, 4319794.993, 100
Trd, 4319796.093, 140
Trd, 4319796.493, 137
Trd, 4319797.193, 138
Trd, 4319797.693, 140
Trd, 4319798.943, 140
Trd, 4319799.043, 137
Trd, 4319799.393, 132
Trd, 4319799.893, 129
Trd, 4319801.193, 72
Trd, 4319801.393, 122
Trd, 4319803.493, 124
Trd, 4319804.493, 140
Trd, 4319804.743, 139
Trd, 4319805.593, 140
Trd, 4319805.893, 130
Trd, 4319806.243, 107
Trd, 4319807.043, 139
Trd, 4319807.243, 101
Trd, 4319807.893, 93
Trd, 4319809.443, 60
Trd, 4319810.343, 64
Trd, 4319811.243, 70
Trd, 4319811.743, 100
Trd, 4319812.543, 67
Trd, 4319812.643, 87
Trd, 4319813.143, 64
Trd, 4319814.293, 111
Trd, 4319814.593, 134
Trd, 4319815.143, 139
Trd, 4319815.393, 137
Trd, 4319816.343, 140
Trd, 4319816.543, 125
Trd, 4319817.043, 93
Trd, 4319819.543, 65
Trd, 4319819.743, 78
Trd, 4319819.793, 89
Trd, 4319820.793, 98
Trd, 4319821.093, 112
Trd, 4319821.943, 140
Trd, 4319822.293, 140
Trd, 4319823.243, 140
Trd, 4319824.593, 140
Trd, 4319824.843, 140
Trd, 4319825.743, 140
Trd, 4319826.143, 140
Trd, 4319826.343, 139
Trd, 4319826.643, 108
Trd, 4319827.743, 140
Trd, 4319828.193, 140
Trd, 4319829.543, 140
Trd, 4319829.593, 140
Trd, 4319830.193, 140
Trd, 4319830.393, 140
Trd, 4319831.043, 140
Trd, 4319831.943, 138
Trd, 4319832.343, 96
Trd, 4319833.543, 140
Trd, 4319833.593, 116
Trd, 4319835.043, 103
Trd, 4319835.943, 140
Trd, 4319837.093, 103
Trd, 4319837.293, 139
Trd, 4319837.593, 74
Trd, 4319839.093, 70
Trd, 4319839.243, 65
Trd, 4319839.893, 72
Trd, 4319841.843, 140
Trd, 4319842.643, 140
Trd, 4319843.293, 140
Trd, 4319843.493, 140
Trd, 4319843.593, 139
Trd, 4319844.193, 118
Trd, 4319844.593, 106
Trd, 4319845.293, 140
Trd, 4319846.043, 140
Trd, 4319846.793, 140
Trd, 4319847.143, 140
Trd, 4319848.343, 140
Trd, 4319849.143, 140
Trd, 4319850.593, 140
Trd, 4319851.143, 140
Trd, 4319851.343, 139
Trd, 4319851.793, 129
Trd, 4319852.043, 139
Trd, 4319853.643, 122
Trd, 4319853.893, 121
Trd, 4319854.243, 77
Trd, 4319855.443, 89
Trd, 4319856.593, 79
Trd, 4319857.593, 126
Trd, 4319857.843, 115
Trd, 4319858.343, 140
Trd, 4319858.543, 140
Trd, 4319858.793, 140
Trd, 4319859.693, 139
Trd, 4319860.643, 64
Trd, 4319860.843, 72
Trd, 4319862.343, 62
Trd, 4319862.843, 63
Trd, 4319863.543, 63
Trd, 4319864.293, 65
Trd, 4319864.693, 128
Trd, 4319865.293, 63
Trd, 4319865.743, 78
Trd, 4319866.193, 109
Trd, 4319866.543, 62
Trd, 4319867.143, 67
Trd, 4319868.093, 78
Trd, 4319869.693, 81
Trd, 4319870.643, 75
Trd, 4319871.393, 80
Trd, 4319872.143, 80
Trd, 4319872.243, 77
Trd, 4319872.543, 92
Trd, 4319873.343, 94
Trd, 4319874.793, 116
Trd, 4319875.043, 106
Trd, 4319875.993, 93
Trd, 4319876.093, 139
Trd, 4319876.693, 90
Trd, 4319877.243, 140
Trd, 4319877.743, 140
Trd, 4319878.343, 90
Trd, 4319878.993, 90
Trd, 4319879.043, 80
Trd, 4319880.893, 140
Trd, 4319881.943, 140
Trd, 4319882.193, 140
Trd, 4319883.793, 140
Trd, 4319884.193, 140
Trd, 4319884.593, 140
Trd, 4319885.493, 140
Trd, 4319886.593, 140
Trd, 4319886.643, 138
Trd, 4319886.743, 120
Trd, 4319887.693, 103
Trd, 4319888.543, 102
Trd, 4319888.643, 137
Trd, 4319889.593, 140
Trd, 4319889.743, 139
Trd, 4319890.843, 140
Trd, 4319891.343, 140
Trd, 4319891.393, 106
Trd, 4319892.093, 139
Trd, 4319892.693, 140
Trd, 4319894.593, 140
Trd, 4319895.293, 105
Trd, 4319895.593, 103
Trd, 4319896.043, 84
Trd, 4319897.493, 105
Trd, 4319898.243, 115
Trd, 4319898.493, 118
Trd, 4319898.893, 73
Trd, 4319899.143, 75
Trd, 4319900.543, 140
Trd, 4319901.043, 140
Trd, 4319901.493, 135
Trd, 4319902.293, 130
Trd, 4319903.143, 140
Trd, 4319903.393, 130
Trd, 4319903.793, 128
Trd, 4319905.393, 140
Trd, 4319905.493, 140
Trd, 4319905.643, 140
Trd, 4319906.643, 140
Trd, 4319907.793, 140
Trd, 4319908.743, 140
Trd, 4319908.893, 140
Trd, 4319910.243, 140
Trd, 4319910.643, 140
Trd, 4319910.993, 140
Trd, 4319911.093, 139
Trd, 4319911.643, 117
Trd, 4319911.693, 116
Trd, 4319913.093, 139
Trd, 4319913.443, 97
Trd, 4319915.643, 140
Trd, 4319915.743, 119
Trd, 4319916.243, 117
Trd, 4319917.843, 113
Trd, 4319917.943, 132
Trd, 4319918.043, 112
Trd, 4319918.143, 138
Trd, 4319919.543, 92
Trd, 4319919.893, 66
Trd, 4319921.343, 112
Trd, 4319921.693, 71
Trd, 4319922.593, 94
Trd, 4319922.893, 67
Trd, 4319924.343, 74
Trd, 4319924.443, 83
Trd, 4319924.943, 97
Trd, 4319926.143, 91
Trd, 4319926.493, 79
Trd, 4319926.893, 79
Trd, 4319927.793, 78
Trd, 4319928.043, 64
Trd, 4319929.793, 128
Trd, 4319930.143, 73
Trd, 4319930.493, 83
Trd, 4319930.943, 92
Trd, 4319930.993, 99
Trd, 4319932.843, 103
Trd, 4319933.443, 140
Trd, 4319934.543, 140
Trd, 4319934.643, 140
Trd, 4319935.493, 98
Trd, 4319935.893, 99
Trd, 4319937.093, 78
Trd, 4319937.243, 77
Trd, 4319938.393, 69
Trd, 4319939.293, 123
Trd, 4319939.843, 70
Trd, 4319941.093, 63
Trd, 4319941.193, 67
Trd, 4319942.443, 73
Trd, 4319942.993, 85
Trd, 4319944.643, 61
Trd, 4319944.743, 61
Trd, 4319945.293, 88
Trd, 4319947.193, 60
Trd, 4319947.293, 60
Trd, 4319948.793, 67
Trd, 4319948.843, 129
Trd, 4319949.243, 140
Trd, 4319949.293, 140
Trd, 4319949.993, 77
Trd, 4319950.743, 63
Trd, 4319951.093, 62
Trd, 4319951.593, 68
Trd, 4319953.843, 72
Trd, 4319954.293, 65
Trd, 4319954.993, 66
Trd, 4319955.193, 67
Trd, 4319955.593, 118
Trd, 4319958.993, 78
Trd, 4319959.243, 70
Trd, 4319959.343, 79
Trd, 4319959.393, 69
Trd, 4319960.043, 88
Trd, 4319960.343, 88
Trd, 4319960.843, 83
Trd, 4319961.443, 107
Trd, 4319961.693, 64
Trd, 4319962.343, 66
Trd, 4319964.443, 63
Trd, 4319965.493, 66
Trd, 4319965.843, 107
Trd, 4319966.293, 68
Trd, 4319967.543, 82
Trd, 4319967.693, 84
Trd, 4319967.793, 85
Trd, 4319968.143, 84
Trd, 4319969.993, 67
Trd, 4319971.093, 140
Trd, 4319971.343, 140
Trd, 4319971.743, 108
Trd, 4319972.093, 66
Trd, 4319972.543, 100
Trd, 4319974.743, 140
Trd, 4319975.143, 140
Trd, 4319975.393, 140
Trd, 4319975.893, 140
Trd, 4319976.493, 133
Trd, 4319978.843, 140
Trd, 4319979.443, 140
Trd, 4319981.343, 140
Trd, 4319981.843, 140
Trd, 4319981.943, 140
Trd, 4319982.193, 140
Trd, 4319983.343, 140
Trd, 4319983.943, 140
Trd, 4319984.443, 140
Trd, 4319985.043, 140
Trd, 4319986.093, 140
Trd, 4319987.543, 140
Trd, 4319987.943, 136
Trd, 4319989.193, 140
Trd, 4319989.543, 140
Trd, 4319990.243, 138
Trd, 4319992.393, 140
Trd, 4319992.693, 140
Trd, 4319993.693, 140
Trd, 4319994.393, 140
Trd, 4319994.943, 140
Trd, 4319995.043, 140
Trd, 4319995.093, 139
Trd, 4319995.543, 134
Trd, 4319996.043, 113
Trd, 4319996.243, 112
Trd, 4319996.343, 122
Trd, 4319996.643, 140
Trd, 4319997.543, 140
Trd, 4319998.343, 140
Trd, 4319998.993, 125
Trd, 4319999.643, 123
Trd, 4319999.843, 78
