Trd, 4318184.893, 60
Trd, 4318185.643, 63
Trd, 4318185.843, 61
Trd, 4318186.693, 60
Trd, 4318186.743, 60
Trd, 4318187.493, 140
Trd, 4318187.743, 140
Trd, 4318189.443, 63
Trd, 4318190.343, 64
Trd, 4318190.543, 62
Trd, 4318191.293, 63
Trd, 4318191.493, 62
Trd, 4318192.043, 62
Trd, 4318193.343, 69
Trd, 4318194.443, 60
Trd, 4318195.293, 65
Trd, 4318195.493, 65
Trd, 4318196.343, 66
Trd, 4318198.193, 61
Trd, 4318198.593, 60
Trd, 4318198.693, 60
Trd, 4318200.193, 60
Trd, 4318200.543, 60
Trd, 4318201.343, 61
Trd, 4318202.293, 61
Trd, 4318202.743, 62
Trd, 4318204.193, 61
Trd, 4318204.643, 60
Trd, 4318205.643, 61
Trd, 4318206.293, 66
Trd, 4318208.243, 60
Trd, 4318208.393, 62
Trd, 4318209.443, 61
Trd, 4318210.143, 62
Trd, 4318210.543, 60
Trd, 4318210.893, 61
Trd, 4318211.143, 60
Trd, 4318211.243, 62
Trd, 4318212.243, 70
Trd, 4318213.643, 60
Trd, 4318213.793, 60
Trd, 4318214.593, 60
Trd, 4318215.443, 60
Trd, 4318215.493, 60
Trd, 4318216.093, 65
Trd, 4318216.943, 64
Trd, 4318217.143, 61
Trd, 4318217.293, 65
Trd, 4318217.843, 65
Trd, 4318219.293, 69
Trd, 4318219.993, 75
Trd, 4318220.143, 63
Trd, 4318220.343, 76
Trd, 4318220.543, 78
Trd, 4318221.193, 90
Trd, 4318221.693, 140
Trd, 4318221.743, 114
Trd, 4318223.993, 60
Trd, 4318224.743, 60
Trd, 4318224.943, 61
Trd, 4318225.543, 61
Trd, 4318226.043, 62
Trd, 4318226.893, 62
Trd, 4318226.993, 67
Trd, 4318227.393, 62
Trd, 4318227.743, 68
Trd, 4318228.193, 63
Trd, 4318229.193, 60
Trd, 4318230.143, 60
Trd, 4318231.643, 62
Trd, 4318232.693, 61
Trd, 4318233.043, 60
Trd, 4318233.443, 62
Trd, 4318233.893, 65
Trd, 4318234.843, 61
Trd, 4318235.043, 140
Trd, 4318235.893, 140
Trd, 4318237.143, 61
Trd, 4318237.193, 62
Trd, 4318238.343, 61
Trd, 4318239.543, 60
Trd, 4318240.843, 60
Trd, 4318240.993, 60
Trd, 4318241.593, 61
Trd, 4318241.643, 61
Trd, 4318241.943, 62
Trd, 4318242.143, 63
Trd, 4318243.243, 60
Trd, 4318244.343, 62
Trd, 4318244.393, 70
Trd, 4318245.093, 62
Trd, 4318245.143, 61
Trd, 4318245.843, 62
Trd, 4318247.443, 103
Trd, 4318247.593, 104
Trd, 4318248.343, 138
Trd, 4318249.443, 63
Trd, 4318250.043, 62
Trd, 4318250.493, 66
Trd, 4318251.393, 66
Trd, 4318252.343, 61
Trd, 4318252.793, 69
Trd, 4318254.843, 61
Trd, 4318254.993, 62
Trd, 4318255.743, 61
Trd, 4318256.093, 63
Trd, 4318256.293, 73
Trd, 4318256.943, 61
Trd, 4318257.943, 60
Trd, 4318257.993, 63
Trd, 4318258.343, 138
Trd, 4318258.943, 62
Trd, 4318260.193, 61
Trd, 4318260.793, 60
Trd, 4318260.843, 62
Trd, 4318261.343, 60
Trd, 4318262.693, 60
Trd, 4318263.843, 60
Trd, 4318264.943, 62
Trd, 4318265.293, 60
Trd, 4318265.643, 60
Trd, 4318266.093, 62
Trd, 4318266.993, 64
Trd, 4318267.793, 62
Trd, 4318267.843, 60
Trd, 4318268.243, 66
Trd, 4318268.643, 69
Trd, 4318269.193, 140
Trd, 4318269.293, 115
Trd, 4318269.593, 140
Trd, 4318271.543, 140
Trd, 4318271.693, 140
Trd, 4318273.593, 65
Trd, 4318273.993, 67
Trd, 4318274.093, 64
Trd, 4318274.593, 140
Trd, 4318274.843, 61
Trd, 4318275.343, 139
Trd, 4318276.943, 140
Trd, 4318277.043, 140
Trd, 4318277.543, 140
Trd, 4318277.893, 103
Trd, 4318280.243, 140
Trd, 4318280.543, 140
Trd, 4318281.093, 140
Trd, 4318281.193, 140
Trd, 4318281.243, 139
Trd, 4318281.643, 139
Trd, 4318281.893, 138
Trd, 4318283.643, 140
Trd, 4318283.693, 135
Trd, 4318283.793, 126
Trd, 4318284.743, 139
Trd, 4318285.093, 139
Trd, 4318285.743, 140
Trd, 4318286.493, 139
Trd, 4318287.693, 91
Trd, 4318287.893, 127
Trd, 4318288.243, 140
Trd, 4318289.293, 140
Trd, 4318290.393, 140
Trd, 4318290.943, 70
Trd, 4318291.343, 66
Trd, 4318292.043, 63
Trd, 4318292.693, 71
Trd, 4318293.293, 69
Trd, 4318293.393, 62
Trd, 4318293.743, 139
Trd, 4318294.743, 140
Trd, 4318296.993, 140
Trd, 4318297.093, 140
Trd, 4318297.143, 140
Trd, 4318297.543, 140
Trd, 4318298.293, 139
Trd, 4318298.493, 113
Trd, 4318299.443, 109
Trd, 4318300.093, 139
Trd, 4318301.293, 60
Trd, 4318302.143, 60
Trd, 4318302.293, 60
Trd, 4318304.043, 62
Trd, 4318306.043, 62
Trd, 4318306.243, 64
Trd, 4318306.593, 65
Trd, 4318306.743, 67
Trd, 4318307.493, 140
Trd, 4318307.643, 140
Trd, 4318308.993, 139
Trd, 4318309.793, 140
Trd, 4318309.893, 140
Trd, 4318310.143, 139
Trd, 4318310.243, 139
Trd, 4318310.993, 140
Trd, 4318311.643, 140
Trd, 4318311.743, 140
Trd, 4318313.643, 138
Trd, 4318314.443, 139
Trd, 4318314.943, 114
Trd, 4318315.693, 138
Trd, 4318315.943, 81
Trd, 4318316.243, 97
Trd, 4318317.393, 65
Trd, 4318318.293, 60
Trd, 4318318.593, 64
Trd, 4318319.993, 60
Trd, 4318320.343, 60
Trd, 4318321.093, 60
Trd, 4318321.293, 60
Trd, 4318322.493, 60
Trd, 4318322.593, 61
Trd, 4318322.743, 69
Trd, 4318323.793, 69
Trd, 4318324.643, 62
Trd, 4318324.893, 119
Trd, 4318325.543, 115
Trd, 4318325.843, 85
Trd, 4318326.893, 60
Trd, 4318327.293, 61
Trd, 4318328.743, 61
Trd, 4318329.243, 64
Trd, 4318329.793, 66
Trd, 4318331.393, 61
Trd, 4318331.793, 68
Trd, 4318331.993, 63
Trd, 4318332.493, 72
Trd, 4318332.543, 88
Trd, 4318332.893, 68
Trd, 4318333.693, 140
Trd, 4318334.993, 140
Trd, 4318335.493, 140
Trd, 4318335.943, 140
Trd, 4318336.243, 114
Trd, 4318337.193, 140
Trd, 4318337.243, 140
Trd, 4318337.543, 134
Trd, 4318338.593, 62
Trd, 4318339.793, 60
Trd, 4318340.143, 60
Trd, 4318340.893, 66
Trd, 4318341.443, 117
Trd, 4318341.993, 139
Trd, 4318342.793, 140
Trd, 4318343.143, 136
Trd, 4318344.193, 72
Trd, 4318345.343, 63
Trd, 4318345.943, 65
Trd, 4318346.393, 61
Trd, 4318347.193, 62
Trd, 4318347.243, 66
Trd, 4318347.843, 62
Trd, 4318348.243, 69
Trd, 4318349.143, 138
Trd, 4318349.193, 135
Trd, 4318349.643, 93
Trd, 4318351.193, 63
Trd, 4318351.293, 64
Trd, 4318351.493, 61
Trd, 4318352.993, 61
Trd, 4318353.343, 60
Trd, 4318353.643, 61
Trd, 4318353.843, 61
Trd, 4318354.993, 138
Trd, 4318355.493, 93
Trd, 4318355.593, 140
Trd, 4318356.393, 61
Trd, 4318356.693, 72
Trd, 4318357.793, 65
Trd, 4318358.393, 63
Trd, 4318359.393, 61
Trd, 4318360.993, 63
Trd, 4318361.743, 62
Trd, 4318361.793, 62
Trd, 4318362.493, 62
Trd, 4318363.193, 60
Trd, 4318364.093, 64
Trd, 4318364.293, 65
Trd, 4318364.643, 63
Trd, 4318365.643, 63
Trd, 4318365.793, 68
Trd, 4318367.043, 68
Trd, 4318367.543, 67
Trd, 4318367.793, 68
Trd, 4318368.493, 71
Trd, 4318368.793, 64
Trd, 4318369.493, 137
Trd, 4318370.693, 62
Trd, 4318371.943, 66
Trd, 4318372.493, 62
Trd, 4318373.093, 63
Trd, 4318373.393, 140
Trd, 4318373.793, 140
Trd, 4318374.843, 60
Trd, 4318374.943, 60
Trd, 4318375.393, 60
Trd, 4318375.793, 62
Trd, 4318375.993, 74
Trd, 4318376.493, 139
Trd, 4318376.943, 140
Trd, 4318378.293, 61
Trd, 4318378.593, 60
Trd, 4318379.043, 62
Trd, 4318379.343, 140
Trd, 4318381.943, 62
Trd, 4318382.193, 60
Trd, 4318382.443, 63
Trd, 4318382.693, 64
Trd, 4318383.543, 70
Trd, 4318384.143, 61
Trd, 4318384.843, 62
Trd, 4318385.143, 109
Trd, 4318385.943, 62
Trd, 4318386.243, 140
Trd, 4318386.993, 63
Trd, 4318387.343, 139
Trd, 4318387.393, 138
Trd, 4318388.893, 60
Trd, 4318389.343, 62
Trd, 4318390.493, 60
Trd, 4318390.793, 63
Trd, 4318391.193, 60
Trd, 4318391.893, 62
Trd, 4318391.993, 63
Trd, 4318392.193, 140
Trd, 4318393.543, 104
Trd, 4318394.693, 64
Trd, 4318395.343, 63
Trd, 4318395.493, 65
Trd, 4318396.093, 61
Trd, 4318396.243, 60
Trd, 4318397.293, 60
Trd, 4318399.743, 61
Trd, 4318400.293, 61
Trd, 4318400.693, 62
Trd, 4318401.243, 65
Trd, 4318401.543, 60
Trd, 4318401.593, 84
Trd, 4318401.843, 140
Trd, 4318403.393, 62
Trd, 4318403.843, 62
Trd, 4318404.243, 62
Trd, 4318405.843, 60
Trd, 4318406.143, 62
Trd, 4318406.393, 60
Trd, 4318407.843, 62
Trd, 4318408.393, 66
Trd, 4318408.443, 67
Trd, 4318408.743, 138
Trd, 4318409.143, 137
Trd, 4318410.143, 138
Trd, 4318410.993, 140
Trd, 4318411.193, 140
Trd, 4318411.493, 139
Trd, 4318412.043, 140
Trd, 4318412.343, 136
Trd, 4318414.093, 140
Trd, 4318414.393, 140
Trd, 4318415.243, 105
Trd, 4318415.893, 140
Trd, 4318416.793, 140
Trd, 4318417.593, 139
Trd, 4318417.843, 81
Trd, 4318418.343, 85
Trd, 4318419.493, 140
Trd, 4318419.593, 140
Trd, 4318419.943, 139
Trd, 4318421.143, 140
Trd, 4318421.943, 140
Trd, 4318421.993, 138
Trd, 4318422.343, 61
Trd, 4318423.693, 60
Trd, 4318424.493, 62
Trd, 4318424.893, 64
Trd, 4318424.993, 64
Trd, 4318425.443, 101
Trd, 4318426.393, 61
Trd, 4318427.143, 62
Trd, 4318427.993, 60
Trd, 4318428.143, 65
Trd, 4318429.043, 62
Trd, 4318430.193, 60
Trd, 4318430.593, 139
Trd, 4318431.043, 60
Trd, 4318431.493, 62
Trd, 4318431.693, 140
Trd, 4318431.943, 139
Trd, 4318433.493, 60
Trd, 4318433.993, 60
Trd, 4318434.643, 60
Trd, 4318434.843, 61
Trd, 4318435.743, 140
Trd, 4318436.243, 140
Trd, 4318437.093, 140
Trd, 4318437.893, 114
Trd, 4318438.593, 61
Trd, 4318438.693, 60
Trd, 4318439.093, 140
Trd, 4318439.793, 140
Trd, 4318440.143, 140
Trd, 4318440.243, 131
Trd, 4318440.443, 139
Trd, 4318441.393, 140
Trd, 4318441.943, 138
Trd, 4318442.743, 61
Trd, 4318443.643, 66
Trd, 4318445.243, 65
Trd, 4318445.643, 63
Trd, 4318446.543, 140
Trd, 4318446.893, 140
Trd, 4318446.993, 140
Trd, 4318447.043, 139
Trd, 4318447.093, 86
Trd, 4318447.893, 65
Trd, 4318448.293, 139
Trd, 4318449.243, 64
Trd, 4318449.843, 61
Trd, 4318450.343, 138
Trd, 4318450.743, 111
Trd, 4318451.943, 60
Trd, 4318452.143, 66
Trd, 4318453.043, 60
Trd, 4318453.293, 63
Trd, 4318453.693, 139
Trd, 4318454.993, 139
Trd, 4318455.243, 140
Trd, 4318456.543, 140
Trd, 4318457.243, 139
Trd, 4318457.343, 124
Trd, 4318458.993, 61
Trd, 4318459.143, 61
Trd, 4318459.393, 90
Trd, 4318459.643, 140
Trd, 4318460.543, 140
Trd, 4318460.693, 115
Trd, 4318462.243, 63
Trd, 4318462.693, 64
Trd, 4318463.443, 60
Trd, 4318464.643, 61
Trd, 4318465.593, 62
Trd, 4318465.843, 62
Trd, 4318466.193, 61
Trd, 4318466.293, 65
Trd, 4318466.343, 66
Trd, 4318467.443, 60
Trd, 4318467.543, 65
Trd, 4318468.293, 61
Trd, 4318469.043, 64
Trd, 4318469.793, 60
Trd, 4318470.243, 64
Trd, 4318471.193, 140
Trd, 4318471.293, 139
Trd, 4318472.893, 61
Trd, 4318473.493, 70
Trd, 4318474.443, 99
Trd, 4318474.493, 84
Trd, 4318474.893, 140
Trd, 4318475.143, 120
Trd, 4318475.793, 140
Trd, 4318476.843, 60
Trd, 4318477.493, 60
Trd, 4318478.743, 60
Trd, 4318478.993, 60
Trd, 4318479.793, 62
Trd, 4318480.693, 60
Trd, 4318481.043, 60
Trd, 4318481.093, 65
Trd, 4318481.893, 80
Trd, 4318482.993, 62
Trd, 4318483.293, 60
Trd, 4318483.793, 61
Trd, 4318483.993, 65
Trd, 4318484.143, 68
Trd, 4318485.343, 60
Trd, 4318486.093, 66
Trd, 4318486.893, 63
Trd, 4318488.043, 61
Trd, 4318488.343, 60
Trd, 4318488.393, 61
Trd, 4318489.143, 138
Trd, 4318491.343, 60
Trd, 4318491.943, 60
Trd, 4318492.043, 60
Trd, 4318492.093, 64
Trd, 4318493.543, 63
Trd, 4318493.893, 60
Trd, 4318493.943, 63
Trd, 4318494.843, 66
Trd, 4318494.943, 66
Trd, 4318496.893, 60
Trd, 4318496.993, 64
Trd, 4318497.143, 66
Trd, 4318497.293, 138
Trd, 4318498.843, 122
Trd, 4318499.643, 136
Trd, 4318500.243, 123
Trd, 4318500.943, 140
Trd, 4318501.043, 139
Trd, 4318501.093, 119
Trd, 4318502.393, 68
Trd, 4318502.843, 60
Trd, 4318503.193, 61
Trd, 4318504.143, 68
Trd, 4318504.993, 60
Trd, 4318505.343, 64
Trd, 4318506.043, 64
Trd, 4318507.243, 60
Trd, 4318507.393, 60
Trd, 4318509.093, 62
Trd, 4318509.293, 62
Trd, 4318510.343, 60
Trd, 4318511.493, 60
Trd, 4318511.993, 63
Trd, 4318512.343, 91
Trd, 4318512.943, 119
Trd, 4318513.143, 69
Trd, 4318513.343, 140
Trd, 4318514.893, 60
Trd, 4318514.993, 74
Trd, 4318516.943, 62
Trd, 4318518.893, 60
Trd, 4318519.093, 60
Trd, 4318519.393, 61
Trd, 4318519.593, 64
Trd, 4318519.643, 72
Trd, 4318519.993, 60
Trd, 4318520.843, 60
Trd, 4318521.743, 63
Trd, 4318521.793, 65
Trd, 4318523.443, 60
Trd, 4318523.893, 122
Trd, 4318524.743, 139
Trd, 4318525.343, 140
Trd, 4318525.643, 137
Trd, 4318526.643, 140
Trd, 4318526.693, 136
Trd, 4318528.693, 140
Trd, 4318528.993, 140
Trd, 4318529.193, 139
Trd, 4318529.243, 114
Trd, 4318530.243, 140
Trd, 4318530.693, 140
Trd, 4318531.393, 140
Trd, 4318532.243, 63
Trd, 4318532.843, 60
Trd, 4318533.043, 63
Trd, 4318533.943, 61
Trd, 4318534.993, 63
Trd, 4318536.243, 60
Trd, 4318536.743, 61
Trd, 4318536.893, 63
Trd, 4318537.043, 76
Trd, 4318538.193, 114
Trd, 4318538.843, 61
Trd, 4318539.093, 140
Trd, 4318540.043, 140
Trd, 4318540.593, 140
Trd, 4318540.693, 140
Trd, 4318540.943, 137
Trd, 4318542.043, 138
Trd, 4318542.193, 119
Trd, 4318542.343, 139
Trd, 4318542.993, 120
Trd, 4318543.843, 139
Trd, 4318545.493, 140
Trd, 4318545.693, 140
Trd, 4318546.743, 140
Trd, 4318546.893, 140
Trd, 4318547.343, 60
Trd, 4318548.243, 138
Trd, 4318548.543, 138
Trd, 4318549.493, 140
Trd, 4318550.293, 140
Trd, 4318550.343, 118
Trd, 4318552.143, 140
Trd, 4318552.243, 140
Trd, 4318552.743, 140
Trd, 4318552.843, 138
Trd, 4318553.693, 65
Trd, 4318554.293, 140
Trd, 4318556.093, 140
Trd, 4318556.843, 140
Trd, 4318557.393, 140
Trd, 4318557.543, 140
Trd, 4318558.093, 140
Trd, 4318558.493, 140
Trd, 4318559.193, 140
Trd, 4318560.093, 140
Trd, 4318560.243, 140
Trd, 4318560.593, 140
Trd, 4318560.643, 140
Trd, 4318560.893, 139
Trd, 4318561.193, 139
Trd, 4318561.693, 140
Trd, 4318563.543, 140
Trd, 4318565.043, 140
Trd, 4318565.543, 138
Trd, 4318565.793, 137
Trd, 4318565.993, 140
Trd, 4318567.043, 140
Trd, 4318567.443, 103
Trd, 4318568.443, 140
Trd, 4318568.693, 120
Trd, 4318569.143, 140
Trd, 4318569.443, 118
Trd, 4318570.243, 140
Trd, 4318570.393, 140
Trd, 4318570.643, 113
Trd, 4318572.043, 65
Trd, 4318572.643, 62
Trd, 4318572.793, 66
Trd, 4318573.243, 64
Trd, 4318573.743, 60
Trd, 4318574.493, 63
Trd, 4318575.543, 60
Trd, 4318575.593, 60
Trd, 4318576.293, 64
Trd, 4318577.443, 140
Trd, 4318577.593, 140
Trd, 4318577.993, 140
Trd, 4318578.443, 140
Trd, 4318578.893, 140
Trd, 4318579.293, 62
Trd, 4318580.393, 91
Trd, 4318581.243, 80
Trd, 4318581.643, 61
Trd, 4318582.143, 61
Trd, 4318582.293, 62
Trd, 4318582.443, 67
Trd, 4318583.393, 139
Trd, 4318584.243, 60
Trd, 4318585.343, 139
Trd, 4318585.893, 138
Trd, 4318586.893, 140
Trd, 4318587.743, 104
Trd, 4318588.493, 140
Trd, 4318588.993, 140
Trd, 4318589.293, 140
Trd, 4318589.943, 64
Trd, 4318590.743, 139
Trd, 4318590.893, 84
Trd, 4318591.443, 140
Trd, 4318591.993, 139
Trd, 4318592.843, 62
Trd, 4318593.443, 60
Trd, 4318593.843, 140
Trd, 4318594.243, 139
Trd, 4318595.693, 61
Trd, 4318596.593, 60
Trd, 4318596.893, 60
Trd, 4318597.693, 60
Trd, 4318597.743, 61
Trd, 4318599.543, 60
Trd, 4318599.943, 67
Trd, 4318600.493, 61
Trd, 4318600.693, 69
Trd, 4318601.693, 61
Trd, 4318601.843, 63
Trd, 4318602.543, 138
Trd, 4318602.593, 137
Trd, 4318602.693, 68
Trd, 4318603.493, 140
Trd, 4318603.893, 123
Trd, 4318604.743, 139
Trd, 4318605.243, 135
Trd, 4318606.143, 140
Trd, 4318606.393, 74
Trd, 4318607.493, 140
Trd, 4318607.743, 140
Trd, 4318609.193, 140
Trd, 4318609.393, 140
Trd, 4318609.443, 139
Trd, 4318612.343, 140
Trd, 4318612.393, 139
Trd, 4318612.643, 139
Trd, 4318612.743, 140
Trd, 4318613.193, 139
Trd, 4318613.843, 66
Trd, 4318615.593, 60
Trd, 4318616.543, 98
Trd, 4318617.193, 64
Trd, 4318617.343, 101
Trd, 4318618.043, 64
Trd, 4318618.693, 60
Trd, 4318618.743, 72
Trd, 4318620.443, 136
Trd, 4318621.543, 62
Trd, 4318622.243, 63
Trd, 4318622.493, 62
Trd, 4318622.843, 61
Trd, 4318623.443, 63
Trd, 4318624.143, 138
Trd, 4318624.693, 63
Trd, 4318625.093, 66
Trd, 4318625.693, 137
Trd, 4318625.793, 136
Trd, 4318626.443, 65
Trd, 4318628.043, 138
Trd, 4318629.693, 140
Trd, 4318629.743, 140
Trd, 4318630.993, 140
Trd, 4318631.243, 140
Trd, 4318631.293, 139
Trd, 4318631.543, 116
Trd, 4318631.793, 107
Trd, 4318632.643, 140
Trd, 4318633.143, 140
Trd, 4318634.893, 140
Trd, 4318635.043, 139
Trd, 4318635.743, 140
Trd, 4318636.243, 140
Trd, 4318636.693, 140
Trd, 4318636.793, 139
Trd, 4318639.243, 140
Trd, 4318639.293, 140
Trd, 4318639.793, 140
Trd, 4318640.493, 140
Trd, 4318642.593, 140
Trd, 4318642.643, 139
Trd, 4318642.893, 139
Trd, 4318643.343, 140
Trd, 4318643.893, 140
Trd, 4318644.193, 127
Trd, 4318644.593, 97
Trd, 4318645.343, 140
Trd, 4318646.293, 140
Trd, 4318646.343, 140
Trd, 4318646.493, 140
Trd, 4318646.543, 115
Trd, 4318649.643, 61
Trd, 4318649.843, 60
Trd, 4318650.093, 60
Trd, 4318651.493, 60
Trd, 4318651.643, 61
Trd, 4318652.393, 69
Trd, 4318653.043, 60
Trd, 4318654.743, 60
Trd, 4318655.593, 65
Trd, 4318655.793, 66
Trd, 4318655.893, 66
Trd, 4318656.093, 65
Trd, 4318656.493, 61
Trd, 4318657.543, 140
Trd, 4318659.193, 140
Trd, 4318659.543, 140
Trd, 4318659.893, 140
Trd, 4318660.043, 140
Trd, 4318660.493, 140
Trd, 4318660.543, 140
Trd, 4318661.243, 113
Trd, 4318662.493, 60
Trd, 4318663.193, 60
Trd, 4318663.243, 60
Trd, 4318663.693, 61
Trd, 4318664.993, 61
Trd, 4318666.143, 60
Trd, 4318667.093, 63
Trd, 4318667.493, 64
Trd, 4318667.793, 60
Trd, 4318668.443, 60
Trd, 4318668.993, 61
Trd, 4318670.193, 60
Trd, 4318670.693, 61
Trd, 4318671.093, 60
Trd, 4318671.543, 60
Trd, 4318672.043, 63
Trd, 4318672.143, 81
Trd, 4318672.943, 85
Trd, 4318673.643, 61
Trd, 4318675.743, 60
Trd, 4318676.243, 60
Trd, 4318676.693, 61
Trd, 4318677.743, 62
Trd, 4318677.893, 64
Trd, 4318678.043, 62
Trd, 4318678.993, 61
Trd, 4318679.793, 60
Trd, 4318679.943, 79
Trd, 4318680.843, 64
Trd, 4318681.343, 105
Trd, 4318681.393, 123
Trd, 4318682.493, 61
Trd, 4318683.093, 61
Trd, 4318683.893, 62
Trd, 4318684.593, 62
Trd, 4318684.793, 63
Trd, 4318685.493, 60
Trd, 4318685.993, 60
Trd, 4318686.293, 140
Trd, 4318688.193, 60
Trd, 4318688.643, 60
Trd, 4318688.993, 61
Trd, 4318689.893, 61
Trd, 4318690.143, 62
Trd, 4318690.193, 62
Trd, 4318690.743, 70
Trd, 4318691.093, 102
Trd, 4318694.243, 60
Trd, 4318694.343, 64
Trd, 4318694.893, 64
Trd, 4318695.193, 68
Trd, 4318695.743, 70
Trd, 4318696.943, 63
Trd, 4318697.043, 65
Trd, 4318697.743, 66
Trd, 4318698.143, 73
Trd, 4318698.193, 76
Trd, 4318699.293, 96
Trd, 4318699.643, 69
Trd, 4318701.043, 61
Trd, 4318702.543, 60
Trd, 4318702.643, 60
Trd, 4318703.193, 60
Trd, 4318704.093, 64
Trd, 4318704.243, 64
Trd, 4318704.443, 68
Trd, 4318705.343, 64
Trd, 4318705.993, 64
Trd, 4318706.093, 139
Trd, 4318706.993, 138
Trd, 4318707.943, 60
Trd, 4318709.093, 61
Trd, 4318709.393, 63
Trd, 4318709.443, 64
Trd, 4318710.393, 70
Trd, 4318710.493, 128
Trd, 4318710.843, 61
Trd, 4318711.543, 130
Trd, 4318711.643, 121
Trd, 4318713.093, 68
Trd, 4318714.943, 61
Trd, 4318715.293, 63
Trd, 4318716.093, 61
Trd, 4318717.143, 60
Trd, 4318717.243, 60
Trd, 4318717.543, 60
Trd, 4318718.143, 64
Trd, 4318718.393, 65
Trd, 4318718.843, 139
Trd, 4318720.093, 60
Trd, 4318720.443, 60
Trd, 4318720.893, 67
Trd, 4318721.343, 62
Trd, 4318722.843, 74
Trd, 4318723.693, 139
Trd, 4318723.943, 139
Trd, 4318724.643, 63
Trd, 4318725.093, 137
Trd, 4318726.393, 62
Trd, 4318726.843, 60
Trd, 4318727.443, 72
Trd, 4318728.593, 60
Trd, 4318728.793, 61
Trd, 4318729.543, 140
Trd, 4318729.893, 60
Trd, 4318730.293, 62
Trd, 4318731.043, 140
Trd, 4318731.593, 138
Trd, 4318731.793, 139
Trd, 4318732.893, 140
Trd, 4318733.293, 139
Trd, 4318734.293, 138
Trd, 4318734.643, 122
Trd, 4318734.793, 122
Trd, 4318736.543, 140
Trd, 4318736.693, 140
Trd, 4318737.043, 140
Trd, 4318737.293, 139
Trd, 4318737.393, 138
Trd, 4318737.893, 63
Trd, 4318740.043, 137
Trd, 4318740.143, 113
Trd, 4318740.343, 81
Trd, 4318741.093, 139
Trd, 4318741.743, 140
Trd, 4318742.293, 139
Trd, 4318742.693, 88
Trd, 4318742.993, 140
Trd, 4318744.293, 139
Trd, 4318745.293, 93
Trd, 4318745.993, 93
Trd, 4318746.243, 140
Trd, 4318746.893, 140
Trd, 4318747.043, 140
Trd, 4318747.143, 76
Trd, 4318747.793, 140
Trd, 4318749.243, 140
Trd, 4318749.543, 140
Trd, 4318749.743, 138
Trd, 4318750.093, 60
Trd, 4318752.143, 140
Trd, 4318752.293, 60
Trd, 4318752.693, 85
Trd, 4318753.543, 136
Trd, 4318754.193, 97
Trd, 4318755.343, 134
Trd, 4318755.393, 109
Trd, 4318756.393, 110
Trd, 4318756.693, 140
Trd, 4318757.693, 140
Trd, 4318757.943, 140
Trd, 4318758.443, 140
Trd, 4318759.343, 140
Trd, 4318759.643, 138
Trd, 4318760.093, 139
Trd, 4318760.993, 140
Trd, 4318761.443, 140
Trd, 4318762.093, 108
Trd, 4318762.893, 139
Trd, 4318763.293, 104
Trd, 4318764.743, 140
Trd, 4318765.493, 140
Trd, 4318765.693, 140
Trd, 4318765.993, 136
Trd, 4318766.443, 123
Trd, 4318766.743, 115
Trd, 4318767.093, 140
Trd, 4318767.693, 140
Trd, 4318768.993, 140
Trd, 4318769.843, 140
Trd, 4318770.143, 139
Trd, 4318770.343, 139
Trd, 4318770.793, 93
Trd, 4318771.893, 140
Trd, 4318772.343, 140
Trd, 4318772.393, 140
Trd, 4318772.793, 138
Trd, 4318773.443, 140
Trd, 4318774.243, 140
Trd, 4318774.293, 139
Trd, 4318775.943, 140
Trd, 4318776.543, 140
Trd, 4318776.943, 140
Trd, 4318777.493, 117
Trd, 4318778.343, 140
Trd, 4318780.243, 140
Trd, 4318780.543, 140
Trd, 4318781.093, 136
Trd, 4318781.543, 139
Trd, 4318781.693, 121
Trd, 4318783.043, 136
Trd, 4318783.293, 61
Trd, 4318784.543, 139
Trd, 4318784.993, 140
Trd, 4318785.493, 140
Trd, 4318786.343, 140
Trd, 4318786.643, 140
Trd, 4318786.843, 140
Trd, 4318787.643, 140
Trd, 4318788.243, 140
Trd, 4318788.393, 139
Trd, 4318788.943, 138
Trd, 4318789.893, 73
Trd, 4318790.543, 75
Trd, 4318790.943, 68
Trd, 4318791.193, 140
Trd, 4318791.243, 140
Trd, 4318792.543, 140
Trd, 4318793.243, 139
Trd, 4318794.043, 94
Trd, 4318794.343, 95
Trd, 4318794.993, 140
Trd, 4318795.543, 140
Trd, 4318795.693, 139
Trd, 4318796.243, 124
Trd, 4318798.893, 140
Trd, 4318799.193, 140
Trd, 4318799.643, 140
Trd, 4318800.693, 140
Trd, 4318800.793, 140
Trd, 4318801.943, 140
Trd, 4318801.993, 140
Trd, 4318802.143, 140
Trd, 4318803.293, 140
Trd, 4318804.193, 140
Trd, 4318805.293, 139
Trd, 4318805.793, 138
Trd, 4318806.143, 139
Trd, 4318807.043, 140
Trd, 4318807.393, 139
Trd, 4318807.693, 139
Trd, 4318808.493, 140
Trd, 4318809.093, 140
Trd, 4318809.593, 135
Trd, 4318811.293, 140
Trd, 4318812.093, 140
Trd, 4318812.943, 60
Trd, 4318813.443, 67
Trd, 4318814.193, 140
Trd, 4318814.293, 135
Trd, 4318815.993, 63
Trd, 4318816.793, 60
Trd, 4318816.843, 61
Trd, 4318816.993, 64
Trd, 4318817.393, 60
Trd, 4318818.593, 140
Trd, 4318818.643, 80
Trd, 4318819.843, 66
Trd, 4318819.943, 118
Trd, 4318820.943, 140
Trd, 4318820.993, 140
Trd, 4318822.343, 140
Trd, 4318822.393, 140
Trd, 4318823.193, 140
Trd, 4318823.443, 140
Trd, 4318824.393, 140
Trd, 4318824.993, 139
Trd, 4318826.393, 140
Trd, 4318827.293, 140
Trd, 4318828.143, 140
Trd, 4318828.193, 140
Trd, 4318829.093, 140
Trd, 4318829.293, 115
Trd, 4318830.293, 140
Trd, 4318830.743, 140
Trd, 4318831.843, 140
Trd, 4318832.593, 140
Trd, 4318833.543, 140
Trd, 4318834.593, 139
Trd, 4318834.743, 140
Trd, 4318835.443, 136
Trd, 4318836.643, 140
Trd, 4318836.843, 140
Trd, 4318837.343, 140
Trd, 4318838.343, 138
Trd, 4318838.943, 140
Trd, 4318840.093, 140
Trd, 4318840.243, 139
Trd, 4318840.793, 140
Trd, 4318841.093, 140
Trd, 4318841.293, 136
Trd, 4318841.543, 136
Trd, 4318841.693, 104
Trd, 4318842.293, 61
Trd, 4318842.993, 69
Trd, 4318844.143, 140
Trd, 4318845.293, 140
Trd, 4318845.343, 139
Trd, 4318845.693, 69
Trd, 4318845.843, 78
Trd, 4318846.493, 106
Trd, 4318847.193, 83
Trd, 4318847.793, 66
Trd, 4318848.143, 140
Trd, 4318848.393, 140
Trd, 4318849.643, 140
Trd, 4318850.143, 138
Trd, 4318850.643, 64
Trd, 4318851.293, 138
Trd, 4318852.093, 113
Trd, 4318852.793, 62
Trd, 4318853.343, 140
Trd, 4318853.993, 140
Trd, 4318854.593, 140
Trd, 4318855.593, 140
Trd, 4318856.093, 138
Trd, 4318856.243, 139
Trd, 4318857.143, 140
Trd, 4318857.543, 140
Trd, 4318857.593, 140
Trd, 4318858.043, 140
Trd, 4318859.143, 63
Trd, 4318860.843, 60
Trd, 4318861.543, 61
Trd, 4318862.293, 62
Trd, 4318862.493, 62
Trd, 4318863.193, 61
Trd, 4318863.993, 61
Trd, 4318864.143, 62
Trd, 4318864.393, 66
Trd, 4318864.543, 60
Trd, 4318866.543, 137
Trd, 4318866.893, 116
Trd, 4318866.943, 115
Trd, 4318867.043, 111
Trd, 4318868.343, 61
Trd, 4318868.843, 140
Trd, 4318869.193, 140
Trd, 4318870.393, 60
Trd, 4318870.593, 62
Trd, 4318871.543, 97
Trd, 4318872.543, 61
Trd, 4318873.043, 65
Trd, 4318873.293, 61
Trd, 4318873.543, 66
Trd, 4318873.893, 126
Trd, 4318874.893, 125
Trd, 4318875.743, 63
Trd, 4318876.193, 68
Trd, 4318876.443, 60
Trd, 4318877.393, 62
Trd, 4318878.543, 65
Trd, 4318878.793, 62
Trd, 4318879.443, 64
Trd, 4318879.493, 63
Trd, 4318879.593, 62
Trd, 4318880.493, 60
Trd, 4318880.643, 65
Trd, 4318881.093, 61
Trd, 4318882.093, 140
Trd, 4318884.043, 140
Trd, 4318884.643, 140
Trd, 4318885.393, 140
Trd, 4318885.593, 138
Trd, 4318885.693, 137
Trd, 4318887.443, 140
Trd, 4318887.593, 140
Trd, 4318888.093, 140
Trd, 4318889.093, 139
Trd, 4318889.493, 140
Trd, 4318889.543, 140
Trd, 4318890.143, 60
Trd, 4318890.793, 60
Trd, 4318890.943, 70
Trd, 4318892.393, 139
Trd, 4318892.843, 97
Trd, 4318893.293, 61
Trd, 4318893.943, 140
Trd, 4318894.243, 61
Trd, 4318895.043, 89
Trd, 4318895.943, 136
Trd, 4318896.343, 76
Trd, 4318896.393, 67
Trd, 4318897.443, 140
Trd, 4318898.043, 66
Trd, 4318898.093, 67
Trd, 4318898.943, 94
Trd, 4318899.443, 93
Trd, 4318900.093, 135
Trd, 4318900.343, 136
Trd, 4318901.093, 97
Trd, 4318901.893, 66
Trd, 4318902.193, 140
Trd, 4318902.443, 64
Trd, 4318903.093, 139
Trd, 4318904.543, 140
Trd, 4318905.293, 140
Trd, 4318906.043, 140
Trd, 4318906.493, 140
Trd, 4318907.193, 140
Trd, 4318907.993, 140
Trd, 4318908.043, 138
Trd, 4318909.493, 140
Trd, 4318910.643, 139
Trd, 4318911.493, 140
Trd, 4318911.643, 138
Trd, 4318912.243, 140
Trd, 4318913.093, 139
Trd, 4318913.143, 138
Trd, 4318913.193, 113
Trd, 4318915.243, 60
Trd, 4318915.543, 64
Trd, 4318915.843, 90
Trd, 4318915.993, 133
Trd, 4318917.993, 60
Trd, 4318919.093, 61
Trd, 4318919.593, 62
Trd, 4318920.143, 62
Trd, 4318920.193, 65
Trd, 4318920.443, 140
Trd, 4318920.793, 140
Trd, 4318921.193, 60
Trd, 4318921.643, 64
Trd, 4318922.293, 62
Trd, 4318923.693, 60
Trd, 4318924.143, 60
Trd, 4318925.593, 64
Trd, 4318927.543, 60
Trd, 4318927.593, 60
Trd, 4318928.193, 65
Trd, 4318928.393, 66
Trd, 4318928.943, 62
Trd, 4318929.393, 62
Trd, 4318929.543, 140
Trd, 4318931.743, 60
Trd, 4318931.993, 60
Trd, 4318932.743, 60
Trd, 4318933.543, 60
Trd, 4318933.693, 140
Trd, 4318934.193, 140
Trd, 4318935.343, 140
Trd, 4318936.143, 140
Trd, 4318936.293, 140
Trd, 4318936.793, 139
Trd, 4318937.393, 138
Trd, 4318937.993, 135
Trd, 4318938.743, 140
Trd, 4318939.843, 140
Trd, 4318939.943, 139
Trd, 4318940.293, 140
Trd, 4318941.293, 139
Trd, 4318941.843, 133
Trd, 4318942.043, 133
Trd, 4318942.793, 140
Trd, 4318942.843, 140
Trd, 4318943.693, 140
Trd, 4318943.943, 139
Trd, 4318944.343, 137
Trd, 4318945.643, 90
Trd, 4318946.843, 65
Trd, 4318947.443, 61
Trd, 4318948.593, 62
Trd, 4318948.843, 64
Trd, 4318949.643, 63
Trd, 4318950.443, 139
Trd, 4318950.943, 63
Trd, 4318951.143, 131
Trd, 4318951.493, 67
Trd, 4318952.593, 60
Trd, 4318954.143, 60
Trd, 4318954.943, 60
Trd, 4318956.443, 60
Trd, 4318956.893, 61
Trd, 4318956.993, 62
Trd, 4318957.493, 63
Trd, 4318957.593, 60
Trd, 4318958.143, 66
Trd, 4318958.693, 65
Trd, 4318959.143, 62
Trd, 4318959.593, 61
Trd, 4318960.593, 61
Trd, 4318960.693, 63
Trd, 4318961.793, 61
Trd, 4318963.643, 65
Trd, 4318963.743, 69
Trd, 4318964.943, 62
Trd, 4318965.293, 65
Trd, 4318965.793, 61
Trd, 4318965.843, 70
Trd, 4318966.893, 139
Trd, 4318967.893, 140
Trd, 4318968.143, 140
Trd, 4318968.393, 140
Trd, 4318968.893, 139
Trd, 4318969.593, 140
Trd, 4318969.643, 139
Trd, 4318970.493, 93
Trd, 4318971.043, 137
Trd, 4318971.443, 81
Trd, 4318972.693, 60
Trd, 4318972.943, 60
Trd, 4318974.593, 60
Trd, 4318974.843, 62
Trd, 4318975.243, 62
Trd, 4318975.793, 61
Trd, 4318976.043, 60
Trd, 4318977.043, 61
Trd, 4318977.293, 64
Trd, 4318977.993, 61
Trd, 4318978.093, 61
Trd, 4318978.293, 65
Trd, 4318979.293, 69
Trd, 4318979.943, 73
Trd, 4318982.193, 61
Trd, 4318982.543, 60
Trd, 4318983.393, 60
Trd, 4318985.543, 60
Trd, 4318985.843, 60
Trd, 4318986.093, 60
Trd, 4318986.143, 63
Trd, 4318986.793, 63
Trd, 4318987.543, 62
Trd, 4318987.793, 61
Trd, 4318989.343, 60
Trd, 4318990.393, 60
Trd, 4318990.743, 60
Trd, 4318991.443, 60
Trd, 4318992.843, 64
Trd, 4318993.293, 66
Trd, 4318993.393, 72
Trd, 4318993.743, 61
Trd, 4318993.893, 62
Trd, 4318995.043, 60
Trd, 4318996.293, 62
Trd, 4318996.643, 60
Trd, 4318996.793, 71
Trd, 4318998.043, 63
Trd, 4318999.693, 66
Trd, 4318999.993, 63
Trd, 4319000.293, 62
Trd, 4319000.743, 61
Trd, 4319001.443, 62
Trd, 4319003.493, 60
Trd, 4319003.693, 61
Trd, 4319003.893, 63
Trd, 4319003.993, 64
Trd, 4319004.293, 69
Trd, 4319004.643, 61
Trd, 4319004.893, 127
Trd, 4319006.143, 74
Trd, 4319006.643, 139
Trd, 4319007.643, 67
Trd, 4319008.493, 60
Trd, 4319009.893, 61
Trd, 4319009.993, 61
Trd, 4319010.243, 67
Trd, 4319010.643, 61
Trd, 4319010.843, 62
Trd, 4319012.243, 140
Trd, 4319012.643, 140
Trd, 4319012.793, 139
Trd, 4319013.093, 140
Trd, 4319013.443, 140
Trd, 4319014.643, 140
Trd, 4319014.843, 140
Trd, 4319015.043, 117
Trd, 4319015.493, 116
Trd, 4319016.893, 140
Trd, 4319017.743, 61
Trd, 4319018.293, 65
Trd, 4319019.093, 72
Trd, 4319019.993, 140
Trd, 4319020.843, 140
Trd, 4319020.993, 140
Trd, 4319021.343, 140
Trd, 4319021.893, 140
Trd, 4319022.643, 140
Trd, 4319022.843, 140
Trd, 4319024.093, 87
Trd, 4319024.543, 82
Trd, 4319025.293, 68
Trd, 4319025.543, 66
Trd, 4319026.693, 62
Trd, 4319026.793, 75
Trd, 4319027.643, 60
Trd, 4319028.543, 140
Trd, 4319028.793, 139
Trd, 4319029.443, 60
Trd, 4319029.893, 100
Trd, 4319031.543, 63
Trd, 4319032.593, 60
Trd, 4319032.993, 60
Trd, 4319033.343, 61
Trd, 4319033.543, 61
Trd, 4319033.593, 62
Trd, 4319035.743, 60
Trd, 4319035.943, 60
Trd, 4319036.343, 64
Trd, 4319036.693, 63
Trd, 4319036.843, 60
Trd, 4319038.793, 60
Trd, 4319039.743, 62
Trd, 4319040.043, 64
Trd, 4319040.393, 67
Trd, 4319040.943, 67
Trd, 4319041.293, 81
Trd, 4319042.493, 60
Trd, 4319042.943, 66
Trd, 4319043.343, 65
Trd, 4319044.193, 63
Trd, 4319044.543, 67
Trd, 4319044.693, 69
Trd, 4319045.243, 63
Trd, 4319045.993, 75
Trd, 4319046.693, 140
Trd, 4319047.643, 140
Trd, 4319047.943, 139
Trd, 4319048.943, 138
Trd, 4319049.293, 137
Trd, 4319050.243, 139
Trd, 4319050.543, 95
Trd, 4319050.743, 139
Trd, 4319052.243, 140
Trd, 4319052.993, 140
Trd, 4319054.043, 140
Trd, 4319054.343, 139
Trd, 4319054.393, 139
Trd, 4319054.693, 140
Trd, 4319054.993, 139
Trd, 4319055.393, 140
Trd, 4319057.143, 140
Trd, 4319057.643, 140
Trd, 4319058.393, 137
Trd, 4319058.893, 139
Trd, 4319059.193, 137
Trd, 4319059.593, 86
Trd, 4319059.893, 140
Trd, 4319061.343, 140
Trd, 4319061.493, 140
Trd, 4319062.043, 140
Trd, 4319062.943, 140
Trd, 4319064.593, 140
Trd, 4319065.943, 140
Trd, 4319066.343, 139
Trd, 4319067.443, 140
Trd, 4319067.693, 140
Trd, 4319068.643, 138
Trd, 4319069.643, 139
Trd, 4319069.943, 139
Trd, 4319070.093, 139
Trd, 4319070.743, 69
Trd, 4319071.043, 131
Trd, 4319071.243, 66
Trd, 4319071.943, 61
Trd, 4319072.343, 135
Trd, 4319073.443, 107
Trd, 4319073.593, 106
Trd, 4319073.843, 135
Trd, 4319074.393, 139
Trd, 4319074.843, 116
Trd, 4319075.693, 138
Trd, 4319076.793, 140
Trd, 4319077.443, 140
Trd, 4319077.943, 139
Trd, 4319078.843, 140
Trd, 4319079.243, 140
Trd, 4319080.393, 140
Trd, 4319080.543, 113
Trd, 4319081.293, 140
Trd, 4319081.743, 140
Trd, 4319082.393, 140
Trd, 4319082.643, 139
Trd, 4319083.893, 136
Trd, 4319084.543, 134
Trd, 4319085.243, 75
Trd, 4319085.543, 74
Trd, 4319086.143, 140
Trd, 4319087.293, 74
Trd, 4319087.693, 66
Trd, 4319087.743, 120
Trd, 4319088.843, 139
Trd, 4319089.343, 137
Trd, 4319089.493, 137
Trd, 4319089.993, 110
Trd, 4319090.493, 140
Trd, 4319091.843, 140
Trd, 4319092.793, 140
Trd, 4319092.843, 139
Trd, 4319093.293, 138
Trd, 4319093.543, 137
Trd, 4319094.193, 140
Trd, 4319094.543, 140
Trd, 4319095.443, 138
Trd, 4319095.843, 139
Trd, 4319096.093, 126
Trd, 4319096.693, 119
Trd, 4319097.943, 140
Trd, 4319098.393, 140
Trd, 4319098.943, 139
Trd, 4319099.843, 86
Trd, 4319101.193, 140
Trd, 4319101.593, 140
Trd, 4319102.043, 140
Trd, 4319102.543, 140
Trd, 4319102.693, 139
Trd, 4319103.093, 140
Trd, 4319103.143, 107
Trd, 4319104.493, 62
Trd, 4319105.093, 137
Trd, 4319105.643, 140
Trd, 4319107.243, 60
Trd, 4319107.293, 60
Trd, 4319107.393, 66
Trd, 4319107.943, 72
Trd, 4319108.293, 136
Trd, 4319108.993, 77
Trd, 4319109.293, 139
Trd, 4319110.493, 62
Trd, 4319110.693, 75
Trd, 4319112.293, 140
Trd, 4319112.343, 140
Trd, 4319112.843, 140
Trd, 4319113.093, 140
Trd, 4319113.243, 98
Trd, 4319114.893, 140
Trd, 4319115.843, 140
Trd, 4319115.993, 140
Trd, 4319116.143, 139
Trd, 4319116.443, 137
Trd, 4319119.143, 140
Trd, 4319119.393, 140
Trd, 4319119.793, 96
Trd, 4319120.293, 140
Trd, 4319121.043, 65
Trd, 4319121.743, 66
Trd, 4319122.693, 140
Trd, 4319123.143, 70
Trd, 4319124.743, 140
Trd, 4319125.093, 139
Trd, 4319125.393, 60
Trd, 4319125.843, 140
Trd, 4319126.343, 77
Trd, 4319127.293, 140
Trd, 4319128.043, 140
Trd, 4319128.293, 140
Trd, 4319129.443, 140
Trd, 4319130.143, 140
Trd, 4319130.293, 140
Trd, 4319130.743, 140
Trd, 4319131.743, 140
Trd, 4319132.793, 140
Trd, 4319133.543, 140
Trd, 4319133.593, 140
Trd, 4319133.743, 139
Trd, 4319134.793, 121
Trd, 4319136.143, 140
Trd, 4319136.943, 140
Trd, 4319137.393, 140
Trd, 4319137.743, 139
Trd, 4319137.943, 137
Trd, 4319138.593, 122
Trd, 4319139.543, 140
Trd, 4319139.993, 140
Trd, 4319140.643, 61
Trd, 4319141.593, 64
Trd, 4319141.943, 60
Trd, 4319143.443, 60
Trd, 4319143.743, 60
Trd, 4319144.293, 140
Trd, 4319144.493, 140
Trd, 4319145.493, 137
Trd, 4319146.743, 60
Trd, 4319146.993, 60
Trd, 4319147.243, 60
Trd, 4319147.793, 61
Trd, 4319148.093, 63
Trd, 4319148.693, 105
Trd, 4319149.843, 140
Trd, 4319150.193, 60
Trd, 4319150.693, 65
Trd, 4319151.493, 60
Trd, 4319153.393, 61
Trd, 4319153.993, 62
Trd, 4319154.143, 140
Trd, 4319154.843, 60
Trd, 4319155.943, 64
Trd, 4319156.193, 65
Trd, 4319156.893, 139
Trd, 4319157.043, 138
Trd, 4319158.593, 139
Trd, 4319158.793, 138
Trd, 4319159.043, 140
Trd, 4319160.243, 80
Trd, 4319160.443, 122
Trd, 4319160.593, 65
Trd, 4319161.693, 140
Trd, 4319161.993, 140
Trd, 4319162.843, 139
Trd, 4319163.993, 140
Trd, 4319164.043, 140
Trd, 4319164.093, 137
Trd, 4319164.443, 140
Trd, 4319166.543, 140
Trd, 4319166.993, 62
Trd, 4319167.693, 61
Trd, 4319168.843, 61
Trd, 4319168.993, 73
Trd, 4319169.743, 63
Trd, 4319170.243, 63
Trd, 4319170.293, 91
Trd, 4319170.693, 62
Trd, 4319172.443, 60
Trd, 4319173.393, 60
Trd, 4319174.393, 140
Trd, 4319174.593, 64
Trd, 4319174.793, 63
Trd, 4319175.343, 140
Trd, 4319175.793, 140
Trd, 4319175.943, 139
Trd, 4319176.443, 115
Trd, 4319177.993, 140
Trd, 4319178.343, 139
Trd, 4319178.943, 140
Trd, 4319179.093, 138
Trd, 4319179.743, 105
Trd, 4319180.293, 140
Trd, 4319181.893, 140
Trd, 4319182.593, 140
Trd, 4319183.093, 140
Trd, 4319183.193, 139
Trd, 4319183.293, 113
Trd, 4319183.893, 138
Trd, 4319185.143, 140
Trd, 4319185.543, 140
Trd, 4319186.343, 94
Trd, 4319187.093, 140
Trd, 4319187.493, 139
Trd, 4319187.843, 93
Trd, 4319188.843, 63
Trd, 4319189.543, 139
Trd, 4319190.793, 140
Trd, 4319191.043, 140
Trd, 4319191.193, 116
Trd, 4319191.443, 136
Trd, 4319192.043, 112
Trd, 4319192.793, 139
Trd, 4319193.793, 71
Trd, 4319193.843, 84
Trd, 4319194.543, 61
Trd, 4319194.843, 64
Trd, 4319195.993, 60
Trd, 4319197.143, 140
Trd, 4319197.793, 139
Trd, 4319198.093, 137
Trd, 4319198.393, 79
Trd, 4319198.943, 61
Trd, 4319199.293, 61
Trd, 4319201.143, 60
Trd, 4319201.293, 60
Trd, 4319202.393, 61
Trd, 4319202.893, 62
Trd, 4319203.093, 65
Trd, 4319203.743, 139
Trd, 4319204.793, 61
Trd, 4319204.843, 68
Trd, 4319205.093, 140
Trd, 4319205.543, 61
Trd, 4319206.943, 63
Trd, 4319207.493, 67
Trd, 4319208.343, 60
Trd, 4319209.543, 60
Trd, 4319210.543, 64
Trd, 4319210.793, 66
Trd, 4319211.393, 91
Trd, 4319212.843, 60
Trd, 4319214.193, 60
Trd, 4319214.843, 60
Trd, 4319214.893, 61
Trd, 4319215.543, 60
Trd, 4319215.843, 60
Trd, 4319217.143, 60
Trd, 4319217.493, 61
Trd, 4319217.893, 67
Trd, 4319218.443, 61
Trd, 4319219.193, 140
Trd, 4319219.293, 138
Trd, 4319219.693, 67
Trd, 4319221.043, 61
Trd, 4319221.393, 63
Trd, 4319222.743, 140
Trd, 4319222.993, 140
Trd, 4319223.343, 139
Trd, 4319223.443, 137
Trd, 4319223.693, 130
Trd, 4319223.993, 111
Trd, 4319225.443, 137
Trd, 4319225.693, 140
Trd, 4319226.293, 138
Trd, 4319227.293, 140
Trd, 4319229.093, 140
Trd, 4319229.193, 139
Trd, 4319229.893, 140
Trd, 4319230.843, 140
Trd, 4319230.893, 140
Trd, 4319231.193, 140
Trd, 4319231.443, 140
Trd, 4319232.843, 140
Trd, 4319233.543, 140
Trd, 4319233.643, 140
Trd, 4319233.993, 140
Trd, 4319234.393, 98
Trd, 4319234.993, 140
Trd, 4319235.993, 140
Trd, 4319237.443, 140
Trd, 4319237.543, 139
Trd, 4319237.793, 139
Trd, 4319238.143, 137
Trd, 4319239.143, 140
Trd, 4319240.643, 140
Trd, 4319241.193, 140
Trd, 4319241.393, 140
Trd, 4319241.493, 137
Trd, 4319242.443, 61
Trd, 4319243.193, 61
Trd, 4319244.043, 61
Trd, 4319244.743, 140
Trd, 4319244.843, 138
Trd, 4319244.993, 140
Trd, 4319245.443, 140
Trd, 4319246.043, 140
Trd, 4319246.093, 140
Trd, 4319246.193, 140
Trd, 4319246.493, 114
Trd, 4319247.443, 60
Trd, 4319248.243, 140
Trd, 4319249.243, 136
Trd, 4319249.843, 140
Trd, 4319250.993, 69
Trd, 4319251.443, 62
Trd, 4319251.643, 70
Trd, 4319252.143, 100
Trd, 4319253.093, 140
Trd, 4319254.143, 78
Trd, 4319254.843, 62
Trd, 4319255.993, 62
Trd, 4319257.543, 60
Trd, 4319257.593, 60
Trd, 4319257.743, 60
Trd, 4319258.043, 63
Trd, 4319258.993, 60
Trd, 4319259.193, 64
Trd, 4319260.343, 62
Trd, 4319261.443, 66
Trd, 4319262.243, 62
Trd, 4319263.043, 64
Trd, 4319263.393, 67
Trd, 4319263.543, 137
Trd, 4319264.693, 140
Trd, 4319264.993, 139
Trd, 4319265.093, 115
Trd, 4319265.893, 140
Trd, 4319266.393, 140
Trd, 4319266.893, 140
Trd, 4319267.893, 139
Trd, 4319268.043, 123
Trd, 4319269.293, 140
Trd, 4319270.493, 140
Trd, 4319270.693, 140
Trd, 4319270.993, 140
Trd, 4319271.143, 140
Trd, 4319272.093, 140
Trd, 4319272.143, 139
Trd, 4319272.693, 123
Trd, 4319273.493, 139
Trd, 4319276.093, 140
Trd, 4319276.393, 140
Trd, 4319276.543, 140
Trd, 4319277.143, 140
Trd, 4319277.293, 138
Trd, 4319277.393, 136
Trd, 4319277.543, 116
Trd, 4319277.943, 72
Trd, 4319278.243, 67
Trd, 4319278.943, 139
Trd, 4319280.893, 140
Trd, 4319280.943, 140
Trd, 4319281.343, 140
Trd, 4319281.843, 140
Trd, 4319281.943, 139
Trd, 4319282.143, 126
Trd, 4319282.693, 139
Trd, 4319283.393, 140
Trd, 4319283.643, 113
Trd, 4319284.843, 140
Trd, 4319286.243, 140
Trd, 4319286.343, 140
Trd, 4319287.993, 140
Trd, 4319288.343, 140
Trd, 4319289.193, 140
Trd, 4319289.543, 140
Trd, 4319289.893, 139
Trd, 4319290.193, 140
Trd, 4319290.443, 119
Trd, 4319291.343, 60
Trd, 4319292.493, 86
Trd, 4319293.093, 136
Trd, 4319293.643, 139
Trd, 4319293.893, 139
Trd, 4319294.243, 140
Trd, 4319295.543, 140
Trd, 4319296.093, 139
Trd, 4319296.193, 139
Trd, 4319296.943, 140
Trd, 4319296.993, 139
Trd, 4319298.043, 140
Trd, 4319298.443, 138
Trd, 4319298.693, 137
Trd, 4319298.893, 110
Trd, 4319300.643, 140
Trd, 4319301.193, 140
Trd, 4319302.243, 140
Trd, 4319302.743, 140
Trd, 4319303.593, 140
Trd, 4319304.593, 140
Trd, 4319304.893, 140
Trd, 4319305.043, 139
Trd, 4319305.343, 113
Trd, 4319306.543, 140
Trd, 4319306.893, 140
Trd, 4319307.343, 140
Trd, 4319307.543, 139
Trd, 4319307.993, 106
Trd, 4319308.543, 107
Trd, 4319309.193, 140
Trd, 4319310.843, 62
Trd, 4319311.643, 60
Trd, 4319311.993, 61
Trd, 4319313.393, 63
Trd, 4319313.593, 63
Trd, 4319314.343, 63
Trd, 4319314.793, 62
Trd, 4319315.443, 64
Trd, 4319315.493, 64
Trd, 4319316.543, 60
Trd, 4319317.693, 60
Trd, 4319317.793, 60
Trd, 4319319.043, 60
Trd, 4319319.143, 67
Trd, 4319320.843, 60
Trd, 4319321.393, 66
Trd, 4319321.743, 128
Trd, 4319321.843, 133
Trd, 4319321.943, 62
Trd, 4319322.243, 139
Trd, 4319323.193, 65
Trd, 4319324.693, 60
Trd, 4319324.943, 60
Trd, 4319325.093, 63
Trd, 4319326.043, 61
Trd, 4319326.843, 140
Trd, 4319326.943, 140
Trd, 4319327.343, 140
Trd, 4319327.493, 140
Trd, 4319327.593, 71
Trd, 4319328.093, 71
Trd, 4319329.243, 138
Trd, 4319329.293, 137
Trd, 4319331.093, 140
Trd, 4319331.293, 139
Trd, 4319332.143, 103
Trd, 4319332.543, 61
Trd, 4319333.043, 62
Trd, 4319333.993, 66
Trd, 4319334.693, 134
Trd, 4319334.793, 64
Trd, 4319335.093, 66
Trd, 4319336.293, 139
Trd, 4319336.693, 63
Trd, 4319336.793, 64
Trd, 4319337.893, 140
Trd, 4319338.643, 140
Trd, 4319338.943, 140
Trd, 4319339.293, 140
Trd, 4319339.443, 140
Trd, 4319340.443, 138
Trd, 4319341.393, 140
Trd, 4319342.043, 140
Trd, 4319342.143, 138
Trd, 4319342.843, 60
Trd, 4319343.843, 140
Trd, 4319344.593, 140
Trd, 4319345.543, 65
Trd, 4319345.893, 137
Trd, 4319346.643, 66
Trd, 4319347.443, 60
Trd, 4319347.993, 61
Trd, 4319348.293, 66
Trd, 4319349.393, 140
Trd, 4319349.643, 139
Trd, 4319350.193, 140
Trd, 4319350.343, 140
Trd, 4319351.193, 139
Trd, 4319351.993, 139
Trd, 4319352.643, 137
Trd, 4319353.193, 140
Trd, 4319353.793, 61
Trd, 4319354.793, 140
Trd, 4319355.893, 61
Trd, 4319356.043, 64
Trd, 4319356.393, 70
Trd, 4319356.943, 120
Trd, 4319357.893, 140
Trd, 4319358.293, 135
Trd, 4319358.593, 134
Trd, 4319359.793, 62
Trd, 4319359.993, 64
Trd, 4319360.293, 63
Trd, 4319360.893, 140
Trd, 4319362.093, 61
Trd, 4319362.193, 62
Trd, 4319363.393, 60
Trd, 4319364.493, 60
Trd, 4319364.893, 61
Trd, 4319365.043, 61
Trd, 4319365.693, 60
Trd, 4319367.093, 60
Trd, 4319367.893, 63
Trd, 4319368.043, 63
Trd, 4319368.343, 66
Trd, 4319368.943, 61
Trd, 4319369.393, 66
Trd, 4319369.793, 60
Trd, 4319369.893, 132
Trd, 4319371.693, 62
Trd, 4319372.293, 61
Trd, 4319372.543, 62
Trd, 4319373.293, 62
Trd, 4319373.443, 61
Trd, 4319373.893, 140
Trd, 4319374.343, 60
Trd, 4319376.293, 140
Trd, 4319376.643, 140
Trd, 4319377.243, 140
Trd, 4319377.343, 139
Trd, 4319377.793, 140
Trd, 4319377.893, 139
Trd, 4319378.293, 138
Trd, 4319379.143, 140
Trd, 4319379.793, 140
Trd, 4319379.893, 140
Trd, 4319381.043, 140
Trd, 4319381.393, 140
Trd, 4319382.243, 139
Trd, 4319382.443, 138
Trd, 4319382.543, 140
Trd, 4319382.943, 118
Trd, 4319384.643, 140
Trd, 4319384.743, 139
Trd, 4319384.943, 140
Trd, 4319386.593, 139
Trd, 4319387.293, 140
Trd, 4319387.393, 140
Trd, 4319387.543, 140
Trd, 4319389.543, 68
Trd, 4319389.893, 87
Trd, 4319391.093, 62
Trd, 4319391.193, 68
Trd, 4319391.293, 88
Trd, 4319392.193, 140
Trd, 4319392.443, 140
Trd, 4319392.643, 139
Trd, 4319393.443, 119
Trd, 4319394.043, 61
Trd, 4319395.593, 96
Trd, 4319395.793, 85
Trd, 4319397.193, 140
Trd, 4319397.543, 140
Trd, 4319397.593, 140
Trd, 4319398.593, 140
Trd, 4319399.143, 140
Trd, 4319399.193, 140
Trd, 4319399.943, 140
Trd, 4319402.343, 140
Trd, 4319402.493, 140
Trd, 4319402.943, 139
Trd, 4319403.093, 138
Trd, 4319403.643, 120
Trd, 4319404.143, 140
Trd, 4319404.793, 140
Trd, 4319405.993, 140
Trd, 4319406.093, 140
Trd, 4319406.193, 69
Trd, 4319406.493, 140
Trd, 4319406.793, 139
Trd, 4319406.893, 138
Trd, 4319409.693, 140
Trd, 4319409.843, 140
Trd, 4319410.343, 140
Trd, 4319410.543, 139
Trd, 4319411.443, 140
Trd, 4319411.643, 139
Trd, 4319413.493, 140
Trd, 4319413.593, 139
Trd, 4319414.193, 137
Trd, 4319414.293, 128
Trd, 4319414.693, 68
Trd, 4319415.143, 140
Trd, 4319416.193, 100
Trd, 4319416.443, 97
Trd, 4319416.893, 140
Trd, 4319417.393, 88
Trd, 4319418.343, 139
Trd, 4319419.193, 61
Trd, 4319419.643, 61
Trd, 4319420.193, 61
Trd, 4319421.043, 60
Trd, 4319421.143, 61
Trd, 4319421.193, 77
Trd, 4319422.243, 63
Trd, 4319422.943, 140
Trd, 4319422.993, 140
Trd, 4319424.893, 140
Trd, 4319424.943, 138
Trd, 4319425.043, 135
Trd, 4319425.393, 137
Trd, 4319425.543, 137
Trd, 4319427.343, 140
Trd, 4319427.543, 140
Trd, 4319428.293, 78
Trd, 4319428.343, 80
Trd, 4319429.443, 60
Trd, 4319429.893, 140
Trd, 4319430.843, 60
Trd, 4319432.343, 60
Trd, 4319432.543, 78
Trd, 4319433.093, 61
Trd, 4319434.693, 62
Trd, 4319435.193, 60
Trd, 4319435.243, 60
Trd, 4319435.793, 63
Trd, 4319435.893, 66
Trd, 4319436.043, 99
Trd, 4319436.493, 60
Trd, 4319438.093, 62
Trd, 4319438.593, 65
Trd, 4319441.143, 60
Trd, 4319441.843, 60
Trd, 4319442.593, 61
Trd, 4319442.993, 60
Trd, 4319443.343, 61
Trd, 4319443.393, 61
Trd, 4319443.443, 62
Trd, 4319443.843, 60
Trd, 4319444.893, 60
Trd, 4319444.993, 68
Trd, 4319445.843, 139
Trd, 4319446.693, 107
Trd, 4319447.143, 105
Trd, 4319448.993, 140
Trd, 4319450.143, 140
Trd, 4319450.893, 140
Trd, 4319451.343, 140
Trd, 4319451.643, 140
Trd, 4319451.893, 140
Trd, 4319452.043, 139
Trd, 4319452.693, 134
Trd, 4319452.993, 119
Trd, 4319453.593, 140
Trd, 4319454.493, 139
Trd, 4319455.293, 139
Trd, 4319455.643, 119
Trd, 4319456.993, 139
Trd, 4319457.543, 75
Trd, 4319458.193, 140
Trd, 4319458.693, 140
Trd, 4319459.243, 139
Trd, 4319459.443, 135
Trd, 4319460.343, 125
Trd, 4319460.443, 110
Trd, 4319461.643, 60
Trd, 4319463.443, 63
Trd, 4319463.493, 64
Trd, 4319463.943, 65
Trd, 4319464.793, 65
Trd, 4319465.093, 66
Trd, 4319466.143, 61
Trd, 4319466.293, 70
Trd, 4319467.543, 68
Trd, 4319467.693, 128
Trd, 4319468.343, 140
Trd, 4319469.593, 140
Trd, 4319469.843, 140
Trd, 4319470.843, 140
Trd, 4319471.693, 140
Trd, 4319471.943, 140
Trd, 4319472.393, 140
Trd, 4319472.593, 140
Trd, 4319473.093, 140
Trd, 4319474.643, 140
Trd, 4319474.693, 140
Trd, 4319474.743, 139
Trd, 4319475.643, 110
Trd, 4319476.843, 140
Trd, 4319477.543, 137
Trd, 4319477.743, 136
Trd, 4319478.893, 137
Trd, 4319479.143, 137
Trd, 4319479.793, 140
Trd, 4319480.493, 140
Trd, 4319481.893, 140
Trd, 4319483.093, 140
Trd, 4319483.193, 139
Trd, 4319483.943, 140
Trd, 4319484.243, 139
Trd, 4319484.793, 139
Trd, 4319485.543, 140
Trd, 4319486.093, 140
Trd, 4319487.843, 140
Trd, 4319487.893, 140
Trd, 4319488.443, 140
Trd, 4319488.593, 139
Trd, 4319488.843, 139
Trd, 4319489.293, 91
Trd, 4319489.943, 139
Trd, 4319490.543, 140
Trd, 4319492.043, 140
Trd, 4319493.093, 140
Trd, 4319493.143, 140
Trd, 4319494.143, 140
Trd, 4319494.193, 140
Trd, 4319494.593, 139
Trd, 4319495.643, 140
Trd, 4319495.993, 140
Trd, 4319497.343, 140
Trd, 4319498.693, 140
Trd, 4319498.743, 140
Trd, 4319499.143, 140
Trd, 4319500.243, 140
Trd, 4319500.743, 139
Trd, 4319501.043, 139
Trd, 4319501.543, 140
Trd, 4319501.843, 139
Trd, 4319502.743, 140
Trd, 4319502.893, 140
Trd, 4319503.493, 138
Trd, 4319503.693, 137
Trd, 4319504.293, 117
Trd, 4319504.993, 60
Trd, 4319505.393, 62
Trd, 4319506.043, 63
Trd, 4319507.093, 62
Trd, 4319508.593, 60
Trd, 4319508.943, 60
Trd, 4319509.893, 60
Trd, 4319510.393, 60
Trd, 4319510.493, 61
Trd, 4319511.193, 75
Trd, 4319511.493, 102
Trd, 4319512.043, 129
Trd, 4319512.393, 62
Trd, 4319512.943, 62
Trd, 4319513.493, 140
Trd, 4319513.943, 140
Trd, 4319513.993, 139
Trd, 4319514.743, 60
Trd, 4319515.793, 61
Trd, 4319516.393, 139
Trd, 4319516.793, 61
Trd, 4319516.893, 65
Trd, 4319518.993, 60
Trd, 4319520.343, 60
Trd, 4319520.743, 60
Trd, 4319520.793, 62
Trd, 4319521.543, 71
Trd, 4319521.943, 62
Trd, 4319522.993, 60
Trd, 4319523.293, 60
Trd, 4319523.593, 62
Trd, 4319525.193, 60
Trd, 4319525.593, 62
Trd, 4319525.693, 63
Trd, 4319526.243, 63
Trd, 4319527.343, 68
Trd, 4319527.593, 65
Trd, 4319529.443, 140
Trd, 4319529.543, 140
Trd, 4319530.343, 140
Trd, 4319530.993, 140
Trd, 4319531.843, 140
Trd, 4319531.993, 139
Trd, 4319532.543, 139
Trd, 4319532.893, 139
Trd, 4319533.143, 120
Trd, 4319533.343, 91
Trd, 4319534.193, 139
Trd, 4319534.893, 138
Trd, 4319535.693, 138
Trd, 4319537.143, 140
Trd, 4319537.593, 140
Trd, 4319537.693, 140
Trd, 4319537.793, 139
Trd, 4319539.093, 140
Trd, 4319540.193, 140
Trd, 4319540.443, 140
Trd, 4319540.943, 140
Trd, 4319541.393, 139
Trd, 4319541.993, 139
Trd, 4319542.193, 137
Trd, 4319543.943, 60
Trd, 4319543.993, 63
Trd, 4319544.843, 60
Trd, 4319545.693, 62
Trd, 4319546.193, 62
Trd, 4319546.593, 63
Trd, 4319546.843, 88
Trd, 4319547.493, 67
Trd, 4319548.543, 61
Trd, 4319549.143, 60
Trd, 4319549.493, 62
Trd, 4319549.843, 62
Trd, 4319550.643, 60
Trd, 4319552.443, 66
Trd, 4319552.743, 67
Trd, 4319553.043, 65
Trd, 4319553.193, 68
Trd, 4319553.693, 71
Trd, 4319553.993, 90
Trd, 4319554.593, 122
Trd, 4319555.543, 140
Trd, 4319556.043, 140
Trd, 4319556.493, 140
Trd, 4319556.543, 139
Trd, 4319556.993, 66
Trd, 4319557.243, 74
Trd, 4319558.093, 60
Trd, 4319559.443, 60
Trd, 4319559.993, 61
Trd, 4319560.243, 64
Trd, 4319561.043, 65
Trd, 4319561.293, 62
Trd, 4319561.593, 60
Trd, 4319561.843, 61
Trd, 4319562.943, 65
Trd, 4319563.293, 83
Trd, 4319563.493, 140
Trd, 4319564.893, 60
Trd, 4319565.693, 60
Trd, 4319566.093, 67
Trd, 4319566.343, 89
Trd, 4319567.643, 60
Trd, 4319568.693, 61
Trd, 4319569.043, 63
Trd, 4319569.293, 65
Trd, 4319570.393, 130
Trd, 4319572.193, 66
Trd, 4319573.043, 60
Trd, 4319573.443, 61
Trd, 4319573.793, 62
Trd, 4319574.443, 64
Trd, 4319575.393, 140
Trd, 4319575.743, 140
Trd, 4319575.993, 137
Trd, 4319576.143, 137
Trd, 4319576.593, 117
Trd, 4319577.143, 137
Trd, 4319577.193, 105
Trd, 4319578.443, 140
Trd, 4319578.793, 120
Trd, 4319579.893, 140
Trd, 4319580.393, 140
Trd, 4319581.293, 140
Trd, 4319582.693, 140
Trd, 4319582.793, 140
Trd, 4319583.093, 140
Trd, 4319583.493, 138
Trd, 4319584.393, 138
Trd, 4319585.343, 140
Trd, 4319585.793, 140
Trd, 4319585.993, 139
Trd, 4319587.043, 139
Trd, 4319587.293, 139
Trd, 4319588.043, 123
Trd, 4319588.093, 118
Trd, 4319588.193, 115
Trd, 4319588.393, 139
Trd, 4319588.693, 93
Trd, 4319589.743, 124
Trd, 4319590.143, 61
Trd, 4319591.043, 60
Trd, 4319591.443, 140
Trd, 4319592.143, 82
Trd, 4319594.193, 140
Trd, 4319594.693, 140
Trd, 4319595.093, 140
Trd, 4319595.643, 132
Trd, 4319595.743, 131
Trd, 4319595.993, 140
Trd, 4319597.343, 140
Trd, 4319598.943, 140
Trd, 4319599.193, 139
Trd, 4319599.643, 114
Trd, 4319599.843, 61
Trd, 4319600.843, 140
Trd, 4319602.143, 139
Trd, 4319602.293, 138
Trd, 4319602.843, 139
Trd, 4319602.893, 139
Trd, 4319603.343, 62
Trd, 4319603.943, 60
Trd, 4319604.343, 61
Trd, 4319605.043, 66
Trd, 4319605.343, 65
Trd, 4319605.543, 140
Trd, 4319606.143, 69
Trd, 4319606.243, 63
Trd, 4319606.643, 66
Trd, 4319607.743, 138
Trd, 4319608.293, 140
Trd, 4319608.943, 140
Trd, 4319609.743, 140
Trd, 4319610.193, 139
Trd, 4319610.743, 140
Trd, 4319611.893, 140
Trd, 4319612.443, 140
Trd, 4319612.943, 140
Trd, 4319613.493, 139
Trd, 4319614.593, 140
Trd, 4319614.893, 140
Trd, 4319615.243, 139
Trd, 4319615.843, 124
Trd, 4319616.093, 113
Trd, 4319617.643, 140
Trd, 4319617.843, 140
Trd, 4319617.943, 140
Trd, 4319618.143, 140
Trd, 4319620.593, 60
Trd, 4319621.293, 63
Trd, 4319622.543, 60
Trd, 4319622.643, 60
Trd, 4319622.743, 68
Trd, 4319622.793, 69
Trd, 4319623.043, 140
Trd, 4319623.593, 140
Trd, 4319624.393, 97
Trd, 4319625.893, 63
Trd, 4319626.093, 66
Trd, 4319626.293, 60
Trd, 4319626.443, 140
Trd, 4319627.943, 140
Trd, 4319629.443, 140
Trd, 4319630.043, 140
Trd, 4319630.693, 140
Trd, 4319630.743, 140
Trd, 4319631.593, 140
Trd, 4319632.043, 140
Trd, 4319632.743, 140
Trd, 4319632.843, 140
Trd, 4319633.443, 111
Trd, 4319634.193, 98
Trd, 4319635.143, 139
Trd, 4319635.643, 77
Trd, 4319635.693, 76
Trd, 4319636.943, 135
Trd, 4319637.743, 60
Trd, 4319638.043, 62
Trd, 4319638.093, 63
Trd, 4319638.593, 68
Trd, 4319639.243, 62
Trd, 4319639.793, 61
Trd, 4319640.643, 63
Trd, 4319641.793, 64
Trd, 4319641.943, 65
Trd, 4319642.343, 63
Trd, 4319642.693, 62
Trd, 4319643.143, 63
Trd, 4319643.643, 74
Trd, 4319644.993, 62
Trd, 4319646.393, 63
Trd, 4319647.643, 66
Trd, 4319648.243, 63
Trd, 4319648.543, 64
Trd, 4319648.693, 60
Trd, 4319648.743, 72
Trd, 4319649.693, 66
Trd, 4319650.343, 67
Trd, 4319651.343, 64
Trd, 4319651.593, 61
Trd, 4319651.643, 77
Trd, 4319653.693, 60
Trd, 4319653.793, 70
Trd, 4319654.243, 60
Trd, 4319655.643, 62
Trd, 4319655.793, 63
Trd, 4319656.293, 62
Trd, 4319656.643, 140
Trd, 4319656.743, 139
Trd, 4319657.693, 61
Trd, 4319658.093, 65
Trd, 4319659.493, 140
Trd, 4319659.943, 140
Trd, 4319660.093, 140
Trd, 4319660.393, 137
Trd, 4319661.343, 118
Trd, 4319661.643, 140
Trd, 4319661.843, 140
Trd, 4319661.943, 117
Trd, 4319662.043, 140
Trd, 4319663.543, 129
Trd, 4319664.593, 140
Trd, 4319665.343, 140
Trd, 4319666.393, 140
Trd, 4319666.543, 140
Trd, 4319667.093, 140
Trd, 4319667.193, 140
Trd, 4319668.643, 140
Trd, 4319669.943, 140
Trd, 4319670.693, 140
Trd, 4319670.743, 138
Trd, 4319670.793, 115
Trd, 4319671.243, 140
Trd, 4319672.093, 87
Trd, 4319672.743, 64
Trd, 4319672.793, 65
Trd, 4319672.893, 69
Trd, 4319673.193, 66
Trd, 4319673.843, 139
Trd, 4319674.743, 62
Trd, 4319676.843, 64
Trd, 4319677.093, 61
Trd, 4319677.593, 61
Trd, 4319677.693, 62
Trd, 4319677.893, 65
Trd, 4319678.943, 140
Trd, 4319679.393, 140
Trd, 4319680.293, 140
Trd, 4319680.743, 139
Trd, 4319681.293, 113
Trd, 4319681.793, 138
Trd, 4319682.943, 140
Trd, 4319684.293, 140
Trd, 4319684.493, 139
Trd, 4319685.593, 63
Trd, 4319685.743, 69
Trd, 4319687.443, 60
Trd, 4319688.543, 60
Trd, 4319689.193, 63
Trd, 4319689.693, 63
Trd, 4319689.793, 64
Trd, 4319689.843, 65
Trd, 4319691.893, 64
Trd, 4319691.943, 68
Trd, 4319692.243, 65
Trd, 4319692.593, 60
Trd, 4319694.443, 60
Trd, 4319694.693, 60
Trd, 4319695.443, 63
Trd, 4319695.693, 65
Trd, 4319695.993, 69
Trd, 4319696.943, 140
Trd, 4319697.443, 140
Trd, 4319697.493, 139
Trd, 4319698.993, 62
Trd, 4319699.143, 69
Trd, 4319699.493, 140
Trd, 4319699.743, 138
Trd, 4319700.243, 140
Trd, 4319700.293, 140
Trd, 4319700.843, 139
Trd, 4319700.993, 136
Trd, 4319702.993, 60
Trd, 4319703.143, 62
Trd, 4319703.493, 66
Trd, 4319703.843, 66
Trd, 4319704.543, 75
Trd, 4319705.593, 66
Trd, 4319706.043, 61
Trd, 4319706.293, 72
Trd, 4319708.043, 60
Trd, 4319708.493, 61
Trd, 4319708.993, 63
Trd, 4319709.193, 62
Trd, 4319710.093, 62
Trd, 4319711.693, 60
Trd, 4319711.793, 60
Trd, 4319713.143, 62
Trd, 4319713.393, 63
Trd, 4319714.193, 65
Trd, 4319714.493, 73
Trd, 4319715.943, 139
Trd, 4319716.893, 60
Trd, 4319717.643, 62
Trd, 4319717.693, 62
Trd, 4319717.843, 79
Trd, 4319719.393, 64
Trd, 4319719.643, 95
Trd, 4319719.993, 120
Trd, 4319721.293, 65
Trd, 4319721.643, 73
Trd, 4319722.443, 140
Trd, 4319722.843, 140
Trd, 4319722.993, 140
Trd, 4319724.093, 140
Trd, 4319724.693, 140
Trd, 4319725.143, 140
Trd, 4319725.493, 140
Trd, 4319725.643, 61
Trd, 4319726.593, 138
Trd, 4319728.143, 140
Trd, 4319728.793, 140
Trd, 4319729.093, 140
Trd, 4319729.193, 138
Trd, 4319730.293, 140
Trd, 4319732.243, 140
Trd, 4319732.293, 140
Trd, 4319733.093, 139
Trd, 4319733.493, 138
Trd, 4319734.893, 140
Trd, 4319735.043, 140
Trd, 4319735.193, 140
Trd, 4319735.393, 119
Trd, 4319736.693, 140
Trd, 4319737.443, 140
Trd, 4319737.993, 138
Trd, 4319738.343, 139
Trd, 4319738.743, 140
Trd, 4319738.893, 126
Trd, 4319739.743, 60
Trd, 4319740.443, 62
Trd, 4319740.643, 60
Trd, 4319741.193, 131
Trd, 4319741.643, 66
Trd, 4319742.693, 125
Trd, 4319744.243, 63
Trd, 4319745.193, 140
Trd, 4319745.693, 140
Trd, 4319745.793, 140
Trd, 4319746.693, 140
Trd, 4319746.993, 139
Trd, 4319747.093, 115
Trd, 4319748.343, 140
Trd, 4319749.143, 140
Trd, 4319749.293, 139
Trd, 4319749.493, 139
Trd, 4319750.143, 140
Trd, 4319751.143, 140
Trd, 4319752.043, 140
Trd, 4319752.593, 139
Trd, 4319752.693, 118
Trd, 4319753.593, 140
Trd, 4319754.293, 62
Trd, 4319754.843, 61
Trd, 4319756.193, 60
Trd, 4319756.543, 60
Trd, 4319758.493, 61
Trd, 4319759.043, 63
Trd, 4319759.093, 65
Trd, 4319759.393, 60
Trd, 4319760.643, 63
Trd, 4319760.943, 63
Trd, 4319761.493, 140
Trd, 4319762.243, 140
Trd, 4319762.493, 140
Trd, 4319763.143, 140
Trd, 4319763.393, 140
Trd, 4319764.043, 140
Trd, 4319764.193, 140
Trd, 4319765.043, 140
Trd, 4319765.343, 139
Trd, 4319766.093, 139
Trd, 4319766.693, 140
Trd, 4319766.993, 110
Trd, 4319767.193, 60
Trd, 4319768.043, 88
Trd, 4319769.243, 140
Trd, 4319769.293, 137
Trd, 4319770.343, 120
Trd, 4319770.493, 119
Trd, 4319771.743, 140
Trd, 4319771.893, 135
Trd, 4319771.993, 136
Trd, 4319772.643, 62
Trd, 4319773.843, 64
Trd, 4319774.293, 84
Trd, 4319775.493, 140
Trd, 4319776.343, 140
Trd, 4319776.443, 140
Trd, 4319777.443, 140
Trd, 4319777.543, 140
Trd, 4319778.843, 63
Trd, 4319779.393, 60
Trd, 4319779.843, 60
Trd, 4319780.443, 64
Trd, 4319781.393, 65
Trd, 4319781.893, 70
Trd, 4319783.743, 60
Trd, 4319784.543, 60
Trd, 4319784.693, 60
Trd, 4319785.293, 60
Trd, 4319785.593, 61
Trd, 4319785.743, 61
Trd, 4319787.493, 62
Trd, 4319787.693, 60
Trd, 4319787.743, 62
Trd, 4319788.143, 114
Trd, 4319788.643, 90
Trd, 4319789.193, 140
Trd, 4319789.393, 61
Trd, 4319790.493, 140
Trd, 4319791.043, 140
Trd, 4319791.143, 140
Trd, 4319791.593, 140
Trd, 4319792.143, 138
Trd, 4319794.043, 140
Trd, 4319794.243, 140
Trd, 4319794.393, 138
Trd, 4319796.293, 60
Trd, 4319796.343, 62
Trd, 4319796.493, 62
Trd, 4319796.643, 61
Trd, 4319796.843, 110
Trd, 4319797.443, 107
Trd, 4319798.243, 69
Trd, 4319798.493, 64
Trd, 4319799.443, 140
Trd, 4319800.243, 139
Trd, 4319800.643, 138
Trd, 4319800.893, 133
Trd, 4319801.593, 139
Trd, 4319802.243, 117
Trd, 4319802.293, 103
Trd, 4319803.043, 140
Trd, 4319803.393, 140
Trd, 4319804.443, 140
Trd, 4319805.043, 138
Trd, 4319806.793, 61
Trd, 4319806.843, 62
Trd, 4319807.093, 60
Trd, 4319807.393, 121
Trd, 4319808.143, 60
Trd, 4319809.043, 65
Trd, 4319810.143, 63
Trd, 4319810.593, 65
Trd, 4319811.243, 67
Trd, 4319812.343, 140
Trd, 4319812.793, 140
Trd, 4319813.543, 140
Trd, 4319813.593, 140
Trd, 4319813.793, 140
Trd, 4319813.893, 140
Trd, 4319815.293, 140
Trd, 4319816.743, 140
Trd, 4319817.343, 136
Trd, 4319817.593, 134
Trd, 4319817.743, 109
Trd, 4319817.993, 60
Trd, 4319818.393, 60
Trd, 4319818.793, 60
Trd, 4319820.443, 140
Trd, 4319820.493, 137
Trd, 4319821.093, 113
Trd, 4319822.843, 66
Trd, 4319822.993, 62
Trd, 4319823.043, 61
Trd, 4319823.443, 71
Trd, 4319823.743, 135
Trd, 4319824.043, 78
Trd, 4319824.943, 67
Trd, 4319825.793, 60
Trd, 4319826.443, 60
Trd, 4319827.293, 73
Trd, 4319827.893, 60
Trd, 4319828.143, 63
Trd, 4319828.843, 61
Trd, 4319830.343, 62
Trd, 4319830.793, 67
Trd, 4319831.143, 109
Trd, 4319831.743, 65
Trd, 4319831.843, 115
Trd, 4319832.393, 127
Trd, 4319832.443, 77
Trd, 4319833.143, 140
Trd, 4319833.193, 139
Trd, 4319833.743, 113
Trd, 4319834.093, 60
Trd, 4319835.143, 61
Trd, 4319835.543, 60
Trd, 4319835.893, 60
Trd, 4319836.743, 64
Trd, 4319837.793, 67
Trd, 4319838.343, 62
Trd, 4319839.143, 60
Trd, 4319839.743, 62
Trd, 4319840.643, 62
Trd, 4319841.243, 60
Trd, 4319842.093, 60
Trd, 4319842.443, 62
Trd, 4319842.693, 67
Trd, 4319844.743, 140
Trd, 4319845.243, 140
Trd, 4319845.843, 140
Trd, 4319846.343, 140
Trd, 4319846.743, 140
Trd, 4319846.893, 139
Trd, 4319846.943, 136
Trd, 4319847.593, 135
Trd, 4319847.943, 68
Trd, 4319848.593, 60
Trd, 4319849.043, 62
Trd, 4319849.243, 79
Trd, 4319850.343, 140
Trd, 4319850.943, 64
Trd, 4319851.093, 73
Trd, 4319852.043, 60
Trd, 4319852.093, 62
Trd, 4319854.043, 63
Trd, 4319854.293, 62
Trd, 4319854.943, 65
Trd, 4319855.043, 71
Trd, 4319855.293, 77
Trd, 4319857.093, 60
Trd, 4319857.193, 60
Trd, 4319858.793, 61
Trd, 4319859.993, 61
Trd, 4319860.293, 66
Trd, 4319860.543, 69
Trd, 4319861.043, 140
Trd, 4319861.393, 137
Trd, 4319861.743, 136
Trd, 4319863.443, 140
Trd, 4319863.943, 140
Trd, 4319864.043, 140
Trd, 4319864.093, 116
Trd, 4319864.943, 140
Trd, 4319865.293, 139
Trd, 4319866.043, 140
Trd, 4319866.643, 140
Trd, 4319867.843, 139
Trd, 4319868.643, 136
Trd, 4319869.193, 140
Trd, 4319869.443, 140
Trd, 4319870.393, 140
Trd, 4319870.993, 140
Trd, 4319871.143, 139
Trd, 4319872.693, 140
Trd, 4319873.543, 140
Trd, 4319874.043, 97
Trd, 4319874.443, 112
Trd, 4319874.493, 76
Trd, 4319874.643, 139
Trd, 4319874.843, 138
Trd, 4319875.493, 140
Trd, 4319875.793, 60
Trd, 4319877.143, 140
Trd, 4319877.843, 139
Trd, 4319879.643, 62
Trd, 4319879.843, 64
Trd, 4319879.943, 73
Trd, 4319880.143, 75
Trd, 4319881.493, 65
Trd, 4319882.143, 61
Trd, 4319883.043, 61
Trd, 4319883.193, 62
Trd, 4319883.893, 61
Trd, 4319884.893, 65
Trd, 4319885.893, 62
Trd, 4319886.243, 63
Trd, 4319886.743, 64
Trd, 4319887.943, 60
Trd, 4319888.693, 60
Trd, 4319889.343, 61
Trd, 4319890.343, 60
Trd, 4319890.493, 67
Trd, 4319890.993, 67
Trd, 4319891.343, 61
Trd, 4319891.743, 64
Trd, 4319892.493, 68
Trd, 4319893.343, 69
Trd, 4319895.393, 60
Trd, 4319895.693, 61
Trd, 4319896.343, 62
Trd, 4319896.493, 66
Trd, 4319897.043, 60
Trd, 4319898.143, 60
Trd, 4319898.743, 61
Trd, 4319900.293, 61
Trd, 4319900.393, 61
Trd, 4319901.143, 67
Trd, 4319902.043, 63
Trd, 4319902.993, 62
Trd, 4319903.243, 63
Trd, 4319903.943, 84
Trd, 4319904.093, 99
Trd, 4319905.143, 140
Trd, 4319905.643, 139
Trd, 4319905.793, 113
Trd, 4319906.343, 140
Trd, 4319906.443, 72
Trd, 4319907.243, 68
Trd, 4319908.193, 62
Trd, 4319908.593, 70
Trd, 4319909.543, 60
Trd, 4319909.743, 80
Trd, 4319910.843, 64
Trd, 4319912.393, 62
Trd, 4319912.543, 63
Trd, 4319912.893, 67
Trd, 4319913.743, 61
Trd, 4319914.593, 66
Trd, 4319915.543, 61
Trd, 4319916.893, 61
Trd, 4319917.743, 62
Trd, 4319918.143, 66
Trd, 4319918.293, 71
Trd, 4319918.593, 140
Trd, 4319919.093, 140
Trd, 4319919.543, 140
Trd, 4319919.893, 140
Trd, 4319920.343, 140
Trd, 4319921.343, 71
Trd, 4319922.193, 60
Trd, 4319922.593, 63
Trd, 4319922.793, 67
Trd, 4319924.043, 137
Trd, 4319924.743, 139
Trd, 4319924.893, 135
Trd, 4319925.593, 104
Trd, 4319926.293, 140
Trd, 4319927.643, 63
Trd, 4319927.893, 65
Trd, 4319928.443, 60
Trd, 4319929.743, 60
Trd, 4319930.793, 60
Trd, 4319931.593, 61
Trd, 4319931.793, 80
Trd, 4319931.843, 85
Trd, 4319932.393, 68
Trd, 4319932.793, 140
Trd, 4319932.843, 139
Trd, 4319934.043, 139
Trd, 4319934.443, 140
Trd, 4319936.793, 140
Trd, 4319937.143, 140
Trd, 4319937.443, 110
Trd, 4319938.093, 64
Trd, 4319938.193, 63
Trd, 4319938.343, 60
Trd, 4319938.543, 65
Trd, 4319939.443, 60
Trd, 4319940.793, 61
Trd, 4319941.243, 140
Trd, 4319942.243, 66
Trd, 4319943.443, 138
Trd, 4319944.143, 116
Trd, 4319944.393, 139
Trd, 4319945.693, 140
Trd, 4319945.893, 140
Trd, 4319946.543, 140
Trd, 4319946.693, 140
Trd, 4319947.643, 140
Trd, 4319947.993, 140
Trd, 4319948.193, 139
Trd, 4319949.693, 140
Trd, 4319951.193, 140
Trd, 4319951.343, 139
Trd, 4319952.043, 137
Trd, 4319952.343, 137
Trd, 4319952.543, 124
Trd, 4319953.543, 63
Trd, 4319954.643, 62
Trd, 4319954.743, 63
Trd, 4319954.993, 63
Trd, 4319955.543, 137
Trd, 4319957.243, 60
Trd, 4319957.893, 60
Trd, 4319957.943, 68
Trd, 4319958.093, 105
Trd, 4319959.193, 64
Trd, 4319959.793, 140
Trd, 4319960.143, 140
Trd, 4319960.343, 65
Trd, 4319961.243, 63
Trd, 4319962.193, 62
Trd, 4319962.293, 62
Trd, 4319964.643, 60
Trd, 4319964.743, 63
Trd, 4319965.743, 67
Trd, 4319965.793, 68
Trd, 4319966.293, 70
Trd, 4319967.593, 60
Trd, 4319968.043, 61
Trd, 4319968.743, 61
Trd, 4319969.693, 63
Trd, 4319969.743, 82
Trd, 4319970.193, 62
Trd, 4319970.393, 63
Trd, 4319971.693, 140
Trd, 4319972.693, 140
Trd, 4319973.943, 140
Trd, 4319974.943, 140
Trd, 4319974.993, 140
Trd, 4319976.093, 140
Trd, 4319976.143, 140
Trd, 4319976.193, 139
Trd, 4319976.393, 139
Trd, 4319976.893, 140
Trd, 4319978.343, 80
Trd, 4319979.393, 140
Trd, 4319980.543, 140
Trd, 4319981.943, 140
Trd, 4319982.993, 140
Trd, 4319983.143, 140
Trd, 4319983.443, 140
Trd, 4319983.643, 137
Trd, 4319984.243, 139
Trd, 4319985.543, 140
Trd, 4319985.943, 140
Trd, 4319986.343, 139
Trd, 4319986.443, 139
Trd, 4319986.793, 140
Trd, 4319987.393, 128
Trd, 4319988.743, 140
Trd, 4319988.893, 140
Trd, 4319989.893, 140
Trd, 4319990.343, 140
Trd, 4319990.843, 140
Trd, 4319990.993, 140
Trd, 4319991.943, 140
Trd, 4319992.293, 136
Trd, 4319992.593, 140
Trd, 4319993.243, 93
Trd, 4319993.993, 61
Trd, 4319995.643, 140
Trd, 4319995.993, 140
Trd, 4319996.043, 140
Trd, 4319996.093, 139
Trd, 4319996.443, 120
Trd, 4319997.643, 140
Trd, 4319998.193, 140
Trd, 4319998.843, 140
Trd, 4319998.943, 140
Trd, 4319999.893, 140
Trd, 4319999.993, 139
