Trd, 4318137.443, 137
Trd, 4318137.993, 94
Trd, 4318138.643, 91
Trd, 4318138.893, 133
Trd, 4318139.393, 119
Trd, 4318139.543, 139
Trd, 4318139.893, 125
Trd, 4318140.693, 104
Trd, 4318140.893, 103
Trd, 4318142.543, 90
Trd, 4318142.843, 133
Trd, 4318143.743, 124
Trd, 4318144.143, 104
Trd, 4318144.343, 102
Trd, 4318144.643, 85
Trd, 4318146.393, 108
Trd, 4318147.443, 69
Trd, 4318147.693, 110
Trd, 4318148.193, 115
Trd, 4318148.793, 86
Trd, 4318148.943, 62
Trd, 4318151.243, 87
Trd, 4318152.143, 93
Trd, 4318152.843, 79
Trd, 4318153.843, 135
Trd, 4318153.943, 121
Trd, 4318154.093, 87
Trd, 4318154.543, 109
Trd, 4318154.743, 74
Trd, 4318155.693, 78
Trd, 4318156.093, 129
Trd, 4318157.293, 118
Trd, 4318158.043, 117
Trd, 4318158.943, 135
Trd, 4318159.993, 111
Trd, 4318160.593, 125
Trd, 4318161.393, 117
Trd, 4318162.343, 112
Trd, 4318162.543, 95
Trd, 4318162.643, 131
Trd, 4318163.143, 107
Trd, 4318164.643, 82
Trd, 4318164.693, 83
Trd, 4318164.793, 86
Trd, 4318166.293, 114
Trd, 4318167.843, 139
Trd, 4318167.893, 114
Trd, 4318168.993, 134
Trd, 4318169.093, 123
Trd, 4318169.743, 106
Trd, 4318171.443, 102
Trd, 4318172.443, 101
Trd, 4318172.543, 126
Trd, 4318173.043, 75
Trd, 4318173.793, 63
Trd, 4318174.393, 77
Trd, 4318174.443, 110
Trd, 4318175.193, 113
Trd, 4318175.693, 111
Trd, 4318178.943, 131
Trd, 4318179.493, 131
Trd, 4318179.593, 120
Trd, 4318179.693, 87
Trd, 4318180.143, 109
Trd, 4318181.493, 125
Trd, 4318181.643, 107
Trd, 4318183.243, 131
Trd, 4318183.943, 81
Trd, 4318184.593, 100
Trd, 4318184.643, 76
Trd, 4318184.993, 114
Trd, 4318185.043, 91
Trd, 4318185.893, 77
Trd, 4318186.293, 95
Trd, 4318186.793, 92
Trd, 4318187.193, 96
Trd, 4318188.243, 83
Trd, 4318188.693, 78
Trd, 4318190.843, 128
Trd, 4318190.993, 125
Trd, 4318191.093, 106
Trd, 4318191.643, 117
Trd, 4318192.543, 129
Trd, 4318192.943, 121
Trd, 4318194.343, 85
Trd, 4318195.443, 111
Trd, 4318195.693, 129
Trd, 4318196.393, 117
Trd, 4318196.643, 104
Trd, 4318196.743, 95
Trd, 4318198.193, 135
Trd, 4318198.643, 122
Trd, 4318199.143, 121
Trd, 4318199.243, 116
Trd, 4318200.293, 128
Trd, 4318201.093, 123
Trd, 4318201.693, 134
Trd, 4318201.743, 84
Trd, 4318202.193, 78
Trd, 4318203.393, 136
Trd, 4318205.543, 123
Trd, 4318206.943, 110
Trd, 4318207.293, 140
Trd, 4318207.743, 108
Trd, 4318208.693, 128
Trd, 4318209.093, 103
Trd, 4318209.593, 82
Trd, 4318210.193, 95
Trd, 4318210.543, 108
Trd, 4318211.493, 65
Trd, 4318212.943, 84
Trd, 4318213.043, 86
Trd, 4318213.393, 80
Trd, 4318213.743, 85
Trd, 4318214.643, 104
Trd, 4318215.943, 89
Trd, 4318216.043, 121
Trd, 4318216.893, 90
Trd, 4318216.943, 114
Trd, 4318217.493, 86
Trd, 4318218.193, 102
Trd, 4318219.693, 86
Trd, 4318220.293, 83
Trd, 4318221.843, 112
Trd, 4318222.143, 65
Trd, 4318222.293, 69
Trd, 4318223.043, 65
Trd, 4318224.443, 138
Trd, 4318225.243, 129
Trd, 4318225.893, 114
Trd, 4318226.243, 118
Trd, 4318227.993, 111
Trd, 4318229.643, 131
Trd, 4318229.793, 111
Trd, 4318230.093, 104
Trd, 4318230.593, 92
Trd, 4318231.293, 63
Trd, 4318231.343, 75
Trd, 4318232.043, 134
Trd, 4318234.343, 136
Trd, 4318234.993, 102
Trd, 4318235.393, 90
Trd, 4318235.593, 87
Trd, 4318237.143, 88
Trd, 4318237.393, 63
Trd, 4318238.343, 65
Trd, 4318238.443, 92
Trd, 4318239.393, 95
Trd, 4318239.493, 98
Trd, 4318240.693, 105
Trd, 4318241.043, 83
Trd, 4318241.743, 119
Trd, 4318242.943, 67
Trd, 4318243.843, 76
Trd, 4318244.043, 112
Trd, 4318245.193, 119
Trd, 4318245.443, 123
Trd, 4318246.643, 123
Trd, 4318247.043, 72
Trd, 4318249.443, 132
Trd, 4318249.643, 127
Trd, 4318249.993, 121
Trd, 4318250.943, 136
Trd, 4318251.093, 125
Trd, 4318251.693, 136
Trd, 4318252.043, 115
Trd, 4318252.293, 114
Trd, 4318252.993, 90
Trd, 4318255.043, 130
Trd, 4318255.143, 130
Trd, 4318255.993, 131
Trd, 4318256.593, 96
Trd, 4318257.493, 117
Trd, 4318258.893, 109
Trd, 4318259.843, 127
Trd, 4318260.143, 135
Trd, 4318261.243, 139
Trd, 4318262.243, 105
Trd, 4318263.093, 131
Trd, 4318263.893, 85
Trd, 4318264.193, 111
Trd, 4318264.293, 91
Trd, 4318264.593, 82
Trd, 4318265.393, 103
Trd, 4318265.543, 98
Trd, 4318266.143, 96
Trd, 4318266.643, 105
Trd, 4318268.143, 129
Trd, 4318268.343, 116
Trd, 4318268.493, 133
Trd, 4318269.143, 133
Trd, 4318270.643, 95
Trd, 4318272.193, 132
Trd, 4318272.393, 114
Trd, 4318273.093, 128
Trd, 4318275.793, 135
Trd, 4318276.293, 124
Trd, 4318277.443, 135
Trd, 4318277.493, 126
Trd, 4318278.293, 110
Trd, 4318279.493, 115
Trd, 4318280.043, 124
Trd, 4318280.343, 116
Trd, 4318280.893, 117
Trd, 4318280.993, 106
Trd, 4318282.093, 123
Trd, 4318282.793, 118
Trd, 4318282.893, 100
Trd, 4318285.843, 118
Trd, 4318286.093, 96
Trd, 4318286.243, 90
Trd, 4318286.393, 113
Trd, 4318287.243, 133
Trd, 4318287.543, 119
Trd, 4318287.743, 109
Trd, 4318287.943, 90
Trd, 4318288.093, 121
Trd, 4318290.693, 136
Trd, 4318290.993, 125
Trd, 4318291.343, 100
Trd, 4318291.393, 120
Trd, 4318292.943, 122
Trd, 4318293.893, 108
Trd, 4318295.193, 104
Trd, 4318296.143, 116
Trd, 4318297.843, 125
Trd, 4318298.043, 108
Trd, 4318298.293, 104
Trd, 4318298.493, 103
Trd, 4318299.443, 96
Trd, 4318299.693, 115
Trd, 4318300.893, 72
Trd, 4318301.243, 133
Trd, 4318301.693, 134
Trd, 4318302.043, 98
Trd, 4318303.143, 71
Trd, 4318303.493, 99
Trd, 4318303.893, 128
Trd, 4318305.043, 89
Trd, 4318305.193, 94
Trd, 4318305.243, 105
Trd, 4318305.643, 111
Trd, 4318307.743, 90
Trd, 4318308.343, 133
Trd, 4318308.843, 107
Trd, 4318309.393, 80
Trd, 4318310.393, 66
Trd, 4318310.843, 68
Trd, 4318311.293, 65
Trd, 4318311.943, 65
Trd, 4318313.393, 101
Trd, 4318313.493, 115
Trd, 4318313.793, 95
Trd, 4318315.043, 105
Trd, 4318316.543, 68
Trd, 4318316.893, 95
Trd, 4318317.243, 69
Trd, 4318318.243, 114
Trd, 4318318.293, 117
Trd, 4318318.343, 105
Trd, 4318318.693, 88
Trd, 4318319.443, 64
Trd, 4318320.593, 114
Trd, 4318322.193, 64
Trd, 4318322.943, 90
Trd, 4318323.043, 105
Trd, 4318323.143, 81
Trd, 4318323.343, 113
Trd, 4318323.543, 74
Trd, 4318325.243, 135
Trd, 4318325.993, 122
Trd, 4318326.643, 115
Trd, 4318326.693, 114
Trd, 4318327.443, 80
Trd, 4318328.693, 118
Trd, 4318329.743, 80
Trd, 4318330.493, 130
Trd, 4318331.843, 117
Trd, 4318332.843, 110
Trd, 4318332.993, 130
Trd, 4318333.193, 93
Trd, 4318334.443, 140
Trd, 4318334.493, 98
Trd, 4318335.293, 114
Trd, 4318337.293, 119
Trd, 4318337.943, 138
Trd, 4318338.443, 101
Trd, 4318339.243, 106
Trd, 4318340.243, 65
Trd, 4318340.743, 73
Trd, 4318342.043, 101
Trd, 4318343.443, 123
Trd, 4318343.643, 114
Trd, 4318344.293, 102
Trd, 4318344.743, 101
Trd, 4318345.193, 128
Trd, 4318345.243, 126
Trd, 4318345.893, 92
Trd, 4318347.393, 134
Trd, 4318347.993, 114
Trd, 4318348.243, 133
Trd, 4318348.943, 110
Trd, 4318349.443, 121
Trd, 4318351.243, 135
Trd, 4318351.793, 75
Trd, 4318352.043, 130
Trd, 4318352.143, 118
Trd, 4318352.543, 135
Trd, 4318353.143, 140
Trd, 4318354.793, 113
Trd, 4318354.943, 88
Trd, 4318355.943, 124
Trd, 4318356.793, 111
Trd, 4318357.143, 121
Trd, 4318357.693, 105
Trd, 4318357.743, 105
Trd, 4318357.943, 90
Trd, 4318358.993, 61
Trd, 4318359.193, 83
Trd, 4318359.343, 105
Trd, 4318359.693, 109
Trd, 4318359.793, 89
Trd, 4318361.693, 114
Trd, 4318361.743, 109
Trd, 4318361.893, 76
Trd, 4318363.493, 126
Trd, 4318364.143, 120
Trd, 4318364.743, 100
Trd, 4318365.043, 96
Trd, 4318366.043, 89
Trd, 4318366.743, 61
Trd, 4318367.293, 70
Trd, 4318367.343, 81
Trd, 4318368.143, 83
Trd, 4318370.043, 129
Trd, 4318371.543, 116
Trd, 4318372.043, 105
Trd, 4318372.793, 89
Trd, 4318372.943, 120
Trd, 4318373.343, 129
Trd, 4318373.843, 113
Trd, 4318374.543, 115
Trd, 4318375.093, 98
Trd, 4318375.793, 84
Trd, 4318377.843, 74
Trd, 4318378.493, 93
Trd, 4318379.193, 97
Trd, 4318380.193, 114
Trd, 4318380.793, 123
Trd, 4318381.043, 105
Trd, 4318381.293, 95
Trd, 4318382.443, 102
Trd, 4318382.743, 107
Trd, 4318383.093, 82
Trd, 4318383.993, 92
Trd, 4318384.643, 69
Trd, 4318385.443, 71
Trd, 4318386.543, 138
Trd, 4318386.693, 129
Trd, 4318387.593, 128
Trd, 4318387.993, 108
Trd, 4318388.293, 85
Trd, 4318389.793, 107
Trd, 4318390.293, 109
Trd, 4318391.043, 130
Trd, 4318391.093, 127
Trd, 4318392.193, 124
Trd, 4318393.193, 140
Trd, 4318394.843, 140
Trd, 4318395.543, 135
Trd, 4318395.593, 132
Trd, 4318397.043, 98
Trd, 4318397.493, 137
Trd, 4318398.093, 95
Trd, 4318398.343, 94
Trd, 4318398.493, 107
Trd, 4318398.793, 99
Trd, 4318398.843, 86
Trd, 4318400.893, 114
Trd, 4318400.943, 111
Trd, 4318401.493, 116
Trd, 4318402.193, 134
Trd, 4318402.293, 109
Trd, 4318402.393, 64
Trd, 4318402.993, 126
Trd, 4318403.143, 101
Trd, 4318405.343, 105
Trd, 4318405.943, 105
Trd, 4318407.093, 117
Trd, 4318407.693, 116
Trd, 4318408.193, 95
Trd, 4318408.843, 116
Trd, 4318408.993, 108
Trd, 4318409.143, 133
Trd, 4318412.143, 111
Trd, 4318412.493, 107
Trd, 4318413.543, 131
Trd, 4318414.443, 129
Trd, 4318415.293, 128
Trd, 4318415.643, 126
Trd, 4318415.743, 105
Trd, 4318416.343, 92
Trd, 4318417.043, 131
Trd, 4318417.093, 106
Trd, 4318417.443, 99
Trd, 4318418.743, 90
Trd, 4318420.593, 127
Trd, 4318420.643, 84
Trd, 4318420.893, 138
Trd, 4318422.093, 107
Trd, 4318422.593, 86
Trd, 4318422.743, 103
Trd, 4318422.993, 62
Trd, 4318424.343, 109
Trd, 4318424.693, 138
Trd, 4318424.793, 135
Trd, 4318425.793, 82
Trd, 4318426.793, 102
Trd, 4318427.443, 100
Trd, 4318428.543, 125
Trd, 4318429.293, 113
Trd, 4318429.643, 136
Trd, 4318431.043, 131
Trd, 4318431.393, 115
Trd, 4318432.293, 117
Trd, 4318432.393, 120
Trd, 4318433.943, 87
Trd, 4318434.193, 124
Trd, 4318434.493, 102
Trd, 4318435.493, 131
Trd, 4318435.693, 116
Trd, 4318436.193, 135
Trd, 4318436.243, 126
Trd, 4318437.193, 83
Trd, 4318437.243, 106
Trd, 4318437.893, 110
Trd, 4318440.293, 115
Trd, 4318440.843, 101
Trd, 4318441.293, 100
Trd, 4318441.693, 123
Trd, 4318443.093, 127
Trd, 4318444.243, 124
Trd, 4318444.293, 104
Trd, 4318444.993, 127
Trd, 4318445.293, 137
Trd, 4318445.493, 132
Trd, 4318445.743, 110
Trd, 4318447.743, 139
Trd, 4318448.043, 93
Trd, 4318449.243, 138
Trd, 4318449.743, 132
Trd, 4318449.793, 111
Trd, 4318449.993, 134
Trd, 4318450.143, 90
Trd, 4318450.843, 61
Trd, 4318452.093, 139
Trd, 4318454.543, 122
Trd, 4318455.143, 108
Trd, 4318455.393, 101
Trd, 4318455.993, 100
Trd, 4318456.443, 62
Trd, 4318456.993, 89
Trd, 4318457.343, 112
Trd, 4318458.743, 88
Trd, 4318458.993, 78
Trd, 4318459.343, 71
Trd, 4318460.493, 129
Trd, 4318460.843, 111
Trd, 4318462.343, 118
Trd, 4318462.543, 87
Trd, 4318463.093, 113
Trd, 4318463.293, 82
Trd, 4318463.593, 70
Trd, 4318463.943, 63
Trd, 4318465.393, 86
Trd, 4318465.993, 108
Trd, 4318466.843, 77
Trd, 4318466.893, 76
Trd, 4318467.943, 131
Trd, 4318468.443, 134
Trd, 4318469.393, 123
Trd, 4318471.343, 91
Trd, 4318471.493, 126
Trd, 4318472.943, 109
Trd, 4318473.893, 132
Trd, 4318474.143, 97
Trd, 4318474.393, 108
Trd, 4318476.293, 105
Trd, 4318476.393, 115
Trd, 4318477.143, 132
Trd, 4318477.793, 84
Trd, 4318478.743, 100
Trd, 4318480.443, 135
Trd, 4318481.343, 98
Trd, 4318481.793, 113
Trd, 4318482.493, 114
Trd, 4318484.093, 65
Trd, 4318484.243, 60
Trd, 4318484.443, 112
Trd, 4318485.993, 98
Trd, 4318486.643, 131
Trd, 4318486.943, 107
Trd, 4318487.193, 118
Trd, 4318487.493, 82
Trd, 4318487.943, 132
Trd, 4318488.943, 99
Trd, 4318489.593, 130
Trd, 4318490.643, 106
Trd, 4318490.893, 88
Trd, 4318490.943, 102
Trd, 4318491.443, 85
Trd, 4318491.893, 138
Trd, 4318493.443, 79
Trd, 4318493.843, 68
Trd, 4318494.893, 74
Trd, 4318495.493, 96
Trd, 4318495.793, 107
Trd, 4318496.243, 97
Trd, 4318496.743, 70
Trd, 4318499.043, 125
Trd, 4318499.093, 120
Trd, 4318499.393, 134
Trd, 4318500.143, 78
Trd, 4318500.293, 80
Trd, 4318501.993, 107
Trd, 4318502.043, 89
Trd, 4318503.693, 112
Trd, 4318503.943, 83
Trd, 4318504.643, 94
Trd, 4318504.843, 124
Trd, 4318505.693, 95
Trd, 4318505.843, 74
Trd, 4318506.293, 130
Trd, 4318507.693, 63
Trd, 4318508.493, 107
Trd, 4318509.393, 90
Trd, 4318509.843, 115
Trd, 4318511.193, 86
Trd, 4318511.693, 89
Trd, 4318512.593, 120
Trd, 4318512.693, 81
Trd, 4318512.893, 122
Trd, 4318514.093, 140
Trd, 4318515.343, 97
Trd, 4318516.043, 78
Trd, 4318516.443, 112
Trd, 4318516.693, 133
Trd, 4318517.693, 91
Trd, 4318518.043, 117
Trd, 4318518.643, 118
Trd, 4318519.143, 99
Trd, 4318519.693, 118
Trd, 4318520.693, 121
Trd, 4318521.693, 132
Trd, 4318522.493, 129
Trd, 4318522.843, 112
Trd, 4318523.493, 124
Trd, 4318524.843, 87
Trd, 4318525.293, 67
Trd, 4318525.843, 103
Trd, 4318526.043, 63
Trd, 4318526.393, 105
Trd, 4318527.443, 81
Trd, 4318527.593, 72
Trd, 4318528.093, 101
Trd, 4318528.493, 63
Trd, 4318529.293, 79
Trd, 4318529.793, 116
Trd, 4318530.543, 140
Trd, 4318531.893, 80
Trd, 4318532.793, 80
Trd, 4318533.543, 73
Trd, 4318534.043, 112
Trd, 4318534.943, 115
Trd, 4318535.943, 105
Trd, 4318537.093, 127
Trd, 4318537.343, 124
Trd, 4318537.893, 120
Trd, 4318538.093, 119
Trd, 4318538.793, 120
Trd, 4318538.843, 100
Trd, 4318539.393, 122
Trd, 4318540.493, 77
Trd, 4318540.643, 100
Trd, 4318540.943, 87
Trd, 4318543.343, 137
Trd, 4318544.593, 129
Trd, 4318545.193, 88
Trd, 4318545.793, 111
Trd, 4318546.343, 117
Trd, 4318547.143, 95
Trd, 4318547.693, 92
Trd, 4318549.043, 78
Trd, 4318549.543, 64
Trd, 4318549.943, 95
Trd, 4318549.993, 88
Trd, 4318550.593, 100
Trd, 4318550.943, 100
Trd, 4318552.093, 120
Trd, 4318552.693, 139
Trd, 4318553.393, 120
Trd, 4318554.543, 119
Trd, 4318555.643, 136
Trd, 4318556.593, 101
Trd, 4318557.293, 126
Trd, 4318557.593, 133
Trd, 4318558.493, 134
Trd, 4318558.543, 124
Trd, 4318558.643, 113
Trd, 4318558.943, 110
Trd, 4318560.693, 99
Trd, 4318561.943, 117
Trd, 4318562.343, 89
Trd, 4318562.393, 86
Trd, 4318562.993, 89
Trd, 4318563.393, 106
Trd, 4318564.143, 111
Trd, 4318564.693, 74
Trd, 4318565.593, 128
Trd, 4318566.193, 122
Trd, 4318567.043, 119
Trd, 4318567.343, 88
Trd, 4318567.693, 134
Trd, 4318569.043, 95
Trd, 4318569.993, 77
Trd, 4318570.593, 101
Trd, 4318571.193, 101
Trd, 4318571.743, 98
Trd, 4318572.093, 97
Trd, 4318572.993, 98
Trd, 4318573.043, 127
Trd, 4318574.793, 140
Trd, 4318575.143, 111
Trd, 4318575.593, 132
Trd, 4318576.143, 117
Trd, 4318576.243, 105
Trd, 4318579.143, 129
Trd, 4318579.793, 117
Trd, 4318580.093, 104
Trd, 4318580.193, 124
Trd, 4318581.293, 139
Trd, 4318582.143, 128
Trd, 4318582.793, 118
Trd, 4318583.343, 107
Trd, 4318583.843, 93
Trd, 4318584.943, 76
Trd, 4318586.293, 115
Trd, 4318586.543, 119
Trd, 4318586.643, 110
Trd, 4318586.893, 87
Trd, 4318587.993, 130
Trd, 4318588.643, 123
Trd, 4318588.943, 109
Trd, 4318590.143, 104
Trd, 4318590.643, 132
Trd, 4318590.893, 134
Trd, 4318591.293, 129
Trd, 4318592.843, 119
Trd, 4318593.093, 87
Trd, 4318593.393, 87
Trd, 4318595.743, 136
Trd, 4318597.293, 131
Trd, 4318597.943, 138
Trd, 4318598.093, 121
Trd, 4318599.043, 132
Trd, 4318599.293, 89
Trd, 4318599.443, 97
Trd, 4318599.993, 113
Trd, 4318600.143, 70
Trd, 4318600.343, 139
Trd, 4318600.943, 73
Trd, 4318601.743, 136
Trd, 4318602.793, 102
Trd, 4318604.343, 137
Trd, 4318606.593, 132
Trd, 4318607.343, 134
Trd, 4318607.393, 122
Trd, 4318607.543, 112
Trd, 4318608.093, 112
Trd, 4318609.193, 110
Trd, 4318610.143, 128
Trd, 4318611.293, 132
Trd, 4318611.343, 123
Trd, 4318612.243, 135
Trd, 4318612.443, 132
Trd, 4318613.793, 93
Trd, 4318613.843, 83
Trd, 4318614.493, 138
Trd, 4318615.343, 90
Trd, 4318616.643, 134
Trd, 4318616.893, 72
Trd, 4318617.393, 93
Trd, 4318618.593, 88
Trd, 4318619.993, 140
Trd, 4318620.393, 116
Trd, 4318620.743, 119
Trd, 4318620.893, 100
Trd, 4318620.943, 85
Trd, 4318621.843, 95
Trd, 4318623.293, 111
Trd, 4318624.143, 132
Trd, 4318625.643, 129
Trd, 4318625.743, 116
Trd, 4318626.293, 112
Trd, 4318626.893, 137
Trd, 4318627.743, 130
Trd, 4318628.693, 110
Trd, 4318629.093, 82
Trd, 4318629.293, 135
Trd, 4318630.043, 61
Trd, 4318630.093, 62
Trd, 4318630.993, 121
Trd, 4318632.243, 130
Trd, 4318633.443, 124
Trd, 4318633.693, 123
Trd, 4318633.993, 127
Trd, 4318635.043, 137
Trd, 4318635.193, 118
Trd, 4318636.293, 83
Trd, 4318636.943, 125
Trd, 4318637.393, 140
Trd, 4318638.293, 107
Trd, 4318638.443, 98
Trd, 4318638.993, 79
Trd, 4318639.643, 65
Trd, 4318641.093, 67
Trd, 4318641.343, 74
Trd, 4318641.993, 91
Trd, 4318642.393, 98
Trd, 4318644.393, 131
Trd, 4318644.643, 121
Trd, 4318644.743, 123
Trd, 4318646.093, 130
Trd, 4318646.443, 124
Trd, 4318646.643, 106
Trd, 4318647.943, 125
Trd, 4318648.893, 130
Trd, 4318649.793, 122
Trd, 4318651.343, 102
Trd, 4318651.893, 132
Trd, 4318652.293, 122
Trd, 4318653.143, 136
Trd, 4318653.693, 112
Trd, 4318654.093, 118
Trd, 4318654.143, 124
Trd, 4318655.243, 139
Trd, 4318656.443, 135
Trd, 4318656.593, 107
Trd, 4318657.443, 115
Trd, 4318658.143, 123
Trd, 4318658.393, 136
Trd, 4318658.993, 98
Trd, 4318659.043, 95
Trd, 4318659.243, 123
Trd, 4318660.343, 91
Trd, 4318661.193, 85
Trd, 4318661.943, 81
Trd, 4318662.743, 101
Trd, 4318663.193, 69
Trd, 4318663.243, 65
Trd, 4318663.693, 79
Trd, 4318665.993, 119
Trd, 4318666.093, 134
Trd, 4318668.043, 124
Trd, 4318668.643, 117
Trd, 4318668.743, 134
Trd, 4318669.243, 104
Trd, 4318669.593, 114
Trd, 4318670.843, 135
Trd, 4318671.593, 137
Trd, 4318671.643, 118
Trd, 4318671.843, 94
Trd, 4318673.343, 121
Trd, 4318675.043, 121
Trd, 4318675.243, 115
Trd, 4318675.793, 86
Trd, 4318676.093, 75
Trd, 4318676.193, 80
Trd, 4318677.793, 101
Trd, 4318677.843, 116
Trd, 4318678.243, 129
Trd, 4318678.443, 84
Trd, 4318679.243, 137
Trd, 4318679.643, 119
Trd, 4318680.893, 134
Trd, 4318682.043, 116
Trd, 4318683.243, 131
Trd, 4318683.743, 139
Trd, 4318684.093, 88
Trd, 4318684.743, 116
Trd, 4318684.993, 109
Trd, 4318685.193, 131
Trd, 4318685.243, 105
Trd, 4318685.543, 134
Trd, 4318686.493, 63
Trd, 4318686.943, 138
Trd, 4318687.393, 90
Trd, 4318687.943, 118
Trd, 4318688.443, 135
Trd, 4318688.493, 99
Trd, 4318690.193, 65
Trd, 4318691.293, 114
Trd, 4318691.643, 112
Trd, 4318691.893, 102
Trd, 4318693.293, 129
Trd, 4318695.143, 121
Trd, 4318696.293, 126
Trd, 4318696.893, 92
Trd, 4318698.243, 95
Trd, 4318698.893, 66
Trd, 4318699.193, 82
Trd, 4318699.343, 80
Trd, 4318700.393, 131
Trd, 4318700.643, 124
Trd, 4318701.743, 123
Trd, 4318701.843, 114
Trd, 4318703.143, 126
Trd, 4318703.393, 133
Trd, 4318703.593, 121
Trd, 4318703.693, 101
Trd, 4318704.193, 95
Trd, 4318705.043, 95
Trd, 4318705.743, 107
Trd, 4318706.593, 139
Trd, 4318707.293, 112
Trd, 4318707.843, 119
Trd, 4318708.093, 103
Trd, 4318708.843, 106
Trd, 4318709.293, 81
Trd, 4318710.193, 115
Trd, 4318710.293, 97
Trd, 4318710.743, 62
Trd, 4318711.093, 79
Trd, 4318711.893, 119
Trd, 4318712.193, 83
Trd, 4318713.293, 65
Trd, 4318714.343, 121
Trd, 4318714.543, 87
Trd, 4318716.243, 104
Trd, 4318717.543, 130
Trd, 4318717.643, 116
Trd, 4318719.043, 115
Trd, 4318719.293, 109
Trd, 4318719.393, 68
Trd, 4318721.643, 130
Trd, 4318721.743, 75
Trd, 4318722.543, 79
Trd, 4318723.343, 83
Trd, 4318724.143, 137
Trd, 4318725.393, 131
Trd, 4318725.793, 111
Trd, 4318727.343, 118
Trd, 4318727.443, 137
Trd, 4318727.593, 101
Trd, 4318727.893, 88
Trd, 4318728.993, 86
Trd, 4318729.143, 112
Trd, 4318729.293, 85
Trd, 4318731.093, 123
Trd, 4318732.543, 124
Trd, 4318732.893, 133
Trd, 4318734.793, 62
Trd, 4318735.393, 111
Trd, 4318735.593, 86
Trd, 4318736.243, 87
Trd, 4318736.943, 90
Trd, 4318737.793, 130
Trd, 4318738.343, 118
Trd, 4318738.543, 105
Trd, 4318739.643, 102
Trd, 4318740.193, 84
Trd, 4318740.293, 108
Trd, 4318741.443, 82
Trd, 4318742.343, 115
Trd, 4318742.493, 75
Trd, 4318743.993, 111
Trd, 4318744.243, 115
Trd, 4318745.193, 111
Trd, 4318746.343, 94
Trd, 4318746.793, 131
Trd, 4318747.343, 95
Trd, 4318750.043, 132
Trd, 4318750.243, 124
Trd, 4318750.443, 114
Trd, 4318750.493, 99
Trd, 4318751.093, 107
Trd, 4318751.243, 69
Trd, 4318751.893, 99
Trd, 4318752.293, 129
Trd, 4318753.343, 135
Trd, 4318754.193, 123
Trd, 4318755.043, 90
Trd, 4318755.693, 132
Trd, 4318756.093, 82
Trd, 4318756.643, 70
Trd, 4318757.693, 101
Trd, 4318758.743, 79
Trd, 4318759.193, 105
Trd, 4318759.243, 114
Trd, 4318759.343, 72
Trd, 4318759.843, 61
Trd, 4318761.593, 85
Trd, 4318762.943, 105
Trd, 4318763.293, 79
Trd, 4318763.343, 68
Trd, 4318763.493, 80
Trd, 4318764.043, 105
Trd, 4318764.193, 92
Trd, 4318766.243, 83
Trd, 4318766.743, 82
Trd, 4318766.993, 105
Trd, 4318768.693, 125
Trd, 4318770.793, 139
Trd, 4318771.143, 134
Trd, 4318771.343, 120
Trd, 4318771.543, 103
Trd, 4318772.193, 89
Trd, 4318772.643, 85
Trd, 4318772.893, 80
Trd, 4318773.243, 79
Trd, 4318774.043, 72
Trd, 4318776.693, 136
Trd, 4318776.893, 109
Trd, 4318776.993, 106
Trd, 4318778.043, 93
Trd, 4318778.193, 94
Trd, 4318778.943, 76
Trd, 4318779.093, 94
Trd, 4318779.593, 96
Trd, 4318781.193, 81
Trd, 4318781.593, 83
Trd, 4318782.043, 80
Trd, 4318782.093, 72
Trd, 4318782.893, 110
Trd, 4318783.393, 121
Trd, 4318783.993, 122
Trd, 4318784.393, 137
Trd, 4318785.793, 136
Trd, 4318786.193, 105
Trd, 4318786.243, 94
Trd, 4318787.043, 124
Trd, 4318787.793, 97
Trd, 4318787.943, 133
Trd, 4318789.493, 134
Trd, 4318790.643, 130
Trd, 4318791.143, 117
Trd, 4318791.943, 83
Trd, 4318792.193, 89
Trd, 4318792.843, 140
Trd, 4318793.093, 129
Trd, 4318793.793, 107
Trd, 4318795.393, 137
Trd, 4318795.593, 127
Trd, 4318797.343, 140
Trd, 4318797.693, 138
Trd, 4318799.243, 137
Trd, 4318800.643, 137
Trd, 4318800.693, 120
Trd, 4318801.693, 108
Trd, 4318801.743, 123
Trd, 4318802.293, 102
Trd, 4318802.743, 125
Trd, 4318803.193, 113
Trd, 4318804.293, 96
Trd, 4318804.443, 111
Trd, 4318805.343, 119
Trd, 4318805.393, 110
Trd, 4318805.743, 94
Trd, 4318805.843, 73
Trd, 4318807.243, 90
Trd, 4318808.693, 67
Trd, 4318809.193, 119
Trd, 4318809.493, 67
Trd, 4318810.443, 72
Trd, 4318810.593, 65
Trd, 4318811.743, 62
Trd, 4318812.143, 90
Trd, 4318812.343, 99
Trd, 4318813.593, 113
Trd, 4318814.393, 113
Trd, 4318815.943, 116
Trd, 4318816.143, 108
Trd, 4318816.893, 87
Trd, 4318818.243, 113
Trd, 4318818.443, 104
Trd, 4318818.993, 105
Trd, 4318819.393, 88
Trd, 4318819.643, 118
Trd, 4318820.743, 137
Trd, 4318821.043, 134
Trd, 4318821.743, 107
Trd, 4318822.093, 128
Trd, 4318822.993, 140
Trd, 4318823.943, 71
Trd, 4318824.193, 92
Trd, 4318824.743, 106
Trd, 4318824.993, 81
Trd, 4318826.793, 118
Trd, 4318827.443, 118
Trd, 4318827.493, 105
Trd, 4318828.843, 67
Trd, 4318829.743, 102
Trd, 4318830.693, 106
Trd, 4318830.793, 108
Trd, 4318831.743, 129
Trd, 4318832.893, 113
Trd, 4318833.593, 101
Trd, 4318834.593, 108
Trd, 4318835.493, 84
Trd, 4318836.343, 95
Trd, 4318836.693, 90
Trd, 4318837.443, 68
Trd, 4318837.693, 68
Trd, 4318837.743, 103
Trd, 4318839.143, 73
Trd, 4318839.343, 73
Trd, 4318840.893, 72
Trd, 4318840.993, 88
Trd, 4318841.743, 102
Trd, 4318841.793, 96
Trd, 4318842.693, 129
Trd, 4318843.193, 129
Trd, 4318843.993, 106
Trd, 4318845.393, 103
Trd, 4318846.243, 96
Trd, 4318846.393, 138
Trd, 4318847.943, 98
Trd, 4318847.993, 119
Trd, 4318848.143, 87
Trd, 4318848.493, 93
Trd, 4318850.093, 115
Trd, 4318850.593, 117
Trd, 4318851.443, 63
Trd, 4318851.993, 74
Trd, 4318852.443, 87
Trd, 4318853.143, 92
Trd, 4318853.393, 91
Trd, 4318854.543, 95
Trd, 4318854.993, 111
Trd, 4318855.993, 88
Trd, 4318856.293, 74
Trd, 4318856.393, 85
Trd, 4318856.543, 90
Trd, 4318857.543, 66
Trd, 4318858.143, 103
Trd, 4318859.043, 127
Trd, 4318859.293, 92
Trd, 4318859.443, 75
Trd, 4318860.193, 96
Trd, 4318860.643, 79
Trd, 4318862.993, 111
Trd, 4318863.393, 128
Trd, 4318863.993, 116
Trd, 4318864.393, 118
Trd, 4318865.143, 128
Trd, 4318866.843, 77
Trd, 4318867.243, 118
Trd, 4318867.543, 69
Trd, 4318867.793, 122
Trd, 4318868.293, 62
Trd, 4318869.293, 96
Trd, 4318869.343, 84
Trd, 4318870.793, 123
Trd, 4318871.493, 88
Trd, 4318871.643, 98
Trd, 4318872.243, 81
Trd, 4318872.343, 90
Trd, 4318872.893, 69
Trd, 4318874.493, 77
Trd, 4318874.793, 68
Trd, 4318874.943, 99
Trd, 4318876.143, 128
Trd, 4318876.743, 139
Trd, 4318876.993, 120
Trd, 4318878.193, 82
Trd, 4318879.393, 110
Trd, 4318879.693, 85
Trd, 4318879.943, 115
Trd, 4318880.393, 82
Trd, 4318881.193, 91
Trd, 4318881.393, 115
Trd, 4318882.593, 136
Trd, 4318882.793, 114
Trd, 4318883.393, 134
Trd, 4318883.793, 90
Trd, 4318885.593, 129
Trd, 4318886.293, 62
Trd, 4318886.543, 117
Trd, 4318887.493, 129
Trd, 4318888.343, 76
Trd, 4318888.493, 79
Trd, 4318889.343, 78
Trd, 4318889.843, 84
Trd, 4318890.493, 85
Trd, 4318890.543, 72
Trd, 4318891.743, 107
Trd, 4318893.693, 92
Trd, 4318893.743, 84
Trd, 4318893.893, 89
Trd, 4318894.243, 86
Trd, 4318894.393, 95
Trd, 4318894.593, 120
Trd, 4318896.943, 91
Trd, 4318897.043, 92
Trd, 4318897.443, 110
Trd, 4318897.843, 121
Trd, 4318898.593, 79
Trd, 4318899.993, 121
Trd, 4318900.093, 115
Trd, 4318900.743, 126
Trd, 4318901.093, 132
Trd, 4318902.793, 138
Trd, 4318903.693, 109
Trd, 4318904.043, 104
Trd, 4318904.493, 82
Trd, 4318905.193, 109
Trd, 4318905.643, 103
Trd, 4318907.843, 136
Trd, 4318908.593, 105
Trd, 4318908.893, 125
Trd, 4318910.393, 70
Trd, 4318910.543, 132
Trd, 4318911.193, 98
Trd, 4318912.193, 61
Trd, 4318913.043, 63
Trd, 4318913.193, 88
Trd, 4318913.543, 82
Trd, 4318914.043, 89
Trd, 4318915.043, 130
Trd, 4318916.143, 78
Trd, 4318916.743, 118
Trd, 4318917.093, 134
Trd, 4318918.243, 123
Trd, 4318918.743, 120
Trd, 4318919.093, 140
Trd, 4318919.443, 115
Trd, 4318919.743, 95
Trd, 4318920.343, 117
Trd, 4318920.493, 98
Trd, 4318922.243, 82
Trd, 4318922.443, 86
Trd, 4318922.993, 91
Trd, 4318923.443, 124
Trd, 4318923.943, 64
Trd, 4318924.543, 95
Trd, 4318924.693, 83
Trd, 4318924.993, 137
Trd, 4318927.593, 81
Trd, 4318927.943, 122
Trd, 4318928.393, 74
Trd, 4318929.043, 102
Trd, 4318929.293, 101
Trd, 4318929.443, 129
Trd, 4318929.493, 93
Trd, 4318930.643, 100
Trd, 4318931.443, 122
Trd, 4318932.393, 119
Trd, 4318933.043, 115
Trd, 4318933.243, 112
Trd, 4318933.943, 121
Trd, 4318934.743, 117
Trd, 4318934.943, 108
Trd, 4318935.543, 123
Trd, 4318936.143, 86
Trd, 4318936.443, 101
Trd, 4318937.593, 96
Trd, 4318938.493, 93
Trd, 4318939.893, 128
Trd, 4318940.043, 91
Trd, 4318941.443, 124
Trd, 4318941.743, 83
Trd, 4318942.793, 103
Trd, 4318943.543, 122
Trd, 4318944.443, 91
Trd, 4318944.793, 82
Trd, 4318944.943, 72
Trd, 4318945.293, 61
Trd, 4318947.143, 120
Trd, 4318947.793, 79
Trd, 4318948.193, 64
Trd, 4318949.493, 114
Trd, 4318950.043, 126
Trd, 4318950.593, 113
Trd, 4318951.443, 139
Trd, 4318951.993, 67
Trd, 4318952.643, 95
Trd, 4318953.393, 102
Trd, 4318954.393, 127
Trd, 4318954.543, 132
Trd, 4318955.043, 68
Trd, 4318956.543, 126
Trd, 4318957.793, 124
Trd, 4318957.893, 101
Trd, 4318958.393, 133
Trd, 4318959.043, 85
Trd, 4318960.143, 115
Trd, 4318960.543, 128
Trd, 4318960.743, 105
Trd, 4318962.393, 95
Trd, 4318963.343, 117
Trd, 4318963.443, 110
Trd, 4318963.893, 104
Trd, 4318964.093, 102
Trd, 4318965.593, 140
Trd, 4318966.043, 134
Trd, 4318967.643, 139
Trd, 4318967.693, 122
Trd, 4318967.943, 111
Trd, 4318968.393, 108
Trd, 4318969.343, 110
Trd, 4318969.743, 131
Trd, 4318971.893, 108
Trd, 4318974.493, 94
Trd, 4318975.443, 126
Trd, 4318975.543, 124
Trd, 4318975.693, 111
Trd, 4318975.743, 94
Trd, 4318976.493, 78
Trd, 4318978.243, 86
Trd, 4318978.493, 77
Trd, 4318978.893, 62
Trd, 4318979.243, 94
Trd, 4318979.943, 137
Trd, 4318981.543, 113
Trd, 4318981.693, 112
Trd, 4318982.493, 122
Trd, 4318982.543, 74
Trd, 4318983.193, 135
Trd, 4318984.793, 126
Trd, 4318984.993, 123
Trd, 4318985.693, 126
Trd, 4318986.093, 88
Trd, 4318986.143, 94
Trd, 4318987.193, 128
Trd, 4318987.693, 98
Trd, 4318988.793, 138
Trd, 4318989.543, 87
Trd, 4318990.943, 72
Trd, 4318991.943, 121
Trd, 4318991.993, 97
Trd, 4318992.493, 132
Trd, 4318993.243, 68
Trd, 4318993.793, 66
Trd, 4318994.693, 91
Trd, 4318996.243, 104
Trd, 4318996.743, 71
Trd, 4318997.493, 116
Trd, 4318999.443, 140
Trd, 4318999.543, 123
Trd, 4319001.843, 138
Trd, 4319002.193, 128
Trd, 4319003.293, 126
Trd, 4319003.593, 105
Trd, 4319004.443, 100
Trd, 4319004.693, 126
Trd, 4319005.443, 111
Trd, 4319006.043, 132
Trd, 4319007.043, 134
Trd, 4319007.343, 134
Trd, 4319007.543, 119
Trd, 4319008.493, 124
Trd, 4319009.793, 133
Trd, 4319010.543, 128
Trd, 4319010.593, 125
Trd, 4319011.343, 126
Trd, 4319011.543, 127
Trd, 4319012.093, 119
Trd, 4319012.193, 100
Trd, 4319013.093, 132
Trd, 4319013.393, 126
Trd, 4319013.843, 100
Trd, 4319014.343, 79
Trd, 4319016.093, 124
Trd, 4319016.443, 106
Trd, 4319017.093, 129
Trd, 4319017.493, 125
Trd, 4319017.893, 101
Trd, 4319019.093, 91
Trd, 4319020.243, 113
Trd, 4319020.393, 115
Trd, 4319021.143, 83
Trd, 4319022.243, 115
Trd, 4319022.693, 111
Trd, 4319023.143, 107
Trd, 4319023.793, 84
Trd, 4319024.893, 108
Trd, 4319025.093, 71
Trd, 4319025.993, 120
Trd, 4319026.193, 74
Trd, 4319026.393, 78
Trd, 4319029.293, 127
Trd, 4319029.793, 117
Trd, 4319030.043, 98
Trd, 4319030.293, 91
Trd, 4319030.843, 130
Trd, 4319032.943, 138
Trd, 4319034.293, 127
Trd, 4319034.443, 107
Trd, 4319034.793, 98
Trd, 4319035.393, 84
Trd, 4319035.843, 82
Trd, 4319037.093, 109
Trd, 4319038.443, 120
Trd, 4319038.643, 126
Trd, 4319039.493, 139
Trd, 4319039.843, 134
Trd, 4319040.293, 104
Trd, 4319041.343, 133
Trd, 4319041.643, 114
Trd, 4319042.393, 136
Trd, 4319043.093, 117
Trd, 4319044.893, 104
Trd, 4319044.993, 101
Trd, 4319046.143, 137
Trd, 4319046.193, 104
Trd, 4319046.543, 98
Trd, 4319047.343, 133
Trd, 4319047.743, 122
Trd, 4319048.943, 104
Trd, 4319049.743, 60
Trd, 4319050.143, 81
Trd, 4319051.493, 129
Trd, 4319051.893, 128
Trd, 4319052.193, 112
Trd, 4319053.943, 133
Trd, 4319054.793, 116
Trd, 4319055.343, 115
Trd, 4319055.393, 106
Trd, 4319055.593, 104
Trd, 4319055.693, 86
Trd, 4319057.193, 137
Trd, 4319058.693, 107
Trd, 4319058.943, 117
Trd, 4319059.243, 131
Trd, 4319060.393, 124
Trd, 4319061.093, 103
Trd, 4319062.143, 69
Trd, 4319062.593, 77
Trd, 4319062.893, 65
Trd, 4319064.143, 85
Trd, 4319064.993, 91
Trd, 4319065.093, 133
Trd, 4319066.193, 128
Trd, 4319066.243, 121
Trd, 4319066.293, 137
Trd, 4319066.393, 110
Trd, 4319067.143, 92
Trd, 4319067.843, 134
Trd, 4319068.193, 118
Trd, 4319070.743, 123
Trd, 4319070.793, 93
Trd, 4319071.343, 123
Trd, 4319071.593, 128
Trd, 4319072.393, 61
Trd, 4319072.643, 69
Trd, 4319072.793, 103
Trd, 4319074.143, 119
Trd, 4319074.443, 119
Trd, 4319074.543, 113
Trd, 4319074.793, 83
Trd, 4319075.343, 100
Trd, 4319076.143, 100
Trd, 4319076.543, 129
Trd, 4319078.043, 123
Trd, 4319079.393, 109
Trd, 4319079.693, 91
Trd, 4319080.293, 94
Trd, 4319081.143, 138
Trd, 4319081.693, 134
Trd, 4319082.543, 122
Trd, 4319082.793, 123
Trd, 4319082.943, 94
Trd, 4319083.743, 132
Trd, 4319083.993, 72
Trd, 4319084.793, 118
Trd, 4319085.293, 93
Trd, 4319086.443, 128
Trd, 4319087.343, 110
Trd, 4319087.543, 113
Trd, 4319088.343, 128
Trd, 4319090.393, 131
Trd, 4319090.443, 125
Trd, 4319090.593, 105
Trd, 4319092.793, 111
Trd, 4319093.093, 105
Trd, 4319094.043, 80
Trd, 4319094.793, 110
Trd, 4319094.843, 108
Trd, 4319096.843, 125
Trd, 4319096.943, 120
Trd, 4319097.143, 104
Trd, 4319097.593, 92
Trd, 4319097.643, 85
Trd, 4319097.843, 82
Trd, 4319097.993, 103
Trd, 4319098.243, 94
Trd, 4319098.743, 106
Trd, 4319099.943, 137
Trd, 4319100.943, 122
Trd, 4319101.943, 134
Trd, 4319102.193, 131
Trd, 4319103.643, 120
Trd, 4319105.193, 124
Trd, 4319106.443, 120
Trd, 4319106.743, 116
Trd, 4319107.443, 100
Trd, 4319107.993, 83
Trd, 4319108.193, 89
Trd, 4319108.443, 81
Trd, 4319109.193, 133
Trd, 4319111.043, 102
Trd, 4319111.843, 66
Trd, 4319111.943, 99
Trd, 4319112.893, 97
Trd, 4319113.043, 73
Trd, 4319113.593, 139
Trd, 4319114.093, 101
Trd, 4319115.243, 132
Trd, 4319115.593, 118
Trd, 4319116.493, 114
Trd, 4319117.193, 99
Trd, 4319117.543, 92
Trd, 4319118.143, 105
Trd, 4319119.093, 84
Trd, 4319119.693, 105
Trd, 4319119.743, 77
Trd, 4319120.443, 107
Trd, 4319120.493, 78
Trd, 4319121.893, 131
Trd, 4319122.143, 116
Trd, 4319122.643, 109
Trd, 4319122.793, 127
Trd, 4319123.543, 83
Trd, 4319125.093, 114
Trd, 4319125.393, 101
Trd, 4319126.143, 112
Trd, 4319126.243, 108
Trd, 4319126.643, 100
Trd, 4319128.843, 139
Trd, 4319130.343, 138
Trd, 4319130.993, 109
Trd, 4319132.243, 133
Trd, 4319133.493, 104
Trd, 4319133.943, 139
Trd, 4319134.343, 100
Trd, 4319134.543, 108
Trd, 4319136.243, 123
Trd, 4319136.543, 128
Trd, 4319137.543, 125
Trd, 4319138.143, 124
Trd, 4319138.793, 124
Trd, 4319140.093, 92
Trd, 4319140.493, 122
Trd, 4319141.143, 139
Trd, 4319141.543, 114
Trd, 4319141.793, 75
Trd, 4319142.343, 103
Trd, 4319143.893, 134
Trd, 4319145.493, 97
Trd, 4319146.243, 70
Trd, 4319147.243, 94
Trd, 4319148.143, 109
Trd, 4319148.443, 104
Trd, 4319148.843, 77
Trd, 4319149.293, 67
Trd, 4319149.893, 61
Trd, 4319151.293, 76
Trd, 4319152.843, 125
Trd, 4319152.893, 112
Trd, 4319153.343, 99
Trd, 4319153.443, 126
Trd, 4319154.293, 139
Trd, 4319155.843, 109
Trd, 4319156.643, 64
Trd, 4319157.943, 74
Trd, 4319158.743, 69
Trd, 4319159.043, 101
Trd, 4319159.493, 67
Trd, 4319160.393, 104
Trd, 4319160.443, 110
Trd, 4319161.343, 90
Trd, 4319163.243, 136
Trd, 4319163.743, 121
Trd, 4319164.293, 103
Trd, 4319164.393, 86
Trd, 4319165.043, 139
Trd, 4319165.143, 136
Trd, 4319165.893, 128
Trd, 4319166.393, 96
Trd, 4319166.793, 95
Trd, 4319167.943, 120
Trd, 4319168.293, 98
Trd, 4319169.493, 113
Trd, 4319169.793, 131
Trd, 4319169.943, 128
Trd, 4319170.293, 114
Trd, 4319172.243, 115
Trd, 4319172.493, 113
Trd, 4319172.593, 109
Trd, 4319172.693, 94
Trd, 4319172.843, 113
Trd, 4319174.193, 61
Trd, 4319175.343, 101
Trd, 4319177.443, 94
Trd, 4319177.743, 137
Trd, 4319178.743, 138
Trd, 4319179.493, 93
Trd, 4319180.043, 90
Trd, 4319180.543, 124
Trd, 4319181.943, 95
Trd, 4319181.993, 91
Trd, 4319183.093, 134
Trd, 4319183.243, 100
Trd, 4319183.793, 118
Trd, 4319184.493, 91
Trd, 4319184.843, 131
Trd, 4319186.643, 136
Trd, 4319187.393, 135
Trd, 4319187.743, 77
Trd, 4319188.893, 103
Trd, 4319188.943, 125
Trd, 4319188.993, 99
Trd, 4319190.443, 121
Trd, 4319191.043, 125
Trd, 4319192.893, 117
Trd, 4319193.843, 123
Trd, 4319194.193, 76
Trd, 4319194.443, 102
Trd, 4319194.893, 127
Trd, 4319196.643, 125
Trd, 4319198.343, 139
Trd, 4319199.143, 130
Trd, 4319199.243, 120
Trd, 4319199.293, 118
Trd, 4319200.493, 135
Trd, 4319200.643, 109
Trd, 4319200.793, 126
Trd, 4319200.993, 106
Trd, 4319201.743, 135
Trd, 4319202.893, 117
Trd, 4319203.543, 138
Trd, 4319203.843, 123
Trd, 4319205.093, 124
Trd, 4319205.793, 132
Trd, 4319206.393, 130
Trd, 4319207.543, 120
Trd, 4319207.643, 110
Trd, 4319207.693, 128
Trd, 4319208.793, 100
Trd, 4319209.193, 90
Trd, 4319209.893, 112
Trd, 4319210.743, 126
Trd, 4319211.243, 74
Trd, 4319214.093, 132
Trd, 4319214.393, 130
Trd, 4319214.993, 124
Trd, 4319216.293, 132
Trd, 4319216.393, 117
Trd, 4319217.293, 134
Trd, 4319217.993, 105
Trd, 4319219.393, 108
Trd, 4319219.843, 125
Trd, 4319220.293, 96
Trd, 4319221.143, 80
Trd, 4319222.193, 102
Trd, 4319223.093, 135
Trd, 4319224.443, 133
Trd, 4319224.543, 119
Trd, 4319225.143, 92
Trd, 4319225.593, 79
Trd, 4319225.893, 136
Trd, 4319226.343, 117
Trd, 4319227.343, 88
Trd, 4319227.593, 73
Trd, 4319228.343, 118
Trd, 4319228.943, 128
Trd, 4319229.043, 122
Trd, 4319230.343, 75
Trd, 4319230.893, 65
Trd, 4319231.293, 114
Trd, 4319233.093, 132
Trd, 4319233.593, 120
Trd, 4319234.593, 128
Trd, 4319235.843, 116
Trd, 4319235.993, 121
Trd, 4319236.193, 115
Trd, 4319237.443, 131
Trd, 4319237.543, 110
Trd, 4319238.743, 108
Trd, 4319239.593, 126
Trd, 4319240.043, 133
Trd, 4319240.993, 109
Trd, 4319241.443, 120
Trd, 4319243.393, 135
Trd, 4319243.893, 126
Trd, 4319244.243, 111
Trd, 4319244.393, 96
Trd, 4319245.343, 92
Trd, 4319245.793, 138
Trd, 4319246.543, 87
Trd, 4319246.643, 139
Trd, 4319248.143, 101
Trd, 4319248.943, 119
Trd, 4319249.243, 102
Trd, 4319249.443, 95
Trd, 4319251.643, 126
Trd, 4319253.143, 134
Trd, 4319253.293, 114
Trd, 4319253.793, 95
Trd, 4319254.293, 126
Trd, 4319254.543, 96
Trd, 4319257.643, 125
Trd, 4319258.093, 138
Trd, 4319258.443, 130
Trd, 4319259.293, 110
Trd, 4319259.343, 111
Trd, 4319260.343, 129
Trd, 4319261.243, 110
Trd, 4319261.643, 130
Trd, 4319262.993, 137
Trd, 4319263.143, 132
Trd, 4319263.693, 117
Trd, 4319263.843, 107
Trd, 4319264.843, 113
Trd, 4319265.593, 122
Trd, 4319265.743, 106
Trd, 4319267.343, 128
Trd, 4319267.693, 96
Trd, 4319269.743, 131
Trd, 4319269.993, 118
Trd, 4319270.343, 137
Trd, 4319270.593, 109
Trd, 4319270.943, 87
Trd, 4319272.543, 89
Trd, 4319273.093, 109
Trd, 4319273.743, 92
Trd, 4319273.893, 118
Trd, 4319274.143, 133
Trd, 4319275.543, 126
Trd, 4319275.893, 91
Trd, 4319276.743, 97
Trd, 4319277.293, 116
Trd, 4319277.493, 96
Trd, 4319277.843, 88
Trd, 4319277.893, 87
Trd, 4319279.593, 106
Trd, 4319280.743, 84
Trd, 4319281.393, 133
Trd, 4319283.543, 124
Trd, 4319283.593, 99
Trd, 4319284.543, 123
Trd, 4319284.643, 97
Trd, 4319285.043, 85
Trd, 4319285.493, 124
Trd, 4319286.393, 126
Trd, 4319286.793, 132
Trd, 4319286.993, 116
Trd, 4319287.843, 119
Trd, 4319288.493, 131
Trd, 4319289.943, 135
Trd, 4319290.243, 115
Trd, 4319291.743, 139
Trd, 4319292.043, 114
Trd, 4319292.243, 111
Trd, 4319293.293, 133
Trd, 4319293.543, 133
Trd, 4319293.693, 125
Trd, 4319294.543, 119
Trd, 4319294.993, 101
Trd, 4319295.543, 128
Trd, 4319295.943, 135
Trd, 4319299.393, 133
Trd, 4319299.493, 113
Trd, 4319300.393, 124
Trd, 4319300.543, 112
Trd, 4319300.993, 104
Trd, 4319301.843, 108
Trd, 4319302.193, 102
Trd, 4319302.593, 114
Trd, 4319303.093, 90
Trd, 4319304.143, 114
Trd, 4319305.693, 123
Trd, 4319305.793, 126
Trd, 4319306.293, 98
Trd, 4319306.493, 118
Trd, 4319306.893, 93
Trd, 4319307.693, 106
Trd, 4319307.843, 81
Trd, 4319308.293, 119
Trd, 4319308.943, 134
Trd, 4319310.543, 120
Trd, 4319311.543, 138
Trd, 4319311.593, 124
Trd, 4319312.243, 121
Trd, 4319312.343, 114
Trd, 4319312.443, 101
Trd, 4319315.043, 120
Trd, 4319315.893, 116
Trd, 4319316.393, 107
Trd, 4319316.543, 72
Trd, 4319316.993, 79
Trd, 4319317.393, 80
Trd, 4319319.043, 116
Trd, 4319320.743, 140
Trd, 4319321.043, 131
Trd, 4319321.093, 129
Trd, 4319321.943, 113
Trd, 4319322.293, 98
Trd, 4319323.893, 92
Trd, 4319324.143, 96
Trd, 4319324.693, 111
Trd, 4319325.043, 101
Trd, 4319325.243, 116
Trd, 4319326.843, 110
Trd, 4319327.293, 73
Trd, 4319328.443, 78
Trd, 4319328.543, 90
Trd, 4319329.843, 128
Trd, 4319330.793, 99
Trd, 4319331.543, 88
Trd, 4319332.243, 133
Trd, 4319332.793, 97
Trd, 4319333.793, 139
Trd, 4319334.893, 109
Trd, 4319335.143, 101
Trd, 4319335.993, 102
Trd, 4319336.293, 99
Trd, 4319337.143, 85
Trd, 4319337.593, 78
Trd, 4319338.193, 118
Trd, 4319339.243, 118
Trd, 4319340.593, 111
Trd, 4319341.943, 82
Trd, 4319342.793, 78
Trd, 4319343.343, 85
Trd, 4319343.493, 118
Trd, 4319343.843, 136
Trd, 4319345.293, 108
Trd, 4319345.743, 132
Trd, 4319345.843, 106
Trd, 4319346.493, 140
Trd, 4319347.243, 136
Trd, 4319348.093, 126
Trd, 4319348.593, 140
Trd, 4319348.843, 125
Trd, 4319350.893, 122
Trd, 4319351.293, 121
Trd, 4319352.043, 120
Trd, 4319353.093, 99
Trd, 4319354.093, 132
Trd, 4319354.393, 111
Trd, 4319354.643, 137
Trd, 4319355.243, 133
Trd, 4319355.843, 99
Trd, 4319356.493, 102
Trd, 4319357.643, 138
Trd, 4319357.843, 129
Trd, 4319358.093, 104
Trd, 4319359.543, 110
Trd, 4319360.443, 138
Trd, 4319360.793, 129
Trd, 4319361.443, 130
Trd, 4319362.243, 124
Trd, 4319362.693, 131
Trd, 4319362.843, 132
Trd, 4319363.193, 129
Trd, 4319364.393, 100
Trd, 4319365.993, 133
Trd, 4319366.793, 120
Trd, 4319367.843, 109
Trd, 4319367.893, 99
Trd, 4319368.443, 116
Trd, 4319369.443, 92
Trd, 4319369.893, 85
Trd, 4319370.143, 115
Trd, 4319371.043, 126
Trd, 4319371.243, 136
Trd, 4319372.193, 64
Trd, 4319373.143, 129
Trd, 4319373.193, 126
Trd, 4319374.343, 132
Trd, 4319374.543, 133
Trd, 4319374.943, 125
Trd, 4319375.393, 103
Trd, 4319377.443, 84
Trd, 4319378.143, 69
Trd, 4319378.243, 131
Trd, 4319379.043, 88
Trd, 4319380.093, 117
Trd, 4319380.893, 84
Trd, 4319381.793, 99
Trd, 4319382.043, 120
Trd, 4319382.443, 91
Trd, 4319383.043, 89
Trd, 4319383.993, 123
Trd, 4319384.243, 138
Trd, 4319384.343, 112
Trd, 4319385.243, 122
Trd, 4319386.093, 108
Trd, 4319387.343, 61
Trd, 4319388.093, 112
Trd, 4319388.593, 115
Trd, 4319388.643, 99
Trd, 4319389.243, 67
Trd, 4319389.443, 121
Trd, 4319390.043, 105
Trd, 4319392.293, 113
Trd, 4319393.093, 109
Trd, 4319393.293, 107
Trd, 4319394.243, 87
Trd, 4319394.343, 87
Trd, 4319394.393, 121
Trd, 4319394.593, 85
Trd, 4319396.543, 116
Trd, 4319396.843, 98
Trd, 4319398.093, 107
Trd, 4319398.793, 127
Trd, 4319398.843, 123
Trd, 4319400.293, 127
Trd, 4319400.743, 94
Trd, 4319400.943, 70
Trd, 4319401.743, 121
Trd, 4319403.143, 91
Trd, 4319403.443, 118
Trd, 4319404.193, 121
Trd, 4319405.193, 103
Trd, 4319405.743, 86
Trd, 4319406.293, 128
Trd, 4319406.343, 100
Trd, 4319408.343, 112
Trd, 4319408.543, 105
Trd, 4319408.643, 97
Trd, 4319408.893, 112
Trd, 4319410.093, 101
Trd, 4319410.143, 91
Trd, 4319410.543, 81
Trd, 4319410.893, 94
Trd, 4319413.093, 106
Trd, 4319413.493, 85
Trd, 4319414.193, 124
Trd, 4319414.543, 128
Trd, 4319416.093, 140
Trd, 4319416.493, 119
Trd, 4319417.393, 103
Trd, 4319417.593, 86
Trd, 4319418.043, 74
Trd, 4319418.393, 84
Trd, 4319420.043, 95
Trd, 4319421.343, 136
Trd, 4319421.693, 134
Trd, 4319421.893, 130
Trd, 4319422.493, 82
Trd, 4319423.043, 82
Trd, 4319423.643, 91
Trd, 4319424.643, 75
Trd, 4319424.843, 78
Trd, 4319425.493, 110
Trd, 4319426.243, 108
Trd, 4319426.693, 123
Trd, 4319428.343, 132
Trd, 4319428.843, 127
Trd, 4319429.693, 100
Trd, 4319430.343, 109
Trd, 4319431.243, 81
Trd, 4319431.643, 103
Trd, 4319433.243, 75
Trd, 4319433.843, 140
Trd, 4319433.943, 67
Trd, 4319434.443, 127
Trd, 4319434.543, 110
Trd, 4319436.343, 83
Trd, 4319436.643, 97
Trd, 4319437.293, 133
Trd, 4319437.793, 114
Trd, 4319438.343, 112
Trd, 4319438.443, 95
Trd, 4319439.393, 107
Trd, 4319439.543, 113
Trd, 4319440.493, 100
Trd, 4319440.693, 118
Trd, 4319440.893, 110
Trd, 4319441.243, 80
Trd, 4319442.743, 62
Trd, 4319443.043, 90
Trd, 4319443.243, 77
Trd, 4319444.593, 128
Trd, 4319444.893, 125
Trd, 4319445.443, 137
Trd, 4319446.543, 132
Trd, 4319446.643, 115
Trd, 4319447.293, 97
Trd, 4319448.143, 99
Trd, 4319449.343, 126
Trd, 4319450.543, 123
Trd, 4319451.593, 79
Trd, 4319452.343, 81
Trd, 4319453.643, 138
Trd, 4319454.393, 98
Trd, 4319454.443, 91
Trd, 4319454.693, 77
Trd, 4319455.443, 95
Trd, 4319455.793, 80
Trd, 4319457.093, 127
Trd, 4319458.093, 92
Trd, 4319458.243, 98
Trd, 4319459.793, 136
Trd, 4319460.043, 116
Trd, 4319461.143, 83
Trd, 4319462.143, 125
Trd, 4319462.243, 73
Trd, 4319463.343, 135
Trd, 4319463.643, 131
Trd, 4319464.543, 115
Trd, 4319465.393, 133
Trd, 4319465.743, 108
Trd, 4319465.993, 102
Trd, 4319466.093, 81
Trd, 4319467.743, 113
Trd, 4319468.093, 113
Trd, 4319468.393, 99
Trd, 4319469.243, 127
Trd, 4319470.543, 128
Trd, 4319471.443, 128
Trd, 4319471.543, 109
Trd, 4319471.943, 133
Trd, 4319473.143, 139
Trd, 4319473.243, 124
Trd, 4319473.343, 117
Trd, 4319474.093, 90
Trd, 4319474.593, 81
Trd, 4319474.893, 91
Trd, 4319476.093, 69
Trd, 4319476.393, 78
Trd, 4319477.493, 127
Trd, 4319478.493, 114
Trd, 4319478.543, 98
Trd, 4319479.943, 101
Trd, 4319480.193, 104
Trd, 4319480.443, 88
Trd, 4319481.643, 127
Trd, 4319482.543, 108
Trd, 4319483.493, 105
Trd, 4319483.843, 90
Trd, 4319484.293, 102
Trd, 4319484.943, 103
Trd, 4319485.343, 124
Trd, 4319485.493, 126
Trd, 4319486.193, 73
Trd, 4319488.443, 135
Trd, 4319488.743, 123
Trd, 4319489.643, 123
Trd, 4319489.943, 106
Trd, 4319490.493, 137
Trd, 4319491.293, 130
Trd, 4319492.543, 122
Trd, 4319493.443, 93
Trd, 4319493.593, 137
Trd, 4319494.143, 99
Trd, 4319494.743, 133
Trd, 4319496.093, 125
Trd, 4319497.343, 116
Trd, 4319497.393, 105
Trd, 4319498.093, 102
Trd, 4319499.043, 121
Trd, 4319499.093, 118
Trd, 4319499.793, 115
Trd, 4319500.693, 124
Trd, 4319502.143, 126
Trd, 4319503.243, 99
Trd, 4319503.743, 98
Trd, 4319504.693, 134
Trd, 4319505.243, 128
Trd, 4319506.493, 137
Trd, 4319506.943, 131
Trd, 4319507.543, 131
Trd, 4319508.043, 108
Trd, 4319508.693, 123
Trd, 4319509.043, 106
Trd, 4319510.743, 108
Trd, 4319511.243, 91
Trd, 4319513.093, 139
Trd, 4319513.243, 132
Trd, 4319513.293, 127
Trd, 4319513.643, 122
Trd, 4319514.643, 74
Trd, 4319515.443, 96
Trd, 4319516.293, 75
Trd, 4319517.343, 86
Trd, 4319517.943, 96
Trd, 4319519.293, 75
Trd, 4319519.443, 92
Trd, 4319520.143, 80
Trd, 4319520.793, 74
Trd, 4319522.343, 130
Trd, 4319522.543, 130
Trd, 4319522.693, 137
Trd, 4319522.993, 107
Trd, 4319523.693, 90
Trd, 4319525.143, 135
Trd, 4319526.243, 93
Trd, 4319526.843, 75
Trd, 4319527.443, 91
Trd, 4319527.793, 111
Trd, 4319527.893, 121
Trd, 4319528.093, 74
Trd, 4319529.193, 99
Trd, 4319530.593, 80
Trd, 4319530.893, 78
Trd, 4319531.293, 83
Trd, 4319531.993, 77
Trd, 4319532.393, 123
Trd, 4319532.543, 83
Trd, 4319532.943, 80
Trd, 4319533.393, 100
Trd, 4319534.343, 112
Trd, 4319535.043, 133
Trd, 4319535.343, 127
Trd, 4319536.593, 130
Trd, 4319536.693, 121
Trd, 4319537.493, 112
Trd, 4319537.743, 102
Trd, 4319538.493, 119
Trd, 4319540.293, 140
Trd, 4319540.643, 86
Trd, 4319540.993, 119
Trd, 4319542.193, 85
Trd, 4319542.443, 88
Trd, 4319542.893, 80
Trd, 4319543.893, 68
Trd, 4319544.893, 88
Trd, 4319545.143, 135
Trd, 4319545.943, 67
Trd, 4319546.043, 92
Trd, 4319546.743, 103
Trd, 4319547.243, 95
Trd, 4319547.743, 99
Trd, 4319548.293, 80
Trd, 4319548.493, 75
Trd, 4319548.793, 76
Trd, 4319548.843, 93
Trd, 4319549.943, 116
Trd, 4319550.393, 135
Trd, 4319550.493, 78
Trd, 4319550.893, 138
Trd, 4319551.943, 101
Trd, 4319553.743, 127
Trd, 4319554.093, 119
Trd, 4319554.443, 106
Trd, 4319554.943, 135
Trd, 4319555.393, 132
Trd, 4319555.643, 89
Trd, 4319556.093, 98
Trd, 4319557.743, 104
Trd, 4319558.843, 112
Trd, 4319559.793, 72
Trd, 4319560.693, 72
Trd, 4319561.093, 65
Trd, 4319561.293, 70
Trd, 4319562.193, 66
Trd, 4319562.343, 65
Trd, 4319562.693, 116
Trd, 4319563.643, 72
Trd, 4319564.443, 99
Trd, 4319565.643, 114
Trd, 4319567.993, 111
Trd, 4319568.443, 85
Trd, 4319569.193, 93
Trd, 4319570.643, 110
Trd, 4319570.743, 107
Trd, 4319570.893, 86
Trd, 4319571.043, 111
Trd, 4319572.643, 118
Trd, 4319574.693, 94
Trd, 4319574.993, 114
Trd, 4319575.593, 123
Trd, 4319576.693, 120
Trd, 4319577.143, 128
Trd, 4319577.243, 113
Trd, 4319578.443, 120
Trd, 4319578.843, 126
Trd, 4319579.093, 105
Trd, 4319580.493, 124
Trd, 4319581.193, 121
Trd, 4319582.143, 133
Trd, 4319582.943, 123
Trd, 4319583.293, 140
Trd, 4319583.743, 106
Trd, 4319584.743, 115
Trd, 4319585.393, 137
Trd, 4319585.493, 126
Trd, 4319586.093, 131
Trd, 4319587.943, 126
Trd, 4319589.643, 130
Trd, 4319589.893, 108
Trd, 4319590.043, 107
Trd, 4319590.493, 104
Trd, 4319592.093, 98
Trd, 4319593.693, 125
Trd, 4319593.943, 93
Trd, 4319595.893, 112
Trd, 4319596.443, 82
Trd, 4319596.643, 88
Trd, 4319597.893, 136
Trd, 4319598.043, 120
Trd, 4319598.793, 98
Trd, 4319599.743, 125
Trd, 4319600.043, 118
Trd, 4319600.643, 138
Trd, 4319602.143, 132
Trd, 4319602.943, 126
Trd, 4319602.993, 108
Trd, 4319603.793, 106
Trd, 4319603.943, 90
Trd, 4319604.193, 118
Trd, 4319605.293, 95
Trd, 4319605.743, 118
Trd, 4319605.943, 127
Trd, 4319606.243, 133
Trd, 4319607.293, 81
Trd, 4319607.643, 81
Trd, 4319610.243, 113
Trd, 4319611.293, 135
Trd, 4319611.443, 120
Trd, 4319612.543, 69
Trd, 4319612.793, 84
Trd, 4319613.643, 94
Trd, 4319613.943, 87
Trd, 4319614.643, 76
Trd, 4319616.493, 107
Trd, 4319617.543, 62
Trd, 4319617.843, 68
Trd, 4319619.493, 74
Trd, 4319619.593, 105
Trd, 4319620.943, 87
Trd, 4319621.143, 85
Trd, 4319621.243, 102
Trd, 4319621.493, 109
Trd, 4319622.393, 135
Trd, 4319623.843, 118
Trd, 4319624.593, 109
Trd, 4319625.593, 106
Trd, 4319625.693, 129
Trd, 4319625.993, 101
Trd, 4319626.693, 100
Trd, 4319627.293, 86
Trd, 4319629.943, 85
Trd, 4319630.243, 85
Trd, 4319631.393, 134
Trd, 4319631.443, 105
Trd, 4319631.943, 100
Trd, 4319632.193, 139
Trd, 4319632.493, 109
Trd, 4319633.243, 117
Trd, 4319633.993, 74
Trd, 4319634.993, 135
Trd, 4319635.693, 123
Trd, 4319635.943, 121
Trd, 4319637.593, 97
Trd, 4319638.743, 101
Trd, 4319639.093, 124
Trd, 4319639.943, 140
Trd, 4319639.993, 109
Trd, 4319640.943, 70
Trd, 4319642.393, 119
Trd, 4319642.443, 94
Trd, 4319643.543, 134
Trd, 4319643.593, 118
Trd, 4319643.893, 113
Trd, 4319644.693, 122
Trd, 4319645.693, 96
Trd, 4319647.393, 101
Trd, 4319648.193, 129
Trd, 4319648.343, 109
Trd, 4319648.443, 90
Trd, 4319648.793, 119
Trd, 4319649.093, 132
Trd, 4319649.243, 126
Trd, 4319649.793, 104
Trd, 4319652.393, 109
Trd, 4319652.793, 85
Trd, 4319653.693, 94
Trd, 4319653.743, 128
Trd, 4319653.893, 81
Trd, 4319654.093, 81
Trd, 4319654.443, 108
Trd, 4319656.043, 124
Trd, 4319656.143, 129
Trd, 4319656.393, 121
Trd, 4319657.193, 131
Trd, 4319657.293, 99
Trd, 4319658.693, 82
Trd, 4319659.143, 103
Trd, 4319659.693, 81
Trd, 4319659.793, 69
Trd, 4319660.093, 88
Trd, 4319661.543, 81
Trd, 4319662.043, 118
Trd, 4319662.493, 109
Trd, 4319662.793, 68
Trd, 4319663.993, 62
Trd, 4319664.843, 69
Trd, 4319665.593, 95
Trd, 4319666.443, 133
Trd, 4319666.993, 77
Trd, 4319667.043, 66
Trd, 4319668.693, 117
Trd, 4319668.993, 113
Trd, 4319669.043, 74
Trd, 4319670.443, 64
Trd, 4319670.843, 79
Trd, 4319671.643, 99
Trd, 4319672.043, 135
Trd, 4319673.593, 85
Trd, 4319674.293, 84
Trd, 4319674.943, 104
Trd, 4319676.693, 60
Trd, 4319677.443, 96
Trd, 4319677.843, 68
Trd, 4319678.393, 103
Trd, 4319679.943, 131
Trd, 4319680.193, 109
Trd, 4319680.343, 107
Trd, 4319681.143, 115
Trd, 4319681.993, 70
Trd, 4319682.293, 115
Trd, 4319682.743, 69
Trd, 4319684.293, 116
Trd, 4319684.693, 75
Trd, 4319685.143, 76
Trd, 4319685.893, 104
Trd, 4319686.143, 96
Trd, 4319687.493, 100
Trd, 4319687.693, 105
Trd, 4319688.543, 119
Trd, 4319689.293, 124
Trd, 4319689.793, 136
Trd, 4319690.143, 72
Trd, 4319691.243, 79
Trd, 4319691.843, 88
Trd, 4319692.343, 76
Trd, 4319692.593, 94
Trd, 4319693.443, 69
Trd, 4319694.543, 94
Trd, 4319694.743, 80
Trd, 4319695.943, 130
Trd, 4319697.493, 131
Trd, 4319697.643, 105
Trd, 4319697.943, 91
Trd, 4319699.193, 102
Trd, 4319700.093, 114
Trd, 4319701.093, 110
Trd, 4319701.243, 106
Trd, 4319701.743, 117
Trd, 4319702.043, 123
Trd, 4319702.643, 82
Trd, 4319703.793, 103
Trd, 4319704.393, 96
Trd, 4319704.493, 82
Trd, 4319704.943, 117
Trd, 4319706.343, 128
Trd, 4319706.793, 124
Trd, 4319708.143, 136
Trd, 4319708.593, 129
Trd, 4319708.693, 102
Trd, 4319710.243, 120
Trd, 4319710.443, 107
Trd, 4319711.693, 137
Trd, 4319712.193, 125
Trd, 4319712.343, 122
Trd, 4319712.443, 116
Trd, 4319712.843, 106
Trd, 4319713.993, 114
Trd, 4319714.443, 109
Trd, 4319716.393, 120
Trd, 4319716.643, 103
Trd, 4319717.743, 116
Trd, 4319718.343, 122
Trd, 4319720.093, 132
Trd, 4319720.393, 133
Trd, 4319720.893, 131
Trd, 4319720.993, 114
Trd, 4319721.343, 110
Trd, 4319722.493, 138
Trd, 4319723.243, 131
Trd, 4319724.743, 112
Trd, 4319725.093, 133
Trd, 4319727.243, 135
Trd, 4319727.343, 137
Trd, 4319728.043, 104
Trd, 4319728.593, 108
Trd, 4319728.743, 67
Trd, 4319729.693, 70
Trd, 4319729.793, 86
Trd, 4319729.943, 105
Trd, 4319731.143, 123
Trd, 4319731.543, 97
Trd, 4319734.493, 104
Trd, 4319735.143, 127
Trd, 4319735.193, 102
Trd, 4319735.293, 95
Trd, 4319735.793, 137
Trd, 4319736.393, 103
Trd, 4319737.793, 130
Trd, 4319738.343, 130
Trd, 4319739.393, 115
Trd, 4319740.243, 104
Trd, 4319740.393, 124
Trd, 4319741.243, 124
Trd, 4319741.593, 119
Trd, 4319741.643, 103
Trd, 4319742.293, 109
Trd, 4319743.793, 116
Trd, 4319745.343, 102
Trd, 4319745.993, 99
Trd, 4319747.143, 138
Trd, 4319747.193, 136
Trd, 4319748.593, 86
Trd, 4319749.293, 124
Trd, 4319749.743, 132
Trd, 4319750.093, 134
Trd, 4319750.443, 100
Trd, 4319750.993, 130
Trd, 4319753.293, 133
Trd, 4319754.043, 122
Trd, 4319754.493, 113
Trd, 4319754.543, 128
Trd, 4319755.093, 68
Trd, 4319756.693, 140
Trd, 4319756.943, 104
Trd, 4319757.743, 120
Trd, 4319758.093, 101
Trd, 4319758.693, 110
Trd, 4319759.693, 94
Trd, 4319760.143, 138
Trd, 4319761.043, 120
Trd, 4319762.243, 130
Trd, 4319762.443, 123
Trd, 4319763.393, 131
Trd, 4319763.643, 134
Trd, 4319764.393, 126
Trd, 4319764.893, 123
Trd, 4319765.493, 131
Trd, 4319766.593, 135
Trd, 4319768.743, 107
Trd, 4319769.193, 89
Trd, 4319769.643, 65
Trd, 4319769.993, 85
Trd, 4319771.043, 140
Trd, 4319772.143, 122
Trd, 4319772.643, 75
Trd, 4319773.293, 101
Trd, 4319773.643, 64
Trd, 4319773.743, 108
Trd, 4319773.943, 72
Trd, 4319775.443, 71
Trd, 4319776.243, 131
Trd, 4319776.493, 87
Trd, 4319777.243, 104
Trd, 4319778.593, 103
Trd, 4319778.793, 134
Trd, 4319779.343, 107
Trd, 4319779.843, 92
Trd, 4319780.993, 79
Trd, 4319781.493, 106
Trd, 4319781.793, 100
Trd, 4319781.943, 115
Trd, 4319782.443, 75
Trd, 4319783.143, 82
Trd, 4319783.793, 76
Trd, 4319785.643, 72
Trd, 4319786.393, 60
Trd, 4319786.493, 82
Trd, 4319787.793, 134
Trd, 4319788.293, 94
Trd, 4319788.493, 82
Trd, 4319789.493, 105
Trd, 4319789.843, 109
Trd, 4319790.693, 102
Trd, 4319791.343, 131
Trd, 4319791.743, 87
Trd, 4319792.693, 132
Trd, 4319793.743, 89
Trd, 4319794.243, 120
Trd, 4319796.043, 64
Trd, 4319796.643, 76
Trd, 4319796.793, 99
Trd, 4319797.693, 75
Trd, 4319797.843, 137
Trd, 4319798.643, 118
Trd, 4319800.043, 93
Trd, 4319800.693, 67
Trd, 4319801.143, 70
Trd, 4319801.643, 75
Trd, 4319801.793, 75
Trd, 4319802.093, 88
Trd, 4319803.693, 136
Trd, 4319803.943, 113
Trd, 4319804.793, 76
Trd, 4319805.243, 100
Trd, 4319805.293, 83
Trd, 4319805.343, 104
Trd, 4319806.243, 102
Trd, 4319808.343, 61
Trd, 4319808.643, 105
Trd, 4319809.343, 137
Trd, 4319809.993, 126
Trd, 4319810.543, 133
Trd, 4319810.993, 92
Trd, 4319811.393, 108
Trd, 4319813.093, 125
Trd, 4319813.843, 111
Trd, 4319813.993, 87
Trd, 4319814.343, 116
Trd, 4319815.293, 68
Trd, 4319816.093, 80
Trd, 4319817.193, 80
Trd, 4319817.643, 86
Trd, 4319818.943, 97
Trd, 4319819.243, 126
Trd, 4319819.643, 73
Trd, 4319819.893, 127
Trd, 4319822.043, 92
Trd, 4319822.943, 81
Trd, 4319823.393, 123
Trd, 4319823.943, 103
Trd, 4319824.243, 111
Trd, 4319824.643, 130
Trd, 4319825.393, 128
Trd, 4319825.643, 126
Trd, 4319826.143, 110
Trd, 4319826.743, 123
Trd, 4319827.493, 68
Trd, 4319828.743, 62
Trd, 4319829.743, 113
Trd, 4319829.943, 137
Trd, 4319830.993, 124
Trd, 4319831.493, 121
Trd, 4319832.543, 111
Trd, 4319832.593, 106
Trd, 4319833.893, 100
Trd, 4319833.943, 108
Trd, 4319833.993, 99
Trd, 4319835.243, 93
Trd, 4319835.843, 134
Trd, 4319836.343, 130
Trd, 4319836.393, 128
Trd, 4319837.493, 69
Trd, 4319837.543, 76
Trd, 4319838.493, 140
Trd, 4319839.343, 79
Trd, 4319841.443, 137
Trd, 4319841.543, 130
Trd, 4319841.693, 126
Trd, 4319841.743, 119
Trd, 4319841.843, 106
Trd, 4319841.893, 96
Trd, 4319842.843, 105
Trd, 4319843.693, 120
Trd, 4319843.793, 117
Trd, 4319845.993, 112
Trd, 4319846.093, 89
Trd, 4319847.693, 87
Trd, 4319847.893, 104
Trd, 4319847.943, 80
Trd, 4319848.393, 85
Trd, 4319848.843, 129
Trd, 4319849.143, 81
Trd, 4319849.793, 67
Trd, 4319849.993, 70
Trd, 4319850.493, 126
Trd, 4319852.043, 79
Trd, 4319852.893, 137
Trd, 4319854.893, 110
Trd, 4319855.543, 97
Trd, 4319855.793, 121
Trd, 4319856.093, 124
Trd, 4319856.343, 103
Trd, 4319857.043, 100
Trd, 4319857.293, 123
Trd, 4319857.793, 88
Trd, 4319858.693, 117
Trd, 4319859.093, 127
Trd, 4319860.493, 136
Trd, 4319861.743, 93
Trd, 4319862.293, 116
Trd, 4319862.593, 136
Trd, 4319862.793, 133
Trd, 4319863.043, 85
Trd, 4319863.393, 113
Trd, 4319863.693, 120
Trd, 4319864.943, 113
Trd, 4319866.143, 111
Trd, 4319866.943, 128
Trd, 4319867.693, 73
Trd, 4319867.943, 121
Trd, 4319868.193, 71
Trd, 4319869.093, 102
Trd, 4319869.443, 115
Trd, 4319870.043, 133
Trd, 4319871.293, 128
Trd, 4319871.843, 125
Trd, 4319872.393, 124
Trd, 4319872.993, 100
Trd, 4319874.443, 136
Trd, 4319874.693, 139
Trd, 4319874.993, 89
Trd, 4319875.293, 72
Trd, 4319876.793, 116
Trd, 4319877.393, 104
Trd, 4319878.343, 134
Trd, 4319879.643, 126
Trd, 4319879.893, 110
Trd, 4319880.893, 120
Trd, 4319881.593, 90
Trd, 4319881.743, 100
Trd, 4319882.043, 108
Trd, 4319882.293, 83
Trd, 4319882.693, 101
Trd, 4319884.293, 107
Trd, 4319884.343, 101
Trd, 4319884.743, 90
Trd, 4319885.393, 134
Trd, 4319886.593, 102
Trd, 4319887.593, 129
Trd, 4319887.943, 124
Trd, 4319888.843, 131
Trd, 4319889.093, 140
Trd, 4319889.943, 122
Trd, 4319891.293, 133
Trd, 4319892.293, 126
Trd, 4319892.543, 120
Trd, 4319893.543, 112
Trd, 4319893.693, 108
Trd, 4319894.543, 133
Trd, 4319895.443, 126
Trd, 4319895.893, 113
Trd, 4319896.443, 100
Trd, 4319896.793, 85
Trd, 4319897.743, 106
Trd, 4319899.093, 116
Trd, 4319899.243, 110
Trd, 4319899.643, 116
Trd, 4319900.093, 125
Trd, 4319900.893, 134
Trd, 4319902.043, 112
Trd, 4319902.693, 98
Trd, 4319902.793, 85
Trd, 4319904.343, 115
Trd, 4319904.393, 100
Trd, 4319904.793, 93
Trd, 4319905.443, 105
Trd, 4319905.593, 115
Trd, 4319905.793, 104
Trd, 4319906.743, 83
Trd, 4319906.843, 94
Trd, 4319907.793, 92
Trd, 4319908.443, 125
Trd, 4319908.643, 104
Trd, 4319910.343, 112
Trd, 4319910.993, 82
Trd, 4319911.393, 127
Trd, 4319911.843, 140
Trd, 4319912.143, 66
Trd, 4319913.393, 84
Trd, 4319914.043, 106
Trd, 4319914.493, 64
Trd, 4319914.793, 72
Trd, 4319914.843, 119
Trd, 4319915.593, 81
Trd, 4319916.693, 90
Trd, 4319917.393, 108
Trd, 4319917.543, 92
Trd, 4319917.793, 118
Trd, 4319917.993, 138
Trd, 4319918.993, 140
Trd, 4319919.093, 107
Trd, 4319919.643, 113
Trd, 4319920.043, 118
Trd, 4319921.193, 76
Trd, 4319921.393, 68
Trd, 4319923.093, 64
Trd, 4319923.293, 66
Trd, 4319923.443, 76
Trd, 4319923.843, 69
Trd, 4319924.743, 71
Trd, 4319925.143, 108
Trd, 4319925.443, 111
Trd, 4319926.143, 91
Trd, 4319928.043, 111
Trd, 4319928.893, 129
Trd, 4319929.493, 137
Trd, 4319930.093, 97
Trd, 4319930.843, 99
Trd, 4319932.443, 68
Trd, 4319932.593, 93
Trd, 4319932.843, 96
Trd, 4319933.943, 61
Trd, 4319934.293, 81
Trd, 4319934.443, 98
Trd, 4319935.343, 130
Trd, 4319935.743, 99
Trd, 4319936.793, 130
Trd, 4319937.143, 120
Trd, 4319938.293, 103
Trd, 4319938.943, 108
Trd, 4319939.043, 93
Trd, 4319941.093, 131
Trd, 4319941.543, 137
Trd, 4319942.143, 110
Trd, 4319942.543, 119
Trd, 4319943.993, 116
Trd, 4319944.893, 109
Trd, 4319945.043, 78
Trd, 4319945.843, 106
Trd, 4319945.993, 85
Trd, 4319946.543, 97
Trd, 4319946.993, 90
Trd, 4319948.343, 106
Trd, 4319948.893, 88
Trd, 4319949.143, 82
Trd, 4319950.643, 97
Trd, 4319951.093, 89
Trd, 4319951.893, 121
Trd, 4319952.393, 118
Trd, 4319952.793, 102
Trd, 4319954.093, 86
Trd, 4319954.293, 92
Trd, 4319955.693, 89
Trd, 4319956.793, 108
Trd, 4319957.693, 117
Trd, 4319958.243, 114
Trd, 4319958.493, 102
Trd, 4319960.143, 100
Trd, 4319960.493, 96
Trd, 4319960.543, 91
Trd, 4319960.793, 90
Trd, 4319961.493, 85
Trd, 4319961.793, 113
Trd, 4319963.993, 133
Trd, 4319964.543, 124
Trd, 4319964.843, 132
Trd, 4319965.293, 129
Trd, 4319965.343, 110
Trd, 4319966.343, 133
Trd, 4319966.543, 130
Trd, 4319967.193, 96
Trd, 4319967.643, 95
Trd, 4319968.093, 138
Trd, 4319969.543, 136
Trd, 4319969.693, 117
Trd, 4319970.393, 108
Trd, 4319971.293, 85
Trd, 4319971.693, 69
Trd, 4319972.343, 132
Trd, 4319972.793, 107
Trd, 4319974.143, 87
Trd, 4319974.593, 138
Trd, 4319975.043, 132
Trd, 4319975.393, 135
Trd, 4319976.543, 108
Trd, 4319977.293, 90
Trd, 4319977.843, 61
Trd, 4319978.093, 131
Trd, 4319979.243, 94
Trd, 4319979.443, 62
Trd, 4319981.143, 131
Trd, 4319982.143, 133
Trd, 4319983.693, 126
Trd, 4319984.143, 113
Trd, 4319984.393, 118
Trd, 4319984.993, 125
Trd, 4319985.343, 77
Trd, 4319985.643, 136
Trd, 4319987.043, 98
Trd, 4319987.643, 85
Trd, 4319988.043, 103
Trd, 4319988.543, 113
Trd, 4319988.743, 104
Trd, 4319989.243, 68
Trd, 4319990.043, 107
Trd, 4319990.893, 65
Trd, 4319991.343, 86
Trd, 4319992.093, 109
Trd, 4319993.093, 95
Trd, 4319994.793, 104
Trd, 4319994.993, 137
Trd, 4319995.293, 131
Trd, 4319995.843, 119
Trd, 4319996.093, 106
Trd, 4319996.743, 117
Trd, 4319997.193, 129
Trd, 4319997.693, 85
Trd, 4319999.493, 109
