Trd, 4318072.643, 140
Trd, 4318073.843, 140
Trd, 4318075.193, 140
Trd, 4318076.943, 140
Trd, 4318077.093, 140
Trd, 4318077.143, 140
Trd, 4318077.543, 139
Trd, 4318080.293, 140
Trd, 4318080.643, 140
Trd, 4318081.593, 140
Trd, 4318081.693, 140
Trd, 4318083.293, 140
Trd, 4318083.443, 140
Trd, 4318084.043, 140
Trd, 4318084.393, 140
Trd, 4318085.093, 140
Trd, 4318087.143, 140
Trd, 4318088.493, 140
Trd, 4318088.793, 140
Trd, 4318089.293, 140
Trd, 4318090.143, 140
Trd, 4318090.393, 140
Trd, 4318091.043, 140
Trd, 4318092.493, 140
Trd, 4318092.543, 140
Trd, 4318096.093, 140
Trd, 4318096.343, 140
Trd, 4318097.043, 140
Trd, 4318098.293, 140
Trd, 4318098.393, 140
Trd, 4318098.443, 140
Trd, 4318100.293, 140
Trd, 4318100.693, 140
Trd, 4318101.593, 140
Trd, 4318102.243, 140
Trd, 4318102.643, 140
Trd, 4318103.443, 140
Trd, 4318103.593, 140
Trd, 4318103.643, 140
Trd, 4318104.493, 139
Trd, 4318104.843, 140
Trd, 4318105.093, 139
Trd, 4318106.293, 140
Trd, 4318106.793, 140
Trd, 4318107.593, 140
Trd, 4318108.593, 62
Trd, 4318110.243, 140
Trd, 4318110.843, 140
Trd, 4318111.143, 140
Trd, 4318111.443, 140
Trd, 4318111.543, 140
Trd, 4318114.693, 140
Trd, 4318114.793, 140
Trd, 4318115.543, 140
Trd, 4318115.643, 140
Trd, 4318117.443, 140
Trd, 4318117.793, 140
Trd, 4318118.193, 140
Trd, 4318118.393, 140
Trd, 4318120.743, 140
Trd, 4318122.493, 140
Trd, 4318122.543, 140
Trd, 4318122.743, 140
Trd, 4318123.343, 140
Trd, 4318123.693, 140
Trd, 4318124.293, 140
Trd, 4318124.493, 140
Trd, 4318125.193, 140
Trd, 4318126.343, 140
Trd, 4318128.543, 140
Trd, 4318128.593, 140
Trd, 4318129.843, 140
Trd, 4318130.993, 140
Trd, 4318131.093, 140
Trd, 4318131.643, 140
Trd, 4318132.543, 140
Trd, 4318134.093, 140
Trd, 4318134.193, 140
Trd, 4318135.143, 140
Trd, 4318135.443, 140
Trd, 4318136.193, 140
Trd, 4318137.243, 140
Trd, 4318138.943, 140
Trd, 4318139.893, 140
Trd, 4318139.943, 140
Trd, 4318140.843, 140
Trd, 4318140.993, 140
Trd, 4318141.643, 140
Trd, 4318141.943, 140
Trd, 4318142.193, 140
Trd, 4318142.593, 139
Trd, 4318143.693, 62
Trd, 4318144.643, 140
Trd, 4318144.993, 140
Trd, 4318145.543, 140
Trd, 4318145.893, 140
Trd, 4318146.043, 140
Trd, 4318146.343, 139
Trd, 4318146.793, 140
Trd, 4318148.893, 140
Trd, 4318149.393, 140
Trd, 4318150.443, 140
Trd, 4318150.743, 140
Trd, 4318152.393, 140
Trd, 4318152.793, 140
Trd, 4318153.993, 140
Trd, 4318154.493, 140
Trd, 4318154.843, 140
Trd, 4318155.093, 140
Trd, 4318156.593, 140
Trd, 4318156.743, 140
Trd, 4318158.393, 140
Trd, 4318160.943, 140
Trd, 4318161.493, 140
Trd, 4318161.793, 140
Trd, 4318163.643, 140
Trd, 4318163.993, 140
Trd, 4318165.643, 140
Trd, 4318166.993, 140
Trd, 4318167.393, 140
Trd, 4318167.743, 140
Trd, 4318168.293, 140
Trd, 4318169.343, 140
Trd, 4318169.643, 140
Trd, 4318169.893, 140
Trd, 4318170.193, 140
Trd, 4318172.893, 140
Trd, 4318173.143, 140
Trd, 4318173.793, 140
Trd, 4318175.293, 140
Trd, 4318175.643, 140
Trd, 4318176.443, 140
Trd, 4318176.793, 140
Trd, 4318178.093, 140
Trd, 4318178.543, 140
Trd, 4318179.043, 140
Trd, 4318179.943, 140
Trd, 4318181.543, 140
Trd, 4318182.243, 140
Trd, 4318182.293, 140
Trd, 4318182.493, 140
Trd, 4318183.793, 140
Trd, 4318187.643, 140
Trd, 4318187.943, 140
Trd, 4318188.243, 140
Trd, 4318188.793, 140
Trd, 4318188.993, 140
Trd, 4318189.043, 140
Trd, 4318189.943, 140
Trd, 4318190.543, 140
Trd, 4318191.193, 140
Trd, 4318191.443, 139
Trd, 4318192.143, 140
Trd, 4318195.993, 140
Trd, 4318196.043, 140
Trd, 4318196.193, 140
Trd, 4318197.293, 140
Trd, 4318198.193, 140
Trd, 4318198.393, 140
Trd, 4318198.743, 140
Trd, 4318198.793, 140
Trd, 4318199.593, 140
Trd, 4318201.643, 140
Trd, 4318202.693, 140
Trd, 4318203.043, 140
Trd, 4318203.093, 140
Trd, 4318203.693, 140
Trd, 4318204.143, 140
Trd, 4318205.143, 140
Trd, 4318205.543, 140
Trd, 4318205.693, 140
Trd, 4318209.093, 140
Trd, 4318209.343, 140
Trd, 4318211.243, 140
Trd, 4318211.743, 140
Trd, 4318212.093, 140
Trd, 4318213.143, 140
Trd, 4318213.243, 140
Trd, 4318215.543, 140
Trd, 4318215.693, 140
Trd, 4318216.143, 140
Trd, 4318217.143, 140
Trd, 4318217.743, 140
Trd, 4318218.793, 140
Trd, 4318220.643, 140
Trd, 4318220.693, 140
Trd, 4318220.793, 140
Trd, 4318220.943, 140
Trd, 4318221.493, 140
Trd, 4318221.843, 140
Trd, 4318221.993, 140
Trd, 4318222.793, 140
Trd, 4318222.993, 139
Trd, 4318224.543, 140
Trd, 4318224.693, 140
Trd, 4318228.793, 140
Trd, 4318228.943, 140
Trd, 4318229.693, 140
Trd, 4318230.093, 140
Trd, 4318230.243, 140
Trd, 4318230.393, 140
Trd, 4318230.943, 140
Trd, 4318231.743, 140
Trd, 4318233.893, 140
Trd, 4318234.693, 140
Trd, 4318234.993, 140
Trd, 4318235.643, 140
Trd, 4318235.693, 140
Trd, 4318236.393, 140
Trd, 4318237.643, 140
Trd, 4318238.143, 140
Trd, 4318238.493, 140
Trd, 4318238.543, 140
Trd, 4318239.193, 140
Trd, 4318239.843, 140
Trd, 4318241.243, 140
Trd, 4318242.643, 140
Trd, 4318244.243, 140
Trd, 4318244.293, 140
Trd, 4318244.993, 140
Trd, 4318246.043, 140
Trd, 4318247.493, 140
Trd, 4318247.643, 140
Trd, 4318248.493, 140
Trd, 4318249.093, 140
Trd, 4318250.343, 140
Trd, 4318250.443, 140
Trd, 4318251.293, 140
Trd, 4318252.293, 140
Trd, 4318252.593, 140
Trd, 4318253.693, 140
Trd, 4318254.293, 140
Trd, 4318256.993, 140
Trd, 4318258.393, 140
Trd, 4318259.443, 140
Trd, 4318259.943, 140
Trd, 4318261.143, 140
Trd, 4318261.193, 140
Trd, 4318261.443, 140
Trd, 4318261.493, 140
Trd, 4318263.443, 140
Trd, 4318263.543, 140
Trd, 4318263.693, 140
Trd, 4318263.793, 140
Trd, 4318265.043, 140
Trd, 4318265.693, 140
Trd, 4318265.943, 140
Trd, 4318268.543, 140
Trd, 4318268.743, 140
Trd, 4318269.293, 140
Trd, 4318271.543, 140
Trd, 4318271.643, 140
Trd, 4318272.093, 140
Trd, 4318274.593, 140
Trd, 4318275.043, 140
Trd, 4318275.543, 140
Trd, 4318275.893, 140
Trd, 4318276.143, 140
Trd, 4318277.043, 140
Trd, 4318278.443, 140
Trd, 4318279.143, 140
Trd, 4318280.543, 140
Trd, 4318280.693, 140
Trd, 4318281.543, 140
Trd, 4318282.443, 140
Trd, 4318282.943, 140
Trd, 4318283.243, 140
Trd, 4318283.943, 140
Trd, 4318284.293, 140
Trd, 4318285.243, 140
Trd, 4318285.443, 140
Trd, 4318285.543, 140
Trd, 4318285.693, 140
Trd, 4318286.393, 140
Trd, 4318287.293, 140
Trd, 4318287.943, 140
Trd, 4318289.143, 140
Trd, 4318291.143, 140
Trd, 4318291.193, 140
Trd, 4318292.093, 140
Trd, 4318292.343, 140
Trd, 4318292.543, 140
Trd, 4318293.493, 140
Trd, 4318294.643, 140
Trd, 4318296.893, 140
Trd, 4318297.043, 140
Trd, 4318297.943, 140
Trd, 4318298.843, 140
Trd, 4318298.943, 140
Trd, 4318301.043, 140
Trd, 4318301.093, 140
Trd, 4318303.443, 140
Trd, 4318303.643, 140
Trd, 4318303.693, 140
Trd, 4318304.193, 140
Trd, 4318305.143, 140
Trd, 4318305.393, 140
Trd, 4318305.543, 140
Trd, 4318306.143, 140
Trd, 4318306.393, 140
Trd, 4318308.593, 140
Trd, 4318309.143, 140
Trd, 4318309.543, 140
Trd, 4318310.243, 140
Trd, 4318310.993, 140
Trd, 4318312.593, 140
Trd, 4318313.393, 140
Trd, 4318313.543, 140
Trd, 4318314.393, 140
Trd, 4318315.843, 140
Trd, 4318316.443, 140
Trd, 4318317.793, 140
Trd, 4318318.393, 140
Trd, 4318320.143, 140
Trd, 4318321.293, 140
Trd, 4318321.893, 140
Trd, 4318322.143, 140
Trd, 4318322.243, 140
Trd, 4318323.243, 140
Trd, 4318324.543, 140
Trd, 4318324.893, 140
Trd, 4318326.343, 140
Trd, 4318327.343, 140
Trd, 4318328.193, 140
Trd, 4318329.243, 140
Trd, 4318330.093, 140
Trd, 4318330.743, 140
Trd, 4318330.943, 140
Trd, 4318332.093, 140
Trd, 4318333.093, 140
Trd, 4318333.893, 140
Trd, 4318334.093, 140
Trd, 4318334.943, 140
Trd, 4318335.443, 140
Trd, 4318337.043, 140
Trd, 4318340.093, 140
Trd, 4318341.543, 140
Trd, 4318341.693, 140
Trd, 4318341.793, 140
Trd, 4318341.843, 140
Trd, 4318341.943, 140
Trd, 4318342.343, 140
Trd, 4318344.143, 140
Trd, 4318346.693, 140
Trd, 4318346.743, 140
Trd, 4318347.143, 140
Trd, 4318348.043, 140
Trd, 4318348.143, 140
Trd, 4318349.043, 140
Trd, 4318349.193, 140
Trd, 4318349.493, 140
Trd, 4318350.993, 140
Trd, 4318351.043, 140
Trd, 4318351.193, 140
Trd, 4318353.543, 140
Trd, 4318353.743, 140
Trd, 4318356.643, 140
Trd, 4318356.793, 140
Trd, 4318357.293, 140
Trd, 4318357.393, 140
Trd, 4318357.743, 140
Trd, 4318358.493, 140
Trd, 4318360.243, 140
Trd, 4318360.993, 140
Trd, 4318362.543, 140
Trd, 4318362.993, 140
Trd, 4318363.043, 140
Trd, 4318364.543, 140
Trd, 4318365.643, 140
Trd, 4318365.893, 140
Trd, 4318365.943, 140
Trd, 4318366.643, 140
Trd, 4318367.293, 140
Trd, 4318367.443, 140
Trd, 4318367.843, 140
Trd, 4318367.893, 140
Trd, 4318368.393, 140
Trd, 4318369.943, 140
Trd, 4318371.343, 140
Trd, 4318373.093, 140
Trd, 4318373.593, 140
Trd, 4318374.543, 140
Trd, 4318375.793, 140
Trd, 4318376.293, 140
Trd, 4318376.343, 140
Trd, 4318377.793, 140
Trd, 4318378.143, 140
Trd, 4318379.143, 140
Trd, 4318379.743, 140
Trd, 4318381.593, 140
Trd, 4318382.043, 140
Trd, 4318382.893, 140
Trd, 4318382.943, 140
Trd, 4318383.743, 140
Trd, 4318385.993, 140
Trd, 4318386.143, 140
Trd, 4318387.343, 140
Trd, 4318387.993, 140
Trd, 4318388.493, 140
Trd, 4318389.693, 140
Trd, 4318390.093, 140
Trd, 4318390.693, 140
Trd, 4318391.293, 140
Trd, 4318391.443, 140
Trd, 4318391.843, 140
Trd, 4318392.393, 140
Trd, 4318393.543, 140
Trd, 4318394.643, 140
Trd, 4318394.693, 140
Trd, 4318395.793, 140
Trd, 4318396.443, 140
Trd, 4318398.043, 140
Trd, 4318399.143, 140
Trd, 4318399.243, 140
Trd, 4318400.343, 140
Trd, 4318400.393, 140
Trd, 4318401.593, 140
Trd, 4318402.793, 140
Trd, 4318404.193, 140
Trd, 4318405.393, 140
Trd, 4318405.893, 140
Trd, 4318406.493, 140
Trd, 4318407.443, 140
Trd, 4318407.493, 140
Trd, 4318411.193, 140
Trd, 4318412.093, 140
Trd, 4318413.643, 140
Trd, 4318414.293, 140
Trd, 4318415.143, 140
Trd, 4318415.593, 140
Trd, 4318416.843, 140
Trd, 4318417.443, 140
Trd, 4318417.643, 140
Trd, 4318419.693, 140
Trd, 4318420.393, 140
Trd, 4318420.643, 140
Trd, 4318421.293, 140
Trd, 4318421.543, 140
Trd, 4318422.393, 140
Trd, 4318422.593, 140
Trd, 4318423.093, 140
Trd, 4318423.643, 140
Trd, 4318424.843, 140
Trd, 4318425.393, 140
Trd, 4318425.493, 139
Trd, 4318426.243, 140
Trd, 4318427.143, 60
Trd, 4318427.193, 60
Trd, 4318427.243, 64
Trd, 4318428.143, 64
Trd, 4318430.243, 60
Trd, 4318430.593, 60
Trd, 4318433.243, 60
Trd, 4318433.943, 60
Trd, 4318433.993, 60
Trd, 4318434.093, 60
Trd, 4318434.293, 60
Trd, 4318434.593, 60
Trd, 4318435.543, 117
Trd, 4318436.293, 63
Trd, 4318436.693, 62
Trd, 4318437.543, 61
Trd, 4318437.893, 68
Trd, 4318438.793, 138
Trd, 4318440.043, 77
Trd, 4318440.143, 76
Trd, 4318440.643, 139
Trd, 4318441.143, 140
Trd, 4318443.043, 140
Trd, 4318444.193, 140
Trd, 4318444.843, 140
Trd, 4318445.293, 140
Trd, 4318445.493, 140
Trd, 4318447.693, 140
Trd, 4318448.143, 140
Trd, 4318448.543, 140
Trd, 4318449.043, 140
Trd, 4318449.893, 140
Trd, 4318450.893, 140
Trd, 4318453.193, 140
Trd, 4318453.243, 140
Trd, 4318453.393, 140
Trd, 4318454.193, 140
Trd, 4318454.343, 140
Trd, 4318454.393, 139
Trd, 4318455.193, 140
Trd, 4318455.393, 135
Trd, 4318456.343, 140
Trd, 4318457.743, 140
Trd, 4318457.943, 140
Trd, 4318458.043, 139
Trd, 4318461.343, 140
Trd, 4318463.243, 140
Trd, 4318463.593, 140
Trd, 4318464.193, 140
Trd, 4318464.293, 140
Trd, 4318464.493, 140
Trd, 4318465.043, 140
Trd, 4318465.843, 140
Trd, 4318467.043, 140
Trd, 4318467.843, 140
Trd, 4318469.193, 140
Trd, 4318469.393, 140
Trd, 4318469.893, 140
Trd, 4318471.543, 140
Trd, 4318471.693, 140
Trd, 4318472.593, 140
Trd, 4318472.743, 140
Trd, 4318472.843, 140
Trd, 4318474.593, 140
Trd, 4318475.743, 140
Trd, 4318476.243, 140
Trd, 4318476.493, 140
Trd, 4318477.293, 140
Trd, 4318479.443, 140
Trd, 4318479.893, 140
Trd, 4318480.343, 140
Trd, 4318481.243, 140
Trd, 4318482.293, 140
Trd, 4318485.043, 140
Trd, 4318485.543, 140
Trd, 4318486.093, 140
Trd, 4318486.143, 140
Trd, 4318486.243, 140
Trd, 4318486.693, 140
Trd, 4318489.093, 140
Trd, 4318489.393, 140
Trd, 4318489.593, 140
Trd, 4318490.443, 140
Trd, 4318491.293, 140
Trd, 4318492.143, 140
Trd, 4318492.743, 140
Trd, 4318492.993, 140
Trd, 4318494.693, 140
Trd, 4318495.143, 140
Trd, 4318496.043, 140
Trd, 4318497.243, 140
Trd, 4318498.243, 140
Trd, 4318500.693, 140
Trd, 4318500.893, 140
Trd, 4318501.143, 140
Trd, 4318501.643, 140
Trd, 4318502.143, 140
Trd, 4318503.893, 140
Trd, 4318504.643, 140
Trd, 4318504.793, 140
Trd, 4318504.893, 140
Trd, 4318505.343, 140
Trd, 4318505.993, 61
Trd, 4318506.043, 64
Trd, 4318508.493, 61
Trd, 4318509.043, 61
Trd, 4318509.343, 64
Trd, 4318510.293, 61
Trd, 4318511.693, 60
Trd, 4318512.243, 60
Trd, 4318513.293, 61
Trd, 4318514.693, 61
Trd, 4318514.943, 61
Trd, 4318514.993, 62
Trd, 4318515.493, 63
Trd, 4318515.743, 61
Trd, 4318516.143, 62
Trd, 4318516.593, 65
Trd, 4318517.293, 140
Trd, 4318519.693, 140
Trd, 4318520.343, 140
Trd, 4318520.593, 140
Trd, 4318520.643, 140
Trd, 4318521.593, 140
Trd, 4318522.093, 140
Trd, 4318523.693, 140
Trd, 4318525.443, 140
Trd, 4318525.493, 140
Trd, 4318525.593, 140
Trd, 4318526.193, 140
Trd, 4318526.793, 140
Trd, 4318527.093, 140
Trd, 4318527.343, 140
Trd, 4318527.693, 140
Trd, 4318527.843, 140
Trd, 4318528.643, 140
Trd, 4318529.643, 140
Trd, 4318530.193, 140
Trd, 4318531.543, 140
Trd, 4318533.243, 140
Trd, 4318533.343, 140
Trd, 4318534.543, 140
Trd, 4318534.793, 140
Trd, 4318534.943, 140
Trd, 4318536.693, 140
Trd, 4318537.343, 140
Trd, 4318538.343, 140
Trd, 4318538.443, 140
Trd, 4318540.093, 140
Trd, 4318540.543, 140
Trd, 4318541.743, 140
Trd, 4318542.643, 140
Trd, 4318543.093, 140
Trd, 4318543.193, 140
Trd, 4318547.593, 140
Trd, 4318547.793, 140
Trd, 4318547.993, 140
Trd, 4318548.443, 140
Trd, 4318548.993, 140
Trd, 4318550.293, 140
Trd, 4318550.893, 140
Trd, 4318551.343, 140
Trd, 4318553.043, 140
Trd, 4318554.193, 140
Trd, 4318554.893, 140
Trd, 4318555.193, 140
Trd, 4318555.293, 140
Trd, 4318555.393, 140
Trd, 4318555.693, 140
Trd, 4318556.743, 140
Trd, 4318556.943, 139
Trd, 4318557.343, 140
Trd, 4318557.693, 137
Trd, 4318557.793, 65
Trd, 4318558.693, 140
Trd, 4318560.243, 71
Trd, 4318561.443, 139
Trd, 4318561.743, 63
Trd, 4318562.293, 72
Trd, 4318563.693, 111
Trd, 4318564.843, 61
Trd, 4318565.043, 60
Trd, 4318565.343, 61
Trd, 4318566.193, 67
Trd, 4318566.743, 60
Trd, 4318567.493, 63
Trd, 4318568.493, 61
Trd, 4318569.093, 62
Trd, 4318569.293, 100
Trd, 4318569.443, 140
Trd, 4318571.793, 140
Trd, 4318572.043, 140
Trd, 4318572.293, 140
Trd, 4318573.743, 140
Trd, 4318573.993, 140
Trd, 4318574.343, 140
Trd, 4318574.743, 139
Trd, 4318576.193, 139
Trd, 4318576.293, 139
Trd, 4318577.293, 60
Trd, 4318578.343, 62
Trd, 4318578.593, 63
Trd, 4318578.843, 70
Trd, 4318580.343, 139
Trd, 4318580.893, 140
Trd, 4318582.893, 61
Trd, 4318584.693, 60
Trd, 4318586.143, 60
Trd, 4318586.743, 61
Trd, 4318587.243, 63
Trd, 4318587.893, 66
Trd, 4318588.243, 66
Trd, 4318588.493, 67
Trd, 4318588.743, 68
Trd, 4318588.843, 71
Trd, 4318589.543, 69
Trd, 4318591.443, 140
Trd, 4318592.243, 140
Trd, 4318592.843, 140
Trd, 4318592.993, 140
Trd, 4318594.393, 140
Trd, 4318594.943, 140
Trd, 4318595.293, 140
Trd, 4318596.793, 140
Trd, 4318596.893, 140
Trd, 4318599.093, 140
Trd, 4318600.643, 140
Trd, 4318601.243, 140
Trd, 4318601.843, 140
Trd, 4318602.093, 140
Trd, 4318602.193, 140
Trd, 4318605.643, 140
Trd, 4318605.793, 140
Trd, 4318605.893, 140
Trd, 4318605.943, 140
Trd, 4318607.293, 140
Trd, 4318607.443, 140
Trd, 4318610.343, 140
Trd, 4318611.693, 140
Trd, 4318612.193, 140
Trd, 4318613.193, 140
Trd, 4318613.693, 140
Trd, 4318614.043, 140
Trd, 4318614.643, 140
Trd, 4318615.593, 140
Trd, 4318617.993, 140
Trd, 4318618.143, 140
Trd, 4318618.943, 140
Trd, 4318619.043, 140
Trd, 4318619.393, 140
Trd, 4318620.293, 140
Trd, 4318623.643, 140
Trd, 4318623.693, 140
Trd, 4318624.243, 140
Trd, 4318625.893, 140
Trd, 4318626.193, 140
Trd, 4318626.243, 140
Trd, 4318626.393, 140
Trd, 4318628.893, 140
Trd, 4318629.743, 140
Trd, 4318629.943, 140
Trd, 4318630.243, 140
Trd, 4318630.343, 140
Trd, 4318632.343, 140
Trd, 4318633.493, 140
Trd, 4318633.693, 140
Trd, 4318634.543, 140
Trd, 4318635.093, 140
Trd, 4318635.593, 140
Trd, 4318636.443, 140
Trd, 4318638.293, 140
Trd, 4318638.743, 140
Trd, 4318639.143, 140
Trd, 4318639.243, 140
Trd, 4318639.743, 140
Trd, 4318640.293, 140
Trd, 4318640.843, 140
Trd, 4318642.543, 140
Trd, 4318642.843, 140
Trd, 4318643.693, 140
Trd, 4318643.893, 140
Trd, 4318644.193, 140
Trd, 4318644.843, 140
Trd, 4318645.343, 140
Trd, 4318647.143, 140
Trd, 4318648.193, 140
Trd, 4318648.343, 140
Trd, 4318650.393, 140
Trd, 4318651.793, 140
Trd, 4318651.993, 140
Trd, 4318652.443, 140
Trd, 4318654.193, 140
Trd, 4318655.043, 140
Trd, 4318656.093, 140
Trd, 4318656.243, 140
Trd, 4318656.743, 140
Trd, 4318658.243, 140
Trd, 4318659.593, 140
Trd, 4318659.643, 140
Trd, 4318659.943, 140
Trd, 4318659.993, 140
Trd, 4318661.743, 140
Trd, 4318662.143, 140
Trd, 4318662.593, 140
Trd, 4318663.143, 140
Trd, 4318663.693, 138
Trd, 4318664.393, 140
Trd, 4318666.293, 140
Trd, 4318668.343, 140
Trd, 4318668.793, 140
Trd, 4318669.143, 140
Trd, 4318669.343, 140
Trd, 4318669.843, 140
Trd, 4318671.043, 140
Trd, 4318671.193, 140
Trd, 4318671.693, 140
Trd, 4318673.643, 140
Trd, 4318674.593, 140
Trd, 4318674.643, 140
Trd, 4318675.493, 140
Trd, 4318678.393, 140
Trd, 4318678.893, 140
Trd, 4318679.443, 140
Trd, 4318680.143, 140
Trd, 4318680.493, 140
Trd, 4318681.243, 140
Trd, 4318682.943, 140
Trd, 4318683.393, 140
Trd, 4318684.543, 140
Trd, 4318684.693, 140
Trd, 4318686.193, 140
Trd, 4318686.543, 140
Trd, 4318688.043, 140
Trd, 4318688.393, 140
Trd, 4318688.493, 140
Trd, 4318688.843, 140
Trd, 4318692.443, 140
Trd, 4318693.143, 140
Trd, 4318693.343, 140
Trd, 4318694.143, 140
Trd, 4318695.043, 140
Trd, 4318695.493, 140
Trd, 4318695.593, 140
Trd, 4318698.743, 140
Trd, 4318698.843, 140
Trd, 4318699.393, 140
Trd, 4318700.193, 140
Trd, 4318700.243, 140
Trd, 4318701.243, 140
Trd, 4318701.893, 140
Trd, 4318702.193, 140
Trd, 4318702.493, 140
Trd, 4318704.943, 140
Trd, 4318705.293, 140
Trd, 4318706.543, 140
Trd, 4318707.193, 140
Trd, 4318709.843, 140
Trd, 4318710.593, 140
Trd, 4318710.893, 140
Trd, 4318711.393, 140
Trd, 4318712.293, 140
Trd, 4318713.493, 140
Trd, 4318713.793, 140
Trd, 4318714.343, 140
Trd, 4318714.443, 140
Trd, 4318715.643, 140
Trd, 4318715.743, 140
Trd, 4318716.793, 140
Trd, 4318716.993, 140
Trd, 4318717.343, 140
Trd, 4318719.293, 140
Trd, 4318719.993, 140
Trd, 4318720.243, 140
Trd, 4318720.843, 140
Trd, 4318721.943, 140
Trd, 4318722.743, 140
Trd, 4318722.993, 140
Trd, 4318723.293, 140
Trd, 4318723.793, 140
Trd, 4318725.543, 140
Trd, 4318726.343, 140
Trd, 4318726.393, 140
Trd, 4318728.793, 140
Trd, 4318729.993, 140
Trd, 4318730.493, 140
Trd, 4318730.993, 140
Trd, 4318731.593, 140
Trd, 4318733.293, 140
Trd, 4318734.393, 140
Trd, 4318734.643, 140
Trd, 4318735.793, 140
Trd, 4318737.493, 140
Trd, 4318738.093, 140
Trd, 4318738.193, 140
Trd, 4318738.543, 140
Trd, 4318738.643, 140
Trd, 4318740.393, 140
Trd, 4318740.743, 140
Trd, 4318742.043, 140
Trd, 4318742.493, 140
Trd, 4318742.993, 140
Trd, 4318743.093, 140
Trd, 4318743.343, 140
Trd, 4318743.743, 140
Trd, 4318744.043, 140
Trd, 4318747.143, 140
Trd, 4318747.343, 140
Trd, 4318748.393, 140
Trd, 4318748.543, 140
Trd, 4318749.193, 140
Trd, 4318750.643, 140
Trd, 4318751.393, 140
Trd, 4318752.243, 140
Trd, 4318753.093, 140
Trd, 4318753.193, 140
Trd, 4318753.543, 140
Trd, 4318753.843, 139
Trd, 4318755.243, 140
Trd, 4318757.443, 140
Trd, 4318757.643, 140
Trd, 4318758.243, 140
Trd, 4318758.943, 140
Trd, 4318759.743, 140
Trd, 4318760.293, 140
Trd, 4318762.193, 140
Trd, 4318762.893, 140
Trd, 4318763.593, 138
Trd, 4318764.943, 140
Trd, 4318765.043, 140
Trd, 4318767.043, 140
Trd, 4318767.093, 140
Trd, 4318768.393, 140
Trd, 4318769.493, 140
Trd, 4318771.343, 140
Trd, 4318771.443, 140
Trd, 4318771.693, 140
Trd, 4318774.493, 140
Trd, 4318774.943, 140
Trd, 4318775.593, 140
Trd, 4318775.643, 140
Trd, 4318777.693, 140
Trd, 4318778.193, 140
Trd, 4318778.293, 140
Trd, 4318778.543, 140
Trd, 4318780.393, 140
Trd, 4318780.443, 140
Trd, 4318781.143, 140
Trd, 4318782.143, 140
Trd, 4318783.143, 140
Trd, 4318783.243, 140
Trd, 4318783.543, 140
Trd, 4318784.193, 140
Trd, 4318784.943, 140
Trd, 4318785.543, 140
Trd, 4318785.793, 140
Trd, 4318787.393, 140
Trd, 4318787.543, 140
Trd, 4318787.943, 140
Trd, 4318789.793, 140
Trd, 4318790.243, 140
Trd, 4318791.243, 140
Trd, 4318792.443, 140
Trd, 4318792.643, 140
Trd, 4318792.793, 140
Trd, 4318793.093, 140
Trd, 4318794.593, 140
Trd, 4318796.143, 140
Trd, 4318796.693, 140
Trd, 4318797.043, 140
Trd, 4318797.293, 140
Trd, 4318797.793, 140
Trd, 4318799.993, 140
Trd, 4318800.793, 140
Trd, 4318801.043, 140
Trd, 4318801.593, 140
Trd, 4318802.193, 140
Trd, 4318802.493, 140
Trd, 4318803.793, 140
Trd, 4318804.243, 140
Trd, 4318807.493, 140
Trd, 4318808.093, 140
Trd, 4318808.143, 140
Trd, 4318808.593, 140
Trd, 4318808.993, 140
Trd, 4318809.443, 140
Trd, 4318811.143, 140
Trd, 4318811.843, 140
Trd, 4318812.693, 140
Trd, 4318812.843, 140
Trd, 4318813.643, 140
Trd, 4318814.193, 140
Trd, 4318815.393, 140
Trd, 4318815.793, 140
Trd, 4318816.093, 140
Trd, 4318816.343, 139
Trd, 4318817.743, 140
Trd, 4318817.893, 140
Trd, 4318819.393, 140
Trd, 4318820.543, 140
Trd, 4318821.343, 140
Trd, 4318822.393, 140
Trd, 4318823.293, 140
Trd, 4318823.443, 140
Trd, 4318824.793, 140
Trd, 4318827.143, 140
Trd, 4318827.443, 140
Trd, 4318827.743, 140
Trd, 4318827.893, 140
Trd, 4318828.593, 140
Trd, 4318831.093, 140
Trd, 4318832.043, 140
Trd, 4318833.043, 140
Trd, 4318833.143, 140
Trd, 4318833.993, 139
Trd, 4318834.193, 140
Trd, 4318835.443, 140
Trd, 4318836.493, 140
Trd, 4318838.593, 140
Trd, 4318838.993, 140
Trd, 4318839.943, 140
Trd, 4318840.293, 140
Trd, 4318841.343, 140
Trd, 4318841.893, 140
Trd, 4318842.293, 140
Trd, 4318842.943, 140
Trd, 4318844.793, 140
Trd, 4318845.643, 140
Trd, 4318846.343, 140
Trd, 4318846.643, 140
Trd, 4318847.043, 140
Trd, 4318847.293, 140
Trd, 4318849.593, 140
Trd, 4318850.143, 140
Trd, 4318850.493, 140
Trd, 4318851.393, 140
Trd, 4318851.743, 140
Trd, 4318852.493, 140
Trd, 4318854.193, 140
Trd, 4318854.593, 140
Trd, 4318855.293, 140
Trd, 4318855.943, 140
Trd, 4318857.043, 140
Trd, 4318857.093, 140
Trd, 4318857.593, 140
Trd, 4318857.643, 137
Trd, 4318858.293, 140
Trd, 4318858.993, 137
Trd, 4318859.443, 140
Trd, 4318859.643, 140
Trd, 4318860.893, 140
Trd, 4318862.193, 139
Trd, 4318862.293, 139
Trd, 4318862.393, 138
Trd, 4318864.443, 126
Trd, 4318865.243, 125
Trd, 4318866.693, 62
Trd, 4318867.043, 61
Trd, 4318868.693, 60
Trd, 4318868.793, 60
Trd, 4318871.193, 60
Trd, 4318871.643, 60
Trd, 4318871.993, 60
Trd, 4318872.243, 65
Trd, 4318872.543, 66
Trd, 4318873.043, 67
Trd, 4318873.193, 62
Trd, 4318873.393, 77
Trd, 4318874.343, 105
Trd, 4318875.293, 140
Trd, 4318876.293, 60
Trd, 4318877.293, 64
Trd, 4318878.893, 61
Trd, 4318879.943, 61
Trd, 4318880.093, 62
Trd, 4318880.693, 98
Trd, 4318881.743, 60
Trd, 4318882.443, 130
Trd, 4318883.693, 126
Trd, 4318884.993, 140
Trd, 4318885.993, 140
Trd, 4318886.993, 140
Trd, 4318887.243, 140
Trd, 4318888.343, 140
Trd, 4318888.443, 140
Trd, 4318889.193, 140
Trd, 4318889.843, 140
Trd, 4318891.093, 140
Trd, 4318891.993, 140
Trd, 4318893.293, 140
Trd, 4318894.593, 140
Trd, 4318895.093, 140
Trd, 4318895.443, 140
Trd, 4318897.693, 140
Trd, 4318897.793, 140
Trd, 4318898.193, 140
Trd, 4318899.293, 140
Trd, 4318899.443, 140
Trd, 4318900.443, 140
Trd, 4318900.543, 140
Trd, 4318902.393, 140
Trd, 4318903.343, 140
Trd, 4318903.743, 140
Trd, 4318904.893, 140
Trd, 4318905.293, 140
Trd, 4318905.393, 140
Trd, 4318905.943, 140
Trd, 4318906.893, 140
Trd, 4318908.243, 140
Trd, 4318909.643, 140
Trd, 4318910.243, 140
Trd, 4318910.443, 140
Trd, 4318912.593, 140
Trd, 4318913.443, 140
Trd, 4318914.693, 140
Trd, 4318914.943, 140
Trd, 4318915.193, 140
Trd, 4318915.493, 140
Trd, 4318915.843, 140
Trd, 4318917.093, 140
Trd, 4318917.443, 140
Trd, 4318917.893, 140
Trd, 4318919.493, 140
Trd, 4318920.443, 140
Trd, 4318920.693, 140
Trd, 4318921.993, 140
Trd, 4318923.393, 140
Trd, 4318923.493, 140
Trd, 4318923.643, 140
Trd, 4318925.593, 140
Trd, 4318925.643, 140
Trd, 4318925.993, 140
Trd, 4318928.943, 140
Trd, 4318929.693, 140
Trd, 4318929.943, 140
Trd, 4318930.343, 140
Trd, 4318930.943, 140
Trd, 4318932.593, 140
Trd, 4318933.143, 140
Trd, 4318935.093, 140
Trd, 4318935.743, 140
Trd, 4318935.843, 140
Trd, 4318935.893, 140
Trd, 4318936.293, 140
Trd, 4318936.743, 140
Trd, 4318937.193, 140
Trd, 4318938.693, 140
Trd, 4318938.993, 140
Trd, 4318940.143, 140
Trd, 4318941.093, 140
Trd, 4318941.393, 140
Trd, 4318943.043, 140
Trd, 4318944.743, 140
Trd, 4318945.843, 140
Trd, 4318946.243, 140
Trd, 4318947.843, 140
Trd, 4318949.543, 140
Trd, 4318949.993, 140
Trd, 4318950.043, 140
Trd, 4318950.343, 140
Trd, 4318951.293, 140
Trd, 4318951.643, 140
Trd, 4318951.743, 140
Trd, 4318951.893, 139
Trd, 4318952.893, 140
Trd, 4318953.893, 140
Trd, 4318954.693, 140
Trd, 4318957.493, 140
Trd, 4318957.693, 140
Trd, 4318958.343, 140
Trd, 4318959.443, 140
Trd, 4318959.493, 140
Trd, 4318960.293, 140
Trd, 4318960.493, 140
Trd, 4318961.293, 140
Trd, 4318961.693, 140
Trd, 4318961.743, 140
Trd, 4318962.793, 60
Trd, 4318962.893, 66
Trd, 4318963.843, 140
Trd, 4318964.943, 140
Trd, 4318967.243, 140
Trd, 4318967.543, 140
Trd, 4318968.743, 140
Trd, 4318968.993, 140
Trd, 4318970.143, 140
Trd, 4318970.443, 140
Trd, 4318971.143, 140
Trd, 4318972.143, 140
Trd, 4318973.493, 140
Trd, 4318973.793, 140
Trd, 4318973.943, 140
Trd, 4318975.693, 140
Trd, 4318975.993, 140
Trd, 4318976.943, 140
Trd, 4318977.793, 140
Trd, 4318977.843, 140
Trd, 4318978.443, 140
Trd, 4318978.693, 140
Trd, 4318980.643, 140
Trd, 4318980.993, 140
Trd, 4318982.743, 140
Trd, 4318983.643, 140
Trd, 4318984.543, 140
Trd, 4318984.643, 140
Trd, 4318986.093, 140
Trd, 4318986.693, 140
Trd, 4318986.843, 140
Trd, 4318987.543, 140
Trd, 4318987.843, 140
Trd, 4318989.543, 140
Trd, 4318990.193, 140
Trd, 4318990.343, 140
Trd, 4318991.193, 140
Trd, 4318991.743, 140
Trd, 4318992.493, 140
Trd, 4318993.093, 140
Trd, 4318993.643, 140
Trd, 4318995.693, 140
Trd, 4318997.493, 140
Trd, 4318998.243, 140
Trd, 4318999.193, 140
Trd, 4319000.543, 140
Trd, 4319001.343, 140
Trd, 4319001.543, 140
Trd, 4319001.943, 140
Trd, 4319002.343, 140
Trd, 4319002.843, 140
Trd, 4319003.743, 140
Trd, 4319004.943, 140
Trd, 4319005.343, 140
Trd, 4319005.593, 140
Trd, 4319005.693, 140
Trd, 4319006.043, 140
Trd, 4319006.293, 139
Trd, 4319007.543, 139
Trd, 4319008.143, 140
Trd, 4319008.743, 140
Trd, 4319009.643, 140
Trd, 4319011.243, 140
Trd, 4319011.593, 140
Trd, 4319012.243, 140
Trd, 4319012.343, 138
Trd, 4319014.093, 61
Trd, 4319014.643, 62
Trd, 4319015.293, 60
Trd, 4319015.993, 65
Trd, 4319016.793, 64
Trd, 4319017.543, 61
Trd, 4319019.343, 60
Trd, 4319019.443, 63
Trd, 4319020.093, 140
Trd, 4319020.593, 140
Trd, 4319021.143, 140
Trd, 4319022.293, 140
Trd, 4319022.943, 140
Trd, 4319024.743, 140
Trd, 4319025.643, 140
Trd, 4319025.993, 140
Trd, 4319026.793, 140
Trd, 4319027.893, 140
Trd, 4319027.993, 139
Trd, 4319028.893, 140
Trd, 4319029.893, 140
Trd, 4319031.343, 140
Trd, 4319031.793, 140
Trd, 4319031.943, 140
Trd, 4319032.443, 140
Trd, 4319034.093, 140
Trd, 4319034.843, 140
Trd, 4319035.443, 140
Trd, 4319036.643, 140
Trd, 4319036.693, 140
Trd, 4319037.943, 140
Trd, 4319038.243, 140
Trd, 4319038.693, 140
Trd, 4319039.393, 140
Trd, 4319042.043, 140
Trd, 4319042.193, 140
Trd, 4319042.393, 140
Trd, 4319043.743, 140
Trd, 4319044.843, 140
Trd, 4319045.343, 140
Trd, 4319046.693, 140
Trd, 4319047.343, 140
Trd, 4319049.593, 140
Trd, 4319050.093, 140
Trd, 4319050.243, 140
Trd, 4319050.343, 140
Trd, 4319050.743, 140
Trd, 4319051.843, 140
Trd, 4319052.243, 140
Trd, 4319052.693, 140
Trd, 4319053.493, 140
Trd, 4319054.993, 140
Trd, 4319055.043, 140
Trd, 4319056.143, 140
Trd, 4319056.743, 140
Trd, 4319056.793, 140
Trd, 4319056.943, 140
Trd, 4319058.843, 140
Trd, 4319059.393, 140
Trd, 4319059.943, 140
Trd, 4319059.993, 140
Trd, 4319061.893, 140
Trd, 4319063.793, 140
Trd, 4319065.043, 140
Trd, 4319065.643, 140
Trd, 4319066.093, 140
Trd, 4319066.393, 140
Trd, 4319066.543, 140
Trd, 4319068.193, 140
Trd, 4319071.143, 140
Trd, 4319071.893, 140
Trd, 4319072.143, 140
Trd, 4319072.643, 140
Trd, 4319073.193, 140
Trd, 4319074.043, 140
Trd, 4319074.493, 140
Trd, 4319075.243, 140
Trd, 4319076.493, 140
Trd, 4319077.143, 140
Trd, 4319078.343, 140
Trd, 4319080.143, 140
Trd, 4319080.343, 140
Trd, 4319080.693, 140
Trd, 4319080.893, 140
Trd, 4319081.243, 140
Trd, 4319082.643, 140
Trd, 4319083.093, 140
Trd, 4319083.743, 140
Trd, 4319084.993, 140
Trd, 4319085.093, 140
Trd, 4319085.893, 140
Trd, 4319086.043, 140
Trd, 4319086.493, 140
Trd, 4319087.243, 140
Trd, 4319088.993, 140
Trd, 4319089.243, 140
Trd, 4319089.393, 140
Trd, 4319091.093, 140
Trd, 4319091.543, 140
Trd, 4319092.343, 140
Trd, 4319093.943, 140
Trd, 4319095.043, 140
Trd, 4319095.793, 140
Trd, 4319095.943, 140
Trd, 4319096.093, 140
Trd, 4319097.293, 140
Trd, 4319097.643, 140
Trd, 4319098.543, 140
Trd, 4319100.393, 140
Trd, 4319100.593, 140
Trd, 4319100.843, 140
Trd, 4319101.093, 140
Trd, 4319103.543, 140
Trd, 4319103.943, 140
Trd, 4319104.893, 140
Trd, 4319105.293, 140
Trd, 4319106.193, 140
Trd, 4319107.843, 140
Trd, 4319109.243, 140
Trd, 4319109.543, 140
Trd, 4319110.093, 140
Trd, 4319110.993, 140
Trd, 4319112.193, 140
Trd, 4319112.243, 140
Trd, 4319114.043, 140
Trd, 4319115.143, 140
Trd, 4319115.243, 140
Trd, 4319115.343, 140
Trd, 4319117.093, 140
Trd, 4319118.293, 140
Trd, 4319118.593, 140
Trd, 4319118.893, 140
Trd, 4319120.643, 140
Trd, 4319120.743, 140
Trd, 4319120.843, 140
Trd, 4319121.593, 140
Trd, 4319122.593, 140
Trd, 4319123.243, 140
Trd, 4319124.893, 140
Trd, 4319124.993, 140
Trd, 4319125.493, 140
Trd, 4319127.943, 140
Trd, 4319128.593, 140
Trd, 4319129.143, 140
Trd, 4319129.493, 140
Trd, 4319130.093, 140
Trd, 4319130.443, 140
Trd, 4319131.243, 140
Trd, 4319132.693, 140
Trd, 4319133.943, 140
Trd, 4319134.493, 140
Trd, 4319134.893, 140
Trd, 4319135.993, 140
Trd, 4319136.143, 140
Trd, 4319137.593, 140
Trd, 4319137.693, 140
Trd, 4319137.993, 140
Trd, 4319139.993, 140
Trd, 4319140.743, 140
Trd, 4319142.293, 140
Trd, 4319142.993, 140
Trd, 4319143.843, 140
Trd, 4319144.293, 140
Trd, 4319144.443, 140
Trd, 4319145.143, 140
Trd, 4319145.593, 140
Trd, 4319146.293, 140
Trd, 4319146.393, 140
Trd, 4319146.543, 140
Trd, 4319148.343, 140
Trd, 4319148.443, 140
Trd, 4319149.893, 140
Trd, 4319151.343, 140
Trd, 4319151.593, 140
Trd, 4319151.943, 140
Trd, 4319152.743, 140
Trd, 4319153.993, 140
Trd, 4319154.093, 140
Trd, 4319154.443, 140
Trd, 4319155.093, 140
Trd, 4319155.993, 140
Trd, 4319156.743, 140
Trd, 4319158.743, 140
Trd, 4319160.293, 140
Trd, 4319161.593, 140
Trd, 4319162.043, 140
Trd, 4319162.693, 140
Trd, 4319163.693, 140
Trd, 4319164.693, 140
Trd, 4319165.593, 140
Trd, 4319166.343, 140
Trd, 4319166.893, 140
Trd, 4319166.943, 140
Trd, 4319167.043, 140
Trd, 4319168.093, 140
Trd, 4319168.993, 140
Trd, 4319169.643, 140
Trd, 4319170.343, 140
Trd, 4319171.693, 140
Trd, 4319172.193, 140
Trd, 4319173.193, 140
Trd, 4319173.993, 140
Trd, 4319174.193, 140
Trd, 4319174.743, 140
Trd, 4319175.243, 140
Trd, 4319178.293, 140
Trd, 4319178.843, 140
Trd, 4319179.393, 140
Trd, 4319179.743, 140
Trd, 4319181.643, 140
Trd, 4319181.793, 140
Trd, 4319182.443, 140
Trd, 4319183.243, 140
Trd, 4319183.743, 140
Trd, 4319184.943, 140
Trd, 4319185.193, 140
Trd, 4319185.243, 140
Trd, 4319186.343, 140
Trd, 4319186.593, 140
Trd, 4319187.343, 140
Trd, 4319189.893, 140
Trd, 4319190.043, 140
Trd, 4319191.643, 140
Trd, 4319191.943, 140
Trd, 4319194.543, 140
Trd, 4319194.743, 140
Trd, 4319194.943, 140
Trd, 4319195.543, 140
Trd, 4319196.693, 140
Trd, 4319197.443, 140
Trd, 4319197.693, 140
Trd, 4319197.943, 140
Trd, 4319198.393, 140
Trd, 4319198.693, 140
Trd, 4319199.893, 140
Trd, 4319200.093, 140
Trd, 4319202.443, 140
Trd, 4319203.493, 140
Trd, 4319203.593, 140
Trd, 4319203.993, 140
Trd, 4319204.793, 140
Trd, 4319205.143, 140
Trd, 4319207.143, 140
Trd, 4319207.443, 140
Trd, 4319208.093, 140
Trd, 4319208.393, 140
Trd, 4319208.593, 140
Trd, 4319210.393, 140
Trd, 4319212.943, 140
Trd, 4319213.893, 140
Trd, 4319214.443, 140
Trd, 4319215.243, 140
Trd, 4319215.993, 140
Trd, 4319218.443, 140
Trd, 4319219.093, 140
Trd, 4319219.793, 140
Trd, 4319220.543, 140
Trd, 4319221.393, 140
Trd, 4319222.193, 140
Trd, 4319223.593, 140
Trd, 4319223.643, 140
Trd, 4319224.343, 140
Trd, 4319225.343, 140
Trd, 4319225.443, 140
Trd, 4319226.243, 139
Trd, 4319226.593, 140
Trd, 4319226.843, 140
Trd, 4319227.893, 137
Trd, 4319230.143, 140
Trd, 4319230.893, 140
Trd, 4319231.543, 140
Trd, 4319232.043, 140
Trd, 4319232.443, 140
Trd, 4319233.743, 140
Trd, 4319233.843, 140
Trd, 4319234.143, 140
Trd, 4319235.143, 140
Trd, 4319235.943, 140
Trd, 4319236.043, 140
Trd, 4319236.593, 140
Trd, 4319236.743, 138
Trd, 4319238.543, 140
Trd, 4319238.993, 140
Trd, 4319239.293, 140
Trd, 4319239.493, 138
Trd, 4319240.993, 140
Trd, 4319241.093, 140
Trd, 4319241.193, 140
Trd, 4319241.393, 140
Trd, 4319244.043, 140
Trd, 4319244.143, 139
Trd, 4319244.893, 140
Trd, 4319246.993, 140
Trd, 4319248.893, 140
Trd, 4319249.543, 140
Trd, 4319249.743, 140
Trd, 4319250.743, 140
Trd, 4319250.793, 140
Trd, 4319251.093, 140
Trd, 4319252.993, 140
Trd, 4319253.243, 140
Trd, 4319253.593, 140
Trd, 4319253.643, 140
Trd, 4319254.093, 140
Trd, 4319254.443, 140
Trd, 4319255.843, 140
Trd, 4319256.643, 140
Trd, 4319257.143, 140
Trd, 4319258.743, 140
Trd, 4319260.243, 140
Trd, 4319261.393, 140
Trd, 4319261.693, 140
Trd, 4319261.843, 140
Trd, 4319262.793, 140
Trd, 4319263.293, 140
Trd, 4319263.643, 140
Trd, 4319263.893, 140
Trd, 4319265.443, 140
Trd, 4319266.543, 140
Trd, 4319267.043, 140
Trd, 4319268.643, 140
Trd, 4319269.493, 140
Trd, 4319270.443, 140
Trd, 4319270.993, 140
Trd, 4319271.093, 140
Trd, 4319271.843, 140
Trd, 4319272.793, 140
Trd, 4319273.393, 140
Trd, 4319275.093, 140
Trd, 4319275.143, 140
Trd, 4319275.643, 140
Trd, 4319276.643, 140
Trd, 4319277.543, 140
Trd, 4319278.743, 140
Trd, 4319279.093, 140
Trd, 4319280.093, 140
Trd, 4319280.793, 140
Trd, 4319281.343, 140
Trd, 4319281.393, 140
Trd, 4319282.693, 140
Trd, 4319283.343, 140
Trd, 4319283.743, 140
Trd, 4319283.793, 140
Trd, 4319285.343, 140
Trd, 4319285.843, 140
Trd, 4319286.293, 140
Trd, 4319287.443, 140
Trd, 4319289.193, 140
Trd, 4319289.293, 140
Trd, 4319290.543, 140
Trd, 4319290.793, 140
Trd, 4319291.793, 140
Trd, 4319291.993, 140
Trd, 4319292.293, 140
Trd, 4319292.343, 140
Trd, 4319293.043, 140
Trd, 4319295.043, 140
Trd, 4319296.193, 140
Trd, 4319296.443, 140
Trd, 4319297.393, 140
Trd, 4319299.143, 140
Trd, 4319299.793, 140
Trd, 4319300.343, 140
Trd, 4319301.493, 140
Trd, 4319301.943, 140
Trd, 4319301.993, 140
Trd, 4319302.593, 140
Trd, 4319303.743, 140
Trd, 4319303.943, 140
Trd, 4319304.643, 140
Trd, 4319305.243, 140
Trd, 4319307.293, 140
Trd, 4319307.943, 140
Trd, 4319308.393, 140
Trd, 4319309.043, 140
Trd, 4319310.193, 140
Trd, 4319311.643, 140
Trd, 4319311.993, 140
Trd, 4319312.543, 140
Trd, 4319312.693, 140
Trd, 4319313.843, 140
Trd, 4319315.093, 140
Trd, 4319316.093, 140
Trd, 4319316.443, 140
Trd, 4319316.643, 140
Trd, 4319318.343, 140
Trd, 4319318.743, 140
Trd, 4319318.793, 140
Trd, 4319320.893, 140
Trd, 4319320.943, 140
Trd, 4319321.493, 140
Trd, 4319322.743, 140
Trd, 4319323.043, 140
Trd, 4319323.993, 140
Trd, 4319326.093, 140
Trd, 4319327.143, 140
Trd, 4319327.193, 140
Trd, 4319327.443, 140
Trd, 4319327.893, 140
Trd, 4319328.293, 140
Trd, 4319329.043, 140
Trd, 4319330.393, 140
Trd, 4319330.443, 140
Trd, 4319331.393, 140
Trd, 4319332.893, 140
Trd, 4319332.943, 140
Trd, 4319334.543, 140
Trd, 4319334.893, 140
Trd, 4319334.943, 140
Trd, 4319335.593, 140
Trd, 4319336.543, 140
Trd, 4319337.543, 140
Trd, 4319339.693, 140
Trd, 4319340.443, 140
Trd, 4319340.793, 140
Trd, 4319341.593, 140
Trd, 4319342.893, 140
Trd, 4319343.193, 140
Trd, 4319344.593, 140
Trd, 4319344.993, 140
Trd, 4319345.493, 140
Trd, 4319346.493, 140
Trd, 4319347.793, 140
Trd, 4319348.443, 140
Trd, 4319348.693, 140
Trd, 4319349.393, 140
Trd, 4319350.193, 140
Trd, 4319350.643, 140
Trd, 4319352.743, 140
Trd, 4319353.043, 140
Trd, 4319353.343, 139
Trd, 4319353.393, 138
Trd, 4319353.793, 138
Trd, 4319354.993, 140
Trd, 4319355.043, 140
Trd, 4319357.793, 140
Trd, 4319357.943, 140
Trd, 4319358.143, 140
Trd, 4319359.243, 140
Trd, 4319360.493, 140
Trd, 4319361.243, 140
Trd, 4319361.693, 140
Trd, 4319362.343, 140
Trd, 4319362.543, 140
Trd, 4319363.943, 140
Trd, 4319366.843, 140
Trd, 4319367.493, 140
Trd, 4319367.643, 140
Trd, 4319367.943, 140
Trd, 4319368.343, 140
Trd, 4319369.493, 140
Trd, 4319370.343, 140
Trd, 4319370.893, 140
Trd, 4319371.143, 140
Trd, 4319372.793, 140
Trd, 4319373.993, 140
Trd, 4319374.793, 140
Trd, 4319375.143, 140
Trd, 4319375.293, 140
Trd, 4319377.193, 140
Trd, 4319378.993, 140
Trd, 4319379.343, 140
Trd, 4319380.943, 140
Trd, 4319381.193, 140
Trd, 4319381.343, 140
Trd, 4319382.143, 140
Trd, 4319382.193, 140
Trd, 4319383.393, 140
Trd, 4319383.743, 140
Trd, 4319384.643, 140
Trd, 4319385.343, 140
Trd, 4319386.393, 140
Trd, 4319386.843, 140
Trd, 4319387.293, 140
Trd, 4319388.193, 140
Trd, 4319388.943, 140
Trd, 4319389.793, 140
Trd, 4319391.093, 140
Trd, 4319391.143, 140
Trd, 4319391.193, 140
Trd, 4319391.443, 140
Trd, 4319392.693, 140
Trd, 4319393.043, 140
Trd, 4319393.493, 140
Trd, 4319393.693, 138
Trd, 4319394.793, 139
Trd, 4319395.093, 140
Trd, 4319396.693, 140
Trd, 4319397.543, 139
Trd, 4319398.443, 140
Trd, 4319399.043, 140
Trd, 4319399.343, 140
Trd, 4319400.193, 140
Trd, 4319401.143, 140
Trd, 4319401.993, 140
Trd, 4319403.543, 140
Trd, 4319405.393, 140
Trd, 4319405.443, 140
Trd, 4319405.743, 140
Trd, 4319405.793, 140
Trd, 4319406.493, 140
Trd, 4319406.793, 140
Trd, 4319408.043, 140
Trd, 4319408.343, 140
Trd, 4319409.793, 140
Trd, 4319411.043, 140
Trd, 4319411.193, 140
Trd, 4319412.043, 140
Trd, 4319412.893, 140
Trd, 4319414.593, 140
Trd, 4319414.893, 140
Trd, 4319415.693, 140
Trd, 4319416.493, 140
Trd, 4319417.543, 140
Trd, 4319419.193, 140
Trd, 4319419.643, 140
Trd, 4319422.143, 140
Trd, 4319422.543, 140
Trd, 4319422.893, 140
Trd, 4319423.143, 140
Trd, 4319423.443, 140
Trd, 4319424.043, 140
Trd, 4319425.693, 140
Trd, 4319426.893, 140
Trd, 4319426.993, 140
Trd, 4319427.393, 140
Trd, 4319428.493, 140
Trd, 4319429.243, 140
Trd, 4319429.743, 140
Trd, 4319429.993, 140
Trd, 4319430.643, 140
Trd, 4319431.443, 140
Trd, 4319431.843, 140
Trd, 4319432.743, 140
Trd, 4319432.993, 140
Trd, 4319433.343, 139
Trd, 4319433.743, 140
Trd, 4319434.393, 140
Trd, 4319434.993, 139
Trd, 4319435.343, 140
Trd, 4319436.593, 140
Trd, 4319439.393, 140
Trd, 4319439.993, 140
Trd, 4319440.643, 140
Trd, 4319440.843, 140
Trd, 4319441.743, 140
Trd, 4319442.243, 140
Trd, 4319442.943, 140
Trd, 4319444.943, 140
Trd, 4319445.343, 140
Trd, 4319445.493, 140
Trd, 4319446.193, 140
Trd, 4319446.293, 140
Trd, 4319446.393, 140
Trd, 4319449.693, 140
Trd, 4319449.843, 140
Trd, 4319449.993, 140
Trd, 4319450.493, 140
Trd, 4319451.143, 140
Trd, 4319452.343, 140
Trd, 4319452.393, 140
Trd, 4319452.993, 140
Trd, 4319453.043, 139
Trd, 4319453.843, 139
Trd, 4319454.693, 140
Trd, 4319455.243, 140
Trd, 4319455.543, 139
Trd, 4319456.193, 140
Trd, 4319458.593, 140
Trd, 4319458.943, 140
Trd, 4319459.343, 140
Trd, 4319459.943, 140
Trd, 4319462.343, 140
Trd, 4319462.543, 140
Trd, 4319463.643, 140
Trd, 4319463.743, 140
Trd, 4319465.143, 140
Trd, 4319465.343, 140
Trd, 4319465.943, 140
Trd, 4319467.143, 138
Trd, 4319469.843, 140
Trd, 4319470.043, 140
Trd, 4319470.443, 140
Trd, 4319470.843, 140
Trd, 4319472.293, 140
Trd, 4319473.443, 140
Trd, 4319473.493, 140
Trd, 4319474.093, 140
Trd, 4319474.693, 140
Trd, 4319474.843, 140
Trd, 4319475.293, 140
Trd, 4319477.543, 140
Trd, 4319477.893, 140
Trd, 4319477.943, 140
Trd, 4319478.293, 140
Trd, 4319478.793, 139
Trd, 4319480.693, 140
Trd, 4319481.193, 140
Trd, 4319481.493, 140
Trd, 4319482.043, 140
Trd, 4319483.393, 140
Trd, 4319483.643, 140
Trd, 4319484.393, 140
Trd, 4319485.143, 140
Trd, 4319486.643, 140
Trd, 4319486.893, 140
Trd, 4319487.493, 140
Trd, 4319487.593, 140
Trd, 4319489.043, 140
Trd, 4319489.293, 140
Trd, 4319490.793, 140
Trd, 4319491.493, 140
Trd, 4319492.593, 140
Trd, 4319493.093, 140
Trd, 4319493.393, 140
Trd, 4319493.543, 140
Trd, 4319494.343, 140
Trd, 4319495.043, 140
Trd, 4319495.893, 140
Trd, 4319497.843, 140
Trd, 4319498.143, 140
Trd, 4319498.693, 139
Trd, 4319499.943, 140
Trd, 4319501.043, 140
Trd, 4319501.943, 140
Trd, 4319505.293, 140
Trd, 4319505.493, 140
Trd, 4319505.643, 140
Trd, 4319505.943, 140
Trd, 4319506.643, 140
Trd, 4319508.593, 140
Trd, 4319508.693, 140
Trd, 4319508.943, 140
Trd, 4319509.643, 140
Trd, 4319509.943, 140
Trd, 4319510.293, 140
Trd, 4319511.343, 140
Trd, 4319513.243, 140
Trd, 4319514.193, 140
Trd, 4319516.193, 140
Trd, 4319516.343, 140
Trd, 4319517.643, 140
Trd, 4319518.093, 140
Trd, 4319518.643, 140
Trd, 4319519.543, 140
Trd, 4319520.243, 140
Trd, 4319520.343, 140
Trd, 4319521.093, 140
Trd, 4319521.843, 140
Trd, 4319522.493, 140
Trd, 4319524.793, 140
Trd, 4319525.193, 140
Trd, 4319525.393, 140
Trd, 4319525.493, 140
Trd, 4319527.893, 140
Trd, 4319527.993, 140
Trd, 4319528.393, 140
Trd, 4319528.593, 140
Trd, 4319528.693, 140
Trd, 4319529.643, 140
Trd, 4319530.043, 140
Trd, 4319530.293, 140
Trd, 4319531.643, 140
Trd, 4319532.343, 140
Trd, 4319533.793, 140
Trd, 4319533.893, 140
Trd, 4319534.543, 140
Trd, 4319535.693, 140
Trd, 4319536.643, 140
Trd, 4319537.493, 140
Trd, 4319537.793, 140
Trd, 4319538.243, 140
Trd, 4319540.243, 140
Trd, 4319540.493, 140
Trd, 4319540.643, 140
Trd, 4319540.843, 140
Trd, 4319541.293, 140
Trd, 4319542.843, 140
Trd, 4319543.343, 140
Trd, 4319543.443, 140
Trd, 4319545.193, 140
Trd, 4319545.243, 140
Trd, 4319545.593, 140
Trd, 4319547.043, 140
Trd, 4319549.793, 140
Trd, 4319549.943, 140
Trd, 4319550.543, 140
Trd, 4319552.093, 140
Trd, 4319552.243, 140
Trd, 4319552.593, 140
Trd, 4319553.593, 140
Trd, 4319554.393, 140
Trd, 4319554.643, 140
Trd, 4319556.243, 140
Trd, 4319557.693, 140
Trd, 4319558.393, 140
Trd, 4319558.443, 140
Trd, 4319559.343, 140
Trd, 4319559.893, 140
Trd, 4319560.243, 140
Trd, 4319560.843, 140
Trd, 4319561.443, 140
Trd, 4319561.943, 140
Trd, 4319562.143, 140
Trd, 4319563.243, 140
Trd, 4319563.493, 140
Trd, 4319564.793, 140
Trd, 4319566.543, 140
Trd, 4319567.543, 140
Trd, 4319568.093, 140
Trd, 4319568.543, 140
Trd, 4319569.243, 140
Trd, 4319569.543, 140
Trd, 4319569.693, 140
Trd, 4319570.293, 140
Trd, 4319572.893, 140
Trd, 4319574.793, 140
Trd, 4319575.793, 140
Trd, 4319576.143, 140
Trd, 4319576.843, 140
Trd, 4319578.043, 140
Trd, 4319578.493, 140
Trd, 4319578.593, 140
Trd, 4319578.743, 140
Trd, 4319579.993, 140
Trd, 4319581.643, 140
Trd, 4319582.793, 140
Trd, 4319583.543, 140
Trd, 4319583.693, 140
Trd, 4319584.493, 140
Trd, 4319584.593, 140
Trd, 4319586.443, 140
Trd, 4319587.393, 140
Trd, 4319587.643, 140
Trd, 4319587.843, 140
Trd, 4319588.043, 140
Trd, 4319590.443, 140
Trd, 4319590.493, 140
Trd, 4319591.643, 140
Trd, 4319592.193, 140
Trd, 4319592.643, 140
Trd, 4319593.593, 140
Trd, 4319594.143, 140
Trd, 4319594.393, 140
Trd, 4319594.843, 140
Trd, 4319596.143, 140
Trd, 4319597.043, 140
Trd, 4319597.693, 140
Trd, 4319598.743, 140
Trd, 4319599.943, 140
Trd, 4319600.593, 140
Trd, 4319601.543, 140
Trd, 4319601.743, 140
Trd, 4319602.343, 140
Trd, 4319603.693, 140
Trd, 4319603.993, 140
Trd, 4319604.093, 140
Trd, 4319604.193, 140
Trd, 4319605.343, 140
Trd, 4319606.593, 140
Trd, 4319609.493, 140
Trd, 4319609.793, 140
Trd, 4319609.843, 140
Trd, 4319610.943, 140
Trd, 4319611.843, 140
Trd, 4319612.793, 140
Trd, 4319613.193, 140
Trd, 4319614.293, 140
Trd, 4319614.743, 140
Trd, 4319617.193, 140
Trd, 4319617.243, 140
Trd, 4319617.843, 140
Trd, 4319618.493, 140
Trd, 4319619.243, 140
Trd, 4319619.843, 140
Trd, 4319620.093, 140
Trd, 4319620.793, 140
Trd, 4319622.593, 140
Trd, 4319623.593, 140
Trd, 4319623.893, 140
Trd, 4319625.393, 140
Trd, 4319625.693, 140
Trd, 4319625.793, 140
Trd, 4319626.043, 139
Trd, 4319627.143, 138
Trd, 4319627.793, 109
Trd, 4319630.043, 140
Trd, 4319630.793, 140
Trd, 4319631.393, 140
Trd, 4319631.543, 140
Trd, 4319632.043, 140
Trd, 4319632.293, 140
Trd, 4319634.393, 140
Trd, 4319634.693, 140
Trd, 4319636.593, 140
Trd, 4319636.843, 140
Trd, 4319637.543, 140
Trd, 4319637.593, 140
Trd, 4319637.743, 140
Trd, 4319639.493, 140
Trd, 4319640.293, 140
Trd, 4319642.693, 140
Trd, 4319643.143, 140
Trd, 4319643.293, 140
Trd, 4319644.643, 140
Trd, 4319645.093, 140
Trd, 4319646.443, 140
Trd, 4319646.693, 140
Trd, 4319647.043, 140
Trd, 4319647.793, 140
Trd, 4319648.943, 140
Trd, 4319649.993, 140
Trd, 4319650.543, 140
Trd, 4319650.743, 140
Trd, 4319651.593, 140
Trd, 4319652.293, 140
Trd, 4319652.343, 140
Trd, 4319652.693, 140
Trd, 4319654.243, 140
Trd, 4319654.893, 140
Trd, 4319658.243, 140
Trd, 4319658.593, 140
Trd, 4319658.643, 140
Trd, 4319659.043, 140
Trd, 4319660.043, 140
Trd, 4319662.093, 140
Trd, 4319662.243, 140
Trd, 4319662.293, 140
Trd, 4319663.693, 140
Trd, 4319663.843, 140
Trd, 4319663.893, 140
Trd, 4319664.943, 140
Trd, 4319667.293, 140
Trd, 4319668.043, 140
Trd, 4319668.093, 140
Trd, 4319669.093, 140
Trd, 4319669.193, 140
Trd, 4319671.193, 140
Trd, 4319671.393, 140
Trd, 4319672.393, 140
Trd, 4319672.443, 140
Trd, 4319673.543, 140
Trd, 4319673.893, 140
Trd, 4319675.193, 140
Trd, 4319675.443, 140
Trd, 4319676.493, 140
Trd, 4319676.993, 140
Trd, 4319677.543, 140
Trd, 4319677.843, 140
Trd, 4319679.543, 140
Trd, 4319679.743, 140
Trd, 4319681.143, 140
Trd, 4319681.493, 140
Trd, 4319681.593, 140
Trd, 4319681.893, 140
Trd, 4319683.143, 140
Trd, 4319684.393, 140
Trd, 4319686.043, 140
Trd, 4319686.843, 140
Trd, 4319688.343, 140
Trd, 4319688.693, 140
Trd, 4319689.493, 140
Trd, 4319689.893, 140
Trd, 4319690.143, 140
Trd, 4319690.593, 140
Trd, 4319691.643, 140
Trd, 4319691.743, 140
Trd, 4319693.393, 140
Trd, 4319693.693, 140
Trd, 4319694.743, 140
Trd, 4319694.993, 140
Trd, 4319695.693, 140
Trd, 4319696.243, 140
Trd, 4319696.893, 140
Trd, 4319697.143, 140
Trd, 4319698.543, 140
Trd, 4319699.243, 140
Trd, 4319699.993, 140
Trd, 4319700.543, 140
Trd, 4319700.993, 140
Trd, 4319702.893, 140
Trd, 4319704.193, 140
Trd, 4319704.843, 140
Trd, 4319705.243, 140
Trd, 4319705.843, 140
Trd, 4319708.993, 140
Trd, 4319709.443, 140
Trd, 4319709.643, 140
Trd, 4319709.893, 140
Trd, 4319709.943, 140
Trd, 4319711.193, 140
Trd, 4319712.493, 140
Trd, 4319713.643, 140
Trd, 4319715.143, 140
Trd, 4319717.293, 140
Trd, 4319717.643, 140
Trd, 4319718.043, 140
Trd, 4319718.093, 140
Trd, 4319718.843, 140
Trd, 4319720.743, 140
Trd, 4319721.043, 140
Trd, 4319721.643, 140
Trd, 4319721.693, 140
Trd, 4319721.993, 140
Trd, 4319722.943, 140
Trd, 4319723.043, 140
Trd, 4319724.143, 140
Trd, 4319724.193, 140
Trd, 4319724.493, 140
Trd, 4319725.393, 139
Trd, 4319726.143, 140
Trd, 4319727.693, 140
Trd, 4319729.443, 140
Trd, 4319730.043, 140
Trd, 4319731.543, 140
Trd, 4319731.993, 140
Trd, 4319732.343, 140
Trd, 4319734.793, 140
Trd, 4319734.943, 140
Trd, 4319735.193, 140
Trd, 4319735.343, 140
Trd, 4319736.893, 140
Trd, 4319737.493, 140
Trd, 4319737.893, 140
Trd, 4319737.993, 140
Trd, 4319740.093, 140
Trd, 4319740.343, 140
Trd, 4319740.693, 140
Trd, 4319742.143, 140
Trd, 4319743.443, 140
Trd, 4319744.393, 140
Trd, 4319744.493, 140
Trd, 4319745.293, 140
Trd, 4319745.593, 140
Trd, 4319746.643, 140
Trd, 4319746.793, 140
Trd, 4319747.843, 140
Trd, 4319749.443, 140
Trd, 4319749.793, 140
Trd, 4319750.693, 140
Trd, 4319751.343, 140
Trd, 4319751.693, 140
Trd, 4319753.343, 140
Trd, 4319754.493, 140
Trd, 4319755.293, 140
Trd, 4319756.693, 140
Trd, 4319757.143, 140
Trd, 4319757.393, 140
Trd, 4319758.293, 140
Trd, 4319758.443, 140
Trd, 4319759.543, 140
Trd, 4319760.793, 140
Trd, 4319760.893, 140
Trd, 4319760.993, 140
Trd, 4319761.093, 140
Trd, 4319761.693, 139
Trd, 4319761.943, 139
Trd, 4319764.393, 140
Trd, 4319764.443, 140
Trd, 4319766.043, 140
Trd, 4319766.843, 140
Trd, 4319767.093, 140
Trd, 4319767.743, 140
Trd, 4319768.993, 140
Trd, 4319769.193, 140
Trd, 4319769.943, 140
Trd, 4319770.893, 140
Trd, 4319771.993, 140
Trd, 4319772.493, 140
Trd, 4319772.593, 140
Trd, 4319773.093, 140
Trd, 4319773.693, 140
Trd, 4319775.293, 140
Trd, 4319776.993, 140
Trd, 4319778.093, 140
Trd, 4319778.843, 140
Trd, 4319780.243, 140
Trd, 4319780.493, 140
Trd, 4319781.343, 140
Trd, 4319782.043, 140
Trd, 4319782.193, 140
Trd, 4319783.293, 140
Trd, 4319783.543, 140
Trd, 4319783.943, 140
Trd, 4319783.993, 140
Trd, 4319784.093, 137
Trd, 4319786.543, 140
Trd, 4319787.593, 140
Trd, 4319788.143, 140
Trd, 4319790.043, 140
Trd, 4319790.443, 140
Trd, 4319791.843, 140
Trd, 4319793.993, 140
Trd, 4319794.543, 140
Trd, 4319795.343, 140
Trd, 4319796.143, 140
Trd, 4319796.593, 140
Trd, 4319798.243, 140
Trd, 4319799.443, 140
Trd, 4319799.943, 140
Trd, 4319800.493, 140
Trd, 4319800.893, 140
Trd, 4319802.193, 140
Trd, 4319803.143, 140
Trd, 4319803.393, 140
Trd, 4319805.243, 140
Trd, 4319805.743, 140
Trd, 4319806.293, 140
Trd, 4319807.143, 140
Trd, 4319807.543, 140
Trd, 4319808.043, 140
Trd, 4319808.143, 140
Trd, 4319809.293, 140
Trd, 4319809.893, 140
Trd, 4319810.493, 140
Trd, 4319812.293, 140
Trd, 4319813.143, 140
Trd, 4319813.593, 140
Trd, 4319813.943, 140
Trd, 4319813.993, 140
Trd, 4319814.343, 140
Trd, 4319814.943, 140
Trd, 4319815.293, 140
Trd, 4319815.893, 140
Trd, 4319817.043, 140
Trd, 4319819.943, 140
Trd, 4319820.493, 140
Trd, 4319822.143, 140
Trd, 4319822.293, 140
Trd, 4319823.243, 140
Trd, 4319824.043, 140
Trd, 4319824.293, 140
Trd, 4319824.843, 140
Trd, 4319825.593, 140
Trd, 4319826.243, 140
Trd, 4319827.193, 140
Trd, 4319827.443, 140
Trd, 4319827.893, 140
Trd, 4319830.693, 140
Trd, 4319831.143, 140
Trd, 4319832.343, 140
Trd, 4319832.943, 140
Trd, 4319834.143, 140
Trd, 4319834.193, 140
Trd, 4319834.593, 140
Trd, 4319835.543, 140
Trd, 4319835.743, 140
Trd, 4319835.943, 140
Trd, 4319836.293, 140
Trd, 4319838.343, 140
Trd, 4319838.693, 140
Trd, 4319839.943, 140
Trd, 4319841.743, 140
Trd, 4319842.443, 140
Trd, 4319842.893, 140
Trd, 4319843.093, 140
Trd, 4319844.443, 140
Trd, 4319844.693, 140
Trd, 4319845.193, 140
Trd, 4319845.943, 140
Trd, 4319846.693, 140
Trd, 4319847.693, 140
Trd, 4319848.243, 140
Trd, 4319848.943, 140
Trd, 4319850.593, 140
Trd, 4319850.743, 140
Trd, 4319850.793, 140
Trd, 4319851.843, 140
Trd, 4319852.343, 140
Trd, 4319854.293, 140
Trd, 4319854.343, 140
Trd, 4319855.243, 140
Trd, 4319856.493, 140
Trd, 4319856.643, 140
Trd, 4319856.693, 140
Trd, 4319857.693, 140
Trd, 4319857.793, 138
Trd, 4319858.343, 140
Trd, 4319858.793, 140
Trd, 4319860.293, 60
Trd, 4319860.793, 60
Trd, 4319861.093, 60
Trd, 4319861.243, 100
Trd, 4319864.393, 60
Trd, 4319864.593, 60
Trd, 4319866.043, 61
Trd, 4319867.693, 60
Trd, 4319867.893, 60
Trd, 4319867.943, 61
Trd, 4319868.043, 63
Trd, 4319869.193, 65
Trd, 4319870.093, 65
Trd, 4319872.193, 140
Trd, 4319872.543, 140
Trd, 4319873.643, 140
Trd, 4319875.093, 140
Trd, 4319875.393, 140
Trd, 4319876.543, 140
Trd, 4319876.843, 140
Trd, 4319877.093, 140
Trd, 4319878.293, 140
Trd, 4319878.543, 140
Trd, 4319879.143, 140
Trd, 4319879.843, 138
Trd, 4319880.993, 139
Trd, 4319881.393, 140
Trd, 4319883.143, 140
Trd, 4319883.843, 140
Trd, 4319884.443, 140
Trd, 4319886.043, 140
Trd, 4319888.343, 140
Trd, 4319888.593, 140
Trd, 4319888.643, 140
Trd, 4319889.843, 140
Trd, 4319890.593, 140
Trd, 4319891.843, 140
Trd, 4319893.093, 140
Trd, 4319893.493, 140
Trd, 4319894.743, 140
Trd, 4319896.243, 140
Trd, 4319896.743, 140
Trd, 4319897.243, 140
Trd, 4319897.893, 140
Trd, 4319897.993, 140
Trd, 4319899.243, 140
Trd, 4319899.293, 140
Trd, 4319900.643, 140
Trd, 4319902.543, 140
Trd, 4319903.443, 140
Trd, 4319903.793, 140
Trd, 4319903.943, 140
Trd, 4319904.743, 140
Trd, 4319905.543, 140
Trd, 4319905.993, 140
Trd, 4319908.793, 140
Trd, 4319908.943, 140
Trd, 4319909.743, 140
Trd, 4319910.043, 140
Trd, 4319910.643, 140
Trd, 4319914.043, 140
Trd, 4319914.143, 140
Trd, 4319914.993, 140
Trd, 4319915.993, 140
Trd, 4319916.093, 140
Trd, 4319916.193, 140
Trd, 4319916.543, 140
Trd, 4319916.643, 139
Trd, 4319916.793, 140
Trd, 4319918.293, 140
Trd, 4319918.443, 140
Trd, 4319920.443, 140
Trd, 4319921.493, 140
Trd, 4319923.393, 140
Trd, 4319923.693, 140
Trd, 4319923.743, 140
Trd, 4319925.043, 140
Trd, 4319925.743, 140
Trd, 4319926.243, 140
Trd, 4319929.443, 140
Trd, 4319929.843, 140
Trd, 4319930.043, 140
Trd, 4319930.593, 140
Trd, 4319931.143, 140
Trd, 4319932.443, 140
Trd, 4319932.743, 140
Trd, 4319933.743, 140
Trd, 4319934.093, 140
Trd, 4319934.143, 140
Trd, 4319934.643, 140
Trd, 4319937.493, 140
Trd, 4319937.643, 140
Trd, 4319938.343, 140
Trd, 4319938.643, 140
Trd, 4319939.043, 140
Trd, 4319939.993, 140
Trd, 4319942.243, 140
Trd, 4319942.543, 140
Trd, 4319943.043, 140
Trd, 4319943.593, 140
Trd, 4319944.243, 140
Trd, 4319944.593, 140
Trd, 4319944.893, 140
Trd, 4319945.293, 140
Trd, 4319945.593, 140
Trd, 4319946.143, 140
Trd, 4319947.643, 140
Trd, 4319947.743, 140
Trd, 4319948.643, 140
Trd, 4319949.043, 140
Trd, 4319950.193, 138
Trd, 4319950.943, 140
Trd, 4319950.993, 140
Trd, 4319953.893, 140
Trd, 4319955.093, 140
Trd, 4319955.543, 140
Trd, 4319956.193, 140
Trd, 4319957.743, 140
Trd, 4319959.493, 140
Trd, 4319960.093, 140
Trd, 4319960.893, 140
Trd, 4319960.993, 140
Trd, 4319961.593, 140
Trd, 4319962.243, 140
Trd, 4319962.643, 140
Trd, 4319963.593, 140
Trd, 4319963.693, 140
Trd, 4319963.893, 140
Trd, 4319964.043, 140
Trd, 4319964.943, 140
Trd, 4319966.593, 140
Trd, 4319966.993, 140
Trd, 4319967.393, 140
Trd, 4319968.143, 140
Trd, 4319968.243, 139
Trd, 4319969.243, 140
Trd, 4319969.843, 140
Trd, 4319971.243, 140
Trd, 4319972.393, 140
Trd, 4319973.143, 140
Trd, 4319973.493, 140
Trd, 4319974.443, 140
Trd, 4319974.943, 140
Trd, 4319975.293, 140
Trd, 4319975.993, 140
Trd, 4319978.293, 140
Trd, 4319978.443, 140
Trd, 4319978.943, 140
Trd, 4319980.293, 140
Trd, 4319981.893, 140
Trd, 4319983.443, 140
Trd, 4319984.343, 140
Trd, 4319984.443, 140
Trd, 4319984.643, 140
Trd, 4319985.743, 140
Trd, 4319986.943, 140
Trd, 4319987.393, 140
Trd, 4319987.993, 140
Trd, 4319988.493, 140
Trd, 4319989.043, 140
Trd, 4319989.993, 140
Trd, 4319990.943, 140
Trd, 4319991.693, 140
Trd, 4319991.793, 140
Trd, 4319992.193, 139
Trd, 4319992.243, 140
Trd, 4319992.943, 140
Trd, 4319994.743, 140
Trd, 4319994.993, 140
Trd, 4319995.843, 140
Trd, 4319996.293, 140
Trd, 4319996.443, 140
Trd, 4319998.793, 140
Trd, 4319998.843, 140
Trd, 4319999.243, 140
Trd, 4319999.693, 140
