Trd, 4318126.243, 119
Trd, 4318126.793, 111
Trd, 4318127.193, 118
Trd, 4318128.193, 109
Trd, 4318129.093, 89
Trd, 4318129.743, 84
Trd, 4318130.143, 75
Trd, 4318130.643, 80
Trd, 4318131.093, 66
Trd, 4318131.843, 75
Trd, 4318133.993, 128
Trd, 4318134.193, 125
Trd, 4318134.543, 101
Trd, 4318135.293, 98
Trd, 4318136.493, 127
Trd, 4318136.793, 110
Trd, 4318137.443, 118
Trd, 4318137.643, 107
Trd, 4318138.443, 140
Trd, 4318139.493, 140
Trd, 4318139.793, 134
Trd, 4318140.393, 138
Trd, 4318141.793, 129
Trd, 4318142.443, 105
Trd, 4318142.843, 94
Trd, 4318142.893, 108
Trd, 4318145.743, 138
Trd, 4318146.643, 138
Trd, 4318147.543, 127
Trd, 4318147.643, 120
Trd, 4318148.443, 122
Trd, 4318148.843, 122
Trd, 4318149.493, 93
Trd, 4318150.343, 91
Trd, 4318152.093, 88
Trd, 4318153.043, 77
Trd, 4318153.543, 95
Trd, 4318153.793, 76
Trd, 4318153.843, 103
Trd, 4318154.243, 99
Trd, 4318155.143, 102
Trd, 4318155.493, 91
Trd, 4318155.793, 79
Trd, 4318156.293, 79
Trd, 4318158.793, 127
Trd, 4318159.793, 133
Trd, 4318159.993, 101
Trd, 4318160.993, 117
Trd, 4318162.543, 135
Trd, 4318162.743, 125
Trd, 4318163.093, 105
Trd, 4318163.443, 91
Trd, 4318165.393, 88
Trd, 4318165.843, 106
Trd, 4318166.643, 96
Trd, 4318166.743, 91
Trd, 4318167.443, 102
Trd, 4318167.543, 96
Trd, 4318168.793, 113
Trd, 4318169.743, 138
Trd, 4318170.143, 134
Trd, 4318170.543, 126
Trd, 4318170.593, 115
Trd, 4318170.793, 112
Trd, 4318170.843, 91
Trd, 4318171.943, 133
Trd, 4318172.643, 112
Trd, 4318172.793, 98
Trd, 4318174.893, 133
Trd, 4318175.193, 136
Trd, 4318175.793, 133
Trd, 4318175.893, 119
Trd, 4318176.143, 133
Trd, 4318176.793, 119
Trd, 4318177.593, 120
Trd, 4318178.643, 112
Trd, 4318179.243, 105
Trd, 4318179.843, 132
Trd, 4318181.393, 118
Trd, 4318181.943, 93
Trd, 4318181.993, 96
Trd, 4318183.793, 115
Trd, 4318183.943, 94
Trd, 4318184.343, 124
Trd, 4318184.843, 123
Trd, 4318185.043, 104
Trd, 4318186.793, 101
Trd, 4318187.193, 104
Trd, 4318187.343, 68
Trd, 4318188.343, 96
Trd, 4318188.743, 90
Trd, 4318190.743, 123
Trd, 4318191.093, 99
Trd, 4318191.393, 128
Trd, 4318193.243, 101
Trd, 4318193.543, 90
Trd, 4318193.643, 89
Trd, 4318193.743, 119
Trd, 4318194.293, 130
Trd, 4318196.543, 119
Trd, 4318197.393, 113
Trd, 4318197.943, 112
Trd, 4318198.093, 103
Trd, 4318198.793, 92
Trd, 4318199.343, 86
Trd, 4318200.143, 131
Trd, 4318200.243, 130
Trd, 4318200.643, 70
Trd, 4318201.243, 90
Trd, 4318202.143, 70
Trd, 4318202.693, 101
Trd, 4318203.193, 96
Trd, 4318204.293, 77
Trd, 4318204.893, 65
Trd, 4318205.293, 65
Trd, 4318206.443, 107
Trd, 4318206.493, 105
Trd, 4318206.843, 101
Trd, 4318207.693, 102
Trd, 4318209.743, 140
Trd, 4318210.543, 131
Trd, 4318210.943, 124
Trd, 4318211.893, 83
Trd, 4318212.443, 111
Trd, 4318212.793, 109
Trd, 4318213.243, 99
Trd, 4318215.443, 121
Trd, 4318215.643, 110
Trd, 4318216.243, 113
Trd, 4318216.343, 103
Trd, 4318216.843, 138
Trd, 4318218.293, 78
Trd, 4318218.593, 86
Trd, 4318220.293, 83
Trd, 4318220.543, 88
Trd, 4318220.893, 110
Trd, 4318221.543, 89
Trd, 4318222.293, 97
Trd, 4318222.393, 85
Trd, 4318223.043, 94
Trd, 4318223.993, 135
Trd, 4318224.793, 93
Trd, 4318226.343, 126
Trd, 4318226.793, 96
Trd, 4318227.393, 82
Trd, 4318227.843, 79
Trd, 4318229.243, 70
Trd, 4318229.993, 82
Trd, 4318231.093, 86
Trd, 4318231.293, 88
Trd, 4318231.843, 101
Trd, 4318232.493, 69
Trd, 4318233.343, 77
Trd, 4318234.193, 89
Trd, 4318234.993, 66
Trd, 4318236.343, 91
Trd, 4318236.493, 116
Trd, 4318236.593, 63
Trd, 4318237.943, 135
Trd, 4318239.043, 108
Trd, 4318240.093, 108
Trd, 4318240.843, 130
Trd, 4318241.093, 121
Trd, 4318241.243, 99
Trd, 4318241.443, 97
Trd, 4318241.793, 93
Trd, 4318242.643, 118
Trd, 4318245.043, 125
Trd, 4318245.143, 94
Trd, 4318245.493, 111
Trd, 4318246.143, 106
Trd, 4318247.093, 106
Trd, 4318247.743, 95
Trd, 4318248.643, 118
Trd, 4318249.143, 89
Trd, 4318250.143, 130
Trd, 4318250.193, 78
Trd, 4318250.943, 73
Trd, 4318251.643, 98
Trd, 4318251.693, 116
Trd, 4318251.793, 93
Trd, 4318254.043, 64
Trd, 4318254.793, 131
Trd, 4318254.943, 113
Trd, 4318255.593, 108
Trd, 4318255.643, 105
Trd, 4318256.493, 124
Trd, 4318257.243, 136
Trd, 4318257.643, 105
Trd, 4318258.293, 101
Trd, 4318258.443, 96
Trd, 4318258.993, 127
Trd, 4318259.043, 114
Trd, 4318259.993, 98
Trd, 4318260.943, 120
Trd, 4318261.743, 125
Trd, 4318262.243, 110
Trd, 4318262.793, 107
Trd, 4318263.543, 137
Trd, 4318264.143, 67
Trd, 4318264.743, 87
Trd, 4318265.643, 112
Trd, 4318267.143, 99
Trd, 4318267.243, 93
Trd, 4318268.393, 77
Trd, 4318269.243, 122
Trd, 4318270.443, 80
Trd, 4318270.793, 78
Trd, 4318271.593, 98
Trd, 4318272.543, 83
Trd, 4318272.593, 108
Trd, 4318273.593, 115
Trd, 4318274.143, 131
Trd, 4318274.993, 80
Trd, 4318275.943, 73
Trd, 4318276.193, 68
Trd, 4318276.743, 100
Trd, 4318276.993, 106
Trd, 4318277.193, 92
Trd, 4318278.693, 130
Trd, 4318279.343, 139
Trd, 4318280.143, 82
Trd, 4318280.393, 84
Trd, 4318280.643, 125
Trd, 4318281.143, 127
Trd, 4318281.593, 122
Trd, 4318283.243, 109
Trd, 4318283.693, 85
Trd, 4318284.393, 81
Trd, 4318284.743, 92
Trd, 4318285.943, 91
Trd, 4318286.343, 78
Trd, 4318287.793, 134
Trd, 4318289.343, 114
Trd, 4318289.393, 107
Trd, 4318289.993, 115
Trd, 4318290.593, 102
Trd, 4318290.643, 116
Trd, 4318291.343, 88
Trd, 4318293.843, 136
Trd, 4318293.893, 132
Trd, 4318293.993, 126
Trd, 4318295.493, 111
Trd, 4318295.743, 68
Trd, 4318295.993, 72
Trd, 4318297.343, 112
Trd, 4318297.743, 67
Trd, 4318298.693, 129
Trd, 4318298.943, 76
Trd, 4318300.243, 105
Trd, 4318300.393, 125
Trd, 4318300.643, 76
Trd, 4318301.443, 120
Trd, 4318302.493, 117
Trd, 4318302.543, 114
Trd, 4318303.593, 120
Trd, 4318304.943, 135
Trd, 4318305.493, 135
Trd, 4318305.693, 117
Trd, 4318306.543, 110
Trd, 4318306.693, 109
Trd, 4318306.793, 107
Trd, 4318307.293, 140
Trd, 4318308.293, 68
Trd, 4318308.693, 109
Trd, 4318310.143, 110
Trd, 4318311.043, 111
Trd, 4318311.243, 102
Trd, 4318311.943, 103
Trd, 4318313.143, 132
Trd, 4318313.243, 130
Trd, 4318313.643, 129
Trd, 4318314.143, 117
Trd, 4318314.293, 108
Trd, 4318314.593, 131
Trd, 4318315.793, 119
Trd, 4318316.343, 121
Trd, 4318318.143, 133
Trd, 4318318.343, 119
Trd, 4318319.443, 123
Trd, 4318319.543, 118
Trd, 4318320.143, 99
Trd, 4318320.343, 105
Trd, 4318321.093, 98
Trd, 4318321.693, 93
Trd, 4318321.993, 87
Trd, 4318322.993, 117
Trd, 4318324.193, 121
Trd, 4318324.343, 119
Trd, 4318326.393, 132
Trd, 4318326.443, 108
Trd, 4318327.193, 108
Trd, 4318327.393, 88
Trd, 4318327.843, 114
Trd, 4318329.543, 79
Trd, 4318330.393, 93
Trd, 4318330.643, 129
Trd, 4318330.943, 82
Trd, 4318331.443, 64
Trd, 4318331.743, 89
Trd, 4318332.193, 104
Trd, 4318333.493, 100
Trd, 4318334.093, 69
Trd, 4318334.893, 85
Trd, 4318335.043, 99
Trd, 4318336.543, 98
Trd, 4318336.893, 108
Trd, 4318337.193, 83
Trd, 4318338.693, 103
Trd, 4318339.093, 137
Trd, 4318339.643, 106
Trd, 4318340.343, 114
Trd, 4318341.643, 106
Trd, 4318342.343, 136
Trd, 4318343.093, 106
Trd, 4318344.543, 100
Trd, 4318344.993, 104
Trd, 4318345.593, 104
Trd, 4318345.693, 70
Trd, 4318345.993, 136
Trd, 4318347.293, 135
Trd, 4318347.643, 112
Trd, 4318348.493, 126
Trd, 4318349.343, 89
Trd, 4318350.043, 78
Trd, 4318351.293, 131
Trd, 4318351.643, 61
Trd, 4318352.093, 70
Trd, 4318352.743, 67
Trd, 4318352.943, 105
Trd, 4318354.543, 107
Trd, 4318355.093, 139
Trd, 4318355.243, 119
Trd, 4318355.743, 109
Trd, 4318356.793, 66
Trd, 4318357.493, 134
Trd, 4318357.943, 112
Trd, 4318358.593, 131
Trd, 4318359.793, 127
Trd, 4318360.843, 119
Trd, 4318361.243, 139
Trd, 4318362.443, 113
Trd, 4318362.593, 111
Trd, 4318362.993, 112
Trd, 4318363.443, 112
Trd, 4318364.843, 92
Trd, 4318366.393, 86
Trd, 4318366.693, 122
Trd, 4318367.293, 81
Trd, 4318367.393, 129
Trd, 4318367.893, 95
Trd, 4318368.893, 111
Trd, 4318369.693, 125
Trd, 4318369.793, 123
Trd, 4318370.143, 124
Trd, 4318370.243, 115
Trd, 4318372.543, 107
Trd, 4318372.943, 108
Trd, 4318373.293, 94
Trd, 4318373.743, 89
Trd, 4318374.243, 99
Trd, 4318375.093, 123
Trd, 4318375.143, 112
Trd, 4318375.743, 85
Trd, 4318377.243, 99
Trd, 4318377.793, 90
Trd, 4318379.193, 109
Trd, 4318379.343, 90
Trd, 4318380.043, 134
Trd, 4318381.193, 98
Trd, 4318383.393, 134
Trd, 4318383.743, 118
Trd, 4318384.293, 117
Trd, 4318384.593, 104
Trd, 4318385.343, 139
Trd, 4318386.093, 99
Trd, 4318386.743, 91
Trd, 4318387.143, 97
Trd, 4318387.543, 90
Trd, 4318388.343, 86
Trd, 4318389.793, 76
Trd, 4318390.543, 136
Trd, 4318391.543, 114
Trd, 4318392.793, 122
Trd, 4318393.143, 94
Trd, 4318393.843, 110
Trd, 4318394.243, 92
Trd, 4318394.993, 115
Trd, 4318395.743, 117
Trd, 4318396.143, 91
Trd, 4318397.193, 135
Trd, 4318398.193, 128
Trd, 4318398.693, 114
Trd, 4318399.143, 135
Trd, 4318400.643, 84
Trd, 4318400.943, 110
Trd, 4318401.093, 136
Trd, 4318403.643, 96
Trd, 4318403.843, 111
Trd, 4318405.543, 89
Trd, 4318405.943, 118
Trd, 4318407.043, 87
Trd, 4318407.143, 79
Trd, 4318408.693, 108
Trd, 4318408.893, 107
Trd, 4318409.193, 84
Trd, 4318409.543, 79
Trd, 4318410.943, 85
Trd, 4318411.043, 115
Trd, 4318411.543, 83
Trd, 4318413.193, 80
Trd, 4318413.343, 79
Trd, 4318413.393, 75
Trd, 4318413.793, 93
Trd, 4318414.143, 80
Trd, 4318415.393, 126
Trd, 4318415.543, 115
Trd, 4318416.893, 101
Trd, 4318417.093, 87
Trd, 4318418.143, 109
Trd, 4318419.093, 88
Trd, 4318419.443, 132
Trd, 4318419.693, 61
Trd, 4318419.993, 97
Trd, 4318421.443, 130
Trd, 4318422.743, 131
Trd, 4318423.293, 105
Trd, 4318424.343, 121
Trd, 4318425.543, 113
Trd, 4318426.143, 108
Trd, 4318426.743, 107
Trd, 4318427.043, 95
Trd, 4318427.343, 85
Trd, 4318427.493, 87
Trd, 4318427.543, 131
Trd, 4318427.793, 68
Trd, 4318428.143, 105
Trd, 4318429.193, 62
Trd, 4318432.643, 137
Trd, 4318433.293, 124
Trd, 4318433.643, 74
Trd, 4318434.043, 96
Trd, 4318434.743, 126
Trd, 4318435.193, 94
Trd, 4318435.893, 79
Trd, 4318436.343, 61
Trd, 4318436.593, 71
Trd, 4318436.793, 66
Trd, 4318438.993, 82
Trd, 4318440.593, 114
Trd, 4318441.043, 110
Trd, 4318441.693, 113
Trd, 4318442.693, 108
Trd, 4318443.293, 68
Trd, 4318444.993, 124
Trd, 4318445.243, 122
Trd, 4318445.593, 107
Trd, 4318445.993, 139
Trd, 4318446.593, 125
Trd, 4318447.043, 110
Trd, 4318447.143, 83
Trd, 4318448.043, 118
Trd, 4318448.193, 89
Trd, 4318448.843, 117
Trd, 4318449.393, 100
Trd, 4318451.093, 89
Trd, 4318451.443, 90
Trd, 4318452.443, 90
Trd, 4318452.743, 86
Trd, 4318454.743, 80
Trd, 4318455.243, 83
Trd, 4318455.743, 78
Trd, 4318455.893, 102
Trd, 4318457.643, 108
Trd, 4318457.693, 99
Trd, 4318458.143, 108
Trd, 4318458.893, 113
Trd, 4318459.193, 112
Trd, 4318460.343, 129
Trd, 4318460.793, 138
Trd, 4318462.093, 134
Trd, 4318463.193, 118
Trd, 4318463.693, 123
Trd, 4318464.843, 114
Trd, 4318465.843, 96
Trd, 4318467.143, 84
Trd, 4318468.193, 104
Trd, 4318468.643, 89
Trd, 4318469.193, 87
Trd, 4318469.593, 102
Trd, 4318470.193, 80
Trd, 4318470.893, 68
Trd, 4318472.193, 115
Trd, 4318473.743, 137
Trd, 4318475.293, 130
Trd, 4318475.393, 115
Trd, 4318475.943, 117
Trd, 4318476.193, 120
Trd, 4318476.743, 106
Trd, 4318478.393, 94
Trd, 4318478.793, 92
Trd, 4318478.993, 121
Trd, 4318479.793, 124
Trd, 4318480.943, 112
Trd, 4318481.593, 104
Trd, 4318482.243, 118
Trd, 4318482.343, 119
Trd, 4318482.493, 90
Trd, 4318483.893, 118
Trd, 4318484.143, 115
Trd, 4318484.493, 107
Trd, 4318485.943, 75
Trd, 4318486.693, 77
Trd, 4318486.893, 74
Trd, 4318487.493, 90
Trd, 4318489.243, 82
Trd, 4318490.943, 111
Trd, 4318491.643, 110
Trd, 4318492.393, 102
Trd, 4318492.443, 95
Trd, 4318492.543, 96
Trd, 4318493.493, 77
Trd, 4318494.543, 66
Trd, 4318494.793, 64
Trd, 4318495.593, 139
Trd, 4318496.093, 85
Trd, 4318497.943, 127
Trd, 4318498.293, 111
Trd, 4318498.343, 109
Trd, 4318501.693, 127
Trd, 4318501.943, 115
Trd, 4318501.993, 114
Trd, 4318502.343, 119
Trd, 4318502.393, 112
Trd, 4318502.943, 129
Trd, 4318504.043, 100
Trd, 4318504.593, 103
Trd, 4318504.993, 75
Trd, 4318506.093, 113
Trd, 4318506.243, 109
Trd, 4318507.993, 113
Trd, 4318508.043, 100
Trd, 4318508.893, 93
Trd, 4318509.593, 78
Trd, 4318510.193, 67
Trd, 4318511.043, 79
Trd, 4318511.393, 64
Trd, 4318512.293, 74
Trd, 4318513.843, 64
Trd, 4318514.093, 70
Trd, 4318514.493, 85
Trd, 4318514.893, 63
Trd, 4318515.393, 95
Trd, 4318515.793, 113
Trd, 4318518.593, 136
Trd, 4318518.743, 118
Trd, 4318520.143, 68
Trd, 4318520.643, 91
Trd, 4318520.943, 111
Trd, 4318521.743, 108
Trd, 4318521.993, 110
Trd, 4318523.143, 95
Trd, 4318523.793, 137
Trd, 4318523.993, 103
Trd, 4318525.093, 125
Trd, 4318525.293, 102
Trd, 4318525.843, 136
Trd, 4318526.593, 116
Trd, 4318528.043, 105
Trd, 4318528.343, 98
Trd, 4318528.943, 97
Trd, 4318530.743, 76
Trd, 4318530.943, 138
Trd, 4318532.443, 70
Trd, 4318533.443, 80
Trd, 4318533.643, 102
Trd, 4318534.643, 120
Trd, 4318534.793, 70
Trd, 4318535.143, 117
Trd, 4318535.943, 71
Trd, 4318537.243, 131
Trd, 4318538.143, 117
Trd, 4318539.193, 122
Trd, 4318540.393, 104
Trd, 4318541.593, 120
Trd, 4318542.043, 109
Trd, 4318543.293, 131
Trd, 4318544.093, 128
Trd, 4318545.843, 112
Trd, 4318546.543, 133
Trd, 4318546.643, 116
Trd, 4318546.993, 112
Trd, 4318547.093, 96
Trd, 4318548.543, 97
Trd, 4318548.743, 119
Trd, 4318549.993, 91
Trd, 4318550.293, 88
Trd, 4318551.693, 93
Trd, 4318551.893, 103
Trd, 4318552.193, 139
Trd, 4318552.893, 82
Trd, 4318553.393, 111
Trd, 4318553.993, 118
Trd, 4318556.743, 130
Trd, 4318556.943, 117
Trd, 4318556.993, 116
Trd, 4318557.693, 107
Trd, 4318559.093, 138
Trd, 4318559.293, 131
Trd, 4318559.493, 102
Trd, 4318560.043, 129
Trd, 4318561.843, 109
Trd, 4318562.293, 94
Trd, 4318562.343, 123
Trd, 4318563.343, 128
Trd, 4318563.693, 75
Trd, 4318563.943, 94
Trd, 4318563.993, 68
Trd, 4318565.193, 129
Trd, 4318567.043, 130
Trd, 4318568.043, 134
Trd, 4318568.243, 116
Trd, 4318568.643, 110
Trd, 4318568.943, 103
Trd, 4318568.993, 78
Trd, 4318570.543, 92
Trd, 4318570.893, 131
Trd, 4318571.243, 107
Trd, 4318571.493, 91
Trd, 4318572.093, 123
Trd, 4318572.743, 111
Trd, 4318574.193, 117
Trd, 4318575.443, 90
Trd, 4318575.543, 90
Trd, 4318576.943, 85
Trd, 4318578.543, 126
Trd, 4318578.993, 107
Trd, 4318579.943, 137
Trd, 4318580.593, 117
Trd, 4318581.743, 127
Trd, 4318582.043, 93
Trd, 4318582.093, 80
Trd, 4318582.543, 85
Trd, 4318582.593, 77
Trd, 4318583.543, 80
Trd, 4318585.393, 79
Trd, 4318587.443, 64
Trd, 4318587.743, 72
Trd, 4318588.393, 74
Trd, 4318588.793, 63
Trd, 4318588.943, 74
Trd, 4318589.993, 84
Trd, 4318590.243, 84
Trd, 4318590.393, 97
Trd, 4318591.743, 102
Trd, 4318591.843, 74
Trd, 4318592.243, 105
Trd, 4318593.293, 114
Trd, 4318593.893, 76
Trd, 4318595.443, 87
Trd, 4318595.593, 84
Trd, 4318596.093, 117
Trd, 4318596.393, 97
Trd, 4318596.493, 64
Trd, 4318598.093, 126
Trd, 4318598.393, 99
Trd, 4318598.743, 94
Trd, 4318599.543, 94
Trd, 4318600.143, 101
Trd, 4318600.343, 126
Trd, 4318601.943, 66
Trd, 4318603.193, 68
Trd, 4318603.693, 87
Trd, 4318604.243, 79
Trd, 4318604.393, 88
Trd, 4318605.743, 122
Trd, 4318605.993, 111
Trd, 4318606.593, 107
Trd, 4318606.793, 103
Trd, 4318607.443, 102
Trd, 4318608.093, 77
Trd, 4318608.843, 90
Trd, 4318609.393, 113
Trd, 4318611.843, 77
Trd, 4318612.343, 100
Trd, 4318612.893, 131
Trd, 4318613.993, 119
Trd, 4318615.443, 102
Trd, 4318615.843, 104
Trd, 4318616.493, 121
Trd, 4318616.743, 123
Trd, 4318617.443, 115
Trd, 4318617.993, 88
Trd, 4318619.643, 127
Trd, 4318619.743, 112
Trd, 4318619.893, 110
Trd, 4318621.043, 71
Trd, 4318621.993, 79
Trd, 4318623.543, 93
Trd, 4318623.693, 77
Trd, 4318624.043, 73
Trd, 4318624.693, 82
Trd, 4318625.343, 126
Trd, 4318626.043, 103
Trd, 4318626.493, 76
Trd, 4318627.243, 97
Trd, 4318627.593, 71
Trd, 4318628.193, 91
Trd, 4318628.693, 134
Trd, 4318630.093, 92
Trd, 4318631.843, 82
Trd, 4318632.693, 120
Trd, 4318632.793, 104
Trd, 4318633.493, 110
Trd, 4318633.743, 111
Trd, 4318634.093, 128
Trd, 4318634.243, 107
Trd, 4318634.443, 105
Trd, 4318635.493, 124
Trd, 4318636.693, 96
Trd, 4318636.743, 103
Trd, 4318636.993, 94
Trd, 4318637.193, 120
Trd, 4318637.743, 126
Trd, 4318637.993, 108
Trd, 4318640.243, 122
Trd, 4318640.443, 112
Trd, 4318641.343, 97
Trd, 4318641.693, 103
Trd, 4318642.393, 70
Trd, 4318644.343, 91
Trd, 4318646.243, 92
Trd, 4318646.943, 99
Trd, 4318647.143, 98
Trd, 4318647.993, 87
Trd, 4318648.293, 124
Trd, 4318648.743, 94
Trd, 4318649.093, 89
Trd, 4318649.393, 99
Trd, 4318651.243, 77
Trd, 4318652.243, 76
Trd, 4318652.343, 90
Trd, 4318653.743, 81
Trd, 4318654.293, 89
Trd, 4318654.543, 78
Trd, 4318655.293, 128
Trd, 4318657.293, 96
Trd, 4318657.343, 85
Trd, 4318658.393, 113
Trd, 4318658.943, 86
Trd, 4318659.093, 73
Trd, 4318659.593, 60
Trd, 4318661.293, 63
Trd, 4318661.743, 62
Trd, 4318661.893, 71
Trd, 4318664.743, 94
Trd, 4318667.693, 116
Trd, 4318667.743, 109
Trd, 4318668.093, 101
Trd, 4318668.693, 129
Trd, 4318668.793, 120
Trd, 4318669.243, 135
Trd, 4318669.393, 134
Trd, 4318669.843, 110
Trd, 4318670.143, 65
Trd, 4318671.593, 60
Trd, 4318672.093, 136
Trd, 4318672.593, 112
Trd, 4318672.743, 101
Trd, 4318674.093, 86
Trd, 4318674.993, 76
Trd, 4318675.543, 72
Trd, 4318677.243, 107
Trd, 4318677.493, 123
Trd, 4318678.793, 134
Trd, 4318679.393, 137
Trd, 4318680.593, 133
Trd, 4318680.743, 114
Trd, 4318681.293, 83
Trd, 4318682.793, 128
Trd, 4318683.843, 120
Trd, 4318684.643, 140
Trd, 4318684.893, 107
Trd, 4318685.693, 105
Trd, 4318685.743, 100
Trd, 4318686.043, 120
Trd, 4318686.093, 98
Trd, 4318686.843, 119
Trd, 4318687.843, 88
Trd, 4318687.943, 110
Trd, 4318688.043, 82
Trd, 4318689.693, 126
Trd, 4318690.643, 105
Trd, 4318691.193, 130
Trd, 4318691.893, 109
Trd, 4318692.193, 103
Trd, 4318693.193, 128
Trd, 4318694.343, 104
Trd, 4318694.393, 102
Trd, 4318695.193, 101
Trd, 4318695.843, 132
Trd, 4318696.893, 112
Trd, 4318697.343, 128
Trd, 4318698.793, 119
Trd, 4318698.843, 119
Trd, 4318699.743, 137
Trd, 4318700.043, 118
Trd, 4318700.443, 108
Trd, 4318702.243, 91
Trd, 4318703.193, 93
Trd, 4318703.793, 122
Trd, 4318704.093, 93
Trd, 4318705.043, 85
Trd, 4318705.143, 87
Trd, 4318707.093, 133
Trd, 4318707.293, 123
Trd, 4318708.443, 130
Trd, 4318708.543, 116
Trd, 4318709.193, 132
Trd, 4318709.543, 108
Trd, 4318711.393, 106
Trd, 4318711.493, 90
Trd, 4318711.843, 97
Trd, 4318713.143, 139
Trd, 4318713.343, 116
Trd, 4318714.993, 120
Trd, 4318715.043, 113
Trd, 4318715.293, 102
Trd, 4318715.993, 136
Trd, 4318716.693, 130
Trd, 4318716.843, 101
Trd, 4318717.493, 86
Trd, 4318717.593, 86
Trd, 4318718.743, 123
Trd, 4318719.893, 129
Trd, 4318720.443, 92
Trd, 4318720.693, 105
Trd, 4318721.793, 100
Trd, 4318722.343, 105
Trd, 4318722.893, 125
Trd, 4318724.393, 99
Trd, 4318724.443, 89
Trd, 4318724.843, 108
Trd, 4318725.893, 95
Trd, 4318725.993, 72
Trd, 4318726.893, 96
Trd, 4318727.243, 77
Trd, 4318727.543, 96
Trd, 4318728.093, 70
Trd, 4318729.343, 78
Trd, 4318729.693, 89
Trd, 4318730.043, 80
Trd, 4318730.693, 73
Trd, 4318732.393, 135
Trd, 4318733.443, 111
Trd, 4318735.593, 128
Trd, 4318735.743, 109
Trd, 4318736.093, 140
Trd, 4318736.393, 111
Trd, 4318736.993, 114
Trd, 4318737.243, 110
Trd, 4318738.443, 103
Trd, 4318738.943, 94
Trd, 4318739.443, 91
Trd, 4318740.693, 100
Trd, 4318741.143, 117
Trd, 4318742.043, 94
Trd, 4318742.243, 82
Trd, 4318743.393, 110
Trd, 4318743.993, 100
Trd, 4318744.643, 88
Trd, 4318745.993, 110
Trd, 4318746.093, 109
Trd, 4318746.143, 114
Trd, 4318747.643, 129
Trd, 4318747.693, 124
Trd, 4318748.793, 80
Trd, 4318749.243, 117
Trd, 4318749.843, 129
Trd, 4318750.643, 70
Trd, 4318750.693, 70
Trd, 4318750.993, 79
Trd, 4318751.043, 95
Trd, 4318752.243, 98
Trd, 4318752.843, 112
Trd, 4318753.343, 112
Trd, 4318754.293, 103
Trd, 4318755.293, 98
Trd, 4318755.343, 116
Trd, 4318755.643, 112
Trd, 4318756.093, 92
Trd, 4318756.343, 101
Trd, 4318757.343, 91
Trd, 4318758.493, 73
Trd, 4318758.793, 75
Trd, 4318759.843, 100
Trd, 4318760.443, 85
Trd, 4318760.593, 79
Trd, 4318760.843, 72
Trd, 4318761.543, 105
Trd, 4318761.993, 136
Trd, 4318762.643, 135
Trd, 4318762.793, 126
Trd, 4318765.443, 122
Trd, 4318766.043, 115
Trd, 4318766.543, 110
Trd, 4318767.593, 105
Trd, 4318767.643, 101
Trd, 4318768.393, 125
Trd, 4318768.443, 134
Trd, 4318768.893, 101
Trd, 4318770.243, 63
Trd, 4318770.393, 104
Trd, 4318771.443, 114
Trd, 4318771.793, 77
Trd, 4318773.143, 76
Trd, 4318773.593, 91
Trd, 4318774.593, 102
Trd, 4318774.793, 75
Trd, 4318775.443, 117
Trd, 4318778.043, 106
Trd, 4318778.343, 132
Trd, 4318778.743, 133
Trd, 4318779.293, 110
Trd, 4318779.943, 98
Trd, 4318780.493, 100
Trd, 4318782.343, 102
Trd, 4318782.543, 96
Trd, 4318784.493, 130
Trd, 4318784.893, 124
Trd, 4318785.193, 128
Trd, 4318785.493, 107
Trd, 4318786.693, 113
Trd, 4318787.093, 105
Trd, 4318788.593, 119
Trd, 4318790.043, 106
Trd, 4318790.593, 111
Trd, 4318790.793, 94
Trd, 4318790.893, 86
Trd, 4318792.643, 108
Trd, 4318793.443, 126
Trd, 4318793.893, 116
Trd, 4318794.093, 99
Trd, 4318794.343, 95
Trd, 4318794.993, 104
Trd, 4318797.143, 131
Trd, 4318799.693, 105
Trd, 4318799.843, 104
Trd, 4318799.993, 99
Trd, 4318801.493, 98
Trd, 4318801.993, 112
Trd, 4318803.343, 100
Trd, 4318804.193, 98
Trd, 4318805.193, 114
Trd, 4318806.293, 95
Trd, 4318806.643, 110
Trd, 4318808.543, 75
Trd, 4318808.893, 104
Trd, 4318809.593, 105
Trd, 4318809.843, 99
Trd, 4318811.093, 76
Trd, 4318812.643, 79
Trd, 4318813.143, 75
Trd, 4318813.293, 90
Trd, 4318813.343, 66
Trd, 4318813.893, 86
Trd, 4318815.143, 78
Trd, 4318815.293, 75
Trd, 4318816.043, 98
Trd, 4318816.193, 92
Trd, 4318816.543, 88
Trd, 4318816.843, 84
Trd, 4318817.243, 82
Trd, 4318818.793, 112
Trd, 4318819.543, 106
Trd, 4318820.343, 124
Trd, 4318820.993, 111
Trd, 4318821.143, 109
Trd, 4318822.193, 90
Trd, 4318822.393, 102
Trd, 4318822.543, 111
Trd, 4318822.843, 110
Trd, 4318823.543, 119
Trd, 4318824.043, 92
Trd, 4318824.393, 95
Trd, 4318825.443, 102
Trd, 4318826.093, 95
Trd, 4318827.793, 99
Trd, 4318829.293, 116
Trd, 4318829.893, 121
Trd, 4318830.193, 107
Trd, 4318830.543, 95
Trd, 4318830.943, 95
Trd, 4318831.843, 98
Trd, 4318832.843, 103
Trd, 4318832.893, 78
Trd, 4318834.593, 94
Trd, 4318834.743, 74
Trd, 4318836.143, 134
Trd, 4318836.593, 126
Trd, 4318837.093, 109
Trd, 4318838.843, 93
Trd, 4318838.993, 101
Trd, 4318839.593, 89
Trd, 4318839.793, 87
Trd, 4318840.243, 127
Trd, 4318840.943, 105
Trd, 4318842.293, 106
Trd, 4318842.343, 97
Trd, 4318842.593, 84
Trd, 4318842.693, 82
Trd, 4318844.193, 84
Trd, 4318845.143, 132
Trd, 4318845.193, 73
Trd, 4318846.393, 80
Trd, 4318846.943, 90
Trd, 4318848.543, 133
Trd, 4318849.293, 99
Trd, 4318850.143, 93
Trd, 4318850.493, 92
Trd, 4318851.293, 92
Trd, 4318851.443, 95
Trd, 4318852.093, 95
Trd, 4318852.493, 120
Trd, 4318852.893, 81
Trd, 4318853.143, 97
Trd, 4318853.343, 80
Trd, 4318854.593, 73
Trd, 4318856.293, 138
Trd, 4318856.343, 106
Trd, 4318856.843, 130
Trd, 4318857.443, 69
Trd, 4318857.843, 104
Trd, 4318858.393, 76
Trd, 4318858.543, 68
Trd, 4318859.093, 69
Trd, 4318860.093, 103
Trd, 4318860.543, 92
Trd, 4318860.993, 61
Trd, 4318861.143, 67
Trd, 4318861.843, 89
Trd, 4318862.043, 88
Trd, 4318863.493, 76
Trd, 4318864.493, 66
Trd, 4318864.593, 103
Trd, 4318865.393, 92
Trd, 4318865.543, 137
Trd, 4318867.393, 97
Trd, 4318867.593, 79
Trd, 4318868.193, 107
Trd, 4318868.643, 137
Trd, 4318868.693, 83
Trd, 4318870.043, 129
Trd, 4318870.093, 110
Trd, 4318870.343, 93
Trd, 4318871.243, 66
Trd, 4318871.993, 63
Trd, 4318872.043, 124
Trd, 4318872.743, 69
Trd, 4318873.943, 121
Trd, 4318875.593, 89
Trd, 4318876.393, 92
Trd, 4318876.893, 86
Trd, 4318877.693, 92
Trd, 4318878.443, 102
Trd, 4318878.793, 113
Trd, 4318879.543, 117
Trd, 4318879.593, 87
Trd, 4318881.293, 84
Trd, 4318882.043, 112
Trd, 4318882.943, 120
Trd, 4318883.443, 133
Trd, 4318883.593, 98
Trd, 4318884.693, 121
Trd, 4318885.143, 89
Trd, 4318885.493, 117
Trd, 4318886.143, 86
Trd, 4318886.793, 104
Trd, 4318887.243, 93
Trd, 4318887.693, 88
Trd, 4318888.643, 96
Trd, 4318889.093, 103
Trd, 4318889.393, 115
Trd, 4318890.543, 80
Trd, 4318891.243, 83
Trd, 4318892.493, 92
Trd, 4318892.843, 95
Trd, 4318893.343, 117
Trd, 4318893.793, 98
Trd, 4318893.943, 101
Trd, 4318895.493, 133
Trd, 4318896.793, 105
Trd, 4318896.943, 102
Trd, 4318897.643, 97
Trd, 4318897.893, 79
Trd, 4318898.193, 88
Trd, 4318899.193, 124
Trd, 4318899.943, 106
Trd, 4318900.443, 102
Trd, 4318901.093, 66
Trd, 4318901.443, 74
Trd, 4318902.693, 128
Trd, 4318903.493, 70
Trd, 4318903.843, 70
Trd, 4318904.693, 65
Trd, 4318905.443, 96
Trd, 4318905.693, 87
Trd, 4318906.293, 63
Trd, 4318909.343, 139
Trd, 4318909.543, 133
Trd, 4318909.893, 124
Trd, 4318910.243, 121
Trd, 4318910.493, 99
Trd, 4318911.093, 98
Trd, 4318911.143, 136
Trd, 4318911.843, 126
Trd, 4318912.393, 85
Trd, 4318912.643, 103
Trd, 4318913.193, 102
Trd, 4318913.743, 91
Trd, 4318914.093, 102
Trd, 4318914.443, 126
Trd, 4318915.343, 71
Trd, 4318915.943, 123
Trd, 4318917.393, 91
Trd, 4318918.193, 79
Trd, 4318918.643, 82
Trd, 4318919.043, 66
Trd, 4318919.743, 113
Trd, 4318920.293, 90
Trd, 4318921.443, 132
Trd, 4318921.743, 115
Trd, 4318922.693, 130
Trd, 4318922.943, 117
Trd, 4318922.993, 88
Trd, 4318923.843, 100
Trd, 4318924.093, 103
Trd, 4318925.643, 131
Trd, 4318925.943, 93
Trd, 4318926.793, 115
Trd, 4318928.493, 109
Trd, 4318929.143, 96
Trd, 4318929.243, 97
Trd, 4318929.743, 113
Trd, 4318930.143, 131
Trd, 4318931.393, 109
Trd, 4318931.493, 98
Trd, 4318931.843, 95
Trd, 4318932.393, 128
Trd, 4318933.443, 129
Trd, 4318933.993, 109
Trd, 4318935.993, 118
Trd, 4318936.193, 109
Trd, 4318937.043, 139
Trd, 4318938.743, 131
Trd, 4318939.093, 103
Trd, 4318939.693, 126
Trd, 4318940.093, 109
Trd, 4318940.793, 119
Trd, 4318940.993, 102
Trd, 4318942.743, 96
Trd, 4318943.693, 97
Trd, 4318944.093, 75
Trd, 4318944.393, 99
Trd, 4318945.893, 114
Trd, 4318946.593, 118
Trd, 4318946.943, 97
Trd, 4318947.293, 110
Trd, 4318947.493, 121
Trd, 4318947.593, 93
Trd, 4318948.043, 89
Trd, 4318949.643, 81
Trd, 4318950.343, 86
Trd, 4318951.143, 90
Trd, 4318951.593, 76
Trd, 4318953.943, 124
Trd, 4318954.043, 115
Trd, 4318954.393, 115
Trd, 4318955.743, 121
Trd, 4318955.793, 120
Trd, 4318956.143, 115
Trd, 4318957.543, 85
Trd, 4318958.293, 118
Trd, 4318959.593, 124
Trd, 4318960.093, 104
Trd, 4318961.293, 99
Trd, 4318961.943, 108
Trd, 4318962.293, 116
Trd, 4318963.493, 95
Trd, 4318964.043, 117
Trd, 4318964.193, 92
Trd, 4318964.293, 72
Trd, 4318965.293, 123
Trd, 4318966.043, 91
Trd, 4318966.593, 75
Trd, 4318967.893, 131
Trd, 4318968.443, 116
Trd, 4318968.843, 115
Trd, 4318968.943, 106
Trd, 4318969.243, 96
Trd, 4318969.493, 67
Trd, 4318972.543, 93
Trd, 4318973.993, 128
Trd, 4318974.193, 99
Trd, 4318974.643, 90
Trd, 4318975.343, 111
Trd, 4318975.543, 89
Trd, 4318976.343, 106
Trd, 4318977.143, 128
Trd, 4318977.693, 130
Trd, 4318977.943, 121
Trd, 4318978.843, 95
Trd, 4318980.343, 87
Trd, 4318980.793, 93
Trd, 4318982.593, 105
Trd, 4318984.243, 101
Trd, 4318984.693, 113
Trd, 4318985.043, 105
Trd, 4318985.543, 119
Trd, 4318986.143, 135
Trd, 4318987.093, 135
Trd, 4318987.743, 126
Trd, 4318988.443, 131
Trd, 4318988.543, 122
Trd, 4318989.143, 129
Trd, 4318989.743, 121
Trd, 4318990.293, 133
Trd, 4318990.543, 127
Trd, 4318991.043, 118
Trd, 4318991.893, 126
Trd, 4318992.493, 109
Trd, 4318994.793, 94
Trd, 4318994.943, 84
Trd, 4318995.743, 100
Trd, 4318996.543, 80
Trd, 4318997.443, 122
Trd, 4318997.943, 135
Trd, 4318999.643, 116
Trd, 4318999.943, 98
Trd, 4319000.343, 104
Trd, 4319001.643, 140
Trd, 4319002.443, 131
Trd, 4319002.493, 119
Trd, 4319002.843, 110
Trd, 4319003.143, 70
Trd, 4319003.643, 107
Trd, 4319004.193, 79
Trd, 4319004.743, 63
Trd, 4319005.693, 132
Trd, 4319008.193, 134
Trd, 4319008.243, 119
Trd, 4319008.693, 113
Trd, 4319009.893, 112
Trd, 4319011.043, 133
Trd, 4319011.393, 108
Trd, 4319012.243, 128
Trd, 4319012.543, 99
Trd, 4319013.093, 106
Trd, 4319013.493, 76
Trd, 4319013.543, 73
Trd, 4319014.143, 64
Trd, 4319014.793, 65
Trd, 4319016.243, 132
Trd, 4319016.593, 121
Trd, 4319017.443, 109
Trd, 4319018.943, 137
Trd, 4319019.193, 104
Trd, 4319019.743, 109
Trd, 4319020.043, 95
Trd, 4319020.693, 71
Trd, 4319021.893, 126
Trd, 4319022.093, 82
Trd, 4319022.593, 72
Trd, 4319023.093, 94
Trd, 4319023.943, 65
Trd, 4319024.093, 81
Trd, 4319025.443, 98
Trd, 4319026.043, 86
Trd, 4319026.143, 84
Trd, 4319026.843, 107
Trd, 4319027.693, 101
Trd, 4319028.243, 81
Trd, 4319030.043, 120
Trd, 4319030.343, 82
Trd, 4319030.593, 81
Trd, 4319031.143, 109
Trd, 4319031.893, 113
Trd, 4319033.293, 137
Trd, 4319034.143, 127
Trd, 4319034.343, 131
Trd, 4319034.793, 77
Trd, 4319034.843, 76
Trd, 4319036.093, 105
Trd, 4319036.293, 99
Trd, 4319036.593, 115
Trd, 4319037.343, 93
Trd, 4319038.193, 95
Trd, 4319038.843, 87
Trd, 4319039.043, 99
Trd, 4319039.143, 79
Trd, 4319040.443, 106
Trd, 4319042.643, 120
Trd, 4319042.943, 122
Trd, 4319043.193, 109
Trd, 4319044.443, 102
Trd, 4319044.643, 94
Trd, 4319045.043, 87
Trd, 4319045.293, 120
Trd, 4319046.643, 82
Trd, 4319046.893, 79
Trd, 4319047.143, 88
Trd, 4319047.443, 91
Trd, 4319049.743, 109
Trd, 4319050.493, 91
Trd, 4319050.693, 89
Trd, 4319051.793, 129
Trd, 4319051.993, 117
Trd, 4319052.943, 93
Trd, 4319052.993, 90
Trd, 4319054.193, 87
Trd, 4319055.143, 85
Trd, 4319055.193, 86
Trd, 4319055.693, 130
Trd, 4319055.843, 104
Trd, 4319056.093, 109
Trd, 4319057.993, 119
Trd, 4319058.193, 110
Trd, 4319058.743, 117
Trd, 4319059.893, 121
Trd, 4319060.343, 103
Trd, 4319060.543, 128
Trd, 4319060.593, 102
Trd, 4319061.593, 112
Trd, 4319062.293, 115
Trd, 4319062.443, 87
Trd, 4319063.593, 105
Trd, 4319064.343, 135
Trd, 4319065.093, 135
Trd, 4319065.893, 67
Trd, 4319067.293, 88
Trd, 4319069.393, 107
Trd, 4319071.593, 113
Trd, 4319072.343, 82
Trd, 4319072.543, 80
Trd, 4319073.893, 97
Trd, 4319074.043, 88
Trd, 4319074.293, 78
Trd, 4319075.143, 126
Trd, 4319075.693, 120
Trd, 4319076.593, 96
Trd, 4319077.343, 126
Trd, 4319077.843, 138
Trd, 4319079.393, 109
Trd, 4319079.443, 99
Trd, 4319080.193, 90
Trd, 4319080.493, 93
Trd, 4319081.993, 91
Trd, 4319082.193, 82
Trd, 4319082.393, 101
Trd, 4319083.343, 74
Trd, 4319085.743, 68
Trd, 4319086.343, 64
Trd, 4319087.493, 74
Trd, 4319087.743, 129
Trd, 4319088.893, 133
Trd, 4319089.943, 100
Trd, 4319090.243, 117
Trd, 4319090.643, 109
Trd, 4319090.843, 133
Trd, 4319091.743, 114
Trd, 4319093.243, 137
Trd, 4319093.543, 117
Trd, 4319093.643, 95
Trd, 4319094.343, 132
Trd, 4319095.143, 101
Trd, 4319095.543, 91
Trd, 4319097.243, 135
Trd, 4319097.593, 107
Trd, 4319099.093, 137
Trd, 4319099.393, 108
Trd, 4319100.993, 118
Trd, 4319101.243, 127
Trd, 4319101.643, 111
Trd, 4319101.843, 97
Trd, 4319102.193, 71
Trd, 4319104.293, 91
Trd, 4319105.643, 127
Trd, 4319106.493, 104
Trd, 4319107.093, 97
Trd, 4319107.393, 86
Trd, 4319107.793, 83
Trd, 4319108.043, 74
Trd, 4319108.393, 62
Trd, 4319109.443, 71
Trd, 4319110.493, 99
Trd, 4319110.643, 100
Trd, 4319111.293, 106
Trd, 4319111.793, 126
Trd, 4319112.743, 96
Trd, 4319113.293, 135
Trd, 4319113.693, 137
Trd, 4319113.743, 131
Trd, 4319114.193, 109
Trd, 4319115.643, 106
Trd, 4319115.743, 95
Trd, 4319116.943, 101
Trd, 4319117.593, 101
Trd, 4319118.593, 127
Trd, 4319119.393, 112
Trd, 4319120.243, 89
Trd, 4319121.643, 137
Trd, 4319121.893, 123
Trd, 4319122.593, 125
Trd, 4319123.293, 127
Trd, 4319123.943, 125
Trd, 4319125.643, 129
Trd, 4319125.793, 126
Trd, 4319126.243, 115
Trd, 4319126.343, 130
Trd, 4319127.193, 140
Trd, 4319127.693, 116
Trd, 4319127.843, 108
Trd, 4319128.543, 111
Trd, 4319130.493, 136
Trd, 4319130.743, 109
Trd, 4319130.943, 108
Trd, 4319131.093, 97
Trd, 4319132.593, 93
Trd, 4319132.943, 119
Trd, 4319133.693, 102
Trd, 4319133.893, 102
Trd, 4319134.893, 69
Trd, 4319135.093, 78
Trd, 4319135.743, 94
Trd, 4319136.643, 134
Trd, 4319137.143, 129
Trd, 4319137.993, 118
Trd, 4319138.393, 111
Trd, 4319138.693, 109
Trd, 4319139.593, 112
Trd, 4319141.093, 137
Trd, 4319141.243, 129
Trd, 4319141.593, 120
Trd, 4319142.193, 94
Trd, 4319142.993, 129
Trd, 4319143.393, 83
Trd, 4319143.893, 75
Trd, 4319144.843, 128
Trd, 4319145.343, 95
Trd, 4319145.843, 138
Trd, 4319146.143, 79
Trd, 4319146.293, 86
Trd, 4319147.093, 84
Trd, 4319148.193, 139
Trd, 4319150.593, 116
Trd, 4319151.543, 139
Trd, 4319153.243, 82
Trd, 4319153.893, 126
Trd, 4319154.343, 138
Trd, 4319154.643, 94
Trd, 4319154.693, 79
Trd, 4319157.493, 134
Trd, 4319157.643, 132
Trd, 4319158.143, 117
Trd, 4319158.593, 102
Trd, 4319159.193, 100
Trd, 4319159.643, 138
Trd, 4319161.693, 140
Trd, 4319161.943, 133
Trd, 4319161.993, 119
Trd, 4319162.143, 117
Trd, 4319162.543, 107
Trd, 4319163.243, 94
Trd, 4319164.243, 134
Trd, 4319164.843, 135
Trd, 4319166.493, 106
Trd, 4319166.543, 87
Trd, 4319166.693, 74
Trd, 4319167.843, 104
Trd, 4319168.093, 105
Trd, 4319169.243, 101
Trd, 4319169.543, 92
Trd, 4319170.443, 79
Trd, 4319170.893, 110
Trd, 4319172.993, 131
Trd, 4319173.193, 82
Trd, 4319173.243, 77
Trd, 4319173.493, 132
Trd, 4319173.793, 111
Trd, 4319175.093, 85
Trd, 4319176.893, 61
Trd, 4319177.343, 60
Trd, 4319178.393, 72
Trd, 4319179.443, 77
Trd, 4319180.143, 68
Trd, 4319180.643, 65
Trd, 4319181.543, 76
Trd, 4319181.893, 82
Trd, 4319183.493, 100
Trd, 4319183.993, 125
Trd, 4319184.043, 118
Trd, 4319185.793, 97
Trd, 4319186.143, 117
Trd, 4319186.743, 95
Trd, 4319187.493, 87
Trd, 4319187.893, 97
Trd, 4319188.493, 100
Trd, 4319189.243, 115
Trd, 4319190.793, 79
Trd, 4319191.143, 91
Trd, 4319191.893, 75
Trd, 4319192.443, 90
Trd, 4319192.893, 137
Trd, 4319193.143, 104
Trd, 4319193.693, 82
Trd, 4319195.743, 82
Trd, 4319196.893, 99
Trd, 4319198.043, 63
Trd, 4319198.643, 93
Trd, 4319198.893, 100
Trd, 4319199.393, 124
Trd, 4319199.593, 130
Trd, 4319199.993, 76
Trd, 4319201.343, 69
Trd, 4319201.443, 70
Trd, 4319202.193, 102
Trd, 4319203.143, 74
Trd, 4319204.493, 132
Trd, 4319204.743, 112
Trd, 4319204.893, 107
Trd, 4319205.643, 117
Trd, 4319207.243, 101
Trd, 4319207.393, 126
Trd, 4319207.443, 83
Trd, 4319207.743, 100
Trd, 4319209.093, 112
Trd, 4319210.093, 88
Trd, 4319210.843, 94
Trd, 4319211.343, 90
Trd, 4319211.493, 109
Trd, 4319212.243, 82
Trd, 4319212.293, 110
Trd, 4319212.843, 81
Trd, 4319215.593, 135
Trd, 4319216.043, 139
Trd, 4319216.943, 118
Trd, 4319219.393, 136
Trd, 4319219.693, 123
Trd, 4319219.943, 107
Trd, 4319220.743, 108
Trd, 4319221.043, 106
Trd, 4319221.293, 120
Trd, 4319221.893, 104
Trd, 4319222.293, 85
Trd, 4319222.993, 131
Trd, 4319223.043, 98
Trd, 4319223.843, 137
Trd, 4319224.143, 89
Trd, 4319224.843, 84
Trd, 4319224.993, 81
Trd, 4319226.343, 129
Trd, 4319227.443, 117
Trd, 4319227.743, 107
Trd, 4319227.793, 104
Trd, 4319228.393, 131
Trd, 4319228.593, 103
Trd, 4319228.993, 68
Trd, 4319229.393, 126
Trd, 4319231.743, 122
Trd, 4319233.243, 114
Trd, 4319233.743, 106
Trd, 4319234.743, 87
Trd, 4319235.593, 105
Trd, 4319237.193, 132
Trd, 4319238.143, 118
Trd, 4319238.593, 137
Trd, 4319239.593, 108
Trd, 4319239.893, 92
Trd, 4319242.093, 93
Trd, 4319242.243, 85
Trd, 4319242.593, 78
Trd, 4319243.343, 113
Trd, 4319243.993, 138
Trd, 4319244.843, 105
Trd, 4319244.943, 138
Trd, 4319246.693, 71
Trd, 4319246.793, 70
Trd, 4319246.993, 69
Trd, 4319248.943, 109
Trd, 4319249.893, 74
Trd, 4319250.293, 127
Trd, 4319252.543, 123
Trd, 4319253.343, 105
Trd, 4319254.143, 96
Trd, 4319254.293, 65
Trd, 4319254.893, 67
Trd, 4319255.543, 119
Trd, 4319256.293, 101
Trd, 4319256.843, 102
Trd, 4319257.043, 74
Trd, 4319259.543, 60
Trd, 4319259.943, 69
Trd, 4319260.143, 104
Trd, 4319261.793, 113
Trd, 4319261.843, 83
Trd, 4319262.893, 83
Trd, 4319263.293, 89
Trd, 4319263.893, 70
Trd, 4319264.443, 80
Trd, 4319265.043, 85
Trd, 4319265.793, 92
Trd, 4319266.443, 89
Trd, 4319267.143, 140
Trd, 4319267.593, 118
Trd, 4319268.493, 65
Trd, 4319269.043, 112
Trd, 4319269.893, 74
Trd, 4319271.643, 85
Trd, 4319271.743, 78
Trd, 4319272.393, 98
Trd, 4319273.093, 119
Trd, 4319273.193, 126
Trd, 4319273.343, 134
Trd, 4319274.293, 70
Trd, 4319274.593, 103
Trd, 4319275.693, 73
Trd, 4319275.893, 74
Trd, 4319276.143, 95
Trd, 4319277.043, 111
Trd, 4319278.643, 121
Trd, 4319278.743, 100
Trd, 4319279.293, 101
Trd, 4319279.393, 112
Trd, 4319280.243, 99
Trd, 4319280.593, 99
Trd, 4319281.793, 131
Trd, 4319283.843, 71
Trd, 4319284.343, 98
Trd, 4319285.743, 66
Trd, 4319286.543, 65
Trd, 4319287.443, 94
Trd, 4319287.493, 77
Trd, 4319288.543, 108
Trd, 4319289.143, 100
Trd, 4319290.043, 117
Trd, 4319290.093, 103
Trd, 4319290.493, 80
Trd, 4319290.843, 80
Trd, 4319291.293, 78
Trd, 4319293.393, 128
Trd, 4319293.493, 95
Trd, 4319294.043, 120
Trd, 4319294.343, 110
Trd, 4319295.043, 123
Trd, 4319297.093, 96
Trd, 4319297.993, 138
Trd, 4319298.493, 96
Trd, 4319298.943, 140
Trd, 4319299.743, 138
Trd, 4319300.093, 96
Trd, 4319300.143, 94
Trd, 4319301.143, 111
Trd, 4319302.293, 111
Trd, 4319302.393, 105
Trd, 4319302.793, 95
Trd, 4319303.293, 91
Trd, 4319303.593, 86
Trd, 4319304.343, 101
Trd, 4319305.293, 137
Trd, 4319305.593, 90
Trd, 4319306.443, 107
Trd, 4319308.843, 122
Trd, 4319309.643, 111
Trd, 4319309.743, 97
Trd, 4319310.043, 99
Trd, 4319310.643, 100
Trd, 4319310.993, 83
Trd, 4319311.243, 107
Trd, 4319311.643, 91
Trd, 4319312.443, 138
Trd, 4319313.493, 132
Trd, 4319314.243, 93
Trd, 4319315.893, 121
Trd, 4319316.293, 130
Trd, 4319316.343, 119
Trd, 4319316.893, 98
Trd, 4319317.243, 110
Trd, 4319317.643, 95
Trd, 4319319.293, 95
Trd, 4319322.093, 132
Trd, 4319322.343, 126
Trd, 4319322.593, 120
Trd, 4319323.843, 105
Trd, 4319323.893, 103
Trd, 4319324.093, 104
Trd, 4319325.593, 127
Trd, 4319326.043, 99
Trd, 4319327.293, 134
Trd, 4319327.543, 112
Trd, 4319328.793, 81
Trd, 4319329.843, 101
Trd, 4319330.543, 99
Trd, 4319331.093, 81
Trd, 4319331.943, 111
Trd, 4319331.993, 84
Trd, 4319333.693, 96
Trd, 4319334.393, 127
Trd, 4319335.243, 97
Trd, 4319335.493, 132
Trd, 4319336.293, 82
Trd, 4319336.593, 138
Trd, 4319337.643, 136
Trd, 4319338.043, 115
Trd, 4319338.543, 88
Trd, 4319340.393, 119
Trd, 4319340.443, 111
Trd, 4319341.993, 129
Trd, 4319342.243, 111
Trd, 4319342.793, 95
Trd, 4319343.093, 112
Trd, 4319344.743, 95
Trd, 4319345.443, 137
Trd, 4319345.943, 139
Trd, 4319346.443, 129
Trd, 4319346.793, 117
Trd, 4319346.993, 106
Trd, 4319348.193, 137
Trd, 4319348.643, 99
Trd, 4319349.193, 135
Trd, 4319349.493, 107
Trd, 4319350.893, 117
Trd, 4319351.793, 97
Trd, 4319352.493, 77
Trd, 4319353.293, 134
Trd, 4319354.493, 93
Trd, 4319355.343, 124
Trd, 4319355.793, 109
Trd, 4319356.493, 133
Trd, 4319357.693, 114
Trd, 4319357.743, 100
Trd, 4319358.293, 106
Trd, 4319358.693, 90
Trd, 4319359.193, 110
Trd, 4319360.393, 120
Trd, 4319361.443, 97
Trd, 4319361.743, 106
Trd, 4319361.993, 97
Trd, 4319362.593, 126
Trd, 4319362.843, 84
Trd, 4319364.543, 114
Trd, 4319365.643, 79
Trd, 4319366.093, 127
Trd, 4319366.993, 112
Trd, 4319367.743, 120
Trd, 4319367.793, 95
Trd, 4319370.093, 97
Trd, 4319370.193, 89
Trd, 4319370.243, 108
Trd, 4319370.743, 116
Trd, 4319371.493, 113
Trd, 4319372.693, 75
Trd, 4319373.143, 71
Trd, 4319373.193, 77
Trd, 4319373.593, 103
Trd, 4319373.743, 120
Trd, 4319375.193, 90
Trd, 4319375.893, 68
Trd, 4319376.643, 115
Trd, 4319377.293, 84
Trd, 4319378.343, 69
Trd, 4319378.493, 77
Trd, 4319379.443, 114
Trd, 4319380.343, 129
Trd, 4319380.443, 101
Trd, 4319380.543, 84
Trd, 4319382.143, 62
Trd, 4319383.043, 79
Trd, 4319384.043, 61
Trd, 4319384.693, 61
Trd, 4319385.743, 91
Trd, 4319386.193, 82
Trd, 4319386.393, 123
Trd, 4319388.893, 106
Trd, 4319388.943, 101
Trd, 4319389.143, 73
Trd, 4319389.543, 81
Trd, 4319390.793, 104
Trd, 4319391.143, 80
Trd, 4319391.643, 90
Trd, 4319392.543, 90
Trd, 4319393.693, 63
Trd, 4319394.243, 69
Trd, 4319394.793, 65
Trd, 4319396.343, 123
Trd, 4319397.093, 109
Trd, 4319397.943, 100
Trd, 4319399.293, 85
Trd, 4319399.493, 72
Trd, 4319400.193, 99
Trd, 4319401.193, 109
Trd, 4319402.193, 88
Trd, 4319402.493, 97
Trd, 4319402.793, 105
Trd, 4319404.293, 134
Trd, 4319404.693, 126
Trd, 4319404.993, 140
Trd, 4319405.293, 102
Trd, 4319406.893, 128
Trd, 4319406.943, 121
Trd, 4319407.143, 114
Trd, 4319407.593, 108
Trd, 4319407.993, 90
Trd, 4319408.443, 106
Trd, 4319409.193, 107
Trd, 4319409.793, 119
Trd, 4319410.243, 104
Trd, 4319410.393, 100
Trd, 4319412.643, 94
Trd, 4319412.793, 123
Trd, 4319412.943, 105
Trd, 4319413.093, 94
Trd, 4319413.643, 108
Trd, 4319414.893, 102
Trd, 4319415.743, 124
Trd, 4319416.143, 137
Trd, 4319416.643, 107
Trd, 4319416.943, 103
Trd, 4319417.193, 91
Trd, 4319417.493, 62
Trd, 4319418.793, 118
Trd, 4319419.493, 120
Trd, 4319420.393, 87
Trd, 4319422.443, 137
Trd, 4319422.493, 81
Trd, 4319422.793, 82
Trd, 4319423.043, 79
Trd, 4319424.543, 111
Trd, 4319424.693, 104
Trd, 4319424.893, 93
Trd, 4319425.443, 121
Trd, 4319425.893, 96
Trd, 4319426.093, 92
Trd, 4319426.643, 121
Trd, 4319427.343, 114
Trd, 4319428.193, 130
Trd, 4319429.243, 127
Trd, 4319429.893, 99
Trd, 4319430.793, 122
Trd, 4319432.093, 127
Trd, 4319432.343, 114
Trd, 4319433.143, 134
Trd, 4319433.493, 108
Trd, 4319434.093, 135
Trd, 4319434.893, 109
Trd, 4319435.393, 140
Trd, 4319435.443, 114
Trd, 4319436.843, 80
Trd, 4319436.943, 87
Trd, 4319437.093, 105
Trd, 4319437.493, 71
Trd, 4319437.693, 94
Trd, 4319439.693, 111
Trd, 4319439.793, 90
Trd, 4319440.893, 113
Trd, 4319441.893, 79
Trd, 4319442.093, 125
Trd, 4319442.293, 116
Trd, 4319443.443, 127
Trd, 4319443.893, 78
Trd, 4319444.343, 119
Trd, 4319444.993, 102
Trd, 4319445.043, 93
Trd, 4319445.993, 94
Trd, 4319446.743, 99
Trd, 4319446.843, 84
Trd, 4319447.693, 114
Trd, 4319447.993, 103
Trd, 4319448.193, 125
Trd, 4319450.243, 100
Trd, 4319450.343, 93
Trd, 4319451.593, 104
Trd, 4319451.693, 87
Trd, 4319452.693, 107
Trd, 4319452.943, 78
Trd, 4319453.593, 120
Trd, 4319456.993, 123
Trd, 4319457.293, 109
Trd, 4319457.843, 98
Trd, 4319458.693, 138
Trd, 4319458.793, 114
Trd, 4319459.793, 114
Trd, 4319460.043, 97
Trd, 4319460.493, 131
Trd, 4319462.293, 128
Trd, 4319463.143, 127
Trd, 4319464.393, 96
Trd, 4319465.343, 87
Trd, 4319465.493, 100
Trd, 4319465.743, 115
Trd, 4319466.693, 71
Trd, 4319467.543, 99
Trd, 4319467.943, 103
Trd, 4319468.443, 78
Trd, 4319468.493, 108
Trd, 4319469.643, 98
Trd, 4319471.293, 139
Trd, 4319471.593, 134
Trd, 4319472.193, 118
Trd, 4319472.643, 126
Trd, 4319473.093, 112
Trd, 4319473.243, 107
Trd, 4319473.693, 82
Trd, 4319474.743, 77
Trd, 4319474.843, 75
Trd, 4319477.143, 107
Trd, 4319478.793, 120
Trd, 4319480.043, 115
Trd, 4319480.393, 107
Trd, 4319480.443, 104
Trd, 4319480.843, 109
Trd, 4319483.243, 136
Trd, 4319483.743, 136
Trd, 4319483.793, 115
Trd, 4319484.093, 97
Trd, 4319484.243, 111
Trd, 4319485.593, 122
Trd, 4319486.093, 113
Trd, 4319486.293, 107
Trd, 4319486.793, 115
Trd, 4319487.643, 111
Trd, 4319488.193, 125
Trd, 4319489.393, 120
Trd, 4319489.743, 115
Trd, 4319489.793, 77
Trd, 4319489.943, 86
Trd, 4319490.593, 69
Trd, 4319491.743, 111
Trd, 4319492.743, 99
Trd, 4319493.193, 118
Trd, 4319493.293, 117
Trd, 4319494.443, 130
Trd, 4319496.343, 116
Trd, 4319497.243, 140
Trd, 4319498.093, 139
Trd, 4319498.593, 136
Trd, 4319499.543, 117
Trd, 4319500.443, 112
Trd, 4319501.493, 108
Trd, 4319501.593, 102
Trd, 4319502.093, 92
Trd, 4319502.593, 83
Trd, 4319503.343, 138
Trd, 4319504.393, 133
Trd, 4319505.593, 136
Trd, 4319505.743, 115
Trd, 4319506.143, 136
Trd, 4319506.793, 113
Trd, 4319508.343, 131
Trd, 4319508.793, 118
Trd, 4319509.443, 101
Trd, 4319509.543, 98
Trd, 4319510.343, 118
Trd, 4319511.643, 122
Trd, 4319512.293, 136
Trd, 4319512.443, 134
Trd, 4319512.743, 108
Trd, 4319514.043, 122
Trd, 4319515.443, 120
Trd, 4319516.693, 128
Trd, 4319516.743, 116
Trd, 4319518.243, 117
Trd, 4319518.693, 110
Trd, 4319518.943, 88
Trd, 4319519.343, 75
Trd, 4319520.243, 73
Trd, 4319521.143, 74
Trd, 4319522.193, 82
Trd, 4319522.343, 82
Trd, 4319523.243, 99
Trd, 4319523.643, 98
Trd, 4319523.943, 91
Trd, 4319524.543, 85
Trd, 4319524.593, 96
Trd, 4319524.693, 113
Trd, 4319526.693, 60
Trd, 4319526.993, 80
Trd, 4319528.093, 72
Trd, 4319528.543, 62
Trd, 4319528.643, 97
Trd, 4319529.343, 82
Trd, 4319531.393, 117
Trd, 4319532.043, 111
Trd, 4319532.443, 98
Trd, 4319533.243, 81
Trd, 4319533.843, 87
Trd, 4319534.243, 62
Trd, 4319534.943, 102
Trd, 4319535.543, 138
Trd, 4319535.843, 83
Trd, 4319536.193, 68
Trd, 4319537.293, 101
Trd, 4319537.843, 102
Trd, 4319538.393, 96
Trd, 4319538.893, 121
Trd, 4319539.793, 134
Trd, 4319540.143, 123
Trd, 4319540.193, 119
Trd, 4319540.993, 74
Trd, 4319541.943, 69
Trd, 4319542.843, 74
Trd, 4319543.993, 112
Trd, 4319544.893, 75
Trd, 4319545.293, 84
Trd, 4319545.743, 82
Trd, 4319546.043, 81
Trd, 4319547.093, 110
Trd, 4319547.243, 102
Trd, 4319547.493, 92
Trd, 4319548.093, 73
Trd, 4319549.893, 135
Trd, 4319550.243, 134
Trd, 4319551.693, 115
Trd, 4319551.793, 102
Trd, 4319552.143, 92
Trd, 4319553.543, 137
Trd, 4319554.843, 110
Trd, 4319556.543, 101
Trd, 4319556.593, 94
Trd, 4319556.643, 90
Trd, 4319556.993, 90
Trd, 4319557.543, 104
Trd, 4319559.493, 101
Trd, 4319559.643, 100
Trd, 4319560.093, 140
Trd, 4319560.843, 127
Trd, 4319561.443, 113
Trd, 4319562.693, 107
Trd, 4319562.743, 114
Trd, 4319562.943, 99
Trd, 4319564.743, 133
Trd, 4319565.143, 106
Trd, 4319565.243, 98
Trd, 4319565.843, 102
Trd, 4319566.793, 109
Trd, 4319567.893, 115
Trd, 4319568.543, 124
Trd, 4319568.893, 94
Trd, 4319569.093, 110
Trd, 4319569.143, 84
Trd, 4319570.893, 140
Trd, 4319571.143, 135
Trd, 4319572.193, 88
Trd, 4319573.893, 111
Trd, 4319574.043, 106
Trd, 4319574.443, 98
Trd, 4319575.093, 77
Trd, 4319576.143, 70
Trd, 4319577.193, 95
Trd, 4319577.443, 130
Trd, 4319578.743, 79
Trd, 4319579.493, 105
Trd, 4319580.393, 108
Trd, 4319580.693, 128
Trd, 4319580.993, 112
Trd, 4319581.043, 93
Trd, 4319581.193, 86
Trd, 4319582.293, 65
Trd, 4319584.193, 110
Trd, 4319585.243, 140
Trd, 4319587.143, 129
Trd, 4319587.193, 128
Trd, 4319587.943, 130
Trd, 4319589.193, 85
Trd, 4319590.093, 122
Trd, 4319591.193, 115
Trd, 4319591.443, 106
Trd, 4319592.343, 136
Trd, 4319592.443, 101
Trd, 4319592.793, 119
Trd, 4319594.043, 101
Trd, 4319594.193, 86
Trd, 4319594.943, 111
Trd, 4319596.193, 95
Trd, 4319596.293, 86
Trd, 4319596.443, 69
Trd, 4319597.143, 77
Trd, 4319598.293, 95
Trd, 4319599.443, 129
Trd, 4319599.843, 105
Trd, 4319600.243, 132
Trd, 4319600.393, 113
Trd, 4319601.643, 81
Trd, 4319601.943, 71
Trd, 4319602.643, 65
Trd, 4319603.393, 67
Trd, 4319604.043, 134
Trd, 4319605.193, 122
Trd, 4319605.243, 114
Trd, 4319605.343, 105
Trd, 4319605.393, 99
Trd, 4319607.493, 84
Trd, 4319608.143, 125
Trd, 4319608.993, 132
Trd, 4319610.493, 102
Trd, 4319610.543, 96
Trd, 4319611.943, 122
Trd, 4319612.243, 112
Trd, 4319612.293, 109
Trd, 4319612.843, 110
Trd, 4319612.943, 103
Trd, 4319614.643, 111
Trd, 4319615.093, 104
Trd, 4319615.643, 113
Trd, 4319616.293, 109
Trd, 4319616.343, 103
Trd, 4319617.193, 100
Trd, 4319617.443, 136
Trd, 4319617.643, 124
Trd, 4319617.943, 91
Trd, 4319618.943, 113
Trd, 4319620.343, 132
Trd, 4319620.743, 110
Trd, 4319622.043, 130
Trd, 4319622.343, 118
Trd, 4319622.443, 102
Trd, 4319622.643, 137
Trd, 4319623.843, 130
Trd, 4319624.243, 116
Trd, 4319624.343, 108
Trd, 4319625.693, 122
Trd, 4319626.193, 123
Trd, 4319626.593, 112
Trd, 4319626.693, 104
Trd, 4319626.943, 103
Trd, 4319627.693, 138
Trd, 4319628.193, 100
Trd, 4319628.593, 84
Trd, 4319628.943, 121
Trd, 4319630.593, 113
Trd, 4319631.543, 131
Trd, 4319631.843, 95
Trd, 4319632.643, 98
Trd, 4319632.793, 92
Trd, 4319633.093, 79
Trd, 4319633.343, 88
Trd, 4319634.743, 85
Trd, 4319635.243, 80
Trd, 4319636.543, 117
Trd, 4319637.443, 103
Trd, 4319637.793, 85
Trd, 4319638.993, 132
Trd, 4319639.993, 115
Trd, 4319640.943, 72
Trd, 4319641.543, 92
Trd, 4319642.093, 121
Trd, 4319643.293, 104
Trd, 4319643.743, 108
Trd, 4319645.943, 110
Trd, 4319645.993, 99
Trd, 4319646.393, 96
Trd, 4319647.243, 136
Trd, 4319647.793, 112
Trd, 4319647.993, 108
Trd, 4319649.543, 111
Trd, 4319649.643, 111
Trd, 4319650.493, 113
Trd, 4319650.843, 122
Trd, 4319652.143, 117
Trd, 4319652.493, 103
Trd, 4319653.143, 126
Trd, 4319653.643, 97
Trd, 4319653.743, 114
Trd, 4319653.893, 66
Trd, 4319655.893, 126
Trd, 4319657.293, 126
Trd, 4319657.593, 102
Trd, 4319657.693, 94
Trd, 4319657.993, 135
Trd, 4319658.843, 124
Trd, 4319660.443, 114
Trd, 4319661.843, 136
Trd, 4319662.493, 109
Trd, 4319662.643, 109
Trd, 4319663.043, 108
Trd, 4319663.393, 101
Trd, 4319663.493, 118
Trd, 4319664.543, 134
Trd, 4319665.493, 114
Trd, 4319666.393, 109
Trd, 4319666.643, 108
Trd, 4319666.943, 104
Trd, 4319668.093, 88
Trd, 4319668.843, 85
Trd, 4319669.743, 97
Trd, 4319670.893, 114
Trd, 4319671.643, 125
Trd, 4319671.743, 115
Trd, 4319672.693, 102
Trd, 4319672.893, 78
Trd, 4319674.093, 92
Trd, 4319675.293, 75
Trd, 4319675.743, 65
Trd, 4319676.343, 86
Trd, 4319678.743, 128
Trd, 4319678.793, 110
Trd, 4319678.993, 99
Trd, 4319679.443, 119
Trd, 4319679.643, 96
Trd, 4319680.443, 134
Trd, 4319681.543, 133
Trd, 4319681.743, 114
Trd, 4319681.843, 112
Trd, 4319682.443, 115
Trd, 4319683.593, 124
Trd, 4319684.393, 140
Trd, 4319685.193, 132
Trd, 4319685.643, 89
Trd, 4319686.493, 87
Trd, 4319688.443, 84
Trd, 4319688.893, 85
Trd, 4319689.393, 124
Trd, 4319690.243, 106
Trd, 4319691.293, 133
Trd, 4319692.143, 130
Trd, 4319692.443, 134
Trd, 4319693.043, 126
Trd, 4319693.493, 136
Trd, 4319693.993, 125
Trd, 4319694.443, 108
Trd, 4319695.593, 80
Trd, 4319696.543, 118
Trd, 4319698.643, 71
Trd, 4319700.093, 88
Trd, 4319700.293, 117
Trd, 4319700.493, 131
Trd, 4319701.743, 72
Trd, 4319702.243, 76
Trd, 4319704.093, 107
Trd, 4319704.693, 98
Trd, 4319705.193, 79
Trd, 4319705.343, 77
Trd, 4319705.793, 98
Trd, 4319706.293, 102
Trd, 4319706.893, 69
Trd, 4319707.643, 60
Trd, 4319709.143, 131
Trd, 4319709.743, 139
Trd, 4319709.793, 123
Trd, 4319710.443, 101
Trd, 4319710.693, 98
Trd, 4319711.343, 135
Trd, 4319711.443, 119
Trd, 4319711.693, 92
Trd, 4319712.943, 135
Trd, 4319713.343, 60
Trd, 4319715.043, 98
Trd, 4319716.443, 125
Trd, 4319716.793, 62
Trd, 4319717.843, 101
Trd, 4319718.943, 118
Trd, 4319720.093, 133
Trd, 4319721.093, 124
Trd, 4319722.093, 113
Trd, 4319724.143, 127
Trd, 4319724.343, 137
Trd, 4319724.843, 107
Trd, 4319725.143, 106
Trd, 4319726.043, 96
Trd, 4319726.193, 101
Trd, 4319728.093, 107
Trd, 4319728.243, 106
Trd, 4319728.343, 100
Trd, 4319729.493, 93
Trd, 4319731.143, 96
Trd, 4319732.443, 91
Trd, 4319733.143, 112
Trd, 4319733.243, 110
Trd, 4319733.543, 109
Trd, 4319734.143, 121
Trd, 4319734.443, 106
Trd, 4319734.543, 83
Trd, 4319737.243, 126
Trd, 4319737.443, 122
Trd, 4319737.643, 115
Trd, 4319737.843, 104
Trd, 4319739.093, 96
Trd, 4319740.243, 101
Trd, 4319741.743, 74
Trd, 4319742.393, 78
Trd, 4319742.993, 75
Trd, 4319743.143, 124
Trd, 4319744.093, 101
Trd, 4319744.243, 64
Trd, 4319744.693, 76
Trd, 4319745.443, 65
Trd, 4319746.143, 117
Trd, 4319746.593, 92
Trd, 4319747.743, 125
Trd, 4319747.893, 119
Trd, 4319750.693, 139
Trd, 4319751.243, 128
Trd, 4319751.743, 140
Trd, 4319752.593, 121
Trd, 4319754.093, 128
Trd, 4319754.793, 84
Trd, 4319755.143, 124
Trd, 4319755.793, 102
Trd, 4319756.543, 130
Trd, 4319756.993, 116
Trd, 4319757.593, 104
Trd, 4319757.993, 95
Trd, 4319758.443, 113
Trd, 4319759.643, 94
Trd, 4319760.043, 86
Trd, 4319761.643, 125
Trd, 4319761.793, 122
Trd, 4319762.593, 128
Trd, 4319762.843, 117
Trd, 4319763.043, 101
Trd, 4319763.243, 112
Trd, 4319765.043, 117
Trd, 4319765.093, 96
Trd, 4319767.293, 138
Trd, 4319768.293, 136
Trd, 4319768.443, 115
Trd, 4319768.893, 100
Trd, 4319769.493, 118
Trd, 4319770.043, 125
Trd, 4319770.393, 118
Trd, 4319770.593, 118
Trd, 4319771.893, 95
Trd, 4319772.243, 120
Trd, 4319773.693, 108
Trd, 4319774.293, 80
Trd, 4319774.893, 90
Trd, 4319775.593, 99
Trd, 4319776.643, 105
Trd, 4319776.743, 86
Trd, 4319777.193, 77
Trd, 4319777.643, 104
Trd, 4319777.693, 91
Trd, 4319777.993, 76
Trd, 4319780.243, 140
Trd, 4319780.393, 116
Trd, 4319782.293, 101
Trd, 4319782.743, 136
Trd, 4319783.443, 107
Trd, 4319783.993, 132
Trd, 4319784.093, 129
Trd, 4319784.593, 117
Trd, 4319784.743, 113
Trd, 4319786.543, 116
Trd, 4319786.743, 109
Trd, 4319786.793, 131
Trd, 4319787.943, 122
Trd, 4319788.743, 81
Trd, 4319789.493, 74
Trd, 4319789.793, 73
Trd, 4319791.243, 80
Trd, 4319792.193, 88
Trd, 4319792.793, 123
Trd, 4319794.593, 117
Trd, 4319795.543, 139
Trd, 4319795.993, 110
Trd, 4319796.443, 131
Trd, 4319797.043, 79
Trd, 4319798.093, 98
Trd, 4319798.843, 77
Trd, 4319800.043, 138
Trd, 4319800.143, 131
Trd, 4319800.443, 119
Trd, 4319800.543, 90
Trd, 4319800.643, 83
Trd, 4319800.993, 100
Trd, 4319801.143, 69
Trd, 4319804.843, 73
Trd, 4319804.943, 120
Trd, 4319805.743, 84
Trd, 4319806.843, 76
Trd, 4319807.193, 80
Trd, 4319807.293, 99
Trd, 4319808.543, 83
Trd, 4319808.843, 88
Trd, 4319809.893, 69
Trd, 4319810.793, 128
Trd, 4319811.893, 136
Trd, 4319812.093, 102
Trd, 4319812.293, 94
Trd, 4319812.693, 127
Trd, 4319812.793, 85
Trd, 4319813.193, 81
Trd, 4319813.543, 88
Trd, 4319813.943, 110
Trd, 4319814.643, 75
Trd, 4319815.893, 132
Trd, 4319816.843, 113
Trd, 4319817.843, 94
Trd, 4319818.043, 95
Trd, 4319819.243, 87
Trd, 4319819.493, 138
Trd, 4319819.943, 122
Trd, 4319821.043, 90
Trd, 4319821.093, 80
Trd, 4319822.043, 88
Trd, 4319822.743, 105
Trd, 4319823.043, 82
Trd, 4319823.493, 88
Trd, 4319823.593, 76
Trd, 4319824.093, 123
Trd, 4319826.093, 132
Trd, 4319826.193, 105
Trd, 4319828.093, 97
Trd, 4319828.993, 101
Trd, 4319829.593, 84
Trd, 4319830.843, 70
Trd, 4319831.243, 138
Trd, 4319833.543, 116
Trd, 4319834.243, 140
Trd, 4319834.543, 130
Trd, 4319834.793, 113
Trd, 4319834.943, 109
Trd, 4319835.943, 110
Trd, 4319836.643, 123
Trd, 4319836.693, 114
Trd, 4319837.693, 113
Trd, 4319838.143, 108
Trd, 4319838.493, 125
Trd, 4319839.093, 99
Trd, 4319839.543, 138
Trd, 4319841.743, 130
Trd, 4319842.743, 126
Trd, 4319843.493, 120
Trd, 4319845.243, 112
Trd, 4319845.493, 98
Trd, 4319846.043, 122
Trd, 4319846.293, 91
Trd, 4319847.443, 130
Trd, 4319847.493, 110
Trd, 4319847.943, 91
Trd, 4319849.343, 73
Trd, 4319849.443, 69
Trd, 4319850.443, 84
Trd, 4319850.643, 75
Trd, 4319851.993, 91
Trd, 4319852.543, 115
Trd, 4319853.293, 112
Trd, 4319853.593, 85
Trd, 4319853.893, 78
Trd, 4319854.543, 73
Trd, 4319854.793, 77
Trd, 4319855.593, 123
Trd, 4319855.943, 115
Trd, 4319856.143, 102
Trd, 4319857.343, 108
Trd, 4319857.393, 100
Trd, 4319859.043, 128
Trd, 4319859.993, 103
Trd, 4319860.093, 134
Trd, 4319861.043, 127
Trd, 4319861.543, 106
Trd, 4319862.293, 111
Trd, 4319862.443, 95
Trd, 4319864.093, 128
Trd, 4319865.493, 118
Trd, 4319866.143, 108
Trd, 4319867.393, 112
Trd, 4319867.643, 113
Trd, 4319867.743, 87
Trd, 4319868.693, 112
Trd, 4319869.193, 100
Trd, 4319869.693, 87
Trd, 4319870.493, 85
Trd, 4319870.893, 105
Trd, 4319872.093, 93
Trd, 4319872.143, 91
Trd, 4319873.393, 119
Trd, 4319873.693, 127
Trd, 4319874.443, 133
Trd, 4319874.893, 115
Trd, 4319875.343, 131
Trd, 4319876.193, 98
Trd, 4319876.943, 82
Trd, 4319877.043, 135
Trd, 4319878.593, 129
Trd, 4319879.293, 106
Trd, 4319880.143, 101
Trd, 4319880.743, 119
Trd, 4319881.193, 106
Trd, 4319881.593, 112
Trd, 4319882.543, 111
Trd, 4319883.443, 110
Trd, 4319884.193, 107
Trd, 4319884.443, 105
Trd, 4319885.393, 93
Trd, 4319887.443, 126
Trd, 4319888.343, 93
Trd, 4319888.393, 83
Trd, 4319888.493, 133
Trd, 4319888.543, 82
Trd, 4319889.543, 77
Trd, 4319890.243, 117
Trd, 4319890.343, 97
Trd, 4319890.493, 76
Trd, 4319891.093, 74
Trd, 4319892.393, 101
Trd, 4319893.193, 128
Trd, 4319894.593, 105
Trd, 4319895.393, 138
Trd, 4319895.443, 87
Trd, 4319896.693, 96
Trd, 4319897.343, 71
Trd, 4319898.043, 86
Trd, 4319898.443, 82
Trd, 4319898.693, 93
Trd, 4319899.843, 119
Trd, 4319900.243, 75
Trd, 4319901.593, 66
Trd, 4319901.843, 68
Trd, 4319902.393, 102
Trd, 4319904.043, 123
Trd, 4319907.943, 138
Trd, 4319908.043, 121
Trd, 4319908.493, 119
Trd, 4319908.643, 121
Trd, 4319908.893, 109
Trd, 4319908.993, 92
Trd, 4319910.243, 72
Trd, 4319910.743, 131
Trd, 4319911.843, 123
Trd, 4319912.243, 120
Trd, 4319912.743, 132
Trd, 4319914.293, 112
Trd, 4319914.393, 69
Trd, 4319915.293, 84
Trd, 4319915.893, 82
Trd, 4319917.043, 77
Trd, 4319917.593, 111
Trd, 4319918.393, 113
Trd, 4319918.893, 101
Trd, 4319920.843, 126
Trd, 4319921.093, 127
Trd, 4319921.593, 109
Trd, 4319921.843, 129
Trd, 4319922.343, 129
Trd, 4319922.843, 110
Trd, 4319923.043, 108
Trd, 4319923.143, 95
Trd, 4319923.893, 67
Trd, 4319924.243, 72
Trd, 4319925.293, 131
Trd, 4319926.093, 63
Trd, 4319927.193, 106
Trd, 4319927.393, 88
Trd, 4319927.643, 132
Trd, 4319928.143, 93
Trd, 4319928.543, 105
Trd, 4319930.043, 91
Trd, 4319931.043, 89
Trd, 4319931.293, 91
Trd, 4319932.243, 78
Trd, 4319932.393, 86
Trd, 4319932.543, 75
Trd, 4319933.693, 105
Trd, 4319933.743, 98
Trd, 4319934.893, 72
Trd, 4319937.443, 72
Trd, 4319937.543, 90
Trd, 4319937.843, 92
Trd, 4319939.093, 125
Trd, 4319939.843, 112
Trd, 4319940.793, 64
Trd, 4319941.643, 96
Trd, 4319942.493, 67
Trd, 4319943.543, 117
Trd, 4319943.593, 112
Trd, 4319944.643, 110
Trd, 4319945.043, 92
Trd, 4319945.293, 93
Trd, 4319946.643, 107
Trd, 4319947.493, 78
Trd, 4319948.443, 77
Trd, 4319949.593, 62
Trd, 4319950.343, 76
Trd, 4319950.693, 76
Trd, 4319951.743, 73
Trd, 4319952.243, 83
Trd, 4319952.443, 110
Trd, 4319953.243, 76
Trd, 4319953.743, 73
Trd, 4319954.493, 103
Trd, 4319955.093, 86
Trd, 4319955.693, 98
Trd, 4319956.393, 133
Trd, 4319956.643, 98
Trd, 4319957.493, 83
Trd, 4319958.543, 106
Trd, 4319959.043, 125
Trd, 4319959.643, 120
Trd, 4319960.193, 85
Trd, 4319961.043, 114
Trd, 4319962.843, 123
Trd, 4319963.543, 135
Trd, 4319964.243, 134
Trd, 4319965.093, 104
Trd, 4319965.343, 97
Trd, 4319966.243, 123
Trd, 4319967.493, 99
Trd, 4319967.893, 134
Trd, 4319967.993, 116
Trd, 4319968.193, 102
Trd, 4319970.793, 135
Trd, 4319970.993, 115
Trd, 4319971.893, 97
Trd, 4319972.743, 106
Trd, 4319972.843, 102
Trd, 4319973.493, 105
Trd, 4319973.893, 89
Trd, 4319975.293, 130
Trd, 4319975.393, 125
Trd, 4319975.693, 140
Trd, 4319976.393, 114
Trd, 4319976.643, 137
Trd, 4319976.693, 99
Trd, 4319978.393, 104
Trd, 4319979.643, 121
Trd, 4319979.943, 119
Trd, 4319980.243, 115
Trd, 4319980.843, 121
Trd, 4319981.193, 119
Trd, 4319981.893, 112
Trd, 4319982.193, 104
Trd, 4319984.943, 136
Trd, 4319987.793, 105
Trd, 4319987.843, 102
Trd, 4319987.943, 77
Trd, 4319989.043, 114
Trd, 4319989.193, 107
Trd, 4319990.593, 124
Trd, 4319990.993, 130
Trd, 4319991.693, 110
Trd, 4319992.893, 61
Trd, 4319992.943, 61
Trd, 4319993.493, 112
Trd, 4319994.543, 101
Trd, 4319994.993, 107
Trd, 4319995.243, 102
Trd, 4319995.543, 102
Trd, 4319996.543, 82
Trd, 4319996.993, 65
Trd, 4319997.793, 106
Trd, 4319999.143, 91
Trd, 4319999.943, 106
