Trd, 4318013.643, 105
Trd, 4318014.143, 121
Trd, 4318016.093, 101
Trd, 4318016.193, 102
Trd, 4318016.643, 139
Trd, 4318016.893, 118
Trd, 4318018.393, 113
Trd, 4318019.043, 116
Trd, 4318020.793, 117
Trd, 4318021.593, 107
Trd, 4318021.793, 99
Trd, 4318022.743, 75
Trd, 4318025.343, 138
Trd, 4318025.743, 140
Trd, 4318026.343, 104
Trd, 4318027.743, 115
Trd, 4318028.493, 104
Trd, 4318028.693, 92
Trd, 4318030.643, 89
Trd, 4318032.493, 136
Trd, 4318032.593, 112
Trd, 4318033.493, 89
Trd, 4318033.793, 74
Trd, 4318034.793, 89
Trd, 4318035.993, 135
Trd, 4318037.293, 108
Trd, 4318037.793, 99
Trd, 4318038.693, 125
Trd, 4318039.343, 95
Trd, 4318040.693, 122
Trd, 4318040.743, 80
Trd, 4318040.943, 86
Trd, 4318042.643, 134
Trd, 4318042.793, 97
Trd, 4318043.193, 114
Trd, 4318043.893, 87
Trd, 4318045.543, 137
Trd, 4318046.043, 132
Trd, 4318048.793, 106
Trd, 4318050.343, 115
Trd, 4318051.693, 140
Trd, 4318052.193, 114
Trd, 4318052.293, 104
Trd, 4318053.993, 106
Trd, 4318054.193, 100
Trd, 4318055.143, 140
Trd, 4318056.143, 110
Trd, 4318057.093, 82
Trd, 4318058.343, 106
Trd, 4318058.493, 85
Trd, 4318059.793, 119
Trd, 4318059.843, 118
Trd, 4318061.043, 98
Trd, 4318061.193, 84
Trd, 4318063.943, 132
Trd, 4318065.393, 129
Trd, 4318065.993, 122
Trd, 4318066.243, 133
Trd, 4318066.643, 138
Trd, 4318067.793, 109
Trd, 4318068.393, 107
Trd, 4318070.543, 109
Trd, 4318073.243, 137
Trd, 4318073.543, 107
Trd, 4318073.943, 131
Trd, 4318075.243, 95
Trd, 4318076.043, 108
Trd, 4318077.243, 93
Trd, 4318078.243, 132
Trd, 4318078.493, 132
Trd, 4318078.743, 132
Trd, 4318078.893, 114
Trd, 4318079.643, 116
Trd, 4318081.993, 107
Trd, 4318082.243, 99
Trd, 4318086.093, 99
Trd, 4318086.543, 102
Trd, 4318087.343, 86
Trd, 4318087.893, 103
Trd, 4318091.093, 133
Trd, 4318091.343, 128
Trd, 4318091.993, 129
Trd, 4318093.243, 112
Trd, 4318094.243, 139
Trd, 4318094.493, 118
Trd, 4318097.143, 138
Trd, 4318097.743, 120
Trd, 4318098.843, 118
Trd, 4318099.393, 97
Trd, 4318100.243, 123
Trd, 4318100.943, 115
Trd, 4318102.093, 120
Trd, 4318102.343, 129
Trd, 4318104.943, 116
Trd, 4318105.043, 105
Trd, 4318105.343, 110
Trd, 4318105.993, 98
Trd, 4318106.693, 124
Trd, 4318107.743, 138
Trd, 4318107.943, 95
Trd, 4318109.443, 136
Trd, 4318111.543, 100
Trd, 4318112.643, 119
Trd, 4318114.193, 102
Trd, 4318114.343, 100
Trd, 4318115.643, 124
Trd, 4318116.143, 106
Trd, 4318116.393, 97
Trd, 4318117.393, 128
Trd, 4318119.343, 136
Trd, 4318119.443, 114
Trd, 4318120.743, 136
Trd, 4318121.093, 131
Trd, 4318123.693, 117
Trd, 4318124.543, 135
Trd, 4318125.843, 99
Trd, 4318126.293, 87
Trd, 4318127.643, 137
Trd, 4318128.293, 117
Trd, 4318130.793, 123
Trd, 4318131.193, 103
Trd, 4318131.743, 104
Trd, 4318132.693, 95
Trd, 4318133.943, 106
Trd, 4318135.393, 100
Trd, 4318136.543, 127
Trd, 4318137.443, 125
Trd, 4318137.893, 118
Trd, 4318139.493, 78
Trd, 4318139.893, 77
Trd, 4318139.993, 87
Trd, 4318141.143, 110
Trd, 4318142.193, 100
Trd, 4318142.293, 94
Trd, 4318143.243, 120
Trd, 4318145.493, 118
Trd, 4318145.893, 92
Trd, 4318147.393, 128
Trd, 4318147.743, 126
Trd, 4318148.393, 114
Trd, 4318151.043, 112
Trd, 4318151.243, 112
Trd, 4318152.393, 106
Trd, 4318154.293, 101
Trd, 4318154.793, 88
Trd, 4318154.843, 114
Trd, 4318155.093, 128
Trd, 4318155.243, 119
Trd, 4318156.493, 115
Trd, 4318157.043, 110
Trd, 4318157.493, 129
Trd, 4318159.043, 138
Trd, 4318160.193, 134
Trd, 4318161.543, 133
Trd, 4318162.443, 120
Trd, 4318163.043, 110
Trd, 4318163.493, 132
Trd, 4318165.043, 133
Trd, 4318166.593, 134
Trd, 4318168.493, 140
Trd, 4318168.793, 93
Trd, 4318169.243, 105
Trd, 4318170.843, 96
Trd, 4318171.293, 131
Trd, 4318172.643, 139
Trd, 4318174.043, 119
Trd, 4318175.293, 122
Trd, 4318176.093, 108
Trd, 4318177.593, 119
Trd, 4318177.893, 94
Trd, 4318179.943, 99
Trd, 4318180.843, 127
Trd, 4318183.893, 121
Trd, 4318184.093, 139
Trd, 4318184.643, 111
Trd, 4318184.843, 91
Trd, 4318186.693, 68
Trd, 4318188.493, 110
Trd, 4318188.893, 103
Trd, 4318189.243, 104
Trd, 4318190.593, 125
Trd, 4318191.943, 138
Trd, 4318192.393, 129
Trd, 4318193.443, 115
Trd, 4318193.543, 107
Trd, 4318194.243, 112
Trd, 4318194.343, 105
Trd, 4318195.243, 102
Trd, 4318195.443, 124
Trd, 4318196.193, 133
Trd, 4318198.193, 130
Trd, 4318198.793, 102
Trd, 4318198.843, 106
Trd, 4318199.143, 84
Trd, 4318199.343, 84
Trd, 4318199.693, 77
Trd, 4318201.093, 125
Trd, 4318202.143, 102
Trd, 4318203.193, 125
Trd, 4318203.243, 113
Trd, 4318203.743, 82
Trd, 4318204.743, 124
Trd, 4318204.993, 123
Trd, 4318205.043, 101
Trd, 4318206.193, 86
Trd, 4318206.643, 106
Trd, 4318206.793, 94
Trd, 4318207.893, 131
Trd, 4318208.293, 107
Trd, 4318208.693, 132
Trd, 4318210.143, 136
Trd, 4318210.343, 107
Trd, 4318212.393, 106
Trd, 4318213.343, 116
Trd, 4318213.843, 135
Trd, 4318214.593, 105
Trd, 4318215.143, 100
Trd, 4318215.593, 106
Trd, 4318216.243, 117
Trd, 4318216.543, 96
Trd, 4318217.643, 130
Trd, 4318218.543, 107
Trd, 4318219.743, 113
Trd, 4318220.443, 62
Trd, 4318221.393, 109
Trd, 4318222.743, 102
Trd, 4318222.793, 108
Trd, 4318224.343, 130
Trd, 4318226.093, 138
Trd, 4318226.793, 122
Trd, 4318227.593, 123
Trd, 4318228.843, 140
Trd, 4318229.943, 122
Trd, 4318230.043, 113
Trd, 4318230.793, 125
Trd, 4318231.093, 109
Trd, 4318231.843, 111
Trd, 4318232.593, 99
Trd, 4318232.743, 109
Trd, 4318234.043, 93
Trd, 4318235.143, 120
Trd, 4318236.993, 110
Trd, 4318237.743, 136
Trd, 4318239.943, 135
Trd, 4318241.443, 133
Trd, 4318242.293, 109
Trd, 4318242.743, 130
Trd, 4318243.393, 135
Trd, 4318244.593, 100
Trd, 4318245.293, 101
Trd, 4318246.943, 137
Trd, 4318248.093, 109
Trd, 4318249.343, 139
Trd, 4318249.493, 130
Trd, 4318251.043, 116
Trd, 4318251.893, 116
Trd, 4318252.493, 138
Trd, 4318252.693, 134
Trd, 4318253.393, 133
Trd, 4318253.793, 105
Trd, 4318255.693, 91
Trd, 4318255.793, 93
Trd, 4318256.393, 102
Trd, 4318257.793, 140
Trd, 4318258.743, 110
Trd, 4318258.793, 92
Trd, 4318260.143, 114
Trd, 4318260.343, 89
Trd, 4318261.493, 121
Trd, 4318262.893, 140
Trd, 4318262.943, 114
Trd, 4318266.693, 92
Trd, 4318266.743, 85
Trd, 4318266.793, 99
Trd, 4318267.343, 124
Trd, 4318268.643, 137
Trd, 4318269.343, 115
Trd, 4318271.543, 98
Trd, 4318271.993, 111
Trd, 4318272.193, 127
Trd, 4318272.493, 96
Trd, 4318272.693, 104
Trd, 4318273.493, 129
Trd, 4318275.243, 131
Trd, 4318276.493, 107
Trd, 4318276.643, 105
Trd, 4318276.893, 110
Trd, 4318277.493, 123
Trd, 4318280.143, 105
Trd, 4318280.193, 88
Trd, 4318280.443, 112
Trd, 4318281.793, 114
Trd, 4318282.743, 103
Trd, 4318284.093, 94
Trd, 4318285.443, 108
Trd, 4318286.993, 121
Trd, 4318288.043, 132
Trd, 4318288.543, 123
Trd, 4318290.643, 102
Trd, 4318291.043, 96
Trd, 4318291.343, 83
Trd, 4318292.493, 91
Trd, 4318292.943, 111
Trd, 4318293.643, 116
Trd, 4318294.643, 101
Trd, 4318294.743, 116
Trd, 4318295.093, 113
Trd, 4318296.143, 113
Trd, 4318297.793, 133
Trd, 4318298.243, 125
Trd, 4318299.293, 102
Trd, 4318300.543, 88
Trd, 4318301.593, 139
Trd, 4318302.493, 133
Trd, 4318303.343, 135
Trd, 4318303.843, 111
Trd, 4318304.893, 140
Trd, 4318304.993, 117
Trd, 4318305.393, 111
Trd, 4318305.493, 85
Trd, 4318306.743, 111
Trd, 4318308.493, 137
Trd, 4318309.343, 112
Trd, 4318310.693, 109
Trd, 4318311.243, 132
Trd, 4318313.243, 104
Trd, 4318313.543, 101
Trd, 4318314.343, 129
Trd, 4318315.543, 98
Trd, 4318316.393, 99
Trd, 4318316.443, 78
Trd, 4318317.443, 140
Trd, 4318319.143, 115
Trd, 4318320.043, 97
Trd, 4318320.343, 133
Trd, 4318321.443, 134
Trd, 4318321.493, 116
Trd, 4318321.893, 111
Trd, 4318323.493, 117
Trd, 4318324.143, 93
Trd, 4318325.393, 113
Trd, 4318326.043, 137
Trd, 4318328.043, 117
Trd, 4318328.443, 134
Trd, 4318330.393, 119
Trd, 4318330.743, 75
Trd, 4318331.943, 117
Trd, 4318332.043, 136
Trd, 4318332.293, 99
Trd, 4318333.943, 137
Trd, 4318334.693, 116
Trd, 4318336.243, 110
Trd, 4318336.843, 133
Trd, 4318337.593, 130
Trd, 4318338.143, 117
Trd, 4318338.843, 108
Trd, 4318339.943, 103
Trd, 4318342.143, 120
Trd, 4318342.243, 101
Trd, 4318343.893, 135
Trd, 4318344.193, 116
Trd, 4318346.893, 121
Trd, 4318346.943, 99
Trd, 4318347.043, 123
Trd, 4318349.193, 95
Trd, 4318349.893, 91
Trd, 4318350.993, 124
Trd, 4318351.343, 135
Trd, 4318351.543, 113
Trd, 4318353.493, 106
Trd, 4318353.843, 104
Trd, 4318354.343, 109
Trd, 4318354.543, 114
Trd, 4318354.693, 123
Trd, 4318355.293, 87
Trd, 4318355.643, 82
Trd, 4318358.343, 133
Trd, 4318358.843, 118
Trd, 4318360.543, 115
Trd, 4318361.443, 108
Trd, 4318362.243, 127
Trd, 4318363.143, 89
Trd, 4318363.543, 86
Trd, 4318365.493, 124
Trd, 4318367.993, 137
Trd, 4318369.143, 120
Trd, 4318369.643, 115
Trd, 4318370.043, 102
Trd, 4318370.993, 110
Trd, 4318371.443, 132
Trd, 4318371.593, 97
Trd, 4318372.043, 97
Trd, 4318373.393, 119
Trd, 4318375.293, 134
Trd, 4318375.543, 138
Trd, 4318376.493, 117
Trd, 4318377.093, 110
Trd, 4318378.543, 95
Trd, 4318379.693, 130
Trd, 4318379.993, 112
Trd, 4318380.943, 114
Trd, 4318381.893, 108
Trd, 4318383.043, 129
Trd, 4318384.043, 132
Trd, 4318386.893, 116
Trd, 4318387.093, 109
Trd, 4318388.343, 134
Trd, 4318390.543, 107
Trd, 4318390.693, 88
Trd, 4318392.743, 109
Trd, 4318393.293, 129
Trd, 4318394.043, 103
Trd, 4318394.393, 118
Trd, 4318397.593, 121
Trd, 4318397.793, 115
Trd, 4318397.993, 84
Trd, 4318398.393, 63
Trd, 4318400.743, 100
Trd, 4318401.043, 106
Trd, 4318402.593, 121
Trd, 4318402.743, 117
Trd, 4318403.593, 130
Trd, 4318404.193, 123
Trd, 4318405.293, 138
Trd, 4318406.943, 107
Trd, 4318407.493, 94
Trd, 4318408.843, 107
Trd, 4318409.443, 92
Trd, 4318410.943, 105
Trd, 4318411.143, 99
Trd, 4318411.543, 90
Trd, 4318412.193, 104
Trd, 4318414.543, 125
Trd, 4318415.393, 106
Trd, 4318415.993, 131
Trd, 4318419.393, 121
Trd, 4318420.243, 124
Trd, 4318420.393, 116
Trd, 4318420.743, 91
Trd, 4318421.193, 114
Trd, 4318423.893, 92
Trd, 4318425.843, 124
Trd, 4318426.093, 110
Trd, 4318426.893, 132
Trd, 4318427.443, 138
Trd, 4318428.043, 116
Trd, 4318428.643, 118
Trd, 4318428.793, 116
Trd, 4318429.593, 94
Trd, 4318431.643, 131
Trd, 4318431.843, 125
Trd, 4318432.443, 112
Trd, 4318433.243, 85
Trd, 4318434.693, 123
Trd, 4318434.893, 112
Trd, 4318435.443, 130
Trd, 4318437.543, 139
Trd, 4318438.943, 122
Trd, 4318439.193, 122
Trd, 4318439.293, 120
Trd, 4318439.693, 116
Trd, 4318440.643, 110
Trd, 4318442.443, 113
Trd, 4318442.743, 113
Trd, 4318443.443, 129
Trd, 4318443.543, 111
Trd, 4318444.893, 140
Trd, 4318446.743, 130
Trd, 4318446.793, 107
Trd, 4318448.643, 112
Trd, 4318449.943, 136
Trd, 4318450.143, 113
Trd, 4318452.093, 101
Trd, 4318455.843, 140
Trd, 4318457.393, 128
Trd, 4318457.593, 113
Trd, 4318457.743, 128
Trd, 4318458.743, 120
Trd, 4318459.643, 119
Trd, 4318459.743, 118
Trd, 4318460.443, 118
Trd, 4318462.393, 126
Trd, 4318462.443, 110
Trd, 4318463.693, 80
Trd, 4318464.243, 104
Trd, 4318465.043, 123
Trd, 4318465.743, 101
Trd, 4318467.093, 118
Trd, 4318467.243, 113
Trd, 4318468.293, 121
Trd, 4318470.843, 130
Trd, 4318470.943, 133
Trd, 4318471.493, 126
Trd, 4318471.643, 107
Trd, 4318471.843, 104
Trd, 4318474.543, 118
Trd, 4318475.843, 130
Trd, 4318475.893, 129
Trd, 4318476.143, 118
Trd, 4318478.193, 111
Trd, 4318479.293, 107
Trd, 4318480.093, 94
Trd, 4318480.243, 117
Trd, 4318481.193, 117
Trd, 4318481.293, 138
Trd, 4318482.343, 132
Trd, 4318484.693, 135
Trd, 4318484.793, 119
Trd, 4318487.343, 137
Trd, 4318487.543, 126
Trd, 4318487.993, 131
Trd, 4318488.243, 115
Trd, 4318488.343, 109
Trd, 4318490.143, 137
Trd, 4318490.893, 123
Trd, 4318491.043, 103
Trd, 4318491.393, 84
Trd, 4318492.543, 108
Trd, 4318492.593, 100
Trd, 4318493.093, 129
Trd, 4318495.443, 103
Trd, 4318497.493, 106
Trd, 4318499.943, 108
Trd, 4318500.593, 117
Trd, 4318501.093, 122
Trd, 4318502.143, 127
Trd, 4318502.543, 123
Trd, 4318503.793, 133
Trd, 4318504.493, 102
Trd, 4318505.593, 106
Trd, 4318505.843, 119
Trd, 4318506.893, 122
Trd, 4318507.743, 136
Trd, 4318508.193, 136
Trd, 4318510.243, 115
Trd, 4318510.793, 100
Trd, 4318511.443, 113
Trd, 4318512.893, 118
Trd, 4318513.243, 124
Trd, 4318515.093, 132
Trd, 4318515.493, 127
Trd, 4318515.693, 136
Trd, 4318516.843, 120
Trd, 4318517.943, 88
Trd, 4318518.093, 109
Trd, 4318520.193, 134
Trd, 4318520.943, 139
Trd, 4318522.393, 127
Trd, 4318522.943, 124
Trd, 4318522.993, 115
Trd, 4318523.193, 98
Trd, 4318523.893, 91
Trd, 4318523.943, 85
Trd, 4318525.543, 133
Trd, 4318528.243, 105
Trd, 4318529.193, 92
Trd, 4318529.943, 79
Trd, 4318530.143, 71
Trd, 4318532.343, 95
Trd, 4318532.493, 93
Trd, 4318532.743, 101
Trd, 4318532.793, 91
Trd, 4318534.143, 121
Trd, 4318536.143, 120
Trd, 4318536.693, 128
Trd, 4318537.843, 138
Trd, 4318538.893, 130
Trd, 4318539.993, 109
Trd, 4318540.193, 100
Trd, 4318543.543, 114
Trd, 4318544.043, 116
Trd, 4318544.093, 107
Trd, 4318544.393, 99
Trd, 4318544.643, 86
Trd, 4318544.893, 112
Trd, 4318545.543, 137
Trd, 4318545.893, 115
Trd, 4318547.393, 81
Trd, 4318548.843, 131
Trd, 4318550.093, 111
Trd, 4318551.843, 127
Trd, 4318552.493, 109
Trd, 4318553.443, 134
Trd, 4318555.393, 102
Trd, 4318557.143, 123
Trd, 4318557.493, 115
Trd, 4318557.643, 91
Trd, 4318559.643, 104
Trd, 4318560.143, 105
Trd, 4318560.693, 88
Trd, 4318562.443, 131
Trd, 4318562.543, 87
Trd, 4318564.493, 93
Trd, 4318564.693, 91
Trd, 4318565.393, 111
Trd, 4318565.943, 106
Trd, 4318565.993, 83
Trd, 4318566.393, 76
Trd, 4318566.993, 131
Trd, 4318568.343, 105
Trd, 4318569.193, 139
Trd, 4318570.993, 124
Trd, 4318571.343, 103
Trd, 4318571.593, 109
Trd, 4318572.543, 134
Trd, 4318574.043, 134
Trd, 4318574.993, 137
Trd, 4318577.193, 126
Trd, 4318577.443, 118
Trd, 4318577.893, 135
Trd, 4318577.943, 116
Trd, 4318578.193, 106
Trd, 4318578.893, 138
Trd, 4318580.293, 117
Trd, 4318581.643, 100
Trd, 4318581.693, 92
Trd, 4318582.543, 120
Trd, 4318583.243, 114
Trd, 4318583.543, 126
Trd, 4318584.993, 126
Trd, 4318586.393, 135
Trd, 4318587.393, 104
Trd, 4318587.943, 123
Trd, 4318588.543, 116
Trd, 4318589.243, 126
Trd, 4318589.893, 92
Trd, 4318591.543, 124
Trd, 4318592.843, 122
Trd, 4318593.293, 119
Trd, 4318593.493, 108
Trd, 4318594.943, 107
Trd, 4318596.093, 119
Trd, 4318596.243, 108
Trd, 4318597.343, 140
Trd, 4318598.543, 129
Trd, 4318599.193, 138
Trd, 4318599.593, 131
Trd, 4318601.143, 97
Trd, 4318602.243, 109
Trd, 4318602.343, 93
Trd, 4318603.193, 115
Trd, 4318603.943, 132
Trd, 4318604.743, 113
Trd, 4318604.793, 105
Trd, 4318604.993, 99
Trd, 4318606.293, 104
Trd, 4318608.293, 135
Trd, 4318609.693, 90
Trd, 4318610.843, 115
Trd, 4318611.393, 122
Trd, 4318612.693, 90
Trd, 4318613.143, 107
Trd, 4318614.093, 121
Trd, 4318614.543, 119
Trd, 4318615.843, 137
Trd, 4318616.143, 129
Trd, 4318616.543, 127
Trd, 4318617.193, 108
Trd, 4318618.893, 77
Trd, 4318619.843, 101
Trd, 4318621.143, 137
Trd, 4318621.493, 87
Trd, 4318622.993, 102
Trd, 4318623.043, 88
Trd, 4318624.143, 63
Trd, 4318624.943, 122
Trd, 4318626.143, 83
Trd, 4318626.393, 72
Trd, 4318626.843, 75
Trd, 4318628.093, 87
Trd, 4318628.893, 123
Trd, 4318629.043, 107
Trd, 4318630.043, 108
Trd, 4318631.443, 105
Trd, 4318632.593, 130
Trd, 4318632.793, 133
Trd, 4318633.793, 136
Trd, 4318635.693, 131
Trd, 4318636.443, 124
Trd, 4318637.443, 127
Trd, 4318638.043, 101
Trd, 4318639.193, 112
Trd, 4318640.393, 137
Trd, 4318640.443, 114
Trd, 4318640.893, 101
Trd, 4318641.643, 110
Trd, 4318641.943, 133
Trd, 4318644.393, 118
Trd, 4318644.643, 100
Trd, 4318644.743, 97
Trd, 4318645.443, 106
Trd, 4318646.693, 102
Trd, 4318647.943, 129
Trd, 4318648.543, 128
Trd, 4318648.793, 107
Trd, 4318652.293, 136
Trd, 4318653.743, 124
Trd, 4318654.193, 100
Trd, 4318654.943, 117
Trd, 4318656.293, 119
Trd, 4318657.493, 138
Trd, 4318658.843, 113
Trd, 4318658.893, 113
Trd, 4318658.993, 94
Trd, 4318659.343, 107
Trd, 4318661.243, 118
Trd, 4318661.493, 107
Trd, 4318663.943, 138
Trd, 4318664.693, 112
Trd, 4318665.143, 121
Trd, 4318665.593, 115
Trd, 4318665.893, 106
Trd, 4318666.543, 127
Trd, 4318667.193, 115
Trd, 4318668.693, 139
Trd, 4318669.743, 107
Trd, 4318670.543, 107
Trd, 4318671.543, 133
Trd, 4318672.593, 108
Trd, 4318673.293, 109
Trd, 4318673.443, 116
Trd, 4318674.793, 99
Trd, 4318675.243, 90
Trd, 4318675.593, 81
Trd, 4318676.993, 111
Trd, 4318677.143, 105
Trd, 4318679.693, 116
Trd, 4318679.793, 137
Trd, 4318681.543, 107
Trd, 4318682.243, 131
Trd, 4318682.993, 103
Trd, 4318684.043, 129
Trd, 4318684.693, 124
Trd, 4318685.793, 109
Trd, 4318686.693, 109
Trd, 4318688.443, 121
Trd, 4318689.493, 122
Trd, 4318689.793, 132
Trd, 4318691.043, 115
Trd, 4318692.343, 119
Trd, 4318692.543, 94
Trd, 4318693.743, 136
Trd, 4318694.443, 129
Trd, 4318694.943, 131
Trd, 4318695.643, 111
Trd, 4318695.793, 137
Trd, 4318696.743, 87
Trd, 4318697.093, 82
Trd, 4318697.493, 67
Trd, 4318697.893, 69
Trd, 4318698.043, 103
Trd, 4318699.643, 88
Trd, 4318702.493, 99
Trd, 4318704.293, 96
Trd, 4318704.693, 123
Trd, 4318705.043, 88
Trd, 4318705.193, 115
Trd, 4318705.893, 109
Trd, 4318706.093, 82
Trd, 4318706.743, 110
Trd, 4318708.243, 121
Trd, 4318709.943, 118
Trd, 4318710.043, 116
Trd, 4318710.143, 97
Trd, 4318710.343, 69
Trd, 4318710.443, 71
Trd, 4318711.443, 114
Trd, 4318712.043, 106
Trd, 4318712.843, 83
Trd, 4318713.143, 130
Trd, 4318713.693, 66
Trd, 4318715.693, 118
Trd, 4318716.443, 120
Trd, 4318716.743, 113
Trd, 4318720.343, 95
Trd, 4318720.943, 94
Trd, 4318722.743, 133
Trd, 4318724.793, 130
Trd, 4318725.843, 115
Trd, 4318725.893, 114
Trd, 4318725.943, 109
Trd, 4318726.443, 108
Trd, 4318727.293, 91
Trd, 4318727.493, 116
Trd, 4318727.993, 109
Trd, 4318728.593, 110
Trd, 4318731.543, 119
Trd, 4318731.743, 113
Trd, 4318732.493, 112
Trd, 4318735.443, 108
Trd, 4318736.043, 133
Trd, 4318736.593, 103
Trd, 4318737.443, 117
Trd, 4318738.343, 85
Trd, 4318738.893, 122
Trd, 4318739.193, 79
Trd, 4318740.193, 74
Trd, 4318742.493, 95
Trd, 4318742.643, 127
Trd, 4318743.543, 106
Trd, 4318744.343, 133
Trd, 4318744.643, 128
Trd, 4318744.893, 104
Trd, 4318746.993, 134
Trd, 4318747.743, 137
Trd, 4318750.043, 122
Trd, 4318752.193, 133
Trd, 4318753.093, 135
Trd, 4318755.543, 139
Trd, 4318755.643, 95
Trd, 4318758.043, 134
Trd, 4318758.193, 126
Trd, 4318758.743, 122
Trd, 4318758.993, 102
Trd, 4318759.893, 93
Trd, 4318760.543, 126
Trd, 4318762.093, 98
Trd, 4318762.493, 116
Trd, 4318763.643, 108
Trd, 4318764.443, 116
Trd, 4318764.993, 129
Trd, 4318767.193, 114
Trd, 4318768.293, 88
Trd, 4318768.893, 111
Trd, 4318769.543, 105
Trd, 4318769.943, 100
Trd, 4318771.643, 101
Trd, 4318771.893, 94
Trd, 4318772.093, 85
Trd, 4318772.293, 102
Trd, 4318773.293, 137
Trd, 4318773.543, 125
Trd, 4318773.643, 101
Trd, 4318775.093, 103
Trd, 4318779.343, 115
Trd, 4318780.893, 125
Trd, 4318781.293, 116
Trd, 4318783.643, 106
Trd, 4318783.893, 114
Trd, 4318784.543, 100
Trd, 4318786.143, 94
Trd, 4318787.143, 123
Trd, 4318787.943, 121
Trd, 4318788.893, 89
Trd, 4318791.843, 98
Trd, 4318792.243, 134
Trd, 4318793.543, 103
Trd, 4318793.643, 90
Trd, 4318794.193, 111
Trd, 4318797.693, 115
Trd, 4318798.593, 116
Trd, 4318799.093, 104
Trd, 4318800.043, 121
Trd, 4318800.093, 107
Trd, 4318800.393, 105
Trd, 4318803.293, 106
Trd, 4318803.493, 104
Trd, 4318804.893, 134
Trd, 4318805.193, 110
Trd, 4318805.843, 92
Trd, 4318806.743, 106
Trd, 4318807.743, 112
Trd, 4318808.593, 93
Trd, 4318809.293, 71
Trd, 4318809.743, 118
Trd, 4318811.093, 103
Trd, 4318811.643, 133
Trd, 4318812.293, 126
Trd, 4318814.443, 135
Trd, 4318815.693, 126
Trd, 4318816.143, 129
Trd, 4318816.293, 132
Trd, 4318816.943, 105
Trd, 4318817.443, 112
Trd, 4318818.243, 67
Trd, 4318818.543, 94
Trd, 4318821.143, 101
Trd, 4318821.943, 129
Trd, 4318822.093, 129
Trd, 4318822.943, 114
Trd, 4318823.593, 140
Trd, 4318823.943, 105
Trd, 4318824.643, 130
Trd, 4318825.193, 100
Trd, 4318826.243, 126
Trd, 4318827.193, 138
Trd, 4318827.343, 126
Trd, 4318828.643, 107
Trd, 4318828.743, 132
Trd, 4318830.343, 111
Trd, 4318831.143, 119
Trd, 4318832.093, 91
Trd, 4318832.893, 106
Trd, 4318833.493, 105
Trd, 4318834.943, 90
Trd, 4318835.543, 81
Trd, 4318836.093, 103
Trd, 4318836.793, 91
Trd, 4318837.693, 136
Trd, 4318838.843, 102
Trd, 4318839.643, 125
Trd, 4318840.293, 135
Trd, 4318841.893, 115
Trd, 4318842.193, 117
Trd, 4318843.743, 125
Trd, 4318844.293, 135
Trd, 4318844.793, 130
Trd, 4318845.593, 126
Trd, 4318847.343, 132
Trd, 4318847.893, 136
Trd, 4318848.243, 111
Trd, 4318850.093, 91
Trd, 4318850.243, 138
Trd, 4318853.193, 123
Trd, 4318853.843, 113
Trd, 4318854.243, 110
Trd, 4318854.593, 107
Trd, 4318854.893, 126
Trd, 4318854.943, 104
Trd, 4318856.543, 98
Trd, 4318857.393, 86
Trd, 4318858.693, 136
Trd, 4318860.693, 114
Trd, 4318862.093, 133
Trd, 4318862.293, 108
Trd, 4318862.493, 103
Trd, 4318862.793, 92
Trd, 4318863.293, 102
Trd, 4318864.393, 128
Trd, 4318864.443, 129
Trd, 4318865.693, 124
Trd, 4318865.943, 102
Trd, 4318866.743, 109
Trd, 4318868.443, 85
Trd, 4318871.693, 107
Trd, 4318872.293, 116
Trd, 4318872.543, 91
Trd, 4318873.943, 93
Trd, 4318874.243, 136
Trd, 4318875.743, 87
Trd, 4318876.243, 82
Trd, 4318876.593, 136
Trd, 4318878.543, 105
Trd, 4318879.643, 130
Trd, 4318881.393, 119
Trd, 4318881.493, 101
Trd, 4318882.043, 115
Trd, 4318882.493, 138
Trd, 4318883.043, 105
Trd, 4318883.343, 106
Trd, 4318883.693, 103
Trd, 4318883.893, 97
Trd, 4318884.193, 95
Trd, 4318886.943, 114
Trd, 4318887.543, 133
Trd, 4318888.193, 132
Trd, 4318889.393, 99
Trd, 4318889.493, 102
Trd, 4318891.493, 102
Trd, 4318891.893, 136
Trd, 4318892.343, 132
Trd, 4318893.643, 115
Trd, 4318893.693, 88
Trd, 4318895.393, 123
Trd, 4318897.193, 123
Trd, 4318898.293, 139
Trd, 4318899.243, 133
Trd, 4318899.393, 131
Trd, 4318900.893, 125
Trd, 4318901.193, 93
Trd, 4318903.993, 135
Trd, 4318904.543, 116
Trd, 4318904.643, 113
Trd, 4318906.893, 125
Trd, 4318908.193, 129
Trd, 4318908.693, 136
Trd, 4318910.343, 130
Trd, 4318911.843, 109
Trd, 4318914.443, 132
Trd, 4318914.543, 125
Trd, 4318916.293, 115
Trd, 4318916.393, 136
Trd, 4318916.493, 106
Trd, 4318917.793, 122
Trd, 4318920.043, 110
Trd, 4318920.593, 113
Trd, 4318922.043, 112
Trd, 4318922.393, 126
Trd, 4318922.493, 103
Trd, 4318922.693, 96
Trd, 4318924.443, 121
Trd, 4318924.693, 97
Trd, 4318928.043, 140
Trd, 4318928.343, 132
Trd, 4318928.893, 109
Trd, 4318930.493, 132
Trd, 4318932.593, 129
Trd, 4318933.193, 108
Trd, 4318933.393, 110
Trd, 4318934.543, 97
Trd, 4318935.743, 103
Trd, 4318937.043, 107
Trd, 4318937.293, 124
Trd, 4318938.743, 124
Trd, 4318940.643, 129
Trd, 4318940.893, 114
Trd, 4318942.243, 103
Trd, 4318942.893, 124
Trd, 4318943.793, 101
Trd, 4318944.143, 99
Trd, 4318945.393, 121
Trd, 4318945.743, 111
Trd, 4318946.393, 117
Trd, 4318947.343, 96
Trd, 4318948.043, 140
Trd, 4318948.443, 101
Trd, 4318948.543, 101
Trd, 4318950.643, 114
Trd, 4318952.043, 115
Trd, 4318953.493, 73
Trd, 4318953.793, 79
Trd, 4318955.043, 105
Trd, 4318955.493, 128
Trd, 4318955.743, 81
Trd, 4318955.993, 104
Trd, 4318959.443, 130
Trd, 4318959.593, 121
Trd, 4318961.043, 109
Trd, 4318961.343, 103
Trd, 4318962.393, 117
Trd, 4318962.493, 87
Trd, 4318963.743, 108
Trd, 4318963.943, 84
Trd, 4318964.593, 65
Trd, 4318965.143, 112
Trd, 4318966.543, 115
Trd, 4318966.743, 134
Trd, 4318967.143, 110
Trd, 4318967.943, 107
Trd, 4318969.743, 77
Trd, 4318970.443, 66
Trd, 4318970.793, 99
Trd, 4318970.843, 107
Trd, 4318973.443, 118
Trd, 4318973.793, 101
Trd, 4318975.643, 128
Trd, 4318975.993, 100
Trd, 4318976.743, 134
Trd, 4318977.343, 127
Trd, 4318977.443, 108
Trd, 4318979.243, 95
Trd, 4318980.493, 116
Trd, 4318981.593, 120
Trd, 4318981.993, 117
Trd, 4318982.593, 94
Trd, 4318983.393, 104
Trd, 4318984.143, 107
Trd, 4318986.243, 90
Trd, 4318986.593, 136
Trd, 4318987.493, 136
Trd, 4318987.793, 112
Trd, 4318988.043, 95
Trd, 4318989.643, 100
Trd, 4318989.693, 109
Trd, 4318990.993, 104
Trd, 4318991.793, 132
Trd, 4318992.243, 109
Trd, 4318993.993, 125
Trd, 4318994.043, 124
Trd, 4318994.143, 102
Trd, 4318994.443, 134
Trd, 4318997.093, 137
Trd, 4318997.493, 129
Trd, 4318998.593, 115
Trd, 4318999.143, 124
Trd, 4319001.193, 119
Trd, 4319001.493, 122
Trd, 4319002.443, 91
Trd, 4319002.543, 80
Trd, 4319003.093, 77
Trd, 4319003.993, 97
Trd, 4319004.543, 116
Trd, 4319004.693, 78
Trd, 4319005.843, 94
Trd, 4319008.043, 135
Trd, 4319008.193, 129
Trd, 4319010.443, 124
Trd, 4319011.143, 110
Trd, 4319012.343, 123
Trd, 4319013.243, 108
Trd, 4319014.193, 99
Trd, 4319014.643, 104
Trd, 4319014.693, 101
Trd, 4319016.593, 97
Trd, 4319016.793, 138
Trd, 4319018.593, 118
Trd, 4319021.193, 140
Trd, 4319021.343, 88
Trd, 4319021.943, 79
Trd, 4319022.043, 70
Trd, 4319022.443, 103
Trd, 4319022.993, 64
Trd, 4319024.243, 89
Trd, 4319025.393, 101
Trd, 4319026.093, 110
Trd, 4319027.693, 113
Trd, 4319027.943, 126
Trd, 4319029.043, 94
Trd, 4319029.343, 116
Trd, 4319030.543, 124
Trd, 4319032.493, 139
Trd, 4319033.693, 100
Trd, 4319034.293, 82
Trd, 4319034.643, 132
Trd, 4319037.593, 137
Trd, 4319039.293, 134
Trd, 4319040.993, 126
Trd, 4319042.043, 128
Trd, 4319042.193, 110
Trd, 4319042.593, 109
Trd, 4319043.393, 130
Trd, 4319044.393, 126
Trd, 4319045.243, 65
Trd, 4319045.493, 123
Trd, 4319045.943, 64
Trd, 4319046.193, 86
Trd, 4319046.693, 88
Trd, 4319047.593, 112
Trd, 4319047.793, 140
Trd, 4319050.743, 123
Trd, 4319051.843, 135
Trd, 4319055.693, 118
Trd, 4319055.993, 110
Trd, 4319056.093, 109
Trd, 4319057.193, 99
Trd, 4319058.143, 101
Trd, 4319059.693, 115
Trd, 4319061.593, 122
Trd, 4319061.693, 127
Trd, 4319062.343, 111
Trd, 4319062.643, 101
Trd, 4319062.893, 124
Trd, 4319063.543, 100
Trd, 4319064.543, 128
Trd, 4319064.643, 102
Trd, 4319064.943, 124
Trd, 4319064.993, 109
Trd, 4319065.143, 103
Trd, 4319066.643, 115
Trd, 4319067.243, 88
Trd, 4319068.493, 125
Trd, 4319069.343, 129
Trd, 4319071.593, 131
Trd, 4319072.393, 108
Trd, 4319072.893, 108
Trd, 4319073.493, 117
Trd, 4319074.643, 83
Trd, 4319077.243, 73
Trd, 4319077.293, 90
Trd, 4319078.393, 105
Trd, 4319079.443, 128
Trd, 4319079.543, 129
Trd, 4319080.243, 102
Trd, 4319080.693, 131
Trd, 4319081.143, 98
Trd, 4319081.943, 139
Trd, 4319081.993, 118
Trd, 4319084.693, 117
Trd, 4319085.993, 130
Trd, 4319089.543, 115
Trd, 4319090.193, 138
Trd, 4319090.693, 129
Trd, 4319091.043, 132
Trd, 4319091.193, 123
Trd, 4319092.343, 113
Trd, 4319092.693, 102
Trd, 4319095.143, 114
Trd, 4319095.493, 113
Trd, 4319096.693, 120
Trd, 4319098.593, 134
Trd, 4319100.943, 102
Trd, 4319102.743, 138
Trd, 4319102.793, 135
Trd, 4319103.243, 119
Trd, 4319104.793, 123
Trd, 4319108.243, 106
Trd, 4319108.893, 124
Trd, 4319108.993, 127
Trd, 4319110.093, 114
Trd, 4319110.293, 114
Trd, 4319111.943, 112
Trd, 4319112.393, 98
Trd, 4319113.093, 130
Trd, 4319113.843, 124
Trd, 4319113.943, 122
Trd, 4319115.193, 135
Trd, 4319115.593, 127
Trd, 4319116.093, 117
Trd, 4319117.243, 131
Trd, 4319117.893, 132
Trd, 4319119.243, 138
Trd, 4319121.243, 121
Trd, 4319121.393, 103
Trd, 4319121.493, 103
Trd, 4319123.043, 117
Trd, 4319123.593, 124
Trd, 4319126.493, 121
Trd, 4319126.643, 125
Trd, 4319127.093, 118
Trd, 4319127.593, 116
Trd, 4319128.143, 109
Trd, 4319129.193, 119
Trd, 4319130.443, 91
Trd, 4319131.343, 81
Trd, 4319131.993, 102
Trd, 4319132.443, 115
Trd, 4319132.743, 112
Trd, 4319134.043, 139
Trd, 4319134.343, 121
Trd, 4319134.493, 119
Trd, 4319135.493, 87
Trd, 4319135.743, 98
Trd, 4319137.843, 133
Trd, 4319138.643, 133
Trd, 4319138.793, 112
Trd, 4319140.393, 140
Trd, 4319140.843, 139
Trd, 4319142.843, 127
Trd, 4319143.643, 126
Trd, 4319143.843, 107
Trd, 4319144.543, 123
Trd, 4319145.343, 84
Trd, 4319148.093, 122
Trd, 4319148.943, 104
Trd, 4319149.343, 122
Trd, 4319150.093, 124
Trd, 4319150.343, 114
Trd, 4319150.943, 102
Trd, 4319151.143, 110
Trd, 4319151.643, 103
Trd, 4319152.643, 95
Trd, 4319154.643, 89
Trd, 4319155.093, 91
Trd, 4319156.843, 83
Trd, 4319156.993, 106
Trd, 4319157.393, 100
Trd, 4319158.143, 134
Trd, 4319161.243, 121
Trd, 4319162.993, 128
Trd, 4319163.093, 119
Trd, 4319163.743, 140
Trd, 4319165.543, 115
Trd, 4319165.693, 103
Trd, 4319166.643, 108
Trd, 4319167.993, 134
Trd, 4319168.693, 119
Trd, 4319169.193, 112
Trd, 4319169.593, 124
Trd, 4319172.643, 131
Trd, 4319173.243, 112
Trd, 4319174.093, 96
Trd, 4319175.843, 108
Trd, 4319176.443, 123
Trd, 4319177.093, 121
Trd, 4319178.093, 133
Trd, 4319178.693, 113
Trd, 4319179.243, 101
Trd, 4319179.893, 99
Trd, 4319181.343, 138
Trd, 4319181.393, 120
Trd, 4319181.493, 102
Trd, 4319182.543, 109
Trd, 4319182.743, 96
Trd, 4319183.943, 108
Trd, 4319187.993, 120
Trd, 4319189.143, 136
Trd, 4319189.493, 92
Trd, 4319189.993, 87
Trd, 4319191.893, 136
Trd, 4319192.343, 140
Trd, 4319193.593, 74
Trd, 4319195.043, 119
Trd, 4319195.743, 97
Trd, 4319196.893, 99
Trd, 4319197.143, 132
Trd, 4319197.793, 104
Trd, 4319198.543, 120
Trd, 4319199.293, 104
Trd, 4319200.943, 132
Trd, 4319203.693, 109
Trd, 4319203.943, 120
Trd, 4319204.193, 127
Trd, 4319206.093, 138
Trd, 4319206.193, 107
Trd, 4319206.493, 85
Trd, 4319207.393, 98
Trd, 4319207.993, 120
Trd, 4319209.343, 138
Trd, 4319209.743, 119
Trd, 4319210.693, 80
Trd, 4319211.393, 119
Trd, 4319211.843, 86
Trd, 4319213.293, 94
Trd, 4319213.593, 112
Trd, 4319213.743, 118
Trd, 4319215.543, 136
Trd, 4319216.343, 127
Trd, 4319216.393, 116
Trd, 4319217.543, 122
Trd, 4319218.593, 119
Trd, 4319219.193, 110
Trd, 4319220.243, 108
Trd, 4319220.693, 99
Trd, 4319221.843, 134
Trd, 4319223.143, 99
Trd, 4319224.593, 129
Trd, 4319226.893, 104
Trd, 4319228.143, 119
Trd, 4319229.843, 103
Trd, 4319230.143, 119
Trd, 4319230.743, 75
Trd, 4319231.643, 98
Trd, 4319231.993, 106
Trd, 4319233.093, 123
Trd, 4319234.543, 113
Trd, 4319235.443, 100
Trd, 4319236.693, 115
Trd, 4319236.793, 108
Trd, 4319237.093, 112
Trd, 4319238.943, 83
Trd, 4319239.043, 79
Trd, 4319239.543, 134
Trd, 4319239.693, 133
Trd, 4319244.843, 122
Trd, 4319246.093, 118
Trd, 4319246.393, 137
Trd, 4319247.243, 88
Trd, 4319248.143, 109
Trd, 4319248.543, 128
Trd, 4319249.243, 99
Trd, 4319249.843, 94
Trd, 4319250.393, 103
Trd, 4319251.293, 93
Trd, 4319251.793, 128
Trd, 4319252.593, 109
Trd, 4319253.593, 110
Trd, 4319255.043, 137
Trd, 4319256.293, 124
Trd, 4319256.993, 120
Trd, 4319257.893, 120
Trd, 4319258.093, 112
Trd, 4319258.943, 124
Trd, 4319259.043, 117
Trd, 4319259.493, 126
Trd, 4319260.543, 106
Trd, 4319261.793, 86
Trd, 4319263.043, 98
Trd, 4319263.893, 75
Trd, 4319263.943, 98
Trd, 4319264.343, 106
Trd, 4319264.943, 98
Trd, 4319265.143, 85
Trd, 4319268.193, 127
Trd, 4319268.643, 92
Trd, 4319271.243, 93
Trd, 4319271.593, 110
Trd, 4319272.043, 92
Trd, 4319273.943, 109
Trd, 4319274.543, 108
Trd, 4319275.693, 84
Trd, 4319275.943, 130
Trd, 4319276.193, 105
Trd, 4319276.743, 73
Trd, 4319277.043, 137
Trd, 4319278.843, 130
Trd, 4319279.143, 124
Trd, 4319281.243, 125
Trd, 4319282.643, 105
Trd, 4319283.343, 95
Trd, 4319283.643, 113
Trd, 4319284.343, 137
Trd, 4319285.343, 122
Trd, 4319285.493, 124
Trd, 4319286.593, 93
Trd, 4319287.193, 140
Trd, 4319287.493, 133
Trd, 4319288.543, 123
Trd, 4319288.643, 114
Trd, 4319290.643, 120
Trd, 4319291.493, 108
Trd, 4319293.043, 88
Trd, 4319294.193, 126
Trd, 4319294.293, 124
Trd, 4319296.593, 85
Trd, 4319297.843, 135
Trd, 4319298.293, 113
Trd, 4319298.443, 111
Trd, 4319298.993, 95
Trd, 4319299.443, 88
Trd, 4319301.043, 135
Trd, 4319302.293, 92
Trd, 4319302.593, 87
Trd, 4319303.593, 136
Trd, 4319303.893, 105
Trd, 4319305.993, 132
Trd, 4319306.943, 133
Trd, 4319307.193, 125
Trd, 4319308.093, 105
Trd, 4319308.193, 125
Trd, 4319308.393, 99
Trd, 4319310.543, 131
Trd, 4319310.943, 117
Trd, 4319311.843, 99
Trd, 4319312.793, 120
Trd, 4319313.493, 115
Trd, 4319313.843, 98
Trd, 4319314.093, 116
Trd, 4319314.943, 132
Trd, 4319316.343, 76
Trd, 4319318.643, 129
Trd, 4319319.143, 113
Trd, 4319319.743, 131
Trd, 4319321.643, 128
Trd, 4319321.693, 125
Trd, 4319322.543, 126
Trd, 4319323.143, 110
Trd, 4319324.543, 92
Trd, 4319324.593, 88
Trd, 4319326.193, 103
Trd, 4319326.543, 112
Trd, 4319327.193, 129
Trd, 4319327.543, 136
Trd, 4319327.893, 108
Trd, 4319329.643, 128
Trd, 4319330.843, 127
Trd, 4319331.693, 103
Trd, 4319332.043, 93
Trd, 4319333.293, 78
Trd, 4319334.043, 111
Trd, 4319334.393, 132
Trd, 4319335.193, 113
Trd, 4319335.493, 123
Trd, 4319336.193, 127
Trd, 4319337.243, 128
Trd, 4319337.593, 101
Trd, 4319339.293, 115
Trd, 4319339.343, 107
Trd, 4319339.443, 102
Trd, 4319341.643, 134
Trd, 4319341.743, 103
Trd, 4319342.643, 93
Trd, 4319343.543, 117
Trd, 4319345.593, 98
Trd, 4319345.693, 104
Trd, 4319346.193, 95
Trd, 4319348.193, 128
Trd, 4319348.793, 119
Trd, 4319349.743, 131
Trd, 4319350.593, 111
Trd, 4319351.993, 114
Trd, 4319353.293, 107
Trd, 4319353.443, 100
Trd, 4319353.893, 119
Trd, 4319354.743, 76
Trd, 4319356.543, 127
Trd, 4319357.193, 136
Trd, 4319357.793, 81
Trd, 4319358.093, 102
Trd, 4319358.193, 94
Trd, 4319359.243, 93
Trd, 4319359.493, 106
Trd, 4319360.243, 140
Trd, 4319360.393, 114
Trd, 4319361.443, 72
Trd, 4319363.693, 117
Trd, 4319363.793, 98
Trd, 4319364.043, 98
Trd, 4319366.543, 102
Trd, 4319368.143, 124
Trd, 4319368.743, 135
Trd, 4319368.993, 104
Trd, 4319369.393, 94
Trd, 4319369.493, 80
Trd, 4319372.293, 137
Trd, 4319372.593, 136
Trd, 4319373.443, 116
Trd, 4319373.993, 102
Trd, 4319374.743, 97
Trd, 4319376.743, 110
Trd, 4319378.043, 106
Trd, 4319378.743, 104
Trd, 4319379.143, 105
Trd, 4319379.993, 99
Trd, 4319380.643, 84
Trd, 4319381.493, 110
Trd, 4319381.693, 80
Trd, 4319381.993, 94
Trd, 4319382.093, 111
Trd, 4319382.343, 65
Trd, 4319383.543, 117
Trd, 4319383.593, 87
Trd, 4319384.043, 77
Trd, 4319385.193, 92
Trd, 4319386.493, 95
Trd, 4319388.293, 130
Trd, 4319390.743, 126
Trd, 4319392.243, 119
Trd, 4319392.543, 109
Trd, 4319392.593, 105
Trd, 4319393.143, 97
Trd, 4319393.243, 76
Trd, 4319393.993, 106
Trd, 4319394.943, 134
Trd, 4319396.793, 128
Trd, 4319397.993, 108
Trd, 4319398.493, 108
Trd, 4319398.643, 81
Trd, 4319398.843, 79
Trd, 4319399.943, 80
Trd, 4319400.543, 115
Trd, 4319400.743, 139
Trd, 4319401.793, 90
Trd, 4319401.843, 67
Trd, 4319402.243, 123
Trd, 4319403.143, 71
Trd, 4319404.043, 72
Trd, 4319404.393, 97
Trd, 4319405.993, 103
Trd, 4319407.143, 77
Trd, 4319408.693, 83
Trd, 4319409.493, 96
Trd, 4319410.443, 71
Trd, 4319410.943, 78
Trd, 4319411.093, 81
Trd, 4319411.693, 74
Trd, 4319413.693, 119
Trd, 4319414.043, 116
Trd, 4319414.593, 101
Trd, 4319415.143, 128
Trd, 4319416.093, 112
Trd, 4319416.543, 106
Trd, 4319419.593, 121
Trd, 4319419.743, 119
Trd, 4319420.543, 105
Trd, 4319420.843, 102
Trd, 4319421.993, 79
Trd, 4319422.493, 87
Trd, 4319422.693, 84
Trd, 4319423.843, 120
Trd, 4319425.143, 138
Trd, 4319427.093, 92
Trd, 4319428.393, 98
Trd, 4319428.993, 98
Trd, 4319429.493, 113
Trd, 4319430.143, 99
Trd, 4319430.193, 94
Trd, 4319430.393, 109
Trd, 4319431.143, 91
Trd, 4319431.843, 103
Trd, 4319432.893, 105
Trd, 4319434.193, 128
Trd, 4319435.193, 93
Trd, 4319435.943, 91
Trd, 4319436.143, 101
Trd, 4319436.843, 112
Trd, 4319438.243, 101
Trd, 4319439.343, 101
Trd, 4319439.443, 83
Trd, 4319439.693, 93
Trd, 4319440.893, 124
Trd, 4319442.193, 128
Trd, 4319442.693, 140
Trd, 4319442.843, 137
Trd, 4319443.193, 126
Trd, 4319443.943, 121
Trd, 4319446.743, 121
Trd, 4319448.393, 94
Trd, 4319448.643, 136
Trd, 4319448.943, 89
Trd, 4319450.843, 137
Trd, 4319451.543, 133
Trd, 4319453.743, 135
Trd, 4319454.143, 120
Trd, 4319455.443, 138
Trd, 4319455.893, 125
Trd, 4319458.193, 130
Trd, 4319458.893, 108
Trd, 4319459.143, 104
Trd, 4319459.743, 115
Trd, 4319460.793, 109
Trd, 4319461.043, 102
Trd, 4319461.593, 94
Trd, 4319462.093, 73
Trd, 4319462.643, 91
Trd, 4319464.293, 130
Trd, 4319465.093, 115
Trd, 4319465.243, 98
Trd, 4319465.343, 95
Trd, 4319465.843, 78
Trd, 4319465.943, 94
Trd, 4319468.393, 96
Trd, 4319468.943, 94
Trd, 4319470.143, 130
Trd, 4319471.143, 139
Trd, 4319472.443, 120
Trd, 4319473.043, 126
Trd, 4319473.143, 103
Trd, 4319473.943, 133
Trd, 4319474.093, 120
Trd, 4319475.593, 98
Trd, 4319475.843, 127
Trd, 4319476.493, 107
Trd, 4319476.793, 129
Trd, 4319481.143, 132
Trd, 4319481.593, 127
Trd, 4319481.743, 117
Trd, 4319482.843, 111
Trd, 4319482.993, 72
Trd, 4319484.243, 85
Trd, 4319484.743, 97
Trd, 4319485.143, 127
Trd, 4319486.793, 122
Trd, 4319487.693, 101
Trd, 4319487.793, 110
Trd, 4319488.943, 139
Trd, 4319490.543, 109
Trd, 4319490.893, 91
Trd, 4319491.993, 139
Trd, 4319492.843, 134
Trd, 4319493.343, 128
Trd, 4319494.793, 103
Trd, 4319495.143, 118
Trd, 4319495.443, 123
Trd, 4319495.743, 88
Trd, 4319497.993, 114
Trd, 4319499.193, 96
Trd, 4319499.643, 103
Trd, 4319499.893, 118
Trd, 4319500.543, 100
Trd, 4319501.343, 96
Trd, 4319502.543, 134
Trd, 4319502.743, 115
Trd, 4319504.443, 124
Trd, 4319505.643, 90
Trd, 4319506.343, 131
Trd, 4319507.543, 108
Trd, 4319508.843, 121
Trd, 4319509.393, 109
Trd, 4319511.843, 125
Trd, 4319512.143, 105
Trd, 4319513.693, 128
Trd, 4319513.793, 89
Trd, 4319514.643, 129
Trd, 4319515.243, 90
Trd, 4319517.393, 140
Trd, 4319518.593, 96
Trd, 4319520.743, 93
Trd, 4319521.443, 130
Trd, 4319521.793, 128
Trd, 4319522.043, 113
Trd, 4319523.143, 111
Trd, 4319523.443, 97
Trd, 4319524.093, 84
Trd, 4319524.693, 111
Trd, 4319525.193, 122
Trd, 4319526.943, 124
Trd, 4319527.293, 135
Trd, 4319527.993, 116
Trd, 4319528.043, 115
Trd, 4319528.443, 101
Trd, 4319529.243, 106
Trd, 4319530.093, 106
Trd, 4319530.493, 109
Trd, 4319530.693, 101
Trd, 4319532.543, 100
Trd, 4319532.893, 86
Trd, 4319533.443, 105
Trd, 4319534.993, 96
Trd, 4319535.993, 71
Trd, 4319536.343, 66
Trd, 4319536.543, 67
Trd, 4319538.043, 124
Trd, 4319539.243, 105
Trd, 4319539.493, 104
Trd, 4319541.493, 76
Trd, 4319542.143, 92
Trd, 4319542.993, 129
Trd, 4319543.343, 133
Trd, 4319543.493, 107
Trd, 4319543.943, 89
Trd, 4319544.393, 81
Trd, 4319544.443, 84
Trd, 4319545.293, 132
Trd, 4319545.793, 116
Trd, 4319546.443, 110
Trd, 4319547.243, 133
Trd, 4319548.443, 85
Trd, 4319549.143, 67
Trd, 4319549.493, 123
Trd, 4319550.343, 101
Trd, 4319551.993, 134
Trd, 4319552.493, 101
Trd, 4319552.943, 104
Trd, 4319554.843, 118
Trd, 4319554.943, 112
Trd, 4319555.143, 132
Trd, 4319556.293, 134
Trd, 4319556.343, 113
Trd, 4319557.293, 121
Trd, 4319558.243, 112
Trd, 4319558.793, 103
Trd, 4319559.193, 131
Trd, 4319560.993, 77
Trd, 4319561.243, 77
Trd, 4319563.093, 104
Trd, 4319564.293, 115
Trd, 4319564.843, 92
Trd, 4319564.993, 122
Trd, 4319565.293, 127
Trd, 4319565.793, 118
Trd, 4319566.493, 131
Trd, 4319567.343, 109
Trd, 4319567.443, 114
Trd, 4319568.743, 105
Trd, 4319569.643, 120
Trd, 4319572.343, 132
Trd, 4319574.743, 134
Trd, 4319574.793, 123
Trd, 4319574.893, 123
Trd, 4319577.643, 140
Trd, 4319578.843, 111
Trd, 4319579.343, 113
Trd, 4319580.643, 134
Trd, 4319581.043, 124
Trd, 4319581.243, 115
Trd, 4319581.543, 111
Trd, 4319581.843, 106
Trd, 4319582.393, 106
Trd, 4319583.293, 85
Trd, 4319583.443, 83
Trd, 4319583.693, 89
Trd, 4319585.343, 94
Trd, 4319585.693, 100
Trd, 4319586.343, 88
Trd, 4319588.593, 131
Trd, 4319590.243, 132
Trd, 4319590.393, 112
Trd, 4319591.093, 135
Trd, 4319592.093, 85
Trd, 4319592.943, 72
Trd, 4319594.543, 114
Trd, 4319595.093, 114
Trd, 4319595.843, 122
Trd, 4319596.593, 83
Trd, 4319596.843, 118
Trd, 4319598.543, 137
Trd, 4319599.093, 127
Trd, 4319599.743, 117
Trd, 4319599.943, 107
Trd, 4319600.193, 106
Trd, 4319600.793, 133
Trd, 4319601.893, 98
Trd, 4319602.043, 91
Trd, 4319604.643, 138
Trd, 4319605.543, 98
Trd, 4319605.943, 97
Trd, 4319606.643, 96
Trd, 4319606.843, 99
Trd, 4319607.143, 71
Trd, 4319609.593, 115
Trd, 4319610.093, 101
Trd, 4319610.143, 95
Trd, 4319611.793, 128
Trd, 4319613.943, 109
Trd, 4319614.293, 138
Trd, 4319614.443, 100
Trd, 4319614.693, 98
Trd, 4319615.593, 92
Trd, 4319616.193, 116
Trd, 4319618.943, 113
Trd, 4319619.093, 105
Trd, 4319619.343, 84
Trd, 4319619.393, 76
Trd, 4319620.943, 114
Trd, 4319622.093, 133
Trd, 4319624.293, 130
Trd, 4319625.593, 133
Trd, 4319625.993, 115
Trd, 4319626.493, 138
Trd, 4319626.693, 129
Trd, 4319626.743, 117
Trd, 4319628.543, 97
Trd, 4319629.193, 89
Trd, 4319630.893, 95
Trd, 4319631.093, 110
Trd, 4319631.393, 87
Trd, 4319631.543, 121
Trd, 4319631.943, 105
Trd, 4319632.993, 140
Trd, 4319635.693, 91
Trd, 4319636.343, 88
Trd, 4319637.143, 84
Trd, 4319638.743, 109
Trd, 4319639.893, 98
Trd, 4319641.593, 123
Trd, 4319642.343, 130
Trd, 4319643.043, 117
Trd, 4319643.193, 86
Trd, 4319643.843, 123
Trd, 4319644.693, 114
Trd, 4319645.093, 97
Trd, 4319645.643, 99
Trd, 4319646.693, 79
Trd, 4319647.793, 74
Trd, 4319648.143, 82
Trd, 4319648.993, 117
Trd, 4319649.943, 89
Trd, 4319651.943, 106
Trd, 4319652.443, 125
Trd, 4319652.693, 114
Trd, 4319653.343, 108
Trd, 4319655.143, 109
Trd, 4319655.793, 133
Trd, 4319656.593, 114
Trd, 4319658.593, 100
Trd, 4319658.843, 91
Trd, 4319659.393, 111
Trd, 4319660.043, 123
Trd, 4319661.393, 89
Trd, 4319661.843, 90
Trd, 4319662.893, 76
Trd, 4319663.743, 100
Trd, 4319663.793, 98
Trd, 4319664.393, 112
Trd, 4319665.193, 129
Trd, 4319665.943, 124
Trd, 4319667.243, 133
Trd, 4319667.643, 139
Trd, 4319668.193, 102
Trd, 4319670.543, 129
Trd, 4319670.743, 132
Trd, 4319670.793, 119
Trd, 4319671.993, 96
Trd, 4319673.243, 110
Trd, 4319673.493, 102
Trd, 4319674.093, 128
Trd, 4319676.143, 127
Trd, 4319676.543, 123
Trd, 4319678.193, 127
Trd, 4319678.693, 137
Trd, 4319679.243, 133
Trd, 4319679.493, 118
Trd, 4319679.643, 114
Trd, 4319680.043, 125
Trd, 4319680.343, 111
Trd, 4319680.493, 104
Trd, 4319682.243, 117
Trd, 4319682.543, 107
Trd, 4319683.443, 139
Trd, 4319683.593, 72
Trd, 4319684.393, 133
Trd, 4319685.043, 101
Trd, 4319685.793, 83
Trd, 4319688.743, 107
Trd, 4319689.543, 132
Trd, 4319689.643, 115
Trd, 4319690.293, 131
Trd, 4319692.443, 89
Trd, 4319692.693, 116
Trd, 4319693.393, 105
Trd, 4319693.743, 137
Trd, 4319694.943, 125
Trd, 4319695.093, 84
Trd, 4319696.593, 82
Trd, 4319697.293, 129
Trd, 4319697.593, 68
Trd, 4319698.243, 83
Trd, 4319698.993, 91
Trd, 4319699.143, 115
Trd, 4319701.143, 126
Trd, 4319702.193, 124
Trd, 4319702.593, 106
Trd, 4319704.293, 99
Trd, 4319704.643, 111
Trd, 4319706.193, 124
Trd, 4319707.143, 120
Trd, 4319707.793, 104
Trd, 4319708.393, 113
Trd, 4319708.893, 74
Trd, 4319708.993, 136
Trd, 4319709.493, 121
Trd, 4319710.743, 112
Trd, 4319711.043, 121
Trd, 4319711.893, 100
Trd, 4319714.093, 140
Trd, 4319715.193, 121
Trd, 4319715.243, 92
Trd, 4319715.493, 105
Trd, 4319715.743, 113
Trd, 4319716.493, 79
Trd, 4319716.943, 77
Trd, 4319720.643, 125
Trd, 4319723.093, 112
Trd, 4319723.443, 110
Trd, 4319724.193, 136
Trd, 4319724.543, 136
Trd, 4319725.143, 110
Trd, 4319725.843, 117
Trd, 4319725.943, 114
Trd, 4319727.593, 122
Trd, 4319728.043, 106
Trd, 4319729.193, 122
Trd, 4319729.293, 112
Trd, 4319729.593, 105
Trd, 4319731.193, 138
Trd, 4319733.643, 120
Trd, 4319733.943, 89
Trd, 4319735.543, 102
Trd, 4319737.243, 101
Trd, 4319737.293, 93
Trd, 4319737.493, 82
Trd, 4319738.243, 106
Trd, 4319738.443, 103
Trd, 4319739.443, 83
Trd, 4319741.343, 127
Trd, 4319741.993, 121
Trd, 4319744.393, 137
Trd, 4319745.493, 114
Trd, 4319746.243, 135
Trd, 4319746.293, 108
Trd, 4319746.693, 97
Trd, 4319747.543, 115
Trd, 4319747.693, 92
Trd, 4319748.343, 119
Trd, 4319749.093, 140
Trd, 4319751.593, 126
Trd, 4319752.893, 135
Trd, 4319753.043, 126
Trd, 4319753.693, 126
Trd, 4319754.243, 134
Trd, 4319754.293, 119
Trd, 4319756.093, 102
Trd, 4319757.243, 128
Trd, 4319757.493, 106
Trd, 4319758.393, 99
Trd, 4319761.543, 102
Trd, 4319762.143, 114
Trd, 4319762.693, 112
Trd, 4319763.143, 93
Trd, 4319763.593, 74
Trd, 4319763.793, 67
Trd, 4319765.443, 88
Trd, 4319766.043, 125
Trd, 4319768.893, 114
Trd, 4319769.293, 98
Trd, 4319770.393, 115
Trd, 4319770.693, 125
Trd, 4319773.343, 124
Trd, 4319774.543, 116
Trd, 4319774.843, 113
Trd, 4319776.393, 96
Trd, 4319778.193, 131
Trd, 4319778.243, 114
Trd, 4319778.443, 103
Trd, 4319778.893, 115
Trd, 4319779.143, 108
Trd, 4319779.393, 118
Trd, 4319780.393, 79
Trd, 4319781.443, 112
Trd, 4319782.093, 128
Trd, 4319783.043, 89
Trd, 4319784.843, 116
Trd, 4319785.943, 99
Trd, 4319786.293, 82
Trd, 4319786.593, 131
Trd, 4319786.943, 126
Trd, 4319788.493, 108
Trd, 4319789.893, 126
Trd, 4319790.943, 119
Trd, 4319791.893, 127
Trd, 4319792.393, 112
Trd, 4319793.143, 128
Trd, 4319794.693, 113
Trd, 4319795.793, 99
Trd, 4319797.893, 95
Trd, 4319798.343, 99
Trd, 4319798.393, 85
Trd, 4319798.443, 127
Trd, 4319798.993, 95
Trd, 4319800.693, 111
Trd, 4319801.093, 111
Trd, 4319801.693, 138
Trd, 4319801.993, 118
Trd, 4319803.943, 119
Trd, 4319804.893, 137
Trd, 4319805.243, 130
Trd, 4319806.293, 85
Trd, 4319808.143, 127
Trd, 4319808.643, 121
Trd, 4319809.193, 102
Trd, 4319810.443, 129
Trd, 4319811.443, 112
Trd, 4319813.043, 95
Trd, 4319813.543, 88
Trd, 4319815.493, 109
Trd, 4319817.143, 124
Trd, 4319817.693, 123
Trd, 4319819.393, 120
Trd, 4319819.843, 116
Trd, 4319820.443, 105
Trd, 4319821.243, 96
Trd, 4319821.343, 125
Trd, 4319823.243, 102
Trd, 4319826.893, 118
Trd, 4319827.343, 87
Trd, 4319827.443, 84
Trd, 4319828.943, 107
Trd, 4319829.493, 111
Trd, 4319829.993, 116
Trd, 4319831.593, 106
Trd, 4319833.643, 122
Trd, 4319834.393, 129
Trd, 4319834.593, 107
Trd, 4319834.643, 101
Trd, 4319835.793, 105
Trd, 4319838.293, 116
Trd, 4319839.393, 128
Trd, 4319839.543, 86
Trd, 4319840.993, 79
Trd, 4319841.443, 119
Trd, 4319841.593, 107
Trd, 4319841.893, 95
Trd, 4319842.443, 103
Trd, 4319843.443, 139
Trd, 4319845.093, 133
Trd, 4319846.893, 106
Trd, 4319847.093, 104
Trd, 4319847.743, 118
Trd, 4319851.143, 124
Trd, 4319851.593, 113
Trd, 4319851.893, 104
Trd, 4319853.993, 132
Trd, 4319854.393, 110
Trd, 4319854.593, 94
Trd, 4319856.593, 125
Trd, 4319856.693, 106
Trd, 4319857.543, 116
Trd, 4319858.443, 103
Trd, 4319860.243, 106
Trd, 4319861.993, 116
Trd, 4319864.193, 137
Trd, 4319864.493, 132
Trd, 4319865.493, 124
Trd, 4319866.343, 138
Trd, 4319869.093, 120
Trd, 4319869.143, 117
Trd, 4319871.293, 132
Trd, 4319871.793, 131
Trd, 4319872.193, 108
Trd, 4319872.693, 84
Trd, 4319873.493, 137
Trd, 4319875.493, 109
Trd, 4319875.893, 81
Trd, 4319876.243, 101
Trd, 4319877.293, 139
Trd, 4319879.593, 138
Trd, 4319879.793, 95
Trd, 4319880.193, 82
Trd, 4319881.193, 107
Trd, 4319882.793, 126
Trd, 4319883.093, 133
Trd, 4319884.043, 110
Trd, 4319884.443, 114
Trd, 4319885.243, 132
Trd, 4319885.543, 129
Trd, 4319886.293, 115
Trd, 4319887.193, 106
Trd, 4319887.593, 77
Trd, 4319887.993, 83
Trd, 4319889.343, 109
Trd, 4319889.893, 119
Trd, 4319890.843, 108
Trd, 4319890.993, 112
Trd, 4319892.893, 120
Trd, 4319893.893, 135
Trd, 4319893.943, 112
Trd, 4319895.143, 128
Trd, 4319895.893, 106
Trd, 4319897.243, 106
Trd, 4319897.393, 102
Trd, 4319900.293, 95
Trd, 4319900.543, 108
Trd, 4319901.493, 83
Trd, 4319901.543, 90
Trd, 4319902.493, 86
Trd, 4319903.243, 124
Trd, 4319903.993, 139
Trd, 4319905.243, 113
Trd, 4319906.343, 137
Trd, 4319906.393, 116
Trd, 4319907.393, 117
Trd, 4319907.943, 104
Trd, 4319908.443, 123
Trd, 4319908.943, 69
Trd, 4319909.693, 133
Trd, 4319910.993, 102
Trd, 4319911.343, 65
Trd, 4319913.693, 102
Trd, 4319914.143, 115
Trd, 4319915.343, 108
Trd, 4319917.543, 137
Trd, 4319918.143, 112
Trd, 4319919.843, 91
Trd, 4319919.993, 121
Trd, 4319921.443, 100
Trd, 4319921.793, 90
Trd, 4319922.993, 117
Trd, 4319925.843, 102
Trd, 4319926.493, 122
Trd, 4319926.693, 109
Trd, 4319927.343, 86
Trd, 4319928.343, 117
Trd, 4319928.493, 100
Trd, 4319928.593, 83
Trd, 4319930.043, 138
Trd, 4319930.843, 136
Trd, 4319932.343, 112
Trd, 4319933.543, 121
Trd, 4319934.443, 129
Trd, 4319934.493, 128
Trd, 4319935.293, 102
Trd, 4319935.993, 94
Trd, 4319937.293, 131
Trd, 4319938.343, 95
Trd, 4319938.693, 87
Trd, 4319939.843, 87
Trd, 4319940.193, 91
Trd, 4319942.043, 78
Trd, 4319943.943, 133
Trd, 4319944.143, 117
Trd, 4319944.493, 110
Trd, 4319945.093, 119
Trd, 4319945.943, 95
Trd, 4319946.143, 111
Trd, 4319947.493, 78
Trd, 4319949.243, 100
Trd, 4319949.993, 108
Trd, 4319951.793, 109
Trd, 4319952.293, 90
Trd, 4319952.443, 64
Trd, 4319952.743, 71
Trd, 4319953.293, 89
Trd, 4319953.993, 99
Trd, 4319955.043, 100
Trd, 4319955.943, 98
Trd, 4319956.893, 128
Trd, 4319956.993, 121
Trd, 4319957.143, 89
Trd, 4319958.193, 111
Trd, 4319958.693, 85
Trd, 4319958.843, 73
Trd, 4319959.893, 98
Trd, 4319962.193, 92
Trd, 4319962.693, 85
Trd, 4319964.193, 133
Trd, 4319965.093, 134
Trd, 4319967.743, 101
Trd, 4319968.043, 133
Trd, 4319968.843, 86
Trd, 4319969.893, 138
Trd, 4319970.693, 121
Trd, 4319971.093, 140
Trd, 4319972.343, 99
Trd, 4319972.943, 96
Trd, 4319973.193, 87
Trd, 4319973.843, 90
Trd, 4319975.443, 122
Trd, 4319975.893, 120
Trd, 4319977.543, 115
Trd, 4319977.993, 106
Trd, 4319979.293, 103
Trd, 4319979.743, 122
Trd, 4319980.043, 116
Trd, 4319981.443, 131
Trd, 4319981.793, 129
Trd, 4319983.243, 121
Trd, 4319983.443, 104
Trd, 4319984.493, 137
Trd, 4319985.643, 120
Trd, 4319987.043, 110
Trd, 4319988.493, 96
Trd, 4319988.593, 107
Trd, 4319989.243, 116
Trd, 4319989.443, 94
Trd, 4319989.743, 137
Trd, 4319990.143, 84
Trd, 4319993.943, 88
Trd, 4319994.293, 129
Trd, 4319995.843, 124
Trd, 4319996.543, 119
Trd, 4319996.643, 110
Trd, 4319996.693, 107
Trd, 4319997.393, 102
Trd, 4319998.043, 101
Trd, 4319998.743, 140
