Trd, 4318075.143, 140
Trd, 4318075.293, 139
Trd, 4318075.743, 136
Trd, 4318075.843, 131
Trd, 4318076.143, 123
Trd, 4318076.343, 104
Trd, 4318077.193, 103
Trd, 4318078.143, 125
Trd, 4318078.543, 140
Trd, 4318081.243, 134
Trd, 4318082.843, 140
Trd, 4318082.993, 112
Trd, 4318083.643, 117
Trd, 4318083.793, 110
Trd, 4318084.643, 117
Trd, 4318085.093, 116
Trd, 4318086.293, 80
Trd, 4318086.843, 94
Trd, 4318087.193, 75
Trd, 4318089.643, 140
Trd, 4318090.193, 140
Trd, 4318091.143, 126
Trd, 4318092.093, 123
Trd, 4318092.543, 140
Trd, 4318094.143, 124
Trd, 4318096.593, 123
Trd, 4318096.893, 115
Trd, 4318096.943, 124
Trd, 4318098.143, 104
Trd, 4318098.393, 88
Trd, 4318098.893, 63
Trd, 4318099.693, 140
Trd, 4318100.043, 139
Trd, 4318101.593, 124
Trd, 4318102.143, 130
Trd, 4318102.243, 114
Trd, 4318102.293, 138
Trd, 4318102.843, 102
Trd, 4318104.143, 133
Trd, 4318104.593, 89
Trd, 4318104.643, 137
Trd, 4318105.643, 81
Trd, 4318105.693, 67
Trd, 4318107.193, 88
Trd, 4318107.693, 64
Trd, 4318109.093, 67
Trd, 4318109.243, 98
Trd, 4318109.643, 99
Trd, 4318110.243, 98
Trd, 4318110.893, 106
Trd, 4318112.143, 124
Trd, 4318113.743, 140
Trd, 4318114.793, 140
Trd, 4318115.443, 140
Trd, 4318116.293, 127
Trd, 4318116.643, 139
Trd, 4318117.893, 140
Trd, 4318118.543, 137
Trd, 4318118.643, 110
Trd, 4318121.743, 137
Trd, 4318123.143, 139
Trd, 4318123.193, 113
Trd, 4318123.493, 66
Trd, 4318123.893, 136
Trd, 4318124.743, 105
Trd, 4318124.843, 81
Trd, 4318125.943, 137
Trd, 4318126.043, 77
Trd, 4318126.843, 138
Trd, 4318128.943, 136
Trd, 4318129.743, 132
Trd, 4318130.143, 126
Trd, 4318130.543, 122
Trd, 4318131.043, 134
Trd, 4318132.493, 132
Trd, 4318132.793, 122
Trd, 4318132.993, 133
Trd, 4318134.343, 115
Trd, 4318135.143, 62
Trd, 4318136.193, 122
Trd, 4318136.893, 121
Trd, 4318137.043, 113
Trd, 4318138.993, 140
Trd, 4318140.143, 140
Trd, 4318140.443, 130
Trd, 4318140.993, 120
Trd, 4318141.243, 132
Trd, 4318143.593, 140
Trd, 4318143.693, 136
Trd, 4318144.893, 125
Trd, 4318145.243, 113
Trd, 4318146.343, 140
Trd, 4318146.393, 132
Trd, 4318148.893, 140
Trd, 4318150.143, 140
Trd, 4318150.993, 131
Trd, 4318151.193, 129
Trd, 4318151.593, 133
Trd, 4318152.643, 110
Trd, 4318153.293, 104
Trd, 4318153.493, 117
Trd, 4318154.493, 133
Trd, 4318154.993, 106
Trd, 4318155.043, 132
Trd, 4318157.093, 64
Trd, 4318157.143, 68
Trd, 4318157.193, 68
Trd, 4318157.493, 62
Trd, 4318157.843, 64
Trd, 4318158.243, 85
Trd, 4318159.343, 138
Trd, 4318160.243, 66
Trd, 4318162.043, 60
Trd, 4318162.243, 63
Trd, 4318163.093, 60
Trd, 4318163.643, 60
Trd, 4318163.843, 60
Trd, 4318163.893, 62
Trd, 4318164.693, 64
Trd, 4318166.043, 138
Trd, 4318166.693, 140
Trd, 4318167.943, 140
Trd, 4318168.893, 139
Trd, 4318169.093, 134
Trd, 4318169.143, 125
Trd, 4318169.543, 98
Trd, 4318171.843, 81
Trd, 4318172.693, 140
Trd, 4318172.993, 111
Trd, 4318175.143, 140
Trd, 4318175.593, 118
Trd, 4318178.193, 140
Trd, 4318178.893, 140
Trd, 4318179.243, 140
Trd, 4318181.143, 140
Trd, 4318182.343, 138
Trd, 4318182.793, 136
Trd, 4318183.043, 125
Trd, 4318183.543, 93
Trd, 4318183.793, 92
Trd, 4318184.193, 85
Trd, 4318185.443, 111
Trd, 4318185.793, 95
Trd, 4318186.443, 63
Trd, 4318187.743, 72
Trd, 4318187.843, 74
Trd, 4318188.043, 75
Trd, 4318188.943, 127
Trd, 4318189.943, 139
Trd, 4318190.243, 112
Trd, 4318191.193, 119
Trd, 4318191.693, 130
Trd, 4318192.243, 118
Trd, 4318194.193, 124
Trd, 4318194.393, 127
Trd, 4318195.493, 118
Trd, 4318196.243, 139
Trd, 4318196.543, 111
Trd, 4318197.543, 140
Trd, 4318198.443, 127
Trd, 4318199.593, 139
Trd, 4318200.543, 138
Trd, 4318201.493, 137
Trd, 4318201.693, 137
Trd, 4318202.443, 140
Trd, 4318204.443, 139
Trd, 4318204.843, 138
Trd, 4318205.843, 127
Trd, 4318206.743, 116
Trd, 4318206.793, 75
Trd, 4318207.193, 101
Trd, 4318207.593, 138
Trd, 4318208.893, 132
Trd, 4318209.793, 140
Trd, 4318211.693, 126
Trd, 4318211.993, 140
Trd, 4318213.093, 138
Trd, 4318213.493, 140
Trd, 4318213.943, 115
Trd, 4318214.993, 60
Trd, 4318215.243, 60
Trd, 4318215.793, 90
Trd, 4318215.893, 89
Trd, 4318216.343, 65
Trd, 4318218.293, 123
Trd, 4318218.343, 128
Trd, 4318219.743, 96
Trd, 4318220.093, 73
Trd, 4318220.793, 122
Trd, 4318222.393, 122
Trd, 4318222.643, 105
Trd, 4318222.693, 124
Trd, 4318223.243, 64
Trd, 4318223.643, 65
Trd, 4318225.993, 140
Trd, 4318226.293, 138
Trd, 4318227.593, 140
Trd, 4318228.043, 140
Trd, 4318228.693, 140
Trd, 4318228.943, 125
Trd, 4318229.643, 97
Trd, 4318232.143, 138
Trd, 4318233.643, 127
Trd, 4318234.043, 115
Trd, 4318235.193, 127
Trd, 4318235.393, 139
Trd, 4318235.993, 140
Trd, 4318238.043, 138
Trd, 4318238.093, 135
Trd, 4318238.443, 135
Trd, 4318239.393, 117
Trd, 4318239.743, 140
Trd, 4318240.443, 139
Trd, 4318240.943, 84
Trd, 4318242.143, 60
Trd, 4318242.193, 60
Trd, 4318243.193, 62
Trd, 4318243.293, 63
Trd, 4318243.393, 66
Trd, 4318243.893, 63
Trd, 4318246.243, 94
Trd, 4318247.093, 101
Trd, 4318247.743, 85
Trd, 4318248.343, 98
Trd, 4318248.593, 98
Trd, 4318248.943, 140
Trd, 4318249.493, 90
Trd, 4318251.793, 140
Trd, 4318251.843, 109
Trd, 4318252.193, 133
Trd, 4318252.543, 132
Trd, 4318254.243, 140
Trd, 4318255.393, 124
Trd, 4318256.543, 116
Trd, 4318256.693, 106
Trd, 4318258.243, 140
Trd, 4318258.793, 139
Trd, 4318258.993, 137
Trd, 4318259.093, 93
Trd, 4318259.343, 104
Trd, 4318260.543, 104
Trd, 4318260.793, 110
Trd, 4318262.743, 81
Trd, 4318263.993, 80
Trd, 4318264.443, 131
Trd, 4318264.793, 112
Trd, 4318265.043, 130
Trd, 4318265.893, 96
Trd, 4318265.943, 128
Trd, 4318266.893, 122
Trd, 4318268.993, 140
Trd, 4318269.143, 140
Trd, 4318269.743, 138
Trd, 4318272.193, 140
Trd, 4318272.893, 140
Trd, 4318273.343, 126
Trd, 4318274.143, 111
Trd, 4318274.343, 139
Trd, 4318275.943, 140
Trd, 4318275.993, 132
Trd, 4318277.093, 128
Trd, 4318278.543, 88
Trd, 4318280.043, 116
Trd, 4318280.093, 107
Trd, 4318281.343, 140
Trd, 4318282.143, 140
Trd, 4318284.393, 113
Trd, 4318284.743, 137
Trd, 4318286.143, 107
Trd, 4318287.243, 122
Trd, 4318287.843, 139
Trd, 4318288.743, 134
Trd, 4318289.443, 140
Trd, 4318290.293, 122
Trd, 4318291.643, 136
Trd, 4318292.293, 140
Trd, 4318293.093, 104
Trd, 4318293.143, 101
Trd, 4318293.243, 91
Trd, 4318293.293, 105
Trd, 4318293.343, 69
Trd, 4318294.293, 133
Trd, 4318295.193, 138
Trd, 4318296.393, 134
Trd, 4318297.143, 135
Trd, 4318298.343, 137
Trd, 4318300.793, 139
Trd, 4318301.243, 125
Trd, 4318301.343, 124
Trd, 4318302.243, 140
Trd, 4318302.993, 126
Trd, 4318303.143, 68
Trd, 4318303.693, 86
Trd, 4318305.193, 105
Trd, 4318305.693, 140
Trd, 4318306.093, 140
Trd, 4318307.793, 64
Trd, 4318308.243, 136
Trd, 4318308.793, 95
Trd, 4318309.543, 92
Trd, 4318310.543, 131
Trd, 4318310.643, 129
Trd, 4318310.893, 136
Trd, 4318313.393, 126
Trd, 4318313.443, 114
Trd, 4318314.093, 130
Trd, 4318315.143, 138
Trd, 4318315.543, 98
Trd, 4318316.143, 85
Trd, 4318316.493, 129
Trd, 4318317.193, 140
Trd, 4318318.343, 133
Trd, 4318318.743, 121
Trd, 4318319.543, 114
Trd, 4318321.343, 108
Trd, 4318322.643, 140
Trd, 4318322.743, 138
Trd, 4318324.193, 140
Trd, 4318324.593, 139
Trd, 4318325.143, 138
Trd, 4318326.043, 138
Trd, 4318327.593, 112
Trd, 4318328.243, 134
Trd, 4318330.143, 138
Trd, 4318330.993, 140
Trd, 4318331.543, 139
Trd, 4318332.593, 61
Trd, 4318332.793, 62
Trd, 4318333.543, 61
Trd, 4318334.543, 62
Trd, 4318334.593, 64
Trd, 4318334.793, 90
Trd, 4318334.893, 94
Trd, 4318336.993, 139
Trd, 4318337.193, 138
Trd, 4318338.093, 137
Trd, 4318340.043, 137
Trd, 4318340.743, 139
Trd, 4318342.443, 129
Trd, 4318342.943, 118
Trd, 4318343.993, 108
Trd, 4318344.243, 134
Trd, 4318345.693, 134
Trd, 4318346.393, 124
Trd, 4318346.493, 115
Trd, 4318346.793, 123
Trd, 4318348.043, 119
Trd, 4318348.343, 64
Trd, 4318349.693, 113
Trd, 4318350.893, 104
Trd, 4318351.043, 112
Trd, 4318352.093, 140
Trd, 4318352.193, 113
Trd, 4318353.843, 130
Trd, 4318354.393, 111
Trd, 4318354.693, 109
Trd, 4318354.843, 130
Trd, 4318356.343, 121
Trd, 4318356.493, 109
Trd, 4318357.693, 140
Trd, 4318359.593, 137
Trd, 4318360.443, 137
Trd, 4318360.993, 128
Trd, 4318361.043, 123
Trd, 4318361.243, 139
Trd, 4318361.643, 112
Trd, 4318361.793, 126
Trd, 4318361.993, 106
Trd, 4318363.193, 118
Trd, 4318363.943, 129
Trd, 4318364.043, 133
Trd, 4318365.043, 117
Trd, 4318365.593, 136
Trd, 4318366.443, 62
Trd, 4318366.943, 135
Trd, 4318368.143, 103
Trd, 4318368.843, 130
Trd, 4318368.893, 84
Trd, 4318369.443, 133
Trd, 4318369.793, 70
Trd, 4318371.243, 62
Trd, 4318372.093, 63
Trd, 4318372.293, 63
Trd, 4318372.493, 64
Trd, 4318374.793, 68
Trd, 4318375.093, 69
Trd, 4318375.793, 70
Trd, 4318376.193, 73
Trd, 4318378.193, 139
Trd, 4318378.493, 138
Trd, 4318378.843, 122
Trd, 4318380.143, 130
Trd, 4318381.693, 140
Trd, 4318382.243, 139
Trd, 4318383.093, 135
Trd, 4318384.243, 133
Trd, 4318384.843, 137
Trd, 4318384.993, 124
Trd, 4318385.943, 114
Trd, 4318386.993, 85
Trd, 4318387.543, 60
Trd, 4318387.843, 60
Trd, 4318387.993, 60
Trd, 4318388.943, 140
Trd, 4318388.993, 126
Trd, 4318390.143, 80
Trd, 4318390.543, 93
Trd, 4318390.843, 94
Trd, 4318391.243, 60
Trd, 4318392.893, 66
Trd, 4318393.493, 60
Trd, 4318395.893, 139
Trd, 4318397.993, 140
Trd, 4318398.043, 140
Trd, 4318398.543, 129
Trd, 4318399.043, 117
Trd, 4318399.793, 82
Trd, 4318400.293, 131
Trd, 4318401.243, 135
Trd, 4318402.043, 132
Trd, 4318402.343, 116
Trd, 4318402.843, 129
Trd, 4318404.143, 133
Trd, 4318404.943, 115
Trd, 4318407.093, 140
Trd, 4318407.643, 140
Trd, 4318407.843, 136
Trd, 4318409.043, 119
Trd, 4318409.193, 116
Trd, 4318409.293, 115
Trd, 4318410.143, 139
Trd, 4318411.543, 128
Trd, 4318412.843, 129
Trd, 4318412.893, 126
Trd, 4318413.643, 140
Trd, 4318414.643, 119
Trd, 4318415.393, 126
Trd, 4318416.443, 140
Trd, 4318417.393, 140
Trd, 4318417.743, 87
Trd, 4318418.293, 87
Trd, 4318418.343, 86
Trd, 4318419.493, 97
Trd, 4318419.643, 101
Trd, 4318419.743, 84
Trd, 4318421.293, 120
Trd, 4318422.243, 135
Trd, 4318422.393, 97
Trd, 4318422.693, 79
Trd, 4318423.493, 90
Trd, 4318423.593, 135
Trd, 4318424.643, 86
Trd, 4318427.243, 131
Trd, 4318427.943, 106
Trd, 4318427.993, 90
Trd, 4318430.543, 140
Trd, 4318430.743, 139
Trd, 4318431.493, 137
Trd, 4318432.193, 93
Trd, 4318432.793, 70
Trd, 4318433.793, 130
Trd, 4318434.743, 110
Trd, 4318437.443, 140
Trd, 4318438.043, 140
Trd, 4318438.593, 110
Trd, 4318440.643, 88
Trd, 4318441.193, 131
Trd, 4318442.443, 131
Trd, 4318443.743, 140
Trd, 4318444.893, 137
Trd, 4318445.093, 135
Trd, 4318445.443, 113
Trd, 4318447.693, 140
Trd, 4318448.093, 139
Trd, 4318449.193, 125
Trd, 4318449.443, 96
Trd, 4318450.343, 140
Trd, 4318450.443, 120
Trd, 4318451.943, 89
Trd, 4318452.393, 107
Trd, 4318454.143, 127
Trd, 4318454.243, 93
Trd, 4318454.893, 130
Trd, 4318455.393, 86
Trd, 4318458.093, 137
Trd, 4318459.643, 122
Trd, 4318460.143, 124
Trd, 4318460.643, 139
Trd, 4318460.893, 93
Trd, 4318461.193, 133
Trd, 4318462.543, 136
Trd, 4318462.993, 129
Trd, 4318464.393, 139
Trd, 4318464.693, 140
Trd, 4318465.343, 118
Trd, 4318466.243, 131
Trd, 4318467.493, 117
Trd, 4318468.293, 102
Trd, 4318468.643, 64
Trd, 4318470.693, 63
Trd, 4318471.293, 120
Trd, 4318472.043, 123
Trd, 4318472.543, 118
Trd, 4318472.793, 121
Trd, 4318473.343, 139
Trd, 4318473.493, 105
Trd, 4318474.643, 140
Trd, 4318475.943, 105
Trd, 4318476.093, 106
Trd, 4318476.143, 107
Trd, 4318477.143, 100
Trd, 4318477.593, 109
Trd, 4318477.693, 82
Trd, 4318478.843, 101
Trd, 4318479.343, 108
Trd, 4318479.993, 60
Trd, 4318480.093, 60
Trd, 4318480.793, 68
Trd, 4318482.393, 81
Trd, 4318482.893, 121
Trd, 4318482.943, 124
Trd, 4318485.193, 114
Trd, 4318485.493, 124
Trd, 4318485.643, 122
Trd, 4318486.293, 60
Trd, 4318486.793, 61
Trd, 4318487.543, 62
Trd, 4318487.843, 84
Trd, 4318489.343, 140
Trd, 4318491.693, 140
Trd, 4318491.793, 138
Trd, 4318493.643, 135
Trd, 4318494.693, 80
Trd, 4318495.293, 65
Trd, 4318495.593, 67
Trd, 4318495.693, 115
Trd, 4318495.993, 140
Trd, 4318496.043, 119
Trd, 4318498.993, 106
Trd, 4318499.643, 127
Trd, 4318500.193, 97
Trd, 4318501.393, 140
Trd, 4318501.593, 140
Trd, 4318501.643, 134
Trd, 4318502.543, 125
Trd, 4318503.543, 138
Trd, 4318503.893, 138
Trd, 4318504.943, 139
Trd, 4318506.043, 138
Trd, 4318506.443, 108
Trd, 4318507.193, 93
Trd, 4318508.093, 91
Trd, 4318509.443, 66
Trd, 4318509.693, 66
Trd, 4318509.793, 68
Trd, 4318510.143, 102
Trd, 4318511.643, 63
Trd, 4318511.843, 62
Trd, 4318513.143, 69
Trd, 4318513.943, 60
Trd, 4318514.643, 60
Trd, 4318515.493, 60
Trd, 4318515.593, 75
Trd, 4318515.693, 62
Trd, 4318516.243, 129
Trd, 4318517.143, 139
Trd, 4318517.743, 133
Trd, 4318518.093, 125
Trd, 4318518.243, 94
Trd, 4318519.093, 139
Trd, 4318522.493, 136
Trd, 4318523.293, 131
Trd, 4318523.643, 130
Trd, 4318523.893, 121
Trd, 4318524.693, 107
Trd, 4318524.743, 107
Trd, 4318524.893, 131
Trd, 4318525.143, 77
Trd, 4318525.943, 66
Trd, 4318528.643, 140
Trd, 4318528.893, 139
Trd, 4318528.993, 122
Trd, 4318530.693, 140
Trd, 4318531.543, 140
Trd, 4318532.243, 140
Trd, 4318532.293, 125
Trd, 4318533.093, 130
Trd, 4318533.843, 140
Trd, 4318536.043, 140
Trd, 4318536.193, 139
Trd, 4318537.143, 140
Trd, 4318537.443, 98
Trd, 4318538.743, 109
Trd, 4318538.943, 140
Trd, 4318539.543, 139
Trd, 4318540.593, 79
Trd, 4318540.793, 84
Trd, 4318541.243, 124
Trd, 4318542.493, 124
Trd, 4318542.993, 103
Trd, 4318543.193, 67
Trd, 4318543.443, 122
Trd, 4318544.293, 121
Trd, 4318544.393, 92
Trd, 4318546.243, 140
Trd, 4318547.193, 138
Trd, 4318549.493, 140
Trd, 4318549.743, 138
Trd, 4318550.143, 95
Trd, 4318550.193, 85
Trd, 4318551.443, 140
Trd, 4318552.343, 140
Trd, 4318552.443, 133
Trd, 4318553.293, 135
Trd, 4318553.743, 119
Trd, 4318554.043, 107
Trd, 4318554.993, 140
Trd, 4318556.443, 79
Trd, 4318557.343, 140
Trd, 4318559.343, 140
Trd, 4318559.493, 140
Trd, 4318562.293, 138
Trd, 4318563.093, 139
Trd, 4318563.293, 137
Trd, 4318563.343, 124
Trd, 4318563.493, 140
Trd, 4318563.593, 122
Trd, 4318564.743, 62
Trd, 4318565.793, 136
Trd, 4318567.343, 133
Trd, 4318567.443, 129
Trd, 4318569.593, 140
Trd, 4318569.893, 125
Trd, 4318571.493, 112
Trd, 4318572.443, 140
Trd, 4318573.493, 140
Trd, 4318574.693, 140
Trd, 4318574.893, 139
Trd, 4318575.793, 139
Trd, 4318576.843, 130
Trd, 4318576.993, 119
Trd, 4318578.993, 117
Trd, 4318579.193, 140
Trd, 4318580.493, 115
Trd, 4318580.543, 103
Trd, 4318580.593, 82
Trd, 4318581.843, 140
Trd, 4318582.243, 81
Trd, 4318583.693, 122
Trd, 4318583.843, 121
Trd, 4318584.893, 139
Trd, 4318586.393, 135
Trd, 4318586.793, 100
Trd, 4318587.593, 81
Trd, 4318588.143, 61
Trd, 4318589.093, 66
Trd, 4318589.593, 109
Trd, 4318590.443, 67
Trd, 4318590.493, 74
Trd, 4318591.093, 60
Trd, 4318592.243, 90
Trd, 4318592.393, 97
Trd, 4318593.693, 90
Trd, 4318593.843, 90
Trd, 4318594.743, 60
Trd, 4318594.943, 70
Trd, 4318595.093, 76
Trd, 4318596.243, 64
Trd, 4318597.093, 60
Trd, 4318597.793, 109
Trd, 4318598.243, 109
Trd, 4318600.093, 60
Trd, 4318600.493, 60
Trd, 4318600.993, 60
Trd, 4318601.843, 75
Trd, 4318602.443, 63
Trd, 4318604.243, 140
Trd, 4318605.093, 140
Trd, 4318606.343, 135
Trd, 4318607.893, 122
Trd, 4318608.443, 110
Trd, 4318609.193, 139
Trd, 4318610.443, 122
Trd, 4318610.543, 111
Trd, 4318612.193, 110
Trd, 4318612.493, 118
Trd, 4318612.943, 137
Trd, 4318614.293, 94
Trd, 4318614.943, 87
Trd, 4318615.693, 124
Trd, 4318615.993, 127
Trd, 4318617.243, 73
Trd, 4318617.543, 137
Trd, 4318618.143, 105
Trd, 4318618.243, 98
Trd, 4318618.943, 80
Trd, 4318619.193, 78
Trd, 4318621.343, 107
Trd, 4318622.193, 138
Trd, 4318623.143, 140
Trd, 4318623.743, 139
Trd, 4318623.893, 99
Trd, 4318624.693, 140
Trd, 4318624.743, 90
Trd, 4318625.643, 77
Trd, 4318625.793, 130
Trd, 4318627.143, 81
Trd, 4318627.243, 76
Trd, 4318627.593, 60
Trd, 4318628.493, 129
Trd, 4318629.993, 121
Trd, 4318630.593, 124
Trd, 4318630.793, 117
Trd, 4318632.093, 140
Trd, 4318632.593, 140
Trd, 4318634.443, 135
Trd, 4318634.993, 132
Trd, 4318635.443, 121
Trd, 4318637.393, 139
Trd, 4318638.493, 140
Trd, 4318638.943, 138
Trd, 4318640.243, 137
Trd, 4318641.693, 138
Trd, 4318642.743, 138
Trd, 4318643.493, 129
Trd, 4318643.543, 117
Trd, 4318643.993, 136
Trd, 4318644.493, 127
Trd, 4318644.543, 101
Trd, 4318644.843, 100
Trd, 4318646.293, 139
Trd, 4318646.743, 109
Trd, 4318648.543, 140
Trd, 4318648.693, 127
Trd, 4318649.093, 114
Trd, 4318649.693, 140
Trd, 4318649.793, 79
Trd, 4318650.193, 128
Trd, 4318652.193, 140
Trd, 4318653.393, 140
Trd, 4318655.843, 140
Trd, 4318656.743, 136
Trd, 4318657.943, 138
Trd, 4318660.093, 115
Trd, 4318661.493, 140
Trd, 4318661.543, 139
Trd, 4318662.893, 130
Trd, 4318663.193, 126
Trd, 4318663.643, 123
Trd, 4318663.993, 140
Trd, 4318666.043, 139
Trd, 4318667.093, 127
Trd, 4318667.943, 123
Trd, 4318668.993, 109
Trd, 4318669.493, 117
Trd, 4318669.943, 140
Trd, 4318670.493, 140
Trd, 4318671.093, 126
Trd, 4318671.193, 90
Trd, 4318672.043, 138
Trd, 4318672.443, 76
Trd, 4318672.693, 63
Trd, 4318672.943, 71
Trd, 4318674.643, 117
Trd, 4318675.393, 135
Trd, 4318675.593, 116
Trd, 4318677.193, 137
Trd, 4318677.743, 121
Trd, 4318678.693, 140
Trd, 4318679.543, 137
Trd, 4318680.993, 127
Trd, 4318681.193, 114
Trd, 4318681.693, 135
Trd, 4318681.943, 121
Trd, 4318682.193, 112
Trd, 4318683.943, 130
Trd, 4318686.093, 139
Trd, 4318687.793, 115
Trd, 4318689.843, 140
Trd, 4318690.993, 140
Trd, 4318691.193, 140
Trd, 4318691.743, 140
Trd, 4318692.443, 125
Trd, 4318692.743, 120
Trd, 4318693.543, 140
Trd, 4318694.893, 129
Trd, 4318695.343, 103
Trd, 4318696.193, 128
Trd, 4318696.393, 80
Trd, 4318696.593, 118
Trd, 4318697.243, 112
Trd, 4318697.743, 71
Trd, 4318697.993, 128
Trd, 4318699.193, 140
Trd, 4318699.693, 103
Trd, 4318700.743, 132
Trd, 4318701.043, 112
Trd, 4318702.193, 121
Trd, 4318702.843, 140
Trd, 4318703.043, 91
Trd, 4318703.443, 120
Trd, 4318704.193, 101
Trd, 4318704.693, 116
Trd, 4318705.193, 116
Trd, 4318705.743, 139
Trd, 4318707.743, 131
Trd, 4318708.343, 130
Trd, 4318709.793, 140
Trd, 4318710.593, 140
Trd, 4318711.343, 126
Trd, 4318712.293, 109
Trd, 4318713.543, 119
Trd, 4318713.693, 106
Trd, 4318714.693, 100
Trd, 4318715.893, 140
Trd, 4318716.243, 123
Trd, 4318716.443, 140
Trd, 4318716.543, 92
Trd, 4318716.593, 63
Trd, 4318716.993, 137
Trd, 4318719.343, 102
Trd, 4318719.443, 111
Trd, 4318719.993, 98
Trd, 4318720.093, 111
Trd, 4318720.443, 95
Trd, 4318721.693, 110
Trd, 4318721.893, 110
Trd, 4318722.093, 111
Trd, 4318722.543, 107
Trd, 4318722.893, 60
Trd, 4318724.043, 140
Trd, 4318725.143, 109
Trd, 4318727.993, 132
Trd, 4318728.793, 96
Trd, 4318729.093, 95
Trd, 4318730.043, 140
Trd, 4318731.643, 140
Trd, 4318732.043, 139
Trd, 4318733.893, 120
Trd, 4318734.293, 110
Trd, 4318734.843, 128
Trd, 4318734.943, 127
Trd, 4318734.993, 130
Trd, 4318735.593, 118
Trd, 4318736.143, 98
Trd, 4318736.893, 61
Trd, 4318737.293, 78
Trd, 4318738.743, 63
Trd, 4318739.543, 124
Trd, 4318740.093, 92
Trd, 4318740.793, 91
Trd, 4318741.493, 85
Trd, 4318743.243, 110
Trd, 4318744.493, 134
Trd, 4318744.593, 133
Trd, 4318745.093, 108
Trd, 4318746.643, 90
Trd, 4318746.793, 86
Trd, 4318747.743, 67
Trd, 4318748.143, 66
Trd, 4318748.443, 65
Trd, 4318748.643, 66
Trd, 4318749.843, 64
Trd, 4318751.593, 84
Trd, 4318752.293, 124
Trd, 4318752.593, 139
Trd, 4318754.443, 111
Trd, 4318756.493, 139
Trd, 4318756.743, 139
Trd, 4318757.543, 138
Trd, 4318757.643, 124
Trd, 4318758.243, 115
Trd, 4318758.593, 92
Trd, 4318759.743, 64
Trd, 4318760.143, 64
Trd, 4318760.443, 64
Trd, 4318762.743, 140
Trd, 4318764.593, 140
Trd, 4318764.993, 140
Trd, 4318765.243, 138
Trd, 4318765.643, 132
Trd, 4318767.193, 130
Trd, 4318767.693, 129
Trd, 4318768.743, 103
Trd, 4318768.843, 120
Trd, 4318769.043, 121
Trd, 4318770.093, 61
Trd, 4318771.193, 62
Trd, 4318771.793, 61
Trd, 4318772.943, 60
Trd, 4318773.793, 61
Trd, 4318774.293, 61
Trd, 4318774.693, 62
Trd, 4318775.143, 60
Trd, 4318776.043, 61
Trd, 4318776.243, 62
Trd, 4318776.593, 61
Trd, 4318777.743, 60
Trd, 4318777.793, 61
Trd, 4318778.293, 70
Trd, 4318780.943, 78
Trd, 4318781.643, 118
Trd, 4318781.693, 90
Trd, 4318782.243, 139
Trd, 4318782.893, 76
Trd, 4318784.393, 97
Trd, 4318786.593, 140
Trd, 4318787.543, 140
Trd, 4318787.793, 138
Trd, 4318788.293, 138
Trd, 4318789.143, 140
Trd, 4318789.493, 140
Trd, 4318789.793, 137
Trd, 4318790.843, 140
Trd, 4318791.043, 121
Trd, 4318792.093, 129
Trd, 4318792.143, 113
Trd, 4318792.893, 140
Trd, 4318794.393, 139
Trd, 4318794.743, 120
Trd, 4318795.343, 138
Trd, 4318796.893, 137
Trd, 4318796.993, 131
Trd, 4318800.543, 140
Trd, 4318800.793, 140
Trd, 4318800.893, 135
Trd, 4318802.593, 128
Trd, 4318803.043, 117
Trd, 4318803.743, 126
Trd, 4318804.193, 140
Trd, 4318804.343, 117
Trd, 4318804.643, 102
Trd, 4318805.293, 134
Trd, 4318806.143, 131
Trd, 4318807.443, 127
Trd, 4318807.993, 127
Trd, 4318808.243, 124
Trd, 4318808.443, 130
Trd, 4318808.993, 140
Trd, 4318810.793, 115
Trd, 4318811.693, 106
Trd, 4318812.793, 132
Trd, 4318813.493, 119
Trd, 4318815.243, 138
Trd, 4318815.343, 137
Trd, 4318815.643, 71
Trd, 4318816.543, 139
Trd, 4318817.943, 127
Trd, 4318818.393, 139
Trd, 4318818.443, 105
Trd, 4318818.843, 98
Trd, 4318819.743, 119
Trd, 4318819.843, 118
Trd, 4318821.393, 100
Trd, 4318823.343, 140
Trd, 4318825.543, 140
Trd, 4318826.693, 139
Trd, 4318826.843, 134
Trd, 4318828.293, 118
Trd, 4318830.043, 106
Trd, 4318830.493, 106
Trd, 4318830.693, 107
Trd, 4318830.893, 108
Trd, 4318830.943, 102
Trd, 4318832.243, 117
Trd, 4318832.293, 113
Trd, 4318834.893, 140
Trd, 4318835.193, 135
Trd, 4318835.493, 105
Trd, 4318836.043, 126
Trd, 4318836.243, 109
Trd, 4318836.993, 124
Trd, 4318837.393, 99
Trd, 4318837.443, 126
Trd, 4318839.393, 140
Trd, 4318840.293, 137
Trd, 4318842.243, 140
Trd, 4318842.543, 121
Trd, 4318843.343, 66
Trd, 4318843.843, 137
Trd, 4318844.693, 133
Trd, 4318846.193, 125
Trd, 4318846.243, 112
Trd, 4318847.043, 137
Trd, 4318847.393, 120
Trd, 4318848.243, 140
Trd, 4318850.443, 95
Trd, 4318851.193, 138
Trd, 4318851.393, 116
Trd, 4318851.443, 79
Trd, 4318851.543, 140
Trd, 4318851.593, 75
Trd, 4318853.243, 132
Trd, 4318855.243, 106
Trd, 4318855.593, 113
Trd, 4318856.143, 102
Trd, 4318856.493, 99
Trd, 4318856.993, 134
Trd, 4318857.443, 135
Trd, 4318857.493, 118
Trd, 4318858.093, 139
Trd, 4318858.993, 123
Trd, 4318860.243, 140
Trd, 4318860.993, 140
Trd, 4318861.493, 133
Trd, 4318862.593, 106
Trd, 4318862.843, 95
Trd, 4318863.943, 137
Trd, 4318864.543, 123
Trd, 4318865.693, 139
Trd, 4318866.793, 140
Trd, 4318867.593, 140
Trd, 4318868.593, 136
Trd, 4318870.593, 140
Trd, 4318871.643, 137
Trd, 4318873.143, 97
Trd, 4318873.543, 92
Trd, 4318873.793, 88
Trd, 4318874.043, 97
Trd, 4318874.843, 98
Trd, 4318876.943, 138
Trd, 4318877.493, 140
Trd, 4318877.743, 78
Trd, 4318878.593, 79
Trd, 4318879.643, 117
Trd, 4318879.943, 118
Trd, 4318880.743, 112
Trd, 4318880.993, 110
Trd, 4318882.093, 117
Trd, 4318882.643, 129
Trd, 4318883.093, 121
Trd, 4318883.693, 64
Trd, 4318885.743, 140
Trd, 4318885.943, 129
Trd, 4318886.443, 101
Trd, 4318886.843, 78
Trd, 4318887.143, 93
Trd, 4318889.043, 115
Trd, 4318889.643, 122
Trd, 4318890.793, 97
Trd, 4318891.343, 121
Trd, 4318892.243, 125
Trd, 4318892.993, 105
Trd, 4318893.293, 125
Trd, 4318893.543, 113
Trd, 4318893.693, 104
Trd, 4318894.043, 124
Trd, 4318894.593, 79
Trd, 4318896.493, 128
Trd, 4318896.993, 107
Trd, 4318897.193, 85
Trd, 4318897.643, 73
Trd, 4318898.443, 125
Trd, 4318899.293, 93
Trd, 4318899.943, 137
Trd, 4318902.093, 139
Trd, 4318902.643, 139
Trd, 4318903.043, 136
Trd, 4318903.093, 135
Trd, 4318903.643, 127
Trd, 4318905.293, 107
Trd, 4318906.243, 109
Trd, 4318906.743, 107
Trd, 4318906.893, 112
Trd, 4318907.893, 140
Trd, 4318908.343, 138
Trd, 4318908.593, 124
Trd, 4318909.493, 117
Trd, 4318910.643, 114
Trd, 4318911.393, 139
Trd, 4318912.193, 129
Trd, 4318913.743, 140
Trd, 4318915.543, 132
Trd, 4318917.093, 125
Trd, 4318918.743, 140
Trd, 4318919.293, 138
Trd, 4318919.793, 139
Trd, 4318920.093, 134
Trd, 4318920.793, 130
Trd, 4318921.293, 133
Trd, 4318921.543, 126
Trd, 4318921.993, 118
Trd, 4318922.293, 86
Trd, 4318925.743, 140
Trd, 4318926.643, 140
Trd, 4318926.743, 140
Trd, 4318927.593, 130
Trd, 4318929.543, 127
Trd, 4318929.893, 104
Trd, 4318931.593, 78
Trd, 4318931.893, 121
Trd, 4318931.993, 123
Trd, 4318932.293, 140
Trd, 4318933.393, 133
Trd, 4318934.293, 125
Trd, 4318934.443, 113
Trd, 4318934.943, 137
Trd, 4318934.993, 101
Trd, 4318936.293, 139
Trd, 4318936.943, 112
Trd, 4318937.393, 123
Trd, 4318938.193, 107
Trd, 4318938.743, 140
Trd, 4318940.593, 140
Trd, 4318940.693, 140
Trd, 4318941.793, 140
Trd, 4318943.143, 121
Trd, 4318943.443, 123
Trd, 4318943.693, 115
Trd, 4318945.443, 139
Trd, 4318946.693, 130
Trd, 4318947.843, 121
Trd, 4318948.793, 115
Trd, 4318951.143, 136
Trd, 4318951.243, 135
Trd, 4318952.143, 112
Trd, 4318953.043, 138
Trd, 4318954.143, 134
Trd, 4318955.293, 139
Trd, 4318955.793, 113
Trd, 4318956.393, 123
Trd, 4318956.443, 124
Trd, 4318957.643, 139
Trd, 4318957.843, 124
Trd, 4318960.293, 139
Trd, 4318960.493, 138
Trd, 4318960.943, 140
Trd, 4318962.143, 122
Trd, 4318963.843, 128
Trd, 4318964.893, 113
Trd, 4318965.193, 107
Trd, 4318965.543, 105
Trd, 4318967.143, 102
Trd, 4318968.643, 94
Trd, 4318969.143, 106
Trd, 4318970.293, 111
Trd, 4318970.693, 93
Trd, 4318970.793, 83
Trd, 4318970.993, 111
Trd, 4318971.243, 112
Trd, 4318971.343, 72
Trd, 4318971.643, 91
Trd, 4318973.493, 140
Trd, 4318974.743, 127
Trd, 4318974.793, 119
Trd, 4318976.093, 133
Trd, 4318976.493, 138
Trd, 4318976.593, 110
Trd, 4318977.243, 98
Trd, 4318979.343, 108
Trd, 4318980.543, 122
Trd, 4318980.843, 123
Trd, 4318980.943, 79
Trd, 4318981.193, 122
Trd, 4318981.593, 89
Trd, 4318981.893, 123
Trd, 4318981.993, 114
Trd, 4318983.243, 124
Trd, 4318983.593, 107
Trd, 4318984.143, 100
Trd, 4318986.143, 140
Trd, 4318988.143, 140
Trd, 4318989.193, 140
Trd, 4318989.243, 133
Trd, 4318990.643, 95
Trd, 4318991.993, 140
Trd, 4318992.443, 140
Trd, 4318992.893, 139
Trd, 4318993.293, 118
Trd, 4318995.293, 133
Trd, 4318997.493, 137
Trd, 4318998.193, 121
Trd, 4318998.293, 116
Trd, 4318998.693, 140
Trd, 4318999.593, 105
Trd, 4319000.593, 132
Trd, 4319000.793, 123
Trd, 4319003.193, 125
Trd, 4319003.343, 124
Trd, 4319004.443, 128
Trd, 4319005.043, 124
Trd, 4319005.393, 123
Trd, 4319005.593, 115
Trd, 4319005.993, 95
Trd, 4319006.093, 93
Trd, 4319007.443, 121
Trd, 4319008.343, 129
Trd, 4319009.143, 108
Trd, 4319009.893, 75
Trd, 4319010.593, 140
Trd, 4319011.043, 140
Trd, 4319011.593, 70
Trd, 4319011.843, 64
Trd, 4319012.143, 136
Trd, 4319012.893, 87
Trd, 4319013.043, 61
Trd, 4319013.993, 136
Trd, 4319014.343, 107
Trd, 4319016.693, 126
Trd, 4319016.843, 94
Trd, 4319018.493, 138
Trd, 4319018.943, 123
Trd, 4319020.793, 140
Trd, 4319022.093, 140
Trd, 4319022.243, 140
Trd, 4319022.443, 137
Trd, 4319023.243, 140
Trd, 4319023.593, 139
Trd, 4319024.043, 116
Trd, 4319026.543, 121
Trd, 4319026.743, 120
Trd, 4319026.893, 124
Trd, 4319028.593, 120
Trd, 4319029.093, 102
Trd, 4319029.393, 122
Trd, 4319029.593, 97
Trd, 4319030.693, 89
Trd, 4319031.393, 84
Trd, 4319031.843, 126
Trd, 4319032.793, 139
Trd, 4319034.343, 136
Trd, 4319036.743, 139
Trd, 4319037.193, 138
Trd, 4319037.943, 140
Trd, 4319037.993, 135
Trd, 4319038.793, 125
Trd, 4319040.143, 140
Trd, 4319042.393, 140
Trd, 4319043.093, 128
Trd, 4319043.143, 116
Trd, 4319044.493, 137
Trd, 4319044.693, 128
Trd, 4319044.843, 135
Trd, 4319045.443, 94
Trd, 4319045.693, 99
Trd, 4319046.843, 119
Trd, 4319047.843, 119
Trd, 4319048.693, 138
Trd, 4319049.743, 127
Trd, 4319049.993, 140
Trd, 4319052.443, 138
Trd, 4319052.593, 139
Trd, 4319053.093, 140
Trd, 4319054.093, 138
Trd, 4319054.293, 127
Trd, 4319054.943, 139
Trd, 4319054.993, 121
Trd, 4319055.343, 89
Trd, 4319058.793, 112
Trd, 4319061.093, 140
Trd, 4319061.143, 140
Trd, 4319061.643, 121
Trd, 4319062.043, 103
Trd, 4319062.443, 140
Trd, 4319064.693, 140
Trd, 4319065.043, 136
Trd, 4319067.743, 139
Trd, 4319068.193, 135
Trd, 4319068.343, 138
Trd, 4319069.743, 122
Trd, 4319069.893, 75
Trd, 4319070.343, 133
Trd, 4319071.443, 66
Trd, 4319071.693, 101
Trd, 4319072.493, 104
Trd, 4319072.593, 97
Trd, 4319072.793, 63
Trd, 4319072.943, 134
Trd, 4319074.243, 122
Trd, 4319074.543, 92
Trd, 4319075.643, 91
Trd, 4319076.693, 73
Trd, 4319076.793, 74
Trd, 4319076.893, 75
Trd, 4319078.043, 87
Trd, 4319078.343, 79
Trd, 4319079.493, 140
Trd, 4319079.993, 134
Trd, 4319080.743, 87
Trd, 4319083.043, 135
Trd, 4319083.093, 79
Trd, 4319084.293, 132
Trd, 4319085.093, 122
Trd, 4319085.693, 139
Trd, 4319086.643, 127
Trd, 4319088.293, 113
Trd, 4319088.543, 135
Trd, 4319090.143, 122
Trd, 4319090.193, 113
Trd, 4319090.493, 129
Trd, 4319091.643, 112
Trd, 4319092.293, 128
Trd, 4319093.743, 106
Trd, 4319093.843, 105
Trd, 4319096.443, 111
Trd, 4319097.343, 140
Trd, 4319097.943, 140
Trd, 4319098.693, 136
Trd, 4319101.193, 140
Trd, 4319102.543, 140
Trd, 4319102.743, 125
Trd, 4319103.593, 136
Trd, 4319103.643, 130
Trd, 4319104.443, 136
Trd, 4319105.093, 134
Trd, 4319105.893, 133
Trd, 4319106.193, 123
Trd, 4319106.493, 117
Trd, 4319107.093, 137
Trd, 4319107.293, 82
Trd, 4319108.793, 118
Trd, 4319110.543, 123
Trd, 4319110.693, 125
Trd, 4319110.793, 117
Trd, 4319110.993, 87
Trd, 4319111.193, 137
Trd, 4319113.443, 65
Trd, 4319113.943, 62
Trd, 4319114.743, 100
Trd, 4319115.743, 139
Trd, 4319118.293, 140
Trd, 4319118.393, 124
Trd, 4319119.893, 119
Trd, 4319121.593, 140
Trd, 4319122.943, 118
Trd, 4319123.793, 93
Trd, 4319124.493, 122
Trd, 4319124.593, 80
Trd, 4319125.593, 139
Trd, 4319126.293, 135
Trd, 4319126.593, 137
Trd, 4319127.493, 113
Trd, 4319127.943, 132
Trd, 4319129.243, 108
Trd, 4319129.493, 109
Trd, 4319130.143, 134
Trd, 4319130.243, 136
Trd, 4319130.643, 85
Trd, 4319130.893, 85
Trd, 4319132.643, 139
Trd, 4319132.793, 122
Trd, 4319134.143, 114
Trd, 4319135.943, 121
Trd, 4319136.243, 106
Trd, 4319136.643, 137
Trd, 4319136.943, 139
Trd, 4319137.593, 138
Trd, 4319137.943, 95
Trd, 4319139.993, 138
Trd, 4319140.543, 110
Trd, 4319141.243, 128
Trd, 4319142.543, 137
Trd, 4319144.043, 139
Trd, 4319144.143, 136
Trd, 4319144.893, 127
Trd, 4319145.993, 126
Trd, 4319146.143, 112
Trd, 4319147.843, 140
Trd, 4319149.593, 138
Trd, 4319150.043, 139
Trd, 4319150.943, 139
Trd, 4319152.293, 137
Trd, 4319152.393, 122
Trd, 4319152.543, 132
Trd, 4319152.893, 109
Trd, 4319153.993, 76
Trd, 4319154.293, 76
Trd, 4319155.343, 60
Trd, 4319156.543, 61
Trd, 4319156.643, 115
Trd, 4319157.293, 60
Trd, 4319157.843, 60
Trd, 4319157.993, 63
Trd, 4319158.743, 139
Trd, 4319159.343, 140
Trd, 4319159.643, 137
Trd, 4319159.843, 133
Trd, 4319160.993, 89
Trd, 4319162.543, 140
Trd, 4319162.593, 102
Trd, 4319164.643, 140
Trd, 4319165.043, 139
Trd, 4319166.543, 140
Trd, 4319167.493, 139
Trd, 4319168.243, 135
Trd, 4319170.043, 131
Trd, 4319170.193, 121
Trd, 4319171.143, 139
Trd, 4319171.593, 140
Trd, 4319172.543, 140
Trd, 4319172.693, 128
Trd, 4319173.243, 114
Trd, 4319174.093, 125
Trd, 4319174.693, 112
Trd, 4319175.893, 133
Trd, 4319176.343, 134
Trd, 4319177.043, 125
Trd, 4319177.093, 119
Trd, 4319178.893, 140
Trd, 4319179.393, 137
Trd, 4319181.793, 140
Trd, 4319181.943, 140
Trd, 4319183.293, 137
Trd, 4319184.143, 114
Trd, 4319184.343, 103
Trd, 4319184.393, 118
Trd, 4319184.643, 118
Trd, 4319186.943, 136
Trd, 4319187.293, 139
Trd, 4319187.843, 100
Trd, 4319189.543, 140
Trd, 4319189.593, 137
Trd, 4319191.243, 130
Trd, 4319191.593, 129
Trd, 4319191.643, 134
Trd, 4319192.093, 130
Trd, 4319193.193, 140
Trd, 4319193.793, 65
Trd, 4319194.893, 60
Trd, 4319195.093, 60
Trd, 4319195.893, 60
Trd, 4319196.593, 63
Trd, 4319196.993, 63
Trd, 4319198.393, 61
Trd, 4319198.743, 62
Trd, 4319198.793, 64
Trd, 4319200.343, 111
Trd, 4319201.293, 139
Trd, 4319202.243, 138
Trd, 4319203.243, 140
Trd, 4319205.093, 137
Trd, 4319205.593, 137
Trd, 4319205.843, 138
Trd, 4319205.943, 124
Trd, 4319206.143, 123
Trd, 4319206.443, 106
Trd, 4319208.793, 140
Trd, 4319209.993, 140
Trd, 4319210.093, 134
Trd, 4319210.193, 132
Trd, 4319210.593, 67
Trd, 4319211.193, 133
Trd, 4319212.643, 133
Trd, 4319213.043, 140
Trd, 4319213.543, 64
Trd, 4319215.243, 119
Trd, 4319216.693, 139
Trd, 4319216.943, 140
Trd, 4319218.643, 136
Trd, 4319218.943, 129
Trd, 4319219.093, 128
Trd, 4319220.293, 140
Trd, 4319220.343, 114
Trd, 4319221.093, 100
Trd, 4319221.643, 140
Trd, 4319223.243, 135
Trd, 4319224.443, 129
Trd, 4319224.593, 118
Trd, 4319225.293, 76
Trd, 4319225.843, 71
Trd, 4319226.693, 70
Trd, 4319226.943, 76
Trd, 4319227.293, 84
Trd, 4319227.493, 85
Trd, 4319228.343, 84
Trd, 4319230.193, 106
Trd, 4319231.043, 130
Trd, 4319231.493, 139
Trd, 4319233.643, 140
Trd, 4319233.893, 139
Trd, 4319235.043, 117
Trd, 4319235.293, 105
Trd, 4319236.993, 140
Trd, 4319238.343, 140
Trd, 4319240.393, 126
Trd, 4319242.143, 95
Trd, 4319242.693, 89
Trd, 4319243.093, 64
Trd, 4319243.743, 66
Trd, 4319244.543, 140
Trd, 4319245.343, 96
Trd, 4319246.043, 131
Trd, 4319246.743, 103
Trd, 4319247.543, 126
Trd, 4319247.893, 105
Trd, 4319248.043, 123
Trd, 4319248.643, 62
Trd, 4319248.843, 60
Trd, 4319250.093, 60
Trd, 4319250.593, 61
Trd, 4319252.093, 83
Trd, 4319253.243, 61
Trd, 4319255.243, 140
Trd, 4319255.293, 140
Trd, 4319257.143, 131
Trd, 4319258.443, 140
Trd, 4319258.843, 140
Trd, 4319259.343, 130
Trd, 4319260.443, 105
Trd, 4319260.743, 104
Trd, 4319260.993, 76
Trd, 4319262.243, 128
Trd, 4319262.643, 127
Trd, 4319264.593, 88
Trd, 4319265.543, 76
Trd, 4319265.693, 110
Trd, 4319266.493, 105
Trd, 4319266.693, 86
Trd, 4319266.743, 105
Trd, 4319268.693, 136
Trd, 4319268.843, 134
Trd, 4319269.993, 140
Trd, 4319271.443, 70
Trd, 4319271.793, 69
Trd, 4319272.693, 139
Trd, 4319273.893, 111
Trd, 4319274.493, 109
Trd, 4319276.043, 120
Trd, 4319276.243, 134
Trd, 4319276.443, 117
Trd, 4319277.693, 140
Trd, 4319277.743, 134
Trd, 4319278.843, 64
Trd, 4319279.693, 70
Trd, 4319280.043, 71
Trd, 4319281.743, 140
Trd, 4319282.293, 138
Trd, 4319282.943, 125
Trd, 4319283.643, 125
Trd, 4319284.293, 106
Trd, 4319285.793, 140
Trd, 4319286.643, 140
Trd, 4319286.993, 138
Trd, 4319288.143, 140
Trd, 4319288.393, 129
Trd, 4319289.343, 106
Trd, 4319289.793, 94
Trd, 4319291.143, 134
Trd, 4319291.893, 135
Trd, 4319292.743, 132
Trd, 4319293.193, 132
Trd, 4319294.093, 60
Trd, 4319294.343, 97
Trd, 4319295.943, 77
Trd, 4319296.343, 86
Trd, 4319296.643, 117
Trd, 4319297.343, 133
Trd, 4319298.493, 86
Trd, 4319299.143, 68
Trd, 4319299.443, 131
Trd, 4319300.093, 123
Trd, 4319300.143, 111
Trd, 4319301.043, 139
Trd, 4319304.343, 140
Trd, 4319304.943, 139
Trd, 4319305.093, 136
Trd, 4319306.093, 133
Trd, 4319306.843, 136
Trd, 4319307.693, 123
Trd, 4319309.043, 139
Trd, 4319309.743, 112
Trd, 4319310.493, 127
Trd, 4319310.843, 126
Trd, 4319311.493, 101
Trd, 4319312.343, 69
Trd, 4319312.893, 67
Trd, 4319313.193, 67
Trd, 4319314.543, 72
Trd, 4319315.443, 64
Trd, 4319316.293, 61
Trd, 4319316.443, 62
Trd, 4319317.193, 128
Trd, 4319318.143, 87
Trd, 4319318.793, 88
Trd, 4319318.993, 85
Trd, 4319319.893, 130
Trd, 4319320.343, 98
Trd, 4319322.293, 124
Trd, 4319322.793, 125
Trd, 4319323.293, 127
Trd, 4319323.893, 101
Trd, 4319323.993, 128
Trd, 4319324.293, 76
Trd, 4319325.443, 131
Trd, 4319326.393, 121
Trd, 4319327.543, 136
Trd, 4319327.993, 74
Trd, 4319328.293, 113
Trd, 4319329.643, 127
Trd, 4319330.143, 124
Trd, 4319330.743, 71
Trd, 4319332.543, 140
Trd, 4319332.693, 105
Trd, 4319334.793, 139
Trd, 4319334.943, 125
Trd, 4319335.693, 123
Trd, 4319335.843, 94
Trd, 4319336.293, 93
Trd, 4319337.743, 93
Trd, 4319337.993, 127
Trd, 4319338.643, 112
Trd, 4319339.993, 134
Trd, 4319340.293, 133
Trd, 4319340.743, 123
Trd, 4319340.943, 140
Trd, 4319342.143, 138
Trd, 4319342.643, 125
Trd, 4319343.243, 117
Trd, 4319343.493, 89
Trd, 4319344.193, 88
Trd, 4319345.143, 136
Trd, 4319345.293, 64
Trd, 4319346.493, 132
Trd, 4319346.943, 128
Trd, 4319347.343, 116
Trd, 4319347.793, 131
Trd, 4319348.243, 115
Trd, 4319348.643, 107
Trd, 4319350.693, 138
Trd, 4319350.793, 72
Trd, 4319351.293, 61
Trd, 4319351.843, 140
Trd, 4319353.393, 124
Trd, 4319353.593, 123
Trd, 4319354.493, 123
Trd, 4319356.093, 139
Trd, 4319356.443, 139
Trd, 4319356.793, 139
Trd, 4319358.343, 138
Trd, 4319358.443, 132
Trd, 4319360.243, 140
Trd, 4319360.893, 133
Trd, 4319361.293, 124
Trd, 4319361.443, 114
Trd, 4319361.593, 82
Trd, 4319361.943, 60
Trd, 4319362.693, 126
Trd, 4319364.093, 114
Trd, 4319364.343, 127
Trd, 4319364.693, 90
Trd, 4319364.893, 140
Trd, 4319365.493, 74
Trd, 4319366.143, 112
Trd, 4319366.193, 100
Trd, 4319367.043, 140
Trd, 4319369.993, 140
Trd, 4319372.143, 140
Trd, 4319372.593, 140
Trd, 4319372.843, 140
Trd, 4319372.993, 115
Trd, 4319373.493, 70
Trd, 4319374.643, 60
Trd, 4319375.593, 60
Trd, 4319375.843, 63
Trd, 4319376.143, 61
Trd, 4319376.643, 93
Trd, 4319377.193, 136
Trd, 4319377.793, 69
Trd, 4319378.293, 86
Trd, 4319380.043, 140
Trd, 4319380.143, 138
Trd, 4319383.293, 140
Trd, 4319383.393, 137
Trd, 4319384.643, 114
Trd, 4319384.693, 113
Trd, 4319385.293, 120
Trd, 4319386.543, 101
Trd, 4319387.093, 125
Trd, 4319387.543, 123
Trd, 4319387.993, 126
Trd, 4319388.693, 135
Trd, 4319388.893, 139
Trd, 4319389.643, 127
Trd, 4319391.293, 130
Trd, 4319391.393, 110
Trd, 4319391.943, 128
Trd, 4319395.843, 107
Trd, 4319396.243, 93
Trd, 4319396.693, 139
Trd, 4319398.043, 138
Trd, 4319398.293, 121
Trd, 4319399.343, 128
Trd, 4319399.593, 118
Trd, 4319401.343, 104
Trd, 4319403.843, 140
Trd, 4319404.543, 140
Trd, 4319405.143, 140
Trd, 4319405.693, 134
Trd, 4319406.043, 112
Trd, 4319406.693, 103
Trd, 4319406.893, 77
Trd, 4319407.693, 92
Trd, 4319408.293, 95
Trd, 4319408.343, 96
Trd, 4319408.443, 61
Trd, 4319408.743, 60
Trd, 4319409.093, 87
Trd, 4319411.543, 139
Trd, 4319412.293, 138
Trd, 4319412.743, 75
Trd, 4319413.393, 87
Trd, 4319414.393, 139
Trd, 4319414.993, 125
Trd, 4319416.293, 139
Trd, 4319416.593, 125
Trd, 4319419.043, 140
Trd, 4319421.393, 133
Trd, 4319421.743, 135
Trd, 4319422.443, 113
Trd, 4319422.743, 135
Trd, 4319424.743, 105
Trd, 4319425.443, 102
Trd, 4319425.993, 63
Trd, 4319426.543, 126
Trd, 4319426.593, 127
Trd, 4319426.743, 116
Trd, 4319427.843, 105
Trd, 4319428.243, 127
Trd, 4319429.993, 118
Trd, 4319430.643, 111
Trd, 4319432.643, 89
Trd, 4319432.743, 133
Trd, 4319433.043, 71
Trd, 4319433.243, 61
Trd, 4319434.193, 92
Trd, 4319435.343, 115
Trd, 4319435.643, 116
Trd, 4319437.093, 139
Trd, 4319437.443, 133
Trd, 4319438.093, 126
Trd, 4319440.393, 140
Trd, 4319441.093, 135
Trd, 4319441.543, 135
Trd, 4319442.443, 139
Trd, 4319444.793, 140
Trd, 4319444.843, 137
Trd, 4319445.893, 88
Trd, 4319445.943, 79
Trd, 4319445.993, 124
Trd, 4319446.793, 68
Trd, 4319446.993, 133
Trd, 4319448.943, 140
Trd, 4319449.043, 134
Trd, 4319450.043, 113
Trd, 4319450.093, 104
Trd, 4319450.793, 104
Trd, 4319451.293, 100
Trd, 4319453.543, 140
Trd, 4319453.943, 139
Trd, 4319454.193, 140
Trd, 4319454.943, 137
Trd, 4319455.643, 140
Trd, 4319456.993, 140
Trd, 4319457.793, 113
Trd, 4319458.193, 106
Trd, 4319458.743, 127
Trd, 4319459.343, 80
Trd, 4319459.493, 129
Trd, 4319459.843, 80
Trd, 4319460.893, 89
Trd, 4319461.393, 137
Trd, 4319461.593, 84
Trd, 4319464.593, 140
Trd, 4319464.843, 140
Trd, 4319465.643, 138
Trd, 4319466.093, 125
Trd, 4319468.293, 140
Trd, 4319468.693, 138
Trd, 4319469.193, 135
Trd, 4319470.593, 137
Trd, 4319471.293, 139
Trd, 4319473.893, 136
Trd, 4319474.393, 131
Trd, 4319475.393, 96
Trd, 4319476.293, 135
Trd, 4319477.593, 140
Trd, 4319477.843, 137
Trd, 4319478.093, 135
Trd, 4319478.193, 134
Trd, 4319479.593, 138
Trd, 4319479.793, 137
Trd, 4319480.093, 104
Trd, 4319481.893, 128
Trd, 4319483.393, 139
Trd, 4319483.893, 139
Trd, 4319484.243, 140
Trd, 4319485.993, 120
Trd, 4319486.343, 133
Trd, 4319486.793, 135
Trd, 4319487.293, 107
Trd, 4319487.893, 94
Trd, 4319488.093, 87
Trd, 4319488.243, 73
Trd, 4319489.293, 119
Trd, 4319490.693, 107
Trd, 4319491.093, 102
Trd, 4319491.343, 137
Trd, 4319491.793, 136
Trd, 4319493.143, 139
Trd, 4319493.443, 133
Trd, 4319493.943, 113
Trd, 4319495.243, 103
Trd, 4319496.293, 136
Trd, 4319497.293, 140
Trd, 4319499.793, 139
Trd, 4319501.343, 121
Trd, 4319501.393, 135
Trd, 4319502.293, 120
Trd, 4319502.443, 119
Trd, 4319503.093, 95
Trd, 4319503.593, 130
Trd, 4319504.293, 86
Trd, 4319505.693, 127
Trd, 4319505.843, 126
Trd, 4319507.343, 140
Trd, 4319507.743, 140
Trd, 4319509.293, 140
Trd, 4319510.343, 138
Trd, 4319510.393, 112
Trd, 4319511.993, 126
Trd, 4319512.593, 113
Trd, 4319513.393, 139
Trd, 4319513.493, 98
Trd, 4319514.093, 73
Trd, 4319516.043, 117
Trd, 4319516.093, 137
Trd, 4319516.743, 109
Trd, 4319518.643, 122
Trd, 4319518.843, 128
Trd, 4319518.993, 130
Trd, 4319519.093, 115
Trd, 4319519.593, 95
Trd, 4319520.593, 79
Trd, 4319522.343, 138
Trd, 4319522.943, 133
Trd, 4319523.493, 121
Trd, 4319524.343, 137
Trd, 4319526.593, 140
Trd, 4319526.793, 137
Trd, 4319526.893, 136
Trd, 4319527.093, 138
Trd, 4319527.893, 99
Trd, 4319528.593, 128
Trd, 4319530.393, 132
Trd, 4319530.593, 140
Trd, 4319530.843, 129
Trd, 4319531.993, 140
Trd, 4319532.793, 125
Trd, 4319533.193, 140
Trd, 4319533.593, 83
Trd, 4319535.093, 126
Trd, 4319535.293, 77
Trd, 4319535.343, 127
Trd, 4319536.193, 94
Trd, 4319538.043, 68
Trd, 4319539.743, 136
Trd, 4319539.793, 137
Trd, 4319540.393, 123
Trd, 4319540.443, 138
Trd, 4319540.643, 122
Trd, 4319541.093, 119
Trd, 4319542.543, 129
Trd, 4319543.593, 140
Trd, 4319544.293, 137
Trd, 4319545.843, 140
Trd, 4319546.193, 139
Trd, 4319547.043, 118
Trd, 4319548.043, 140
Trd, 4319548.643, 96
Trd, 4319549.593, 138
Trd, 4319549.643, 90
Trd, 4319551.943, 140
Trd, 4319552.193, 118
Trd, 4319553.193, 130
Trd, 4319553.243, 130
Trd, 4319553.443, 108
Trd, 4319553.793, 67
Trd, 4319554.693, 113
Trd, 4319555.043, 131
Trd, 4319555.693, 140
Trd, 4319557.393, 60
Trd, 4319557.443, 60
Trd, 4319557.843, 61
Trd, 4319558.193, 63
Trd, 4319558.743, 140
Trd, 4319558.893, 140
Trd, 4319560.493, 112
Trd, 4319561.143, 138
Trd, 4319561.893, 117
Trd, 4319562.143, 119
Trd, 4319563.243, 133
Trd, 4319563.543, 108
Trd, 4319564.443, 96
Trd, 4319565.643, 98
Trd, 4319566.643, 140
Trd, 4319566.793, 140
Trd, 4319567.993, 136
Trd, 4319568.393, 130
Trd, 4319568.593, 129
Trd, 4319569.743, 130
Trd, 4319570.743, 117
Trd, 4319571.043, 117
Trd, 4319571.893, 124
Trd, 4319571.993, 97
Trd, 4319572.193, 96
Trd, 4319572.693, 84
Trd, 4319573.943, 122
Trd, 4319574.393, 139
Trd, 4319575.443, 137
Trd, 4319575.993, 111
Trd, 4319576.943, 110
Trd, 4319578.493, 119
Trd, 4319579.643, 135
Trd, 4319580.143, 97
Trd, 4319580.943, 140
Trd, 4319581.993, 92
Trd, 4319582.343, 81
Trd, 4319582.993, 89
Trd, 4319583.243, 89
Trd, 4319584.143, 93
Trd, 4319584.693, 113
Trd, 4319584.993, 103
Trd, 4319585.493, 139
Trd, 4319586.893, 136
Trd, 4319587.693, 84
Trd, 4319589.493, 139
Trd, 4319589.693, 125
Trd, 4319589.743, 124
Trd, 4319590.593, 101
Trd, 4319591.493, 104
Trd, 4319592.043, 138
Trd, 4319593.643, 138
Trd, 4319594.243, 109
Trd, 4319595.843, 128
Trd, 4319596.343, 115
Trd, 4319597.793, 126
Trd, 4319598.543, 108
Trd, 4319598.593, 107
Trd, 4319599.643, 113
Trd, 4319601.243, 140
Trd, 4319601.743, 138
Trd, 4319602.093, 127
Trd, 4319603.993, 114
Trd, 4319604.443, 140
Trd, 4319605.193, 140
Trd, 4319606.343, 117
Trd, 4319606.443, 97
Trd, 4319609.343, 140
Trd, 4319609.593, 139
Trd, 4319611.043, 133
Trd, 4319611.693, 131
Trd, 4319612.193, 133
Trd, 4319612.743, 119
Trd, 4319613.393, 105
Trd, 4319613.643, 127
Trd, 4319613.793, 137
Trd, 4319615.843, 138
Trd, 4319616.493, 137
Trd, 4319617.343, 87
Trd, 4319617.493, 67
Trd, 4319619.343, 105
Trd, 4319619.643, 81
Trd, 4319619.843, 68
Trd, 4319621.443, 92
Trd, 4319622.443, 139
Trd, 4319623.543, 133
Trd, 4319623.843, 84
Trd, 4319624.793, 80
Trd, 4319625.193, 77
Trd, 4319625.393, 126
Trd, 4319625.743, 124
Trd, 4319626.293, 125
Trd, 4319627.343, 113
Trd, 4319627.543, 96
Trd, 4319629.693, 140
Trd, 4319629.843, 137
Trd, 4319631.493, 140
Trd, 4319633.243, 140
Trd, 4319633.943, 140
Trd, 4319635.043, 128
Trd, 4319637.243, 140
Trd, 4319637.293, 140
Trd, 4319639.143, 137
Trd, 4319639.693, 133
Trd, 4319640.643, 139
Trd, 4319642.443, 139
Trd, 4319643.543, 136
Trd, 4319643.593, 130
Trd, 4319643.943, 121
Trd, 4319644.043, 106
Trd, 4319644.693, 138
Trd, 4319645.493, 132
Trd, 4319645.843, 133
Trd, 4319646.843, 132
Trd, 4319647.343, 103
Trd, 4319647.593, 132
Trd, 4319647.893, 100
Trd, 4319649.143, 84
Trd, 4319649.693, 107
Trd, 4319650.493, 76
Trd, 4319650.993, 75
Trd, 4319651.393, 73
Trd, 4319651.793, 62
Trd, 4319652.293, 107
Trd, 4319653.743, 140
Trd, 4319654.143, 136
Trd, 4319656.143, 139
Trd, 4319658.293, 140
Trd, 4319658.443, 139
Trd, 4319658.993, 125
Trd, 4319659.893, 134
Trd, 4319660.043, 67
Trd, 4319662.943, 140
Trd, 4319663.343, 140
Trd, 4319663.493, 139
Trd, 4319664.543, 139
Trd, 4319665.193, 125
Trd, 4319666.043, 140
Trd, 4319666.443, 71
Trd, 4319667.493, 107
Trd, 4319667.743, 107
Trd, 4319670.493, 139
Trd, 4319670.743, 136
Trd, 4319671.693, 136
Trd, 4319673.743, 138
Trd, 4319674.393, 132
Trd, 4319675.243, 119
Trd, 4319675.743, 97
Trd, 4319675.843, 137
Trd, 4319675.893, 72
Trd, 4319676.693, 128
Trd, 4319678.343, 140
Trd, 4319679.893, 139
Trd, 4319680.543, 140
Trd, 4319680.893, 140
Trd, 4319680.993, 125
Trd, 4319683.793, 140
Trd, 4319684.593, 132
Trd, 4319685.193, 123
Trd, 4319686.243, 129
Trd, 4319686.293, 118
Trd, 4319686.493, 117
Trd, 4319687.743, 139
Trd, 4319688.493, 74
Trd, 4319688.743, 61
Trd, 4319689.693, 60
Trd, 4319689.943, 60
Trd, 4319690.093, 62
Trd, 4319691.693, 128
Trd, 4319693.993, 86
Trd, 4319694.193, 123
Trd, 4319694.343, 84
Trd, 4319694.593, 84
Trd, 4319694.893, 111
Trd, 4319695.043, 126
Trd, 4319695.093, 68
Trd, 4319695.643, 65
Trd, 4319697.593, 108
Trd, 4319697.893, 74
Trd, 4319698.193, 107
Trd, 4319698.443, 111
Trd, 4319698.643, 93
Trd, 4319699.143, 90
Trd, 4319699.743, 84
Trd, 4319700.843, 138
Trd, 4319702.043, 140
Trd, 4319704.143, 139
Trd, 4319704.793, 139
Trd, 4319705.143, 127
Trd, 4319705.593, 133
Trd, 4319706.193, 116
Trd, 4319706.493, 114
Trd, 4319707.443, 140
Trd, 4319709.243, 101
Trd, 4319709.493, 93
Trd, 4319710.693, 126
Trd, 4319712.193, 114
Trd, 4319712.443, 133
Trd, 4319712.693, 135
Trd, 4319712.893, 64
Trd, 4319713.493, 103
Trd, 4319713.843, 134
Trd, 4319714.193, 73
Trd, 4319714.893, 133
Trd, 4319715.543, 109
Trd, 4319717.093, 131
Trd, 4319717.693, 120
Trd, 4319718.993, 140
Trd, 4319720.843, 140
Trd, 4319721.293, 139
Trd, 4319721.343, 126
Trd, 4319721.793, 138
Trd, 4319723.043, 73
Trd, 4319724.243, 132
Trd, 4319725.143, 131
Trd, 4319725.393, 97
Trd, 4319725.793, 90
Trd, 4319726.143, 79
Trd, 4319726.493, 133
Trd, 4319728.893, 104
Trd, 4319729.043, 119
Trd, 4319729.843, 97
Trd, 4319730.693, 124
Trd, 4319731.393, 140
Trd, 4319731.443, 129
Trd, 4319732.943, 140
Trd, 4319733.743, 134
Trd, 4319735.393, 125
Trd, 4319735.593, 107
Trd, 4319735.793, 103
Trd, 4319738.443, 138
Trd, 4319738.943, 119
Trd, 4319740.993, 139
Trd, 4319742.943, 130
Trd, 4319743.993, 125
Trd, 4319744.343, 132
Trd, 4319744.493, 131
Trd, 4319744.693, 119
Trd, 4319745.143, 118
Trd, 4319745.493, 135
Trd, 4319745.593, 136
Trd, 4319746.343, 140
Trd, 4319746.693, 132
Trd, 4319747.293, 133
Trd, 4319749.493, 126
Trd, 4319749.743, 138
Trd, 4319750.643, 140
Trd, 4319750.993, 136
Trd, 4319751.943, 119
Trd, 4319752.043, 105
Trd, 4319752.543, 110
Trd, 4319754.143, 137
Trd, 4319755.343, 140
Trd, 4319755.543, 139
Trd, 4319755.893, 126
Trd, 4319756.093, 95
Trd, 4319758.043, 114
Trd, 4319758.143, 90
Trd, 4319758.393, 89
Trd, 4319759.143, 129
Trd, 4319759.793, 111
Trd, 4319760.693, 103
Trd, 4319761.693, 140
Trd, 4319762.193, 125
Trd, 4319762.643, 101
Trd, 4319764.143, 140
Trd, 4319764.693, 134
Trd, 4319766.143, 127
Trd, 4319766.343, 121
Trd, 4319766.543, 73
Trd, 4319766.643, 130
Trd, 4319768.143, 129
Trd, 4319768.543, 65
Trd, 4319768.693, 127
Trd, 4319769.093, 65
Trd, 4319770.693, 76
Trd, 4319771.793, 100
Trd, 4319773.593, 66
Trd, 4319774.193, 85
Trd, 4319774.843, 140
Trd, 4319775.493, 140
Trd, 4319776.893, 140
Trd, 4319777.343, 139
Trd, 4319777.593, 111
Trd, 4319778.643, 137
Trd, 4319779.193, 73
Trd, 4319780.543, 134
Trd, 4319781.643, 121
Trd, 4319783.093, 124
Trd, 4319783.393, 128
Trd, 4319783.443, 122
Trd, 4319783.793, 120
Trd, 4319783.943, 127
Trd, 4319784.443, 137
Trd, 4319785.093, 101
Trd, 4319786.193, 140
Trd, 4319787.493, 125
Trd, 4319788.043, 104
Trd, 4319789.343, 117
Trd, 4319789.443, 118
Trd, 4319789.493, 120
Trd, 4319790.643, 132
Trd, 4319791.693, 140
Trd, 4319792.893, 140
Trd, 4319793.243, 119
Trd, 4319793.543, 124
Trd, 4319794.843, 110
Trd, 4319795.193, 109
Trd, 4319795.543, 111
Trd, 4319795.793, 108
Trd, 4319797.793, 140
Trd, 4319799.093, 140
Trd, 4319799.493, 134
Trd, 4319800.193, 136
Trd, 4319800.693, 122
Trd, 4319801.693, 126
Trd, 4319802.493, 112
Trd, 4319803.293, 113
Trd, 4319804.043, 123
Trd, 4319804.743, 140
Trd, 4319805.193, 140
Trd, 4319806.793, 94
Trd, 4319807.393, 84
Trd, 4319807.593, 81
Trd, 4319808.243, 136
Trd, 4319808.393, 135
Trd, 4319809.693, 136
Trd, 4319810.043, 125
Trd, 4319810.993, 79
Trd, 4319811.843, 80
Trd, 4319812.293, 66
Trd, 4319812.893, 77
Trd, 4319813.543, 78
Trd, 4319813.793, 60
Trd, 4319814.393, 68
Trd, 4319815.393, 60
Trd, 4319816.493, 60
Trd, 4319816.743, 62
Trd, 4319816.893, 64
Trd, 4319817.643, 60
Trd, 4319818.293, 98
Trd, 4319819.043, 120
Trd, 4319821.743, 140
Trd, 4319822.793, 140
Trd, 4319823.593, 140
Trd, 4319824.743, 140
Trd, 4319824.943, 133
Trd, 4319825.893, 140
Trd, 4319827.393, 140
Trd, 4319827.843, 128
Trd, 4319828.843, 126
Trd, 4319829.893, 139
Trd, 4319831.443, 140
Trd, 4319831.893, 130
Trd, 4319832.393, 130
Trd, 4319832.943, 110
Trd, 4319832.993, 138
Trd, 4319833.293, 109
Trd, 4319834.493, 61
Trd, 4319834.993, 132
Trd, 4319835.743, 116
Trd, 4319837.793, 130
Trd, 4319838.093, 133
Trd, 4319838.693, 101
Trd, 4319842.143, 139
Trd, 4319842.193, 126
Trd, 4319842.443, 113
Trd, 4319842.843, 139
Trd, 4319843.293, 108
Trd, 4319843.543, 64
Trd, 4319845.193, 60
Trd, 4319846.543, 60
Trd, 4319846.693, 60
Trd, 4319846.943, 61
Trd, 4319848.093, 60
Trd, 4319848.143, 64
Trd, 4319849.393, 60
Trd, 4319849.643, 61
Trd, 4319850.043, 60
Trd, 4319850.543, 62
Trd, 4319852.993, 100
Trd, 4319853.293, 98
Trd, 4319853.543, 140
Trd, 4319855.143, 136
Trd, 4319857.343, 127
Trd, 4319858.043, 138
Trd, 4319858.293, 124
Trd, 4319858.343, 123
Trd, 4319859.043, 139
Trd, 4319861.893, 133
Trd, 4319862.293, 133
Trd, 4319863.143, 126
Trd, 4319863.293, 113
Trd, 4319864.393, 69
Trd, 4319864.793, 120
Trd, 4319865.093, 61
Trd, 4319865.293, 61
Trd, 4319866.443, 62
Trd, 4319867.043, 62
Trd, 4319867.243, 62
Trd, 4319867.493, 63
Trd, 4319868.093, 71
Trd, 4319869.043, 111
Trd, 4319870.093, 139
Trd, 4319870.343, 61
Trd, 4319874.043, 140
Trd, 4319874.543, 140
Trd, 4319874.593, 139
Trd, 4319874.643, 139
Trd, 4319875.793, 139
Trd, 4319877.193, 139
Trd, 4319877.393, 138
Trd, 4319877.543, 83
Trd, 4319878.393, 81
Trd, 4319879.693, 117
Trd, 4319880.193, 85
Trd, 4319880.343, 137
Trd, 4319880.843, 112
Trd, 4319881.593, 139
Trd, 4319882.243, 122
Trd, 4319882.293, 89
Trd, 4319882.643, 79
Trd, 4319884.493, 120
Trd, 4319884.643, 119
Trd, 4319884.743, 115
Trd, 4319885.393, 137
Trd, 4319887.743, 85
Trd, 4319888.093, 101
Trd, 4319888.693, 117
Trd, 4319889.143, 99
Trd, 4319889.293, 132
Trd, 4319889.743, 131
Trd, 4319890.793, 90
Trd, 4319892.643, 94
Trd, 4319893.193, 125
Trd, 4319893.843, 118
Trd, 4319894.093, 116
Trd, 4319894.393, 140
Trd, 4319894.743, 109
Trd, 4319897.293, 139
Trd, 4319898.293, 139
Trd, 4319898.893, 126
Trd, 4319899.043, 114
Trd, 4319900.493, 108
Trd, 4319900.943, 91
Trd, 4319901.443, 89
Trd, 4319903.793, 140
Trd, 4319903.993, 139
Trd, 4319904.193, 130
Trd, 4319904.843, 121
Trd, 4319904.893, 112
Trd, 4319906.443, 140
Trd, 4319907.893, 140
Trd, 4319908.693, 140
Trd, 4319910.293, 118
Trd, 4319910.343, 109
Trd, 4319911.043, 108
Trd, 4319911.343, 107
Trd, 4319913.193, 121
Trd, 4319915.343, 109
Trd, 4319915.893, 110
Trd, 4319916.743, 106
Trd, 4319916.843, 94
Trd, 4319917.893, 105
Trd, 4319918.393, 104
Trd, 4319918.493, 97
Trd, 4319920.293, 139
Trd, 4319922.143, 140
Trd, 4319923.893, 139
Trd, 4319924.493, 140
Trd, 4319924.543, 125
Trd, 4319925.993, 139
Trd, 4319926.093, 98
Trd, 4319928.493, 140
Trd, 4319928.993, 128
Trd, 4319929.193, 105
Trd, 4319929.943, 139
Trd, 4319930.843, 138
Trd, 4319930.943, 140
Trd, 4319931.293, 123
Trd, 4319933.293, 128
Trd, 4319933.543, 127
Trd, 4319933.943, 132
Trd, 4319934.093, 133
Trd, 4319934.843, 136
Trd, 4319935.193, 95
Trd, 4319936.043, 88
Trd, 4319936.293, 82
Trd, 4319938.343, 127
Trd, 4319938.593, 137
Trd, 4319940.143, 134
Trd, 4319940.293, 138
Trd, 4319940.593, 118
Trd, 4319941.443, 129
Trd, 4319942.493, 136
Trd, 4319943.393, 112
Trd, 4319943.693, 127
Trd, 4319944.043, 110
Trd, 4319944.893, 132
Trd, 4319945.043, 97
Trd, 4319945.543, 112
Trd, 4319946.193, 132
Trd, 4319947.943, 113
Trd, 4319948.043, 133
Trd, 4319948.743, 140
Trd, 4319951.193, 130
Trd, 4319953.293, 122
Trd, 4319953.343, 121
Trd, 4319953.593, 123
Trd, 4319953.743, 103
Trd, 4319954.343, 91
Trd, 4319955.143, 121
Trd, 4319956.243, 139
Trd, 4319956.743, 126
Trd, 4319958.043, 140
Trd, 4319958.343, 108
Trd, 4319960.593, 129
Trd, 4319960.693, 116
Trd, 4319961.593, 110
Trd, 4319963.393, 130
Trd, 4319964.443, 140
Trd, 4319964.543, 136
Trd, 4319964.693, 89
Trd, 4319965.343, 109
Trd, 4319965.793, 69
Trd, 4319966.543, 139
Trd, 4319967.243, 94
Trd, 4319970.243, 136
Trd, 4319971.043, 134
Trd, 4319971.243, 130
Trd, 4319972.293, 113
Trd, 4319972.693, 136
Trd, 4319972.843, 66
Trd, 4319972.893, 65
Trd, 4319973.793, 88
Trd, 4319975.543, 140
Trd, 4319975.593, 138
Trd, 4319976.793, 140
Trd, 4319977.543, 126
Trd, 4319978.243, 140
Trd, 4319981.893, 132
Trd, 4319982.693, 135
Trd, 4319982.943, 133
Trd, 4319983.743, 138
Trd, 4319985.193, 136
Trd, 4319985.243, 122
Trd, 4319986.743, 84
Trd, 4319987.143, 133
Trd, 4319987.843, 86
Trd, 4319988.893, 122
Trd, 4319989.443, 81
Trd, 4319989.593, 126
Trd, 4319990.693, 77
Trd, 4319991.543, 116
Trd, 4319992.843, 139
Trd, 4319993.543, 123
Trd, 4319994.593, 123
Trd, 4319995.543, 117
Trd, 4319996.993, 119
Trd, 4319997.443, 136
Trd, 4319999.193, 139
Trd, 4319999.743, 139
