Trd, 4318075.143, 115
Trd, 4318075.393, 96
Trd, 4318076.043, 61
Trd, 4318077.143, 138
Trd, 4318078.893, 140
Trd, 4318080.443, 140
Trd, 4318080.543, 136
Trd, 4318082.093, 105
Trd, 4318082.543, 140
Trd, 4318084.193, 139
Trd, 4318086.743, 140
Trd, 4318086.993, 139
Trd, 4318087.393, 140
Trd, 4318087.993, 131
Trd, 4318088.693, 121
Trd, 4318091.293, 140
Trd, 4318091.743, 140
Trd, 4318092.143, 139
Trd, 4318093.093, 129
Trd, 4318093.393, 128
Trd, 4318093.493, 116
Trd, 4318094.343, 94
Trd, 4318095.593, 139
Trd, 4318095.693, 117
Trd, 4318096.293, 119
Trd, 4318098.143, 140
Trd, 4318098.193, 125
Trd, 4318100.543, 140
Trd, 4318101.293, 140
Trd, 4318101.993, 140
Trd, 4318102.293, 140
Trd, 4318102.393, 139
Trd, 4318104.693, 140
Trd, 4318104.893, 103
Trd, 4318105.443, 138
Trd, 4318106.193, 107
Trd, 4318107.943, 133
Trd, 4318107.993, 100
Trd, 4318108.743, 71
Trd, 4318108.843, 139
Trd, 4318110.193, 123
Trd, 4318110.543, 95
Trd, 4318110.843, 82
Trd, 4318112.443, 135
Trd, 4318114.293, 140
Trd, 4318114.943, 140
Trd, 4318115.543, 140
Trd, 4318116.993, 140
Trd, 4318117.393, 140
Trd, 4318117.843, 140
Trd, 4318119.043, 140
Trd, 4318119.743, 139
Trd, 4318120.193, 126
Trd, 4318120.593, 140
Trd, 4318120.893, 118
Trd, 4318122.193, 132
Trd, 4318123.043, 60
Trd, 4318123.293, 72
Trd, 4318124.493, 139
Trd, 4318124.993, 138
Trd, 4318126.193, 140
Trd, 4318126.943, 108
Trd, 4318127.193, 84
Trd, 4318127.643, 136
Trd, 4318128.443, 140
Trd, 4318129.543, 104
Trd, 4318129.893, 97
Trd, 4318131.143, 140
Trd, 4318133.443, 140
Trd, 4318134.243, 140
Trd, 4318134.743, 140
Trd, 4318135.943, 140
Trd, 4318136.543, 140
Trd, 4318137.343, 125
Trd, 4318138.143, 122
Trd, 4318138.193, 110
Trd, 4318139.143, 126
Trd, 4318139.443, 112
Trd, 4318139.743, 140
Trd, 4318139.993, 64
Trd, 4318140.743, 139
Trd, 4318142.843, 139
Trd, 4318143.193, 137
Trd, 4318144.143, 130
Trd, 4318145.643, 138
Trd, 4318146.143, 140
Trd, 4318146.193, 138
Trd, 4318146.743, 115
Trd, 4318147.643, 136
Trd, 4318147.743, 109
Trd, 4318149.393, 139
Trd, 4318150.693, 140
Trd, 4318151.143, 139
Trd, 4318153.243, 140
Trd, 4318154.093, 140
Trd, 4318155.043, 139
Trd, 4318155.693, 140
Trd, 4318156.243, 140
Trd, 4318156.893, 140
Trd, 4318158.043, 140
Trd, 4318158.693, 138
Trd, 4318158.793, 129
Trd, 4318159.593, 137
Trd, 4318159.743, 117
Trd, 4318160.793, 140
Trd, 4318161.343, 140
Trd, 4318163.493, 140
Trd, 4318163.543, 140
Trd, 4318164.543, 138
Trd, 4318165.143, 109
Trd, 4318165.343, 74
Trd, 4318166.143, 76
Trd, 4318166.793, 106
Trd, 4318167.693, 104
Trd, 4318167.843, 99
Trd, 4318171.493, 140
Trd, 4318172.543, 138
Trd, 4318172.743, 140
Trd, 4318173.293, 83
Trd, 4318174.393, 121
Trd, 4318174.643, 119
Trd, 4318175.143, 140
Trd, 4318177.043, 140
Trd, 4318177.493, 140
Trd, 4318178.093, 140
Trd, 4318178.593, 139
Trd, 4318178.843, 135
Trd, 4318179.543, 104
Trd, 4318180.043, 75
Trd, 4318181.343, 138
Trd, 4318184.143, 140
Trd, 4318184.293, 139
Trd, 4318184.543, 137
Trd, 4318185.293, 110
Trd, 4318186.643, 140
Trd, 4318188.393, 140
Trd, 4318188.693, 140
Trd, 4318190.143, 140
Trd, 4318190.343, 136
Trd, 4318191.293, 92
Trd, 4318191.393, 105
Trd, 4318192.343, 140
Trd, 4318192.993, 123
Trd, 4318193.343, 122
Trd, 4318194.743, 105
Trd, 4318195.893, 137
Trd, 4318195.943, 137
Trd, 4318196.493, 114
Trd, 4318197.143, 62
Trd, 4318197.343, 120
Trd, 4318197.743, 125
Trd, 4318197.893, 137
Trd, 4318200.193, 140
Trd, 4318200.493, 60
Trd, 4318201.343, 65
Trd, 4318201.393, 75
Trd, 4318201.993, 140
Trd, 4318202.243, 117
Trd, 4318202.743, 125
Trd, 4318205.393, 140
Trd, 4318205.843, 140
Trd, 4318206.143, 138
Trd, 4318208.543, 139
Trd, 4318208.593, 138
Trd, 4318209.443, 140
Trd, 4318209.993, 139
Trd, 4318210.243, 129
Trd, 4318210.443, 127
Trd, 4318211.443, 134
Trd, 4318212.593, 108
Trd, 4318213.143, 87
Trd, 4318214.043, 140
Trd, 4318214.843, 140
Trd, 4318215.243, 139
Trd, 4318217.543, 140
Trd, 4318217.693, 140
Trd, 4318218.593, 139
Trd, 4318219.593, 130
Trd, 4318219.743, 137
Trd, 4318219.943, 62
Trd, 4318220.993, 130
Trd, 4318221.243, 123
Trd, 4318222.293, 140
Trd, 4318222.993, 132
Trd, 4318223.243, 67
Trd, 4318223.593, 71
Trd, 4318223.993, 139
Trd, 4318224.693, 98
Trd, 4318224.993, 129
Trd, 4318228.743, 140
Trd, 4318229.043, 140
Trd, 4318230.043, 140
Trd, 4318230.743, 140
Trd, 4318230.993, 140
Trd, 4318231.343, 140
Trd, 4318233.043, 134
Trd, 4318234.093, 139
Trd, 4318234.143, 137
Trd, 4318234.843, 139
Trd, 4318235.743, 138
Trd, 4318235.993, 135
Trd, 4318236.393, 139
Trd, 4318237.243, 116
Trd, 4318239.143, 140
Trd, 4318239.293, 138
Trd, 4318239.993, 139
Trd, 4318241.543, 140
Trd, 4318241.643, 137
Trd, 4318241.793, 131
Trd, 4318242.943, 112
Trd, 4318243.293, 110
Trd, 4318244.743, 140
Trd, 4318245.293, 140
Trd, 4318246.043, 131
Trd, 4318246.393, 133
Trd, 4318248.043, 140
Trd, 4318249.143, 140
Trd, 4318250.243, 140
Trd, 4318250.343, 140
Trd, 4318250.943, 138
Trd, 4318252.143, 140
Trd, 4318252.443, 136
Trd, 4318253.243, 134
Trd, 4318253.993, 135
Trd, 4318254.793, 114
Trd, 4318255.793, 79
Trd, 4318256.943, 138
Trd, 4318257.593, 140
Trd, 4318257.643, 125
Trd, 4318258.893, 130
Trd, 4318259.393, 129
Trd, 4318259.743, 140
Trd, 4318261.343, 140
Trd, 4318261.643, 140
Trd, 4318263.143, 130
Trd, 4318263.943, 132
Trd, 4318264.493, 112
Trd, 4318264.643, 140
Trd, 4318265.943, 73
Trd, 4318266.793, 140
Trd, 4318267.993, 140
Trd, 4318268.793, 131
Trd, 4318269.793, 136
Trd, 4318270.043, 129
Trd, 4318271.093, 139
Trd, 4318272.093, 131
Trd, 4318273.243, 140
Trd, 4318273.893, 140
Trd, 4318274.743, 140
Trd, 4318275.043, 135
Trd, 4318277.743, 140
Trd, 4318278.043, 140
Trd, 4318279.843, 140
Trd, 4318280.143, 135
Trd, 4318280.543, 135
Trd, 4318280.743, 134
Trd, 4318280.893, 131
Trd, 4318281.243, 110
Trd, 4318281.393, 116
Trd, 4318282.343, 133
Trd, 4318284.143, 140
Trd, 4318284.493, 139
Trd, 4318285.193, 137
Trd, 4318286.443, 125
Trd, 4318286.593, 114
Trd, 4318286.643, 104
Trd, 4318288.193, 140
Trd, 4318288.493, 127
Trd, 4318289.393, 135
Trd, 4318291.143, 139
Trd, 4318291.843, 134
Trd, 4318292.043, 132
Trd, 4318292.493, 127
Trd, 4318292.893, 119
Trd, 4318294.993, 84
Trd, 4318295.393, 136
Trd, 4318296.343, 110
Trd, 4318296.893, 110
Trd, 4318298.993, 140
Trd, 4318300.443, 140
Trd, 4318301.393, 140
Trd, 4318301.943, 140
Trd, 4318302.793, 139
Trd, 4318302.843, 139
Trd, 4318302.943, 127
Trd, 4318303.793, 122
Trd, 4318304.943, 140
Trd, 4318305.193, 140
Trd, 4318305.543, 137
Trd, 4318305.743, 101
Trd, 4318306.493, 138
Trd, 4318306.893, 117
Trd, 4318307.943, 139
Trd, 4318309.093, 139
Trd, 4318309.843, 121
Trd, 4318310.193, 115
Trd, 4318310.743, 114
Trd, 4318312.043, 140
Trd, 4318312.693, 140
Trd, 4318312.743, 140
Trd, 4318313.993, 140
Trd, 4318314.143, 130
Trd, 4318315.443, 115
Trd, 4318316.793, 140
Trd, 4318316.893, 140
Trd, 4318317.893, 138
Trd, 4318318.143, 134
Trd, 4318318.793, 83
Trd, 4318319.843, 117
Trd, 4318320.093, 111
Trd, 4318321.043, 139
Trd, 4318322.043, 139
Trd, 4318322.343, 137
Trd, 4318323.093, 101
Trd, 4318324.193, 140
Trd, 4318324.393, 140
Trd, 4318324.443, 140
Trd, 4318325.993, 131
Trd, 4318326.443, 73
Trd, 4318327.343, 136
Trd, 4318327.993, 82
Trd, 4318329.293, 140
Trd, 4318330.143, 137
Trd, 4318331.843, 140
Trd, 4318332.193, 139
Trd, 4318332.793, 134
Trd, 4318333.793, 140
Trd, 4318334.893, 128
Trd, 4318335.043, 121
Trd, 4318335.643, 140
Trd, 4318336.243, 140
Trd, 4318336.943, 138
Trd, 4318338.093, 139
Trd, 4318338.243, 70
Trd, 4318340.443, 140
Trd, 4318340.693, 130
Trd, 4318341.343, 101
Trd, 4318342.293, 140
Trd, 4318342.343, 140
Trd, 4318343.093, 138
Trd, 4318343.943, 140
Trd, 4318344.093, 138
Trd, 4318346.393, 139
Trd, 4318346.743, 139
Trd, 4318346.793, 120
Trd, 4318349.293, 140
Trd, 4318349.643, 140
Trd, 4318350.193, 139
Trd, 4318351.393, 138
Trd, 4318351.793, 131
Trd, 4318353.943, 140
Trd, 4318354.143, 140
Trd, 4318354.643, 129
Trd, 4318355.393, 91
Trd, 4318355.543, 78
Trd, 4318356.343, 140
Trd, 4318357.393, 140
Trd, 4318358.293, 138
Trd, 4318358.693, 137
Trd, 4318360.543, 119
Trd, 4318361.343, 118
Trd, 4318362.593, 140
Trd, 4318363.243, 140
Trd, 4318363.293, 139
Trd, 4318363.943, 129
Trd, 4318364.193, 124
Trd, 4318365.743, 123
Trd, 4318365.993, 95
Trd, 4318366.343, 140
Trd, 4318368.093, 140
Trd, 4318369.043, 140
Trd, 4318369.293, 137
Trd, 4318369.993, 140
Trd, 4318370.643, 133
Trd, 4318371.143, 140
Trd, 4318371.343, 138
Trd, 4318372.343, 140
Trd, 4318372.543, 132
Trd, 4318375.843, 140
Trd, 4318376.193, 136
Trd, 4318377.743, 140
Trd, 4318378.343, 135
Trd, 4318378.643, 134
Trd, 4318379.443, 124
Trd, 4318379.843, 122
Trd, 4318379.993, 104
Trd, 4318380.593, 139
Trd, 4318382.693, 131
Trd, 4318383.193, 138
Trd, 4318383.493, 127
Trd, 4318384.393, 139
Trd, 4318386.143, 140
Trd, 4318386.943, 140
Trd, 4318388.093, 140
Trd, 4318388.593, 125
Trd, 4318389.543, 140
Trd, 4318390.193, 140
Trd, 4318390.443, 107
Trd, 4318391.393, 69
Trd, 4318392.343, 139
Trd, 4318393.493, 137
Trd, 4318393.693, 136
Trd, 4318394.943, 140
Trd, 4318395.243, 111
Trd, 4318396.393, 134
Trd, 4318397.743, 140
Trd, 4318398.743, 140
Trd, 4318398.943, 140
Trd, 4318399.043, 113
Trd, 4318401.693, 139
Trd, 4318402.193, 136
Trd, 4318402.743, 128
Trd, 4318403.293, 139
Trd, 4318403.843, 90
Trd, 4318403.943, 77
Trd, 4318405.443, 100
Trd, 4318405.593, 138
Trd, 4318406.493, 62
Trd, 4318407.593, 83
Trd, 4318407.893, 129
Trd, 4318408.593, 79
Trd, 4318408.743, 127
Trd, 4318408.793, 78
Trd, 4318411.393, 105
Trd, 4318411.493, 65
Trd, 4318412.343, 67
Trd, 4318413.493, 140
Trd, 4318414.693, 140
Trd, 4318415.093, 124
Trd, 4318416.443, 118
Trd, 4318416.593, 138
Trd, 4318417.643, 139
Trd, 4318418.393, 139
Trd, 4318419.043, 133
Trd, 4318419.643, 139
Trd, 4318420.543, 137
Trd, 4318421.693, 129
Trd, 4318421.993, 124
Trd, 4318422.643, 140
Trd, 4318422.893, 140
Trd, 4318423.443, 140
Trd, 4318424.643, 140
Trd, 4318424.943, 129
Trd, 4318425.143, 126
Trd, 4318425.493, 119
Trd, 4318425.893, 118
Trd, 4318426.593, 99
Trd, 4318427.093, 140
Trd, 4318428.443, 138
Trd, 4318429.193, 140
Trd, 4318430.843, 140
Trd, 4318430.893, 139
Trd, 4318432.143, 140
Trd, 4318434.043, 140
Trd, 4318434.943, 139
Trd, 4318435.193, 118
Trd, 4318435.543, 130
Trd, 4318435.793, 71
Trd, 4318436.043, 128
Trd, 4318438.793, 140
Trd, 4318439.193, 140
Trd, 4318440.493, 140
Trd, 4318441.943, 139
Trd, 4318442.293, 130
Trd, 4318442.743, 137
Trd, 4318443.543, 140
Trd, 4318443.743, 110
Trd, 4318444.493, 121
Trd, 4318444.943, 117
Trd, 4318449.693, 140
Trd, 4318450.593, 140
Trd, 4318450.893, 138
Trd, 4318451.343, 139
Trd, 4318451.393, 138
Trd, 4318452.293, 132
Trd, 4318453.643, 139
Trd, 4318454.693, 139
Trd, 4318454.893, 140
Trd, 4318456.293, 121
Trd, 4318456.593, 137
Trd, 4318458.693, 140
Trd, 4318459.243, 140
Trd, 4318459.793, 139
Trd, 4318461.593, 138
Trd, 4318462.593, 137
Trd, 4318463.043, 137
Trd, 4318463.643, 131
Trd, 4318463.843, 122
Trd, 4318463.943, 131
Trd, 4318464.643, 109
Trd, 4318466.393, 140
Trd, 4318466.643, 140
Trd, 4318467.193, 137
Trd, 4318467.693, 128
Trd, 4318468.393, 119
Trd, 4318470.593, 140
Trd, 4318470.643, 140
Trd, 4318470.943, 127
Trd, 4318471.043, 126
Trd, 4318471.893, 136
Trd, 4318472.343, 139
Trd, 4318473.443, 108
Trd, 4318474.493, 129
Trd, 4318475.243, 139
Trd, 4318475.543, 110
Trd, 4318476.243, 134
Trd, 4318476.343, 90
Trd, 4318476.643, 68
Trd, 4318478.943, 138
Trd, 4318480.093, 136
Trd, 4318481.543, 139
Trd, 4318482.143, 140
Trd, 4318482.193, 136
Trd, 4318483.243, 134
Trd, 4318484.643, 119
Trd, 4318484.843, 109
Trd, 4318485.593, 138
Trd, 4318485.993, 127
Trd, 4318486.193, 62
Trd, 4318486.443, 99
Trd, 4318487.193, 140
Trd, 4318488.143, 140
Trd, 4318488.543, 134
Trd, 4318489.993, 140
Trd, 4318490.293, 81
Trd, 4318491.593, 126
Trd, 4318491.893, 115
Trd, 4318493.493, 140
Trd, 4318494.393, 140
Trd, 4318495.543, 140
Trd, 4318496.193, 140
Trd, 4318496.443, 139
Trd, 4318497.043, 122
Trd, 4318498.893, 140
Trd, 4318499.243, 140
Trd, 4318499.293, 140
Trd, 4318499.543, 130
Trd, 4318500.393, 61
Trd, 4318500.643, 111
Trd, 4318500.893, 133
Trd, 4318502.493, 139
Trd, 4318503.343, 140
Trd, 4318503.543, 121
Trd, 4318504.543, 139
Trd, 4318506.393, 115
Trd, 4318506.943, 115
Trd, 4318507.093, 108
Trd, 4318508.493, 140
Trd, 4318510.493, 140
Trd, 4318510.893, 140
Trd, 4318511.343, 125
Trd, 4318511.393, 108
Trd, 4318512.843, 140
Trd, 4318513.243, 140
Trd, 4318515.243, 140
Trd, 4318515.593, 140
Trd, 4318515.943, 107
Trd, 4318516.543, 115
Trd, 4318517.993, 139
Trd, 4318518.443, 136
Trd, 4318519.393, 137
Trd, 4318519.793, 135
Trd, 4318520.343, 134
Trd, 4318521.893, 133
Trd, 4318522.193, 136
Trd, 4318523.643, 127
Trd, 4318523.943, 118
Trd, 4318525.293, 140
Trd, 4318527.093, 139
Trd, 4318528.393, 140
Trd, 4318529.793, 140
Trd, 4318529.843, 139
Trd, 4318530.343, 139
Trd, 4318531.693, 138
Trd, 4318532.293, 129
Trd, 4318532.493, 127
Trd, 4318532.593, 140
Trd, 4318533.793, 130
Trd, 4318534.793, 140
Trd, 4318536.393, 137
Trd, 4318537.943, 140
Trd, 4318538.743, 140
Trd, 4318539.393, 98
Trd, 4318541.443, 140
Trd, 4318542.293, 139
Trd, 4318542.593, 138
Trd, 4318543.343, 140
Trd, 4318543.443, 87
Trd, 4318544.143, 133
Trd, 4318544.643, 82
Trd, 4318544.893, 83
Trd, 4318546.543, 140
Trd, 4318547.293, 140
Trd, 4318548.943, 140
Trd, 4318549.793, 91
Trd, 4318549.843, 93
Trd, 4318552.343, 140
Trd, 4318552.993, 140
Trd, 4318553.243, 112
Trd, 4318553.693, 132
Trd, 4318555.093, 140
Trd, 4318556.093, 140
Trd, 4318556.393, 135
Trd, 4318556.843, 137
Trd, 4318557.943, 117
Trd, 4318558.093, 78
Trd, 4318559.293, 140
Trd, 4318559.543, 138
Trd, 4318560.343, 105
Trd, 4318560.993, 123
Trd, 4318561.493, 140
Trd, 4318562.443, 139
Trd, 4318563.293, 129
Trd, 4318563.593, 127
Trd, 4318564.693, 140
Trd, 4318565.193, 139
Trd, 4318565.343, 122
Trd, 4318566.743, 119
Trd, 4318567.093, 139
Trd, 4318567.843, 140
Trd, 4318568.993, 138
Trd, 4318570.993, 137
Trd, 4318571.443, 137
Trd, 4318571.643, 134
Trd, 4318572.393, 139
Trd, 4318572.543, 137
Trd, 4318573.693, 90
Trd, 4318574.343, 110
Trd, 4318576.593, 140
Trd, 4318577.193, 139
Trd, 4318577.443, 139
Trd, 4318577.743, 137
Trd, 4318578.293, 120
Trd, 4318578.393, 129
Trd, 4318579.193, 140
Trd, 4318579.243, 108
Trd, 4318579.843, 99
Trd, 4318582.643, 140
Trd, 4318582.793, 140
Trd, 4318584.043, 112
Trd, 4318586.193, 140
Trd, 4318586.693, 140
Trd, 4318587.693, 138
Trd, 4318587.743, 132
Trd, 4318588.143, 83
Trd, 4318588.593, 139
Trd, 4318588.643, 82
Trd, 4318588.893, 81
Trd, 4318589.343, 103
Trd, 4318590.293, 138
Trd, 4318590.793, 126
Trd, 4318591.393, 79
Trd, 4318592.443, 140
Trd, 4318594.743, 140
Trd, 4318595.443, 140
Trd, 4318596.843, 140
Trd, 4318596.993, 138
Trd, 4318597.093, 137
Trd, 4318597.293, 116
Trd, 4318597.743, 115
Trd, 4318598.043, 139
Trd, 4318598.793, 137
Trd, 4318599.643, 128
Trd, 4318600.743, 74
Trd, 4318601.843, 129
Trd, 4318602.143, 97
Trd, 4318602.843, 104
Trd, 4318603.043, 140
Trd, 4318604.193, 140
Trd, 4318605.793, 140
Trd, 4318606.093, 140
Trd, 4318606.293, 135
Trd, 4318606.993, 139
Trd, 4318607.243, 137
Trd, 4318608.243, 140
Trd, 4318608.493, 134
Trd, 4318609.193, 119
Trd, 4318610.543, 140
Trd, 4318610.993, 112
Trd, 4318612.943, 140
Trd, 4318613.293, 139
Trd, 4318614.243, 128
Trd, 4318615.793, 140
Trd, 4318617.093, 140
Trd, 4318617.293, 140
Trd, 4318617.343, 140
Trd, 4318619.243, 140
Trd, 4318619.493, 137
Trd, 4318619.693, 112
Trd, 4318621.443, 137
Trd, 4318621.693, 136
Trd, 4318622.693, 128
Trd, 4318624.093, 122
Trd, 4318624.343, 110
Trd, 4318624.443, 108
Trd, 4318624.543, 138
Trd, 4318625.493, 140
Trd, 4318626.143, 140
Trd, 4318627.493, 139
Trd, 4318628.343, 126
Trd, 4318628.693, 122
Trd, 4318630.093, 138
Trd, 4318630.993, 135
Trd, 4318631.043, 103
Trd, 4318631.793, 90
Trd, 4318632.593, 140
Trd, 4318634.493, 128
Trd, 4318635.093, 113
Trd, 4318636.343, 139
Trd, 4318636.743, 140
Trd, 4318637.543, 140
Trd, 4318638.593, 138
Trd, 4318639.143, 140
Trd, 4318639.593, 112
Trd, 4318639.993, 102
Trd, 4318641.893, 140
Trd, 4318642.443, 140
Trd, 4318642.543, 77
Trd, 4318642.843, 123
Trd, 4318643.693, 140
Trd, 4318644.393, 118
Trd, 4318644.543, 86
Trd, 4318646.143, 140
Trd, 4318646.293, 134
Trd, 4318647.393, 135
Trd, 4318648.443, 79
Trd, 4318649.293, 133
Trd, 4318649.493, 99
Trd, 4318650.443, 127
Trd, 4318651.243, 124
Trd, 4318651.293, 101
Trd, 4318651.743, 136
Trd, 4318653.893, 140
Trd, 4318654.443, 140
Trd, 4318654.593, 139
Trd, 4318654.943, 100
Trd, 4318656.193, 123
Trd, 4318656.493, 138
Trd, 4318658.193, 139
Trd, 4318659.343, 138
Trd, 4318659.793, 138
Trd, 4318660.193, 100
Trd, 4318661.143, 140
Trd, 4318662.593, 137
Trd, 4318663.143, 139
Trd, 4318664.243, 139
Trd, 4318664.293, 138
Trd, 4318664.793, 128
Trd, 4318665.543, 100
Trd, 4318665.693, 139
Trd, 4318667.343, 63
Trd, 4318668.143, 140
Trd, 4318669.593, 140
Trd, 4318671.593, 139
Trd, 4318672.093, 140
Trd, 4318673.393, 129
Trd, 4318673.793, 140
Trd, 4318673.993, 120
Trd, 4318674.043, 73
Trd, 4318675.893, 139
Trd, 4318676.143, 137
Trd, 4318677.243, 140
Trd, 4318678.543, 105
Trd, 4318678.693, 102
Trd, 4318679.193, 100
Trd, 4318680.593, 140
Trd, 4318680.693, 138
Trd, 4318681.493, 140
Trd, 4318682.643, 140
Trd, 4318683.643, 139
Trd, 4318684.293, 124
Trd, 4318686.343, 139
Trd, 4318687.793, 134
Trd, 4318688.093, 133
Trd, 4318688.693, 139
Trd, 4318689.193, 140
Trd, 4318690.293, 140
Trd, 4318690.643, 120
Trd, 4318692.043, 140
Trd, 4318692.243, 132
Trd, 4318692.793, 110
Trd, 4318693.643, 140
Trd, 4318694.343, 77
Trd, 4318695.393, 140
Trd, 4318696.293, 140
Trd, 4318696.743, 139
Trd, 4318697.293, 108
Trd, 4318697.843, 79
Trd, 4318698.293, 138
Trd, 4318698.893, 136
Trd, 4318700.893, 140
Trd, 4318700.943, 139
Trd, 4318702.193, 140
Trd, 4318702.243, 133
Trd, 4318702.343, 74
Trd, 4318702.643, 73
Trd, 4318704.793, 114
Trd, 4318706.493, 140
Trd, 4318708.543, 140
Trd, 4318708.793, 138
Trd, 4318709.293, 140
Trd, 4318709.793, 93
Trd, 4318710.193, 140
Trd, 4318710.843, 108
Trd, 4318711.193, 107
Trd, 4318712.193, 128
Trd, 4318713.193, 139
Trd, 4318713.443, 140
Trd, 4318713.593, 140
Trd, 4318714.993, 140
Trd, 4318715.893, 139
Trd, 4318716.343, 140
Trd, 4318716.393, 123
Trd, 4318717.243, 126
Trd, 4318719.193, 139
Trd, 4318719.343, 94
Trd, 4318720.093, 108
Trd, 4318721.943, 134
Trd, 4318722.493, 127
Trd, 4318722.543, 116
Trd, 4318723.243, 140
Trd, 4318723.893, 109
Trd, 4318724.693, 63
Trd, 4318724.943, 62
Trd, 4318726.493, 106
Trd, 4318727.743, 118
Trd, 4318727.993, 95
Trd, 4318728.593, 63
Trd, 4318729.943, 60
Trd, 4318730.243, 79
Trd, 4318730.493, 89
Trd, 4318730.943, 140
Trd, 4318731.343, 79
Trd, 4318731.443, 68
Trd, 4318733.143, 140
Trd, 4318734.693, 140
Trd, 4318737.893, 140
Trd, 4318737.993, 135
Trd, 4318738.293, 119
Trd, 4318738.643, 138
Trd, 4318739.343, 138
Trd, 4318739.643, 137
Trd, 4318740.093, 140
Trd, 4318740.143, 100
Trd, 4318741.443, 138
Trd, 4318742.343, 101
Trd, 4318743.643, 140
Trd, 4318744.393, 128
Trd, 4318744.993, 114
Trd, 4318746.043, 140
Trd, 4318746.093, 140
Trd, 4318746.393, 112
Trd, 4318746.643, 85
Trd, 4318747.393, 140
Trd, 4318747.743, 139
Trd, 4318749.693, 140
Trd, 4318752.643, 140
Trd, 4318753.643, 140
Trd, 4318753.893, 140
Trd, 4318754.443, 139
Trd, 4318754.743, 140
Trd, 4318754.793, 139
Trd, 4318757.243, 138
Trd, 4318757.443, 117
Trd, 4318758.393, 139
Trd, 4318759.343, 140
Trd, 4318759.943, 137
Trd, 4318761.293, 125
Trd, 4318761.393, 108
Trd, 4318761.843, 113
Trd, 4318763.143, 140
Trd, 4318763.993, 138
Trd, 4318765.993, 140
Trd, 4318766.043, 140
Trd, 4318766.743, 124
Trd, 4318767.143, 120
Trd, 4318767.193, 116
Trd, 4318769.293, 140
Trd, 4318771.043, 140
Trd, 4318771.743, 138
Trd, 4318771.793, 126
Trd, 4318772.493, 140
Trd, 4318772.693, 102
Trd, 4318773.893, 139
Trd, 4318773.943, 106
Trd, 4318774.293, 84
Trd, 4318775.493, 140
Trd, 4318775.793, 140
Trd, 4318776.893, 139
Trd, 4318777.293, 135
Trd, 4318777.943, 117
Trd, 4318778.443, 133
Trd, 4318778.593, 116
Trd, 4318780.393, 140
Trd, 4318780.993, 138
Trd, 4318781.143, 137
Trd, 4318781.693, 87
Trd, 4318782.293, 86
Trd, 4318783.493, 123
Trd, 4318783.743, 109
Trd, 4318784.143, 138
Trd, 4318784.743, 138
Trd, 4318785.643, 129
Trd, 4318786.543, 124
Trd, 4318787.343, 123
Trd, 4318788.093, 139
Trd, 4318789.743, 140
Trd, 4318790.093, 139
Trd, 4318792.693, 140
Trd, 4318793.093, 140
Trd, 4318793.343, 110
Trd, 4318795.593, 140
Trd, 4318795.693, 138
Trd, 4318796.243, 137
Trd, 4318796.343, 124
Trd, 4318796.843, 61
Trd, 4318797.493, 63
Trd, 4318797.643, 85
Trd, 4318798.443, 61
Trd, 4318798.943, 137
Trd, 4318799.043, 89
Trd, 4318800.293, 117
Trd, 4318801.043, 130
Trd, 4318801.293, 110
Trd, 4318802.493, 126
Trd, 4318804.043, 138
Trd, 4318804.893, 118
Trd, 4318805.143, 117
Trd, 4318805.993, 85
Trd, 4318807.143, 132
Trd, 4318807.643, 97
Trd, 4318809.293, 140
Trd, 4318809.943, 140
Trd, 4318810.343, 139
Trd, 4318810.643, 138
Trd, 4318813.843, 140
Trd, 4318814.393, 140
Trd, 4318814.893, 140
Trd, 4318816.243, 140
Trd, 4318817.043, 125
Trd, 4318817.743, 119
Trd, 4318818.293, 140
Trd, 4318819.043, 127
Trd, 4318819.843, 140
Trd, 4318820.293, 140
Trd, 4318821.193, 140
Trd, 4318821.543, 123
Trd, 4318822.343, 117
Trd, 4318824.843, 140
Trd, 4318826.343, 140
Trd, 4318827.043, 140
Trd, 4318827.493, 140
Trd, 4318828.293, 140
Trd, 4318829.493, 140
Trd, 4318830.043, 140
Trd, 4318830.593, 140
Trd, 4318831.543, 140
Trd, 4318832.743, 129
Trd, 4318833.093, 108
Trd, 4318833.793, 139
Trd, 4318835.843, 139
Trd, 4318836.643, 137
Trd, 4318837.543, 140
Trd, 4318837.843, 127
Trd, 4318838.643, 127
Trd, 4318838.793, 126
Trd, 4318838.893, 97
Trd, 4318839.043, 95
Trd, 4318839.543, 102
Trd, 4318841.143, 140
Trd, 4318841.193, 137
Trd, 4318844.643, 139
Trd, 4318844.693, 129
Trd, 4318844.793, 127
Trd, 4318845.843, 140
Trd, 4318846.443, 140
Trd, 4318847.393, 140
Trd, 4318847.543, 79
Trd, 4318848.243, 139
Trd, 4318848.343, 134
Trd, 4318848.843, 130
Trd, 4318849.243, 90
Trd, 4318850.743, 109
Trd, 4318852.443, 140
Trd, 4318853.343, 131
Trd, 4318853.593, 130
Trd, 4318855.343, 140
Trd, 4318855.593, 137
Trd, 4318855.943, 138
Trd, 4318856.393, 107
Trd, 4318857.493, 140
Trd, 4318857.943, 136
Trd, 4318858.243, 132
Trd, 4318858.943, 132
Trd, 4318860.493, 140
Trd, 4318861.643, 140
Trd, 4318862.193, 119
Trd, 4318862.443, 109
Trd, 4318863.893, 140
Trd, 4318864.593, 140
Trd, 4318864.643, 126
Trd, 4318865.943, 140
Trd, 4318866.193, 140
Trd, 4318866.693, 133
Trd, 4318867.593, 140
Trd, 4318868.543, 140
Trd, 4318869.293, 138
Trd, 4318870.443, 140
Trd, 4318870.843, 140
Trd, 4318871.343, 62
Trd, 4318872.193, 63
Trd, 4318872.743, 136
Trd, 4318872.793, 100
Trd, 4318874.343, 140
Trd, 4318875.293, 95
Trd, 4318875.493, 127
Trd, 4318879.093, 140
Trd, 4318879.143, 140
Trd, 4318879.793, 140
Trd, 4318882.493, 140
Trd, 4318884.593, 140
Trd, 4318884.643, 139
Trd, 4318884.743, 138
Trd, 4318885.193, 125
Trd, 4318886.393, 140
Trd, 4318886.443, 140
Trd, 4318888.043, 139
Trd, 4318889.843, 138
Trd, 4318890.193, 137
Trd, 4318890.543, 127
Trd, 4318891.443, 140
Trd, 4318891.893, 139
Trd, 4318893.193, 135
Trd, 4318894.743, 123
Trd, 4318894.943, 122
Trd, 4318895.093, 133
Trd, 4318895.743, 116
Trd, 4318895.993, 108
Trd, 4318896.143, 129
Trd, 4318897.393, 140
Trd, 4318899.943, 140
Trd, 4318900.543, 107
Trd, 4318900.993, 101
Trd, 4318901.493, 137
Trd, 4318902.543, 140
Trd, 4318902.993, 124
Trd, 4318903.093, 134
Trd, 4318903.393, 114
Trd, 4318903.743, 97
Trd, 4318905.143, 140
Trd, 4318906.893, 137
Trd, 4318907.093, 131
Trd, 4318907.293, 125
Trd, 4318907.343, 82
Trd, 4318909.643, 140
Trd, 4318911.643, 140
Trd, 4318911.943, 131
Trd, 4318914.193, 140
Trd, 4318914.393, 139
Trd, 4318914.893, 140
Trd, 4318915.843, 140
Trd, 4318916.893, 134
Trd, 4318917.043, 136
Trd, 4318917.343, 139
Trd, 4318917.443, 115
Trd, 4318917.793, 113
Trd, 4318918.743, 68
Trd, 4318919.243, 138
Trd, 4318920.393, 139
Trd, 4318921.293, 138
Trd, 4318921.443, 137
Trd, 4318922.593, 137
Trd, 4318923.293, 140
Trd, 4318924.243, 138
Trd, 4318925.493, 133
Trd, 4318927.043, 140
Trd, 4318927.943, 123
Trd, 4318928.343, 123
Trd, 4318929.693, 140
Trd, 4318930.043, 140
Trd, 4318930.193, 116
Trd, 4318930.343, 132
Trd, 4318930.943, 92
Trd, 4318932.443, 135
Trd, 4318932.643, 117
Trd, 4318934.543, 140
Trd, 4318934.743, 140
Trd, 4318936.193, 139
Trd, 4318938.943, 140
Trd, 4318938.993, 140
Trd, 4318939.643, 139
Trd, 4318939.843, 140
Trd, 4318940.893, 140
Trd, 4318940.943, 125
Trd, 4318941.893, 140
Trd, 4318943.393, 138
Trd, 4318943.643, 108
Trd, 4318944.243, 69
Trd, 4318946.443, 140
Trd, 4318946.843, 138
Trd, 4318947.293, 140
Trd, 4318947.693, 128
Trd, 4318947.793, 97
Trd, 4318948.193, 60
Trd, 4318949.393, 140
Trd, 4318949.443, 140
Trd, 4318949.743, 140
Trd, 4318950.293, 84
Trd, 4318951.393, 140
Trd, 4318952.793, 140
Trd, 4318953.443, 140
Trd, 4318953.693, 138
Trd, 4318954.043, 130
Trd, 4318954.393, 123
Trd, 4318955.143, 60
Trd, 4318955.893, 138
Trd, 4318958.093, 140
Trd, 4318958.193, 123
Trd, 4318958.443, 140
Trd, 4318959.593, 140
Trd, 4318960.243, 117
Trd, 4318960.893, 119
Trd, 4318962.343, 110
Trd, 4318962.793, 140
Trd, 4318964.393, 140
Trd, 4318964.543, 98
Trd, 4318965.193, 139
Trd, 4318965.443, 135
Trd, 4318966.643, 139
Trd, 4318967.143, 62
Trd, 4318967.593, 68
Trd, 4318967.843, 87
Trd, 4318968.893, 140
Trd, 4318970.443, 138
Trd, 4318970.793, 140
Trd, 4318972.393, 140
Trd, 4318972.493, 137
Trd, 4318973.443, 89
Trd, 4318973.593, 140
Trd, 4318974.643, 140
Trd, 4318975.343, 140
Trd, 4318975.493, 117
Trd, 4318976.693, 122
Trd, 4318977.893, 139
Trd, 4318977.993, 122
Trd, 4318978.043, 115
Trd, 4318979.343, 140
Trd, 4318979.543, 140
Trd, 4318980.893, 139
Trd, 4318981.793, 140
Trd, 4318982.143, 140
Trd, 4318982.293, 122
Trd, 4318982.343, 97
Trd, 4318983.493, 138
Trd, 4318985.593, 119
Trd, 4318985.743, 70
Trd, 4318985.843, 136
Trd, 4318986.393, 137
Trd, 4318987.443, 138
Trd, 4318987.693, 138
Trd, 4318988.643, 140
Trd, 4318988.793, 137
Trd, 4318989.793, 99
Trd, 4318989.893, 98
Trd, 4318993.193, 138
Trd, 4318993.443, 132
Trd, 4318994.943, 140
Trd, 4318995.143, 120
Trd, 4318995.493, 108
Trd, 4318995.793, 140
Trd, 4318996.393, 96
Trd, 4318996.543, 67
Trd, 4318998.043, 140
Trd, 4318999.493, 134
Trd, 4318999.693, 75
Trd, 4318999.893, 138
Trd, 4319000.943, 136
Trd, 4319001.993, 132
Trd, 4319002.993, 139
Trd, 4319003.243, 127
Trd, 4319004.243, 140
Trd, 4319004.393, 139
Trd, 4319004.793, 62
Trd, 4319005.443, 60
Trd, 4319007.893, 139
Trd, 4319008.143, 115
Trd, 4319008.293, 97
Trd, 4319010.043, 66
Trd, 4319011.143, 132
Trd, 4319011.993, 105
Trd, 4319012.143, 139
Trd, 4319012.993, 140
Trd, 4319013.143, 139
Trd, 4319014.193, 140
Trd, 4319015.093, 124
Trd, 4319015.743, 60
Trd, 4319015.793, 74
Trd, 4319016.293, 64
Trd, 4319017.043, 63
Trd, 4319018.743, 71
Trd, 4319019.193, 140
Trd, 4319023.743, 140
Trd, 4319023.893, 140
Trd, 4319024.293, 139
Trd, 4319024.643, 140
Trd, 4319025.243, 138
Trd, 4319025.693, 140
Trd, 4319026.343, 110
Trd, 4319026.393, 68
Trd, 4319027.593, 139
Trd, 4319028.743, 140
Trd, 4319028.943, 139
Trd, 4319029.393, 117
Trd, 4319031.093, 140
Trd, 4319031.593, 140
Trd, 4319031.743, 139
Trd, 4319032.543, 140
Trd, 4319032.843, 129
Trd, 4319033.143, 116
Trd, 4319037.593, 140
Trd, 4319037.743, 140
Trd, 4319037.793, 140
Trd, 4319039.793, 140
Trd, 4319040.743, 126
Trd, 4319040.793, 116
Trd, 4319042.343, 140
Trd, 4319042.493, 140
Trd, 4319042.593, 125
Trd, 4319042.893, 131
Trd, 4319043.593, 140
Trd, 4319043.943, 139
Trd, 4319044.743, 121
Trd, 4319045.593, 115
Trd, 4319047.993, 140
Trd, 4319048.293, 140
Trd, 4319049.993, 140
Trd, 4319050.243, 140
Trd, 4319051.893, 140
Trd, 4319051.993, 137
Trd, 4319052.493, 140
Trd, 4319053.293, 137
Trd, 4319053.943, 135
Trd, 4319054.143, 70
Trd, 4319055.843, 140
Trd, 4319055.993, 122
Trd, 4319058.243, 140
Trd, 4319059.743, 140
Trd, 4319060.093, 139
Trd, 4319060.843, 139
Trd, 4319061.793, 139
Trd, 4319063.093, 132
Trd, 4319063.243, 132
Trd, 4319063.443, 140
Trd, 4319063.943, 131
Trd, 4319066.143, 108
Trd, 4319066.393, 135
Trd, 4319066.893, 122
Trd, 4319067.093, 103
Trd, 4319067.143, 85
Trd, 4319067.343, 77
Trd, 4319069.293, 140
Trd, 4319069.793, 139
Trd, 4319070.593, 125
Trd, 4319071.693, 140
Trd, 4319071.743, 139
Trd, 4319071.793, 114
Trd, 4319072.943, 137
Trd, 4319073.893, 117
Trd, 4319074.643, 125
Trd, 4319075.643, 139
Trd, 4319076.343, 140
Trd, 4319076.393, 140
Trd, 4319077.493, 139
Trd, 4319078.243, 140
Trd, 4319079.993, 140
Trd, 4319080.493, 140
Trd, 4319080.893, 139
Trd, 4319081.893, 133
Trd, 4319082.493, 119
Trd, 4319083.143, 140
Trd, 4319083.343, 124
Trd, 4319083.443, 88
Trd, 4319087.393, 140
Trd, 4319089.243, 140
Trd, 4319089.343, 139
Trd, 4319089.443, 139
Trd, 4319090.443, 139
Trd, 4319090.793, 118
Trd, 4319091.993, 129
Trd, 4319092.243, 128
Trd, 4319094.693, 140
Trd, 4319095.093, 140
Trd, 4319095.593, 131
Trd, 4319095.843, 64
Trd, 4319096.243, 86
Trd, 4319097.893, 139
Trd, 4319098.893, 139
Trd, 4319099.193, 140
Trd, 4319099.693, 100
Trd, 4319099.893, 126
Trd, 4319100.343, 140
Trd, 4319102.143, 138
Trd, 4319103.143, 138
Trd, 4319104.093, 140
Trd, 4319105.143, 107
Trd, 4319105.793, 140
Trd, 4319105.843, 112
Trd, 4319107.143, 140
Trd, 4319108.693, 140
Trd, 4319109.043, 140
Trd, 4319110.143, 139
Trd, 4319111.143, 140
Trd, 4319111.843, 139
Trd, 4319111.943, 120
Trd, 4319111.993, 118
Trd, 4319112.643, 111
Trd, 4319113.193, 129
Trd, 4319114.793, 134
Trd, 4319114.843, 131
Trd, 4319115.243, 140
Trd, 4319115.593, 89
Trd, 4319117.543, 140
Trd, 4319117.743, 114
Trd, 4319119.243, 60
Trd, 4319119.343, 61
Trd, 4319119.693, 140
Trd, 4319120.293, 117
Trd, 4319121.343, 140
Trd, 4319121.643, 140
Trd, 4319123.243, 103
Trd, 4319124.293, 139
Trd, 4319125.493, 133
Trd, 4319125.693, 104
Trd, 4319127.543, 140
Trd, 4319127.893, 140
Trd, 4319128.093, 131
Trd, 4319128.493, 136
Trd, 4319129.143, 115
Trd, 4319129.693, 139
Trd, 4319130.793, 140
Trd, 4319131.143, 124
Trd, 4319132.343, 139
Trd, 4319133.243, 134
Trd, 4319133.693, 112
Trd, 4319134.493, 120
Trd, 4319135.293, 120
Trd, 4319135.543, 105
Trd, 4319135.743, 109
Trd, 4319136.893, 137
Trd, 4319137.443, 140
Trd, 4319138.993, 140
Trd, 4319139.343, 140
Trd, 4319140.393, 121
Trd, 4319141.293, 133
Trd, 4319141.843, 128
Trd, 4319142.943, 140
Trd, 4319144.293, 105
Trd, 4319145.493, 139
Trd, 4319145.593, 128
Trd, 4319146.493, 140
Trd, 4319147.243, 137
Trd, 4319149.093, 136
Trd, 4319150.243, 140
Trd, 4319150.843, 140
Trd, 4319151.443, 140
Trd, 4319152.143, 140
Trd, 4319152.443, 134
Trd, 4319152.693, 113
Trd, 4319153.743, 129
Trd, 4319154.793, 139
Trd, 4319156.243, 138
Trd, 4319157.143, 135
Trd, 4319157.643, 140
Trd, 4319158.393, 134
Trd, 4319158.693, 140
Trd, 4319159.743, 131
Trd, 4319160.543, 127
Trd, 4319161.343, 128
Trd, 4319161.393, 91
Trd, 4319162.493, 100
Trd, 4319163.893, 139
Trd, 4319165.943, 140
Trd, 4319166.143, 140
Trd, 4319166.593, 140
Trd, 4319166.693, 140
Trd, 4319167.143, 129
Trd, 4319168.243, 128
Trd, 4319169.493, 137
Trd, 4319170.393, 127
Trd, 4319171.393, 136
Trd, 4319172.243, 140
Trd, 4319173.543, 140
Trd, 4319173.593, 140
Trd, 4319175.743, 140
Trd, 4319175.843, 139
Trd, 4319176.093, 129
Trd, 4319176.893, 125
Trd, 4319177.643, 91
Trd, 4319178.343, 140
Trd, 4319179.243, 140
Trd, 4319180.043, 139
Trd, 4319181.043, 140
Trd, 4319182.843, 140
Trd, 4319183.293, 140
Trd, 4319184.393, 139
Trd, 4319185.993, 135
Trd, 4319186.043, 114
Trd, 4319186.843, 132
Trd, 4319187.093, 140
Trd, 4319187.843, 140
Trd, 4319188.393, 139
Trd, 4319189.143, 138
Trd, 4319190.543, 140
Trd, 4319190.843, 139
Trd, 4319191.693, 140
Trd, 4319193.193, 131
Trd, 4319193.393, 97
Trd, 4319193.843, 117
Trd, 4319194.893, 140
Trd, 4319195.893, 140
Trd, 4319197.793, 139
Trd, 4319198.293, 139
Trd, 4319198.993, 139
Trd, 4319199.893, 139
Trd, 4319200.193, 116
Trd, 4319200.993, 137
Trd, 4319201.443, 121
Trd, 4319201.993, 131
Trd, 4319202.093, 127
Trd, 4319202.943, 107
Trd, 4319204.093, 140
Trd, 4319205.643, 138
Trd, 4319206.493, 140
Trd, 4319206.993, 140
Trd, 4319207.493, 139
Trd, 4319209.743, 140
Trd, 4319210.093, 140
Trd, 4319210.343, 140
Trd, 4319210.493, 138
Trd, 4319214.493, 140
Trd, 4319214.693, 140
Trd, 4319215.543, 140
Trd, 4319216.343, 139
Trd, 4319216.743, 140
Trd, 4319216.793, 139
Trd, 4319216.993, 126
Trd, 4319218.193, 135
Trd, 4319219.293, 136
Trd, 4319221.243, 139
Trd, 4319221.343, 111
Trd, 4319222.343, 140
Trd, 4319222.893, 128
Trd, 4319223.043, 140
Trd, 4319223.093, 124
Trd, 4319223.143, 112
Trd, 4319225.143, 138
Trd, 4319225.193, 125
Trd, 4319225.793, 140
Trd, 4319227.543, 140
Trd, 4319228.043, 140
Trd, 4319228.243, 140
Trd, 4319228.593, 139
Trd, 4319229.693, 64
Trd, 4319229.893, 100
Trd, 4319231.193, 140
Trd, 4319231.693, 130
Trd, 4319231.943, 105
Trd, 4319232.243, 132
Trd, 4319232.743, 139
Trd, 4319233.343, 77
Trd, 4319234.743, 139
Trd, 4319235.743, 140
Trd, 4319236.393, 126
Trd, 4319236.843, 105
Trd, 4319237.843, 126
Trd, 4319238.243, 89
Trd, 4319239.543, 89
Trd, 4319239.643, 105
Trd, 4319240.593, 102
Trd, 4319242.743, 140
Trd, 4319242.893, 140
Trd, 4319244.743, 140
Trd, 4319245.843, 140
Trd, 4319245.893, 137
Trd, 4319246.843, 130
Trd, 4319247.043, 112
Trd, 4319247.393, 69
Trd, 4319248.143, 140
Trd, 4319249.593, 140
Trd, 4319250.043, 140
Trd, 4319251.593, 138
Trd, 4319251.843, 134
Trd, 4319251.893, 114
Trd, 4319252.143, 113
Trd, 4319253.143, 101
Trd, 4319253.393, 139
Trd, 4319255.693, 140
Trd, 4319256.893, 140
Trd, 4319256.943, 140
Trd, 4319257.793, 95
Trd, 4319258.443, 89
Trd, 4319258.743, 139
Trd, 4319259.843, 129
Trd, 4319259.993, 140
Trd, 4319260.443, 136
Trd, 4319261.043, 127
Trd, 4319261.243, 116
Trd, 4319262.093, 83
Trd, 4319263.043, 136
Trd, 4319263.993, 116
Trd, 4319264.843, 138
Trd, 4319266.893, 140
Trd, 4319268.093, 140
Trd, 4319268.293, 135
Trd, 4319269.493, 140
Trd, 4319270.393, 140
Trd, 4319270.643, 139
Trd, 4319272.843, 140
Trd, 4319273.393, 139
Trd, 4319273.943, 137
Trd, 4319276.593, 139
Trd, 4319276.993, 139
Trd, 4319277.393, 132
Trd, 4319277.943, 140
Trd, 4319278.193, 140
Trd, 4319278.493, 115
Trd, 4319279.893, 114
Trd, 4319281.043, 140
Trd, 4319283.293, 140
Trd, 4319284.393, 140
Trd, 4319285.893, 140
Trd, 4319286.443, 140
Trd, 4319286.593, 139
Trd, 4319287.343, 135
Trd, 4319288.843, 138
Trd, 4319289.593, 139
Trd, 4319291.043, 136
Trd, 4319292.343, 138
Trd, 4319293.243, 138
Trd, 4319294.893, 140
Trd, 4319295.143, 121
Trd, 4319295.693, 99
Trd, 4319296.193, 86
Trd, 4319296.543, 85
Trd, 4319299.743, 140
Trd, 4319300.043, 140
Trd, 4319300.243, 140
Trd, 4319300.793, 140
Trd, 4319301.093, 139
Trd, 4319301.493, 135
Trd, 4319301.743, 64
Trd, 4319302.143, 70
Trd, 4319302.693, 66
Trd, 4319303.393, 140
Trd, 4319303.943, 135
Trd, 4319304.593, 125
Trd, 4319304.743, 62
Trd, 4319306.643, 138
Trd, 4319306.743, 136
Trd, 4319308.993, 140
Trd, 4319309.093, 138
Trd, 4319309.493, 135
Trd, 4319310.043, 89
Trd, 4319310.243, 139
Trd, 4319310.893, 61
Trd, 4319311.193, 69
Trd, 4319311.793, 87
Trd, 4319312.893, 62
Trd, 4319313.643, 140
Trd, 4319313.743, 129
Trd, 4319313.993, 133
Trd, 4319315.343, 62
Trd, 4319315.793, 111
Trd, 4319318.243, 140
Trd, 4319319.093, 137
Trd, 4319321.543, 140
Trd, 4319322.093, 140
Trd, 4319322.643, 140
Trd, 4319323.843, 138
Trd, 4319324.693, 139
Trd, 4319325.443, 132
Trd, 4319326.443, 139
Trd, 4319326.643, 137
Trd, 4319326.793, 131
Trd, 4319329.043, 140
Trd, 4319329.093, 135
Trd, 4319329.243, 132
Trd, 4319329.393, 118
Trd, 4319330.443, 138
Trd, 4319331.243, 115
Trd, 4319331.993, 135
Trd, 4319332.593, 137
Trd, 4319333.243, 140
Trd, 4319334.293, 139
Trd, 4319334.843, 138
Trd, 4319335.193, 134
Trd, 4319336.143, 134
Trd, 4319336.693, 130
Trd, 4319336.743, 113
Trd, 4319337.243, 82
Trd, 4319339.543, 140
Trd, 4319339.943, 140
Trd, 4319340.193, 134
Trd, 4319341.593, 137
Trd, 4319342.093, 122
Trd, 4319342.693, 112
Trd, 4319346.043, 131
Trd, 4319346.543, 101
Trd, 4319346.643, 100
Trd, 4319348.893, 140
Trd, 4319349.543, 140
Trd, 4319350.843, 140
Trd, 4319351.243, 140
Trd, 4319351.643, 140
Trd, 4319353.443, 137
Trd, 4319354.093, 140
Trd, 4319354.893, 139
Trd, 4319355.093, 138
Trd, 4319355.543, 129
Trd, 4319356.593, 126
Trd, 4319356.643, 86
Trd, 4319357.443, 140
Trd, 4319359.093, 140
Trd, 4319359.843, 136
Trd, 4319360.643, 139
Trd, 4319361.343, 101
Trd, 4319362.793, 85
Trd, 4319363.693, 115
Trd, 4319364.243, 60
Trd, 4319365.293, 140
Trd, 4319366.643, 139
Trd, 4319366.843, 135
Trd, 4319367.693, 129
Trd, 4319369.393, 139
Trd, 4319370.293, 138
Trd, 4319370.943, 137
Trd, 4319372.143, 120
Trd, 4319372.543, 119
Trd, 4319373.593, 140
Trd, 4319373.693, 140
Trd, 4319374.393, 136
Trd, 4319374.793, 136
Trd, 4319375.493, 140
Trd, 4319375.743, 139
Trd, 4319376.543, 108
Trd, 4319376.693, 137
Trd, 4319378.793, 136
Trd, 4319379.143, 135
Trd, 4319379.893, 137
Trd, 4319380.243, 137
Trd, 4319381.443, 140
Trd, 4319382.643, 140
Trd, 4319382.893, 140
Trd, 4319383.343, 128
Trd, 4319383.893, 116
Trd, 4319384.793, 139
Trd, 4319386.243, 140
Trd, 4319386.643, 140
Trd, 4319387.543, 139
Trd, 4319389.093, 93
Trd, 4319389.393, 117
Trd, 4319389.993, 137
Trd, 4319390.743, 138
Trd, 4319390.893, 109
Trd, 4319392.193, 108
Trd, 4319392.243, 106
Trd, 4319393.443, 140
Trd, 4319394.393, 140
Trd, 4319395.493, 140
Trd, 4319395.743, 125
Trd, 4319396.643, 140
Trd, 4319396.693, 79
Trd, 4319397.343, 126
Trd, 4319398.043, 83
Trd, 4319398.993, 130
Trd, 4319399.993, 139
Trd, 4319400.243, 125
Trd, 4319400.593, 128
Trd, 4319401.043, 140
Trd, 4319402.043, 97
Trd, 4319403.343, 140
Trd, 4319403.793, 128
Trd, 4319404.993, 137
Trd, 4319405.893, 139
Trd, 4319406.143, 127
Trd, 4319407.343, 130
Trd, 4319408.443, 130
Trd, 4319408.743, 139
Trd, 4319409.043, 140
Trd, 4319410.243, 140
Trd, 4319410.343, 67
Trd, 4319411.493, 139
Trd, 4319411.943, 140
Trd, 4319413.143, 108
Trd, 4319413.643, 140
Trd, 4319414.393, 140
Trd, 4319414.993, 135
Trd, 4319415.643, 132
Trd, 4319416.293, 139
Trd, 4319416.593, 63
Trd, 4319416.843, 116
Trd, 4319418.543, 140
Trd, 4319419.693, 140
Trd, 4319420.543, 140
Trd, 4319421.043, 139
Trd, 4319422.243, 131
Trd, 4319426.393, 140
Trd, 4319426.593, 140
Trd, 4319427.293, 140
Trd, 4319427.843, 140
Trd, 4319429.393, 131
Trd, 4319430.143, 138
Trd, 4319430.293, 129
Trd, 4319430.493, 104
Trd, 4319431.193, 135
Trd, 4319432.743, 140
Trd, 4319433.393, 140
Trd, 4319433.493, 140
Trd, 4319434.893, 139
Trd, 4319435.743, 140
Trd, 4319436.543, 138
Trd, 4319437.443, 125
Trd, 4319438.293, 140
Trd, 4319438.343, 117
Trd, 4319438.493, 75
Trd, 4319439.293, 122
Trd, 4319440.343, 138
Trd, 4319442.143, 140
Trd, 4319442.393, 140
Trd, 4319442.793, 140
Trd, 4319443.043, 131
Trd, 4319443.193, 91
Trd, 4319443.543, 139
Trd, 4319444.243, 140
Trd, 4319445.243, 139
Trd, 4319446.343, 136
Trd, 4319446.893, 116
Trd, 4319447.443, 135
Trd, 4319448.293, 64
Trd, 4319450.043, 129
Trd, 4319450.643, 139
Trd, 4319451.943, 111
Trd, 4319452.943, 140
Trd, 4319453.093, 134
Trd, 4319454.243, 62
Trd, 4319455.493, 68
Trd, 4319456.543, 94
Trd, 4319457.443, 140
Trd, 4319457.493, 67
Trd, 4319458.893, 120
Trd, 4319459.493, 139
Trd, 4319459.743, 140
Trd, 4319460.093, 140
Trd, 4319461.293, 108
Trd, 4319463.143, 140
Trd, 4319463.493, 137
Trd, 4319463.793, 136
Trd, 4319464.693, 136
Trd, 4319465.693, 122
Trd, 4319466.293, 104
Trd, 4319466.393, 64
Trd, 4319466.693, 116
Trd, 4319467.893, 108
Trd, 4319467.943, 105
Trd, 4319468.193, 60
Trd, 4319469.193, 137
Trd, 4319471.343, 140
Trd, 4319471.443, 138
Trd, 4319471.493, 109
Trd, 4319473.093, 140
Trd, 4319473.393, 111
Trd, 4319474.893, 140
Trd, 4319475.393, 132
Trd, 4319475.693, 130
Trd, 4319476.343, 140
Trd, 4319476.893, 109
Trd, 4319478.643, 140
Trd, 4319479.343, 140
Trd, 4319480.393, 117
Trd, 4319480.443, 114
Trd, 4319481.293, 136
Trd, 4319482.243, 140
Trd, 4319482.493, 135
Trd, 4319482.793, 137
Trd, 4319485.793, 140
Trd, 4319486.843, 140
Trd, 4319488.143, 140
Trd, 4319489.043, 140
Trd, 4319490.893, 139
Trd, 4319491.293, 140
Trd, 4319491.643, 140
Trd, 4319495.293, 140
Trd, 4319495.443, 136
Trd, 4319495.793, 124
Trd, 4319497.143, 140
Trd, 4319497.293, 140
Trd, 4319497.643, 129
Trd, 4319498.843, 137
Trd, 4319499.043, 119
Trd, 4319500.793, 140
Trd, 4319501.543, 126
Trd, 4319501.843, 68
Trd, 4319502.193, 95
Trd, 4319502.393, 139
Trd, 4319502.843, 124
Trd, 4319503.393, 69
Trd, 4319504.043, 71
Trd, 4319505.043, 131
Trd, 4319505.343, 60
Trd, 4319506.143, 140
Trd, 4319507.143, 100
Trd, 4319507.593, 127
Trd, 4319508.943, 140
Trd, 4319509.393, 140
Trd, 4319510.293, 140
Trd, 4319511.193, 140
Trd, 4319512.293, 140
Trd, 4319512.943, 114
Trd, 4319513.993, 140
Trd, 4319514.393, 98
Trd, 4319514.693, 60
Trd, 4319516.243, 139
Trd, 4319516.893, 137
Trd, 4319517.643, 136
Trd, 4319518.793, 135
Trd, 4319519.393, 140
Trd, 4319520.143, 139
Trd, 4319520.593, 140
Trd, 4319521.943, 132
Trd, 4319522.543, 135
Trd, 4319523.643, 140
Trd, 4319523.743, 140
Trd, 4319524.243, 140
Trd, 4319524.443, 129
Trd, 4319525.843, 135
Trd, 4319527.793, 127
Trd, 4319528.143, 135
Trd, 4319528.193, 121
Trd, 4319529.993, 112
Trd, 4319531.143, 114
Trd, 4319531.543, 138
Trd, 4319532.643, 140
Trd, 4319532.843, 140
Trd, 4319533.343, 84
Trd, 4319533.443, 73
Trd, 4319536.143, 140
Trd, 4319536.893, 140
Trd, 4319536.993, 134
Trd, 4319538.343, 140
Trd, 4319538.893, 140
Trd, 4319539.143, 140
Trd, 4319539.743, 138
Trd, 4319540.143, 139
Trd, 4319540.743, 108
Trd, 4319541.693, 98
Trd, 4319542.243, 126
Trd, 4319542.343, 121
Trd, 4319542.393, 107
Trd, 4319544.843, 140
Trd, 4319545.843, 139
Trd, 4319546.193, 126
Trd, 4319546.343, 125
Trd, 4319548.493, 140
Trd, 4319549.443, 134
Trd, 4319549.593, 140
Trd, 4319551.293, 61
Trd, 4319551.943, 61
Trd, 4319552.043, 61
Trd, 4319552.243, 63
Trd, 4319552.443, 129
Trd, 4319554.443, 140
Trd, 4319555.343, 140
Trd, 4319556.093, 135
Trd, 4319558.693, 140
Trd, 4319558.793, 140
Trd, 4319558.893, 135
Trd, 4319559.593, 96
Trd, 4319560.293, 140
Trd, 4319561.193, 140
Trd, 4319561.593, 140
Trd, 4319563.193, 140
Trd, 4319563.593, 139
Trd, 4319564.893, 139
Trd, 4319565.343, 124
Trd, 4319565.693, 140
Trd, 4319565.943, 140
Trd, 4319566.893, 131
Trd, 4319567.793, 115
Trd, 4319568.793, 114
Trd, 4319569.593, 139
Trd, 4319569.743, 118
Trd, 4319571.093, 140
Trd, 4319571.443, 140
Trd, 4319572.093, 136
Trd, 4319573.643, 140
Trd, 4319574.443, 128
Trd, 4319575.593, 135
Trd, 4319575.793, 114
Trd, 4319576.393, 139
Trd, 4319576.493, 138
Trd, 4319577.243, 139
Trd, 4319578.143, 105
Trd, 4319579.243, 140
Trd, 4319579.793, 88
Trd, 4319581.793, 140
Trd, 4319582.243, 109
Trd, 4319583.293, 67
Trd, 4319583.643, 74
Trd, 4319583.943, 118
Trd, 4319584.243, 104
Trd, 4319586.043, 124
Trd, 4319586.993, 85
Trd, 4319587.393, 140
Trd, 4319588.593, 125
Trd, 4319588.943, 140
Trd, 4319589.193, 114
Trd, 4319589.543, 140
Trd, 4319590.793, 63
Trd, 4319591.693, 78
Trd, 4319591.743, 81
Trd, 4319591.793, 86
Trd, 4319592.943, 71
Trd, 4319593.843, 69
Trd, 4319594.043, 68
Trd, 4319594.293, 60
Trd, 4319594.693, 75
Trd, 4319595.293, 140
Trd, 4319596.693, 140
Trd, 4319596.893, 139
Trd, 4319598.043, 99
Trd, 4319598.793, 129
Trd, 4319599.493, 140
Trd, 4319601.593, 119
Trd, 4319602.043, 138
Trd, 4319602.343, 61
Trd, 4319603.093, 140
Trd, 4319603.343, 89
Trd, 4319603.543, 88
Trd, 4319605.193, 137
Trd, 4319605.943, 138
Trd, 4319606.093, 111
Trd, 4319606.993, 64
Trd, 4319608.343, 140
Trd, 4319608.793, 140
Trd, 4319609.493, 132
Trd, 4319611.543, 92
Trd, 4319612.393, 68
Trd, 4319613.043, 62
Trd, 4319613.293, 70
Trd, 4319613.543, 110
Trd, 4319613.593, 129
Trd, 4319613.693, 71
Trd, 4319614.343, 61
Trd, 4319615.193, 60
Trd, 4319615.593, 60
Trd, 4319615.943, 63
Trd, 4319616.143, 79
Trd, 4319617.943, 107
Trd, 4319618.493, 126
Trd, 4319619.793, 139
Trd, 4319620.093, 138
Trd, 4319620.793, 114
Trd, 4319621.143, 80
Trd, 4319621.743, 60
Trd, 4319622.793, 139
Trd, 4319623.243, 121
Trd, 4319624.193, 124
Trd, 4319624.743, 111
Trd, 4319625.743, 139
Trd, 4319625.993, 123
Trd, 4319626.243, 131
Trd, 4319628.193, 139
Trd, 4319628.593, 115
Trd, 4319629.143, 140
Trd, 4319629.193, 139
Trd, 4319630.393, 140
Trd, 4319631.043, 139
Trd, 4319631.693, 139
Trd, 4319632.493, 124
Trd, 4319632.843, 123
Trd, 4319633.693, 108
Trd, 4319634.193, 132
Trd, 4319636.193, 140
Trd, 4319636.293, 140
Trd, 4319637.043, 61
Trd, 4319637.493, 76
Trd, 4319638.993, 66
Trd, 4319639.293, 62
Trd, 4319639.343, 122
Trd, 4319639.843, 112
Trd, 4319642.343, 134
Trd, 4319642.993, 136
Trd, 4319643.443, 131
Trd, 4319643.693, 117
Trd, 4319644.093, 124
Trd, 4319644.743, 139
Trd, 4319647.743, 140
Trd, 4319647.843, 139
Trd, 4319647.943, 134
Trd, 4319648.443, 140
Trd, 4319648.893, 99
Trd, 4319648.943, 96
Trd, 4319649.193, 132
Trd, 4319650.993, 139
Trd, 4319651.543, 124
Trd, 4319652.643, 139
Trd, 4319654.443, 132
Trd, 4319654.543, 136
Trd, 4319654.593, 101
Trd, 4319655.093, 87
Trd, 4319656.193, 76
Trd, 4319656.793, 99
Trd, 4319657.093, 60
Trd, 4319658.743, 113
Trd, 4319659.143, 120
Trd, 4319659.843, 106
Trd, 4319660.143, 138
Trd, 4319661.293, 61
Trd, 4319661.443, 113
Trd, 4319663.143, 137
Trd, 4319663.243, 136
Trd, 4319663.643, 86
Trd, 4319664.243, 127
Trd, 4319665.543, 140
Trd, 4319665.593, 137
Trd, 4319665.993, 96
Trd, 4319666.993, 71
Trd, 4319667.343, 140
Trd, 4319667.543, 67
Trd, 4319670.393, 137
Trd, 4319671.443, 140
Trd, 4319671.843, 140
Trd, 4319672.643, 112
Trd, 4319672.893, 139
Trd, 4319673.043, 104
Trd, 4319674.193, 117
Trd, 4319675.743, 140
Trd, 4319676.493, 140
Trd, 4319679.443, 140
Trd, 4319679.793, 140
Trd, 4319680.093, 125
Trd, 4319680.143, 120
Trd, 4319681.393, 138
Trd, 4319682.093, 139
Trd, 4319682.643, 126
Trd, 4319682.843, 124
Trd, 4319683.543, 140
Trd, 4319686.043, 135
Trd, 4319688.393, 136
Trd, 4319689.093, 139
Trd, 4319689.543, 133
Trd, 4319691.043, 140
Trd, 4319691.293, 140
Trd, 4319691.543, 139
Trd, 4319692.493, 104
Trd, 4319692.743, 116
Trd, 4319694.243, 135
Trd, 4319695.493, 140
Trd, 4319695.843, 133
Trd, 4319696.143, 132
Trd, 4319696.793, 102
Trd, 4319696.993, 133
Trd, 4319698.593, 102
Trd, 4319698.943, 131
Trd, 4319699.893, 137
Trd, 4319700.343, 98
Trd, 4319701.343, 140
Trd, 4319701.793, 86
Trd, 4319702.793, 140
Trd, 4319702.893, 139
Trd, 4319703.843, 140
Trd, 4319706.443, 140
Trd, 4319706.643, 131
Trd, 4319706.843, 82
Trd, 4319708.493, 140
Trd, 4319709.593, 140
Trd, 4319710.143, 132
Trd, 4319712.293, 115
Trd, 4319712.693, 138
Trd, 4319713.793, 140
Trd, 4319714.393, 140
Trd, 4319715.343, 139
Trd, 4319715.693, 133
Trd, 4319718.393, 137
Trd, 4319718.643, 139
Trd, 4319719.493, 140
Trd, 4319720.943, 140
Trd, 4319721.393, 140
Trd, 4319721.943, 139
Trd, 4319722.593, 131
Trd, 4319724.093, 139
Trd, 4319725.143, 139
Trd, 4319725.243, 129
Trd, 4319727.893, 116
Trd, 4319728.043, 122
Trd, 4319728.243, 63
Trd, 4319728.743, 133
Trd, 4319730.143, 140
Trd, 4319730.193, 138
Trd, 4319730.243, 133
Trd, 4319730.343, 130
Trd, 4319732.243, 140
Trd, 4319732.593, 139
Trd, 4319733.543, 140
Trd, 4319733.793, 134
Trd, 4319734.343, 67
Trd, 4319734.693, 90
Trd, 4319735.343, 138
Trd, 4319735.843, 79
Trd, 4319737.393, 140
Trd, 4319738.643, 140
Trd, 4319739.093, 137
Trd, 4319739.143, 136
Trd, 4319740.093, 103
Trd, 4319740.643, 82
Trd, 4319742.443, 136
Trd, 4319743.193, 140
Trd, 4319744.443, 140
Trd, 4319744.493, 138
Trd, 4319744.893, 124
Trd, 4319745.843, 139
Trd, 4319748.793, 140
Trd, 4319749.193, 139
Trd, 4319749.293, 140
Trd, 4319749.643, 139
Trd, 4319749.743, 137
Trd, 4319750.193, 124
Trd, 4319750.393, 110
Trd, 4319753.493, 140
Trd, 4319753.843, 139
Trd, 4319754.443, 138
Trd, 4319754.893, 133
Trd, 4319755.593, 139
Trd, 4319756.243, 140
Trd, 4319757.093, 138
Trd, 4319757.943, 138
Trd, 4319758.243, 80
Trd, 4319758.793, 111
Trd, 4319758.943, 109
Trd, 4319760.043, 131
Trd, 4319760.793, 132
Trd, 4319761.543, 139
Trd, 4319761.743, 126
Trd, 4319762.043, 73
Trd, 4319762.443, 140
Trd, 4319763.543, 140
Trd, 4319764.943, 138
Trd, 4319766.443, 138
Trd, 4319767.093, 137
Trd, 4319767.243, 135
Trd, 4319767.693, 133
Trd, 4319768.293, 79
Trd, 4319768.893, 140
Trd, 4319769.043, 139
Trd, 4319769.293, 139
Trd, 4319769.743, 134
Trd, 4319771.393, 140
Trd, 4319772.093, 137
Trd, 4319772.843, 124
Trd, 4319773.693, 115
Trd, 4319774.893, 140
Trd, 4319776.043, 137
Trd, 4319776.193, 131
Trd, 4319776.643, 140
Trd, 4319778.293, 140
Trd, 4319780.943, 140
Trd, 4319781.093, 140
Trd, 4319781.393, 122
Trd, 4319782.743, 140
Trd, 4319782.943, 138
Trd, 4319783.443, 66
Trd, 4319784.143, 88
Trd, 4319784.893, 125
Trd, 4319785.243, 104
Trd, 4319785.593, 62
Trd, 4319786.693, 119
Trd, 4319786.793, 110
Trd, 4319787.693, 81
Trd, 4319788.993, 67
Trd, 4319789.243, 64
Trd, 4319789.893, 131
Trd, 4319790.043, 117
Trd, 4319791.043, 62
Trd, 4319791.243, 66
Trd, 4319791.843, 133
Trd, 4319792.093, 61
Trd, 4319792.543, 138
Trd, 4319792.793, 96
Trd, 4319793.643, 65
Trd, 4319794.993, 112
Trd, 4319799.543, 140
Trd, 4319799.793, 140
Trd, 4319800.293, 140
Trd, 4319800.443, 139
Trd, 4319800.893, 127
Trd, 4319801.143, 118
Trd, 4319802.193, 139
Trd, 4319802.243, 103
Trd, 4319802.343, 101
Trd, 4319803.343, 140
Trd, 4319803.743, 103
Trd, 4319805.043, 126
Trd, 4319806.593, 134
Trd, 4319806.993, 139
Trd, 4319808.893, 139
Trd, 4319809.093, 139
Trd, 4319811.443, 140
Trd, 4319812.043, 140
Trd, 4319813.143, 140
Trd, 4319813.393, 122
Trd, 4319814.043, 140
Trd, 4319814.793, 139
Trd, 4319815.193, 140
Trd, 4319815.243, 85
Trd, 4319816.043, 132
Trd, 4319816.843, 87
Trd, 4319817.243, 107
Trd, 4319817.893, 106
Trd, 4319818.643, 76
Trd, 4319818.793, 118
Trd, 4319819.193, 67
Trd, 4319819.993, 137
Trd, 4319822.193, 140
Trd, 4319823.493, 137
Trd, 4319825.443, 140
Trd, 4319825.943, 140
Trd, 4319826.343, 140
Trd, 4319826.543, 137
Trd, 4319826.893, 139
Trd, 4319828.143, 136
Trd, 4319829.193, 126
Trd, 4319830.293, 106
Trd, 4319830.743, 106
Trd, 4319831.493, 118
Trd, 4319832.843, 140
Trd, 4319833.043, 140
Trd, 4319833.643, 140
Trd, 4319834.743, 140
Trd, 4319835.043, 126
Trd, 4319835.193, 139
Trd, 4319836.443, 140
Trd, 4319837.193, 120
Trd, 4319838.043, 138
Trd, 4319838.143, 138
Trd, 4319838.743, 130
Trd, 4319839.443, 134
Trd, 4319840.093, 63
Trd, 4319840.743, 98
Trd, 4319841.693, 60
Trd, 4319842.493, 135
Trd, 4319844.243, 140
Trd, 4319845.343, 140
Trd, 4319845.793, 138
Trd, 4319846.993, 138
Trd, 4319847.793, 139
Trd, 4319848.293, 131
Trd, 4319848.743, 129
Trd, 4319849.843, 140
Trd, 4319851.593, 138
Trd, 4319851.893, 137
Trd, 4319853.893, 140
Trd, 4319854.193, 140
Trd, 4319854.893, 138
Trd, 4319855.243, 133
Trd, 4319856.893, 139
Trd, 4319857.193, 117
Trd, 4319857.443, 99
Trd, 4319858.093, 127
Trd, 4319858.443, 122
Trd, 4319858.893, 122
Trd, 4319859.493, 126
Trd, 4319862.243, 140
Trd, 4319862.293, 140
Trd, 4319862.843, 139
Trd, 4319863.293, 136
Trd, 4319863.543, 106
Trd, 4319864.243, 114
Trd, 4319864.943, 125
Trd, 4319866.493, 139
Trd, 4319866.643, 123
Trd, 4319868.593, 140
Trd, 4319869.093, 140
Trd, 4319869.593, 140
Trd, 4319869.793, 140
Trd, 4319871.543, 136
Trd, 4319872.243, 137
Trd, 4319873.293, 136
Trd, 4319873.743, 115
Trd, 4319874.793, 140
Trd, 4319875.693, 138
Trd, 4319875.943, 114
Trd, 4319876.743, 135
Trd, 4319878.493, 63
Trd, 4319878.593, 66
Trd, 4319879.693, 82
Trd, 4319879.843, 81
Trd, 4319880.043, 85
Trd, 4319880.443, 85
Trd, 4319880.743, 130
Trd, 4319881.043, 136
Trd, 4319882.393, 63
Trd, 4319882.693, 97
Trd, 4319883.543, 138
Trd, 4319884.693, 136
Trd, 4319886.643, 107
Trd, 4319886.993, 100
Trd, 4319887.193, 136
Trd, 4319887.443, 114
Trd, 4319887.643, 67
Trd, 4319888.593, 63
Trd, 4319888.943, 85
Trd, 4319889.793, 140
Trd, 4319890.443, 120
Trd, 4319890.543, 119
Trd, 4319892.493, 139
Trd, 4319892.593, 128
Trd, 4319892.943, 139
Trd, 4319893.743, 140
Trd, 4319894.493, 131
Trd, 4319894.693, 115
Trd, 4319895.193, 85
Trd, 4319896.193, 63
Trd, 4319896.743, 88
Trd, 4319897.143, 123
Trd, 4319898.543, 135
Trd, 4319898.943, 140
Trd, 4319900.893, 140
Trd, 4319901.243, 140
Trd, 4319901.293, 139
Trd, 4319901.443, 138
Trd, 4319901.693, 124
Trd, 4319903.743, 140
Trd, 4319904.343, 120
Trd, 4319904.493, 117
Trd, 4319904.643, 116
Trd, 4319905.043, 90
Trd, 4319905.443, 68
Trd, 4319906.893, 140
Trd, 4319907.193, 139
Trd, 4319907.843, 137
Trd, 4319908.143, 82
Trd, 4319909.093, 129
Trd, 4319910.843, 139
Trd, 4319910.943, 138
Trd, 4319911.243, 140
Trd, 4319914.193, 138
Trd, 4319914.793, 134
Trd, 4319914.843, 123
Trd, 4319916.093, 140
Trd, 4319917.393, 140
Trd, 4319917.843, 140
Trd, 4319918.993, 122
Trd, 4319920.893, 140
Trd, 4319921.293, 140
Trd, 4319921.343, 138
Trd, 4319923.093, 139
Trd, 4319923.693, 137
Trd, 4319924.193, 136
Trd, 4319924.793, 133
Trd, 4319925.143, 106
Trd, 4319926.343, 140
Trd, 4319926.793, 140
Trd, 4319927.243, 140
Trd, 4319927.343, 117
Trd, 4319927.693, 109
Trd, 4319930.043, 138
Trd, 4319930.693, 125
Trd, 4319931.143, 140
Trd, 4319932.843, 140
Trd, 4319932.993, 138
Trd, 4319934.043, 140
Trd, 4319935.793, 140
Trd, 4319936.743, 138
Trd, 4319939.743, 140
Trd, 4319939.843, 140
Trd, 4319939.993, 140
Trd, 4319940.043, 130
Trd, 4319940.293, 119
Trd, 4319940.493, 114
Trd, 4319942.443, 70
Trd, 4319942.943, 64
Trd, 4319943.493, 117
Trd, 4319944.393, 120
Trd, 4319945.893, 140
Trd, 4319946.943, 139
Trd, 4319948.143, 138
Trd, 4319948.743, 138
Trd, 4319951.343, 140
Trd, 4319952.043, 134
Trd, 4319953.093, 140
Trd, 4319954.143, 140
Trd, 4319954.693, 139
Trd, 4319955.043, 111
Trd, 4319955.993, 140
Trd, 4319956.893, 133
Trd, 4319957.843, 140
Trd, 4319958.393, 120
Trd, 4319958.743, 117
Trd, 4319960.343, 139
Trd, 4319960.593, 114
Trd, 4319961.793, 88
Trd, 4319962.243, 99
Trd, 4319962.693, 133
Trd, 4319964.193, 117
Trd, 4319964.743, 124
Trd, 4319965.293, 123
Trd, 4319965.593, 96
Trd, 4319967.993, 140
Trd, 4319968.693, 140
Trd, 4319968.893, 139
Trd, 4319969.243, 130
Trd, 4319971.343, 140
Trd, 4319972.243, 140
Trd, 4319973.143, 104
Trd, 4319974.193, 70
Trd, 4319974.543, 138
Trd, 4319975.293, 140
Trd, 4319975.343, 134
Trd, 4319976.243, 137
Trd, 4319976.993, 125
Trd, 4319977.093, 138
Trd, 4319977.393, 137
Trd, 4319977.943, 140
Trd, 4319978.343, 61
Trd, 4319980.343, 139
Trd, 4319982.543, 112
Trd, 4319983.693, 140
Trd, 4319983.943, 120
Trd, 4319984.593, 96
Trd, 4319984.993, 123
Trd, 4319986.093, 132
Trd, 4319987.443, 136
Trd, 4319987.543, 71
Trd, 4319987.893, 63
Trd, 4319988.143, 62
Trd, 4319988.593, 102
Trd, 4319989.643, 139
Trd, 4319989.843, 139
Trd, 4319991.743, 135
Trd, 4319992.643, 140
Trd, 4319993.493, 140
Trd, 4319993.893, 112
Trd, 4319994.243, 110
Trd, 4319995.143, 117
Trd, 4319995.393, 99
Trd, 4319995.693, 94
Trd, 4319996.143, 118
Trd, 4319999.143, 140
Trd, 4319999.243, 140
Trd, 4319999.643, 139
