Trd, 4318064.993, 100
Trd, 4318065.043, 91
Trd, 4318065.493, 73
Trd, 4318066.643, 73
Trd, 4318067.793, 79
Trd, 4318068.043, 113
Trd, 4318068.643, 76
Trd, 4318069.493, 102
Trd, 4318070.743, 111
Trd, 4318071.293, 88
Trd, 4318071.443, 121
Trd, 4318071.693, 120
Trd, 4318073.343, 81
Trd, 4318073.793, 88
Trd, 4318074.193, 72
Trd, 4318075.593, 60
Trd, 4318075.743, 89
Trd, 4318077.393, 120
Trd, 4318078.293, 114
Trd, 4318078.993, 98
Trd, 4318081.943, 123
Trd, 4318082.043, 128
Trd, 4318082.343, 121
Trd, 4318082.693, 100
Trd, 4318083.743, 99
Trd, 4318084.643, 108
Trd, 4318085.593, 103
Trd, 4318085.743, 82
Trd, 4318087.543, 105
Trd, 4318089.243, 108
Trd, 4318089.543, 93
Trd, 4318089.593, 81
Trd, 4318090.743, 95
Trd, 4318091.143, 93
Trd, 4318091.193, 88
Trd, 4318091.943, 128
Trd, 4318095.643, 120
Trd, 4318096.043, 97
Trd, 4318096.593, 132
Trd, 4318097.743, 120
Trd, 4318098.543, 110
Trd, 4318098.643, 101
Trd, 4318099.943, 106
Trd, 4318100.543, 90
Trd, 4318103.043, 88
Trd, 4318103.093, 85
Trd, 4318103.893, 114
Trd, 4318105.343, 104
Trd, 4318105.393, 103
Trd, 4318105.493, 89
Trd, 4318105.993, 84
Trd, 4318106.243, 70
Trd, 4318108.943, 92
Trd, 4318109.293, 96
Trd, 4318109.543, 91
Trd, 4318110.293, 94
Trd, 4318111.393, 94
Trd, 4318112.093, 89
Trd, 4318112.293, 107
Trd, 4318112.543, 78
Trd, 4318113.743, 113
Trd, 4318114.793, 95
Trd, 4318114.943, 85
Trd, 4318117.043, 80
Trd, 4318117.543, 96
Trd, 4318117.793, 128
Trd, 4318118.293, 118
Trd, 4318119.793, 123
Trd, 4318120.293, 96
Trd, 4318121.693, 126
Trd, 4318121.793, 97
Trd, 4318123.943, 126
Trd, 4318124.493, 111
Trd, 4318124.793, 100
Trd, 4318125.643, 92
Trd, 4318126.093, 111
Trd, 4318126.193, 87
Trd, 4318127.593, 114
Trd, 4318128.343, 110
Trd, 4318128.643, 93
Trd, 4318128.943, 99
Trd, 4318129.343, 93
Trd, 4318129.743, 90
Trd, 4318131.093, 86
Trd, 4318132.393, 90
Trd, 4318132.993, 99
Trd, 4318135.643, 122
Trd, 4318135.943, 116
Trd, 4318137.043, 122
Trd, 4318138.843, 114
Trd, 4318139.343, 124
Trd, 4318139.793, 129
Trd, 4318140.143, 114
Trd, 4318140.243, 103
Trd, 4318140.493, 132
Trd, 4318140.543, 97
Trd, 4318141.143, 111
Trd, 4318141.243, 68
Trd, 4318143.093, 111
Trd, 4318144.093, 108
Trd, 4318144.343, 79
Trd, 4318144.793, 89
Trd, 4318145.993, 84
Trd, 4318146.243, 104
Trd, 4318146.893, 99
Trd, 4318148.693, 117
Trd, 4318148.743, 100
Trd, 4318149.443, 106
Trd, 4318149.493, 99
Trd, 4318149.893, 131
Trd, 4318151.543, 104
Trd, 4318153.443, 106
Trd, 4318154.243, 84
Trd, 4318154.943, 93
Trd, 4318156.443, 130
Trd, 4318156.843, 99
Trd, 4318157.293, 97
Trd, 4318158.243, 97
Trd, 4318158.793, 94
Trd, 4318158.843, 114
Trd, 4318159.893, 82
Trd, 4318160.043, 77
Trd, 4318160.493, 86
Trd, 4318161.043, 63
Trd, 4318162.743, 124
Trd, 4318164.343, 100
Trd, 4318164.793, 99
Trd, 4318165.193, 69
Trd, 4318166.343, 116
Trd, 4318167.743, 130
Trd, 4318168.643, 124
Trd, 4318168.893, 104
Trd, 4318169.693, 120
Trd, 4318170.693, 132
Trd, 4318171.143, 92
Trd, 4318172.193, 88
Trd, 4318173.043, 83
Trd, 4318174.743, 89
Trd, 4318174.943, 111
Trd, 4318175.843, 100
Trd, 4318176.793, 100
Trd, 4318178.293, 137
Trd, 4318178.493, 106
Trd, 4318179.343, 78
Trd, 4318179.593, 71
Trd, 4318179.693, 67
Trd, 4318180.693, 95
Trd, 4318180.793, 71
Trd, 4318182.343, 102
Trd, 4318183.893, 111
Trd, 4318183.993, 111
Trd, 4318184.193, 103
Trd, 4318184.293, 128
Trd, 4318185.243, 92
Trd, 4318187.643, 90
Trd, 4318188.493, 107
Trd, 4318189.943, 106
Trd, 4318190.293, 100
Trd, 4318191.043, 121
Trd, 4318191.193, 107
Trd, 4318191.493, 116
Trd, 4318191.993, 133
Trd, 4318192.143, 74
Trd, 4318192.743, 87
Trd, 4318193.893, 91
Trd, 4318195.643, 77
Trd, 4318195.843, 77
Trd, 4318196.693, 108
Trd, 4318196.793, 106
Trd, 4318197.793, 121
Trd, 4318198.993, 100
Trd, 4318201.143, 74
Trd, 4318201.993, 70
Trd, 4318202.193, 75
Trd, 4318203.543, 60
Trd, 4318204.393, 70
Trd, 4318204.893, 95
Trd, 4318206.843, 118
Trd, 4318207.093, 91
Trd, 4318207.343, 95
Trd, 4318208.093, 110
Trd, 4318208.293, 67
Trd, 4318208.893, 64
Trd, 4318210.443, 115
Trd, 4318211.393, 125
Trd, 4318212.093, 105
Trd, 4318212.543, 122
Trd, 4318213.343, 103
Trd, 4318214.943, 106
Trd, 4318215.743, 123
Trd, 4318215.993, 117
Trd, 4318216.093, 99
Trd, 4318218.043, 89
Trd, 4318219.143, 111
Trd, 4318221.343, 110
Trd, 4318221.393, 93
Trd, 4318221.443, 91
Trd, 4318222.543, 92
Trd, 4318222.693, 113
Trd, 4318224.143, 103
Trd, 4318225.193, 97
Trd, 4318226.793, 120
Trd, 4318229.243, 132
Trd, 4318229.793, 106
Trd, 4318229.993, 103
Trd, 4318230.443, 98
Trd, 4318231.093, 134
Trd, 4318232.093, 88
Trd, 4318233.093, 97
Trd, 4318233.393, 87
Trd, 4318234.643, 122
Trd, 4318236.593, 130
Trd, 4318236.693, 83
Trd, 4318237.243, 89
Trd, 4318239.243, 99
Trd, 4318240.193, 102
Trd, 4318241.043, 125
Trd, 4318241.693, 100
Trd, 4318242.993, 106
Trd, 4318243.693, 95
Trd, 4318244.143, 108
Trd, 4318245.043, 134
Trd, 4318246.843, 103
Trd, 4318246.993, 98
Trd, 4318247.393, 89
Trd, 4318248.393, 113
Trd, 4318248.643, 103
Trd, 4318248.793, 79
Trd, 4318250.393, 85
Trd, 4318251.093, 136
Trd, 4318251.343, 122
Trd, 4318251.543, 111
Trd, 4318252.093, 95
Trd, 4318253.193, 81
Trd, 4318253.593, 93
Trd, 4318255.343, 118
Trd, 4318255.393, 98
Trd, 4318256.343, 101
Trd, 4318256.743, 133
Trd, 4318257.493, 88
Trd, 4318258.243, 87
Trd, 4318259.843, 115
Trd, 4318260.593, 83
Trd, 4318260.943, 101
Trd, 4318262.543, 96
Trd, 4318262.793, 83
Trd, 4318263.243, 105
Trd, 4318264.243, 86
Trd, 4318264.643, 112
Trd, 4318264.893, 103
Trd, 4318265.693, 95
Trd, 4318266.343, 81
Trd, 4318266.493, 82
Trd, 4318267.793, 76
Trd, 4318269.693, 91
Trd, 4318270.743, 115
Trd, 4318271.093, 101
Trd, 4318272.343, 69
Trd, 4318272.743, 104
Trd, 4318272.893, 99
Trd, 4318273.193, 125
Trd, 4318273.393, 83
Trd, 4318274.443, 109
Trd, 4318274.543, 74
Trd, 4318276.493, 105
Trd, 4318276.793, 115
Trd, 4318277.843, 101
Trd, 4318279.493, 97
Trd, 4318280.493, 90
Trd, 4318282.193, 82
Trd, 4318282.343, 107
Trd, 4318282.793, 119
Trd, 4318282.943, 76
Trd, 4318282.993, 74
Trd, 4318284.243, 115
Trd, 4318284.993, 111
Trd, 4318286.093, 89
Trd, 4318286.643, 131
Trd, 4318287.743, 123
Trd, 4318287.943, 94
Trd, 4318288.243, 82
Trd, 4318290.093, 132
Trd, 4318290.643, 116
Trd, 4318291.293, 95
Trd, 4318292.243, 92
Trd, 4318293.643, 135
Trd, 4318294.543, 113
Trd, 4318296.043, 111
Trd, 4318296.343, 101
Trd, 4318296.693, 90
Trd, 4318296.843, 89
Trd, 4318297.293, 129
Trd, 4318298.143, 95
Trd, 4318298.943, 92
Trd, 4318300.593, 93
Trd, 4318300.843, 98
Trd, 4318302.293, 114
Trd, 4318302.893, 98
Trd, 4318303.593, 86
Trd, 4318303.993, 113
Trd, 4318306.693, 119
Trd, 4318307.043, 114
Trd, 4318309.243, 106
Trd, 4318309.843, 111
Trd, 4318310.793, 119
Trd, 4318310.843, 112
Trd, 4318311.093, 74
Trd, 4318311.843, 82
Trd, 4318312.643, 82
Trd, 4318314.543, 83
Trd, 4318314.993, 85
Trd, 4318317.143, 94
Trd, 4318317.393, 92
Trd, 4318317.793, 90
Trd, 4318318.393, 89
Trd, 4318319.243, 76
Trd, 4318319.543, 113
Trd, 4318320.643, 79
Trd, 4318321.893, 90
Trd, 4318323.143, 92
Trd, 4318323.993, 107
Trd, 4318324.393, 85
Trd, 4318324.593, 98
Trd, 4318324.793, 80
Trd, 4318325.143, 73
Trd, 4318326.593, 140
Trd, 4318327.543, 111
Trd, 4318327.893, 106
Trd, 4318328.343, 97
Trd, 4318329.693, 125
Trd, 4318330.893, 129
Trd, 4318331.293, 109
Trd, 4318331.643, 106
Trd, 4318332.643, 93
Trd, 4318333.993, 112
Trd, 4318335.643, 140
Trd, 4318336.443, 131
Trd, 4318336.643, 112
Trd, 4318337.443, 105
Trd, 4318337.843, 89
Trd, 4318337.993, 86
Trd, 4318340.343, 64
Trd, 4318340.943, 96
Trd, 4318341.793, 62
Trd, 4318342.293, 96
Trd, 4318343.643, 114
Trd, 4318345.343, 122
Trd, 4318345.643, 124
Trd, 4318346.293, 121
Trd, 4318346.493, 115
Trd, 4318346.593, 111
Trd, 4318349.093, 101
Trd, 4318349.593, 80
Trd, 4318350.043, 98
Trd, 4318350.343, 79
Trd, 4318350.443, 76
Trd, 4318350.843, 128
Trd, 4318352.543, 95
Trd, 4318352.593, 82
Trd, 4318353.293, 67
Trd, 4318353.743, 115
Trd, 4318354.593, 98
Trd, 4318354.843, 116
Trd, 4318355.243, 120
Trd, 4318358.693, 90
Trd, 4318359.743, 101
Trd, 4318359.893, 86
Trd, 4318360.243, 122
Trd, 4318360.443, 94
Trd, 4318361.643, 124
Trd, 4318361.793, 115
Trd, 4318363.043, 119
Trd, 4318364.143, 100
Trd, 4318364.743, 122
Trd, 4318365.143, 88
Trd, 4318365.443, 114
Trd, 4318366.193, 113
Trd, 4318366.393, 81
Trd, 4318367.393, 120
Trd, 4318367.943, 124
Trd, 4318368.593, 124
Trd, 4318369.393, 114
Trd, 4318370.393, 98
Trd, 4318371.443, 106
Trd, 4318372.543, 100
Trd, 4318373.293, 92
Trd, 4318373.493, 74
Trd, 4318373.843, 78
Trd, 4318374.443, 63
Trd, 4318377.093, 127
Trd, 4318377.443, 122
Trd, 4318378.093, 99
Trd, 4318378.493, 91
Trd, 4318379.193, 132
Trd, 4318379.543, 75
Trd, 4318381.093, 81
Trd, 4318381.343, 79
Trd, 4318381.893, 105
Trd, 4318382.093, 110
Trd, 4318383.743, 128
Trd, 4318384.393, 108
Trd, 4318385.393, 109
Trd, 4318385.543, 89
Trd, 4318387.793, 93
Trd, 4318387.943, 88
Trd, 4318388.443, 131
Trd, 4318388.493, 117
Trd, 4318388.743, 111
Trd, 4318389.943, 85
Trd, 4318391.093, 85
Trd, 4318391.293, 79
Trd, 4318392.393, 120
Trd, 4318393.593, 102
Trd, 4318393.943, 99
Trd, 4318394.643, 108
Trd, 4318395.793, 135
Trd, 4318396.843, 74
Trd, 4318397.893, 115
Trd, 4318398.493, 101
Trd, 4318399.793, 99
Trd, 4318400.143, 93
Trd, 4318400.493, 88
Trd, 4318400.743, 85
Trd, 4318402.643, 82
Trd, 4318404.693, 100
Trd, 4318404.743, 104
Trd, 4318405.293, 114
Trd, 4318406.343, 138
Trd, 4318406.593, 109
Trd, 4318407.243, 98
Trd, 4318407.693, 132
Trd, 4318408.043, 135
Trd, 4318408.493, 105
Trd, 4318409.543, 97
Trd, 4318410.993, 81
Trd, 4318411.543, 99
Trd, 4318412.143, 75
Trd, 4318412.393, 70
Trd, 4318413.793, 80
Trd, 4318414.343, 70
Trd, 4318416.643, 121
Trd, 4318416.693, 107
Trd, 4318417.693, 110
Trd, 4318417.793, 103
Trd, 4318417.893, 103
Trd, 4318418.043, 91
Trd, 4318418.893, 73
Trd, 4318419.493, 94
Trd, 4318420.393, 64
Trd, 4318420.843, 81
Trd, 4318421.143, 70
Trd, 4318421.443, 86
Trd, 4318422.093, 81
Trd, 4318424.743, 118
Trd, 4318425.693, 109
Trd, 4318426.243, 127
Trd, 4318427.843, 105
Trd, 4318429.143, 87
Trd, 4318429.343, 84
Trd, 4318429.793, 62
Trd, 4318430.343, 84
Trd, 4318430.393, 60
Trd, 4318432.143, 75
Trd, 4318433.393, 88
Trd, 4318434.293, 109
Trd, 4318434.343, 104
Trd, 4318434.543, 95
Trd, 4318435.343, 65
Trd, 4318436.143, 129
Trd, 4318436.293, 107
Trd, 4318436.343, 93
Trd, 4318436.543, 136
Trd, 4318437.343, 101
Trd, 4318440.443, 99
Trd, 4318441.193, 101
Trd, 4318442.693, 108
Trd, 4318442.743, 92
Trd, 4318444.543, 131
Trd, 4318444.793, 128
Trd, 4318444.993, 113
Trd, 4318447.643, 130
Trd, 4318448.243, 117
Trd, 4318448.543, 95
Trd, 4318448.943, 84
Trd, 4318450.093, 91
Trd, 4318450.293, 83
Trd, 4318450.693, 83
Trd, 4318451.043, 90
Trd, 4318451.543, 100
Trd, 4318453.543, 87
Trd, 4318454.593, 97
Trd, 4318455.793, 113
Trd, 4318458.043, 103
Trd, 4318458.493, 95
Trd, 4318458.643, 92
Trd, 4318459.343, 117
Trd, 4318460.593, 114
Trd, 4318460.943, 120
Trd, 4318461.643, 106
Trd, 4318462.093, 100
Trd, 4318462.543, 79
Trd, 4318463.943, 70
Trd, 4318465.343, 101
Trd, 4318465.593, 96
Trd, 4318466.193, 87
Trd, 4318467.093, 83
Trd, 4318468.493, 103
Trd, 4318469.893, 108
Trd, 4318470.143, 113
Trd, 4318471.993, 111
Trd, 4318473.043, 100
Trd, 4318473.243, 99
Trd, 4318473.393, 108
Trd, 4318474.093, 103
Trd, 4318475.493, 98
Trd, 4318476.093, 102
Trd, 4318477.443, 118
Trd, 4318477.593, 108
Trd, 4318478.043, 111
Trd, 4318478.343, 118
Trd, 4318479.243, 125
Trd, 4318479.643, 99
Trd, 4318482.893, 94
Trd, 4318483.293, 92
Trd, 4318484.493, 84
Trd, 4318484.793, 67
Trd, 4318485.293, 65
Trd, 4318486.393, 95
Trd, 4318486.643, 63
Trd, 4318486.993, 86
Trd, 4318487.193, 106
Trd, 4318489.093, 67
Trd, 4318490.093, 113
Trd, 4318490.643, 116
Trd, 4318491.393, 93
Trd, 4318492.243, 110
Trd, 4318492.543, 91
Trd, 4318493.043, 85
Trd, 4318493.493, 100
Trd, 4318495.143, 106
Trd, 4318495.593, 120
Trd, 4318496.143, 99
Trd, 4318496.543, 86
Trd, 4318497.193, 94
Trd, 4318499.943, 79
Trd, 4318500.593, 97
Trd, 4318500.793, 112
Trd, 4318500.893, 125
Trd, 4318500.943, 90
Trd, 4318501.643, 75
Trd, 4318502.093, 74
Trd, 4318502.743, 82
Trd, 4318504.243, 131
Trd, 4318504.693, 103
Trd, 4318505.543, 112
Trd, 4318506.493, 100
Trd, 4318506.743, 90
Trd, 4318507.343, 78
Trd, 4318508.143, 95
Trd, 4318509.093, 78
Trd, 4318509.243, 66
Trd, 4318511.793, 112
Trd, 4318512.693, 111
Trd, 4318514.743, 111
Trd, 4318515.393, 111
Trd, 4318515.493, 96
Trd, 4318515.993, 94
Trd, 4318516.243, 86
Trd, 4318517.743, 81
Trd, 4318517.943, 77
Trd, 4318518.293, 122
Trd, 4318519.243, 103
Trd, 4318519.893, 95
Trd, 4318520.943, 115
Trd, 4318521.493, 90
Trd, 4318523.693, 121
Trd, 4318524.143, 87
Trd, 4318525.343, 116
Trd, 4318525.743, 109
Trd, 4318528.143, 117
Trd, 4318528.293, 99
Trd, 4318528.393, 99
Trd, 4318528.843, 99
Trd, 4318529.393, 92
Trd, 4318530.243, 86
Trd, 4318531.643, 114
Trd, 4318531.843, 97
Trd, 4318533.793, 92
Trd, 4318535.243, 117
Trd, 4318536.443, 138
Trd, 4318536.693, 117
Trd, 4318537.243, 109
Trd, 4318537.293, 106
Trd, 4318538.043, 86
Trd, 4318538.393, 98
Trd, 4318539.943, 85
Trd, 4318540.193, 123
Trd, 4318540.693, 65
Trd, 4318542.793, 76
Trd, 4318542.943, 83
Trd, 4318543.893, 116
Trd, 4318544.193, 105
Trd, 4318544.793, 136
Trd, 4318546.693, 117
Trd, 4318546.943, 90
Trd, 4318548.493, 97
Trd, 4318548.743, 105
Trd, 4318549.793, 102
Trd, 4318550.443, 102
Trd, 4318550.943, 72
Trd, 4318551.743, 78
Trd, 4318551.893, 84
Trd, 4318553.343, 96
Trd, 4318554.443, 93
Trd, 4318554.593, 86
Trd, 4318554.943, 75
Trd, 4318555.043, 75
Trd, 4318557.443, 140
Trd, 4318557.493, 108
Trd, 4318558.093, 85
Trd, 4318559.693, 90
Trd, 4318559.793, 90
Trd, 4318561.043, 102
Trd, 4318562.693, 140
Trd, 4318564.143, 105
Trd, 4318565.443, 125
Trd, 4318566.843, 118
Trd, 4318567.743, 96
Trd, 4318568.193, 103
Trd, 4318569.093, 110
Trd, 4318569.393, 82
Trd, 4318569.893, 90
Trd, 4318572.043, 133
Trd, 4318573.543, 135
Trd, 4318573.993, 128
Trd, 4318574.293, 116
Trd, 4318574.793, 115
Trd, 4318574.843, 112
Trd, 4318576.043, 84
Trd, 4318578.393, 96
Trd, 4318578.993, 122
Trd, 4318581.343, 104
Trd, 4318581.393, 96
Trd, 4318581.543, 95
Trd, 4318582.543, 92
Trd, 4318583.493, 125
Trd, 4318583.743, 113
Trd, 4318585.793, 137
Trd, 4318586.243, 95
Trd, 4318586.443, 86
Trd, 4318587.693, 93
Trd, 4318589.043, 102
Trd, 4318589.543, 88
Trd, 4318590.043, 101
Trd, 4318590.743, 114
Trd, 4318591.293, 85
Trd, 4318592.593, 69
Trd, 4318592.893, 66
Trd, 4318593.193, 97
Trd, 4318594.143, 138
Trd, 4318594.293, 117
Trd, 4318595.593, 110
Trd, 4318595.743, 119
Trd, 4318597.043, 112
Trd, 4318598.543, 102
Trd, 4318599.593, 89
Trd, 4318600.443, 97
Trd, 4318600.893, 86
Trd, 4318601.293, 81
Trd, 4318601.893, 76
Trd, 4318603.093, 124
Trd, 4318604.093, 123
Trd, 4318604.193, 116
Trd, 4318604.943, 118
Trd, 4318605.743, 107
Trd, 4318607.043, 103
Trd, 4318607.943, 140
Trd, 4318608.193, 117
Trd, 4318608.443, 105
Trd, 4318609.893, 112
Trd, 4318611.143, 114
Trd, 4318611.593, 75
Trd, 4318612.543, 121
Trd, 4318612.593, 110
Trd, 4318615.493, 105
Trd, 4318615.593, 97
Trd, 4318615.843, 95
Trd, 4318615.943, 90
Trd, 4318616.693, 65
Trd, 4318618.443, 90
Trd, 4318618.693, 106
Trd, 4318619.843, 92
Trd, 4318621.043, 118
Trd, 4318621.393, 91
Trd, 4318621.593, 91
Trd, 4318623.043, 120
Trd, 4318623.893, 86
Trd, 4318624.093, 81
Trd, 4318624.843, 94
Trd, 4318626.143, 71
Trd, 4318627.143, 125
Trd, 4318627.343, 115
Trd, 4318627.943, 111
Trd, 4318628.843, 92
Trd, 4318629.343, 78
Trd, 4318630.993, 74
Trd, 4318632.493, 134
Trd, 4318633.293, 134
Trd, 4318634.093, 89
Trd, 4318634.493, 88
Trd, 4318634.943, 84
Trd, 4318635.193, 111
Trd, 4318638.093, 118
Trd, 4318638.643, 100
Trd, 4318638.843, 96
Trd, 4318639.693, 126
Trd, 4318639.993, 103
Trd, 4318640.693, 102
Trd, 4318640.993, 88
Trd, 4318641.843, 105
Trd, 4318642.393, 96
Trd, 4318643.843, 113
Trd, 4318644.143, 94
Trd, 4318644.443, 137
Trd, 4318648.243, 134
Trd, 4318648.743, 88
Trd, 4318648.993, 84
Trd, 4318649.143, 99
Trd, 4318649.643, 78
Trd, 4318649.793, 115
Trd, 4318650.943, 103
Trd, 4318651.043, 129
Trd, 4318652.193, 89
Trd, 4318652.843, 76
Trd, 4318653.043, 103
Trd, 4318654.243, 107
Trd, 4318654.943, 118
Trd, 4318656.493, 98
Trd, 4318656.993, 104
Trd, 4318658.843, 109
Trd, 4318659.793, 113
Trd, 4318659.893, 85
Trd, 4318660.043, 72
Trd, 4318660.193, 68
Trd, 4318660.343, 107
Trd, 4318660.493, 68
Trd, 4318661.093, 117
Trd, 4318663.693, 108
Trd, 4318664.843, 90
Trd, 4318664.943, 85
Trd, 4318667.143, 70
Trd, 4318667.343, 80
Trd, 4318669.093, 119
Trd, 4318669.643, 112
Trd, 4318670.243, 135
Trd, 4318670.343, 117
Trd, 4318672.043, 128
Trd, 4318672.343, 118
Trd, 4318672.543, 93
Trd, 4318673.693, 89
Trd, 4318675.143, 113
Trd, 4318675.243, 92
Trd, 4318675.643, 118
Trd, 4318675.843, 84
Trd, 4318676.093, 83
Trd, 4318680.043, 131
Trd, 4318681.093, 110
Trd, 4318681.243, 106
Trd, 4318681.343, 102
Trd, 4318681.843, 120
Trd, 4318683.543, 84
Trd, 4318683.993, 81
Trd, 4318684.943, 103
Trd, 4318686.143, 106
Trd, 4318686.643, 99
Trd, 4318686.893, 107
Trd, 4318687.343, 99
Trd, 4318688.843, 94
Trd, 4318690.093, 112
Trd, 4318690.493, 83
Trd, 4318692.393, 107
Trd, 4318692.593, 63
Trd, 4318693.143, 60
Trd, 4318693.943, 102
Trd, 4318695.643, 86
Trd, 4318697.143, 129
Trd, 4318698.093, 115
Trd, 4318699.993, 109
Trd, 4318700.093, 119
Trd, 4318701.293, 137
Trd, 4318701.443, 112
Trd, 4318701.893, 110
Trd, 4318703.593, 126
Trd, 4318704.793, 112
Trd, 4318704.843, 109
Trd, 4318705.793, 94
Trd, 4318705.843, 93
Trd, 4318706.693, 100
Trd, 4318707.293, 119
Trd, 4318707.793, 74
Trd, 4318710.243, 102
Trd, 4318710.443, 100
Trd, 4318711.243, 108
Trd, 4318711.293, 104
Trd, 4318711.493, 95
Trd, 4318711.993, 102
Trd, 4318712.193, 92
Trd, 4318712.843, 60
Trd, 4318713.493, 114
Trd, 4318713.843, 80
Trd, 4318716.093, 126
Trd, 4318716.493, 99
Trd, 4318718.043, 110
Trd, 4318718.543, 106
Trd, 4318719.593, 95
Trd, 4318720.793, 118
Trd, 4318721.793, 102
Trd, 4318722.393, 126
Trd, 4318722.493, 121
Trd, 4318722.793, 110
Trd, 4318724.293, 110
Trd, 4318724.493, 83
Trd, 4318726.343, 102
Trd, 4318727.743, 96
Trd, 4318728.143, 105
Trd, 4318728.243, 99
Trd, 4318729.743, 114
Trd, 4318730.893, 104
Trd, 4318731.343, 95
Trd, 4318732.843, 115
Trd, 4318734.143, 102
Trd, 4318734.243, 81
Trd, 4318734.893, 133
Trd, 4318735.843, 95
Trd, 4318736.093, 92
Trd, 4318736.793, 109
Trd, 4318736.943, 81
Trd, 4318738.593, 101
Trd, 4318738.993, 96
Trd, 4318740.293, 86
Trd, 4318740.643, 97
Trd, 4318741.393, 100
Trd, 4318742.043, 103
Trd, 4318743.593, 102
Trd, 4318744.393, 109
Trd, 4318745.193, 125
Trd, 4318745.443, 105
Trd, 4318745.993, 98
Trd, 4318746.793, 79
Trd, 4318747.743, 100
Trd, 4318747.993, 128
Trd, 4318749.093, 104
Trd, 4318749.343, 94
Trd, 4318749.693, 121
Trd, 4318750.493, 109
Trd, 4318751.143, 123
Trd, 4318751.193, 113
Trd, 4318751.743, 77
Trd, 4318752.843, 103
Trd, 4318753.993, 102
Trd, 4318754.643, 96
Trd, 4318754.693, 90
Trd, 4318756.493, 122
Trd, 4318756.943, 117
Trd, 4318757.843, 103
Trd, 4318760.943, 105
Trd, 4318761.293, 95
Trd, 4318763.293, 115
Trd, 4318763.493, 111
Trd, 4318763.793, 102
Trd, 4318764.543, 87
Trd, 4318765.943, 86
Trd, 4318766.443, 86
Trd, 4318766.843, 82
Trd, 4318767.643, 87
Trd, 4318768.743, 125
Trd, 4318769.543, 123
Trd, 4318770.843, 91
Trd, 4318771.343, 113
Trd, 4318773.393, 128
Trd, 4318773.793, 100
Trd, 4318773.993, 102
Trd, 4318774.343, 97
Trd, 4318775.343, 100
Trd, 4318775.593, 104
Trd, 4318776.593, 95
Trd, 4318776.843, 90
Trd, 4318779.543, 126
Trd, 4318780.293, 116
Trd, 4318780.593, 99
Trd, 4318780.693, 80
Trd, 4318780.993, 65
Trd, 4318781.693, 72
Trd, 4318783.293, 125
Trd, 4318783.993, 120
Trd, 4318784.393, 115
Trd, 4318784.643, 102
Trd, 4318785.143, 103
Trd, 4318785.643, 108
Trd, 4318786.143, 105
Trd, 4318787.243, 120
Trd, 4318787.343, 101
Trd, 4318788.493, 107
Trd, 4318789.293, 93
Trd, 4318792.043, 89
Trd, 4318792.093, 92
Trd, 4318792.243, 87
Trd, 4318792.543, 85
Trd, 4318792.743, 110
Trd, 4318792.843, 82
Trd, 4318793.193, 115
Trd, 4318794.143, 73
Trd, 4318794.793, 116
Trd, 4318795.393, 110
Trd, 4318795.843, 101
Trd, 4318796.743, 93
Trd, 4318798.143, 106
Trd, 4318798.243, 101
Trd, 4318798.793, 64
Trd, 4318799.393, 61
Trd, 4318800.043, 65
Trd, 4318800.593, 63
Trd, 4318802.043, 84
Trd, 4318803.843, 80
Trd, 4318803.893, 72
Trd, 4318804.593, 100
Trd, 4318804.693, 93
Trd, 4318805.393, 68
Trd, 4318805.593, 66
Trd, 4318807.143, 113
Trd, 4318807.443, 71
Trd, 4318808.893, 101
Trd, 4318809.793, 118
Trd, 4318810.993, 89
Trd, 4318811.093, 91
Trd, 4318811.943, 120
Trd, 4318812.143, 111
Trd, 4318814.843, 109
Trd, 4318815.443, 127
Trd, 4318815.643, 107
Trd, 4318817.243, 103
Trd, 4318817.493, 94
Trd, 4318818.893, 116
Trd, 4318818.993, 111
Trd, 4318819.443, 82
Trd, 4318820.593, 83
Trd, 4318821.993, 75
Trd, 4318822.493, 105
Trd, 4318823.643, 105
Trd, 4318823.743, 98
Trd, 4318825.343, 121
Trd, 4318826.143, 86
Trd, 4318826.693, 96
Trd, 4318827.943, 131
Trd, 4318828.943, 96
Trd, 4318829.943, 86
Trd, 4318830.193, 63
Trd, 4318830.893, 65
Trd, 4318832.193, 103
Trd, 4318832.493, 96
Trd, 4318832.543, 91
Trd, 4318833.493, 111
Trd, 4318834.993, 119
Trd, 4318835.893, 102
Trd, 4318838.093, 92
Trd, 4318839.693, 116
Trd, 4318841.393, 117
Trd, 4318841.643, 113
Trd, 4318841.793, 110
Trd, 4318842.243, 102
Trd, 4318843.693, 114
Trd, 4318844.343, 108
Trd, 4318845.493, 102
Trd, 4318847.893, 116
Trd, 4318848.243, 113
Trd, 4318848.343, 105
Trd, 4318848.793, 103
Trd, 4318848.943, 91
Trd, 4318849.993, 112
Trd, 4318851.293, 111
Trd, 4318851.643, 112
Trd, 4318852.243, 95
Trd, 4318853.893, 113
Trd, 4318856.543, 98
Trd, 4318857.493, 90
Trd, 4318857.993, 84
Trd, 4318858.193, 120
Trd, 4318858.293, 84
Trd, 4318858.493, 77
Trd, 4318858.643, 82
Trd, 4318859.443, 92
Trd, 4318860.343, 85
Trd, 4318861.743, 119
Trd, 4318863.693, 116
Trd, 4318864.193, 103
Trd, 4318864.943, 122
Trd, 4318865.543, 99
Trd, 4318865.593, 85
Trd, 4318866.493, 72
Trd, 4318867.393, 101
Trd, 4318868.793, 105
Trd, 4318870.443, 107
Trd, 4318870.793, 112
Trd, 4318871.143, 96
Trd, 4318871.343, 119
Trd, 4318873.343, 76
Trd, 4318873.693, 94
Trd, 4318873.943, 87
Trd, 4318874.843, 111
Trd, 4318875.193, 63
Trd, 4318875.343, 64
Trd, 4318880.843, 134
Trd, 4318881.243, 116
Trd, 4318881.593, 110
Trd, 4318881.643, 106
Trd, 4318882.993, 119
Trd, 4318883.043, 97
Trd, 4318883.093, 96
Trd, 4318885.293, 93
Trd, 4318885.343, 87
Trd, 4318886.093, 102
Trd, 4318887.543, 89
Trd, 4318887.843, 84
Trd, 4318888.043, 77
Trd, 4318888.893, 125
Trd, 4318889.793, 120
Trd, 4318890.493, 100
Trd, 4318892.243, 112
Trd, 4318892.393, 104
Trd, 4318892.843, 102
Trd, 4318893.793, 91
Trd, 4318894.693, 124
Trd, 4318895.743, 114
Trd, 4318896.493, 104
Trd, 4318897.893, 94
Trd, 4318898.943, 109
Trd, 4318899.293, 106
Trd, 4318899.943, 128
Trd, 4318900.393, 89
Trd, 4318900.993, 87
Trd, 4318902.993, 88
Trd, 4318903.093, 95
Trd, 4318904.043, 75
Trd, 4318905.443, 81
Trd, 4318906.193, 111
Trd, 4318908.643, 119
Trd, 4318908.943, 98
Trd, 4318909.043, 93
Trd, 4318909.693, 92
Trd, 4318911.593, 116
Trd, 4318912.443, 106
Trd, 4318912.643, 100
Trd, 4318912.893, 99
Trd, 4318913.393, 97
Trd, 4318914.643, 93
Trd, 4318915.143, 79
Trd, 4318915.643, 75
Trd, 4318915.693, 95
Trd, 4318917.443, 105
Trd, 4318917.943, 98
Trd, 4318919.943, 120
Trd, 4318920.543, 121
Trd, 4318921.243, 134
Trd, 4318921.293, 110
Trd, 4318922.043, 102
Trd, 4318922.193, 96
Trd, 4318922.343, 91
Trd, 4318924.093, 79
Trd, 4318924.593, 108
Trd, 4318925.843, 106
Trd, 4318927.243, 110
Trd, 4318929.443, 92
Trd, 4318929.693, 92
Trd, 4318929.793, 83
Trd, 4318930.143, 82
Trd, 4318930.293, 84
Trd, 4318930.943, 62
Trd, 4318931.493, 60
Trd, 4318932.743, 71
Trd, 4318933.443, 74
Trd, 4318934.743, 99
Trd, 4318936.843, 108
Trd, 4318936.993, 103
Trd, 4318937.093, 93
Trd, 4318937.393, 82
Trd, 4318939.293, 88
Trd, 4318939.643, 80
Trd, 4318942.243, 93
Trd, 4318942.343, 78
Trd, 4318942.593, 66
Trd, 4318943.893, 72
Trd, 4318944.243, 67
Trd, 4318945.593, 121
Trd, 4318945.693, 112
Trd, 4318946.543, 93
Trd, 4318947.243, 83
Trd, 4318947.943, 75
Trd, 4318948.593, 79
Trd, 4318948.893, 99
Trd, 4318949.943, 140
Trd, 4318951.343, 107
Trd, 4318951.943, 105
Trd, 4318953.093, 107
Trd, 4318953.393, 91
Trd, 4318954.093, 103
Trd, 4318955.243, 83
Trd, 4318955.693, 115
Trd, 4318956.443, 82
Trd, 4318957.293, 101
Trd, 4318958.393, 131
Trd, 4318958.593, 122
Trd, 4318958.943, 91
Trd, 4318962.543, 108
Trd, 4318962.993, 96
Trd, 4318963.443, 95
Trd, 4318965.193, 124
Trd, 4318966.743, 107
Trd, 4318967.543, 106
Trd, 4318967.643, 103
Trd, 4318968.593, 133
Trd, 4318969.593, 109
Trd, 4318969.893, 107
Trd, 4318970.293, 134
Trd, 4318970.343, 95
Trd, 4318971.993, 105
Trd, 4318972.093, 98
Trd, 4318972.943, 122
Trd, 4318973.093, 98
Trd, 4318974.543, 87
Trd, 4318974.693, 82
Trd, 4318974.743, 77
Trd, 4318975.393, 84
Trd, 4318977.093, 70
Trd, 4318979.993, 126
Trd, 4318980.493, 122
Trd, 4318980.993, 114
Trd, 4318981.043, 106
Trd, 4318981.393, 105
Trd, 4318982.643, 104
Trd, 4318983.793, 132
Trd, 4318983.893, 104
Trd, 4318984.643, 116
Trd, 4318984.743, 95
Trd, 4318985.893, 89
Trd, 4318986.293, 107
Trd, 4318986.743, 116
Trd, 4318987.393, 84
Trd, 4318989.243, 89
Trd, 4318990.043, 80
Trd, 4318990.543, 94
Trd, 4318990.593, 80
Trd, 4318993.043, 105
Trd, 4318993.793, 108
Trd, 4318994.543, 106
Trd, 4318994.793, 121
Trd, 4318995.343, 111
Trd, 4318996.043, 120
Trd, 4318998.093, 113
Trd, 4318998.893, 107
Trd, 4318999.093, 99
Trd, 4318999.693, 98
Trd, 4318999.843, 89
Trd, 4319000.793, 94
Trd, 4319001.643, 108
Trd, 4319001.693, 88
Trd, 4319002.043, 129
Trd, 4319004.093, 124
Trd, 4319005.193, 100
Trd, 4319006.043, 113
Trd, 4319007.693, 132
Trd, 4319007.943, 110
Trd, 4319008.043, 92
Trd, 4319008.843, 94
Trd, 4319009.343, 94
Trd, 4319010.343, 96
Trd, 4319010.743, 98
Trd, 4319011.293, 99
Trd, 4319011.943, 96
Trd, 4319012.243, 90
Trd, 4319012.743, 90
Trd, 4319013.043, 88
Trd, 4319014.093, 73
Trd, 4319015.493, 82
Trd, 4319016.293, 85
Trd, 4319017.043, 99
Trd, 4319019.843, 98
Trd, 4319019.943, 97
Trd, 4319020.643, 91
Trd, 4319021.293, 89
Trd, 4319022.343, 74
Trd, 4319022.593, 85
Trd, 4319023.593, 70
Trd, 4319024.243, 105
Trd, 4319025.043, 117
Trd, 4319025.393, 105
Trd, 4319028.343, 136
Trd, 4319028.643, 124
Trd, 4319029.243, 108
Trd, 4319029.443, 99
Trd, 4319030.443, 99
Trd, 4319031.293, 111
Trd, 4319032.843, 105
Trd, 4319035.493, 120
Trd, 4319035.543, 104
Trd, 4319036.643, 98
Trd, 4319036.943, 122
Trd, 4319037.993, 121
Trd, 4319038.193, 118
Trd, 4319038.993, 111
Trd, 4319039.293, 92
Trd, 4319041.043, 109
Trd, 4319041.943, 106
Trd, 4319042.493, 128
Trd, 4319043.143, 114
Trd, 4319043.643, 126
Trd, 4319043.743, 103
Trd, 4319044.393, 103
Trd, 4319044.643, 94
Trd, 4319047.943, 108
Trd, 4319048.893, 116
Trd, 4319048.993, 111
Trd, 4319049.293, 103
Trd, 4319050.343, 87
Trd, 4319051.793, 93
Trd, 4319052.793, 110
Trd, 4319053.443, 86
Trd, 4319054.093, 130
Trd, 4319056.093, 113
Trd, 4319056.693, 129
Trd, 4319057.943, 136
Trd, 4319057.993, 123
Trd, 4319059.343, 98
Trd, 4319059.443, 113
Trd, 4319060.643, 71
Trd, 4319061.143, 113
Trd, 4319061.943, 62
Trd, 4319062.643, 61
Trd, 4319063.043, 71
Trd, 4319063.493, 137
Trd, 4319063.643, 86
Trd, 4319065.443, 85
Trd, 4319066.243, 122
Trd, 4319066.593, 71
Trd, 4319067.843, 64
Trd, 4319068.093, 64
Trd, 4319068.493, 121
Trd, 4319069.493, 61
Trd, 4319070.543, 68
Trd, 4319070.843, 88
Trd, 4319072.943, 94
Trd, 4319073.943, 89
Trd, 4319074.243, 78
Trd, 4319074.843, 124
Trd, 4319074.993, 94
Trd, 4319075.793, 86
Trd, 4319077.443, 90
Trd, 4319077.693, 89
Trd, 4319078.543, 113
Trd, 4319080.243, 87
Trd, 4319080.693, 84
Trd, 4319081.493, 112
Trd, 4319083.293, 87
Trd, 4319083.393, 80
Trd, 4319084.493, 69
Trd, 4319084.943, 69
Trd, 4319085.843, 106
Trd, 4319085.993, 97
Trd, 4319086.243, 81
Trd, 4319087.043, 70
Trd, 4319087.493, 115
Trd, 4319087.843, 120
Trd, 4319089.543, 96
Trd, 4319089.993, 92
Trd, 4319090.743, 89
Trd, 4319092.043, 116
Trd, 4319092.093, 103
Trd, 4319092.143, 102
Trd, 4319092.393, 102
Trd, 4319092.743, 98
Trd, 4319093.793, 116
Trd, 4319093.943, 99
Trd, 4319094.993, 86
Trd, 4319096.643, 98
Trd, 4319097.493, 117
Trd, 4319098.343, 113
Trd, 4319098.693, 84
Trd, 4319099.943, 139
Trd, 4319100.093, 130
Trd, 4319100.143, 126
Trd, 4319100.993, 113
Trd, 4319101.743, 110
Trd, 4319102.893, 91
Trd, 4319103.243, 111
Trd, 4319104.693, 95
Trd, 4319105.243, 120
Trd, 4319105.443, 104
Trd, 4319106.493, 115
Trd, 4319106.843, 104
Trd, 4319107.043, 98
Trd, 4319108.243, 138
Trd, 4319109.893, 116
Trd, 4319111.343, 119
Trd, 4319111.643, 115
Trd, 4319111.943, 108
Trd, 4319112.493, 99
Trd, 4319113.093, 96
Trd, 4319113.543, 96
Trd, 4319114.443, 123
Trd, 4319115.443, 102
Trd, 4319117.193, 132
Trd, 4319117.243, 99
Trd, 4319117.543, 100
Trd, 4319118.143, 118
Trd, 4319118.643, 118
Trd, 4319119.993, 112
Trd, 4319120.593, 84
Trd, 4319121.843, 69
Trd, 4319122.593, 129
Trd, 4319124.093, 112
Trd, 4319124.343, 104
Trd, 4319125.093, 130
Trd, 4319125.643, 113
Trd, 4319126.893, 106
Trd, 4319127.093, 94
Trd, 4319127.793, 102
Trd, 4319130.743, 86
Trd, 4319131.093, 100
Trd, 4319131.293, 101
Trd, 4319131.393, 80
Trd, 4319131.593, 113
Trd, 4319133.693, 103
Trd, 4319133.793, 97
Trd, 4319133.993, 96
Trd, 4319134.293, 127
Trd, 4319135.343, 81
Trd, 4319136.243, 109
Trd, 4319137.143, 65
Trd, 4319138.193, 133
Trd, 4319138.543, 121
Trd, 4319138.993, 104
Trd, 4319140.643, 92
Trd, 4319142.193, 120
Trd, 4319143.543, 118
Trd, 4319143.693, 101
Trd, 4319143.843, 99
Trd, 4319144.343, 94
Trd, 4319144.893, 138
Trd, 4319145.193, 85
Trd, 4319146.143, 66
Trd, 4319146.693, 94
Trd, 4319147.443, 104
Trd, 4319147.993, 76
Trd, 4319148.443, 101
Trd, 4319148.793, 83
Trd, 4319150.093, 100
Trd, 4319151.793, 64
Trd, 4319152.093, 70
Trd, 4319152.393, 122
Trd, 4319153.393, 73
Trd, 4319154.243, 76
Trd, 4319155.393, 107
Trd, 4319155.593, 136
Trd, 4319157.393, 82
Trd, 4319160.343, 95
Trd, 4319160.493, 89
Trd, 4319160.743, 87
Trd, 4319161.043, 107
Trd, 4319162.093, 97
Trd, 4319162.643, 98
Trd, 4319163.093, 87
Trd, 4319163.143, 85
Trd, 4319163.393, 91
Trd, 4319165.093, 102
Trd, 4319165.443, 113
Trd, 4319167.243, 116
Trd, 4319167.543, 107
Trd, 4319167.593, 101
Trd, 4319169.643, 94
Trd, 4319169.743, 101
Trd, 4319170.043, 111
Trd, 4319170.143, 87
Trd, 4319173.143, 103
Trd, 4319173.193, 95
Trd, 4319174.543, 82
Trd, 4319175.393, 97
Trd, 4319176.443, 92
Trd, 4319177.493, 103
Trd, 4319177.893, 93
Trd, 4319178.793, 102
Trd, 4319179.193, 112
Trd, 4319181.043, 114
Trd, 4319182.043, 119
Trd, 4319182.993, 98
Trd, 4319185.343, 108
Trd, 4319186.343, 134
Trd, 4319186.693, 122
Trd, 4319187.093, 113
Trd, 4319187.843, 107
Trd, 4319188.143, 106
Trd, 4319190.593, 86
Trd, 4319191.793, 73
Trd, 4319192.743, 100
Trd, 4319193.193, 75
Trd, 4319194.243, 121
Trd, 4319195.893, 91
Trd, 4319196.143, 95
Trd, 4319196.493, 98
Trd, 4319198.343, 98
Trd, 4319199.593, 103
Trd, 4319199.743, 93
Trd, 4319201.543, 105
Trd, 4319202.543, 118
Trd, 4319203.693, 108
Trd, 4319205.443, 86
Trd, 4319205.643, 117
Trd, 4319205.793, 87
Trd, 4319207.193, 94
Trd, 4319208.843, 134
Trd, 4319209.293, 119
Trd, 4319209.593, 115
Trd, 4319210.543, 137
Trd, 4319210.893, 106
Trd, 4319213.093, 84
Trd, 4319213.343, 86
Trd, 4319214.443, 109
Trd, 4319215.543, 104
Trd, 4319215.643, 89
Trd, 4319217.793, 92
Trd, 4319218.093, 71
Trd, 4319218.393, 105
Trd, 4319219.443, 102
Trd, 4319219.493, 78
Trd, 4319219.893, 99
Trd, 4319220.093, 69
Trd, 4319221.593, 104
Trd, 4319225.343, 122
Trd, 4319225.393, 95
Trd, 4319225.443, 83
Trd, 4319225.893, 110
Trd, 4319226.043, 102
Trd, 4319226.093, 94
Trd, 4319226.343, 131
Trd, 4319226.743, 112
Trd, 4319229.743, 81
Trd, 4319230.793, 114
Trd, 4319231.843, 102
Trd, 4319233.143, 92
Trd, 4319233.443, 91
Trd, 4319234.143, 76
Trd, 4319234.743, 73
Trd, 4319235.193, 71
Trd, 4319236.193, 118
Trd, 4319237.393, 84
Trd, 4319238.243, 120
Trd, 4319238.993, 123
Trd, 4319239.243, 102
Trd, 4319240.593, 114
Trd, 4319240.993, 108
Trd, 4319241.493, 95
Trd, 4319242.093, 134
Trd, 4319242.493, 96
Trd, 4319242.943, 96
Trd, 4319243.943, 125
Trd, 4319245.843, 122
Trd, 4319246.793, 123
Trd, 4319248.993, 101
Trd, 4319249.543, 96
Trd, 4319250.493, 101
Trd, 4319250.843, 93
Trd, 4319251.543, 116
Trd, 4319252.243, 95
Trd, 4319253.593, 98
Trd, 4319255.243, 111
Trd, 4319256.243, 97
Trd, 4319256.743, 97
Trd, 4319257.593, 140
Trd, 4319257.693, 91
Trd, 4319258.543, 88
Trd, 4319259.743, 128
Trd, 4319261.643, 127
Trd, 4319261.693, 118
Trd, 4319261.843, 114
Trd, 4319262.143, 103
Trd, 4319263.243, 99
Trd, 4319263.543, 84
Trd, 4319264.093, 73
Trd, 4319266.393, 112
Trd, 4319268.343, 103
Trd, 4319268.893, 98
Trd, 4319268.943, 94
Trd, 4319269.093, 94
Trd, 4319269.993, 137
Trd, 4319270.043, 85
Trd, 4319271.593, 86
Trd, 4319271.793, 102
Trd, 4319272.193, 135
Trd, 4319274.493, 95
Trd, 4319274.643, 94
Trd, 4319275.093, 123
Trd, 4319275.193, 86
Trd, 4319275.293, 73
Trd, 4319275.543, 132
Trd, 4319275.793, 84
Trd, 4319277.993, 121
Trd, 4319278.593, 120
Trd, 4319279.093, 117
Trd, 4319279.193, 116
Trd, 4319279.643, 127
Trd, 4319281.443, 92
Trd, 4319282.593, 84
Trd, 4319284.093, 113
Trd, 4319285.143, 106
Trd, 4319286.193, 111
Trd, 4319286.993, 104
Trd, 4319287.043, 109
Trd, 4319288.443, 114
Trd, 4319288.543, 95
Trd, 4319288.743, 80
Trd, 4319290.243, 76
Trd, 4319290.343, 81
Trd, 4319291.843, 112
Trd, 4319291.893, 90
Trd, 4319293.193, 118
Trd, 4319293.393, 103
Trd, 4319293.793, 106
Trd, 4319294.643, 115
Trd, 4319295.493, 114
Trd, 4319296.143, 93
Trd, 4319297.643, 97
Trd, 4319297.943, 97
Trd, 4319299.193, 117
Trd, 4319299.593, 108
Trd, 4319299.693, 96
Trd, 4319300.543, 93
Trd, 4319300.743, 112
Trd, 4319300.893, 86
Trd, 4319301.993, 92
Trd, 4319303.943, 119
Trd, 4319304.243, 88
Trd, 4319304.793, 94
Trd, 4319305.043, 91
Trd, 4319305.293, 70
Trd, 4319306.843, 63
Trd, 4319307.643, 121
Trd, 4319310.143, 131
Trd, 4319310.793, 72
Trd, 4319311.343, 72
Trd, 4319311.793, 92
Trd, 4319311.943, 68
Trd, 4319312.643, 99
Trd, 4319313.193, 83
Trd, 4319314.643, 87
Trd, 4319315.193, 97
Trd, 4319316.593, 71
Trd, 4319316.793, 122
Trd, 4319317.343, 70
Trd, 4319317.793, 83
Trd, 4319318.393, 91
Trd, 4319320.143, 86
Trd, 4319322.393, 89
Trd, 4319322.593, 78
Trd, 4319323.093, 73
Trd, 4319324.193, 79
Trd, 4319325.543, 119
Trd, 4319325.693, 68
Trd, 4319327.493, 108
Trd, 4319327.693, 96
Trd, 4319327.993, 78
Trd, 4319328.193, 115
Trd, 4319329.093, 92
Trd, 4319332.043, 115
Trd, 4319332.293, 106
Trd, 4319332.793, 112
Trd, 4319333.893, 137
Trd, 4319334.393, 109
Trd, 4319334.793, 124
Trd, 4319335.343, 105
Trd, 4319335.493, 100
Trd, 4319335.793, 117
Trd, 4319336.043, 84
Trd, 4319337.143, 102
Trd, 4319337.593, 113
Trd, 4319338.793, 119
Trd, 4319339.843, 95
Trd, 4319340.143, 94
Trd, 4319342.493, 97
Trd, 4319342.993, 114
Trd, 4319343.043, 92
Trd, 4319343.893, 77
Trd, 4319344.643, 118
Trd, 4319345.543, 93
Trd, 4319346.093, 93
Trd, 4319346.593, 83
Trd, 4319347.093, 82
Trd, 4319347.643, 103
Trd, 4319348.893, 114
Trd, 4319349.593, 131
Trd, 4319352.393, 101
Trd, 4319353.293, 89
Trd, 4319353.543, 94
Trd, 4319354.293, 100
Trd, 4319354.943, 106
Trd, 4319355.943, 103
Trd, 4319357.443, 102
Trd, 4319358.643, 111
Trd, 4319358.693, 95
Trd, 4319358.993, 115
Trd, 4319360.093, 106
Trd, 4319361.393, 94
Trd, 4319361.943, 83
Trd, 4319362.693, 95
Trd, 4319364.293, 104
Trd, 4319365.193, 109
Trd, 4319365.543, 73
Trd, 4319367.193, 127
Trd, 4319367.343, 111
Trd, 4319368.143, 129
Trd, 4319368.343, 112
Trd, 4319369.443, 89
Trd, 4319371.193, 84
Trd, 4319371.643, 72
Trd, 4319371.943, 78
Trd, 4319373.393, 119
Trd, 4319375.993, 118
Trd, 4319376.943, 102
Trd, 4319378.193, 102
Trd, 4319378.543, 90
Trd, 4319379.143, 98
Trd, 4319379.693, 99
Trd, 4319379.843, 90
Trd, 4319380.393, 105
Trd, 4319380.943, 117
Trd, 4319380.993, 72
Trd, 4319382.093, 100
Trd, 4319382.743, 111
Trd, 4319384.043, 133
Trd, 4319384.293, 122
Trd, 4319384.993, 86
Trd, 4319386.993, 66
Trd, 4319389.393, 103
Trd, 4319389.893, 122
Trd, 4319390.793, 111
Trd, 4319390.893, 98
Trd, 4319391.243, 97
Trd, 4319392.893, 121
Trd, 4319393.143, 110
Trd, 4319393.593, 106
Trd, 4319394.493, 103
Trd, 4319395.193, 95
Trd, 4319396.243, 86
Trd, 4319397.893, 94
Trd, 4319398.143, 126
Trd, 4319399.043, 89
Trd, 4319399.193, 76
Trd, 4319400.743, 95
Trd, 4319401.543, 127
Trd, 4319402.043, 103
Trd, 4319402.493, 94
Trd, 4319404.443, 129
Trd, 4319404.793, 101
Trd, 4319405.293, 86
Trd, 4319405.593, 94
Trd, 4319405.993, 88
Trd, 4319408.793, 116
Trd, 4319409.043, 111
Trd, 4319409.243, 122
Trd, 4319410.243, 122
Trd, 4319410.393, 106
Trd, 4319410.743, 96
Trd, 4319411.243, 112
Trd, 4319411.693, 72
Trd, 4319413.543, 139
Trd, 4319413.743, 113
Trd, 4319414.943, 93
Trd, 4319414.993, 94
Trd, 4319416.593, 101
Trd, 4319417.793, 97
Trd, 4319418.443, 94
Trd, 4319418.743, 93
Trd, 4319419.143, 85
Trd, 4319420.193, 102
Trd, 4319421.093, 120
Trd, 4319421.393, 113
Trd, 4319421.493, 97
Trd, 4319423.893, 137
Trd, 4319424.143, 125
Trd, 4319424.343, 92
Trd, 4319425.243, 73
Trd, 4319426.143, 99
Trd, 4319427.343, 117
Trd, 4319428.143, 136
Trd, 4319428.393, 106
Trd, 4319428.893, 104
Trd, 4319430.093, 114
Trd, 4319431.293, 101
Trd, 4319433.443, 97
Trd, 4319433.493, 86
Trd, 4319434.293, 118
Trd, 4319435.293, 109
Trd, 4319436.243, 83
Trd, 4319437.293, 129
Trd, 4319438.493, 112
Trd, 4319438.993, 94
Trd, 4319439.293, 93
Trd, 4319440.643, 129
Trd, 4319441.043, 111
Trd, 4319441.393, 109
Trd, 4319441.443, 95
Trd, 4319442.243, 61
Trd, 4319443.843, 84
Trd, 4319445.143, 113
Trd, 4319445.343, 109
Trd, 4319446.993, 110
Trd, 4319447.193, 103
Trd, 4319449.693, 108
Trd, 4319450.493, 106
Trd, 4319450.593, 97
Trd, 4319451.093, 96
Trd, 4319453.193, 104
Trd, 4319453.593, 79
Trd, 4319454.343, 108
Trd, 4319455.243, 92
Trd, 4319455.343, 82
Trd, 4319455.443, 74
Trd, 4319457.693, 71
Trd, 4319459.893, 93
Trd, 4319460.043, 93
Trd, 4319460.143, 77
Trd, 4319460.843, 78
Trd, 4319461.193, 80
Trd, 4319461.293, 76
Trd, 4319462.243, 104
Trd, 4319462.743, 110
Trd, 4319463.443, 109
Trd, 4319463.793, 123
Trd, 4319465.343, 118
Trd, 4319466.793, 109
Trd, 4319467.193, 103
Trd, 4319467.443, 89
Trd, 4319468.143, 101
Trd, 4319469.393, 85
Trd, 4319469.643, 123
Trd, 4319470.193, 83
Trd, 4319471.143, 81
Trd, 4319471.593, 87
Trd, 4319472.693, 92
Trd, 4319473.643, 114
Trd, 4319474.243, 84
Trd, 4319474.743, 102
Trd, 4319475.443, 100
Trd, 4319476.843, 89
Trd, 4319476.993, 86
Trd, 4319477.343, 89
Trd, 4319478.043, 105
Trd, 4319478.793, 74
Trd, 4319480.343, 104
Trd, 4319481.043, 107
Trd, 4319481.543, 90
Trd, 4319482.443, 97
Trd, 4319483.143, 112
Trd, 4319483.493, 85
Trd, 4319484.093, 102
Trd, 4319485.293, 81
Trd, 4319486.393, 121
Trd, 4319486.893, 112
Trd, 4319487.343, 105
Trd, 4319487.643, 89
Trd, 4319488.343, 76
Trd, 4319489.443, 99
Trd, 4319490.393, 87
Trd, 4319491.143, 103
Trd, 4319492.343, 96
Trd, 4319492.843, 78
Trd, 4319493.393, 86
Trd, 4319493.693, 118
Trd, 4319495.143, 128
Trd, 4319495.193, 124
Trd, 4319495.543, 99
Trd, 4319496.293, 102
Trd, 4319498.893, 97
Trd, 4319499.043, 95
Trd, 4319499.493, 109
Trd, 4319500.743, 95
Trd, 4319502.693, 136
Trd, 4319503.593, 104
Trd, 4319503.743, 98
Trd, 4319504.193, 92
Trd, 4319505.393, 101
Trd, 4319505.493, 98
Trd, 4319506.443, 102
Trd, 4319506.793, 101
Trd, 4319507.243, 90
Trd, 4319507.693, 100
Trd, 4319509.093, 66
Trd, 4319509.593, 62
Trd, 4319510.493, 91
Trd, 4319511.643, 104
Trd, 4319512.093, 124
Trd, 4319512.593, 132
Trd, 4319514.143, 114
Trd, 4319515.493, 118
Trd, 4319515.743, 97
Trd, 4319515.793, 86
Trd, 4319517.493, 76
Trd, 4319518.593, 72
Trd, 4319519.393, 81
Trd, 4319519.443, 126
Trd, 4319520.443, 76
Trd, 4319520.893, 91
Trd, 4319523.043, 103
Trd, 4319523.343, 121
Trd, 4319524.493, 105
Trd, 4319524.993, 102
Trd, 4319525.893, 124
Trd, 4319526.143, 99
Trd, 4319527.043, 86
Trd, 4319527.443, 122
Trd, 4319529.293, 132
Trd, 4319530.293, 94
Trd, 4319530.743, 100
Trd, 4319531.893, 104
Trd, 4319532.193, 112
Trd, 4319533.093, 103
Trd, 4319534.143, 115
Trd, 4319534.343, 96
Trd, 4319536.193, 95
Trd, 4319537.143, 82
Trd, 4319537.243, 79
Trd, 4319537.443, 90
Trd, 4319539.343, 93
Trd, 4319539.943, 61
Trd, 4319540.143, 109
Trd, 4319543.093, 108
Trd, 4319543.143, 99
Trd, 4319543.893, 122
Trd, 4319544.193, 122
Trd, 4319545.893, 120
Trd, 4319546.743, 106
Trd, 4319546.793, 118
Trd, 4319547.243, 91
Trd, 4319548.293, 126
Trd, 4319548.743, 129
Trd, 4319548.843, 115
Trd, 4319549.243, 93
Trd, 4319551.493, 75
Trd, 4319552.593, 61
Trd, 4319553.293, 66
Trd, 4319554.043, 67
Trd, 4319554.743, 96
Trd, 4319555.793, 87
Trd, 4319556.193, 66
Trd, 4319557.093, 123
Trd, 4319559.493, 112
Trd, 4319560.293, 118
Trd, 4319560.593, 105
Trd, 4319560.643, 102
Trd, 4319560.893, 128
Trd, 4319562.793, 101
Trd, 4319563.193, 66
Trd, 4319564.493, 117
Trd, 4319564.893, 106
Trd, 4319566.193, 86
Trd, 4319566.393, 94
Trd, 4319567.143, 127
Trd, 4319567.743, 103
Trd, 4319570.393, 68
Trd, 4319570.593, 86
Trd, 4319570.993, 93
Trd, 4319571.243, 134
Trd, 4319571.493, 84
Trd, 4319572.643, 113
Trd, 4319574.143, 77
Trd, 4319574.393, 73
Trd, 4319574.743, 86
Trd, 4319575.143, 116
Trd, 4319575.893, 107
Trd, 4319576.043, 102
Trd, 4319577.293, 93
Trd, 4319577.593, 107
Trd, 4319577.893, 82
Trd, 4319579.793, 119
Trd, 4319580.443, 100
Trd, 4319580.493, 94
Trd, 4319581.593, 104
Trd, 4319582.143, 92
Trd, 4319584.943, 126
Trd, 4319587.143, 105
Trd, 4319587.493, 103
Trd, 4319588.143, 98
Trd, 4319588.543, 87
Trd, 4319588.643, 86
Trd, 4319588.943, 76
Trd, 4319589.493, 82
Trd, 4319590.243, 107
Trd, 4319591.193, 108
Trd, 4319591.393, 98
Trd, 4319592.243, 117
Trd, 4319592.343, 90
Trd, 4319592.943, 112
Trd, 4319595.043, 119
Trd, 4319595.843, 109
Trd, 4319595.893, 102
Trd, 4319596.193, 88
Trd, 4319596.393, 81
Trd, 4319597.643, 122
Trd, 4319598.543, 111
Trd, 4319601.343, 109
Trd, 4319601.543, 97
Trd, 4319602.793, 101
Trd, 4319603.443, 112
Trd, 4319603.493, 109
Trd, 4319604.193, 82
Trd, 4319606.443, 102
Trd, 4319607.843, 128
Trd, 4319608.443, 110
Trd, 4319608.743, 100
Trd, 4319610.893, 127
Trd, 4319611.793, 127
Trd, 4319613.643, 86
Trd, 4319613.793, 81
Trd, 4319614.793, 82
Trd, 4319616.043, 97
Trd, 4319616.843, 102
Trd, 4319616.993, 101
Trd, 4319617.743, 117
Trd, 4319617.793, 94
Trd, 4319618.193, 107
Trd, 4319618.593, 98
Trd, 4319621.293, 113
Trd, 4319621.843, 101
Trd, 4319622.943, 91
Trd, 4319623.543, 114
Trd, 4319623.843, 87
Trd, 4319624.193, 96
Trd, 4319625.143, 115
Trd, 4319626.243, 96
Trd, 4319626.343, 89
Trd, 4319626.493, 86
Trd, 4319626.593, 77
Trd, 4319628.093, 100
Trd, 4319629.593, 97
Trd, 4319629.993, 71
Trd, 4319630.243, 78
Trd, 4319632.193, 105
Trd, 4319632.543, 60
Trd, 4319632.843, 63
Trd, 4319633.143, 115
Trd, 4319633.843, 109
Trd, 4319634.993, 73
Trd, 4319635.293, 77
Trd, 4319636.243, 81
Trd, 4319637.293, 114
Trd, 4319637.493, 110
Trd, 4319637.843, 62
Trd, 4319639.843, 71
Trd, 4319641.243, 131
Trd, 4319642.493, 134
Trd, 4319643.593, 113
Trd, 4319644.193, 109
Trd, 4319644.743, 113
Trd, 4319645.393, 75
Trd, 4319645.843, 102
Trd, 4319647.893, 91
Trd, 4319647.943, 91
Trd, 4319648.843, 81
Trd, 4319651.143, 96
Trd, 4319651.943, 82
Trd, 4319652.143, 113
Trd, 4319653.243, 127
Trd, 4319654.043, 127
Trd, 4319654.393, 108
Trd, 4319654.493, 107
Trd, 4319655.643, 116
Trd, 4319655.693, 90
Trd, 4319655.943, 85
Trd, 4319657.243, 63
Trd, 4319660.293, 100
Trd, 4319660.693, 104
Trd, 4319661.393, 123
Trd, 4319662.643, 103
Trd, 4319663.543, 98
Trd, 4319663.693, 96
Trd, 4319663.893, 97
Trd, 4319664.343, 93
Trd, 4319664.893, 70
Trd, 4319667.843, 118
Trd, 4319668.543, 132
Trd, 4319668.943, 125
Trd, 4319669.343, 109
Trd, 4319671.043, 97
Trd, 4319671.193, 93
Trd, 4319671.243, 78
Trd, 4319672.693, 73
Trd, 4319672.793, 61
Trd, 4319673.143, 67
Trd, 4319673.643, 65
Trd, 4319674.243, 101
Trd, 4319676.193, 88
Trd, 4319677.593, 98
Trd, 4319678.243, 124
Trd, 4319678.543, 119
Trd, 4319678.793, 118
Trd, 4319679.143, 135
Trd, 4319679.693, 106
Trd, 4319680.543, 93
Trd, 4319682.193, 101
Trd, 4319682.393, 101
Trd, 4319683.293, 106
Trd, 4319683.593, 85
Trd, 4319686.143, 105
Trd, 4319686.293, 109
Trd, 4319686.393, 99
Trd, 4319686.893, 88
Trd, 4319688.843, 107
Trd, 4319689.193, 103
Trd, 4319690.443, 86
Trd, 4319690.893, 81
Trd, 4319691.193, 79
Trd, 4319691.593, 64
Trd, 4319691.943, 74
Trd, 4319692.893, 69
Trd, 4319693.693, 65
Trd, 4319693.743, 70
Trd, 4319694.943, 70
Trd, 4319695.143, 61
Trd, 4319695.793, 80
Trd, 4319696.043, 87
Trd, 4319698.143, 62
Trd, 4319698.743, 66
Trd, 4319699.243, 122
Trd, 4319700.943, 101
Trd, 4319701.093, 90
Trd, 4319701.543, 114
Trd, 4319701.943, 65
Trd, 4319702.343, 74
Trd, 4319703.493, 94
Trd, 4319703.993, 90
Trd, 4319704.843, 88
Trd, 4319705.643, 111
Trd, 4319706.193, 109
Trd, 4319706.993, 123
Trd, 4319707.743, 86
Trd, 4319708.843, 92
Trd, 4319709.593, 108
Trd, 4319710.643, 86
Trd, 4319710.993, 82
Trd, 4319712.043, 87
Trd, 4319713.143, 104
Trd, 4319713.793, 102
Trd, 4319714.343, 76
Trd, 4319715.593, 104
Trd, 4319715.993, 94
Trd, 4319716.193, 85
Trd, 4319717.143, 83
Trd, 4319718.393, 129
Trd, 4319718.643, 127
Trd, 4319718.943, 117
Trd, 4319723.093, 117
Trd, 4319723.943, 127
Trd, 4319724.243, 79
Trd, 4319724.693, 78
Trd, 4319725.193, 93
Trd, 4319725.393, 86
Trd, 4319725.493, 84
Trd, 4319727.193, 107
Trd, 4319727.743, 114
Trd, 4319728.293, 105
Trd, 4319728.843, 112
Trd, 4319730.143, 130
Trd, 4319732.343, 121
Trd, 4319732.693, 108
Trd, 4319732.743, 108
Trd, 4319733.593, 104
Trd, 4319734.993, 104
Trd, 4319735.943, 92
Trd, 4319736.343, 106
Trd, 4319736.393, 101
Trd, 4319737.043, 85
Trd, 4319737.693, 105
Trd, 4319738.593, 77
Trd, 4319738.943, 100
Trd, 4319740.143, 108
Trd, 4319741.793, 114
Trd, 4319742.843, 112
Trd, 4319743.893, 102
Trd, 4319744.743, 105
Trd, 4319745.493, 108
Trd, 4319745.793, 101
Trd, 4319746.593, 79
Trd, 4319747.843, 106
Trd, 4319748.193, 86
Trd, 4319749.443, 134
Trd, 4319749.793, 106
Trd, 4319750.543, 88
Trd, 4319750.793, 123
Trd, 4319750.943, 82
Trd, 4319752.193, 85
Trd, 4319753.343, 133
Trd, 4319753.843, 99
Trd, 4319754.043, 84
Trd, 4319754.443, 90
Trd, 4319755.343, 81
Trd, 4319756.643, 127
Trd, 4319757.593, 103
Trd, 4319758.793, 74
Trd, 4319758.843, 86
Trd, 4319760.043, 73
Trd, 4319760.743, 87
Trd, 4319761.093, 74
Trd, 4319761.443, 101
Trd, 4319762.193, 98
Trd, 4319762.493, 83
Trd, 4319762.643, 68
Trd, 4319764.243, 73
Trd, 4319764.893, 80
Trd, 4319766.193, 120
Trd, 4319767.243, 139
Trd, 4319767.743, 103
Trd, 4319768.393, 88
Trd, 4319768.743, 90
Trd, 4319771.343, 99
Trd, 4319771.593, 95
Trd, 4319771.743, 82
Trd, 4319772.643, 73
Trd, 4319774.793, 74
Trd, 4319775.343, 86
Trd, 4319775.893, 116
Trd, 4319776.343, 86
Trd, 4319776.393, 77
Trd, 4319778.043, 95
Trd, 4319778.443, 84
Trd, 4319778.743, 114
Trd, 4319779.293, 80
Trd, 4319779.893, 75
Trd, 4319780.343, 86
Trd, 4319780.993, 121
Trd, 4319783.943, 81
Trd, 4319784.843, 116
Trd, 4319785.243, 108
Trd, 4319786.343, 93
Trd, 4319786.743, 83
Trd, 4319787.643, 131
Trd, 4319788.043, 105
Trd, 4319789.693, 104
Trd, 4319789.843, 133
Trd, 4319790.293, 90
Trd, 4319791.193, 90
Trd, 4319791.493, 95
Trd, 4319792.793, 103
Trd, 4319793.443, 82
Trd, 4319795.093, 130
Trd, 4319797.543, 102
Trd, 4319797.693, 110
Trd, 4319798.993, 91
Trd, 4319799.243, 91
Trd, 4319800.043, 102
Trd, 4319800.243, 97
Trd, 4319800.393, 92
Trd, 4319802.693, 110
Trd, 4319803.293, 111
Trd, 4319803.543, 110
Trd, 4319805.893, 98
Trd, 4319806.143, 101
Trd, 4319808.293, 106
Trd, 4319809.643, 97
Trd, 4319809.843, 102
Trd, 4319811.093, 120
Trd, 4319811.343, 120
Trd, 4319812.543, 96
Trd, 4319813.293, 88
Trd, 4319814.643, 103
Trd, 4319816.593, 122
Trd, 4319816.993, 120
Trd, 4319817.493, 119
Trd, 4319818.043, 101
Trd, 4319818.993, 93
Trd, 4319819.543, 76
Trd, 4319820.643, 132
Trd, 4319821.743, 113
Trd, 4319822.693, 113
Trd, 4319822.743, 120
Trd, 4319823.593, 106
Trd, 4319824.093, 93
Trd, 4319824.143, 88
Trd, 4319824.493, 81
Trd, 4319826.193, 73
Trd, 4319827.243, 81
Trd, 4319827.893, 104
Trd, 4319828.793, 117
Trd, 4319829.193, 100
Trd, 4319831.393, 107
Trd, 4319831.843, 118
Trd, 4319832.593, 94
Trd, 4319834.743, 121
Trd, 4319834.843, 106
Trd, 4319837.043, 89
Trd, 4319837.093, 87
Trd, 4319837.193, 86
Trd, 4319837.493, 98
Trd, 4319837.543, 88
Trd, 4319837.593, 83
Trd, 4319838.193, 77
Trd, 4319841.293, 125
Trd, 4319841.393, 121
Trd, 4319841.893, 113
Trd, 4319842.643, 89
Trd, 4319845.193, 77
Trd, 4319845.293, 70
Trd, 4319845.943, 107
Trd, 4319846.443, 89
Trd, 4319848.693, 118
Trd, 4319849.693, 105
Trd, 4319850.093, 94
Trd, 4319851.043, 81
Trd, 4319851.593, 128
Trd, 4319851.843, 79
Trd, 4319852.393, 75
Trd, 4319853.843, 95
Trd, 4319854.693, 107
Trd, 4319854.743, 97
Trd, 4319855.543, 129
Trd, 4319856.193, 79
Trd, 4319856.293, 110
Trd, 4319857.093, 111
Trd, 4319858.543, 75
Trd, 4319858.743, 71
Trd, 4319858.993, 76
Trd, 4319859.743, 100
Trd, 4319860.793, 82
Trd, 4319861.743, 112
Trd, 4319862.093, 113
Trd, 4319862.443, 108
Trd, 4319863.593, 134
Trd, 4319864.193, 128
Trd, 4319864.693, 118
Trd, 4319866.643, 133
Trd, 4319867.193, 125
Trd, 4319870.243, 129
Trd, 4319870.843, 104
Trd, 4319871.293, 88
Trd, 4319871.493, 71
Trd, 4319873.643, 113
Trd, 4319873.843, 114
Trd, 4319874.693, 107
Trd, 4319875.193, 91
Trd, 4319875.393, 86
Trd, 4319875.843, 110
Trd, 4319876.793, 126
Trd, 4319878.243, 95
Trd, 4319878.693, 109
Trd, 4319878.743, 92
Trd, 4319879.243, 99
Trd, 4319879.593, 96
Trd, 4319880.693, 108
Trd, 4319881.043, 87
Trd, 4319881.243, 77
Trd, 4319883.243, 62
Trd, 4319883.943, 130
Trd, 4319884.443, 101
Trd, 4319884.593, 74
Trd, 4319885.643, 60
Trd, 4319887.393, 134
Trd, 4319887.793, 121
Trd, 4319887.843, 113
Trd, 4319888.193, 129
Trd, 4319888.243, 92
Trd, 4319888.993, 107
Trd, 4319889.343, 70
Trd, 4319889.493, 67
Trd, 4319891.043, 66
Trd, 4319891.893, 88
Trd, 4319892.343, 92
Trd, 4319893.493, 125
Trd, 4319894.143, 124
Trd, 4319895.293, 131
Trd, 4319897.043, 106
Trd, 4319897.493, 96
Trd, 4319899.193, 83
Trd, 4319899.743, 110
Trd, 4319899.943, 92
Trd, 4319901.293, 92
Trd, 4319902.343, 83
Trd, 4319902.443, 74
Trd, 4319902.693, 70
Trd, 4319903.193, 113
Trd, 4319903.393, 96
Trd, 4319904.893, 117
Trd, 4319906.243, 137
Trd, 4319906.343, 112
Trd, 4319906.443, 112
Trd, 4319906.493, 111
Trd, 4319908.043, 109
Trd, 4319908.443, 61
Trd, 4319909.893, 67
Trd, 4319912.243, 119
Trd, 4319912.443, 111
Trd, 4319912.693, 112
Trd, 4319913.493, 98
Trd, 4319913.843, 107
Trd, 4319913.893, 95
Trd, 4319913.943, 86
Trd, 4319914.593, 75
Trd, 4319914.943, 74
Trd, 4319915.493, 64
Trd, 4319917.093, 127
Trd, 4319917.293, 113
Trd, 4319918.593, 89
Trd, 4319918.993, 62
Trd, 4319919.243, 81
Trd, 4319921.143, 67
Trd, 4319922.793, 116
Trd, 4319923.193, 132
Trd, 4319923.293, 113
Trd, 4319924.893, 88
Trd, 4319926.343, 120
Trd, 4319926.693, 118
Trd, 4319927.443, 114
Trd, 4319927.793, 100
Trd, 4319928.493, 94
Trd, 4319929.443, 88
Trd, 4319929.943, 83
Trd, 4319931.893, 116
Trd, 4319933.343, 106
Trd, 4319933.743, 86
Trd, 4319933.893, 92
Trd, 4319934.643, 115
Trd, 4319935.443, 119
Trd, 4319935.543, 114
Trd, 4319935.693, 110
Trd, 4319936.543, 125
Trd, 4319939.043, 133
Trd, 4319940.043, 128
Trd, 4319940.743, 129
Trd, 4319941.693, 117
Trd, 4319942.043, 114
Trd, 4319942.493, 95
Trd, 4319942.793, 95
Trd, 4319943.693, 92
Trd, 4319944.343, 99
Trd, 4319945.293, 93
Trd, 4319945.893, 89
Trd, 4319946.593, 117
Trd, 4319947.743, 113
Trd, 4319948.593, 112
Trd, 4319948.843, 94
Trd, 4319949.293, 131
Trd, 4319950.993, 82
Trd, 4319952.343, 106
Trd, 4319952.793, 99
Trd, 4319952.993, 80
Trd, 4319954.093, 130
Trd, 4319956.493, 98
Trd, 4319957.943, 102
Trd, 4319958.043, 95
Trd, 4319958.393, 129
Trd, 4319958.943, 69
Trd, 4319959.193, 64
Trd, 4319960.243, 61
Trd, 4319960.943, 66
Trd, 4319961.293, 74
Trd, 4319963.793, 67
Trd, 4319963.993, 74
Trd, 4319964.043, 96
Trd, 4319964.093, 66
Trd, 4319965.893, 117
Trd, 4319966.893, 80
Trd, 4319967.543, 126
Trd, 4319968.643, 97
Trd, 4319968.693, 87
Trd, 4319970.193, 74
Trd, 4319970.243, 100
Trd, 4319970.793, 71
Trd, 4319972.793, 123
Trd, 4319972.843, 107
Trd, 4319972.993, 97
Trd, 4319973.593, 128
Trd, 4319974.293, 86
Trd, 4319974.843, 77
Trd, 4319975.193, 126
Trd, 4319976.793, 109
Trd, 4319977.493, 103
Trd, 4319978.293, 87
Trd, 4319979.043, 77
Trd, 4319980.993, 100
Trd, 4319983.593, 93
Trd, 4319984.043, 63
Trd, 4319984.193, 109
Trd, 4319984.543, 86
Trd, 4319985.293, 97
Trd, 4319987.393, 130
Trd, 4319988.043, 85
Trd, 4319988.243, 95
Trd, 4319988.293, 64
Trd, 4319989.243, 63
Trd, 4319990.093, 100
Trd, 4319990.643, 64
Trd, 4319991.343, 68
Trd, 4319992.593, 101
Trd, 4319992.693, 74
Trd, 4319994.193, 117
Trd, 4319994.593, 79
Trd, 4319994.843, 117
Trd, 4319995.143, 79
Trd, 4319995.443, 111
Trd, 4319996.943, 103
Trd, 4319997.043, 129
Trd, 4319997.193, 135
Trd, 4319999.343, 96
Trd, 4319999.393, 92
Trd, 4319999.793, 85
