Trd, 4318091.143, 100
Trd, 4318092.743, 105
Trd, 4318093.493, 133
Trd, 4318093.693, 133
Trd, 4318094.393, 132
Trd, 4318095.143, 103
Trd, 4318095.393, 101
Trd, 4318095.443, 71
Trd, 4318096.443, 60
Trd, 4318096.943, 112
Trd, 4318098.293, 88
Trd, 4318099.343, 87
Trd, 4318099.793, 102
Trd, 4318099.893, 86
Trd, 4318101.243, 123
Trd, 4318101.793, 82
Trd, 4318102.393, 110
Trd, 4318103.193, 103
Trd, 4318104.493, 124
Trd, 4318105.293, 92
Trd, 4318105.493, 101
Trd, 4318106.743, 84
Trd, 4318106.893, 82
Trd, 4318106.943, 81
Trd, 4318107.593, 138
Trd, 4318109.293, 76
Trd, 4318109.993, 87
Trd, 4318110.493, 73
Trd, 4318111.293, 71
Trd, 4318111.393, 75
Trd, 4318112.293, 81
Trd, 4318113.043, 119
Trd, 4318113.493, 102
Trd, 4318113.993, 101
Trd, 4318115.693, 101
Trd, 4318115.793, 96
Trd, 4318117.843, 101
Trd, 4318118.393, 82
Trd, 4318118.993, 84
Trd, 4318121.393, 113
Trd, 4318121.643, 103
Trd, 4318121.693, 100
Trd, 4318123.093, 108
Trd, 4318124.693, 85
Trd, 4318125.093, 84
Trd, 4318125.343, 81
Trd, 4318126.093, 83
Trd, 4318127.093, 121
Trd, 4318127.393, 118
Trd, 4318128.793, 90
Trd, 4318128.843, 91
Trd, 4318129.343, 99
Trd, 4318129.943, 112
Trd, 4318130.193, 87
Trd, 4318131.293, 89
Trd, 4318132.093, 112
Trd, 4318132.143, 116
Trd, 4318132.593, 83
Trd, 4318133.193, 101
Trd, 4318134.043, 127
Trd, 4318135.043, 139
Trd, 4318135.993, 116
Trd, 4318136.343, 117
Trd, 4318138.043, 118
Trd, 4318138.243, 116
Trd, 4318138.693, 100
Trd, 4318138.993, 81
Trd, 4318139.793, 70
Trd, 4318140.643, 84
Trd, 4318141.843, 97
Trd, 4318143.143, 75
Trd, 4318143.793, 119
Trd, 4318143.993, 73
Trd, 4318144.343, 67
Trd, 4318146.843, 87
Trd, 4318146.993, 85
Trd, 4318147.543, 91
Trd, 4318148.743, 125
Trd, 4318150.743, 133
Trd, 4318150.893, 127
Trd, 4318152.943, 105
Trd, 4318153.393, 92
Trd, 4318153.693, 128
Trd, 4318153.843, 85
Trd, 4318154.343, 90
Trd, 4318156.643, 76
Trd, 4318156.793, 106
Trd, 4318158.793, 66
Trd, 4318159.443, 70
Trd, 4318159.893, 77
Trd, 4318160.193, 79
Trd, 4318160.593, 65
Trd, 4318160.843, 80
Trd, 4318161.443, 77
Trd, 4318162.743, 128
Trd, 4318163.343, 103
Trd, 4318163.993, 87
Trd, 4318164.443, 60
Trd, 4318164.993, 88
Trd, 4318166.543, 94
Trd, 4318166.743, 77
Trd, 4318167.493, 104
Trd, 4318168.843, 96
Trd, 4318169.043, 98
Trd, 4318169.093, 99
Trd, 4318169.143, 95
Trd, 4318170.343, 124
Trd, 4318171.343, 70
Trd, 4318171.893, 123
Trd, 4318172.193, 71
Trd, 4318174.993, 119
Trd, 4318175.393, 119
Trd, 4318175.443, 97
Trd, 4318176.043, 88
Trd, 4318178.293, 108
Trd, 4318178.893, 131
Trd, 4318179.593, 125
Trd, 4318179.643, 116
Trd, 4318180.593, 115
Trd, 4318182.143, 134
Trd, 4318183.293, 118
Trd, 4318184.193, 75
Trd, 4318186.543, 135
Trd, 4318187.743, 89
Trd, 4318188.193, 106
Trd, 4318188.993, 90
Trd, 4318189.993, 140
Trd, 4318190.793, 128
Trd, 4318191.193, 101
Trd, 4318191.443, 130
Trd, 4318192.293, 136
Trd, 4318192.943, 99
Trd, 4318194.193, 140
Trd, 4318194.693, 133
Trd, 4318196.093, 124
Trd, 4318196.193, 114
Trd, 4318196.343, 107
Trd, 4318197.293, 81
Trd, 4318197.943, 88
Trd, 4318199.843, 95
Trd, 4318200.693, 128
Trd, 4318201.693, 95
Trd, 4318201.743, 91
Trd, 4318201.793, 84
Trd, 4318202.893, 108
Trd, 4318203.343, 75
Trd, 4318203.493, 112
Trd, 4318204.193, 83
Trd, 4318204.343, 75
Trd, 4318206.393, 64
Trd, 4318206.943, 93
Trd, 4318207.793, 87
Trd, 4318208.193, 115
Trd, 4318209.093, 103
Trd, 4318211.293, 115
Trd, 4318211.943, 109
Trd, 4318212.143, 102
Trd, 4318212.343, 94
Trd, 4318212.693, 91
Trd, 4318213.943, 106
Trd, 4318215.593, 113
Trd, 4318217.193, 135
Trd, 4318217.443, 122
Trd, 4318217.543, 100
Trd, 4318217.943, 97
Trd, 4318218.193, 88
Trd, 4318219.193, 115
Trd, 4318220.343, 118
Trd, 4318220.743, 100
Trd, 4318222.343, 121
Trd, 4318223.543, 117
Trd, 4318223.593, 117
Trd, 4318223.993, 116
Trd, 4318224.143, 115
Trd, 4318224.793, 84
Trd, 4318225.093, 105
Trd, 4318226.293, 136
Trd, 4318226.993, 118
Trd, 4318229.043, 131
Trd, 4318229.743, 119
Trd, 4318230.343, 118
Trd, 4318231.093, 71
Trd, 4318231.293, 88
Trd, 4318232.143, 99
Trd, 4318232.343, 70
Trd, 4318232.893, 99
Trd, 4318233.243, 99
Trd, 4318233.643, 76
Trd, 4318233.943, 61
Trd, 4318235.643, 96
Trd, 4318236.093, 101
Trd, 4318236.893, 90
Trd, 4318237.443, 108
Trd, 4318238.893, 130
Trd, 4318239.493, 127
Trd, 4318239.643, 122
Trd, 4318240.393, 129
Trd, 4318241.243, 93
Trd, 4318241.743, 90
Trd, 4318241.793, 89
Trd, 4318242.543, 117
Trd, 4318244.493, 90
Trd, 4318244.843, 102
Trd, 4318245.343, 88
Trd, 4318246.493, 106
Trd, 4318247.393, 71
Trd, 4318247.643, 98
Trd, 4318247.843, 62
Trd, 4318248.293, 90
Trd, 4318248.543, 99
Trd, 4318250.043, 81
Trd, 4318251.543, 96
Trd, 4318253.043, 103
Trd, 4318253.293, 78
Trd, 4318253.593, 71
Trd, 4318253.943, 110
Trd, 4318255.293, 62
Trd, 4318255.493, 67
Trd, 4318256.893, 88
Trd, 4318257.593, 117
Trd, 4318258.943, 69
Trd, 4318259.443, 63
Trd, 4318261.443, 101
Trd, 4318261.993, 116
Trd, 4318262.343, 114
Trd, 4318263.543, 105
Trd, 4318264.143, 126
Trd, 4318265.093, 108
Trd, 4318266.393, 102
Trd, 4318266.543, 70
Trd, 4318267.693, 128
Trd, 4318267.993, 120
Trd, 4318268.193, 99
Trd, 4318268.243, 94
Trd, 4318268.693, 122
Trd, 4318268.943, 96
Trd, 4318272.143, 129
Trd, 4318272.193, 126
Trd, 4318272.893, 124
Trd, 4318272.943, 112
Trd, 4318273.693, 131
Trd, 4318274.043, 114
Trd, 4318274.543, 90
Trd, 4318276.293, 138
Trd, 4318276.693, 113
Trd, 4318277.593, 115
Trd, 4318278.843, 94
Trd, 4318279.043, 83
Trd, 4318280.243, 79
Trd, 4318280.943, 76
Trd, 4318281.243, 112
Trd, 4318282.043, 120
Trd, 4318284.893, 139
Trd, 4318285.193, 136
Trd, 4318285.343, 134
Trd, 4318285.493, 105
Trd, 4318286.743, 130
Trd, 4318287.193, 120
Trd, 4318288.643, 130
Trd, 4318288.693, 110
Trd, 4318289.993, 117
Trd, 4318290.843, 110
Trd, 4318291.893, 124
Trd, 4318291.943, 112
Trd, 4318292.343, 93
Trd, 4318292.843, 115
Trd, 4318293.143, 115
Trd, 4318293.393, 135
Trd, 4318295.493, 125
Trd, 4318296.093, 130
Trd, 4318297.193, 124
Trd, 4318297.293, 116
Trd, 4318297.643, 101
Trd, 4318299.193, 106
Trd, 4318299.693, 112
Trd, 4318300.793, 89
Trd, 4318301.043, 129
Trd, 4318301.743, 97
Trd, 4318301.943, 87
Trd, 4318302.393, 102
Trd, 4318304.693, 138
Trd, 4318305.143, 101
Trd, 4318305.643, 111
Trd, 4318306.593, 91
Trd, 4318307.043, 98
Trd, 4318307.493, 98
Trd, 4318308.143, 87
Trd, 4318310.193, 121
Trd, 4318310.293, 129
Trd, 4318310.443, 118
Trd, 4318311.993, 113
Trd, 4318312.343, 99
Trd, 4318312.993, 72
Trd, 4318314.243, 113
Trd, 4318315.393, 110
Trd, 4318315.543, 88
Trd, 4318316.443, 97
Trd, 4318316.893, 104
Trd, 4318318.043, 65
Trd, 4318318.493, 92
Trd, 4318319.643, 103
Trd, 4318319.743, 101
Trd, 4318320.843, 80
Trd, 4318321.093, 94
Trd, 4318321.643, 114
Trd, 4318321.943, 103
Trd, 4318322.093, 76
Trd, 4318324.143, 128
Trd, 4318324.643, 123
Trd, 4318325.343, 112
Trd, 4318325.693, 109
Trd, 4318327.143, 115
Trd, 4318327.593, 114
Trd, 4318327.793, 125
Trd, 4318328.343, 84
Trd, 4318328.643, 67
Trd, 4318329.893, 65
Trd, 4318330.593, 125
Trd, 4318330.793, 106
Trd, 4318332.893, 80
Trd, 4318333.693, 94
Trd, 4318333.843, 80
Trd, 4318334.243, 105
Trd, 4318335.393, 111
Trd, 4318336.193, 86
Trd, 4318337.593, 123
Trd, 4318337.893, 100
Trd, 4318338.543, 110
Trd, 4318339.143, 105
Trd, 4318339.693, 108
Trd, 4318340.393, 126
Trd, 4318342.843, 106
Trd, 4318342.993, 93
Trd, 4318343.643, 81
Trd, 4318344.443, 139
Trd, 4318344.543, 108
Trd, 4318344.843, 83
Trd, 4318345.543, 130
Trd, 4318345.893, 79
Trd, 4318346.543, 78
Trd, 4318347.443, 113
Trd, 4318348.543, 128
Trd, 4318349.243, 133
Trd, 4318349.643, 100
Trd, 4318352.243, 133
Trd, 4318352.643, 130
Trd, 4318353.243, 106
Trd, 4318353.443, 93
Trd, 4318354.243, 115
Trd, 4318354.793, 110
Trd, 4318355.843, 125
Trd, 4318356.693, 120
Trd, 4318357.393, 121
Trd, 4318358.493, 110
Trd, 4318359.143, 64
Trd, 4318360.093, 62
Trd, 4318361.443, 87
Trd, 4318361.893, 117
Trd, 4318362.643, 113
Trd, 4318363.243, 104
Trd, 4318363.343, 74
Trd, 4318365.543, 127
Trd, 4318365.643, 110
Trd, 4318367.143, 105
Trd, 4318368.043, 85
Trd, 4318368.143, 68
Trd, 4318368.743, 115
Trd, 4318369.693, 82
Trd, 4318369.993, 80
Trd, 4318370.543, 73
Trd, 4318370.743, 94
Trd, 4318371.693, 67
Trd, 4318372.193, 101
Trd, 4318372.693, 76
Trd, 4318372.743, 131
Trd, 4318373.293, 63
Trd, 4318373.893, 114
Trd, 4318376.643, 98
Trd, 4318377.343, 81
Trd, 4318377.643, 81
Trd, 4318379.043, 79
Trd, 4318379.193, 111
Trd, 4318379.843, 88
Trd, 4318380.743, 112
Trd, 4318381.193, 114
Trd, 4318381.593, 122
Trd, 4318382.793, 128
Trd, 4318384.193, 121
Trd, 4318384.393, 107
Trd, 4318385.343, 90
Trd, 4318386.343, 68
Trd, 4318387.143, 138
Trd, 4318387.693, 93
Trd, 4318388.093, 132
Trd, 4318389.593, 130
Trd, 4318389.643, 119
Trd, 4318390.143, 118
Trd, 4318391.493, 136
Trd, 4318392.143, 131
Trd, 4318392.243, 115
Trd, 4318394.193, 113
Trd, 4318394.493, 103
Trd, 4318394.843, 78
Trd, 4318398.293, 129
Trd, 4318398.743, 123
Trd, 4318399.543, 129
Trd, 4318400.043, 97
Trd, 4318400.193, 95
Trd, 4318400.943, 108
Trd, 4318402.543, 133
Trd, 4318402.593, 98
Trd, 4318404.193, 119
Trd, 4318405.693, 128
Trd, 4318405.993, 117
Trd, 4318406.793, 83
Trd, 4318407.193, 112
Trd, 4318407.943, 60
Trd, 4318409.093, 132
Trd, 4318410.143, 101
Trd, 4318411.593, 124
Trd, 4318412.243, 91
Trd, 4318413.243, 78
Trd, 4318413.543, 126
Trd, 4318413.893, 106
Trd, 4318414.443, 92
Trd, 4318415.943, 99
Trd, 4318417.543, 126
Trd, 4318418.793, 126
Trd, 4318419.193, 134
Trd, 4318419.393, 117
Trd, 4318421.643, 108
Trd, 4318421.943, 101
Trd, 4318422.293, 94
Trd, 4318422.693, 94
Trd, 4318422.893, 72
Trd, 4318425.243, 128
Trd, 4318426.943, 98
Trd, 4318427.493, 127
Trd, 4318428.343, 93
Trd, 4318428.793, 105
Trd, 4318429.293, 122
Trd, 4318429.543, 121
Trd, 4318430.243, 116
Trd, 4318430.793, 92
Trd, 4318432.393, 133
Trd, 4318434.243, 132
Trd, 4318434.293, 130
Trd, 4318434.643, 138
Trd, 4318435.243, 134
Trd, 4318435.493, 120
Trd, 4318435.793, 119
Trd, 4318436.293, 71
Trd, 4318436.843, 94
Trd, 4318437.593, 63
Trd, 4318437.843, 135
Trd, 4318438.093, 83
Trd, 4318440.143, 114
Trd, 4318441.943, 122
Trd, 4318442.743, 117
Trd, 4318442.843, 114
Trd, 4318442.993, 106
Trd, 4318443.293, 101
Trd, 4318444.993, 97
Trd, 4318445.793, 119
Trd, 4318446.993, 112
Trd, 4318447.143, 96
Trd, 4318448.243, 99
Trd, 4318448.393, 90
Trd, 4318448.943, 73
Trd, 4318448.993, 77
Trd, 4318452.593, 125
Trd, 4318452.643, 122
Trd, 4318454.243, 105
Trd, 4318454.593, 107
Trd, 4318455.043, 81
Trd, 4318455.693, 98
Trd, 4318455.743, 95
Trd, 4318456.093, 114
Trd, 4318457.943, 80
Trd, 4318458.243, 79
Trd, 4318460.693, 82
Trd, 4318460.993, 87
Trd, 4318461.043, 73
Trd, 4318461.843, 109
Trd, 4318462.443, 136
Trd, 4318463.043, 95
Trd, 4318463.693, 70
Trd, 4318464.843, 88
Trd, 4318466.143, 114
Trd, 4318466.843, 116
Trd, 4318468.143, 110
Trd, 4318468.743, 140
Trd, 4318469.243, 84
Trd, 4318469.743, 124
Trd, 4318470.043, 116
Trd, 4318471.893, 97
Trd, 4318472.943, 110
Trd, 4318473.643, 87
Trd, 4318474.443, 94
Trd, 4318474.493, 87
Trd, 4318474.593, 86
Trd, 4318475.043, 80
Trd, 4318475.793, 78
Trd, 4318477.243, 124
Trd, 4318477.643, 60
Trd, 4318479.093, 112
Trd, 4318479.693, 83
Trd, 4318480.143, 92
Trd, 4318482.843, 129
Trd, 4318483.143, 123
Trd, 4318483.393, 108
Trd, 4318483.743, 121
Trd, 4318486.193, 139
Trd, 4318486.243, 94
Trd, 4318486.843, 73
Trd, 4318487.293, 119
Trd, 4318487.843, 78
Trd, 4318488.543, 109
Trd, 4318489.493, 90
Trd, 4318489.943, 87
Trd, 4318490.593, 129
Trd, 4318491.643, 92
Trd, 4318491.943, 84
Trd, 4318491.993, 104
Trd, 4318492.243, 139
Trd, 4318493.693, 80
Trd, 4318494.693, 133
Trd, 4318496.593, 127
Trd, 4318497.943, 125
Trd, 4318498.043, 122
Trd, 4318498.243, 122
Trd, 4318499.243, 112
Trd, 4318499.643, 81
Trd, 4318501.043, 119
Trd, 4318501.143, 104
Trd, 4318501.993, 105
Trd, 4318502.143, 82
Trd, 4318503.493, 100
Trd, 4318504.293, 131
Trd, 4318505.143, 106
Trd, 4318506.993, 110
Trd, 4318507.293, 109
Trd, 4318507.793, 125
Trd, 4318509.143, 121
Trd, 4318509.543, 131
Trd, 4318509.643, 125
Trd, 4318510.943, 80
Trd, 4318512.043, 88
Trd, 4318512.993, 93
Trd, 4318513.893, 82
Trd, 4318515.093, 111
Trd, 4318515.393, 121
Trd, 4318515.743, 67
Trd, 4318515.843, 124
Trd, 4318516.743, 114
Trd, 4318516.993, 100
Trd, 4318518.843, 85
Trd, 4318519.993, 78
Trd, 4318520.143, 77
Trd, 4318520.343, 84
Trd, 4318520.643, 119
Trd, 4318521.093, 65
Trd, 4318522.893, 72
Trd, 4318524.543, 79
Trd, 4318524.593, 75
Trd, 4318524.943, 79
Trd, 4318525.393, 69
Trd, 4318526.343, 84
Trd, 4318527.893, 121
Trd, 4318528.043, 107
Trd, 4318529.393, 106
Trd, 4318530.643, 93
Trd, 4318530.843, 107
Trd, 4318531.043, 91
Trd, 4318532.193, 97
Trd, 4318532.393, 67
Trd, 4318532.793, 94
Trd, 4318532.993, 101
Trd, 4318534.543, 98
Trd, 4318534.793, 98
Trd, 4318537.893, 124
Trd, 4318538.943, 124
Trd, 4318539.393, 125
Trd, 4318539.993, 139
Trd, 4318541.693, 138
Trd, 4318542.843, 129
Trd, 4318543.193, 76
Trd, 4318544.043, 87
Trd, 4318544.193, 92
Trd, 4318545.143, 114
Trd, 4318545.443, 108
Trd, 4318545.993, 123
Trd, 4318546.393, 132
Trd, 4318548.443, 126
Trd, 4318549.093, 104
Trd, 4318550.643, 101
Trd, 4318551.643, 99
Trd, 4318551.693, 101
Trd, 4318552.093, 115
Trd, 4318552.943, 109
Trd, 4318553.693, 99
Trd, 4318554.793, 64
Trd, 4318555.393, 110
Trd, 4318556.193, 101
Trd, 4318557.043, 83
Trd, 4318557.943, 115
Trd, 4318558.143, 139
Trd, 4318558.493, 113
Trd, 4318560.393, 116
Trd, 4318561.143, 138
Trd, 4318561.193, 114
Trd, 4318561.893, 106
Trd, 4318562.593, 119
Trd, 4318563.643, 117
Trd, 4318563.993, 123
Trd, 4318564.493, 137
Trd, 4318564.643, 131
Trd, 4318566.043, 122
Trd, 4318566.893, 96
Trd, 4318568.643, 111
Trd, 4318569.243, 84
Trd, 4318569.693, 86
Trd, 4318571.893, 112
Trd, 4318572.143, 111
Trd, 4318572.293, 101
Trd, 4318572.943, 112
Trd, 4318575.343, 117
Trd, 4318575.493, 96
Trd, 4318575.843, 92
Trd, 4318576.043, 89
Trd, 4318576.243, 121
Trd, 4318576.743, 111
Trd, 4318577.293, 129
Trd, 4318578.193, 126
Trd, 4318579.543, 108
Trd, 4318579.943, 107
Trd, 4318580.293, 95
Trd, 4318580.393, 91
Trd, 4318580.443, 84
Trd, 4318582.343, 80
Trd, 4318582.843, 78
Trd, 4318583.193, 80
Trd, 4318583.743, 82
Trd, 4318586.193, 131
Trd, 4318586.843, 124
Trd, 4318587.043, 109
Trd, 4318587.793, 118
Trd, 4318588.743, 94
Trd, 4318589.393, 92
Trd, 4318589.493, 86
Trd, 4318589.843, 103
Trd, 4318590.093, 75
Trd, 4318590.893, 100
Trd, 4318591.793, 122
Trd, 4318593.143, 120
Trd, 4318594.243, 119
Trd, 4318594.293, 95
Trd, 4318594.993, 81
Trd, 4318595.093, 80
Trd, 4318595.793, 120
Trd, 4318597.493, 70
Trd, 4318598.293, 82
Trd, 4318599.543, 108
Trd, 4318599.793, 108
Trd, 4318600.293, 118
Trd, 4318602.143, 135
Trd, 4318602.443, 140
Trd, 4318602.543, 102
Trd, 4318603.343, 99
Trd, 4318603.543, 97
Trd, 4318603.793, 74
Trd, 4318604.193, 89
Trd, 4318604.943, 85
Trd, 4318606.893, 117
Trd, 4318607.343, 101
Trd, 4318608.043, 111
Trd, 4318608.643, 114
Trd, 4318608.943, 92
Trd, 4318609.793, 124
Trd, 4318610.543, 123
Trd, 4318611.143, 115
Trd, 4318611.793, 120
Trd, 4318612.743, 114
Trd, 4318613.043, 111
Trd, 4318613.543, 93
Trd, 4318614.293, 91
Trd, 4318615.893, 106
Trd, 4318616.493, 95
Trd, 4318617.443, 94
Trd, 4318618.593, 115
Trd, 4318618.643, 118
Trd, 4318619.193, 110
Trd, 4318619.493, 108
Trd, 4318619.593, 100
Trd, 4318620.143, 93
Trd, 4318620.493, 87
Trd, 4318620.843, 87
Trd, 4318621.043, 87
Trd, 4318622.943, 86
Trd, 4318623.543, 112
Trd, 4318624.843, 70
Trd, 4318625.993, 66
Trd, 4318626.443, 96
Trd, 4318627.043, 98
Trd, 4318627.093, 96
Trd, 4318628.943, 117
Trd, 4318629.243, 104
Trd, 4318629.943, 121
Trd, 4318630.743, 108
Trd, 4318631.893, 120
Trd, 4318632.743, 123
Trd, 4318632.793, 95
Trd, 4318634.193, 131
Trd, 4318634.793, 71
Trd, 4318635.243, 80
Trd, 4318635.643, 60
Trd, 4318635.943, 130
Trd, 4318637.193, 70
Trd, 4318637.793, 89
Trd, 4318638.893, 69
Trd, 4318639.493, 102
Trd, 4318639.543, 101
Trd, 4318641.443, 106
Trd, 4318641.543, 105
Trd, 4318641.943, 102
Trd, 4318642.393, 98
Trd, 4318642.943, 110
Trd, 4318643.843, 81
Trd, 4318646.193, 115
Trd, 4318646.393, 110
Trd, 4318648.143, 76
Trd, 4318648.243, 107
Trd, 4318648.943, 114
Trd, 4318649.293, 84
Trd, 4318649.343, 74
Trd, 4318649.793, 84
Trd, 4318651.143, 127
Trd, 4318651.493, 121
Trd, 4318652.043, 72
Trd, 4318652.893, 105
Trd, 4318653.793, 137
Trd, 4318654.693, 122
Trd, 4318654.843, 113
Trd, 4318655.743, 105
Trd, 4318655.793, 96
Trd, 4318658.243, 112
Trd, 4318659.043, 122
Trd, 4318659.093, 118
Trd, 4318659.243, 123
Trd, 4318659.343, 108
Trd, 4318659.893, 118
Trd, 4318659.993, 101
Trd, 4318660.443, 102
Trd, 4318661.193, 125
Trd, 4318662.193, 125
Trd, 4318663.743, 102
Trd, 4318664.643, 108
Trd, 4318665.143, 85
Trd, 4318667.543, 117
Trd, 4318668.093, 119
Trd, 4318668.143, 103
Trd, 4318668.393, 101
Trd, 4318669.043, 120
Trd, 4318669.543, 114
Trd, 4318670.743, 90
Trd, 4318670.843, 83
Trd, 4318672.943, 68
Trd, 4318673.643, 92
Trd, 4318674.143, 88
Trd, 4318674.343, 77
Trd, 4318676.143, 119
Trd, 4318676.443, 109
Trd, 4318677.043, 139
Trd, 4318677.143, 112
Trd, 4318677.793, 132
Trd, 4318677.843, 129
Trd, 4318677.943, 71
Trd, 4318679.643, 118
Trd, 4318679.843, 107
Trd, 4318679.993, 75
Trd, 4318681.243, 117
Trd, 4318682.193, 76
Trd, 4318682.843, 77
Trd, 4318683.493, 68
Trd, 4318683.593, 108
Trd, 4318684.643, 92
Trd, 4318685.893, 111
Trd, 4318685.943, 103
Trd, 4318687.543, 66
Trd, 4318688.543, 127
Trd, 4318689.393, 122
Trd, 4318689.793, 88
Trd, 4318690.293, 122
Trd, 4318690.793, 94
Trd, 4318692.193, 94
Trd, 4318692.393, 61
Trd, 4318692.743, 60
Trd, 4318693.143, 93
Trd, 4318694.743, 137
Trd, 4318694.843, 134
Trd, 4318696.193, 113
Trd, 4318696.243, 99
Trd, 4318696.543, 121
Trd, 4318696.993, 97
Trd, 4318698.593, 108
Trd, 4318699.293, 104
Trd, 4318699.743, 88
Trd, 4318701.843, 91
Trd, 4318702.193, 126
Trd, 4318703.643, 119
Trd, 4318703.893, 112
Trd, 4318705.093, 129
Trd, 4318705.143, 105
Trd, 4318705.293, 91
Trd, 4318706.993, 84
Trd, 4318708.493, 74
Trd, 4318709.843, 102
Trd, 4318710.143, 126
Trd, 4318711.143, 117
Trd, 4318713.293, 114
Trd, 4318714.193, 117
Trd, 4318714.393, 113
Trd, 4318714.593, 97
Trd, 4318715.293, 97
Trd, 4318715.793, 101
Trd, 4318717.193, 108
Trd, 4318717.993, 98
Trd, 4318719.243, 136
Trd, 4318720.743, 124
Trd, 4318721.443, 102
Trd, 4318721.593, 89
Trd, 4318723.293, 136
Trd, 4318723.843, 121
Trd, 4318723.993, 119
Trd, 4318725.243, 118
Trd, 4318725.343, 108
Trd, 4318725.493, 91
Trd, 4318725.793, 65
Trd, 4318727.093, 126
Trd, 4318727.793, 96
Trd, 4318728.393, 136
Trd, 4318729.293, 92
Trd, 4318729.643, 66
Trd, 4318730.743, 114
Trd, 4318732.093, 134
Trd, 4318732.593, 132
Trd, 4318734.343, 114
Trd, 4318734.443, 108
Trd, 4318734.743, 126
Trd, 4318735.043, 93
Trd, 4318735.743, 122
Trd, 4318737.993, 130
Trd, 4318738.293, 127
Trd, 4318739.143, 107
Trd, 4318739.793, 115
Trd, 4318740.593, 140
Trd, 4318740.743, 97
Trd, 4318741.593, 137
Trd, 4318742.043, 134
Trd, 4318743.143, 113
Trd, 4318743.893, 122
Trd, 4318744.893, 107
Trd, 4318744.993, 90
Trd, 4318746.993, 99
Trd, 4318747.793, 135
Trd, 4318747.893, 131
Trd, 4318748.643, 113
Trd, 4318748.743, 93
Trd, 4318749.193, 103
Trd, 4318749.443, 107
Trd, 4318750.693, 119
Trd, 4318753.693, 95
Trd, 4318754.793, 107
Trd, 4318754.943, 86
Trd, 4318756.493, 136
Trd, 4318756.593, 125
Trd, 4318757.143, 118
Trd, 4318757.693, 91
Trd, 4318758.093, 73
Trd, 4318758.393, 127
Trd, 4318759.443, 108
Trd, 4318759.743, 103
Trd, 4318760.693, 121
Trd, 4318761.493, 112
Trd, 4318762.643, 129
Trd, 4318764.243, 126
Trd, 4318764.593, 121
Trd, 4318765.143, 134
Trd, 4318766.593, 107
Trd, 4318766.743, 93
Trd, 4318766.893, 82
Trd, 4318767.493, 69
Trd, 4318767.593, 94
Trd, 4318769.543, 92
Trd, 4318769.743, 109
Trd, 4318770.393, 90
Trd, 4318771.893, 133
Trd, 4318772.043, 104
Trd, 4318772.993, 96
Trd, 4318773.643, 110
Trd, 4318774.543, 94
Trd, 4318775.893, 122
Trd, 4318775.993, 72
Trd, 4318778.293, 84
Trd, 4318778.643, 116
Trd, 4318778.943, 82
Trd, 4318779.443, 76
Trd, 4318780.993, 123
Trd, 4318781.043, 102
Trd, 4318781.293, 89
Trd, 4318781.993, 121
Trd, 4318782.593, 109
Trd, 4318782.993, 102
Trd, 4318784.093, 119
Trd, 4318784.893, 92
Trd, 4318785.043, 109
Trd, 4318785.843, 70
Trd, 4318788.193, 98
Trd, 4318789.093, 123
Trd, 4318789.593, 121
Trd, 4318789.693, 120
Trd, 4318789.993, 104
Trd, 4318790.643, 97
Trd, 4318791.343, 106
Trd, 4318792.293, 130
Trd, 4318792.593, 88
Trd, 4318793.293, 78
Trd, 4318794.243, 123
Trd, 4318795.093, 123
Trd, 4318795.543, 109
Trd, 4318796.793, 101
Trd, 4318796.993, 100
Trd, 4318797.643, 111
Trd, 4318798.043, 123
Trd, 4318798.743, 67
Trd, 4318798.993, 69
Trd, 4318800.143, 81
Trd, 4318800.493, 101
Trd, 4318801.293, 67
Trd, 4318802.643, 129
Trd, 4318803.293, 121
Trd, 4318803.593, 97
Trd, 4318806.293, 112
Trd, 4318806.793, 96
Trd, 4318807.693, 92
Trd, 4318809.143, 105
Trd, 4318809.493, 110
Trd, 4318809.593, 104
Trd, 4318810.643, 123
Trd, 4318810.943, 140
Trd, 4318811.243, 71
Trd, 4318811.393, 73
Trd, 4318812.293, 115
Trd, 4318813.993, 119
Trd, 4318814.743, 107
Trd, 4318816.293, 114
Trd, 4318816.393, 113
Trd, 4318819.393, 129
Trd, 4318819.743, 135
Trd, 4318820.043, 129
Trd, 4318820.493, 124
Trd, 4318820.893, 121
Trd, 4318820.943, 120
Trd, 4318823.043, 114
Trd, 4318823.543, 123
Trd, 4318824.743, 128
Trd, 4318825.093, 122
Trd, 4318825.543, 107
Trd, 4318826.393, 98
Trd, 4318826.993, 131
Trd, 4318827.193, 130
Trd, 4318827.243, 124
Trd, 4318827.793, 104
Trd, 4318827.943, 95
Trd, 4318828.643, 120
Trd, 4318829.393, 72
Trd, 4318831.093, 137
Trd, 4318831.443, 111
Trd, 4318832.793, 118
Trd, 4318834.293, 100
Trd, 4318834.793, 100
Trd, 4318835.343, 94
Trd, 4318836.243, 124
Trd, 4318836.693, 120
Trd, 4318836.993, 90
Trd, 4318837.393, 71
Trd, 4318839.443, 100
Trd, 4318839.643, 136
Trd, 4318840.043, 100
Trd, 4318841.093, 112
Trd, 4318841.993, 128
Trd, 4318842.093, 104
Trd, 4318843.043, 103
Trd, 4318844.793, 94
Trd, 4318846.243, 114
Trd, 4318847.293, 108
Trd, 4318847.343, 108
Trd, 4318847.793, 116
Trd, 4318847.843, 104
Trd, 4318848.043, 102
Trd, 4318848.243, 123
Trd, 4318848.593, 94
Trd, 4318849.643, 110
Trd, 4318850.143, 111
Trd, 4318850.843, 112
Trd, 4318851.193, 122
Trd, 4318851.243, 120
Trd, 4318853.843, 120
Trd, 4318855.393, 117
Trd, 4318855.993, 103
Trd, 4318857.643, 119
Trd, 4318857.893, 110
Trd, 4318858.193, 109
Trd, 4318858.243, 108
Trd, 4318858.343, 101
Trd, 4318858.793, 130
Trd, 4318859.043, 92
Trd, 4318859.793, 74
Trd, 4318860.243, 87
Trd, 4318861.543, 60
Trd, 4318861.643, 60
Trd, 4318863.493, 128
Trd, 4318863.893, 123
Trd, 4318864.343, 92
Trd, 4318866.493, 136
Trd, 4318866.693, 133
Trd, 4318867.343, 131
Trd, 4318867.743, 111
Trd, 4318869.443, 97
Trd, 4318869.543, 140
Trd, 4318870.293, 130
Trd, 4318871.043, 128
Trd, 4318871.143, 92
Trd, 4318872.193, 113
Trd, 4318872.293, 90
Trd, 4318872.593, 83
Trd, 4318874.443, 136
Trd, 4318874.743, 95
Trd, 4318874.893, 115
Trd, 4318875.043, 63
Trd, 4318877.693, 102
Trd, 4318878.343, 117
Trd, 4318879.943, 115
Trd, 4318880.193, 116
Trd, 4318880.493, 99
Trd, 4318880.893, 90
Trd, 4318881.843, 108
Trd, 4318881.893, 106
Trd, 4318882.643, 65
Trd, 4318883.093, 71
Trd, 4318883.493, 118
Trd, 4318883.793, 77
Trd, 4318885.743, 138
Trd, 4318886.643, 137
Trd, 4318887.743, 123
Trd, 4318887.793, 114
Trd, 4318889.543, 78
Trd, 4318890.443, 74
Trd, 4318890.493, 83
Trd, 4318892.643, 81
Trd, 4318893.593, 128
Trd, 4318893.943, 119
Trd, 4318895.393, 105
Trd, 4318895.643, 93
Trd, 4318896.643, 112
Trd, 4318897.043, 91
Trd, 4318897.343, 90
Trd, 4318898.393, 103
Trd, 4318898.793, 72
Trd, 4318899.443, 109
Trd, 4318900.593, 133
Trd, 4318901.293, 127
Trd, 4318901.993, 110
Trd, 4318903.193, 115
Trd, 4318903.843, 95
Trd, 4318904.393, 105
Trd, 4318905.443, 95
Trd, 4318905.593, 87
Trd, 4318906.243, 104
Trd, 4318906.293, 74
Trd, 4318906.943, 83
Trd, 4318907.343, 94
Trd, 4318908.593, 101
Trd, 4318909.643, 105
Trd, 4318912.243, 80
Trd, 4318912.843, 122
Trd, 4318913.193, 114
Trd, 4318913.493, 98
Trd, 4318915.593, 90
Trd, 4318915.993, 87
Trd, 4318916.043, 84
Trd, 4318916.293, 95
Trd, 4318917.293, 119
Trd, 4318918.193, 106
Trd, 4318919.243, 106
Trd, 4318919.443, 99
Trd, 4318919.893, 96
Trd, 4318920.593, 84
Trd, 4318920.993, 87
Trd, 4318921.343, 103
Trd, 4318921.493, 88
Trd, 4318921.743, 131
Trd, 4318922.343, 73
Trd, 4318923.343, 117
Trd, 4318923.593, 116
Trd, 4318925.643, 114
Trd, 4318925.793, 82
Trd, 4318927.343, 65
Trd, 4318927.693, 70
Trd, 4318928.443, 130
Trd, 4318929.643, 124
Trd, 4318930.143, 121
Trd, 4318930.193, 112
Trd, 4318931.993, 118
Trd, 4318932.093, 123
Trd, 4318932.543, 139
Trd, 4318933.643, 86
Trd, 4318933.943, 132
Trd, 4318935.243, 83
Trd, 4318936.043, 65
Trd, 4318936.693, 104
Trd, 4318936.743, 74
Trd, 4318937.543, 64
Trd, 4318938.293, 102
Trd, 4318939.643, 104
Trd, 4318940.593, 111
Trd, 4318940.793, 78
Trd, 4318941.893, 118
Trd, 4318942.643, 137
Trd, 4318943.193, 129
Trd, 4318944.543, 120
Trd, 4318945.393, 105
Trd, 4318946.993, 95
Trd, 4318947.043, 93
Trd, 4318947.743, 125
Trd, 4318947.793, 117
Trd, 4318948.543, 103
Trd, 4318948.993, 104
Trd, 4318949.243, 126
Trd, 4318949.843, 100
Trd, 4318950.593, 87
Trd, 4318951.343, 101
Trd, 4318952.193, 128
Trd, 4318953.193, 80
Trd, 4318953.993, 125
Trd, 4318958.393, 121
Trd, 4318958.443, 109
Trd, 4318959.243, 107
Trd, 4318959.643, 100
Trd, 4318959.893, 121
Trd, 4318959.993, 92
Trd, 4318960.843, 112
Trd, 4318962.043, 128
Trd, 4318962.093, 125
Trd, 4318963.043, 114
Trd, 4318963.143, 91
Trd, 4318964.593, 130
Trd, 4318965.293, 118
Trd, 4318965.443, 91
Trd, 4318967.743, 101
Trd, 4318968.343, 101
Trd, 4318969.343, 71
Trd, 4318970.343, 78
Trd, 4318970.893, 93
Trd, 4318971.093, 90
Trd, 4318973.143, 119
Trd, 4318973.943, 103
Trd, 4318974.643, 104
Trd, 4318974.843, 104
Trd, 4318975.093, 92
Trd, 4318975.543, 120
Trd, 4318977.543, 107
Trd, 4318977.743, 118
Trd, 4318979.093, 60
Trd, 4318979.543, 78
Trd, 4318979.693, 101
Trd, 4318980.593, 127
Trd, 4318980.793, 83
Trd, 4318981.393, 99
Trd, 4318983.443, 119
Trd, 4318984.593, 99
Trd, 4318985.193, 97
Trd, 4318985.693, 135
Trd, 4318986.543, 72
Trd, 4318986.943, 79
Trd, 4318988.393, 107
Trd, 4318988.843, 95
Trd, 4318989.743, 86
Trd, 4318990.543, 77
Trd, 4318992.993, 93
Trd, 4318993.593, 134
Trd, 4318993.993, 128
Trd, 4318995.493, 127
Trd, 4318995.843, 117
Trd, 4318996.043, 115
Trd, 4318996.093, 101
Trd, 4318996.393, 83
Trd, 4318998.043, 118
Trd, 4318998.743, 113
Trd, 4318999.443, 124
Trd, 4319000.493, 98
Trd, 4319000.643, 92
Trd, 4319002.293, 95
Trd, 4319002.543, 91
Trd, 4319002.943, 101
Trd, 4319003.543, 102
Trd, 4319003.993, 109
Trd, 4319005.393, 91
Trd, 4319005.793, 81
Trd, 4319007.443, 124
Trd, 4319007.493, 121
Trd, 4319007.793, 131
Trd, 4319008.343, 124
Trd, 4319009.293, 116
Trd, 4319009.393, 121
Trd, 4319010.293, 116
Trd, 4319010.693, 114
Trd, 4319011.343, 103
Trd, 4319011.893, 73
Trd, 4319014.143, 134
Trd, 4319014.443, 120
Trd, 4319014.593, 112
Trd, 4319014.793, 106
Trd, 4319015.643, 104
Trd, 4319017.043, 107
Trd, 4319017.743, 96
Trd, 4319018.893, 125
Trd, 4319019.693, 66
Trd, 4319020.793, 81
Trd, 4319021.543, 121
Trd, 4319021.793, 82
Trd, 4319022.043, 102
Trd, 4319023.143, 99
Trd, 4319024.343, 64
Trd, 4319024.993, 76
Trd, 4319026.093, 87
Trd, 4319026.543, 97
Trd, 4319026.893, 86
Trd, 4319028.493, 105
Trd, 4319029.143, 106
Trd, 4319029.343, 90
Trd, 4319030.143, 83
Trd, 4319030.843, 104
Trd, 4319031.293, 83
Trd, 4319032.143, 113
Trd, 4319032.943, 130
Trd, 4319032.993, 119
Trd, 4319034.293, 116
Trd, 4319035.043, 136
Trd, 4319035.343, 103
Trd, 4319035.643, 120
Trd, 4319036.243, 137
Trd, 4319036.643, 85
Trd, 4319037.993, 82
Trd, 4319038.093, 98
Trd, 4319038.143, 110
Trd, 4319039.943, 66
Trd, 4319039.993, 74
Trd, 4319041.993, 67
Trd, 4319042.693, 86
Trd, 4319043.493, 125
Trd, 4319044.993, 118
Trd, 4319045.093, 104
Trd, 4319045.193, 81
Trd, 4319045.843, 84
Trd, 4319046.093, 129
Trd, 4319046.643, 126
Trd, 4319047.993, 69
Trd, 4319048.543, 81
Trd, 4319049.193, 122
Trd, 4319049.843, 105
Trd, 4319050.293, 98
Trd, 4319051.443, 82
Trd, 4319052.343, 100
Trd, 4319053.743, 111
Trd, 4319054.393, 107
Trd, 4319054.643, 82
Trd, 4319055.193, 97
Trd, 4319055.993, 90
Trd, 4319056.493, 110
Trd, 4319056.743, 99
Trd, 4319058.343, 106
Trd, 4319059.593, 139
Trd, 4319060.743, 116
Trd, 4319061.543, 97
Trd, 4319061.943, 96
Trd, 4319062.093, 77
Trd, 4319063.893, 130
Trd, 4319064.143, 127
Trd, 4319065.543, 111
Trd, 4319065.743, 102
Trd, 4319066.293, 120
Trd, 4319066.343, 75
Trd, 4319067.543, 132
Trd, 4319068.443, 122
Trd, 4319068.743, 85
Trd, 4319069.093, 78
Trd, 4319070.193, 72
Trd, 4319071.293, 94
Trd, 4319071.893, 74
Trd, 4319072.193, 87
Trd, 4319074.143, 104
Trd, 4319075.493, 125
Trd, 4319075.793, 71
Trd, 4319075.843, 69
Trd, 4319077.343, 107
Trd, 4319077.743, 103
Trd, 4319078.143, 102
Trd, 4319079.593, 92
Trd, 4319080.043, 110
Trd, 4319080.943, 104
Trd, 4319081.543, 101
Trd, 4319082.293, 71
Trd, 4319082.843, 134
Trd, 4319083.893, 78
Trd, 4319084.643, 77
Trd, 4319084.693, 75
Trd, 4319085.343, 108
Trd, 4319085.543, 73
Trd, 4319086.343, 110
Trd, 4319086.493, 82
Trd, 4319087.193, 82
Trd, 4319089.593, 109
Trd, 4319090.793, 63
Trd, 4319091.143, 75
Trd, 4319091.393, 89
Trd, 4319092.793, 60
Trd, 4319093.593, 98
Trd, 4319094.493, 105
Trd, 4319095.993, 132
Trd, 4319096.343, 138
Trd, 4319096.793, 131
Trd, 4319098.093, 123
Trd, 4319099.243, 103
Trd, 4319099.443, 102
Trd, 4319099.643, 90
Trd, 4319100.743, 124
Trd, 4319101.043, 105
Trd, 4319101.243, 103
Trd, 4319103.343, 132
Trd, 4319104.293, 126
Trd, 4319105.443, 119
Trd, 4319105.493, 111
Trd, 4319105.593, 102
Trd, 4319106.593, 108
Trd, 4319106.643, 98
Trd, 4319106.943, 132
Trd, 4319108.193, 111
Trd, 4319108.243, 109
Trd, 4319108.843, 97
Trd, 4319110.693, 107
Trd, 4319110.843, 101
Trd, 4319112.243, 86
Trd, 4319113.243, 102
Trd, 4319113.643, 90
Trd, 4319113.743, 81
Trd, 4319114.093, 122
Trd, 4319114.243, 85
Trd, 4319115.793, 76
Trd, 4319117.443, 85
Trd, 4319117.693, 105
Trd, 4319118.293, 92
Trd, 4319119.693, 120
Trd, 4319120.393, 126
Trd, 4319120.643, 74
Trd, 4319121.443, 100
Trd, 4319121.893, 100
Trd, 4319122.143, 135
Trd, 4319123.693, 85
Trd, 4319124.343, 92
Trd, 4319124.943, 108
Trd, 4319125.243, 91
Trd, 4319125.643, 107
Trd, 4319126.293, 105
Trd, 4319126.943, 105
Trd, 4319128.743, 140
Trd, 4319130.043, 117
Trd, 4319131.793, 126
Trd, 4319132.093, 124
Trd, 4319132.293, 111
Trd, 4319133.443, 108
Trd, 4319134.243, 133
Trd, 4319135.193, 132
Trd, 4319135.443, 129
Trd, 4319136.543, 95
Trd, 4319136.643, 88
Trd, 4319137.593, 103
Trd, 4319138.393, 118
Trd, 4319138.743, 115
Trd, 4319139.793, 113
Trd, 4319139.843, 111
Trd, 4319140.943, 115
Trd, 4319141.543, 125
Trd, 4319141.743, 95
Trd, 4319142.043, 83
Trd, 4319143.243, 95
Trd, 4319144.443, 89
Trd, 4319145.193, 130
Trd, 4319145.943, 96
Trd, 4319147.893, 134
Trd, 4319147.993, 131
Trd, 4319148.693, 122
Trd, 4319148.943, 120
Trd, 4319149.943, 91
Trd, 4319150.143, 86
Trd, 4319150.443, 118
Trd, 4319152.393, 97
Trd, 4319153.043, 85
Trd, 4319153.293, 69
Trd, 4319153.393, 70
Trd, 4319154.443, 126
Trd, 4319155.443, 121
Trd, 4319155.843, 111
Trd, 4319157.993, 92
Trd, 4319158.643, 120
Trd, 4319158.943, 94
Trd, 4319159.343, 125
Trd, 4319161.193, 118
Trd, 4319161.243, 116
Trd, 4319161.643, 99
Trd, 4319162.593, 136
Trd, 4319162.743, 92
Trd, 4319163.543, 130
Trd, 4319164.643, 90
Trd, 4319165.943, 87
Trd, 4319166.193, 88
Trd, 4319167.343, 112
Trd, 4319167.593, 111
Trd, 4319169.193, 109
Trd, 4319169.793, 104
Trd, 4319170.293, 101
Trd, 4319170.593, 111
Trd, 4319170.743, 85
Trd, 4319171.843, 117
Trd, 4319172.993, 113
Trd, 4319173.143, 88
Trd, 4319173.593, 106
Trd, 4319174.393, 84
Trd, 4319175.093, 114
Trd, 4319175.343, 80
Trd, 4319175.543, 117
Trd, 4319177.043, 84
Trd, 4319177.543, 77
Trd, 4319178.343, 64
Trd, 4319179.193, 106
Trd, 4319179.543, 83
Trd, 4319181.193, 87
Trd, 4319181.793, 93
Trd, 4319183.793, 134
Trd, 4319184.393, 128
Trd, 4319185.093, 125
Trd, 4319185.243, 86
Trd, 4319185.343, 84
Trd, 4319185.593, 74
Trd, 4319186.043, 113
Trd, 4319186.443, 90
Trd, 4319187.443, 99
Trd, 4319187.493, 87
Trd, 4319187.793, 78
Trd, 4319190.843, 131
Trd, 4319190.943, 121
Trd, 4319191.093, 98
Trd, 4319191.693, 87
Trd, 4319194.843, 133
Trd, 4319194.893, 119
Trd, 4319194.993, 112
Trd, 4319195.293, 95
Trd, 4319196.693, 115
Trd, 4319197.193, 137
Trd, 4319197.943, 116
Trd, 4319199.393, 124
Trd, 4319200.693, 139
Trd, 4319201.743, 106
Trd, 4319202.243, 108
Trd, 4319203.593, 104
Trd, 4319204.193, 129
Trd, 4319204.393, 119
Trd, 4319205.643, 87
Trd, 4319206.393, 81
Trd, 4319206.893, 64
Trd, 4319207.593, 63
Trd, 4319207.993, 84
Trd, 4319208.793, 88
Trd, 4319210.043, 108
Trd, 4319211.893, 106
Trd, 4319213.143, 104
Trd, 4319214.443, 111
Trd, 4319214.693, 73
Trd, 4319215.043, 99
Trd, 4319215.593, 132
Trd, 4319216.643, 127
Trd, 4319216.893, 102
Trd, 4319217.593, 100
Trd, 4319218.843, 87
Trd, 4319219.293, 82
Trd, 4319219.393, 108
Trd, 4319219.543, 105
Trd, 4319221.443, 124
Trd, 4319221.643, 96
Trd, 4319223.693, 74
Trd, 4319223.743, 84
Trd, 4319224.893, 132
Trd, 4319225.393, 134
Trd, 4319226.193, 118
Trd, 4319228.243, 128
Trd, 4319229.593, 110
Trd, 4319229.643, 104
Trd, 4319230.543, 117
Trd, 4319230.943, 92
Trd, 4319231.193, 108
Trd, 4319231.893, 94
Trd, 4319232.543, 119
Trd, 4319233.343, 90
Trd, 4319233.493, 84
Trd, 4319234.293, 72
Trd, 4319236.943, 122
Trd, 4319237.143, 114
Trd, 4319237.593, 124
Trd, 4319238.143, 116
Trd, 4319239.893, 108
Trd, 4319240.093, 105
Trd, 4319240.643, 131
Trd, 4319241.043, 96
Trd, 4319242.043, 120
Trd, 4319243.493, 73
Trd, 4319243.743, 90
Trd, 4319245.493, 74
Trd, 4319245.793, 101
Trd, 4319246.493, 128
Trd, 4319246.743, 98
Trd, 4319246.943, 97
Trd, 4319247.643, 109
Trd, 4319247.993, 96
Trd, 4319249.093, 94
Trd, 4319250.143, 114
Trd, 4319250.993, 119
Trd, 4319251.593, 92
Trd, 4319251.843, 99
Trd, 4319251.893, 76
Trd, 4319252.093, 77
Trd, 4319252.593, 66
Trd, 4319254.043, 86
Trd, 4319255.943, 116
Trd, 4319256.293, 112
Trd, 4319256.643, 88
Trd, 4319256.693, 130
Trd, 4319257.343, 113
Trd, 4319258.493, 76
Trd, 4319259.093, 116
Trd, 4319259.443, 125
Trd, 4319260.643, 107
Trd, 4319261.193, 87
Trd, 4319261.393, 123
Trd, 4319262.443, 136
Trd, 4319263.593, 120
Trd, 4319263.893, 121
Trd, 4319264.643, 100
Trd, 4319267.843, 126
Trd, 4319268.293, 86
Trd, 4319268.493, 109
Trd, 4319269.093, 110
Trd, 4319269.293, 117
Trd, 4319269.643, 83
Trd, 4319269.743, 70
Trd, 4319271.193, 85
Trd, 4319271.593, 64
Trd, 4319271.793, 129
Trd, 4319273.093, 84
Trd, 4319274.143, 104
Trd, 4319274.743, 108
Trd, 4319274.893, 107
Trd, 4319275.093, 80
Trd, 4319275.843, 101
Trd, 4319275.993, 118
Trd, 4319277.243, 130
Trd, 4319277.843, 108
Trd, 4319278.343, 96
Trd, 4319279.443, 114
Trd, 4319280.743, 99
Trd, 4319280.793, 87
Trd, 4319282.143, 135
Trd, 4319282.193, 60
Trd, 4319282.693, 71
Trd, 4319284.793, 101
Trd, 4319284.993, 90
Trd, 4319285.343, 86
Trd, 4319285.843, 121
Trd, 4319287.793, 135
Trd, 4319288.143, 132
Trd, 4319289.143, 95
Trd, 4319289.693, 112
Trd, 4319290.443, 95
Trd, 4319291.643, 130
Trd, 4319293.243, 132
Trd, 4319293.393, 118
Trd, 4319293.943, 116
Trd, 4319294.093, 110
Trd, 4319294.593, 111
Trd, 4319294.893, 107
Trd, 4319296.793, 126
Trd, 4319297.193, 115
Trd, 4319297.343, 114
Trd, 4319297.393, 113
Trd, 4319300.893, 91
Trd, 4319301.093, 104
Trd, 4319302.043, 106
Trd, 4319303.443, 99
Trd, 4319303.793, 109
Trd, 4319304.143, 98
Trd, 4319305.293, 77
Trd, 4319305.443, 117
Trd, 4319305.543, 131
Trd, 4319305.743, 100
Trd, 4319306.693, 115
Trd, 4319307.643, 99
Trd, 4319308.643, 110
Trd, 4319310.493, 125
Trd, 4319310.693, 114
Trd, 4319310.793, 117
Trd, 4319311.643, 83
Trd, 4319312.943, 65
Trd, 4319313.493, 65
Trd, 4319314.593, 105
Trd, 4319315.043, 73
Trd, 4319316.343, 97
Trd, 4319316.393, 95
Trd, 4319317.843, 140
Trd, 4319317.943, 112
Trd, 4319318.493, 125
Trd, 4319319.493, 138
Trd, 4319319.943, 124
Trd, 4319321.293, 115
Trd, 4319321.893, 125
Trd, 4319323.193, 128
Trd, 4319324.543, 132
Trd, 4319325.893, 129
Trd, 4319326.643, 103
Trd, 4319328.293, 133
Trd, 4319328.343, 130
Trd, 4319328.543, 110
Trd, 4319330.543, 128
Trd, 4319331.493, 134
Trd, 4319332.343, 126
Trd, 4319332.493, 97
Trd, 4319332.843, 84
Trd, 4319333.143, 113
Trd, 4319333.293, 114
Trd, 4319333.643, 112
Trd, 4319335.943, 131
Trd, 4319336.593, 127
Trd, 4319337.393, 94
Trd, 4319337.793, 128
Trd, 4319337.993, 106
Trd, 4319338.393, 98
Trd, 4319339.393, 135
Trd, 4319339.593, 108
Trd, 4319341.943, 83
Trd, 4319342.293, 125
Trd, 4319344.293, 122
Trd, 4319344.593, 106
Trd, 4319345.493, 120
Trd, 4319345.693, 110
Trd, 4319346.143, 95
Trd, 4319346.243, 104
Trd, 4319346.793, 93
Trd, 4319347.193, 115
Trd, 4319348.443, 119
Trd, 4319348.893, 130
Trd, 4319349.293, 112
Trd, 4319349.793, 132
Trd, 4319350.093, 111
Trd, 4319350.893, 135
Trd, 4319351.793, 112
Trd, 4319351.843, 94
Trd, 4319354.593, 129
Trd, 4319354.793, 118
Trd, 4319355.493, 132
Trd, 4319355.543, 103
Trd, 4319355.643, 93
Trd, 4319356.943, 107
Trd, 4319357.393, 92
Trd, 4319357.493, 97
Trd, 4319357.893, 97
Trd, 4319359.043, 129
Trd, 4319362.093, 99
Trd, 4319362.143, 109
Trd, 4319363.343, 73
Trd, 4319363.593, 72
Trd, 4319364.843, 116
Trd, 4319365.143, 96
Trd, 4319365.493, 81
Trd, 4319365.793, 134
Trd, 4319368.393, 100
Trd, 4319369.093, 139
Trd, 4319369.893, 136
Trd, 4319370.343, 121
Trd, 4319370.943, 104
Trd, 4319372.793, 122
Trd, 4319372.993, 119
Trd, 4319373.493, 117
Trd, 4319375.793, 128
Trd, 4319376.193, 118
Trd, 4319376.793, 108
Trd, 4319377.493, 96
Trd, 4319377.543, 82
Trd, 4319379.243, 133
Trd, 4319379.743, 88
Trd, 4319381.293, 79
Trd, 4319381.643, 74
Trd, 4319382.093, 100
Trd, 4319383.893, 133
Trd, 4319384.043, 131
Trd, 4319384.993, 95
Trd, 4319385.843, 105
Trd, 4319386.643, 115
Trd, 4319388.143, 114
Trd, 4319389.843, 108
Trd, 4319390.493, 96
Trd, 4319391.343, 92
Trd, 4319391.793, 96
Trd, 4319392.943, 88
Trd, 4319393.993, 101
Trd, 4319394.143, 89
Trd, 4319396.243, 117
Trd, 4319396.793, 115
Trd, 4319397.493, 115
Trd, 4319397.593, 110
Trd, 4319399.243, 116
Trd, 4319399.293, 110
Trd, 4319399.593, 102
Trd, 4319399.843, 85
Trd, 4319400.693, 116
Trd, 4319401.143, 122
Trd, 4319403.643, 110
Trd, 4319404.643, 96
Trd, 4319404.993, 116
Trd, 4319405.743, 109
Trd, 4319406.393, 93
Trd, 4319407.993, 113
Trd, 4319409.393, 126
Trd, 4319409.743, 123
Trd, 4319410.043, 74
Trd, 4319410.543, 122
Trd, 4319412.293, 81
Trd, 4319413.493, 120
Trd, 4319413.893, 109
Trd, 4319414.093, 84
Trd, 4319415.243, 129
Trd, 4319415.343, 90
Trd, 4319415.843, 80
Trd, 4319416.093, 105
Trd, 4319417.643, 77
Trd, 4319418.693, 115
Trd, 4319419.543, 114
Trd, 4319419.843, 86
Trd, 4319420.093, 82
Trd, 4319421.543, 105
Trd, 4319421.993, 103
Trd, 4319423.143, 130
Trd, 4319423.543, 86
Trd, 4319424.043, 136
Trd, 4319425.493, 89
Trd, 4319425.793, 70
Trd, 4319427.243, 65
Trd, 4319427.443, 72
Trd, 4319428.293, 109
Trd, 4319428.343, 107
Trd, 4319428.393, 89
Trd, 4319429.143, 124
Trd, 4319429.393, 77
Trd, 4319429.893, 91
Trd, 4319431.193, 81
Trd, 4319432.693, 110
Trd, 4319433.343, 116
Trd, 4319433.943, 116
Trd, 4319435.093, 138
Trd, 4319435.243, 95
Trd, 4319435.893, 133
Trd, 4319436.643, 130
Trd, 4319436.893, 137
Trd, 4319436.943, 98
Trd, 4319439.043, 128
Trd, 4319439.093, 121
Trd, 4319440.443, 136
Trd, 4319441.043, 127
Trd, 4319442.193, 132
Trd, 4319442.393, 112
Trd, 4319443.043, 122
Trd, 4319443.893, 129
Trd, 4319444.643, 127
Trd, 4319445.293, 137
Trd, 4319445.643, 115
Trd, 4319447.543, 92
Trd, 4319447.843, 84
Trd, 4319447.993, 84
Trd, 4319448.193, 73
Trd, 4319449.243, 85
Trd, 4319451.993, 134
Trd, 4319452.243, 85
Trd, 4319453.093, 60
Trd, 4319453.793, 131
Trd, 4319454.493, 88
Trd, 4319455.343, 88
Trd, 4319457.193, 104
Trd, 4319457.693, 106
Trd, 4319457.843, 102
Trd, 4319459.143, 93
Trd, 4319459.843, 117
Trd, 4319460.793, 106
Trd, 4319461.393, 109
Trd, 4319461.993, 112
Trd, 4319462.493, 112
Trd, 4319463.043, 115
Trd, 4319463.693, 100
Trd, 4319464.043, 100
Trd, 4319464.493, 98
Trd, 4319465.093, 90
Trd, 4319466.693, 91
Trd, 4319467.143, 75
Trd, 4319467.543, 72
Trd, 4319468.393, 112
Trd, 4319468.593, 97
Trd, 4319470.343, 122
Trd, 4319471.093, 97
Trd, 4319472.043, 103
Trd, 4319472.343, 95
Trd, 4319473.043, 113
Trd, 4319473.393, 124
Trd, 4319473.943, 97
Trd, 4319475.093, 118
Trd, 4319476.743, 123
Trd, 4319476.993, 103
Trd, 4319477.093, 86
Trd, 4319477.243, 85
Trd, 4319478.293, 91
Trd, 4319481.143, 134
Trd, 4319482.093, 125
Trd, 4319482.793, 118
Trd, 4319483.793, 111
Trd, 4319483.943, 83
Trd, 4319486.093, 104
Trd, 4319486.293, 76
Trd, 4319486.843, 62
Trd, 4319488.293, 106
Trd, 4319489.393, 86
Trd, 4319489.993, 103
Trd, 4319490.543, 88
Trd, 4319490.643, 73
Trd, 4319493.343, 98
Trd, 4319495.193, 128
Trd, 4319495.893, 112
Trd, 4319496.493, 108
Trd, 4319497.293, 106
Trd, 4319497.893, 108
Trd, 4319498.143, 118
Trd, 4319498.593, 106
Trd, 4319499.693, 102
Trd, 4319500.793, 123
Trd, 4319501.993, 113
Trd, 4319502.343, 111
Trd, 4319503.243, 106
Trd, 4319503.443, 93
Trd, 4319503.743, 83
Trd, 4319505.793, 104
Trd, 4319506.843, 95
Trd, 4319507.493, 105
Trd, 4319508.193, 85
Trd, 4319508.743, 136
Trd, 4319509.843, 98
Trd, 4319510.043, 95
Trd, 4319510.893, 111
Trd, 4319511.893, 129
Trd, 4319512.743, 102
Trd, 4319513.493, 137
Trd, 4319514.643, 89
Trd, 4319515.193, 98
Trd, 4319515.493, 88
Trd, 4319516.393, 69
Trd, 4319516.693, 111
Trd, 4319516.793, 107
Trd, 4319517.043, 99
Trd, 4319517.543, 66
Trd, 4319519.193, 81
Trd, 4319520.843, 105
Trd, 4319523.493, 125
Trd, 4319524.893, 140
Trd, 4319525.593, 108
Trd, 4319525.793, 127
Trd, 4319526.093, 134
Trd, 4319526.343, 96
Trd, 4319526.843, 135
Trd, 4319527.193, 101
Trd, 4319527.443, 137
Trd, 4319527.793, 109
Trd, 4319528.343, 92
Trd, 4319530.843, 134
Trd, 4319531.343, 85
Trd, 4319531.893, 94
Trd, 4319532.143, 93
Trd, 4319532.993, 123
Trd, 4319533.743, 134
Trd, 4319533.993, 105
Trd, 4319534.443, 92
Trd, 4319536.993, 111
Trd, 4319537.743, 85
Trd, 4319538.293, 77
Trd, 4319538.943, 89
Trd, 4319540.593, 74
Trd, 4319540.943, 76
Trd, 4319543.093, 99
Trd, 4319545.943, 116
Trd, 4319546.593, 135
Trd, 4319547.043, 105
Trd, 4319547.093, 99
Trd, 4319549.293, 128
Trd, 4319549.343, 125
Trd, 4319550.543, 95
Trd, 4319550.893, 91
Trd, 4319552.043, 120
Trd, 4319553.443, 130
Trd, 4319556.143, 123
Trd, 4319556.293, 127
Trd, 4319556.343, 122
Trd, 4319556.793, 121
Trd, 4319556.993, 121
Trd, 4319557.393, 116
Trd, 4319558.343, 123
Trd, 4319559.193, 105
Trd, 4319560.193, 101
Trd, 4319561.893, 106
Trd, 4319562.043, 97
Trd, 4319562.993, 106
Trd, 4319563.393, 99
Trd, 4319564.043, 116
Trd, 4319565.243, 70
Trd, 4319566.793, 121
Trd, 4319567.293, 128
Trd, 4319568.293, 120
Trd, 4319569.343, 131
Trd, 4319569.993, 138
Trd, 4319570.943, 127
Trd, 4319571.093, 111
Trd, 4319571.443, 86
Trd, 4319571.943, 72
Trd, 4319571.993, 60
Trd, 4319572.393, 137
Trd, 4319573.793, 87
Trd, 4319574.143, 100
Trd, 4319575.393, 104
Trd, 4319575.593, 109
Trd, 4319575.743, 88
Trd, 4319578.443, 100
Trd, 4319579.693, 97
Trd, 4319580.493, 94
Trd, 4319582.143, 116
Trd, 4319582.393, 116
Trd, 4319583.193, 111
Trd, 4319584.243, 112
Trd, 4319584.343, 119
Trd, 4319585.293, 69
Trd, 4319585.943, 70
Trd, 4319586.593, 66
Trd, 4319587.193, 114
Trd, 4319587.243, 76
Trd, 4319588.893, 106
Trd, 4319589.993, 137
Trd, 4319590.643, 115
Trd, 4319590.993, 109
Trd, 4319592.543, 132
Trd, 4319594.443, 118
Trd, 4319594.843, 133
Trd, 4319595.293, 129
Trd, 4319595.493, 75
Trd, 4319595.693, 74
Trd, 4319596.243, 70
Trd, 4319597.843, 121
Trd, 4319598.193, 129
Trd, 4319598.443, 123
Trd, 4319599.943, 119
Trd, 4319600.143, 94
Trd, 4319600.643, 125
Trd, 4319601.743, 93
Trd, 4319604.893, 115
Trd, 4319604.943, 110
Trd, 4319605.343, 108
Trd, 4319605.593, 96
Trd, 4319605.993, 94
Trd, 4319606.193, 131
Trd, 4319606.443, 75
Trd, 4319606.993, 85
Trd, 4319607.643, 93
Trd, 4319608.843, 93
Trd, 4319609.643, 117
Trd, 4319610.443, 111
Trd, 4319611.043, 108
Trd, 4319611.093, 106
Trd, 4319612.593, 96
Trd, 4319613.543, 131
Trd, 4319613.943, 130
Trd, 4319614.093, 128
Trd, 4319615.043, 109
Trd, 4319615.593, 95
Trd, 4319617.543, 111
Trd, 4319617.643, 105
Trd, 4319617.893, 81
Trd, 4319618.043, 118
Trd, 4319619.243, 124
Trd, 4319619.993, 109
Trd, 4319620.793, 85
Trd, 4319622.293, 116
Trd, 4319623.043, 114
Trd, 4319623.193, 106
Trd, 4319624.793, 109
Trd, 4319625.993, 84
Trd, 4319626.293, 81
Trd, 4319627.343, 89
Trd, 4319628.643, 101
Trd, 4319628.843, 99
Trd, 4319629.093, 134
Trd, 4319631.243, 107
Trd, 4319631.493, 108
Trd, 4319632.293, 96
Trd, 4319632.743, 84
Trd, 4319634.393, 69
Trd, 4319635.993, 74
Trd, 4319636.743, 75
Trd, 4319636.793, 63
Trd, 4319637.543, 125
Trd, 4319637.993, 117
Trd, 4319638.043, 98
Trd, 4319638.893, 85
Trd, 4319639.293, 125
Trd, 4319640.143, 108
Trd, 4319641.843, 127
Trd, 4319642.693, 132
Trd, 4319643.043, 77
Trd, 4319643.393, 104
Trd, 4319645.943, 116
Trd, 4319646.843, 91
Trd, 4319647.793, 120
Trd, 4319648.093, 118
Trd, 4319648.243, 86
Trd, 4319649.243, 89
Trd, 4319649.493, 98
Trd, 4319650.393, 113
Trd, 4319650.893, 140
Trd, 4319651.193, 131
Trd, 4319653.343, 98
Trd, 4319653.743, 98
Trd, 4319654.043, 89
Trd, 4319654.143, 116
Trd, 4319654.193, 79
Trd, 4319654.643, 126
Trd, 4319655.843, 120
Trd, 4319656.193, 103
Trd, 4319657.993, 76
Trd, 4319658.143, 85
Trd, 4319658.893, 113
Trd, 4319659.343, 82
Trd, 4319660.493, 103
Trd, 4319661.893, 96
Trd, 4319662.043, 95
Trd, 4319662.593, 73
Trd, 4319662.993, 65
Trd, 4319663.193, 91
Trd, 4319665.193, 97
Trd, 4319665.893, 115
Trd, 4319666.493, 123
Trd, 4319667.393, 61
Trd, 4319667.443, 84
Trd, 4319667.943, 119
Trd, 4319667.993, 105
Trd, 4319668.693, 63
Trd, 4319668.943, 118
Trd, 4319669.993, 118
Trd, 4319671.843, 105
Trd, 4319672.193, 84
Trd, 4319673.043, 82
Trd, 4319673.943, 112
Trd, 4319674.243, 111
Trd, 4319674.543, 101
Trd, 4319675.043, 82
Trd, 4319676.393, 110
Trd, 4319676.793, 111
Trd, 4319677.693, 96
Trd, 4319679.243, 70
Trd, 4319680.043, 78
Trd, 4319680.193, 71
Trd, 4319680.743, 101
Trd, 4319680.843, 86
Trd, 4319682.093, 113
Trd, 4319683.643, 116
Trd, 4319683.743, 110
Trd, 4319684.393, 83
Trd, 4319685.093, 80
Trd, 4319685.293, 107
Trd, 4319687.293, 92
Trd, 4319687.843, 109
Trd, 4319688.043, 106
Trd, 4319688.293, 139
Trd, 4319689.043, 90
Trd, 4319689.793, 89
Trd, 4319691.343, 99
Trd, 4319692.343, 97
Trd, 4319692.443, 130
Trd, 4319693.143, 91
Trd, 4319693.543, 73
Trd, 4319693.693, 131
Trd, 4319694.943, 85
Trd, 4319695.443, 85
Trd, 4319695.693, 113
Trd, 4319696.493, 104
Trd, 4319696.993, 86
Trd, 4319699.743, 120
Trd, 4319700.793, 101
Trd, 4319700.843, 86
Trd, 4319701.543, 95
Trd, 4319702.093, 93
Trd, 4319702.593, 124
Trd, 4319703.193, 86
Trd, 4319705.543, 111
Trd, 4319706.643, 128
Trd, 4319707.293, 119
Trd, 4319707.643, 117
Trd, 4319708.643, 106
Trd, 4319709.143, 75
Trd, 4319709.393, 117
Trd, 4319709.793, 101
Trd, 4319710.293, 112
Trd, 4319711.393, 82
Trd, 4319712.193, 95
Trd, 4319712.993, 87
Trd, 4319713.343, 107
Trd, 4319714.243, 128
Trd, 4319714.393, 125
Trd, 4319715.243, 76
Trd, 4319715.993, 101
Trd, 4319716.993, 115
Trd, 4319717.693, 114
Trd, 4319718.793, 96
Trd, 4319720.743, 87
Trd, 4319722.243, 89
Trd, 4319722.543, 96
Trd, 4319723.393, 89
Trd, 4319723.643, 64
Trd, 4319724.143, 93
Trd, 4319727.543, 94
Trd, 4319728.393, 94
Trd, 4319728.593, 98
Trd, 4319729.543, 98
Trd, 4319730.543, 99
Trd, 4319730.743, 93
Trd, 4319731.193, 108
Trd, 4319732.993, 111
Trd, 4319733.493, 67
Trd, 4319734.593, 65
Trd, 4319734.893, 61
Trd, 4319735.993, 74
Trd, 4319736.593, 105
Trd, 4319736.993, 112
Trd, 4319737.143, 122
Trd, 4319738.993, 63
Trd, 4319739.143, 92
Trd, 4319740.243, 137
Trd, 4319741.143, 72
Trd, 4319741.593, 69
Trd, 4319742.093, 134
Trd, 4319742.943, 90
Trd, 4319743.643, 98
Trd, 4319744.143, 96
Trd, 4319744.793, 102
Trd, 4319745.143, 100
Trd, 4319745.443, 100
Trd, 4319745.793, 90
Trd, 4319746.343, 97
Trd, 4319746.943, 120
Trd, 4319748.943, 102
Trd, 4319749.993, 67
Trd, 4319750.393, 69
Trd, 4319750.993, 76
Trd, 4319753.493, 92
Trd, 4319754.543, 98
Trd, 4319755.143, 103
Trd, 4319755.293, 84
Trd, 4319755.643, 107
Trd, 4319756.543, 105
Trd, 4319756.743, 83
Trd, 4319757.643, 86
Trd, 4319758.093, 88
Trd, 4319759.293, 106
Trd, 4319759.343, 116
Trd, 4319759.993, 124
Trd, 4319760.243, 100
Trd, 4319760.493, 74
Trd, 4319761.843, 118
Trd, 4319763.893, 127
Trd, 4319766.493, 105
Trd, 4319766.643, 130
Trd, 4319767.343, 95
Trd, 4319768.793, 85
Trd, 4319769.043, 70
Trd, 4319769.193, 67
Trd, 4319770.743, 88
Trd, 4319772.093, 124
Trd, 4319773.293, 120
Trd, 4319773.543, 119
Trd, 4319773.693, 105
Trd, 4319774.843, 116
Trd, 4319775.243, 110
Trd, 4319775.893, 130
Trd, 4319777.493, 121
Trd, 4319777.793, 120
Trd, 4319778.593, 137
Trd, 4319778.743, 123
Trd, 4319780.043, 103
Trd, 4319780.593, 106
Trd, 4319780.943, 93
Trd, 4319782.243, 84
Trd, 4319783.393, 131
Trd, 4319783.593, 126
Trd, 4319783.843, 123
Trd, 4319784.693, 105
Trd, 4319785.843, 105
Trd, 4319786.393, 80
Trd, 4319787.543, 107
Trd, 4319788.393, 119
Trd, 4319788.893, 101
Trd, 4319789.393, 135
Trd, 4319790.843, 130
Trd, 4319791.793, 108
Trd, 4319792.093, 103
Trd, 4319792.393, 76
Trd, 4319793.693, 102
Trd, 4319794.093, 81
Trd, 4319795.493, 117
Trd, 4319795.543, 111
Trd, 4319795.893, 131
Trd, 4319797.293, 119
Trd, 4319797.693, 133
Trd, 4319797.943, 98
Trd, 4319798.443, 80
Trd, 4319799.293, 68
Trd, 4319800.043, 93
Trd, 4319800.143, 117
Trd, 4319800.893, 92
Trd, 4319801.043, 83
Trd, 4319801.693, 106
Trd, 4319804.943, 62
Trd, 4319805.343, 62
Trd, 4319806.243, 96
Trd, 4319806.343, 101
Trd, 4319807.493, 103
Trd, 4319808.843, 100
Trd, 4319809.193, 123
Trd, 4319809.243, 73
Trd, 4319809.493, 73
Trd, 4319809.943, 101
Trd, 4319812.793, 105
Trd, 4319812.943, 94
Trd, 4319813.143, 82
Trd, 4319814.743, 129
Trd, 4319815.293, 122
Trd, 4319815.743, 134
Trd, 4319816.593, 96
Trd, 4319816.693, 96
Trd, 4319817.343, 129
Trd, 4319818.193, 123
Trd, 4319818.243, 94
Trd, 4319818.393, 135
Trd, 4319820.193, 97
Trd, 4319820.743, 84
Trd, 4319822.243, 106
Trd, 4319823.043, 127
Trd, 4319823.543, 124
Trd, 4319823.993, 103
Trd, 4319825.593, 82
Trd, 4319825.693, 116
Trd, 4319826.493, 119
Trd, 4319827.543, 73
Trd, 4319827.743, 68
Trd, 4319828.243, 97
Trd, 4319829.093, 122
Trd, 4319830.343, 128
Trd, 4319830.543, 128
Trd, 4319830.743, 92
Trd, 4319831.893, 110
Trd, 4319831.993, 108
Trd, 4319832.493, 93
Trd, 4319834.943, 105
Trd, 4319835.443, 122
Trd, 4319836.593, 124
Trd, 4319836.843, 109
Trd, 4319837.193, 85
Trd, 4319838.443, 93
Trd, 4319839.893, 83
Trd, 4319840.143, 82
Trd, 4319840.893, 117
Trd, 4319841.143, 110
Trd, 4319841.943, 119
Trd, 4319843.043, 107
Trd, 4319843.443, 88
Trd, 4319843.743, 115
Trd, 4319845.193, 63
Trd, 4319845.643, 96
Trd, 4319846.943, 112
Trd, 4319847.493, 83
Trd, 4319848.893, 112
Trd, 4319849.093, 103
Trd, 4319849.693, 117
Trd, 4319849.943, 95
Trd, 4319850.393, 96
Trd, 4319851.243, 137
Trd, 4319851.543, 112
Trd, 4319853.493, 106
Trd, 4319853.693, 104
Trd, 4319854.293, 102
Trd, 4319854.943, 119
Trd, 4319855.843, 91
Trd, 4319856.093, 84
Trd, 4319857.093, 84
Trd, 4319858.043, 90
Trd, 4319858.943, 70
Trd, 4319859.493, 79
Trd, 4319859.893, 68
Trd, 4319860.843, 81
Trd, 4319860.893, 87
Trd, 4319861.193, 60
Trd, 4319863.143, 122
Trd, 4319863.243, 96
Trd, 4319863.543, 92
Trd, 4319863.993, 124
Trd, 4319865.543, 80
Trd, 4319865.693, 96
Trd, 4319866.193, 84
Trd, 4319866.743, 99
Trd, 4319867.343, 75
Trd, 4319869.443, 118
Trd, 4319870.693, 104
Trd, 4319871.793, 97
Trd, 4319871.993, 116
Trd, 4319872.993, 117
Trd, 4319874.743, 137
Trd, 4319874.893, 134
Trd, 4319875.093, 104
Trd, 4319876.193, 108
Trd, 4319877.043, 107
Trd, 4319878.093, 119
Trd, 4319878.143, 117
Trd, 4319878.793, 96
Trd, 4319879.243, 95
Trd, 4319880.043, 138
Trd, 4319881.093, 132
Trd, 4319881.543, 119
Trd, 4319882.243, 102
Trd, 4319884.043, 131
Trd, 4319885.293, 115
Trd, 4319885.543, 75
Trd, 4319886.243, 135
Trd, 4319886.393, 85
Trd, 4319886.893, 96
Trd, 4319887.343, 115
Trd, 4319889.293, 72
Trd, 4319890.143, 64
Trd, 4319891.693, 115
Trd, 4319892.443, 116
Trd, 4319892.493, 101
Trd, 4319893.493, 99
Trd, 4319895.343, 139
Trd, 4319895.593, 99
Trd, 4319895.743, 101
Trd, 4319896.393, 106
Trd, 4319897.093, 89
Trd, 4319897.493, 93
Trd, 4319898.343, 92
Trd, 4319898.643, 87
Trd, 4319898.693, 116
Trd, 4319900.243, 140
Trd, 4319900.693, 134
Trd, 4319900.743, 110
Trd, 4319901.593, 133
Trd, 4319902.043, 127
Trd, 4319904.593, 88
Trd, 4319904.693, 84
Trd, 4319904.793, 82
Trd, 4319905.043, 102
Trd, 4319907.043, 133
Trd, 4319907.693, 117
Trd, 4319908.843, 107
Trd, 4319909.193, 107
Trd, 4319909.443, 80
Trd, 4319909.593, 108
Trd, 4319910.543, 63
Trd, 4319911.643, 85
Trd, 4319912.243, 93
Trd, 4319913.193, 96
Trd, 4319914.293, 112
Trd, 4319914.693, 116
Trd, 4319915.393, 102
Trd, 4319916.043, 103
Trd, 4319916.793, 131
Trd, 4319916.993, 104
Trd, 4319918.093, 125
Trd, 4319918.393, 90
Trd, 4319918.493, 83
Trd, 4319919.693, 128
Trd, 4319920.443, 124
Trd, 4319920.593, 121
Trd, 4319921.093, 105
Trd, 4319921.693, 132
Trd, 4319921.943, 122
Trd, 4319923.693, 76
Trd, 4319924.243, 110
Trd, 4319925.393, 130
Trd, 4319925.443, 129
Trd, 4319926.493, 114
Trd, 4319926.793, 110
Trd, 4319927.443, 104
Trd, 4319929.093, 96
Trd, 4319929.543, 112
Trd, 4319930.193, 93
Trd, 4319930.793, 127
Trd, 4319933.343, 106
Trd, 4319933.643, 92
Trd, 4319933.693, 90
Trd, 4319934.693, 100
Trd, 4319936.343, 121
Trd, 4319936.693, 119
Trd, 4319937.793, 126
Trd, 4319937.843, 114
Trd, 4319938.993, 116
Trd, 4319939.393, 96
Trd, 4319940.043, 99
Trd, 4319940.243, 96
Trd, 4319941.043, 81
Trd, 4319942.293, 72
Trd, 4319942.793, 66
Trd, 4319942.943, 72
Trd, 4319943.393, 114
Trd, 4319943.943, 64
Trd, 4319945.193, 69
Trd, 4319946.393, 61
Trd, 4319948.343, 69
Trd, 4319948.893, 77
Trd, 4319949.293, 137
Trd, 4319950.893, 120
Trd, 4319951.093, 111
Trd, 4319951.843, 114
Trd, 4319952.893, 106
Trd, 4319953.243, 101
Trd, 4319953.693, 87
Trd, 4319953.793, 73
Trd, 4319954.343, 116
Trd, 4319955.293, 125
Trd, 4319956.443, 113
Trd, 4319956.593, 109
Trd, 4319956.743, 104
Trd, 4319957.243, 86
Trd, 4319957.443, 114
Trd, 4319957.693, 73
Trd, 4319959.243, 61
Trd, 4319961.393, 115
Trd, 4319961.993, 88
Trd, 4319962.993, 88
Trd, 4319963.343, 93
Trd, 4319963.793, 93
Trd, 4319964.293, 80
Trd, 4319965.043, 120
Trd, 4319965.143, 91
Trd, 4319965.193, 98
Trd, 4319965.543, 94
Trd, 4319967.293, 89
Trd, 4319967.493, 91
Trd, 4319967.543, 123
Trd, 4319968.943, 124
Trd, 4319969.393, 121
Trd, 4319969.943, 114
Trd, 4319971.043, 70
Trd, 4319975.093, 118
Trd, 4319976.243, 136
Trd, 4319977.043, 122
Trd, 4319977.293, 120
Trd, 4319977.393, 121
Trd, 4319978.093, 91
Trd, 4319978.993, 84
Trd, 4319979.243, 115
Trd, 4319980.893, 121
Trd, 4319981.243, 77
Trd, 4319981.293, 92
Trd, 4319982.793, 108
Trd, 4319983.543, 103
Trd, 4319984.093, 108
Trd, 4319984.293, 78
Trd, 4319984.793, 98
Trd, 4319985.443, 116
Trd, 4319985.593, 100
Trd, 4319985.793, 88
Trd, 4319986.943, 87
Trd, 4319987.393, 97
Trd, 4319987.843, 80
Trd, 4319989.093, 112
Trd, 4319989.443, 92
Trd, 4319990.293, 75
Trd, 4319990.993, 85
Trd, 4319991.943, 106
Trd, 4319992.793, 108
Trd, 4319993.943, 131
Trd, 4319994.443, 128
Trd, 4319994.893, 122
Trd, 4319995.143, 105
Trd, 4319996.893, 83
Trd, 4319997.993, 94
Trd, 4319999.043, 99
Trd, 4319999.143, 99
Trd, 4319999.993, 65
