Trd, 4318170.593, 138
Trd, 4318172.743, 140
Trd, 4318173.043, 139
Trd, 4318173.343, 99
Trd, 4318173.443, 97
Trd, 4318174.143, 103
Trd, 4318174.993, 93
Trd, 4318175.393, 90
Trd, 4318175.793, 97
Trd, 4318176.143, 140
Trd, 4318177.143, 84
Trd, 4318177.993, 83
Trd, 4318179.093, 131
Trd, 4318180.793, 107
Trd, 4318182.143, 139
Trd, 4318183.293, 118
Trd, 4318183.643, 136
Trd, 4318184.143, 103
Trd, 4318184.243, 85
Trd, 4318185.193, 88
Trd, 4318185.993, 109
Trd, 4318186.893, 101
Trd, 4318187.043, 91
Trd, 4318187.643, 95
Trd, 4318188.093, 79
Trd, 4318188.643, 102
Trd, 4318188.793, 78
Trd, 4318189.793, 78
Trd, 4318191.093, 137
Trd, 4318191.793, 83
Trd, 4318191.993, 71
Trd, 4318192.443, 72
Trd, 4318192.643, 101
Trd, 4318193.393, 75
Trd, 4318193.943, 81
Trd, 4318194.343, 63
Trd, 4318194.993, 63
Trd, 4318196.743, 140
Trd, 4318197.243, 116
Trd, 4318197.443, 138
Trd, 4318198.343, 126
Trd, 4318198.793, 115
Trd, 4318199.293, 97
Trd, 4318199.443, 96
Trd, 4318199.643, 133
Trd, 4318200.743, 90
Trd, 4318202.193, 140
Trd, 4318202.843, 140
Trd, 4318203.293, 81
Trd, 4318204.343, 115
Trd, 4318205.143, 122
Trd, 4318205.443, 109
Trd, 4318205.643, 90
Trd, 4318205.693, 84
Trd, 4318206.843, 126
Trd, 4318208.143, 140
Trd, 4318208.743, 140
Trd, 4318209.093, 138
Trd, 4318209.493, 127
Trd, 4318209.593, 100
Trd, 4318210.793, 95
Trd, 4318211.243, 84
Trd, 4318211.393, 78
Trd, 4318211.643, 84
Trd, 4318213.693, 140
Trd, 4318214.143, 137
Trd, 4318215.543, 125
Trd, 4318215.593, 105
Trd, 4318215.843, 75
Trd, 4318217.143, 76
Trd, 4318217.493, 73
Trd, 4318217.843, 60
Trd, 4318218.043, 71
Trd, 4318218.793, 60
Trd, 4318219.493, 62
Trd, 4318220.643, 140
Trd, 4318220.693, 137
Trd, 4318220.943, 120
Trd, 4318221.343, 119
Trd, 4318221.443, 70
Trd, 4318223.643, 68
Trd, 4318223.943, 140
Trd, 4318225.693, 140
Trd, 4318225.993, 124
Trd, 4318226.093, 119
Trd, 4318226.843, 90
Trd, 4318226.943, 90
Trd, 4318227.493, 72
Trd, 4318228.193, 86
Trd, 4318229.193, 140
Trd, 4318229.843, 140
Trd, 4318230.093, 131
Trd, 4318230.493, 101
Trd, 4318230.593, 93
Trd, 4318230.843, 83
Trd, 4318231.793, 65
Trd, 4318232.493, 105
Trd, 4318234.243, 79
Trd, 4318236.143, 62
Trd, 4318236.193, 62
Trd, 4318236.943, 69
Trd, 4318237.043, 70
Trd, 4318237.543, 60
Trd, 4318237.693, 61
Trd, 4318240.993, 140
Trd, 4318241.143, 140
Trd, 4318241.743, 140
Trd, 4318242.143, 135
Trd, 4318242.343, 126
Trd, 4318242.543, 116
Trd, 4318243.343, 111
Trd, 4318244.343, 62
Trd, 4318245.193, 66
Trd, 4318245.993, 71
Trd, 4318246.243, 124
Trd, 4318246.643, 67
Trd, 4318247.593, 130
Trd, 4318248.343, 80
Trd, 4318249.343, 67
Trd, 4318250.543, 140
Trd, 4318251.643, 140
Trd, 4318251.693, 137
Trd, 4318251.793, 120
Trd, 4318251.843, 99
Trd, 4318252.593, 67
Trd, 4318253.093, 103
Trd, 4318253.993, 107
Trd, 4318254.543, 105
Trd, 4318254.993, 101
Trd, 4318255.093, 70
Trd, 4318255.793, 61
Trd, 4318256.393, 83
Trd, 4318256.593, 111
Trd, 4318257.243, 136
Trd, 4318257.743, 64
Trd, 4318257.943, 130
Trd, 4318260.343, 139
Trd, 4318260.493, 127
Trd, 4318260.893, 109
Trd, 4318261.843, 140
Trd, 4318261.893, 140
Trd, 4318262.243, 137
Trd, 4318262.943, 109
Trd, 4318263.543, 108
Trd, 4318265.193, 140
Trd, 4318265.293, 140
Trd, 4318265.493, 107
Trd, 4318265.943, 137
Trd, 4318266.293, 98
Trd, 4318266.743, 86
Trd, 4318267.843, 126
Trd, 4318268.443, 140
Trd, 4318268.743, 137
Trd, 4318270.843, 140
Trd, 4318271.193, 104
Trd, 4318271.243, 103
Trd, 4318271.393, 139
Trd, 4318272.743, 122
Trd, 4318272.893, 105
Trd, 4318273.043, 95
Trd, 4318274.193, 116
Trd, 4318274.693, 114
Trd, 4318274.893, 100
Trd, 4318275.843, 89
Trd, 4318276.143, 106
Trd, 4318276.293, 80
Trd, 4318277.193, 116
Trd, 4318277.743, 77
Trd, 4318278.493, 84
Trd, 4318279.743, 71
Trd, 4318279.843, 110
Trd, 4318280.243, 70
Trd, 4318281.443, 137
Trd, 4318281.543, 127
Trd, 4318281.693, 120
Trd, 4318283.893, 60
Trd, 4318284.193, 61
Trd, 4318285.143, 60
Trd, 4318285.843, 72
Trd, 4318285.993, 124
Trd, 4318286.893, 60
Trd, 4318287.043, 61
Trd, 4318287.343, 128
Trd, 4318288.593, 77
Trd, 4318288.893, 98
Trd, 4318290.043, 61
Trd, 4318291.643, 71
Trd, 4318291.993, 88
Trd, 4318292.543, 95
Trd, 4318292.793, 72
Trd, 4318293.793, 130
Trd, 4318293.943, 96
Trd, 4318294.443, 71
Trd, 4318295.243, 69
Trd, 4318296.043, 118
Trd, 4318297.543, 66
Trd, 4318297.643, 77
Trd, 4318297.843, 140
Trd, 4318298.393, 92
Trd, 4318299.093, 62
Trd, 4318299.193, 82
Trd, 4318300.543, 101
Trd, 4318301.343, 62
Trd, 4318301.843, 66
Trd, 4318302.543, 79
Trd, 4318303.343, 63
Trd, 4318303.943, 68
Trd, 4318304.193, 84
Trd, 4318305.493, 61
Trd, 4318306.443, 61
Trd, 4318306.693, 64
Trd, 4318307.543, 103
Trd, 4318307.693, 102
Trd, 4318308.143, 129
Trd, 4318309.343, 138
Trd, 4318309.493, 136
Trd, 4318309.943, 135
Trd, 4318310.943, 91
Trd, 4318311.743, 62
Trd, 4318313.193, 114
Trd, 4318313.343, 112
Trd, 4318313.943, 140
Trd, 4318314.743, 117
Trd, 4318315.393, 100
Trd, 4318316.343, 124
Trd, 4318317.393, 60
Trd, 4318317.743, 140
Trd, 4318317.943, 63
Trd, 4318318.093, 134
Trd, 4318318.593, 105
Trd, 4318320.393, 63
Trd, 4318321.443, 111
Trd, 4318322.093, 87
Trd, 4318322.143, 117
Trd, 4318322.843, 94
Trd, 4318323.693, 135
Trd, 4318323.893, 100
Trd, 4318323.993, 86
Trd, 4318325.543, 110
Trd, 4318327.693, 135
Trd, 4318327.743, 123
Trd, 4318327.943, 122
Trd, 4318328.093, 121
Trd, 4318328.893, 95
Trd, 4318329.193, 87
Trd, 4318329.693, 140
Trd, 4318331.343, 140
Trd, 4318331.443, 140
Trd, 4318332.143, 133
Trd, 4318332.343, 102
Trd, 4318332.443, 84
Trd, 4318332.493, 76
Trd, 4318334.443, 139
Trd, 4318334.943, 104
Trd, 4318336.293, 89
Trd, 4318336.593, 97
Trd, 4318336.993, 92
Trd, 4318337.493, 76
Trd, 4318337.943, 75
Trd, 4318339.643, 64
Trd, 4318340.443, 63
Trd, 4318340.793, 73
Trd, 4318341.043, 80
Trd, 4318341.843, 62
Trd, 4318342.793, 123
Trd, 4318343.343, 111
Trd, 4318343.443, 110
Trd, 4318343.693, 62
Trd, 4318345.243, 139
Trd, 4318345.443, 109
Trd, 4318345.943, 138
Trd, 4318346.093, 120
Trd, 4318346.643, 95
Trd, 4318347.443, 80
Trd, 4318348.993, 89
Trd, 4318349.193, 62
Trd, 4318349.693, 87
Trd, 4318349.943, 105
Trd, 4318350.943, 62
Trd, 4318351.543, 81
Trd, 4318352.543, 104
Trd, 4318353.493, 127
Trd, 4318355.143, 139
Trd, 4318355.293, 92
Trd, 4318355.693, 108
Trd, 4318356.443, 82
Trd, 4318357.143, 112
Trd, 4318357.993, 92
Trd, 4318358.043, 76
Trd, 4318358.393, 75
Trd, 4318359.893, 136
Trd, 4318361.393, 112
Trd, 4318361.443, 76
Trd, 4318361.593, 75
Trd, 4318362.943, 69
Trd, 4318363.743, 98
Trd, 4318363.843, 68
Trd, 4318364.243, 66
Trd, 4318364.893, 82
Trd, 4318365.943, 114
Trd, 4318366.443, 115
Trd, 4318367.293, 62
Trd, 4318368.093, 138
Trd, 4318368.843, 132
Trd, 4318368.993, 135
Trd, 4318370.093, 140
Trd, 4318370.593, 118
Trd, 4318371.593, 137
Trd, 4318371.693, 126
Trd, 4318371.793, 112
Trd, 4318372.093, 92
Trd, 4318373.843, 80
Trd, 4318374.593, 98
Trd, 4318375.743, 140
Trd, 4318376.093, 124
Trd, 4318376.393, 140
Trd, 4318376.693, 115
Trd, 4318377.543, 110
Trd, 4318377.793, 87
Trd, 4318378.893, 108
Trd, 4318379.543, 89
Trd, 4318380.243, 140
Trd, 4318380.493, 68
Trd, 4318381.643, 114
Trd, 4318381.993, 112
Trd, 4318382.043, 109
Trd, 4318383.143, 140
Trd, 4318383.793, 118
Trd, 4318384.343, 85
Trd, 4318384.393, 79
Trd, 4318385.493, 94
Trd, 4318385.993, 98
Trd, 4318386.643, 116
Trd, 4318387.143, 112
Trd, 4318387.193, 69
Trd, 4318388.343, 140
Trd, 4318388.593, 104
Trd, 4318389.293, 82
Trd, 4318390.343, 115
Trd, 4318390.493, 113
Trd, 4318391.543, 84
Trd, 4318392.293, 64
Trd, 4318393.093, 82
Trd, 4318393.243, 87
Trd, 4318393.893, 89
Trd, 4318394.243, 80
Trd, 4318394.693, 139
Trd, 4318394.993, 139
Trd, 4318397.343, 138
Trd, 4318397.793, 140
Trd, 4318398.693, 132
Trd, 4318398.843, 140
Trd, 4318398.893, 122
Trd, 4318399.243, 119
Trd, 4318399.893, 102
Trd, 4318400.443, 107
Trd, 4318401.293, 97
Trd, 4318401.743, 62
Trd, 4318402.543, 65
Trd, 4318402.993, 135
Trd, 4318404.443, 65
Trd, 4318405.843, 64
Trd, 4318407.143, 63
Trd, 4318407.493, 85
Trd, 4318408.093, 63
Trd, 4318408.343, 69
Trd, 4318409.643, 64
Trd, 4318409.693, 66
Trd, 4318410.143, 80
Trd, 4318410.643, 63
Trd, 4318411.293, 69
Trd, 4318411.543, 63
Trd, 4318413.443, 116
Trd, 4318413.643, 62
Trd, 4318415.093, 65
Trd, 4318417.393, 61
Trd, 4318417.643, 66
Trd, 4318417.793, 80
Trd, 4318418.693, 95
Trd, 4318419.543, 84
Trd, 4318419.743, 82
Trd, 4318420.143, 124
Trd, 4318420.543, 119
Trd, 4318421.043, 89
Trd, 4318421.743, 82
Trd, 4318422.343, 96
Trd, 4318422.493, 95
Trd, 4318423.243, 101
Trd, 4318423.393, 95
Trd, 4318424.893, 140
Trd, 4318425.343, 140
Trd, 4318425.893, 140
Trd, 4318426.993, 115
Trd, 4318427.293, 115
Trd, 4318427.843, 105
Trd, 4318427.893, 73
Trd, 4318428.393, 125
Trd, 4318428.943, 117
Trd, 4318429.793, 126
Trd, 4318429.943, 107
Trd, 4318430.443, 106
Trd, 4318430.843, 65
Trd, 4318431.743, 128
Trd, 4318432.443, 60
Trd, 4318433.243, 65
Trd, 4318433.393, 82
Trd, 4318434.743, 96
Trd, 4318434.793, 64
Trd, 4318435.393, 65
Trd, 4318435.493, 69
Trd, 4318436.543, 70
Trd, 4318437.493, 61
Trd, 4318438.693, 61
Trd, 4318439.143, 79
Trd, 4318439.243, 87
Trd, 4318439.893, 100
Trd, 4318440.343, 138
Trd, 4318441.093, 140
Trd, 4318441.393, 140
Trd, 4318442.343, 73
Trd, 4318442.843, 112
Trd, 4318443.993, 120
Trd, 4318444.243, 136
Trd, 4318444.643, 88
Trd, 4318445.593, 90
Trd, 4318446.243, 85
Trd, 4318447.043, 140
Trd, 4318447.343, 81
Trd, 4318447.993, 82
Trd, 4318448.693, 77
Trd, 4318450.843, 72
Trd, 4318450.993, 130
Trd, 4318451.093, 62
Trd, 4318451.343, 63
Trd, 4318452.193, 139
Trd, 4318452.393, 120
Trd, 4318454.143, 103
Trd, 4318454.343, 82
Trd, 4318454.393, 78
Trd, 4318455.443, 63
Trd, 4318456.393, 62
Trd, 4318456.443, 74
Trd, 4318456.743, 74
Trd, 4318457.593, 62
Trd, 4318458.343, 66
Trd, 4318458.493, 70
Trd, 4318458.843, 138
Trd, 4318460.393, 68
Trd, 4318460.793, 99
Trd, 4318461.993, 68
Trd, 4318462.493, 73
Trd, 4318462.993, 85
Trd, 4318463.793, 140
Trd, 4318463.993, 139
Trd, 4318465.043, 106
Trd, 4318465.243, 91
Trd, 4318465.543, 90
Trd, 4318466.043, 140
Trd, 4318466.543, 75
Trd, 4318467.043, 97
Trd, 4318467.293, 67
Trd, 4318468.693, 69
Trd, 4318469.043, 65
Trd, 4318469.343, 105
Trd, 4318469.643, 64
Trd, 4318469.693, 115
Trd, 4318471.043, 138
Trd, 4318471.693, 106
Trd, 4318473.443, 104
Trd, 4318473.493, 102
Trd, 4318473.743, 102
Trd, 4318473.943, 91
Trd, 4318474.093, 60
Trd, 4318475.143, 102
Trd, 4318476.743, 140
Trd, 4318477.093, 140
Trd, 4318477.393, 139
Trd, 4318477.943, 125
Trd, 4318478.093, 109
Trd, 4318479.843, 66
Trd, 4318480.143, 77
Trd, 4318480.793, 111
Trd, 4318481.493, 111
Trd, 4318481.943, 128
Trd, 4318483.443, 140
Trd, 4318484.293, 117
Trd, 4318484.943, 122
Trd, 4318485.193, 110
Trd, 4318486.543, 140
Trd, 4318487.493, 138
Trd, 4318487.693, 136
Trd, 4318487.793, 136
Trd, 4318487.993, 111
Trd, 4318488.343, 107
Trd, 4318490.743, 113
Trd, 4318491.193, 106
Trd, 4318491.443, 140
Trd, 4318491.593, 139
Trd, 4318491.893, 139
Trd, 4318493.293, 125
Trd, 4318493.543, 113
Trd, 4318493.843, 140
Trd, 4318493.943, 139
Trd, 4318495.493, 111
Trd, 4318496.043, 135
Trd, 4318496.343, 117
Trd, 4318497.893, 137
Trd, 4318498.193, 136
Trd, 4318498.893, 138
Trd, 4318499.593, 133
Trd, 4318500.193, 130
Trd, 4318500.593, 140
Trd, 4318500.893, 112
Trd, 4318501.693, 140
Trd, 4318502.393, 139
Trd, 4318503.693, 134
Trd, 4318503.993, 83
Trd, 4318505.393, 84
Trd, 4318505.493, 84
Trd, 4318506.293, 120
Trd, 4318506.843, 130
Trd, 4318508.443, 123
Trd, 4318508.493, 111
Trd, 4318508.943, 139
Trd, 4318509.543, 85
Trd, 4318509.593, 84
Trd, 4318511.093, 115
Trd, 4318511.443, 119
Trd, 4318511.793, 120
Trd, 4318512.843, 105
Trd, 4318513.243, 104
Trd, 4318513.443, 123
Trd, 4318513.943, 139
Trd, 4318514.493, 117
Trd, 4318515.243, 108
Trd, 4318515.743, 82
Trd, 4318515.943, 105
Trd, 4318518.243, 60
Trd, 4318518.543, 67
Trd, 4318519.293, 60
Trd, 4318519.393, 70
Trd, 4318519.643, 78
Trd, 4318520.243, 76
Trd, 4318520.593, 100
Trd, 4318521.443, 63
Trd, 4318521.593, 62
Trd, 4318521.943, 118
Trd, 4318522.243, 81
Trd, 4318522.943, 140
Trd, 4318523.643, 137
Trd, 4318524.693, 80
Trd, 4318524.793, 76
Trd, 4318525.293, 77
Trd, 4318526.043, 128
Trd, 4318526.743, 140
Trd, 4318526.843, 121
Trd, 4318528.293, 106
Trd, 4318528.593, 108
Trd, 4318530.143, 140
Trd, 4318531.343, 133
Trd, 4318531.393, 110
Trd, 4318532.493, 138
Trd, 4318533.543, 123
Trd, 4318533.893, 104
Trd, 4318533.943, 102
Trd, 4318534.693, 62
Trd, 4318536.293, 101
Trd, 4318536.943, 71
Trd, 4318537.243, 104
Trd, 4318538.593, 132
Trd, 4318538.843, 101
Trd, 4318539.593, 70
Trd, 4318540.043, 66
Trd, 4318540.643, 78
Trd, 4318540.793, 65
Trd, 4318541.843, 139
Trd, 4318542.093, 130
Trd, 4318543.043, 69
Trd, 4318543.093, 67
Trd, 4318545.443, 104
Trd, 4318545.943, 70
Trd, 4318546.193, 139
Trd, 4318547.543, 140
Trd, 4318548.093, 137
Trd, 4318548.643, 128
Trd, 4318549.243, 113
Trd, 4318549.593, 139
Trd, 4318550.343, 79
Trd, 4318551.943, 118
Trd, 4318552.143, 119
Trd, 4318552.643, 116
Trd, 4318552.793, 88
Trd, 4318553.743, 91
Trd, 4318555.593, 137
Trd, 4318556.693, 123
Trd, 4318556.893, 119
Trd, 4318556.943, 117
Trd, 4318557.443, 140
Trd, 4318557.493, 72
Trd, 4318557.793, 68
Trd, 4318558.293, 61
Trd, 4318559.343, 137
Trd, 4318560.543, 61
Trd, 4318560.943, 64
Trd, 4318561.593, 113
Trd, 4318561.693, 85
Trd, 4318561.893, 122
Trd, 4318562.343, 83
Trd, 4318563.643, 135
Trd, 4318564.093, 138
Trd, 4318565.793, 60
Trd, 4318566.093, 68
Trd, 4318567.243, 61
Trd, 4318568.143, 89
Trd, 4318568.443, 120
Trd, 4318569.193, 140
Trd, 4318569.693, 139
Trd, 4318569.743, 138
Trd, 4318570.643, 137
Trd, 4318571.293, 140
Trd, 4318571.493, 138
Trd, 4318573.193, 131
Trd, 4318573.993, 129
Trd, 4318574.343, 134
Trd, 4318574.743, 130
Trd, 4318574.943, 107
Trd, 4318576.093, 130
Trd, 4318576.843, 120
Trd, 4318576.893, 119
Trd, 4318578.493, 140
Trd, 4318578.993, 140
Trd, 4318580.243, 109
Trd, 4318580.443, 110
Trd, 4318580.893, 140
Trd, 4318582.093, 120
Trd, 4318582.643, 119
Trd, 4318583.043, 97
Trd, 4318583.643, 136
Trd, 4318585.443, 140
Trd, 4318585.743, 140
Trd, 4318587.093, 133
Trd, 4318588.143, 134
Trd, 4318588.293, 128
Trd, 4318589.793, 140
Trd, 4318590.843, 140
Trd, 4318591.193, 140
Trd, 4318591.693, 135
Trd, 4318592.193, 107
Trd, 4318592.243, 122
Trd, 4318592.793, 137
Trd, 4318594.593, 138
Trd, 4318594.643, 133
Trd, 4318594.943, 79
Trd, 4318595.743, 105
Trd, 4318596.243, 70
Trd, 4318596.643, 88
Trd, 4318597.393, 80
Trd, 4318598.293, 108
Trd, 4318600.293, 131
Trd, 4318600.893, 125
Trd, 4318601.093, 101
Trd, 4318601.793, 139
Trd, 4318602.093, 72
Trd, 4318603.243, 71
Trd, 4318603.743, 69
Trd, 4318604.193, 81
Trd, 4318604.593, 83
Trd, 4318605.343, 88
Trd, 4318605.843, 132
Trd, 4318607.043, 125
Trd, 4318607.093, 112
Trd, 4318608.993, 139
Trd, 4318609.443, 62
Trd, 4318609.893, 117
Trd, 4318610.293, 91
Trd, 4318612.393, 64
Trd, 4318612.993, 117
Trd, 4318613.793, 99
Trd, 4318613.993, 98
Trd, 4318614.843, 93
Trd, 4318614.993, 122
Trd, 4318615.293, 81
Trd, 4318615.393, 70
Trd, 4318616.293, 121
Trd, 4318617.193, 138
Trd, 4318617.793, 136
Trd, 4318618.393, 134
Trd, 4318618.793, 140
Trd, 4318620.193, 138
Trd, 4318620.943, 75
Trd, 4318621.343, 87
Trd, 4318622.243, 136
Trd, 4318622.493, 80
Trd, 4318622.793, 139
Trd, 4318623.293, 116
Trd, 4318623.793, 93
Trd, 4318624.793, 139
Trd, 4318624.943, 125
Trd, 4318625.093, 117
Trd, 4318625.893, 140
Trd, 4318626.993, 60
Trd, 4318627.993, 129
Trd, 4318628.843, 117
Trd, 4318628.943, 114
Trd, 4318629.343, 68
Trd, 4318629.543, 138
Trd, 4318630.343, 121
Trd, 4318631.393, 74
Trd, 4318631.643, 84
Trd, 4318632.193, 102
Trd, 4318632.443, 68
Trd, 4318633.993, 85
Trd, 4318634.143, 84
Trd, 4318634.393, 90
Trd, 4318635.893, 140
Trd, 4318635.993, 137
Trd, 4318636.243, 72
Trd, 4318637.593, 61
Trd, 4318637.693, 64
Trd, 4318637.893, 74
Trd, 4318639.693, 71
Trd, 4318639.843, 71
Trd, 4318639.943, 84
Trd, 4318639.993, 66
Trd, 4318640.543, 102
Trd, 4318642.243, 71
Trd, 4318642.393, 60
Trd, 4318642.643, 96
Trd, 4318643.293, 85
Trd, 4318644.693, 139
Trd, 4318644.993, 137
Trd, 4318645.793, 128
Trd, 4318646.043, 126
Trd, 4318646.293, 125
Trd, 4318646.493, 101
Trd, 4318646.793, 83
Trd, 4318647.993, 139
Trd, 4318648.093, 137
Trd, 4318648.693, 84
Trd, 4318649.243, 136
Trd, 4318649.693, 82
Trd, 4318650.543, 66
Trd, 4318651.243, 91
Trd, 4318653.093, 66
Trd, 4318653.593, 72
Trd, 4318654.593, 60
Trd, 4318655.143, 98
Trd, 4318655.393, 75
Trd, 4318657.193, 73
Trd, 4318657.893, 75
Trd, 4318658.493, 100
Trd, 4318658.693, 99
Trd, 4318658.843, 124
Trd, 4318659.543, 139
Trd, 4318659.643, 140
Trd, 4318660.443, 82
Trd, 4318661.893, 139
Trd, 4318661.943, 137
Trd, 4318662.243, 82
Trd, 4318663.443, 122
Trd, 4318663.993, 89
Trd, 4318664.193, 64
Trd, 4318665.793, 64
Trd, 4318667.193, 140
Trd, 4318667.393, 124
Trd, 4318668.043, 75
Trd, 4318668.643, 92
Trd, 4318669.193, 76
Trd, 4318669.443, 126
Trd, 4318669.593, 75
Trd, 4318670.643, 136
Trd, 4318672.693, 131
Trd, 4318672.893, 128
Trd, 4318674.043, 139
Trd, 4318674.243, 127
Trd, 4318674.643, 115
Trd, 4318674.893, 126
Trd, 4318675.193, 98
Trd, 4318676.043, 68
Trd, 4318677.293, 95
Trd, 4318677.693, 114
Trd, 4318678.593, 116
Trd, 4318679.043, 112
Trd, 4318679.193, 111
Trd, 4318679.243, 110
Trd, 4318680.343, 136
Trd, 4318681.443, 120
Trd, 4318682.143, 97
Trd, 4318682.293, 80
Trd, 4318683.843, 139
Trd, 4318684.143, 137
Trd, 4318684.193, 122
Trd, 4318684.493, 129
Trd, 4318684.593, 128
Trd, 4318685.193, 69
Trd, 4318687.093, 76
Trd, 4318688.343, 82
Trd, 4318688.743, 68
Trd, 4318690.143, 60
Trd, 4318690.293, 67
Trd, 4318691.143, 63
Trd, 4318691.443, 67
Trd, 4318692.193, 81
Trd, 4318692.593, 138
Trd, 4318692.693, 69
Trd, 4318693.793, 62
Trd, 4318695.243, 90
Trd, 4318695.543, 86
Trd, 4318696.043, 100
Trd, 4318696.293, 71
Trd, 4318696.743, 92
Trd, 4318697.093, 64
Trd, 4318699.243, 62
Trd, 4318699.293, 66
Trd, 4318701.243, 109
Trd, 4318702.693, 140
Trd, 4318703.443, 88
Trd, 4318703.593, 83
Trd, 4318703.843, 139
Trd, 4318704.293, 112
Trd, 4318705.193, 114
Trd, 4318705.343, 130
Trd, 4318705.693, 113
Trd, 4318705.843, 111
Trd, 4318707.693, 135
Trd, 4318707.743, 92
Trd, 4318709.793, 139
Trd, 4318710.093, 133
Trd, 4318710.893, 92
Trd, 4318711.893, 123
Trd, 4318713.193, 106
Trd, 4318714.043, 125
Trd, 4318714.193, 99
Trd, 4318714.593, 140
Trd, 4318715.543, 140
Trd, 4318715.593, 93
Trd, 4318716.243, 94
Trd, 4318716.543, 127
Trd, 4318717.893, 81
Trd, 4318717.943, 90
Trd, 4318718.643, 79
Trd, 4318719.443, 134
Trd, 4318719.593, 90
Trd, 4318721.443, 60
Trd, 4318722.843, 61
Trd, 4318723.693, 110
Trd, 4318724.493, 140
Trd, 4318724.593, 140
Trd, 4318724.993, 65
Trd, 4318725.193, 89
Trd, 4318726.093, 69
Trd, 4318726.543, 117
Trd, 4318727.043, 64
Trd, 4318727.693, 62
Trd, 4318728.343, 87
Trd, 4318729.293, 90
Trd, 4318729.493, 140
Trd, 4318729.893, 79
Trd, 4318730.843, 139
Trd, 4318731.293, 104
Trd, 4318731.393, 104
Trd, 4318731.693, 101
Trd, 4318733.593, 137
Trd, 4318733.643, 135
Trd, 4318735.643, 124
Trd, 4318736.143, 140
Trd, 4318736.243, 127
Trd, 4318736.643, 82
Trd, 4318737.193, 89
Trd, 4318738.443, 93
Trd, 4318739.643, 139
Trd, 4318739.743, 79
Trd, 4318741.143, 88
Trd, 4318741.543, 88
Trd, 4318741.893, 62
Trd, 4318743.143, 89
Trd, 4318743.193, 72
Trd, 4318743.793, 70
Trd, 4318744.993, 64
Trd, 4318745.193, 102
Trd, 4318745.693, 62
Trd, 4318745.743, 75
Trd, 4318746.493, 75
Trd, 4318746.793, 71
Trd, 4318748.093, 140
Trd, 4318749.643, 140
Trd, 4318749.943, 137
Trd, 4318750.093, 129
Trd, 4318750.593, 76
Trd, 4318750.743, 75
Trd, 4318751.243, 133
Trd, 4318751.693, 84
Trd, 4318752.093, 61
Trd, 4318753.243, 124
Trd, 4318753.743, 140
Trd, 4318754.843, 140
Trd, 4318755.343, 140
Trd, 4318755.643, 140
Trd, 4318755.693, 76
Trd, 4318756.443, 68
Trd, 4318758.043, 69
Trd, 4318758.093, 68
Trd, 4318759.043, 139
Trd, 4318759.443, 103
Trd, 4318760.043, 74
Trd, 4318760.543, 103
Trd, 4318761.243, 76
Trd, 4318761.293, 89
Trd, 4318762.693, 140
Trd, 4318762.743, 131
Trd, 4318763.093, 107
Trd, 4318763.693, 64
Trd, 4318764.643, 121
Trd, 4318764.943, 104
Trd, 4318765.843, 124
Trd, 4318766.393, 100
Trd, 4318767.293, 87
Trd, 4318767.843, 130
Trd, 4318768.293, 100
Trd, 4318768.443, 94
Trd, 4318768.493, 93
Trd, 4318769.293, 74
Trd, 4318770.793, 97
Trd, 4318771.493, 139
Trd, 4318771.693, 139
Trd, 4318772.043, 118
Trd, 4318773.543, 64
Trd, 4318775.143, 61
Trd, 4318775.793, 64
Trd, 4318776.293, 85
Trd, 4318776.493, 68
Trd, 4318776.743, 62
Trd, 4318777.293, 74
Trd, 4318777.443, 129
Trd, 4318779.043, 140
Trd, 4318779.543, 140
Trd, 4318779.893, 69
Trd, 4318779.993, 68
Trd, 4318780.693, 102
Trd, 4318781.243, 72
Trd, 4318782.943, 127
Trd, 4318783.093, 121
Trd, 4318783.143, 113
Trd, 4318783.943, 116
Trd, 4318784.893, 94
Trd, 4318785.393, 93
Trd, 4318785.893, 140
Trd, 4318786.243, 113
Trd, 4318787.093, 98
Trd, 4318787.943, 140
Trd, 4318788.143, 137
Trd, 4318788.293, 138
Trd, 4318789.043, 101
Trd, 4318789.793, 108
Trd, 4318790.893, 117
Trd, 4318791.543, 114
Trd, 4318791.893, 112
Trd, 4318793.043, 115
Trd, 4318793.343, 95
Trd, 4318794.693, 140
Trd, 4318794.743, 140
Trd, 4318795.043, 138
Trd, 4318795.993, 119
Trd, 4318797.193, 80
Trd, 4318798.193, 140
Trd, 4318798.243, 137
Trd, 4318798.393, 122
Trd, 4318798.543, 126
Trd, 4318798.943, 76
Trd, 4318800.543, 62
Trd, 4318800.693, 64
Trd, 4318800.993, 130
Trd, 4318801.093, 133
Trd, 4318801.643, 65
Trd, 4318803.643, 61
Trd, 4318803.993, 62
Trd, 4318805.143, 140
Trd, 4318805.443, 140
Trd, 4318805.693, 102
Trd, 4318806.543, 108
Trd, 4318806.993, 89
Trd, 4318807.393, 133
Trd, 4318807.943, 140
Trd, 4318808.493, 88
Trd, 4318808.693, 115
Trd, 4318808.893, 84
Trd, 4318810.993, 82
Trd, 4318811.743, 110
Trd, 4318812.143, 115
Trd, 4318812.643, 86
Trd, 4318812.843, 81
Trd, 4318813.443, 78
Trd, 4318815.243, 138
Trd, 4318816.093, 140
Trd, 4318816.293, 140
Trd, 4318817.343, 119
Trd, 4318817.493, 94
Trd, 4318817.743, 60
Trd, 4318818.593, 65
Trd, 4318818.793, 78
Trd, 4318819.543, 138
Trd, 4318819.843, 121
Trd, 4318820.293, 116
Trd, 4318820.643, 104
Trd, 4318821.593, 120
Trd, 4318822.093, 94
Trd, 4318822.943, 65
Trd, 4318823.393, 117
Trd, 4318824.393, 124
Trd, 4318824.693, 95
Trd, 4318825.743, 68
Trd, 4318825.943, 119
Trd, 4318826.093, 71
Trd, 4318826.693, 123
Trd, 4318827.193, 110
Trd, 4318828.193, 62
Trd, 4318829.093, 64
Trd, 4318829.193, 65
Trd, 4318830.093, 89
Trd, 4318831.393, 89
Trd, 4318832.193, 71
Trd, 4318832.843, 68
Trd, 4318833.343, 66
Trd, 4318834.543, 64
Trd, 4318835.293, 140
Trd, 4318835.543, 92
Trd, 4318836.043, 63
Trd, 4318836.343, 66
Trd, 4318836.943, 79
Trd, 4318837.593, 131
Trd, 4318838.243, 105
Trd, 4318838.593, 88
Trd, 4318840.293, 140
Trd, 4318840.893, 140
Trd, 4318842.443, 140
Trd, 4318843.543, 137
Trd, 4318844.393, 118
Trd, 4318844.793, 112
Trd, 4318844.843, 111
Trd, 4318845.443, 99
Trd, 4318846.443, 105
Trd, 4318846.743, 139
Trd, 4318847.243, 93
Trd, 4318847.643, 83
Trd, 4318848.893, 88
Trd, 4318849.343, 138
Trd, 4318849.993, 82
Trd, 4318851.043, 118
Trd, 4318851.893, 138
Trd, 4318852.593, 132
Trd, 4318853.093, 85
Trd, 4318853.743, 73
Trd, 4318854.143, 99
Trd, 4318854.843, 121
Trd, 4318855.443, 77
Trd, 4318855.643, 125
Trd, 4318857.293, 73
Trd, 4318857.543, 66
Trd, 4318857.993, 64
Trd, 4318858.543, 101
Trd, 4318860.043, 111
Trd, 4318860.343, 79
Trd, 4318861.293, 137
Trd, 4318861.843, 122
Trd, 4318862.593, 111
Trd, 4318863.543, 140
Trd, 4318863.993, 140
Trd, 4318864.243, 119
Trd, 4318864.693, 108
Trd, 4318865.193, 62
Trd, 4318865.843, 140
Trd, 4318867.093, 69
Trd, 4318867.343, 66
Trd, 4318867.843, 81
Trd, 4318868.543, 77
Trd, 4318868.943, 117
Trd, 4318869.693, 128
Trd, 4318869.943, 85
Trd, 4318870.943, 140
Trd, 4318870.993, 140
Trd, 4318871.543, 135
Trd, 4318871.793, 99
Trd, 4318872.393, 139
Trd, 4318873.343, 140
Trd, 4318873.993, 124
Trd, 4318874.193, 115
Trd, 4318875.093, 77
Trd, 4318877.293, 72
Trd, 4318877.593, 65
Trd, 4318877.893, 85
Trd, 4318878.193, 127
Trd, 4318879.543, 101
Trd, 4318880.143, 94
Trd, 4318880.793, 132
Trd, 4318881.343, 79
Trd, 4318881.643, 75
Trd, 4318882.993, 64
Trd, 4318883.243, 62
Trd, 4318883.393, 88
Trd, 4318884.093, 61
Trd, 4318884.293, 113
Trd, 4318884.793, 67
Trd, 4318885.443, 62
Trd, 4318886.293, 81
Trd, 4318887.293, 137
Trd, 4318887.343, 79
Trd, 4318887.593, 78
Trd, 4318888.443, 113
Trd, 4318889.093, 104
Trd, 4318889.943, 80
Trd, 4318891.293, 140
Trd, 4318891.493, 137
Trd, 4318891.843, 103
Trd, 4318892.143, 92
Trd, 4318892.343, 85
Trd, 4318892.693, 110
Trd, 4318894.593, 138
Trd, 4318894.693, 110
Trd, 4318895.193, 66
Trd, 4318895.243, 86
Trd, 4318895.643, 68
Trd, 4318897.143, 108
Trd, 4318899.193, 60
Trd, 4318899.543, 64
Trd, 4318900.143, 82
Trd, 4318900.443, 127
Trd, 4318901.143, 63
Trd, 4318901.593, 60
Trd, 4318902.743, 79
Trd, 4318902.943, 75
Trd, 4318903.343, 109
Trd, 4318903.743, 126
Trd, 4318905.343, 71
Trd, 4318906.343, 123
Trd, 4318906.593, 120
Trd, 4318907.143, 126
Trd, 4318907.893, 140
Trd, 4318908.493, 138
Trd, 4318908.993, 140
Trd, 4318909.493, 133
Trd, 4318909.693, 133
Trd, 4318910.393, 120
Trd, 4318911.193, 112
Trd, 4318911.793, 82
Trd, 4318911.993, 80
Trd, 4318912.143, 127
Trd, 4318912.743, 139
Trd, 4318913.493, 108
Trd, 4318913.843, 140
Trd, 4318915.043, 92
Trd, 4318915.243, 91
Trd, 4318915.393, 95
Trd, 4318916.343, 124
Trd, 4318916.993, 119
Trd, 4318917.343, 118
Trd, 4318917.843, 92
Trd, 4318918.443, 140
Trd, 4318919.343, 120
Trd, 4318920.043, 111
Trd, 4318921.043, 101
Trd, 4318921.643, 137
Trd, 4318921.993, 136
Trd, 4318922.743, 135
Trd, 4318923.343, 133
Trd, 4318924.343, 104
Trd, 4318924.393, 101
Trd, 4318924.943, 92
Trd, 4318925.393, 74
Trd, 4318925.643, 134
Trd, 4318927.143, 75
Trd, 4318928.043, 61
Trd, 4318928.193, 68
Trd, 4318928.543, 132
Trd, 4318929.093, 61
Trd, 4318929.293, 96
Trd, 4318929.793, 98
Trd, 4318931.093, 60
Trd, 4318931.643, 140
Trd, 4318932.443, 77
Trd, 4318934.043, 60
Trd, 4318934.143, 72
Trd, 4318934.593, 74
Trd, 4318937.293, 69
Trd, 4318938.743, 140
Trd, 4318938.943, 135
Trd, 4318938.993, 133
Trd, 4318939.093, 129
Trd, 4318941.143, 62
Trd, 4318941.193, 70
Trd, 4318941.643, 83
Trd, 4318942.143, 70
Trd, 4318942.543, 69
Trd, 4318943.093, 134
Trd, 4318943.893, 140
Trd, 4318944.143, 132
Trd, 4318944.993, 63
Trd, 4318945.293, 75
Trd, 4318945.993, 76
Trd, 4318946.293, 81
Trd, 4318946.943, 72
Trd, 4318947.943, 62
Trd, 4318949.043, 72
Trd, 4318949.643, 83
Trd, 4318950.493, 61
Trd, 4318950.993, 61
Trd, 4318951.993, 60
Trd, 4318952.393, 60
Trd, 4318953.993, 67
Trd, 4318954.243, 66
Trd, 4318954.443, 92
Trd, 4318955.443, 80
Trd, 4318955.693, 128
Trd, 4318955.993, 77
Trd, 4318956.793, 139
Trd, 4318956.893, 137
Trd, 4318957.243, 67
Trd, 4318959.393, 92
Trd, 4318960.043, 139
Trd, 4318960.093, 138
Trd, 4318960.443, 110
Trd, 4318961.493, 137
Trd, 4318961.893, 82
Trd, 4318963.743, 89
Trd, 4318963.893, 103
Trd, 4318964.293, 66
Trd, 4318964.343, 136
Trd, 4318964.643, 73
Trd, 4318965.143, 70
Trd, 4318965.293, 79
Trd, 4318969.193, 61
Trd, 4318969.493, 62
Trd, 4318969.993, 62
Trd, 4318970.043, 66
Trd, 4318970.243, 83
Trd, 4318970.743, 63
Trd, 4318971.193, 87
Trd, 4318973.143, 128
Trd, 4318973.343, 127
Trd, 4318974.443, 140
Trd, 4318974.543, 137
Trd, 4318974.693, 124
Trd, 4318975.793, 139
Trd, 4318976.643, 89
Trd, 4318977.393, 107
Trd, 4318977.593, 86
Trd, 4318979.243, 136
Trd, 4318979.693, 140
Trd, 4318981.193, 140
Trd, 4318981.593, 140
Trd, 4318982.043, 137
Trd, 4318982.343, 126
Trd, 4318982.943, 139
Trd, 4318984.893, 62
Trd, 4318985.043, 67
Trd, 4318985.243, 69
Trd, 4318985.393, 70
Trd, 4318985.943, 60
Trd, 4318986.093, 61
Trd, 4318986.493, 83
Trd, 4318987.493, 140
Trd, 4318987.843, 82
Trd, 4318988.643, 88
Trd, 4318989.343, 113
Trd, 4318990.043, 67
Trd, 4318990.693, 79
Trd, 4318991.343, 101
Trd, 4318991.843, 101
Trd, 4318991.993, 76
Trd, 4318993.143, 65
Trd, 4318994.893, 99
Trd, 4318995.193, 109
Trd, 4318995.243, 84
Trd, 4318995.643, 69
Trd, 4318996.893, 78
Trd, 4318998.743, 77
Trd, 4318999.043, 66
Trd, 4318999.393, 65
Trd, 4318999.643, 66
Trd, 4318999.893, 80
Trd, 4319000.493, 140
Trd, 4319000.743, 77
Trd, 4319001.343, 95
Trd, 4319001.893, 123
Trd, 4319003.043, 139
Trd, 4319003.143, 110
Trd, 4319004.293, 114
Trd, 4319004.893, 82
Trd, 4319005.143, 140
Trd, 4319005.193, 81
Trd, 4319005.743, 67
Trd, 4319005.893, 71
Trd, 4319007.443, 140
Trd, 4319007.643, 137
Trd, 4319008.093, 63
Trd, 4319008.943, 125
Trd, 4319011.193, 75
Trd, 4319011.943, 140
Trd, 4319012.143, 140
Trd, 4319012.393, 60
Trd, 4319013.343, 139
Trd, 4319013.493, 107
Trd, 4319013.693, 72
Trd, 4319013.993, 140
Trd, 4319015.743, 61
Trd, 4319016.443, 103
Trd, 4319017.743, 79
Trd, 4319018.043, 117
Trd, 4319019.343, 125
Trd, 4319019.543, 133
Trd, 4319019.643, 124
Trd, 4319020.043, 122
Trd, 4319020.743, 140
Trd, 4319020.943, 138
Trd, 4319021.893, 109
Trd, 4319023.593, 138
Trd, 4319024.693, 131
Trd, 4319024.843, 100
Trd, 4319025.443, 139
Trd, 4319025.643, 122
Trd, 4319025.743, 87
Trd, 4319026.343, 107
Trd, 4319027.943, 120
Trd, 4319029.243, 97
Trd, 4319029.293, 89
Trd, 4319029.543, 85
Trd, 4319029.943, 137
Trd, 4319030.393, 85
Trd, 4319031.093, 66
Trd, 4319031.993, 129
Trd, 4319032.993, 140
Trd, 4319033.143, 137
Trd, 4319033.843, 140
Trd, 4319034.793, 136
Trd, 4319035.493, 140
Trd, 4319036.443, 106
Trd, 4319036.743, 132
Trd, 4319037.243, 78
Trd, 4319037.693, 114
Trd, 4319038.893, 119
Trd, 4319039.393, 101
Trd, 4319040.843, 93
Trd, 4319040.943, 87
Trd, 4319041.593, 93
Trd, 4319042.493, 140
Trd, 4319042.943, 138
Trd, 4319043.443, 137
Trd, 4319043.743, 118
Trd, 4319044.493, 86
Trd, 4319044.943, 105
Trd, 4319045.343, 83
Trd, 4319045.993, 136
Trd, 4319046.943, 124
Trd, 4319047.893, 106
Trd, 4319048.593, 98
Trd, 4319048.643, 74
Trd, 4319049.493, 84
Trd, 4319049.543, 98
Trd, 4319050.643, 121
Trd, 4319051.393, 109
Trd, 4319051.993, 132
Trd, 4319052.043, 73
Trd, 4319052.993, 138
Trd, 4319053.293, 134
Trd, 4319053.743, 60
Trd, 4319054.393, 77
Trd, 4319055.393, 61
Trd, 4319056.093, 112
Trd, 4319057.093, 69
Trd, 4319057.243, 91
Trd, 4319057.343, 70
Trd, 4319059.293, 61
Trd, 4319059.493, 64
Trd, 4319060.043, 69
Trd, 4319061.093, 60
Trd, 4319062.193, 69
Trd, 4319063.493, 68
Trd, 4319063.693, 68
Trd, 4319065.643, 60
Trd, 4319065.793, 66
Trd, 4319066.093, 61
Trd, 4319066.743, 60
Trd, 4319067.643, 88
Trd, 4319067.893, 64
Trd, 4319068.143, 111
Trd, 4319068.593, 124
Trd, 4319068.743, 80
Trd, 4319069.043, 69
Trd, 4319069.993, 63
Trd, 4319070.793, 60
Trd, 4319071.743, 75
Trd, 4319072.593, 115
Trd, 4319073.193, 91
Trd, 4319074.593, 89
Trd, 4319075.343, 65
Trd, 4319076.493, 140
Trd, 4319077.193, 140
Trd, 4319077.493, 138
Trd, 4319077.843, 137
Trd, 4319078.243, 133
Trd, 4319078.443, 121
Trd, 4319078.743, 106
Trd, 4319080.393, 140
Trd, 4319081.043, 140
Trd, 4319081.293, 135
Trd, 4319082.543, 139
Trd, 4319082.693, 113
Trd, 4319082.743, 85
Trd, 4319083.293, 74
Trd, 4319083.593, 139
Trd, 4319085.443, 94
Trd, 4319085.493, 87
Trd, 4319086.493, 110
Trd, 4319086.793, 109
Trd, 4319087.243, 108
Trd, 4319087.293, 87
Trd, 4319087.593, 86
Trd, 4319089.893, 140
Trd, 4319090.443, 109
Trd, 4319091.293, 89
Trd, 4319091.493, 107
Trd, 4319092.843, 140
Trd, 4319093.243, 118
Trd, 4319093.643, 114
Trd, 4319093.843, 109
Trd, 4319095.593, 62
Trd, 4319095.643, 76
Trd, 4319096.093, 75
Trd, 4319096.343, 74
Trd, 4319096.693, 95
Trd, 4319097.243, 92
Trd, 4319098.093, 140
Trd, 4319100.643, 63
Trd, 4319100.993, 66
Trd, 4319101.193, 71
Trd, 4319102.443, 82
Trd, 4319103.343, 83
Trd, 4319104.143, 139
Trd, 4319104.293, 137
Trd, 4319105.893, 140
Trd, 4319106.343, 139
Trd, 4319106.593, 136
Trd, 4319107.443, 140
Trd, 4319108.093, 126
Trd, 4319109.243, 102
Trd, 4319109.293, 117
Trd, 4319109.793, 110
Trd, 4319111.243, 116
Trd, 4319111.793, 118
Trd, 4319112.143, 123
Trd, 4319112.843, 107
Trd, 4319113.293, 119
Trd, 4319113.543, 133
Trd, 4319114.093, 75
Trd, 4319114.293, 65
Trd, 4319116.293, 139
Trd, 4319116.943, 139
Trd, 4319117.493, 137
Trd, 4319117.593, 135
Trd, 4319118.143, 83
Trd, 4319119.193, 93
Trd, 4319119.993, 61
Trd, 4319120.943, 65
Trd, 4319121.843, 134
Trd, 4319122.193, 140
Trd, 4319122.793, 112
Trd, 4319123.093, 121
Trd, 4319123.393, 110
Trd, 4319123.543, 97
Trd, 4319124.143, 91
Trd, 4319125.393, 139
Trd, 4319126.793, 133
Trd, 4319126.993, 89
Trd, 4319127.793, 117
Trd, 4319128.243, 129
Trd, 4319128.443, 78
Trd, 4319129.393, 138
Trd, 4319130.293, 87
Trd, 4319130.793, 61
Trd, 4319131.193, 61
Trd, 4319131.243, 75
Trd, 4319132.693, 64
Trd, 4319132.893, 64
Trd, 4319133.443, 62
Trd, 4319134.093, 129
Trd, 4319135.743, 140
Trd, 4319135.793, 140
Trd, 4319137.693, 140
Trd, 4319137.793, 106
Trd, 4319137.843, 94
Trd, 4319138.943, 90
Trd, 4319139.393, 65
Trd, 4319139.893, 97
Trd, 4319140.643, 62
Trd, 4319141.293, 71
Trd, 4319141.993, 139
Trd, 4319142.043, 119
Trd, 4319143.243, 65
Trd, 4319143.843, 70
Trd, 4319144.293, 78
Trd, 4319145.043, 119
Trd, 4319145.593, 133
Trd, 4319146.693, 140
Trd, 4319147.243, 111
Trd, 4319148.543, 129
Trd, 4319148.643, 120
Trd, 4319148.693, 105
Trd, 4319148.793, 101
Trd, 4319149.043, 91
Trd, 4319150.043, 95
Trd, 4319150.893, 135
Trd, 4319152.493, 60
Trd, 4319153.393, 93
Trd, 4319154.143, 77
Trd, 4319154.293, 119
Trd, 4319154.743, 64
Trd, 4319155.943, 91
Trd, 4319156.193, 63
Trd, 4319156.593, 65
Trd, 4319157.943, 124
Trd, 4319158.743, 65
Trd, 4319159.443, 75
Trd, 4319159.943, 127
Trd, 4319160.243, 130
Trd, 4319160.443, 128
Trd, 4319160.543, 64
Trd, 4319163.093, 94
Trd, 4319163.243, 74
Trd, 4319163.393, 72
Trd, 4319164.443, 64
Trd, 4319164.643, 100
Trd, 4319164.793, 109
Trd, 4319165.043, 106
Trd, 4319166.043, 78
Trd, 4319167.893, 77
Trd, 4319168.093, 117
Trd, 4319168.643, 140
Trd, 4319169.493, 140
Trd, 4319169.593, 137
Trd, 4319170.543, 116
Trd, 4319171.543, 101
Trd, 4319172.243, 140
Trd, 4319172.843, 140
Trd, 4319173.143, 129
Trd, 4319173.643, 125
Trd, 4319174.343, 137
Trd, 4319174.393, 132
Trd, 4319175.343, 112
Trd, 4319175.843, 120
Trd, 4319176.693, 140
Trd, 4319177.643, 118
Trd, 4319178.193, 133
Trd, 4319179.143, 133
Trd, 4319179.193, 108
Trd, 4319179.343, 107
Trd, 4319179.443, 106
Trd, 4319179.643, 83
Trd, 4319179.793, 135
Trd, 4319181.243, 60
Trd, 4319181.743, 64
Trd, 4319182.493, 140
Trd, 4319183.793, 112
Trd, 4319183.843, 132
Trd, 4319183.943, 111
Trd, 4319184.843, 124
Trd, 4319184.893, 89
Trd, 4319185.343, 92
Trd, 4319185.443, 128
Trd, 4319187.393, 62
Trd, 4319187.593, 66
Trd, 4319187.843, 65
Trd, 4319188.743, 106
Trd, 4319189.193, 135
Trd, 4319189.993, 114
Trd, 4319190.243, 115
Trd, 4319190.343, 113
Trd, 4319191.043, 95
Trd, 4319191.993, 79
Trd, 4319192.343, 96
Trd, 4319192.743, 140
Trd, 4319194.843, 131
Trd, 4319195.193, 130
Trd, 4319195.393, 129
Trd, 4319195.743, 80
Trd, 4319196.043, 87
Trd, 4319196.943, 109
Trd, 4319198.043, 104
Trd, 4319198.143, 101
Trd, 4319199.193, 65
Trd, 4319199.343, 90
Trd, 4319199.543, 81
Trd, 4319200.793, 140
Trd, 4319201.243, 137
Trd, 4319201.593, 95
Trd, 4319202.743, 62
Trd, 4319203.493, 65
Trd, 4319203.893, 79
Trd, 4319204.643, 120
Trd, 4319204.843, 119
Trd, 4319206.043, 140
Trd, 4319206.093, 140
Trd, 4319206.493, 101
Trd, 4319206.943, 72
Trd, 4319207.293, 140
Trd, 4319208.143, 119
Trd, 4319208.943, 124
Trd, 4319209.993, 140
Trd, 4319210.343, 140
Trd, 4319211.193, 134
Trd, 4319211.793, 110
Trd, 4319211.993, 107
Trd, 4319212.643, 80
Trd, 4319214.043, 106
Trd, 4319214.343, 99
Trd, 4319216.243, 139
Trd, 4319216.293, 138
Trd, 4319216.443, 138
Trd, 4319216.493, 108
Trd, 4319217.593, 95
Trd, 4319217.743, 97
Trd, 4319218.393, 114
Trd, 4319219.943, 140
Trd, 4319220.693, 107
Trd, 4319221.693, 109
Trd, 4319222.243, 88
Trd, 4319223.193, 97
Trd, 4319223.243, 92
Trd, 4319223.493, 127
Trd, 4319223.743, 128
Trd, 4319224.643, 139
Trd, 4319225.793, 114
Trd, 4319226.143, 106
Trd, 4319226.943, 89
Trd, 4319227.293, 138
Trd, 4319229.293, 140
Trd, 4319229.443, 140
Trd, 4319229.843, 137
Trd, 4319230.143, 121
Trd, 4319230.693, 119
Trd, 4319231.193, 95
Trd, 4319231.593, 60
Trd, 4319234.243, 140
Trd, 4319234.293, 139
Trd, 4319234.843, 135
Trd, 4319236.043, 139
Trd, 4319236.293, 109
Trd, 4319236.443, 104
Trd, 4319237.793, 140
Trd, 4319238.693, 140
Trd, 4319238.843, 109
Trd, 4319239.493, 107
Trd, 4319240.193, 116
Trd, 4319240.893, 107
Trd, 4319241.443, 140
Trd, 4319242.593, 131
Trd, 4319242.943, 121
Trd, 4319243.343, 140
Trd, 4319243.743, 137
Trd, 4319244.093, 114
Trd, 4319244.343, 106
Trd, 4319245.143, 140
Trd, 4319245.643, 106
Trd, 4319246.093, 105
Trd, 4319246.743, 105
Trd, 4319246.793, 105
Trd, 4319248.593, 65
Trd, 4319249.543, 78
Trd, 4319250.893, 60
Trd, 4319250.943, 82
Trd, 4319251.643, 140
Trd, 4319251.693, 140
Trd, 4319252.893, 140
Trd, 4319253.643, 140
Trd, 4319253.843, 135
Trd, 4319254.943, 140
Trd, 4319255.293, 82
Trd, 4319256.843, 61
Trd, 4319256.993, 79
Trd, 4319257.193, 114
Trd, 4319257.993, 72
Trd, 4319258.293, 80
Trd, 4319258.743, 61
Trd, 4319259.393, 70
Trd, 4319260.243, 93
Trd, 4319262.143, 61
Trd, 4319263.143, 63
Trd, 4319263.243, 87
Trd, 4319264.043, 62
Trd, 4319264.443, 99
Trd, 4319265.443, 68
Trd, 4319267.243, 63
Trd, 4319267.693, 78
Trd, 4319267.943, 85
Trd, 4319268.093, 75
Trd, 4319268.543, 73
Trd, 4319269.643, 64
Trd, 4319269.993, 116
Trd, 4319270.293, 140
Trd, 4319270.643, 87
Trd, 4319271.493, 139
Trd, 4319271.993, 118
Trd, 4319272.593, 140
Trd, 4319272.843, 99
Trd, 4319273.643, 140
Trd, 4319274.243, 77
Trd, 4319275.293, 66
Trd, 4319275.643, 91
Trd, 4319276.743, 94
Trd, 4319277.343, 66
Trd, 4319277.493, 105
Trd, 4319279.743, 87
Trd, 4319280.343, 94
Trd, 4319280.393, 70
Trd, 4319280.593, 72
Trd, 4319281.493, 140
Trd, 4319281.793, 134
Trd, 4319282.193, 107
Trd, 4319283.393, 122
Trd, 4319284.593, 113
Trd, 4319284.743, 86
Trd, 4319285.143, 71
Trd, 4319285.293, 85
Trd, 4319286.443, 94
Trd, 4319286.843, 131
Trd, 4319286.893, 129
Trd, 4319287.393, 64
Trd, 4319288.143, 103
Trd, 4319288.193, 107
Trd, 4319289.143, 87
Trd, 4319290.143, 84
Trd, 4319290.643, 101
Trd, 4319290.843, 66
Trd, 4319291.643, 138
Trd, 4319292.093, 92
Trd, 4319293.393, 64
Trd, 4319294.293, 81
Trd, 4319294.993, 101
Trd, 4319295.593, 69
Trd, 4319296.993, 111
Trd, 4319297.143, 97
Trd, 4319297.443, 86
Trd, 4319297.593, 83
Trd, 4319298.793, 105
Trd, 4319299.343, 140
Trd, 4319300.393, 140
Trd, 4319301.593, 108
Trd, 4319302.243, 108
Trd, 4319303.243, 137
Trd, 4319303.543, 133
Trd, 4319304.693, 116
Trd, 4319305.243, 137
Trd, 4319305.443, 107
Trd, 4319306.593, 110
Trd, 4319307.043, 140
Trd, 4319307.093, 109
Trd, 4319307.393, 136
Trd, 4319308.543, 81
Trd, 4319308.593, 77
Trd, 4319309.543, 88
Trd, 4319309.943, 85
Trd, 4319310.793, 100
Trd, 4319311.793, 61
Trd, 4319313.043, 82
Trd, 4319313.143, 84
Trd, 4319313.293, 81
Trd, 4319315.443, 103
Trd, 4319315.643, 106
Trd, 4319316.093, 140
Trd, 4319316.393, 88
Trd, 4319316.843, 95
Trd, 4319317.643, 66
Trd, 4319318.693, 68
Trd, 4319319.243, 127
Trd, 4319320.043, 65
Trd, 4319320.293, 60
Trd, 4319321.293, 134
Trd, 4319322.193, 75
Trd, 4319323.393, 131
Trd, 4319323.593, 93
Trd, 4319324.243, 81
Trd, 4319324.993, 133
Trd, 4319326.043, 98
Trd, 4319326.293, 82
Trd, 4319326.943, 81
Trd, 4319327.043, 77
Trd, 4319327.643, 100
Trd, 4319328.393, 101
Trd, 4319328.693, 72
Trd, 4319329.143, 111
Trd, 4319330.093, 121
Trd, 4319331.093, 69
Trd, 4319331.393, 129
Trd, 4319332.693, 62
Trd, 4319334.393, 136
Trd, 4319334.443, 129
Trd, 4319334.493, 112
Trd, 4319334.943, 111
Trd, 4319336.293, 138
Trd, 4319336.393, 133
Trd, 4319336.543, 131
Trd, 4319336.743, 109
Trd, 4319337.693, 132
Trd, 4319338.043, 131
Trd, 4319338.093, 101
Trd, 4319338.643, 78
Trd, 4319340.093, 83
Trd, 4319340.143, 115
Trd, 4319341.393, 140
Trd, 4319341.693, 137
Trd, 4319342.593, 136
Trd, 4319342.793, 71
Trd, 4319343.593, 135
Trd, 4319344.593, 60
Trd, 4319344.943, 60
Trd, 4319345.093, 64
Trd, 4319345.743, 70
Trd, 4319346.293, 112
Trd, 4319347.093, 64
Trd, 4319347.843, 138
Trd, 4319348.743, 136
Trd, 4319349.093, 134
Trd, 4319349.993, 93
Trd, 4319351.093, 140
Trd, 4319352.793, 140
Trd, 4319353.193, 139
Trd, 4319353.243, 137
Trd, 4319354.493, 133
Trd, 4319354.543, 120
Trd, 4319355.393, 114
Trd, 4319356.143, 139
Trd, 4319356.443, 104
Trd, 4319357.243, 115
Trd, 4319358.643, 126
Trd, 4319359.143, 107
Trd, 4319360.193, 82
Trd, 4319360.843, 93
Trd, 4319361.293, 67
Trd, 4319362.243, 140
Trd, 4319362.343, 140
Trd, 4319363.043, 140
Trd, 4319363.293, 110
Trd, 4319364.643, 103
Trd, 4319365.843, 64
Trd, 4319365.893, 124
Trd, 4319366.243, 80
Trd, 4319366.843, 135
Trd, 4319368.593, 68
Trd, 4319368.743, 69
Trd, 4319370.893, 138
Trd, 4319370.993, 138
Trd, 4319371.743, 73
Trd, 4319373.493, 140
Trd, 4319373.643, 138
Trd, 4319373.693, 110
Trd, 4319373.943, 110
Trd, 4319374.193, 85
Trd, 4319374.443, 78
Trd, 4319374.743, 134
Trd, 4319375.943, 102
Trd, 4319376.493, 71
Trd, 4319377.543, 68
Trd, 4319378.543, 108
Trd, 4319378.693, 70
Trd, 4319379.193, 72
Trd, 4319380.443, 74
Trd, 4319380.843, 99
Trd, 4319381.143, 73
Trd, 4319382.393, 72
Trd, 4319382.843, 84
Trd, 4319383.193, 85
Trd, 4319383.443, 65
Trd, 4319383.593, 61
Trd, 4319384.343, 135
Trd, 4319385.743, 63
Trd, 4319385.893, 65
Trd, 4319387.993, 83
Trd, 4319388.343, 84
Trd, 4319388.443, 77
Trd, 4319388.493, 95
Trd, 4319389.343, 90
Trd, 4319389.543, 77
Trd, 4319390.943, 62
Trd, 4319391.043, 68
Trd, 4319391.743, 93
Trd, 4319392.693, 67
Trd, 4319393.193, 66
Trd, 4319393.393, 114
Trd, 4319393.643, 65
Trd, 4319394.093, 65
Trd, 4319395.693, 118
Trd, 4319395.793, 135
Trd, 4319395.993, 62
Trd, 4319396.893, 60
Trd, 4319397.243, 117
Trd, 4319398.593, 67
Trd, 4319398.943, 95
Trd, 4319399.693, 89
Trd, 4319400.993, 127
Trd, 4319401.393, 140
Trd, 4319402.293, 139
Trd, 4319403.143, 138
Trd, 4319403.243, 117
Trd, 4319403.343, 77
Trd, 4319403.843, 61
Trd, 4319404.243, 66
Trd, 4319405.293, 71
Trd, 4319406.293, 63
Trd, 4319407.243, 78
Trd, 4319408.293, 140
Trd, 4319408.943, 140
Trd, 4319409.193, 140
Trd, 4319409.393, 137
Trd, 4319409.693, 109
Trd, 4319410.193, 93
Trd, 4319410.493, 73
Trd, 4319411.043, 68
Trd, 4319412.443, 140
Trd, 4319412.993, 77
Trd, 4319413.393, 105
Trd, 4319413.643, 104
Trd, 4319414.943, 132
Trd, 4319415.343, 139
Trd, 4319416.193, 140
Trd, 4319416.993, 109
Trd, 4319417.243, 97
Trd, 4319418.243, 89
Trd, 4319418.593, 115
Trd, 4319418.793, 79
Trd, 4319419.793, 61
Trd, 4319419.943, 75
Trd, 4319421.343, 61
Trd, 4319421.893, 62
Trd, 4319423.093, 72
Trd, 4319424.293, 125
Trd, 4319424.443, 130
Trd, 4319424.643, 78
Trd, 4319424.793, 81
Trd, 4319424.843, 70
Trd, 4319425.793, 138
Trd, 4319427.443, 138
Trd, 4319428.643, 112
Trd, 4319428.793, 106
Trd, 4319428.893, 101
Trd, 4319429.243, 139
Trd, 4319429.393, 89
Trd, 4319429.593, 123
Trd, 4319430.243, 136
Trd, 4319432.543, 63
Trd, 4319433.393, 63
Trd, 4319433.793, 96
Trd, 4319435.243, 117
Trd, 4319435.793, 110
Trd, 4319436.043, 104
Trd, 4319436.193, 104
Trd, 4319436.743, 121
Trd, 4319437.093, 103
Trd, 4319437.993, 113
Trd, 4319438.343, 99
Trd, 4319438.393, 93
Trd, 4319438.893, 85
Trd, 4319439.393, 131
Trd, 4319439.793, 140
Trd, 4319441.643, 133
Trd, 4319442.643, 137
Trd, 4319442.893, 136
Trd, 4319442.993, 135
Trd, 4319443.993, 139
Trd, 4319444.443, 132
Trd, 4319444.643, 130
Trd, 4319445.343, 108
Trd, 4319445.893, 101
Trd, 4319445.993, 87
Trd, 4319447.093, 128
Trd, 4319447.793, 127
Trd, 4319448.193, 91
Trd, 4319448.493, 90
Trd, 4319449.143, 87
Trd, 4319450.093, 140
Trd, 4319450.193, 140
Trd, 4319450.493, 103
Trd, 4319450.593, 77
Trd, 4319451.593, 107
Trd, 4319452.093, 104
Trd, 4319453.293, 138
Trd, 4319453.343, 94
Trd, 4319454.643, 130
Trd, 4319454.893, 129
Trd, 4319455.543, 131
Trd, 4319455.593, 129
Trd, 4319457.693, 140
Trd, 4319457.743, 120
Trd, 4319458.393, 87
Trd, 4319459.293, 86
Trd, 4319459.593, 85
Trd, 4319460.093, 112
Trd, 4319460.493, 76
Trd, 4319460.693, 100
Trd, 4319462.093, 140
Trd, 4319462.993, 106
Trd, 4319463.243, 128
Trd, 4319463.643, 71
Trd, 4319464.093, 91
Trd, 4319464.243, 71
Trd, 4319464.893, 97
Trd, 4319466.193, 65
Trd, 4319466.993, 102
Trd, 4319467.343, 106
Trd, 4319467.443, 97
Trd, 4319468.143, 140
Trd, 4319468.193, 94
Trd, 4319468.993, 79
Trd, 4319469.843, 97
Trd, 4319470.193, 96
Trd, 4319470.643, 66
Trd, 4319472.793, 140
Trd, 4319473.693, 138
Trd, 4319474.043, 132
Trd, 4319474.443, 110
Trd, 4319474.643, 109
Trd, 4319476.143, 140
Trd, 4319476.543, 101
Trd, 4319476.593, 112
Trd, 4319476.693, 129
Trd, 4319477.993, 138
Trd, 4319478.193, 81
Trd, 4319479.293, 61
Trd, 4319479.493, 63
Trd, 4319481.043, 97
Trd, 4319482.743, 60
Trd, 4319483.793, 66
Trd, 4319484.193, 89
Trd, 4319485.143, 99
Trd, 4319485.393, 122
Trd, 4319486.243, 74
Trd, 4319486.293, 72
Trd, 4319486.443, 86
Trd, 4319486.593, 95
Trd, 4319486.893, 128
Trd, 4319487.993, 79
Trd, 4319488.443, 83
Trd, 4319489.243, 95
Trd, 4319489.293, 75
Trd, 4319490.443, 118
Trd, 4319490.843, 95
Trd, 4319491.343, 71
Trd, 4319492.643, 61
Trd, 4319492.843, 95
Trd, 4319493.043, 107
Trd, 4319494.093, 63
Trd, 4319494.193, 65
Trd, 4319495.693, 61
Trd, 4319496.093, 85
Trd, 4319496.143, 84
Trd, 4319497.193, 64
Trd, 4319497.343, 69
Trd, 4319499.593, 62
Trd, 4319499.893, 62
Trd, 4319502.093, 68
Trd, 4319502.343, 68
Trd, 4319502.493, 80
Trd, 4319503.093, 64
Trd, 4319503.693, 63
Trd, 4319503.743, 85
Trd, 4319504.093, 118
Trd, 4319505.243, 63
Trd, 4319506.793, 76
Trd, 4319507.443, 91
Trd, 4319508.193, 130
Trd, 4319508.243, 138
Trd, 4319508.593, 116
Trd, 4319508.993, 97
Trd, 4319509.593, 66
Trd, 4319510.393, 138
Trd, 4319511.793, 133
Trd, 4319511.843, 126
Trd, 4319513.043, 118
Trd, 4319513.293, 107
Trd, 4319514.143, 107
Trd, 4319514.243, 106
Trd, 4319515.443, 61
Trd, 4319515.993, 114
Trd, 4319518.043, 132
Trd, 4319519.493, 140
Trd, 4319519.543, 138
Trd, 4319519.593, 137
Trd, 4319519.643, 128
Trd, 4319519.793, 110
Trd, 4319520.093, 124
Trd, 4319521.293, 118
Trd, 4319521.743, 121
Trd, 4319522.793, 109
Trd, 4319523.293, 106
Trd, 4319523.393, 108
Trd, 4319523.593, 140
Trd, 4319525.343, 82
Trd, 4319525.793, 114
Trd, 4319525.993, 122
Trd, 4319526.243, 64
Trd, 4319526.843, 70
Trd, 4319527.243, 71
Trd, 4319527.343, 68
Trd, 4319527.893, 139
Trd, 4319528.143, 93
Trd, 4319529.343, 122
Trd, 4319531.493, 89
Trd, 4319531.793, 88
Trd, 4319531.943, 60
Trd, 4319533.043, 91
Trd, 4319533.543, 112
Trd, 4319534.493, 72
Trd, 4319534.643, 65
Trd, 4319535.143, 140
Trd, 4319535.193, 120
Trd, 4319535.943, 140
Trd, 4319538.343, 140
Trd, 4319538.493, 122
Trd, 4319538.743, 96
Trd, 4319539.243, 72
Trd, 4319539.393, 125
Trd, 4319540.543, 140
Trd, 4319540.643, 137
Trd, 4319541.343, 94
Trd, 4319541.543, 113
Trd, 4319541.693, 104
Trd, 4319542.143, 70
Trd, 4319542.693, 69
Trd, 4319543.893, 65
Trd, 4319545.043, 140
Trd, 4319545.543, 109
Trd, 4319545.843, 109
Trd, 4319546.093, 96
Trd, 4319546.843, 140
Trd, 4319548.193, 123
Trd, 4319548.293, 98
Trd, 4319549.293, 118
Trd, 4319550.043, 124
Trd, 4319550.593, 83
Trd, 4319550.843, 97
Trd, 4319551.643, 140
Trd, 4319551.693, 139
Trd, 4319552.593, 135
Trd, 4319553.543, 139
Trd, 4319553.943, 104
Trd, 4319554.393, 126
Trd, 4319554.793, 88
Trd, 4319555.293, 70
Trd, 4319556.193, 140
Trd, 4319556.843, 70
Trd, 4319557.193, 66
Trd, 4319557.843, 131
Trd, 4319559.393, 139
Trd, 4319559.593, 81
Trd, 4319560.443, 108
Trd, 4319560.793, 74
Trd, 4319561.293, 71
Trd, 4319563.693, 70
Trd, 4319564.493, 121
Trd, 4319565.943, 120
Trd, 4319566.893, 112
Trd, 4319566.993, 96
Trd, 4319567.743, 98
Trd, 4319569.043, 140
Trd, 4319569.343, 140
Trd, 4319569.393, 140
Trd, 4319569.893, 108
Trd, 4319570.143, 79
Trd, 4319570.443, 83
Trd, 4319572.093, 103
Trd, 4319572.193, 97
Trd, 4319573.743, 124
Trd, 4319574.143, 122
Trd, 4319574.893, 134
Trd, 4319575.293, 130
Trd, 4319576.393, 107
Trd, 4319576.843, 106
Trd, 4319576.943, 91
Trd, 4319577.293, 120
Trd, 4319577.993, 74
Trd, 4319578.593, 105
Trd, 4319579.143, 85
Trd, 4319579.293, 87
Trd, 4319580.393, 112
Trd, 4319580.693, 66
Trd, 4319581.493, 131
Trd, 4319581.793, 105
Trd, 4319583.843, 124
Trd, 4319583.943, 138
Trd, 4319585.493, 72
Trd, 4319587.593, 121
Trd, 4319588.043, 125
Trd, 4319588.143, 112
Trd, 4319588.443, 110
Trd, 4319588.693, 109
Trd, 4319589.193, 140
Trd, 4319589.443, 140
Trd, 4319589.843, 126
Trd, 4319590.493, 129
Trd, 4319592.393, 115
Trd, 4319593.093, 140
Trd, 4319593.193, 132
Trd, 4319593.693, 70
Trd, 4319594.393, 90
Trd, 4319595.143, 99
Trd, 4319595.193, 115
Trd, 4319596.793, 140
Trd, 4319598.093, 111
Trd, 4319598.143, 105
Trd, 4319598.643, 103
Trd, 4319598.843, 115
Trd, 4319599.093, 91
Trd, 4319600.293, 122
Trd, 4319600.643, 140
Trd, 4319601.593, 89
Trd, 4319601.793, 139
Trd, 4319603.393, 90
Trd, 4319603.493, 87
Trd, 4319603.643, 65
Trd, 4319606.093, 61
Trd, 4319606.743, 85
Trd, 4319607.093, 77
Trd, 4319607.643, 89
Trd, 4319608.393, 94
Trd, 4319608.493, 71
Trd, 4319608.843, 83
Trd, 4319609.443, 100
Trd, 4319610.543, 135
Trd, 4319611.643, 77
Trd, 4319612.293, 69
Trd, 4319612.993, 73
Trd, 4319613.643, 66
Trd, 4319615.093, 131
Trd, 4319615.193, 83
Trd, 4319615.343, 139
Trd, 4319615.593, 132
Trd, 4319615.793, 108
Trd, 4319616.143, 77
Trd, 4319616.443, 116
Trd, 4319617.243, 72
Trd, 4319618.543, 101
Trd, 4319618.843, 140
Trd, 4319619.143, 100
Trd, 4319620.143, 138
Trd, 4319620.243, 135
Trd, 4319620.443, 93
Trd, 4319620.493, 132
Trd, 4319622.293, 62
Trd, 4319623.043, 81
Trd, 4319623.293, 105
Trd, 4319623.843, 60
Trd, 4319624.943, 65
Trd, 4319625.793, 67
Trd, 4319625.893, 74
Trd, 4319626.593, 71
Trd, 4319627.093, 88
Trd, 4319627.643, 81
Trd, 4319627.993, 64
Trd, 4319629.443, 85
Trd, 4319630.443, 61
Trd, 4319631.093, 64
Trd, 4319631.643, 67
Trd, 4319632.293, 140
Trd, 4319632.493, 139
Trd, 4319632.943, 94
Trd, 4319634.843, 106
Trd, 4319635.243, 72
Trd, 4319635.593, 75
Trd, 4319635.793, 77
Trd, 4319636.193, 91
Trd, 4319636.593, 90
Trd, 4319637.493, 60
Trd, 4319638.393, 63
Trd, 4319638.793, 68
Trd, 4319639.543, 82
Trd, 4319639.743, 134
Trd, 4319640.993, 84
Trd, 4319641.393, 138
Trd, 4319641.493, 138
Trd, 4319641.693, 64
Trd, 4319643.843, 73
Trd, 4319644.543, 106
Trd, 4319644.793, 65
Trd, 4319645.143, 63
Trd, 4319645.693, 82
Trd, 4319646.443, 87
Trd, 4319647.343, 85
Trd, 4319647.443, 80
Trd, 4319648.443, 103
Trd, 4319649.143, 140
Trd, 4319649.493, 139
Trd, 4319649.943, 140
Trd, 4319651.093, 118
Trd, 4319651.393, 140
Trd, 4319651.593, 110
Trd, 4319653.343, 72
Trd, 4319653.743, 62
Trd, 4319654.143, 62
Trd, 4319654.493, 121
Trd, 4319655.993, 140
Trd, 4319656.493, 131
Trd, 4319656.543, 109
Trd, 4319657.693, 104
Trd, 4319658.293, 90
Trd, 4319659.743, 62
Trd, 4319660.093, 61
Trd, 4319660.443, 65
Trd, 4319661.243, 60
Trd, 4319661.693, 66
Trd, 4319662.043, 73
Trd, 4319663.143, 78
Trd, 4319663.343, 88
Trd, 4319663.743, 135
Trd, 4319664.693, 125
Trd, 4319665.693, 140
Trd, 4319666.543, 132
Trd, 4319666.643, 120
Trd, 4319667.293, 68
Trd, 4319669.243, 82
Trd, 4319669.343, 81
Trd, 4319669.993, 70
Trd, 4319670.293, 88
Trd, 4319670.893, 92
Trd, 4319671.743, 63
Trd, 4319672.593, 63
Trd, 4319674.093, 138
Trd, 4319674.193, 89
Trd, 4319674.593, 72
Trd, 4319676.743, 140
Trd, 4319676.793, 140
Trd, 4319676.943, 128
Trd, 4319677.093, 121
Trd, 4319678.043, 140
Trd, 4319678.243, 114
Trd, 4319678.793, 112
Trd, 4319680.393, 136
Trd, 4319680.593, 133
Trd, 4319681.093, 122
Trd, 4319682.243, 96
Trd, 4319682.793, 101
Trd, 4319683.393, 88
Trd, 4319683.993, 122
Trd, 4319684.443, 139
Trd, 4319685.493, 102
Trd, 4319685.743, 93
Trd, 4319685.893, 80
Trd, 4319688.043, 140
Trd, 4319688.143, 133
Trd, 4319690.343, 105
Trd, 4319690.693, 103
Trd, 4319690.893, 87
Trd, 4319690.943, 131
Trd, 4319691.593, 139
Trd, 4319692.943, 139
Trd, 4319693.293, 96
Trd, 4319695.043, 62
Trd, 4319695.093, 67
Trd, 4319695.143, 68
Trd, 4319695.693, 140
Trd, 4319696.043, 99
Trd, 4319696.243, 73
Trd, 4319696.743, 70
Trd, 4319697.243, 118
Trd, 4319697.543, 98
Trd, 4319699.343, 71
Trd, 4319699.943, 94
Trd, 4319700.343, 84
Trd, 4319700.943, 115
Trd, 4319701.543, 140
Trd, 4319702.443, 118
Trd, 4319703.143, 114
Trd, 4319703.293, 136
Trd, 4319704.693, 140
Trd, 4319704.793, 140
Trd, 4319704.893, 122
Trd, 4319705.843, 140
Trd, 4319706.543, 121
Trd, 4319706.993, 137
Trd, 4319707.593, 95
Trd, 4319707.793, 78
Trd, 4319709.193, 61
Trd, 4319709.743, 124
Trd, 4319710.893, 62
Trd, 4319712.043, 65
Trd, 4319712.643, 68
Trd, 4319712.693, 62
Trd, 4319713.343, 71
Trd, 4319713.743, 140
Trd, 4319714.893, 61
Trd, 4319715.943, 63
Trd, 4319716.843, 133
Trd, 4319717.193, 67
Trd, 4319717.593, 68
Trd, 4319719.893, 60
Trd, 4319720.043, 108
Trd, 4319721.493, 134
Trd, 4319722.493, 66
Trd, 4319722.793, 91
Trd, 4319724.193, 115
Trd, 4319724.293, 112
Trd, 4319724.693, 136
Trd, 4319725.193, 86
Trd, 4319725.293, 122
Trd, 4319725.743, 66
Trd, 4319726.743, 107
Trd, 4319726.893, 103
Trd, 4319727.643, 65
Trd, 4319728.393, 112
Trd, 4319728.593, 135
Trd, 4319731.043, 62
Trd, 4319731.143, 82
Trd, 4319731.343, 79
Trd, 4319731.793, 122
Trd, 4319732.943, 62
Trd, 4319733.593, 88
Trd, 4319734.993, 140
Trd, 4319735.043, 138
Trd, 4319735.393, 109
Trd, 4319735.543, 70
Trd, 4319736.043, 140
Trd, 4319736.743, 115
Trd, 4319736.793, 98
Trd, 4319737.293, 93
Trd, 4319738.793, 63
Trd, 4319739.343, 71
Trd, 4319740.243, 137
Trd, 4319741.593, 122
Trd, 4319742.243, 140
Trd, 4319742.593, 103
Trd, 4319743.343, 134
Trd, 4319743.443, 126
Trd, 4319743.893, 124
Trd, 4319744.043, 116
Trd, 4319744.193, 96
Trd, 4319745.543, 139
Trd, 4319745.843, 137
Trd, 4319746.843, 105
Trd, 4319747.243, 105
Trd, 4319747.643, 117
Trd, 4319748.443, 126
Trd, 4319748.543, 82
Trd, 4319748.893, 114
Trd, 4319749.093, 80
Trd, 4319750.543, 65
Trd, 4319750.893, 65
Trd, 4319752.093, 117
Trd, 4319752.643, 100
Trd, 4319753.543, 80
Trd, 4319753.993, 117
Trd, 4319754.143, 131
Trd, 4319755.143, 61
Trd, 4319755.643, 69
Trd, 4319757.043, 110
Trd, 4319757.993, 137
Trd, 4319758.743, 132
Trd, 4319758.893, 131
Trd, 4319760.043, 117
Trd, 4319760.293, 133
Trd, 4319760.593, 116
Trd, 4319761.393, 112
Trd, 4319762.043, 104
Trd, 4319762.943, 104
Trd, 4319763.843, 140
Trd, 4319764.043, 118
Trd, 4319764.293, 118
Trd, 4319764.643, 140
Trd, 4319764.993, 131
Trd, 4319765.843, 120
Trd, 4319766.043, 85
Trd, 4319767.043, 140
Trd, 4319767.493, 117
Trd, 4319768.093, 106
Trd, 4319768.443, 67
Trd, 4319770.293, 71
Trd, 4319771.043, 100
Trd, 4319772.793, 140
Trd, 4319773.793, 140
Trd, 4319774.343, 138
Trd, 4319774.743, 134
Trd, 4319775.393, 140
Trd, 4319775.493, 138
Trd, 4319776.643, 112
Trd, 4319776.993, 91
Trd, 4319777.343, 61
Trd, 4319777.693, 100
Trd, 4319777.743, 99
Trd, 4319779.743, 139
Trd, 4319780.343, 112
Trd, 4319781.743, 140
Trd, 4319782.343, 89
Trd, 4319782.693, 140
Trd, 4319783.193, 116
Trd, 4319784.293, 111
Trd, 4319784.443, 109
Trd, 4319785.093, 140
Trd, 4319786.643, 140
Trd, 4319786.693, 137
Trd, 4319786.793, 84
Trd, 4319787.643, 64
Trd, 4319788.893, 60
Trd, 4319789.293, 76
Trd, 4319789.693, 80
Trd, 4319790.293, 60
Trd, 4319791.393, 61
Trd, 4319793.243, 64
Trd, 4319793.843, 105
Trd, 4319794.593, 110
Trd, 4319795.193, 138
Trd, 4319795.393, 136
Trd, 4319796.343, 106
Trd, 4319796.493, 105
Trd, 4319796.743, 98
Trd, 4319797.793, 140
Trd, 4319798.493, 136
Trd, 4319798.793, 109
Trd, 4319798.943, 85
Trd, 4319799.193, 63
Trd, 4319799.843, 92
Trd, 4319800.393, 86
Trd, 4319800.743, 61
Trd, 4319801.193, 90
Trd, 4319801.593, 81
Trd, 4319803.293, 69
Trd, 4319805.593, 82
Trd, 4319805.693, 81
Trd, 4319806.393, 92
Trd, 4319806.443, 100
Trd, 4319806.593, 115
Trd, 4319807.093, 100
Trd, 4319807.943, 97
Trd, 4319808.043, 95
Trd, 4319808.493, 88
Trd, 4319809.393, 121
Trd, 4319811.893, 102
Trd, 4319812.593, 90
Trd, 4319812.943, 97
Trd, 4319812.993, 89
Trd, 4319813.393, 91
Trd, 4319813.593, 80
Trd, 4319814.693, 140
Trd, 4319814.793, 139
Trd, 4319816.443, 121
Trd, 4319816.893, 140
Trd, 4319817.543, 117
Trd, 4319818.643, 92
Trd, 4319819.343, 121
Trd, 4319819.693, 121
Trd, 4319819.993, 120
Trd, 4319821.843, 140
Trd, 4319822.043, 137
Trd, 4319822.493, 129
Trd, 4319822.643, 123
Trd, 4319823.493, 140
Trd, 4319823.893, 68
Trd, 4319824.893, 131
Trd, 4319825.293, 107
Trd, 4319825.793, 102
Trd, 4319826.893, 138
Trd, 4319827.443, 137
Trd, 4319827.893, 138
Trd, 4319828.093, 136
Trd, 4319828.443, 108
Trd, 4319829.293, 105
Trd, 4319829.643, 133
Trd, 4319829.993, 86
Trd, 4319831.593, 140
Trd, 4319832.893, 139
Trd, 4319833.193, 137
Trd, 4319834.293, 139
Trd, 4319834.343, 138
Trd, 4319834.793, 139
Trd, 4319834.843, 134
Trd, 4319835.543, 93
Trd, 4319835.693, 64
Trd, 4319836.393, 105
Trd, 4319837.043, 103
Trd, 4319837.543, 92
Trd, 4319838.543, 66
Trd, 4319839.093, 61
Trd, 4319839.793, 73
Trd, 4319840.293, 63
Trd, 4319841.693, 81
Trd, 4319841.743, 138
Trd, 4319842.893, 140
Trd, 4319843.143, 140
Trd, 4319843.193, 137
Trd, 4319843.593, 62
Trd, 4319844.493, 136
Trd, 4319845.493, 67
Trd, 4319846.543, 68
Trd, 4319846.693, 101
Trd, 4319847.193, 139
Trd, 4319848.043, 113
Trd, 4319848.093, 112
Trd, 4319849.643, 90
Trd, 4319849.943, 139
Trd, 4319850.093, 89
Trd, 4319850.443, 108
Trd, 4319852.043, 61
Trd, 4319852.393, 62
Trd, 4319853.143, 78
Trd, 4319853.743, 73
Trd, 4319853.843, 79
Trd, 4319854.243, 60
Trd, 4319854.543, 137
Trd, 4319855.793, 140
Trd, 4319856.893, 139
Trd, 4319857.343, 136
Trd, 4319857.743, 90
Trd, 4319857.943, 95
Trd, 4319858.043, 89
Trd, 4319860.343, 63
Trd, 4319860.693, 64
Trd, 4319860.893, 80
Trd, 4319861.793, 121
Trd, 4319861.993, 97
Trd, 4319862.343, 77
Trd, 4319863.443, 68
Trd, 4319864.093, 73
Trd, 4319864.443, 140
Trd, 4319864.843, 74
Trd, 4319866.143, 140
Trd, 4319866.393, 74
Trd, 4319866.943, 130
Trd, 4319867.343, 99
Trd, 4319867.593, 124
Trd, 4319868.693, 111
Trd, 4319869.143, 84
Trd, 4319870.593, 70
Trd, 4319871.293, 107
Trd, 4319871.843, 140
Trd, 4319871.993, 86
Trd, 4319872.293, 71
Trd, 4319873.643, 97
Trd, 4319874.243, 132
Trd, 4319874.943, 93
Trd, 4319875.143, 94
Trd, 4319875.293, 128
Trd, 4319877.293, 140
Trd, 4319877.543, 140
Trd, 4319877.693, 135
Trd, 4319878.093, 107
Trd, 4319878.143, 119
Trd, 4319879.193, 117
Trd, 4319879.343, 115
Trd, 4319882.443, 140
Trd, 4319882.993, 138
Trd, 4319883.393, 90
Trd, 4319883.693, 90
Trd, 4319883.943, 88
Trd, 4319884.593, 111
Trd, 4319885.443, 97
Trd, 4319885.643, 71
Trd, 4319886.843, 76
Trd, 4319887.093, 140
Trd, 4319887.143, 98
Trd, 4319887.793, 76
Trd, 4319888.093, 68
Trd, 4319889.743, 87
Trd, 4319890.043, 90
Trd, 4319890.693, 102
Trd, 4319891.443, 87
Trd, 4319892.043, 86
Trd, 4319892.493, 135
Trd, 4319893.193, 139
Trd, 4319893.543, 121
Trd, 4319894.243, 60
Trd, 4319894.943, 137
Trd, 4319894.993, 136
Trd, 4319895.293, 77
Trd, 4319897.093, 68
Trd, 4319897.643, 65
Trd, 4319898.093, 116
Trd, 4319898.693, 72
Trd, 4319899.143, 138
Trd, 4319899.643, 102
Trd, 4319899.743, 65
Trd, 4319899.993, 67
Trd, 4319900.643, 65
Trd, 4319901.493, 80
Trd, 4319902.393, 91
Trd, 4319903.243, 65
Trd, 4319905.243, 63
Trd, 4319905.543, 87
Trd, 4319905.693, 99
Trd, 4319906.993, 66
Trd, 4319907.143, 87
Trd, 4319908.043, 118
Trd, 4319908.143, 94
Trd, 4319908.843, 103
Trd, 4319910.543, 106
Trd, 4319910.743, 102
Trd, 4319911.493, 101
Trd, 4319911.743, 136
Trd, 4319911.843, 131
Trd, 4319912.443, 131
Trd, 4319912.793, 129
Trd, 4319913.093, 105
Trd, 4319913.143, 70
Trd, 4319915.143, 140
Trd, 4319915.993, 138
Trd, 4319916.343, 136
Trd, 4319917.293, 101
Trd, 4319918.893, 106
Trd, 4319919.143, 108
Trd, 4319919.343, 99
Trd, 4319920.193, 101
Trd, 4319921.743, 140
Trd, 4319922.043, 139
Trd, 4319923.093, 125
Trd, 4319923.493, 118
Trd, 4319923.893, 115
Trd, 4319924.143, 140
Trd, 4319925.343, 90
Trd, 4319925.643, 113
Trd, 4319926.343, 139
Trd, 4319926.493, 66
Trd, 4319927.793, 61
Trd, 4319928.793, 66
Trd, 4319929.043, 125
Trd, 4319929.343, 140
Trd, 4319929.793, 109
Trd, 4319931.043, 140
Trd, 4319931.843, 138
Trd, 4319932.193, 109
Trd, 4319932.243, 66
Trd, 4319934.193, 139
Trd, 4319934.343, 138
Trd, 4319934.693, 109
Trd, 4319935.443, 116
Trd, 4319935.843, 139
Trd, 4319936.843, 106
Trd, 4319936.993, 106
Trd, 4319937.343, 98
Trd, 4319938.643, 60
Trd, 4319938.843, 74
Trd, 4319940.143, 66
Trd, 4319940.843, 78
Trd, 4319942.043, 79
Trd, 4319942.193, 133
Trd, 4319942.243, 72
Trd, 4319942.493, 124
Trd, 4319942.543, 76
Trd, 4319944.943, 140
Trd, 4319945.243, 137
Trd, 4319945.343, 122
Trd, 4319946.293, 119
Trd, 4319947.093, 106
Trd, 4319947.193, 71
Trd, 4319947.893, 83
Trd, 4319948.293, 94
Trd, 4319948.693, 87
Trd, 4319949.743, 72
Trd, 4319950.193, 79
Trd, 4319952.243, 65
Trd, 4319952.643, 80
Trd, 4319952.743, 61
Trd, 4319952.993, 133
Trd, 4319953.643, 62
Trd, 4319954.093, 75
Trd, 4319955.093, 138
Trd, 4319955.493, 138
Trd, 4319956.493, 140
Trd, 4319956.543, 103
Trd, 4319957.143, 104
Trd, 4319957.643, 109
Trd, 4319958.143, 103
Trd, 4319959.093, 139
Trd, 4319960.893, 114
Trd, 4319960.943, 109
Trd, 4319960.993, 86
Trd, 4319962.193, 115
Trd, 4319962.643, 87
Trd, 4319963.493, 90
Trd, 4319964.343, 140
Trd, 4319964.643, 137
Trd, 4319965.393, 82
Trd, 4319966.093, 76
Trd, 4319968.043, 135
Trd, 4319968.793, 135
Trd, 4319968.893, 130
Trd, 4319969.043, 125
Trd, 4319969.893, 138
Trd, 4319970.043, 138
Trd, 4319970.243, 106
Trd, 4319970.543, 88
Trd, 4319971.243, 140
Trd, 4319971.943, 139
Trd, 4319972.393, 81
Trd, 4319973.593, 139
Trd, 4319974.993, 64
Trd, 4319975.143, 65
Trd, 4319975.243, 67
Trd, 4319975.343, 138
Trd, 4319976.293, 140
Trd, 4319977.993, 62
Trd, 4319979.293, 61
Trd, 4319979.343, 68
Trd, 4319979.743, 71
Trd, 4319979.843, 79
Trd, 4319981.593, 125
Trd, 4319981.643, 103
Trd, 4319982.143, 106
Trd, 4319982.493, 91
Trd, 4319983.043, 82
Trd, 4319983.893, 63
Trd, 4319984.693, 140
Trd, 4319985.893, 140
Trd, 4319987.293, 140
Trd, 4319987.493, 131
Trd, 4319987.893, 104
Trd, 4319988.143, 125
Trd, 4319988.493, 98
Trd, 4319988.543, 89
Trd, 4319989.543, 138
Trd, 4319991.143, 103
Trd, 4319991.493, 103
Trd, 4319992.443, 64
Trd, 4319993.393, 61
Trd, 4319994.443, 75
Trd, 4319995.043, 60
Trd, 4319995.843, 107
Trd, 4319996.043, 106
Trd, 4319996.443, 95
Trd, 4319996.793, 69
Trd, 4319996.843, 88
Trd, 4319998.593, 60
Trd, 4319998.943, 65
Trd, 4319999.893, 68
