Trd, 4318074.243, 84
Trd, 4318074.393, 85
Trd, 4318075.143, 78
Trd, 4318075.943, 140
Trd, 4318076.543, 140
Trd, 4318077.343, 137
Trd, 4318078.143, 116
Trd, 4318079.343, 140
Trd, 4318080.443, 134
Trd, 4318080.693, 63
Trd, 4318080.993, 136
Trd, 4318081.243, 84
Trd, 4318081.493, 137
Trd, 4318082.043, 74
Trd, 4318083.043, 63
Trd, 4318084.593, 72
Trd, 4318084.743, 121
Trd, 4318084.943, 62
Trd, 4318086.693, 140
Trd, 4318086.743, 140
Trd, 4318088.093, 140
Trd, 4318089.143, 139
Trd, 4318089.493, 116
Trd, 4318090.193, 140
Trd, 4318092.193, 140
Trd, 4318092.243, 140
Trd, 4318093.793, 140
Trd, 4318094.343, 140
Trd, 4318094.643, 139
Trd, 4318095.443, 135
Trd, 4318096.793, 140
Trd, 4318098.743, 140
Trd, 4318098.893, 140
Trd, 4318098.993, 140
Trd, 4318099.043, 140
Trd, 4318099.393, 139
Trd, 4318101.393, 106
Trd, 4318102.343, 139
Trd, 4318102.393, 106
Trd, 4318102.993, 139
Trd, 4318103.143, 91
Trd, 4318103.543, 138
Trd, 4318104.143, 90
Trd, 4318105.293, 62
Trd, 4318105.743, 62
Trd, 4318105.943, 63
Trd, 4318106.643, 62
Trd, 4318107.293, 140
Trd, 4318108.093, 131
Trd, 4318108.743, 139
Trd, 4318108.843, 131
Trd, 4318112.293, 140
Trd, 4318112.593, 140
Trd, 4318112.793, 140
Trd, 4318113.893, 140
Trd, 4318113.993, 140
Trd, 4318114.543, 137
Trd, 4318114.693, 136
Trd, 4318114.793, 138
Trd, 4318117.593, 60
Trd, 4318117.843, 140
Trd, 4318118.993, 139
Trd, 4318119.543, 138
Trd, 4318120.243, 125
Trd, 4318121.193, 139
Trd, 4318123.793, 140
Trd, 4318123.943, 140
Trd, 4318124.193, 140
Trd, 4318124.743, 140
Trd, 4318124.893, 91
Trd, 4318125.593, 139
Trd, 4318125.893, 139
Trd, 4318127.193, 133
Trd, 4318127.393, 134
Trd, 4318127.643, 60
Trd, 4318127.893, 60
Trd, 4318128.493, 70
Trd, 4318128.743, 86
Trd, 4318130.743, 60
Trd, 4318131.393, 61
Trd, 4318132.193, 60
Trd, 4318133.793, 60
Trd, 4318133.993, 60
Trd, 4318134.343, 60
Trd, 4318134.643, 63
Trd, 4318135.543, 60
Trd, 4318136.143, 60
Trd, 4318136.643, 60
Trd, 4318137.393, 60
Trd, 4318138.293, 60
Trd, 4318139.093, 61
Trd, 4318139.543, 63
Trd, 4318139.893, 63
Trd, 4318140.193, 62
Trd, 4318140.693, 82
Trd, 4318141.343, 72
Trd, 4318142.043, 140
Trd, 4318142.593, 140
Trd, 4318144.043, 140
Trd, 4318146.093, 140
Trd, 4318147.643, 140
Trd, 4318148.193, 140
Trd, 4318149.193, 140
Trd, 4318149.293, 140
Trd, 4318149.743, 140
Trd, 4318150.893, 140
Trd, 4318152.143, 140
Trd, 4318152.743, 140
Trd, 4318152.793, 140
Trd, 4318153.343, 140
Trd, 4318153.643, 140
Trd, 4318154.143, 140
Trd, 4318154.493, 124
Trd, 4318154.593, 116
Trd, 4318155.443, 139
Trd, 4318156.443, 140
Trd, 4318158.843, 140
Trd, 4318159.743, 140
Trd, 4318160.993, 140
Trd, 4318162.143, 140
Trd, 4318163.293, 140
Trd, 4318164.593, 140
Trd, 4318164.943, 140
Trd, 4318166.643, 140
Trd, 4318166.743, 140
Trd, 4318168.243, 139
Trd, 4318168.993, 140
Trd, 4318169.343, 140
Trd, 4318169.643, 140
Trd, 4318169.893, 140
Trd, 4318170.693, 139
Trd, 4318171.393, 140
Trd, 4318171.493, 140
Trd, 4318172.093, 139
Trd, 4318172.793, 118
Trd, 4318173.043, 63
Trd, 4318173.543, 115
Trd, 4318174.593, 137
Trd, 4318175.143, 139
Trd, 4318176.643, 137
Trd, 4318176.893, 62
Trd, 4318177.693, 140
Trd, 4318177.843, 78
Trd, 4318178.993, 140
Trd, 4318181.743, 140
Trd, 4318181.893, 140
Trd, 4318183.093, 140
Trd, 4318183.743, 140
Trd, 4318183.793, 140
Trd, 4318186.043, 140
Trd, 4318186.243, 140
Trd, 4318187.593, 140
Trd, 4318187.993, 140
Trd, 4318188.193, 140
Trd, 4318188.793, 140
Trd, 4318188.893, 134
Trd, 4318189.543, 139
Trd, 4318189.843, 137
Trd, 4318191.093, 140
Trd, 4318191.593, 139
Trd, 4318194.243, 140
Trd, 4318195.143, 140
Trd, 4318195.893, 140
Trd, 4318196.393, 140
Trd, 4318197.243, 137
Trd, 4318198.093, 140
Trd, 4318198.293, 140
Trd, 4318198.543, 137
Trd, 4318199.193, 137
Trd, 4318199.393, 138
Trd, 4318199.743, 133
Trd, 4318200.593, 64
Trd, 4318200.843, 64
Trd, 4318201.743, 68
Trd, 4318202.193, 61
Trd, 4318203.243, 139
Trd, 4318204.643, 140
Trd, 4318205.443, 138
Trd, 4318205.693, 139
Trd, 4318205.793, 138
Trd, 4318206.093, 136
Trd, 4318207.143, 64
Trd, 4318207.193, 65
Trd, 4318207.943, 136
Trd, 4318208.293, 113
Trd, 4318208.643, 63
Trd, 4318209.993, 139
Trd, 4318212.693, 140
Trd, 4318212.743, 139
Trd, 4318213.443, 140
Trd, 4318213.543, 81
Trd, 4318213.943, 138
Trd, 4318214.643, 127
Trd, 4318215.143, 134
Trd, 4318215.743, 134
Trd, 4318215.943, 135
Trd, 4318216.393, 139
Trd, 4318217.793, 140
Trd, 4318218.193, 139
Trd, 4318219.293, 137
Trd, 4318219.693, 119
Trd, 4318219.743, 131
Trd, 4318220.193, 132
Trd, 4318221.843, 140
Trd, 4318222.393, 137
Trd, 4318222.593, 140
Trd, 4318224.343, 139
Trd, 4318227.093, 140
Trd, 4318227.593, 140
Trd, 4318228.993, 140
Trd, 4318229.693, 140
Trd, 4318229.793, 140
Trd, 4318229.893, 140
Trd, 4318231.643, 140
Trd, 4318231.743, 140
Trd, 4318231.793, 139
Trd, 4318231.843, 138
Trd, 4318232.893, 140
Trd, 4318233.043, 140
Trd, 4318234.043, 140
Trd, 4318235.643, 140
Trd, 4318236.343, 140
Trd, 4318237.293, 140
Trd, 4318237.443, 139
Trd, 4318237.993, 140
Trd, 4318238.193, 96
Trd, 4318239.293, 140
Trd, 4318242.193, 140
Trd, 4318242.343, 140
Trd, 4318242.593, 140
Trd, 4318246.043, 140
Trd, 4318246.143, 140
Trd, 4318246.593, 140
Trd, 4318247.693, 140
Trd, 4318248.293, 140
Trd, 4318248.893, 140
Trd, 4318249.043, 140
Trd, 4318249.543, 140
Trd, 4318250.393, 140
Trd, 4318251.593, 139
Trd, 4318251.943, 139
Trd, 4318252.293, 140
Trd, 4318252.743, 112
Trd, 4318252.993, 89
Trd, 4318254.893, 140
Trd, 4318255.443, 140
Trd, 4318255.743, 139
Trd, 4318257.293, 87
Trd, 4318257.743, 140
Trd, 4318259.193, 140
Trd, 4318259.343, 140
Trd, 4318259.493, 93
Trd, 4318260.543, 140
Trd, 4318261.193, 140
Trd, 4318263.593, 140
Trd, 4318263.893, 140
Trd, 4318264.093, 140
Trd, 4318265.493, 140
Trd, 4318265.793, 140
Trd, 4318266.943, 140
Trd, 4318267.293, 139
Trd, 4318267.443, 138
Trd, 4318268.243, 136
Trd, 4318269.443, 136
Trd, 4318269.993, 135
Trd, 4318270.043, 116
Trd, 4318270.093, 137
Trd, 4318271.543, 138
Trd, 4318271.793, 136
Trd, 4318273.093, 140
Trd, 4318273.443, 140
Trd, 4318275.693, 139
Trd, 4318275.893, 139
Trd, 4318276.193, 124
Trd, 4318276.643, 103
Trd, 4318277.143, 88
Trd, 4318277.343, 137
Trd, 4318278.243, 69
Trd, 4318279.193, 60
Trd, 4318279.443, 60
Trd, 4318279.593, 60
Trd, 4318280.193, 65
Trd, 4318280.993, 64
Trd, 4318281.193, 65
Trd, 4318282.643, 72
Trd, 4318283.593, 65
Trd, 4318284.143, 60
Trd, 4318284.543, 70
Trd, 4318284.693, 70
Trd, 4318285.543, 89
Trd, 4318285.643, 90
Trd, 4318286.093, 60
Trd, 4318286.893, 98
Trd, 4318287.493, 103
Trd, 4318288.043, 139
Trd, 4318290.593, 140
Trd, 4318291.943, 140
Trd, 4318294.093, 140
Trd, 4318294.393, 140
Trd, 4318294.793, 140
Trd, 4318295.193, 140
Trd, 4318295.593, 139
Trd, 4318295.943, 126
Trd, 4318296.243, 77
Trd, 4318296.293, 137
Trd, 4318297.643, 140
Trd, 4318298.893, 140
Trd, 4318301.043, 140
Trd, 4318301.743, 140
Trd, 4318302.893, 140
Trd, 4318303.643, 140
Trd, 4318303.693, 140
Trd, 4318303.993, 138
Trd, 4318304.293, 139
Trd, 4318304.393, 140
Trd, 4318304.493, 104
Trd, 4318305.443, 70
Trd, 4318306.343, 140
Trd, 4318306.843, 140
Trd, 4318306.943, 138
Trd, 4318308.293, 101
Trd, 4318308.593, 60
Trd, 4318309.243, 60
Trd, 4318309.943, 63
Trd, 4318310.193, 62
Trd, 4318311.093, 62
Trd, 4318311.693, 61
Trd, 4318311.943, 63
Trd, 4318312.643, 62
Trd, 4318313.093, 71
Trd, 4318313.343, 66
Trd, 4318315.243, 80
Trd, 4318315.493, 140
Trd, 4318316.443, 140
Trd, 4318316.943, 140
Trd, 4318319.543, 140
Trd, 4318319.943, 140
Trd, 4318321.593, 140
Trd, 4318322.143, 140
Trd, 4318325.243, 140
Trd, 4318325.543, 140
Trd, 4318325.743, 140
Trd, 4318325.993, 140
Trd, 4318326.193, 140
Trd, 4318326.293, 139
Trd, 4318328.643, 140
Trd, 4318329.543, 140
Trd, 4318330.043, 140
Trd, 4318331.243, 140
Trd, 4318331.493, 140
Trd, 4318332.893, 140
Trd, 4318334.693, 140
Trd, 4318335.743, 140
Trd, 4318335.843, 140
Trd, 4318336.043, 140
Trd, 4318337.143, 140
Trd, 4318338.193, 140
Trd, 4318338.593, 140
Trd, 4318339.493, 140
Trd, 4318341.043, 139
Trd, 4318342.743, 140
Trd, 4318343.193, 140
Trd, 4318343.643, 140
Trd, 4318344.293, 140
Trd, 4318344.693, 140
Trd, 4318345.143, 138
Trd, 4318345.443, 139
Trd, 4318345.593, 122
Trd, 4318345.743, 114
Trd, 4318346.993, 140
Trd, 4318347.143, 139
Trd, 4318347.693, 140
Trd, 4318348.343, 138
Trd, 4318349.493, 140
Trd, 4318349.543, 139
Trd, 4318350.243, 112
Trd, 4318354.143, 140
Trd, 4318354.793, 140
Trd, 4318355.493, 140
Trd, 4318357.193, 140
Trd, 4318357.243, 140
Trd, 4318358.943, 140
Trd, 4318359.993, 140
Trd, 4318361.543, 140
Trd, 4318361.993, 140
Trd, 4318363.043, 140
Trd, 4318363.743, 139
Trd, 4318363.993, 140
Trd, 4318364.343, 140
Trd, 4318364.793, 140
Trd, 4318365.693, 140
Trd, 4318365.893, 139
Trd, 4318366.393, 139
Trd, 4318366.543, 138
Trd, 4318367.843, 74
Trd, 4318367.943, 73
Trd, 4318367.993, 138
Trd, 4318368.043, 139
Trd, 4318371.143, 140
Trd, 4318371.243, 140
Trd, 4318371.593, 138
Trd, 4318372.793, 139
Trd, 4318372.993, 124
Trd, 4318373.443, 138
Trd, 4318373.893, 107
Trd, 4318374.693, 135
Trd, 4318374.993, 132
Trd, 4318375.443, 120
Trd, 4318375.493, 137
Trd, 4318377.243, 139
Trd, 4318378.743, 135
Trd, 4318379.143, 140
Trd, 4318379.543, 134
Trd, 4318381.593, 140
Trd, 4318382.343, 140
Trd, 4318383.443, 140
Trd, 4318384.093, 139
Trd, 4318384.443, 140
Trd, 4318384.693, 139
Trd, 4318384.793, 137
Trd, 4318385.793, 138
Trd, 4318387.293, 140
Trd, 4318389.943, 140
Trd, 4318390.193, 140
Trd, 4318390.243, 139
Trd, 4318391.193, 138
Trd, 4318391.543, 136
Trd, 4318392.293, 140
Trd, 4318392.393, 140
Trd, 4318393.443, 140
Trd, 4318395.343, 139
Trd, 4318395.993, 133
Trd, 4318396.043, 140
Trd, 4318396.293, 86
Trd, 4318396.593, 85
Trd, 4318397.493, 138
Trd, 4318398.193, 138
Trd, 4318398.443, 140
Trd, 4318398.743, 137
Trd, 4318398.793, 124
Trd, 4318400.143, 60
Trd, 4318400.743, 96
Trd, 4318401.493, 61
Trd, 4318401.843, 60
Trd, 4318402.593, 60
Trd, 4318402.793, 71
Trd, 4318403.093, 60
Trd, 4318405.793, 140
Trd, 4318406.843, 140
Trd, 4318408.143, 139
Trd, 4318409.493, 140
Trd, 4318411.293, 140
Trd, 4318411.693, 140
Trd, 4318411.843, 139
Trd, 4318412.293, 138
Trd, 4318413.393, 140
Trd, 4318414.493, 140
Trd, 4318415.243, 140
Trd, 4318417.393, 140
Trd, 4318418.693, 140
Trd, 4318418.793, 140
Trd, 4318419.093, 139
Trd, 4318420.743, 140
Trd, 4318421.593, 140
Trd, 4318421.943, 140
Trd, 4318422.393, 140
Trd, 4318423.143, 140
Trd, 4318424.593, 140
Trd, 4318425.743, 140
Trd, 4318427.043, 140
Trd, 4318428.343, 140
Trd, 4318428.543, 139
Trd, 4318428.643, 70
Trd, 4318430.343, 140
Trd, 4318430.443, 140
Trd, 4318431.493, 140
Trd, 4318431.593, 140
Trd, 4318433.093, 140
Trd, 4318433.793, 139
Trd, 4318434.393, 140
Trd, 4318436.893, 140
Trd, 4318437.643, 140
Trd, 4318437.743, 140
Trd, 4318437.793, 140
Trd, 4318437.993, 140
Trd, 4318438.893, 140
Trd, 4318440.993, 140
Trd, 4318441.443, 140
Trd, 4318441.793, 140
Trd, 4318442.693, 140
Trd, 4318443.743, 140
Trd, 4318444.193, 140
Trd, 4318446.193, 140
Trd, 4318447.543, 140
Trd, 4318448.993, 140
Trd, 4318449.643, 140
Trd, 4318450.443, 140
Trd, 4318450.543, 140
Trd, 4318451.843, 140
Trd, 4318452.393, 140
Trd, 4318452.643, 140
Trd, 4318452.843, 140
Trd, 4318453.493, 133
Trd, 4318454.143, 140
Trd, 4318454.843, 101
Trd, 4318454.993, 100
Trd, 4318455.143, 140
Trd, 4318456.443, 113
Trd, 4318456.893, 69
Trd, 4318457.693, 80
Trd, 4318458.043, 109
Trd, 4318459.343, 85
Trd, 4318460.543, 140
Trd, 4318461.743, 140
Trd, 4318463.143, 140
Trd, 4318463.743, 140
Trd, 4318468.693, 140
Trd, 4318468.793, 140
Trd, 4318469.293, 140
Trd, 4318469.693, 140
Trd, 4318470.443, 140
Trd, 4318471.793, 140
Trd, 4318472.093, 140
Trd, 4318472.193, 140
Trd, 4318472.993, 140
Trd, 4318473.843, 135
Trd, 4318474.743, 140
Trd, 4318475.193, 139
Trd, 4318475.293, 81
Trd, 4318475.693, 139
Trd, 4318476.543, 140
Trd, 4318478.743, 140
Trd, 4318479.093, 140
Trd, 4318479.293, 140
Trd, 4318479.443, 136
Trd, 4318479.793, 109
Trd, 4318480.743, 135
Trd, 4318482.393, 132
Trd, 4318483.193, 139
Trd, 4318483.293, 121
Trd, 4318483.493, 140
Trd, 4318487.243, 140
Trd, 4318487.693, 140
Trd, 4318490.493, 140
Trd, 4318491.393, 140
Trd, 4318491.643, 140
Trd, 4318492.193, 140
Trd, 4318492.543, 139
Trd, 4318493.293, 140
Trd, 4318493.443, 140
Trd, 4318495.093, 140
Trd, 4318495.293, 140
Trd, 4318495.593, 140
Trd, 4318495.693, 134
Trd, 4318497.343, 126
Trd, 4318497.643, 129
Trd, 4318498.493, 136
Trd, 4318499.393, 133
Trd, 4318499.743, 107
Trd, 4318500.143, 140
Trd, 4318506.043, 140
Trd, 4318506.343, 140
Trd, 4318506.893, 140
Trd, 4318507.043, 140
Trd, 4318508.893, 140
Trd, 4318509.693, 140
Trd, 4318510.093, 140
Trd, 4318510.893, 139
Trd, 4318511.243, 112
Trd, 4318511.543, 140
Trd, 4318511.593, 89
Trd, 4318512.093, 139
Trd, 4318513.593, 139
Trd, 4318514.093, 140
Trd, 4318514.993, 117
Trd, 4318515.543, 136
Trd, 4318515.943, 96
Trd, 4318516.343, 133
Trd, 4318517.693, 139
Trd, 4318519.193, 140
Trd, 4318519.643, 140
Trd, 4318520.193, 139
Trd, 4318521.443, 140
Trd, 4318522.193, 140
Trd, 4318523.143, 140
Trd, 4318524.943, 140
Trd, 4318525.093, 140
Trd, 4318525.793, 140
Trd, 4318526.393, 140
Trd, 4318527.293, 140
Trd, 4318527.393, 140
Trd, 4318527.893, 138
Trd, 4318528.193, 65
Trd, 4318528.393, 140
Trd, 4318529.393, 65
Trd, 4318530.293, 97
Trd, 4318530.343, 99
Trd, 4318531.743, 140
Trd, 4318533.443, 140
Trd, 4318534.843, 140
Trd, 4318534.993, 140
Trd, 4318535.393, 139
Trd, 4318535.793, 140
Trd, 4318537.093, 138
Trd, 4318537.143, 123
Trd, 4318537.593, 135
Trd, 4318537.793, 67
Trd, 4318541.743, 140
Trd, 4318543.043, 140
Trd, 4318544.943, 140
Trd, 4318545.493, 140
Trd, 4318546.593, 140
Trd, 4318547.293, 140
Trd, 4318548.043, 140
Trd, 4318548.093, 140
Trd, 4318548.843, 140
Trd, 4318549.193, 140
Trd, 4318549.243, 139
Trd, 4318550.343, 140
Trd, 4318550.793, 123
Trd, 4318550.843, 106
Trd, 4318551.843, 90
Trd, 4318552.143, 138
Trd, 4318552.593, 139
Trd, 4318553.943, 140
Trd, 4318554.693, 140
Trd, 4318555.393, 139
Trd, 4318556.243, 139
Trd, 4318557.243, 140
Trd, 4318558.093, 139
Trd, 4318558.543, 139
Trd, 4318559.443, 121
Trd, 4318559.743, 130
Trd, 4318562.293, 140
Trd, 4318562.593, 140
Trd, 4318563.593, 140
Trd, 4318563.643, 139
Trd, 4318564.293, 139
Trd, 4318564.643, 137
Trd, 4318564.893, 84
Trd, 4318565.443, 138
Trd, 4318566.493, 124
Trd, 4318566.943, 108
Trd, 4318567.343, 135
Trd, 4318567.593, 137
Trd, 4318568.693, 80
Trd, 4318569.993, 66
Trd, 4318570.243, 66
Trd, 4318570.593, 60
Trd, 4318570.943, 61
Trd, 4318572.543, 60
Trd, 4318573.593, 60
Trd, 4318573.643, 60
Trd, 4318573.693, 61
Trd, 4318573.893, 62
Trd, 4318574.093, 60
Trd, 4318575.193, 139
Trd, 4318576.193, 139
Trd, 4318577.043, 140
Trd, 4318577.393, 140
Trd, 4318580.143, 140
Trd, 4318582.593, 140
Trd, 4318583.543, 140
Trd, 4318583.943, 140
Trd, 4318584.593, 140
Trd, 4318585.043, 139
Trd, 4318585.743, 140
Trd, 4318585.943, 139
Trd, 4318588.043, 140
Trd, 4318589.043, 140
Trd, 4318589.993, 140
Trd, 4318591.043, 140
Trd, 4318592.343, 140
Trd, 4318592.793, 140
Trd, 4318593.243, 140
Trd, 4318594.343, 138
Trd, 4318594.643, 137
Trd, 4318594.693, 138
Trd, 4318595.043, 81
Trd, 4318595.243, 138
Trd, 4318596.343, 122
Trd, 4318596.893, 139
Trd, 4318596.943, 121
Trd, 4318597.293, 120
Trd, 4318598.993, 138
Trd, 4318601.993, 140
Trd, 4318603.093, 140
Trd, 4318604.143, 140
Trd, 4318604.693, 140
Trd, 4318606.293, 140
Trd, 4318606.693, 140
Trd, 4318608.393, 140
Trd, 4318608.843, 140
Trd, 4318610.543, 140
Trd, 4318611.493, 140
Trd, 4318611.793, 140
Trd, 4318612.893, 140
Trd, 4318613.043, 140
Trd, 4318613.543, 140
Trd, 4318614.493, 140
Trd, 4318615.393, 140
Trd, 4318615.493, 140
Trd, 4318616.243, 139
Trd, 4318616.893, 75
Trd, 4318617.493, 68
Trd, 4318617.693, 80
Trd, 4318617.943, 137
Trd, 4318619.093, 138
Trd, 4318619.643, 140
Trd, 4318620.993, 140
Trd, 4318621.943, 140
Trd, 4318622.243, 140
Trd, 4318622.693, 140
Trd, 4318623.443, 140
Trd, 4318624.643, 140
Trd, 4318625.993, 140
Trd, 4318626.743, 140
Trd, 4318628.743, 140
Trd, 4318629.343, 140
Trd, 4318631.193, 140
Trd, 4318632.393, 140
Trd, 4318632.543, 140
Trd, 4318633.043, 140
Trd, 4318633.693, 140
Trd, 4318633.793, 138
Trd, 4318634.443, 138
Trd, 4318634.993, 134
Trd, 4318635.743, 135
Trd, 4318636.793, 133
Trd, 4318638.593, 140
Trd, 4318638.793, 140
Trd, 4318639.393, 140
Trd, 4318639.943, 139
Trd, 4318641.793, 139
Trd, 4318642.343, 139
Trd, 4318644.143, 132
Trd, 4318645.993, 140
Trd, 4318646.343, 140
Trd, 4318646.393, 140
Trd, 4318647.193, 140
Trd, 4318647.843, 140
Trd, 4318648.243, 110
Trd, 4318648.293, 109
Trd, 4318649.493, 132
Trd, 4318649.993, 100
Trd, 4318650.793, 140
Trd, 4318651.393, 140
Trd, 4318653.693, 140
Trd, 4318653.993, 140
Trd, 4318654.593, 139
Trd, 4318655.693, 140
Trd, 4318656.893, 140
Trd, 4318658.893, 140
Trd, 4318659.043, 139
Trd, 4318659.843, 140
Trd, 4318660.193, 140
Trd, 4318660.993, 138
Trd, 4318662.893, 140
Trd, 4318663.043, 140
Trd, 4318663.193, 139
Trd, 4318663.343, 139
Trd, 4318664.893, 137
Trd, 4318665.693, 76
Trd, 4318666.543, 124
Trd, 4318667.243, 91
Trd, 4318667.343, 123
Trd, 4318667.393, 124
Trd, 4318667.843, 61
Trd, 4318668.193, 140
Trd, 4318669.143, 80
Trd, 4318669.743, 78
Trd, 4318671.093, 140
Trd, 4318671.643, 140
Trd, 4318671.693, 124
Trd, 4318673.143, 134
Trd, 4318674.293, 139
Trd, 4318675.693, 139
Trd, 4318675.893, 137
Trd, 4318676.843, 140
Trd, 4318677.343, 139
Trd, 4318677.743, 139
Trd, 4318677.843, 140
Trd, 4318681.893, 140
Trd, 4318682.093, 140
Trd, 4318682.793, 140
Trd, 4318683.693, 139
Trd, 4318684.843, 140
Trd, 4318686.043, 140
Trd, 4318686.493, 140
Trd, 4318686.593, 140
Trd, 4318687.993, 140
Trd, 4318688.293, 140
Trd, 4318688.993, 137
Trd, 4318689.493, 140
Trd, 4318690.043, 140
Trd, 4318690.793, 138
Trd, 4318691.343, 140
Trd, 4318692.193, 139
Trd, 4318694.443, 140
Trd, 4318694.493, 140
Trd, 4318695.493, 120
Trd, 4318695.593, 86
Trd, 4318697.293, 140
Trd, 4318697.593, 140
Trd, 4318698.393, 140
Trd, 4318698.743, 139
Trd, 4318699.243, 140
Trd, 4318699.743, 138
Trd, 4318701.393, 138
Trd, 4318701.443, 139
Trd, 4318701.493, 106
Trd, 4318701.593, 84
Trd, 4318702.743, 60
Trd, 4318704.193, 88
Trd, 4318704.393, 115
Trd, 4318705.143, 88
Trd, 4318705.543, 139
Trd, 4318706.643, 140
Trd, 4318707.443, 138
Trd, 4318708.793, 136
Trd, 4318709.493, 140
Trd, 4318712.143, 140
Trd, 4318712.343, 140
Trd, 4318712.893, 140
Trd, 4318713.243, 140
Trd, 4318713.593, 140
Trd, 4318713.793, 138
Trd, 4318714.443, 138
Trd, 4318715.093, 135
Trd, 4318715.243, 135
Trd, 4318715.393, 134
Trd, 4318716.043, 127
Trd, 4318716.743, 61
Trd, 4318717.093, 65
Trd, 4318718.093, 70
Trd, 4318720.343, 140
Trd, 4318723.393, 140
Trd, 4318723.943, 140
Trd, 4318724.143, 140
Trd, 4318724.943, 140
Trd, 4318725.293, 140
Trd, 4318726.593, 139
Trd, 4318726.743, 140
Trd, 4318727.043, 139
Trd, 4318727.893, 139
Trd, 4318729.793, 140
Trd, 4318730.493, 140
Trd, 4318731.043, 140
Trd, 4318731.443, 140
Trd, 4318731.793, 140
Trd, 4318733.343, 140
Trd, 4318733.793, 138
Trd, 4318736.243, 140
Trd, 4318736.443, 140
Trd, 4318737.143, 139
Trd, 4318737.293, 139
Trd, 4318739.293, 140
Trd, 4318739.393, 140
Trd, 4318739.743, 140
Trd, 4318739.943, 140
Trd, 4318741.193, 140
Trd, 4318741.993, 140
Trd, 4318742.693, 139
Trd, 4318745.943, 140
Trd, 4318745.993, 140
Trd, 4318746.843, 140
Trd, 4318747.693, 140
Trd, 4318748.043, 139
Trd, 4318749.243, 140
Trd, 4318749.543, 140
Trd, 4318749.743, 140
Trd, 4318749.843, 137
Trd, 4318751.293, 60
Trd, 4318752.093, 60
Trd, 4318752.343, 60
Trd, 4318753.093, 60
Trd, 4318753.343, 60
Trd, 4318753.443, 60
Trd, 4318753.693, 62
Trd, 4318754.893, 63
Trd, 4318755.343, 109
Trd, 4318756.093, 100
Trd, 4318757.843, 140
Trd, 4318758.793, 140
Trd, 4318759.643, 140
Trd, 4318760.293, 140
Trd, 4318760.743, 139
Trd, 4318763.743, 140
Trd, 4318764.793, 140
Trd, 4318765.093, 140
Trd, 4318765.843, 140
Trd, 4318767.643, 140
Trd, 4318767.993, 140
Trd, 4318768.243, 140
Trd, 4318768.343, 139
Trd, 4318768.893, 137
Trd, 4318768.943, 114
Trd, 4318768.993, 69
Trd, 4318769.093, 140
Trd, 4318769.443, 139
Trd, 4318772.443, 140
Trd, 4318773.243, 140
Trd, 4318773.693, 140
Trd, 4318774.393, 140
Trd, 4318775.593, 140
Trd, 4318776.943, 140
Trd, 4318777.843, 140
Trd, 4318778.293, 140
Trd, 4318779.493, 140
Trd, 4318779.693, 140
Trd, 4318780.743, 140
Trd, 4318781.093, 139
Trd, 4318782.543, 140
Trd, 4318783.143, 139
Trd, 4318784.343, 140
Trd, 4318784.893, 140
Trd, 4318785.093, 140
Trd, 4318785.743, 86
Trd, 4318786.743, 140
Trd, 4318787.043, 140
Trd, 4318787.243, 75
Trd, 4318789.293, 140
Trd, 4318789.393, 140
Trd, 4318789.793, 139
Trd, 4318790.543, 140
Trd, 4318790.893, 139
Trd, 4318792.893, 140
Trd, 4318793.093, 138
Trd, 4318793.893, 140
Trd, 4318794.843, 140
Trd, 4318795.743, 140
Trd, 4318796.043, 140
Trd, 4318796.143, 140
Trd, 4318796.543, 138
Trd, 4318796.693, 138
Trd, 4318798.743, 84
Trd, 4318799.843, 100
Trd, 4318800.193, 98
Trd, 4318800.493, 100
Trd, 4318801.043, 95
Trd, 4318802.093, 140
Trd, 4318802.143, 140
Trd, 4318802.643, 140
Trd, 4318805.843, 140
Trd, 4318805.893, 140
Trd, 4318806.443, 140
Trd, 4318807.343, 140
Trd, 4318808.543, 140
Trd, 4318808.993, 140
Trd, 4318809.993, 140
Trd, 4318812.143, 140
Trd, 4318812.293, 140
Trd, 4318812.843, 139
Trd, 4318813.893, 140
Trd, 4318815.143, 140
Trd, 4318815.293, 140
Trd, 4318816.043, 140
Trd, 4318816.293, 139
Trd, 4318816.343, 140
Trd, 4318816.443, 131
Trd, 4318819.193, 140
Trd, 4318820.943, 140
Trd, 4318822.393, 140
Trd, 4318823.243, 140
Trd, 4318823.493, 140
Trd, 4318823.743, 140
Trd, 4318823.793, 140
Trd, 4318824.793, 140
Trd, 4318824.993, 138
Trd, 4318825.343, 109
Trd, 4318826.243, 138
Trd, 4318826.843, 132
Trd, 4318827.593, 100
Trd, 4318827.893, 60
Trd, 4318828.993, 140
Trd, 4318829.843, 140
Trd, 4318831.143, 140
Trd, 4318832.043, 140
Trd, 4318832.643, 140
Trd, 4318834.793, 140
Trd, 4318836.493, 140
Trd, 4318836.793, 140
Trd, 4318836.893, 138
Trd, 4318837.993, 140
Trd, 4318838.443, 139
Trd, 4318839.143, 140
Trd, 4318839.343, 140
Trd, 4318840.543, 104
Trd, 4318841.093, 102
Trd, 4318841.193, 104
Trd, 4318841.743, 140
Trd, 4318842.743, 140
Trd, 4318843.143, 100
Trd, 4318846.593, 140
Trd, 4318846.693, 140
Trd, 4318846.893, 140
Trd, 4318848.243, 140
Trd, 4318848.443, 140
Trd, 4318848.943, 140
Trd, 4318848.993, 138
Trd, 4318851.493, 140
Trd, 4318851.543, 140
Trd, 4318851.743, 140
Trd, 4318852.093, 139
Trd, 4318852.593, 139
Trd, 4318852.643, 138
Trd, 4318852.793, 111
Trd, 4318853.793, 140
Trd, 4318853.893, 139
Trd, 4318855.143, 104
Trd, 4318855.343, 138
Trd, 4318856.343, 63
Trd, 4318857.043, 138
Trd, 4318858.493, 140
Trd, 4318859.193, 126
Trd, 4318859.593, 94
Trd, 4318860.593, 140
Trd, 4318861.743, 140
Trd, 4318864.693, 139
Trd, 4318866.143, 140
Trd, 4318866.593, 140
Trd, 4318866.693, 139
Trd, 4318867.393, 84
Trd, 4318867.743, 84
Trd, 4318867.843, 85
Trd, 4318867.893, 62
Trd, 4318868.143, 140
Trd, 4318869.193, 65
Trd, 4318869.343, 65
Trd, 4318869.443, 66
Trd, 4318870.843, 120
Trd, 4318871.743, 122
Trd, 4318873.743, 140
Trd, 4318873.843, 140
Trd, 4318874.343, 138
Trd, 4318874.493, 137
Trd, 4318875.993, 140
Trd, 4318876.293, 140
Trd, 4318876.793, 140
Trd, 4318878.943, 140
Trd, 4318879.493, 138
Trd, 4318879.643, 123
Trd, 4318879.843, 131
Trd, 4318880.893, 140
Trd, 4318881.893, 70
Trd, 4318881.943, 77
Trd, 4318882.643, 69
Trd, 4318883.043, 60
Trd, 4318885.193, 60
Trd, 4318885.493, 60
Trd, 4318885.643, 60
Trd, 4318886.043, 67
Trd, 4318886.543, 140
Trd, 4318886.943, 70
Trd, 4318888.793, 61
Trd, 4318889.493, 60
Trd, 4318889.743, 60
Trd, 4318890.343, 66
Trd, 4318890.843, 76
Trd, 4318891.293, 74
Trd, 4318892.093, 65
Trd, 4318892.393, 77
Trd, 4318892.643, 101
Trd, 4318895.093, 60
Trd, 4318895.193, 62
Trd, 4318896.143, 61
Trd, 4318896.243, 63
Trd, 4318897.343, 61
Trd, 4318897.593, 63
Trd, 4318898.443, 139
Trd, 4318900.493, 140
Trd, 4318901.193, 140
Trd, 4318901.493, 140
Trd, 4318901.543, 133
Trd, 4318905.643, 140
Trd, 4318906.343, 140
Trd, 4318907.043, 140
Trd, 4318907.743, 140
Trd, 4318910.093, 140
Trd, 4318910.743, 140
Trd, 4318911.143, 139
Trd, 4318911.443, 140
Trd, 4318912.793, 129
Trd, 4318913.593, 140
Trd, 4318914.043, 140
Trd, 4318914.543, 139
Trd, 4318914.743, 137
Trd, 4318915.493, 88
Trd, 4318915.843, 130
Trd, 4318918.243, 140
Trd, 4318920.243, 140
Trd, 4318920.443, 140
Trd, 4318920.943, 140
Trd, 4318921.043, 140
Trd, 4318921.693, 139
Trd, 4318923.893, 140
Trd, 4318924.093, 140
Trd, 4318924.243, 140
Trd, 4318924.443, 139
Trd, 4318924.743, 138
Trd, 4318925.943, 140
Trd, 4318926.343, 140
Trd, 4318926.543, 140
Trd, 4318926.693, 108
Trd, 4318927.543, 138
Trd, 4318928.843, 136
Trd, 4318929.443, 97
Trd, 4318931.343, 140
Trd, 4318931.893, 140
Trd, 4318932.043, 106
Trd, 4318933.443, 140
Trd, 4318934.643, 140
Trd, 4318935.643, 140
Trd, 4318936.043, 140
Trd, 4318936.293, 140
Trd, 4318936.843, 139
Trd, 4318938.693, 140
Trd, 4318938.843, 140
Trd, 4318939.093, 140
Trd, 4318939.743, 135
Trd, 4318940.443, 139
Trd, 4318940.893, 140
Trd, 4318942.093, 76
Trd, 4318943.193, 139
Trd, 4318943.893, 137
Trd, 4318945.043, 140
Trd, 4318946.143, 140
Trd, 4318947.693, 140
Trd, 4318949.243, 140
Trd, 4318949.543, 140
Trd, 4318950.893, 140
Trd, 4318951.293, 140
Trd, 4318951.743, 140
Trd, 4318951.793, 140
Trd, 4318951.893, 140
Trd, 4318952.393, 102
Trd, 4318952.843, 139
Trd, 4318952.893, 89
Trd, 4318954.643, 140
Trd, 4318955.343, 139
Trd, 4318957.993, 140
Trd, 4318958.193, 139
Trd, 4318960.493, 140
Trd, 4318961.043, 140
Trd, 4318961.743, 140
Trd, 4318961.943, 140
Trd, 4318962.193, 140
Trd, 4318962.393, 140
Trd, 4318962.593, 140
Trd, 4318962.693, 123
Trd, 4318963.193, 140
Trd, 4318964.743, 140
Trd, 4318965.343, 140
Trd, 4318966.343, 140
Trd, 4318967.043, 140
Trd, 4318967.293, 140
Trd, 4318969.943, 140
Trd, 4318970.393, 140
Trd, 4318970.993, 139
Trd, 4318971.143, 139
Trd, 4318971.343, 140
Trd, 4318971.493, 99
Trd, 4318971.843, 140
Trd, 4318971.993, 81
Trd, 4318972.893, 140
Trd, 4318973.593, 140
Trd, 4318975.343, 80
Trd, 4318976.393, 105
Trd, 4318976.893, 79
Trd, 4318977.343, 102
Trd, 4318977.793, 82
Trd, 4318977.893, 78
Trd, 4318978.593, 61
Trd, 4318978.843, 60
Trd, 4318979.343, 62
Trd, 4318980.043, 76
Trd, 4318981.343, 62
Trd, 4318983.093, 140
Trd, 4318984.043, 140
Trd, 4318985.793, 140
Trd, 4318986.543, 140
Trd, 4318986.793, 140
Trd, 4318987.293, 140
Trd, 4318987.793, 140
Trd, 4318988.193, 140
Trd, 4318988.643, 140
Trd, 4318989.043, 140
Trd, 4318990.193, 103
Trd, 4318991.243, 140
Trd, 4318992.293, 140
Trd, 4318993.393, 139
Trd, 4318994.243, 140
Trd, 4318994.743, 140
Trd, 4318994.993, 140
Trd, 4318995.493, 140
Trd, 4318996.193, 138
Trd, 4318997.193, 139
Trd, 4318997.493, 139
Trd, 4318997.543, 136
Trd, 4318998.643, 91
Trd, 4319000.643, 140
Trd, 4319001.393, 140
Trd, 4319002.293, 140
Trd, 4319002.343, 140
Trd, 4319002.393, 140
Trd, 4319003.043, 139
Trd, 4319003.393, 140
Trd, 4319003.543, 138
Trd, 4319004.693, 140
Trd, 4319005.143, 140
Trd, 4319006.243, 133
Trd, 4319007.393, 139
Trd, 4319007.843, 140
Trd, 4319008.843, 110
Trd, 4319009.693, 140
Trd, 4319010.843, 140
Trd, 4319011.393, 140
Trd, 4319012.143, 140
Trd, 4319012.493, 103
Trd, 4319013.243, 139
Trd, 4319013.393, 139
Trd, 4319013.443, 134
Trd, 4319015.693, 140
Trd, 4319016.393, 140
Trd, 4319016.643, 140
Trd, 4319017.043, 138
Trd, 4319017.443, 137
Trd, 4319017.693, 135
Trd, 4319017.893, 130
Trd, 4319019.993, 140
Trd, 4319021.443, 140
Trd, 4319023.243, 140
Trd, 4319023.893, 140
Trd, 4319024.243, 140
Trd, 4319024.843, 139
Trd, 4319024.993, 139
Trd, 4319025.843, 139
Trd, 4319029.043, 140
Trd, 4319030.093, 140
Trd, 4319030.193, 139
Trd, 4319031.143, 138
Trd, 4319031.793, 140
Trd, 4319032.243, 140
Trd, 4319032.643, 140
Trd, 4319032.743, 140
Trd, 4319033.293, 140
Trd, 4319033.443, 139
Trd, 4319034.493, 140
Trd, 4319035.393, 131
Trd, 4319035.743, 140
Trd, 4319036.793, 140
Trd, 4319037.943, 140
Trd, 4319039.993, 139
Trd, 4319040.343, 138
Trd, 4319041.193, 140
Trd, 4319042.143, 138
Trd, 4319042.943, 139
Trd, 4319043.143, 139
Trd, 4319045.093, 140
Trd, 4319045.493, 140
Trd, 4319046.293, 140
Trd, 4319046.543, 140
Trd, 4319047.543, 138
Trd, 4319048.943, 140
Trd, 4319050.293, 140
Trd, 4319050.643, 140
Trd, 4319051.043, 139
Trd, 4319051.893, 134
Trd, 4319052.243, 131
Trd, 4319052.893, 130
Trd, 4319053.393, 123
Trd, 4319053.643, 61
Trd, 4319054.193, 60
Trd, 4319054.293, 62
Trd, 4319056.443, 140
Trd, 4319058.193, 140
Trd, 4319058.493, 139
Trd, 4319060.393, 140
Trd, 4319062.293, 140
Trd, 4319062.343, 140
Trd, 4319062.943, 139
Trd, 4319063.593, 139
Trd, 4319063.743, 139
Trd, 4319064.593, 123
Trd, 4319065.443, 133
Trd, 4319065.593, 136
Trd, 4319066.293, 134
Trd, 4319067.743, 129
Trd, 4319068.343, 129
Trd, 4319068.493, 129
Trd, 4319069.093, 138
Trd, 4319070.793, 129
Trd, 4319071.043, 138
Trd, 4319071.593, 75
Trd, 4319072.193, 82
Trd, 4319072.243, 81
Trd, 4319073.243, 140
Trd, 4319073.543, 139
Trd, 4319076.543, 140
Trd, 4319076.593, 139
Trd, 4319078.943, 140
Trd, 4319079.593, 140
Trd, 4319079.893, 139
Trd, 4319080.743, 140
Trd, 4319080.893, 140
Trd, 4319081.493, 139
Trd, 4319081.743, 140
Trd, 4319082.443, 140
Trd, 4319083.293, 140
Trd, 4319084.893, 140
Trd, 4319086.693, 140
Trd, 4319088.093, 140
Trd, 4319089.543, 140
Trd, 4319090.143, 140
Trd, 4319090.243, 140
Trd, 4319091.493, 140
Trd, 4319092.143, 62
Trd, 4319092.493, 139
Trd, 4319093.343, 94
Trd, 4319093.893, 63
Trd, 4319094.993, 139
Trd, 4319097.093, 140
Trd, 4319097.143, 140
Trd, 4319097.893, 140
Trd, 4319098.743, 140
Trd, 4319098.793, 140
Trd, 4319099.493, 121
Trd, 4319100.093, 140
Trd, 4319102.743, 140
Trd, 4319103.993, 140
Trd, 4319104.543, 140
Trd, 4319106.793, 140
Trd, 4319106.843, 140
Trd, 4319106.893, 139
Trd, 4319107.243, 140
Trd, 4319107.993, 139
Trd, 4319108.893, 131
Trd, 4319109.893, 139
Trd, 4319110.543, 140
Trd, 4319111.443, 140
Trd, 4319112.593, 60
Trd, 4319112.743, 61
Trd, 4319113.143, 62
Trd, 4319114.343, 60
Trd, 4319114.543, 61
Trd, 4319115.343, 76
Trd, 4319115.743, 78
Trd, 4319116.993, 137
Trd, 4319119.343, 140
Trd, 4319119.793, 140
Trd, 4319119.943, 140
Trd, 4319119.993, 139
Trd, 4319120.343, 66
Trd, 4319121.143, 67
Trd, 4319122.693, 140
Trd, 4319122.943, 138
Trd, 4319123.293, 140
Trd, 4319123.593, 117
Trd, 4319125.193, 140
Trd, 4319127.593, 140
Trd, 4319128.293, 139
Trd, 4319129.043, 140
Trd, 4319129.693, 139
Trd, 4319130.593, 140
Trd, 4319131.443, 140
Trd, 4319132.443, 140
Trd, 4319133.893, 140
Trd, 4319135.893, 140
Trd, 4319136.693, 139
Trd, 4319136.793, 140
Trd, 4319138.293, 140
Trd, 4319138.943, 140
Trd, 4319140.043, 140
Trd, 4319142.493, 140
Trd, 4319142.643, 140
Trd, 4319143.193, 140
Trd, 4319143.243, 139
Trd, 4319145.293, 140
Trd, 4319146.493, 140
Trd, 4319146.793, 140
Trd, 4319149.593, 140
Trd, 4319149.643, 140
Trd, 4319150.043, 140
Trd, 4319150.543, 140
Trd, 4319152.143, 140
Trd, 4319152.543, 139
Trd, 4319154.743, 140
Trd, 4319154.793, 138
Trd, 4319156.693, 140
Trd, 4319156.993, 139
Trd, 4319157.693, 138
Trd, 4319157.993, 140
Trd, 4319159.293, 75
Trd, 4319159.593, 70
Trd, 4319160.993, 133
Trd, 4319161.043, 134
Trd, 4319161.093, 104
Trd, 4319161.343, 78
Trd, 4319162.743, 101
Trd, 4319162.843, 129
Trd, 4319164.793, 62
Trd, 4319165.143, 125
Trd, 4319165.493, 127
Trd, 4319165.943, 71
Trd, 4319168.293, 140
Trd, 4319168.793, 139
Trd, 4319169.193, 140
Trd, 4319169.343, 140
Trd, 4319171.093, 140
Trd, 4319171.493, 140
Trd, 4319171.643, 140
Trd, 4319173.193, 140
Trd, 4319174.093, 140
Trd, 4319175.043, 140
Trd, 4319175.593, 140
Trd, 4319175.793, 139
Trd, 4319176.043, 139
Trd, 4319176.293, 138
Trd, 4319177.443, 77
Trd, 4319177.743, 100
Trd, 4319177.843, 139
Trd, 4319181.543, 140
Trd, 4319181.993, 140
Trd, 4319182.893, 140
Trd, 4319183.743, 140
Trd, 4319183.943, 137
Trd, 4319184.593, 138
Trd, 4319185.243, 137
Trd, 4319186.593, 140
Trd, 4319188.243, 140
Trd, 4319189.993, 140
Trd, 4319190.143, 140
Trd, 4319190.493, 140
Trd, 4319192.393, 140
Trd, 4319192.793, 140
Trd, 4319193.043, 140
Trd, 4319193.093, 140
Trd, 4319193.693, 140
Trd, 4319196.193, 140
Trd, 4319196.243, 140
Trd, 4319197.943, 140
Trd, 4319200.143, 140
Trd, 4319200.543, 140
Trd, 4319201.593, 140
Trd, 4319202.593, 140
Trd, 4319202.743, 139
Trd, 4319203.093, 139
Trd, 4319203.393, 139
Trd, 4319203.993, 140
Trd, 4319204.093, 134
Trd, 4319206.043, 140
Trd, 4319206.893, 140
Trd, 4319206.993, 137
Trd, 4319207.493, 140
Trd, 4319208.543, 140
Trd, 4319208.743, 128
Trd, 4319209.293, 96
Trd, 4319210.493, 138
Trd, 4319212.343, 140
Trd, 4319212.993, 140
Trd, 4319214.993, 140
Trd, 4319215.393, 140
Trd, 4319217.993, 140
Trd, 4319219.043, 140
Trd, 4319219.643, 140
Trd, 4319219.843, 139
Trd, 4319220.143, 139
Trd, 4319221.493, 134
Trd, 4319221.593, 136
Trd, 4319221.843, 133
Trd, 4319222.443, 137
Trd, 4319223.243, 118
Trd, 4319223.293, 110
Trd, 4319223.943, 77
Trd, 4319224.093, 65
Trd, 4319224.293, 78
Trd, 4319227.993, 140
Trd, 4319228.943, 140
Trd, 4319229.443, 140
Trd, 4319229.993, 140
Trd, 4319230.893, 140
Trd, 4319232.193, 140
Trd, 4319232.843, 140
Trd, 4319234.593, 140
Trd, 4319234.693, 140
Trd, 4319237.243, 140
Trd, 4319237.393, 139
Trd, 4319237.943, 139
Trd, 4319238.493, 130
Trd, 4319240.593, 140
Trd, 4319240.943, 140
Trd, 4319241.393, 139
Trd, 4319242.293, 140
Trd, 4319242.793, 140
Trd, 4319243.993, 140
Trd, 4319244.293, 140
Trd, 4319245.643, 140
Trd, 4319245.993, 140
Trd, 4319246.543, 140
Trd, 4319246.643, 140
Trd, 4319247.643, 140
Trd, 4319248.043, 139
Trd, 4319248.743, 140
Trd, 4319248.793, 138
Trd, 4319250.193, 140
Trd, 4319251.643, 140
Trd, 4319252.793, 60
Trd, 4319253.443, 60
Trd, 4319253.693, 61
Trd, 4319254.093, 66
Trd, 4319255.043, 112
Trd, 4319255.343, 133
Trd, 4319256.293, 133
Trd, 4319257.193, 72
Trd, 4319258.393, 86
Trd, 4319258.593, 131
Trd, 4319258.943, 134
Trd, 4319259.443, 124
Trd, 4319259.693, 135
Trd, 4319260.243, 122
Trd, 4319260.593, 136
Trd, 4319260.793, 139
Trd, 4319262.543, 123
Trd, 4319263.393, 124
Trd, 4319264.393, 93
Trd, 4319264.443, 84
Trd, 4319266.593, 140
Trd, 4319267.993, 140
Trd, 4319268.293, 140
Trd, 4319268.543, 140
Trd, 4319268.943, 139
Trd, 4319269.343, 99
Trd, 4319270.343, 62
Trd, 4319270.543, 63
Trd, 4319271.043, 60
Trd, 4319272.893, 116
Trd, 4319274.943, 140
Trd, 4319275.793, 140
Trd, 4319276.243, 140
Trd, 4319276.443, 140
Trd, 4319278.193, 140
Trd, 4319278.793, 140
Trd, 4319280.293, 140
Trd, 4319280.643, 140
Trd, 4319281.693, 140
Trd, 4319282.143, 140
Trd, 4319282.393, 139
Trd, 4319282.543, 133
Trd, 4319283.243, 102
Trd, 4319283.443, 117
Trd, 4319284.093, 140
Trd, 4319284.343, 140
Trd, 4319285.043, 78
Trd, 4319285.143, 63
Trd, 4319286.443, 139
Trd, 4319289.843, 140
Trd, 4319289.943, 140
Trd, 4319290.293, 140
Trd, 4319291.043, 140
Trd, 4319291.343, 139
Trd, 4319292.243, 140
Trd, 4319293.543, 140
Trd, 4319293.793, 140
Trd, 4319294.843, 138
Trd, 4319295.993, 136
Trd, 4319296.593, 137
Trd, 4319297.693, 140
Trd, 4319298.443, 140
Trd, 4319298.943, 140
Trd, 4319299.893, 140
Trd, 4319299.993, 140
Trd, 4319300.743, 140
Trd, 4319303.693, 140
Trd, 4319303.993, 140
Trd, 4319306.593, 140
Trd, 4319307.293, 140
Trd, 4319307.843, 140
Trd, 4319308.343, 140
Trd, 4319308.393, 136
Trd, 4319308.993, 140
Trd, 4319309.743, 139
Trd, 4319310.443, 88
Trd, 4319310.843, 88
Trd, 4319311.443, 89
Trd, 4319311.543, 94
Trd, 4319313.493, 107
Trd, 4319313.593, 136
Trd, 4319313.693, 104
Trd, 4319314.343, 136
Trd, 4319315.793, 134
Trd, 4319315.993, 128
Trd, 4319316.093, 127
Trd, 4319316.443, 140
Trd, 4319316.743, 140
Trd, 4319317.793, 140
Trd, 4319319.143, 137
Trd, 4319319.843, 140
Trd, 4319321.643, 140
Trd, 4319321.793, 140
Trd, 4319322.443, 140
Trd, 4319322.693, 140
Trd, 4319323.293, 139
Trd, 4319325.393, 140
Trd, 4319326.793, 140
Trd, 4319328.343, 140
Trd, 4319330.743, 140
Trd, 4319332.093, 140
Trd, 4319332.193, 140
Trd, 4319332.293, 140
Trd, 4319332.593, 140
Trd, 4319333.093, 140
Trd, 4319333.893, 140
Trd, 4319334.293, 140
Trd, 4319335.393, 139
Trd, 4319335.693, 137
Trd, 4319336.393, 112
Trd, 4319336.793, 140
Trd, 4319337.243, 140
Trd, 4319337.743, 140
Trd, 4319338.293, 137
Trd, 4319339.793, 140
Trd, 4319341.443, 140
Trd, 4319343.193, 140
Trd, 4319343.443, 140
Trd, 4319343.993, 140
Trd, 4319344.393, 140
Trd, 4319346.643, 140
Trd, 4319347.193, 140
Trd, 4319347.293, 140
Trd, 4319347.843, 139
Trd, 4319348.143, 134
Trd, 4319348.293, 90
Trd, 4319348.993, 77
Trd, 4319349.243, 133
Trd, 4319350.993, 139
Trd, 4319351.293, 137
Trd, 4319351.393, 134
Trd, 4319351.593, 62
Trd, 4319352.743, 120
Trd, 4319353.343, 133
Trd, 4319353.443, 134
Trd, 4319353.893, 134
Trd, 4319353.993, 136
Trd, 4319354.443, 140
Trd, 4319355.043, 64
Trd, 4319356.043, 60
Trd, 4319356.493, 60
Trd, 4319356.943, 78
Trd, 4319358.093, 140
Trd, 4319358.193, 140
Trd, 4319360.493, 140
Trd, 4319361.143, 139
Trd, 4319361.343, 138
Trd, 4319362.793, 140
Trd, 4319363.893, 140
Trd, 4319364.693, 140
Trd, 4319366.643, 140
Trd, 4319366.993, 140
Trd, 4319367.443, 140
Trd, 4319368.843, 140
Trd, 4319368.993, 140
Trd, 4319370.143, 140
Trd, 4319370.843, 140
Trd, 4319371.343, 140
Trd, 4319373.293, 140
Trd, 4319373.793, 139
Trd, 4319375.843, 140
Trd, 4319376.593, 140
Trd, 4319377.043, 140
Trd, 4319377.343, 140
Trd, 4319377.793, 140
Trd, 4319378.093, 140
Trd, 4319379.443, 140
Trd, 4319380.993, 140
Trd, 4319381.093, 140
Trd, 4319381.593, 140
Trd, 4319381.643, 140
Trd, 4319383.243, 140
Trd, 4319383.343, 140
Trd, 4319384.743, 139
Trd, 4319384.793, 137
Trd, 4319385.093, 140
Trd, 4319385.793, 125
Trd, 4319386.593, 136
Trd, 4319387.443, 138
Trd, 4319387.793, 140
Trd, 4319388.193, 139
Trd, 4319389.343, 140
Trd, 4319390.543, 138
Trd, 4319392.393, 140
Trd, 4319392.593, 140
Trd, 4319392.793, 139
Trd, 4319393.593, 92
Trd, 4319394.493, 140
Trd, 4319394.543, 139
Trd, 4319394.643, 140
Trd, 4319396.193, 65
Trd, 4319396.543, 75
Trd, 4319396.693, 61
Trd, 4319396.943, 75
Trd, 4319398.843, 71
Trd, 4319398.993, 71
Trd, 4319399.043, 74
Trd, 4319399.443, 62
Trd, 4319400.593, 60
Trd, 4319400.743, 67
Trd, 4319402.243, 61
Trd, 4319402.443, 67
Trd, 4319402.993, 68
Trd, 4319406.143, 140
Trd, 4319406.493, 140
Trd, 4319407.393, 140
Trd, 4319407.693, 139
Trd, 4319409.043, 139
Trd, 4319409.193, 139
Trd, 4319409.843, 140
Trd, 4319411.643, 140
Trd, 4319412.893, 140
Trd, 4319412.943, 140
Trd, 4319412.993, 140
Trd, 4319413.943, 138
Trd, 4319414.793, 138
Trd, 4319414.843, 140
Trd, 4319416.193, 140
Trd, 4319416.443, 139
Trd, 4319416.843, 137
Trd, 4319417.093, 104
Trd, 4319419.443, 133
Trd, 4319419.543, 137
Trd, 4319420.043, 140
Trd, 4319420.643, 139
Trd, 4319423.593, 140
Trd, 4319424.493, 139
Trd, 4319425.043, 140
Trd, 4319425.343, 140
Trd, 4319425.993, 140
Trd, 4319426.743, 140
Trd, 4319427.793, 140
Trd, 4319428.293, 140
Trd, 4319428.443, 139
Trd, 4319428.493, 139
Trd, 4319428.793, 139
Trd, 4319429.943, 64
Trd, 4319431.743, 139
Trd, 4319431.893, 139
Trd, 4319432.193, 140
Trd, 4319432.593, 140
Trd, 4319433.043, 137
Trd, 4319433.143, 121
Trd, 4319433.193, 140
Trd, 4319433.893, 134
Trd, 4319435.643, 140
Trd, 4319435.843, 129
Trd, 4319436.443, 60
Trd, 4319437.643, 65
Trd, 4319438.093, 66
Trd, 4319438.543, 62
Trd, 4319439.943, 83
Trd, 4319441.743, 120
Trd, 4319442.143, 120
Trd, 4319442.193, 121
Trd, 4319442.443, 139
Trd, 4319443.193, 84
Trd, 4319444.843, 140
Trd, 4319445.093, 140
Trd, 4319445.943, 88
Trd, 4319446.593, 60
Trd, 4319446.693, 60
Trd, 4319447.093, 60
Trd, 4319448.843, 60
Trd, 4319448.893, 60
Trd, 4319449.293, 60
Trd, 4319449.693, 64
Trd, 4319449.793, 65
Trd, 4319451.443, 137
Trd, 4319451.643, 135
Trd, 4319452.293, 140
Trd, 4319453.993, 140
Trd, 4319455.443, 140
Trd, 4319455.993, 140
Trd, 4319456.043, 140
Trd, 4319456.643, 122
Trd, 4319457.293, 140
Trd, 4319457.843, 140
Trd, 4319459.143, 139
Trd, 4319460.593, 134
Trd, 4319463.243, 140
Trd, 4319463.293, 139
Trd, 4319464.093, 140
Trd, 4319464.193, 138
Trd, 4319464.793, 138
Trd, 4319465.593, 134
Trd, 4319465.843, 115
Trd, 4319466.743, 139
Trd, 4319467.843, 140
Trd, 4319468.543, 140
Trd, 4319468.893, 117
Trd, 4319469.393, 97
Trd, 4319470.193, 91
Trd, 4319470.593, 109
Trd, 4319472.193, 140
Trd, 4319473.443, 140
Trd, 4319473.943, 140
Trd, 4319474.193, 140
Trd, 4319474.943, 140
Trd, 4319476.093, 140
Trd, 4319478.393, 140
Trd, 4319480.293, 140
Trd, 4319480.443, 140
Trd, 4319481.043, 140
Trd, 4319481.693, 139
Trd, 4319482.143, 140
Trd, 4319484.093, 140
Trd, 4319485.443, 140
Trd, 4319486.543, 140
Trd, 4319486.843, 140
Trd, 4319486.943, 140
Trd, 4319486.993, 138
Trd, 4319487.443, 137
Trd, 4319488.143, 140
Trd, 4319488.743, 140
Trd, 4319489.093, 139
Trd, 4319490.293, 140
Trd, 4319490.943, 137
Trd, 4319492.143, 138
Trd, 4319494.543, 140
Trd, 4319494.993, 140
Trd, 4319495.543, 140
Trd, 4319495.643, 140
Trd, 4319497.893, 140
Trd, 4319497.993, 140
Trd, 4319499.143, 139
Trd, 4319499.243, 138
Trd, 4319500.843, 140
Trd, 4319502.893, 140
Trd, 4319504.443, 140
Trd, 4319504.643, 140
Trd, 4319505.443, 140
Trd, 4319505.693, 140
Trd, 4319507.143, 140
Trd, 4319508.343, 140
Trd, 4319508.543, 140
Trd, 4319509.543, 140
Trd, 4319509.793, 140
Trd, 4319510.143, 140
Trd, 4319510.643, 140
Trd, 4319511.343, 140
Trd, 4319511.393, 102
Trd, 4319512.243, 61
Trd, 4319512.693, 60
Trd, 4319516.493, 140
Trd, 4319516.893, 140
Trd, 4319517.693, 139
Trd, 4319519.093, 140
Trd, 4319519.293, 140
Trd, 4319519.343, 140
Trd, 4319519.493, 137
Trd, 4319520.493, 104
Trd, 4319521.043, 131
Trd, 4319521.743, 106
Trd, 4319522.093, 139
Trd, 4319522.793, 139
Trd, 4319523.543, 139
Trd, 4319524.793, 135
Trd, 4319524.993, 140
Trd, 4319526.393, 140
Trd, 4319527.593, 140
Trd, 4319528.093, 74
Trd, 4319528.593, 140
Trd, 4319528.743, 140
Trd, 4319529.793, 140
Trd, 4319530.493, 140
Trd, 4319531.793, 140
Trd, 4319531.843, 135
Trd, 4319531.943, 88
Trd, 4319531.993, 85
Trd, 4319533.893, 138
Trd, 4319534.393, 140
Trd, 4319536.643, 140
Trd, 4319536.693, 140
Trd, 4319536.793, 139
Trd, 4319536.993, 140
Trd, 4319537.243, 140
Trd, 4319538.193, 139
Trd, 4319539.043, 133
Trd, 4319539.093, 73
Trd, 4319539.143, 134
Trd, 4319539.843, 84
Trd, 4319540.093, 62
Trd, 4319541.593, 131
Trd, 4319541.793, 133
Trd, 4319542.543, 124
Trd, 4319543.143, 91
Trd, 4319543.693, 60
Trd, 4319543.793, 60
Trd, 4319545.493, 140
Trd, 4319545.693, 140
Trd, 4319546.693, 138
Trd, 4319549.143, 140
Trd, 4319549.443, 140
Trd, 4319549.643, 138
Trd, 4319550.093, 138
Trd, 4319550.243, 139
Trd, 4319550.893, 125
Trd, 4319551.343, 134
Trd, 4319551.493, 124
Trd, 4319552.143, 133
Trd, 4319552.543, 67
Trd, 4319555.593, 140
Trd, 4319556.743, 140
Trd, 4319557.043, 140
Trd, 4319557.643, 140
Trd, 4319557.743, 140
Trd, 4319558.043, 140
Trd, 4319559.443, 140
Trd, 4319559.693, 140
Trd, 4319559.893, 139
Trd, 4319560.143, 138
Trd, 4319561.043, 136
Trd, 4319561.243, 138
Trd, 4319561.993, 89
Trd, 4319563.193, 60
Trd, 4319564.093, 62
Trd, 4319564.543, 68
Trd, 4319565.093, 67
Trd, 4319566.843, 138
Trd, 4319569.593, 140
Trd, 4319569.993, 140
Trd, 4319570.693, 140
Trd, 4319571.143, 140
Trd, 4319571.543, 139
Trd, 4319571.943, 137
Trd, 4319572.443, 131
Trd, 4319572.543, 138
Trd, 4319574.243, 61
Trd, 4319574.393, 61
Trd, 4319574.543, 65
Trd, 4319574.893, 68
Trd, 4319575.643, 103
Trd, 4319577.443, 140
Trd, 4319579.843, 140
Trd, 4319579.993, 140
Trd, 4319580.293, 140
Trd, 4319582.643, 140
Trd, 4319583.593, 140
Trd, 4319584.193, 140
Trd, 4319586.143, 140
Trd, 4319586.843, 137
Trd, 4319588.043, 140
Trd, 4319588.893, 137
Trd, 4319589.993, 140
Trd, 4319590.643, 135
Trd, 4319591.193, 135
Trd, 4319591.643, 107
Trd, 4319591.943, 139
Trd, 4319591.993, 105
Trd, 4319592.793, 138
Trd, 4319593.543, 140
Trd, 4319593.843, 118
Trd, 4319595.743, 140
Trd, 4319597.293, 140
Trd, 4319598.243, 140
Trd, 4319598.393, 140
Trd, 4319598.443, 140
Trd, 4319598.893, 139
Trd, 4319599.893, 138
Trd, 4319600.093, 139
Trd, 4319600.943, 138
Trd, 4319601.543, 60
Trd, 4319602.693, 81
Trd, 4319604.993, 140
Trd, 4319605.293, 140
Trd, 4319605.943, 139
Trd, 4319606.143, 139
Trd, 4319606.693, 139
Trd, 4319606.893, 139
Trd, 4319608.793, 140
Trd, 4319609.043, 140
Trd, 4319609.443, 139
Trd, 4319610.893, 139
Trd, 4319611.593, 137
Trd, 4319614.643, 140
Trd, 4319615.043, 140
Trd, 4319615.643, 139
Trd, 4319617.993, 139
Trd, 4319618.743, 140
Trd, 4319619.043, 133
Trd, 4319619.643, 126
Trd, 4319619.993, 140
Trd, 4319620.493, 140
Trd, 4319620.993, 140
Trd, 4319621.793, 139
Trd, 4319622.393, 64
Trd, 4319623.293, 130
Trd, 4319623.743, 80
Trd, 4319624.043, 132
Trd, 4319624.543, 71
Trd, 4319626.043, 89
Trd, 4319626.543, 94
Trd, 4319628.243, 140
Trd, 4319629.543, 140
Trd, 4319629.693, 140
Trd, 4319630.543, 139
Trd, 4319632.343, 140
Trd, 4319633.643, 140
Trd, 4319635.693, 140
Trd, 4319637.243, 140
Trd, 4319637.293, 140
Trd, 4319637.343, 140
Trd, 4319637.593, 140
Trd, 4319637.843, 140
Trd, 4319638.693, 140
Trd, 4319639.243, 140
Trd, 4319639.993, 140
Trd, 4319640.193, 140
Trd, 4319641.543, 139
Trd, 4319642.043, 127
Trd, 4319642.693, 130
Trd, 4319642.943, 132
Trd, 4319642.993, 79
Trd, 4319643.693, 130
Trd, 4319645.293, 139
Trd, 4319645.693, 109
Trd, 4319646.243, 110
Trd, 4319647.293, 60
Trd, 4319647.343, 60
Trd, 4319647.393, 60
Trd, 4319647.543, 60
Trd, 4319649.593, 140
Trd, 4319650.843, 138
Trd, 4319650.993, 69
Trd, 4319651.743, 60
Trd, 4319652.593, 60
Trd, 4319652.793, 60
Trd, 4319653.893, 60
Trd, 4319655.143, 138
Trd, 4319656.043, 123
Trd, 4319656.143, 134
Trd, 4319656.793, 130
Trd, 4319657.493, 67
Trd, 4319659.493, 140
Trd, 4319660.143, 140
Trd, 4319661.043, 140
Trd, 4319661.893, 82
Trd, 4319664.043, 140
Trd, 4319665.093, 140
Trd, 4319667.393, 140
Trd, 4319667.543, 140
Trd, 4319668.143, 140
Trd, 4319668.643, 140
Trd, 4319669.393, 140
Trd, 4319669.743, 140
Trd, 4319671.193, 140
Trd, 4319671.243, 140
Trd, 4319672.193, 96
Trd, 4319672.293, 99
Trd, 4319673.243, 140
Trd, 4319673.393, 136
Trd, 4319673.993, 138
Trd, 4319675.943, 140
Trd, 4319675.993, 140
Trd, 4319676.343, 140
Trd, 4319677.543, 140
Trd, 4319678.493, 122
Trd, 4319681.643, 140
Trd, 4319681.943, 140
Trd, 4319682.093, 140
Trd, 4319684.443, 140
Trd, 4319685.693, 140
Trd, 4319686.393, 140
Trd, 4319687.343, 140
Trd, 4319687.793, 139
Trd, 4319688.643, 139
Trd, 4319689.193, 139
Trd, 4319689.393, 129
Trd, 4319690.043, 138
Trd, 4319690.343, 140
Trd, 4319691.243, 140
Trd, 4319692.293, 140
Trd, 4319693.243, 139
Trd, 4319693.893, 140
Trd, 4319694.343, 140
Trd, 4319695.093, 140
Trd, 4319698.543, 140
Trd, 4319699.593, 140
Trd, 4319699.643, 140
Trd, 4319700.293, 140
Trd, 4319701.943, 140
Trd, 4319702.943, 140
Trd, 4319702.993, 140
Trd, 4319703.243, 138
Trd, 4319705.893, 140
Trd, 4319706.193, 140
Trd, 4319707.843, 140
Trd, 4319708.643, 139
Trd, 4319710.393, 140
Trd, 4319710.543, 140
Trd, 4319713.093, 140
Trd, 4319713.443, 140
Trd, 4319713.793, 140
Trd, 4319713.943, 139
Trd, 4319714.443, 76
Trd, 4319714.643, 140
Trd, 4319715.093, 140
Trd, 4319716.243, 123
Trd, 4319716.793, 140
Trd, 4319717.193, 139
Trd, 4319717.543, 125
Trd, 4319717.743, 83
Trd, 4319720.393, 140
Trd, 4319720.843, 140
Trd, 4319721.043, 140
Trd, 4319721.093, 139
Trd, 4319721.393, 133
Trd, 4319722.093, 140
Trd, 4319723.593, 138
Trd, 4319724.593, 140
Trd, 4319725.293, 140
Trd, 4319726.643, 139
Trd, 4319729.943, 140
Trd, 4319730.093, 140
Trd, 4319730.693, 140
Trd, 4319731.443, 140
Trd, 4319733.043, 140
Trd, 4319733.793, 140
Trd, 4319734.143, 138
Trd, 4319734.943, 140
Trd, 4319735.093, 140
Trd, 4319735.293, 139
Trd, 4319736.393, 140
Trd, 4319737.893, 140
Trd, 4319738.693, 140
Trd, 4319738.793, 140
Trd, 4319738.893, 108
Trd, 4319739.443, 140
Trd, 4319741.193, 140
Trd, 4319741.543, 138
Trd, 4319743.293, 139
Trd, 4319744.243, 140
Trd, 4319744.343, 140
Trd, 4319745.343, 140
Trd, 4319747.093, 140
Trd, 4319747.293, 140
Trd, 4319747.893, 140
Trd, 4319748.593, 140
Trd, 4319749.043, 139
Trd, 4319749.493, 140
Trd, 4319750.443, 139
Trd, 4319750.943, 107
Trd, 4319751.293, 140
Trd, 4319751.493, 139
Trd, 4319752.543, 140
Trd, 4319753.043, 139
Trd, 4319755.043, 140
Trd, 4319755.393, 139
Trd, 4319755.893, 139
Trd, 4319757.343, 138
Trd, 4319758.143, 114
Trd, 4319758.793, 138
Trd, 4319759.143, 61
Trd, 4319760.393, 140
Trd, 4319761.143, 140
Trd, 4319763.443, 140
Trd, 4319763.893, 140
Trd, 4319765.343, 140
Trd, 4319766.093, 140
Trd, 4319766.443, 139
Trd, 4319767.043, 139
Trd, 4319767.793, 140
Trd, 4319769.093, 140
Trd, 4319769.193, 140
Trd, 4319769.343, 138
Trd, 4319770.093, 139
Trd, 4319770.193, 140
Trd, 4319770.393, 137
Trd, 4319772.343, 138
Trd, 4319773.393, 139
Trd, 4319775.193, 140
Trd, 4319775.943, 140
Trd, 4319776.043, 140
Trd, 4319776.843, 117
Trd, 4319777.343, 116
Trd, 4319777.793, 136
Trd, 4319782.493, 140
Trd, 4319783.243, 140
Trd, 4319783.343, 140
Trd, 4319783.943, 140
Trd, 4319784.543, 140
Trd, 4319784.893, 139
Trd, 4319784.993, 138
Trd, 4319785.393, 139
Trd, 4319787.443, 140
Trd, 4319787.843, 140
Trd, 4319787.893, 138
Trd, 4319788.543, 119
Trd, 4319789.493, 138
Trd, 4319792.193, 140
Trd, 4319792.693, 140
Trd, 4319792.793, 140
Trd, 4319793.043, 139
Trd, 4319795.343, 140
Trd, 4319796.343, 140
Trd, 4319796.443, 140
Trd, 4319796.843, 140
Trd, 4319796.943, 140
Trd, 4319798.443, 140
Trd, 4319799.693, 140
Trd, 4319800.443, 140
Trd, 4319800.543, 140
Trd, 4319801.943, 140
Trd, 4319802.943, 140
Trd, 4319803.293, 140
Trd, 4319803.443, 140
Trd, 4319805.143, 140
Trd, 4319805.593, 140
Trd, 4319806.193, 138
Trd, 4319806.743, 139
Trd, 4319807.293, 123
Trd, 4319807.393, 123
Trd, 4319809.843, 62
Trd, 4319810.193, 63
Trd, 4319810.643, 120
Trd, 4319812.143, 140
Trd, 4319812.593, 140
Trd, 4319812.643, 140
Trd, 4319816.393, 140
Trd, 4319817.243, 140
Trd, 4319818.743, 140
Trd, 4319820.243, 140
Trd, 4319820.893, 140
Trd, 4319821.243, 140
Trd, 4319821.793, 139
Trd, 4319823.743, 140
Trd, 4319824.793, 140
Trd, 4319824.993, 140
Trd, 4319825.793, 140
Trd, 4319825.993, 140
Trd, 4319826.443, 140
Trd, 4319827.193, 140
Trd, 4319827.693, 139
Trd, 4319830.093, 140
Trd, 4319831.143, 140
Trd, 4319831.943, 140
Trd, 4319832.293, 140
Trd, 4319832.393, 140
Trd, 4319832.593, 140
Trd, 4319833.793, 140
Trd, 4319834.743, 140
Trd, 4319834.843, 139
Trd, 4319836.993, 140
Trd, 4319837.193, 140
Trd, 4319837.793, 139
Trd, 4319838.593, 134
Trd, 4319838.893, 138
Trd, 4319839.243, 136
Trd, 4319839.893, 115
Trd, 4319840.793, 67
Trd, 4319840.943, 68
Trd, 4319841.643, 109
Trd, 4319841.743, 136
Trd, 4319842.343, 140
Trd, 4319844.193, 138
Trd, 4319844.393, 139
Trd, 4319844.643, 76
Trd, 4319848.243, 140
Trd, 4319850.093, 140
Trd, 4319850.893, 140
Trd, 4319851.593, 140
Trd, 4319852.293, 140
Trd, 4319852.393, 140
Trd, 4319852.793, 139
Trd, 4319854.693, 140
Trd, 4319855.493, 139
Trd, 4319855.593, 99
Trd, 4319856.293, 140
Trd, 4319857.043, 140
Trd, 4319858.343, 140
Trd, 4319859.793, 140
Trd, 4319860.293, 140
Trd, 4319861.543, 140
Trd, 4319861.993, 140
Trd, 4319862.893, 140
Trd, 4319864.443, 140
Trd, 4319865.093, 140
Trd, 4319865.643, 138
Trd, 4319866.243, 138
Trd, 4319867.543, 140
Trd, 4319868.193, 140
Trd, 4319870.043, 140
Trd, 4319870.193, 140
Trd, 4319870.493, 117
Trd, 4319870.843, 127
Trd, 4319871.543, 132
Trd, 4319871.793, 133
Trd, 4319872.693, 131
Trd, 4319873.843, 140
Trd, 4319874.493, 140
Trd, 4319874.593, 139
Trd, 4319876.293, 140
Trd, 4319877.993, 140
Trd, 4319878.893, 140
Trd, 4319880.343, 140
Trd, 4319881.393, 140
Trd, 4319881.493, 140
Trd, 4319882.143, 140
Trd, 4319882.843, 140
Trd, 4319883.793, 140
Trd, 4319884.643, 140
Trd, 4319885.743, 124
Trd, 4319886.093, 84
Trd, 4319887.043, 140
Trd, 4319887.143, 140
Trd, 4319887.543, 140
Trd, 4319887.993, 140
Trd, 4319888.443, 140
Trd, 4319888.593, 138
Trd, 4319890.393, 140
Trd, 4319890.993, 140
Trd, 4319891.743, 72
Trd, 4319891.793, 97
Trd, 4319892.793, 138
Trd, 4319893.443, 139
Trd, 4319894.343, 140
Trd, 4319895.693, 140
Trd, 4319896.693, 140
Trd, 4319896.743, 140
Trd, 4319897.743, 140
Trd, 4319898.193, 69
Trd, 4319898.343, 88
Trd, 4319899.093, 137
Trd, 4319900.593, 140
Trd, 4319901.693, 140
Trd, 4319902.043, 138
Trd, 4319902.543, 60
Trd, 4319903.243, 73
Trd, 4319903.543, 74
Trd, 4319905.093, 140
Trd, 4319906.243, 140
Trd, 4319906.843, 140
Trd, 4319907.493, 140
Trd, 4319907.843, 140
Trd, 4319910.143, 140
Trd, 4319911.843, 140
Trd, 4319912.293, 140
Trd, 4319915.043, 140
Trd, 4319915.643, 140
Trd, 4319916.643, 140
Trd, 4319917.343, 140
Trd, 4319917.543, 140
Trd, 4319918.293, 140
Trd, 4319920.493, 140
Trd, 4319920.643, 140
Trd, 4319923.543, 140
Trd, 4319925.043, 140
Trd, 4319925.343, 140
Trd, 4319926.393, 140
Trd, 4319926.493, 140
Trd, 4319927.093, 140
Trd, 4319928.643, 140
Trd, 4319928.993, 140
Trd, 4319929.143, 140
Trd, 4319929.243, 140
Trd, 4319930.043, 139
Trd, 4319930.143, 138
Trd, 4319932.043, 120
Trd, 4319932.493, 84
Trd, 4319934.943, 140
Trd, 4319936.193, 140
Trd, 4319936.343, 140
Trd, 4319937.093, 140
Trd, 4319939.143, 140
Trd, 4319939.243, 140
Trd, 4319939.293, 140
Trd, 4319940.293, 94
Trd, 4319940.443, 138
Trd, 4319940.693, 137
Trd, 4319940.993, 70
Trd, 4319942.693, 125
Trd, 4319942.793, 134
Trd, 4319942.843, 137
Trd, 4319944.593, 140
Trd, 4319946.743, 140
Trd, 4319948.293, 140
Trd, 4319948.343, 140
Trd, 4319950.343, 140
Trd, 4319950.593, 140
Trd, 4319950.943, 140
Trd, 4319951.443, 140
Trd, 4319951.593, 140
Trd, 4319952.443, 140
Trd, 4319954.593, 140
Trd, 4319954.793, 140
Trd, 4319954.893, 140
Trd, 4319956.143, 140
Trd, 4319956.493, 138
Trd, 4319957.343, 138
Trd, 4319958.393, 135
Trd, 4319959.793, 99
Trd, 4319959.943, 140
Trd, 4319960.593, 138
Trd, 4319960.693, 98
Trd, 4319963.293, 140
Trd, 4319964.093, 140
Trd, 4319964.643, 139
Trd, 4319964.793, 139
Trd, 4319965.443, 139
Trd, 4319965.743, 107
Trd, 4319966.993, 62
Trd, 4319967.043, 64
Trd, 4319968.743, 140
Trd, 4319969.043, 140
Trd, 4319970.293, 138
Trd, 4319970.893, 139
Trd, 4319971.443, 139
Trd, 4319974.343, 140
Trd, 4319974.393, 140
Trd, 4319975.043, 140
Trd, 4319975.543, 140
Trd, 4319976.993, 140
Trd, 4319977.443, 140
Trd, 4319979.193, 140
Trd, 4319979.943, 140
Trd, 4319980.593, 140
Trd, 4319981.743, 139
Trd, 4319981.793, 139
Trd, 4319982.543, 138
Trd, 4319984.193, 140
Trd, 4319985.093, 140
Trd, 4319985.343, 140
Trd, 4319985.743, 138
Trd, 4319986.043, 86
Trd, 4319986.143, 85
Trd, 4319987.193, 83
Trd, 4319987.393, 140
Trd, 4319988.293, 139
Trd, 4319989.143, 137
Trd, 4319989.543, 101
Trd, 4319990.343, 137
Trd, 4319990.693, 140
Trd, 4319992.643, 140
Trd, 4319993.243, 140
Trd, 4319994.393, 140
Trd, 4319995.143, 140
Trd, 4319995.343, 140
Trd, 4319995.693, 138
Trd, 4319999.343, 140
Trd, 4319999.893, 140
