Trd, 4318172.043, 61
Trd, 4318172.243, 63
Trd, 4318172.343, 64
Trd, 4318172.443, 61
Trd, 4318172.493, 65
Trd, 4318173.293, 63
Trd, 4318174.293, 62
Trd, 4318174.443, 64
Trd, 4318174.743, 140
Trd, 4318175.443, 64
Trd, 4318176.043, 67
Trd, 4318177.543, 60
Trd, 4318178.643, 60
Trd, 4318179.093, 61
Trd, 4318179.343, 60
Trd, 4318179.943, 61
Trd, 4318179.993, 62
Trd, 4318180.843, 64
Trd, 4318181.443, 61
Trd, 4318181.893, 60
Trd, 4318181.943, 73
Trd, 4318182.243, 140
Trd, 4318184.093, 62
Trd, 4318184.543, 71
Trd, 4318184.743, 70
Trd, 4318184.843, 114
Trd, 4318185.143, 62
Trd, 4318187.043, 67
Trd, 4318187.543, 140
Trd, 4318187.593, 140
Trd, 4318187.743, 92
Trd, 4318188.693, 63
Trd, 4318190.243, 62
Trd, 4318191.143, 61
Trd, 4318191.493, 63
Trd, 4318191.543, 66
Trd, 4318191.593, 66
Trd, 4318191.993, 66
Trd, 4318192.693, 63
Trd, 4318193.543, 140
Trd, 4318193.943, 75
Trd, 4318194.393, 71
Trd, 4318195.343, 80
Trd, 4318195.493, 75
Trd, 4318196.093, 74
Trd, 4318196.643, 134
Trd, 4318197.343, 134
Trd, 4318197.443, 133
Trd, 4318199.343, 140
Trd, 4318199.543, 140
Trd, 4318199.943, 140
Trd, 4318200.543, 140
Trd, 4318200.743, 140
Trd, 4318201.193, 140
Trd, 4318201.243, 125
Trd, 4318201.893, 111
Trd, 4318202.093, 110
Trd, 4318202.793, 140
Trd, 4318203.143, 110
Trd, 4318204.043, 72
Trd, 4318204.543, 61
Trd, 4318205.093, 63
Trd, 4318205.993, 85
Trd, 4318206.243, 61
Trd, 4318206.993, 139
Trd, 4318207.893, 129
Trd, 4318207.943, 85
Trd, 4318208.143, 138
Trd, 4318209.643, 93
Trd, 4318209.693, 82
Trd, 4318210.043, 124
Trd, 4318210.343, 138
Trd, 4318211.043, 139
Trd, 4318211.093, 132
Trd, 4318212.693, 139
Trd, 4318212.943, 77
Trd, 4318213.543, 140
Trd, 4318213.643, 75
Trd, 4318214.443, 139
Trd, 4318215.093, 89
Trd, 4318215.593, 121
Trd, 4318215.643, 84
Trd, 4318216.643, 62
Trd, 4318216.893, 140
Trd, 4318217.593, 65
Trd, 4318217.793, 73
Trd, 4318218.243, 130
Trd, 4318219.693, 60
Trd, 4318220.943, 61
Trd, 4318221.693, 60
Trd, 4318221.943, 112
Trd, 4318222.843, 64
Trd, 4318224.393, 60
Trd, 4318224.893, 62
Trd, 4318225.543, 62
Trd, 4318225.593, 63
Trd, 4318225.793, 65
Trd, 4318226.343, 61
Trd, 4318227.043, 62
Trd, 4318228.193, 60
Trd, 4318228.493, 60
Trd, 4318228.693, 61
Trd, 4318229.243, 69
Trd, 4318229.793, 63
Trd, 4318230.043, 68
Trd, 4318230.843, 64
Trd, 4318230.893, 70
Trd, 4318232.143, 60
Trd, 4318232.593, 68
Trd, 4318233.193, 60
Trd, 4318233.793, 61
Trd, 4318234.543, 60
Trd, 4318235.893, 60
Trd, 4318235.943, 60
Trd, 4318236.093, 61
Trd, 4318238.043, 60
Trd, 4318239.493, 60
Trd, 4318239.693, 60
Trd, 4318240.543, 61
Trd, 4318240.593, 61
Trd, 4318241.143, 61
Trd, 4318243.043, 63
Trd, 4318243.093, 63
Trd, 4318243.343, 61
Trd, 4318243.493, 77
Trd, 4318244.293, 60
Trd, 4318247.593, 61
Trd, 4318247.743, 65
Trd, 4318248.893, 60
Trd, 4318250.443, 66
Trd, 4318250.943, 60
Trd, 4318251.043, 67
Trd, 4318251.743, 62
Trd, 4318251.993, 62
Trd, 4318253.093, 64
Trd, 4318253.293, 62
Trd, 4318254.443, 61
Trd, 4318254.543, 60
Trd, 4318255.243, 62
Trd, 4318255.493, 63
Trd, 4318256.343, 66
Trd, 4318257.193, 130
Trd, 4318257.543, 61
Trd, 4318257.893, 140
Trd, 4318258.193, 67
Trd, 4318258.993, 134
Trd, 4318259.493, 134
Trd, 4318259.993, 133
Trd, 4318260.643, 139
Trd, 4318260.843, 77
Trd, 4318261.743, 122
Trd, 4318262.743, 140
Trd, 4318263.093, 115
Trd, 4318263.593, 139
Trd, 4318264.093, 140
Trd, 4318264.543, 61
Trd, 4318264.793, 61
Trd, 4318266.293, 60
Trd, 4318266.693, 61
Trd, 4318266.993, 65
Trd, 4318267.543, 71
Trd, 4318268.393, 140
Trd, 4318268.893, 140
Trd, 4318270.293, 140
Trd, 4318270.343, 140
Trd, 4318270.793, 140
Trd, 4318271.243, 140
Trd, 4318271.543, 64
Trd, 4318272.393, 90
Trd, 4318272.943, 139
Trd, 4318273.893, 81
Trd, 4318274.193, 82
Trd, 4318274.443, 79
Trd, 4318275.143, 60
Trd, 4318275.593, 60
Trd, 4318276.543, 60
Trd, 4318276.693, 61
Trd, 4318277.643, 61
Trd, 4318280.743, 61
Trd, 4318280.993, 61
Trd, 4318281.193, 61
Trd, 4318281.893, 63
Trd, 4318282.343, 61
Trd, 4318282.393, 61
Trd, 4318282.543, 69
Trd, 4318282.643, 60
Trd, 4318283.143, 62
Trd, 4318284.143, 61
Trd, 4318286.143, 60
Trd, 4318286.393, 60
Trd, 4318286.493, 64
Trd, 4318287.493, 62
Trd, 4318287.743, 64
Trd, 4318290.193, 60
Trd, 4318290.593, 60
Trd, 4318290.793, 62
Trd, 4318291.193, 61
Trd, 4318292.493, 60
Trd, 4318292.593, 60
Trd, 4318293.793, 65
Trd, 4318294.443, 61
Trd, 4318294.543, 64
Trd, 4318295.393, 60
Trd, 4318296.243, 65
Trd, 4318296.493, 126
Trd, 4318296.543, 63
Trd, 4318296.993, 140
Trd, 4318297.043, 69
Trd, 4318298.393, 122
Trd, 4318298.593, 121
Trd, 4318299.343, 61
Trd, 4318300.143, 62
Trd, 4318300.893, 61
Trd, 4318302.243, 64
Trd, 4318302.693, 65
Trd, 4318302.893, 65
Trd, 4318303.293, 60
Trd, 4318304.343, 140
Trd, 4318304.843, 140
Trd, 4318305.093, 140
Trd, 4318305.393, 138
Trd, 4318306.693, 140
Trd, 4318306.843, 139
Trd, 4318306.943, 104
Trd, 4318307.393, 64
Trd, 4318308.143, 61
Trd, 4318309.693, 61
Trd, 4318309.993, 66
Trd, 4318310.093, 97
Trd, 4318311.243, 64
Trd, 4318311.693, 140
Trd, 4318311.743, 139
Trd, 4318313.093, 61
Trd, 4318313.543, 60
Trd, 4318314.143, 130
Trd, 4318314.543, 66
Trd, 4318314.743, 63
Trd, 4318315.393, 62
Trd, 4318315.843, 139
Trd, 4318316.593, 139
Trd, 4318317.093, 115
Trd, 4318318.043, 61
Trd, 4318319.043, 140
Trd, 4318320.293, 60
Trd, 4318320.643, 62
Trd, 4318321.343, 60
Trd, 4318322.743, 61
Trd, 4318323.493, 63
Trd, 4318324.293, 61
Trd, 4318325.693, 60
Trd, 4318326.093, 60
Trd, 4318326.443, 60
Trd, 4318326.693, 60
Trd, 4318327.593, 61
Trd, 4318327.643, 67
Trd, 4318328.693, 64
Trd, 4318329.093, 65
Trd, 4318330.143, 62
Trd, 4318330.343, 60
Trd, 4318330.743, 60
Trd, 4318331.693, 60
Trd, 4318332.043, 63
Trd, 4318333.743, 60
Trd, 4318334.443, 62
Trd, 4318334.893, 61
Trd, 4318336.543, 60
Trd, 4318336.943, 61
Trd, 4318337.143, 62
Trd, 4318337.393, 65
Trd, 4318337.593, 64
Trd, 4318337.693, 62
Trd, 4318337.793, 66
Trd, 4318338.093, 107
Trd, 4318338.393, 93
Trd, 4318338.443, 60
Trd, 4318339.643, 72
Trd, 4318340.943, 61
Trd, 4318341.243, 60
Trd, 4318342.043, 62
Trd, 4318342.693, 60
Trd, 4318344.343, 60
Trd, 4318344.493, 60
Trd, 4318344.843, 64
Trd, 4318345.343, 61
Trd, 4318345.993, 61
Trd, 4318346.493, 62
Trd, 4318346.543, 60
Trd, 4318346.643, 82
Trd, 4318346.993, 60
Trd, 4318347.893, 140
Trd, 4318347.993, 140
Trd, 4318350.343, 62
Trd, 4318350.643, 63
Trd, 4318351.043, 64
Trd, 4318351.643, 67
Trd, 4318353.093, 60
Trd, 4318353.393, 60
Trd, 4318353.693, 62
Trd, 4318353.843, 61
Trd, 4318354.843, 97
Trd, 4318356.443, 60
Trd, 4318356.893, 61
Trd, 4318357.443, 60
Trd, 4318357.643, 63
Trd, 4318358.543, 62
Trd, 4318358.743, 65
Trd, 4318358.793, 67
Trd, 4318359.293, 60
Trd, 4318359.843, 76
Trd, 4318360.743, 65
Trd, 4318361.893, 60
Trd, 4318361.943, 65
Trd, 4318363.293, 62
Trd, 4318364.243, 60
Trd, 4318365.143, 64
Trd, 4318365.693, 60
Trd, 4318366.793, 60
Trd, 4318367.793, 63
Trd, 4318368.743, 61
Trd, 4318369.043, 66
Trd, 4318370.243, 60
Trd, 4318370.443, 60
Trd, 4318370.693, 67
Trd, 4318371.393, 60
Trd, 4318371.443, 62
Trd, 4318371.493, 73
Trd, 4318372.593, 66
Trd, 4318373.243, 67
Trd, 4318374.743, 60
Trd, 4318375.543, 60
Trd, 4318375.793, 64
Trd, 4318377.243, 61
Trd, 4318377.893, 63
Trd, 4318378.143, 66
Trd, 4318379.093, 73
Trd, 4318379.593, 60
Trd, 4318379.993, 60
Trd, 4318380.143, 63
Trd, 4318381.093, 83
Trd, 4318381.393, 76
Trd, 4318382.943, 61
Trd, 4318383.793, 60
Trd, 4318383.943, 63
Trd, 4318385.293, 60
Trd, 4318385.793, 60
Trd, 4318386.143, 60
Trd, 4318386.743, 60
Trd, 4318388.443, 60
Trd, 4318390.143, 65
Trd, 4318390.793, 60
Trd, 4318391.543, 63
Trd, 4318391.893, 62
Trd, 4318391.993, 61
Trd, 4318392.143, 68
Trd, 4318392.893, 136
Trd, 4318393.593, 136
Trd, 4318393.893, 111
Trd, 4318394.243, 80
Trd, 4318394.793, 72
Trd, 4318395.243, 140
Trd, 4318395.593, 72
Trd, 4318396.543, 72
Trd, 4318396.943, 70
Trd, 4318396.993, 129
Trd, 4318397.393, 61
Trd, 4318398.993, 60
Trd, 4318399.693, 61
Trd, 4318401.193, 60
Trd, 4318401.993, 63
Trd, 4318402.093, 63
Trd, 4318402.143, 67
Trd, 4318403.293, 60
Trd, 4318404.293, 63
Trd, 4318405.193, 61
Trd, 4318405.943, 60
Trd, 4318406.143, 61
Trd, 4318406.393, 63
Trd, 4318407.243, 60
Trd, 4318408.493, 60
Trd, 4318408.693, 61
Trd, 4318409.743, 60
Trd, 4318409.793, 61
Trd, 4318410.743, 61
Trd, 4318411.393, 67
Trd, 4318411.543, 65
Trd, 4318412.493, 64
Trd, 4318413.343, 68
Trd, 4318413.493, 120
Trd, 4318413.743, 62
Trd, 4318414.743, 139
Trd, 4318414.993, 68
Trd, 4318415.893, 140
Trd, 4318415.943, 140
Trd, 4318416.343, 140
Trd, 4318417.043, 140
Trd, 4318417.543, 139
Trd, 4318417.793, 138
Trd, 4318419.143, 61
Trd, 4318420.293, 63
Trd, 4318420.343, 63
Trd, 4318420.993, 72
Trd, 4318422.043, 61
Trd, 4318422.293, 62
Trd, 4318422.493, 71
Trd, 4318424.343, 61
Trd, 4318424.593, 61
Trd, 4318425.793, 64
Trd, 4318425.843, 70
Trd, 4318426.393, 66
Trd, 4318427.143, 65
Trd, 4318427.593, 66
Trd, 4318428.093, 63
Trd, 4318428.793, 63
Trd, 4318429.143, 62
Trd, 4318429.793, 68
Trd, 4318430.943, 63
Trd, 4318431.593, 60
Trd, 4318432.843, 61
Trd, 4318432.893, 61
Trd, 4318433.693, 61
Trd, 4318433.943, 72
Trd, 4318434.643, 60
Trd, 4318435.043, 60
Trd, 4318435.243, 60
Trd, 4318436.743, 65
Trd, 4318437.543, 139
Trd, 4318437.793, 66
Trd, 4318438.443, 60
Trd, 4318439.543, 60
Trd, 4318439.643, 63
Trd, 4318439.993, 64
Trd, 4318440.543, 70
Trd, 4318441.043, 61
Trd, 4318441.793, 140
Trd, 4318442.293, 140
Trd, 4318442.643, 71
Trd, 4318443.193, 69
Trd, 4318443.643, 73
Trd, 4318444.543, 62
Trd, 4318444.993, 66
Trd, 4318445.393, 60
Trd, 4318445.943, 65
Trd, 4318447.393, 84
Trd, 4318448.143, 62
Trd, 4318448.493, 65
Trd, 4318450.893, 63
Trd, 4318452.643, 61
Trd, 4318452.893, 62
Trd, 4318453.343, 60
Trd, 4318453.743, 63
Trd, 4318454.793, 62
Trd, 4318455.593, 60
Trd, 4318456.193, 60
Trd, 4318456.493, 60
Trd, 4318457.393, 60
Trd, 4318457.893, 61
Trd, 4318457.993, 63
Trd, 4318459.343, 61
Trd, 4318460.443, 60
Trd, 4318460.593, 62
Trd, 4318460.843, 64
Trd, 4318461.193, 62
Trd, 4318462.093, 64
Trd, 4318462.243, 60
Trd, 4318462.843, 60
Trd, 4318463.693, 60
Trd, 4318465.193, 61
Trd, 4318465.993, 60
Trd, 4318466.293, 62
Trd, 4318466.893, 62
Trd, 4318467.943, 62
Trd, 4318468.443, 67
Trd, 4318470.943, 61
Trd, 4318471.543, 61
Trd, 4318472.293, 61
Trd, 4318472.493, 60
Trd, 4318474.543, 60
Trd, 4318475.293, 60
Trd, 4318477.393, 60
Trd, 4318477.593, 60
Trd, 4318478.643, 60
Trd, 4318478.943, 60
Trd, 4318479.293, 61
Trd, 4318479.493, 61
Trd, 4318479.993, 62
Trd, 4318480.343, 63
Trd, 4318481.093, 73
Trd, 4318481.193, 62
Trd, 4318481.943, 132
Trd, 4318482.093, 109
Trd, 4318484.243, 60
Trd, 4318484.393, 61
Trd, 4318485.143, 67
Trd, 4318485.243, 74
Trd, 4318486.443, 60
Trd, 4318486.493, 61
Trd, 4318486.743, 139
Trd, 4318486.893, 60
Trd, 4318487.093, 139
Trd, 4318488.893, 122
Trd, 4318489.243, 139
Trd, 4318489.693, 122
Trd, 4318489.743, 121
Trd, 4318491.143, 60
Trd, 4318491.243, 60
Trd, 4318491.543, 61
Trd, 4318492.793, 61
Trd, 4318493.693, 60
Trd, 4318495.193, 62
Trd, 4318495.493, 99
Trd, 4318496.493, 62
Trd, 4318497.193, 60
Trd, 4318497.243, 63
Trd, 4318497.293, 69
Trd, 4318498.493, 60
Trd, 4318498.743, 66
Trd, 4318499.693, 64
Trd, 4318500.293, 62
Trd, 4318501.593, 64
Trd, 4318501.643, 67
Trd, 4318501.843, 63
Trd, 4318501.943, 69
Trd, 4318502.793, 71
Trd, 4318503.093, 82
Trd, 4318503.193, 61
Trd, 4318504.193, 74
Trd, 4318505.743, 78
Trd, 4318506.543, 60
Trd, 4318507.543, 62
Trd, 4318508.093, 66
Trd, 4318508.293, 70
Trd, 4318508.743, 64
Trd, 4318509.393, 64
Trd, 4318509.643, 68
Trd, 4318510.943, 62
Trd, 4318511.493, 61
Trd, 4318512.293, 64
Trd, 4318514.343, 61
Trd, 4318516.093, 60
Trd, 4318516.443, 60
Trd, 4318517.043, 60
Trd, 4318517.293, 61
Trd, 4318517.493, 61
Trd, 4318517.993, 61
Trd, 4318518.893, 60
Trd, 4318520.243, 60
Trd, 4318520.493, 60
Trd, 4318520.843, 60
Trd, 4318521.843, 63
Trd, 4318522.293, 62
Trd, 4318522.643, 60
Trd, 4318523.443, 61
Trd, 4318524.343, 61
Trd, 4318524.743, 62
Trd, 4318525.143, 65
Trd, 4318525.393, 60
Trd, 4318526.393, 139
Trd, 4318526.993, 139
Trd, 4318527.493, 65
Trd, 4318528.993, 61
Trd, 4318529.293, 61
Trd, 4318529.543, 73
Trd, 4318529.793, 61
Trd, 4318530.343, 60
Trd, 4318530.943, 73
Trd, 4318531.093, 62
Trd, 4318532.343, 60
Trd, 4318532.843, 60
Trd, 4318532.943, 61
Trd, 4318533.893, 62
Trd, 4318534.843, 60
Trd, 4318535.843, 60
Trd, 4318536.893, 60
Trd, 4318537.593, 62
Trd, 4318537.793, 61
Trd, 4318539.643, 60
Trd, 4318540.143, 60
Trd, 4318540.693, 61
Trd, 4318541.843, 60
Trd, 4318542.193, 61
Trd, 4318542.943, 61
Trd, 4318543.343, 61
Trd, 4318543.793, 62
Trd, 4318544.143, 63
Trd, 4318544.343, 67
Trd, 4318544.993, 60
Trd, 4318545.293, 66
Trd, 4318546.043, 65
Trd, 4318546.793, 62
Trd, 4318547.143, 61
Trd, 4318547.993, 61
Trd, 4318548.443, 60
Trd, 4318549.093, 62
Trd, 4318549.993, 61
Trd, 4318550.693, 61
Trd, 4318551.443, 60
Trd, 4318552.343, 60
Trd, 4318552.443, 67
Trd, 4318553.993, 63
Trd, 4318555.243, 60
Trd, 4318555.343, 61
Trd, 4318555.693, 61
Trd, 4318556.893, 61
Trd, 4318557.443, 60
Trd, 4318557.843, 62
Trd, 4318557.943, 62
Trd, 4318558.693, 61
Trd, 4318559.043, 64
Trd, 4318560.543, 61
Trd, 4318562.193, 61
Trd, 4318562.943, 60
Trd, 4318563.843, 61
Trd, 4318564.693, 61
Trd, 4318565.443, 61
Trd, 4318565.593, 62
Trd, 4318566.243, 63
Trd, 4318566.843, 61
Trd, 4318567.793, 60
Trd, 4318567.993, 65
Trd, 4318568.843, 61
Trd, 4318568.943, 65
Trd, 4318570.043, 61
Trd, 4318570.643, 61
Trd, 4318570.893, 62
Trd, 4318572.743, 60
Trd, 4318573.243, 60
Trd, 4318573.543, 61
Trd, 4318573.893, 61
Trd, 4318574.343, 72
Trd, 4318575.243, 60
Trd, 4318575.743, 60
Trd, 4318575.843, 64
Trd, 4318576.443, 62
Trd, 4318578.193, 60
Trd, 4318578.543, 62
Trd, 4318579.243, 64
Trd, 4318580.393, 60
Trd, 4318580.493, 60
Trd, 4318580.543, 61
Trd, 4318581.193, 79
Trd, 4318581.343, 66
Trd, 4318581.793, 66
Trd, 4318582.443, 65
Trd, 4318583.743, 60
Trd, 4318586.293, 62
Trd, 4318586.543, 60
Trd, 4318587.043, 63
Trd, 4318587.643, 65
Trd, 4318588.293, 63
Trd, 4318588.943, 63
Trd, 4318588.993, 62
Trd, 4318589.593, 67
Trd, 4318589.893, 140
Trd, 4318590.943, 140
Trd, 4318591.193, 140
Trd, 4318591.543, 139
Trd, 4318592.093, 140
Trd, 4318592.443, 140
Trd, 4318592.543, 67
Trd, 4318592.993, 78
Trd, 4318594.443, 62
Trd, 4318595.143, 60
Trd, 4318596.243, 60
Trd, 4318596.693, 61
Trd, 4318597.143, 61
Trd, 4318598.743, 66
Trd, 4318598.993, 70
Trd, 4318599.593, 64
Trd, 4318600.293, 68
Trd, 4318600.643, 69
Trd, 4318601.593, 76
Trd, 4318602.143, 69
Trd, 4318602.793, 67
Trd, 4318603.343, 82
Trd, 4318603.393, 66
Trd, 4318603.543, 66
Trd, 4318603.793, 64
Trd, 4318603.893, 93
Trd, 4318605.643, 60
Trd, 4318605.693, 61
Trd, 4318606.993, 60
Trd, 4318608.293, 60
Trd, 4318610.393, 61
Trd, 4318610.443, 63
Trd, 4318611.793, 64
Trd, 4318612.793, 60
Trd, 4318612.893, 64
Trd, 4318614.143, 61
Trd, 4318615.393, 61
Trd, 4318616.493, 60
Trd, 4318616.643, 60
Trd, 4318617.693, 60
Trd, 4318618.893, 61
Trd, 4318619.343, 62
Trd, 4318619.393, 61
Trd, 4318619.843, 60
Trd, 4318620.493, 61
Trd, 4318621.593, 61
Trd, 4318622.493, 60
Trd, 4318623.493, 60
Trd, 4318623.593, 60
Trd, 4318625.243, 60
Trd, 4318626.443, 61
Trd, 4318627.643, 61
Trd, 4318627.693, 62
Trd, 4318628.943, 60
Trd, 4318629.543, 60
Trd, 4318629.643, 63
Trd, 4318630.193, 62
Trd, 4318630.393, 64
Trd, 4318631.193, 66
Trd, 4318631.493, 75
Trd, 4318631.893, 98
Trd, 4318632.043, 96
Trd, 4318633.343, 120
Trd, 4318633.493, 119
Trd, 4318634.243, 140
Trd, 4318636.293, 60
Trd, 4318637.293, 64
Trd, 4318638.093, 60
Trd, 4318638.793, 66
Trd, 4318639.043, 63
Trd, 4318639.143, 65
Trd, 4318639.643, 61
Trd, 4318640.393, 61
Trd, 4318640.893, 60
Trd, 4318642.793, 62
Trd, 4318643.343, 61
Trd, 4318644.043, 62
Trd, 4318644.843, 63
Trd, 4318645.393, 61
Trd, 4318645.443, 63
Trd, 4318646.543, 63
Trd, 4318647.743, 60
Trd, 4318648.643, 61
Trd, 4318648.693, 63
Trd, 4318649.243, 63
Trd, 4318649.443, 66
Trd, 4318650.643, 61
Trd, 4318651.093, 61
Trd, 4318651.843, 62
Trd, 4318652.893, 60
Trd, 4318653.543, 63
Trd, 4318654.143, 64
Trd, 4318654.243, 63
Trd, 4318654.343, 61
Trd, 4318654.543, 65
Trd, 4318654.893, 63
Trd, 4318656.943, 60
Trd, 4318657.293, 66
Trd, 4318658.343, 60
Trd, 4318659.043, 66
Trd, 4318659.443, 87
Trd, 4318659.743, 140
Trd, 4318659.843, 139
Trd, 4318660.893, 79
Trd, 4318661.943, 61
Trd, 4318663.143, 60
Trd, 4318664.043, 62
Trd, 4318664.143, 62
Trd, 4318664.993, 61
Trd, 4318666.393, 60
Trd, 4318666.443, 60
Trd, 4318666.743, 60
Trd, 4318666.943, 63
Trd, 4318667.093, 71
Trd, 4318668.143, 60
Trd, 4318668.643, 140
Trd, 4318669.343, 135
Trd, 4318669.393, 123
Trd, 4318669.743, 138
Trd, 4318670.843, 76
Trd, 4318671.193, 75
Trd, 4318671.643, 63
Trd, 4318672.643, 69
Trd, 4318673.393, 65
Trd, 4318673.793, 122
Trd, 4318674.393, 63
Trd, 4318674.993, 60
Trd, 4318675.343, 60
Trd, 4318678.393, 62
Trd, 4318678.543, 61
Trd, 4318678.943, 63
Trd, 4318679.193, 63
Trd, 4318679.693, 69
Trd, 4318680.293, 61
Trd, 4318680.393, 60
Trd, 4318680.593, 65
Trd, 4318682.243, 60
Trd, 4318682.943, 64
Trd, 4318683.693, 63
Trd, 4318684.043, 62
Trd, 4318684.243, 66
Trd, 4318684.793, 75
Trd, 4318685.193, 66
Trd, 4318686.243, 125
Trd, 4318686.743, 137
Trd, 4318687.443, 140
Trd, 4318687.943, 132
Trd, 4318687.993, 92
Trd, 4318688.843, 60
Trd, 4318690.393, 61
Trd, 4318690.993, 61
Trd, 4318691.143, 61
Trd, 4318691.793, 61
Trd, 4318692.543, 64
Trd, 4318692.943, 62
Trd, 4318693.593, 61
Trd, 4318693.793, 65
Trd, 4318693.993, 63
Trd, 4318694.243, 131
Trd, 4318695.093, 60
Trd, 4318696.843, 60
Trd, 4318697.743, 61
Trd, 4318698.743, 60
Trd, 4318699.293, 60
Trd, 4318699.993, 60
Trd, 4318700.993, 61
Trd, 4318701.893, 62
Trd, 4318702.343, 63
Trd, 4318702.793, 64
Trd, 4318702.843, 61
Trd, 4318702.943, 67
Trd, 4318703.193, 61
Trd, 4318703.693, 61
Trd, 4318703.843, 72
Trd, 4318705.293, 64
Trd, 4318705.643, 76
Trd, 4318707.093, 60
Trd, 4318707.193, 107
Trd, 4318707.893, 60
Trd, 4318709.943, 60
Trd, 4318710.443, 61
Trd, 4318710.543, 62
Trd, 4318711.393, 60
Trd, 4318712.043, 62
Trd, 4318712.793, 62
Trd, 4318713.043, 62
Trd, 4318713.343, 74
Trd, 4318713.493, 83
Trd, 4318713.593, 62
Trd, 4318715.243, 60
Trd, 4318715.343, 67
Trd, 4318715.743, 139
Trd, 4318717.293, 60
Trd, 4318717.593, 64
Trd, 4318719.793, 60
Trd, 4318720.043, 60
Trd, 4318720.793, 62
Trd, 4318721.543, 64
Trd, 4318722.343, 61
Trd, 4318723.293, 62
Trd, 4318723.593, 65
Trd, 4318723.843, 66
Trd, 4318724.043, 61
Trd, 4318724.093, 67
Trd, 4318724.143, 72
Trd, 4318725.793, 62
Trd, 4318726.443, 62
Trd, 4318726.543, 140
Trd, 4318726.943, 111
Trd, 4318727.243, 140
Trd, 4318728.193, 62
Trd, 4318728.893, 140
Trd, 4318729.093, 140
Trd, 4318729.793, 140
Trd, 4318729.993, 140
Trd, 4318732.343, 63
Trd, 4318734.093, 60
Trd, 4318734.493, 61
Trd, 4318734.943, 61
Trd, 4318735.843, 65
Trd, 4318736.493, 71
Trd, 4318736.743, 63
Trd, 4318737.193, 139
Trd, 4318737.293, 72
Trd, 4318737.593, 106
Trd, 4318738.193, 66
Trd, 4318738.443, 140
Trd, 4318739.393, 61
Trd, 4318739.943, 140
Trd, 4318740.343, 140
Trd, 4318741.093, 88
Trd, 4318742.143, 64
Trd, 4318742.243, 69
Trd, 4318743.693, 61
Trd, 4318743.893, 63
Trd, 4318746.043, 60
Trd, 4318746.143, 61
Trd, 4318746.743, 68
Trd, 4318747.143, 63
Trd, 4318747.993, 62
Trd, 4318748.543, 65
Trd, 4318749.593, 61
Trd, 4318750.993, 60
Trd, 4318751.193, 60
Trd, 4318751.443, 60
Trd, 4318752.093, 61
Trd, 4318752.343, 61
Trd, 4318755.243, 60
Trd, 4318755.843, 61
Trd, 4318755.893, 61
Trd, 4318755.993, 66
Trd, 4318757.143, 60
Trd, 4318758.043, 61
Trd, 4318758.743, 60
Trd, 4318759.043, 60
Trd, 4318759.943, 60
Trd, 4318760.693, 60
Trd, 4318761.543, 61
Trd, 4318761.743, 62
Trd, 4318762.893, 62
Trd, 4318762.993, 63
Trd, 4318763.193, 64
Trd, 4318763.543, 66
Trd, 4318763.893, 62
Trd, 4318764.393, 60
Trd, 4318764.493, 120
Trd, 4318765.193, 61
Trd, 4318766.793, 61
Trd, 4318767.343, 61
Trd, 4318768.043, 62
Trd, 4318769.893, 61
Trd, 4318770.193, 60
Trd, 4318770.943, 61
Trd, 4318771.893, 63
Trd, 4318773.193, 60
Trd, 4318773.793, 61
Trd, 4318774.093, 62
Trd, 4318774.743, 61
Trd, 4318775.793, 61
Trd, 4318776.043, 61
Trd, 4318776.743, 61
Trd, 4318777.043, 66
Trd, 4318777.443, 61
Trd, 4318777.893, 60
Trd, 4318779.093, 61
Trd, 4318780.393, 63
Trd, 4318781.193, 60
Trd, 4318781.943, 60
Trd, 4318781.993, 61
Trd, 4318782.343, 60
Trd, 4318782.443, 65
Trd, 4318782.493, 65
Trd, 4318782.743, 64
Trd, 4318783.893, 61
Trd, 4318783.943, 62
Trd, 4318785.543, 60
Trd, 4318785.643, 61
Trd, 4318785.693, 62
Trd, 4318786.693, 60
Trd, 4318786.843, 61
Trd, 4318787.293, 63
Trd, 4318788.243, 60
Trd, 4318789.243, 60
Trd, 4318789.343, 63
Trd, 4318791.443, 61
Trd, 4318791.843, 60
Trd, 4318792.093, 63
Trd, 4318793.743, 60
Trd, 4318794.293, 60
Trd, 4318794.993, 61
Trd, 4318795.043, 69
Trd, 4318797.493, 60
Trd, 4318798.393, 61
Trd, 4318800.543, 60
Trd, 4318800.693, 61
Trd, 4318801.293, 60
Trd, 4318802.443, 61
Trd, 4318802.693, 62
Trd, 4318802.843, 64
Trd, 4318803.143, 66
Trd, 4318804.343, 61
Trd, 4318804.843, 64
Trd, 4318804.893, 63
Trd, 4318805.343, 92
Trd, 4318805.843, 140
Trd, 4318805.943, 107
Trd, 4318807.593, 61
Trd, 4318809.243, 60
Trd, 4318809.493, 61
Trd, 4318809.843, 63
Trd, 4318810.043, 73
Trd, 4318810.093, 61
Trd, 4318811.343, 140
Trd, 4318811.943, 139
Trd, 4318812.443, 70
Trd, 4318812.643, 67
Trd, 4318813.443, 74
Trd, 4318813.993, 68
Trd, 4318814.943, 140
Trd, 4318815.093, 137
Trd, 4318816.093, 68
Trd, 4318816.193, 74
Trd, 4318816.643, 74
Trd, 4318817.893, 65
Trd, 4318818.443, 78
Trd, 4318819.293, 140
Trd, 4318819.543, 140
Trd, 4318820.093, 140
Trd, 4318820.643, 96
Trd, 4318822.393, 60
Trd, 4318822.793, 63
Trd, 4318822.943, 67
Trd, 4318824.143, 60
Trd, 4318826.943, 60
Trd, 4318827.143, 61
Trd, 4318828.443, 60
Trd, 4318829.093, 61
Trd, 4318829.543, 62
Trd, 4318830.043, 60
Trd, 4318830.493, 63
Trd, 4318830.643, 63
Trd, 4318830.943, 66
Trd, 4318831.643, 62
Trd, 4318832.143, 60
Trd, 4318832.593, 97
Trd, 4318832.693, 90
Trd, 4318833.293, 140
Trd, 4318834.243, 140
Trd, 4318834.343, 140
Trd, 4318834.843, 139
Trd, 4318835.343, 92
Trd, 4318836.143, 60
Trd, 4318837.793, 61
Trd, 4318837.993, 61
Trd, 4318838.543, 62
Trd, 4318839.293, 62
Trd, 4318839.393, 66
Trd, 4318839.893, 64
Trd, 4318839.943, 63
Trd, 4318841.893, 60
Trd, 4318842.093, 73
Trd, 4318843.593, 61
Trd, 4318843.643, 80
Trd, 4318843.893, 140
Trd, 4318845.093, 62
Trd, 4318847.693, 60
Trd, 4318848.193, 60
Trd, 4318848.443, 60
Trd, 4318848.493, 62
Trd, 4318849.443, 66
Trd, 4318849.993, 140
Trd, 4318850.243, 140
Trd, 4318850.943, 140
Trd, 4318850.993, 140
Trd, 4318851.193, 140
Trd, 4318852.693, 139
Trd, 4318852.943, 128
Trd, 4318853.043, 125
Trd, 4318853.643, 129
Trd, 4318854.543, 127
Trd, 4318855.393, 125
Trd, 4318855.893, 83
Trd, 4318857.093, 77
Trd, 4318857.393, 63
Trd, 4318857.543, 62
Trd, 4318858.143, 86
Trd, 4318858.443, 62
Trd, 4318859.593, 60
Trd, 4318859.743, 62
Trd, 4318860.443, 66
Trd, 4318860.743, 140
Trd, 4318861.893, 140
Trd, 4318862.143, 140
Trd, 4318862.293, 140
Trd, 4318862.593, 140
Trd, 4318863.343, 140
Trd, 4318863.843, 76
Trd, 4318864.893, 140
Trd, 4318864.993, 140
Trd, 4318865.593, 97
Trd, 4318866.193, 61
Trd, 4318866.843, 132
Trd, 4318866.893, 80
Trd, 4318867.543, 137
Trd, 4318868.643, 140
Trd, 4318868.793, 140
Trd, 4318868.843, 139
Trd, 4318869.543, 140
Trd, 4318869.743, 140
Trd, 4318870.193, 140
Trd, 4318871.893, 140
Trd, 4318872.543, 140
Trd, 4318872.593, 139
Trd, 4318873.143, 129
Trd, 4318873.193, 74
Trd, 4318874.143, 138
Trd, 4318874.693, 65
Trd, 4318874.793, 64
Trd, 4318876.143, 68
Trd, 4318876.843, 140
Trd, 4318876.993, 140
Trd, 4318877.443, 140
Trd, 4318877.843, 140
Trd, 4318877.943, 140
Trd, 4318878.293, 139
Trd, 4318879.093, 139
Trd, 4318879.743, 139
Trd, 4318880.893, 140
Trd, 4318882.043, 140
Trd, 4318882.393, 140
Trd, 4318882.543, 140
Trd, 4318882.943, 139
Trd, 4318883.243, 110
Trd, 4318883.943, 88
Trd, 4318885.543, 140
Trd, 4318885.593, 140
Trd, 4318886.143, 140
Trd, 4318886.593, 127
Trd, 4318886.943, 122
Trd, 4318888.043, 140
Trd, 4318888.093, 140
Trd, 4318888.743, 87
Trd, 4318888.943, 85
Trd, 4318890.043, 60
Trd, 4318890.293, 61
Trd, 4318890.993, 63
Trd, 4318891.993, 69
Trd, 4318892.543, 62
Trd, 4318892.643, 63
Trd, 4318893.143, 60
Trd, 4318893.893, 100
Trd, 4318894.143, 97
Trd, 4318895.143, 140
Trd, 4318895.643, 140
Trd, 4318896.543, 74
Trd, 4318897.093, 60
Trd, 4318897.343, 62
Trd, 4318898.993, 61
Trd, 4318899.193, 70
Trd, 4318899.293, 71
Trd, 4318901.143, 60
Trd, 4318901.793, 61
Trd, 4318902.143, 63
Trd, 4318903.093, 60
Trd, 4318903.643, 65
Trd, 4318903.743, 60
Trd, 4318904.843, 63
Trd, 4318905.143, 66
Trd, 4318905.893, 60
Trd, 4318905.943, 61
Trd, 4318906.193, 61
Trd, 4318906.743, 60
Trd, 4318907.793, 66
Trd, 4318908.243, 64
Trd, 4318908.293, 61
Trd, 4318909.743, 61
Trd, 4318910.543, 62
Trd, 4318910.843, 63
Trd, 4318911.493, 61
Trd, 4318912.093, 63
Trd, 4318912.543, 62
Trd, 4318914.093, 64
Trd, 4318914.293, 69
Trd, 4318914.493, 63
Trd, 4318914.993, 105
Trd, 4318915.543, 68
Trd, 4318915.643, 82
Trd, 4318916.043, 62
Trd, 4318918.493, 60
Trd, 4318918.593, 60
Trd, 4318919.543, 61
Trd, 4318920.643, 60
Trd, 4318920.843, 64
Trd, 4318921.393, 61
Trd, 4318921.693, 64
Trd, 4318922.293, 70
Trd, 4318922.693, 62
Trd, 4318922.893, 70
Trd, 4318923.493, 63
Trd, 4318924.193, 63
Trd, 4318925.793, 60
Trd, 4318926.043, 64
Trd, 4318927.393, 64
Trd, 4318927.543, 67
Trd, 4318928.193, 66
Trd, 4318928.493, 136
Trd, 4318928.643, 64
Trd, 4318930.243, 140
Trd, 4318930.643, 140
Trd, 4318930.993, 140
Trd, 4318932.493, 140
Trd, 4318933.093, 140
Trd, 4318933.293, 140
Trd, 4318933.543, 140
Trd, 4318934.143, 133
Trd, 4318934.843, 140
Trd, 4318935.143, 116
Trd, 4318935.893, 117
Trd, 4318936.343, 117
Trd, 4318936.843, 140
Trd, 4318937.043, 86
Trd, 4318938.043, 140
Trd, 4318938.093, 117
Trd, 4318938.393, 139
Trd, 4318940.543, 62
Trd, 4318940.793, 61
Trd, 4318941.193, 62
Trd, 4318941.443, 68
Trd, 4318941.643, 69
Trd, 4318943.843, 63
Trd, 4318944.443, 66
Trd, 4318944.693, 68
Trd, 4318947.093, 60
Trd, 4318947.293, 64
Trd, 4318948.243, 60
Trd, 4318948.343, 64
Trd, 4318949.543, 61
Trd, 4318950.043, 60
Trd, 4318950.493, 61
Trd, 4318950.593, 66
Trd, 4318950.743, 66
Trd, 4318952.043, 63
Trd, 4318952.243, 63
Trd, 4318952.693, 63
Trd, 4318952.843, 64
Trd, 4318953.043, 61
Trd, 4318953.743, 64
Trd, 4318954.143, 70
Trd, 4318955.493, 63
Trd, 4318957.493, 63
Trd, 4318957.543, 63
Trd, 4318957.593, 65
Trd, 4318957.893, 135
Trd, 4318958.293, 65
Trd, 4318958.893, 72
Trd, 4318959.693, 68
Trd, 4318960.293, 64
Trd, 4318961.443, 100
Trd, 4318961.493, 106
Trd, 4318961.843, 101
Trd, 4318962.793, 140
Trd, 4318962.843, 97
Trd, 4318963.143, 68
Trd, 4318965.243, 140
Trd, 4318965.393, 140
Trd, 4318965.593, 139
Trd, 4318966.093, 89
Trd, 4318966.543, 139
Trd, 4318967.293, 121
Trd, 4318968.093, 72
Trd, 4318968.443, 140
Trd, 4318968.793, 100
Trd, 4318969.343, 69
Trd, 4318970.393, 140
Trd, 4318970.543, 139
Trd, 4318971.043, 119
Trd, 4318971.543, 136
Trd, 4318973.093, 61
Trd, 4318973.993, 60
Trd, 4318975.143, 60
Trd, 4318975.293, 61
Trd, 4318976.593, 60
Trd, 4318977.043, 68
Trd, 4318977.693, 62
Trd, 4318978.043, 60
Trd, 4318978.143, 60
Trd, 4318979.193, 61
Trd, 4318979.493, 60
Trd, 4318979.743, 61
Trd, 4318979.943, 64
Trd, 4318980.793, 138
Trd, 4318981.143, 117
Trd, 4318981.293, 116
Trd, 4318981.693, 132
Trd, 4318982.343, 139
Trd, 4318983.293, 73
Trd, 4318984.093, 140
Trd, 4318984.643, 71
Trd, 4318984.693, 98
Trd, 4318985.593, 74
Trd, 4318985.893, 62
Trd, 4318986.893, 138
Trd, 4318987.193, 120
Trd, 4318987.493, 120
Trd, 4318988.693, 65
Trd, 4318989.093, 63
Trd, 4318989.943, 66
Trd, 4318990.043, 68
Trd, 4318990.493, 66
Trd, 4318991.293, 60
Trd, 4318992.443, 61
Trd, 4318992.493, 65
Trd, 4318992.893, 64
Trd, 4318993.493, 64
Trd, 4318993.643, 68
Trd, 4318994.343, 67
Trd, 4318996.993, 61
Trd, 4318997.493, 65
Trd, 4318998.693, 60
Trd, 4318999.943, 60
Trd, 4319000.543, 61
Trd, 4319001.543, 60
Trd, 4319001.643, 60
Trd, 4319001.743, 66
Trd, 4319001.893, 67
Trd, 4319002.693, 63
Trd, 4319003.243, 63
Trd, 4319003.343, 66
Trd, 4319003.843, 140
Trd, 4319005.443, 140
Trd, 4319005.493, 134
Trd, 4319005.643, 69
Trd, 4319006.093, 134
Trd, 4319006.193, 67
Trd, 4319006.343, 73
Trd, 4319007.143, 62
Trd, 4319007.943, 65
Trd, 4319008.193, 61
Trd, 4319008.843, 60
Trd, 4319009.743, 105
Trd, 4319010.293, 93
Trd, 4319011.043, 140
Trd, 4319011.893, 139
Trd, 4319012.493, 112
Trd, 4319012.693, 136
Trd, 4319012.943, 140
Trd, 4319013.093, 83
Trd, 4319013.643, 140
Trd, 4319013.893, 140
Trd, 4319014.493, 139
Trd, 4319015.643, 137
Trd, 4319016.043, 90
Trd, 4319017.393, 61
Trd, 4319018.543, 65
Trd, 4319019.043, 61
Trd, 4319019.443, 62
Trd, 4319021.293, 66
Trd, 4319022.343, 61
Trd, 4319022.543, 60
Trd, 4319022.693, 61
Trd, 4319023.393, 61
Trd, 4319024.293, 68
Trd, 4319024.693, 77
Trd, 4319024.893, 62
Trd, 4319025.993, 66
Trd, 4319026.093, 65
Trd, 4319026.343, 134
Trd, 4319027.343, 137
Trd, 4319028.443, 65
Trd, 4319028.543, 71
Trd, 4319029.093, 61
Trd, 4319030.093, 61
Trd, 4319030.193, 60
Trd, 4319030.493, 66
Trd, 4319032.393, 60
Trd, 4319033.793, 60
Trd, 4319034.093, 60
Trd, 4319035.143, 64
Trd, 4319035.343, 61
Trd, 4319036.443, 62
Trd, 4319036.843, 61
Trd, 4319036.943, 63
Trd, 4319037.093, 61
Trd, 4319037.743, 67
Trd, 4319038.743, 64
Trd, 4319038.793, 65
Trd, 4319039.643, 69
Trd, 4319041.693, 60
Trd, 4319042.093, 61
Trd, 4319043.043, 60
Trd, 4319043.093, 61
Trd, 4319044.443, 61
Trd, 4319044.793, 62
Trd, 4319045.293, 61
Trd, 4319045.343, 62
Trd, 4319046.343, 61
Trd, 4319046.443, 60
Trd, 4319047.543, 61
Trd, 4319048.693, 61
Trd, 4319049.843, 65
Trd, 4319049.893, 66
Trd, 4319051.143, 60
Trd, 4319051.643, 60
Trd, 4319051.843, 70
Trd, 4319051.993, 70
Trd, 4319052.643, 61
Trd, 4319053.243, 101
Trd, 4319053.493, 99
Trd, 4319053.793, 97
Trd, 4319055.843, 60
Trd, 4319056.143, 60
Trd, 4319056.943, 61
Trd, 4319057.243, 65
Trd, 4319057.693, 62
Trd, 4319058.593, 140
Trd, 4319058.843, 63
Trd, 4319059.343, 64
Trd, 4319060.643, 61
Trd, 4319060.843, 68
Trd, 4319061.243, 66
Trd, 4319062.143, 61
Trd, 4319062.493, 70
Trd, 4319063.393, 60
Trd, 4319064.193, 81
Trd, 4319064.793, 140
Trd, 4319065.043, 111
Trd, 4319065.893, 140
Trd, 4319066.343, 140
Trd, 4319066.693, 139
Trd, 4319067.693, 140
Trd, 4319068.393, 140
Trd, 4319068.743, 138
Trd, 4319068.993, 69
Trd, 4319069.643, 81
Trd, 4319069.893, 139
Trd, 4319070.793, 66
Trd, 4319071.743, 140
Trd, 4319071.793, 140
Trd, 4319071.843, 138
Trd, 4319072.693, 140
Trd, 4319073.093, 140
Trd, 4319073.843, 138
Trd, 4319074.593, 136
Trd, 4319074.993, 62
Trd, 4319075.093, 63
Trd, 4319076.293, 61
Trd, 4319077.393, 64
Trd, 4319077.693, 61
Trd, 4319079.343, 60
Trd, 4319080.543, 61
Trd, 4319080.693, 61
Trd, 4319080.893, 63
Trd, 4319081.093, 70
Trd, 4319081.993, 61
Trd, 4319083.693, 65
Trd, 4319085.843, 61
Trd, 4319087.043, 62
Trd, 4319087.443, 60
Trd, 4319087.543, 61
Trd, 4319087.743, 61
Trd, 4319087.943, 61
Trd, 4319090.243, 61
Trd, 4319090.693, 61
Trd, 4319090.893, 61
Trd, 4319091.493, 61
Trd, 4319091.893, 62
Trd, 4319092.493, 61
Trd, 4319092.843, 61
Trd, 4319093.143, 63
Trd, 4319093.943, 60
Trd, 4319094.443, 61
Trd, 4319094.643, 74
Trd, 4319095.293, 139
Trd, 4319095.943, 65
Trd, 4319096.293, 66
Trd, 4319097.293, 69
Trd, 4319097.393, 65
Trd, 4319098.493, 60
Trd, 4319100.493, 60
Trd, 4319100.793, 67
Trd, 4319102.193, 61
Trd, 4319102.493, 69
Trd, 4319102.743, 60
Trd, 4319103.293, 60
Trd, 4319103.943, 60
Trd, 4319105.193, 60
Trd, 4319105.293, 60
Trd, 4319106.093, 61
Trd, 4319106.493, 61
Trd, 4319106.643, 62
Trd, 4319107.143, 61
Trd, 4319107.843, 71
Trd, 4319109.043, 140
Trd, 4319109.343, 104
Trd, 4319109.743, 68
Trd, 4319110.693, 71
Trd, 4319110.993, 62
Trd, 4319111.493, 64
Trd, 4319112.093, 129
Trd, 4319113.043, 61
Trd, 4319114.443, 77
Trd, 4319115.093, 97
Trd, 4319116.393, 65
Trd, 4319116.543, 69
Trd, 4319116.943, 63
Trd, 4319116.993, 137
Trd, 4319117.243, 61
Trd, 4319118.043, 61
Trd, 4319118.193, 67
Trd, 4319119.193, 118
Trd, 4319119.243, 117
Trd, 4319120.393, 61
Trd, 4319121.043, 65
Trd, 4319122.193, 61
Trd, 4319122.343, 71
Trd, 4319123.443, 70
Trd, 4319123.643, 77
Trd, 4319125.843, 61
Trd, 4319126.243, 63
Trd, 4319126.293, 66
Trd, 4319126.443, 67
Trd, 4319126.943, 76
Trd, 4319127.643, 72
Trd, 4319128.343, 67
Trd, 4319128.393, 106
Trd, 4319129.293, 60
Trd, 4319129.743, 63
Trd, 4319129.943, 67
Trd, 4319130.293, 139
Trd, 4319131.843, 61
Trd, 4319132.293, 65
Trd, 4319132.693, 61
Trd, 4319133.843, 60
Trd, 4319134.343, 64
Trd, 4319135.193, 65
Trd, 4319135.293, 70
Trd, 4319135.843, 68
Trd, 4319136.043, 136
Trd, 4319136.543, 108
Trd, 4319136.693, 63
Trd, 4319137.893, 62
Trd, 4319138.893, 60
Trd, 4319139.293, 62
Trd, 4319139.343, 63
Trd, 4319140.143, 140
Trd, 4319141.343, 62
Trd, 4319142.293, 60
Trd, 4319142.343, 64
Trd, 4319143.643, 64
Trd, 4319144.293, 60
Trd, 4319144.893, 60
Trd, 4319145.843, 60
Trd, 4319146.343, 60
Trd, 4319146.393, 60
Trd, 4319146.543, 61
Trd, 4319147.243, 67
Trd, 4319147.543, 71
Trd, 4319149.143, 64
Trd, 4319150.443, 60
Trd, 4319151.193, 61
Trd, 4319151.993, 60
Trd, 4319152.193, 71
Trd, 4319153.043, 60
Trd, 4319153.443, 140
Trd, 4319153.993, 140
Trd, 4319154.943, 62
Trd, 4319155.343, 140
Trd, 4319156.193, 95
Trd, 4319156.593, 93
Trd, 4319156.643, 88
Trd, 4319157.293, 139
Trd, 4319158.143, 138
Trd, 4319158.643, 140
Trd, 4319159.293, 83
Trd, 4319159.743, 140
Trd, 4319159.793, 139
Trd, 4319161.143, 62
Trd, 4319161.843, 60
Trd, 4319162.543, 61
Trd, 4319162.693, 61
Trd, 4319162.793, 62
Trd, 4319163.543, 65
Trd, 4319164.243, 126
Trd, 4319164.293, 95
Trd, 4319166.543, 139
Trd, 4319167.143, 140
Trd, 4319167.443, 140
Trd, 4319168.043, 140
Trd, 4319168.243, 140
Trd, 4319168.343, 140
Trd, 4319168.893, 74
Trd, 4319169.243, 136
Trd, 4319169.843, 139
Trd, 4319170.993, 140
Trd, 4319171.243, 123
Trd, 4319171.543, 122
Trd, 4319172.443, 140
Trd, 4319172.543, 140
Trd, 4319173.043, 126
Trd, 4319173.593, 139
Trd, 4319173.693, 121
Trd, 4319177.143, 60
Trd, 4319177.343, 62
Trd, 4319177.393, 63
Trd, 4319177.543, 74
Trd, 4319177.893, 78
Trd, 4319179.843, 60
Trd, 4319181.093, 62
Trd, 4319181.643, 61
Trd, 4319181.793, 61
Trd, 4319182.243, 62
Trd, 4319182.643, 60
Trd, 4319182.893, 60
Trd, 4319183.343, 60
Trd, 4319183.793, 62
Trd, 4319184.343, 60
Trd, 4319185.443, 60
Trd, 4319185.993, 74
Trd, 4319186.793, 60
Trd, 4319186.843, 62
Trd, 4319188.493, 62
Trd, 4319189.193, 68
Trd, 4319189.843, 60
Trd, 4319189.893, 62
Trd, 4319190.243, 61
Trd, 4319190.793, 63
Trd, 4319190.943, 62
Trd, 4319191.193, 67
Trd, 4319192.243, 140
Trd, 4319192.443, 138
Trd, 4319192.493, 138
Trd, 4319194.293, 76
Trd, 4319194.793, 82
Trd, 4319194.993, 136
Trd, 4319195.543, 131
Trd, 4319196.393, 64
Trd, 4319197.943, 60
Trd, 4319198.043, 62
Trd, 4319198.443, 63
Trd, 4319199.343, 63
Trd, 4319199.893, 62
Trd, 4319200.593, 69
Trd, 4319200.843, 63
Trd, 4319201.493, 65
Trd, 4319202.043, 135
Trd, 4319202.743, 73
Trd, 4319202.993, 74
Trd, 4319203.293, 66
Trd, 4319203.643, 66
Trd, 4319203.843, 140
Trd, 4319204.543, 139
Trd, 4319205.693, 63
Trd, 4319206.393, 73
Trd, 4319206.543, 64
Trd, 4319207.393, 74
Trd, 4319208.493, 62
Trd, 4319209.043, 67
Trd, 4319209.493, 65
Trd, 4319209.993, 73
Trd, 4319210.693, 138
Trd, 4319212.293, 61
Trd, 4319213.193, 61
Trd, 4319213.243, 63
Trd, 4319213.543, 64
Trd, 4319213.943, 94
Trd, 4319214.343, 140
Trd, 4319215.643, 61
Trd, 4319216.793, 64
Trd, 4319216.993, 64
Trd, 4319217.893, 64
Trd, 4319217.943, 66
Trd, 4319218.143, 60
Trd, 4319218.543, 62
Trd, 4319219.393, 60
Trd, 4319219.793, 63
Trd, 4319220.893, 60
Trd, 4319221.293, 61
Trd, 4319221.343, 69
Trd, 4319221.943, 60
Trd, 4319222.793, 60
Trd, 4319224.543, 60
Trd, 4319226.093, 63
Trd, 4319226.443, 64
Trd, 4319226.543, 62
Trd, 4319227.393, 62
Trd, 4319228.843, 61
Trd, 4319229.093, 62
Trd, 4319229.743, 61
Trd, 4319230.593, 62
Trd, 4319231.343, 63
Trd, 4319232.843, 60
Trd, 4319233.493, 60
Trd, 4319235.243, 60
Trd, 4319235.493, 60
Trd, 4319235.743, 60
Trd, 4319235.943, 63
Trd, 4319236.343, 60
Trd, 4319237.143, 60
Trd, 4319238.543, 60
Trd, 4319238.993, 60
Trd, 4319240.043, 61
Trd, 4319240.293, 61
Trd, 4319240.643, 62
Trd, 4319240.693, 63
Trd, 4319240.743, 68
Trd, 4319241.693, 60
Trd, 4319242.043, 67
Trd, 4319244.043, 63
Trd, 4319244.393, 61
Trd, 4319244.693, 61
Trd, 4319245.393, 62
Trd, 4319245.793, 61
Trd, 4319246.593, 61
Trd, 4319247.093, 66
Trd, 4319247.393, 68
Trd, 4319247.543, 60
Trd, 4319247.793, 128
Trd, 4319249.043, 60
Trd, 4319249.843, 61
Trd, 4319250.093, 65
Trd, 4319250.643, 62
Trd, 4319251.543, 61
Trd, 4319251.893, 60
Trd, 4319252.093, 63
Trd, 4319252.843, 60
Trd, 4319253.643, 60
Trd, 4319254.293, 60
Trd, 4319254.443, 62
Trd, 4319255.443, 60
Trd, 4319255.643, 61
Trd, 4319257.093, 64
Trd, 4319259.143, 60
Trd, 4319259.343, 61
Trd, 4319260.093, 61
Trd, 4319260.793, 62
Trd, 4319261.693, 61
Trd, 4319261.843, 62
Trd, 4319262.493, 62
Trd, 4319262.793, 64
Trd, 4319263.293, 83
Trd, 4319264.293, 62
Trd, 4319264.593, 61
Trd, 4319265.243, 61
Trd, 4319266.643, 62
Trd, 4319267.293, 61
Trd, 4319268.493, 61
Trd, 4319268.643, 61
Trd, 4319269.193, 62
Trd, 4319269.543, 69
Trd, 4319269.943, 60
Trd, 4319270.343, 140
Trd, 4319270.943, 139
Trd, 4319271.543, 63
Trd, 4319272.843, 60
Trd, 4319273.843, 60
Trd, 4319275.043, 60
Trd, 4319275.143, 63
Trd, 4319275.943, 64
Trd, 4319276.593, 61
Trd, 4319277.893, 61
Trd, 4319278.643, 61
Trd, 4319279.093, 61
Trd, 4319280.293, 65
Trd, 4319281.443, 61
Trd, 4319281.593, 69
Trd, 4319282.193, 81
Trd, 4319282.243, 85
Trd, 4319282.643, 133
Trd, 4319282.793, 132
Trd, 4319283.143, 106
Trd, 4319283.893, 140
Trd, 4319285.543, 140
Trd, 4319286.043, 140
Trd, 4319286.743, 140
Trd, 4319286.943, 140
Trd, 4319287.393, 140
Trd, 4319287.493, 70
Trd, 4319287.643, 73
Trd, 4319288.793, 139
Trd, 4319290.143, 64
Trd, 4319290.793, 61
Trd, 4319291.743, 60
Trd, 4319293.093, 61
Trd, 4319295.143, 60
Trd, 4319295.343, 64
Trd, 4319295.643, 60
Trd, 4319296.043, 62
Trd, 4319296.643, 63
Trd, 4319296.893, 60
Trd, 4319297.193, 62
Trd, 4319297.343, 64
Trd, 4319298.993, 139
Trd, 4319299.043, 138
Trd, 4319299.493, 105
Trd, 4319299.693, 88
Trd, 4319300.393, 61
Trd, 4319301.443, 62
Trd, 4319301.893, 65
Trd, 4319302.393, 60
Trd, 4319302.443, 66
Trd, 4319304.243, 60
Trd, 4319304.443, 61
Trd, 4319304.793, 68
Trd, 4319305.343, 60
Trd, 4319306.593, 60
Trd, 4319307.643, 62
Trd, 4319307.793, 63
Trd, 4319308.943, 66
Trd, 4319309.193, 70
Trd, 4319310.693, 60
Trd, 4319310.743, 61
Trd, 4319312.643, 60
Trd, 4319313.543, 60
Trd, 4319314.143, 62
Trd, 4319314.443, 63
Trd, 4319315.693, 61
Trd, 4319317.543, 61
Trd, 4319317.643, 62
Trd, 4319317.893, 62
Trd, 4319318.343, 60
Trd, 4319318.643, 67
Trd, 4319318.743, 71
Trd, 4319319.693, 60
Trd, 4319319.843, 66
Trd, 4319320.143, 64
Trd, 4319320.643, 62
Trd, 4319322.193, 60
Trd, 4319322.693, 65
Trd, 4319323.643, 60
Trd, 4319325.043, 60
Trd, 4319325.993, 60
Trd, 4319326.243, 61
Trd, 4319326.943, 67
Trd, 4319327.443, 69
Trd, 4319328.243, 64
Trd, 4319329.443, 60
Trd, 4319329.643, 67
Trd, 4319330.743, 62
Trd, 4319332.593, 64
Trd, 4319332.793, 65
Trd, 4319333.743, 60
Trd, 4319333.893, 60
Trd, 4319334.043, 140
Trd, 4319335.043, 60
Trd, 4319335.493, 61
Trd, 4319336.193, 66
Trd, 4319338.743, 60
Trd, 4319340.693, 60
Trd, 4319340.843, 61
Trd, 4319341.243, 62
Trd, 4319341.893, 62
Trd, 4319342.143, 61
Trd, 4319342.893, 68
Trd, 4319343.093, 65
Trd, 4319343.293, 67
Trd, 4319343.443, 64
Trd, 4319344.543, 125
Trd, 4319345.093, 61
Trd, 4319345.593, 67
Trd, 4319346.143, 63
Trd, 4319346.793, 60
Trd, 4319347.743, 61
Trd, 4319348.893, 63
Trd, 4319349.843, 63
Trd, 4319351.593, 60
Trd, 4319351.643, 63
Trd, 4319351.793, 66
Trd, 4319351.843, 66
Trd, 4319352.643, 140
Trd, 4319352.943, 140
Trd, 4319353.343, 140
Trd, 4319353.943, 140
Trd, 4319353.993, 82
Trd, 4319355.093, 139
Trd, 4319355.493, 60
Trd, 4319356.043, 62
Trd, 4319357.043, 60
Trd, 4319357.893, 62
Trd, 4319358.143, 60
Trd, 4319359.243, 61
Trd, 4319359.693, 62
Trd, 4319361.243, 61
Trd, 4319361.343, 62
Trd, 4319361.843, 68
Trd, 4319362.343, 60
Trd, 4319362.993, 61
Trd, 4319364.093, 61
Trd, 4319364.493, 62
Trd, 4319367.043, 61
Trd, 4319367.293, 62
Trd, 4319367.743, 62
Trd, 4319367.793, 61
Trd, 4319368.293, 62
Trd, 4319368.793, 62
Trd, 4319368.843, 62
Trd, 4319369.193, 61
Trd, 4319370.243, 61
Trd, 4319370.893, 66
Trd, 4319371.293, 61
Trd, 4319371.743, 64
Trd, 4319371.993, 66
Trd, 4319372.743, 62
Trd, 4319372.943, 60
Trd, 4319374.893, 60
Trd, 4319375.043, 61
Trd, 4319375.493, 61
Trd, 4319376.093, 62
Trd, 4319376.193, 65
Trd, 4319376.593, 63
Trd, 4319376.993, 61
Trd, 4319377.493, 62
Trd, 4319377.793, 61
Trd, 4319379.393, 64
Trd, 4319379.593, 65
Trd, 4319379.943, 67
Trd, 4319380.143, 66
Trd, 4319380.643, 83
Trd, 4319381.443, 68
Trd, 4319382.393, 60
Trd, 4319383.243, 60
Trd, 4319383.743, 66
Trd, 4319384.093, 124
Trd, 4319385.043, 60
Trd, 4319385.143, 64
Trd, 4319386.743, 63
Trd, 4319386.843, 62
Trd, 4319387.843, 62
Trd, 4319388.093, 140
Trd, 4319388.543, 69
Trd, 4319388.993, 139
Trd, 4319389.193, 61
Trd, 4319390.093, 61
Trd, 4319391.393, 60
Trd, 4319391.593, 60
Trd, 4319392.943, 60
Trd, 4319393.093, 60
Trd, 4319393.443, 61
Trd, 4319394.293, 65
Trd, 4319394.893, 68
Trd, 4319395.643, 69
Trd, 4319396.143, 68
Trd, 4319396.243, 70
Trd, 4319396.993, 61
Trd, 4319397.793, 90
Trd, 4319398.393, 60
Trd, 4319398.643, 73
Trd, 4319399.193, 139
Trd, 4319400.193, 140
Trd, 4319401.643, 140
Trd, 4319401.943, 140
Trd, 4319402.293, 140
Trd, 4319402.993, 139
Trd, 4319403.143, 101
Trd, 4319403.743, 74
Trd, 4319404.143, 138
Trd, 4319404.343, 72
Trd, 4319405.793, 62
Trd, 4319406.643, 62
Trd, 4319406.693, 62
Trd, 4319407.393, 74
Trd, 4319408.043, 110
Trd, 4319408.943, 64
Trd, 4319408.993, 67
Trd, 4319409.893, 60
Trd, 4319410.143, 61
Trd, 4319410.993, 61
Trd, 4319411.193, 60
Trd, 4319411.943, 65
Trd, 4319412.343, 68
Trd, 4319412.743, 62
Trd, 4319413.743, 60
Trd, 4319415.143, 63
Trd, 4319416.143, 61
Trd, 4319416.243, 61
Trd, 4319416.293, 74
Trd, 4319417.093, 60
Trd, 4319417.793, 136
Trd, 4319419.043, 60
Trd, 4319420.443, 62
Trd, 4319420.793, 62
Trd, 4319423.193, 60
Trd, 4319423.243, 60
Trd, 4319423.643, 62
Trd, 4319424.193, 61
Trd, 4319424.843, 60
Trd, 4319425.643, 61
Trd, 4319425.743, 61
Trd, 4319425.893, 61
Trd, 4319426.343, 63
Trd, 4319426.443, 65
Trd, 4319426.993, 61
Trd, 4319428.243, 60
Trd, 4319428.493, 61
Trd, 4319429.543, 60
Trd, 4319431.993, 61
Trd, 4319432.143, 61
Trd, 4319432.193, 61
Trd, 4319434.343, 60
Trd, 4319434.393, 61
Trd, 4319434.943, 60
Trd, 4319436.243, 61
Trd, 4319436.343, 61
Trd, 4319437.343, 62
Trd, 4319437.793, 64
Trd, 4319438.693, 61
Trd, 4319439.793, 60
Trd, 4319439.943, 60
Trd, 4319440.043, 64
Trd, 4319440.443, 70
Trd, 4319441.543, 62
Trd, 4319441.693, 60
Trd, 4319442.243, 140
Trd, 4319443.243, 140
Trd, 4319443.593, 140
Trd, 4319443.793, 140
Trd, 4319444.093, 138
Trd, 4319444.643, 60
Trd, 4319445.193, 63
Trd, 4319445.243, 64
Trd, 4319445.743, 73
Trd, 4319447.243, 60
Trd, 4319448.043, 60
Trd, 4319449.143, 61
Trd, 4319450.243, 60
Trd, 4319450.293, 61
Trd, 4319451.643, 62
Trd, 4319451.793, 72
Trd, 4319453.293, 63
Trd, 4319453.743, 60
Trd, 4319454.643, 61
Trd, 4319454.793, 65
Trd, 4319455.443, 60
Trd, 4319455.943, 60
Trd, 4319456.043, 61
Trd, 4319456.893, 63
Trd, 4319457.143, 63
Trd, 4319457.493, 62
Trd, 4319458.343, 137
Trd, 4319458.793, 104
Trd, 4319458.843, 100
Trd, 4319460.093, 139
Trd, 4319461.893, 61
Trd, 4319461.943, 63
Trd, 4319462.693, 60
Trd, 4319463.443, 84
Trd, 4319464.843, 62
Trd, 4319465.143, 60
Trd, 4319465.893, 62
Trd, 4319466.343, 61
Trd, 4319467.343, 61
Trd, 4319467.743, 60
Trd, 4319468.343, 67
Trd, 4319469.143, 62
Trd, 4319470.543, 62
Trd, 4319470.743, 64
Trd, 4319471.143, 65
Trd, 4319471.893, 63
Trd, 4319472.543, 63
Trd, 4319473.393, 62
Trd, 4319475.343, 62
Trd, 4319476.493, 60
Trd, 4319476.843, 61
Trd, 4319477.443, 61
Trd, 4319477.993, 68
Trd, 4319478.543, 60
Trd, 4319478.943, 62
Trd, 4319479.793, 63
Trd, 4319480.443, 60
Trd, 4319480.693, 76
Trd, 4319481.093, 137
Trd, 4319482.193, 64
Trd, 4319482.793, 62
Trd, 4319484.043, 63
Trd, 4319484.793, 60
Trd, 4319484.893, 60
Trd, 4319485.393, 66
Trd, 4319488.093, 60
Trd, 4319488.193, 60
Trd, 4319489.043, 66
Trd, 4319489.093, 68
Trd, 4319489.693, 63
Trd, 4319489.793, 61
Trd, 4319490.143, 66
Trd, 4319491.043, 60
Trd, 4319491.993, 60
Trd, 4319492.543, 62
Trd, 4319493.243, 63
Trd, 4319494.893, 61
Trd, 4319495.243, 62
Trd, 4319495.543, 60
Trd, 4319496.193, 60
Trd, 4319496.693, 61
Trd, 4319496.943, 60
Trd, 4319499.643, 60
Trd, 4319500.443, 60
Trd, 4319500.593, 63
Trd, 4319500.843, 64
Trd, 4319501.193, 61
Trd, 4319501.793, 64
Trd, 4319503.443, 61
Trd, 4319503.543, 60
Trd, 4319503.643, 62
Trd, 4319504.093, 67
Trd, 4319504.893, 62
Trd, 4319505.143, 60
Trd, 4319505.543, 65
Trd, 4319507.193, 61
Trd, 4319507.793, 69
Trd, 4319509.243, 60
Trd, 4319509.393, 65
Trd, 4319510.643, 60
Trd, 4319511.593, 61
Trd, 4319512.693, 62
Trd, 4319513.843, 60
Trd, 4319514.543, 60
Trd, 4319514.743, 63
Trd, 4319515.543, 65
Trd, 4319516.393, 60
Trd, 4319516.543, 61
Trd, 4319516.893, 65
Trd, 4319517.293, 66
Trd, 4319517.693, 67
Trd, 4319518.143, 66
Trd, 4319518.493, 83
Trd, 4319519.243, 60
Trd, 4319519.443, 60
Trd, 4319520.293, 75
Trd, 4319521.243, 64
Trd, 4319521.693, 60
Trd, 4319522.043, 60
Trd, 4319523.493, 121
Trd, 4319524.043, 139
Trd, 4319524.243, 63
Trd, 4319524.943, 105
Trd, 4319525.293, 62
Trd, 4319527.043, 60
Trd, 4319527.343, 60
Trd, 4319527.643, 66
Trd, 4319527.893, 74
Trd, 4319528.543, 61
Trd, 4319529.443, 63
Trd, 4319530.993, 60
Trd, 4319532.943, 61
Trd, 4319533.093, 62
Trd, 4319533.193, 64
Trd, 4319534.143, 60
Trd, 4319534.543, 64
Trd, 4319535.293, 61
Trd, 4319535.443, 60
Trd, 4319536.543, 62
Trd, 4319536.593, 63
Trd, 4319537.443, 63
Trd, 4319537.593, 61
Trd, 4319538.393, 139
Trd, 4319538.793, 85
Trd, 4319540.143, 74
Trd, 4319540.543, 109
Trd, 4319540.943, 66
Trd, 4319541.843, 62
Trd, 4319542.293, 61
Trd, 4319543.243, 62
Trd, 4319544.293, 60
Trd, 4319544.493, 62
Trd, 4319544.543, 74
Trd, 4319545.993, 61
Trd, 4319546.443, 79
Trd, 4319547.543, 62
Trd, 4319548.093, 61
Trd, 4319548.143, 70
Trd, 4319548.843, 60
Trd, 4319549.943, 81
Trd, 4319550.943, 62
Trd, 4319551.643, 60
Trd, 4319552.143, 64
Trd, 4319552.793, 69
Trd, 4319553.393, 61
Trd, 4319556.193, 61
Trd, 4319556.343, 60
Trd, 4319556.743, 61
Trd, 4319556.843, 62
Trd, 4319557.193, 62
Trd, 4319557.393, 62
Trd, 4319559.243, 60
Trd, 4319559.693, 61
Trd, 4319560.393, 61
Trd, 4319560.743, 61
Trd, 4319561.193, 60
Trd, 4319561.943, 60
Trd, 4319562.143, 66
Trd, 4319562.593, 70
Trd, 4319562.743, 77
Trd, 4319564.393, 61
Trd, 4319564.443, 68
Trd, 4319566.193, 65
Trd, 4319567.243, 60
Trd, 4319567.893, 64
Trd, 4319568.193, 65
Trd, 4319568.943, 69
Trd, 4319569.543, 61
Trd, 4319569.693, 63
Trd, 4319570.993, 60
Trd, 4319572.243, 60
Trd, 4319573.093, 60
Trd, 4319573.293, 64
Trd, 4319574.693, 60
Trd, 4319575.343, 60
Trd, 4319575.743, 60
Trd, 4319575.893, 64
Trd, 4319577.243, 61
Trd, 4319580.193, 60
Trd, 4319580.643, 61
Trd, 4319580.893, 65
Trd, 4319581.393, 61
Trd, 4319583.243, 60
Trd, 4319583.493, 60
Trd, 4319584.243, 60
Trd, 4319584.943, 61
Trd, 4319585.443, 69
Trd, 4319585.593, 62
Trd, 4319585.743, 70
Trd, 4319586.093, 79
Trd, 4319586.243, 63
Trd, 4319586.743, 139
Trd, 4319587.543, 140
Trd, 4319587.993, 135
Trd, 4319588.443, 128
Trd, 4319590.293, 60
Trd, 4319590.393, 60
Trd, 4319591.093, 65
Trd, 4319592.193, 60
Trd, 4319592.693, 60
Trd, 4319594.193, 68
Trd, 4319594.493, 63
Trd, 4319594.943, 61
Trd, 4319595.293, 63
Trd, 4319595.643, 74
Trd, 4319598.643, 60
Trd, 4319599.143, 60
Trd, 4319599.393, 62
Trd, 4319599.893, 61
Trd, 4319600.893, 61
Trd, 4319602.043, 60
Trd, 4319602.443, 62
Trd, 4319603.243, 62
Trd, 4319603.393, 61
Trd, 4319603.493, 66
Trd, 4319604.193, 68
Trd, 4319606.193, 61
Trd, 4319606.293, 64
Trd, 4319607.143, 65
Trd, 4319608.143, 64
Trd, 4319608.443, 64
Trd, 4319610.193, 64
Trd, 4319610.993, 60
Trd, 4319611.043, 66
Trd, 4319611.193, 68
Trd, 4319612.293, 60
Trd, 4319612.593, 63
Trd, 4319612.893, 64
Trd, 4319613.443, 61
Trd, 4319615.143, 60
Trd, 4319615.193, 60
Trd, 4319615.243, 64
Trd, 4319616.593, 63
Trd, 4319616.943, 64
Trd, 4319617.243, 62
Trd, 4319617.293, 64
Trd, 4319617.343, 61
Trd, 4319617.943, 60
Trd, 4319618.293, 60
Trd, 4319618.843, 61
Trd, 4319620.143, 61
Trd, 4319621.043, 62
Trd, 4319621.243, 64
Trd, 4319621.993, 60
Trd, 4319622.693, 60
Trd, 4319622.843, 61
Trd, 4319623.793, 66
Trd, 4319625.593, 62
Trd, 4319627.043, 60
Trd, 4319627.493, 61
Trd, 4319627.893, 63
Trd, 4319628.243, 62
Trd, 4319628.593, 63
Trd, 4319629.943, 63
Trd, 4319629.993, 65
Trd, 4319630.493, 65
Trd, 4319631.043, 69
Trd, 4319631.593, 68
Trd, 4319632.143, 62
Trd, 4319633.093, 64
Trd, 4319634.043, 68
Trd, 4319634.743, 61
Trd, 4319635.043, 62
Trd, 4319635.143, 63
Trd, 4319637.093, 64
Trd, 4319637.343, 62
Trd, 4319637.993, 60
Trd, 4319638.443, 61
Trd, 4319639.093, 63
Trd, 4319639.793, 67
Trd, 4319640.643, 61
Trd, 4319640.693, 72
Trd, 4319641.393, 60
Trd, 4319641.793, 61
Trd, 4319641.943, 69
Trd, 4319642.443, 103
Trd, 4319643.193, 60
Trd, 4319643.593, 138
Trd, 4319644.093, 99
Trd, 4319644.593, 85
Trd, 4319645.393, 134
Trd, 4319645.593, 132
Trd, 4319646.993, 61
Trd, 4319648.293, 60
Trd, 4319648.593, 60
Trd, 4319649.043, 62
Trd, 4319652.543, 60
Trd, 4319652.743, 61
Trd, 4319652.943, 61
Trd, 4319653.193, 60
Trd, 4319654.143, 62
Trd, 4319654.693, 60
Trd, 4319654.793, 66
Trd, 4319655.743, 60
Trd, 4319655.893, 62
Trd, 4319656.293, 67
Trd, 4319656.693, 62
Trd, 4319657.393, 62
Trd, 4319657.493, 61
Trd, 4319658.293, 70
Trd, 4319659.043, 60
Trd, 4319659.393, 65
Trd, 4319660.143, 63
Trd, 4319661.043, 63
Trd, 4319661.293, 69
Trd, 4319662.143, 69
Trd, 4319662.493, 68
Trd, 4319662.543, 64
Trd, 4319663.243, 137
Trd, 4319663.443, 140
Trd, 4319664.443, 65
Trd, 4319665.843, 62
Trd, 4319665.893, 72
Trd, 4319666.393, 135
Trd, 4319667.693, 60
Trd, 4319668.993, 60
Trd, 4319669.093, 60
Trd, 4319669.393, 61
Trd, 4319669.443, 66
Trd, 4319671.793, 60
Trd, 4319671.943, 67
Trd, 4319672.543, 62
Trd, 4319673.093, 62
Trd, 4319673.343, 62
Trd, 4319673.543, 62
Trd, 4319674.893, 60
Trd, 4319675.593, 60
Trd, 4319676.293, 61
Trd, 4319676.443, 62
Trd, 4319677.793, 60
Trd, 4319678.193, 60
Trd, 4319678.893, 61
Trd, 4319680.743, 61
Trd, 4319680.793, 67
Trd, 4319682.343, 61
Trd, 4319683.093, 61
Trd, 4319683.393, 62
Trd, 4319684.293, 62
Trd, 4319684.343, 64
Trd, 4319684.743, 64
Trd, 4319686.343, 62
Trd, 4319686.393, 62
Trd, 4319686.443, 62
Trd, 4319686.643, 67
Trd, 4319687.493, 140
Trd, 4319688.343, 127
Trd, 4319688.843, 118
Trd, 4319689.693, 62
Trd, 4319689.743, 61
Trd, 4319689.843, 72
Trd, 4319690.043, 139
Trd, 4319690.543, 140
Trd, 4319692.443, 140
Trd, 4319692.793, 140
Trd, 4319692.893, 139
Trd, 4319693.193, 135
Trd, 4319694.493, 139
Trd, 4319695.293, 134
Trd, 4319695.843, 121
Trd, 4319696.243, 138
Trd, 4319696.293, 120
Trd, 4319698.193, 140
Trd, 4319698.743, 140
Trd, 4319699.193, 139
Trd, 4319699.543, 127
Trd, 4319699.693, 68
Trd, 4319700.943, 140
Trd, 4319701.043, 116
Trd, 4319702.193, 138
Trd, 4319702.793, 136
Trd, 4319703.393, 60
Trd, 4319704.143, 60
Trd, 4319704.393, 63
Trd, 4319705.843, 60
Trd, 4319706.243, 60
Trd, 4319706.843, 60
Trd, 4319707.593, 60
Trd, 4319708.943, 62
Trd, 4319709.793, 60
Trd, 4319710.243, 62
Trd, 4319710.793, 61
Trd, 4319711.343, 62
Trd, 4319711.393, 61
Trd, 4319711.993, 64
Trd, 4319712.243, 64
Trd, 4319713.043, 69
Trd, 4319714.993, 62
Trd, 4319715.243, 65
Trd, 4319716.643, 61
Trd, 4319717.143, 60
Trd, 4319717.793, 61
Trd, 4319718.743, 60
Trd, 4319718.843, 60
Trd, 4319719.743, 60
Trd, 4319720.143, 60
Trd, 4319720.293, 60
Trd, 4319721.493, 61
Trd, 4319722.643, 60
Trd, 4319723.043, 62
Trd, 4319723.593, 60
Trd, 4319724.843, 61
Trd, 4319725.143, 69
Trd, 4319725.643, 63
Trd, 4319725.793, 63
Trd, 4319725.943, 61
Trd, 4319726.693, 71
Trd, 4319726.793, 78
Trd, 4319727.543, 140
Trd, 4319729.043, 140
Trd, 4319729.443, 137
Trd, 4319729.793, 85
Trd, 4319730.193, 62
Trd, 4319731.743, 60
Trd, 4319732.093, 63
Trd, 4319732.393, 60
Trd, 4319733.293, 60
Trd, 4319735.093, 60
Trd, 4319735.443, 61
Trd, 4319736.243, 61
Trd, 4319736.293, 65
Trd, 4319737.693, 60
Trd, 4319738.843, 60
Trd, 4319739.893, 61
Trd, 4319739.993, 61
Trd, 4319740.393, 60
Trd, 4319740.493, 62
Trd, 4319741.243, 66
Trd, 4319741.443, 62
Trd, 4319741.793, 76
Trd, 4319743.693, 60
Trd, 4319743.793, 65
Trd, 4319745.143, 60
Trd, 4319745.493, 60
Trd, 4319746.143, 80
Trd, 4319746.343, 65
Trd, 4319747.493, 61
Trd, 4319747.593, 61
Trd, 4319748.343, 61
Trd, 4319749.343, 60
Trd, 4319749.993, 61
Trd, 4319752.093, 62
Trd, 4319753.143, 60
Trd, 4319753.193, 65
Trd, 4319753.493, 71
Trd, 4319754.343, 67
Trd, 4319754.893, 66
Trd, 4319755.493, 64
Trd, 4319756.043, 79
Trd, 4319756.393, 140
Trd, 4319756.493, 138
Trd, 4319757.043, 67
Trd, 4319758.043, 67
Trd, 4319758.993, 61
Trd, 4319759.393, 62
Trd, 4319760.543, 65
Trd, 4319760.943, 61
Trd, 4319761.693, 62
Trd, 4319762.293, 65
Trd, 4319763.193, 60
Trd, 4319763.843, 60
Trd, 4319763.943, 106
Trd, 4319765.443, 61
Trd, 4319765.793, 62
Trd, 4319765.943, 60
Trd, 4319767.193, 60
Trd, 4319767.443, 60
Trd, 4319767.593, 62
Trd, 4319767.993, 67
Trd, 4319768.543, 138
Trd, 4319769.143, 69
Trd, 4319769.543, 63
Trd, 4319769.743, 61
Trd, 4319770.893, 140
Trd, 4319771.193, 135
Trd, 4319771.443, 139
Trd, 4319771.643, 134
Trd, 4319772.143, 140
Trd, 4319774.043, 60
Trd, 4319774.643, 61
Trd, 4319775.643, 60
Trd, 4319775.843, 60
Trd, 4319776.743, 62
Trd, 4319776.793, 74
Trd, 4319777.393, 60
Trd, 4319777.543, 60
Trd, 4319778.443, 140
Trd, 4319778.893, 140
Trd, 4319779.343, 140
Trd, 4319779.543, 138
Trd, 4319780.193, 87
Trd, 4319780.493, 71
Trd, 4319781.593, 66
Trd, 4319783.543, 61
Trd, 4319783.593, 62
Trd, 4319783.693, 140
Trd, 4319784.993, 60
Trd, 4319785.443, 60
Trd, 4319785.743, 61
Trd, 4319786.593, 68
Trd, 4319787.593, 62
Trd, 4319788.793, 64
Trd, 4319789.093, 69
Trd, 4319790.593, 61
Trd, 4319791.693, 61
Trd, 4319792.243, 60
Trd, 4319793.793, 60
Trd, 4319794.293, 60
Trd, 4319794.793, 64
Trd, 4319795.343, 61
Trd, 4319795.893, 60
Trd, 4319796.843, 62
Trd, 4319797.243, 62
Trd, 4319797.443, 62
Trd, 4319797.943, 96
Trd, 4319798.593, 62
Trd, 4319799.393, 64
Trd, 4319799.643, 63
Trd, 4319800.943, 65
Trd, 4319801.593, 65
Trd, 4319801.843, 122
Trd, 4319801.893, 63
Trd, 4319802.643, 139
Trd, 4319802.843, 78
Trd, 4319803.093, 106
Trd, 4319803.643, 138
Trd, 4319804.493, 65
Trd, 4319804.893, 139
Trd, 4319805.243, 64
Trd, 4319805.293, 63
Trd, 4319805.793, 66
Trd, 4319807.493, 67
Trd, 4319808.343, 140
Trd, 4319808.493, 125
Trd, 4319808.793, 124
Trd, 4319809.943, 60
Trd, 4319810.943, 62
Trd, 4319812.143, 60
Trd, 4319813.043, 60
Trd, 4319813.793, 69
Trd, 4319814.793, 60
Trd, 4319815.293, 60
Trd, 4319815.743, 60
Trd, 4319816.443, 60
Trd, 4319817.193, 60
Trd, 4319817.543, 60
Trd, 4319817.843, 60
Trd, 4319818.443, 63
Trd, 4319819.493, 140
Trd, 4319820.493, 61
Trd, 4319820.543, 64
Trd, 4319820.593, 71
Trd, 4319822.243, 61
Trd, 4319822.293, 64
Trd, 4319822.843, 67
Trd, 4319823.493, 66
Trd, 4319824.243, 62
Trd, 4319824.843, 62
Trd, 4319825.293, 140
Trd, 4319825.493, 140
Trd, 4319825.643, 124
Trd, 4319826.693, 140
Trd, 4319827.593, 60
Trd, 4319828.543, 60
Trd, 4319829.893, 61
Trd, 4319830.143, 64
Trd, 4319831.443, 61
Trd, 4319831.993, 61
Trd, 4319832.643, 62
Trd, 4319832.893, 63
Trd, 4319833.843, 64
Trd, 4319833.893, 70
Trd, 4319835.943, 60
Trd, 4319836.193, 60
Trd, 4319836.343, 61
Trd, 4319836.893, 61
Trd, 4319837.543, 60
Trd, 4319838.593, 67
Trd, 4319839.293, 60
Trd, 4319839.993, 63
Trd, 4319840.093, 66
Trd, 4319840.393, 62
Trd, 4319840.443, 75
Trd, 4319840.593, 80
Trd, 4319842.243, 63
Trd, 4319842.593, 63
Trd, 4319842.943, 62
Trd, 4319843.043, 68
Trd, 4319844.143, 62
Trd, 4319844.593, 62
Trd, 4319845.993, 60
Trd, 4319846.643, 60
Trd, 4319846.993, 61
Trd, 4319847.293, 64
Trd, 4319849.643, 60
Trd, 4319849.743, 60
Trd, 4319851.093, 61
Trd, 4319851.293, 64
Trd, 4319851.543, 62
Trd, 4319852.743, 61
Trd, 4319853.193, 60
Trd, 4319854.243, 60
Trd, 4319855.243, 61
Trd, 4319855.443, 63
Trd, 4319855.593, 68
Trd, 4319855.643, 60
Trd, 4319856.193, 73
Trd, 4319857.343, 63
Trd, 4319857.843, 65
Trd, 4319859.293, 60
Trd, 4319859.743, 61
Trd, 4319860.493, 68
Trd, 4319860.693, 73
Trd, 4319861.693, 60
Trd, 4319862.443, 62
Trd, 4319862.893, 65
Trd, 4319863.243, 61
Trd, 4319863.343, 65
Trd, 4319863.893, 62
Trd, 4319864.393, 140
Trd, 4319864.443, 138
Trd, 4319865.443, 63
Trd, 4319865.693, 124
Trd, 4319866.793, 60
Trd, 4319867.043, 67
Trd, 4319868.093, 91
Trd, 4319868.843, 83
Trd, 4319869.043, 82
Trd, 4319869.143, 66
Trd, 4319869.243, 126
Trd, 4319869.743, 124
Trd, 4319870.143, 78
Trd, 4319872.093, 67
Trd, 4319872.893, 60
Trd, 4319873.193, 68
Trd, 4319873.743, 62
Trd, 4319874.093, 60
Trd, 4319874.543, 63
Trd, 4319877.893, 60
Trd, 4319878.193, 60
Trd, 4319878.693, 60
Trd, 4319880.193, 60
Trd, 4319880.793, 60
Trd, 4319881.043, 61
Trd, 4319881.793, 60
Trd, 4319882.043, 63
Trd, 4319883.043, 62
Trd, 4319883.493, 62
Trd, 4319883.693, 61
Trd, 4319884.043, 64
Trd, 4319886.743, 61
Trd, 4319887.593, 60
Trd, 4319887.743, 60
Trd, 4319888.243, 62
Trd, 4319888.393, 61
Trd, 4319888.543, 62
Trd, 4319888.943, 61
Trd, 4319889.093, 60
Trd, 4319890.393, 63
Trd, 4319890.643, 63
Trd, 4319890.993, 78
Trd, 4319891.143, 62
Trd, 4319891.993, 61
Trd, 4319893.443, 63
Trd, 4319893.743, 61
Trd, 4319894.243, 60
Trd, 4319895.793, 69
Trd, 4319896.493, 60
Trd, 4319896.543, 89
Trd, 4319896.943, 60
Trd, 4319897.343, 139
Trd, 4319897.743, 139
Trd, 4319898.093, 77
Trd, 4319899.993, 61
Trd, 4319900.143, 66
Trd, 4319901.043, 64
Trd, 4319901.543, 63
Trd, 4319903.793, 61
Trd, 4319904.493, 62
Trd, 4319904.593, 62
Trd, 4319904.643, 65
Trd, 4319904.743, 93
Trd, 4319905.193, 96
Trd, 4319907.243, 60
Trd, 4319907.493, 61
Trd, 4319908.393, 62
Trd, 4319909.143, 62
Trd, 4319909.193, 65
Trd, 4319909.943, 68
Trd, 4319910.293, 61
Trd, 4319911.343, 66
Trd, 4319911.443, 93
Trd, 4319911.943, 71
Trd, 4319912.693, 138
Trd, 4319912.993, 116
Trd, 4319913.293, 99
Trd, 4319913.543, 90
Trd, 4319914.793, 60
Trd, 4319915.243, 62
Trd, 4319915.843, 62
Trd, 4319917.443, 60
Trd, 4319918.443, 64
Trd, 4319918.593, 61
Trd, 4319918.993, 60
Trd, 4319920.493, 60
Trd, 4319920.543, 68
Trd, 4319921.793, 60
Trd, 4319921.993, 60
Trd, 4319923.643, 60
Trd, 4319924.043, 61
Trd, 4319924.243, 61
Trd, 4319924.343, 62
Trd, 4319924.643, 63
Trd, 4319924.693, 61
Trd, 4319925.343, 64
Trd, 4319925.593, 63
Trd, 4319925.943, 70
Trd, 4319927.093, 63
Trd, 4319927.243, 65
Trd, 4319927.343, 81
Trd, 4319927.693, 63
Trd, 4319927.893, 102
Trd, 4319929.943, 60
Trd, 4319930.593, 62
Trd, 4319930.643, 64
Trd, 4319932.543, 60
Trd, 4319933.493, 60
Trd, 4319933.543, 65
Trd, 4319933.693, 66
Trd, 4319934.393, 60
Trd, 4319934.993, 60
Trd, 4319936.543, 60
Trd, 4319938.043, 60
Trd, 4319938.093, 61
Trd, 4319938.943, 60
Trd, 4319939.793, 60
Trd, 4319940.143, 60
Trd, 4319940.193, 61
Trd, 4319940.943, 63
Trd, 4319940.993, 65
Trd, 4319941.243, 63
Trd, 4319942.743, 61
Trd, 4319943.043, 63
Trd, 4319943.293, 63
Trd, 4319944.043, 62
Trd, 4319945.293, 60
Trd, 4319945.993, 60
Trd, 4319946.093, 72
Trd, 4319947.393, 61
Trd, 4319948.093, 62
Trd, 4319949.043, 61
Trd, 4319949.593, 60
Trd, 4319949.943, 61
Trd, 4319950.443, 63
Trd, 4319951.943, 60
Trd, 4319953.543, 61
Trd, 4319953.643, 61
Trd, 4319954.993, 61
Trd, 4319955.393, 61
Trd, 4319956.293, 60
Trd, 4319956.493, 62
Trd, 4319956.543, 62
Trd, 4319957.143, 60
Trd, 4319957.693, 61
Trd, 4319958.043, 61
Trd, 4319958.193, 71
Trd, 4319960.393, 60
Trd, 4319961.143, 60
Trd, 4319961.343, 65
Trd, 4319963.293, 60
Trd, 4319963.393, 60
Trd, 4319963.693, 60
Trd, 4319964.943, 60
Trd, 4319965.443, 66
Trd, 4319965.843, 63
Trd, 4319967.243, 65
Trd, 4319967.393, 60
Trd, 4319968.193, 60
Trd, 4319968.343, 66
Trd, 4319969.043, 60
Trd, 4319969.643, 60
Trd, 4319969.893, 61
Trd, 4319970.993, 80
Trd, 4319971.393, 60
Trd, 4319971.793, 89
Trd, 4319972.893, 140
Trd, 4319973.093, 140
Trd, 4319973.793, 63
Trd, 4319973.943, 63
Trd, 4319974.943, 60
Trd, 4319975.343, 62
Trd, 4319976.243, 60
Trd, 4319977.243, 60
Trd, 4319977.593, 60
Trd, 4319977.843, 63
Trd, 4319978.093, 65
Trd, 4319979.693, 61
Trd, 4319980.193, 140
Trd, 4319980.793, 67
Trd, 4319980.893, 65
Trd, 4319981.293, 79
Trd, 4319981.893, 67
Trd, 4319983.243, 79
Trd, 4319984.243, 61
Trd, 4319984.393, 76
Trd, 4319985.193, 81
Trd, 4319985.393, 60
Trd, 4319985.843, 81
Trd, 4319986.693, 64
Trd, 4319987.843, 60
Trd, 4319989.193, 61
Trd, 4319990.343, 60
Trd, 4319990.393, 61
Trd, 4319990.793, 63
Trd, 4319991.343, 66
Trd, 4319991.793, 62
Trd, 4319992.343, 73
Trd, 4319992.993, 63
Trd, 4319993.993, 61
Trd, 4319994.343, 60
Trd, 4319994.543, 60
Trd, 4319995.343, 61
Trd, 4319995.493, 61
Trd, 4319995.693, 77
Trd, 4319996.643, 64
Trd, 4319998.043, 60
Trd, 4319999.293, 140
Trd, 4319999.343, 116
Trd, 4319999.893, 140
Trd, 4319999.993, 107
