Trd, 4318114.543, 140
Trd, 4318115.743, 130
Trd, 4318117.293, 115
Trd, 4318117.793, 105
Trd, 4318118.193, 97
Trd, 4318119.143, 89
Trd, 4318119.543, 87
Trd, 4318119.893, 93
Trd, 4318120.543, 135
Trd, 4318120.593, 126
Trd, 4318121.693, 122
Trd, 4318122.943, 123
Trd, 4318124.093, 102
Trd, 4318124.743, 137
Trd, 4318124.793, 134
Trd, 4318125.193, 127
Trd, 4318125.643, 90
Trd, 4318128.293, 105
Trd, 4318129.143, 139
Trd, 4318129.393, 132
Trd, 4318130.893, 99
Trd, 4318131.993, 135
Trd, 4318132.643, 82
Trd, 4318132.693, 78
Trd, 4318133.643, 82
Trd, 4318134.043, 81
Trd, 4318134.093, 75
Trd, 4318134.693, 87
Trd, 4318135.193, 61
Trd, 4318136.593, 60
Trd, 4318137.093, 82
Trd, 4318137.443, 83
Trd, 4318139.243, 137
Trd, 4318139.993, 122
Trd, 4318140.643, 110
Trd, 4318140.693, 91
Trd, 4318142.093, 79
Trd, 4318142.493, 115
Trd, 4318143.193, 77
Trd, 4318144.293, 129
Trd, 4318144.343, 109
Trd, 4318144.843, 121
Trd, 4318144.993, 119
Trd, 4318145.193, 96
Trd, 4318145.993, 95
Trd, 4318147.243, 85
Trd, 4318147.893, 120
Trd, 4318150.193, 108
Trd, 4318150.643, 116
Trd, 4318154.743, 124
Trd, 4318154.893, 123
Trd, 4318155.143, 122
Trd, 4318155.243, 115
Trd, 4318156.243, 85
Trd, 4318156.643, 77
Trd, 4318157.493, 78
Trd, 4318157.643, 84
Trd, 4318159.793, 75
Trd, 4318160.543, 108
Trd, 4318161.293, 71
Trd, 4318161.393, 64
Trd, 4318161.643, 121
Trd, 4318162.693, 85
Trd, 4318162.943, 104
Trd, 4318163.893, 83
Trd, 4318166.293, 131
Trd, 4318166.993, 95
Trd, 4318167.893, 137
Trd, 4318168.543, 121
Trd, 4318169.643, 122
Trd, 4318170.193, 124
Trd, 4318171.193, 117
Trd, 4318172.093, 101
Trd, 4318172.793, 110
Trd, 4318173.693, 135
Trd, 4318174.593, 138
Trd, 4318175.243, 126
Trd, 4318177.443, 126
Trd, 4318177.543, 114
Trd, 4318177.643, 113
Trd, 4318177.993, 133
Trd, 4318179.293, 134
Trd, 4318180.543, 128
Trd, 4318181.043, 122
Trd, 4318181.793, 138
Trd, 4318183.193, 110
Trd, 4318183.643, 107
Trd, 4318183.793, 107
Trd, 4318183.993, 95
Trd, 4318184.343, 122
Trd, 4318185.893, 134
Trd, 4318186.843, 103
Trd, 4318187.293, 101
Trd, 4318188.993, 90
Trd, 4318189.293, 89
Trd, 4318189.993, 92
Trd, 4318190.443, 73
Trd, 4318190.893, 62
Trd, 4318192.843, 140
Trd, 4318193.293, 115
Trd, 4318193.843, 98
Trd, 4318194.243, 86
Trd, 4318194.593, 66
Trd, 4318195.043, 94
Trd, 4318196.193, 81
Trd, 4318196.643, 87
Trd, 4318197.543, 91
Trd, 4318197.793, 89
Trd, 4318199.193, 85
Trd, 4318200.643, 139
Trd, 4318201.493, 126
Trd, 4318203.093, 103
Trd, 4318203.293, 92
Trd, 4318204.443, 69
Trd, 4318205.043, 82
Trd, 4318205.993, 66
Trd, 4318206.393, 72
Trd, 4318206.693, 73
Trd, 4318207.093, 97
Trd, 4318207.393, 113
Trd, 4318207.443, 104
Trd, 4318207.843, 86
Trd, 4318209.493, 65
Trd, 4318209.893, 67
Trd, 4318210.793, 62
Trd, 4318211.593, 79
Trd, 4318212.443, 67
Trd, 4318212.943, 104
Trd, 4318214.443, 104
Trd, 4318214.543, 104
Trd, 4318214.943, 78
Trd, 4318215.493, 91
Trd, 4318215.593, 90
Trd, 4318216.043, 74
Trd, 4318217.493, 107
Trd, 4318217.643, 103
Trd, 4318218.293, 103
Trd, 4318220.593, 132
Trd, 4318220.643, 122
Trd, 4318220.993, 89
Trd, 4318221.293, 91
Trd, 4318221.593, 68
Trd, 4318222.593, 96
Trd, 4318223.443, 110
Trd, 4318224.093, 134
Trd, 4318226.343, 129
Trd, 4318226.443, 128
Trd, 4318227.793, 136
Trd, 4318227.893, 119
Trd, 4318229.993, 74
Trd, 4318230.393, 75
Trd, 4318230.693, 95
Trd, 4318230.943, 71
Trd, 4318232.343, 61
Trd, 4318233.643, 73
Trd, 4318235.043, 92
Trd, 4318235.443, 102
Trd, 4318236.043, 90
Trd, 4318236.443, 116
Trd, 4318237.593, 86
Trd, 4318238.243, 97
Trd, 4318238.593, 90
Trd, 4318239.093, 128
Trd, 4318239.543, 117
Trd, 4318239.993, 86
Trd, 4318240.743, 120
Trd, 4318241.343, 65
Trd, 4318242.693, 118
Trd, 4318243.343, 83
Trd, 4318244.143, 81
Trd, 4318244.793, 92
Trd, 4318244.943, 83
Trd, 4318245.243, 75
Trd, 4318246.993, 88
Trd, 4318247.243, 117
Trd, 4318248.743, 133
Trd, 4318249.943, 110
Trd, 4318250.343, 109
Trd, 4318250.443, 100
Trd, 4318251.093, 131
Trd, 4318251.343, 111
Trd, 4318252.943, 94
Trd, 4318253.043, 118
Trd, 4318253.143, 94
Trd, 4318253.293, 77
Trd, 4318253.493, 76
Trd, 4318255.143, 60
Trd, 4318255.443, 60
Trd, 4318255.943, 110
Trd, 4318258.293, 113
Trd, 4318258.393, 122
Trd, 4318258.543, 84
Trd, 4318261.693, 95
Trd, 4318261.943, 82
Trd, 4318263.243, 93
Trd, 4318264.343, 131
Trd, 4318264.993, 128
Trd, 4318265.193, 128
Trd, 4318265.293, 110
Trd, 4318265.393, 98
Trd, 4318266.093, 112
Trd, 4318266.393, 133
Trd, 4318266.943, 119
Trd, 4318267.543, 108
Trd, 4318268.993, 123
Trd, 4318269.693, 115
Trd, 4318270.043, 101
Trd, 4318270.343, 107
Trd, 4318271.093, 71
Trd, 4318271.593, 124
Trd, 4318273.643, 110
Trd, 4318273.843, 100
Trd, 4318274.343, 120
Trd, 4318274.443, 86
Trd, 4318275.093, 107
Trd, 4318276.493, 135
Trd, 4318277.293, 129
Trd, 4318277.943, 73
Trd, 4318278.443, 133
Trd, 4318278.643, 88
Trd, 4318278.743, 78
Trd, 4318279.993, 62
Trd, 4318281.893, 127
Trd, 4318281.943, 124
Trd, 4318282.343, 114
Trd, 4318283.543, 130
Trd, 4318283.743, 103
Trd, 4318284.243, 109
Trd, 4318284.293, 108
Trd, 4318287.043, 109
Trd, 4318287.493, 132
Trd, 4318289.093, 82
Trd, 4318290.793, 80
Trd, 4318291.143, 98
Trd, 4318291.193, 79
Trd, 4318291.393, 124
Trd, 4318293.393, 110
Trd, 4318293.493, 97
Trd, 4318293.743, 99
Trd, 4318294.643, 80
Trd, 4318295.343, 78
Trd, 4318297.393, 137
Trd, 4318297.893, 133
Trd, 4318298.193, 126
Trd, 4318298.393, 123
Trd, 4318298.993, 91
Trd, 4318300.743, 91
Trd, 4318301.743, 78
Trd, 4318303.393, 110
Trd, 4318303.643, 118
Trd, 4318304.093, 102
Trd, 4318305.393, 118
Trd, 4318305.593, 112
Trd, 4318306.193, 97
Trd, 4318306.393, 95
Trd, 4318308.443, 134
Trd, 4318310.043, 90
Trd, 4318310.193, 95
Trd, 4318310.643, 139
Trd, 4318310.993, 116
Trd, 4318311.893, 112
Trd, 4318311.993, 112
Trd, 4318312.143, 107
Trd, 4318312.543, 104
Trd, 4318313.643, 109
Trd, 4318315.093, 133
Trd, 4318315.143, 130
Trd, 4318316.943, 92
Trd, 4318317.243, 98
Trd, 4318317.693, 66
Trd, 4318318.143, 63
Trd, 4318319.943, 64
Trd, 4318321.743, 122
Trd, 4318323.293, 137
Trd, 4318323.343, 123
Trd, 4318323.493, 120
Trd, 4318325.443, 74
Trd, 4318325.843, 114
Trd, 4318326.093, 121
Trd, 4318327.243, 123
Trd, 4318327.843, 96
Trd, 4318328.143, 92
Trd, 4318328.843, 90
Trd, 4318329.143, 140
Trd, 4318329.293, 117
Trd, 4318329.993, 103
Trd, 4318330.493, 83
Trd, 4318331.493, 101
Trd, 4318332.593, 98
Trd, 4318332.743, 94
Trd, 4318332.993, 129
Trd, 4318333.193, 80
Trd, 4318334.493, 109
Trd, 4318335.493, 118
Trd, 4318336.343, 129
Trd, 4318337.043, 128
Trd, 4318338.443, 109
Trd, 4318338.643, 105
Trd, 4318338.843, 83
Trd, 4318339.243, 64
Trd, 4318339.393, 61
Trd, 4318339.493, 91
Trd, 4318340.943, 60
Trd, 4318341.343, 65
Trd, 4318342.893, 85
Trd, 4318343.993, 122
Trd, 4318345.093, 127
Trd, 4318346.793, 107
Trd, 4318347.343, 104
Trd, 4318347.893, 108
Trd, 4318348.193, 112
Trd, 4318348.543, 95
Trd, 4318349.643, 86
Trd, 4318350.093, 109
Trd, 4318350.893, 86
Trd, 4318351.443, 82
Trd, 4318352.043, 98
Trd, 4318353.143, 137
Trd, 4318353.543, 97
Trd, 4318355.443, 93
Trd, 4318355.793, 128
Trd, 4318356.793, 88
Trd, 4318357.743, 125
Trd, 4318358.193, 131
Trd, 4318358.993, 117
Trd, 4318359.093, 112
Trd, 4318361.243, 125
Trd, 4318361.343, 105
Trd, 4318361.393, 103
Trd, 4318362.843, 134
Trd, 4318363.043, 106
Trd, 4318363.943, 132
Trd, 4318364.543, 101
Trd, 4318364.643, 79
Trd, 4318366.043, 128
Trd, 4318366.443, 120
Trd, 4318366.493, 112
Trd, 4318366.543, 107
Trd, 4318368.343, 130
Trd, 4318368.493, 116
Trd, 4318369.243, 130
Trd, 4318369.643, 124
Trd, 4318371.493, 124
Trd, 4318371.793, 121
Trd, 4318371.843, 104
Trd, 4318373.093, 127
Trd, 4318373.443, 126
Trd, 4318374.193, 103
Trd, 4318375.293, 140
Trd, 4318376.143, 137
Trd, 4318376.243, 136
Trd, 4318377.793, 140
Trd, 4318377.993, 109
Trd, 4318378.343, 117
Trd, 4318379.593, 104
Trd, 4318380.543, 100
Trd, 4318381.393, 101
Trd, 4318382.143, 131
Trd, 4318382.693, 98
Trd, 4318383.193, 114
Trd, 4318383.293, 97
Trd, 4318384.943, 120
Trd, 4318385.443, 109
Trd, 4318385.543, 98
Trd, 4318387.243, 116
Trd, 4318388.243, 122
Trd, 4318388.343, 119
Trd, 4318388.443, 114
Trd, 4318388.543, 112
Trd, 4318390.093, 107
Trd, 4318390.343, 86
Trd, 4318390.393, 82
Trd, 4318390.993, 134
Trd, 4318391.493, 131
Trd, 4318391.993, 114
Trd, 4318392.143, 92
Trd, 4318393.543, 134
Trd, 4318394.143, 126
Trd, 4318394.793, 130
Trd, 4318394.843, 99
Trd, 4318397.093, 132
Trd, 4318397.843, 139
Trd, 4318397.993, 125
Trd, 4318398.893, 121
Trd, 4318400.593, 133
Trd, 4318400.643, 124
Trd, 4318401.193, 112
Trd, 4318401.243, 88
Trd, 4318402.993, 127
Trd, 4318403.243, 77
Trd, 4318404.193, 81
Trd, 4318404.493, 112
Trd, 4318404.593, 127
Trd, 4318406.493, 83
Trd, 4318406.643, 82
Trd, 4318407.993, 120
Trd, 4318408.093, 117
Trd, 4318408.843, 89
Trd, 4318410.143, 136
Trd, 4318410.893, 112
Trd, 4318411.343, 92
Trd, 4318412.393, 115
Trd, 4318412.793, 128
Trd, 4318412.843, 120
Trd, 4318412.993, 101
Trd, 4318414.443, 107
Trd, 4318414.943, 126
Trd, 4318415.743, 113
Trd, 4318416.493, 109
Trd, 4318416.893, 117
Trd, 4318417.543, 109
Trd, 4318417.743, 138
Trd, 4318419.243, 89
Trd, 4318421.193, 103
Trd, 4318421.543, 98
Trd, 4318423.043, 137
Trd, 4318423.143, 130
Trd, 4318423.893, 114
Trd, 4318424.693, 121
Trd, 4318425.193, 118
Trd, 4318425.493, 119
Trd, 4318425.643, 100
Trd, 4318427.343, 122
Trd, 4318428.493, 106
Trd, 4318429.343, 94
Trd, 4318430.543, 112
Trd, 4318430.643, 91
Trd, 4318431.093, 121
Trd, 4318432.643, 120
Trd, 4318432.743, 120
Trd, 4318433.193, 113
Trd, 4318433.993, 135
Trd, 4318434.743, 126
Trd, 4318435.793, 102
Trd, 4318437.043, 114
Trd, 4318437.443, 125
Trd, 4318437.743, 79
Trd, 4318438.393, 94
Trd, 4318439.743, 124
Trd, 4318439.843, 106
Trd, 4318441.393, 97
Trd, 4318442.293, 101
Trd, 4318442.343, 116
Trd, 4318442.693, 116
Trd, 4318442.793, 95
Trd, 4318443.593, 100
Trd, 4318443.893, 92
Trd, 4318444.793, 114
Trd, 4318445.543, 82
Trd, 4318446.493, 72
Trd, 4318447.193, 112
Trd, 4318447.593, 65
Trd, 4318448.543, 132
Trd, 4318448.643, 129
Trd, 4318449.943, 139
Trd, 4318450.193, 102
Trd, 4318450.493, 123
Trd, 4318451.343, 91
Trd, 4318452.393, 107
Trd, 4318453.443, 126
Trd, 4318453.943, 126
Trd, 4318454.293, 120
Trd, 4318454.443, 88
Trd, 4318456.593, 83
Trd, 4318456.693, 96
Trd, 4318456.993, 78
Trd, 4318457.543, 89
Trd, 4318458.643, 133
Trd, 4318459.643, 61
Trd, 4318459.943, 88
Trd, 4318462.343, 108
Trd, 4318462.943, 106
Trd, 4318463.143, 130
Trd, 4318463.643, 104
Trd, 4318464.493, 98
Trd, 4318464.543, 97
Trd, 4318466.243, 85
Trd, 4318466.693, 117
Trd, 4318467.843, 137
Trd, 4318468.693, 136
Trd, 4318469.293, 127
Trd, 4318469.743, 125
Trd, 4318471.543, 140
Trd, 4318471.743, 118
Trd, 4318473.043, 139
Trd, 4318473.093, 131
Trd, 4318473.393, 109
Trd, 4318473.493, 104
Trd, 4318474.743, 127
Trd, 4318475.993, 125
Trd, 4318476.943, 103
Trd, 4318477.343, 114
Trd, 4318477.393, 117
Trd, 4318477.443, 100
Trd, 4318478.493, 135
Trd, 4318478.943, 123
Trd, 4318479.243, 119
Trd, 4318480.193, 119
Trd, 4318482.043, 95
Trd, 4318482.493, 75
Trd, 4318484.043, 86
Trd, 4318484.843, 72
Trd, 4318485.243, 87
Trd, 4318485.393, 89
Trd, 4318485.543, 105
Trd, 4318485.643, 74
Trd, 4318486.593, 63
Trd, 4318487.093, 61
Trd, 4318487.443, 92
Trd, 4318487.943, 71
Trd, 4318489.193, 63
Trd, 4318489.943, 68
Trd, 4318490.443, 93
Trd, 4318491.143, 84
Trd, 4318491.443, 81
Trd, 4318492.993, 64
Trd, 4318494.043, 92
Trd, 4318494.143, 123
Trd, 4318496.293, 97
Trd, 4318496.793, 94
Trd, 4318496.893, 92
Trd, 4318497.093, 78
Trd, 4318498.343, 113
Trd, 4318498.843, 126
Trd, 4318499.493, 83
Trd, 4318500.243, 81
Trd, 4318501.443, 100
Trd, 4318501.893, 82
Trd, 4318502.393, 133
Trd, 4318502.593, 130
Trd, 4318502.893, 113
Trd, 4318503.243, 78
Trd, 4318505.093, 101
Trd, 4318505.643, 94
Trd, 4318506.743, 64
Trd, 4318507.493, 64
Trd, 4318508.993, 90
Trd, 4318509.593, 118
Trd, 4318509.793, 115
Trd, 4318510.693, 117
Trd, 4318510.893, 125
Trd, 4318511.243, 131
Trd, 4318512.143, 139
Trd, 4318513.343, 100
Trd, 4318514.043, 138
Trd, 4318514.343, 129
Trd, 4318514.443, 116
Trd, 4318514.943, 108
Trd, 4318516.293, 102
Trd, 4318516.443, 85
Trd, 4318516.693, 135
Trd, 4318519.193, 95
Trd, 4318519.343, 119
Trd, 4318519.593, 128
Trd, 4318520.843, 103
Trd, 4318521.843, 124
Trd, 4318521.943, 118
Trd, 4318523.143, 138
Trd, 4318523.343, 119
Trd, 4318523.593, 136
Trd, 4318523.943, 122
Trd, 4318525.893, 100
Trd, 4318526.393, 97
Trd, 4318526.793, 95
Trd, 4318527.543, 113
Trd, 4318528.543, 136
Trd, 4318529.593, 137
Trd, 4318529.793, 120
Trd, 4318529.943, 96
Trd, 4318530.593, 60
Trd, 4318530.893, 112
Trd, 4318532.143, 135
Trd, 4318534.193, 106
Trd, 4318535.243, 89
Trd, 4318535.393, 88
Trd, 4318535.693, 122
Trd, 4318536.843, 133
Trd, 4318537.343, 132
Trd, 4318538.343, 129
Trd, 4318538.393, 111
Trd, 4318539.943, 103
Trd, 4318541.193, 99
Trd, 4318542.943, 101
Trd, 4318542.993, 97
Trd, 4318543.093, 84
Trd, 4318544.693, 84
Trd, 4318545.143, 133
Trd, 4318545.643, 130
Trd, 4318546.493, 111
Trd, 4318547.093, 106
Trd, 4318547.193, 90
Trd, 4318548.343, 90
Trd, 4318548.643, 92
Trd, 4318548.943, 95
Trd, 4318550.593, 121
Trd, 4318551.043, 115
Trd, 4318551.443, 126
Trd, 4318552.093, 98
Trd, 4318552.643, 97
Trd, 4318553.343, 77
Trd, 4318554.593, 111
Trd, 4318554.843, 100
Trd, 4318556.193, 86
Trd, 4318557.143, 80
Trd, 4318557.243, 82
Trd, 4318557.343, 117
Trd, 4318557.993, 120
Trd, 4318558.743, 116
Trd, 4318559.093, 118
Trd, 4318560.693, 79
Trd, 4318560.743, 70
Trd, 4318561.843, 139
Trd, 4318562.893, 118
Trd, 4318563.393, 124
Trd, 4318564.043, 109
Trd, 4318564.493, 115
Trd, 4318565.143, 106
Trd, 4318565.843, 104
Trd, 4318566.793, 126
Trd, 4318567.043, 107
Trd, 4318567.393, 102
Trd, 4318568.843, 98
Trd, 4318569.493, 77
Trd, 4318570.693, 140
Trd, 4318571.793, 132
Trd, 4318572.143, 129
Trd, 4318572.893, 126
Trd, 4318573.843, 122
Trd, 4318574.043, 116
Trd, 4318576.293, 130
Trd, 4318577.343, 113
Trd, 4318577.493, 110
Trd, 4318577.593, 108
Trd, 4318577.893, 89
Trd, 4318578.343, 96
Trd, 4318578.593, 129
Trd, 4318579.393, 128
Trd, 4318582.243, 132
Trd, 4318582.543, 110
Trd, 4318582.843, 108
Trd, 4318583.343, 139
Trd, 4318583.743, 108
Trd, 4318583.943, 128
Trd, 4318584.393, 88
Trd, 4318585.493, 61
Trd, 4318586.843, 126
Trd, 4318587.843, 123
Trd, 4318588.993, 137
Trd, 4318589.643, 115
Trd, 4318589.893, 101
Trd, 4318590.893, 134
Trd, 4318591.543, 111
Trd, 4318592.193, 134
Trd, 4318592.593, 126
Trd, 4318593.343, 80
Trd, 4318593.393, 78
Trd, 4318593.793, 108
Trd, 4318595.543, 128
Trd, 4318596.393, 131
Trd, 4318597.543, 85
Trd, 4318598.193, 121
Trd, 4318598.343, 92
Trd, 4318598.543, 101
Trd, 4318599.193, 123
Trd, 4318599.393, 82
Trd, 4318600.093, 78
Trd, 4318601.143, 77
Trd, 4318601.743, 69
Trd, 4318602.343, 114
Trd, 4318603.293, 138
Trd, 4318603.743, 99
Trd, 4318604.193, 97
Trd, 4318604.743, 94
Trd, 4318605.393, 140
Trd, 4318605.443, 92
Trd, 4318605.693, 79
Trd, 4318607.593, 68
Trd, 4318607.843, 71
Trd, 4318607.943, 117
Trd, 4318608.693, 122
Trd, 4318609.343, 118
Trd, 4318610.043, 117
Trd, 4318610.293, 122
Trd, 4318611.193, 90
Trd, 4318611.343, 109
Trd, 4318611.693, 98
Trd, 4318613.643, 112
Trd, 4318614.193, 132
Trd, 4318614.393, 129
Trd, 4318614.743, 126
Trd, 4318616.543, 122
Trd, 4318618.443, 117
Trd, 4318618.943, 102
Trd, 4318619.293, 120
Trd, 4318619.393, 118
Trd, 4318619.543, 104
Trd, 4318619.793, 79
Trd, 4318620.893, 107
Trd, 4318622.093, 113
Trd, 4318623.343, 85
Trd, 4318624.293, 67
Trd, 4318624.893, 112
Trd, 4318625.143, 118
Trd, 4318625.843, 98
Trd, 4318626.093, 96
Trd, 4318626.843, 114
Trd, 4318627.643, 133
Trd, 4318629.293, 100
Trd, 4318629.643, 99
Trd, 4318630.843, 94
Trd, 4318632.093, 121
Trd, 4318632.293, 108
Trd, 4318632.543, 84
Trd, 4318632.843, 128
Trd, 4318633.993, 107
Trd, 4318634.293, 103
Trd, 4318634.893, 120
Trd, 4318635.343, 102
Trd, 4318637.093, 99
Trd, 4318638.143, 117
Trd, 4318638.643, 95
Trd, 4318639.243, 80
Trd, 4318639.343, 64
Trd, 4318639.743, 101
Trd, 4318640.643, 76
Trd, 4318641.593, 77
Trd, 4318641.643, 79
Trd, 4318642.243, 105
Trd, 4318642.743, 137
Trd, 4318644.143, 82
Trd, 4318644.443, 81
Trd, 4318645.193, 87
Trd, 4318645.643, 85
Trd, 4318646.043, 93
Trd, 4318646.143, 131
Trd, 4318646.743, 62
Trd, 4318647.793, 81
Trd, 4318648.693, 95
Trd, 4318649.043, 92
Trd, 4318649.843, 78
Trd, 4318649.993, 67
Trd, 4318650.943, 93
Trd, 4318653.593, 107
Trd, 4318653.943, 97
Trd, 4318654.043, 89
Trd, 4318655.893, 117
Trd, 4318656.843, 115
Trd, 4318658.043, 121
Trd, 4318658.893, 133
Trd, 4318659.243, 130
Trd, 4318660.093, 129
Trd, 4318660.243, 128
Trd, 4318660.543, 111
Trd, 4318662.543, 126
Trd, 4318663.293, 113
Trd, 4318663.793, 92
Trd, 4318663.993, 89
Trd, 4318664.193, 102
Trd, 4318664.293, 83
Trd, 4318665.043, 121
Trd, 4318665.643, 61
Trd, 4318666.743, 81
Trd, 4318668.043, 86
Trd, 4318668.843, 93
Trd, 4318670.143, 124
Trd, 4318670.643, 106
Trd, 4318671.493, 90
Trd, 4318671.843, 106
Trd, 4318671.943, 85
Trd, 4318672.393, 82
Trd, 4318672.643, 114
Trd, 4318674.393, 103
Trd, 4318674.893, 120
Trd, 4318675.643, 88
Trd, 4318677.143, 109
Trd, 4318677.793, 130
Trd, 4318677.993, 107
Trd, 4318679.443, 116
Trd, 4318679.543, 107
Trd, 4318680.043, 106
Trd, 4318681.543, 115
Trd, 4318681.643, 112
Trd, 4318681.843, 84
Trd, 4318682.843, 140
Trd, 4318682.893, 117
Trd, 4318682.943, 95
Trd, 4318684.893, 129
Trd, 4318685.443, 112
Trd, 4318686.293, 110
Trd, 4318687.043, 135
Trd, 4318687.443, 132
Trd, 4318687.843, 117
Trd, 4318689.043, 137
Trd, 4318689.093, 133
Trd, 4318689.393, 78
Trd, 4318690.343, 98
Trd, 4318690.443, 123
Trd, 4318690.693, 88
Trd, 4318693.293, 130
Trd, 4318693.493, 128
Trd, 4318693.693, 108
Trd, 4318694.243, 131
Trd, 4318694.293, 107
Trd, 4318695.143, 86
Trd, 4318697.343, 82
Trd, 4318697.443, 79
Trd, 4318698.493, 97
Trd, 4318700.043, 138
Trd, 4318701.193, 124
Trd, 4318701.893, 137
Trd, 4318702.093, 94
Trd, 4318702.893, 99
Trd, 4318703.193, 69
Trd, 4318704.243, 91
Trd, 4318704.893, 95
Trd, 4318705.293, 137
Trd, 4318705.893, 131
Trd, 4318705.943, 119
Trd, 4318706.543, 90
Trd, 4318707.243, 107
Trd, 4318707.593, 89
Trd, 4318707.743, 82
Trd, 4318708.043, 70
Trd, 4318708.893, 116
Trd, 4318710.343, 92
Trd, 4318711.443, 92
Trd, 4318712.693, 108
Trd, 4318713.493, 107
Trd, 4318713.793, 106
Trd, 4318714.443, 99
Trd, 4318714.493, 92
Trd, 4318715.043, 118
Trd, 4318715.693, 74
Trd, 4318715.993, 135
Trd, 4318717.443, 120
Trd, 4318717.543, 119
Trd, 4318718.493, 113
Trd, 4318719.193, 102
Trd, 4318720.893, 133
Trd, 4318722.543, 127
Trd, 4318722.593, 125
Trd, 4318723.993, 95
Trd, 4318724.043, 92
Trd, 4318724.793, 94
Trd, 4318725.493, 131
Trd, 4318725.693, 126
Trd, 4318725.893, 104
Trd, 4318726.793, 97
Trd, 4318728.843, 89
Trd, 4318728.943, 109
Trd, 4318730.793, 105
Trd, 4318731.593, 124
Trd, 4318732.043, 120
Trd, 4318732.543, 117
Trd, 4318733.143, 105
Trd, 4318733.893, 93
Trd, 4318734.743, 95
Trd, 4318735.493, 117
Trd, 4318735.693, 107
Trd, 4318735.843, 105
Trd, 4318736.393, 140
Trd, 4318738.343, 125
Trd, 4318738.543, 111
Trd, 4318739.143, 117
Trd, 4318740.543, 90
Trd, 4318741.293, 76
Trd, 4318741.643, 126
Trd, 4318741.843, 76
Trd, 4318743.043, 89
Trd, 4318743.743, 78
Trd, 4318745.443, 107
Trd, 4318745.543, 110
Trd, 4318745.943, 93
Trd, 4318746.343, 118
Trd, 4318746.743, 133
Trd, 4318747.743, 130
Trd, 4318748.743, 112
Trd, 4318749.043, 108
Trd, 4318750.743, 116
Trd, 4318751.143, 114
Trd, 4318751.593, 108
Trd, 4318753.343, 102
Trd, 4318754.343, 126
Trd, 4318754.843, 100
Trd, 4318754.893, 100
Trd, 4318755.443, 97
Trd, 4318756.243, 118
Trd, 4318757.443, 123
Trd, 4318757.493, 114
Trd, 4318757.993, 111
Trd, 4318758.443, 103
Trd, 4318759.393, 106
Trd, 4318760.193, 122
Trd, 4318761.093, 137
Trd, 4318761.693, 115
Trd, 4318761.793, 105
Trd, 4318762.243, 101
Trd, 4318763.043, 80
Trd, 4318764.443, 115
Trd, 4318764.743, 108
Trd, 4318765.343, 114
Trd, 4318766.493, 102
Trd, 4318766.793, 91
Trd, 4318767.493, 137
Trd, 4318768.393, 119
Trd, 4318768.943, 134
Trd, 4318769.593, 119
Trd, 4318770.043, 119
Trd, 4318771.643, 103
Trd, 4318772.243, 101
Trd, 4318772.443, 98
Trd, 4318773.993, 122
Trd, 4318774.693, 97
Trd, 4318775.293, 101
Trd, 4318775.943, 99
Trd, 4318776.943, 95
Trd, 4318777.693, 93
Trd, 4318778.093, 91
Trd, 4318778.193, 134
Trd, 4318779.593, 111
Trd, 4318779.693, 135
Trd, 4318780.243, 100
Trd, 4318781.743, 84
Trd, 4318783.393, 123
Trd, 4318783.893, 121
Trd, 4318784.393, 118
Trd, 4318784.693, 102
Trd, 4318785.993, 108
Trd, 4318786.293, 71
Trd, 4318787.693, 122
Trd, 4318788.043, 110
Trd, 4318790.993, 118
Trd, 4318791.393, 118
Trd, 4318791.893, 113
Trd, 4318792.243, 92
Trd, 4318792.793, 98
Trd, 4318792.893, 87
Trd, 4318793.893, 137
Trd, 4318795.343, 138
Trd, 4318795.543, 121
Trd, 4318795.743, 114
Trd, 4318796.593, 89
Trd, 4318796.643, 74
Trd, 4318797.493, 96
Trd, 4318798.593, 131
Trd, 4318798.743, 90
Trd, 4318798.943, 85
Trd, 4318799.293, 129
Trd, 4318799.693, 87
Trd, 4318800.793, 64
Trd, 4318801.943, 109
Trd, 4318802.693, 96
Trd, 4318802.993, 88
Trd, 4318804.193, 114
Trd, 4318804.543, 88
Trd, 4318804.843, 112
Trd, 4318805.443, 61
Trd, 4318805.843, 82
Trd, 4318806.693, 114
Trd, 4318807.593, 131
Trd, 4318809.343, 105
Trd, 4318809.793, 129
Trd, 4318810.143, 98
Trd, 4318810.443, 134
Trd, 4318810.593, 91
Trd, 4318811.243, 94
Trd, 4318811.743, 92
Trd, 4318813.493, 99
Trd, 4318814.243, 93
Trd, 4318814.593, 113
Trd, 4318814.993, 130
Trd, 4318816.493, 115
Trd, 4318817.293, 126
Trd, 4318817.543, 106
Trd, 4318817.693, 97
Trd, 4318819.243, 60
Trd, 4318820.143, 96
Trd, 4318820.593, 98
Trd, 4318820.893, 91
Trd, 4318821.793, 97
Trd, 4318822.193, 95
Trd, 4318823.093, 117
Trd, 4318824.193, 125
Trd, 4318824.243, 108
Trd, 4318827.043, 118
Trd, 4318827.243, 117
Trd, 4318827.343, 106
Trd, 4318828.593, 132
Trd, 4318829.243, 97
Trd, 4318830.043, 78
Trd, 4318830.743, 124
Trd, 4318831.643, 88
Trd, 4318832.043, 101
Trd, 4318832.343, 87
Trd, 4318832.493, 86
Trd, 4318832.843, 94
Trd, 4318832.893, 61
Trd, 4318833.393, 66
Trd, 4318834.543, 86
Trd, 4318835.043, 64
Trd, 4318836.793, 119
Trd, 4318837.443, 136
Trd, 4318837.643, 133
Trd, 4318838.743, 104
Trd, 4318839.493, 102
Trd, 4318840.143, 107
Trd, 4318841.193, 116
Trd, 4318842.543, 129
Trd, 4318842.843, 115
Trd, 4318843.793, 114
Trd, 4318843.993, 131
Trd, 4318844.743, 117
Trd, 4318845.743, 140
Trd, 4318846.193, 83
Trd, 4318846.743, 73
Trd, 4318846.893, 134
Trd, 4318847.893, 99
Trd, 4318848.193, 98
Trd, 4318849.293, 74
Trd, 4318849.443, 83
Trd, 4318850.193, 134
Trd, 4318850.343, 73
Trd, 4318851.043, 138
Trd, 4318851.143, 135
Trd, 4318851.493, 108
Trd, 4318852.943, 79
Trd, 4318854.393, 129
Trd, 4318855.593, 116
Trd, 4318855.793, 113
Trd, 4318856.293, 118
Trd, 4318856.543, 116
Trd, 4318856.893, 112
Trd, 4318858.443, 126
Trd, 4318858.593, 106
Trd, 4318859.343, 90
Trd, 4318859.993, 73
Trd, 4318860.343, 78
Trd, 4318861.243, 82
Trd, 4318862.843, 78
Trd, 4318862.943, 106
Trd, 4318863.893, 133
Trd, 4318865.793, 130
Trd, 4318866.993, 126
Trd, 4318867.243, 115
Trd, 4318867.493, 111
Trd, 4318867.743, 122
Trd, 4318868.443, 103
Trd, 4318869.443, 116
Trd, 4318869.493, 102
Trd, 4318869.793, 121
Trd, 4318871.393, 98
Trd, 4318871.793, 109
Trd, 4318871.993, 89
Trd, 4318872.093, 78
Trd, 4318873.143, 103
Trd, 4318873.493, 107
Trd, 4318873.993, 105
Trd, 4318874.993, 138
Trd, 4318875.143, 129
Trd, 4318875.443, 103
Trd, 4318876.343, 96
Trd, 4318877.893, 105
Trd, 4318878.693, 102
Trd, 4318878.743, 80
Trd, 4318879.043, 63
Trd, 4318879.743, 95
Trd, 4318880.993, 127
Trd, 4318881.893, 109
Trd, 4318882.743, 86
Trd, 4318883.393, 82
Trd, 4318883.643, 112
Trd, 4318883.893, 131
Trd, 4318886.593, 127
Trd, 4318886.893, 136
Trd, 4318886.993, 124
Trd, 4318887.843, 113
Trd, 4318888.893, 109
Trd, 4318890.043, 105
Trd, 4318890.193, 63
Trd, 4318891.243, 88
Trd, 4318892.293, 65
Trd, 4318893.143, 133
Trd, 4318893.393, 113
Trd, 4318894.493, 100
Trd, 4318896.043, 121
Trd, 4318896.593, 116
Trd, 4318898.043, 97
Trd, 4318898.643, 103
Trd, 4318899.343, 123
Trd, 4318900.493, 138
Trd, 4318900.543, 132
Trd, 4318901.143, 126
Trd, 4318902.043, 137
Trd, 4318902.693, 108
Trd, 4318902.843, 117
Trd, 4318903.343, 92
Trd, 4318903.893, 84
Trd, 4318905.093, 140
Trd, 4318906.143, 103
Trd, 4318908.293, 64
Trd, 4318909.093, 69
Trd, 4318909.693, 71
Trd, 4318910.043, 100
Trd, 4318912.043, 87
Trd, 4318912.693, 83
Trd, 4318912.743, 66
Trd, 4318913.643, 63
Trd, 4318915.393, 112
Trd, 4318915.443, 102
Trd, 4318917.343, 120
Trd, 4318917.893, 118
Trd, 4318918.593, 114
Trd, 4318919.043, 122
Trd, 4318919.593, 89
Trd, 4318919.843, 109
Trd, 4318919.943, 78
Trd, 4318920.943, 126
Trd, 4318921.243, 90
Trd, 4318921.993, 105
Trd, 4318922.043, 90
Trd, 4318922.393, 85
Trd, 4318923.193, 104
Trd, 4318923.743, 140
Trd, 4318924.593, 107
Trd, 4318925.093, 106
Trd, 4318925.393, 115
Trd, 4318926.443, 101
Trd, 4318927.243, 116
Trd, 4318928.043, 122
Trd, 4318928.393, 107
Trd, 4318929.093, 130
Trd, 4318929.643, 62
Trd, 4318930.493, 80
Trd, 4318931.993, 69
Trd, 4318934.243, 101
Trd, 4318934.343, 80
Trd, 4318934.493, 77
Trd, 4318934.693, 76
Trd, 4318935.293, 90
Trd, 4318937.143, 136
Trd, 4318937.443, 133
Trd, 4318938.543, 125
Trd, 4318939.893, 122
Trd, 4318941.243, 101
Trd, 4318941.293, 87
Trd, 4318941.843, 84
Trd, 4318942.743, 91
Trd, 4318943.193, 120
Trd, 4318943.643, 86
Trd, 4318945.193, 83
Trd, 4318945.293, 129
Trd, 4318946.643, 140
Trd, 4318946.743, 111
Trd, 4318948.243, 137
Trd, 4318948.743, 100
Trd, 4318949.943, 140
Trd, 4318950.343, 101
Trd, 4318950.393, 106
Trd, 4318951.043, 129
Trd, 4318951.243, 109
Trd, 4318951.943, 84
Trd, 4318953.643, 73
Trd, 4318953.793, 69
Trd, 4318954.693, 125
Trd, 4318955.093, 84
Trd, 4318956.393, 83
Trd, 4318957.343, 113
Trd, 4318957.893, 77
Trd, 4318958.593, 72
Trd, 4318958.843, 90
Trd, 4318958.893, 101
Trd, 4318959.293, 86
Trd, 4318959.793, 85
Trd, 4318959.893, 77
Trd, 4318960.743, 65
Trd, 4318960.793, 100
Trd, 4318961.893, 68
Trd, 4318962.643, 124
Trd, 4318962.943, 121
Trd, 4318963.143, 66
Trd, 4318964.193, 106
Trd, 4318964.943, 137
Trd, 4318965.343, 99
Trd, 4318965.543, 82
Trd, 4318966.843, 138
Trd, 4318966.893, 135
Trd, 4318969.043, 109
Trd, 4318970.543, 134
Trd, 4318970.993, 98
Trd, 4318971.043, 93
Trd, 4318971.343, 89
Trd, 4318971.543, 76
Trd, 4318973.793, 137
Trd, 4318974.193, 135
Trd, 4318974.793, 129
Trd, 4318976.343, 110
Trd, 4318976.943, 107
Trd, 4318977.493, 98
Trd, 4318978.193, 115
Trd, 4318978.443, 110
Trd, 4318978.543, 109
Trd, 4318980.843, 137
Trd, 4318980.893, 117
Trd, 4318981.143, 110
Trd, 4318982.393, 125
Trd, 4318983.143, 111
Trd, 4318983.543, 103
Trd, 4318984.343, 101
Trd, 4318984.493, 90
Trd, 4318985.693, 112
Trd, 4318985.843, 108
Trd, 4318986.643, 108
Trd, 4318986.993, 106
Trd, 4318987.243, 106
Trd, 4318987.593, 82
Trd, 4318990.343, 113
Trd, 4318990.443, 99
Trd, 4318990.843, 108
Trd, 4318992.593, 96
Trd, 4318992.993, 113
Trd, 4318993.243, 132
Trd, 4318994.043, 133
Trd, 4318994.693, 129
Trd, 4318996.043, 126
Trd, 4318997.043, 131
Trd, 4318998.093, 133
Trd, 4318998.243, 110
Trd, 4318998.793, 132
Trd, 4318999.643, 102
Trd, 4318999.993, 92
Trd, 4319000.193, 114
Trd, 4319001.093, 92
Trd, 4319002.493, 139
Trd, 4319003.343, 125
Trd, 4319003.693, 124
Trd, 4319005.093, 115
Trd, 4319005.143, 107
Trd, 4319005.393, 117
Trd, 4319005.893, 89
Trd, 4319006.843, 98
Trd, 4319007.943, 117
Trd, 4319008.743, 107
Trd, 4319009.593, 114
Trd, 4319009.643, 97
Trd, 4319009.893, 130
Trd, 4319009.943, 111
Trd, 4319011.143, 103
Trd, 4319011.943, 91
Trd, 4319012.993, 90
Trd, 4319013.093, 87
Trd, 4319013.193, 85
Trd, 4319014.193, 77
Trd, 4319014.543, 114
Trd, 4319015.293, 62
Trd, 4319016.593, 127
Trd, 4319018.443, 113
Trd, 4319018.693, 111
Trd, 4319019.143, 101
Trd, 4319020.393, 117
Trd, 4319020.893, 138
Trd, 4319021.243, 119
Trd, 4319021.443, 99
Trd, 4319022.093, 117
Trd, 4319023.043, 105
Trd, 4319023.243, 98
Trd, 4319023.393, 95
Trd, 4319024.293, 131
Trd, 4319025.243, 138
Trd, 4319025.843, 90
Trd, 4319026.893, 98
Trd, 4319027.343, 85
Trd, 4319028.193, 134
Trd, 4319028.543, 137
Trd, 4319030.243, 123
Trd, 4319030.493, 120
Trd, 4319030.593, 84
Trd, 4319030.893, 121
Trd, 4319031.043, 95
Trd, 4319031.143, 93
Trd, 4319031.443, 64
Trd, 4319033.793, 105
Trd, 4319034.043, 104
Trd, 4319034.543, 87
Trd, 4319035.043, 72
Trd, 4319035.893, 131
Trd, 4319036.143, 112
Trd, 4319036.393, 132
Trd, 4319037.643, 83
Trd, 4319038.593, 82
Trd, 4319040.693, 83
Trd, 4319041.443, 99
Trd, 4319041.493, 83
Trd, 4319042.043, 72
Trd, 4319042.143, 84
Trd, 4319042.543, 97
Trd, 4319042.943, 75
Trd, 4319043.493, 126
Trd, 4319044.643, 75
Trd, 4319044.793, 70
Trd, 4319045.243, 108
Trd, 4319046.243, 127
Trd, 4319047.143, 104
Trd, 4319048.743, 70
Trd, 4319049.193, 106
Trd, 4319049.643, 100
Trd, 4319049.843, 93
Trd, 4319051.993, 83
Trd, 4319052.293, 135
Trd, 4319052.443, 75
Trd, 4319053.443, 113
Trd, 4319055.343, 114
Trd, 4319055.643, 70
Trd, 4319057.093, 88
Trd, 4319057.343, 100
Trd, 4319059.093, 95
Trd, 4319059.593, 107
Trd, 4319060.343, 103
Trd, 4319060.543, 89
Trd, 4319061.143, 115
Trd, 4319063.493, 127
Trd, 4319063.893, 124
Trd, 4319064.593, 108
Trd, 4319065.343, 117
Trd, 4319065.493, 107
Trd, 4319065.743, 121
Trd, 4319066.143, 82
Trd, 4319066.693, 100
Trd, 4319068.493, 115
Trd, 4319069.493, 93
Trd, 4319071.343, 122
Trd, 4319071.493, 119
Trd, 4319071.843, 119
Trd, 4319072.093, 112
Trd, 4319073.343, 123
Trd, 4319074.743, 138
Trd, 4319076.143, 113
Trd, 4319076.343, 92
Trd, 4319076.843, 89
Trd, 4319078.043, 125
Trd, 4319078.843, 129
Trd, 4319078.943, 122
Trd, 4319081.043, 65
Trd, 4319082.993, 136
Trd, 4319083.393, 108
Trd, 4319083.693, 109
Trd, 4319084.193, 91
Trd, 4319086.243, 134
Trd, 4319086.443, 125
Trd, 4319086.993, 109
Trd, 4319087.443, 83
Trd, 4319087.993, 83
Trd, 4319088.193, 80
Trd, 4319088.943, 86
Trd, 4319090.443, 140
Trd, 4319090.493, 129
Trd, 4319091.043, 139
Trd, 4319092.043, 104
Trd, 4319092.293, 132
Trd, 4319094.043, 131
Trd, 4319094.493, 122
Trd, 4319095.043, 123
Trd, 4319096.693, 130
Trd, 4319097.893, 127
Trd, 4319098.943, 118
Trd, 4319099.493, 106
Trd, 4319100.143, 75
Trd, 4319101.443, 83
Trd, 4319103.143, 128
Trd, 4319103.993, 106
Trd, 4319104.393, 120
Trd, 4319104.993, 117
Trd, 4319106.043, 135
Trd, 4319106.393, 114
Trd, 4319107.193, 104
Trd, 4319107.643, 108
Trd, 4319108.643, 126
Trd, 4319109.043, 137
Trd, 4319109.943, 112
Trd, 4319110.343, 118
Trd, 4319110.743, 108
Trd, 4319111.993, 125
Trd, 4319112.043, 113
Trd, 4319112.093, 108
Trd, 4319113.643, 128
Trd, 4319114.343, 136
Trd, 4319115.643, 117
Trd, 4319116.393, 107
Trd, 4319116.593, 115
Trd, 4319117.493, 133
Trd, 4319117.943, 130
Trd, 4319119.193, 124
Trd, 4319119.293, 129
Trd, 4319119.543, 120
Trd, 4319119.793, 120
Trd, 4319121.893, 116
Trd, 4319121.993, 105
Trd, 4319122.543, 100
Trd, 4319123.293, 117
Trd, 4319123.343, 90
Trd, 4319125.743, 137
Trd, 4319125.793, 120
Trd, 4319126.043, 132
Trd, 4319127.343, 91
Trd, 4319127.993, 111
Trd, 4319128.343, 137
Trd, 4319128.443, 133
Trd, 4319129.543, 108
Trd, 4319130.043, 114
Trd, 4319130.243, 130
Trd, 4319130.493, 107
Trd, 4319131.943, 114
Trd, 4319132.593, 110
Trd, 4319132.693, 107
Trd, 4319133.343, 115
Trd, 4319134.393, 74
Trd, 4319135.493, 119
Trd, 4319135.643, 63
Trd, 4319138.243, 95
Trd, 4319138.593, 109
Trd, 4319139.043, 110
Trd, 4319139.843, 118
Trd, 4319140.443, 115
Trd, 4319140.493, 108
Trd, 4319140.793, 96
Trd, 4319141.043, 116
Trd, 4319141.843, 110
Trd, 4319143.943, 140
Trd, 4319145.293, 122
Trd, 4319145.543, 118
Trd, 4319146.043, 125
Trd, 4319147.093, 107
Trd, 4319148.293, 136
Trd, 4319149.743, 131
Trd, 4319150.393, 122
Trd, 4319150.443, 122
Trd, 4319150.793, 105
Trd, 4319151.343, 106
Trd, 4319151.993, 102
Trd, 4319154.343, 137
Trd, 4319154.443, 133
Trd, 4319154.793, 116
Trd, 4319156.343, 138
Trd, 4319156.593, 92
Trd, 4319157.543, 118
Trd, 4319157.893, 127
Trd, 4319158.493, 110
Trd, 4319159.143, 127
Trd, 4319159.643, 112
Trd, 4319160.043, 103
Trd, 4319160.293, 121
Trd, 4319160.393, 122
Trd, 4319160.843, 88
Trd, 4319161.343, 131
Trd, 4319161.743, 94
Trd, 4319162.943, 84
Trd, 4319163.593, 139
Trd, 4319164.843, 84
Trd, 4319165.643, 131
Trd, 4319167.143, 110
Trd, 4319167.393, 84
Trd, 4319167.743, 114
Trd, 4319168.343, 73
Trd, 4319168.993, 73
Trd, 4319169.243, 119
Trd, 4319169.293, 101
Trd, 4319170.993, 117
Trd, 4319171.193, 91
Trd, 4319171.543, 137
Trd, 4319171.743, 105
Trd, 4319173.293, 110
Trd, 4319173.893, 128
Trd, 4319173.943, 126
Trd, 4319174.743, 105
Trd, 4319176.043, 131
Trd, 4319176.193, 80
Trd, 4319176.843, 129
Trd, 4319177.293, 126
Trd, 4319178.293, 111
Trd, 4319178.993, 87
Trd, 4319179.843, 89
Trd, 4319179.893, 84
Trd, 4319181.543, 115
Trd, 4319181.693, 113
Trd, 4319181.793, 104
Trd, 4319181.943, 95
Trd, 4319182.993, 61
Trd, 4319183.393, 63
Trd, 4319184.293, 83
Trd, 4319184.593, 86
Trd, 4319186.893, 94
Trd, 4319187.643, 137
Trd, 4319187.793, 131
Trd, 4319188.743, 92
Trd, 4319189.143, 138
Trd, 4319189.693, 72
Trd, 4319190.043, 66
Trd, 4319190.343, 122
Trd, 4319191.743, 113
Trd, 4319192.143, 95
Trd, 4319193.493, 136
Trd, 4319193.693, 117
Trd, 4319194.043, 96
Trd, 4319194.543, 91
Trd, 4319195.943, 107
Trd, 4319196.143, 94
Trd, 4319197.393, 127
Trd, 4319198.143, 93
Trd, 4319198.293, 117
Trd, 4319199.043, 121
Trd, 4319199.593, 97
Trd, 4319200.893, 129
Trd, 4319201.193, 89
Trd, 4319202.493, 120
Trd, 4319203.243, 111
Trd, 4319203.943, 116
Trd, 4319204.193, 113
Trd, 4319204.293, 85
Trd, 4319205.143, 130
Trd, 4319205.743, 124
Trd, 4319205.943, 103
Trd, 4319207.443, 101
Trd, 4319207.693, 118
Trd, 4319207.893, 89
Trd, 4319209.443, 118
Trd, 4319210.193, 135
Trd, 4319210.543, 124
Trd, 4319210.743, 121
Trd, 4319210.993, 108
Trd, 4319211.743, 86
Trd, 4319212.343, 134
Trd, 4319213.843, 126
Trd, 4319214.093, 125
Trd, 4319214.243, 112
Trd, 4319214.543, 106
Trd, 4319216.143, 112
Trd, 4319217.943, 107
Trd, 4319218.443, 111
Trd, 4319218.643, 96
Trd, 4319218.943, 93
Trd, 4319219.443, 61
Trd, 4319221.743, 130
Trd, 4319222.193, 121
Trd, 4319223.343, 114
Trd, 4319223.893, 124
Trd, 4319224.293, 106
Trd, 4319224.593, 101
Trd, 4319224.793, 90
Trd, 4319225.293, 131
Trd, 4319225.443, 127
Trd, 4319226.493, 71
Trd, 4319226.843, 78
Trd, 4319226.893, 85
Trd, 4319227.943, 62
Trd, 4319228.343, 94
Trd, 4319230.593, 126
Trd, 4319231.493, 123
Trd, 4319231.743, 120
Trd, 4319232.243, 128
Trd, 4319232.843, 112
Trd, 4319233.143, 101
Trd, 4319234.043, 97
Trd, 4319235.093, 125
Trd, 4319235.293, 72
Trd, 4319235.593, 112
Trd, 4319237.093, 122
Trd, 4319237.593, 91
Trd, 4319237.793, 87
Trd, 4319238.993, 107
Trd, 4319240.243, 136
Trd, 4319240.593, 133
Trd, 4319242.393, 66
Trd, 4319242.643, 91
Trd, 4319243.443, 77
Trd, 4319243.593, 99
Trd, 4319244.193, 102
Trd, 4319244.243, 90
Trd, 4319244.793, 72
Trd, 4319245.593, 60
Trd, 4319247.543, 78
Trd, 4319249.293, 132
Trd, 4319249.343, 119
Trd, 4319249.993, 132
Trd, 4319250.443, 119
Trd, 4319251.093, 115
Trd, 4319252.243, 113
Trd, 4319252.793, 110
Trd, 4319253.893, 124
Trd, 4319254.693, 137
Trd, 4319255.493, 115
Trd, 4319255.793, 122
Trd, 4319257.693, 114
Trd, 4319257.993, 104
Trd, 4319258.293, 117
Trd, 4319258.993, 98
Trd, 4319259.493, 104
Trd, 4319259.843, 86
Trd, 4319259.893, 103
Trd, 4319260.993, 64
Trd, 4319262.193, 130
Trd, 4319262.543, 127
Trd, 4319264.443, 117
Trd, 4319265.443, 111
Trd, 4319265.693, 111
Trd, 4319265.743, 97
Trd, 4319266.593, 110
Trd, 4319267.093, 83
Trd, 4319267.193, 116
Trd, 4319267.243, 81
Trd, 4319268.743, 120
Trd, 4319269.093, 74
Trd, 4319270.893, 118
Trd, 4319270.993, 119
Trd, 4319271.143, 133
Trd, 4319271.193, 115
Trd, 4319273.993, 132
Trd, 4319274.093, 129
Trd, 4319274.143, 106
Trd, 4319274.543, 137
Trd, 4319274.793, 103
Trd, 4319276.393, 130
Trd, 4319276.643, 120
Trd, 4319277.243, 118
Trd, 4319278.643, 120
Trd, 4319280.143, 103
Trd, 4319280.643, 121
Trd, 4319282.643, 132
Trd, 4319282.743, 122
Trd, 4319283.593, 103
Trd, 4319283.743, 97
Trd, 4319285.193, 121
Trd, 4319286.943, 100
Trd, 4319286.993, 91
Trd, 4319287.243, 99
Trd, 4319290.193, 116
Trd, 4319290.393, 115
Trd, 4319291.343, 129
Trd, 4319291.743, 117
Trd, 4319292.143, 114
Trd, 4319293.193, 82
Trd, 4319294.093, 93
Trd, 4319294.443, 110
Trd, 4319295.743, 112
Trd, 4319295.893, 86
Trd, 4319296.693, 136
Trd, 4319297.693, 116
Trd, 4319297.793, 92
Trd, 4319298.593, 72
Trd, 4319300.093, 75
Trd, 4319301.243, 81
Trd, 4319301.693, 120
Trd, 4319302.943, 79
Trd, 4319303.243, 77
Trd, 4319304.843, 120
Trd, 4319304.893, 118
Trd, 4319306.593, 140
Trd, 4319306.993, 133
Trd, 4319307.093, 111
Trd, 4319307.193, 98
Trd, 4319308.743, 104
Trd, 4319309.393, 82
Trd, 4319310.743, 123
Trd, 4319310.893, 118
Trd, 4319311.893, 112
Trd, 4319312.293, 85
Trd, 4319312.993, 133
Trd, 4319313.343, 131
Trd, 4319314.093, 113
Trd, 4319314.193, 109
Trd, 4319315.093, 104
Trd, 4319315.843, 135
Trd, 4319316.543, 96
Trd, 4319317.793, 60
Trd, 4319318.793, 114
Trd, 4319318.943, 137
Trd, 4319321.243, 134
Trd, 4319321.443, 110
Trd, 4319322.143, 121
Trd, 4319322.193, 99
Trd, 4319324.093, 135
Trd, 4319324.643, 116
Trd, 4319325.093, 113
Trd, 4319325.543, 100
Trd, 4319325.743, 131
Trd, 4319326.293, 69
Trd, 4319326.843, 125
Trd, 4319327.343, 77
Trd, 4319328.143, 72
Trd, 4319329.343, 62
Trd, 4319329.693, 60
Trd, 4319331.793, 72
Trd, 4319332.293, 116
Trd, 4319333.793, 92
Trd, 4319334.443, 97
Trd, 4319334.693, 96
Trd, 4319335.493, 105
Trd, 4319337.693, 100
Trd, 4319338.193, 111
Trd, 4319338.793, 98
Trd, 4319338.993, 94
Trd, 4319339.393, 110
Trd, 4319339.693, 134
Trd, 4319340.043, 107
Trd, 4319341.293, 97
Trd, 4319342.393, 124
Trd, 4319343.343, 90
Trd, 4319343.743, 88
Trd, 4319344.443, 129
Trd, 4319345.493, 131
Trd, 4319345.543, 126
Trd, 4319345.793, 122
Trd, 4319347.643, 115
Trd, 4319347.693, 110
Trd, 4319348.393, 89
Trd, 4319348.843, 124
Trd, 4319350.843, 139
Trd, 4319351.043, 77
Trd, 4319351.993, 120
Trd, 4319352.793, 113
Trd, 4319354.293, 123
Trd, 4319354.693, 93
Trd, 4319354.993, 138
Trd, 4319355.093, 111
Trd, 4319355.693, 91
Trd, 4319356.043, 88
Trd, 4319356.343, 83
Trd, 4319358.193, 133
Trd, 4319358.243, 76
Trd, 4319358.693, 81
Trd, 4319360.193, 124
Trd, 4319360.843, 121
Trd, 4319360.993, 115
Trd, 4319361.693, 110
Trd, 4319362.093, 107
Trd, 4319363.043, 91
Trd, 4319363.293, 122
Trd, 4319363.393, 72
Trd, 4319364.693, 106
Trd, 4319367.543, 82
Trd, 4319367.643, 133
Trd, 4319368.343, 92
Trd, 4319368.643, 82
Trd, 4319369.593, 111
Trd, 4319369.743, 82
Trd, 4319372.143, 105
Trd, 4319372.543, 138
Trd, 4319373.093, 133
Trd, 4319373.193, 139
Trd, 4319373.343, 130
Trd, 4319373.493, 124
Trd, 4319374.243, 136
Trd, 4319374.743, 135
Trd, 4319375.193, 133
Trd, 4319377.343, 94
Trd, 4319378.093, 94
Trd, 4319379.643, 91
Trd, 4319380.743, 114
Trd, 4319380.993, 83
Trd, 4319381.893, 127
Trd, 4319381.993, 74
Trd, 4319382.043, 73
Trd, 4319383.293, 86
Trd, 4319385.693, 114
Trd, 4319386.243, 137
Trd, 4319387.193, 128
Trd, 4319387.243, 119
Trd, 4319387.393, 116
Trd, 4319387.693, 108
Trd, 4319388.043, 114
Trd, 4319388.593, 125
Trd, 4319389.243, 89
Trd, 4319389.943, 87
Trd, 4319390.293, 73
Trd, 4319390.943, 79
Trd, 4319391.693, 114
Trd, 4319392.843, 136
Trd, 4319393.693, 108
Trd, 4319394.543, 85
Trd, 4319395.293, 121
Trd, 4319395.493, 114
Trd, 4319395.993, 129
Trd, 4319396.443, 112
Trd, 4319397.243, 118
Trd, 4319398.643, 130
Trd, 4319399.843, 123
Trd, 4319400.743, 106
Trd, 4319401.143, 102
Trd, 4319402.593, 107
Trd, 4319402.943, 92
Trd, 4319403.593, 108
Trd, 4319404.493, 106
Trd, 4319404.543, 104
Trd, 4319404.693, 114
Trd, 4319405.043, 95
Trd, 4319405.593, 97
Trd, 4319405.993, 96
Trd, 4319406.843, 77
Trd, 4319407.193, 98
Trd, 4319408.443, 103
Trd, 4319410.293, 137
Trd, 4319410.793, 127
Trd, 4319411.143, 116
Trd, 4319411.493, 81
Trd, 4319412.643, 139
Trd, 4319412.743, 134
Trd, 4319413.243, 125
Trd, 4319413.743, 111
Trd, 4319415.143, 121
Trd, 4319415.243, 94
Trd, 4319416.043, 121
Trd, 4319417.443, 92
Trd, 4319417.543, 108
Trd, 4319418.443, 80
Trd, 4319419.393, 116
Trd, 4319419.493, 114
Trd, 4319420.493, 130
Trd, 4319421.093, 127
Trd, 4319421.393, 116
Trd, 4319421.443, 96
Trd, 4319423.493, 130
Trd, 4319424.143, 115
Trd, 4319424.343, 121
Trd, 4319424.993, 118
Trd, 4319425.343, 81
Trd, 4319426.943, 114
Trd, 4319427.393, 114
Trd, 4319428.043, 116
Trd, 4319428.693, 94
Trd, 4319429.143, 102
Trd, 4319429.693, 70
Trd, 4319430.393, 101
Trd, 4319430.443, 80
Trd, 4319430.643, 121
Trd, 4319433.743, 137
Trd, 4319434.243, 138
Trd, 4319434.293, 135
Trd, 4319436.993, 130
Trd, 4319437.093, 126
Trd, 4319438.743, 140
Trd, 4319438.993, 136
Trd, 4319439.043, 114
Trd, 4319440.393, 133
Trd, 4319440.443, 118
Trd, 4319441.693, 140
Trd, 4319441.843, 128
Trd, 4319442.193, 126
Trd, 4319442.793, 118
Trd, 4319443.893, 112
Trd, 4319444.093, 101
Trd, 4319444.743, 101
Trd, 4319444.993, 76
Trd, 4319445.193, 103
Trd, 4319446.843, 112
Trd, 4319447.293, 125
Trd, 4319448.393, 99
Trd, 4319450.393, 117
Trd, 4319450.643, 92
Trd, 4319451.993, 91
Trd, 4319452.243, 60
Trd, 4319453.443, 112
Trd, 4319453.793, 126
Trd, 4319454.043, 123
Trd, 4319454.343, 120
Trd, 4319455.643, 124
Trd, 4319456.293, 116
Trd, 4319456.793, 88
Trd, 4319457.693, 63
Trd, 4319458.443, 90
Trd, 4319458.593, 89
Trd, 4319459.043, 62
Trd, 4319459.943, 106
Trd, 4319460.793, 107
Trd, 4319462.043, 121
Trd, 4319462.843, 82
Trd, 4319462.943, 102
Trd, 4319463.743, 114
Trd, 4319464.943, 111
Trd, 4319466.993, 126
Trd, 4319468.093, 129
Trd, 4319469.093, 114
Trd, 4319469.443, 93
Trd, 4319469.543, 91
Trd, 4319469.993, 87
Trd, 4319470.343, 82
Trd, 4319471.193, 117
Trd, 4319471.293, 65
Trd, 4319472.143, 68
Trd, 4319473.543, 122
Trd, 4319474.343, 119
Trd, 4319475.093, 118
Trd, 4319475.643, 108
Trd, 4319476.593, 127
Trd, 4319476.693, 102
Trd, 4319477.243, 88
Trd, 4319477.493, 80
Trd, 4319478.243, 87
Trd, 4319479.293, 94
Trd, 4319479.843, 88
Trd, 4319479.893, 98
Trd, 4319480.843, 112
Trd, 4319481.093, 120
Trd, 4319481.493, 120
Trd, 4319482.193, 112
Trd, 4319483.693, 99
Trd, 4319483.743, 94
Trd, 4319484.243, 75
Trd, 4319484.843, 74
Trd, 4319485.543, 78
Trd, 4319486.243, 113
Trd, 4319487.343, 133
Trd, 4319488.443, 124
Trd, 4319488.843, 108
Trd, 4319489.443, 102
Trd, 4319489.593, 104
Trd, 4319489.693, 93
Trd, 4319490.993, 96
Trd, 4319492.093, 80
Trd, 4319493.193, 104
Trd, 4319493.493, 139
Trd, 4319494.443, 139
Trd, 4319494.643, 136
Trd, 4319495.143, 112
Trd, 4319496.293, 131
Trd, 4319496.643, 105
Trd, 4319498.943, 108
Trd, 4319499.743, 117
Trd, 4319500.043, 112
Trd, 4319500.193, 119
Trd, 4319501.143, 107
Trd, 4319501.443, 93
Trd, 4319503.143, 99
Trd, 4319503.743, 105
Trd, 4319503.893, 121
Trd, 4319504.343, 103
Trd, 4319506.643, 127
Trd, 4319508.593, 121
Trd, 4319509.143, 138
Trd, 4319510.143, 125
Trd, 4319510.493, 110
Trd, 4319510.993, 92
Trd, 4319511.343, 91
Trd, 4319511.943, 89
Trd, 4319512.843, 96
Trd, 4319513.093, 106
Trd, 4319513.793, 94
Trd, 4319513.943, 84
Trd, 4319514.893, 94
Trd, 4319516.643, 140
Trd, 4319516.793, 111
Trd, 4319517.493, 83
Trd, 4319518.743, 78
Trd, 4319519.743, 63
Trd, 4319519.843, 111
Trd, 4319521.393, 109
Trd, 4319521.643, 121
Trd, 4319523.093, 104
Trd, 4319523.543, 94
Trd, 4319524.143, 118
Trd, 4319524.343, 110
Trd, 4319524.643, 101
Trd, 4319525.843, 97
Trd, 4319526.943, 125
Trd, 4319527.793, 113
Trd, 4319527.943, 106
Trd, 4319528.593, 112
Trd, 4319529.543, 115
Trd, 4319529.593, 98
Trd, 4319529.943, 86
Trd, 4319531.143, 117
Trd, 4319533.143, 115
Trd, 4319533.543, 129
Trd, 4319533.693, 113
Trd, 4319534.343, 139
Trd, 4319536.493, 104
Trd, 4319536.943, 135
Trd, 4319537.643, 135
Trd, 4319537.743, 125
Trd, 4319538.293, 115
Trd, 4319538.843, 140
Trd, 4319538.893, 103
Trd, 4319539.943, 90
Trd, 4319540.743, 106
Trd, 4319541.743, 133
Trd, 4319541.893, 127
Trd, 4319542.143, 96
Trd, 4319542.943, 95
Trd, 4319543.843, 103
Trd, 4319544.493, 99
Trd, 4319545.043, 120
Trd, 4319546.643, 97
Trd, 4319547.343, 88
Trd, 4319547.443, 84
Trd, 4319549.893, 126
Trd, 4319550.593, 116
Trd, 4319550.693, 113
Trd, 4319551.593, 111
Trd, 4319552.043, 118
Trd, 4319552.243, 135
Trd, 4319552.793, 140
Trd, 4319553.143, 116
Trd, 4319553.593, 116
Trd, 4319553.693, 98
Trd, 4319554.693, 133
Trd, 4319556.143, 134
Trd, 4319557.643, 73
Trd, 4319558.543, 115
Trd, 4319558.943, 110
Trd, 4319559.943, 84
Trd, 4319560.343, 78
Trd, 4319561.293, 120
Trd, 4319562.093, 124
Trd, 4319563.043, 108
Trd, 4319563.293, 97
Trd, 4319563.443, 82
Trd, 4319563.993, 104
Trd, 4319565.493, 124
Trd, 4319565.893, 91
Trd, 4319566.593, 107
Trd, 4319567.443, 134
Trd, 4319567.743, 129
Trd, 4319567.843, 128
Trd, 4319567.943, 95
Trd, 4319568.693, 104
Trd, 4319569.843, 94
Trd, 4319570.143, 85
Trd, 4319570.243, 71
Trd, 4319571.893, 110
Trd, 4319573.843, 139
Trd, 4319574.943, 118
Trd, 4319575.793, 127
Trd, 4319575.893, 97
Trd, 4319577.193, 106
Trd, 4319577.643, 86
Trd, 4319578.493, 94
Trd, 4319579.843, 110
Trd, 4319580.843, 107
Trd, 4319580.893, 88
Trd, 4319580.993, 85
Trd, 4319582.943, 117
Trd, 4319583.243, 114
Trd, 4319583.693, 102
Trd, 4319584.793, 135
Trd, 4319585.443, 123
Trd, 4319586.793, 112
Trd, 4319587.043, 109
Trd, 4319587.393, 114
Trd, 4319587.543, 119
Trd, 4319588.793, 116
Trd, 4319589.593, 136
Trd, 4319589.943, 108
Trd, 4319590.293, 107
Trd, 4319591.193, 107
Trd, 4319592.193, 85
Trd, 4319592.593, 97
Trd, 4319593.393, 84
Trd, 4319595.843, 76
Trd, 4319596.643, 87
Trd, 4319597.243, 117
Trd, 4319598.143, 122
Trd, 4319598.693, 88
Trd, 4319598.993, 87
Trd, 4319600.143, 105
Trd, 4319600.793, 125
Trd, 4319601.093, 96
Trd, 4319601.543, 92
Trd, 4319601.643, 67
Trd, 4319601.793, 64
Trd, 4319601.993, 132
Trd, 4319603.543, 64
Trd, 4319605.893, 101
Trd, 4319607.293, 139
Trd, 4319607.543, 113
Trd, 4319607.793, 100
Trd, 4319608.843, 98
Trd, 4319609.043, 98
Trd, 4319609.093, 97
Trd, 4319609.193, 85
Trd, 4319609.943, 103
Trd, 4319610.843, 73
Trd, 4319613.043, 93
Trd, 4319613.493, 128
Trd, 4319613.593, 125
Trd, 4319613.993, 99
Trd, 4319615.743, 138
Trd, 4319616.043, 121
Trd, 4319617.393, 112
Trd, 4319617.943, 110
Trd, 4319618.393, 132
Trd, 4319618.543, 83
Trd, 4319619.693, 134
Trd, 4319619.893, 114
Trd, 4319620.093, 105
Trd, 4319620.243, 87
Trd, 4319623.043, 116
Trd, 4319623.493, 111
Trd, 4319625.143, 128
Trd, 4319625.493, 113
Trd, 4319626.343, 89
Trd, 4319626.593, 94
Trd, 4319626.693, 79
Trd, 4319627.143, 108
Trd, 4319627.993, 76
Trd, 4319629.143, 64
Trd, 4319629.343, 88
Trd, 4319630.993, 102
Trd, 4319631.693, 133
Trd, 4319632.393, 126
Trd, 4319633.243, 121
Trd, 4319633.293, 115
Trd, 4319633.343, 95
Trd, 4319633.543, 95
Trd, 4319635.993, 121
Trd, 4319636.743, 140
Trd, 4319637.493, 118
Trd, 4319637.893, 92
Trd, 4319638.343, 83
Trd, 4319640.393, 122
Trd, 4319640.443, 119
Trd, 4319640.993, 79
Trd, 4319641.543, 111
Trd, 4319642.043, 84
Trd, 4319643.043, 104
Trd, 4319643.443, 87
Trd, 4319643.743, 103
Trd, 4319645.943, 138
Trd, 4319646.443, 110
Trd, 4319647.443, 119
Trd, 4319649.743, 102
Trd, 4319650.343, 97
Trd, 4319650.793, 91
Trd, 4319651.193, 124
Trd, 4319651.743, 122
Trd, 4319651.843, 103
Trd, 4319652.443, 99
Trd, 4319652.793, 88
Trd, 4319654.293, 61
Trd, 4319654.493, 70
Trd, 4319655.093, 63
Trd, 4319656.343, 135
Trd, 4319657.393, 111
Trd, 4319658.493, 66
Trd, 4319658.993, 61
Trd, 4319660.443, 137
Trd, 4319660.943, 118
Trd, 4319660.993, 115
Trd, 4319662.643, 118
Trd, 4319662.743, 117
Trd, 4319663.143, 105
Trd, 4319663.993, 85
Trd, 4319664.043, 112
Trd, 4319666.293, 137
Trd, 4319666.343, 126
Trd, 4319666.393, 110
Trd, 4319666.943, 104
Trd, 4319668.443, 86
Trd, 4319669.043, 115
Trd, 4319669.843, 101
Trd, 4319669.943, 82
Trd, 4319670.643, 125
Trd, 4319670.993, 124
Trd, 4319671.043, 112
Trd, 4319671.993, 80
Trd, 4319674.443, 130
Trd, 4319675.393, 103
Trd, 4319676.843, 111
Trd, 4319677.243, 135
Trd, 4319677.793, 133
Trd, 4319677.843, 108
Trd, 4319678.143, 96
Trd, 4319680.393, 111
Trd, 4319681.443, 98
Trd, 4319681.543, 97
Trd, 4319681.793, 108
Trd, 4319682.393, 118
Trd, 4319683.743, 119
Trd, 4319683.893, 109
Trd, 4319684.193, 89
Trd, 4319684.993, 108
Trd, 4319685.393, 105
Trd, 4319687.393, 93
Trd, 4319688.193, 130
Trd, 4319689.043, 125
Trd, 4319689.643, 116
Trd, 4319690.193, 115
Trd, 4319691.243, 127
Trd, 4319691.693, 126
Trd, 4319692.193, 111
Trd, 4319692.243, 105
Trd, 4319693.043, 94
Trd, 4319694.043, 86
Trd, 4319694.343, 121
Trd, 4319694.993, 107
Trd, 4319696.993, 118
Trd, 4319697.043, 113
Trd, 4319698.343, 95
Trd, 4319698.943, 140
Trd, 4319699.893, 136
Trd, 4319701.843, 132
Trd, 4319702.543, 129
Trd, 4319702.993, 119
Trd, 4319703.043, 103
Trd, 4319703.143, 125
Trd, 4319703.393, 101
Trd, 4319703.743, 71
Trd, 4319704.543, 62
Trd, 4319704.643, 72
Trd, 4319705.593, 136
Trd, 4319707.043, 116
Trd, 4319707.643, 105
Trd, 4319707.693, 104
Trd, 4319708.393, 116
Trd, 4319708.993, 102
Trd, 4319710.793, 126
Trd, 4319710.893, 116
Trd, 4319711.493, 103
Trd, 4319713.143, 94
Trd, 4319713.243, 118
Trd, 4319713.843, 112
Trd, 4319714.343, 82
Trd, 4319714.443, 69
Trd, 4319715.043, 105
Trd, 4319716.893, 117
Trd, 4319716.943, 75
Trd, 4319718.543, 93
Trd, 4319719.093, 69
Trd, 4319719.243, 74
Trd, 4319719.893, 118
Trd, 4319720.093, 110
Trd, 4319721.143, 81
Trd, 4319721.593, 97
Trd, 4319722.193, 80
Trd, 4319722.543, 90
Trd, 4319722.593, 66
Trd, 4319723.443, 62
Trd, 4319725.293, 117
Trd, 4319725.693, 133
Trd, 4319725.743, 116
Trd, 4319726.593, 64
Trd, 4319728.843, 89
Trd, 4319729.393, 103
Trd, 4319729.943, 86
Trd, 4319730.043, 103
Trd, 4319730.243, 85
Trd, 4319730.793, 75
Trd, 4319731.843, 86
Trd, 4319732.593, 133
Trd, 4319732.893, 98
Trd, 4319734.593, 113
Trd, 4319735.643, 97
Trd, 4319738.043, 113
Trd, 4319738.593, 115
Trd, 4319739.143, 112
Trd, 4319739.543, 111
Trd, 4319739.593, 137
Trd, 4319740.443, 119
Trd, 4319741.093, 91
Trd, 4319742.043, 86
Trd, 4319742.943, 97
Trd, 4319743.093, 74
Trd, 4319743.593, 82
Trd, 4319744.493, 111
Trd, 4319745.693, 112
Trd, 4319746.843, 92
Trd, 4319746.943, 118
Trd, 4319747.093, 82
Trd, 4319748.193, 138
Trd, 4319748.493, 100
Trd, 4319748.993, 97
Trd, 4319749.843, 95
Trd, 4319750.043, 84
Trd, 4319750.693, 83
Trd, 4319752.643, 84
Trd, 4319753.143, 103
Trd, 4319753.743, 93
Trd, 4319754.643, 102
Trd, 4319755.043, 101
Trd, 4319755.793, 121
Trd, 4319755.893, 102
Trd, 4319756.793, 89
Trd, 4319757.593, 88
Trd, 4319759.193, 96
Trd, 4319759.343, 114
Trd, 4319760.443, 64
Trd, 4319760.643, 64
Trd, 4319760.793, 102
Trd, 4319762.243, 112
Trd, 4319762.843, 83
Trd, 4319763.443, 118
Trd, 4319764.193, 64
Trd, 4319764.493, 64
Trd, 4319764.993, 117
Trd, 4319765.743, 107
Trd, 4319765.793, 94
Trd, 4319767.193, 104
Trd, 4319767.593, 93
Trd, 4319768.893, 130
Trd, 4319768.993, 127
Trd, 4319769.443, 71
Trd, 4319769.793, 129
Trd, 4319771.693, 111
Trd, 4319772.393, 119
Trd, 4319772.493, 129
Trd, 4319773.293, 105
Trd, 4319774.293, 109
Trd, 4319775.393, 115
Trd, 4319776.643, 139
Trd, 4319776.693, 137
Trd, 4319777.043, 127
Trd, 4319777.893, 100
Trd, 4319778.443, 128
Trd, 4319779.193, 123
Trd, 4319780.843, 135
Trd, 4319781.193, 132
Trd, 4319782.093, 128
Trd, 4319782.243, 112
Trd, 4319782.443, 93
Trd, 4319783.443, 104
Trd, 4319784.143, 128
Trd, 4319785.993, 138
Trd, 4319786.793, 118
Trd, 4319787.043, 124
Trd, 4319787.593, 94
Trd, 4319790.193, 81
Trd, 4319790.793, 126
Trd, 4319791.043, 80
Trd, 4319791.993, 109
Trd, 4319792.443, 107
Trd, 4319792.693, 110
Trd, 4319792.943, 111
Trd, 4319793.793, 127
Trd, 4319794.943, 118
Trd, 4319794.993, 97
Trd, 4319796.443, 95
Trd, 4319798.343, 73
Trd, 4319798.943, 107
Trd, 4319799.843, 68
Trd, 4319800.343, 88
Trd, 4319801.293, 139
Trd, 4319801.393, 100
Trd, 4319802.543, 139
Trd, 4319803.543, 113
Trd, 4319804.193, 114
Trd, 4319804.493, 100
Trd, 4319804.543, 75
Trd, 4319806.593, 74
Trd, 4319808.043, 110
Trd, 4319808.393, 108
Trd, 4319809.493, 88
Trd, 4319810.943, 104
Trd, 4319811.543, 62
Trd, 4319812.043, 87
Trd, 4319812.643, 82
Trd, 4319814.943, 102
Trd, 4319815.143, 104
Trd, 4319815.543, 69
Trd, 4319816.793, 71
Trd, 4319817.143, 107
Trd, 4319817.543, 120
Trd, 4319817.993, 124
Trd, 4319819.593, 83
Trd, 4319820.443, 87
Trd, 4319821.243, 102
Trd, 4319821.593, 101
Trd, 4319821.993, 112
Trd, 4319823.143, 119
Trd, 4319823.593, 113
Trd, 4319824.493, 128
Trd, 4319825.993, 91
Trd, 4319826.243, 74
Trd, 4319826.993, 85
Trd, 4319827.443, 128
Trd, 4319827.593, 69
Trd, 4319827.693, 98
Trd, 4319829.343, 69
Trd, 4319830.343, 87
Trd, 4319830.993, 128
Trd, 4319831.143, 99
Trd, 4319832.193, 88
Trd, 4319832.543, 102
Trd, 4319832.693, 73
Trd, 4319833.143, 73
Trd, 4319833.893, 67
Trd, 4319834.343, 66
Trd, 4319835.093, 108
Trd, 4319836.243, 104
Trd, 4319836.843, 88
Trd, 4319838.043, 136
Trd, 4319839.343, 119
Trd, 4319840.593, 118
Trd, 4319840.893, 116
Trd, 4319842.443, 115
Trd, 4319843.293, 90
Trd, 4319843.643, 77
Trd, 4319845.493, 83
Trd, 4319846.493, 105
Trd, 4319847.393, 109
Trd, 4319849.093, 118
Trd, 4319850.293, 140
Trd, 4319850.543, 140
Trd, 4319850.843, 136
Trd, 4319851.043, 130
Trd, 4319851.193, 119
Trd, 4319852.043, 118
Trd, 4319852.593, 112
Trd, 4319853.693, 134
Trd, 4319855.393, 119
Trd, 4319855.893, 112
Trd, 4319856.293, 109
Trd, 4319856.643, 106
Trd, 4319857.493, 109
Trd, 4319857.793, 128
Trd, 4319858.243, 102
Trd, 4319859.093, 118
Trd, 4319861.543, 117
Trd, 4319862.043, 135
Trd, 4319862.293, 118
Trd, 4319862.543, 115
Trd, 4319863.643, 107
Trd, 4319863.993, 105
Trd, 4319864.293, 134
Trd, 4319864.443, 114
Trd, 4319866.143, 76
Trd, 4319866.193, 79
Trd, 4319866.493, 84
Trd, 4319867.943, 87
Trd, 4319868.343, 74
Trd, 4319868.693, 131
Trd, 4319869.093, 110
Trd, 4319869.693, 103
Trd, 4319871.593, 107
Trd, 4319871.843, 101
Trd, 4319873.093, 96
Trd, 4319875.543, 118
Trd, 4319876.093, 117
Trd, 4319876.493, 121
Trd, 4319877.143, 105
Trd, 4319879.243, 119
Trd, 4319880.343, 138
Trd, 4319880.843, 127
Trd, 4319881.243, 120
Trd, 4319881.693, 117
Trd, 4319882.843, 129
Trd, 4319882.993, 84
Trd, 4319883.243, 83
Trd, 4319884.343, 129
Trd, 4319884.893, 116
Trd, 4319885.393, 137
Trd, 4319885.493, 87
Trd, 4319885.743, 84
Trd, 4319886.493, 116
Trd, 4319887.593, 104
Trd, 4319888.193, 65
Trd, 4319888.793, 81
Trd, 4319889.043, 122
Trd, 4319891.443, 126
Trd, 4319891.843, 124
Trd, 4319893.293, 109
Trd, 4319893.493, 105
Trd, 4319894.743, 84
Trd, 4319894.793, 81
Trd, 4319895.743, 89
Trd, 4319896.443, 71
Trd, 4319897.643, 119
Trd, 4319897.793, 70
Trd, 4319898.693, 123
Trd, 4319898.893, 115
Trd, 4319899.643, 122
Trd, 4319900.243, 85
Trd, 4319900.493, 83
Trd, 4319901.393, 84
Trd, 4319902.193, 138
Trd, 4319902.693, 100
Trd, 4319902.993, 108
Trd, 4319903.093, 81
Trd, 4319907.143, 101
Trd, 4319908.093, 69
Trd, 4319908.793, 63
Trd, 4319908.943, 68
Trd, 4319909.093, 91
Trd, 4319909.343, 60
Trd, 4319910.643, 136
Trd, 4319911.443, 90
Trd, 4319911.593, 80
Trd, 4319911.643, 121
Trd, 4319911.793, 133
Trd, 4319913.093, 88
Trd, 4319913.793, 109
Trd, 4319914.743, 92
Trd, 4319914.843, 67
Trd, 4319915.693, 131
Trd, 4319916.493, 118
Trd, 4319917.643, 102
Trd, 4319917.993, 90
Trd, 4319919.143, 121
Trd, 4319920.243, 102
Trd, 4319920.793, 102
Trd, 4319920.993, 99
Trd, 4319921.443, 113
Trd, 4319921.743, 124
Trd, 4319922.243, 100
Trd, 4319922.943, 126
Trd, 4319923.843, 94
Trd, 4319925.093, 88
Trd, 4319925.343, 85
Trd, 4319926.443, 94
Trd, 4319927.043, 120
Trd, 4319927.693, 105
Trd, 4319927.743, 104
Trd, 4319928.393, 106
Trd, 4319928.993, 132
Trd, 4319929.443, 97
Trd, 4319930.443, 80
Trd, 4319930.693, 64
Trd, 4319930.993, 65
Trd, 4319931.393, 113
Trd, 4319931.943, 69
Trd, 4319932.643, 76
Trd, 4319936.143, 111
Trd, 4319936.893, 105
Trd, 4319937.593, 106
Trd, 4319938.243, 133
Trd, 4319939.243, 100
Trd, 4319939.893, 73
Trd, 4319940.043, 70
Trd, 4319941.943, 70
Trd, 4319942.193, 108
Trd, 4319942.243, 106
Trd, 4319943.993, 60
Trd, 4319944.043, 63
Trd, 4319944.793, 62
Trd, 4319946.743, 94
Trd, 4319947.043, 103
Trd, 4319947.443, 83
Trd, 4319947.893, 77
Trd, 4319948.343, 94
Trd, 4319949.193, 84
Trd, 4319949.593, 75
Trd, 4319950.743, 87
Trd, 4319951.293, 75
Trd, 4319951.393, 115
Trd, 4319952.193, 81
Trd, 4319952.593, 71
Trd, 4319953.143, 85
Trd, 4319953.893, 122
Trd, 4319953.943, 105
Trd, 4319955.843, 60
Trd, 4319956.543, 60
Trd, 4319957.443, 87
Trd, 4319958.443, 115
Trd, 4319958.893, 103
Trd, 4319959.443, 70
Trd, 4319959.793, 106
Trd, 4319960.643, 113
Trd, 4319961.243, 81
Trd, 4319961.443, 104
Trd, 4319962.793, 113
Trd, 4319963.693, 124
Trd, 4319964.343, 99
Trd, 4319964.843, 100
Trd, 4319965.193, 94
Trd, 4319965.343, 93
Trd, 4319965.543, 81
Trd, 4319967.893, 101
Trd, 4319968.293, 100
Trd, 4319968.393, 83
Trd, 4319968.893, 114
Trd, 4319969.743, 111
Trd, 4319970.543, 78
Trd, 4319974.643, 135
Trd, 4319974.743, 129
Trd, 4319974.993, 113
Trd, 4319975.093, 116
Trd, 4319975.293, 105
Trd, 4319975.593, 100
Trd, 4319976.243, 110
Trd, 4319977.493, 87
Trd, 4319977.743, 99
Trd, 4319978.843, 90
Trd, 4319981.193, 113
Trd, 4319981.293, 110
Trd, 4319981.993, 113
Trd, 4319982.543, 111
Trd, 4319982.893, 106
Trd, 4319984.293, 107
Trd, 4319984.643, 136
Trd, 4319985.443, 117
Trd, 4319986.093, 126
Trd, 4319986.543, 125
Trd, 4319988.193, 131
Trd, 4319988.593, 100
Trd, 4319989.343, 112
Trd, 4319989.543, 91
Trd, 4319990.343, 124
Trd, 4319991.343, 117
Trd, 4319991.943, 129
Trd, 4319992.743, 114
Trd, 4319993.743, 86
Trd, 4319994.643, 120
Trd, 4319994.893, 114
Trd, 4319995.093, 131
Trd, 4319996.243, 60
Trd, 4319996.893, 118
Trd, 4319997.343, 88
Trd, 4319997.543, 84
Trd, 4319998.893, 138
Trd, 4319998.943, 125
Trd, 4319999.293, 120
