Trd, 4318049.793, 139
Trd, 4318051.343, 140
Trd, 4318052.693, 140
Trd, 4318054.493, 140
Trd, 4318055.143, 140
Trd, 4318055.543, 140
Trd, 4318055.843, 140
Trd, 4318055.893, 139
Trd, 4318056.043, 117
Trd, 4318057.343, 89
Trd, 4318057.443, 110
Trd, 4318058.693, 140
Trd, 4318060.143, 140
Trd, 4318060.193, 139
Trd, 4318061.193, 132
Trd, 4318061.593, 140
Trd, 4318061.643, 130
Trd, 4318063.843, 140
Trd, 4318064.343, 140
Trd, 4318065.243, 140
Trd, 4318065.793, 140
Trd, 4318066.293, 139
Trd, 4318066.443, 106
Trd, 4318067.693, 107
Trd, 4318067.993, 139
Trd, 4318069.293, 138
Trd, 4318070.143, 140
Trd, 4318070.243, 140
Trd, 4318070.743, 140
Trd, 4318071.693, 129
Trd, 4318074.143, 140
Trd, 4318075.693, 140
Trd, 4318076.293, 140
Trd, 4318076.993, 140
Trd, 4318077.593, 119
Trd, 4318078.093, 136
Trd, 4318078.843, 119
Trd, 4318079.043, 71
Trd, 4318079.893, 90
Trd, 4318081.043, 140
Trd, 4318081.693, 136
Trd, 4318081.743, 135
Trd, 4318081.893, 140
Trd, 4318082.143, 110
Trd, 4318082.343, 94
Trd, 4318084.643, 140
Trd, 4318085.843, 140
Trd, 4318088.143, 140
Trd, 4318088.293, 140
Trd, 4318089.743, 140
Trd, 4318090.393, 139
Trd, 4318091.893, 140
Trd, 4318092.143, 140
Trd, 4318092.993, 140
Trd, 4318093.093, 140
Trd, 4318093.543, 122
Trd, 4318094.193, 140
Trd, 4318094.993, 85
Trd, 4318096.693, 95
Trd, 4318097.643, 139
Trd, 4318097.893, 140
Trd, 4318097.993, 124
Trd, 4318098.943, 140
Trd, 4318099.493, 140
Trd, 4318100.343, 136
Trd, 4318101.593, 113
Trd, 4318102.593, 129
Trd, 4318103.593, 94
Trd, 4318104.743, 98
Trd, 4318105.143, 98
Trd, 4318105.443, 97
Trd, 4318105.993, 139
Trd, 4318107.193, 140
Trd, 4318109.143, 140
Trd, 4318109.293, 140
Trd, 4318109.443, 140
Trd, 4318110.343, 140
Trd, 4318110.943, 65
Trd, 4318112.343, 69
Trd, 4318113.693, 64
Trd, 4318113.793, 65
Trd, 4318114.543, 106
Trd, 4318114.993, 78
Trd, 4318115.393, 71
Trd, 4318116.593, 62
Trd, 4318118.693, 80
Trd, 4318118.793, 139
Trd, 4318119.143, 69
Trd, 4318119.693, 62
Trd, 4318119.743, 64
Trd, 4318119.893, 137
Trd, 4318122.093, 140
Trd, 4318122.843, 140
Trd, 4318123.293, 140
Trd, 4318123.493, 140
Trd, 4318124.093, 140
Trd, 4318124.893, 112
Trd, 4318125.593, 93
Trd, 4318126.443, 140
Trd, 4318127.993, 140
Trd, 4318129.143, 136
Trd, 4318129.493, 120
Trd, 4318129.893, 113
Trd, 4318129.943, 115
Trd, 4318130.693, 110
Trd, 4318131.343, 139
Trd, 4318131.393, 117
Trd, 4318131.693, 138
Trd, 4318132.543, 94
Trd, 4318135.543, 140
Trd, 4318136.343, 140
Trd, 4318137.693, 140
Trd, 4318137.993, 140
Trd, 4318138.493, 139
Trd, 4318139.143, 139
Trd, 4318140.343, 98
Trd, 4318142.843, 135
Trd, 4318142.943, 134
Trd, 4318143.743, 140
Trd, 4318144.843, 140
Trd, 4318145.293, 140
Trd, 4318145.343, 140
Trd, 4318146.793, 140
Trd, 4318148.893, 140
Trd, 4318149.693, 140
Trd, 4318149.893, 140
Trd, 4318151.043, 120
Trd, 4318151.293, 119
Trd, 4318151.593, 86
Trd, 4318152.193, 137
Trd, 4318152.843, 140
Trd, 4318153.343, 140
Trd, 4318155.093, 140
Trd, 4318156.743, 74
Trd, 4318158.293, 140
Trd, 4318159.143, 140
Trd, 4318159.343, 140
Trd, 4318160.643, 138
Trd, 4318160.693, 136
Trd, 4318162.243, 140
Trd, 4318162.643, 140
Trd, 4318163.043, 139
Trd, 4318164.043, 108
Trd, 4318165.443, 83
Trd, 4318167.043, 140
Trd, 4318167.543, 140
Trd, 4318167.743, 140
Trd, 4318169.193, 129
Trd, 4318169.643, 110
Trd, 4318169.843, 136
Trd, 4318170.643, 138
Trd, 4318171.443, 107
Trd, 4318171.493, 92
Trd, 4318173.493, 140
Trd, 4318174.543, 140
Trd, 4318175.143, 140
Trd, 4318175.743, 140
Trd, 4318176.643, 140
Trd, 4318176.793, 140
Trd, 4318177.193, 140
Trd, 4318178.543, 140
Trd, 4318179.593, 140
Trd, 4318182.143, 140
Trd, 4318183.543, 140
Trd, 4318184.293, 140
Trd, 4318185.143, 140
Trd, 4318185.193, 140
Trd, 4318185.393, 137
Trd, 4318186.543, 123
Trd, 4318186.893, 137
Trd, 4318187.043, 140
Trd, 4318188.493, 119
Trd, 4318188.543, 116
Trd, 4318189.243, 115
Trd, 4318189.993, 122
Trd, 4318190.443, 123
Trd, 4318190.893, 122
Trd, 4318192.243, 128
Trd, 4318192.293, 125
Trd, 4318193.743, 140
Trd, 4318195.493, 140
Trd, 4318195.893, 140
Trd, 4318196.643, 140
Trd, 4318198.493, 140
Trd, 4318200.243, 140
Trd, 4318200.943, 140
Trd, 4318201.593, 140
Trd, 4318201.893, 139
Trd, 4318202.193, 119
Trd, 4318202.443, 107
Trd, 4318203.393, 140
Trd, 4318206.693, 140
Trd, 4318207.343, 140
Trd, 4318208.193, 140
Trd, 4318209.143, 140
Trd, 4318209.293, 140
Trd, 4318209.743, 140
Trd, 4318209.843, 125
Trd, 4318210.343, 120
Trd, 4318210.443, 119
Trd, 4318212.293, 140
Trd, 4318213.493, 140
Trd, 4318213.643, 137
Trd, 4318214.393, 98
Trd, 4318215.493, 138
Trd, 4318217.243, 139
Trd, 4318219.193, 140
Trd, 4318219.443, 140
Trd, 4318220.143, 140
Trd, 4318220.643, 140
Trd, 4318220.893, 122
Trd, 4318222.243, 140
Trd, 4318222.693, 114
Trd, 4318224.143, 135
Trd, 4318224.293, 101
Trd, 4318225.093, 134
Trd, 4318225.593, 106
Trd, 4318226.943, 140
Trd, 4318227.143, 140
Trd, 4318227.843, 140
Trd, 4318228.243, 140
Trd, 4318229.443, 140
Trd, 4318230.743, 140
Trd, 4318230.793, 140
Trd, 4318231.893, 140
Trd, 4318232.943, 140
Trd, 4318233.393, 140
Trd, 4318234.043, 140
Trd, 4318234.243, 140
Trd, 4318234.993, 89
Trd, 4318236.193, 140
Trd, 4318236.493, 137
Trd, 4318236.743, 103
Trd, 4318238.643, 84
Trd, 4318239.093, 63
Trd, 4318239.893, 66
Trd, 4318239.943, 67
Trd, 4318240.043, 68
Trd, 4318241.443, 60
Trd, 4318242.143, 140
Trd, 4318242.943, 140
Trd, 4318243.393, 140
Trd, 4318243.693, 138
Trd, 4318243.793, 137
Trd, 4318244.593, 121
Trd, 4318245.043, 77
Trd, 4318246.993, 140
Trd, 4318247.893, 140
Trd, 4318248.043, 138
Trd, 4318248.143, 124
Trd, 4318248.643, 139
Trd, 4318249.093, 117
Trd, 4318249.243, 108
Trd, 4318250.943, 83
Trd, 4318252.893, 140
Trd, 4318254.793, 140
Trd, 4318255.343, 140
Trd, 4318255.793, 140
Trd, 4318256.443, 139
Trd, 4318258.143, 140
Trd, 4318258.893, 140
Trd, 4318260.443, 139
Trd, 4318260.743, 139
Trd, 4318261.393, 126
Trd, 4318262.493, 125
Trd, 4318262.993, 117
Trd, 4318264.643, 62
Trd, 4318266.193, 60
Trd, 4318266.793, 62
Trd, 4318267.293, 69
Trd, 4318267.493, 73
Trd, 4318268.493, 98
Trd, 4318269.093, 99
Trd, 4318269.143, 93
Trd, 4318270.293, 140
Trd, 4318272.093, 140
Trd, 4318273.793, 140
Trd, 4318273.843, 140
Trd, 4318273.943, 140
Trd, 4318276.143, 140
Trd, 4318276.193, 140
Trd, 4318277.343, 120
Trd, 4318278.643, 137
Trd, 4318278.743, 117
Trd, 4318279.943, 78
Trd, 4318280.293, 140
Trd, 4318281.743, 132
Trd, 4318281.793, 139
Trd, 4318282.843, 140
Trd, 4318284.193, 90
Trd, 4318284.843, 112
Trd, 4318285.243, 140
Trd, 4318285.643, 140
Trd, 4318286.393, 135
Trd, 4318286.843, 132
Trd, 4318287.193, 136
Trd, 4318289.393, 140
Trd, 4318289.443, 140
Trd, 4318290.093, 119
Trd, 4318290.243, 102
Trd, 4318291.243, 64
Trd, 4318291.443, 65
Trd, 4318292.943, 140
Trd, 4318293.643, 139
Trd, 4318295.443, 83
Trd, 4318296.443, 140
Trd, 4318296.493, 138
Trd, 4318297.193, 140
Trd, 4318297.843, 102
Trd, 4318298.093, 97
Trd, 4318300.343, 137
Trd, 4318301.693, 140
Trd, 4318302.693, 140
Trd, 4318302.993, 140
Trd, 4318303.393, 140
Trd, 4318303.493, 140
Trd, 4318304.293, 119
Trd, 4318304.843, 73
Trd, 4318305.643, 94
Trd, 4318306.543, 140
Trd, 4318306.743, 140
Trd, 4318307.843, 140
Trd, 4318308.693, 140
Trd, 4318311.593, 140
Trd, 4318311.793, 140
Trd, 4318312.943, 140
Trd, 4318313.093, 140
Trd, 4318313.393, 140
Trd, 4318313.693, 140
Trd, 4318314.093, 140
Trd, 4318315.643, 94
Trd, 4318317.343, 82
Trd, 4318318.293, 140
Trd, 4318318.343, 140
Trd, 4318318.843, 140
Trd, 4318319.043, 140
Trd, 4318322.843, 140
Trd, 4318323.893, 140
Trd, 4318324.943, 140
Trd, 4318326.243, 140
Trd, 4318327.243, 140
Trd, 4318327.393, 140
Trd, 4318327.843, 140
Trd, 4318327.943, 140
Trd, 4318328.093, 139
Trd, 4318330.093, 140
Trd, 4318332.343, 140
Trd, 4318332.743, 140
Trd, 4318332.793, 140
Trd, 4318333.543, 138
Trd, 4318333.643, 137
Trd, 4318335.193, 103
Trd, 4318335.243, 73
Trd, 4318335.493, 104
Trd, 4318337.393, 140
Trd, 4318337.643, 139
Trd, 4318338.293, 140
Trd, 4318338.843, 140
Trd, 4318340.143, 140
Trd, 4318340.543, 140
Trd, 4318341.343, 140
Trd, 4318341.643, 140
Trd, 4318342.043, 117
Trd, 4318343.793, 140
Trd, 4318344.243, 137
Trd, 4318345.693, 65
Trd, 4318346.143, 140
Trd, 4318347.393, 122
Trd, 4318347.543, 121
Trd, 4318348.243, 121
Trd, 4318348.443, 137
Trd, 4318349.543, 140
Trd, 4318349.643, 109
Trd, 4318350.693, 94
Trd, 4318351.043, 140
Trd, 4318351.243, 114
Trd, 4318352.343, 93
Trd, 4318352.843, 87
Trd, 4318353.193, 118
Trd, 4318354.943, 116
Trd, 4318355.443, 140
Trd, 4318356.493, 138
Trd, 4318357.543, 134
Trd, 4318358.643, 136
Trd, 4318359.143, 135
Trd, 4318359.743, 139
Trd, 4318359.893, 137
Trd, 4318360.843, 107
Trd, 4318361.743, 139
Trd, 4318363.493, 130
Trd, 4318363.743, 129
Trd, 4318365.093, 140
Trd, 4318365.543, 138
Trd, 4318365.593, 117
Trd, 4318366.143, 78
Trd, 4318366.793, 140
Trd, 4318368.743, 140
Trd, 4318368.843, 140
Trd, 4318368.993, 140
Trd, 4318369.943, 140
Trd, 4318371.693, 140
Trd, 4318371.743, 140
Trd, 4318372.793, 140
Trd, 4318374.343, 140
Trd, 4318376.643, 140
Trd, 4318378.343, 140
Trd, 4318378.493, 140
Trd, 4318378.943, 140
Trd, 4318379.843, 140
Trd, 4318381.543, 140
Trd, 4318381.593, 140
Trd, 4318383.843, 140
Trd, 4318386.143, 140
Trd, 4318386.343, 140
Trd, 4318387.043, 140
Trd, 4318387.143, 140
Trd, 4318387.293, 140
Trd, 4318388.043, 140
Trd, 4318389.243, 140
Trd, 4318390.843, 138
Trd, 4318391.443, 137
Trd, 4318392.393, 135
Trd, 4318393.543, 117
Trd, 4318394.093, 136
Trd, 4318395.093, 104
Trd, 4318395.393, 127
Trd, 4318395.643, 103
Trd, 4318395.693, 134
Trd, 4318396.843, 61
Trd, 4318397.843, 140
Trd, 4318399.843, 140
Trd, 4318399.893, 140
Trd, 4318401.543, 140
Trd, 4318401.893, 140
Trd, 4318403.293, 140
Trd, 4318403.593, 139
Trd, 4318404.493, 139
Trd, 4318404.743, 98
Trd, 4318405.543, 96
Trd, 4318405.743, 80
Trd, 4318407.443, 139
Trd, 4318408.743, 140
Trd, 4318410.143, 140
Trd, 4318411.093, 140
Trd, 4318411.193, 140
Trd, 4318411.693, 140
Trd, 4318411.893, 119
Trd, 4318412.843, 140
Trd, 4318413.243, 121
Trd, 4318414.343, 106
Trd, 4318414.593, 105
Trd, 4318415.893, 132
Trd, 4318416.293, 87
Trd, 4318416.893, 132
Trd, 4318418.793, 140
Trd, 4318418.843, 140
Trd, 4318419.093, 140
Trd, 4318419.793, 140
Trd, 4318421.193, 140
Trd, 4318421.343, 140
Trd, 4318422.043, 140
Trd, 4318422.893, 140
Trd, 4318423.593, 140
Trd, 4318423.993, 139
Trd, 4318424.793, 138
Trd, 4318425.793, 139
Trd, 4318426.443, 125
Trd, 4318426.843, 125
Trd, 4318427.993, 137
Trd, 4318428.593, 140
Trd, 4318428.793, 85
Trd, 4318429.843, 84
Trd, 4318430.193, 71
Trd, 4318431.993, 110
Trd, 4318433.293, 108
Trd, 4318433.593, 88
Trd, 4318433.643, 85
Trd, 4318433.943, 84
Trd, 4318436.843, 110
Trd, 4318437.593, 89
Trd, 4318438.293, 118
Trd, 4318438.793, 132
Trd, 4318439.743, 117
Trd, 4318441.493, 140
Trd, 4318442.093, 140
Trd, 4318442.593, 140
Trd, 4318444.443, 140
Trd, 4318445.393, 140
Trd, 4318446.043, 140
Trd, 4318446.443, 140
Trd, 4318446.793, 140
Trd, 4318447.893, 140
Trd, 4318449.093, 140
Trd, 4318449.643, 140
Trd, 4318449.943, 140
Trd, 4318450.243, 95
Trd, 4318452.143, 140
Trd, 4318453.543, 140
Trd, 4318454.393, 134
Trd, 4318454.593, 133
Trd, 4318454.843, 135
Trd, 4318455.943, 113
Trd, 4318455.993, 135
Trd, 4318457.393, 140
Trd, 4318457.493, 132
Trd, 4318457.843, 134
Trd, 4318458.493, 138
Trd, 4318459.593, 134
Trd, 4318461.393, 137
Trd, 4318461.543, 103
Trd, 4318462.093, 90
Trd, 4318463.043, 140
Trd, 4318466.643, 140
Trd, 4318467.043, 140
Trd, 4318467.593, 140
Trd, 4318467.793, 140
Trd, 4318468.743, 128
Trd, 4318470.993, 140
Trd, 4318472.493, 140
Trd, 4318473.643, 140
Trd, 4318473.943, 140
Trd, 4318474.643, 139
Trd, 4318475.243, 139
Trd, 4318475.943, 140
Trd, 4318477.793, 140
Trd, 4318478.643, 140
Trd, 4318479.043, 139
Trd, 4318479.793, 122
Trd, 4318479.993, 110
Trd, 4318482.193, 140
Trd, 4318483.493, 140
Trd, 4318483.743, 140
Trd, 4318486.143, 140
Trd, 4318486.193, 140
Trd, 4318488.093, 140
Trd, 4318488.293, 140
Trd, 4318488.993, 140
Trd, 4318489.143, 139
Trd, 4318489.293, 117
Trd, 4318489.343, 100
Trd, 4318492.693, 140
Trd, 4318492.843, 139
Trd, 4318492.943, 138
Trd, 4318493.343, 84
Trd, 4318495.843, 140
Trd, 4318496.093, 139
Trd, 4318496.343, 139
Trd, 4318496.643, 126
Trd, 4318498.143, 140
Trd, 4318498.693, 107
Trd, 4318499.593, 140
Trd, 4318500.893, 140
Trd, 4318501.043, 140
Trd, 4318502.193, 140
Trd, 4318502.893, 140
Trd, 4318504.443, 140
Trd, 4318504.643, 140
Trd, 4318505.843, 140
Trd, 4318506.143, 139
Trd, 4318507.293, 140
Trd, 4318507.693, 140
Trd, 4318507.893, 139
Trd, 4318508.543, 140
Trd, 4318510.243, 140
Trd, 4318510.693, 140
Trd, 4318511.693, 140
Trd, 4318514.043, 140
Trd, 4318514.343, 140
Trd, 4318514.843, 140
Trd, 4318516.143, 140
Trd, 4318516.793, 140
Trd, 4318518.193, 139
Trd, 4318520.593, 140
Trd, 4318520.643, 140
Trd, 4318520.993, 140
Trd, 4318521.793, 140
Trd, 4318521.993, 123
Trd, 4318524.343, 139
Trd, 4318524.543, 125
Trd, 4318524.843, 139
Trd, 4318525.493, 123
Trd, 4318526.193, 117
Trd, 4318526.593, 139
Trd, 4318527.643, 129
Trd, 4318528.893, 138
Trd, 4318529.793, 115
Trd, 4318530.093, 115
Trd, 4318530.793, 140
Trd, 4318533.643, 140
Trd, 4318533.693, 118
Trd, 4318535.743, 125
Trd, 4318536.243, 114
Trd, 4318536.893, 91
Trd, 4318537.993, 140
Trd, 4318538.843, 140
Trd, 4318539.043, 139
Trd, 4318539.243, 120
Trd, 4318539.393, 108
Trd, 4318541.943, 140
Trd, 4318542.693, 140
Trd, 4318544.093, 140
Trd, 4318545.393, 140
Trd, 4318545.643, 137
Trd, 4318546.293, 140
Trd, 4318547.093, 140
Trd, 4318547.243, 138
Trd, 4318549.143, 123
Trd, 4318550.743, 140
Trd, 4318550.893, 140
Trd, 4318551.443, 134
Trd, 4318553.443, 140
Trd, 4318553.543, 140
Trd, 4318554.693, 138
Trd, 4318556.393, 140
Trd, 4318558.493, 140
Trd, 4318559.243, 140
Trd, 4318559.593, 140
Trd, 4318559.643, 117
Trd, 4318559.693, 109
Trd, 4318560.993, 139
Trd, 4318562.693, 139
Trd, 4318563.093, 93
Trd, 4318563.243, 139
Trd, 4318564.343, 63
Trd, 4318565.293, 60
Trd, 4318565.993, 62
Trd, 4318567.593, 140
Trd, 4318568.793, 102
Trd, 4318569.043, 139
Trd, 4318569.493, 105
Trd, 4318572.593, 131
Trd, 4318573.443, 140
Trd, 4318573.943, 131
Trd, 4318574.493, 106
Trd, 4318574.693, 92
Trd, 4318575.243, 102
Trd, 4318575.993, 117
Trd, 4318576.943, 129
Trd, 4318577.343, 132
Trd, 4318578.793, 140
Trd, 4318580.693, 140
Trd, 4318581.093, 140
Trd, 4318581.343, 140
Trd, 4318581.743, 139
Trd, 4318582.593, 139
Trd, 4318582.993, 120
Trd, 4318584.693, 64
Trd, 4318586.493, 114
Trd, 4318586.893, 113
Trd, 4318587.093, 125
Trd, 4318587.743, 130
Trd, 4318588.843, 107
Trd, 4318589.093, 81
Trd, 4318589.943, 140
Trd, 4318592.243, 140
Trd, 4318592.643, 140
Trd, 4318595.443, 140
Trd, 4318595.843, 140
Trd, 4318596.543, 139
Trd, 4318596.743, 138
Trd, 4318597.643, 140
Trd, 4318597.693, 140
Trd, 4318598.193, 122
Trd, 4318600.393, 140
Trd, 4318600.843, 140
Trd, 4318601.043, 140
Trd, 4318601.243, 140
Trd, 4318601.343, 140
Trd, 4318602.393, 123
Trd, 4318603.143, 139
Trd, 4318604.593, 138
Trd, 4318604.943, 133
Trd, 4318606.643, 123
Trd, 4318606.893, 118
Trd, 4318606.993, 109
Trd, 4318607.943, 133
Trd, 4318608.493, 116
Trd, 4318609.343, 116
Trd, 4318611.493, 138
Trd, 4318612.193, 138
Trd, 4318612.643, 120
Trd, 4318613.193, 140
Trd, 4318614.943, 131
Trd, 4318616.043, 132
Trd, 4318616.293, 130
Trd, 4318617.243, 140
Trd, 4318618.143, 140
Trd, 4318618.543, 139
Trd, 4318619.643, 139
Trd, 4318620.643, 140
Trd, 4318620.993, 138
Trd, 4318621.293, 99
Trd, 4318622.293, 74
Trd, 4318622.943, 119
Trd, 4318623.143, 133
Trd, 4318625.093, 134
Trd, 4318626.443, 124
Trd, 4318626.493, 123
Trd, 4318627.243, 116
Trd, 4318628.243, 140
Trd, 4318628.343, 139
Trd, 4318629.393, 136
Trd, 4318630.843, 123
Trd, 4318631.243, 122
Trd, 4318632.243, 128
Trd, 4318632.993, 136
Trd, 4318633.393, 130
Trd, 4318633.543, 138
Trd, 4318635.843, 95
Trd, 4318636.043, 94
Trd, 4318636.843, 140
Trd, 4318637.643, 119
Trd, 4318637.993, 118
Trd, 4318638.343, 140
Trd, 4318640.843, 123
Trd, 4318640.993, 124
Trd, 4318641.493, 131
Trd, 4318642.443, 140
Trd, 4318642.843, 140
Trd, 4318643.443, 140
Trd, 4318643.643, 137
Trd, 4318643.693, 119
Trd, 4318645.343, 140
Trd, 4318645.843, 114
Trd, 4318646.143, 106
Trd, 4318646.493, 125
Trd, 4318646.793, 97
Trd, 4318647.843, 139
Trd, 4318648.843, 96
Trd, 4318649.243, 82
Trd, 4318649.443, 73
Trd, 4318651.593, 60
Trd, 4318653.493, 65
Trd, 4318654.243, 130
Trd, 4318654.293, 88
Trd, 4318654.943, 84
Trd, 4318656.243, 132
Trd, 4318657.993, 138
Trd, 4318658.593, 139
Trd, 4318659.393, 140
Trd, 4318659.993, 139
Trd, 4318660.993, 140
Trd, 4318661.143, 140
Trd, 4318662.893, 140
Trd, 4318666.193, 140
Trd, 4318666.793, 140
Trd, 4318668.443, 140
Trd, 4318668.943, 140
Trd, 4318668.993, 140
Trd, 4318669.043, 139
Trd, 4318669.543, 107
Trd, 4318669.743, 103
Trd, 4318671.043, 116
Trd, 4318672.143, 137
Trd, 4318673.093, 131
Trd, 4318673.393, 86
Trd, 4318673.543, 82
Trd, 4318674.743, 140
Trd, 4318674.843, 105
Trd, 4318676.243, 67
Trd, 4318676.743, 63
Trd, 4318677.693, 140
Trd, 4318679.593, 140
Trd, 4318680.493, 140
Trd, 4318681.443, 140
Trd, 4318682.143, 138
Trd, 4318682.993, 140
Trd, 4318684.343, 140
Trd, 4318685.043, 140
Trd, 4318685.443, 140
Trd, 4318685.643, 140
Trd, 4318686.143, 123
Trd, 4318686.193, 128
Trd, 4318687.293, 140
Trd, 4318688.293, 122
Trd, 4318688.443, 120
Trd, 4318688.993, 112
Trd, 4318689.693, 140
Trd, 4318690.993, 140
Trd, 4318691.493, 119
Trd, 4318692.143, 139
Trd, 4318692.443, 98
Trd, 4318692.493, 97
Trd, 4318694.893, 99
Trd, 4318695.493, 137
Trd, 4318696.193, 97
Trd, 4318696.343, 99
Trd, 4318697.743, 117
Trd, 4318697.943, 117
Trd, 4318698.493, 102
Trd, 4318699.593, 140
Trd, 4318699.743, 95
Trd, 4318700.543, 91
Trd, 4318702.393, 85
Trd, 4318705.043, 140
Trd, 4318705.493, 140
Trd, 4318705.743, 139
Trd, 4318705.843, 139
Trd, 4318706.643, 140
Trd, 4318706.843, 139
Trd, 4318707.793, 139
Trd, 4318708.193, 121
Trd, 4318708.993, 111
Trd, 4318709.493, 89
Trd, 4318711.743, 139
Trd, 4318714.043, 140
Trd, 4318714.143, 140
Trd, 4318714.743, 140
Trd, 4318715.143, 134
Trd, 4318716.043, 136
Trd, 4318717.243, 140
Trd, 4318718.343, 130
Trd, 4318720.043, 134
Trd, 4318720.443, 133
Trd, 4318720.693, 113
Trd, 4318721.043, 85
Trd, 4318721.693, 140
Trd, 4318723.193, 140
Trd, 4318723.643, 140
Trd, 4318724.143, 140
Trd, 4318724.793, 101
Trd, 4318726.343, 140
Trd, 4318726.893, 140
Trd, 4318727.493, 140
Trd, 4318728.193, 140
Trd, 4318728.343, 140
Trd, 4318728.643, 140
Trd, 4318728.993, 119
Trd, 4318729.943, 99
Trd, 4318732.093, 139
Trd, 4318733.643, 122
Trd, 4318734.093, 140
Trd, 4318735.093, 107
Trd, 4318735.293, 133
Trd, 4318735.843, 132
Trd, 4318737.643, 140
Trd, 4318738.293, 140
Trd, 4318739.443, 140
Trd, 4318740.493, 140
Trd, 4318741.193, 140
Trd, 4318741.643, 140
Trd, 4318741.693, 140
Trd, 4318742.293, 140
Trd, 4318746.143, 140
Trd, 4318747.043, 140
Trd, 4318747.643, 140
Trd, 4318749.593, 140
Trd, 4318750.293, 140
Trd, 4318750.393, 140
Trd, 4318751.543, 140
Trd, 4318752.493, 140
Trd, 4318754.543, 140
Trd, 4318754.743, 139
Trd, 4318755.543, 106
Trd, 4318755.693, 103
Trd, 4318756.193, 79
Trd, 4318757.393, 116
Trd, 4318757.943, 136
Trd, 4318758.793, 101
Trd, 4318759.393, 100
Trd, 4318759.593, 140
Trd, 4318760.693, 105
Trd, 4318761.193, 138
Trd, 4318761.493, 105
Trd, 4318761.593, 105
Trd, 4318762.393, 102
Trd, 4318762.693, 107
Trd, 4318762.993, 71
Trd, 4318763.943, 96
Trd, 4318764.693, 98
Trd, 4318765.493, 98
Trd, 4318767.243, 140
Trd, 4318768.093, 140
Trd, 4318770.193, 140
Trd, 4318770.993, 140
Trd, 4318772.193, 140
Trd, 4318772.443, 140
Trd, 4318772.543, 140
Trd, 4318774.443, 140
Trd, 4318775.393, 140
Trd, 4318775.943, 140
Trd, 4318776.343, 140
Trd, 4318777.193, 140
Trd, 4318777.543, 103
Trd, 4318777.993, 98
Trd, 4318778.093, 97
Trd, 4318778.143, 104
Trd, 4318779.893, 86
Trd, 4318780.193, 76
Trd, 4318780.993, 139
Trd, 4318781.743, 119
Trd, 4318783.393, 140
Trd, 4318784.343, 138
Trd, 4318786.843, 140
Trd, 4318787.143, 139
Trd, 4318788.243, 133
Trd, 4318788.443, 106
Trd, 4318788.543, 105
Trd, 4318788.993, 140
Trd, 4318789.093, 95
Trd, 4318790.193, 91
Trd, 4318790.993, 112
Trd, 4318792.093, 74
Trd, 4318792.343, 61
Trd, 4318793.743, 140
Trd, 4318796.493, 140
Trd, 4318796.743, 140
Trd, 4318796.893, 140
Trd, 4318797.493, 139
Trd, 4318798.193, 140
Trd, 4318798.993, 140
Trd, 4318800.793, 140
Trd, 4318801.343, 140
Trd, 4318801.943, 140
Trd, 4318802.243, 140
Trd, 4318803.093, 128
Trd, 4318803.943, 120
Trd, 4318804.693, 139
Trd, 4318804.893, 119
Trd, 4318806.393, 139
Trd, 4318807.493, 140
Trd, 4318809.793, 140
Trd, 4318809.893, 140
Trd, 4318810.343, 140
Trd, 4318811.393, 139
Trd, 4318811.693, 137
Trd, 4318813.043, 137
Trd, 4318813.493, 109
Trd, 4318813.943, 138
Trd, 4318814.093, 140
Trd, 4318814.743, 140
Trd, 4318814.843, 137
Trd, 4318814.943, 129
Trd, 4318815.543, 92
Trd, 4318817.243, 83
Trd, 4318817.593, 86
Trd, 4318818.593, 140
Trd, 4318820.243, 140
Trd, 4318822.443, 140
Trd, 4318823.043, 140
Trd, 4318825.793, 140
Trd, 4318826.093, 140
Trd, 4318826.193, 140
Trd, 4318827.543, 140
Trd, 4318827.893, 139
Trd, 4318829.843, 140
Trd, 4318830.343, 140
Trd, 4318831.043, 116
Trd, 4318831.243, 115
Trd, 4318831.393, 140
Trd, 4318831.743, 104
Trd, 4318832.743, 120
Trd, 4318833.993, 140
Trd, 4318834.543, 140
Trd, 4318835.243, 140
Trd, 4318838.093, 140
Trd, 4318839.093, 140
Trd, 4318839.793, 140
Trd, 4318839.943, 137
Trd, 4318840.393, 120
Trd, 4318840.593, 140
Trd, 4318841.543, 128
Trd, 4318841.893, 118
Trd, 4318842.693, 120
Trd, 4318842.743, 119
Trd, 4318843.843, 140
Trd, 4318845.093, 140
Trd, 4318846.443, 140
Trd, 4318847.143, 119
Trd, 4318850.043, 140
Trd, 4318850.293, 140
Trd, 4318851.393, 140
Trd, 4318852.343, 127
Trd, 4318852.943, 138
Trd, 4318853.243, 140
Trd, 4318854.493, 114
Trd, 4318854.743, 121
Trd, 4318854.993, 114
Trd, 4318855.343, 122
Trd, 4318855.943, 114
Trd, 4318856.093, 130
Trd, 4318856.293, 100
Trd, 4318857.293, 114
Trd, 4318858.093, 72
Trd, 4318858.293, 74
Trd, 4318858.343, 69
Trd, 4318859.443, 113
Trd, 4318860.243, 92
Trd, 4318861.143, 140
Trd, 4318861.393, 122
Trd, 4318862.393, 139
Trd, 4318863.593, 64
Trd, 4318863.893, 120
Trd, 4318865.043, 116
Trd, 4318866.093, 86
Trd, 4318867.193, 97
Trd, 4318868.193, 127
Trd, 4318868.543, 86
Trd, 4318868.893, 93
Trd, 4318870.043, 90
Trd, 4318871.243, 140
Trd, 4318871.643, 140
Trd, 4318872.343, 90
Trd, 4318873.043, 109
Trd, 4318874.243, 139
Trd, 4318875.543, 131
Trd, 4318875.893, 132
Trd, 4318876.593, 98
Trd, 4318878.643, 98
Trd, 4318878.993, 99
Trd, 4318879.193, 113
Trd, 4318879.893, 139
Trd, 4318879.943, 139
Trd, 4318880.943, 139
Trd, 4318883.043, 127
Trd, 4318883.293, 127
Trd, 4318883.543, 126
Trd, 4318883.843, 139
Trd, 4318885.343, 69
Trd, 4318885.893, 73
Trd, 4318887.093, 110
Trd, 4318887.393, 139
Trd, 4318888.343, 118
Trd, 4318888.943, 110
Trd, 4318889.393, 132
Trd, 4318889.493, 134
Trd, 4318889.643, 135
Trd, 4318890.093, 94
Trd, 4318891.943, 140
Trd, 4318892.993, 139
Trd, 4318894.093, 140
Trd, 4318895.843, 140
Trd, 4318896.543, 123
Trd, 4318896.643, 109
Trd, 4318897.793, 138
Trd, 4318898.143, 109
Trd, 4318898.593, 109
Trd, 4318899.243, 139
Trd, 4318900.943, 140
Trd, 4318902.893, 140
Trd, 4318903.793, 140
Trd, 4318904.293, 140
Trd, 4318905.243, 140
Trd, 4318905.493, 140
Trd, 4318907.543, 140
Trd, 4318909.343, 140
Trd, 4318910.443, 138
Trd, 4318911.493, 137
Trd, 4318912.743, 120
Trd, 4318914.193, 140
Trd, 4318915.443, 140
Trd, 4318915.543, 140
Trd, 4318916.093, 140
Trd, 4318917.493, 140
Trd, 4318917.793, 140
Trd, 4318917.893, 139
Trd, 4318919.943, 140
Trd, 4318920.893, 140
Trd, 4318921.793, 140
Trd, 4318921.993, 140
Trd, 4318922.993, 139
Trd, 4318923.243, 125
Trd, 4318923.293, 124
Trd, 4318924.493, 135
Trd, 4318925.093, 117
Trd, 4318926.643, 140
Trd, 4318927.293, 140
Trd, 4318927.943, 134
Trd, 4318929.843, 112
Trd, 4318929.893, 111
Trd, 4318931.193, 105
Trd, 4318931.693, 104
Trd, 4318932.543, 126
Trd, 4318932.593, 111
Trd, 4318933.093, 127
Trd, 4318934.343, 72
Trd, 4318935.393, 131
Trd, 4318935.643, 132
Trd, 4318935.693, 71
Trd, 4318936.293, 138
Trd, 4318937.643, 121
Trd, 4318938.743, 94
Trd, 4318938.893, 65
Trd, 4318939.093, 66
Trd, 4318940.793, 94
Trd, 4318941.193, 83
Trd, 4318941.743, 70
Trd, 4318943.193, 84
Trd, 4318943.593, 140
Trd, 4318945.993, 140
Trd, 4318946.743, 140
Trd, 4318947.043, 140
Trd, 4318948.143, 140
Trd, 4318948.393, 140
Trd, 4318949.893, 140
Trd, 4318951.343, 140
Trd, 4318951.993, 140
Trd, 4318952.343, 140
Trd, 4318953.093, 140
Trd, 4318953.443, 140
Trd, 4318953.693, 125
Trd, 4318955.693, 140
Trd, 4318956.543, 140
Trd, 4318957.043, 140
Trd, 4318958.043, 139
Trd, 4318959.743, 140
Trd, 4318960.493, 140
Trd, 4318960.943, 140
Trd, 4318961.943, 140
Trd, 4318962.193, 140
Trd, 4318962.343, 119
Trd, 4318963.443, 117
Trd, 4318963.493, 121
Trd, 4318966.593, 140
Trd, 4318967.393, 139
Trd, 4318967.793, 117
Trd, 4318968.293, 140
Trd, 4318968.693, 140
Trd, 4318969.243, 139
Trd, 4318970.143, 140
Trd, 4318970.743, 63
Trd, 4318971.293, 70
Trd, 4318971.593, 71
Trd, 4318972.243, 62
Trd, 4318974.243, 71
Trd, 4318974.543, 116
Trd, 4318977.643, 140
Trd, 4318979.093, 140
Trd, 4318980.643, 140
Trd, 4318981.243, 140
Trd, 4318981.893, 140
Trd, 4318982.093, 140
Trd, 4318982.943, 127
Trd, 4318983.393, 125
Trd, 4318983.493, 129
Trd, 4318983.593, 96
Trd, 4318984.793, 82
Trd, 4318985.443, 73
Trd, 4318987.743, 140
Trd, 4318988.093, 140
Trd, 4318988.243, 140
Trd, 4318988.493, 119
Trd, 4318990.193, 140
Trd, 4318990.443, 139
Trd, 4318991.093, 118
Trd, 4318992.143, 104
Trd, 4318992.343, 90
Trd, 4318995.193, 140
Trd, 4318995.293, 140
Trd, 4318997.143, 140
Trd, 4318997.593, 139
Trd, 4318998.393, 105
Trd, 4318998.743, 139
Trd, 4318999.093, 138
Trd, 4319000.693, 140
Trd, 4319001.293, 139
Trd, 4319002.143, 120
Trd, 4319002.443, 105
Trd, 4319004.843, 140
Trd, 4319005.543, 140
Trd, 4319005.893, 117
Trd, 4319006.393, 140
Trd, 4319007.143, 137
Trd, 4319007.543, 118
Trd, 4319008.893, 108
Trd, 4319009.093, 82
Trd, 4319009.893, 60
Trd, 4319010.543, 60
Trd, 4319011.643, 60
Trd, 4319012.243, 60
Trd, 4319012.293, 62
Trd, 4319012.393, 67
Trd, 4319013.093, 115
Trd, 4319014.643, 140
Trd, 4319016.293, 140
Trd, 4319017.193, 140
Trd, 4319018.693, 140
Trd, 4319018.843, 140
Trd, 4319020.693, 140
Trd, 4319020.943, 140
Trd, 4319021.543, 138
Trd, 4319021.993, 140
Trd, 4319022.843, 139
Trd, 4319023.593, 105
Trd, 4319025.393, 140
Trd, 4319027.043, 140
Trd, 4319027.193, 140
Trd, 4319027.743, 140
Trd, 4319028.893, 137
Trd, 4319028.943, 93
Trd, 4319029.143, 138
Trd, 4319030.443, 140
Trd, 4319030.743, 140
Trd, 4319031.343, 140
Trd, 4319032.243, 106
Trd, 4319032.493, 100
Trd, 4319033.593, 86
Trd, 4319035.043, 110
Trd, 4319035.443, 109
Trd, 4319036.643, 140
Trd, 4319038.043, 140
Trd, 4319038.593, 140
Trd, 4319038.843, 140
Trd, 4319038.943, 140
Trd, 4319041.093, 80
Trd, 4319041.343, 133
Trd, 4319042.893, 119
Trd, 4319043.393, 122
Trd, 4319043.593, 106
Trd, 4319044.193, 98
Trd, 4319044.743, 121
Trd, 4319044.793, 87
Trd, 4319045.643, 139
Trd, 4319047.543, 140
Trd, 4319047.743, 137
Trd, 4319047.843, 108
Trd, 4319049.393, 139
Trd, 4319049.493, 138
Trd, 4319051.293, 140
Trd, 4319051.843, 140
Trd, 4319052.793, 136
Trd, 4319054.043, 135
Trd, 4319056.243, 140
Trd, 4319057.043, 140
Trd, 4319057.393, 140
Trd, 4319058.343, 140
Trd, 4319058.893, 140
Trd, 4319059.093, 140
Trd, 4319059.393, 140
Trd, 4319061.143, 90
Trd, 4319061.193, 140
Trd, 4319062.193, 91
Trd, 4319062.793, 84
Trd, 4319063.293, 112
Trd, 4319063.543, 109
Trd, 4319063.893, 71
Trd, 4319063.993, 99
Trd, 4319065.543, 140
Trd, 4319066.393, 140
Trd, 4319067.193, 139
Trd, 4319068.343, 140
Trd, 4319068.543, 140
Trd, 4319069.243, 140
Trd, 4319070.143, 140
Trd, 4319072.993, 140
Trd, 4319073.243, 140
Trd, 4319075.343, 140
Trd, 4319075.843, 140
Trd, 4319075.893, 140
Trd, 4319076.743, 140
Trd, 4319076.793, 139
Trd, 4319076.993, 120
Trd, 4319078.193, 104
Trd, 4319079.493, 69
Trd, 4319081.293, 63
Trd, 4319081.543, 100
Trd, 4319081.693, 61
Trd, 4319082.343, 60
Trd, 4319082.493, 122
Trd, 4319083.643, 60
Trd, 4319083.843, 140
Trd, 4319085.543, 140
Trd, 4319086.193, 140
Trd, 4319087.193, 140
Trd, 4319088.143, 140
Trd, 4319088.543, 140
Trd, 4319089.043, 140
Trd, 4319090.493, 140
Trd, 4319091.143, 139
Trd, 4319091.293, 122
Trd, 4319093.893, 140
Trd, 4319094.393, 140
Trd, 4319094.443, 140
Trd, 4319095.593, 140
Trd, 4319096.043, 140
Trd, 4319096.493, 127
Trd, 4319099.143, 140
Trd, 4319100.193, 140
Trd, 4319100.643, 140
Trd, 4319101.543, 119
Trd, 4319102.793, 121
Trd, 4319103.793, 140
Trd, 4319104.243, 140
Trd, 4319104.493, 140
Trd, 4319104.993, 140
Trd, 4319105.243, 139
Trd, 4319105.793, 120
Trd, 4319105.943, 119
Trd, 4319107.493, 138
Trd, 4319108.593, 139
Trd, 4319109.743, 139
Trd, 4319110.143, 140
Trd, 4319112.043, 140
Trd, 4319112.893, 140
Trd, 4319113.243, 140
Trd, 4319114.743, 139
Trd, 4319116.193, 140
Trd, 4319116.443, 140
Trd, 4319117.743, 140
Trd, 4319117.843, 140
Trd, 4319117.893, 137
Trd, 4319118.843, 140
Trd, 4319120.243, 140
Trd, 4319120.693, 140
Trd, 4319121.443, 140
Trd, 4319123.393, 140
Trd, 4319123.593, 119
Trd, 4319123.893, 86
Trd, 4319125.343, 132
Trd, 4319126.193, 140
Trd, 4319126.443, 140
Trd, 4319127.193, 140
Trd, 4319127.893, 140
Trd, 4319127.993, 140
Trd, 4319128.343, 139
Trd, 4319128.743, 139
Trd, 4319128.793, 125
Trd, 4319129.093, 124
Trd, 4319129.493, 139
Trd, 4319131.193, 102
Trd, 4319131.843, 102
Trd, 4319132.943, 139
Trd, 4319134.243, 140
Trd, 4319136.793, 140
Trd, 4319136.943, 140
Trd, 4319137.343, 140
Trd, 4319138.493, 139
Trd, 4319139.043, 139
Trd, 4319139.443, 138
Trd, 4319140.343, 140
Trd, 4319141.093, 140
Trd, 4319142.043, 118
Trd, 4319142.793, 128
Trd, 4319143.293, 68
Trd, 4319143.943, 61
Trd, 4319144.993, 60
Trd, 4319146.793, 140
Trd, 4319146.843, 140
Trd, 4319148.443, 140
Trd, 4319150.093, 140
Trd, 4319150.193, 140
Trd, 4319150.943, 140
Trd, 4319152.843, 140
Trd, 4319154.093, 140
Trd, 4319154.243, 140
Trd, 4319154.743, 140
Trd, 4319155.043, 140
Trd, 4319155.243, 138
Trd, 4319156.543, 140
Trd, 4319156.893, 122
Trd, 4319157.793, 140
Trd, 4319157.943, 140
Trd, 4319160.093, 140
Trd, 4319160.643, 140
Trd, 4319162.093, 137
Trd, 4319163.093, 140
Trd, 4319163.643, 140
Trd, 4319164.293, 140
Trd, 4319165.093, 140
Trd, 4319165.693, 140
Trd, 4319166.993, 123
Trd, 4319167.543, 113
Trd, 4319167.893, 110
Trd, 4319168.443, 114
Trd, 4319168.643, 97
Trd, 4319169.243, 120
Trd, 4319169.393, 75
Trd, 4319169.693, 74
Trd, 4319171.993, 140
Trd, 4319172.093, 140
Trd, 4319172.843, 139
Trd, 4319174.693, 139
Trd, 4319175.943, 140
Trd, 4319176.743, 140
Trd, 4319178.593, 140
Trd, 4319180.093, 140
Trd, 4319181.343, 140
Trd, 4319182.643, 140
Trd, 4319182.893, 140
Trd, 4319183.293, 140
Trd, 4319183.493, 139
Trd, 4319185.493, 136
Trd, 4319186.643, 140
Trd, 4319186.943, 136
Trd, 4319187.493, 127
Trd, 4319188.143, 138
Trd, 4319188.593, 119
Trd, 4319188.993, 88
Trd, 4319191.193, 120
Trd, 4319191.743, 139
Trd, 4319191.843, 119
Trd, 4319193.993, 104
Trd, 4319194.793, 134
Trd, 4319194.943, 106
Trd, 4319195.043, 136
Trd, 4319195.343, 138
Trd, 4319195.393, 107
Trd, 4319196.593, 97
Trd, 4319196.793, 96
Trd, 4319197.243, 140
Trd, 4319199.243, 86
Trd, 4319199.293, 61
Trd, 4319200.443, 118
Trd, 4319201.543, 60
Trd, 4319201.593, 60
Trd, 4319201.743, 68
Trd, 4319203.743, 140
Trd, 4319204.443, 140
Trd, 4319204.943, 140
Trd, 4319204.993, 140
Trd, 4319207.343, 129
Trd, 4319207.393, 128
Trd, 4319209.243, 140
Trd, 4319209.693, 140
Trd, 4319210.043, 140
Trd, 4319213.343, 140
Trd, 4319214.193, 140
Trd, 4319214.243, 140
Trd, 4319215.593, 140
Trd, 4319215.793, 140
Trd, 4319215.993, 140
Trd, 4319216.293, 117
Trd, 4319217.443, 79
Trd, 4319217.593, 92
Trd, 4319217.793, 94
Trd, 4319218.443, 60
Trd, 4319218.843, 60
Trd, 4319219.943, 63
Trd, 4319220.443, 64
Trd, 4319222.593, 140
Trd, 4319223.693, 140
Trd, 4319225.393, 140
Trd, 4319226.743, 140
Trd, 4319227.693, 139
Trd, 4319229.093, 139
Trd, 4319230.493, 140
Trd, 4319230.693, 140
Trd, 4319233.793, 140
Trd, 4319234.243, 140
Trd, 4319234.693, 140
Trd, 4319237.793, 140
Trd, 4319238.443, 140
Trd, 4319239.943, 140
Trd, 4319241.143, 140
Trd, 4319241.193, 140
Trd, 4319241.493, 140
Trd, 4319242.993, 140
Trd, 4319243.643, 140
Trd, 4319245.243, 140
Trd, 4319245.543, 140
Trd, 4319247.293, 140
Trd, 4319247.743, 140
Trd, 4319248.243, 111
Trd, 4319249.843, 138
Trd, 4319250.193, 120
Trd, 4319251.343, 98
Trd, 4319251.793, 86
Trd, 4319251.943, 130
Trd, 4319253.143, 113
Trd, 4319253.343, 129
Trd, 4319253.793, 101
Trd, 4319254.843, 104
Trd, 4319256.343, 136
Trd, 4319256.493, 129
Trd, 4319256.793, 138
Trd, 4319256.993, 128
Trd, 4319257.243, 127
Trd, 4319258.843, 113
Trd, 4319260.443, 139
Trd, 4319261.393, 138
Trd, 4319261.593, 135
Trd, 4319262.093, 140
Trd, 4319262.993, 137
Trd, 4319263.493, 138
Trd, 4319265.143, 140
Trd, 4319265.793, 140
Trd, 4319265.943, 140
Trd, 4319266.943, 122
Trd, 4319268.493, 96
Trd, 4319268.743, 116
Trd, 4319268.793, 135
Trd, 4319268.893, 94
Trd, 4319270.343, 103
Trd, 4319271.093, 99
Trd, 4319271.893, 83
Trd, 4319272.743, 76
Trd, 4319272.893, 115
Trd, 4319273.343, 115
Trd, 4319274.743, 140
Trd, 4319274.843, 140
Trd, 4319275.643, 61
Trd, 4319275.843, 65
Trd, 4319277.643, 140
Trd, 4319277.843, 140
Trd, 4319279.543, 123
Trd, 4319280.343, 123
Trd, 4319281.993, 140
Trd, 4319282.393, 140
Trd, 4319285.393, 140
Trd, 4319286.693, 140
Trd, 4319286.843, 140
Trd, 4319287.343, 140
Trd, 4319287.693, 140
Trd, 4319288.093, 140
Trd, 4319289.893, 140
Trd, 4319291.993, 140
Trd, 4319292.243, 140
Trd, 4319293.993, 140
Trd, 4319294.943, 140
Trd, 4319294.993, 140
Trd, 4319297.893, 140
Trd, 4319300.193, 140
Trd, 4319300.543, 140
Trd, 4319300.793, 140
Trd, 4319301.393, 138
Trd, 4319302.393, 137
Trd, 4319303.143, 130
Trd, 4319304.093, 126
Trd, 4319304.593, 131
Trd, 4319305.393, 126
Trd, 4319305.643, 136
Trd, 4319306.793, 140
Trd, 4319307.043, 126
Trd, 4319309.193, 140
Trd, 4319310.793, 140
Trd, 4319310.943, 140
Trd, 4319312.243, 140
Trd, 4319312.393, 140
Trd, 4319314.443, 140
Trd, 4319315.693, 140
Trd, 4319316.493, 140
Trd, 4319316.843, 140
Trd, 4319317.193, 108
Trd, 4319319.643, 140
Trd, 4319320.243, 140
Trd, 4319320.893, 140
Trd, 4319321.543, 140
Trd, 4319322.093, 137
Trd, 4319324.743, 127
Trd, 4319325.043, 119
Trd, 4319326.393, 134
Trd, 4319326.643, 111
Trd, 4319326.993, 137
Trd, 4319327.843, 140
Trd, 4319331.193, 140
Trd, 4319331.393, 140
Trd, 4319331.543, 140
Trd, 4319331.743, 139
Trd, 4319331.843, 139
Trd, 4319332.343, 137
Trd, 4319332.443, 119
Trd, 4319332.893, 121
Trd, 4319334.393, 118
Trd, 4319336.293, 140
Trd, 4319338.193, 120
Trd, 4319338.243, 119
Trd, 4319339.193, 140
Trd, 4319341.193, 140
Trd, 4319341.493, 140
Trd, 4319342.543, 140
Trd, 4319344.943, 140
Trd, 4319346.793, 140
Trd, 4319346.993, 140
Trd, 4319347.593, 140
Trd, 4319348.193, 140
Trd, 4319349.443, 140
Trd, 4319349.893, 140
Trd, 4319349.943, 140
Trd, 4319351.093, 140
Trd, 4319351.593, 140
Trd, 4319351.743, 136
Trd, 4319352.293, 101
Trd, 4319352.593, 99
Trd, 4319353.643, 140
Trd, 4319354.493, 140
Trd, 4319356.493, 140
Trd, 4319356.743, 139
Trd, 4319357.593, 120
Trd, 4319359.393, 140
Trd, 4319359.543, 120
Trd, 4319359.593, 119
Trd, 4319360.343, 87
Trd, 4319360.393, 82
Trd, 4319361.093, 124
Trd, 4319361.693, 139
Trd, 4319362.893, 61
Trd, 4319363.293, 61
Trd, 4319363.993, 93
Trd, 4319366.493, 66
Trd, 4319367.793, 60
Trd, 4319368.193, 61
Trd, 4319369.743, 75
Trd, 4319369.793, 73
Trd, 4319370.343, 73
Trd, 4319370.493, 75
Trd, 4319371.743, 74
Trd, 4319372.943, 82
Trd, 4319373.593, 139
Trd, 4319374.143, 110
Trd, 4319375.993, 138
Trd, 4319376.643, 139
Trd, 4319376.743, 139
Trd, 4319379.043, 132
Trd, 4319380.793, 140
Trd, 4319381.593, 140
Trd, 4319381.743, 140
Trd, 4319384.893, 140
Trd, 4319385.793, 140
Trd, 4319386.393, 140
Trd, 4319386.643, 140
Trd, 4319387.943, 139
Trd, 4319388.693, 136
Trd, 4319388.793, 117
Trd, 4319388.943, 103
Trd, 4319391.893, 105
Trd, 4319392.243, 134
Trd, 4319392.593, 135
Trd, 4319393.193, 101
Trd, 4319393.693, 139
Trd, 4319396.593, 138
Trd, 4319397.693, 140
Trd, 4319397.943, 137
Trd, 4319398.693, 122
Trd, 4319399.343, 117
Trd, 4319400.643, 140
Trd, 4319400.993, 140
Trd, 4319402.093, 140
Trd, 4319402.493, 139
Trd, 4319403.293, 129
Trd, 4319404.193, 140
Trd, 4319405.093, 114
Trd, 4319406.243, 116
Trd, 4319406.693, 60
Trd, 4319407.393, 63
Trd, 4319407.743, 63
Trd, 4319409.543, 140
Trd, 4319410.843, 140
Trd, 4319411.543, 140
Trd, 4319411.693, 138
Trd, 4319411.993, 130
Trd, 4319414.893, 140
Trd, 4319416.643, 140
Trd, 4319417.043, 140
Trd, 4319417.343, 140
Trd, 4319418.543, 140
Trd, 4319421.093, 140
Trd, 4319421.593, 140
Trd, 4319422.443, 140
Trd, 4319422.743, 140
Trd, 4319423.093, 140
Trd, 4319423.393, 138
Trd, 4319423.493, 136
Trd, 4319423.593, 116
Trd, 4319424.743, 107
Trd, 4319426.093, 140
Trd, 4319426.243, 140
Trd, 4319428.443, 138
Trd, 4319429.493, 140
Trd, 4319430.343, 138
Trd, 4319430.743, 131
Trd, 4319433.243, 140
Trd, 4319433.743, 140
Trd, 4319435.143, 140
Trd, 4319435.793, 140
Trd, 4319436.843, 140
Trd, 4319437.293, 140
Trd, 4319437.393, 136
Trd, 4319438.243, 140
Trd, 4319439.143, 140
Trd, 4319440.243, 139
Trd, 4319440.343, 125
Trd, 4319441.193, 125
Trd, 4319442.943, 140
Trd, 4319444.243, 140
Trd, 4319445.243, 140
Trd, 4319445.693, 140
Trd, 4319445.843, 140
Trd, 4319446.043, 140
Trd, 4319447.543, 137
Trd, 4319448.043, 124
Trd, 4319449.793, 135
Trd, 4319451.643, 140
Trd, 4319451.993, 134
Trd, 4319452.343, 134
Trd, 4319452.543, 132
Trd, 4319452.593, 116
Trd, 4319453.543, 140
Trd, 4319456.943, 140
Trd, 4319457.093, 140
Trd, 4319457.443, 140
Trd, 4319457.493, 139
Trd, 4319457.943, 97
Trd, 4319458.993, 60
Trd, 4319459.043, 68
Trd, 4319459.593, 83
Trd, 4319461.243, 60
Trd, 4319461.843, 60
Trd, 4319462.043, 61
Trd, 4319462.443, 77
Trd, 4319463.143, 62
Trd, 4319463.643, 138
Trd, 4319464.293, 64
Trd, 4319465.093, 60
Trd, 4319466.493, 62
Trd, 4319467.293, 137
Trd, 4319468.893, 140
Trd, 4319468.993, 140
Trd, 4319470.393, 139
Trd, 4319471.193, 121
Trd, 4319472.043, 135
Trd, 4319473.843, 140
Trd, 4319474.843, 140
Trd, 4319474.893, 140
Trd, 4319475.443, 140
Trd, 4319476.693, 140
Trd, 4319477.343, 140
Trd, 4319477.893, 140
Trd, 4319478.893, 140
Trd, 4319479.493, 139
Trd, 4319480.593, 140
Trd, 4319480.843, 140
Trd, 4319481.443, 140
Trd, 4319482.293, 118
Trd, 4319482.593, 118
Trd, 4319485.193, 140
Trd, 4319485.443, 131
Trd, 4319485.543, 115
Trd, 4319486.743, 140
Trd, 4319487.893, 140
Trd, 4319488.493, 140
Trd, 4319489.843, 140
Trd, 4319490.693, 140
Trd, 4319492.843, 140
Trd, 4319493.293, 140
Trd, 4319493.943, 138
Trd, 4319494.643, 137
Trd, 4319494.843, 129
Trd, 4319496.343, 101
Trd, 4319496.543, 122
Trd, 4319496.993, 137
Trd, 4319497.093, 116
Trd, 4319497.493, 115
Trd, 4319497.943, 99
Trd, 4319499.593, 61
Trd, 4319500.043, 65
Trd, 4319501.993, 60
Trd, 4319503.343, 62
Trd, 4319503.643, 61
Trd, 4319504.293, 61
Trd, 4319505.043, 61
Trd, 4319506.293, 63
Trd, 4319507.493, 60
Trd, 4319507.593, 61
Trd, 4319507.893, 63
Trd, 4319508.393, 64
Trd, 4319509.243, 66
Trd, 4319509.943, 67
Trd, 4319510.593, 140
Trd, 4319510.843, 68
Trd, 4319511.393, 66
Trd, 4319511.593, 67
Trd, 4319512.043, 88
Trd, 4319513.743, 60
Trd, 4319515.593, 60
Trd, 4319516.243, 60
Trd, 4319516.443, 63
Trd, 4319517.993, 61
Trd, 4319518.243, 62
Trd, 4319518.393, 63
Trd, 4319518.593, 122
Trd, 4319520.593, 140
Trd, 4319521.093, 140
Trd, 4319522.293, 60
Trd, 4319523.043, 78
Trd, 4319524.993, 140
Trd, 4319526.243, 140
Trd, 4319526.893, 140
Trd, 4319527.243, 140
Trd, 4319528.243, 140
Trd, 4319530.293, 140
Trd, 4319530.743, 140
Trd, 4319531.193, 140
Trd, 4319531.443, 140
Trd, 4319531.593, 139
Trd, 4319533.893, 130
Trd, 4319534.043, 137
Trd, 4319534.793, 129
Trd, 4319535.343, 140
Trd, 4319536.843, 140
Trd, 4319538.093, 139
Trd, 4319538.843, 122
Trd, 4319538.993, 104
Trd, 4319540.043, 138
Trd, 4319540.243, 136
Trd, 4319540.493, 123
Trd, 4319543.143, 140
Trd, 4319543.643, 140
Trd, 4319544.243, 140
Trd, 4319544.343, 140
Trd, 4319545.693, 108
Trd, 4319546.343, 137
Trd, 4319546.493, 109
Trd, 4319546.943, 138
Trd, 4319547.643, 111
Trd, 4319547.993, 110
Trd, 4319548.793, 95
Trd, 4319548.943, 95
Trd, 4319549.893, 70
Trd, 4319550.743, 100
Trd, 4319550.993, 100
Trd, 4319553.093, 140
Trd, 4319553.743, 140
Trd, 4319554.443, 140
Trd, 4319554.943, 113
Trd, 4319555.143, 118
Trd, 4319555.493, 115
Trd, 4319555.843, 140
Trd, 4319556.743, 98
Trd, 4319558.393, 91
Trd, 4319558.943, 106
Trd, 4319560.393, 137
Trd, 4319561.143, 113
Trd, 4319561.343, 114
Trd, 4319561.693, 119
Trd, 4319562.093, 118
Trd, 4319562.443, 101
Trd, 4319563.043, 98
Trd, 4319564.693, 67
Trd, 4319564.843, 69
Trd, 4319566.143, 61
Trd, 4319566.593, 62
Trd, 4319567.643, 60
Trd, 4319567.693, 61
Trd, 4319568.893, 122
Trd, 4319569.193, 98
Trd, 4319571.243, 140
Trd, 4319572.543, 140
Trd, 4319572.743, 138
Trd, 4319572.893, 117
Trd, 4319574.793, 140
Trd, 4319575.193, 119
Trd, 4319576.493, 106
Trd, 4319577.443, 140
Trd, 4319578.843, 140
Trd, 4319579.143, 140
Trd, 4319580.443, 140
Trd, 4319581.443, 140
Trd, 4319582.443, 140
Trd, 4319582.843, 136
Trd, 4319584.143, 118
Trd, 4319584.993, 139
Trd, 4319586.093, 140
Trd, 4319586.243, 140
Trd, 4319588.793, 140
Trd, 4319588.943, 140
Trd, 4319589.243, 140
Trd, 4319590.143, 140
Trd, 4319590.293, 139
Trd, 4319591.043, 107
Trd, 4319591.843, 140
Trd, 4319592.543, 107
Trd, 4319592.693, 68
Trd, 4319593.993, 66
Trd, 4319594.193, 139
Trd, 4319597.243, 140
Trd, 4319599.043, 123
Trd, 4319599.943, 104
Trd, 4319600.193, 139
Trd, 4319600.243, 105
Trd, 4319600.943, 136
Trd, 4319602.243, 104
Trd, 4319602.443, 137
Trd, 4319604.343, 140
Trd, 4319605.243, 140
Trd, 4319605.393, 139
Trd, 4319606.093, 139
Trd, 4319607.793, 140
Trd, 4319610.243, 140
Trd, 4319611.143, 140
Trd, 4319611.293, 139
Trd, 4319612.293, 140
Trd, 4319613.993, 140
Trd, 4319614.693, 140
Trd, 4319614.893, 140
Trd, 4319614.993, 139
Trd, 4319617.093, 64
Trd, 4319618.943, 140
Trd, 4319618.993, 140
Trd, 4319619.243, 140
Trd, 4319619.393, 140
Trd, 4319620.743, 117
Trd, 4319621.943, 139
Trd, 4319622.593, 140
Trd, 4319622.993, 139
Trd, 4319623.993, 140
Trd, 4319624.793, 124
Trd, 4319625.793, 140
Trd, 4319626.293, 139
Trd, 4319626.993, 136
Trd, 4319628.043, 103
Trd, 4319629.443, 140
Trd, 4319629.593, 139
Trd, 4319632.593, 140
Trd, 4319633.243, 140
Trd, 4319633.443, 139
Trd, 4319634.043, 140
Trd, 4319634.543, 124
Trd, 4319635.193, 139
Trd, 4319635.843, 137
Trd, 4319636.243, 101
Trd, 4319637.943, 119
Trd, 4319638.493, 89
Trd, 4319638.693, 88
Trd, 4319639.043, 88
Trd, 4319642.493, 140
Trd, 4319642.793, 140
Trd, 4319643.143, 140
Trd, 4319644.143, 139
Trd, 4319644.693, 140
Trd, 4319646.093, 140
Trd, 4319647.493, 140
Trd, 4319647.743, 138
Trd, 4319648.043, 140
Trd, 4319648.943, 140
Trd, 4319649.193, 126
Trd, 4319649.893, 104
Trd, 4319650.043, 101
Trd, 4319652.443, 140
Trd, 4319652.593, 140
Trd, 4319652.943, 140
Trd, 4319653.793, 115
Trd, 4319655.343, 126
Trd, 4319656.093, 112
Trd, 4319656.543, 140
Trd, 4319656.843, 139
Trd, 4319657.343, 138
Trd, 4319658.543, 137
Trd, 4319659.493, 121
Trd, 4319659.843, 137
Trd, 4319659.943, 133
Trd, 4319660.093, 115
Trd, 4319661.043, 77
Trd, 4319664.243, 140
Trd, 4319665.043, 140
Trd, 4319665.743, 140
Trd, 4319666.093, 139
Trd, 4319666.743, 139
Trd, 4319668.793, 138
Trd, 4319669.443, 140
Trd, 4319669.693, 140
Trd, 4319670.693, 139
Trd, 4319670.743, 131
Trd, 4319671.343, 140
Trd, 4319671.443, 140
Trd, 4319672.643, 140
Trd, 4319673.543, 140
Trd, 4319676.393, 140
Trd, 4319676.643, 139
Trd, 4319677.693, 101
Trd, 4319679.443, 140
Trd, 4319680.443, 140
Trd, 4319682.243, 140
Trd, 4319682.443, 140
Trd, 4319682.993, 140
Trd, 4319683.893, 140
Trd, 4319684.543, 98
Trd, 4319684.643, 139
Trd, 4319684.743, 93
Trd, 4319685.493, 84
Trd, 4319686.543, 74
Trd, 4319686.893, 105
Trd, 4319687.293, 86
Trd, 4319688.043, 105
Trd, 4319688.493, 77
Trd, 4319688.593, 72
Trd, 4319690.893, 71
Trd, 4319691.443, 140
Trd, 4319693.293, 140
Trd, 4319694.343, 140
Trd, 4319694.643, 138
Trd, 4319696.193, 140
Trd, 4319697.743, 140
Trd, 4319698.143, 140
Trd, 4319698.243, 138
Trd, 4319699.043, 137
Trd, 4319700.743, 140
Trd, 4319702.893, 140
Trd, 4319703.093, 140
Trd, 4319703.693, 140
Trd, 4319704.793, 140
Trd, 4319704.893, 140
Trd, 4319705.643, 140
Trd, 4319706.043, 140
Trd, 4319706.343, 139
Trd, 4319708.793, 138
Trd, 4319709.843, 135
Trd, 4319710.293, 115
Trd, 4319710.893, 102
Trd, 4319711.443, 92
Trd, 4319712.393, 140
Trd, 4319712.893, 70
Trd, 4319714.243, 139
Trd, 4319714.643, 140
Trd, 4319715.143, 140
Trd, 4319715.543, 137
Trd, 4319717.093, 140
Trd, 4319717.893, 140
Trd, 4319718.343, 140
Trd, 4319719.343, 140
Trd, 4319719.493, 140
Trd, 4319720.543, 119
Trd, 4319720.743, 98
Trd, 4319721.343, 140
Trd, 4319722.393, 128
Trd, 4319722.893, 99
Trd, 4319723.493, 119
Trd, 4319725.143, 96
Trd, 4319725.493, 118
Trd, 4319725.793, 118
Trd, 4319726.843, 104
Trd, 4319727.193, 98
Trd, 4319727.343, 99
Trd, 4319727.793, 79
Trd, 4319728.243, 109
Trd, 4319729.193, 96
Trd, 4319729.493, 121
Trd, 4319731.243, 60
Trd, 4319731.793, 62
Trd, 4319731.993, 65
Trd, 4319732.143, 61
Trd, 4319732.743, 140
Trd, 4319732.893, 117
Trd, 4319735.493, 140
Trd, 4319735.543, 138
Trd, 4319737.743, 140
Trd, 4319737.793, 140
Trd, 4319738.943, 81
Trd, 4319739.243, 82
Trd, 4319740.793, 140
Trd, 4319741.643, 140
Trd, 4319741.993, 140
Trd, 4319742.143, 139
Trd, 4319743.593, 124
Trd, 4319743.643, 110
Trd, 4319743.843, 140
Trd, 4319744.893, 138
Trd, 4319746.743, 127
Trd, 4319747.693, 134
Trd, 4319748.443, 99
Trd, 4319748.793, 135
Trd, 4319750.443, 140
Trd, 4319750.743, 140
Trd, 4319750.843, 139
Trd, 4319752.243, 139
Trd, 4319752.693, 137
Trd, 4319753.443, 113
Trd, 4319756.343, 140
Trd, 4319756.893, 140
Trd, 4319757.493, 140
Trd, 4319757.593, 140
Trd, 4319759.143, 140
Trd, 4319759.893, 140
Trd, 4319760.293, 129
Trd, 4319762.643, 140
Trd, 4319762.943, 117
Trd, 4319763.043, 103
Trd, 4319764.093, 140
Trd, 4319764.793, 140
Trd, 4319766.343, 140
Trd, 4319766.743, 140
Trd, 4319766.843, 139
Trd, 4319767.493, 116
Trd, 4319769.893, 140
Trd, 4319769.943, 140
Trd, 4319770.493, 140
Trd, 4319770.943, 140
Trd, 4319771.143, 140
Trd, 4319771.893, 109
Trd, 4319772.143, 96
Trd, 4319773.093, 140
Trd, 4319773.293, 140
Trd, 4319773.393, 139
Trd, 4319773.493, 72
Trd, 4319775.743, 73
Trd, 4319776.393, 139
Trd, 4319778.843, 140
Trd, 4319779.893, 140
Trd, 4319780.293, 140
Trd, 4319780.943, 112
Trd, 4319781.243, 90
Trd, 4319781.743, 108
Trd, 4319782.743, 140
Trd, 4319783.493, 140
Trd, 4319786.193, 140
Trd, 4319786.493, 140
Trd, 4319787.043, 140
Trd, 4319788.293, 140
Trd, 4319788.493, 138
Trd, 4319791.543, 140
Trd, 4319791.643, 140
Trd, 4319791.693, 139
Trd, 4319792.293, 102
Trd, 4319792.543, 129
Trd, 4319793.243, 129
Trd, 4319793.943, 140
Trd, 4319794.393, 137
Trd, 4319794.693, 122
Trd, 4319796.893, 88
Trd, 4319797.643, 64
Trd, 4319797.693, 66
Trd, 4319797.993, 69
Trd, 4319799.493, 72
Trd, 4319801.143, 113
Trd, 4319801.643, 117
Trd, 4319801.993, 89
Trd, 4319802.893, 116
Trd, 4319803.043, 108
Trd, 4319804.293, 117
Trd, 4319804.393, 86
Trd, 4319805.893, 99
Trd, 4319806.993, 116
Trd, 4319807.593, 137
Trd, 4319809.293, 140
Trd, 4319809.393, 139
Trd, 4319809.943, 139
Trd, 4319810.043, 107
Trd, 4319810.843, 140
Trd, 4319810.893, 74
Trd, 4319812.543, 62
Trd, 4319813.143, 62
Trd, 4319813.593, 62
Trd, 4319814.293, 140
Trd, 4319815.093, 94
Trd, 4319815.493, 92
Trd, 4319816.593, 137
Trd, 4319817.493, 62
Trd, 4319819.143, 65
Trd, 4319819.393, 65
Trd, 4319819.593, 67
Trd, 4319822.093, 63
Trd, 4319822.543, 64
Trd, 4319823.093, 65
Trd, 4319823.343, 140
Trd, 4319824.793, 62
Trd, 4319826.443, 114
Trd, 4319827.243, 139
Trd, 4319827.993, 140
Trd, 4319829.843, 107
Trd, 4319829.943, 107
Trd, 4319831.043, 140
Trd, 4319831.743, 140
Trd, 4319832.193, 139
Trd, 4319832.693, 137
Trd, 4319834.543, 140
Trd, 4319836.993, 140
Trd, 4319837.243, 140
Trd, 4319837.543, 140
Trd, 4319837.643, 140
Trd, 4319838.143, 140
Trd, 4319839.543, 140
Trd, 4319840.143, 140
Trd, 4319840.493, 140
Trd, 4319840.693, 140
Trd, 4319843.193, 138
Trd, 4319843.843, 104
Trd, 4319845.393, 139
Trd, 4319845.693, 138
Trd, 4319845.743, 127
Trd, 4319847.643, 140
Trd, 4319847.943, 140
Trd, 4319848.093, 140
Trd, 4319848.193, 140
Trd, 4319849.393, 140
Trd, 4319849.693, 95
Trd, 4319852.093, 138
Trd, 4319852.193, 135
Trd, 4319853.343, 140
Trd, 4319854.143, 123
Trd, 4319855.043, 84
Trd, 4319855.493, 83
Trd, 4319856.143, 83
Trd, 4319856.443, 138
Trd, 4319858.093, 126
Trd, 4319859.493, 138
Trd, 4319859.893, 136
Trd, 4319860.443, 130
Trd, 4319862.493, 140
Trd, 4319864.043, 140
Trd, 4319864.643, 140
Trd, 4319865.293, 140
Trd, 4319865.743, 140
Trd, 4319867.443, 140
Trd, 4319867.743, 139
Trd, 4319868.293, 133
Trd, 4319868.893, 102
Trd, 4319869.443, 140
Trd, 4319870.643, 140
Trd, 4319870.993, 140
Trd, 4319872.243, 140
Trd, 4319872.343, 140
Trd, 4319872.843, 139
Trd, 4319873.343, 126
Trd, 4319874.393, 106
Trd, 4319875.043, 109
Trd, 4319875.143, 105
Trd, 4319877.043, 140
Trd, 4319879.893, 140
Trd, 4319880.093, 140
Trd, 4319880.643, 140
Trd, 4319883.043, 140
Trd, 4319883.793, 140
Trd, 4319884.243, 140
Trd, 4319886.493, 140
Trd, 4319886.593, 140
Trd, 4319887.693, 140
Trd, 4319888.043, 112
Trd, 4319888.643, 111
Trd, 4319888.893, 140
Trd, 4319891.243, 140
Trd, 4319891.293, 118
Trd, 4319891.493, 116
Trd, 4319891.993, 124
Trd, 4319892.193, 82
Trd, 4319892.493, 69
Trd, 4319893.443, 65
Trd, 4319894.443, 139
Trd, 4319895.293, 140
Trd, 4319896.043, 140
Trd, 4319897.393, 140
Trd, 4319897.893, 140
Trd, 4319898.843, 140
Trd, 4319900.643, 140
Trd, 4319901.643, 140
Trd, 4319902.093, 140
Trd, 4319902.343, 140
Trd, 4319902.793, 116
Trd, 4319904.393, 140
Trd, 4319904.643, 140
Trd, 4319905.843, 120
Trd, 4319906.593, 139
Trd, 4319906.643, 139
Trd, 4319907.143, 131
Trd, 4319908.743, 140
Trd, 4319910.193, 140
Trd, 4319910.393, 140
Trd, 4319912.193, 140
Trd, 4319913.093, 140
Trd, 4319913.243, 140
Trd, 4319914.143, 139
Trd, 4319914.293, 125
Trd, 4319914.743, 139
Trd, 4319915.793, 119
Trd, 4319916.393, 138
Trd, 4319917.293, 136
Trd, 4319918.593, 123
Trd, 4319921.093, 118
Trd, 4319921.443, 139
Trd, 4319922.493, 109
Trd, 4319923.093, 137
Trd, 4319923.293, 139
Trd, 4319923.393, 108
Trd, 4319924.293, 94
Trd, 4319924.443, 95
Trd, 4319926.593, 110
Trd, 4319926.893, 140
Trd, 4319926.993, 109
Trd, 4319927.743, 139
Trd, 4319930.243, 140
Trd, 4319931.743, 140
Trd, 4319932.443, 140
Trd, 4319932.943, 140
Trd, 4319933.343, 140
Trd, 4319933.443, 139
Trd, 4319937.293, 140
Trd, 4319937.993, 140
Trd, 4319938.693, 140
Trd, 4319938.993, 140
Trd, 4319939.493, 140
Trd, 4319939.993, 140
Trd, 4319941.593, 140
Trd, 4319941.693, 139
Trd, 4319942.593, 140
Trd, 4319943.393, 140
Trd, 4319945.243, 140
Trd, 4319946.843, 140
Trd, 4319947.193, 140
Trd, 4319947.393, 140
Trd, 4319948.843, 137
Trd, 4319949.393, 136
Trd, 4319950.093, 140
Trd, 4319950.193, 139
Trd, 4319952.493, 139
Trd, 4319952.993, 140
Trd, 4319953.443, 140
Trd, 4319954.043, 140
Trd, 4319954.543, 106
Trd, 4319955.693, 140
Trd, 4319956.343, 61
Trd, 4319959.193, 73
Trd, 4319959.543, 66
Trd, 4319959.743, 66
Trd, 4319959.893, 65
Trd, 4319960.393, 83
Trd, 4319963.343, 140
Trd, 4319963.943, 140
Trd, 4319964.593, 140
Trd, 4319964.643, 139
Trd, 4319965.393, 137
Trd, 4319965.993, 139
Trd, 4319966.793, 137
Trd, 4319967.343, 119
Trd, 4319967.993, 100
Trd, 4319968.393, 134
Trd, 4319970.143, 140
Trd, 4319970.193, 139
Trd, 4319971.293, 140
Trd, 4319973.443, 121
Trd, 4319973.743, 139
Trd, 4319973.793, 121
Trd, 4319974.143, 119
Trd, 4319975.893, 138
Trd, 4319975.993, 124
Trd, 4319976.143, 105
Trd, 4319976.493, 140
Trd, 4319977.193, 139
Trd, 4319978.693, 110
Trd, 4319979.843, 105
Trd, 4319980.443, 106
Trd, 4319981.243, 139
Trd, 4319981.643, 106
Trd, 4319981.993, 103
Trd, 4319983.243, 115
Trd, 4319984.993, 140
Trd, 4319985.793, 132
Trd, 4319986.193, 123
Trd, 4319986.493, 122
Trd, 4319986.693, 122
Trd, 4319987.043, 104
Trd, 4319988.943, 135
Trd, 4319990.043, 97
Trd, 4319990.743, 140
Trd, 4319992.293, 121
Trd, 4319993.943, 139
Trd, 4319994.343, 140
Trd, 4319994.493, 136
Trd, 4319995.043, 124
Trd, 4319996.443, 126
Trd, 4319997.443, 139
Trd, 4319997.993, 140
Trd, 4319998.393, 126
Trd, 4319999.593, 139
Trd, 4319999.943, 106
