Trd, 4318109.993, 89
Trd, 4318110.093, 129
Trd, 4318110.393, 65
Trd, 4318112.093, 128
Trd, 4318113.493, 139
Trd, 4318113.693, 139
Trd, 4318114.343, 119
Trd, 4318115.043, 113
Trd, 4318115.843, 140
Trd, 4318116.343, 140
Trd, 4318118.543, 140
Trd, 4318118.943, 140
Trd, 4318119.893, 140
Trd, 4318120.143, 140
Trd, 4318121.293, 140
Trd, 4318121.843, 140
Trd, 4318122.493, 140
Trd, 4318122.543, 139
Trd, 4318123.293, 140
Trd, 4318123.893, 139
Trd, 4318124.093, 101
Trd, 4318125.043, 140
Trd, 4318125.143, 90
Trd, 4318125.893, 71
Trd, 4318126.743, 138
Trd, 4318127.193, 140
Trd, 4318127.943, 140
Trd, 4318129.293, 140
Trd, 4318129.743, 140
Trd, 4318131.943, 140
Trd, 4318132.143, 140
Trd, 4318132.243, 127
Trd, 4318132.643, 140
Trd, 4318133.493, 140
Trd, 4318134.043, 140
Trd, 4318134.293, 140
Trd, 4318134.543, 140
Trd, 4318135.093, 101
Trd, 4318137.193, 140
Trd, 4318137.843, 115
Trd, 4318137.943, 115
Trd, 4318138.093, 102
Trd, 4318138.643, 65
Trd, 4318139.493, 75
Trd, 4318139.793, 62
Trd, 4318141.443, 60
Trd, 4318142.343, 60
Trd, 4318143.093, 72
Trd, 4318143.243, 74
Trd, 4318144.143, 67
Trd, 4318145.543, 140
Trd, 4318145.793, 140
Trd, 4318147.193, 94
Trd, 4318147.243, 95
Trd, 4318147.293, 73
Trd, 4318147.843, 68
Trd, 4318148.393, 104
Trd, 4318148.793, 72
Trd, 4318149.843, 90
Trd, 4318150.993, 72
Trd, 4318151.693, 63
Trd, 4318151.843, 67
Trd, 4318152.243, 140
Trd, 4318154.193, 83
Trd, 4318155.043, 140
Trd, 4318156.193, 140
Trd, 4318156.543, 140
Trd, 4318156.643, 107
Trd, 4318157.993, 140
Trd, 4318158.743, 140
Trd, 4318158.893, 139
Trd, 4318160.743, 103
Trd, 4318161.293, 61
Trd, 4318162.643, 109
Trd, 4318162.943, 86
Trd, 4318163.093, 123
Trd, 4318163.693, 131
Trd, 4318165.793, 140
Trd, 4318165.993, 139
Trd, 4318166.943, 140
Trd, 4318167.343, 140
Trd, 4318168.743, 140
Trd, 4318169.343, 140
Trd, 4318170.493, 140
Trd, 4318171.343, 140
Trd, 4318171.443, 140
Trd, 4318173.193, 139
Trd, 4318173.293, 135
Trd, 4318174.343, 140
Trd, 4318174.793, 140
Trd, 4318175.193, 139
Trd, 4318175.993, 140
Trd, 4318178.043, 140
Trd, 4318178.393, 140
Trd, 4318178.693, 140
Trd, 4318179.293, 140
Trd, 4318179.743, 140
Trd, 4318180.043, 140
Trd, 4318180.443, 97
Trd, 4318182.893, 140
Trd, 4318183.093, 140
Trd, 4318183.293, 140
Trd, 4318183.493, 140
Trd, 4318183.693, 140
Trd, 4318183.993, 140
Trd, 4318184.943, 92
Trd, 4318184.993, 76
Trd, 4318186.543, 139
Trd, 4318186.643, 138
Trd, 4318187.343, 68
Trd, 4318188.893, 61
Trd, 4318189.443, 140
Trd, 4318190.443, 140
Trd, 4318192.593, 140
Trd, 4318192.643, 140
Trd, 4318193.493, 140
Trd, 4318194.143, 140
Trd, 4318194.343, 140
Trd, 4318195.693, 140
Trd, 4318196.243, 140
Trd, 4318198.543, 140
Trd, 4318199.393, 140
Trd, 4318199.443, 140
Trd, 4318199.843, 140
Trd, 4318200.643, 140
Trd, 4318201.243, 140
Trd, 4318201.893, 72
Trd, 4318203.343, 138
Trd, 4318204.143, 140
Trd, 4318204.343, 138
Trd, 4318205.143, 108
Trd, 4318205.343, 96
Trd, 4318206.643, 140
Trd, 4318206.743, 140
Trd, 4318207.543, 85
Trd, 4318208.593, 140
Trd, 4318208.843, 90
Trd, 4318209.243, 140
Trd, 4318209.493, 140
Trd, 4318209.943, 78
Trd, 4318211.843, 103
Trd, 4318212.493, 140
Trd, 4318212.543, 140
Trd, 4318212.743, 140
Trd, 4318212.893, 139
Trd, 4318213.493, 140
Trd, 4318213.893, 92
Trd, 4318216.043, 139
Trd, 4318216.143, 87
Trd, 4318218.093, 66
Trd, 4318218.543, 68
Trd, 4318219.843, 62
Trd, 4318221.093, 63
Trd, 4318221.143, 66
Trd, 4318221.293, 85
Trd, 4318221.443, 139
Trd, 4318222.493, 139
Trd, 4318223.593, 64
Trd, 4318223.743, 96
Trd, 4318224.193, 63
Trd, 4318225.193, 140
Trd, 4318226.193, 65
Trd, 4318226.543, 65
Trd, 4318227.093, 69
Trd, 4318228.043, 110
Trd, 4318228.143, 109
Trd, 4318229.193, 140
Trd, 4318230.593, 139
Trd, 4318231.743, 140
Trd, 4318232.093, 140
Trd, 4318233.243, 140
Trd, 4318233.443, 140
Trd, 4318234.643, 140
Trd, 4318234.843, 139
Trd, 4318235.243, 138
Trd, 4318236.343, 140
Trd, 4318236.393, 137
Trd, 4318236.893, 138
Trd, 4318238.543, 99
Trd, 4318239.093, 95
Trd, 4318239.393, 84
Trd, 4318240.993, 64
Trd, 4318241.243, 65
Trd, 4318242.193, 69
Trd, 4318242.443, 75
Trd, 4318243.943, 140
Trd, 4318244.593, 140
Trd, 4318244.693, 140
Trd, 4318245.643, 140
Trd, 4318246.393, 140
Trd, 4318246.693, 140
Trd, 4318247.543, 140
Trd, 4318247.893, 140
Trd, 4318248.543, 139
Trd, 4318249.893, 111
Trd, 4318250.493, 92
Trd, 4318250.593, 120
Trd, 4318252.793, 140
Trd, 4318252.843, 139
Trd, 4318253.543, 140
Trd, 4318255.493, 140
Trd, 4318255.993, 118
Trd, 4318256.343, 125
Trd, 4318257.193, 137
Trd, 4318258.193, 140
Trd, 4318259.093, 138
Trd, 4318259.193, 137
Trd, 4318259.693, 140
Trd, 4318259.743, 135
Trd, 4318260.343, 109
Trd, 4318261.343, 89
Trd, 4318261.693, 140
Trd, 4318262.743, 138
Trd, 4318263.343, 140
Trd, 4318264.393, 140
Trd, 4318264.743, 140
Trd, 4318265.443, 76
Trd, 4318265.543, 76
Trd, 4318266.793, 140
Trd, 4318266.943, 140
Trd, 4318267.493, 139
Trd, 4318269.893, 140
Trd, 4318270.043, 140
Trd, 4318270.993, 140
Trd, 4318271.243, 140
Trd, 4318271.493, 133
Trd, 4318271.843, 87
Trd, 4318272.593, 140
Trd, 4318273.193, 62
Trd, 4318274.143, 81
Trd, 4318274.743, 139
Trd, 4318275.143, 140
Trd, 4318275.443, 139
Trd, 4318276.493, 60
Trd, 4318277.443, 122
Trd, 4318278.143, 116
Trd, 4318280.093, 140
Trd, 4318280.343, 140
Trd, 4318280.593, 112
Trd, 4318281.493, 140
Trd, 4318281.793, 140
Trd, 4318282.443, 140
Trd, 4318283.943, 140
Trd, 4318284.143, 140
Trd, 4318284.543, 140
Trd, 4318285.693, 103
Trd, 4318285.993, 100
Trd, 4318286.243, 84
Trd, 4318287.843, 140
Trd, 4318288.143, 135
Trd, 4318288.893, 140
Trd, 4318289.193, 139
Trd, 4318289.893, 92
Trd, 4318290.093, 75
Trd, 4318292.093, 131
Trd, 4318292.393, 81
Trd, 4318292.543, 95
Trd, 4318293.893, 112
Trd, 4318295.043, 139
Trd, 4318295.193, 126
Trd, 4318296.343, 140
Trd, 4318297.493, 140
Trd, 4318298.043, 140
Trd, 4318298.343, 138
Trd, 4318300.143, 140
Trd, 4318300.493, 140
Trd, 4318300.943, 105
Trd, 4318301.193, 78
Trd, 4318301.443, 140
Trd, 4318301.643, 75
Trd, 4318302.493, 113
Trd, 4318303.293, 140
Trd, 4318304.293, 60
Trd, 4318305.393, 67
Trd, 4318305.843, 89
Trd, 4318307.193, 93
Trd, 4318307.793, 60
Trd, 4318309.293, 140
Trd, 4318309.393, 140
Trd, 4318309.593, 140
Trd, 4318309.643, 138
Trd, 4318309.843, 137
Trd, 4318311.193, 137
Trd, 4318312.293, 137
Trd, 4318313.143, 112
Trd, 4318314.043, 139
Trd, 4318314.243, 138
Trd, 4318314.293, 94
Trd, 4318315.393, 139
Trd, 4318316.393, 140
Trd, 4318318.193, 140
Trd, 4318318.293, 139
Trd, 4318318.443, 138
Trd, 4318319.193, 130
Trd, 4318320.243, 140
Trd, 4318321.093, 137
Trd, 4318321.343, 129
Trd, 4318321.493, 95
Trd, 4318322.693, 140
Trd, 4318322.993, 139
Trd, 4318324.843, 140
Trd, 4318324.893, 140
Trd, 4318325.493, 140
Trd, 4318327.043, 140
Trd, 4318327.693, 140
Trd, 4318327.993, 136
Trd, 4318328.043, 135
Trd, 4318328.143, 108
Trd, 4318329.543, 137
Trd, 4318331.743, 140
Trd, 4318332.343, 140
Trd, 4318332.843, 140
Trd, 4318333.243, 140
Trd, 4318333.643, 138
Trd, 4318334.893, 138
Trd, 4318334.943, 90
Trd, 4318335.443, 109
Trd, 4318336.243, 82
Trd, 4318336.493, 68
Trd, 4318337.343, 116
Trd, 4318337.493, 114
Trd, 4318338.593, 101
Trd, 4318339.743, 139
Trd, 4318340.093, 140
Trd, 4318340.893, 94
Trd, 4318341.743, 139
Trd, 4318342.593, 92
Trd, 4318342.843, 93
Trd, 4318342.943, 88
Trd, 4318343.843, 68
Trd, 4318344.793, 62
Trd, 4318345.893, 61
Trd, 4318346.343, 102
Trd, 4318346.843, 140
Trd, 4318347.543, 140
Trd, 4318347.593, 62
Trd, 4318348.393, 135
Trd, 4318349.793, 62
Trd, 4318350.693, 140
Trd, 4318350.793, 139
Trd, 4318352.343, 139
Trd, 4318353.893, 140
Trd, 4318353.943, 136
Trd, 4318355.193, 140
Trd, 4318356.593, 140
Trd, 4318356.943, 140
Trd, 4318357.143, 140
Trd, 4318357.693, 140
Trd, 4318359.443, 140
Trd, 4318359.593, 140
Trd, 4318359.843, 140
Trd, 4318359.893, 91
Trd, 4318361.743, 140
Trd, 4318362.593, 140
Trd, 4318363.843, 140
Trd, 4318364.043, 140
Trd, 4318364.343, 140
Trd, 4318365.093, 139
Trd, 4318366.543, 140
Trd, 4318367.143, 140
Trd, 4318368.393, 140
Trd, 4318368.643, 140
Trd, 4318370.093, 140
Trd, 4318370.343, 140
Trd, 4318370.893, 140
Trd, 4318370.993, 139
Trd, 4318371.243, 97
Trd, 4318371.393, 107
Trd, 4318372.443, 94
Trd, 4318373.043, 68
Trd, 4318373.393, 136
Trd, 4318375.043, 139
Trd, 4318376.893, 140
Trd, 4318378.043, 140
Trd, 4318378.893, 140
Trd, 4318379.343, 140
Trd, 4318379.393, 140
Trd, 4318380.293, 139
Trd, 4318381.393, 140
Trd, 4318382.193, 140
Trd, 4318384.143, 140
Trd, 4318384.893, 140
Trd, 4318385.743, 140
Trd, 4318385.793, 140
Trd, 4318386.593, 140
Trd, 4318387.093, 140
Trd, 4318387.493, 139
Trd, 4318388.743, 129
Trd, 4318389.043, 126
Trd, 4318389.443, 140
Trd, 4318389.943, 108
Trd, 4318390.593, 88
Trd, 4318390.993, 60
Trd, 4318392.643, 140
Trd, 4318392.793, 140
Trd, 4318393.643, 140
Trd, 4318395.643, 140
Trd, 4318397.093, 137
Trd, 4318397.343, 135
Trd, 4318398.193, 139
Trd, 4318398.893, 140
Trd, 4318399.043, 136
Trd, 4318400.393, 140
Trd, 4318400.543, 138
Trd, 4318400.643, 132
Trd, 4318401.743, 136
Trd, 4318401.993, 133
Trd, 4318402.143, 131
Trd, 4318404.193, 139
Trd, 4318404.593, 92
Trd, 4318405.643, 137
Trd, 4318406.793, 94
Trd, 4318407.143, 139
Trd, 4318407.343, 135
Trd, 4318408.543, 62
Trd, 4318409.193, 140
Trd, 4318411.243, 140
Trd, 4318412.243, 140
Trd, 4318412.293, 135
Trd, 4318412.693, 60
Trd, 4318413.793, 65
Trd, 4318414.093, 61
Trd, 4318414.293, 65
Trd, 4318415.393, 71
Trd, 4318415.993, 60
Trd, 4318417.693, 61
Trd, 4318419.093, 64
Trd, 4318419.443, 83
Trd, 4318420.793, 140
Trd, 4318421.893, 140
Trd, 4318423.093, 140
Trd, 4318423.243, 140
Trd, 4318423.343, 140
Trd, 4318423.943, 140
Trd, 4318425.243, 140
Trd, 4318425.343, 139
Trd, 4318425.443, 138
Trd, 4318426.593, 139
Trd, 4318428.543, 132
Trd, 4318428.943, 101
Trd, 4318429.243, 135
Trd, 4318429.393, 88
Trd, 4318431.393, 139
Trd, 4318431.943, 126
Trd, 4318432.543, 139
Trd, 4318433.293, 127
Trd, 4318433.543, 129
Trd, 4318433.693, 127
Trd, 4318433.943, 108
Trd, 4318435.293, 139
Trd, 4318435.443, 112
Trd, 4318435.493, 104
Trd, 4318435.693, 63
Trd, 4318436.293, 135
Trd, 4318436.843, 87
Trd, 4318437.643, 60
Trd, 4318438.493, 63
Trd, 4318438.693, 140
Trd, 4318439.843, 129
Trd, 4318440.443, 140
Trd, 4318441.443, 140
Trd, 4318442.493, 140
Trd, 4318442.993, 139
Trd, 4318443.243, 92
Trd, 4318444.293, 140
Trd, 4318444.893, 140
Trd, 4318445.943, 138
Trd, 4318446.343, 140
Trd, 4318446.593, 140
Trd, 4318448.493, 140
Trd, 4318449.443, 140
Trd, 4318450.393, 140
Trd, 4318450.693, 138
Trd, 4318451.243, 140
Trd, 4318451.343, 134
Trd, 4318452.243, 67
Trd, 4318453.043, 109
Trd, 4318453.993, 140
Trd, 4318455.243, 140
Trd, 4318456.893, 140
Trd, 4318457.343, 135
Trd, 4318459.393, 138
Trd, 4318459.493, 66
Trd, 4318460.243, 138
Trd, 4318460.443, 138
Trd, 4318461.593, 95
Trd, 4318461.693, 95
Trd, 4318462.343, 93
Trd, 4318462.593, 123
Trd, 4318464.193, 97
Trd, 4318465.343, 138
Trd, 4318465.793, 140
Trd, 4318466.693, 140
Trd, 4318466.893, 140
Trd, 4318467.493, 135
Trd, 4318468.043, 126
Trd, 4318469.143, 95
Trd, 4318470.493, 140
Trd, 4318470.593, 139
Trd, 4318471.443, 140
Trd, 4318471.743, 140
Trd, 4318471.993, 94
Trd, 4318475.293, 140
Trd, 4318476.143, 140
Trd, 4318476.243, 140
Trd, 4318476.593, 140
Trd, 4318476.743, 138
Trd, 4318477.143, 136
Trd, 4318478.043, 140
Trd, 4318478.343, 139
Trd, 4318479.293, 115
Trd, 4318479.543, 124
Trd, 4318480.993, 133
Trd, 4318481.343, 118
Trd, 4318482.393, 140
Trd, 4318483.143, 140
Trd, 4318483.243, 140
Trd, 4318485.093, 140
Trd, 4318486.243, 140
Trd, 4318486.793, 140
Trd, 4318487.593, 140
Trd, 4318487.943, 140
Trd, 4318487.993, 137
Trd, 4318489.343, 140
Trd, 4318489.843, 140
Trd, 4318490.043, 140
Trd, 4318490.743, 138
Trd, 4318491.293, 140
Trd, 4318492.043, 128
Trd, 4318492.493, 111
Trd, 4318493.393, 139
Trd, 4318494.843, 140
Trd, 4318496.593, 140
Trd, 4318497.343, 140
Trd, 4318497.793, 138
Trd, 4318498.243, 137
Trd, 4318498.943, 98
Trd, 4318499.493, 139
Trd, 4318500.943, 140
Trd, 4318501.843, 140
Trd, 4318503.443, 140
Trd, 4318503.893, 140
Trd, 4318504.193, 140
Trd, 4318504.543, 139
Trd, 4318504.943, 60
Trd, 4318506.143, 140
Trd, 4318508.293, 140
Trd, 4318508.993, 140
Trd, 4318509.543, 140
Trd, 4318511.143, 140
Trd, 4318511.243, 140
Trd, 4318511.743, 140
Trd, 4318511.943, 121
Trd, 4318512.943, 140
Trd, 4318513.793, 139
Trd, 4318514.293, 140
Trd, 4318514.343, 96
Trd, 4318515.243, 140
Trd, 4318516.043, 72
Trd, 4318516.743, 70
Trd, 4318517.443, 68
Trd, 4318517.993, 140
Trd, 4318520.343, 134
Trd, 4318520.743, 127
Trd, 4318520.793, 126
Trd, 4318520.943, 124
Trd, 4318521.943, 78
Trd, 4318523.443, 140
Trd, 4318523.993, 140
Trd, 4318524.643, 140
Trd, 4318525.093, 140
Trd, 4318525.393, 139
Trd, 4318525.693, 79
Trd, 4318525.793, 66
Trd, 4318527.543, 140
Trd, 4318528.743, 140
Trd, 4318529.543, 140
Trd, 4318530.693, 140
Trd, 4318530.743, 140
Trd, 4318531.343, 140
Trd, 4318532.193, 140
Trd, 4318532.943, 140
Trd, 4318532.993, 140
Trd, 4318533.993, 140
Trd, 4318534.293, 140
Trd, 4318535.443, 140
Trd, 4318535.743, 138
Trd, 4318536.593, 140
Trd, 4318538.493, 140
Trd, 4318538.543, 140
Trd, 4318538.993, 139
Trd, 4318540.293, 140
Trd, 4318540.843, 134
Trd, 4318540.943, 122
Trd, 4318541.393, 80
Trd, 4318541.793, 140
Trd, 4318542.393, 140
Trd, 4318543.393, 61
Trd, 4318544.293, 60
Trd, 4318545.643, 140
Trd, 4318545.893, 140
Trd, 4318547.243, 139
Trd, 4318547.293, 139
Trd, 4318547.343, 137
Trd, 4318549.443, 140
Trd, 4318549.593, 140
Trd, 4318550.693, 140
Trd, 4318551.893, 140
Trd, 4318551.943, 139
Trd, 4318553.993, 140
Trd, 4318554.743, 140
Trd, 4318554.993, 140
Trd, 4318555.443, 139
Trd, 4318556.393, 140
Trd, 4318556.643, 140
Trd, 4318556.743, 140
Trd, 4318557.793, 140
Trd, 4318558.243, 140
Trd, 4318559.193, 87
Trd, 4318559.593, 98
Trd, 4318559.993, 74
Trd, 4318560.693, 139
Trd, 4318562.993, 140
Trd, 4318565.293, 139
Trd, 4318565.893, 140
Trd, 4318566.693, 140
Trd, 4318566.993, 140
Trd, 4318567.443, 138
Trd, 4318567.843, 139
Trd, 4318568.793, 140
Trd, 4318569.443, 140
Trd, 4318570.443, 140
Trd, 4318571.643, 140
Trd, 4318572.143, 140
Trd, 4318573.093, 140
Trd, 4318573.293, 139
Trd, 4318573.593, 138
Trd, 4318573.993, 138
Trd, 4318574.743, 140
Trd, 4318576.093, 140
Trd, 4318576.743, 140
Trd, 4318576.943, 140
Trd, 4318577.443, 138
Trd, 4318578.043, 140
Trd, 4318579.943, 140
Trd, 4318580.743, 140
Trd, 4318581.643, 140
Trd, 4318582.293, 140
Trd, 4318582.893, 140
Trd, 4318583.593, 140
Trd, 4318584.043, 139
Trd, 4318584.243, 124
Trd, 4318584.343, 139
Trd, 4318584.993, 74
Trd, 4318585.543, 137
Trd, 4318585.693, 72
Trd, 4318586.993, 88
Trd, 4318587.843, 86
Trd, 4318588.593, 62
Trd, 4318589.893, 66
Trd, 4318590.293, 63
Trd, 4318592.143, 140
Trd, 4318592.593, 139
Trd, 4318593.693, 140
Trd, 4318593.743, 140
Trd, 4318594.693, 140
Trd, 4318595.443, 139
Trd, 4318598.843, 140
Trd, 4318598.893, 140
Trd, 4318599.093, 140
Trd, 4318601.143, 140
Trd, 4318601.293, 140
Trd, 4318602.093, 140
Trd, 4318603.143, 140
Trd, 4318603.493, 140
Trd, 4318604.343, 140
Trd, 4318605.243, 140
Trd, 4318605.393, 139
Trd, 4318606.243, 133
Trd, 4318607.043, 111
Trd, 4318608.343, 140
Trd, 4318608.593, 140
Trd, 4318608.793, 112
Trd, 4318609.293, 109
Trd, 4318610.143, 111
Trd, 4318610.693, 140
Trd, 4318612.243, 140
Trd, 4318612.893, 140
Trd, 4318613.093, 140
Trd, 4318613.843, 115
Trd, 4318614.743, 60
Trd, 4318614.993, 61
Trd, 4318616.043, 66
Trd, 4318618.643, 140
Trd, 4318618.743, 140
Trd, 4318619.443, 139
Trd, 4318619.843, 140
Trd, 4318619.893, 88
Trd, 4318620.293, 79
Trd, 4318620.743, 61
Trd, 4318622.393, 140
Trd, 4318622.493, 139
Trd, 4318623.443, 140
Trd, 4318624.143, 140
Trd, 4318626.193, 140
Trd, 4318627.293, 140
Trd, 4318628.043, 140
Trd, 4318628.393, 140
Trd, 4318628.693, 140
Trd, 4318629.393, 140
Trd, 4318631.643, 140
Trd, 4318632.243, 139
Trd, 4318632.343, 138
Trd, 4318632.443, 137
Trd, 4318632.743, 82
Trd, 4318633.493, 137
Trd, 4318634.143, 140
Trd, 4318634.943, 139
Trd, 4318636.843, 140
Trd, 4318637.043, 140
Trd, 4318637.143, 139
Trd, 4318638.743, 140
Trd, 4318638.893, 139
Trd, 4318639.793, 130
Trd, 4318639.993, 61
Trd, 4318640.543, 60
Trd, 4318640.693, 65
Trd, 4318641.993, 65
Trd, 4318642.043, 120
Trd, 4318642.743, 118
Trd, 4318645.043, 140
Trd, 4318645.843, 140
Trd, 4318646.393, 140
Trd, 4318646.693, 140
Trd, 4318647.243, 140
Trd, 4318647.293, 140
Trd, 4318647.343, 98
Trd, 4318649.943, 140
Trd, 4318651.243, 134
Trd, 4318651.943, 140
Trd, 4318652.393, 140
Trd, 4318653.943, 140
Trd, 4318654.343, 140
Trd, 4318654.793, 140
Trd, 4318655.543, 140
Trd, 4318657.493, 140
Trd, 4318659.043, 140
Trd, 4318659.193, 140
Trd, 4318659.443, 140
Trd, 4318659.793, 140
Trd, 4318660.293, 140
Trd, 4318660.793, 137
Trd, 4318661.843, 136
Trd, 4318662.443, 112
Trd, 4318662.643, 96
Trd, 4318664.643, 105
Trd, 4318665.193, 139
Trd, 4318665.893, 96
Trd, 4318667.043, 104
Trd, 4318667.693, 68
Trd, 4318667.893, 97
Trd, 4318668.443, 115
Trd, 4318668.493, 76
Trd, 4318668.893, 81
Trd, 4318669.443, 68
Trd, 4318670.343, 90
Trd, 4318671.693, 140
Trd, 4318673.093, 140
Trd, 4318673.443, 138
Trd, 4318673.543, 137
Trd, 4318673.993, 114
Trd, 4318675.343, 140
Trd, 4318675.693, 140
Trd, 4318675.943, 106
Trd, 4318677.093, 74
Trd, 4318677.943, 95
Trd, 4318678.693, 79
Trd, 4318678.843, 78
Trd, 4318679.743, 98
Trd, 4318681.143, 140
Trd, 4318681.443, 140
Trd, 4318681.793, 140
Trd, 4318682.543, 139
Trd, 4318683.293, 139
Trd, 4318683.593, 125
Trd, 4318685.343, 140
Trd, 4318686.143, 140
Trd, 4318686.593, 140
Trd, 4318687.143, 139
Trd, 4318689.193, 117
Trd, 4318689.243, 117
Trd, 4318689.393, 140
Trd, 4318689.793, 126
Trd, 4318689.843, 92
Trd, 4318691.543, 112
Trd, 4318691.943, 140
Trd, 4318692.343, 94
Trd, 4318693.843, 140
Trd, 4318693.993, 138
Trd, 4318694.393, 121
Trd, 4318696.093, 140
Trd, 4318696.143, 140
Trd, 4318696.343, 138
Trd, 4318697.293, 139
Trd, 4318698.143, 140
Trd, 4318699.343, 137
Trd, 4318699.593, 132
Trd, 4318700.993, 140
Trd, 4318701.743, 115
Trd, 4318702.093, 114
Trd, 4318702.993, 140
Trd, 4318703.843, 140
Trd, 4318704.343, 140
Trd, 4318705.393, 140
Trd, 4318706.293, 140
Trd, 4318706.443, 140
Trd, 4318706.993, 139
Trd, 4318708.443, 110
Trd, 4318708.643, 67
Trd, 4318709.193, 86
Trd, 4318709.293, 69
Trd, 4318709.543, 136
Trd, 4318710.543, 62
Trd, 4318711.493, 62
Trd, 4318712.343, 60
Trd, 4318712.493, 77
Trd, 4318713.143, 139
Trd, 4318715.043, 140
Trd, 4318715.493, 140
Trd, 4318715.943, 140
Trd, 4318716.143, 140
Trd, 4318717.293, 140
Trd, 4318717.593, 140
Trd, 4318717.793, 140
Trd, 4318717.843, 136
Trd, 4318720.093, 140
Trd, 4318720.393, 139
Trd, 4318721.043, 140
Trd, 4318721.493, 140
Trd, 4318722.343, 140
Trd, 4318723.193, 140
Trd, 4318724.243, 140
Trd, 4318725.093, 139
Trd, 4318725.343, 138
Trd, 4318725.943, 100
Trd, 4318727.193, 139
Trd, 4318727.693, 104
Trd, 4318728.843, 90
Trd, 4318729.593, 140
Trd, 4318729.993, 85
Trd, 4318730.243, 73
Trd, 4318730.993, 140
Trd, 4318731.243, 137
Trd, 4318732.793, 65
Trd, 4318733.643, 60
Trd, 4318735.593, 140
Trd, 4318737.493, 140
Trd, 4318737.543, 140
Trd, 4318738.043, 140
Trd, 4318739.043, 140
Trd, 4318739.493, 140
Trd, 4318739.843, 140
Trd, 4318740.143, 140
Trd, 4318742.043, 140
Trd, 4318742.843, 140
Trd, 4318743.393, 140
Trd, 4318745.893, 140
Trd, 4318746.093, 140
Trd, 4318746.643, 140
Trd, 4318748.393, 140
Trd, 4318748.843, 140
Trd, 4318749.893, 140
Trd, 4318751.493, 140
Trd, 4318751.943, 140
Trd, 4318752.443, 140
Trd, 4318752.593, 138
Trd, 4318752.643, 100
Trd, 4318753.593, 140
Trd, 4318754.643, 138
Trd, 4318755.043, 138
Trd, 4318756.193, 140
Trd, 4318757.443, 140
Trd, 4318757.693, 137
Trd, 4318758.193, 139
Trd, 4318758.493, 137
Trd, 4318759.443, 127
Trd, 4318759.643, 138
Trd, 4318760.293, 140
Trd, 4318761.993, 140
Trd, 4318762.693, 138
Trd, 4318762.993, 137
Trd, 4318763.993, 139
Trd, 4318764.293, 139
Trd, 4318764.593, 140
Trd, 4318764.693, 121
Trd, 4318764.993, 88
Trd, 4318765.493, 80
Trd, 4318765.843, 111
Trd, 4318769.243, 62
Trd, 4318770.893, 67
Trd, 4318771.343, 140
Trd, 4318771.493, 139
Trd, 4318771.693, 140
Trd, 4318771.743, 139
Trd, 4318772.643, 140
Trd, 4318773.143, 140
Trd, 4318773.643, 107
Trd, 4318774.443, 79
Trd, 4318775.193, 119
Trd, 4318775.293, 99
Trd, 4318776.293, 68
Trd, 4318776.593, 84
Trd, 4318776.793, 67
Trd, 4318777.893, 125
Trd, 4318778.443, 140
Trd, 4318778.843, 71
Trd, 4318780.893, 75
Trd, 4318781.193, 79
Trd, 4318781.543, 140
Trd, 4318781.893, 140
Trd, 4318783.393, 140
Trd, 4318783.743, 138
Trd, 4318784.043, 136
Trd, 4318785.193, 111
Trd, 4318785.293, 86
Trd, 4318786.643, 140
Trd, 4318786.893, 132
Trd, 4318787.893, 104
Trd, 4318788.993, 107
Trd, 4318789.743, 60
Trd, 4318790.243, 60
Trd, 4318790.593, 60
Trd, 4318792.543, 140
Trd, 4318792.593, 140
Trd, 4318793.243, 140
Trd, 4318793.493, 92
Trd, 4318794.143, 140
Trd, 4318795.343, 140
Trd, 4318796.393, 140
Trd, 4318796.943, 140
Trd, 4318797.343, 140
Trd, 4318797.843, 140
Trd, 4318798.643, 140
Trd, 4318800.143, 140
Trd, 4318800.643, 140
Trd, 4318801.093, 140
Trd, 4318801.543, 140
Trd, 4318801.743, 140
Trd, 4318802.393, 121
Trd, 4318802.993, 119
Trd, 4318803.743, 83
Trd, 4318804.443, 140
Trd, 4318804.643, 88
Trd, 4318805.343, 116
Trd, 4318806.643, 136
Trd, 4318807.493, 140
Trd, 4318808.843, 133
Trd, 4318811.193, 140
Trd, 4318811.243, 139
Trd, 4318812.193, 140
Trd, 4318813.093, 140
Trd, 4318813.393, 138
Trd, 4318814.293, 140
Trd, 4318814.843, 140
Trd, 4318814.893, 128
Trd, 4318815.543, 139
Trd, 4318817.043, 140
Trd, 4318817.243, 140
Trd, 4318817.793, 140
Trd, 4318817.943, 139
Trd, 4318818.893, 140
Trd, 4318819.493, 140
Trd, 4318820.643, 79
Trd, 4318821.543, 66
Trd, 4318821.843, 71
Trd, 4318824.043, 140
Trd, 4318824.793, 140
Trd, 4318825.243, 140
Trd, 4318826.193, 139
Trd, 4318826.493, 139
Trd, 4318827.093, 106
Trd, 4318827.893, 136
Trd, 4318828.293, 106
Trd, 4318829.193, 65
Trd, 4318829.743, 66
Trd, 4318831.893, 140
Trd, 4318832.143, 140
Trd, 4318833.393, 140
Trd, 4318834.243, 140
Trd, 4318836.643, 140
Trd, 4318836.743, 140
Trd, 4318837.093, 140
Trd, 4318837.593, 140
Trd, 4318839.043, 140
Trd, 4318839.993, 140
Trd, 4318840.493, 140
Trd, 4318840.843, 138
Trd, 4318840.943, 136
Trd, 4318841.443, 119
Trd, 4318842.093, 140
Trd, 4318843.843, 140
Trd, 4318844.093, 139
Trd, 4318844.443, 139
Trd, 4318845.743, 139
Trd, 4318845.843, 126
Trd, 4318847.893, 140
Trd, 4318848.743, 140
Trd, 4318848.893, 140
Trd, 4318849.243, 140
Trd, 4318849.693, 137
Trd, 4318850.493, 137
Trd, 4318852.093, 140
Trd, 4318852.243, 140
Trd, 4318852.343, 140
Trd, 4318852.743, 116
Trd, 4318854.093, 139
Trd, 4318854.143, 68
Trd, 4318854.393, 139
Trd, 4318855.893, 139
Trd, 4318856.193, 132
Trd, 4318857.643, 140
Trd, 4318858.343, 140
Trd, 4318859.293, 139
Trd, 4318860.443, 128
Trd, 4318861.393, 115
Trd, 4318862.443, 96
Trd, 4318862.593, 125
Trd, 4318863.043, 92
Trd, 4318863.443, 138
Trd, 4318864.143, 109
Trd, 4318865.993, 64
Trd, 4318866.743, 117
Trd, 4318867.393, 93
Trd, 4318868.393, 139
Trd, 4318868.643, 138
Trd, 4318868.843, 139
Trd, 4318869.093, 101
Trd, 4318871.393, 140
Trd, 4318872.193, 140
Trd, 4318872.693, 140
Trd, 4318872.793, 138
Trd, 4318873.343, 140
Trd, 4318873.393, 109
Trd, 4318875.093, 138
Trd, 4318875.893, 140
Trd, 4318876.843, 140
Trd, 4318877.093, 140
Trd, 4318877.443, 140
Trd, 4318877.793, 139
Trd, 4318879.593, 123
Trd, 4318879.993, 122
Trd, 4318880.993, 90
Trd, 4318881.493, 121
Trd, 4318881.543, 120
Trd, 4318883.193, 140
Trd, 4318884.243, 140
Trd, 4318884.443, 140
Trd, 4318884.893, 140
Trd, 4318885.793, 140
Trd, 4318888.143, 140
Trd, 4318888.543, 140
Trd, 4318888.643, 140
Trd, 4318889.593, 140
Trd, 4318891.193, 140
Trd, 4318891.693, 140
Trd, 4318892.193, 139
Trd, 4318893.343, 140
Trd, 4318893.793, 140
Trd, 4318894.293, 140
Trd, 4318895.943, 140
Trd, 4318896.143, 140
Trd, 4318896.343, 140
Trd, 4318896.393, 104
Trd, 4318896.743, 80
Trd, 4318898.993, 140
Trd, 4318899.243, 140
Trd, 4318899.943, 140
Trd, 4318901.443, 140
Trd, 4318901.893, 140
Trd, 4318902.643, 139
Trd, 4318904.143, 140
Trd, 4318904.993, 140
Trd, 4318905.443, 140
Trd, 4318906.293, 140
Trd, 4318906.893, 140
Trd, 4318907.243, 140
Trd, 4318907.993, 101
Trd, 4318908.943, 111
Trd, 4318909.493, 128
Trd, 4318909.943, 111
Trd, 4318911.093, 60
Trd, 4318912.793, 140
Trd, 4318912.943, 139
Trd, 4318913.543, 137
Trd, 4318914.443, 134
Trd, 4318915.393, 140
Trd, 4318915.643, 140
Trd, 4318916.493, 140
Trd, 4318918.143, 140
Trd, 4318918.243, 140
Trd, 4318919.193, 102
Trd, 4318919.443, 133
Trd, 4318919.743, 139
Trd, 4318920.593, 123
Trd, 4318920.743, 65
Trd, 4318921.193, 60
Trd, 4318921.843, 61
Trd, 4318923.243, 140
Trd, 4318924.243, 140
Trd, 4318924.843, 140
Trd, 4318925.343, 140
Trd, 4318926.043, 140
Trd, 4318926.443, 140
Trd, 4318927.693, 140
Trd, 4318927.993, 140
Trd, 4318929.143, 140
Trd, 4318929.943, 140
Trd, 4318931.243, 140
Trd, 4318932.443, 140
Trd, 4318932.693, 140
Trd, 4318933.193, 140
Trd, 4318933.693, 140
Trd, 4318934.193, 140
Trd, 4318935.443, 140
Trd, 4318936.143, 140
Trd, 4318936.393, 140
Trd, 4318937.243, 94
Trd, 4318937.693, 136
Trd, 4318939.743, 140
Trd, 4318940.193, 140
Trd, 4318940.593, 140
Trd, 4318940.843, 140
Trd, 4318941.393, 140
Trd, 4318943.543, 140
Trd, 4318943.893, 140
Trd, 4318944.793, 137
Trd, 4318945.743, 137
Trd, 4318948.243, 140
Trd, 4318948.643, 140
Trd, 4318949.043, 140
Trd, 4318949.543, 138
Trd, 4318950.543, 139
Trd, 4318950.593, 119
Trd, 4318951.443, 139
Trd, 4318952.043, 129
Trd, 4318952.443, 140
Trd, 4318953.493, 140
Trd, 4318954.243, 140
Trd, 4318954.293, 140
Trd, 4318956.693, 140
Trd, 4318956.893, 140
Trd, 4318957.493, 140
Trd, 4318957.743, 140
Trd, 4318957.893, 140
Trd, 4318958.093, 112
Trd, 4318958.893, 139
Trd, 4318960.693, 139
Trd, 4318960.893, 95
Trd, 4318961.893, 135
Trd, 4318962.943, 139
Trd, 4318963.143, 114
Trd, 4318965.143, 138
Trd, 4318965.993, 140
Trd, 4318966.293, 140
Trd, 4318967.743, 140
Trd, 4318968.043, 140
Trd, 4318969.643, 140
Trd, 4318969.693, 140
Trd, 4318969.743, 139
Trd, 4318971.143, 140
Trd, 4318971.493, 139
Trd, 4318971.693, 102
Trd, 4318971.943, 77
Trd, 4318972.693, 140
Trd, 4318972.993, 140
Trd, 4318973.193, 140
Trd, 4318973.443, 106
Trd, 4318974.593, 138
Trd, 4318975.243, 97
Trd, 4318976.343, 81
Trd, 4318977.793, 139
Trd, 4318977.893, 139
Trd, 4318978.293, 140
Trd, 4318979.643, 140
Trd, 4318980.043, 139
Trd, 4318980.843, 138
Trd, 4318981.743, 138
Trd, 4318982.343, 138
Trd, 4318982.793, 140
Trd, 4318984.443, 137
Trd, 4318984.693, 128
Trd, 4318984.893, 138
Trd, 4318985.293, 97
Trd, 4318986.443, 120
Trd, 4318986.943, 119
Trd, 4318988.343, 140
Trd, 4318988.893, 140
Trd, 4318989.193, 140
Trd, 4318989.243, 133
Trd, 4318990.293, 140
Trd, 4318991.493, 140
Trd, 4318991.693, 139
Trd, 4318991.843, 138
Trd, 4318993.143, 140
Trd, 4318993.693, 138
Trd, 4318993.743, 93
Trd, 4318995.743, 140
Trd, 4318996.393, 140
Trd, 4318996.543, 140
Trd, 4318996.693, 139
Trd, 4318997.893, 140
Trd, 4318998.693, 140
Trd, 4319000.593, 140
Trd, 4319000.643, 140
Trd, 4319001.143, 140
Trd, 4319001.193, 140
Trd, 4319001.993, 139
Trd, 4319002.293, 136
Trd, 4319002.343, 127
Trd, 4319003.243, 139
Trd, 4319003.293, 98
Trd, 4319005.543, 61
Trd, 4319006.493, 60
Trd, 4319006.893, 66
Trd, 4319007.043, 90
Trd, 4319008.343, 109
Trd, 4319009.493, 128
Trd, 4319012.943, 140
Trd, 4319013.043, 140
Trd, 4319013.143, 139
Trd, 4319013.543, 138
Trd, 4319013.943, 138
Trd, 4319013.993, 138
Trd, 4319015.093, 140
Trd, 4319015.343, 139
Trd, 4319015.993, 100
Trd, 4319017.243, 140
Trd, 4319019.643, 140
Trd, 4319019.793, 140
Trd, 4319020.243, 140
Trd, 4319020.993, 138
Trd, 4319021.243, 109
Trd, 4319021.643, 114
Trd, 4319022.743, 133
Trd, 4319023.443, 98
Trd, 4319023.593, 130
Trd, 4319023.643, 96
Trd, 4319024.343, 60
Trd, 4319024.593, 64
Trd, 4319025.343, 140
Trd, 4319027.093, 61
Trd, 4319027.693, 60
Trd, 4319028.843, 82
Trd, 4319029.193, 62
Trd, 4319029.893, 139
Trd, 4319030.643, 140
Trd, 4319030.693, 138
Trd, 4319033.043, 140
Trd, 4319033.193, 140
Trd, 4319034.743, 140
Trd, 4319035.093, 140
Trd, 4319035.143, 140
Trd, 4319035.343, 140
Trd, 4319037.343, 140
Trd, 4319038.443, 140
Trd, 4319038.993, 140
Trd, 4319040.043, 140
Trd, 4319040.243, 140
Trd, 4319040.843, 139
Trd, 4319041.293, 138
Trd, 4319041.393, 119
Trd, 4319041.493, 86
Trd, 4319042.443, 140
Trd, 4319042.793, 136
Trd, 4319043.893, 140
Trd, 4319044.093, 139
Trd, 4319044.693, 140
Trd, 4319044.843, 117
Trd, 4319045.293, 72
Trd, 4319047.393, 101
Trd, 4319047.443, 100
Trd, 4319047.893, 117
Trd, 4319048.193, 79
Trd, 4319049.493, 139
Trd, 4319050.343, 67
Trd, 4319050.643, 140
Trd, 4319051.643, 109
Trd, 4319053.993, 140
Trd, 4319054.543, 140
Trd, 4319055.543, 140
Trd, 4319055.843, 139
Trd, 4319056.193, 138
Trd, 4319056.693, 127
Trd, 4319056.943, 100
Trd, 4319057.393, 139
Trd, 4319058.593, 140
Trd, 4319061.793, 140
Trd, 4319061.943, 140
Trd, 4319062.293, 140
Trd, 4319063.593, 140
Trd, 4319065.193, 140
Trd, 4319065.243, 140
Trd, 4319065.293, 140
Trd, 4319065.643, 135
Trd, 4319068.093, 139
Trd, 4319069.343, 140
Trd, 4319069.393, 137
Trd, 4319069.443, 137
Trd, 4319069.993, 76
Trd, 4319070.243, 73
Trd, 4319070.493, 88
Trd, 4319071.193, 121
Trd, 4319071.893, 140
Trd, 4319072.893, 139
Trd, 4319073.143, 89
Trd, 4319073.493, 86
Trd, 4319073.843, 115
Trd, 4319075.193, 139
Trd, 4319075.643, 138
Trd, 4319075.743, 137
Trd, 4319077.943, 114
Trd, 4319078.393, 109
Trd, 4319078.943, 139
Trd, 4319081.093, 140
Trd, 4319081.643, 140
Trd, 4319081.993, 140
Trd, 4319082.243, 140
Trd, 4319083.393, 121
Trd, 4319083.893, 140
Trd, 4319084.493, 110
Trd, 4319084.793, 135
Trd, 4319085.843, 90
Trd, 4319086.843, 140
Trd, 4319087.793, 140
Trd, 4319087.993, 139
Trd, 4319088.693, 74
Trd, 4319088.993, 81
Trd, 4319089.993, 76
Trd, 4319090.643, 74
Trd, 4319091.493, 102
Trd, 4319092.743, 138
Trd, 4319093.943, 101
Trd, 4319094.893, 140
Trd, 4319094.943, 139
Trd, 4319095.243, 140
Trd, 4319096.093, 140
Trd, 4319098.343, 140
Trd, 4319098.393, 140
Trd, 4319099.493, 75
Trd, 4319099.943, 139
Trd, 4319101.243, 131
Trd, 4319101.543, 132
Trd, 4319102.193, 135
Trd, 4319102.693, 87
Trd, 4319103.293, 86
Trd, 4319104.043, 66
Trd, 4319104.343, 69
Trd, 4319104.993, 63
Trd, 4319105.243, 140
Trd, 4319106.793, 87
Trd, 4319107.793, 139
Trd, 4319109.393, 101
Trd, 4319110.043, 140
Trd, 4319111.143, 140
Trd, 4319111.343, 140
Trd, 4319111.793, 140
Trd, 4319111.993, 140
Trd, 4319113.943, 140
Trd, 4319114.893, 140
Trd, 4319115.943, 139
Trd, 4319116.243, 140
Trd, 4319117.143, 140
Trd, 4319117.443, 140
Trd, 4319120.043, 139
Trd, 4319120.893, 140
Trd, 4319121.543, 140
Trd, 4319121.843, 140
Trd, 4319122.043, 140
Trd, 4319123.043, 140
Trd, 4319123.393, 140
Trd, 4319123.643, 136
Trd, 4319124.593, 89
Trd, 4319124.943, 140
Trd, 4319126.093, 129
Trd, 4319127.243, 140
Trd, 4319127.343, 140
Trd, 4319128.843, 119
Trd, 4319128.993, 117
Trd, 4319129.193, 84
Trd, 4319130.443, 61
Trd, 4319131.043, 60
Trd, 4319131.843, 61
Trd, 4319132.193, 140
Trd, 4319133.043, 137
Trd, 4319134.193, 139
Trd, 4319134.593, 140
Trd, 4319134.843, 140
Trd, 4319136.943, 134
Trd, 4319137.043, 133
Trd, 4319137.943, 89
Trd, 4319138.693, 68
Trd, 4319138.793, 130
Trd, 4319140.293, 97
Trd, 4319140.543, 99
Trd, 4319141.193, 64
Trd, 4319141.243, 66
Trd, 4319141.443, 136
Trd, 4319141.843, 134
Trd, 4319142.943, 137
Trd, 4319143.343, 77
Trd, 4319144.993, 140
Trd, 4319145.843, 140
Trd, 4319146.993, 140
Trd, 4319147.793, 64
Trd, 4319147.843, 64
Trd, 4319147.893, 89
Trd, 4319148.393, 71
Trd, 4319150.793, 140
Trd, 4319151.743, 140
Trd, 4319152.893, 140
Trd, 4319153.543, 140
Trd, 4319153.943, 140
Trd, 4319154.893, 140
Trd, 4319155.843, 140
Trd, 4319156.193, 140
Trd, 4319156.543, 138
Trd, 4319156.593, 125
Trd, 4319156.693, 95
Trd, 4319158.743, 140
Trd, 4319158.893, 140
Trd, 4319159.143, 140
Trd, 4319159.443, 140
Trd, 4319160.393, 140
Trd, 4319161.793, 140
Trd, 4319163.293, 140
Trd, 4319164.043, 140
Trd, 4319164.793, 140
Trd, 4319164.893, 139
Trd, 4319165.543, 140
Trd, 4319166.843, 140
Trd, 4319166.893, 93
Trd, 4319167.143, 62
Trd, 4319168.293, 139
Trd, 4319168.993, 111
Trd, 4319169.293, 61
Trd, 4319170.043, 63
Trd, 4319172.343, 140
Trd, 4319172.793, 140
Trd, 4319173.243, 140
Trd, 4319173.343, 139
Trd, 4319173.543, 101
Trd, 4319174.343, 139
Trd, 4319174.543, 77
Trd, 4319175.493, 139
Trd, 4319176.643, 124
Trd, 4319177.293, 66
Trd, 4319178.393, 65
Trd, 4319179.443, 138
Trd, 4319179.543, 139
Trd, 4319181.643, 111
Trd, 4319182.243, 139
Trd, 4319183.243, 109
Trd, 4319183.393, 109
Trd, 4319183.943, 138
Trd, 4319184.143, 138
Trd, 4319184.493, 87
Trd, 4319184.793, 64
Trd, 4319186.643, 140
Trd, 4319186.893, 139
Trd, 4319188.393, 140
Trd, 4319189.093, 140
Trd, 4319189.993, 140
Trd, 4319190.543, 140
Trd, 4319190.793, 138
Trd, 4319190.893, 94
Trd, 4319191.343, 139
Trd, 4319192.493, 60
Trd, 4319194.443, 139
Trd, 4319194.693, 139
Trd, 4319194.743, 138
Trd, 4319198.343, 140
Trd, 4319198.643, 140
Trd, 4319199.243, 140
Trd, 4319199.393, 140
Trd, 4319199.593, 88
Trd, 4319200.593, 140
Trd, 4319200.743, 140
Trd, 4319200.893, 140
Trd, 4319201.543, 139
Trd, 4319201.743, 109
Trd, 4319202.943, 138
Trd, 4319203.493, 140
Trd, 4319204.193, 140
Trd, 4319205.043, 121
Trd, 4319205.093, 119
Trd, 4319206.243, 140
Trd, 4319206.593, 140
Trd, 4319208.243, 140
Trd, 4319208.443, 140
Trd, 4319208.993, 140
Trd, 4319209.893, 140
Trd, 4319210.993, 140
Trd, 4319211.693, 140
Trd, 4319211.843, 139
Trd, 4319213.593, 139
Trd, 4319213.993, 139
Trd, 4319214.743, 131
Trd, 4319215.393, 112
Trd, 4319215.743, 110
Trd, 4319216.143, 140
Trd, 4319216.193, 126
Trd, 4319216.543, 140
Trd, 4319218.193, 140
Trd, 4319218.593, 140
Trd, 4319219.043, 140
Trd, 4319219.643, 140
Trd, 4319220.543, 138
Trd, 4319220.593, 133
Trd, 4319221.543, 136
Trd, 4319222.293, 72
Trd, 4319222.943, 140
Trd, 4319223.043, 67
Trd, 4319223.593, 126
Trd, 4319223.693, 140
Trd, 4319225.193, 131
Trd, 4319226.193, 139
Trd, 4319227.593, 140
Trd, 4319228.493, 119
Trd, 4319228.593, 116
Trd, 4319229.343, 116
Trd, 4319229.543, 116
Trd, 4319229.893, 112
Trd, 4319230.443, 140
Trd, 4319232.793, 140
Trd, 4319234.643, 140
Trd, 4319234.743, 140
Trd, 4319234.843, 140
Trd, 4319235.293, 137
Trd, 4319235.593, 139
Trd, 4319235.693, 116
Trd, 4319236.843, 74
Trd, 4319236.943, 71
Trd, 4319237.243, 83
Trd, 4319237.943, 139
Trd, 4319239.193, 140
Trd, 4319239.893, 140
Trd, 4319240.393, 140
Trd, 4319241.243, 140
Trd, 4319242.593, 140
Trd, 4319243.093, 138
Trd, 4319244.443, 140
Trd, 4319244.793, 140
Trd, 4319245.693, 139
Trd, 4319245.843, 139
Trd, 4319245.943, 139
Trd, 4319246.843, 112
Trd, 4319247.843, 140
Trd, 4319248.093, 140
Trd, 4319248.293, 138
Trd, 4319250.343, 92
Trd, 4319251.593, 133
Trd, 4319251.693, 107
Trd, 4319252.093, 104
Trd, 4319252.893, 139
Trd, 4319253.543, 140
Trd, 4319253.943, 123
Trd, 4319255.043, 136
Trd, 4319255.343, 128
Trd, 4319255.843, 115
Trd, 4319256.243, 140
Trd, 4319256.543, 140
Trd, 4319256.993, 67
Trd, 4319257.893, 67
Trd, 4319260.193, 128
Trd, 4319260.243, 126
Trd, 4319261.093, 140
Trd, 4319261.543, 140
Trd, 4319263.043, 138
Trd, 4319263.743, 140
Trd, 4319264.493, 140
Trd, 4319264.643, 140
Trd, 4319265.643, 140
Trd, 4319266.343, 140
Trd, 4319266.543, 138
Trd, 4319268.243, 139
Trd, 4319268.793, 140
Trd, 4319269.193, 140
Trd, 4319269.593, 140
Trd, 4319269.843, 140
Trd, 4319272.093, 140
Trd, 4319272.443, 140
Trd, 4319272.593, 138
Trd, 4319273.393, 89
Trd, 4319274.193, 140
Trd, 4319274.343, 138
Trd, 4319277.043, 140
Trd, 4319277.543, 138
Trd, 4319277.643, 87
Trd, 4319277.793, 63
Trd, 4319279.093, 112
Trd, 4319279.493, 93
Trd, 4319280.643, 138
Trd, 4319281.393, 139
Trd, 4319281.843, 135
Trd, 4319282.493, 134
Trd, 4319282.693, 139
Trd, 4319283.193, 105
Trd, 4319284.993, 140
Trd, 4319285.293, 140
Trd, 4319286.143, 140
Trd, 4319286.543, 139
Trd, 4319288.043, 140
Trd, 4319289.093, 140
Trd, 4319289.443, 140
Trd, 4319289.893, 138
Trd, 4319290.793, 109
Trd, 4319291.743, 140
Trd, 4319293.843, 140
Trd, 4319294.743, 140
Trd, 4319294.793, 140
Trd, 4319295.543, 140
Trd, 4319296.793, 140
Trd, 4319297.743, 140
Trd, 4319298.093, 82
Trd, 4319298.143, 81
Trd, 4319298.543, 104
Trd, 4319299.793, 140
Trd, 4319301.093, 139
Trd, 4319301.993, 139
Trd, 4319302.593, 139
Trd, 4319302.693, 133
Trd, 4319303.043, 86
Trd, 4319304.293, 139
Trd, 4319305.293, 139
Trd, 4319306.443, 140
Trd, 4319306.793, 140
Trd, 4319306.993, 140
Trd, 4319307.593, 140
Trd, 4319308.593, 140
Trd, 4319309.143, 140
Trd, 4319309.643, 140
Trd, 4319310.293, 140
Trd, 4319311.343, 138
Trd, 4319311.443, 140
Trd, 4319312.043, 133
Trd, 4319313.743, 121
Trd, 4319314.693, 140
Trd, 4319315.643, 140
Trd, 4319315.843, 140
Trd, 4319316.143, 140
Trd, 4319317.743, 140
Trd, 4319318.043, 140
Trd, 4319318.293, 138
Trd, 4319320.093, 140
Trd, 4319320.543, 126
Trd, 4319321.093, 139
Trd, 4319321.343, 127
Trd, 4319321.743, 139
Trd, 4319323.593, 140
Trd, 4319324.443, 136
Trd, 4319325.543, 139
Trd, 4319325.993, 115
Trd, 4319326.143, 111
Trd, 4319326.293, 72
Trd, 4319329.093, 140
Trd, 4319329.343, 140
Trd, 4319329.943, 139
Trd, 4319330.893, 140
Trd, 4319331.693, 140
Trd, 4319331.993, 137
Trd, 4319332.343, 136
Trd, 4319332.493, 140
Trd, 4319333.043, 140
Trd, 4319333.493, 115
Trd, 4319334.493, 111
Trd, 4319334.943, 111
Trd, 4319335.393, 140
Trd, 4319336.093, 140
Trd, 4319336.743, 140
Trd, 4319337.143, 139
Trd, 4319338.643, 138
Trd, 4319338.943, 100
Trd, 4319339.293, 91
Trd, 4319340.243, 140
Trd, 4319340.793, 114
Trd, 4319341.093, 114
Trd, 4319341.143, 113
Trd, 4319341.343, 65
Trd, 4319342.593, 139
Trd, 4319343.543, 63
Trd, 4319345.493, 139
Trd, 4319345.543, 107
Trd, 4319346.693, 70
Trd, 4319347.593, 140
Trd, 4319348.743, 139
Trd, 4319350.243, 140
Trd, 4319352.593, 140
Trd, 4319352.793, 140
Trd, 4319353.093, 140
Trd, 4319353.293, 139
Trd, 4319354.843, 140
Trd, 4319354.893, 137
Trd, 4319355.693, 139
Trd, 4319356.093, 139
Trd, 4319356.993, 140
Trd, 4319357.543, 139
Trd, 4319358.243, 140
Trd, 4319359.093, 140
Trd, 4319360.793, 140
Trd, 4319360.993, 139
Trd, 4319361.743, 138
Trd, 4319362.343, 136
Trd, 4319363.193, 122
Trd, 4319363.643, 139
Trd, 4319364.143, 81
Trd, 4319365.043, 139
Trd, 4319365.093, 102
Trd, 4319366.893, 60
Trd, 4319367.193, 61
Trd, 4319368.243, 70
Trd, 4319368.393, 140
Trd, 4319371.393, 101
Trd, 4319371.793, 80
Trd, 4319371.843, 110
Trd, 4319372.193, 60
Trd, 4319372.843, 140
Trd, 4319373.643, 140
Trd, 4319374.643, 140
Trd, 4319374.793, 139
Trd, 4319375.443, 140
Trd, 4319376.543, 140
Trd, 4319377.443, 140
Trd, 4319377.743, 140
Trd, 4319378.793, 113
Trd, 4319379.843, 103
Trd, 4319379.993, 101
Trd, 4319380.043, 100
Trd, 4319381.243, 138
Trd, 4319382.193, 63
Trd, 4319384.393, 140
Trd, 4319385.643, 140
Trd, 4319385.793, 140
Trd, 4319386.143, 139
Trd, 4319387.493, 140
Trd, 4319387.693, 140
Trd, 4319387.793, 139
Trd, 4319388.643, 117
Trd, 4319388.743, 85
Trd, 4319389.543, 75
Trd, 4319389.593, 68
Trd, 4319391.443, 140
Trd, 4319391.793, 140
Trd, 4319391.893, 140
Trd, 4319392.193, 137
Trd, 4319392.793, 139
Trd, 4319393.143, 140
Trd, 4319396.443, 140
Trd, 4319397.743, 140
Trd, 4319397.893, 140
Trd, 4319398.043, 140
Trd, 4319398.543, 140
Trd, 4319398.693, 139
Trd, 4319398.793, 92
Trd, 4319399.343, 99
Trd, 4319399.643, 104
Trd, 4319399.843, 103
Trd, 4319400.193, 90
Trd, 4319401.893, 139
Trd, 4319402.043, 140
Trd, 4319404.343, 138
Trd, 4319404.793, 118
Trd, 4319405.693, 140
Trd, 4319408.143, 140
Trd, 4319408.543, 140
Trd, 4319408.943, 140
Trd, 4319409.543, 136
Trd, 4319409.843, 136
Trd, 4319410.043, 131
Trd, 4319411.293, 139
Trd, 4319412.443, 140
Trd, 4319412.793, 140
Trd, 4319413.293, 140
Trd, 4319413.693, 109
Trd, 4319414.093, 140
Trd, 4319414.693, 60
Trd, 4319415.093, 119
Trd, 4319415.793, 121
Trd, 4319416.343, 140
Trd, 4319416.843, 84
Trd, 4319418.093, 140
Trd, 4319418.693, 140
Trd, 4319418.843, 92
Trd, 4319419.243, 138
Trd, 4319419.793, 138
Trd, 4319421.493, 140
Trd, 4319422.043, 140
Trd, 4319423.843, 140
Trd, 4319424.593, 140
Trd, 4319424.743, 140
Trd, 4319424.793, 139
Trd, 4319426.143, 139
Trd, 4319426.293, 137
Trd, 4319427.993, 140
Trd, 4319428.243, 140
Trd, 4319429.093, 140
Trd, 4319429.493, 140
Trd, 4319430.043, 139
Trd, 4319430.393, 139
Trd, 4319431.443, 140
Trd, 4319432.593, 140
Trd, 4319433.293, 140
Trd, 4319434.543, 140
Trd, 4319435.843, 140
Trd, 4319436.243, 140
Trd, 4319436.693, 140
Trd, 4319437.543, 140
Trd, 4319438.093, 140
Trd, 4319439.093, 140
Trd, 4319439.643, 138
Trd, 4319439.993, 88
Trd, 4319442.093, 140
Trd, 4319442.343, 140
Trd, 4319443.343, 140
Trd, 4319443.693, 140
Trd, 4319447.143, 140
Trd, 4319447.993, 140
Trd, 4319448.243, 140
Trd, 4319448.543, 140
Trd, 4319449.593, 140
Trd, 4319450.243, 140
Trd, 4319451.193, 140
Trd, 4319451.843, 82
Trd, 4319452.043, 131
Trd, 4319452.843, 140
Trd, 4319452.993, 72
Trd, 4319453.343, 140
Trd, 4319454.043, 139
Trd, 4319454.193, 140
Trd, 4319454.543, 108
Trd, 4319455.543, 64
Trd, 4319457.843, 63
Trd, 4319459.593, 140
Trd, 4319459.643, 140
Trd, 4319459.693, 140
Trd, 4319459.893, 139
Trd, 4319460.143, 140
Trd, 4319462.943, 140
Trd, 4319463.193, 140
Trd, 4319463.593, 140
Trd, 4319464.793, 140
Trd, 4319465.643, 140
Trd, 4319466.293, 140
Trd, 4319467.843, 140
Trd, 4319468.143, 140
Trd, 4319469.843, 140
Trd, 4319470.143, 140
Trd, 4319470.443, 140
Trd, 4319471.543, 140
Trd, 4319472.243, 140
Trd, 4319472.493, 89
Trd, 4319472.743, 83
Trd, 4319473.143, 140
Trd, 4319473.893, 138
Trd, 4319474.093, 137
Trd, 4319474.743, 115
Trd, 4319475.943, 140
Trd, 4319476.793, 138
Trd, 4319478.593, 140
Trd, 4319479.943, 140
Trd, 4319480.093, 140
Trd, 4319480.843, 89
Trd, 4319481.493, 89
Trd, 4319482.993, 140
Trd, 4319483.193, 139
Trd, 4319484.543, 140
Trd, 4319484.893, 140
Trd, 4319484.943, 122
Trd, 4319485.343, 107
Trd, 4319485.843, 140
Trd, 4319486.643, 139
Trd, 4319489.093, 140
Trd, 4319489.743, 140
Trd, 4319489.943, 139
Trd, 4319490.643, 140
Trd, 4319491.793, 140
Trd, 4319492.093, 138
Trd, 4319492.843, 90
Trd, 4319494.943, 138
Trd, 4319495.193, 137
Trd, 4319496.393, 140
Trd, 4319496.793, 140
Trd, 4319497.543, 140
Trd, 4319498.193, 140
Trd, 4319498.593, 140
Trd, 4319499.443, 140
Trd, 4319501.093, 140
Trd, 4319501.493, 139
Trd, 4319502.243, 135
Trd, 4319503.243, 70
Trd, 4319504.343, 108
Trd, 4319505.393, 119
Trd, 4319505.443, 108
Trd, 4319507.993, 140
Trd, 4319508.343, 140
Trd, 4319509.693, 140
Trd, 4319510.143, 140
Trd, 4319510.743, 140
Trd, 4319510.793, 140
Trd, 4319511.243, 112
Trd, 4319511.643, 140
Trd, 4319512.543, 79
Trd, 4319513.693, 78
Trd, 4319513.743, 123
Trd, 4319514.943, 140
Trd, 4319515.193, 140
Trd, 4319515.543, 140
Trd, 4319516.893, 140
Trd, 4319516.943, 138
Trd, 4319517.043, 131
Trd, 4319518.543, 140
Trd, 4319519.893, 140
Trd, 4319520.243, 140
Trd, 4319520.543, 128
Trd, 4319520.593, 68
Trd, 4319521.143, 124
Trd, 4319522.943, 140
Trd, 4319522.993, 138
Trd, 4319523.193, 88
Trd, 4319524.293, 63
Trd, 4319524.793, 63
Trd, 4319525.293, 113
Trd, 4319525.493, 112
Trd, 4319526.193, 65
Trd, 4319526.793, 100
Trd, 4319527.143, 82
Trd, 4319527.543, 140
Trd, 4319529.193, 140
Trd, 4319529.893, 138
Trd, 4319530.143, 107
Trd, 4319530.493, 107
Trd, 4319530.643, 105
Trd, 4319531.543, 72
Trd, 4319532.843, 116
Trd, 4319533.743, 95
Trd, 4319533.893, 68
Trd, 4319535.043, 139
Trd, 4319535.593, 92
Trd, 4319537.193, 140
Trd, 4319537.943, 140
Trd, 4319538.693, 140
Trd, 4319539.693, 140
Trd, 4319540.093, 140
Trd, 4319540.193, 140
Trd, 4319541.293, 140
Trd, 4319541.643, 139
Trd, 4319541.943, 127
Trd, 4319542.993, 116
Trd, 4319544.393, 131
Trd, 4319544.843, 119
Trd, 4319545.293, 140
Trd, 4319545.693, 140
Trd, 4319546.293, 140
Trd, 4319546.993, 140
Trd, 4319548.643, 140
Trd, 4319551.093, 140
Trd, 4319551.843, 140
Trd, 4319552.093, 140
Trd, 4319552.443, 140
Trd, 4319552.993, 140
Trd, 4319553.793, 140
Trd, 4319555.593, 140
Trd, 4319556.093, 140
Trd, 4319556.193, 140
Trd, 4319556.443, 140
Trd, 4319556.593, 140
Trd, 4319556.993, 137
Trd, 4319558.693, 138
Trd, 4319559.793, 137
Trd, 4319560.243, 108
Trd, 4319561.143, 108
Trd, 4319562.393, 140
Trd, 4319563.543, 140
Trd, 4319564.293, 140
Trd, 4319564.443, 140
Trd, 4319564.693, 128
Trd, 4319564.843, 98
Trd, 4319565.743, 138
Trd, 4319566.343, 89
Trd, 4319566.643, 65
Trd, 4319567.393, 77
Trd, 4319567.893, 106
Trd, 4319568.793, 78
Trd, 4319570.143, 121
Trd, 4319570.293, 118
Trd, 4319570.643, 116
Trd, 4319571.193, 140
Trd, 4319571.693, 138
Trd, 4319572.193, 138
Trd, 4319574.543, 140
Trd, 4319575.143, 140
Trd, 4319575.693, 139
Trd, 4319577.343, 140
Trd, 4319577.493, 140
Trd, 4319578.293, 88
Trd, 4319578.543, 86
Trd, 4319579.143, 100
Trd, 4319579.893, 139
Trd, 4319580.643, 72
Trd, 4319581.693, 140
Trd, 4319582.693, 140
Trd, 4319583.043, 140
Trd, 4319583.243, 139
Trd, 4319583.343, 139
Trd, 4319583.643, 100
Trd, 4319584.593, 88
Trd, 4319585.043, 86
Trd, 4319587.193, 140
Trd, 4319587.643, 139
Trd, 4319587.693, 139
Trd, 4319589.493, 140
Trd, 4319589.593, 139
Trd, 4319590.143, 138
Trd, 4319590.693, 77
Trd, 4319591.243, 124
Trd, 4319592.693, 64
Trd, 4319593.893, 140
Trd, 4319594.593, 140
Trd, 4319595.443, 140
Trd, 4319596.243, 140
Trd, 4319596.293, 140
Trd, 4319597.143, 137
Trd, 4319597.643, 140
Trd, 4319598.743, 140
Trd, 4319599.993, 140
Trd, 4319600.793, 138
Trd, 4319601.143, 109
Trd, 4319602.393, 117
Trd, 4319602.693, 134
Trd, 4319602.843, 106
Trd, 4319603.743, 136
Trd, 4319604.243, 70
Trd, 4319606.993, 63
Trd, 4319607.243, 62
Trd, 4319607.793, 124
Trd, 4319607.893, 97
Trd, 4319607.993, 96
Trd, 4319608.243, 62
Trd, 4319608.993, 65
Trd, 4319610.643, 65
Trd, 4319611.143, 66
Trd, 4319611.443, 136
Trd, 4319613.393, 140
Trd, 4319613.743, 140
Trd, 4319614.543, 140
Trd, 4319615.093, 140
Trd, 4319616.843, 140
Trd, 4319617.793, 140
Trd, 4319617.893, 140
Trd, 4319617.993, 140
Trd, 4319618.193, 140
Trd, 4319619.393, 140
Trd, 4319619.643, 140
Trd, 4319620.093, 140
Trd, 4319620.643, 91
Trd, 4319620.993, 140
Trd, 4319622.093, 104
Trd, 4319622.993, 139
Trd, 4319624.793, 135
Trd, 4319625.093, 108
Trd, 4319625.693, 140
Trd, 4319626.193, 62
Trd, 4319626.643, 131
Trd, 4319627.993, 139
Trd, 4319628.243, 140
Trd, 4319628.393, 139
Trd, 4319629.393, 75
Trd, 4319630.643, 140
Trd, 4319631.343, 140
Trd, 4319631.543, 140
Trd, 4319631.843, 140
Trd, 4319632.493, 140
Trd, 4319635.793, 140
Trd, 4319635.943, 139
Trd, 4319636.493, 138
Trd, 4319637.843, 140
Trd, 4319637.943, 129
Trd, 4319638.643, 100
Trd, 4319639.093, 140
Trd, 4319640.593, 140
Trd, 4319641.543, 139
Trd, 4319642.643, 140
Trd, 4319643.343, 140
Trd, 4319643.543, 138
Trd, 4319644.143, 139
Trd, 4319644.793, 138
Trd, 4319645.993, 125
Trd, 4319647.293, 140
Trd, 4319647.443, 140
Trd, 4319647.693, 140
Trd, 4319648.243, 138
Trd, 4319648.943, 63
Trd, 4319649.543, 60
Trd, 4319651.993, 138
Trd, 4319652.043, 132
Trd, 4319654.243, 138
Trd, 4319654.793, 140
Trd, 4319654.843, 140
Trd, 4319655.193, 140
Trd, 4319656.093, 113
Trd, 4319656.543, 140
Trd, 4319656.793, 111
Trd, 4319658.043, 60
Trd, 4319658.143, 66
Trd, 4319659.293, 140
Trd, 4319660.293, 140
Trd, 4319660.693, 140
Trd, 4319661.893, 140
Trd, 4319662.443, 140
Trd, 4319662.943, 140
Trd, 4319663.093, 140
Trd, 4319664.243, 140
Trd, 4319665.093, 139
Trd, 4319666.593, 136
Trd, 4319666.943, 109
Trd, 4319667.143, 140
Trd, 4319667.743, 98
Trd, 4319669.343, 140
Trd, 4319669.993, 140
Trd, 4319670.443, 140
Trd, 4319671.393, 139
Trd, 4319672.493, 114
Trd, 4319673.293, 116
Trd, 4319673.993, 140
Trd, 4319674.143, 140
Trd, 4319674.193, 128
Trd, 4319674.293, 66
Trd, 4319675.593, 139
Trd, 4319677.793, 140
Trd, 4319678.093, 140
Trd, 4319678.193, 139
Trd, 4319678.493, 130
Trd, 4319679.493, 112
Trd, 4319679.693, 100
Trd, 4319680.993, 140
Trd, 4319681.243, 140
Trd, 4319681.293, 140
Trd, 4319681.843, 68
Trd, 4319683.243, 138
Trd, 4319683.343, 70
Trd, 4319686.043, 139
Trd, 4319686.943, 129
Trd, 4319688.893, 80
Trd, 4319689.443, 140
Trd, 4319689.493, 139
Trd, 4319689.543, 138
Trd, 4319689.793, 75
Trd, 4319690.243, 140
Trd, 4319691.043, 140
Trd, 4319693.043, 139
Trd, 4319693.543, 140
Trd, 4319693.793, 139
Trd, 4319693.893, 138
Trd, 4319694.393, 100
Trd, 4319694.743, 139
Trd, 4319695.043, 72
Trd, 4319695.543, 127
Trd, 4319695.643, 60
Trd, 4319697.643, 140
Trd, 4319698.193, 140
Trd, 4319698.493, 140
Trd, 4319698.843, 140
Trd, 4319699.093, 102
Trd, 4319700.893, 112
Trd, 4319701.043, 77
Trd, 4319701.293, 140
Trd, 4319703.393, 140
Trd, 4319704.643, 140
Trd, 4319705.593, 140
Trd, 4319706.393, 140
Trd, 4319706.693, 140
Trd, 4319708.443, 140
Trd, 4319708.643, 140
Trd, 4319709.193, 113
Trd, 4319709.943, 140
Trd, 4319710.143, 112
Trd, 4319710.193, 94
Trd, 4319711.993, 139
Trd, 4319713.393, 140
Trd, 4319714.243, 140
Trd, 4319714.993, 140
Trd, 4319715.093, 139
Trd, 4319715.693, 139
Trd, 4319716.093, 61
Trd, 4319716.443, 119
Trd, 4319717.543, 140
Trd, 4319717.593, 136
Trd, 4319719.243, 60
Trd, 4319720.493, 60
Trd, 4319721.193, 61
Trd, 4319722.343, 65
Trd, 4319722.793, 105
Trd, 4319724.093, 67
Trd, 4319725.093, 140
Trd, 4319726.143, 140
Trd, 4319726.643, 140
Trd, 4319726.943, 140
Trd, 4319726.993, 140
Trd, 4319729.443, 131
Trd, 4319729.543, 105
Trd, 4319729.643, 140
Trd, 4319729.693, 100
Trd, 4319730.743, 76
Trd, 4319732.593, 140
Trd, 4319733.143, 140
Trd, 4319733.843, 140
Trd, 4319734.393, 138
Trd, 4319736.143, 140
Trd, 4319736.743, 140
Trd, 4319737.243, 140
Trd, 4319739.493, 140
Trd, 4319739.793, 139
Trd, 4319740.143, 140
Trd, 4319740.843, 140
Trd, 4319741.393, 140
Trd, 4319742.093, 140
Trd, 4319742.193, 140
Trd, 4319743.093, 140
Trd, 4319743.893, 140
Trd, 4319744.493, 140
Trd, 4319744.693, 137
Trd, 4319746.393, 140
Trd, 4319746.543, 140
Trd, 4319747.543, 138
Trd, 4319747.743, 137
Trd, 4319747.793, 121
Trd, 4319748.443, 131
Trd, 4319750.243, 139
Trd, 4319750.393, 140
Trd, 4319750.693, 87
Trd, 4319751.293, 95
Trd, 4319751.593, 83
Trd, 4319752.443, 140
Trd, 4319752.743, 76
Trd, 4319753.193, 98
Trd, 4319753.943, 76
Trd, 4319754.643, 72
Trd, 4319754.943, 71
Trd, 4319755.643, 91
Trd, 4319755.993, 98
Trd, 4319757.743, 139
Trd, 4319758.343, 106
Trd, 4319759.093, 76
Trd, 4319759.143, 94
Trd, 4319759.343, 138
Trd, 4319761.043, 67
Trd, 4319761.943, 60
Trd, 4319762.943, 113
Trd, 4319763.093, 82
Trd, 4319765.143, 140
Trd, 4319766.393, 140
Trd, 4319766.743, 140
Trd, 4319767.643, 140
Trd, 4319768.643, 140
Trd, 4319768.693, 138
Trd, 4319769.243, 115
Trd, 4319769.693, 109
Trd, 4319770.193, 126
Trd, 4319771.193, 70
Trd, 4319772.693, 66
Trd, 4319774.643, 140
Trd, 4319774.943, 140
Trd, 4319775.493, 139
Trd, 4319776.293, 140
Trd, 4319776.593, 140
Trd, 4319776.843, 140
Trd, 4319777.393, 140
Trd, 4319777.693, 127
Trd, 4319779.093, 60
Trd, 4319779.593, 67
Trd, 4319780.393, 61
Trd, 4319781.043, 79
Trd, 4319781.543, 81
Trd, 4319782.443, 103
Trd, 4319784.743, 140
Trd, 4319784.843, 140
Trd, 4319785.893, 140
Trd, 4319786.693, 140
Trd, 4319787.043, 139
Trd, 4319787.193, 139
Trd, 4319787.693, 140
Trd, 4319788.643, 140
Trd, 4319788.843, 138
Trd, 4319789.493, 138
Trd, 4319789.543, 111
Trd, 4319790.593, 135
Trd, 4319790.793, 109
Trd, 4319791.593, 140
Trd, 4319792.543, 140
Trd, 4319793.243, 138
Trd, 4319794.243, 137
Trd, 4319795.043, 97
Trd, 4319795.643, 100
Trd, 4319795.943, 98
Trd, 4319796.643, 115
Trd, 4319798.243, 139
Trd, 4319798.843, 140
Trd, 4319799.643, 132
Trd, 4319800.193, 140
Trd, 4319800.443, 139
Trd, 4319800.943, 138
Trd, 4319801.193, 113
Trd, 4319801.543, 103
Trd, 4319803.893, 61
Trd, 4319804.643, 62
Trd, 4319804.843, 65
Trd, 4319805.193, 93
Trd, 4319806.043, 127
Trd, 4319807.493, 76
Trd, 4319808.393, 140
Trd, 4319809.993, 140
Trd, 4319810.043, 140
Trd, 4319810.393, 140
Trd, 4319811.343, 140
Trd, 4319811.893, 140
Trd, 4319813.243, 132
Trd, 4319813.443, 110
Trd, 4319814.593, 86
Trd, 4319814.943, 140
Trd, 4319815.793, 140
Trd, 4319816.093, 140
Trd, 4319816.443, 140
Trd, 4319817.243, 139
Trd, 4319817.643, 61
Trd, 4319818.193, 61
Trd, 4319820.893, 140
Trd, 4319821.193, 140
Trd, 4319821.643, 140
Trd, 4319822.193, 140
Trd, 4319822.543, 140
Trd, 4319822.743, 140
Trd, 4319822.943, 140
Trd, 4319823.643, 140
Trd, 4319823.993, 139
Trd, 4319824.443, 111
Trd, 4319825.643, 140
Trd, 4319826.543, 140
Trd, 4319826.643, 140
Trd, 4319827.893, 68
Trd, 4319828.193, 71
Trd, 4319829.093, 138
Trd, 4319830.393, 140
Trd, 4319830.493, 140
Trd, 4319831.193, 139
Trd, 4319831.693, 133
Trd, 4319832.793, 140
Trd, 4319832.943, 140
Trd, 4319833.243, 133
Trd, 4319833.643, 138
Trd, 4319834.143, 136
Trd, 4319834.643, 69
Trd, 4319836.593, 88
Trd, 4319837.093, 95
Trd, 4319837.193, 90
Trd, 4319837.243, 76
Trd, 4319839.593, 140
Trd, 4319841.043, 140
Trd, 4319841.293, 140
Trd, 4319841.343, 139
Trd, 4319842.943, 140
Trd, 4319843.243, 140
Trd, 4319843.343, 91
Trd, 4319844.143, 76
Trd, 4319844.293, 87
Trd, 4319844.843, 140
Trd, 4319845.793, 140
Trd, 4319847.843, 140
Trd, 4319848.543, 140
Trd, 4319849.093, 140
Trd, 4319849.193, 139
Trd, 4319849.743, 136
Trd, 4319851.293, 140
Trd, 4319851.343, 116
Trd, 4319851.393, 97
Trd, 4319851.843, 99
Trd, 4319853.843, 140
Trd, 4319853.893, 140
Trd, 4319854.493, 140
Trd, 4319855.093, 140
Trd, 4319855.593, 140
Trd, 4319856.043, 140
Trd, 4319856.843, 140
Trd, 4319857.143, 140
Trd, 4319857.243, 139
Trd, 4319858.693, 64
Trd, 4319860.593, 140
Trd, 4319861.093, 140
Trd, 4319861.243, 104
Trd, 4319861.593, 140
Trd, 4319864.393, 62
Trd, 4319864.793, 62
Trd, 4319865.493, 65
Trd, 4319866.693, 60
Trd, 4319867.393, 60
Trd, 4319867.593, 61
Trd, 4319868.743, 79
Trd, 4319869.643, 140
Trd, 4319870.093, 140
Trd, 4319871.043, 140
Trd, 4319871.243, 105
Trd, 4319872.043, 109
Trd, 4319873.043, 140
Trd, 4319873.293, 139
Trd, 4319873.343, 76
Trd, 4319875.643, 139
Trd, 4319876.293, 139
Trd, 4319876.793, 138
Trd, 4319877.093, 139
Trd, 4319878.343, 69
Trd, 4319879.143, 122
Trd, 4319879.193, 69
Trd, 4319879.343, 68
Trd, 4319879.693, 107
Trd, 4319880.093, 90
Trd, 4319881.443, 131
Trd, 4319883.043, 62
Trd, 4319883.243, 65
Trd, 4319883.943, 140
Trd, 4319884.743, 140
Trd, 4319884.793, 140
Trd, 4319886.593, 140
Trd, 4319887.543, 140
Trd, 4319888.493, 140
Trd, 4319889.343, 136
Trd, 4319889.943, 135
Trd, 4319890.443, 136
Trd, 4319891.443, 139
Trd, 4319891.693, 138
Trd, 4319892.593, 140
Trd, 4319892.693, 135
Trd, 4319893.893, 140
Trd, 4319894.543, 139
Trd, 4319896.543, 140
Trd, 4319896.643, 140
Trd, 4319896.893, 140
Trd, 4319897.293, 134
Trd, 4319897.643, 134
Trd, 4319900.793, 140
Trd, 4319901.193, 140
Trd, 4319902.343, 139
Trd, 4319902.543, 121
Trd, 4319903.243, 97
Trd, 4319903.343, 82
Trd, 4319903.593, 73
Trd, 4319903.793, 133
Trd, 4319905.243, 75
Trd, 4319905.843, 100
Trd, 4319905.943, 74
Trd, 4319906.843, 140
Trd, 4319907.593, 140
Trd, 4319909.543, 140
Trd, 4319909.893, 83
Trd, 4319910.193, 119
Trd, 4319911.743, 140
Trd, 4319912.443, 140
Trd, 4319912.693, 140
Trd, 4319914.643, 140
Trd, 4319915.443, 140
Trd, 4319916.793, 140
Trd, 4319917.993, 140
Trd, 4319919.043, 140
Trd, 4319921.343, 140
Trd, 4319921.393, 140
Trd, 4319921.643, 140
Trd, 4319922.493, 140
Trd, 4319923.193, 140
Trd, 4319923.343, 138
Trd, 4319923.493, 103
Trd, 4319924.143, 64
Trd, 4319924.693, 87
Trd, 4319925.293, 131
Trd, 4319927.243, 140
Trd, 4319927.393, 140
Trd, 4319928.993, 140
Trd, 4319929.593, 140
Trd, 4319930.543, 140
Trd, 4319931.543, 140
Trd, 4319931.693, 140
Trd, 4319932.343, 140
Trd, 4319932.643, 140
Trd, 4319932.843, 107
Trd, 4319933.593, 121
Trd, 4319934.393, 87
Trd, 4319934.493, 134
Trd, 4319935.443, 140
Trd, 4319936.743, 140
Trd, 4319936.993, 140
Trd, 4319937.143, 140
Trd, 4319937.593, 140
Trd, 4319938.043, 139
Trd, 4319938.143, 104
Trd, 4319939.943, 64
Trd, 4319940.943, 140
Trd, 4319941.193, 132
Trd, 4319942.393, 139
Trd, 4319943.793, 140
Trd, 4319944.343, 140
Trd, 4319944.793, 140
Trd, 4319945.293, 140
Trd, 4319945.693, 140
Trd, 4319946.293, 140
Trd, 4319946.943, 140
Trd, 4319949.243, 140
Trd, 4319949.293, 140
Trd, 4319950.243, 140
Trd, 4319950.293, 138
Trd, 4319951.193, 65
Trd, 4319952.243, 68
Trd, 4319952.943, 140
Trd, 4319953.443, 138
Trd, 4319954.993, 105
Trd, 4319955.093, 121
Trd, 4319955.193, 89
Trd, 4319956.743, 140
Trd, 4319956.943, 94
Trd, 4319958.193, 140
Trd, 4319958.543, 140
Trd, 4319959.143, 140
Trd, 4319959.943, 140
Trd, 4319961.343, 140
Trd, 4319961.893, 140
Trd, 4319962.493, 140
Trd, 4319962.893, 139
Trd, 4319963.243, 138
Trd, 4319963.443, 102
Trd, 4319964.193, 87
Trd, 4319964.743, 139
Trd, 4319966.143, 138
Trd, 4319967.143, 60
Trd, 4319967.643, 139
Trd, 4319967.943, 139
Trd, 4319968.643, 140
Trd, 4319969.093, 93
Trd, 4319970.093, 78
Trd, 4319971.343, 140
Trd, 4319971.493, 140
Trd, 4319971.693, 140
Trd, 4319971.793, 140
Trd, 4319973.193, 117
Trd, 4319973.943, 118
Trd, 4319974.043, 116
Trd, 4319975.543, 140
Trd, 4319976.093, 139
Trd, 4319976.393, 81
Trd, 4319976.943, 65
Trd, 4319977.693, 139
Trd, 4319978.893, 140
Trd, 4319978.943, 110
Trd, 4319979.193, 66
Trd, 4319979.693, 65
Trd, 4319980.793, 88
Trd, 4319981.743, 140
Trd, 4319982.443, 140
Trd, 4319983.093, 140
Trd, 4319983.143, 139
Trd, 4319983.643, 139
Trd, 4319984.193, 138
Trd, 4319984.243, 113
Trd, 4319984.593, 72
Trd, 4319986.693, 100
Trd, 4319987.293, 76
Trd, 4319988.493, 134
Trd, 4319988.893, 139
Trd, 4319990.043, 140
Trd, 4319990.343, 140
Trd, 4319990.793, 140
Trd, 4319991.193, 123
Trd, 4319991.393, 113
Trd, 4319991.993, 84
Trd, 4319992.743, 70
Trd, 4319994.793, 140
Trd, 4319995.243, 140
Trd, 4319996.143, 140
Trd, 4319996.643, 140
Trd, 4319996.693, 135
Trd, 4319997.093, 135
Trd, 4319998.843, 140
