Trd, 4318161.193, 140
Trd, 4318161.343, 139
Trd, 4318162.493, 140
Trd, 4318162.593, 139
Trd, 4318163.343, 135
Trd, 4318163.793, 140
Trd, 4318163.993, 74
Trd, 4318165.293, 140
Trd, 4318167.393, 140
Trd, 4318167.593, 140
Trd, 4318167.993, 140
Trd, 4318168.043, 139
Trd, 4318169.843, 140
Trd, 4318170.243, 140
Trd, 4318170.293, 139
Trd, 4318170.693, 139
Trd, 4318174.043, 140
Trd, 4318174.193, 140
Trd, 4318174.943, 140
Trd, 4318175.393, 140
Trd, 4318175.793, 140
Trd, 4318176.693, 140
Trd, 4318177.243, 140
Trd, 4318177.493, 140
Trd, 4318177.643, 138
Trd, 4318179.043, 139
Trd, 4318179.343, 89
Trd, 4318180.943, 140
Trd, 4318181.293, 140
Trd, 4318183.993, 140
Trd, 4318184.293, 140
Trd, 4318184.443, 140
Trd, 4318186.093, 140
Trd, 4318186.293, 137
Trd, 4318186.793, 140
Trd, 4318187.643, 140
Trd, 4318187.693, 140
Trd, 4318188.793, 140
Trd, 4318189.443, 140
Trd, 4318189.543, 140
Trd, 4318190.593, 140
Trd, 4318191.193, 139
Trd, 4318192.043, 140
Trd, 4318193.143, 140
Trd, 4318193.693, 140
Trd, 4318194.843, 140
Trd, 4318194.943, 140
Trd, 4318195.293, 140
Trd, 4318195.893, 140
Trd, 4318197.043, 110
Trd, 4318197.443, 140
Trd, 4318198.893, 140
Trd, 4318199.393, 139
Trd, 4318200.193, 140
Trd, 4318200.693, 140
Trd, 4318201.343, 140
Trd, 4318202.443, 140
Trd, 4318202.993, 140
Trd, 4318203.143, 140
Trd, 4318203.243, 140
Trd, 4318203.593, 139
Trd, 4318204.843, 140
Trd, 4318205.943, 140
Trd, 4318206.343, 140
Trd, 4318206.743, 107
Trd, 4318206.843, 106
Trd, 4318207.793, 140
Trd, 4318208.793, 140
Trd, 4318208.843, 140
Trd, 4318209.893, 137
Trd, 4318211.093, 140
Trd, 4318211.343, 139
Trd, 4318212.193, 99
Trd, 4318213.193, 140
Trd, 4318213.993, 140
Trd, 4318214.493, 140
Trd, 4318215.193, 140
Trd, 4318215.343, 140
Trd, 4318215.393, 86
Trd, 4318217.043, 140
Trd, 4318217.243, 140
Trd, 4318218.043, 63
Trd, 4318219.193, 138
Trd, 4318219.993, 140
Trd, 4318220.043, 136
Trd, 4318220.793, 140
Trd, 4318221.293, 140
Trd, 4318222.043, 139
Trd, 4318223.693, 140
Trd, 4318224.143, 140
Trd, 4318224.343, 140
Trd, 4318226.143, 140
Trd, 4318227.693, 140
Trd, 4318227.993, 140
Trd, 4318228.493, 137
Trd, 4318229.793, 140
Trd, 4318230.393, 138
Trd, 4318230.593, 140
Trd, 4318231.293, 140
Trd, 4318231.493, 139
Trd, 4318232.243, 140
Trd, 4318232.543, 69
Trd, 4318232.993, 63
Trd, 4318233.843, 69
Trd, 4318233.943, 77
Trd, 4318234.793, 80
Trd, 4318236.393, 107
Trd, 4318236.693, 133
Trd, 4318237.743, 140
Trd, 4318238.193, 140
Trd, 4318239.343, 140
Trd, 4318239.943, 140
Trd, 4318240.143, 139
Trd, 4318240.493, 138
Trd, 4318241.143, 140
Trd, 4318242.343, 138
Trd, 4318242.693, 140
Trd, 4318242.893, 138
Trd, 4318244.643, 140
Trd, 4318245.143, 140
Trd, 4318246.243, 140
Trd, 4318246.693, 139
Trd, 4318248.043, 139
Trd, 4318250.293, 140
Trd, 4318250.493, 140
Trd, 4318250.993, 140
Trd, 4318251.143, 140
Trd, 4318251.793, 140
Trd, 4318251.843, 101
Trd, 4318253.243, 140
Trd, 4318253.593, 135
Trd, 4318253.993, 110
Trd, 4318254.093, 64
Trd, 4318254.543, 140
Trd, 4318254.643, 140
Trd, 4318256.193, 60
Trd, 4318256.243, 69
Trd, 4318258.693, 140
Trd, 4318258.793, 140
Trd, 4318258.993, 140
Trd, 4318259.443, 140
Trd, 4318260.843, 140
Trd, 4318262.193, 137
Trd, 4318262.243, 86
Trd, 4318263.493, 140
Trd, 4318263.893, 140
Trd, 4318264.193, 140
Trd, 4318265.293, 140
Trd, 4318265.493, 140
Trd, 4318266.893, 140
Trd, 4318267.493, 140
Trd, 4318267.693, 140
Trd, 4318268.143, 140
Trd, 4318269.543, 140
Trd, 4318269.743, 140
Trd, 4318270.393, 140
Trd, 4318270.493, 140
Trd, 4318271.393, 140
Trd, 4318271.593, 140
Trd, 4318273.543, 140
Trd, 4318274.143, 140
Trd, 4318274.193, 140
Trd, 4318274.543, 139
Trd, 4318275.043, 140
Trd, 4318275.843, 140
Trd, 4318275.993, 140
Trd, 4318276.643, 139
Trd, 4318277.543, 140
Trd, 4318279.943, 140
Trd, 4318281.393, 140
Trd, 4318281.493, 140
Trd, 4318282.143, 140
Trd, 4318283.493, 140
Trd, 4318283.743, 140
Trd, 4318284.793, 140
Trd, 4318285.143, 140
Trd, 4318285.643, 140
Trd, 4318285.843, 140
Trd, 4318286.893, 140
Trd, 4318287.093, 140
Trd, 4318287.793, 139
Trd, 4318288.093, 140
Trd, 4318288.943, 140
Trd, 4318289.743, 140
Trd, 4318289.893, 140
Trd, 4318290.593, 140
Trd, 4318291.143, 139
Trd, 4318292.093, 139
Trd, 4318292.443, 140
Trd, 4318292.893, 138
Trd, 4318292.993, 134
Trd, 4318293.993, 125
Trd, 4318294.143, 73
Trd, 4318296.293, 140
Trd, 4318296.893, 140
Trd, 4318297.093, 140
Trd, 4318297.993, 139
Trd, 4318298.043, 138
Trd, 4318298.293, 136
Trd, 4318299.243, 140
Trd, 4318300.843, 140
Trd, 4318301.093, 140
Trd, 4318301.593, 140
Trd, 4318302.243, 140
Trd, 4318302.893, 140
Trd, 4318302.993, 139
Trd, 4318303.693, 123
Trd, 4318304.893, 140
Trd, 4318305.143, 140
Trd, 4318306.543, 140
Trd, 4318306.693, 139
Trd, 4318306.993, 87
Trd, 4318308.293, 140
Trd, 4318308.543, 111
Trd, 4318309.743, 140
Trd, 4318309.943, 140
Trd, 4318311.293, 140
Trd, 4318311.493, 140
Trd, 4318313.543, 140
Trd, 4318313.793, 135
Trd, 4318314.593, 88
Trd, 4318315.393, 140
Trd, 4318316.493, 140
Trd, 4318316.593, 140
Trd, 4318316.893, 139
Trd, 4318318.193, 140
Trd, 4318318.643, 140
Trd, 4318319.343, 139
Trd, 4318319.493, 139
Trd, 4318320.743, 140
Trd, 4318321.443, 140
Trd, 4318321.643, 140
Trd, 4318323.093, 140
Trd, 4318323.793, 140
Trd, 4318324.143, 140
Trd, 4318325.843, 140
Trd, 4318325.893, 140
Trd, 4318326.093, 139
Trd, 4318326.543, 139
Trd, 4318327.443, 139
Trd, 4318327.993, 140
Trd, 4318328.393, 140
Trd, 4318328.543, 136
Trd, 4318329.043, 84
Trd, 4318331.093, 140
Trd, 4318331.843, 140
Trd, 4318331.893, 139
Trd, 4318332.093, 139
Trd, 4318332.393, 110
Trd, 4318332.793, 140
Trd, 4318333.793, 60
Trd, 4318334.093, 139
Trd, 4318335.243, 139
Trd, 4318335.343, 139
Trd, 4318336.043, 138
Trd, 4318337.043, 140
Trd, 4318337.443, 139
Trd, 4318337.593, 139
Trd, 4318337.843, 140
Trd, 4318338.643, 135
Trd, 4318339.743, 140
Trd, 4318339.993, 140
Trd, 4318341.343, 140
Trd, 4318342.193, 139
Trd, 4318342.243, 139
Trd, 4318343.293, 121
Trd, 4318344.693, 140
Trd, 4318345.043, 140
Trd, 4318346.343, 140
Trd, 4318346.943, 140
Trd, 4318348.143, 140
Trd, 4318348.193, 140
Trd, 4318348.943, 140
Trd, 4318349.643, 140
Trd, 4318350.243, 140
Trd, 4318350.593, 140
Trd, 4318350.693, 139
Trd, 4318351.593, 139
Trd, 4318353.343, 138
Trd, 4318353.393, 136
Trd, 4318353.493, 85
Trd, 4318354.293, 138
Trd, 4318354.893, 139
Trd, 4318355.743, 61
Trd, 4318356.143, 62
Trd, 4318356.343, 63
Trd, 4318357.693, 77
Trd, 4318359.543, 60
Trd, 4318359.593, 66
Trd, 4318360.193, 60
Trd, 4318360.593, 140
Trd, 4318361.043, 139
Trd, 4318362.993, 140
Trd, 4318363.293, 138
Trd, 4318363.743, 140
Trd, 4318364.393, 138
Trd, 4318365.393, 140
Trd, 4318366.493, 140
Trd, 4318366.743, 138
Trd, 4318367.093, 140
Trd, 4318367.143, 109
Trd, 4318367.393, 85
Trd, 4318367.693, 138
Trd, 4318368.743, 62
Trd, 4318370.593, 140
Trd, 4318370.843, 140
Trd, 4318371.443, 140
Trd, 4318372.093, 140
Trd, 4318372.843, 126
Trd, 4318373.093, 93
Trd, 4318373.393, 140
Trd, 4318373.643, 70
Trd, 4318373.893, 61
Trd, 4318375.243, 61
Trd, 4318375.393, 76
Trd, 4318376.693, 140
Trd, 4318378.043, 140
Trd, 4318378.243, 140
Trd, 4318378.793, 73
Trd, 4318378.943, 139
Trd, 4318379.793, 62
Trd, 4318380.243, 140
Trd, 4318380.943, 140
Trd, 4318381.393, 139
Trd, 4318382.293, 68
Trd, 4318382.743, 140
Trd, 4318383.043, 69
Trd, 4318383.593, 140
Trd, 4318383.893, 140
Trd, 4318384.493, 140
Trd, 4318384.943, 140
Trd, 4318385.793, 139
Trd, 4318385.993, 137
Trd, 4318387.693, 140
Trd, 4318388.043, 139
Trd, 4318388.643, 62
Trd, 4318390.243, 140
Trd, 4318390.293, 138
Trd, 4318390.343, 108
Trd, 4318391.643, 140
Trd, 4318392.193, 140
Trd, 4318393.193, 140
Trd, 4318393.743, 140
Trd, 4318394.193, 140
Trd, 4318394.343, 140
Trd, 4318394.543, 140
Trd, 4318395.643, 140
Trd, 4318396.243, 140
Trd, 4318396.943, 137
Trd, 4318398.193, 138
Trd, 4318398.393, 137
Trd, 4318399.043, 139
Trd, 4318399.093, 127
Trd, 4318399.793, 60
Trd, 4318399.993, 60
Trd, 4318401.643, 140
Trd, 4318401.743, 140
Trd, 4318402.593, 140
Trd, 4318403.143, 139
Trd, 4318404.043, 140
Trd, 4318404.543, 140
Trd, 4318404.593, 140
Trd, 4318405.243, 140
Trd, 4318407.043, 140
Trd, 4318407.193, 140
Trd, 4318407.543, 139
Trd, 4318407.643, 121
Trd, 4318408.793, 140
Trd, 4318410.993, 139
Trd, 4318411.043, 139
Trd, 4318411.643, 140
Trd, 4318412.393, 140
Trd, 4318413.443, 140
Trd, 4318413.843, 140
Trd, 4318413.993, 137
Trd, 4318415.043, 139
Trd, 4318415.293, 137
Trd, 4318417.643, 140
Trd, 4318417.693, 140
Trd, 4318418.143, 140
Trd, 4318419.693, 140
Trd, 4318419.943, 140
Trd, 4318420.293, 140
Trd, 4318422.193, 140
Trd, 4318422.443, 138
Trd, 4318422.793, 140
Trd, 4318423.293, 140
Trd, 4318423.843, 123
Trd, 4318424.293, 140
Trd, 4318424.793, 139
Trd, 4318425.093, 139
Trd, 4318425.343, 113
Trd, 4318426.743, 140
Trd, 4318426.943, 140
Trd, 4318427.943, 139
Trd, 4318428.093, 139
Trd, 4318429.143, 140
Trd, 4318429.793, 138
Trd, 4318429.843, 138
Trd, 4318430.243, 86
Trd, 4318431.843, 62
Trd, 4318433.093, 140
Trd, 4318433.743, 140
Trd, 4318434.493, 140
Trd, 4318436.043, 140
Trd, 4318437.193, 140
Trd, 4318437.893, 140
Trd, 4318437.993, 140
Trd, 4318438.293, 140
Trd, 4318438.543, 138
Trd, 4318438.693, 137
Trd, 4318439.543, 137
Trd, 4318439.643, 138
Trd, 4318440.093, 92
Trd, 4318440.293, 101
Trd, 4318440.893, 74
Trd, 4318441.193, 60
Trd, 4318441.293, 103
Trd, 4318442.243, 139
Trd, 4318443.193, 71
Trd, 4318443.243, 75
Trd, 4318444.393, 140
Trd, 4318446.193, 140
Trd, 4318447.143, 140
Trd, 4318447.193, 139
Trd, 4318447.993, 140
Trd, 4318449.093, 140
Trd, 4318449.893, 140
Trd, 4318450.743, 140
Trd, 4318450.793, 140
Trd, 4318450.993, 140
Trd, 4318451.293, 138
Trd, 4318452.293, 140
Trd, 4318453.593, 140
Trd, 4318453.993, 136
Trd, 4318454.243, 140
Trd, 4318455.143, 140
Trd, 4318455.643, 140
Trd, 4318455.843, 140
Trd, 4318456.093, 140
Trd, 4318457.293, 140
Trd, 4318457.393, 140
Trd, 4318458.743, 140
Trd, 4318459.193, 140
Trd, 4318460.893, 140
Trd, 4318461.143, 140
Trd, 4318462.343, 140
Trd, 4318462.893, 140
Trd, 4318462.993, 139
Trd, 4318463.493, 140
Trd, 4318463.743, 138
Trd, 4318464.343, 90
Trd, 4318464.943, 135
Trd, 4318466.893, 63
Trd, 4318467.043, 65
Trd, 4318467.443, 67
Trd, 4318468.543, 140
Trd, 4318468.743, 93
Trd, 4318469.343, 140
Trd, 4318469.843, 72
Trd, 4318469.893, 73
Trd, 4318470.143, 84
Trd, 4318472.343, 60
Trd, 4318472.443, 60
Trd, 4318473.643, 64
Trd, 4318474.893, 140
Trd, 4318475.043, 139
Trd, 4318475.093, 139
Trd, 4318475.593, 138
Trd, 4318476.043, 140
Trd, 4318476.643, 140
Trd, 4318478.293, 138
Trd, 4318479.243, 120
Trd, 4318479.893, 139
Trd, 4318480.843, 139
Trd, 4318481.643, 140
Trd, 4318483.393, 139
Trd, 4318484.093, 140
Trd, 4318484.943, 140
Trd, 4318485.093, 140
Trd, 4318485.393, 140
Trd, 4318485.493, 90
Trd, 4318486.443, 139
Trd, 4318487.643, 140
Trd, 4318488.143, 140
Trd, 4318488.543, 140
Trd, 4318488.943, 140
Trd, 4318489.243, 140
Trd, 4318490.593, 140
Trd, 4318490.893, 140
Trd, 4318491.343, 100
Trd, 4318491.793, 139
Trd, 4318493.143, 93
Trd, 4318494.593, 140
Trd, 4318494.643, 140
Trd, 4318495.243, 140
Trd, 4318495.643, 139
Trd, 4318497.193, 139
Trd, 4318497.393, 140
Trd, 4318497.443, 139
Trd, 4318498.393, 140
Trd, 4318498.843, 140
Trd, 4318499.443, 140
Trd, 4318499.843, 139
Trd, 4318500.493, 140
Trd, 4318500.543, 134
Trd, 4318502.393, 139
Trd, 4318503.193, 140
Trd, 4318503.993, 140
Trd, 4318505.143, 140
Trd, 4318505.343, 137
Trd, 4318505.943, 137
Trd, 4318507.093, 140
Trd, 4318507.493, 137
Trd, 4318508.593, 140
Trd, 4318509.243, 139
Trd, 4318510.043, 138
Trd, 4318511.543, 140
Trd, 4318512.093, 137
Trd, 4318512.843, 140
Trd, 4318513.193, 140
Trd, 4318514.893, 140
Trd, 4318514.993, 140
Trd, 4318515.693, 140
Trd, 4318515.743, 140
Trd, 4318515.793, 140
Trd, 4318516.443, 140
Trd, 4318516.743, 140
Trd, 4318517.043, 139
Trd, 4318517.343, 90
Trd, 4318517.793, 140
Trd, 4318518.943, 139
Trd, 4318518.993, 123
Trd, 4318520.443, 81
Trd, 4318521.343, 140
Trd, 4318521.543, 140
Trd, 4318522.643, 140
Trd, 4318522.693, 139
Trd, 4318523.293, 140
Trd, 4318524.693, 140
Trd, 4318524.843, 140
Trd, 4318525.443, 140
Trd, 4318525.943, 139
Trd, 4318527.543, 140
Trd, 4318528.393, 138
Trd, 4318529.543, 140
Trd, 4318529.993, 139
Trd, 4318531.443, 140
Trd, 4318531.793, 140
Trd, 4318531.843, 140
Trd, 4318533.393, 140
Trd, 4318533.593, 140
Trd, 4318533.893, 140
Trd, 4318533.943, 139
Trd, 4318534.143, 139
Trd, 4318534.193, 138
Trd, 4318535.893, 130
Trd, 4318536.093, 114
Trd, 4318536.943, 140
Trd, 4318536.993, 114
Trd, 4318538.143, 140
Trd, 4318539.543, 140
Trd, 4318540.243, 140
Trd, 4318540.743, 140
Trd, 4318542.243, 139
Trd, 4318543.093, 140
Trd, 4318543.193, 140
Trd, 4318543.393, 140
Trd, 4318543.793, 108
Trd, 4318544.043, 127
Trd, 4318544.393, 137
Trd, 4318545.393, 140
Trd, 4318545.593, 140
Trd, 4318547.193, 140
Trd, 4318547.293, 140
Trd, 4318547.493, 139
Trd, 4318548.693, 140
Trd, 4318549.293, 140
Trd, 4318551.243, 140
Trd, 4318551.443, 139
Trd, 4318552.243, 140
Trd, 4318552.943, 140
Trd, 4318554.893, 140
Trd, 4318555.893, 140
Trd, 4318556.043, 140
Trd, 4318556.493, 140
Trd, 4318557.043, 140
Trd, 4318557.193, 139
Trd, 4318557.393, 138
Trd, 4318558.593, 140
Trd, 4318559.243, 137
Trd, 4318559.543, 112
Trd, 4318561.593, 140
Trd, 4318561.993, 140
Trd, 4318562.993, 140
Trd, 4318563.293, 140
Trd, 4318563.593, 140
Trd, 4318564.743, 140
Trd, 4318564.793, 140
Trd, 4318566.143, 140
Trd, 4318566.693, 140
Trd, 4318566.993, 140
Trd, 4318567.393, 140
Trd, 4318567.793, 139
Trd, 4318568.343, 114
Trd, 4318568.943, 140
Trd, 4318569.693, 140
Trd, 4318570.093, 140
Trd, 4318570.743, 139
Trd, 4318570.993, 138
Trd, 4318571.193, 137
Trd, 4318572.393, 140
Trd, 4318573.293, 139
Trd, 4318574.143, 87
Trd, 4318575.293, 139
Trd, 4318575.443, 89
Trd, 4318575.593, 140
Trd, 4318576.243, 139
Trd, 4318577.093, 139
Trd, 4318577.643, 139
Trd, 4318578.293, 140
Trd, 4318579.543, 140
Trd, 4318580.093, 140
Trd, 4318580.243, 140
Trd, 4318581.843, 140
Trd, 4318582.043, 140
Trd, 4318582.093, 137
Trd, 4318583.443, 116
Trd, 4318583.543, 124
Trd, 4318583.893, 140
Trd, 4318584.293, 136
Trd, 4318585.443, 137
Trd, 4318585.593, 138
Trd, 4318585.893, 139
Trd, 4318586.143, 67
Trd, 4318587.043, 137
Trd, 4318587.893, 72
Trd, 4318588.993, 140
Trd, 4318589.043, 140
Trd, 4318589.493, 140
Trd, 4318589.793, 140
Trd, 4318590.043, 108
Trd, 4318591.543, 92
Trd, 4318592.593, 140
Trd, 4318592.893, 140
Trd, 4318594.043, 140
Trd, 4318594.843, 140
Trd, 4318595.293, 140
Trd, 4318595.343, 140
Trd, 4318596.293, 140
Trd, 4318596.543, 140
Trd, 4318596.593, 139
Trd, 4318597.493, 117
Trd, 4318598.343, 85
Trd, 4318598.793, 116
Trd, 4318598.843, 118
Trd, 4318598.943, 88
Trd, 4318600.343, 60
Trd, 4318600.693, 61
Trd, 4318601.443, 61
Trd, 4318602.293, 92
Trd, 4318602.443, 140
Trd, 4318603.443, 103
Trd, 4318603.693, 140
Trd, 4318604.093, 61
Trd, 4318604.493, 138
Trd, 4318605.143, 140
Trd, 4318605.643, 139
Trd, 4318605.843, 78
Trd, 4318606.443, 140
Trd, 4318606.693, 83
Trd, 4318607.943, 140
Trd, 4318608.193, 137
Trd, 4318609.593, 140
Trd, 4318609.743, 139
Trd, 4318610.793, 140
Trd, 4318611.043, 140
Trd, 4318611.393, 140
Trd, 4318611.493, 139
Trd, 4318613.643, 140
Trd, 4318614.393, 140
Trd, 4318615.343, 140
Trd, 4318615.543, 139
Trd, 4318616.143, 140
Trd, 4318616.693, 140
Trd, 4318617.193, 139
Trd, 4318617.343, 138
Trd, 4318617.643, 139
Trd, 4318618.543, 137
Trd, 4318619.343, 137
Trd, 4318619.893, 140
Trd, 4318620.393, 140
Trd, 4318620.943, 140
Trd, 4318621.143, 84
Trd, 4318621.643, 138
Trd, 4318623.293, 140
Trd, 4318623.393, 139
Trd, 4318624.293, 139
Trd, 4318624.443, 140
Trd, 4318625.893, 139
Trd, 4318626.143, 138
Trd, 4318626.443, 140
Trd, 4318627.093, 138
Trd, 4318628.043, 140
Trd, 4318628.543, 140
Trd, 4318629.493, 112
Trd, 4318629.843, 112
Trd, 4318630.793, 91
Trd, 4318631.243, 138
Trd, 4318631.593, 74
Trd, 4318632.143, 101
Trd, 4318632.493, 63
Trd, 4318632.993, 111
Trd, 4318634.743, 63
Trd, 4318634.993, 140
Trd, 4318635.943, 140
Trd, 4318636.643, 140
Trd, 4318637.243, 140
Trd, 4318637.343, 140
Trd, 4318637.543, 139
Trd, 4318639.243, 140
Trd, 4318639.593, 138
Trd, 4318640.443, 139
Trd, 4318640.693, 140
Trd, 4318642.493, 140
Trd, 4318642.743, 140
Trd, 4318644.093, 140
Trd, 4318644.843, 140
Trd, 4318645.543, 140
Trd, 4318645.643, 140
Trd, 4318646.143, 140
Trd, 4318646.843, 140
Trd, 4318646.993, 139
Trd, 4318647.293, 139
Trd, 4318648.493, 69
Trd, 4318648.993, 108
Trd, 4318649.793, 139
Trd, 4318651.293, 140
Trd, 4318651.593, 140
Trd, 4318651.993, 139
Trd, 4318652.443, 140
Trd, 4318652.543, 132
Trd, 4318653.493, 62
Trd, 4318654.993, 140
Trd, 4318655.543, 140
Trd, 4318655.893, 139
Trd, 4318656.393, 139
Trd, 4318657.143, 140
Trd, 4318657.393, 140
Trd, 4318658.243, 132
Trd, 4318658.793, 140
Trd, 4318658.943, 137
Trd, 4318659.443, 94
Trd, 4318659.843, 140
Trd, 4318660.343, 93
Trd, 4318660.643, 140
Trd, 4318661.643, 138
Trd, 4318662.493, 138
Trd, 4318663.143, 140
Trd, 4318663.493, 140
Trd, 4318664.393, 140
Trd, 4318664.593, 140
Trd, 4318665.243, 140
Trd, 4318665.693, 140
Trd, 4318666.843, 140
Trd, 4318666.993, 140
Trd, 4318667.443, 139
Trd, 4318667.743, 137
Trd, 4318667.793, 88
Trd, 4318668.693, 140
Trd, 4318670.843, 140
Trd, 4318671.743, 140
Trd, 4318671.943, 140
Trd, 4318673.793, 140
Trd, 4318674.243, 140
Trd, 4318675.293, 140
Trd, 4318675.693, 139
Trd, 4318675.943, 138
Trd, 4318677.243, 140
Trd, 4318677.543, 140
Trd, 4318677.893, 138
Trd, 4318678.043, 85
Trd, 4318678.593, 139
Trd, 4318679.843, 140
Trd, 4318680.043, 139
Trd, 4318680.443, 119
Trd, 4318680.793, 139
Trd, 4318682.543, 140
Trd, 4318682.593, 140
Trd, 4318683.593, 140
Trd, 4318683.843, 140
Trd, 4318685.193, 140
Trd, 4318685.443, 139
Trd, 4318685.593, 137
Trd, 4318686.993, 140
Trd, 4318687.243, 140
Trd, 4318687.393, 139
Trd, 4318687.993, 140
Trd, 4318688.993, 140
Trd, 4318689.293, 138
Trd, 4318690.343, 139
Trd, 4318691.693, 140
Trd, 4318691.843, 139
Trd, 4318692.243, 140
Trd, 4318693.443, 140
Trd, 4318694.093, 139
Trd, 4318695.143, 140
Trd, 4318695.343, 140
Trd, 4318696.193, 139
Trd, 4318696.243, 137
Trd, 4318696.393, 120
Trd, 4318696.493, 96
Trd, 4318696.743, 140
Trd, 4318697.293, 140
Trd, 4318699.543, 140
Trd, 4318699.743, 140
Trd, 4318700.393, 140
Trd, 4318700.543, 140
Trd, 4318700.843, 140
Trd, 4318701.343, 140
Trd, 4318702.343, 140
Trd, 4318702.443, 139
Trd, 4318703.743, 140
Trd, 4318703.943, 140
Trd, 4318704.593, 140
Trd, 4318705.243, 140
Trd, 4318706.843, 140
Trd, 4318708.393, 140
Trd, 4318709.043, 140
Trd, 4318709.243, 140
Trd, 4318709.543, 140
Trd, 4318710.143, 140
Trd, 4318710.493, 138
Trd, 4318710.643, 93
Trd, 4318711.493, 139
Trd, 4318711.793, 140
Trd, 4318712.393, 140
Trd, 4318713.093, 140
Trd, 4318714.543, 139
Trd, 4318715.493, 138
Trd, 4318716.343, 140
Trd, 4318716.443, 139
Trd, 4318716.993, 134
Trd, 4318717.393, 139
Trd, 4318718.093, 140
Trd, 4318719.093, 139
Trd, 4318720.093, 140
Trd, 4318720.493, 139
Trd, 4318720.893, 139
Trd, 4318721.143, 136
Trd, 4318721.793, 139
Trd, 4318721.993, 140
Trd, 4318723.543, 140
Trd, 4318724.443, 140
Trd, 4318724.693, 140
Trd, 4318725.243, 140
Trd, 4318725.593, 139
Trd, 4318727.043, 60
Trd, 4318727.893, 140
Trd, 4318728.893, 140
Trd, 4318729.243, 140
Trd, 4318729.293, 137
Trd, 4318730.143, 140
Trd, 4318730.643, 132
Trd, 4318731.243, 140
Trd, 4318731.493, 84
Trd, 4318731.743, 90
Trd, 4318732.293, 108
Trd, 4318734.043, 140
Trd, 4318734.143, 140
Trd, 4318734.993, 140
Trd, 4318735.293, 140
Trd, 4318736.043, 140
Trd, 4318736.793, 140
Trd, 4318736.943, 140
Trd, 4318737.843, 140
Trd, 4318738.343, 138
Trd, 4318738.793, 138
Trd, 4318738.943, 137
Trd, 4318741.943, 140
Trd, 4318742.143, 140
Trd, 4318743.143, 140
Trd, 4318743.943, 140
Trd, 4318744.943, 140
Trd, 4318745.393, 140
Trd, 4318745.693, 140
Trd, 4318746.143, 140
Trd, 4318746.593, 140
Trd, 4318747.693, 140
Trd, 4318748.643, 140
Trd, 4318748.893, 140
Trd, 4318749.493, 138
Trd, 4318749.843, 67
Trd, 4318750.243, 138
Trd, 4318751.593, 140
Trd, 4318753.043, 140
Trd, 4318753.893, 140
Trd, 4318755.143, 140
Trd, 4318755.843, 140
Trd, 4318755.893, 140
Trd, 4318756.193, 133
Trd, 4318756.493, 134
Trd, 4318756.693, 76
Trd, 4318757.643, 140
Trd, 4318758.243, 139
Trd, 4318758.793, 139
Trd, 4318759.143, 140
Trd, 4318759.193, 83
Trd, 4318759.943, 140
Trd, 4318760.593, 140
Trd, 4318760.643, 140
Trd, 4318762.893, 140
Trd, 4318763.593, 140
Trd, 4318763.643, 140
Trd, 4318765.243, 140
Trd, 4318765.943, 140
Trd, 4318766.043, 139
Trd, 4318767.343, 138
Trd, 4318767.443, 89
Trd, 4318768.043, 94
Trd, 4318768.093, 93
Trd, 4318768.443, 139
Trd, 4318769.143, 70
Trd, 4318769.293, 139
Trd, 4318770.393, 140
Trd, 4318771.643, 140
Trd, 4318771.993, 140
Trd, 4318772.043, 126
Trd, 4318772.193, 64
Trd, 4318773.293, 139
Trd, 4318774.443, 140
Trd, 4318775.193, 140
Trd, 4318775.843, 140
Trd, 4318776.593, 140
Trd, 4318777.343, 140
Trd, 4318777.743, 140
Trd, 4318778.093, 140
Trd, 4318778.993, 139
Trd, 4318779.543, 138
Trd, 4318779.643, 134
Trd, 4318780.143, 104
Trd, 4318781.943, 140
Trd, 4318782.943, 140
Trd, 4318784.143, 140
Trd, 4318784.243, 140
Trd, 4318784.743, 140
Trd, 4318785.693, 140
Trd, 4318785.843, 138
Trd, 4318786.843, 98
Trd, 4318787.993, 140
Trd, 4318788.143, 139
Trd, 4318789.343, 140
Trd, 4318790.393, 139
Trd, 4318790.443, 139
Trd, 4318790.693, 138
Trd, 4318792.043, 140
Trd, 4318792.993, 140
Trd, 4318794.193, 140
Trd, 4318794.343, 139
Trd, 4318794.593, 139
Trd, 4318794.843, 138
Trd, 4318795.193, 125
Trd, 4318795.343, 87
Trd, 4318795.993, 61
Trd, 4318796.693, 62
Trd, 4318797.443, 140
Trd, 4318797.793, 140
Trd, 4318798.193, 139
Trd, 4318798.893, 139
Trd, 4318799.393, 140
Trd, 4318800.043, 140
Trd, 4318800.793, 140
Trd, 4318801.393, 134
Trd, 4318803.343, 63
Trd, 4318803.593, 63
Trd, 4318804.593, 140
Trd, 4318805.143, 140
Trd, 4318805.993, 140
Trd, 4318806.993, 140
Trd, 4318807.343, 140
Trd, 4318807.643, 140
Trd, 4318807.693, 140
Trd, 4318808.843, 140
Trd, 4318809.343, 140
Trd, 4318809.543, 109
Trd, 4318809.943, 139
Trd, 4318811.243, 140
Trd, 4318811.293, 140
Trd, 4318812.143, 139
Trd, 4318812.493, 139
Trd, 4318813.743, 139
Trd, 4318815.293, 140
Trd, 4318815.393, 139
Trd, 4318815.543, 138
Trd, 4318815.843, 140
Trd, 4318816.293, 140
Trd, 4318816.893, 137
Trd, 4318819.243, 140
Trd, 4318820.443, 140
Trd, 4318820.743, 140
Trd, 4318820.993, 139
Trd, 4318821.043, 138
Trd, 4318821.943, 140
Trd, 4318822.593, 140
Trd, 4318822.693, 105
Trd, 4318823.093, 62
Trd, 4318825.393, 140
Trd, 4318825.643, 140
Trd, 4318826.643, 140
Trd, 4318826.743, 140
Trd, 4318827.493, 139
Trd, 4318827.643, 67
Trd, 4318828.593, 60
Trd, 4318829.543, 138
Trd, 4318829.743, 70
Trd, 4318831.493, 137
Trd, 4318831.893, 139
Trd, 4318832.843, 140
Trd, 4318833.393, 140
Trd, 4318834.793, 140
Trd, 4318835.543, 140
Trd, 4318836.143, 140
Trd, 4318836.193, 140
Trd, 4318836.293, 140
Trd, 4318839.443, 140
Trd, 4318839.693, 140
Trd, 4318840.393, 140
Trd, 4318841.243, 140
Trd, 4318842.243, 140
Trd, 4318842.493, 140
Trd, 4318842.793, 139
Trd, 4318842.993, 137
Trd, 4318843.243, 133
Trd, 4318843.593, 114
Trd, 4318844.193, 138
Trd, 4318844.343, 89
Trd, 4318844.393, 85
Trd, 4318845.093, 61
Trd, 4318846.793, 139
Trd, 4318847.093, 140
Trd, 4318848.143, 140
Trd, 4318848.843, 139
Trd, 4318849.493, 139
Trd, 4318849.943, 138
Trd, 4318850.443, 108
Trd, 4318851.743, 139
Trd, 4318852.143, 140
Trd, 4318852.243, 131
Trd, 4318853.893, 140
Trd, 4318853.943, 140
Trd, 4318854.293, 140
Trd, 4318854.893, 138
Trd, 4318855.743, 140
Trd, 4318856.893, 140
Trd, 4318857.293, 140
Trd, 4318857.743, 139
Trd, 4318859.143, 140
Trd, 4318860.193, 140
Trd, 4318860.393, 140
Trd, 4318860.643, 140
Trd, 4318860.743, 140
Trd, 4318862.193, 140
Trd, 4318862.943, 140
Trd, 4318863.543, 140
Trd, 4318864.443, 140
Trd, 4318865.193, 140
Trd, 4318865.743, 138
Trd, 4318866.643, 140
Trd, 4318867.643, 140
Trd, 4318868.393, 140
Trd, 4318868.543, 139
Trd, 4318868.693, 139
Trd, 4318869.843, 139
Trd, 4318870.193, 138
Trd, 4318870.743, 136
Trd, 4318870.943, 88
Trd, 4318871.793, 140
Trd, 4318872.493, 140
Trd, 4318873.593, 140
Trd, 4318873.843, 140
Trd, 4318874.293, 121
Trd, 4318874.943, 140
Trd, 4318875.793, 139
Trd, 4318876.793, 139
Trd, 4318877.493, 139
Trd, 4318877.593, 139
Trd, 4318878.343, 140
Trd, 4318878.593, 120
Trd, 4318878.943, 140
Trd, 4318879.643, 139
Trd, 4318880.093, 116
Trd, 4318880.343, 128
Trd, 4318881.643, 139
Trd, 4318882.943, 140
Trd, 4318882.993, 140
Trd, 4318883.193, 140
Trd, 4318884.893, 140
Trd, 4318886.043, 140
Trd, 4318886.193, 140
Trd, 4318886.443, 140
Trd, 4318886.693, 140
Trd, 4318887.193, 140
Trd, 4318888.543, 140
Trd, 4318889.643, 140
Trd, 4318889.943, 140
Trd, 4318889.993, 140
Trd, 4318890.043, 140
Trd, 4318890.843, 138
Trd, 4318891.193, 140
Trd, 4318892.493, 140
Trd, 4318892.543, 139
Trd, 4318893.693, 138
Trd, 4318895.043, 140
Trd, 4318895.343, 140
Trd, 4318895.543, 140
Trd, 4318896.693, 140
Trd, 4318896.993, 140
Trd, 4318898.143, 138
Trd, 4318899.693, 140
Trd, 4318899.793, 140
Trd, 4318899.993, 139
Trd, 4318902.443, 140
Trd, 4318902.543, 137
Trd, 4318902.843, 140
Trd, 4318903.443, 140
Trd, 4318904.143, 140
Trd, 4318904.393, 140
Trd, 4318905.193, 139
Trd, 4318905.343, 98
Trd, 4318906.793, 140
Trd, 4318907.343, 140
Trd, 4318907.643, 103
Trd, 4318908.243, 139
Trd, 4318908.593, 131
Trd, 4318909.343, 140
Trd, 4318909.393, 139
Trd, 4318909.593, 138
Trd, 4318909.793, 61
Trd, 4318910.743, 86
Trd, 4318911.443, 65
Trd, 4318911.593, 111
Trd, 4318912.143, 140
Trd, 4318914.643, 140
Trd, 4318915.193, 140
Trd, 4318915.393, 140
Trd, 4318916.343, 140
Trd, 4318916.393, 139
Trd, 4318917.143, 136
Trd, 4318918.143, 140
Trd, 4318918.643, 140
Trd, 4318919.443, 137
Trd, 4318919.643, 137
Trd, 4318919.843, 138
Trd, 4318920.643, 140
Trd, 4318920.993, 140
Trd, 4318922.293, 140
Trd, 4318923.093, 140
Trd, 4318923.243, 139
Trd, 4318923.943, 113
Trd, 4318924.393, 140
Trd, 4318925.193, 140
Trd, 4318926.093, 139
Trd, 4318926.943, 140
Trd, 4318927.543, 140
Trd, 4318927.793, 139
Trd, 4318928.493, 109
Trd, 4318928.693, 106
Trd, 4318929.593, 60
Trd, 4318929.643, 61
Trd, 4318932.193, 140
Trd, 4318932.893, 140
Trd, 4318933.443, 140
Trd, 4318933.793, 140
Trd, 4318933.943, 139
Trd, 4318934.243, 140
Trd, 4318934.843, 140
Trd, 4318935.843, 138
Trd, 4318937.043, 109
Trd, 4318937.393, 109
Trd, 4318937.543, 140
Trd, 4318937.743, 61
Trd, 4318938.643, 138
Trd, 4318939.793, 139
Trd, 4318939.893, 140
Trd, 4318940.693, 139
Trd, 4318940.993, 92
Trd, 4318941.093, 128
Trd, 4318941.993, 138
Trd, 4318942.893, 139
Trd, 4318943.593, 140
Trd, 4318943.793, 136
Trd, 4318943.943, 61
Trd, 4318945.843, 140
Trd, 4318945.893, 140
Trd, 4318946.293, 140
Trd, 4318948.843, 140
Trd, 4318949.043, 140
Trd, 4318949.143, 140
Trd, 4318949.243, 140
Trd, 4318950.143, 139
Trd, 4318950.593, 140
Trd, 4318951.143, 115
Trd, 4318952.243, 140
Trd, 4318953.343, 140
Trd, 4318954.143, 140
Trd, 4318955.093, 140
Trd, 4318955.493, 138
Trd, 4318955.593, 138
Trd, 4318956.693, 140
Trd, 4318957.243, 111
Trd, 4318957.993, 140
Trd, 4318958.793, 140
Trd, 4318960.493, 140
Trd, 4318960.593, 140
Trd, 4318960.893, 139
Trd, 4318961.343, 140
Trd, 4318962.143, 138
Trd, 4318962.543, 68
Trd, 4318963.143, 106
Trd, 4318963.543, 119
Trd, 4318964.143, 72
Trd, 4318965.393, 140
Trd, 4318965.593, 140
Trd, 4318967.793, 140
Trd, 4318968.193, 138
Trd, 4318968.543, 139
Trd, 4318969.993, 140
Trd, 4318970.193, 140
Trd, 4318970.443, 140
Trd, 4318970.793, 133
Trd, 4318971.443, 140
Trd, 4318972.643, 140
Trd, 4318972.793, 140
Trd, 4318974.043, 140
Trd, 4318974.543, 138
Trd, 4318975.193, 140
Trd, 4318975.293, 103
Trd, 4318975.893, 139
Trd, 4318977.243, 140
Trd, 4318978.393, 140
Trd, 4318978.793, 140
Trd, 4318979.243, 140
Trd, 4318979.743, 140
Trd, 4318980.093, 139
Trd, 4318980.743, 140
Trd, 4318980.793, 89
Trd, 4318980.843, 86
Trd, 4318981.743, 139
Trd, 4318982.543, 140
Trd, 4318982.593, 138
Trd, 4318983.443, 86
Trd, 4318983.643, 89
Trd, 4318983.793, 60
Trd, 4318984.443, 62
Trd, 4318984.593, 66
Trd, 4318986.193, 90
Trd, 4318986.543, 63
Trd, 4318987.643, 63
Trd, 4318988.843, 140
Trd, 4318989.043, 139
Trd, 4318989.393, 61
Trd, 4318989.893, 140
Trd, 4318990.843, 139
Trd, 4318991.143, 129
Trd, 4318991.393, 62
Trd, 4318992.693, 140
Trd, 4318993.543, 140
Trd, 4318994.043, 140
Trd, 4318994.243, 140
Trd, 4318996.093, 140
Trd, 4318996.493, 140
Trd, 4318996.843, 130
Trd, 4318996.943, 93
Trd, 4318997.693, 139
Trd, 4318998.393, 140
Trd, 4318998.843, 140
Trd, 4318999.493, 111
Trd, 4319000.943, 140
Trd, 4319001.293, 140
Trd, 4319001.343, 140
Trd, 4319001.693, 140
Trd, 4319001.843, 94
Trd, 4319002.493, 133
Trd, 4319004.493, 140
Trd, 4319004.843, 140
Trd, 4319005.543, 140
Trd, 4319006.193, 140
Trd, 4319006.693, 140
Trd, 4319008.093, 139
Trd, 4319008.293, 140
Trd, 4319009.243, 140
Trd, 4319009.643, 138
Trd, 4319009.693, 90
Trd, 4319010.143, 140
Trd, 4319010.643, 139
Trd, 4319011.643, 123
Trd, 4319012.443, 140
Trd, 4319013.193, 132
Trd, 4319013.343, 139
Trd, 4319014.393, 139
Trd, 4319014.743, 98
Trd, 4319016.243, 95
Trd, 4319016.543, 96
Trd, 4319017.143, 140
Trd, 4319018.343, 140
Trd, 4319018.843, 140
Trd, 4319019.093, 128
Trd, 4319019.843, 140
Trd, 4319020.093, 140
Trd, 4319020.593, 124
Trd, 4319020.943, 139
Trd, 4319022.743, 140
Trd, 4319022.993, 140
Trd, 4319023.393, 139
Trd, 4319023.443, 87
Trd, 4319023.943, 68
Trd, 4319024.993, 140
Trd, 4319025.793, 139
Trd, 4319026.943, 140
Trd, 4319027.293, 140
Trd, 4319028.293, 140
Trd, 4319028.393, 140
Trd, 4319029.293, 140
Trd, 4319030.943, 140
Trd, 4319031.093, 140
Trd, 4319032.043, 140
Trd, 4319032.343, 140
Trd, 4319032.443, 139
Trd, 4319033.293, 140
Trd, 4319034.043, 137
Trd, 4319035.643, 140
Trd, 4319036.143, 140
Trd, 4319037.243, 140
Trd, 4319038.293, 140
Trd, 4319038.893, 140
Trd, 4319039.043, 140
Trd, 4319039.393, 108
Trd, 4319040.143, 140
Trd, 4319040.293, 139
Trd, 4319041.643, 140
Trd, 4319041.893, 140
Trd, 4319042.543, 140
Trd, 4319043.043, 139
Trd, 4319044.843, 139
Trd, 4319045.243, 140
Trd, 4319046.493, 140
Trd, 4319047.143, 140
Trd, 4319047.443, 140
Trd, 4319047.993, 139
Trd, 4319049.043, 140
Trd, 4319049.643, 140
Trd, 4319052.093, 140
Trd, 4319053.093, 140
Trd, 4319053.293, 140
Trd, 4319054.493, 140
Trd, 4319054.893, 140
Trd, 4319055.393, 138
Trd, 4319055.843, 131
Trd, 4319056.093, 139
Trd, 4319056.743, 140
Trd, 4319057.593, 140
Trd, 4319057.893, 140
Trd, 4319058.093, 140
Trd, 4319058.343, 138
Trd, 4319058.743, 139
Trd, 4319059.343, 140
Trd, 4319059.393, 139
Trd, 4319060.143, 90
Trd, 4319060.843, 63
Trd, 4319063.543, 140
Trd, 4319063.643, 139
Trd, 4319063.693, 137
Trd, 4319063.793, 138
Trd, 4319064.393, 140
Trd, 4319066.093, 140
Trd, 4319067.243, 140
Trd, 4319067.343, 140
Trd, 4319067.593, 140
Trd, 4319068.243, 140
Trd, 4319069.543, 140
Trd, 4319069.593, 138
Trd, 4319069.793, 140
Trd, 4319070.793, 139
Trd, 4319072.293, 139
Trd, 4319072.993, 140
Trd, 4319073.743, 140
Trd, 4319073.893, 139
Trd, 4319074.843, 140
Trd, 4319075.193, 136
Trd, 4319076.093, 140
Trd, 4319076.443, 140
Trd, 4319076.493, 137
Trd, 4319078.543, 140
Trd, 4319079.893, 140
Trd, 4319080.743, 140
Trd, 4319082.193, 140
Trd, 4319082.793, 140
Trd, 4319083.343, 140
Trd, 4319083.493, 140
Trd, 4319084.343, 139
Trd, 4319084.393, 92
Trd, 4319085.393, 140
Trd, 4319085.843, 140
Trd, 4319085.943, 140
Trd, 4319086.193, 139
Trd, 4319086.793, 140
Trd, 4319088.243, 140
Trd, 4319090.343, 140
Trd, 4319090.393, 139
Trd, 4319090.593, 140
Trd, 4319091.593, 140
Trd, 4319091.743, 140
Trd, 4319092.693, 140
Trd, 4319093.243, 140
Trd, 4319094.243, 139
Trd, 4319096.043, 140
Trd, 4319096.243, 140
Trd, 4319097.193, 140
Trd, 4319098.343, 140
Trd, 4319098.443, 140
Trd, 4319099.743, 140
Trd, 4319100.343, 140
Trd, 4319101.793, 140
Trd, 4319102.193, 140
Trd, 4319102.843, 140
Trd, 4319102.993, 140
Trd, 4319104.393, 140
Trd, 4319104.893, 140
Trd, 4319105.343, 140
Trd, 4319105.743, 140
Trd, 4319106.793, 140
Trd, 4319107.243, 139
Trd, 4319107.493, 131
Trd, 4319108.193, 140
Trd, 4319109.193, 140
Trd, 4319109.443, 138
Trd, 4319110.693, 140
Trd, 4319111.793, 140
Trd, 4319111.843, 140
Trd, 4319112.743, 140
Trd, 4319112.843, 140
Trd, 4319113.393, 140
Trd, 4319114.493, 140
Trd, 4319115.143, 140
Trd, 4319115.643, 140
Trd, 4319116.043, 140
Trd, 4319116.193, 140
Trd, 4319116.593, 140
Trd, 4319117.893, 140
Trd, 4319117.993, 140
Trd, 4319118.743, 139
Trd, 4319119.743, 137
Trd, 4319119.943, 136
Trd, 4319122.043, 140
Trd, 4319122.293, 140
Trd, 4319123.693, 140
Trd, 4319124.193, 140
Trd, 4319124.293, 140
Trd, 4319125.443, 140
Trd, 4319125.593, 140
Trd, 4319125.793, 138
Trd, 4319126.443, 140
Trd, 4319127.993, 140
Trd, 4319128.893, 140
Trd, 4319128.993, 140
Trd, 4319131.043, 140
Trd, 4319131.343, 140
Trd, 4319131.793, 140
Trd, 4319132.093, 139
Trd, 4319132.793, 140
Trd, 4319133.643, 140
Trd, 4319134.493, 139
Trd, 4319134.693, 140
Trd, 4319135.043, 114
Trd, 4319135.843, 139
Trd, 4319136.743, 139
Trd, 4319137.493, 140
Trd, 4319137.993, 135
Trd, 4319138.043, 121
Trd, 4319138.593, 139
Trd, 4319139.093, 92
Trd, 4319139.743, 140
Trd, 4319139.843, 65
Trd, 4319142.043, 140
Trd, 4319142.543, 140
Trd, 4319142.593, 139
Trd, 4319142.793, 139
Trd, 4319143.243, 138
Trd, 4319144.243, 140
Trd, 4319144.793, 140
Trd, 4319145.043, 119
Trd, 4319145.593, 64
Trd, 4319146.293, 140
Trd, 4319146.793, 140
Trd, 4319148.493, 139
Trd, 4319148.793, 139
Trd, 4319148.943, 138
Trd, 4319149.643, 140
Trd, 4319149.943, 140
Trd, 4319150.593, 133
Trd, 4319151.393, 138
Trd, 4319152.043, 110
Trd, 4319152.993, 140
Trd, 4319153.643, 140
Trd, 4319154.243, 140
Trd, 4319155.543, 140
Trd, 4319156.343, 140
Trd, 4319156.493, 140
Trd, 4319156.593, 140
Trd, 4319156.743, 140
Trd, 4319157.443, 140
Trd, 4319157.993, 140
Trd, 4319158.393, 140
Trd, 4319158.843, 139
Trd, 4319159.643, 140
Trd, 4319160.743, 137
Trd, 4319160.993, 135
Trd, 4319162.843, 140
Trd, 4319162.993, 140
Trd, 4319163.143, 138
Trd, 4319164.493, 140
Trd, 4319165.193, 140
Trd, 4319165.493, 140
Trd, 4319166.343, 140
Trd, 4319166.593, 90
Trd, 4319168.043, 140
Trd, 4319168.843, 140
Trd, 4319168.943, 139
Trd, 4319169.893, 140
Trd, 4319169.993, 140
Trd, 4319170.643, 140
Trd, 4319170.793, 106
Trd, 4319171.643, 71
Trd, 4319171.843, 140
Trd, 4319171.943, 69
Trd, 4319173.443, 139
Trd, 4319174.193, 140
Trd, 4319176.443, 140
Trd, 4319176.593, 140
Trd, 4319176.643, 140
Trd, 4319177.093, 140
Trd, 4319177.243, 140
Trd, 4319177.543, 137
Trd, 4319178.493, 139
Trd, 4319180.093, 140
Trd, 4319180.693, 139
Trd, 4319180.743, 139
Trd, 4319181.393, 138
Trd, 4319182.543, 140
Trd, 4319182.743, 140
Trd, 4319182.943, 140
Trd, 4319183.793, 136
Trd, 4319185.343, 139
Trd, 4319185.593, 138
Trd, 4319185.943, 140
Trd, 4319186.593, 140
Trd, 4319187.593, 140
Trd, 4319188.943, 140
Trd, 4319190.193, 140
Trd, 4319190.243, 140
Trd, 4319190.843, 140
Trd, 4319191.143, 140
Trd, 4319192.343, 140
Trd, 4319192.793, 139
Trd, 4319192.843, 139
Trd, 4319194.293, 140
Trd, 4319195.493, 140
Trd, 4319195.543, 139
Trd, 4319195.743, 140
Trd, 4319196.643, 140
Trd, 4319197.093, 140
Trd, 4319197.543, 140
Trd, 4319197.843, 103
Trd, 4319198.093, 62
Trd, 4319199.393, 140
Trd, 4319199.843, 140
Trd, 4319200.543, 140
Trd, 4319201.193, 140
Trd, 4319201.893, 140
Trd, 4319202.793, 63
Trd, 4319203.043, 62
Trd, 4319203.193, 124
Trd, 4319204.243, 62
Trd, 4319204.643, 77
Trd, 4319205.293, 139
Trd, 4319205.643, 140
Trd, 4319206.443, 139
Trd, 4319206.643, 140
Trd, 4319209.343, 140
Trd, 4319209.493, 140
Trd, 4319209.693, 139
Trd, 4319212.593, 140
Trd, 4319213.043, 140
Trd, 4319213.593, 140
Trd, 4319214.643, 140
Trd, 4319214.743, 140
Trd, 4319215.143, 140
Trd, 4319215.243, 139
Trd, 4319215.543, 112
Trd, 4319216.143, 140
Trd, 4319216.543, 140
Trd, 4319218.243, 61
Trd, 4319218.643, 60
Trd, 4319218.943, 64
Trd, 4319219.093, 65
Trd, 4319219.793, 69
Trd, 4319220.093, 140
Trd, 4319221.293, 61
Trd, 4319221.893, 140
Trd, 4319222.093, 139
Trd, 4319223.343, 139
Trd, 4319223.593, 140
Trd, 4319224.693, 140
Trd, 4319226.193, 140
Trd, 4319226.243, 140
Trd, 4319226.343, 139
Trd, 4319226.643, 138
Trd, 4319228.493, 140
Trd, 4319228.643, 140
Trd, 4319229.593, 137
Trd, 4319231.243, 140
Trd, 4319231.843, 139
Trd, 4319232.593, 140
Trd, 4319232.843, 135
Trd, 4319234.143, 140
Trd, 4319234.393, 140
Trd, 4319236.343, 140
Trd, 4319237.843, 140
Trd, 4319237.943, 140
Trd, 4319238.843, 140
Trd, 4319239.343, 138
Trd, 4319239.843, 139
Trd, 4319239.993, 127
Trd, 4319240.143, 135
Trd, 4319240.693, 130
Trd, 4319240.743, 65
Trd, 4319241.893, 64
Trd, 4319242.143, 139
Trd, 4319244.693, 140
Trd, 4319244.743, 140
Trd, 4319245.393, 140
Trd, 4319246.543, 140
Trd, 4319246.643, 140
Trd, 4319247.343, 138
Trd, 4319248.393, 140
Trd, 4319248.793, 139
Trd, 4319249.893, 140
Trd, 4319251.593, 140
Trd, 4319252.293, 140
Trd, 4319253.093, 140
Trd, 4319253.543, 140
Trd, 4319253.943, 65
Trd, 4319254.093, 75
Trd, 4319255.143, 138
Trd, 4319255.843, 140
Trd, 4319257.143, 140
Trd, 4319258.493, 140
Trd, 4319259.343, 140
Trd, 4319259.393, 140
Trd, 4319259.843, 140
Trd, 4319260.793, 140
Trd, 4319260.993, 139
Trd, 4319261.343, 101
Trd, 4319262.093, 139
Trd, 4319262.393, 140
Trd, 4319263.243, 139
Trd, 4319263.993, 64
Trd, 4319264.143, 62
Trd, 4319264.243, 64
Trd, 4319264.693, 94
Trd, 4319265.293, 65
Trd, 4319266.043, 117
Trd, 4319266.643, 104
Trd, 4319267.593, 60
Trd, 4319267.743, 136
Trd, 4319268.193, 65
Trd, 4319268.593, 140
Trd, 4319269.743, 140
Trd, 4319270.343, 138
Trd, 4319271.543, 66
Trd, 4319271.743, 67
Trd, 4319272.343, 140
Trd, 4319273.443, 140
Trd, 4319273.693, 137
Trd, 4319275.893, 140
Trd, 4319276.243, 140
Trd, 4319276.943, 140
Trd, 4319277.143, 139
Trd, 4319278.293, 140
Trd, 4319278.343, 140
Trd, 4319278.793, 140
Trd, 4319279.343, 140
Trd, 4319279.593, 139
Trd, 4319279.843, 127
Trd, 4319280.443, 138
Trd, 4319280.793, 119
Trd, 4319282.343, 140
Trd, 4319282.693, 74
Trd, 4319283.093, 140
Trd, 4319283.793, 140
Trd, 4319284.643, 140
Trd, 4319284.793, 140
Trd, 4319285.193, 140
Trd, 4319285.293, 136
Trd, 4319286.993, 103
Trd, 4319288.043, 122
Trd, 4319288.443, 140
Trd, 4319288.993, 140
Trd, 4319290.543, 139
Trd, 4319291.193, 140
Trd, 4319291.293, 140
Trd, 4319292.193, 140
Trd, 4319292.293, 140
Trd, 4319293.143, 139
Trd, 4319293.443, 138
Trd, 4319294.293, 140
Trd, 4319294.443, 137
Trd, 4319294.643, 121
Trd, 4319296.343, 140
Trd, 4319296.443, 140
Trd, 4319296.643, 140
Trd, 4319296.993, 124
Trd, 4319297.643, 60
Trd, 4319298.593, 62
Trd, 4319298.893, 62
Trd, 4319300.643, 67
Trd, 4319301.143, 69
Trd, 4319301.243, 108
Trd, 4319302.043, 139
Trd, 4319302.293, 80
Trd, 4319303.043, 109
Trd, 4319303.143, 105
Trd, 4319303.693, 60
Trd, 4319304.193, 63
Trd, 4319304.993, 86
Trd, 4319305.043, 87
Trd, 4319305.493, 138
Trd, 4319306.343, 140
Trd, 4319307.943, 63
Trd, 4319308.693, 64
Trd, 4319309.543, 107
Trd, 4319309.743, 60
Trd, 4319311.043, 68
Trd, 4319312.343, 61
Trd, 4319312.993, 63
Trd, 4319313.243, 62
Trd, 4319314.893, 60
Trd, 4319315.293, 60
Trd, 4319315.943, 63
Trd, 4319316.093, 64
Trd, 4319316.193, 66
Trd, 4319316.593, 61
Trd, 4319316.643, 79
Trd, 4319317.243, 66
Trd, 4319318.343, 139
Trd, 4319319.593, 140
Trd, 4319320.093, 140
Trd, 4319320.393, 140
Trd, 4319321.493, 140
Trd, 4319321.693, 104
Trd, 4319322.493, 140
Trd, 4319323.043, 60
Trd, 4319323.693, 140
Trd, 4319323.893, 139
Trd, 4319324.543, 140
Trd, 4319324.593, 139
Trd, 4319324.993, 140
Trd, 4319326.043, 140
Trd, 4319327.293, 140
Trd, 4319327.693, 139
Trd, 4319328.093, 139
Trd, 4319328.693, 139
Trd, 4319329.143, 136
Trd, 4319329.193, 121
Trd, 4319329.893, 139
Trd, 4319332.043, 140
Trd, 4319332.293, 140
Trd, 4319332.493, 135
Trd, 4319333.743, 140
Trd, 4319333.993, 139
Trd, 4319334.393, 140
Trd, 4319334.793, 139
Trd, 4319334.893, 139
Trd, 4319335.443, 138
Trd, 4319335.593, 99
Trd, 4319335.643, 81
Trd, 4319338.643, 140
Trd, 4319339.293, 140
Trd, 4319340.793, 140
Trd, 4319340.943, 140
Trd, 4319341.293, 140
Trd, 4319341.643, 139
Trd, 4319342.543, 140
Trd, 4319342.843, 140
Trd, 4319343.143, 137
Trd, 4319343.193, 133
Trd, 4319343.593, 111
Trd, 4319344.293, 140
Trd, 4319345.293, 139
Trd, 4319345.693, 138
Trd, 4319347.843, 140
Trd, 4319348.843, 140
Trd, 4319349.993, 140
Trd, 4319350.343, 140
Trd, 4319350.743, 139
Trd, 4319351.743, 140
Trd, 4319352.193, 140
Trd, 4319353.993, 140
Trd, 4319354.143, 140
Trd, 4319354.543, 139
Trd, 4319354.793, 60
Trd, 4319355.543, 87
Trd, 4319355.893, 140
Trd, 4319356.493, 140
Trd, 4319357.993, 66
Trd, 4319358.093, 67
Trd, 4319359.193, 138
Trd, 4319361.793, 140
Trd, 4319362.293, 140
Trd, 4319363.143, 139
Trd, 4319363.493, 140
Trd, 4319363.543, 115
Trd, 4319364.143, 62
Trd, 4319364.443, 114
Trd, 4319364.893, 63
Trd, 4319365.143, 65
Trd, 4319365.643, 139
Trd, 4319366.893, 139
Trd, 4319368.593, 137
Trd, 4319369.093, 79
Trd, 4319370.793, 140
Trd, 4319371.243, 140
Trd, 4319372.043, 140
Trd, 4319372.093, 140
Trd, 4319372.343, 140
Trd, 4319372.543, 140
Trd, 4319373.043, 140
Trd, 4319373.593, 139
Trd, 4319374.443, 140
Trd, 4319374.943, 140
Trd, 4319375.093, 138
Trd, 4319375.143, 100
Trd, 4319375.443, 140
Trd, 4319376.593, 60
Trd, 4319377.343, 73
Trd, 4319377.643, 77
Trd, 4319379.293, 140
Trd, 4319380.243, 140
Trd, 4319380.943, 140
Trd, 4319381.093, 140
Trd, 4319381.793, 139
Trd, 4319382.593, 139
Trd, 4319382.643, 83
Trd, 4319383.743, 140
Trd, 4319384.193, 127
Trd, 4319385.343, 64
Trd, 4319385.893, 64
Trd, 4319386.243, 72
Trd, 4319386.693, 101
Trd, 4319387.043, 140
Trd, 4319388.293, 140
Trd, 4319390.693, 140
Trd, 4319390.793, 140
Trd, 4319390.843, 139
Trd, 4319391.793, 140
Trd, 4319392.143, 140
Trd, 4319393.043, 140
Trd, 4319394.693, 140
Trd, 4319395.093, 139
Trd, 4319395.393, 100
Trd, 4319395.893, 138
Trd, 4319395.993, 72
Trd, 4319396.343, 139
Trd, 4319396.593, 71
Trd, 4319396.743, 70
Trd, 4319398.093, 140
Trd, 4319400.443, 140
Trd, 4319400.543, 140
Trd, 4319400.743, 139
Trd, 4319401.243, 140
Trd, 4319403.043, 139
Trd, 4319403.343, 139
Trd, 4319403.693, 138
Trd, 4319403.793, 138
Trd, 4319404.693, 140
Trd, 4319405.293, 139
Trd, 4319405.493, 107
Trd, 4319406.943, 140
Trd, 4319407.343, 139
Trd, 4319409.443, 140
Trd, 4319410.043, 140
Trd, 4319410.393, 140
Trd, 4319410.693, 139
Trd, 4319411.693, 140
Trd, 4319413.393, 140
Trd, 4319413.693, 140
Trd, 4319413.943, 140
Trd, 4319414.543, 138
Trd, 4319414.743, 137
Trd, 4319415.893, 140
Trd, 4319416.443, 140
Trd, 4319417.343, 140
Trd, 4319417.793, 140
Trd, 4319418.943, 140
Trd, 4319419.243, 140
Trd, 4319419.993, 140
Trd, 4319420.143, 140
Trd, 4319420.543, 140
Trd, 4319422.293, 140
Trd, 4319422.993, 140
Trd, 4319423.393, 140
Trd, 4319423.743, 139
Trd, 4319423.943, 139
Trd, 4319424.143, 139
Trd, 4319424.543, 62
Trd, 4319424.943, 61
Trd, 4319425.143, 75
Trd, 4319426.493, 130
Trd, 4319427.243, 140
Trd, 4319427.893, 134
Trd, 4319429.243, 140
Trd, 4319429.343, 140
Trd, 4319430.293, 78
Trd, 4319430.543, 127
Trd, 4319431.593, 140
Trd, 4319432.093, 140
Trd, 4319432.393, 138
Trd, 4319433.393, 139
Trd, 4319434.043, 140
Trd, 4319435.793, 139
Trd, 4319435.893, 139
Trd, 4319436.293, 140
Trd, 4319436.343, 136
Trd, 4319436.393, 103
Trd, 4319438.343, 140
Trd, 4319440.343, 140
Trd, 4319440.543, 140
Trd, 4319440.743, 140
Trd, 4319440.843, 139
Trd, 4319441.043, 137
Trd, 4319441.843, 140
Trd, 4319442.743, 140
Trd, 4319444.543, 140
Trd, 4319444.593, 139
Trd, 4319444.743, 139
Trd, 4319447.193, 140
Trd, 4319447.293, 140
Trd, 4319447.543, 140
Trd, 4319447.943, 138
Trd, 4319448.543, 140
Trd, 4319449.443, 140
Trd, 4319450.893, 140
Trd, 4319451.293, 140
Trd, 4319451.543, 139
Trd, 4319452.193, 140
Trd, 4319452.543, 139
Trd, 4319453.693, 139
Trd, 4319453.943, 139
Trd, 4319454.943, 140
Trd, 4319455.743, 140
Trd, 4319456.993, 111
Trd, 4319458.243, 140
Trd, 4319458.393, 139
Trd, 4319458.543, 138
Trd, 4319459.043, 79
Trd, 4319461.093, 140
Trd, 4319461.143, 140
Trd, 4319461.493, 140
Trd, 4319461.993, 139
Trd, 4319462.843, 140
Trd, 4319462.943, 139
Trd, 4319463.043, 138
Trd, 4319464.243, 140
Trd, 4319464.693, 140
Trd, 4319465.393, 140
Trd, 4319467.143, 140
Trd, 4319468.193, 140
Trd, 4319468.243, 140
Trd, 4319470.693, 140
Trd, 4319471.043, 139
Trd, 4319471.293, 140
Trd, 4319472.343, 140
Trd, 4319472.443, 139
Trd, 4319472.643, 139
Trd, 4319474.243, 140
Trd, 4319476.893, 140
Trd, 4319476.993, 139
Trd, 4319477.193, 139
Trd, 4319479.943, 140
Trd, 4319480.093, 140
Trd, 4319480.143, 140
Trd, 4319480.743, 140
Trd, 4319480.893, 139
Trd, 4319481.043, 139
Trd, 4319481.693, 119
Trd, 4319482.493, 139
Trd, 4319482.793, 130
Trd, 4319485.243, 140
Trd, 4319485.443, 140
Trd, 4319486.093, 140
Trd, 4319486.143, 140
Trd, 4319486.493, 140
Trd, 4319487.593, 140
Trd, 4319488.293, 140
Trd, 4319489.043, 140
Trd, 4319489.493, 139
Trd, 4319489.743, 140
Trd, 4319490.343, 140
Trd, 4319490.693, 139
Trd, 4319490.893, 138
Trd, 4319492.693, 140
Trd, 4319494.193, 140
Trd, 4319494.843, 140
Trd, 4319495.043, 140
Trd, 4319495.243, 140
Trd, 4319495.443, 139
Trd, 4319496.993, 140
Trd, 4319498.293, 140
Trd, 4319498.643, 139
Trd, 4319500.043, 140
Trd, 4319500.093, 140
Trd, 4319501.043, 140
Trd, 4319501.793, 140
Trd, 4319502.293, 140
Trd, 4319502.693, 140
Trd, 4319503.243, 140
Trd, 4319504.243, 140
Trd, 4319504.293, 140
Trd, 4319504.443, 140
Trd, 4319504.793, 139
Trd, 4319504.843, 122
Trd, 4319506.543, 100
Trd, 4319507.193, 123
Trd, 4319508.693, 60
Trd, 4319508.793, 62
Trd, 4319509.143, 63
Trd, 4319510.693, 61
Trd, 4319511.443, 62
Trd, 4319511.643, 62
Trd, 4319512.393, 60
Trd, 4319512.693, 60
Trd, 4319513.393, 69
Trd, 4319513.843, 76
Trd, 4319514.593, 63
Trd, 4319514.793, 139
Trd, 4319515.543, 140
Trd, 4319516.143, 140
Trd, 4319516.843, 140
Trd, 4319517.793, 140
Trd, 4319518.443, 140
Trd, 4319519.693, 139
Trd, 4319519.843, 140
Trd, 4319520.643, 140
Trd, 4319521.093, 140
Trd, 4319521.193, 139
Trd, 4319521.893, 138
Trd, 4319522.493, 140
Trd, 4319524.243, 140
Trd, 4319524.393, 106
Trd, 4319525.393, 138
Trd, 4319525.843, 136
Trd, 4319526.243, 86
Trd, 4319526.593, 140
Trd, 4319528.443, 140
Trd, 4319528.693, 138
Trd, 4319528.943, 132
Trd, 4319529.793, 140
Trd, 4319530.793, 140
Trd, 4319531.093, 140
Trd, 4319531.843, 140
Trd, 4319532.443, 139
Trd, 4319534.243, 140
Trd, 4319534.443, 140
Trd, 4319535.243, 140
Trd, 4319537.593, 140
Trd, 4319538.043, 140
Trd, 4319539.043, 140
Trd, 4319539.243, 140
Trd, 4319540.743, 140
Trd, 4319541.693, 140
Trd, 4319542.043, 140
Trd, 4319542.143, 140
Trd, 4319543.493, 140
Trd, 4319543.943, 140
Trd, 4319544.093, 140
Trd, 4319544.343, 140
Trd, 4319545.493, 140
Trd, 4319545.593, 140
Trd, 4319546.293, 140
Trd, 4319547.343, 139
Trd, 4319548.643, 140
Trd, 4319549.293, 140
Trd, 4319549.393, 139
Trd, 4319549.693, 137
Trd, 4319549.943, 130
Trd, 4319550.193, 139
Trd, 4319550.993, 71
Trd, 4319551.693, 62
Trd, 4319551.843, 70
Trd, 4319553.243, 140
Trd, 4319554.743, 140
Trd, 4319555.593, 140
Trd, 4319555.993, 140
Trd, 4319556.143, 140
Trd, 4319557.193, 140
Trd, 4319557.293, 139
Trd, 4319558.643, 140
Trd, 4319559.693, 140
Trd, 4319559.893, 140
Trd, 4319561.343, 140
Trd, 4319562.043, 140
Trd, 4319562.143, 139
Trd, 4319562.293, 139
Trd, 4319562.343, 139
Trd, 4319564.443, 139
Trd, 4319564.943, 140
Trd, 4319565.693, 140
Trd, 4319566.093, 140
Trd, 4319567.143, 91
Trd, 4319567.493, 127
Trd, 4319567.593, 90
Trd, 4319567.993, 103
Trd, 4319568.043, 76
Trd, 4319568.843, 63
Trd, 4319569.093, 62
Trd, 4319569.643, 140
Trd, 4319569.843, 140
Trd, 4319570.293, 140
Trd, 4319570.793, 122
Trd, 4319571.693, 92
Trd, 4319572.193, 62
Trd, 4319572.843, 140
Trd, 4319573.043, 64
Trd, 4319573.243, 140
Trd, 4319574.443, 86
Trd, 4319576.093, 140
Trd, 4319576.443, 140
Trd, 4319576.493, 110
Trd, 4319577.243, 104
Trd, 4319578.543, 140
Trd, 4319578.743, 139
Trd, 4319579.793, 140
Trd, 4319581.443, 140
Trd, 4319582.093, 140
Trd, 4319582.643, 140
Trd, 4319583.393, 140
Trd, 4319583.893, 139
Trd, 4319584.593, 139
Trd, 4319584.743, 140
Trd, 4319584.843, 138
Trd, 4319585.193, 137
Trd, 4319585.693, 82
Trd, 4319586.493, 139
Trd, 4319587.393, 140
Trd, 4319589.393, 140
Trd, 4319589.543, 140
Trd, 4319589.843, 140
Trd, 4319590.943, 139
Trd, 4319591.743, 140
Trd, 4319591.793, 130
Trd, 4319592.243, 67
Trd, 4319593.143, 62
Trd, 4319593.743, 140
Trd, 4319594.493, 140
Trd, 4319595.843, 139
Trd, 4319596.343, 140
Trd, 4319597.143, 140
Trd, 4319600.093, 140
Trd, 4319600.143, 140
Trd, 4319600.243, 140
Trd, 4319600.293, 140
Trd, 4319600.943, 140
Trd, 4319601.493, 139
Trd, 4319601.793, 139
Trd, 4319602.193, 137
Trd, 4319603.143, 115
Trd, 4319603.793, 140
Trd, 4319603.943, 138
Trd, 4319605.593, 64
Trd, 4319605.643, 69
Trd, 4319605.893, 63
Trd, 4319606.093, 75
Trd, 4319606.243, 140
Trd, 4319608.293, 140
Trd, 4319608.443, 139
Trd, 4319609.093, 111
Trd, 4319609.793, 139
Trd, 4319610.893, 140
Trd, 4319611.893, 139
Trd, 4319612.543, 137
Trd, 4319612.643, 139
Trd, 4319612.843, 136
Trd, 4319613.043, 90
Trd, 4319614.093, 140
Trd, 4319614.893, 140
Trd, 4319615.793, 140
Trd, 4319616.693, 139
Trd, 4319617.243, 140
Trd, 4319618.093, 140
Trd, 4319619.193, 129
Trd, 4319619.393, 140
Trd, 4319619.793, 140
Trd, 4319619.843, 121
Trd, 4319620.443, 112
Trd, 4319622.443, 140
Trd, 4319622.643, 140
Trd, 4319623.493, 140
Trd, 4319624.543, 140
Trd, 4319624.593, 140
Trd, 4319624.993, 140
Trd, 4319625.843, 140
Trd, 4319627.843, 140
Trd, 4319628.293, 140
Trd, 4319628.993, 140
Trd, 4319629.143, 139
Trd, 4319629.193, 138
Trd, 4319629.593, 135
Trd, 4319629.793, 139
Trd, 4319630.543, 107
Trd, 4319631.493, 140
Trd, 4319632.993, 140
Trd, 4319633.193, 140
Trd, 4319634.943, 140
Trd, 4319636.893, 140
Trd, 4319637.543, 140
Trd, 4319637.693, 140
Trd, 4319637.793, 140
Trd, 4319637.843, 137
Trd, 4319638.693, 140
Trd, 4319638.743, 140
Trd, 4319641.493, 140
Trd, 4319642.093, 140
Trd, 4319642.343, 140
Trd, 4319642.543, 140
Trd, 4319642.843, 137
Trd, 4319643.243, 125
Trd, 4319643.643, 63
Trd, 4319643.793, 60
Trd, 4319645.093, 139
Trd, 4319646.243, 140
Trd, 4319647.243, 140
Trd, 4319647.343, 139
Trd, 4319647.793, 139
Trd, 4319648.243, 139
Trd, 4319648.543, 139
Trd, 4319649.693, 139
Trd, 4319650.793, 140
Trd, 4319651.443, 140
Trd, 4319651.793, 140
Trd, 4319653.243, 140
Trd, 4319653.343, 140
Trd, 4319653.443, 140
Trd, 4319653.993, 140
Trd, 4319654.443, 140
Trd, 4319656.893, 140
Trd, 4319657.193, 140
Trd, 4319657.493, 140
Trd, 4319657.843, 139
Trd, 4319658.543, 140
Trd, 4319658.743, 139
Trd, 4319659.393, 137
Trd, 4319659.693, 132
Trd, 4319659.993, 89
Trd, 4319660.243, 140
Trd, 4319661.193, 63
Trd, 4319661.543, 117
Trd, 4319662.743, 61
Trd, 4319662.943, 65
Trd, 4319662.993, 85
Trd, 4319664.643, 139
Trd, 4319664.943, 138
Trd, 4319666.143, 140
Trd, 4319666.993, 139
Trd, 4319667.143, 139
Trd, 4319668.193, 139
Trd, 4319668.593, 139
Trd, 4319668.793, 140
Trd, 4319669.543, 83
Trd, 4319671.093, 131
Trd, 4319671.293, 80
Trd, 4319671.393, 60
Trd, 4319672.493, 135
Trd, 4319672.793, 139
Trd, 4319672.993, 135
Trd, 4319673.393, 97
Trd, 4319674.593, 140
Trd, 4319674.943, 138
Trd, 4319675.493, 140
Trd, 4319675.693, 73
Trd, 4319676.493, 135
Trd, 4319677.393, 140
Trd, 4319678.993, 140
Trd, 4319679.193, 140
Trd, 4319679.293, 138
Trd, 4319679.393, 138
Trd, 4319680.243, 105
Trd, 4319681.143, 77
Trd, 4319681.743, 61
Trd, 4319682.843, 102
Trd, 4319682.893, 109
Trd, 4319683.643, 65
Trd, 4319683.793, 99
Trd, 4319684.093, 125
Trd, 4319685.543, 140
Trd, 4319685.743, 140
Trd, 4319687.043, 139
Trd, 4319687.593, 140
Trd, 4319688.193, 139
Trd, 4319689.443, 140
Trd, 4319689.743, 138
Trd, 4319690.143, 140
Trd, 4319691.243, 139
Trd, 4319691.293, 139
Trd, 4319693.193, 140
Trd, 4319693.443, 140
Trd, 4319695.093, 140
Trd, 4319695.343, 140
Trd, 4319695.693, 140
Trd, 4319697.043, 140
Trd, 4319697.543, 140
Trd, 4319697.743, 140
Trd, 4319698.593, 140
Trd, 4319698.743, 140
Trd, 4319698.793, 139
Trd, 4319699.343, 119
Trd, 4319700.043, 140
Trd, 4319701.193, 96
Trd, 4319701.393, 138
Trd, 4319702.643, 130
Trd, 4319702.893, 119
Trd, 4319703.343, 139
Trd, 4319704.543, 140
Trd, 4319704.593, 130
Trd, 4319706.343, 140
Trd, 4319707.043, 140
Trd, 4319707.493, 140
Trd, 4319707.693, 125
Trd, 4319708.793, 137
Trd, 4319709.393, 140
Trd, 4319709.893, 140
Trd, 4319710.443, 140
Trd, 4319710.593, 110
Trd, 4319711.643, 140
Trd, 4319712.293, 140
Trd, 4319712.343, 140
Trd, 4319713.093, 61
Trd, 4319713.393, 93
Trd, 4319714.543, 60
Trd, 4319715.193, 64
Trd, 4319715.293, 122
Trd, 4319715.743, 137
Trd, 4319717.993, 79
Trd, 4319718.493, 60
Trd, 4319719.243, 140
Trd, 4319719.293, 140
Trd, 4319719.793, 140
Trd, 4319721.543, 140
Trd, 4319722.093, 140
Trd, 4319722.143, 140
Trd, 4319722.593, 138
Trd, 4319722.693, 107
Trd, 4319723.343, 64
Trd, 4319723.943, 140
Trd, 4319724.393, 140
Trd, 4319725.093, 139
Trd, 4319726.293, 64
Trd, 4319726.943, 65
Trd, 4319727.843, 67
Trd, 4319729.393, 70
Trd, 4319729.843, 74
Trd, 4319730.843, 69
Trd, 4319730.893, 74
Trd, 4319731.243, 139
Trd, 4319732.043, 140
Trd, 4319733.043, 140
Trd, 4319733.093, 137
Trd, 4319734.743, 140
Trd, 4319735.193, 140
Trd, 4319735.643, 139
Trd, 4319736.243, 139
Trd, 4319737.543, 140
Trd, 4319737.643, 139
Trd, 4319739.293, 140
Trd, 4319739.393, 140
Trd, 4319739.593, 140
Trd, 4319740.343, 140
Trd, 4319740.493, 139
Trd, 4319740.643, 104
Trd, 4319740.843, 76
Trd, 4319741.493, 61
Trd, 4319742.793, 140
Trd, 4319743.293, 140
Trd, 4319743.343, 140
Trd, 4319744.493, 140
Trd, 4319744.993, 81
Trd, 4319745.593, 62
Trd, 4319745.643, 91
Trd, 4319746.843, 140
Trd, 4319747.193, 140
Trd, 4319747.843, 140
Trd, 4319748.093, 140
Trd, 4319750.443, 140
Trd, 4319750.793, 140
Trd, 4319751.693, 140
Trd, 4319753.443, 140
Trd, 4319753.593, 140
Trd, 4319753.893, 140
Trd, 4319753.943, 137
Trd, 4319755.843, 140
Trd, 4319757.143, 140
Trd, 4319757.193, 140
Trd, 4319757.393, 138
Trd, 4319757.893, 60
Trd, 4319758.343, 140
Trd, 4319758.493, 140
Trd, 4319758.843, 60
Trd, 4319758.943, 75
Trd, 4319760.243, 139
Trd, 4319760.743, 140
Trd, 4319761.343, 140
Trd, 4319763.843, 140
Trd, 4319764.343, 140
Trd, 4319764.643, 140
Trd, 4319764.743, 140
Trd, 4319765.243, 140
Trd, 4319765.943, 140
Trd, 4319766.443, 140
Trd, 4319766.843, 139
Trd, 4319767.243, 89
Trd, 4319767.543, 100
Trd, 4319768.343, 140
Trd, 4319768.443, 139
Trd, 4319769.343, 132
Trd, 4319769.993, 139
Trd, 4319770.043, 139
Trd, 4319770.543, 138
Trd, 4319771.193, 81
Trd, 4319773.293, 140
Trd, 4319774.843, 140
Trd, 4319774.893, 119
Trd, 4319775.693, 140
Trd, 4319775.743, 140
Trd, 4319776.143, 140
Trd, 4319776.393, 140
Trd, 4319776.843, 138
Trd, 4319777.493, 140
Trd, 4319778.343, 137
Trd, 4319779.043, 140
Trd, 4319779.443, 140
Trd, 4319779.743, 136
Trd, 4319780.943, 62
Trd, 4319781.143, 68
Trd, 4319781.543, 139
Trd, 4319782.593, 140
Trd, 4319782.893, 140
Trd, 4319783.643, 60
Trd, 4319784.893, 99
Trd, 4319785.243, 85
Trd, 4319786.393, 140
Trd, 4319786.443, 140
Trd, 4319787.343, 140
Trd, 4319787.393, 137
Trd, 4319787.693, 105
Trd, 4319788.793, 71
Trd, 4319789.643, 139
Trd, 4319789.893, 139
Trd, 4319789.993, 139
Trd, 4319790.293, 138
Trd, 4319790.343, 67
Trd, 4319792.593, 140
Trd, 4319792.893, 140
Trd, 4319793.543, 140
Trd, 4319793.793, 136
Trd, 4319794.343, 135
Trd, 4319795.993, 140
Trd, 4319797.543, 140
Trd, 4319798.143, 140
Trd, 4319798.443, 139
Trd, 4319798.543, 138
Trd, 4319799.743, 138
Trd, 4319800.243, 139
Trd, 4319800.743, 140
Trd, 4319802.593, 140
Trd, 4319802.893, 139
Trd, 4319803.043, 139
Trd, 4319803.093, 130
Trd, 4319803.993, 139
Trd, 4319804.793, 63
Trd, 4319805.043, 70
Trd, 4319805.843, 140
Trd, 4319806.693, 140
Trd, 4319806.893, 140
Trd, 4319807.343, 139
Trd, 4319808.043, 134
Trd, 4319809.343, 139
Trd, 4319809.693, 139
Trd, 4319810.443, 140
Trd, 4319811.543, 140
Trd, 4319812.243, 140
Trd, 4319812.743, 139
Trd, 4319813.293, 98
Trd, 4319813.643, 140
Trd, 4319814.243, 114
Trd, 4319815.143, 139
Trd, 4319815.393, 139
Trd, 4319815.693, 91
Trd, 4319816.193, 140
Trd, 4319816.443, 108
Trd, 4319818.043, 140
Trd, 4319818.393, 139
Trd, 4319818.693, 139
Trd, 4319818.743, 91
Trd, 4319819.793, 140
Trd, 4319820.893, 60
Trd, 4319821.793, 60
Trd, 4319821.993, 60
Trd, 4319822.043, 63
Trd, 4319822.193, 103
Trd, 4319823.043, 63
Trd, 4319823.593, 66
Trd, 4319824.293, 65
Trd, 4319824.943, 63
Trd, 4319825.893, 66
Trd, 4319827.593, 60
Trd, 4319828.043, 61
Trd, 4319828.093, 63
Trd, 4319828.493, 64
Trd, 4319829.193, 140
Trd, 4319829.743, 137
Trd, 4319830.043, 128
Trd, 4319831.543, 140
Trd, 4319832.193, 140
Trd, 4319832.793, 140
Trd, 4319833.393, 139
Trd, 4319834.743, 140
Trd, 4319836.043, 140
Trd, 4319836.493, 140
Trd, 4319837.393, 140
Trd, 4319837.893, 140
Trd, 4319838.043, 140
Trd, 4319838.693, 140
Trd, 4319838.793, 82
Trd, 4319839.093, 70
Trd, 4319839.443, 108
Trd, 4319840.293, 60
Trd, 4319840.593, 60
Trd, 4319841.943, 88
Trd, 4319842.093, 127
Trd, 4319844.243, 140
Trd, 4319844.393, 140
Trd, 4319844.793, 140
Trd, 4319845.293, 139
Trd, 4319845.593, 139
Trd, 4319845.943, 139
Trd, 4319846.393, 139
Trd, 4319847.243, 140
Trd, 4319848.343, 140
Trd, 4319848.693, 140
Trd, 4319848.993, 133
Trd, 4319850.643, 140
Trd, 4319851.093, 140
Trd, 4319851.693, 140
Trd, 4319852.143, 139
Trd, 4319853.393, 139
Trd, 4319853.643, 140
Trd, 4319854.343, 140
Trd, 4319855.693, 139
Trd, 4319856.043, 100
Trd, 4319856.993, 60
Trd, 4319857.143, 64
Trd, 4319857.243, 67
Trd, 4319857.593, 117
Trd, 4319859.343, 74
Trd, 4319859.643, 77
Trd, 4319859.843, 140
Trd, 4319861.193, 140
Trd, 4319862.543, 140
Trd, 4319862.893, 140
Trd, 4319863.793, 140
Trd, 4319864.143, 140
Trd, 4319864.843, 140
Trd, 4319865.093, 61
Trd, 4319865.493, 79
Trd, 4319865.893, 90
Trd, 4319866.443, 96
Trd, 4319868.143, 140
Trd, 4319868.493, 140
Trd, 4319869.443, 140
Trd, 4319870.243, 139
Trd, 4319870.743, 138
Trd, 4319871.393, 140
Trd, 4319872.743, 139
Trd, 4319873.143, 140
Trd, 4319873.193, 99
Trd, 4319873.393, 85
Trd, 4319875.993, 140
Trd, 4319876.193, 139
Trd, 4319877.443, 140
Trd, 4319877.693, 139
Trd, 4319878.243, 140
Trd, 4319878.743, 138
Trd, 4319878.843, 82
Trd, 4319879.693, 140
Trd, 4319879.943, 106
Trd, 4319880.393, 139
Trd, 4319882.243, 140
Trd, 4319882.843, 138
Trd, 4319882.993, 138
Trd, 4319883.043, 82
Trd, 4319883.843, 140
Trd, 4319883.943, 139
Trd, 4319885.293, 140
Trd, 4319885.793, 140
Trd, 4319886.643, 140
Trd, 4319887.193, 107
Trd, 4319887.743, 140
Trd, 4319888.343, 140
Trd, 4319888.693, 138
Trd, 4319889.343, 140
Trd, 4319889.443, 139
Trd, 4319889.993, 139
Trd, 4319890.293, 78
Trd, 4319890.943, 61
Trd, 4319892.143, 79
Trd, 4319892.743, 138
Trd, 4319893.993, 140
Trd, 4319894.743, 140
Trd, 4319895.243, 140
Trd, 4319895.493, 139
Trd, 4319895.993, 121
Trd, 4319896.243, 117
Trd, 4319896.743, 60
Trd, 4319897.993, 86
Trd, 4319898.593, 72
Trd, 4319898.993, 99
Trd, 4319899.643, 80
Trd, 4319900.643, 139
Trd, 4319900.743, 139
Trd, 4319900.993, 138
Trd, 4319901.893, 140
Trd, 4319902.093, 91
Trd, 4319902.593, 117
Trd, 4319903.693, 63
Trd, 4319905.643, 139
Trd, 4319905.993, 138
Trd, 4319906.543, 139
Trd, 4319906.643, 84
Trd, 4319907.743, 140
Trd, 4319907.943, 139
Trd, 4319908.293, 137
Trd, 4319909.043, 136
Trd, 4319909.643, 124
Trd, 4319911.093, 140
Trd, 4319912.693, 140
Trd, 4319913.243, 139
Trd, 4319913.843, 139
Trd, 4319914.893, 139
Trd, 4319915.593, 139
Trd, 4319916.093, 139
Trd, 4319916.193, 76
Trd, 4319916.493, 68
Trd, 4319918.643, 140
Trd, 4319918.943, 140
Trd, 4319920.243, 140
Trd, 4319920.443, 140
Trd, 4319921.193, 110
Trd, 4319921.593, 123
Trd, 4319922.643, 139
Trd, 4319923.343, 140
Trd, 4319924.143, 139
Trd, 4319924.743, 139
Trd, 4319925.043, 83
Trd, 4319925.993, 140
Trd, 4319926.643, 136
Trd, 4319927.643, 137
Trd, 4319928.643, 140
Trd, 4319929.043, 140
Trd, 4319929.393, 140
Trd, 4319929.993, 140
Trd, 4319930.293, 139
Trd, 4319931.393, 140
Trd, 4319931.693, 139
Trd, 4319933.043, 140
Trd, 4319934.143, 140
Trd, 4319934.593, 140
Trd, 4319934.843, 138
Trd, 4319935.043, 100
Trd, 4319935.343, 99
Trd, 4319936.893, 140
Trd, 4319936.993, 137
Trd, 4319937.393, 138
Trd, 4319939.493, 140
Trd, 4319940.543, 140
Trd, 4319940.943, 140
Trd, 4319940.993, 139
Trd, 4319941.493, 139
Trd, 4319942.193, 140
Trd, 4319942.443, 139
Trd, 4319944.143, 140
Trd, 4319944.543, 140
Trd, 4319944.593, 105
Trd, 4319945.493, 110
Trd, 4319946.143, 140
Trd, 4319946.243, 140
Trd, 4319946.443, 139
Trd, 4319947.943, 139
Trd, 4319947.993, 138
Trd, 4319948.543, 140
Trd, 4319948.593, 126
Trd, 4319949.843, 140
Trd, 4319950.443, 138
Trd, 4319951.393, 139
Trd, 4319952.343, 140
Trd, 4319952.943, 138
Trd, 4319953.143, 137
Trd, 4319953.943, 140
Trd, 4319955.393, 140
Trd, 4319955.443, 139
Trd, 4319956.193, 140
Trd, 4319956.493, 139
Trd, 4319957.393, 140
Trd, 4319958.793, 140
Trd, 4319958.843, 140
Trd, 4319960.043, 140
Trd, 4319960.593, 140
Trd, 4319960.743, 140
Trd, 4319961.243, 140
Trd, 4319961.343, 140
Trd, 4319962.593, 132
Trd, 4319962.893, 106
Trd, 4319963.393, 139
Trd, 4319964.293, 140
Trd, 4319964.943, 140
Trd, 4319965.793, 140
Trd, 4319966.943, 140
Trd, 4319968.593, 140
Trd, 4319968.643, 139
Trd, 4319969.093, 140
Trd, 4319969.293, 139
Trd, 4319970.343, 139
Trd, 4319971.193, 140
Trd, 4319971.693, 139
Trd, 4319971.893, 139
Trd, 4319972.843, 139
Trd, 4319973.993, 140
Trd, 4319974.443, 140
Trd, 4319974.843, 139
Trd, 4319975.343, 139
Trd, 4319976.343, 140
Trd, 4319976.443, 140
Trd, 4319976.943, 140
Trd, 4319977.443, 140
Trd, 4319977.493, 88
Trd, 4319978.243, 135
Trd, 4319978.443, 92
Trd, 4319979.693, 71
Trd, 4319980.243, 139
Trd, 4319981.393, 140
Trd, 4319981.443, 133
Trd, 4319981.693, 83
Trd, 4319982.893, 140
Trd, 4319983.393, 140
Trd, 4319985.043, 140
Trd, 4319985.393, 140
Trd, 4319985.543, 139
Trd, 4319986.393, 138
Trd, 4319987.743, 140
Trd, 4319988.093, 139
Trd, 4319988.193, 139
Trd, 4319988.743, 138
Trd, 4319989.593, 140
Trd, 4319990.743, 140
Trd, 4319991.043, 140
Trd, 4319991.493, 140
Trd, 4319992.143, 139
Trd, 4319992.743, 123
Trd, 4319992.943, 119
Trd, 4319993.843, 139
Trd, 4319993.993, 140
Trd, 4319995.793, 140
Trd, 4319996.043, 140
Trd, 4319996.293, 138
Trd, 4319997.643, 140
Trd, 4319997.693, 139
Trd, 4319998.643, 140
Trd, 4319998.893, 140
Trd, 4319998.993, 139
Trd, 4319999.043, 136
Trd, 4319999.143, 109
