Trd, 4318070.943, 117
Trd, 4318070.993, 112
Trd, 4318071.043, 99
Trd, 4318071.593, 103
Trd, 4318072.893, 129
Trd, 4318073.143, 90
Trd, 4318073.243, 89
Trd, 4318074.893, 108
Trd, 4318074.993, 104
Trd, 4318076.943, 127
Trd, 4318077.843, 106
Trd, 4318078.093, 94
Trd, 4318079.743, 97
Trd, 4318079.843, 82
Trd, 4318079.993, 74
Trd, 4318081.143, 90
Trd, 4318081.243, 83
Trd, 4318081.443, 125
Trd, 4318081.643, 116
Trd, 4318082.143, 100
Trd, 4318085.593, 113
Trd, 4318086.143, 91
Trd, 4318086.393, 70
Trd, 4318086.743, 84
Trd, 4318087.143, 108
Trd, 4318088.743, 79
Trd, 4318090.143, 82
Trd, 4318091.793, 131
Trd, 4318093.393, 109
Trd, 4318094.643, 93
Trd, 4318095.093, 117
Trd, 4318095.793, 133
Trd, 4318097.143, 102
Trd, 4318097.193, 95
Trd, 4318098.143, 98
Trd, 4318098.693, 94
Trd, 4318098.843, 86
Trd, 4318099.693, 93
Trd, 4318100.143, 102
Trd, 4318100.543, 119
Trd, 4318101.793, 130
Trd, 4318102.143, 89
Trd, 4318103.243, 116
Trd, 4318104.993, 106
Trd, 4318105.443, 116
Trd, 4318105.643, 136
Trd, 4318106.593, 92
Trd, 4318108.393, 82
Trd, 4318109.393, 110
Trd, 4318109.443, 73
Trd, 4318110.043, 104
Trd, 4318110.443, 91
Trd, 4318111.493, 105
Trd, 4318112.793, 90
Trd, 4318113.843, 101
Trd, 4318115.093, 112
Trd, 4318115.493, 109
Trd, 4318116.243, 124
Trd, 4318117.093, 99
Trd, 4318117.193, 97
Trd, 4318118.943, 115
Trd, 4318119.843, 111
Trd, 4318120.143, 93
Trd, 4318120.693, 79
Trd, 4318121.193, 84
Trd, 4318122.043, 79
Trd, 4318122.143, 110
Trd, 4318124.193, 67
Trd, 4318124.743, 112
Trd, 4318126.093, 122
Trd, 4318126.143, 107
Trd, 4318127.193, 90
Trd, 4318128.343, 93
Trd, 4318129.243, 73
Trd, 4318130.093, 93
Trd, 4318130.343, 104
Trd, 4318131.043, 99
Trd, 4318131.393, 119
Trd, 4318131.543, 75
Trd, 4318133.693, 98
Trd, 4318134.443, 77
Trd, 4318134.943, 89
Trd, 4318135.493, 92
Trd, 4318136.143, 105
Trd, 4318137.693, 98
Trd, 4318137.993, 127
Trd, 4318138.443, 113
Trd, 4318139.093, 113
Trd, 4318141.993, 114
Trd, 4318142.243, 62
Trd, 4318142.893, 105
Trd, 4318143.393, 67
Trd, 4318143.693, 80
Trd, 4318147.093, 67
Trd, 4318147.243, 92
Trd, 4318147.443, 76
Trd, 4318148.443, 114
Trd, 4318149.993, 75
Trd, 4318150.243, 97
Trd, 4318151.643, 88
Trd, 4318152.393, 79
Trd, 4318152.643, 100
Trd, 4318152.693, 81
Trd, 4318153.443, 113
Trd, 4318155.143, 105
Trd, 4318155.643, 97
Trd, 4318156.143, 132
Trd, 4318157.093, 95
Trd, 4318157.393, 90
Trd, 4318158.243, 83
Trd, 4318158.993, 107
Trd, 4318160.093, 112
Trd, 4318160.693, 88
Trd, 4318160.843, 95
Trd, 4318161.243, 84
Trd, 4318161.743, 122
Trd, 4318162.993, 77
Trd, 4318163.843, 107
Trd, 4318164.893, 128
Trd, 4318168.593, 124
Trd, 4318168.893, 108
Trd, 4318169.143, 102
Trd, 4318169.243, 129
Trd, 4318171.793, 79
Trd, 4318173.493, 109
Trd, 4318173.693, 96
Trd, 4318173.893, 100
Trd, 4318174.243, 86
Trd, 4318175.193, 124
Trd, 4318175.393, 95
Trd, 4318175.843, 89
Trd, 4318176.293, 120
Trd, 4318177.043, 92
Trd, 4318178.843, 126
Trd, 4318178.993, 103
Trd, 4318179.743, 124
Trd, 4318179.993, 114
Trd, 4318181.243, 103
Trd, 4318181.593, 87
Trd, 4318181.993, 71
Trd, 4318182.893, 78
Trd, 4318183.393, 118
Trd, 4318184.243, 132
Trd, 4318185.193, 93
Trd, 4318185.293, 81
Trd, 4318185.843, 100
Trd, 4318185.943, 88
Trd, 4318187.043, 100
Trd, 4318188.693, 110
Trd, 4318189.043, 95
Trd, 4318191.093, 114
Trd, 4318191.293, 91
Trd, 4318192.093, 132
Trd, 4318192.693, 113
Trd, 4318192.793, 95
Trd, 4318194.693, 101
Trd, 4318195.093, 101
Trd, 4318195.343, 76
Trd, 4318195.543, 112
Trd, 4318197.593, 120
Trd, 4318198.193, 116
Trd, 4318199.143, 120
Trd, 4318199.193, 83
Trd, 4318199.443, 81
Trd, 4318199.693, 73
Trd, 4318201.243, 86
Trd, 4318202.293, 111
Trd, 4318202.343, 97
Trd, 4318202.393, 94
Trd, 4318203.193, 68
Trd, 4318203.543, 66
Trd, 4318204.893, 97
Trd, 4318205.793, 107
Trd, 4318206.193, 116
Trd, 4318207.643, 113
Trd, 4318207.943, 116
Trd, 4318208.243, 94
Trd, 4318208.593, 85
Trd, 4318209.743, 69
Trd, 4318211.893, 107
Trd, 4318214.543, 112
Trd, 4318215.193, 105
Trd, 4318215.293, 103
Trd, 4318215.943, 108
Trd, 4318216.543, 114
Trd, 4318217.743, 106
Trd, 4318217.893, 100
Trd, 4318218.443, 96
Trd, 4318218.643, 107
Trd, 4318220.743, 134
Trd, 4318221.043, 90
Trd, 4318221.443, 89
Trd, 4318221.493, 74
Trd, 4318222.393, 136
Trd, 4318223.393, 111
Trd, 4318223.693, 81
Trd, 4318223.793, 86
Trd, 4318225.943, 133
Trd, 4318226.543, 119
Trd, 4318226.593, 106
Trd, 4318229.543, 113
Trd, 4318229.643, 98
Trd, 4318230.443, 118
Trd, 4318231.043, 97
Trd, 4318231.143, 81
Trd, 4318231.593, 104
Trd, 4318233.393, 80
Trd, 4318233.893, 78
Trd, 4318234.393, 91
Trd, 4318234.493, 69
Trd, 4318234.793, 136
Trd, 4318234.893, 92
Trd, 4318237.043, 89
Trd, 4318238.193, 86
Trd, 4318238.243, 94
Trd, 4318238.543, 87
Trd, 4318238.743, 99
Trd, 4318239.493, 94
Trd, 4318240.143, 133
Trd, 4318240.793, 97
Trd, 4318243.293, 123
Trd, 4318243.343, 116
Trd, 4318244.443, 115
Trd, 4318244.793, 116
Trd, 4318245.193, 102
Trd, 4318245.443, 85
Trd, 4318245.793, 69
Trd, 4318246.143, 97
Trd, 4318246.593, 62
Trd, 4318249.093, 117
Trd, 4318249.543, 110
Trd, 4318249.643, 92
Trd, 4318250.093, 71
Trd, 4318250.393, 73
Trd, 4318250.743, 84
Trd, 4318250.843, 64
Trd, 4318253.243, 91
Trd, 4318254.293, 116
Trd, 4318255.343, 98
Trd, 4318256.543, 108
Trd, 4318257.193, 119
Trd, 4318257.593, 91
Trd, 4318259.093, 91
Trd, 4318259.293, 138
Trd, 4318259.693, 112
Trd, 4318260.693, 130
Trd, 4318260.843, 91
Trd, 4318261.193, 90
Trd, 4318261.943, 122
Trd, 4318263.043, 110
Trd, 4318263.693, 81
Trd, 4318265.143, 102
Trd, 4318265.693, 83
Trd, 4318266.843, 103
Trd, 4318269.443, 105
Trd, 4318270.893, 130
Trd, 4318271.043, 116
Trd, 4318272.143, 120
Trd, 4318272.193, 106
Trd, 4318272.693, 129
Trd, 4318272.943, 95
Trd, 4318274.693, 114
Trd, 4318275.343, 85
Trd, 4318275.443, 87
Trd, 4318276.743, 76
Trd, 4318276.943, 75
Trd, 4318278.743, 101
Trd, 4318279.293, 95
Trd, 4318279.393, 90
Trd, 4318279.993, 119
Trd, 4318280.643, 100
Trd, 4318281.693, 108
Trd, 4318281.793, 93
Trd, 4318283.093, 89
Trd, 4318284.093, 115
Trd, 4318284.693, 113
Trd, 4318285.843, 114
Trd, 4318285.943, 112
Trd, 4318286.143, 123
Trd, 4318286.743, 103
Trd, 4318288.743, 96
Trd, 4318290.243, 84
Trd, 4318290.393, 75
Trd, 4318290.943, 89
Trd, 4318291.343, 99
Trd, 4318292.193, 112
Trd, 4318292.493, 115
Trd, 4318293.543, 102
Trd, 4318294.143, 83
Trd, 4318295.793, 108
Trd, 4318296.143, 98
Trd, 4318298.143, 124
Trd, 4318298.993, 95
Trd, 4318299.543, 116
Trd, 4318299.743, 127
Trd, 4318300.893, 125
Trd, 4318302.143, 86
Trd, 4318302.293, 118
Trd, 4318302.493, 120
Trd, 4318304.493, 109
Trd, 4318305.193, 95
Trd, 4318305.643, 72
Trd, 4318306.393, 89
Trd, 4318306.943, 135
Trd, 4318308.193, 102
Trd, 4318308.693, 92
Trd, 4318309.193, 116
Trd, 4318310.193, 100
Trd, 4318310.743, 100
Trd, 4318311.743, 96
Trd, 4318311.893, 111
Trd, 4318312.843, 87
Trd, 4318315.743, 131
Trd, 4318315.843, 129
Trd, 4318316.093, 101
Trd, 4318318.393, 109
Trd, 4318319.193, 117
Trd, 4318319.893, 111
Trd, 4318320.093, 106
Trd, 4318321.343, 109
Trd, 4318321.893, 94
Trd, 4318322.443, 73
Trd, 4318322.493, 88
Trd, 4318322.693, 97
Trd, 4318324.643, 119
Trd, 4318325.693, 104
Trd, 4318325.993, 127
Trd, 4318326.193, 90
Trd, 4318327.193, 99
Trd, 4318327.393, 83
Trd, 4318327.643, 86
Trd, 4318329.343, 95
Trd, 4318329.493, 94
Trd, 4318329.743, 87
Trd, 4318330.293, 99
Trd, 4318330.793, 118
Trd, 4318331.493, 88
Trd, 4318332.643, 79
Trd, 4318333.343, 130
Trd, 4318333.493, 126
Trd, 4318334.743, 130
Trd, 4318337.093, 122
Trd, 4318337.193, 121
Trd, 4318337.643, 139
Trd, 4318337.743, 134
Trd, 4318338.193, 75
Trd, 4318338.993, 122
Trd, 4318339.443, 128
Trd, 4318339.893, 131
Trd, 4318341.243, 134
Trd, 4318342.893, 128
Trd, 4318343.243, 108
Trd, 4318344.393, 105
Trd, 4318344.893, 135
Trd, 4318345.243, 119
Trd, 4318345.993, 114
Trd, 4318347.093, 120
Trd, 4318348.593, 114
Trd, 4318348.793, 114
Trd, 4318350.543, 129
Trd, 4318350.593, 80
Trd, 4318350.743, 112
Trd, 4318351.893, 132
Trd, 4318353.193, 89
Trd, 4318353.293, 78
Trd, 4318354.293, 77
Trd, 4318354.793, 135
Trd, 4318355.043, 103
Trd, 4318356.293, 138
Trd, 4318356.993, 122
Trd, 4318359.443, 129
Trd, 4318359.643, 104
Trd, 4318359.893, 98
Trd, 4318360.993, 88
Trd, 4318362.743, 113
Trd, 4318364.893, 78
Trd, 4318364.993, 97
Trd, 4318365.543, 106
Trd, 4318365.593, 92
Trd, 4318367.143, 90
Trd, 4318367.593, 95
Trd, 4318367.793, 100
Trd, 4318369.293, 94
Trd, 4318370.943, 97
Trd, 4318371.243, 100
Trd, 4318371.693, 89
Trd, 4318371.943, 124
Trd, 4318372.993, 80
Trd, 4318373.593, 120
Trd, 4318374.343, 133
Trd, 4318374.393, 117
Trd, 4318375.093, 125
Trd, 4318375.393, 107
Trd, 4318377.543, 77
Trd, 4318378.743, 105
Trd, 4318379.243, 106
Trd, 4318379.343, 102
Trd, 4318379.493, 96
Trd, 4318380.493, 120
Trd, 4318380.993, 111
Trd, 4318381.493, 98
Trd, 4318381.843, 92
Trd, 4318383.043, 127
Trd, 4318384.493, 132
Trd, 4318385.293, 101
Trd, 4318385.443, 91
Trd, 4318387.243, 103
Trd, 4318387.393, 103
Trd, 4318387.743, 107
Trd, 4318388.143, 113
Trd, 4318389.643, 135
Trd, 4318390.043, 133
Trd, 4318390.593, 131
Trd, 4318391.493, 116
Trd, 4318393.093, 114
Trd, 4318393.743, 116
Trd, 4318394.393, 122
Trd, 4318395.993, 123
Trd, 4318396.443, 106
Trd, 4318396.843, 125
Trd, 4318397.993, 90
Trd, 4318398.643, 88
Trd, 4318398.693, 110
Trd, 4318399.043, 82
Trd, 4318400.093, 82
Trd, 4318400.643, 96
Trd, 4318403.043, 106
Trd, 4318403.593, 92
Trd, 4318403.643, 80
Trd, 4318404.643, 88
Trd, 4318405.843, 106
Trd, 4318406.743, 94
Trd, 4318408.243, 98
Trd, 4318408.343, 85
Trd, 4318409.393, 69
Trd, 4318410.143, 89
Trd, 4318410.493, 97
Trd, 4318411.793, 93
Trd, 4318412.293, 111
Trd, 4318413.093, 98
Trd, 4318413.993, 86
Trd, 4318414.093, 81
Trd, 4318414.393, 105
Trd, 4318414.593, 132
Trd, 4318415.493, 92
Trd, 4318416.743, 101
Trd, 4318418.693, 109
Trd, 4318419.393, 98
Trd, 4318420.043, 139
Trd, 4318422.143, 130
Trd, 4318423.443, 114
Trd, 4318423.493, 89
Trd, 4318424.293, 106
Trd, 4318425.093, 110
Trd, 4318425.393, 67
Trd, 4318427.743, 130
Trd, 4318427.943, 105
Trd, 4318428.243, 122
Trd, 4318428.543, 116
Trd, 4318431.793, 101
Trd, 4318432.043, 117
Trd, 4318434.443, 113
Trd, 4318434.493, 92
Trd, 4318434.693, 79
Trd, 4318435.393, 68
Trd, 4318436.943, 99
Trd, 4318437.093, 90
Trd, 4318439.693, 98
Trd, 4318439.893, 96
Trd, 4318441.293, 134
Trd, 4318441.493, 127
Trd, 4318442.543, 131
Trd, 4318443.493, 100
Trd, 4318443.693, 92
Trd, 4318443.793, 91
Trd, 4318445.143, 96
Trd, 4318446.993, 95
Trd, 4318447.093, 90
Trd, 4318447.643, 101
Trd, 4318447.693, 88
Trd, 4318449.493, 111
Trd, 4318450.343, 101
Trd, 4318451.893, 111
Trd, 4318452.093, 119
Trd, 4318452.543, 109
Trd, 4318452.843, 101
Trd, 4318452.893, 92
Trd, 4318453.943, 99
Trd, 4318455.193, 112
Trd, 4318455.243, 106
Trd, 4318456.893, 133
Trd, 4318457.493, 95
Trd, 4318458.543, 111
Trd, 4318458.643, 73
Trd, 4318459.143, 115
Trd, 4318461.343, 92
Trd, 4318461.593, 103
Trd, 4318461.743, 79
Trd, 4318462.693, 96
Trd, 4318464.043, 77
Trd, 4318464.343, 80
Trd, 4318464.543, 107
Trd, 4318465.043, 110
Trd, 4318466.393, 119
Trd, 4318466.493, 96
Trd, 4318467.943, 121
Trd, 4318469.793, 109
Trd, 4318469.843, 88
Trd, 4318470.343, 87
Trd, 4318470.443, 82
Trd, 4318470.743, 122
Trd, 4318471.593, 94
Trd, 4318471.693, 74
Trd, 4318472.893, 88
Trd, 4318473.393, 84
Trd, 4318473.943, 94
Trd, 4318474.893, 92
Trd, 4318475.043, 82
Trd, 4318476.093, 137
Trd, 4318478.143, 99
Trd, 4318479.043, 111
Trd, 4318479.193, 89
Trd, 4318479.343, 81
Trd, 4318480.943, 120
Trd, 4318481.093, 119
Trd, 4318481.243, 103
Trd, 4318483.443, 131
Trd, 4318483.543, 138
Trd, 4318483.693, 117
Trd, 4318484.393, 109
Trd, 4318484.793, 112
Trd, 4318485.643, 108
Trd, 4318485.943, 112
Trd, 4318486.793, 131
Trd, 4318487.043, 119
Trd, 4318487.993, 114
Trd, 4318488.493, 100
Trd, 4318489.293, 107
Trd, 4318490.993, 118
Trd, 4318491.743, 117
Trd, 4318492.143, 121
Trd, 4318492.893, 106
Trd, 4318493.193, 101
Trd, 4318493.743, 99
Trd, 4318494.243, 83
Trd, 4318494.793, 96
Trd, 4318496.393, 120
Trd, 4318497.043, 77
Trd, 4318497.243, 74
Trd, 4318498.043, 102
Trd, 4318499.793, 108
Trd, 4318499.843, 104
Trd, 4318504.043, 102
Trd, 4318505.793, 83
Trd, 4318506.343, 113
Trd, 4318506.543, 122
Trd, 4318507.043, 112
Trd, 4318508.093, 133
Trd, 4318508.793, 114
Trd, 4318509.593, 88
Trd, 4318510.293, 81
Trd, 4318510.343, 110
Trd, 4318510.943, 108
Trd, 4318511.743, 109
Trd, 4318512.643, 110
Trd, 4318512.893, 121
Trd, 4318514.393, 100
Trd, 4318516.843, 104
Trd, 4318517.643, 94
Trd, 4318519.643, 125
Trd, 4318520.893, 112
Trd, 4318521.043, 105
Trd, 4318521.143, 114
Trd, 4318521.893, 140
Trd, 4318522.193, 117
Trd, 4318522.743, 103
Trd, 4318522.993, 94
Trd, 4318523.793, 89
Trd, 4318524.093, 81
Trd, 4318524.793, 100
Trd, 4318527.293, 134
Trd, 4318527.893, 133
Trd, 4318528.843, 110
Trd, 4318529.193, 114
Trd, 4318531.893, 108
Trd, 4318532.343, 124
Trd, 4318532.893, 115
Trd, 4318534.043, 132
Trd, 4318534.193, 114
Trd, 4318535.343, 102
Trd, 4318536.393, 107
Trd, 4318538.043, 112
Trd, 4318538.593, 124
Trd, 4318539.143, 108
Trd, 4318539.193, 105
Trd, 4318540.943, 90
Trd, 4318541.893, 109
Trd, 4318542.343, 135
Trd, 4318543.093, 99
Trd, 4318543.143, 91
Trd, 4318543.293, 112
Trd, 4318544.393, 94
Trd, 4318544.693, 110
Trd, 4318546.393, 97
Trd, 4318547.743, 79
Trd, 4318548.343, 111
Trd, 4318549.643, 100
Trd, 4318550.343, 114
Trd, 4318550.693, 115
Trd, 4318551.093, 110
Trd, 4318551.143, 124
Trd, 4318551.743, 96
Trd, 4318554.343, 135
Trd, 4318555.093, 117
Trd, 4318555.443, 113
Trd, 4318555.643, 109
Trd, 4318555.893, 128
Trd, 4318556.193, 107
Trd, 4318557.743, 109
Trd, 4318557.793, 108
Trd, 4318558.293, 140
Trd, 4318558.343, 108
Trd, 4318559.093, 98
Trd, 4318559.493, 67
Trd, 4318561.743, 113
Trd, 4318564.593, 88
Trd, 4318564.993, 104
Trd, 4318565.243, 89
Trd, 4318565.493, 82
Trd, 4318566.293, 117
Trd, 4318566.543, 73
Trd, 4318567.143, 85
Trd, 4318567.393, 66
Trd, 4318568.293, 86
Trd, 4318568.793, 97
Trd, 4318570.693, 84
Trd, 4318571.093, 87
Trd, 4318572.843, 88
Trd, 4318572.893, 108
Trd, 4318572.993, 70
Trd, 4318573.943, 137
Trd, 4318574.243, 116
Trd, 4318575.093, 105
Trd, 4318575.393, 69
Trd, 4318576.093, 92
Trd, 4318577.043, 74
Trd, 4318577.543, 82
Trd, 4318577.643, 83
Trd, 4318578.943, 69
Trd, 4318579.543, 139
Trd, 4318580.343, 139
Trd, 4318581.543, 127
Trd, 4318581.643, 106
Trd, 4318582.793, 126
Trd, 4318582.943, 128
Trd, 4318584.793, 128
Trd, 4318585.443, 110
Trd, 4318585.593, 104
Trd, 4318585.993, 93
Trd, 4318586.493, 119
Trd, 4318588.593, 84
Trd, 4318589.193, 77
Trd, 4318590.093, 102
Trd, 4318591.393, 111
Trd, 4318593.493, 128
Trd, 4318594.193, 108
Trd, 4318594.993, 105
Trd, 4318595.393, 129
Trd, 4318596.393, 124
Trd, 4318596.443, 97
Trd, 4318598.293, 140
Trd, 4318598.393, 133
Trd, 4318599.343, 101
Trd, 4318600.843, 84
Trd, 4318602.343, 114
Trd, 4318603.743, 135
Trd, 4318604.543, 131
Trd, 4318605.293, 125
Trd, 4318605.843, 122
Trd, 4318608.393, 111
Trd, 4318608.793, 135
Trd, 4318608.993, 122
Trd, 4318609.543, 102
Trd, 4318610.693, 101
Trd, 4318612.643, 110
Trd, 4318612.993, 99
Trd, 4318613.493, 134
Trd, 4318613.543, 115
Trd, 4318616.543, 71
Trd, 4318617.843, 74
Trd, 4318618.643, 79
Trd, 4318619.443, 82
Trd, 4318619.593, 95
Trd, 4318619.843, 103
Trd, 4318621.393, 84
Trd, 4318621.943, 90
Trd, 4318622.793, 97
Trd, 4318622.893, 90
Trd, 4318623.943, 63
Trd, 4318624.043, 94
Trd, 4318625.593, 137
Trd, 4318626.893, 134
Trd, 4318627.093, 108
Trd, 4318627.443, 131
Trd, 4318628.293, 120
Trd, 4318628.393, 104
Trd, 4318628.643, 135
Trd, 4318628.743, 94
Trd, 4318629.043, 110
Trd, 4318630.993, 94
Trd, 4318631.643, 105
Trd, 4318631.743, 80
Trd, 4318633.343, 114
Trd, 4318633.493, 93
Trd, 4318634.643, 133
Trd, 4318634.743, 102
Trd, 4318636.193, 132
Trd, 4318636.543, 133
Trd, 4318637.193, 124
Trd, 4318640.243, 112
Trd, 4318640.893, 127
Trd, 4318641.193, 122
Trd, 4318641.593, 105
Trd, 4318642.093, 129
Trd, 4318644.793, 131
Trd, 4318644.943, 119
Trd, 4318645.693, 131
Trd, 4318646.143, 139
Trd, 4318646.543, 101
Trd, 4318647.443, 114
Trd, 4318649.143, 92
Trd, 4318649.193, 83
Trd, 4318649.643, 105
Trd, 4318650.293, 81
Trd, 4318652.043, 116
Trd, 4318652.443, 82
Trd, 4318653.343, 99
Trd, 4318654.943, 108
Trd, 4318655.443, 127
Trd, 4318655.693, 136
Trd, 4318656.293, 63
Trd, 4318657.393, 72
Trd, 4318659.343, 99
Trd, 4318659.843, 133
Trd, 4318659.993, 134
Trd, 4318661.393, 83
Trd, 4318662.343, 113
Trd, 4318662.493, 121
Trd, 4318663.193, 90
Trd, 4318663.543, 82
Trd, 4318663.793, 89
Trd, 4318664.093, 85
Trd, 4318665.043, 117
Trd, 4318666.993, 75
Trd, 4318667.393, 75
Trd, 4318667.443, 92
Trd, 4318668.143, 96
Trd, 4318669.443, 91
Trd, 4318669.593, 62
Trd, 4318670.593, 97
Trd, 4318671.443, 128
Trd, 4318673.793, 119
Trd, 4318673.893, 106
Trd, 4318674.243, 108
Trd, 4318674.993, 98
Trd, 4318675.893, 125
Trd, 4318676.793, 104
Trd, 4318676.943, 104
Trd, 4318677.743, 106
Trd, 4318677.943, 112
Trd, 4318678.043, 102
Trd, 4318679.643, 109
Trd, 4318679.793, 109
Trd, 4318680.643, 83
Trd, 4318681.193, 128
Trd, 4318682.243, 122
Trd, 4318683.343, 91
Trd, 4318684.293, 111
Trd, 4318684.343, 86
Trd, 4318684.393, 116
Trd, 4318684.993, 105
Trd, 4318685.493, 94
Trd, 4318685.643, 82
Trd, 4318686.493, 72
Trd, 4318687.743, 64
Trd, 4318688.193, 91
Trd, 4318689.493, 109
Trd, 4318690.793, 85
Trd, 4318691.143, 135
Trd, 4318692.493, 113
Trd, 4318693.393, 88
Trd, 4318694.893, 97
Trd, 4318694.993, 112
Trd, 4318695.993, 91
Trd, 4318696.443, 77
Trd, 4318697.443, 73
Trd, 4318697.543, 81
Trd, 4318699.043, 109
Trd, 4318699.643, 106
Trd, 4318699.993, 120
Trd, 4318701.793, 104
Trd, 4318703.643, 129
Trd, 4318703.993, 132
Trd, 4318704.793, 112
Trd, 4318705.093, 107
Trd, 4318705.343, 97
Trd, 4318705.393, 117
Trd, 4318706.643, 102
Trd, 4318707.243, 113
Trd, 4318707.293, 62
Trd, 4318709.093, 125
Trd, 4318710.343, 128
Trd, 4318710.393, 117
Trd, 4318710.443, 113
Trd, 4318710.593, 102
Trd, 4318712.843, 101
Trd, 4318713.843, 66
Trd, 4318714.093, 69
Trd, 4318716.143, 124
Trd, 4318717.993, 116
Trd, 4318718.493, 100
Trd, 4318718.843, 111
Trd, 4318719.543, 132
Trd, 4318720.043, 120
Trd, 4318720.643, 103
Trd, 4318720.943, 103
Trd, 4318721.943, 108
Trd, 4318723.393, 104
Trd, 4318723.643, 90
Trd, 4318723.993, 105
Trd, 4318724.243, 114
Trd, 4318725.193, 79
Trd, 4318725.443, 113
Trd, 4318725.893, 75
Trd, 4318726.393, 134
Trd, 4318726.743, 89
Trd, 4318728.043, 120
Trd, 4318729.493, 134
Trd, 4318730.343, 118
Trd, 4318731.893, 128
Trd, 4318733.043, 103
Trd, 4318734.043, 108
Trd, 4318734.643, 115
Trd, 4318734.843, 99
Trd, 4318735.543, 98
Trd, 4318735.793, 95
Trd, 4318737.143, 111
Trd, 4318737.393, 129
Trd, 4318738.393, 102
Trd, 4318738.843, 114
Trd, 4318739.793, 137
Trd, 4318742.193, 127
Trd, 4318742.593, 99
Trd, 4318742.893, 105
Trd, 4318744.093, 103
Trd, 4318745.193, 132
Trd, 4318746.643, 110
Trd, 4318746.793, 106
Trd, 4318746.893, 118
Trd, 4318749.243, 102
Trd, 4318749.543, 94
Trd, 4318749.943, 119
Trd, 4318750.693, 84
Trd, 4318750.893, 81
Trd, 4318751.643, 93
Trd, 4318751.743, 80
Trd, 4318752.793, 101
Trd, 4318753.893, 129
Trd, 4318753.993, 114
Trd, 4318754.393, 72
Trd, 4318754.993, 124
Trd, 4318756.243, 96
Trd, 4318757.643, 99
Trd, 4318758.293, 117
Trd, 4318758.643, 138
Trd, 4318759.393, 105
Trd, 4318760.043, 76
Trd, 4318761.443, 125
Trd, 4318762.193, 99
Trd, 4318762.893, 129
Trd, 4318763.493, 69
Trd, 4318764.643, 108
Trd, 4318765.043, 88
Trd, 4318765.493, 116
Trd, 4318765.793, 97
Trd, 4318766.643, 80
Trd, 4318769.343, 125
Trd, 4318769.443, 104
Trd, 4318770.143, 127
Trd, 4318770.443, 140
Trd, 4318770.893, 113
Trd, 4318772.693, 107
Trd, 4318772.793, 95
Trd, 4318775.993, 94
Trd, 4318776.643, 90
Trd, 4318777.193, 107
Trd, 4318778.293, 131
Trd, 4318778.343, 119
Trd, 4318779.193, 111
Trd, 4318779.943, 110
Trd, 4318780.193, 85
Trd, 4318780.343, 92
Trd, 4318780.893, 87
Trd, 4318781.943, 113
Trd, 4318783.343, 109
Trd, 4318783.693, 100
Trd, 4318784.493, 133
Trd, 4318787.393, 97
Trd, 4318787.493, 138
Trd, 4318788.443, 117
Trd, 4318789.793, 105
Trd, 4318789.943, 103
Trd, 4318790.643, 91
Trd, 4318791.093, 74
Trd, 4318791.343, 100
Trd, 4318791.643, 73
Trd, 4318792.143, 61
Trd, 4318795.443, 130
Trd, 4318795.643, 123
Trd, 4318795.843, 122
Trd, 4318796.243, 140
Trd, 4318796.393, 109
Trd, 4318796.793, 124
Trd, 4318796.893, 106
Trd, 4318798.643, 107
Trd, 4318799.293, 106
Trd, 4318800.593, 116
Trd, 4318801.393, 103
Trd, 4318802.993, 91
Trd, 4318804.443, 104
Trd, 4318804.893, 101
Trd, 4318805.093, 138
Trd, 4318805.743, 114
Trd, 4318807.293, 120
Trd, 4318807.693, 106
Trd, 4318809.243, 102
Trd, 4318811.493, 121
Trd, 4318813.393, 134
Trd, 4318813.643, 138
Trd, 4318814.043, 124
Trd, 4318816.443, 105
Trd, 4318816.893, 127
Trd, 4318817.343, 137
Trd, 4318817.843, 112
Trd, 4318819.643, 130
Trd, 4318821.343, 121
Trd, 4318821.543, 117
Trd, 4318822.393, 111
Trd, 4318822.543, 86
Trd, 4318823.193, 94
Trd, 4318823.943, 115
Trd, 4318824.393, 111
Trd, 4318824.593, 105
Trd, 4318824.743, 128
Trd, 4318824.793, 102
Trd, 4318828.243, 83
Trd, 4318828.543, 82
Trd, 4318829.943, 72
Trd, 4318830.743, 86
Trd, 4318831.943, 92
Trd, 4318832.243, 102
Trd, 4318832.893, 101
Trd, 4318834.793, 140
Trd, 4318837.243, 110
Trd, 4318837.593, 84
Trd, 4318838.393, 83
Trd, 4318838.743, 83
Trd, 4318838.893, 81
Trd, 4318838.993, 90
Trd, 4318840.043, 132
Trd, 4318840.543, 115
Trd, 4318840.943, 136
Trd, 4318841.093, 96
Trd, 4318845.093, 113
Trd, 4318845.243, 108
Trd, 4318846.093, 100
Trd, 4318847.343, 130
Trd, 4318847.393, 96
Trd, 4318847.793, 101
Trd, 4318849.093, 119
Trd, 4318850.093, 122
Trd, 4318850.593, 121
Trd, 4318851.343, 107
Trd, 4318851.543, 76
Trd, 4318852.343, 94
Trd, 4318852.443, 118
Trd, 4318853.543, 97
Trd, 4318853.893, 89
Trd, 4318854.793, 84
Trd, 4318856.143, 73
Trd, 4318857.943, 102
Trd, 4318858.693, 105
Trd, 4318859.143, 124
Trd, 4318859.843, 115
Trd, 4318861.393, 103
Trd, 4318862.793, 91
Trd, 4318863.193, 125
Trd, 4318864.443, 129
Trd, 4318864.743, 113
Trd, 4318865.943, 111
Trd, 4318866.093, 105
Trd, 4318866.593, 92
Trd, 4318867.693, 118
Trd, 4318867.893, 105
Trd, 4318868.443, 110
Trd, 4318868.693, 121
Trd, 4318870.593, 108
Trd, 4318871.443, 92
Trd, 4318871.793, 100
Trd, 4318872.493, 134
Trd, 4318872.943, 118
Trd, 4318874.893, 128
Trd, 4318874.993, 85
Trd, 4318876.043, 93
Trd, 4318876.493, 109
Trd, 4318876.843, 96
Trd, 4318877.993, 99
Trd, 4318878.293, 100
Trd, 4318879.593, 101
Trd, 4318879.943, 101
Trd, 4318880.493, 93
Trd, 4318881.593, 102
Trd, 4318883.543, 134
Trd, 4318885.093, 76
Trd, 4318885.143, 91
Trd, 4318885.643, 117
Trd, 4318886.193, 78
Trd, 4318886.493, 122
Trd, 4318886.593, 113
Trd, 4318889.593, 109
Trd, 4318889.793, 94
Trd, 4318890.043, 121
Trd, 4318892.593, 118
Trd, 4318892.893, 112
Trd, 4318892.993, 124
Trd, 4318893.043, 95
Trd, 4318893.793, 132
Trd, 4318894.193, 92
Trd, 4318895.493, 120
Trd, 4318896.493, 98
Trd, 4318897.343, 107
Trd, 4318898.293, 108
Trd, 4318898.693, 85
Trd, 4318898.943, 79
Trd, 4318899.793, 90
Trd, 4318901.043, 74
Trd, 4318901.543, 73
Trd, 4318902.293, 74
Trd, 4318902.793, 107
Trd, 4318903.143, 77
Trd, 4318903.543, 69
Trd, 4318903.893, 69
Trd, 4318905.593, 70
Trd, 4318905.893, 94
Trd, 4318906.443, 137
Trd, 4318907.693, 118
Trd, 4318908.243, 113
Trd, 4318908.643, 97
Trd, 4318909.093, 97
Trd, 4318909.643, 118
Trd, 4318909.943, 95
Trd, 4318910.193, 86
Trd, 4318912.043, 109
Trd, 4318912.293, 102
Trd, 4318913.993, 117
Trd, 4318914.593, 113
Trd, 4318915.193, 111
Trd, 4318915.543, 94
Trd, 4318916.343, 92
Trd, 4318916.593, 85
Trd, 4318916.743, 94
Trd, 4318918.743, 81
Trd, 4318918.793, 97
Trd, 4318920.343, 111
Trd, 4318920.593, 122
Trd, 4318922.093, 129
Trd, 4318922.193, 104
Trd, 4318922.943, 101
Trd, 4318924.893, 78
Trd, 4318925.693, 74
Trd, 4318926.243, 80
Trd, 4318927.743, 99
Trd, 4318927.993, 104
Trd, 4318928.143, 90
Trd, 4318928.193, 105
Trd, 4318928.843, 72
Trd, 4318929.343, 113
Trd, 4318930.143, 97
Trd, 4318930.693, 91
Trd, 4318931.843, 89
Trd, 4318932.393, 99
Trd, 4318932.943, 74
Trd, 4318933.043, 74
Trd, 4318934.243, 81
Trd, 4318935.243, 105
Trd, 4318935.443, 106
Trd, 4318936.293, 132
Trd, 4318936.393, 112
Trd, 4318938.693, 126
Trd, 4318939.043, 117
Trd, 4318940.343, 126
Trd, 4318941.643, 95
Trd, 4318942.043, 84
Trd, 4318942.293, 82
Trd, 4318942.593, 96
Trd, 4318942.893, 108
Trd, 4318943.893, 131
Trd, 4318944.243, 121
Trd, 4318944.543, 139
Trd, 4318944.743, 92
Trd, 4318946.093, 108
Trd, 4318947.193, 101
Trd, 4318948.993, 94
Trd, 4318949.943, 96
Trd, 4318951.343, 124
Trd, 4318953.443, 105
Trd, 4318953.893, 122
Trd, 4318953.993, 113
Trd, 4318954.493, 89
Trd, 4318955.043, 97
Trd, 4318955.593, 70
Trd, 4318956.043, 80
Trd, 4318956.343, 123
Trd, 4318956.593, 69
Trd, 4318957.993, 65
Trd, 4318959.493, 120
Trd, 4318959.593, 125
Trd, 4318959.793, 119
Trd, 4318961.243, 121
Trd, 4318962.193, 89
Trd, 4318963.093, 84
Trd, 4318963.993, 94
Trd, 4318964.593, 116
Trd, 4318964.793, 96
Trd, 4318965.543, 109
Trd, 4318966.993, 139
Trd, 4318967.393, 137
Trd, 4318968.593, 104
Trd, 4318969.793, 104
Trd, 4318969.843, 105
Trd, 4318970.193, 84
Trd, 4318971.843, 98
Trd, 4318972.093, 88
Trd, 4318975.093, 106
Trd, 4318975.143, 99
Trd, 4318975.543, 124
Trd, 4318975.943, 119
Trd, 4318976.893, 107
Trd, 4318978.043, 110
Trd, 4318978.593, 108
Trd, 4318978.993, 96
Trd, 4318979.443, 130
Trd, 4318980.343, 135
Trd, 4318981.393, 109
Trd, 4318983.193, 133
Trd, 4318983.543, 100
Trd, 4318985.093, 112
Trd, 4318985.143, 101
Trd, 4318987.143, 79
Trd, 4318987.243, 116
Trd, 4318988.493, 115
Trd, 4318988.643, 83
Trd, 4318989.143, 74
Trd, 4318989.393, 67
Trd, 4318991.093, 68
Trd, 4318991.443, 116
Trd, 4318993.943, 119
Trd, 4318994.993, 124
Trd, 4318995.343, 105
Trd, 4318995.993, 97
Trd, 4318997.643, 95
Trd, 4318998.293, 93
Trd, 4318998.593, 83
Trd, 4318999.493, 95
Trd, 4318999.743, 123
Trd, 4319000.143, 140
Trd, 4319000.643, 131
Trd, 4319001.293, 62
Trd, 4319002.793, 84
Trd, 4319002.993, 82
Trd, 4319003.243, 107
Trd, 4319004.993, 128
Trd, 4319005.793, 131
Trd, 4319005.843, 114
Trd, 4319006.593, 94
Trd, 4319007.093, 119
Trd, 4319007.543, 103
Trd, 4319008.543, 130
Trd, 4319010.043, 96
Trd, 4319010.693, 77
Trd, 4319011.043, 75
Trd, 4319011.293, 71
Trd, 4319012.043, 65
Trd, 4319012.293, 104
Trd, 4319012.543, 71
Trd, 4319014.843, 90
Trd, 4319016.543, 121
Trd, 4319018.243, 114
Trd, 4319018.843, 80
Trd, 4319019.143, 98
Trd, 4319019.743, 91
Trd, 4319019.793, 110
Trd, 4319020.143, 107
Trd, 4319020.493, 116
Trd, 4319021.543, 86
Trd, 4319022.043, 79
Trd, 4319022.693, 103
Trd, 4319022.943, 106
Trd, 4319023.643, 96
Trd, 4319024.693, 84
Trd, 4319025.343, 75
Trd, 4319027.293, 107
Trd, 4319028.443, 83
Trd, 4319029.143, 86
Trd, 4319029.593, 69
Trd, 4319030.043, 82
Trd, 4319030.293, 96
Trd, 4319030.593, 65
Trd, 4319032.943, 94
Trd, 4319033.943, 97
Trd, 4319034.243, 127
Trd, 4319035.043, 132
Trd, 4319036.793, 120
Trd, 4319037.943, 129
Trd, 4319038.793, 78
Trd, 4319040.443, 76
Trd, 4319042.193, 83
Trd, 4319042.293, 106
Trd, 4319042.593, 79
Trd, 4319042.893, 69
Trd, 4319043.493, 114
Trd, 4319044.093, 123
Trd, 4319044.143, 111
Trd, 4319045.843, 136
Trd, 4319046.543, 108
Trd, 4319046.843, 112
Trd, 4319049.143, 117
Trd, 4319049.543, 82
Trd, 4319049.893, 118
Trd, 4319050.393, 119
Trd, 4319051.793, 129
Trd, 4319051.993, 114
Trd, 4319052.543, 115
Trd, 4319053.043, 103
Trd, 4319053.143, 93
Trd, 4319053.593, 91
Trd, 4319055.043, 60
Trd, 4319055.993, 100
Trd, 4319056.293, 76
Trd, 4319056.393, 92
Trd, 4319057.043, 122
Trd, 4319058.143, 140
Trd, 4319058.793, 138
Trd, 4319059.193, 94
Trd, 4319060.643, 117
Trd, 4319061.593, 138
Trd, 4319061.893, 96
Trd, 4319063.643, 110
Trd, 4319063.843, 109
Trd, 4319064.493, 105
Trd, 4319065.343, 89
Trd, 4319066.143, 82
Trd, 4319067.043, 105
Trd, 4319067.893, 132
Trd, 4319067.993, 103
Trd, 4319069.693, 107
Trd, 4319071.943, 136
Trd, 4319072.043, 113
Trd, 4319072.093, 97
Trd, 4319072.443, 101
Trd, 4319073.143, 121
Trd, 4319073.293, 106
Trd, 4319073.593, 109
Trd, 4319074.293, 85
Trd, 4319075.093, 138
Trd, 4319075.643, 104
Trd, 4319076.393, 108
Trd, 4319077.643, 117
Trd, 4319077.993, 113
Trd, 4319078.493, 119
Trd, 4319079.093, 132
Trd, 4319079.243, 112
Trd, 4319080.943, 123
Trd, 4319081.593, 111
Trd, 4319083.143, 94
Trd, 4319084.393, 113
Trd, 4319084.843, 110
Trd, 4319084.893, 109
Trd, 4319086.243, 119
Trd, 4319086.293, 90
Trd, 4319088.293, 73
Trd, 4319088.793, 83
Trd, 4319088.843, 72
Trd, 4319089.193, 83
Trd, 4319090.193, 95
Trd, 4319090.293, 82
Trd, 4319091.043, 80
Trd, 4319091.293, 84
Trd, 4319092.893, 96
Trd, 4319092.993, 87
Trd, 4319094.043, 114
Trd, 4319094.743, 126
Trd, 4319095.893, 120
Trd, 4319096.943, 108
Trd, 4319097.093, 102
Trd, 4319097.293, 91
Trd, 4319098.143, 105
Trd, 4319099.293, 101
Trd, 4319100.393, 122
Trd, 4319100.793, 83
Trd, 4319101.443, 104
Trd, 4319102.093, 136
Trd, 4319102.643, 138
Trd, 4319102.993, 130
Trd, 4319103.443, 103
Trd, 4319104.993, 97
Trd, 4319106.093, 106
Trd, 4319106.793, 117
Trd, 4319107.993, 102
Trd, 4319108.293, 119
Trd, 4319108.793, 94
Trd, 4319109.393, 110
Trd, 4319110.593, 110
Trd, 4319110.643, 72
Trd, 4319111.793, 87
Trd, 4319112.393, 76
Trd, 4319112.643, 129
Trd, 4319114.543, 106
Trd, 4319114.793, 105
Trd, 4319116.393, 112
Trd, 4319116.443, 111
Trd, 4319116.493, 99
Trd, 4319117.093, 101
Trd, 4319117.193, 105
Trd, 4319118.643, 138
Trd, 4319118.743, 92
Trd, 4319118.893, 82
Trd, 4319120.143, 95
Trd, 4319121.393, 105
Trd, 4319121.943, 94
Trd, 4319122.093, 80
Trd, 4319124.193, 130
Trd, 4319125.143, 121
Trd, 4319125.293, 115
Trd, 4319126.193, 102
Trd, 4319126.493, 105
Trd, 4319127.793, 116
Trd, 4319127.943, 100
Trd, 4319128.543, 123
Trd, 4319128.843, 130
Trd, 4319129.743, 92
Trd, 4319130.793, 88
Trd, 4319132.343, 124
Trd, 4319132.443, 126
Trd, 4319132.643, 122
Trd, 4319133.143, 100
Trd, 4319133.593, 98
Trd, 4319134.843, 96
Trd, 4319135.493, 91
Trd, 4319137.093, 112
Trd, 4319137.393, 112
Trd, 4319138.093, 122
Trd, 4319139.243, 76
Trd, 4319140.093, 112
Trd, 4319140.693, 90
Trd, 4319141.043, 93
Trd, 4319142.043, 113
Trd, 4319142.343, 93
Trd, 4319143.193, 71
Trd, 4319143.343, 66
Trd, 4319144.043, 77
Trd, 4319145.343, 106
Trd, 4319145.843, 88
Trd, 4319146.743, 116
Trd, 4319147.393, 107
Trd, 4319147.793, 96
Trd, 4319148.143, 79
Trd, 4319150.443, 137
Trd, 4319150.843, 107
Trd, 4319151.293, 129
Trd, 4319151.443, 107
Trd, 4319151.593, 96
Trd, 4319151.893, 90
Trd, 4319152.843, 121
Trd, 4319153.693, 106
Trd, 4319154.043, 92
Trd, 4319154.843, 123
Trd, 4319154.943, 90
Trd, 4319156.143, 82
Trd, 4319156.343, 92
Trd, 4319157.443, 105
Trd, 4319159.093, 120
Trd, 4319160.143, 119
Trd, 4319160.543, 128
Trd, 4319160.893, 120
Trd, 4319160.993, 97
Trd, 4319161.843, 92
Trd, 4319162.343, 82
Trd, 4319162.643, 83
Trd, 4319165.843, 92
Trd, 4319166.393, 131
Trd, 4319167.443, 103
Trd, 4319167.693, 97
Trd, 4319168.443, 121
Trd, 4319168.993, 88
Trd, 4319170.743, 107
Trd, 4319172.093, 114
Trd, 4319172.293, 108
Trd, 4319172.893, 100
Trd, 4319173.043, 90
Trd, 4319173.693, 125
Trd, 4319173.893, 69
Trd, 4319174.343, 80
Trd, 4319174.493, 78
Trd, 4319176.793, 69
Trd, 4319178.343, 67
Trd, 4319179.143, 96
Trd, 4319179.843, 102
Trd, 4319180.393, 87
Trd, 4319181.293, 61
Trd, 4319181.543, 66
Trd, 4319182.393, 86
Trd, 4319183.843, 94
Trd, 4319184.693, 120
Trd, 4319185.193, 70
Trd, 4319185.493, 127
Trd, 4319186.443, 108
Trd, 4319188.643, 134
Trd, 4319188.693, 123
Trd, 4319189.043, 104
Trd, 4319189.443, 90
Trd, 4319189.943, 120
Trd, 4319190.543, 101
Trd, 4319190.943, 67
Trd, 4319191.243, 75
Trd, 4319191.943, 97
Trd, 4319193.493, 78
Trd, 4319194.193, 111
Trd, 4319194.543, 74
Trd, 4319196.743, 70
Trd, 4319197.493, 133
Trd, 4319198.943, 127
Trd, 4319199.293, 113
Trd, 4319199.793, 108
Trd, 4319200.693, 99
Trd, 4319201.043, 98
Trd, 4319201.793, 127
Trd, 4319203.043, 104
Trd, 4319204.193, 97
Trd, 4319204.993, 121
Trd, 4319205.743, 103
Trd, 4319207.343, 139
Trd, 4319207.743, 115
Trd, 4319209.043, 92
Trd, 4319210.693, 89
Trd, 4319210.893, 102
Trd, 4319211.193, 115
Trd, 4319211.443, 109
Trd, 4319211.993, 118
Trd, 4319214.893, 121
Trd, 4319215.243, 105
Trd, 4319215.543, 89
Trd, 4319216.443, 91
Trd, 4319217.893, 130
Trd, 4319218.993, 92
Trd, 4319219.793, 89
Trd, 4319219.993, 88
Trd, 4319220.643, 111
Trd, 4319221.743, 91
Trd, 4319222.943, 86
Trd, 4319223.893, 111
Trd, 4319224.193, 93
Trd, 4319225.843, 100
Trd, 4319226.343, 91
Trd, 4319228.043, 124
Trd, 4319229.043, 80
Trd, 4319229.343, 73
Trd, 4319230.493, 89
Trd, 4319230.893, 82
Trd, 4319231.493, 131
Trd, 4319232.093, 105
Trd, 4319232.843, 109
Trd, 4319232.893, 98
Trd, 4319233.543, 94
Trd, 4319234.843, 115
Trd, 4319235.543, 87
Trd, 4319235.593, 76
Trd, 4319235.793, 101
Trd, 4319236.643, 106
Trd, 4319237.593, 117
Trd, 4319237.793, 116
Trd, 4319238.893, 94
Trd, 4319239.993, 121
Trd, 4319240.693, 90
Trd, 4319240.843, 107
Trd, 4319241.743, 107
Trd, 4319245.693, 98
Trd, 4319245.793, 94
Trd, 4319246.393, 118
Trd, 4319248.293, 110
Trd, 4319248.543, 92
Trd, 4319249.343, 77
Trd, 4319251.293, 94
Trd, 4319251.493, 87
Trd, 4319251.793, 108
Trd, 4319252.293, 118
Trd, 4319253.793, 96
Trd, 4319255.043, 127
Trd, 4319255.243, 111
Trd, 4319255.493, 108
Trd, 4319256.093, 101
Trd, 4319256.493, 120
Trd, 4319258.493, 102
Trd, 4319259.193, 114
Trd, 4319259.543, 83
Trd, 4319260.243, 98
Trd, 4319261.143, 81
Trd, 4319263.643, 110
Trd, 4319263.693, 94
Trd, 4319265.593, 94
Trd, 4319265.943, 123
Trd, 4319267.943, 137
Trd, 4319268.043, 125
Trd, 4319268.243, 90
Trd, 4319269.143, 117
Trd, 4319270.743, 108
Trd, 4319271.493, 101
Trd, 4319271.593, 95
Trd, 4319272.043, 107
Trd, 4319272.493, 101
Trd, 4319273.193, 96
Trd, 4319274.143, 75
Trd, 4319274.743, 88
Trd, 4319275.243, 85
Trd, 4319275.743, 77
Trd, 4319277.993, 103
Trd, 4319279.643, 124
Trd, 4319279.793, 116
Trd, 4319280.143, 101
Trd, 4319281.793, 98
Trd, 4319282.793, 112
Trd, 4319282.943, 98
Trd, 4319283.243, 103
Trd, 4319284.443, 110
Trd, 4319285.893, 98
Trd, 4319286.843, 81
Trd, 4319288.043, 124
Trd, 4319289.043, 133
Trd, 4319289.293, 84
Trd, 4319290.643, 96
Trd, 4319291.343, 110
Trd, 4319291.693, 133
Trd, 4319292.143, 84
Trd, 4319292.843, 88
Trd, 4319293.493, 86
Trd, 4319295.093, 108
Trd, 4319296.143, 96
Trd, 4319296.493, 106
Trd, 4319297.243, 68
Trd, 4319297.393, 109
Trd, 4319297.843, 82
Trd, 4319298.843, 126
Trd, 4319300.593, 130
Trd, 4319300.693, 112
Trd, 4319300.843, 102
Trd, 4319302.543, 116
Trd, 4319302.693, 115
Trd, 4319303.193, 128
Trd, 4319303.743, 110
Trd, 4319305.993, 126
Trd, 4319306.393, 115
Trd, 4319307.143, 108
Trd, 4319307.793, 119
Trd, 4319308.543, 108
Trd, 4319309.143, 92
Trd, 4319309.843, 80
Trd, 4319310.143, 77
Trd, 4319310.843, 122
Trd, 4319311.543, 77
Trd, 4319314.443, 99
Trd, 4319314.943, 100
Trd, 4319315.443, 134
Trd, 4319315.893, 99
Trd, 4319316.643, 118
Trd, 4319316.743, 113
Trd, 4319316.893, 110
Trd, 4319317.193, 95
Trd, 4319317.593, 71
Trd, 4319318.393, 131
Trd, 4319319.243, 75
Trd, 4319320.293, 121
Trd, 4319322.043, 123
Trd, 4319322.543, 113
Trd, 4319323.593, 127
Trd, 4319324.593, 122
Trd, 4319324.793, 107
Trd, 4319325.243, 96
Trd, 4319325.293, 103
Trd, 4319325.993, 117
Trd, 4319326.743, 91
Trd, 4319327.193, 110
Trd, 4319328.143, 94
Trd, 4319328.343, 78
Trd, 4319328.393, 79
Trd, 4319328.743, 100
Trd, 4319331.493, 82
Trd, 4319333.043, 116
Trd, 4319334.343, 134
Trd, 4319334.393, 97
Trd, 4319334.843, 107
Trd, 4319335.143, 113
Trd, 4319335.793, 91
Trd, 4319335.843, 94
Trd, 4319336.243, 131
Trd, 4319337.543, 109
Trd, 4319338.193, 100
Trd, 4319338.343, 71
Trd, 4319338.993, 88
Trd, 4319339.593, 96
Trd, 4319341.893, 134
Trd, 4319342.393, 117
Trd, 4319342.993, 113
Trd, 4319343.293, 101
Trd, 4319343.843, 82
Trd, 4319344.493, 79
Trd, 4319344.693, 101
Trd, 4319345.093, 96
Trd, 4319347.143, 114
Trd, 4319347.743, 107
Trd, 4319349.393, 99
Trd, 4319349.643, 114
Trd, 4319352.043, 126
Trd, 4319352.493, 112
Trd, 4319352.793, 92
Trd, 4319353.493, 64
Trd, 4319354.193, 115
Trd, 4319354.443, 88
Trd, 4319355.293, 119
Trd, 4319356.643, 125
Trd, 4319357.293, 114
Trd, 4319358.243, 99
Trd, 4319358.943, 69
Trd, 4319359.943, 110
Trd, 4319360.443, 110
Trd, 4319361.343, 96
Trd, 4319361.493, 98
Trd, 4319361.643, 107
Trd, 4319363.093, 113
Trd, 4319363.693, 107
Trd, 4319364.943, 69
Trd, 4319365.893, 104
Trd, 4319366.193, 90
Trd, 4319366.943, 100
Trd, 4319367.193, 111
Trd, 4319368.193, 98
Trd, 4319368.693, 88
Trd, 4319368.893, 79
Trd, 4319368.993, 129
Trd, 4319369.693, 130
Trd, 4319370.343, 97
Trd, 4319370.393, 88
Trd, 4319371.543, 74
Trd, 4319373.043, 76
Trd, 4319373.693, 114
Trd, 4319373.743, 90
Trd, 4319374.943, 112
Trd, 4319375.643, 110
Trd, 4319375.793, 117
Trd, 4319376.343, 90
Trd, 4319377.243, 125
Trd, 4319378.843, 107
Trd, 4319380.243, 131
Trd, 4319380.393, 96
Trd, 4319382.343, 105
Trd, 4319383.343, 124
Trd, 4319383.893, 100
Trd, 4319384.743, 114
Trd, 4319385.093, 100
Trd, 4319385.593, 124
Trd, 4319386.143, 95
Trd, 4319387.093, 113
Trd, 4319388.043, 92
Trd, 4319389.293, 96
Trd, 4319389.343, 91
Trd, 4319391.293, 112
Trd, 4319392.493, 85
Trd, 4319392.893, 84
Trd, 4319394.293, 113
Trd, 4319394.943, 98
Trd, 4319395.643, 63
Trd, 4319396.693, 122
Trd, 4319397.793, 119
Trd, 4319397.943, 110
Trd, 4319399.243, 95
Trd, 4319401.143, 140
Trd, 4319401.393, 107
Trd, 4319401.993, 96
Trd, 4319402.443, 68
Trd, 4319403.743, 64
Trd, 4319404.393, 118
Trd, 4319405.143, 105
Trd, 4319406.243, 89
Trd, 4319406.643, 82
Trd, 4319407.643, 128
Trd, 4319408.143, 110
Trd, 4319409.593, 138
Trd, 4319409.993, 101
Trd, 4319410.643, 135
Trd, 4319410.843, 96
Trd, 4319411.693, 123
Trd, 4319412.493, 111
Trd, 4319412.743, 122
Trd, 4319413.443, 95
Trd, 4319414.193, 138
Trd, 4319414.293, 105
Trd, 4319415.993, 129
Trd, 4319417.143, 90
Trd, 4319417.343, 119
Trd, 4319417.593, 79
Trd, 4319418.043, 105
Trd, 4319418.993, 78
Trd, 4319419.893, 85
Trd, 4319420.793, 122
Trd, 4319422.093, 131
Trd, 4319422.893, 87
Trd, 4319423.043, 77
Trd, 4319423.943, 75
Trd, 4319424.693, 120
Trd, 4319424.793, 85
Trd, 4319425.493, 72
Trd, 4319426.643, 111
Trd, 4319427.193, 103
Trd, 4319428.843, 62
Trd, 4319430.593, 75
Trd, 4319430.793, 65
Trd, 4319431.343, 73
Trd, 4319431.743, 110
Trd, 4319432.093, 98
Trd, 4319432.943, 65
Trd, 4319434.293, 101
Trd, 4319434.443, 91
Trd, 4319436.593, 72
Trd, 4319436.943, 69
Trd, 4319437.493, 137
Trd, 4319438.043, 94
Trd, 4319438.543, 73
Trd, 4319438.843, 128
Trd, 4319440.543, 88
Trd, 4319442.093, 94
Trd, 4319442.243, 133
Trd, 4319444.543, 99
Trd, 4319444.693, 87
Trd, 4319445.143, 81
Trd, 4319445.293, 123
Trd, 4319445.443, 100
Trd, 4319445.793, 77
Trd, 4319446.293, 73
Trd, 4319448.143, 99
Trd, 4319448.393, 78
Trd, 4319450.443, 98
Trd, 4319452.843, 127
Trd, 4319453.243, 126
Trd, 4319453.643, 139
Trd, 4319453.693, 120
Trd, 4319453.843, 107
Trd, 4319455.593, 125
Trd, 4319455.793, 116
Trd, 4319456.843, 94
Trd, 4319457.143, 98
Trd, 4319458.743, 111
Trd, 4319459.593, 104
Trd, 4319459.693, 100
Trd, 4319460.393, 126
Trd, 4319460.693, 114
Trd, 4319461.543, 116
Trd, 4319462.043, 138
Trd, 4319462.243, 115
Trd, 4319463.693, 112
Trd, 4319464.043, 107
Trd, 4319466.943, 106
Trd, 4319467.493, 75
Trd, 4319468.093, 99
Trd, 4319468.243, 100
Trd, 4319468.493, 107
Trd, 4319469.343, 137
Trd, 4319470.743, 111
Trd, 4319470.893, 76
Trd, 4319473.193, 106
Trd, 4319474.493, 104
Trd, 4319474.893, 109
Trd, 4319475.343, 111
Trd, 4319475.943, 74
Trd, 4319478.743, 76
Trd, 4319478.793, 108
Trd, 4319479.193, 110
Trd, 4319479.293, 73
Trd, 4319479.443, 112
Trd, 4319479.893, 111
Trd, 4319481.343, 105
Trd, 4319484.093, 89
Trd, 4319484.493, 86
Trd, 4319485.493, 83
Trd, 4319486.093, 95
Trd, 4319486.693, 118
Trd, 4319487.643, 106
Trd, 4319487.743, 110
Trd, 4319488.443, 119
Trd, 4319488.893, 131
Trd, 4319489.943, 130
Trd, 4319490.493, 130
Trd, 4319491.193, 105
Trd, 4319492.243, 92
Trd, 4319492.293, 86
Trd, 4319494.093, 113
Trd, 4319495.193, 104
Trd, 4319495.943, 100
Trd, 4319496.193, 116
Trd, 4319497.593, 106
Trd, 4319498.793, 103
Trd, 4319499.843, 117
Trd, 4319499.893, 84
Trd, 4319500.743, 100
Trd, 4319500.943, 96
Trd, 4319501.043, 101
Trd, 4319503.043, 103
Trd, 4319503.193, 108
Trd, 4319503.943, 79
Trd, 4319504.543, 92
Trd, 4319505.943, 83
Trd, 4319506.693, 63
Trd, 4319507.043, 66
Trd, 4319508.993, 66
Trd, 4319509.343, 77
Trd, 4319509.443, 110
Trd, 4319509.843, 100
Trd, 4319511.043, 80
Trd, 4319511.443, 109
Trd, 4319512.493, 69
Trd, 4319513.393, 99
Trd, 4319513.693, 93
Trd, 4319514.143, 83
Trd, 4319514.393, 100
Trd, 4319514.993, 83
Trd, 4319516.043, 106
Trd, 4319516.543, 135
Trd, 4319517.793, 71
Trd, 4319519.543, 105
Trd, 4319520.193, 93
Trd, 4319520.493, 139
Trd, 4319522.793, 129
Trd, 4319522.893, 97
Trd, 4319523.193, 107
Trd, 4319523.343, 93
Trd, 4319523.593, 128
Trd, 4319524.043, 122
Trd, 4319525.143, 115
Trd, 4319526.193, 133
Trd, 4319527.743, 129
Trd, 4319528.093, 105
Trd, 4319529.393, 97
Trd, 4319530.143, 90
Trd, 4319530.393, 79
Trd, 4319531.493, 117
Trd, 4319532.293, 116
Trd, 4319533.593, 76
Trd, 4319533.743, 95
Trd, 4319534.143, 73
Trd, 4319536.393, 98
Trd, 4319536.943, 106
Trd, 4319537.243, 123
Trd, 4319539.993, 121
Trd, 4319540.143, 111
Trd, 4319540.743, 135
Trd, 4319540.993, 88
Trd, 4319543.593, 88
Trd, 4319545.143, 76
Trd, 4319545.293, 113
Trd, 4319545.443, 81
Trd, 4319546.893, 85
Trd, 4319549.993, 139
Trd, 4319550.143, 123
Trd, 4319550.293, 107
Trd, 4319550.743, 94
Trd, 4319551.793, 110
Trd, 4319553.543, 97
Trd, 4319554.893, 124
Trd, 4319555.393, 136
Trd, 4319557.143, 94
Trd, 4319558.093, 133
Trd, 4319558.543, 112
Trd, 4319559.143, 105
Trd, 4319560.843, 85
Trd, 4319561.043, 109
Trd, 4319561.143, 130
Trd, 4319561.393, 113
Trd, 4319561.543, 95
Trd, 4319562.693, 83
Trd, 4319563.443, 89
Trd, 4319564.393, 129
Trd, 4319564.843, 107
Trd, 4319567.343, 106
Trd, 4319568.243, 94
Trd, 4319569.093, 106
Trd, 4319569.993, 127
Trd, 4319570.743, 103
Trd, 4319570.943, 102
Trd, 4319571.143, 84
Trd, 4319571.443, 106
Trd, 4319571.793, 110
Trd, 4319572.843, 101
Trd, 4319572.943, 125
Trd, 4319573.793, 72
Trd, 4319574.943, 115
Trd, 4319576.893, 92
Trd, 4319577.093, 94
Trd, 4319578.143, 62
Trd, 4319578.943, 66
Trd, 4319579.643, 82
Trd, 4319580.493, 124
Trd, 4319581.543, 95
Trd, 4319581.893, 88
Trd, 4319582.093, 72
Trd, 4319582.293, 83
Trd, 4319583.143, 107
Trd, 4319583.443, 129
Trd, 4319584.643, 122
Trd, 4319585.043, 97
Trd, 4319586.193, 80
Trd, 4319586.743, 63
Trd, 4319587.393, 124
Trd, 4319587.843, 121
Trd, 4319588.393, 82
Trd, 4319590.743, 115
Trd, 4319591.993, 118
Trd, 4319592.443, 110
Trd, 4319593.143, 127
Trd, 4319593.493, 113
Trd, 4319593.693, 66
Trd, 4319593.743, 121
Trd, 4319594.243, 125
Trd, 4319595.943, 105
Trd, 4319596.743, 115
Trd, 4319597.093, 99
Trd, 4319597.393, 98
Trd, 4319597.843, 116
Trd, 4319598.293, 84
Trd, 4319599.693, 102
Trd, 4319600.943, 132
Trd, 4319601.443, 122
Trd, 4319601.793, 102
Trd, 4319602.293, 85
Trd, 4319603.343, 121
Trd, 4319603.793, 130
Trd, 4319604.393, 132
Trd, 4319604.593, 124
Trd, 4319604.943, 100
Trd, 4319605.093, 113
Trd, 4319606.293, 111
Trd, 4319606.443, 100
Trd, 4319606.793, 79
Trd, 4319607.393, 94
Trd, 4319608.443, 92
Trd, 4319608.643, 97
Trd, 4319612.193, 100
Trd, 4319612.293, 104
Trd, 4319613.093, 83
Trd, 4319613.793, 106
Trd, 4319614.443, 87
Trd, 4319615.143, 88
Trd, 4319615.543, 113
Trd, 4319616.293, 82
Trd, 4319616.643, 114
Trd, 4319616.693, 120
Trd, 4319617.043, 107
Trd, 4319618.743, 106
Trd, 4319619.493, 110
Trd, 4319619.643, 89
Trd, 4319622.443, 84
Trd, 4319623.593, 123
Trd, 4319623.693, 106
Trd, 4319624.443, 103
Trd, 4319625.743, 125
Trd, 4319626.293, 131
Trd, 4319626.943, 104
Trd, 4319627.593, 84
Trd, 4319628.593, 106
Trd, 4319628.793, 92
Trd, 4319628.943, 92
Trd, 4319629.843, 128
Trd, 4319630.093, 110
Trd, 4319631.043, 116
Trd, 4319631.093, 88
Trd, 4319632.143, 138
Trd, 4319632.443, 112
Trd, 4319633.643, 75
Trd, 4319635.193, 112
Trd, 4319637.343, 138
Trd, 4319637.443, 137
Trd, 4319637.643, 114
Trd, 4319639.493, 87
Trd, 4319640.293, 93
Trd, 4319640.593, 95
Trd, 4319641.493, 132
Trd, 4319641.643, 108
Trd, 4319642.243, 116
Trd, 4319642.693, 115
Trd, 4319642.743, 71
Trd, 4319644.893, 108
Trd, 4319645.143, 106
Trd, 4319646.443, 89
Trd, 4319646.593, 63
Trd, 4319646.993, 68
Trd, 4319647.443, 70
Trd, 4319647.993, 93
Trd, 4319648.043, 74
Trd, 4319648.393, 119
Trd, 4319650.393, 128
Trd, 4319650.743, 98
Trd, 4319651.993, 131
Trd, 4319652.843, 113
Trd, 4319652.893, 102
Trd, 4319653.993, 124
Trd, 4319654.093, 121
Trd, 4319656.993, 109
Trd, 4319657.093, 108
Trd, 4319657.593, 124
Trd, 4319658.093, 107
Trd, 4319658.993, 84
Trd, 4319659.443, 109
Trd, 4319659.493, 107
Trd, 4319659.743, 70
Trd, 4319660.493, 79
Trd, 4319661.693, 72
Trd, 4319662.093, 91
Trd, 4319662.643, 70
Trd, 4319664.693, 89
Trd, 4319665.143, 85
Trd, 4319665.443, 122
Trd, 4319667.793, 76
Trd, 4319668.093, 87
Trd, 4319668.243, 75
Trd, 4319669.343, 74
Trd, 4319670.293, 76
Trd, 4319672.393, 128
Trd, 4319672.493, 92
Trd, 4319673.793, 116
Trd, 4319673.943, 114
Trd, 4319674.593, 100
Trd, 4319674.643, 84
Trd, 4319675.643, 113
Trd, 4319677.043, 111
Trd, 4319677.443, 102
Trd, 4319678.943, 123
Trd, 4319679.143, 87
Trd, 4319680.443, 92
Trd, 4319680.843, 80
Trd, 4319681.293, 139
Trd, 4319683.093, 123
Trd, 4319683.143, 119
Trd, 4319683.443, 118
Trd, 4319683.843, 108
Trd, 4319685.643, 95
Trd, 4319685.893, 95
Trd, 4319687.943, 102
Trd, 4319688.443, 125
Trd, 4319690.493, 130
Trd, 4319691.943, 134
Trd, 4319692.093, 110
Trd, 4319692.743, 99
Trd, 4319693.443, 92
Trd, 4319695.643, 129
Trd, 4319696.093, 80
Trd, 4319696.243, 73
Trd, 4319699.643, 109
Trd, 4319700.093, 113
Trd, 4319700.693, 121
Trd, 4319700.743, 107
Trd, 4319701.243, 134
Trd, 4319702.193, 87
Trd, 4319705.543, 123
Trd, 4319705.643, 113
Trd, 4319705.993, 89
Trd, 4319706.543, 118
Trd, 4319707.793, 124
Trd, 4319709.443, 135
Trd, 4319709.643, 116
Trd, 4319710.143, 110
Trd, 4319710.443, 95
Trd, 4319710.843, 95
Trd, 4319712.143, 96
Trd, 4319712.943, 117
Trd, 4319712.993, 86
Trd, 4319714.843, 85
Trd, 4319716.043, 107
Trd, 4319717.843, 122
Trd, 4319717.943, 119
Trd, 4319718.343, 117
Trd, 4319719.043, 106
Trd, 4319719.643, 98
Trd, 4319720.143, 128
Trd, 4319721.243, 85
Trd, 4319721.343, 89
Trd, 4319723.043, 109
Trd, 4319723.643, 102
Trd, 4319725.093, 128
Trd, 4319725.393, 140
Trd, 4319725.443, 125
Trd, 4319726.543, 103
Trd, 4319727.193, 101
Trd, 4319728.343, 90
Trd, 4319728.793, 108
Trd, 4319729.193, 87
Trd, 4319729.243, 98
Trd, 4319730.243, 121
Trd, 4319730.843, 110
Trd, 4319731.443, 73
Trd, 4319732.243, 125
Trd, 4319732.693, 123
Trd, 4319733.193, 103
Trd, 4319733.293, 91
Trd, 4319733.743, 79
Trd, 4319735.243, 106
Trd, 4319736.743, 111
Trd, 4319737.793, 120
Trd, 4319739.393, 127
Trd, 4319739.493, 106
Trd, 4319739.693, 105
Trd, 4319741.043, 107
Trd, 4319742.443, 118
Trd, 4319743.143, 101
Trd, 4319743.543, 113
Trd, 4319743.693, 101
Trd, 4319744.343, 101
Trd, 4319746.143, 113
Trd, 4319746.443, 116
Trd, 4319747.693, 129
Trd, 4319748.193, 103
Trd, 4319749.093, 88
Trd, 4319749.243, 62
Trd, 4319749.893, 89
Trd, 4319750.693, 96
Trd, 4319753.043, 109
Trd, 4319753.893, 120
Trd, 4319754.693, 78
Trd, 4319755.393, 83
Trd, 4319755.693, 73
Trd, 4319756.593, 88
Trd, 4319757.793, 82
Trd, 4319758.793, 73
Trd, 4319760.743, 136
Trd, 4319760.943, 80
Trd, 4319761.743, 81
Trd, 4319763.143, 113
Trd, 4319763.693, 104
Trd, 4319763.743, 85
Trd, 4319764.493, 102
Trd, 4319764.693, 82
Trd, 4319765.143, 77
Trd, 4319766.843, 70
Trd, 4319767.093, 78
Trd, 4319767.793, 86
Trd, 4319768.293, 126
Trd, 4319769.243, 83
Trd, 4319771.793, 95
Trd, 4319772.043, 68
Trd, 4319772.943, 76
Trd, 4319774.193, 72
Trd, 4319775.293, 77
Trd, 4319777.443, 115
Trd, 4319778.443, 124
Trd, 4319779.693, 108
Trd, 4319780.143, 115
Trd, 4319781.343, 134
Trd, 4319782.043, 75
Trd, 4319782.193, 83
Trd, 4319782.793, 71
Trd, 4319783.443, 110
Trd, 4319784.293, 92
Trd, 4319785.693, 73
Trd, 4319785.793, 75
Trd, 4319785.843, 81
Trd, 4319785.993, 93
Trd, 4319787.393, 80
Trd, 4319789.743, 79
Trd, 4319789.843, 68
Trd, 4319790.943, 91
Trd, 4319791.593, 137
Trd, 4319791.843, 118
Trd, 4319792.293, 105
Trd, 4319793.593, 73
Trd, 4319793.943, 69
Trd, 4319795.643, 136
Trd, 4319795.893, 133
Trd, 4319796.343, 130
Trd, 4319796.843, 90
Trd, 4319797.493, 82
Trd, 4319797.993, 91
Trd, 4319799.143, 82
Trd, 4319799.943, 65
Trd, 4319801.293, 115
Trd, 4319801.893, 90
Trd, 4319802.493, 133
Trd, 4319802.843, 108
Trd, 4319803.193, 89
Trd, 4319803.843, 108
Trd, 4319804.643, 86
Trd, 4319805.943, 102
Trd, 4319807.793, 129
Trd, 4319809.843, 91
Trd, 4319811.193, 114
Trd, 4319811.593, 113
Trd, 4319812.693, 101
Trd, 4319813.943, 69
Trd, 4319814.493, 131
Trd, 4319816.043, 121
Trd, 4319816.993, 98
Trd, 4319817.143, 109
Trd, 4319817.643, 89
Trd, 4319817.843, 105
Trd, 4319820.643, 127
Trd, 4319822.093, 115
Trd, 4319823.043, 133
Trd, 4319823.843, 122
Trd, 4319824.293, 103
Trd, 4319824.693, 124
Trd, 4319827.293, 100
Trd, 4319827.393, 97
Trd, 4319827.443, 112
Trd, 4319828.343, 113
Trd, 4319829.043, 93
Trd, 4319830.093, 119
Trd, 4319831.093, 112
Trd, 4319831.743, 90
Trd, 4319832.093, 116
Trd, 4319835.443, 92
Trd, 4319835.793, 87
Trd, 4319837.843, 100
Trd, 4319838.693, 86
Trd, 4319840.693, 131
Trd, 4319841.793, 123
Trd, 4319842.043, 128
Trd, 4319842.493, 112
Trd, 4319842.993, 90
Trd, 4319843.093, 80
Trd, 4319844.893, 97
Trd, 4319845.093, 89
Trd, 4319846.343, 119
Trd, 4319846.793, 136
Trd, 4319847.943, 111
Trd, 4319849.643, 131
Trd, 4319851.693, 98
Trd, 4319851.743, 93
Trd, 4319852.093, 86
Trd, 4319852.243, 68
Trd, 4319852.793, 74
Trd, 4319852.943, 76
Trd, 4319853.893, 116
Trd, 4319855.143, 81
Trd, 4319856.093, 109
Trd, 4319856.693, 97
Trd, 4319857.693, 95
Trd, 4319858.293, 135
Trd, 4319859.393, 98
Trd, 4319860.743, 97
Trd, 4319860.843, 94
Trd, 4319861.293, 132
Trd, 4319861.993, 127
Trd, 4319862.393, 122
Trd, 4319863.293, 129
Trd, 4319864.393, 86
Trd, 4319864.993, 84
Trd, 4319866.193, 67
Trd, 4319867.443, 94
Trd, 4319869.493, 84
Trd, 4319869.743, 90
Trd, 4319870.693, 122
Trd, 4319872.393, 91
Trd, 4319872.993, 109
Trd, 4319873.443, 84
Trd, 4319874.243, 81
Trd, 4319874.643, 85
Trd, 4319875.043, 69
Trd, 4319875.693, 83
Trd, 4319876.343, 92
Trd, 4319878.193, 85
Trd, 4319878.593, 74
Trd, 4319878.893, 79
Trd, 4319879.943, 77
Trd, 4319880.543, 89
Trd, 4319881.493, 123
Trd, 4319882.093, 119
Trd, 4319882.443, 117
Trd, 4319884.393, 117
Trd, 4319885.443, 111
Trd, 4319886.943, 107
Trd, 4319887.743, 95
Trd, 4319887.843, 112
Trd, 4319887.943, 92
Trd, 4319888.643, 123
Trd, 4319890.093, 79
Trd, 4319890.643, 112
Trd, 4319892.593, 111
Trd, 4319893.643, 91
Trd, 4319895.193, 108
Trd, 4319895.643, 125
Trd, 4319895.843, 117
Trd, 4319898.793, 129
Trd, 4319899.293, 125
Trd, 4319899.393, 95
Trd, 4319899.793, 83
Trd, 4319899.993, 82
Trd, 4319900.943, 75
Trd, 4319901.743, 107
Trd, 4319902.493, 134
Trd, 4319903.143, 92
Trd, 4319903.543, 104
Trd, 4319904.043, 103
Trd, 4319904.443, 123
Trd, 4319905.143, 105
Trd, 4319905.943, 101
Trd, 4319907.193, 128
Trd, 4319908.693, 127
Trd, 4319910.593, 93
Trd, 4319910.843, 93
Trd, 4319911.993, 86
Trd, 4319912.043, 98
Trd, 4319913.193, 112
Trd, 4319914.143, 65
Trd, 4319914.643, 67
Trd, 4319915.543, 82
Trd, 4319916.693, 85
Trd, 4319917.043, 89
Trd, 4319918.093, 112
Trd, 4319919.193, 112
Trd, 4319920.243, 93
Trd, 4319922.243, 96
Trd, 4319923.043, 95
Trd, 4319923.993, 87
Trd, 4319924.643, 114
Trd, 4319924.893, 74
Trd, 4319925.043, 70
Trd, 4319925.893, 135
Trd, 4319925.993, 133
Trd, 4319926.143, 93
Trd, 4319929.393, 82
Trd, 4319929.693, 121
Trd, 4319930.743, 104
Trd, 4319930.893, 101
Trd, 4319931.493, 134
Trd, 4319931.693, 93
Trd, 4319931.843, 104
Trd, 4319932.493, 119
Trd, 4319933.593, 84
Trd, 4319934.793, 86
Trd, 4319935.643, 87
Trd, 4319935.793, 99
Trd, 4319936.143, 83
Trd, 4319936.293, 75
Trd, 4319937.793, 80
Trd, 4319938.193, 137
Trd, 4319938.743, 124
Trd, 4319939.393, 91
Trd, 4319941.093, 121
Trd, 4319941.543, 74
Trd, 4319942.193, 79
Trd, 4319943.543, 62
Trd, 4319943.843, 114
Trd, 4319944.243, 84
Trd, 4319944.593, 65
Trd, 4319945.143, 105
Trd, 4319946.093, 70
Trd, 4319946.643, 77
Trd, 4319948.643, 120
Trd, 4319949.543, 106
Trd, 4319953.143, 123
Trd, 4319953.243, 121
Trd, 4319953.343, 120
Trd, 4319953.743, 118
Trd, 4319954.893, 135
Trd, 4319955.493, 123
Trd, 4319955.993, 107
Trd, 4319956.043, 86
Trd, 4319956.643, 108
Trd, 4319958.643, 104
Trd, 4319959.393, 131
Trd, 4319959.443, 97
Trd, 4319960.293, 128
Trd, 4319960.493, 95
Trd, 4319961.293, 96
Trd, 4319962.043, 126
Trd, 4319963.693, 120
Trd, 4319964.043, 101
Trd, 4319964.893, 95
Trd, 4319966.293, 111
Trd, 4319966.743, 60
Trd, 4319968.043, 139
Trd, 4319968.893, 134
Trd, 4319969.343, 115
Trd, 4319970.193, 117
Trd, 4319971.393, 126
Trd, 4319971.843, 123
Trd, 4319972.093, 110
Trd, 4319972.143, 107
Trd, 4319972.443, 104
Trd, 4319974.443, 133
Trd, 4319974.493, 118
Trd, 4319975.843, 138
Trd, 4319976.043, 121
Trd, 4319978.143, 100
Trd, 4319978.193, 116
Trd, 4319980.243, 104
Trd, 4319980.793, 135
Trd, 4319981.093, 119
Trd, 4319981.893, 139
Trd, 4319982.343, 107
Trd, 4319984.293, 111
Trd, 4319984.993, 137
Trd, 4319985.943, 128
Trd, 4319986.443, 105
Trd, 4319986.693, 99
Trd, 4319987.343, 85
Trd, 4319987.743, 99
Trd, 4319988.943, 137
Trd, 4319989.443, 93
Trd, 4319989.643, 79
Trd, 4319990.293, 108
Trd, 4319991.543, 134
Trd, 4319993.293, 102
Trd, 4319993.843, 98
Trd, 4319995.543, 70
Trd, 4319995.643, 86
Trd, 4319997.143, 68
Trd, 4319997.693, 116
Trd, 4319998.343, 100
Trd, 4319999.143, 116
