Trd, 4318092.493, 89
Trd, 4318092.643, 93
Trd, 4318093.093, 88
Trd, 4318096.043, 84
Trd, 4318096.243, 81
Trd, 4318096.793, 81
Trd, 4318097.393, 72
Trd, 4318098.143, 93
Trd, 4318099.293, 88
Trd, 4318099.643, 123
Trd, 4318101.243, 104
Trd, 4318101.643, 110
Trd, 4318101.893, 99
Trd, 4318102.993, 99
Trd, 4318103.293, 81
Trd, 4318104.493, 83
Trd, 4318105.493, 76
Trd, 4318106.193, 103
Trd, 4318106.593, 100
Trd, 4318106.843, 89
Trd, 4318107.543, 119
Trd, 4318108.743, 91
Trd, 4318109.543, 134
Trd, 4318110.343, 138
Trd, 4318110.693, 136
Trd, 4318113.893, 103
Trd, 4318114.143, 90
Trd, 4318114.543, 100
Trd, 4318114.693, 92
Trd, 4318116.993, 90
Trd, 4318118.543, 120
Trd, 4318118.643, 119
Trd, 4318119.443, 95
Trd, 4318119.643, 105
Trd, 4318120.143, 138
Trd, 4318120.593, 108
Trd, 4318120.843, 118
Trd, 4318122.693, 93
Trd, 4318123.043, 138
Trd, 4318123.593, 92
Trd, 4318125.143, 84
Trd, 4318125.643, 94
Trd, 4318126.043, 94
Trd, 4318126.543, 126
Trd, 4318127.443, 109
Trd, 4318128.343, 113
Trd, 4318128.993, 106
Trd, 4318129.493, 87
Trd, 4318130.293, 60
Trd, 4318131.543, 92
Trd, 4318131.593, 83
Trd, 4318133.793, 61
Trd, 4318133.843, 101
Trd, 4318134.143, 107
Trd, 4318135.243, 115
Trd, 4318136.393, 108
Trd, 4318137.743, 79
Trd, 4318138.443, 69
Trd, 4318138.743, 101
Trd, 4318139.943, 89
Trd, 4318140.993, 93
Trd, 4318141.243, 75
Trd, 4318141.743, 76
Trd, 4318142.493, 87
Trd, 4318142.693, 70
Trd, 4318143.243, 79
Trd, 4318143.393, 97
Trd, 4318144.293, 77
Trd, 4318144.593, 68
Trd, 4318145.743, 87
Trd, 4318147.243, 117
Trd, 4318147.893, 112
Trd, 4318148.443, 77
Trd, 4318148.843, 62
Trd, 4318149.993, 101
Trd, 4318150.893, 97
Trd, 4318151.543, 96
Trd, 4318152.093, 102
Trd, 4318152.543, 119
Trd, 4318153.593, 126
Trd, 4318153.693, 109
Trd, 4318154.293, 140
Trd, 4318154.943, 100
Trd, 4318156.593, 108
Trd, 4318156.693, 94
Trd, 4318159.993, 139
Trd, 4318160.193, 106
Trd, 4318160.993, 97
Trd, 4318162.043, 115
Trd, 4318162.643, 97
Trd, 4318162.743, 83
Trd, 4318163.193, 116
Trd, 4318165.293, 140
Trd, 4318165.843, 140
Trd, 4318166.743, 138
Trd, 4318166.843, 133
Trd, 4318167.593, 123
Trd, 4318168.393, 119
Trd, 4318169.243, 81
Trd, 4318169.743, 140
Trd, 4318169.943, 136
Trd, 4318170.943, 99
Trd, 4318172.043, 99
Trd, 4318173.343, 125
Trd, 4318173.843, 140
Trd, 4318174.143, 106
Trd, 4318175.493, 89
Trd, 4318175.593, 86
Trd, 4318176.093, 80
Trd, 4318176.693, 99
Trd, 4318178.443, 83
Trd, 4318179.143, 66
Trd, 4318179.543, 135
Trd, 4318180.693, 139
Trd, 4318181.343, 131
Trd, 4318181.943, 139
Trd, 4318182.893, 115
Trd, 4318183.493, 100
Trd, 4318184.993, 106
Trd, 4318185.243, 92
Trd, 4318185.543, 140
Trd, 4318187.193, 81
Trd, 4318187.793, 88
Trd, 4318189.143, 77
Trd, 4318189.393, 76
Trd, 4318190.093, 86
Trd, 4318190.143, 86
Trd, 4318190.593, 79
Trd, 4318191.293, 94
Trd, 4318192.243, 70
Trd, 4318192.693, 77
Trd, 4318193.143, 96
Trd, 4318195.843, 82
Trd, 4318195.893, 105
Trd, 4318196.093, 104
Trd, 4318196.393, 73
Trd, 4318197.193, 140
Trd, 4318197.593, 129
Trd, 4318198.143, 114
Trd, 4318199.593, 123
Trd, 4318199.993, 118
Trd, 4318201.543, 107
Trd, 4318202.143, 122
Trd, 4318202.693, 105
Trd, 4318203.093, 102
Trd, 4318204.093, 101
Trd, 4318205.693, 79
Trd, 4318206.743, 76
Trd, 4318209.143, 122
Trd, 4318209.343, 138
Trd, 4318210.243, 115
Trd, 4318210.343, 113
Trd, 4318211.343, 96
Trd, 4318211.593, 89
Trd, 4318211.743, 83
Trd, 4318211.793, 126
Trd, 4318212.093, 75
Trd, 4318213.443, 79
Trd, 4318214.743, 72
Trd, 4318215.243, 72
Trd, 4318215.643, 116
Trd, 4318216.143, 102
Trd, 4318218.043, 70
Trd, 4318219.093, 106
Trd, 4318219.693, 109
Trd, 4318219.843, 95
Trd, 4318220.543, 86
Trd, 4318222.193, 109
Trd, 4318222.393, 106
Trd, 4318223.943, 138
Trd, 4318224.043, 131
Trd, 4318225.143, 60
Trd, 4318225.793, 66
Trd, 4318226.143, 63
Trd, 4318226.643, 80
Trd, 4318227.843, 132
Trd, 4318230.743, 114
Trd, 4318230.993, 101
Trd, 4318231.093, 99
Trd, 4318231.643, 101
Trd, 4318232.043, 89
Trd, 4318232.793, 117
Trd, 4318233.393, 120
Trd, 4318234.543, 123
Trd, 4318235.143, 108
Trd, 4318235.243, 102
Trd, 4318235.393, 119
Trd, 4318236.443, 64
Trd, 4318238.293, 104
Trd, 4318239.393, 108
Trd, 4318239.793, 119
Trd, 4318240.193, 87
Trd, 4318240.993, 129
Trd, 4318241.693, 123
Trd, 4318241.993, 92
Trd, 4318242.593, 140
Trd, 4318243.393, 93
Trd, 4318244.193, 116
Trd, 4318244.293, 107
Trd, 4318244.643, 78
Trd, 4318245.493, 85
Trd, 4318246.393, 124
Trd, 4318248.643, 124
Trd, 4318248.743, 123
Trd, 4318250.943, 81
Trd, 4318251.593, 71
Trd, 4318251.743, 100
Trd, 4318252.843, 101
Trd, 4318252.993, 77
Trd, 4318253.643, 90
Trd, 4318254.493, 87
Trd, 4318254.693, 87
Trd, 4318254.843, 69
Trd, 4318255.543, 105
Trd, 4318255.643, 123
Trd, 4318257.343, 93
Trd, 4318259.893, 65
Trd, 4318260.193, 67
Trd, 4318260.243, 86
Trd, 4318260.493, 89
Trd, 4318261.093, 99
Trd, 4318261.443, 115
Trd, 4318262.943, 140
Trd, 4318262.993, 139
Trd, 4318263.893, 131
Trd, 4318265.843, 119
Trd, 4318266.093, 119
Trd, 4318266.243, 103
Trd, 4318267.443, 100
Trd, 4318269.343, 106
Trd, 4318269.843, 116
Trd, 4318270.093, 102
Trd, 4318271.043, 102
Trd, 4318271.493, 99
Trd, 4318272.643, 83
Trd, 4318273.593, 140
Trd, 4318274.193, 107
Trd, 4318274.493, 100
Trd, 4318275.943, 117
Trd, 4318276.193, 95
Trd, 4318278.143, 95
Trd, 4318279.093, 95
Trd, 4318279.493, 75
Trd, 4318279.893, 95
Trd, 4318280.793, 95
Trd, 4318281.893, 77
Trd, 4318282.343, 110
Trd, 4318282.793, 113
Trd, 4318283.493, 80
Trd, 4318283.843, 94
Trd, 4318283.943, 108
Trd, 4318284.093, 80
Trd, 4318284.593, 109
Trd, 4318285.643, 69
Trd, 4318288.243, 70
Trd, 4318288.343, 83
Trd, 4318289.043, 93
Trd, 4318289.443, 111
Trd, 4318289.693, 84
Trd, 4318290.543, 106
Trd, 4318292.293, 97
Trd, 4318292.693, 82
Trd, 4318293.443, 75
Trd, 4318293.993, 114
Trd, 4318295.643, 139
Trd, 4318295.943, 134
Trd, 4318296.193, 102
Trd, 4318298.143, 103
Trd, 4318298.293, 102
Trd, 4318298.993, 124
Trd, 4318300.743, 105
Trd, 4318301.143, 106
Trd, 4318301.593, 105
Trd, 4318302.693, 98
Trd, 4318302.843, 139
Trd, 4318303.393, 92
Trd, 4318303.643, 96
Trd, 4318304.493, 94
Trd, 4318304.693, 105
Trd, 4318305.593, 93
Trd, 4318305.693, 92
Trd, 4318307.343, 123
Trd, 4318307.793, 95
Trd, 4318307.993, 133
Trd, 4318309.793, 130
Trd, 4318310.643, 102
Trd, 4318311.643, 72
Trd, 4318312.793, 68
Trd, 4318312.993, 75
Trd, 4318313.893, 93
Trd, 4318314.693, 97
Trd, 4318314.943, 140
Trd, 4318315.693, 90
Trd, 4318316.943, 75
Trd, 4318317.043, 72
Trd, 4318317.243, 93
Trd, 4318319.293, 115
Trd, 4318319.493, 111
Trd, 4318320.693, 117
Trd, 4318321.743, 103
Trd, 4318321.843, 81
Trd, 4318322.843, 121
Trd, 4318323.193, 99
Trd, 4318324.343, 140
Trd, 4318324.843, 134
Trd, 4318324.943, 97
Trd, 4318326.143, 60
Trd, 4318326.543, 140
Trd, 4318326.993, 125
Trd, 4318327.793, 93
Trd, 4318328.343, 99
Trd, 4318328.443, 91
Trd, 4318328.493, 106
Trd, 4318328.543, 90
Trd, 4318330.793, 97
Trd, 4318331.243, 94
Trd, 4318332.493, 108
Trd, 4318333.243, 104
Trd, 4318334.443, 98
Trd, 4318334.793, 98
Trd, 4318335.743, 103
Trd, 4318335.793, 94
Trd, 4318336.593, 73
Trd, 4318336.893, 72
Trd, 4318337.993, 138
Trd, 4318338.243, 74
Trd, 4318339.743, 91
Trd, 4318339.993, 112
Trd, 4318340.393, 90
Trd, 4318341.143, 94
Trd, 4318341.493, 86
Trd, 4318342.293, 96
Trd, 4318343.593, 71
Trd, 4318344.043, 100
Trd, 4318346.193, 140
Trd, 4318346.743, 122
Trd, 4318349.093, 113
Trd, 4318349.293, 112
Trd, 4318349.993, 85
Trd, 4318351.443, 140
Trd, 4318352.493, 83
Trd, 4318352.843, 79
Trd, 4318354.343, 107
Trd, 4318355.493, 92
Trd, 4318356.843, 139
Trd, 4318357.443, 117
Trd, 4318357.543, 115
Trd, 4318358.493, 107
Trd, 4318358.643, 96
Trd, 4318358.943, 92
Trd, 4318359.743, 68
Trd, 4318362.893, 95
Trd, 4318363.643, 140
Trd, 4318363.693, 119
Trd, 4318363.943, 123
Trd, 4318365.243, 138
Trd, 4318365.543, 110
Trd, 4318366.093, 98
Trd, 4318366.593, 87
Trd, 4318367.893, 82
Trd, 4318368.243, 72
Trd, 4318368.543, 84
Trd, 4318370.343, 67
Trd, 4318370.743, 65
Trd, 4318372.643, 67
Trd, 4318372.993, 84
Trd, 4318373.043, 89
Trd, 4318373.493, 140
Trd, 4318374.193, 100
Trd, 4318374.543, 81
Trd, 4318374.943, 83
Trd, 4318375.993, 71
Trd, 4318376.093, 124
Trd, 4318377.293, 84
Trd, 4318377.543, 86
Trd, 4318378.543, 126
Trd, 4318378.843, 71
Trd, 4318379.643, 112
Trd, 4318381.243, 125
Trd, 4318381.943, 114
Trd, 4318383.093, 85
Trd, 4318385.093, 77
Trd, 4318385.143, 86
Trd, 4318385.443, 95
Trd, 4318386.093, 104
Trd, 4318387.393, 92
Trd, 4318387.543, 84
Trd, 4318388.393, 98
Trd, 4318388.443, 97
Trd, 4318390.493, 106
Trd, 4318391.493, 85
Trd, 4318391.743, 97
Trd, 4318392.293, 107
Trd, 4318393.993, 139
Trd, 4318394.743, 120
Trd, 4318394.993, 134
Trd, 4318395.643, 102
Trd, 4318397.393, 61
Trd, 4318397.943, 72
Trd, 4318398.143, 87
Trd, 4318398.593, 139
Trd, 4318399.493, 114
Trd, 4318399.693, 114
Trd, 4318399.793, 111
Trd, 4318401.243, 140
Trd, 4318401.393, 139
Trd, 4318402.443, 85
Trd, 4318402.943, 84
Trd, 4318403.743, 82
Trd, 4318404.643, 85
Trd, 4318405.293, 140
Trd, 4318405.843, 140
Trd, 4318407.143, 93
Trd, 4318407.193, 99
Trd, 4318408.393, 89
Trd, 4318408.693, 87
Trd, 4318409.293, 111
Trd, 4318411.243, 112
Trd, 4318412.593, 124
Trd, 4318414.393, 118
Trd, 4318414.743, 101
Trd, 4318415.143, 140
Trd, 4318415.293, 107
Trd, 4318415.443, 135
Trd, 4318415.493, 104
Trd, 4318415.643, 94
Trd, 4318416.843, 126
Trd, 4318417.693, 97
Trd, 4318418.593, 90
Trd, 4318418.793, 80
Trd, 4318420.143, 67
Trd, 4318420.693, 73
Trd, 4318421.593, 74
Trd, 4318422.893, 86
Trd, 4318423.093, 79
Trd, 4318423.243, 73
Trd, 4318424.493, 74
Trd, 4318425.293, 103
Trd, 4318426.893, 118
Trd, 4318427.393, 115
Trd, 4318427.493, 95
Trd, 4318427.993, 93
Trd, 4318428.393, 92
Trd, 4318429.843, 75
Trd, 4318431.643, 84
Trd, 4318432.293, 67
Trd, 4318432.743, 60
Trd, 4318433.393, 82
Trd, 4318433.643, 73
Trd, 4318434.643, 70
Trd, 4318435.793, 73
Trd, 4318435.943, 80
Trd, 4318436.343, 94
Trd, 4318437.293, 97
Trd, 4318437.443, 71
Trd, 4318438.693, 140
Trd, 4318438.993, 114
Trd, 4318439.243, 110
Trd, 4318439.793, 132
Trd, 4318440.743, 80
Trd, 4318441.193, 74
Trd, 4318442.343, 77
Trd, 4318442.693, 89
Trd, 4318445.093, 130
Trd, 4318446.293, 121
Trd, 4318447.093, 140
Trd, 4318447.193, 100
Trd, 4318448.193, 116
Trd, 4318449.393, 110
Trd, 4318449.943, 97
Trd, 4318450.543, 92
Trd, 4318450.843, 127
Trd, 4318451.643, 72
Trd, 4318453.093, 109
Trd, 4318455.093, 140
Trd, 4318455.193, 134
Trd, 4318456.493, 99
Trd, 4318456.593, 91
Trd, 4318456.993, 139
Trd, 4318457.793, 106
Trd, 4318458.493, 91
Trd, 4318458.993, 131
Trd, 4318459.343, 121
Trd, 4318459.593, 112
Trd, 4318461.893, 116
Trd, 4318462.693, 89
Trd, 4318462.893, 73
Trd, 4318462.943, 133
Trd, 4318464.143, 93
Trd, 4318464.743, 62
Trd, 4318465.493, 64
Trd, 4318465.693, 66
Trd, 4318466.893, 113
Trd, 4318468.143, 119
Trd, 4318468.593, 115
Trd, 4318468.743, 104
Trd, 4318470.343, 140
Trd, 4318470.443, 134
Trd, 4318470.793, 122
Trd, 4318471.093, 105
Trd, 4318473.443, 100
Trd, 4318473.643, 106
Trd, 4318474.493, 140
Trd, 4318475.093, 89
Trd, 4318476.543, 126
Trd, 4318476.743, 102
Trd, 4318478.043, 102
Trd, 4318480.243, 139
Trd, 4318480.293, 134
Trd, 4318480.443, 93
Trd, 4318481.393, 92
Trd, 4318482.093, 95
Trd, 4318482.593, 88
Trd, 4318483.543, 123
Trd, 4318483.993, 92
Trd, 4318484.393, 135
Trd, 4318484.743, 95
Trd, 4318484.993, 92
Trd, 4318485.943, 78
Trd, 4318487.743, 62
Trd, 4318488.943, 140
Trd, 4318489.293, 75
Trd, 4318491.193, 103
Trd, 4318491.393, 94
Trd, 4318492.593, 69
Trd, 4318492.793, 87
Trd, 4318493.543, 65
Trd, 4318493.843, 113
Trd, 4318494.193, 68
Trd, 4318495.243, 100
Trd, 4318496.143, 140
Trd, 4318496.393, 139
Trd, 4318496.443, 101
Trd, 4318496.993, 98
Trd, 4318499.093, 60
Trd, 4318499.393, 61
Trd, 4318500.143, 96
Trd, 4318500.643, 91
Trd, 4318501.293, 83
Trd, 4318502.093, 119
Trd, 4318502.643, 137
Trd, 4318502.843, 82
Trd, 4318504.743, 112
Trd, 4318505.193, 100
Trd, 4318505.343, 98
Trd, 4318505.943, 108
Trd, 4318506.293, 107
Trd, 4318506.843, 140
Trd, 4318509.393, 121
Trd, 4318509.943, 106
Trd, 4318510.043, 106
Trd, 4318510.543, 103
Trd, 4318511.243, 103
Trd, 4318511.293, 101
Trd, 4318512.843, 83
Trd, 4318513.543, 95
Trd, 4318513.743, 82
Trd, 4318514.993, 86
Trd, 4318517.143, 87
Trd, 4318517.393, 82
Trd, 4318517.493, 100
Trd, 4318517.543, 113
Trd, 4318517.843, 135
Trd, 4318520.443, 117
Trd, 4318520.643, 75
Trd, 4318521.543, 72
Trd, 4318522.143, 77
Trd, 4318522.743, 109
Trd, 4318522.993, 96
Trd, 4318524.293, 84
Trd, 4318524.543, 75
Trd, 4318525.043, 113
Trd, 4318525.793, 140
Trd, 4318526.493, 62
Trd, 4318529.243, 139
Trd, 4318529.393, 135
Trd, 4318531.943, 116
Trd, 4318531.993, 115
Trd, 4318532.693, 83
Trd, 4318532.843, 78
Trd, 4318532.893, 113
Trd, 4318533.443, 111
Trd, 4318534.093, 80
Trd, 4318534.643, 88
Trd, 4318534.893, 91
Trd, 4318535.593, 88
Trd, 4318535.743, 84
Trd, 4318536.643, 83
Trd, 4318537.893, 118
Trd, 4318538.593, 89
Trd, 4318539.643, 86
Trd, 4318539.843, 76
Trd, 4318540.543, 76
Trd, 4318543.443, 140
Trd, 4318545.043, 102
Trd, 4318545.193, 99
Trd, 4318545.443, 92
Trd, 4318545.993, 117
Trd, 4318547.343, 81
Trd, 4318547.993, 80
Trd, 4318549.343, 71
Trd, 4318549.443, 78
Trd, 4318550.193, 87
Trd, 4318551.193, 67
Trd, 4318551.493, 125
Trd, 4318551.743, 90
Trd, 4318552.493, 88
Trd, 4318554.543, 100
Trd, 4318554.943, 79
Trd, 4318556.393, 95
Trd, 4318557.593, 95
Trd, 4318557.893, 139
Trd, 4318559.143, 122
Trd, 4318559.343, 103
Trd, 4318559.693, 92
Trd, 4318561.593, 119
Trd, 4318562.443, 118
Trd, 4318562.793, 94
Trd, 4318563.393, 98
Trd, 4318564.893, 111
Trd, 4318565.843, 124
Trd, 4318566.293, 104
Trd, 4318567.343, 138
Trd, 4318567.493, 123
Trd, 4318567.743, 103
Trd, 4318568.543, 114
Trd, 4318569.743, 106
Trd, 4318569.843, 99
Trd, 4318570.793, 138
Trd, 4318572.543, 117
Trd, 4318573.793, 102
Trd, 4318574.043, 91
Trd, 4318574.243, 93
Trd, 4318575.593, 79
Trd, 4318576.143, 138
Trd, 4318578.293, 92
Trd, 4318578.393, 97
Trd, 4318578.743, 83
Trd, 4318581.293, 82
Trd, 4318582.093, 77
Trd, 4318582.893, 96
Trd, 4318583.293, 112
Trd, 4318583.793, 83
Trd, 4318585.043, 113
Trd, 4318586.393, 140
Trd, 4318587.043, 140
Trd, 4318587.593, 104
Trd, 4318587.643, 104
Trd, 4318587.893, 121
Trd, 4318589.093, 81
Trd, 4318589.293, 90
Trd, 4318589.543, 83
Trd, 4318590.543, 140
Trd, 4318590.593, 134
Trd, 4318591.493, 107
Trd, 4318591.543, 104
Trd, 4318594.243, 71
Trd, 4318595.093, 118
Trd, 4318595.493, 102
Trd, 4318595.593, 101
Trd, 4318595.743, 86
Trd, 4318598.143, 111
Trd, 4318599.243, 126
Trd, 4318599.743, 140
Trd, 4318600.443, 124
Trd, 4318600.993, 116
Trd, 4318601.443, 95
Trd, 4318602.343, 126
Trd, 4318604.243, 67
Trd, 4318604.593, 80
Trd, 4318605.893, 91
Trd, 4318607.143, 108
Trd, 4318607.193, 102
Trd, 4318607.593, 110
Trd, 4318608.143, 102
Trd, 4318609.093, 97
Trd, 4318609.893, 126
Trd, 4318611.093, 138
Trd, 4318611.443, 105
Trd, 4318612.743, 92
Trd, 4318613.543, 88
Trd, 4318613.843, 118
Trd, 4318613.943, 83
Trd, 4318615.343, 76
Trd, 4318615.493, 83
Trd, 4318615.993, 74
Trd, 4318617.193, 135
Trd, 4318618.443, 87
Trd, 4318618.493, 90
Trd, 4318618.643, 85
Trd, 4318619.693, 77
Trd, 4318620.343, 75
Trd, 4318621.443, 107
Trd, 4318621.593, 85
Trd, 4318622.493, 108
Trd, 4318622.943, 106
Trd, 4318623.793, 64
Trd, 4318626.043, 118
Trd, 4318626.393, 105
Trd, 4318626.593, 110
Trd, 4318627.393, 103
Trd, 4318627.943, 98
Trd, 4318628.143, 78
Trd, 4318628.193, 111
Trd, 4318630.143, 68
Trd, 4318630.493, 87
Trd, 4318631.643, 79
Trd, 4318631.893, 109
Trd, 4318632.443, 88
Trd, 4318633.743, 93
Trd, 4318633.943, 140
Trd, 4318634.193, 72
Trd, 4318634.993, 107
Trd, 4318636.043, 75
Trd, 4318637.243, 94
Trd, 4318638.193, 138
Trd, 4318638.543, 133
Trd, 4318638.743, 125
Trd, 4318639.493, 138
Trd, 4318639.793, 136
Trd, 4318640.493, 120
Trd, 4318641.043, 136
Trd, 4318642.193, 80
Trd, 4318642.593, 105
Trd, 4318642.993, 98
Trd, 4318643.043, 83
Trd, 4318643.443, 74
Trd, 4318645.043, 63
Trd, 4318646.893, 69
Trd, 4318649.643, 121
Trd, 4318649.843, 95
Trd, 4318649.993, 100
Trd, 4318651.143, 98
Trd, 4318651.943, 104
Trd, 4318652.193, 136
Trd, 4318654.193, 101
Trd, 4318654.343, 96
Trd, 4318655.243, 93
Trd, 4318655.493, 102
Trd, 4318656.543, 70
Trd, 4318656.643, 98
Trd, 4318658.543, 91
Trd, 4318658.793, 98
Trd, 4318660.893, 136
Trd, 4318661.093, 134
Trd, 4318662.643, 103
Trd, 4318663.393, 99
Trd, 4318663.693, 75
Trd, 4318664.643, 105
Trd, 4318665.593, 71
Trd, 4318666.643, 76
Trd, 4318667.193, 68
Trd, 4318667.643, 90
Trd, 4318669.043, 123
Trd, 4318669.843, 92
Trd, 4318670.743, 82
Trd, 4318671.743, 78
Trd, 4318671.843, 82
Trd, 4318672.443, 133
Trd, 4318672.993, 69
Trd, 4318673.743, 100
Trd, 4318674.243, 66
Trd, 4318675.493, 64
Trd, 4318677.393, 98
Trd, 4318678.793, 74
Trd, 4318678.893, 110
Trd, 4318679.943, 61
Trd, 4318679.993, 62
Trd, 4318680.543, 100
Trd, 4318681.543, 123
Trd, 4318682.493, 80
Trd, 4318683.293, 111
Trd, 4318683.343, 110
Trd, 4318683.543, 64
Trd, 4318684.793, 112
Trd, 4318685.043, 128
Trd, 4318686.443, 110
Trd, 4318687.143, 96
Trd, 4318687.543, 95
Trd, 4318688.743, 116
Trd, 4318689.143, 114
Trd, 4318689.943, 110
Trd, 4318690.143, 118
Trd, 4318690.543, 112
Trd, 4318690.693, 108
Trd, 4318693.743, 103
Trd, 4318693.793, 92
Trd, 4318693.843, 82
Trd, 4318694.893, 78
Trd, 4318695.543, 95
Trd, 4318696.293, 88
Trd, 4318698.643, 89
Trd, 4318698.743, 88
Trd, 4318699.043, 88
Trd, 4318699.843, 95
Trd, 4318699.993, 96
Trd, 4318700.843, 91
Trd, 4318701.293, 139
Trd, 4318701.943, 91
Trd, 4318702.493, 77
Trd, 4318703.443, 87
Trd, 4318703.643, 100
Trd, 4318704.143, 115
Trd, 4318704.293, 107
Trd, 4318705.293, 95
Trd, 4318705.443, 90
Trd, 4318706.593, 101
Trd, 4318707.643, 80
Trd, 4318708.693, 77
Trd, 4318708.793, 106
Trd, 4318709.743, 73
Trd, 4318710.693, 119
Trd, 4318711.243, 86
Trd, 4318711.993, 80
Trd, 4318712.643, 120
Trd, 4318712.943, 72
Trd, 4318713.043, 72
Trd, 4318714.143, 125
Trd, 4318714.393, 140
Trd, 4318715.443, 92
Trd, 4318717.393, 134
Trd, 4318717.843, 111
Trd, 4318718.643, 80
Trd, 4318719.443, 114
Trd, 4318720.443, 98
Trd, 4318720.793, 97
Trd, 4318720.943, 93
Trd, 4318721.443, 132
Trd, 4318721.893, 140
Trd, 4318722.143, 76
Trd, 4318724.943, 110
Trd, 4318725.343, 96
Trd, 4318725.793, 88
Trd, 4318726.143, 99
Trd, 4318726.443, 89
Trd, 4318726.493, 86
Trd, 4318727.143, 95
Trd, 4318727.543, 140
Trd, 4318727.943, 97
Trd, 4318729.993, 106
Trd, 4318730.193, 105
Trd, 4318730.593, 140
Trd, 4318730.843, 92
Trd, 4318731.493, 98
Trd, 4318732.643, 138
Trd, 4318734.443, 95
Trd, 4318735.043, 106
Trd, 4318735.143, 77
Trd, 4318736.443, 81
Trd, 4318737.343, 139
Trd, 4318737.643, 129
Trd, 4318738.243, 86
Trd, 4318738.493, 72
Trd, 4318738.943, 74
Trd, 4318740.143, 90
Trd, 4318740.243, 86
Trd, 4318741.143, 96
Trd, 4318741.593, 91
Trd, 4318742.593, 124
Trd, 4318743.243, 133
Trd, 4318744.993, 120
Trd, 4318745.743, 112
Trd, 4318746.443, 116
Trd, 4318746.743, 99
Trd, 4318747.493, 95
Trd, 4318748.343, 94
Trd, 4318748.593, 92
Trd, 4318749.593, 132
Trd, 4318749.943, 122
Trd, 4318750.343, 140
Trd, 4318750.693, 74
Trd, 4318751.843, 96
Trd, 4318752.543, 84
Trd, 4318752.793, 88
Trd, 4318754.043, 65
Trd, 4318755.043, 93
Trd, 4318756.193, 140
Trd, 4318756.643, 140
Trd, 4318757.543, 77
Trd, 4318758.243, 72
Trd, 4318759.093, 66
Trd, 4318759.643, 124
Trd, 4318760.293, 88
Trd, 4318761.043, 74
Trd, 4318762.493, 86
Trd, 4318762.593, 101
Trd, 4318763.143, 87
Trd, 4318763.793, 112
Trd, 4318764.143, 96
Trd, 4318765.243, 92
Trd, 4318765.693, 79
Trd, 4318766.643, 74
Trd, 4318767.943, 74
Trd, 4318768.193, 72
Trd, 4318768.593, 71
Trd, 4318770.643, 107
Trd, 4318770.943, 106
Trd, 4318771.793, 140
Trd, 4318772.093, 124
Trd, 4318772.543, 90
Trd, 4318773.793, 74
Trd, 4318774.043, 72
Trd, 4318775.143, 101
Trd, 4318775.743, 99
Trd, 4318776.493, 62
Trd, 4318777.543, 92
Trd, 4318778.743, 86
Trd, 4318779.643, 105
Trd, 4318779.743, 103
Trd, 4318780.043, 102
Trd, 4318780.643, 135
Trd, 4318781.343, 86
Trd, 4318783.193, 111
Trd, 4318784.343, 134
Trd, 4318785.343, 105
Trd, 4318785.693, 104
Trd, 4318785.993, 101
Trd, 4318786.493, 91
Trd, 4318787.993, 116
Trd, 4318788.993, 102
Trd, 4318789.593, 112
Trd, 4318790.393, 113
Trd, 4318790.543, 105
Trd, 4318790.943, 137
Trd, 4318790.993, 95
Trd, 4318791.143, 77
Trd, 4318793.993, 129
Trd, 4318794.343, 125
Trd, 4318796.643, 69
Trd, 4318797.193, 75
Trd, 4318797.993, 105
Trd, 4318798.193, 69
Trd, 4318798.693, 97
Trd, 4318798.893, 90
Trd, 4318801.093, 83
Trd, 4318801.293, 77
Trd, 4318801.693, 138
Trd, 4318802.643, 138
Trd, 4318802.743, 120
Trd, 4318802.843, 107
Trd, 4318804.543, 94
Trd, 4318805.593, 61
Trd, 4318805.843, 98
Trd, 4318805.943, 77
Trd, 4318808.343, 88
Trd, 4318809.193, 107
Trd, 4318810.693, 140
Trd, 4318810.843, 140
Trd, 4318811.543, 129
Trd, 4318811.693, 113
Trd, 4318811.843, 108
Trd, 4318813.843, 100
Trd, 4318815.293, 91
Trd, 4318815.443, 117
Trd, 4318816.743, 97
Trd, 4318816.993, 114
Trd, 4318817.193, 90
Trd, 4318817.593, 123
Trd, 4318817.743, 107
Trd, 4318817.993, 88
Trd, 4318819.193, 105
Trd, 4318819.643, 68
Trd, 4318820.893, 92
Trd, 4318821.743, 94
Trd, 4318821.843, 98
Trd, 4318822.193, 61
Trd, 4318822.843, 75
Trd, 4318824.043, 88
Trd, 4318824.243, 74
Trd, 4318826.493, 72
Trd, 4318826.943, 72
Trd, 4318827.943, 73
Trd, 4318828.443, 131
Trd, 4318828.643, 72
Trd, 4318828.893, 68
Trd, 4318829.343, 105
Trd, 4318830.593, 80
Trd, 4318831.143, 79
Trd, 4318831.193, 79
Trd, 4318831.643, 94
Trd, 4318831.993, 69
Trd, 4318834.043, 99
Trd, 4318836.493, 106
Trd, 4318836.543, 105
Trd, 4318837.593, 79
Trd, 4318837.643, 97
Trd, 4318838.093, 76
Trd, 4318839.243, 97
Trd, 4318839.793, 92
Trd, 4318841.643, 138
Trd, 4318842.543, 140
Trd, 4318842.793, 113
Trd, 4318844.593, 123
Trd, 4318844.743, 121
Trd, 4318845.393, 104
Trd, 4318845.443, 67
Trd, 4318846.293, 93
Trd, 4318847.443, 102
Trd, 4318847.543, 84
Trd, 4318847.893, 81
Trd, 4318848.693, 140
Trd, 4318849.343, 91
Trd, 4318850.143, 83
Trd, 4318850.643, 80
Trd, 4318850.893, 74
Trd, 4318852.493, 92
Trd, 4318853.293, 60
Trd, 4318853.393, 63
Trd, 4318854.193, 65
Trd, 4318854.893, 110
Trd, 4318856.393, 134
Trd, 4318857.793, 65
Trd, 4318857.993, 113
Trd, 4318859.043, 92
Trd, 4318859.443, 140
Trd, 4318861.443, 119
Trd, 4318861.893, 113
Trd, 4318862.043, 110
Trd, 4318862.343, 105
Trd, 4318863.193, 117
Trd, 4318864.243, 133
Trd, 4318864.493, 96
Trd, 4318865.093, 115
Trd, 4318866.693, 102
Trd, 4318867.943, 139
Trd, 4318868.093, 95
Trd, 4318868.343, 85
Trd, 4318869.243, 60
Trd, 4318870.443, 119
Trd, 4318870.543, 118
Trd, 4318870.943, 94
Trd, 4318871.743, 110
Trd, 4318872.043, 102
Trd, 4318872.743, 83
Trd, 4318872.843, 102
Trd, 4318873.743, 123
Trd, 4318874.293, 135
Trd, 4318874.793, 121
Trd, 4318875.143, 115
Trd, 4318876.043, 139
Trd, 4318876.243, 122
Trd, 4318876.443, 104
Trd, 4318877.343, 88
Trd, 4318878.043, 92
Trd, 4318878.343, 105
Trd, 4318878.943, 90
Trd, 4318880.093, 103
Trd, 4318880.443, 77
Trd, 4318882.493, 64
Trd, 4318883.193, 108
Trd, 4318884.043, 98
Trd, 4318885.893, 102
Trd, 4318886.843, 102
Trd, 4318886.893, 99
Trd, 4318887.993, 84
Trd, 4318888.743, 102
Trd, 4318889.593, 138
Trd, 4318889.843, 106
Trd, 4318890.043, 130
Trd, 4318890.543, 71
Trd, 4318891.343, 88
Trd, 4318893.993, 78
Trd, 4318895.293, 89
Trd, 4318895.393, 87
Trd, 4318895.443, 97
Trd, 4318895.693, 86
Trd, 4318895.843, 116
Trd, 4318896.693, 78
Trd, 4318898.393, 94
Trd, 4318900.543, 130
Trd, 4318900.943, 118
Trd, 4318901.893, 115
Trd, 4318902.993, 118
Trd, 4318903.143, 98
Trd, 4318903.593, 140
Trd, 4318905.943, 66
Trd, 4318906.093, 64
Trd, 4318908.193, 75
Trd, 4318909.093, 107
Trd, 4318909.293, 131
Trd, 4318909.993, 122
Trd, 4318910.343, 111
Trd, 4318912.943, 105
Trd, 4318913.293, 101
Trd, 4318914.043, 76
Trd, 4318915.493, 140
Trd, 4318915.793, 111
Trd, 4318917.343, 99
Trd, 4318917.793, 99
Trd, 4318918.493, 83
Trd, 4318918.993, 91
Trd, 4318919.243, 85
Trd, 4318919.443, 85
Trd, 4318920.193, 140
Trd, 4318921.243, 93
Trd, 4318921.843, 81
Trd, 4318922.793, 92
Trd, 4318923.043, 106
Trd, 4318924.343, 132
Trd, 4318924.493, 127
Trd, 4318925.393, 123
Trd, 4318925.443, 101
Trd, 4318925.493, 99
Trd, 4318929.493, 140
Trd, 4318929.643, 139
Trd, 4318930.243, 124
Trd, 4318930.343, 123
Trd, 4318930.493, 133
Trd, 4318931.543, 124
Trd, 4318931.643, 116
Trd, 4318931.993, 118
Trd, 4318933.243, 131
Trd, 4318933.593, 105
Trd, 4318934.793, 110
Trd, 4318935.293, 122
Trd, 4318935.393, 110
Trd, 4318935.943, 88
Trd, 4318936.143, 111
Trd, 4318937.393, 68
Trd, 4318938.143, 75
Trd, 4318939.093, 76
Trd, 4318940.193, 60
Trd, 4318941.343, 93
Trd, 4318941.543, 94
Trd, 4318941.643, 92
Trd, 4318942.443, 97
Trd, 4318942.593, 91
Trd, 4318943.543, 121
Trd, 4318944.493, 130
Trd, 4318944.843, 77
Trd, 4318945.493, 108
Trd, 4318946.543, 106
Trd, 4318947.293, 115
Trd, 4318947.843, 107
Trd, 4318948.093, 108
Trd, 4318948.443, 97
Trd, 4318948.543, 92
Trd, 4318950.993, 140
Trd, 4318951.993, 140
Trd, 4318952.093, 122
Trd, 4318952.193, 117
Trd, 4318952.493, 115
Trd, 4318953.393, 71
Trd, 4318953.943, 69
Trd, 4318955.193, 136
Trd, 4318955.243, 135
Trd, 4318956.793, 140
Trd, 4318957.143, 134
Trd, 4318959.393, 100
Trd, 4318959.743, 101
Trd, 4318959.793, 96
Trd, 4318961.093, 125
Trd, 4318962.943, 89
Trd, 4318963.043, 139
Trd, 4318963.193, 105
Trd, 4318964.393, 114
Trd, 4318964.493, 101
Trd, 4318964.793, 113
Trd, 4318965.593, 86
Trd, 4318966.443, 72
Trd, 4318966.593, 67
Trd, 4318966.893, 82
Trd, 4318967.393, 89
Trd, 4318968.393, 113
Trd, 4318969.093, 88
Trd, 4318969.643, 86
Trd, 4318971.543, 86
Trd, 4318973.643, 120
Trd, 4318974.393, 98
Trd, 4318974.443, 89
Trd, 4318974.893, 115
Trd, 4318975.393, 89
Trd, 4318975.743, 86
Trd, 4318976.343, 126
Trd, 4318976.543, 140
Trd, 4318976.643, 125
Trd, 4318976.993, 82
Trd, 4318979.293, 129
Trd, 4318980.193, 117
Trd, 4318980.643, 102
Trd, 4318980.843, 98
Trd, 4318980.943, 106
Trd, 4318982.143, 120
Trd, 4318982.943, 96
Trd, 4318983.643, 73
Trd, 4318984.593, 71
Trd, 4318985.643, 121
Trd, 4318988.093, 106
Trd, 4318988.193, 102
Trd, 4318989.143, 126
Trd, 4318989.743, 108
Trd, 4318990.643, 100
Trd, 4318992.143, 117
Trd, 4318992.893, 139
Trd, 4318994.693, 139
Trd, 4318995.293, 134
Trd, 4318995.343, 119
Trd, 4318995.843, 116
Trd, 4318995.893, 104
Trd, 4318996.093, 99
Trd, 4318998.643, 100
Trd, 4318998.993, 96
Trd, 4318999.743, 115
Trd, 4319000.193, 139
Trd, 4319000.893, 91
Trd, 4319002.143, 83
Trd, 4319002.443, 106
Trd, 4319003.043, 97
Trd, 4319003.193, 124
Trd, 4319005.443, 137
Trd, 4319005.943, 128
Trd, 4319005.993, 123
Trd, 4319006.243, 116
Trd, 4319007.193, 106
Trd, 4319007.993, 101
Trd, 4319008.143, 138
Trd, 4319008.693, 97
Trd, 4319010.143, 90
Trd, 4319010.793, 86
Trd, 4319012.093, 83
Trd, 4319012.493, 82
Trd, 4319012.943, 118
Trd, 4319013.893, 92
Trd, 4319014.943, 116
Trd, 4319015.743, 118
Trd, 4319016.593, 116
Trd, 4319016.793, 116
Trd, 4319018.293, 126
Trd, 4319018.843, 100
Trd, 4319019.443, 96
Trd, 4319021.043, 96
Trd, 4319021.393, 92
Trd, 4319021.493, 74
Trd, 4319023.193, 91
Trd, 4319023.493, 64
Trd, 4319024.643, 140
Trd, 4319025.393, 106
Trd, 4319027.093, 114
Trd, 4319027.193, 100
Trd, 4319027.643, 98
Trd, 4319029.443, 100
Trd, 4319030.043, 118
Trd, 4319030.593, 129
Trd, 4319030.793, 101
Trd, 4319031.593, 99
Trd, 4319033.193, 120
Trd, 4319033.643, 120
Trd, 4319034.443, 140
Trd, 4319035.143, 140
Trd, 4319035.493, 112
Trd, 4319035.893, 108
Trd, 4319036.943, 104
Trd, 4319038.693, 69
Trd, 4319039.743, 80
Trd, 4319041.693, 74
Trd, 4319042.193, 110
Trd, 4319042.243, 97
Trd, 4319042.793, 83
Trd, 4319043.643, 100
Trd, 4319043.793, 96
Trd, 4319044.343, 78
Trd, 4319044.543, 73
Trd, 4319044.893, 84
Trd, 4319046.693, 98
Trd, 4319048.043, 89
Trd, 4319048.443, 92
Trd, 4319048.643, 122
Trd, 4319049.443, 124
Trd, 4319049.643, 92
Trd, 4319050.993, 97
Trd, 4319051.193, 67
Trd, 4319053.543, 70
Trd, 4319054.193, 61
Trd, 4319055.093, 62
Trd, 4319055.693, 89
Trd, 4319055.893, 91
Trd, 4319056.293, 81
Trd, 4319058.943, 136
Trd, 4319059.693, 135
Trd, 4319059.743, 119
Trd, 4319059.943, 89
Trd, 4319060.743, 113
Trd, 4319062.293, 102
Trd, 4319062.493, 99
Trd, 4319064.693, 82
Trd, 4319064.893, 98
Trd, 4319065.943, 98
Trd, 4319066.443, 96
Trd, 4319066.793, 84
Trd, 4319066.993, 65
Trd, 4319067.093, 104
Trd, 4319068.443, 64
Trd, 4319068.993, 80
Trd, 4319070.043, 84
Trd, 4319070.493, 96
Trd, 4319070.693, 76
Trd, 4319070.793, 74
Trd, 4319071.793, 67
Trd, 4319072.243, 71
Trd, 4319074.743, 85
Trd, 4319075.393, 92
Trd, 4319075.443, 100
Trd, 4319076.293, 79
Trd, 4319076.343, 82
Trd, 4319077.593, 98
Trd, 4319079.043, 103
Trd, 4319079.343, 139
Trd, 4319079.843, 115
Trd, 4319080.643, 138
Trd, 4319083.543, 105
Trd, 4319083.943, 104
Trd, 4319084.193, 111
Trd, 4319084.493, 110
Trd, 4319084.643, 103
Trd, 4319084.743, 77
Trd, 4319087.343, 82
Trd, 4319087.543, 86
Trd, 4319087.893, 137
Trd, 4319088.443, 107
Trd, 4319088.643, 97
Trd, 4319089.543, 86
Trd, 4319090.293, 90
Trd, 4319090.993, 99
Trd, 4319091.793, 135
Trd, 4319092.143, 128
Trd, 4319092.843, 138
Trd, 4319093.243, 109
Trd, 4319093.393, 84
Trd, 4319095.943, 138
Trd, 4319096.593, 113
Trd, 4319096.893, 89
Trd, 4319097.543, 107
Trd, 4319097.943, 69
Trd, 4319098.843, 70
Trd, 4319099.743, 61
Trd, 4319100.493, 68
Trd, 4319100.843, 60
Trd, 4319101.493, 88
Trd, 4319101.693, 83
Trd, 4319103.093, 108
Trd, 4319104.043, 105
Trd, 4319106.593, 86
Trd, 4319106.743, 77
Trd, 4319107.693, 140
Trd, 4319108.593, 131
Trd, 4319108.993, 126
Trd, 4319109.293, 109
Trd, 4319110.243, 117
Trd, 4319110.343, 108
Trd, 4319112.593, 139
Trd, 4319112.693, 120
Trd, 4319112.893, 100
Trd, 4319112.943, 100
Trd, 4319113.143, 93
Trd, 4319114.143, 111
Trd, 4319114.643, 103
Trd, 4319115.393, 140
Trd, 4319115.643, 112
Trd, 4319116.193, 104
Trd, 4319119.143, 100
Trd, 4319119.443, 121
Trd, 4319119.643, 105
Trd, 4319119.993, 75
Trd, 4319120.543, 67
Trd, 4319120.843, 75
Trd, 4319123.443, 90
Trd, 4319123.593, 89
Trd, 4319123.693, 74
Trd, 4319124.193, 126
Trd, 4319124.543, 72
Trd, 4319125.143, 131
Trd, 4319125.493, 107
Trd, 4319126.193, 84
Trd, 4319126.793, 83
Trd, 4319127.193, 88
Trd, 4319128.443, 60
Trd, 4319131.443, 61
Trd, 4319131.843, 70
Trd, 4319132.193, 139
Trd, 4319133.393, 79
Trd, 4319134.893, 72
Trd, 4319135.193, 77
Trd, 4319135.643, 81
Trd, 4319136.093, 77
Trd, 4319137.043, 97
Trd, 4319137.843, 78
Trd, 4319138.243, 98
Trd, 4319138.543, 140
Trd, 4319139.743, 140
Trd, 4319140.043, 134
Trd, 4319140.793, 105
Trd, 4319141.493, 105
Trd, 4319143.293, 99
Trd, 4319143.343, 85
Trd, 4319145.043, 103
Trd, 4319145.343, 99
Trd, 4319145.793, 91
Trd, 4319148.093, 119
Trd, 4319148.243, 118
Trd, 4319148.493, 105
Trd, 4319149.443, 88
Trd, 4319149.493, 81
Trd, 4319150.793, 117
Trd, 4319150.843, 113
Trd, 4319151.093, 110
Trd, 4319152.593, 87
Trd, 4319152.993, 87
Trd, 4319153.143, 86
Trd, 4319153.893, 99
Trd, 4319154.893, 72
Trd, 4319156.593, 109
Trd, 4319156.893, 102
Trd, 4319157.293, 101
Trd, 4319157.643, 140
Trd, 4319157.893, 128
Trd, 4319158.443, 123
Trd, 4319158.643, 94
Trd, 4319159.143, 65
Trd, 4319160.543, 118
Trd, 4319161.043, 116
Trd, 4319161.593, 108
Trd, 4319163.243, 103
Trd, 4319163.293, 126
Trd, 4319164.293, 102
Trd, 4319166.643, 80
Trd, 4319167.193, 84
Trd, 4319167.243, 67
Trd, 4319169.193, 74
Trd, 4319169.393, 86
Trd, 4319169.493, 76
Trd, 4319171.343, 128
Trd, 4319172.043, 127
Trd, 4319172.243, 122
Trd, 4319173.543, 140
Trd, 4319174.293, 121
Trd, 4319175.593, 100
Trd, 4319175.843, 99
Trd, 4319175.893, 93
Trd, 4319177.743, 95
Trd, 4319177.893, 71
Trd, 4319179.143, 116
Trd, 4319179.693, 137
Trd, 4319180.443, 111
Trd, 4319182.343, 118
Trd, 4319182.793, 124
Trd, 4319183.293, 122
Trd, 4319183.843, 118
Trd, 4319183.893, 111
Trd, 4319184.993, 122
Trd, 4319185.493, 121
Trd, 4319186.493, 111
Trd, 4319187.643, 117
Trd, 4319187.843, 130
Trd, 4319188.693, 96
Trd, 4319189.243, 84
Trd, 4319189.943, 107
Trd, 4319190.793, 93
Trd, 4319190.893, 86
Trd, 4319190.993, 116
Trd, 4319192.143, 63
Trd, 4319192.943, 102
Trd, 4319193.843, 78
Trd, 4319195.443, 75
Trd, 4319196.293, 106
Trd, 4319196.443, 88
Trd, 4319196.593, 66
Trd, 4319196.693, 66
Trd, 4319199.643, 64
Trd, 4319200.893, 69
Trd, 4319201.543, 68
Trd, 4319202.793, 116
Trd, 4319202.943, 73
Trd, 4319203.243, 74
Trd, 4319204.293, 101
Trd, 4319204.943, 97
Trd, 4319205.743, 66
Trd, 4319206.193, 114
Trd, 4319207.293, 83
Trd, 4319207.343, 69
Trd, 4319207.943, 62
Trd, 4319208.493, 71
Trd, 4319208.543, 86
Trd, 4319210.143, 109
Trd, 4319210.243, 108
Trd, 4319210.743, 116
Trd, 4319210.793, 105
Trd, 4319210.993, 62
Trd, 4319213.743, 140
Trd, 4319213.993, 139
Trd, 4319214.193, 134
Trd, 4319214.643, 128
Trd, 4319215.543, 96
Trd, 4319216.693, 89
Trd, 4319217.593, 115
Trd, 4319217.693, 80
Trd, 4319218.343, 135
Trd, 4319218.393, 139
Trd, 4319219.893, 126
Trd, 4319219.993, 101
Trd, 4319220.843, 95
Trd, 4319220.943, 88
Trd, 4319221.343, 135
Trd, 4319222.043, 99
Trd, 4319222.243, 85
Trd, 4319223.543, 96
Trd, 4319223.593, 82
Trd, 4319224.343, 78
Trd, 4319224.793, 86
Trd, 4319224.993, 86
Trd, 4319227.993, 115
Trd, 4319228.743, 139
Trd, 4319228.793, 124
Trd, 4319229.293, 84
Trd, 4319231.193, 85
Trd, 4319231.293, 77
Trd, 4319231.743, 102
Trd, 4319231.943, 106
Trd, 4319233.543, 131
Trd, 4319234.843, 119
Trd, 4319235.043, 115
Trd, 4319236.593, 98
Trd, 4319238.143, 97
Trd, 4319238.943, 89
Trd, 4319239.093, 79
Trd, 4319239.193, 114
Trd, 4319239.793, 121
Trd, 4319240.143, 106
Trd, 4319241.293, 103
Trd, 4319241.343, 89
Trd, 4319242.843, 96
Trd, 4319243.343, 94
Trd, 4319243.793, 100
Trd, 4319244.093, 107
Trd, 4319244.243, 81
Trd, 4319245.043, 76
Trd, 4319248.443, 108
Trd, 4319249.793, 139
Trd, 4319249.993, 100
Trd, 4319250.743, 103
Trd, 4319250.943, 96
Trd, 4319253.593, 115
Trd, 4319253.693, 114
Trd, 4319254.243, 85
Trd, 4319254.393, 74
Trd, 4319254.543, 123
Trd, 4319255.543, 82
Trd, 4319256.193, 122
Trd, 4319257.443, 60
Trd, 4319257.693, 105
Trd, 4319258.243, 130
Trd, 4319258.843, 87
Trd, 4319259.643, 124
Trd, 4319259.843, 133
Trd, 4319260.793, 74
Trd, 4319261.093, 79
Trd, 4319263.093, 110
Trd, 4319264.093, 116
Trd, 4319264.393, 115
Trd, 4319265.093, 110
Trd, 4319265.793, 116
Trd, 4319266.193, 101
Trd, 4319266.243, 94
Trd, 4319267.043, 77
Trd, 4319269.243, 125
Trd, 4319270.743, 138
Trd, 4319270.893, 105
Trd, 4319272.093, 129
Trd, 4319272.543, 134
Trd, 4319272.693, 129
Trd, 4319273.793, 115
Trd, 4319274.343, 113
Trd, 4319275.743, 111
Trd, 4319275.793, 106
Trd, 4319276.143, 85
Trd, 4319276.443, 79
Trd, 4319277.043, 86
Trd, 4319277.343, 123
Trd, 4319279.243, 133
Trd, 4319279.393, 132
Trd, 4319280.293, 121
Trd, 4319280.743, 117
Trd, 4319281.143, 115
Trd, 4319282.743, 114
Trd, 4319283.093, 87
Trd, 4319283.543, 109
Trd, 4319284.143, 95
Trd, 4319284.343, 128
Trd, 4319284.743, 86
Trd, 4319286.893, 111
Trd, 4319288.143, 96
Trd, 4319288.643, 88
Trd, 4319289.093, 140
Trd, 4319290.493, 87
Trd, 4319292.393, 120
Trd, 4319292.493, 119
Trd, 4319292.843, 112
Trd, 4319293.043, 107
Trd, 4319293.943, 101
Trd, 4319294.093, 140
Trd, 4319295.093, 130
Trd, 4319296.643, 98
Trd, 4319297.193, 112
Trd, 4319297.243, 89
Trd, 4319298.893, 95
Trd, 4319299.443, 117
Trd, 4319300.143, 88
Trd, 4319300.993, 77
Trd, 4319301.393, 78
Trd, 4319301.593, 83
Trd, 4319302.043, 139
Trd, 4319303.293, 77
Trd, 4319303.493, 138
Trd, 4319303.693, 77
Trd, 4319303.993, 73
Trd, 4319304.593, 109
Trd, 4319306.693, 123
Trd, 4319307.693, 119
Trd, 4319308.093, 117
Trd, 4319308.293, 102
Trd, 4319310.393, 94
Trd, 4319311.243, 69
Trd, 4319311.943, 98
Trd, 4319312.343, 96
Trd, 4319312.943, 68
Trd, 4319314.143, 95
Trd, 4319314.843, 74
Trd, 4319316.193, 77
Trd, 4319316.943, 116
Trd, 4319317.493, 106
Trd, 4319318.943, 97
Trd, 4319319.143, 81
Trd, 4319319.443, 78
Trd, 4319319.843, 78
Trd, 4319320.593, 73
Trd, 4319321.593, 96
Trd, 4319321.843, 122
Trd, 4319324.243, 85
Trd, 4319325.443, 100
Trd, 4319325.493, 108
Trd, 4319326.543, 78
Trd, 4319326.693, 83
Trd, 4319326.793, 87
Trd, 4319327.443, 108
Trd, 4319327.943, 77
Trd, 4319329.743, 138
Trd, 4319330.043, 127
Trd, 4319330.543, 118
Trd, 4319331.493, 118
Trd, 4319331.593, 115
Trd, 4319331.843, 120
Trd, 4319333.543, 119
Trd, 4319335.593, 78
Trd, 4319335.693, 127
Trd, 4319336.093, 74
Trd, 4319338.243, 93
Trd, 4319339.343, 84
Trd, 4319339.693, 84
Trd, 4319340.293, 102
Trd, 4319341.493, 91
Trd, 4319342.543, 140
Trd, 4319343.993, 96
Trd, 4319344.243, 114
Trd, 4319347.293, 94
Trd, 4319347.943, 106
Trd, 4319348.493, 100
Trd, 4319349.043, 105
Trd, 4319349.293, 113
Trd, 4319350.893, 87
Trd, 4319351.543, 81
Trd, 4319352.993, 131
Trd, 4319353.243, 118
Trd, 4319353.293, 113
Trd, 4319353.543, 83
Trd, 4319353.793, 81
Trd, 4319354.593, 67
Trd, 4319355.393, 81
Trd, 4319355.743, 103
Trd, 4319355.843, 78
Trd, 4319357.343, 86
Trd, 4319359.543, 140
Trd, 4319360.693, 127
Trd, 4319360.843, 124
Trd, 4319361.393, 109
Trd, 4319361.543, 100
Trd, 4319362.143, 111
Trd, 4319363.543, 118
Trd, 4319364.393, 119
Trd, 4319365.093, 137
Trd, 4319366.443, 113
Trd, 4319367.543, 110
Trd, 4319368.643, 101
Trd, 4319369.043, 96
Trd, 4319369.543, 95
Trd, 4319369.843, 78
Trd, 4319371.893, 118
Trd, 4319372.143, 114
Trd, 4319372.843, 98
Trd, 4319372.893, 95
Trd, 4319373.143, 139
Trd, 4319375.393, 93
Trd, 4319375.693, 81
Trd, 4319376.143, 128
Trd, 4319377.343, 101
Trd, 4319378.693, 74
Trd, 4319378.743, 74
Trd, 4319379.393, 79
Trd, 4319380.193, 78
Trd, 4319380.293, 65
Trd, 4319381.843, 91
Trd, 4319383.793, 140
Trd, 4319383.843, 134
Trd, 4319383.893, 120
Trd, 4319384.693, 94
Trd, 4319385.193, 93
Trd, 4319385.693, 111
Trd, 4319387.193, 100
Trd, 4319387.643, 129
Trd, 4319388.543, 91
Trd, 4319388.593, 77
Trd, 4319389.893, 131
Trd, 4319391.843, 140
Trd, 4319391.893, 134
Trd, 4319392.093, 84
Trd, 4319393.293, 101
Trd, 4319393.993, 99
Trd, 4319394.643, 77
Trd, 4319394.943, 110
Trd, 4319395.193, 122
Trd, 4319396.893, 85
Trd, 4319397.593, 84
Trd, 4319397.943, 69
Trd, 4319398.243, 71
Trd, 4319398.893, 105
Trd, 4319400.243, 121
Trd, 4319400.593, 111
Trd, 4319400.643, 106
Trd, 4319400.943, 88
Trd, 4319401.943, 99
Trd, 4319402.393, 83
Trd, 4319402.793, 140
Trd, 4319404.543, 118
Trd, 4319405.793, 140
Trd, 4319405.943, 119
Trd, 4319406.043, 115
Trd, 4319406.143, 108
Trd, 4319408.243, 99
Trd, 4319408.843, 92
Trd, 4319409.243, 106
Trd, 4319410.393, 116
Trd, 4319410.643, 95
Trd, 4319411.343, 105
Trd, 4319412.343, 95
Trd, 4319413.043, 118
Trd, 4319413.443, 133
Trd, 4319414.543, 76
Trd, 4319415.143, 98
Trd, 4319415.993, 73
Trd, 4319416.343, 130
Trd, 4319417.143, 93
Trd, 4319418.093, 123
Trd, 4319419.893, 120
Trd, 4319419.993, 116
Trd, 4319420.143, 113
Trd, 4319420.543, 97
Trd, 4319421.993, 128
Trd, 4319422.143, 102
Trd, 4319422.843, 140
Trd, 4319423.193, 102
Trd, 4319423.343, 91
Trd, 4319424.193, 65
Trd, 4319425.043, 67
Trd, 4319425.093, 97
Trd, 4319426.193, 83
Trd, 4319428.593, 86
Trd, 4319428.943, 105
Trd, 4319429.543, 130
Trd, 4319430.043, 120
Trd, 4319430.543, 110
Trd, 4319430.893, 107
Trd, 4319431.093, 93
Trd, 4319432.043, 87
Trd, 4319432.543, 127
Trd, 4319434.493, 115
Trd, 4319434.743, 88
Trd, 4319436.893, 61
Trd, 4319437.543, 63
Trd, 4319438.043, 86
Trd, 4319438.743, 103
Trd, 4319439.393, 99
Trd, 4319439.493, 106
Trd, 4319439.943, 98
Trd, 4319439.993, 95
Trd, 4319441.343, 102
Trd, 4319441.693, 86
Trd, 4319442.193, 82
Trd, 4319443.743, 88
Trd, 4319443.893, 67
Trd, 4319444.843, 100
Trd, 4319444.893, 81
Trd, 4319445.493, 92
Trd, 4319446.693, 95
Trd, 4319447.293, 94
Trd, 4319447.343, 93
Trd, 4319449.793, 135
Trd, 4319450.143, 120
Trd, 4319451.043, 107
Trd, 4319451.943, 94
Trd, 4319453.793, 117
Trd, 4319454.343, 87
Trd, 4319454.393, 77
Trd, 4319455.193, 100
Trd, 4319457.643, 73
Trd, 4319459.543, 100
Trd, 4319459.593, 106
Trd, 4319459.993, 99
Trd, 4319460.693, 107
Trd, 4319460.993, 83
Trd, 4319463.843, 139
Trd, 4319464.643, 97
Trd, 4319465.293, 117
Trd, 4319465.493, 93
Trd, 4319465.743, 89
Trd, 4319466.093, 105
Trd, 4319466.193, 78
Trd, 4319466.843, 101
Trd, 4319467.843, 87
Trd, 4319468.293, 85
Trd, 4319468.693, 104
Trd, 4319470.143, 74
Trd, 4319471.793, 63
Trd, 4319473.843, 93
Trd, 4319474.593, 95
Trd, 4319474.893, 105
Trd, 4319475.193, 90
Trd, 4319475.643, 81
Trd, 4319475.793, 127
Trd, 4319477.043, 78
Trd, 4319478.793, 97
Trd, 4319479.193, 118
Trd, 4319480.893, 87
Trd, 4319481.293, 108
Trd, 4319481.543, 92
Trd, 4319481.943, 90
Trd, 4319482.193, 112
Trd, 4319484.143, 139
Trd, 4319484.443, 134
Trd, 4319484.793, 117
Trd, 4319485.193, 69
Trd, 4319486.693, 69
Trd, 4319487.393, 65
Trd, 4319489.093, 140
Trd, 4319490.943, 138
Trd, 4319491.393, 133
Trd, 4319491.443, 116
Trd, 4319493.993, 99
Trd, 4319495.043, 111
Trd, 4319495.143, 107
Trd, 4319495.543, 121
Trd, 4319496.043, 116
Trd, 4319496.593, 105
Trd, 4319496.693, 73
Trd, 4319497.243, 63
Trd, 4319498.693, 88
Trd, 4319500.393, 91
Trd, 4319500.793, 96
Trd, 4319501.043, 97
Trd, 4319501.793, 112
Trd, 4319502.993, 98
Trd, 4319503.743, 87
Trd, 4319503.793, 129
Trd, 4319505.343, 75
Trd, 4319506.193, 135
Trd, 4319507.993, 140
Trd, 4319508.943, 140
Trd, 4319509.293, 124
Trd, 4319509.343, 120
Trd, 4319510.093, 136
Trd, 4319510.293, 122
Trd, 4319511.443, 111
Trd, 4319512.243, 98
Trd, 4319512.593, 97
Trd, 4319514.043, 118
Trd, 4319514.193, 103
Trd, 4319515.493, 108
Trd, 4319516.843, 74
Trd, 4319517.793, 118
Trd, 4319517.943, 114
Trd, 4319519.293, 136
Trd, 4319519.693, 113
Trd, 4319520.043, 117
Trd, 4319521.793, 92
Trd, 4319522.043, 112
Trd, 4319522.143, 86
Trd, 4319522.643, 79
Trd, 4319523.993, 102
Trd, 4319524.393, 100
Trd, 4319524.443, 82
Trd, 4319525.343, 111
Trd, 4319526.593, 84
Trd, 4319526.893, 77
Trd, 4319527.443, 66
Trd, 4319528.093, 133
Trd, 4319528.193, 99
Trd, 4319528.543, 140
Trd, 4319529.293, 61
Trd, 4319531.543, 98
Trd, 4319531.693, 92
Trd, 4319532.193, 117
Trd, 4319532.493, 106
Trd, 4319532.893, 88
Trd, 4319533.343, 79
Trd, 4319534.043, 94
Trd, 4319536.143, 76
Trd, 4319536.743, 122
Trd, 4319537.393, 93
Trd, 4319538.493, 139
Trd, 4319538.593, 117
Trd, 4319539.543, 115
Trd, 4319539.793, 108
Trd, 4319542.193, 109
Trd, 4319542.443, 107
Trd, 4319542.543, 114
Trd, 4319542.943, 101
Trd, 4319544.893, 108
Trd, 4319545.093, 76
Trd, 4319545.643, 73
Trd, 4319546.293, 88
Trd, 4319547.043, 121
Trd, 4319547.843, 76
Trd, 4319548.593, 64
Trd, 4319548.643, 69
Trd, 4319549.693, 60
Trd, 4319551.143, 92
Trd, 4319551.343, 90
Trd, 4319551.793, 140
Trd, 4319551.843, 89
Trd, 4319552.343, 80
Trd, 4319553.593, 91
Trd, 4319554.443, 139
Trd, 4319554.943, 135
Trd, 4319555.343, 134
Trd, 4319555.743, 100
Trd, 4319556.743, 87
Trd, 4319557.293, 105
Trd, 4319557.643, 103
Trd, 4319559.043, 97
Trd, 4319559.643, 105
Trd, 4319560.143, 87
Trd, 4319561.443, 89
Trd, 4319561.593, 66
Trd, 4319561.993, 108
Trd, 4319562.293, 139
Trd, 4319563.143, 77
Trd, 4319564.643, 77
Trd, 4319564.743, 127
Trd, 4319565.693, 108
Trd, 4319566.393, 105
Trd, 4319566.693, 66
Trd, 4319567.543, 93
Trd, 4319569.743, 63
Trd, 4319569.943, 61
Trd, 4319570.093, 72
Trd, 4319572.293, 119
Trd, 4319572.643, 78
Trd, 4319573.393, 84
Trd, 4319573.793, 81
Trd, 4319574.143, 70
Trd, 4319575.993, 89
Trd, 4319576.793, 139
Trd, 4319577.393, 129
Trd, 4319577.843, 124
Trd, 4319579.093, 98
Trd, 4319580.693, 134
Trd, 4319580.993, 120
Trd, 4319581.543, 87
Trd, 4319582.043, 80
Trd, 4319583.443, 134
Trd, 4319583.543, 108
Trd, 4319583.643, 128
Trd, 4319585.743, 115
Trd, 4319586.143, 111
Trd, 4319587.293, 140
Trd, 4319587.443, 135
Trd, 4319588.143, 107
Trd, 4319588.843, 94
Trd, 4319589.393, 84
Trd, 4319589.793, 69
Trd, 4319590.393, 134
Trd, 4319592.093, 127
Trd, 4319593.143, 110
Trd, 4319593.243, 109
Trd, 4319593.943, 104
Trd, 4319594.793, 97
Trd, 4319595.043, 116
Trd, 4319595.493, 110
Trd, 4319595.843, 109
Trd, 4319597.793, 140
Trd, 4319597.893, 130
Trd, 4319598.543, 123
Trd, 4319599.093, 138
Trd, 4319599.693, 119
Trd, 4319599.993, 95
Trd, 4319601.093, 79
Trd, 4319601.143, 98
Trd, 4319602.493, 83
Trd, 4319603.893, 60
Trd, 4319606.843, 93
Trd, 4319607.143, 98
Trd, 4319608.293, 119
Trd, 4319608.493, 117
Trd, 4319608.743, 89
Trd, 4319609.093, 126
Trd, 4319609.693, 128
Trd, 4319610.143, 79
Trd, 4319610.293, 73
Trd, 4319610.443, 95
Trd, 4319611.093, 95
Trd, 4319612.743, 121
Trd, 4319613.293, 126
Trd, 4319613.843, 112
Trd, 4319615.043, 131
Trd, 4319616.043, 96
Trd, 4319616.993, 140
Trd, 4319617.043, 116
Trd, 4319618.343, 122
Trd, 4319618.793, 86
Trd, 4319622.543, 140
Trd, 4319623.093, 140
Trd, 4319623.343, 123
Trd, 4319624.293, 82
Trd, 4319624.843, 80
Trd, 4319625.693, 75
Trd, 4319625.843, 81
Trd, 4319625.943, 88
Trd, 4319626.143, 68
Trd, 4319627.943, 92
Trd, 4319629.193, 124
Trd, 4319630.043, 102
Trd, 4319630.543, 101
Trd, 4319631.543, 96
Trd, 4319632.843, 87
Trd, 4319633.093, 86
Trd, 4319633.343, 107
Trd, 4319633.993, 65
Trd, 4319634.543, 83
Trd, 4319635.343, 88
Trd, 4319637.093, 106
Trd, 4319638.093, 93
Trd, 4319638.343, 90
Trd, 4319638.693, 90
Trd, 4319638.743, 99
Trd, 4319639.693, 92
Trd, 4319640.343, 85
Trd, 4319641.093, 118
Trd, 4319641.893, 102
Trd, 4319642.093, 108
Trd, 4319642.643, 97
Trd, 4319643.843, 97
Trd, 4319646.843, 116
Trd, 4319647.793, 140
Trd, 4319648.543, 101
Trd, 4319649.093, 97
Trd, 4319649.143, 95
Trd, 4319649.593, 80
Trd, 4319649.693, 85
Trd, 4319650.043, 92
Trd, 4319650.993, 91
Trd, 4319651.393, 60
Trd, 4319651.743, 92
Trd, 4319654.643, 93
Trd, 4319654.993, 92
Trd, 4319655.293, 90
Trd, 4319656.093, 122
Trd, 4319657.143, 80
Trd, 4319658.193, 114
Trd, 4319658.543, 87
Trd, 4319659.193, 74
Trd, 4319659.593, 88
Trd, 4319660.043, 67
Trd, 4319660.843, 90
Trd, 4319661.643, 140
Trd, 4319662.043, 114
Trd, 4319662.093, 108
Trd, 4319664.443, 83
Trd, 4319666.093, 61
Trd, 4319666.593, 85
Trd, 4319667.493, 81
Trd, 4319668.543, 102
Trd, 4319668.693, 140
Trd, 4319668.793, 94
Trd, 4319670.093, 91
Trd, 4319670.793, 140
Trd, 4319671.543, 89
Trd, 4319672.093, 105
Trd, 4319672.393, 71
Trd, 4319674.493, 107
Trd, 4319675.493, 118
Trd, 4319675.893, 107
Trd, 4319676.993, 67
Trd, 4319677.043, 82
Trd, 4319677.943, 72
Trd, 4319679.243, 85
Trd, 4319679.343, 97
Trd, 4319681.443, 110
Trd, 4319682.243, 89
Trd, 4319682.693, 107
Trd, 4319683.393, 136
Trd, 4319684.193, 135
Trd, 4319684.293, 126
Trd, 4319684.493, 114
Trd, 4319684.993, 114
Trd, 4319685.293, 121
Trd, 4319686.393, 113
Trd, 4319688.393, 124
Trd, 4319689.243, 84
Trd, 4319690.093, 97
Trd, 4319690.543, 87
Trd, 4319690.993, 92
Trd, 4319691.293, 85
Trd, 4319691.643, 140
Trd, 4319692.143, 111
Trd, 4319693.093, 102
Trd, 4319695.443, 112
Trd, 4319695.493, 100
Trd, 4319695.543, 113
Trd, 4319696.243, 98
Trd, 4319696.493, 84
Trd, 4319697.493, 82
Trd, 4319699.343, 95
Trd, 4319699.743, 94
Trd, 4319700.993, 121
Trd, 4319701.743, 113
Trd, 4319701.993, 137
Trd, 4319702.193, 104
Trd, 4319702.443, 107
Trd, 4319703.343, 85
Trd, 4319705.443, 92
Trd, 4319705.643, 107
Trd, 4319707.643, 102
Trd, 4319708.043, 88
Trd, 4319709.343, 105
Trd, 4319709.643, 100
Trd, 4319711.143, 85
Trd, 4319711.543, 108
Trd, 4319711.943, 100
Trd, 4319712.143, 117
Trd, 4319712.293, 90
Trd, 4319714.393, 92
Trd, 4319715.293, 99
Trd, 4319715.443, 82
Trd, 4319716.593, 84
Trd, 4319716.993, 134
Trd, 4319717.293, 76
Trd, 4319719.143, 75
Trd, 4319719.243, 74
Trd, 4319719.543, 91
Trd, 4319720.143, 119
Trd, 4319720.793, 86
Trd, 4319722.493, 61
Trd, 4319722.693, 74
Trd, 4319723.093, 104
Trd, 4319724.093, 67
Trd, 4319724.793, 71
Trd, 4319725.443, 88
Trd, 4319726.293, 67
Trd, 4319727.093, 102
Trd, 4319728.193, 86
Trd, 4319729.443, 100
Trd, 4319730.893, 99
Trd, 4319730.993, 87
Trd, 4319731.143, 112
Trd, 4319731.543, 88
Trd, 4319733.293, 108
Trd, 4319733.843, 105
Trd, 4319734.693, 127
Trd, 4319735.143, 130
Trd, 4319735.443, 82
Trd, 4319736.793, 119
Trd, 4319737.043, 115
Trd, 4319738.393, 85
Trd, 4319738.843, 96
Trd, 4319740.393, 96
Trd, 4319740.643, 85
Trd, 4319740.743, 121
Trd, 4319741.343, 135
Trd, 4319741.893, 74
Trd, 4319742.343, 75
Trd, 4319742.593, 67
Trd, 4319743.743, 93
Trd, 4319745.493, 65
Trd, 4319746.093, 84
Trd, 4319746.743, 71
Trd, 4319747.493, 88
Trd, 4319749.593, 106
Trd, 4319749.893, 76
Trd, 4319750.543, 128
Trd, 4319751.193, 128
Trd, 4319751.443, 80
Trd, 4319754.493, 60
Trd, 4319755.993, 79
Trd, 4319756.043, 98
Trd, 4319756.943, 92
Trd, 4319757.293, 68
Trd, 4319758.193, 72
Trd, 4319758.643, 94
Trd, 4319759.243, 101
Trd, 4319759.343, 93
Trd, 4319762.493, 103
Trd, 4319762.593, 99
Trd, 4319762.993, 110
Trd, 4319763.343, 96
Trd, 4319763.843, 88
Trd, 4319766.193, 138
Trd, 4319766.443, 106
Trd, 4319766.943, 99
Trd, 4319767.343, 120
Trd, 4319768.093, 78
Trd, 4319769.243, 123
Trd, 4319769.343, 86
Trd, 4319770.993, 131
Trd, 4319771.143, 126
Trd, 4319771.293, 72
Trd, 4319773.893, 102
Trd, 4319774.243, 139
Trd, 4319776.043, 130
Trd, 4319776.143, 120
Trd, 4319776.243, 81
Trd, 4319777.243, 85
Trd, 4319778.043, 93
Trd, 4319778.693, 68
Trd, 4319779.543, 64
Trd, 4319779.743, 64
Trd, 4319780.243, 94
Trd, 4319782.493, 70
Trd, 4319783.843, 89
Trd, 4319784.993, 111
Trd, 4319785.693, 97
Trd, 4319787.543, 105
Trd, 4319787.643, 104
Trd, 4319787.793, 96
Trd, 4319787.993, 113
Trd, 4319790.243, 88
Trd, 4319791.693, 129
Trd, 4319791.793, 124
Trd, 4319792.843, 92
Trd, 4319792.993, 92
Trd, 4319793.993, 140
Trd, 4319794.343, 97
Trd, 4319794.493, 95
Trd, 4319795.393, 87
Trd, 4319796.093, 72
Trd, 4319797.493, 123
Trd, 4319798.193, 62
Trd, 4319798.593, 61
Trd, 4319800.093, 87
Trd, 4319800.243, 61
Trd, 4319801.093, 77
Trd, 4319801.943, 71
Trd, 4319802.743, 69
Trd, 4319803.393, 63
Trd, 4319804.043, 72
Trd, 4319804.343, 68
Trd, 4319806.243, 80
Trd, 4319807.243, 87
Trd, 4319807.793, 108
Trd, 4319808.843, 109
Trd, 4319809.393, 98
Trd, 4319809.943, 114
Trd, 4319809.993, 86
Trd, 4319810.493, 80
Trd, 4319811.643, 92
Trd, 4319813.343, 118
Trd, 4319813.643, 113
Trd, 4319813.843, 110
Trd, 4319814.193, 109
Trd, 4319814.943, 105
Trd, 4319815.993, 130
Trd, 4319816.243, 88
Trd, 4319816.293, 87
Trd, 4319817.443, 74
Trd, 4319817.793, 71
Trd, 4319819.143, 104
Trd, 4319819.593, 100
Trd, 4319820.793, 139
Trd, 4319821.093, 129
Trd, 4319821.593, 113
Trd, 4319822.293, 112
Trd, 4319823.393, 111
Trd, 4319823.743, 111
Trd, 4319825.993, 124
Trd, 4319826.243, 109
Trd, 4319826.543, 108
Trd, 4319826.693, 112
Trd, 4319826.843, 139
Trd, 4319827.543, 102
Trd, 4319828.593, 88
Trd, 4319829.643, 60
Trd, 4319829.793, 90
Trd, 4319830.293, 138
Trd, 4319830.543, 71
Trd, 4319830.793, 70
Trd, 4319832.143, 65
Trd, 4319832.993, 65
Trd, 4319834.043, 106
Trd, 4319835.043, 89
Trd, 4319835.193, 103
Trd, 4319836.743, 110
Trd, 4319837.193, 79
Trd, 4319837.893, 128
Trd, 4319839.243, 101
Trd, 4319840.343, 61
Trd, 4319841.843, 81
Trd, 4319842.243, 84
Trd, 4319843.043, 139
Trd, 4319843.143, 96
Trd, 4319844.393, 102
Trd, 4319845.193, 80
Trd, 4319845.743, 78
Trd, 4319846.693, 88
Trd, 4319847.993, 108
Trd, 4319848.843, 121
Trd, 4319848.943, 114
Trd, 4319850.843, 133
Trd, 4319851.293, 104
Trd, 4319851.443, 99
Trd, 4319852.043, 92
Trd, 4319852.143, 82
Trd, 4319854.643, 98
Trd, 4319854.943, 79
Trd, 4319855.443, 74
Trd, 4319857.643, 78
Trd, 4319858.293, 116
Trd, 4319858.893, 95
Trd, 4319859.343, 89
Trd, 4319860.493, 94
Trd, 4319861.693, 118
Trd, 4319862.293, 115
Trd, 4319862.593, 105
Trd, 4319863.793, 140
Trd, 4319864.043, 140
Trd, 4319864.193, 124
Trd, 4319865.343, 138
Trd, 4319865.693, 99
Trd, 4319866.243, 98
Trd, 4319866.993, 93
Trd, 4319868.343, 116
Trd, 4319869.943, 116
Trd, 4319870.143, 112
Trd, 4319870.493, 104
Trd, 4319871.443, 108
Trd, 4319871.793, 120
Trd, 4319872.093, 81
Trd, 4319873.293, 115
Trd, 4319874.743, 124
Trd, 4319876.493, 128
Trd, 4319876.993, 127
Trd, 4319877.143, 121
Trd, 4319878.343, 99
Trd, 4319878.843, 89
Trd, 4319879.443, 63
Trd, 4319880.243, 112
Trd, 4319881.043, 111
Trd, 4319881.543, 139
Trd, 4319882.443, 97
Trd, 4319883.693, 100
Trd, 4319884.493, 120
Trd, 4319885.943, 85
Trd, 4319887.893, 108
Trd, 4319888.343, 106
Trd, 4319888.793, 105
Trd, 4319888.993, 120
Trd, 4319889.843, 124
Trd, 4319890.093, 106
Trd, 4319891.393, 96
Trd, 4319892.143, 138
Trd, 4319892.693, 127
Trd, 4319893.193, 118
Trd, 4319893.493, 115
Trd, 4319894.143, 127
Trd, 4319894.943, 118
Trd, 4319895.093, 105
Trd, 4319895.893, 104
Trd, 4319896.193, 111
Trd, 4319898.493, 86
Trd, 4319898.943, 91
Trd, 4319898.993, 83
Trd, 4319899.343, 105
Trd, 4319899.743, 88
Trd, 4319900.843, 87
Trd, 4319901.743, 139
Trd, 4319902.243, 138
Trd, 4319903.543, 102
Trd, 4319904.493, 105
Trd, 4319905.543, 121
Trd, 4319905.843, 95
Trd, 4319906.193, 101
Trd, 4319906.493, 107
Trd, 4319907.243, 73
Trd, 4319907.743, 73
Trd, 4319909.993, 89
Trd, 4319910.243, 84
Trd, 4319910.293, 136
Trd, 4319910.343, 81
Trd, 4319911.693, 82
Trd, 4319911.943, 88
Trd, 4319913.193, 71
Trd, 4319915.443, 104
Trd, 4319915.493, 100
Trd, 4319916.493, 105
Trd, 4319917.293, 93
Trd, 4319917.643, 88
Trd, 4319918.943, 89
Trd, 4319920.443, 139
Trd, 4319921.093, 86
Trd, 4319921.643, 92
Trd, 4319922.143, 98
Trd, 4319922.643, 74
Trd, 4319922.993, 71
Trd, 4319923.343, 76
Trd, 4319923.393, 98
Trd, 4319924.193, 96
Trd, 4319924.343, 92
Trd, 4319927.493, 140
Trd, 4319927.743, 139
Trd, 4319927.793, 121
Trd, 4319927.993, 123
Trd, 4319930.893, 113
Trd, 4319931.993, 136
Trd, 4319932.343, 131
Trd, 4319933.493, 139
Trd, 4319933.643, 129
Trd, 4319933.993, 127
Trd, 4319934.093, 108
Trd, 4319935.093, 72
Trd, 4319935.143, 103
Trd, 4319935.843, 83
Trd, 4319937.093, 92
Trd, 4319937.493, 93
Trd, 4319938.193, 68
Trd, 4319939.593, 67
Trd, 4319940.843, 96
Trd, 4319940.893, 107
Trd, 4319942.493, 95
Trd, 4319942.543, 100
Trd, 4319943.993, 110
Trd, 4319944.243, 94
Trd, 4319944.293, 92
Trd, 4319945.443, 111
Trd, 4319947.843, 84
Trd, 4319948.343, 73
Trd, 4319948.443, 88
Trd, 4319948.743, 71
Trd, 4319949.943, 99
Trd, 4319950.093, 103
Trd, 4319950.343, 79
Trd, 4319952.393, 60
Trd, 4319952.593, 61
Trd, 4319953.043, 120
Trd, 4319953.993, 123
Trd, 4319955.293, 134
Trd, 4319956.143, 131
Trd, 4319956.343, 125
Trd, 4319957.943, 107
Trd, 4319958.893, 87
Trd, 4319959.393, 110
Trd, 4319959.793, 109
Trd, 4319962.943, 140
Trd, 4319963.693, 135
Trd, 4319963.793, 130
Trd, 4319964.293, 112
Trd, 4319966.393, 63
Trd, 4319966.593, 69
Trd, 4319966.993, 70
Trd, 4319967.693, 68
Trd, 4319967.893, 79
Trd, 4319968.643, 140
Trd, 4319969.793, 94
Trd, 4319970.943, 113
Trd, 4319971.143, 117
Trd, 4319972.143, 78
Trd, 4319972.693, 73
Trd, 4319973.693, 99
Trd, 4319974.343, 132
Trd, 4319974.393, 97
Trd, 4319975.693, 140
Trd, 4319975.993, 129
Trd, 4319976.393, 121
Trd, 4319977.693, 108
Trd, 4319977.743, 107
Trd, 4319978.593, 87
Trd, 4319979.093, 74
Trd, 4319979.243, 70
Trd, 4319980.293, 69
Trd, 4319981.493, 140
Trd, 4319981.543, 140
Trd, 4319982.043, 112
Trd, 4319982.743, 92
Trd, 4319982.943, 70
Trd, 4319983.293, 102
Trd, 4319983.943, 72
Trd, 4319985.493, 102
Trd, 4319986.543, 86
Trd, 4319986.593, 76
Trd, 4319987.193, 107
Trd, 4319987.793, 87
Trd, 4319989.393, 138
Trd, 4319989.643, 125
Trd, 4319990.993, 117
Trd, 4319991.043, 113
Trd, 4319991.493, 101
Trd, 4319992.293, 112
Trd, 4319994.143, 121
Trd, 4319995.843, 119
Trd, 4319996.043, 117
Trd, 4319996.093, 113
Trd, 4319996.343, 103
Trd, 4319997.743, 101
Trd, 4319998.243, 120
Trd, 4319999.693, 97
