Trd, 4318041.343, 136
Trd, 4318041.643, 128
Trd, 4318041.893, 137
Trd, 4318041.993, 127
Trd, 4318042.193, 125
Trd, 4318042.693, 109
Trd, 4318043.243, 106
Trd, 4318043.593, 129
Trd, 4318044.143, 104
Trd, 4318044.493, 109
Trd, 4318045.793, 103
Trd, 4318046.243, 74
Trd, 4318046.643, 132
Trd, 4318047.143, 77
Trd, 4318047.443, 99
Trd, 4318048.593, 138
Trd, 4318049.093, 128
Trd, 4318049.393, 95
Trd, 4318051.793, 112
Trd, 4318051.943, 111
Trd, 4318052.593, 102
Trd, 4318052.693, 102
Trd, 4318053.643, 98
Trd, 4318053.693, 88
Trd, 4318053.843, 93
Trd, 4318054.543, 90
Trd, 4318054.643, 70
Trd, 4318056.093, 110
Trd, 4318058.143, 95
Trd, 4318059.293, 112
Trd, 4318062.043, 132
Trd, 4318062.193, 131
Trd, 4318062.643, 127
Trd, 4318063.893, 117
Trd, 4318064.393, 100
Trd, 4318065.143, 107
Trd, 4318067.543, 131
Trd, 4318068.043, 136
Trd, 4318069.043, 127
Trd, 4318069.393, 102
Trd, 4318069.693, 104
Trd, 4318070.043, 87
Trd, 4318070.643, 80
Trd, 4318072.843, 140
Trd, 4318073.093, 138
Trd, 4318073.943, 135
Trd, 4318075.393, 123
Trd, 4318077.043, 104
Trd, 4318078.493, 123
Trd, 4318078.593, 105
Trd, 4318079.643, 112
Trd, 4318080.193, 96
Trd, 4318081.543, 129
Trd, 4318083.193, 123
Trd, 4318083.393, 117
Trd, 4318083.443, 93
Trd, 4318084.643, 84
Trd, 4318084.993, 105
Trd, 4318086.193, 110
Trd, 4318087.543, 134
Trd, 4318087.693, 129
Trd, 4318088.643, 128
Trd, 4318089.643, 98
Trd, 4318090.893, 126
Trd, 4318091.593, 92
Trd, 4318092.193, 98
Trd, 4318093.693, 105
Trd, 4318094.343, 121
Trd, 4318094.643, 139
Trd, 4318096.643, 116
Trd, 4318097.343, 106
Trd, 4318097.743, 88
Trd, 4318098.893, 86
Trd, 4318099.343, 82
Trd, 4318100.743, 138
Trd, 4318101.393, 131
Trd, 4318103.093, 92
Trd, 4318103.443, 90
Trd, 4318103.893, 109
Trd, 4318104.093, 103
Trd, 4318105.043, 123
Trd, 4318105.243, 83
Trd, 4318105.543, 79
Trd, 4318107.493, 73
Trd, 4318108.093, 89
Trd, 4318108.293, 135
Trd, 4318109.793, 99
Trd, 4318109.943, 111
Trd, 4318111.593, 98
Trd, 4318111.993, 99
Trd, 4318113.343, 112
Trd, 4318113.793, 103
Trd, 4318114.543, 98
Trd, 4318114.643, 97
Trd, 4318114.943, 105
Trd, 4318115.243, 91
Trd, 4318117.493, 85
Trd, 4318117.943, 130
Trd, 4318120.143, 139
Trd, 4318120.243, 137
Trd, 4318120.693, 131
Trd, 4318120.993, 132
Trd, 4318121.043, 113
Trd, 4318123.143, 128
Trd, 4318124.443, 136
Trd, 4318124.843, 131
Trd, 4318125.693, 139
Trd, 4318127.793, 132
Trd, 4318128.143, 133
Trd, 4318129.093, 138
Trd, 4318129.293, 128
Trd, 4318130.843, 126
Trd, 4318130.993, 115
Trd, 4318131.143, 111
Trd, 4318131.543, 118
Trd, 4318133.243, 122
Trd, 4318133.643, 108
Trd, 4318133.993, 106
Trd, 4318134.593, 108
Trd, 4318135.543, 91
Trd, 4318135.943, 85
Trd, 4318138.393, 120
Trd, 4318139.593, 122
Trd, 4318139.643, 101
Trd, 4318140.643, 139
Trd, 4318140.893, 119
Trd, 4318141.643, 111
Trd, 4318143.393, 135
Trd, 4318143.443, 129
Trd, 4318143.843, 110
Trd, 4318144.443, 109
Trd, 4318145.343, 94
Trd, 4318146.493, 103
Trd, 4318147.993, 124
Trd, 4318149.343, 120
Trd, 4318149.843, 137
Trd, 4318150.093, 116
Trd, 4318150.243, 104
Trd, 4318151.743, 129
Trd, 4318152.793, 102
Trd, 4318153.693, 101
Trd, 4318154.493, 105
Trd, 4318154.993, 94
Trd, 4318155.293, 103
Trd, 4318156.893, 125
Trd, 4318157.793, 110
Trd, 4318158.093, 106
Trd, 4318159.943, 110
Trd, 4318160.093, 100
Trd, 4318160.143, 84
Trd, 4318161.843, 129
Trd, 4318161.993, 117
Trd, 4318162.393, 110
Trd, 4318162.843, 131
Trd, 4318163.393, 105
Trd, 4318163.993, 139
Trd, 4318165.343, 124
Trd, 4318165.493, 119
Trd, 4318166.043, 112
Trd, 4318167.393, 134
Trd, 4318167.493, 123
Trd, 4318167.793, 101
Trd, 4318169.543, 107
Trd, 4318170.993, 94
Trd, 4318171.093, 88
Trd, 4318171.243, 85
Trd, 4318173.943, 134
Trd, 4318175.043, 115
Trd, 4318175.293, 114
Trd, 4318175.593, 96
Trd, 4318177.643, 94
Trd, 4318178.843, 92
Trd, 4318179.643, 92
Trd, 4318180.493, 95
Trd, 4318180.743, 126
Trd, 4318181.093, 91
Trd, 4318182.193, 89
Trd, 4318182.943, 135
Trd, 4318184.193, 125
Trd, 4318184.643, 124
Trd, 4318184.843, 115
Trd, 4318185.243, 109
Trd, 4318186.043, 102
Trd, 4318186.643, 111
Trd, 4318187.743, 83
Trd, 4318188.943, 125
Trd, 4318189.043, 139
Trd, 4318190.043, 114
Trd, 4318190.193, 102
Trd, 4318191.593, 101
Trd, 4318192.443, 85
Trd, 4318192.543, 75
Trd, 4318193.343, 112
Trd, 4318194.343, 76
Trd, 4318196.943, 125
Trd, 4318197.243, 118
Trd, 4318197.843, 116
Trd, 4318198.193, 91
Trd, 4318198.493, 120
Trd, 4318200.093, 104
Trd, 4318201.843, 114
Trd, 4318203.043, 92
Trd, 4318204.393, 87
Trd, 4318204.693, 94
Trd, 4318205.443, 136
Trd, 4318205.643, 126
Trd, 4318206.943, 102
Trd, 4318208.843, 140
Trd, 4318208.993, 134
Trd, 4318210.043, 107
Trd, 4318210.943, 130
Trd, 4318211.043, 128
Trd, 4318211.443, 124
Trd, 4318213.193, 117
Trd, 4318214.093, 81
Trd, 4318214.693, 104
Trd, 4318216.443, 81
Trd, 4318217.093, 120
Trd, 4318217.743, 115
Trd, 4318217.943, 124
Trd, 4318219.543, 107
Trd, 4318220.893, 117
Trd, 4318220.943, 113
Trd, 4318221.293, 132
Trd, 4318221.593, 137
Trd, 4318223.643, 111
Trd, 4318224.193, 121
Trd, 4318225.693, 86
Trd, 4318226.693, 91
Trd, 4318227.743, 98
Trd, 4318228.243, 99
Trd, 4318228.643, 98
Trd, 4318231.193, 135
Trd, 4318231.243, 125
Trd, 4318232.293, 139
Trd, 4318233.043, 122
Trd, 4318233.243, 119
Trd, 4318234.093, 113
Trd, 4318235.943, 125
Trd, 4318237.393, 81
Trd, 4318237.893, 90
Trd, 4318238.743, 127
Trd, 4318239.643, 113
Trd, 4318239.893, 111
Trd, 4318240.393, 112
Trd, 4318240.943, 93
Trd, 4318244.093, 108
Trd, 4318244.793, 103
Trd, 4318245.093, 104
Trd, 4318245.593, 116
Trd, 4318247.643, 140
Trd, 4318247.693, 140
Trd, 4318250.193, 124
Trd, 4318250.643, 121
Trd, 4318251.693, 130
Trd, 4318252.893, 118
Trd, 4318253.193, 140
Trd, 4318253.693, 116
Trd, 4318254.743, 99
Trd, 4318256.443, 124
Trd, 4318257.443, 129
Trd, 4318258.193, 138
Trd, 4318258.293, 123
Trd, 4318259.543, 115
Trd, 4318260.293, 78
Trd, 4318261.743, 115
Trd, 4318262.793, 139
Trd, 4318263.843, 113
Trd, 4318265.443, 108
Trd, 4318266.043, 106
Trd, 4318266.793, 114
Trd, 4318268.543, 125
Trd, 4318268.893, 95
Trd, 4318269.243, 91
Trd, 4318269.793, 105
Trd, 4318270.393, 90
Trd, 4318272.743, 102
Trd, 4318272.843, 91
Trd, 4318273.493, 92
Trd, 4318274.693, 120
Trd, 4318275.393, 109
Trd, 4318276.643, 118
Trd, 4318277.193, 114
Trd, 4318277.793, 91
Trd, 4318278.993, 132
Trd, 4318279.693, 131
Trd, 4318281.393, 130
Trd, 4318281.793, 108
Trd, 4318284.093, 138
Trd, 4318284.743, 114
Trd, 4318285.093, 114
Trd, 4318287.493, 139
Trd, 4318287.593, 123
Trd, 4318287.643, 99
Trd, 4318287.893, 111
Trd, 4318289.393, 96
Trd, 4318291.393, 97
Trd, 4318292.793, 128
Trd, 4318293.843, 119
Trd, 4318294.143, 112
Trd, 4318295.343, 119
Trd, 4318295.443, 114
Trd, 4318296.893, 129
Trd, 4318297.493, 138
Trd, 4318297.643, 105
Trd, 4318297.743, 77
Trd, 4318299.043, 133
Trd, 4318299.293, 112
Trd, 4318300.643, 114
Trd, 4318301.193, 112
Trd, 4318302.293, 131
Trd, 4318302.743, 126
Trd, 4318303.393, 140
Trd, 4318305.193, 135
Trd, 4318305.243, 124
Trd, 4318306.343, 116
Trd, 4318307.993, 104
Trd, 4318308.993, 95
Trd, 4318309.293, 113
Trd, 4318310.143, 104
Trd, 4318310.393, 98
Trd, 4318311.393, 119
Trd, 4318311.843, 67
Trd, 4318313.243, 102
Trd, 4318315.043, 123
Trd, 4318315.743, 118
Trd, 4318315.943, 113
Trd, 4318316.443, 133
Trd, 4318316.543, 111
Trd, 4318318.493, 110
Trd, 4318319.143, 101
Trd, 4318320.743, 105
Trd, 4318321.793, 138
Trd, 4318322.493, 91
Trd, 4318324.843, 129
Trd, 4318325.443, 122
Trd, 4318325.993, 100
Trd, 4318326.693, 122
Trd, 4318328.143, 110
Trd, 4318328.443, 138
Trd, 4318331.593, 121
Trd, 4318331.643, 109
Trd, 4318332.443, 121
Trd, 4318332.743, 115
Trd, 4318333.343, 119
Trd, 4318333.793, 111
Trd, 4318335.143, 110
Trd, 4318335.493, 102
Trd, 4318335.943, 80
Trd, 4318336.893, 77
Trd, 4318337.643, 96
Trd, 4318338.343, 138
Trd, 4318340.043, 127
Trd, 4318340.493, 133
Trd, 4318341.543, 139
Trd, 4318344.243, 125
Trd, 4318344.793, 128
Trd, 4318344.893, 123
Trd, 4318344.993, 119
Trd, 4318345.243, 114
Trd, 4318348.493, 128
Trd, 4318349.143, 124
Trd, 4318349.243, 121
Trd, 4318349.543, 107
Trd, 4318350.143, 138
Trd, 4318350.843, 113
Trd, 4318352.543, 130
Trd, 4318353.493, 124
Trd, 4318353.843, 119
Trd, 4318354.243, 115
Trd, 4318355.093, 109
Trd, 4318355.793, 101
Trd, 4318356.143, 124
Trd, 4318357.393, 81
Trd, 4318359.093, 105
Trd, 4318359.293, 129
Trd, 4318360.193, 97
Trd, 4318360.893, 139
Trd, 4318361.843, 80
Trd, 4318362.243, 69
Trd, 4318362.943, 65
Trd, 4318366.893, 139
Trd, 4318367.093, 137
Trd, 4318367.443, 134
Trd, 4318368.293, 131
Trd, 4318368.843, 125
Trd, 4318368.943, 121
Trd, 4318369.293, 107
Trd, 4318371.093, 134
Trd, 4318371.843, 129
Trd, 4318372.193, 130
Trd, 4318373.293, 139
Trd, 4318374.593, 128
Trd, 4318375.293, 117
Trd, 4318375.893, 113
Trd, 4318377.593, 115
Trd, 4318378.643, 123
Trd, 4318379.543, 136
Trd, 4318381.193, 139
Trd, 4318381.793, 134
Trd, 4318383.393, 116
Trd, 4318384.293, 135
Trd, 4318384.493, 119
Trd, 4318384.793, 105
Trd, 4318386.643, 137
Trd, 4318387.293, 135
Trd, 4318389.043, 139
Trd, 4318389.243, 136
Trd, 4318390.643, 139
Trd, 4318390.993, 130
Trd, 4318391.493, 120
Trd, 4318394.093, 136
Trd, 4318394.643, 109
Trd, 4318395.143, 98
Trd, 4318395.593, 116
Trd, 4318396.743, 134
Trd, 4318396.793, 103
Trd, 4318396.993, 74
Trd, 4318398.343, 101
Trd, 4318398.693, 131
Trd, 4318402.043, 134
Trd, 4318402.193, 133
Trd, 4318402.843, 116
Trd, 4318403.593, 110
Trd, 4318404.893, 128
Trd, 4318405.043, 110
Trd, 4318405.093, 99
Trd, 4318405.443, 128
Trd, 4318407.493, 135
Trd, 4318407.943, 110
Trd, 4318407.993, 108
Trd, 4318408.293, 93
Trd, 4318409.993, 134
Trd, 4318410.393, 94
Trd, 4318410.443, 93
Trd, 4318410.643, 94
Trd, 4318412.743, 87
Trd, 4318413.293, 85
Trd, 4318413.593, 69
Trd, 4318415.093, 99
Trd, 4318417.343, 109
Trd, 4318417.543, 124
Trd, 4318418.593, 94
Trd, 4318418.843, 137
Trd, 4318419.393, 98
Trd, 4318419.593, 91
Trd, 4318420.593, 85
Trd, 4318420.993, 100
Trd, 4318422.943, 111
Trd, 4318424.593, 108
Trd, 4318424.693, 103
Trd, 4318425.843, 119
Trd, 4318426.193, 103
Trd, 4318426.293, 101
Trd, 4318426.643, 108
Trd, 4318427.993, 101
Trd, 4318429.443, 106
Trd, 4318430.043, 106
Trd, 4318430.093, 107
Trd, 4318433.243, 116
Trd, 4318433.643, 115
Trd, 4318434.393, 126
Trd, 4318435.443, 111
Trd, 4318436.293, 104
Trd, 4318437.093, 125
Trd, 4318438.643, 90
Trd, 4318439.343, 94
Trd, 4318439.393, 84
Trd, 4318440.993, 134
Trd, 4318442.293, 134
Trd, 4318442.643, 129
Trd, 4318442.993, 128
Trd, 4318443.143, 130
Trd, 4318445.443, 120
Trd, 4318445.643, 118
Trd, 4318446.093, 116
Trd, 4318447.643, 133
Trd, 4318450.793, 137
Trd, 4318450.843, 134
Trd, 4318452.443, 104
Trd, 4318452.743, 100
Trd, 4318454.593, 97
Trd, 4318455.143, 110
Trd, 4318455.193, 99
Trd, 4318455.743, 94
Trd, 4318455.843, 92
Trd, 4318456.543, 106
Trd, 4318456.893, 128
Trd, 4318457.493, 95
Trd, 4318458.743, 66
Trd, 4318459.843, 76
Trd, 4318460.043, 82
Trd, 4318461.193, 132
Trd, 4318462.543, 123
Trd, 4318462.893, 138
Trd, 4318463.293, 110
Trd, 4318463.793, 91
Trd, 4318465.543, 97
Trd, 4318465.693, 89
Trd, 4318465.743, 87
Trd, 4318466.843, 97
Trd, 4318467.293, 97
Trd, 4318468.893, 139
Trd, 4318469.693, 96
Trd, 4318472.393, 121
Trd, 4318472.593, 116
Trd, 4318474.243, 133
Trd, 4318474.593, 129
Trd, 4318474.993, 89
Trd, 4318475.393, 87
Trd, 4318475.793, 88
Trd, 4318478.243, 99
Trd, 4318478.393, 96
Trd, 4318478.543, 89
Trd, 4318479.493, 89
Trd, 4318479.943, 94
Trd, 4318482.343, 136
Trd, 4318482.393, 125
Trd, 4318484.043, 128
Trd, 4318484.893, 102
Trd, 4318485.243, 123
Trd, 4318486.293, 131
Trd, 4318486.593, 126
Trd, 4318487.493, 126
Trd, 4318487.643, 120
Trd, 4318488.943, 103
Trd, 4318489.293, 105
Trd, 4318489.393, 85
Trd, 4318489.593, 91
Trd, 4318490.443, 108
Trd, 4318492.243, 104
Trd, 4318492.643, 101
Trd, 4318492.693, 81
Trd, 4318493.493, 138
Trd, 4318494.543, 96
Trd, 4318495.493, 119
Trd, 4318495.843, 118
Trd, 4318497.193, 107
Trd, 4318497.643, 140
Trd, 4318498.143, 122
Trd, 4318499.393, 116
Trd, 4318499.543, 116
Trd, 4318500.193, 98
Trd, 4318501.593, 112
Trd, 4318501.693, 108
Trd, 4318503.343, 128
Trd, 4318503.693, 137
Trd, 4318504.043, 111
Trd, 4318507.143, 109
Trd, 4318509.593, 132
Trd, 4318509.893, 123
Trd, 4318511.043, 123
Trd, 4318511.093, 122
Trd, 4318511.193, 101
Trd, 4318512.593, 97
Trd, 4318513.293, 109
Trd, 4318513.593, 124
Trd, 4318515.343, 116
Trd, 4318515.543, 112
Trd, 4318518.643, 129
Trd, 4318519.743, 129
Trd, 4318519.843, 124
Trd, 4318519.943, 97
Trd, 4318520.293, 110
Trd, 4318521.843, 140
Trd, 4318522.193, 136
Trd, 4318523.093, 92
Trd, 4318524.193, 119
Trd, 4318524.793, 132
Trd, 4318525.693, 113
Trd, 4318527.293, 128
Trd, 4318527.743, 117
Trd, 4318528.443, 90
Trd, 4318528.993, 71
Trd, 4318529.043, 78
Trd, 4318532.193, 138
Trd, 4318533.343, 138
Trd, 4318533.443, 134
Trd, 4318533.893, 128
Trd, 4318535.693, 140
Trd, 4318535.993, 129
Trd, 4318536.543, 128
Trd, 4318536.793, 127
Trd, 4318538.093, 119
Trd, 4318538.443, 100
Trd, 4318539.443, 93
Trd, 4318540.793, 78
Trd, 4318541.393, 116
Trd, 4318541.443, 65
Trd, 4318541.593, 116
Trd, 4318544.993, 140
Trd, 4318546.043, 136
Trd, 4318546.943, 131
Trd, 4318547.643, 126
Trd, 4318548.293, 131
Trd, 4318549.643, 115
Trd, 4318549.743, 103
Trd, 4318549.993, 119
Trd, 4318550.443, 111
Trd, 4318550.993, 92
Trd, 4318553.793, 140
Trd, 4318554.043, 139
Trd, 4318554.293, 130
Trd, 4318554.493, 129
Trd, 4318554.843, 129
Trd, 4318556.743, 123
Trd, 4318556.793, 122
Trd, 4318557.093, 115
Trd, 4318560.043, 140
Trd, 4318560.543, 136
Trd, 4318560.993, 120
Trd, 4318562.593, 128
Trd, 4318562.893, 124
Trd, 4318562.943, 119
Trd, 4318563.443, 80
Trd, 4318563.593, 90
Trd, 4318565.043, 100
Trd, 4318566.243, 99
Trd, 4318567.193, 86
Trd, 4318567.493, 82
Trd, 4318567.893, 123
Trd, 4318568.743, 94
Trd, 4318569.643, 119
Trd, 4318570.493, 87
Trd, 4318571.443, 87
Trd, 4318573.493, 134
Trd, 4318573.693, 133
Trd, 4318574.293, 131
Trd, 4318574.393, 126
Trd, 4318575.393, 139
Trd, 4318577.693, 113
Trd, 4318578.043, 108
Trd, 4318579.493, 100
Trd, 4318579.843, 113
Trd, 4318580.293, 115
Trd, 4318581.343, 95
Trd, 4318582.493, 100
Trd, 4318582.793, 105
Trd, 4318583.743, 133
Trd, 4318584.043, 128
Trd, 4318584.693, 119
Trd, 4318586.543, 118
Trd, 4318588.893, 63
Trd, 4318589.343, 111
Trd, 4318589.943, 102
Trd, 4318590.993, 103
Trd, 4318591.993, 132
Trd, 4318592.193, 122
Trd, 4318593.093, 120
Trd, 4318593.693, 81
Trd, 4318594.793, 108
Trd, 4318595.593, 132
Trd, 4318596.293, 108
Trd, 4318597.693, 139
Trd, 4318597.843, 138
Trd, 4318599.543, 122
Trd, 4318600.143, 103
Trd, 4318602.193, 129
Trd, 4318602.443, 124
Trd, 4318603.893, 124
Trd, 4318605.543, 118
Trd, 4318605.943, 108
Trd, 4318606.843, 129
Trd, 4318606.893, 106
Trd, 4318607.343, 108
Trd, 4318608.193, 131
Trd, 4318608.243, 120
Trd, 4318608.393, 115
Trd, 4318608.593, 105
Trd, 4318608.743, 100
Trd, 4318612.093, 140
Trd, 4318612.643, 122
Trd, 4318613.743, 127
Trd, 4318614.743, 115
Trd, 4318616.043, 106
Trd, 4318617.343, 136
Trd, 4318617.443, 99
Trd, 4318619.243, 132
Trd, 4318619.493, 95
Trd, 4318620.493, 132
Trd, 4318620.893, 109
Trd, 4318621.393, 69
Trd, 4318621.993, 93
Trd, 4318622.443, 91
Trd, 4318624.143, 94
Trd, 4318626.643, 108
Trd, 4318626.793, 94
Trd, 4318627.393, 126
Trd, 4318628.593, 105
Trd, 4318629.293, 128
Trd, 4318630.143, 121
Trd, 4318632.243, 115
Trd, 4318632.693, 116
Trd, 4318633.093, 137
Trd, 4318633.493, 129
Trd, 4318635.143, 120
Trd, 4318636.393, 134
Trd, 4318637.493, 109
Trd, 4318637.843, 105
Trd, 4318638.693, 98
Trd, 4318638.943, 97
Trd, 4318639.493, 96
Trd, 4318641.793, 140
Trd, 4318642.243, 138
Trd, 4318642.493, 136
Trd, 4318642.693, 134
Trd, 4318644.443, 112
Trd, 4318645.593, 119
Trd, 4318648.143, 106
Trd, 4318649.643, 110
Trd, 4318650.443, 114
Trd, 4318650.993, 134
Trd, 4318651.543, 133
Trd, 4318651.643, 123
Trd, 4318651.793, 121
Trd, 4318652.243, 80
Trd, 4318653.393, 129
Trd, 4318654.093, 136
Trd, 4318655.093, 94
Trd, 4318656.293, 130
Trd, 4318657.143, 88
Trd, 4318659.193, 101
Trd, 4318659.543, 124
Trd, 4318660.293, 126
Trd, 4318660.443, 125
Trd, 4318663.243, 137
Trd, 4318663.643, 134
Trd, 4318663.793, 127
Trd, 4318664.193, 134
Trd, 4318664.693, 137
Trd, 4318665.893, 128
Trd, 4318666.143, 123
Trd, 4318666.193, 114
Trd, 4318666.243, 110
Trd, 4318667.393, 90
Trd, 4318667.643, 95
Trd, 4318670.393, 108
Trd, 4318670.443, 106
Trd, 4318670.693, 96
Trd, 4318670.893, 93
Trd, 4318672.493, 80
Trd, 4318672.593, 115
Trd, 4318672.793, 132
Trd, 4318674.093, 67
Trd, 4318675.393, 106
Trd, 4318675.643, 84
Trd, 4318677.293, 113
Trd, 4318677.993, 114
Trd, 4318678.043, 107
Trd, 4318679.243, 123
Trd, 4318680.043, 95
Trd, 4318681.993, 105
Trd, 4318682.193, 131
Trd, 4318682.943, 101
Trd, 4318685.193, 139
Trd, 4318685.643, 115
Trd, 4318685.943, 111
Trd, 4318686.593, 81
Trd, 4318687.543, 103
Trd, 4318688.193, 119
Trd, 4318688.743, 126
Trd, 4318689.643, 97
Trd, 4318690.093, 87
Trd, 4318690.293, 85
Trd, 4318691.443, 124
Trd, 4318692.093, 122
Trd, 4318693.343, 129
Trd, 4318693.993, 125
Trd, 4318694.043, 124
Trd, 4318694.843, 107
Trd, 4318695.243, 105
Trd, 4318695.743, 97
Trd, 4318696.143, 96
Trd, 4318696.793, 109
Trd, 4318697.843, 134
Trd, 4318698.443, 113
Trd, 4318698.593, 108
Trd, 4318699.393, 133
Trd, 4318700.593, 105
Trd, 4318700.943, 101
Trd, 4318701.793, 100
Trd, 4318702.693, 131
Trd, 4318703.243, 68
Trd, 4318703.343, 104
Trd, 4318704.343, 87
Trd, 4318706.043, 97
Trd, 4318707.743, 70
Trd, 4318708.443, 107
Trd, 4318708.643, 112
Trd, 4318710.293, 94
Trd, 4318710.593, 84
Trd, 4318710.843, 100
Trd, 4318711.993, 83
Trd, 4318712.143, 100
Trd, 4318714.043, 86
Trd, 4318714.393, 79
Trd, 4318715.193, 72
Trd, 4318719.393, 123
Trd, 4318719.443, 130
Trd, 4318719.493, 114
Trd, 4318721.143, 128
Trd, 4318721.243, 127
Trd, 4318721.343, 126
Trd, 4318721.593, 116
Trd, 4318723.193, 140
Trd, 4318726.593, 140
Trd, 4318727.393, 138
Trd, 4318727.493, 133
Trd, 4318728.643, 123
Trd, 4318729.693, 117
Trd, 4318730.143, 103
Trd, 4318731.093, 101
Trd, 4318731.243, 133
Trd, 4318734.243, 119
Trd, 4318735.693, 99
Trd, 4318736.943, 138
Trd, 4318739.093, 113
Trd, 4318741.193, 124
Trd, 4318741.593, 119
Trd, 4318741.893, 118
Trd, 4318742.043, 79
Trd, 4318744.393, 79
Trd, 4318744.593, 73
Trd, 4318744.993, 127
Trd, 4318745.343, 92
Trd, 4318747.243, 110
Trd, 4318748.993, 138
Trd, 4318749.093, 133
Trd, 4318750.293, 100
Trd, 4318753.243, 132
Trd, 4318753.393, 136
Trd, 4318753.693, 122
Trd, 4318753.893, 121
Trd, 4318755.193, 101
Trd, 4318756.043, 106
Trd, 4318756.443, 125
Trd, 4318758.093, 120
Trd, 4318758.143, 116
Trd, 4318759.693, 139
Trd, 4318760.593, 105
Trd, 4318760.643, 101
Trd, 4318763.143, 119
Trd, 4318764.443, 139
Trd, 4318765.043, 139
Trd, 4318765.543, 129
Trd, 4318765.893, 127
Trd, 4318766.093, 86
Trd, 4318767.393, 83
Trd, 4318767.843, 78
Trd, 4318768.443, 89
Trd, 4318769.393, 118
Trd, 4318770.143, 103
Trd, 4318772.143, 113
Trd, 4318773.243, 85
Trd, 4318773.543, 108
Trd, 4318774.043, 89
Trd, 4318774.443, 88
Trd, 4318774.543, 115
Trd, 4318774.593, 87
Trd, 4318775.243, 70
Trd, 4318776.493, 71
Trd, 4318777.493, 66
Trd, 4318778.943, 91
Trd, 4318781.043, 98
Trd, 4318781.343, 109
Trd, 4318781.643, 97
Trd, 4318782.043, 83
Trd, 4318782.993, 140
Trd, 4318783.993, 134
Trd, 4318786.443, 102
Trd, 4318786.993, 96
Trd, 4318787.243, 110
Trd, 4318787.793, 95
Trd, 4318789.243, 127
Trd, 4318789.993, 132
Trd, 4318791.243, 108
Trd, 4318791.443, 129
Trd, 4318792.643, 122
Trd, 4318794.143, 116
Trd, 4318794.793, 112
Trd, 4318795.493, 131
Trd, 4318797.393, 113
Trd, 4318797.443, 109
Trd, 4318798.293, 121
Trd, 4318798.543, 131
Trd, 4318798.843, 110
Trd, 4318799.193, 135
Trd, 4318801.643, 137
Trd, 4318802.093, 132
Trd, 4318802.143, 128
Trd, 4318802.743, 137
Trd, 4318805.093, 127
Trd, 4318805.193, 96
Trd, 4318805.443, 96
Trd, 4318807.193, 96
Trd, 4318807.493, 94
Trd, 4318807.593, 92
Trd, 4318809.943, 136
Trd, 4318811.593, 113
Trd, 4318812.143, 111
Trd, 4318812.193, 108
Trd, 4318812.493, 114
Trd, 4318814.043, 112
Trd, 4318814.493, 107
Trd, 4318815.693, 135
Trd, 4318816.043, 108
Trd, 4318816.793, 100
Trd, 4318817.443, 98
Trd, 4318817.693, 95
Trd, 4318818.393, 80
Trd, 4318818.843, 129
Trd, 4318819.793, 138
Trd, 4318820.993, 132
Trd, 4318821.543, 114
Trd, 4318822.543, 113
Trd, 4318824.893, 123
Trd, 4318825.443, 129
Trd, 4318826.143, 113
Trd, 4318826.193, 111
Trd, 4318826.343, 121
Trd, 4318827.993, 122
Trd, 4318828.093, 121
Trd, 4318828.943, 96
Trd, 4318829.493, 120
Trd, 4318829.793, 115
Trd, 4318830.293, 110
Trd, 4318830.943, 130
Trd, 4318832.093, 134
Trd, 4318833.193, 129
Trd, 4318833.443, 140
Trd, 4318833.743, 118
Trd, 4318834.843, 79
Trd, 4318835.193, 70
Trd, 4318836.443, 88
Trd, 4318837.993, 91
Trd, 4318839.493, 87
Trd, 4318840.893, 102
Trd, 4318841.693, 84
Trd, 4318841.793, 92
Trd, 4318841.893, 82
Trd, 4318843.093, 135
Trd, 4318843.493, 111
Trd, 4318843.943, 102
Trd, 4318845.493, 136
Trd, 4318846.193, 108
Trd, 4318846.443, 106
Trd, 4318847.043, 124
Trd, 4318847.393, 85
Trd, 4318848.843, 131
Trd, 4318848.943, 108
Trd, 4318850.443, 104
Trd, 4318850.993, 122
Trd, 4318852.843, 113
Trd, 4318853.243, 111
Trd, 4318853.443, 122
Trd, 4318853.893, 132
Trd, 4318856.843, 73
Trd, 4318857.843, 86
Trd, 4318858.393, 97
Trd, 4318858.743, 123
Trd, 4318858.943, 74
Trd, 4318859.343, 99
Trd, 4318859.643, 72
Trd, 4318860.043, 76
Trd, 4318861.093, 77
Trd, 4318862.893, 136
Trd, 4318864.543, 120
Trd, 4318864.643, 130
Trd, 4318865.343, 109
Trd, 4318866.143, 104
Trd, 4318866.793, 103
Trd, 4318869.143, 110
Trd, 4318870.093, 98
Trd, 4318872.543, 136
Trd, 4318872.693, 125
Trd, 4318874.593, 137
Trd, 4318874.943, 116
Trd, 4318875.293, 108
Trd, 4318877.243, 94
Trd, 4318877.643, 112
Trd, 4318877.793, 124
Trd, 4318878.693, 127
Trd, 4318879.243, 93
Trd, 4318880.143, 110
Trd, 4318880.843, 97
Trd, 4318881.443, 108
Trd, 4318882.293, 133
Trd, 4318884.143, 133
Trd, 4318885.393, 122
Trd, 4318886.693, 131
Trd, 4318887.243, 126
Trd, 4318887.443, 119
Trd, 4318887.943, 116
Trd, 4318889.343, 95
Trd, 4318890.343, 140
Trd, 4318891.243, 140
Trd, 4318891.643, 136
Trd, 4318892.693, 124
Trd, 4318892.793, 118
Trd, 4318893.443, 108
Trd, 4318894.743, 94
Trd, 4318895.293, 92
Trd, 4318896.993, 108
Trd, 4318898.993, 86
Trd, 4318899.093, 128
Trd, 4318899.243, 85
Trd, 4318899.943, 133
Trd, 4318900.893, 96
Trd, 4318901.543, 88
Trd, 4318903.043, 140
Trd, 4318903.993, 118
Trd, 4318904.243, 114
Trd, 4318906.343, 99
Trd, 4318907.243, 140
Trd, 4318907.443, 140
Trd, 4318908.393, 128
Trd, 4318909.443, 101
Trd, 4318912.343, 124
Trd, 4318912.743, 119
Trd, 4318914.393, 135
Trd, 4318914.743, 130
Trd, 4318915.193, 130
Trd, 4318916.843, 136
Trd, 4318917.993, 123
Trd, 4318918.393, 113
Trd, 4318918.443, 100
Trd, 4318918.643, 84
Trd, 4318919.093, 126
Trd, 4318920.343, 73
Trd, 4318922.493, 118
Trd, 4318922.943, 70
Trd, 4318923.293, 119
Trd, 4318923.443, 124
Trd, 4318924.743, 65
Trd, 4318927.393, 140
Trd, 4318927.543, 135
Trd, 4318928.043, 127
Trd, 4318929.293, 125
Trd, 4318929.343, 122
Trd, 4318929.943, 124
Trd, 4318930.343, 120
Trd, 4318930.643, 75
Trd, 4318932.193, 87
Trd, 4318933.443, 65
Trd, 4318933.693, 66
Trd, 4318934.393, 86
Trd, 4318934.943, 112
Trd, 4318935.743, 140
Trd, 4318936.293, 132
Trd, 4318936.543, 66
Trd, 4318937.543, 94
Trd, 4318938.293, 110
Trd, 4318939.793, 102
Trd, 4318940.193, 100
Trd, 4318941.293, 96
Trd, 4318942.593, 110
Trd, 4318943.443, 132
Trd, 4318943.793, 120
Trd, 4318943.843, 115
Trd, 4318944.693, 127
Trd, 4318945.193, 114
Trd, 4318946.693, 139
Trd, 4318947.293, 139
Trd, 4318948.193, 130
Trd, 4318948.893, 124
Trd, 4318949.443, 120
Trd, 4318950.243, 92
Trd, 4318950.743, 89
Trd, 4318951.193, 68
Trd, 4318952.343, 82
Trd, 4318953.193, 119
Trd, 4318953.343, 122
Trd, 4318954.543, 134
Trd, 4318954.643, 126
Trd, 4318955.843, 140
Trd, 4318956.293, 129
Trd, 4318959.393, 119
Trd, 4318959.743, 115
Trd, 4318960.543, 117
Trd, 4318962.143, 133
Trd, 4318962.343, 132
Trd, 4318962.443, 127
Trd, 4318963.943, 132
Trd, 4318965.193, 92
Trd, 4318967.143, 134
Trd, 4318967.893, 139
Trd, 4318968.393, 135
Trd, 4318968.893, 134
Trd, 4318969.343, 134
Trd, 4318970.493, 114
Trd, 4318970.543, 108
Trd, 4318972.593, 85
Trd, 4318973.193, 80
Trd, 4318973.393, 119
Trd, 4318973.693, 123
Trd, 4318974.243, 83
Trd, 4318975.093, 114
Trd, 4318976.393, 123
Trd, 4318977.093, 127
Trd, 4318978.593, 125
Trd, 4318981.543, 117
Trd, 4318981.943, 124
Trd, 4318982.393, 112
Trd, 4318983.193, 108
Trd, 4318983.693, 102
Trd, 4318984.843, 94
Trd, 4318986.193, 133
Trd, 4318986.943, 133
Trd, 4318987.243, 124
Trd, 4318989.143, 138
Trd, 4318989.343, 127
Trd, 4318990.193, 116
Trd, 4318991.343, 138
Trd, 4318991.593, 139
Trd, 4318991.793, 86
Trd, 4318992.193, 103
Trd, 4318992.493, 108
Trd, 4318992.793, 134
Trd, 4318992.843, 75
Trd, 4318994.243, 134
Trd, 4318994.893, 126
Trd, 4318996.643, 118
Trd, 4318997.393, 100
Trd, 4318997.693, 136
Trd, 4318998.293, 132
Trd, 4318999.043, 83
Trd, 4318999.143, 89
Trd, 4319002.443, 88
Trd, 4319002.693, 99
Trd, 4319003.393, 137
Trd, 4319004.443, 113
Trd, 4319005.143, 101
Trd, 4319006.293, 97
Trd, 4319006.693, 92
Trd, 4319007.943, 91
Trd, 4319009.393, 102
Trd, 4319009.593, 99
Trd, 4319009.993, 102
Trd, 4319010.293, 100
Trd, 4319011.643, 98
Trd, 4319013.093, 97
Trd, 4319013.143, 86
Trd, 4319013.843, 102
Trd, 4319015.093, 88
Trd, 4319015.793, 105
Trd, 4319016.443, 97
Trd, 4319017.593, 128
Trd, 4319017.793, 107
Trd, 4319019.293, 122
Trd, 4319019.943, 104
Trd, 4319020.293, 97
Trd, 4319020.443, 93
Trd, 4319020.743, 136
Trd, 4319021.043, 87
Trd, 4319022.393, 67
Trd, 4319023.043, 94
Trd, 4319023.893, 121
Trd, 4319024.543, 130
Trd, 4319025.193, 125
Trd, 4319026.293, 128
Trd, 4319027.843, 111
Trd, 4319027.893, 105
Trd, 4319028.193, 138
Trd, 4319028.993, 91
Trd, 4319029.743, 81
Trd, 4319031.093, 67
Trd, 4319031.493, 68
Trd, 4319031.943, 102
Trd, 4319033.143, 74
Trd, 4319033.193, 70
Trd, 4319034.493, 131
Trd, 4319034.843, 130
Trd, 4319037.543, 137
Trd, 4319037.693, 134
Trd, 4319038.643, 121
Trd, 4319039.193, 114
Trd, 4319039.693, 120
Trd, 4319039.943, 117
Trd, 4319040.443, 139
Trd, 4319041.893, 123
Trd, 4319042.093, 118
Trd, 4319042.343, 113
Trd, 4319042.893, 102
Trd, 4319044.293, 68
Trd, 4319045.993, 87
Trd, 4319046.343, 124
Trd, 4319048.343, 95
Trd, 4319048.393, 92
Trd, 4319048.993, 85
Trd, 4319050.093, 83
Trd, 4319051.343, 99
Trd, 4319051.393, 101
Trd, 4319051.743, 107
Trd, 4319053.993, 116
Trd, 4319054.143, 106
Trd, 4319056.143, 112
Trd, 4319057.093, 127
Trd, 4319058.043, 114
Trd, 4319058.443, 120
Trd, 4319059.743, 113
Trd, 4319059.993, 113
Trd, 4319060.843, 114
Trd, 4319062.343, 131
Trd, 4319063.443, 100
Trd, 4319064.543, 97
Trd, 4319066.193, 111
Trd, 4319066.493, 126
Trd, 4319067.443, 134
Trd, 4319067.893, 124
Trd, 4319068.693, 124
Trd, 4319069.943, 120
Trd, 4319072.343, 135
Trd, 4319072.743, 132
Trd, 4319073.293, 129
Trd, 4319073.543, 127
Trd, 4319075.643, 140
Trd, 4319076.593, 104
Trd, 4319077.843, 83
Trd, 4319077.943, 77
Trd, 4319078.393, 104
Trd, 4319078.543, 135
Trd, 4319079.443, 133
Trd, 4319079.843, 123
Trd, 4319080.543, 134
Trd, 4319081.793, 114
Trd, 4319082.043, 134
Trd, 4319084.743, 113
Trd, 4319085.543, 116
Trd, 4319086.343, 82
Trd, 4319087.743, 95
Trd, 4319088.093, 101
Trd, 4319088.343, 114
Trd, 4319089.443, 128
Trd, 4319089.893, 121
Trd, 4319091.943, 116
Trd, 4319092.193, 108
Trd, 4319093.093, 105
Trd, 4319093.393, 119
Trd, 4319094.093, 108
Trd, 4319094.293, 103
Trd, 4319094.693, 95
Trd, 4319094.793, 72
Trd, 4319094.843, 67
Trd, 4319096.643, 124
Trd, 4319096.893, 123
Trd, 4319097.893, 125
Trd, 4319099.043, 126
Trd, 4319099.843, 121
Trd, 4319100.043, 118
Trd, 4319101.443, 126
Trd, 4319101.843, 110
Trd, 4319103.143, 113
Trd, 4319103.243, 121
Trd, 4319103.993, 104
Trd, 4319104.993, 118
Trd, 4319106.393, 136
Trd, 4319106.493, 131
Trd, 4319106.993, 115
Trd, 4319107.043, 107
Trd, 4319109.443, 80
Trd, 4319110.043, 117
Trd, 4319110.093, 93
Trd, 4319110.293, 119
Trd, 4319112.593, 119
Trd, 4319113.893, 101
Trd, 4319115.243, 108
Trd, 4319115.543, 98
Trd, 4319115.743, 84
Trd, 4319118.793, 136
Trd, 4319119.393, 130
Trd, 4319119.493, 119
Trd, 4319119.843, 129
Trd, 4319121.043, 122
Trd, 4319121.193, 120
Trd, 4319122.443, 111
Trd, 4319122.593, 88
Trd, 4319125.443, 137
Trd, 4319126.443, 140
Trd, 4319127.393, 139
Trd, 4319127.843, 117
Trd, 4319129.443, 115
Trd, 4319129.643, 97
Trd, 4319130.043, 125
Trd, 4319130.693, 120
Trd, 4319131.443, 105
Trd, 4319131.643, 78
Trd, 4319132.693, 72
Trd, 4319134.393, 99
Trd, 4319136.343, 138
Trd, 4319136.393, 124
Trd, 4319137.993, 88
Trd, 4319138.343, 108
Trd, 4319139.743, 109
Trd, 4319140.143, 120
Trd, 4319141.093, 103
Trd, 4319141.393, 115
Trd, 4319142.193, 98
Trd, 4319142.593, 96
Trd, 4319143.493, 94
Trd, 4319143.693, 127
Trd, 4319146.543, 138
Trd, 4319146.943, 133
Trd, 4319147.643, 135
Trd, 4319148.943, 107
Trd, 4319149.243, 111
Trd, 4319149.993, 130
Trd, 4319150.093, 120
Trd, 4319150.793, 128
Trd, 4319152.093, 138
Trd, 4319152.393, 128
Trd, 4319153.293, 113
Trd, 4319155.243, 112
Trd, 4319155.293, 103
Trd, 4319157.093, 134
Trd, 4319158.343, 124
Trd, 4319158.493, 123
Trd, 4319160.493, 108
Trd, 4319161.193, 135
Trd, 4319161.393, 108
Trd, 4319163.743, 135
Trd, 4319164.243, 120
Trd, 4319165.943, 137
Trd, 4319166.143, 132
Trd, 4319167.343, 127
Trd, 4319167.693, 124
Trd, 4319168.693, 108
Trd, 4319169.593, 99
Trd, 4319170.293, 95
Trd, 4319170.693, 98
Trd, 4319171.893, 131
Trd, 4319172.343, 122
Trd, 4319173.093, 121
Trd, 4319174.293, 127
Trd, 4319174.393, 121
Trd, 4319174.443, 119
Trd, 4319175.193, 136
Trd, 4319175.543, 134
Trd, 4319176.793, 120
Trd, 4319177.793, 114
Trd, 4319178.243, 113
Trd, 4319180.143, 99
Trd, 4319181.243, 104
Trd, 4319181.593, 99
Trd, 4319182.593, 138
Trd, 4319184.393, 122
Trd, 4319184.843, 109
Trd, 4319185.593, 116
Trd, 4319185.693, 114
Trd, 4319186.393, 98
Trd, 4319187.393, 140
Trd, 4319187.743, 139
Trd, 4319187.943, 81
Trd, 4319189.443, 103
Trd, 4319190.643, 97
Trd, 4319191.743, 120
Trd, 4319192.093, 119
Trd, 4319193.743, 112
Trd, 4319194.493, 112
Trd, 4319195.143, 137
Trd, 4319195.243, 104
Trd, 4319195.543, 104
Trd, 4319197.343, 90
Trd, 4319199.293, 139
Trd, 4319199.443, 91
Trd, 4319199.743, 92
Trd, 4319200.643, 116
Trd, 4319202.293, 117
Trd, 4319202.743, 107
Trd, 4319203.193, 101
Trd, 4319203.343, 83
Trd, 4319204.193, 137
Trd, 4319205.793, 100
Trd, 4319206.843, 93
Trd, 4319207.443, 99
Trd, 4319208.793, 139
Trd, 4319209.293, 116
Trd, 4319209.643, 112
Trd, 4319209.993, 123
Trd, 4319210.343, 95
Trd, 4319214.593, 138
Trd, 4319215.043, 136
Trd, 4319215.343, 131
Trd, 4319216.243, 127
Trd, 4319216.793, 114
Trd, 4319216.893, 122
Trd, 4319217.793, 137
Trd, 4319217.943, 121
Trd, 4319218.343, 137
Trd, 4319219.243, 87
Trd, 4319220.393, 113
Trd, 4319221.893, 118
Trd, 4319223.193, 114
Trd, 4319223.593, 115
Trd, 4319223.943, 77
Trd, 4319225.843, 103
Trd, 4319226.793, 119
Trd, 4319228.243, 125
Trd, 4319229.143, 121
Trd, 4319230.093, 133
Trd, 4319230.543, 129
Trd, 4319230.793, 124
Trd, 4319230.843, 115
Trd, 4319231.543, 106
Trd, 4319233.293, 89
Trd, 4319233.893, 139
Trd, 4319234.643, 83
Trd, 4319235.393, 91
Trd, 4319235.493, 119
Trd, 4319236.743, 110
Trd, 4319238.593, 98
Trd, 4319239.143, 98
Trd, 4319239.243, 102
Trd, 4319239.943, 124
Trd, 4319240.493, 121
Trd, 4319241.143, 124
Trd, 4319241.593, 123
Trd, 4319243.043, 137
Trd, 4319244.493, 133
Trd, 4319244.693, 132
Trd, 4319244.893, 125
Trd, 4319245.093, 117
Trd, 4319246.743, 132
Trd, 4319247.093, 125
Trd, 4319247.693, 134
Trd, 4319248.343, 111
Trd, 4319249.493, 110
Trd, 4319250.743, 121
Trd, 4319251.793, 119
Trd, 4319251.943, 115
Trd, 4319252.443, 112
Trd, 4319252.893, 114
Trd, 4319255.093, 127
Trd, 4319256.493, 130
Trd, 4319257.643, 126
Trd, 4319257.993, 125
Trd, 4319258.343, 123
Trd, 4319258.493, 102
Trd, 4319258.993, 130
Trd, 4319260.593, 95
Trd, 4319261.193, 97
Trd, 4319264.293, 110
Trd, 4319264.593, 108
Trd, 4319265.493, 134
Trd, 4319266.343, 114
Trd, 4319267.493, 135
Trd, 4319267.593, 130
Trd, 4319268.393, 126
Trd, 4319270.843, 139
Trd, 4319271.143, 139
Trd, 4319271.243, 138
Trd, 4319271.293, 128
Trd, 4319274.043, 138
Trd, 4319276.243, 138
Trd, 4319276.443, 133
Trd, 4319276.793, 128
Trd, 4319277.743, 110
Trd, 4319278.193, 108
Trd, 4319278.243, 121
Trd, 4319279.443, 125
Trd, 4319280.993, 138
Trd, 4319281.193, 133
Trd, 4319281.843, 113
Trd, 4319282.043, 108
Trd, 4319282.843, 128
Trd, 4319284.993, 136
Trd, 4319285.393, 131
Trd, 4319285.593, 106
Trd, 4319287.943, 111
Trd, 4319288.343, 103
Trd, 4319288.643, 130
Trd, 4319289.543, 121
Trd, 4319289.993, 116
Trd, 4319290.593, 135
Trd, 4319292.143, 134
Trd, 4319292.893, 129
Trd, 4319293.293, 127
Trd, 4319293.393, 126
Trd, 4319295.193, 133
Trd, 4319296.193, 112
Trd, 4319296.893, 138
Trd, 4319296.993, 96
Trd, 4319298.293, 125
Trd, 4319300.743, 120
Trd, 4319302.543, 138
Trd, 4319302.743, 133
Trd, 4319303.393, 135
Trd, 4319303.693, 120
Trd, 4319304.393, 101
Trd, 4319305.393, 98
Trd, 4319305.993, 94
Trd, 4319308.593, 140
Trd, 4319309.093, 124
Trd, 4319309.893, 122
Trd, 4319310.093, 120
Trd, 4319310.693, 112
Trd, 4319312.093, 115
Trd, 4319312.743, 135
Trd, 4319314.093, 127
Trd, 4319314.593, 126
Trd, 4319314.793, 122
Trd, 4319316.243, 138
Trd, 4319317.343, 123
Trd, 4319318.093, 135
Trd, 4319318.293, 113
Trd, 4319318.893, 135
Trd, 4319319.993, 85
Trd, 4319320.593, 69
Trd, 4319322.343, 87
Trd, 4319322.943, 116
Trd, 4319323.543, 97
Trd, 4319323.943, 130
Trd, 4319326.293, 128
Trd, 4319326.693, 118
Trd, 4319326.943, 114
Trd, 4319327.393, 133
Trd, 4319327.793, 104
Trd, 4319328.193, 84
Trd, 4319328.743, 98
Trd, 4319330.593, 100
Trd, 4319331.293, 118
Trd, 4319332.543, 71
Trd, 4319334.043, 135
Trd, 4319334.643, 126
Trd, 4319336.193, 110
Trd, 4319336.843, 99
Trd, 4319337.693, 93
Trd, 4319337.893, 109
Trd, 4319338.743, 94
Trd, 4319338.843, 93
Trd, 4319339.043, 108
Trd, 4319339.293, 129
Trd, 4319340.243, 136
Trd, 4319342.643, 120
Trd, 4319342.743, 119
Trd, 4319343.643, 135
Trd, 4319343.993, 114
Trd, 4319344.343, 118
Trd, 4319344.443, 106
Trd, 4319345.193, 79
Trd, 4319345.893, 111
Trd, 4319346.843, 109
Trd, 4319348.543, 113
Trd, 4319349.943, 99
Trd, 4319351.093, 124
Trd, 4319352.743, 132
Trd, 4319352.843, 138
Trd, 4319353.093, 122
Trd, 4319354.043, 134
Trd, 4319354.593, 116
Trd, 4319354.743, 112
Trd, 4319355.143, 100
Trd, 4319357.393, 130
Trd, 4319358.493, 133
Trd, 4319359.743, 116
Trd, 4319360.593, 140
Trd, 4319362.693, 140
Trd, 4319362.893, 134
Trd, 4319363.543, 140
Trd, 4319363.943, 128
Trd, 4319363.993, 127
Trd, 4319364.343, 121
Trd, 4319364.643, 118
Trd, 4319365.193, 117
Trd, 4319365.843, 108
Trd, 4319366.693, 140
Trd, 4319367.293, 122
Trd, 4319368.893, 137
Trd, 4319369.543, 124
Trd, 4319370.243, 118
Trd, 4319370.743, 123
Trd, 4319371.043, 109
Trd, 4319372.343, 109
Trd, 4319372.643, 103
Trd, 4319373.293, 139
Trd, 4319373.493, 95
Trd, 4319374.593, 101
Trd, 4319375.243, 100
Trd, 4319376.793, 97
Trd, 4319378.993, 138
Trd, 4319379.393, 119
Trd, 4319380.643, 116
Trd, 4319381.743, 71
Trd, 4319383.343, 133
Trd, 4319383.993, 127
Trd, 4319384.693, 116
Trd, 4319385.243, 121
Trd, 4319387.643, 118
Trd, 4319388.593, 117
Trd, 4319388.993, 123
Trd, 4319389.893, 134
Trd, 4319389.943, 123
Trd, 4319390.693, 136
Trd, 4319391.143, 116
Trd, 4319391.443, 74
Trd, 4319393.193, 138
Trd, 4319393.493, 136
Trd, 4319395.343, 123
Trd, 4319396.343, 118
Trd, 4319397.193, 123
Trd, 4319398.043, 118
Trd, 4319398.143, 115
Trd, 4319398.343, 101
Trd, 4319399.643, 120
Trd, 4319400.143, 135
Trd, 4319400.993, 123
Trd, 4319402.343, 120
Trd, 4319403.343, 123
Trd, 4319404.393, 122
Trd, 4319405.743, 127
Trd, 4319406.043, 120
Trd, 4319406.643, 113
Trd, 4319406.693, 106
Trd, 4319408.343, 107
Trd, 4319408.443, 91
Trd, 4319408.843, 82
Trd, 4319408.993, 80
Trd, 4319412.243, 136
Trd, 4319412.343, 112
Trd, 4319412.893, 112
Trd, 4319414.343, 68
Trd, 4319414.643, 109
Trd, 4319415.343, 100
Trd, 4319416.243, 94
Trd, 4319416.343, 90
Trd, 4319418.393, 105
Trd, 4319418.493, 103
Trd, 4319419.243, 129
Trd, 4319420.493, 127
Trd, 4319420.843, 127
Trd, 4319420.943, 117
Trd, 4319422.793, 139
Trd, 4319422.993, 127
Trd, 4319424.043, 102
Trd, 4319426.643, 136
Trd, 4319427.293, 134
Trd, 4319428.343, 127
Trd, 4319429.093, 123
Trd, 4319429.593, 117
Trd, 4319432.293, 135
Trd, 4319433.043, 111
Trd, 4319433.643, 124
Trd, 4319434.593, 105
Trd, 4319435.143, 96
Trd, 4319435.643, 138
Trd, 4319437.243, 86
Trd, 4319437.943, 82
Trd, 4319439.743, 89
Trd, 4319439.993, 87
Trd, 4319440.293, 94
Trd, 4319440.343, 98
Trd, 4319441.243, 125
Trd, 4319441.493, 106
Trd, 4319443.593, 113
Trd, 4319443.993, 113
Trd, 4319445.543, 136
Trd, 4319446.843, 128
Trd, 4319447.793, 122
Trd, 4319448.243, 134
Trd, 4319448.943, 110
Trd, 4319449.893, 102
Trd, 4319450.593, 122
Trd, 4319451.943, 109
Trd, 4319452.143, 107
Trd, 4319453.543, 85
Trd, 4319453.843, 91
Trd, 4319454.043, 123
Trd, 4319455.143, 80
Trd, 4319455.543, 78
Trd, 4319456.443, 108
Trd, 4319457.293, 90
Trd, 4319458.243, 138
Trd, 4319460.743, 119
Trd, 4319462.543, 116
Trd, 4319462.743, 111
Trd, 4319463.043, 106
Trd, 4319465.543, 129
Trd, 4319465.893, 105
Trd, 4319466.293, 92
Trd, 4319468.793, 138
Trd, 4319468.993, 137
Trd, 4319470.093, 132
Trd, 4319470.393, 125
Trd, 4319472.343, 138
Trd, 4319473.043, 133
Trd, 4319474.943, 136
Trd, 4319475.493, 120
Trd, 4319475.643, 120
Trd, 4319475.943, 119
Trd, 4319476.643, 106
Trd, 4319476.843, 122
Trd, 4319480.293, 103
Trd, 4319480.543, 131
Trd, 4319480.893, 138
Trd, 4319481.693, 110
Trd, 4319481.843, 109
Trd, 4319482.893, 140
Trd, 4319483.243, 130
Trd, 4319483.843, 108
Trd, 4319486.343, 99
Trd, 4319487.593, 130
Trd, 4319488.593, 111
Trd, 4319488.993, 109
Trd, 4319490.893, 113
Trd, 4319494.643, 129
Trd, 4319494.943, 119
Trd, 4319495.243, 118
Trd, 4319496.943, 115
Trd, 4319496.993, 131
Trd, 4319497.543, 96
Trd, 4319498.093, 84
Trd, 4319498.993, 132
Trd, 4319500.443, 83
Trd, 4319501.793, 113
Trd, 4319503.143, 95
Trd, 4319503.943, 123
Trd, 4319504.043, 118
Trd, 4319504.543, 107
Trd, 4319504.943, 136
Trd, 4319507.593, 96
Trd, 4319507.943, 93
Trd, 4319510.143, 86
Trd, 4319510.493, 100
Trd, 4319510.793, 86
Trd, 4319511.193, 84
Trd, 4319511.393, 81
Trd, 4319512.043, 117
Trd, 4319512.193, 116
Trd, 4319513.543, 110
Trd, 4319514.143, 138
Trd, 4319515.643, 134
Trd, 4319515.843, 129
Trd, 4319516.393, 113
Trd, 4319517.593, 127
Trd, 4319517.893, 99
Trd, 4319519.443, 115
Trd, 4319519.843, 86
Trd, 4319520.743, 103
Trd, 4319521.193, 126
Trd, 4319521.393, 102
Trd, 4319522.193, 91
Trd, 4319522.893, 80
Trd, 4319525.143, 140
Trd, 4319526.643, 129
Trd, 4319526.743, 127
Trd, 4319526.893, 124
Trd, 4319528.343, 119
Trd, 4319529.743, 131
Trd, 4319529.893, 130
Trd, 4319531.593, 133
Trd, 4319532.443, 122
Trd, 4319532.593, 117
Trd, 4319532.993, 113
Trd, 4319533.693, 108
Trd, 4319533.743, 108
Trd, 4319535.143, 104
Trd, 4319538.943, 122
Trd, 4319538.993, 117
Trd, 4319541.093, 79
Trd, 4319541.843, 129
Trd, 4319542.043, 102
Trd, 4319542.593, 131
Trd, 4319542.693, 102
Trd, 4319543.793, 65
Trd, 4319544.243, 70
Trd, 4319544.593, 132
Trd, 4319545.243, 87
Trd, 4319547.393, 106
Trd, 4319547.443, 105
Trd, 4319547.693, 93
Trd, 4319548.993, 100
Trd, 4319550.193, 113
Trd, 4319552.043, 125
Trd, 4319552.293, 107
Trd, 4319552.693, 107
Trd, 4319553.743, 96
Trd, 4319554.143, 93
Trd, 4319554.343, 93
Trd, 4319554.693, 112
Trd, 4319555.793, 135
Trd, 4319556.243, 99
Trd, 4319556.843, 86
Trd, 4319557.493, 115
Trd, 4319559.593, 136
Trd, 4319560.243, 103
Trd, 4319560.343, 97
Trd, 4319561.193, 98
Trd, 4319563.393, 135
Trd, 4319563.993, 123
Trd, 4319566.093, 97
Trd, 4319566.193, 90
Trd, 4319566.593, 83
Trd, 4319566.893, 117
Trd, 4319567.593, 92
Trd, 4319569.293, 62
Trd, 4319569.593, 89
Trd, 4319571.643, 123
Trd, 4319572.343, 104
Trd, 4319572.643, 103
Trd, 4319575.893, 140
Trd, 4319576.343, 134
Trd, 4319578.043, 128
Trd, 4319578.693, 130
Trd, 4319580.343, 112
Trd, 4319581.143, 103
Trd, 4319581.843, 100
Trd, 4319583.043, 114
Trd, 4319583.293, 93
Trd, 4319584.293, 92
Trd, 4319584.793, 80
Trd, 4319585.043, 92
Trd, 4319585.443, 79
Trd, 4319586.593, 71
Trd, 4319586.893, 84
Trd, 4319588.243, 122
Trd, 4319588.293, 136
Trd, 4319589.443, 87
Trd, 4319589.993, 131
Trd, 4319592.293, 133
Trd, 4319592.993, 120
Trd, 4319593.443, 119
Trd, 4319594.593, 118
Trd, 4319595.193, 116
Trd, 4319595.243, 115
Trd, 4319595.893, 85
Trd, 4319597.193, 86
Trd, 4319598.993, 131
Trd, 4319599.043, 105
Trd, 4319599.293, 98
Trd, 4319599.543, 128
Trd, 4319599.893, 95
Trd, 4319600.293, 119
Trd, 4319600.443, 116
Trd, 4319602.143, 99
Trd, 4319604.843, 88
Trd, 4319605.393, 97
Trd, 4319605.643, 89
Trd, 4319606.093, 122
Trd, 4319607.543, 94
Trd, 4319608.293, 91
Trd, 4319609.443, 113
Trd, 4319609.643, 123
Trd, 4319610.393, 105
Trd, 4319610.743, 106
Trd, 4319611.493, 103
Trd, 4319612.393, 81
Trd, 4319615.343, 101
Trd, 4319616.143, 108
Trd, 4319616.293, 107
Trd, 4319616.793, 109
Trd, 4319617.193, 95
Trd, 4319618.593, 94
Trd, 4319618.643, 97
Trd, 4319619.993, 111
Trd, 4319622.293, 135
Trd, 4319622.343, 124
Trd, 4319622.443, 110
Trd, 4319623.843, 121
Trd, 4319625.343, 132
Trd, 4319625.693, 118
Trd, 4319626.743, 86
Trd, 4319628.143, 98
Trd, 4319628.693, 87
Trd, 4319628.743, 84
Trd, 4319631.143, 83
Trd, 4319631.293, 94
Trd, 4319633.193, 74
Trd, 4319633.293, 133
Trd, 4319633.643, 89
Trd, 4319634.343, 73
Trd, 4319636.043, 105
Trd, 4319636.293, 108
Trd, 4319636.643, 132
Trd, 4319638.093, 127
Trd, 4319638.493, 104
Trd, 4319641.093, 137
Trd, 4319641.793, 134
Trd, 4319643.093, 97
Trd, 4319643.443, 92
Trd, 4319643.993, 130
Trd, 4319644.893, 129
Trd, 4319645.643, 127
Trd, 4319645.793, 125
Trd, 4319647.343, 101
Trd, 4319648.143, 103
Trd, 4319649.043, 106
Trd, 4319649.243, 114
Trd, 4319650.393, 118
Trd, 4319651.493, 98
Trd, 4319651.993, 126
Trd, 4319653.193, 95
Trd, 4319654.193, 135
Trd, 4319654.243, 129
Trd, 4319655.193, 104
Trd, 4319656.543, 94
Trd, 4319657.443, 119
Trd, 4319657.943, 131
Trd, 4319658.893, 109
Trd, 4319659.243, 102
Trd, 4319659.543, 100
Trd, 4319661.643, 122
Trd, 4319662.543, 104
Trd, 4319662.893, 99
Trd, 4319663.593, 140
Trd, 4319664.093, 121
Trd, 4319664.843, 115
Trd, 4319665.743, 95
Trd, 4319666.443, 108
Trd, 4319667.643, 112
Trd, 4319668.393, 107
Trd, 4319670.743, 135
Trd, 4319671.143, 130
Trd, 4319671.193, 120
Trd, 4319672.243, 118
Trd, 4319673.143, 132
Trd, 4319673.343, 91
Trd, 4319675.243, 140
Trd, 4319675.393, 137
Trd, 4319675.943, 134
Trd, 4319676.893, 123
Trd, 4319677.943, 126
Trd, 4319677.993, 110
Trd, 4319679.293, 113
Trd, 4319679.893, 129
Trd, 4319680.393, 132
Trd, 4319681.593, 139
Trd, 4319682.693, 130
Trd, 4319683.393, 123
Trd, 4319683.993, 120
Trd, 4319684.293, 118
Trd, 4319684.943, 114
Trd, 4319685.693, 116
Trd, 4319687.093, 97
Trd, 4319687.643, 101
Trd, 4319688.743, 109
Trd, 4319689.493, 110
Trd, 4319689.793, 116
Trd, 4319690.043, 110
Trd, 4319690.593, 114
Trd, 4319692.193, 114
Trd, 4319694.243, 93
Trd, 4319694.543, 139
Trd, 4319695.043, 129
Trd, 4319695.843, 117
Trd, 4319696.943, 114
Trd, 4319697.643, 111
Trd, 4319699.693, 122
Trd, 4319700.493, 134
Trd, 4319701.293, 131
Trd, 4319701.993, 108
Trd, 4319702.343, 97
Trd, 4319702.543, 90
Trd, 4319703.743, 140
Trd, 4319704.393, 61
Trd, 4319704.993, 101
Trd, 4319706.493, 89
Trd, 4319708.093, 123
Trd, 4319708.343, 121
Trd, 4319709.393, 129
Trd, 4319709.443, 121
Trd, 4319710.043, 117
Trd, 4319710.343, 91
Trd, 4319711.743, 100
Trd, 4319711.993, 94
Trd, 4319712.443, 139
Trd, 4319714.143, 90
Trd, 4319714.843, 81
Trd, 4319716.093, 82
Trd, 4319717.093, 105
Trd, 4319717.893, 132
Trd, 4319718.093, 104
Trd, 4319721.543, 100
Trd, 4319722.243, 87
Trd, 4319722.943, 110
Trd, 4319725.043, 102
Trd, 4319725.793, 135
Trd, 4319727.293, 139
Trd, 4319728.293, 116
Trd, 4319728.493, 114
Trd, 4319729.793, 110
Trd, 4319729.943, 100
Trd, 4319730.693, 86
Trd, 4319731.443, 111
Trd, 4319732.893, 103
Trd, 4319733.893, 97
Trd, 4319734.993, 126
Trd, 4319735.443, 93
Trd, 4319735.543, 128
Trd, 4319737.343, 94
Trd, 4319737.843, 91
Trd, 4319738.543, 135
Trd, 4319739.793, 91
Trd, 4319739.993, 98
Trd, 4319740.643, 103
Trd, 4319743.743, 138
Trd, 4319744.093, 118
Trd, 4319745.643, 107
Trd, 4319745.943, 103
Trd, 4319747.243, 135
Trd, 4319748.393, 112
Trd, 4319749.593, 136
Trd, 4319750.893, 118
Trd, 4319751.143, 120
Trd, 4319751.243, 118
Trd, 4319752.093, 114
Trd, 4319752.843, 106
Trd, 4319753.193, 120
Trd, 4319753.293, 119
Trd, 4319754.293, 98
Trd, 4319755.343, 112
Trd, 4319755.893, 131
Trd, 4319755.943, 138
Trd, 4319756.393, 122
Trd, 4319756.793, 84
Trd, 4319757.093, 76
Trd, 4319757.793, 97
Trd, 4319759.843, 138
Trd, 4319760.443, 107
Trd, 4319760.943, 102
Trd, 4319761.143, 98
Trd, 4319762.243, 113
Trd, 4319762.343, 93
Trd, 4319763.643, 61
Trd, 4319764.593, 64
Trd, 4319766.343, 109
Trd, 4319766.593, 78
Trd, 4319767.243, 109
Trd, 4319767.393, 115
Trd, 4319768.343, 130
Trd, 4319768.643, 93
Trd, 4319770.993, 115
Trd, 4319771.343, 137
Trd, 4319771.893, 104
Trd, 4319774.243, 127
Trd, 4319775.393, 140
Trd, 4319775.493, 118
Trd, 4319776.243, 105
Trd, 4319776.943, 105
Trd, 4319777.093, 104
Trd, 4319777.943, 133
Trd, 4319778.643, 124
Trd, 4319779.093, 119
Trd, 4319779.693, 90
Trd, 4319780.593, 89
Trd, 4319780.943, 139
Trd, 4319782.443, 84
Trd, 4319783.943, 93
Trd, 4319784.343, 84
Trd, 4319785.293, 106
Trd, 4319786.043, 85
Trd, 4319786.843, 90
Trd, 4319787.293, 91
Trd, 4319788.443, 135
Trd, 4319791.193, 98
Trd, 4319792.493, 115
Trd, 4319792.843, 104
Trd, 4319792.893, 97
Trd, 4319792.943, 132
Trd, 4319795.193, 99
Trd, 4319795.943, 140
Trd, 4319797.293, 136
Trd, 4319798.043, 118
Trd, 4319798.193, 117
Trd, 4319798.893, 113
Trd, 4319799.143, 120
Trd, 4319800.543, 105
Trd, 4319801.043, 99
Trd, 4319801.843, 140
Trd, 4319803.193, 131
Trd, 4319803.643, 114
Trd, 4319804.993, 107
Trd, 4319806.293, 130
Trd, 4319807.143, 139
Trd, 4319807.293, 105
Trd, 4319808.093, 103
Trd, 4319809.193, 110
Trd, 4319810.293, 140
Trd, 4319811.343, 128
Trd, 4319811.493, 125
Trd, 4319812.293, 72
Trd, 4319813.493, 123
Trd, 4319813.743, 96
Trd, 4319815.043, 114
Trd, 4319815.443, 140
Trd, 4319816.293, 116
Trd, 4319816.793, 117
Trd, 4319817.293, 101
Trd, 4319818.443, 119
Trd, 4319819.343, 131
Trd, 4319819.943, 106
Trd, 4319820.093, 131
Trd, 4319820.143, 85
Trd, 4319821.143, 137
Trd, 4319821.393, 136
Trd, 4319822.693, 94
Trd, 4319823.093, 132
Trd, 4319823.643, 119
Trd, 4319825.693, 139
Trd, 4319826.293, 125
Trd, 4319826.743, 122
Trd, 4319827.743, 122
Trd, 4319828.443, 100
Trd, 4319829.843, 99
Trd, 4319830.143, 119
Trd, 4319831.743, 94
Trd, 4319831.943, 93
Trd, 4319833.243, 134
Trd, 4319833.443, 130
Trd, 4319833.743, 99
Trd, 4319835.643, 128
Trd, 4319836.993, 127
Trd, 4319837.193, 122
Trd, 4319837.393, 122
Trd, 4319837.643, 112
Trd, 4319840.143, 103
Trd, 4319840.593, 110
Trd, 4319841.543, 83
Trd, 4319841.993, 97
Trd, 4319842.093, 80
Trd, 4319842.393, 111
Trd, 4319844.093, 87
Trd, 4319845.043, 72
Trd, 4319845.643, 85
Trd, 4319846.393, 95
Trd, 4319846.843, 107
Trd, 4319847.793, 93
Trd, 4319848.743, 107
Trd, 4319849.793, 84
Trd, 4319849.943, 102
Trd, 4319850.993, 136
Trd, 4319852.993, 98
Trd, 4319853.193, 113
Trd, 4319853.743, 99
Trd, 4319854.443, 93
Trd, 4319855.293, 86
Trd, 4319856.293, 120
Trd, 4319857.693, 88
Trd, 4319858.243, 81
Trd, 4319858.943, 127
Trd, 4319859.943, 79
Trd, 4319860.793, 130
Trd, 4319861.193, 124
Trd, 4319863.843, 140
Trd, 4319864.693, 130
Trd, 4319864.893, 138
Trd, 4319865.393, 124
Trd, 4319866.793, 116
Trd, 4319867.643, 118
Trd, 4319868.443, 122
Trd, 4319868.843, 115
Trd, 4319871.893, 106
Trd, 4319872.393, 100
Trd, 4319873.143, 118
Trd, 4319874.393, 136
Trd, 4319874.493, 121
Trd, 4319876.343, 118
Trd, 4319876.643, 139
Trd, 4319876.743, 104
Trd, 4319877.193, 89
Trd, 4319878.143, 90
Trd, 4319879.243, 109
Trd, 4319880.143, 110
Trd, 4319880.343, 109
Trd, 4319882.043, 107
Trd, 4319882.543, 114
Trd, 4319884.243, 107
Trd, 4319885.693, 127
Trd, 4319886.443, 130
Trd, 4319886.943, 126
Trd, 4319888.193, 134
Trd, 4319888.693, 127
Trd, 4319889.443, 123
Trd, 4319890.343, 116
Trd, 4319890.793, 106
Trd, 4319891.643, 124
Trd, 4319892.393, 103
Trd, 4319892.843, 102
Trd, 4319893.243, 136
Trd, 4319893.543, 100
Trd, 4319894.143, 100
Trd, 4319895.243, 136
Trd, 4319896.843, 126
Trd, 4319897.343, 121
Trd, 4319898.843, 109
Trd, 4319899.693, 103
Trd, 4319900.043, 102
Trd, 4319900.393, 123
Trd, 4319901.493, 92
Trd, 4319902.143, 138
Trd, 4319902.243, 136
Trd, 4319902.693, 84
Trd, 4319903.293, 106
Trd, 4319904.743, 107
Trd, 4319906.493, 101
Trd, 4319907.143, 118
Trd, 4319907.493, 104
Trd, 4319908.143, 110
Trd, 4319909.493, 99
Trd, 4319909.593, 96
Trd, 4319910.743, 101
Trd, 4319912.143, 132
Trd, 4319912.693, 122
Trd, 4319913.543, 132
Trd, 4319915.043, 131
Trd, 4319915.593, 135
Trd, 4319916.543, 120
Trd, 4319917.493, 116
Trd, 4319918.143, 89
Trd, 4319918.193, 76
Trd, 4319919.693, 78
Trd, 4319920.243, 84
Trd, 4319921.743, 66
Trd, 4319921.893, 82
Trd, 4319923.243, 115
Trd, 4319923.643, 76
Trd, 4319924.193, 63
Trd, 4319924.793, 69
Trd, 4319926.843, 82
Trd, 4319927.793, 137
Trd, 4319929.893, 117
Trd, 4319930.143, 140
Trd, 4319930.193, 97
Trd, 4319931.443, 118
Trd, 4319931.693, 108
Trd, 4319932.143, 137
Trd, 4319932.693, 95
Trd, 4319934.543, 107
Trd, 4319935.293, 126
Trd, 4319937.593, 119
Trd, 4319938.143, 120
Trd, 4319938.193, 115
Trd, 4319939.643, 133
Trd, 4319939.993, 130
Trd, 4319940.743, 123
Trd, 4319941.243, 118
Trd, 4319941.293, 114
Trd, 4319942.443, 130
Trd, 4319943.143, 93
Trd, 4319944.143, 122
Trd, 4319944.193, 103
Trd, 4319945.993, 130
Trd, 4319946.693, 133
Trd, 4319946.843, 132
Trd, 4319948.093, 128
Trd, 4319948.343, 135
Trd, 4319948.793, 106
Trd, 4319949.843, 128
Trd, 4319951.243, 121
Trd, 4319951.493, 98
Trd, 4319953.943, 139
Trd, 4319954.643, 138
Trd, 4319955.393, 128
Trd, 4319955.543, 122
Trd, 4319956.693, 128
Trd, 4319956.743, 114
Trd, 4319957.643, 131
Trd, 4319957.743, 121
Trd, 4319958.343, 109
Trd, 4319958.393, 105
Trd, 4319960.093, 115
Trd, 4319960.143, 100
Trd, 4319960.193, 84
Trd, 4319961.943, 77
Trd, 4319962.693, 90
Trd, 4319963.243, 115
Trd, 4319964.343, 109
Trd, 4319965.043, 134
Trd, 4319965.493, 140
Trd, 4319965.943, 107
Trd, 4319966.993, 97
Trd, 4319969.393, 101
Trd, 4319970.043, 97
Trd, 4319970.743, 95
Trd, 4319970.943, 104
Trd, 4319971.893, 108
Trd, 4319972.493, 139
Trd, 4319973.693, 99
Trd, 4319975.593, 125
Trd, 4319975.843, 106
Trd, 4319976.193, 134
Trd, 4319976.343, 96
Trd, 4319977.343, 104
Trd, 4319978.743, 100
Trd, 4319979.643, 122
Trd, 4319980.243, 99
Trd, 4319981.843, 118
Trd, 4319981.993, 117
Trd, 4319983.343, 107
Trd, 4319983.693, 131
Trd, 4319983.743, 105
Trd, 4319984.493, 128
Trd, 4319985.293, 93
Trd, 4319985.993, 102
Trd, 4319986.693, 124
Trd, 4319987.443, 104
Trd, 4319988.843, 98
Trd, 4319990.593, 126
Trd, 4319990.643, 125
Trd, 4319991.693, 107
Trd, 4319991.893, 110
Trd, 4319992.443, 103
Trd, 4319992.643, 100
Trd, 4319993.443, 96
Trd, 4319996.043, 133
Trd, 4319996.093, 128
Trd, 4319996.243, 105
Trd, 4319996.843, 139
Trd, 4319999.293, 103
Trd, 4319999.643, 97
