Trd, 4318109.993, 140
Trd, 4318110.543, 140
Trd, 4318110.943, 140
Trd, 4318111.643, 140
Trd, 4318112.343, 140
Trd, 4318112.643, 140
Trd, 4318113.193, 140
Trd, 4318114.043, 140
Trd, 4318116.043, 140
Trd, 4318116.293, 140
Trd, 4318116.893, 140
Trd, 4318117.443, 140
Trd, 4318118.193, 140
Trd, 4318118.993, 140
Trd, 4318119.093, 140
Trd, 4318120.493, 140
Trd, 4318122.593, 140
Trd, 4318122.693, 140
Trd, 4318122.893, 140
Trd, 4318123.143, 140
Trd, 4318124.393, 140
Trd, 4318125.443, 140
Trd, 4318125.643, 140
Trd, 4318126.143, 140
Trd, 4318126.643, 140
Trd, 4318128.343, 140
Trd, 4318128.543, 140
Trd, 4318129.293, 140
Trd, 4318129.893, 140
Trd, 4318130.243, 140
Trd, 4318130.293, 139
Trd, 4318130.393, 138
Trd, 4318130.793, 138
Trd, 4318132.643, 140
Trd, 4318133.743, 140
Trd, 4318135.593, 140
Trd, 4318135.893, 140
Trd, 4318136.143, 140
Trd, 4318137.793, 140
Trd, 4318138.293, 140
Trd, 4318138.343, 140
Trd, 4318138.943, 140
Trd, 4318139.743, 140
Trd, 4318139.843, 140
Trd, 4318140.193, 139
Trd, 4318140.793, 140
Trd, 4318141.693, 140
Trd, 4318142.893, 140
Trd, 4318144.043, 140
Trd, 4318144.143, 140
Trd, 4318145.393, 140
Trd, 4318146.143, 140
Trd, 4318146.543, 140
Trd, 4318147.093, 140
Trd, 4318147.143, 140
Trd, 4318148.293, 140
Trd, 4318149.493, 140
Trd, 4318150.243, 140
Trd, 4318151.743, 140
Trd, 4318152.593, 140
Trd, 4318152.943, 140
Trd, 4318153.593, 140
Trd, 4318154.593, 140
Trd, 4318154.693, 140
Trd, 4318155.743, 140
Trd, 4318156.743, 140
Trd, 4318156.893, 140
Trd, 4318158.543, 140
Trd, 4318158.693, 140
Trd, 4318158.943, 140
Trd, 4318159.143, 140
Trd, 4318159.293, 140
Trd, 4318159.693, 140
Trd, 4318161.093, 140
Trd, 4318163.293, 140
Trd, 4318163.543, 140
Trd, 4318163.743, 140
Trd, 4318164.643, 140
Trd, 4318165.443, 140
Trd, 4318165.643, 140
Trd, 4318166.293, 140
Trd, 4318167.193, 140
Trd, 4318167.693, 140
Trd, 4318168.643, 140
Trd, 4318170.493, 140
Trd, 4318170.743, 140
Trd, 4318171.143, 140
Trd, 4318171.343, 140
Trd, 4318171.493, 140
Trd, 4318172.793, 140
Trd, 4318173.993, 140
Trd, 4318174.693, 140
Trd, 4318174.743, 140
Trd, 4318174.793, 140
Trd, 4318177.143, 140
Trd, 4318177.493, 140
Trd, 4318178.093, 140
Trd, 4318178.193, 140
Trd, 4318178.543, 140
Trd, 4318179.243, 140
Trd, 4318179.743, 140
Trd, 4318181.193, 140
Trd, 4318181.943, 140
Trd, 4318182.643, 140
Trd, 4318182.893, 140
Trd, 4318183.343, 140
Trd, 4318183.893, 140
Trd, 4318184.693, 140
Trd, 4318185.743, 140
Trd, 4318185.843, 140
Trd, 4318185.893, 140
Trd, 4318186.793, 140
Trd, 4318187.043, 140
Trd, 4318188.043, 140
Trd, 4318189.493, 140
Trd, 4318190.143, 140
Trd, 4318191.393, 140
Trd, 4318191.993, 140
Trd, 4318192.643, 140
Trd, 4318193.393, 140
Trd, 4318193.643, 140
Trd, 4318194.343, 140
Trd, 4318195.393, 140
Trd, 4318196.143, 140
Trd, 4318196.243, 139
Trd, 4318198.893, 140
Trd, 4318198.993, 140
Trd, 4318199.393, 140
Trd, 4318199.543, 140
Trd, 4318200.793, 140
Trd, 4318201.443, 140
Trd, 4318202.443, 140
Trd, 4318203.043, 140
Trd, 4318203.743, 140
Trd, 4318205.543, 140
Trd, 4318206.043, 140
Trd, 4318206.693, 140
Trd, 4318207.193, 140
Trd, 4318207.543, 140
Trd, 4318208.393, 140
Trd, 4318208.943, 140
Trd, 4318209.093, 140
Trd, 4318210.843, 140
Trd, 4318212.193, 140
Trd, 4318212.243, 140
Trd, 4318212.343, 140
Trd, 4318213.093, 140
Trd, 4318213.943, 140
Trd, 4318215.493, 140
Trd, 4318216.443, 140
Trd, 4318216.543, 140
Trd, 4318217.493, 140
Trd, 4318217.543, 140
Trd, 4318218.093, 140
Trd, 4318219.643, 139
Trd, 4318219.693, 138
Trd, 4318220.143, 61
Trd, 4318221.893, 140
Trd, 4318223.293, 61
Trd, 4318224.193, 61
Trd, 4318225.593, 60
Trd, 4318226.543, 61
Trd, 4318226.743, 62
Trd, 4318227.393, 61
Trd, 4318227.643, 114
Trd, 4318228.893, 62
Trd, 4318229.143, 61
Trd, 4318229.743, 60
Trd, 4318229.893, 60
Trd, 4318230.743, 75
Trd, 4318230.793, 64
Trd, 4318231.443, 65
Trd, 4318231.643, 62
Trd, 4318232.593, 60
Trd, 4318232.893, 60
Trd, 4318233.443, 65
Trd, 4318235.093, 63
Trd, 4318237.543, 60
Trd, 4318237.593, 60
Trd, 4318238.593, 60
Trd, 4318239.443, 60
Trd, 4318240.093, 62
Trd, 4318240.393, 61
Trd, 4318241.243, 60
Trd, 4318241.393, 60
Trd, 4318241.643, 70
Trd, 4318241.793, 89
Trd, 4318242.143, 61
Trd, 4318242.243, 63
Trd, 4318243.793, 60
Trd, 4318244.543, 67
Trd, 4318244.693, 62
Trd, 4318245.993, 68
Trd, 4318246.493, 64
Trd, 4318246.993, 66
Trd, 4318248.143, 67
Trd, 4318248.493, 67
Trd, 4318248.793, 73
Trd, 4318249.593, 60
Trd, 4318249.893, 64
Trd, 4318250.393, 119
Trd, 4318252.143, 62
Trd, 4318253.643, 60
Trd, 4318254.293, 65
Trd, 4318255.093, 60
Trd, 4318256.343, 61
Trd, 4318256.543, 62
Trd, 4318257.243, 60
Trd, 4318258.443, 60
Trd, 4318258.893, 61
Trd, 4318259.293, 62
Trd, 4318259.393, 65
Trd, 4318259.493, 70
Trd, 4318260.143, 62
Trd, 4318260.943, 66
Trd, 4318261.193, 66
Trd, 4318261.693, 62
Trd, 4318263.493, 60
Trd, 4318263.693, 64
Trd, 4318263.993, 62
Trd, 4318264.193, 64
Trd, 4318264.343, 67
Trd, 4318266.043, 140
Trd, 4318267.643, 140
Trd, 4318268.093, 140
Trd, 4318269.843, 140
Trd, 4318270.093, 140
Trd, 4318270.893, 140
Trd, 4318271.093, 140
Trd, 4318271.243, 140
Trd, 4318272.593, 140
Trd, 4318272.693, 140
Trd, 4318274.843, 140
Trd, 4318275.393, 140
Trd, 4318277.143, 140
Trd, 4318277.243, 140
Trd, 4318277.993, 140
Trd, 4318278.393, 140
Trd, 4318279.443, 140
Trd, 4318279.643, 140
Trd, 4318279.893, 140
Trd, 4318280.543, 140
Trd, 4318281.893, 140
Trd, 4318284.293, 140
Trd, 4318284.543, 140
Trd, 4318285.793, 140
Trd, 4318285.893, 140
Trd, 4318286.043, 139
Trd, 4318288.143, 140
Trd, 4318288.843, 140
Trd, 4318289.493, 140
Trd, 4318289.643, 140
Trd, 4318290.493, 140
Trd, 4318290.743, 140
Trd, 4318291.493, 140
Trd, 4318293.943, 140
Trd, 4318294.193, 140
Trd, 4318294.393, 140
Trd, 4318294.943, 140
Trd, 4318295.693, 140
Trd, 4318296.193, 140
Trd, 4318296.693, 140
Trd, 4318298.293, 140
Trd, 4318298.443, 140
Trd, 4318298.643, 140
Trd, 4318298.993, 140
Trd, 4318299.443, 135
Trd, 4318300.143, 140
Trd, 4318301.893, 140
Trd, 4318302.893, 140
Trd, 4318303.693, 140
Trd, 4318303.943, 140
Trd, 4318305.493, 140
Trd, 4318305.693, 140
Trd, 4318306.843, 140
Trd, 4318307.143, 140
Trd, 4318308.043, 140
Trd, 4318308.243, 140
Trd, 4318310.043, 140
Trd, 4318310.143, 140
Trd, 4318310.643, 140
Trd, 4318310.943, 140
Trd, 4318311.243, 140
Trd, 4318312.343, 140
Trd, 4318312.643, 139
Trd, 4318314.193, 140
Trd, 4318314.593, 140
Trd, 4318314.843, 140
Trd, 4318315.193, 139
Trd, 4318316.443, 140
Trd, 4318318.243, 140
Trd, 4318318.293, 140
Trd, 4318318.443, 140
Trd, 4318318.543, 139
Trd, 4318319.593, 140
Trd, 4318321.393, 140
Trd, 4318321.743, 140
Trd, 4318322.243, 140
Trd, 4318323.443, 140
Trd, 4318323.493, 140
Trd, 4318323.993, 140
Trd, 4318324.293, 140
Trd, 4318324.443, 140
Trd, 4318324.993, 140
Trd, 4318325.343, 140
Trd, 4318326.243, 140
Trd, 4318326.643, 140
Trd, 4318328.043, 140
Trd, 4318328.593, 140
Trd, 4318330.043, 140
Trd, 4318330.443, 140
Trd, 4318332.343, 140
Trd, 4318332.493, 140
Trd, 4318334.043, 140
Trd, 4318334.893, 140
Trd, 4318336.493, 140
Trd, 4318336.843, 140
Trd, 4318337.093, 140
Trd, 4318337.143, 140
Trd, 4318337.693, 140
Trd, 4318338.143, 140
Trd, 4318339.693, 140
Trd, 4318340.443, 140
Trd, 4318340.843, 140
Trd, 4318341.993, 140
Trd, 4318342.343, 140
Trd, 4318342.443, 140
Trd, 4318344.693, 140
Trd, 4318344.793, 140
Trd, 4318345.043, 140
Trd, 4318345.293, 140
Trd, 4318347.043, 140
Trd, 4318347.243, 140
Trd, 4318347.593, 138
Trd, 4318348.843, 138
Trd, 4318348.993, 137
Trd, 4318350.193, 140
Trd, 4318350.843, 140
Trd, 4318351.493, 140
Trd, 4318352.293, 140
Trd, 4318352.943, 140
Trd, 4318353.693, 140
Trd, 4318354.093, 140
Trd, 4318354.343, 140
Trd, 4318354.643, 139
Trd, 4318356.093, 140
Trd, 4318356.343, 140
Trd, 4318356.843, 140
Trd, 4318357.993, 140
Trd, 4318359.493, 140
Trd, 4318359.743, 140
Trd, 4318359.943, 140
Trd, 4318360.743, 140
Trd, 4318361.693, 140
Trd, 4318362.743, 140
Trd, 4318362.943, 140
Trd, 4318363.343, 140
Trd, 4318365.043, 140
Trd, 4318365.643, 140
Trd, 4318366.193, 140
Trd, 4318367.093, 140
Trd, 4318367.543, 140
Trd, 4318367.943, 140
Trd, 4318368.743, 140
Trd, 4318369.593, 140
Trd, 4318370.043, 140
Trd, 4318371.243, 140
Trd, 4318372.193, 140
Trd, 4318372.693, 140
Trd, 4318373.043, 140
Trd, 4318374.193, 140
Trd, 4318374.393, 140
Trd, 4318377.293, 140
Trd, 4318377.393, 140
Trd, 4318377.743, 140
Trd, 4318378.743, 140
Trd, 4318378.793, 140
Trd, 4318379.393, 140
Trd, 4318381.043, 140
Trd, 4318381.493, 140
Trd, 4318381.993, 140
Trd, 4318383.193, 140
Trd, 4318383.843, 140
Trd, 4318384.493, 140
Trd, 4318384.643, 140
Trd, 4318385.743, 140
Trd, 4318385.993, 140
Trd, 4318386.143, 140
Trd, 4318386.493, 138
Trd, 4318386.743, 139
Trd, 4318388.993, 60
Trd, 4318390.043, 60
Trd, 4318390.443, 60
Trd, 4318391.143, 62
Trd, 4318391.493, 66
Trd, 4318393.943, 63
Trd, 4318394.443, 61
Trd, 4318394.943, 61
Trd, 4318395.393, 64
Trd, 4318395.843, 62
Trd, 4318396.343, 66
Trd, 4318396.443, 66
Trd, 4318397.093, 140
Trd, 4318397.443, 140
Trd, 4318398.693, 64
Trd, 4318399.493, 60
Trd, 4318400.343, 67
Trd, 4318400.993, 61
Trd, 4318402.643, 60
Trd, 4318402.793, 60
Trd, 4318406.343, 60
Trd, 4318406.543, 63
Trd, 4318406.693, 72
Trd, 4318407.193, 61
Trd, 4318407.893, 66
Trd, 4318408.043, 65
Trd, 4318408.293, 66
Trd, 4318408.593, 84
Trd, 4318410.293, 62
Trd, 4318410.943, 60
Trd, 4318411.193, 61
Trd, 4318411.493, 62
Trd, 4318411.643, 140
Trd, 4318414.493, 60
Trd, 4318415.393, 60
Trd, 4318415.893, 60
Trd, 4318416.443, 61
Trd, 4318416.793, 68
Trd, 4318418.893, 61
Trd, 4318418.943, 66
Trd, 4318419.293, 62
Trd, 4318419.693, 64
Trd, 4318420.643, 136
Trd, 4318420.743, 67
Trd, 4318421.093, 65
Trd, 4318422.193, 140
Trd, 4318423.393, 140
Trd, 4318423.593, 140
Trd, 4318424.743, 140
Trd, 4318425.443, 140
Trd, 4318426.143, 140
Trd, 4318427.443, 140
Trd, 4318427.743, 140
Trd, 4318428.393, 140
Trd, 4318429.343, 140
Trd, 4318430.643, 140
Trd, 4318431.043, 140
Trd, 4318431.343, 140
Trd, 4318432.943, 140
Trd, 4318433.193, 140
Trd, 4318434.293, 140
Trd, 4318434.343, 140
Trd, 4318434.793, 140
Trd, 4318435.893, 140
Trd, 4318437.493, 140
Trd, 4318437.593, 140
Trd, 4318438.743, 140
Trd, 4318439.693, 140
Trd, 4318439.843, 140
Trd, 4318440.093, 140
Trd, 4318440.343, 140
Trd, 4318441.093, 140
Trd, 4318441.293, 139
Trd, 4318441.643, 140
Trd, 4318443.093, 140
Trd, 4318444.093, 140
Trd, 4318444.193, 140
Trd, 4318445.093, 140
Trd, 4318446.443, 140
Trd, 4318446.543, 140
Trd, 4318447.143, 140
Trd, 4318447.843, 140
Trd, 4318448.593, 140
Trd, 4318450.093, 140
Trd, 4318450.243, 140
Trd, 4318452.143, 140
Trd, 4318452.793, 140
Trd, 4318453.393, 140
Trd, 4318453.743, 140
Trd, 4318454.493, 140
Trd, 4318455.443, 140
Trd, 4318455.943, 140
Trd, 4318456.393, 140
Trd, 4318456.743, 140
Trd, 4318456.843, 140
Trd, 4318457.143, 140
Trd, 4318459.243, 140
Trd, 4318459.443, 140
Trd, 4318459.643, 139
Trd, 4318460.993, 140
Trd, 4318461.843, 140
Trd, 4318462.793, 140
Trd, 4318462.893, 140
Trd, 4318463.493, 140
Trd, 4318463.943, 140
Trd, 4318465.793, 140
Trd, 4318466.043, 140
Trd, 4318466.543, 140
Trd, 4318466.743, 140
Trd, 4318468.193, 140
Trd, 4318468.893, 137
Trd, 4318468.943, 135
Trd, 4318469.143, 140
Trd, 4318469.743, 140
Trd, 4318471.543, 140
Trd, 4318471.793, 140
Trd, 4318474.493, 140
Trd, 4318475.193, 140
Trd, 4318475.643, 140
Trd, 4318476.343, 140
Trd, 4318476.693, 140
Trd, 4318476.943, 140
Trd, 4318477.593, 140
Trd, 4318478.993, 60
Trd, 4318480.643, 60
Trd, 4318480.693, 61
Trd, 4318480.993, 61
Trd, 4318482.443, 60
Trd, 4318482.743, 60
Trd, 4318483.993, 64
Trd, 4318485.793, 61
Trd, 4318487.243, 63
Trd, 4318488.443, 62
Trd, 4318489.843, 60
Trd, 4318490.793, 64
Trd, 4318490.993, 70
Trd, 4318491.193, 60
Trd, 4318491.493, 65
Trd, 4318492.443, 65
Trd, 4318492.493, 64
Trd, 4318492.893, 66
Trd, 4318492.943, 64
Trd, 4318494.993, 140
Trd, 4318495.593, 140
Trd, 4318496.143, 140
Trd, 4318496.243, 140
Trd, 4318496.593, 140
Trd, 4318496.893, 140
Trd, 4318498.393, 140
Trd, 4318499.843, 140
Trd, 4318501.343, 140
Trd, 4318501.393, 140
Trd, 4318502.143, 140
Trd, 4318502.343, 140
Trd, 4318502.743, 140
Trd, 4318503.843, 140
Trd, 4318503.993, 140
Trd, 4318504.343, 140
Trd, 4318505.393, 140
Trd, 4318505.493, 140
Trd, 4318507.543, 140
Trd, 4318507.593, 140
Trd, 4318507.793, 140
Trd, 4318507.943, 138
Trd, 4318509.143, 139
Trd, 4318511.293, 139
Trd, 4318512.193, 140
Trd, 4318513.593, 140
Trd, 4318514.343, 140
Trd, 4318514.443, 140
Trd, 4318516.093, 140
Trd, 4318517.043, 140
Trd, 4318517.893, 140
Trd, 4318518.193, 140
Trd, 4318518.293, 140
Trd, 4318518.443, 140
Trd, 4318519.943, 140
Trd, 4318520.243, 140
Trd, 4318521.893, 140
Trd, 4318522.743, 140
Trd, 4318524.093, 140
Trd, 4318524.393, 140
Trd, 4318524.693, 140
Trd, 4318524.743, 140
Trd, 4318526.443, 140
Trd, 4318528.743, 140
Trd, 4318528.843, 140
Trd, 4318529.093, 140
Trd, 4318529.493, 140
Trd, 4318529.943, 140
Trd, 4318531.243, 140
Trd, 4318531.643, 140
Trd, 4318532.243, 140
Trd, 4318532.493, 140
Trd, 4318534.593, 140
Trd, 4318534.993, 140
Trd, 4318535.393, 140
Trd, 4318535.743, 140
Trd, 4318536.293, 140
Trd, 4318537.443, 140
Trd, 4318537.993, 140
Trd, 4318539.843, 140
Trd, 4318540.243, 140
Trd, 4318541.893, 140
Trd, 4318542.143, 140
Trd, 4318542.843, 140
Trd, 4318543.693, 140
Trd, 4318544.093, 140
Trd, 4318544.993, 140
Trd, 4318545.193, 140
Trd, 4318545.743, 140
Trd, 4318546.343, 140
Trd, 4318546.943, 140
Trd, 4318546.993, 140
Trd, 4318547.443, 140
Trd, 4318549.293, 140
Trd, 4318549.743, 140
Trd, 4318550.193, 140
Trd, 4318550.443, 140
Trd, 4318552.193, 140
Trd, 4318552.393, 140
Trd, 4318552.443, 139
Trd, 4318553.343, 139
Trd, 4318554.893, 120
Trd, 4318555.193, 62
Trd, 4318555.993, 65
Trd, 4318557.593, 61
Trd, 4318558.243, 67
Trd, 4318559.793, 61
Trd, 4318560.593, 60
Trd, 4318562.243, 61
Trd, 4318563.943, 60
Trd, 4318564.443, 61
Trd, 4318564.843, 60
Trd, 4318565.443, 63
Trd, 4318565.743, 88
Trd, 4318566.343, 61
Trd, 4318566.643, 63
Trd, 4318566.743, 64
Trd, 4318567.793, 64
Trd, 4318569.193, 60
Trd, 4318569.343, 88
Trd, 4318570.743, 61
Trd, 4318570.943, 62
Trd, 4318571.143, 63
Trd, 4318572.943, 60
Trd, 4318574.293, 64
Trd, 4318574.493, 62
Trd, 4318574.893, 62
Trd, 4318577.593, 60
Trd, 4318579.043, 60
Trd, 4318581.193, 60
Trd, 4318581.993, 60
Trd, 4318582.193, 62
Trd, 4318582.243, 63
Trd, 4318582.443, 64
Trd, 4318582.493, 66
Trd, 4318582.893, 61
Trd, 4318584.143, 62
Trd, 4318584.243, 61
Trd, 4318584.843, 60
Trd, 4318586.893, 62
Trd, 4318586.943, 76
Trd, 4318589.093, 60
Trd, 4318590.193, 60
Trd, 4318591.893, 60
Trd, 4318591.943, 60
Trd, 4318591.993, 61
Trd, 4318593.393, 60
Trd, 4318594.343, 61
Trd, 4318594.943, 63
Trd, 4318595.343, 63
Trd, 4318595.393, 64
Trd, 4318595.643, 71
Trd, 4318596.043, 71
Trd, 4318598.793, 140
Trd, 4318599.393, 140
Trd, 4318600.143, 140
Trd, 4318601.193, 140
Trd, 4318602.043, 140
Trd, 4318602.943, 140
Trd, 4318603.093, 140
Trd, 4318603.293, 140
Trd, 4318603.543, 140
Trd, 4318605.293, 140
Trd, 4318605.393, 140
Trd, 4318605.843, 140
Trd, 4318605.943, 140
Trd, 4318606.793, 140
Trd, 4318606.993, 138
Trd, 4318609.393, 140
Trd, 4318609.543, 140
Trd, 4318611.443, 140
Trd, 4318611.543, 140
Trd, 4318611.843, 140
Trd, 4318612.193, 140
Trd, 4318612.943, 140
Trd, 4318614.193, 140
Trd, 4318614.643, 140
Trd, 4318616.843, 140
Trd, 4318617.293, 140
Trd, 4318617.443, 140
Trd, 4318618.593, 140
Trd, 4318619.043, 140
Trd, 4318619.193, 140
Trd, 4318619.643, 140
Trd, 4318621.343, 140
Trd, 4318621.593, 140
Trd, 4318622.693, 140
Trd, 4318622.843, 140
Trd, 4318624.293, 140
Trd, 4318626.143, 140
Trd, 4318626.543, 140
Trd, 4318626.743, 140
Trd, 4318627.593, 140
Trd, 4318627.943, 140
Trd, 4318628.693, 140
Trd, 4318629.343, 140
Trd, 4318629.793, 140
Trd, 4318631.993, 140
Trd, 4318632.043, 140
Trd, 4318632.193, 140
Trd, 4318633.843, 140
Trd, 4318633.893, 140
Trd, 4318633.993, 140
Trd, 4318635.443, 140
Trd, 4318636.493, 140
Trd, 4318637.143, 140
Trd, 4318637.943, 140
Trd, 4318638.243, 140
Trd, 4318638.893, 140
Trd, 4318638.993, 140
Trd, 4318639.043, 140
Trd, 4318639.393, 140
Trd, 4318640.893, 140
Trd, 4318641.693, 140
Trd, 4318642.443, 140
Trd, 4318643.843, 140
Trd, 4318644.293, 140
Trd, 4318645.443, 140
Trd, 4318646.843, 140
Trd, 4318647.343, 140
Trd, 4318647.543, 140
Trd, 4318647.793, 140
Trd, 4318649.143, 140
Trd, 4318650.293, 140
Trd, 4318650.843, 140
Trd, 4318651.043, 140
Trd, 4318651.143, 140
Trd, 4318651.493, 140
Trd, 4318651.793, 140
Trd, 4318652.243, 140
Trd, 4318654.043, 140
Trd, 4318654.593, 140
Trd, 4318654.843, 140
Trd, 4318656.593, 140
Trd, 4318657.243, 140
Trd, 4318657.793, 140
Trd, 4318658.743, 140
Trd, 4318658.793, 140
Trd, 4318659.293, 140
Trd, 4318660.693, 140
Trd, 4318661.343, 140
Trd, 4318661.393, 140
Trd, 4318661.943, 139
Trd, 4318662.193, 136
Trd, 4318662.943, 138
Trd, 4318663.243, 138
Trd, 4318665.643, 140
Trd, 4318665.743, 140
Trd, 4318666.593, 61
Trd, 4318669.343, 60
Trd, 4318669.443, 60
Trd, 4318671.593, 60
Trd, 4318672.093, 60
Trd, 4318672.543, 60
Trd, 4318672.793, 60
Trd, 4318673.443, 64
Trd, 4318673.543, 73
Trd, 4318673.693, 61
Trd, 4318674.293, 60
Trd, 4318674.843, 88
Trd, 4318675.143, 89
Trd, 4318676.743, 64
Trd, 4318677.043, 70
Trd, 4318677.243, 70
Trd, 4318677.393, 63
Trd, 4318679.593, 60
Trd, 4318680.243, 63
Trd, 4318680.543, 66
Trd, 4318680.993, 61
Trd, 4318682.243, 61
Trd, 4318682.343, 62
Trd, 4318684.643, 60
Trd, 4318685.043, 60
Trd, 4318687.093, 61
Trd, 4318689.743, 60
Trd, 4318690.043, 60
Trd, 4318690.343, 60
Trd, 4318690.693, 61
Trd, 4318690.943, 63
Trd, 4318691.343, 63
Trd, 4318691.593, 64
Trd, 4318692.043, 86
Trd, 4318692.393, 107
Trd, 4318692.543, 67
Trd, 4318694.793, 60
Trd, 4318695.843, 63
Trd, 4318697.143, 65
Trd, 4318697.893, 66
Trd, 4318699.443, 62
Trd, 4318700.543, 60
Trd, 4318701.593, 60
Trd, 4318702.243, 60
Trd, 4318703.193, 60
Trd, 4318703.643, 60
Trd, 4318704.043, 62
Trd, 4318704.193, 61
Trd, 4318704.843, 65
Trd, 4318704.943, 67
Trd, 4318705.093, 64
Trd, 4318705.643, 63
Trd, 4318707.043, 140
Trd, 4318707.543, 140
Trd, 4318707.793, 140
Trd, 4318708.893, 137
Trd, 4318710.343, 140
Trd, 4318710.393, 140
Trd, 4318711.743, 140
Trd, 4318713.843, 140
Trd, 4318714.193, 140
Trd, 4318714.443, 140
Trd, 4318715.193, 140
Trd, 4318715.893, 140
Trd, 4318716.643, 140
Trd, 4318717.093, 140
Trd, 4318717.443, 140
Trd, 4318718.143, 140
Trd, 4318719.143, 140
Trd, 4318719.243, 140
Trd, 4318720.893, 140
Trd, 4318720.993, 140
Trd, 4318721.943, 140
Trd, 4318722.093, 140
Trd, 4318722.593, 140
Trd, 4318722.643, 139
Trd, 4318723.393, 140
Trd, 4318724.593, 140
Trd, 4318725.243, 140
Trd, 4318726.343, 140
Trd, 4318727.193, 140
Trd, 4318728.093, 140
Trd, 4318729.143, 140
Trd, 4318730.393, 140
Trd, 4318730.943, 140
Trd, 4318732.243, 140
Trd, 4318732.393, 140
Trd, 4318733.793, 140
Trd, 4318735.393, 140
Trd, 4318735.793, 140
Trd, 4318736.743, 140
Trd, 4318737.043, 140
Trd, 4318737.343, 140
Trd, 4318737.743, 140
Trd, 4318738.343, 140
Trd, 4318740.243, 140
Trd, 4318740.743, 140
Trd, 4318741.243, 140
Trd, 4318741.793, 140
Trd, 4318742.443, 140
Trd, 4318742.493, 140
Trd, 4318743.293, 140
Trd, 4318745.843, 140
Trd, 4318745.893, 140
Trd, 4318745.993, 140
Trd, 4318746.893, 140
Trd, 4318747.643, 140
Trd, 4318748.043, 140
Trd, 4318748.643, 140
Trd, 4318748.843, 140
Trd, 4318749.043, 140
Trd, 4318750.943, 140
Trd, 4318751.493, 140
Trd, 4318752.493, 140
Trd, 4318753.143, 140
Trd, 4318754.943, 140
Trd, 4318755.443, 140
Trd, 4318756.293, 140
Trd, 4318756.693, 140
Trd, 4318757.243, 140
Trd, 4318758.293, 140
Trd, 4318758.343, 140
Trd, 4318758.693, 140
Trd, 4318759.943, 140
Trd, 4318759.993, 140
Trd, 4318760.093, 140
Trd, 4318760.943, 140
Trd, 4318762.493, 140
Trd, 4318762.693, 140
Trd, 4318762.893, 140
Trd, 4318762.993, 139
Trd, 4318765.693, 140
Trd, 4318765.793, 140
Trd, 4318766.893, 140
Trd, 4318767.043, 140
Trd, 4318767.543, 140
Trd, 4318768.943, 140
Trd, 4318769.293, 140
Trd, 4318770.343, 140
Trd, 4318770.893, 140
Trd, 4318771.393, 140
Trd, 4318771.593, 140
Trd, 4318772.643, 140
Trd, 4318773.893, 140
Trd, 4318774.343, 140
Trd, 4318776.143, 140
Trd, 4318776.543, 140
Trd, 4318776.743, 140
Trd, 4318776.793, 140
Trd, 4318776.943, 139
Trd, 4318778.043, 140
Trd, 4318778.193, 140
Trd, 4318779.243, 140
Trd, 4318780.193, 138
Trd, 4318781.643, 140
Trd, 4318782.493, 140
Trd, 4318783.793, 140
Trd, 4318784.093, 140
Trd, 4318784.193, 140
Trd, 4318784.843, 140
Trd, 4318785.543, 140
Trd, 4318787.193, 140
Trd, 4318787.543, 140
Trd, 4318787.593, 140
Trd, 4318787.643, 139
Trd, 4318789.243, 140
Trd, 4318789.743, 140
Trd, 4318789.843, 140
Trd, 4318791.743, 140
Trd, 4318792.543, 140
Trd, 4318792.843, 140
Trd, 4318793.093, 140
Trd, 4318794.393, 140
Trd, 4318794.443, 140
Trd, 4318795.143, 140
Trd, 4318795.393, 140
Trd, 4318795.993, 139
Trd, 4318796.893, 140
Trd, 4318797.343, 139
Trd, 4318797.893, 140
Trd, 4318797.993, 138
Trd, 4318799.143, 66
Trd, 4318799.893, 63
Trd, 4318800.543, 68
Trd, 4318803.093, 60
Trd, 4318803.193, 61
Trd, 4318804.043, 60
Trd, 4318806.293, 60
Trd, 4318806.543, 60
Trd, 4318806.643, 60
Trd, 4318806.743, 61
Trd, 4318808.343, 61
Trd, 4318809.093, 62
Trd, 4318809.443, 60
Trd, 4318809.993, 62
Trd, 4318810.043, 62
Trd, 4318810.743, 61
Trd, 4318811.593, 63
Trd, 4318811.693, 63
Trd, 4318811.893, 65
Trd, 4318815.643, 60
Trd, 4318815.893, 61
Trd, 4318816.793, 67
Trd, 4318817.843, 60
Trd, 4318818.043, 60
Trd, 4318818.193, 63
Trd, 4318819.693, 60
Trd, 4318819.793, 60
Trd, 4318820.843, 63
Trd, 4318820.993, 64
Trd, 4318821.693, 64
Trd, 4318821.993, 63
Trd, 4318822.393, 62
Trd, 4318822.543, 69
Trd, 4318824.293, 60
Trd, 4318825.243, 60
Trd, 4318826.043, 61
Trd, 4318826.643, 62
Trd, 4318828.443, 60
Trd, 4318828.493, 62
Trd, 4318829.243, 65
Trd, 4318829.793, 61
Trd, 4318829.943, 60
Trd, 4318830.293, 62
Trd, 4318831.693, 60
Trd, 4318832.243, 60
Trd, 4318832.843, 60
Trd, 4318834.593, 60
Trd, 4318836.243, 60
Trd, 4318837.193, 61
Trd, 4318837.543, 62
Trd, 4318837.643, 61
Trd, 4318839.593, 62
Trd, 4318841.493, 60
Trd, 4318841.543, 61
Trd, 4318842.043, 61
Trd, 4318842.443, 62
Trd, 4318843.043, 62
Trd, 4318844.093, 60
Trd, 4318844.593, 90
Trd, 4318845.143, 71
Trd, 4318845.243, 65
Trd, 4318845.343, 140
Trd, 4318845.693, 140
Trd, 4318845.743, 66
Trd, 4318846.593, 140
Trd, 4318846.893, 69
Trd, 4318847.893, 134
Trd, 4318848.793, 61
Trd, 4318848.943, 63
Trd, 4318850.343, 64
Trd, 4318852.143, 60
Trd, 4318853.993, 60
Trd, 4318854.393, 60
Trd, 4318854.843, 60
Trd, 4318855.893, 60
Trd, 4318856.693, 60
Trd, 4318857.243, 60
Trd, 4318858.093, 60
Trd, 4318858.743, 60
Trd, 4318858.993, 60
Trd, 4318861.093, 129
Trd, 4318862.393, 61
Trd, 4318863.193, 62
Trd, 4318865.393, 60
Trd, 4318865.693, 60
Trd, 4318867.093, 60
Trd, 4318868.193, 60
Trd, 4318868.243, 60
Trd, 4318868.793, 67
Trd, 4318869.143, 68
Trd, 4318870.393, 73
Trd, 4318870.593, 140
Trd, 4318870.743, 72
Trd, 4318872.293, 140
Trd, 4318872.443, 140
Trd, 4318872.993, 140
Trd, 4318874.043, 140
Trd, 4318874.743, 140
Trd, 4318875.943, 140
Trd, 4318877.593, 140
Trd, 4318877.693, 140
Trd, 4318877.743, 140
Trd, 4318878.143, 140
Trd, 4318878.843, 140
Trd, 4318880.493, 140
Trd, 4318881.193, 140
Trd, 4318881.543, 140
Trd, 4318881.593, 139
Trd, 4318881.643, 139
Trd, 4318881.743, 134
Trd, 4318883.543, 62
Trd, 4318884.793, 60
Trd, 4318885.293, 63
Trd, 4318885.343, 98
Trd, 4318887.793, 62
Trd, 4318889.193, 64
Trd, 4318890.593, 60
Trd, 4318891.243, 61
Trd, 4318891.493, 62
Trd, 4318892.643, 60
Trd, 4318893.193, 60
Trd, 4318893.993, 61
Trd, 4318894.443, 64
Trd, 4318894.893, 62
Trd, 4318896.243, 60
Trd, 4318898.393, 60
Trd, 4318898.443, 61
Trd, 4318899.143, 63
Trd, 4318900.143, 64
Trd, 4318900.843, 60
Trd, 4318901.643, 60
Trd, 4318901.743, 64
Trd, 4318903.093, 63
Trd, 4318904.343, 61
Trd, 4318904.643, 61
Trd, 4318905.543, 60
Trd, 4318906.293, 61
Trd, 4318907.743, 60
Trd, 4318909.543, 60
Trd, 4318910.143, 60
Trd, 4318910.243, 60
Trd, 4318910.843, 66
Trd, 4318911.293, 64
Trd, 4318911.393, 61
Trd, 4318913.893, 61
Trd, 4318915.043, 62
Trd, 4318915.493, 63
Trd, 4318915.843, 60
Trd, 4318916.993, 60
Trd, 4318917.043, 60
Trd, 4318917.643, 112
Trd, 4318918.893, 138
Trd, 4318918.943, 136
Trd, 4318920.043, 60
Trd, 4318921.893, 61
Trd, 4318922.193, 63
Trd, 4318922.843, 61
Trd, 4318923.293, 61
Trd, 4318923.493, 68
Trd, 4318923.593, 78
Trd, 4318924.493, 67
Trd, 4318924.643, 66
Trd, 4318925.743, 94
Trd, 4318927.593, 60
Trd, 4318927.793, 64
Trd, 4318928.693, 65
Trd, 4318929.443, 70
Trd, 4318930.593, 71
Trd, 4318932.093, 63
Trd, 4318932.893, 60
Trd, 4318933.243, 67
Trd, 4318934.143, 66
Trd, 4318934.443, 65
Trd, 4318934.843, 65
Trd, 4318934.893, 73
Trd, 4318935.693, 100
Trd, 4318936.593, 69
Trd, 4318936.993, 70
Trd, 4318937.843, 137
Trd, 4318938.043, 71
Trd, 4318938.693, 71
Trd, 4318938.793, 63
Trd, 4318940.043, 140
Trd, 4318940.293, 139
Trd, 4318943.143, 60
Trd, 4318944.393, 60
Trd, 4318945.193, 61
Trd, 4318945.693, 64
Trd, 4318946.793, 60
Trd, 4318947.143, 60
Trd, 4318947.443, 61
Trd, 4318947.593, 61
Trd, 4318947.793, 63
Trd, 4318948.593, 63
Trd, 4318948.693, 62
Trd, 4318949.293, 139
Trd, 4318952.443, 62
Trd, 4318952.993, 61
Trd, 4318954.393, 60
Trd, 4318954.793, 60
Trd, 4318955.093, 60
Trd, 4318955.393, 65
Trd, 4318956.243, 140
Trd, 4318956.543, 140
Trd, 4318956.693, 140
Trd, 4318957.093, 140
Trd, 4318958.343, 140
Trd, 4318958.793, 140
Trd, 4318959.093, 140
Trd, 4318960.443, 140
Trd, 4318961.493, 140
Trd, 4318961.543, 140
Trd, 4318962.793, 140
Trd, 4318963.043, 140
Trd, 4318963.843, 140
Trd, 4318964.493, 140
Trd, 4318965.443, 140
Trd, 4318965.493, 140
Trd, 4318966.243, 140
Trd, 4318966.393, 140
Trd, 4318967.693, 140
Trd, 4318968.793, 140
Trd, 4318969.393, 140
Trd, 4318969.993, 140
Trd, 4318970.293, 140
Trd, 4318970.543, 140
Trd, 4318971.193, 136
Trd, 4318971.643, 140
Trd, 4318973.093, 140
Trd, 4318973.793, 140
Trd, 4318973.843, 140
Trd, 4318974.093, 139
Trd, 4318975.993, 140
Trd, 4318977.293, 140
Trd, 4318977.393, 140
Trd, 4318977.743, 140
Trd, 4318977.993, 140
Trd, 4318978.643, 140
Trd, 4318978.743, 140
Trd, 4318981.043, 140
Trd, 4318982.093, 140
Trd, 4318982.993, 140
Trd, 4318983.093, 140
Trd, 4318983.643, 140
Trd, 4318984.643, 140
Trd, 4318985.343, 140
Trd, 4318985.543, 140
Trd, 4318986.443, 140
Trd, 4318987.743, 140
Trd, 4318987.793, 140
Trd, 4318988.893, 140
Trd, 4318989.743, 140
Trd, 4318990.143, 140
Trd, 4318990.593, 140
Trd, 4318991.443, 140
Trd, 4318991.643, 140
Trd, 4318991.943, 140
Trd, 4318993.993, 140
Trd, 4318994.243, 140
Trd, 4318995.643, 140
Trd, 4318995.693, 140
Trd, 4318997.543, 140
Trd, 4318997.893, 140
Trd, 4318998.293, 140
Trd, 4318998.743, 140
Trd, 4318998.993, 140
Trd, 4318999.793, 140
Trd, 4319000.043, 140
Trd, 4319000.743, 140
Trd, 4319002.143, 140
Trd, 4319002.443, 140
Trd, 4319003.043, 140
Trd, 4319003.643, 140
Trd, 4319004.443, 140
Trd, 4319005.043, 140
Trd, 4319005.743, 140
Trd, 4319006.543, 140
Trd, 4319007.593, 140
Trd, 4319007.893, 140
Trd, 4319008.143, 140
Trd, 4319008.343, 140
Trd, 4319008.793, 140
Trd, 4319009.243, 140
Trd, 4319009.743, 140
Trd, 4319010.743, 140
Trd, 4319012.743, 140
Trd, 4319013.693, 140
Trd, 4319014.093, 140
Trd, 4319014.143, 140
Trd, 4319014.443, 140
Trd, 4319014.943, 140
Trd, 4319016.693, 140
Trd, 4319016.943, 140
Trd, 4319018.193, 139
Trd, 4319019.993, 140
Trd, 4319020.143, 140
Trd, 4319020.693, 140
Trd, 4319021.493, 140
Trd, 4319022.243, 140
Trd, 4319022.993, 140
Trd, 4319023.293, 140
Trd, 4319023.893, 140
Trd, 4319025.093, 140
Trd, 4319025.343, 140
Trd, 4319026.493, 140
Trd, 4319027.993, 140
Trd, 4319028.293, 140
Trd, 4319028.943, 140
Trd, 4319029.793, 140
Trd, 4319030.793, 140
Trd, 4319032.393, 140
Trd, 4319032.493, 140
Trd, 4319033.693, 140
Trd, 4319033.743, 140
Trd, 4319033.893, 140
Trd, 4319034.593, 140
Trd, 4319034.693, 140
Trd, 4319035.343, 140
Trd, 4319035.743, 140
Trd, 4319035.893, 140
Trd, 4319037.293, 140
Trd, 4319037.443, 140
Trd, 4319037.693, 137
Trd, 4319038.943, 140
Trd, 4319039.993, 140
Trd, 4319040.243, 140
Trd, 4319041.893, 140
Trd, 4319042.643, 140
Trd, 4319043.143, 140
Trd, 4319043.443, 140
Trd, 4319044.243, 140
Trd, 4319045.393, 140
Trd, 4319045.643, 140
Trd, 4319045.993, 140
Trd, 4319046.443, 140
Trd, 4319047.643, 140
Trd, 4319047.943, 140
Trd, 4319049.843, 140
Trd, 4319050.093, 140
Trd, 4319051.393, 140
Trd, 4319051.493, 140
Trd, 4319051.843, 140
Trd, 4319052.043, 140
Trd, 4319053.293, 140
Trd, 4319053.843, 140
Trd, 4319054.293, 139
Trd, 4319054.793, 137
Trd, 4319054.893, 137
Trd, 4319055.993, 140
Trd, 4319056.993, 140
Trd, 4319058.043, 140
Trd, 4319058.093, 140
Trd, 4319059.093, 140
Trd, 4319059.543, 139
Trd, 4319061.193, 140
Trd, 4319061.643, 140
Trd, 4319061.893, 140
Trd, 4319062.293, 140
Trd, 4319063.143, 140
Trd, 4319063.793, 139
Trd, 4319064.843, 140
Trd, 4319065.493, 140
Trd, 4319066.243, 140
Trd, 4319067.343, 140
Trd, 4319067.593, 140
Trd, 4319067.993, 140
Trd, 4319068.493, 140
Trd, 4319069.643, 140
Trd, 4319071.143, 140
Trd, 4319071.543, 140
Trd, 4319072.893, 140
Trd, 4319073.043, 140
Trd, 4319073.143, 140
Trd, 4319073.493, 140
Trd, 4319073.893, 140
Trd, 4319074.593, 139
Trd, 4319074.643, 139
Trd, 4319076.143, 140
Trd, 4319076.543, 140
Trd, 4319078.143, 140
Trd, 4319078.943, 140
Trd, 4319080.093, 140
Trd, 4319080.143, 140
Trd, 4319080.943, 140
Trd, 4319081.443, 140
Trd, 4319081.493, 140
Trd, 4319082.893, 140
Trd, 4319083.693, 140
Trd, 4319084.043, 140
Trd, 4319085.743, 140
Trd, 4319087.043, 140
Trd, 4319087.893, 140
Trd, 4319087.943, 140
Trd, 4319089.143, 140
Trd, 4319089.593, 140
Trd, 4319089.643, 140
Trd, 4319089.893, 140
Trd, 4319090.043, 138
Trd, 4319090.543, 140
Trd, 4319093.443, 140
Trd, 4319093.493, 140
Trd, 4319094.693, 140
Trd, 4319096.943, 140
Trd, 4319097.143, 140
Trd, 4319097.443, 140
Trd, 4319097.693, 140
Trd, 4319098.643, 140
Trd, 4319098.943, 140
Trd, 4319100.143, 140
Trd, 4319100.993, 140
Trd, 4319101.493, 140
Trd, 4319101.793, 140
Trd, 4319102.193, 140
Trd, 4319104.293, 140
Trd, 4319104.543, 140
Trd, 4319104.593, 140
Trd, 4319106.793, 140
Trd, 4319108.043, 140
Trd, 4319108.243, 140
Trd, 4319108.393, 140
Trd, 4319109.793, 140
Trd, 4319111.093, 140
Trd, 4319111.143, 140
Trd, 4319111.393, 139
Trd, 4319112.093, 140
Trd, 4319113.193, 140
Trd, 4319113.693, 140
Trd, 4319113.843, 140
Trd, 4319113.993, 140
Trd, 4319116.243, 140
Trd, 4319116.643, 140
Trd, 4319116.793, 140
Trd, 4319117.943, 140
Trd, 4319118.893, 140
Trd, 4319119.243, 140
Trd, 4319119.743, 140
Trd, 4319120.443, 140
Trd, 4319121.493, 140
Trd, 4319123.293, 140
Trd, 4319123.443, 140
Trd, 4319123.543, 140
Trd, 4319123.793, 140
Trd, 4319124.193, 139
Trd, 4319124.893, 139
Trd, 4319127.643, 140
Trd, 4319127.893, 140
Trd, 4319128.393, 140
Trd, 4319128.543, 140
Trd, 4319129.093, 140
Trd, 4319129.793, 140
Trd, 4319129.943, 140
Trd, 4319131.243, 140
Trd, 4319132.793, 140
Trd, 4319133.343, 140
Trd, 4319133.443, 140
Trd, 4319133.743, 140
Trd, 4319133.943, 140
Trd, 4319134.193, 140
Trd, 4319135.193, 140
Trd, 4319135.643, 140
Trd, 4319136.143, 140
Trd, 4319136.893, 140
Trd, 4319138.043, 140
Trd, 4319138.843, 140
Trd, 4319140.743, 140
Trd, 4319141.343, 140
Trd, 4319141.693, 140
Trd, 4319142.943, 140
Trd, 4319143.693, 140
Trd, 4319143.993, 140
Trd, 4319144.693, 140
Trd, 4319145.393, 140
Trd, 4319145.443, 140
Trd, 4319145.543, 140
Trd, 4319146.993, 140
Trd, 4319147.593, 140
Trd, 4319147.793, 140
Trd, 4319148.143, 140
Trd, 4319149.193, 140
Trd, 4319149.243, 138
Trd, 4319150.643, 140
Trd, 4319151.093, 140
Trd, 4319151.193, 140
Trd, 4319151.743, 140
Trd, 4319152.893, 140
Trd, 4319153.643, 140
Trd, 4319153.893, 140
Trd, 4319155.093, 140
Trd, 4319156.193, 140
Trd, 4319156.393, 140
Trd, 4319157.293, 140
Trd, 4319158.793, 140
Trd, 4319159.093, 140
Trd, 4319159.593, 140
Trd, 4319159.893, 140
Trd, 4319161.043, 140
Trd, 4319161.193, 140
Trd, 4319161.493, 140
Trd, 4319163.143, 140
Trd, 4319163.593, 140
Trd, 4319163.643, 140
Trd, 4319164.443, 140
Trd, 4319165.143, 140
Trd, 4319165.193, 140
Trd, 4319165.293, 138
Trd, 4319166.543, 140
Trd, 4319167.443, 140
Trd, 4319168.393, 140
Trd, 4319169.193, 140
Trd, 4319170.743, 140
Trd, 4319171.893, 140
Trd, 4319171.943, 140
Trd, 4319172.243, 140
Trd, 4319173.493, 140
Trd, 4319173.893, 140
Trd, 4319174.993, 140
Trd, 4319176.043, 140
Trd, 4319176.093, 139
Trd, 4319176.693, 140
Trd, 4319176.943, 140
Trd, 4319178.993, 140
Trd, 4319179.993, 140
Trd, 4319180.093, 140
Trd, 4319180.693, 140
Trd, 4319180.743, 140
Trd, 4319182.543, 140
Trd, 4319182.893, 140
Trd, 4319185.093, 140
Trd, 4319185.393, 140
Trd, 4319185.993, 140
Trd, 4319186.343, 140
Trd, 4319186.843, 140
Trd, 4319189.243, 140
Trd, 4319189.643, 140
Trd, 4319190.193, 140
Trd, 4319190.843, 140
Trd, 4319191.393, 140
Trd, 4319191.943, 140
Trd, 4319193.093, 140
Trd, 4319193.793, 140
Trd, 4319195.143, 140
Trd, 4319195.693, 140
Trd, 4319196.593, 140
Trd, 4319196.993, 140
Trd, 4319197.343, 140
Trd, 4319198.093, 140
Trd, 4319198.693, 140
Trd, 4319199.393, 140
Trd, 4319200.343, 140
Trd, 4319200.493, 140
Trd, 4319201.893, 140
Trd, 4319202.293, 140
Trd, 4319203.893, 140
Trd, 4319204.343, 140
Trd, 4319204.843, 140
Trd, 4319205.043, 140
Trd, 4319205.293, 140
Trd, 4319206.943, 140
Trd, 4319208.093, 140
Trd, 4319208.393, 140
Trd, 4319208.943, 140
Trd, 4319209.143, 140
Trd, 4319210.093, 140
Trd, 4319210.143, 140
Trd, 4319211.043, 140
Trd, 4319211.443, 140
Trd, 4319212.043, 140
Trd, 4319212.293, 140
Trd, 4319213.793, 140
Trd, 4319214.443, 140
Trd, 4319214.593, 140
Trd, 4319215.093, 140
Trd, 4319215.193, 138
Trd, 4319216.393, 140
Trd, 4319218.143, 140
Trd, 4319219.043, 140
Trd, 4319220.293, 140
Trd, 4319220.643, 140
Trd, 4319220.743, 140
Trd, 4319220.843, 140
Trd, 4319221.693, 140
Trd, 4319221.993, 140
Trd, 4319222.443, 140
Trd, 4319222.593, 140
Trd, 4319223.293, 140
Trd, 4319225.543, 140
Trd, 4319226.043, 140
Trd, 4319226.143, 140
Trd, 4319226.493, 140
Trd, 4319228.243, 140
Trd, 4319228.643, 140
Trd, 4319228.893, 140
Trd, 4319231.043, 140
Trd, 4319231.393, 140
Trd, 4319231.493, 140
Trd, 4319232.893, 140
Trd, 4319232.993, 140
Trd, 4319233.293, 140
Trd, 4319234.193, 140
Trd, 4319235.193, 140
Trd, 4319235.593, 140
Trd, 4319235.893, 140
Trd, 4319236.293, 140
Trd, 4319236.493, 140
Trd, 4319238.493, 140
Trd, 4319238.643, 140
Trd, 4319240.393, 140
Trd, 4319241.043, 140
Trd, 4319241.243, 140
Trd, 4319241.493, 139
Trd, 4319242.493, 140
Trd, 4319242.793, 140
Trd, 4319243.493, 140
Trd, 4319244.293, 140
Trd, 4319244.743, 140
Trd, 4319245.293, 140
Trd, 4319245.593, 140
Trd, 4319246.443, 140
Trd, 4319246.643, 139
Trd, 4319247.593, 140
Trd, 4319248.043, 140
Trd, 4319248.743, 140
Trd, 4319249.143, 140
Trd, 4319249.443, 138
Trd, 4319251.143, 140
Trd, 4319252.393, 140
Trd, 4319253.343, 140
Trd, 4319254.043, 140
Trd, 4319254.693, 140
Trd, 4319255.193, 140
Trd, 4319256.293, 140
Trd, 4319256.743, 140
Trd, 4319257.043, 140
Trd, 4319259.943, 140
Trd, 4319260.293, 140
Trd, 4319260.743, 140
Trd, 4319260.943, 140
Trd, 4319261.093, 140
Trd, 4319262.693, 140
Trd, 4319263.043, 140
Trd, 4319263.843, 140
Trd, 4319264.693, 140
Trd, 4319264.743, 140
Trd, 4319265.193, 140
Trd, 4319265.743, 140
Trd, 4319266.693, 140
Trd, 4319267.343, 140
Trd, 4319267.393, 140
Trd, 4319269.643, 140
Trd, 4319269.793, 140
Trd, 4319270.543, 140
Trd, 4319271.493, 140
Trd, 4319271.843, 140
Trd, 4319273.293, 140
Trd, 4319273.693, 140
Trd, 4319275.093, 140
Trd, 4319275.893, 140
Trd, 4319275.943, 140
Trd, 4319276.143, 139
Trd, 4319276.943, 140
Trd, 4319277.393, 140
Trd, 4319278.343, 140
Trd, 4319279.193, 140
Trd, 4319279.893, 140
Trd, 4319281.543, 140
Trd, 4319282.093, 140
Trd, 4319282.143, 140
Trd, 4319283.043, 140
Trd, 4319283.243, 140
Trd, 4319284.243, 140
Trd, 4319284.293, 140
Trd, 4319285.693, 140
Trd, 4319286.093, 140
Trd, 4319286.643, 140
Trd, 4319287.643, 139
Trd, 4319288.743, 140
Trd, 4319289.843, 140
Trd, 4319290.393, 140
Trd, 4319291.393, 140
Trd, 4319291.693, 140
Trd, 4319292.143, 140
Trd, 4319292.893, 140
Trd, 4319293.193, 140
Trd, 4319293.443, 140
Trd, 4319294.293, 140
Trd, 4319294.993, 140
Trd, 4319296.243, 140
Trd, 4319296.693, 140
Trd, 4319297.143, 140
Trd, 4319297.693, 140
Trd, 4319297.843, 140
Trd, 4319299.243, 139
Trd, 4319300.243, 140
Trd, 4319301.593, 140
Trd, 4319302.493, 140
Trd, 4319302.593, 140
Trd, 4319302.793, 140
Trd, 4319304.043, 60
Trd, 4319304.943, 60
Trd, 4319305.593, 60
Trd, 4319307.393, 67
Trd, 4319307.593, 60
Trd, 4319309.943, 61
Trd, 4319310.643, 60
Trd, 4319310.893, 62
Trd, 4319311.493, 61
Trd, 4319311.943, 63
Trd, 4319312.893, 62
Trd, 4319312.943, 63
Trd, 4319313.693, 65
Trd, 4319314.143, 66
Trd, 4319314.193, 113
Trd, 4319314.993, 140
Trd, 4319315.243, 138
Trd, 4319316.793, 60
Trd, 4319317.093, 60
Trd, 4319317.443, 60
Trd, 4319319.243, 63
Trd, 4319319.993, 61
Trd, 4319321.493, 61
Trd, 4319321.593, 61
Trd, 4319323.543, 61
Trd, 4319323.843, 60
Trd, 4319324.993, 60
Trd, 4319325.243, 60
Trd, 4319325.443, 61
Trd, 4319326.043, 63
Trd, 4319326.193, 62
Trd, 4319326.493, 96
Trd, 4319326.643, 62
Trd, 4319327.143, 63
Trd, 4319328.943, 140
Trd, 4319329.393, 140
Trd, 4319329.893, 140
Trd, 4319330.843, 140
Trd, 4319331.343, 140
Trd, 4319331.793, 140
Trd, 4319333.193, 140
Trd, 4319335.043, 62
Trd, 4319335.543, 62
Trd, 4319335.793, 65
Trd, 4319336.393, 65
Trd, 4319338.793, 70
Trd, 4319339.393, 63
Trd, 4319341.993, 61
Trd, 4319342.193, 61
Trd, 4319342.543, 62
Trd, 4319342.793, 63
Trd, 4319343.643, 66
Trd, 4319344.543, 69
Trd, 4319344.843, 97
Trd, 4319345.293, 140
Trd, 4319345.343, 71
Trd, 4319346.543, 140
Trd, 4319346.693, 140
Trd, 4319347.293, 140
Trd, 4319347.843, 140
Trd, 4319348.243, 140
Trd, 4319349.293, 77
Trd, 4319350.243, 140
Trd, 4319351.193, 140
Trd, 4319351.993, 140
Trd, 4319352.843, 140
Trd, 4319353.143, 140
Trd, 4319354.143, 140
Trd, 4319354.393, 140
Trd, 4319355.293, 140
Trd, 4319356.893, 140
Trd, 4319358.093, 140
Trd, 4319358.193, 140
Trd, 4319358.343, 140
Trd, 4319358.843, 140
Trd, 4319358.893, 140
Trd, 4319360.243, 140
Trd, 4319360.943, 140
Trd, 4319361.443, 140
Trd, 4319362.643, 140
Trd, 4319362.943, 140
Trd, 4319363.293, 140
Trd, 4319363.543, 139
Trd, 4319364.443, 140
Trd, 4319365.443, 140
Trd, 4319368.193, 140
Trd, 4319368.743, 140
Trd, 4319369.293, 140
Trd, 4319369.443, 139
Trd, 4319369.543, 138
Trd, 4319370.943, 140
Trd, 4319371.893, 140
Trd, 4319372.343, 140
Trd, 4319372.393, 140
Trd, 4319372.943, 140
Trd, 4319375.043, 140
Trd, 4319375.193, 140
Trd, 4319375.343, 140
Trd, 4319376.493, 140
Trd, 4319376.943, 140
Trd, 4319377.943, 140
Trd, 4319379.143, 140
Trd, 4319380.243, 140
Trd, 4319380.393, 140
Trd, 4319380.543, 140
Trd, 4319381.993, 140
Trd, 4319383.393, 140
Trd, 4319383.443, 140
Trd, 4319383.993, 140
Trd, 4319384.493, 140
Trd, 4319384.743, 140
Trd, 4319384.893, 140
Trd, 4319387.143, 140
Trd, 4319388.143, 140
Trd, 4319388.193, 140
Trd, 4319389.343, 140
Trd, 4319389.393, 140
Trd, 4319390.993, 140
Trd, 4319391.543, 140
Trd, 4319392.443, 140
Trd, 4319392.493, 140
Trd, 4319393.343, 140
Trd, 4319394.443, 140
Trd, 4319395.093, 140
Trd, 4319396.043, 140
Trd, 4319396.243, 140
Trd, 4319397.093, 140
Trd, 4319397.243, 140
Trd, 4319397.543, 140
Trd, 4319398.943, 140
Trd, 4319401.393, 140
Trd, 4319401.843, 140
Trd, 4319402.393, 140
Trd, 4319402.493, 140
Trd, 4319403.093, 140
Trd, 4319403.893, 140
Trd, 4319404.293, 140
Trd, 4319405.093, 140
Trd, 4319405.143, 140
Trd, 4319405.893, 140
Trd, 4319406.843, 140
Trd, 4319407.093, 140
Trd, 4319407.893, 140
Trd, 4319409.243, 140
Trd, 4319409.943, 140
Trd, 4319410.293, 140
Trd, 4319410.493, 140
Trd, 4319412.493, 140
Trd, 4319414.193, 140
Trd, 4319414.943, 140
Trd, 4319415.543, 140
Trd, 4319415.593, 140
Trd, 4319416.343, 140
Trd, 4319416.693, 140
Trd, 4319416.893, 140
Trd, 4319417.793, 140
Trd, 4319419.343, 140
Trd, 4319419.793, 140
Trd, 4319420.943, 140
Trd, 4319421.093, 139
Trd, 4319421.343, 136
Trd, 4319422.243, 140
Trd, 4319423.393, 140
Trd, 4319424.543, 140
Trd, 4319424.593, 140
Trd, 4319424.743, 138
Trd, 4319426.593, 67
Trd, 4319428.443, 60
Trd, 4319429.043, 60
Trd, 4319429.243, 62
Trd, 4319429.393, 67
Trd, 4319430.293, 62
Trd, 4319430.493, 66
Trd, 4319431.293, 60
Trd, 4319431.693, 62
Trd, 4319431.743, 62
Trd, 4319431.793, 60
Trd, 4319432.643, 140
Trd, 4319434.443, 61
Trd, 4319435.393, 61
Trd, 4319436.443, 60
Trd, 4319439.143, 60
Trd, 4319439.393, 60
Trd, 4319440.193, 61
Trd, 4319442.843, 60
Trd, 4319442.943, 60
Trd, 4319442.993, 61
Trd, 4319443.643, 60
Trd, 4319444.993, 64
Trd, 4319445.643, 70
Trd, 4319445.793, 69
Trd, 4319445.893, 68
Trd, 4319447.943, 60
Trd, 4319448.993, 62
Trd, 4319449.893, 60
Trd, 4319450.193, 62
Trd, 4319450.643, 66
Trd, 4319451.993, 61
Trd, 4319452.843, 65
Trd, 4319453.893, 61
Trd, 4319453.993, 70
Trd, 4319455.093, 61
Trd, 4319457.443, 62
Trd, 4319458.943, 62
Trd, 4319459.543, 62
Trd, 4319460.043, 61
Trd, 4319460.193, 63
Trd, 4319460.343, 65
Trd, 4319460.443, 63
Trd, 4319461.193, 64
Trd, 4319461.293, 94
Trd, 4319461.343, 63
Trd, 4319461.993, 61
Trd, 4319462.343, 140
Trd, 4319463.143, 61
Trd, 4319464.043, 61
Trd, 4319465.043, 140
Trd, 4319468.793, 60
Trd, 4319468.843, 60
Trd, 4319469.293, 61
Trd, 4319469.943, 62
Trd, 4319470.243, 62
Trd, 4319471.693, 60
Trd, 4319472.243, 64
Trd, 4319472.793, 60
Trd, 4319472.993, 60
Trd, 4319473.343, 61
Trd, 4319473.743, 61
Trd, 4319473.793, 60
Trd, 4319474.743, 62
Trd, 4319475.143, 61
Trd, 4319476.243, 61
Trd, 4319477.093, 63
Trd, 4319478.843, 62
Trd, 4319478.993, 63
Trd, 4319480.443, 60
Trd, 4319481.193, 64
Trd, 4319481.793, 60
Trd, 4319482.393, 66
Trd, 4319483.893, 60
Trd, 4319485.243, 60
Trd, 4319485.543, 60
Trd, 4319485.893, 60
Trd, 4319486.343, 61
Trd, 4319486.543, 61
Trd, 4319487.393, 62
Trd, 4319489.493, 60
Trd, 4319489.643, 60
Trd, 4319490.493, 60
Trd, 4319491.843, 60
Trd, 4319492.343, 61
Trd, 4319493.593, 61
Trd, 4319493.843, 60
Trd, 4319495.743, 60
Trd, 4319495.843, 61
Trd, 4319495.993, 65
Trd, 4319496.243, 61
Trd, 4319496.393, 60
Trd, 4319497.093, 88
Trd, 4319497.393, 65
Trd, 4319497.593, 60
Trd, 4319498.893, 64
Trd, 4319500.393, 140
Trd, 4319500.793, 140
Trd, 4319500.893, 140
Trd, 4319502.743, 140
Trd, 4319503.093, 140
Trd, 4319503.193, 140
Trd, 4319505.143, 140
Trd, 4319505.493, 140
Trd, 4319505.843, 140
Trd, 4319505.993, 140
Trd, 4319508.043, 60
Trd, 4319508.593, 60
Trd, 4319509.643, 60
Trd, 4319511.993, 60
Trd, 4319512.543, 60
Trd, 4319513.643, 61
Trd, 4319513.843, 67
Trd, 4319514.343, 138
Trd, 4319514.543, 138
Trd, 4319514.693, 138
Trd, 4319514.993, 137
Trd, 4319515.143, 139
Trd, 4319516.993, 140
Trd, 4319517.893, 140
Trd, 4319517.943, 140
Trd, 4319518.143, 140
Trd, 4319519.393, 140
Trd, 4319519.793, 140
Trd, 4319520.843, 140
Trd, 4319521.443, 140
Trd, 4319522.243, 140
Trd, 4319522.643, 140
Trd, 4319523.293, 140
Trd, 4319524.293, 140
Trd, 4319525.043, 140
Trd, 4319525.443, 140
Trd, 4319525.843, 140
Trd, 4319527.693, 140
Trd, 4319528.343, 140
Trd, 4319529.693, 140
Trd, 4319530.443, 140
Trd, 4319531.243, 140
Trd, 4319531.393, 140
Trd, 4319531.843, 140
Trd, 4319533.693, 140
Trd, 4319533.843, 140
Trd, 4319534.243, 140
Trd, 4319534.293, 140
Trd, 4319535.843, 140
Trd, 4319536.593, 140
Trd, 4319537.493, 140
Trd, 4319538.093, 140
Trd, 4319538.543, 140
Trd, 4319539.893, 140
Trd, 4319540.843, 140
Trd, 4319541.143, 140
Trd, 4319541.543, 140
Trd, 4319542.543, 140
Trd, 4319542.893, 140
Trd, 4319543.043, 140
Trd, 4319543.943, 140
Trd, 4319544.293, 140
Trd, 4319545.193, 140
Trd, 4319546.643, 140
Trd, 4319546.743, 140
Trd, 4319549.193, 140
Trd, 4319549.593, 140
Trd, 4319550.943, 140
Trd, 4319551.243, 140
Trd, 4319552.093, 140
Trd, 4319552.643, 140
Trd, 4319553.143, 140
Trd, 4319553.443, 140
Trd, 4319554.443, 140
Trd, 4319555.443, 140
Trd, 4319556.843, 140
Trd, 4319556.943, 140
Trd, 4319558.593, 140
Trd, 4319559.493, 140
Trd, 4319559.743, 140
Trd, 4319560.143, 140
Trd, 4319560.343, 140
Trd, 4319560.943, 140
Trd, 4319561.543, 140
Trd, 4319562.193, 140
Trd, 4319563.443, 140
Trd, 4319563.993, 140
Trd, 4319564.343, 140
Trd, 4319564.943, 140
Trd, 4319565.943, 140
Trd, 4319566.143, 140
Trd, 4319568.293, 140
Trd, 4319568.793, 140
Trd, 4319568.843, 140
Trd, 4319569.193, 140
Trd, 4319569.343, 140
Trd, 4319569.693, 140
Trd, 4319570.843, 140
Trd, 4319571.793, 140
Trd, 4319573.693, 140
Trd, 4319573.743, 140
Trd, 4319573.793, 140
Trd, 4319574.793, 140
Trd, 4319574.993, 140
Trd, 4319575.993, 140
Trd, 4319576.293, 140
Trd, 4319576.893, 139
Trd, 4319577.343, 140
Trd, 4319578.493, 140
Trd, 4319579.143, 140
Trd, 4319579.343, 140
Trd, 4319579.643, 140
Trd, 4319580.143, 140
Trd, 4319581.743, 140
Trd, 4319582.343, 140
Trd, 4319584.443, 140
Trd, 4319584.593, 140
Trd, 4319584.793, 140
Trd, 4319586.443, 139
Trd, 4319586.843, 139
Trd, 4319586.943, 139
Trd, 4319588.443, 140
Trd, 4319588.593, 140
Trd, 4319589.143, 140
Trd, 4319589.843, 140
Trd, 4319590.343, 140
Trd, 4319591.043, 140
Trd, 4319591.093, 140
Trd, 4319591.243, 140
Trd, 4319592.643, 140
Trd, 4319593.343, 140
Trd, 4319593.443, 140
Trd, 4319593.943, 140
Trd, 4319594.393, 140
Trd, 4319594.443, 139
Trd, 4319595.943, 140
Trd, 4319596.193, 140
Trd, 4319596.293, 138
Trd, 4319597.693, 140
Trd, 4319598.143, 140
Trd, 4319598.543, 140
Trd, 4319599.543, 140
Trd, 4319601.093, 140
Trd, 4319601.193, 140
Trd, 4319602.793, 140
Trd, 4319603.793, 140
Trd, 4319603.943, 140
Trd, 4319604.843, 140
Trd, 4319605.193, 140
Trd, 4319606.993, 140
Trd, 4319608.243, 140
Trd, 4319608.343, 140
Trd, 4319608.893, 140
Trd, 4319609.293, 140
Trd, 4319610.843, 140
Trd, 4319610.893, 140
Trd, 4319612.443, 140
Trd, 4319613.443, 140
Trd, 4319614.043, 140
Trd, 4319614.843, 140
Trd, 4319615.893, 140
Trd, 4319616.693, 140
Trd, 4319617.193, 140
Trd, 4319617.393, 140
Trd, 4319618.593, 140
Trd, 4319619.093, 140
Trd, 4319620.693, 140
Trd, 4319620.893, 140
Trd, 4319621.393, 140
Trd, 4319621.593, 140
Trd, 4319622.593, 140
Trd, 4319623.093, 140
Trd, 4319623.893, 140
Trd, 4319624.293, 140
Trd, 4319626.843, 140
Trd, 4319627.093, 140
Trd, 4319627.493, 140
Trd, 4319627.743, 140
Trd, 4319628.793, 140
Trd, 4319630.293, 140
Trd, 4319630.793, 140
Trd, 4319631.193, 140
Trd, 4319632.293, 140
Trd, 4319633.443, 140
Trd, 4319634.493, 140
Trd, 4319634.643, 140
Trd, 4319634.893, 140
Trd, 4319635.493, 140
Trd, 4319637.143, 140
Trd, 4319637.443, 140
Trd, 4319637.693, 140
Trd, 4319638.793, 140
Trd, 4319639.393, 140
Trd, 4319639.443, 140
Trd, 4319640.693, 140
Trd, 4319640.993, 140
Trd, 4319642.443, 140
Trd, 4319643.793, 140
Trd, 4319644.843, 140
Trd, 4319645.143, 140
Trd, 4319646.343, 140
Trd, 4319646.643, 140
Trd, 4319647.493, 140
Trd, 4319648.443, 140
Trd, 4319648.743, 140
Trd, 4319649.393, 140
Trd, 4319649.443, 140
Trd, 4319650.043, 140
Trd, 4319650.943, 140
Trd, 4319651.093, 140
Trd, 4319652.793, 140
Trd, 4319652.943, 140
Trd, 4319653.143, 140
Trd, 4319655.193, 140
Trd, 4319655.793, 140
Trd, 4319656.943, 140
Trd, 4319657.193, 140
Trd, 4319657.993, 140
Trd, 4319658.993, 140
Trd, 4319659.093, 139
Trd, 4319659.243, 139
Trd, 4319660.943, 140
Trd, 4319660.993, 140
Trd, 4319662.893, 140
Trd, 4319663.193, 140
Trd, 4319664.243, 140
Trd, 4319665.593, 140
Trd, 4319666.243, 140
Trd, 4319666.643, 140
Trd, 4319666.693, 140
Trd, 4319669.443, 140
Trd, 4319669.743, 140
Trd, 4319670.243, 140
Trd, 4319670.593, 140
Trd, 4319670.893, 139
Trd, 4319671.843, 140
Trd, 4319673.143, 140
Trd, 4319673.193, 140
Trd, 4319673.293, 140
Trd, 4319673.743, 140
Trd, 4319675.043, 140
Trd, 4319676.593, 140
Trd, 4319676.793, 140
Trd, 4319676.993, 140
Trd, 4319678.093, 140
Trd, 4319679.743, 140
Trd, 4319679.793, 140
Trd, 4319679.993, 140
Trd, 4319681.493, 140
Trd, 4319681.843, 140
Trd, 4319681.993, 140
Trd, 4319682.243, 138
Trd, 4319683.343, 136
Trd, 4319685.693, 140
Trd, 4319688.143, 140
Trd, 4319688.593, 140
Trd, 4319688.793, 140
Trd, 4319688.843, 140
Trd, 4319689.243, 140
Trd, 4319689.443, 140
Trd, 4319689.993, 140
Trd, 4319690.143, 140
Trd, 4319691.693, 140
Trd, 4319691.743, 140
Trd, 4319692.793, 140
Trd, 4319693.443, 140
Trd, 4319693.993, 140
Trd, 4319694.193, 140
Trd, 4319696.293, 140
Trd, 4319696.593, 140
Trd, 4319698.793, 140
Trd, 4319699.843, 140
Trd, 4319699.893, 140
Trd, 4319700.243, 140
Trd, 4319701.743, 140
Trd, 4319702.943, 140
Trd, 4319703.443, 140
Trd, 4319704.993, 140
Trd, 4319705.043, 140
Trd, 4319705.193, 140
Trd, 4319705.843, 140
Trd, 4319706.443, 140
Trd, 4319707.343, 140
Trd, 4319708.993, 140
Trd, 4319709.243, 140
Trd, 4319709.543, 140
Trd, 4319710.193, 140
Trd, 4319710.343, 140
Trd, 4319711.093, 140
Trd, 4319712.293, 140
Trd, 4319712.343, 140
Trd, 4319712.743, 139
Trd, 4319714.093, 140
Trd, 4319714.593, 140
Trd, 4319715.343, 140
Trd, 4319715.393, 140
Trd, 4319715.743, 140
Trd, 4319716.193, 136
Trd, 4319716.943, 63
Trd, 4319717.693, 115
Trd, 4319718.193, 60
Trd, 4319719.393, 60
Trd, 4319720.643, 62
Trd, 4319721.893, 60
Trd, 4319722.343, 83
Trd, 4319723.393, 61
Trd, 4319724.343, 61
Trd, 4319725.093, 60
Trd, 4319725.143, 60
Trd, 4319725.293, 60
Trd, 4319725.543, 62
Trd, 4319726.193, 67
Trd, 4319726.693, 64
Trd, 4319727.343, 65
Trd, 4319727.543, 65
Trd, 4319727.643, 64
Trd, 4319729.143, 113
Trd, 4319729.293, 68
Trd, 4319729.993, 67
Trd, 4319730.543, 140
Trd, 4319730.893, 138
Trd, 4319732.343, 140
Trd, 4319732.493, 140
Trd, 4319734.393, 140
Trd, 4319734.793, 140
Trd, 4319734.893, 140
Trd, 4319735.743, 140
Trd, 4319736.793, 140
Trd, 4319736.893, 140
Trd, 4319738.043, 140
Trd, 4319738.843, 140
Trd, 4319739.043, 140
Trd, 4319739.093, 139
Trd, 4319739.593, 140
Trd, 4319740.343, 140
Trd, 4319741.643, 140
Trd, 4319742.093, 140
Trd, 4319742.293, 140
Trd, 4319742.493, 140
Trd, 4319743.243, 139
Trd, 4319744.343, 140
Trd, 4319746.943, 140
Trd, 4319747.093, 140
Trd, 4319748.393, 140
Trd, 4319748.493, 140
Trd, 4319749.493, 140
Trd, 4319750.593, 140
Trd, 4319751.243, 140
Trd, 4319752.643, 140
Trd, 4319753.693, 140
Trd, 4319754.093, 140
Trd, 4319754.343, 140
Trd, 4319754.793, 140
Trd, 4319755.293, 140
Trd, 4319755.943, 140
Trd, 4319756.193, 140
Trd, 4319757.643, 140
Trd, 4319758.193, 140
Trd, 4319758.243, 140
Trd, 4319758.843, 140
Trd, 4319759.343, 140
Trd, 4319759.493, 140
Trd, 4319760.343, 140
Trd, 4319761.493, 138
Trd, 4319761.643, 136
Trd, 4319763.043, 140
Trd, 4319763.293, 140
Trd, 4319763.693, 140
Trd, 4319764.693, 140
Trd, 4319765.543, 140
Trd, 4319765.993, 140
Trd, 4319766.443, 140
Trd, 4319766.743, 140
Trd, 4319769.093, 140
Trd, 4319769.193, 140
Trd, 4319769.993, 140
Trd, 4319770.293, 140
Trd, 4319770.543, 140
Trd, 4319771.293, 140
Trd, 4319771.693, 139
Trd, 4319773.293, 140
Trd, 4319774.093, 140
Trd, 4319774.393, 140
Trd, 4319774.643, 140
Trd, 4319775.943, 139
Trd, 4319776.343, 140
Trd, 4319776.543, 140
Trd, 4319778.243, 140
Trd, 4319778.343, 140
Trd, 4319779.343, 140
Trd, 4319779.593, 140
Trd, 4319781.393, 140
Trd, 4319781.643, 140
Trd, 4319782.243, 140
Trd, 4319783.243, 140
Trd, 4319783.743, 140
Trd, 4319784.043, 140
Trd, 4319784.943, 140
Trd, 4319785.393, 140
Trd, 4319786.793, 140
Trd, 4319787.043, 140
Trd, 4319789.243, 140
Trd, 4319789.343, 140
Trd, 4319789.443, 140
Trd, 4319789.993, 140
Trd, 4319792.193, 140
Trd, 4319792.393, 140
Trd, 4319792.793, 140
Trd, 4319793.193, 140
Trd, 4319794.393, 140
Trd, 4319795.643, 140
Trd, 4319795.793, 140
Trd, 4319795.943, 140
Trd, 4319796.643, 140
Trd, 4319798.943, 140
Trd, 4319800.143, 140
Trd, 4319800.293, 140
Trd, 4319801.393, 140
Trd, 4319801.943, 140
Trd, 4319801.993, 140
Trd, 4319802.343, 140
Trd, 4319802.693, 140
Trd, 4319802.993, 140
Trd, 4319804.843, 140
Trd, 4319805.093, 140
Trd, 4319805.943, 140
Trd, 4319806.943, 140
Trd, 4319806.993, 140
Trd, 4319807.193, 140
Trd, 4319808.593, 140
Trd, 4319808.893, 140
Trd, 4319809.793, 140
Trd, 4319810.793, 140
Trd, 4319811.743, 140
Trd, 4319811.943, 140
Trd, 4319812.093, 139
Trd, 4319813.243, 139
Trd, 4319813.543, 139
Trd, 4319814.343, 139
Trd, 4319814.993, 140
Trd, 4319817.143, 140
Trd, 4319818.293, 140
Trd, 4319818.593, 140
Trd, 4319818.643, 140
Trd, 4319819.593, 140
Trd, 4319820.543, 140
Trd, 4319820.693, 140
Trd, 4319820.793, 140
Trd, 4319822.293, 140
Trd, 4319822.543, 140
Trd, 4319823.343, 140
Trd, 4319823.843, 140
Trd, 4319824.193, 140
Trd, 4319824.843, 140
Trd, 4319824.943, 140
Trd, 4319826.743, 140
Trd, 4319827.243, 140
Trd, 4319827.793, 140
Trd, 4319827.893, 140
Trd, 4319827.943, 138
Trd, 4319828.443, 140
Trd, 4319829.393, 140
Trd, 4319829.593, 139
Trd, 4319831.093, 140
Trd, 4319831.443, 140
Trd, 4319832.043, 140
Trd, 4319832.743, 140
Trd, 4319833.443, 140
Trd, 4319834.993, 140
Trd, 4319835.043, 140
Trd, 4319836.343, 140
Trd, 4319836.443, 140
Trd, 4319836.493, 140
Trd, 4319838.893, 140
Trd, 4319839.443, 140
Trd, 4319839.843, 140
Trd, 4319840.693, 140
Trd, 4319841.093, 140
Trd, 4319842.443, 140
Trd, 4319842.893, 140
Trd, 4319843.293, 140
Trd, 4319843.843, 140
Trd, 4319844.893, 140
Trd, 4319845.243, 140
Trd, 4319845.493, 140
Trd, 4319846.293, 140
Trd, 4319847.343, 140
Trd, 4319847.693, 140
Trd, 4319848.643, 140
Trd, 4319849.893, 140
Trd, 4319850.493, 140
Trd, 4319850.993, 140
Trd, 4319851.643, 140
Trd, 4319853.193, 140
Trd, 4319853.493, 140
Trd, 4319853.993, 140
Trd, 4319854.043, 140
Trd, 4319855.943, 140
Trd, 4319856.443, 140
Trd, 4319856.643, 140
Trd, 4319857.393, 140
Trd, 4319857.893, 140
Trd, 4319858.543, 140
Trd, 4319860.343, 140
Trd, 4319861.293, 140
Trd, 4319861.793, 140
Trd, 4319862.443, 140
Trd, 4319862.843, 140
Trd, 4319863.343, 140
Trd, 4319864.693, 140
Trd, 4319865.143, 140
Trd, 4319865.193, 140
Trd, 4319865.493, 140
Trd, 4319865.593, 139
Trd, 4319866.093, 139
Trd, 4319866.393, 138
Trd, 4319867.393, 140
Trd, 4319868.043, 68
Trd, 4319869.493, 137
Trd, 4319869.643, 135
Trd, 4319870.893, 140
Trd, 4319871.543, 140
Trd, 4319871.643, 140
Trd, 4319872.043, 140
Trd, 4319874.093, 140
Trd, 4319874.893, 140
Trd, 4319875.093, 140
Trd, 4319875.893, 140
Trd, 4319877.043, 140
Trd, 4319877.343, 140
Trd, 4319877.593, 140
Trd, 4319878.593, 140
Trd, 4319878.743, 140
Trd, 4319879.793, 140
Trd, 4319879.943, 140
Trd, 4319880.393, 140
Trd, 4319883.243, 140
Trd, 4319883.293, 140
Trd, 4319883.393, 140
Trd, 4319884.093, 140
Trd, 4319884.443, 140
Trd, 4319884.843, 140
Trd, 4319886.293, 140
Trd, 4319887.043, 140
Trd, 4319887.843, 140
Trd, 4319888.243, 140
Trd, 4319888.643, 140
Trd, 4319888.943, 140
Trd, 4319889.793, 140
Trd, 4319890.993, 140
Trd, 4319892.143, 140
Trd, 4319892.843, 140
Trd, 4319894.043, 140
Trd, 4319894.343, 140
Trd, 4319895.143, 140
Trd, 4319895.343, 140
Trd, 4319895.643, 140
Trd, 4319897.393, 140
Trd, 4319897.893, 140
Trd, 4319898.693, 140
Trd, 4319901.493, 140
Trd, 4319901.843, 140
Trd, 4319901.943, 140
Trd, 4319902.793, 140
Trd, 4319903.143, 140
Trd, 4319903.793, 140
Trd, 4319903.943, 140
Trd, 4319905.093, 140
Trd, 4319905.393, 140
Trd, 4319905.943, 140
Trd, 4319905.993, 140
Trd, 4319907.643, 140
Trd, 4319909.243, 140
Trd, 4319910.043, 140
Trd, 4319910.543, 140
Trd, 4319910.743, 140
Trd, 4319910.993, 140
Trd, 4319911.043, 140
Trd, 4319911.593, 63
Trd, 4319913.393, 140
Trd, 4319913.593, 140
Trd, 4319915.043, 140
Trd, 4319915.793, 140
Trd, 4319916.543, 140
Trd, 4319916.993, 140
Trd, 4319918.093, 140
Trd, 4319918.843, 140
Trd, 4319919.093, 139
Trd, 4319919.643, 65
Trd, 4319920.293, 68
Trd, 4319921.343, 117
Trd, 4319922.693, 60
Trd, 4319923.943, 63
Trd, 4319924.393, 60
Trd, 4319924.643, 60
Trd, 4319925.243, 62
Trd, 4319926.693, 60
Trd, 4319927.143, 60
Trd, 4319928.293, 64
Trd, 4319928.693, 71
Trd, 4319928.793, 62
Trd, 4319930.093, 67
Trd, 4319930.193, 66
Trd, 4319930.443, 66
Trd, 4319930.893, 121
Trd, 4319931.943, 64
Trd, 4319932.593, 140
Trd, 4319933.693, 137
Trd, 4319934.843, 60
Trd, 4319935.343, 60
Trd, 4319937.243, 62
Trd, 4319938.493, 60
Trd, 4319938.893, 61
Trd, 4319939.093, 62
Trd, 4319939.143, 60
Trd, 4319940.143, 62
Trd, 4319941.393, 60
Trd, 4319941.643, 61
Trd, 4319942.093, 61
Trd, 4319942.343, 61
Trd, 4319943.543, 140
Trd, 4319944.093, 140
Trd, 4319944.793, 140
Trd, 4319944.993, 137
Trd, 4319945.943, 140
Trd, 4319946.993, 140
Trd, 4319947.343, 138
Trd, 4319947.943, 62
Trd, 4319948.643, 64
Trd, 4319949.843, 87
Trd, 4319951.193, 62
Trd, 4319953.943, 60
Trd, 4319954.393, 60
Trd, 4319954.643, 62
Trd, 4319955.643, 62
Trd, 4319956.793, 60
Trd, 4319957.643, 60
Trd, 4319958.743, 61
Trd, 4319959.393, 60
Trd, 4319959.593, 62
Trd, 4319959.643, 62
Trd, 4319960.543, 60
Trd, 4319960.943, 63
Trd, 4319962.743, 60
Trd, 4319962.893, 60
Trd, 4319963.543, 63
Trd, 4319965.043, 60
Trd, 4319966.793, 60
Trd, 4319967.943, 62
Trd, 4319969.043, 60
Trd, 4319969.243, 60
Trd, 4319969.843, 60
Trd, 4319970.143, 61
Trd, 4319970.743, 61
Trd, 4319972.343, 72
Trd, 4319972.743, 73
Trd, 4319973.093, 84
Trd, 4319973.243, 72
Trd, 4319974.593, 140
Trd, 4319974.643, 140
Trd, 4319974.893, 140
Trd, 4319975.143, 139
Trd, 4319976.643, 61
Trd, 4319977.743, 60
Trd, 4319978.643, 60
Trd, 4319980.143, 60
Trd, 4319980.343, 61
Trd, 4319980.543, 63
Trd, 4319981.593, 60
Trd, 4319984.493, 60
Trd, 4319985.243, 60
Trd, 4319986.493, 60
Trd, 4319986.743, 62
Trd, 4319987.293, 63
Trd, 4319988.093, 68
Trd, 4319988.193, 63
Trd, 4319988.543, 63
Trd, 4319988.893, 62
Trd, 4319990.093, 63
Trd, 4319990.543, 68
Trd, 4319990.593, 61
Trd, 4319992.043, 60
Trd, 4319993.743, 63
Trd, 4319993.943, 66
Trd, 4319995.793, 60
Trd, 4319996.593, 60
Trd, 4319997.393, 60
Trd, 4319998.793, 60
Trd, 4319999.743, 60
Trd, 4319999.993, 62
