Trd, 4318123.743, 137
Trd, 4318123.843, 131
Trd, 4318124.093, 84
Trd, 4318125.493, 140
Trd, 4318126.193, 139
Trd, 4318126.743, 140
Trd, 4318127.943, 140
Trd, 4318128.393, 140
Trd, 4318128.943, 138
Trd, 4318129.443, 139
Trd, 4318129.793, 131
Trd, 4318131.093, 104
Trd, 4318132.793, 119
Trd, 4318133.393, 119
Trd, 4318133.843, 133
Trd, 4318134.093, 85
Trd, 4318135.343, 127
Trd, 4318135.393, 126
Trd, 4318135.943, 127
Trd, 4318136.193, 126
Trd, 4318136.793, 140
Trd, 4318136.843, 107
Trd, 4318137.593, 140
Trd, 4318139.243, 140
Trd, 4318139.793, 130
Trd, 4318139.893, 93
Trd, 4318141.243, 86
Trd, 4318141.943, 140
Trd, 4318142.893, 138
Trd, 4318143.543, 94
Trd, 4318144.893, 140
Trd, 4318145.093, 139
Trd, 4318145.143, 137
Trd, 4318146.293, 95
Trd, 4318147.443, 135
Trd, 4318148.843, 139
Trd, 4318149.093, 136
Trd, 4318149.343, 138
Trd, 4318149.543, 135
Trd, 4318151.143, 61
Trd, 4318151.493, 66
Trd, 4318151.543, 65
Trd, 4318153.343, 68
Trd, 4318154.743, 62
Trd, 4318155.243, 63
Trd, 4318155.443, 63
Trd, 4318155.543, 120
Trd, 4318155.793, 117
Trd, 4318156.393, 77
Trd, 4318157.543, 63
Trd, 4318157.643, 85
Trd, 4318158.943, 80
Trd, 4318159.493, 69
Trd, 4318159.643, 133
Trd, 4318160.643, 68
Trd, 4318162.043, 138
Trd, 4318163.593, 136
Trd, 4318163.743, 135
Trd, 4318165.543, 140
Trd, 4318167.693, 140
Trd, 4318167.993, 140
Trd, 4318168.893, 140
Trd, 4318169.493, 139
Trd, 4318169.693, 132
Trd, 4318170.893, 105
Trd, 4318172.443, 107
Trd, 4318172.893, 109
Trd, 4318172.943, 119
Trd, 4318173.343, 135
Trd, 4318173.443, 108
Trd, 4318174.643, 104
Trd, 4318175.293, 140
Trd, 4318175.493, 84
Trd, 4318175.743, 72
Trd, 4318176.443, 87
Trd, 4318178.443, 104
Trd, 4318179.193, 140
Trd, 4318179.643, 138
Trd, 4318180.193, 105
Trd, 4318180.593, 140
Trd, 4318181.993, 136
Trd, 4318183.193, 140
Trd, 4318184.843, 140
Trd, 4318184.893, 139
Trd, 4318186.043, 139
Trd, 4318187.043, 140
Trd, 4318188.143, 118
Trd, 4318188.493, 113
Trd, 4318189.293, 115
Trd, 4318189.493, 61
Trd, 4318190.543, 131
Trd, 4318191.093, 133
Trd, 4318191.293, 62
Trd, 4318191.893, 140
Trd, 4318192.893, 107
Trd, 4318193.343, 63
Trd, 4318194.143, 130
Trd, 4318194.493, 140
Trd, 4318195.243, 120
Trd, 4318196.143, 111
Trd, 4318197.393, 140
Trd, 4318198.643, 140
Trd, 4318198.893, 140
Trd, 4318199.043, 119
Trd, 4318200.193, 86
Trd, 4318200.393, 80
Trd, 4318200.643, 81
Trd, 4318201.143, 89
Trd, 4318201.993, 93
Trd, 4318203.293, 128
Trd, 4318204.443, 139
Trd, 4318204.693, 136
Trd, 4318204.943, 132
Trd, 4318205.743, 131
Trd, 4318205.793, 130
Trd, 4318205.893, 89
Trd, 4318206.893, 65
Trd, 4318206.943, 78
Trd, 4318207.793, 63
Trd, 4318208.143, 69
Trd, 4318208.393, 121
Trd, 4318209.943, 137
Trd, 4318210.143, 122
Trd, 4318210.193, 107
Trd, 4318211.243, 126
Trd, 4318211.493, 124
Trd, 4318211.993, 62
Trd, 4318214.843, 140
Trd, 4318215.093, 140
Trd, 4318215.143, 140
Trd, 4318215.943, 128
Trd, 4318216.443, 84
Trd, 4318217.493, 66
Trd, 4318217.643, 79
Trd, 4318218.093, 133
Trd, 4318218.943, 128
Trd, 4318219.893, 96
Trd, 4318220.243, 121
Trd, 4318220.593, 138
Trd, 4318220.993, 97
Trd, 4318221.443, 99
Trd, 4318222.093, 140
Trd, 4318222.393, 135
Trd, 4318222.993, 61
Trd, 4318223.593, 66
Trd, 4318225.193, 102
Trd, 4318225.643, 102
Trd, 4318226.143, 100
Trd, 4318226.493, 99
Trd, 4318226.643, 115
Trd, 4318228.043, 98
Trd, 4318229.243, 140
Trd, 4318229.743, 140
Trd, 4318231.043, 140
Trd, 4318232.043, 140
Trd, 4318232.093, 140
Trd, 4318232.593, 82
Trd, 4318233.043, 135
Trd, 4318234.543, 137
Trd, 4318235.993, 133
Trd, 4318236.543, 133
Trd, 4318237.593, 133
Trd, 4318238.493, 133
Trd, 4318238.593, 132
Trd, 4318239.293, 113
Trd, 4318239.643, 134
Trd, 4318240.993, 121
Trd, 4318241.743, 139
Trd, 4318241.943, 134
Trd, 4318242.143, 133
Trd, 4318242.343, 100
Trd, 4318243.643, 135
Trd, 4318244.693, 125
Trd, 4318245.243, 138
Trd, 4318247.293, 140
Trd, 4318247.543, 140
Trd, 4318248.193, 140
Trd, 4318248.443, 86
Trd, 4318248.643, 84
Trd, 4318249.443, 62
Trd, 4318250.043, 60
Trd, 4318250.593, 67
Trd, 4318251.993, 133
Trd, 4318252.993, 140
Trd, 4318253.493, 138
Trd, 4318253.943, 115
Trd, 4318254.643, 118
Trd, 4318255.093, 65
Trd, 4318256.543, 63
Trd, 4318257.443, 75
Trd, 4318258.093, 123
Trd, 4318258.993, 137
Trd, 4318259.193, 136
Trd, 4318259.443, 136
Trd, 4318260.693, 139
Trd, 4318261.243, 138
Trd, 4318262.793, 140
Trd, 4318263.893, 140
Trd, 4318264.293, 140
Trd, 4318264.793, 140
Trd, 4318265.243, 140
Trd, 4318266.093, 140
Trd, 4318266.643, 140
Trd, 4318266.743, 139
Trd, 4318267.593, 123
Trd, 4318267.693, 131
Trd, 4318269.343, 106
Trd, 4318269.443, 72
Trd, 4318269.793, 120
Trd, 4318270.393, 109
Trd, 4318271.393, 128
Trd, 4318272.043, 139
Trd, 4318273.343, 138
Trd, 4318274.893, 138
Trd, 4318275.443, 138
Trd, 4318275.593, 138
Trd, 4318275.743, 131
Trd, 4318277.393, 140
Trd, 4318277.493, 140
Trd, 4318278.643, 130
Trd, 4318279.293, 136
Trd, 4318279.793, 130
Trd, 4318280.793, 140
Trd, 4318281.793, 129
Trd, 4318282.043, 116
Trd, 4318282.893, 65
Trd, 4318283.593, 137
Trd, 4318283.743, 64
Trd, 4318284.193, 139
Trd, 4318285.043, 83
Trd, 4318285.443, 65
Trd, 4318286.843, 61
Trd, 4318287.443, 67
Trd, 4318288.493, 83
Trd, 4318289.543, 84
Trd, 4318289.843, 81
Trd, 4318291.243, 139
Trd, 4318291.343, 138
Trd, 4318291.993, 114
Trd, 4318293.743, 122
Trd, 4318293.943, 103
Trd, 4318294.393, 101
Trd, 4318294.443, 100
Trd, 4318295.243, 106
Trd, 4318296.393, 65
Trd, 4318297.343, 65
Trd, 4318297.393, 67
Trd, 4318298.343, 140
Trd, 4318299.793, 140
Trd, 4318300.193, 140
Trd, 4318300.243, 139
Trd, 4318301.693, 109
Trd, 4318302.243, 104
Trd, 4318302.443, 139
Trd, 4318303.393, 65
Trd, 4318304.693, 68
Trd, 4318305.193, 136
Trd, 4318306.543, 60
Trd, 4318306.743, 99
Trd, 4318308.843, 66
Trd, 4318309.543, 61
Trd, 4318310.393, 121
Trd, 4318310.943, 125
Trd, 4318311.243, 68
Trd, 4318312.443, 140
Trd, 4318313.743, 140
Trd, 4318314.343, 140
Trd, 4318314.493, 137
Trd, 4318314.643, 137
Trd, 4318315.043, 114
Trd, 4318315.543, 121
Trd, 4318315.593, 99
Trd, 4318315.893, 120
Trd, 4318316.643, 139
Trd, 4318317.043, 103
Trd, 4318317.793, 137
Trd, 4318319.943, 125
Trd, 4318320.443, 124
Trd, 4318320.643, 114
Trd, 4318321.243, 114
Trd, 4318321.993, 115
Trd, 4318322.643, 140
Trd, 4318322.793, 65
Trd, 4318323.343, 131
Trd, 4318324.193, 117
Trd, 4318325.393, 134
Trd, 4318325.443, 133
Trd, 4318326.593, 61
Trd, 4318327.643, 60
Trd, 4318328.093, 61
Trd, 4318330.443, 123
Trd, 4318331.143, 140
Trd, 4318331.493, 140
Trd, 4318331.743, 140
Trd, 4318332.143, 140
Trd, 4318332.993, 122
Trd, 4318333.193, 112
Trd, 4318334.493, 115
Trd, 4318334.743, 113
Trd, 4318334.843, 112
Trd, 4318335.643, 127
Trd, 4318336.093, 120
Trd, 4318336.493, 119
Trd, 4318337.443, 140
Trd, 4318337.693, 106
Trd, 4318338.343, 126
Trd, 4318339.293, 92
Trd, 4318340.243, 76
Trd, 4318340.343, 123
Trd, 4318340.993, 135
Trd, 4318341.643, 67
Trd, 4318342.243, 84
Trd, 4318342.493, 72
Trd, 4318345.693, 69
Trd, 4318345.793, 62
Trd, 4318345.993, 77
Trd, 4318346.643, 65
Trd, 4318347.843, 139
Trd, 4318347.993, 139
Trd, 4318348.043, 137
Trd, 4318348.243, 140
Trd, 4318348.343, 139
Trd, 4318349.243, 103
Trd, 4318350.893, 130
Trd, 4318351.093, 117
Trd, 4318353.543, 140
Trd, 4318353.693, 140
Trd, 4318353.893, 140
Trd, 4318354.943, 140
Trd, 4318355.043, 139
Trd, 4318355.393, 114
Trd, 4318355.593, 82
Trd, 4318356.943, 105
Trd, 4318357.443, 104
Trd, 4318357.593, 131
Trd, 4318358.543, 84
Trd, 4318360.443, 140
Trd, 4318360.643, 140
Trd, 4318361.293, 138
Trd, 4318361.693, 114
Trd, 4318361.843, 103
Trd, 4318362.993, 122
Trd, 4318363.543, 140
Trd, 4318364.393, 140
Trd, 4318364.743, 139
Trd, 4318365.243, 140
Trd, 4318365.743, 122
Trd, 4318365.793, 84
Trd, 4318367.543, 121
Trd, 4318368.093, 100
Trd, 4318368.393, 100
Trd, 4318368.693, 140
Trd, 4318369.843, 128
Trd, 4318370.593, 137
Trd, 4318371.643, 60
Trd, 4318372.443, 71
Trd, 4318372.693, 70
Trd, 4318373.443, 107
Trd, 4318374.493, 122
Trd, 4318375.643, 140
Trd, 4318376.693, 140
Trd, 4318377.093, 140
Trd, 4318377.243, 124
Trd, 4318378.393, 140
Trd, 4318378.443, 140
Trd, 4318379.243, 124
Trd, 4318379.943, 136
Trd, 4318380.443, 136
Trd, 4318380.693, 134
Trd, 4318380.993, 107
Trd, 4318381.693, 113
Trd, 4318382.793, 124
Trd, 4318383.693, 140
Trd, 4318383.793, 126
Trd, 4318384.093, 134
Trd, 4318384.493, 125
Trd, 4318384.543, 124
Trd, 4318385.493, 134
Trd, 4318385.593, 90
Trd, 4318386.243, 132
Trd, 4318386.593, 61
Trd, 4318387.843, 140
Trd, 4318390.743, 140
Trd, 4318391.243, 140
Trd, 4318392.643, 140
Trd, 4318393.093, 140
Trd, 4318394.393, 140
Trd, 4318394.443, 140
Trd, 4318395.543, 136
Trd, 4318395.893, 131
Trd, 4318396.393, 118
Trd, 4318396.643, 125
Trd, 4318397.093, 140
Trd, 4318397.893, 119
Trd, 4318399.243, 95
Trd, 4318399.693, 94
Trd, 4318400.693, 103
Trd, 4318400.993, 102
Trd, 4318402.143, 105
Trd, 4318402.793, 140
Trd, 4318402.893, 105
Trd, 4318403.243, 111
Trd, 4318403.893, 118
Trd, 4318404.293, 78
Trd, 4318405.543, 140
Trd, 4318405.843, 134
Trd, 4318406.293, 123
Trd, 4318406.943, 61
Trd, 4318407.643, 134
Trd, 4318408.643, 82
Trd, 4318410.243, 129
Trd, 4318410.993, 130
Trd, 4318412.543, 139
Trd, 4318413.293, 115
Trd, 4318413.343, 113
Trd, 4318413.443, 71
Trd, 4318413.543, 124
Trd, 4318415.393, 140
Trd, 4318415.643, 140
Trd, 4318417.493, 140
Trd, 4318417.793, 140
Trd, 4318418.843, 140
Trd, 4318419.043, 140
Trd, 4318419.493, 140
Trd, 4318420.193, 125
Trd, 4318420.393, 124
Trd, 4318420.893, 132
Trd, 4318421.893, 65
Trd, 4318422.243, 87
Trd, 4318422.393, 98
Trd, 4318423.243, 82
Trd, 4318424.393, 68
Trd, 4318427.193, 140
Trd, 4318427.893, 140
Trd, 4318428.393, 140
Trd, 4318428.993, 140
Trd, 4318429.643, 137
Trd, 4318429.993, 130
Trd, 4318431.243, 123
Trd, 4318431.293, 122
Trd, 4318431.593, 121
Trd, 4318431.743, 116
Trd, 4318433.393, 118
Trd, 4318434.143, 116
Trd, 4318434.893, 122
Trd, 4318434.993, 103
Trd, 4318436.093, 77
Trd, 4318436.943, 88
Trd, 4318438.543, 79
Trd, 4318438.593, 70
Trd, 4318439.593, 63
Trd, 4318440.043, 66
Trd, 4318441.293, 140
Trd, 4318441.493, 140
Trd, 4318441.643, 140
Trd, 4318441.793, 123
Trd, 4318441.993, 103
Trd, 4318442.843, 121
Trd, 4318444.493, 140
Trd, 4318445.743, 140
Trd, 4318445.893, 140
Trd, 4318446.093, 99
Trd, 4318447.043, 109
Trd, 4318449.393, 140
Trd, 4318449.893, 140
Trd, 4318450.193, 140
Trd, 4318450.493, 140
Trd, 4318450.893, 123
Trd, 4318452.793, 137
Trd, 4318453.843, 137
Trd, 4318454.593, 140
Trd, 4318455.193, 132
Trd, 4318455.243, 131
Trd, 4318455.293, 130
Trd, 4318455.693, 129
Trd, 4318455.943, 75
Trd, 4318456.543, 112
Trd, 4318457.343, 77
Trd, 4318459.793, 60
Trd, 4318459.993, 62
Trd, 4318460.543, 67
Trd, 4318460.793, 140
Trd, 4318462.293, 60
Trd, 4318462.843, 65
Trd, 4318463.443, 112
Trd, 4318465.243, 63
Trd, 4318467.493, 140
Trd, 4318468.043, 140
Trd, 4318468.493, 140
Trd, 4318469.643, 140
Trd, 4318469.693, 140
Trd, 4318469.843, 138
Trd, 4318470.743, 122
Trd, 4318470.993, 122
Trd, 4318471.443, 105
Trd, 4318471.593, 95
Trd, 4318472.393, 104
Trd, 4318473.393, 109
Trd, 4318474.293, 128
Trd, 4318475.343, 137
Trd, 4318476.693, 139
Trd, 4318476.993, 138
Trd, 4318477.593, 129
Trd, 4318477.643, 128
Trd, 4318478.343, 89
Trd, 4318480.143, 116
Trd, 4318481.293, 132
Trd, 4318481.443, 120
Trd, 4318481.743, 122
Trd, 4318481.793, 119
Trd, 4318482.793, 99
Trd, 4318483.743, 85
Trd, 4318484.343, 67
Trd, 4318485.593, 124
Trd, 4318485.643, 123
Trd, 4318485.743, 130
Trd, 4318485.993, 91
Trd, 4318486.943, 63
Trd, 4318489.343, 60
Trd, 4318490.443, 60
Trd, 4318491.093, 61
Trd, 4318491.193, 106
Trd, 4318491.243, 115
Trd, 4318492.143, 88
Trd, 4318493.443, 93
Trd, 4318493.593, 70
Trd, 4318495.743, 140
Trd, 4318495.843, 140
Trd, 4318496.043, 140
Trd, 4318496.143, 139
Trd, 4318496.843, 112
Trd, 4318497.443, 109
Trd, 4318498.293, 121
Trd, 4318499.943, 140
Trd, 4318501.093, 140
Trd, 4318502.043, 140
Trd, 4318502.093, 140
Trd, 4318502.293, 140
Trd, 4318503.193, 140
Trd, 4318503.343, 126
Trd, 4318505.243, 137
Trd, 4318505.893, 140
Trd, 4318505.943, 136
Trd, 4318506.543, 135
Trd, 4318508.593, 130
Trd, 4318509.043, 115
Trd, 4318509.593, 113
Trd, 4318510.843, 140
Trd, 4318510.893, 138
Trd, 4318511.343, 68
Trd, 4318512.843, 68
Trd, 4318513.393, 71
Trd, 4318513.843, 133
Trd, 4318514.143, 79
Trd, 4318514.893, 81
Trd, 4318515.443, 79
Trd, 4318516.243, 78
Trd, 4318516.793, 137
Trd, 4318517.193, 132
Trd, 4318517.393, 127
Trd, 4318517.843, 127
Trd, 4318519.843, 140
Trd, 4318519.943, 140
Trd, 4318520.343, 139
Trd, 4318520.443, 128
Trd, 4318522.143, 140
Trd, 4318523.343, 140
Trd, 4318523.493, 140
Trd, 4318524.743, 140
Trd, 4318525.143, 140
Trd, 4318525.343, 105
Trd, 4318526.893, 109
Trd, 4318527.293, 128
Trd, 4318528.393, 85
Trd, 4318528.543, 83
Trd, 4318528.593, 79
Trd, 4318529.543, 117
Trd, 4318530.193, 117
Trd, 4318531.143, 78
Trd, 4318532.193, 78
Trd, 4318533.193, 111
Trd, 4318534.793, 140
Trd, 4318534.893, 139
Trd, 4318535.243, 135
Trd, 4318535.543, 112
Trd, 4318535.593, 74
Trd, 4318537.543, 140
Trd, 4318537.743, 140
Trd, 4318539.393, 140
Trd, 4318540.193, 140
Trd, 4318540.243, 140
Trd, 4318540.693, 140
Trd, 4318542.143, 137
Trd, 4318543.593, 138
Trd, 4318543.743, 136
Trd, 4318544.393, 140
Trd, 4318545.043, 140
Trd, 4318545.543, 140
Trd, 4318545.593, 140
Trd, 4318546.293, 102
Trd, 4318547.693, 137
Trd, 4318548.793, 104
Trd, 4318549.343, 138
Trd, 4318550.393, 100
Trd, 4318551.343, 125
Trd, 4318551.643, 123
Trd, 4318551.843, 99
Trd, 4318552.193, 90
Trd, 4318552.943, 104
Trd, 4318553.693, 125
Trd, 4318555.843, 60
Trd, 4318556.543, 127
Trd, 4318557.093, 78
Trd, 4318557.943, 69
Trd, 4318558.193, 71
Trd, 4318559.243, 140
Trd, 4318559.993, 140
Trd, 4318560.343, 140
Trd, 4318560.793, 139
Trd, 4318562.793, 124
Trd, 4318563.343, 124
Trd, 4318563.543, 123
Trd, 4318564.843, 120
Trd, 4318565.343, 62
Trd, 4318565.993, 62
Trd, 4318567.243, 68
Trd, 4318567.443, 72
Trd, 4318567.493, 62
Trd, 4318568.743, 95
Trd, 4318569.143, 126
Trd, 4318570.793, 60
Trd, 4318571.143, 63
Trd, 4318571.443, 64
Trd, 4318572.343, 85
Trd, 4318572.643, 68
Trd, 4318572.843, 67
Trd, 4318574.693, 64
Trd, 4318575.593, 61
Trd, 4318576.293, 140
Trd, 4318576.893, 140
Trd, 4318578.543, 140
Trd, 4318579.343, 140
Trd, 4318579.493, 140
Trd, 4318579.743, 137
Trd, 4318580.143, 111
Trd, 4318582.493, 140
Trd, 4318582.943, 140
Trd, 4318583.593, 140
Trd, 4318585.193, 140
Trd, 4318586.643, 130
Trd, 4318586.743, 112
Trd, 4318588.293, 108
Trd, 4318588.643, 118
Trd, 4318589.093, 110
Trd, 4318589.393, 139
Trd, 4318590.543, 68
Trd, 4318591.293, 75
Trd, 4318592.093, 63
Trd, 4318592.943, 75
Trd, 4318594.493, 60
Trd, 4318595.243, 64
Trd, 4318596.043, 61
Trd, 4318596.943, 64
Trd, 4318599.343, 140
Trd, 4318599.543, 140
Trd, 4318599.943, 140
Trd, 4318600.343, 140
Trd, 4318600.593, 101
Trd, 4318600.843, 101
Trd, 4318601.793, 75
Trd, 4318602.643, 94
Trd, 4318603.143, 63
Trd, 4318603.593, 61
Trd, 4318604.843, 97
Trd, 4318604.993, 95
Trd, 4318605.693, 62
Trd, 4318605.993, 66
Trd, 4318606.243, 61
Trd, 4318608.593, 117
Trd, 4318608.843, 101
Trd, 4318608.993, 101
Trd, 4318610.743, 96
Trd, 4318611.093, 114
Trd, 4318611.993, 120
Trd, 4318612.243, 131
Trd, 4318612.743, 77
Trd, 4318613.093, 75
Trd, 4318615.493, 135
Trd, 4318616.693, 140
Trd, 4318617.043, 139
Trd, 4318617.093, 136
Trd, 4318617.593, 135
Trd, 4318618.143, 126
Trd, 4318618.693, 74
Trd, 4318620.193, 108
Trd, 4318621.243, 140
Trd, 4318621.943, 140
Trd, 4318622.743, 140
Trd, 4318623.043, 126
Trd, 4318623.443, 110
Trd, 4318624.993, 137
Trd, 4318625.143, 136
Trd, 4318625.593, 134
Trd, 4318626.643, 140
Trd, 4318628.293, 140
Trd, 4318628.443, 138
Trd, 4318628.893, 95
Trd, 4318629.593, 103
Trd, 4318630.093, 102
Trd, 4318630.243, 77
Trd, 4318631.143, 76
Trd, 4318632.093, 60
Trd, 4318632.543, 130
Trd, 4318632.793, 100
Trd, 4318634.293, 112
Trd, 4318634.593, 135
Trd, 4318635.093, 135
Trd, 4318635.193, 127
Trd, 4318635.693, 112
Trd, 4318638.493, 133
Trd, 4318638.793, 120
Trd, 4318640.143, 124
Trd, 4318640.293, 122
Trd, 4318640.793, 138
Trd, 4318641.793, 81
Trd, 4318643.043, 140
Trd, 4318643.393, 140
Trd, 4318643.593, 139
Trd, 4318644.793, 131
Trd, 4318645.093, 129
Trd, 4318645.443, 90
Trd, 4318645.843, 62
Trd, 4318646.193, 132
Trd, 4318647.193, 113
Trd, 4318647.393, 88
Trd, 4318648.693, 140
Trd, 4318650.193, 140
Trd, 4318651.293, 138
Trd, 4318652.593, 137
Trd, 4318652.743, 136
Trd, 4318653.293, 139
Trd, 4318653.493, 136
Trd, 4318654.493, 132
Trd, 4318656.743, 138
Trd, 4318656.893, 137
Trd, 4318657.193, 136
Trd, 4318657.343, 124
Trd, 4318657.693, 137
Trd, 4318657.843, 74
Trd, 4318658.843, 75
Trd, 4318659.443, 89
Trd, 4318661.393, 98
Trd, 4318661.993, 112
Trd, 4318662.743, 99
Trd, 4318663.093, 140
Trd, 4318664.993, 138
Trd, 4318665.043, 137
Trd, 4318665.343, 66
Trd, 4318667.143, 126
Trd, 4318668.693, 140
Trd, 4318668.893, 134
Trd, 4318670.993, 140
Trd, 4318671.193, 140
Trd, 4318671.243, 140
Trd, 4318671.343, 140
Trd, 4318672.293, 112
Trd, 4318672.493, 134
Trd, 4318672.743, 112
Trd, 4318673.143, 111
Trd, 4318675.293, 140
Trd, 4318676.493, 139
Trd, 4318677.043, 127
Trd, 4318677.893, 125
Trd, 4318678.243, 125
Trd, 4318678.393, 124
Trd, 4318679.993, 75
Trd, 4318680.643, 73
Trd, 4318681.143, 73
Trd, 4318681.543, 80
Trd, 4318682.493, 126
Trd, 4318684.243, 140
Trd, 4318684.593, 136
Trd, 4318685.343, 139
Trd, 4318685.993, 137
Trd, 4318686.043, 134
Trd, 4318687.893, 100
Trd, 4318688.993, 103
Trd, 4318689.393, 125
Trd, 4318689.543, 103
Trd, 4318691.393, 139
Trd, 4318691.443, 138
Trd, 4318692.693, 140
Trd, 4318693.893, 140
Trd, 4318695.043, 140
Trd, 4318695.793, 140
Trd, 4318696.093, 140
Trd, 4318696.493, 140
Trd, 4318696.943, 140
Trd, 4318697.593, 140
Trd, 4318698.593, 140
Trd, 4318698.993, 118
Trd, 4318700.643, 139
Trd, 4318701.393, 138
Trd, 4318701.543, 133
Trd, 4318701.793, 129
Trd, 4318701.843, 120
Trd, 4318702.943, 109
Trd, 4318703.243, 112
Trd, 4318704.143, 118
Trd, 4318705.043, 137
Trd, 4318705.143, 136
Trd, 4318705.393, 131
Trd, 4318707.043, 131
Trd, 4318707.193, 130
Trd, 4318708.843, 140
Trd, 4318709.393, 129
Trd, 4318710.093, 67
Trd, 4318710.143, 120
Trd, 4318710.693, 111
Trd, 4318711.593, 105
Trd, 4318712.743, 100
Trd, 4318713.843, 140
Trd, 4318715.093, 140
Trd, 4318715.343, 138
Trd, 4318715.493, 129
Trd, 4318716.093, 108
Trd, 4318716.993, 105
Trd, 4318718.543, 140
Trd, 4318718.893, 140
Trd, 4318719.243, 140
Trd, 4318720.543, 140
Trd, 4318720.693, 140
Trd, 4318721.893, 140
Trd, 4318722.093, 140
Trd, 4318722.243, 139
Trd, 4318723.293, 140
Trd, 4318723.493, 125
Trd, 4318724.843, 62
Trd, 4318725.443, 102
Trd, 4318726.443, 64
Trd, 4318726.793, 63
Trd, 4318728.343, 130
Trd, 4318729.443, 110
Trd, 4318730.043, 98
Trd, 4318731.043, 102
Trd, 4318731.243, 111
Trd, 4318731.593, 101
Trd, 4318732.093, 140
Trd, 4318732.493, 102
Trd, 4318733.143, 128
Trd, 4318733.693, 103
Trd, 4318734.243, 102
Trd, 4318734.493, 131
Trd, 4318735.343, 100
Trd, 4318735.543, 60
Trd, 4318736.643, 121
Trd, 4318736.693, 109
Trd, 4318737.193, 121
Trd, 4318737.243, 105
Trd, 4318737.843, 105
Trd, 4318737.943, 104
Trd, 4318738.893, 71
Trd, 4318740.393, 121
Trd, 4318742.093, 83
Trd, 4318743.043, 106
Trd, 4318744.143, 138
Trd, 4318744.343, 136
Trd, 4318744.393, 90
Trd, 4318744.793, 109
Trd, 4318745.143, 88
Trd, 4318746.693, 66
Trd, 4318747.243, 140
Trd, 4318747.943, 122
Trd, 4318748.893, 140
Trd, 4318749.993, 140
Trd, 4318750.343, 140
Trd, 4318751.143, 128
Trd, 4318751.943, 64
Trd, 4318752.543, 92
Trd, 4318752.943, 136
Trd, 4318754.243, 135
Trd, 4318754.643, 133
Trd, 4318754.693, 131
Trd, 4318755.743, 137
Trd, 4318755.843, 136
Trd, 4318755.993, 118
Trd, 4318756.593, 126
Trd, 4318758.093, 128
Trd, 4318758.243, 78
Trd, 4318759.593, 140
Trd, 4318760.243, 140
Trd, 4318760.493, 140
Trd, 4318760.843, 140
Trd, 4318762.093, 139
Trd, 4318762.793, 76
Trd, 4318763.493, 95
Trd, 4318765.193, 140
Trd, 4318765.243, 140
Trd, 4318765.293, 140
Trd, 4318765.593, 60
Trd, 4318766.143, 67
Trd, 4318766.893, 114
Trd, 4318768.693, 136
Trd, 4318769.043, 128
Trd, 4318770.593, 132
Trd, 4318772.093, 140
Trd, 4318772.543, 140
Trd, 4318773.093, 140
Trd, 4318773.193, 121
Trd, 4318773.993, 76
Trd, 4318774.193, 86
Trd, 4318774.293, 67
Trd, 4318775.293, 90
Trd, 4318775.893, 139
Trd, 4318777.493, 137
Trd, 4318777.893, 107
Trd, 4318778.443, 82
Trd, 4318779.293, 68
Trd, 4318780.193, 106
Trd, 4318780.843, 140
Trd, 4318781.243, 85
Trd, 4318782.193, 133
Trd, 4318783.393, 138
Trd, 4318784.143, 139
Trd, 4318784.743, 140
Trd, 4318784.843, 140
Trd, 4318785.043, 136
Trd, 4318785.393, 127
Trd, 4318785.693, 140
Trd, 4318786.093, 128
Trd, 4318788.643, 83
Trd, 4318788.693, 81
Trd, 4318791.143, 140
Trd, 4318791.793, 140
Trd, 4318791.993, 140
Trd, 4318792.143, 140
Trd, 4318792.393, 137
Trd, 4318792.743, 109
Trd, 4318793.593, 140
Trd, 4318794.143, 134
Trd, 4318795.043, 140
Trd, 4318795.593, 119
Trd, 4318796.293, 83
Trd, 4318796.543, 70
Trd, 4318796.943, 122
Trd, 4318798.343, 98
Trd, 4318799.693, 107
Trd, 4318799.743, 106
Trd, 4318799.793, 109
Trd, 4318800.543, 137
Trd, 4318800.693, 137
Trd, 4318801.993, 139
Trd, 4318802.043, 135
Trd, 4318803.443, 60
Trd, 4318803.543, 60
Trd, 4318805.943, 127
Trd, 4318806.243, 126
Trd, 4318807.143, 104
Trd, 4318807.293, 85
Trd, 4318807.643, 82
Trd, 4318808.293, 113
Trd, 4318809.193, 135
Trd, 4318810.643, 105
Trd, 4318810.993, 104
Trd, 4318811.693, 140
Trd, 4318812.143, 140
Trd, 4318813.043, 129
Trd, 4318813.943, 119
Trd, 4318815.143, 140
Trd, 4318815.693, 140
Trd, 4318815.793, 140
Trd, 4318816.043, 137
Trd, 4318816.793, 138
Trd, 4318817.593, 137
Trd, 4318817.893, 139
Trd, 4318818.293, 136
Trd, 4318818.893, 89
Trd, 4318819.943, 64
Trd, 4318821.743, 138
Trd, 4318822.093, 137
Trd, 4318822.243, 113
Trd, 4318822.593, 105
Trd, 4318822.843, 123
Trd, 4318824.043, 134
Trd, 4318824.293, 79
Trd, 4318824.943, 107
Trd, 4318825.443, 106
Trd, 4318826.193, 105
Trd, 4318826.643, 126
Trd, 4318827.093, 140
Trd, 4318827.593, 123
Trd, 4318828.193, 103
Trd, 4318829.143, 137
Trd, 4318829.343, 136
Trd, 4318829.493, 135
Trd, 4318830.543, 140
Trd, 4318831.443, 140
Trd, 4318832.043, 100
Trd, 4318832.393, 111
Trd, 4318833.243, 92
Trd, 4318835.793, 140
Trd, 4318836.293, 137
Trd, 4318836.643, 136
Trd, 4318837.043, 131
Trd, 4318837.193, 130
Trd, 4318838.793, 140
Trd, 4318840.393, 140
Trd, 4318840.543, 138
Trd, 4318840.643, 137
Trd, 4318843.243, 140
Trd, 4318843.793, 140
Trd, 4318844.093, 140
Trd, 4318844.593, 140
Trd, 4318844.993, 139
Trd, 4318845.593, 139
Trd, 4318845.643, 126
Trd, 4318847.193, 109
Trd, 4318847.843, 75
Trd, 4318849.493, 60
Trd, 4318850.093, 61
Trd, 4318850.493, 140
Trd, 4318851.093, 139
Trd, 4318851.443, 136
Trd, 4318851.493, 135
Trd, 4318852.493, 124
Trd, 4318852.893, 117
Trd, 4318853.393, 114
Trd, 4318853.993, 69
Trd, 4318855.443, 60
Trd, 4318856.043, 67
Trd, 4318856.993, 84
Trd, 4318857.093, 69
Trd, 4318857.493, 106
Trd, 4318858.993, 64
Trd, 4318859.293, 111
Trd, 4318859.843, 71
Trd, 4318861.243, 112
Trd, 4318862.443, 63
Trd, 4318863.143, 62
Trd, 4318864.293, 64
Trd, 4318864.643, 67
Trd, 4318865.593, 70
Trd, 4318866.493, 94
Trd, 4318867.243, 70
Trd, 4318868.193, 82
Trd, 4318868.593, 61
Trd, 4318869.243, 62
Trd, 4318870.143, 128
Trd, 4318870.243, 136
Trd, 4318870.793, 127
Trd, 4318871.193, 114
Trd, 4318871.693, 112
Trd, 4318872.193, 114
Trd, 4318873.243, 90
Trd, 4318873.443, 70
Trd, 4318875.493, 63
Trd, 4318876.443, 60
Trd, 4318876.643, 67
Trd, 4318877.143, 65
Trd, 4318877.893, 60
Trd, 4318878.493, 66
Trd, 4318879.343, 63
Trd, 4318879.543, 61
Trd, 4318880.093, 62
Trd, 4318882.393, 140
Trd, 4318882.943, 140
Trd, 4318883.443, 140
Trd, 4318883.543, 140
Trd, 4318884.143, 140
Trd, 4318884.443, 112
Trd, 4318885.693, 89
Trd, 4318886.693, 117
Trd, 4318886.943, 89
Trd, 4318887.043, 87
Trd, 4318887.893, 108
Trd, 4318888.093, 85
Trd, 4318888.693, 129
Trd, 4318889.343, 128
Trd, 4318890.043, 121
Trd, 4318890.843, 104
Trd, 4318891.093, 114
Trd, 4318892.293, 140
Trd, 4318893.593, 113
Trd, 4318894.243, 129
Trd, 4318894.343, 128
Trd, 4318894.443, 127
Trd, 4318894.943, 140
Trd, 4318895.643, 120
Trd, 4318896.043, 118
Trd, 4318897.243, 109
Trd, 4318897.793, 121
Trd, 4318898.243, 134
Trd, 4318901.043, 131
Trd, 4318901.093, 107
Trd, 4318901.393, 94
Trd, 4318902.493, 90
Trd, 4318904.343, 129
Trd, 4318904.743, 130
Trd, 4318906.243, 140
Trd, 4318906.843, 140
Trd, 4318907.293, 123
Trd, 4318907.593, 100
Trd, 4318908.043, 61
Trd, 4318908.643, 68
Trd, 4318908.693, 88
Trd, 4318909.793, 136
Trd, 4318910.143, 135
Trd, 4318911.843, 139
Trd, 4318912.493, 139
Trd, 4318912.893, 140
Trd, 4318913.793, 104
Trd, 4318914.593, 74
Trd, 4318914.643, 73
Trd, 4318915.093, 62
Trd, 4318915.393, 60
Trd, 4318915.993, 128
Trd, 4318916.493, 140
Trd, 4318917.143, 109
Trd, 4318918.843, 114
Trd, 4318918.993, 116
Trd, 4318919.593, 110
Trd, 4318919.693, 98
Trd, 4318921.643, 62
Trd, 4318921.743, 67
Trd, 4318922.643, 60
Trd, 4318923.743, 61
Trd, 4318924.493, 60
Trd, 4318924.843, 97
Trd, 4318925.043, 136
Trd, 4318927.743, 65
Trd, 4318927.893, 65
Trd, 4318928.393, 68
Trd, 4318928.543, 66
Trd, 4318928.793, 106
Trd, 4318929.543, 103
Trd, 4318930.693, 91
Trd, 4318931.343, 104
Trd, 4318931.393, 91
Trd, 4318933.743, 140
Trd, 4318934.043, 112
Trd, 4318934.343, 109
Trd, 4318934.543, 88
Trd, 4318934.693, 87
Trd, 4318935.643, 140
Trd, 4318935.993, 140
Trd, 4318936.843, 62
Trd, 4318938.143, 138
Trd, 4318939.193, 137
Trd, 4318940.093, 126
Trd, 4318940.143, 114
Trd, 4318941.143, 140
Trd, 4318942.743, 139
Trd, 4318943.343, 140
Trd, 4318943.743, 140
Trd, 4318944.243, 139
Trd, 4318944.893, 138
Trd, 4318944.993, 137
Trd, 4318947.693, 137
Trd, 4318948.693, 108
Trd, 4318949.943, 140
Trd, 4318949.993, 139
Trd, 4318950.343, 130
Trd, 4318950.693, 124
Trd, 4318951.543, 140
Trd, 4318951.843, 116
Trd, 4318952.893, 104
Trd, 4318953.393, 92
Trd, 4318953.593, 79
Trd, 4318954.593, 76
Trd, 4318957.043, 61
Trd, 4318957.143, 62
Trd, 4318957.943, 76
Trd, 4318959.443, 60
Trd, 4318960.143, 127
Trd, 4318960.443, 127
Trd, 4318963.343, 61
Trd, 4318963.443, 63
Trd, 4318963.643, 79
Trd, 4318964.143, 78
Trd, 4318964.993, 77
Trd, 4318965.243, 125
Trd, 4318966.043, 128
Trd, 4318966.443, 140
Trd, 4318967.243, 140
Trd, 4318967.493, 140
Trd, 4318967.793, 140
Trd, 4318969.943, 139
Trd, 4318971.443, 140
Trd, 4318971.593, 140
Trd, 4318972.143, 114
Trd, 4318972.393, 111
Trd, 4318972.693, 84
Trd, 4318972.793, 83
Trd, 4318974.293, 65
Trd, 4318976.193, 79
Trd, 4318976.843, 136
Trd, 4318977.393, 135
Trd, 4318978.193, 134
Trd, 4318978.243, 133
Trd, 4318978.393, 87
Trd, 4318979.343, 130
Trd, 4318981.343, 140
Trd, 4318982.143, 117
Trd, 4318982.743, 118
Trd, 4318983.143, 92
Trd, 4318984.343, 113
Trd, 4318984.743, 113
Trd, 4318985.443, 60
Trd, 4318986.143, 64
Trd, 4318986.193, 95
Trd, 4318986.843, 136
Trd, 4318987.243, 140
Trd, 4318987.793, 140
Trd, 4318987.843, 135
Trd, 4318988.943, 63
Trd, 4318990.493, 138
Trd, 4318991.093, 140
Trd, 4318991.343, 140
Trd, 4318991.943, 97
Trd, 4318992.143, 140
Trd, 4318992.643, 136
Trd, 4318993.543, 114
Trd, 4318994.493, 109
Trd, 4318995.143, 105
Trd, 4318995.443, 105
Trd, 4318996.593, 120
Trd, 4318996.843, 111
Trd, 4318997.243, 105
Trd, 4318998.043, 62
Trd, 4318999.543, 139
Trd, 4319000.393, 113
Trd, 4319000.893, 115
Trd, 4319001.693, 123
Trd, 4319003.343, 140
Trd, 4319003.743, 140
Trd, 4319004.043, 128
Trd, 4319004.593, 138
Trd, 4319004.693, 72
Trd, 4319006.693, 135
Trd, 4319007.893, 101
Trd, 4319008.693, 136
Trd, 4319008.943, 135
Trd, 4319009.043, 134
Trd, 4319009.193, 133
Trd, 4319010.543, 134
Trd, 4319010.993, 112
Trd, 4319011.643, 102
Trd, 4319013.043, 78
Trd, 4319013.243, 68
Trd, 4319013.643, 123
Trd, 4319014.743, 78
Trd, 4319015.093, 63
Trd, 4319016.693, 128
Trd, 4319016.793, 99
Trd, 4319016.943, 97
Trd, 4319017.493, 109
Trd, 4319018.093, 77
Trd, 4319018.893, 125
Trd, 4319020.093, 137
Trd, 4319020.743, 137
Trd, 4319020.793, 136
Trd, 4319023.343, 134
Trd, 4319023.943, 127
Trd, 4319024.893, 125
Trd, 4319025.093, 115
Trd, 4319025.493, 127
Trd, 4319025.543, 107
Trd, 4319025.943, 89
Trd, 4319026.393, 75
Trd, 4319026.493, 140
Trd, 4319027.193, 114
Trd, 4319028.093, 121
Trd, 4319028.743, 69
Trd, 4319030.443, 100
Trd, 4319030.593, 99
Trd, 4319032.193, 140
Trd, 4319033.343, 140
Trd, 4319034.443, 140
Trd, 4319034.943, 140
Trd, 4319035.293, 140
Trd, 4319035.393, 118
Trd, 4319035.793, 137
Trd, 4319035.943, 77
Trd, 4319039.193, 140
Trd, 4319039.343, 140
Trd, 4319039.543, 139
Trd, 4319040.343, 89
Trd, 4319040.593, 75
Trd, 4319041.643, 118
Trd, 4319042.243, 89
Trd, 4319042.693, 89
Trd, 4319043.643, 139
Trd, 4319044.943, 129
Trd, 4319045.743, 134
Trd, 4319045.843, 134
Trd, 4319046.093, 132
Trd, 4319047.293, 122
Trd, 4319047.843, 115
Trd, 4319048.893, 133
Trd, 4319048.993, 105
Trd, 4319049.993, 66
Trd, 4319050.393, 134
Trd, 4319050.993, 139
Trd, 4319052.043, 123
Trd, 4319052.393, 102
Trd, 4319052.693, 99
Trd, 4319052.993, 88
Trd, 4319053.243, 82
Trd, 4319054.143, 129
Trd, 4319054.743, 92
Trd, 4319055.193, 135
Trd, 4319056.093, 140
Trd, 4319056.343, 140
Trd, 4319057.443, 135
Trd, 4319058.193, 95
Trd, 4319058.493, 122
Trd, 4319058.593, 121
Trd, 4319060.193, 136
Trd, 4319060.493, 136
Trd, 4319061.443, 140
Trd, 4319061.643, 135
Trd, 4319062.343, 120
Trd, 4319062.993, 75
Trd, 4319063.343, 76
Trd, 4319064.393, 61
Trd, 4319066.693, 139
Trd, 4319067.293, 140
Trd, 4319067.393, 139
Trd, 4319067.593, 138
Trd, 4319067.693, 132
Trd, 4319068.643, 112
Trd, 4319069.393, 103
Trd, 4319070.693, 139
Trd, 4319070.793, 137
Trd, 4319071.243, 129
Trd, 4319072.293, 107
Trd, 4319073.293, 140
Trd, 4319074.193, 125
Trd, 4319074.743, 94
Trd, 4319074.943, 135
Trd, 4319075.043, 99
Trd, 4319077.293, 61
Trd, 4319077.493, 103
Trd, 4319077.793, 70
Trd, 4319078.143, 137
Trd, 4319078.543, 137
Trd, 4319079.493, 138
Trd, 4319081.643, 121
Trd, 4319081.743, 120
Trd, 4319082.993, 136
Trd, 4319083.043, 135
Trd, 4319083.643, 133
Trd, 4319084.393, 136
Trd, 4319084.693, 135
Trd, 4319084.843, 123
Trd, 4319085.243, 118
Trd, 4319085.993, 60
Trd, 4319087.993, 63
Trd, 4319088.643, 82
Trd, 4319088.693, 80
Trd, 4319089.793, 80
Trd, 4319090.043, 82
Trd, 4319091.493, 60
Trd, 4319091.693, 60
Trd, 4319092.593, 60
Trd, 4319093.143, 84
Trd, 4319093.993, 138
Trd, 4319095.043, 140
Trd, 4319095.543, 140
Trd, 4319096.243, 140
Trd, 4319096.793, 140
Trd, 4319097.193, 140
Trd, 4319098.593, 94
Trd, 4319099.243, 129
Trd, 4319099.293, 116
Trd, 4319100.293, 109
Trd, 4319101.643, 94
Trd, 4319102.243, 63
Trd, 4319102.793, 119
Trd, 4319103.393, 140
Trd, 4319103.593, 139
Trd, 4319104.943, 140
Trd, 4319106.193, 140
Trd, 4319106.543, 140
Trd, 4319107.943, 140
Trd, 4319108.143, 138
Trd, 4319108.343, 108
Trd, 4319108.543, 93
Trd, 4319110.143, 107
Trd, 4319111.293, 138
Trd, 4319111.393, 71
Trd, 4319112.793, 75
Trd, 4319113.043, 73
Trd, 4319113.443, 83
Trd, 4319114.093, 120
Trd, 4319114.443, 94
Trd, 4319115.293, 138
Trd, 4319115.643, 130
Trd, 4319115.893, 129
Trd, 4319117.443, 123
Trd, 4319117.693, 109
Trd, 4319117.793, 114
Trd, 4319119.143, 140
Trd, 4319120.743, 137
Trd, 4319121.093, 110
Trd, 4319122.043, 134
Trd, 4319122.693, 82
Trd, 4319123.093, 79
Trd, 4319123.543, 63
Trd, 4319123.793, 91
Trd, 4319125.743, 125
Trd, 4319127.493, 113
Trd, 4319127.843, 114
Trd, 4319128.693, 138
Trd, 4319129.293, 140
Trd, 4319129.493, 140
Trd, 4319129.543, 139
Trd, 4319131.843, 139
Trd, 4319132.543, 60
Trd, 4319132.893, 61
Trd, 4319133.793, 139
Trd, 4319134.143, 132
Trd, 4319134.293, 98
Trd, 4319134.843, 101
Trd, 4319135.893, 140
Trd, 4319135.993, 139
Trd, 4319136.393, 98
Trd, 4319136.543, 97
Trd, 4319139.693, 130
Trd, 4319140.043, 130
Trd, 4319141.493, 122
Trd, 4319142.143, 111
Trd, 4319142.543, 122
Trd, 4319144.243, 140
Trd, 4319144.593, 140
Trd, 4319144.843, 140
Trd, 4319146.493, 140
Trd, 4319148.193, 140
Trd, 4319148.493, 140
Trd, 4319148.743, 140
Trd, 4319148.943, 85
Trd, 4319149.393, 110
Trd, 4319150.043, 137
Trd, 4319151.293, 64
Trd, 4319151.743, 65
Trd, 4319152.443, 66
Trd, 4319152.593, 80
Trd, 4319153.143, 126
Trd, 4319153.193, 66
Trd, 4319154.593, 105
Trd, 4319155.343, 123
Trd, 4319155.493, 97
Trd, 4319155.843, 89
Trd, 4319157.493, 138
Trd, 4319157.593, 96
Trd, 4319158.593, 87
Trd, 4319158.843, 86
Trd, 4319159.393, 88
Trd, 4319159.743, 86
Trd, 4319160.893, 140
Trd, 4319161.093, 140
Trd, 4319162.993, 140
Trd, 4319163.293, 140
Trd, 4319163.543, 125
Trd, 4319164.643, 136
Trd, 4319164.743, 135
Trd, 4319165.193, 70
Trd, 4319166.793, 133
Trd, 4319166.843, 117
Trd, 4319167.793, 110
Trd, 4319169.043, 139
Trd, 4319169.143, 138
Trd, 4319169.993, 134
Trd, 4319170.243, 133
Trd, 4319170.393, 109
Trd, 4319171.343, 72
Trd, 4319172.193, 73
Trd, 4319172.693, 117
Trd, 4319174.193, 67
Trd, 4319174.643, 128
Trd, 4319175.093, 132
Trd, 4319177.043, 133
Trd, 4319177.293, 133
Trd, 4319177.793, 140
Trd, 4319177.943, 138
Trd, 4319178.093, 132
Trd, 4319178.393, 85
Trd, 4319179.793, 97
Trd, 4319180.293, 76
Trd, 4319180.993, 60
Trd, 4319181.793, 63
Trd, 4319182.643, 74
Trd, 4319183.193, 81
Trd, 4319184.993, 140
Trd, 4319185.043, 140
Trd, 4319185.743, 140
Trd, 4319186.493, 132
Trd, 4319187.493, 121
Trd, 4319187.793, 120
Trd, 4319188.393, 61
Trd, 4319189.443, 140
Trd, 4319189.993, 138
Trd, 4319190.293, 137
Trd, 4319192.543, 71
Trd, 4319193.143, 68
Trd, 4319194.343, 61
Trd, 4319194.793, 60
Trd, 4319195.193, 68
Trd, 4319195.643, 97
Trd, 4319196.243, 122
Trd, 4319196.393, 121
Trd, 4319198.393, 103
Trd, 4319199.093, 140
Trd, 4319199.193, 102
Trd, 4319199.893, 140
Trd, 4319201.193, 140
Trd, 4319203.343, 140
Trd, 4319203.393, 140
Trd, 4319203.643, 138
Trd, 4319204.443, 140
Trd, 4319205.193, 140
Trd, 4319205.393, 140
Trd, 4319205.493, 132
Trd, 4319205.593, 106
Trd, 4319206.043, 64
Trd, 4319207.443, 72
Trd, 4319208.893, 140
Trd, 4319210.793, 106
Trd, 4319211.493, 118
Trd, 4319211.543, 105
Trd, 4319212.143, 115
Trd, 4319212.843, 114
Trd, 4319213.593, 89
Trd, 4319213.843, 137
Trd, 4319214.593, 140
Trd, 4319215.243, 125
Trd, 4319215.343, 124
Trd, 4319215.793, 99
Trd, 4319216.043, 134
Trd, 4319218.043, 116
Trd, 4319218.293, 118
Trd, 4319219.893, 140
Trd, 4319220.743, 140
Trd, 4319220.943, 139
Trd, 4319221.743, 129
Trd, 4319221.943, 128
Trd, 4319222.593, 104
Trd, 4319222.993, 112
Trd, 4319223.243, 99
Trd, 4319223.943, 108
Trd, 4319224.993, 140
Trd, 4319225.193, 140
Trd, 4319226.143, 140
Trd, 4319227.243, 140
Trd, 4319228.543, 128
Trd, 4319229.043, 139
Trd, 4319230.043, 136
Trd, 4319230.843, 135
Trd, 4319231.743, 112
Trd, 4319231.943, 110
Trd, 4319232.193, 107
Trd, 4319233.293, 140
Trd, 4319234.343, 140
Trd, 4319234.893, 133
Trd, 4319235.793, 128
Trd, 4319237.493, 140
Trd, 4319239.293, 140
Trd, 4319240.243, 140
Trd, 4319240.643, 140
Trd, 4319241.043, 140
Trd, 4319242.143, 140
Trd, 4319242.443, 140
Trd, 4319243.293, 90
Trd, 4319243.443, 98
Trd, 4319243.843, 86
Trd, 4319244.193, 84
Trd, 4319246.043, 135
Trd, 4319246.143, 119
Trd, 4319246.493, 114
Trd, 4319248.143, 124
Trd, 4319248.293, 135
Trd, 4319248.343, 115
Trd, 4319249.793, 140
Trd, 4319249.893, 140
Trd, 4319250.193, 140
Trd, 4319251.093, 114
Trd, 4319251.543, 63
Trd, 4319252.343, 62
Trd, 4319253.793, 133
Trd, 4319254.443, 140
Trd, 4319254.493, 84
Trd, 4319255.393, 126
Trd, 4319256.643, 116
Trd, 4319257.193, 113
Trd, 4319257.943, 106
Trd, 4319258.493, 116
Trd, 4319258.593, 115
Trd, 4319259.143, 110
Trd, 4319259.493, 130
Trd, 4319260.193, 140
Trd, 4319260.793, 112
Trd, 4319262.193, 140
Trd, 4319262.493, 140
Trd, 4319263.243, 140
Trd, 4319263.693, 138
Trd, 4319264.693, 117
Trd, 4319265.243, 61
Trd, 4319266.093, 102
Trd, 4319266.193, 114
Trd, 4319267.693, 138
Trd, 4319268.243, 110
Trd, 4319270.543, 140
Trd, 4319270.843, 140
Trd, 4319271.393, 140
Trd, 4319271.443, 140
Trd, 4319271.493, 139
Trd, 4319273.443, 121
Trd, 4319274.093, 140
Trd, 4319274.393, 140
Trd, 4319275.143, 140
Trd, 4319276.393, 128
Trd, 4319276.543, 128
Trd, 4319276.593, 127
Trd, 4319277.793, 117
Trd, 4319278.193, 116
Trd, 4319278.443, 117
Trd, 4319279.193, 137
Trd, 4319279.593, 140
Trd, 4319279.743, 140
Trd, 4319282.043, 140
Trd, 4319282.243, 140
Trd, 4319282.443, 80
Trd, 4319284.893, 128
Trd, 4319285.193, 111
Trd, 4319285.593, 107
Trd, 4319286.343, 128
Trd, 4319286.793, 124
Trd, 4319287.243, 129
Trd, 4319287.593, 117
Trd, 4319287.943, 117
Trd, 4319288.993, 119
Trd, 4319290.593, 139
Trd, 4319290.893, 138
Trd, 4319292.743, 135
Trd, 4319292.843, 134
Trd, 4319293.643, 136
Trd, 4319293.943, 134
Trd, 4319294.193, 133
Trd, 4319294.593, 140
Trd, 4319294.993, 130
Trd, 4319296.293, 61
Trd, 4319296.543, 71
Trd, 4319296.843, 140
Trd, 4319297.943, 124
Trd, 4319298.993, 123
Trd, 4319300.193, 65
Trd, 4319300.493, 121
Trd, 4319301.643, 140
Trd, 4319301.743, 130
Trd, 4319301.943, 112
Trd, 4319302.593, 112
Trd, 4319302.893, 131
Trd, 4319303.443, 106
Trd, 4319304.293, 140
Trd, 4319305.343, 140
Trd, 4319305.393, 140
Trd, 4319305.993, 140
Trd, 4319306.543, 140
Trd, 4319307.593, 140
Trd, 4319308.193, 140
Trd, 4319308.443, 140
Trd, 4319308.543, 140
Trd, 4319309.293, 135
Trd, 4319309.643, 134
Trd, 4319310.443, 134
Trd, 4319310.493, 133
Trd, 4319311.943, 135
Trd, 4319312.393, 134
Trd, 4319314.543, 140
Trd, 4319314.893, 140
Trd, 4319315.593, 140
Trd, 4319316.343, 135
Trd, 4319317.893, 138
Trd, 4319317.943, 137
Trd, 4319318.593, 124
Trd, 4319318.993, 104
Trd, 4319319.693, 104
Trd, 4319319.893, 103
Trd, 4319321.643, 131
Trd, 4319321.893, 140
Trd, 4319322.643, 133
Trd, 4319322.943, 137
Trd, 4319323.843, 91
Trd, 4319324.843, 103
Trd, 4319324.993, 101
Trd, 4319325.543, 63
Trd, 4319327.143, 140
Trd, 4319327.893, 134
Trd, 4319328.143, 131
Trd, 4319328.393, 116
Trd, 4319330.643, 122
Trd, 4319330.943, 75
Trd, 4319331.243, 124
Trd, 4319331.743, 125
Trd, 4319333.493, 127
Trd, 4319335.693, 140
Trd, 4319335.843, 138
Trd, 4319336.093, 137
Trd, 4319336.543, 98
Trd, 4319336.743, 92
Trd, 4319338.243, 120
Trd, 4319338.293, 119
Trd, 4319339.393, 140
Trd, 4319339.893, 140
Trd, 4319340.043, 126
Trd, 4319340.993, 123
Trd, 4319342.143, 89
Trd, 4319343.543, 66
Trd, 4319344.943, 126
Trd, 4319345.643, 78
Trd, 4319345.693, 77
Trd, 4319345.743, 76
Trd, 4319346.243, 116
Trd, 4319346.693, 138
Trd, 4319349.143, 140
Trd, 4319349.893, 140
Trd, 4319350.243, 140
Trd, 4319350.393, 140
Trd, 4319350.693, 139
Trd, 4319350.793, 120
Trd, 4319353.093, 125
Trd, 4319353.193, 115
Trd, 4319354.043, 127
Trd, 4319354.093, 82
Trd, 4319355.143, 138
Trd, 4319355.493, 130
Trd, 4319357.743, 72
Trd, 4319358.543, 69
Trd, 4319360.443, 81
Trd, 4319361.793, 136
Trd, 4319362.143, 137
Trd, 4319362.393, 136
Trd, 4319364.593, 140
Trd, 4319364.893, 140
Trd, 4319365.993, 140
Trd, 4319366.443, 140
Trd, 4319367.493, 139
Trd, 4319367.693, 138
Trd, 4319367.893, 139
Trd, 4319368.343, 135
Trd, 4319368.393, 133
Trd, 4319369.093, 119
Trd, 4319370.343, 106
Trd, 4319370.393, 109
Trd, 4319372.293, 139
Trd, 4319372.993, 140
Trd, 4319373.543, 140
Trd, 4319373.943, 140
Trd, 4319374.143, 138
Trd, 4319374.893, 96
Trd, 4319376.093, 101
Trd, 4319376.393, 102
Trd, 4319377.843, 128
Trd, 4319377.993, 127
Trd, 4319378.343, 72
Trd, 4319381.143, 140
Trd, 4319381.893, 128
Trd, 4319381.943, 74
Trd, 4319382.343, 97
Trd, 4319382.893, 124
Trd, 4319383.343, 125
Trd, 4319383.743, 123
Trd, 4319384.343, 101
Trd, 4319384.793, 99
Trd, 4319385.393, 69
Trd, 4319386.143, 140
Trd, 4319386.743, 132
Trd, 4319387.143, 132
Trd, 4319387.193, 131
Trd, 4319387.843, 140
Trd, 4319389.293, 133
Trd, 4319389.393, 94
Trd, 4319390.493, 139
Trd, 4319391.493, 119
Trd, 4319393.493, 116
Trd, 4319394.343, 138
Trd, 4319394.543, 120
Trd, 4319394.743, 118
Trd, 4319395.143, 132
Trd, 4319396.293, 121
Trd, 4319396.643, 119
Trd, 4319397.843, 132
Trd, 4319399.343, 140
Trd, 4319400.193, 140
Trd, 4319400.493, 140
Trd, 4319400.793, 140
Trd, 4319401.543, 125
Trd, 4319402.593, 140
Trd, 4319403.293, 117
Trd, 4319403.643, 60
Trd, 4319404.693, 65
Trd, 4319404.993, 72
Trd, 4319406.793, 139
Trd, 4319407.343, 139
Trd, 4319407.393, 138
Trd, 4319408.293, 80
Trd, 4319408.343, 86
Trd, 4319408.643, 60
Trd, 4319408.843, 65
Trd, 4319410.093, 61
Trd, 4319410.193, 62
Trd, 4319411.243, 60
Trd, 4319411.493, 103
Trd, 4319412.893, 60
Trd, 4319413.393, 60
Trd, 4319413.993, 60
Trd, 4319414.343, 84
Trd, 4319416.093, 121
Trd, 4319416.443, 110
Trd, 4319416.643, 109
Trd, 4319417.043, 109
Trd, 4319417.643, 118
Trd, 4319419.043, 140
Trd, 4319419.893, 140
Trd, 4319419.993, 135
Trd, 4319420.193, 124
Trd, 4319420.443, 129
Trd, 4319421.593, 89
Trd, 4319421.793, 120
Trd, 4319422.593, 75
Trd, 4319423.893, 107
Trd, 4319424.343, 64
Trd, 4319425.393, 79
Trd, 4319425.743, 68
Trd, 4319426.343, 67
Trd, 4319426.643, 64
Trd, 4319427.093, 110
Trd, 4319428.643, 111
Trd, 4319428.793, 93
Trd, 4319429.743, 140
Trd, 4319429.993, 140
Trd, 4319430.343, 125
Trd, 4319430.393, 124
Trd, 4319430.893, 60
Trd, 4319432.193, 134
Trd, 4319432.743, 102
Trd, 4319433.493, 136
Trd, 4319434.843, 111
Trd, 4319434.893, 106
Trd, 4319435.093, 106
Trd, 4319435.943, 102
Trd, 4319437.043, 140
Trd, 4319437.293, 140
Trd, 4319438.443, 60
Trd, 4319439.143, 62
Trd, 4319440.543, 140
Trd, 4319440.743, 126
Trd, 4319442.193, 122
Trd, 4319442.593, 85
Trd, 4319443.143, 106
Trd, 4319443.393, 106
Trd, 4319444.143, 104
Trd, 4319444.643, 103
Trd, 4319445.143, 138
Trd, 4319447.543, 118
Trd, 4319447.793, 133
Trd, 4319448.093, 116
Trd, 4319448.643, 134
Trd, 4319449.593, 136
Trd, 4319449.693, 135
Trd, 4319450.443, 138
Trd, 4319451.493, 140
Trd, 4319452.243, 140
Trd, 4319452.293, 138
Trd, 4319453.143, 137
Trd, 4319453.643, 138
Trd, 4319455.493, 139
Trd, 4319455.743, 140
Trd, 4319456.443, 131
Trd, 4319457.093, 70
Trd, 4319457.193, 77
Trd, 4319457.693, 140
Trd, 4319457.793, 71
Trd, 4319458.043, 61
Trd, 4319459.843, 62
Trd, 4319460.193, 62
Trd, 4319460.993, 120
Trd, 4319461.493, 73
Trd, 4319462.043, 99
Trd, 4319462.843, 120
Trd, 4319464.493, 94
Trd, 4319464.993, 137
Trd, 4319465.843, 133
Trd, 4319465.893, 92
Trd, 4319467.043, 90
Trd, 4319467.943, 72
Trd, 4319468.243, 70
Trd, 4319468.793, 135
Trd, 4319469.443, 123
Trd, 4319471.793, 60
Trd, 4319472.093, 63
Trd, 4319473.293, 62
Trd, 4319473.743, 63
Trd, 4319475.243, 62
Trd, 4319475.643, 89
Trd, 4319477.543, 133
Trd, 4319477.643, 109
Trd, 4319477.943, 109
Trd, 4319479.493, 67
Trd, 4319480.393, 74
Trd, 4319482.343, 61
Trd, 4319482.393, 63
Trd, 4319483.493, 128
Trd, 4319484.893, 112
Trd, 4319485.743, 119
Trd, 4319485.993, 138
Trd, 4319486.793, 136
Trd, 4319487.043, 135
Trd, 4319487.293, 132
Trd, 4319487.743, 123
Trd, 4319489.293, 131
Trd, 4319490.643, 130
Trd, 4319490.893, 128
Trd, 4319491.343, 132
Trd, 4319491.643, 125
Trd, 4319491.843, 113
Trd, 4319492.343, 101
Trd, 4319493.543, 65
Trd, 4319494.343, 63
Trd, 4319494.893, 65
Trd, 4319496.093, 125
Trd, 4319496.643, 112
Trd, 4319497.743, 139
Trd, 4319497.943, 122
Trd, 4319498.243, 118
Trd, 4319500.343, 136
Trd, 4319500.393, 133
Trd, 4319500.693, 132
Trd, 4319500.893, 116
Trd, 4319501.843, 70
Trd, 4319501.993, 122
Trd, 4319502.493, 112
Trd, 4319503.793, 107
Trd, 4319505.543, 110
Trd, 4319506.643, 140
Trd, 4319507.693, 140
Trd, 4319507.743, 139
Trd, 4319507.993, 115
Trd, 4319508.243, 89
Trd, 4319508.293, 77
Trd, 4319508.593, 140
Trd, 4319509.143, 115
Trd, 4319510.293, 137
Trd, 4319510.593, 137
Trd, 4319510.793, 136
Trd, 4319512.643, 97
Trd, 4319513.493, 77
Trd, 4319514.243, 134
Trd, 4319515.193, 132
Trd, 4319516.193, 132
Trd, 4319516.843, 140
Trd, 4319517.593, 137
Trd, 4319517.893, 135
Trd, 4319518.493, 124
Trd, 4319520.493, 128
Trd, 4319521.143, 140
Trd, 4319521.493, 140
Trd, 4319521.593, 139
Trd, 4319522.293, 127
Trd, 4319523.493, 136
Trd, 4319524.093, 99
Trd, 4319524.493, 71
Trd, 4319524.793, 70
Trd, 4319525.843, 67
Trd, 4319525.943, 93
Trd, 4319527.293, 97
Trd, 4319527.593, 97
Trd, 4319528.093, 140
Trd, 4319528.543, 140
Trd, 4319530.293, 140
Trd, 4319530.643, 140
Trd, 4319531.193, 136
Trd, 4319532.093, 135
Trd, 4319532.393, 134
Trd, 4319533.193, 139
Trd, 4319533.943, 118
Trd, 4319535.043, 139
Trd, 4319535.743, 138
Trd, 4319536.843, 140
Trd, 4319537.043, 140
Trd, 4319537.193, 140
Trd, 4319537.943, 119
Trd, 4319538.643, 129
Trd, 4319538.693, 119
Trd, 4319539.343, 139
Trd, 4319539.493, 118
Trd, 4319540.043, 69
Trd, 4319541.443, 140
Trd, 4319541.643, 111
Trd, 4319542.893, 112
Trd, 4319543.043, 125
Trd, 4319544.543, 134
Trd, 4319544.593, 112
Trd, 4319545.343, 61
Trd, 4319545.893, 140
Trd, 4319546.543, 91
Trd, 4319547.143, 128
Trd, 4319547.193, 92
Trd, 4319548.893, 140
Trd, 4319550.143, 140
Trd, 4319550.593, 96
Trd, 4319551.693, 140
Trd, 4319551.943, 140
Trd, 4319552.043, 110
Trd, 4319553.043, 120
Trd, 4319553.543, 110
Trd, 4319556.143, 140
Trd, 4319557.493, 140
Trd, 4319557.793, 140
Trd, 4319558.493, 140
Trd, 4319558.593, 137
Trd, 4319559.893, 139
Trd, 4319560.443, 130
Trd, 4319560.643, 111
Trd, 4319562.443, 133
Trd, 4319562.893, 136
Trd, 4319562.943, 133
Trd, 4319562.993, 132
Trd, 4319563.493, 130
Trd, 4319565.393, 137
Trd, 4319565.543, 136
Trd, 4319565.793, 109
Trd, 4319566.143, 137
Trd, 4319566.993, 94
Trd, 4319567.143, 88
Trd, 4319569.043, 123
Trd, 4319569.743, 123
Trd, 4319570.493, 138
Trd, 4319571.343, 140
Trd, 4319571.843, 140
Trd, 4319572.093, 139
Trd, 4319572.243, 113
Trd, 4319573.193, 131
Trd, 4319573.643, 98
Trd, 4319574.393, 102
Trd, 4319574.543, 98
Trd, 4319575.693, 61
Trd, 4319575.993, 65
Trd, 4319577.493, 139
Trd, 4319577.593, 135
Trd, 4319578.093, 134
Trd, 4319578.593, 139
Trd, 4319579.043, 133
Trd, 4319580.243, 130
Trd, 4319580.593, 130
Trd, 4319581.943, 140
Trd, 4319582.243, 140
Trd, 4319583.193, 140
Trd, 4319583.493, 139
Trd, 4319583.693, 139
Trd, 4319584.493, 122
Trd, 4319584.893, 91
Trd, 4319586.393, 75
Trd, 4319588.393, 139
Trd, 4319588.443, 133
Trd, 4319589.193, 71
Trd, 4319589.593, 84
Trd, 4319589.893, 70
Trd, 4319590.443, 74
Trd, 4319590.893, 70
Trd, 4319591.443, 139
Trd, 4319592.643, 118
Trd, 4319592.743, 114
Trd, 4319593.593, 109
Trd, 4319594.693, 131
Trd, 4319595.143, 102
Trd, 4319595.993, 97
Trd, 4319596.943, 65
Trd, 4319597.543, 62
Trd, 4319597.743, 65
Trd, 4319599.343, 71
Trd, 4319599.593, 65
Trd, 4319600.293, 115
Trd, 4319600.543, 100
Trd, 4319600.993, 98
Trd, 4319601.843, 92
Trd, 4319601.893, 90
Trd, 4319605.043, 60
Trd, 4319605.193, 74
Trd, 4319605.893, 96
Trd, 4319606.093, 93
Trd, 4319606.143, 100
Trd, 4319608.643, 61
Trd, 4319608.793, 90
Trd, 4319608.893, 61
Trd, 4319609.493, 140
Trd, 4319609.943, 140
Trd, 4319610.843, 140
Trd, 4319610.893, 140
Trd, 4319612.293, 140
Trd, 4319613.693, 136
Trd, 4319613.843, 135
Trd, 4319614.543, 70
Trd, 4319615.943, 72
Trd, 4319616.743, 98
Trd, 4319617.143, 140
Trd, 4319617.393, 96
Trd, 4319618.293, 96
Trd, 4319618.993, 123
Trd, 4319619.343, 98
Trd, 4319619.593, 95
Trd, 4319620.643, 62
Trd, 4319622.443, 111
Trd, 4319622.493, 114
Trd, 4319623.793, 65
Trd, 4319624.093, 140
Trd, 4319624.643, 66
Trd, 4319626.143, 139
Trd, 4319626.243, 138
Trd, 4319627.343, 101
Trd, 4319627.493, 111
Trd, 4319628.593, 139
Trd, 4319629.443, 131
Trd, 4319630.243, 140
Trd, 4319630.393, 130
Trd, 4319630.593, 132
Trd, 4319631.493, 140
Trd, 4319634.093, 140
Trd, 4319634.643, 140
Trd, 4319634.893, 133
Trd, 4319635.443, 115
Trd, 4319635.743, 73
Trd, 4319637.243, 69
Trd, 4319638.643, 140
Trd, 4319638.943, 140
Trd, 4319640.343, 140
Trd, 4319640.443, 140
Trd, 4319640.993, 138
Trd, 4319641.693, 127
Trd, 4319642.493, 139
Trd, 4319642.843, 119
Trd, 4319643.493, 93
Trd, 4319645.343, 61
Trd, 4319646.193, 63
Trd, 4319646.943, 79
Trd, 4319647.893, 61
Trd, 4319648.793, 62
Trd, 4319649.543, 63
Trd, 4319650.893, 88
Trd, 4319651.143, 97
Trd, 4319651.843, 66
Trd, 4319652.143, 60
Trd, 4319652.743, 65
Trd, 4319653.393, 140
Trd, 4319653.743, 140
Trd, 4319654.893, 140
Trd, 4319654.993, 140
Trd, 4319656.093, 111
Trd, 4319656.543, 63
Trd, 4319657.293, 60
Trd, 4319659.043, 60
Trd, 4319659.393, 69
Trd, 4319659.843, 97
Trd, 4319660.593, 62
Trd, 4319661.793, 89
Trd, 4319662.193, 63
Trd, 4319663.293, 79
Trd, 4319663.593, 73
Trd, 4319663.993, 115
Trd, 4319665.393, 140
Trd, 4319666.093, 140
Trd, 4319666.293, 140
Trd, 4319666.743, 140
Trd, 4319668.193, 101
Trd, 4319668.293, 98
Trd, 4319669.293, 140
Trd, 4319669.893, 136
Trd, 4319670.793, 138
Trd, 4319671.993, 140
Trd, 4319672.543, 140
Trd, 4319672.743, 140
Trd, 4319672.993, 138
Trd, 4319673.293, 135
Trd, 4319674.543, 124
Trd, 4319675.243, 123
Trd, 4319676.043, 111
Trd, 4319676.743, 115
Trd, 4319677.343, 114
Trd, 4319677.443, 128
Trd, 4319680.043, 140
Trd, 4319681.243, 140
Trd, 4319681.543, 140
Trd, 4319681.643, 105
Trd, 4319684.193, 138
Trd, 4319684.343, 139
Trd, 4319684.793, 139
Trd, 4319685.593, 140
Trd, 4319686.843, 140
Trd, 4319686.943, 140
Trd, 4319687.643, 97
Trd, 4319688.893, 121
Trd, 4319689.193, 120
Trd, 4319690.143, 118
Trd, 4319690.293, 108
Trd, 4319690.393, 125
Trd, 4319692.043, 110
Trd, 4319692.893, 68
Trd, 4319692.993, 133
Trd, 4319694.743, 69
Trd, 4319695.143, 69
Trd, 4319695.493, 69
Trd, 4319696.343, 134
Trd, 4319696.843, 69
Trd, 4319697.043, 112
Trd, 4319698.343, 69
Trd, 4319698.693, 121
Trd, 4319700.443, 110
Trd, 4319700.593, 98
Trd, 4319701.693, 95
Trd, 4319702.343, 96
Trd, 4319703.093, 138
Trd, 4319703.293, 96
Trd, 4319704.043, 96
Trd, 4319704.693, 101
Trd, 4319704.843, 74
Trd, 4319704.893, 104
Trd, 4319705.843, 67
Trd, 4319706.743, 119
Trd, 4319707.243, 118
Trd, 4319708.193, 137
Trd, 4319709.443, 139
Trd, 4319709.493, 137
Trd, 4319710.093, 137
Trd, 4319710.693, 136
Trd, 4319712.443, 139
Trd, 4319713.143, 136
Trd, 4319713.393, 115
Trd, 4319713.643, 95
Trd, 4319714.243, 108
Trd, 4319715.243, 108
Trd, 4319715.443, 135
Trd, 4319717.193, 140
Trd, 4319717.393, 140
Trd, 4319717.843, 140
Trd, 4319719.743, 140
Trd, 4319721.043, 140
Trd, 4319721.093, 140
Trd, 4319722.093, 139
Trd, 4319722.743, 140
Trd, 4319723.693, 139
Trd, 4319724.093, 139
Trd, 4319725.393, 140
Trd, 4319725.443, 140
Trd, 4319727.843, 131
Trd, 4319728.043, 130
Trd, 4319728.093, 97
Trd, 4319728.243, 85
Trd, 4319728.443, 140
Trd, 4319728.793, 83
Trd, 4319729.593, 95
Trd, 4319729.743, 126
Trd, 4319729.893, 66
Trd, 4319731.293, 78
Trd, 4319733.443, 140
Trd, 4319734.143, 140
Trd, 4319734.193, 139
Trd, 4319734.343, 140
Trd, 4319735.243, 139
Trd, 4319735.493, 102
Trd, 4319735.543, 90
Trd, 4319735.993, 134
Trd, 4319736.343, 133
Trd, 4319737.493, 111
Trd, 4319737.893, 111
Trd, 4319738.843, 76
Trd, 4319739.593, 117
Trd, 4319739.743, 116
Trd, 4319741.293, 117
Trd, 4319741.943, 118
Trd, 4319742.493, 62
Trd, 4319743.193, 88
Trd, 4319743.693, 138
Trd, 4319744.143, 75
Trd, 4319744.193, 64
Trd, 4319744.893, 81
Trd, 4319745.393, 66
Trd, 4319746.693, 68
Trd, 4319746.843, 66
Trd, 4319747.643, 101
Trd, 4319749.193, 132
Trd, 4319749.643, 132
Trd, 4319749.693, 131
Trd, 4319749.993, 140
Trd, 4319750.993, 139
Trd, 4319751.443, 139
Trd, 4319751.943, 138
Trd, 4319753.293, 140
Trd, 4319753.993, 98
Trd, 4319755.143, 138
Trd, 4319755.293, 133
Trd, 4319756.043, 97
Trd, 4319756.293, 96
Trd, 4319756.343, 88
Trd, 4319757.293, 74
Trd, 4319757.543, 117
Trd, 4319757.943, 140
Trd, 4319759.143, 118
Trd, 4319760.543, 122
Trd, 4319761.593, 125
Trd, 4319761.743, 124
Trd, 4319762.143, 122
Trd, 4319762.343, 117
Trd, 4319763.093, 140
Trd, 4319763.543, 138
Trd, 4319763.943, 139
Trd, 4319764.643, 98
Trd, 4319766.193, 108
Trd, 4319767.593, 62
Trd, 4319767.743, 66
Trd, 4319768.393, 64
Trd, 4319768.743, 65
Trd, 4319770.593, 140
Trd, 4319770.843, 140
Trd, 4319771.493, 140
Trd, 4319771.543, 125
Trd, 4319773.643, 140
Trd, 4319773.693, 140
Trd, 4319773.793, 84
Trd, 4319774.243, 75
Trd, 4319776.093, 128
Trd, 4319776.743, 123
Trd, 4319777.243, 123
Trd, 4319777.543, 132
Trd, 4319779.993, 127
Trd, 4319780.543, 140
Trd, 4319780.693, 140
Trd, 4319781.043, 139
Trd, 4319781.443, 138
Trd, 4319782.093, 111
Trd, 4319784.193, 140
Trd, 4319784.943, 140
Trd, 4319785.293, 140
Trd, 4319785.743, 132
Trd, 4319786.193, 137
Trd, 4319786.593, 112
Trd, 4319786.993, 61
Trd, 4319789.243, 140
Trd, 4319789.643, 140
Trd, 4319790.143, 140
Trd, 4319790.543, 139
Trd, 4319791.743, 101
Trd, 4319791.793, 89
Trd, 4319791.943, 89
Trd, 4319793.293, 140
Trd, 4319794.243, 140
Trd, 4319794.593, 140
Trd, 4319795.043, 118
Trd, 4319795.143, 103
Trd, 4319796.143, 140
Trd, 4319797.493, 139
Trd, 4319797.593, 135
Trd, 4319799.693, 140
Trd, 4319799.843, 140
Trd, 4319800.293, 140
Trd, 4319800.893, 140
Trd, 4319801.793, 116
Trd, 4319802.243, 98
Trd, 4319802.843, 102
Trd, 4319803.093, 130
Trd, 4319804.193, 95
Trd, 4319806.543, 100
Trd, 4319806.693, 129
Trd, 4319807.443, 140
Trd, 4319807.493, 139
Trd, 4319808.543, 104
Trd, 4319809.343, 113
Trd, 4319809.643, 122
Trd, 4319809.943, 97
Trd, 4319811.043, 118
Trd, 4319811.793, 101
Trd, 4319812.243, 99
Trd, 4319812.693, 111
Trd, 4319812.843, 114
Trd, 4319814.693, 138
Trd, 4319814.743, 136
Trd, 4319814.893, 134
Trd, 4319815.593, 104
Trd, 4319816.443, 61
Trd, 4319817.193, 126
Trd, 4319817.943, 139
Trd, 4319818.043, 125
Trd, 4319818.643, 138
Trd, 4319821.643, 138
Trd, 4319821.793, 137
Trd, 4319822.543, 92
Trd, 4319822.693, 89
Trd, 4319823.843, 140
Trd, 4319824.043, 139
Trd, 4319824.593, 135
Trd, 4319825.093, 68
Trd, 4319826.193, 61
Trd, 4319826.393, 60
Trd, 4319827.993, 60
Trd, 4319828.293, 63
Trd, 4319828.543, 112
Trd, 4319829.693, 65
Trd, 4319830.193, 103
Trd, 4319830.643, 64
Trd, 4319831.343, 140
Trd, 4319832.443, 67
Trd, 4319832.693, 78
Trd, 4319834.493, 64
Trd, 4319835.493, 139
Trd, 4319835.693, 140
Trd, 4319837.393, 140
Trd, 4319837.693, 140
Trd, 4319838.643, 140
Trd, 4319839.493, 138
Trd, 4319840.443, 86
Trd, 4319840.593, 81
Trd, 4319841.143, 102
Trd, 4319842.643, 140
Trd, 4319843.393, 135
Trd, 4319843.793, 135
Trd, 4319844.043, 68
Trd, 4319844.493, 125
Trd, 4319845.343, 63
Trd, 4319846.993, 140
Trd, 4319847.093, 140
Trd, 4319847.443, 139
Trd, 4319847.643, 110
Trd, 4319848.593, 105
Trd, 4319849.593, 103
Trd, 4319850.193, 126
Trd, 4319851.143, 84
Trd, 4319851.293, 105
Trd, 4319851.843, 95
Trd, 4319852.543, 140
Trd, 4319853.843, 92
Trd, 4319856.243, 140
Trd, 4319856.493, 140
Trd, 4319857.443, 140
Trd, 4319857.993, 140
Trd, 4319858.493, 140
Trd, 4319859.793, 140
Trd, 4319859.943, 139
Trd, 4319860.043, 134
Trd, 4319860.393, 133
Trd, 4319861.043, 99
Trd, 4319861.393, 131
Trd, 4319862.243, 131
Trd, 4319862.893, 101
Trd, 4319863.243, 100
Trd, 4319864.043, 83
Trd, 4319865.143, 140
Trd, 4319865.893, 139
Trd, 4319867.293, 140
Trd, 4319867.393, 140
Trd, 4319867.743, 139
Trd, 4319868.093, 129
Trd, 4319869.043, 140
Trd, 4319869.393, 140
Trd, 4319870.043, 140
Trd, 4319870.793, 140
Trd, 4319870.893, 92
Trd, 4319871.543, 140
Trd, 4319872.043, 139
Trd, 4319872.193, 96
Trd, 4319873.043, 98
Trd, 4319873.693, 80
Trd, 4319874.143, 68
Trd, 4319875.143, 99
Trd, 4319876.243, 137
Trd, 4319878.593, 60
Trd, 4319878.643, 64
Trd, 4319879.543, 66
Trd, 4319879.893, 61
Trd, 4319880.343, 75
Trd, 4319881.293, 64
Trd, 4319881.443, 68
Trd, 4319881.893, 101
Trd, 4319882.843, 116
Trd, 4319882.893, 67
Trd, 4319885.393, 140
Trd, 4319885.943, 140
Trd, 4319886.343, 140
Trd, 4319886.393, 140
Trd, 4319887.243, 129
Trd, 4319888.643, 108
Trd, 4319888.993, 108
Trd, 4319889.143, 107
Trd, 4319890.643, 131
Trd, 4319891.093, 129
Trd, 4319891.193, 128
Trd, 4319892.443, 140
Trd, 4319892.893, 140
Trd, 4319893.743, 139
Trd, 4319895.543, 140
Trd, 4319895.843, 138
Trd, 4319896.243, 132
Trd, 4319897.393, 138
Trd, 4319897.743, 138
Trd, 4319898.643, 136
Trd, 4319899.443, 114
Trd, 4319900.893, 137
Trd, 4319901.543, 140
Trd, 4319902.093, 140
Trd, 4319902.443, 140
Trd, 4319902.993, 131
Trd, 4319903.243, 124
Trd, 4319903.443, 85
Trd, 4319904.093, 74
Trd, 4319905.893, 123
Trd, 4319906.293, 122
Trd, 4319906.493, 63
Trd, 4319908.043, 113
Trd, 4319909.543, 102
Trd, 4319911.143, 140
Trd, 4319911.193, 140
Trd, 4319912.143, 138
Trd, 4319912.193, 137
Trd, 4319912.443, 135
Trd, 4319912.593, 133
Trd, 4319912.893, 104
Trd, 4319913.043, 61
Trd, 4319915.943, 105
Trd, 4319915.993, 88
Trd, 4319916.093, 87
Trd, 4319917.693, 61
Trd, 4319919.193, 60
Trd, 4319920.493, 110
Trd, 4319920.843, 113
Trd, 4319920.993, 111
Trd, 4319921.893, 125
Trd, 4319922.443, 108
Trd, 4319923.093, 132
Trd, 4319923.293, 115
Trd, 4319924.793, 82
Trd, 4319925.043, 68
Trd, 4319925.693, 63
Trd, 4319926.243, 124
Trd, 4319928.793, 60
Trd, 4319928.893, 60
Trd, 4319929.393, 68
Trd, 4319929.943, 61
Trd, 4319931.893, 119
Trd, 4319932.593, 131
Trd, 4319933.393, 139
Trd, 4319934.293, 140
Trd, 4319934.743, 140
Trd, 4319935.243, 136
Trd, 4319935.493, 133
Trd, 4319935.743, 137
Trd, 4319936.543, 137
Trd, 4319936.593, 136
Trd, 4319938.543, 139
Trd, 4319938.793, 138
Trd, 4319939.343, 139
Trd, 4319939.393, 135
Trd, 4319939.693, 132
Trd, 4319941.193, 132
Trd, 4319941.993, 136
Trd, 4319942.293, 134
Trd, 4319942.443, 131
Trd, 4319944.193, 61
Trd, 4319944.343, 68
Trd, 4319944.793, 72
Trd, 4319945.393, 132
Trd, 4319946.393, 131
Trd, 4319947.343, 140
Trd, 4319947.493, 108
Trd, 4319948.393, 65
Trd, 4319948.943, 95
Trd, 4319949.943, 100
Trd, 4319950.043, 100
Trd, 4319951.693, 140
Trd, 4319952.293, 117
Trd, 4319952.843, 116
Trd, 4319953.893, 134
Trd, 4319954.443, 134
Trd, 4319954.693, 114
Trd, 4319954.893, 87
Trd, 4319955.243, 84
Trd, 4319957.343, 68
Trd, 4319958.043, 112
Trd, 4319958.193, 112
Trd, 4319958.343, 111
Trd, 4319959.643, 109
Trd, 4319960.343, 86
Trd, 4319960.493, 85
Trd, 4319961.793, 140
Trd, 4319963.043, 140
Trd, 4319964.293, 140
Trd, 4319964.493, 140
Trd, 4319964.693, 140
Trd, 4319964.843, 130
Trd, 4319965.743, 138
Trd, 4319965.943, 122
Trd, 4319967.593, 140
Trd, 4319967.843, 120
Trd, 4319968.243, 112
Trd, 4319969.043, 139
Trd, 4319969.143, 95
Trd, 4319970.443, 140
Trd, 4319970.843, 140
Trd, 4319971.243, 66
Trd, 4319971.893, 119
Trd, 4319972.743, 112
Trd, 4319972.993, 138
Trd, 4319975.093, 60
Trd, 4319975.193, 110
Trd, 4319977.443, 91
Trd, 4319977.693, 90
Trd, 4319978.693, 140
Trd, 4319978.793, 139
Trd, 4319979.443, 140
Trd, 4319981.293, 140
Trd, 4319981.993, 135
Trd, 4319982.393, 72
Trd, 4319983.193, 140
Trd, 4319984.143, 127
Trd, 4319984.293, 114
Trd, 4319985.743, 119
Trd, 4319986.193, 119
Trd, 4319987.493, 124
Trd, 4319987.593, 124
Trd, 4319988.143, 137
Trd, 4319988.993, 140
Trd, 4319989.843, 126
Trd, 4319989.993, 123
Trd, 4319990.343, 112
Trd, 4319991.393, 105
Trd, 4319993.143, 140
Trd, 4319993.443, 140
Trd, 4319993.493, 131
Trd, 4319994.893, 63
Trd, 4319996.043, 127
Trd, 4319996.443, 126
Trd, 4319996.493, 85
Trd, 4319998.193, 60
Trd, 4319999.243, 60
Trd, 4319999.993, 80
