Trd, 4318155.243, 95
Trd, 4318155.643, 96
Trd, 4318156.743, 87
Trd, 4318157.043, 92
Trd, 4318157.893, 103
Trd, 4318158.293, 96
Trd, 4318158.593, 85
Trd, 4318158.893, 64
Trd, 4318158.943, 63
Trd, 4318159.843, 90
Trd, 4318160.493, 69
Trd, 4318160.643, 82
Trd, 4318161.293, 99
Trd, 4318163.243, 96
Trd, 4318164.093, 92
Trd, 4318164.293, 90
Trd, 4318164.343, 87
Trd, 4318164.693, 88
Trd, 4318164.793, 86
Trd, 4318165.093, 125
Trd, 4318166.543, 97
Trd, 4318166.793, 120
Trd, 4318168.343, 73
Trd, 4318169.293, 90
Trd, 4318169.643, 83
Trd, 4318170.143, 78
Trd, 4318170.193, 77
Trd, 4318171.393, 88
Trd, 4318171.593, 95
Trd, 4318171.843, 71
Trd, 4318172.093, 98
Trd, 4318172.843, 66
Trd, 4318173.393, 114
Trd, 4318173.593, 120
Trd, 4318175.043, 100
Trd, 4318176.243, 107
Trd, 4318177.643, 60
Trd, 4318178.543, 62
Trd, 4318178.893, 72
Trd, 4318179.043, 92
Trd, 4318179.943, 103
Trd, 4318180.793, 75
Trd, 4318181.243, 77
Trd, 4318181.743, 67
Trd, 4318182.093, 67
Trd, 4318182.793, 105
Trd, 4318183.193, 108
Trd, 4318183.293, 109
Trd, 4318185.193, 94
Trd, 4318185.443, 78
Trd, 4318187.243, 62
Trd, 4318188.593, 83
Trd, 4318189.143, 63
Trd, 4318189.493, 69
Trd, 4318189.843, 71
Trd, 4318190.693, 114
Trd, 4318191.743, 126
Trd, 4318192.193, 122
Trd, 4318192.293, 110
Trd, 4318192.493, 109
Trd, 4318193.493, 114
Trd, 4318194.343, 118
Trd, 4318194.493, 92
Trd, 4318194.543, 91
Trd, 4318195.793, 123
Trd, 4318196.243, 97
Trd, 4318197.243, 87
Trd, 4318197.393, 76
Trd, 4318197.593, 63
Trd, 4318197.793, 66
Trd, 4318198.243, 107
Trd, 4318199.293, 134
Trd, 4318200.293, 112
Trd, 4318200.793, 107
Trd, 4318201.243, 96
Trd, 4318202.043, 96
Trd, 4318202.143, 131
Trd, 4318203.593, 127
Trd, 4318204.393, 124
Trd, 4318204.743, 108
Trd, 4318205.393, 99
Trd, 4318205.443, 79
Trd, 4318205.893, 118
Trd, 4318206.643, 136
Trd, 4318207.693, 132
Trd, 4318208.643, 137
Trd, 4318208.743, 109
Trd, 4318208.893, 103
Trd, 4318209.943, 66
Trd, 4318210.393, 120
Trd, 4318212.093, 63
Trd, 4318212.643, 78
Trd, 4318212.893, 97
Trd, 4318213.493, 82
Trd, 4318213.643, 76
Trd, 4318215.843, 78
Trd, 4318216.343, 74
Trd, 4318217.543, 90
Trd, 4318218.843, 77
Trd, 4318219.093, 81
Trd, 4318219.643, 84
Trd, 4318219.743, 80
Trd, 4318220.293, 100
Trd, 4318220.743, 111
Trd, 4318222.593, 120
Trd, 4318222.643, 95
Trd, 4318223.843, 100
Trd, 4318224.443, 90
Trd, 4318225.143, 94
Trd, 4318225.593, 83
Trd, 4318226.193, 107
Trd, 4318226.393, 72
Trd, 4318227.743, 94
Trd, 4318228.243, 113
Trd, 4318228.843, 75
Trd, 4318229.293, 72
Trd, 4318229.793, 88
Trd, 4318230.893, 82
Trd, 4318231.593, 130
Trd, 4318233.293, 131
Trd, 4318233.343, 115
Trd, 4318234.843, 113
Trd, 4318235.743, 124
Trd, 4318236.143, 131
Trd, 4318236.193, 118
Trd, 4318236.793, 114
Trd, 4318237.293, 128
Trd, 4318237.443, 95
Trd, 4318237.893, 119
Trd, 4318238.493, 88
Trd, 4318239.693, 66
Trd, 4318240.643, 91
Trd, 4318241.693, 90
Trd, 4318241.843, 100
Trd, 4318242.193, 88
Trd, 4318242.393, 77
Trd, 4318243.093, 105
Trd, 4318244.543, 103
Trd, 4318244.843, 111
Trd, 4318245.293, 72
Trd, 4318245.993, 114
Trd, 4318246.443, 108
Trd, 4318246.593, 107
Trd, 4318246.943, 69
Trd, 4318249.043, 80
Trd, 4318249.643, 63
Trd, 4318250.093, 140
Trd, 4318250.693, 134
Trd, 4318250.943, 88
Trd, 4318251.843, 135
Trd, 4318251.943, 131
Trd, 4318252.943, 104
Trd, 4318253.393, 139
Trd, 4318254.643, 98
Trd, 4318254.893, 114
Trd, 4318255.393, 85
Trd, 4318256.893, 100
Trd, 4318257.143, 97
Trd, 4318258.843, 126
Trd, 4318259.493, 117
Trd, 4318259.593, 113
Trd, 4318260.093, 126
Trd, 4318260.143, 110
Trd, 4318260.243, 106
Trd, 4318260.343, 105
Trd, 4318260.793, 124
Trd, 4318263.043, 105
Trd, 4318263.143, 86
Trd, 4318263.343, 86
Trd, 4318264.443, 130
Trd, 4318265.243, 113
Trd, 4318265.393, 108
Trd, 4318266.343, 122
Trd, 4318266.693, 99
Trd, 4318267.893, 90
Trd, 4318268.193, 82
Trd, 4318268.243, 80
Trd, 4318269.043, 63
Trd, 4318269.893, 78
Trd, 4318270.193, 66
Trd, 4318271.993, 73
Trd, 4318272.093, 68
Trd, 4318272.243, 79
Trd, 4318272.743, 73
Trd, 4318273.793, 75
Trd, 4318273.993, 67
Trd, 4318274.893, 62
Trd, 4318275.443, 72
Trd, 4318276.443, 84
Trd, 4318277.793, 67
Trd, 4318277.993, 83
Trd, 4318278.443, 65
Trd, 4318278.593, 101
Trd, 4318279.443, 127
Trd, 4318279.743, 87
Trd, 4318279.993, 65
Trd, 4318280.593, 120
Trd, 4318281.093, 74
Trd, 4318282.043, 64
Trd, 4318282.193, 83
Trd, 4318284.043, 98
Trd, 4318284.443, 88
Trd, 4318285.343, 123
Trd, 4318285.693, 115
Trd, 4318286.243, 100
Trd, 4318286.893, 90
Trd, 4318288.743, 89
Trd, 4318289.593, 94
Trd, 4318290.093, 98
Trd, 4318290.543, 97
Trd, 4318291.993, 100
Trd, 4318292.043, 91
Trd, 4318292.793, 119
Trd, 4318293.293, 101
Trd, 4318293.343, 99
Trd, 4318293.793, 80
Trd, 4318294.143, 68
Trd, 4318295.043, 120
Trd, 4318296.043, 99
Trd, 4318296.293, 83
Trd, 4318297.643, 99
Trd, 4318298.443, 96
Trd, 4318298.893, 84
Trd, 4318299.143, 87
Trd, 4318299.743, 83
Trd, 4318299.993, 115
Trd, 4318300.593, 84
Trd, 4318300.843, 77
Trd, 4318302.543, 63
Trd, 4318302.643, 64
Trd, 4318304.043, 116
Trd, 4318305.093, 70
Trd, 4318305.593, 61
Trd, 4318306.793, 66
Trd, 4318307.143, 64
Trd, 4318307.493, 81
Trd, 4318308.093, 98
Trd, 4318308.693, 67
Trd, 4318309.593, 78
Trd, 4318311.343, 69
Trd, 4318312.293, 63
Trd, 4318312.593, 60
Trd, 4318313.093, 66
Trd, 4318313.543, 99
Trd, 4318314.243, 97
Trd, 4318314.643, 91
Trd, 4318314.793, 91
Trd, 4318315.293, 131
Trd, 4318315.543, 71
Trd, 4318317.593, 68
Trd, 4318318.443, 76
Trd, 4318318.993, 109
Trd, 4318319.443, 78
Trd, 4318320.043, 88
Trd, 4318320.593, 76
Trd, 4318320.793, 68
Trd, 4318321.943, 108
Trd, 4318323.093, 133
Trd, 4318323.843, 139
Trd, 4318324.443, 122
Trd, 4318325.343, 98
Trd, 4318325.493, 90
Trd, 4318325.893, 89
Trd, 4318327.543, 94
Trd, 4318327.893, 89
Trd, 4318328.243, 101
Trd, 4318328.493, 87
Trd, 4318328.743, 60
Trd, 4318329.093, 90
Trd, 4318329.843, 81
Trd, 4318329.943, 79
Trd, 4318330.243, 71
Trd, 4318331.543, 66
Trd, 4318332.143, 75
Trd, 4318332.593, 71
Trd, 4318332.843, 63
Trd, 4318334.143, 87
Trd, 4318335.193, 80
Trd, 4318335.243, 120
Trd, 4318335.493, 105
Trd, 4318336.243, 72
Trd, 4318336.943, 72
Trd, 4318338.793, 96
Trd, 4318338.893, 97
Trd, 4318338.943, 82
Trd, 4318339.243, 71
Trd, 4318339.393, 69
Trd, 4318340.243, 62
Trd, 4318340.393, 61
Trd, 4318342.043, 79
Trd, 4318342.643, 90
Trd, 4318342.793, 77
Trd, 4318344.543, 64
Trd, 4318345.193, 136
Trd, 4318345.493, 131
Trd, 4318346.693, 104
Trd, 4318347.143, 104
Trd, 4318347.593, 123
Trd, 4318347.793, 66
Trd, 4318348.643, 85
Trd, 4318350.843, 81
Trd, 4318351.093, 77
Trd, 4318351.243, 74
Trd, 4318351.743, 90
Trd, 4318352.243, 138
Trd, 4318353.243, 99
Trd, 4318353.793, 88
Trd, 4318354.093, 70
Trd, 4318354.643, 61
Trd, 4318355.893, 76
Trd, 4318357.093, 91
Trd, 4318357.843, 76
Trd, 4318359.093, 77
Trd, 4318359.993, 87
Trd, 4318360.743, 95
Trd, 4318361.793, 82
Trd, 4318361.893, 105
Trd, 4318362.443, 87
Trd, 4318363.043, 84
Trd, 4318363.793, 74
Trd, 4318364.343, 75
Trd, 4318364.993, 88
Trd, 4318365.693, 103
Trd, 4318365.843, 93
Trd, 4318366.293, 135
Trd, 4318367.143, 123
Trd, 4318367.393, 133
Trd, 4318367.593, 99
Trd, 4318368.343, 77
Trd, 4318369.493, 97
Trd, 4318369.843, 92
Trd, 4318372.293, 108
Trd, 4318372.643, 104
Trd, 4318372.793, 96
Trd, 4318373.693, 89
Trd, 4318373.893, 94
Trd, 4318375.543, 98
Trd, 4318375.993, 104
Trd, 4318376.443, 100
Trd, 4318377.043, 95
Trd, 4318377.093, 85
Trd, 4318377.643, 84
Trd, 4318377.793, 127
Trd, 4318379.043, 93
Trd, 4318379.843, 114
Trd, 4318379.993, 89
Trd, 4318380.493, 76
Trd, 4318381.093, 88
Trd, 4318382.593, 127
Trd, 4318382.693, 90
Trd, 4318383.643, 137
Trd, 4318384.743, 117
Trd, 4318385.593, 106
Trd, 4318386.493, 129
Trd, 4318386.693, 114
Trd, 4318388.093, 90
Trd, 4318388.393, 119
Trd, 4318388.843, 95
Trd, 4318389.343, 75
Trd, 4318389.743, 140
Trd, 4318391.143, 127
Trd, 4318391.343, 98
Trd, 4318391.793, 133
Trd, 4318392.393, 129
Trd, 4318393.493, 112
Trd, 4318393.843, 102
Trd, 4318394.293, 85
Trd, 4318394.943, 120
Trd, 4318395.443, 124
Trd, 4318396.343, 116
Trd, 4318396.443, 96
Trd, 4318397.543, 133
Trd, 4318397.843, 82
Trd, 4318398.543, 127
Trd, 4318399.143, 80
Trd, 4318399.743, 109
Trd, 4318400.143, 113
Trd, 4318400.593, 103
Trd, 4318402.143, 94
Trd, 4318403.143, 86
Trd, 4318404.393, 61
Trd, 4318404.943, 67
Trd, 4318405.443, 70
Trd, 4318406.343, 77
Trd, 4318407.043, 70
Trd, 4318407.093, 74
Trd, 4318407.193, 83
Trd, 4318408.393, 97
Trd, 4318408.543, 96
Trd, 4318408.893, 86
Trd, 4318409.043, 106
Trd, 4318410.343, 75
Trd, 4318411.093, 133
Trd, 4318411.643, 114
Trd, 4318412.643, 70
Trd, 4318414.343, 63
Trd, 4318414.943, 80
Trd, 4318415.193, 84
Trd, 4318416.043, 66
Trd, 4318418.643, 65
Trd, 4318418.843, 66
Trd, 4318419.243, 76
Trd, 4318419.543, 61
Trd, 4318419.993, 63
Trd, 4318420.493, 65
Trd, 4318421.793, 66
Trd, 4318422.143, 69
Trd, 4318422.193, 100
Trd, 4318423.893, 116
Trd, 4318424.693, 85
Trd, 4318425.143, 82
Trd, 4318425.243, 80
Trd, 4318426.143, 76
Trd, 4318426.593, 79
Trd, 4318426.893, 90
Trd, 4318427.743, 63
Trd, 4318429.143, 80
Trd, 4318429.443, 72
Trd, 4318430.043, 67
Trd, 4318430.543, 92
Trd, 4318431.293, 73
Trd, 4318432.393, 97
Trd, 4318432.893, 89
Trd, 4318433.643, 67
Trd, 4318434.243, 66
Trd, 4318434.843, 70
Trd, 4318435.043, 81
Trd, 4318435.693, 100
Trd, 4318436.493, 107
Trd, 4318436.843, 105
Trd, 4318437.393, 87
Trd, 4318438.993, 96
Trd, 4318439.993, 83
Trd, 4318440.143, 115
Trd, 4318440.243, 80
Trd, 4318440.693, 94
Trd, 4318441.843, 99
Trd, 4318442.643, 130
Trd, 4318442.743, 92
Trd, 4318443.693, 90
Trd, 4318443.793, 85
Trd, 4318444.593, 121
Trd, 4318444.793, 109
Trd, 4318445.893, 110
Trd, 4318448.993, 135
Trd, 4318449.243, 113
Trd, 4318449.543, 111
Trd, 4318450.843, 139
Trd, 4318451.643, 134
Trd, 4318451.743, 98
Trd, 4318452.043, 103
Trd, 4318453.393, 106
Trd, 4318453.893, 138
Trd, 4318453.993, 133
Trd, 4318454.593, 88
Trd, 4318454.693, 84
Trd, 4318455.043, 91
Trd, 4318456.443, 94
Trd, 4318456.543, 73
Trd, 4318457.943, 135
Trd, 4318458.043, 120
Trd, 4318458.893, 116
Trd, 4318459.643, 139
Trd, 4318459.893, 117
Trd, 4318460.143, 103
Trd, 4318461.793, 127
Trd, 4318462.043, 123
Trd, 4318462.093, 99
Trd, 4318462.743, 72
Trd, 4318463.243, 72
Trd, 4318464.843, 67
Trd, 4318465.243, 76
Trd, 4318465.443, 118
Trd, 4318468.093, 86
Trd, 4318468.543, 85
Trd, 4318468.743, 81
Trd, 4318469.093, 74
Trd, 4318469.943, 100
Trd, 4318470.843, 82
Trd, 4318471.893, 89
Trd, 4318472.293, 75
Trd, 4318473.093, 101
Trd, 4318473.493, 100
Trd, 4318474.693, 96
Trd, 4318474.993, 117
Trd, 4318475.093, 75
Trd, 4318476.993, 93
Trd, 4318477.243, 96
Trd, 4318477.743, 126
Trd, 4318478.043, 83
Trd, 4318479.193, 99
Trd, 4318480.393, 128
Trd, 4318481.393, 75
Trd, 4318481.693, 75
Trd, 4318482.043, 75
Trd, 4318482.393, 107
Trd, 4318483.793, 86
Trd, 4318485.143, 126
Trd, 4318485.293, 124
Trd, 4318485.943, 98
Trd, 4318486.743, 140
Trd, 4318487.343, 123
Trd, 4318487.643, 105
Trd, 4318487.993, 97
Trd, 4318488.093, 97
Trd, 4318488.993, 110
Trd, 4318489.793, 132
Trd, 4318490.493, 88
Trd, 4318490.943, 69
Trd, 4318491.543, 81
Trd, 4318491.743, 78
Trd, 4318492.093, 117
Trd, 4318492.543, 78
Trd, 4318493.493, 69
Trd, 4318495.543, 96
Trd, 4318496.093, 120
Trd, 4318496.393, 64
Trd, 4318496.993, 73
Trd, 4318497.593, 102
Trd, 4318498.343, 81
Trd, 4318498.393, 80
Trd, 4318499.093, 69
Trd, 4318499.643, 68
Trd, 4318499.743, 105
Trd, 4318501.293, 75
Trd, 4318502.343, 69
Trd, 4318502.443, 80
Trd, 4318503.093, 73
Trd, 4318503.193, 123
Trd, 4318505.143, 134
Trd, 4318505.993, 112
Trd, 4318506.343, 104
Trd, 4318506.943, 112
Trd, 4318507.243, 99
Trd, 4318507.693, 82
Trd, 4318507.793, 79
Trd, 4318508.943, 77
Trd, 4318509.343, 93
Trd, 4318512.093, 78
Trd, 4318513.393, 85
Trd, 4318513.543, 84
Trd, 4318513.843, 108
Trd, 4318514.093, 88
Trd, 4318514.193, 77
Trd, 4318516.093, 66
Trd, 4318517.193, 114
Trd, 4318518.393, 115
Trd, 4318518.993, 99
Trd, 4318519.293, 76
Trd, 4318520.443, 92
Trd, 4318520.743, 70
Trd, 4318521.193, 67
Trd, 4318521.493, 66
Trd, 4318522.643, 124
Trd, 4318523.193, 105
Trd, 4318523.593, 102
Trd, 4318524.143, 111
Trd, 4318524.293, 86
Trd, 4318524.743, 79
Trd, 4318525.143, 86
Trd, 4318525.243, 63
Trd, 4318526.393, 66
Trd, 4318527.043, 64
Trd, 4318527.493, 107
Trd, 4318528.193, 69
Trd, 4318528.493, 104
Trd, 4318529.043, 69
Trd, 4318530.193, 76
Trd, 4318530.493, 80
Trd, 4318531.193, 63
Trd, 4318531.493, 71
Trd, 4318532.843, 64
Trd, 4318533.693, 69
Trd, 4318534.943, 68
Trd, 4318535.493, 67
Trd, 4318536.443, 75
Trd, 4318537.343, 101
Trd, 4318537.593, 110
Trd, 4318537.843, 90
Trd, 4318537.893, 85
Trd, 4318538.193, 84
Trd, 4318538.893, 77
Trd, 4318539.143, 74
Trd, 4318540.193, 132
Trd, 4318541.143, 77
Trd, 4318542.243, 122
Trd, 4318545.043, 109
Trd, 4318545.843, 100
Trd, 4318545.893, 92
Trd, 4318546.043, 72
Trd, 4318547.343, 84
Trd, 4318547.843, 137
Trd, 4318548.643, 91
Trd, 4318549.193, 95
Trd, 4318549.593, 79
Trd, 4318550.243, 70
Trd, 4318551.143, 137
Trd, 4318551.343, 119
Trd, 4318552.093, 113
Trd, 4318552.943, 126
Trd, 4318553.243, 106
Trd, 4318553.793, 114
Trd, 4318554.793, 100
Trd, 4318555.543, 115
Trd, 4318555.893, 101
Trd, 4318556.543, 86
Trd, 4318556.893, 107
Trd, 4318558.193, 115
Trd, 4318558.793, 100
Trd, 4318559.543, 138
Trd, 4318559.793, 128
Trd, 4318559.893, 124
Trd, 4318560.493, 110
Trd, 4318560.843, 125
Trd, 4318560.893, 99
Trd, 4318562.243, 66
Trd, 4318563.493, 110
Trd, 4318564.743, 105
Trd, 4318565.643, 102
Trd, 4318566.093, 100
Trd, 4318566.343, 80
Trd, 4318566.443, 79
Trd, 4318567.243, 86
Trd, 4318569.093, 68
Trd, 4318570.393, 71
Trd, 4318570.543, 78
Trd, 4318570.843, 80
Trd, 4318571.093, 92
Trd, 4318571.543, 88
Trd, 4318571.643, 84
Trd, 4318571.993, 63
Trd, 4318573.593, 111
Trd, 4318574.643, 130
Trd, 4318574.893, 126
Trd, 4318575.593, 129
Trd, 4318575.793, 117
Trd, 4318575.893, 114
Trd, 4318577.043, 129
Trd, 4318577.393, 113
Trd, 4318577.743, 109
Trd, 4318579.543, 116
Trd, 4318580.793, 118
Trd, 4318581.343, 111
Trd, 4318581.393, 111
Trd, 4318582.343, 124
Trd, 4318582.393, 121
Trd, 4318583.943, 112
Trd, 4318584.793, 111
Trd, 4318585.443, 124
Trd, 4318585.643, 108
Trd, 4318585.743, 103
Trd, 4318586.993, 107
Trd, 4318587.393, 108
Trd, 4318587.993, 89
Trd, 4318588.743, 94
Trd, 4318589.493, 101
Trd, 4318589.543, 84
Trd, 4318590.793, 105
Trd, 4318591.693, 93
Trd, 4318592.093, 96
Trd, 4318593.793, 91
Trd, 4318594.643, 97
Trd, 4318594.843, 102
Trd, 4318594.993, 86
Trd, 4318596.043, 102
Trd, 4318596.293, 94
Trd, 4318596.493, 82
Trd, 4318598.243, 64
Trd, 4318598.643, 133
Trd, 4318599.843, 110
Trd, 4318600.243, 86
Trd, 4318600.893, 76
Trd, 4318601.093, 71
Trd, 4318601.443, 71
Trd, 4318602.193, 130
Trd, 4318602.693, 77
Trd, 4318602.993, 68
Trd, 4318604.193, 102
Trd, 4318604.843, 86
Trd, 4318605.343, 126
Trd, 4318606.043, 108
Trd, 4318606.143, 113
Trd, 4318607.993, 63
Trd, 4318609.393, 86
Trd, 4318610.443, 78
Trd, 4318610.593, 101
Trd, 4318611.393, 104
Trd, 4318612.293, 102
Trd, 4318612.543, 83
Trd, 4318614.293, 79
Trd, 4318615.043, 93
Trd, 4318615.393, 73
Trd, 4318615.443, 67
Trd, 4318616.843, 85
Trd, 4318617.193, 90
Trd, 4318618.693, 111
Trd, 4318618.993, 121
Trd, 4318619.493, 67
Trd, 4318620.343, 66
Trd, 4318621.793, 65
Trd, 4318622.693, 62
Trd, 4318622.993, 78
Trd, 4318623.193, 91
Trd, 4318624.143, 126
Trd, 4318625.543, 139
Trd, 4318625.593, 134
Trd, 4318625.993, 109
Trd, 4318626.493, 93
Trd, 4318626.843, 63
Trd, 4318627.343, 121
Trd, 4318628.443, 122
Trd, 4318628.643, 138
Trd, 4318629.293, 118
Trd, 4318629.843, 102
Trd, 4318630.293, 100
Trd, 4318631.243, 101
Trd, 4318631.543, 126
Trd, 4318632.543, 128
Trd, 4318633.243, 117
Trd, 4318633.643, 121
Trd, 4318634.993, 123
Trd, 4318635.793, 129
Trd, 4318635.893, 125
Trd, 4318636.593, 93
Trd, 4318637.743, 60
Trd, 4318638.593, 63
Trd, 4318639.143, 67
Trd, 4318640.493, 106
Trd, 4318641.143, 79
Trd, 4318641.543, 67
Trd, 4318642.393, 66
Trd, 4318642.543, 66
Trd, 4318644.143, 91
Trd, 4318644.343, 73
Trd, 4318644.843, 95
Trd, 4318644.993, 104
Trd, 4318646.243, 71
Trd, 4318646.693, 68
Trd, 4318647.743, 76
Trd, 4318648.693, 93
Trd, 4318649.043, 94
Trd, 4318649.893, 92
Trd, 4318650.693, 98
Trd, 4318651.243, 97
Trd, 4318652.243, 132
Trd, 4318652.293, 124
Trd, 4318652.393, 109
Trd, 4318653.193, 133
Trd, 4318653.693, 107
Trd, 4318654.943, 126
Trd, 4318655.043, 111
Trd, 4318655.243, 103
Trd, 4318655.443, 107
Trd, 4318655.543, 98
Trd, 4318656.643, 113
Trd, 4318657.243, 86
Trd, 4318659.193, 82
Trd, 4318659.843, 88
Trd, 4318660.493, 75
Trd, 4318660.793, 90
Trd, 4318660.993, 90
Trd, 4318661.243, 86
Trd, 4318661.393, 75
Trd, 4318662.493, 108
Trd, 4318663.743, 93
Trd, 4318663.943, 75
Trd, 4318664.943, 79
Trd, 4318666.193, 80
Trd, 4318666.493, 79
Trd, 4318667.793, 79
Trd, 4318667.843, 130
Trd, 4318668.043, 72
Trd, 4318669.643, 130
Trd, 4318670.343, 81
Trd, 4318672.443, 102
Trd, 4318672.543, 96
Trd, 4318672.843, 103
Trd, 4318673.243, 94
Trd, 4318673.493, 71
Trd, 4318673.693, 75
Trd, 4318673.993, 103
Trd, 4318674.193, 69
Trd, 4318675.743, 69
Trd, 4318677.143, 67
Trd, 4318678.243, 98
Trd, 4318678.743, 68
Trd, 4318678.893, 72
Trd, 4318679.243, 66
Trd, 4318679.443, 68
Trd, 4318679.793, 67
Trd, 4318680.343, 114
Trd, 4318680.693, 100
Trd, 4318681.793, 83
Trd, 4318682.243, 78
Trd, 4318682.593, 104
Trd, 4318683.093, 71
Trd, 4318683.543, 60
Trd, 4318683.843, 103
Trd, 4318684.893, 116
Trd, 4318684.943, 112
Trd, 4318685.143, 69
Trd, 4318686.543, 63
Trd, 4318687.993, 135
Trd, 4318688.493, 131
Trd, 4318688.693, 119
Trd, 4318688.993, 118
Trd, 4318689.293, 105
Trd, 4318689.643, 130
Trd, 4318690.593, 107
Trd, 4318692.493, 123
Trd, 4318692.693, 113
Trd, 4318692.893, 88
Trd, 4318692.943, 63
Trd, 4318694.243, 112
Trd, 4318694.793, 93
Trd, 4318695.893, 96
Trd, 4318696.293, 79
Trd, 4318696.443, 107
Trd, 4318697.343, 114
Trd, 4318698.243, 111
Trd, 4318698.293, 101
Trd, 4318700.993, 94
Trd, 4318701.093, 91
Trd, 4318701.343, 102
Trd, 4318702.543, 80
Trd, 4318702.593, 71
Trd, 4318703.543, 119
Trd, 4318703.943, 109
Trd, 4318704.193, 100
Trd, 4318706.393, 126
Trd, 4318706.543, 125
Trd, 4318706.793, 122
Trd, 4318707.893, 121
Trd, 4318708.193, 116
Trd, 4318708.793, 123
Trd, 4318709.193, 128
Trd, 4318709.943, 109
Trd, 4318710.193, 87
Trd, 4318710.243, 86
Trd, 4318711.643, 89
Trd, 4318712.593, 113
Trd, 4318713.193, 98
Trd, 4318713.393, 104
Trd, 4318714.643, 119
Trd, 4318715.143, 103
Trd, 4318715.943, 97
Trd, 4318716.343, 81
Trd, 4318716.593, 73
Trd, 4318717.443, 64
Trd, 4318717.893, 107
Trd, 4318719.393, 79
Trd, 4318719.743, 93
Trd, 4318720.693, 84
Trd, 4318721.893, 81
Trd, 4318722.043, 84
Trd, 4318722.143, 78
Trd, 4318722.243, 84
Trd, 4318723.493, 76
Trd, 4318723.593, 70
Trd, 4318724.643, 118
Trd, 4318725.443, 109
Trd, 4318725.493, 114
Trd, 4318726.893, 72
Trd, 4318726.993, 89
Trd, 4318727.193, 69
Trd, 4318727.693, 115
Trd, 4318728.343, 72
Trd, 4318729.043, 67
Trd, 4318729.193, 67
Trd, 4318730.643, 104
Trd, 4318731.043, 99
Trd, 4318731.693, 83
Trd, 4318732.143, 117
Trd, 4318732.393, 120
Trd, 4318734.343, 75
Trd, 4318735.043, 73
Trd, 4318735.243, 102
Trd, 4318736.343, 115
Trd, 4318736.443, 75
Trd, 4318736.943, 86
Trd, 4318738.043, 104
Trd, 4318738.143, 102
Trd, 4318738.693, 136
Trd, 4318739.893, 99
Trd, 4318739.993, 98
Trd, 4318740.593, 104
Trd, 4318740.893, 100
Trd, 4318741.693, 111
Trd, 4318741.843, 88
Trd, 4318742.493, 129
Trd, 4318745.293, 79
Trd, 4318745.443, 85
Trd, 4318745.793, 100
Trd, 4318746.393, 89
Trd, 4318746.593, 115
Trd, 4318746.943, 82
Trd, 4318747.843, 106
Trd, 4318748.093, 118
Trd, 4318748.643, 89
Trd, 4318749.443, 96
Trd, 4318749.843, 90
Trd, 4318750.493, 122
Trd, 4318752.143, 63
Trd, 4318752.943, 68
Trd, 4318754.343, 67
Trd, 4318754.743, 66
Trd, 4318756.543, 64
Trd, 4318756.893, 77
Trd, 4318757.193, 72
Trd, 4318757.743, 83
Trd, 4318758.293, 73
Trd, 4318758.693, 83
Trd, 4318759.193, 73
Trd, 4318759.943, 109
Trd, 4318760.343, 65
Trd, 4318760.593, 115
Trd, 4318761.543, 64
Trd, 4318762.043, 137
Trd, 4318763.993, 110
Trd, 4318764.493, 91
Trd, 4318764.693, 72
Trd, 4318765.093, 95
Trd, 4318765.243, 81
Trd, 4318766.193, 66
Trd, 4318767.443, 112
Trd, 4318767.543, 108
Trd, 4318767.893, 130
Trd, 4318768.693, 107
Trd, 4318769.793, 86
Trd, 4318770.243, 89
Trd, 4318770.493, 84
Trd, 4318770.643, 84
Trd, 4318771.443, 134
Trd, 4318772.293, 110
Trd, 4318772.493, 99
Trd, 4318773.443, 99
Trd, 4318773.943, 126
Trd, 4318774.493, 104
Trd, 4318776.143, 117
Trd, 4318776.293, 121
Trd, 4318776.943, 117
Trd, 4318777.143, 116
Trd, 4318777.393, 110
Trd, 4318778.343, 97
Trd, 4318779.243, 68
Trd, 4318779.343, 75
Trd, 4318779.443, 80
Trd, 4318781.193, 128
Trd, 4318781.593, 91
Trd, 4318782.193, 104
Trd, 4318782.293, 100
Trd, 4318783.793, 117
Trd, 4318783.993, 115
Trd, 4318784.193, 111
Trd, 4318784.393, 116
Trd, 4318785.093, 92
Trd, 4318786.043, 99
Trd, 4318786.393, 88
Trd, 4318788.143, 88
Trd, 4318788.293, 97
Trd, 4318789.243, 101
Trd, 4318789.343, 94
Trd, 4318790.043, 81
Trd, 4318791.093, 83
Trd, 4318792.243, 116
Trd, 4318792.893, 88
Trd, 4318793.543, 115
Trd, 4318794.293, 106
Trd, 4318794.843, 101
Trd, 4318796.293, 106
Trd, 4318796.493, 106
Trd, 4318796.643, 90
Trd, 4318798.243, 108
Trd, 4318798.893, 83
Trd, 4318800.543, 71
Trd, 4318800.793, 71
Trd, 4318800.843, 64
Trd, 4318800.893, 63
Trd, 4318801.643, 110
Trd, 4318802.043, 132
Trd, 4318802.943, 82
Trd, 4318803.493, 69
Trd, 4318804.293, 64
Trd, 4318805.093, 61
Trd, 4318805.543, 74
Trd, 4318806.543, 127
Trd, 4318808.343, 82
Trd, 4318808.843, 128
Trd, 4318809.143, 112
Trd, 4318810.743, 101
Trd, 4318811.343, 101
Trd, 4318812.143, 93
Trd, 4318812.643, 72
Trd, 4318813.293, 63
Trd, 4318813.793, 70
Trd, 4318813.943, 85
Trd, 4318814.143, 104
Trd, 4318815.443, 91
Trd, 4318816.043, 71
Trd, 4318816.693, 62
Trd, 4318816.943, 72
Trd, 4318817.793, 60
Trd, 4318817.943, 94
Trd, 4318818.893, 137
Trd, 4318819.193, 114
Trd, 4318819.793, 107
Trd, 4318823.043, 136
Trd, 4318823.393, 105
Trd, 4318823.743, 122
Trd, 4318823.943, 99
Trd, 4318824.593, 97
Trd, 4318825.393, 71
Trd, 4318825.793, 84
Trd, 4318825.943, 124
Trd, 4318826.243, 75
Trd, 4318827.593, 74
Trd, 4318827.843, 70
Trd, 4318829.293, 125
Trd, 4318829.443, 121
Trd, 4318829.493, 117
Trd, 4318830.643, 87
Trd, 4318832.493, 87
Trd, 4318832.693, 78
Trd, 4318832.743, 88
Trd, 4318833.543, 81
Trd, 4318834.243, 87
Trd, 4318834.643, 90
Trd, 4318835.443, 66
Trd, 4318836.093, 64
Trd, 4318836.143, 85
Trd, 4318838.093, 69
Trd, 4318838.843, 98
Trd, 4318839.043, 93
Trd, 4318839.293, 131
Trd, 4318839.493, 122
Trd, 4318840.693, 110
Trd, 4318840.743, 92
Trd, 4318842.293, 132
Trd, 4318842.743, 125
Trd, 4318842.893, 109
Trd, 4318844.643, 109
Trd, 4318845.943, 96
Trd, 4318846.043, 94
Trd, 4318846.593, 72
Trd, 4318846.793, 69
Trd, 4318846.993, 99
Trd, 4318847.943, 133
Trd, 4318849.543, 139
Trd, 4318849.643, 134
Trd, 4318851.193, 133
Trd, 4318851.493, 126
Trd, 4318852.193, 115
Trd, 4318852.893, 95
Trd, 4318853.443, 93
Trd, 4318853.743, 93
Trd, 4318854.243, 80
Trd, 4318854.843, 71
Trd, 4318856.293, 81
Trd, 4318856.393, 91
Trd, 4318857.543, 61
Trd, 4318858.393, 73
Trd, 4318859.293, 61
Trd, 4318859.443, 68
Trd, 4318859.843, 90
Trd, 4318861.243, 63
Trd, 4318861.743, 71
Trd, 4318861.893, 62
Trd, 4318863.893, 76
Trd, 4318864.143, 68
Trd, 4318865.343, 64
Trd, 4318865.693, 77
Trd, 4318866.443, 113
Trd, 4318866.943, 74
Trd, 4318867.993, 85
Trd, 4318868.443, 82
Trd, 4318868.693, 123
Trd, 4318869.543, 138
Trd, 4318870.093, 117
Trd, 4318871.843, 110
Trd, 4318872.493, 112
Trd, 4318873.143, 105
Trd, 4318873.343, 96
Trd, 4318874.243, 76
Trd, 4318874.943, 68
Trd, 4318876.993, 63
Trd, 4318877.193, 64
Trd, 4318877.693, 61
Trd, 4318878.643, 63
Trd, 4318879.793, 80
Trd, 4318879.843, 79
Trd, 4318880.293, 82
Trd, 4318880.993, 74
Trd, 4318881.193, 69
Trd, 4318882.393, 69
Trd, 4318882.493, 65
Trd, 4318883.493, 94
Trd, 4318884.993, 75
Trd, 4318885.193, 75
Trd, 4318885.793, 93
Trd, 4318886.093, 94
Trd, 4318886.343, 98
Trd, 4318887.343, 102
Trd, 4318887.543, 76
Trd, 4318888.993, 122
Trd, 4318889.043, 95
Trd, 4318889.893, 75
Trd, 4318890.243, 71
Trd, 4318890.893, 99
Trd, 4318892.193, 63
Trd, 4318892.343, 62
Trd, 4318893.043, 76
Trd, 4318893.943, 101
Trd, 4318894.443, 69
Trd, 4318895.393, 88
Trd, 4318896.993, 92
Trd, 4318897.293, 75
Trd, 4318897.993, 79
Trd, 4318898.393, 67
Trd, 4318899.643, 80
Trd, 4318899.693, 94
Trd, 4318901.093, 132
Trd, 4318901.393, 121
Trd, 4318901.593, 111
Trd, 4318901.843, 115
Trd, 4318902.193, 105
Trd, 4318902.543, 102
Trd, 4318902.793, 99
Trd, 4318903.393, 80
Trd, 4318904.043, 87
Trd, 4318904.493, 64
Trd, 4318906.043, 61
Trd, 4318907.943, 73
Trd, 4318908.193, 78
Trd, 4318909.593, 121
Trd, 4318909.743, 123
Trd, 4318909.843, 135
Trd, 4318909.943, 105
Trd, 4318911.793, 91
Trd, 4318912.743, 103
Trd, 4318912.943, 139
Trd, 4318913.493, 122
Trd, 4318913.793, 110
Trd, 4318915.493, 89
Trd, 4318915.643, 101
Trd, 4318916.343, 126
Trd, 4318916.443, 123
Trd, 4318916.793, 119
Trd, 4318916.843, 97
Trd, 4318919.593, 127
Trd, 4318920.043, 124
Trd, 4318920.943, 115
Trd, 4318921.293, 107
Trd, 4318921.643, 96
Trd, 4318921.993, 140
Trd, 4318922.243, 106
Trd, 4318923.793, 104
Trd, 4318924.143, 98
Trd, 4318924.643, 76
Trd, 4318926.993, 98
Trd, 4318927.493, 73
Trd, 4318927.693, 74
Trd, 4318927.743, 99
Trd, 4318928.643, 63
Trd, 4318928.893, 96
Trd, 4318929.293, 99
Trd, 4318929.893, 111
Trd, 4318931.443, 65
Trd, 4318932.143, 68
Trd, 4318932.593, 67
Trd, 4318933.093, 78
Trd, 4318934.043, 77
Trd, 4318934.843, 98
Trd, 4318935.543, 98
Trd, 4318936.243, 132
Trd, 4318936.443, 95
Trd, 4318936.693, 94
Trd, 4318937.643, 105
Trd, 4318939.093, 131
Trd, 4318939.243, 124
Trd, 4318939.743, 97
Trd, 4318940.143, 91
Trd, 4318941.593, 113
Trd, 4318942.593, 108
Trd, 4318942.943, 104
Trd, 4318943.393, 81
Trd, 4318944.093, 97
Trd, 4318945.093, 106
Trd, 4318945.243, 100
Trd, 4318945.443, 110
Trd, 4318945.543, 109
Trd, 4318946.743, 132
Trd, 4318948.243, 127
Trd, 4318948.593, 131
Trd, 4318949.093, 123
Trd, 4318949.143, 89
Trd, 4318949.843, 113
Trd, 4318950.293, 126
Trd, 4318951.043, 66
Trd, 4318952.193, 74
Trd, 4318952.893, 66
Trd, 4318953.793, 76
Trd, 4318954.493, 69
Trd, 4318955.293, 69
Trd, 4318956.043, 88
Trd, 4318956.093, 96
Trd, 4318957.943, 63
Trd, 4318958.743, 84
Trd, 4318958.893, 116
Trd, 4318959.493, 115
Trd, 4318959.893, 81
Trd, 4318960.093, 82
Trd, 4318960.293, 80
Trd, 4318960.593, 66
Trd, 4318962.993, 105
Trd, 4318963.693, 117
Trd, 4318963.793, 90
Trd, 4318964.143, 111
Trd, 4318964.693, 97
Trd, 4318965.493, 98
Trd, 4318965.843, 92
Trd, 4318967.043, 92
Trd, 4318968.143, 67
Trd, 4318969.243, 81
Trd, 4318969.543, 115
Trd, 4318969.793, 61
Trd, 4318972.343, 81
Trd, 4318972.693, 85
Trd, 4318974.593, 74
Trd, 4318974.943, 77
Trd, 4318974.993, 83
Trd, 4318975.243, 73
Trd, 4318976.243, 68
Trd, 4318976.393, 74
Trd, 4318978.043, 68
Trd, 4318978.093, 83
Trd, 4318978.543, 77
Trd, 4318978.893, 66
Trd, 4318979.743, 113
Trd, 4318979.943, 69
Trd, 4318980.443, 63
Trd, 4318980.643, 81
Trd, 4318981.693, 94
Trd, 4318982.793, 90
Trd, 4318984.143, 76
Trd, 4318984.643, 81
Trd, 4318985.043, 115
Trd, 4318985.693, 71
Trd, 4318986.593, 78
Trd, 4318987.343, 72
Trd, 4318988.343, 69
Trd, 4318988.943, 63
Trd, 4318990.093, 79
Trd, 4318990.143, 67
Trd, 4318990.993, 66
Trd, 4318991.093, 85
Trd, 4318991.893, 80
Trd, 4318992.243, 109
Trd, 4318993.243, 87
Trd, 4318994.143, 87
Trd, 4318994.293, 88
Trd, 4318994.443, 68
Trd, 4318994.893, 77
Trd, 4318995.693, 83
Trd, 4318997.393, 71
Trd, 4318997.993, 64
Trd, 4318998.093, 96
Trd, 4318999.243, 86
Trd, 4319000.443, 75
Trd, 4319000.643, 88
Trd, 4319001.693, 86
Trd, 4319001.993, 74
Trd, 4319002.943, 112
Trd, 4319004.143, 60
Trd, 4319004.343, 74
Trd, 4319004.943, 64
Trd, 4319006.043, 77
Trd, 4319006.493, 103
Trd, 4319006.793, 103
Trd, 4319006.943, 97
Trd, 4319007.443, 62
Trd, 4319008.893, 101
Trd, 4319009.843, 111
Trd, 4319010.043, 107
Trd, 4319010.793, 93
Trd, 4319012.243, 107
Trd, 4319012.493, 112
Trd, 4319012.593, 85
Trd, 4319012.993, 113
Trd, 4319013.193, 103
Trd, 4319014.543, 123
Trd, 4319014.643, 119
Trd, 4319015.843, 119
Trd, 4319016.843, 93
Trd, 4319017.143, 88
Trd, 4319017.443, 120
Trd, 4319017.543, 88
Trd, 4319018.693, 133
Trd, 4319020.193, 106
Trd, 4319020.243, 102
Trd, 4319020.643, 99
Trd, 4319020.993, 83
Trd, 4319021.693, 107
Trd, 4319022.043, 72
Trd, 4319022.993, 70
Trd, 4319024.093, 93
Trd, 4319024.643, 71
Trd, 4319025.193, 86
Trd, 4319025.643, 111
Trd, 4319026.493, 103
Trd, 4319027.493, 79
Trd, 4319027.693, 73
Trd, 4319028.593, 71
Trd, 4319028.893, 107
Trd, 4319028.943, 103
Trd, 4319030.243, 94
Trd, 4319030.443, 75
Trd, 4319030.793, 113
Trd, 4319031.293, 81
Trd, 4319032.993, 86
Trd, 4319033.393, 129
Trd, 4319033.543, 108
Trd, 4319035.443, 98
Trd, 4319035.593, 101
Trd, 4319035.693, 76
Trd, 4319036.693, 80
Trd, 4319037.593, 77
Trd, 4319037.793, 95
Trd, 4319038.243, 74
Trd, 4319039.193, 70
Trd, 4319040.693, 66
Trd, 4319040.843, 65
Trd, 4319041.343, 64
Trd, 4319041.643, 86
Trd, 4319041.893, 89
Trd, 4319042.793, 104
Trd, 4319044.793, 70
Trd, 4319045.443, 122
Trd, 4319046.043, 90
Trd, 4319046.543, 122
Trd, 4319046.743, 118
Trd, 4319047.843, 97
Trd, 4319047.893, 95
Trd, 4319048.893, 116
Trd, 4319048.943, 104
Trd, 4319049.443, 127
Trd, 4319050.193, 109
Trd, 4319050.343, 99
Trd, 4319050.743, 102
Trd, 4319051.543, 88
Trd, 4319052.093, 97
Trd, 4319053.193, 110
Trd, 4319053.643, 98
Trd, 4319055.043, 101
Trd, 4319055.293, 89
Trd, 4319056.893, 90
Trd, 4319058.293, 77
Trd, 4319059.393, 99
Trd, 4319059.643, 97
Trd, 4319059.893, 111
Trd, 4319059.943, 83
Trd, 4319060.193, 74
Trd, 4319061.093, 125
Trd, 4319061.843, 103
Trd, 4319062.593, 110
Trd, 4319063.893, 106
Trd, 4319064.643, 96
Trd, 4319064.943, 87
Trd, 4319066.343, 136
Trd, 4319066.743, 120
Trd, 4319066.893, 71
Trd, 4319067.243, 68
Trd, 4319068.393, 66
Trd, 4319068.693, 133
Trd, 4319069.243, 73
Trd, 4319069.893, 90
Trd, 4319070.493, 77
Trd, 4319071.193, 70
Trd, 4319071.343, 79
Trd, 4319072.593, 64
Trd, 4319072.893, 80
Trd, 4319073.543, 116
Trd, 4319073.843, 109
Trd, 4319073.943, 70
Trd, 4319075.193, 112
Trd, 4319075.643, 109
Trd, 4319076.043, 123
Trd, 4319076.093, 107
Trd, 4319076.243, 106
Trd, 4319077.143, 112
Trd, 4319078.693, 78
Trd, 4319079.143, 91
Trd, 4319079.593, 138
Trd, 4319080.593, 118
Trd, 4319082.193, 112
Trd, 4319082.493, 107
Trd, 4319082.843, 107
Trd, 4319083.443, 126
Trd, 4319084.143, 120
Trd, 4319084.843, 68
Trd, 4319086.093, 89
Trd, 4319087.443, 85
Trd, 4319087.593, 82
Trd, 4319087.993, 136
Trd, 4319088.343, 102
Trd, 4319088.893, 71
Trd, 4319089.843, 80
Trd, 4319091.143, 81
Trd, 4319092.243, 100
Trd, 4319092.393, 76
Trd, 4319092.893, 77
Trd, 4319093.743, 65
Trd, 4319093.943, 91
Trd, 4319094.443, 118
Trd, 4319095.143, 122
Trd, 4319095.593, 98
Trd, 4319096.193, 81
Trd, 4319097.893, 70
Trd, 4319098.293, 73
Trd, 4319098.343, 75
Trd, 4319098.943, 105
Trd, 4319099.293, 85
Trd, 4319099.643, 83
Trd, 4319101.743, 88
Trd, 4319103.393, 73
Trd, 4319104.293, 86
Trd, 4319104.443, 70
Trd, 4319106.343, 102
Trd, 4319106.443, 97
Trd, 4319107.693, 72
Trd, 4319107.793, 75
Trd, 4319108.393, 63
Trd, 4319108.493, 70
Trd, 4319109.443, 92
Trd, 4319110.543, 81
Trd, 4319112.093, 107
Trd, 4319112.443, 114
Trd, 4319112.493, 107
Trd, 4319112.893, 94
Trd, 4319113.443, 118
Trd, 4319113.493, 117
Trd, 4319114.193, 100
Trd, 4319115.593, 64
Trd, 4319117.143, 70
Trd, 4319117.193, 72
Trd, 4319117.543, 90
Trd, 4319117.643, 95
Trd, 4319118.693, 74
Trd, 4319118.893, 102
Trd, 4319119.943, 75
Trd, 4319121.243, 80
Trd, 4319121.743, 90
Trd, 4319121.793, 89
Trd, 4319121.843, 79
Trd, 4319123.493, 107
Trd, 4319124.643, 140
Trd, 4319124.943, 137
Trd, 4319125.493, 120
Trd, 4319126.693, 70
Trd, 4319126.893, 81
Trd, 4319127.643, 97
Trd, 4319128.493, 67
Trd, 4319128.693, 82
Trd, 4319129.993, 95
Trd, 4319130.043, 73
Trd, 4319131.743, 77
Trd, 4319132.243, 94
Trd, 4319132.793, 87
Trd, 4319134.243, 130
Trd, 4319134.693, 123
Trd, 4319135.043, 92
Trd, 4319135.393, 132
Trd, 4319135.643, 79
Trd, 4319137.543, 102
Trd, 4319138.343, 100
Trd, 4319139.543, 135
Trd, 4319139.593, 131
Trd, 4319140.093, 124
Trd, 4319140.293, 122
Trd, 4319141.493, 116
Trd, 4319141.893, 96
Trd, 4319142.043, 109
Trd, 4319142.393, 95
Trd, 4319142.693, 81
Trd, 4319143.343, 79
Trd, 4319144.143, 69
Trd, 4319145.743, 109
Trd, 4319146.543, 79
Trd, 4319146.793, 125
Trd, 4319146.893, 83
Trd, 4319147.943, 104
Trd, 4319148.543, 69
Trd, 4319148.843, 82
Trd, 4319149.293, 103
Trd, 4319149.893, 70
Trd, 4319150.993, 61
Trd, 4319152.293, 83
Trd, 4319152.443, 98
Trd, 4319152.943, 90
Trd, 4319153.793, 115
Trd, 4319153.993, 93
Trd, 4319154.493, 108
Trd, 4319154.693, 127
Trd, 4319156.493, 68
Trd, 4319157.693, 76
Trd, 4319158.693, 80
Trd, 4319159.443, 67
Trd, 4319160.493, 71
Trd, 4319160.793, 119
Trd, 4319162.493, 95
Trd, 4319162.993, 70
Trd, 4319163.743, 68
Trd, 4319163.993, 74
Trd, 4319165.393, 105
Trd, 4319165.793, 72
Trd, 4319166.743, 84
Trd, 4319167.093, 79
Trd, 4319168.443, 66
Trd, 4319168.793, 64
Trd, 4319168.993, 69
Trd, 4319169.593, 64
Trd, 4319169.893, 67
Trd, 4319170.893, 62
Trd, 4319171.743, 63
Trd, 4319172.293, 71
Trd, 4319172.593, 102
Trd, 4319173.643, 67
Trd, 4319173.843, 87
Trd, 4319174.093, 70
Trd, 4319174.543, 75
Trd, 4319175.293, 66
Trd, 4319175.593, 66
Trd, 4319175.943, 69
Trd, 4319177.243, 110
Trd, 4319179.193, 83
Trd, 4319179.493, 84
Trd, 4319179.893, 94
Trd, 4319180.343, 122
Trd, 4319181.493, 65
Trd, 4319181.793, 83
Trd, 4319182.493, 108
Trd, 4319183.493, 74
Trd, 4319184.543, 70
Trd, 4319184.793, 69
Trd, 4319185.393, 72
Trd, 4319185.893, 75
Trd, 4319186.093, 68
Trd, 4319186.643, 61
Trd, 4319187.693, 125
Trd, 4319189.193, 87
Trd, 4319189.943, 83
Trd, 4319190.093, 92
Trd, 4319190.143, 69
Trd, 4319191.843, 88
Trd, 4319191.893, 86
Trd, 4319192.293, 65
Trd, 4319192.543, 92
Trd, 4319192.893, 97
Trd, 4319195.193, 84
Trd, 4319196.343, 92
Trd, 4319197.493, 123
Trd, 4319197.743, 104
Trd, 4319197.993, 96
Trd, 4319198.793, 77
Trd, 4319199.293, 83
Trd, 4319199.643, 120
Trd, 4319201.243, 131
Trd, 4319202.343, 127
Trd, 4319202.743, 124
Trd, 4319202.943, 118
Trd, 4319204.093, 112
Trd, 4319204.193, 97
Trd, 4319204.393, 95
Trd, 4319205.643, 93
Trd, 4319206.543, 129
Trd, 4319207.243, 138
Trd, 4319207.693, 107
Trd, 4319208.393, 99
Trd, 4319208.743, 101
Trd, 4319209.693, 96
Trd, 4319210.043, 112
Trd, 4319212.143, 69
Trd, 4319212.393, 86
Trd, 4319213.443, 128
Trd, 4319213.493, 120
Trd, 4319213.543, 108
Trd, 4319213.693, 82
Trd, 4319216.143, 105
Trd, 4319216.293, 102
Trd, 4319216.443, 74
Trd, 4319217.243, 77
Trd, 4319217.793, 138
Trd, 4319218.993, 84
Trd, 4319219.893, 76
Trd, 4319220.743, 76
Trd, 4319220.993, 74
Trd, 4319221.043, 94
Trd, 4319221.893, 85
Trd, 4319222.143, 73
Trd, 4319223.593, 64
Trd, 4319224.743, 71
Trd, 4319224.993, 93
Trd, 4319225.643, 139
Trd, 4319226.343, 113
Trd, 4319227.093, 132
Trd, 4319227.193, 102
Trd, 4319227.493, 93
Trd, 4319227.793, 88
Trd, 4319227.843, 99
Trd, 4319228.693, 65
Trd, 4319230.393, 77
Trd, 4319231.043, 66
Trd, 4319231.243, 77
Trd, 4319231.893, 87
Trd, 4319232.243, 71
Trd, 4319232.443, 71
Trd, 4319233.943, 112
Trd, 4319234.593, 131
Trd, 4319234.843, 117
Trd, 4319235.543, 112
Trd, 4319235.893, 108
Trd, 4319236.643, 112
Trd, 4319237.643, 105
Trd, 4319238.393, 134
Trd, 4319238.793, 119
Trd, 4319238.943, 112
Trd, 4319239.693, 140
Trd, 4319239.993, 133
Trd, 4319240.043, 103
Trd, 4319241.943, 108
Trd, 4319241.993, 100
Trd, 4319243.143, 133
Trd, 4319243.343, 83
Trd, 4319243.893, 106
Trd, 4319244.243, 81
Trd, 4319244.943, 94
Trd, 4319245.593, 81
Trd, 4319246.143, 72
Trd, 4319246.243, 71
Trd, 4319248.543, 60
Trd, 4319248.793, 65
Trd, 4319248.993, 65
Trd, 4319249.993, 68
Trd, 4319250.593, 83
Trd, 4319251.293, 79
Trd, 4319251.893, 72
Trd, 4319252.043, 75
Trd, 4319252.243, 78
Trd, 4319253.593, 72
Trd, 4319253.793, 90
Trd, 4319253.993, 98
Trd, 4319254.843, 69
Trd, 4319255.843, 100
Trd, 4319256.293, 97
Trd, 4319256.793, 105
Trd, 4319257.293, 87
Trd, 4319257.893, 85
Trd, 4319259.193, 72
Trd, 4319259.543, 88
Trd, 4319260.343, 70
Trd, 4319260.693, 87
Trd, 4319263.293, 114
Trd, 4319263.943, 82
Trd, 4319263.993, 102
Trd, 4319264.393, 74
Trd, 4319264.493, 86
Trd, 4319266.743, 83
Trd, 4319267.693, 120
Trd, 4319268.593, 79
Trd, 4319269.443, 87
Trd, 4319269.543, 88
Trd, 4319269.643, 109
Trd, 4319270.993, 94
Trd, 4319271.443, 89
Trd, 4319272.293, 109
Trd, 4319272.543, 106
Trd, 4319272.693, 106
Trd, 4319272.943, 86
Trd, 4319275.043, 115
Trd, 4319275.343, 117
Trd, 4319275.893, 101
Trd, 4319276.693, 99
Trd, 4319277.243, 135
Trd, 4319278.493, 102
Trd, 4319279.093, 71
Trd, 4319279.493, 66
Trd, 4319280.843, 72
Trd, 4319281.443, 97
Trd, 4319281.593, 95
Trd, 4319282.843, 78
Trd, 4319283.393, 86
Trd, 4319285.643, 80
Trd, 4319285.943, 79
Trd, 4319286.343, 83
Trd, 4319286.643, 122
Trd, 4319287.743, 76
Trd, 4319288.193, 69
Trd, 4319288.643, 89
Trd, 4319289.443, 92
Trd, 4319289.493, 88
Trd, 4319291.193, 119
Trd, 4319291.543, 97
Trd, 4319292.143, 104
Trd, 4319292.343, 87
Trd, 4319292.493, 82
Trd, 4319293.343, 100
Trd, 4319293.393, 88
Trd, 4319294.193, 73
Trd, 4319295.343, 84
Trd, 4319296.693, 62
Trd, 4319297.593, 63
Trd, 4319298.093, 95
Trd, 4319298.593, 130
Trd, 4319298.793, 94
Trd, 4319298.943, 91
Trd, 4319299.193, 84
Trd, 4319300.393, 97
Trd, 4319300.543, 93
Trd, 4319301.093, 87
Trd, 4319303.443, 67
Trd, 4319303.993, 89
Trd, 4319304.393, 81
Trd, 4319304.643, 79
Trd, 4319304.843, 115
Trd, 4319305.493, 107
Trd, 4319305.643, 94
Trd, 4319307.093, 70
Trd, 4319307.443, 83
Trd, 4319308.093, 79
Trd, 4319308.993, 115
Trd, 4319310.243, 87
Trd, 4319310.443, 71
Trd, 4319311.443, 68
Trd, 4319311.943, 98
Trd, 4319313.043, 70
Trd, 4319314.443, 80
Trd, 4319314.743, 82
Trd, 4319314.893, 87
Trd, 4319315.743, 91
Trd, 4319316.393, 83
Trd, 4319317.093, 78
Trd, 4319317.393, 68
Trd, 4319318.143, 69
Trd, 4319319.393, 67
Trd, 4319320.443, 112
Trd, 4319321.443, 97
Trd, 4319321.543, 67
Trd, 4319322.793, 122
Trd, 4319323.993, 98
Trd, 4319324.093, 90
Trd, 4319324.693, 76
Trd, 4319325.843, 83
Trd, 4319326.493, 93
Trd, 4319327.093, 80
Trd, 4319328.193, 79
Trd, 4319328.793, 104
Trd, 4319329.793, 100
Trd, 4319329.893, 89
Trd, 4319331.143, 125
Trd, 4319331.193, 108
Trd, 4319331.443, 139
Trd, 4319332.893, 66
Trd, 4319334.993, 100
Trd, 4319335.993, 84
Trd, 4319336.693, 88
Trd, 4319336.943, 84
Trd, 4319337.043, 82
Trd, 4319337.493, 91
Trd, 4319337.993, 93
Trd, 4319338.193, 117
Trd, 4319338.243, 80
Trd, 4319338.443, 92
Trd, 4319339.043, 109
Trd, 4319341.243, 121
Trd, 4319341.393, 112
Trd, 4319342.593, 115
Trd, 4319342.743, 111
Trd, 4319342.993, 95
Trd, 4319344.743, 137
Trd, 4319345.193, 112
Trd, 4319346.343, 115
Trd, 4319347.043, 115
Trd, 4319347.093, 108
Trd, 4319347.643, 94
Trd, 4319348.293, 80
Trd, 4319348.893, 83
Trd, 4319349.343, 65
Trd, 4319350.993, 61
Trd, 4319351.343, 73
Trd, 4319351.843, 133
Trd, 4319353.043, 109
Trd, 4319353.143, 106
Trd, 4319353.643, 102
Trd, 4319353.843, 98
Trd, 4319354.443, 91
Trd, 4319355.093, 75
Trd, 4319355.493, 115
Trd, 4319355.893, 81
Trd, 4319357.293, 67
Trd, 4319357.443, 63
Trd, 4319357.793, 73
Trd, 4319358.043, 91
Trd, 4319360.543, 140
Trd, 4319361.443, 130
Trd, 4319361.543, 116
Trd, 4319361.743, 105
Trd, 4319362.143, 116
Trd, 4319362.193, 97
Trd, 4319363.343, 88
Trd, 4319363.843, 100
Trd, 4319364.043, 70
Trd, 4319365.693, 96
Trd, 4319367.493, 89
Trd, 4319367.593, 88
Trd, 4319368.443, 107
Trd, 4319368.793, 105
Trd, 4319368.993, 105
Trd, 4319369.043, 89
Trd, 4319369.893, 137
Trd, 4319370.993, 123
Trd, 4319371.143, 117
Trd, 4319372.093, 81
Trd, 4319372.693, 111
Trd, 4319373.793, 134
Trd, 4319375.243, 116
Trd, 4319375.343, 93
Trd, 4319375.693, 91
Trd, 4319376.843, 64
Trd, 4319377.043, 79
Trd, 4319377.693, 70
Trd, 4319378.743, 107
Trd, 4319379.743, 66
Trd, 4319379.943, 87
Trd, 4319380.643, 91
Trd, 4319381.043, 123
Trd, 4319382.393, 106
Trd, 4319382.943, 98
Trd, 4319383.093, 95
Trd, 4319383.543, 80
Trd, 4319383.643, 80
Trd, 4319384.443, 109
Trd, 4319384.843, 72
Trd, 4319385.243, 116
Trd, 4319385.993, 70
Trd, 4319386.443, 71
Trd, 4319387.893, 86
Trd, 4319388.143, 71
Trd, 4319389.443, 63
Trd, 4319389.743, 104
Trd, 4319389.993, 99
Trd, 4319390.143, 93
Trd, 4319391.543, 79
Trd, 4319392.243, 82
Trd, 4319392.793, 71
Trd, 4319393.893, 71
Trd, 4319394.443, 105
Trd, 4319394.843, 110
Trd, 4319395.093, 106
Trd, 4319395.343, 102
Trd, 4319395.793, 131
Trd, 4319396.993, 111
Trd, 4319397.693, 108
Trd, 4319398.793, 87
Trd, 4319399.443, 67
Trd, 4319399.693, 63
Trd, 4319400.843, 64
Trd, 4319401.243, 106
Trd, 4319401.993, 82
Trd, 4319403.243, 64
Trd, 4319404.043, 72
Trd, 4319404.393, 73
Trd, 4319405.043, 82
Trd, 4319406.393, 88
Trd, 4319406.593, 75
Trd, 4319406.793, 74
Trd, 4319407.993, 74
Trd, 4319408.193, 72
Trd, 4319409.243, 93
Trd, 4319410.043, 75
Trd, 4319410.243, 85
Trd, 4319412.043, 92
Trd, 4319412.293, 106
Trd, 4319412.793, 134
Trd, 4319413.793, 102
Trd, 4319414.343, 102
Trd, 4319414.393, 99
Trd, 4319414.643, 91
Trd, 4319415.193, 101
Trd, 4319415.893, 139
Trd, 4319418.093, 71
Trd, 4319418.943, 117
Trd, 4319419.293, 118
Trd, 4319420.293, 104
Trd, 4319420.493, 86
Trd, 4319420.943, 83
Trd, 4319421.643, 104
Trd, 4319422.093, 103
Trd, 4319422.493, 105
Trd, 4319423.093, 90
Trd, 4319423.493, 79
Trd, 4319424.193, 89
Trd, 4319424.493, 73
Trd, 4319426.143, 103
Trd, 4319426.843, 96
Trd, 4319427.093, 85
Trd, 4319427.343, 120
Trd, 4319427.693, 86
Trd, 4319428.193, 91
Trd, 4319428.493, 77
Trd, 4319430.143, 80
Trd, 4319430.943, 72
Trd, 4319431.643, 68
Trd, 4319432.243, 85
Trd, 4319432.643, 83
Trd, 4319433.643, 65
Trd, 4319433.943, 71
Trd, 4319434.293, 74
Trd, 4319434.493, 67
Trd, 4319435.843, 70
Trd, 4319436.193, 98
Trd, 4319436.893, 111
Trd, 4319437.293, 99
Trd, 4319438.743, 66
Trd, 4319439.043, 67
Trd, 4319439.743, 78
Trd, 4319440.043, 66
Trd, 4319440.943, 61
Trd, 4319441.393, 66
Trd, 4319442.693, 118
Trd, 4319443.143, 65
Trd, 4319443.843, 120
Trd, 4319445.143, 79
Trd, 4319446.843, 73
Trd, 4319447.093, 72
Trd, 4319447.143, 83
Trd, 4319448.343, 75
Trd, 4319448.593, 87
Trd, 4319448.743, 84
Trd, 4319448.793, 89
Trd, 4319448.893, 75
Trd, 4319450.293, 68
Trd, 4319450.643, 78
Trd, 4319451.043, 75
Trd, 4319451.593, 91
Trd, 4319453.493, 72
Trd, 4319454.143, 91
Trd, 4319454.543, 88
Trd, 4319454.743, 79
Trd, 4319455.943, 99
Trd, 4319458.593, 121
Trd, 4319458.943, 133
Trd, 4319459.093, 117
Trd, 4319459.393, 114
Trd, 4319459.643, 112
Trd, 4319460.293, 106
Trd, 4319461.193, 60
Trd, 4319461.843, 68
Trd, 4319462.043, 70
Trd, 4319462.593, 66
Trd, 4319464.143, 108
Trd, 4319464.343, 73
Trd, 4319464.593, 65
Trd, 4319465.543, 94
Trd, 4319465.843, 121
Trd, 4319466.893, 75
Trd, 4319467.393, 139
Trd, 4319468.293, 119
Trd, 4319468.543, 120
Trd, 4319468.993, 99
Trd, 4319470.093, 82
Trd, 4319470.193, 64
Trd, 4319470.793, 99
Trd, 4319471.393, 104
Trd, 4319471.893, 89
Trd, 4319474.393, 83
Trd, 4319474.543, 88
Trd, 4319474.593, 75
Trd, 4319475.143, 88
Trd, 4319475.543, 82
Trd, 4319476.193, 73
Trd, 4319476.293, 70
Trd, 4319476.743, 66
Trd, 4319477.093, 81
Trd, 4319478.293, 77
Trd, 4319479.043, 76
Trd, 4319479.643, 90
Trd, 4319479.943, 61
Trd, 4319481.943, 75
Trd, 4319482.043, 71
Trd, 4319482.493, 83
Trd, 4319483.143, 121
Trd, 4319483.343, 87
Trd, 4319483.793, 81
Trd, 4319484.043, 80
Trd, 4319484.293, 66
Trd, 4319487.143, 119
Trd, 4319487.393, 96
Trd, 4319487.593, 87
Trd, 4319488.343, 84
Trd, 4319488.543, 90
Trd, 4319490.043, 85
Trd, 4319490.543, 84
Trd, 4319490.643, 114
Trd, 4319491.093, 69
Trd, 4319491.843, 99
Trd, 4319492.043, 114
Trd, 4319493.943, 63
Trd, 4319494.193, 70
Trd, 4319494.743, 86
Trd, 4319495.193, 83
Trd, 4319496.293, 76
Trd, 4319498.893, 79
Trd, 4319499.293, 68
Trd, 4319499.493, 95
Trd, 4319499.843, 92
Trd, 4319500.243, 68
Trd, 4319500.893, 67
Trd, 4319500.943, 107
Trd, 4319501.543, 65
Trd, 4319503.093, 67
Trd, 4319503.693, 62
Trd, 4319504.143, 106
Trd, 4319504.993, 60
Trd, 4319506.693, 66
Trd, 4319507.143, 62
Trd, 4319508.093, 69
Trd, 4319508.393, 91
Trd, 4319508.543, 118
Trd, 4319509.243, 97
Trd, 4319509.593, 104
Trd, 4319510.793, 99
Trd, 4319510.993, 114
Trd, 4319511.293, 102
Trd, 4319511.343, 98
Trd, 4319515.043, 138
Trd, 4319515.143, 133
Trd, 4319515.243, 119
Trd, 4319515.343, 113
Trd, 4319515.543, 134
Trd, 4319516.693, 75
Trd, 4319517.393, 103
Trd, 4319517.643, 113
Trd, 4319518.693, 93
Trd, 4319518.793, 70
Trd, 4319519.793, 72
Trd, 4319519.893, 104
Trd, 4319520.993, 71
Trd, 4319522.743, 86
Trd, 4319522.793, 88
Trd, 4319522.943, 84
Trd, 4319523.393, 74
Trd, 4319524.293, 94
Trd, 4319525.343, 81
Trd, 4319525.843, 121
Trd, 4319526.493, 114
Trd, 4319526.993, 96
Trd, 4319528.393, 77
Trd, 4319529.543, 105
Trd, 4319530.043, 96
Trd, 4319531.193, 128
Trd, 4319531.243, 109
Trd, 4319531.443, 98
Trd, 4319531.843, 94
Trd, 4319532.193, 126
Trd, 4319532.993, 80
Trd, 4319534.343, 94
Trd, 4319535.493, 66
Trd, 4319535.943, 69
Trd, 4319536.043, 62
Trd, 4319536.893, 137
Trd, 4319536.943, 95
Trd, 4319537.293, 87
Trd, 4319537.843, 76
Trd, 4319539.443, 69
Trd, 4319540.693, 73
Trd, 4319541.193, 84
Trd, 4319541.643, 95
Trd, 4319541.693, 91
Trd, 4319542.243, 76
Trd, 4319543.393, 79
Trd, 4319543.843, 71
Trd, 4319544.093, 120
Trd, 4319544.393, 83
Trd, 4319545.193, 78
Trd, 4319546.093, 105
Trd, 4319546.593, 105
Trd, 4319546.793, 97
Trd, 4319547.093, 100
Trd, 4319548.593, 114
Trd, 4319549.193, 133
Trd, 4319549.393, 108
Trd, 4319550.193, 66
Trd, 4319551.393, 82
Trd, 4319551.593, 75
Trd, 4319552.293, 90
Trd, 4319553.943, 68
Trd, 4319554.143, 67
Trd, 4319554.893, 76
Trd, 4319555.893, 76
Trd, 4319556.243, 71
Trd, 4319556.843, 137
Trd, 4319558.843, 134
Trd, 4319558.993, 108
Trd, 4319559.993, 108
Trd, 4319560.193, 104
Trd, 4319560.243, 91
Trd, 4319561.193, 76
Trd, 4319562.343, 78
Trd, 4319562.543, 112
Trd, 4319562.993, 69
Trd, 4319564.443, 67
Trd, 4319564.543, 82
Trd, 4319565.643, 94
Trd, 4319566.693, 137
Trd, 4319566.843, 133
Trd, 4319566.943, 132
Trd, 4319568.093, 110
Trd, 4319568.493, 106
Trd, 4319569.093, 135
Trd, 4319569.643, 102
Trd, 4319570.643, 104
Trd, 4319570.893, 115
Trd, 4319571.193, 110
Trd, 4319571.293, 98
Trd, 4319571.843, 133
Trd, 4319572.693, 104
Trd, 4319574.293, 103
Trd, 4319574.343, 105
Trd, 4319574.693, 87
Trd, 4319575.743, 75
Trd, 4319576.893, 90
Trd, 4319577.443, 125
Trd, 4319577.843, 123
Trd, 4319578.843, 91
Trd, 4319579.243, 86
Trd, 4319579.993, 136
Trd, 4319580.443, 131
Trd, 4319581.443, 119
Trd, 4319581.993, 117
Trd, 4319582.693, 110
Trd, 4319583.093, 94
Trd, 4319584.943, 79
Trd, 4319585.643, 108
Trd, 4319586.693, 74
Trd, 4319586.793, 91
Trd, 4319587.393, 72
Trd, 4319588.193, 77
Trd, 4319588.443, 93
Trd, 4319589.743, 98
Trd, 4319590.743, 103
Trd, 4319590.943, 91
Trd, 4319591.493, 90
Trd, 4319591.943, 95
Trd, 4319592.793, 91
Trd, 4319592.843, 89
Trd, 4319593.043, 82
Trd, 4319594.643, 86
Trd, 4319594.993, 77
Trd, 4319596.893, 100
Trd, 4319597.093, 99
Trd, 4319597.443, 99
Trd, 4319598.643, 126
Trd, 4319599.143, 125
Trd, 4319599.343, 105
Trd, 4319599.743, 131
Trd, 4319600.043, 122
Trd, 4319600.243, 136
Trd, 4319600.543, 114
Trd, 4319600.893, 110
Trd, 4319601.643, 115
Trd, 4319602.193, 99
Trd, 4319602.543, 93
Trd, 4319603.793, 111
Trd, 4319604.093, 85
Trd, 4319604.493, 81
Trd, 4319605.393, 110
Trd, 4319605.993, 72
Trd, 4319606.393, 64
Trd, 4319606.593, 115
Trd, 4319606.793, 115
Trd, 4319609.243, 91
Trd, 4319610.543, 98
Trd, 4319611.643, 117
Trd, 4319612.143, 78
Trd, 4319612.993, 69
Trd, 4319613.193, 74
Trd, 4319613.343, 85
Trd, 4319613.743, 80
Trd, 4319613.793, 71
Trd, 4319614.343, 126
Trd, 4319615.493, 81
Trd, 4319615.693, 79
Trd, 4319616.393, 61
Trd, 4319617.843, 64
Trd, 4319618.743, 91
Trd, 4319619.543, 108
Trd, 4319619.693, 124
Trd, 4319620.593, 100
Trd, 4319622.043, 85
Trd, 4319623.443, 67
Trd, 4319623.793, 66
Trd, 4319624.043, 61
Trd, 4319624.393, 70
Trd, 4319624.993, 90
Trd, 4319625.343, 90
Trd, 4319625.793, 130
Trd, 4319628.043, 87
Trd, 4319628.093, 84
Trd, 4319628.193, 84
Trd, 4319628.343, 100
Trd, 4319628.943, 63
Trd, 4319629.193, 110
Trd, 4319629.893, 70
Trd, 4319630.143, 140
Trd, 4319630.343, 105
Trd, 4319632.043, 72
Trd, 4319632.493, 70
Trd, 4319633.143, 77
Trd, 4319633.793, 83
Trd, 4319635.093, 75
Trd, 4319635.243, 92
Trd, 4319636.893, 67
Trd, 4319637.443, 66
Trd, 4319637.543, 67
Trd, 4319638.593, 74
Trd, 4319638.643, 94
Trd, 4319638.943, 104
Trd, 4319639.743, 77
Trd, 4319641.543, 70
Trd, 4319642.743, 60
Trd, 4319643.093, 65
Trd, 4319643.943, 73
Trd, 4319645.443, 67
Trd, 4319645.493, 80
Trd, 4319645.943, 74
Trd, 4319646.743, 86
Trd, 4319647.243, 79
Trd, 4319647.493, 64
Trd, 4319647.843, 104
Trd, 4319649.343, 80
Trd, 4319650.243, 98
Trd, 4319650.593, 123
Trd, 4319650.943, 84
Trd, 4319651.693, 135
Trd, 4319652.843, 119
Trd, 4319653.943, 114
Trd, 4319654.193, 108
Trd, 4319654.843, 110
Trd, 4319655.843, 100
Trd, 4319657.043, 81
Trd, 4319657.143, 70
Trd, 4319657.743, 107
Trd, 4319658.443, 91
Trd, 4319659.193, 123
Trd, 4319659.693, 101
Trd, 4319659.743, 97
Trd, 4319660.193, 69
Trd, 4319662.293, 86
Trd, 4319662.493, 97
Trd, 4319664.243, 82
Trd, 4319664.343, 90
Trd, 4319664.543, 80
Trd, 4319665.193, 79
Trd, 4319665.393, 91
Trd, 4319666.193, 64
Trd, 4319667.093, 140
Trd, 4319667.193, 134
Trd, 4319667.243, 130
Trd, 4319669.043, 120
Trd, 4319669.093, 115
Trd, 4319671.443, 84
Trd, 4319671.543, 82
Trd, 4319673.043, 118
Trd, 4319673.493, 122
Trd, 4319673.643, 108
Trd, 4319673.693, 104
Trd, 4319674.193, 130
Trd, 4319674.843, 83
Trd, 4319675.493, 134
Trd, 4319676.393, 136
Trd, 4319676.493, 116
Trd, 4319676.593, 112
Trd, 4319677.393, 86
Trd, 4319677.593, 85
Trd, 4319678.893, 131
Trd, 4319679.893, 108
Trd, 4319681.043, 107
Trd, 4319681.243, 93
Trd, 4319682.793, 96
Trd, 4319683.393, 112
Trd, 4319683.893, 88
Trd, 4319684.393, 93
Trd, 4319685.043, 97
Trd, 4319685.293, 87
Trd, 4319686.393, 75
Trd, 4319686.643, 69
Trd, 4319687.143, 66
Trd, 4319687.543, 69
Trd, 4319690.393, 83
Trd, 4319690.493, 90
Trd, 4319691.143, 134
Trd, 4319691.343, 65
Trd, 4319691.643, 116
Trd, 4319691.843, 112
Trd, 4319692.493, 122
Trd, 4319693.843, 65
Trd, 4319695.643, 67
Trd, 4319697.043, 108
Trd, 4319697.843, 87
Trd, 4319699.393, 69
Trd, 4319699.543, 69
Trd, 4319700.193, 60
Trd, 4319701.293, 85
Trd, 4319701.343, 102
Trd, 4319702.343, 62
Trd, 4319702.943, 92
Trd, 4319703.093, 110
Trd, 4319703.743, 82
Trd, 4319703.993, 119
Trd, 4319704.943, 83
Trd, 4319704.993, 62
Trd, 4319706.043, 67
Trd, 4319706.393, 72
Trd, 4319707.143, 72
Trd, 4319708.343, 75
Trd, 4319708.943, 74
Trd, 4319710.143, 106
Trd, 4319710.343, 103
Trd, 4319710.893, 110
Trd, 4319712.543, 92
Trd, 4319713.043, 90
Trd, 4319713.243, 84
Trd, 4319714.693, 115
Trd, 4319715.243, 91
Trd, 4319715.743, 85
Trd, 4319716.193, 100
Trd, 4319716.393, 97
Trd, 4319718.043, 73
Trd, 4319718.243, 67
Trd, 4319719.043, 67
Trd, 4319719.293, 94
Trd, 4319719.493, 114
Trd, 4319721.243, 94
Trd, 4319721.693, 97
Trd, 4319722.043, 88
Trd, 4319722.543, 74
Trd, 4319722.593, 71
Trd, 4319723.043, 134
Trd, 4319724.493, 80
Trd, 4319725.293, 110
Trd, 4319725.893, 95
Trd, 4319725.943, 83
Trd, 4319726.093, 104
Trd, 4319727.043, 120
Trd, 4319728.293, 134
Trd, 4319728.393, 112
Trd, 4319730.043, 131
Trd, 4319730.643, 79
Trd, 4319730.793, 79
Trd, 4319732.243, 114
Trd, 4319732.443, 111
Trd, 4319732.643, 103
Trd, 4319733.593, 94
Trd, 4319733.643, 91
Trd, 4319733.693, 87
Trd, 4319735.193, 92
Trd, 4319735.843, 79
Trd, 4319735.943, 68
Trd, 4319737.693, 139
Trd, 4319737.743, 122
Trd, 4319739.043, 78
Trd, 4319739.193, 76
Trd, 4319739.843, 116
Trd, 4319740.143, 124
Trd, 4319741.343, 67
Trd, 4319742.893, 92
Trd, 4319743.243, 92
Trd, 4319743.543, 108
Trd, 4319743.643, 89
Trd, 4319744.393, 132
Trd, 4319745.343, 118
Trd, 4319745.593, 110
Trd, 4319745.643, 95
Trd, 4319746.693, 129
Trd, 4319747.193, 103
Trd, 4319748.243, 61
Trd, 4319750.343, 63
Trd, 4319750.843, 76
Trd, 4319751.293, 69
Trd, 4319751.543, 91
Trd, 4319752.293, 69
Trd, 4319752.693, 77
Trd, 4319753.443, 116
Trd, 4319753.543, 110
Trd, 4319753.643, 86
Trd, 4319754.443, 130
Trd, 4319755.593, 81
Trd, 4319756.343, 83
Trd, 4319756.793, 87
Trd, 4319758.193, 101
Trd, 4319759.193, 105
Trd, 4319759.593, 96
Trd, 4319759.693, 90
Trd, 4319760.343, 86
Trd, 4319760.993, 94
Trd, 4319761.143, 83
Trd, 4319763.243, 119
Trd, 4319763.793, 108
Trd, 4319763.893, 82
Trd, 4319764.243, 114
Trd, 4319765.693, 110
Trd, 4319765.893, 105
Trd, 4319766.243, 94
Trd, 4319767.693, 61
Trd, 4319768.693, 80
Trd, 4319769.793, 95
Trd, 4319770.243, 76
Trd, 4319770.293, 100
Trd, 4319770.343, 75
Trd, 4319770.493, 105
Trd, 4319772.443, 85
Trd, 4319773.643, 108
Trd, 4319775.143, 102
Trd, 4319775.243, 93
Trd, 4319775.543, 87
Trd, 4319776.943, 115
Trd, 4319777.093, 65
Trd, 4319778.093, 120
Trd, 4319778.143, 104
Trd, 4319778.843, 116
Trd, 4319779.393, 102
Trd, 4319780.043, 129
Trd, 4319780.343, 124
Trd, 4319780.493, 104
Trd, 4319781.843, 136
Trd, 4319782.043, 138
Trd, 4319782.943, 126
Trd, 4319783.443, 88
Trd, 4319784.043, 101
Trd, 4319784.993, 136
Trd, 4319785.093, 111
Trd, 4319786.093, 94
Trd, 4319788.243, 91
Trd, 4319788.993, 98
Trd, 4319789.443, 85
Trd, 4319790.043, 118
Trd, 4319790.743, 82
Trd, 4319791.193, 108
Trd, 4319792.293, 105
Trd, 4319792.543, 90
Trd, 4319793.743, 81
Trd, 4319793.943, 92
Trd, 4319794.093, 103
Trd, 4319794.743, 84
Trd, 4319796.143, 109
Trd, 4319796.393, 93
Trd, 4319797.193, 103
Trd, 4319797.293, 88
Trd, 4319798.593, 113
Trd, 4319798.993, 85
Trd, 4319799.743, 102
Trd, 4319800.793, 106
Trd, 4319801.493, 121
Trd, 4319801.843, 117
Trd, 4319802.293, 114
Trd, 4319802.343, 111
Trd, 4319803.493, 91
Trd, 4319804.143, 103
Trd, 4319805.443, 80
Trd, 4319805.793, 87
Trd, 4319805.943, 67
Trd, 4319806.143, 75
Trd, 4319806.293, 100
Trd, 4319808.343, 105
Trd, 4319808.543, 122
Trd, 4319808.893, 105
Trd, 4319811.093, 69
Trd, 4319811.293, 67
Trd, 4319812.293, 73
Trd, 4319812.943, 81
Trd, 4319813.743, 91
Trd, 4319813.943, 101
Trd, 4319814.543, 114
Trd, 4319815.293, 117
Trd, 4319816.443, 95
Trd, 4319817.193, 96
Trd, 4319817.393, 99
Trd, 4319817.693, 101
Trd, 4319818.093, 116
Trd, 4319818.293, 75
Trd, 4319818.743, 78
Trd, 4319819.193, 101
Trd, 4319819.543, 87
Trd, 4319819.643, 79
Trd, 4319820.043, 100
Trd, 4319820.693, 63
Trd, 4319823.143, 106
Trd, 4319823.243, 104
Trd, 4319824.343, 105
Trd, 4319824.893, 94
Trd, 4319825.593, 78
Trd, 4319826.043, 63
Trd, 4319827.643, 61
Trd, 4319829.593, 69
Trd, 4319829.843, 67
Trd, 4319830.243, 63
Trd, 4319831.093, 82
Trd, 4319831.593, 60
Trd, 4319832.393, 83
Trd, 4319832.443, 80
Trd, 4319833.393, 81
Trd, 4319833.543, 80
Trd, 4319834.043, 70
Trd, 4319835.743, 81
Trd, 4319835.893, 81
Trd, 4319835.993, 87
Trd, 4319836.843, 121
Trd, 4319838.293, 83
Trd, 4319838.843, 129
Trd, 4319839.543, 124
Trd, 4319839.793, 118
Trd, 4319839.993, 100
Trd, 4319841.043, 68
Trd, 4319841.743, 91
Trd, 4319842.793, 98
Trd, 4319843.093, 80
Trd, 4319843.693, 79
Trd, 4319843.943, 77
Trd, 4319844.893, 77
Trd, 4319845.343, 80
Trd, 4319846.093, 74
Trd, 4319846.443, 70
Trd, 4319846.643, 81
Trd, 4319847.543, 72
Trd, 4319849.993, 91
Trd, 4319850.443, 70
Trd, 4319850.843, 78
Trd, 4319851.543, 71
Trd, 4319851.893, 114
Trd, 4319853.843, 62
Trd, 4319854.193, 71
Trd, 4319854.493, 81
Trd, 4319855.393, 76
Trd, 4319856.043, 79
Trd, 4319856.493, 81
Trd, 4319857.143, 110
Trd, 4319857.193, 101
Trd, 4319857.693, 118
Trd, 4319858.793, 79
Trd, 4319859.243, 78
Trd, 4319859.543, 97
Trd, 4319860.293, 79
Trd, 4319861.043, 115
Trd, 4319861.743, 91
Trd, 4319862.393, 85
Trd, 4319862.793, 110
Trd, 4319863.693, 135
Trd, 4319863.743, 110
Trd, 4319864.193, 85
Trd, 4319865.643, 99
Trd, 4319866.093, 72
Trd, 4319866.993, 84
Trd, 4319867.793, 94
Trd, 4319867.843, 84
Trd, 4319868.043, 96
Trd, 4319870.343, 71
Trd, 4319870.843, 65
Trd, 4319871.193, 67
Trd, 4319871.443, 74
Trd, 4319872.143, 69
Trd, 4319873.393, 82
Trd, 4319874.193, 89
Trd, 4319874.593, 90
Trd, 4319875.643, 106
Trd, 4319875.743, 104
Trd, 4319876.243, 136
Trd, 4319876.493, 103
Trd, 4319877.243, 118
Trd, 4319877.693, 134
Trd, 4319878.043, 107
Trd, 4319878.543, 83
Trd, 4319880.293, 92
Trd, 4319880.393, 84
Trd, 4319880.843, 96
Trd, 4319881.143, 109
Trd, 4319882.643, 131
Trd, 4319882.843, 110
Trd, 4319882.993, 96
Trd, 4319883.793, 91
Trd, 4319884.643, 100
Trd, 4319885.193, 110
Trd, 4319886.043, 91
Trd, 4319886.393, 78
Trd, 4319887.443, 86
Trd, 4319888.643, 100
Trd, 4319888.843, 86
Trd, 4319889.393, 92
Trd, 4319890.243, 88
Trd, 4319890.893, 75
Trd, 4319891.693, 82
Trd, 4319892.043, 81
Trd, 4319892.943, 120
Trd, 4319893.643, 107
Trd, 4319894.243, 108
Trd, 4319895.843, 84
Trd, 4319897.093, 108
Trd, 4319897.193, 65
Trd, 4319897.443, 111
Trd, 4319897.843, 92
Trd, 4319898.293, 72
Trd, 4319898.943, 134
Trd, 4319899.693, 130
Trd, 4319900.793, 100
Trd, 4319900.943, 81
Trd, 4319901.143, 107
Trd, 4319901.543, 92
Trd, 4319903.143, 104
Trd, 4319903.843, 99
Trd, 4319904.743, 87
Trd, 4319905.643, 86
Trd, 4319905.843, 71
Trd, 4319906.793, 61
Trd, 4319907.193, 82
Trd, 4319907.743, 134
Trd, 4319907.993, 105
Trd, 4319908.943, 80
Trd, 4319910.043, 60
Trd, 4319910.193, 83
Trd, 4319910.993, 118
Trd, 4319911.443, 68
Trd, 4319912.043, 96
Trd, 4319912.193, 68
Trd, 4319913.493, 71
Trd, 4319914.043, 84
Trd, 4319915.393, 66
Trd, 4319915.593, 127
Trd, 4319916.993, 98
Trd, 4319917.143, 121
Trd, 4319918.043, 68
Trd, 4319918.693, 68
Trd, 4319919.493, 75
Trd, 4319919.793, 62
Trd, 4319920.193, 71
Trd, 4319921.243, 106
Trd, 4319921.593, 115
Trd, 4319921.793, 80
Trd, 4319922.843, 75
Trd, 4319923.843, 84
Trd, 4319924.043, 94
Trd, 4319925.443, 84
Trd, 4319926.543, 112
Trd, 4319926.793, 108
Trd, 4319927.593, 111
Trd, 4319927.943, 133
Trd, 4319928.543, 80
Trd, 4319930.293, 79
Trd, 4319930.543, 68
Trd, 4319930.943, 99
Trd, 4319931.343, 89
Trd, 4319932.043, 92
Trd, 4319932.493, 109
Trd, 4319932.993, 91
Trd, 4319933.393, 82
Trd, 4319934.393, 85
Trd, 4319934.643, 87
Trd, 4319934.843, 104
Trd, 4319937.043, 135
Trd, 4319937.293, 101
Trd, 4319937.993, 83
Trd, 4319938.243, 79
Trd, 4319939.743, 85
Trd, 4319939.843, 104
Trd, 4319940.243, 89
Trd, 4319940.443, 83
Trd, 4319941.843, 81
Trd, 4319942.443, 116
Trd, 4319942.943, 75
Trd, 4319943.443, 74
Trd, 4319943.993, 73
Trd, 4319945.443, 114
Trd, 4319945.743, 86
Trd, 4319945.893, 84
Trd, 4319946.143, 79
Trd, 4319946.243, 74
Trd, 4319947.443, 117
Trd, 4319948.243, 66
Trd, 4319948.743, 61
Trd, 4319948.893, 103
Trd, 4319950.193, 80
Trd, 4319950.343, 117
Trd, 4319950.743, 96
Trd, 4319951.843, 112
Trd, 4319952.893, 82
Trd, 4319954.293, 88
Trd, 4319954.693, 104
Trd, 4319955.193, 80
Trd, 4319955.793, 75
Trd, 4319956.043, 103
Trd, 4319957.243, 99
Trd, 4319957.993, 129
Trd, 4319958.793, 118
Trd, 4319959.943, 127
Trd, 4319959.993, 117
Trd, 4319961.093, 112
Trd, 4319962.393, 81
Trd, 4319962.593, 87
Trd, 4319962.743, 81
Trd, 4319963.043, 82
Trd, 4319963.743, 97
Trd, 4319963.893, 78
Trd, 4319963.993, 115
Trd, 4319965.243, 68
Trd, 4319966.543, 106
Trd, 4319967.393, 109
Trd, 4319968.143, 79
Trd, 4319968.393, 99
Trd, 4319968.543, 111
Trd, 4319969.243, 101
Trd, 4319969.843, 79
Trd, 4319970.343, 88
Trd, 4319971.043, 72
Trd, 4319971.293, 102
Trd, 4319971.893, 74
Trd, 4319973.093, 106
Trd, 4319975.093, 70
Trd, 4319975.343, 72
Trd, 4319975.993, 71
Trd, 4319976.993, 89
Trd, 4319977.343, 114
Trd, 4319977.743, 114
Trd, 4319978.743, 96
Trd, 4319978.943, 117
Trd, 4319979.543, 103
Trd, 4319980.343, 71
Trd, 4319981.243, 70
Trd, 4319981.293, 85
Trd, 4319982.493, 109
Trd, 4319982.843, 131
Trd, 4319985.043, 138
Trd, 4319985.393, 102
Trd, 4319985.693, 138
Trd, 4319986.093, 91
Trd, 4319986.543, 90
Trd, 4319987.343, 103
Trd, 4319987.593, 98
Trd, 4319987.743, 81
Trd, 4319987.793, 74
Trd, 4319988.993, 91
Trd, 4319989.243, 104
Trd, 4319989.493, 93
Trd, 4319990.643, 81
Trd, 4319991.393, 96
Trd, 4319991.493, 90
Trd, 4319991.543, 115
Trd, 4319991.993, 80
Trd, 4319993.443, 127
Trd, 4319994.343, 67
Trd, 4319995.243, 87
Trd, 4319995.593, 84
Trd, 4319996.143, 76
Trd, 4319996.743, 95
Trd, 4319996.793, 79
Trd, 4319998.593, 129
Trd, 4319999.343, 122
