Trd, 4318132.543, 66
Trd, 4318133.543, 92
Trd, 4318134.993, 104
Trd, 4318135.743, 140
Trd, 4318135.943, 74
Trd, 4318137.643, 68
Trd, 4318137.893, 96
Trd, 4318138.093, 67
Trd, 4318139.093, 63
Trd, 4318140.143, 100
Trd, 4318140.993, 71
Trd, 4318141.543, 72
Trd, 4318141.643, 67
Trd, 4318143.693, 140
Trd, 4318143.993, 140
Trd, 4318144.343, 138
Trd, 4318144.543, 100
Trd, 4318144.893, 100
Trd, 4318145.543, 109
Trd, 4318145.593, 100
Trd, 4318147.093, 70
Trd, 4318147.343, 68
Trd, 4318148.243, 80
Trd, 4318149.643, 138
Trd, 4318150.493, 140
Trd, 4318151.243, 139
Trd, 4318151.743, 102
Trd, 4318152.093, 72
Trd, 4318152.443, 77
Trd, 4318154.293, 98
Trd, 4318155.343, 106
Trd, 4318155.443, 132
Trd, 4318155.543, 63
Trd, 4318155.593, 61
Trd, 4318157.043, 119
Trd, 4318157.743, 85
Trd, 4318158.043, 83
Trd, 4318158.843, 70
Trd, 4318159.943, 140
Trd, 4318160.493, 140
Trd, 4318161.193, 140
Trd, 4318161.343, 131
Trd, 4318161.693, 116
Trd, 4318164.043, 140
Trd, 4318164.443, 121
Trd, 4318164.643, 120
Trd, 4318167.343, 140
Trd, 4318167.843, 113
Trd, 4318168.043, 110
Trd, 4318169.593, 140
Trd, 4318169.943, 122
Trd, 4318169.993, 108
Trd, 4318170.343, 106
Trd, 4318171.393, 105
Trd, 4318172.843, 140
Trd, 4318173.693, 140
Trd, 4318175.093, 140
Trd, 4318175.343, 138
Trd, 4318175.593, 140
Trd, 4318175.693, 112
Trd, 4318176.593, 134
Trd, 4318176.893, 114
Trd, 4318177.093, 111
Trd, 4318178.543, 89
Trd, 4318179.143, 61
Trd, 4318179.243, 62
Trd, 4318180.743, 61
Trd, 4318181.493, 67
Trd, 4318181.943, 140
Trd, 4318182.193, 140
Trd, 4318182.293, 140
Trd, 4318184.293, 98
Trd, 4318184.543, 103
Trd, 4318186.043, 116
Trd, 4318186.393, 86
Trd, 4318186.843, 63
Trd, 4318187.143, 61
Trd, 4318187.393, 66
Trd, 4318188.543, 60
Trd, 4318189.593, 122
Trd, 4318190.243, 139
Trd, 4318192.243, 119
Trd, 4318192.743, 105
Trd, 4318192.993, 100
Trd, 4318193.243, 93
Trd, 4318193.343, 79
Trd, 4318194.643, 120
Trd, 4318195.143, 69
Trd, 4318196.793, 140
Trd, 4318196.893, 139
Trd, 4318197.593, 105
Trd, 4318198.693, 138
Trd, 4318199.643, 122
Trd, 4318199.843, 116
Trd, 4318200.193, 96
Trd, 4318200.893, 121
Trd, 4318200.993, 107
Trd, 4318201.593, 88
Trd, 4318202.593, 136
Trd, 4318203.943, 140
Trd, 4318205.093, 140
Trd, 4318205.743, 79
Trd, 4318206.243, 66
Trd, 4318206.593, 115
Trd, 4318206.843, 65
Trd, 4318208.193, 140
Trd, 4318208.693, 138
Trd, 4318209.193, 87
Trd, 4318209.493, 60
Trd, 4318211.343, 125
Trd, 4318211.893, 124
Trd, 4318212.193, 123
Trd, 4318212.543, 106
Trd, 4318213.543, 72
Trd, 4318214.043, 71
Trd, 4318214.743, 140
Trd, 4318215.593, 140
Trd, 4318216.093, 139
Trd, 4318216.743, 140
Trd, 4318217.543, 96
Trd, 4318219.893, 140
Trd, 4318220.143, 140
Trd, 4318220.193, 139
Trd, 4318222.643, 101
Trd, 4318223.393, 93
Trd, 4318223.493, 92
Trd, 4318225.043, 140
Trd, 4318225.643, 83
Trd, 4318226.643, 95
Trd, 4318226.943, 97
Trd, 4318227.243, 80
Trd, 4318228.443, 140
Trd, 4318228.943, 130
Trd, 4318229.443, 139
Trd, 4318231.493, 117
Trd, 4318231.743, 116
Trd, 4318231.993, 95
Trd, 4318232.143, 94
Trd, 4318233.343, 82
Trd, 4318234.093, 68
Trd, 4318234.393, 75
Trd, 4318234.593, 140
Trd, 4318235.293, 60
Trd, 4318236.793, 64
Trd, 4318237.143, 62
Trd, 4318239.343, 140
Trd, 4318239.443, 140
Trd, 4318239.893, 139
Trd, 4318240.343, 125
Trd, 4318240.493, 124
Trd, 4318240.643, 114
Trd, 4318241.993, 103
Trd, 4318242.143, 87
Trd, 4318243.593, 107
Trd, 4318243.643, 106
Trd, 4318245.893, 136
Trd, 4318246.043, 117
Trd, 4318246.543, 108
Trd, 4318247.143, 139
Trd, 4318247.843, 118
Trd, 4318248.993, 140
Trd, 4318249.993, 140
Trd, 4318250.193, 113
Trd, 4318251.343, 103
Trd, 4318251.893, 126
Trd, 4318251.993, 83
Trd, 4318252.693, 66
Trd, 4318253.843, 138
Trd, 4318253.943, 107
Trd, 4318254.143, 116
Trd, 4318254.543, 99
Trd, 4318254.993, 126
Trd, 4318257.193, 140
Trd, 4318257.743, 140
Trd, 4318257.793, 140
Trd, 4318257.893, 121
Trd, 4318258.993, 92
Trd, 4318259.043, 98
Trd, 4318259.993, 66
Trd, 4318260.593, 63
Trd, 4318260.893, 110
Trd, 4318261.993, 65
Trd, 4318263.093, 140
Trd, 4318263.993, 105
Trd, 4318264.643, 104
Trd, 4318264.843, 85
Trd, 4318266.093, 126
Trd, 4318267.493, 140
Trd, 4318268.143, 124
Trd, 4318268.493, 134
Trd, 4318268.593, 116
Trd, 4318269.293, 66
Trd, 4318269.493, 83
Trd, 4318270.493, 102
Trd, 4318271.493, 140
Trd, 4318271.593, 127
Trd, 4318271.743, 103
Trd, 4318275.193, 60
Trd, 4318275.243, 62
Trd, 4318275.443, 64
Trd, 4318275.543, 85
Trd, 4318276.143, 61
Trd, 4318277.793, 60
Trd, 4318278.443, 108
Trd, 4318278.743, 63
Trd, 4318278.893, 64
Trd, 4318280.193, 62
Trd, 4318280.993, 136
Trd, 4318281.293, 129
Trd, 4318281.493, 103
Trd, 4318282.543, 63
Trd, 4318284.943, 140
Trd, 4318285.093, 140
Trd, 4318285.743, 140
Trd, 4318286.643, 140
Trd, 4318286.793, 115
Trd, 4318287.493, 129
Trd, 4318288.093, 77
Trd, 4318288.793, 140
Trd, 4318289.343, 102
Trd, 4318289.743, 101
Trd, 4318290.093, 138
Trd, 4318292.543, 125
Trd, 4318293.043, 134
Trd, 4318293.543, 123
Trd, 4318294.243, 140
Trd, 4318294.843, 140
Trd, 4318295.193, 112
Trd, 4318296.143, 93
Trd, 4318298.093, 131
Trd, 4318298.543, 120
Trd, 4318298.793, 140
Trd, 4318299.643, 137
Trd, 4318299.993, 127
Trd, 4318300.093, 126
Trd, 4318301.793, 83
Trd, 4318302.293, 139
Trd, 4318302.443, 85
Trd, 4318302.993, 79
Trd, 4318303.143, 78
Trd, 4318304.043, 80
Trd, 4318305.043, 140
Trd, 4318306.043, 140
Trd, 4318307.043, 110
Trd, 4318307.093, 102
Trd, 4318308.293, 138
Trd, 4318308.493, 110
Trd, 4318308.643, 68
Trd, 4318309.593, 128
Trd, 4318310.193, 87
Trd, 4318310.393, 85
Trd, 4318311.443, 60
Trd, 4318313.243, 61
Trd, 4318314.843, 61
Trd, 4318314.893, 63
Trd, 4318315.543, 60
Trd, 4318316.043, 60
Trd, 4318316.243, 71
Trd, 4318316.543, 140
Trd, 4318318.393, 118
Trd, 4318318.843, 76
Trd, 4318319.193, 66
Trd, 4318319.793, 62
Trd, 4318321.343, 101
Trd, 4318321.743, 139
Trd, 4318322.093, 96
Trd, 4318323.343, 114
Trd, 4318324.493, 97
Trd, 4318324.693, 116
Trd, 4318324.893, 95
Trd, 4318325.243, 62
Trd, 4318326.043, 115
Trd, 4318326.843, 138
Trd, 4318328.393, 139
Trd, 4318328.693, 139
Trd, 4318329.093, 103
Trd, 4318330.143, 139
Trd, 4318331.043, 120
Trd, 4318331.143, 118
Trd, 4318331.193, 117
Trd, 4318333.943, 139
Trd, 4318334.393, 135
Trd, 4318335.293, 114
Trd, 4318335.543, 106
Trd, 4318335.843, 88
Trd, 4318336.693, 140
Trd, 4318338.343, 86
Trd, 4318339.693, 133
Trd, 4318339.893, 110
Trd, 4318340.143, 79
Trd, 4318341.393, 140
Trd, 4318341.993, 75
Trd, 4318342.693, 75
Trd, 4318343.043, 73
Trd, 4318343.593, 121
Trd, 4318344.093, 135
Trd, 4318344.393, 108
Trd, 4318344.943, 73
Trd, 4318346.393, 140
Trd, 4318346.593, 67
Trd, 4318347.793, 106
Trd, 4318347.993, 94
Trd, 4318348.493, 93
Trd, 4318349.043, 139
Trd, 4318349.743, 92
Trd, 4318350.143, 74
Trd, 4318350.743, 63
Trd, 4318351.443, 119
Trd, 4318352.293, 140
Trd, 4318352.943, 70
Trd, 4318353.593, 77
Trd, 4318354.043, 99
Trd, 4318355.893, 110
Trd, 4318356.193, 135
Trd, 4318356.693, 87
Trd, 4318357.843, 138
Trd, 4318358.093, 85
Trd, 4318358.443, 61
Trd, 4318359.543, 67
Trd, 4318359.743, 67
Trd, 4318360.093, 72
Trd, 4318361.443, 112
Trd, 4318361.743, 72
Trd, 4318362.893, 140
Trd, 4318363.393, 140
Trd, 4318363.793, 140
Trd, 4318365.143, 140
Trd, 4318365.743, 117
Trd, 4318366.193, 91
Trd, 4318366.943, 123
Trd, 4318367.493, 122
Trd, 4318367.793, 69
Trd, 4318368.043, 124
Trd, 4318368.343, 139
Trd, 4318368.843, 138
Trd, 4318369.093, 116
Trd, 4318370.593, 79
Trd, 4318370.643, 78
Trd, 4318372.243, 62
Trd, 4318372.643, 133
Trd, 4318373.093, 108
Trd, 4318374.493, 61
Trd, 4318375.293, 69
Trd, 4318375.643, 62
Trd, 4318376.593, 61
Trd, 4318378.493, 74
Trd, 4318378.993, 81
Trd, 4318380.293, 66
Trd, 4318380.643, 68
Trd, 4318380.843, 73
Trd, 4318381.143, 65
Trd, 4318381.543, 60
Trd, 4318382.143, 73
Trd, 4318383.543, 64
Trd, 4318384.343, 60
Trd, 4318385.393, 61
Trd, 4318385.543, 62
Trd, 4318386.093, 86
Trd, 4318386.843, 103
Trd, 4318387.343, 64
Trd, 4318387.643, 85
Trd, 4318389.093, 140
Trd, 4318389.493, 114
Trd, 4318391.043, 137
Trd, 4318391.343, 121
Trd, 4318392.043, 62
Trd, 4318393.343, 135
Trd, 4318393.943, 129
Trd, 4318394.043, 128
Trd, 4318394.293, 109
Trd, 4318394.843, 86
Trd, 4318395.193, 133
Trd, 4318396.893, 116
Trd, 4318397.793, 140
Trd, 4318398.593, 94
Trd, 4318398.893, 81
Trd, 4318398.993, 71
Trd, 4318399.793, 60
Trd, 4318400.193, 69
Trd, 4318400.893, 69
Trd, 4318401.843, 60
Trd, 4318403.093, 62
Trd, 4318403.943, 139
Trd, 4318404.243, 97
Trd, 4318404.993, 140
Trd, 4318405.493, 98
Trd, 4318405.693, 140
Trd, 4318405.893, 79
Trd, 4318408.093, 75
Trd, 4318408.143, 114
Trd, 4318408.693, 79
Trd, 4318408.743, 74
Trd, 4318409.493, 122
Trd, 4318409.543, 118
Trd, 4318410.443, 75
Trd, 4318411.043, 75
Trd, 4318413.743, 138
Trd, 4318414.143, 140
Trd, 4318414.243, 140
Trd, 4318415.543, 137
Trd, 4318415.593, 135
Trd, 4318415.643, 133
Trd, 4318416.543, 108
Trd, 4318417.143, 104
Trd, 4318418.943, 65
Trd, 4318419.793, 75
Trd, 4318420.143, 139
Trd, 4318420.293, 75
Trd, 4318421.593, 95
Trd, 4318422.893, 112
Trd, 4318423.493, 94
Trd, 4318423.843, 91
Trd, 4318425.143, 140
Trd, 4318425.293, 140
Trd, 4318425.643, 140
Trd, 4318425.743, 121
Trd, 4318427.743, 140
Trd, 4318427.993, 140
Trd, 4318428.593, 122
Trd, 4318429.743, 89
Trd, 4318430.643, 65
Trd, 4318431.043, 92
Trd, 4318431.643, 85
Trd, 4318431.893, 75
Trd, 4318432.443, 69
Trd, 4318432.943, 136
Trd, 4318433.143, 93
Trd, 4318435.043, 72
Trd, 4318435.293, 63
Trd, 4318436.343, 60
Trd, 4318436.393, 64
Trd, 4318438.043, 61
Trd, 4318438.943, 60
Trd, 4318440.343, 139
Trd, 4318441.343, 140
Trd, 4318442.093, 140
Trd, 4318442.543, 139
Trd, 4318442.643, 109
Trd, 4318443.243, 76
Trd, 4318443.693, 79
Trd, 4318444.343, 118
Trd, 4318444.943, 78
Trd, 4318445.893, 60
Trd, 4318446.243, 68
Trd, 4318446.943, 60
Trd, 4318447.143, 60
Trd, 4318447.293, 68
Trd, 4318448.143, 109
Trd, 4318448.993, 140
Trd, 4318449.143, 140
Trd, 4318450.093, 140
Trd, 4318450.343, 139
Trd, 4318451.093, 107
Trd, 4318451.543, 133
Trd, 4318452.643, 123
Trd, 4318452.793, 122
Trd, 4318453.143, 97
Trd, 4318453.593, 139
Trd, 4318453.743, 113
Trd, 4318456.343, 135
Trd, 4318456.543, 134
Trd, 4318456.993, 115
Trd, 4318457.143, 115
Trd, 4318459.043, 131
Trd, 4318459.493, 138
Trd, 4318459.843, 90
Trd, 4318460.343, 60
Trd, 4318460.793, 140
Trd, 4318462.793, 94
Trd, 4318464.643, 140
Trd, 4318464.943, 140
Trd, 4318465.393, 113
Trd, 4318465.693, 139
Trd, 4318465.843, 98
Trd, 4318467.043, 104
Trd, 4318467.593, 104
Trd, 4318468.843, 139
Trd, 4318469.293, 99
Trd, 4318470.193, 60
Trd, 4318471.343, 76
Trd, 4318472.143, 94
Trd, 4318472.493, 98
Trd, 4318472.693, 140
Trd, 4318472.743, 94
Trd, 4318473.843, 64
Trd, 4318473.943, 70
Trd, 4318475.643, 114
Trd, 4318475.943, 113
Trd, 4318477.693, 105
Trd, 4318478.893, 139
Trd, 4318479.493, 140
Trd, 4318479.793, 113
Trd, 4318479.893, 103
Trd, 4318479.993, 102
Trd, 4318480.943, 137
Trd, 4318482.393, 112
Trd, 4318482.593, 98
Trd, 4318483.243, 88
Trd, 4318483.743, 120
Trd, 4318484.093, 112
Trd, 4318484.293, 106
Trd, 4318484.493, 140
Trd, 4318484.693, 90
Trd, 4318486.343, 140
Trd, 4318486.743, 140
Trd, 4318487.193, 136
Trd, 4318487.443, 85
Trd, 4318489.893, 112
Trd, 4318490.143, 86
Trd, 4318490.293, 125
Trd, 4318490.893, 84
Trd, 4318491.993, 90
Trd, 4318492.293, 140
Trd, 4318492.643, 91
Trd, 4318494.243, 124
Trd, 4318494.993, 110
Trd, 4318495.393, 90
Trd, 4318495.543, 65
Trd, 4318496.243, 127
Trd, 4318498.293, 140
Trd, 4318498.393, 140
Trd, 4318498.593, 114
Trd, 4318498.993, 63
Trd, 4318499.143, 78
Trd, 4318500.993, 62
Trd, 4318501.743, 66
Trd, 4318501.993, 61
Trd, 4318502.243, 61
Trd, 4318503.093, 140
Trd, 4318504.993, 60
Trd, 4318505.593, 60
Trd, 4318506.793, 62
Trd, 4318507.093, 61
Trd, 4318507.343, 66
Trd, 4318508.293, 69
Trd, 4318509.993, 140
Trd, 4318510.043, 138
Trd, 4318510.293, 98
Trd, 4318510.493, 61
Trd, 4318511.293, 94
Trd, 4318511.793, 123
Trd, 4318513.293, 81
Trd, 4318513.393, 80
Trd, 4318513.593, 140
Trd, 4318514.493, 68
Trd, 4318515.093, 68
Trd, 4318516.643, 60
Trd, 4318516.793, 65
Trd, 4318517.093, 121
Trd, 4318517.993, 61
Trd, 4318519.793, 65
Trd, 4318520.793, 60
Trd, 4318520.843, 60
Trd, 4318521.043, 66
Trd, 4318522.193, 66
Trd, 4318522.693, 81
Trd, 4318523.993, 116
Trd, 4318524.243, 140
Trd, 4318524.343, 116
Trd, 4318524.543, 115
Trd, 4318524.743, 74
Trd, 4318524.793, 73
Trd, 4318525.593, 62
Trd, 4318526.993, 140
Trd, 4318528.593, 140
Trd, 4318528.993, 140
Trd, 4318530.643, 140
Trd, 4318531.643, 140
Trd, 4318532.193, 140
Trd, 4318533.343, 91
Trd, 4318533.993, 139
Trd, 4318534.643, 67
Trd, 4318535.343, 140
Trd, 4318535.743, 92
Trd, 4318537.193, 115
Trd, 4318537.393, 110
Trd, 4318538.343, 65
Trd, 4318539.043, 61
Trd, 4318539.943, 103
Trd, 4318540.293, 65
Trd, 4318540.443, 133
Trd, 4318541.643, 62
Trd, 4318542.393, 101
Trd, 4318542.693, 60
Trd, 4318543.543, 61
Trd, 4318544.043, 68
Trd, 4318545.043, 68
Trd, 4318545.643, 98
Trd, 4318546.893, 63
Trd, 4318548.393, 63
Trd, 4318549.093, 68
Trd, 4318549.743, 117
Trd, 4318550.093, 116
Trd, 4318550.193, 97
Trd, 4318551.043, 91
Trd, 4318552.893, 140
Trd, 4318554.843, 140
Trd, 4318555.293, 140
Trd, 4318555.543, 140
Trd, 4318555.893, 124
Trd, 4318555.943, 121
Trd, 4318555.993, 120
Trd, 4318556.393, 129
Trd, 4318556.793, 140
Trd, 4318558.043, 140
Trd, 4318558.393, 139
Trd, 4318559.043, 139
Trd, 4318559.893, 138
Trd, 4318560.593, 139
Trd, 4318560.743, 121
Trd, 4318562.243, 104
Trd, 4318562.443, 85
Trd, 4318563.143, 93
Trd, 4318563.793, 69
Trd, 4318564.593, 137
Trd, 4318565.343, 70
Trd, 4318566.593, 122
Trd, 4318567.593, 104
Trd, 4318567.793, 99
Trd, 4318567.893, 99
Trd, 4318568.943, 140
Trd, 4318569.893, 96
Trd, 4318570.143, 97
Trd, 4318570.793, 137
Trd, 4318570.843, 65
Trd, 4318572.593, 140
Trd, 4318572.643, 140
Trd, 4318572.943, 140
Trd, 4318573.643, 121
Trd, 4318573.993, 91
Trd, 4318574.043, 79
Trd, 4318574.693, 139
Trd, 4318576.943, 60
Trd, 4318577.293, 60
Trd, 4318577.793, 61
Trd, 4318577.843, 61
Trd, 4318578.443, 61
Trd, 4318578.843, 60
Trd, 4318578.993, 66
Trd, 4318580.143, 71
Trd, 4318581.593, 75
Trd, 4318581.843, 70
Trd, 4318581.943, 88
Trd, 4318583.443, 107
Trd, 4318583.543, 82
Trd, 4318584.243, 61
Trd, 4318584.693, 63
Trd, 4318586.243, 140
Trd, 4318587.593, 139
Trd, 4318587.943, 139
Trd, 4318589.443, 104
Trd, 4318590.393, 115
Trd, 4318591.243, 104
Trd, 4318591.493, 95
Trd, 4318591.943, 99
Trd, 4318592.193, 90
Trd, 4318592.443, 90
Trd, 4318592.843, 109
Trd, 4318593.043, 61
Trd, 4318593.543, 140
Trd, 4318594.243, 105
Trd, 4318595.243, 61
Trd, 4318596.043, 60
Trd, 4318596.293, 96
Trd, 4318596.743, 72
Trd, 4318598.193, 140
Trd, 4318598.293, 140
Trd, 4318598.593, 139
Trd, 4318599.643, 100
Trd, 4318601.793, 140
Trd, 4318601.893, 140
Trd, 4318602.443, 117
Trd, 4318602.843, 116
Trd, 4318602.893, 115
Trd, 4318603.143, 74
Trd, 4318604.943, 140
Trd, 4318605.593, 140
Trd, 4318605.743, 140
Trd, 4318606.893, 124
Trd, 4318607.143, 110
Trd, 4318608.543, 139
Trd, 4318608.743, 138
Trd, 4318608.993, 100
Trd, 4318609.293, 97
Trd, 4318610.643, 64
Trd, 4318611.743, 69
Trd, 4318611.793, 73
Trd, 4318612.443, 60
Trd, 4318613.243, 61
Trd, 4318613.343, 61
Trd, 4318614.143, 61
Trd, 4318614.543, 74
Trd, 4318615.843, 60
Trd, 4318617.493, 61
Trd, 4318618.193, 60
Trd, 4318618.893, 61
Trd, 4318619.643, 140
Trd, 4318620.093, 140
Trd, 4318621.393, 65
Trd, 4318622.193, 88
Trd, 4318622.643, 100
Trd, 4318622.993, 96
Trd, 4318624.643, 122
Trd, 4318625.293, 134
Trd, 4318625.793, 123
Trd, 4318628.143, 140
Trd, 4318628.343, 140
Trd, 4318628.443, 139
Trd, 4318628.893, 107
Trd, 4318629.593, 90
Trd, 4318630.193, 139
Trd, 4318631.893, 140
Trd, 4318633.043, 140
Trd, 4318633.343, 139
Trd, 4318633.643, 114
Trd, 4318633.993, 114
Trd, 4318634.293, 130
Trd, 4318636.493, 60
Trd, 4318637.143, 60
Trd, 4318637.193, 65
Trd, 4318637.393, 88
Trd, 4318638.193, 62
Trd, 4318639.093, 70
Trd, 4318639.643, 140
Trd, 4318640.243, 98
Trd, 4318640.493, 96
Trd, 4318641.993, 140
Trd, 4318643.793, 140
Trd, 4318643.993, 140
Trd, 4318644.243, 114
Trd, 4318644.443, 89
Trd, 4318645.493, 140
Trd, 4318646.243, 97
Trd, 4318646.543, 73
Trd, 4318647.993, 82
Trd, 4318648.643, 88
Trd, 4318649.143, 113
Trd, 4318649.193, 88
Trd, 4318649.543, 68
Trd, 4318649.843, 132
Trd, 4318651.843, 60
Trd, 4318652.893, 62
Trd, 4318653.043, 62
Trd, 4318653.693, 130
Trd, 4318654.093, 140
Trd, 4318655.193, 110
Trd, 4318655.293, 110
Trd, 4318655.643, 109
Trd, 4318655.893, 102
Trd, 4318656.843, 99
Trd, 4318657.793, 139
Trd, 4318658.593, 140
Trd, 4318658.743, 114
Trd, 4318659.643, 140
Trd, 4318659.843, 129
Trd, 4318660.943, 60
Trd, 4318661.743, 139
Trd, 4318663.593, 140
Trd, 4318664.543, 137
Trd, 4318664.893, 112
Trd, 4318666.443, 140
Trd, 4318667.393, 111
Trd, 4318667.693, 113
Trd, 4318667.843, 106
Trd, 4318668.543, 85
Trd, 4318668.893, 118
Trd, 4318670.743, 83
Trd, 4318671.193, 97
Trd, 4318672.593, 137
Trd, 4318672.893, 103
Trd, 4318673.343, 84
Trd, 4318673.543, 73
Trd, 4318674.243, 124
Trd, 4318674.893, 138
Trd, 4318676.243, 140
Trd, 4318676.293, 92
Trd, 4318676.593, 91
Trd, 4318677.093, 90
Trd, 4318677.543, 71
Trd, 4318679.293, 140
Trd, 4318679.393, 140
Trd, 4318680.393, 119
Trd, 4318681.093, 93
Trd, 4318682.093, 61
Trd, 4318682.393, 99
Trd, 4318683.293, 86
Trd, 4318683.743, 140
Trd, 4318684.843, 84
Trd, 4318686.593, 139
Trd, 4318686.893, 127
Trd, 4318687.043, 89
Trd, 4318687.093, 85
Trd, 4318687.993, 139
Trd, 4318689.943, 93
Trd, 4318690.693, 87
Trd, 4318691.993, 140
Trd, 4318693.093, 140
Trd, 4318693.193, 113
Trd, 4318693.393, 112
Trd, 4318693.643, 122
Trd, 4318693.893, 121
Trd, 4318694.493, 120
Trd, 4318694.943, 81
Trd, 4318695.143, 71
Trd, 4318696.443, 61
Trd, 4318696.593, 107
Trd, 4318698.193, 60
Trd, 4318698.993, 63
Trd, 4318699.093, 64
Trd, 4318699.743, 70
Trd, 4318700.543, 64
Trd, 4318701.093, 61
Trd, 4318701.343, 63
Trd, 4318702.793, 95
Trd, 4318702.943, 75
Trd, 4318703.443, 139
Trd, 4318703.993, 73
Trd, 4318705.693, 61
Trd, 4318705.943, 62
Trd, 4318706.193, 99
Trd, 4318707.243, 82
Trd, 4318707.493, 91
Trd, 4318708.443, 60
Trd, 4318708.693, 66
Trd, 4318710.143, 97
Trd, 4318710.643, 85
Trd, 4318711.093, 61
Trd, 4318712.743, 60
Trd, 4318714.293, 60
Trd, 4318714.943, 61
Trd, 4318715.343, 61
Trd, 4318715.593, 62
Trd, 4318716.093, 118
Trd, 4318716.193, 112
Trd, 4318716.893, 68
Trd, 4318717.143, 64
Trd, 4318717.893, 62
Trd, 4318718.693, 101
Trd, 4318718.893, 95
Trd, 4318719.143, 76
Trd, 4318721.743, 61
Trd, 4318722.343, 102
Trd, 4318722.643, 100
Trd, 4318723.293, 63
Trd, 4318724.193, 99
Trd, 4318724.593, 89
Trd, 4318725.393, 61
Trd, 4318725.843, 139
Trd, 4318728.243, 140
Trd, 4318728.293, 140
Trd, 4318728.493, 139
Trd, 4318728.793, 112
Trd, 4318729.243, 126
Trd, 4318729.743, 140
Trd, 4318730.643, 90
Trd, 4318730.843, 87
Trd, 4318732.293, 120
Trd, 4318733.243, 131
Trd, 4318733.343, 113
Trd, 4318733.793, 111
Trd, 4318734.193, 83
Trd, 4318735.543, 140
Trd, 4318735.993, 100
Trd, 4318738.243, 140
Trd, 4318738.293, 140
Trd, 4318739.193, 140
Trd, 4318739.343, 140
Trd, 4318739.793, 98
Trd, 4318740.993, 129
Trd, 4318741.043, 96
Trd, 4318742.493, 140
Trd, 4318742.843, 97
Trd, 4318744.093, 131
Trd, 4318744.293, 127
Trd, 4318744.593, 124
Trd, 4318745.643, 89
Trd, 4318745.693, 130
Trd, 4318746.493, 132
Trd, 4318747.993, 138
Trd, 4318748.493, 137
Trd, 4318749.243, 121
Trd, 4318749.643, 120
Trd, 4318750.943, 89
Trd, 4318752.693, 98
Trd, 4318753.393, 61
Trd, 4318753.693, 61
Trd, 4318753.743, 61
Trd, 4318754.543, 71
Trd, 4318754.893, 60
Trd, 4318755.543, 103
Trd, 4318755.643, 80
Trd, 4318756.193, 65
Trd, 4318758.243, 60
Trd, 4318758.593, 60
Trd, 4318759.343, 61
Trd, 4318760.093, 63
Trd, 4318760.243, 62
Trd, 4318761.043, 60
Trd, 4318761.643, 61
Trd, 4318762.993, 60
Trd, 4318763.393, 64
Trd, 4318764.143, 61
Trd, 4318765.043, 60
Trd, 4318765.643, 61
Trd, 4318766.243, 71
Trd, 4318766.493, 77
Trd, 4318767.393, 60
Trd, 4318770.093, 60
Trd, 4318770.543, 61
Trd, 4318770.643, 61
Trd, 4318770.843, 73
Trd, 4318771.343, 100
Trd, 4318772.493, 72
Trd, 4318773.393, 63
Trd, 4318774.193, 102
Trd, 4318774.243, 126
Trd, 4318774.493, 98
Trd, 4318775.393, 140
Trd, 4318776.043, 61
Trd, 4318776.693, 60
Trd, 4318777.343, 61
Trd, 4318777.943, 67
Trd, 4318778.143, 81
Trd, 4318779.243, 136
Trd, 4318780.293, 62
Trd, 4318781.343, 100
Trd, 4318781.593, 99
Trd, 4318781.693, 84
Trd, 4318782.693, 76
Trd, 4318783.043, 74
Trd, 4318783.893, 140
Trd, 4318783.993, 140
Trd, 4318785.143, 101
Trd, 4318785.543, 100
Trd, 4318786.343, 63
Trd, 4318786.843, 61
Trd, 4318787.143, 85
Trd, 4318788.093, 140
Trd, 4318789.043, 112
Trd, 4318789.143, 111
Trd, 4318789.393, 111
Trd, 4318789.893, 140
Trd, 4318791.443, 125
Trd, 4318792.293, 105
Trd, 4318792.693, 111
Trd, 4318794.593, 107
Trd, 4318795.493, 63
Trd, 4318795.793, 106
Trd, 4318796.443, 73
Trd, 4318796.793, 63
Trd, 4318796.843, 62
Trd, 4318797.593, 80
Trd, 4318797.893, 67
Trd, 4318798.243, 66
Trd, 4318798.893, 69
Trd, 4318799.493, 63
Trd, 4318802.043, 124
Trd, 4318802.693, 125
Trd, 4318803.043, 124
Trd, 4318803.143, 122
Trd, 4318803.443, 104
Trd, 4318803.843, 87
Trd, 4318804.543, 137
Trd, 4318805.893, 102
Trd, 4318806.043, 91
Trd, 4318807.043, 80
Trd, 4318807.743, 93
Trd, 4318809.843, 140
Trd, 4318810.043, 137
Trd, 4318810.843, 96
Trd, 4318810.893, 95
Trd, 4318811.393, 123
Trd, 4318811.743, 140
Trd, 4318812.493, 120
Trd, 4318812.593, 81
Trd, 4318815.493, 140
Trd, 4318815.693, 140
Trd, 4318816.043, 139
Trd, 4318817.243, 137
Trd, 4318817.393, 117
Trd, 4318817.493, 112
Trd, 4318817.693, 95
Trd, 4318817.993, 72
Trd, 4318818.543, 103
Trd, 4318818.843, 122
Trd, 4318820.243, 108
Trd, 4318820.443, 104
Trd, 4318820.693, 76
Trd, 4318822.643, 139
Trd, 4318822.693, 112
Trd, 4318824.043, 140
Trd, 4318824.093, 139
Trd, 4318825.043, 106
Trd, 4318825.893, 128
Trd, 4318826.493, 127
Trd, 4318826.593, 91
Trd, 4318827.793, 109
Trd, 4318828.143, 61
Trd, 4318829.393, 140
Trd, 4318830.293, 139
Trd, 4318830.393, 121
Trd, 4318831.643, 139
Trd, 4318832.043, 107
Trd, 4318832.743, 106
Trd, 4318832.793, 80
Trd, 4318833.293, 67
Trd, 4318834.343, 75
Trd, 4318835.643, 137
Trd, 4318835.743, 128
Trd, 4318836.593, 117
Trd, 4318836.693, 85
Trd, 4318837.093, 66
Trd, 4318837.593, 113
Trd, 4318837.793, 65
Trd, 4318839.393, 64
Trd, 4318839.993, 100
Trd, 4318840.493, 98
Trd, 4318842.943, 64
Trd, 4318844.193, 71
Trd, 4318844.593, 81
Trd, 4318845.893, 86
Trd, 4318846.193, 67
Trd, 4318846.993, 114
Trd, 4318847.643, 98
Trd, 4318847.693, 93
Trd, 4318847.993, 92
Trd, 4318848.243, 69
Trd, 4318848.743, 137
Trd, 4318850.993, 62
Trd, 4318851.143, 64
Trd, 4318851.493, 60
Trd, 4318852.343, 131
Trd, 4318853.493, 61
Trd, 4318854.393, 60
Trd, 4318854.493, 71
Trd, 4318855.443, 99
Trd, 4318856.593, 89
Trd, 4318856.843, 60
Trd, 4318857.343, 108
Trd, 4318857.743, 60
Trd, 4318857.843, 62
Trd, 4318860.243, 65
Trd, 4318860.593, 65
Trd, 4318860.693, 67
Trd, 4318860.943, 140
Trd, 4318862.093, 66
Trd, 4318862.643, 61
Trd, 4318864.243, 60
Trd, 4318865.293, 68
Trd, 4318865.893, 105
Trd, 4318866.643, 126
Trd, 4318866.693, 105
Trd, 4318867.843, 138
Trd, 4318868.443, 127
Trd, 4318869.493, 118
Trd, 4318869.593, 99
Trd, 4318869.893, 97
Trd, 4318870.643, 139
Trd, 4318871.143, 114
Trd, 4318871.593, 113
Trd, 4318871.993, 112
Trd, 4318872.393, 95
Trd, 4318873.343, 118
Trd, 4318874.143, 139
Trd, 4318875.993, 131
Trd, 4318876.343, 129
Trd, 4318876.443, 82
Trd, 4318877.693, 140
Trd, 4318877.893, 67
Trd, 4318878.843, 69
Trd, 4318879.493, 140
Trd, 4318879.993, 68
Trd, 4318880.793, 86
Trd, 4318882.143, 137
Trd, 4318883.393, 120
Trd, 4318883.893, 116
Trd, 4318884.143, 96
Trd, 4318884.993, 75
Trd, 4318885.993, 75
Trd, 4318886.093, 99
Trd, 4318887.443, 81
Trd, 4318888.293, 61
Trd, 4318888.593, 68
Trd, 4318889.543, 62
Trd, 4318889.993, 64
Trd, 4318891.743, 66
Trd, 4318891.893, 77
Trd, 4318892.243, 75
Trd, 4318893.693, 140
Trd, 4318894.343, 140
Trd, 4318894.493, 140
Trd, 4318894.793, 138
Trd, 4318896.043, 95
Trd, 4318896.093, 93
Trd, 4318896.843, 136
Trd, 4318897.793, 140
Trd, 4318898.443, 140
Trd, 4318900.143, 129
Trd, 4318900.293, 92
Trd, 4318900.343, 91
Trd, 4318901.143, 70
Trd, 4318902.043, 112
Trd, 4318902.343, 139
Trd, 4318902.743, 91
Trd, 4318904.843, 83
Trd, 4318905.243, 127
Trd, 4318905.943, 140
Trd, 4318906.843, 125
Trd, 4318906.943, 104
Trd, 4318907.643, 90
Trd, 4318908.943, 66
Trd, 4318909.043, 134
Trd, 4318909.893, 99
Trd, 4318910.293, 136
Trd, 4318911.743, 138
Trd, 4318912.943, 94
Trd, 4318913.793, 133
Trd, 4318914.143, 99
Trd, 4318915.343, 108
Trd, 4318915.743, 140
Trd, 4318916.443, 82
Trd, 4318918.743, 133
Trd, 4318918.893, 138
Trd, 4318919.793, 123
Trd, 4318919.943, 109
Trd, 4318920.043, 109
Trd, 4318920.543, 139
Trd, 4318921.393, 113
Trd, 4318922.443, 128
Trd, 4318922.843, 135
Trd, 4318923.193, 135
Trd, 4318923.393, 134
Trd, 4318923.993, 135
Trd, 4318924.543, 95
Trd, 4318924.743, 94
Trd, 4318925.593, 140
Trd, 4318927.243, 69
Trd, 4318927.493, 83
Trd, 4318928.343, 60
Trd, 4318928.893, 93
Trd, 4318929.893, 84
Trd, 4318929.943, 83
Trd, 4318931.243, 109
Trd, 4318931.743, 60
Trd, 4318932.093, 61
Trd, 4318932.643, 140
Trd, 4318933.343, 61
Trd, 4318934.793, 93
Trd, 4318935.243, 134
Trd, 4318937.743, 81
Trd, 4318937.843, 79
Trd, 4318938.543, 140
Trd, 4318939.343, 138
Trd, 4318939.843, 72
Trd, 4318940.043, 66
Trd, 4318940.143, 66
Trd, 4318941.343, 62
Trd, 4318941.493, 64
Trd, 4318942.043, 61
Trd, 4318942.193, 80
Trd, 4318942.993, 140
Trd, 4318943.843, 139
Trd, 4318944.793, 101
Trd, 4318944.893, 90
Trd, 4318945.893, 74
Trd, 4318946.143, 65
Trd, 4318948.643, 140
Trd, 4318949.243, 140
Trd, 4318949.893, 137
Trd, 4318949.993, 113
Trd, 4318950.643, 118
Trd, 4318952.193, 140
Trd, 4318952.543, 140
Trd, 4318952.593, 96
Trd, 4318952.743, 92
Trd, 4318954.293, 84
Trd, 4318954.693, 75
Trd, 4318954.993, 108
Trd, 4318955.143, 71
Trd, 4318956.993, 102
Trd, 4318957.693, 80
Trd, 4318958.093, 134
Trd, 4318958.543, 75
Trd, 4318959.243, 140
Trd, 4318960.493, 60
Trd, 4318960.693, 63
Trd, 4318961.043, 60
Trd, 4318961.243, 89
Trd, 4318961.493, 64
Trd, 4318962.793, 64
Trd, 4318963.093, 62
Trd, 4318963.693, 70
Trd, 4318963.943, 108
Trd, 4318964.193, 65
Trd, 4318965.643, 139
Trd, 4318966.993, 140
Trd, 4318967.243, 139
Trd, 4318967.993, 113
Trd, 4318968.893, 108
Trd, 4318968.943, 87
Trd, 4318969.443, 82
Trd, 4318970.993, 140
Trd, 4318971.243, 140
Trd, 4318972.243, 140
Trd, 4318973.243, 139
Trd, 4318974.343, 140
Trd, 4318975.293, 114
Trd, 4318975.493, 113
Trd, 4318975.593, 101
Trd, 4318977.143, 109
Trd, 4318978.043, 71
Trd, 4318979.093, 140
Trd, 4318979.593, 128
Trd, 4318980.343, 89
Trd, 4318981.143, 140
Trd, 4318981.393, 127
Trd, 4318981.443, 124
Trd, 4318982.643, 82
Trd, 4318983.343, 67
Trd, 4318983.443, 120
Trd, 4318983.893, 64
Trd, 4318984.893, 120
Trd, 4318987.393, 64
Trd, 4318987.793, 68
Trd, 4318988.393, 61
Trd, 4318988.693, 62
Trd, 4318989.443, 65
Trd, 4318989.893, 75
Trd, 4318990.093, 129
Trd, 4318990.943, 61
Trd, 4318991.993, 61
Trd, 4318992.293, 105
Trd, 4318994.193, 63
Trd, 4318995.593, 64
Trd, 4318995.843, 67
Trd, 4318996.493, 71
Trd, 4318996.643, 74
Trd, 4318997.043, 64
Trd, 4318998.043, 90
Trd, 4318998.343, 60
Trd, 4318999.693, 62
Trd, 4318999.893, 70
Trd, 4319002.393, 63
Trd, 4319002.493, 64
Trd, 4319003.093, 69
Trd, 4319004.493, 83
Trd, 4319004.843, 108
Trd, 4319005.243, 82
Trd, 4319005.693, 104
Trd, 4319006.493, 109
Trd, 4319006.693, 108
Trd, 4319007.643, 73
Trd, 4319008.443, 60
Trd, 4319009.043, 90
Trd, 4319010.943, 79
Trd, 4319011.343, 77
Trd, 4319011.693, 125
Trd, 4319012.243, 137
Trd, 4319012.343, 103
Trd, 4319012.493, 102
Trd, 4319012.943, 99
Trd, 4319013.593, 89
Trd, 4319013.643, 75
Trd, 4319014.743, 60
Trd, 4319015.043, 72
Trd, 4319015.793, 74
Trd, 4319016.743, 138
Trd, 4319018.593, 120
Trd, 4319019.543, 139
Trd, 4319019.593, 89
Trd, 4319019.743, 87
Trd, 4319020.843, 96
Trd, 4319021.493, 121
Trd, 4319022.343, 140
Trd, 4319022.793, 138
Trd, 4319022.893, 78
Trd, 4319023.893, 79
Trd, 4319023.943, 75
Trd, 4319024.893, 104
Trd, 4319025.493, 82
Trd, 4319026.593, 120
Trd, 4319027.393, 90
Trd, 4319027.493, 84
Trd, 4319028.443, 140
Trd, 4319029.843, 140
Trd, 4319029.943, 102
Trd, 4319029.993, 66
Trd, 4319030.893, 140
Trd, 4319031.543, 140
Trd, 4319032.943, 122
Trd, 4319033.193, 112
Trd, 4319033.243, 111
Trd, 4319034.143, 76
Trd, 4319036.043, 138
Trd, 4319036.893, 138
Trd, 4319036.943, 120
Trd, 4319038.743, 65
Trd, 4319038.943, 105
Trd, 4319039.943, 72
Trd, 4319041.293, 138
Trd, 4319041.643, 120
Trd, 4319041.943, 92
Trd, 4319042.793, 140
Trd, 4319043.043, 137
Trd, 4319045.043, 138
Trd, 4319045.443, 134
Trd, 4319045.793, 130
Trd, 4319046.093, 128
Trd, 4319047.243, 123
Trd, 4319047.293, 100
Trd, 4319047.543, 78
Trd, 4319047.793, 95
Trd, 4319049.143, 71
Trd, 4319049.593, 134
Trd, 4319049.893, 69
Trd, 4319051.143, 68
Trd, 4319051.693, 73
Trd, 4319052.793, 138
Trd, 4319052.993, 114
Trd, 4319053.443, 62
Trd, 4319054.593, 120
Trd, 4319055.443, 92
Trd, 4319055.693, 106
Trd, 4319055.793, 92
Trd, 4319056.343, 124
Trd, 4319057.743, 124
Trd, 4319059.743, 139
Trd, 4319059.993, 140
Trd, 4319060.093, 140
Trd, 4319060.343, 139
Trd, 4319060.893, 112
Trd, 4319061.693, 119
Trd, 4319061.793, 99
Trd, 4319062.793, 140
Trd, 4319062.893, 117
Trd, 4319063.943, 63
Trd, 4319064.593, 63
Trd, 4319064.643, 61
Trd, 4319065.293, 61
Trd, 4319065.743, 65
Trd, 4319067.543, 92
Trd, 4319067.843, 63
Trd, 4319069.293, 64
Trd, 4319069.793, 76
Trd, 4319071.093, 120
Trd, 4319072.693, 108
Trd, 4319073.543, 123
Trd, 4319074.143, 139
Trd, 4319074.193, 107
Trd, 4319076.093, 140
Trd, 4319076.193, 140
Trd, 4319076.293, 130
Trd, 4319076.893, 138
Trd, 4319077.243, 100
Trd, 4319077.793, 80
Trd, 4319078.443, 116
Trd, 4319078.843, 105
Trd, 4319079.643, 93
Trd, 4319080.593, 137
Trd, 4319081.793, 79
Trd, 4319082.543, 112
Trd, 4319082.593, 106
Trd, 4319082.943, 82
Trd, 4319083.393, 140
Trd, 4319083.843, 122
Trd, 4319083.943, 121
Trd, 4319084.643, 122
Trd, 4319085.993, 140
Trd, 4319086.143, 140
Trd, 4319086.293, 108
Trd, 4319087.443, 133
Trd, 4319089.143, 101
Trd, 4319089.243, 100
Trd, 4319090.093, 71
Trd, 4319091.243, 67
Trd, 4319091.993, 66
Trd, 4319092.393, 61
Trd, 4319092.643, 76
Trd, 4319092.743, 69
Trd, 4319093.893, 78
Trd, 4319094.243, 105
Trd, 4319094.593, 64
Trd, 4319094.793, 62
Trd, 4319095.643, 63
Trd, 4319097.243, 60
Trd, 4319098.293, 64
Trd, 4319099.993, 61
Trd, 4319101.243, 61
Trd, 4319101.543, 60
Trd, 4319102.943, 65
Trd, 4319103.393, 126
Trd, 4319103.443, 103
Trd, 4319103.493, 76
Trd, 4319103.693, 140
Trd, 4319104.043, 95
Trd, 4319104.793, 95
Trd, 4319105.293, 106
Trd, 4319105.643, 79
Trd, 4319106.393, 76
Trd, 4319107.943, 62
Trd, 4319108.993, 60
Trd, 4319110.293, 60
Trd, 4319110.743, 61
Trd, 4319111.543, 63
Trd, 4319111.643, 84
Trd, 4319113.043, 65
Trd, 4319113.243, 78
Trd, 4319113.743, 90
Trd, 4319114.593, 137
Trd, 4319114.743, 81
Trd, 4319115.993, 139
Trd, 4319116.093, 116
Trd, 4319116.293, 115
Trd, 4319117.943, 63
Trd, 4319118.693, 79
Trd, 4319118.793, 79
Trd, 4319119.893, 139
Trd, 4319121.743, 122
Trd, 4319122.443, 107
Trd, 4319122.793, 139
Trd, 4319122.893, 96
Trd, 4319124.243, 102
Trd, 4319124.943, 91
Trd, 4319125.093, 140
Trd, 4319125.743, 135
Trd, 4319127.043, 60
Trd, 4319127.793, 62
Trd, 4319128.093, 60
Trd, 4319128.593, 140
Trd, 4319130.093, 139
Trd, 4319130.343, 112
Trd, 4319131.193, 91
Trd, 4319131.943, 140
Trd, 4319132.393, 140
Trd, 4319132.593, 126
Trd, 4319132.993, 92
Trd, 4319133.993, 137
Trd, 4319134.043, 115
Trd, 4319135.143, 93
Trd, 4319136.143, 140
Trd, 4319136.293, 140
Trd, 4319136.843, 115
Trd, 4319138.393, 110
Trd, 4319138.793, 100
Trd, 4319138.893, 95
Trd, 4319139.643, 113
Trd, 4319140.693, 98
Trd, 4319141.043, 97
Trd, 4319141.343, 91
Trd, 4319141.593, 61
Trd, 4319142.193, 127
Trd, 4319143.293, 116
Trd, 4319144.193, 109
Trd, 4319144.393, 91
Trd, 4319145.793, 140
Trd, 4319146.743, 133
Trd, 4319147.593, 140
Trd, 4319147.993, 139
Trd, 4319148.093, 104
Trd, 4319148.693, 95
Trd, 4319148.893, 100
Trd, 4319150.593, 140
Trd, 4319151.593, 140
Trd, 4319152.393, 60
Trd, 4319152.793, 63
Trd, 4319153.043, 63
Trd, 4319154.143, 60
Trd, 4319154.493, 61
Trd, 4319154.593, 62
Trd, 4319155.043, 140
Trd, 4319155.793, 61
Trd, 4319157.193, 105
Trd, 4319157.293, 103
Trd, 4319158.643, 73
Trd, 4319158.843, 82
Trd, 4319159.243, 76
Trd, 4319160.093, 62
Trd, 4319161.643, 139
Trd, 4319161.843, 100
Trd, 4319162.093, 66
Trd, 4319162.543, 74
Trd, 4319164.793, 63
Trd, 4319166.243, 69
Trd, 4319166.343, 60
Trd, 4319167.193, 61
Trd, 4319167.993, 140
Trd, 4319169.693, 132
Trd, 4319170.193, 127
Trd, 4319170.243, 124
Trd, 4319171.693, 111
Trd, 4319172.143, 135
Trd, 4319172.843, 124
Trd, 4319172.993, 109
Trd, 4319173.643, 92
Trd, 4319173.693, 87
Trd, 4319174.243, 83
Trd, 4319175.043, 82
Trd, 4319176.593, 140
Trd, 4319176.743, 140
Trd, 4319176.793, 140
Trd, 4319178.393, 83
Trd, 4319178.893, 105
Trd, 4319179.443, 103
Trd, 4319179.693, 102
Trd, 4319179.743, 69
Trd, 4319182.893, 139
Trd, 4319182.943, 138
Trd, 4319184.243, 106
Trd, 4319185.693, 117
Trd, 4319185.843, 86
Trd, 4319185.943, 86
Trd, 4319186.093, 77
Trd, 4319186.193, 76
Trd, 4319187.793, 65
Trd, 4319189.043, 113
Trd, 4319189.493, 140
Trd, 4319189.593, 139
Trd, 4319189.893, 70
Trd, 4319190.643, 73
Trd, 4319191.743, 72
Trd, 4319191.943, 72
Trd, 4319192.343, 114
Trd, 4319193.343, 71
Trd, 4319194.343, 81
Trd, 4319194.443, 107
Trd, 4319194.893, 63
Trd, 4319196.943, 140
Trd, 4319197.693, 140
Trd, 4319197.743, 92
Trd, 4319198.143, 139
Trd, 4319198.493, 137
Trd, 4319199.143, 115
Trd, 4319199.343, 93
Trd, 4319199.893, 79
Trd, 4319200.293, 80
Trd, 4319200.843, 81
Trd, 4319202.143, 140
Trd, 4319202.443, 93
Trd, 4319202.543, 92
Trd, 4319203.643, 140
Trd, 4319204.193, 72
Trd, 4319204.943, 66
Trd, 4319205.443, 122
Trd, 4319206.243, 68
Trd, 4319206.993, 115
Trd, 4319207.243, 84
Trd, 4319208.093, 105
Trd, 4319208.193, 62
Trd, 4319209.543, 63
Trd, 4319210.193, 62
Trd, 4319210.843, 60
Trd, 4319211.343, 140
Trd, 4319211.543, 139
Trd, 4319212.343, 139
Trd, 4319212.793, 75
Trd, 4319213.793, 104
Trd, 4319215.393, 133
Trd, 4319216.343, 139
Trd, 4319217.193, 133
Trd, 4319218.293, 106
Trd, 4319218.943, 136
Trd, 4319219.243, 120
Trd, 4319219.293, 114
Trd, 4319220.543, 98
Trd, 4319220.593, 97
Trd, 4319221.793, 140
Trd, 4319222.293, 136
Trd, 4319223.143, 130
Trd, 4319224.743, 136
Trd, 4319225.043, 135
Trd, 4319225.343, 110
Trd, 4319225.543, 91
Trd, 4319225.943, 73
Trd, 4319226.393, 111
Trd, 4319227.343, 63
Trd, 4319227.493, 85
Trd, 4319228.093, 60
Trd, 4319228.493, 93
Trd, 4319229.893, 140
Trd, 4319230.043, 140
Trd, 4319230.843, 99
Trd, 4319231.093, 96
Trd, 4319231.693, 85
Trd, 4319232.543, 138
Trd, 4319233.743, 82
Trd, 4319234.743, 109
Trd, 4319234.893, 103
Trd, 4319235.943, 140
Trd, 4319236.143, 105
Trd, 4319238.893, 140
Trd, 4319239.893, 140
Trd, 4319240.193, 140
Trd, 4319240.393, 139
Trd, 4319240.493, 111
Trd, 4319240.793, 102
Trd, 4319241.443, 85
Trd, 4319242.543, 138
Trd, 4319242.893, 110
Trd, 4319243.293, 93
Trd, 4319244.243, 71
Trd, 4319245.193, 60
Trd, 4319246.293, 61
Trd, 4319247.493, 81
Trd, 4319250.593, 61
Trd, 4319250.643, 60
Trd, 4319250.843, 61
Trd, 4319251.343, 62
Trd, 4319251.643, 78
Trd, 4319252.143, 104
Trd, 4319252.443, 66
Trd, 4319252.843, 69
Trd, 4319254.043, 140
Trd, 4319255.643, 137
Trd, 4319255.843, 118
Trd, 4319257.443, 80
Trd, 4319257.543, 94
Trd, 4319257.943, 75
Trd, 4319258.043, 98
Trd, 4319258.193, 66
Trd, 4319260.543, 140
Trd, 4319260.993, 140
Trd, 4319261.193, 140
Trd, 4319262.493, 138
Trd, 4319262.993, 120
Trd, 4319263.143, 122
Trd, 4319265.143, 78
Trd, 4319265.293, 73
Trd, 4319265.493, 68
Trd, 4319266.243, 139
Trd, 4319266.293, 127
Trd, 4319266.793, 99
Trd, 4319267.643, 120
Trd, 4319267.743, 119
Trd, 4319269.743, 61
Trd, 4319270.343, 61
Trd, 4319270.593, 60
Trd, 4319271.493, 60
Trd, 4319271.643, 67
Trd, 4319272.793, 67
Trd, 4319273.243, 60
Trd, 4319273.843, 139
Trd, 4319274.843, 95
Trd, 4319275.743, 129
Trd, 4319276.143, 140
Trd, 4319276.293, 88
Trd, 4319276.543, 86
Trd, 4319277.193, 84
Trd, 4319278.193, 123
Trd, 4319278.793, 63
Trd, 4319280.043, 61
Trd, 4319281.393, 61
Trd, 4319281.543, 89
Trd, 4319282.793, 140
Trd, 4319283.093, 140
Trd, 4319283.793, 140
Trd, 4319284.093, 90
Trd, 4319284.293, 98
Trd, 4319285.743, 140
Trd, 4319285.843, 139
Trd, 4319286.493, 95
Trd, 4319287.593, 82
Trd, 4319287.743, 86
Trd, 4319288.343, 62
Trd, 4319290.193, 139
Trd, 4319290.493, 140
Trd, 4319290.543, 137
Trd, 4319290.593, 114
Trd, 4319291.043, 79
Trd, 4319291.343, 109
Trd, 4319292.543, 60
Trd, 4319292.593, 66
Trd, 4319294.743, 63
Trd, 4319294.843, 65
Trd, 4319295.093, 64
Trd, 4319296.693, 140
Trd, 4319297.293, 140
Trd, 4319297.593, 133
Trd, 4319298.693, 140
Trd, 4319298.993, 112
Trd, 4319299.543, 111
Trd, 4319300.143, 120
Trd, 4319300.443, 81
Trd, 4319301.493, 140
Trd, 4319302.243, 98
Trd, 4319302.593, 121
Trd, 4319303.093, 97
Trd, 4319303.193, 93
Trd, 4319303.993, 74
Trd, 4319304.843, 83
Trd, 4319305.643, 85
Trd, 4319305.743, 82
Trd, 4319306.893, 140
Trd, 4319307.843, 107
Trd, 4319307.943, 92
Trd, 4319309.343, 140
Trd, 4319310.493, 119
Trd, 4319310.543, 94
Trd, 4319311.043, 64
Trd, 4319311.393, 65
Trd, 4319311.893, 108
Trd, 4319312.093, 60
Trd, 4319315.143, 98
Trd, 4319315.543, 123
Trd, 4319315.743, 87
Trd, 4319315.843, 100
Trd, 4319316.543, 94
Trd, 4319317.293, 88
Trd, 4319317.493, 108
Trd, 4319317.893, 140
Trd, 4319319.443, 62
Trd, 4319319.943, 63
Trd, 4319320.743, 140
Trd, 4319320.793, 139
Trd, 4319320.993, 106
Trd, 4319321.243, 99
Trd, 4319322.843, 91
Trd, 4319324.243, 79
Trd, 4319324.843, 140
Trd, 4319325.693, 117
Trd, 4319326.443, 140
Trd, 4319326.943, 129
Trd, 4319327.443, 107
Trd, 4319328.493, 100
Trd, 4319329.293, 125
Trd, 4319329.693, 100
Trd, 4319330.693, 64
Trd, 4319331.243, 138
Trd, 4319331.493, 111
Trd, 4319334.593, 139
Trd, 4319335.743, 125
Trd, 4319335.843, 83
Trd, 4319336.393, 125
Trd, 4319336.893, 140
Trd, 4319337.143, 95
Trd, 4319337.643, 126
Trd, 4319338.443, 78
Trd, 4319339.293, 140
Trd, 4319339.393, 138
Trd, 4319340.343, 139
Trd, 4319340.493, 66
Trd, 4319341.193, 66
Trd, 4319342.793, 79
Trd, 4319342.943, 85
Trd, 4319343.443, 87
Trd, 4319343.743, 83
Trd, 4319344.043, 82
Trd, 4319344.393, 74
Trd, 4319345.743, 100
Trd, 4319346.243, 86
Trd, 4319346.543, 85
Trd, 4319346.943, 118
Trd, 4319348.293, 113
Trd, 4319348.593, 140
Trd, 4319350.593, 132
Trd, 4319351.043, 139
Trd, 4319351.143, 128
Trd, 4319352.293, 130
Trd, 4319352.793, 108
Trd, 4319354.793, 139
Trd, 4319354.993, 138
Trd, 4319355.393, 123
Trd, 4319355.443, 97
Trd, 4319356.193, 75
Trd, 4319356.643, 89
Trd, 4319356.993, 64
Trd, 4319358.243, 85
Trd, 4319358.793, 78
Trd, 4319358.893, 76
Trd, 4319360.543, 65
Trd, 4319360.843, 60
Trd, 4319361.343, 92
Trd, 4319361.793, 107
Trd, 4319361.893, 105
Trd, 4319363.343, 140
Trd, 4319363.393, 140
Trd, 4319363.593, 115
Trd, 4319364.393, 103
Trd, 4319364.443, 136
Trd, 4319366.293, 68
Trd, 4319367.093, 118
Trd, 4319367.793, 125
Trd, 4319368.343, 124
Trd, 4319368.743, 99
Trd, 4319369.543, 140
Trd, 4319370.643, 94
Trd, 4319370.943, 63
Trd, 4319371.643, 65
Trd, 4319371.993, 60
Trd, 4319372.193, 81
Trd, 4319372.543, 93
Trd, 4319373.743, 65
Trd, 4319374.093, 61
Trd, 4319376.443, 140
Trd, 4319376.493, 140
Trd, 4319376.843, 138
Trd, 4319377.243, 118
Trd, 4319377.943, 106
Trd, 4319377.993, 105
Trd, 4319378.293, 105
Trd, 4319379.043, 67
Trd, 4319380.893, 91
Trd, 4319380.943, 85
Trd, 4319382.043, 61
Trd, 4319383.393, 61
Trd, 4319383.743, 68
Trd, 4319384.793, 67
Trd, 4319385.093, 78
Trd, 4319385.393, 78
Trd, 4319386.243, 139
Trd, 4319386.643, 111
Trd, 4319388.193, 105
Trd, 4319388.343, 93
Trd, 4319388.493, 74
Trd, 4319390.093, 73
Trd, 4319390.643, 119
Trd, 4319391.293, 82
Trd, 4319392.893, 137
Trd, 4319394.393, 140
Trd, 4319394.793, 139
Trd, 4319395.093, 114
Trd, 4319395.393, 89
Trd, 4319395.593, 87
Trd, 4319396.693, 70
Trd, 4319396.893, 83
Trd, 4319397.843, 129
Trd, 4319398.693, 136
Trd, 4319398.893, 61
Trd, 4319399.443, 128
Trd, 4319399.893, 81
Trd, 4319400.893, 140
Trd, 4319401.043, 140
Trd, 4319401.343, 115
Trd, 4319402.893, 110
Trd, 4319403.493, 86
Trd, 4319404.593, 68
Trd, 4319404.893, 101
Trd, 4319405.093, 119
Trd, 4319405.443, 140
Trd, 4319406.643, 103
Trd, 4319408.893, 138
Trd, 4319409.043, 127
Trd, 4319410.343, 116
Trd, 4319410.493, 124
Trd, 4319410.693, 133
Trd, 4319412.093, 140
Trd, 4319412.693, 140
Trd, 4319413.193, 140
Trd, 4319413.893, 138
Trd, 4319414.443, 131
Trd, 4319414.793, 104
Trd, 4319415.493, 89
Trd, 4319416.193, 90
Trd, 4319416.843, 88
Trd, 4319417.243, 66
Trd, 4319418.843, 140
Trd, 4319419.093, 140
Trd, 4319419.593, 113
Trd, 4319420.243, 112
Trd, 4319421.593, 100
Trd, 4319422.993, 140
Trd, 4319423.193, 138
Trd, 4319423.593, 113
Trd, 4319423.643, 104
Trd, 4319424.293, 112
Trd, 4319424.393, 106
Trd, 4319425.343, 65
Trd, 4319426.443, 82
Trd, 4319427.243, 62
Trd, 4319427.543, 63
Trd, 4319428.643, 62
Trd, 4319428.993, 64
Trd, 4319429.643, 116
Trd, 4319431.993, 140
Trd, 4319432.493, 140
Trd, 4319432.843, 137
Trd, 4319432.943, 134
Trd, 4319433.993, 138
Trd, 4319435.093, 114
Trd, 4319435.643, 101
Trd, 4319435.943, 91
Trd, 4319437.643, 60
Trd, 4319438.193, 61
Trd, 4319438.293, 61
Trd, 4319439.043, 63
Trd, 4319439.943, 60
Trd, 4319440.443, 64
Trd, 4319440.793, 118
Trd, 4319441.843, 92
Trd, 4319442.743, 63
Trd, 4319444.143, 89
Trd, 4319444.693, 102
Trd, 4319444.943, 61
Trd, 4319445.393, 63
Trd, 4319445.643, 87
Trd, 4319447.293, 66
Trd, 4319447.643, 60
Trd, 4319447.943, 68
Trd, 4319448.643, 96
Trd, 4319449.643, 72
Trd, 4319450.443, 82
Trd, 4319450.793, 83
Trd, 4319451.443, 127
Trd, 4319452.743, 92
Trd, 4319453.143, 81
Trd, 4319453.643, 94
Trd, 4319454.993, 128
Trd, 4319455.143, 140
Trd, 4319456.043, 140
Trd, 4319456.943, 140
Trd, 4319457.643, 130
Trd, 4319458.493, 92
Trd, 4319458.543, 72
Trd, 4319459.743, 61
Trd, 4319459.843, 62
Trd, 4319460.443, 68
Trd, 4319460.843, 139
Trd, 4319461.643, 68
Trd, 4319463.393, 63
Trd, 4319463.693, 63
Trd, 4319463.743, 68
Trd, 4319464.543, 124
Trd, 4319464.893, 62
Trd, 4319465.043, 80
Trd, 4319465.443, 60
Trd, 4319465.993, 70
Trd, 4319466.643, 76
Trd, 4319467.493, 61
Trd, 4319468.943, 68
Trd, 4319469.243, 69
Trd, 4319469.393, 85
Trd, 4319471.093, 140
Trd, 4319471.143, 138
Trd, 4319471.343, 111
Trd, 4319472.193, 130
Trd, 4319472.693, 83
Trd, 4319473.043, 64
Trd, 4319473.143, 65
Trd, 4319474.243, 76
Trd, 4319475.443, 62
Trd, 4319476.393, 139
Trd, 4319476.743, 106
Trd, 4319477.743, 140
Trd, 4319478.393, 107
Trd, 4319479.093, 122
Trd, 4319480.093, 99
Trd, 4319480.243, 92
Trd, 4319480.343, 85
Trd, 4319481.643, 138
Trd, 4319482.593, 99
Trd, 4319483.443, 97
Trd, 4319483.943, 72
Trd, 4319485.143, 139
Trd, 4319485.843, 135
Trd, 4319485.893, 130
Trd, 4319486.093, 115
Trd, 4319486.743, 106
Trd, 4319487.393, 139
Trd, 4319488.043, 139
Trd, 4319488.193, 138
Trd, 4319488.443, 137
Trd, 4319489.293, 97
Trd, 4319491.393, 66
Trd, 4319492.093, 130
Trd, 4319492.243, 87
Trd, 4319492.393, 86
Trd, 4319492.793, 92
Trd, 4319494.843, 140
Trd, 4319495.293, 64
Trd, 4319496.893, 60
Trd, 4319497.043, 63
Trd, 4319499.043, 62
Trd, 4319499.643, 92
Trd, 4319500.393, 104
Trd, 4319500.993, 105
Trd, 4319502.043, 80
Trd, 4319502.693, 124
Trd, 4319503.393, 127
Trd, 4319503.793, 84
Trd, 4319503.893, 83
Trd, 4319504.893, 78
Trd, 4319505.993, 138
Trd, 4319506.443, 119
Trd, 4319507.993, 140
Trd, 4319508.493, 140
Trd, 4319510.043, 140
Trd, 4319510.393, 139
Trd, 4319510.893, 116
Trd, 4319511.393, 140
Trd, 4319511.943, 126
Trd, 4319512.393, 97
Trd, 4319514.093, 140
Trd, 4319515.143, 140
Trd, 4319515.393, 114
Trd, 4319516.193, 108
Trd, 4319516.443, 102
Trd, 4319516.993, 93
Trd, 4319517.193, 73
Trd, 4319517.743, 85
Trd, 4319519.193, 71
Trd, 4319520.093, 60
Trd, 4319520.243, 89
Trd, 4319522.593, 140
Trd, 4319523.093, 140
Trd, 4319524.693, 139
Trd, 4319524.793, 94
Trd, 4319525.293, 67
Trd, 4319525.743, 139
Trd, 4319525.843, 86
Trd, 4319526.943, 62
Trd, 4319528.243, 88
Trd, 4319529.543, 140
Trd, 4319530.393, 138
Trd, 4319530.843, 137
Trd, 4319531.093, 121
Trd, 4319531.593, 102
Trd, 4319532.743, 140
Trd, 4319533.843, 140
Trd, 4319534.443, 120
Trd, 4319535.843, 118
Trd, 4319535.893, 107
Trd, 4319536.093, 140
Trd, 4319536.493, 61
Trd, 4319537.443, 64
Trd, 4319538.343, 125
Trd, 4319538.893, 60
Trd, 4319539.443, 116
Trd, 4319539.643, 74
Trd, 4319540.643, 69
Trd, 4319542.143, 63
Trd, 4319542.843, 62
Trd, 4319543.443, 85
Trd, 4319543.843, 60
Trd, 4319544.393, 61
Trd, 4319545.393, 60
Trd, 4319545.593, 66
Trd, 4319545.893, 60
Trd, 4319546.693, 75
Trd, 4319549.243, 139
Trd, 4319549.793, 140
Trd, 4319549.843, 140
Trd, 4319550.193, 109
Trd, 4319550.893, 136
Trd, 4319552.343, 117
Trd, 4319552.593, 124
Trd, 4319552.893, 131
Trd, 4319554.193, 116
Trd, 4319555.143, 139
Trd, 4319555.393, 116
Trd, 4319556.443, 118
Trd, 4319557.143, 97
Trd, 4319557.343, 72
Trd, 4319558.843, 60
Trd, 4319559.593, 61
Trd, 4319559.893, 61
Trd, 4319560.743, 78
Trd, 4319561.043, 113
Trd, 4319561.543, 81
Trd, 4319562.893, 139
Trd, 4319562.943, 125
Trd, 4319564.393, 115
Trd, 4319564.443, 112
Trd, 4319565.393, 94
Trd, 4319565.493, 128
Trd, 4319566.693, 110
Trd, 4319568.093, 132
Trd, 4319568.643, 90
Trd, 4319569.243, 65
Trd, 4319570.393, 77
Trd, 4319570.793, 140
Trd, 4319570.993, 138
Trd, 4319572.393, 86
Trd, 4319572.893, 87
Trd, 4319574.193, 92
Trd, 4319574.743, 87
Trd, 4319574.943, 74
Trd, 4319575.243, 67
Trd, 4319575.743, 85
Trd, 4319576.293, 72
Trd, 4319577.143, 73
Trd, 4319577.593, 89
Trd, 4319578.443, 71
Trd, 4319578.943, 101
Trd, 4319579.593, 84
Trd, 4319579.743, 140
Trd, 4319580.493, 76
Trd, 4319580.643, 140
Trd, 4319581.993, 92
Trd, 4319583.143, 125
Trd, 4319584.243, 113
Trd, 4319585.493, 140
Trd, 4319585.943, 140
Trd, 4319586.093, 62
Trd, 4319586.243, 90
Trd, 4319587.043, 109
Trd, 4319587.643, 140
Trd, 4319588.043, 140
Trd, 4319589.043, 111
Trd, 4319589.493, 118
Trd, 4319589.993, 115
Trd, 4319590.393, 117
Trd, 4319590.893, 97
Trd, 4319592.143, 75
Trd, 4319593.543, 132
Trd, 4319593.893, 69
Trd, 4319594.793, 62
Trd, 4319595.843, 80
Trd, 4319596.043, 79
Trd, 4319597.793, 140
Trd, 4319597.943, 140
Trd, 4319598.543, 140
Trd, 4319599.743, 133
Trd, 4319601.543, 140
Trd, 4319601.643, 140
Trd, 4319601.893, 111
Trd, 4319603.193, 104
Trd, 4319603.343, 100
Trd, 4319605.293, 137
Trd, 4319606.643, 132
Trd, 4319606.793, 131
Trd, 4319606.843, 128
Trd, 4319607.193, 124
Trd, 4319607.743, 138
Trd, 4319607.793, 87
Trd, 4319608.693, 115
Trd, 4319609.543, 140
Trd, 4319609.693, 63
Trd, 4319611.243, 60
Trd, 4319611.993, 64
Trd, 4319613.493, 107
Trd, 4319613.743, 106
Trd, 4319613.993, 82
Trd, 4319616.143, 68
Trd, 4319616.793, 140
Trd, 4319617.343, 140
Trd, 4319617.493, 140
Trd, 4319618.643, 137
Trd, 4319618.793, 112
Trd, 4319619.143, 70
Trd, 4319621.293, 140
Trd, 4319621.493, 116
Trd, 4319622.143, 126
Trd, 4319622.193, 125
Trd, 4319622.943, 80
Trd, 4319623.743, 73
Trd, 4319623.793, 131
Trd, 4319624.093, 67
Trd, 4319625.793, 68
Trd, 4319626.343, 72
Trd, 4319626.393, 73
Trd, 4319628.343, 140
Trd, 4319629.343, 140
Trd, 4319629.443, 140
Trd, 4319629.843, 118
Trd, 4319629.993, 140
Trd, 4319631.693, 98
Trd, 4319631.993, 140
Trd, 4319632.043, 74
Trd, 4319633.293, 138
Trd, 4319633.493, 105
Trd, 4319634.243, 140
Trd, 4319634.893, 140
Trd, 4319636.693, 114
Trd, 4319637.293, 101
Trd, 4319637.793, 95
Trd, 4319638.293, 93
Trd, 4319639.993, 138
Trd, 4319640.043, 128
Trd, 4319640.393, 115
Trd, 4319640.643, 94
Trd, 4319641.493, 62
Trd, 4319643.143, 140
Trd, 4319643.443, 139
Trd, 4319643.493, 139
Trd, 4319644.893, 82
Trd, 4319645.643, 87
Trd, 4319646.093, 78
Trd, 4319646.243, 77
Trd, 4319646.693, 89
Trd, 4319648.143, 138
Trd, 4319648.343, 136
Trd, 4319648.793, 120
Trd, 4319649.893, 140
Trd, 4319650.293, 136
Trd, 4319650.343, 135
Trd, 4319650.943, 97
Trd, 4319651.393, 121
Trd, 4319651.593, 106
Trd, 4319652.593, 63
Trd, 4319653.143, 61
Trd, 4319654.193, 65
Trd, 4319654.893, 62
Trd, 4319655.793, 80
Trd, 4319656.443, 68
Trd, 4319656.993, 62
Trd, 4319657.393, 63
Trd, 4319658.543, 67
Trd, 4319660.143, 72
Trd, 4319660.393, 113
Trd, 4319662.293, 122
Trd, 4319662.443, 119
Trd, 4319662.493, 98
Trd, 4319663.093, 140
Trd, 4319663.743, 140
Trd, 4319664.393, 140
Trd, 4319664.843, 140
Trd, 4319665.743, 140
Trd, 4319666.543, 61
Trd, 4319667.493, 64
Trd, 4319668.943, 88
Trd, 4319670.093, 97
Trd, 4319670.493, 96
Trd, 4319670.993, 140
Trd, 4319672.943, 139
Trd, 4319673.093, 114
Trd, 4319673.143, 77
Trd, 4319674.043, 121
Trd, 4319674.193, 79
Trd, 4319675.193, 79
Trd, 4319675.743, 139
Trd, 4319676.543, 99
Trd, 4319678.543, 140
Trd, 4319678.693, 140
Trd, 4319679.393, 126
Trd, 4319679.493, 94
Trd, 4319680.493, 139
Trd, 4319681.843, 140
Trd, 4319682.343, 140
Trd, 4319682.593, 98
Trd, 4319683.843, 140
Trd, 4319685.743, 77
Trd, 4319686.293, 84
Trd, 4319687.093, 140
Trd, 4319687.593, 140
Trd, 4319687.893, 140
Trd, 4319689.093, 139
Trd, 4319689.593, 98
Trd, 4319690.243, 140
Trd, 4319690.343, 132
Trd, 4319691.793, 89
Trd, 4319692.293, 75
Trd, 4319693.593, 140
Trd, 4319694.693, 96
Trd, 4319694.843, 96
Trd, 4319695.093, 94
Trd, 4319696.243, 69
Trd, 4319696.593, 92
Trd, 4319698.143, 60
Trd, 4319698.593, 99
Trd, 4319698.843, 108
Trd, 4319699.743, 140
Trd, 4319699.893, 139
Trd, 4319700.443, 107
Trd, 4319700.643, 106
Trd, 4319702.143, 140
Trd, 4319702.293, 120
Trd, 4319703.793, 103
Trd, 4319704.493, 139
Trd, 4319704.543, 138
Trd, 4319706.143, 106
Trd, 4319706.793, 87
Trd, 4319707.343, 65
Trd, 4319708.243, 123
Trd, 4319708.543, 122
Trd, 4319709.543, 140
Trd, 4319709.643, 90
Trd, 4319711.693, 140
Trd, 4319712.393, 127
Trd, 4319712.493, 126
Trd, 4319713.993, 111
Trd, 4319714.243, 125
Trd, 4319715.043, 122
Trd, 4319715.393, 107
Trd, 4319715.493, 103
Trd, 4319715.793, 140
Trd, 4319715.893, 117
Trd, 4319716.843, 66
Trd, 4319717.343, 103
Trd, 4319717.493, 89
Trd, 4319717.993, 106
Trd, 4319719.043, 66
Trd, 4319719.793, 66
Trd, 4319721.193, 83
Trd, 4319721.543, 119
Trd, 4319721.643, 82
Trd, 4319722.343, 65
Trd, 4319723.843, 68
Trd, 4319724.193, 65
Trd, 4319726.093, 61
Trd, 4319726.293, 70
Trd, 4319726.993, 86
Trd, 4319728.843, 135
Trd, 4319729.143, 118
Trd, 4319729.243, 103
Trd, 4319730.043, 116
Trd, 4319730.593, 78
Trd, 4319730.993, 94
Trd, 4319731.543, 116
Trd, 4319732.043, 74
Trd, 4319732.243, 103
Trd, 4319732.993, 138
Trd, 4319733.843, 79
Trd, 4319734.193, 67
Trd, 4319735.243, 140
Trd, 4319736.393, 116
Trd, 4319737.043, 102
Trd, 4319737.843, 140
Trd, 4319737.993, 130
Trd, 4319740.243, 61
Trd, 4319740.743, 64
Trd, 4319741.543, 71
Trd, 4319742.393, 74
Trd, 4319743.343, 88
Trd, 4319744.243, 128
Trd, 4319744.793, 140
Trd, 4319745.693, 118
Trd, 4319745.843, 116
Trd, 4319746.793, 89
Trd, 4319747.143, 73
Trd, 4319747.243, 67
Trd, 4319748.293, 131
Trd, 4319748.743, 107
Trd, 4319750.693, 140
Trd, 4319751.893, 140
Trd, 4319754.393, 140
Trd, 4319754.993, 140
Trd, 4319755.143, 140
Trd, 4319755.343, 139
Trd, 4319755.443, 113
Trd, 4319755.843, 113
Trd, 4319755.943, 100
Trd, 4319756.593, 116
Trd, 4319757.143, 140
Trd, 4319757.493, 99
Trd, 4319759.143, 63
Trd, 4319759.643, 62
Trd, 4319761.343, 61
Trd, 4319762.193, 61
Trd, 4319763.293, 64
Trd, 4319763.793, 62
Trd, 4319764.893, 67
Trd, 4319766.443, 69
Trd, 4319766.593, 71
Trd, 4319767.293, 60
Trd, 4319768.443, 60
Trd, 4319768.693, 63
Trd, 4319769.193, 64
Trd, 4319769.543, 81
Trd, 4319770.493, 140
Trd, 4319770.693, 140
Trd, 4319770.943, 140
Trd, 4319771.393, 113
Trd, 4319772.193, 64
Trd, 4319772.493, 69
Trd, 4319773.543, 61
Trd, 4319774.893, 67
Trd, 4319775.193, 60
Trd, 4319776.293, 60
Trd, 4319776.493, 68
Trd, 4319777.143, 62
Trd, 4319777.743, 85
Trd, 4319778.493, 64
Trd, 4319778.743, 63
Trd, 4319779.293, 65
Trd, 4319781.093, 60
Trd, 4319781.843, 60
Trd, 4319782.343, 61
Trd, 4319782.643, 62
Trd, 4319784.293, 60
Trd, 4319784.693, 61
Trd, 4319786.493, 61
Trd, 4319786.743, 61
Trd, 4319787.343, 89
Trd, 4319787.493, 65
Trd, 4319790.043, 61
Trd, 4319790.243, 64
Trd, 4319790.843, 70
Trd, 4319790.943, 70
Trd, 4319791.543, 101
Trd, 4319791.793, 110
Trd, 4319793.893, 67
Trd, 4319794.093, 96
Trd, 4319794.393, 65
Trd, 4319794.993, 64
Trd, 4319795.643, 63
Trd, 4319796.243, 60
Trd, 4319796.743, 139
Trd, 4319798.643, 138
Trd, 4319798.843, 109
Trd, 4319798.993, 95
Trd, 4319799.443, 140
Trd, 4319799.593, 92
Trd, 4319800.293, 68
Trd, 4319801.343, 113
Trd, 4319803.043, 139
Trd, 4319803.793, 124
Trd, 4319804.293, 131
Trd, 4319806.343, 123
Trd, 4319806.393, 106
Trd, 4319806.943, 140
Trd, 4319808.693, 70
Trd, 4319808.993, 133
Trd, 4319809.493, 93
Trd, 4319809.793, 92
Trd, 4319810.343, 140
Trd, 4319811.693, 92
Trd, 4319812.643, 81
Trd, 4319813.493, 97
Trd, 4319814.593, 96
Trd, 4319814.793, 130
Trd, 4319815.193, 117
Trd, 4319815.243, 90
Trd, 4319815.393, 73
Trd, 4319816.143, 61
Trd, 4319816.893, 72
Trd, 4319817.743, 113
Trd, 4319817.943, 112
Trd, 4319818.443, 126
Trd, 4319819.793, 102
Trd, 4319820.043, 101
Trd, 4319820.593, 140
Trd, 4319821.493, 140
Trd, 4319822.043, 138
Trd, 4319822.443, 129
Trd, 4319822.843, 111
Trd, 4319825.093, 139
Trd, 4319826.393, 140
Trd, 4319827.793, 132
Trd, 4319827.843, 131
Trd, 4319828.143, 130
Trd, 4319828.193, 125
Trd, 4319829.093, 131
Trd, 4319829.343, 116
Trd, 4319829.593, 136
Trd, 4319829.693, 105
Trd, 4319830.443, 125
Trd, 4319830.543, 112
Trd, 4319830.643, 111
Trd, 4319831.443, 139
Trd, 4319831.793, 113
Trd, 4319835.043, 137
Trd, 4319835.443, 137
Trd, 4319835.743, 135
Trd, 4319836.043, 116
Trd, 4319836.943, 103
Trd, 4319837.293, 140
Trd, 4319838.343, 85
Trd, 4319838.943, 69
Trd, 4319839.043, 75
Trd, 4319839.543, 60
Trd, 4319841.343, 64
Trd, 4319841.543, 65
Trd, 4319841.593, 71
Trd, 4319842.643, 98
Trd, 4319843.543, 100
Trd, 4319843.793, 95
Trd, 4319844.843, 66
Trd, 4319845.993, 66
Trd, 4319846.943, 140
Trd, 4319847.293, 140
Trd, 4319847.443, 133
Trd, 4319848.543, 129
Trd, 4319849.493, 138
Trd, 4319849.843, 99
Trd, 4319850.193, 93
Trd, 4319850.693, 70
Trd, 4319851.193, 140
Trd, 4319852.393, 140
Trd, 4319853.593, 140
Trd, 4319854.193, 140
Trd, 4319854.443, 133
Trd, 4319854.943, 113
Trd, 4319855.243, 104
Trd, 4319857.143, 66
Trd, 4319857.893, 140
Trd, 4319857.993, 140
Trd, 4319858.143, 121
Trd, 4319858.843, 105
Trd, 4319860.193, 140
Trd, 4319860.243, 91
Trd, 4319861.043, 72
Trd, 4319861.193, 71
Trd, 4319862.843, 67
Trd, 4319863.093, 69
Trd, 4319863.243, 66
Trd, 4319864.793, 103
Trd, 4319864.843, 102
Trd, 4319865.493, 91
Trd, 4319866.193, 140
Trd, 4319866.643, 101
Trd, 4319868.243, 114
Trd, 4319868.893, 77
Trd, 4319869.193, 64
Trd, 4319869.943, 115
Trd, 4319870.343, 111
Trd, 4319871.243, 120
Trd, 4319874.293, 61
Trd, 4319874.493, 61
Trd, 4319875.093, 60
Trd, 4319875.843, 60
Trd, 4319876.793, 60
Trd, 4319876.843, 61
Trd, 4319878.493, 62
Trd, 4319878.643, 63
Trd, 4319879.743, 134
Trd, 4319880.093, 82
Trd, 4319880.443, 61
Trd, 4319881.143, 66
Trd, 4319881.343, 64
Trd, 4319882.043, 140
Trd, 4319882.593, 120
Trd, 4319884.893, 102
Trd, 4319885.593, 90
Trd, 4319886.943, 140
Trd, 4319887.143, 140
Trd, 4319887.543, 139
Trd, 4319888.593, 136
Trd, 4319889.393, 126
Trd, 4319889.743, 129
Trd, 4319891.043, 113
Trd, 4319891.143, 109
Trd, 4319891.543, 136
Trd, 4319891.593, 106
Trd, 4319892.693, 111
Trd, 4319893.243, 103
Trd, 4319893.993, 106
Trd, 4319894.943, 87
Trd, 4319895.543, 105
Trd, 4319895.593, 103
Trd, 4319896.143, 68
Trd, 4319896.293, 64
Trd, 4319897.743, 140
Trd, 4319898.043, 105
Trd, 4319899.393, 125
Trd, 4319899.893, 125
Trd, 4319900.443, 92
Trd, 4319900.493, 83
Trd, 4319901.743, 140
Trd, 4319901.893, 139
Trd, 4319902.543, 63
Trd, 4319903.043, 62
Trd, 4319904.993, 122
Trd, 4319905.443, 60
Trd, 4319905.843, 88
Trd, 4319906.593, 93
Trd, 4319906.793, 91
Trd, 4319907.593, 124
Trd, 4319908.593, 112
Trd, 4319908.743, 86
Trd, 4319910.043, 140
Trd, 4319910.293, 140
Trd, 4319911.643, 140
Trd, 4319912.543, 140
Trd, 4319912.943, 137
Trd, 4319913.143, 134
Trd, 4319913.293, 118
Trd, 4319913.893, 67
Trd, 4319916.393, 61
Trd, 4319917.043, 79
Trd, 4319917.443, 140
Trd, 4319918.643, 110
Trd, 4319919.343, 120
Trd, 4319920.193, 140
Trd, 4319920.543, 95
Trd, 4319920.843, 90
Trd, 4319921.943, 96
Trd, 4319922.543, 95
Trd, 4319922.593, 88
Trd, 4319924.393, 139
Trd, 4319925.143, 126
Trd, 4319925.293, 101
Trd, 4319925.543, 91
Trd, 4319925.993, 140
Trd, 4319928.793, 140
Trd, 4319929.093, 109
Trd, 4319929.243, 95
Trd, 4319930.343, 140
Trd, 4319931.643, 140
Trd, 4319932.543, 130
Trd, 4319933.043, 134
Trd, 4319933.293, 127
Trd, 4319933.793, 81
Trd, 4319933.843, 80
Trd, 4319934.193, 79
Trd, 4319935.443, 64
Trd, 4319936.443, 61
Trd, 4319938.593, 140
Trd, 4319939.043, 140
Trd, 4319939.243, 115
Trd, 4319939.693, 74
Trd, 4319940.343, 139
Trd, 4319940.943, 90
Trd, 4319941.993, 62
Trd, 4319942.193, 67
Trd, 4319943.293, 65
Trd, 4319943.743, 129
Trd, 4319944.343, 86
Trd, 4319944.393, 78
Trd, 4319944.943, 140
Trd, 4319945.143, 138
Trd, 4319947.493, 109
Trd, 4319948.343, 96
Trd, 4319948.743, 129
Trd, 4319949.193, 85
Trd, 4319950.193, 123
Trd, 4319950.343, 122
Trd, 4319952.293, 140
Trd, 4319952.643, 138
Trd, 4319952.793, 110
Trd, 4319952.893, 87
Trd, 4319953.393, 60
Trd, 4319954.143, 85
Trd, 4319955.193, 140
Trd, 4319955.393, 114
Trd, 4319955.943, 95
Trd, 4319956.243, 92
Trd, 4319958.143, 65
Trd, 4319958.743, 60
Trd, 4319959.343, 63
Trd, 4319960.043, 66
Trd, 4319960.643, 61
Trd, 4319961.343, 60
Trd, 4319961.743, 60
Trd, 4319962.493, 69
Trd, 4319962.643, 77
Trd, 4319963.243, 77
Trd, 4319964.343, 93
Trd, 4319964.593, 113
Trd, 4319966.043, 124
Trd, 4319966.393, 123
Trd, 4319966.543, 122
Trd, 4319967.093, 138
Trd, 4319967.993, 140
Trd, 4319969.643, 140
Trd, 4319971.293, 137
Trd, 4319971.343, 114
Trd, 4319971.643, 112
Trd, 4319971.743, 106
Trd, 4319972.793, 140
Trd, 4319974.093, 95
Trd, 4319974.393, 89
Trd, 4319975.143, 135
Trd, 4319976.443, 91
Trd, 4319977.243, 139
Trd, 4319978.393, 113
Trd, 4319978.693, 107
Trd, 4319979.643, 140
Trd, 4319979.843, 140
Trd, 4319980.243, 135
Trd, 4319980.293, 117
Trd, 4319980.993, 134
Trd, 4319981.543, 78
Trd, 4319981.893, 117
Trd, 4319982.343, 92
Trd, 4319983.143, 92
Trd, 4319984.143, 83
Trd, 4319984.293, 84
Trd, 4319985.593, 140
Trd, 4319985.693, 120
Trd, 4319986.093, 115
Trd, 4319987.343, 91
Trd, 4319987.443, 89
Trd, 4319987.893, 81
Trd, 4319988.643, 140
Trd, 4319989.543, 61
Trd, 4319991.093, 140
Trd, 4319991.143, 140
Trd, 4319992.143, 139
Trd, 4319992.793, 114
Trd, 4319994.393, 98
Trd, 4319996.443, 140
Trd, 4319996.543, 140
Trd, 4319996.743, 139
Trd, 4319998.043, 94
Trd, 4319998.293, 139
Trd, 4319998.893, 102
Trd, 4319998.993, 93
