Trd, 4318126.943, 128
Trd, 4318127.493, 124
Trd, 4318128.693, 129
Trd, 4318129.643, 112
Trd, 4318130.093, 108
Trd, 4318130.743, 111
Trd, 4318132.243, 93
Trd, 4318132.543, 92
Trd, 4318133.093, 133
Trd, 4318134.093, 126
Trd, 4318134.193, 114
Trd, 4318134.993, 106
Trd, 4318135.793, 123
Trd, 4318136.193, 80
Trd, 4318138.093, 98
Trd, 4318138.793, 94
Trd, 4318138.993, 84
Trd, 4318139.493, 95
Trd, 4318139.593, 126
Trd, 4318140.043, 82
Trd, 4318140.743, 136
Trd, 4318141.293, 128
Trd, 4318141.393, 124
Trd, 4318142.093, 95
Trd, 4318143.343, 122
Trd, 4318144.693, 88
Trd, 4318145.793, 91
Trd, 4318147.193, 102
Trd, 4318147.343, 100
Trd, 4318147.393, 90
Trd, 4318147.693, 93
Trd, 4318147.893, 95
Trd, 4318148.693, 83
Trd, 4318149.343, 80
Trd, 4318149.693, 129
Trd, 4318150.943, 134
Trd, 4318151.193, 81
Trd, 4318152.793, 62
Trd, 4318153.243, 79
Trd, 4318154.043, 79
Trd, 4318154.093, 110
Trd, 4318154.893, 91
Trd, 4318156.293, 66
Trd, 4318156.693, 73
Trd, 4318157.093, 138
Trd, 4318157.743, 79
Trd, 4318158.593, 139
Trd, 4318159.143, 123
Trd, 4318160.293, 120
Trd, 4318160.893, 119
Trd, 4318161.593, 103
Trd, 4318162.493, 78
Trd, 4318162.843, 75
Trd, 4318163.343, 132
Trd, 4318163.543, 91
Trd, 4318164.993, 83
Trd, 4318165.643, 113
Trd, 4318166.693, 131
Trd, 4318167.693, 100
Trd, 4318167.893, 88
Trd, 4318169.593, 140
Trd, 4318169.943, 124
Trd, 4318170.143, 111
Trd, 4318171.993, 103
Trd, 4318172.293, 80
Trd, 4318172.793, 83
Trd, 4318173.493, 89
Trd, 4318174.693, 105
Trd, 4318174.793, 95
Trd, 4318175.243, 60
Trd, 4318175.843, 103
Trd, 4318176.093, 62
Trd, 4318176.293, 67
Trd, 4318176.893, 133
Trd, 4318177.393, 93
Trd, 4318178.693, 68
Trd, 4318180.893, 130
Trd, 4318181.543, 129
Trd, 4318181.593, 85
Trd, 4318182.243, 83
Trd, 4318182.743, 118
Trd, 4318184.143, 134
Trd, 4318184.243, 131
Trd, 4318184.293, 120
Trd, 4318184.593, 110
Trd, 4318188.293, 81
Trd, 4318188.443, 84
Trd, 4318188.893, 90
Trd, 4318189.443, 104
Trd, 4318189.543, 112
Trd, 4318189.743, 102
Trd, 4318189.943, 69
Trd, 4318191.193, 115
Trd, 4318191.343, 96
Trd, 4318192.793, 63
Trd, 4318193.743, 136
Trd, 4318194.943, 62
Trd, 4318195.743, 71
Trd, 4318196.593, 63
Trd, 4318196.943, 66
Trd, 4318198.243, 122
Trd, 4318198.593, 115
Trd, 4318198.693, 76
Trd, 4318199.743, 119
Trd, 4318199.793, 118
Trd, 4318202.293, 116
Trd, 4318202.993, 136
Trd, 4318203.093, 92
Trd, 4318203.643, 91
Trd, 4318203.843, 119
Trd, 4318204.193, 139
Trd, 4318204.793, 107
Trd, 4318204.993, 101
Trd, 4318205.643, 86
Trd, 4318206.293, 132
Trd, 4318207.243, 129
Trd, 4318210.943, 139
Trd, 4318211.143, 130
Trd, 4318211.193, 126
Trd, 4318211.443, 116
Trd, 4318212.143, 114
Trd, 4318213.043, 138
Trd, 4318213.693, 123
Trd, 4318213.843, 140
Trd, 4318214.293, 90
Trd, 4318214.993, 139
Trd, 4318215.693, 128
Trd, 4318216.193, 117
Trd, 4318216.393, 131
Trd, 4318216.443, 110
Trd, 4318218.393, 137
Trd, 4318218.693, 136
Trd, 4318219.593, 129
Trd, 4318219.693, 128
Trd, 4318220.343, 117
Trd, 4318220.793, 123
Trd, 4318220.943, 112
Trd, 4318222.443, 78
Trd, 4318222.693, 91
Trd, 4318223.293, 102
Trd, 4318223.393, 72
Trd, 4318225.293, 73
Trd, 4318225.743, 129
Trd, 4318226.143, 139
Trd, 4318226.393, 124
Trd, 4318226.543, 133
Trd, 4318226.593, 112
Trd, 4318227.643, 91
Trd, 4318227.743, 89
Trd, 4318231.493, 86
Trd, 4318231.593, 100
Trd, 4318232.043, 67
Trd, 4318232.443, 129
Trd, 4318233.043, 88
Trd, 4318233.893, 68
Trd, 4318234.493, 73
Trd, 4318235.093, 64
Trd, 4318237.193, 131
Trd, 4318237.293, 130
Trd, 4318239.293, 114
Trd, 4318239.743, 102
Trd, 4318240.843, 138
Trd, 4318241.093, 123
Trd, 4318241.793, 119
Trd, 4318243.043, 79
Trd, 4318243.543, 128
Trd, 4318243.943, 124
Trd, 4318244.643, 138
Trd, 4318245.443, 129
Trd, 4318245.943, 114
Trd, 4318247.193, 136
Trd, 4318247.793, 128
Trd, 4318248.743, 108
Trd, 4318249.343, 107
Trd, 4318249.943, 111
Trd, 4318250.743, 139
Trd, 4318251.043, 127
Trd, 4318252.793, 105
Trd, 4318253.093, 101
Trd, 4318253.443, 99
Trd, 4318253.543, 95
Trd, 4318254.293, 123
Trd, 4318254.843, 100
Trd, 4318256.443, 140
Trd, 4318256.493, 140
Trd, 4318256.943, 138
Trd, 4318257.443, 105
Trd, 4318257.793, 114
Trd, 4318258.543, 96
Trd, 4318259.443, 114
Trd, 4318260.993, 135
Trd, 4318261.143, 123
Trd, 4318263.443, 140
Trd, 4318263.493, 137
Trd, 4318264.343, 101
Trd, 4318264.593, 92
Trd, 4318265.493, 66
Trd, 4318265.643, 108
Trd, 4318266.093, 69
Trd, 4318268.443, 74
Trd, 4318268.593, 84
Trd, 4318268.843, 79
Trd, 4318269.493, 104
Trd, 4318269.793, 121
Trd, 4318270.493, 76
Trd, 4318271.593, 97
Trd, 4318274.543, 119
Trd, 4318274.743, 114
Trd, 4318274.793, 113
Trd, 4318275.693, 76
Trd, 4318276.243, 85
Trd, 4318276.743, 76
Trd, 4318276.843, 92
Trd, 4318277.243, 115
Trd, 4318277.293, 127
Trd, 4318278.693, 108
Trd, 4318278.743, 100
Trd, 4318278.993, 80
Trd, 4318279.993, 102
Trd, 4318280.243, 101
Trd, 4318281.193, 120
Trd, 4318283.193, 73
Trd, 4318283.593, 97
Trd, 4318283.893, 98
Trd, 4318284.343, 93
Trd, 4318284.693, 109
Trd, 4318285.093, 107
Trd, 4318286.293, 138
Trd, 4318287.443, 140
Trd, 4318287.593, 128
Trd, 4318287.943, 130
Trd, 4318289.743, 134
Trd, 4318290.693, 81
Trd, 4318291.593, 128
Trd, 4318292.093, 119
Trd, 4318292.143, 115
Trd, 4318293.043, 106
Trd, 4318293.193, 135
Trd, 4318293.793, 104
Trd, 4318294.143, 102
Trd, 4318294.443, 112
Trd, 4318294.593, 91
Trd, 4318296.593, 77
Trd, 4318297.793, 86
Trd, 4318298.393, 108
Trd, 4318298.793, 115
Trd, 4318299.293, 96
Trd, 4318299.543, 94
Trd, 4318299.993, 89
Trd, 4318300.093, 65
Trd, 4318301.343, 62
Trd, 4318301.693, 82
Trd, 4318302.143, 85
Trd, 4318305.343, 60
Trd, 4318305.943, 89
Trd, 4318306.493, 96
Trd, 4318306.693, 84
Trd, 4318307.693, 113
Trd, 4318309.193, 109
Trd, 4318309.943, 110
Trd, 4318310.443, 99
Trd, 4318310.493, 89
Trd, 4318311.143, 107
Trd, 4318311.843, 106
Trd, 4318312.943, 135
Trd, 4318312.993, 98
Trd, 4318314.243, 137
Trd, 4318314.893, 122
Trd, 4318315.593, 102
Trd, 4318316.043, 136
Trd, 4318316.093, 135
Trd, 4318316.343, 117
Trd, 4318316.743, 106
Trd, 4318317.193, 90
Trd, 4318320.043, 82
Trd, 4318320.393, 80
Trd, 4318321.043, 101
Trd, 4318321.443, 94
Trd, 4318321.643, 138
Trd, 4318321.993, 73
Trd, 4318323.193, 140
Trd, 4318323.893, 71
Trd, 4318324.493, 115
Trd, 4318324.943, 68
Trd, 4318325.643, 123
Trd, 4318325.843, 70
Trd, 4318327.043, 128
Trd, 4318327.643, 128
Trd, 4318327.843, 110
Trd, 4318328.743, 106
Trd, 4318329.293, 95
Trd, 4318331.493, 98
Trd, 4318331.743, 96
Trd, 4318332.943, 98
Trd, 4318333.743, 130
Trd, 4318334.393, 94
Trd, 4318334.943, 139
Trd, 4318335.543, 104
Trd, 4318336.243, 87
Trd, 4318337.143, 107
Trd, 4318337.393, 112
Trd, 4318337.443, 86
Trd, 4318339.093, 65
Trd, 4318340.693, 94
Trd, 4318341.693, 100
Trd, 4318341.893, 110
Trd, 4318342.143, 105
Trd, 4318342.393, 140
Trd, 4318343.093, 139
Trd, 4318343.393, 126
Trd, 4318343.743, 106
Trd, 4318344.043, 91
Trd, 4318345.243, 108
Trd, 4318345.743, 137
Trd, 4318347.893, 95
Trd, 4318348.043, 93
Trd, 4318348.993, 136
Trd, 4318349.543, 130
Trd, 4318349.793, 118
Trd, 4318349.943, 106
Trd, 4318350.693, 123
Trd, 4318351.243, 112
Trd, 4318352.193, 97
Trd, 4318352.343, 93
Trd, 4318352.843, 100
Trd, 4318353.543, 114
Trd, 4318354.493, 76
Trd, 4318354.543, 72
Trd, 4318355.843, 82
Trd, 4318356.043, 118
Trd, 4318356.543, 109
Trd, 4318357.093, 125
Trd, 4318357.943, 121
Trd, 4318358.243, 105
Trd, 4318360.793, 140
Trd, 4318361.843, 140
Trd, 4318362.143, 128
Trd, 4318362.393, 111
Trd, 4318362.443, 110
Trd, 4318362.643, 88
Trd, 4318363.793, 110
Trd, 4318364.593, 118
Trd, 4318366.543, 89
Trd, 4318366.893, 85
Trd, 4318367.293, 68
Trd, 4318368.243, 95
Trd, 4318368.893, 67
Trd, 4318369.593, 123
Trd, 4318370.043, 140
Trd, 4318370.843, 64
Trd, 4318371.693, 101
Trd, 4318372.043, 83
Trd, 4318373.543, 91
Trd, 4318374.893, 125
Trd, 4318375.443, 130
Trd, 4318376.293, 104
Trd, 4318377.443, 132
Trd, 4318377.793, 126
Trd, 4318377.993, 100
Trd, 4318378.293, 136
Trd, 4318378.643, 89
Trd, 4318380.743, 105
Trd, 4318381.393, 78
Trd, 4318382.043, 116
Trd, 4318383.443, 101
Trd, 4318383.743, 136
Trd, 4318383.943, 123
Trd, 4318384.093, 77
Trd, 4318384.843, 106
Trd, 4318385.743, 68
Trd, 4318385.893, 90
Trd, 4318386.293, 103
Trd, 4318386.993, 116
Trd, 4318387.093, 121
Trd, 4318388.243, 109
Trd, 4318388.743, 106
Trd, 4318388.843, 105
Trd, 4318389.243, 120
Trd, 4318390.493, 105
Trd, 4318391.143, 98
Trd, 4318392.743, 91
Trd, 4318393.393, 82
Trd, 4318394.793, 90
Trd, 4318395.393, 90
Trd, 4318395.493, 82
Trd, 4318396.043, 137
Trd, 4318397.093, 137
Trd, 4318397.643, 133
Trd, 4318397.693, 119
Trd, 4318399.093, 119
Trd, 4318399.693, 111
Trd, 4318400.243, 98
Trd, 4318400.943, 121
Trd, 4318401.793, 61
Trd, 4318402.593, 70
Trd, 4318403.393, 65
Trd, 4318403.943, 118
Trd, 4318405.043, 138
Trd, 4318406.343, 103
Trd, 4318406.843, 112
Trd, 4318407.093, 87
Trd, 4318407.993, 139
Trd, 4318408.293, 133
Trd, 4318409.343, 101
Trd, 4318410.893, 104
Trd, 4318412.343, 97
Trd, 4318412.993, 112
Trd, 4318413.243, 123
Trd, 4318413.343, 107
Trd, 4318413.743, 106
Trd, 4318415.443, 97
Trd, 4318415.593, 94
Trd, 4318415.893, 135
Trd, 4318416.693, 131
Trd, 4318418.343, 86
Trd, 4318419.293, 91
Trd, 4318419.393, 90
Trd, 4318419.543, 96
Trd, 4318420.893, 101
Trd, 4318421.493, 134
Trd, 4318422.093, 92
Trd, 4318422.893, 77
Trd, 4318423.593, 140
Trd, 4318424.743, 130
Trd, 4318424.943, 127
Trd, 4318425.743, 85
Trd, 4318427.143, 91
Trd, 4318427.593, 108
Trd, 4318428.393, 116
Trd, 4318428.793, 88
Trd, 4318428.893, 84
Trd, 4318429.593, 119
Trd, 4318431.343, 73
Trd, 4318431.393, 89
Trd, 4318432.093, 116
Trd, 4318432.143, 113
Trd, 4318432.643, 77
Trd, 4318434.493, 126
Trd, 4318434.743, 139
Trd, 4318435.193, 124
Trd, 4318435.993, 104
Trd, 4318436.993, 138
Trd, 4318438.243, 85
Trd, 4318438.393, 83
Trd, 4318438.993, 66
Trd, 4318439.343, 68
Trd, 4318439.643, 136
Trd, 4318440.243, 117
Trd, 4318441.443, 75
Trd, 4318442.943, 105
Trd, 4318443.793, 99
Trd, 4318444.143, 98
Trd, 4318444.393, 138
Trd, 4318444.543, 89
Trd, 4318444.843, 88
Trd, 4318445.593, 73
Trd, 4318446.393, 105
Trd, 4318446.893, 127
Trd, 4318448.443, 117
Trd, 4318449.093, 134
Trd, 4318449.843, 113
Trd, 4318450.243, 140
Trd, 4318450.693, 128
Trd, 4318450.943, 125
Trd, 4318452.293, 122
Trd, 4318453.293, 125
Trd, 4318453.543, 118
Trd, 4318454.543, 140
Trd, 4318454.893, 129
Trd, 4318455.593, 105
Trd, 4318456.143, 104
Trd, 4318456.243, 78
Trd, 4318457.543, 112
Trd, 4318457.743, 111
Trd, 4318457.993, 87
Trd, 4318458.043, 70
Trd, 4318458.993, 112
Trd, 4318459.893, 105
Trd, 4318460.943, 85
Trd, 4318461.993, 137
Trd, 4318462.893, 121
Trd, 4318464.443, 128
Trd, 4318464.743, 119
Trd, 4318465.743, 131
Trd, 4318466.543, 124
Trd, 4318467.593, 140
Trd, 4318467.793, 140
Trd, 4318468.193, 111
Trd, 4318469.493, 101
Trd, 4318471.043, 121
Trd, 4318471.393, 79
Trd, 4318472.693, 68
Trd, 4318473.793, 99
Trd, 4318474.543, 95
Trd, 4318475.293, 97
Trd, 4318475.443, 111
Trd, 4318475.843, 138
Trd, 4318476.243, 109
Trd, 4318477.843, 138
Trd, 4318477.993, 130
Trd, 4318478.893, 94
Trd, 4318479.443, 87
Trd, 4318479.643, 118
Trd, 4318480.943, 65
Trd, 4318481.143, 83
Trd, 4318482.343, 80
Trd, 4318483.243, 133
Trd, 4318483.843, 119
Trd, 4318483.893, 102
Trd, 4318484.143, 80
Trd, 4318484.243, 76
Trd, 4318485.343, 78
Trd, 4318486.143, 93
Trd, 4318488.643, 67
Trd, 4318489.293, 78
Trd, 4318490.143, 85
Trd, 4318490.293, 84
Trd, 4318490.793, 95
Trd, 4318491.343, 67
Trd, 4318491.993, 84
Trd, 4318494.693, 75
Trd, 4318495.043, 69
Trd, 4318495.343, 79
Trd, 4318495.443, 68
Trd, 4318495.993, 83
Trd, 4318496.093, 130
Trd, 4318498.243, 89
Trd, 4318498.643, 133
Trd, 4318499.093, 95
Trd, 4318499.793, 93
Trd, 4318501.543, 100
Trd, 4318501.593, 96
Trd, 4318501.693, 111
Trd, 4318504.143, 123
Trd, 4318504.443, 112
Trd, 4318504.593, 85
Trd, 4318504.643, 127
Trd, 4318505.493, 135
Trd, 4318506.093, 138
Trd, 4318506.443, 135
Trd, 4318506.843, 117
Trd, 4318506.993, 92
Trd, 4318507.593, 133
Trd, 4318508.843, 94
Trd, 4318508.943, 83
Trd, 4318509.893, 107
Trd, 4318510.693, 119
Trd, 4318512.493, 105
Trd, 4318513.393, 120
Trd, 4318513.793, 78
Trd, 4318514.343, 137
Trd, 4318514.943, 101
Trd, 4318515.893, 105
Trd, 4318516.293, 84
Trd, 4318518.043, 92
Trd, 4318518.093, 106
Trd, 4318518.393, 120
Trd, 4318519.543, 92
Trd, 4318519.593, 90
Trd, 4318519.893, 86
Trd, 4318519.943, 105
Trd, 4318519.993, 114
Trd, 4318520.793, 86
Trd, 4318522.093, 67
Trd, 4318522.843, 78
Trd, 4318525.443, 119
Trd, 4318525.493, 115
Trd, 4318525.943, 122
Trd, 4318526.593, 113
Trd, 4318527.693, 139
Trd, 4318528.043, 131
Trd, 4318528.093, 115
Trd, 4318528.193, 66
Trd, 4318528.943, 131
Trd, 4318529.993, 111
Trd, 4318530.143, 108
Trd, 4318530.493, 97
Trd, 4318532.143, 140
Trd, 4318532.693, 102
Trd, 4318532.743, 101
Trd, 4318533.043, 78
Trd, 4318533.693, 83
Trd, 4318534.343, 132
Trd, 4318535.193, 97
Trd, 4318536.343, 61
Trd, 4318536.543, 65
Trd, 4318536.643, 140
Trd, 4318537.793, 78
Trd, 4318538.343, 89
Trd, 4318538.543, 66
Trd, 4318540.693, 132
Trd, 4318541.393, 113
Trd, 4318541.743, 108
Trd, 4318541.893, 100
Trd, 4318541.993, 85
Trd, 4318543.543, 63
Trd, 4318545.143, 108
Trd, 4318545.693, 69
Trd, 4318545.993, 97
Trd, 4318547.493, 107
Trd, 4318547.693, 100
Trd, 4318548.293, 116
Trd, 4318548.743, 117
Trd, 4318549.393, 140
Trd, 4318550.093, 140
Trd, 4318550.343, 139
Trd, 4318551.193, 131
Trd, 4318552.543, 103
Trd, 4318553.243, 94
Trd, 4318553.843, 98
Trd, 4318554.093, 95
Trd, 4318554.443, 98
Trd, 4318555.093, 93
Trd, 4318555.793, 116
Trd, 4318555.993, 140
Trd, 4318558.043, 97
Trd, 4318558.093, 91
Trd, 4318558.893, 107
Trd, 4318560.393, 138
Trd, 4318561.693, 135
Trd, 4318561.843, 131
Trd, 4318562.793, 129
Trd, 4318562.893, 128
Trd, 4318562.943, 64
Trd, 4318563.543, 103
Trd, 4318563.993, 99
Trd, 4318565.743, 134
Trd, 4318565.893, 128
Trd, 4318566.143, 115
Trd, 4318566.243, 111
Trd, 4318567.893, 138
Trd, 4318569.093, 124
Trd, 4318571.093, 139
Trd, 4318572.043, 130
Trd, 4318572.343, 134
Trd, 4318572.543, 89
Trd, 4318572.793, 88
Trd, 4318574.143, 74
Trd, 4318574.443, 103
Trd, 4318576.743, 111
Trd, 4318577.943, 140
Trd, 4318578.893, 126
Trd, 4318579.043, 118
Trd, 4318579.893, 129
Trd, 4318580.343, 123
Trd, 4318580.643, 130
Trd, 4318582.043, 106
Trd, 4318582.893, 106
Trd, 4318583.843, 140
Trd, 4318584.693, 140
Trd, 4318584.743, 131
Trd, 4318584.893, 131
Trd, 4318586.743, 137
Trd, 4318587.293, 138
Trd, 4318587.443, 128
Trd, 4318587.593, 127
Trd, 4318588.243, 123
Trd, 4318589.293, 117
Trd, 4318589.343, 103
Trd, 4318589.943, 113
Trd, 4318589.993, 97
Trd, 4318591.343, 118
Trd, 4318591.543, 108
Trd, 4318592.093, 129
Trd, 4318592.993, 104
Trd, 4318593.493, 75
Trd, 4318594.043, 135
Trd, 4318595.643, 138
Trd, 4318595.743, 124
Trd, 4318596.043, 107
Trd, 4318597.093, 124
Trd, 4318597.893, 73
Trd, 4318598.643, 66
Trd, 4318599.193, 80
Trd, 4318601.693, 85
Trd, 4318601.843, 81
Trd, 4318602.143, 76
Trd, 4318602.293, 71
Trd, 4318602.943, 112
Trd, 4318603.443, 111
Trd, 4318605.293, 115
Trd, 4318606.043, 137
Trd, 4318606.343, 130
Trd, 4318606.643, 140
Trd, 4318606.743, 122
Trd, 4318607.543, 85
Trd, 4318608.543, 80
Trd, 4318609.193, 61
Trd, 4318609.343, 128
Trd, 4318610.843, 100
Trd, 4318611.343, 88
Trd, 4318611.643, 98
Trd, 4318611.743, 79
Trd, 4318613.243, 106
Trd, 4318613.643, 79
Trd, 4318613.993, 134
Trd, 4318615.743, 98
Trd, 4318617.343, 136
Trd, 4318617.493, 128
Trd, 4318619.393, 115
Trd, 4318619.643, 88
Trd, 4318620.143, 80
Trd, 4318622.093, 140
Trd, 4318622.843, 140
Trd, 4318622.993, 97
Trd, 4318623.243, 94
Trd, 4318623.643, 128
Trd, 4318625.993, 132
Trd, 4318626.543, 133
Trd, 4318626.893, 122
Trd, 4318627.643, 140
Trd, 4318627.793, 129
Trd, 4318628.393, 111
Trd, 4318628.593, 110
Trd, 4318628.743, 104
Trd, 4318629.743, 105
Trd, 4318631.093, 107
Trd, 4318631.143, 101
Trd, 4318631.393, 127
Trd, 4318632.493, 120
Trd, 4318634.843, 103
Trd, 4318634.893, 110
Trd, 4318635.293, 113
Trd, 4318635.593, 100
Trd, 4318636.043, 70
Trd, 4318636.693, 129
Trd, 4318637.993, 106
Trd, 4318638.143, 88
Trd, 4318639.493, 72
Trd, 4318640.243, 130
Trd, 4318640.893, 78
Trd, 4318641.643, 140
Trd, 4318642.443, 131
Trd, 4318643.443, 135
Trd, 4318643.943, 126
Trd, 4318644.643, 103
Trd, 4318645.543, 99
Trd, 4318646.093, 98
Trd, 4318647.243, 105
Trd, 4318648.093, 115
Trd, 4318648.743, 121
Trd, 4318649.093, 89
Trd, 4318649.443, 137
Trd, 4318651.143, 82
Trd, 4318651.393, 139
Trd, 4318652.793, 102
Trd, 4318653.293, 98
Trd, 4318653.693, 126
Trd, 4318654.543, 120
Trd, 4318655.093, 125
Trd, 4318655.193, 94
Trd, 4318655.393, 87
Trd, 4318656.393, 123
Trd, 4318657.793, 136
Trd, 4318659.193, 123
Trd, 4318659.593, 122
Trd, 4318659.643, 117
Trd, 4318659.843, 112
Trd, 4318660.793, 122
Trd, 4318663.593, 137
Trd, 4318663.693, 128
Trd, 4318665.143, 128
Trd, 4318665.643, 130
Trd, 4318665.843, 117
Trd, 4318666.293, 114
Trd, 4318666.743, 138
Trd, 4318667.543, 103
Trd, 4318667.793, 98
Trd, 4318668.143, 117
Trd, 4318670.143, 99
Trd, 4318670.293, 97
Trd, 4318670.443, 87
Trd, 4318671.243, 73
Trd, 4318671.643, 71
Trd, 4318671.993, 84
Trd, 4318672.393, 60
Trd, 4318673.343, 73
Trd, 4318675.393, 61
Trd, 4318675.643, 72
Trd, 4318676.243, 82
Trd, 4318676.393, 91
Trd, 4318677.093, 62
Trd, 4318678.493, 106
Trd, 4318679.193, 117
Trd, 4318679.243, 120
Trd, 4318679.893, 75
Trd, 4318680.043, 102
Trd, 4318681.143, 79
Trd, 4318682.343, 70
Trd, 4318683.693, 140
Trd, 4318683.893, 139
Trd, 4318684.293, 119
Trd, 4318684.793, 140
Trd, 4318685.143, 118
Trd, 4318686.193, 136
Trd, 4318686.243, 128
Trd, 4318687.643, 68
Trd, 4318687.843, 96
Trd, 4318689.143, 92
Trd, 4318689.843, 132
Trd, 4318690.043, 139
Trd, 4318690.293, 98
Trd, 4318690.343, 82
Trd, 4318691.143, 121
Trd, 4318691.443, 111
Trd, 4318692.443, 77
Trd, 4318693.293, 65
Trd, 4318693.843, 65
Trd, 4318694.343, 133
Trd, 4318695.943, 64
Trd, 4318696.043, 101
Trd, 4318697.443, 88
Trd, 4318698.843, 90
Trd, 4318699.743, 81
Trd, 4318700.343, 140
Trd, 4318700.493, 83
Trd, 4318701.093, 110
Trd, 4318702.143, 115
Trd, 4318702.743, 89
Trd, 4318703.493, 99
Trd, 4318703.643, 139
Trd, 4318704.693, 67
Trd, 4318704.843, 70
Trd, 4318705.493, 89
Trd, 4318706.993, 118
Trd, 4318707.443, 91
Trd, 4318707.643, 109
Trd, 4318707.743, 84
Trd, 4318708.243, 86
Trd, 4318708.443, 127
Trd, 4318710.843, 131
Trd, 4318711.043, 117
Trd, 4318712.043, 111
Trd, 4318712.893, 126
Trd, 4318713.143, 140
Trd, 4318713.443, 119
Trd, 4318715.443, 126
Trd, 4318716.293, 128
Trd, 4318716.343, 117
Trd, 4318716.843, 106
Trd, 4318716.893, 84
Trd, 4318719.093, 139
Trd, 4318719.543, 126
Trd, 4318720.793, 87
Trd, 4318721.243, 124
Trd, 4318721.593, 127
Trd, 4318722.043, 109
Trd, 4318722.593, 86
Trd, 4318723.393, 98
Trd, 4318724.793, 105
Trd, 4318726.293, 97
Trd, 4318726.893, 89
Trd, 4318726.943, 87
Trd, 4318728.993, 136
Trd, 4318729.543, 115
Trd, 4318730.143, 118
Trd, 4318731.293, 124
Trd, 4318731.843, 118
Trd, 4318732.193, 129
Trd, 4318733.093, 106
Trd, 4318733.943, 100
Trd, 4318734.343, 104
Trd, 4318734.693, 105
Trd, 4318735.143, 103
Trd, 4318735.193, 137
Trd, 4318735.593, 96
Trd, 4318736.593, 120
Trd, 4318736.843, 96
Trd, 4318737.543, 105
Trd, 4318738.643, 80
Trd, 4318739.993, 88
Trd, 4318741.043, 139
Trd, 4318741.493, 131
Trd, 4318741.743, 98
Trd, 4318742.293, 99
Trd, 4318743.943, 93
Trd, 4318745.043, 115
Trd, 4318745.093, 84
Trd, 4318745.943, 118
Trd, 4318746.593, 61
Trd, 4318746.793, 76
Trd, 4318747.243, 116
Trd, 4318747.993, 89
Trd, 4318749.293, 100
Trd, 4318749.543, 84
Trd, 4318751.193, 82
Trd, 4318751.543, 132
Trd, 4318752.443, 124
Trd, 4318753.243, 116
Trd, 4318753.293, 115
Trd, 4318754.243, 102
Trd, 4318755.193, 137
Trd, 4318755.643, 128
Trd, 4318756.043, 115
Trd, 4318756.993, 130
Trd, 4318757.543, 139
Trd, 4318758.393, 125
Trd, 4318758.743, 124
Trd, 4318759.593, 112
Trd, 4318759.943, 80
Trd, 4318761.093, 133
Trd, 4318761.243, 125
Trd, 4318762.093, 139
Trd, 4318762.743, 82
Trd, 4318763.293, 103
Trd, 4318763.843, 112
Trd, 4318764.143, 110
Trd, 4318764.293, 97
Trd, 4318766.393, 140
Trd, 4318766.543, 106
Trd, 4318767.193, 130
Trd, 4318767.643, 93
Trd, 4318769.693, 75
Trd, 4318769.793, 98
Trd, 4318770.793, 71
Trd, 4318771.343, 84
Trd, 4318771.543, 111
Trd, 4318772.943, 105
Trd, 4318773.293, 134
Trd, 4318774.043, 68
Trd, 4318774.993, 76
Trd, 4318775.393, 104
Trd, 4318775.693, 108
Trd, 4318776.093, 103
Trd, 4318776.893, 139
Trd, 4318776.993, 100
Trd, 4318777.793, 94
Trd, 4318779.243, 91
Trd, 4318780.243, 92
Trd, 4318780.693, 87
Trd, 4318780.743, 89
Trd, 4318781.143, 123
Trd, 4318783.293, 109
Trd, 4318783.793, 95
Trd, 4318784.043, 121
Trd, 4318784.393, 136
Trd, 4318785.493, 106
Trd, 4318785.993, 101
Trd, 4318786.293, 124
Trd, 4318786.793, 139
Trd, 4318787.793, 139
Trd, 4318788.393, 85
Trd, 4318789.093, 65
Trd, 4318790.193, 82
Trd, 4318791.443, 99
Trd, 4318793.343, 94
Trd, 4318793.693, 64
Trd, 4318794.493, 65
Trd, 4318794.693, 75
Trd, 4318795.443, 98
Trd, 4318795.993, 88
Trd, 4318796.543, 97
Trd, 4318799.093, 140
Trd, 4318799.143, 140
Trd, 4318800.093, 123
Trd, 4318800.443, 140
Trd, 4318800.943, 135
Trd, 4318800.993, 121
Trd, 4318802.143, 111
Trd, 4318802.943, 78
Trd, 4318803.593, 84
Trd, 4318803.993, 90
Trd, 4318804.593, 84
Trd, 4318805.243, 83
Trd, 4318805.993, 115
Trd, 4318806.393, 137
Trd, 4318806.843, 136
Trd, 4318807.243, 101
Trd, 4318809.343, 112
Trd, 4318809.543, 113
Trd, 4318809.843, 115
Trd, 4318810.693, 98
Trd, 4318810.743, 97
Trd, 4318811.593, 140
Trd, 4318812.043, 138
Trd, 4318814.193, 96
Trd, 4318814.493, 106
Trd, 4318814.693, 100
Trd, 4318814.793, 97
Trd, 4318815.693, 140
Trd, 4318815.793, 139
Trd, 4318817.243, 101
Trd, 4318818.043, 125
Trd, 4318818.493, 119
Trd, 4318818.893, 111
Trd, 4318819.093, 71
Trd, 4318819.543, 115
Trd, 4318819.943, 100
Trd, 4318821.493, 99
Trd, 4318822.093, 109
Trd, 4318822.193, 122
Trd, 4318822.893, 93
Trd, 4318824.193, 133
Trd, 4318825.543, 128
Trd, 4318825.593, 123
Trd, 4318826.443, 97
Trd, 4318826.693, 134
Trd, 4318827.993, 99
Trd, 4318829.293, 84
Trd, 4318829.843, 88
Trd, 4318830.043, 93
Trd, 4318831.693, 86
Trd, 4318832.043, 119
Trd, 4318832.743, 126
Trd, 4318833.543, 61
Trd, 4318833.643, 64
Trd, 4318834.643, 70
Trd, 4318836.493, 138
Trd, 4318836.543, 133
Trd, 4318838.243, 131
Trd, 4318838.543, 123
Trd, 4318839.093, 106
Trd, 4318839.443, 120
Trd, 4318840.093, 128
Trd, 4318840.343, 134
Trd, 4318840.743, 122
Trd, 4318841.743, 107
Trd, 4318842.643, 119
Trd, 4318842.743, 114
Trd, 4318842.793, 102
Trd, 4318843.643, 90
Trd, 4318844.893, 82
Trd, 4318845.793, 74
Trd, 4318846.043, 65
Trd, 4318846.393, 71
Trd, 4318847.293, 61
Trd, 4318848.643, 94
Trd, 4318848.993, 140
Trd, 4318849.593, 99
Trd, 4318850.143, 122
Trd, 4318850.793, 128
Trd, 4318850.843, 115
Trd, 4318852.343, 137
Trd, 4318852.743, 136
Trd, 4318854.143, 125
Trd, 4318854.693, 118
Trd, 4318854.793, 113
Trd, 4318856.343, 73
Trd, 4318856.493, 106
Trd, 4318857.693, 106
Trd, 4318857.793, 115
Trd, 4318858.143, 100
Trd, 4318859.243, 127
Trd, 4318860.593, 94
Trd, 4318860.993, 107
Trd, 4318861.343, 106
Trd, 4318861.643, 100
Trd, 4318862.143, 71
Trd, 4318863.193, 98
Trd, 4318863.493, 96
Trd, 4318863.593, 88
Trd, 4318865.493, 134
Trd, 4318865.893, 116
Trd, 4318866.743, 134
Trd, 4318868.393, 115
Trd, 4318870.643, 102
Trd, 4318871.293, 138
Trd, 4318871.393, 106
Trd, 4318872.343, 93
Trd, 4318872.993, 112
Trd, 4318874.093, 124
Trd, 4318874.393, 140
Trd, 4318874.593, 111
Trd, 4318874.993, 120
Trd, 4318875.293, 95
Trd, 4318875.443, 95
Trd, 4318877.643, 135
Trd, 4318878.693, 131
Trd, 4318878.743, 128
Trd, 4318878.793, 125
Trd, 4318879.343, 110
Trd, 4318879.843, 86
Trd, 4318880.743, 109
Trd, 4318881.393, 77
Trd, 4318882.043, 72
Trd, 4318882.243, 82
Trd, 4318882.543, 120
Trd, 4318883.093, 84
Trd, 4318884.393, 111
Trd, 4318885.043, 121
Trd, 4318885.243, 99
Trd, 4318886.593, 100
Trd, 4318887.393, 81
Trd, 4318887.543, 96
Trd, 4318888.693, 139
Trd, 4318889.593, 62
Trd, 4318889.743, 116
Trd, 4318890.193, 81
Trd, 4318892.043, 140
Trd, 4318892.093, 139
Trd, 4318892.143, 124
Trd, 4318892.543, 100
Trd, 4318892.693, 87
Trd, 4318893.943, 62
Trd, 4318894.143, 79
Trd, 4318895.143, 60
Trd, 4318895.593, 83
Trd, 4318896.293, 89
Trd, 4318896.893, 96
Trd, 4318897.193, 110
Trd, 4318897.593, 80
Trd, 4318898.893, 107
Trd, 4318899.393, 110
Trd, 4318900.393, 134
Trd, 4318901.593, 124
Trd, 4318901.993, 122
Trd, 4318902.743, 118
Trd, 4318903.743, 108
Trd, 4318903.993, 103
Trd, 4318904.343, 116
Trd, 4318904.393, 102
Trd, 4318905.593, 69
Trd, 4318906.843, 116
Trd, 4318907.643, 78
Trd, 4318910.293, 71
Trd, 4318910.343, 86
Trd, 4318910.693, 69
Trd, 4318911.143, 71
Trd, 4318911.993, 81
Trd, 4318912.643, 75
Trd, 4318913.193, 71
Trd, 4318914.593, 83
Trd, 4318914.743, 125
Trd, 4318914.993, 79
Trd, 4318915.493, 91
Trd, 4318916.493, 131
Trd, 4318917.643, 89
Trd, 4318917.893, 87
Trd, 4318918.943, 88
Trd, 4318919.293, 118
Trd, 4318919.943, 107
Trd, 4318921.993, 139
Trd, 4318923.093, 138
Trd, 4318923.293, 136
Trd, 4318923.493, 115
Trd, 4318924.643, 112
Trd, 4318925.143, 114
Trd, 4318925.493, 106
Trd, 4318927.093, 125
Trd, 4318928.093, 74
Trd, 4318928.243, 81
Trd, 4318928.643, 83
Trd, 4318929.493, 138
Trd, 4318930.193, 114
Trd, 4318930.743, 79
Trd, 4318931.343, 126
Trd, 4318932.443, 138
Trd, 4318932.943, 120
Trd, 4318933.743, 101
Trd, 4318934.343, 128
Trd, 4318934.743, 138
Trd, 4318936.493, 114
Trd, 4318936.593, 82
Trd, 4318937.793, 129
Trd, 4318937.843, 128
Trd, 4318938.543, 119
Trd, 4318938.943, 103
Trd, 4318940.093, 82
Trd, 4318940.243, 80
Trd, 4318940.493, 70
Trd, 4318941.343, 61
Trd, 4318941.393, 91
Trd, 4318943.043, 113
Trd, 4318943.643, 87
Trd, 4318944.893, 85
Trd, 4318945.193, 67
Trd, 4318945.243, 63
Trd, 4318945.393, 98
Trd, 4318946.093, 76
Trd, 4318947.143, 131
Trd, 4318947.243, 114
Trd, 4318947.393, 108
Trd, 4318947.443, 84
Trd, 4318949.043, 97
Trd, 4318951.143, 61
Trd, 4318951.693, 89
Trd, 4318952.493, 91
Trd, 4318953.643, 107
Trd, 4318953.843, 89
Trd, 4318954.193, 88
Trd, 4318954.293, 87
Trd, 4318956.543, 82
Trd, 4318956.743, 78
Trd, 4318957.193, 93
Trd, 4318957.993, 137
Trd, 4318958.093, 103
Trd, 4318958.293, 131
Trd, 4318958.543, 85
Trd, 4318958.743, 101
Trd, 4318959.543, 77
Trd, 4318960.293, 81
Trd, 4318961.643, 62
Trd, 4318962.043, 84
Trd, 4318963.093, 138
Trd, 4318963.743, 76
Trd, 4318964.043, 80
Trd, 4318965.143, 73
Trd, 4318965.543, 73
Trd, 4318965.693, 82
Trd, 4318966.143, 86
Trd, 4318967.093, 92
Trd, 4318967.943, 93
Trd, 4318968.293, 113
Trd, 4318968.493, 81
Trd, 4318969.193, 87
Trd, 4318970.043, 94
Trd, 4318972.743, 60
Trd, 4318973.693, 97
Trd, 4318973.943, 60
Trd, 4318974.843, 73
Trd, 4318975.493, 71
Trd, 4318976.093, 64
Trd, 4318976.193, 68
Trd, 4318976.793, 79
Trd, 4318977.293, 65
Trd, 4318978.593, 61
Trd, 4318978.993, 89
Trd, 4318981.843, 74
Trd, 4318982.143, 63
Trd, 4318982.343, 92
Trd, 4318983.393, 91
Trd, 4318984.693, 112
Trd, 4318984.843, 119
Trd, 4318986.143, 104
Trd, 4318986.493, 102
Trd, 4318988.143, 118
Trd, 4318988.443, 135
Trd, 4318988.543, 91
Trd, 4318989.893, 131
Trd, 4318990.893, 89
Trd, 4318992.493, 118
Trd, 4318992.743, 106
Trd, 4318993.343, 96
Trd, 4318993.693, 78
Trd, 4318993.793, 90
Trd, 4318995.243, 81
Trd, 4318995.993, 82
Trd, 4318997.693, 140
Trd, 4318997.793, 124
Trd, 4318997.893, 124
Trd, 4318998.593, 114
Trd, 4318999.293, 140
Trd, 4318999.393, 95
Trd, 4319000.493, 98
Trd, 4319001.143, 121
Trd, 4319001.193, 92
Trd, 4319004.293, 92
Trd, 4319004.593, 105
Trd, 4319005.643, 104
Trd, 4319005.893, 104
Trd, 4319006.143, 116
Trd, 4319006.543, 98
Trd, 4319006.643, 102
Trd, 4319006.893, 118
Trd, 4319008.043, 84
Trd, 4319008.743, 88
Trd, 4319009.543, 112
Trd, 4319010.093, 105
Trd, 4319010.793, 139
Trd, 4319012.793, 124
Trd, 4319013.543, 123
Trd, 4319014.393, 139
Trd, 4319014.443, 121
Trd, 4319015.093, 117
Trd, 4319015.143, 110
Trd, 4319015.993, 130
Trd, 4319016.293, 126
Trd, 4319016.443, 121
Trd, 4319016.943, 95
Trd, 4319020.243, 121
Trd, 4319020.543, 119
Trd, 4319021.243, 139
Trd, 4319021.893, 130
Trd, 4319021.993, 117
Trd, 4319022.493, 138
Trd, 4319024.843, 102
Trd, 4319024.893, 133
Trd, 4319025.843, 98
Trd, 4319027.043, 95
Trd, 4319027.693, 94
Trd, 4319028.493, 97
Trd, 4319028.893, 114
Trd, 4319029.193, 88
Trd, 4319029.393, 80
Trd, 4319029.693, 79
Trd, 4319031.443, 140
Trd, 4319031.593, 135
Trd, 4319032.143, 129
Trd, 4319032.593, 90
Trd, 4319032.993, 102
Trd, 4319034.093, 101
Trd, 4319034.593, 127
Trd, 4319035.593, 133
Trd, 4319036.143, 114
Trd, 4319037.143, 105
Trd, 4319037.943, 104
Trd, 4319038.543, 127
Trd, 4319039.543, 91
Trd, 4319039.943, 98
Trd, 4319040.443, 121
Trd, 4319040.693, 117
Trd, 4319042.093, 76
Trd, 4319042.293, 136
Trd, 4319042.643, 118
Trd, 4319045.393, 77
Trd, 4319045.643, 74
Trd, 4319046.143, 74
Trd, 4319047.193, 62
Trd, 4319047.243, 96
Trd, 4319048.193, 88
Trd, 4319049.993, 72
Trd, 4319050.543, 97
Trd, 4319050.943, 118
Trd, 4319051.193, 132
Trd, 4319052.143, 95
Trd, 4319052.993, 102
Trd, 4319053.043, 88
Trd, 4319053.693, 88
Trd, 4319054.093, 84
Trd, 4319054.493, 137
Trd, 4319054.793, 83
Trd, 4319055.343, 87
Trd, 4319055.593, 79
Trd, 4319058.143, 98
Trd, 4319059.543, 135
Trd, 4319060.043, 109
Trd, 4319061.043, 110
Trd, 4319061.393, 105
Trd, 4319062.693, 115
Trd, 4319063.693, 104
Trd, 4319064.243, 102
Trd, 4319064.343, 105
Trd, 4319066.193, 83
Trd, 4319066.543, 123
Trd, 4319066.893, 97
Trd, 4319067.143, 70
Trd, 4319068.793, 105
Trd, 4319068.943, 101
Trd, 4319069.143, 63
Trd, 4319071.993, 123
Trd, 4319072.193, 111
Trd, 4319073.243, 123
Trd, 4319073.293, 135
Trd, 4319074.543, 110
Trd, 4319075.043, 91
Trd, 4319075.293, 135
Trd, 4319075.443, 104
Trd, 4319075.793, 83
Trd, 4319077.593, 63
Trd, 4319078.343, 79
Trd, 4319079.093, 129
Trd, 4319079.593, 88
Trd, 4319080.443, 68
Trd, 4319080.843, 77
Trd, 4319081.843, 97
Trd, 4319082.143, 102
Trd, 4319082.793, 71
Trd, 4319083.143, 111
Trd, 4319085.743, 78
Trd, 4319086.743, 67
Trd, 4319086.943, 99
Trd, 4319087.143, 108
Trd, 4319087.443, 108
Trd, 4319088.143, 110
Trd, 4319089.243, 85
Trd, 4319089.593, 117
Trd, 4319090.693, 98
Trd, 4319091.993, 85
Trd, 4319092.393, 94
Trd, 4319093.393, 140
Trd, 4319093.943, 74
Trd, 4319094.093, 63
Trd, 4319094.993, 79
Trd, 4319096.593, 84
Trd, 4319096.743, 83
Trd, 4319097.193, 81
Trd, 4319097.543, 78
Trd, 4319097.793, 116
Trd, 4319098.843, 76
Trd, 4319099.043, 89
Trd, 4319099.243, 102
Trd, 4319100.493, 87
Trd, 4319100.593, 92
Trd, 4319101.993, 87
Trd, 4319103.993, 122
Trd, 4319104.243, 100
Trd, 4319104.393, 102
Trd, 4319105.093, 96
Trd, 4319105.943, 108
Trd, 4319107.043, 137
Trd, 4319107.543, 115
Trd, 4319108.593, 129
Trd, 4319108.893, 115
Trd, 4319109.893, 128
Trd, 4319110.193, 110
Trd, 4319110.393, 105
Trd, 4319110.993, 105
Trd, 4319111.493, 112
Trd, 4319112.743, 133
Trd, 4319113.243, 140
Trd, 4319114.393, 128
Trd, 4319115.043, 120
Trd, 4319115.593, 95
Trd, 4319116.993, 98
Trd, 4319117.093, 71
Trd, 4319117.543, 64
Trd, 4319117.993, 82
Trd, 4319118.493, 85
Trd, 4319119.393, 62
Trd, 4319119.793, 68
Trd, 4319120.993, 91
Trd, 4319121.443, 89
Trd, 4319121.743, 89
Trd, 4319123.143, 112
Trd, 4319123.543, 105
Trd, 4319124.043, 123
Trd, 4319124.293, 99
Trd, 4319124.793, 117
Trd, 4319125.893, 137
Trd, 4319127.343, 131
Trd, 4319128.043, 124
Trd, 4319128.393, 127
Trd, 4319129.343, 114
Trd, 4319129.543, 103
Trd, 4319129.893, 91
Trd, 4319130.143, 138
Trd, 4319130.743, 91
Trd, 4319131.293, 109
Trd, 4319131.393, 89
Trd, 4319133.543, 126
Trd, 4319133.993, 113
Trd, 4319135.093, 90
Trd, 4319135.243, 88
Trd, 4319136.093, 133
Trd, 4319137.143, 132
Trd, 4319137.693, 138
Trd, 4319138.493, 134
Trd, 4319139.593, 78
Trd, 4319140.293, 80
Trd, 4319141.843, 116
Trd, 4319142.693, 77
Trd, 4319142.843, 78
Trd, 4319144.243, 138
Trd, 4319144.293, 119
Trd, 4319144.493, 113
Trd, 4319145.743, 99
Trd, 4319146.193, 86
Trd, 4319148.343, 108
Trd, 4319148.393, 74
Trd, 4319148.993, 70
Trd, 4319149.393, 92
Trd, 4319150.093, 97
Trd, 4319150.893, 80
Trd, 4319151.693, 108
Trd, 4319152.193, 106
Trd, 4319153.643, 105
Trd, 4319154.143, 103
Trd, 4319154.743, 88
Trd, 4319155.743, 103
Trd, 4319155.993, 91
Trd, 4319156.093, 105
Trd, 4319156.743, 121
Trd, 4319157.143, 104
Trd, 4319158.143, 116
Trd, 4319158.243, 89
Trd, 4319160.043, 93
Trd, 4319161.193, 83
Trd, 4319161.543, 115
Trd, 4319162.493, 96
Trd, 4319162.943, 99
Trd, 4319163.443, 65
Trd, 4319163.593, 71
Trd, 4319164.543, 70
Trd, 4319166.443, 115
Trd, 4319166.993, 91
Trd, 4319168.593, 73
Trd, 4319168.743, 71
Trd, 4319169.193, 139
Trd, 4319169.493, 99
Trd, 4319169.743, 108
Trd, 4319170.143, 97
Trd, 4319170.993, 71
Trd, 4319171.743, 140
Trd, 4319172.343, 111
Trd, 4319172.393, 107
Trd, 4319172.543, 97
Trd, 4319173.443, 127
Trd, 4319173.543, 119
Trd, 4319174.193, 138
Trd, 4319174.443, 110
Trd, 4319175.493, 98
Trd, 4319176.293, 139
Trd, 4319176.443, 131
Trd, 4319177.393, 138
Trd, 4319177.743, 92
Trd, 4319178.043, 117
Trd, 4319178.593, 116
Trd, 4319180.493, 90
Trd, 4319181.043, 84
Trd, 4319183.143, 106
Trd, 4319183.743, 134
Trd, 4319184.193, 133
Trd, 4319184.493, 139
Trd, 4319184.543, 125
Trd, 4319185.093, 122
Trd, 4319186.393, 114
Trd, 4319186.943, 113
Trd, 4319188.243, 69
Trd, 4319188.343, 77
Trd, 4319189.343, 102
Trd, 4319190.193, 124
Trd, 4319190.393, 81
Trd, 4319191.043, 140
Trd, 4319191.093, 128
Trd, 4319191.893, 108
Trd, 4319192.493, 76
Trd, 4319192.743, 99
Trd, 4319193.593, 136
Trd, 4319193.693, 135
Trd, 4319194.543, 93
Trd, 4319196.843, 120
Trd, 4319197.493, 105
Trd, 4319198.843, 138
Trd, 4319198.943, 131
Trd, 4319199.593, 91
Trd, 4319199.843, 121
Trd, 4319200.843, 103
Trd, 4319200.893, 91
Trd, 4319201.793, 78
Trd, 4319202.343, 140
Trd, 4319202.693, 131
Trd, 4319203.393, 132
Trd, 4319203.743, 98
Trd, 4319206.493, 131
Trd, 4319207.193, 130
Trd, 4319207.443, 123
Trd, 4319208.093, 116
Trd, 4319209.043, 123
Trd, 4319209.393, 119
Trd, 4319210.493, 140
Trd, 4319211.293, 135
Trd, 4319211.343, 129
Trd, 4319212.043, 133
Trd, 4319212.293, 121
Trd, 4319212.743, 115
Trd, 4319212.993, 139
Trd, 4319213.143, 81
Trd, 4319214.793, 61
Trd, 4319215.043, 134
Trd, 4319216.243, 98
Trd, 4319216.443, 108
Trd, 4319217.543, 84
Trd, 4319217.843, 111
Trd, 4319218.593, 74
Trd, 4319218.793, 76
Trd, 4319219.293, 65
Trd, 4319219.593, 139
Trd, 4319220.393, 108
Trd, 4319220.643, 106
Trd, 4319221.093, 100
Trd, 4319221.293, 98
Trd, 4319221.743, 139
Trd, 4319223.343, 62
Trd, 4319223.393, 64
Trd, 4319224.343, 71
Trd, 4319225.593, 91
Trd, 4319225.843, 88
Trd, 4319226.793, 68
Trd, 4319227.093, 65
Trd, 4319227.643, 63
Trd, 4319228.393, 61
Trd, 4319230.093, 74
Trd, 4319230.593, 104
Trd, 4319232.093, 127
Trd, 4319234.243, 118
Trd, 4319234.743, 117
Trd, 4319235.093, 123
Trd, 4319236.293, 137
Trd, 4319237.193, 118
Trd, 4319237.393, 116
Trd, 4319237.543, 113
Trd, 4319239.343, 139
Trd, 4319239.943, 135
Trd, 4319240.093, 99
Trd, 4319241.693, 88
Trd, 4319243.293, 136
Trd, 4319243.543, 127
Trd, 4319244.143, 107
Trd, 4319244.693, 135
Trd, 4319244.993, 121
Trd, 4319247.343, 137
Trd, 4319248.393, 117
Trd, 4319248.493, 115
Trd, 4319248.893, 76
Trd, 4319250.243, 116
Trd, 4319250.893, 108
Trd, 4319251.543, 109
Trd, 4319252.593, 104
Trd, 4319253.143, 100
Trd, 4319254.593, 126
Trd, 4319255.143, 104
Trd, 4319256.043, 89
Trd, 4319256.243, 127
Trd, 4319258.243, 77
Trd, 4319258.543, 74
Trd, 4319259.043, 108
Trd, 4319259.193, 120
Trd, 4319259.943, 113
Trd, 4319260.043, 86
Trd, 4319260.343, 95
Trd, 4319261.043, 95
Trd, 4319262.143, 138
Trd, 4319263.893, 72
Trd, 4319265.793, 62
Trd, 4319266.343, 67
Trd, 4319266.993, 92
Trd, 4319267.143, 120
Trd, 4319267.293, 95
Trd, 4319268.793, 87
Trd, 4319269.443, 90
Trd, 4319270.193, 138
Trd, 4319270.243, 137
Trd, 4319270.993, 111
Trd, 4319273.243, 98
Trd, 4319273.543, 119
Trd, 4319273.793, 96
Trd, 4319274.843, 140
Trd, 4319276.443, 130
Trd, 4319276.743, 123
Trd, 4319276.943, 117
Trd, 4319277.043, 95
Trd, 4319277.393, 87
Trd, 4319278.893, 139
Trd, 4319279.743, 120
Trd, 4319279.793, 115
Trd, 4319280.993, 120
Trd, 4319281.493, 124
Trd, 4319282.543, 85
Trd, 4319283.743, 84
Trd, 4319284.943, 122
Trd, 4319285.693, 119
Trd, 4319285.743, 111
Trd, 4319286.193, 137
Trd, 4319286.993, 139
Trd, 4319287.843, 80
Trd, 4319288.143, 93
Trd, 4319288.193, 77
Trd, 4319289.643, 102
Trd, 4319289.743, 122
Trd, 4319291.243, 88
Trd, 4319291.943, 116
Trd, 4319291.993, 81
Trd, 4319292.643, 107
Trd, 4319293.343, 97
Trd, 4319293.543, 89
Trd, 4319295.143, 129
Trd, 4319295.393, 115
Trd, 4319296.143, 123
Trd, 4319297.143, 93
Trd, 4319297.343, 130
Trd, 4319298.443, 106
Trd, 4319299.843, 90
Trd, 4319299.943, 104
Trd, 4319300.593, 83
Trd, 4319300.743, 86
Trd, 4319301.843, 91
Trd, 4319302.243, 76
Trd, 4319302.893, 135
Trd, 4319303.643, 127
Trd, 4319304.093, 124
Trd, 4319304.843, 112
Trd, 4319306.493, 108
Trd, 4319307.693, 115
Trd, 4319308.593, 72
Trd, 4319310.043, 89
Trd, 4319311.093, 140
Trd, 4319311.493, 140
Trd, 4319312.193, 88
Trd, 4319312.993, 137
Trd, 4319313.543, 130
Trd, 4319314.293, 123
Trd, 4319314.793, 137
Trd, 4319315.343, 114
Trd, 4319316.443, 126
Trd, 4319316.643, 114
Trd, 4319317.143, 112
Trd, 4319317.393, 117
Trd, 4319317.993, 115
Trd, 4319319.443, 92
Trd, 4319319.593, 102
Trd, 4319319.893, 88
Trd, 4319321.193, 83
Trd, 4319321.743, 112
Trd, 4319322.243, 91
Trd, 4319323.343, 71
Trd, 4319323.593, 70
Trd, 4319324.143, 77
Trd, 4319326.893, 101
Trd, 4319326.993, 90
Trd, 4319327.043, 90
Trd, 4319327.543, 94
Trd, 4319328.793, 111
Trd, 4319329.893, 98
Trd, 4319330.093, 97
Trd, 4319330.693, 140
Trd, 4319331.243, 93
Trd, 4319332.293, 62
Trd, 4319333.593, 89
Trd, 4319334.893, 109
Trd, 4319335.343, 94
Trd, 4319335.393, 70
Trd, 4319335.943, 133
Trd, 4319336.293, 93
Trd, 4319337.643, 81
Trd, 4319337.893, 94
Trd, 4319339.043, 122
Trd, 4319339.593, 116
Trd, 4319340.343, 121
Trd, 4319341.493, 122
Trd, 4319341.643, 120
Trd, 4319341.993, 113
Trd, 4319343.393, 99
Trd, 4319343.793, 87
Trd, 4319344.143, 69
Trd, 4319344.443, 125
Trd, 4319344.793, 88
Trd, 4319346.593, 64
Trd, 4319347.193, 67
Trd, 4319347.943, 68
Trd, 4319348.593, 69
Trd, 4319350.093, 87
Trd, 4319350.443, 92
Trd, 4319351.793, 72
Trd, 4319351.843, 84
Trd, 4319353.293, 68
Trd, 4319353.493, 77
Trd, 4319354.693, 62
Trd, 4319355.743, 78
Trd, 4319356.543, 80
Trd, 4319356.843, 64
Trd, 4319358.093, 86
Trd, 4319359.343, 84
Trd, 4319360.643, 60
Trd, 4319360.693, 76
Trd, 4319360.993, 109
Trd, 4319361.143, 122
Trd, 4319363.243, 68
Trd, 4319363.993, 140
Trd, 4319364.643, 140
Trd, 4319365.143, 132
Trd, 4319365.743, 131
Trd, 4319366.143, 127
Trd, 4319366.293, 115
Trd, 4319366.893, 112
Trd, 4319367.093, 85
Trd, 4319367.343, 82
Trd, 4319369.843, 65
Trd, 4319370.093, 62
Trd, 4319370.193, 101
Trd, 4319370.893, 114
Trd, 4319371.643, 62
Trd, 4319372.043, 93
Trd, 4319372.793, 140
Trd, 4319375.143, 122
Trd, 4319375.393, 126
Trd, 4319375.743, 90
Trd, 4319376.593, 89
Trd, 4319377.743, 69
Trd, 4319378.143, 130
Trd, 4319378.393, 139
Trd, 4319378.743, 76
Trd, 4319380.793, 139
Trd, 4319381.293, 131
Trd, 4319381.793, 137
Trd, 4319381.943, 136
Trd, 4319382.093, 122
Trd, 4319382.193, 119
Trd, 4319383.593, 90
Trd, 4319384.443, 91
Trd, 4319385.193, 95
Trd, 4319385.343, 88
Trd, 4319386.793, 137
Trd, 4319387.293, 129
Trd, 4319387.393, 123
Trd, 4319387.943, 81
Trd, 4319389.093, 125
Trd, 4319389.343, 136
Trd, 4319390.043, 135
Trd, 4319391.993, 83
Trd, 4319392.243, 87
Trd, 4319393.093, 79
Trd, 4319393.293, 93
Trd, 4319394.543, 137
Trd, 4319395.093, 129
Trd, 4319395.243, 112
Trd, 4319395.793, 61
Trd, 4319396.393, 73
Trd, 4319397.693, 138
Trd, 4319399.193, 108
Trd, 4319401.293, 107
Trd, 4319402.093, 128
Trd, 4319402.393, 103
Trd, 4319402.493, 100
Trd, 4319403.743, 90
Trd, 4319404.193, 100
Trd, 4319404.543, 135
Trd, 4319404.943, 136
Trd, 4319406.143, 140
Trd, 4319407.093, 100
Trd, 4319407.643, 94
Trd, 4319408.043, 89
Trd, 4319408.193, 137
Trd, 4319409.393, 72
Trd, 4319410.043, 84
Trd, 4319410.193, 88
Trd, 4319410.843, 77
Trd, 4319411.943, 60
Trd, 4319413.093, 117
Trd, 4319415.743, 73
Trd, 4319416.143, 69
Trd, 4319416.243, 137
Trd, 4319416.493, 64
Trd, 4319416.943, 69
Trd, 4319418.143, 119
Trd, 4319418.993, 131
Trd, 4319419.243, 126
Trd, 4319419.543, 114
Trd, 4319420.043, 139
Trd, 4319420.893, 108
Trd, 4319422.343, 136
Trd, 4319422.393, 100
Trd, 4319423.093, 84
Trd, 4319424.493, 87
Trd, 4319425.793, 62
Trd, 4319427.693, 84
Trd, 4319427.943, 105
Trd, 4319428.593, 70
Trd, 4319429.193, 84
Trd, 4319429.893, 91
Trd, 4319430.293, 108
Trd, 4319430.743, 86
Trd, 4319432.193, 135
Trd, 4319432.443, 123
Trd, 4319433.393, 138
Trd, 4319434.393, 113
Trd, 4319434.693, 110
Trd, 4319434.943, 97
Trd, 4319435.593, 116
Trd, 4319435.743, 131
Trd, 4319435.993, 100
Trd, 4319437.293, 135
Trd, 4319438.293, 103
Trd, 4319438.743, 123
Trd, 4319440.993, 107
Trd, 4319441.093, 104
Trd, 4319441.793, 99
Trd, 4319442.193, 102
Trd, 4319442.443, 97
Trd, 4319444.643, 77
Trd, 4319445.343, 73
Trd, 4319445.593, 75
Trd, 4319446.043, 73
Trd, 4319446.593, 83
Trd, 4319448.143, 72
Trd, 4319448.443, 137
Trd, 4319449.643, 70
Trd, 4319451.093, 138
Trd, 4319451.593, 98
Trd, 4319451.743, 85
Trd, 4319452.243, 90
Trd, 4319453.293, 75
Trd, 4319453.993, 60
Trd, 4319454.093, 90
Trd, 4319454.943, 77
Trd, 4319455.793, 66
Trd, 4319456.093, 62
Trd, 4319457.793, 61
Trd, 4319459.093, 116
Trd, 4319459.843, 140
Trd, 4319460.643, 108
Trd, 4319460.743, 133
Trd, 4319461.243, 109
Trd, 4319461.793, 108
Trd, 4319462.743, 89
Trd, 4319463.693, 86
Trd, 4319464.343, 91
Trd, 4319465.093, 140
Trd, 4319465.293, 131
Trd, 4319466.393, 136
Trd, 4319466.543, 128
Trd, 4319467.593, 90
Trd, 4319468.293, 110
Trd, 4319469.593, 90
Trd, 4319471.043, 80
Trd, 4319471.293, 74
Trd, 4319472.143, 140
Trd, 4319472.693, 97
Trd, 4319474.193, 100
Trd, 4319474.393, 95
Trd, 4319474.543, 93
Trd, 4319475.043, 121
Trd, 4319475.893, 119
Trd, 4319476.043, 78
Trd, 4319477.093, 73
Trd, 4319477.693, 102
Trd, 4319477.893, 76
Trd, 4319479.093, 81
Trd, 4319479.943, 72
Trd, 4319480.693, 115
Trd, 4319480.843, 99
Trd, 4319481.043, 105
Trd, 4319481.593, 84
Trd, 4319482.293, 140
Trd, 4319482.843, 76
Trd, 4319482.893, 88
Trd, 4319486.093, 93
Trd, 4319487.443, 76
Trd, 4319488.493, 133
Trd, 4319489.293, 126
Trd, 4319490.093, 101
Trd, 4319490.293, 136
Trd, 4319490.843, 133
Trd, 4319490.893, 123
Trd, 4319491.243, 120
Trd, 4319491.843, 92
Trd, 4319492.943, 91
Trd, 4319493.193, 121
Trd, 4319493.493, 83
Trd, 4319493.743, 139
Trd, 4319495.943, 61
Trd, 4319496.243, 136
Trd, 4319497.293, 72
Trd, 4319499.743, 76
Trd, 4319500.693, 98
Trd, 4319500.743, 75
Trd, 4319501.393, 83
Trd, 4319501.493, 95
Trd, 4319501.893, 76
Trd, 4319502.443, 98
Trd, 4319503.543, 101
Trd, 4319504.793, 107
Trd, 4319505.693, 105
Trd, 4319505.843, 103
Trd, 4319505.993, 100
Trd, 4319507.393, 107
Trd, 4319507.593, 110
Trd, 4319507.643, 92
Trd, 4319508.443, 140
Trd, 4319509.843, 117
Trd, 4319510.293, 86
Trd, 4319510.443, 85
Trd, 4319512.243, 102
Trd, 4319512.343, 96
Trd, 4319513.143, 66
Trd, 4319513.543, 64
Trd, 4319514.343, 82
Trd, 4319514.443, 86
Trd, 4319515.993, 60
Trd, 4319516.393, 93
Trd, 4319518.093, 135
Trd, 4319518.393, 134
Trd, 4319519.793, 140
Trd, 4319519.943, 119
Trd, 4319521.093, 86
Trd, 4319521.443, 108
Trd, 4319522.343, 125
Trd, 4319523.293, 101
Trd, 4319523.343, 105
Trd, 4319524.293, 99
Trd, 4319524.593, 96
Trd, 4319524.993, 94
Trd, 4319526.143, 65
Trd, 4319526.893, 65
Trd, 4319528.143, 111
Trd, 4319529.593, 71
Trd, 4319529.743, 83
Trd, 4319530.143, 73
Trd, 4319530.593, 102
Trd, 4319531.343, 63
Trd, 4319532.243, 104
Trd, 4319533.193, 101
Trd, 4319534.343, 138
Trd, 4319535.293, 140
Trd, 4319535.593, 127
Trd, 4319535.793, 120
Trd, 4319536.293, 94
Trd, 4319536.943, 71
Trd, 4319537.243, 80
Trd, 4319537.593, 92
Trd, 4319539.543, 61
Trd, 4319539.893, 62
Trd, 4319540.193, 62
Trd, 4319542.343, 84
Trd, 4319542.493, 99
Trd, 4319543.843, 138
Trd, 4319544.893, 134
Trd, 4319544.993, 123
Trd, 4319545.643, 135
Trd, 4319546.043, 129
Trd, 4319546.793, 121
Trd, 4319546.943, 118
Trd, 4319547.243, 124
Trd, 4319548.743, 64
Trd, 4319548.893, 61
Trd, 4319549.743, 140
Trd, 4319550.493, 80
Trd, 4319550.743, 137
Trd, 4319551.393, 106
Trd, 4319552.493, 138
Trd, 4319554.143, 115
Trd, 4319555.043, 124
Trd, 4319555.293, 88
Trd, 4319555.443, 126
Trd, 4319556.043, 88
Trd, 4319556.143, 87
Trd, 4319558.393, 80
Trd, 4319559.393, 125
Trd, 4319559.743, 124
Trd, 4319560.943, 129
Trd, 4319561.343, 117
Trd, 4319561.843, 104
Trd, 4319562.793, 140
Trd, 4319563.443, 116
Trd, 4319564.493, 97
Trd, 4319564.893, 119
Trd, 4319565.193, 107
Trd, 4319565.893, 140
Trd, 4319567.193, 125
Trd, 4319567.393, 122
Trd, 4319567.493, 118
Trd, 4319569.243, 111
Trd, 4319569.293, 96
Trd, 4319570.793, 104
Trd, 4319571.743, 126
Trd, 4319573.293, 117
Trd, 4319573.343, 115
Trd, 4319573.993, 138
Trd, 4319574.193, 117
Trd, 4319575.293, 82
Trd, 4319575.643, 100
Trd, 4319576.943, 60
Trd, 4319577.343, 61
Trd, 4319577.893, 70
Trd, 4319578.393, 79
Trd, 4319578.693, 69
Trd, 4319579.743, 138
Trd, 4319580.243, 117
Trd, 4319580.293, 70
Trd, 4319581.393, 114
Trd, 4319583.193, 62
Trd, 4319583.443, 76
Trd, 4319585.493, 66
Trd, 4319585.543, 72
Trd, 4319586.643, 113
Trd, 4319586.743, 124
Trd, 4319586.943, 84
Trd, 4319588.243, 95
Trd, 4319588.993, 84
Trd, 4319589.643, 83
Trd, 4319590.243, 95
Trd, 4319591.243, 93
Trd, 4319591.443, 92
Trd, 4319592.393, 90
Trd, 4319593.093, 108
Trd, 4319593.343, 105
Trd, 4319593.493, 98
Trd, 4319594.743, 107
Trd, 4319594.843, 77
Trd, 4319595.343, 130
Trd, 4319597.043, 73
Trd, 4319598.143, 79
Trd, 4319598.593, 76
Trd, 4319599.043, 73
Trd, 4319599.493, 92
Trd, 4319600.093, 117
Trd, 4319600.643, 140
Trd, 4319601.743, 86
Trd, 4319602.493, 76
Trd, 4319603.193, 68
Trd, 4319605.193, 65
Trd, 4319606.243, 61
Trd, 4319607.543, 64
Trd, 4319608.243, 66
Trd, 4319609.543, 87
Trd, 4319610.193, 65
Trd, 4319610.543, 71
Trd, 4319610.993, 138
Trd, 4319611.293, 131
Trd, 4319611.493, 120
Trd, 4319611.543, 103
Trd, 4319611.743, 75
Trd, 4319613.743, 102
Trd, 4319614.443, 117
Trd, 4319615.693, 105
Trd, 4319615.743, 101
Trd, 4319615.843, 93
Trd, 4319617.493, 131
Trd, 4319618.243, 132
Trd, 4319618.693, 116
Trd, 4319619.493, 93
Trd, 4319619.893, 134
Trd, 4319620.643, 114
Trd, 4319621.393, 86
Trd, 4319622.293, 94
Trd, 4319622.643, 92
Trd, 4319623.293, 120
Trd, 4319624.093, 107
Trd, 4319624.193, 96
Trd, 4319624.893, 69
Trd, 4319625.293, 123
Trd, 4319626.293, 122
Trd, 4319627.843, 140
Trd, 4319628.393, 126
Trd, 4319628.943, 125
Trd, 4319629.743, 137
Trd, 4319629.943, 130
Trd, 4319630.743, 120
Trd, 4319631.043, 115
Trd, 4319632.593, 100
Trd, 4319633.543, 118
Trd, 4319633.793, 70
Trd, 4319634.843, 95
Trd, 4319636.893, 126
Trd, 4319637.143, 131
Trd, 4319637.593, 122
Trd, 4319637.643, 115
Trd, 4319638.293, 89
Trd, 4319638.893, 60
Trd, 4319639.643, 86
Trd, 4319640.243, 136
Trd, 4319642.043, 117
Trd, 4319642.443, 139
Trd, 4319642.943, 117
Trd, 4319643.093, 113
Trd, 4319643.643, 86
Trd, 4319644.143, 73
Trd, 4319644.393, 68
Trd, 4319646.243, 64
Trd, 4319647.343, 86
Trd, 4319648.243, 64
Trd, 4319648.543, 87
Trd, 4319649.043, 106
Trd, 4319649.693, 118
Trd, 4319650.743, 99
Trd, 4319650.943, 81
Trd, 4319652.243, 80
Trd, 4319652.793, 79
Trd, 4319653.493, 107
Trd, 4319653.693, 92
Trd, 4319654.593, 137
Trd, 4319655.143, 91
Trd, 4319655.343, 97
Trd, 4319655.693, 98
Trd, 4319656.193, 138
Trd, 4319656.893, 74
Trd, 4319657.643, 104
Trd, 4319657.693, 91
Trd, 4319659.243, 126
Trd, 4319659.443, 120
Trd, 4319659.743, 128
Trd, 4319660.543, 134
Trd, 4319661.393, 113
Trd, 4319661.993, 126
Trd, 4319662.293, 97
Trd, 4319664.193, 121
Trd, 4319666.643, 106
Trd, 4319666.693, 105
Trd, 4319667.943, 100
Trd, 4319668.493, 103
Trd, 4319669.043, 118
Trd, 4319669.393, 117
Trd, 4319670.543, 138
Trd, 4319670.793, 123
Trd, 4319670.893, 102
Trd, 4319671.243, 95
Trd, 4319672.643, 115
Trd, 4319674.343, 135
Trd, 4319674.893, 128
Trd, 4319675.243, 93
Trd, 4319676.293, 113
Trd, 4319676.393, 131
Trd, 4319676.443, 94
Trd, 4319677.443, 132
Trd, 4319677.793, 75
Trd, 4319678.343, 126
Trd, 4319679.093, 121
Trd, 4319679.143, 120
Trd, 4319679.193, 112
Trd, 4319682.243, 65
Trd, 4319683.443, 96
Trd, 4319683.493, 106
Trd, 4319684.593, 97
Trd, 4319684.693, 92
Trd, 4319684.793, 87
Trd, 4319685.693, 104
Trd, 4319685.793, 77
Trd, 4319686.943, 139
Trd, 4319687.743, 134
Trd, 4319689.043, 99
Trd, 4319689.243, 87
Trd, 4319689.543, 80
Trd, 4319691.193, 99
Trd, 4319692.643, 133
Trd, 4319692.843, 125
Trd, 4319693.043, 124
Trd, 4319694.143, 123
Trd, 4319694.243, 138
Trd, 4319695.093, 89
Trd, 4319695.443, 71
Trd, 4319695.693, 107
Trd, 4319699.043, 90
Trd, 4319699.093, 85
Trd, 4319699.493, 107
Trd, 4319699.993, 80
Trd, 4319700.743, 140
Trd, 4319701.443, 90
Trd, 4319702.343, 75
Trd, 4319702.443, 73
Trd, 4319702.993, 74
Trd, 4319704.043, 63
Trd, 4319704.743, 61
Trd, 4319705.043, 96
Trd, 4319705.643, 89
Trd, 4319706.343, 88
Trd, 4319707.493, 85
Trd, 4319708.393, 82
Trd, 4319708.543, 110
Trd, 4319709.593, 110
Trd, 4319710.393, 129
Trd, 4319711.443, 132
Trd, 4319711.493, 131
Trd, 4319711.793, 119
Trd, 4319712.793, 136
Trd, 4319713.893, 84
Trd, 4319714.593, 61
Trd, 4319715.393, 81
Trd, 4319716.843, 98
Trd, 4319718.193, 124
Trd, 4319718.443, 123
Trd, 4319719.193, 130
Trd, 4319719.493, 136
Trd, 4319719.593, 126
Trd, 4319720.093, 105
Trd, 4319721.093, 120
Trd, 4319721.693, 108
Trd, 4319722.493, 112
Trd, 4319723.593, 116
Trd, 4319724.293, 117
Trd, 4319724.793, 113
Trd, 4319725.293, 119
Trd, 4319726.043, 138
Trd, 4319726.293, 110
Trd, 4319727.443, 77
Trd, 4319727.743, 65
Trd, 4319728.093, 61
Trd, 4319729.693, 115
Trd, 4319730.243, 92
Trd, 4319730.943, 130
Trd, 4319731.443, 77
Trd, 4319731.793, 98
Trd, 4319732.243, 72
Trd, 4319733.493, 140
Trd, 4319734.343, 106
Trd, 4319734.743, 66
Trd, 4319735.493, 77
Trd, 4319736.293, 135
Trd, 4319737.443, 116
Trd, 4319738.293, 107
Trd, 4319739.693, 104
Trd, 4319740.293, 119
Trd, 4319740.493, 133
Trd, 4319741.293, 98
Trd, 4319741.793, 112
Trd, 4319742.093, 95
Trd, 4319742.443, 86
Trd, 4319742.893, 60
Trd, 4319744.243, 79
Trd, 4319745.793, 100
Trd, 4319746.643, 140
Trd, 4319747.493, 110
Trd, 4319747.593, 97
Trd, 4319748.693, 104
Trd, 4319749.243, 95
Trd, 4319749.743, 108
Trd, 4319750.643, 88
Trd, 4319750.793, 86
Trd, 4319752.493, 130
Trd, 4319752.993, 140
Trd, 4319753.493, 118
Trd, 4319753.543, 116
Trd, 4319754.093, 125
Trd, 4319755.343, 109
Trd, 4319757.043, 103
Trd, 4319757.293, 93
Trd, 4319757.943, 122
Trd, 4319758.093, 91
Trd, 4319758.243, 90
Trd, 4319759.343, 112
Trd, 4319759.893, 139
Trd, 4319761.043, 116
Trd, 4319762.243, 137
Trd, 4319762.843, 116
Trd, 4319763.043, 113
Trd, 4319763.393, 113
Trd, 4319763.493, 92
Trd, 4319764.193, 77
Trd, 4319765.493, 140
Trd, 4319766.893, 131
Trd, 4319767.093, 122
Trd, 4319767.293, 90
Trd, 4319767.743, 114
Trd, 4319767.893, 108
Trd, 4319769.143, 140
Trd, 4319769.193, 118
Trd, 4319770.793, 139
Trd, 4319770.993, 111
Trd, 4319771.043, 106
Trd, 4319771.443, 74
Trd, 4319771.643, 71
Trd, 4319773.343, 107
Trd, 4319773.893, 116
Trd, 4319773.993, 67
Trd, 4319774.343, 134
Trd, 4319774.993, 111
Trd, 4319775.793, 68
Trd, 4319776.293, 65
Trd, 4319778.693, 85
Trd, 4319780.443, 140
Trd, 4319780.893, 122
Trd, 4319781.243, 119
Trd, 4319781.693, 117
Trd, 4319781.843, 114
Trd, 4319782.143, 111
Trd, 4319782.293, 139
Trd, 4319783.693, 114
Trd, 4319784.293, 113
Trd, 4319785.193, 117
Trd, 4319785.493, 105
Trd, 4319785.793, 93
Trd, 4319785.993, 101
Trd, 4319789.043, 140
Trd, 4319789.243, 111
Trd, 4319789.793, 139
Trd, 4319790.043, 87
Trd, 4319790.543, 105
Trd, 4319790.643, 83
Trd, 4319792.093, 106
Trd, 4319792.493, 104
Trd, 4319793.393, 118
Trd, 4319793.943, 122
Trd, 4319793.993, 110
Trd, 4319794.993, 135
Trd, 4319795.443, 135
Trd, 4319795.493, 124
Trd, 4319798.443, 92
Trd, 4319798.743, 99
Trd, 4319799.843, 140
Trd, 4319800.543, 131
Trd, 4319800.993, 126
Trd, 4319801.443, 100
Trd, 4319801.493, 98
Trd, 4319802.193, 135
Trd, 4319804.093, 116
Trd, 4319804.643, 118
Trd, 4319805.143, 109
Trd, 4319805.293, 102
Trd, 4319807.293, 140
Trd, 4319807.743, 140
Trd, 4319808.443, 97
Trd, 4319808.843, 91
Trd, 4319809.143, 80
Trd, 4319809.393, 84
Trd, 4319810.193, 91
Trd, 4319810.443, 74
Trd, 4319810.793, 63
Trd, 4319810.893, 119
Trd, 4319812.493, 136
Trd, 4319812.793, 122
Trd, 4319813.193, 132
Trd, 4319813.343, 114
Trd, 4319814.193, 101
Trd, 4319814.343, 96
Trd, 4319814.743, 86
Trd, 4319815.793, 140
Trd, 4319817.743, 131
Trd, 4319818.143, 98
Trd, 4319818.343, 96
Trd, 4319818.893, 139
Trd, 4319820.143, 114
Trd, 4319820.243, 107
Trd, 4319820.943, 87
Trd, 4319821.243, 84
Trd, 4319822.093, 69
Trd, 4319822.643, 83
Trd, 4319823.443, 62
Trd, 4319824.293, 122
Trd, 4319824.593, 103
Trd, 4319825.693, 77
Trd, 4319826.343, 111
Trd, 4319827.493, 126
Trd, 4319827.893, 89
Trd, 4319828.243, 122
Trd, 4319828.593, 118
Trd, 4319829.293, 127
Trd, 4319830.843, 76
Trd, 4319830.893, 128
Trd, 4319831.093, 72
Trd, 4319831.593, 104
Trd, 4319832.943, 110
Trd, 4319832.993, 80
Trd, 4319833.693, 113
Trd, 4319834.143, 126
Trd, 4319834.893, 60
Trd, 4319836.693, 116
Trd, 4319836.893, 122
Trd, 4319837.193, 112
Trd, 4319837.793, 110
Trd, 4319838.293, 105
Trd, 4319838.843, 104
Trd, 4319839.793, 132
Trd, 4319840.593, 137
Trd, 4319841.193, 140
Trd, 4319841.693, 124
Trd, 4319842.943, 107
Trd, 4319843.043, 103
Trd, 4319844.343, 132
Trd, 4319844.443, 131
Trd, 4319844.643, 124
Trd, 4319845.493, 121
Trd, 4319846.043, 107
Trd, 4319846.743, 138
Trd, 4319847.943, 136
Trd, 4319848.243, 91
Trd, 4319848.743, 77
Trd, 4319849.443, 92
Trd, 4319851.043, 99
Trd, 4319851.643, 86
Trd, 4319851.743, 105
Trd, 4319851.843, 65
Trd, 4319852.943, 140
Trd, 4319853.543, 126
Trd, 4319853.993, 140
Trd, 4319854.243, 125
Trd, 4319855.943, 123
Trd, 4319856.743, 101
Trd, 4319857.743, 99
Trd, 4319857.843, 109
Trd, 4319857.993, 97
Trd, 4319858.593, 74
Trd, 4319859.843, 81
Trd, 4319860.293, 82
Trd, 4319862.293, 104
Trd, 4319862.393, 127
Trd, 4319862.443, 66
Trd, 4319863.443, 84
Trd, 4319865.043, 88
Trd, 4319866.343, 125
Trd, 4319866.543, 127
Trd, 4319866.643, 119
Trd, 4319867.043, 90
Trd, 4319868.093, 91
Trd, 4319868.293, 137
Trd, 4319869.143, 99
Trd, 4319869.443, 100
Trd, 4319869.693, 78
Trd, 4319870.643, 83
Trd, 4319871.593, 81
Trd, 4319872.493, 128
Trd, 4319872.993, 90
Trd, 4319873.343, 109
Trd, 4319873.993, 138
Trd, 4319874.493, 126
Trd, 4319875.293, 139
Trd, 4319876.193, 111
Trd, 4319876.343, 99
Trd, 4319877.293, 64
Trd, 4319877.943, 70
Trd, 4319878.493, 81
Trd, 4319879.043, 82
Trd, 4319879.543, 85
Trd, 4319881.043, 89
Trd, 4319881.593, 76
Trd, 4319881.893, 140
Trd, 4319882.343, 111
Trd, 4319884.393, 123
Trd, 4319884.893, 134
Trd, 4319885.543, 126
Trd, 4319887.643, 119
Trd, 4319887.843, 116
Trd, 4319888.543, 120
Trd, 4319888.893, 107
Trd, 4319888.943, 101
Trd, 4319889.043, 140
Trd, 4319889.393, 91
Trd, 4319889.593, 114
Trd, 4319890.393, 70
Trd, 4319890.993, 69
Trd, 4319891.843, 74
Trd, 4319893.743, 82
Trd, 4319894.443, 78
Trd, 4319894.693, 92
Trd, 4319895.143, 90
Trd, 4319896.143, 89
Trd, 4319896.443, 84
Trd, 4319896.693, 140
Trd, 4319897.443, 136
Trd, 4319897.893, 113
Trd, 4319898.293, 123
Trd, 4319900.843, 112
Trd, 4319900.893, 105
Trd, 4319901.443, 139
Trd, 4319903.043, 137
Trd, 4319903.143, 107
Trd, 4319903.793, 91
Trd, 4319905.593, 135
Trd, 4319906.293, 133
Trd, 4319906.393, 79
Trd, 4319906.643, 99
Trd, 4319907.293, 85
Trd, 4319907.943, 98
Trd, 4319909.593, 132
Trd, 4319909.693, 120
Trd, 4319910.093, 97
Trd, 4319911.493, 91
Trd, 4319912.143, 138
Trd, 4319913.093, 140
Trd, 4319913.143, 130
Trd, 4319913.393, 123
Trd, 4319915.493, 62
Trd, 4319916.343, 109
Trd, 4319916.643, 69
Trd, 4319917.343, 118
Trd, 4319917.443, 83
Trd, 4319917.893, 125
Trd, 4319918.893, 132
Trd, 4319919.443, 131
Trd, 4319919.943, 114
Trd, 4319920.993, 107
Trd, 4319921.043, 107
Trd, 4319921.343, 89
Trd, 4319923.043, 139
Trd, 4319923.643, 99
Trd, 4319924.093, 118
Trd, 4319924.793, 87
Trd, 4319924.993, 92
Trd, 4319925.943, 124
Trd, 4319926.193, 113
Trd, 4319927.293, 103
Trd, 4319927.943, 60
Trd, 4319928.443, 78
Trd, 4319928.793, 102
Trd, 4319930.043, 97
Trd, 4319931.043, 71
Trd, 4319932.593, 68
Trd, 4319933.893, 140
Trd, 4319934.343, 139
Trd, 4319934.593, 131
Trd, 4319936.743, 69
Trd, 4319937.043, 102
Trd, 4319937.943, 138
Trd, 4319938.043, 97
Trd, 4319938.393, 96
Trd, 4319939.243, 140
Trd, 4319940.443, 139
Trd, 4319940.743, 134
Trd, 4319941.143, 111
Trd, 4319941.193, 99
Trd, 4319941.943, 64
Trd, 4319942.493, 70
Trd, 4319943.643, 103
Trd, 4319943.893, 139
Trd, 4319944.243, 97
Trd, 4319945.193, 89
Trd, 4319945.793, 107
Trd, 4319947.643, 96
Trd, 4319948.343, 100
Trd, 4319949.593, 71
Trd, 4319950.043, 67
Trd, 4319951.443, 74
Trd, 4319951.543, 128
Trd, 4319952.393, 98
Trd, 4319952.843, 97
Trd, 4319954.493, 134
Trd, 4319954.743, 137
Trd, 4319955.493, 114
Trd, 4319957.643, 100
Trd, 4319957.793, 98
Trd, 4319958.943, 122
Trd, 4319959.693, 99
Trd, 4319959.843, 97
Trd, 4319960.043, 95
Trd, 4319960.093, 107
Trd, 4319960.193, 76
Trd, 4319961.343, 119
Trd, 4319962.343, 119
Trd, 4319962.943, 85
Trd, 4319963.343, 65
Trd, 4319963.743, 120
Trd, 4319965.593, 110
Trd, 4319965.993, 126
Trd, 4319966.393, 89
Trd, 4319966.793, 136
Trd, 4319968.093, 91
Trd, 4319968.143, 93
Trd, 4319969.493, 90
Trd, 4319969.643, 88
Trd, 4319969.693, 96
Trd, 4319969.993, 84
Trd, 4319970.693, 139
Trd, 4319972.093, 129
Trd, 4319972.893, 92
Trd, 4319972.943, 89
Trd, 4319973.643, 91
Trd, 4319973.943, 85
Trd, 4319974.293, 82
Trd, 4319974.493, 85
Trd, 4319975.943, 95
Trd, 4319978.943, 118
Trd, 4319979.043, 113
Trd, 4319979.593, 124
Trd, 4319980.343, 138
Trd, 4319980.593, 139
Trd, 4319981.143, 121
Trd, 4319982.543, 95
Trd, 4319983.143, 94
Trd, 4319983.243, 93
Trd, 4319983.493, 81
Trd, 4319984.343, 124
Trd, 4319985.343, 137
Trd, 4319985.943, 87
Trd, 4319987.693, 90
Trd, 4319987.993, 92
Trd, 4319988.693, 87
Trd, 4319988.893, 100
Trd, 4319989.393, 94
Trd, 4319990.093, 81
Trd, 4319990.393, 75
Trd, 4319990.693, 112
Trd, 4319993.893, 72
Trd, 4319994.193, 97
Trd, 4319994.243, 98
Trd, 4319994.543, 64
Trd, 4319994.693, 114
Trd, 4319995.693, 103
Trd, 4319996.593, 95
Trd, 4319996.943, 90
Trd, 4319997.143, 88
Trd, 4319997.543, 101
Trd, 4319999.143, 115
Trd, 4319999.343, 114
Trd, 4319999.443, 107
