Trd, 4318114.593, 62
Trd, 4318115.193, 60
Trd, 4318115.993, 60
Trd, 4318116.993, 60
Trd, 4318118.043, 60
Trd, 4318119.143, 60
Trd, 4318119.893, 60
Trd, 4318120.093, 60
Trd, 4318120.643, 60
Trd, 4318121.143, 61
Trd, 4318121.193, 61
Trd, 4318121.543, 62
Trd, 4318121.893, 61
Trd, 4318122.943, 60
Trd, 4318124.143, 62
Trd, 4318124.443, 70
Trd, 4318125.443, 140
Trd, 4318126.293, 140
Trd, 4318126.443, 138
Trd, 4318126.843, 62
Trd, 4318127.893, 60
Trd, 4318128.443, 65
Trd, 4318130.143, 60
Trd, 4318133.093, 60
Trd, 4318133.343, 60
Trd, 4318133.843, 60
Trd, 4318133.943, 61
Trd, 4318134.943, 60
Trd, 4318136.293, 61
Trd, 4318137.143, 62
Trd, 4318137.443, 62
Trd, 4318137.493, 63
Trd, 4318137.793, 64
Trd, 4318138.093, 61
Trd, 4318139.393, 61
Trd, 4318139.843, 63
Trd, 4318140.093, 64
Trd, 4318140.993, 140
Trd, 4318141.243, 140
Trd, 4318141.393, 140
Trd, 4318141.643, 140
Trd, 4318142.493, 140
Trd, 4318144.643, 140
Trd, 4318144.793, 140
Trd, 4318145.893, 140
Trd, 4318145.993, 140
Trd, 4318146.393, 140
Trd, 4318146.943, 60
Trd, 4318147.293, 61
Trd, 4318147.393, 72
Trd, 4318148.043, 139
Trd, 4318149.043, 63
Trd, 4318150.893, 61
Trd, 4318151.793, 61
Trd, 4318154.243, 60
Trd, 4318154.593, 60
Trd, 4318154.643, 61
Trd, 4318155.093, 60
Trd, 4318156.893, 60
Trd, 4318158.493, 60
Trd, 4318159.443, 60
Trd, 4318160.143, 60
Trd, 4318160.443, 60
Trd, 4318160.643, 61
Trd, 4318161.193, 61
Trd, 4318161.443, 60
Trd, 4318162.493, 60
Trd, 4318162.643, 63
Trd, 4318162.943, 61
Trd, 4318165.243, 60
Trd, 4318165.293, 61
Trd, 4318166.043, 62
Trd, 4318166.793, 60
Trd, 4318168.243, 61
Trd, 4318168.893, 61
Trd, 4318169.943, 61
Trd, 4318170.193, 60
Trd, 4318170.543, 61
Trd, 4318170.643, 61
Trd, 4318172.393, 60
Trd, 4318173.193, 61
Trd, 4318173.443, 62
Trd, 4318173.493, 64
Trd, 4318173.893, 140
Trd, 4318174.143, 60
Trd, 4318175.093, 60
Trd, 4318176.243, 60
Trd, 4318176.643, 62
Trd, 4318176.943, 63
Trd, 4318177.393, 61
Trd, 4318178.593, 62
Trd, 4318180.843, 60
Trd, 4318182.343, 60
Trd, 4318182.643, 60
Trd, 4318184.143, 60
Trd, 4318185.043, 60
Trd, 4318185.393, 60
Trd, 4318185.693, 60
Trd, 4318185.893, 60
Trd, 4318186.543, 61
Trd, 4318186.993, 64
Trd, 4318188.093, 60
Trd, 4318189.493, 60
Trd, 4318190.193, 60
Trd, 4318190.343, 61
Trd, 4318190.793, 60
Trd, 4318190.843, 61
Trd, 4318191.443, 64
Trd, 4318192.993, 60
Trd, 4318195.393, 60
Trd, 4318196.043, 60
Trd, 4318196.493, 61
Trd, 4318196.943, 61
Trd, 4318197.243, 62
Trd, 4318197.393, 63
Trd, 4318197.643, 61
Trd, 4318198.393, 60
Trd, 4318198.493, 63
Trd, 4318198.693, 63
Trd, 4318199.493, 63
Trd, 4318200.143, 64
Trd, 4318200.393, 63
Trd, 4318201.593, 63
Trd, 4318203.443, 60
Trd, 4318204.193, 61
Trd, 4318204.343, 61
Trd, 4318204.493, 61
Trd, 4318205.743, 63
Trd, 4318206.293, 67
Trd, 4318207.843, 63
Trd, 4318210.043, 60
Trd, 4318210.593, 60
Trd, 4318210.743, 60
Trd, 4318212.043, 60
Trd, 4318214.443, 60
Trd, 4318214.843, 61
Trd, 4318214.893, 60
Trd, 4318215.143, 60
Trd, 4318215.393, 60
Trd, 4318215.443, 62
Trd, 4318216.143, 64
Trd, 4318216.393, 62
Trd, 4318216.743, 65
Trd, 4318217.243, 61
Trd, 4318218.093, 138
Trd, 4318218.143, 137
Trd, 4318218.493, 137
Trd, 4318218.893, 138
Trd, 4318219.743, 138
Trd, 4318220.643, 140
Trd, 4318220.893, 140
Trd, 4318221.243, 139
Trd, 4318221.743, 65
Trd, 4318222.593, 140
Trd, 4318222.693, 138
Trd, 4318223.443, 140
Trd, 4318224.093, 140
Trd, 4318224.743, 140
Trd, 4318225.843, 140
Trd, 4318226.343, 140
Trd, 4318226.443, 140
Trd, 4318228.143, 62
Trd, 4318228.943, 63
Trd, 4318229.193, 63
Trd, 4318230.143, 60
Trd, 4318230.343, 61
Trd, 4318231.593, 61
Trd, 4318233.443, 60
Trd, 4318235.593, 60
Trd, 4318236.093, 60
Trd, 4318237.193, 60
Trd, 4318237.393, 62
Trd, 4318237.443, 63
Trd, 4318237.843, 63
Trd, 4318238.143, 63
Trd, 4318238.293, 61
Trd, 4318239.443, 66
Trd, 4318240.393, 61
Trd, 4318240.493, 61
Trd, 4318241.543, 61
Trd, 4318243.343, 60
Trd, 4318243.593, 61
Trd, 4318244.393, 60
Trd, 4318245.493, 60
Trd, 4318247.493, 60
Trd, 4318248.093, 60
Trd, 4318248.143, 62
Trd, 4318248.593, 61
Trd, 4318248.743, 61
Trd, 4318249.343, 66
Trd, 4318249.793, 68
Trd, 4318249.843, 67
Trd, 4318249.993, 65
Trd, 4318250.693, 66
Trd, 4318253.093, 60
Trd, 4318253.393, 60
Trd, 4318254.193, 60
Trd, 4318254.543, 60
Trd, 4318256.193, 60
Trd, 4318256.593, 60
Trd, 4318258.793, 60
Trd, 4318258.943, 60
Trd, 4318260.893, 60
Trd, 4318261.193, 60
Trd, 4318261.343, 63
Trd, 4318261.543, 63
Trd, 4318261.893, 64
Trd, 4318261.993, 62
Trd, 4318262.093, 65
Trd, 4318263.743, 60
Trd, 4318264.443, 60
Trd, 4318265.143, 60
Trd, 4318265.893, 60
Trd, 4318267.943, 60
Trd, 4318268.143, 60
Trd, 4318268.793, 60
Trd, 4318269.093, 60
Trd, 4318269.743, 60
Trd, 4318271.893, 61
Trd, 4318272.743, 60
Trd, 4318273.693, 60
Trd, 4318273.843, 61
Trd, 4318274.193, 61
Trd, 4318274.393, 62
Trd, 4318275.143, 60
Trd, 4318275.493, 61
Trd, 4318275.693, 70
Trd, 4318277.593, 61
Trd, 4318280.143, 61
Trd, 4318280.243, 61
Trd, 4318281.293, 60
Trd, 4318281.893, 60
Trd, 4318282.543, 60
Trd, 4318283.143, 60
Trd, 4318283.193, 60
Trd, 4318283.943, 60
Trd, 4318283.993, 63
Trd, 4318284.193, 64
Trd, 4318286.693, 60
Trd, 4318286.843, 61
Trd, 4318287.043, 64
Trd, 4318287.143, 61
Trd, 4318287.793, 62
Trd, 4318289.293, 60
Trd, 4318291.493, 60
Trd, 4318293.043, 60
Trd, 4318293.093, 60
Trd, 4318293.793, 60
Trd, 4318294.393, 60
Trd, 4318294.793, 63
Trd, 4318294.893, 60
Trd, 4318295.293, 62
Trd, 4318295.593, 139
Trd, 4318296.093, 60
Trd, 4318296.343, 60
Trd, 4318297.193, 62
Trd, 4318297.543, 60
Trd, 4318298.943, 60
Trd, 4318299.043, 74
Trd, 4318299.643, 60
Trd, 4318300.643, 66
Trd, 4318301.493, 61
Trd, 4318306.143, 60
Trd, 4318306.343, 61
Trd, 4318306.593, 61
Trd, 4318307.093, 63
Trd, 4318307.293, 61
Trd, 4318307.393, 61
Trd, 4318308.093, 140
Trd, 4318308.293, 140
Trd, 4318308.443, 140
Trd, 4318308.493, 140
Trd, 4318309.243, 72
Trd, 4318311.243, 62
Trd, 4318311.593, 60
Trd, 4318312.543, 60
Trd, 4318314.243, 60
Trd, 4318315.243, 61
Trd, 4318316.193, 61
Trd, 4318317.193, 62
Trd, 4318317.343, 62
Trd, 4318317.393, 62
Trd, 4318317.643, 62
Trd, 4318317.843, 62
Trd, 4318318.193, 64
Trd, 4318318.593, 65
Trd, 4318319.543, 140
Trd, 4318321.093, 140
Trd, 4318321.193, 140
Trd, 4318321.293, 140
Trd, 4318322.043, 140
Trd, 4318322.393, 140
Trd, 4318322.643, 140
Trd, 4318322.843, 140
Trd, 4318325.043, 60
Trd, 4318325.893, 60
Trd, 4318327.593, 60
Trd, 4318328.043, 60
Trd, 4318329.093, 60
Trd, 4318329.393, 60
Trd, 4318331.543, 60
Trd, 4318332.343, 61
Trd, 4318332.843, 62
Trd, 4318333.393, 61
Trd, 4318333.843, 61
Trd, 4318334.293, 62
Trd, 4318335.043, 60
Trd, 4318335.643, 60
Trd, 4318335.793, 61
Trd, 4318336.443, 61
Trd, 4318337.243, 62
Trd, 4318337.693, 61
Trd, 4318338.643, 67
Trd, 4318338.893, 61
Trd, 4318342.593, 60
Trd, 4318343.493, 60
Trd, 4318344.343, 60
Trd, 4318344.893, 60
Trd, 4318345.043, 61
Trd, 4318346.243, 61
Trd, 4318347.443, 61
Trd, 4318348.493, 63
Trd, 4318348.543, 62
Trd, 4318348.893, 62
Trd, 4318349.093, 62
Trd, 4318349.393, 61
Trd, 4318349.543, 67
Trd, 4318351.043, 65
Trd, 4318351.843, 62
Trd, 4318351.993, 60
Trd, 4318352.193, 77
Trd, 4318354.143, 60
Trd, 4318354.543, 60
Trd, 4318354.843, 62
Trd, 4318354.993, 63
Trd, 4318357.043, 60
Trd, 4318357.593, 60
Trd, 4318359.993, 61
Trd, 4318362.293, 60
Trd, 4318362.993, 60
Trd, 4318363.693, 61
Trd, 4318363.743, 62
Trd, 4318363.843, 62
Trd, 4318364.293, 60
Trd, 4318365.343, 60
Trd, 4318365.593, 60
Trd, 4318365.743, 61
Trd, 4318366.193, 64
Trd, 4318367.143, 60
Trd, 4318368.343, 63
Trd, 4318368.693, 63
Trd, 4318368.893, 64
Trd, 4318369.093, 65
Trd, 4318369.443, 65
Trd, 4318369.693, 73
Trd, 4318371.043, 64
Trd, 4318371.393, 63
Trd, 4318373.043, 61
Trd, 4318373.793, 60
Trd, 4318374.643, 60
Trd, 4318374.793, 60
Trd, 4318375.643, 65
Trd, 4318375.943, 61
Trd, 4318378.693, 62
Trd, 4318379.143, 61
Trd, 4318379.293, 60
Trd, 4318379.693, 62
Trd, 4318380.293, 62
Trd, 4318380.593, 61
Trd, 4318380.643, 65
Trd, 4318381.643, 62
Trd, 4318382.893, 60
Trd, 4318382.943, 61
Trd, 4318385.593, 60
Trd, 4318386.693, 60
Trd, 4318387.193, 61
Trd, 4318388.443, 60
Trd, 4318388.943, 60
Trd, 4318388.993, 61
Trd, 4318389.343, 61
Trd, 4318389.843, 60
Trd, 4318390.143, 63
Trd, 4318390.393, 62
Trd, 4318391.143, 65
Trd, 4318391.943, 65
Trd, 4318391.993, 64
Trd, 4318393.443, 60
Trd, 4318394.443, 62
Trd, 4318395.543, 60
Trd, 4318396.093, 60
Trd, 4318396.593, 66
Trd, 4318397.743, 61
Trd, 4318398.593, 60
Trd, 4318400.243, 60
Trd, 4318400.843, 60
Trd, 4318401.693, 63
Trd, 4318403.493, 60
Trd, 4318404.593, 60
Trd, 4318404.993, 60
Trd, 4318405.293, 61
Trd, 4318405.843, 61
Trd, 4318406.293, 61
Trd, 4318406.643, 62
Trd, 4318407.243, 61
Trd, 4318408.643, 60
Trd, 4318408.743, 61
Trd, 4318408.893, 62
Trd, 4318410.843, 60
Trd, 4318411.093, 66
Trd, 4318411.293, 67
Trd, 4318411.743, 61
Trd, 4318413.293, 60
Trd, 4318414.343, 60
Trd, 4318416.493, 60
Trd, 4318417.193, 60
Trd, 4318418.893, 60
Trd, 4318419.193, 60
Trd, 4318419.993, 60
Trd, 4318420.343, 61
Trd, 4318420.743, 61
Trd, 4318421.243, 64
Trd, 4318421.293, 65
Trd, 4318421.443, 64
Trd, 4318421.643, 64
Trd, 4318421.943, 63
Trd, 4318422.593, 69
Trd, 4318423.343, 60
Trd, 4318423.593, 61
Trd, 4318425.443, 60
Trd, 4318427.093, 63
Trd, 4318427.943, 60
Trd, 4318428.443, 60
Trd, 4318428.743, 63
Trd, 4318430.293, 60
Trd, 4318430.543, 60
Trd, 4318430.943, 60
Trd, 4318431.393, 61
Trd, 4318431.543, 61
Trd, 4318432.443, 61
Trd, 4318432.793, 61
Trd, 4318433.493, 60
Trd, 4318434.743, 61
Trd, 4318434.843, 62
Trd, 4318436.893, 60
Trd, 4318437.393, 61
Trd, 4318439.493, 60
Trd, 4318440.093, 60
Trd, 4318440.343, 60
Trd, 4318442.093, 60
Trd, 4318442.693, 62
Trd, 4318442.743, 64
Trd, 4318443.893, 62
Trd, 4318444.243, 60
Trd, 4318444.543, 62
Trd, 4318444.693, 65
Trd, 4318446.243, 65
Trd, 4318446.393, 139
Trd, 4318446.693, 64
Trd, 4318447.593, 67
Trd, 4318447.793, 63
Trd, 4318449.193, 60
Trd, 4318450.743, 60
Trd, 4318452.693, 60
Trd, 4318453.243, 60
Trd, 4318453.793, 60
Trd, 4318454.593, 61
Trd, 4318456.143, 61
Trd, 4318456.343, 62
Trd, 4318456.393, 62
Trd, 4318457.243, 60
Trd, 4318457.593, 92
Trd, 4318458.243, 140
Trd, 4318458.693, 138
Trd, 4318458.843, 137
Trd, 4318459.893, 63
Trd, 4318460.143, 63
Trd, 4318460.993, 61
Trd, 4318461.243, 62
Trd, 4318463.743, 60
Trd, 4318465.693, 60
Trd, 4318465.843, 60
Trd, 4318466.543, 61
Trd, 4318468.393, 60
Trd, 4318469.043, 60
Trd, 4318469.093, 60
Trd, 4318470.343, 60
Trd, 4318471.443, 61
Trd, 4318472.043, 61
Trd, 4318472.593, 60
Trd, 4318472.643, 60
Trd, 4318473.243, 62
Trd, 4318473.743, 60
Trd, 4318474.193, 62
Trd, 4318474.493, 61
Trd, 4318475.193, 63
Trd, 4318475.543, 63
Trd, 4318475.593, 64
Trd, 4318476.143, 60
Trd, 4318476.193, 61
Trd, 4318476.793, 62
Trd, 4318477.643, 60
Trd, 4318478.293, 61
Trd, 4318478.893, 61
Trd, 4318478.943, 68
Trd, 4318480.093, 62
Trd, 4318480.843, 62
Trd, 4318480.893, 65
Trd, 4318483.193, 60
Trd, 4318483.793, 63
Trd, 4318484.993, 61
Trd, 4318487.943, 60
Trd, 4318489.693, 60
Trd, 4318489.843, 60
Trd, 4318490.293, 60
Trd, 4318490.393, 60
Trd, 4318490.543, 60
Trd, 4318490.943, 61
Trd, 4318491.293, 62
Trd, 4318491.593, 63
Trd, 4318492.593, 61
Trd, 4318493.193, 62
Trd, 4318493.393, 61
Trd, 4318494.193, 63
Trd, 4318496.093, 60
Trd, 4318496.993, 60
Trd, 4318497.693, 62
Trd, 4318500.443, 60
Trd, 4318500.893, 60
Trd, 4318501.443, 60
Trd, 4318502.493, 60
Trd, 4318503.043, 61
Trd, 4318503.543, 61
Trd, 4318504.993, 60
Trd, 4318505.343, 61
Trd, 4318505.793, 61
Trd, 4318505.993, 60
Trd, 4318506.343, 61
Trd, 4318506.543, 61
Trd, 4318506.893, 60
Trd, 4318506.993, 61
Trd, 4318507.993, 60
Trd, 4318509.393, 60
Trd, 4318509.693, 61
Trd, 4318510.043, 62
Trd, 4318510.193, 70
Trd, 4318512.843, 62
Trd, 4318513.343, 64
Trd, 4318514.043, 60
Trd, 4318515.343, 60
Trd, 4318515.493, 60
Trd, 4318516.893, 61
Trd, 4318518.943, 60
Trd, 4318519.143, 60
Trd, 4318519.893, 62
Trd, 4318520.043, 63
Trd, 4318520.543, 63
Trd, 4318520.693, 60
Trd, 4318521.093, 60
Trd, 4318521.593, 62
Trd, 4318521.793, 63
Trd, 4318522.693, 61
Trd, 4318523.743, 61
Trd, 4318526.043, 60
Trd, 4318526.693, 60
Trd, 4318528.643, 60
Trd, 4318529.593, 60
Trd, 4318529.993, 60
Trd, 4318530.793, 60
Trd, 4318531.093, 61
Trd, 4318531.493, 62
Trd, 4318531.843, 63
Trd, 4318532.143, 63
Trd, 4318532.343, 63
Trd, 4318532.843, 62
Trd, 4318533.843, 60
Trd, 4318534.093, 60
Trd, 4318536.293, 60
Trd, 4318536.843, 60
Trd, 4318537.043, 62
Trd, 4318537.293, 61
Trd, 4318539.143, 60
Trd, 4318539.993, 60
Trd, 4318540.093, 60
Trd, 4318540.793, 60
Trd, 4318541.943, 60
Trd, 4318542.343, 60
Trd, 4318542.993, 61
Trd, 4318543.493, 63
Trd, 4318544.093, 62
Trd, 4318544.693, 61
Trd, 4318544.893, 65
Trd, 4318545.293, 63
Trd, 4318546.943, 61
Trd, 4318548.593, 60
Trd, 4318548.693, 62
Trd, 4318548.993, 62
Trd, 4318549.043, 63
Trd, 4318552.043, 60
Trd, 4318553.693, 60
Trd, 4318555.743, 60
Trd, 4318556.193, 61
Trd, 4318556.643, 60
Trd, 4318557.043, 60
Trd, 4318557.243, 60
Trd, 4318557.743, 61
Trd, 4318557.893, 63
Trd, 4318558.243, 64
Trd, 4318558.543, 65
Trd, 4318558.793, 140
Trd, 4318558.943, 64
Trd, 4318560.493, 140
Trd, 4318560.543, 138
Trd, 4318560.893, 139
Trd, 4318563.243, 60
Trd, 4318563.343, 60
Trd, 4318563.793, 60
Trd, 4318564.993, 60
Trd, 4318565.893, 65
Trd, 4318567.593, 60
Trd, 4318567.893, 63
Trd, 4318570.043, 60
Trd, 4318570.243, 60
Trd, 4318570.693, 60
Trd, 4318571.393, 61
Trd, 4318571.443, 61
Trd, 4318571.743, 60
Trd, 4318572.093, 61
Trd, 4318572.343, 60
Trd, 4318572.693, 61
Trd, 4318573.843, 62
Trd, 4318574.193, 64
Trd, 4318574.343, 71
Trd, 4318574.493, 67
Trd, 4318575.093, 65
Trd, 4318575.593, 67
Trd, 4318576.043, 65
Trd, 4318577.043, 139
Trd, 4318578.043, 140
Trd, 4318579.893, 60
Trd, 4318581.243, 60
Trd, 4318582.193, 61
Trd, 4318582.693, 61
Trd, 4318583.093, 61
Trd, 4318583.893, 60
Trd, 4318584.543, 60
Trd, 4318585.043, 66
Trd, 4318585.543, 61
Trd, 4318586.693, 62
Trd, 4318587.143, 62
Trd, 4318587.243, 61
Trd, 4318588.043, 64
Trd, 4318588.143, 65
Trd, 4318591.543, 60
Trd, 4318591.893, 60
Trd, 4318591.993, 61
Trd, 4318593.393, 63
Trd, 4318593.793, 60
Trd, 4318596.043, 62
Trd, 4318596.393, 60
Trd, 4318596.893, 60
Trd, 4318597.043, 60
Trd, 4318597.343, 62
Trd, 4318597.693, 62
Trd, 4318597.993, 63
Trd, 4318598.143, 64
Trd, 4318598.843, 140
Trd, 4318598.993, 140
Trd, 4318600.693, 61
Trd, 4318601.893, 61
Trd, 4318601.943, 61
Trd, 4318602.293, 61
Trd, 4318604.743, 61
Trd, 4318605.943, 60
Trd, 4318606.643, 60
Trd, 4318607.293, 60
Trd, 4318607.993, 61
Trd, 4318608.193, 60
Trd, 4318608.593, 60
Trd, 4318609.143, 64
Trd, 4318609.193, 61
Trd, 4318610.043, 61
Trd, 4318610.593, 61
Trd, 4318610.743, 62
Trd, 4318611.493, 62
Trd, 4318611.793, 61
Trd, 4318612.493, 62
Trd, 4318613.843, 60
Trd, 4318614.043, 60
Trd, 4318614.193, 60
Trd, 4318615.443, 60
Trd, 4318617.793, 60
Trd, 4318618.693, 60
Trd, 4318619.943, 60
Trd, 4318620.093, 60
Trd, 4318621.043, 60
Trd, 4318621.443, 60
Trd, 4318621.493, 61
Trd, 4318621.693, 61
Trd, 4318621.743, 61
Trd, 4318621.993, 61
Trd, 4318622.443, 60
Trd, 4318622.693, 60
Trd, 4318623.093, 65
Trd, 4318625.543, 60
Trd, 4318626.143, 61
Trd, 4318628.043, 60
Trd, 4318628.593, 60
Trd, 4318629.343, 63
Trd, 4318630.293, 61
Trd, 4318630.543, 60
Trd, 4318631.993, 60
Trd, 4318632.193, 61
Trd, 4318632.693, 60
Trd, 4318633.043, 60
Trd, 4318633.293, 60
Trd, 4318633.793, 64
Trd, 4318633.893, 61
Trd, 4318634.393, 63
Trd, 4318634.793, 64
Trd, 4318635.293, 60
Trd, 4318637.493, 60
Trd, 4318637.543, 60
Trd, 4318638.043, 61
Trd, 4318639.593, 60
Trd, 4318640.143, 62
Trd, 4318641.443, 60
Trd, 4318642.043, 60
Trd, 4318642.093, 60
Trd, 4318642.443, 66
Trd, 4318642.743, 67
Trd, 4318643.343, 67
Trd, 4318643.693, 140
Trd, 4318644.293, 71
Trd, 4318644.743, 71
Trd, 4318645.043, 139
Trd, 4318645.993, 60
Trd, 4318647.493, 70
Trd, 4318648.143, 60
Trd, 4318648.943, 61
Trd, 4318649.993, 61
Trd, 4318650.243, 62
Trd, 4318653.193, 60
Trd, 4318653.493, 61
Trd, 4318653.743, 61
Trd, 4318654.943, 60
Trd, 4318655.193, 61
Trd, 4318655.443, 62
Trd, 4318655.743, 60
Trd, 4318655.943, 60
Trd, 4318656.993, 60
Trd, 4318657.393, 60
Trd, 4318657.843, 61
Trd, 4318658.343, 61
Trd, 4318658.993, 61
Trd, 4318659.993, 61
Trd, 4318660.543, 64
Trd, 4318660.793, 61
Trd, 4318662.143, 61
Trd, 4318662.743, 60
Trd, 4318663.493, 65
Trd, 4318663.793, 64
Trd, 4318664.393, 60
Trd, 4318664.893, 61
Trd, 4318665.943, 61
Trd, 4318667.643, 60
Trd, 4318668.093, 60
Trd, 4318669.543, 60
Trd, 4318670.193, 63
Trd, 4318670.793, 61
Trd, 4318670.943, 61
Trd, 4318671.643, 60
Trd, 4318672.093, 60
Trd, 4318672.643, 61
Trd, 4318673.193, 65
Trd, 4318673.693, 63
Trd, 4318673.993, 77
Trd, 4318674.593, 69
Trd, 4318675.443, 61
Trd, 4318676.643, 60
Trd, 4318677.593, 60
Trd, 4318677.993, 63
Trd, 4318678.593, 60
Trd, 4318679.293, 64
Trd, 4318680.393, 60
Trd, 4318681.543, 63
Trd, 4318682.493, 60
Trd, 4318682.543, 60
Trd, 4318682.843, 65
Trd, 4318683.293, 64
Trd, 4318683.343, 63
Trd, 4318684.043, 137
Trd, 4318684.093, 62
Trd, 4318684.343, 78
Trd, 4318686.693, 60
Trd, 4318687.643, 60
Trd, 4318688.193, 62
Trd, 4318689.393, 61
Trd, 4318690.593, 60
Trd, 4318691.793, 60
Trd, 4318692.893, 61
Trd, 4318694.293, 60
Trd, 4318694.793, 61
Trd, 4318695.093, 62
Trd, 4318695.393, 62
Trd, 4318695.643, 62
Trd, 4318695.843, 67
Trd, 4318695.993, 69
Trd, 4318696.143, 138
Trd, 4318697.243, 63
Trd, 4318698.493, 61
Trd, 4318700.543, 60
Trd, 4318701.193, 60
Trd, 4318703.293, 60
Trd, 4318703.543, 61
Trd, 4318704.543, 61
Trd, 4318705.093, 60
Trd, 4318705.243, 60
Trd, 4318705.443, 60
Trd, 4318705.693, 66
Trd, 4318707.793, 60
Trd, 4318709.193, 60
Trd, 4318709.893, 60
Trd, 4318711.643, 60
Trd, 4318711.843, 60
Trd, 4318712.193, 60
Trd, 4318714.393, 60
Trd, 4318714.543, 62
Trd, 4318715.443, 60
Trd, 4318715.993, 62
Trd, 4318716.043, 62
Trd, 4318716.543, 63
Trd, 4318717.743, 62
Trd, 4318718.343, 60
Trd, 4318718.943, 60
Trd, 4318719.343, 61
Trd, 4318719.693, 60
Trd, 4318719.793, 62
Trd, 4318721.393, 60
Trd, 4318722.093, 60
Trd, 4318722.793, 62
Trd, 4318723.543, 60
Trd, 4318726.143, 60
Trd, 4318726.193, 60
Trd, 4318726.493, 61
Trd, 4318726.593, 61
Trd, 4318726.793, 60
Trd, 4318726.893, 61
Trd, 4318726.993, 62
Trd, 4318727.643, 62
Trd, 4318727.743, 60
Trd, 4318728.243, 60
Trd, 4318728.393, 62
Trd, 4318729.143, 63
Trd, 4318729.943, 70
Trd, 4318730.443, 62
Trd, 4318731.643, 65
Trd, 4318733.493, 61
Trd, 4318733.893, 60
Trd, 4318735.093, 60
Trd, 4318735.743, 60
Trd, 4318737.193, 60
Trd, 4318739.043, 60
Trd, 4318739.143, 60
Trd, 4318739.543, 61
Trd, 4318740.193, 63
Trd, 4318740.743, 63
Trd, 4318740.843, 61
Trd, 4318740.943, 69
Trd, 4318741.143, 60
Trd, 4318742.243, 60
Trd, 4318743.943, 60
Trd, 4318744.343, 61
Trd, 4318744.493, 63
Trd, 4318745.993, 60
Trd, 4318746.993, 60
Trd, 4318748.243, 60
Trd, 4318749.293, 60
Trd, 4318750.043, 60
Trd, 4318751.343, 60
Trd, 4318752.443, 60
Trd, 4318752.643, 60
Trd, 4318752.943, 60
Trd, 4318753.693, 60
Trd, 4318754.493, 62
Trd, 4318754.893, 64
Trd, 4318755.093, 62
Trd, 4318756.043, 60
Trd, 4318756.143, 60
Trd, 4318757.243, 61
Trd, 4318759.843, 60
Trd, 4318760.193, 61
Trd, 4318760.693, 61
Trd, 4318762.243, 60
Trd, 4318763.243, 61
Trd, 4318766.093, 60
Trd, 4318766.243, 60
Trd, 4318766.293, 60
Trd, 4318766.743, 63
Trd, 4318766.943, 63
Trd, 4318767.093, 67
Trd, 4318767.143, 64
Trd, 4318767.643, 65
Trd, 4318767.793, 63
Trd, 4318768.193, 61
Trd, 4318769.043, 61
Trd, 4318770.243, 60
Trd, 4318770.293, 61
Trd, 4318771.943, 64
Trd, 4318772.893, 60
Trd, 4318772.943, 62
Trd, 4318774.043, 60
Trd, 4318775.243, 60
Trd, 4318777.693, 60
Trd, 4318777.943, 60
Trd, 4318779.093, 64
Trd, 4318779.293, 61
Trd, 4318780.743, 60
Trd, 4318781.543, 60
Trd, 4318781.743, 61
Trd, 4318781.943, 60
Trd, 4318782.393, 62
Trd, 4318782.593, 64
Trd, 4318783.143, 67
Trd, 4318783.593, 64
Trd, 4318783.743, 63
Trd, 4318783.993, 71
Trd, 4318784.743, 63
Trd, 4318786.093, 140
Trd, 4318786.193, 140
Trd, 4318786.493, 66
Trd, 4318786.593, 65
Trd, 4318787.443, 140
Trd, 4318790.043, 60
Trd, 4318790.443, 60
Trd, 4318791.743, 62
Trd, 4318793.193, 60
Trd, 4318793.693, 63
Trd, 4318795.693, 61
Trd, 4318796.243, 60
Trd, 4318796.393, 61
Trd, 4318797.843, 60
Trd, 4318798.393, 60
Trd, 4318798.443, 61
Trd, 4318798.643, 60
Trd, 4318799.193, 63
Trd, 4318800.093, 63
Trd, 4318800.393, 62
Trd, 4318801.293, 140
Trd, 4318801.493, 139
Trd, 4318802.293, 140
Trd, 4318802.593, 140
Trd, 4318802.693, 139
Trd, 4318802.943, 140
Trd, 4318803.143, 138
Trd, 4318803.643, 70
Trd, 4318804.293, 139
Trd, 4318806.043, 140
Trd, 4318806.193, 140
Trd, 4318807.293, 140
Trd, 4318808.193, 140
Trd, 4318808.243, 140
Trd, 4318808.443, 139
Trd, 4318809.843, 140
Trd, 4318809.993, 140
Trd, 4318810.693, 140
Trd, 4318812.493, 140
Trd, 4318812.593, 140
Trd, 4318812.743, 140
Trd, 4318813.293, 140
Trd, 4318814.393, 140
Trd, 4318814.893, 140
Trd, 4318815.843, 140
Trd, 4318816.043, 140
Trd, 4318816.493, 140
Trd, 4318816.693, 140
Trd, 4318816.743, 140
Trd, 4318817.693, 140
Trd, 4318818.643, 140
Trd, 4318819.143, 140
Trd, 4318820.443, 140
Trd, 4318820.743, 140
Trd, 4318820.843, 140
Trd, 4318821.693, 61
Trd, 4318822.043, 63
Trd, 4318822.993, 62
Trd, 4318824.643, 63
Trd, 4318826.643, 62
Trd, 4318826.893, 60
Trd, 4318827.493, 60
Trd, 4318827.543, 65
Trd, 4318827.943, 60
Trd, 4318828.243, 62
Trd, 4318828.493, 60
Trd, 4318829.393, 61
Trd, 4318829.443, 63
Trd, 4318830.643, 60
Trd, 4318831.243, 63
Trd, 4318831.593, 61
Trd, 4318831.843, 63
Trd, 4318832.443, 60
Trd, 4318832.943, 62
Trd, 4318833.143, 67
Trd, 4318833.993, 73
Trd, 4318834.043, 68
Trd, 4318834.243, 66
Trd, 4318835.293, 140
Trd, 4318835.493, 139
Trd, 4318837.193, 61
Trd, 4318837.893, 61
Trd, 4318839.693, 60
Trd, 4318841.043, 60
Trd, 4318841.893, 60
Trd, 4318841.993, 61
Trd, 4318842.343, 61
Trd, 4318845.193, 60
Trd, 4318845.443, 60
Trd, 4318845.693, 60
Trd, 4318845.943, 61
Trd, 4318847.193, 62
Trd, 4318847.493, 62
Trd, 4318848.093, 61
Trd, 4318848.843, 60
Trd, 4318849.593, 62
Trd, 4318850.843, 60
Trd, 4318853.043, 60
Trd, 4318854.043, 60
Trd, 4318855.293, 60
Trd, 4318855.443, 60
Trd, 4318856.043, 60
Trd, 4318856.543, 60
Trd, 4318857.393, 60
Trd, 4318858.343, 61
Trd, 4318858.443, 63
Trd, 4318859.343, 61
Trd, 4318860.093, 61
Trd, 4318861.543, 60
Trd, 4318861.893, 60
Trd, 4318862.393, 60
Trd, 4318863.693, 60
Trd, 4318864.043, 64
Trd, 4318864.793, 60
Trd, 4318864.993, 61
Trd, 4318865.543, 61
Trd, 4318865.843, 63
Trd, 4318866.393, 64
Trd, 4318866.693, 61
Trd, 4318866.743, 68
Trd, 4318867.693, 140
Trd, 4318868.693, 63
Trd, 4318870.493, 61
Trd, 4318870.543, 62
Trd, 4318870.893, 60
Trd, 4318871.643, 75
Trd, 4318872.843, 60
Trd, 4318875.843, 61
Trd, 4318876.043, 60
Trd, 4318876.643, 62
Trd, 4318876.693, 63
Trd, 4318877.143, 63
Trd, 4318877.443, 63
Trd, 4318877.893, 64
Trd, 4318879.593, 60
Trd, 4318880.693, 60
Trd, 4318881.243, 64
Trd, 4318883.093, 60
Trd, 4318883.743, 60
Trd, 4318884.643, 60
Trd, 4318884.693, 60
Trd, 4318886.543, 61
Trd, 4318886.943, 63
Trd, 4318888.843, 60
Trd, 4318889.693, 61
Trd, 4318890.493, 60
Trd, 4318891.493, 60
Trd, 4318891.593, 60
Trd, 4318891.993, 60
Trd, 4318892.643, 60
Trd, 4318893.293, 64
Trd, 4318894.343, 60
Trd, 4318894.643, 60
Trd, 4318896.393, 60
Trd, 4318898.293, 60
Trd, 4318898.543, 60
Trd, 4318899.293, 60
Trd, 4318899.493, 60
Trd, 4318900.943, 60
Trd, 4318901.793, 63
Trd, 4318903.293, 61
Trd, 4318903.793, 63
Trd, 4318903.993, 62
Trd, 4318904.143, 62
Trd, 4318904.293, 61
Trd, 4318904.843, 61
Trd, 4318905.143, 64
Trd, 4318905.293, 65
Trd, 4318905.943, 62
Trd, 4318906.293, 78
Trd, 4318907.743, 60
Trd, 4318910.293, 60
Trd, 4318910.993, 60
Trd, 4318911.693, 60
Trd, 4318913.493, 60
Trd, 4318913.843, 61
Trd, 4318916.143, 60
Trd, 4318917.093, 60
Trd, 4318918.793, 60
Trd, 4318918.893, 60
Trd, 4318919.093, 60
Trd, 4318919.443, 60
Trd, 4318919.843, 60
Trd, 4318919.943, 61
Trd, 4318919.993, 63
Trd, 4318920.493, 60
Trd, 4318921.593, 62
Trd, 4318922.193, 60
Trd, 4318922.393, 60
Trd, 4318923.693, 60
Trd, 4318923.743, 60
Trd, 4318926.293, 60
Trd, 4318928.493, 60
Trd, 4318928.543, 60
Trd, 4318928.593, 61
Trd, 4318929.443, 62
Trd, 4318931.143, 60
Trd, 4318932.393, 60
Trd, 4318932.943, 60
Trd, 4318934.743, 61
Trd, 4318934.943, 61
Trd, 4318934.993, 60
Trd, 4318935.443, 60
Trd, 4318935.743, 61
Trd, 4318936.243, 61
Trd, 4318936.343, 67
Trd, 4318936.693, 139
Trd, 4318937.743, 140
Trd, 4318938.843, 139
Trd, 4318939.393, 140
Trd, 4318939.793, 139
Trd, 4318939.843, 137
Trd, 4318940.443, 60
Trd, 4318941.843, 60
Trd, 4318942.293, 60
Trd, 4318944.793, 62
Trd, 4318945.043, 62
Trd, 4318947.243, 60
Trd, 4318948.793, 60
Trd, 4318949.293, 60
Trd, 4318949.793, 60
Trd, 4318950.493, 60
Trd, 4318950.943, 60
Trd, 4318951.593, 60
Trd, 4318951.893, 60
Trd, 4318952.243, 60
Trd, 4318952.293, 60
Trd, 4318952.893, 61
Trd, 4318953.243, 65
Trd, 4318955.193, 60
Trd, 4318955.593, 60
Trd, 4318956.493, 61
Trd, 4318956.793, 64
Trd, 4318958.443, 61
Trd, 4318959.643, 60
Trd, 4318960.193, 60
Trd, 4318960.393, 61
Trd, 4318960.643, 61
Trd, 4318960.743, 65
Trd, 4318961.393, 61
Trd, 4318961.493, 64
Trd, 4318961.843, 64
Trd, 4318962.793, 65
Trd, 4318962.943, 70
Trd, 4318963.443, 73
Trd, 4318964.393, 139
Trd, 4318965.193, 139
Trd, 4318965.243, 138
Trd, 4318967.643, 61
Trd, 4318968.843, 61
Trd, 4318968.993, 63
Trd, 4318970.443, 60
Trd, 4318971.193, 60
Trd, 4318971.343, 61
Trd, 4318971.543, 62
Trd, 4318973.143, 60
Trd, 4318973.543, 61
Trd, 4318973.893, 62
Trd, 4318973.993, 60
Trd, 4318974.143, 62
Trd, 4318974.493, 61
Trd, 4318974.543, 60
Trd, 4318974.793, 62
Trd, 4318976.493, 60
Trd, 4318976.943, 61
Trd, 4318977.393, 64
Trd, 4318978.993, 62
Trd, 4318981.093, 60
Trd, 4318982.993, 60
Trd, 4318984.143, 60
Trd, 4318985.643, 60
Trd, 4318985.793, 60
Trd, 4318986.243, 61
Trd, 4318986.593, 64
Trd, 4318986.843, 65
Trd, 4318987.393, 65
Trd, 4318987.993, 67
Trd, 4318988.493, 140
Trd, 4318988.543, 140
Trd, 4318989.693, 140
Trd, 4318990.093, 140
Trd, 4318990.143, 140
Trd, 4318991.643, 140
Trd, 4318992.193, 140
Trd, 4318992.293, 140
Trd, 4318993.243, 140
Trd, 4318993.593, 64
Trd, 4318994.443, 60
Trd, 4318994.693, 60
Trd, 4318995.693, 60
Trd, 4318997.043, 60
Trd, 4318999.093, 60
Trd, 4318999.343, 60
Trd, 4318999.943, 60
Trd, 4319001.343, 60
Trd, 4319002.143, 60
Trd, 4319002.443, 62
Trd, 4319002.943, 63
Trd, 4319003.043, 61
Trd, 4319003.993, 61
Trd, 4319004.043, 62
Trd, 4319004.343, 66
Trd, 4319004.643, 60
Trd, 4319006.293, 64
Trd, 4319007.543, 62
Trd, 4319007.943, 65
Trd, 4319009.493, 60
Trd, 4319010.043, 62
Trd, 4319011.193, 61
Trd, 4319012.443, 60
Trd, 4319012.993, 60
Trd, 4319015.193, 60
Trd, 4319016.443, 60
Trd, 4319017.093, 60
Trd, 4319017.743, 60
Trd, 4319017.893, 60
Trd, 4319017.943, 60
Trd, 4319017.993, 62
Trd, 4319018.043, 63
Trd, 4319018.993, 64
Trd, 4319019.143, 63
Trd, 4319019.193, 61
Trd, 4319020.443, 60
Trd, 4319020.693, 60
Trd, 4319023.143, 60
Trd, 4319024.343, 60
Trd, 4319024.393, 60
Trd, 4319025.143, 62
Trd, 4319026.043, 65
Trd, 4319028.543, 60
Trd, 4319029.393, 60
Trd, 4319030.043, 60
Trd, 4319030.243, 60
Trd, 4319032.143, 60
Trd, 4319032.493, 60
Trd, 4319032.643, 61
Trd, 4319033.393, 62
Trd, 4319033.493, 62
Trd, 4319034.793, 62
Trd, 4319035.093, 62
Trd, 4319035.193, 63
Trd, 4319035.643, 63
Trd, 4319037.043, 60
Trd, 4319037.493, 60
Trd, 4319038.093, 60
Trd, 4319040.943, 60
Trd, 4319041.243, 61
Trd, 4319042.543, 61
Trd, 4319043.143, 60
Trd, 4319043.843, 60
Trd, 4319044.293, 60
Trd, 4319044.543, 61
Trd, 4319044.743, 63
Trd, 4319044.993, 62
Trd, 4319045.693, 61
Trd, 4319047.343, 60
Trd, 4319049.293, 60
Trd, 4319049.643, 60
Trd, 4319051.943, 60
Trd, 4319052.843, 61
Trd, 4319052.943, 61
Trd, 4319053.493, 60
Trd, 4319054.493, 60
Trd, 4319054.993, 61
Trd, 4319056.343, 61
Trd, 4319056.443, 60
Trd, 4319056.493, 61
Trd, 4319058.243, 60
Trd, 4319058.743, 61
Trd, 4319058.993, 62
Trd, 4319059.093, 61
Trd, 4319059.543, 140
Trd, 4319059.893, 60
Trd, 4319060.443, 140
Trd, 4319060.643, 140
Trd, 4319062.393, 66
Trd, 4319062.843, 67
Trd, 4319064.493, 60
Trd, 4319066.193, 60
Trd, 4319066.693, 60
Trd, 4319066.943, 60
Trd, 4319066.993, 61
Trd, 4319068.143, 62
Trd, 4319070.293, 61
Trd, 4319071.793, 60
Trd, 4319071.893, 60
Trd, 4319071.993, 63
Trd, 4319072.593, 60
Trd, 4319074.243, 62
Trd, 4319074.793, 60
Trd, 4319075.543, 60
Trd, 4319075.943, 60
Trd, 4319076.493, 60
Trd, 4319077.393, 61
Trd, 4319077.643, 60
Trd, 4319078.593, 62
Trd, 4319078.693, 61
Trd, 4319078.943, 140
Trd, 4319078.993, 139
Trd, 4319080.043, 62
Trd, 4319080.843, 73
Trd, 4319083.793, 60
Trd, 4319083.993, 61
Trd, 4319085.443, 60
Trd, 4319085.643, 61
Trd, 4319085.943, 61
Trd, 4319086.143, 62
Trd, 4319086.493, 61
Trd, 4319086.793, 60
Trd, 4319086.993, 62
Trd, 4319087.043, 64
Trd, 4319088.493, 66
Trd, 4319088.943, 68
Trd, 4319089.593, 62
Trd, 4319090.243, 62
Trd, 4319091.993, 61
Trd, 4319093.243, 60
Trd, 4319094.193, 62
Trd, 4319094.543, 62
Trd, 4319094.643, 66
Trd, 4319096.893, 60
Trd, 4319098.093, 60
Trd, 4319098.143, 60
Trd, 4319098.493, 60
Trd, 4319098.743, 60
Trd, 4319100.793, 60
Trd, 4319100.893, 60
Trd, 4319101.993, 60
Trd, 4319102.043, 61
Trd, 4319102.443, 62
Trd, 4319103.843, 60
Trd, 4319104.843, 60
Trd, 4319106.043, 60
Trd, 4319106.993, 60
Trd, 4319107.293, 61
Trd, 4319107.343, 61
Trd, 4319107.393, 61
Trd, 4319108.093, 60
Trd, 4319109.093, 60
Trd, 4319109.293, 67
Trd, 4319110.493, 63
Trd, 4319111.193, 61
Trd, 4319112.793, 60
Trd, 4319113.593, 60
Trd, 4319114.793, 60
Trd, 4319115.293, 61
Trd, 4319115.443, 61
Trd, 4319117.693, 60
Trd, 4319118.843, 60
Trd, 4319118.943, 61
Trd, 4319119.443, 61
Trd, 4319119.543, 60
Trd, 4319119.893, 65
Trd, 4319120.243, 60
Trd, 4319121.243, 61
Trd, 4319121.843, 65
Trd, 4319122.143, 62
Trd, 4319122.993, 63
Trd, 4319124.243, 60
Trd, 4319126.793, 60
Trd, 4319128.193, 60
Trd, 4319128.393, 61
Trd, 4319129.093, 60
Trd, 4319130.293, 60
Trd, 4319130.693, 60
Trd, 4319130.743, 61
Trd, 4319131.143, 62
Trd, 4319131.643, 64
Trd, 4319131.843, 65
Trd, 4319132.093, 66
Trd, 4319132.343, 63
Trd, 4319132.743, 62
Trd, 4319133.993, 140
Trd, 4319134.043, 140
Trd, 4319134.443, 140
Trd, 4319136.793, 62
Trd, 4319137.243, 61
Trd, 4319137.293, 61
Trd, 4319137.743, 65
Trd, 4319138.993, 60
Trd, 4319139.493, 64
Trd, 4319140.943, 60
Trd, 4319142.343, 60
Trd, 4319142.793, 60
Trd, 4319142.843, 60
Trd, 4319143.343, 61
Trd, 4319143.843, 63
Trd, 4319144.443, 61
Trd, 4319145.243, 61
Trd, 4319145.643, 62
Trd, 4319146.343, 63
Trd, 4319146.843, 64
Trd, 4319147.093, 65
Trd, 4319147.493, 63
Trd, 4319147.693, 62
Trd, 4319148.993, 140
Trd, 4319149.393, 139
Trd, 4319149.493, 138
Trd, 4319150.043, 65
Trd, 4319150.993, 139
Trd, 4319151.693, 60
Trd, 4319152.443, 61
Trd, 4319154.093, 60
Trd, 4319154.593, 61
Trd, 4319154.793, 60
Trd, 4319154.993, 61
Trd, 4319155.343, 65
Trd, 4319155.793, 62
Trd, 4319158.693, 60
Trd, 4319158.893, 60
Trd, 4319158.943, 60
Trd, 4319159.593, 60
Trd, 4319160.093, 60
Trd, 4319160.993, 61
Trd, 4319161.293, 62
Trd, 4319161.593, 63
Trd, 4319161.993, 64
Trd, 4319162.193, 61
Trd, 4319162.793, 62
Trd, 4319164.143, 61
Trd, 4319165.593, 61
Trd, 4319166.793, 60
Trd, 4319169.143, 60
Trd, 4319169.293, 60
Trd, 4319169.443, 61
Trd, 4319170.443, 60
Trd, 4319170.843, 60
Trd, 4319171.843, 62
Trd, 4319172.893, 62
Trd, 4319173.743, 62
Trd, 4319174.343, 60
Trd, 4319174.843, 61
Trd, 4319175.043, 60
Trd, 4319175.543, 60
Trd, 4319175.943, 60
Trd, 4319176.443, 61
Trd, 4319179.043, 60
Trd, 4319179.893, 60
Trd, 4319180.143, 60
Trd, 4319180.293, 61
Trd, 4319180.943, 61
Trd, 4319182.693, 60
Trd, 4319183.343, 60
Trd, 4319183.993, 60
Trd, 4319185.893, 60
Trd, 4319186.193, 60
Trd, 4319187.193, 61
Trd, 4319187.393, 61
Trd, 4319187.493, 61
Trd, 4319188.943, 61
Trd, 4319190.643, 60
Trd, 4319191.143, 61
Trd, 4319191.443, 60
Trd, 4319192.443, 61
Trd, 4319192.743, 60
Trd, 4319193.493, 61
Trd, 4319194.793, 60
Trd, 4319196.143, 61
Trd, 4319196.593, 60
Trd, 4319197.043, 62
Trd, 4319197.593, 62
Trd, 4319198.643, 61
Trd, 4319201.293, 60
Trd, 4319201.443, 61
Trd, 4319201.643, 61
Trd, 4319201.943, 61
Trd, 4319202.193, 60
Trd, 4319202.243, 62
Trd, 4319203.193, 62
Trd, 4319203.243, 68
Trd, 4319203.993, 60
Trd, 4319205.493, 62
Trd, 4319206.193, 60
Trd, 4319206.443, 60
Trd, 4319206.693, 61
Trd, 4319208.843, 61
Trd, 4319210.093, 60
Trd, 4319210.943, 60
Trd, 4319211.593, 62
Trd, 4319212.343, 61
Trd, 4319213.043, 60
Trd, 4319213.393, 60
Trd, 4319213.443, 61
Trd, 4319214.443, 62
Trd, 4319214.643, 62
Trd, 4319215.643, 65
Trd, 4319215.993, 65
Trd, 4319216.843, 69
Trd, 4319216.893, 66
Trd, 4319218.443, 140
Trd, 4319218.493, 140
Trd, 4319219.793, 140
Trd, 4319220.243, 140
Trd, 4319220.293, 140
Trd, 4319220.543, 140
Trd, 4319220.943, 140
Trd, 4319221.443, 140
Trd, 4319221.543, 140
Trd, 4319222.543, 140
Trd, 4319223.643, 138
Trd, 4319224.643, 140
Trd, 4319225.243, 140
Trd, 4319225.543, 140
Trd, 4319225.643, 140
Trd, 4319225.893, 140
Trd, 4319226.193, 140
Trd, 4319226.443, 140
Trd, 4319227.843, 140
Trd, 4319228.443, 139
Trd, 4319229.293, 140
Trd, 4319229.943, 140
Trd, 4319231.043, 140
Trd, 4319231.193, 140
Trd, 4319231.593, 138
Trd, 4319232.693, 140
Trd, 4319233.543, 140
Trd, 4319234.343, 140
Trd, 4319235.443, 140
Trd, 4319235.593, 140
Trd, 4319235.893, 140
Trd, 4319236.093, 139
Trd, 4319236.443, 140
Trd, 4319236.693, 140
Trd, 4319236.843, 135
Trd, 4319238.143, 140
Trd, 4319238.293, 139
Trd, 4319238.793, 140
Trd, 4319240.993, 60
Trd, 4319243.293, 60
Trd, 4319243.393, 61
Trd, 4319245.893, 60
Trd, 4319246.293, 60
Trd, 4319246.593, 61
Trd, 4319246.643, 62
Trd, 4319246.793, 61
Trd, 4319247.043, 60
Trd, 4319249.543, 60
Trd, 4319249.793, 60
Trd, 4319250.043, 61
Trd, 4319251.593, 62
Trd, 4319252.293, 60
Trd, 4319252.693, 60
Trd, 4319253.843, 62
Trd, 4319254.693, 62
Trd, 4319254.743, 63
Trd, 4319254.993, 63
Trd, 4319255.293, 64
Trd, 4319255.643, 61
Trd, 4319256.543, 61
Trd, 4319257.793, 60
Trd, 4319258.393, 60
Trd, 4319259.093, 60
Trd, 4319260.793, 60
Trd, 4319261.943, 60
Trd, 4319262.593, 60
Trd, 4319263.343, 60
Trd, 4319263.393, 60
Trd, 4319263.593, 60
Trd, 4319264.093, 60
Trd, 4319265.993, 60
Trd, 4319266.743, 61
Trd, 4319269.193, 60
Trd, 4319269.343, 60
Trd, 4319269.543, 63
Trd, 4319270.593, 61
Trd, 4319272.493, 60
Trd, 4319273.043, 60
Trd, 4319273.393, 60
Trd, 4319273.893, 60
Trd, 4319274.343, 60
Trd, 4319274.443, 60
Trd, 4319275.343, 60
Trd, 4319275.543, 61
Trd, 4319277.493, 62
Trd, 4319277.743, 60
Trd, 4319278.443, 60
Trd, 4319279.143, 60
Trd, 4319281.193, 60
Trd, 4319281.743, 60
Trd, 4319282.893, 60
Trd, 4319283.743, 60
Trd, 4319285.393, 61
Trd, 4319285.593, 61
Trd, 4319285.843, 62
Trd, 4319286.093, 63
Trd, 4319286.443, 64
Trd, 4319286.793, 62
Trd, 4319287.293, 61
Trd, 4319289.643, 60
Trd, 4319290.543, 60
Trd, 4319291.193, 60
Trd, 4319292.143, 60
Trd, 4319293.893, 60
Trd, 4319293.993, 60
Trd, 4319294.043, 61
Trd, 4319294.293, 63
Trd, 4319294.643, 63
Trd, 4319294.793, 64
Trd, 4319295.543, 65
Trd, 4319296.093, 62
Trd, 4319296.593, 60
Trd, 4319296.843, 61
Trd, 4319298.093, 60
Trd, 4319300.243, 60
Trd, 4319300.643, 61
Trd, 4319301.243, 60
Trd, 4319302.793, 60
Trd, 4319302.943, 61
Trd, 4319304.793, 60
Trd, 4319305.593, 63
Trd, 4319306.893, 60
Trd, 4319306.943, 60
Trd, 4319307.443, 60
Trd, 4319308.393, 60
Trd, 4319308.543, 62
Trd, 4319308.893, 64
Trd, 4319309.493, 65
Trd, 4319310.343, 65
Trd, 4319311.193, 60
Trd, 4319312.343, 60
Trd, 4319312.943, 62
Trd, 4319313.193, 60
Trd, 4319314.943, 60
Trd, 4319315.343, 60
Trd, 4319317.343, 60
Trd, 4319318.293, 61
Trd, 4319319.543, 61
Trd, 4319319.943, 60
Trd, 4319320.393, 60
Trd, 4319321.243, 60
Trd, 4319321.443, 62
Trd, 4319321.693, 61
Trd, 4319321.893, 63
Trd, 4319322.743, 62
Trd, 4319323.093, 69
Trd, 4319323.393, 63
Trd, 4319323.993, 140
Trd, 4319325.793, 60
Trd, 4319328.743, 60
Trd, 4319328.893, 62
Trd, 4319329.043, 63
Trd, 4319330.293, 63
Trd, 4319330.343, 64
Trd, 4319331.943, 60
Trd, 4319332.143, 60
Trd, 4319332.493, 60
Trd, 4319332.693, 60
Trd, 4319333.143, 61
Trd, 4319333.643, 60
Trd, 4319334.143, 60
Trd, 4319334.193, 60
Trd, 4319334.693, 61
Trd, 4319335.143, 63
Trd, 4319336.193, 60
Trd, 4319336.593, 60
Trd, 4319339.643, 60
Trd, 4319339.843, 60
Trd, 4319340.493, 60
Trd, 4319341.143, 61
Trd, 4319342.243, 60
Trd, 4319342.943, 62
Trd, 4319345.293, 60
Trd, 4319346.443, 60
Trd, 4319346.493, 61
Trd, 4319346.843, 62
Trd, 4319346.943, 63
Trd, 4319347.343, 61
Trd, 4319347.793, 60
Trd, 4319347.843, 66
Trd, 4319348.093, 63
Trd, 4319348.993, 62
Trd, 4319350.043, 61
Trd, 4319350.793, 60
Trd, 4319352.093, 60
Trd, 4319355.393, 60
Trd, 4319355.543, 60
Trd, 4319357.093, 60
Trd, 4319358.593, 60
Trd, 4319358.643, 60
Trd, 4319358.793, 61
Trd, 4319359.343, 60
Trd, 4319359.543, 67
Trd, 4319359.593, 83
Trd, 4319359.943, 140
Trd, 4319360.243, 62
Trd, 4319360.893, 62
Trd, 4319361.343, 62
Trd, 4319362.393, 62
Trd, 4319362.693, 63
Trd, 4319363.543, 60
Trd, 4319364.893, 62
Trd, 4319365.593, 61
Trd, 4319367.043, 61
Trd, 4319368.043, 61
Trd, 4319368.643, 60
Trd, 4319370.093, 60
Trd, 4319370.143, 60
Trd, 4319370.743, 60
Trd, 4319370.793, 60
Trd, 4319371.143, 60
Trd, 4319372.293, 60
Trd, 4319372.993, 61
Trd, 4319373.243, 63
Trd, 4319373.893, 61
Trd, 4319374.393, 62
Trd, 4319374.543, 66
Trd, 4319375.043, 65
Trd, 4319375.493, 61
Trd, 4319375.943, 61
Trd, 4319376.593, 63
Trd, 4319376.993, 62
Trd, 4319377.043, 63
Trd, 4319380.093, 61
Trd, 4319380.993, 62
Trd, 4319381.493, 61
Trd, 4319382.193, 60
Trd, 4319384.143, 60
Trd, 4319385.743, 60
Trd, 4319386.093, 60
Trd, 4319386.793, 62
Trd, 4319387.543, 60
Trd, 4319388.243, 60
Trd, 4319388.443, 60
Trd, 4319388.543, 61
Trd, 4319388.643, 62
Trd, 4319388.893, 62
Trd, 4319391.893, 60
Trd, 4319392.343, 60
Trd, 4319392.393, 61
Trd, 4319392.543, 63
Trd, 4319392.893, 62
Trd, 4319393.493, 62
Trd, 4319393.993, 63
Trd, 4319394.143, 63
Trd, 4319394.243, 62
Trd, 4319394.343, 61
Trd, 4319394.943, 60
Trd, 4319395.593, 64
Trd, 4319396.193, 62
Trd, 4319397.743, 60
Trd, 4319400.343, 61
Trd, 4319400.443, 66
Trd, 4319401.943, 60
Trd, 4319403.943, 60
Trd, 4319404.043, 60
Trd, 4319404.943, 60
Trd, 4319405.143, 60
Trd, 4319406.343, 60
Trd, 4319406.493, 61
Trd, 4319406.543, 61
Trd, 4319406.843, 61
Trd, 4319407.243, 61
Trd, 4319407.443, 69
Trd, 4319408.243, 61
Trd, 4319408.843, 61
Trd, 4319409.093, 139
Trd, 4319409.793, 67
Trd, 4319410.793, 139
Trd, 4319412.043, 61
Trd, 4319412.293, 62
Trd, 4319413.193, 60
Trd, 4319414.393, 60
Trd, 4319415.293, 60
Trd, 4319416.843, 63
Trd, 4319417.743, 60
Trd, 4319419.293, 60
Trd, 4319419.343, 60
Trd, 4319420.743, 60
Trd, 4319421.093, 60
Trd, 4319421.993, 63
Trd, 4319422.043, 61
Trd, 4319422.143, 60
Trd, 4319422.393, 63
Trd, 4319422.643, 64
Trd, 4319422.843, 62
Trd, 4319423.293, 68
Trd, 4319425.093, 62
Trd, 4319425.543, 65
Trd, 4319425.693, 66
Trd, 4319426.143, 140
Trd, 4319427.193, 61
Trd, 4319427.243, 65
Trd, 4319432.043, 60
Trd, 4319432.393, 60
Trd, 4319432.543, 60
Trd, 4319433.243, 60
Trd, 4319434.543, 60
Trd, 4319435.443, 61
Trd, 4319435.493, 61
Trd, 4319435.993, 62
Trd, 4319436.093, 61
Trd, 4319436.393, 60
Trd, 4319436.443, 61
Trd, 4319437.443, 140
Trd, 4319437.793, 140
Trd, 4319437.993, 140
Trd, 4319439.393, 62
Trd, 4319440.593, 64
Trd, 4319441.143, 140
Trd, 4319442.843, 60
Trd, 4319443.793, 61
Trd, 4319444.143, 60
Trd, 4319446.893, 60
Trd, 4319448.793, 60
Trd, 4319449.043, 60
Trd, 4319449.243, 61
Trd, 4319449.393, 60
Trd, 4319449.443, 61
Trd, 4319450.293, 60
Trd, 4319450.943, 64
Trd, 4319450.993, 62
Trd, 4319451.693, 64
Trd, 4319453.143, 61
Trd, 4319455.293, 60
Trd, 4319455.443, 63
Trd, 4319455.593, 65
Trd, 4319455.943, 65
Trd, 4319456.293, 60
Trd, 4319457.443, 62
Trd, 4319457.693, 64
Trd, 4319459.143, 60
Trd, 4319460.643, 60
Trd, 4319461.693, 60
Trd, 4319462.493, 60
Trd, 4319462.993, 60
Trd, 4319463.093, 61
Trd, 4319463.343, 61
Trd, 4319464.043, 62
Trd, 4319464.643, 62
Trd, 4319464.843, 61
Trd, 4319464.893, 62
Trd, 4319465.093, 64
Trd, 4319465.643, 64
Trd, 4319466.643, 60
Trd, 4319466.993, 60
Trd, 4319468.793, 60
Trd, 4319470.193, 60
Trd, 4319471.993, 60
Trd, 4319472.143, 60
Trd, 4319472.343, 61
Trd, 4319472.693, 60
Trd, 4319472.843, 60
Trd, 4319472.943, 61
Trd, 4319473.243, 61
Trd, 4319473.943, 62
Trd, 4319474.393, 63
Trd, 4319474.693, 67
Trd, 4319474.893, 60
Trd, 4319476.243, 63
Trd, 4319476.693, 64
Trd, 4319476.793, 69
Trd, 4319478.993, 60
Trd, 4319480.893, 60
Trd, 4319481.343, 60
Trd, 4319483.793, 60
Trd, 4319484.543, 60
Trd, 4319485.593, 61
Trd, 4319486.243, 60
Trd, 4319487.593, 60
Trd, 4319487.993, 60
Trd, 4319488.393, 60
Trd, 4319489.143, 60
Trd, 4319489.393, 62
Trd, 4319489.743, 62
Trd, 4319490.043, 64
Trd, 4319490.493, 62
Trd, 4319490.693, 60
Trd, 4319492.293, 61
Trd, 4319493.243, 60
Trd, 4319493.943, 60
Trd, 4319496.043, 60
Trd, 4319496.693, 60
Trd, 4319497.893, 60
Trd, 4319498.793, 60
Trd, 4319499.743, 60
Trd, 4319499.993, 60
Trd, 4319500.143, 60
Trd, 4319500.293, 62
Trd, 4319500.393, 63
Trd, 4319500.443, 61
Trd, 4319501.043, 60
Trd, 4319501.343, 62
Trd, 4319501.493, 64
Trd, 4319503.693, 60
Trd, 4319504.393, 61
Trd, 4319506.343, 60
Trd, 4319506.793, 60
Trd, 4319507.493, 60
Trd, 4319507.993, 60
Trd, 4319509.093, 63
Trd, 4319509.593, 64
Trd, 4319509.643, 64
Trd, 4319509.793, 63
Trd, 4319510.293, 65
Trd, 4319510.393, 65
Trd, 4319510.743, 64
Trd, 4319510.793, 63
Trd, 4319511.293, 139
Trd, 4319511.793, 140
Trd, 4319512.843, 60
Trd, 4319515.243, 60
Trd, 4319516.093, 60
Trd, 4319516.593, 60
Trd, 4319516.943, 61
Trd, 4319519.293, 61
Trd, 4319519.443, 61
Trd, 4319519.743, 60
Trd, 4319520.593, 60
Trd, 4319520.993, 60
Trd, 4319521.593, 60
Trd, 4319521.743, 61
Trd, 4319522.293, 63
Trd, 4319522.993, 62
Trd, 4319523.243, 61
Trd, 4319523.343, 60
Trd, 4319523.593, 60
Trd, 4319524.843, 61
Trd, 4319525.843, 60
Trd, 4319526.093, 61
Trd, 4319528.393, 60
Trd, 4319529.143, 62
Trd, 4319529.593, 65
Trd, 4319531.693, 60
Trd, 4319532.343, 62
Trd, 4319532.843, 62
Trd, 4319533.043, 61
Trd, 4319533.443, 62
Trd, 4319533.943, 63
Trd, 4319534.143, 61
Trd, 4319534.693, 70
Trd, 4319535.793, 61
Trd, 4319535.993, 61
Trd, 4319536.143, 62
Trd, 4319540.043, 60
Trd, 4319540.643, 60
Trd, 4319540.693, 62
Trd, 4319540.793, 68
Trd, 4319540.843, 71
Trd, 4319542.693, 63
Trd, 4319543.843, 60
Trd, 4319544.293, 61
Trd, 4319544.543, 60
Trd, 4319544.793, 62
Trd, 4319545.193, 63
Trd, 4319545.493, 64
Trd, 4319545.793, 60
Trd, 4319547.043, 63
Trd, 4319547.243, 64
Trd, 4319548.843, 62
Trd, 4319550.743, 60
Trd, 4319550.793, 61
Trd, 4319552.593, 60
Trd, 4319554.293, 60
Trd, 4319554.693, 60
Trd, 4319555.693, 60
Trd, 4319556.193, 60
Trd, 4319556.843, 60
Trd, 4319557.143, 61
Trd, 4319557.693, 61
Trd, 4319557.793, 62
Trd, 4319558.343, 62
Trd, 4319559.293, 62
Trd, 4319559.993, 63
Trd, 4319560.743, 66
Trd, 4319561.293, 61
Trd, 4319562.943, 61
Trd, 4319563.593, 61
Trd, 4319564.143, 62
Trd, 4319566.493, 60
Trd, 4319567.343, 60
Trd, 4319568.293, 61
Trd, 4319568.393, 61
Trd, 4319568.693, 62
Trd, 4319569.043, 62
Trd, 4319570.893, 60
Trd, 4319571.293, 61
Trd, 4319572.243, 60
Trd, 4319572.343, 60
Trd, 4319572.493, 60
Trd, 4319572.993, 60
Trd, 4319573.093, 61
Trd, 4319574.093, 61
Trd, 4319574.193, 62
Trd, 4319574.793, 60
Trd, 4319575.043, 61
Trd, 4319578.693, 60
Trd, 4319578.943, 60
Trd, 4319579.293, 60
Trd, 4319580.043, 60
Trd, 4319583.293, 60
Trd, 4319583.543, 60
Trd, 4319583.993, 60
Trd, 4319584.043, 62
Trd, 4319584.493, 63
Trd, 4319584.993, 62
Trd, 4319585.093, 62
Trd, 4319585.243, 64
Trd, 4319587.043, 61
Trd, 4319587.343, 61
Trd, 4319587.493, 62
Trd, 4319587.793, 62
Trd, 4319588.793, 63
Trd, 4319590.443, 61
Trd, 4319591.843, 60
Trd, 4319593.343, 60
Trd, 4319594.143, 60
Trd, 4319594.443, 60
Trd, 4319594.543, 60
Trd, 4319594.993, 60
Trd, 4319595.393, 60
Trd, 4319595.893, 65
Trd, 4319596.443, 140
Trd, 4319596.993, 140
Trd, 4319597.543, 140
Trd, 4319599.343, 140
Trd, 4319599.943, 140
Trd, 4319600.793, 140
Trd, 4319600.843, 140
Trd, 4319600.993, 140
Trd, 4319602.243, 140
Trd, 4319602.543, 140
Trd, 4319602.693, 139
Trd, 4319602.943, 61
Trd, 4319604.093, 140
Trd, 4319604.843, 140
Trd, 4319605.293, 66
Trd, 4319606.443, 60
Trd, 4319608.243, 60
Trd, 4319608.893, 60
Trd, 4319609.493, 61
Trd, 4319610.293, 61
Trd, 4319612.643, 60
Trd, 4319612.793, 60
Trd, 4319613.093, 60
Trd, 4319613.193, 60
Trd, 4319613.543, 61
Trd, 4319613.993, 68
Trd, 4319614.443, 62
Trd, 4319614.543, 60
Trd, 4319614.693, 68
Trd, 4319615.193, 71
Trd, 4319616.793, 64
Trd, 4319618.593, 60
Trd, 4319620.043, 60
Trd, 4319620.743, 60
Trd, 4319621.743, 60
Trd, 4319623.193, 60
Trd, 4319623.393, 60
Trd, 4319624.293, 60
Trd, 4319624.643, 60
Trd, 4319625.343, 61
Trd, 4319626.043, 64
Trd, 4319626.193, 64
Trd, 4319626.893, 67
Trd, 4319626.993, 66
Trd, 4319627.493, 67
Trd, 4319627.743, 65
Trd, 4319628.993, 67
Trd, 4319630.093, 60
Trd, 4319631.543, 61
Trd, 4319631.693, 63
Trd, 4319631.743, 79
Trd, 4319632.243, 140
Trd, 4319632.843, 136
Trd, 4319634.093, 61
Trd, 4319634.243, 61
Trd, 4319637.393, 60
Trd, 4319637.843, 60
Trd, 4319638.493, 62
Trd, 4319639.543, 60
Trd, 4319639.793, 60
Trd, 4319639.893, 61
Trd, 4319639.993, 62
Trd, 4319640.093, 61
Trd, 4319640.143, 63
Trd, 4319640.943, 71
Trd, 4319642.943, 61
Trd, 4319643.493, 60
Trd, 4319647.343, 60
Trd, 4319647.893, 60
Trd, 4319647.993, 60
Trd, 4319648.293, 60
Trd, 4319648.493, 65
Trd, 4319648.693, 64
Trd, 4319648.993, 64
Trd, 4319649.643, 65
Trd, 4319649.843, 64
Trd, 4319650.093, 75
Trd, 4319650.743, 64
Trd, 4319652.243, 60
Trd, 4319652.393, 62
Trd, 4319653.593, 60
Trd, 4319653.993, 60
Trd, 4319655.093, 60
Trd, 4319655.793, 60
Trd, 4319655.943, 61
Trd, 4319656.743, 61
Trd, 4319658.493, 61
Trd, 4319660.743, 60
Trd, 4319661.093, 64
Trd, 4319661.443, 66
Trd, 4319661.543, 67
Trd, 4319661.843, 65
Trd, 4319661.943, 62
Trd, 4319662.493, 61
Trd, 4319662.543, 66
Trd, 4319663.293, 60
Trd, 4319665.093, 61
Trd, 4319666.093, 60
Trd, 4319667.493, 60
Trd, 4319668.693, 60
Trd, 4319668.993, 61
Trd, 4319669.343, 62
Trd, 4319669.443, 61
Trd, 4319669.793, 61
Trd, 4319670.343, 61
Trd, 4319670.743, 62
Trd, 4319671.243, 68
Trd, 4319671.543, 65
Trd, 4319671.843, 63
Trd, 4319672.143, 70
Trd, 4319673.243, 66
Trd, 4319674.943, 61
Trd, 4319675.543, 62
Trd, 4319675.743, 60
Trd, 4319675.993, 140
Trd, 4319676.193, 60
Trd, 4319676.643, 60
Trd, 4319677.543, 61
Trd, 4319679.693, 60
Trd, 4319681.543, 60
Trd, 4319681.993, 60
Trd, 4319682.843, 60
Trd, 4319682.993, 62
Trd, 4319683.093, 62
Trd, 4319683.293, 62
Trd, 4319683.493, 60
Trd, 4319684.543, 62
Trd, 4319684.943, 64
Trd, 4319685.293, 63
Trd, 4319686.593, 62
Trd, 4319690.493, 60
Trd, 4319691.293, 60
Trd, 4319691.893, 61
Trd, 4319691.943, 61
Trd, 4319692.993, 60
Trd, 4319693.643, 63
Trd, 4319693.893, 63
Trd, 4319694.143, 62
Trd, 4319694.543, 64
Trd, 4319695.143, 67
Trd, 4319695.643, 68
Trd, 4319695.843, 72
Trd, 4319695.993, 140
Trd, 4319697.143, 139
Trd, 4319697.693, 139
Trd, 4319698.093, 140
Trd, 4319698.343, 140
Trd, 4319698.693, 140
Trd, 4319698.743, 140
Trd, 4319699.593, 62
Trd, 4319700.593, 140
Trd, 4319702.393, 140
Trd, 4319702.843, 140
Trd, 4319703.193, 140
Trd, 4319703.593, 140
Trd, 4319703.793, 140
Trd, 4319704.493, 140
Trd, 4319705.643, 60
Trd, 4319705.843, 60
Trd, 4319707.443, 60
Trd, 4319707.993, 61
Trd, 4319708.293, 62
Trd, 4319709.543, 62
Trd, 4319712.143, 60
Trd, 4319712.543, 60
Trd, 4319712.893, 60
Trd, 4319713.543, 60
Trd, 4319713.643, 60
Trd, 4319714.043, 61
Trd, 4319714.243, 61
Trd, 4319714.543, 65
Trd, 4319715.743, 74
Trd, 4319716.043, 64
Trd, 4319716.693, 63
Trd, 4319717.043, 64
Trd, 4319717.193, 63
Trd, 4319718.043, 70
Trd, 4319719.343, 73
Trd, 4319719.393, 72
Trd, 4319719.943, 138
Trd, 4319720.093, 138
Trd, 4319720.993, 65
Trd, 4319722.443, 60
Trd, 4319722.543, 61
Trd, 4319724.493, 61
Trd, 4319725.043, 61
Trd, 4319725.543, 60
Trd, 4319726.893, 60
Trd, 4319728.893, 60
Trd, 4319729.293, 61
Trd, 4319729.843, 61
Trd, 4319730.493, 61
Trd, 4319731.443, 60
Trd, 4319731.693, 62
Trd, 4319731.893, 62
Trd, 4319732.343, 62
Trd, 4319733.093, 61
Trd, 4319733.893, 61
Trd, 4319734.043, 60
Trd, 4319735.243, 60
Trd, 4319735.293, 61
Trd, 4319735.493, 64
Trd, 4319736.743, 60
Trd, 4319737.343, 61
Trd, 4319737.643, 64
Trd, 4319739.493, 62
Trd, 4319739.993, 62
Trd, 4319741.243, 62
Trd, 4319741.293, 63
Trd, 4319742.243, 61
Trd, 4319743.443, 60
Trd, 4319745.343, 60
Trd, 4319747.143, 60
Trd, 4319747.343, 60
Trd, 4319747.643, 60
Trd, 4319747.943, 61
Trd, 4319748.643, 61
Trd, 4319749.143, 61
Trd, 4319749.493, 62
Trd, 4319749.643, 77
Trd, 4319749.843, 60
Trd, 4319750.393, 62
Trd, 4319750.743, 63
Trd, 4319752.093, 61
Trd, 4319754.143, 60
Trd, 4319754.993, 60
Trd, 4319755.443, 61
Trd, 4319757.193, 61
Trd, 4319758.743, 60
Trd, 4319759.043, 60
Trd, 4319759.393, 60
Trd, 4319759.693, 60
Trd, 4319760.243, 61
Trd, 4319760.543, 64
Trd, 4319761.443, 64
Trd, 4319762.043, 68
Trd, 4319762.293, 66
Trd, 4319762.493, 66
Trd, 4319762.743, 63
Trd, 4319763.443, 61
Trd, 4319763.893, 64
Trd, 4319766.593, 62
Trd, 4319766.693, 62
Trd, 4319766.943, 62
Trd, 4319767.393, 60
Trd, 4319768.593, 60
Trd, 4319769.043, 60
Trd, 4319769.543, 60
Trd, 4319770.293, 60
Trd, 4319770.343, 62
Trd, 4319772.043, 60
Trd, 4319773.543, 62
Trd, 4319773.693, 67
Trd, 4319775.193, 60
Trd, 4319775.593, 60
Trd, 4319778.493, 61
Trd, 4319778.743, 62
Trd, 4319779.443, 62
Trd, 4319779.693, 63
Trd, 4319779.793, 62
Trd, 4319780.043, 61
Trd, 4319780.243, 65
Trd, 4319780.293, 67
Trd, 4319780.693, 60
Trd, 4319781.643, 60
Trd, 4319782.893, 61
Trd, 4319783.093, 63
Trd, 4319783.793, 60
Trd, 4319785.893, 60
Trd, 4319786.343, 60
Trd, 4319787.243, 60
Trd, 4319787.843, 60
Trd, 4319788.043, 60
Trd, 4319789.993, 60
Trd, 4319790.143, 60
Trd, 4319790.993, 60
Trd, 4319791.393, 61
Trd, 4319793.143, 60
Trd, 4319793.493, 61
Trd, 4319793.843, 60
Trd, 4319794.593, 60
Trd, 4319795.043, 61
Trd, 4319795.843, 62
Trd, 4319795.993, 63
Trd, 4319796.043, 66
Trd, 4319796.743, 64
Trd, 4319796.943, 63
Trd, 4319798.143, 64
Trd, 4319798.843, 62
Trd, 4319799.543, 60
Trd, 4319800.393, 60
Trd, 4319801.443, 62
Trd, 4319802.443, 63
Trd, 4319803.093, 61
Trd, 4319804.193, 60
Trd, 4319804.893, 63
Trd, 4319806.243, 62
Trd, 4319807.693, 60
Trd, 4319808.393, 60
Trd, 4319809.093, 60
Trd, 4319809.593, 61
Trd, 4319809.793, 60
Trd, 4319810.243, 60
Trd, 4319810.693, 61
Trd, 4319810.943, 60
Trd, 4319811.043, 61
Trd, 4319811.543, 61
Trd, 4319812.143, 60
Trd, 4319812.293, 62
Trd, 4319815.593, 60
Trd, 4319816.493, 60
Trd, 4319817.093, 60
Trd, 4319817.543, 60
Trd, 4319819.693, 60
Trd, 4319820.393, 60
Trd, 4319820.543, 61
Trd, 4319821.293, 60
Trd, 4319821.593, 61
Trd, 4319822.143, 61
Trd, 4319822.293, 63
Trd, 4319822.843, 60
Trd, 4319823.393, 61
Trd, 4319823.993, 61
Trd, 4319824.393, 61
Trd, 4319824.693, 62
Trd, 4319824.793, 60
Trd, 4319825.093, 63
Trd, 4319826.443, 60
Trd, 4319827.493, 60
Trd, 4319828.643, 60
Trd, 4319830.093, 60
Trd, 4319830.393, 60
Trd, 4319832.243, 60
Trd, 4319832.343, 60
Trd, 4319833.493, 60
Trd, 4319834.143, 61
Trd, 4319834.593, 62
Trd, 4319834.843, 61
Trd, 4319835.193, 68
Trd, 4319835.393, 66
Trd, 4319836.043, 70
Trd, 4319836.293, 64
Trd, 4319836.843, 61
Trd, 4319837.893, 60
Trd, 4319840.393, 60
Trd, 4319840.593, 62
Trd, 4319842.643, 60
Trd, 4319842.793, 61
Trd, 4319843.493, 61
Trd, 4319843.643, 61
Trd, 4319844.143, 62
Trd, 4319844.493, 63
Trd, 4319844.543, 61
Trd, 4319844.643, 64
Trd, 4319844.943, 76
Trd, 4319845.793, 62
Trd, 4319847.043, 63
Trd, 4319847.543, 61
Trd, 4319847.693, 66
Trd, 4319848.043, 60
Trd, 4319848.743, 140
Trd, 4319850.493, 60
Trd, 4319850.793, 62
Trd, 4319853.093, 60
Trd, 4319853.243, 60
Trd, 4319854.893, 61
Trd, 4319855.443, 60
Trd, 4319855.493, 63
Trd, 4319857.593, 60
Trd, 4319858.893, 60
Trd, 4319859.193, 60
Trd, 4319859.693, 60
Trd, 4319859.843, 61
Trd, 4319860.043, 61
Trd, 4319861.193, 62
Trd, 4319861.443, 60
Trd, 4319861.593, 140
Trd, 4319861.793, 140
Trd, 4319862.093, 60
Trd, 4319862.393, 61
Trd, 4319863.443, 140
Trd, 4319864.343, 140
Trd, 4319864.793, 139
Trd, 4319865.193, 140
Trd, 4319865.793, 140
Trd, 4319865.993, 140
Trd, 4319866.343, 136
Trd, 4319867.243, 61
Trd, 4319867.293, 62
Trd, 4319869.493, 60
Trd, 4319871.543, 60
Trd, 4319872.643, 60
Trd, 4319873.743, 60
Trd, 4319873.943, 62
Trd, 4319875.393, 60
Trd, 4319875.543, 60
Trd, 4319876.693, 61
Trd, 4319877.193, 62
Trd, 4319877.393, 62
Trd, 4319877.893, 61
Trd, 4319878.393, 66
Trd, 4319878.643, 67
Trd, 4319878.693, 64
Trd, 4319879.043, 63
Trd, 4319879.743, 63
Trd, 4319880.043, 66
Trd, 4319880.143, 62
Trd, 4319881.293, 63
Trd, 4319881.493, 77
Trd, 4319881.793, 61
Trd, 4319883.043, 140
Trd, 4319883.243, 140
Trd, 4319883.893, 140
Trd, 4319884.793, 140
Trd, 4319886.943, 140
Trd, 4319886.993, 140
Trd, 4319887.493, 140
Trd, 4319887.943, 140
Trd, 4319887.993, 140
Trd, 4319888.343, 140
Trd, 4319888.543, 140
Trd, 4319889.893, 140
Trd, 4319890.143, 140
Trd, 4319890.593, 139
Trd, 4319890.743, 133
Trd, 4319892.093, 60
Trd, 4319892.593, 61
Trd, 4319893.443, 60
Trd, 4319895.993, 60
Trd, 4319896.143, 60
Trd, 4319896.193, 60
Trd, 4319896.993, 60
Trd, 4319898.243, 61
Trd, 4319898.493, 62
Trd, 4319899.393, 61
Trd, 4319899.993, 61
Trd, 4319900.743, 61
Trd, 4319901.393, 63
Trd, 4319901.593, 63
Trd, 4319902.393, 140
Trd, 4319902.543, 139
Trd, 4319903.893, 62
Trd, 4319904.993, 60
Trd, 4319905.293, 61
Trd, 4319906.443, 60
Trd, 4319906.593, 63
Trd, 4319908.943, 60
Trd, 4319909.043, 60
Trd, 4319911.593, 60
Trd, 4319911.843, 60
Trd, 4319911.893, 61
Trd, 4319912.093, 60
Trd, 4319913.343, 61
Trd, 4319914.093, 62
Trd, 4319914.143, 62
Trd, 4319914.743, 62
Trd, 4319915.593, 60
Trd, 4319916.143, 61
Trd, 4319916.893, 61
Trd, 4319917.243, 69
Trd, 4319917.793, 139
Trd, 4319918.643, 60
Trd, 4319919.693, 65
Trd, 4319921.293, 60
Trd, 4319923.343, 60
Trd, 4319923.893, 61
Trd, 4319925.143, 61
Trd, 4319925.343, 60
Trd, 4319925.393, 61
Trd, 4319925.943, 60
Trd, 4319926.543, 61
Trd, 4319926.593, 62
Trd, 4319928.393, 60
Trd, 4319930.293, 60
Trd, 4319931.493, 61
Trd, 4319931.743, 62
Trd, 4319932.643, 60
Trd, 4319933.043, 60
Trd, 4319934.593, 60
Trd, 4319935.093, 60
Trd, 4319936.643, 60
Trd, 4319937.293, 61
Trd, 4319937.993, 60
Trd, 4319938.943, 61
Trd, 4319939.843, 60
Trd, 4319940.143, 60
Trd, 4319940.493, 60
Trd, 4319940.993, 61
Trd, 4319941.143, 60
Trd, 4319942.893, 60
Trd, 4319942.943, 61
Trd, 4319944.043, 65
Trd, 4319945.643, 60
Trd, 4319945.943, 60
Trd, 4319947.243, 60
Trd, 4319948.593, 60
Trd, 4319949.493, 60
Trd, 4319949.993, 61
Trd, 4319951.193, 60
Trd, 4319951.393, 63
Trd, 4319951.893, 61
Trd, 4319952.493, 60
Trd, 4319952.593, 61
Trd, 4319952.693, 62
Trd, 4319952.943, 60
Trd, 4319954.943, 60
Trd, 4319955.243, 60
Trd, 4319955.493, 62
Trd, 4319957.193, 60
Trd, 4319958.793, 60
Trd, 4319958.893, 61
Trd, 4319958.993, 62
Trd, 4319963.243, 60
Trd, 4319964.393, 60
Trd, 4319964.493, 61
Trd, 4319964.793, 61
Trd, 4319965.243, 61
Trd, 4319965.343, 65
Trd, 4319966.343, 68
Trd, 4319966.693, 65
Trd, 4319967.043, 66
Trd, 4319967.093, 65
Trd, 4319967.143, 64
Trd, 4319967.593, 62
Trd, 4319969.143, 62
Trd, 4319970.643, 60
Trd, 4319970.893, 60
Trd, 4319971.243, 61
Trd, 4319971.693, 60
Trd, 4319973.393, 60
Trd, 4319975.143, 60
Trd, 4319975.543, 60
Trd, 4319977.093, 61
Trd, 4319978.593, 63
Trd, 4319978.793, 60
Trd, 4319979.593, 61
Trd, 4319980.143, 63
Trd, 4319980.393, 63
Trd, 4319980.743, 62
Trd, 4319980.893, 64
Trd, 4319980.943, 62
Trd, 4319980.993, 61
Trd, 4319981.193, 66
Trd, 4319983.743, 63
Trd, 4319983.843, 63
Trd, 4319983.893, 64
Trd, 4319987.443, 61
Trd, 4319988.593, 60
Trd, 4319989.243, 61
Trd, 4319990.293, 63
Trd, 4319990.443, 62
Trd, 4319990.593, 63
Trd, 4319990.693, 62
Trd, 4319990.793, 64
Trd, 4319992.243, 61
Trd, 4319992.793, 61
Trd, 4319995.043, 60
Trd, 4319995.543, 60
Trd, 4319995.793, 62
Trd, 4319996.343, 62
Trd, 4319997.543, 60
Trd, 4319997.893, 61
Trd, 4319998.093, 62
Trd, 4319999.243, 60
Trd, 4319999.443, 60
Trd, 4319999.943, 60
