Trd, 4318148.443, 64
Trd, 4318148.593, 68
Trd, 4318149.943, 60
Trd, 4318149.993, 69
Trd, 4318150.193, 119
Trd, 4318150.693, 91
Trd, 4318151.893, 62
Trd, 4318152.343, 140
Trd, 4318153.193, 70
Trd, 4318153.543, 62
Trd, 4318153.693, 103
Trd, 4318155.543, 63
Trd, 4318156.593, 84
Trd, 4318156.793, 101
Trd, 4318158.193, 72
Trd, 4318158.293, 82
Trd, 4318158.943, 60
Trd, 4318159.793, 128
Trd, 4318160.343, 127
Trd, 4318160.393, 89
Trd, 4318161.293, 60
Trd, 4318162.093, 95
Trd, 4318162.743, 127
Trd, 4318164.143, 123
Trd, 4318164.343, 140
Trd, 4318164.643, 110
Trd, 4318165.443, 120
Trd, 4318165.893, 78
Trd, 4318166.093, 61
Trd, 4318167.293, 68
Trd, 4318168.693, 114
Trd, 4318169.843, 140
Trd, 4318169.943, 133
Trd, 4318170.343, 133
Trd, 4318171.193, 140
Trd, 4318171.493, 116
Trd, 4318172.343, 104
Trd, 4318173.043, 118
Trd, 4318173.093, 93
Trd, 4318174.143, 87
Trd, 4318175.243, 85
Trd, 4318176.593, 134
Trd, 4318176.743, 82
Trd, 4318176.993, 75
Trd, 4318177.543, 140
Trd, 4318178.643, 103
Trd, 4318178.743, 134
Trd, 4318179.893, 71
Trd, 4318181.943, 63
Trd, 4318182.143, 69
Trd, 4318182.343, 92
Trd, 4318182.643, 95
Trd, 4318182.943, 102
Trd, 4318184.743, 63
Trd, 4318185.293, 62
Trd, 4318185.793, 118
Trd, 4318186.693, 68
Trd, 4318188.993, 140
Trd, 4318189.493, 140
Trd, 4318189.893, 140
Trd, 4318190.293, 133
Trd, 4318191.543, 140
Trd, 4318191.793, 127
Trd, 4318192.693, 105
Trd, 4318194.243, 85
Trd, 4318194.393, 99
Trd, 4318194.693, 60
Trd, 4318195.143, 60
Trd, 4318195.593, 63
Trd, 4318195.793, 103
Trd, 4318197.593, 61
Trd, 4318198.243, 61
Trd, 4318198.343, 61
Trd, 4318200.293, 65
Trd, 4318201.443, 78
Trd, 4318201.643, 135
Trd, 4318201.843, 75
Trd, 4318202.293, 76
Trd, 4318203.593, 61
Trd, 4318204.393, 61
Trd, 4318205.343, 75
Trd, 4318205.993, 60
Trd, 4318206.593, 73
Trd, 4318208.393, 64
Trd, 4318209.043, 116
Trd, 4318210.843, 140
Trd, 4318211.093, 124
Trd, 4318211.593, 122
Trd, 4318211.843, 111
Trd, 4318212.443, 96
Trd, 4318212.843, 84
Trd, 4318213.043, 137
Trd, 4318213.343, 60
Trd, 4318214.293, 100
Trd, 4318214.943, 85
Trd, 4318216.443, 65
Trd, 4318217.643, 113
Trd, 4318217.693, 112
Trd, 4318218.293, 88
Trd, 4318218.793, 85
Trd, 4318221.243, 140
Trd, 4318221.393, 133
Trd, 4318222.543, 132
Trd, 4318223.043, 117
Trd, 4318223.443, 140
Trd, 4318223.693, 96
Trd, 4318223.993, 92
Trd, 4318224.743, 87
Trd, 4318224.843, 84
Trd, 4318225.993, 79
Trd, 4318226.393, 139
Trd, 4318226.743, 70
Trd, 4318228.243, 71
Trd, 4318228.643, 69
Trd, 4318228.993, 97
Trd, 4318229.243, 85
Trd, 4318229.793, 72
Trd, 4318230.243, 72
Trd, 4318232.143, 87
Trd, 4318232.643, 67
Trd, 4318233.243, 62
Trd, 4318233.543, 140
Trd, 4318234.043, 110
Trd, 4318235.343, 72
Trd, 4318235.993, 70
Trd, 4318237.343, 110
Trd, 4318238.143, 121
Trd, 4318238.643, 79
Trd, 4318239.543, 131
Trd, 4318240.343, 131
Trd, 4318240.693, 139
Trd, 4318241.043, 101
Trd, 4318242.043, 102
Trd, 4318242.293, 71
Trd, 4318242.793, 126
Trd, 4318244.343, 109
Trd, 4318244.543, 101
Trd, 4318244.943, 67
Trd, 4318245.393, 99
Trd, 4318245.543, 117
Trd, 4318246.043, 90
Trd, 4318248.593, 129
Trd, 4318248.843, 123
Trd, 4318249.793, 139
Trd, 4318250.243, 139
Trd, 4318250.593, 118
Trd, 4318250.893, 97
Trd, 4318251.293, 93
Trd, 4318251.593, 63
Trd, 4318251.843, 92
Trd, 4318252.693, 131
Trd, 4318253.043, 114
Trd, 4318253.143, 112
Trd, 4318253.743, 70
Trd, 4318255.043, 93
Trd, 4318255.243, 125
Trd, 4318255.643, 85
Trd, 4318256.443, 140
Trd, 4318257.143, 75
Trd, 4318258.743, 60
Trd, 4318259.593, 60
Trd, 4318260.043, 63
Trd, 4318261.593, 62
Trd, 4318262.443, 70
Trd, 4318262.843, 60
Trd, 4318265.193, 115
Trd, 4318265.743, 118
Trd, 4318266.443, 110
Trd, 4318266.693, 137
Trd, 4318266.943, 136
Trd, 4318267.343, 87
Trd, 4318267.993, 139
Trd, 4318268.593, 111
Trd, 4318268.693, 124
Trd, 4318271.093, 122
Trd, 4318271.193, 122
Trd, 4318271.743, 101
Trd, 4318271.793, 100
Trd, 4318273.043, 108
Trd, 4318273.543, 129
Trd, 4318273.693, 129
Trd, 4318274.593, 127
Trd, 4318275.843, 138
Trd, 4318275.993, 90
Trd, 4318276.143, 89
Trd, 4318276.893, 81
Trd, 4318277.243, 72
Trd, 4318279.143, 121
Trd, 4318279.343, 116
Trd, 4318280.043, 132
Trd, 4318280.093, 105
Trd, 4318280.393, 116
Trd, 4318280.893, 107
Trd, 4318281.393, 101
Trd, 4318281.993, 67
Trd, 4318282.693, 104
Trd, 4318283.243, 65
Trd, 4318283.443, 137
Trd, 4318286.443, 85
Trd, 4318286.743, 71
Trd, 4318286.943, 67
Trd, 4318287.043, 65
Trd, 4318288.643, 61
Trd, 4318289.043, 61
Trd, 4318289.393, 71
Trd, 4318291.243, 60
Trd, 4318291.743, 60
Trd, 4318291.943, 80
Trd, 4318291.993, 83
Trd, 4318293.043, 91
Trd, 4318293.643, 63
Trd, 4318294.393, 68
Trd, 4318294.693, 89
Trd, 4318295.293, 62
Trd, 4318295.493, 77
Trd, 4318295.793, 65
Trd, 4318295.843, 103
Trd, 4318298.293, 64
Trd, 4318298.493, 72
Trd, 4318298.543, 75
Trd, 4318299.543, 61
Trd, 4318300.243, 60
Trd, 4318300.893, 61
Trd, 4318302.643, 96
Trd, 4318302.693, 126
Trd, 4318303.593, 134
Trd, 4318304.193, 93
Trd, 4318304.593, 102
Trd, 4318304.793, 68
Trd, 4318305.043, 74
Trd, 4318306.193, 103
Trd, 4318306.293, 90
Trd, 4318307.593, 139
Trd, 4318307.793, 133
Trd, 4318308.243, 108
Trd, 4318309.493, 107
Trd, 4318309.843, 139
Trd, 4318310.443, 97
Trd, 4318311.243, 104
Trd, 4318311.443, 86
Trd, 4318312.143, 85
Trd, 4318312.743, 62
Trd, 4318313.393, 97
Trd, 4318313.443, 62
Trd, 4318314.093, 70
Trd, 4318314.893, 73
Trd, 4318315.043, 72
Trd, 4318315.693, 79
Trd, 4318316.993, 138
Trd, 4318317.643, 120
Trd, 4318318.593, 104
Trd, 4318318.693, 103
Trd, 4318319.193, 96
Trd, 4318319.593, 67
Trd, 4318320.343, 118
Trd, 4318321.293, 106
Trd, 4318323.293, 112
Trd, 4318324.193, 89
Trd, 4318324.993, 121
Trd, 4318325.143, 70
Trd, 4318325.493, 140
Trd, 4318325.693, 111
Trd, 4318326.193, 137
Trd, 4318327.293, 140
Trd, 4318328.193, 123
Trd, 4318328.293, 122
Trd, 4318329.343, 134
Trd, 4318330.243, 63
Trd, 4318330.693, 96
Trd, 4318332.193, 60
Trd, 4318332.743, 78
Trd, 4318332.993, 106
Trd, 4318334.393, 67
Trd, 4318334.743, 62
Trd, 4318335.643, 65
Trd, 4318335.693, 105
Trd, 4318336.443, 81
Trd, 4318337.543, 139
Trd, 4318337.943, 130
Trd, 4318338.943, 138
Trd, 4318339.243, 132
Trd, 4318339.693, 116
Trd, 4318339.793, 107
Trd, 4318341.943, 139
Trd, 4318342.593, 136
Trd, 4318343.043, 116
Trd, 4318343.793, 110
Trd, 4318344.543, 108
Trd, 4318344.943, 99
Trd, 4318346.143, 140
Trd, 4318346.243, 140
Trd, 4318347.093, 97
Trd, 4318348.243, 88
Trd, 4318349.643, 96
Trd, 4318349.693, 93
Trd, 4318350.043, 95
Trd, 4318350.643, 81
Trd, 4318350.743, 70
Trd, 4318351.243, 115
Trd, 4318351.993, 134
Trd, 4318352.443, 89
Trd, 4318354.343, 62
Trd, 4318355.793, 100
Trd, 4318356.443, 129
Trd, 4318356.943, 89
Trd, 4318357.643, 88
Trd, 4318357.943, 89
Trd, 4318358.293, 94
Trd, 4318359.293, 140
Trd, 4318359.943, 90
Trd, 4318360.093, 89
Trd, 4318360.493, 87
Trd, 4318361.443, 99
Trd, 4318362.393, 78
Trd, 4318364.443, 67
Trd, 4318365.143, 62
Trd, 4318365.693, 76
Trd, 4318366.293, 62
Trd, 4318366.343, 121
Trd, 4318367.443, 76
Trd, 4318367.543, 74
Trd, 4318367.743, 96
Trd, 4318368.093, 126
Trd, 4318369.943, 104
Trd, 4318370.493, 121
Trd, 4318371.493, 101
Trd, 4318371.893, 140
Trd, 4318373.043, 131
Trd, 4318374.443, 102
Trd, 4318374.693, 101
Trd, 4318374.943, 66
Trd, 4318376.093, 84
Trd, 4318376.593, 117
Trd, 4318376.943, 75
Trd, 4318378.693, 140
Trd, 4318379.043, 135
Trd, 4318379.393, 102
Trd, 4318381.143, 131
Trd, 4318381.443, 101
Trd, 4318381.643, 90
Trd, 4318383.093, 96
Trd, 4318384.243, 140
Trd, 4318384.343, 139
Trd, 4318384.793, 108
Trd, 4318385.243, 82
Trd, 4318385.293, 106
Trd, 4318385.943, 79
Trd, 4318387.043, 68
Trd, 4318388.443, 140
Trd, 4318389.293, 105
Trd, 4318389.393, 134
Trd, 4318390.493, 113
Trd, 4318390.843, 137
Trd, 4318392.243, 99
Trd, 4318392.293, 87
Trd, 4318392.943, 61
Trd, 4318393.143, 62
Trd, 4318393.843, 81
Trd, 4318394.093, 79
Trd, 4318394.893, 138
Trd, 4318396.143, 140
Trd, 4318396.393, 128
Trd, 4318398.093, 122
Trd, 4318398.393, 115
Trd, 4318398.743, 116
Trd, 4318399.843, 115
Trd, 4318400.543, 104
Trd, 4318400.593, 102
Trd, 4318401.643, 126
Trd, 4318402.543, 106
Trd, 4318402.943, 97
Trd, 4318403.693, 134
Trd, 4318403.893, 120
Trd, 4318404.593, 130
Trd, 4318404.643, 105
Trd, 4318406.143, 73
Trd, 4318406.893, 68
Trd, 4318407.043, 73
Trd, 4318407.743, 76
Trd, 4318408.543, 62
Trd, 4318408.693, 66
Trd, 4318409.243, 95
Trd, 4318409.793, 61
Trd, 4318411.143, 66
Trd, 4318411.443, 70
Trd, 4318411.993, 60
Trd, 4318412.393, 128
Trd, 4318413.143, 105
Trd, 4318413.343, 104
Trd, 4318414.343, 91
Trd, 4318415.143, 140
Trd, 4318415.243, 136
Trd, 4318416.093, 134
Trd, 4318417.793, 138
Trd, 4318418.043, 131
Trd, 4318418.193, 100
Trd, 4318419.243, 82
Trd, 4318420.843, 115
Trd, 4318423.193, 112
Trd, 4318423.293, 133
Trd, 4318423.343, 107
Trd, 4318423.543, 63
Trd, 4318423.843, 60
Trd, 4318425.043, 61
Trd, 4318425.093, 92
Trd, 4318425.243, 92
Trd, 4318426.243, 137
Trd, 4318427.993, 64
Trd, 4318428.593, 67
Trd, 4318428.843, 77
Trd, 4318429.193, 60
Trd, 4318429.543, 103
Trd, 4318429.893, 93
Trd, 4318430.693, 105
Trd, 4318433.693, 140
Trd, 4318433.793, 123
Trd, 4318434.043, 119
Trd, 4318434.343, 114
Trd, 4318434.393, 110
Trd, 4318435.343, 128
Trd, 4318435.643, 94
Trd, 4318435.693, 72
Trd, 4318437.743, 107
Trd, 4318437.843, 103
Trd, 4318438.643, 100
Trd, 4318439.043, 122
Trd, 4318439.243, 90
Trd, 4318439.793, 139
Trd, 4318441.093, 128
Trd, 4318441.243, 115
Trd, 4318441.743, 133
Trd, 4318442.293, 91
Trd, 4318442.993, 117
Trd, 4318443.793, 139
Trd, 4318444.643, 92
Trd, 4318445.893, 108
Trd, 4318446.843, 140
Trd, 4318448.043, 103
Trd, 4318449.143, 114
Trd, 4318449.193, 84
Trd, 4318450.293, 62
Trd, 4318450.993, 63
Trd, 4318451.243, 90
Trd, 4318452.243, 79
Trd, 4318452.443, 61
Trd, 4318453.593, 60
Trd, 4318453.693, 81
Trd, 4318454.043, 71
Trd, 4318455.193, 140
Trd, 4318456.993, 78
Trd, 4318457.343, 61
Trd, 4318457.743, 60
Trd, 4318458.343, 86
Trd, 4318460.093, 72
Trd, 4318460.143, 111
Trd, 4318460.393, 70
Trd, 4318460.793, 61
Trd, 4318461.993, 65
Trd, 4318463.143, 102
Trd, 4318463.643, 88
Trd, 4318464.643, 128
Trd, 4318466.093, 124
Trd, 4318466.143, 114
Trd, 4318466.793, 82
Trd, 4318467.143, 89
Trd, 4318468.093, 61
Trd, 4318469.293, 96
Trd, 4318470.293, 123
Trd, 4318470.793, 91
Trd, 4318470.943, 93
Trd, 4318471.493, 68
Trd, 4318471.843, 92
Trd, 4318471.893, 126
Trd, 4318472.993, 72
Trd, 4318473.393, 128
Trd, 4318474.643, 115
Trd, 4318475.343, 60
Trd, 4318476.293, 140
Trd, 4318477.493, 128
Trd, 4318478.593, 140
Trd, 4318478.893, 108
Trd, 4318479.393, 69
Trd, 4318480.293, 135
Trd, 4318480.843, 110
Trd, 4318481.093, 102
Trd, 4318481.493, 76
Trd, 4318482.793, 105
Trd, 4318483.593, 72
Trd, 4318483.693, 84
Trd, 4318484.343, 128
Trd, 4318485.143, 77
Trd, 4318487.143, 67
Trd, 4318487.343, 81
Trd, 4318487.643, 118
Trd, 4318488.993, 64
Trd, 4318489.593, 91
Trd, 4318490.193, 92
Trd, 4318491.243, 76
Trd, 4318491.293, 115
Trd, 4318491.943, 106
Trd, 4318492.593, 110
Trd, 4318493.143, 120
Trd, 4318493.393, 108
Trd, 4318493.443, 107
Trd, 4318494.193, 68
Trd, 4318495.193, 64
Trd, 4318496.293, 73
Trd, 4318496.743, 73
Trd, 4318496.793, 65
Trd, 4318496.943, 83
Trd, 4318497.443, 134
Trd, 4318498.243, 122
Trd, 4318498.293, 121
Trd, 4318499.593, 128
Trd, 4318499.843, 123
Trd, 4318500.393, 118
Trd, 4318502.093, 60
Trd, 4318502.343, 63
Trd, 4318504.893, 140
Trd, 4318504.943, 140
Trd, 4318504.993, 138
Trd, 4318505.393, 118
Trd, 4318505.593, 83
Trd, 4318506.193, 81
Trd, 4318507.193, 88
Trd, 4318507.593, 87
Trd, 4318508.443, 122
Trd, 4318508.493, 120
Trd, 4318508.993, 85
Trd, 4318511.293, 112
Trd, 4318511.543, 134
Trd, 4318511.843, 136
Trd, 4318512.043, 103
Trd, 4318512.343, 100
Trd, 4318512.993, 83
Trd, 4318513.743, 87
Trd, 4318513.793, 82
Trd, 4318515.443, 65
Trd, 4318515.643, 66
Trd, 4318516.493, 135
Trd, 4318517.643, 133
Trd, 4318518.693, 117
Trd, 4318518.793, 101
Trd, 4318518.893, 80
Trd, 4318519.193, 60
Trd, 4318519.893, 124
Trd, 4318521.143, 99
Trd, 4318522.543, 72
Trd, 4318523.293, 86
Trd, 4318523.693, 123
Trd, 4318524.093, 118
Trd, 4318525.243, 110
Trd, 4318526.193, 70
Trd, 4318527.093, 78
Trd, 4318527.643, 65
Trd, 4318528.643, 70
Trd, 4318529.043, 98
Trd, 4318529.643, 125
Trd, 4318529.893, 97
Trd, 4318530.093, 140
Trd, 4318530.243, 87
Trd, 4318530.693, 138
Trd, 4318531.093, 70
Trd, 4318532.793, 122
Trd, 4318533.243, 121
Trd, 4318533.393, 120
Trd, 4318533.593, 140
Trd, 4318536.393, 128
Trd, 4318536.593, 113
Trd, 4318537.093, 108
Trd, 4318537.293, 128
Trd, 4318537.693, 96
Trd, 4318538.693, 114
Trd, 4318538.843, 121
Trd, 4318539.143, 106
Trd, 4318539.543, 120
Trd, 4318540.543, 93
Trd, 4318541.243, 124
Trd, 4318542.243, 67
Trd, 4318543.143, 64
Trd, 4318544.393, 61
Trd, 4318544.693, 100
Trd, 4318545.543, 65
Trd, 4318547.193, 69
Trd, 4318547.443, 90
Trd, 4318547.793, 92
Trd, 4318548.393, 113
Trd, 4318548.493, 101
Trd, 4318550.243, 60
Trd, 4318550.993, 62
Trd, 4318551.493, 129
Trd, 4318553.093, 126
Trd, 4318553.593, 127
Trd, 4318553.693, 126
Trd, 4318553.943, 122
Trd, 4318554.893, 134
Trd, 4318555.043, 103
Trd, 4318555.293, 116
Trd, 4318556.293, 122
Trd, 4318556.743, 100
Trd, 4318557.343, 90
Trd, 4318558.643, 140
Trd, 4318559.043, 133
Trd, 4318559.593, 74
Trd, 4318560.143, 106
Trd, 4318560.793, 118
Trd, 4318561.493, 117
Trd, 4318562.193, 113
Trd, 4318563.243, 128
Trd, 4318564.643, 140
Trd, 4318564.693, 135
Trd, 4318565.243, 83
Trd, 4318565.693, 111
Trd, 4318565.893, 90
Trd, 4318565.943, 80
Trd, 4318568.093, 115
Trd, 4318568.193, 95
Trd, 4318568.493, 125
Trd, 4318568.643, 107
Trd, 4318569.393, 60
Trd, 4318570.643, 64
Trd, 4318571.293, 91
Trd, 4318572.193, 104
Trd, 4318572.443, 120
Trd, 4318573.143, 118
Trd, 4318573.393, 78
Trd, 4318574.143, 67
Trd, 4318574.343, 69
Trd, 4318574.943, 65
Trd, 4318575.393, 91
Trd, 4318576.443, 94
Trd, 4318577.593, 136
Trd, 4318577.843, 128
Trd, 4318578.543, 67
Trd, 4318579.593, 125
Trd, 4318579.843, 62
Trd, 4318581.043, 119
Trd, 4318581.893, 60
Trd, 4318582.593, 64
Trd, 4318583.793, 68
Trd, 4318584.343, 64
Trd, 4318584.443, 81
Trd, 4318585.193, 140
Trd, 4318586.193, 60
Trd, 4318586.893, 79
Trd, 4318587.793, 98
Trd, 4318588.793, 111
Trd, 4318589.043, 101
Trd, 4318589.193, 92
Trd, 4318590.043, 60
Trd, 4318590.893, 64
Trd, 4318591.643, 63
Trd, 4318592.443, 96
Trd, 4318593.043, 65
Trd, 4318593.193, 68
Trd, 4318593.543, 86
Trd, 4318594.393, 99
Trd, 4318595.093, 82
Trd, 4318597.093, 65
Trd, 4318597.393, 64
Trd, 4318597.643, 75
Trd, 4318598.243, 85
Trd, 4318599.193, 70
Trd, 4318599.843, 126
Trd, 4318600.093, 64
Trd, 4318600.693, 61
Trd, 4318600.793, 65
Trd, 4318600.993, 81
Trd, 4318602.043, 62
Trd, 4318603.543, 68
Trd, 4318605.043, 62
Trd, 4318605.643, 65
Trd, 4318606.143, 90
Trd, 4318606.843, 64
Trd, 4318607.243, 76
Trd, 4318607.843, 102
Trd, 4318608.793, 138
Trd, 4318609.243, 130
Trd, 4318609.493, 100
Trd, 4318610.393, 103
Trd, 4318610.643, 116
Trd, 4318610.893, 99
Trd, 4318611.793, 106
Trd, 4318612.943, 96
Trd, 4318613.293, 95
Trd, 4318613.943, 103
Trd, 4318615.293, 65
Trd, 4318615.493, 71
Trd, 4318616.743, 100
Trd, 4318617.843, 61
Trd, 4318618.543, 61
Trd, 4318618.893, 60
Trd, 4318619.093, 61
Trd, 4318620.593, 81
Trd, 4318621.043, 119
Trd, 4318621.243, 120
Trd, 4318622.643, 82
Trd, 4318623.243, 133
Trd, 4318623.643, 127
Trd, 4318624.443, 124
Trd, 4318625.743, 107
Trd, 4318625.943, 109
Trd, 4318626.393, 61
Trd, 4318627.193, 60
Trd, 4318627.393, 135
Trd, 4318627.543, 125
Trd, 4318627.993, 133
Trd, 4318630.043, 113
Trd, 4318630.193, 71
Trd, 4318630.743, 75
Trd, 4318631.143, 76
Trd, 4318631.843, 140
Trd, 4318632.043, 134
Trd, 4318632.693, 122
Trd, 4318632.993, 110
Trd, 4318634.443, 64
Trd, 4318634.743, 66
Trd, 4318636.343, 140
Trd, 4318636.643, 73
Trd, 4318636.793, 119
Trd, 4318636.993, 130
Trd, 4318638.293, 109
Trd, 4318638.393, 80
Trd, 4318641.443, 64
Trd, 4318641.643, 80
Trd, 4318641.743, 104
Trd, 4318642.293, 63
Trd, 4318643.543, 61
Trd, 4318643.593, 82
Trd, 4318644.143, 78
Trd, 4318644.943, 117
Trd, 4318645.493, 62
Trd, 4318647.143, 61
Trd, 4318647.943, 87
Trd, 4318648.093, 88
Trd, 4318648.293, 123
Trd, 4318649.643, 78
Trd, 4318650.343, 71
Trd, 4318651.343, 97
Trd, 4318651.743, 94
Trd, 4318652.093, 108
Trd, 4318652.543, 64
Trd, 4318654.243, 140
Trd, 4318655.143, 140
Trd, 4318655.193, 133
Trd, 4318655.893, 107
Trd, 4318656.743, 126
Trd, 4318657.693, 118
Trd, 4318657.993, 114
Trd, 4318658.843, 111
Trd, 4318658.893, 121
Trd, 4318659.043, 107
Trd, 4318659.543, 105
Trd, 4318660.893, 140
Trd, 4318661.043, 86
Trd, 4318662.043, 63
Trd, 4318662.793, 125
Trd, 4318663.293, 73
Trd, 4318664.493, 128
Trd, 4318665.393, 101
Trd, 4318666.143, 137
Trd, 4318666.843, 131
Trd, 4318667.293, 137
Trd, 4318667.443, 131
Trd, 4318669.343, 61
Trd, 4318669.593, 65
Trd, 4318670.593, 75
Trd, 4318670.693, 140
Trd, 4318671.243, 115
Trd, 4318671.543, 126
Trd, 4318671.943, 114
Trd, 4318673.093, 131
Trd, 4318673.193, 130
Trd, 4318673.493, 126
Trd, 4318674.393, 140
Trd, 4318674.693, 104
Trd, 4318675.193, 66
Trd, 4318676.043, 138
Trd, 4318676.343, 126
Trd, 4318677.243, 132
Trd, 4318679.493, 131
Trd, 4318680.093, 127
Trd, 4318680.493, 122
Trd, 4318681.043, 84
Trd, 4318681.443, 86
Trd, 4318682.493, 131
Trd, 4318683.093, 112
Trd, 4318684.743, 138
Trd, 4318685.493, 110
Trd, 4318685.743, 104
Trd, 4318685.993, 129
Trd, 4318686.043, 104
Trd, 4318687.393, 80
Trd, 4318688.493, 97
Trd, 4318689.743, 137
Trd, 4318690.193, 125
Trd, 4318690.493, 100
Trd, 4318690.643, 86
Trd, 4318691.243, 127
Trd, 4318691.843, 74
Trd, 4318692.693, 122
Trd, 4318693.493, 112
Trd, 4318694.193, 66
Trd, 4318694.643, 68
Trd, 4318695.393, 72
Trd, 4318695.643, 86
Trd, 4318696.443, 74
Trd, 4318696.793, 77
Trd, 4318697.993, 140
Trd, 4318698.143, 124
Trd, 4318698.993, 75
Trd, 4318699.643, 80
Trd, 4318700.943, 133
Trd, 4318701.543, 120
Trd, 4318701.693, 98
Trd, 4318703.043, 140
Trd, 4318703.743, 129
Trd, 4318704.043, 108
Trd, 4318704.293, 76
Trd, 4318704.693, 91
Trd, 4318705.093, 84
Trd, 4318705.643, 97
Trd, 4318706.243, 88
Trd, 4318706.793, 62
Trd, 4318707.143, 140
Trd, 4318707.893, 118
Trd, 4318709.743, 133
Trd, 4318710.543, 126
Trd, 4318710.593, 94
Trd, 4318710.843, 95
Trd, 4318710.943, 77
Trd, 4318711.543, 61
Trd, 4318711.993, 61
Trd, 4318713.543, 91
Trd, 4318713.843, 90
Trd, 4318714.693, 139
Trd, 4318715.093, 85
Trd, 4318715.643, 84
Trd, 4318715.743, 73
Trd, 4318716.093, 83
Trd, 4318716.393, 85
Trd, 4318717.643, 61
Trd, 4318717.943, 63
Trd, 4318719.843, 80
Trd, 4318720.243, 89
Trd, 4318720.893, 86
Trd, 4318721.543, 89
Trd, 4318722.443, 62
Trd, 4318722.843, 96
Trd, 4318723.793, 120
Trd, 4318724.393, 132
Trd, 4318726.793, 98
Trd, 4318727.243, 90
Trd, 4318727.893, 63
Trd, 4318728.943, 77
Trd, 4318728.993, 67
Trd, 4318729.393, 108
Trd, 4318730.543, 70
Trd, 4318731.193, 129
Trd, 4318731.843, 110
Trd, 4318732.693, 93
Trd, 4318732.793, 91
Trd, 4318732.943, 91
Trd, 4318734.143, 109
Trd, 4318735.443, 109
Trd, 4318735.943, 80
Trd, 4318736.793, 60
Trd, 4318737.443, 62
Trd, 4318737.693, 62
Trd, 4318738.343, 67
Trd, 4318738.993, 109
Trd, 4318739.893, 113
Trd, 4318740.843, 113
Trd, 4318740.893, 116
Trd, 4318741.093, 96
Trd, 4318741.843, 89
Trd, 4318742.143, 86
Trd, 4318743.343, 72
Trd, 4318745.143, 131
Trd, 4318745.193, 126
Trd, 4318745.443, 121
Trd, 4318746.093, 132
Trd, 4318746.543, 114
Trd, 4318746.943, 82
Trd, 4318748.393, 140
Trd, 4318748.543, 90
Trd, 4318749.343, 71
Trd, 4318750.093, 103
Trd, 4318752.493, 73
Trd, 4318752.993, 70
Trd, 4318754.443, 99
Trd, 4318754.743, 66
Trd, 4318755.143, 140
Trd, 4318755.593, 127
Trd, 4318757.843, 75
Trd, 4318757.943, 84
Trd, 4318758.893, 87
Trd, 4318759.743, 105
Trd, 4318759.893, 86
Trd, 4318760.243, 83
Trd, 4318760.293, 80
Trd, 4318761.643, 117
Trd, 4318761.743, 72
Trd, 4318762.143, 119
Trd, 4318764.543, 63
Trd, 4318764.643, 104
Trd, 4318764.943, 95
Trd, 4318765.693, 139
Trd, 4318765.943, 136
Trd, 4318766.343, 133
Trd, 4318767.543, 60
Trd, 4318767.643, 63
Trd, 4318768.193, 107
Trd, 4318768.543, 61
Trd, 4318769.593, 63
Trd, 4318770.343, 83
Trd, 4318770.693, 63
Trd, 4318771.943, 93
Trd, 4318773.193, 88
Trd, 4318773.343, 86
Trd, 4318773.393, 90
Trd, 4318773.843, 85
Trd, 4318774.993, 60
Trd, 4318775.943, 110
Trd, 4318776.493, 99
Trd, 4318776.893, 91
Trd, 4318776.943, 88
Trd, 4318777.443, 136
Trd, 4318778.793, 62
Trd, 4318779.743, 100
Trd, 4318780.193, 99
Trd, 4318780.793, 124
Trd, 4318782.143, 140
Trd, 4318782.293, 136
Trd, 4318782.393, 125
Trd, 4318782.843, 65
Trd, 4318783.693, 99
Trd, 4318785.543, 140
Trd, 4318786.343, 139
Trd, 4318786.643, 121
Trd, 4318787.143, 107
Trd, 4318788.393, 139
Trd, 4318788.793, 133
Trd, 4318788.943, 64
Trd, 4318789.693, 69
Trd, 4318790.043, 68
Trd, 4318790.193, 112
Trd, 4318790.993, 80
Trd, 4318792.443, 71
Trd, 4318793.393, 137
Trd, 4318793.493, 90
Trd, 4318795.143, 110
Trd, 4318795.593, 95
Trd, 4318795.793, 94
Trd, 4318796.793, 91
Trd, 4318796.993, 88
Trd, 4318797.343, 140
Trd, 4318797.693, 74
Trd, 4318799.043, 130
Trd, 4318799.743, 66
Trd, 4318800.693, 88
Trd, 4318801.493, 103
Trd, 4318801.793, 140
Trd, 4318802.743, 101
Trd, 4318803.443, 130
Trd, 4318804.043, 129
Trd, 4318804.293, 108
Trd, 4318806.043, 140
Trd, 4318806.293, 133
Trd, 4318806.443, 110
Trd, 4318807.493, 61
Trd, 4318807.843, 71
Trd, 4318807.993, 79
Trd, 4318808.643, 93
Trd, 4318810.193, 60
Trd, 4318811.793, 64
Trd, 4318812.343, 78
Trd, 4318813.093, 72
Trd, 4318813.293, 67
Trd, 4318814.193, 136
Trd, 4318815.543, 60
Trd, 4318815.943, 60
Trd, 4318815.993, 81
Trd, 4318816.493, 130
Trd, 4318817.693, 110
Trd, 4318817.993, 89
Trd, 4318819.393, 103
Trd, 4318819.993, 137
Trd, 4318820.293, 121
Trd, 4318821.393, 116
Trd, 4318821.693, 93
Trd, 4318821.843, 91
Trd, 4318822.943, 64
Trd, 4318824.343, 60
Trd, 4318824.393, 79
Trd, 4318825.693, 62
Trd, 4318826.693, 61
Trd, 4318827.243, 85
Trd, 4318827.643, 106
Trd, 4318827.743, 140
Trd, 4318828.143, 99
Trd, 4318828.743, 88
Trd, 4318829.493, 74
Trd, 4318830.893, 108
Trd, 4318831.093, 100
Trd, 4318831.243, 99
Trd, 4318831.443, 99
Trd, 4318832.743, 121
Trd, 4318833.343, 92
Trd, 4318833.593, 79
Trd, 4318833.943, 87
Trd, 4318834.843, 83
Trd, 4318835.743, 89
Trd, 4318836.393, 119
Trd, 4318837.343, 140
Trd, 4318838.493, 127
Trd, 4318839.143, 128
Trd, 4318839.443, 140
Trd, 4318839.493, 104
Trd, 4318841.243, 131
Trd, 4318841.593, 125
Trd, 4318842.243, 120
Trd, 4318842.643, 139
Trd, 4318842.693, 102
Trd, 4318844.243, 114
Trd, 4318844.443, 113
Trd, 4318845.093, 133
Trd, 4318845.493, 128
Trd, 4318847.193, 138
Trd, 4318847.293, 125
Trd, 4318847.993, 97
Trd, 4318848.293, 84
Trd, 4318849.043, 90
Trd, 4318849.143, 109
Trd, 4318849.993, 69
Trd, 4318850.193, 68
Trd, 4318851.393, 138
Trd, 4318852.093, 140
Trd, 4318852.743, 130
Trd, 4318853.193, 131
Trd, 4318854.143, 139
Trd, 4318854.193, 130
Trd, 4318854.693, 137
Trd, 4318854.843, 129
Trd, 4318856.393, 92
Trd, 4318857.393, 130
Trd, 4318857.743, 127
Trd, 4318860.043, 69
Trd, 4318860.693, 66
Trd, 4318861.293, 70
Trd, 4318861.693, 80
Trd, 4318862.293, 65
Trd, 4318862.393, 101
Trd, 4318862.993, 140
Trd, 4318863.443, 72
Trd, 4318863.593, 70
Trd, 4318864.443, 140
Trd, 4318864.943, 79
Trd, 4318865.343, 77
Trd, 4318865.743, 109
Trd, 4318867.843, 122
Trd, 4318868.343, 102
Trd, 4318868.793, 93
Trd, 4318868.843, 71
Trd, 4318869.493, 70
Trd, 4318870.343, 114
Trd, 4318871.643, 61
Trd, 4318872.193, 101
Trd, 4318872.943, 70
Trd, 4318873.493, 66
Trd, 4318874.543, 131
Trd, 4318874.643, 122
Trd, 4318875.093, 104
Trd, 4318876.143, 69
Trd, 4318876.443, 116
Trd, 4318877.743, 132
Trd, 4318878.493, 126
Trd, 4318878.843, 103
Trd, 4318879.543, 139
Trd, 4318880.693, 119
Trd, 4318880.993, 115
Trd, 4318881.343, 103
Trd, 4318881.643, 80
Trd, 4318883.493, 60
Trd, 4318884.443, 136
Trd, 4318884.643, 105
Trd, 4318887.393, 101
Trd, 4318887.843, 101
Trd, 4318888.243, 93
Trd, 4318888.743, 112
Trd, 4318888.993, 111
Trd, 4318889.143, 65
Trd, 4318889.443, 64
Trd, 4318889.643, 65
Trd, 4318890.393, 138
Trd, 4318891.093, 138
Trd, 4318891.193, 134
Trd, 4318891.443, 132
Trd, 4318892.543, 116
Trd, 4318894.643, 140
Trd, 4318894.843, 140
Trd, 4318895.893, 114
Trd, 4318896.843, 130
Trd, 4318897.143, 114
Trd, 4318897.293, 139
Trd, 4318897.893, 82
Trd, 4318898.643, 101
Trd, 4318899.143, 63
Trd, 4318901.193, 123
Trd, 4318901.343, 63
Trd, 4318901.593, 72
Trd, 4318902.543, 109
Trd, 4318903.443, 67
Trd, 4318903.943, 72
Trd, 4318904.293, 77
Trd, 4318905.893, 69
Trd, 4318906.943, 94
Trd, 4318907.893, 94
Trd, 4318907.943, 121
Trd, 4318908.543, 116
Trd, 4318909.093, 100
Trd, 4318909.143, 103
Trd, 4318909.693, 86
Trd, 4318910.043, 99
Trd, 4318910.393, 138
Trd, 4318911.293, 68
Trd, 4318912.093, 108
Trd, 4318913.143, 103
Trd, 4318914.093, 107
Trd, 4318914.593, 107
Trd, 4318915.043, 108
Trd, 4318915.443, 92
Trd, 4318915.993, 92
Trd, 4318917.793, 140
Trd, 4318918.293, 139
Trd, 4318918.643, 124
Trd, 4318919.593, 122
Trd, 4318919.693, 120
Trd, 4318920.443, 129
Trd, 4318921.243, 130
Trd, 4318922.343, 125
Trd, 4318922.993, 83
Trd, 4318923.343, 132
Trd, 4318923.843, 121
Trd, 4318924.543, 63
Trd, 4318924.693, 76
Trd, 4318925.843, 61
Trd, 4318927.093, 118
Trd, 4318927.243, 92
Trd, 4318927.593, 91
Trd, 4318928.793, 68
Trd, 4318929.243, 70
Trd, 4318930.293, 133
Trd, 4318930.693, 130
Trd, 4318932.043, 104
Trd, 4318932.393, 97
Trd, 4318933.643, 140
Trd, 4318934.043, 120
Trd, 4318935.143, 131
Trd, 4318936.093, 107
Trd, 4318936.243, 105
Trd, 4318936.843, 92
Trd, 4318936.943, 110
Trd, 4318937.343, 87
Trd, 4318937.543, 74
Trd, 4318938.743, 60
Trd, 4318939.093, 105
Trd, 4318940.043, 140
Trd, 4318940.543, 115
Trd, 4318941.043, 74
Trd, 4318941.793, 75
Trd, 4318942.693, 140
Trd, 4318943.143, 140
Trd, 4318943.593, 127
Trd, 4318943.943, 106
Trd, 4318944.843, 108
Trd, 4318944.893, 91
Trd, 4318945.143, 71
Trd, 4318947.193, 67
Trd, 4318947.343, 117
Trd, 4318947.443, 63
Trd, 4318947.993, 92
Trd, 4318948.743, 109
Trd, 4318949.643, 135
Trd, 4318949.993, 112
Trd, 4318950.193, 109
Trd, 4318950.843, 140
Trd, 4318951.193, 140
Trd, 4318951.693, 81
Trd, 4318951.843, 76
Trd, 4318952.943, 99
Trd, 4318953.393, 84
Trd, 4318953.943, 81
Trd, 4318955.543, 117
Trd, 4318955.843, 78
Trd, 4318956.293, 102
Trd, 4318957.493, 98
Trd, 4318957.943, 77
Trd, 4318959.343, 60
Trd, 4318960.043, 116
Trd, 4318960.293, 86
Trd, 4318961.093, 139
Trd, 4318961.443, 123
Trd, 4318961.893, 61
Trd, 4318962.843, 139
Trd, 4318963.043, 110
Trd, 4318963.993, 102
Trd, 4318964.143, 93
Trd, 4318966.243, 80
Trd, 4318966.293, 93
Trd, 4318966.593, 82
Trd, 4318968.993, 76
Trd, 4318969.343, 113
Trd, 4318970.093, 125
Trd, 4318970.393, 106
Trd, 4318971.393, 135
Trd, 4318971.743, 124
Trd, 4318972.343, 140
Trd, 4318972.493, 119
Trd, 4318973.243, 61
Trd, 4318973.343, 63
Trd, 4318975.193, 87
Trd, 4318976.093, 105
Trd, 4318976.993, 97
Trd, 4318977.693, 130
Trd, 4318978.093, 83
Trd, 4318978.843, 69
Trd, 4318979.493, 62
Trd, 4318980.093, 128
Trd, 4318982.043, 140
Trd, 4318982.943, 64
Trd, 4318984.543, 121
Trd, 4318984.993, 125
Trd, 4318985.043, 87
Trd, 4318986.043, 65
Trd, 4318986.193, 80
Trd, 4318986.943, 67
Trd, 4318987.743, 75
Trd, 4318987.993, 88
Trd, 4318988.193, 85
Trd, 4318990.293, 123
Trd, 4318990.393, 96
Trd, 4318990.543, 95
Trd, 4318990.643, 139
Trd, 4318991.043, 75
Trd, 4318991.743, 61
Trd, 4318992.543, 127
Trd, 4318992.843, 103
Trd, 4318994.293, 103
Trd, 4318994.643, 65
Trd, 4318995.693, 112
Trd, 4318996.543, 140
Trd, 4318997.443, 107
Trd, 4318997.943, 137
Trd, 4318998.093, 95
Trd, 4318998.393, 90
Trd, 4318998.743, 107
Trd, 4318999.243, 68
Trd, 4319000.343, 112
Trd, 4319001.393, 79
Trd, 4319001.743, 75
Trd, 4319003.543, 75
Trd, 4319004.443, 84
Trd, 4319004.793, 95
Trd, 4319005.293, 61
Trd, 4319005.543, 78
Trd, 4319007.043, 124
Trd, 4319007.243, 90
Trd, 4319008.693, 138
Trd, 4319008.993, 135
Trd, 4319010.493, 110
Trd, 4319011.093, 91
Trd, 4319011.493, 133
Trd, 4319011.643, 114
Trd, 4319011.893, 99
Trd, 4319013.693, 93
Trd, 4319013.893, 79
Trd, 4319014.393, 93
Trd, 4319015.843, 100
Trd, 4319017.443, 114
Trd, 4319018.193, 138
Trd, 4319018.293, 94
Trd, 4319018.743, 64
Trd, 4319019.643, 134
Trd, 4319019.793, 126
Trd, 4319021.743, 140
Trd, 4319022.093, 133
Trd, 4319022.343, 127
Trd, 4319023.043, 121
Trd, 4319024.743, 65
Trd, 4319024.893, 65
Trd, 4319025.793, 101
Trd, 4319026.243, 63
Trd, 4319027.843, 60
Trd, 4319028.943, 60
Trd, 4319029.293, 63
Trd, 4319029.943, 108
Trd, 4319031.093, 73
Trd, 4319031.393, 78
Trd, 4319032.043, 81
Trd, 4319032.393, 60
Trd, 4319033.143, 70
Trd, 4319033.493, 62
Trd, 4319034.043, 62
Trd, 4319034.143, 72
Trd, 4319035.093, 80
Trd, 4319035.993, 80
Trd, 4319036.193, 110
Trd, 4319036.993, 90
Trd, 4319038.693, 62
Trd, 4319039.143, 75
Trd, 4319040.243, 63
Trd, 4319040.493, 118
Trd, 4319042.343, 60
Trd, 4319042.693, 60
Trd, 4319043.293, 66
Trd, 4319044.293, 114
Trd, 4319044.643, 114
Trd, 4319044.843, 112
Trd, 4319045.943, 109
Trd, 4319046.543, 131
Trd, 4319047.143, 125
Trd, 4319047.193, 128
Trd, 4319049.743, 140
Trd, 4319049.793, 133
Trd, 4319049.993, 123
Trd, 4319050.993, 122
Trd, 4319051.543, 101
Trd, 4319051.693, 92
Trd, 4319052.693, 132
Trd, 4319053.993, 108
Trd, 4319055.393, 118
Trd, 4319056.093, 131
Trd, 4319056.543, 112
Trd, 4319057.193, 103
Trd, 4319057.293, 89
Trd, 4319057.943, 61
Trd, 4319058.043, 106
Trd, 4319059.943, 136
Trd, 4319060.343, 99
Trd, 4319061.593, 79
Trd, 4319062.793, 60
Trd, 4319063.743, 127
Trd, 4319065.043, 130
Trd, 4319065.343, 139
Trd, 4319066.343, 130
Trd, 4319066.943, 140
Trd, 4319067.743, 140
Trd, 4319067.893, 129
Trd, 4319068.243, 129
Trd, 4319068.343, 125
Trd, 4319068.443, 63
Trd, 4319068.993, 60
Trd, 4319070.543, 140
Trd, 4319071.343, 118
Trd, 4319072.043, 133
Trd, 4319072.743, 111
Trd, 4319073.193, 121
Trd, 4319075.143, 107
Trd, 4319075.193, 103
Trd, 4319075.243, 102
Trd, 4319076.743, 140
Trd, 4319076.793, 134
Trd, 4319077.993, 112
Trd, 4319078.393, 108
Trd, 4319079.293, 130
Trd, 4319080.293, 115
Trd, 4319080.893, 139
Trd, 4319081.393, 90
Trd, 4319082.943, 60
Trd, 4319083.143, 65
Trd, 4319083.443, 109
Trd, 4319083.893, 103
Trd, 4319084.543, 65
Trd, 4319084.693, 65
Trd, 4319084.943, 115
Trd, 4319085.193, 96
Trd, 4319086.193, 119
Trd, 4319087.093, 111
Trd, 4319087.443, 70
Trd, 4319087.993, 62
Trd, 4319088.193, 62
Trd, 4319088.443, 64
Trd, 4319089.093, 99
Trd, 4319091.043, 137
Trd, 4319091.093, 114
Trd, 4319091.143, 112
Trd, 4319091.343, 101
Trd, 4319091.643, 131
Trd, 4319092.143, 138
Trd, 4319092.343, 132
Trd, 4319092.843, 131
Trd, 4319093.493, 95
Trd, 4319094.643, 138
Trd, 4319094.993, 100
Trd, 4319095.093, 97
Trd, 4319097.043, 106
Trd, 4319098.143, 136
Trd, 4319098.393, 113
Trd, 4319098.643, 111
Trd, 4319099.093, 119
Trd, 4319099.593, 83
Trd, 4319100.593, 108
Trd, 4319100.893, 115
Trd, 4319101.293, 87
Trd, 4319101.943, 140
Trd, 4319102.143, 139
Trd, 4319103.193, 88
Trd, 4319103.293, 85
Trd, 4319104.393, 61
Trd, 4319105.393, 62
Trd, 4319105.443, 80
Trd, 4319106.493, 67
Trd, 4319107.693, 65
Trd, 4319108.743, 100
Trd, 4319109.843, 67
Trd, 4319111.143, 60
Trd, 4319111.293, 63
Trd, 4319112.193, 61
Trd, 4319113.943, 62
Trd, 4319114.393, 105
Trd, 4319115.343, 66
Trd, 4319115.993, 68
Trd, 4319117.193, 66
Trd, 4319117.693, 63
Trd, 4319118.393, 63
Trd, 4319118.443, 74
Trd, 4319119.043, 97
Trd, 4319120.393, 102
Trd, 4319120.943, 97
Trd, 4319121.043, 120
Trd, 4319121.543, 107
Trd, 4319123.343, 105
Trd, 4319123.643, 68
Trd, 4319124.043, 64
Trd, 4319124.643, 70
Trd, 4319125.593, 94
Trd, 4319125.893, 110
Trd, 4319126.043, 114
Trd, 4319126.143, 68
Trd, 4319126.493, 63
Trd, 4319127.493, 77
Trd, 4319129.443, 122
Trd, 4319129.893, 140
Trd, 4319130.143, 115
Trd, 4319130.643, 138
Trd, 4319130.843, 97
Trd, 4319131.093, 64
Trd, 4319132.493, 65
Trd, 4319133.743, 60
Trd, 4319134.293, 64
Trd, 4319134.893, 64
Trd, 4319135.193, 68
Trd, 4319135.993, 118
Trd, 4319136.143, 80
Trd, 4319137.493, 119
Trd, 4319137.693, 117
Trd, 4319137.993, 82
Trd, 4319139.293, 89
Trd, 4319139.843, 87
Trd, 4319140.543, 134
Trd, 4319142.243, 140
Trd, 4319142.693, 115
Trd, 4319143.343, 135
Trd, 4319143.543, 106
Trd, 4319143.643, 82
Trd, 4319144.643, 110
Trd, 4319144.943, 95
Trd, 4319145.743, 63
Trd, 4319146.193, 75
Trd, 4319146.343, 62
Trd, 4319147.493, 121
Trd, 4319148.543, 90
Trd, 4319150.193, 79
Trd, 4319150.443, 138
Trd, 4319150.993, 120
Trd, 4319152.093, 119
Trd, 4319152.493, 78
Trd, 4319153.593, 66
Trd, 4319153.993, 80
Trd, 4319154.443, 60
Trd, 4319155.543, 66
Trd, 4319156.093, 63
Trd, 4319156.343, 63
Trd, 4319158.093, 132
Trd, 4319158.543, 129
Trd, 4319159.593, 124
Trd, 4319159.993, 61
Trd, 4319160.343, 95
Trd, 4319162.243, 140
Trd, 4319162.693, 139
Trd, 4319162.843, 133
Trd, 4319163.843, 137
Trd, 4319164.693, 93
Trd, 4319165.293, 65
Trd, 4319165.643, 62
Trd, 4319166.593, 64
Trd, 4319166.893, 61
Trd, 4319168.093, 104
Trd, 4319168.943, 104
Trd, 4319169.243, 102
Trd, 4319169.343, 116
Trd, 4319169.843, 106
Trd, 4319170.593, 102
Trd, 4319171.143, 135
Trd, 4319172.143, 135
Trd, 4319173.593, 107
Trd, 4319174.893, 128
Trd, 4319175.043, 87
Trd, 4319175.243, 139
Trd, 4319175.393, 84
Trd, 4319175.593, 76
Trd, 4319176.693, 139
Trd, 4319176.743, 137
Trd, 4319177.643, 127
Trd, 4319178.493, 118
Trd, 4319179.093, 81
Trd, 4319180.643, 63
Trd, 4319181.393, 60
Trd, 4319181.793, 61
Trd, 4319181.893, 80
Trd, 4319182.793, 104
Trd, 4319184.293, 83
Trd, 4319184.493, 99
Trd, 4319185.343, 91
Trd, 4319186.243, 111
Trd, 4319187.293, 123
Trd, 4319187.643, 99
Trd, 4319188.093, 135
Trd, 4319188.393, 102
Trd, 4319188.693, 98
Trd, 4319188.743, 95
Trd, 4319189.493, 80
Trd, 4319190.543, 65
Trd, 4319191.793, 60
Trd, 4319192.393, 60
Trd, 4319192.493, 62
Trd, 4319193.093, 95
Trd, 4319194.493, 134
Trd, 4319194.893, 88
Trd, 4319196.893, 139
Trd, 4319197.293, 110
Trd, 4319198.293, 140
Trd, 4319198.343, 140
Trd, 4319198.443, 130
Trd, 4319199.943, 119
Trd, 4319200.043, 105
Trd, 4319200.393, 102
Trd, 4319201.043, 66
Trd, 4319201.093, 81
Trd, 4319201.493, 71
Trd, 4319203.343, 66
Trd, 4319204.643, 88
Trd, 4319204.893, 81
Trd, 4319205.393, 79
Trd, 4319205.643, 78
Trd, 4319207.043, 100
Trd, 4319207.543, 87
Trd, 4319208.293, 130
Trd, 4319208.543, 125
Trd, 4319209.193, 94
Trd, 4319210.343, 105
Trd, 4319210.443, 140
Trd, 4319210.843, 80
Trd, 4319211.243, 92
Trd, 4319212.743, 117
Trd, 4319213.343, 118
Trd, 4319213.543, 117
Trd, 4319213.643, 122
Trd, 4319214.093, 79
Trd, 4319214.893, 140
Trd, 4319216.943, 126
Trd, 4319217.293, 137
Trd, 4319217.393, 125
Trd, 4319217.743, 117
Trd, 4319218.843, 127
Trd, 4319219.793, 60
Trd, 4319220.743, 124
Trd, 4319221.943, 128
Trd, 4319222.043, 115
Trd, 4319223.343, 60
Trd, 4319223.993, 62
Trd, 4319224.093, 73
Trd, 4319224.193, 79
Trd, 4319224.793, 67
Trd, 4319226.293, 72
Trd, 4319226.543, 110
Trd, 4319227.343, 81
Trd, 4319227.793, 69
Trd, 4319228.343, 85
Trd, 4319229.693, 111
Trd, 4319229.943, 91
Trd, 4319230.743, 116
Trd, 4319231.793, 99
Trd, 4319231.893, 86
Trd, 4319232.393, 109
Trd, 4319232.793, 85
Trd, 4319233.993, 106
Trd, 4319234.343, 76
Trd, 4319235.243, 138
Trd, 4319236.793, 91
Trd, 4319237.743, 100
Trd, 4319238.293, 105
Trd, 4319238.643, 105
Trd, 4319239.093, 105
Trd, 4319239.243, 102
Trd, 4319239.293, 98
Trd, 4319239.643, 60
Trd, 4319240.693, 108
Trd, 4319241.343, 95
Trd, 4319241.843, 62
Trd, 4319242.493, 95
Trd, 4319243.893, 63
Trd, 4319244.043, 66
Trd, 4319244.293, 70
Trd, 4319245.393, 119
Trd, 4319246.393, 135
Trd, 4319246.743, 75
Trd, 4319247.243, 135
Trd, 4319247.793, 128
Trd, 4319248.243, 70
Trd, 4319249.443, 133
Trd, 4319249.643, 91
Trd, 4319249.893, 96
Trd, 4319250.893, 88
Trd, 4319252.393, 113
Trd, 4319252.893, 137
Trd, 4319252.943, 135
Trd, 4319253.093, 106
Trd, 4319254.293, 83
Trd, 4319254.593, 82
Trd, 4319255.443, 61
Trd, 4319256.043, 63
Trd, 4319256.093, 64
Trd, 4319256.393, 87
Trd, 4319257.293, 95
Trd, 4319257.793, 63
Trd, 4319259.993, 60
Trd, 4319260.443, 65
Trd, 4319260.643, 69
Trd, 4319261.843, 113
Trd, 4319263.043, 60
Trd, 4319263.393, 63
Trd, 4319263.893, 67
Trd, 4319265.093, 135
Trd, 4319265.643, 134
Trd, 4319266.893, 138
Trd, 4319267.443, 135
Trd, 4319267.593, 135
Trd, 4319269.393, 131
Trd, 4319270.093, 136
Trd, 4319270.493, 135
Trd, 4319271.243, 140
Trd, 4319271.493, 133
Trd, 4319271.593, 109
Trd, 4319272.193, 134
Trd, 4319273.343, 78
Trd, 4319274.693, 65
Trd, 4319275.693, 62
Trd, 4319275.743, 68
Trd, 4319275.843, 93
Trd, 4319276.743, 106
Trd, 4319278.293, 97
Trd, 4319279.143, 71
Trd, 4319280.743, 60
Trd, 4319280.793, 62
Trd, 4319281.093, 96
Trd, 4319281.543, 76
Trd, 4319282.043, 111
Trd, 4319282.093, 94
Trd, 4319282.693, 72
Trd, 4319283.143, 70
Trd, 4319284.793, 126
Trd, 4319285.043, 117
Trd, 4319286.093, 108
Trd, 4319286.243, 97
Trd, 4319286.843, 122
Trd, 4319287.493, 139
Trd, 4319287.893, 120
Trd, 4319288.043, 126
Trd, 4319288.693, 112
Trd, 4319290.193, 117
Trd, 4319290.393, 97
Trd, 4319290.543, 98
Trd, 4319290.843, 100
Trd, 4319292.143, 99
Trd, 4319292.393, 99
Trd, 4319293.043, 85
Trd, 4319293.693, 93
Trd, 4319294.493, 83
Trd, 4319295.043, 92
Trd, 4319297.193, 128
Trd, 4319297.493, 122
Trd, 4319297.543, 105
Trd, 4319298.393, 140
Trd, 4319298.493, 94
Trd, 4319299.343, 65
Trd, 4319301.493, 124
Trd, 4319301.843, 87
Trd, 4319301.993, 78
Trd, 4319302.243, 66
Trd, 4319302.343, 72
Trd, 4319302.943, 62
Trd, 4319303.843, 85
Trd, 4319305.593, 64
Trd, 4319306.043, 60
Trd, 4319307.543, 62
Trd, 4319307.693, 67
Trd, 4319309.043, 63
Trd, 4319309.343, 140
Trd, 4319310.243, 88
Trd, 4319310.843, 133
Trd, 4319310.943, 128
Trd, 4319311.893, 72
Trd, 4319313.443, 129
Trd, 4319313.893, 127
Trd, 4319314.643, 124
Trd, 4319315.293, 89
Trd, 4319315.943, 78
Trd, 4319317.093, 67
Trd, 4319318.043, 140
Trd, 4319318.243, 133
Trd, 4319318.993, 96
Trd, 4319320.193, 77
Trd, 4319321.343, 66
Trd, 4319321.393, 106
Trd, 4319322.443, 60
Trd, 4319322.943, 62
Trd, 4319323.493, 88
Trd, 4319323.643, 96
Trd, 4319324.443, 132
Trd, 4319324.593, 126
Trd, 4319325.193, 81
Trd, 4319326.393, 60
Trd, 4319326.943, 62
Trd, 4319327.643, 87
Trd, 4319328.993, 138
Trd, 4319329.043, 132
Trd, 4319329.443, 98
Trd, 4319330.043, 121
Trd, 4319330.693, 80
Trd, 4319330.943, 78
Trd, 4319332.593, 60
Trd, 4319332.893, 123
Trd, 4319333.443, 61
Trd, 4319334.443, 62
Trd, 4319334.843, 68
Trd, 4319335.443, 60
Trd, 4319336.143, 80
Trd, 4319337.143, 101
Trd, 4319337.493, 136
Trd, 4319337.993, 93
Trd, 4319339.393, 64
Trd, 4319339.493, 65
Trd, 4319340.293, 90
Trd, 4319340.593, 73
Trd, 4319341.093, 116
Trd, 4319341.993, 115
Trd, 4319342.843, 97
Trd, 4319343.143, 105
Trd, 4319343.643, 78
Trd, 4319344.493, 70
Trd, 4319344.743, 65
Trd, 4319346.243, 130
Trd, 4319346.843, 127
Trd, 4319346.943, 81
Trd, 4319347.843, 140
Trd, 4319348.543, 128
Trd, 4319349.143, 92
Trd, 4319349.193, 86
Trd, 4319349.843, 137
Trd, 4319350.543, 60
Trd, 4319352.343, 63
Trd, 4319352.743, 137
Trd, 4319352.793, 97
Trd, 4319353.343, 93
Trd, 4319354.743, 116
Trd, 4319355.293, 112
Trd, 4319355.493, 112
Trd, 4319355.743, 93
Trd, 4319356.493, 114
Trd, 4319357.193, 116
Trd, 4319357.793, 111
Trd, 4319358.043, 104
Trd, 4319358.743, 93
Trd, 4319359.943, 96
Trd, 4319360.143, 61
Trd, 4319360.743, 114
Trd, 4319361.893, 127
Trd, 4319362.593, 105
Trd, 4319362.943, 98
Trd, 4319363.493, 111
Trd, 4319363.593, 84
Trd, 4319364.393, 130
Trd, 4319365.543, 63
Trd, 4319366.143, 62
Trd, 4319366.343, 63
Trd, 4319366.543, 72
Trd, 4319369.143, 136
Trd, 4319370.793, 133
Trd, 4319370.993, 131
Trd, 4319371.393, 123
Trd, 4319371.893, 134
Trd, 4319372.743, 111
Trd, 4319374.293, 84
Trd, 4319374.593, 92
Trd, 4319374.893, 77
Trd, 4319375.493, 135
Trd, 4319375.743, 122
Trd, 4319376.043, 78
Trd, 4319376.793, 135
Trd, 4319377.243, 112
Trd, 4319377.643, 133
Trd, 4319377.993, 136
Trd, 4319378.293, 109
Trd, 4319379.843, 79
Trd, 4319380.243, 92
Trd, 4319380.793, 140
Trd, 4319380.993, 129
Trd, 4319381.543, 87
Trd, 4319381.743, 63
Trd, 4319382.293, 63
Trd, 4319383.443, 84
Trd, 4319383.943, 61
Trd, 4319384.443, 96
Trd, 4319385.793, 60
Trd, 4319386.893, 65
Trd, 4319387.843, 86
Trd, 4319388.443, 74
Trd, 4319388.693, 92
Trd, 4319390.043, 106
Trd, 4319390.893, 95
Trd, 4319391.343, 120
Trd, 4319391.543, 90
Trd, 4319392.343, 140
Trd, 4319393.143, 138
Trd, 4319393.343, 129
Trd, 4319394.443, 84
Trd, 4319396.093, 98
Trd, 4319396.293, 97
Trd, 4319396.593, 86
Trd, 4319397.093, 89
Trd, 4319398.043, 96
Trd, 4319398.243, 85
Trd, 4319398.393, 94
Trd, 4319398.593, 140
Trd, 4319400.443, 68
Trd, 4319400.593, 128
Trd, 4319401.743, 139
Trd, 4319401.793, 117
Trd, 4319402.793, 138
Trd, 4319403.193, 126
Trd, 4319403.343, 106
Trd, 4319404.693, 137
Trd, 4319404.743, 114
Trd, 4319405.593, 83
Trd, 4319405.843, 140
Trd, 4319406.043, 85
Trd, 4319406.343, 91
Trd, 4319406.843, 79
Trd, 4319407.143, 113
Trd, 4319407.843, 103
Trd, 4319409.193, 67
Trd, 4319409.343, 106
Trd, 4319409.893, 133
Trd, 4319411.543, 139
Trd, 4319412.093, 107
Trd, 4319412.843, 130
Trd, 4319414.043, 104
Trd, 4319414.093, 102
Trd, 4319414.593, 91
Trd, 4319416.193, 73
Trd, 4319417.693, 124
Trd, 4319418.593, 111
Trd, 4319418.793, 136
Trd, 4319418.993, 110
Trd, 4319419.543, 106
Trd, 4319419.743, 103
Trd, 4319420.843, 67
Trd, 4319421.643, 72
Trd, 4319421.993, 76
Trd, 4319422.143, 64
Trd, 4319422.393, 67
Trd, 4319424.193, 101
Trd, 4319424.493, 130
Trd, 4319424.993, 139
Trd, 4319425.293, 62
Trd, 4319426.293, 135
Trd, 4319427.243, 94
Trd, 4319427.443, 91
Trd, 4319428.043, 132
Trd, 4319428.843, 105
Trd, 4319429.293, 140
Trd, 4319429.593, 85
Trd, 4319430.543, 85
Trd, 4319432.093, 113
Trd, 4319432.743, 88
Trd, 4319432.793, 82
Trd, 4319434.243, 137
Trd, 4319434.643, 133
Trd, 4319434.793, 139
Trd, 4319435.543, 115
Trd, 4319436.493, 83
Trd, 4319436.693, 127
Trd, 4319437.543, 110
Trd, 4319437.993, 82
Trd, 4319438.693, 127
Trd, 4319439.493, 84
Trd, 4319440.693, 60
Trd, 4319441.493, 62
Trd, 4319441.643, 127
Trd, 4319443.043, 138
Trd, 4319443.093, 128
Trd, 4319443.493, 120
Trd, 4319444.743, 112
Trd, 4319445.593, 95
Trd, 4319446.593, 133
Trd, 4319446.643, 100
Trd, 4319448.343, 137
Trd, 4319448.743, 131
Trd, 4319449.143, 129
Trd, 4319450.593, 139
Trd, 4319451.043, 139
Trd, 4319451.243, 132
Trd, 4319451.893, 98
Trd, 4319452.143, 122
Trd, 4319452.793, 92
Trd, 4319453.443, 103
Trd, 4319454.643, 60
Trd, 4319455.143, 60
Trd, 4319455.843, 65
Trd, 4319455.893, 74
Trd, 4319456.093, 105
Trd, 4319457.543, 63
Trd, 4319458.993, 62
Trd, 4319459.693, 63
Trd, 4319459.943, 77
Trd, 4319460.543, 103
Trd, 4319462.593, 64
Trd, 4319463.093, 64
Trd, 4319463.993, 140
Trd, 4319464.293, 139
Trd, 4319464.643, 132
Trd, 4319464.693, 126
Trd, 4319464.793, 104
Trd, 4319464.943, 95
Trd, 4319465.043, 70
Trd, 4319466.643, 62
Trd, 4319468.943, 140
Trd, 4319469.193, 140
Trd, 4319469.393, 116
Trd, 4319469.943, 107
Trd, 4319470.593, 101
Trd, 4319471.043, 117
Trd, 4319471.293, 134
Trd, 4319472.093, 66
Trd, 4319472.743, 77
Trd, 4319473.943, 72
Trd, 4319474.893, 63
Trd, 4319475.143, 109
Trd, 4319475.743, 115
Trd, 4319475.993, 115
Trd, 4319476.543, 113
Trd, 4319476.593, 109
Trd, 4319478.543, 73
Trd, 4319479.043, 83
Trd, 4319479.543, 65
Trd, 4319480.493, 109
Trd, 4319480.743, 98
Trd, 4319480.843, 65
Trd, 4319481.093, 140
Trd, 4319482.343, 114
Trd, 4319482.643, 66
Trd, 4319482.743, 97
Trd, 4319483.143, 116
Trd, 4319485.293, 133
Trd, 4319485.343, 132
Trd, 4319485.843, 114
Trd, 4319486.043, 93
Trd, 4319486.243, 63
Trd, 4319487.893, 61
Trd, 4319488.343, 85
Trd, 4319490.493, 120
Trd, 4319490.843, 112
Trd, 4319491.793, 92
Trd, 4319492.743, 83
Trd, 4319493.193, 79
Trd, 4319493.643, 78
Trd, 4319494.043, 139
Trd, 4319494.493, 78
Trd, 4319494.943, 136
Trd, 4319497.293, 113
Trd, 4319497.393, 105
Trd, 4319499.193, 91
Trd, 4319499.593, 90
Trd, 4319499.743, 89
Trd, 4319499.943, 100
Trd, 4319500.343, 105
Trd, 4319501.143, 112
Trd, 4319501.543, 101
Trd, 4319501.993, 79
Trd, 4319502.793, 104
Trd, 4319503.693, 62
Trd, 4319505.143, 121
Trd, 4319505.593, 120
Trd, 4319505.843, 119
Trd, 4319505.893, 115
Trd, 4319507.493, 129
Trd, 4319508.093, 124
Trd, 4319508.643, 87
Trd, 4319508.843, 66
Trd, 4319509.043, 114
Trd, 4319510.793, 134
Trd, 4319510.993, 132
Trd, 4319512.093, 72
Trd, 4319512.843, 73
Trd, 4319513.893, 139
Trd, 4319514.593, 112
Trd, 4319514.943, 103
Trd, 4319515.843, 135
Trd, 4319515.993, 94
Trd, 4319516.293, 109
Trd, 4319518.343, 80
Trd, 4319518.543, 65
Trd, 4319519.393, 60
Trd, 4319520.043, 98
Trd, 4319520.693, 103
Trd, 4319522.543, 121
Trd, 4319522.993, 124
Trd, 4319523.043, 109
Trd, 4319523.793, 66
Trd, 4319523.893, 65
Trd, 4319524.943, 138
Trd, 4319525.043, 136
Trd, 4319525.993, 71
Trd, 4319526.193, 70
Trd, 4319527.293, 101
Trd, 4319527.593, 87
Trd, 4319527.793, 102
Trd, 4319528.243, 85
Trd, 4319529.093, 84
Trd, 4319529.893, 63
Trd, 4319530.943, 139
Trd, 4319531.293, 125
Trd, 4319531.843, 96
Trd, 4319532.743, 65
Trd, 4319534.093, 133
Trd, 4319535.493, 138
Trd, 4319536.043, 130
Trd, 4319536.193, 118
Trd, 4319536.443, 72
Trd, 4319536.843, 65
Trd, 4319537.293, 108
Trd, 4319537.743, 80
Trd, 4319537.993, 70
Trd, 4319539.493, 133
Trd, 4319540.593, 140
Trd, 4319541.343, 134
Trd, 4319541.843, 132
Trd, 4319542.093, 102
Trd, 4319542.243, 91
Trd, 4319543.343, 79
Trd, 4319544.493, 137
Trd, 4319545.193, 116
Trd, 4319546.093, 137
Trd, 4319546.543, 115
Trd, 4319547.393, 126
Trd, 4319547.893, 84
Trd, 4319548.393, 68
Trd, 4319548.643, 61
Trd, 4319548.943, 72
Trd, 4319549.743, 66
Trd, 4319549.993, 133
Trd, 4319551.043, 132
Trd, 4319552.493, 131
Trd, 4319553.193, 99
Trd, 4319553.793, 70
Trd, 4319554.193, 74
Trd, 4319554.543, 90
Trd, 4319555.593, 126
Trd, 4319555.793, 94
Trd, 4319556.243, 85
Trd, 4319557.293, 116
Trd, 4319557.843, 88
Trd, 4319557.943, 105
Trd, 4319559.993, 110
Trd, 4319560.443, 91
Trd, 4319560.543, 88
Trd, 4319561.343, 97
Trd, 4319561.643, 64
Trd, 4319562.793, 129
Trd, 4319563.543, 138
Trd, 4319564.143, 100
Trd, 4319564.743, 132
Trd, 4319566.293, 97
Trd, 4319566.643, 99
Trd, 4319566.843, 123
Trd, 4319567.143, 96
Trd, 4319567.243, 95
Trd, 4319567.543, 76
Trd, 4319569.743, 140
Trd, 4319570.343, 121
Trd, 4319570.943, 116
Trd, 4319571.593, 65
Trd, 4319572.193, 64
Trd, 4319572.493, 122
Trd, 4319573.693, 132
Trd, 4319574.643, 97
Trd, 4319575.143, 99
Trd, 4319575.543, 95
Trd, 4319575.643, 89
Trd, 4319575.693, 70
Trd, 4319576.593, 88
Trd, 4319577.493, 88
Trd, 4319578.043, 140
Trd, 4319579.943, 127
Trd, 4319580.543, 114
Trd, 4319580.943, 92
Trd, 4319581.043, 88
Trd, 4319581.643, 123
Trd, 4319582.243, 81
Trd, 4319582.743, 69
Trd, 4319583.893, 70
Trd, 4319584.743, 62
Trd, 4319585.743, 61
Trd, 4319586.093, 61
Trd, 4319586.693, 61
Trd, 4319586.993, 95
Trd, 4319588.293, 66
Trd, 4319588.993, 60
Trd, 4319589.743, 71
Trd, 4319590.493, 64
Trd, 4319591.693, 78
Trd, 4319592.693, 81
Trd, 4319592.793, 123
Trd, 4319594.043, 68
Trd, 4319594.243, 69
Trd, 4319594.493, 66
Trd, 4319594.693, 68
Trd, 4319595.643, 88
Trd, 4319596.743, 61
Trd, 4319597.993, 64
Trd, 4319598.793, 136
Trd, 4319599.693, 96
Trd, 4319601.193, 136
Trd, 4319601.693, 125
Trd, 4319602.143, 130
Trd, 4319602.893, 127
Trd, 4319603.893, 78
Trd, 4319603.993, 75
Trd, 4319604.893, 123
Trd, 4319605.343, 134
Trd, 4319605.443, 108
Trd, 4319605.843, 100
Trd, 4319606.643, 137
Trd, 4319607.043, 83
Trd, 4319608.493, 67
Trd, 4319608.593, 101
Trd, 4319609.693, 112
Trd, 4319610.993, 113
Trd, 4319611.193, 111
Trd, 4319611.393, 100
Trd, 4319612.443, 96
Trd, 4319612.743, 114
Trd, 4319613.393, 140
Trd, 4319614.093, 140
Trd, 4319615.193, 89
Trd, 4319616.593, 98
Trd, 4319616.793, 86
Trd, 4319617.393, 137
Trd, 4319617.743, 101
Trd, 4319618.643, 105
Trd, 4319619.443, 68
Trd, 4319620.393, 71
Trd, 4319620.643, 93
Trd, 4319620.743, 105
Trd, 4319621.193, 75
Trd, 4319621.593, 119
Trd, 4319622.093, 66
Trd, 4319623.393, 63
Trd, 4319623.993, 74
Trd, 4319625.793, 125
Trd, 4319625.893, 124
Trd, 4319626.593, 98
Trd, 4319627.043, 120
Trd, 4319627.093, 66
Trd, 4319628.243, 140
Trd, 4319629.543, 115
Trd, 4319629.943, 114
Trd, 4319630.443, 93
Trd, 4319631.243, 70
Trd, 4319632.143, 75
Trd, 4319632.643, 72
Trd, 4319633.093, 97
Trd, 4319633.443, 81
Trd, 4319634.943, 101
Trd, 4319635.743, 123
Trd, 4319635.993, 103
Trd, 4319636.343, 127
Trd, 4319637.193, 137
Trd, 4319637.493, 138
Trd, 4319638.343, 136
Trd, 4319638.693, 135
Trd, 4319639.193, 131
Trd, 4319640.243, 125
Trd, 4319640.743, 90
Trd, 4319641.843, 129
Trd, 4319642.393, 87
Trd, 4319642.843, 62
Trd, 4319643.693, 83
Trd, 4319644.143, 82
Trd, 4319644.543, 91
Trd, 4319645.193, 81
Trd, 4319645.343, 128
Trd, 4319645.643, 62
Trd, 4319647.093, 75
Trd, 4319648.193, 133
Trd, 4319648.493, 61
Trd, 4319649.093, 60
Trd, 4319649.643, 111
Trd, 4319650.693, 115
Trd, 4319650.793, 110
Trd, 4319651.693, 138
Trd, 4319652.343, 121
Trd, 4319652.443, 118
Trd, 4319652.843, 114
Trd, 4319653.293, 92
Trd, 4319653.393, 73
Trd, 4319655.243, 62
Trd, 4319655.793, 72
Trd, 4319656.893, 139
Trd, 4319657.343, 138
Trd, 4319657.893, 115
Trd, 4319658.293, 76
Trd, 4319660.193, 107
Trd, 4319660.393, 109
Trd, 4319660.543, 80
Trd, 4319660.943, 68
Trd, 4319661.393, 83
Trd, 4319661.543, 84
Trd, 4319661.743, 80
Trd, 4319662.143, 67
Trd, 4319662.893, 69
Trd, 4319663.743, 113
Trd, 4319664.093, 65
Trd, 4319665.193, 116
Trd, 4319665.643, 86
Trd, 4319666.043, 68
Trd, 4319666.993, 82
Trd, 4319667.393, 92
Trd, 4319669.893, 111
Trd, 4319669.993, 90
Trd, 4319670.543, 86
Trd, 4319670.993, 60
Trd, 4319671.143, 64
Trd, 4319671.193, 93
Trd, 4319672.043, 88
Trd, 4319673.193, 99
Trd, 4319673.693, 71
Trd, 4319674.293, 66
Trd, 4319675.593, 60
Trd, 4319676.243, 61
Trd, 4319677.143, 61
Trd, 4319677.443, 62
Trd, 4319678.293, 63
Trd, 4319679.493, 61
Trd, 4319679.793, 63
Trd, 4319680.893, 60
Trd, 4319682.543, 61
Trd, 4319682.743, 129
Trd, 4319683.393, 106
Trd, 4319684.393, 103
Trd, 4319684.443, 81
Trd, 4319684.843, 120
Trd, 4319684.943, 113
Trd, 4319685.993, 117
Trd, 4319686.743, 81
Trd, 4319688.143, 133
Trd, 4319688.293, 92
Trd, 4319689.143, 60
Trd, 4319690.243, 61
Trd, 4319691.593, 76
Trd, 4319692.093, 106
Trd, 4319692.893, 128
Trd, 4319693.043, 99
Trd, 4319693.593, 76
Trd, 4319694.193, 136
Trd, 4319695.043, 112
Trd, 4319695.593, 99
Trd, 4319696.743, 132
Trd, 4319696.993, 126
Trd, 4319697.793, 137
Trd, 4319698.893, 113
Trd, 4319699.743, 137
Trd, 4319699.843, 132
Trd, 4319700.643, 132
Trd, 4319701.143, 60
Trd, 4319701.243, 62
Trd, 4319701.643, 86
Trd, 4319702.293, 87
Trd, 4319704.743, 92
Trd, 4319704.843, 90
Trd, 4319704.893, 89
Trd, 4319705.543, 113
Trd, 4319705.743, 79
Trd, 4319705.893, 74
Trd, 4319706.043, 87
Trd, 4319706.593, 107
Trd, 4319707.943, 140
Trd, 4319709.393, 71
Trd, 4319709.493, 64
Trd, 4319711.643, 90
Trd, 4319712.593, 127
Trd, 4319713.643, 114
Trd, 4319713.843, 130
Trd, 4319713.993, 111
Trd, 4319714.643, 140
Trd, 4319714.793, 116
Trd, 4319714.943, 108
Trd, 4319715.493, 118
Trd, 4319716.793, 65
Trd, 4319718.093, 66
Trd, 4319719.293, 125
Trd, 4319719.393, 107
Trd, 4319719.593, 122
Trd, 4319719.743, 106
Trd, 4319720.143, 82
Trd, 4319720.693, 140
Trd, 4319722.443, 136
Trd, 4319722.693, 72
Trd, 4319723.043, 64
Trd, 4319724.543, 89
Trd, 4319724.993, 95
Trd, 4319725.593, 73
Trd, 4319726.443, 109
Trd, 4319726.743, 116
Trd, 4319727.543, 134
Trd, 4319727.993, 112
Trd, 4319728.043, 94
Trd, 4319728.743, 67
Trd, 4319729.743, 104
Trd, 4319730.343, 60
Trd, 4319730.693, 73
Trd, 4319732.093, 99
Trd, 4319733.193, 65
Trd, 4319733.543, 110
Trd, 4319734.343, 101
Trd, 4319734.543, 119
Trd, 4319735.543, 60
Trd, 4319735.593, 71
Trd, 4319735.893, 116
Trd, 4319736.843, 61
Trd, 4319736.893, 64
Trd, 4319738.143, 61
Trd, 4319739.443, 65
Trd, 4319740.943, 64
Trd, 4319741.393, 76
Trd, 4319741.693, 134
Trd, 4319741.793, 66
Trd, 4319742.543, 78
Trd, 4319743.843, 82
Trd, 4319744.193, 90
Trd, 4319744.543, 128
Trd, 4319747.443, 61
Trd, 4319747.593, 63
Trd, 4319747.943, 78
Trd, 4319748.793, 62
Trd, 4319749.193, 77
Trd, 4319750.243, 62
Trd, 4319750.943, 82
Trd, 4319751.393, 69
Trd, 4319752.093, 61
Trd, 4319753.043, 79
Trd, 4319753.193, 102
Trd, 4319753.293, 76
Trd, 4319753.393, 68
Trd, 4319755.543, 137
Trd, 4319756.243, 98
Trd, 4319756.793, 115
Trd, 4319757.043, 135
Trd, 4319757.493, 97
Trd, 4319758.843, 96
Trd, 4319760.393, 87
Trd, 4319761.043, 77
Trd, 4319761.193, 84
Trd, 4319761.293, 77
Trd, 4319761.643, 76
Trd, 4319762.193, 94
Trd, 4319762.843, 121
Trd, 4319764.093, 115
Trd, 4319765.143, 75
Trd, 4319765.593, 86
Trd, 4319766.043, 105
Trd, 4319766.293, 87
Trd, 4319766.543, 101
Trd, 4319768.343, 63
Trd, 4319768.643, 84
Trd, 4319769.393, 73
Trd, 4319770.493, 72
Trd, 4319770.843, 118
Trd, 4319771.043, 119
Trd, 4319771.443, 137
Trd, 4319771.693, 67
Trd, 4319772.343, 76
Trd, 4319774.243, 140
Trd, 4319774.943, 127
Trd, 4319775.093, 85
Trd, 4319775.493, 139
Trd, 4319775.843, 77
Trd, 4319776.293, 85
Trd, 4319776.693, 76
Trd, 4319777.143, 63
Trd, 4319778.043, 140
Trd, 4319778.593, 125
Trd, 4319778.743, 78
Trd, 4319779.943, 101
Trd, 4319780.793, 104
Trd, 4319781.243, 96
Trd, 4319781.343, 90
Trd, 4319782.243, 62
Trd, 4319783.143, 67
Trd, 4319783.643, 61
Trd, 4319783.793, 114
Trd, 4319784.743, 93
Trd, 4319785.543, 61
Trd, 4319785.793, 98
Trd, 4319786.293, 69
Trd, 4319786.443, 77
Trd, 4319787.443, 60
Trd, 4319788.643, 87
Trd, 4319789.093, 80
Trd, 4319789.343, 133
Trd, 4319790.143, 112
Trd, 4319791.843, 73
Trd, 4319792.393, 67
Trd, 4319792.993, 60
Trd, 4319793.343, 60
Trd, 4319793.593, 62
Trd, 4319795.243, 101
Trd, 4319795.293, 101
Trd, 4319795.543, 128
Trd, 4319795.693, 73
Trd, 4319796.143, 86
Trd, 4319798.043, 80
Trd, 4319798.193, 99
Trd, 4319798.393, 71
Trd, 4319799.093, 62
Trd, 4319799.743, 91
Trd, 4319800.993, 140
Trd, 4319801.093, 140
Trd, 4319801.993, 133
Trd, 4319802.243, 117
Trd, 4319802.743, 109
Trd, 4319803.893, 60
Trd, 4319804.543, 125
Trd, 4319805.493, 140
Trd, 4319805.743, 90
Trd, 4319806.593, 121
Trd, 4319807.193, 65
Trd, 4319808.093, 63
Trd, 4319808.743, 63
Trd, 4319809.343, 75
Trd, 4319809.543, 67
Trd, 4319812.243, 112
Trd, 4319812.293, 103
Trd, 4319812.793, 62
Trd, 4319813.343, 65
Trd, 4319814.093, 62
Trd, 4319814.193, 60
Trd, 4319814.993, 140
Trd, 4319816.343, 63
Trd, 4319817.193, 82
Trd, 4319818.093, 74
Trd, 4319818.343, 100
Trd, 4319818.543, 68
Trd, 4319819.143, 107
Trd, 4319820.193, 60
Trd, 4319821.143, 64
Trd, 4319821.543, 60
Trd, 4319821.593, 84
Trd, 4319822.093, 66
Trd, 4319822.993, 68
Trd, 4319823.293, 68
Trd, 4319823.643, 67
Trd, 4319824.943, 68
Trd, 4319825.043, 63
Trd, 4319825.743, 102
Trd, 4319826.093, 130
Trd, 4319827.893, 61
Trd, 4319828.793, 84
Trd, 4319828.993, 83
Trd, 4319830.143, 62
Trd, 4319831.243, 62
Trd, 4319832.043, 73
Trd, 4319832.343, 85
Trd, 4319832.643, 65
Trd, 4319833.193, 113
Trd, 4319834.093, 125
Trd, 4319834.593, 116
Trd, 4319835.843, 64
Trd, 4319836.593, 67
Trd, 4319836.743, 107
Trd, 4319836.943, 80
Trd, 4319838.043, 126
Trd, 4319838.343, 125
Trd, 4319839.693, 140
Trd, 4319840.493, 115
Trd, 4319841.343, 113
Trd, 4319841.793, 109
Trd, 4319842.343, 107
Trd, 4319842.643, 93
Trd, 4319843.543, 95
Trd, 4319843.993, 72
Trd, 4319845.343, 138
Trd, 4319845.443, 65
Trd, 4319846.693, 140
Trd, 4319847.193, 103
Trd, 4319847.293, 98
Trd, 4319848.093, 66
Trd, 4319848.793, 85
Trd, 4319849.493, 119
Trd, 4319850.243, 68
Trd, 4319852.543, 120
Trd, 4319853.643, 140
Trd, 4319853.843, 131
Trd, 4319854.693, 121
Trd, 4319855.243, 138
Trd, 4319855.343, 118
Trd, 4319856.893, 140
Trd, 4319856.993, 113
Trd, 4319857.943, 64
Trd, 4319859.493, 129
Trd, 4319859.943, 92
Trd, 4319860.193, 89
Trd, 4319860.543, 111
Trd, 4319861.493, 63
Trd, 4319862.243, 81
Trd, 4319862.743, 139
Trd, 4319863.093, 138
Trd, 4319863.593, 136
Trd, 4319863.893, 64
Trd, 4319864.193, 85
Trd, 4319864.793, 62
Trd, 4319865.843, 61
Trd, 4319866.843, 134
Trd, 4319867.643, 114
Trd, 4319868.043, 123
Trd, 4319868.543, 127
Trd, 4319868.793, 126
Trd, 4319869.243, 116
Trd, 4319869.543, 108
Trd, 4319870.443, 103
Trd, 4319871.093, 104
Trd, 4319871.593, 67
Trd, 4319873.993, 126
Trd, 4319875.143, 140
Trd, 4319875.393, 140
Trd, 4319875.493, 133
Trd, 4319875.693, 111
Trd, 4319876.393, 64
Trd, 4319877.093, 62
Trd, 4319878.493, 128
Trd, 4319879.093, 102
Trd, 4319879.243, 60
Trd, 4319879.943, 88
Trd, 4319880.843, 140
Trd, 4319880.893, 73
Trd, 4319882.193, 129
Trd, 4319882.743, 125
Trd, 4319883.043, 124
Trd, 4319883.293, 130
Trd, 4319883.893, 89
Trd, 4319884.193, 88
Trd, 4319884.643, 135
Trd, 4319885.093, 79
Trd, 4319887.143, 91
Trd, 4319887.593, 118
Trd, 4319888.193, 121
Trd, 4319888.443, 114
Trd, 4319888.893, 125
Trd, 4319889.393, 83
Trd, 4319889.743, 122
Trd, 4319891.593, 134
Trd, 4319892.143, 78
Trd, 4319893.043, 104
Trd, 4319893.493, 103
Trd, 4319893.843, 104
Trd, 4319895.593, 124
Trd, 4319895.943, 116
Trd, 4319897.643, 102
Trd, 4319897.843, 109
Trd, 4319898.093, 111
Trd, 4319898.893, 121
Trd, 4319899.643, 65
Trd, 4319899.743, 63
Trd, 4319900.393, 136
Trd, 4319900.543, 138
Trd, 4319901.443, 110
Trd, 4319902.143, 95
Trd, 4319902.343, 92
Trd, 4319902.743, 91
Trd, 4319903.243, 139
Trd, 4319904.243, 60
Trd, 4319904.593, 65
Trd, 4319904.993, 108
Trd, 4319906.093, 136
Trd, 4319906.243, 130
Trd, 4319906.643, 69
Trd, 4319906.993, 94
Trd, 4319908.093, 137
Trd, 4319909.143, 62
Trd, 4319909.643, 114
Trd, 4319910.743, 67
Trd, 4319912.093, 61
Trd, 4319912.893, 86
Trd, 4319913.543, 140
Trd, 4319913.943, 109
Trd, 4319915.343, 136
Trd, 4319915.793, 132
Trd, 4319916.043, 126
Trd, 4319916.743, 70
Trd, 4319916.893, 61
Trd, 4319919.393, 60
Trd, 4319920.793, 69
Trd, 4319920.943, 113
Trd, 4319921.343, 128
Trd, 4319922.493, 63
Trd, 4319922.643, 78
Trd, 4319924.193, 74
Trd, 4319924.243, 76
Trd, 4319924.293, 87
Trd, 4319925.893, 75
Trd, 4319926.193, 140
Trd, 4319926.593, 114
Trd, 4319928.143, 62
Trd, 4319928.293, 66
Trd, 4319929.293, 63
Trd, 4319929.593, 69
Trd, 4319930.343, 111
Trd, 4319931.593, 87
Trd, 4319931.743, 75
Trd, 4319932.593, 85
Trd, 4319934.343, 137
Trd, 4319934.443, 135
Trd, 4319934.643, 60
Trd, 4319934.943, 139
Trd, 4319935.943, 134
Trd, 4319935.993, 128
Trd, 4319936.343, 67
Trd, 4319936.643, 130
Trd, 4319938.093, 65
Trd, 4319938.593, 60
Trd, 4319938.693, 61
Trd, 4319939.743, 63
Trd, 4319940.243, 61
Trd, 4319940.943, 137
Trd, 4319941.893, 94
Trd, 4319943.693, 140
Trd, 4319943.993, 132
Trd, 4319945.243, 120
Trd, 4319945.493, 110
Trd, 4319946.343, 121
Trd, 4319947.243, 125
Trd, 4319947.893, 108
Trd, 4319948.243, 64
Trd, 4319948.343, 68
Trd, 4319949.393, 138
Trd, 4319949.493, 132
Trd, 4319951.493, 132
Trd, 4319951.693, 90
Trd, 4319952.193, 132
Trd, 4319952.643, 95
Trd, 4319953.043, 108
Trd, 4319953.443, 99
Trd, 4319954.043, 105
Trd, 4319954.293, 62
Trd, 4319955.793, 60
Trd, 4319957.143, 87
Trd, 4319958.343, 92
Trd, 4319958.693, 60
Trd, 4319958.893, 121
Trd, 4319959.293, 61
Trd, 4319960.593, 61
Trd, 4319961.043, 98
Trd, 4319961.743, 138
Trd, 4319961.893, 72
Trd, 4319962.643, 116
Trd, 4319963.093, 112
Trd, 4319963.693, 108
Trd, 4319965.893, 95
Trd, 4319966.943, 93
Trd, 4319967.443, 116
Trd, 4319968.093, 121
Trd, 4319969.293, 128
Trd, 4319969.993, 136
Trd, 4319970.043, 135
Trd, 4319970.843, 128
Trd, 4319971.843, 103
Trd, 4319972.143, 102
Trd, 4319972.943, 101
Trd, 4319974.043, 99
Trd, 4319974.643, 136
Trd, 4319974.793, 130
Trd, 4319975.893, 122
Trd, 4319976.143, 140
Trd, 4319977.293, 114
Trd, 4319977.843, 106
Trd, 4319978.593, 66
Trd, 4319979.393, 66
Trd, 4319979.493, 63
Trd, 4319979.793, 64
Trd, 4319980.093, 61
Trd, 4319980.293, 87
Trd, 4319982.193, 60
Trd, 4319983.093, 62
Trd, 4319983.793, 60
Trd, 4319984.443, 139
Trd, 4319985.043, 67
Trd, 4319986.493, 62
Trd, 4319986.793, 71
Trd, 4319987.293, 66
Trd, 4319989.343, 117
Trd, 4319989.693, 85
Trd, 4319990.443, 86
Trd, 4319991.143, 92
Trd, 4319991.443, 81
Trd, 4319993.243, 87
Trd, 4319993.343, 85
Trd, 4319995.043, 111
Trd, 4319995.093, 94
Trd, 4319995.643, 87
Trd, 4319996.093, 114
Trd, 4319996.643, 140
Trd, 4319997.043, 117
Trd, 4319997.193, 102
Trd, 4319997.443, 74
Trd, 4319997.843, 62
Trd, 4319998.343, 68
Trd, 4319998.743, 82
Trd, 4319999.943, 139
