Trd, 4318122.893, 60
Trd, 4318123.143, 66
Trd, 4318123.893, 62
Trd, 4318124.143, 62
Trd, 4318125.043, 63
Trd, 4318125.393, 65
Trd, 4318126.693, 64
Trd, 4318127.443, 72
Trd, 4318127.993, 74
Trd, 4318128.343, 140
Trd, 4318129.343, 89
Trd, 4318129.493, 89
Trd, 4318129.693, 85
Trd, 4318129.743, 84
Trd, 4318130.393, 82
Trd, 4318132.843, 140
Trd, 4318133.093, 139
Trd, 4318134.093, 140
Trd, 4318134.993, 140
Trd, 4318135.093, 140
Trd, 4318135.493, 139
Trd, 4318136.493, 139
Trd, 4318136.593, 138
Trd, 4318138.543, 90
Trd, 4318139.043, 89
Trd, 4318139.293, 131
Trd, 4318139.793, 131
Trd, 4318141.443, 111
Trd, 4318141.743, 111
Trd, 4318141.893, 88
Trd, 4318142.693, 61
Trd, 4318143.543, 62
Trd, 4318144.143, 60
Trd, 4318144.893, 60
Trd, 4318145.093, 60
Trd, 4318145.193, 62
Trd, 4318145.243, 63
Trd, 4318146.643, 139
Trd, 4318147.343, 71
Trd, 4318148.193, 71
Trd, 4318148.443, 70
Trd, 4318149.193, 61
Trd, 4318150.543, 139
Trd, 4318150.593, 138
Trd, 4318152.093, 140
Trd, 4318154.243, 140
Trd, 4318154.943, 140
Trd, 4318155.443, 140
Trd, 4318155.743, 140
Trd, 4318156.143, 140
Trd, 4318156.743, 140
Trd, 4318157.543, 123
Trd, 4318158.293, 126
Trd, 4318159.093, 139
Trd, 4318159.393, 138
Trd, 4318160.343, 126
Trd, 4318160.493, 135
Trd, 4318162.543, 140
Trd, 4318162.643, 140
Trd, 4318164.093, 140
Trd, 4318164.443, 140
Trd, 4318164.643, 140
Trd, 4318165.593, 140
Trd, 4318166.043, 139
Trd, 4318166.943, 140
Trd, 4318167.293, 140
Trd, 4318168.793, 140
Trd, 4318168.893, 140
Trd, 4318170.893, 140
Trd, 4318171.893, 140
Trd, 4318172.093, 140
Trd, 4318172.843, 139
Trd, 4318172.893, 140
Trd, 4318173.093, 140
Trd, 4318173.493, 140
Trd, 4318173.843, 139
Trd, 4318175.593, 140
Trd, 4318176.443, 140
Trd, 4318177.243, 140
Trd, 4318177.443, 139
Trd, 4318178.893, 140
Trd, 4318178.943, 139
Trd, 4318180.093, 138
Trd, 4318180.243, 136
Trd, 4318180.543, 139
Trd, 4318180.593, 117
Trd, 4318183.793, 140
Trd, 4318183.843, 140
Trd, 4318184.543, 140
Trd, 4318184.643, 139
Trd, 4318186.593, 137
Trd, 4318186.893, 140
Trd, 4318187.993, 140
Trd, 4318188.943, 140
Trd, 4318189.293, 140
Trd, 4318190.293, 140
Trd, 4318190.593, 139
Trd, 4318191.143, 140
Trd, 4318193.293, 140
Trd, 4318193.443, 140
Trd, 4318194.143, 140
Trd, 4318194.393, 140
Trd, 4318195.193, 140
Trd, 4318195.543, 140
Trd, 4318195.743, 139
Trd, 4318195.843, 96
Trd, 4318197.143, 138
Trd, 4318197.543, 99
Trd, 4318197.893, 98
Trd, 4318198.643, 140
Trd, 4318200.293, 61
Trd, 4318200.443, 62
Trd, 4318202.393, 60
Trd, 4318202.543, 60
Trd, 4318202.693, 61
Trd, 4318204.693, 60
Trd, 4318205.843, 60
Trd, 4318205.993, 61
Trd, 4318207.443, 60
Trd, 4318207.843, 60
Trd, 4318208.093, 60
Trd, 4318208.293, 60
Trd, 4318208.343, 60
Trd, 4318208.743, 62
Trd, 4318209.743, 73
Trd, 4318209.843, 82
Trd, 4318210.643, 139
Trd, 4318210.893, 140
Trd, 4318211.543, 140
Trd, 4318211.743, 138
Trd, 4318212.443, 136
Trd, 4318213.193, 66
Trd, 4318213.693, 138
Trd, 4318216.093, 75
Trd, 4318217.543, 60
Trd, 4318217.643, 60
Trd, 4318219.343, 60
Trd, 4318219.793, 60
Trd, 4318220.843, 60
Trd, 4318220.993, 60
Trd, 4318221.343, 60
Trd, 4318221.393, 71
Trd, 4318222.893, 62
Trd, 4318223.193, 64
Trd, 4318223.343, 64
Trd, 4318226.193, 60
Trd, 4318226.443, 60
Trd, 4318226.943, 62
Trd, 4318228.093, 61
Trd, 4318228.943, 62
Trd, 4318229.443, 60
Trd, 4318229.493, 63
Trd, 4318231.493, 62
Trd, 4318232.743, 60
Trd, 4318233.043, 60
Trd, 4318233.343, 60
Trd, 4318234.743, 60
Trd, 4318235.943, 60
Trd, 4318236.393, 60
Trd, 4318236.543, 61
Trd, 4318236.943, 62
Trd, 4318238.443, 140
Trd, 4318238.493, 140
Trd, 4318239.543, 140
Trd, 4318239.943, 140
Trd, 4318240.043, 140
Trd, 4318244.843, 140
Trd, 4318244.993, 140
Trd, 4318245.043, 140
Trd, 4318245.443, 140
Trd, 4318246.043, 140
Trd, 4318246.593, 140
Trd, 4318246.793, 140
Trd, 4318247.543, 136
Trd, 4318248.643, 140
Trd, 4318248.893, 137
Trd, 4318248.943, 136
Trd, 4318250.693, 134
Trd, 4318250.793, 136
Trd, 4318251.093, 112
Trd, 4318251.693, 133
Trd, 4318252.593, 124
Trd, 4318253.043, 140
Trd, 4318253.343, 77
Trd, 4318254.643, 140
Trd, 4318256.293, 140
Trd, 4318256.893, 140
Trd, 4318257.343, 140
Trd, 4318258.443, 140
Trd, 4318258.843, 140
Trd, 4318259.643, 140
Trd, 4318260.593, 140
Trd, 4318260.893, 140
Trd, 4318262.243, 140
Trd, 4318263.443, 140
Trd, 4318263.643, 140
Trd, 4318263.843, 140
Trd, 4318265.143, 140
Trd, 4318266.493, 140
Trd, 4318266.743, 140
Trd, 4318267.143, 140
Trd, 4318267.443, 140
Trd, 4318268.843, 140
Trd, 4318270.893, 140
Trd, 4318271.143, 140
Trd, 4318271.243, 140
Trd, 4318272.643, 140
Trd, 4318272.893, 139
Trd, 4318273.193, 120
Trd, 4318274.543, 65
Trd, 4318275.243, 62
Trd, 4318275.793, 64
Trd, 4318275.993, 64
Trd, 4318276.043, 63
Trd, 4318276.793, 61
Trd, 4318276.893, 66
Trd, 4318277.193, 61
Trd, 4318278.143, 139
Trd, 4318280.093, 61
Trd, 4318280.343, 63
Trd, 4318280.793, 80
Trd, 4318281.693, 112
Trd, 4318281.743, 109
Trd, 4318283.243, 140
Trd, 4318283.443, 139
Trd, 4318284.343, 68
Trd, 4318284.693, 140
Trd, 4318285.843, 139
Trd, 4318286.143, 140
Trd, 4318287.793, 140
Trd, 4318288.243, 140
Trd, 4318288.593, 140
Trd, 4318289.193, 140
Trd, 4318290.443, 140
Trd, 4318291.193, 140
Trd, 4318292.193, 140
Trd, 4318292.543, 140
Trd, 4318293.843, 74
Trd, 4318294.043, 70
Trd, 4318295.543, 140
Trd, 4318296.843, 140
Trd, 4318297.143, 140
Trd, 4318297.243, 140
Trd, 4318297.393, 140
Trd, 4318299.093, 140
Trd, 4318299.693, 140
Trd, 4318300.393, 140
Trd, 4318300.443, 140
Trd, 4318301.043, 140
Trd, 4318302.393, 140
Trd, 4318303.193, 140
Trd, 4318304.143, 140
Trd, 4318304.543, 140
Trd, 4318304.943, 140
Trd, 4318305.193, 140
Trd, 4318305.693, 140
Trd, 4318306.743, 139
Trd, 4318306.893, 138
Trd, 4318309.143, 140
Trd, 4318310.443, 140
Trd, 4318310.993, 140
Trd, 4318311.193, 140
Trd, 4318311.543, 140
Trd, 4318313.193, 140
Trd, 4318313.393, 140
Trd, 4318314.743, 140
Trd, 4318314.943, 140
Trd, 4318315.543, 140
Trd, 4318316.593, 140
Trd, 4318316.793, 139
Trd, 4318318.093, 140
Trd, 4318318.393, 140
Trd, 4318319.393, 103
Trd, 4318320.093, 115
Trd, 4318320.193, 105
Trd, 4318320.693, 116
Trd, 4318321.593, 69
Trd, 4318322.443, 61
Trd, 4318324.043, 60
Trd, 4318324.143, 61
Trd, 4318325.393, 61
Trd, 4318326.443, 62
Trd, 4318327.443, 62
Trd, 4318327.743, 60
Trd, 4318328.293, 60
Trd, 4318328.343, 61
Trd, 4318330.593, 60
Trd, 4318330.793, 60
Trd, 4318331.593, 60
Trd, 4318331.643, 60
Trd, 4318332.393, 61
Trd, 4318332.693, 65
Trd, 4318332.943, 63
Trd, 4318333.443, 62
Trd, 4318333.793, 72
Trd, 4318335.343, 61
Trd, 4318336.743, 61
Trd, 4318337.993, 60
Trd, 4318338.143, 61
Trd, 4318338.393, 63
Trd, 4318338.693, 64
Trd, 4318339.043, 63
Trd, 4318339.643, 61
Trd, 4318341.143, 63
Trd, 4318341.343, 64
Trd, 4318341.793, 62
Trd, 4318343.693, 139
Trd, 4318344.093, 71
Trd, 4318344.743, 66
Trd, 4318346.243, 140
Trd, 4318346.443, 138
Trd, 4318346.543, 66
Trd, 4318347.593, 95
Trd, 4318348.043, 85
Trd, 4318348.343, 140
Trd, 4318349.343, 140
Trd, 4318349.843, 139
Trd, 4318350.943, 139
Trd, 4318351.993, 140
Trd, 4318352.143, 140
Trd, 4318352.443, 140
Trd, 4318354.143, 140
Trd, 4318356.293, 140
Trd, 4318357.043, 140
Trd, 4318357.643, 140
Trd, 4318357.943, 140
Trd, 4318358.643, 140
Trd, 4318358.693, 140
Trd, 4318360.343, 140
Trd, 4318361.393, 140
Trd, 4318361.993, 140
Trd, 4318362.943, 140
Trd, 4318363.993, 140
Trd, 4318364.743, 140
Trd, 4318365.243, 140
Trd, 4318365.393, 140
Trd, 4318366.193, 140
Trd, 4318366.293, 140
Trd, 4318366.693, 139
Trd, 4318366.943, 135
Trd, 4318368.043, 140
Trd, 4318370.293, 140
Trd, 4318370.543, 140
Trd, 4318371.643, 140
Trd, 4318373.543, 140
Trd, 4318373.593, 140
Trd, 4318373.993, 140
Trd, 4318375.643, 140
Trd, 4318376.243, 139
Trd, 4318376.543, 139
Trd, 4318377.643, 138
Trd, 4318377.893, 118
Trd, 4318378.293, 117
Trd, 4318379.293, 140
Trd, 4318380.643, 140
Trd, 4318381.093, 140
Trd, 4318381.193, 140
Trd, 4318381.443, 137
Trd, 4318381.593, 72
Trd, 4318383.993, 140
Trd, 4318384.293, 140
Trd, 4318384.893, 140
Trd, 4318386.493, 140
Trd, 4318386.543, 140
Trd, 4318387.043, 139
Trd, 4318387.393, 84
Trd, 4318387.543, 139
Trd, 4318387.943, 72
Trd, 4318390.093, 139
Trd, 4318390.743, 71
Trd, 4318391.793, 140
Trd, 4318392.293, 60
Trd, 4318393.393, 76
Trd, 4318393.943, 103
Trd, 4318394.243, 140
Trd, 4318394.293, 139
Trd, 4318395.243, 134
Trd, 4318396.343, 99
Trd, 4318397.993, 97
Trd, 4318398.793, 140
Trd, 4318399.993, 140
Trd, 4318400.793, 140
Trd, 4318401.043, 140
Trd, 4318401.343, 140
Trd, 4318401.943, 140
Trd, 4318403.893, 140
Trd, 4318404.293, 140
Trd, 4318404.593, 140
Trd, 4318404.893, 139
Trd, 4318405.243, 131
Trd, 4318405.443, 130
Trd, 4318405.743, 140
Trd, 4318406.343, 139
Trd, 4318406.643, 77
Trd, 4318409.643, 140
Trd, 4318409.793, 140
Trd, 4318411.043, 140
Trd, 4318412.443, 140
Trd, 4318412.543, 140
Trd, 4318413.643, 139
Trd, 4318414.143, 140
Trd, 4318415.143, 140
Trd, 4318417.993, 140
Trd, 4318418.193, 140
Trd, 4318418.793, 140
Trd, 4318418.943, 139
Trd, 4318419.643, 139
Trd, 4318420.443, 140
Trd, 4318420.793, 140
Trd, 4318420.893, 135
Trd, 4318422.043, 99
Trd, 4318423.843, 140
Trd, 4318423.943, 140
Trd, 4318424.693, 140
Trd, 4318424.843, 140
Trd, 4318425.543, 140
Trd, 4318425.593, 140
Trd, 4318426.343, 136
Trd, 4318426.743, 139
Trd, 4318426.943, 83
Trd, 4318427.993, 60
Trd, 4318429.793, 60
Trd, 4318430.543, 60
Trd, 4318430.843, 60
Trd, 4318433.043, 60
Trd, 4318433.693, 60
Trd, 4318433.843, 61
Trd, 4318433.893, 64
Trd, 4318434.393, 60
Trd, 4318434.743, 61
Trd, 4318435.093, 69
Trd, 4318435.993, 61
Trd, 4318437.493, 60
Trd, 4318437.693, 60
Trd, 4318438.393, 60
Trd, 4318438.593, 64
Trd, 4318440.543, 60
Trd, 4318440.943, 60
Trd, 4318441.093, 62
Trd, 4318441.693, 62
Trd, 4318443.343, 60
Trd, 4318444.193, 60
Trd, 4318444.293, 63
Trd, 4318444.593, 84
Trd, 4318446.993, 60
Trd, 4318447.793, 60
Trd, 4318448.643, 60
Trd, 4318449.093, 60
Trd, 4318449.193, 62
Trd, 4318450.143, 60
Trd, 4318450.343, 60
Trd, 4318450.943, 72
Trd, 4318451.343, 66
Trd, 4318452.293, 64
Trd, 4318453.643, 60
Trd, 4318453.843, 60
Trd, 4318456.043, 60
Trd, 4318457.393, 60
Trd, 4318457.993, 60
Trd, 4318460.593, 60
Trd, 4318461.943, 60
Trd, 4318461.993, 60
Trd, 4318462.893, 60
Trd, 4318463.193, 61
Trd, 4318463.293, 61
Trd, 4318463.393, 62
Trd, 4318463.543, 137
Trd, 4318464.693, 80
Trd, 4318465.343, 66
Trd, 4318466.493, 61
Trd, 4318467.443, 140
Trd, 4318468.793, 139
Trd, 4318469.493, 140
Trd, 4318470.443, 140
Trd, 4318470.493, 139
Trd, 4318470.843, 119
Trd, 4318471.493, 140
Trd, 4318471.693, 139
Trd, 4318473.143, 139
Trd, 4318473.443, 139
Trd, 4318473.793, 138
Trd, 4318474.443, 99
Trd, 4318475.193, 139
Trd, 4318475.293, 98
Trd, 4318476.093, 138
Trd, 4318476.643, 112
Trd, 4318477.193, 60
Trd, 4318478.793, 60
Trd, 4318478.943, 60
Trd, 4318480.143, 60
Trd, 4318480.293, 60
Trd, 4318481.043, 62
Trd, 4318481.543, 61
Trd, 4318481.943, 60
Trd, 4318482.493, 61
Trd, 4318482.943, 61
Trd, 4318483.193, 62
Trd, 4318484.343, 65
Trd, 4318484.843, 61
Trd, 4318486.343, 61
Trd, 4318486.743, 60
Trd, 4318486.943, 62
Trd, 4318488.393, 60
Trd, 4318488.693, 60
Trd, 4318489.043, 60
Trd, 4318489.643, 61
Trd, 4318490.293, 61
Trd, 4318491.143, 61
Trd, 4318492.693, 60
Trd, 4318492.793, 62
Trd, 4318494.543, 60
Trd, 4318494.993, 60
Trd, 4318495.243, 62
Trd, 4318495.743, 64
Trd, 4318495.793, 62
Trd, 4318496.143, 139
Trd, 4318496.693, 114
Trd, 4318499.493, 140
Trd, 4318499.593, 140
Trd, 4318500.593, 140
Trd, 4318501.343, 140
Trd, 4318502.543, 140
Trd, 4318502.693, 140
Trd, 4318502.793, 138
Trd, 4318504.143, 140
Trd, 4318505.593, 140
Trd, 4318506.043, 140
Trd, 4318506.143, 136
Trd, 4318506.943, 139
Trd, 4318507.043, 104
Trd, 4318507.243, 140
Trd, 4318508.243, 139
Trd, 4318508.893, 60
Trd, 4318511.493, 60
Trd, 4318511.993, 60
Trd, 4318512.293, 60
Trd, 4318513.343, 60
Trd, 4318513.543, 60
Trd, 4318514.293, 60
Trd, 4318514.393, 60
Trd, 4318514.543, 60
Trd, 4318515.293, 60
Trd, 4318515.693, 60
Trd, 4318516.143, 61
Trd, 4318516.593, 62
Trd, 4318516.643, 61
Trd, 4318517.793, 65
Trd, 4318518.243, 65
Trd, 4318520.493, 60
Trd, 4318521.743, 60
Trd, 4318522.143, 60
Trd, 4318522.493, 60
Trd, 4318522.693, 61
Trd, 4318522.793, 67
Trd, 4318523.343, 63
Trd, 4318524.193, 140
Trd, 4318525.043, 69
Trd, 4318525.143, 66
Trd, 4318525.343, 64
Trd, 4318525.643, 60
Trd, 4318525.993, 139
Trd, 4318528.893, 61
Trd, 4318530.593, 60
Trd, 4318530.693, 60
Trd, 4318531.293, 60
Trd, 4318531.693, 61
Trd, 4318532.643, 60
Trd, 4318533.393, 61
Trd, 4318533.493, 61
Trd, 4318533.643, 60
Trd, 4318533.693, 62
Trd, 4318535.093, 64
Trd, 4318536.193, 60
Trd, 4318536.443, 60
Trd, 4318536.743, 61
Trd, 4318537.693, 62
Trd, 4318540.293, 140
Trd, 4318540.443, 140
Trd, 4318541.093, 140
Trd, 4318541.793, 140
Trd, 4318542.293, 140
Trd, 4318542.343, 140
Trd, 4318543.293, 139
Trd, 4318543.693, 136
Trd, 4318544.193, 91
Trd, 4318544.443, 126
Trd, 4318546.493, 140
Trd, 4318546.793, 140
Trd, 4318547.993, 140
Trd, 4318548.393, 140
Trd, 4318549.293, 140
Trd, 4318549.543, 140
Trd, 4318550.193, 138
Trd, 4318550.543, 139
Trd, 4318550.643, 117
Trd, 4318550.743, 116
Trd, 4318553.843, 60
Trd, 4318554.093, 60
Trd, 4318554.243, 61
Trd, 4318556.343, 60
Trd, 4318556.393, 60
Trd, 4318557.143, 60
Trd, 4318558.693, 60
Trd, 4318559.493, 60
Trd, 4318560.343, 60
Trd, 4318560.543, 61
Trd, 4318562.193, 60
Trd, 4318562.293, 61
Trd, 4318562.893, 60
Trd, 4318562.943, 62
Trd, 4318563.093, 67
Trd, 4318563.543, 61
Trd, 4318564.643, 68
Trd, 4318565.343, 70
Trd, 4318565.793, 71
Trd, 4318565.893, 61
Trd, 4318567.893, 60
Trd, 4318567.943, 60
Trd, 4318569.343, 60
Trd, 4318569.393, 61
Trd, 4318569.793, 60
Trd, 4318569.993, 60
Trd, 4318571.493, 60
Trd, 4318571.593, 60
Trd, 4318571.943, 60
Trd, 4318572.193, 61
Trd, 4318572.693, 63
Trd, 4318573.393, 60
Trd, 4318574.343, 61
Trd, 4318576.793, 61
Trd, 4318576.893, 63
Trd, 4318577.843, 60
Trd, 4318578.743, 60
Trd, 4318579.893, 60
Trd, 4318579.993, 60
Trd, 4318580.643, 66
Trd, 4318580.943, 65
Trd, 4318581.443, 64
Trd, 4318582.043, 138
Trd, 4318582.943, 128
Trd, 4318584.543, 130
Trd, 4318585.443, 112
Trd, 4318586.043, 74
Trd, 4318586.993, 136
Trd, 4318587.393, 140
Trd, 4318588.193, 140
Trd, 4318588.293, 108
Trd, 4318588.893, 109
Trd, 4318590.093, 140
Trd, 4318591.293, 140
Trd, 4318592.243, 140
Trd, 4318592.643, 140
Trd, 4318593.143, 139
Trd, 4318593.293, 83
Trd, 4318593.693, 140
Trd, 4318594.943, 140
Trd, 4318595.043, 140
Trd, 4318595.093, 140
Trd, 4318596.293, 138
Trd, 4318596.393, 65
Trd, 4318597.943, 60
Trd, 4318598.243, 60
Trd, 4318598.393, 62
Trd, 4318599.343, 62
Trd, 4318599.393, 63
Trd, 4318601.043, 60
Trd, 4318602.493, 60
Trd, 4318604.343, 60
Trd, 4318604.543, 60
Trd, 4318604.793, 60
Trd, 4318604.843, 62
Trd, 4318605.243, 62
Trd, 4318605.993, 61
Trd, 4318606.643, 62
Trd, 4318606.993, 61
Trd, 4318607.543, 63
Trd, 4318607.943, 63
Trd, 4318608.693, 108
Trd, 4318609.393, 61
Trd, 4318610.993, 60
Trd, 4318611.293, 60
Trd, 4318612.643, 60
Trd, 4318612.693, 60
Trd, 4318614.043, 60
Trd, 4318615.643, 60
Trd, 4318615.693, 60
Trd, 4318615.943, 60
Trd, 4318616.293, 60
Trd, 4318616.693, 60
Trd, 4318617.093, 60
Trd, 4318617.593, 60
Trd, 4318618.193, 61
Trd, 4318619.243, 61
Trd, 4318619.743, 62
Trd, 4318619.993, 63
Trd, 4318620.243, 65
Trd, 4318622.343, 60
Trd, 4318623.243, 61
Trd, 4318623.393, 62
Trd, 4318623.743, 66
Trd, 4318624.143, 62
Trd, 4318624.193, 68
Trd, 4318625.093, 140
Trd, 4318625.443, 81
Trd, 4318626.293, 97
Trd, 4318626.643, 83
Trd, 4318627.643, 85
Trd, 4318628.143, 140
Trd, 4318628.243, 140
Trd, 4318630.293, 140
Trd, 4318630.393, 140
Trd, 4318631.643, 140
Trd, 4318632.293, 140
Trd, 4318633.543, 140
Trd, 4318634.043, 140
Trd, 4318635.193, 140
Trd, 4318635.443, 140
Trd, 4318637.543, 140
Trd, 4318637.593, 140
Trd, 4318637.993, 140
Trd, 4318638.643, 139
Trd, 4318639.293, 140
Trd, 4318639.443, 139
Trd, 4318641.643, 140
Trd, 4318642.793, 140
Trd, 4318642.993, 140
Trd, 4318645.843, 140
Trd, 4318646.393, 140
Trd, 4318646.993, 140
Trd, 4318647.293, 140
Trd, 4318647.493, 140
Trd, 4318647.943, 139
Trd, 4318648.043, 140
Trd, 4318649.043, 140
Trd, 4318649.693, 140
Trd, 4318650.743, 139
Trd, 4318650.843, 138
Trd, 4318651.143, 139
Trd, 4318652.493, 140
Trd, 4318652.743, 117
Trd, 4318653.193, 140
Trd, 4318653.543, 140
Trd, 4318653.943, 61
Trd, 4318654.543, 140
Trd, 4318657.343, 140
Trd, 4318658.093, 140
Trd, 4318659.193, 140
Trd, 4318659.593, 140
Trd, 4318659.843, 140
Trd, 4318660.443, 140
Trd, 4318660.843, 140
Trd, 4318661.143, 140
Trd, 4318662.993, 140
Trd, 4318663.143, 139
Trd, 4318663.543, 83
Trd, 4318665.243, 140
Trd, 4318665.493, 140
Trd, 4318666.893, 140
Trd, 4318667.643, 140
Trd, 4318669.243, 140
Trd, 4318669.443, 140
Trd, 4318670.093, 140
Trd, 4318670.493, 140
Trd, 4318671.543, 140
Trd, 4318672.393, 140
Trd, 4318672.793, 140
Trd, 4318673.143, 140
Trd, 4318673.793, 136
Trd, 4318674.393, 140
Trd, 4318674.593, 140
Trd, 4318674.893, 140
Trd, 4318675.643, 123
Trd, 4318677.893, 128
Trd, 4318678.143, 129
Trd, 4318679.243, 140
Trd, 4318680.143, 140
Trd, 4318680.243, 139
Trd, 4318680.693, 139
Trd, 4318681.793, 140
Trd, 4318682.393, 137
Trd, 4318683.293, 110
Trd, 4318683.843, 109
Trd, 4318683.893, 70
Trd, 4318684.893, 140
Trd, 4318685.593, 140
Trd, 4318688.043, 140
Trd, 4318689.193, 140
Trd, 4318689.693, 140
Trd, 4318690.193, 140
Trd, 4318690.293, 140
Trd, 4318690.493, 140
Trd, 4318691.793, 140
Trd, 4318692.093, 140
Trd, 4318692.243, 138
Trd, 4318693.443, 139
Trd, 4318694.593, 140
Trd, 4318694.843, 140
Trd, 4318696.493, 140
Trd, 4318696.943, 140
Trd, 4318697.193, 139
Trd, 4318697.543, 139
Trd, 4318699.543, 140
Trd, 4318699.843, 140
Trd, 4318700.443, 140
Trd, 4318700.743, 140
Trd, 4318701.443, 139
Trd, 4318702.743, 139
Trd, 4318703.543, 140
Trd, 4318703.743, 140
Trd, 4318704.293, 140
Trd, 4318705.993, 140
Trd, 4318707.743, 140
Trd, 4318708.843, 140
Trd, 4318709.093, 140
Trd, 4318709.193, 138
Trd, 4318709.743, 140
Trd, 4318710.393, 140
Trd, 4318710.493, 139
Trd, 4318710.943, 134
Trd, 4318711.093, 136
Trd, 4318711.743, 115
Trd, 4318713.143, 60
Trd, 4318714.093, 61
Trd, 4318714.843, 60
Trd, 4318717.243, 60
Trd, 4318717.393, 60
Trd, 4318717.893, 60
Trd, 4318718.293, 60
Trd, 4318718.343, 61
Trd, 4318719.743, 60
Trd, 4318720.343, 62
Trd, 4318720.393, 64
Trd, 4318720.543, 63
Trd, 4318722.693, 60
Trd, 4318724.843, 60
Trd, 4318725.743, 60
Trd, 4318725.793, 61
Trd, 4318726.243, 61
Trd, 4318726.443, 60
Trd, 4318726.743, 62
Trd, 4318727.593, 62
Trd, 4318728.093, 64
Trd, 4318728.243, 62
Trd, 4318728.743, 63
Trd, 4318731.093, 140
Trd, 4318731.193, 140
Trd, 4318731.443, 140
Trd, 4318732.243, 86
Trd, 4318732.693, 118
Trd, 4318733.143, 72
Trd, 4318733.443, 136
Trd, 4318733.843, 138
Trd, 4318734.293, 73
Trd, 4318735.893, 140
Trd, 4318736.143, 139
Trd, 4318736.493, 104
Trd, 4318737.743, 140
Trd, 4318738.243, 140
Trd, 4318739.593, 61
Trd, 4318739.993, 64
Trd, 4318740.793, 60
Trd, 4318741.193, 69
Trd, 4318741.593, 63
Trd, 4318742.443, 60
Trd, 4318742.693, 60
Trd, 4318742.743, 61
Trd, 4318742.893, 65
Trd, 4318743.643, 140
Trd, 4318745.143, 66
Trd, 4318746.043, 60
Trd, 4318746.743, 60
Trd, 4318747.143, 64
Trd, 4318747.693, 62
Trd, 4318747.843, 60
Trd, 4318748.543, 62
Trd, 4318749.543, 60
Trd, 4318749.693, 60
Trd, 4318750.743, 61
Trd, 4318751.343, 64
Trd, 4318751.393, 65
Trd, 4318753.793, 60
Trd, 4318753.893, 61
Trd, 4318754.343, 61
Trd, 4318755.743, 60
Trd, 4318755.993, 60
Trd, 4318756.093, 60
Trd, 4318756.793, 60
Trd, 4318757.443, 60
Trd, 4318757.843, 60
Trd, 4318757.893, 64
Trd, 4318759.043, 137
Trd, 4318760.293, 68
Trd, 4318760.893, 140
Trd, 4318761.393, 67
Trd, 4318761.993, 110
Trd, 4318762.343, 109
Trd, 4318763.243, 63
Trd, 4318764.893, 140
Trd, 4318765.093, 140
Trd, 4318765.843, 140
Trd, 4318766.693, 140
Trd, 4318766.743, 140
Trd, 4318767.693, 140
Trd, 4318767.743, 139
Trd, 4318768.593, 94
Trd, 4318769.643, 140
Trd, 4318772.793, 140
Trd, 4318773.493, 139
Trd, 4318773.893, 139
Trd, 4318773.993, 138
Trd, 4318774.443, 137
Trd, 4318774.493, 111
Trd, 4318775.893, 62
Trd, 4318777.093, 61
Trd, 4318778.593, 71
Trd, 4318779.493, 60
Trd, 4318781.043, 60
Trd, 4318781.743, 61
Trd, 4318781.943, 66
Trd, 4318782.643, 62
Trd, 4318784.643, 60
Trd, 4318785.143, 65
Trd, 4318785.293, 73
Trd, 4318785.893, 64
Trd, 4318786.143, 83
Trd, 4318786.693, 102
Trd, 4318786.743, 101
Trd, 4318787.293, 63
Trd, 4318787.743, 139
Trd, 4318789.593, 60
Trd, 4318790.143, 60
Trd, 4318790.793, 60
Trd, 4318792.693, 60
Trd, 4318793.543, 68
Trd, 4318793.643, 69
Trd, 4318793.893, 60
Trd, 4318795.143, 61
Trd, 4318795.543, 60
Trd, 4318796.443, 60
Trd, 4318796.493, 60
Trd, 4318796.693, 60
Trd, 4318797.993, 60
Trd, 4318798.243, 73
Trd, 4318799.243, 62
Trd, 4318799.543, 61
Trd, 4318799.843, 61
Trd, 4318801.293, 140
Trd, 4318801.993, 140
Trd, 4318803.343, 140
Trd, 4318804.943, 140
Trd, 4318805.043, 140
Trd, 4318806.293, 140
Trd, 4318807.593, 140
Trd, 4318807.993, 140
Trd, 4318808.343, 140
Trd, 4318808.843, 140
Trd, 4318809.443, 140
Trd, 4318812.443, 140
Trd, 4318813.443, 140
Trd, 4318813.543, 140
Trd, 4318814.293, 140
Trd, 4318814.443, 140
Trd, 4318815.493, 140
Trd, 4318817.243, 140
Trd, 4318817.693, 140
Trd, 4318818.193, 140
Trd, 4318819.093, 140
Trd, 4318819.243, 140
Trd, 4318819.343, 140
Trd, 4318820.193, 137
Trd, 4318821.193, 75
Trd, 4318822.443, 63
Trd, 4318822.993, 64
Trd, 4318823.643, 67
Trd, 4318824.393, 71
Trd, 4318824.843, 63
Trd, 4318826.493, 61
Trd, 4318827.043, 61
Trd, 4318827.693, 61
Trd, 4318828.193, 60
Trd, 4318828.693, 140
Trd, 4318828.943, 139
Trd, 4318829.993, 62
Trd, 4318830.793, 140
Trd, 4318830.993, 140
Trd, 4318832.243, 66
Trd, 4318832.693, 68
Trd, 4318833.793, 60
Trd, 4318833.993, 60
Trd, 4318836.393, 60
Trd, 4318836.443, 60
Trd, 4318836.493, 60
Trd, 4318837.493, 61
Trd, 4318838.093, 63
Trd, 4318838.593, 60
Trd, 4318839.593, 60
Trd, 4318840.843, 60
Trd, 4318841.243, 60
Trd, 4318841.793, 60
Trd, 4318841.843, 61
Trd, 4318842.543, 60
Trd, 4318842.843, 61
Trd, 4318843.243, 61
Trd, 4318843.643, 60
Trd, 4318843.793, 61
Trd, 4318844.393, 61
Trd, 4318846.443, 60
Trd, 4318847.893, 60
Trd, 4318848.943, 60
Trd, 4318849.993, 60
Trd, 4318850.193, 61
Trd, 4318851.193, 63
Trd, 4318852.093, 60
Trd, 4318852.493, 60
Trd, 4318852.893, 61
Trd, 4318853.443, 62
Trd, 4318854.493, 61
Trd, 4318854.643, 61
Trd, 4318854.843, 61
Trd, 4318856.343, 60
Trd, 4318857.393, 60
Trd, 4318858.043, 60
Trd, 4318859.093, 60
Trd, 4318859.243, 61
Trd, 4318859.593, 61
Trd, 4318859.843, 61
Trd, 4318860.693, 66
Trd, 4318861.593, 60
Trd, 4318862.093, 61
Trd, 4318862.543, 60
Trd, 4318864.393, 60
Trd, 4318864.993, 60
Trd, 4318865.693, 61
Trd, 4318866.543, 60
Trd, 4318867.243, 61
Trd, 4318868.093, 60
Trd, 4318868.293, 60
Trd, 4318868.343, 60
Trd, 4318869.193, 60
Trd, 4318869.393, 64
Trd, 4318870.493, 70
Trd, 4318870.743, 65
Trd, 4318871.193, 137
Trd, 4318872.493, 72
Trd, 4318872.593, 80
Trd, 4318872.693, 71
Trd, 4318872.743, 69
Trd, 4318873.843, 138
Trd, 4318875.343, 62
Trd, 4318876.993, 140
Trd, 4318877.043, 70
Trd, 4318877.793, 65
Trd, 4318878.343, 138
Trd, 4318878.393, 83
Trd, 4318879.843, 140
Trd, 4318880.293, 140
Trd, 4318880.643, 139
Trd, 4318882.793, 140
Trd, 4318883.243, 140
Trd, 4318883.343, 140
Trd, 4318883.543, 140
Trd, 4318885.993, 140
Trd, 4318886.193, 140
Trd, 4318887.043, 140
Trd, 4318887.493, 140
Trd, 4318887.943, 139
Trd, 4318888.743, 139
Trd, 4318889.143, 140
Trd, 4318889.443, 140
Trd, 4318890.793, 140
Trd, 4318891.193, 140
Trd, 4318891.493, 140
Trd, 4318891.793, 140
Trd, 4318891.943, 137
Trd, 4318892.993, 138
Trd, 4318893.643, 120
Trd, 4318894.243, 139
Trd, 4318894.643, 120
Trd, 4318895.443, 140
Trd, 4318895.743, 140
Trd, 4318897.593, 140
Trd, 4318898.893, 140
Trd, 4318899.093, 140
Trd, 4318900.293, 140
Trd, 4318901.543, 140
Trd, 4318901.643, 140
Trd, 4318902.693, 140
Trd, 4318902.993, 139
Trd, 4318903.193, 108
Trd, 4318904.393, 77
Trd, 4318904.493, 102
Trd, 4318905.343, 77
Trd, 4318905.943, 97
Trd, 4318906.393, 75
Trd, 4318906.843, 104
Trd, 4318907.393, 78
Trd, 4318909.443, 140
Trd, 4318911.543, 140
Trd, 4318912.043, 140
Trd, 4318912.143, 140
Trd, 4318912.243, 140
Trd, 4318912.293, 75
Trd, 4318912.993, 140
Trd, 4318913.493, 140
Trd, 4318914.243, 140
Trd, 4318915.243, 62
Trd, 4318915.743, 60
Trd, 4318915.993, 61
Trd, 4318916.993, 139
Trd, 4318918.893, 111
Trd, 4318920.843, 60
Trd, 4318921.443, 60
Trd, 4318921.593, 61
Trd, 4318922.143, 63
Trd, 4318922.943, 62
Trd, 4318922.993, 61
Trd, 4318923.493, 62
Trd, 4318923.793, 65
Trd, 4318923.893, 60
Trd, 4318923.993, 71
Trd, 4318924.593, 72
Trd, 4318925.043, 65
Trd, 4318926.043, 63
Trd, 4318927.343, 61
Trd, 4318927.543, 63
Trd, 4318927.993, 69
Trd, 4318928.343, 65
Trd, 4318928.493, 71
Trd, 4318930.393, 60
Trd, 4318931.693, 61
Trd, 4318934.293, 60
Trd, 4318934.543, 60
Trd, 4318935.443, 61
Trd, 4318935.543, 61
Trd, 4318935.693, 60
Trd, 4318935.793, 60
Trd, 4318935.843, 63
Trd, 4318936.443, 87
Trd, 4318936.843, 136
Trd, 4318938.243, 63
Trd, 4318938.293, 61
Trd, 4318938.693, 63
Trd, 4318939.143, 64
Trd, 4318939.393, 63
Trd, 4318940.093, 83
Trd, 4318941.093, 64
Trd, 4318941.793, 65
Trd, 4318942.293, 64
Trd, 4318942.993, 78
Trd, 4318943.343, 68
Trd, 4318943.643, 68
Trd, 4318943.993, 126
Trd, 4318945.543, 69
Trd, 4318946.493, 140
Trd, 4318946.793, 140
Trd, 4318946.993, 119
Trd, 4318948.043, 93
Trd, 4318948.593, 77
Trd, 4318949.493, 135
Trd, 4318950.193, 133
Trd, 4318950.693, 63
Trd, 4318952.493, 60
Trd, 4318952.943, 60
Trd, 4318953.493, 65
Trd, 4318954.243, 61
Trd, 4318955.893, 63
Trd, 4318956.093, 66
Trd, 4318957.043, 66
Trd, 4318957.293, 140
Trd, 4318957.793, 68
Trd, 4318958.043, 68
Trd, 4318959.393, 138
Trd, 4318960.593, 138
Trd, 4318961.593, 139
Trd, 4318962.893, 87
Trd, 4318963.043, 87
Trd, 4318964.843, 140
Trd, 4318964.993, 140
Trd, 4318965.143, 139
Trd, 4318966.043, 139
Trd, 4318966.843, 139
Trd, 4318968.093, 140
Trd, 4318968.593, 140
Trd, 4318969.143, 140
Trd, 4318970.243, 140
Trd, 4318970.543, 140
Trd, 4318970.643, 140
Trd, 4318971.343, 140
Trd, 4318972.143, 138
Trd, 4318972.843, 138
Trd, 4318972.993, 137
Trd, 4318973.093, 140
Trd, 4318973.793, 140
Trd, 4318974.693, 137
Trd, 4318976.293, 140
Trd, 4318976.343, 131
Trd, 4318977.393, 71
Trd, 4318979.943, 140
Trd, 4318980.343, 140
Trd, 4318980.793, 140
Trd, 4318981.193, 140
Trd, 4318981.943, 140
Trd, 4318982.593, 140
Trd, 4318983.543, 140
Trd, 4318984.643, 140
Trd, 4318984.893, 140
Trd, 4318985.193, 139
Trd, 4318986.993, 140
Trd, 4318989.743, 140
Trd, 4318989.843, 140
Trd, 4318990.043, 140
Trd, 4318990.143, 140
Trd, 4318990.293, 139
Trd, 4318992.843, 140
Trd, 4318994.043, 140
Trd, 4318994.393, 140
Trd, 4318995.193, 140
Trd, 4318995.743, 140
Trd, 4318995.893, 140
Trd, 4318996.343, 140
Trd, 4318996.993, 134
Trd, 4318997.643, 88
Trd, 4318997.993, 136
Trd, 4318998.593, 126
Trd, 4318999.293, 126
Trd, 4318999.393, 88
Trd, 4318999.443, 138
Trd, 4318999.593, 83
Trd, 4319000.893, 140
Trd, 4319000.993, 138
Trd, 4319003.143, 140
Trd, 4319003.393, 140
Trd, 4319004.843, 140
Trd, 4319005.143, 140
Trd, 4319005.643, 140
Trd, 4319006.143, 140
Trd, 4319006.443, 140
Trd, 4319008.243, 140
Trd, 4319008.443, 140
Trd, 4319009.893, 140
Trd, 4319010.443, 140
Trd, 4319010.643, 140
Trd, 4319011.293, 136
Trd, 4319011.593, 72
Trd, 4319013.143, 140
Trd, 4319014.393, 138
Trd, 4319015.493, 140
Trd, 4319015.993, 140
Trd, 4319016.793, 140
Trd, 4319017.993, 140
Trd, 4319020.143, 140
Trd, 4319020.193, 140
Trd, 4319020.543, 140
Trd, 4319021.193, 140
Trd, 4319021.443, 140
Trd, 4319023.243, 140
Trd, 4319023.393, 140
Trd, 4319024.543, 140
Trd, 4319025.943, 140
Trd, 4319026.393, 140
Trd, 4319026.843, 140
Trd, 4319026.993, 140
Trd, 4319027.743, 140
Trd, 4319029.043, 140
Trd, 4319029.293, 140
Trd, 4319029.743, 139
Trd, 4319030.143, 140
Trd, 4319030.293, 140
Trd, 4319031.093, 100
Trd, 4319031.443, 140
Trd, 4319031.593, 87
Trd, 4319031.793, 79
Trd, 4319032.293, 139
Trd, 4319032.843, 140
Trd, 4319034.693, 100
Trd, 4319034.743, 99
Trd, 4319035.143, 140
Trd, 4319035.743, 78
Trd, 4319035.893, 77
Trd, 4319038.993, 140
Trd, 4319039.093, 140
Trd, 4319039.643, 140
Trd, 4319040.293, 140
Trd, 4319040.693, 140
Trd, 4319041.093, 140
Trd, 4319041.643, 139
Trd, 4319041.893, 139
Trd, 4319042.793, 116
Trd, 4319043.893, 140
Trd, 4319044.943, 140
Trd, 4319045.693, 140
Trd, 4319046.493, 140
Trd, 4319046.943, 139
Trd, 4319047.293, 139
Trd, 4319047.593, 130
Trd, 4319049.843, 140
Trd, 4319049.943, 140
Trd, 4319050.743, 140
Trd, 4319051.093, 140
Trd, 4319051.443, 140
Trd, 4319053.343, 140
Trd, 4319053.393, 140
Trd, 4319053.593, 116
Trd, 4319053.843, 139
Trd, 4319054.543, 60
Trd, 4319055.093, 140
Trd, 4319056.643, 60
Trd, 4319057.093, 133
Trd, 4319057.743, 139
Trd, 4319058.143, 140
Trd, 4319058.593, 140
Trd, 4319058.693, 139
Trd, 4319059.943, 140
Trd, 4319060.993, 140
Trd, 4319062.193, 140
Trd, 4319062.593, 140
Trd, 4319063.193, 130
Trd, 4319064.843, 140
Trd, 4319065.193, 140
Trd, 4319065.593, 140
Trd, 4319066.143, 140
Trd, 4319067.593, 140
Trd, 4319069.493, 140
Trd, 4319069.693, 140
Trd, 4319069.743, 87
Trd, 4319070.693, 76
Trd, 4319070.943, 64
Trd, 4319070.993, 136
Trd, 4319071.193, 140
Trd, 4319072.043, 140
Trd, 4319072.093, 140
Trd, 4319072.593, 139
Trd, 4319073.593, 140
Trd, 4319074.443, 140
Trd, 4319075.493, 140
Trd, 4319075.743, 140
Trd, 4319076.593, 140
Trd, 4319077.393, 140
Trd, 4319077.693, 139
Trd, 4319078.343, 139
Trd, 4319080.093, 139
Trd, 4319080.693, 140
Trd, 4319082.093, 140
Trd, 4319082.693, 140
Trd, 4319083.293, 114
Trd, 4319084.293, 67
Trd, 4319084.443, 68
Trd, 4319084.843, 67
Trd, 4319084.993, 61
Trd, 4319086.643, 140
Trd, 4319089.293, 140
Trd, 4319089.343, 140
Trd, 4319090.093, 140
Trd, 4319090.443, 140
Trd, 4319092.043, 140
Trd, 4319092.593, 140
Trd, 4319093.093, 140
Trd, 4319093.993, 140
Trd, 4319094.293, 140
Trd, 4319094.343, 140
Trd, 4319094.643, 138
Trd, 4319096.543, 139
Trd, 4319097.243, 140
Trd, 4319097.743, 140
Trd, 4319098.043, 115
Trd, 4319099.043, 138
Trd, 4319099.443, 87
Trd, 4319100.143, 140
Trd, 4319101.293, 87
Trd, 4319101.543, 85
Trd, 4319101.793, 82
Trd, 4319102.693, 102
Trd, 4319102.743, 103
Trd, 4319103.443, 117
Trd, 4319104.043, 86
Trd, 4319104.993, 140
Trd, 4319105.393, 139
Trd, 4319106.443, 85
Trd, 4319106.993, 140
Trd, 4319107.943, 140
Trd, 4319108.043, 140
Trd, 4319108.193, 140
Trd, 4319109.793, 140
Trd, 4319110.043, 140
Trd, 4319111.793, 140
Trd, 4319111.843, 138
Trd, 4319112.543, 137
Trd, 4319113.193, 137
Trd, 4319114.643, 140
Trd, 4319115.093, 140
Trd, 4319116.043, 140
Trd, 4319116.093, 138
Trd, 4319118.393, 140
Trd, 4319119.043, 140
Trd, 4319119.343, 139
Trd, 4319119.643, 137
Trd, 4319120.193, 61
Trd, 4319123.693, 140
Trd, 4319123.743, 140
Trd, 4319124.293, 140
Trd, 4319125.343, 140
Trd, 4319125.543, 140
Trd, 4319127.393, 140
Trd, 4319127.493, 140
Trd, 4319127.793, 138
Trd, 4319128.193, 139
Trd, 4319128.593, 137
Trd, 4319128.843, 140
Trd, 4319129.543, 140
Trd, 4319129.693, 140
Trd, 4319129.893, 140
Trd, 4319131.093, 131
Trd, 4319131.643, 118
Trd, 4319132.943, 130
Trd, 4319133.743, 129
Trd, 4319133.893, 125
Trd, 4319134.343, 124
Trd, 4319134.843, 126
Trd, 4319135.443, 80
Trd, 4319135.743, 78
Trd, 4319136.243, 71
Trd, 4319137.193, 125
Trd, 4319137.793, 138
Trd, 4319138.343, 91
Trd, 4319139.643, 140
Trd, 4319139.943, 68
Trd, 4319141.293, 64
Trd, 4319141.793, 60
Trd, 4319142.393, 60
Trd, 4319144.443, 60
Trd, 4319144.793, 63
Trd, 4319145.843, 60
Trd, 4319146.593, 60
Trd, 4319146.993, 60
Trd, 4319147.193, 60
Trd, 4319147.493, 60
Trd, 4319147.543, 60
Trd, 4319148.843, 63
Trd, 4319151.093, 60
Trd, 4319151.493, 61
Trd, 4319151.793, 65
Trd, 4319152.393, 70
Trd, 4319152.693, 60
Trd, 4319154.243, 60
Trd, 4319154.543, 61
Trd, 4319155.143, 60
Trd, 4319155.343, 61
Trd, 4319156.393, 60
Trd, 4319157.493, 60
Trd, 4319158.093, 60
Trd, 4319159.193, 60
Trd, 4319161.593, 60
Trd, 4319162.493, 60
Trd, 4319164.143, 60
Trd, 4319164.193, 60
Trd, 4319164.543, 60
Trd, 4319164.593, 60
Trd, 4319165.243, 60
Trd, 4319165.443, 60
Trd, 4319166.493, 60
Trd, 4319166.793, 61
Trd, 4319166.893, 63
Trd, 4319167.093, 61
Trd, 4319167.843, 61
Trd, 4319168.843, 61
Trd, 4319168.893, 62
Trd, 4319170.343, 60
Trd, 4319171.593, 60
Trd, 4319173.093, 60
Trd, 4319174.043, 60
Trd, 4319174.243, 60
Trd, 4319175.043, 60
Trd, 4319176.643, 60
Trd, 4319177.193, 60
Trd, 4319177.493, 60
Trd, 4319177.943, 61
Trd, 4319179.943, 60
Trd, 4319181.643, 61
Trd, 4319182.543, 60
Trd, 4319182.843, 61
Trd, 4319182.993, 61
Trd, 4319183.293, 64
Trd, 4319183.743, 63
Trd, 4319183.893, 62
Trd, 4319184.993, 60
Trd, 4319186.293, 60
Trd, 4319186.343, 62
Trd, 4319187.593, 61
Trd, 4319187.693, 62
Trd, 4319189.193, 60
Trd, 4319189.743, 60
Trd, 4319190.243, 60
Trd, 4319190.943, 64
Trd, 4319191.243, 62
Trd, 4319191.843, 137
Trd, 4319192.843, 140
Trd, 4319192.943, 140
Trd, 4319192.993, 140
Trd, 4319194.243, 103
Trd, 4319194.893, 140
Trd, 4319195.893, 140
Trd, 4319196.793, 140
Trd, 4319198.293, 140
Trd, 4319199.243, 140
Trd, 4319199.693, 139
Trd, 4319200.093, 140
Trd, 4319200.393, 138
Trd, 4319200.843, 90
Trd, 4319201.843, 140
Trd, 4319202.343, 140
Trd, 4319202.693, 137
Trd, 4319203.843, 140
Trd, 4319204.843, 140
Trd, 4319205.543, 140
Trd, 4319205.693, 140
Trd, 4319207.593, 140
Trd, 4319208.743, 140
Trd, 4319208.943, 140
Trd, 4319209.143, 139
Trd, 4319210.643, 140
Trd, 4319210.893, 140
Trd, 4319210.993, 139
Trd, 4319212.493, 91
Trd, 4319213.093, 140
Trd, 4319213.943, 140
Trd, 4319214.093, 140
Trd, 4319215.543, 140
Trd, 4319216.893, 140
Trd, 4319217.743, 140
Trd, 4319218.143, 140
Trd, 4319219.393, 140
Trd, 4319220.193, 140
Trd, 4319220.843, 140
Trd, 4319220.893, 140
Trd, 4319221.293, 140
Trd, 4319221.393, 138
Trd, 4319222.743, 60
Trd, 4319223.143, 61
Trd, 4319223.343, 65
Trd, 4319223.893, 60
Trd, 4319225.693, 60
Trd, 4319226.893, 60
Trd, 4319227.243, 60
Trd, 4319228.043, 60
Trd, 4319228.143, 60
Trd, 4319228.843, 70
Trd, 4319229.143, 62
Trd, 4319229.443, 66
Trd, 4319229.743, 73
Trd, 4319229.893, 63
Trd, 4319230.193, 62
Trd, 4319231.543, 61
Trd, 4319232.643, 66
Trd, 4319233.093, 60
Trd, 4319233.793, 61
Trd, 4319235.043, 60
Trd, 4319235.643, 60
Trd, 4319236.893, 60
Trd, 4319237.993, 60
Trd, 4319239.193, 60
Trd, 4319239.943, 60
Trd, 4319240.593, 60
Trd, 4319241.693, 60
Trd, 4319241.793, 60
Trd, 4319242.343, 60
Trd, 4319242.693, 60
Trd, 4319243.293, 61
Trd, 4319243.893, 62
Trd, 4319243.943, 61
Trd, 4319244.393, 62
Trd, 4319244.593, 61
Trd, 4319244.643, 60
Trd, 4319245.943, 61
Trd, 4319246.843, 62
Trd, 4319248.393, 134
Trd, 4319248.443, 140
Trd, 4319248.993, 68
Trd, 4319250.043, 68
Trd, 4319250.293, 140
Trd, 4319250.993, 140
Trd, 4319252.343, 140
Trd, 4319252.593, 140
Trd, 4319253.143, 139
Trd, 4319254.393, 140
Trd, 4319254.543, 140
Trd, 4319254.993, 110
Trd, 4319255.743, 109
Trd, 4319256.643, 140
Trd, 4319256.943, 114
Trd, 4319257.193, 126
Trd, 4319258.293, 114
Trd, 4319258.443, 138
Trd, 4319259.743, 140
Trd, 4319260.793, 140
Trd, 4319261.643, 140
Trd, 4319262.443, 140
Trd, 4319263.593, 140
Trd, 4319264.443, 140
Trd, 4319266.393, 140
Trd, 4319266.543, 140
Trd, 4319266.843, 140
Trd, 4319267.493, 140
Trd, 4319267.543, 140
Trd, 4319268.393, 140
Trd, 4319268.593, 140
Trd, 4319268.943, 140
Trd, 4319269.793, 140
Trd, 4319269.943, 138
Trd, 4319270.743, 140
Trd, 4319271.743, 139
Trd, 4319272.693, 110
Trd, 4319274.043, 136
Trd, 4319274.143, 74
Trd, 4319275.943, 63
Trd, 4319276.143, 63
Trd, 4319276.243, 64
Trd, 4319276.793, 139
Trd, 4319276.893, 60
Trd, 4319277.693, 84
Trd, 4319279.693, 140
Trd, 4319280.443, 139
Trd, 4319280.843, 138
Trd, 4319281.543, 108
Trd, 4319281.793, 89
Trd, 4319281.893, 81
Trd, 4319282.493, 136
Trd, 4319282.643, 137
Trd, 4319284.793, 60
Trd, 4319286.193, 62
Trd, 4319286.493, 61
Trd, 4319287.093, 61
Trd, 4319287.443, 61
Trd, 4319288.893, 63
Trd, 4319290.093, 60
Trd, 4319290.293, 60
Trd, 4319291.493, 60
Trd, 4319291.593, 63
Trd, 4319293.543, 60
Trd, 4319294.993, 60
Trd, 4319295.093, 60
Trd, 4319295.443, 60
Trd, 4319295.593, 60
Trd, 4319296.193, 60
Trd, 4319297.043, 60
Trd, 4319297.843, 60
Trd, 4319298.043, 60
Trd, 4319298.243, 60
Trd, 4319299.143, 63
Trd, 4319299.743, 63
Trd, 4319300.093, 62
Trd, 4319300.593, 62
Trd, 4319301.943, 61
Trd, 4319302.293, 60
Trd, 4319302.543, 60
Trd, 4319305.093, 60
Trd, 4319305.343, 60
Trd, 4319305.643, 63
Trd, 4319306.043, 60
Trd, 4319306.393, 60
Trd, 4319307.193, 65
Trd, 4319307.493, 63
Trd, 4319308.593, 65
Trd, 4319308.743, 66
Trd, 4319309.093, 67
Trd, 4319309.293, 68
Trd, 4319309.393, 74
Trd, 4319309.593, 67
Trd, 4319311.543, 60
Trd, 4319312.693, 60
Trd, 4319313.543, 64
Trd, 4319315.493, 60
Trd, 4319316.193, 61
Trd, 4319316.293, 62
Trd, 4319316.743, 62
Trd, 4319318.843, 61
Trd, 4319318.943, 63
Trd, 4319320.193, 62
Trd, 4319320.293, 61
Trd, 4319320.743, 60
Trd, 4319321.043, 64
Trd, 4319321.293, 64
Trd, 4319322.443, 60
Trd, 4319323.093, 139
Trd, 4319323.443, 138
Trd, 4319324.093, 67
Trd, 4319324.693, 95
Trd, 4319325.943, 140
Trd, 4319326.343, 140
Trd, 4319327.393, 140
Trd, 4319328.143, 140
Trd, 4319328.393, 140
Trd, 4319329.693, 140
Trd, 4319330.793, 140
Trd, 4319331.893, 140
Trd, 4319331.993, 140
Trd, 4319332.093, 140
Trd, 4319332.493, 140
Trd, 4319333.043, 140
Trd, 4319334.293, 139
Trd, 4319334.943, 91
Trd, 4319335.643, 87
Trd, 4319336.643, 75
Trd, 4319338.843, 140
Trd, 4319338.993, 140
Trd, 4319339.243, 140
Trd, 4319339.893, 140
Trd, 4319340.143, 140
Trd, 4319341.393, 140
Trd, 4319342.643, 140
Trd, 4319342.843, 140
Trd, 4319344.893, 140
Trd, 4319344.993, 140
Trd, 4319345.193, 140
Trd, 4319346.693, 140
Trd, 4319347.093, 140
Trd, 4319347.493, 140
Trd, 4319347.643, 140
Trd, 4319347.993, 140
Trd, 4319348.293, 139
Trd, 4319349.493, 62
Trd, 4319350.193, 60
Trd, 4319350.593, 61
Trd, 4319350.693, 63
Trd, 4319352.693, 140
Trd, 4319353.493, 140
Trd, 4319354.743, 140
Trd, 4319355.543, 140
Trd, 4319356.343, 140
Trd, 4319356.443, 140
Trd, 4319356.943, 140
Trd, 4319357.493, 140
Trd, 4319357.843, 139
Trd, 4319358.793, 140
Trd, 4319358.993, 140
Trd, 4319360.943, 140
Trd, 4319361.443, 140
Trd, 4319361.543, 140
Trd, 4319362.243, 138
Trd, 4319362.443, 138
Trd, 4319363.443, 140
Trd, 4319364.593, 140
Trd, 4319366.243, 140
Trd, 4319366.393, 140
Trd, 4319366.593, 140
Trd, 4319367.543, 140
Trd, 4319367.843, 140
Trd, 4319368.093, 139
Trd, 4319368.443, 140
Trd, 4319368.643, 94
Trd, 4319369.493, 140
Trd, 4319369.593, 140
Trd, 4319370.043, 82
Trd, 4319370.743, 139
Trd, 4319371.343, 138
Trd, 4319372.793, 140
Trd, 4319372.993, 140
Trd, 4319373.793, 140
Trd, 4319374.343, 140
Trd, 4319374.693, 139
Trd, 4319375.893, 140
Trd, 4319377.193, 140
Trd, 4319377.743, 140
Trd, 4319377.893, 140
Trd, 4319378.343, 140
Trd, 4319378.493, 77
Trd, 4319378.993, 138
Trd, 4319379.243, 135
Trd, 4319380.543, 64
Trd, 4319380.743, 73
Trd, 4319381.693, 63
Trd, 4319381.893, 103
Trd, 4319382.693, 102
Trd, 4319383.593, 140
Trd, 4319385.243, 140
Trd, 4319385.643, 140
Trd, 4319386.793, 140
Trd, 4319387.143, 140
Trd, 4319387.243, 140
Trd, 4319387.993, 140
Trd, 4319389.043, 140
Trd, 4319389.443, 140
Trd, 4319390.893, 140
Trd, 4319391.443, 140
Trd, 4319391.543, 138
Trd, 4319392.293, 140
Trd, 4319392.343, 111
Trd, 4319392.943, 140
Trd, 4319393.493, 139
Trd, 4319393.743, 138
Trd, 4319394.093, 92
Trd, 4319394.743, 66
Trd, 4319395.393, 64
Trd, 4319397.193, 60
Trd, 4319398.593, 60
Trd, 4319399.393, 60
Trd, 4319399.643, 60
Trd, 4319400.143, 61
Trd, 4319400.493, 60
Trd, 4319401.393, 61
Trd, 4319402.643, 60
Trd, 4319402.843, 65
Trd, 4319403.393, 69
Trd, 4319403.743, 64
Trd, 4319404.843, 62
Trd, 4319405.643, 60
Trd, 4319405.793, 61
Trd, 4319406.293, 60
Trd, 4319406.393, 60
Trd, 4319408.643, 60
Trd, 4319409.293, 60
Trd, 4319409.943, 60
Trd, 4319410.243, 60
Trd, 4319410.343, 60
Trd, 4319410.393, 62
Trd, 4319411.243, 60
Trd, 4319413.293, 61
Trd, 4319413.943, 61
Trd, 4319414.443, 61
Trd, 4319414.643, 62
Trd, 4319414.793, 60
Trd, 4319416.893, 60
Trd, 4319417.143, 60
Trd, 4319417.593, 62
Trd, 4319419.043, 61
Trd, 4319419.893, 62
Trd, 4319420.143, 63
Trd, 4319420.843, 67
Trd, 4319421.493, 60
Trd, 4319421.593, 61
Trd, 4319421.993, 60
Trd, 4319422.593, 72
Trd, 4319423.093, 72
Trd, 4319423.643, 138
Trd, 4319424.693, 140
Trd, 4319425.643, 140
Trd, 4319427.693, 140
Trd, 4319428.843, 140
Trd, 4319428.893, 140
Trd, 4319429.743, 140
Trd, 4319430.743, 140
Trd, 4319432.643, 140
Trd, 4319433.093, 140
Trd, 4319433.193, 140
Trd, 4319433.293, 140
Trd, 4319434.343, 140
Trd, 4319434.893, 140
Trd, 4319434.993, 140
Trd, 4319435.193, 140
Trd, 4319435.943, 140
Trd, 4319436.343, 140
Trd, 4319438.193, 140
Trd, 4319438.993, 140
Trd, 4319439.393, 140
Trd, 4319439.843, 140
Trd, 4319439.993, 140
Trd, 4319440.243, 140
Trd, 4319441.443, 139
Trd, 4319442.793, 140
Trd, 4319443.343, 140
Trd, 4319443.643, 140
Trd, 4319444.293, 140
Trd, 4319444.343, 140
Trd, 4319445.193, 136
Trd, 4319447.093, 140
Trd, 4319447.243, 140
Trd, 4319448.193, 140
Trd, 4319448.343, 140
Trd, 4319448.743, 128
Trd, 4319450.393, 140
Trd, 4319451.493, 140
Trd, 4319451.543, 140
Trd, 4319452.143, 140
Trd, 4319453.193, 80
Trd, 4319453.493, 80
Trd, 4319453.793, 79
Trd, 4319454.043, 94
Trd, 4319454.443, 140
Trd, 4319455.493, 139
Trd, 4319456.593, 140
Trd, 4319457.693, 140
Trd, 4319457.843, 140
Trd, 4319459.093, 140
Trd, 4319459.993, 140
Trd, 4319460.543, 140
Trd, 4319460.743, 140
Trd, 4319462.493, 140
Trd, 4319462.793, 140
Trd, 4319463.743, 140
Trd, 4319463.993, 140
Trd, 4319465.893, 140
Trd, 4319466.093, 140
Trd, 4319467.143, 140
Trd, 4319467.193, 140
Trd, 4319467.693, 140
Trd, 4319468.493, 140
Trd, 4319469.393, 140
Trd, 4319470.843, 132
Trd, 4319471.393, 94
Trd, 4319472.043, 98
Trd, 4319472.393, 130
Trd, 4319472.593, 131
Trd, 4319473.043, 98
Trd, 4319474.043, 78
Trd, 4319474.843, 81
Trd, 4319475.693, 139
Trd, 4319475.743, 80
Trd, 4319476.843, 136
Trd, 4319477.293, 136
Trd, 4319477.743, 135
Trd, 4319478.243, 139
Trd, 4319478.443, 81
Trd, 4319479.493, 72
Trd, 4319480.143, 71
Trd, 4319480.643, 72
Trd, 4319481.293, 60
Trd, 4319483.193, 62
Trd, 4319483.643, 62
Trd, 4319483.893, 64
Trd, 4319486.393, 140
Trd, 4319486.793, 140
Trd, 4319486.893, 140
Trd, 4319487.343, 125
Trd, 4319487.843, 137
Trd, 4319488.893, 140
Trd, 4319489.643, 139
Trd, 4319490.043, 140
Trd, 4319490.593, 140
Trd, 4319493.293, 140
Trd, 4319493.393, 140
Trd, 4319494.093, 140
Trd, 4319494.293, 140
Trd, 4319495.943, 140
Trd, 4319497.043, 140
Trd, 4319497.143, 140
Trd, 4319497.593, 140
Trd, 4319498.643, 140
Trd, 4319499.243, 140
Trd, 4319499.993, 140
Trd, 4319500.493, 140
Trd, 4319501.543, 140
Trd, 4319502.193, 140
Trd, 4319503.093, 137
Trd, 4319504.143, 140
Trd, 4319504.243, 139
Trd, 4319506.043, 140
Trd, 4319506.643, 139
Trd, 4319506.943, 140
Trd, 4319507.193, 139
Trd, 4319507.893, 140
Trd, 4319508.693, 94
Trd, 4319508.743, 134
Trd, 4319508.993, 135
Trd, 4319509.543, 62
Trd, 4319511.093, 60
Trd, 4319511.543, 60
Trd, 4319511.693, 60
Trd, 4319512.243, 66
Trd, 4319512.893, 61
Trd, 4319513.393, 60
Trd, 4319513.493, 65
Trd, 4319515.843, 60
Trd, 4319516.443, 60
Trd, 4319516.793, 61
Trd, 4319517.393, 63
Trd, 4319517.993, 63
Trd, 4319518.243, 61
Trd, 4319518.593, 60
Trd, 4319519.543, 69
Trd, 4319519.593, 74
Trd, 4319520.593, 63
Trd, 4319520.693, 64
Trd, 4319524.093, 60
Trd, 4319524.193, 60
Trd, 4319524.343, 72
Trd, 4319525.593, 65
Trd, 4319526.793, 60
Trd, 4319526.943, 60
Trd, 4319527.193, 60
Trd, 4319527.643, 61
Trd, 4319527.793, 61
Trd, 4319528.043, 60
Trd, 4319528.343, 61
Trd, 4319529.843, 140
Trd, 4319530.243, 140
Trd, 4319530.343, 137
Trd, 4319532.343, 61
Trd, 4319532.793, 70
Trd, 4319533.493, 61
Trd, 4319534.293, 60
Trd, 4319534.443, 65
Trd, 4319535.143, 65
Trd, 4319535.643, 62
Trd, 4319535.843, 61
Trd, 4319536.093, 63
Trd, 4319538.143, 140
Trd, 4319538.243, 140
Trd, 4319539.543, 140
Trd, 4319540.193, 140
Trd, 4319541.193, 140
Trd, 4319541.593, 140
Trd, 4319541.743, 140
Trd, 4319542.493, 140
Trd, 4319542.543, 120
Trd, 4319544.343, 140
Trd, 4319544.843, 140
Trd, 4319545.693, 140
Trd, 4319546.143, 140
Trd, 4319547.493, 140
Trd, 4319547.693, 140
Trd, 4319548.743, 140
Trd, 4319548.993, 140
Trd, 4319550.393, 140
Trd, 4319550.643, 139
Trd, 4319552.593, 140
Trd, 4319553.393, 140
Trd, 4319553.543, 140
Trd, 4319554.293, 140
Trd, 4319554.893, 140
Trd, 4319555.743, 139
Trd, 4319556.243, 139
Trd, 4319557.593, 96
Trd, 4319557.693, 93
Trd, 4319558.693, 139
Trd, 4319559.793, 140
Trd, 4319559.893, 139
Trd, 4319560.343, 139
Trd, 4319560.543, 115
Trd, 4319561.343, 116
Trd, 4319562.093, 81
Trd, 4319563.643, 140
Trd, 4319564.193, 140
Trd, 4319564.343, 140
Trd, 4319564.893, 138
Trd, 4319565.543, 140
Trd, 4319565.743, 140
Trd, 4319566.293, 139
Trd, 4319567.143, 140
Trd, 4319567.793, 139
Trd, 4319568.693, 140
Trd, 4319569.993, 127
Trd, 4319570.293, 126
Trd, 4319570.893, 108
Trd, 4319572.693, 61
Trd, 4319573.093, 60
Trd, 4319573.543, 60
Trd, 4319574.293, 140
Trd, 4319574.443, 99
Trd, 4319574.893, 71
Trd, 4319576.043, 139
Trd, 4319576.843, 60
Trd, 4319576.893, 62
Trd, 4319577.243, 76
Trd, 4319577.493, 77
Trd, 4319577.893, 60
Trd, 4319579.693, 138
Trd, 4319580.043, 114
Trd, 4319580.343, 111
Trd, 4319582.243, 140
Trd, 4319583.193, 140
Trd, 4319583.643, 140
Trd, 4319584.293, 139
Trd, 4319584.543, 139
Trd, 4319584.693, 138
Trd, 4319584.843, 62
Trd, 4319587.143, 140
Trd, 4319587.393, 140
Trd, 4319587.643, 140
Trd, 4319589.043, 139
Trd, 4319590.243, 140
Trd, 4319590.493, 140
Trd, 4319590.993, 140
Trd, 4319591.693, 139
Trd, 4319592.943, 139
Trd, 4319594.143, 140
Trd, 4319594.793, 140
Trd, 4319595.743, 140
Trd, 4319596.693, 91
Trd, 4319597.743, 140
Trd, 4319598.443, 140
Trd, 4319599.743, 140
Trd, 4319599.893, 140
Trd, 4319601.293, 140
Trd, 4319601.743, 140
Trd, 4319601.943, 140
Trd, 4319602.793, 140
Trd, 4319603.043, 137
Trd, 4319603.643, 140
Trd, 4319603.943, 139
Trd, 4319604.943, 138
Trd, 4319605.643, 101
Trd, 4319606.143, 69
Trd, 4319607.793, 140
Trd, 4319608.743, 140
Trd, 4319608.793, 140
Trd, 4319609.243, 138
Trd, 4319610.193, 140
Trd, 4319610.693, 140
Trd, 4319611.043, 140
Trd, 4319612.093, 140
Trd, 4319613.593, 140
Trd, 4319613.793, 140
Trd, 4319614.843, 106
Trd, 4319616.543, 140
Trd, 4319617.093, 139
Trd, 4319617.943, 140
Trd, 4319618.443, 140
Trd, 4319618.543, 138
Trd, 4319620.943, 140
Trd, 4319621.893, 140
Trd, 4319623.643, 140
Trd, 4319623.743, 140
Trd, 4319623.793, 140
Trd, 4319624.393, 140
Trd, 4319625.293, 140
Trd, 4319626.193, 138
Trd, 4319626.393, 138
Trd, 4319627.093, 140
Trd, 4319627.343, 140
Trd, 4319627.493, 140
Trd, 4319628.143, 67
Trd, 4319628.193, 60
Trd, 4319629.793, 138
Trd, 4319629.893, 137
Trd, 4319630.893, 140
Trd, 4319631.143, 140
Trd, 4319632.743, 140
Trd, 4319632.793, 140
Trd, 4319633.893, 140
Trd, 4319635.843, 140
Trd, 4319636.043, 113
Trd, 4319636.293, 70
Trd, 4319636.793, 140
Trd, 4319637.893, 140
Trd, 4319638.943, 140
Trd, 4319639.043, 140
Trd, 4319639.493, 140
Trd, 4319639.843, 65
Trd, 4319640.043, 66
Trd, 4319641.493, 62
Trd, 4319643.093, 67
Trd, 4319643.343, 61
Trd, 4319643.943, 70
Trd, 4319644.993, 71
Trd, 4319645.193, 62
Trd, 4319646.143, 66
Trd, 4319647.093, 64
Trd, 4319648.393, 61
Trd, 4319649.243, 60
Trd, 4319649.343, 66
Trd, 4319650.843, 66
Trd, 4319651.343, 66
Trd, 4319652.343, 85
Trd, 4319653.293, 140
Trd, 4319653.393, 140
Trd, 4319653.793, 140
Trd, 4319654.893, 140
Trd, 4319655.343, 140
Trd, 4319655.693, 140
Trd, 4319656.893, 140
Trd, 4319657.693, 139
Trd, 4319658.343, 139
Trd, 4319659.443, 140
Trd, 4319659.943, 140
Trd, 4319659.993, 140
Trd, 4319660.093, 140
Trd, 4319661.843, 111
Trd, 4319662.243, 105
Trd, 4319662.693, 140
Trd, 4319664.193, 140
Trd, 4319664.243, 136
Trd, 4319664.443, 135
Trd, 4319664.693, 106
Trd, 4319665.243, 92
Trd, 4319667.243, 140
Trd, 4319668.843, 140
Trd, 4319669.093, 140
Trd, 4319670.243, 140
Trd, 4319670.393, 140
Trd, 4319670.643, 140
Trd, 4319670.893, 140
Trd, 4319673.193, 140
Trd, 4319673.993, 140
Trd, 4319674.943, 140
Trd, 4319675.193, 140
Trd, 4319675.893, 140
Trd, 4319676.393, 140
Trd, 4319676.643, 137
Trd, 4319677.593, 140
Trd, 4319677.893, 140
Trd, 4319680.193, 140
Trd, 4319680.293, 140
Trd, 4319680.743, 140
Trd, 4319681.243, 140
Trd, 4319682.443, 140
Trd, 4319682.993, 140
Trd, 4319683.093, 140
Trd, 4319684.043, 140
Trd, 4319686.893, 140
Trd, 4319687.643, 140
Trd, 4319687.693, 140
Trd, 4319687.943, 140
Trd, 4319688.243, 140
Trd, 4319688.343, 139
Trd, 4319688.443, 139
Trd, 4319689.993, 139
Trd, 4319690.243, 140
Trd, 4319691.443, 140
Trd, 4319691.793, 140
Trd, 4319692.443, 99
Trd, 4319692.743, 98
Trd, 4319694.293, 99
Trd, 4319696.543, 139
Trd, 4319696.693, 137
Trd, 4319697.293, 138
Trd, 4319698.743, 140
Trd, 4319699.443, 140
Trd, 4319699.593, 138
Trd, 4319699.893, 140
Trd, 4319700.793, 75
Trd, 4319701.343, 74
Trd, 4319702.493, 140
Trd, 4319703.743, 140
Trd, 4319704.043, 140
Trd, 4319704.943, 140
Trd, 4319705.493, 140
Trd, 4319705.643, 139
Trd, 4319706.693, 64
Trd, 4319708.093, 60
Trd, 4319708.443, 65
Trd, 4319709.743, 67
Trd, 4319709.993, 68
Trd, 4319711.343, 78
Trd, 4319712.093, 140
Trd, 4319712.443, 138
Trd, 4319712.793, 138
Trd, 4319713.293, 137
Trd, 4319714.093, 88
Trd, 4319715.843, 140
Trd, 4319716.093, 140
Trd, 4319717.693, 140
Trd, 4319718.243, 140
Trd, 4319718.543, 140
Trd, 4319719.493, 140
Trd, 4319719.643, 139
Trd, 4319720.643, 140
Trd, 4319722.793, 140
Trd, 4319722.943, 140
Trd, 4319723.343, 140
Trd, 4319723.793, 140
Trd, 4319725.143, 140
Trd, 4319725.193, 140
Trd, 4319725.843, 140
Trd, 4319727.843, 140
Trd, 4319728.543, 140
Trd, 4319728.893, 140
Trd, 4319729.293, 140
Trd, 4319729.343, 140
Trd, 4319731.393, 140
Trd, 4319731.443, 140
Trd, 4319731.593, 140
Trd, 4319732.493, 138
Trd, 4319732.993, 116
Trd, 4319733.343, 91
Trd, 4319735.393, 140
Trd, 4319736.293, 140
Trd, 4319736.493, 140
Trd, 4319737.393, 140
Trd, 4319738.593, 140
Trd, 4319739.443, 140
Trd, 4319741.643, 140
Trd, 4319741.693, 140
Trd, 4319742.493, 140
Trd, 4319742.993, 140
Trd, 4319744.543, 140
Trd, 4319744.893, 140
Trd, 4319745.243, 140
Trd, 4319745.793, 140
Trd, 4319747.243, 140
Trd, 4319747.593, 140
Trd, 4319748.143, 140
Trd, 4319748.843, 140
Trd, 4319750.543, 140
Trd, 4319750.693, 140
Trd, 4319750.743, 140
Trd, 4319751.793, 140
Trd, 4319752.543, 140
Trd, 4319753.443, 140
Trd, 4319753.693, 140
Trd, 4319756.243, 140
Trd, 4319756.643, 140
Trd, 4319756.793, 140
Trd, 4319757.693, 140
Trd, 4319758.093, 140
Trd, 4319758.143, 140
Trd, 4319758.643, 140
Trd, 4319759.543, 68
Trd, 4319759.693, 101
Trd, 4319761.043, 139
Trd, 4319761.643, 114
Trd, 4319762.893, 60
Trd, 4319763.043, 60
Trd, 4319763.593, 60
Trd, 4319764.693, 62
Trd, 4319765.043, 63
Trd, 4319765.293, 63
Trd, 4319765.343, 64
Trd, 4319766.343, 65
Trd, 4319766.593, 64
Trd, 4319767.943, 96
Trd, 4319768.343, 97
Trd, 4319768.393, 96
Trd, 4319769.393, 140
Trd, 4319770.993, 140
Trd, 4319771.243, 140
Trd, 4319771.293, 140
Trd, 4319772.993, 140
Trd, 4319774.243, 140
Trd, 4319774.393, 140
Trd, 4319774.793, 139
Trd, 4319775.143, 138
Trd, 4319777.243, 140
Trd, 4319778.093, 140
Trd, 4319778.143, 140
Trd, 4319779.793, 140
Trd, 4319779.843, 140
Trd, 4319779.943, 138
Trd, 4319780.043, 138
Trd, 4319780.293, 127
Trd, 4319781.843, 140
Trd, 4319782.543, 140
Trd, 4319782.793, 139
Trd, 4319783.393, 91
Trd, 4319784.193, 139
Trd, 4319784.293, 138
Trd, 4319785.393, 60
Trd, 4319786.193, 60
Trd, 4319787.093, 60
Trd, 4319787.543, 60
Trd, 4319787.593, 60
Trd, 4319787.993, 66
Trd, 4319788.493, 61
Trd, 4319788.843, 62
Trd, 4319788.943, 60
Trd, 4319789.843, 63
Trd, 4319790.043, 108
Trd, 4319790.593, 61
Trd, 4319791.993, 60
Trd, 4319792.043, 60
Trd, 4319792.393, 60
Trd, 4319794.243, 63
Trd, 4319794.493, 60
Trd, 4319794.793, 64
Trd, 4319795.843, 62
Trd, 4319796.143, 63
Trd, 4319796.293, 63
Trd, 4319796.493, 64
Trd, 4319797.793, 112
Trd, 4319797.993, 71
Trd, 4319800.293, 102
Trd, 4319800.493, 74
Trd, 4319800.543, 73
Trd, 4319800.743, 71
Trd, 4319801.693, 103
Trd, 4319801.843, 105
Trd, 4319801.893, 95
Trd, 4319802.293, 94
Trd, 4319804.193, 139
Trd, 4319804.843, 140
Trd, 4319805.543, 138
Trd, 4319806.843, 140
Trd, 4319806.893, 139
Trd, 4319807.743, 140
Trd, 4319807.793, 90
Trd, 4319808.693, 140
Trd, 4319809.493, 140
Trd, 4319809.593, 140
Trd, 4319810.593, 140
Trd, 4319810.693, 140
Trd, 4319811.043, 128
Trd, 4319812.593, 140
Trd, 4319813.493, 140
Trd, 4319814.243, 140
Trd, 4319815.243, 140
Trd, 4319815.543, 140
Trd, 4319817.393, 140
Trd, 4319817.543, 140
Trd, 4319818.843, 140
Trd, 4319819.593, 140
Trd, 4319819.893, 140
Trd, 4319820.393, 139
Trd, 4319821.243, 139
Trd, 4319821.793, 140
Trd, 4319821.843, 140
Trd, 4319822.043, 140
Trd, 4319822.443, 138
Trd, 4319822.693, 138
Trd, 4319823.143, 137
Trd, 4319824.643, 91
Trd, 4319825.743, 104
Trd, 4319825.793, 106
Trd, 4319826.093, 95
Trd, 4319827.193, 61
Trd, 4319827.693, 60
Trd, 4319828.543, 62
Trd, 4319830.493, 60
Trd, 4319832.743, 60
Trd, 4319832.843, 60
Trd, 4319833.193, 60
Trd, 4319833.443, 60
Trd, 4319833.943, 62
Trd, 4319835.693, 63
Trd, 4319835.793, 64
Trd, 4319836.493, 61
Trd, 4319837.093, 60
Trd, 4319837.593, 60
Trd, 4319837.943, 60
Trd, 4319838.093, 62
Trd, 4319838.143, 64
Trd, 4319839.043, 61
Trd, 4319839.743, 60
Trd, 4319840.693, 140
Trd, 4319841.043, 123
Trd, 4319841.693, 87
Trd, 4319842.143, 62
Trd, 4319842.993, 60
Trd, 4319843.393, 61
Trd, 4319843.743, 61
Trd, 4319844.543, 62
Trd, 4319845.993, 64
Trd, 4319846.293, 66
Trd, 4319846.593, 63
Trd, 4319847.043, 140
Trd, 4319847.843, 140
Trd, 4319847.893, 140
Trd, 4319849.143, 140
Trd, 4319849.893, 140
Trd, 4319851.443, 140
Trd, 4319851.743, 140
Trd, 4319852.493, 140
Trd, 4319853.143, 140
Trd, 4319854.743, 140
Trd, 4319855.093, 139
Trd, 4319855.343, 139
Trd, 4319856.043, 77
Trd, 4319856.643, 140
Trd, 4319856.993, 140
Trd, 4319857.793, 140
Trd, 4319859.143, 140
Trd, 4319859.943, 140
Trd, 4319860.043, 140
Trd, 4319861.143, 140
Trd, 4319862.643, 140
Trd, 4319862.893, 140
Trd, 4319863.193, 140
Trd, 4319864.143, 140
Trd, 4319864.793, 140
Trd, 4319865.193, 139
Trd, 4319866.593, 140
Trd, 4319866.693, 140
Trd, 4319866.843, 140
Trd, 4319867.793, 111
Trd, 4319870.193, 140
Trd, 4319871.193, 140
Trd, 4319871.543, 140
Trd, 4319871.693, 140
Trd, 4319872.393, 140
Trd, 4319872.993, 140
Trd, 4319873.143, 140
Trd, 4319873.343, 140
Trd, 4319873.993, 140
Trd, 4319874.343, 140
Trd, 4319875.193, 140
Trd, 4319875.293, 139
Trd, 4319875.693, 105
Trd, 4319876.143, 60
Trd, 4319877.493, 121
Trd, 4319878.493, 140
Trd, 4319879.193, 140
Trd, 4319879.843, 139
Trd, 4319881.443, 140
Trd, 4319883.643, 140
Trd, 4319883.893, 140
Trd, 4319883.943, 140
Trd, 4319884.343, 140
Trd, 4319884.443, 140
Trd, 4319885.193, 140
Trd, 4319886.443, 140
Trd, 4319887.093, 140
Trd, 4319888.143, 140
Trd, 4319888.543, 140
Trd, 4319888.743, 140
Trd, 4319889.293, 140
Trd, 4319890.393, 140
Trd, 4319891.243, 140
Trd, 4319891.943, 140
Trd, 4319893.393, 140
Trd, 4319893.593, 140
Trd, 4319893.893, 139
Trd, 4319895.543, 140
Trd, 4319896.693, 139
Trd, 4319896.993, 138
Trd, 4319897.843, 138
Trd, 4319899.343, 140
Trd, 4319899.493, 140
Trd, 4319900.543, 140
Trd, 4319900.693, 140
Trd, 4319901.243, 136
Trd, 4319901.593, 128
Trd, 4319901.793, 77
Trd, 4319902.043, 95
Trd, 4319903.093, 92
Trd, 4319905.093, 60
Trd, 4319905.393, 60
Trd, 4319906.143, 60
Trd, 4319908.093, 60
Trd, 4319908.243, 60
Trd, 4319909.143, 60
Trd, 4319909.293, 60
Trd, 4319910.243, 61
Trd, 4319910.493, 61
Trd, 4319910.793, 61
Trd, 4319910.993, 64
Trd, 4319911.843, 66
Trd, 4319911.943, 63
Trd, 4319912.393, 60
Trd, 4319913.293, 67
Trd, 4319914.093, 137
Trd, 4319915.093, 140
Trd, 4319915.293, 140
Trd, 4319917.093, 140
Trd, 4319917.293, 139
Trd, 4319917.343, 78
Trd, 4319918.693, 140
Trd, 4319920.593, 140
Trd, 4319921.843, 140
Trd, 4319922.143, 140
Trd, 4319922.393, 140
Trd, 4319923.243, 140
Trd, 4319925.193, 140
Trd, 4319925.243, 140
Trd, 4319925.343, 140
Trd, 4319925.393, 140
Trd, 4319926.493, 140
Trd, 4319927.243, 140
Trd, 4319928.143, 105
Trd, 4319928.543, 138
Trd, 4319930.093, 139
Trd, 4319930.593, 140
Trd, 4319931.243, 140
Trd, 4319932.493, 140
Trd, 4319932.843, 140
Trd, 4319933.193, 140
Trd, 4319934.543, 138
Trd, 4319935.643, 122
Trd, 4319936.143, 140
Trd, 4319937.393, 114
Trd, 4319937.893, 113
Trd, 4319938.843, 140
Trd, 4319938.893, 140
Trd, 4319940.243, 140
Trd, 4319940.543, 102
Trd, 4319941.743, 140
Trd, 4319942.243, 140
Trd, 4319942.893, 140
Trd, 4319944.093, 140
Trd, 4319944.543, 140
Trd, 4319944.593, 140
Trd, 4319945.993, 140
Trd, 4319946.393, 140
Trd, 4319946.543, 112
Trd, 4319947.193, 90
Trd, 4319947.893, 60
Trd, 4319948.693, 60
Trd, 4319949.793, 60
Trd, 4319950.143, 60
Trd, 4319950.893, 60
Trd, 4319952.493, 60
Trd, 4319953.093, 60
Trd, 4319955.193, 60
Trd, 4319955.693, 60
Trd, 4319956.293, 62
Trd, 4319956.343, 61
Trd, 4319958.543, 60
Trd, 4319958.993, 60
Trd, 4319959.693, 60
Trd, 4319959.943, 60
Trd, 4319960.793, 60
Trd, 4319960.843, 61
Trd, 4319961.893, 60
Trd, 4319963.843, 60
Trd, 4319964.593, 61
Trd, 4319964.793, 63
Trd, 4319966.143, 62
Trd, 4319966.293, 63
Trd, 4319966.793, 62
Trd, 4319967.093, 63
Trd, 4319967.593, 66
Trd, 4319968.243, 60
Trd, 4319969.393, 140
Trd, 4319970.643, 140
Trd, 4319970.743, 140
Trd, 4319971.043, 140
Trd, 4319971.943, 140
Trd, 4319972.043, 139
Trd, 4319973.193, 140
Trd, 4319973.243, 126
Trd, 4319975.043, 128
Trd, 4319976.243, 140
Trd, 4319976.743, 140
Trd, 4319979.293, 140
Trd, 4319979.593, 140
Trd, 4319979.643, 140
Trd, 4319980.993, 140
Trd, 4319981.043, 140
Trd, 4319981.843, 140
Trd, 4319983.043, 140
Trd, 4319983.593, 140
Trd, 4319983.743, 140
Trd, 4319985.493, 140
Trd, 4319986.793, 140
Trd, 4319987.993, 140
Trd, 4319988.143, 140
Trd, 4319989.393, 140
Trd, 4319990.393, 140
Trd, 4319990.443, 140
Trd, 4319991.043, 139
Trd, 4319991.343, 139
Trd, 4319992.593, 140
Trd, 4319993.443, 140
Trd, 4319994.493, 140
Trd, 4319995.093, 140
Trd, 4319995.143, 140
Trd, 4319995.243, 133
Trd, 4319996.893, 140
Trd, 4319997.043, 139
Trd, 4319998.043, 140
Trd, 4319998.693, 140
Trd, 4319998.943, 140
Trd, 4319999.543, 140
