Trd, 4318116.593, 101
Trd, 4318116.893, 112
Trd, 4318117.643, 75
Trd, 4318118.543, 103
Trd, 4318119.493, 104
Trd, 4318119.793, 115
Trd, 4318121.593, 131
Trd, 4318121.743, 129
Trd, 4318122.443, 99
Trd, 4318122.943, 97
Trd, 4318123.343, 110
Trd, 4318123.443, 82
Trd, 4318123.593, 85
Trd, 4318125.493, 126
Trd, 4318125.593, 84
Trd, 4318126.443, 83
Trd, 4318128.393, 102
Trd, 4318128.643, 136
Trd, 4318129.443, 121
Trd, 4318129.793, 101
Trd, 4318130.443, 110
Trd, 4318131.743, 121
Trd, 4318132.043, 127
Trd, 4318132.493, 61
Trd, 4318133.393, 69
Trd, 4318133.893, 88
Trd, 4318134.193, 102
Trd, 4318135.993, 101
Trd, 4318136.293, 126
Trd, 4318136.993, 128
Trd, 4318137.543, 81
Trd, 4318137.643, 100
Trd, 4318137.793, 71
Trd, 4318138.993, 101
Trd, 4318140.893, 73
Trd, 4318141.943, 104
Trd, 4318142.443, 126
Trd, 4318142.843, 126
Trd, 4318144.293, 88
Trd, 4318144.793, 108
Trd, 4318145.093, 89
Trd, 4318146.693, 95
Trd, 4318147.993, 138
Trd, 4318148.043, 127
Trd, 4318148.143, 123
Trd, 4318149.093, 80
Trd, 4318149.743, 93
Trd, 4318150.343, 81
Trd, 4318151.043, 83
Trd, 4318151.393, 80
Trd, 4318151.543, 70
Trd, 4318151.793, 135
Trd, 4318152.093, 82
Trd, 4318152.293, 101
Trd, 4318154.243, 137
Trd, 4318154.393, 123
Trd, 4318154.443, 95
Trd, 4318155.393, 73
Trd, 4318155.493, 119
Trd, 4318156.643, 128
Trd, 4318157.093, 106
Trd, 4318158.693, 120
Trd, 4318158.843, 106
Trd, 4318159.443, 72
Trd, 4318159.643, 100
Trd, 4318160.343, 88
Trd, 4318161.343, 122
Trd, 4318161.593, 114
Trd, 4318162.193, 97
Trd, 4318163.643, 81
Trd, 4318164.093, 83
Trd, 4318164.793, 70
Trd, 4318165.343, 112
Trd, 4318165.543, 80
Trd, 4318166.293, 106
Trd, 4318168.693, 138
Trd, 4318168.743, 99
Trd, 4318169.343, 124
Trd, 4318169.643, 129
Trd, 4318169.693, 120
Trd, 4318170.143, 97
Trd, 4318170.793, 75
Trd, 4318171.143, 103
Trd, 4318172.243, 62
Trd, 4318173.493, 131
Trd, 4318173.593, 108
Trd, 4318173.943, 103
Trd, 4318174.543, 97
Trd, 4318175.143, 94
Trd, 4318177.543, 135
Trd, 4318177.643, 135
Trd, 4318177.993, 90
Trd, 4318178.693, 130
Trd, 4318179.793, 134
Trd, 4318180.293, 134
Trd, 4318182.493, 115
Trd, 4318183.143, 140
Trd, 4318183.643, 124
Trd, 4318184.143, 136
Trd, 4318184.593, 109
Trd, 4318186.543, 87
Trd, 4318187.743, 116
Trd, 4318188.593, 118
Trd, 4318188.743, 94
Trd, 4318189.293, 108
Trd, 4318189.493, 79
Trd, 4318190.043, 129
Trd, 4318190.093, 93
Trd, 4318191.993, 78
Trd, 4318192.793, 111
Trd, 4318192.893, 110
Trd, 4318193.493, 126
Trd, 4318193.993, 101
Trd, 4318194.343, 104
Trd, 4318195.593, 111
Trd, 4318196.043, 96
Trd, 4318198.143, 102
Trd, 4318198.443, 109
Trd, 4318198.593, 90
Trd, 4318199.043, 110
Trd, 4318199.243, 109
Trd, 4318200.643, 130
Trd, 4318201.193, 107
Trd, 4318201.293, 81
Trd, 4318201.443, 87
Trd, 4318202.343, 86
Trd, 4318202.493, 76
Trd, 4318205.193, 94
Trd, 4318205.943, 109
Trd, 4318206.693, 89
Trd, 4318207.243, 66
Trd, 4318208.293, 67
Trd, 4318208.443, 68
Trd, 4318208.743, 102
Trd, 4318209.593, 113
Trd, 4318209.993, 74
Trd, 4318210.893, 92
Trd, 4318211.543, 125
Trd, 4318212.243, 116
Trd, 4318212.793, 125
Trd, 4318215.593, 99
Trd, 4318216.343, 74
Trd, 4318217.143, 88
Trd, 4318217.643, 99
Trd, 4318217.843, 83
Trd, 4318218.443, 60
Trd, 4318218.893, 118
Trd, 4318220.793, 94
Trd, 4318220.943, 86
Trd, 4318221.493, 127
Trd, 4318221.543, 113
Trd, 4318223.143, 102
Trd, 4318223.543, 103
Trd, 4318224.043, 83
Trd, 4318224.493, 112
Trd, 4318226.043, 97
Trd, 4318227.493, 106
Trd, 4318227.543, 121
Trd, 4318227.943, 108
Trd, 4318228.793, 123
Trd, 4318229.043, 122
Trd, 4318229.143, 71
Trd, 4318229.693, 77
Trd, 4318230.343, 63
Trd, 4318231.143, 121
Trd, 4318232.193, 123
Trd, 4318232.643, 82
Trd, 4318233.893, 80
Trd, 4318234.993, 100
Trd, 4318235.393, 83
Trd, 4318235.793, 106
Trd, 4318236.943, 112
Trd, 4318237.393, 115
Trd, 4318237.843, 113
Trd, 4318238.643, 124
Trd, 4318238.993, 114
Trd, 4318239.843, 92
Trd, 4318239.993, 112
Trd, 4318240.193, 79
Trd, 4318240.343, 118
Trd, 4318240.593, 77
Trd, 4318241.043, 75
Trd, 4318241.943, 102
Trd, 4318242.293, 96
Trd, 4318243.193, 97
Trd, 4318244.593, 91
Trd, 4318244.843, 91
Trd, 4318245.993, 99
Trd, 4318246.543, 119
Trd, 4318246.593, 91
Trd, 4318247.543, 95
Trd, 4318248.893, 90
Trd, 4318249.093, 92
Trd, 4318249.293, 113
Trd, 4318250.793, 74
Trd, 4318251.093, 77
Trd, 4318251.343, 88
Trd, 4318251.993, 70
Trd, 4318252.243, 91
Trd, 4318253.543, 114
Trd, 4318254.543, 77
Trd, 4318255.043, 104
Trd, 4318255.893, 99
Trd, 4318256.293, 112
Trd, 4318256.793, 89
Trd, 4318257.243, 123
Trd, 4318257.493, 122
Trd, 4318257.693, 99
Trd, 4318257.993, 76
Trd, 4318258.243, 61
Trd, 4318260.343, 109
Trd, 4318261.243, 98
Trd, 4318261.693, 112
Trd, 4318262.593, 90
Trd, 4318262.893, 133
Trd, 4318262.993, 64
Trd, 4318263.943, 130
Trd, 4318264.993, 82
Trd, 4318265.993, 84
Trd, 4318266.193, 84
Trd, 4318267.343, 74
Trd, 4318267.843, 63
Trd, 4318268.893, 69
Trd, 4318268.943, 77
Trd, 4318269.343, 116
Trd, 4318269.843, 95
Trd, 4318270.593, 72
Trd, 4318271.293, 101
Trd, 4318272.293, 97
Trd, 4318273.793, 128
Trd, 4318273.843, 99
Trd, 4318273.993, 92
Trd, 4318277.443, 113
Trd, 4318277.493, 101
Trd, 4318277.743, 99
Trd, 4318278.293, 95
Trd, 4318279.093, 90
Trd, 4318279.143, 76
Trd, 4318280.443, 62
Trd, 4318281.293, 82
Trd, 4318282.043, 71
Trd, 4318282.843, 113
Trd, 4318283.143, 97
Trd, 4318284.443, 130
Trd, 4318285.143, 122
Trd, 4318285.843, 129
Trd, 4318286.943, 99
Trd, 4318290.393, 138
Trd, 4318290.443, 118
Trd, 4318291.793, 113
Trd, 4318292.143, 129
Trd, 4318292.443, 120
Trd, 4318293.043, 118
Trd, 4318293.943, 98
Trd, 4318294.293, 97
Trd, 4318294.743, 95
Trd, 4318294.793, 72
Trd, 4318295.193, 65
Trd, 4318296.143, 93
Trd, 4318296.193, 93
Trd, 4318298.543, 105
Trd, 4318298.843, 90
Trd, 4318300.543, 127
Trd, 4318301.343, 111
Trd, 4318301.743, 100
Trd, 4318301.943, 81
Trd, 4318302.193, 102
Trd, 4318302.393, 83
Trd, 4318302.893, 69
Trd, 4318303.993, 139
Trd, 4318304.393, 129
Trd, 4318304.543, 121
Trd, 4318305.893, 139
Trd, 4318306.243, 116
Trd, 4318306.693, 98
Trd, 4318306.793, 86
Trd, 4318308.143, 110
Trd, 4318308.193, 96
Trd, 4318308.893, 86
Trd, 4318309.143, 139
Trd, 4318311.743, 129
Trd, 4318311.993, 89
Trd, 4318312.143, 84
Trd, 4318312.693, 132
Trd, 4318313.093, 140
Trd, 4318314.443, 92
Trd, 4318314.593, 99
Trd, 4318315.243, 94
Trd, 4318315.743, 108
Trd, 4318316.793, 134
Trd, 4318317.793, 106
Trd, 4318317.843, 101
Trd, 4318317.943, 101
Trd, 4318317.993, 81
Trd, 4318318.593, 74
Trd, 4318319.643, 119
Trd, 4318321.843, 101
Trd, 4318322.543, 88
Trd, 4318322.943, 98
Trd, 4318323.143, 119
Trd, 4318324.193, 125
Trd, 4318324.493, 107
Trd, 4318325.343, 107
Trd, 4318326.193, 110
Trd, 4318326.643, 114
Trd, 4318327.143, 101
Trd, 4318328.443, 116
Trd, 4318328.893, 121
Trd, 4318329.343, 89
Trd, 4318329.743, 121
Trd, 4318330.843, 107
Trd, 4318331.393, 114
Trd, 4318333.343, 111
Trd, 4318333.843, 96
Trd, 4318333.993, 130
Trd, 4318334.593, 119
Trd, 4318336.143, 94
Trd, 4318337.043, 105
Trd, 4318337.543, 101
Trd, 4318338.293, 96
Trd, 4318339.893, 125
Trd, 4318341.293, 133
Trd, 4318341.743, 101
Trd, 4318342.593, 98
Trd, 4318342.993, 138
Trd, 4318343.343, 113
Trd, 4318343.893, 125
Trd, 4318345.693, 126
Trd, 4318345.843, 115
Trd, 4318346.693, 126
Trd, 4318346.893, 102
Trd, 4318347.543, 140
Trd, 4318347.893, 99
Trd, 4318349.043, 120
Trd, 4318349.443, 105
Trd, 4318351.593, 77
Trd, 4318353.043, 124
Trd, 4318353.543, 118
Trd, 4318353.943, 74
Trd, 4318354.093, 76
Trd, 4318354.643, 100
Trd, 4318354.993, 94
Trd, 4318355.543, 89
Trd, 4318356.293, 116
Trd, 4318356.593, 108
Trd, 4318356.843, 134
Trd, 4318358.743, 96
Trd, 4318360.043, 112
Trd, 4318360.143, 99
Trd, 4318360.743, 81
Trd, 4318362.143, 111
Trd, 4318362.193, 139
Trd, 4318363.043, 101
Trd, 4318363.543, 87
Trd, 4318364.093, 134
Trd, 4318364.343, 100
Trd, 4318364.943, 111
Trd, 4318365.893, 136
Trd, 4318367.093, 77
Trd, 4318367.643, 117
Trd, 4318368.343, 85
Trd, 4318368.893, 80
Trd, 4318369.543, 81
Trd, 4318369.693, 77
Trd, 4318369.893, 93
Trd, 4318370.993, 123
Trd, 4318371.143, 121
Trd, 4318371.943, 132
Trd, 4318372.643, 125
Trd, 4318373.093, 105
Trd, 4318374.443, 75
Trd, 4318375.693, 125
Trd, 4318376.993, 120
Trd, 4318377.693, 108
Trd, 4318377.943, 98
Trd, 4318378.043, 82
Trd, 4318378.293, 117
Trd, 4318378.693, 81
Trd, 4318379.143, 127
Trd, 4318379.193, 131
Trd, 4318379.493, 76
Trd, 4318380.943, 91
Trd, 4318381.643, 69
Trd, 4318381.993, 123
Trd, 4318382.493, 108
Trd, 4318383.243, 63
Trd, 4318384.093, 81
Trd, 4318384.143, 105
Trd, 4318384.243, 108
Trd, 4318384.493, 99
Trd, 4318385.943, 114
Trd, 4318387.593, 127
Trd, 4318387.993, 102
Trd, 4318389.443, 82
Trd, 4318389.493, 108
Trd, 4318389.693, 72
Trd, 4318391.293, 118
Trd, 4318391.843, 120
Trd, 4318393.043, 83
Trd, 4318393.743, 84
Trd, 4318394.243, 93
Trd, 4318394.343, 104
Trd, 4318394.643, 75
Trd, 4318394.893, 105
Trd, 4318395.543, 93
Trd, 4318397.843, 133
Trd, 4318398.293, 119
Trd, 4318398.843, 108
Trd, 4318398.893, 85
Trd, 4318399.293, 85
Trd, 4318400.543, 87
Trd, 4318400.793, 103
Trd, 4318402.243, 97
Trd, 4318402.643, 93
Trd, 4318403.143, 78
Trd, 4318404.343, 115
Trd, 4318405.693, 63
Trd, 4318406.143, 64
Trd, 4318406.193, 113
Trd, 4318406.993, 91
Trd, 4318407.193, 75
Trd, 4318407.543, 119
Trd, 4318408.043, 80
Trd, 4318409.093, 110
Trd, 4318411.093, 122
Trd, 4318411.243, 117
Trd, 4318411.843, 137
Trd, 4318413.193, 108
Trd, 4318413.593, 112
Trd, 4318413.743, 104
Trd, 4318413.943, 118
Trd, 4318414.043, 103
Trd, 4318417.093, 66
Trd, 4318417.443, 83
Trd, 4318417.543, 100
Trd, 4318418.143, 122
Trd, 4318418.893, 72
Trd, 4318419.593, 66
Trd, 4318420.643, 103
Trd, 4318421.543, 95
Trd, 4318421.843, 89
Trd, 4318422.293, 102
Trd, 4318422.443, 73
Trd, 4318423.443, 123
Trd, 4318424.093, 112
Trd, 4318426.393, 114
Trd, 4318428.343, 139
Trd, 4318428.443, 132
Trd, 4318428.593, 81
Trd, 4318428.743, 80
Trd, 4318429.743, 90
Trd, 4318430.493, 100
Trd, 4318431.393, 120
Trd, 4318431.743, 133
Trd, 4318432.593, 121
Trd, 4318433.043, 125
Trd, 4318433.843, 110
Trd, 4318434.443, 74
Trd, 4318436.293, 115
Trd, 4318437.543, 114
Trd, 4318437.593, 110
Trd, 4318439.893, 113
Trd, 4318440.993, 92
Trd, 4318442.043, 132
Trd, 4318443.693, 104
Trd, 4318443.993, 133
Trd, 4318444.343, 113
Trd, 4318445.393, 119
Trd, 4318446.293, 96
Trd, 4318446.343, 101
Trd, 4318446.843, 97
Trd, 4318447.743, 95
Trd, 4318449.343, 117
Trd, 4318449.593, 115
Trd, 4318449.643, 111
Trd, 4318449.993, 95
Trd, 4318451.543, 102
Trd, 4318453.943, 116
Trd, 4318453.993, 98
Trd, 4318454.393, 87
Trd, 4318456.243, 101
Trd, 4318456.793, 108
Trd, 4318456.893, 115
Trd, 4318456.943, 99
Trd, 4318457.593, 132
Trd, 4318457.993, 94
Trd, 4318458.943, 133
Trd, 4318459.593, 79
Trd, 4318459.693, 103
Trd, 4318459.843, 90
Trd, 4318459.993, 108
Trd, 4318460.293, 68
Trd, 4318460.643, 136
Trd, 4318460.943, 130
Trd, 4318462.093, 114
Trd, 4318462.593, 105
Trd, 4318463.493, 67
Trd, 4318464.043, 127
Trd, 4318465.693, 121
Trd, 4318466.843, 75
Trd, 4318466.893, 89
Trd, 4318468.443, 88
Trd, 4318468.893, 106
Trd, 4318469.093, 93
Trd, 4318469.443, 122
Trd, 4318469.743, 90
Trd, 4318470.543, 132
Trd, 4318471.243, 102
Trd, 4318472.393, 128
Trd, 4318472.793, 99
Trd, 4318473.443, 135
Trd, 4318474.693, 122
Trd, 4318475.143, 126
Trd, 4318475.893, 131
Trd, 4318476.893, 112
Trd, 4318477.843, 131
Trd, 4318479.743, 132
Trd, 4318479.893, 138
Trd, 4318480.793, 107
Trd, 4318481.443, 140
Trd, 4318482.343, 126
Trd, 4318483.243, 121
Trd, 4318484.093, 127
Trd, 4318484.543, 140
Trd, 4318484.793, 106
Trd, 4318484.843, 103
Trd, 4318487.443, 89
Trd, 4318488.043, 115
Trd, 4318488.543, 101
Trd, 4318489.193, 98
Trd, 4318490.043, 127
Trd, 4318490.593, 134
Trd, 4318490.693, 115
Trd, 4318490.993, 94
Trd, 4318492.393, 94
Trd, 4318493.193, 90
Trd, 4318494.043, 77
Trd, 4318494.243, 78
Trd, 4318494.593, 110
Trd, 4318494.943, 111
Trd, 4318496.543, 106
Trd, 4318499.043, 101
Trd, 4318499.493, 88
Trd, 4318499.693, 87
Trd, 4318499.993, 81
Trd, 4318500.443, 107
Trd, 4318500.493, 68
Trd, 4318500.743, 111
Trd, 4318502.343, 107
Trd, 4318502.543, 138
Trd, 4318503.493, 91
Trd, 4318504.343, 120
Trd, 4318504.793, 114
Trd, 4318506.193, 83
Trd, 4318506.343, 98
Trd, 4318506.843, 100
Trd, 4318508.093, 101
Trd, 4318509.343, 74
Trd, 4318509.793, 122
Trd, 4318510.093, 117
Trd, 4318511.343, 105
Trd, 4318512.243, 95
Trd, 4318513.143, 132
Trd, 4318514.143, 140
Trd, 4318515.443, 114
Trd, 4318515.593, 138
Trd, 4318518.143, 130
Trd, 4318519.093, 113
Trd, 4318520.343, 123
Trd, 4318520.943, 131
Trd, 4318521.293, 126
Trd, 4318521.593, 109
Trd, 4318521.893, 95
Trd, 4318523.743, 121
Trd, 4318523.993, 105
Trd, 4318524.893, 125
Trd, 4318525.693, 137
Trd, 4318526.193, 82
Trd, 4318527.143, 86
Trd, 4318528.193, 105
Trd, 4318528.693, 122
Trd, 4318529.143, 94
Trd, 4318529.393, 87
Trd, 4318531.293, 83
Trd, 4318532.143, 80
Trd, 4318532.393, 96
Trd, 4318532.593, 102
Trd, 4318533.343, 135
Trd, 4318535.643, 99
Trd, 4318536.593, 68
Trd, 4318536.993, 99
Trd, 4318537.243, 133
Trd, 4318538.843, 113
Trd, 4318538.993, 128
Trd, 4318539.243, 91
Trd, 4318540.043, 123
Trd, 4318540.643, 127
Trd, 4318541.393, 103
Trd, 4318541.543, 128
Trd, 4318542.443, 136
Trd, 4318542.843, 120
Trd, 4318544.093, 98
Trd, 4318545.443, 107
Trd, 4318545.543, 72
Trd, 4318545.793, 110
Trd, 4318547.293, 108
Trd, 4318548.043, 123
Trd, 4318548.993, 126
Trd, 4318550.693, 106
Trd, 4318551.393, 90
Trd, 4318551.593, 80
Trd, 4318552.193, 93
Trd, 4318552.343, 86
Trd, 4318552.793, 116
Trd, 4318552.943, 71
Trd, 4318554.543, 85
Trd, 4318554.793, 117
Trd, 4318555.543, 64
Trd, 4318557.143, 104
Trd, 4318557.293, 95
Trd, 4318558.593, 68
Trd, 4318559.543, 138
Trd, 4318560.143, 102
Trd, 4318560.643, 77
Trd, 4318561.943, 90
Trd, 4318562.443, 68
Trd, 4318562.943, 81
Trd, 4318564.293, 105
Trd, 4318564.393, 88
Trd, 4318567.293, 139
Trd, 4318567.393, 131
Trd, 4318567.493, 129
Trd, 4318567.643, 129
Trd, 4318567.693, 98
Trd, 4318568.393, 107
Trd, 4318570.593, 100
Trd, 4318571.443, 119
Trd, 4318572.193, 130
Trd, 4318572.393, 135
Trd, 4318572.543, 88
Trd, 4318572.743, 131
Trd, 4318572.993, 99
Trd, 4318574.593, 138
Trd, 4318575.043, 117
Trd, 4318575.293, 113
Trd, 4318576.693, 118
Trd, 4318577.743, 128
Trd, 4318577.793, 99
Trd, 4318578.093, 96
Trd, 4318579.943, 116
Trd, 4318580.743, 108
Trd, 4318581.143, 107
Trd, 4318581.743, 99
Trd, 4318582.243, 95
Trd, 4318583.093, 120
Trd, 4318584.543, 121
Trd, 4318585.243, 108
Trd, 4318585.793, 77
Trd, 4318586.343, 138
Trd, 4318586.393, 120
Trd, 4318586.943, 116
Trd, 4318588.293, 114
Trd, 4318588.643, 109
Trd, 4318589.343, 113
Trd, 4318589.793, 112
Trd, 4318590.343, 64
Trd, 4318590.943, 68
Trd, 4318591.293, 80
Trd, 4318591.893, 89
Trd, 4318592.393, 95
Trd, 4318592.793, 70
Trd, 4318593.143, 140
Trd, 4318594.093, 98
Trd, 4318595.493, 73
Trd, 4318595.893, 103
Trd, 4318596.143, 96
Trd, 4318596.243, 72
Trd, 4318598.143, 131
Trd, 4318598.793, 121
Trd, 4318599.543, 112
Trd, 4318600.843, 132
Trd, 4318601.093, 103
Trd, 4318601.893, 110
Trd, 4318603.193, 120
Trd, 4318603.943, 87
Trd, 4318604.243, 95
Trd, 4318605.993, 118
Trd, 4318608.293, 124
Trd, 4318609.043, 121
Trd, 4318609.593, 101
Trd, 4318609.893, 136
Trd, 4318609.993, 135
Trd, 4318611.243, 119
Trd, 4318611.593, 98
Trd, 4318612.293, 72
Trd, 4318613.393, 96
Trd, 4318613.443, 96
Trd, 4318614.743, 123
Trd, 4318614.943, 98
Trd, 4318615.193, 97
Trd, 4318616.793, 123
Trd, 4318616.943, 93
Trd, 4318617.643, 115
Trd, 4318618.343, 108
Trd, 4318618.693, 127
Trd, 4318620.093, 82
Trd, 4318621.993, 71
Trd, 4318622.193, 77
Trd, 4318622.593, 117
Trd, 4318622.943, 82
Trd, 4318623.493, 120
Trd, 4318625.243, 85
Trd, 4318626.593, 98
Trd, 4318626.943, 100
Trd, 4318628.293, 138
Trd, 4318628.693, 127
Trd, 4318628.943, 103
Trd, 4318629.193, 103
Trd, 4318631.343, 139
Trd, 4318632.243, 102
Trd, 4318632.793, 112
Trd, 4318633.693, 122
Trd, 4318633.743, 105
Trd, 4318634.343, 71
Trd, 4318635.543, 128
Trd, 4318636.093, 78
Trd, 4318636.193, 104
Trd, 4318637.843, 131
Trd, 4318638.443, 126
Trd, 4318639.243, 112
Trd, 4318639.393, 98
Trd, 4318640.093, 103
Trd, 4318640.943, 123
Trd, 4318641.143, 90
Trd, 4318642.343, 137
Trd, 4318643.093, 138
Trd, 4318643.793, 61
Trd, 4318644.793, 127
Trd, 4318645.193, 123
Trd, 4318646.043, 95
Trd, 4318646.443, 106
Trd, 4318647.593, 136
Trd, 4318648.643, 75
Trd, 4318648.843, 78
Trd, 4318649.343, 122
Trd, 4318650.543, 92
Trd, 4318650.743, 105
Trd, 4318651.593, 96
Trd, 4318652.443, 101
Trd, 4318652.593, 82
Trd, 4318653.343, 112
Trd, 4318653.743, 126
Trd, 4318655.243, 118
Trd, 4318655.993, 110
Trd, 4318656.393, 70
Trd, 4318657.693, 107
Trd, 4318658.093, 66
Trd, 4318658.693, 100
Trd, 4318660.243, 107
Trd, 4318662.043, 118
Trd, 4318662.193, 102
Trd, 4318664.193, 111
Trd, 4318664.493, 101
Trd, 4318664.543, 89
Trd, 4318664.643, 87
Trd, 4318665.143, 124
Trd, 4318665.193, 116
Trd, 4318667.093, 114
Trd, 4318668.393, 99
Trd, 4318668.593, 114
Trd, 4318669.243, 126
Trd, 4318669.893, 115
Trd, 4318671.143, 104
Trd, 4318671.743, 97
Trd, 4318672.043, 98
Trd, 4318672.743, 70
Trd, 4318674.293, 106
Trd, 4318674.993, 81
Trd, 4318675.793, 106
Trd, 4318677.493, 139
Trd, 4318678.093, 127
Trd, 4318678.493, 121
Trd, 4318679.193, 110
Trd, 4318681.093, 121
Trd, 4318681.143, 106
Trd, 4318681.293, 92
Trd, 4318682.043, 126
Trd, 4318683.593, 94
Trd, 4318683.693, 90
Trd, 4318684.793, 117
Trd, 4318684.893, 74
Trd, 4318685.143, 99
Trd, 4318686.643, 138
Trd, 4318686.693, 119
Trd, 4318687.993, 84
Trd, 4318688.793, 76
Trd, 4318689.193, 101
Trd, 4318690.493, 131
Trd, 4318690.743, 116
Trd, 4318691.943, 133
Trd, 4318693.243, 121
Trd, 4318693.543, 101
Trd, 4318694.043, 110
Trd, 4318695.093, 88
Trd, 4318695.693, 88
Trd, 4318696.093, 60
Trd, 4318698.543, 130
Trd, 4318698.593, 116
Trd, 4318698.893, 110
Trd, 4318699.093, 120
Trd, 4318699.893, 91
Trd, 4318700.393, 121
Trd, 4318700.843, 106
Trd, 4318701.593, 82
Trd, 4318702.343, 96
Trd, 4318703.343, 96
Trd, 4318703.743, 70
Trd, 4318705.293, 99
Trd, 4318705.393, 92
Trd, 4318705.543, 90
Trd, 4318706.343, 102
Trd, 4318706.593, 98
Trd, 4318708.543, 132
Trd, 4318708.593, 109
Trd, 4318709.693, 106
Trd, 4318710.393, 136
Trd, 4318710.893, 109
Trd, 4318710.943, 103
Trd, 4318711.493, 80
Trd, 4318712.193, 79
Trd, 4318712.643, 80
Trd, 4318714.743, 108
Trd, 4318716.243, 127
Trd, 4318716.293, 100
Trd, 4318716.793, 117
Trd, 4318716.943, 93
Trd, 4318717.743, 91
Trd, 4318719.493, 87
Trd, 4318720.893, 121
Trd, 4318721.393, 123
Trd, 4318721.643, 122
Trd, 4318721.893, 123
Trd, 4318722.193, 109
Trd, 4318723.343, 113
Trd, 4318724.843, 117
Trd, 4318725.093, 105
Trd, 4318725.893, 117
Trd, 4318726.543, 97
Trd, 4318726.843, 108
Trd, 4318727.343, 84
Trd, 4318727.743, 140
Trd, 4318728.743, 128
Trd, 4318729.593, 109
Trd, 4318729.793, 87
Trd, 4318730.643, 111
Trd, 4318732.043, 113
Trd, 4318732.643, 79
Trd, 4318733.143, 70
Trd, 4318733.693, 68
Trd, 4318733.993, 86
Trd, 4318734.643, 96
Trd, 4318736.093, 78
Trd, 4318736.243, 100
Trd, 4318736.393, 82
Trd, 4318737.043, 132
Trd, 4318738.143, 138
Trd, 4318738.343, 131
Trd, 4318739.843, 89
Trd, 4318740.443, 102
Trd, 4318740.493, 72
Trd, 4318742.243, 78
Trd, 4318743.443, 131
Trd, 4318743.943, 128
Trd, 4318744.093, 109
Trd, 4318744.993, 114
Trd, 4318745.443, 110
Trd, 4318746.243, 123
Trd, 4318747.043, 110
Trd, 4318747.193, 105
Trd, 4318747.543, 110
Trd, 4318747.943, 125
Trd, 4318748.793, 106
Trd, 4318749.093, 102
Trd, 4318750.043, 76
Trd, 4318750.343, 82
Trd, 4318750.543, 68
Trd, 4318751.793, 93
Trd, 4318752.343, 138
Trd, 4318753.043, 70
Trd, 4318753.843, 106
Trd, 4318754.493, 123
Trd, 4318755.193, 116
Trd, 4318755.843, 92
Trd, 4318756.343, 92
Trd, 4318756.743, 134
Trd, 4318757.043, 91
Trd, 4318758.043, 121
Trd, 4318758.343, 90
Trd, 4318759.993, 107
Trd, 4318760.293, 92
Trd, 4318761.243, 96
Trd, 4318761.943, 135
Trd, 4318762.143, 114
Trd, 4318763.143, 120
Trd, 4318763.643, 113
Trd, 4318764.043, 107
Trd, 4318764.893, 95
Trd, 4318766.693, 116
Trd, 4318766.993, 119
Trd, 4318768.093, 101
Trd, 4318770.443, 137
Trd, 4318770.893, 103
Trd, 4318770.943, 72
Trd, 4318771.393, 128
Trd, 4318771.743, 84
Trd, 4318772.593, 92
Trd, 4318774.293, 88
Trd, 4318774.643, 119
Trd, 4318775.443, 95
Trd, 4318775.493, 83
Trd, 4318776.243, 108
Trd, 4318776.493, 126
Trd, 4318776.693, 120
Trd, 4318778.143, 130
Trd, 4318778.693, 127
Trd, 4318780.843, 118
Trd, 4318781.493, 106
Trd, 4318782.143, 101
Trd, 4318783.243, 138
Trd, 4318783.843, 109
Trd, 4318784.143, 100
Trd, 4318784.293, 125
Trd, 4318784.343, 89
Trd, 4318785.343, 128
Trd, 4318785.893, 106
Trd, 4318787.343, 111
Trd, 4318789.893, 115
Trd, 4318789.993, 104
Trd, 4318790.593, 122
Trd, 4318791.643, 126
Trd, 4318792.193, 128
Trd, 4318792.443, 110
Trd, 4318793.543, 80
Trd, 4318794.593, 114
Trd, 4318795.943, 89
Trd, 4318796.093, 97
Trd, 4318796.593, 125
Trd, 4318797.393, 127
Trd, 4318799.143, 119
Trd, 4318799.343, 95
Trd, 4318799.893, 121
Trd, 4318800.043, 135
Trd, 4318800.893, 106
Trd, 4318801.143, 121
Trd, 4318801.893, 94
Trd, 4318802.143, 127
Trd, 4318803.393, 120
Trd, 4318803.643, 108
Trd, 4318804.443, 125
Trd, 4318804.743, 109
Trd, 4318806.043, 92
Trd, 4318806.593, 80
Trd, 4318807.793, 114
Trd, 4318809.443, 123
Trd, 4318809.843, 101
Trd, 4318809.943, 134
Trd, 4318810.043, 73
Trd, 4318811.693, 116
Trd, 4318813.043, 83
Trd, 4318813.243, 130
Trd, 4318814.493, 102
Trd, 4318815.043, 113
Trd, 4318815.193, 81
Trd, 4318816.193, 104
Trd, 4318817.243, 120
Trd, 4318818.343, 121
Trd, 4318818.943, 101
Trd, 4318819.093, 103
Trd, 4318819.693, 63
Trd, 4318821.343, 99
Trd, 4318821.693, 123
Trd, 4318821.843, 83
Trd, 4318822.393, 112
Trd, 4318823.243, 92
Trd, 4318823.843, 114
Trd, 4318824.743, 71
Trd, 4318825.093, 64
Trd, 4318825.343, 83
Trd, 4318826.093, 103
Trd, 4318827.693, 120
Trd, 4318829.043, 121
Trd, 4318829.293, 93
Trd, 4318830.493, 137
Trd, 4318830.743, 95
Trd, 4318831.893, 105
Trd, 4318832.543, 122
Trd, 4318832.943, 136
Trd, 4318833.493, 107
Trd, 4318834.493, 112
Trd, 4318835.343, 131
Trd, 4318835.743, 85
Trd, 4318836.343, 113
Trd, 4318837.143, 95
Trd, 4318837.893, 103
Trd, 4318838.893, 87
Trd, 4318839.793, 83
Trd, 4318840.243, 72
Trd, 4318841.143, 90
Trd, 4318841.943, 75
Trd, 4318842.493, 115
Trd, 4318842.793, 69
Trd, 4318844.893, 130
Trd, 4318846.293, 107
Trd, 4318846.393, 107
Trd, 4318846.793, 111
Trd, 4318847.543, 117
Trd, 4318848.393, 76
Trd, 4318848.443, 75
Trd, 4318849.293, 125
Trd, 4318850.193, 64
Trd, 4318852.143, 118
Trd, 4318852.543, 138
Trd, 4318852.593, 86
Trd, 4318852.993, 111
Trd, 4318853.993, 97
Trd, 4318855.893, 115
Trd, 4318857.193, 87
Trd, 4318857.343, 139
Trd, 4318858.293, 119
Trd, 4318858.943, 97
Trd, 4318859.143, 118
Trd, 4318859.593, 78
Trd, 4318859.993, 115
Trd, 4318860.143, 74
Trd, 4318860.393, 108
Trd, 4318860.793, 129
Trd, 4318861.793, 117
Trd, 4318861.893, 108
Trd, 4318863.743, 108
Trd, 4318864.093, 134
Trd, 4318864.493, 122
Trd, 4318866.893, 112
Trd, 4318866.943, 89
Trd, 4318867.393, 100
Trd, 4318867.843, 100
Trd, 4318868.593, 120
Trd, 4318868.943, 105
Trd, 4318869.743, 118
Trd, 4318870.943, 84
Trd, 4318871.443, 110
Trd, 4318872.893, 139
Trd, 4318873.393, 110
Trd, 4318874.143, 76
Trd, 4318875.143, 136
Trd, 4318875.193, 126
Trd, 4318876.143, 120
Trd, 4318876.293, 129
Trd, 4318876.343, 111
Trd, 4318876.943, 130
Trd, 4318878.043, 86
Trd, 4318878.243, 100
Trd, 4318881.543, 116
Trd, 4318881.643, 134
Trd, 4318882.093, 86
Trd, 4318882.193, 71
Trd, 4318882.943, 100
Trd, 4318882.993, 110
Trd, 4318883.943, 123
Trd, 4318884.443, 116
Trd, 4318885.493, 117
Trd, 4318885.643, 117
Trd, 4318886.093, 139
Trd, 4318887.193, 104
Trd, 4318888.443, 118
Trd, 4318889.043, 105
Trd, 4318890.643, 75
Trd, 4318890.993, 78
Trd, 4318891.743, 83
Trd, 4318892.693, 73
Trd, 4318892.993, 89
Trd, 4318893.793, 108
Trd, 4318894.543, 77
Trd, 4318895.443, 108
Trd, 4318895.943, 99
Trd, 4318896.343, 109
Trd, 4318896.693, 132
Trd, 4318897.043, 135
Trd, 4318897.393, 85
Trd, 4318899.043, 115
Trd, 4318899.593, 72
Trd, 4318900.043, 104
Trd, 4318901.143, 82
Trd, 4318903.043, 119
Trd, 4318903.943, 103
Trd, 4318904.093, 102
Trd, 4318905.093, 107
Trd, 4318905.293, 89
Trd, 4318905.493, 80
Trd, 4318905.643, 102
Trd, 4318905.793, 137
Trd, 4318906.543, 121
Trd, 4318907.693, 121
Trd, 4318908.893, 75
Trd, 4318909.443, 104
Trd, 4318910.293, 109
Trd, 4318910.443, 104
Trd, 4318910.943, 109
Trd, 4318911.943, 107
Trd, 4318914.443, 103
Trd, 4318914.693, 88
Trd, 4318914.993, 106
Trd, 4318915.393, 108
Trd, 4318915.743, 72
Trd, 4318916.193, 95
Trd, 4318916.643, 106
Trd, 4318918.343, 60
Trd, 4318918.893, 61
Trd, 4318919.343, 107
Trd, 4318919.393, 97
Trd, 4318921.443, 104
Trd, 4318922.043, 101
Trd, 4318922.143, 95
Trd, 4318923.093, 109
Trd, 4318923.243, 102
Trd, 4318923.943, 120
Trd, 4318924.593, 91
Trd, 4318924.843, 85
Trd, 4318926.343, 110
Trd, 4318926.743, 124
Trd, 4318927.293, 126
Trd, 4318928.143, 118
Trd, 4318928.393, 120
Trd, 4318929.293, 104
Trd, 4318929.593, 103
Trd, 4318931.243, 118
Trd, 4318931.793, 107
Trd, 4318931.943, 74
Trd, 4318931.993, 108
Trd, 4318932.193, 109
Trd, 4318934.843, 104
Trd, 4318935.043, 132
Trd, 4318935.493, 130
Trd, 4318936.193, 132
Trd, 4318936.743, 85
Trd, 4318939.393, 95
Trd, 4318939.493, 103
Trd, 4318939.893, 106
Trd, 4318940.343, 101
Trd, 4318940.943, 122
Trd, 4318940.993, 130
Trd, 4318941.993, 117
Trd, 4318943.743, 115
Trd, 4318944.243, 76
Trd, 4318944.843, 100
Trd, 4318945.893, 137
Trd, 4318946.243, 128
Trd, 4318946.643, 101
Trd, 4318947.993, 87
Trd, 4318948.693, 91
Trd, 4318950.193, 113
Trd, 4318951.643, 117
Trd, 4318953.293, 100
Trd, 4318953.643, 91
Trd, 4318954.043, 86
Trd, 4318954.543, 79
Trd, 4318955.343, 123
Trd, 4318955.443, 124
Trd, 4318956.093, 98
Trd, 4318956.643, 107
Trd, 4318957.643, 117
Trd, 4318957.993, 123
Trd, 4318958.093, 131
Trd, 4318958.993, 119
Trd, 4318959.793, 133
Trd, 4318960.693, 126
Trd, 4318962.493, 100
Trd, 4318963.093, 130
Trd, 4318964.093, 123
Trd, 4318965.943, 139
Trd, 4318966.093, 107
Trd, 4318966.593, 140
Trd, 4318966.793, 126
Trd, 4318967.143, 95
Trd, 4318968.443, 129
Trd, 4318968.743, 94
Trd, 4318970.043, 94
Trd, 4318970.593, 123
Trd, 4318970.643, 117
Trd, 4318971.893, 110
Trd, 4318972.393, 84
Trd, 4318972.993, 99
Trd, 4318973.493, 89
Trd, 4318975.143, 99
Trd, 4318976.143, 124
Trd, 4318976.193, 101
Trd, 4318978.943, 121
Trd, 4318979.093, 100
Trd, 4318979.593, 126
Trd, 4318979.893, 83
Trd, 4318980.343, 139
Trd, 4318980.543, 114
Trd, 4318982.643, 117
Trd, 4318983.043, 107
Trd, 4318983.993, 116
Trd, 4318984.293, 95
Trd, 4318984.393, 82
Trd, 4318986.393, 106
Trd, 4318986.443, 83
Trd, 4318986.943, 116
Trd, 4318987.993, 71
Trd, 4318988.843, 90
Trd, 4318989.393, 85
Trd, 4318990.043, 118
Trd, 4318990.743, 80
Trd, 4318991.993, 92
Trd, 4318992.543, 113
Trd, 4318993.293, 108
Trd, 4318993.793, 96
Trd, 4318995.493, 89
Trd, 4318995.693, 93
Trd, 4318996.393, 110
Trd, 4318998.343, 119
Trd, 4318999.543, 138
Trd, 4319000.093, 112
Trd, 4319000.193, 101
Trd, 4319001.043, 112
Trd, 4319001.743, 74
Trd, 4319002.293, 82
Trd, 4319002.993, 66
Trd, 4319003.993, 101
Trd, 4319004.543, 90
Trd, 4319004.643, 86
Trd, 4319006.543, 102
Trd, 4319007.693, 76
Trd, 4319008.043, 129
Trd, 4319009.943, 87
Trd, 4319010.893, 89
Trd, 4319012.343, 124
Trd, 4319012.793, 112
Trd, 4319013.093, 111
Trd, 4319014.343, 96
Trd, 4319014.643, 78
Trd, 4319016.393, 140
Trd, 4319016.493, 118
Trd, 4319016.793, 83
Trd, 4319017.243, 134
Trd, 4319017.293, 73
Trd, 4319017.993, 129
Trd, 4319018.593, 85
Trd, 4319021.043, 101
Trd, 4319021.143, 95
Trd, 4319022.243, 123
Trd, 4319022.843, 115
Trd, 4319023.493, 110
Trd, 4319024.093, 104
Trd, 4319024.743, 112
Trd, 4319024.993, 110
Trd, 4319025.243, 110
Trd, 4319025.393, 105
Trd, 4319025.843, 110
Trd, 4319025.943, 129
Trd, 4319027.843, 97
Trd, 4319029.143, 132
Trd, 4319029.693, 98
Trd, 4319030.693, 134
Trd, 4319031.093, 123
Trd, 4319031.943, 119
Trd, 4319033.093, 120
Trd, 4319034.143, 100
Trd, 4319034.843, 98
Trd, 4319035.293, 97
Trd, 4319037.493, 126
Trd, 4319037.643, 110
Trd, 4319038.443, 123
Trd, 4319038.943, 102
Trd, 4319040.093, 78
Trd, 4319040.393, 77
Trd, 4319040.693, 94
Trd, 4319041.243, 121
Trd, 4319041.793, 68
Trd, 4319042.493, 67
Trd, 4319042.743, 69
Trd, 4319043.143, 80
Trd, 4319044.693, 135
Trd, 4319045.143, 119
Trd, 4319045.443, 104
Trd, 4319045.593, 101
Trd, 4319045.893, 61
Trd, 4319047.843, 122
Trd, 4319048.643, 125
Trd, 4319048.943, 105
Trd, 4319048.993, 105
Trd, 4319049.593, 96
Trd, 4319050.143, 108
Trd, 4319050.743, 94
Trd, 4319050.943, 113
Trd, 4319051.143, 89
Trd, 4319053.293, 123
Trd, 4319053.693, 134
Trd, 4319054.043, 99
Trd, 4319055.043, 120
Trd, 4319056.143, 112
Trd, 4319056.293, 86
Trd, 4319056.743, 130
Trd, 4319058.593, 120
Trd, 4319058.693, 99
Trd, 4319059.843, 95
Trd, 4319061.443, 112
Trd, 4319061.493, 116
Trd, 4319062.093, 90
Trd, 4319062.143, 88
Trd, 4319062.243, 88
Trd, 4319063.893, 129
Trd, 4319064.693, 107
Trd, 4319065.093, 102
Trd, 4319065.943, 120
Trd, 4319066.293, 75
Trd, 4319066.443, 88
Trd, 4319066.643, 112
Trd, 4319068.043, 115
Trd, 4319068.943, 121
Trd, 4319069.093, 94
Trd, 4319070.793, 85
Trd, 4319071.143, 81
Trd, 4319072.343, 129
Trd, 4319072.543, 127
Trd, 4319073.293, 119
Trd, 4319073.793, 108
Trd, 4319074.893, 140
Trd, 4319074.943, 100
Trd, 4319076.243, 63
Trd, 4319077.143, 78
Trd, 4319078.043, 136
Trd, 4319078.693, 139
Trd, 4319080.593, 93
Trd, 4319081.293, 85
Trd, 4319081.643, 99
Trd, 4319081.793, 116
Trd, 4319081.993, 121
Trd, 4319082.843, 105
Trd, 4319083.693, 93
Trd, 4319084.643, 118
Trd, 4319085.793, 127
Trd, 4319086.393, 89
Trd, 4319086.443, 95
Trd, 4319087.343, 133
Trd, 4319087.893, 113
Trd, 4319088.293, 99
Trd, 4319088.343, 84
Trd, 4319089.093, 99
Trd, 4319089.243, 117
Trd, 4319092.793, 81
Trd, 4319093.443, 131
Trd, 4319094.043, 129
Trd, 4319094.493, 124
Trd, 4319094.543, 77
Trd, 4319095.243, 87
Trd, 4319095.793, 78
Trd, 4319097.143, 88
Trd, 4319099.143, 132
Trd, 4319099.893, 113
Trd, 4319100.093, 124
Trd, 4319101.043, 124
Trd, 4319101.243, 114
Trd, 4319101.293, 100
Trd, 4319102.093, 86
Trd, 4319102.393, 85
Trd, 4319104.043, 124
Trd, 4319104.993, 95
Trd, 4319105.393, 134
Trd, 4319105.993, 81
Trd, 4319106.593, 71
Trd, 4319107.793, 91
Trd, 4319109.293, 90
Trd, 4319109.693, 130
Trd, 4319110.693, 86
Trd, 4319110.943, 113
Trd, 4319111.543, 137
Trd, 4319112.593, 125
Trd, 4319112.693, 112
Trd, 4319112.843, 109
Trd, 4319114.743, 118
Trd, 4319115.293, 87
Trd, 4319115.643, 91
Trd, 4319115.843, 78
Trd, 4319117.143, 115
Trd, 4319117.943, 135
Trd, 4319118.043, 116
Trd, 4319118.743, 97
Trd, 4319119.043, 133
Trd, 4319119.393, 72
Trd, 4319119.943, 97
Trd, 4319120.143, 91
Trd, 4319120.443, 115
Trd, 4319122.443, 91
Trd, 4319123.243, 74
Trd, 4319124.493, 121
Trd, 4319125.243, 137
Trd, 4319125.493, 130
Trd, 4319126.593, 92
Trd, 4319126.643, 91
Trd, 4319126.943, 100
Trd, 4319129.693, 110
Trd, 4319129.893, 118
Trd, 4319130.593, 105
Trd, 4319130.893, 133
Trd, 4319131.393, 119
Trd, 4319132.543, 62
Trd, 4319132.693, 67
Trd, 4319132.843, 82
Trd, 4319132.993, 112
Trd, 4319133.743, 73
Trd, 4319136.343, 122
Trd, 4319136.943, 116
Trd, 4319137.593, 85
Trd, 4319138.393, 85
Trd, 4319138.943, 105
Trd, 4319139.243, 116
Trd, 4319139.343, 98
Trd, 4319140.193, 130
Trd, 4319140.643, 110
Trd, 4319141.093, 96
Trd, 4319141.943, 79
Trd, 4319143.243, 71
Trd, 4319143.693, 74
Trd, 4319144.443, 93
Trd, 4319144.543, 111
Trd, 4319146.493, 71
Trd, 4319146.993, 135
Trd, 4319147.743, 68
Trd, 4319148.243, 77
Trd, 4319150.043, 120
Trd, 4319151.493, 75
Trd, 4319151.543, 101
Trd, 4319152.893, 84
Trd, 4319153.843, 94
Trd, 4319154.943, 95
Trd, 4319155.443, 123
Trd, 4319156.193, 134
Trd, 4319157.543, 76
Trd, 4319157.993, 108
Trd, 4319158.043, 75
Trd, 4319158.693, 87
Trd, 4319159.643, 122
Trd, 4319159.743, 133
Trd, 4319159.893, 109
Trd, 4319160.143, 87
Trd, 4319161.693, 132
Trd, 4319162.143, 129
Trd, 4319162.393, 118
Trd, 4319163.793, 80
Trd, 4319164.043, 98
Trd, 4319165.443, 117
Trd, 4319165.543, 114
Trd, 4319165.893, 103
Trd, 4319166.143, 96
Trd, 4319167.143, 122
Trd, 4319168.243, 133
Trd, 4319169.343, 112
Trd, 4319170.343, 89
Trd, 4319171.593, 110
Trd, 4319172.343, 111
Trd, 4319172.393, 119
Trd, 4319173.443, 94
Trd, 4319173.993, 120
Trd, 4319175.143, 138
Trd, 4319175.993, 123
Trd, 4319176.493, 73
Trd, 4319176.843, 68
Trd, 4319178.493, 114
Trd, 4319179.093, 91
Trd, 4319179.143, 89
Trd, 4319179.243, 78
Trd, 4319179.943, 111
Trd, 4319180.143, 98
Trd, 4319180.743, 89
Trd, 4319183.093, 129
Trd, 4319183.393, 119
Trd, 4319183.893, 102
Trd, 4319184.243, 120
Trd, 4319185.193, 106
Trd, 4319186.693, 109
Trd, 4319186.843, 111
Trd, 4319188.793, 105
Trd, 4319190.043, 126
Trd, 4319190.143, 121
Trd, 4319190.543, 101
Trd, 4319190.993, 78
Trd, 4319192.693, 140
Trd, 4319193.643, 126
Trd, 4319194.243, 110
Trd, 4319195.043, 130
Trd, 4319195.343, 139
Trd, 4319196.843, 138
Trd, 4319198.793, 76
Trd, 4319198.993, 74
Trd, 4319199.143, 121
Trd, 4319200.193, 89
Trd, 4319200.743, 92
Trd, 4319201.243, 78
Trd, 4319201.593, 78
Trd, 4319201.843, 73
Trd, 4319202.543, 80
Trd, 4319203.093, 76
Trd, 4319203.343, 89
Trd, 4319204.293, 66
Trd, 4319205.393, 80
Trd, 4319206.143, 79
Trd, 4319207.993, 95
Trd, 4319208.093, 114
Trd, 4319208.193, 76
Trd, 4319208.543, 97
Trd, 4319208.993, 115
Trd, 4319209.943, 70
Trd, 4319210.843, 128
Trd, 4319211.493, 75
Trd, 4319212.193, 75
Trd, 4319214.343, 76
Trd, 4319214.443, 86
Trd, 4319215.243, 116
Trd, 4319216.343, 125
Trd, 4319216.443, 107
Trd, 4319216.793, 107
Trd, 4319217.143, 111
Trd, 4319217.343, 68
Trd, 4319217.743, 78
Trd, 4319219.443, 131
Trd, 4319219.893, 118
Trd, 4319220.193, 82
Trd, 4319220.343, 125
Trd, 4319220.793, 68
Trd, 4319222.393, 112
Trd, 4319222.943, 118
Trd, 4319223.793, 96
Trd, 4319225.293, 89
Trd, 4319225.943, 76
Trd, 4319226.343, 99
Trd, 4319226.593, 72
Trd, 4319227.293, 102
Trd, 4319227.743, 72
Trd, 4319228.443, 123
Trd, 4319230.443, 116
Trd, 4319230.693, 114
Trd, 4319231.543, 90
Trd, 4319231.793, 70
Trd, 4319233.443, 128
Trd, 4319233.643, 114
Trd, 4319233.893, 111
Trd, 4319235.643, 109
Trd, 4319235.693, 110
Trd, 4319236.443, 110
Trd, 4319238.143, 135
Trd, 4319238.593, 125
Trd, 4319239.143, 122
Trd, 4319239.543, 99
Trd, 4319239.593, 82
Trd, 4319240.793, 127
Trd, 4319241.693, 119
Trd, 4319241.743, 127
Trd, 4319243.243, 104
Trd, 4319244.293, 86
Trd, 4319244.393, 96
Trd, 4319245.093, 108
Trd, 4319245.993, 102
Trd, 4319246.293, 85
Trd, 4319248.543, 138
Trd, 4319249.143, 119
Trd, 4319249.593, 71
Trd, 4319249.793, 72
Trd, 4319250.793, 63
Trd, 4319251.243, 84
Trd, 4319252.093, 98
Trd, 4319253.043, 72
Trd, 4319254.043, 102
Trd, 4319254.143, 88
Trd, 4319254.693, 113
Trd, 4319256.443, 134
Trd, 4319257.993, 115
Trd, 4319258.793, 111
Trd, 4319259.343, 120
Trd, 4319259.393, 88
Trd, 4319259.893, 113
Trd, 4319260.443, 135
Trd, 4319260.643, 120
Trd, 4319261.993, 134
Trd, 4319263.993, 111
Trd, 4319264.493, 109
Trd, 4319264.893, 84
Trd, 4319265.893, 138
Trd, 4319265.993, 117
Trd, 4319266.943, 120
Trd, 4319268.993, 119
Trd, 4319269.043, 91
Trd, 4319269.693, 92
Trd, 4319270.043, 124
Trd, 4319270.393, 130
Trd, 4319271.143, 136
Trd, 4319271.293, 130
Trd, 4319271.893, 128
Trd, 4319272.143, 108
Trd, 4319272.743, 99
Trd, 4319273.143, 126
Trd, 4319273.993, 108
Trd, 4319274.143, 88
Trd, 4319274.943, 139
Trd, 4319275.343, 98
Trd, 4319276.743, 78
Trd, 4319276.993, 97
Trd, 4319277.543, 113
Trd, 4319278.043, 102
Trd, 4319278.443, 99
Trd, 4319278.943, 100
Trd, 4319281.143, 117
Trd, 4319281.493, 134
Trd, 4319284.143, 123
Trd, 4319284.443, 113
Trd, 4319284.643, 118
Trd, 4319285.543, 104
Trd, 4319285.893, 127
Trd, 4319285.943, 128
Trd, 4319286.343, 101
Trd, 4319287.143, 81
Trd, 4319287.243, 108
Trd, 4319288.043, 90
Trd, 4319289.293, 128
Trd, 4319289.643, 109
Trd, 4319291.243, 116
Trd, 4319292.043, 137
Trd, 4319292.343, 128
Trd, 4319292.593, 125
Trd, 4319292.793, 102
Trd, 4319293.093, 67
Trd, 4319294.593, 97
Trd, 4319294.843, 84
Trd, 4319295.193, 85
Trd, 4319295.493, 122
Trd, 4319297.593, 112
Trd, 4319299.193, 135
Trd, 4319299.243, 133
Trd, 4319300.893, 137
Trd, 4319301.093, 125
Trd, 4319301.793, 123
Trd, 4319302.143, 110
Trd, 4319302.493, 113
Trd, 4319304.093, 103
Trd, 4319304.643, 111
Trd, 4319305.193, 91
Trd, 4319305.693, 115
Trd, 4319306.143, 95
Trd, 4319308.043, 102
Trd, 4319309.193, 100
Trd, 4319310.343, 90
Trd, 4319310.793, 62
Trd, 4319310.893, 132
Trd, 4319311.443, 73
Trd, 4319312.143, 89
Trd, 4319312.793, 138
Trd, 4319313.043, 110
Trd, 4319314.043, 66
Trd, 4319314.393, 64
Trd, 4319314.843, 81
Trd, 4319314.993, 89
Trd, 4319316.643, 127
Trd, 4319317.243, 86
Trd, 4319317.643, 106
Trd, 4319318.743, 63
Trd, 4319318.993, 70
Trd, 4319319.143, 75
Trd, 4319319.593, 104
Trd, 4319321.193, 61
Trd, 4319322.343, 113
Trd, 4319322.443, 73
Trd, 4319324.043, 113
Trd, 4319324.343, 91
Trd, 4319324.793, 102
Trd, 4319325.793, 78
Trd, 4319325.993, 91
Trd, 4319326.743, 87
Trd, 4319327.093, 93
Trd, 4319327.343, 107
Trd, 4319327.893, 107
Trd, 4319328.243, 126
Trd, 4319329.893, 92
Trd, 4319330.993, 133
Trd, 4319331.293, 124
Trd, 4319332.243, 136
Trd, 4319332.993, 108
Trd, 4319334.093, 70
Trd, 4319334.993, 119
Trd, 4319335.043, 97
Trd, 4319335.793, 104
Trd, 4319336.843, 119
Trd, 4319337.143, 135
Trd, 4319337.343, 119
Trd, 4319338.493, 99
Trd, 4319339.343, 136
Trd, 4319340.193, 112
Trd, 4319340.343, 90
Trd, 4319341.443, 97
Trd, 4319341.493, 95
Trd, 4319342.093, 98
Trd, 4319343.293, 89
Trd, 4319343.743, 86
Trd, 4319344.143, 136
Trd, 4319345.793, 98
Trd, 4319346.243, 122
Trd, 4319347.993, 104
Trd, 4319348.743, 126
Trd, 4319349.793, 112
Trd, 4319350.543, 119
Trd, 4319350.593, 81
Trd, 4319351.493, 124
Trd, 4319351.593, 113
Trd, 4319353.143, 89
Trd, 4319353.493, 88
Trd, 4319354.343, 84
Trd, 4319354.993, 110
Trd, 4319355.543, 82
Trd, 4319356.043, 98
Trd, 4319356.943, 110
Trd, 4319357.093, 120
Trd, 4319357.243, 95
Trd, 4319357.693, 113
Trd, 4319359.493, 99
Trd, 4319359.843, 98
Trd, 4319360.443, 92
Trd, 4319360.943, 95
Trd, 4319362.343, 72
Trd, 4319363.443, 111
Trd, 4319364.293, 93
Trd, 4319364.643, 122
Trd, 4319364.943, 88
Trd, 4319366.993, 119
Trd, 4319367.143, 108
Trd, 4319368.493, 135
Trd, 4319369.793, 127
Trd, 4319370.243, 139
Trd, 4319370.793, 125
Trd, 4319370.943, 122
Trd, 4319371.843, 91
Trd, 4319372.093, 113
Trd, 4319372.243, 83
Trd, 4319373.043, 94
Trd, 4319373.293, 106
Trd, 4319373.393, 72
Trd, 4319374.443, 95
Trd, 4319375.793, 65
Trd, 4319376.543, 69
Trd, 4319377.093, 81
Trd, 4319377.243, 91
Trd, 4319377.693, 69
Trd, 4319378.143, 125
Trd, 4319379.093, 122
Trd, 4319379.193, 107
Trd, 4319379.693, 108
Trd, 4319381.293, 122
Trd, 4319382.093, 100
Trd, 4319382.243, 95
Trd, 4319383.293, 102
Trd, 4319384.243, 93
Trd, 4319384.793, 139
Trd, 4319385.293, 137
Trd, 4319385.543, 108
Trd, 4319388.343, 128
Trd, 4319388.793, 130
Trd, 4319389.343, 110
Trd, 4319389.443, 109
Trd, 4319390.593, 137
Trd, 4319391.293, 83
Trd, 4319391.693, 86
Trd, 4319392.743, 125
Trd, 4319394.043, 129
Trd, 4319394.093, 105
Trd, 4319394.293, 120
Trd, 4319394.893, 105
Trd, 4319394.943, 90
Trd, 4319395.443, 119
Trd, 4319395.843, 61
Trd, 4319397.193, 95
Trd, 4319398.243, 66
Trd, 4319398.443, 130
Trd, 4319399.193, 74
Trd, 4319400.543, 63
Trd, 4319400.793, 73
Trd, 4319400.893, 91
Trd, 4319402.493, 89
Trd, 4319403.993, 120
Trd, 4319404.243, 103
Trd, 4319404.393, 124
Trd, 4319405.393, 138
Trd, 4319405.493, 136
Trd, 4319406.693, 116
Trd, 4319407.943, 83
Trd, 4319408.093, 87
Trd, 4319408.543, 85
Trd, 4319408.743, 82
Trd, 4319411.293, 95
Trd, 4319411.393, 118
Trd, 4319412.793, 124
Trd, 4319412.943, 130
Trd, 4319413.643, 80
Trd, 4319414.643, 100
Trd, 4319415.493, 117
Trd, 4319416.293, 84
Trd, 4319416.543, 78
Trd, 4319417.693, 127
Trd, 4319418.593, 115
Trd, 4319418.993, 102
Trd, 4319419.993, 95
Trd, 4319420.143, 82
Trd, 4319420.593, 118
Trd, 4319421.393, 77
Trd, 4319422.593, 123
Trd, 4319422.993, 102
Trd, 4319424.993, 137
Trd, 4319425.643, 137
Trd, 4319426.793, 118
Trd, 4319426.943, 117
Trd, 4319428.293, 117
Trd, 4319429.043, 125
Trd, 4319430.793, 99
Trd, 4319431.043, 95
Trd, 4319431.393, 77
Trd, 4319431.493, 72
Trd, 4319433.143, 100
Trd, 4319433.693, 105
Trd, 4319435.243, 139
Trd, 4319435.743, 131
Trd, 4319436.293, 99
Trd, 4319436.393, 85
Trd, 4319438.793, 134
Trd, 4319439.493, 139
Trd, 4319439.593, 126
Trd, 4319440.143, 121
Trd, 4319441.843, 120
Trd, 4319442.543, 131
Trd, 4319442.693, 109
Trd, 4319443.043, 91
Trd, 4319443.743, 79
Trd, 4319444.093, 140
Trd, 4319444.543, 138
Trd, 4319446.093, 76
Trd, 4319446.243, 117
Trd, 4319447.393, 133
Trd, 4319447.443, 86
Trd, 4319447.593, 88
Trd, 4319448.943, 80
Trd, 4319449.743, 108
Trd, 4319450.093, 119
Trd, 4319450.443, 90
Trd, 4319451.493, 74
Trd, 4319452.693, 86
Trd, 4319453.493, 111
Trd, 4319454.293, 97
Trd, 4319454.443, 118
Trd, 4319454.543, 89
Trd, 4319454.793, 89
Trd, 4319456.793, 93
Trd, 4319457.143, 97
Trd, 4319457.643, 88
Trd, 4319458.043, 82
Trd, 4319459.843, 129
Trd, 4319460.493, 90
Trd, 4319461.593, 110
Trd, 4319462.093, 105
Trd, 4319462.593, 70
Trd, 4319463.593, 73
Trd, 4319464.743, 70
Trd, 4319464.993, 121
Trd, 4319465.593, 119
Trd, 4319465.893, 116
Trd, 4319466.393, 99
Trd, 4319468.943, 71
Trd, 4319469.743, 88
Trd, 4319470.193, 74
Trd, 4319470.493, 64
Trd, 4319471.043, 81
Trd, 4319471.643, 84
Trd, 4319472.393, 85
Trd, 4319472.793, 118
Trd, 4319473.193, 60
Trd, 4319475.043, 106
Trd, 4319475.093, 103
Trd, 4319475.243, 108
Trd, 4319475.493, 117
Trd, 4319475.843, 100
Trd, 4319476.093, 97
Trd, 4319476.943, 137
Trd, 4319477.443, 70
Trd, 4319478.843, 104
Trd, 4319479.143, 129
Trd, 4319480.543, 85
Trd, 4319480.893, 83
Trd, 4319481.993, 109
Trd, 4319482.193, 101
Trd, 4319482.443, 92
Trd, 4319483.493, 136
Trd, 4319484.293, 119
Trd, 4319485.243, 102
Trd, 4319485.443, 101
Trd, 4319486.043, 129
Trd, 4319486.493, 120
Trd, 4319486.843, 96
Trd, 4319487.693, 93
Trd, 4319488.143, 92
Trd, 4319489.143, 103
Trd, 4319489.193, 94
Trd, 4319489.543, 67
Trd, 4319489.743, 98
Trd, 4319491.093, 73
Trd, 4319493.193, 68
Trd, 4319493.543, 123
Trd, 4319494.043, 97
Trd, 4319494.593, 136
Trd, 4319495.593, 101
Trd, 4319495.693, 99
Trd, 4319496.343, 132
Trd, 4319496.643, 96
Trd, 4319498.843, 115
Trd, 4319499.943, 119
Trd, 4319500.393, 116
Trd, 4319500.543, 113
Trd, 4319501.293, 112
Trd, 4319501.543, 99
Trd, 4319502.443, 94
Trd, 4319503.143, 132
Trd, 4319503.743, 114
Trd, 4319504.793, 139
Trd, 4319505.743, 136
Trd, 4319505.943, 124
Trd, 4319507.393, 109
Trd, 4319507.843, 115
Trd, 4319508.593, 139
Trd, 4319509.193, 112
Trd, 4319510.893, 134
Trd, 4319511.243, 124
Trd, 4319512.093, 121
Trd, 4319513.343, 72
Trd, 4319513.493, 72
Trd, 4319513.793, 78
Trd, 4319514.343, 113
Trd, 4319515.393, 123
Trd, 4319515.643, 116
Trd, 4319516.443, 114
Trd, 4319517.393, 135
Trd, 4319518.793, 97
Trd, 4319519.293, 120
Trd, 4319521.943, 102
Trd, 4319522.593, 98
Trd, 4319523.443, 120
Trd, 4319523.493, 114
Trd, 4319523.943, 87
Trd, 4319524.293, 84
Trd, 4319524.743, 74
Trd, 4319526.643, 84
Trd, 4319527.243, 105
Trd, 4319527.743, 114
Trd, 4319529.943, 80
Trd, 4319531.443, 103
Trd, 4319532.043, 131
Trd, 4319532.143, 102
Trd, 4319532.543, 91
Trd, 4319532.693, 130
Trd, 4319533.093, 100
Trd, 4319533.143, 89
Trd, 4319533.843, 95
Trd, 4319534.593, 99
Trd, 4319535.693, 77
Trd, 4319536.243, 86
Trd, 4319536.343, 97
Trd, 4319536.843, 98
Trd, 4319537.593, 62
Trd, 4319538.793, 105
Trd, 4319540.343, 62
Trd, 4319541.143, 60
Trd, 4319541.393, 65
Trd, 4319541.693, 68
Trd, 4319543.743, 87
Trd, 4319544.243, 138
Trd, 4319544.743, 101
Trd, 4319545.393, 62
Trd, 4319546.093, 97
Trd, 4319547.393, 95
Trd, 4319547.943, 123
Trd, 4319548.443, 123
Trd, 4319548.793, 72
Trd, 4319549.593, 83
Trd, 4319550.343, 108
Trd, 4319550.443, 93
Trd, 4319550.643, 108
Trd, 4319551.393, 81
Trd, 4319552.343, 79
Trd, 4319553.843, 102
Trd, 4319554.143, 74
Trd, 4319554.243, 81
Trd, 4319555.343, 132
Trd, 4319556.443, 127
Trd, 4319556.943, 130
Trd, 4319557.443, 133
Trd, 4319557.593, 91
Trd, 4319557.693, 82
Trd, 4319559.593, 123
Trd, 4319559.743, 130
Trd, 4319561.143, 116
Trd, 4319562.143, 91
Trd, 4319562.543, 111
Trd, 4319562.593, 102
Trd, 4319562.693, 90
Trd, 4319563.443, 71
Trd, 4319563.793, 81
Trd, 4319564.243, 109
Trd, 4319565.543, 131
Trd, 4319565.593, 120
Trd, 4319566.243, 112
Trd, 4319566.343, 95
Trd, 4319568.143, 98
Trd, 4319568.493, 101
Trd, 4319569.043, 79
Trd, 4319569.593, 104
Trd, 4319569.993, 86
Trd, 4319570.493, 87
Trd, 4319571.943, 101
Trd, 4319572.293, 111
Trd, 4319572.443, 110
Trd, 4319573.843, 104
Trd, 4319574.143, 95
Trd, 4319574.543, 77
Trd, 4319575.443, 94
Trd, 4319576.093, 117
Trd, 4319577.993, 80
Trd, 4319578.043, 70
Trd, 4319578.443, 132
Trd, 4319579.593, 90
Trd, 4319579.993, 114
Trd, 4319580.493, 119
Trd, 4319581.043, 89
Trd, 4319581.243, 76
Trd, 4319581.493, 71
Trd, 4319581.843, 112
Trd, 4319583.293, 110
Trd, 4319583.443, 103
Trd, 4319585.543, 85
Trd, 4319585.993, 71
Trd, 4319586.793, 128
Trd, 4319586.893, 123
Trd, 4319588.493, 63
Trd, 4319588.693, 77
Trd, 4319589.243, 79
Trd, 4319589.793, 104
Trd, 4319591.593, 78
Trd, 4319591.643, 79
Trd, 4319592.093, 60
Trd, 4319592.493, 88
Trd, 4319592.643, 97
Trd, 4319593.493, 62
Trd, 4319594.393, 61
Trd, 4319594.493, 134
Trd, 4319595.843, 74
Trd, 4319596.343, 77
Trd, 4319597.443, 94
Trd, 4319598.243, 117
Trd, 4319599.143, 139
Trd, 4319600.943, 119
Trd, 4319601.443, 94
Trd, 4319601.743, 90
Trd, 4319601.793, 123
Trd, 4319603.543, 61
Trd, 4319604.743, 72
Trd, 4319604.793, 85
Trd, 4319606.393, 122
Trd, 4319606.793, 111
Trd, 4319607.293, 97
Trd, 4319607.843, 136
Trd, 4319608.793, 125
Trd, 4319609.593, 130
Trd, 4319610.793, 80
Trd, 4319611.393, 89
Trd, 4319612.393, 100
Trd, 4319613.493, 120
Trd, 4319613.593, 107
Trd, 4319614.893, 98
Trd, 4319615.443, 75
Trd, 4319616.443, 119
Trd, 4319616.843, 112
Trd, 4319617.293, 129
Trd, 4319618.043, 95
Trd, 4319619.143, 130
Trd, 4319619.543, 111
Trd, 4319620.493, 132
Trd, 4319621.243, 77
Trd, 4319621.793, 75
Trd, 4319623.743, 83
Trd, 4319624.293, 94
Trd, 4319624.743, 120
Trd, 4319626.043, 114
Trd, 4319626.793, 111
Trd, 4319627.393, 67
Trd, 4319627.843, 78
Trd, 4319628.643, 67
Trd, 4319628.843, 72
Trd, 4319629.643, 92
Trd, 4319630.043, 109
Trd, 4319630.343, 86
Trd, 4319631.093, 93
Trd, 4319631.443, 85
Trd, 4319632.543, 124
Trd, 4319632.593, 99
Trd, 4319634.893, 95
Trd, 4319636.343, 132
Trd, 4319636.743, 110
Trd, 4319637.343, 110
Trd, 4319637.393, 99
Trd, 4319637.543, 113
Trd, 4319637.943, 123
Trd, 4319638.893, 117
Trd, 4319640.143, 119
Trd, 4319641.043, 87
Trd, 4319642.443, 134
Trd, 4319642.543, 97
Trd, 4319644.143, 121
Trd, 4319644.893, 110
Trd, 4319645.143, 90
Trd, 4319645.843, 75
Trd, 4319647.143, 74
Trd, 4319647.393, 82
Trd, 4319647.743, 92
Trd, 4319648.943, 97
Trd, 4319649.193, 88
Trd, 4319649.793, 101
Trd, 4319650.193, 75
Trd, 4319651.793, 136
Trd, 4319652.693, 133
Trd, 4319653.643, 113
Trd, 4319654.143, 108
Trd, 4319654.693, 114
Trd, 4319655.093, 114
Trd, 4319655.493, 87
Trd, 4319656.043, 111
Trd, 4319656.693, 137
Trd, 4319656.843, 125
Trd, 4319658.293, 97
Trd, 4319658.993, 95
Trd, 4319659.293, 133
Trd, 4319660.443, 119
Trd, 4319660.993, 96
Trd, 4319661.043, 88
Trd, 4319661.843, 103
Trd, 4319662.893, 120
Trd, 4319663.843, 77
Trd, 4319664.893, 96
Trd, 4319665.243, 86
Trd, 4319665.493, 137
Trd, 4319667.393, 128
Trd, 4319667.743, 101
Trd, 4319667.843, 139
Trd, 4319668.693, 104
Trd, 4319669.043, 114
Trd, 4319669.593, 65
Trd, 4319670.193, 62
Trd, 4319670.993, 118
Trd, 4319672.443, 69
Trd, 4319673.693, 109
Trd, 4319674.543, 83
Trd, 4319674.693, 73
Trd, 4319674.793, 70
Trd, 4319675.243, 76
Trd, 4319675.293, 108
Trd, 4319676.293, 86
Trd, 4319676.443, 103
Trd, 4319677.543, 96
Trd, 4319679.043, 84
Trd, 4319681.743, 81
Trd, 4319681.843, 106
Trd, 4319682.093, 113
Trd, 4319683.043, 138
Trd, 4319683.593, 112
Trd, 4319684.293, 111
Trd, 4319684.443, 115
Trd, 4319684.493, 138
Trd, 4319684.943, 103
Trd, 4319685.543, 127
Trd, 4319686.443, 100
Trd, 4319687.343, 125
Trd, 4319687.793, 104
Trd, 4319689.043, 99
Trd, 4319689.393, 134
Trd, 4319689.943, 87
Trd, 4319690.943, 127
Trd, 4319694.093, 103
Trd, 4319694.843, 113
Trd, 4319695.143, 92
Trd, 4319695.493, 138
Trd, 4319696.193, 92
Trd, 4319696.793, 91
Trd, 4319696.893, 80
Trd, 4319699.493, 121
Trd, 4319700.143, 110
Trd, 4319700.443, 111
Trd, 4319701.093, 129
Trd, 4319701.143, 100
Trd, 4319702.643, 76
Trd, 4319703.243, 84
Trd, 4319703.293, 67
Trd, 4319703.843, 63
Trd, 4319704.493, 72
Trd, 4319704.993, 123
Trd, 4319707.243, 134
Trd, 4319708.043, 119
Trd, 4319708.743, 127
Trd, 4319709.893, 131
Trd, 4319709.943, 112
Trd, 4319710.093, 118
Trd, 4319710.593, 122
Trd, 4319711.693, 100
Trd, 4319711.743, 84
Trd, 4319713.343, 134
Trd, 4319713.793, 98
Trd, 4319714.193, 72
Trd, 4319714.843, 62
Trd, 4319715.193, 88
Trd, 4319716.343, 133
Trd, 4319717.293, 107
Trd, 4319717.893, 101
Trd, 4319717.943, 88
Trd, 4319720.493, 129
Trd, 4319720.593, 108
Trd, 4319721.793, 129
Trd, 4319721.893, 108
Trd, 4319722.393, 87
Trd, 4319723.393, 103
Trd, 4319723.693, 79
Trd, 4319724.843, 123
Trd, 4319726.443, 119
Trd, 4319726.843, 125
Trd, 4319727.093, 94
Trd, 4319728.093, 102
Trd, 4319729.043, 95
Trd, 4319729.893, 120
Trd, 4319730.593, 106
Trd, 4319730.743, 91
Trd, 4319731.393, 140
Trd, 4319731.443, 135
Trd, 4319731.743, 126
Trd, 4319731.993, 101
Trd, 4319732.643, 121
Trd, 4319734.043, 92
Trd, 4319734.193, 90
Trd, 4319736.293, 85
Trd, 4319736.593, 115
Trd, 4319737.843, 113
Trd, 4319738.993, 97
Trd, 4319739.193, 82
Trd, 4319739.243, 79
Trd, 4319741.043, 125
Trd, 4319741.543, 91
Trd, 4319742.693, 114
Trd, 4319743.943, 111
Trd, 4319744.543, 99
Trd, 4319744.893, 122
Trd, 4319745.093, 82
Trd, 4319746.243, 100
Trd, 4319746.393, 119
Trd, 4319746.593, 83
Trd, 4319748.243, 130
Trd, 4319748.343, 114
Trd, 4319750.393, 135
Trd, 4319751.293, 111
Trd, 4319751.943, 89
Trd, 4319752.193, 88
Trd, 4319752.393, 86
Trd, 4319754.043, 72
Trd, 4319754.343, 116
Trd, 4319754.543, 100
Trd, 4319756.243, 75
Trd, 4319756.443, 84
Trd, 4319757.893, 112
Trd, 4319758.043, 110
Trd, 4319758.943, 132
Trd, 4319759.943, 108
Trd, 4319760.193, 127
Trd, 4319760.593, 91
Trd, 4319761.043, 78
Trd, 4319762.393, 90
Trd, 4319763.693, 137
Trd, 4319763.943, 115
Trd, 4319764.993, 80
Trd, 4319765.143, 93
Trd, 4319765.843, 83
Trd, 4319766.693, 100
Trd, 4319767.193, 100
Trd, 4319767.493, 101
Trd, 4319767.793, 95
Trd, 4319768.143, 126
Trd, 4319769.693, 138
Trd, 4319771.643, 131
Trd, 4319771.793, 120
Trd, 4319772.393, 86
Trd, 4319773.143, 87
Trd, 4319773.893, 72
Trd, 4319774.393, 92
Trd, 4319775.543, 113
Trd, 4319776.093, 90
Trd, 4319778.093, 126
Trd, 4319778.943, 103
Trd, 4319779.293, 104
Trd, 4319779.893, 88
Trd, 4319780.193, 101
Trd, 4319780.693, 112
Trd, 4319780.843, 94
Trd, 4319781.193, 112
Trd, 4319781.343, 81
Trd, 4319782.593, 111
Trd, 4319784.043, 95
Trd, 4319784.543, 137
Trd, 4319786.693, 128
Trd, 4319787.543, 109
Trd, 4319788.043, 110
Trd, 4319788.693, 121
Trd, 4319788.793, 85
Trd, 4319789.043, 97
Trd, 4319789.843, 92
Trd, 4319790.143, 87
Trd, 4319790.593, 61
Trd, 4319792.593, 92
Trd, 4319793.243, 103
Trd, 4319793.893, 81
Trd, 4319794.493, 135
Trd, 4319794.543, 125
Trd, 4319795.343, 100
Trd, 4319795.593, 93
Trd, 4319796.343, 80
Trd, 4319796.743, 113
Trd, 4319797.943, 67
Trd, 4319798.443, 89
Trd, 4319799.193, 124
Trd, 4319800.843, 116
Trd, 4319800.893, 106
Trd, 4319801.893, 122
Trd, 4319802.843, 112
Trd, 4319802.893, 101
Trd, 4319803.293, 85
Trd, 4319805.243, 66
Trd, 4319806.243, 103
Trd, 4319806.993, 140
Trd, 4319807.893, 132
Trd, 4319808.793, 137
Trd, 4319809.293, 110
Trd, 4319809.543, 90
Trd, 4319809.843, 126
Trd, 4319810.543, 84
Trd, 4319811.743, 129
Trd, 4319813.193, 140
Trd, 4319814.193, 137
Trd, 4319816.093, 104
Trd, 4319816.293, 77
Trd, 4319816.643, 119
Trd, 4319817.193, 98
Trd, 4319817.393, 99
Trd, 4319818.893, 111
Trd, 4319819.343, 82
Trd, 4319819.393, 66
Trd, 4319819.993, 93
Trd, 4319821.893, 138
Trd, 4319822.293, 137
Trd, 4319822.693, 101
Trd, 4319822.943, 112
Trd, 4319823.043, 117
Trd, 4319823.893, 111
Trd, 4319824.343, 112
Trd, 4319825.543, 79
Trd, 4319826.443, 78
Trd, 4319827.243, 74
Trd, 4319828.293, 106
Trd, 4319830.343, 105
Trd, 4319830.743, 117
Trd, 4319830.993, 97
Trd, 4319831.343, 72
Trd, 4319832.243, 77
Trd, 4319832.943, 99
Trd, 4319833.893, 113
Trd, 4319834.293, 102
Trd, 4319834.693, 84
Trd, 4319834.993, 71
Trd, 4319835.843, 108
Trd, 4319836.543, 110
Trd, 4319837.293, 122
Trd, 4319837.893, 124
Trd, 4319839.893, 62
Trd, 4319841.793, 126
Trd, 4319842.343, 126
Trd, 4319842.543, 109
Trd, 4319843.043, 102
Trd, 4319843.793, 130
Trd, 4319844.793, 94
Trd, 4319844.843, 115
Trd, 4319845.343, 91
Trd, 4319845.593, 119
Trd, 4319846.993, 66
Trd, 4319848.093, 110
Trd, 4319848.293, 97
Trd, 4319850.293, 140
Trd, 4319851.693, 126
Trd, 4319851.793, 94
Trd, 4319852.343, 110
Trd, 4319853.043, 113
Trd, 4319853.193, 106
Trd, 4319854.243, 135
Trd, 4319854.493, 135
Trd, 4319856.193, 131
Trd, 4319856.643, 87
Trd, 4319856.843, 132
Trd, 4319857.243, 107
Trd, 4319857.493, 83
Trd, 4319858.243, 102
Trd, 4319858.643, 101
Trd, 4319859.243, 100
Trd, 4319860.593, 68
Trd, 4319860.893, 70
Trd, 4319861.293, 80
Trd, 4319861.343, 90
Trd, 4319862.193, 137
Trd, 4319864.143, 105
Trd, 4319865.043, 116
Trd, 4319866.643, 132
Trd, 4319866.743, 126
Trd, 4319867.043, 123
Trd, 4319867.193, 118
Trd, 4319867.893, 116
Trd, 4319868.393, 124
Trd, 4319869.393, 138
Trd, 4319869.443, 128
Trd, 4319869.793, 134
Trd, 4319870.493, 99
Trd, 4319870.843, 72
Trd, 4319872.643, 91
Trd, 4319873.093, 111
Trd, 4319875.143, 105
Trd, 4319875.743, 72
Trd, 4319875.993, 62
Trd, 4319876.793, 82
Trd, 4319877.343, 89
Trd, 4319877.443, 90
Trd, 4319877.743, 76
Trd, 4319878.043, 88
Trd, 4319878.793, 116
Trd, 4319880.043, 103
Trd, 4319880.893, 106
Trd, 4319881.193, 117
Trd, 4319881.543, 103
Trd, 4319881.993, 87
Trd, 4319882.343, 140
Trd, 4319883.043, 112
Trd, 4319883.593, 136
Trd, 4319884.543, 109
Trd, 4319885.893, 116
Trd, 4319886.443, 98
Trd, 4319886.793, 124
Trd, 4319887.593, 64
Trd, 4319887.993, 70
Trd, 4319888.493, 61
Trd, 4319889.293, 124
Trd, 4319889.793, 74
Trd, 4319890.943, 117
Trd, 4319892.393, 66
Trd, 4319892.843, 85
Trd, 4319893.743, 102
Trd, 4319893.993, 93
Trd, 4319894.593, 109
Trd, 4319894.793, 105
Trd, 4319894.943, 108
Trd, 4319895.593, 134
Trd, 4319896.343, 65
Trd, 4319896.793, 117
Trd, 4319897.793, 69
Trd, 4319897.843, 104
Trd, 4319901.093, 80
Trd, 4319901.193, 133
Trd, 4319902.043, 97
Trd, 4319902.743, 99
Trd, 4319902.993, 71
Trd, 4319903.243, 84
Trd, 4319903.993, 86
Trd, 4319904.193, 79
Trd, 4319905.693, 74
Trd, 4319906.993, 123
Trd, 4319907.043, 112
Trd, 4319908.393, 120
Trd, 4319909.193, 120
Trd, 4319909.493, 117
Trd, 4319910.393, 108
Trd, 4319911.293, 85
Trd, 4319912.993, 109
Trd, 4319913.643, 102
Trd, 4319913.693, 85
Trd, 4319913.943, 102
Trd, 4319914.693, 92
Trd, 4319915.243, 135
Trd, 4319915.443, 83
Trd, 4319916.643, 104
Trd, 4319917.993, 120
Trd, 4319918.343, 86
Trd, 4319919.893, 119
Trd, 4319921.093, 135
Trd, 4319921.443, 115
Trd, 4319922.393, 89
Trd, 4319922.743, 61
Trd, 4319925.743, 122
Trd, 4319926.793, 139
Trd, 4319927.643, 117
Trd, 4319928.743, 100
Trd, 4319929.043, 96
Trd, 4319929.243, 129
Trd, 4319929.443, 101
Trd, 4319930.693, 115
Trd, 4319931.143, 121
Trd, 4319931.693, 115
Trd, 4319932.143, 86
Trd, 4319933.193, 76
Trd, 4319934.393, 108
Trd, 4319934.593, 89
Trd, 4319934.993, 75
Trd, 4319935.193, 105
Trd, 4319936.143, 79
Trd, 4319936.893, 117
Trd, 4319938.143, 109
Trd, 4319938.193, 93
Trd, 4319938.993, 86
Trd, 4319940.193, 105
Trd, 4319941.543, 102
Trd, 4319942.793, 109
Trd, 4319943.043, 82
Trd, 4319943.393, 73
Trd, 4319944.043, 101
Trd, 4319944.793, 123
Trd, 4319945.243, 134
Trd, 4319947.143, 124
Trd, 4319947.443, 137
Trd, 4319947.743, 134
Trd, 4319947.893, 135
Trd, 4319949.243, 112
Trd, 4319949.343, 91
Trd, 4319949.693, 77
Trd, 4319951.893, 115
Trd, 4319952.443, 98
Trd, 4319952.543, 97
Trd, 4319953.093, 71
Trd, 4319953.493, 90
Trd, 4319953.943, 65
Trd, 4319954.193, 85
Trd, 4319954.643, 62
Trd, 4319954.943, 74
Trd, 4319956.243, 100
Trd, 4319956.893, 86
Trd, 4319958.343, 113
Trd, 4319958.393, 123
Trd, 4319960.293, 128
Trd, 4319961.743, 113
Trd, 4319962.643, 132
Trd, 4319963.693, 118
Trd, 4319964.043, 97
Trd, 4319964.243, 93
Trd, 4319965.293, 133
Trd, 4319965.543, 98
Trd, 4319965.743, 85
Trd, 4319965.893, 82
Trd, 4319965.943, 70
Trd, 4319969.593, 133
Trd, 4319969.693, 113
Trd, 4319969.793, 79
Trd, 4319970.093, 115
Trd, 4319970.143, 113
Trd, 4319970.943, 137
Trd, 4319971.443, 128
Trd, 4319971.743, 89
Trd, 4319972.443, 131
Trd, 4319973.993, 135
Trd, 4319974.743, 74
Trd, 4319974.843, 100
Trd, 4319974.993, 98
Trd, 4319975.493, 124
Trd, 4319976.443, 81
Trd, 4319977.043, 86
Trd, 4319977.743, 73
Trd, 4319977.943, 128
Trd, 4319978.493, 121
Trd, 4319978.843, 82
Trd, 4319979.743, 102
Trd, 4319980.093, 120
Trd, 4319982.793, 120
Trd, 4319983.343, 117
Trd, 4319984.143, 90
Trd, 4319984.193, 93
Trd, 4319985.343, 124
Trd, 4319985.993, 131
Trd, 4319986.493, 137
Trd, 4319987.243, 131
Trd, 4319989.343, 135
Trd, 4319989.493, 124
Trd, 4319989.643, 89
Trd, 4319990.093, 87
Trd, 4319990.393, 88
Trd, 4319992.093, 115
Trd, 4319992.793, 90
Trd, 4319992.843, 97
Trd, 4319993.093, 91
Trd, 4319994.393, 99
Trd, 4319995.543, 69
Trd, 4319995.643, 99
Trd, 4319996.743, 130
Trd, 4319997.093, 131
Trd, 4319997.193, 127
Trd, 4319998.043, 84
Trd, 4319998.393, 94
Trd, 4319999.443, 123
