Trd, 4318141.093, 114
Trd, 4318142.243, 128
Trd, 4318143.593, 93
Trd, 4318143.843, 90
Trd, 4318144.093, 92
Trd, 4318144.493, 132
Trd, 4318146.043, 129
Trd, 4318150.093, 115
Trd, 4318150.293, 120
Trd, 4318150.593, 109
Trd, 4318150.743, 116
Trd, 4318151.143, 90
Trd, 4318151.893, 103
Trd, 4318152.093, 75
Trd, 4318152.543, 80
Trd, 4318153.093, 88
Trd, 4318154.543, 85
Trd, 4318155.093, 133
Trd, 4318156.543, 129
Trd, 4318156.993, 115
Trd, 4318157.893, 96
Trd, 4318158.193, 88
Trd, 4318158.743, 134
Trd, 4318158.893, 125
Trd, 4318159.043, 124
Trd, 4318159.593, 68
Trd, 4318159.893, 97
Trd, 4318162.893, 107
Trd, 4318163.443, 113
Trd, 4318163.743, 95
Trd, 4318164.243, 94
Trd, 4318164.543, 88
Trd, 4318164.893, 102
Trd, 4318165.443, 109
Trd, 4318167.493, 115
Trd, 4318167.793, 96
Trd, 4318168.243, 97
Trd, 4318168.293, 91
Trd, 4318168.593, 105
Trd, 4318168.893, 93
Trd, 4318170.093, 115
Trd, 4318170.393, 100
Trd, 4318170.643, 81
Trd, 4318172.043, 92
Trd, 4318173.243, 117
Trd, 4318173.293, 108
Trd, 4318175.343, 118
Trd, 4318175.543, 115
Trd, 4318175.643, 108
Trd, 4318175.993, 94
Trd, 4318176.843, 62
Trd, 4318178.843, 105
Trd, 4318178.893, 101
Trd, 4318179.693, 93
Trd, 4318180.243, 89
Trd, 4318180.893, 115
Trd, 4318181.393, 138
Trd, 4318182.343, 114
Trd, 4318182.543, 113
Trd, 4318182.743, 79
Trd, 4318182.793, 76
Trd, 4318185.293, 89
Trd, 4318185.693, 64
Trd, 4318186.193, 75
Trd, 4318186.843, 120
Trd, 4318187.193, 93
Trd, 4318187.593, 66
Trd, 4318188.443, 69
Trd, 4318188.743, 72
Trd, 4318189.993, 110
Trd, 4318190.643, 114
Trd, 4318191.493, 85
Trd, 4318191.993, 79
Trd, 4318193.193, 125
Trd, 4318194.343, 72
Trd, 4318195.293, 88
Trd, 4318197.143, 64
Trd, 4318197.343, 135
Trd, 4318197.893, 71
Trd, 4318198.343, 135
Trd, 4318198.693, 121
Trd, 4318200.043, 81
Trd, 4318201.393, 111
Trd, 4318201.643, 88
Trd, 4318202.693, 96
Trd, 4318203.643, 114
Trd, 4318204.093, 119
Trd, 4318204.593, 111
Trd, 4318204.893, 110
Trd, 4318205.893, 92
Trd, 4318206.843, 103
Trd, 4318207.143, 83
Trd, 4318207.243, 110
Trd, 4318207.693, 93
Trd, 4318207.893, 106
Trd, 4318210.893, 83
Trd, 4318211.343, 93
Trd, 4318212.743, 106
Trd, 4318213.443, 101
Trd, 4318214.293, 110
Trd, 4318214.493, 93
Trd, 4318214.593, 92
Trd, 4318215.593, 120
Trd, 4318215.643, 113
Trd, 4318215.893, 84
Trd, 4318216.243, 124
Trd, 4318216.993, 136
Trd, 4318217.843, 64
Trd, 4318218.393, 119
Trd, 4318219.143, 91
Trd, 4318220.043, 111
Trd, 4318220.193, 110
Trd, 4318220.643, 93
Trd, 4318220.893, 65
Trd, 4318221.893, 140
Trd, 4318223.193, 118
Trd, 4318223.693, 111
Trd, 4318224.643, 94
Trd, 4318225.643, 115
Trd, 4318226.643, 96
Trd, 4318227.293, 125
Trd, 4318227.943, 98
Trd, 4318228.393, 136
Trd, 4318229.293, 99
Trd, 4318231.143, 75
Trd, 4318232.993, 131
Trd, 4318233.043, 103
Trd, 4318233.893, 82
Trd, 4318234.043, 67
Trd, 4318235.093, 90
Trd, 4318236.243, 95
Trd, 4318236.593, 111
Trd, 4318237.443, 130
Trd, 4318238.543, 106
Trd, 4318238.643, 120
Trd, 4318238.793, 98
Trd, 4318239.943, 132
Trd, 4318240.043, 122
Trd, 4318240.893, 115
Trd, 4318240.993, 97
Trd, 4318241.193, 136
Trd, 4318242.993, 107
Trd, 4318243.293, 98
Trd, 4318243.943, 128
Trd, 4318245.993, 123
Trd, 4318246.143, 121
Trd, 4318246.993, 131
Trd, 4318247.943, 122
Trd, 4318248.343, 87
Trd, 4318248.793, 71
Trd, 4318250.993, 107
Trd, 4318251.543, 104
Trd, 4318251.693, 80
Trd, 4318252.443, 68
Trd, 4318252.843, 62
Trd, 4318253.243, 72
Trd, 4318253.943, 98
Trd, 4318253.993, 84
Trd, 4318255.343, 114
Trd, 4318255.593, 113
Trd, 4318256.693, 98
Trd, 4318257.143, 131
Trd, 4318257.643, 90
Trd, 4318259.143, 80
Trd, 4318259.593, 82
Trd, 4318260.043, 138
Trd, 4318260.143, 76
Trd, 4318260.893, 93
Trd, 4318262.343, 132
Trd, 4318263.593, 135
Trd, 4318264.043, 114
Trd, 4318264.893, 101
Trd, 4318266.893, 131
Trd, 4318267.093, 114
Trd, 4318267.293, 99
Trd, 4318267.643, 126
Trd, 4318268.143, 112
Trd, 4318268.293, 109
Trd, 4318269.443, 137
Trd, 4318269.993, 128
Trd, 4318270.593, 115
Trd, 4318270.693, 113
Trd, 4318272.293, 115
Trd, 4318272.593, 100
Trd, 4318274.093, 120
Trd, 4318274.593, 130
Trd, 4318274.693, 101
Trd, 4318275.693, 115
Trd, 4318276.043, 96
Trd, 4318276.393, 133
Trd, 4318276.793, 129
Trd, 4318277.093, 64
Trd, 4318278.293, 71
Trd, 4318279.343, 67
Trd, 4318279.843, 99
Trd, 4318279.993, 92
Trd, 4318282.043, 68
Trd, 4318282.393, 73
Trd, 4318282.843, 102
Trd, 4318284.143, 126
Trd, 4318285.443, 120
Trd, 4318285.593, 103
Trd, 4318286.043, 98
Trd, 4318286.693, 97
Trd, 4318286.793, 98
Trd, 4318288.743, 105
Trd, 4318289.043, 92
Trd, 4318289.843, 66
Trd, 4318289.943, 108
Trd, 4318291.293, 85
Trd, 4318291.593, 96
Trd, 4318292.293, 82
Trd, 4318292.693, 115
Trd, 4318293.343, 107
Trd, 4318293.393, 99
Trd, 4318295.293, 88
Trd, 4318295.493, 119
Trd, 4318295.993, 105
Trd, 4318296.743, 120
Trd, 4318296.843, 122
Trd, 4318296.893, 93
Trd, 4318297.343, 138
Trd, 4318297.443, 126
Trd, 4318298.443, 132
Trd, 4318300.093, 100
Trd, 4318300.443, 103
Trd, 4318300.693, 61
Trd, 4318301.443, 86
Trd, 4318302.343, 100
Trd, 4318304.093, 134
Trd, 4318304.543, 140
Trd, 4318304.943, 129
Trd, 4318306.093, 136
Trd, 4318307.143, 120
Trd, 4318307.343, 110
Trd, 4318307.743, 120
Trd, 4318308.293, 114
Trd, 4318308.893, 100
Trd, 4318309.243, 76
Trd, 4318310.493, 105
Trd, 4318311.793, 109
Trd, 4318311.943, 127
Trd, 4318312.143, 110
Trd, 4318312.893, 64
Trd, 4318313.993, 83
Trd, 4318314.693, 99
Trd, 4318315.043, 85
Trd, 4318316.293, 134
Trd, 4318317.243, 136
Trd, 4318317.293, 115
Trd, 4318318.143, 112
Trd, 4318318.393, 75
Trd, 4318319.043, 80
Trd, 4318319.093, 83
Trd, 4318319.943, 87
Trd, 4318320.343, 95
Trd, 4318321.343, 123
Trd, 4318321.593, 109
Trd, 4318322.243, 98
Trd, 4318324.343, 97
Trd, 4318324.443, 95
Trd, 4318325.943, 74
Trd, 4318326.593, 90
Trd, 4318326.893, 97
Trd, 4318328.293, 93
Trd, 4318328.543, 107
Trd, 4318331.493, 123
Trd, 4318331.643, 112
Trd, 4318332.243, 133
Trd, 4318332.543, 121
Trd, 4318332.793, 110
Trd, 4318334.543, 70
Trd, 4318334.793, 71
Trd, 4318336.743, 117
Trd, 4318336.843, 106
Trd, 4318337.493, 100
Trd, 4318338.393, 100
Trd, 4318339.943, 82
Trd, 4318340.443, 138
Trd, 4318340.793, 79
Trd, 4318341.443, 96
Trd, 4318342.443, 124
Trd, 4318342.943, 118
Trd, 4318344.293, 62
Trd, 4318344.793, 100
Trd, 4318345.393, 129
Trd, 4318345.693, 100
Trd, 4318347.093, 100
Trd, 4318347.243, 85
Trd, 4318347.843, 83
Trd, 4318348.293, 81
Trd, 4318348.493, 78
Trd, 4318349.443, 140
Trd, 4318350.493, 116
Trd, 4318351.193, 104
Trd, 4318351.343, 87
Trd, 4318352.243, 133
Trd, 4318353.493, 75
Trd, 4318353.743, 85
Trd, 4318354.643, 125
Trd, 4318354.893, 129
Trd, 4318355.043, 96
Trd, 4318355.993, 103
Trd, 4318356.093, 84
Trd, 4318356.793, 107
Trd, 4318357.143, 103
Trd, 4318357.443, 91
Trd, 4318357.793, 119
Trd, 4318358.443, 121
Trd, 4318358.893, 80
Trd, 4318359.093, 113
Trd, 4318359.693, 85
Trd, 4318362.393, 96
Trd, 4318362.893, 106
Trd, 4318363.493, 110
Trd, 4318363.743, 80
Trd, 4318363.843, 75
Trd, 4318364.143, 97
Trd, 4318364.643, 74
Trd, 4318365.643, 76
Trd, 4318366.543, 84
Trd, 4318366.693, 100
Trd, 4318368.793, 126
Trd, 4318369.493, 102
Trd, 4318369.643, 94
Trd, 4318370.543, 107
Trd, 4318370.993, 136
Trd, 4318371.243, 86
Trd, 4318371.343, 107
Trd, 4318372.243, 117
Trd, 4318372.793, 124
Trd, 4318373.693, 80
Trd, 4318373.793, 125
Trd, 4318377.543, 127
Trd, 4318377.893, 100
Trd, 4318377.943, 131
Trd, 4318379.593, 101
Trd, 4318380.143, 103
Trd, 4318381.393, 112
Trd, 4318381.793, 104
Trd, 4318382.343, 126
Trd, 4318382.493, 105
Trd, 4318383.393, 103
Trd, 4318384.593, 89
Trd, 4318384.693, 80
Trd, 4318386.393, 97
Trd, 4318387.293, 110
Trd, 4318387.443, 87
Trd, 4318387.493, 95
Trd, 4318388.443, 128
Trd, 4318388.843, 112
Trd, 4318389.943, 123
Trd, 4318390.393, 128
Trd, 4318391.243, 101
Trd, 4318391.593, 98
Trd, 4318393.143, 101
Trd, 4318393.243, 92
Trd, 4318394.293, 103
Trd, 4318395.493, 69
Trd, 4318396.293, 101
Trd, 4318396.393, 92
Trd, 4318398.193, 109
Trd, 4318398.243, 74
Trd, 4318398.343, 67
Trd, 4318398.693, 131
Trd, 4318400.093, 124
Trd, 4318400.693, 112
Trd, 4318400.743, 111
Trd, 4318401.093, 109
Trd, 4318401.643, 131
Trd, 4318402.993, 140
Trd, 4318403.343, 99
Trd, 4318404.493, 92
Trd, 4318404.543, 106
Trd, 4318404.793, 139
Trd, 4318405.793, 134
Trd, 4318406.193, 111
Trd, 4318406.493, 87
Trd, 4318407.693, 90
Trd, 4318407.993, 91
Trd, 4318408.043, 99
Trd, 4318409.843, 92
Trd, 4318410.343, 118
Trd, 4318410.393, 102
Trd, 4318410.443, 124
Trd, 4318410.743, 90
Trd, 4318410.943, 126
Trd, 4318412.393, 75
Trd, 4318413.443, 109
Trd, 4318414.193, 78
Trd, 4318415.243, 140
Trd, 4318415.393, 94
Trd, 4318416.043, 115
Trd, 4318416.593, 77
Trd, 4318417.693, 76
Trd, 4318418.693, 130
Trd, 4318418.893, 88
Trd, 4318419.893, 135
Trd, 4318419.993, 124
Trd, 4318420.443, 127
Trd, 4318422.743, 127
Trd, 4318423.143, 133
Trd, 4318423.693, 109
Trd, 4318423.843, 93
Trd, 4318424.393, 97
Trd, 4318424.643, 110
Trd, 4318425.543, 136
Trd, 4318425.743, 124
Trd, 4318426.293, 94
Trd, 4318426.593, 92
Trd, 4318427.343, 95
Trd, 4318428.793, 109
Trd, 4318428.993, 83
Trd, 4318429.243, 88
Trd, 4318430.893, 84
Trd, 4318431.543, 98
Trd, 4318432.193, 66
Trd, 4318432.393, 63
Trd, 4318432.493, 93
Trd, 4318433.443, 66
Trd, 4318433.793, 86
Trd, 4318435.493, 116
Trd, 4318435.743, 109
Trd, 4318436.143, 90
Trd, 4318436.643, 65
Trd, 4318437.393, 60
Trd, 4318437.693, 93
Trd, 4318439.193, 88
Trd, 4318440.493, 67
Trd, 4318441.393, 72
Trd, 4318443.243, 115
Trd, 4318443.393, 101
Trd, 4318443.893, 81
Trd, 4318443.993, 82
Trd, 4318444.143, 78
Trd, 4318444.593, 119
Trd, 4318445.443, 124
Trd, 4318446.893, 119
Trd, 4318447.693, 74
Trd, 4318448.943, 86
Trd, 4318448.993, 98
Trd, 4318449.193, 64
Trd, 4318449.543, 73
Trd, 4318450.343, 106
Trd, 4318451.643, 90
Trd, 4318451.743, 102
Trd, 4318451.843, 86
Trd, 4318452.243, 103
Trd, 4318453.093, 121
Trd, 4318454.593, 67
Trd, 4318455.393, 78
Trd, 4318455.793, 126
Trd, 4318456.543, 86
Trd, 4318457.143, 109
Trd, 4318457.543, 81
Trd, 4318459.293, 112
Trd, 4318460.443, 120
Trd, 4318461.093, 109
Trd, 4318461.643, 108
Trd, 4318462.243, 110
Trd, 4318462.543, 97
Trd, 4318463.243, 101
Trd, 4318463.443, 129
Trd, 4318463.993, 116
Trd, 4318464.193, 140
Trd, 4318464.793, 137
Trd, 4318467.043, 130
Trd, 4318467.643, 111
Trd, 4318467.993, 137
Trd, 4318468.093, 119
Trd, 4318468.693, 86
Trd, 4318469.043, 110
Trd, 4318469.393, 130
Trd, 4318471.143, 138
Trd, 4318471.543, 140
Trd, 4318471.693, 102
Trd, 4318473.193, 82
Trd, 4318474.093, 72
Trd, 4318474.343, 87
Trd, 4318474.493, 125
Trd, 4318475.993, 66
Trd, 4318477.193, 140
Trd, 4318478.193, 106
Trd, 4318479.043, 105
Trd, 4318479.443, 112
Trd, 4318480.893, 114
Trd, 4318480.993, 113
Trd, 4318481.143, 125
Trd, 4318481.743, 100
Trd, 4318482.393, 93
Trd, 4318483.393, 96
Trd, 4318483.593, 88
Trd, 4318485.393, 129
Trd, 4318485.943, 127
Trd, 4318486.143, 83
Trd, 4318486.393, 101
Trd, 4318488.743, 66
Trd, 4318489.743, 136
Trd, 4318490.543, 138
Trd, 4318490.943, 138
Trd, 4318491.643, 100
Trd, 4318491.993, 121
Trd, 4318493.143, 116
Trd, 4318493.693, 112
Trd, 4318494.143, 133
Trd, 4318494.643, 88
Trd, 4318495.793, 117
Trd, 4318496.243, 93
Trd, 4318497.043, 80
Trd, 4318497.843, 66
Trd, 4318498.393, 73
Trd, 4318499.493, 100
Trd, 4318499.843, 78
Trd, 4318500.293, 86
Trd, 4318501.443, 89
Trd, 4318501.493, 75
Trd, 4318502.493, 135
Trd, 4318503.543, 134
Trd, 4318504.293, 125
Trd, 4318505.243, 122
Trd, 4318506.293, 136
Trd, 4318506.543, 133
Trd, 4318507.393, 126
Trd, 4318507.543, 116
Trd, 4318508.143, 86
Trd, 4318508.893, 114
Trd, 4318508.943, 107
Trd, 4318510.893, 114
Trd, 4318511.793, 91
Trd, 4318511.893, 70
Trd, 4318513.043, 127
Trd, 4318514.243, 130
Trd, 4318514.543, 139
Trd, 4318515.443, 110
Trd, 4318516.093, 128
Trd, 4318516.393, 118
Trd, 4318516.693, 95
Trd, 4318518.143, 121
Trd, 4318518.343, 82
Trd, 4318519.543, 86
Trd, 4318520.143, 81
Trd, 4318520.993, 86
Trd, 4318522.193, 117
Trd, 4318522.343, 85
Trd, 4318523.293, 134
Trd, 4318524.993, 108
Trd, 4318525.593, 134
Trd, 4318525.893, 118
Trd, 4318526.493, 99
Trd, 4318526.843, 90
Trd, 4318528.543, 127
Trd, 4318528.593, 124
Trd, 4318528.643, 123
Trd, 4318528.743, 117
Trd, 4318529.143, 135
Trd, 4318530.943, 102
Trd, 4318531.593, 117
Trd, 4318532.593, 88
Trd, 4318532.693, 106
Trd, 4318532.993, 102
Trd, 4318533.943, 97
Trd, 4318535.743, 87
Trd, 4318536.243, 89
Trd, 4318536.393, 69
Trd, 4318537.443, 81
Trd, 4318537.743, 123
Trd, 4318538.243, 111
Trd, 4318538.543, 66
Trd, 4318539.993, 118
Trd, 4318540.243, 103
Trd, 4318540.643, 97
Trd, 4318541.343, 115
Trd, 4318542.243, 89
Trd, 4318542.493, 83
Trd, 4318542.743, 91
Trd, 4318545.193, 78
Trd, 4318545.643, 91
Trd, 4318545.993, 77
Trd, 4318546.443, 75
Trd, 4318546.693, 84
Trd, 4318547.893, 98
Trd, 4318548.243, 109
Trd, 4318548.493, 103
Trd, 4318549.543, 138
Trd, 4318549.693, 131
Trd, 4318550.243, 100
Trd, 4318550.543, 89
Trd, 4318551.293, 97
Trd, 4318551.993, 140
Trd, 4318553.693, 82
Trd, 4318553.943, 78
Trd, 4318554.643, 110
Trd, 4318554.793, 76
Trd, 4318555.343, 100
Trd, 4318556.943, 114
Trd, 4318557.093, 113
Trd, 4318557.193, 104
Trd, 4318557.393, 118
Trd, 4318557.893, 111
Trd, 4318559.743, 115
Trd, 4318560.093, 114
Trd, 4318561.393, 120
Trd, 4318561.443, 115
Trd, 4318561.493, 112
Trd, 4318562.543, 126
Trd, 4318562.843, 95
Trd, 4318563.143, 77
Trd, 4318563.793, 137
Trd, 4318564.543, 109
Trd, 4318564.643, 85
Trd, 4318565.793, 123
Trd, 4318565.943, 111
Trd, 4318566.343, 132
Trd, 4318567.093, 109
Trd, 4318568.443, 136
Trd, 4318570.093, 114
Trd, 4318570.293, 104
Trd, 4318572.093, 90
Trd, 4318572.493, 83
Trd, 4318573.043, 119
Trd, 4318573.893, 97
Trd, 4318574.443, 95
Trd, 4318574.643, 88
Trd, 4318574.693, 62
Trd, 4318574.793, 96
Trd, 4318577.543, 106
Trd, 4318577.593, 114
Trd, 4318579.243, 84
Trd, 4318579.493, 95
Trd, 4318580.743, 131
Trd, 4318582.143, 121
Trd, 4318582.643, 117
Trd, 4318583.643, 121
Trd, 4318583.993, 105
Trd, 4318584.193, 105
Trd, 4318584.393, 105
Trd, 4318585.393, 133
Trd, 4318585.993, 134
Trd, 4318586.393, 105
Trd, 4318586.943, 82
Trd, 4318587.093, 83
Trd, 4318588.543, 140
Trd, 4318588.743, 109
Trd, 4318589.393, 101
Trd, 4318590.193, 136
Trd, 4318591.843, 67
Trd, 4318592.143, 76
Trd, 4318592.793, 127
Trd, 4318593.393, 82
Trd, 4318593.693, 61
Trd, 4318594.493, 62
Trd, 4318594.893, 61
Trd, 4318594.993, 86
Trd, 4318595.643, 60
Trd, 4318596.293, 62
Trd, 4318596.443, 86
Trd, 4318597.393, 129
Trd, 4318598.193, 114
Trd, 4318599.693, 100
Trd, 4318600.243, 137
Trd, 4318600.443, 130
Trd, 4318600.843, 80
Trd, 4318601.293, 90
Trd, 4318601.543, 79
Trd, 4318602.793, 84
Trd, 4318604.193, 104
Trd, 4318605.293, 95
Trd, 4318605.493, 121
Trd, 4318605.943, 119
Trd, 4318606.843, 132
Trd, 4318607.293, 121
Trd, 4318607.993, 113
Trd, 4318608.193, 112
Trd, 4318609.243, 116
Trd, 4318609.393, 106
Trd, 4318610.343, 107
Trd, 4318610.493, 101
Trd, 4318611.193, 94
Trd, 4318613.243, 102
Trd, 4318613.343, 126
Trd, 4318614.043, 106
Trd, 4318614.743, 109
Trd, 4318615.143, 132
Trd, 4318616.343, 60
Trd, 4318616.643, 112
Trd, 4318618.343, 127
Trd, 4318618.643, 128
Trd, 4318618.893, 106
Trd, 4318619.293, 119
Trd, 4318619.793, 91
Trd, 4318619.843, 71
Trd, 4318620.793, 95
Trd, 4318621.093, 92
Trd, 4318622.393, 65
Trd, 4318622.693, 87
Trd, 4318623.393, 69
Trd, 4318623.793, 110
Trd, 4318625.743, 80
Trd, 4318626.543, 105
Trd, 4318627.193, 87
Trd, 4318627.493, 69
Trd, 4318628.193, 94
Trd, 4318628.443, 107
Trd, 4318629.443, 85
Trd, 4318629.993, 98
Trd, 4318630.593, 91
Trd, 4318630.743, 70
Trd, 4318633.393, 105
Trd, 4318633.743, 132
Trd, 4318633.943, 80
Trd, 4318634.043, 81
Trd, 4318635.343, 97
Trd, 4318636.093, 108
Trd, 4318636.393, 103
Trd, 4318637.093, 84
Trd, 4318637.243, 94
Trd, 4318638.093, 112
Trd, 4318638.993, 108
Trd, 4318639.343, 89
Trd, 4318640.093, 85
Trd, 4318641.643, 132
Trd, 4318642.193, 70
Trd, 4318643.593, 105
Trd, 4318644.643, 79
Trd, 4318645.843, 98
Trd, 4318646.293, 119
Trd, 4318646.793, 99
Trd, 4318648.293, 84
Trd, 4318648.343, 82
Trd, 4318648.493, 80
Trd, 4318650.393, 131
Trd, 4318651.143, 125
Trd, 4318651.593, 113
Trd, 4318651.993, 129
Trd, 4318652.593, 103
Trd, 4318652.743, 100
Trd, 4318654.393, 104
Trd, 4318654.793, 94
Trd, 4318655.593, 108
Trd, 4318656.193, 86
Trd, 4318656.993, 92
Trd, 4318658.343, 116
Trd, 4318658.543, 82
Trd, 4318658.743, 103
Trd, 4318659.193, 81
Trd, 4318659.493, 77
Trd, 4318660.193, 121
Trd, 4318661.743, 68
Trd, 4318663.143, 137
Trd, 4318663.493, 106
Trd, 4318664.393, 100
Trd, 4318664.693, 91
Trd, 4318665.293, 101
Trd, 4318665.343, 107
Trd, 4318665.493, 85
Trd, 4318665.843, 117
Trd, 4318667.093, 99
Trd, 4318667.943, 77
Trd, 4318668.593, 76
Trd, 4318668.793, 84
Trd, 4318669.343, 78
Trd, 4318669.993, 93
Trd, 4318670.093, 92
Trd, 4318671.643, 109
Trd, 4318672.743, 70
Trd, 4318672.793, 124
Trd, 4318674.143, 133
Trd, 4318674.293, 123
Trd, 4318675.093, 113
Trd, 4318676.193, 92
Trd, 4318676.993, 78
Trd, 4318677.243, 64
Trd, 4318677.543, 102
Trd, 4318677.843, 107
Trd, 4318679.143, 100
Trd, 4318680.543, 106
Trd, 4318681.193, 81
Trd, 4318681.343, 82
Trd, 4318681.843, 85
Trd, 4318682.193, 126
Trd, 4318682.293, 129
Trd, 4318683.443, 63
Trd, 4318684.543, 81
Trd, 4318685.993, 140
Trd, 4318686.693, 104
Trd, 4318687.893, 70
Trd, 4318688.193, 125
Trd, 4318688.393, 118
Trd, 4318688.943, 131
Trd, 4318689.743, 114
Trd, 4318690.493, 113
Trd, 4318690.743, 114
Trd, 4318690.993, 104
Trd, 4318691.443, 107
Trd, 4318693.043, 64
Trd, 4318693.343, 62
Trd, 4318694.993, 71
Trd, 4318695.143, 60
Trd, 4318696.343, 69
Trd, 4318696.643, 75
Trd, 4318698.593, 120
Trd, 4318698.693, 108
Trd, 4318699.293, 130
Trd, 4318699.693, 101
Trd, 4318699.793, 122
Trd, 4318700.043, 93
Trd, 4318700.243, 80
Trd, 4318700.393, 97
Trd, 4318701.493, 87
Trd, 4318702.043, 115
Trd, 4318702.443, 92
Trd, 4318703.293, 132
Trd, 4318703.543, 86
Trd, 4318705.093, 131
Trd, 4318705.343, 93
Trd, 4318706.843, 103
Trd, 4318706.943, 107
Trd, 4318707.143, 80
Trd, 4318707.593, 96
Trd, 4318709.343, 121
Trd, 4318710.043, 109
Trd, 4318710.743, 94
Trd, 4318710.993, 91
Trd, 4318712.043, 96
Trd, 4318713.143, 62
Trd, 4318714.193, 83
Trd, 4318714.293, 86
Trd, 4318714.643, 132
Trd, 4318714.693, 92
Trd, 4318715.043, 85
Trd, 4318715.793, 110
Trd, 4318717.493, 140
Trd, 4318718.243, 77
Trd, 4318719.593, 140
Trd, 4318719.993, 133
Trd, 4318720.643, 135
Trd, 4318721.393, 96
Trd, 4318722.343, 95
Trd, 4318722.593, 85
Trd, 4318722.743, 84
Trd, 4318724.043, 77
Trd, 4318724.293, 67
Trd, 4318724.993, 106
Trd, 4318725.493, 84
Trd, 4318726.843, 108
Trd, 4318728.843, 66
Trd, 4318729.393, 65
Trd, 4318729.693, 69
Trd, 4318729.793, 97
Trd, 4318730.093, 82
Trd, 4318730.443, 111
Trd, 4318731.193, 97
Trd, 4318731.543, 127
Trd, 4318732.593, 92
Trd, 4318734.043, 127
Trd, 4318734.393, 120
Trd, 4318734.843, 127
Trd, 4318735.243, 81
Trd, 4318735.543, 135
Trd, 4318737.593, 123
Trd, 4318737.743, 114
Trd, 4318738.543, 107
Trd, 4318738.743, 92
Trd, 4318739.493, 74
Trd, 4318740.893, 138
Trd, 4318741.843, 139
Trd, 4318742.093, 128
Trd, 4318742.143, 118
Trd, 4318742.493, 103
Trd, 4318743.093, 140
Trd, 4318743.643, 86
Trd, 4318744.193, 126
Trd, 4318744.793, 123
Trd, 4318745.743, 104
Trd, 4318746.393, 117
Trd, 4318747.093, 112
Trd, 4318747.793, 133
Trd, 4318749.293, 89
Trd, 4318749.393, 70
Trd, 4318750.043, 137
Trd, 4318750.593, 111
Trd, 4318751.043, 99
Trd, 4318751.143, 100
Trd, 4318751.443, 97
Trd, 4318751.993, 95
Trd, 4318753.343, 84
Trd, 4318753.993, 88
Trd, 4318754.893, 94
Trd, 4318755.043, 101
Trd, 4318755.143, 116
Trd, 4318756.043, 104
Trd, 4318756.693, 110
Trd, 4318756.793, 103
Trd, 4318758.043, 112
Trd, 4318758.543, 101
Trd, 4318759.743, 94
Trd, 4318760.043, 87
Trd, 4318761.643, 94
Trd, 4318761.943, 114
Trd, 4318762.493, 83
Trd, 4318764.593, 108
Trd, 4318765.243, 101
Trd, 4318765.743, 92
Trd, 4318766.043, 107
Trd, 4318766.243, 75
Trd, 4318766.343, 110
Trd, 4318766.793, 116
Trd, 4318768.343, 80
Trd, 4318769.693, 87
Trd, 4318770.193, 95
Trd, 4318770.293, 61
Trd, 4318770.443, 92
Trd, 4318771.643, 87
Trd, 4318772.093, 73
Trd, 4318773.593, 111
Trd, 4318773.643, 107
Trd, 4318773.943, 107
Trd, 4318774.643, 121
Trd, 4318774.943, 118
Trd, 4318775.243, 99
Trd, 4318776.593, 119
Trd, 4318777.843, 122
Trd, 4318777.893, 119
Trd, 4318778.493, 121
Trd, 4318778.643, 114
Trd, 4318779.793, 109
Trd, 4318780.743, 106
Trd, 4318780.843, 76
Trd, 4318782.393, 82
Trd, 4318782.893, 64
Trd, 4318783.043, 97
Trd, 4318784.643, 87
Trd, 4318785.143, 86
Trd, 4318785.893, 76
Trd, 4318785.993, 75
Trd, 4318787.843, 106
Trd, 4318788.043, 101
Trd, 4318788.693, 104
Trd, 4318789.743, 111
Trd, 4318790.193, 115
Trd, 4318790.793, 136
Trd, 4318791.043, 82
Trd, 4318791.643, 80
Trd, 4318792.393, 76
Trd, 4318792.793, 79
Trd, 4318793.243, 87
Trd, 4318794.293, 97
Trd, 4318794.393, 79
Trd, 4318795.293, 109
Trd, 4318795.443, 107
Trd, 4318795.943, 100
Trd, 4318796.143, 74
Trd, 4318796.343, 125
Trd, 4318796.743, 111
Trd, 4318797.493, 61
Trd, 4318800.143, 100
Trd, 4318800.543, 109
Trd, 4318801.443, 132
Trd, 4318801.743, 123
Trd, 4318802.543, 85
Trd, 4318803.943, 122
Trd, 4318804.243, 114
Trd, 4318804.793, 104
Trd, 4318805.243, 96
Trd, 4318805.743, 80
Trd, 4318806.593, 110
Trd, 4318807.343, 92
Trd, 4318808.643, 136
Trd, 4318809.793, 138
Trd, 4318810.493, 127
Trd, 4318811.093, 111
Trd, 4318812.093, 98
Trd, 4318812.193, 111
Trd, 4318813.193, 111
Trd, 4318814.393, 112
Trd, 4318814.493, 106
Trd, 4318815.193, 100
Trd, 4318816.993, 116
Trd, 4318817.343, 115
Trd, 4318818.543, 116
Trd, 4318819.043, 123
Trd, 4318819.393, 114
Trd, 4318819.593, 97
Trd, 4318819.843, 93
Trd, 4318820.243, 90
Trd, 4318821.043, 78
Trd, 4318821.093, 99
Trd, 4318823.193, 134
Trd, 4318823.693, 130
Trd, 4318824.143, 81
Trd, 4318824.443, 119
Trd, 4318825.143, 129
Trd, 4318825.693, 65
Trd, 4318828.543, 109
Trd, 4318829.393, 115
Trd, 4318829.843, 116
Trd, 4318831.643, 133
Trd, 4318831.943, 108
Trd, 4318832.593, 81
Trd, 4318833.043, 122
Trd, 4318834.243, 84
Trd, 4318834.843, 81
Trd, 4318835.493, 106
Trd, 4318836.143, 81
Trd, 4318836.243, 124
Trd, 4318836.893, 128
Trd, 4318837.493, 135
Trd, 4318837.743, 84
Trd, 4318838.293, 70
Trd, 4318838.443, 136
Trd, 4318839.893, 139
Trd, 4318840.293, 121
Trd, 4318840.943, 120
Trd, 4318841.743, 79
Trd, 4318842.293, 63
Trd, 4318843.043, 93
Trd, 4318843.193, 107
Trd, 4318844.243, 73
Trd, 4318845.543, 71
Trd, 4318845.943, 92
Trd, 4318846.793, 65
Trd, 4318847.143, 105
Trd, 4318848.343, 60
Trd, 4318849.343, 80
Trd, 4318849.693, 70
Trd, 4318851.143, 79
Trd, 4318851.793, 70
Trd, 4318853.043, 128
Trd, 4318853.193, 119
Trd, 4318853.693, 111
Trd, 4318854.393, 124
Trd, 4318855.093, 103
Trd, 4318855.243, 96
Trd, 4318855.843, 79
Trd, 4318856.193, 108
Trd, 4318857.443, 113
Trd, 4318858.743, 91
Trd, 4318859.293, 117
Trd, 4318859.493, 118
Trd, 4318860.693, 139
Trd, 4318861.093, 138
Trd, 4318862.193, 123
Trd, 4318863.943, 139
Trd, 4318864.543, 130
Trd, 4318865.443, 132
Trd, 4318865.843, 108
Trd, 4318865.893, 91
Trd, 4318867.443, 81
Trd, 4318867.743, 84
Trd, 4318868.393, 67
Trd, 4318868.793, 125
Trd, 4318869.443, 122
Trd, 4318869.593, 126
Trd, 4318869.943, 128
Trd, 4318871.643, 129
Trd, 4318872.893, 125
Trd, 4318873.493, 121
Trd, 4318873.793, 95
Trd, 4318874.643, 114
Trd, 4318874.793, 78
Trd, 4318875.843, 97
Trd, 4318876.093, 104
Trd, 4318877.593, 94
Trd, 4318877.993, 98
Trd, 4318878.343, 95
Trd, 4318879.093, 133
Trd, 4318879.493, 138
Trd, 4318880.393, 123
Trd, 4318880.943, 94
Trd, 4318881.343, 68
Trd, 4318881.743, 79
Trd, 4318882.493, 137
Trd, 4318883.793, 94
Trd, 4318884.993, 60
Trd, 4318885.793, 100
Trd, 4318886.043, 106
Trd, 4318886.743, 84
Trd, 4318888.443, 97
Trd, 4318888.693, 118
Trd, 4318888.793, 109
Trd, 4318888.843, 70
Trd, 4318889.843, 115
Trd, 4318890.993, 78
Trd, 4318892.593, 89
Trd, 4318893.593, 117
Trd, 4318893.843, 108
Trd, 4318894.443, 95
Trd, 4318894.593, 80
Trd, 4318895.493, 101
Trd, 4318895.843, 135
Trd, 4318896.243, 96
Trd, 4318897.443, 89
Trd, 4318898.043, 106
Trd, 4318898.893, 83
Trd, 4318900.793, 104
Trd, 4318901.743, 108
Trd, 4318902.543, 139
Trd, 4318902.943, 109
Trd, 4318903.443, 118
Trd, 4318904.093, 109
Trd, 4318904.193, 85
Trd, 4318904.543, 108
Trd, 4318904.993, 101
Trd, 4318905.143, 133
Trd, 4318905.443, 84
Trd, 4318907.093, 93
Trd, 4318907.543, 91
Trd, 4318909.543, 81
Trd, 4318910.043, 93
Trd, 4318911.093, 78
Trd, 4318912.943, 106
Trd, 4318913.093, 105
Trd, 4318913.843, 118
Trd, 4318914.643, 112
Trd, 4318914.743, 98
Trd, 4318914.943, 136
Trd, 4318915.593, 130
Trd, 4318916.543, 123
Trd, 4318916.643, 70
Trd, 4318917.593, 71
Trd, 4318918.593, 140
Trd, 4318918.743, 117
Trd, 4318920.193, 109
Trd, 4318920.443, 105
Trd, 4318921.793, 99
Trd, 4318922.043, 79
Trd, 4318922.343, 132
Trd, 4318923.043, 128
Trd, 4318923.543, 115
Trd, 4318923.643, 108
Trd, 4318924.793, 131
Trd, 4318925.493, 130
Trd, 4318925.593, 115
Trd, 4318926.043, 134
Trd, 4318927.393, 120
Trd, 4318927.543, 114
Trd, 4318928.193, 116
Trd, 4318928.393, 85
Trd, 4318929.193, 133
Trd, 4318929.643, 82
Trd, 4318930.893, 67
Trd, 4318932.093, 117
Trd, 4318932.243, 118
Trd, 4318932.343, 86
Trd, 4318933.643, 112
Trd, 4318933.793, 84
Trd, 4318934.793, 97
Trd, 4318934.943, 92
Trd, 4318936.393, 117
Trd, 4318937.443, 114
Trd, 4318938.043, 114
Trd, 4318938.293, 101
Trd, 4318939.943, 130
Trd, 4318940.193, 120
Trd, 4318940.343, 115
Trd, 4318941.193, 110
Trd, 4318941.243, 104
Trd, 4318941.343, 97
Trd, 4318942.093, 91
Trd, 4318942.293, 117
Trd, 4318942.643, 123
Trd, 4318944.443, 108
Trd, 4318944.993, 113
Trd, 4318945.293, 109
Trd, 4318947.093, 124
Trd, 4318947.193, 99
Trd, 4318947.343, 130
Trd, 4318947.893, 132
Trd, 4318948.093, 126
Trd, 4318950.043, 117
Trd, 4318950.993, 103
Trd, 4318952.443, 139
Trd, 4318952.793, 129
Trd, 4318953.443, 140
Trd, 4318953.543, 132
Trd, 4318953.743, 125
Trd, 4318953.843, 118
Trd, 4318955.543, 121
Trd, 4318956.093, 124
Trd, 4318957.543, 108
Trd, 4318958.043, 108
Trd, 4318959.243, 107
Trd, 4318959.443, 97
Trd, 4318959.643, 89
Trd, 4318960.243, 93
Trd, 4318961.393, 118
Trd, 4318961.943, 132
Trd, 4318963.293, 126
Trd, 4318964.143, 126
Trd, 4318964.193, 114
Trd, 4318964.293, 87
Trd, 4318964.593, 80
Trd, 4318964.743, 72
Trd, 4318965.693, 66
Trd, 4318967.143, 122
Trd, 4318967.843, 94
Trd, 4318967.993, 94
Trd, 4318968.343, 70
Trd, 4318969.193, 112
Trd, 4318969.743, 100
Trd, 4318970.043, 106
Trd, 4318970.793, 63
Trd, 4318971.793, 102
Trd, 4318972.843, 110
Trd, 4318973.193, 122
Trd, 4318973.943, 117
Trd, 4318974.143, 103
Trd, 4318974.293, 108
Trd, 4318975.743, 105
Trd, 4318976.393, 115
Trd, 4318977.193, 105
Trd, 4318977.493, 109
Trd, 4318977.593, 83
Trd, 4318979.493, 77
Trd, 4318979.843, 77
Trd, 4318980.643, 99
Trd, 4318982.893, 119
Trd, 4318983.393, 119
Trd, 4318983.643, 110
Trd, 4318984.443, 121
Trd, 4318984.743, 110
Trd, 4318985.693, 83
Trd, 4318985.793, 99
Trd, 4318986.243, 105
Trd, 4318986.693, 94
Trd, 4318987.493, 124
Trd, 4318987.643, 83
Trd, 4318988.543, 136
Trd, 4318989.443, 78
Trd, 4318990.443, 84
Trd, 4318990.843, 99
Trd, 4318991.143, 129
Trd, 4318991.443, 89
Trd, 4318993.093, 60
Trd, 4318995.193, 111
Trd, 4318995.743, 94
Trd, 4318997.393, 103
Trd, 4318998.193, 90
Trd, 4318998.493, 91
Trd, 4318999.293, 125
Trd, 4318999.693, 136
Trd, 4318999.993, 116
Trd, 4319000.893, 129
Trd, 4319001.793, 79
Trd, 4319002.443, 130
Trd, 4319003.043, 124
Trd, 4319004.043, 97
Trd, 4319004.543, 137
Trd, 4319005.193, 91
Trd, 4319005.293, 87
Trd, 4319005.943, 99
Trd, 4319007.093, 70
Trd, 4319007.793, 60
Trd, 4319009.543, 82
Trd, 4319009.693, 83
Trd, 4319010.243, 101
Trd, 4319010.893, 79
Trd, 4319011.343, 78
Trd, 4319011.993, 95
Trd, 4319012.193, 97
Trd, 4319013.343, 116
Trd, 4319013.893, 103
Trd, 4319014.093, 82
Trd, 4319015.793, 120
Trd, 4319016.393, 116
Trd, 4319016.843, 114
Trd, 4319017.493, 107
Trd, 4319017.593, 103
Trd, 4319017.893, 99
Trd, 4319018.943, 127
Trd, 4319019.293, 87
Trd, 4319019.743, 131
Trd, 4319021.693, 135
Trd, 4319022.443, 117
Trd, 4319022.943, 118
Trd, 4319023.243, 99
Trd, 4319024.093, 100
Trd, 4319024.343, 97
Trd, 4319025.243, 108
Trd, 4319025.593, 125
Trd, 4319026.293, 135
Trd, 4319027.793, 133
Trd, 4319028.443, 113
Trd, 4319028.843, 110
Trd, 4319029.093, 69
Trd, 4319029.393, 79
Trd, 4319029.743, 120
Trd, 4319030.343, 124
Trd, 4319031.243, 123
Trd, 4319031.993, 105
Trd, 4319033.293, 99
Trd, 4319034.093, 133
Trd, 4319034.193, 100
Trd, 4319034.593, 98
Trd, 4319036.393, 139
Trd, 4319036.943, 105
Trd, 4319037.893, 99
Trd, 4319038.443, 113
Trd, 4319038.543, 80
Trd, 4319038.993, 94
Trd, 4319040.593, 93
Trd, 4319040.743, 75
Trd, 4319041.993, 132
Trd, 4319042.593, 112
Trd, 4319043.193, 91
Trd, 4319043.993, 99
Trd, 4319044.343, 129
Trd, 4319044.793, 83
Trd, 4319045.493, 138
Trd, 4319046.393, 137
Trd, 4319046.543, 113
Trd, 4319047.093, 67
Trd, 4319048.393, 125
Trd, 4319048.843, 81
Trd, 4319048.893, 85
Trd, 4319049.843, 63
Trd, 4319050.443, 69
Trd, 4319050.993, 111
Trd, 4319051.593, 100
Trd, 4319052.093, 68
Trd, 4319053.643, 74
Trd, 4319054.143, 117
Trd, 4319055.093, 121
Trd, 4319055.193, 84
Trd, 4319056.493, 111
Trd, 4319058.043, 138
Trd, 4319058.643, 128
Trd, 4319058.893, 111
Trd, 4319059.043, 96
Trd, 4319060.243, 114
Trd, 4319060.893, 120
Trd, 4319061.343, 99
Trd, 4319062.093, 121
Trd, 4319062.493, 97
Trd, 4319062.543, 78
Trd, 4319063.993, 126
Trd, 4319064.043, 95
Trd, 4319065.893, 81
Trd, 4319066.793, 72
Trd, 4319067.393, 98
Trd, 4319068.193, 139
Trd, 4319069.093, 75
Trd, 4319070.943, 127
Trd, 4319071.193, 99
Trd, 4319071.593, 140
Trd, 4319072.793, 111
Trd, 4319073.043, 96
Trd, 4319073.443, 84
Trd, 4319075.993, 93
Trd, 4319076.243, 72
Trd, 4319076.593, 70
Trd, 4319077.393, 112
Trd, 4319077.443, 103
Trd, 4319077.693, 70
Trd, 4319077.993, 119
Trd, 4319079.593, 109
Trd, 4319079.993, 127
Trd, 4319080.343, 110
Trd, 4319081.143, 82
Trd, 4319081.393, 77
Trd, 4319081.743, 138
Trd, 4319082.943, 79
Trd, 4319083.193, 79
Trd, 4319084.043, 125
Trd, 4319085.293, 99
Trd, 4319086.143, 87
Trd, 4319086.193, 81
Trd, 4319087.443, 123
Trd, 4319087.743, 117
Trd, 4319087.793, 115
Trd, 4319088.543, 129
Trd, 4319089.193, 100
Trd, 4319091.543, 104
Trd, 4319092.043, 140
Trd, 4319092.243, 79
Trd, 4319092.943, 104
Trd, 4319093.143, 113
Trd, 4319093.793, 112
Trd, 4319095.793, 125
Trd, 4319096.343, 122
Trd, 4319096.493, 127
Trd, 4319096.893, 114
Trd, 4319097.443, 137
Trd, 4319097.743, 109
Trd, 4319098.443, 102
Trd, 4319098.493, 89
Trd, 4319099.643, 103
Trd, 4319099.693, 112
Trd, 4319099.943, 135
Trd, 4319100.343, 106
Trd, 4319101.843, 139
Trd, 4319102.693, 123
Trd, 4319102.743, 120
Trd, 4319102.843, 113
Trd, 4319103.343, 123
Trd, 4319103.693, 89
Trd, 4319105.243, 123
Trd, 4319106.143, 72
Trd, 4319106.343, 83
Trd, 4319108.093, 137
Trd, 4319108.293, 88
Trd, 4319108.893, 75
Trd, 4319109.143, 109
Trd, 4319109.343, 124
Trd, 4319110.093, 62
Trd, 4319112.243, 139
Trd, 4319113.293, 116
Trd, 4319113.393, 80
Trd, 4319113.643, 116
Trd, 4319113.843, 115
Trd, 4319114.893, 109
Trd, 4319115.093, 102
Trd, 4319115.143, 89
Trd, 4319117.093, 88
Trd, 4319117.343, 89
Trd, 4319117.643, 85
Trd, 4319118.193, 131
Trd, 4319118.793, 93
Trd, 4319120.443, 132
Trd, 4319121.393, 119
Trd, 4319121.743, 137
Trd, 4319122.143, 126
Trd, 4319122.193, 121
Trd, 4319122.643, 124
Trd, 4319124.143, 115
Trd, 4319125.043, 130
Trd, 4319125.193, 121
Trd, 4319125.443, 82
Trd, 4319125.643, 101
Trd, 4319127.743, 78
Trd, 4319128.093, 116
Trd, 4319128.343, 81
Trd, 4319128.443, 81
Trd, 4319130.543, 115
Trd, 4319131.893, 136
Trd, 4319132.393, 124
Trd, 4319132.743, 119
Trd, 4319133.243, 68
Trd, 4319134.893, 95
Trd, 4319135.743, 106
Trd, 4319135.893, 108
Trd, 4319136.193, 86
Trd, 4319136.693, 97
Trd, 4319137.543, 78
Trd, 4319138.593, 103
Trd, 4319139.693, 95
Trd, 4319139.793, 89
Trd, 4319140.243, 74
Trd, 4319141.143, 99
Trd, 4319141.193, 122
Trd, 4319141.693, 75
Trd, 4319142.043, 102
Trd, 4319143.693, 72
Trd, 4319144.243, 80
Trd, 4319144.343, 92
Trd, 4319144.843, 78
Trd, 4319145.243, 93
Trd, 4319145.593, 80
Trd, 4319145.843, 61
Trd, 4319147.093, 88
Trd, 4319147.293, 110
Trd, 4319148.243, 75
Trd, 4319149.193, 92
Trd, 4319149.693, 111
Trd, 4319149.793, 77
Trd, 4319150.143, 129
Trd, 4319151.493, 88
Trd, 4319151.993, 98
Trd, 4319152.693, 119
Trd, 4319153.293, 120
Trd, 4319154.093, 115
Trd, 4319154.493, 85
Trd, 4319156.343, 120
Trd, 4319157.493, 132
Trd, 4319157.893, 126
Trd, 4319158.043, 121
Trd, 4319158.793, 68
Trd, 4319159.243, 127
Trd, 4319160.593, 127
Trd, 4319161.043, 114
Trd, 4319162.293, 107
Trd, 4319162.493, 93
Trd, 4319162.593, 93
Trd, 4319163.343, 84
Trd, 4319163.943, 97
Trd, 4319164.743, 117
Trd, 4319165.693, 129
Trd, 4319167.443, 113
Trd, 4319167.943, 104
Trd, 4319169.143, 104
Trd, 4319169.443, 95
Trd, 4319170.293, 127
Trd, 4319170.643, 75
Trd, 4319170.793, 123
Trd, 4319170.893, 63
Trd, 4319172.843, 138
Trd, 4319172.893, 137
Trd, 4319173.043, 123
Trd, 4319173.893, 87
Trd, 4319174.643, 69
Trd, 4319175.393, 124
Trd, 4319177.193, 60
Trd, 4319177.743, 137
Trd, 4319177.893, 130
Trd, 4319179.743, 95
Trd, 4319179.793, 112
Trd, 4319180.243, 117
Trd, 4319180.643, 79
Trd, 4319180.843, 123
Trd, 4319181.043, 125
Trd, 4319181.293, 67
Trd, 4319182.193, 67
Trd, 4319183.443, 71
Trd, 4319185.193, 82
Trd, 4319185.743, 66
Trd, 4319185.893, 86
Trd, 4319186.393, 77
Trd, 4319186.643, 96
Trd, 4319187.593, 94
Trd, 4319187.743, 75
Trd, 4319187.943, 125
Trd, 4319188.343, 112
Trd, 4319189.543, 60
Trd, 4319190.493, 82
Trd, 4319191.593, 126
Trd, 4319191.693, 61
Trd, 4319193.093, 100
Trd, 4319193.743, 92
Trd, 4319193.843, 72
Trd, 4319194.393, 124
Trd, 4319194.943, 88
Trd, 4319196.043, 139
Trd, 4319197.143, 135
Trd, 4319198.093, 124
Trd, 4319198.143, 121
Trd, 4319199.143, 101
Trd, 4319199.443, 82
Trd, 4319199.643, 116
Trd, 4319200.443, 71
Trd, 4319201.143, 100
Trd, 4319202.043, 123
Trd, 4319202.343, 95
Trd, 4319203.443, 69
Trd, 4319203.643, 88
Trd, 4319204.243, 71
Trd, 4319205.193, 114
Trd, 4319207.243, 105
Trd, 4319207.393, 124
Trd, 4319207.493, 100
Trd, 4319208.593, 120
Trd, 4319208.943, 108
Trd, 4319208.993, 102
Trd, 4319210.443, 135
Trd, 4319211.043, 106
Trd, 4319211.993, 108
Trd, 4319212.193, 128
Trd, 4319212.393, 101
Trd, 4319213.643, 88
Trd, 4319213.793, 100
Trd, 4319215.493, 99
Trd, 4319215.643, 111
Trd, 4319216.843, 116
Trd, 4319218.043, 109
Trd, 4319218.143, 98
Trd, 4319219.293, 118
Trd, 4319219.493, 95
Trd, 4319220.343, 122
Trd, 4319220.443, 119
Trd, 4319220.593, 111
Trd, 4319221.643, 111
Trd, 4319222.443, 136
Trd, 4319222.993, 79
Trd, 4319223.293, 96
Trd, 4319224.043, 124
Trd, 4319225.093, 116
Trd, 4319225.543, 108
Trd, 4319226.493, 135
Trd, 4319227.293, 86
Trd, 4319228.443, 96
Trd, 4319228.493, 80
Trd, 4319229.493, 73
Trd, 4319230.093, 76
Trd, 4319230.343, 67
Trd, 4319231.543, 138
Trd, 4319234.593, 103
Trd, 4319234.893, 91
Trd, 4319235.243, 86
Trd, 4319236.443, 98
Trd, 4319236.493, 99
Trd, 4319237.243, 88
Trd, 4319237.543, 95
Trd, 4319237.693, 128
Trd, 4319238.393, 78
Trd, 4319238.893, 86
Trd, 4319239.193, 93
Trd, 4319240.693, 95
Trd, 4319240.893, 76
Trd, 4319242.093, 132
Trd, 4319243.793, 72
Trd, 4319244.343, 82
Trd, 4319245.643, 112
Trd, 4319245.993, 126
Trd, 4319246.093, 107
Trd, 4319246.793, 94
Trd, 4319247.093, 139
Trd, 4319247.843, 78
Trd, 4319248.743, 76
Trd, 4319249.243, 103
Trd, 4319249.643, 65
Trd, 4319251.293, 124
Trd, 4319251.643, 119
Trd, 4319251.693, 71
Trd, 4319252.293, 110
Trd, 4319253.093, 100
Trd, 4319253.443, 94
Trd, 4319254.043, 108
Trd, 4319254.643, 137
Trd, 4319254.893, 90
Trd, 4319255.343, 93
Trd, 4319255.843, 66
Trd, 4319256.843, 112
Trd, 4319257.643, 110
Trd, 4319257.793, 105
Trd, 4319258.693, 107
Trd, 4319258.943, 133
Trd, 4319259.143, 103
Trd, 4319259.743, 96
Trd, 4319260.343, 96
Trd, 4319261.193, 110
Trd, 4319261.243, 109
Trd, 4319263.393, 102
Trd, 4319263.793, 77
Trd, 4319263.843, 68
Trd, 4319264.093, 127
Trd, 4319265.243, 60
Trd, 4319266.593, 95
Trd, 4319267.343, 80
Trd, 4319268.043, 138
Trd, 4319268.393, 79
Trd, 4319268.843, 84
Trd, 4319270.043, 111
Trd, 4319270.993, 78
Trd, 4319271.943, 117
Trd, 4319272.293, 139
Trd, 4319272.593, 115
Trd, 4319273.393, 128
Trd, 4319273.593, 122
Trd, 4319273.893, 114
Trd, 4319274.343, 130
Trd, 4319274.693, 119
Trd, 4319274.893, 111
Trd, 4319277.193, 129
Trd, 4319277.943, 134
Trd, 4319278.243, 136
Trd, 4319278.293, 119
Trd, 4319279.193, 115
Trd, 4319279.493, 108
Trd, 4319280.443, 100
Trd, 4319281.343, 135
Trd, 4319281.693, 121
Trd, 4319281.843, 113
Trd, 4319281.893, 89
Trd, 4319282.543, 100
Trd, 4319284.293, 110
Trd, 4319284.693, 108
Trd, 4319285.193, 97
Trd, 4319286.343, 136
Trd, 4319287.343, 104
Trd, 4319288.143, 89
Trd, 4319288.843, 65
Trd, 4319289.043, 125
Trd, 4319290.143, 73
Trd, 4319290.543, 84
Trd, 4319290.593, 111
Trd, 4319292.143, 100
Trd, 4319292.393, 100
Trd, 4319292.993, 61
Trd, 4319293.543, 67
Trd, 4319294.143, 86
Trd, 4319294.243, 67
Trd, 4319295.243, 68
Trd, 4319296.143, 62
Trd, 4319296.793, 119
Trd, 4319297.093, 93
Trd, 4319298.393, 94
Trd, 4319299.943, 82
Trd, 4319300.693, 91
Trd, 4319300.943, 96
Trd, 4319301.693, 101
Trd, 4319301.743, 103
Trd, 4319301.793, 119
Trd, 4319302.443, 62
Trd, 4319303.043, 92
Trd, 4319304.743, 65
Trd, 4319305.643, 69
Trd, 4319306.043, 70
Trd, 4319306.593, 106
Trd, 4319306.843, 88
Trd, 4319307.593, 63
Trd, 4319308.293, 93
Trd, 4319308.993, 137
Trd, 4319309.593, 97
Trd, 4319310.493, 104
Trd, 4319311.343, 120
Trd, 4319311.393, 98
Trd, 4319312.843, 78
Trd, 4319313.493, 76
Trd, 4319314.843, 65
Trd, 4319316.243, 101
Trd, 4319316.343, 94
Trd, 4319316.443, 110
Trd, 4319316.693, 105
Trd, 4319318.693, 127
Trd, 4319318.993, 101
Trd, 4319319.943, 126
Trd, 4319320.793, 88
Trd, 4319321.293, 74
Trd, 4319321.893, 75
Trd, 4319322.293, 71
Trd, 4319323.293, 105
Trd, 4319323.993, 112
Trd, 4319324.143, 128
Trd, 4319325.043, 110
Trd, 4319325.393, 103
Trd, 4319325.693, 137
Trd, 4319325.943, 116
Trd, 4319326.493, 95
Trd, 4319326.843, 77
Trd, 4319329.843, 79
Trd, 4319330.393, 136
Trd, 4319331.243, 84
Trd, 4319331.293, 106
Trd, 4319332.143, 129
Trd, 4319332.243, 116
Trd, 4319333.393, 120
Trd, 4319334.693, 61
Trd, 4319334.943, 66
Trd, 4319335.643, 69
Trd, 4319336.343, 68
Trd, 4319337.993, 80
Trd, 4319338.143, 106
Trd, 4319339.343, 90
Trd, 4319339.693, 86
Trd, 4319339.893, 90
Trd, 4319340.043, 81
Trd, 4319341.793, 91
Trd, 4319341.843, 111
Trd, 4319342.243, 87
Trd, 4319342.893, 109
Trd, 4319344.643, 74
Trd, 4319345.143, 91
Trd, 4319346.593, 136
Trd, 4319347.043, 134
Trd, 4319347.443, 87
Trd, 4319349.343, 116
Trd, 4319349.393, 109
Trd, 4319349.443, 87
Trd, 4319349.643, 90
Trd, 4319350.693, 118
Trd, 4319350.943, 107
Trd, 4319352.143, 116
Trd, 4319352.343, 107
Trd, 4319352.543, 110
Trd, 4319353.393, 88
Trd, 4319353.693, 95
Trd, 4319354.493, 99
Trd, 4319355.143, 98
Trd, 4319355.343, 85
Trd, 4319355.493, 85
Trd, 4319357.493, 119
Trd, 4319358.643, 93
Trd, 4319358.693, 89
Trd, 4319359.643, 69
Trd, 4319359.893, 103
Trd, 4319360.843, 99
Trd, 4319361.393, 90
Trd, 4319361.443, 83
Trd, 4319362.343, 138
Trd, 4319362.643, 107
Trd, 4319362.993, 74
Trd, 4319364.343, 81
Trd, 4319364.793, 84
Trd, 4319365.993, 65
Trd, 4319366.093, 112
Trd, 4319366.493, 109
Trd, 4319367.493, 122
Trd, 4319367.643, 119
Trd, 4319367.693, 114
Trd, 4319369.043, 65
Trd, 4319369.843, 69
Trd, 4319370.443, 123
Trd, 4319370.943, 64
Trd, 4319371.143, 136
Trd, 4319372.043, 94
Trd, 4319372.943, 81
Trd, 4319374.443, 83
Trd, 4319375.043, 111
Trd, 4319375.593, 94
Trd, 4319375.993, 105
Trd, 4319376.543, 85
Trd, 4319377.143, 92
Trd, 4319377.243, 69
Trd, 4319377.843, 96
Trd, 4319380.543, 105
Trd, 4319380.993, 119
Trd, 4319382.793, 98
Trd, 4319383.293, 96
Trd, 4319383.693, 98
Trd, 4319383.743, 80
Trd, 4319384.543, 110
Trd, 4319385.293, 120
Trd, 4319385.443, 119
Trd, 4319386.943, 91
Trd, 4319387.993, 96
Trd, 4319388.143, 90
Trd, 4319388.493, 92
Trd, 4319388.793, 78
Trd, 4319390.193, 110
Trd, 4319390.343, 79
Trd, 4319390.693, 91
Trd, 4319391.093, 68
Trd, 4319391.443, 131
Trd, 4319393.343, 102
Trd, 4319393.793, 94
Trd, 4319393.993, 87
Trd, 4319395.043, 79
Trd, 4319395.093, 121
Trd, 4319397.293, 126
Trd, 4319397.643, 122
Trd, 4319397.743, 100
Trd, 4319399.293, 129
Trd, 4319399.343, 115
Trd, 4319399.643, 133
Trd, 4319399.693, 110
Trd, 4319400.443, 120
Trd, 4319401.643, 121
Trd, 4319401.993, 112
Trd, 4319402.393, 100
Trd, 4319403.193, 118
Trd, 4319403.343, 100
Trd, 4319404.043, 139
Trd, 4319404.793, 99
Trd, 4319406.493, 139
Trd, 4319407.243, 133
Trd, 4319407.843, 118
Trd, 4319408.243, 96
Trd, 4319408.693, 121
Trd, 4319409.393, 100
Trd, 4319410.093, 97
Trd, 4319410.393, 104
Trd, 4319411.393, 69
Trd, 4319411.943, 73
Trd, 4319412.243, 140
Trd, 4319413.243, 81
Trd, 4319413.293, 96
Trd, 4319413.593, 70
Trd, 4319414.043, 73
Trd, 4319414.693, 106
Trd, 4319414.843, 75
Trd, 4319415.543, 101
Trd, 4319418.293, 111
Trd, 4319418.493, 89
Trd, 4319418.843, 66
Trd, 4319419.243, 79
Trd, 4319420.793, 116
Trd, 4319421.743, 95
Trd, 4319422.943, 100
Trd, 4319423.443, 87
Trd, 4319424.493, 110
Trd, 4319424.893, 132
Trd, 4319425.393, 92
Trd, 4319425.543, 86
Trd, 4319425.943, 108
Trd, 4319426.593, 94
Trd, 4319427.493, 115
Trd, 4319427.643, 108
Trd, 4319427.893, 91
Trd, 4319428.893, 129
Trd, 4319431.893, 112
Trd, 4319432.043, 121
Trd, 4319432.143, 81
Trd, 4319432.293, 78
Trd, 4319432.593, 114
Trd, 4319433.093, 97
Trd, 4319433.793, 86
Trd, 4319434.293, 77
Trd, 4319434.543, 80
Trd, 4319434.743, 128
Trd, 4319435.543, 111
Trd, 4319435.743, 74
Trd, 4319437.043, 87
Trd, 4319437.343, 78
Trd, 4319437.743, 83
Trd, 4319439.093, 102
Trd, 4319439.793, 100
Trd, 4319440.843, 111
Trd, 4319442.043, 130
Trd, 4319442.193, 121
Trd, 4319442.293, 127
Trd, 4319442.943, 118
Trd, 4319443.743, 98
Trd, 4319444.143, 89
Trd, 4319445.893, 91
Trd, 4319446.643, 111
Trd, 4319447.643, 105
Trd, 4319447.993, 79
Trd, 4319448.293, 86
Trd, 4319448.943, 106
Trd, 4319449.093, 117
Trd, 4319449.243, 98
Trd, 4319450.393, 138
Trd, 4319450.943, 96
Trd, 4319451.193, 86
Trd, 4319452.143, 108
Trd, 4319452.593, 86
Trd, 4319454.093, 94
Trd, 4319454.643, 82
Trd, 4319455.143, 78
Trd, 4319455.693, 114
Trd, 4319456.743, 77
Trd, 4319457.043, 105
Trd, 4319457.243, 76
Trd, 4319459.293, 91
Trd, 4319459.343, 83
Trd, 4319459.993, 138
Trd, 4319460.593, 99
Trd, 4319461.343, 77
Trd, 4319461.893, 76
Trd, 4319463.543, 73
Trd, 4319464.043, 95
Trd, 4319464.093, 93
Trd, 4319464.343, 69
Trd, 4319464.843, 120
Trd, 4319465.593, 107
Trd, 4319465.943, 122
Trd, 4319466.693, 77
Trd, 4319467.493, 134
Trd, 4319467.593, 100
Trd, 4319469.443, 124
Trd, 4319469.743, 116
Trd, 4319469.943, 115
Trd, 4319470.393, 78
Trd, 4319471.743, 63
Trd, 4319472.093, 77
Trd, 4319472.793, 107
Trd, 4319473.043, 121
Trd, 4319474.093, 103
Trd, 4319476.093, 120
Trd, 4319477.043, 122
Trd, 4319477.843, 116
Trd, 4319478.193, 136
Trd, 4319478.493, 100
Trd, 4319479.393, 125
Trd, 4319480.493, 120
Trd, 4319482.393, 128
Trd, 4319482.493, 124
Trd, 4319482.893, 79
Trd, 4319483.193, 125
Trd, 4319484.343, 84
Trd, 4319484.793, 92
Trd, 4319485.393, 86
Trd, 4319487.493, 90
Trd, 4319487.943, 105
Trd, 4319488.293, 109
Trd, 4319489.193, 83
Trd, 4319489.793, 113
Trd, 4319489.943, 82
Trd, 4319490.393, 135
Trd, 4319491.243, 115
Trd, 4319491.643, 122
Trd, 4319492.043, 128
Trd, 4319492.543, 103
Trd, 4319492.593, 100
Trd, 4319493.243, 92
Trd, 4319493.793, 96
Trd, 4319494.593, 121
Trd, 4319495.743, 109
Trd, 4319495.993, 101
Trd, 4319496.143, 117
Trd, 4319496.693, 128
Trd, 4319497.193, 60
Trd, 4319497.893, 63
Trd, 4319498.443, 94
Trd, 4319500.093, 96
Trd, 4319501.893, 104
Trd, 4319502.043, 101
Trd, 4319502.393, 134
Trd, 4319503.193, 102
Trd, 4319504.393, 91
Trd, 4319505.243, 85
Trd, 4319505.593, 68
Trd, 4319505.843, 86
Trd, 4319505.893, 98
Trd, 4319506.843, 100
Trd, 4319507.643, 102
Trd, 4319508.693, 122
Trd, 4319509.393, 138
Trd, 4319509.593, 111
Trd, 4319511.093, 94
Trd, 4319511.793, 111
Trd, 4319512.743, 140
Trd, 4319513.393, 115
Trd, 4319513.693, 140
Trd, 4319514.293, 100
Trd, 4319515.043, 100
Trd, 4319515.293, 121
Trd, 4319515.493, 128
Trd, 4319516.243, 78
Trd, 4319516.393, 109
Trd, 4319516.693, 125
Trd, 4319518.193, 63
Trd, 4319518.993, 75
Trd, 4319519.243, 78
Trd, 4319520.643, 60
Trd, 4319521.143, 136
Trd, 4319521.243, 95
Trd, 4319521.493, 113
Trd, 4319523.493, 87
Trd, 4319524.343, 113
Trd, 4319525.293, 95
Trd, 4319525.893, 90
Trd, 4319526.393, 85
Trd, 4319527.493, 109
Trd, 4319528.043, 121
Trd, 4319528.243, 96
Trd, 4319528.843, 81
Trd, 4319529.343, 72
Trd, 4319530.143, 84
Trd, 4319530.243, 105
Trd, 4319531.043, 114
Trd, 4319531.293, 94
Trd, 4319531.893, 93
Trd, 4319532.643, 60
Trd, 4319534.743, 61
Trd, 4319534.993, 84
Trd, 4319536.093, 116
Trd, 4319536.343, 104
Trd, 4319537.293, 108
Trd, 4319537.443, 104
Trd, 4319537.593, 66
Trd, 4319537.843, 108
Trd, 4319539.893, 94
Trd, 4319540.193, 90
Trd, 4319541.043, 104
Trd, 4319541.943, 138
Trd, 4319542.193, 127
Trd, 4319543.143, 130
Trd, 4319543.993, 115
Trd, 4319544.293, 127
Trd, 4319545.143, 106
Trd, 4319545.593, 128
Trd, 4319545.943, 99
Trd, 4319546.043, 74
Trd, 4319546.393, 126
Trd, 4319548.493, 67
Trd, 4319549.093, 68
Trd, 4319549.293, 131
Trd, 4319550.143, 75
Trd, 4319550.543, 106
Trd, 4319551.593, 132
Trd, 4319552.743, 96
Trd, 4319553.593, 78
Trd, 4319554.143, 118
Trd, 4319554.543, 83
Trd, 4319554.943, 101
Trd, 4319555.343, 79
Trd, 4319556.043, 109
Trd, 4319556.493, 129
Trd, 4319556.693, 70
Trd, 4319557.093, 96
Trd, 4319558.293, 62
Trd, 4319558.743, 115
Trd, 4319559.843, 104
Trd, 4319560.343, 77
Trd, 4319561.243, 61
Trd, 4319562.243, 123
Trd, 4319562.393, 110
Trd, 4319563.893, 97
Trd, 4319564.193, 117
Trd, 4319564.993, 92
Trd, 4319565.193, 87
Trd, 4319565.643, 62
Trd, 4319566.443, 111
Trd, 4319566.643, 68
Trd, 4319566.943, 77
Trd, 4319567.493, 125
Trd, 4319568.493, 102
Trd, 4319568.793, 91
Trd, 4319570.243, 112
Trd, 4319570.443, 94
Trd, 4319570.843, 128
Trd, 4319571.093, 138
Trd, 4319571.393, 110
Trd, 4319571.843, 99
Trd, 4319572.243, 103
Trd, 4319572.793, 74
Trd, 4319573.993, 116
Trd, 4319574.893, 125
Trd, 4319575.643, 117
Trd, 4319576.143, 135
Trd, 4319577.543, 122
Trd, 4319577.643, 102
Trd, 4319578.593, 95
Trd, 4319578.793, 115
Trd, 4319578.843, 92
Trd, 4319580.843, 111
Trd, 4319581.493, 74
Trd, 4319581.593, 96
Trd, 4319582.393, 137
Trd, 4319583.143, 108
Trd, 4319583.993, 103
Trd, 4319584.243, 100
Trd, 4319584.943, 112
Trd, 4319585.343, 90
Trd, 4319587.393, 125
Trd, 4319587.493, 116
Trd, 4319587.693, 109
Trd, 4319588.193, 137
Trd, 4319588.393, 116
Trd, 4319588.693, 103
Trd, 4319589.493, 103
Trd, 4319591.293, 129
Trd, 4319591.443, 119
Trd, 4319592.293, 126
Trd, 4319592.793, 98
Trd, 4319593.193, 79
Trd, 4319593.493, 82
Trd, 4319594.493, 96
Trd, 4319595.343, 78
Trd, 4319595.493, 95
Trd, 4319596.543, 95
Trd, 4319596.743, 109
Trd, 4319598.343, 96
Trd, 4319599.293, 99
Trd, 4319599.593, 122
Trd, 4319600.043, 66
Trd, 4319601.293, 93
Trd, 4319602.493, 116
Trd, 4319603.643, 114
Trd, 4319603.793, 107
Trd, 4319604.243, 114
Trd, 4319605.293, 133
Trd, 4319605.493, 112
Trd, 4319605.793, 99
Trd, 4319605.843, 98
Trd, 4319607.343, 127
Trd, 4319607.493, 122
Trd, 4319607.893, 84
Trd, 4319608.693, 89
Trd, 4319609.043, 82
Trd, 4319609.343, 108
Trd, 4319610.543, 64
Trd, 4319611.793, 66
Trd, 4319612.093, 70
Trd, 4319612.293, 86
Trd, 4319612.943, 128
Trd, 4319613.393, 118
Trd, 4319613.693, 113
Trd, 4319615.493, 92
Trd, 4319617.293, 121
Trd, 4319617.443, 110
Trd, 4319618.143, 107
Trd, 4319618.543, 101
Trd, 4319619.643, 126
Trd, 4319619.793, 113
Trd, 4319619.993, 101
Trd, 4319622.443, 118
Trd, 4319623.293, 93
Trd, 4319623.543, 87
Trd, 4319623.643, 89
Trd, 4319624.243, 118
Trd, 4319624.293, 124
Trd, 4319624.543, 96
Trd, 4319624.793, 77
Trd, 4319625.543, 69
Trd, 4319625.793, 106
Trd, 4319627.293, 87
Trd, 4319627.593, 108
Trd, 4319628.593, 118
Trd, 4319629.693, 114
Trd, 4319630.243, 62
Trd, 4319630.743, 104
Trd, 4319632.443, 114
Trd, 4319632.493, 111
Trd, 4319633.443, 104
Trd, 4319633.493, 85
Trd, 4319635.143, 120
Trd, 4319636.293, 118
Trd, 4319636.593, 88
Trd, 4319636.843, 87
Trd, 4319637.543, 107
Trd, 4319637.893, 91
Trd, 4319638.243, 67
Trd, 4319639.293, 140
Trd, 4319640.043, 115
Trd, 4319640.143, 108
Trd, 4319640.343, 100
Trd, 4319640.893, 70
Trd, 4319641.743, 74
Trd, 4319642.193, 94
Trd, 4319643.043, 129
Trd, 4319643.443, 131
Trd, 4319643.993, 89
Trd, 4319644.343, 84
Trd, 4319645.843, 127
Trd, 4319646.743, 76
Trd, 4319646.993, 89
Trd, 4319647.243, 67
Trd, 4319648.743, 111
Trd, 4319649.043, 82
Trd, 4319649.543, 122
Trd, 4319650.993, 112
Trd, 4319651.243, 108
Trd, 4319651.543, 104
Trd, 4319652.543, 115
Trd, 4319653.143, 113
Trd, 4319654.443, 105
Trd, 4319654.943, 79
Trd, 4319656.743, 81
Trd, 4319657.193, 89
Trd, 4319658.193, 74
Trd, 4319658.593, 103
Trd, 4319659.843, 122
Trd, 4319659.893, 113
Trd, 4319660.643, 112
Trd, 4319661.193, 140
Trd, 4319661.893, 116
Trd, 4319662.443, 82
Trd, 4319663.243, 94
Trd, 4319663.593, 100
Trd, 4319664.743, 86
Trd, 4319665.993, 91
Trd, 4319667.793, 98
Trd, 4319668.793, 86
Trd, 4319670.143, 99
Trd, 4319670.443, 112
Trd, 4319671.093, 94
Trd, 4319671.143, 68
Trd, 4319672.393, 67
Trd, 4319673.293, 82
Trd, 4319673.793, 100
Trd, 4319674.743, 81
Trd, 4319675.093, 89
Trd, 4319676.093, 105
Trd, 4319676.893, 100
Trd, 4319677.393, 139
Trd, 4319677.593, 132
Trd, 4319677.943, 110
Trd, 4319678.243, 93
Trd, 4319679.443, 103
Trd, 4319680.043, 137
Trd, 4319680.693, 140
Trd, 4319681.543, 131
Trd, 4319683.043, 101
Trd, 4319684.093, 60
Trd, 4319684.143, 62
Trd, 4319685.093, 80
Trd, 4319685.393, 85
Trd, 4319687.043, 109
Trd, 4319687.243, 102
Trd, 4319688.143, 101
Trd, 4319689.343, 91
Trd, 4319689.793, 88
Trd, 4319690.343, 117
Trd, 4319690.593, 96
Trd, 4319690.743, 98
Trd, 4319691.893, 108
Trd, 4319692.643, 122
Trd, 4319693.543, 111
Trd, 4319694.193, 129
Trd, 4319694.543, 87
Trd, 4319694.943, 87
Trd, 4319696.143, 96
Trd, 4319697.493, 78
Trd, 4319698.143, 136
Trd, 4319699.243, 73
Trd, 4319699.893, 95
Trd, 4319699.943, 110
Trd, 4319700.393, 123
Trd, 4319701.943, 124
Trd, 4319702.043, 75
Trd, 4319702.843, 138
Trd, 4319703.193, 115
Trd, 4319703.293, 124
Trd, 4319704.393, 114
Trd, 4319704.843, 92
Trd, 4319704.943, 90
Trd, 4319706.293, 74
Trd, 4319707.193, 98
Trd, 4319709.093, 79
Trd, 4319709.243, 110
Trd, 4319709.593, 125
Trd, 4319711.693, 117
Trd, 4319711.743, 122
Trd, 4319712.493, 116
Trd, 4319713.143, 115
Trd, 4319713.443, 105
Trd, 4319713.493, 82
Trd, 4319715.693, 132
Trd, 4319716.593, 129
Trd, 4319717.143, 99
Trd, 4319717.743, 136
Trd, 4319718.943, 136
Trd, 4319720.543, 108
Trd, 4319720.843, 120
Trd, 4319721.093, 106
Trd, 4319721.743, 110
Trd, 4319721.843, 124
Trd, 4319722.193, 100
Trd, 4319724.743, 139
Trd, 4319724.843, 101
Trd, 4319725.593, 94
Trd, 4319725.993, 78
Trd, 4319726.093, 77
Trd, 4319727.143, 91
Trd, 4319727.193, 96
Trd, 4319727.993, 95
Trd, 4319728.643, 89
Trd, 4319729.093, 91
Trd, 4319729.393, 79
Trd, 4319731.693, 120
Trd, 4319731.743, 112
Trd, 4319734.693, 95
Trd, 4319734.743, 81
Trd, 4319734.893, 140
Trd, 4319734.993, 70
Trd, 4319735.143, 71
Trd, 4319736.143, 115
Trd, 4319737.293, 114
Trd, 4319737.543, 93
Trd, 4319738.343, 137
Trd, 4319738.543, 108
Trd, 4319739.193, 86
Trd, 4319739.993, 81
Trd, 4319740.143, 94
Trd, 4319742.693, 65
Trd, 4319742.743, 91
Trd, 4319743.443, 127
Trd, 4319743.943, 77
Trd, 4319744.193, 82
Trd, 4319744.893, 74
Trd, 4319745.893, 92
Trd, 4319746.443, 98
Trd, 4319746.543, 96
Trd, 4319747.043, 96
Trd, 4319748.043, 107
Trd, 4319749.143, 95
Trd, 4319749.943, 114
Trd, 4319751.293, 113
Trd, 4319751.693, 107
Trd, 4319752.143, 99
Trd, 4319752.343, 91
Trd, 4319753.643, 96
Trd, 4319753.743, 64
Trd, 4319754.543, 109
Trd, 4319755.293, 74
Trd, 4319755.643, 89
Trd, 4319756.893, 118
Trd, 4319757.293, 105
Trd, 4319757.493, 96
Trd, 4319758.043, 87
Trd, 4319759.493, 73
Trd, 4319759.593, 69
Trd, 4319759.743, 107
Trd, 4319760.943, 91
Trd, 4319761.043, 84
Trd, 4319761.293, 88
Trd, 4319762.693, 61
Trd, 4319763.043, 134
Trd, 4319763.293, 64
Trd, 4319764.043, 63
Trd, 4319765.293, 94
Trd, 4319765.743, 77
Trd, 4319766.593, 97
Trd, 4319767.443, 96
Trd, 4319768.943, 129
Trd, 4319769.693, 104
Trd, 4319770.193, 132
Trd, 4319770.893, 97
Trd, 4319770.943, 81
Trd, 4319770.993, 74
Trd, 4319772.243, 137
Trd, 4319772.393, 116
Trd, 4319772.793, 111
Trd, 4319773.593, 103
Trd, 4319775.043, 65
Trd, 4319775.243, 88
Trd, 4319775.543, 89
Trd, 4319776.093, 62
Trd, 4319776.343, 107
Trd, 4319777.493, 114
Trd, 4319778.743, 98
Trd, 4319778.993, 90
Trd, 4319779.093, 74
Trd, 4319780.143, 89
Trd, 4319781.043, 104
Trd, 4319781.593, 103
Trd, 4319782.943, 91
Trd, 4319783.193, 97
Trd, 4319783.993, 114
Trd, 4319784.043, 91
Trd, 4319785.893, 113
Trd, 4319786.393, 87
Trd, 4319786.543, 93
Trd, 4319786.593, 86
Trd, 4319787.243, 76
Trd, 4319790.043, 105
Trd, 4319790.293, 105
Trd, 4319790.343, 97
Trd, 4319790.643, 111
Trd, 4319790.793, 93
Trd, 4319791.293, 61
Trd, 4319792.143, 71
Trd, 4319792.893, 134
Trd, 4319795.443, 116
Trd, 4319796.043, 116
Trd, 4319796.293, 92
Trd, 4319797.043, 125
Trd, 4319797.193, 117
Trd, 4319797.893, 104
Trd, 4319798.693, 118
Trd, 4319799.343, 129
Trd, 4319799.843, 117
Trd, 4319800.443, 111
Trd, 4319801.243, 116
Trd, 4319802.793, 113
Trd, 4319802.993, 91
Trd, 4319803.243, 77
Trd, 4319804.393, 138
Trd, 4319804.743, 120
Trd, 4319805.693, 108
Trd, 4319806.343, 112
Trd, 4319807.143, 114
Trd, 4319808.043, 113
Trd, 4319808.193, 105
Trd, 4319808.393, 110
Trd, 4319808.493, 95
Trd, 4319809.593, 114
Trd, 4319809.843, 124
Trd, 4319811.243, 125
Trd, 4319811.543, 87
Trd, 4319812.543, 129
Trd, 4319813.093, 130
Trd, 4319813.243, 131
Trd, 4319813.493, 137
Trd, 4319814.093, 97
Trd, 4319815.243, 102
Trd, 4319816.643, 124
Trd, 4319816.893, 100
Trd, 4319819.243, 74
Trd, 4319819.793, 82
Trd, 4319820.093, 85
Trd, 4319820.393, 107
Trd, 4319820.993, 121
Trd, 4319821.993, 108
Trd, 4319822.143, 104
Trd, 4319822.243, 112
Trd, 4319822.893, 83
Trd, 4319823.243, 68
Trd, 4319824.343, 101
Trd, 4319825.493, 99
Trd, 4319825.543, 72
Trd, 4319826.543, 116
Trd, 4319827.693, 107
Trd, 4319828.093, 103
Trd, 4319828.993, 87
Trd, 4319829.843, 120
Trd, 4319829.893, 106
Trd, 4319830.143, 110
Trd, 4319830.443, 85
Trd, 4319832.143, 127
Trd, 4319832.193, 125
Trd, 4319832.993, 115
Trd, 4319833.393, 111
Trd, 4319833.793, 87
Trd, 4319834.093, 85
Trd, 4319834.643, 98
Trd, 4319835.343, 80
Trd, 4319835.943, 76
Trd, 4319836.693, 114
Trd, 4319838.393, 88
Trd, 4319838.793, 129
Trd, 4319839.643, 73
Trd, 4319840.993, 62
Trd, 4319841.193, 110
Trd, 4319841.943, 82
Trd, 4319842.343, 66
Trd, 4319842.393, 64
Trd, 4319843.243, 78
Trd, 4319843.693, 120
Trd, 4319844.443, 96
Trd, 4319845.243, 81
Trd, 4319845.893, 80
Trd, 4319846.243, 119
Trd, 4319846.843, 81
Trd, 4319847.043, 97
Trd, 4319848.993, 107
Trd, 4319849.293, 90
Trd, 4319850.243, 81
Trd, 4319850.743, 100
Trd, 4319851.293, 87
Trd, 4319853.343, 128
Trd, 4319853.743, 109
Trd, 4319853.893, 108
Trd, 4319855.943, 136
Trd, 4319856.693, 125
Trd, 4319857.093, 116
Trd, 4319857.693, 110
Trd, 4319857.893, 110
Trd, 4319858.993, 102
Trd, 4319859.743, 118
Trd, 4319859.943, 77
Trd, 4319860.243, 104
Trd, 4319861.243, 67
Trd, 4319861.893, 125
Trd, 4319861.943, 120
Trd, 4319862.793, 105
Trd, 4319863.493, 86
Trd, 4319863.643, 89
Trd, 4319864.393, 63
Trd, 4319865.793, 137
Trd, 4319865.843, 80
Trd, 4319866.443, 140
Trd, 4319867.793, 119
Trd, 4319868.543, 111
Trd, 4319868.993, 112
Trd, 4319869.093, 105
Trd, 4319869.643, 97
Trd, 4319871.143, 108
Trd, 4319872.443, 130
Trd, 4319872.843, 123
Trd, 4319873.143, 109
Trd, 4319875.493, 138
Trd, 4319876.193, 131
Trd, 4319876.343, 126
Trd, 4319876.743, 114
Trd, 4319877.443, 107
Trd, 4319877.543, 69
Trd, 4319878.443, 113
Trd, 4319879.993, 73
Trd, 4319880.943, 107
Trd, 4319881.143, 70
Trd, 4319881.493, 113
Trd, 4319883.343, 121
Trd, 4319883.443, 86
Trd, 4319884.893, 74
Trd, 4319885.693, 127
Trd, 4319886.093, 95
Trd, 4319887.193, 93
Trd, 4319887.243, 86
Trd, 4319888.643, 117
Trd, 4319888.843, 108
Trd, 4319888.893, 82
Trd, 4319889.293, 101
Trd, 4319889.743, 82
Trd, 4319891.293, 110
Trd, 4319892.343, 124
Trd, 4319892.643, 136
Trd, 4319894.543, 105
Trd, 4319894.943, 76
Trd, 4319895.143, 71
Trd, 4319895.543, 77
Trd, 4319895.993, 79
Trd, 4319896.443, 86
Trd, 4319897.443, 116
Trd, 4319898.343, 78
Trd, 4319899.543, 112
Trd, 4319899.793, 106
Trd, 4319899.943, 99
Trd, 4319901.843, 123
Trd, 4319902.393, 115
Trd, 4319902.593, 95
Trd, 4319903.893, 129
Trd, 4319904.193, 70
Trd, 4319905.893, 129
Trd, 4319906.293, 118
Trd, 4319906.693, 109
Trd, 4319907.443, 116
Trd, 4319907.643, 110
Trd, 4319907.943, 103
Trd, 4319909.593, 111
Trd, 4319909.793, 119
Trd, 4319911.193, 134
Trd, 4319911.543, 96
Trd, 4319912.143, 134
Trd, 4319912.793, 116
Trd, 4319912.943, 99
Trd, 4319914.393, 74
Trd, 4319916.443, 127
Trd, 4319916.843, 96
Trd, 4319917.293, 92
Trd, 4319917.543, 82
Trd, 4319917.993, 93
Trd, 4319918.643, 103
Trd, 4319920.643, 76
Trd, 4319920.943, 66
Trd, 4319921.293, 74
Trd, 4319922.143, 104
Trd, 4319922.543, 131
Trd, 4319922.643, 129
Trd, 4319923.143, 112
Trd, 4319924.493, 88
Trd, 4319924.793, 139
Trd, 4319926.093, 134
Trd, 4319927.693, 88
Trd, 4319928.093, 140
Trd, 4319928.743, 112
Trd, 4319929.043, 107
Trd, 4319929.093, 101
Trd, 4319929.943, 113
Trd, 4319930.943, 92
Trd, 4319931.243, 91
Trd, 4319931.343, 70
Trd, 4319931.993, 126
Trd, 4319933.043, 115
Trd, 4319933.093, 92
Trd, 4319933.493, 116
Trd, 4319933.643, 86
Trd, 4319933.843, 69
Trd, 4319935.793, 122
Trd, 4319936.293, 121
Trd, 4319937.493, 108
Trd, 4319938.443, 136
Trd, 4319938.993, 126
Trd, 4319939.093, 118
Trd, 4319940.593, 103
Trd, 4319941.643, 111
Trd, 4319941.843, 113
Trd, 4319943.093, 134
Trd, 4319944.543, 126
Trd, 4319944.893, 138
Trd, 4319945.343, 118
Trd, 4319946.143, 118
Trd, 4319946.193, 109
Trd, 4319947.043, 78
Trd, 4319947.493, 138
Trd, 4319947.743, 115
Trd, 4319948.643, 96
Trd, 4319949.043, 80
Trd, 4319950.193, 99
Trd, 4319950.793, 90
Trd, 4319951.293, 108
Trd, 4319953.043, 123
Trd, 4319953.243, 114
Trd, 4319953.643, 113
Trd, 4319954.343, 99
Trd, 4319954.793, 92
Trd, 4319954.843, 82
Trd, 4319955.543, 88
Trd, 4319957.193, 73
Trd, 4319958.443, 129
Trd, 4319958.543, 113
Trd, 4319959.093, 113
Trd, 4319960.043, 105
Trd, 4319960.193, 90
Trd, 4319960.343, 128
Trd, 4319961.043, 70
Trd, 4319961.643, 79
Trd, 4319962.493, 123
Trd, 4319963.193, 96
Trd, 4319963.493, 85
Trd, 4319964.943, 77
Trd, 4319965.943, 106
Trd, 4319966.143, 67
Trd, 4319967.543, 110
Trd, 4319968.243, 127
Trd, 4319969.593, 105
Trd, 4319970.493, 103
Trd, 4319971.343, 130
Trd, 4319971.543, 104
Trd, 4319971.693, 96
Trd, 4319973.093, 93
Trd, 4319974.093, 73
Trd, 4319974.243, 93
Trd, 4319974.993, 73
Trd, 4319975.843, 74
Trd, 4319975.893, 82
Trd, 4319976.893, 111
Trd, 4319977.543, 96
Trd, 4319977.593, 82
Trd, 4319978.643, 89
Trd, 4319979.893, 97
Trd, 4319980.293, 131
Trd, 4319980.443, 122
Trd, 4319981.043, 95
Trd, 4319981.643, 98
Trd, 4319982.343, 102
Trd, 4319983.193, 106
Trd, 4319983.343, 60
Trd, 4319985.843, 117
Trd, 4319985.943, 105
Trd, 4319986.043, 127
Trd, 4319986.643, 131
Trd, 4319986.843, 129
Trd, 4319987.443, 122
Trd, 4319987.843, 117
Trd, 4319989.793, 135
Trd, 4319991.393, 118
Trd, 4319992.593, 134
Trd, 4319993.393, 104
Trd, 4319993.743, 136
Trd, 4319994.093, 129
Trd, 4319994.693, 79
Trd, 4319995.443, 98
Trd, 4319996.793, 94
Trd, 4319997.093, 65
Trd, 4319997.193, 114
Trd, 4319997.493, 71
Trd, 4319999.393, 126
Trd, 4319999.693, 136
