Trd, 4318160.443, 92
Trd, 4318161.043, 89
Trd, 4318161.443, 83
Trd, 4318161.843, 97
Trd, 4318161.893, 93
Trd, 4318162.193, 100
Trd, 4318162.293, 75
Trd, 4318163.943, 121
Trd, 4318164.643, 118
Trd, 4318165.993, 140
Trd, 4318166.043, 140
Trd, 4318166.793, 140
Trd, 4318166.893, 132
Trd, 4318167.243, 140
Trd, 4318169.143, 68
Trd, 4318169.193, 72
Trd, 4318169.643, 101
Trd, 4318169.893, 89
Trd, 4318170.193, 84
Trd, 4318171.293, 71
Trd, 4318171.593, 68
Trd, 4318172.143, 64
Trd, 4318172.393, 60
Trd, 4318173.093, 113
Trd, 4318173.493, 121
Trd, 4318173.543, 109
Trd, 4318174.343, 83
Trd, 4318175.393, 140
Trd, 4318176.143, 139
Trd, 4318176.643, 123
Trd, 4318177.093, 114
Trd, 4318177.793, 109
Trd, 4318179.193, 87
Trd, 4318179.343, 85
Trd, 4318179.393, 129
Trd, 4318180.243, 128
Trd, 4318180.743, 85
Trd, 4318181.393, 63
Trd, 4318182.593, 67
Trd, 4318182.693, 75
Trd, 4318183.293, 74
Trd, 4318184.143, 75
Trd, 4318184.393, 90
Trd, 4318184.843, 114
Trd, 4318186.143, 73
Trd, 4318186.193, 72
Trd, 4318186.293, 72
Trd, 4318187.393, 108
Trd, 4318188.093, 62
Trd, 4318188.743, 60
Trd, 4318189.493, 67
Trd, 4318190.243, 75
Trd, 4318190.443, 88
Trd, 4318191.193, 140
Trd, 4318191.643, 119
Trd, 4318191.693, 105
Trd, 4318194.393, 90
Trd, 4318194.493, 96
Trd, 4318194.743, 66
Trd, 4318195.693, 113
Trd, 4318197.443, 104
Trd, 4318197.543, 82
Trd, 4318197.643, 81
Trd, 4318197.693, 79
Trd, 4318197.843, 105
Trd, 4318200.043, 81
Trd, 4318200.193, 78
Trd, 4318200.593, 113
Trd, 4318201.293, 89
Trd, 4318202.943, 140
Trd, 4318203.693, 77
Trd, 4318203.943, 60
Trd, 4318204.393, 75
Trd, 4318205.143, 69
Trd, 4318205.843, 78
Trd, 4318206.843, 71
Trd, 4318206.893, 97
Trd, 4318207.543, 68
Trd, 4318208.243, 78
Trd, 4318208.843, 72
Trd, 4318209.343, 95
Trd, 4318210.093, 73
Trd, 4318211.143, 117
Trd, 4318211.393, 81
Trd, 4318213.993, 94
Trd, 4318214.143, 93
Trd, 4318214.593, 119
Trd, 4318214.893, 92
Trd, 4318215.893, 85
Trd, 4318215.943, 79
Trd, 4318216.643, 90
Trd, 4318217.193, 74
Trd, 4318218.293, 63
Trd, 4318218.893, 83
Trd, 4318219.393, 92
Trd, 4318219.943, 76
Trd, 4318220.193, 74
Trd, 4318220.643, 114
Trd, 4318221.043, 99
Trd, 4318221.393, 61
Trd, 4318221.993, 99
Trd, 4318224.543, 63
Trd, 4318225.293, 71
Trd, 4318225.693, 100
Trd, 4318226.293, 64
Trd, 4318226.543, 97
Trd, 4318227.343, 73
Trd, 4318227.493, 77
Trd, 4318228.043, 140
Trd, 4318228.193, 139
Trd, 4318228.693, 78
Trd, 4318231.043, 62
Trd, 4318231.343, 67
Trd, 4318232.193, 118
Trd, 4318232.443, 113
Trd, 4318232.493, 102
Trd, 4318232.693, 96
Trd, 4318233.343, 63
Trd, 4318234.393, 88
Trd, 4318235.043, 106
Trd, 4318236.193, 73
Trd, 4318236.643, 95
Trd, 4318236.993, 117
Trd, 4318237.343, 73
Trd, 4318237.493, 72
Trd, 4318238.243, 89
Trd, 4318239.543, 91
Trd, 4318241.343, 94
Trd, 4318241.643, 83
Trd, 4318242.243, 83
Trd, 4318242.293, 80
Trd, 4318243.093, 131
Trd, 4318243.193, 114
Trd, 4318243.743, 98
Trd, 4318244.543, 114
Trd, 4318245.693, 78
Trd, 4318246.443, 109
Trd, 4318246.543, 77
Trd, 4318247.043, 78
Trd, 4318247.343, 75
Trd, 4318249.143, 120
Trd, 4318249.293, 115
Trd, 4318249.693, 101
Trd, 4318249.943, 100
Trd, 4318250.043, 71
Trd, 4318250.943, 75
Trd, 4318251.493, 111
Trd, 4318251.693, 95
Trd, 4318251.743, 94
Trd, 4318252.693, 64
Trd, 4318253.043, 67
Trd, 4318254.143, 88
Trd, 4318254.843, 70
Trd, 4318255.393, 81
Trd, 4318256.293, 100
Trd, 4318256.793, 105
Trd, 4318257.293, 74
Trd, 4318257.543, 87
Trd, 4318258.393, 98
Trd, 4318258.643, 113
Trd, 4318258.743, 114
Trd, 4318260.893, 117
Trd, 4318261.293, 82
Trd, 4318262.093, 100
Trd, 4318262.593, 131
Trd, 4318262.793, 100
Trd, 4318263.593, 127
Trd, 4318263.743, 127
Trd, 4318263.843, 126
Trd, 4318263.893, 113
Trd, 4318265.043, 67
Trd, 4318266.643, 67
Trd, 4318267.193, 62
Trd, 4318269.943, 61
Trd, 4318269.993, 104
Trd, 4318270.693, 73
Trd, 4318271.943, 133
Trd, 4318272.143, 129
Trd, 4318272.393, 117
Trd, 4318272.893, 80
Trd, 4318273.293, 61
Trd, 4318274.293, 61
Trd, 4318275.693, 99
Trd, 4318275.893, 78
Trd, 4318276.043, 72
Trd, 4318276.793, 109
Trd, 4318277.193, 135
Trd, 4318278.543, 61
Trd, 4318278.693, 88
Trd, 4318278.943, 71
Trd, 4318280.343, 64
Trd, 4318280.893, 97
Trd, 4318282.293, 99
Trd, 4318282.343, 94
Trd, 4318283.793, 65
Trd, 4318283.893, 96
Trd, 4318285.643, 88
Trd, 4318285.843, 61
Trd, 4318286.193, 64
Trd, 4318287.693, 97
Trd, 4318288.393, 74
Trd, 4318290.493, 61
Trd, 4318291.143, 66
Trd, 4318291.243, 78
Trd, 4318292.493, 80
Trd, 4318292.893, 106
Trd, 4318293.193, 62
Trd, 4318293.393, 111
Trd, 4318293.693, 110
Trd, 4318294.143, 109
Trd, 4318295.543, 112
Trd, 4318296.693, 105
Trd, 4318296.893, 102
Trd, 4318296.993, 96
Trd, 4318298.593, 84
Trd, 4318298.893, 80
Trd, 4318299.093, 73
Trd, 4318299.893, 118
Trd, 4318300.943, 91
Trd, 4318301.143, 80
Trd, 4318301.193, 75
Trd, 4318301.493, 139
Trd, 4318302.993, 73
Trd, 4318305.543, 93
Trd, 4318305.643, 75
Trd, 4318305.693, 72
Trd, 4318306.793, 114
Trd, 4318307.893, 112
Trd, 4318308.943, 105
Trd, 4318310.143, 87
Trd, 4318310.393, 90
Trd, 4318311.043, 81
Trd, 4318311.443, 81
Trd, 4318311.693, 120
Trd, 4318312.293, 97
Trd, 4318312.343, 73
Trd, 4318312.743, 61
Trd, 4318313.843, 76
Trd, 4318314.593, 89
Trd, 4318316.293, 74
Trd, 4318317.443, 79
Trd, 4318318.093, 115
Trd, 4318318.543, 79
Trd, 4318318.993, 79
Trd, 4318319.393, 84
Trd, 4318319.743, 107
Trd, 4318321.393, 97
Trd, 4318321.643, 99
Trd, 4318321.943, 98
Trd, 4318322.293, 97
Trd, 4318324.293, 140
Trd, 4318324.393, 138
Trd, 4318324.793, 123
Trd, 4318325.593, 110
Trd, 4318326.593, 138
Trd, 4318326.793, 94
Trd, 4318328.193, 79
Trd, 4318328.743, 83
Trd, 4318329.143, 88
Trd, 4318329.493, 106
Trd, 4318332.293, 121
Trd, 4318332.343, 92
Trd, 4318332.693, 84
Trd, 4318332.893, 138
Trd, 4318333.043, 82
Trd, 4318333.493, 64
Trd, 4318334.043, 100
Trd, 4318335.993, 75
Trd, 4318336.143, 75
Trd, 4318336.943, 140
Trd, 4318337.343, 81
Trd, 4318337.593, 79
Trd, 4318337.943, 87
Trd, 4318339.093, 124
Trd, 4318339.193, 99
Trd, 4318339.893, 98
Trd, 4318340.993, 75
Trd, 4318341.193, 77
Trd, 4318342.043, 139
Trd, 4318342.443, 133
Trd, 4318343.043, 108
Trd, 4318343.293, 91
Trd, 4318345.743, 92
Trd, 4318345.893, 72
Trd, 4318346.243, 70
Trd, 4318347.343, 62
Trd, 4318347.593, 63
Trd, 4318348.193, 85
Trd, 4318348.443, 86
Trd, 4318349.043, 88
Trd, 4318349.143, 126
Trd, 4318350.543, 87
Trd, 4318351.993, 140
Trd, 4318352.343, 140
Trd, 4318353.193, 110
Trd, 4318353.243, 103
Trd, 4318353.743, 86
Trd, 4318354.793, 96
Trd, 4318355.343, 88
Trd, 4318355.443, 98
Trd, 4318355.843, 63
Trd, 4318356.343, 104
Trd, 4318357.043, 123
Trd, 4318357.593, 83
Trd, 4318358.193, 68
Trd, 4318358.793, 64
Trd, 4318359.043, 80
Trd, 4318360.743, 68
Trd, 4318361.343, 61
Trd, 4318361.643, 67
Trd, 4318361.943, 106
Trd, 4318363.043, 75
Trd, 4318363.693, 69
Trd, 4318363.793, 72
Trd, 4318364.143, 118
Trd, 4318367.093, 64
Trd, 4318367.943, 71
Trd, 4318368.943, 61
Trd, 4318369.043, 71
Trd, 4318369.343, 104
Trd, 4318369.643, 76
Trd, 4318370.693, 64
Trd, 4318371.143, 111
Trd, 4318371.643, 77
Trd, 4318372.743, 77
Trd, 4318373.693, 88
Trd, 4318374.593, 86
Trd, 4318374.643, 66
Trd, 4318375.093, 60
Trd, 4318375.993, 87
Trd, 4318376.843, 100
Trd, 4318377.143, 91
Trd, 4318377.743, 60
Trd, 4318379.543, 71
Trd, 4318379.843, 78
Trd, 4318380.143, 86
Trd, 4318380.543, 98
Trd, 4318381.493, 65
Trd, 4318382.043, 105
Trd, 4318383.093, 72
Trd, 4318384.543, 83
Trd, 4318384.593, 102
Trd, 4318384.693, 116
Trd, 4318385.893, 62
Trd, 4318386.343, 104
Trd, 4318386.793, 73
Trd, 4318387.743, 70
Trd, 4318388.093, 66
Trd, 4318388.993, 102
Trd, 4318390.393, 62
Trd, 4318390.793, 61
Trd, 4318391.243, 85
Trd, 4318392.643, 113
Trd, 4318392.893, 116
Trd, 4318393.143, 109
Trd, 4318393.793, 64
Trd, 4318394.093, 85
Trd, 4318395.693, 67
Trd, 4318396.143, 122
Trd, 4318396.393, 85
Trd, 4318396.493, 65
Trd, 4318397.043, 88
Trd, 4318397.743, 89
Trd, 4318399.143, 92
Trd, 4318400.693, 67
Trd, 4318401.043, 65
Trd, 4318402.493, 68
Trd, 4318402.693, 64
Trd, 4318402.943, 68
Trd, 4318404.443, 137
Trd, 4318404.743, 112
Trd, 4318405.093, 110
Trd, 4318406.043, 71
Trd, 4318407.543, 71
Trd, 4318407.893, 73
Trd, 4318408.143, 94
Trd, 4318409.093, 72
Trd, 4318409.743, 122
Trd, 4318409.843, 64
Trd, 4318410.443, 78
Trd, 4318412.043, 137
Trd, 4318412.793, 84
Trd, 4318413.393, 107
Trd, 4318413.693, 120
Trd, 4318415.043, 92
Trd, 4318415.193, 99
Trd, 4318415.843, 70
Trd, 4318415.993, 65
Trd, 4318417.193, 81
Trd, 4318417.393, 68
Trd, 4318417.843, 65
Trd, 4318417.943, 121
Trd, 4318419.093, 64
Trd, 4318419.693, 61
Trd, 4318420.743, 126
Trd, 4318421.393, 100
Trd, 4318421.893, 108
Trd, 4318422.143, 126
Trd, 4318422.493, 118
Trd, 4318423.143, 71
Trd, 4318423.743, 97
Trd, 4318425.043, 97
Trd, 4318425.793, 94
Trd, 4318426.093, 91
Trd, 4318426.793, 105
Trd, 4318428.593, 140
Trd, 4318428.643, 137
Trd, 4318428.843, 101
Trd, 4318429.743, 118
Trd, 4318430.643, 111
Trd, 4318430.743, 83
Trd, 4318430.843, 82
Trd, 4318431.093, 82
Trd, 4318431.443, 79
Trd, 4318432.293, 118
Trd, 4318432.493, 86
Trd, 4318433.743, 64
Trd, 4318434.193, 100
Trd, 4318434.743, 102
Trd, 4318435.693, 63
Trd, 4318435.943, 71
Trd, 4318436.443, 140
Trd, 4318436.593, 133
Trd, 4318436.643, 122
Trd, 4318438.093, 103
Trd, 4318438.643, 79
Trd, 4318439.593, 108
Trd, 4318440.393, 84
Trd, 4318441.893, 136
Trd, 4318442.643, 61
Trd, 4318442.693, 81
Trd, 4318444.043, 70
Trd, 4318444.593, 70
Trd, 4318444.793, 74
Trd, 4318445.393, 73
Trd, 4318445.793, 107
Trd, 4318446.443, 101
Trd, 4318447.343, 117
Trd, 4318448.143, 64
Trd, 4318448.293, 140
Trd, 4318449.643, 70
Trd, 4318450.943, 63
Trd, 4318451.693, 88
Trd, 4318451.743, 77
Trd, 4318453.193, 109
Trd, 4318453.243, 106
Trd, 4318454.043, 109
Trd, 4318454.493, 63
Trd, 4318455.943, 73
Trd, 4318457.593, 61
Trd, 4318457.993, 82
Trd, 4318459.193, 65
Trd, 4318460.243, 64
Trd, 4318460.443, 76
Trd, 4318460.543, 72
Trd, 4318461.193, 66
Trd, 4318461.293, 62
Trd, 4318462.493, 79
Trd, 4318462.793, 70
Trd, 4318463.043, 94
Trd, 4318463.993, 108
Trd, 4318464.293, 98
Trd, 4318464.993, 96
Trd, 4318466.143, 92
Trd, 4318467.693, 133
Trd, 4318468.343, 139
Trd, 4318468.543, 132
Trd, 4318469.043, 107
Trd, 4318470.243, 111
Trd, 4318470.393, 77
Trd, 4318471.543, 121
Trd, 4318471.793, 102
Trd, 4318471.843, 101
Trd, 4318473.393, 134
Trd, 4318473.693, 124
Trd, 4318474.093, 121
Trd, 4318474.243, 120
Trd, 4318474.393, 108
Trd, 4318474.743, 139
Trd, 4318475.393, 60
Trd, 4318475.793, 95
Trd, 4318477.243, 140
Trd, 4318479.543, 67
Trd, 4318480.243, 83
Trd, 4318480.443, 110
Trd, 4318481.443, 117
Trd, 4318482.043, 127
Trd, 4318482.193, 87
Trd, 4318482.243, 91
Trd, 4318482.943, 138
Trd, 4318483.543, 115
Trd, 4318483.843, 99
Trd, 4318484.693, 96
Trd, 4318485.443, 96
Trd, 4318485.543, 95
Trd, 4318487.093, 91
Trd, 4318487.143, 86
Trd, 4318488.193, 140
Trd, 4318488.443, 95
Trd, 4318489.093, 84
Trd, 4318490.193, 121
Trd, 4318490.593, 109
Trd, 4318491.643, 95
Trd, 4318492.293, 136
Trd, 4318492.393, 131
Trd, 4318494.543, 62
Trd, 4318494.793, 67
Trd, 4318494.893, 79
Trd, 4318496.293, 60
Trd, 4318496.943, 78
Trd, 4318497.293, 114
Trd, 4318497.543, 94
Trd, 4318497.843, 132
Trd, 4318497.893, 93
Trd, 4318498.943, 139
Trd, 4318499.493, 134
Trd, 4318500.343, 133
Trd, 4318500.693, 117
Trd, 4318501.043, 84
Trd, 4318501.793, 94
Trd, 4318502.193, 128
Trd, 4318503.193, 92
Trd, 4318503.343, 89
Trd, 4318504.193, 139
Trd, 4318505.243, 119
Trd, 4318506.143, 108
Trd, 4318506.193, 103
Trd, 4318508.243, 140
Trd, 4318508.293, 101
Trd, 4318508.543, 85
Trd, 4318508.793, 104
Trd, 4318509.493, 68
Trd, 4318511.043, 88
Trd, 4318511.143, 92
Trd, 4318511.443, 90
Trd, 4318511.743, 82
Trd, 4318512.243, 94
Trd, 4318512.943, 83
Trd, 4318514.443, 90
Trd, 4318514.793, 100
Trd, 4318515.343, 113
Trd, 4318516.093, 68
Trd, 4318517.343, 60
Trd, 4318517.543, 62
Trd, 4318519.693, 60
Trd, 4318520.393, 73
Trd, 4318520.543, 76
Trd, 4318522.293, 130
Trd, 4318522.493, 125
Trd, 4318522.893, 139
Trd, 4318523.143, 139
Trd, 4318523.693, 122
Trd, 4318523.893, 122
Trd, 4318524.693, 77
Trd, 4318525.793, 63
Trd, 4318525.943, 80
Trd, 4318527.493, 116
Trd, 4318527.943, 100
Trd, 4318528.193, 99
Trd, 4318529.493, 127
Trd, 4318529.593, 122
Trd, 4318530.343, 79
Trd, 4318530.793, 82
Trd, 4318532.093, 89
Trd, 4318532.743, 131
Trd, 4318533.543, 98
Trd, 4318534.343, 108
Trd, 4318534.793, 93
Trd, 4318535.193, 69
Trd, 4318536.443, 70
Trd, 4318537.243, 126
Trd, 4318537.593, 121
Trd, 4318539.893, 73
Trd, 4318540.193, 69
Trd, 4318540.343, 85
Trd, 4318540.593, 66
Trd, 4318541.593, 80
Trd, 4318541.693, 92
Trd, 4318541.993, 79
Trd, 4318542.693, 63
Trd, 4318542.843, 64
Trd, 4318545.043, 91
Trd, 4318545.393, 111
Trd, 4318546.043, 137
Trd, 4318546.493, 140
Trd, 4318547.143, 124
Trd, 4318547.343, 119
Trd, 4318547.693, 114
Trd, 4318548.843, 102
Trd, 4318549.343, 83
Trd, 4318550.143, 140
Trd, 4318551.343, 82
Trd, 4318551.493, 87
Trd, 4318552.793, 84
Trd, 4318553.143, 92
Trd, 4318554.093, 91
Trd, 4318554.793, 82
Trd, 4318555.593, 86
Trd, 4318556.893, 127
Trd, 4318557.493, 79
Trd, 4318558.343, 81
Trd, 4318558.793, 89
Trd, 4318559.143, 96
Trd, 4318559.343, 121
Trd, 4318559.393, 73
Trd, 4318561.393, 140
Trd, 4318561.593, 120
Trd, 4318562.243, 119
Trd, 4318562.343, 116
Trd, 4318562.493, 115
Trd, 4318563.843, 107
Trd, 4318564.343, 96
Trd, 4318565.443, 78
Trd, 4318566.693, 84
Trd, 4318566.743, 85
Trd, 4318567.093, 75
Trd, 4318567.743, 111
Trd, 4318568.493, 135
Trd, 4318569.293, 97
Trd, 4318569.543, 84
Trd, 4318570.193, 79
Trd, 4318571.443, 88
Trd, 4318571.643, 77
Trd, 4318572.243, 65
Trd, 4318572.493, 72
Trd, 4318573.893, 88
Trd, 4318574.093, 134
Trd, 4318575.043, 139
Trd, 4318575.393, 132
Trd, 4318575.443, 128
Trd, 4318576.193, 82
Trd, 4318577.043, 94
Trd, 4318577.943, 92
Trd, 4318578.743, 98
Trd, 4318578.993, 140
Trd, 4318579.443, 123
Trd, 4318580.943, 117
Trd, 4318581.643, 129
Trd, 4318581.893, 108
Trd, 4318582.093, 104
Trd, 4318582.193, 91
Trd, 4318582.343, 118
Trd, 4318583.343, 114
Trd, 4318584.943, 131
Trd, 4318585.593, 97
Trd, 4318585.693, 96
Trd, 4318585.943, 93
Trd, 4318586.093, 137
Trd, 4318586.193, 68
Trd, 4318587.543, 136
Trd, 4318587.743, 95
Trd, 4318588.693, 119
Trd, 4318589.893, 67
Trd, 4318590.943, 91
Trd, 4318591.693, 75
Trd, 4318592.643, 90
Trd, 4318593.093, 126
Trd, 4318594.443, 103
Trd, 4318595.193, 90
Trd, 4318596.393, 81
Trd, 4318596.793, 83
Trd, 4318596.993, 78
Trd, 4318597.143, 91
Trd, 4318597.443, 97
Trd, 4318597.943, 100
Trd, 4318598.593, 112
Trd, 4318599.743, 74
Trd, 4318600.343, 71
Trd, 4318600.493, 95
Trd, 4318601.693, 74
Trd, 4318602.693, 66
Trd, 4318603.143, 139
Trd, 4318603.243, 66
Trd, 4318603.593, 77
Trd, 4318604.743, 82
Trd, 4318605.093, 109
Trd, 4318605.843, 96
Trd, 4318606.443, 73
Trd, 4318607.893, 71
Trd, 4318608.343, 69
Trd, 4318609.893, 62
Trd, 4318611.293, 63
Trd, 4318611.393, 91
Trd, 4318611.893, 62
Trd, 4318612.143, 68
Trd, 4318612.443, 73
Trd, 4318613.393, 73
Trd, 4318614.243, 137
Trd, 4318615.143, 139
Trd, 4318615.343, 138
Trd, 4318615.743, 136
Trd, 4318615.943, 121
Trd, 4318616.593, 101
Trd, 4318617.493, 139
Trd, 4318619.293, 97
Trd, 4318619.343, 91
Trd, 4318620.443, 84
Trd, 4318620.493, 99
Trd, 4318621.393, 101
Trd, 4318621.493, 105
Trd, 4318622.293, 104
Trd, 4318622.343, 100
Trd, 4318622.593, 115
Trd, 4318623.043, 98
Trd, 4318624.443, 61
Trd, 4318624.793, 105
Trd, 4318625.443, 76
Trd, 4318626.393, 79
Trd, 4318627.193, 80
Trd, 4318627.243, 77
Trd, 4318627.693, 85
Trd, 4318628.343, 140
Trd, 4318628.393, 128
Trd, 4318628.893, 136
Trd, 4318628.943, 118
Trd, 4318630.593, 117
Trd, 4318630.943, 113
Trd, 4318631.043, 102
Trd, 4318632.793, 139
Trd, 4318632.843, 133
Trd, 4318633.343, 101
Trd, 4318634.793, 72
Trd, 4318634.843, 123
Trd, 4318635.243, 83
Trd, 4318636.693, 86
Trd, 4318637.493, 100
Trd, 4318638.393, 110
Trd, 4318638.693, 87
Trd, 4318638.843, 128
Trd, 4318639.043, 126
Trd, 4318639.343, 102
Trd, 4318641.693, 73
Trd, 4318642.393, 75
Trd, 4318642.443, 72
Trd, 4318642.543, 118
Trd, 4318642.843, 73
Trd, 4318643.693, 89
Trd, 4318644.143, 96
Trd, 4318644.543, 81
Trd, 4318644.793, 76
Trd, 4318644.893, 107
Trd, 4318645.293, 69
Trd, 4318646.543, 140
Trd, 4318647.693, 140
Trd, 4318648.093, 130
Trd, 4318648.943, 109
Trd, 4318649.193, 107
Trd, 4318649.793, 100
Trd, 4318650.893, 109
Trd, 4318651.393, 93
Trd, 4318652.593, 102
Trd, 4318652.643, 93
Trd, 4318653.093, 93
Trd, 4318653.243, 103
Trd, 4318655.193, 140
Trd, 4318655.893, 139
Trd, 4318656.443, 133
Trd, 4318657.243, 132
Trd, 4318657.293, 129
Trd, 4318657.493, 126
Trd, 4318657.743, 125
Trd, 4318658.593, 112
Trd, 4318659.843, 93
Trd, 4318660.443, 79
Trd, 4318660.943, 79
Trd, 4318661.393, 106
Trd, 4318662.793, 78
Trd, 4318662.843, 83
Trd, 4318664.393, 97
Trd, 4318664.443, 82
Trd, 4318665.093, 134
Trd, 4318666.743, 137
Trd, 4318667.193, 128
Trd, 4318667.943, 134
Trd, 4318668.193, 123
Trd, 4318668.243, 122
Trd, 4318669.143, 135
Trd, 4318669.493, 125
Trd, 4318669.843, 111
Trd, 4318670.043, 96
Trd, 4318671.443, 96
Trd, 4318672.243, 107
Trd, 4318672.593, 73
Trd, 4318672.793, 139
Trd, 4318674.093, 70
Trd, 4318675.243, 64
Trd, 4318675.393, 87
Trd, 4318676.293, 132
Trd, 4318677.643, 98
Trd, 4318677.743, 85
Trd, 4318678.643, 85
Trd, 4318678.993, 113
Trd, 4318679.243, 80
Trd, 4318679.893, 68
Trd, 4318680.343, 79
Trd, 4318681.493, 137
Trd, 4318681.943, 127
Trd, 4318683.593, 91
Trd, 4318684.093, 96
Trd, 4318684.643, 111
Trd, 4318685.443, 115
Trd, 4318685.893, 107
Trd, 4318686.093, 140
Trd, 4318686.193, 125
Trd, 4318686.793, 95
Trd, 4318687.443, 62
Trd, 4318688.493, 101
Trd, 4318689.043, 102
Trd, 4318689.243, 103
Trd, 4318689.743, 80
Trd, 4318690.493, 65
Trd, 4318691.693, 128
Trd, 4318692.893, 60
Trd, 4318693.143, 60
Trd, 4318693.293, 81
Trd, 4318695.043, 61
Trd, 4318695.643, 77
Trd, 4318695.793, 87
Trd, 4318696.543, 110
Trd, 4318697.193, 72
Trd, 4318698.443, 72
Trd, 4318699.293, 106
Trd, 4318699.543, 75
Trd, 4318699.893, 63
Trd, 4318700.093, 62
Trd, 4318700.193, 61
Trd, 4318701.093, 99
Trd, 4318701.743, 109
Trd, 4318702.493, 96
Trd, 4318703.693, 69
Trd, 4318703.743, 75
Trd, 4318704.593, 87
Trd, 4318705.493, 77
Trd, 4318705.793, 87
Trd, 4318706.493, 68
Trd, 4318709.043, 116
Trd, 4318709.193, 96
Trd, 4318709.843, 125
Trd, 4318710.093, 74
Trd, 4318710.643, 76
Trd, 4318711.893, 62
Trd, 4318712.393, 92
Trd, 4318713.093, 72
Trd, 4318714.243, 63
Trd, 4318715.343, 77
Trd, 4318715.593, 94
Trd, 4318716.293, 136
Trd, 4318716.643, 76
Trd, 4318717.593, 129
Trd, 4318717.693, 117
Trd, 4318718.543, 119
Trd, 4318718.793, 102
Trd, 4318720.393, 107
Trd, 4318720.593, 118
Trd, 4318721.693, 105
Trd, 4318722.593, 139
Trd, 4318723.093, 138
Trd, 4318723.393, 132
Trd, 4318724.043, 133
Trd, 4318724.093, 115
Trd, 4318724.543, 112
Trd, 4318724.893, 138
Trd, 4318724.943, 94
Trd, 4318727.093, 70
Trd, 4318727.393, 80
Trd, 4318727.593, 96
Trd, 4318727.793, 70
Trd, 4318728.143, 77
Trd, 4318731.143, 60
Trd, 4318732.593, 103
Trd, 4318733.493, 77
Trd, 4318735.343, 67
Trd, 4318735.543, 69
Trd, 4318736.243, 60
Trd, 4318736.593, 62
Trd, 4318737.143, 64
Trd, 4318738.593, 65
Trd, 4318739.093, 68
Trd, 4318739.493, 67
Trd, 4318739.743, 95
Trd, 4318740.293, 82
Trd, 4318740.443, 89
Trd, 4318740.743, 75
Trd, 4318741.943, 82
Trd, 4318742.593, 97
Trd, 4318742.793, 78
Trd, 4318744.143, 123
Trd, 4318744.193, 72
Trd, 4318745.393, 83
Trd, 4318746.043, 102
Trd, 4318746.243, 105
Trd, 4318746.843, 115
Trd, 4318748.193, 140
Trd, 4318748.743, 110
Trd, 4318748.993, 109
Trd, 4318749.343, 116
Trd, 4318750.143, 113
Trd, 4318750.793, 138
Trd, 4318750.993, 133
Trd, 4318751.593, 73
Trd, 4318752.443, 113
Trd, 4318754.793, 76
Trd, 4318755.643, 114
Trd, 4318755.843, 110
Trd, 4318758.543, 64
Trd, 4318758.593, 67
Trd, 4318758.643, 71
Trd, 4318759.443, 87
Trd, 4318759.593, 91
Trd, 4318759.943, 78
Trd, 4318760.643, 73
Trd, 4318760.893, 85
Trd, 4318762.193, 77
Trd, 4318763.043, 71
Trd, 4318763.893, 71
Trd, 4318764.493, 89
Trd, 4318764.793, 88
Trd, 4318765.593, 108
Trd, 4318765.693, 102
Trd, 4318765.943, 101
Trd, 4318766.643, 71
Trd, 4318766.743, 128
Trd, 4318767.943, 122
Trd, 4318769.943, 66
Trd, 4318770.043, 75
Trd, 4318770.193, 79
Trd, 4318770.743, 71
Trd, 4318773.593, 103
Trd, 4318773.843, 70
Trd, 4318774.543, 71
Trd, 4318775.193, 72
Trd, 4318775.493, 69
Trd, 4318775.993, 90
Trd, 4318776.093, 74
Trd, 4318777.193, 85
Trd, 4318777.543, 87
Trd, 4318777.943, 119
Trd, 4318777.993, 82
Trd, 4318778.693, 140
Trd, 4318779.093, 113
Trd, 4318779.193, 87
Trd, 4318780.043, 63
Trd, 4318780.393, 137
Trd, 4318782.443, 110
Trd, 4318782.993, 107
Trd, 4318784.193, 108
Trd, 4318785.093, 65
Trd, 4318785.343, 80
Trd, 4318786.093, 62
Trd, 4318786.443, 94
Trd, 4318787.543, 67
Trd, 4318787.793, 108
Trd, 4318788.743, 116
Trd, 4318788.793, 104
Trd, 4318789.793, 79
Trd, 4318792.443, 71
Trd, 4318793.343, 64
Trd, 4318793.443, 73
Trd, 4318793.543, 62
Trd, 4318793.643, 132
Trd, 4318794.743, 83
Trd, 4318796.293, 118
Trd, 4318796.793, 82
Trd, 4318797.343, 129
Trd, 4318797.443, 106
Trd, 4318798.743, 140
Trd, 4318798.843, 140
Trd, 4318798.993, 125
Trd, 4318800.093, 119
Trd, 4318800.893, 107
Trd, 4318801.443, 138
Trd, 4318801.843, 82
Trd, 4318802.343, 117
Trd, 4318803.193, 87
Trd, 4318803.293, 119
Trd, 4318804.793, 65
Trd, 4318805.093, 87
Trd, 4318806.193, 80
Trd, 4318807.143, 87
Trd, 4318808.593, 110
Trd, 4318808.793, 103
Trd, 4318809.143, 98
Trd, 4318809.843, 77
Trd, 4318811.843, 66
Trd, 4318812.093, 69
Trd, 4318812.393, 71
Trd, 4318812.793, 123
Trd, 4318814.043, 96
Trd, 4318814.793, 78
Trd, 4318815.043, 70
Trd, 4318815.143, 70
Trd, 4318815.543, 99
Trd, 4318817.493, 74
Trd, 4318817.693, 91
Trd, 4318820.043, 61
Trd, 4318820.743, 63
Trd, 4318821.243, 79
Trd, 4318821.443, 60
Trd, 4318821.643, 61
Trd, 4318822.543, 66
Trd, 4318822.693, 105
Trd, 4318823.493, 71
Trd, 4318825.843, 64
Trd, 4318826.193, 104
Trd, 4318826.793, 75
Trd, 4318828.493, 72
Trd, 4318828.893, 64
Trd, 4318829.693, 60
Trd, 4318829.793, 65
Trd, 4318830.293, 74
Trd, 4318831.443, 62
Trd, 4318831.743, 76
Trd, 4318832.543, 81
Trd, 4318832.793, 64
Trd, 4318834.093, 72
Trd, 4318835.343, 73
Trd, 4318835.893, 60
Trd, 4318836.093, 138
Trd, 4318837.693, 64
Trd, 4318838.493, 79
Trd, 4318839.393, 93
Trd, 4318840.193, 81
Trd, 4318840.793, 112
Trd, 4318841.243, 74
Trd, 4318841.893, 76
Trd, 4318842.893, 68
Trd, 4318843.143, 77
Trd, 4318843.443, 102
Trd, 4318843.643, 84
Trd, 4318843.793, 103
Trd, 4318845.043, 69
Trd, 4318846.843, 75
Trd, 4318847.243, 76
Trd, 4318847.693, 78
Trd, 4318848.793, 84
Trd, 4318849.943, 69
Trd, 4318850.443, 81
Trd, 4318851.043, 93
Trd, 4318851.793, 109
Trd, 4318852.293, 138
Trd, 4318852.993, 89
Trd, 4318853.243, 96
Trd, 4318853.643, 125
Trd, 4318854.443, 110
Trd, 4318854.593, 78
Trd, 4318854.843, 135
Trd, 4318855.943, 63
Trd, 4318856.993, 61
Trd, 4318857.393, 106
Trd, 4318859.293, 96
Trd, 4318859.443, 92
Trd, 4318860.443, 76
Trd, 4318860.893, 76
Trd, 4318861.493, 126
Trd, 4318862.943, 127
Trd, 4318863.143, 124
Trd, 4318863.843, 123
Trd, 4318863.893, 118
Trd, 4318864.543, 116
Trd, 4318865.793, 93
Trd, 4318866.643, 101
Trd, 4318867.143, 92
Trd, 4318867.543, 91
Trd, 4318868.193, 125
Trd, 4318868.293, 131
Trd, 4318868.393, 103
Trd, 4318868.593, 99
Trd, 4318869.293, 87
Trd, 4318870.793, 77
Trd, 4318870.993, 62
Trd, 4318871.643, 123
Trd, 4318871.693, 94
Trd, 4318872.993, 65
Trd, 4318874.043, 125
Trd, 4318874.493, 75
Trd, 4318874.943, 86
Trd, 4318875.143, 104
Trd, 4318875.693, 88
Trd, 4318876.343, 114
Trd, 4318876.793, 139
Trd, 4318876.893, 96
Trd, 4318877.993, 80
Trd, 4318879.493, 71
Trd, 4318879.693, 63
Trd, 4318880.793, 97
Trd, 4318880.843, 77
Trd, 4318882.243, 71
Trd, 4318882.393, 67
Trd, 4318883.093, 134
Trd, 4318883.643, 60
Trd, 4318883.943, 60
Trd, 4318884.693, 66
Trd, 4318885.143, 107
Trd, 4318885.793, 77
Trd, 4318886.343, 95
Trd, 4318887.293, 100
Trd, 4318888.093, 87
Trd, 4318888.493, 110
Trd, 4318888.643, 90
Trd, 4318889.143, 85
Trd, 4318890.193, 85
Trd, 4318890.393, 98
Trd, 4318890.993, 77
Trd, 4318893.043, 107
Trd, 4318893.193, 139
Trd, 4318893.643, 105
Trd, 4318894.943, 117
Trd, 4318895.093, 116
Trd, 4318895.443, 119
Trd, 4318895.643, 91
Trd, 4318896.643, 117
Trd, 4318897.993, 139
Trd, 4318898.193, 128
Trd, 4318899.543, 140
Trd, 4318900.593, 140
Trd, 4318900.943, 132
Trd, 4318900.993, 119
Trd, 4318901.793, 123
Trd, 4318902.093, 123
Trd, 4318902.843, 117
Trd, 4318903.243, 103
Trd, 4318904.493, 109
Trd, 4318905.343, 127
Trd, 4318905.943, 116
Trd, 4318906.093, 91
Trd, 4318906.993, 128
Trd, 4318907.643, 111
Trd, 4318908.043, 60
Trd, 4318910.243, 69
Trd, 4318910.943, 78
Trd, 4318910.993, 66
Trd, 4318911.093, 76
Trd, 4318912.693, 67
Trd, 4318913.543, 69
Trd, 4318913.643, 67
Trd, 4318914.393, 63
Trd, 4318914.643, 61
Trd, 4318915.093, 68
Trd, 4318915.493, 70
Trd, 4318915.543, 82
Trd, 4318917.043, 61
Trd, 4318918.193, 103
Trd, 4318918.393, 102
Trd, 4318918.893, 62
Trd, 4318919.843, 65
Trd, 4318920.543, 87
Trd, 4318920.943, 85
Trd, 4318922.043, 72
Trd, 4318922.693, 72
Trd, 4318923.143, 74
Trd, 4318924.443, 76
Trd, 4318925.093, 88
Trd, 4318925.493, 114
Trd, 4318925.543, 64
Trd, 4318925.993, 70
Trd, 4318926.343, 84
Trd, 4318926.993, 93
Trd, 4318927.993, 95
Trd, 4318928.393, 139
Trd, 4318928.843, 91
Trd, 4318928.993, 94
Trd, 4318930.743, 67
Trd, 4318930.943, 71
Trd, 4318931.893, 94
Trd, 4318932.193, 93
Trd, 4318932.993, 94
Trd, 4318933.693, 140
Trd, 4318933.743, 133
Trd, 4318934.993, 84
Trd, 4318936.043, 124
Trd, 4318936.443, 84
Trd, 4318936.543, 80
Trd, 4318936.893, 95
Trd, 4318937.993, 60
Trd, 4318939.143, 139
Trd, 4318940.593, 139
Trd, 4318940.993, 137
Trd, 4318941.893, 119
Trd, 4318942.243, 118
Trd, 4318943.293, 122
Trd, 4318943.593, 95
Trd, 4318943.743, 129
Trd, 4318944.593, 140
Trd, 4318944.943, 133
Trd, 4318945.143, 132
Trd, 4318945.293, 126
Trd, 4318945.543, 62
Trd, 4318946.943, 120
Trd, 4318948.343, 98
Trd, 4318948.393, 79
Trd, 4318948.693, 136
Trd, 4318948.793, 89
Trd, 4318950.243, 140
Trd, 4318950.443, 104
Trd, 4318951.893, 138
Trd, 4318952.243, 125
Trd, 4318952.593, 124
Trd, 4318952.643, 120
Trd, 4318952.793, 119
Trd, 4318953.093, 126
Trd, 4318953.143, 103
Trd, 4318954.393, 75
Trd, 4318956.093, 68
Trd, 4318957.093, 75
Trd, 4318957.193, 71
Trd, 4318957.793, 89
Trd, 4318957.843, 81
Trd, 4318958.143, 91
Trd, 4318959.143, 98
Trd, 4318959.293, 96
Trd, 4318959.693, 138
Trd, 4318960.793, 60
Trd, 4318962.543, 61
Trd, 4318962.743, 63
Trd, 4318964.343, 139
Trd, 4318964.643, 127
Trd, 4318964.843, 103
Trd, 4318965.893, 91
Trd, 4318965.943, 87
Trd, 4318966.593, 60
Trd, 4318969.143, 67
Trd, 4318969.193, 70
Trd, 4318969.643, 102
Trd, 4318969.743, 91
Trd, 4318970.193, 106
Trd, 4318970.693, 91
Trd, 4318971.243, 108
Trd, 4318971.343, 105
Trd, 4318971.693, 103
Trd, 4318973.293, 140
Trd, 4318973.493, 140
Trd, 4318973.643, 61
Trd, 4318974.343, 114
Trd, 4318974.593, 78
Trd, 4318975.093, 138
Trd, 4318975.993, 73
Trd, 4318977.093, 64
Trd, 4318977.493, 66
Trd, 4318977.993, 71
Trd, 4318979.393, 129
Trd, 4318980.043, 73
Trd, 4318981.343, 62
Trd, 4318981.743, 77
Trd, 4318982.743, 82
Trd, 4318983.593, 99
Trd, 4318983.643, 102
Trd, 4318984.193, 74
Trd, 4318984.293, 73
Trd, 4318986.093, 115
Trd, 4318986.293, 115
Trd, 4318987.043, 115
Trd, 4318988.243, 94
Trd, 4318988.293, 77
Trd, 4318988.993, 67
Trd, 4318990.093, 64
Trd, 4318991.093, 63
Trd, 4318991.193, 90
Trd, 4318991.643, 60
Trd, 4318991.993, 102
Trd, 4318992.693, 68
Trd, 4318993.743, 73
Trd, 4318993.893, 95
Trd, 4318994.493, 76
Trd, 4318994.693, 71
Trd, 4318994.993, 136
Trd, 4318995.393, 85
Trd, 4318996.943, 89
Trd, 4318997.693, 64
Trd, 4318998.943, 62
Trd, 4318999.993, 96
Trd, 4319001.193, 72
Trd, 4319001.243, 82
Trd, 4319002.243, 67
Trd, 4319003.293, 133
Trd, 4319003.593, 104
Trd, 4319003.693, 103
Trd, 4319004.243, 95
Trd, 4319004.593, 140
Trd, 4319005.593, 73
Trd, 4319007.143, 77
Trd, 4319007.243, 78
Trd, 4319007.493, 66
Trd, 4319008.943, 88
Trd, 4319010.493, 62
Trd, 4319011.243, 99
Trd, 4319012.093, 76
Trd, 4319012.443, 140
Trd, 4319012.543, 104
Trd, 4319013.443, 91
Trd, 4319014.143, 112
Trd, 4319014.443, 79
Trd, 4319014.843, 73
Trd, 4319016.193, 119
Trd, 4319016.943, 123
Trd, 4319017.293, 91
Trd, 4319018.093, 122
Trd, 4319018.193, 117
Trd, 4319018.543, 101
Trd, 4319018.693, 139
Trd, 4319018.793, 99
Trd, 4319019.293, 105
Trd, 4319023.643, 84
Trd, 4319024.343, 71
Trd, 4319024.743, 110
Trd, 4319024.843, 80
Trd, 4319025.793, 114
Trd, 4319026.493, 95
Trd, 4319026.893, 94
Trd, 4319027.643, 89
Trd, 4319027.993, 61
Trd, 4319029.043, 91
Trd, 4319029.493, 62
Trd, 4319030.193, 96
Trd, 4319031.293, 81
Trd, 4319031.643, 71
Trd, 4319032.243, 71
Trd, 4319033.593, 125
Trd, 4319034.943, 105
Trd, 4319035.043, 104
Trd, 4319035.193, 76
Trd, 4319035.243, 111
Trd, 4319035.843, 139
Trd, 4319035.993, 68
Trd, 4319036.943, 128
Trd, 4319037.593, 128
Trd, 4319039.643, 124
Trd, 4319039.743, 99
Trd, 4319039.793, 96
Trd, 4319040.243, 130
Trd, 4319040.293, 85
Trd, 4319040.393, 123
Trd, 4319040.943, 99
Trd, 4319041.893, 96
Trd, 4319042.193, 130
Trd, 4319042.293, 67
Trd, 4319044.293, 137
Trd, 4319046.843, 80
Trd, 4319047.293, 75
Trd, 4319047.393, 74
Trd, 4319047.443, 98
Trd, 4319048.043, 88
Trd, 4319049.393, 133
Trd, 4319049.793, 128
Trd, 4319050.093, 116
Trd, 4319051.643, 140
Trd, 4319052.343, 138
Trd, 4319052.493, 125
Trd, 4319052.993, 127
Trd, 4319053.243, 124
Trd, 4319054.243, 119
Trd, 4319054.293, 118
Trd, 4319054.343, 116
Trd, 4319055.843, 107
Trd, 4319056.043, 79
Trd, 4319056.193, 85
Trd, 4319057.343, 139
Trd, 4319057.593, 61
Trd, 4319057.993, 97
Trd, 4319058.893, 63
Trd, 4319058.943, 93
Trd, 4319059.143, 97
Trd, 4319060.143, 60
Trd, 4319060.593, 88
Trd, 4319061.093, 75
Trd, 4319062.193, 74
Trd, 4319064.343, 83
Trd, 4319064.743, 107
Trd, 4319065.393, 74
Trd, 4319066.643, 74
Trd, 4319067.343, 126
Trd, 4319067.543, 75
Trd, 4319067.643, 73
Trd, 4319068.043, 66
Trd, 4319069.143, 137
Trd, 4319070.393, 131
Trd, 4319071.293, 138
Trd, 4319071.693, 137
Trd, 4319072.043, 95
Trd, 4319072.093, 87
Trd, 4319073.493, 91
Trd, 4319075.143, 139
Trd, 4319075.593, 116
Trd, 4319075.743, 115
Trd, 4319077.343, 101
Trd, 4319077.693, 136
Trd, 4319077.743, 87
Trd, 4319078.743, 83
Trd, 4319078.993, 62
Trd, 4319079.093, 83
Trd, 4319080.693, 86
Trd, 4319081.043, 73
Trd, 4319081.243, 72
Trd, 4319082.843, 68
Trd, 4319083.393, 126
Trd, 4319084.793, 122
Trd, 4319084.893, 121
Trd, 4319085.293, 101
Trd, 4319085.943, 68
Trd, 4319086.843, 96
Trd, 4319087.343, 75
Trd, 4319087.493, 88
Trd, 4319087.793, 74
Trd, 4319088.643, 64
Trd, 4319088.993, 103
Trd, 4319090.193, 65
Trd, 4319091.043, 139
Trd, 4319091.143, 133
Trd, 4319091.393, 104
Trd, 4319091.643, 90
Trd, 4319092.393, 124
Trd, 4319092.543, 100
Trd, 4319092.693, 89
Trd, 4319093.843, 63
Trd, 4319094.093, 119
Trd, 4319095.193, 128
Trd, 4319095.243, 127
Trd, 4319096.243, 65
Trd, 4319096.843, 61
Trd, 4319098.143, 79
Trd, 4319098.643, 63
Trd, 4319100.693, 69
Trd, 4319100.743, 107
Trd, 4319101.943, 69
Trd, 4319103.443, 79
Trd, 4319103.543, 85
Trd, 4319103.693, 75
Trd, 4319103.743, 73
Trd, 4319104.393, 67
Trd, 4319105.843, 74
Trd, 4319106.143, 80
Trd, 4319106.693, 123
Trd, 4319107.293, 89
Trd, 4319107.443, 68
Trd, 4319109.293, 70
Trd, 4319110.143, 69
Trd, 4319110.243, 81
Trd, 4319111.193, 93
Trd, 4319113.143, 73
Trd, 4319113.493, 92
Trd, 4319114.443, 88
Trd, 4319114.543, 102
Trd, 4319114.993, 71
Trd, 4319115.243, 103
Trd, 4319116.043, 64
Trd, 4319117.093, 91
Trd, 4319117.343, 120
Trd, 4319117.543, 86
Trd, 4319117.593, 83
Trd, 4319118.143, 79
Trd, 4319118.243, 70
Trd, 4319119.393, 78
Trd, 4319120.243, 111
Trd, 4319120.593, 70
Trd, 4319121.443, 98
Trd, 4319122.093, 107
Trd, 4319123.393, 116
Trd, 4319123.793, 140
Trd, 4319124.643, 125
Trd, 4319125.343, 120
Trd, 4319125.993, 132
Trd, 4319126.843, 115
Trd, 4319126.893, 91
Trd, 4319128.293, 130
Trd, 4319128.643, 95
Trd, 4319129.593, 72
Trd, 4319130.343, 88
Trd, 4319130.843, 82
Trd, 4319132.193, 64
Trd, 4319132.243, 81
Trd, 4319133.543, 115
Trd, 4319133.593, 114
Trd, 4319133.693, 100
Trd, 4319134.493, 139
Trd, 4319135.693, 129
Trd, 4319136.293, 124
Trd, 4319136.493, 123
Trd, 4319136.543, 118
Trd, 4319138.493, 64
Trd, 4319138.893, 82
Trd, 4319139.893, 76
Trd, 4319140.493, 110
Trd, 4319141.093, 60
Trd, 4319142.943, 61
Trd, 4319142.993, 65
Trd, 4319144.243, 139
Trd, 4319144.443, 121
Trd, 4319145.193, 108
Trd, 4319146.843, 79
Trd, 4319147.843, 76
Trd, 4319148.793, 95
Trd, 4319149.093, 95
Trd, 4319149.693, 78
Trd, 4319150.293, 70
Trd, 4319150.393, 64
Trd, 4319151.293, 114
Trd, 4319151.343, 109
Trd, 4319151.693, 133
Trd, 4319151.943, 80
Trd, 4319154.193, 81
Trd, 4319154.493, 80
Trd, 4319154.543, 87
Trd, 4319154.643, 95
Trd, 4319155.393, 65
Trd, 4319156.043, 80
Trd, 4319156.393, 115
Trd, 4319156.943, 87
Trd, 4319157.593, 105
Trd, 4319158.593, 105
Trd, 4319158.993, 95
Trd, 4319160.043, 105
Trd, 4319160.393, 133
Trd, 4319161.693, 99
Trd, 4319162.093, 95
Trd, 4319162.243, 88
Trd, 4319162.893, 97
Trd, 4319163.693, 63
Trd, 4319164.793, 112
Trd, 4319165.343, 117
Trd, 4319166.093, 77
Trd, 4319166.243, 79
Trd, 4319167.893, 139
Trd, 4319168.143, 122
Trd, 4319168.893, 62
Trd, 4319169.843, 69
Trd, 4319170.943, 92
Trd, 4319171.043, 121
Trd, 4319171.493, 123
Trd, 4319172.143, 136
Trd, 4319172.543, 135
Trd, 4319172.693, 117
Trd, 4319173.243, 93
Trd, 4319175.843, 120
Trd, 4319175.943, 116
Trd, 4319176.343, 111
Trd, 4319176.993, 96
Trd, 4319177.943, 132
Trd, 4319177.993, 129
Trd, 4319178.893, 74
Trd, 4319180.243, 86
Trd, 4319180.293, 71
Trd, 4319180.493, 87
Trd, 4319180.843, 135
Trd, 4319182.093, 61
Trd, 4319182.893, 70
Trd, 4319183.593, 74
Trd, 4319184.893, 68
Trd, 4319185.943, 82
Trd, 4319186.693, 62
Trd, 4319187.593, 72
Trd, 4319188.493, 107
Trd, 4319188.843, 100
Trd, 4319188.893, 86
Trd, 4319189.343, 137
Trd, 4319189.943, 139
Trd, 4319190.043, 116
Trd, 4319191.243, 140
Trd, 4319192.743, 139
Trd, 4319193.093, 138
Trd, 4319193.243, 132
Trd, 4319193.893, 112
Trd, 4319194.143, 111
Trd, 4319194.193, 109
Trd, 4319195.693, 92
Trd, 4319196.093, 96
Trd, 4319197.743, 70
Trd, 4319198.093, 86
Trd, 4319199.093, 63
Trd, 4319199.893, 110
Trd, 4319200.043, 129
Trd, 4319201.193, 86
Trd, 4319201.943, 74
Trd, 4319203.093, 119
Trd, 4319203.393, 80
Trd, 4319203.593, 85
Trd, 4319204.243, 76
Trd, 4319204.343, 132
Trd, 4319204.543, 75
Trd, 4319206.293, 78
Trd, 4319206.993, 70
Trd, 4319207.693, 68
Trd, 4319207.793, 73
Trd, 4319207.893, 84
Trd, 4319208.143, 88
Trd, 4319209.843, 97
Trd, 4319209.943, 91
Trd, 4319211.143, 140
Trd, 4319211.293, 125
Trd, 4319211.493, 124
Trd, 4319211.793, 100
Trd, 4319211.993, 118
Trd, 4319212.243, 94
Trd, 4319212.943, 140
Trd, 4319213.243, 101
Trd, 4319215.193, 115
Trd, 4319215.293, 114
Trd, 4319215.343, 110
Trd, 4319216.543, 93
Trd, 4319217.493, 110
Trd, 4319218.143, 133
Trd, 4319219.093, 135
Trd, 4319219.493, 90
Trd, 4319219.943, 88
Trd, 4319220.243, 94
Trd, 4319221.393, 81
Trd, 4319222.743, 122
Trd, 4319222.893, 109
Trd, 4319223.493, 79
Trd, 4319224.143, 73
Trd, 4319225.093, 97
Trd, 4319226.493, 98
Trd, 4319226.793, 109
Trd, 4319227.693, 96
Trd, 4319227.793, 112
Trd, 4319227.893, 135
Trd, 4319228.043, 94
Trd, 4319228.343, 93
Trd, 4319229.143, 140
Trd, 4319229.343, 140
Trd, 4319230.143, 131
Trd, 4319231.193, 98
Trd, 4319232.193, 116
Trd, 4319232.293, 137
Trd, 4319233.093, 90
Trd, 4319233.643, 101
Trd, 4319234.043, 74
Trd, 4319235.093, 124
Trd, 4319235.343, 123
Trd, 4319235.593, 134
Trd, 4319236.293, 121
Trd, 4319238.593, 140
Trd, 4319238.843, 140
Trd, 4319239.193, 122
Trd, 4319239.493, 117
Trd, 4319239.993, 103
Trd, 4319240.543, 126
Trd, 4319241.493, 76
Trd, 4319242.293, 112
Trd, 4319242.843, 130
Trd, 4319244.343, 120
Trd, 4319244.943, 96
Trd, 4319245.843, 77
Trd, 4319246.543, 61
Trd, 4319247.943, 96
Trd, 4319247.993, 117
Trd, 4319248.993, 90
Trd, 4319249.093, 79
Trd, 4319250.093, 118
Trd, 4319250.293, 95
Trd, 4319250.743, 84
Trd, 4319250.793, 82
Trd, 4319253.443, 101
Trd, 4319253.843, 103
Trd, 4319255.093, 100
Trd, 4319256.043, 110
Trd, 4319256.093, 107
Trd, 4319256.443, 101
Trd, 4319256.643, 96
Trd, 4319256.943, 78
Trd, 4319257.393, 97
Trd, 4319259.993, 82
Trd, 4319260.593, 90
Trd, 4319260.793, 95
Trd, 4319261.343, 73
Trd, 4319262.043, 69
Trd, 4319262.243, 70
Trd, 4319264.293, 68
Trd, 4319264.493, 74
Trd, 4319264.543, 78
Trd, 4319265.243, 92
Trd, 4319265.393, 75
Trd, 4319266.243, 139
Trd, 4319266.743, 128
Trd, 4319267.443, 138
Trd, 4319267.843, 91
Trd, 4319269.593, 62
Trd, 4319270.443, 115
Trd, 4319270.843, 112
Trd, 4319271.943, 107
Trd, 4319272.193, 106
Trd, 4319272.993, 98
Trd, 4319273.143, 66
Trd, 4319273.943, 73
Trd, 4319274.593, 85
Trd, 4319275.543, 85
Trd, 4319276.043, 82
Trd, 4319276.393, 71
Trd, 4319278.393, 76
Trd, 4319279.193, 64
Trd, 4319279.693, 80
Trd, 4319280.443, 60
Trd, 4319280.693, 108
Trd, 4319281.943, 75
Trd, 4319282.243, 86
Trd, 4319282.543, 107
Trd, 4319283.093, 122
Trd, 4319283.193, 117
Trd, 4319283.893, 78
Trd, 4319284.943, 133
Trd, 4319285.843, 131
Trd, 4319286.193, 129
Trd, 4319286.293, 128
Trd, 4319286.443, 136
Trd, 4319286.493, 124
Trd, 4319287.993, 100
Trd, 4319289.193, 68
Trd, 4319289.643, 62
Trd, 4319290.343, 88
Trd, 4319290.743, 71
Trd, 4319291.843, 103
Trd, 4319292.893, 68
Trd, 4319294.743, 64
Trd, 4319294.943, 61
Trd, 4319295.193, 64
Trd, 4319295.343, 81
Trd, 4319296.443, 69
Trd, 4319297.143, 65
Trd, 4319297.643, 109
Trd, 4319298.743, 138
Trd, 4319299.193, 123
Trd, 4319299.743, 121
Trd, 4319299.893, 108
Trd, 4319300.543, 105
Trd, 4319301.393, 97
Trd, 4319301.643, 99
Trd, 4319302.043, 136
Trd, 4319302.893, 133
Trd, 4319303.243, 131
Trd, 4319303.393, 84
Trd, 4319304.193, 121
Trd, 4319305.543, 91
Trd, 4319305.793, 81
Trd, 4319306.393, 125
Trd, 4319306.843, 139
Trd, 4319307.143, 106
Trd, 4319308.693, 80
Trd, 4319309.393, 95
Trd, 4319310.393, 97
Trd, 4319311.543, 62
Trd, 4319311.993, 79
Trd, 4319312.293, 92
Trd, 4319312.543, 102
Trd, 4319313.593, 71
Trd, 4319314.043, 93
Trd, 4319315.793, 86
Trd, 4319316.143, 115
Trd, 4319316.843, 77
Trd, 4319317.693, 73
Trd, 4319318.793, 84
Trd, 4319319.343, 83
Trd, 4319319.893, 100
Trd, 4319320.643, 89
Trd, 4319321.743, 88
Trd, 4319322.593, 140
Trd, 4319322.693, 126
Trd, 4319323.243, 139
Trd, 4319323.943, 128
Trd, 4319325.743, 128
Trd, 4319326.643, 126
Trd, 4319327.793, 139
Trd, 4319328.243, 135
Trd, 4319328.593, 130
Trd, 4319328.693, 122
Trd, 4319329.543, 140
Trd, 4319330.193, 114
Trd, 4319330.293, 106
Trd, 4319332.243, 71
Trd, 4319332.393, 111
Trd, 4319333.043, 72
Trd, 4319333.893, 61
Trd, 4319333.943, 70
Trd, 4319335.943, 71
Trd, 4319336.293, 88
Trd, 4319336.493, 73
Trd, 4319336.593, 72
Trd, 4319337.593, 104
Trd, 4319338.643, 112
Trd, 4319339.793, 96
Trd, 4319339.893, 135
Trd, 4319340.793, 104
Trd, 4319341.693, 71
Trd, 4319341.743, 67
Trd, 4319342.743, 63
Trd, 4319344.393, 69
Trd, 4319344.643, 72
Trd, 4319345.943, 68
Trd, 4319346.943, 94
Trd, 4319347.093, 87
Trd, 4319347.693, 122
Trd, 4319347.843, 101
Trd, 4319348.743, 104
Trd, 4319350.043, 95
Trd, 4319350.143, 94
Trd, 4319350.593, 91
Trd, 4319351.093, 84
Trd, 4319351.793, 82
Trd, 4319352.943, 93
Trd, 4319353.693, 96
Trd, 4319354.243, 140
Trd, 4319354.393, 140
Trd, 4319354.493, 122
Trd, 4319355.143, 128
Trd, 4319355.993, 132
Trd, 4319356.143, 90
Trd, 4319356.743, 122
Trd, 4319357.643, 98
Trd, 4319358.393, 139
Trd, 4319358.643, 96
Trd, 4319360.343, 140
Trd, 4319360.443, 140
Trd, 4319360.693, 140
Trd, 4319362.193, 119
Trd, 4319362.343, 117
Trd, 4319364.193, 84
Trd, 4319364.693, 81
Trd, 4319364.993, 130
Trd, 4319365.093, 79
Trd, 4319365.593, 132
Trd, 4319366.393, 87
Trd, 4319366.693, 101
Trd, 4319366.943, 71
Trd, 4319368.293, 61
Trd, 4319368.343, 65
Trd, 4319368.843, 87
Trd, 4319369.343, 116
Trd, 4319369.993, 62
Trd, 4319371.143, 129
Trd, 4319371.693, 73
Trd, 4319372.543, 75
Trd, 4319373.293, 83
Trd, 4319374.043, 84
Trd, 4319374.093, 80
Trd, 4319374.193, 62
Trd, 4319374.993, 127
Trd, 4319375.143, 112
Trd, 4319375.443, 104
Trd, 4319376.143, 84
Trd, 4319377.293, 112
Trd, 4319378.043, 122
Trd, 4319378.393, 77
Trd, 4319379.043, 117
Trd, 4319379.093, 62
Trd, 4319379.293, 70
Trd, 4319379.743, 67
Trd, 4319380.243, 74
Trd, 4319381.293, 63
Trd, 4319381.843, 62
Trd, 4319382.543, 133
Trd, 4319383.393, 114
Trd, 4319383.643, 112
Trd, 4319383.743, 110
Trd, 4319383.843, 89
Trd, 4319385.543, 102
Trd, 4319386.143, 86
Trd, 4319386.593, 75
Trd, 4319386.993, 74
Trd, 4319387.843, 113
Trd, 4319388.043, 128
Trd, 4319389.493, 99
Trd, 4319389.543, 73
Trd, 4319391.293, 92
Trd, 4319391.943, 73
Trd, 4319392.643, 79
Trd, 4319393.843, 69
Trd, 4319394.793, 97
Trd, 4319395.093, 65
Trd, 4319396.243, 140
Trd, 4319396.343, 132
Trd, 4319396.643, 94
Trd, 4319397.493, 123
Trd, 4319398.493, 121
Trd, 4319399.093, 117
Trd, 4319399.893, 140
Trd, 4319400.193, 133
Trd, 4319400.793, 122
Trd, 4319401.393, 116
Trd, 4319403.043, 129
Trd, 4319403.193, 118
Trd, 4319403.893, 118
Trd, 4319404.443, 121
Trd, 4319405.893, 135
Trd, 4319406.043, 134
Trd, 4319406.143, 117
Trd, 4319406.793, 112
Trd, 4319406.993, 75
Trd, 4319409.593, 139
Trd, 4319409.893, 133
Trd, 4319410.143, 140
Trd, 4319410.943, 134
Trd, 4319411.143, 120
Trd, 4319411.543, 101
Trd, 4319412.343, 60
Trd, 4319412.443, 73
Trd, 4319413.643, 96
Trd, 4319414.843, 64
Trd, 4319414.893, 74
Trd, 4319415.393, 71
Trd, 4319415.543, 131
Trd, 4319416.893, 77
Trd, 4319417.793, 120
Trd, 4319418.643, 127
Trd, 4319418.793, 75
Trd, 4319420.693, 119
Trd, 4319420.943, 118
Trd, 4319422.393, 128
Trd, 4319423.393, 140
Trd, 4319424.343, 123
Trd, 4319425.043, 89
Trd, 4319425.993, 139
Trd, 4319426.193, 137
Trd, 4319426.493, 123
Trd, 4319426.543, 90
Trd, 4319427.143, 125
Trd, 4319427.843, 105
Trd, 4319428.743, 140
Trd, 4319429.143, 122
Trd, 4319430.093, 115
Trd, 4319430.193, 112
Trd, 4319430.443, 110
Trd, 4319430.893, 140
Trd, 4319431.243, 92
Trd, 4319432.793, 65
Trd, 4319433.543, 93
Trd, 4319433.643, 86
Trd, 4319434.393, 87
Trd, 4319434.543, 83
Trd, 4319435.243, 94
Trd, 4319436.843, 119
Trd, 4319437.543, 109
Trd, 4319437.843, 105
Trd, 4319439.693, 98
Trd, 4319440.143, 96
Trd, 4319441.193, 138
Trd, 4319441.443, 92
Trd, 4319441.493, 87
Trd, 4319442.093, 82
Trd, 4319442.343, 120
Trd, 4319442.843, 136
Trd, 4319446.443, 101
Trd, 4319446.693, 107
Trd, 4319447.293, 75
Trd, 4319447.343, 82
Trd, 4319448.893, 78
Trd, 4319449.143, 111
Trd, 4319450.043, 77
Trd, 4319450.143, 78
Trd, 4319450.293, 74
Trd, 4319452.193, 68
Trd, 4319453.243, 87
Trd, 4319453.343, 103
Trd, 4319453.743, 65
Trd, 4319455.193, 79
Trd, 4319455.443, 74
Trd, 4319456.593, 93
Trd, 4319456.693, 73
Trd, 4319456.793, 71
Trd, 4319457.643, 114
Trd, 4319457.893, 96
Trd, 4319458.443, 110
Trd, 4319458.693, 102
Trd, 4319459.793, 128
Trd, 4319460.943, 79
Trd, 4319461.043, 76
Trd, 4319462.293, 62
Trd, 4319462.493, 75
Trd, 4319463.393, 60
Trd, 4319463.793, 68
Trd, 4319463.993, 68
Trd, 4319465.243, 63
Trd, 4319465.443, 109
Trd, 4319467.593, 70
Trd, 4319467.993, 66
Trd, 4319468.443, 88
Trd, 4319469.093, 96
Trd, 4319469.843, 101
Trd, 4319471.193, 96
Trd, 4319471.493, 72
Trd, 4319471.893, 92
Trd, 4319472.843, 85
Trd, 4319473.193, 135
Trd, 4319473.843, 93
Trd, 4319474.093, 126
Trd, 4319474.543, 86
Trd, 4319475.043, 90
Trd, 4319475.293, 85
Trd, 4319476.743, 110
Trd, 4319476.843, 99
Trd, 4319478.693, 83
Trd, 4319479.443, 140
Trd, 4319479.943, 140
Trd, 4319480.243, 119
Trd, 4319481.043, 119
Trd, 4319482.243, 100
Trd, 4319482.493, 98
Trd, 4319483.743, 71
Trd, 4319484.293, 67
Trd, 4319484.843, 89
Trd, 4319485.543, 88
Trd, 4319485.743, 74
Trd, 4319486.643, 126
Trd, 4319487.193, 86
Trd, 4319487.243, 82
Trd, 4319487.493, 76
Trd, 4319487.593, 63
Trd, 4319488.693, 94
Trd, 4319489.043, 86
Trd, 4319489.943, 140
Trd, 4319490.343, 140
Trd, 4319490.693, 122
Trd, 4319491.943, 134
Trd, 4319492.093, 94
Trd, 4319492.393, 83
Trd, 4319494.293, 105
Trd, 4319494.693, 101
Trd, 4319495.093, 140
Trd, 4319495.593, 139
Trd, 4319496.893, 94
Trd, 4319497.193, 76
Trd, 4319497.793, 71
Trd, 4319498.443, 117
Trd, 4319499.043, 99
Trd, 4319499.693, 84
Trd, 4319500.643, 97
Trd, 4319500.993, 87
Trd, 4319501.543, 65
Trd, 4319502.043, 66
Trd, 4319503.093, 80
Trd, 4319503.193, 117
Trd, 4319504.793, 61
Trd, 4319507.743, 67
Trd, 4319507.793, 78
Trd, 4319508.893, 88
Trd, 4319509.393, 93
Trd, 4319509.443, 85
Trd, 4319509.593, 82
Trd, 4319510.743, 140
Trd, 4319512.193, 65
Trd, 4319512.893, 116
Trd, 4319513.493, 114
Trd, 4319513.593, 107
Trd, 4319514.543, 134
Trd, 4319514.843, 125
Trd, 4319515.243, 85
Trd, 4319516.093, 74
Trd, 4319516.593, 64
Trd, 4319517.293, 71
Trd, 4319517.843, 60
Trd, 4319518.743, 81
Trd, 4319518.943, 118
Trd, 4319519.143, 95
Trd, 4319519.793, 94
Trd, 4319520.943, 118
Trd, 4319521.493, 116
Trd, 4319522.093, 93
Trd, 4319523.093, 123
Trd, 4319524.493, 139
Trd, 4319524.543, 128
Trd, 4319525.243, 111
Trd, 4319525.693, 116
Trd, 4319526.293, 100
Trd, 4319526.393, 92
Trd, 4319526.693, 140
Trd, 4319527.993, 91
Trd, 4319528.893, 63
Trd, 4319530.393, 70
Trd, 4319530.643, 74
Trd, 4319531.293, 72
Trd, 4319531.493, 66
Trd, 4319531.993, 83
Trd, 4319532.293, 100
Trd, 4319532.893, 123
Trd, 4319533.043, 113
Trd, 4319533.593, 87
Trd, 4319535.293, 69
Trd, 4319536.343, 79
Trd, 4319536.743, 81
Trd, 4319537.743, 65
Trd, 4319539.193, 62
Trd, 4319540.193, 60
Trd, 4319540.493, 70
Trd, 4319540.593, 61
Trd, 4319541.493, 91
Trd, 4319541.893, 94
Trd, 4319542.593, 91
Trd, 4319543.043, 91
Trd, 4319543.393, 75
Trd, 4319543.843, 110
Trd, 4319544.093, 122
Trd, 4319544.243, 76
Trd, 4319544.943, 68
Trd, 4319545.393, 96
Trd, 4319546.693, 61
Trd, 4319547.193, 91
Trd, 4319547.893, 117
Trd, 4319549.193, 114
Trd, 4319549.343, 102
Trd, 4319549.943, 91
Trd, 4319550.893, 96
Trd, 4319551.443, 99
Trd, 4319551.493, 99
Trd, 4319551.943, 128
Trd, 4319552.593, 130
Trd, 4319553.993, 118
Trd, 4319554.343, 107
Trd, 4319554.493, 128
Trd, 4319556.193, 90
Trd, 4319556.243, 87
Trd, 4319556.593, 75
Trd, 4319557.143, 73
Trd, 4319557.743, 89
Trd, 4319558.093, 65
Trd, 4319558.793, 65
Trd, 4319560.393, 78
Trd, 4319560.693, 70
Trd, 4319561.393, 71
Trd, 4319561.443, 81
Trd, 4319561.743, 63
Trd, 4319563.793, 88
Trd, 4319564.093, 81
Trd, 4319564.443, 128
Trd, 4319565.093, 61
Trd, 4319565.943, 89
Trd, 4319567.343, 110
Trd, 4319568.493, 139
Trd, 4319568.893, 138
Trd, 4319569.493, 140
Trd, 4319570.793, 100
Trd, 4319571.893, 99
Trd, 4319571.993, 107
Trd, 4319572.093, 98
Trd, 4319572.943, 118
Trd, 4319573.743, 107
Trd, 4319574.193, 106
Trd, 4319574.443, 96
Trd, 4319574.993, 97
Trd, 4319575.043, 104
Trd, 4319576.843, 72
Trd, 4319577.593, 73
Trd, 4319577.893, 98
Trd, 4319578.793, 135
Trd, 4319579.843, 82
Trd, 4319580.293, 74
Trd, 4319580.993, 79
Trd, 4319581.493, 138
Trd, 4319581.543, 79
Trd, 4319582.293, 86
Trd, 4319582.843, 104
Trd, 4319583.043, 105
Trd, 4319583.843, 114
Trd, 4319584.293, 90
Trd, 4319586.293, 67
Trd, 4319586.643, 70
Trd, 4319586.843, 97
Trd, 4319586.993, 63
Trd, 4319587.343, 80
Trd, 4319588.543, 90
Trd, 4319588.843, 88
Trd, 4319589.293, 97
Trd, 4319589.743, 95
Trd, 4319590.093, 104
Trd, 4319590.143, 132
Trd, 4319591.793, 130
Trd, 4319591.893, 130
Trd, 4319593.393, 117
Trd, 4319593.893, 136
Trd, 4319594.193, 112
Trd, 4319594.443, 106
Trd, 4319595.493, 120
Trd, 4319596.493, 140
Trd, 4319597.293, 112
Trd, 4319597.393, 136
Trd, 4319598.293, 100
Trd, 4319598.693, 99
Trd, 4319599.343, 104
Trd, 4319600.093, 90
Trd, 4319600.893, 93
Trd, 4319601.593, 101
Trd, 4319602.093, 84
Trd, 4319602.843, 139
Trd, 4319602.993, 122
Trd, 4319603.043, 107
Trd, 4319603.193, 86
Trd, 4319604.593, 106
Trd, 4319606.793, 61
Trd, 4319606.993, 63
Trd, 4319607.093, 84
Trd, 4319607.243, 89
Trd, 4319607.943, 95
Trd, 4319609.343, 70
Trd, 4319609.443, 68
Trd, 4319610.343, 140
Trd, 4319611.993, 134
Trd, 4319612.293, 99
Trd, 4319613.043, 94
Trd, 4319613.643, 124
Trd, 4319613.993, 120
Trd, 4319614.743, 129
Trd, 4319615.143, 117
Trd, 4319615.693, 103
Trd, 4319617.843, 140
Trd, 4319617.893, 133
Trd, 4319618.143, 103
Trd, 4319619.343, 79
Trd, 4319619.543, 95
Trd, 4319619.693, 102
Trd, 4319620.293, 140
Trd, 4319620.893, 78
Trd, 4319621.393, 75
Trd, 4319622.593, 82
Trd, 4319622.943, 76
Trd, 4319623.793, 87
Trd, 4319624.443, 62
Trd, 4319624.893, 61
Trd, 4319625.393, 102
Trd, 4319627.293, 60
Trd, 4319627.493, 66
Trd, 4319628.443, 87
Trd, 4319628.693, 94
Trd, 4319629.093, 86
Trd, 4319630.293, 81
Trd, 4319630.343, 79
Trd, 4319631.443, 77
Trd, 4319632.243, 101
Trd, 4319632.943, 71
Trd, 4319633.293, 68
Trd, 4319633.643, 92
Trd, 4319634.243, 91
Trd, 4319636.243, 138
Trd, 4319636.743, 98
Trd, 4319636.793, 97
Trd, 4319637.443, 71
Trd, 4319637.943, 79
Trd, 4319638.643, 61
Trd, 4319639.093, 85
Trd, 4319639.693, 67
Trd, 4319640.343, 83
Trd, 4319640.643, 68
Trd, 4319641.393, 106
Trd, 4319641.843, 62
Trd, 4319641.943, 71
Trd, 4319642.593, 89
Trd, 4319644.393, 103
Trd, 4319645.393, 137
Trd, 4319645.493, 105
Trd, 4319646.543, 94
Trd, 4319646.893, 94
Trd, 4319647.593, 87
Trd, 4319648.543, 82
Trd, 4319648.743, 85
Trd, 4319648.943, 105
Trd, 4319649.843, 109
Trd, 4319650.093, 86
Trd, 4319651.043, 88
Trd, 4319651.793, 85
Trd, 4319653.143, 130
Trd, 4319653.443, 116
Trd, 4319653.743, 87
Trd, 4319654.293, 81
Trd, 4319654.343, 87
Trd, 4319655.193, 139
Trd, 4319655.393, 123
Trd, 4319657.543, 140
Trd, 4319657.843, 93
Trd, 4319658.243, 81
Trd, 4319659.443, 82
Trd, 4319659.543, 81
Trd, 4319659.843, 91
Trd, 4319660.693, 86
Trd, 4319661.843, 90
Trd, 4319662.643, 139
Trd, 4319663.043, 131
Trd, 4319663.643, 114
Trd, 4319664.493, 99
Trd, 4319664.543, 113
Trd, 4319664.943, 80
Trd, 4319665.243, 93
Trd, 4319665.443, 110
Trd, 4319666.043, 65
Trd, 4319667.793, 70
Trd, 4319668.943, 63
Trd, 4319669.243, 70
Trd, 4319669.843, 97
Trd, 4319669.993, 124
Trd, 4319670.343, 139
Trd, 4319670.543, 73
Trd, 4319671.493, 140
Trd, 4319671.543, 98
Trd, 4319673.543, 84
Trd, 4319673.743, 95
Trd, 4319674.393, 70
Trd, 4319674.643, 104
Trd, 4319674.843, 95
Trd, 4319675.193, 91
Trd, 4319677.593, 62
Trd, 4319678.543, 82
Trd, 4319678.743, 80
Trd, 4319678.943, 97
Trd, 4319679.993, 99
Trd, 4319680.343, 138
Trd, 4319680.843, 99
Trd, 4319682.043, 61
Trd, 4319683.093, 78
Trd, 4319683.143, 81
Trd, 4319684.043, 66
Trd, 4319684.493, 116
Trd, 4319684.943, 123
Trd, 4319685.293, 129
Trd, 4319687.243, 120
Trd, 4319687.293, 100
Trd, 4319687.793, 87
Trd, 4319688.443, 74
Trd, 4319688.593, 70
Trd, 4319688.893, 75
Trd, 4319689.793, 74
Trd, 4319690.943, 95
Trd, 4319691.293, 72
Trd, 4319692.093, 85
Trd, 4319692.443, 83
Trd, 4319693.393, 76
Trd, 4319693.893, 76
Trd, 4319694.943, 140
Trd, 4319695.093, 122
Trd, 4319695.493, 137
Trd, 4319696.043, 77
Trd, 4319697.043, 93
Trd, 4319698.343, 96
Trd, 4319698.393, 95
Trd, 4319698.643, 95
Trd, 4319698.693, 101
Trd, 4319699.343, 114
Trd, 4319699.443, 86
Trd, 4319699.493, 71
Trd, 4319700.293, 69
Trd, 4319701.243, 78
Trd, 4319701.693, 84
Trd, 4319702.143, 115
Trd, 4319702.593, 124
Trd, 4319704.093, 62
Trd, 4319704.893, 60
Trd, 4319705.343, 75
Trd, 4319706.393, 80
Trd, 4319708.443, 91
Trd, 4319709.143, 128
Trd, 4319709.193, 126
Trd, 4319709.643, 112
Trd, 4319709.743, 82
Trd, 4319710.893, 140
Trd, 4319710.993, 107
Trd, 4319711.643, 78
Trd, 4319711.943, 70
Trd, 4319713.493, 120
Trd, 4319714.093, 121
Trd, 4319714.243, 109
Trd, 4319714.693, 106
Trd, 4319715.943, 140
Trd, 4319716.043, 140
Trd, 4319716.393, 108
Trd, 4319717.293, 136
Trd, 4319717.693, 119
Trd, 4319718.043, 73
Trd, 4319719.393, 135
Trd, 4319719.743, 105
Trd, 4319720.343, 80
Trd, 4319721.893, 85
Trd, 4319723.043, 82
Trd, 4319723.743, 113
Trd, 4319724.543, 93
Trd, 4319724.993, 89
Trd, 4319725.393, 136
Trd, 4319725.643, 136
Trd, 4319726.443, 117
Trd, 4319726.743, 108
Trd, 4319727.693, 99
Trd, 4319727.893, 117
Trd, 4319728.443, 95
Trd, 4319729.243, 113
Trd, 4319730.493, 136
Trd, 4319731.243, 66
Trd, 4319732.843, 71
Trd, 4319733.093, 93
Trd, 4319734.193, 140
Trd, 4319734.293, 100
Trd, 4319734.693, 140
Trd, 4319735.143, 98
Trd, 4319735.793, 94
Trd, 4319737.493, 140
Trd, 4319737.793, 140
Trd, 4319738.043, 119
Trd, 4319738.943, 107
Trd, 4319739.293, 98
Trd, 4319739.543, 87
Trd, 4319739.943, 106
Trd, 4319741.743, 62
Trd, 4319742.743, 64
Trd, 4319742.843, 74
Trd, 4319743.793, 62
Trd, 4319744.643, 75
Trd, 4319745.643, 72
Trd, 4319745.993, 74
Trd, 4319746.393, 120
Trd, 4319747.143, 90
Trd, 4319747.293, 102
Trd, 4319747.743, 109
Trd, 4319748.193, 111
Trd, 4319748.593, 99
Trd, 4319749.843, 61
Trd, 4319750.543, 87
Trd, 4319751.743, 75
Trd, 4319752.043, 80
Trd, 4319753.443, 114
Trd, 4319754.143, 69
Trd, 4319754.393, 61
Trd, 4319756.043, 62
Trd, 4319757.993, 62
Trd, 4319758.993, 104
Trd, 4319759.193, 87
Trd, 4319759.343, 131
Trd, 4319759.793, 85
Trd, 4319760.193, 83
Trd, 4319760.793, 107
Trd, 4319761.243, 82
Trd, 4319762.243, 76
Trd, 4319763.443, 69
Trd, 4319763.593, 74
Trd, 4319763.793, 83
Trd, 4319764.993, 62
Trd, 4319765.393, 71
Trd, 4319766.593, 89
Trd, 4319767.343, 72
Trd, 4319768.443, 65
Trd, 4319768.793, 96
Trd, 4319768.943, 116
Trd, 4319769.493, 75
Trd, 4319770.643, 81
Trd, 4319771.093, 82
Trd, 4319771.493, 89
Trd, 4319772.443, 91
Trd, 4319774.043, 93
Trd, 4319774.143, 97
Trd, 4319774.493, 88
Trd, 4319775.293, 97
Trd, 4319776.543, 93
Trd, 4319776.843, 133
Trd, 4319776.993, 90
Trd, 4319777.943, 127
Trd, 4319778.093, 122
Trd, 4319778.543, 118
Trd, 4319778.643, 113
Trd, 4319778.893, 106
Trd, 4319779.243, 71
Trd, 4319780.543, 68
Trd, 4319781.493, 69
Trd, 4319783.943, 140
Trd, 4319783.993, 140
Trd, 4319784.043, 127
Trd, 4319784.093, 118
Trd, 4319785.043, 81
Trd, 4319785.693, 111
Trd, 4319787.043, 126
Trd, 4319787.743, 131
Trd, 4319787.793, 104
Trd, 4319788.993, 69
Trd, 4319789.243, 67
Trd, 4319790.193, 89
Trd, 4319790.693, 80
Trd, 4319791.693, 63
Trd, 4319792.643, 140
Trd, 4319792.693, 127
Trd, 4319792.943, 101
Trd, 4319794.043, 97
Trd, 4319795.343, 74
Trd, 4319795.843, 88
Trd, 4319796.393, 75
Trd, 4319796.843, 81
Trd, 4319797.043, 73
Trd, 4319797.993, 117
Trd, 4319798.393, 96
Trd, 4319798.793, 79
Trd, 4319799.493, 137
Trd, 4319799.593, 92
Trd, 4319801.143, 80
Trd, 4319801.193, 79
Trd, 4319801.943, 105
Trd, 4319802.093, 103
Trd, 4319803.243, 127
Trd, 4319803.993, 68
Trd, 4319804.143, 83
Trd, 4319804.493, 71
Trd, 4319805.243, 66
Trd, 4319805.393, 71
Trd, 4319807.093, 108
Trd, 4319807.143, 82
Trd, 4319808.743, 139
Trd, 4319810.693, 139
Trd, 4319810.743, 113
Trd, 4319810.793, 100
Trd, 4319811.043, 93
Trd, 4319812.043, 118
Trd, 4319812.993, 100
Trd, 4319813.243, 77
Trd, 4319813.743, 65
Trd, 4319814.593, 89
Trd, 4319815.393, 77
Trd, 4319815.993, 135
Trd, 4319816.093, 119
Trd, 4319816.293, 95
Trd, 4319818.743, 140
Trd, 4319818.943, 133
Trd, 4319819.793, 110
Trd, 4319820.243, 140
Trd, 4319821.293, 127
Trd, 4319822.193, 137
Trd, 4319823.143, 127
Trd, 4319823.243, 125
Trd, 4319823.443, 118
Trd, 4319823.493, 112
Trd, 4319823.843, 97
Trd, 4319824.043, 74
Trd, 4319825.843, 118
Trd, 4319827.293, 88
Trd, 4319827.393, 74
Trd, 4319827.493, 86
Trd, 4319827.993, 127
Trd, 4319829.493, 96
Trd, 4319829.643, 88
Trd, 4319829.843, 112
Trd, 4319830.593, 79
Trd, 4319830.693, 98
Trd, 4319832.643, 62
Trd, 4319833.043, 61
Trd, 4319834.543, 69
Trd, 4319834.893, 83
Trd, 4319835.293, 69
Trd, 4319836.043, 72
Trd, 4319836.543, 67
Trd, 4319837.043, 64
Trd, 4319837.543, 136
Trd, 4319838.243, 69
Trd, 4319839.443, 97
Trd, 4319839.793, 61
Trd, 4319840.843, 72
Trd, 4319841.093, 69
Trd, 4319841.393, 87
Trd, 4319842.493, 82
Trd, 4319842.593, 94
Trd, 4319844.093, 116
Trd, 4319844.293, 104
Trd, 4319845.543, 101
Trd, 4319845.743, 112
Trd, 4319846.143, 102
Trd, 4319847.443, 109
Trd, 4319848.143, 97
Trd, 4319848.843, 94
Trd, 4319848.993, 98
Trd, 4319849.293, 84
Trd, 4319851.543, 117
Trd, 4319852.393, 121
Trd, 4319852.643, 116
Trd, 4319852.693, 111
Trd, 4319853.343, 106
Trd, 4319853.693, 126
Trd, 4319853.893, 71
Trd, 4319854.493, 140
Trd, 4319855.343, 105
Trd, 4319855.593, 103
Trd, 4319855.993, 140
Trd, 4319856.043, 117
Trd, 4319857.143, 96
Trd, 4319858.993, 71
Trd, 4319859.943, 87
Trd, 4319860.843, 64
Trd, 4319861.443, 118
Trd, 4319861.843, 72
Trd, 4319862.793, 60
Trd, 4319862.893, 61
Trd, 4319862.993, 112
Trd, 4319864.343, 140
Trd, 4319864.493, 138
Trd, 4319865.043, 103
Trd, 4319866.493, 105
Trd, 4319866.943, 71
Trd, 4319867.893, 108
Trd, 4319868.543, 102
Trd, 4319868.743, 112
Trd, 4319869.393, 70
Trd, 4319869.593, 75
Trd, 4319869.843, 97
Trd, 4319871.693, 71
Trd, 4319871.743, 97
Trd, 4319872.193, 61
Trd, 4319872.793, 140
Trd, 4319873.243, 112
Trd, 4319875.993, 65
Trd, 4319876.193, 71
Trd, 4319876.843, 73
Trd, 4319877.593, 61
Trd, 4319877.843, 79
Trd, 4319878.243, 118
Trd, 4319878.993, 71
Trd, 4319880.043, 92
Trd, 4319880.693, 94
Trd, 4319880.793, 140
Trd, 4319881.893, 120
Trd, 4319882.043, 109
Trd, 4319882.643, 93
Trd, 4319883.643, 94
Trd, 4319883.943, 93
Trd, 4319883.993, 90
Trd, 4319884.043, 74
Trd, 4319884.743, 135
Trd, 4319885.543, 95
Trd, 4319887.043, 122
Trd, 4319887.893, 97
Trd, 4319888.593, 99
Trd, 4319889.493, 105
Trd, 4319889.743, 96
Trd, 4319890.293, 87
Trd, 4319890.543, 107
Trd, 4319891.743, 67
Trd, 4319894.343, 101
Trd, 4319894.493, 104
Trd, 4319894.793, 84
Trd, 4319894.893, 79
Trd, 4319896.093, 92
Trd, 4319896.543, 90
Trd, 4319896.843, 140
Trd, 4319897.543, 127
Trd, 4319899.043, 135
Trd, 4319899.243, 134
Trd, 4319899.343, 109
Trd, 4319899.393, 107
Trd, 4319899.743, 140
Trd, 4319900.293, 127
Trd, 4319900.843, 65
Trd, 4319901.693, 101
Trd, 4319901.943, 121
Trd, 4319902.243, 134
Trd, 4319903.243, 80
Trd, 4319904.793, 107
Trd, 4319905.043, 93
Trd, 4319905.243, 64
Trd, 4319905.893, 88
Trd, 4319906.593, 60
Trd, 4319906.693, 91
Trd, 4319908.243, 107
Trd, 4319908.393, 104
Trd, 4319908.643, 65
Trd, 4319909.193, 79
Trd, 4319910.043, 64
Trd, 4319910.793, 123
Trd, 4319912.293, 111
Trd, 4319913.993, 140
Trd, 4319914.043, 140
Trd, 4319914.293, 133
Trd, 4319914.993, 107
Trd, 4319916.243, 138
Trd, 4319916.493, 122
Trd, 4319917.643, 82
Trd, 4319917.743, 82
Trd, 4319917.893, 66
Trd, 4319918.043, 139
Trd, 4319919.143, 104
Trd, 4319919.793, 136
Trd, 4319919.993, 114
Trd, 4319920.793, 113
Trd, 4319922.193, 99
Trd, 4319922.743, 96
Trd, 4319923.293, 95
Trd, 4319923.893, 140
Trd, 4319924.393, 133
Trd, 4319924.693, 125
Trd, 4319926.793, 84
Trd, 4319927.143, 88
Trd, 4319927.493, 79
Trd, 4319928.093, 93
Trd, 4319929.143, 88
Trd, 4319929.393, 83
Trd, 4319929.443, 78
Trd, 4319929.693, 138
Trd, 4319929.893, 134
Trd, 4319930.243, 111
Trd, 4319930.643, 73
Trd, 4319931.043, 112
Trd, 4319931.343, 120
Trd, 4319933.643, 128
Trd, 4319933.693, 88
Trd, 4319934.343, 92
Trd, 4319935.193, 139
Trd, 4319935.343, 118
Trd, 4319936.643, 140
Trd, 4319936.893, 134
Trd, 4319937.693, 96
Trd, 4319939.493, 72
Trd, 4319940.293, 111
Trd, 4319940.543, 136
Trd, 4319941.093, 89
Trd, 4319941.143, 66
Trd, 4319942.643, 64
Trd, 4319943.843, 64
Trd, 4319944.243, 75
Trd, 4319945.143, 66
Trd, 4319945.243, 78
Trd, 4319945.743, 98
Trd, 4319946.443, 131
Trd, 4319946.743, 130
Trd, 4319946.793, 116
Trd, 4319947.493, 132
Trd, 4319947.593, 114
Trd, 4319948.443, 134
Trd, 4319948.943, 111
Trd, 4319949.143, 110
Trd, 4319950.093, 88
Trd, 4319950.293, 86
Trd, 4319950.893, 123
Trd, 4319951.143, 82
Trd, 4319953.243, 87
Trd, 4319953.293, 78
Trd, 4319953.793, 139
Trd, 4319954.143, 63
Trd, 4319957.443, 134
Trd, 4319957.493, 129
Trd, 4319957.543, 119
Trd, 4319958.343, 139
Trd, 4319959.193, 122
Trd, 4319959.693, 126
Trd, 4319960.093, 118
Trd, 4319960.243, 105
Trd, 4319960.443, 103
Trd, 4319960.543, 101
Trd, 4319962.843, 73
Trd, 4319963.343, 68
Trd, 4319964.093, 83
Trd, 4319964.993, 62
Trd, 4319965.093, 63
Trd, 4319965.893, 74
Trd, 4319966.393, 92
Trd, 4319967.693, 140
Trd, 4319968.443, 139
Trd, 4319969.243, 139
Trd, 4319969.893, 136
Trd, 4319970.393, 133
Trd, 4319971.343, 127
Trd, 4319971.493, 113
Trd, 4319972.293, 139
Trd, 4319972.543, 116
Trd, 4319973.893, 129
Trd, 4319974.143, 128
Trd, 4319974.293, 119
Trd, 4319974.893, 118
Trd, 4319976.143, 138
Trd, 4319978.093, 105
Trd, 4319978.193, 102
Trd, 4319978.643, 103
Trd, 4319978.843, 100
Trd, 4319979.193, 96
Trd, 4319979.643, 81
Trd, 4319980.143, 77
Trd, 4319980.943, 96
Trd, 4319981.143, 76
Trd, 4319981.443, 116
Trd, 4319981.693, 78
Trd, 4319982.693, 140
Trd, 4319983.143, 61
Trd, 4319984.443, 93
Trd, 4319985.243, 79
Trd, 4319986.693, 81
Trd, 4319987.293, 68
Trd, 4319987.843, 122
Trd, 4319987.943, 91
Trd, 4319988.593, 89
Trd, 4319990.043, 106
Trd, 4319990.143, 95
Trd, 4319990.843, 140
Trd, 4319991.493, 110
Trd, 4319992.643, 124
Trd, 4319992.993, 125
Trd, 4319993.393, 108
Trd, 4319993.893, 97
Trd, 4319994.043, 92
Trd, 4319995.043, 138
Trd, 4319995.343, 127
Trd, 4319996.343, 99
Trd, 4319999.143, 94
Trd, 4319999.193, 75
Trd, 4319999.593, 96
Trd, 4319999.693, 72
