Trd, 4318139.793, 123
Trd, 4318139.893, 121
Trd, 4318139.943, 121
Trd, 4318139.993, 119
Trd, 4318140.893, 109
Trd, 4318143.043, 139
Trd, 4318143.143, 121
Trd, 4318144.143, 120
Trd, 4318144.543, 124
Trd, 4318145.043, 115
Trd, 4318145.293, 140
Trd, 4318145.393, 108
Trd, 4318145.643, 108
Trd, 4318145.693, 107
Trd, 4318146.493, 60
Trd, 4318147.093, 64
Trd, 4318147.743, 119
Trd, 4318148.193, 118
Trd, 4318148.493, 64
Trd, 4318149.993, 140
Trd, 4318151.393, 134
Trd, 4318152.443, 131
Trd, 4318153.343, 67
Trd, 4318153.493, 65
Trd, 4318154.343, 137
Trd, 4318154.993, 126
Trd, 4318155.543, 106
Trd, 4318156.193, 66
Trd, 4318156.343, 75
Trd, 4318158.393, 60
Trd, 4318158.643, 67
Trd, 4318159.493, 99
Trd, 4318159.893, 83
Trd, 4318161.243, 140
Trd, 4318161.693, 140
Trd, 4318163.543, 133
Trd, 4318163.693, 135
Trd, 4318163.893, 117
Trd, 4318164.393, 130
Trd, 4318166.193, 115
Trd, 4318166.993, 139
Trd, 4318167.843, 116
Trd, 4318168.393, 99
Trd, 4318168.943, 91
Trd, 4318169.343, 139
Trd, 4318169.993, 83
Trd, 4318171.493, 135
Trd, 4318171.693, 134
Trd, 4318172.593, 140
Trd, 4318173.043, 138
Trd, 4318174.543, 139
Trd, 4318174.793, 137
Trd, 4318175.393, 137
Trd, 4318175.593, 119
Trd, 4318177.043, 124
Trd, 4318177.393, 99
Trd, 4318177.843, 97
Trd, 4318178.593, 78
Trd, 4318178.943, 60
Trd, 4318179.443, 140
Trd, 4318180.093, 120
Trd, 4318180.893, 139
Trd, 4318180.943, 126
Trd, 4318182.443, 136
Trd, 4318182.893, 92
Trd, 4318182.943, 91
Trd, 4318183.343, 82
Trd, 4318184.693, 140
Trd, 4318185.243, 133
Trd, 4318185.993, 139
Trd, 4318186.643, 140
Trd, 4318186.943, 138
Trd, 4318187.243, 139
Trd, 4318187.493, 136
Trd, 4318187.743, 118
Trd, 4318188.743, 138
Trd, 4318189.293, 135
Trd, 4318190.793, 122
Trd, 4318191.043, 114
Trd, 4318191.443, 125
Trd, 4318192.393, 115
Trd, 4318192.843, 139
Trd, 4318194.093, 140
Trd, 4318194.143, 139
Trd, 4318194.593, 140
Trd, 4318197.143, 115
Trd, 4318197.393, 138
Trd, 4318197.693, 105
Trd, 4318197.893, 104
Trd, 4318198.393, 140
Trd, 4318199.193, 115
Trd, 4318200.343, 110
Trd, 4318200.643, 116
Trd, 4318201.843, 117
Trd, 4318203.443, 138
Trd, 4318203.693, 127
Trd, 4318203.743, 115
Trd, 4318204.693, 113
Trd, 4318205.043, 128
Trd, 4318205.793, 140
Trd, 4318206.743, 114
Trd, 4318207.943, 140
Trd, 4318208.293, 140
Trd, 4318208.343, 117
Trd, 4318208.743, 89
Trd, 4318210.393, 136
Trd, 4318210.793, 107
Trd, 4318211.093, 106
Trd, 4318212.793, 140
Trd, 4318213.043, 138
Trd, 4318213.193, 133
Trd, 4318214.243, 123
Trd, 4318214.943, 140
Trd, 4318215.743, 128
Trd, 4318216.143, 96
Trd, 4318217.643, 61
Trd, 4318218.343, 61
Trd, 4318219.743, 123
Trd, 4318221.093, 126
Trd, 4318221.793, 126
Trd, 4318222.093, 139
Trd, 4318222.393, 108
Trd, 4318223.693, 126
Trd, 4318223.993, 125
Trd, 4318224.893, 140
Trd, 4318225.393, 108
Trd, 4318225.693, 63
Trd, 4318226.843, 116
Trd, 4318229.043, 132
Trd, 4318229.093, 85
Trd, 4318229.693, 85
Trd, 4318229.793, 84
Trd, 4318230.193, 106
Trd, 4318230.693, 126
Trd, 4318230.743, 110
Trd, 4318231.343, 139
Trd, 4318233.243, 140
Trd, 4318233.743, 140
Trd, 4318234.193, 138
Trd, 4318235.943, 140
Trd, 4318236.593, 140
Trd, 4318236.693, 128
Trd, 4318237.093, 139
Trd, 4318237.193, 138
Trd, 4318237.243, 116
Trd, 4318237.543, 140
Trd, 4318237.993, 139
Trd, 4318239.043, 123
Trd, 4318239.193, 111
Trd, 4318239.243, 104
Trd, 4318241.343, 140
Trd, 4318241.493, 134
Trd, 4318241.543, 121
Trd, 4318242.743, 136
Trd, 4318243.343, 137
Trd, 4318243.393, 136
Trd, 4318244.243, 137
Trd, 4318245.043, 116
Trd, 4318245.943, 140
Trd, 4318246.293, 140
Trd, 4318246.593, 139
Trd, 4318247.893, 123
Trd, 4318249.493, 138
Trd, 4318249.643, 137
Trd, 4318250.693, 135
Trd, 4318251.143, 134
Trd, 4318251.343, 133
Trd, 4318251.443, 95
Trd, 4318252.293, 140
Trd, 4318252.993, 140
Trd, 4318253.993, 111
Trd, 4318254.293, 76
Trd, 4318254.893, 138
Trd, 4318256.093, 140
Trd, 4318256.643, 140
Trd, 4318257.293, 140
Trd, 4318257.593, 140
Trd, 4318257.843, 139
Trd, 4318258.993, 137
Trd, 4318259.143, 110
Trd, 4318260.193, 64
Trd, 4318260.743, 135
Trd, 4318261.293, 103
Trd, 4318262.893, 140
Trd, 4318263.043, 139
Trd, 4318263.543, 131
Trd, 4318264.243, 140
Trd, 4318265.393, 140
Trd, 4318265.443, 112
Trd, 4318266.243, 79
Trd, 4318266.793, 134
Trd, 4318266.893, 131
Trd, 4318267.893, 107
Trd, 4318268.443, 133
Trd, 4318270.643, 126
Trd, 4318270.743, 125
Trd, 4318271.593, 127
Trd, 4318271.793, 107
Trd, 4318273.743, 140
Trd, 4318273.993, 138
Trd, 4318274.393, 137
Trd, 4318275.343, 134
Trd, 4318275.743, 110
Trd, 4318276.993, 110
Trd, 4318277.443, 115
Trd, 4318277.793, 140
Trd, 4318279.293, 91
Trd, 4318279.743, 88
Trd, 4318280.343, 123
Trd, 4318281.143, 110
Trd, 4318281.343, 135
Trd, 4318281.893, 111
Trd, 4318282.093, 93
Trd, 4318282.943, 67
Trd, 4318283.593, 60
Trd, 4318284.443, 134
Trd, 4318285.243, 140
Trd, 4318285.493, 139
Trd, 4318286.193, 117
Trd, 4318286.343, 96
Trd, 4318287.043, 140
Trd, 4318287.093, 139
Trd, 4318287.543, 115
Trd, 4318288.793, 139
Trd, 4318289.593, 140
Trd, 4318290.193, 103
Trd, 4318291.293, 62
Trd, 4318291.393, 115
Trd, 4318292.043, 60
Trd, 4318292.843, 131
Trd, 4318293.393, 130
Trd, 4318294.893, 128
Trd, 4318295.543, 128
Trd, 4318295.793, 125
Trd, 4318296.643, 140
Trd, 4318296.843, 114
Trd, 4318296.893, 102
Trd, 4318297.293, 130
Trd, 4318297.493, 88
Trd, 4318298.543, 135
Trd, 4318299.643, 60
Trd, 4318300.443, 86
Trd, 4318300.593, 85
Trd, 4318301.243, 62
Trd, 4318302.343, 61
Trd, 4318302.593, 72
Trd, 4318303.543, 122
Trd, 4318304.243, 140
Trd, 4318304.443, 140
Trd, 4318304.793, 111
Trd, 4318304.943, 101
Trd, 4318305.893, 109
Trd, 4318307.393, 137
Trd, 4318307.693, 137
Trd, 4318308.793, 137
Trd, 4318308.943, 114
Trd, 4318309.793, 81
Trd, 4318310.793, 140
Trd, 4318312.543, 140
Trd, 4318312.893, 140
Trd, 4318313.493, 140
Trd, 4318314.693, 140
Trd, 4318315.243, 140
Trd, 4318316.593, 139
Trd, 4318317.693, 137
Trd, 4318318.593, 114
Trd, 4318318.843, 117
Trd, 4318319.793, 136
Trd, 4318320.343, 117
Trd, 4318320.943, 121
Trd, 4318321.843, 128
Trd, 4318322.993, 123
Trd, 4318324.193, 140
Trd, 4318324.743, 140
Trd, 4318325.043, 140
Trd, 4318325.643, 131
Trd, 4318325.993, 130
Trd, 4318326.343, 100
Trd, 4318326.443, 76
Trd, 4318328.343, 140
Trd, 4318328.493, 140
Trd, 4318330.593, 140
Trd, 4318331.143, 139
Trd, 4318331.193, 115
Trd, 4318332.743, 140
Trd, 4318333.243, 108
Trd, 4318333.343, 100
Trd, 4318334.293, 118
Trd, 4318335.043, 98
Trd, 4318336.643, 140
Trd, 4318337.143, 140
Trd, 4318337.343, 140
Trd, 4318337.543, 140
Trd, 4318338.443, 124
Trd, 4318339.243, 140
Trd, 4318340.193, 122
Trd, 4318340.443, 140
Trd, 4318341.043, 122
Trd, 4318341.943, 133
Trd, 4318342.893, 134
Trd, 4318343.443, 132
Trd, 4318343.643, 138
Trd, 4318345.293, 131
Trd, 4318345.493, 114
Trd, 4318345.743, 67
Trd, 4318346.843, 100
Trd, 4318347.743, 113
Trd, 4318349.143, 140
Trd, 4318349.643, 140
Trd, 4318349.743, 140
Trd, 4318349.793, 132
Trd, 4318350.543, 68
Trd, 4318351.793, 79
Trd, 4318352.593, 111
Trd, 4318353.793, 140
Trd, 4318354.443, 140
Trd, 4318355.043, 140
Trd, 4318355.243, 132
Trd, 4318356.843, 138
Trd, 4318357.293, 106
Trd, 4318357.443, 103
Trd, 4318359.193, 128
Trd, 4318360.193, 140
Trd, 4318360.443, 99
Trd, 4318360.693, 127
Trd, 4318360.893, 96
Trd, 4318362.293, 139
Trd, 4318362.843, 138
Trd, 4318362.893, 137
Trd, 4318363.143, 133
Trd, 4318364.093, 63
Trd, 4318365.993, 81
Trd, 4318366.193, 80
Trd, 4318366.593, 96
Trd, 4318367.193, 71
Trd, 4318368.243, 72
Trd, 4318368.443, 76
Trd, 4318368.593, 140
Trd, 4318368.793, 62
Trd, 4318369.793, 73
Trd, 4318370.693, 67
Trd, 4318371.043, 80
Trd, 4318371.643, 62
Trd, 4318372.793, 66
Trd, 4318374.143, 140
Trd, 4318374.943, 62
Trd, 4318375.043, 75
Trd, 4318375.643, 61
Trd, 4318376.043, 78
Trd, 4318377.043, 139
Trd, 4318377.643, 138
Trd, 4318378.093, 137
Trd, 4318378.293, 116
Trd, 4318379.543, 138
Trd, 4318379.893, 122
Trd, 4318380.243, 108
Trd, 4318380.843, 107
Trd, 4318381.793, 109
Trd, 4318383.193, 140
Trd, 4318383.293, 139
Trd, 4318384.243, 112
Trd, 4318384.543, 114
Trd, 4318385.643, 71
Trd, 4318386.693, 137
Trd, 4318387.343, 135
Trd, 4318387.493, 130
Trd, 4318388.293, 131
Trd, 4318389.243, 90
Trd, 4318389.993, 140
Trd, 4318390.293, 116
Trd, 4318390.393, 82
Trd, 4318391.043, 60
Trd, 4318392.643, 130
Trd, 4318392.893, 137
Trd, 4318393.993, 137
Trd, 4318394.143, 140
Trd, 4318394.743, 132
Trd, 4318395.243, 138
Trd, 4318395.493, 119
Trd, 4318395.943, 119
Trd, 4318397.243, 124
Trd, 4318397.443, 123
Trd, 4318397.843, 118
Trd, 4318398.343, 139
Trd, 4318398.843, 119
Trd, 4318399.543, 119
Trd, 4318400.243, 115
Trd, 4318401.393, 140
Trd, 4318401.493, 114
Trd, 4318402.043, 106
Trd, 4318402.143, 63
Trd, 4318402.793, 137
Trd, 4318403.643, 140
Trd, 4318403.743, 112
Trd, 4318404.743, 113
Trd, 4318406.093, 133
Trd, 4318407.343, 107
Trd, 4318408.843, 60
Trd, 4318409.243, 62
Trd, 4318409.943, 60
Trd, 4318410.293, 72
Trd, 4318410.693, 60
Trd, 4318411.543, 110
Trd, 4318412.493, 139
Trd, 4318413.543, 64
Trd, 4318414.443, 69
Trd, 4318415.143, 94
Trd, 4318415.743, 74
Trd, 4318416.293, 127
Trd, 4318417.743, 140
Trd, 4318417.893, 140
Trd, 4318418.793, 135
Trd, 4318419.193, 125
Trd, 4318419.693, 116
Trd, 4318419.943, 115
Trd, 4318420.593, 105
Trd, 4318420.743, 104
Trd, 4318422.043, 63
Trd, 4318422.593, 134
Trd, 4318423.293, 109
Trd, 4318423.743, 117
Trd, 4318425.143, 131
Trd, 4318425.443, 129
Trd, 4318425.743, 66
Trd, 4318426.643, 66
Trd, 4318427.343, 64
Trd, 4318427.993, 140
Trd, 4318428.693, 139
Trd, 4318429.293, 134
Trd, 4318429.993, 140
Trd, 4318430.193, 80
Trd, 4318431.343, 140
Trd, 4318432.493, 138
Trd, 4318433.443, 140
Trd, 4318435.943, 140
Trd, 4318435.993, 140
Trd, 4318436.093, 121
Trd, 4318437.643, 140
Trd, 4318438.193, 138
Trd, 4318438.293, 138
Trd, 4318438.743, 123
Trd, 4318438.793, 101
Trd, 4318439.643, 139
Trd, 4318440.443, 118
Trd, 4318440.893, 125
Trd, 4318441.093, 108
Trd, 4318442.443, 70
Trd, 4318444.543, 140
Trd, 4318445.093, 140
Trd, 4318445.143, 140
Trd, 4318445.893, 139
Trd, 4318446.493, 132
Trd, 4318447.693, 140
Trd, 4318447.993, 107
Trd, 4318448.343, 61
Trd, 4318449.443, 105
Trd, 4318450.143, 103
Trd, 4318450.943, 140
Trd, 4318451.843, 140
Trd, 4318452.343, 140
Trd, 4318453.343, 135
Trd, 4318453.393, 134
Trd, 4318454.443, 126
Trd, 4318454.743, 134
Trd, 4318455.043, 108
Trd, 4318455.893, 67
Trd, 4318456.743, 128
Trd, 4318457.043, 139
Trd, 4318457.643, 99
Trd, 4318458.493, 129
Trd, 4318458.643, 128
Trd, 4318459.393, 110
Trd, 4318459.493, 92
Trd, 4318459.743, 67
Trd, 4318460.993, 139
Trd, 4318462.843, 75
Trd, 4318463.443, 105
Trd, 4318464.343, 139
Trd, 4318464.993, 140
Trd, 4318465.343, 140
Trd, 4318465.843, 133
Trd, 4318466.393, 137
Trd, 4318467.443, 134
Trd, 4318467.893, 128
Trd, 4318468.193, 115
Trd, 4318468.993, 99
Trd, 4318470.043, 128
Trd, 4318470.093, 113
Trd, 4318471.093, 91
Trd, 4318471.293, 106
Trd, 4318472.693, 140
Trd, 4318473.443, 140
Trd, 4318473.593, 140
Trd, 4318473.843, 135
Trd, 4318475.993, 140
Trd, 4318476.043, 139
Trd, 4318476.693, 140
Trd, 4318478.043, 118
Trd, 4318478.443, 115
Trd, 4318479.343, 113
Trd, 4318479.693, 133
Trd, 4318479.743, 92
Trd, 4318480.243, 137
Trd, 4318481.393, 110
Trd, 4318482.493, 140
Trd, 4318482.993, 140
Trd, 4318483.393, 139
Trd, 4318484.143, 114
Trd, 4318484.693, 103
Trd, 4318485.343, 105
Trd, 4318486.593, 60
Trd, 4318486.793, 62
Trd, 4318487.443, 136
Trd, 4318487.543, 132
Trd, 4318488.443, 140
Trd, 4318488.793, 140
Trd, 4318488.893, 114
Trd, 4318491.243, 139
Trd, 4318492.093, 129
Trd, 4318492.543, 101
Trd, 4318493.093, 127
Trd, 4318493.243, 121
Trd, 4318493.743, 140
Trd, 4318494.043, 98
Trd, 4318494.093, 86
Trd, 4318496.243, 140
Trd, 4318497.543, 140
Trd, 4318497.843, 140
Trd, 4318498.193, 138
Trd, 4318498.443, 134
Trd, 4318501.893, 126
Trd, 4318501.943, 116
Trd, 4318502.543, 131
Trd, 4318502.993, 115
Trd, 4318503.243, 107
Trd, 4318503.943, 61
Trd, 4318504.843, 100
Trd, 4318505.093, 140
Trd, 4318506.343, 132
Trd, 4318506.843, 109
Trd, 4318507.843, 65
Trd, 4318508.243, 119
Trd, 4318509.943, 63
Trd, 4318510.243, 64
Trd, 4318510.543, 117
Trd, 4318512.693, 63
Trd, 4318513.393, 66
Trd, 4318514.393, 78
Trd, 4318514.543, 73
Trd, 4318515.043, 125
Trd, 4318515.243, 124
Trd, 4318515.593, 123
Trd, 4318515.893, 138
Trd, 4318516.143, 140
Trd, 4318516.843, 92
Trd, 4318517.293, 63
Trd, 4318518.143, 60
Trd, 4318518.493, 140
Trd, 4318520.093, 106
Trd, 4318520.493, 105
Trd, 4318521.743, 109
Trd, 4318522.143, 121
Trd, 4318522.393, 109
Trd, 4318523.243, 93
Trd, 4318523.793, 91
Trd, 4318524.743, 93
Trd, 4318525.143, 70
Trd, 4318525.343, 70
Trd, 4318525.443, 79
Trd, 4318526.743, 60
Trd, 4318527.043, 66
Trd, 4318528.643, 63
Trd, 4318530.543, 63
Trd, 4318531.593, 60
Trd, 4318532.143, 66
Trd, 4318532.943, 90
Trd, 4318533.393, 92
Trd, 4318533.893, 140
Trd, 4318534.443, 137
Trd, 4318534.693, 119
Trd, 4318535.093, 92
Trd, 4318535.743, 90
Trd, 4318538.793, 127
Trd, 4318538.893, 126
Trd, 4318539.693, 123
Trd, 4318540.193, 123
Trd, 4318540.793, 90
Trd, 4318541.793, 139
Trd, 4318542.093, 92
Trd, 4318542.643, 63
Trd, 4318543.593, 138
Trd, 4318544.043, 60
Trd, 4318544.143, 65
Trd, 4318544.693, 98
Trd, 4318545.693, 66
Trd, 4318547.293, 91
Trd, 4318547.993, 139
Trd, 4318548.243, 99
Trd, 4318548.643, 130
Trd, 4318550.293, 135
Trd, 4318550.493, 131
Trd, 4318551.493, 135
Trd, 4318551.993, 136
Trd, 4318552.843, 137
Trd, 4318553.493, 135
Trd, 4318553.593, 68
Trd, 4318554.493, 63
Trd, 4318555.143, 61
Trd, 4318555.543, 77
Trd, 4318556.643, 64
Trd, 4318557.893, 75
Trd, 4318557.993, 106
Trd, 4318559.743, 111
Trd, 4318559.943, 124
Trd, 4318560.093, 110
Trd, 4318560.543, 110
Trd, 4318561.593, 131
Trd, 4318561.743, 114
Trd, 4318562.943, 100
Trd, 4318563.743, 112
Trd, 4318565.343, 140
Trd, 4318565.993, 138
Trd, 4318566.093, 119
Trd, 4318567.193, 139
Trd, 4318567.343, 138
Trd, 4318567.943, 134
Trd, 4318568.293, 131
Trd, 4318568.443, 110
Trd, 4318568.643, 73
Trd, 4318570.193, 138
Trd, 4318570.893, 138
Trd, 4318571.743, 139
Trd, 4318572.343, 139
Trd, 4318572.643, 139
Trd, 4318573.193, 139
Trd, 4318573.243, 116
Trd, 4318574.393, 140
Trd, 4318575.093, 140
Trd, 4318575.943, 134
Trd, 4318576.393, 133
Trd, 4318576.643, 113
Trd, 4318577.743, 140
Trd, 4318578.643, 119
Trd, 4318579.143, 140
Trd, 4318579.693, 140
Trd, 4318579.793, 139
Trd, 4318580.793, 139
Trd, 4318581.143, 139
Trd, 4318581.493, 139
Trd, 4318582.893, 104
Trd, 4318582.943, 102
Trd, 4318583.643, 72
Trd, 4318585.243, 139
Trd, 4318585.593, 128
Trd, 4318585.993, 137
Trd, 4318587.293, 119
Trd, 4318587.943, 118
Trd, 4318588.043, 86
Trd, 4318589.393, 138
Trd, 4318589.843, 75
Trd, 4318591.943, 138
Trd, 4318592.043, 135
Trd, 4318592.243, 134
Trd, 4318592.643, 140
Trd, 4318593.993, 119
Trd, 4318594.443, 109
Trd, 4318594.743, 112
Trd, 4318594.943, 105
Trd, 4318596.943, 140
Trd, 4318596.993, 140
Trd, 4318597.443, 137
Trd, 4318598.293, 62
Trd, 4318601.543, 140
Trd, 4318601.843, 140
Trd, 4318601.893, 140
Trd, 4318601.943, 139
Trd, 4318602.393, 135
Trd, 4318602.693, 117
Trd, 4318603.043, 107
Trd, 4318603.343, 77
Trd, 4318603.493, 120
Trd, 4318604.293, 60
Trd, 4318604.743, 103
Trd, 4318605.243, 102
Trd, 4318605.543, 101
Trd, 4318605.893, 107
Trd, 4318606.243, 90
Trd, 4318607.993, 103
Trd, 4318608.843, 120
Trd, 4318609.043, 106
Trd, 4318610.843, 139
Trd, 4318610.993, 126
Trd, 4318611.993, 140
Trd, 4318612.993, 126
Trd, 4318614.243, 115
Trd, 4318614.293, 109
Trd, 4318615.043, 139
Trd, 4318615.393, 136
Trd, 4318615.643, 135
Trd, 4318616.593, 134
Trd, 4318617.293, 127
Trd, 4318617.793, 128
Trd, 4318618.943, 130
Trd, 4318618.993, 107
Trd, 4318621.643, 140
Trd, 4318622.293, 140
Trd, 4318623.193, 140
Trd, 4318623.343, 140
Trd, 4318624.143, 140
Trd, 4318624.393, 140
Trd, 4318625.093, 133
Trd, 4318625.143, 126
Trd, 4318625.493, 124
Trd, 4318626.543, 106
Trd, 4318627.793, 139
Trd, 4318628.743, 140
Trd, 4318629.293, 139
Trd, 4318629.393, 126
Trd, 4318629.943, 140
Trd, 4318630.693, 100
Trd, 4318630.993, 91
Trd, 4318631.043, 79
Trd, 4318633.443, 140
Trd, 4318633.643, 134
Trd, 4318635.743, 137
Trd, 4318636.643, 139
Trd, 4318636.843, 139
Trd, 4318637.343, 122
Trd, 4318637.443, 121
Trd, 4318638.143, 105
Trd, 4318639.593, 120
Trd, 4318639.843, 132
Trd, 4318640.343, 61
Trd, 4318641.643, 138
Trd, 4318641.893, 88
Trd, 4318643.293, 132
Trd, 4318643.843, 115
Trd, 4318644.543, 96
Trd, 4318644.993, 92
Trd, 4318646.343, 139
Trd, 4318646.793, 124
Trd, 4318647.343, 107
Trd, 4318647.643, 126
Trd, 4318648.093, 62
Trd, 4318650.793, 67
Trd, 4318651.143, 60
Trd, 4318651.643, 62
Trd, 4318653.043, 71
Trd, 4318653.193, 93
Trd, 4318653.993, 60
Trd, 4318654.093, 72
Trd, 4318655.093, 71
Trd, 4318655.843, 87
Trd, 4318656.393, 140
Trd, 4318656.693, 101
Trd, 4318656.943, 71
Trd, 4318658.093, 122
Trd, 4318659.143, 137
Trd, 4318659.343, 135
Trd, 4318661.043, 61
Trd, 4318662.143, 71
Trd, 4318662.443, 107
Trd, 4318662.493, 97
Trd, 4318662.843, 132
Trd, 4318664.843, 140
Trd, 4318665.093, 140
Trd, 4318665.543, 140
Trd, 4318666.643, 140
Trd, 4318666.893, 140
Trd, 4318667.143, 124
Trd, 4318668.393, 62
Trd, 4318669.343, 93
Trd, 4318669.443, 64
Trd, 4318670.093, 103
Trd, 4318670.393, 134
Trd, 4318671.043, 138
Trd, 4318671.293, 123
Trd, 4318671.943, 133
Trd, 4318672.293, 88
Trd, 4318673.493, 140
Trd, 4318674.543, 65
Trd, 4318675.993, 78
Trd, 4318676.993, 137
Trd, 4318677.243, 132
Trd, 4318678.493, 140
Trd, 4318679.293, 140
Trd, 4318679.743, 140
Trd, 4318680.243, 112
Trd, 4318680.793, 106
Trd, 4318681.393, 80
Trd, 4318682.693, 136
Trd, 4318683.093, 135
Trd, 4318683.593, 140
Trd, 4318684.693, 128
Trd, 4318685.293, 131
Trd, 4318685.543, 112
Trd, 4318685.643, 106
Trd, 4318687.743, 122
Trd, 4318688.743, 140
Trd, 4318688.843, 139
Trd, 4318688.943, 100
Trd, 4318689.893, 137
Trd, 4318690.993, 139
Trd, 4318691.393, 132
Trd, 4318691.493, 115
Trd, 4318691.693, 109
Trd, 4318693.393, 121
Trd, 4318693.843, 119
Trd, 4318693.943, 113
Trd, 4318694.493, 87
Trd, 4318694.593, 79
Trd, 4318695.493, 81
Trd, 4318695.793, 93
Trd, 4318696.043, 99
Trd, 4318697.643, 139
Trd, 4318698.293, 66
Trd, 4318698.443, 120
Trd, 4318698.993, 90
Trd, 4318699.593, 67
Trd, 4318700.143, 135
Trd, 4318701.343, 138
Trd, 4318702.793, 136
Trd, 4318702.893, 135
Trd, 4318704.143, 140
Trd, 4318704.893, 111
Trd, 4318706.343, 140
Trd, 4318706.993, 138
Trd, 4318708.043, 103
Trd, 4318708.343, 102
Trd, 4318708.793, 139
Trd, 4318709.143, 122
Trd, 4318709.493, 121
Trd, 4318709.693, 120
Trd, 4318710.993, 140
Trd, 4318711.343, 140
Trd, 4318711.493, 135
Trd, 4318713.243, 106
Trd, 4318713.793, 116
Trd, 4318713.843, 102
Trd, 4318714.443, 83
Trd, 4318716.443, 133
Trd, 4318716.943, 133
Trd, 4318717.093, 102
Trd, 4318717.493, 94
Trd, 4318718.193, 100
Trd, 4318718.243, 85
Trd, 4318719.143, 78
Trd, 4318719.893, 140
Trd, 4318722.043, 136
Trd, 4318722.493, 140
Trd, 4318723.093, 139
Trd, 4318723.493, 133
Trd, 4318724.693, 129
Trd, 4318724.893, 128
Trd, 4318725.093, 126
Trd, 4318725.843, 125
Trd, 4318727.893, 127
Trd, 4318729.043, 127
Trd, 4318729.593, 132
Trd, 4318729.943, 140
Trd, 4318730.343, 132
Trd, 4318731.693, 119
Trd, 4318731.843, 109
Trd, 4318733.543, 137
Trd, 4318733.793, 137
Trd, 4318734.593, 140
Trd, 4318735.343, 139
Trd, 4318735.693, 137
Trd, 4318736.043, 140
Trd, 4318736.093, 131
Trd, 4318736.243, 121
Trd, 4318736.743, 120
Trd, 4318738.193, 140
Trd, 4318739.043, 139
Trd, 4318740.143, 140
Trd, 4318741.193, 140
Trd, 4318741.293, 121
Trd, 4318742.693, 116
Trd, 4318744.643, 139
Trd, 4318745.193, 138
Trd, 4318745.693, 133
Trd, 4318746.593, 116
Trd, 4318746.943, 100
Trd, 4318748.443, 112
Trd, 4318748.543, 84
Trd, 4318748.743, 82
Trd, 4318749.193, 70
Trd, 4318749.793, 135
Trd, 4318749.993, 140
Trd, 4318751.443, 61
Trd, 4318753.243, 61
Trd, 4318754.343, 64
Trd, 4318754.993, 60
Trd, 4318755.043, 62
Trd, 4318755.143, 77
Trd, 4318755.893, 62
Trd, 4318756.843, 81
Trd, 4318757.843, 69
Trd, 4318758.493, 137
Trd, 4318758.543, 90
Trd, 4318758.743, 89
Trd, 4318759.293, 133
Trd, 4318761.193, 66
Trd, 4318762.643, 94
Trd, 4318762.943, 103
Trd, 4318763.343, 96
Trd, 4318763.493, 84
Trd, 4318763.993, 81
Trd, 4318764.893, 66
Trd, 4318765.893, 106
Trd, 4318765.993, 94
Trd, 4318766.093, 91
Trd, 4318767.693, 64
Trd, 4318767.843, 65
Trd, 4318768.843, 65
Trd, 4318770.743, 140
Trd, 4318771.093, 140
Trd, 4318771.743, 139
Trd, 4318771.843, 123
Trd, 4318771.993, 140
Trd, 4318772.193, 140
Trd, 4318772.243, 117
Trd, 4318773.293, 108
Trd, 4318774.093, 115
Trd, 4318774.893, 134
Trd, 4318777.443, 140
Trd, 4318777.743, 140
Trd, 4318777.843, 140
Trd, 4318778.443, 137
Trd, 4318778.543, 112
Trd, 4318779.743, 114
Trd, 4318780.343, 139
Trd, 4318780.443, 134
Trd, 4318780.543, 108
Trd, 4318781.393, 136
Trd, 4318781.793, 123
Trd, 4318783.793, 139
Trd, 4318784.093, 139
Trd, 4318784.193, 138
Trd, 4318784.393, 131
Trd, 4318786.593, 140
Trd, 4318787.993, 140
Trd, 4318788.443, 134
Trd, 4318788.493, 119
Trd, 4318788.793, 117
Trd, 4318789.143, 117
Trd, 4318789.743, 140
Trd, 4318790.093, 140
Trd, 4318790.693, 134
Trd, 4318790.943, 134
Trd, 4318791.543, 104
Trd, 4318792.393, 125
Trd, 4318792.643, 123
Trd, 4318792.793, 101
Trd, 4318794.343, 125
Trd, 4318794.843, 125
Trd, 4318794.943, 86
Trd, 4318795.193, 86
Trd, 4318797.193, 140
Trd, 4318797.443, 140
Trd, 4318797.743, 131
Trd, 4318798.293, 140
Trd, 4318798.493, 140
Trd, 4318798.693, 132
Trd, 4318799.293, 129
Trd, 4318799.743, 140
Trd, 4318799.893, 118
Trd, 4318803.493, 140
Trd, 4318804.043, 125
Trd, 4318805.443, 140
Trd, 4318805.893, 139
Trd, 4318806.393, 138
Trd, 4318806.443, 118
Trd, 4318807.793, 138
Trd, 4318807.843, 130
Trd, 4318808.343, 110
Trd, 4318808.493, 112
Trd, 4318809.893, 140
Trd, 4318811.393, 140
Trd, 4318812.493, 140
Trd, 4318813.693, 140
Trd, 4318813.993, 140
Trd, 4318815.293, 95
Trd, 4318815.593, 78
Trd, 4318816.743, 61
Trd, 4318817.143, 115
Trd, 4318817.293, 86
Trd, 4318817.793, 63
Trd, 4318818.993, 140
Trd, 4318821.143, 140
Trd, 4318821.393, 140
Trd, 4318821.643, 140
Trd, 4318822.543, 140
Trd, 4318822.593, 140
Trd, 4318823.593, 140
Trd, 4318825.093, 137
Trd, 4318825.193, 125
Trd, 4318825.293, 140
Trd, 4318825.343, 116
Trd, 4318827.443, 140
Trd, 4318827.643, 125
Trd, 4318827.693, 117
Trd, 4318828.693, 105
Trd, 4318829.693, 124
Trd, 4318830.393, 139
Trd, 4318830.693, 105
Trd, 4318830.743, 104
Trd, 4318832.593, 136
Trd, 4318833.443, 140
Trd, 4318833.543, 121
Trd, 4318834.543, 116
Trd, 4318835.643, 130
Trd, 4318835.893, 104
Trd, 4318837.143, 113
Trd, 4318837.343, 95
Trd, 4318838.043, 140
Trd, 4318838.693, 93
Trd, 4318839.043, 92
Trd, 4318839.693, 140
Trd, 4318840.043, 114
Trd, 4318840.793, 124
Trd, 4318840.943, 97
Trd, 4318841.293, 140
Trd, 4318843.593, 98
Trd, 4318844.693, 94
Trd, 4318844.893, 93
Trd, 4318845.493, 107
Trd, 4318845.543, 70
Trd, 4318846.143, 60
Trd, 4318846.993, 61
Trd, 4318848.843, 118
Trd, 4318850.043, 130
Trd, 4318850.093, 119
Trd, 4318851.143, 109
Trd, 4318851.243, 69
Trd, 4318851.993, 136
Trd, 4318852.443, 137
Trd, 4318852.743, 86
Trd, 4318853.793, 72
Trd, 4318855.243, 130
Trd, 4318856.643, 126
Trd, 4318856.793, 126
Trd, 4318857.393, 117
Trd, 4318858.093, 96
Trd, 4318858.493, 74
Trd, 4318861.343, 140
Trd, 4318861.593, 140
Trd, 4318862.093, 140
Trd, 4318863.193, 140
Trd, 4318863.293, 140
Trd, 4318864.043, 107
Trd, 4318865.643, 134
Trd, 4318866.143, 133
Trd, 4318866.393, 114
Trd, 4318866.543, 137
Trd, 4318867.543, 109
Trd, 4318868.493, 139
Trd, 4318868.843, 139
Trd, 4318869.343, 138
Trd, 4318869.843, 116
Trd, 4318870.143, 95
Trd, 4318871.343, 62
Trd, 4318871.593, 63
Trd, 4318872.093, 61
Trd, 4318873.393, 140
Trd, 4318873.793, 64
Trd, 4318874.243, 139
Trd, 4318874.993, 62
Trd, 4318875.893, 131
Trd, 4318876.243, 130
Trd, 4318876.793, 65
Trd, 4318877.343, 125
Trd, 4318878.443, 140
Trd, 4318879.293, 140
Trd, 4318879.343, 140
Trd, 4318880.193, 140
Trd, 4318880.293, 140
Trd, 4318881.443, 124
Trd, 4318881.893, 124
Trd, 4318882.493, 139
Trd, 4318883.443, 123
Trd, 4318883.593, 137
Trd, 4318884.293, 140
Trd, 4318884.443, 119
Trd, 4318884.543, 108
Trd, 4318887.193, 63
Trd, 4318887.793, 63
Trd, 4318887.843, 80
Trd, 4318888.293, 106
Trd, 4318888.893, 139
Trd, 4318889.843, 64
Trd, 4318890.443, 135
Trd, 4318891.043, 63
Trd, 4318892.243, 126
Trd, 4318892.793, 132
Trd, 4318893.393, 132
Trd, 4318894.143, 89
Trd, 4318895.243, 140
Trd, 4318895.343, 140
Trd, 4318895.593, 117
Trd, 4318895.893, 107
Trd, 4318896.293, 115
Trd, 4318897.043, 140
Trd, 4318897.843, 60
Trd, 4318898.093, 61
Trd, 4318898.943, 140
Trd, 4318899.343, 68
Trd, 4318900.693, 61
Trd, 4318902.343, 61
Trd, 4318902.643, 65
Trd, 4318903.193, 68
Trd, 4318903.493, 63
Trd, 4318903.693, 97
Trd, 4318904.143, 69
Trd, 4318904.193, 63
Trd, 4318905.943, 140
Trd, 4318906.943, 75
Trd, 4318907.643, 110
Trd, 4318908.243, 138
Trd, 4318908.743, 86
Trd, 4318909.193, 72
Trd, 4318909.893, 60
Trd, 4318910.393, 127
Trd, 4318911.293, 77
Trd, 4318912.043, 87
Trd, 4318912.143, 61
Trd, 4318912.993, 119
Trd, 4318915.393, 70
Trd, 4318915.993, 85
Trd, 4318916.293, 96
Trd, 4318916.643, 84
Trd, 4318917.043, 63
Trd, 4318917.593, 78
Trd, 4318918.343, 62
Trd, 4318919.143, 140
Trd, 4318920.143, 140
Trd, 4318920.243, 138
Trd, 4318920.843, 133
Trd, 4318920.993, 131
Trd, 4318921.343, 139
Trd, 4318921.393, 109
Trd, 4318922.993, 140
Trd, 4318923.343, 134
Trd, 4318924.543, 127
Trd, 4318924.993, 126
Trd, 4318925.343, 137
Trd, 4318926.043, 139
Trd, 4318926.693, 131
Trd, 4318926.893, 110
Trd, 4318928.293, 140
Trd, 4318928.993, 131
Trd, 4318929.543, 97
Trd, 4318930.443, 95
Trd, 4318930.993, 99
Trd, 4318931.793, 94
Trd, 4318932.093, 106
Trd, 4318932.293, 83
Trd, 4318934.493, 140
Trd, 4318934.743, 140
Trd, 4318934.793, 139
Trd, 4318934.943, 137
Trd, 4318934.993, 120
Trd, 4318935.993, 130
Trd, 4318936.743, 129
Trd, 4318937.043, 130
Trd, 4318937.143, 129
Trd, 4318938.943, 140
Trd, 4318939.543, 140
Trd, 4318940.693, 140
Trd, 4318941.343, 138
Trd, 4318941.393, 137
Trd, 4318942.193, 128
Trd, 4318943.643, 138
Trd, 4318943.843, 140
Trd, 4318944.543, 138
Trd, 4318944.943, 137
Trd, 4318945.643, 140
Trd, 4318945.693, 76
Trd, 4318947.143, 72
Trd, 4318948.543, 140
Trd, 4318949.293, 139
Trd, 4318949.693, 133
Trd, 4318950.943, 129
Trd, 4318952.243, 140
Trd, 4318952.593, 125
Trd, 4318953.043, 124
Trd, 4318953.193, 111
Trd, 4318953.843, 99
Trd, 4318956.293, 118
Trd, 4318957.143, 114
Trd, 4318957.343, 122
Trd, 4318957.643, 140
Trd, 4318957.843, 74
Trd, 4318958.643, 64
Trd, 4318958.943, 133
Trd, 4318959.343, 104
Trd, 4318961.943, 60
Trd, 4318962.193, 63
Trd, 4318963.143, 93
Trd, 4318964.043, 140
Trd, 4318964.343, 140
Trd, 4318964.643, 140
Trd, 4318964.743, 139
Trd, 4318965.093, 140
Trd, 4318966.293, 106
Trd, 4318966.343, 87
Trd, 4318969.143, 130
Trd, 4318969.393, 140
Trd, 4318970.493, 138
Trd, 4318970.543, 136
Trd, 4318971.043, 138
Trd, 4318971.743, 118
Trd, 4318972.293, 139
Trd, 4318973.993, 120
Trd, 4318974.143, 102
Trd, 4318975.093, 110
Trd, 4318975.143, 106
Trd, 4318975.693, 140
Trd, 4318975.893, 102
Trd, 4318976.793, 137
Trd, 4318978.593, 67
Trd, 4318980.043, 60
Trd, 4318980.493, 62
Trd, 4318981.593, 63
Trd, 4318982.543, 69
Trd, 4318982.993, 137
Trd, 4318983.543, 98
Trd, 4318983.893, 131
Trd, 4318984.893, 66
Trd, 4318985.743, 66
Trd, 4318986.593, 138
Trd, 4318986.743, 138
Trd, 4318987.443, 97
Trd, 4318987.793, 140
Trd, 4318988.243, 127
Trd, 4318988.643, 140
Trd, 4318990.043, 140
Trd, 4318990.293, 135
Trd, 4318991.043, 139
Trd, 4318991.393, 130
Trd, 4318992.693, 106
Trd, 4318993.243, 91
Trd, 4318993.443, 128
Trd, 4318995.243, 132
Trd, 4318995.593, 95
Trd, 4318995.843, 94
Trd, 4318996.043, 101
Trd, 4318996.243, 140
Trd, 4318997.343, 62
Trd, 4318997.893, 66
Trd, 4318998.343, 105
Trd, 4319000.843, 60
Trd, 4319001.643, 60
Trd, 4319002.393, 60
Trd, 4319003.343, 81
Trd, 4319003.993, 132
Trd, 4319005.193, 138
Trd, 4319005.343, 137
Trd, 4319006.043, 130
Trd, 4319006.493, 129
Trd, 4319006.843, 137
Trd, 4319007.693, 140
Trd, 4319007.793, 138
Trd, 4319008.093, 102
Trd, 4319008.193, 85
Trd, 4319009.293, 60
Trd, 4319010.943, 140
Trd, 4319012.993, 140
Trd, 4319013.093, 140
Trd, 4319013.793, 139
Trd, 4319015.043, 140
Trd, 4319015.243, 136
Trd, 4319015.693, 134
Trd, 4319017.693, 130
Trd, 4319018.093, 113
Trd, 4319018.143, 73
Trd, 4319018.243, 123
Trd, 4319018.443, 139
Trd, 4319019.143, 74
Trd, 4319019.243, 73
Trd, 4319020.093, 131
Trd, 4319020.543, 101
Trd, 4319021.693, 140
Trd, 4319021.893, 91
Trd, 4319023.143, 125
Trd, 4319024.043, 131
Trd, 4319025.043, 97
Trd, 4319025.443, 124
Trd, 4319025.643, 93
Trd, 4319026.643, 140
Trd, 4319027.643, 124
Trd, 4319028.043, 103
Trd, 4319028.793, 140
Trd, 4319028.843, 140
Trd, 4319030.593, 140
Trd, 4319031.293, 140
Trd, 4319031.443, 125
Trd, 4319032.043, 73
Trd, 4319032.093, 71
Trd, 4319034.893, 139
Trd, 4319035.343, 100
Trd, 4319035.593, 128
Trd, 4319035.693, 127
Trd, 4319035.793, 85
Trd, 4319036.243, 61
Trd, 4319036.743, 82
Trd, 4319038.243, 75
Trd, 4319038.493, 111
Trd, 4319039.643, 140
Trd, 4319040.893, 140
Trd, 4319041.343, 140
Trd, 4319041.643, 140
Trd, 4319042.043, 138
Trd, 4319043.993, 99
Trd, 4319044.293, 115
Trd, 4319044.743, 137
Trd, 4319046.293, 107
Trd, 4319046.793, 106
Trd, 4319047.293, 126
Trd, 4319047.343, 103
Trd, 4319048.493, 89
Trd, 4319048.593, 85
Trd, 4319049.893, 61
Trd, 4319050.293, 130
Trd, 4319050.893, 109
Trd, 4319052.443, 137
Trd, 4319052.493, 113
Trd, 4319052.993, 124
Trd, 4319054.193, 106
Trd, 4319054.643, 106
Trd, 4319055.443, 139
Trd, 4319056.543, 127
Trd, 4319056.793, 126
Trd, 4319057.093, 121
Trd, 4319057.993, 60
Trd, 4319058.143, 62
Trd, 4319058.743, 110
Trd, 4319059.993, 136
Trd, 4319060.443, 126
Trd, 4319060.893, 138
Trd, 4319061.243, 137
Trd, 4319061.393, 102
Trd, 4319061.843, 82
Trd, 4319062.643, 63
Trd, 4319065.243, 68
Trd, 4319065.493, 83
Trd, 4319066.293, 72
Trd, 4319066.643, 68
Trd, 4319066.993, 90
Trd, 4319067.143, 67
Trd, 4319067.693, 63
Trd, 4319067.993, 112
Trd, 4319069.493, 140
Trd, 4319069.843, 116
Trd, 4319070.193, 89
Trd, 4319071.343, 110
Trd, 4319071.493, 109
Trd, 4319071.693, 80
Trd, 4319071.993, 76
Trd, 4319073.193, 96
Trd, 4319073.543, 140
Trd, 4319074.343, 139
Trd, 4319074.543, 116
Trd, 4319075.393, 140
Trd, 4319075.443, 134
Trd, 4319075.993, 129
Trd, 4319076.993, 118
Trd, 4319078.593, 140
Trd, 4319079.193, 140
Trd, 4319079.843, 140
Trd, 4319080.243, 138
Trd, 4319081.043, 139
Trd, 4319081.443, 136
Trd, 4319082.343, 61
Trd, 4319083.343, 64
Trd, 4319083.743, 121
Trd, 4319083.843, 120
Trd, 4319084.343, 120
Trd, 4319085.893, 78
Trd, 4319086.443, 140
Trd, 4319087.393, 140
Trd, 4319087.943, 140
Trd, 4319088.543, 140
Trd, 4319088.893, 130
Trd, 4319090.193, 127
Trd, 4319090.993, 138
Trd, 4319091.043, 106
Trd, 4319092.493, 98
Trd, 4319093.943, 135
Trd, 4319094.343, 82
Trd, 4319094.493, 81
Trd, 4319096.043, 139
Trd, 4319096.343, 140
Trd, 4319096.593, 139
Trd, 4319097.743, 140
Trd, 4319098.343, 140
Trd, 4319099.893, 140
Trd, 4319100.193, 140
Trd, 4319101.143, 130
Trd, 4319101.493, 113
Trd, 4319101.743, 92
Trd, 4319101.943, 117
Trd, 4319102.643, 137
Trd, 4319103.243, 119
Trd, 4319104.693, 123
Trd, 4319105.843, 140
Trd, 4319106.343, 120
Trd, 4319106.393, 119
Trd, 4319107.443, 109
Trd, 4319107.843, 108
Trd, 4319107.993, 88
Trd, 4319110.143, 140
Trd, 4319110.893, 140
Trd, 4319111.143, 140
Trd, 4319111.443, 140
Trd, 4319112.393, 103
Trd, 4319112.693, 96
Trd, 4319112.893, 106
Trd, 4319114.393, 118
Trd, 4319114.893, 116
Trd, 4319115.843, 115
Trd, 4319116.193, 140
Trd, 4319116.943, 140
Trd, 4319118.443, 140
Trd, 4319119.043, 140
Trd, 4319119.343, 140
Trd, 4319119.743, 122
Trd, 4319119.893, 104
Trd, 4319120.693, 131
Trd, 4319121.393, 115
Trd, 4319122.243, 61
Trd, 4319122.943, 60
Trd, 4319124.293, 140
Trd, 4319125.643, 140
Trd, 4319125.793, 137
Trd, 4319127.393, 140
Trd, 4319127.443, 140
Trd, 4319127.893, 106
Trd, 4319128.143, 98
Trd, 4319128.893, 138
Trd, 4319130.193, 115
Trd, 4319130.593, 115
Trd, 4319131.043, 114
Trd, 4319131.693, 131
Trd, 4319132.543, 106
Trd, 4319132.643, 135
Trd, 4319132.943, 104
Trd, 4319133.443, 135
Trd, 4319134.293, 140
Trd, 4319134.343, 115
Trd, 4319135.243, 138
Trd, 4319135.943, 132
Trd, 4319136.443, 140
Trd, 4319137.093, 140
Trd, 4319138.393, 140
Trd, 4319138.643, 122
Trd, 4319139.943, 140
Trd, 4319139.993, 115
Trd, 4319140.943, 130
Trd, 4319141.843, 139
Trd, 4319142.093, 79
Trd, 4319144.293, 130
Trd, 4319145.043, 135
Trd, 4319145.193, 134
Trd, 4319145.893, 132
Trd, 4319145.993, 140
Trd, 4319147.293, 127
Trd, 4319147.843, 139
Trd, 4319148.593, 138
Trd, 4319148.893, 136
Trd, 4319150.193, 124
Trd, 4319150.693, 110
Trd, 4319151.643, 132
Trd, 4319151.993, 118
Trd, 4319152.043, 106
Trd, 4319152.393, 140
Trd, 4319152.743, 140
Trd, 4319152.793, 134
Trd, 4319153.443, 102
Trd, 4319153.993, 140
Trd, 4319155.143, 115
Trd, 4319156.593, 97
Trd, 4319156.693, 97
Trd, 4319156.843, 139
Trd, 4319159.143, 140
Trd, 4319159.293, 138
Trd, 4319160.043, 123
Trd, 4319160.743, 82
Trd, 4319161.493, 140
Trd, 4319161.543, 139
Trd, 4319161.993, 115
Trd, 4319163.443, 60
Trd, 4319163.693, 62
Trd, 4319165.643, 139
Trd, 4319166.093, 140
Trd, 4319166.843, 140
Trd, 4319166.893, 140
Trd, 4319168.743, 139
Trd, 4319169.143, 138
Trd, 4319169.293, 117
Trd, 4319169.443, 134
Trd, 4319169.493, 119
Trd, 4319170.993, 129
Trd, 4319172.143, 63
Trd, 4319172.193, 109
Trd, 4319172.793, 97
Trd, 4319173.043, 96
Trd, 4319173.593, 93
Trd, 4319174.593, 139
Trd, 4319175.943, 140
Trd, 4319176.443, 140
Trd, 4319177.543, 132
Trd, 4319178.243, 123
Trd, 4319178.743, 108
Trd, 4319179.293, 107
Trd, 4319179.643, 88
Trd, 4319180.143, 137
Trd, 4319180.843, 139
Trd, 4319181.543, 139
Trd, 4319182.393, 129
Trd, 4319183.243, 136
Trd, 4319183.543, 134
Trd, 4319184.493, 129
Trd, 4319184.793, 113
Trd, 4319185.293, 122
Trd, 4319185.393, 107
Trd, 4319186.493, 103
Trd, 4319187.593, 140
Trd, 4319188.493, 139
Trd, 4319189.593, 139
Trd, 4319189.993, 138
Trd, 4319190.293, 134
Trd, 4319190.893, 133
Trd, 4319191.893, 133
Trd, 4319192.343, 129
Trd, 4319193.393, 139
Trd, 4319193.643, 119
Trd, 4319194.193, 138
Trd, 4319194.643, 137
Trd, 4319195.193, 123
Trd, 4319195.493, 120
Trd, 4319197.193, 140
Trd, 4319197.443, 140
Trd, 4319197.793, 137
Trd, 4319197.843, 104
Trd, 4319198.493, 78
Trd, 4319199.743, 87
Trd, 4319200.243, 63
Trd, 4319200.793, 88
Trd, 4319200.993, 117
Trd, 4319202.243, 127
Trd, 4319203.443, 60
Trd, 4319203.943, 64
Trd, 4319204.543, 115
Trd, 4319205.043, 61
Trd, 4319206.943, 72
Trd, 4319207.143, 93
Trd, 4319207.393, 70
Trd, 4319208.343, 61
Trd, 4319208.693, 88
Trd, 4319209.943, 62
Trd, 4319210.893, 60
Trd, 4319210.993, 62
Trd, 4319211.543, 65
Trd, 4319212.393, 140
Trd, 4319212.743, 140
Trd, 4319213.193, 139
Trd, 4319213.593, 137
Trd, 4319214.043, 136
Trd, 4319214.143, 131
Trd, 4319215.693, 114
Trd, 4319215.743, 113
Trd, 4319216.543, 62
Trd, 4319218.093, 63
Trd, 4319219.043, 105
Trd, 4319219.793, 65
Trd, 4319219.993, 65
Trd, 4319220.393, 140
Trd, 4319220.793, 136
Trd, 4319223.393, 140
Trd, 4319223.843, 123
Trd, 4319224.493, 134
Trd, 4319224.643, 116
Trd, 4319225.343, 108
Trd, 4319225.643, 107
Trd, 4319225.843, 104
Trd, 4319226.393, 88
Trd, 4319226.693, 70
Trd, 4319227.093, 100
Trd, 4319227.493, 113
Trd, 4319228.593, 78
Trd, 4319229.243, 76
Trd, 4319229.993, 140
Trd, 4319230.793, 140
Trd, 4319232.093, 128
Trd, 4319232.793, 126
Trd, 4319233.043, 99
Trd, 4319233.143, 127
Trd, 4319233.193, 92
Trd, 4319234.743, 66
Trd, 4319235.293, 64
Trd, 4319235.393, 73
Trd, 4319237.243, 61
Trd, 4319238.793, 65
Trd, 4319239.043, 102
Trd, 4319239.893, 106
Trd, 4319240.893, 62
Trd, 4319242.893, 137
Trd, 4319242.943, 136
Trd, 4319244.093, 138
Trd, 4319244.443, 138
Trd, 4319245.143, 136
Trd, 4319246.443, 139
Trd, 4319246.493, 133
Trd, 4319246.543, 101
Trd, 4319246.693, 94
Trd, 4319246.793, 77
Trd, 4319247.643, 67
Trd, 4319248.143, 64
Trd, 4319248.643, 63
Trd, 4319248.993, 75
Trd, 4319249.543, 126
Trd, 4319251.293, 140
Trd, 4319252.193, 140
Trd, 4319252.443, 140
Trd, 4319252.993, 140
Trd, 4319253.343, 140
Trd, 4319253.893, 140
Trd, 4319254.843, 85
Trd, 4319254.943, 84
Trd, 4319255.043, 74
Trd, 4319255.793, 138
Trd, 4319256.493, 135
Trd, 4319257.293, 134
Trd, 4319257.443, 93
Trd, 4319257.693, 92
Trd, 4319259.043, 103
Trd, 4319259.143, 140
Trd, 4319260.193, 129
Trd, 4319260.693, 90
Trd, 4319261.443, 85
Trd, 4319263.193, 77
Trd, 4319263.643, 140
Trd, 4319263.993, 65
Trd, 4319264.293, 82
Trd, 4319265.743, 115
Trd, 4319265.843, 114
Trd, 4319266.143, 113
Trd, 4319266.743, 110
Trd, 4319267.443, 60
Trd, 4319267.693, 131
Trd, 4319269.043, 62
Trd, 4319269.243, 62
Trd, 4319269.293, 65
Trd, 4319270.643, 61
Trd, 4319270.693, 119
Trd, 4319271.893, 90
Trd, 4319273.743, 140
Trd, 4319273.893, 140
Trd, 4319274.243, 138
Trd, 4319274.393, 115
Trd, 4319275.143, 114
Trd, 4319275.193, 113
Trd, 4319275.593, 89
Trd, 4319276.243, 98
Trd, 4319278.293, 97
Trd, 4319278.643, 121
Trd, 4319278.993, 95
Trd, 4319279.543, 128
Trd, 4319280.493, 139
Trd, 4319281.243, 133
Trd, 4319281.893, 131
Trd, 4319282.493, 127
Trd, 4319283.243, 140
Trd, 4319284.943, 118
Trd, 4319285.693, 130
Trd, 4319285.893, 117
Trd, 4319286.043, 116
Trd, 4319286.893, 109
Trd, 4319286.993, 98
Trd, 4319287.443, 140
Trd, 4319289.093, 62
Trd, 4319289.693, 60
Trd, 4319291.293, 61
Trd, 4319291.343, 101
Trd, 4319291.643, 66
Trd, 4319292.093, 64
Trd, 4319292.793, 79
Trd, 4319294.293, 137
Trd, 4319294.943, 137
Trd, 4319295.093, 135
Trd, 4319295.643, 133
Trd, 4319296.593, 137
Trd, 4319298.343, 133
Trd, 4319298.793, 75
Trd, 4319298.943, 100
Trd, 4319299.093, 71
Trd, 4319299.593, 65
Trd, 4319300.993, 67
Trd, 4319301.743, 62
Trd, 4319303.193, 88
Trd, 4319304.693, 140
Trd, 4319306.543, 125
Trd, 4319306.793, 129
Trd, 4319307.043, 121
Trd, 4319307.193, 108
Trd, 4319307.293, 63
Trd, 4319308.193, 109
Trd, 4319308.243, 108
Trd, 4319309.993, 133
Trd, 4319310.193, 139
Trd, 4319310.593, 132
Trd, 4319311.143, 83
Trd, 4319311.843, 79
Trd, 4319313.543, 81
Trd, 4319314.143, 80
Trd, 4319314.593, 85
Trd, 4319314.643, 79
Trd, 4319316.743, 140
Trd, 4319317.893, 140
Trd, 4319318.493, 140
Trd, 4319318.893, 133
Trd, 4319320.043, 140
Trd, 4319320.243, 139
Trd, 4319320.293, 121
Trd, 4319320.543, 128
Trd, 4319320.843, 127
Trd, 4319321.493, 111
Trd, 4319321.843, 98
Trd, 4319322.343, 117
Trd, 4319323.943, 137
Trd, 4319323.993, 136
Trd, 4319325.043, 140
Trd, 4319325.093, 125
Trd, 4319325.193, 68
Trd, 4319327.893, 140
Trd, 4319328.293, 140
Trd, 4319328.443, 139
Trd, 4319329.193, 69
Trd, 4319329.493, 93
Trd, 4319332.293, 140
Trd, 4319332.893, 140
Trd, 4319333.293, 140
Trd, 4319333.943, 140
Trd, 4319334.843, 136
Trd, 4319335.193, 135
Trd, 4319335.243, 103
Trd, 4319336.243, 66
Trd, 4319337.493, 65
Trd, 4319337.843, 76
Trd, 4319337.993, 113
Trd, 4319339.993, 140
Trd, 4319340.743, 140
Trd, 4319340.793, 140
Trd, 4319341.143, 140
Trd, 4319341.293, 118
Trd, 4319341.743, 60
Trd, 4319344.193, 140
Trd, 4319344.293, 140
Trd, 4319344.643, 118
Trd, 4319344.743, 106
Trd, 4319345.393, 60
Trd, 4319347.793, 122
Trd, 4319347.893, 124
Trd, 4319348.043, 121
Trd, 4319348.893, 108
Trd, 4319349.293, 106
Trd, 4319349.743, 60
Trd, 4319349.893, 63
Trd, 4319351.643, 140
Trd, 4319353.293, 140
Trd, 4319353.943, 140
Trd, 4319354.643, 125
Trd, 4319355.393, 135
Trd, 4319355.793, 107
Trd, 4319357.043, 137
Trd, 4319357.343, 136
Trd, 4319357.493, 115
Trd, 4319358.743, 123
Trd, 4319359.543, 111
Trd, 4319359.893, 97
Trd, 4319360.343, 64
Trd, 4319360.843, 130
Trd, 4319362.143, 60
Trd, 4319362.243, 61
Trd, 4319362.343, 62
Trd, 4319362.593, 63
Trd, 4319363.593, 62
Trd, 4319364.043, 60
Trd, 4319365.093, 65
Trd, 4319367.343, 119
Trd, 4319367.543, 97
Trd, 4319368.643, 133
Trd, 4319369.143, 138
Trd, 4319369.993, 118
Trd, 4319371.643, 137
Trd, 4319371.993, 136
Trd, 4319372.043, 119
Trd, 4319373.593, 129
Trd, 4319374.993, 137
Trd, 4319376.893, 140
Trd, 4319377.043, 117
Trd, 4319377.243, 138
Trd, 4319377.393, 70
Trd, 4319378.193, 136
Trd, 4319378.543, 140
Trd, 4319378.693, 137
Trd, 4319378.943, 83
Trd, 4319380.193, 72
Trd, 4319380.543, 72
Trd, 4319380.943, 122
Trd, 4319381.893, 83
Trd, 4319382.743, 95
Trd, 4319383.193, 111
Trd, 4319386.043, 140
Trd, 4319386.493, 138
Trd, 4319386.543, 137
Trd, 4319387.093, 127
Trd, 4319387.293, 122
Trd, 4319387.393, 112
Trd, 4319388.893, 60
Trd, 4319389.943, 65
Trd, 4319391.043, 102
Trd, 4319391.093, 101
Trd, 4319391.793, 60
Trd, 4319393.843, 140
Trd, 4319394.093, 140
Trd, 4319395.343, 140
Trd, 4319395.493, 139
Trd, 4319396.043, 138
Trd, 4319396.093, 124
Trd, 4319398.443, 140
Trd, 4319399.993, 140
Trd, 4319400.393, 138
Trd, 4319400.843, 140
Trd, 4319401.443, 140
Trd, 4319401.993, 139
Trd, 4319403.843, 139
Trd, 4319403.893, 138
Trd, 4319405.393, 103
Trd, 4319405.843, 138
Trd, 4319407.243, 130
Trd, 4319407.893, 140
Trd, 4319408.043, 115
Trd, 4319408.793, 140
Trd, 4319408.943, 117
Trd, 4319411.043, 113
Trd, 4319412.243, 140
Trd, 4319412.343, 140
Trd, 4319412.593, 101
Trd, 4319412.693, 99
Trd, 4319413.193, 140
Trd, 4319414.143, 135
Trd, 4319414.243, 133
Trd, 4319415.543, 135
Trd, 4319416.693, 135
Trd, 4319416.943, 132
Trd, 4319417.193, 111
Trd, 4319417.393, 70
Trd, 4319418.293, 140
Trd, 4319418.993, 136
Trd, 4319419.343, 135
Trd, 4319420.893, 140
Trd, 4319421.143, 140
Trd, 4319421.743, 140
Trd, 4319422.593, 114
Trd, 4319422.693, 113
Trd, 4319423.693, 138
Trd, 4319424.543, 102
Trd, 4319425.143, 139
Trd, 4319425.643, 65
Trd, 4319426.093, 140
Trd, 4319426.393, 78
Trd, 4319428.693, 63
Trd, 4319428.743, 72
Trd, 4319429.843, 74
Trd, 4319430.993, 70
Trd, 4319431.443, 70
Trd, 4319432.093, 73
Trd, 4319432.443, 140
Trd, 4319433.243, 136
Trd, 4319433.943, 139
Trd, 4319435.193, 113
Trd, 4319435.343, 116
Trd, 4319435.943, 98
Trd, 4319436.643, 138
Trd, 4319436.693, 97
Trd, 4319437.593, 140
Trd, 4319438.193, 134
Trd, 4319438.243, 83
Trd, 4319440.943, 60
Trd, 4319441.143, 89
Trd, 4319441.293, 82
Trd, 4319443.343, 140
Trd, 4319443.493, 140
Trd, 4319443.543, 140
Trd, 4319444.143, 133
Trd, 4319445.093, 140
Trd, 4319446.243, 140
Trd, 4319446.493, 129
Trd, 4319448.243, 138
Trd, 4319448.293, 120
Trd, 4319448.443, 118
Trd, 4319448.893, 119
Trd, 4319451.093, 140
Trd, 4319451.193, 98
Trd, 4319451.393, 139
Trd, 4319452.793, 85
Trd, 4319454.143, 81
Trd, 4319454.193, 80
Trd, 4319454.443, 99
Trd, 4319454.893, 78
Trd, 4319455.893, 140
Trd, 4319456.343, 138
Trd, 4319457.143, 129
Trd, 4319457.843, 127
Trd, 4319458.893, 134
Trd, 4319459.043, 132
Trd, 4319459.993, 99
Trd, 4319460.343, 140
Trd, 4319460.643, 138
Trd, 4319461.893, 136
Trd, 4319462.143, 135
Trd, 4319462.493, 76
Trd, 4319462.793, 140
Trd, 4319463.993, 140
Trd, 4319464.093, 140
Trd, 4319464.543, 135
Trd, 4319465.293, 127
Trd, 4319466.443, 117
Trd, 4319467.343, 120
Trd, 4319467.943, 137
Trd, 4319468.493, 140
Trd, 4319468.543, 140
Trd, 4319469.393, 105
Trd, 4319470.093, 134
Trd, 4319470.193, 111
Trd, 4319471.243, 134
Trd, 4319471.543, 64
Trd, 4319472.143, 85
Trd, 4319473.293, 83
Trd, 4319473.843, 102
Trd, 4319475.543, 140
Trd, 4319475.643, 140
Trd, 4319475.893, 136
Trd, 4319476.343, 115
Trd, 4319477.543, 60
Trd, 4319478.243, 60
Trd, 4319478.543, 72
Trd, 4319479.543, 63
Trd, 4319480.693, 101
Trd, 4319480.993, 87
Trd, 4319482.193, 103
Trd, 4319482.743, 140
Trd, 4319482.943, 115
Trd, 4319484.093, 111
Trd, 4319484.543, 115
Trd, 4319485.193, 132
Trd, 4319485.243, 130
Trd, 4319485.893, 137
Trd, 4319486.993, 116
Trd, 4319487.793, 116
Trd, 4319488.693, 80
Trd, 4319489.043, 77
Trd, 4319489.393, 73
Trd, 4319490.443, 112
Trd, 4319490.893, 98
Trd, 4319491.593, 122
Trd, 4319491.893, 134
Trd, 4319492.843, 108
Trd, 4319495.043, 65
Trd, 4319495.143, 71
Trd, 4319495.393, 60
Trd, 4319495.593, 70
Trd, 4319496.393, 60
Trd, 4319496.493, 62
Trd, 4319497.993, 65
Trd, 4319498.043, 64
Trd, 4319498.693, 65
Trd, 4319499.593, 131
Trd, 4319499.693, 107
Trd, 4319500.493, 123
Trd, 4319501.843, 140
Trd, 4319502.243, 134
Trd, 4319502.293, 115
Trd, 4319504.143, 139
Trd, 4319504.243, 138
Trd, 4319504.793, 140
Trd, 4319505.443, 139
Trd, 4319506.143, 139
Trd, 4319506.243, 137
Trd, 4319506.843, 114
Trd, 4319506.943, 112
Trd, 4319507.893, 60
Trd, 4319509.443, 63
Trd, 4319509.693, 62
Trd, 4319509.893, 64
Trd, 4319509.943, 112
Trd, 4319511.243, 133
Trd, 4319511.443, 92
Trd, 4319512.143, 140
Trd, 4319512.793, 92
Trd, 4319514.593, 65
Trd, 4319515.443, 138
Trd, 4319516.343, 140
Trd, 4319516.493, 136
Trd, 4319517.043, 140
Trd, 4319518.493, 124
Trd, 4319518.743, 115
Trd, 4319519.443, 114
Trd, 4319520.443, 138
Trd, 4319520.743, 108
Trd, 4319521.343, 140
Trd, 4319521.543, 122
Trd, 4319521.893, 102
Trd, 4319522.593, 87
Trd, 4319524.293, 140
Trd, 4319524.693, 109
Trd, 4319526.343, 140
Trd, 4319526.793, 128
Trd, 4319527.043, 126
Trd, 4319527.243, 140
Trd, 4319527.343, 139
Trd, 4319527.593, 124
Trd, 4319528.293, 132
Trd, 4319529.843, 140
Trd, 4319529.943, 140
Trd, 4319531.443, 137
Trd, 4319531.643, 136
Trd, 4319532.793, 140
Trd, 4319533.443, 140
Trd, 4319534.143, 140
Trd, 4319534.593, 140
Trd, 4319535.193, 138
Trd, 4319535.393, 138
Trd, 4319535.893, 127
Trd, 4319536.793, 88
Trd, 4319538.293, 140
Trd, 4319538.543, 88
Trd, 4319539.043, 111
Trd, 4319540.443, 127
Trd, 4319540.943, 127
Trd, 4319541.093, 100
Trd, 4319541.993, 125
Trd, 4319543.293, 124
Trd, 4319543.843, 129
Trd, 4319544.693, 123
Trd, 4319544.743, 122
Trd, 4319545.643, 105
Trd, 4319546.193, 105
Trd, 4319546.743, 140
Trd, 4319547.193, 107
Trd, 4319547.493, 104
Trd, 4319547.643, 104
Trd, 4319548.043, 115
Trd, 4319549.093, 91
Trd, 4319549.243, 100
Trd, 4319549.793, 132
Trd, 4319550.193, 117
Trd, 4319550.693, 111
Trd, 4319552.343, 103
Trd, 4319552.593, 104
Trd, 4319553.543, 138
Trd, 4319554.093, 131
Trd, 4319554.643, 129
Trd, 4319555.093, 105
Trd, 4319555.943, 110
Trd, 4319555.993, 104
Trd, 4319558.643, 134
Trd, 4319559.443, 126
Trd, 4319559.643, 111
Trd, 4319559.793, 110
Trd, 4319560.243, 87
Trd, 4319560.693, 84
Trd, 4319561.843, 69
Trd, 4319563.093, 130
Trd, 4319563.543, 139
Trd, 4319564.543, 135
Trd, 4319564.643, 128
Trd, 4319565.743, 131
Trd, 4319566.643, 125
Trd, 4319567.593, 116
Trd, 4319567.843, 116
Trd, 4319568.193, 111
Trd, 4319568.693, 87
Trd, 4319569.643, 130
Trd, 4319570.193, 140
Trd, 4319570.493, 129
Trd, 4319570.893, 107
Trd, 4319571.693, 133
Trd, 4319571.943, 132
Trd, 4319572.843, 124
Trd, 4319573.393, 120
Trd, 4319574.243, 119
Trd, 4319574.443, 118
Trd, 4319575.093, 60
Trd, 4319576.293, 140
Trd, 4319576.893, 111
Trd, 4319577.043, 102
Trd, 4319577.943, 134
Trd, 4319578.393, 139
Trd, 4319578.843, 62
Trd, 4319581.743, 61
Trd, 4319581.793, 68
Trd, 4319582.643, 62
Trd, 4319583.343, 60
Trd, 4319583.393, 61
Trd, 4319583.593, 69
Trd, 4319584.643, 65
Trd, 4319585.543, 64
Trd, 4319585.943, 140
Trd, 4319586.693, 64
Trd, 4319587.143, 119
Trd, 4319587.343, 138
Trd, 4319588.843, 140
Trd, 4319588.893, 140
Trd, 4319590.093, 140
Trd, 4319590.293, 140
Trd, 4319590.593, 116
Trd, 4319591.443, 80
Trd, 4319591.593, 72
Trd, 4319591.943, 74
Trd, 4319593.293, 140
Trd, 4319593.543, 140
Trd, 4319594.143, 139
Trd, 4319594.343, 121
Trd, 4319595.093, 96
Trd, 4319595.293, 95
Trd, 4319596.193, 140
Trd, 4319597.243, 90
Trd, 4319599.943, 132
Trd, 4319600.243, 124
Trd, 4319601.043, 114
Trd, 4319601.543, 114
Trd, 4319602.043, 128
Trd, 4319602.093, 123
Trd, 4319602.743, 137
Trd, 4319603.443, 140
Trd, 4319603.493, 140
Trd, 4319604.393, 112
Trd, 4319605.643, 82
Trd, 4319605.843, 61
Trd, 4319606.493, 63
Trd, 4319606.693, 140
Trd, 4319609.793, 97
Trd, 4319610.343, 95
Trd, 4319611.093, 86
Trd, 4319612.043, 140
Trd, 4319612.393, 140
Trd, 4319613.393, 61
Trd, 4319613.543, 69
Trd, 4319614.293, 120
Trd, 4319617.043, 140
Trd, 4319617.243, 124
Trd, 4319617.993, 134
Trd, 4319618.693, 134
Trd, 4319619.293, 132
Trd, 4319620.243, 128
Trd, 4319620.293, 112
Trd, 4319620.643, 138
Trd, 4319621.343, 99
Trd, 4319623.143, 140
Trd, 4319623.193, 138
Trd, 4319624.143, 117
Trd, 4319624.793, 107
Trd, 4319625.193, 138
Trd, 4319626.393, 120
Trd, 4319627.743, 98
Trd, 4319628.543, 140
Trd, 4319629.693, 140
Trd, 4319629.943, 140
Trd, 4319630.193, 115
Trd, 4319630.643, 136
Trd, 4319631.343, 131
Trd, 4319631.493, 81
Trd, 4319631.793, 107
Trd, 4319631.943, 77
Trd, 4319633.143, 140
Trd, 4319634.693, 71
Trd, 4319635.393, 137
Trd, 4319635.843, 134
Trd, 4319636.693, 140
Trd, 4319637.893, 140
Trd, 4319638.093, 140
Trd, 4319638.693, 137
Trd, 4319639.743, 140
Trd, 4319640.393, 138
Trd, 4319640.493, 138
Trd, 4319640.943, 140
Trd, 4319641.143, 125
Trd, 4319642.543, 122
Trd, 4319643.143, 87
Trd, 4319643.493, 140
Trd, 4319643.693, 76
Trd, 4319644.493, 140
Trd, 4319646.093, 136
Trd, 4319646.743, 136
Trd, 4319646.893, 135
Trd, 4319647.793, 139
Trd, 4319648.243, 135
Trd, 4319649.493, 137
Trd, 4319650.993, 135
Trd, 4319651.293, 137
Trd, 4319651.443, 136
Trd, 4319651.993, 134
Trd, 4319652.243, 110
Trd, 4319652.943, 128
Trd, 4319654.293, 111
Trd, 4319654.893, 139
Trd, 4319654.993, 132
Trd, 4319655.093, 131
Trd, 4319656.293, 126
Trd, 4319656.893, 110
Trd, 4319657.143, 63
Trd, 4319657.543, 138
Trd, 4319658.143, 137
Trd, 4319659.093, 115
Trd, 4319659.943, 101
Trd, 4319661.443, 139
Trd, 4319661.543, 138
Trd, 4319662.943, 135
Trd, 4319663.493, 113
Trd, 4319664.993, 139
Trd, 4319665.193, 139
Trd, 4319665.443, 131
Trd, 4319665.493, 127
Trd, 4319665.643, 78
Trd, 4319665.893, 133
Trd, 4319666.693, 120
Trd, 4319667.843, 109
Trd, 4319668.643, 140
Trd, 4319668.943, 91
Trd, 4319669.693, 140
Trd, 4319670.193, 82
Trd, 4319670.693, 75
Trd, 4319671.643, 140
Trd, 4319671.793, 109
Trd, 4319671.843, 90
Trd, 4319674.443, 121
Trd, 4319675.343, 135
Trd, 4319675.743, 134
Trd, 4319676.393, 133
Trd, 4319677.493, 109
Trd, 4319678.943, 140
Trd, 4319679.043, 138
Trd, 4319679.643, 135
Trd, 4319680.343, 138
Trd, 4319682.193, 115
Trd, 4319683.043, 120
Trd, 4319683.293, 121
Trd, 4319683.893, 133
Trd, 4319684.143, 133
Trd, 4319685.143, 101
Trd, 4319685.493, 101
Trd, 4319686.193, 131
Trd, 4319687.043, 71
Trd, 4319687.593, 60
Trd, 4319688.493, 88
Trd, 4319689.193, 94
Trd, 4319689.743, 62
Trd, 4319690.993, 120
Trd, 4319691.443, 138
Trd, 4319691.493, 100
Trd, 4319692.843, 62
Trd, 4319694.793, 64
Trd, 4319694.993, 64
Trd, 4319695.393, 64
Trd, 4319695.593, 61
Trd, 4319696.343, 69
Trd, 4319696.393, 85
Trd, 4319696.943, 114
Trd, 4319697.043, 89
Trd, 4319698.843, 116
Trd, 4319700.093, 140
Trd, 4319700.343, 122
Trd, 4319700.643, 120
Trd, 4319700.893, 99
Trd, 4319701.893, 134
Trd, 4319702.243, 97
Trd, 4319702.943, 127
Trd, 4319704.493, 140
Trd, 4319705.093, 107
Trd, 4319705.343, 107
Trd, 4319705.693, 128
Trd, 4319706.343, 127
Trd, 4319706.843, 107
Trd, 4319707.193, 60
Trd, 4319707.493, 113
Trd, 4319708.593, 140
Trd, 4319709.743, 117
Trd, 4319710.393, 126
Trd, 4319710.943, 117
Trd, 4319711.143, 116
Trd, 4319711.193, 75
Trd, 4319712.343, 136
Trd, 4319712.643, 118
Trd, 4319712.943, 61
Trd, 4319713.693, 102
Trd, 4319715.293, 140
Trd, 4319715.793, 139
Trd, 4319715.843, 138
Trd, 4319720.193, 140
Trd, 4319720.693, 140
Trd, 4319721.343, 140
Trd, 4319721.393, 139
Trd, 4319721.993, 138
Trd, 4319722.343, 136
Trd, 4319722.693, 104
Trd, 4319723.093, 137
Trd, 4319723.393, 97
Trd, 4319724.693, 112
Trd, 4319725.343, 140
Trd, 4319725.843, 140
Trd, 4319726.443, 129
Trd, 4319726.793, 128
Trd, 4319727.593, 123
Trd, 4319727.743, 82
Trd, 4319729.243, 139
Trd, 4319730.143, 81
Trd, 4319730.943, 82
Trd, 4319731.693, 138
Trd, 4319731.993, 97
Trd, 4319732.943, 118
Trd, 4319733.343, 60
Trd, 4319733.793, 68
Trd, 4319735.593, 63
Trd, 4319736.093, 73
Trd, 4319736.493, 60
Trd, 4319737.143, 135
Trd, 4319737.693, 133
Trd, 4319739.393, 140
Trd, 4319739.943, 139
Trd, 4319740.193, 140
Trd, 4319740.393, 140
Trd, 4319740.443, 117
Trd, 4319741.093, 140
Trd, 4319741.593, 140
Trd, 4319741.893, 62
Trd, 4319745.043, 140
Trd, 4319745.243, 140
Trd, 4319745.493, 140
Trd, 4319745.693, 115
Trd, 4319745.993, 140
Trd, 4319746.593, 140
Trd, 4319748.243, 134
Trd, 4319748.693, 117
Trd, 4319749.193, 127
Trd, 4319749.493, 134
Trd, 4319750.143, 106
Trd, 4319750.643, 110
Trd, 4319751.343, 105
Trd, 4319751.893, 99
Trd, 4319753.043, 114
Trd, 4319753.093, 113
Trd, 4319754.793, 140
Trd, 4319755.043, 138
Trd, 4319755.193, 137
Trd, 4319755.643, 140
Trd, 4319756.543, 95
Trd, 4319756.643, 94
Trd, 4319759.143, 138
Trd, 4319759.293, 137
Trd, 4319759.993, 119
Trd, 4319760.843, 133
Trd, 4319760.943, 132
Trd, 4319761.243, 98
Trd, 4319762.443, 140
Trd, 4319762.793, 140
Trd, 4319762.843, 139
Trd, 4319763.693, 115
Trd, 4319763.943, 105
Trd, 4319764.293, 76
Trd, 4319764.643, 77
Trd, 4319766.693, 137
Trd, 4319767.093, 116
Trd, 4319768.793, 140
Trd, 4319769.793, 140
Trd, 4319770.793, 140
Trd, 4319771.043, 140
Trd, 4319771.293, 140
Trd, 4319771.793, 140
Trd, 4319772.593, 121
Trd, 4319772.943, 116
Trd, 4319774.793, 135
Trd, 4319774.993, 115
Trd, 4319775.143, 71
Trd, 4319776.093, 66
Trd, 4319778.493, 140
Trd, 4319778.743, 140
Trd, 4319778.993, 140
Trd, 4319779.493, 140
Trd, 4319780.843, 140
Trd, 4319780.943, 139
Trd, 4319782.443, 140
Trd, 4319782.693, 135
Trd, 4319782.943, 136
Trd, 4319783.093, 134
Trd, 4319783.993, 115
Trd, 4319784.793, 139
Trd, 4319784.993, 137
Trd, 4319786.643, 114
Trd, 4319787.993, 136
Trd, 4319788.043, 134
Trd, 4319789.693, 140
Trd, 4319790.043, 136
Trd, 4319790.493, 135
Trd, 4319791.743, 135
Trd, 4319792.043, 134
Trd, 4319792.543, 118
Trd, 4319793.093, 115
Trd, 4319793.843, 110
Trd, 4319793.893, 116
Trd, 4319793.943, 92
Trd, 4319794.943, 65
Trd, 4319795.593, 136
Trd, 4319796.643, 140
Trd, 4319796.843, 129
Trd, 4319797.093, 107
Trd, 4319798.443, 132
Trd, 4319798.943, 132
Trd, 4319799.393, 60
Trd, 4319801.493, 140
Trd, 4319802.193, 140
Trd, 4319802.493, 139
Trd, 4319802.893, 138
Trd, 4319802.993, 122
Trd, 4319805.043, 140
Trd, 4319805.593, 140
Trd, 4319807.093, 129
Trd, 4319807.793, 139
Trd, 4319808.043, 136
Trd, 4319809.193, 132
Trd, 4319809.743, 140
Trd, 4319810.293, 122
Trd, 4319810.543, 121
Trd, 4319811.393, 129
Trd, 4319811.843, 125
Trd, 4319811.893, 121
Trd, 4319813.793, 64
Trd, 4319813.943, 65
Trd, 4319814.943, 65
Trd, 4319815.693, 137
Trd, 4319815.993, 122
Trd, 4319817.643, 60
Trd, 4319818.893, 83
Trd, 4319819.443, 122
Trd, 4319819.543, 121
Trd, 4319820.093, 135
Trd, 4319821.043, 136
Trd, 4319821.343, 76
Trd, 4319822.393, 113
Trd, 4319822.793, 133
Trd, 4319822.943, 126
Trd, 4319823.293, 87
Trd, 4319826.193, 138
Trd, 4319826.393, 137
Trd, 4319826.943, 134
Trd, 4319827.443, 114
Trd, 4319827.993, 140
Trd, 4319828.593, 140
Trd, 4319828.943, 140
Trd, 4319829.043, 126
Trd, 4319829.993, 126
Trd, 4319831.843, 140
Trd, 4319832.943, 132
Trd, 4319833.693, 132
Trd, 4319834.493, 132
Trd, 4319834.693, 123
Trd, 4319834.843, 140
Trd, 4319835.243, 116
Trd, 4319836.493, 140
Trd, 4319837.543, 132
Trd, 4319837.843, 131
Trd, 4319838.093, 135
Trd, 4319838.593, 139
Trd, 4319839.243, 66
Trd, 4319840.193, 61
Trd, 4319840.493, 61
Trd, 4319843.843, 140
Trd, 4319844.593, 140
Trd, 4319844.643, 140
Trd, 4319845.843, 140
Trd, 4319845.943, 140
Trd, 4319846.043, 140
Trd, 4319846.143, 139
Trd, 4319846.243, 89
Trd, 4319847.143, 119
Trd, 4319847.793, 109
Trd, 4319847.893, 108
Trd, 4319849.593, 137
Trd, 4319850.243, 140
Trd, 4319850.493, 77
Trd, 4319851.743, 136
Trd, 4319852.343, 139
Trd, 4319853.143, 130
Trd, 4319853.443, 129
Trd, 4319854.593, 99
Trd, 4319854.743, 98
Trd, 4319855.443, 140
Trd, 4319856.143, 61
Trd, 4319856.943, 137
Trd, 4319857.193, 135
Trd, 4319857.793, 114
Trd, 4319858.293, 102
Trd, 4319858.693, 131
Trd, 4319861.443, 139
Trd, 4319861.593, 62
Trd, 4319861.993, 64
Trd, 4319862.343, 131
Trd, 4319862.443, 130
Trd, 4319863.193, 132
Trd, 4319863.293, 63
Trd, 4319864.193, 75
Trd, 4319864.343, 74
Trd, 4319866.793, 119
Trd, 4319867.193, 123
Trd, 4319868.443, 140
Trd, 4319868.743, 140
Trd, 4319869.093, 139
Trd, 4319869.393, 114
Trd, 4319869.543, 68
Trd, 4319870.443, 130
Trd, 4319871.043, 138
Trd, 4319871.493, 126
Trd, 4319872.193, 140
Trd, 4319874.093, 140
Trd, 4319875.593, 90
Trd, 4319876.293, 140
Trd, 4319876.643, 140
Trd, 4319877.793, 139
Trd, 4319878.343, 117
Trd, 4319878.943, 137
Trd, 4319879.043, 135
Trd, 4319879.193, 106
Trd, 4319879.793, 137
Trd, 4319880.143, 119
Trd, 4319880.793, 122
Trd, 4319881.193, 138
Trd, 4319881.243, 99
Trd, 4319882.093, 67
Trd, 4319883.393, 91
Trd, 4319883.593, 108
Trd, 4319884.343, 76
Trd, 4319884.743, 63
Trd, 4319886.193, 132
Trd, 4319887.393, 135
Trd, 4319887.893, 139
Trd, 4319888.493, 140
Trd, 4319890.293, 140
Trd, 4319891.893, 140
Trd, 4319891.993, 140
Trd, 4319892.093, 140
Trd, 4319892.343, 136
Trd, 4319894.393, 132
Trd, 4319894.893, 126
Trd, 4319895.193, 129
Trd, 4319895.293, 134
Trd, 4319895.693, 101
Trd, 4319897.643, 139
Trd, 4319898.243, 139
Trd, 4319898.493, 137
Trd, 4319898.743, 135
Trd, 4319898.893, 127
Trd, 4319900.143, 64
Trd, 4319900.393, 83
Trd, 4319903.193, 137
Trd, 4319903.843, 137
Trd, 4319903.893, 136
Trd, 4319904.243, 140
Trd, 4319905.343, 136
Trd, 4319905.443, 135
Trd, 4319906.193, 119
Trd, 4319906.343, 92
Trd, 4319906.743, 68
Trd, 4319907.343, 60
Trd, 4319908.493, 60
Trd, 4319909.043, 103
Trd, 4319909.393, 60
Trd, 4319910.693, 62
Trd, 4319911.493, 60
Trd, 4319913.543, 60
Trd, 4319913.693, 63
Trd, 4319914.193, 140
Trd, 4319914.293, 140
Trd, 4319915.093, 107
Trd, 4319915.293, 107
Trd, 4319916.293, 108
Trd, 4319917.643, 107
Trd, 4319917.693, 89
Trd, 4319918.543, 62
Trd, 4319919.643, 127
Trd, 4319920.593, 60
Trd, 4319921.743, 61
Trd, 4319922.743, 61
Trd, 4319922.793, 63
Trd, 4319924.093, 135
Trd, 4319924.843, 137
Trd, 4319924.943, 136
Trd, 4319925.543, 111
Trd, 4319926.693, 129
Trd, 4319927.043, 109
Trd, 4319927.193, 140
Trd, 4319928.893, 61
Trd, 4319929.443, 62
Trd, 4319931.993, 128
Trd, 4319932.043, 111
Trd, 4319932.093, 101
Trd, 4319933.193, 140
Trd, 4319933.343, 140
Trd, 4319933.543, 129
Trd, 4319934.593, 130
Trd, 4319935.943, 106
Trd, 4319936.093, 105
Trd, 4319936.243, 140
Trd, 4319937.693, 128
Trd, 4319939.393, 140
Trd, 4319939.593, 133
Trd, 4319939.943, 126
Trd, 4319940.293, 111
Trd, 4319942.543, 140
Trd, 4319943.143, 140
Trd, 4319943.693, 137
Trd, 4319944.593, 130
Trd, 4319944.643, 129
Trd, 4319945.843, 140
Trd, 4319946.343, 138
Trd, 4319946.493, 117
Trd, 4319946.893, 136
Trd, 4319947.543, 124
Trd, 4319948.193, 134
Trd, 4319949.443, 120
Trd, 4319949.843, 87
Trd, 4319950.093, 107
Trd, 4319950.643, 77
Trd, 4319951.043, 138
Trd, 4319952.043, 140
Trd, 4319952.643, 140
Trd, 4319952.743, 138
Trd, 4319953.043, 115
Trd, 4319955.043, 121
Trd, 4319956.043, 116
Trd, 4319956.193, 115
Trd, 4319956.993, 91
Trd, 4319958.143, 94
Trd, 4319958.393, 140
Trd, 4319958.543, 93
Trd, 4319960.493, 139
Trd, 4319960.593, 131
Trd, 4319960.943, 94
Trd, 4319960.993, 112
Trd, 4319961.793, 122
Trd, 4319963.393, 118
Trd, 4319964.043, 115
Trd, 4319964.543, 121
Trd, 4319965.093, 112
Trd, 4319965.193, 111
Trd, 4319965.993, 79
Trd, 4319966.693, 95
Trd, 4319967.093, 94
Trd, 4319968.993, 137
Trd, 4319969.143, 127
Trd, 4319969.793, 140
Trd, 4319970.143, 101
Trd, 4319971.493, 100
Trd, 4319973.043, 120
Trd, 4319973.993, 114
Trd, 4319974.143, 113
Trd, 4319974.843, 129
Trd, 4319974.943, 104
Trd, 4319975.293, 61
Trd, 4319975.743, 140
Trd, 4319977.093, 92
Trd, 4319977.143, 106
Trd, 4319977.293, 91
Trd, 4319977.493, 136
Trd, 4319978.743, 87
Trd, 4319980.393, 133
Trd, 4319980.643, 132
Trd, 4319981.743, 134
Trd, 4319981.793, 132
Trd, 4319982.593, 130
Trd, 4319983.093, 139
Trd, 4319985.243, 138
Trd, 4319985.393, 137
Trd, 4319987.093, 139
Trd, 4319987.893, 140
Trd, 4319989.593, 140
Trd, 4319989.843, 140
Trd, 4319990.493, 130
Trd, 4319990.543, 121
Trd, 4319990.843, 76
Trd, 4319991.943, 67
Trd, 4319992.793, 69
Trd, 4319994.343, 115
Trd, 4319995.143, 96
Trd, 4319996.243, 112
Trd, 4319996.993, 116
Trd, 4319997.043, 110
Trd, 4319999.043, 140
Trd, 4319999.093, 139
Trd, 4319999.143, 115
