Trd, 4318176.093, 139
Trd, 4318176.593, 140
Trd, 4318177.993, 140
Trd, 4318178.193, 137
Trd, 4318179.543, 128
Trd, 4318180.943, 121
Trd, 4318181.243, 110
Trd, 4318181.543, 81
Trd, 4318181.993, 123
Trd, 4318182.843, 139
Trd, 4318182.993, 91
Trd, 4318184.643, 136
Trd, 4318185.193, 129
Trd, 4318185.593, 140
Trd, 4318185.693, 140
Trd, 4318186.243, 140
Trd, 4318186.843, 114
Trd, 4318186.943, 105
Trd, 4318187.893, 105
Trd, 4318188.243, 103
Trd, 4318188.493, 82
Trd, 4318189.843, 140
Trd, 4318190.243, 140
Trd, 4318190.693, 126
Trd, 4318191.843, 140
Trd, 4318192.193, 137
Trd, 4318192.943, 135
Trd, 4318193.493, 119
Trd, 4318194.343, 139
Trd, 4318194.393, 137
Trd, 4318195.143, 138
Trd, 4318195.243, 108
Trd, 4318195.293, 104
Trd, 4318195.743, 140
Trd, 4318196.643, 69
Trd, 4318197.093, 140
Trd, 4318197.243, 67
Trd, 4318198.943, 139
Trd, 4318200.193, 124
Trd, 4318200.293, 116
Trd, 4318200.343, 113
Trd, 4318201.043, 86
Trd, 4318201.143, 85
Trd, 4318202.293, 83
Trd, 4318202.343, 81
Trd, 4318203.793, 61
Trd, 4318203.843, 62
Trd, 4318204.193, 69
Trd, 4318204.343, 112
Trd, 4318205.893, 140
Trd, 4318207.443, 96
Trd, 4318207.643, 88
Trd, 4318207.993, 96
Trd, 4318208.193, 79
Trd, 4318209.043, 63
Trd, 4318209.943, 63
Trd, 4318210.243, 64
Trd, 4318211.293, 65
Trd, 4318211.543, 64
Trd, 4318212.493, 137
Trd, 4318213.443, 131
Trd, 4318213.493, 123
Trd, 4318214.293, 85
Trd, 4318214.443, 140
Trd, 4318215.043, 64
Trd, 4318216.793, 60
Trd, 4318216.943, 60
Trd, 4318217.093, 61
Trd, 4318217.143, 61
Trd, 4318217.193, 67
Trd, 4318217.843, 140
Trd, 4318217.943, 86
Trd, 4318219.243, 61
Trd, 4318220.093, 62
Trd, 4318220.893, 63
Trd, 4318221.893, 61
Trd, 4318222.193, 62
Trd, 4318222.443, 61
Trd, 4318223.093, 140
Trd, 4318223.193, 139
Trd, 4318223.293, 128
Trd, 4318223.843, 62
Trd, 4318224.843, 105
Trd, 4318226.593, 60
Trd, 4318226.993, 60
Trd, 4318227.893, 61
Trd, 4318227.993, 62
Trd, 4318228.643, 60
Trd, 4318228.993, 61
Trd, 4318229.043, 62
Trd, 4318231.093, 88
Trd, 4318231.593, 77
Trd, 4318232.043, 74
Trd, 4318233.193, 99
Trd, 4318234.093, 137
Trd, 4318234.443, 109
Trd, 4318235.243, 140
Trd, 4318235.443, 129
Trd, 4318235.493, 127
Trd, 4318236.093, 140
Trd, 4318236.443, 77
Trd, 4318237.493, 138
Trd, 4318237.543, 108
Trd, 4318237.643, 105
Trd, 4318238.943, 140
Trd, 4318239.393, 140
Trd, 4318239.793, 135
Trd, 4318240.393, 98
Trd, 4318241.543, 114
Trd, 4318241.643, 113
Trd, 4318242.093, 91
Trd, 4318242.943, 140
Trd, 4318243.743, 138
Trd, 4318244.293, 140
Trd, 4318245.393, 133
Trd, 4318245.643, 132
Trd, 4318247.193, 131
Trd, 4318247.293, 93
Trd, 4318249.143, 139
Trd, 4318249.243, 131
Trd, 4318249.493, 105
Trd, 4318250.343, 116
Trd, 4318251.343, 140
Trd, 4318251.543, 116
Trd, 4318253.243, 138
Trd, 4318254.043, 137
Trd, 4318255.293, 140
Trd, 4318255.743, 129
Trd, 4318255.893, 114
Trd, 4318255.943, 99
Trd, 4318256.093, 80
Trd, 4318256.843, 139
Trd, 4318258.643, 140
Trd, 4318259.743, 140
Trd, 4318259.893, 138
Trd, 4318260.043, 137
Trd, 4318260.443, 135
Trd, 4318261.293, 114
Trd, 4318261.343, 105
Trd, 4318261.543, 78
Trd, 4318262.843, 134
Trd, 4318263.693, 135
Trd, 4318264.143, 60
Trd, 4318264.743, 67
Trd, 4318265.543, 133
Trd, 4318267.043, 140
Trd, 4318267.693, 140
Trd, 4318267.793, 138
Trd, 4318268.743, 140
Trd, 4318268.993, 138
Trd, 4318269.293, 136
Trd, 4318269.343, 110
Trd, 4318269.793, 78
Trd, 4318270.793, 60
Trd, 4318271.843, 60
Trd, 4318272.643, 60
Trd, 4318272.793, 60
Trd, 4318272.943, 62
Trd, 4318273.443, 61
Trd, 4318273.493, 67
Trd, 4318275.843, 140
Trd, 4318276.043, 140
Trd, 4318276.443, 114
Trd, 4318276.993, 105
Trd, 4318277.443, 65
Trd, 4318278.993, 67
Trd, 4318280.293, 140
Trd, 4318280.643, 122
Trd, 4318281.093, 120
Trd, 4318281.293, 60
Trd, 4318281.693, 68
Trd, 4318282.343, 60
Trd, 4318282.693, 61
Trd, 4318283.543, 63
Trd, 4318283.993, 61
Trd, 4318285.143, 135
Trd, 4318285.543, 130
Trd, 4318285.643, 104
Trd, 4318287.093, 139
Trd, 4318287.193, 139
Trd, 4318288.093, 116
Trd, 4318288.193, 114
Trd, 4318289.693, 140
Trd, 4318289.843, 137
Trd, 4318291.943, 140
Trd, 4318292.543, 140
Trd, 4318292.843, 140
Trd, 4318293.393, 140
Trd, 4318293.993, 137
Trd, 4318294.093, 133
Trd, 4318294.493, 112
Trd, 4318294.793, 126
Trd, 4318295.093, 98
Trd, 4318297.043, 140
Trd, 4318297.443, 140
Trd, 4318298.293, 140
Trd, 4318298.543, 101
Trd, 4318299.493, 140
Trd, 4318300.493, 138
Trd, 4318300.743, 110
Trd, 4318300.843, 108
Trd, 4318301.693, 98
Trd, 4318301.843, 97
Trd, 4318302.093, 96
Trd, 4318302.143, 83
Trd, 4318303.693, 140
Trd, 4318304.443, 140
Trd, 4318304.643, 140
Trd, 4318304.943, 137
Trd, 4318305.193, 105
Trd, 4318307.543, 101
Trd, 4318307.593, 95
Trd, 4318308.243, 139
Trd, 4318308.343, 133
Trd, 4318308.693, 139
Trd, 4318309.843, 68
Trd, 4318310.193, 61
Trd, 4318310.543, 140
Trd, 4318311.493, 111
Trd, 4318311.843, 111
Trd, 4318312.993, 71
Trd, 4318313.493, 73
Trd, 4318313.743, 76
Trd, 4318314.343, 108
Trd, 4318314.393, 79
Trd, 4318315.543, 140
Trd, 4318316.493, 140
Trd, 4318316.943, 140
Trd, 4318318.493, 137
Trd, 4318318.893, 109
Trd, 4318318.993, 86
Trd, 4318319.443, 63
Trd, 4318319.643, 140
Trd, 4318320.793, 61
Trd, 4318321.443, 66
Trd, 4318322.293, 61
Trd, 4318322.343, 63
Trd, 4318322.893, 65
Trd, 4318324.393, 64
Trd, 4318324.693, 62
Trd, 4318325.643, 61
Trd, 4318326.443, 63
Trd, 4318327.193, 60
Trd, 4318327.293, 65
Trd, 4318327.343, 71
Trd, 4318328.493, 64
Trd, 4318328.543, 68
Trd, 4318329.193, 62
Trd, 4318329.593, 62
Trd, 4318330.393, 140
Trd, 4318330.893, 124
Trd, 4318332.093, 116
Trd, 4318332.243, 98
Trd, 4318332.343, 96
Trd, 4318333.143, 102
Trd, 4318333.893, 140
Trd, 4318335.143, 140
Trd, 4318335.243, 139
Trd, 4318335.993, 139
Trd, 4318336.543, 117
Trd, 4318336.993, 101
Trd, 4318337.093, 96
Trd, 4318337.243, 139
Trd, 4318339.643, 62
Trd, 4318339.843, 63
Trd, 4318340.193, 66
Trd, 4318341.443, 62
Trd, 4318341.593, 60
Trd, 4318341.793, 64
Trd, 4318342.193, 61
Trd, 4318343.343, 61
Trd, 4318344.643, 65
Trd, 4318345.143, 60
Trd, 4318345.193, 69
Trd, 4318346.643, 63
Trd, 4318346.693, 61
Trd, 4318346.993, 64
Trd, 4318349.193, 140
Trd, 4318349.593, 108
Trd, 4318350.143, 107
Trd, 4318350.643, 105
Trd, 4318350.743, 139
Trd, 4318350.993, 91
Trd, 4318352.643, 69
Trd, 4318352.843, 70
Trd, 4318353.193, 78
Trd, 4318353.393, 72
Trd, 4318353.893, 119
Trd, 4318354.143, 82
Trd, 4318355.393, 60
Trd, 4318355.643, 62
Trd, 4318356.243, 60
Trd, 4318357.843, 61
Trd, 4318357.893, 62
Trd, 4318360.543, 61
Trd, 4318360.743, 68
Trd, 4318360.793, 70
Trd, 4318360.993, 61
Trd, 4318361.743, 60
Trd, 4318362.293, 62
Trd, 4318363.293, 66
Trd, 4318363.893, 87
Trd, 4318364.043, 86
Trd, 4318364.593, 140
Trd, 4318364.693, 140
Trd, 4318367.543, 60
Trd, 4318368.193, 60
Trd, 4318368.593, 60
Trd, 4318368.643, 62
Trd, 4318368.793, 64
Trd, 4318369.593, 67
Trd, 4318369.743, 64
Trd, 4318370.943, 60
Trd, 4318371.793, 62
Trd, 4318372.893, 61
Trd, 4318373.493, 63
Trd, 4318374.743, 60
Trd, 4318375.043, 60
Trd, 4318375.143, 61
Trd, 4318375.743, 62
Trd, 4318376.143, 60
Trd, 4318376.393, 62
Trd, 4318376.893, 64
Trd, 4318377.993, 60
Trd, 4318378.343, 60
Trd, 4318379.443, 62
Trd, 4318380.293, 62
Trd, 4318381.093, 60
Trd, 4318381.643, 61
Trd, 4318382.293, 62
Trd, 4318382.393, 63
Trd, 4318384.543, 60
Trd, 4318386.093, 60
Trd, 4318386.593, 60
Trd, 4318387.193, 60
Trd, 4318387.243, 61
Trd, 4318387.393, 63
Trd, 4318387.743, 115
Trd, 4318388.193, 123
Trd, 4318389.393, 139
Trd, 4318389.693, 66
Trd, 4318390.493, 140
Trd, 4318390.893, 128
Trd, 4318391.043, 102
Trd, 4318391.393, 63
Trd, 4318393.643, 60
Trd, 4318394.593, 62
Trd, 4318395.193, 60
Trd, 4318395.593, 63
Trd, 4318396.493, 62
Trd, 4318396.893, 74
Trd, 4318398.643, 60
Trd, 4318398.843, 65
Trd, 4318399.393, 65
Trd, 4318400.043, 65
Trd, 4318400.193, 63
Trd, 4318400.343, 62
Trd, 4318402.843, 60
Trd, 4318403.343, 60
Trd, 4318404.143, 62
Trd, 4318404.543, 60
Trd, 4318404.593, 64
Trd, 4318404.843, 126
Trd, 4318404.993, 106
Trd, 4318405.493, 140
Trd, 4318407.093, 61
Trd, 4318407.293, 62
Trd, 4318407.893, 76
Trd, 4318407.943, 76
Trd, 4318409.393, 60
Trd, 4318409.943, 80
Trd, 4318410.543, 140
Trd, 4318410.893, 112
Trd, 4318411.593, 137
Trd, 4318412.343, 136
Trd, 4318412.743, 116
Trd, 4318413.193, 85
Trd, 4318413.293, 74
Trd, 4318413.643, 135
Trd, 4318413.793, 74
Trd, 4318414.793, 60
Trd, 4318416.093, 62
Trd, 4318416.593, 61
Trd, 4318417.193, 62
Trd, 4318418.393, 62
Trd, 4318419.493, 60
Trd, 4318420.043, 60
Trd, 4318420.193, 61
Trd, 4318420.343, 63
Trd, 4318420.543, 65
Trd, 4318421.243, 62
Trd, 4318422.743, 60
Trd, 4318423.793, 61
Trd, 4318424.493, 61
Trd, 4318424.943, 62
Trd, 4318425.393, 63
Trd, 4318425.693, 65
Trd, 4318427.193, 60
Trd, 4318428.493, 60
Trd, 4318428.993, 60
Trd, 4318429.143, 60
Trd, 4318429.793, 60
Trd, 4318430.393, 61
Trd, 4318430.893, 61
Trd, 4318431.343, 62
Trd, 4318431.593, 66
Trd, 4318432.493, 67
Trd, 4318433.693, 61
Trd, 4318434.693, 60
Trd, 4318435.793, 60
Trd, 4318435.943, 61
Trd, 4318436.093, 62
Trd, 4318436.593, 60
Trd, 4318436.643, 63
Trd, 4318438.743, 60
Trd, 4318438.943, 60
Trd, 4318439.843, 60
Trd, 4318441.243, 61
Trd, 4318442.343, 60
Trd, 4318444.043, 62
Trd, 4318444.693, 60
Trd, 4318444.843, 64
Trd, 4318445.393, 60
Trd, 4318445.643, 60
Trd, 4318446.393, 61
Trd, 4318446.843, 62
Trd, 4318447.343, 67
Trd, 4318447.893, 62
Trd, 4318449.293, 60
Trd, 4318449.443, 60
Trd, 4318449.593, 62
Trd, 4318450.343, 64
Trd, 4318450.893, 60
Trd, 4318451.393, 62
Trd, 4318451.843, 61
Trd, 4318451.893, 64
Trd, 4318452.643, 60
Trd, 4318453.093, 63
Trd, 4318454.343, 61
Trd, 4318454.493, 70
Trd, 4318455.143, 67
Trd, 4318455.193, 70
Trd, 4318457.243, 61
Trd, 4318457.743, 63
Trd, 4318459.943, 60
Trd, 4318460.043, 60
Trd, 4318460.193, 61
Trd, 4318461.743, 60
Trd, 4318462.343, 60
Trd, 4318462.393, 60
Trd, 4318462.843, 60
Trd, 4318463.893, 61
Trd, 4318464.593, 60
Trd, 4318464.993, 62
Trd, 4318466.093, 63
Trd, 4318466.693, 62
Trd, 4318466.993, 65
Trd, 4318467.043, 65
Trd, 4318467.293, 69
Trd, 4318467.643, 64
Trd, 4318469.143, 62
Trd, 4318470.843, 60
Trd, 4318471.593, 60
Trd, 4318472.443, 60
Trd, 4318474.093, 61
Trd, 4318474.243, 63
Trd, 4318474.493, 60
Trd, 4318474.793, 60
Trd, 4318475.443, 136
Trd, 4318475.843, 105
Trd, 4318476.343, 60
Trd, 4318477.343, 62
Trd, 4318477.793, 60
Trd, 4318478.243, 60
Trd, 4318479.093, 64
Trd, 4318479.693, 77
Trd, 4318479.893, 62
Trd, 4318481.043, 60
Trd, 4318481.293, 63
Trd, 4318482.643, 64
Trd, 4318482.843, 64
Trd, 4318483.243, 62
Trd, 4318483.493, 63
Trd, 4318483.543, 69
Trd, 4318484.243, 68
Trd, 4318484.293, 68
Trd, 4318485.893, 61
Trd, 4318486.893, 60
Trd, 4318487.343, 61
Trd, 4318487.643, 60
Trd, 4318487.843, 139
Trd, 4318488.493, 61
Trd, 4318488.843, 66
Trd, 4318489.093, 61
Trd, 4318489.293, 65
Trd, 4318490.293, 60
Trd, 4318490.443, 67
Trd, 4318492.543, 69
Trd, 4318493.143, 136
Trd, 4318493.193, 100
Trd, 4318493.343, 75
Trd, 4318494.493, 117
Trd, 4318495.443, 140
Trd, 4318495.643, 112
Trd, 4318496.093, 90
Trd, 4318496.993, 139
Trd, 4318498.443, 60
Trd, 4318498.643, 62
Trd, 4318498.943, 62
Trd, 4318500.993, 60
Trd, 4318501.543, 61
Trd, 4318502.743, 60
Trd, 4318502.993, 61
Trd, 4318503.793, 61
Trd, 4318504.343, 61
Trd, 4318505.043, 60
Trd, 4318505.193, 60
Trd, 4318505.393, 60
Trd, 4318506.243, 63
Trd, 4318506.693, 61
Trd, 4318506.993, 64
Trd, 4318508.093, 63
Trd, 4318509.493, 62
Trd, 4318509.993, 64
Trd, 4318510.043, 61
Trd, 4318510.093, 60
Trd, 4318510.143, 64
Trd, 4318511.143, 139
Trd, 4318511.893, 64
Trd, 4318512.493, 65
Trd, 4318513.493, 65
Trd, 4318513.743, 63
Trd, 4318513.943, 60
Trd, 4318514.493, 63
Trd, 4318515.543, 60
Trd, 4318516.093, 60
Trd, 4318516.543, 63
Trd, 4318517.543, 60
Trd, 4318518.793, 60
Trd, 4318518.843, 60
Trd, 4318520.493, 64
Trd, 4318522.043, 62
Trd, 4318522.143, 63
Trd, 4318522.343, 60
Trd, 4318523.293, 61
Trd, 4318523.893, 60
Trd, 4318525.043, 60
Trd, 4318525.593, 61
Trd, 4318526.343, 63
Trd, 4318526.593, 60
Trd, 4318526.843, 64
Trd, 4318527.943, 60
Trd, 4318528.693, 61
Trd, 4318528.843, 61
Trd, 4318529.243, 138
Trd, 4318530.843, 60
Trd, 4318530.893, 62
Trd, 4318532.043, 60
Trd, 4318532.543, 64
Trd, 4318532.993, 72
Trd, 4318533.093, 76
Trd, 4318534.643, 60
Trd, 4318534.893, 61
Trd, 4318535.893, 61
Trd, 4318536.843, 60
Trd, 4318537.493, 60
Trd, 4318537.943, 60
Trd, 4318537.993, 60
Trd, 4318538.193, 97
Trd, 4318538.493, 67
Trd, 4318539.843, 60
Trd, 4318540.543, 99
Trd, 4318540.593, 85
Trd, 4318542.143, 139
Trd, 4318542.593, 134
Trd, 4318543.843, 60
Trd, 4318544.043, 60
Trd, 4318545.043, 60
Trd, 4318545.443, 62
Trd, 4318547.843, 61
Trd, 4318548.643, 61
Trd, 4318548.893, 61
Trd, 4318549.643, 61
Trd, 4318550.443, 65
Trd, 4318550.543, 67
Trd, 4318551.693, 72
Trd, 4318551.993, 82
Trd, 4318552.043, 64
Trd, 4318552.243, 140
Trd, 4318552.493, 116
Trd, 4318552.843, 116
Trd, 4318553.643, 64
Trd, 4318554.693, 75
Trd, 4318554.893, 60
Trd, 4318556.143, 61
Trd, 4318557.843, 60
Trd, 4318557.893, 62
Trd, 4318557.993, 62
Trd, 4318558.943, 80
Trd, 4318559.943, 60
Trd, 4318560.193, 64
Trd, 4318560.343, 66
Trd, 4318561.793, 60
Trd, 4318563.793, 60
Trd, 4318564.143, 60
Trd, 4318565.893, 60
Trd, 4318565.993, 61
Trd, 4318566.543, 62
Trd, 4318566.893, 62
Trd, 4318567.993, 61
Trd, 4318568.443, 61
Trd, 4318568.743, 65
Trd, 4318569.193, 68
Trd, 4318569.893, 61
Trd, 4318570.193, 62
Trd, 4318570.943, 70
Trd, 4318571.593, 62
Trd, 4318571.643, 63
Trd, 4318572.043, 62
Trd, 4318573.043, 65
Trd, 4318573.193, 65
Trd, 4318574.093, 60
Trd, 4318574.343, 62
Trd, 4318574.743, 60
Trd, 4318575.293, 60
Trd, 4318575.643, 62
Trd, 4318577.593, 140
Trd, 4318577.843, 137
Trd, 4318578.293, 130
Trd, 4318578.343, 72
Trd, 4318578.493, 60
Trd, 4318579.143, 66
Trd, 4318579.793, 60
Trd, 4318580.143, 67
Trd, 4318581.043, 61
Trd, 4318581.193, 66
Trd, 4318582.343, 91
Trd, 4318582.593, 90
Trd, 4318582.843, 140
Trd, 4318583.043, 89
Trd, 4318583.643, 66
Trd, 4318585.743, 60
Trd, 4318586.693, 60
Trd, 4318587.293, 61
Trd, 4318587.643, 60
Trd, 4318587.893, 61
Trd, 4318588.193, 73
Trd, 4318589.143, 60
Trd, 4318589.243, 60
Trd, 4318591.343, 60
Trd, 4318591.643, 60
Trd, 4318592.243, 61
Trd, 4318592.793, 69
Trd, 4318593.943, 60
Trd, 4318594.093, 61
Trd, 4318594.443, 63
Trd, 4318594.793, 62
Trd, 4318596.043, 66
Trd, 4318596.443, 64
Trd, 4318597.393, 71
Trd, 4318597.693, 62
Trd, 4318598.443, 64
Trd, 4318599.993, 108
Trd, 4318600.443, 103
Trd, 4318601.193, 140
Trd, 4318601.293, 140
Trd, 4318602.093, 62
Trd, 4318602.293, 63
Trd, 4318603.243, 61
Trd, 4318603.743, 140
Trd, 4318604.943, 139
Trd, 4318605.443, 139
Trd, 4318606.193, 135
Trd, 4318606.343, 134
Trd, 4318606.643, 91
Trd, 4318607.443, 140
Trd, 4318607.793, 63
Trd, 4318608.543, 116
Trd, 4318609.043, 109
Trd, 4318609.693, 69
Trd, 4318611.243, 60
Trd, 4318611.293, 61
Trd, 4318612.243, 68
Trd, 4318612.443, 78
Trd, 4318613.243, 66
Trd, 4318614.293, 61
Trd, 4318615.193, 84
Trd, 4318616.493, 87
Trd, 4318616.643, 87
Trd, 4318617.543, 60
Trd, 4318617.793, 60
Trd, 4318618.093, 62
Trd, 4318618.143, 72
Trd, 4318619.193, 60
Trd, 4318619.843, 60
Trd, 4318620.543, 60
Trd, 4318620.593, 60
Trd, 4318621.293, 63
Trd, 4318623.243, 60
Trd, 4318623.543, 60
Trd, 4318624.593, 60
Trd, 4318625.343, 61
Trd, 4318625.443, 64
Trd, 4318626.393, 67
Trd, 4318627.643, 64
Trd, 4318627.843, 61
Trd, 4318628.893, 61
Trd, 4318629.393, 60
Trd, 4318629.643, 62
Trd, 4318631.093, 101
Trd, 4318631.743, 140
Trd, 4318632.343, 69
Trd, 4318633.893, 139
Trd, 4318633.943, 121
Trd, 4318634.243, 70
Trd, 4318635.093, 62
Trd, 4318635.193, 63
Trd, 4318635.343, 61
Trd, 4318635.393, 68
Trd, 4318637.443, 64
Trd, 4318638.343, 60
Trd, 4318638.643, 63
Trd, 4318638.843, 63
Trd, 4318639.443, 62
Trd, 4318640.293, 61
Trd, 4318640.493, 62
Trd, 4318640.843, 62
Trd, 4318642.093, 71
Trd, 4318643.693, 66
Trd, 4318643.743, 68
Trd, 4318644.443, 140
Trd, 4318644.543, 139
Trd, 4318645.093, 127
Trd, 4318645.693, 129
Trd, 4318646.443, 140
Trd, 4318647.493, 140
Trd, 4318647.743, 121
Trd, 4318647.843, 101
Trd, 4318648.143, 140
Trd, 4318648.843, 79
Trd, 4318649.643, 79
Trd, 4318649.893, 79
Trd, 4318650.493, 133
Trd, 4318651.393, 140
Trd, 4318651.493, 137
Trd, 4318652.243, 111
Trd, 4318652.643, 74
Trd, 4318654.243, 60
Trd, 4318654.643, 60
Trd, 4318655.293, 63
Trd, 4318655.743, 60
Trd, 4318656.993, 60
Trd, 4318657.243, 63
Trd, 4318657.693, 63
Trd, 4318658.893, 62
Trd, 4318660.543, 60
Trd, 4318660.793, 60
Trd, 4318661.043, 61
Trd, 4318661.393, 60
Trd, 4318661.593, 62
Trd, 4318662.793, 61
Trd, 4318663.043, 63
Trd, 4318663.593, 68
Trd, 4318665.793, 60
Trd, 4318666.243, 60
Trd, 4318666.993, 61
Trd, 4318667.493, 66
Trd, 4318667.943, 63
Trd, 4318668.043, 66
Trd, 4318668.343, 139
Trd, 4318669.243, 67
Trd, 4318669.343, 65
Trd, 4318670.693, 68
Trd, 4318670.993, 63
Trd, 4318671.193, 63
Trd, 4318671.843, 74
Trd, 4318672.993, 138
Trd, 4318673.093, 81
Trd, 4318673.793, 140
Trd, 4318674.193, 103
Trd, 4318674.543, 88
Trd, 4318674.593, 86
Trd, 4318675.693, 140
Trd, 4318677.493, 139
Trd, 4318678.193, 138
Trd, 4318678.243, 129
Trd, 4318679.093, 120
Trd, 4318680.043, 139
Trd, 4318680.443, 134
Trd, 4318680.793, 125
Trd, 4318680.843, 110
Trd, 4318681.693, 122
Trd, 4318682.193, 124
Trd, 4318682.543, 125
Trd, 4318682.993, 138
Trd, 4318683.893, 127
Trd, 4318684.893, 139
Trd, 4318685.593, 139
Trd, 4318686.093, 138
Trd, 4318686.793, 130
Trd, 4318687.543, 134
Trd, 4318687.743, 127
Trd, 4318688.243, 125
Trd, 4318689.643, 140
Trd, 4318689.793, 140
Trd, 4318690.993, 133
Trd, 4318691.293, 129
Trd, 4318691.493, 117
Trd, 4318691.543, 122
Trd, 4318692.593, 72
Trd, 4318693.043, 140
Trd, 4318693.343, 138
Trd, 4318694.243, 104
Trd, 4318695.043, 140
Trd, 4318695.593, 104
Trd, 4318696.593, 119
Trd, 4318697.193, 136
Trd, 4318697.493, 103
Trd, 4318697.793, 102
Trd, 4318699.093, 140
Trd, 4318699.943, 140
Trd, 4318700.093, 140
Trd, 4318700.143, 137
Trd, 4318700.993, 139
Trd, 4318701.293, 84
Trd, 4318702.043, 139
Trd, 4318702.093, 64
Trd, 4318702.643, 106
Trd, 4318704.493, 63
Trd, 4318705.443, 63
Trd, 4318705.543, 62
Trd, 4318706.193, 63
Trd, 4318706.893, 60
Trd, 4318707.193, 60
Trd, 4318707.393, 60
Trd, 4318708.393, 60
Trd, 4318708.493, 60
Trd, 4318709.493, 71
Trd, 4318709.843, 62
Trd, 4318710.343, 140
Trd, 4318710.743, 95
Trd, 4318710.843, 95
Trd, 4318711.643, 140
Trd, 4318711.993, 137
Trd, 4318713.943, 134
Trd, 4318714.393, 140
Trd, 4318714.793, 140
Trd, 4318715.093, 114
Trd, 4318715.493, 62
Trd, 4318715.643, 61
Trd, 4318716.193, 63
Trd, 4318717.193, 60
Trd, 4318717.493, 68
Trd, 4318718.193, 63
Trd, 4318718.693, 81
Trd, 4318719.093, 69
Trd, 4318720.443, 140
Trd, 4318720.793, 140
Trd, 4318721.593, 112
Trd, 4318722.343, 140
Trd, 4318722.443, 137
Trd, 4318723.443, 61
Trd, 4318723.793, 61
Trd, 4318724.643, 62
Trd, 4318726.143, 60
Trd, 4318726.493, 60
Trd, 4318727.193, 61
Trd, 4318728.743, 61
Trd, 4318729.193, 62
Trd, 4318729.493, 60
Trd, 4318730.193, 60
Trd, 4318730.293, 63
Trd, 4318731.493, 61
Trd, 4318732.393, 61
Trd, 4318732.443, 61
Trd, 4318732.593, 65
Trd, 4318734.143, 140
Trd, 4318734.443, 140
Trd, 4318735.493, 135
Trd, 4318735.543, 107
Trd, 4318736.193, 140
Trd, 4318737.543, 140
Trd, 4318737.743, 140
Trd, 4318737.943, 137
Trd, 4318738.393, 98
Trd, 4318738.993, 138
Trd, 4318739.743, 103
Trd, 4318740.593, 139
Trd, 4318740.843, 114
Trd, 4318741.193, 140
Trd, 4318741.943, 72
Trd, 4318742.343, 65
Trd, 4318742.943, 138
Trd, 4318743.343, 134
Trd, 4318744.343, 61
Trd, 4318745.043, 139
Trd, 4318745.743, 71
Trd, 4318746.593, 70
Trd, 4318746.693, 75
Trd, 4318747.643, 139
Trd, 4318748.643, 140
Trd, 4318748.693, 112
Trd, 4318750.193, 140
Trd, 4318750.443, 91
Trd, 4318750.993, 140
Trd, 4318751.643, 80
Trd, 4318751.843, 109
Trd, 4318751.893, 80
Trd, 4318752.543, 95
Trd, 4318753.043, 99
Trd, 4318754.943, 61
Trd, 4318756.193, 61
Trd, 4318756.993, 62
Trd, 4318757.293, 60
Trd, 4318757.693, 60
Trd, 4318757.993, 67
Trd, 4318758.343, 77
Trd, 4318759.093, 139
Trd, 4318759.343, 137
Trd, 4318759.643, 124
Trd, 4318759.943, 96
Trd, 4318762.093, 60
Trd, 4318762.493, 62
Trd, 4318763.593, 61
Trd, 4318763.843, 62
Trd, 4318764.193, 61
Trd, 4318764.493, 60
Trd, 4318764.643, 72
Trd, 4318764.993, 140
Trd, 4318765.343, 116
Trd, 4318766.493, 128
Trd, 4318768.393, 139
Trd, 4318768.443, 137
Trd, 4318768.893, 139
Trd, 4318769.643, 140
Trd, 4318771.843, 140
Trd, 4318772.943, 140
Trd, 4318774.743, 139
Trd, 4318774.893, 137
Trd, 4318775.493, 129
Trd, 4318775.743, 101
Trd, 4318775.793, 82
Trd, 4318777.043, 140
Trd, 4318777.193, 140
Trd, 4318777.643, 123
Trd, 4318779.543, 139
Trd, 4318780.693, 140
Trd, 4318781.193, 112
Trd, 4318781.593, 132
Trd, 4318781.793, 89
Trd, 4318781.893, 88
Trd, 4318783.393, 140
Trd, 4318783.693, 104
Trd, 4318784.893, 100
Trd, 4318785.493, 83
Trd, 4318785.943, 140
Trd, 4318785.993, 82
Trd, 4318786.243, 77
Trd, 4318786.593, 102
Trd, 4318786.643, 76
Trd, 4318788.693, 140
Trd, 4318788.893, 62
Trd, 4318789.143, 67
Trd, 4318789.943, 135
Trd, 4318790.643, 65
Trd, 4318791.893, 60
Trd, 4318792.143, 63
Trd, 4318792.843, 66
Trd, 4318793.043, 68
Trd, 4318793.343, 79
Trd, 4318794.193, 61
Trd, 4318794.343, 66
Trd, 4318795.693, 60
Trd, 4318796.293, 61
Trd, 4318796.593, 65
Trd, 4318797.293, 69
Trd, 4318797.743, 63
Trd, 4318798.693, 61
Trd, 4318799.843, 61
Trd, 4318800.243, 66
Trd, 4318802.393, 60
Trd, 4318802.593, 63
Trd, 4318802.843, 63
Trd, 4318803.293, 66
Trd, 4318804.893, 60
Trd, 4318805.993, 60
Trd, 4318806.293, 60
Trd, 4318807.443, 61
Trd, 4318807.643, 61
Trd, 4318807.743, 62
Trd, 4318807.893, 60
Trd, 4318808.843, 62
Trd, 4318809.743, 60
Trd, 4318809.993, 60
Trd, 4318810.443, 61
Trd, 4318811.843, 61
Trd, 4318812.143, 61
Trd, 4318812.893, 60
Trd, 4318813.193, 61
Trd, 4318813.993, 61
Trd, 4318814.793, 61
Trd, 4318815.293, 135
Trd, 4318816.693, 121
Trd, 4318817.193, 104
Trd, 4318817.293, 102
Trd, 4318817.843, 64
Trd, 4318818.493, 67
Trd, 4318818.743, 61
Trd, 4318819.093, 61
Trd, 4318820.143, 139
Trd, 4318821.393, 140
Trd, 4318821.743, 139
Trd, 4318822.443, 134
Trd, 4318823.293, 131
Trd, 4318823.393, 105
Trd, 4318823.643, 85
Trd, 4318824.293, 69
Trd, 4318825.693, 60
Trd, 4318825.793, 61
Trd, 4318826.193, 64
Trd, 4318827.443, 139
Trd, 4318827.543, 133
Trd, 4318828.393, 64
Trd, 4318828.943, 65
Trd, 4318830.143, 67
Trd, 4318830.443, 135
Trd, 4318830.643, 101
Trd, 4318831.393, 139
Trd, 4318831.443, 101
Trd, 4318833.093, 63
Trd, 4318834.393, 61
Trd, 4318834.843, 62
Trd, 4318836.343, 64
Trd, 4318837.293, 60
Trd, 4318837.343, 61
Trd, 4318838.493, 60
Trd, 4318840.543, 63
Trd, 4318840.593, 63
Trd, 4318840.743, 63
Trd, 4318841.793, 60
Trd, 4318842.093, 62
Trd, 4318842.143, 63
Trd, 4318842.293, 64
Trd, 4318843.043, 93
Trd, 4318843.843, 104
Trd, 4318844.693, 101
Trd, 4318845.543, 140
Trd, 4318847.193, 140
Trd, 4318847.293, 138
Trd, 4318847.343, 137
Trd, 4318848.093, 127
Trd, 4318848.393, 139
Trd, 4318849.893, 136
Trd, 4318851.493, 139
Trd, 4318851.543, 135
Trd, 4318851.943, 134
Trd, 4318852.293, 120
Trd, 4318852.443, 117
Trd, 4318852.493, 74
Trd, 4318854.843, 60
Trd, 4318855.643, 62
Trd, 4318856.793, 62
Trd, 4318856.943, 67
Trd, 4318857.093, 60
Trd, 4318857.343, 60
Trd, 4318858.793, 64
Trd, 4318858.943, 66
Trd, 4318859.093, 62
Trd, 4318859.443, 60
Trd, 4318859.543, 62
Trd, 4318860.793, 60
Trd, 4318860.943, 61
Trd, 4318862.593, 60
Trd, 4318862.993, 62
Trd, 4318863.793, 61
Trd, 4318865.443, 64
Trd, 4318865.843, 60
Trd, 4318865.943, 65
Trd, 4318867.843, 60
Trd, 4318868.443, 64
Trd, 4318868.593, 64
Trd, 4318869.093, 60
Trd, 4318869.543, 63
Trd, 4318869.793, 60
Trd, 4318870.293, 70
Trd, 4318871.893, 60
Trd, 4318873.043, 64
Trd, 4318873.593, 70
Trd, 4318873.943, 63
Trd, 4318874.293, 140
Trd, 4318874.643, 62
Trd, 4318874.993, 62
Trd, 4318875.293, 139
Trd, 4318876.043, 122
Trd, 4318877.643, 139
Trd, 4318878.543, 125
Trd, 4318878.843, 128
Trd, 4318879.043, 126
Trd, 4318879.543, 104
Trd, 4318879.843, 83
Trd, 4318880.193, 140
Trd, 4318880.943, 64
Trd, 4318881.843, 61
Trd, 4318882.293, 66
Trd, 4318884.143, 61
Trd, 4318884.843, 64
Trd, 4318885.643, 66
Trd, 4318885.693, 74
Trd, 4318886.043, 86
Trd, 4318886.493, 64
Trd, 4318887.493, 123
Trd, 4318889.043, 140
Trd, 4318889.443, 140
Trd, 4318890.143, 139
Trd, 4318890.193, 110
Trd, 4318890.443, 105
Trd, 4318891.443, 60
Trd, 4318892.493, 60
Trd, 4318893.293, 62
Trd, 4318893.493, 63
Trd, 4318894.043, 63
Trd, 4318894.893, 60
Trd, 4318895.043, 61
Trd, 4318895.443, 95
Trd, 4318895.643, 94
Trd, 4318895.743, 84
Trd, 4318896.243, 137
Trd, 4318896.943, 64
Trd, 4318897.643, 60
Trd, 4318898.043, 60
Trd, 4318898.693, 63
Trd, 4318899.743, 61
Trd, 4318901.443, 60
Trd, 4318903.443, 60
Trd, 4318904.043, 60
Trd, 4318904.643, 60
Trd, 4318904.693, 60
Trd, 4318904.893, 60
Trd, 4318905.143, 60
Trd, 4318905.243, 63
Trd, 4318905.693, 61
Trd, 4318906.893, 60
Trd, 4318907.193, 60
Trd, 4318907.993, 60
Trd, 4318909.043, 61
Trd, 4318910.093, 62
Trd, 4318911.143, 60
Trd, 4318911.293, 62
Trd, 4318911.793, 67
Trd, 4318913.043, 62
Trd, 4318913.943, 60
Trd, 4318914.443, 61
Trd, 4318916.393, 60
Trd, 4318916.593, 60
Trd, 4318916.843, 61
Trd, 4318917.893, 85
Trd, 4318917.943, 69
Trd, 4318918.043, 64
Trd, 4318920.543, 60
Trd, 4318920.743, 61
Trd, 4318921.043, 64
Trd, 4318922.443, 60
Trd, 4318922.993, 61
Trd, 4318923.443, 63
Trd, 4318924.743, 61
Trd, 4318925.543, 60
Trd, 4318925.593, 62
Trd, 4318926.443, 60
Trd, 4318926.493, 63
Trd, 4318926.593, 61
Trd, 4318927.693, 60
Trd, 4318928.243, 62
Trd, 4318929.943, 140
Trd, 4318930.493, 139
Trd, 4318931.393, 91
Trd, 4318932.493, 63
Trd, 4318932.643, 66
Trd, 4318933.643, 64
Trd, 4318933.793, 62
Trd, 4318933.893, 65
Trd, 4318935.143, 138
Trd, 4318936.093, 140
Trd, 4318936.143, 136
Trd, 4318936.293, 104
Trd, 4318938.043, 60
Trd, 4318938.543, 60
Trd, 4318939.193, 60
Trd, 4318939.593, 61
Trd, 4318940.343, 140
Trd, 4318940.693, 78
Trd, 4318941.293, 109
Trd, 4318941.493, 81
Trd, 4318942.243, 65
Trd, 4318943.443, 61
Trd, 4318944.543, 67
Trd, 4318945.293, 60
Trd, 4318946.493, 61
Trd, 4318946.593, 61
Trd, 4318946.743, 62
Trd, 4318947.093, 64
Trd, 4318947.443, 60
Trd, 4318948.393, 61
Trd, 4318948.493, 63
Trd, 4318948.643, 140
Trd, 4318950.143, 60
Trd, 4318951.643, 60
Trd, 4318953.793, 61
Trd, 4318954.343, 63
Trd, 4318954.693, 60
Trd, 4318955.443, 62
Trd, 4318955.493, 64
Trd, 4318955.993, 60
Trd, 4318956.493, 64
Trd, 4318956.693, 67
Trd, 4318957.043, 62
Trd, 4318958.093, 64
Trd, 4318958.293, 137
Trd, 4318959.193, 60
Trd, 4318959.493, 61
Trd, 4318959.743, 67
Trd, 4318961.493, 139
Trd, 4318961.543, 139
Trd, 4318962.543, 140
Trd, 4318962.843, 137
Trd, 4318963.043, 124
Trd, 4318963.293, 74
Trd, 4318964.893, 60
Trd, 4318965.393, 71
Trd, 4318965.893, 69
Trd, 4318966.593, 62
Trd, 4318968.593, 64
Trd, 4318968.793, 68
Trd, 4318969.093, 140
Trd, 4318970.043, 62
Trd, 4318971.243, 60
Trd, 4318971.343, 60
Trd, 4318972.343, 62
Trd, 4318972.393, 68
Trd, 4318973.043, 68
Trd, 4318974.143, 61
Trd, 4318974.343, 61
Trd, 4318974.793, 62
Trd, 4318974.943, 64
Trd, 4318976.043, 64
Trd, 4318976.443, 63
Trd, 4318977.843, 139
Trd, 4318978.393, 124
Trd, 4318978.543, 122
Trd, 4318979.293, 121
Trd, 4318980.243, 65
Trd, 4318980.343, 66
Trd, 4318981.343, 66
Trd, 4318981.943, 61
Trd, 4318983.593, 60
Trd, 4318984.293, 62
Trd, 4318984.393, 63
Trd, 4318985.643, 60
Trd, 4318985.843, 61
Trd, 4318986.693, 61
Trd, 4318986.943, 61
Trd, 4318987.443, 61
Trd, 4318987.893, 140
Trd, 4318989.293, 140
Trd, 4318990.193, 140
Trd, 4318990.743, 140
Trd, 4318990.843, 137
Trd, 4318991.193, 118
Trd, 4318991.743, 103
Trd, 4318992.243, 95
Trd, 4318992.293, 92
Trd, 4318993.343, 109
Trd, 4318993.593, 108
Trd, 4318993.843, 108
Trd, 4318994.993, 140
Trd, 4318997.243, 140
Trd, 4318998.243, 140
Trd, 4318998.593, 140
Trd, 4318998.993, 139
Trd, 4318999.393, 87
Trd, 4318999.943, 73
Trd, 4318999.993, 69
Trd, 4319000.143, 85
Trd, 4319001.093, 60
Trd, 4319001.793, 60
Trd, 4319003.543, 60
Trd, 4319004.393, 60
Trd, 4319004.743, 60
Trd, 4319005.843, 60
Trd, 4319005.893, 61
Trd, 4319005.993, 60
Trd, 4319006.793, 61
Trd, 4319007.093, 61
Trd, 4319007.893, 67
Trd, 4319009.093, 61
Trd, 4319009.543, 62
Trd, 4319010.493, 95
Trd, 4319010.943, 94
Trd, 4319011.093, 106
Trd, 4319011.143, 81
Trd, 4319012.493, 60
Trd, 4319012.843, 64
Trd, 4319013.543, 65
Trd, 4319013.793, 63
Trd, 4319014.543, 64
Trd, 4319016.293, 61
Trd, 4319018.543, 60
Trd, 4319018.593, 62
Trd, 4319018.643, 67
Trd, 4319019.243, 67
Trd, 4319019.643, 60
Trd, 4319019.693, 66
Trd, 4319019.843, 68
Trd, 4319021.143, 69
Trd, 4319021.443, 140
Trd, 4319021.643, 104
Trd, 4319022.093, 139
Trd, 4319022.643, 78
Trd, 4319023.243, 60
Trd, 4319024.193, 62
Trd, 4319025.643, 61
Trd, 4319026.343, 62
Trd, 4319026.443, 64
Trd, 4319026.493, 62
Trd, 4319026.543, 61
Trd, 4319026.943, 65
Trd, 4319027.193, 122
Trd, 4319028.293, 91
Trd, 4319028.343, 87
Trd, 4319029.593, 105
Trd, 4319030.343, 104
Trd, 4319031.243, 107
Trd, 4319031.743, 140
Trd, 4319031.893, 135
Trd, 4319032.243, 61
Trd, 4319032.793, 140
Trd, 4319032.993, 139
Trd, 4319034.093, 137
Trd, 4319035.243, 128
Trd, 4319035.443, 109
Trd, 4319036.193, 140
Trd, 4319036.343, 83
Trd, 4319037.893, 138
Trd, 4319038.593, 140
Trd, 4319038.743, 101
Trd, 4319039.193, 84
Trd, 4319040.443, 140
Trd, 4319040.493, 137
Trd, 4319041.193, 139
Trd, 4319041.793, 121
Trd, 4319042.793, 140
Trd, 4319043.543, 139
Trd, 4319044.043, 105
Trd, 4319044.443, 96
Trd, 4319044.693, 87
Trd, 4319045.643, 139
Trd, 4319045.793, 137
Trd, 4319047.193, 138
Trd, 4319047.243, 138
Trd, 4319047.493, 88
Trd, 4319047.893, 77
Trd, 4319048.643, 63
Trd, 4319049.593, 96
Trd, 4319049.943, 76
Trd, 4319051.143, 140
Trd, 4319051.643, 74
Trd, 4319052.593, 64
Trd, 4319053.293, 67
Trd, 4319053.493, 77
Trd, 4319054.243, 103
Trd, 4319054.493, 73
Trd, 4319055.193, 74
Trd, 4319055.543, 62
Trd, 4319055.893, 139
Trd, 4319057.593, 140
Trd, 4319058.193, 137
Trd, 4319058.243, 139
Trd, 4319060.043, 136
Trd, 4319060.343, 140
Trd, 4319061.593, 132
Trd, 4319062.293, 140
Trd, 4319062.443, 130
Trd, 4319062.843, 110
Trd, 4319063.393, 122
Trd, 4319063.593, 86
Trd, 4319066.093, 115
Trd, 4319066.643, 140
Trd, 4319066.693, 139
Trd, 4319067.093, 133
Trd, 4319067.393, 79
Trd, 4319068.343, 61
Trd, 4319069.693, 99
Trd, 4319069.893, 89
Trd, 4319069.993, 74
Trd, 4319070.493, 140
Trd, 4319070.743, 138
Trd, 4319071.093, 140
Trd, 4319072.043, 137
Trd, 4319073.743, 140
Trd, 4319074.293, 138
Trd, 4319074.343, 68
Trd, 4319076.293, 61
Trd, 4319076.793, 61
Trd, 4319077.193, 63
Trd, 4319077.493, 69
Trd, 4319077.693, 120
Trd, 4319078.393, 62
Trd, 4319078.643, 73
Trd, 4319078.743, 62
Trd, 4319079.093, 61
Trd, 4319080.093, 140
Trd, 4319080.443, 139
Trd, 4319080.643, 138
Trd, 4319082.043, 100
Trd, 4319083.493, 129
Trd, 4319084.543, 102
Trd, 4319084.793, 82
Trd, 4319085.143, 138
Trd, 4319086.343, 139
Trd, 4319086.443, 107
Trd, 4319087.543, 120
Trd, 4319088.743, 115
Trd, 4319090.143, 139
Trd, 4319090.743, 139
Trd, 4319091.293, 140
Trd, 4319091.443, 140
Trd, 4319091.743, 138
Trd, 4319092.293, 76
Trd, 4319093.593, 119
Trd, 4319093.943, 116
Trd, 4319094.343, 61
Trd, 4319095.993, 62
Trd, 4319097.543, 60
Trd, 4319098.793, 60
Trd, 4319099.043, 60
Trd, 4319099.693, 60
Trd, 4319099.743, 60
Trd, 4319099.893, 61
Trd, 4319100.493, 63
Trd, 4319100.643, 68
Trd, 4319101.093, 62
Trd, 4319102.043, 60
Trd, 4319102.543, 64
Trd, 4319102.843, 60
Trd, 4319102.893, 62
Trd, 4319103.593, 61
Trd, 4319105.093, 60
Trd, 4319105.493, 61
Trd, 4319106.443, 60
Trd, 4319107.943, 60
Trd, 4319108.793, 60
Trd, 4319109.593, 64
Trd, 4319110.043, 61
Trd, 4319110.243, 63
Trd, 4319110.893, 75
Trd, 4319112.193, 60
Trd, 4319112.493, 60
Trd, 4319112.793, 63
Trd, 4319113.143, 61
Trd, 4319113.393, 64
Trd, 4319114.393, 65
Trd, 4319115.193, 60
Trd, 4319115.393, 61
Trd, 4319115.643, 134
Trd, 4319117.993, 60
Trd, 4319118.343, 60
Trd, 4319118.393, 66
Trd, 4319119.593, 63
Trd, 4319120.543, 61
Trd, 4319121.193, 62
Trd, 4319121.443, 60
Trd, 4319121.893, 61
Trd, 4319122.593, 64
Trd, 4319122.993, 62
Trd, 4319125.193, 140
Trd, 4319125.243, 139
Trd, 4319125.993, 124
Trd, 4319126.343, 80
Trd, 4319127.143, 138
Trd, 4319127.193, 136
Trd, 4319127.243, 136
Trd, 4319127.943, 139
Trd, 4319128.743, 118
Trd, 4319129.943, 79
Trd, 4319132.393, 140
Trd, 4319132.593, 139
Trd, 4319132.693, 113
Trd, 4319132.993, 94
Trd, 4319133.043, 78
Trd, 4319133.693, 62
Trd, 4319135.143, 136
Trd, 4319135.593, 121
Trd, 4319136.093, 113
Trd, 4319136.843, 66
Trd, 4319138.043, 140
Trd, 4319138.443, 138
Trd, 4319139.393, 137
Trd, 4319140.193, 130
Trd, 4319140.943, 110
Trd, 4319140.993, 94
Trd, 4319141.193, 139
Trd, 4319141.543, 139
Trd, 4319142.343, 97
Trd, 4319143.043, 62
Trd, 4319143.143, 63
Trd, 4319144.743, 111
Trd, 4319145.743, 140
Trd, 4319146.943, 136
Trd, 4319146.993, 104
Trd, 4319147.193, 93
Trd, 4319147.393, 84
Trd, 4319148.043, 63
Trd, 4319148.843, 60
Trd, 4319150.593, 66
Trd, 4319150.793, 62
Trd, 4319151.143, 60
Trd, 4319151.543, 125
Trd, 4319153.193, 60
Trd, 4319153.643, 61
Trd, 4319153.793, 60
Trd, 4319154.343, 63
Trd, 4319154.643, 64
Trd, 4319154.743, 63
Trd, 4319157.243, 61
Trd, 4319157.793, 63
Trd, 4319157.943, 65
Trd, 4319158.943, 60
Trd, 4319159.293, 63
Trd, 4319159.843, 61
Trd, 4319161.093, 62
Trd, 4319161.393, 61
Trd, 4319164.043, 60
Trd, 4319164.593, 60
Trd, 4319165.343, 64
Trd, 4319166.393, 60
Trd, 4319166.493, 60
Trd, 4319166.693, 61
Trd, 4319167.693, 60
Trd, 4319168.043, 60
Trd, 4319168.493, 60
Trd, 4319168.543, 60
Trd, 4319169.843, 61
Trd, 4319170.543, 65
Trd, 4319170.793, 138
Trd, 4319171.293, 63
Trd, 4319171.393, 60
Trd, 4319171.543, 65
Trd, 4319172.243, 139
Trd, 4319172.443, 137
Trd, 4319173.143, 137
Trd, 4319174.993, 68
Trd, 4319175.693, 67
Trd, 4319176.643, 60
Trd, 4319177.043, 60
Trd, 4319178.243, 62
Trd, 4319178.743, 103
Trd, 4319178.993, 67
Trd, 4319179.393, 137
Trd, 4319179.643, 140
Trd, 4319180.093, 89
Trd, 4319181.393, 78
Trd, 4319181.943, 64
Trd, 4319182.493, 60
Trd, 4319183.293, 139
Trd, 4319183.493, 65
Trd, 4319183.843, 140
Trd, 4319185.043, 140
Trd, 4319185.493, 136
Trd, 4319186.143, 132
Trd, 4319187.593, 139
Trd, 4319188.143, 138
Trd, 4319188.693, 87
Trd, 4319189.443, 108
Trd, 4319189.493, 86
Trd, 4319189.993, 60
Trd, 4319190.193, 63
Trd, 4319190.843, 60
Trd, 4319191.143, 60
Trd, 4319192.443, 60
Trd, 4319194.743, 62
Trd, 4319194.793, 62
Trd, 4319196.043, 60
Trd, 4319196.443, 60
Trd, 4319196.493, 61
Trd, 4319197.593, 61
Trd, 4319198.293, 62
Trd, 4319199.243, 61
Trd, 4319199.893, 61
Trd, 4319199.993, 62
Trd, 4319200.093, 63
Trd, 4319200.843, 137
Trd, 4319201.393, 61
Trd, 4319201.643, 62
Trd, 4319202.243, 133
Trd, 4319203.893, 65
Trd, 4319204.493, 122
Trd, 4319205.393, 61
Trd, 4319206.093, 61
Trd, 4319206.293, 62
Trd, 4319206.543, 64
Trd, 4319206.743, 69
Trd, 4319207.743, 95
Trd, 4319208.793, 60
Trd, 4319209.493, 60
Trd, 4319209.543, 61
Trd, 4319210.793, 61
Trd, 4319211.043, 62
Trd, 4319211.643, 66
Trd, 4319212.243, 61
Trd, 4319214.943, 60
Trd, 4319215.143, 60
Trd, 4319216.243, 60
Trd, 4319216.443, 60
Trd, 4319217.243, 60
Trd, 4319217.293, 62
Trd, 4319218.143, 64
Trd, 4319219.143, 60
Trd, 4319219.193, 63
Trd, 4319219.393, 60
Trd, 4319220.643, 60
Trd, 4319221.543, 60
Trd, 4319221.793, 62
Trd, 4319222.343, 67
Trd, 4319222.793, 64
Trd, 4319223.093, 60
Trd, 4319224.093, 60
Trd, 4319224.593, 61
Trd, 4319225.243, 64
Trd, 4319226.693, 64
Trd, 4319226.943, 68
Trd, 4319227.243, 68
Trd, 4319228.393, 93
Trd, 4319228.993, 105
Trd, 4319229.243, 140
Trd, 4319229.543, 60
Trd, 4319230.443, 60
Trd, 4319230.993, 139
Trd, 4319232.193, 61
Trd, 4319232.243, 62
Trd, 4319233.593, 60
Trd, 4319233.893, 61
Trd, 4319234.193, 61
Trd, 4319234.243, 61
Trd, 4319235.093, 64
Trd, 4319236.343, 60
Trd, 4319236.693, 61
Trd, 4319237.093, 61
Trd, 4319237.943, 108
Trd, 4319238.343, 68
Trd, 4319238.793, 62
Trd, 4319239.343, 61
Trd, 4319239.693, 71
Trd, 4319240.943, 60
Trd, 4319241.043, 63
Trd, 4319242.193, 75
Trd, 4319242.543, 140
Trd, 4319242.843, 60
Trd, 4319244.593, 60
Trd, 4319244.843, 61
Trd, 4319245.343, 62
Trd, 4319245.993, 62
Trd, 4319246.043, 63
Trd, 4319246.193, 61
Trd, 4319246.893, 60
Trd, 4319249.943, 60
Trd, 4319250.093, 60
Trd, 4319250.543, 62
Trd, 4319250.693, 64
Trd, 4319250.793, 63
Trd, 4319251.393, 60
Trd, 4319251.693, 61
Trd, 4319252.693, 64
Trd, 4319253.043, 64
Trd, 4319253.343, 67
Trd, 4319253.793, 135
Trd, 4319254.693, 62
Trd, 4319255.243, 63
Trd, 4319256.743, 60
Trd, 4319256.843, 60
Trd, 4319257.043, 62
Trd, 4319257.243, 62
Trd, 4319258.043, 63
Trd, 4319258.743, 62
Trd, 4319259.043, 140
Trd, 4319260.743, 60
Trd, 4319260.793, 60
Trd, 4319261.893, 64
Trd, 4319263.043, 60
Trd, 4319263.193, 60
Trd, 4319263.243, 60
Trd, 4319265.693, 60
Trd, 4319265.793, 61
Trd, 4319266.043, 61
Trd, 4319266.493, 67
Trd, 4319267.093, 62
Trd, 4319268.193, 140
Trd, 4319268.293, 111
Trd, 4319268.743, 101
Trd, 4319269.043, 74
Trd, 4319270.193, 140
Trd, 4319270.393, 137
Trd, 4319270.443, 136
Trd, 4319271.343, 92
Trd, 4319271.943, 61
Trd, 4319273.243, 140
Trd, 4319273.893, 74
Trd, 4319274.343, 65
Trd, 4319274.943, 61
Trd, 4319275.493, 60
Trd, 4319277.143, 60
Trd, 4319278.393, 60
Trd, 4319279.093, 60
Trd, 4319279.393, 60
Trd, 4319279.543, 61
Trd, 4319279.743, 61
Trd, 4319280.643, 61
Trd, 4319281.193, 61
Trd, 4319281.343, 61
Trd, 4319282.443, 60
Trd, 4319282.593, 60
Trd, 4319283.393, 61
Trd, 4319283.893, 60
Trd, 4319284.343, 63
Trd, 4319284.443, 64
Trd, 4319285.893, 140
Trd, 4319286.143, 140
Trd, 4319286.643, 139
Trd, 4319287.443, 140
Trd, 4319287.743, 139
Trd, 4319288.243, 140
Trd, 4319288.943, 139
Trd, 4319289.043, 137
Trd, 4319290.693, 140
Trd, 4319290.743, 139
Trd, 4319291.993, 123
Trd, 4319292.343, 117
Trd, 4319292.493, 132
Trd, 4319293.043, 106
Trd, 4319293.743, 127
Trd, 4319293.793, 125
Trd, 4319294.193, 76
Trd, 4319295.343, 140
Trd, 4319295.543, 138
Trd, 4319296.693, 63
Trd, 4319297.493, 136
Trd, 4319297.793, 108
Trd, 4319298.843, 140
Trd, 4319300.143, 134
Trd, 4319300.693, 138
Trd, 4319301.593, 140
Trd, 4319301.643, 125
Trd, 4319302.743, 122
Trd, 4319303.093, 83
Trd, 4319303.193, 80
Trd, 4319303.643, 103
Trd, 4319304.893, 61
Trd, 4319305.143, 61
Trd, 4319305.293, 67
Trd, 4319305.993, 64
Trd, 4319306.643, 62
Trd, 4319306.943, 67
Trd, 4319308.543, 60
Trd, 4319308.893, 61
Trd, 4319310.043, 60
Trd, 4319311.243, 61
Trd, 4319311.593, 61
Trd, 4319312.093, 61
Trd, 4319312.143, 65
Trd, 4319312.493, 60
Trd, 4319313.143, 66
Trd, 4319314.993, 60
Trd, 4319315.243, 60
Trd, 4319316.443, 61
Trd, 4319316.493, 63
Trd, 4319316.793, 63
Trd, 4319317.393, 61
Trd, 4319318.143, 60
Trd, 4319318.293, 61
Trd, 4319319.293, 111
Trd, 4319319.843, 139
Trd, 4319319.943, 83
Trd, 4319320.243, 137
Trd, 4319320.493, 81
Trd, 4319321.093, 79
Trd, 4319321.293, 71
Trd, 4319322.293, 129
Trd, 4319323.693, 140
Trd, 4319324.043, 119
Trd, 4319324.443, 101
Trd, 4319324.643, 66
Trd, 4319327.743, 60
Trd, 4319328.393, 61
Trd, 4319328.643, 63
Trd, 4319328.843, 65
Trd, 4319329.143, 68
Trd, 4319329.443, 60
Trd, 4319330.143, 60
Trd, 4319330.993, 61
Trd, 4319331.393, 69
Trd, 4319331.593, 70
Trd, 4319331.893, 66
Trd, 4319332.443, 60
Trd, 4319333.043, 136
Trd, 4319333.443, 93
Trd, 4319333.843, 76
Trd, 4319334.593, 137
Trd, 4319335.743, 138
Trd, 4319336.043, 111
Trd, 4319336.843, 122
Trd, 4319337.243, 111
Trd, 4319337.793, 135
Trd, 4319337.993, 110
Trd, 4319338.793, 60
Trd, 4319339.593, 60
Trd, 4319339.693, 60
Trd, 4319340.293, 60
Trd, 4319341.193, 60
Trd, 4319341.243, 62
Trd, 4319342.093, 63
Trd, 4319342.293, 65
Trd, 4319342.593, 76
Trd, 4319344.293, 63
Trd, 4319344.343, 62
Trd, 4319344.543, 63
Trd, 4319345.493, 68
Trd, 4319346.443, 61
Trd, 4319346.693, 75
Trd, 4319347.243, 107
Trd, 4319347.943, 126
Trd, 4319348.043, 124
Trd, 4319348.543, 138
Trd, 4319349.093, 92
Trd, 4319349.243, 90
Trd, 4319350.493, 139
Trd, 4319351.393, 139
Trd, 4319351.843, 138
Trd, 4319352.593, 136
Trd, 4319353.593, 112
Trd, 4319354.293, 100
Trd, 4319354.493, 99
Trd, 4319356.243, 140
Trd, 4319356.343, 137
Trd, 4319356.493, 107
Trd, 4319357.093, 66
Trd, 4319357.393, 77
Trd, 4319358.293, 61
Trd, 4319358.343, 63
Trd, 4319359.493, 140
Trd, 4319359.793, 138
Trd, 4319360.743, 134
Trd, 4319361.193, 133
Trd, 4319361.393, 118
Trd, 4319362.343, 140
Trd, 4319362.593, 139
Trd, 4319363.493, 120
Trd, 4319363.793, 98
Trd, 4319365.143, 61
Trd, 4319365.193, 62
Trd, 4319365.643, 64
Trd, 4319365.843, 62
Trd, 4319366.493, 65
Trd, 4319367.643, 140
Trd, 4319368.193, 140
Trd, 4319368.543, 140
Trd, 4319368.893, 121
Trd, 4319370.243, 140
Trd, 4319371.093, 139
Trd, 4319371.193, 137
Trd, 4319371.393, 125
Trd, 4319371.993, 102
Trd, 4319372.693, 139
Trd, 4319374.193, 140
Trd, 4319374.393, 92
Trd, 4319376.193, 138
Trd, 4319376.243, 134
Trd, 4319376.493, 106
Trd, 4319376.743, 77
Trd, 4319377.043, 139
Trd, 4319377.343, 98
Trd, 4319378.593, 85
Trd, 4319379.093, 131
Trd, 4319380.393, 114
Trd, 4319381.343, 115
Trd, 4319382.293, 139
Trd, 4319382.693, 115
Trd, 4319383.593, 140
Trd, 4319383.743, 134
Trd, 4319383.943, 83
Trd, 4319385.243, 140
Trd, 4319385.643, 123
Trd, 4319385.743, 102
Trd, 4319386.393, 97
Trd, 4319387.143, 62
Trd, 4319387.643, 62
Trd, 4319388.143, 62
Trd, 4319388.743, 60
Trd, 4319388.943, 63
Trd, 4319390.743, 61
Trd, 4319391.693, 60
Trd, 4319391.743, 61
Trd, 4319392.443, 67
Trd, 4319393.043, 80
Trd, 4319393.393, 129
Trd, 4319393.443, 64
Trd, 4319394.043, 98
Trd, 4319394.843, 60
Trd, 4319395.343, 60
Trd, 4319396.243, 64
Trd, 4319396.543, 69
Trd, 4319396.793, 65
Trd, 4319396.893, 63
Trd, 4319397.293, 68
Trd, 4319397.743, 138
Trd, 4319398.993, 140
Trd, 4319399.543, 100
Trd, 4319399.843, 115
Trd, 4319400.843, 65
Trd, 4319400.943, 66
Trd, 4319401.593, 140
Trd, 4319402.893, 63
Trd, 4319403.843, 140
Trd, 4319404.043, 140
Trd, 4319404.393, 106
Trd, 4319405.093, 140
Trd, 4319406.243, 74
Trd, 4319406.443, 139
Trd, 4319406.943, 121
Trd, 4319407.593, 71
Trd, 4319407.843, 91
Trd, 4319408.543, 60
Trd, 4319409.643, 60
Trd, 4319410.693, 60
Trd, 4319411.943, 60
Trd, 4319413.543, 60
Trd, 4319413.593, 60
Trd, 4319415.343, 64
Trd, 4319415.593, 65
Trd, 4319415.843, 66
Trd, 4319417.093, 62
Trd, 4319417.343, 64
Trd, 4319418.543, 61
Trd, 4319419.393, 60
Trd, 4319420.193, 60
Trd, 4319420.593, 63
Trd, 4319421.693, 60
Trd, 4319421.993, 62
Trd, 4319422.393, 63
Trd, 4319422.493, 69
Trd, 4319422.843, 60
Trd, 4319425.093, 60
Trd, 4319425.143, 64
Trd, 4319425.293, 63
Trd, 4319426.093, 71
Trd, 4319427.193, 61
Trd, 4319427.843, 62
Trd, 4319427.993, 65
Trd, 4319429.643, 60
Trd, 4319430.743, 63
Trd, 4319430.943, 65
Trd, 4319431.593, 64
Trd, 4319431.893, 65
Trd, 4319432.443, 61
Trd, 4319432.743, 61
Trd, 4319432.893, 60
Trd, 4319435.043, 62
Trd, 4319435.293, 63
Trd, 4319435.993, 61
Trd, 4319436.443, 61
Trd, 4319436.643, 62
Trd, 4319437.443, 62
Trd, 4319438.293, 66
Trd, 4319438.793, 68
Trd, 4319439.793, 61
Trd, 4319439.893, 67
Trd, 4319440.593, 60
Trd, 4319441.093, 67
Trd, 4319441.643, 140
Trd, 4319442.093, 140
Trd, 4319442.143, 99
Trd, 4319442.993, 110
Trd, 4319443.593, 62
Trd, 4319443.693, 63
Trd, 4319445.693, 60
Trd, 4319446.193, 68
Trd, 4319446.393, 67
Trd, 4319446.893, 135
Trd, 4319447.343, 76
Trd, 4319447.593, 60
Trd, 4319448.843, 73
Trd, 4319449.093, 127
Trd, 4319449.993, 60
Trd, 4319451.193, 60
Trd, 4319452.193, 98
Trd, 4319452.593, 97
Trd, 4319452.693, 96
Trd, 4319453.043, 67
Trd, 4319454.093, 65
Trd, 4319454.393, 60
Trd, 4319455.043, 64
Trd, 4319455.893, 60
Trd, 4319456.143, 63
Trd, 4319456.393, 61
Trd, 4319458.293, 61
Trd, 4319458.843, 63
Trd, 4319459.093, 64
Trd, 4319459.293, 64
Trd, 4319459.743, 65
Trd, 4319460.093, 97
Trd, 4319461.293, 60
Trd, 4319462.043, 62
Trd, 4319462.343, 63
Trd, 4319462.693, 60
Trd, 4319464.243, 60
Trd, 4319464.393, 64
Trd, 4319464.943, 62
Trd, 4319464.993, 63
Trd, 4319465.643, 72
Trd, 4319466.043, 62
Trd, 4319468.143, 60
Trd, 4319469.043, 60
Trd, 4319469.143, 60
Trd, 4319469.293, 62
Trd, 4319470.393, 60
Trd, 4319470.543, 62
Trd, 4319471.193, 60
Trd, 4319472.093, 60
Trd, 4319472.543, 60
Trd, 4319473.293, 61
Trd, 4319473.893, 61
Trd, 4319474.443, 61
Trd, 4319474.693, 61
Trd, 4319474.993, 64
Trd, 4319475.743, 64
Trd, 4319478.643, 60
Trd, 4319479.293, 60
Trd, 4319479.343, 61
Trd, 4319479.643, 60
Trd, 4319480.343, 61
Trd, 4319480.493, 62
Trd, 4319481.243, 64
Trd, 4319481.643, 62
Trd, 4319482.093, 60
Trd, 4319482.843, 60
Trd, 4319483.043, 69
Trd, 4319484.193, 61
Trd, 4319484.793, 61
Trd, 4319486.143, 66
Trd, 4319486.393, 64
Trd, 4319487.393, 67
Trd, 4319487.443, 69
Trd, 4319487.593, 62
Trd, 4319489.393, 60
Trd, 4319489.443, 63
Trd, 4319490.443, 66
Trd, 4319491.693, 60
Trd, 4319491.793, 67
Trd, 4319494.193, 60
Trd, 4319494.943, 60
Trd, 4319494.993, 62
Trd, 4319495.043, 62
Trd, 4319495.643, 63
Trd, 4319496.793, 60
Trd, 4319497.143, 61
Trd, 4319497.893, 62
Trd, 4319499.593, 60
Trd, 4319500.643, 63
Trd, 4319501.443, 60
Trd, 4319502.093, 60
Trd, 4319502.443, 60
Trd, 4319503.243, 61
Trd, 4319503.593, 68
Trd, 4319504.543, 140
Trd, 4319505.093, 140
Trd, 4319505.743, 140
Trd, 4319506.143, 139
Trd, 4319506.193, 137
Trd, 4319507.093, 140
Trd, 4319507.343, 138
Trd, 4319508.093, 139
Trd, 4319508.943, 139
Trd, 4319509.043, 138
Trd, 4319509.443, 136
Trd, 4319509.593, 101
Trd, 4319511.543, 134
Trd, 4319511.793, 62
Trd, 4319512.843, 61
Trd, 4319512.943, 62
Trd, 4319514.193, 60
Trd, 4319514.543, 136
Trd, 4319514.693, 102
Trd, 4319515.143, 134
Trd, 4319517.393, 60
Trd, 4319517.693, 61
Trd, 4319518.693, 60
Trd, 4319520.293, 61
Trd, 4319520.693, 62
Trd, 4319520.743, 63
Trd, 4319522.593, 60
Trd, 4319523.543, 60
Trd, 4319524.393, 61
Trd, 4319524.793, 60
Trd, 4319525.493, 61
Trd, 4319525.543, 61
Trd, 4319525.643, 62
Trd, 4319526.043, 63
Trd, 4319527.243, 61
Trd, 4319528.843, 60
Trd, 4319528.993, 60
Trd, 4319529.293, 61
Trd, 4319529.443, 64
Trd, 4319530.593, 60
Trd, 4319531.343, 60
Trd, 4319531.943, 62
Trd, 4319532.143, 63
Trd, 4319532.643, 61
Trd, 4319533.843, 63
Trd, 4319533.943, 64
Trd, 4319534.193, 61
Trd, 4319534.743, 114
Trd, 4319534.993, 113
Trd, 4319535.793, 113
Trd, 4319535.943, 140
Trd, 4319536.893, 139
Trd, 4319537.443, 109
Trd, 4319538.693, 140
Trd, 4319538.993, 124
Trd, 4319539.693, 113
Trd, 4319540.393, 70
Trd, 4319540.893, 138
Trd, 4319542.143, 76
Trd, 4319543.043, 69
Trd, 4319543.293, 62
Trd, 4319543.943, 140
Trd, 4319544.393, 101
Trd, 4319545.193, 64
Trd, 4319546.143, 60
Trd, 4319546.393, 75
Trd, 4319548.643, 62
Trd, 4319548.993, 117
Trd, 4319549.893, 102
Trd, 4319550.043, 139
Trd, 4319550.143, 101
Trd, 4319550.593, 76
Trd, 4319551.093, 75
Trd, 4319551.943, 140
Trd, 4319552.593, 61
Trd, 4319552.643, 68
Trd, 4319553.893, 60
Trd, 4319553.993, 64
Trd, 4319554.643, 138
Trd, 4319556.243, 138
Trd, 4319556.543, 136
Trd, 4319557.243, 63
Trd, 4319557.343, 67
Trd, 4319558.343, 60
Trd, 4319558.493, 62
Trd, 4319558.943, 63
Trd, 4319559.593, 60
Trd, 4319560.343, 99
Trd, 4319561.293, 61
Trd, 4319561.743, 61
Trd, 4319562.593, 60
Trd, 4319563.293, 66
Trd, 4319564.593, 61
Trd, 4319564.693, 72
Trd, 4319565.393, 65
Trd, 4319566.643, 62
Trd, 4319567.443, 61
Trd, 4319567.593, 60
Trd, 4319568.393, 63
Trd, 4319568.993, 60
Trd, 4319569.143, 63
Trd, 4319569.543, 64
Trd, 4319569.893, 64
Trd, 4319570.893, 60
Trd, 4319571.343, 60
Trd, 4319571.743, 62
Trd, 4319572.043, 67
Trd, 4319572.593, 61
Trd, 4319572.843, 97
Trd, 4319573.093, 96
Trd, 4319573.193, 111
Trd, 4319575.093, 140
Trd, 4319575.793, 140
Trd, 4319575.893, 120
Trd, 4319576.093, 93
Trd, 4319576.243, 90
Trd, 4319577.643, 60
Trd, 4319578.543, 67
Trd, 4319578.693, 61
Trd, 4319579.293, 67
Trd, 4319580.893, 64
Trd, 4319581.193, 68
Trd, 4319581.343, 69
Trd, 4319581.493, 114
Trd, 4319582.593, 65
Trd, 4319583.293, 60
Trd, 4319583.993, 66
Trd, 4319584.493, 139
Trd, 4319585.943, 139
Trd, 4319586.943, 138
Trd, 4319587.193, 140
Trd, 4319587.843, 103
Trd, 4319587.943, 98
Trd, 4319588.443, 67
Trd, 4319589.243, 83
Trd, 4319590.593, 60
Trd, 4319590.743, 60
Trd, 4319591.193, 61
Trd, 4319592.043, 60
Trd, 4319592.193, 62
Trd, 4319592.493, 64
Trd, 4319593.243, 62
Trd, 4319593.993, 64
Trd, 4319594.493, 92
Trd, 4319594.993, 91
Trd, 4319595.443, 75
Trd, 4319595.743, 124
Trd, 4319597.793, 60
Trd, 4319597.843, 61
Trd, 4319599.743, 60
Trd, 4319600.493, 60
Trd, 4319601.193, 60
Trd, 4319601.943, 60
Trd, 4319602.243, 60
Trd, 4319602.443, 60
Trd, 4319602.693, 61
Trd, 4319603.143, 63
Trd, 4319603.243, 65
Trd, 4319603.593, 60
Trd, 4319604.243, 60
Trd, 4319605.093, 60
Trd, 4319605.443, 70
Trd, 4319605.843, 60
Trd, 4319608.143, 61
Trd, 4319608.243, 62
Trd, 4319608.393, 62
Trd, 4319608.943, 64
Trd, 4319608.993, 66
Trd, 4319610.743, 61
Trd, 4319611.893, 60
Trd, 4319611.943, 61
Trd, 4319612.293, 61
Trd, 4319613.043, 71
Trd, 4319614.443, 61
Trd, 4319615.593, 60
Trd, 4319615.943, 60
Trd, 4319616.643, 60
Trd, 4319617.543, 60
Trd, 4319618.893, 60
Trd, 4319619.193, 60
Trd, 4319619.643, 60
Trd, 4319619.743, 60
Trd, 4319620.943, 60
Trd, 4319621.293, 60
Trd, 4319622.593, 63
Trd, 4319622.643, 67
Trd, 4319622.793, 68
Trd, 4319622.993, 62
Trd, 4319623.393, 61
Trd, 4319624.093, 74
Trd, 4319624.743, 140
Trd, 4319625.893, 68
Trd, 4319626.143, 77
Trd, 4319626.993, 87
Trd, 4319627.743, 140
Trd, 4319627.943, 137
Trd, 4319628.293, 126
Trd, 4319628.343, 125
Trd, 4319629.643, 120
Trd, 4319630.593, 140
Trd, 4319631.843, 128
Trd, 4319632.593, 140
Trd, 4319632.793, 136
Trd, 4319632.843, 119
Trd, 4319633.393, 110
Trd, 4319633.593, 108
Trd, 4319634.093, 140
Trd, 4319635.093, 109
Trd, 4319635.343, 106
Trd, 4319635.493, 101
Trd, 4319637.393, 136
Trd, 4319637.443, 134
Trd, 4319638.793, 140
Trd, 4319638.993, 140
Trd, 4319639.043, 104
Trd, 4319639.593, 85
Trd, 4319640.843, 81
Trd, 4319641.393, 104
Trd, 4319642.043, 78
Trd, 4319643.093, 139
Trd, 4319643.543, 116
Trd, 4319643.593, 115
Trd, 4319643.893, 112
Trd, 4319644.493, 137
Trd, 4319644.743, 98
Trd, 4319645.143, 62
Trd, 4319645.893, 60
Trd, 4319645.943, 63
Trd, 4319647.343, 62
Trd, 4319648.543, 63
Trd, 4319648.593, 64
Trd, 4319648.943, 78
Trd, 4319649.443, 65
Trd, 4319650.393, 140
Trd, 4319652.143, 140
Trd, 4319652.293, 140
Trd, 4319652.493, 140
Trd, 4319652.993, 133
Trd, 4319653.493, 119
Trd, 4319654.093, 116
Trd, 4319654.193, 81
Trd, 4319655.043, 140
Trd, 4319655.993, 138
Trd, 4319656.193, 136
Trd, 4319656.443, 87
Trd, 4319656.893, 97
Trd, 4319657.543, 108
Trd, 4319657.643, 100
Trd, 4319657.843, 78
Trd, 4319659.443, 66
Trd, 4319660.743, 61
Trd, 4319661.393, 61
Trd, 4319661.893, 61
Trd, 4319662.593, 61
Trd, 4319662.693, 64
Trd, 4319663.093, 67
Trd, 4319664.543, 61
Trd, 4319664.693, 62
Trd, 4319664.893, 63
Trd, 4319664.993, 85
Trd, 4319665.993, 139
Trd, 4319667.093, 62
Trd, 4319667.643, 140
Trd, 4319668.093, 62
Trd, 4319668.493, 110
Trd, 4319669.043, 134
Trd, 4319669.193, 140
Trd, 4319670.443, 140
Trd, 4319670.643, 108
Trd, 4319671.393, 140
Trd, 4319672.343, 139
Trd, 4319673.293, 138
Trd, 4319673.443, 137
Trd, 4319674.543, 140
Trd, 4319674.943, 135
Trd, 4319674.993, 123
Trd, 4319675.693, 99
Trd, 4319676.043, 138
Trd, 4319677.843, 140
Trd, 4319677.893, 104
Trd, 4319679.143, 140
Trd, 4319679.893, 139
Trd, 4319680.943, 138
Trd, 4319680.993, 136
Trd, 4319681.843, 140
Trd, 4319681.893, 140
Trd, 4319682.193, 63
Trd, 4319683.243, 60
Trd, 4319683.643, 61
Trd, 4319685.543, 60
Trd, 4319686.043, 60
Trd, 4319686.293, 61
Trd, 4319686.793, 63
Trd, 4319688.193, 61
Trd, 4319689.493, 63
Trd, 4319690.393, 60
Trd, 4319691.793, 60
Trd, 4319692.593, 60
Trd, 4319692.743, 61
Trd, 4319692.793, 64
Trd, 4319693.193, 61
Trd, 4319693.393, 66
Trd, 4319695.293, 60
Trd, 4319696.393, 60
Trd, 4319697.093, 60
Trd, 4319697.593, 60
Trd, 4319697.643, 60
Trd, 4319698.943, 62
Trd, 4319699.743, 63
Trd, 4319699.943, 61
Trd, 4319700.193, 69
Trd, 4319702.043, 60
Trd, 4319703.443, 60
Trd, 4319703.593, 61
Trd, 4319703.643, 62
Trd, 4319704.943, 60
Trd, 4319705.393, 62
Trd, 4319705.993, 61
Trd, 4319706.543, 67
Trd, 4319707.593, 62
Trd, 4319708.193, 60
Trd, 4319708.243, 61
Trd, 4319708.343, 64
Trd, 4319708.693, 66
Trd, 4319709.343, 139
Trd, 4319709.593, 106
Trd, 4319709.943, 93
Trd, 4319710.643, 136
Trd, 4319710.893, 98
Trd, 4319711.293, 96
Trd, 4319711.793, 79
Trd, 4319713.693, 135
Trd, 4319713.943, 124
Trd, 4319714.343, 65
Trd, 4319714.643, 83
Trd, 4319714.943, 66
Trd, 4319715.493, 140
Trd, 4319716.143, 63
Trd, 4319717.043, 64
Trd, 4319717.193, 63
Trd, 4319717.943, 109
Trd, 4319718.943, 60
Trd, 4319719.343, 67
Trd, 4319719.493, 118
Trd, 4319720.193, 69
Trd, 4319721.293, 60
Trd, 4319721.943, 65
Trd, 4319722.293, 65
Trd, 4319723.393, 60
Trd, 4319723.793, 61
Trd, 4319723.843, 70
Trd, 4319724.343, 99
Trd, 4319725.193, 67
Trd, 4319725.493, 138
Trd, 4319726.193, 140
Trd, 4319726.593, 140
Trd, 4319727.643, 137
Trd, 4319727.843, 119
Trd, 4319728.243, 139
Trd, 4319728.593, 140
Trd, 4319728.693, 111
Trd, 4319729.043, 108
Trd, 4319730.193, 90
Trd, 4319730.493, 75
Trd, 4319730.993, 62
Trd, 4319731.093, 67
Trd, 4319732.093, 103
Trd, 4319733.093, 60
Trd, 4319734.143, 60
Trd, 4319735.243, 60
Trd, 4319735.543, 61
Trd, 4319735.743, 62
Trd, 4319736.793, 60
Trd, 4319737.293, 60
Trd, 4319737.393, 61
Trd, 4319737.843, 64
Trd, 4319738.543, 79
Trd, 4319739.293, 69
Trd, 4319740.393, 60
Trd, 4319740.843, 60
Trd, 4319741.443, 60
Trd, 4319742.393, 60
Trd, 4319742.443, 60
Trd, 4319743.493, 61
Trd, 4319744.693, 61
Trd, 4319746.743, 61
Trd, 4319746.843, 63
Trd, 4319746.943, 63
Trd, 4319747.243, 68
Trd, 4319747.543, 76
Trd, 4319748.893, 65
Trd, 4319749.143, 64
Trd, 4319749.243, 69
Trd, 4319750.193, 62
Trd, 4319750.943, 140
Trd, 4319751.543, 139
Trd, 4319752.793, 92
Trd, 4319752.993, 91
Trd, 4319754.043, 61
Trd, 4319754.293, 115
Trd, 4319754.793, 140
Trd, 4319755.193, 140
Trd, 4319755.293, 70
Trd, 4319756.493, 136
Trd, 4319756.743, 112
Trd, 4319756.843, 78
Trd, 4319758.243, 60
Trd, 4319759.343, 63
Trd, 4319761.243, 60
Trd, 4319761.593, 64
Trd, 4319761.693, 64
Trd, 4319761.843, 62
Trd, 4319762.243, 60
Trd, 4319762.993, 60
Trd, 4319763.293, 60
Trd, 4319764.243, 60
Trd, 4319766.143, 68
Trd, 4319767.693, 60
Trd, 4319767.993, 62
Trd, 4319768.343, 60
Trd, 4319769.343, 60
Trd, 4319769.893, 61
Trd, 4319770.193, 62
Trd, 4319770.393, 62
Trd, 4319770.493, 61
Trd, 4319771.393, 64
Trd, 4319772.893, 61
Trd, 4319773.643, 61
Trd, 4319773.743, 66
Trd, 4319774.243, 63
Trd, 4319774.993, 77
Trd, 4319775.643, 123
Trd, 4319775.993, 124
Trd, 4319776.193, 125
Trd, 4319776.443, 140
Trd, 4319777.343, 135
Trd, 4319777.793, 115
Trd, 4319777.843, 91
Trd, 4319778.743, 62
Trd, 4319779.493, 63
Trd, 4319781.593, 60
Trd, 4319781.643, 60
Trd, 4319781.993, 62
Trd, 4319782.693, 60
Trd, 4319782.943, 60
Trd, 4319783.393, 61
Trd, 4319783.793, 62
Trd, 4319784.543, 67
Trd, 4319785.443, 61
Trd, 4319786.243, 60
Trd, 4319786.493, 60
Trd, 4319786.893, 60
Trd, 4319787.043, 72
Trd, 4319788.243, 60
Trd, 4319789.443, 60
Trd, 4319789.643, 60
Trd, 4319790.693, 61
Trd, 4319791.093, 60
Trd, 4319791.393, 60
Trd, 4319791.793, 61
Trd, 4319794.293, 60
Trd, 4319794.843, 60
Trd, 4319795.893, 60
Trd, 4319795.993, 61
Trd, 4319796.293, 61
Trd, 4319796.743, 60
Trd, 4319797.793, 60
Trd, 4319798.893, 60
Trd, 4319798.993, 63
Trd, 4319799.193, 65
Trd, 4319799.693, 61
Trd, 4319800.293, 60
Trd, 4319800.743, 60
Trd, 4319800.993, 62
Trd, 4319803.093, 137
Trd, 4319803.593, 109
Trd, 4319804.043, 108
Trd, 4319804.993, 62
Trd, 4319805.243, 61
Trd, 4319805.343, 62
Trd, 4319806.993, 61
Trd, 4319807.343, 61
Trd, 4319807.643, 62
Trd, 4319808.293, 67
Trd, 4319808.843, 62
Trd, 4319809.093, 61
Trd, 4319809.143, 63
Trd, 4319809.293, 60
Trd, 4319810.393, 64
Trd, 4319812.193, 114
Trd, 4319812.493, 97
Trd, 4319812.693, 126
Trd, 4319813.543, 66
Trd, 4319813.943, 70
Trd, 4319815.093, 62
Trd, 4319815.493, 62
Trd, 4319815.643, 68
Trd, 4319817.743, 60
Trd, 4319817.993, 60
Trd, 4319818.593, 60
Trd, 4319819.343, 61
Trd, 4319820.043, 60
Trd, 4319820.593, 60
Trd, 4319820.643, 61
Trd, 4319820.743, 65
Trd, 4319822.843, 60
Trd, 4319823.193, 60
Trd, 4319823.393, 62
Trd, 4319825.093, 66
Trd, 4319825.143, 67
Trd, 4319826.243, 63
Trd, 4319826.793, 135
Trd, 4319827.293, 64
Trd, 4319827.343, 61
Trd, 4319827.743, 66
Trd, 4319828.593, 138
Trd, 4319829.293, 83
Trd, 4319829.493, 130
Trd, 4319830.843, 139
Trd, 4319831.043, 137
Trd, 4319831.143, 103
Trd, 4319831.943, 99
Trd, 4319832.143, 88
Trd, 4319832.493, 140
Trd, 4319833.243, 60
Trd, 4319835.543, 60
Trd, 4319835.893, 61
Trd, 4319837.093, 60
Trd, 4319837.493, 60
Trd, 4319838.193, 60
Trd, 4319838.343, 61
Trd, 4319838.493, 69
Trd, 4319838.943, 122
Trd, 4319839.293, 68
Trd, 4319839.843, 65
Trd, 4319841.843, 61
Trd, 4319842.043, 62
Trd, 4319842.243, 60
Trd, 4319842.343, 64
Trd, 4319844.743, 61
Trd, 4319845.993, 61
Trd, 4319847.093, 60
Trd, 4319847.443, 60
Trd, 4319847.993, 63
Trd, 4319848.893, 62
Trd, 4319849.193, 61
Trd, 4319849.843, 60
Trd, 4319850.043, 61
Trd, 4319850.093, 68
Trd, 4319850.293, 69
Trd, 4319851.293, 73
Trd, 4319851.893, 67
Trd, 4319852.543, 61
Trd, 4319852.643, 63
Trd, 4319853.043, 74
Trd, 4319853.693, 67
Trd, 4319854.193, 62
Trd, 4319854.543, 81
Trd, 4319855.293, 74
Trd, 4319856.593, 63
Trd, 4319856.693, 66
Trd, 4319857.843, 60
Trd, 4319859.043, 61
Trd, 4319859.293, 62
Trd, 4319860.093, 65
Trd, 4319860.693, 63
Trd, 4319861.543, 140
Trd, 4319862.843, 101
Trd, 4319862.893, 98
Trd, 4319862.943, 97
Trd, 4319863.343, 79
Trd, 4319863.743, 125
Trd, 4319865.443, 60
Trd, 4319866.193, 60
Trd, 4319866.593, 62
Trd, 4319866.693, 65
Trd, 4319868.393, 60
Trd, 4319868.893, 60
Trd, 4319870.743, 60
Trd, 4319870.893, 63
Trd, 4319871.293, 60
Trd, 4319871.893, 60
Trd, 4319872.193, 61
Trd, 4319873.743, 60
Trd, 4319873.793, 61
Trd, 4319874.393, 69
Trd, 4319875.293, 61
Trd, 4319876.843, 61
Trd, 4319876.993, 62
Trd, 4319877.693, 62
Trd, 4319878.093, 66
Trd, 4319878.343, 62
Trd, 4319878.793, 61
Trd, 4319879.793, 61
Trd, 4319880.643, 60
Trd, 4319880.693, 66
Trd, 4319881.393, 81
Trd, 4319881.943, 137
Trd, 4319882.193, 126
Trd, 4319883.893, 66
Trd, 4319884.093, 79
Trd, 4319884.243, 136
Trd, 4319886.243, 61
Trd, 4319886.393, 62
Trd, 4319886.593, 60
Trd, 4319886.893, 69
Trd, 4319887.893, 62
Trd, 4319888.093, 63
Trd, 4319888.193, 61
Trd, 4319890.093, 60
Trd, 4319890.743, 140
Trd, 4319890.843, 140
Trd, 4319891.843, 124
Trd, 4319892.643, 95
Trd, 4319893.343, 61
Trd, 4319894.443, 64
Trd, 4319895.943, 60
Trd, 4319896.693, 60
Trd, 4319896.993, 60
Trd, 4319897.643, 60
Trd, 4319898.143, 60
Trd, 4319898.843, 62
Trd, 4319899.593, 61
Trd, 4319900.193, 60
Trd, 4319900.793, 63
Trd, 4319901.893, 60
Trd, 4319901.993, 63
Trd, 4319904.343, 71
Trd, 4319904.893, 61
Trd, 4319905.793, 62
Trd, 4319906.143, 62
Trd, 4319906.393, 67
Trd, 4319906.593, 68
Trd, 4319907.343, 62
Trd, 4319907.693, 64
Trd, 4319909.243, 60
Trd, 4319909.493, 60
Trd, 4319909.743, 65
Trd, 4319910.493, 60
Trd, 4319911.093, 63
Trd, 4319911.443, 68
Trd, 4319913.393, 60
Trd, 4319913.643, 60
Trd, 4319914.143, 61
Trd, 4319914.443, 61
Trd, 4319914.543, 64
Trd, 4319915.693, 121
Trd, 4319916.093, 139
Trd, 4319916.243, 135
Trd, 4319917.343, 138
Trd, 4319917.543, 69
Trd, 4319920.043, 60
Trd, 4319920.543, 60
Trd, 4319921.743, 60
Trd, 4319922.043, 60
Trd, 4319922.293, 63
Trd, 4319922.543, 66
Trd, 4319924.093, 60
Trd, 4319924.343, 60
Trd, 4319924.393, 61
Trd, 4319924.893, 60
Trd, 4319925.143, 60
Trd, 4319925.293, 62
Trd, 4319927.493, 60
Trd, 4319927.693, 61
Trd, 4319927.943, 63
Trd, 4319928.593, 62
Trd, 4319928.843, 66
Trd, 4319929.443, 66
Trd, 4319929.793, 71
Trd, 4319929.993, 63
Trd, 4319931.393, 61
Trd, 4319932.093, 60
Trd, 4319932.593, 60
Trd, 4319933.293, 60
Trd, 4319933.643, 62
Trd, 4319934.743, 61
Trd, 4319934.943, 72
Trd, 4319935.743, 60
Trd, 4319937.093, 61
Trd, 4319937.393, 60
Trd, 4319938.743, 61
Trd, 4319939.443, 62
Trd, 4319940.043, 60
Trd, 4319941.443, 60
Trd, 4319941.893, 60
Trd, 4319942.743, 60
Trd, 4319943.343, 60
Trd, 4319944.593, 60
Trd, 4319945.143, 63
Trd, 4319946.093, 60
Trd, 4319946.293, 61
Trd, 4319946.543, 60
Trd, 4319946.593, 63
Trd, 4319946.743, 66
Trd, 4319947.043, 140
Trd, 4319947.643, 62
Trd, 4319949.793, 60
Trd, 4319951.443, 60
Trd, 4319951.943, 62
Trd, 4319952.393, 62
Trd, 4319952.793, 60
Trd, 4319953.493, 60
Trd, 4319953.643, 61
Trd, 4319954.043, 62
Trd, 4319954.243, 68
Trd, 4319954.693, 68
Trd, 4319955.943, 60
Trd, 4319956.843, 60
Trd, 4319957.893, 60
Trd, 4319958.393, 61
Trd, 4319958.893, 62
Trd, 4319958.943, 67
Trd, 4319959.093, 67
Trd, 4319959.393, 68
Trd, 4319960.093, 63
Trd, 4319960.493, 136
Trd, 4319961.993, 61
Trd, 4319962.243, 63
Trd, 4319962.843, 64
Trd, 4319963.143, 89
Trd, 4319963.893, 60
Trd, 4319964.893, 140
Trd, 4319965.193, 77
Trd, 4319965.293, 126
Trd, 4319966.893, 140
Trd, 4319968.143, 140
Trd, 4319968.643, 138
Trd, 4319968.793, 137
Trd, 4319968.943, 96
Trd, 4319969.993, 91
Trd, 4319970.143, 79
Trd, 4319971.643, 140
Trd, 4319972.343, 123
Trd, 4319972.843, 115
Trd, 4319973.043, 122
Trd, 4319973.093, 114
Trd, 4319974.443, 98
Trd, 4319974.593, 90
Trd, 4319975.443, 139
Trd, 4319975.493, 104
Trd, 4319976.243, 140
Trd, 4319976.643, 85
Trd, 4319977.393, 99
Trd, 4319978.693, 139
Trd, 4319978.993, 138
Trd, 4319979.293, 136
Trd, 4319980.143, 112
Trd, 4319980.343, 70
Trd, 4319980.743, 60
Trd, 4319980.843, 60
Trd, 4319982.243, 140
Trd, 4319982.943, 139
Trd, 4319983.043, 109
Trd, 4319983.743, 139
Trd, 4319983.793, 104
Trd, 4319984.443, 124
Trd, 4319985.493, 110
Trd, 4319985.543, 108
Trd, 4319986.493, 60
Trd, 4319987.343, 107
Trd, 4319987.543, 65
Trd, 4319988.493, 140
Trd, 4319988.693, 140
Trd, 4319989.193, 140
Trd, 4319989.593, 85
Trd, 4319990.943, 60
Trd, 4319991.393, 65
Trd, 4319993.543, 60
Trd, 4319993.993, 62
Trd, 4319994.943, 60
Trd, 4319996.243, 60
Trd, 4319996.943, 63
Trd, 4319997.893, 60
Trd, 4319998.743, 60
Trd, 4319998.943, 60
Trd, 4319999.493, 63
