Trd, 4318085.493, 113
Trd, 4318085.893, 115
Trd, 4318085.993, 102
Trd, 4318087.443, 104
Trd, 4318089.393, 139
Trd, 4318089.493, 138
Trd, 4318089.593, 104
Trd, 4318090.343, 94
Trd, 4318092.493, 140
Trd, 4318092.793, 140
Trd, 4318093.543, 131
Trd, 4318094.043, 124
Trd, 4318095.143, 137
Trd, 4318095.793, 140
Trd, 4318097.343, 136
Trd, 4318098.143, 138
Trd, 4318098.593, 138
Trd, 4318099.193, 138
Trd, 4318100.243, 116
Trd, 4318100.393, 101
Trd, 4318102.193, 119
Trd, 4318102.443, 135
Trd, 4318102.793, 132
Trd, 4318105.343, 140
Trd, 4318105.843, 140
Trd, 4318106.643, 140
Trd, 4318107.093, 131
Trd, 4318107.143, 93
Trd, 4318107.643, 88
Trd, 4318108.393, 96
Trd, 4318108.893, 140
Trd, 4318109.143, 76
Trd, 4318109.793, 139
Trd, 4318112.243, 140
Trd, 4318113.043, 140
Trd, 4318113.093, 105
Trd, 4318114.043, 129
Trd, 4318114.543, 140
Trd, 4318115.743, 128
Trd, 4318116.243, 104
Trd, 4318116.343, 104
Trd, 4318117.143, 136
Trd, 4318117.543, 78
Trd, 4318117.943, 136
Trd, 4318118.493, 64
Trd, 4318119.193, 64
Trd, 4318119.543, 65
Trd, 4318119.993, 70
Trd, 4318120.593, 100
Trd, 4318120.993, 60
Trd, 4318123.543, 140
Trd, 4318123.893, 135
Trd, 4318124.043, 134
Trd, 4318125.293, 137
Trd, 4318125.343, 123
Trd, 4318126.543, 127
Trd, 4318127.493, 139
Trd, 4318128.343, 123
Trd, 4318128.493, 131
Trd, 4318128.543, 119
Trd, 4318128.893, 106
Trd, 4318129.043, 131
Trd, 4318129.193, 75
Trd, 4318130.643, 140
Trd, 4318131.743, 139
Trd, 4318132.293, 140
Trd, 4318132.943, 138
Trd, 4318133.493, 81
Trd, 4318135.693, 140
Trd, 4318137.243, 138
Trd, 4318137.343, 140
Trd, 4318138.343, 105
Trd, 4318139.843, 137
Trd, 4318139.943, 97
Trd, 4318141.343, 140
Trd, 4318141.593, 139
Trd, 4318143.193, 111
Trd, 4318144.093, 116
Trd, 4318145.543, 138
Trd, 4318146.843, 140
Trd, 4318146.943, 139
Trd, 4318147.193, 123
Trd, 4318147.843, 85
Trd, 4318148.093, 125
Trd, 4318148.943, 132
Trd, 4318149.493, 129
Trd, 4318150.043, 130
Trd, 4318151.343, 130
Trd, 4318151.393, 115
Trd, 4318152.343, 129
Trd, 4318153.843, 140
Trd, 4318154.093, 106
Trd, 4318156.693, 140
Trd, 4318156.793, 140
Trd, 4318157.293, 132
Trd, 4318157.793, 127
Trd, 4318159.143, 127
Trd, 4318159.543, 120
Trd, 4318159.693, 122
Trd, 4318159.893, 123
Trd, 4318160.393, 101
Trd, 4318161.343, 108
Trd, 4318162.193, 60
Trd, 4318163.343, 108
Trd, 4318163.693, 73
Trd, 4318164.293, 112
Trd, 4318164.693, 114
Trd, 4318164.893, 139
Trd, 4318166.593, 104
Trd, 4318167.093, 91
Trd, 4318167.393, 132
Trd, 4318167.793, 139
Trd, 4318168.843, 140
Trd, 4318169.193, 125
Trd, 4318171.493, 96
Trd, 4318171.693, 88
Trd, 4318174.543, 140
Trd, 4318175.043, 140
Trd, 4318175.093, 140
Trd, 4318175.243, 130
Trd, 4318176.493, 136
Trd, 4318176.693, 135
Trd, 4318177.093, 126
Trd, 4318177.793, 125
Trd, 4318177.993, 135
Trd, 4318179.043, 119
Trd, 4318179.243, 105
Trd, 4318179.543, 99
Trd, 4318180.043, 131
Trd, 4318182.343, 131
Trd, 4318182.593, 130
Trd, 4318182.843, 127
Trd, 4318185.093, 140
Trd, 4318185.943, 138
Trd, 4318186.143, 103
Trd, 4318186.343, 101
Trd, 4318186.693, 70
Trd, 4318188.593, 62
Trd, 4318189.243, 66
Trd, 4318189.543, 60
Trd, 4318190.143, 65
Trd, 4318190.393, 61
Trd, 4318192.143, 139
Trd, 4318192.793, 103
Trd, 4318192.943, 132
Trd, 4318193.293, 118
Trd, 4318194.043, 128
Trd, 4318195.293, 140
Trd, 4318195.343, 136
Trd, 4318199.243, 138
Trd, 4318200.393, 140
Trd, 4318200.643, 140
Trd, 4318200.993, 138
Trd, 4318201.143, 109
Trd, 4318202.293, 140
Trd, 4318203.243, 135
Trd, 4318203.993, 112
Trd, 4318204.043, 134
Trd, 4318204.243, 72
Trd, 4318206.443, 140
Trd, 4318207.243, 140
Trd, 4318207.643, 136
Trd, 4318208.593, 127
Trd, 4318209.643, 140
Trd, 4318209.743, 138
Trd, 4318210.343, 134
Trd, 4318210.393, 134
Trd, 4318210.843, 109
Trd, 4318213.443, 140
Trd, 4318216.293, 140
Trd, 4318216.443, 140
Trd, 4318216.643, 135
Trd, 4318216.793, 102
Trd, 4318216.893, 101
Trd, 4318217.593, 139
Trd, 4318219.743, 93
Trd, 4318219.843, 109
Trd, 4318219.943, 111
Trd, 4318219.993, 92
Trd, 4318220.443, 137
Trd, 4318220.543, 74
Trd, 4318220.943, 140
Trd, 4318221.243, 87
Trd, 4318222.743, 60
Trd, 4318222.843, 61
Trd, 4318224.343, 140
Trd, 4318224.443, 81
Trd, 4318226.893, 137
Trd, 4318227.093, 123
Trd, 4318227.143, 92
Trd, 4318227.443, 126
Trd, 4318228.193, 84
Trd, 4318229.793, 139
Trd, 4318230.043, 137
Trd, 4318231.643, 116
Trd, 4318232.693, 140
Trd, 4318234.093, 140
Trd, 4318234.243, 136
Trd, 4318234.593, 140
Trd, 4318237.493, 140
Trd, 4318238.793, 139
Trd, 4318239.993, 139
Trd, 4318240.243, 131
Trd, 4318241.193, 115
Trd, 4318241.743, 74
Trd, 4318243.393, 127
Trd, 4318243.643, 76
Trd, 4318244.093, 127
Trd, 4318244.593, 92
Trd, 4318245.443, 106
Trd, 4318245.843, 90
Trd, 4318246.493, 70
Trd, 4318246.793, 105
Trd, 4318247.943, 60
Trd, 4318248.043, 94
Trd, 4318248.793, 61
Trd, 4318249.293, 71
Trd, 4318250.443, 140
Trd, 4318251.393, 139
Trd, 4318251.893, 139
Trd, 4318253.093, 135
Trd, 4318253.593, 133
Trd, 4318255.143, 140
Trd, 4318255.993, 134
Trd, 4318256.593, 140
Trd, 4318256.793, 139
Trd, 4318258.243, 107
Trd, 4318258.943, 134
Trd, 4318258.993, 123
Trd, 4318259.243, 122
Trd, 4318259.993, 97
Trd, 4318260.093, 133
Trd, 4318260.943, 132
Trd, 4318261.643, 69
Trd, 4318263.143, 90
Trd, 4318263.293, 89
Trd, 4318264.043, 140
Trd, 4318264.393, 84
Trd, 4318264.793, 138
Trd, 4318266.993, 139
Trd, 4318268.543, 115
Trd, 4318269.093, 140
Trd, 4318269.843, 140
Trd, 4318270.043, 122
Trd, 4318272.243, 104
Trd, 4318272.843, 135
Trd, 4318273.543, 129
Trd, 4318274.643, 127
Trd, 4318275.293, 116
Trd, 4318275.543, 70
Trd, 4318277.193, 138
Trd, 4318277.443, 137
Trd, 4318277.743, 134
Trd, 4318279.743, 139
Trd, 4318279.943, 110
Trd, 4318281.243, 119
Trd, 4318281.593, 135
Trd, 4318282.493, 140
Trd, 4318283.143, 138
Trd, 4318283.693, 103
Trd, 4318286.293, 140
Trd, 4318286.343, 129
Trd, 4318287.493, 118
Trd, 4318287.843, 115
Trd, 4318288.043, 107
Trd, 4318288.243, 76
Trd, 4318289.093, 139
Trd, 4318289.793, 136
Trd, 4318289.943, 125
Trd, 4318289.993, 114
Trd, 4318291.993, 139
Trd, 4318293.243, 112
Trd, 4318294.593, 138
Trd, 4318295.793, 103
Trd, 4318296.993, 140
Trd, 4318297.743, 140
Trd, 4318297.893, 102
Trd, 4318298.393, 93
Trd, 4318300.893, 139
Trd, 4318301.043, 131
Trd, 4318301.543, 138
Trd, 4318302.343, 124
Trd, 4318302.743, 134
Trd, 4318303.393, 130
Trd, 4318303.743, 101
Trd, 4318304.043, 131
Trd, 4318305.143, 119
Trd, 4318305.443, 89
Trd, 4318306.143, 139
Trd, 4318306.693, 89
Trd, 4318307.343, 140
Trd, 4318308.393, 137
Trd, 4318310.443, 140
Trd, 4318311.793, 140
Trd, 4318313.643, 139
Trd, 4318314.193, 138
Trd, 4318314.843, 134
Trd, 4318316.843, 123
Trd, 4318317.243, 122
Trd, 4318317.643, 109
Trd, 4318318.143, 127
Trd, 4318319.193, 83
Trd, 4318319.493, 75
Trd, 4318319.793, 64
Trd, 4318320.543, 60
Trd, 4318321.343, 138
Trd, 4318321.943, 82
Trd, 4318323.393, 60
Trd, 4318323.493, 60
Trd, 4318324.443, 60
Trd, 4318324.793, 138
Trd, 4318325.093, 65
Trd, 4318326.893, 60
Trd, 4318327.243, 60
Trd, 4318327.443, 61
Trd, 4318328.043, 69
Trd, 4318328.643, 116
Trd, 4318328.693, 67
Trd, 4318328.943, 89
Trd, 4318329.743, 117
Trd, 4318329.993, 97
Trd, 4318331.193, 95
Trd, 4318332.293, 94
Trd, 4318332.693, 117
Trd, 4318333.193, 118
Trd, 4318333.243, 111
Trd, 4318334.743, 139
Trd, 4318335.593, 100
Trd, 4318337.793, 130
Trd, 4318338.093, 139
Trd, 4318338.843, 139
Trd, 4318339.043, 108
Trd, 4318340.293, 139
Trd, 4318341.243, 138
Trd, 4318341.793, 139
Trd, 4318343.293, 138
Trd, 4318343.793, 100
Trd, 4318344.343, 110
Trd, 4318346.293, 117
Trd, 4318347.393, 138
Trd, 4318347.543, 127
Trd, 4318349.043, 137
Trd, 4318349.543, 96
Trd, 4318352.193, 129
Trd, 4318352.593, 128
Trd, 4318353.093, 128
Trd, 4318353.243, 140
Trd, 4318353.393, 84
Trd, 4318353.743, 140
Trd, 4318354.543, 140
Trd, 4318354.943, 140
Trd, 4318355.093, 126
Trd, 4318356.643, 139
Trd, 4318356.893, 107
Trd, 4318357.543, 72
Trd, 4318357.993, 67
Trd, 4318358.743, 67
Trd, 4318360.193, 62
Trd, 4318360.393, 61
Trd, 4318360.693, 70
Trd, 4318361.793, 63
Trd, 4318361.893, 64
Trd, 4318362.693, 60
Trd, 4318363.193, 60
Trd, 4318363.943, 60
Trd, 4318364.143, 104
Trd, 4318364.293, 86
Trd, 4318365.193, 62
Trd, 4318365.943, 68
Trd, 4318366.943, 60
Trd, 4318367.593, 60
Trd, 4318367.943, 60
Trd, 4318369.043, 90
Trd, 4318369.143, 91
Trd, 4318369.843, 135
Trd, 4318369.893, 133
Trd, 4318372.543, 127
Trd, 4318373.193, 124
Trd, 4318373.543, 114
Trd, 4318374.343, 139
Trd, 4318375.343, 139
Trd, 4318377.393, 121
Trd, 4318377.443, 114
Trd, 4318377.493, 91
Trd, 4318378.343, 130
Trd, 4318378.743, 138
Trd, 4318379.593, 90
Trd, 4318380.643, 137
Trd, 4318382.393, 128
Trd, 4318383.043, 96
Trd, 4318383.493, 87
Trd, 4318383.943, 134
Trd, 4318384.493, 121
Trd, 4318384.843, 99
Trd, 4318386.093, 134
Trd, 4318388.093, 140
Trd, 4318388.493, 95
Trd, 4318389.093, 140
Trd, 4318390.793, 120
Trd, 4318391.843, 116
Trd, 4318391.943, 120
Trd, 4318392.293, 140
Trd, 4318392.893, 118
Trd, 4318392.943, 113
Trd, 4318394.993, 136
Trd, 4318395.893, 116
Trd, 4318396.043, 109
Trd, 4318396.193, 101
Trd, 4318397.093, 134
Trd, 4318397.243, 138
Trd, 4318398.643, 139
Trd, 4318398.743, 119
Trd, 4318399.443, 137
Trd, 4318399.593, 87
Trd, 4318400.393, 61
Trd, 4318401.943, 76
Trd, 4318403.043, 140
Trd, 4318403.143, 111
Trd, 4318405.493, 140
Trd, 4318405.893, 138
Trd, 4318406.243, 138
Trd, 4318406.393, 135
Trd, 4318407.443, 136
Trd, 4318407.893, 116
Trd, 4318408.193, 100
Trd, 4318409.043, 137
Trd, 4318409.443, 140
Trd, 4318410.893, 80
Trd, 4318411.293, 77
Trd, 4318412.493, 137
Trd, 4318412.543, 92
Trd, 4318413.193, 139
Trd, 4318415.443, 134
Trd, 4318416.543, 136
Trd, 4318416.843, 139
Trd, 4318417.943, 138
Trd, 4318419.293, 138
Trd, 4318419.443, 140
Trd, 4318419.543, 102
Trd, 4318420.593, 140
Trd, 4318421.143, 134
Trd, 4318422.343, 128
Trd, 4318422.743, 138
Trd, 4318423.343, 110
Trd, 4318423.443, 89
Trd, 4318424.043, 135
Trd, 4318424.343, 64
Trd, 4318425.493, 110
Trd, 4318425.543, 107
Trd, 4318426.043, 130
Trd, 4318426.143, 77
Trd, 4318427.193, 108
Trd, 4318429.143, 126
Trd, 4318430.743, 140
Trd, 4318431.043, 139
Trd, 4318431.993, 130
Trd, 4318432.343, 119
Trd, 4318432.643, 100
Trd, 4318436.093, 140
Trd, 4318436.543, 140
Trd, 4318436.593, 131
Trd, 4318437.643, 140
Trd, 4318437.943, 140
Trd, 4318438.143, 138
Trd, 4318438.293, 114
Trd, 4318440.543, 140
Trd, 4318440.743, 117
Trd, 4318442.643, 60
Trd, 4318442.893, 60
Trd, 4318443.693, 140
Trd, 4318443.893, 140
Trd, 4318445.643, 133
Trd, 4318446.893, 113
Trd, 4318446.943, 90
Trd, 4318448.393, 138
Trd, 4318449.343, 136
Trd, 4318450.793, 129
Trd, 4318450.893, 138
Trd, 4318451.243, 138
Trd, 4318451.943, 128
Trd, 4318453.993, 62
Trd, 4318454.093, 63
Trd, 4318455.043, 98
Trd, 4318455.543, 110
Trd, 4318455.693, 109
Trd, 4318456.443, 101
Trd, 4318456.543, 81
Trd, 4318456.943, 116
Trd, 4318458.443, 140
Trd, 4318459.193, 114
Trd, 4318460.043, 115
Trd, 4318461.543, 139
Trd, 4318461.743, 139
Trd, 4318462.243, 139
Trd, 4318462.743, 140
Trd, 4318462.993, 97
Trd, 4318463.943, 60
Trd, 4318464.093, 60
Trd, 4318466.293, 60
Trd, 4318466.393, 60
Trd, 4318466.693, 60
Trd, 4318466.793, 66
Trd, 4318467.543, 125
Trd, 4318468.693, 140
Trd, 4318468.843, 124
Trd, 4318470.093, 140
Trd, 4318470.293, 87
Trd, 4318471.643, 127
Trd, 4318473.793, 140
Trd, 4318473.843, 138
Trd, 4318474.443, 140
Trd, 4318475.643, 134
Trd, 4318475.843, 83
Trd, 4318476.543, 63
Trd, 4318477.543, 116
Trd, 4318478.143, 100
Trd, 4318478.343, 96
Trd, 4318479.293, 126
Trd, 4318479.593, 124
Trd, 4318479.843, 92
Trd, 4318480.793, 79
Trd, 4318481.193, 119
Trd, 4318482.443, 116
Trd, 4318482.643, 80
Trd, 4318482.993, 60
Trd, 4318483.693, 60
Trd, 4318484.143, 60
Trd, 4318484.393, 60
Trd, 4318484.943, 119
Trd, 4318487.893, 139
Trd, 4318488.343, 139
Trd, 4318488.793, 138
Trd, 4318489.893, 114
Trd, 4318491.243, 139
Trd, 4318491.343, 113
Trd, 4318492.093, 97
Trd, 4318493.143, 137
Trd, 4318494.193, 140
Trd, 4318494.293, 139
Trd, 4318495.693, 102
Trd, 4318496.243, 117
Trd, 4318497.943, 123
Trd, 4318498.293, 132
Trd, 4318498.393, 138
Trd, 4318498.643, 123
Trd, 4318498.843, 101
Trd, 4318499.193, 61
Trd, 4318501.043, 132
Trd, 4318503.493, 90
Trd, 4318504.693, 138
Trd, 4318505.343, 89
Trd, 4318506.093, 88
Trd, 4318506.193, 75
Trd, 4318506.443, 68
Trd, 4318507.493, 102
Trd, 4318509.643, 137
Trd, 4318509.993, 126
Trd, 4318510.443, 136
Trd, 4318511.093, 101
Trd, 4318512.593, 128
Trd, 4318513.293, 125
Trd, 4318514.543, 140
Trd, 4318515.343, 121
Trd, 4318515.893, 140
Trd, 4318517.193, 139
Trd, 4318517.543, 131
Trd, 4318518.343, 135
Trd, 4318518.543, 136
Trd, 4318518.993, 102
Trd, 4318519.543, 132
Trd, 4318519.893, 60
Trd, 4318520.343, 102
Trd, 4318524.243, 127
Trd, 4318525.393, 140
Trd, 4318525.693, 135
Trd, 4318526.593, 124
Trd, 4318527.193, 115
Trd, 4318527.443, 107
Trd, 4318527.643, 140
Trd, 4318530.393, 137
Trd, 4318530.493, 111
Trd, 4318530.843, 129
Trd, 4318531.943, 134
Trd, 4318532.543, 135
Trd, 4318532.843, 105
Trd, 4318532.893, 71
Trd, 4318533.193, 135
Trd, 4318533.393, 68
Trd, 4318535.143, 140
Trd, 4318536.493, 140
Trd, 4318537.243, 140
Trd, 4318538.443, 81
Trd, 4318539.443, 125
Trd, 4318539.493, 103
Trd, 4318540.393, 111
Trd, 4318541.343, 90
Trd, 4318542.293, 136
Trd, 4318542.743, 125
Trd, 4318543.593, 139
Trd, 4318543.943, 62
Trd, 4318544.143, 62
Trd, 4318544.343, 63
Trd, 4318545.593, 139
Trd, 4318546.643, 103
Trd, 4318548.293, 140
Trd, 4318548.843, 140
Trd, 4318549.493, 140
Trd, 4318550.093, 137
Trd, 4318551.243, 140
Trd, 4318552.043, 124
Trd, 4318552.543, 126
Trd, 4318552.943, 127
Trd, 4318553.393, 138
Trd, 4318553.643, 137
Trd, 4318555.943, 140
Trd, 4318556.543, 139
Trd, 4318557.243, 138
Trd, 4318557.993, 104
Trd, 4318558.343, 107
Trd, 4318558.743, 107
Trd, 4318558.843, 108
Trd, 4318558.993, 102
Trd, 4318560.643, 137
Trd, 4318561.443, 136
Trd, 4318563.043, 139
Trd, 4318563.543, 136
Trd, 4318564.193, 136
Trd, 4318565.143, 135
Trd, 4318565.193, 117
Trd, 4318566.793, 140
Trd, 4318566.993, 138
Trd, 4318569.443, 140
Trd, 4318569.593, 118
Trd, 4318569.843, 111
Trd, 4318570.593, 140
Trd, 4318571.743, 139
Trd, 4318571.843, 124
Trd, 4318572.893, 61
Trd, 4318574.343, 69
Trd, 4318574.943, 81
Trd, 4318575.043, 101
Trd, 4318576.593, 80
Trd, 4318576.893, 99
Trd, 4318577.393, 100
Trd, 4318577.493, 101
Trd, 4318577.893, 87
Trd, 4318579.243, 117
Trd, 4318579.693, 116
Trd, 4318579.743, 131
Trd, 4318580.293, 98
Trd, 4318580.493, 129
Trd, 4318581.693, 101
Trd, 4318582.043, 70
Trd, 4318583.443, 117
Trd, 4318584.793, 134
Trd, 4318585.443, 140
Trd, 4318586.743, 137
Trd, 4318586.993, 136
Trd, 4318587.593, 90
Trd, 4318589.743, 140
Trd, 4318591.043, 140
Trd, 4318591.293, 140
Trd, 4318591.943, 114
Trd, 4318592.143, 68
Trd, 4318592.743, 137
Trd, 4318593.093, 130
Trd, 4318593.193, 75
Trd, 4318593.343, 74
Trd, 4318594.843, 61
Trd, 4318594.993, 63
Trd, 4318595.793, 140
Trd, 4318596.593, 122
Trd, 4318597.043, 85
Trd, 4318600.043, 139
Trd, 4318601.193, 139
Trd, 4318601.743, 138
Trd, 4318602.743, 135
Trd, 4318604.143, 135
Trd, 4318604.643, 136
Trd, 4318604.743, 128
Trd, 4318605.493, 129
Trd, 4318605.993, 121
Trd, 4318606.593, 130
Trd, 4318606.743, 109
Trd, 4318606.993, 105
Trd, 4318607.543, 132
Trd, 4318607.993, 105
Trd, 4318609.243, 107
Trd, 4318610.443, 125
Trd, 4318611.393, 134
Trd, 4318612.043, 140
Trd, 4318613.043, 131
Trd, 4318613.893, 140
Trd, 4318614.293, 132
Trd, 4318615.593, 140
Trd, 4318616.243, 138
Trd, 4318616.693, 134
Trd, 4318617.843, 140
Trd, 4318618.943, 135
Trd, 4318619.843, 108
Trd, 4318620.243, 64
Trd, 4318621.343, 63
Trd, 4318621.593, 67
Trd, 4318622.393, 109
Trd, 4318622.493, 83
Trd, 4318623.543, 101
Trd, 4318623.993, 140
Trd, 4318624.043, 108
Trd, 4318625.193, 135
Trd, 4318625.493, 130
Trd, 4318626.943, 101
Trd, 4318628.843, 139
Trd, 4318629.143, 136
Trd, 4318629.343, 127
Trd, 4318630.943, 132
Trd, 4318630.993, 133
Trd, 4318631.593, 125
Trd, 4318631.893, 134
Trd, 4318632.343, 125
Trd, 4318632.493, 99
Trd, 4318635.143, 139
Trd, 4318635.193, 138
Trd, 4318635.393, 109
Trd, 4318635.543, 72
Trd, 4318638.443, 140
Trd, 4318638.693, 134
Trd, 4318639.343, 139
Trd, 4318639.943, 111
Trd, 4318641.043, 138
Trd, 4318642.393, 136
Trd, 4318643.293, 138
Trd, 4318643.543, 137
Trd, 4318644.143, 127
Trd, 4318645.693, 136
Trd, 4318646.093, 132
Trd, 4318647.593, 138
Trd, 4318648.043, 140
Trd, 4318648.943, 139
Trd, 4318649.193, 93
Trd, 4318649.543, 79
Trd, 4318649.693, 140
Trd, 4318649.943, 140
Trd, 4318651.143, 70
Trd, 4318652.193, 98
Trd, 4318653.343, 127
Trd, 4318653.543, 140
Trd, 4318654.993, 122
Trd, 4318655.093, 108
Trd, 4318656.393, 60
Trd, 4318656.993, 60
Trd, 4318658.193, 60
Trd, 4318658.943, 60
Trd, 4318659.243, 60
Trd, 4318659.343, 65
Trd, 4318659.843, 65
Trd, 4318660.143, 61
Trd, 4318660.493, 66
Trd, 4318662.693, 104
Trd, 4318662.893, 72
Trd, 4318663.193, 106
Trd, 4318663.593, 76
Trd, 4318664.143, 127
Trd, 4318665.093, 140
Trd, 4318667.643, 140
Trd, 4318668.393, 140
Trd, 4318669.193, 140
Trd, 4318669.743, 140
Trd, 4318670.543, 140
Trd, 4318670.643, 134
Trd, 4318670.793, 117
Trd, 4318672.893, 138
Trd, 4318673.343, 140
Trd, 4318673.443, 138
Trd, 4318673.593, 139
Trd, 4318674.493, 118
Trd, 4318675.643, 110
Trd, 4318675.693, 79
Trd, 4318677.343, 140
Trd, 4318677.893, 110
Trd, 4318677.993, 124
Trd, 4318678.593, 123
Trd, 4318678.893, 104
Trd, 4318679.743, 66
Trd, 4318681.293, 95
Trd, 4318681.493, 103
Trd, 4318682.493, 97
Trd, 4318682.643, 102
Trd, 4318683.693, 63
Trd, 4318684.493, 66
Trd, 4318685.293, 64
Trd, 4318685.943, 60
Trd, 4318686.793, 61
Trd, 4318686.993, 64
Trd, 4318688.843, 60
Trd, 4318688.943, 60
Trd, 4318688.993, 61
Trd, 4318689.143, 128
Trd, 4318690.993, 139
Trd, 4318693.343, 140
Trd, 4318693.743, 140
Trd, 4318694.643, 134
Trd, 4318695.043, 140
Trd, 4318697.093, 136
Trd, 4318698.243, 140
Trd, 4318698.643, 121
Trd, 4318698.793, 120
Trd, 4318699.093, 91
Trd, 4318700.893, 121
Trd, 4318702.643, 139
Trd, 4318703.293, 137
Trd, 4318705.593, 127
Trd, 4318705.843, 116
Trd, 4318706.143, 116
Trd, 4318706.393, 128
Trd, 4318706.443, 102
Trd, 4318706.543, 61
Trd, 4318707.243, 86
Trd, 4318709.443, 120
Trd, 4318709.643, 95
Trd, 4318712.093, 139
Trd, 4318713.093, 139
Trd, 4318714.893, 137
Trd, 4318715.243, 140
Trd, 4318715.543, 140
Trd, 4318716.043, 121
Trd, 4318716.493, 115
Trd, 4318716.693, 102
Trd, 4318717.243, 80
Trd, 4318717.893, 60
Trd, 4318718.143, 60
Trd, 4318718.993, 73
Trd, 4318719.043, 120
Trd, 4318719.643, 120
Trd, 4318720.343, 101
Trd, 4318721.243, 136
Trd, 4318723.393, 140
Trd, 4318724.793, 110
Trd, 4318724.893, 139
Trd, 4318725.043, 140
Trd, 4318725.743, 129
Trd, 4318726.043, 112
Trd, 4318726.743, 140
Trd, 4318727.043, 138
Trd, 4318728.393, 135
Trd, 4318729.143, 137
Trd, 4318731.443, 140
Trd, 4318731.993, 140
Trd, 4318732.043, 133
Trd, 4318733.743, 138
Trd, 4318734.193, 137
Trd, 4318734.843, 137
Trd, 4318735.243, 107
Trd, 4318735.743, 88
Trd, 4318736.993, 134
Trd, 4318737.393, 113
Trd, 4318737.643, 131
Trd, 4318738.093, 133
Trd, 4318738.593, 124
Trd, 4318738.693, 71
Trd, 4318739.943, 61
Trd, 4318740.143, 130
Trd, 4318740.893, 79
Trd, 4318742.243, 140
Trd, 4318742.393, 140
Trd, 4318743.443, 126
Trd, 4318744.843, 138
Trd, 4318745.293, 115
Trd, 4318745.743, 133
Trd, 4318746.043, 132
Trd, 4318746.593, 122
Trd, 4318748.793, 115
Trd, 4318749.043, 123
Trd, 4318749.343, 98
Trd, 4318749.543, 123
Trd, 4318749.793, 85
Trd, 4318750.143, 124
Trd, 4318750.193, 68
Trd, 4318750.293, 63
Trd, 4318751.393, 64
Trd, 4318751.593, 65
Trd, 4318752.643, 67
Trd, 4318753.293, 88
Trd, 4318754.193, 138
Trd, 4318755.543, 103
Trd, 4318755.843, 61
Trd, 4318757.493, 140
Trd, 4318758.593, 140
Trd, 4318759.393, 102
Trd, 4318759.493, 101
Trd, 4318761.493, 140
Trd, 4318762.243, 137
Trd, 4318762.343, 131
Trd, 4318762.643, 98
Trd, 4318763.193, 129
Trd, 4318763.393, 132
Trd, 4318765.143, 87
Trd, 4318765.493, 133
Trd, 4318765.793, 67
Trd, 4318766.693, 140
Trd, 4318769.093, 140
Trd, 4318769.793, 139
Trd, 4318770.493, 139
Trd, 4318772.793, 139
Trd, 4318773.243, 134
Trd, 4318774.843, 130
Trd, 4318775.193, 118
Trd, 4318775.943, 100
Trd, 4318776.593, 123
Trd, 4318777.293, 108
Trd, 4318777.643, 86
Trd, 4318777.743, 120
Trd, 4318778.043, 83
Trd, 4318778.793, 138
Trd, 4318778.993, 65
Trd, 4318780.093, 61
Trd, 4318781.243, 64
Trd, 4318781.743, 64
Trd, 4318782.093, 65
Trd, 4318782.743, 101
Trd, 4318784.543, 60
Trd, 4318784.793, 60
Trd, 4318784.843, 60
Trd, 4318785.343, 60
Trd, 4318786.043, 62
Trd, 4318786.193, 83
Trd, 4318787.143, 79
Trd, 4318787.893, 64
Trd, 4318788.193, 64
Trd, 4318788.743, 103
Trd, 4318791.193, 138
Trd, 4318791.993, 139
Trd, 4318792.043, 138
Trd, 4318793.493, 136
Trd, 4318793.843, 94
Trd, 4318796.743, 140
Trd, 4318796.843, 140
Trd, 4318797.843, 140
Trd, 4318798.893, 140
Trd, 4318799.093, 137
Trd, 4318800.443, 134
Trd, 4318801.593, 140
Trd, 4318801.643, 139
Trd, 4318802.043, 60
Trd, 4318804.343, 135
Trd, 4318804.993, 95
Trd, 4318807.293, 140
Trd, 4318807.593, 139
Trd, 4318807.993, 131
Trd, 4318808.293, 106
Trd, 4318809.993, 139
Trd, 4318811.693, 140
Trd, 4318812.043, 140
Trd, 4318813.043, 127
Trd, 4318814.093, 129
Trd, 4318814.143, 128
Trd, 4318815.243, 138
Trd, 4318815.293, 137
Trd, 4318815.693, 124
Trd, 4318815.843, 139
Trd, 4318819.393, 137
Trd, 4318819.693, 106
Trd, 4318820.543, 131
Trd, 4318820.693, 117
Trd, 4318822.743, 104
Trd, 4318822.993, 139
Trd, 4318823.443, 140
Trd, 4318824.793, 140
Trd, 4318825.343, 101
Trd, 4318825.443, 96
Trd, 4318827.343, 133
Trd, 4318827.493, 93
Trd, 4318827.543, 89
Trd, 4318828.093, 130
Trd, 4318828.793, 133
Trd, 4318829.593, 140
Trd, 4318830.343, 72
Trd, 4318831.593, 124
Trd, 4318832.893, 140
Trd, 4318833.793, 138
Trd, 4318834.443, 139
Trd, 4318834.943, 138
Trd, 4318836.643, 132
Trd, 4318837.143, 109
Trd, 4318837.743, 88
Trd, 4318838.043, 129
Trd, 4318838.693, 130
Trd, 4318839.243, 67
Trd, 4318840.093, 135
Trd, 4318840.193, 134
Trd, 4318841.593, 126
Trd, 4318842.193, 139
Trd, 4318843.493, 77
Trd, 4318843.793, 130
Trd, 4318844.643, 105
Trd, 4318845.843, 115
Trd, 4318846.093, 61
Trd, 4318847.293, 140
Trd, 4318848.793, 140
Trd, 4318849.943, 139
Trd, 4318850.843, 126
Trd, 4318851.193, 90
Trd, 4318852.043, 74
Trd, 4318853.193, 137
Trd, 4318854.143, 140
Trd, 4318855.143, 139
Trd, 4318855.593, 140
Trd, 4318856.243, 139
Trd, 4318856.393, 116
Trd, 4318856.943, 136
Trd, 4318857.693, 125
Trd, 4318858.043, 99
Trd, 4318858.143, 76
Trd, 4318858.543, 68
Trd, 4318858.743, 140
Trd, 4318858.893, 67
Trd, 4318860.493, 133
Trd, 4318862.243, 81
Trd, 4318863.043, 82
Trd, 4318863.793, 130
Trd, 4318864.593, 131
Trd, 4318865.043, 131
Trd, 4318865.293, 106
Trd, 4318865.893, 80
Trd, 4318867.043, 64
Trd, 4318867.693, 127
Trd, 4318868.443, 119
Trd, 4318868.643, 118
Trd, 4318868.943, 85
Trd, 4318869.293, 127
Trd, 4318870.343, 88
Trd, 4318870.793, 72
Trd, 4318871.993, 131
Trd, 4318872.443, 137
Trd, 4318872.943, 61
Trd, 4318874.393, 140
Trd, 4318874.643, 136
Trd, 4318876.093, 137
Trd, 4318878.243, 139
Trd, 4318878.743, 134
Trd, 4318879.493, 127
Trd, 4318880.443, 115
Trd, 4318881.443, 136
Trd, 4318881.843, 133
Trd, 4318882.443, 93
Trd, 4318883.343, 92
Trd, 4318883.893, 139
Trd, 4318884.143, 122
Trd, 4318885.443, 140
Trd, 4318886.943, 78
Trd, 4318887.643, 134
Trd, 4318888.743, 67
Trd, 4318888.793, 69
Trd, 4318889.193, 111
Trd, 4318889.343, 76
Trd, 4318890.693, 133
Trd, 4318891.843, 93
Trd, 4318892.643, 140
Trd, 4318893.393, 135
Trd, 4318893.443, 113
Trd, 4318894.843, 108
Trd, 4318895.443, 129
Trd, 4318897.193, 136
Trd, 4318898.293, 131
Trd, 4318898.593, 132
Trd, 4318899.293, 119
Trd, 4318899.993, 140
Trd, 4318900.343, 137
Trd, 4318902.643, 122
Trd, 4318902.893, 113
Trd, 4318903.993, 91
Trd, 4318904.543, 137
Trd, 4318904.593, 79
Trd, 4318905.293, 112
Trd, 4318905.693, 115
Trd, 4318907.443, 113
Trd, 4318908.143, 109
Trd, 4318908.693, 114
Trd, 4318909.193, 115
Trd, 4318909.243, 117
Trd, 4318910.093, 135
Trd, 4318910.143, 133
Trd, 4318911.193, 60
Trd, 4318911.543, 60
Trd, 4318912.043, 136
Trd, 4318912.493, 106
Trd, 4318913.493, 139
Trd, 4318913.943, 115
Trd, 4318916.143, 111
Trd, 4318916.443, 60
Trd, 4318917.393, 117
Trd, 4318917.493, 118
Trd, 4318918.093, 115
Trd, 4318918.143, 113
Trd, 4318919.343, 134
Trd, 4318920.443, 140
Trd, 4318921.443, 140
Trd, 4318922.143, 140
Trd, 4318923.693, 105
Trd, 4318924.143, 140
Trd, 4318925.243, 129
Trd, 4318926.043, 128
Trd, 4318927.193, 138
Trd, 4318927.593, 137
Trd, 4318929.043, 139
Trd, 4318929.593, 86
Trd, 4318929.843, 85
Trd, 4318930.293, 79
Trd, 4318931.693, 140
Trd, 4318932.743, 140
Trd, 4318932.993, 139
Trd, 4318934.943, 122
Trd, 4318935.093, 135
Trd, 4318935.343, 136
Trd, 4318936.193, 120
Trd, 4318937.143, 97
Trd, 4318937.393, 107
Trd, 4318937.693, 123
Trd, 4318939.893, 140
Trd, 4318940.493, 139
Trd, 4318940.843, 139
Trd, 4318942.193, 138
Trd, 4318942.343, 132
Trd, 4318942.943, 82
Trd, 4318943.743, 117
Trd, 4318944.393, 104
Trd, 4318945.893, 139
Trd, 4318946.543, 140
Trd, 4318947.093, 138
Trd, 4318947.293, 132
Trd, 4318949.393, 138
Trd, 4318949.493, 132
Trd, 4318951.743, 135
Trd, 4318952.893, 128
Trd, 4318952.943, 107
Trd, 4318953.893, 132
Trd, 4318953.993, 105
Trd, 4318954.293, 134
Trd, 4318954.343, 135
Trd, 4318955.243, 132
Trd, 4318955.593, 90
Trd, 4318957.643, 60
Trd, 4318958.093, 60
Trd, 4318958.293, 60
Trd, 4318958.893, 61
Trd, 4318960.443, 138
Trd, 4318960.693, 139
Trd, 4318961.793, 140
Trd, 4318962.643, 139
Trd, 4318963.743, 137
Trd, 4318964.443, 132
Trd, 4318965.793, 125
Trd, 4318966.393, 80
Trd, 4318967.643, 73
Trd, 4318968.193, 128
Trd, 4318968.393, 98
Trd, 4318968.593, 128
Trd, 4318968.743, 129
Trd, 4318972.493, 140
Trd, 4318973.543, 96
Trd, 4318975.143, 136
Trd, 4318975.243, 109
Trd, 4318975.343, 95
Trd, 4318978.193, 140
Trd, 4318978.493, 140
Trd, 4318978.593, 92
Trd, 4318979.843, 139
Trd, 4318979.893, 109
Trd, 4318980.043, 134
Trd, 4318982.343, 117
Trd, 4318982.443, 106
Trd, 4318982.943, 97
Trd, 4318983.943, 130
Trd, 4318984.943, 114
Trd, 4318985.093, 129
Trd, 4318985.843, 129
Trd, 4318986.193, 129
Trd, 4318986.243, 113
Trd, 4318987.093, 108
Trd, 4318988.243, 139
Trd, 4318989.293, 72
Trd, 4318989.893, 60
Trd, 4318990.143, 65
Trd, 4318991.893, 60
Trd, 4318993.043, 60
Trd, 4318993.393, 60
Trd, 4318994.143, 60
Trd, 4318994.293, 60
Trd, 4318995.393, 62
Trd, 4318995.743, 60
Trd, 4318996.193, 61
Trd, 4318996.243, 62
Trd, 4318997.443, 78
Trd, 4318998.093, 60
Trd, 4318998.343, 61
Trd, 4318999.943, 60
Trd, 4319000.393, 86
Trd, 4319001.043, 85
Trd, 4319001.243, 85
Trd, 4319001.643, 78
Trd, 4319002.543, 65
Trd, 4319003.943, 83
Trd, 4319004.443, 106
Trd, 4319004.643, 69
Trd, 4319005.193, 137
Trd, 4319006.193, 70
Trd, 4319007.043, 132
Trd, 4319007.693, 117
Trd, 4319010.493, 60
Trd, 4319011.193, 60
Trd, 4319011.793, 60
Trd, 4319011.893, 60
Trd, 4319012.043, 60
Trd, 4319012.743, 60
Trd, 4319013.493, 60
Trd, 4319013.893, 65
Trd, 4319013.943, 67
Trd, 4319014.543, 69
Trd, 4319015.093, 61
Trd, 4319015.343, 70
Trd, 4319016.143, 60
Trd, 4319016.443, 139
Trd, 4319017.743, 81
Trd, 4319017.993, 133
Trd, 4319018.293, 72
Trd, 4319019.493, 122
Trd, 4319019.543, 100
Trd, 4319019.843, 92
Trd, 4319020.643, 123
Trd, 4319021.543, 77
Trd, 4319022.343, 60
Trd, 4319022.443, 61
Trd, 4319023.293, 139
Trd, 4319024.893, 120
Trd, 4319025.143, 119
Trd, 4319026.293, 134
Trd, 4319027.343, 92
Trd, 4319028.793, 101
Trd, 4319029.643, 137
Trd, 4319029.893, 137
Trd, 4319029.993, 136
Trd, 4319030.643, 114
Trd, 4319031.493, 138
Trd, 4319032.393, 134
Trd, 4319034.043, 140
Trd, 4319034.743, 140
Trd, 4319035.993, 140
Trd, 4319036.643, 140
Trd, 4319036.843, 138
Trd, 4319036.943, 125
Trd, 4319038.243, 140
Trd, 4319040.843, 139
Trd, 4319041.143, 133
Trd, 4319042.093, 134
Trd, 4319042.843, 133
Trd, 4319044.493, 87
Trd, 4319044.793, 125
Trd, 4319045.093, 128
Trd, 4319045.343, 80
Trd, 4319047.093, 138
Trd, 4319047.693, 77
Trd, 4319050.293, 140
Trd, 4319050.343, 139
Trd, 4319050.593, 126
Trd, 4319051.093, 106
Trd, 4319052.543, 120
Trd, 4319052.793, 134
Trd, 4319053.043, 90
Trd, 4319053.893, 119
Trd, 4319055.143, 130
Trd, 4319055.693, 117
Trd, 4319056.143, 105
Trd, 4319056.943, 139
Trd, 4319058.343, 91
Trd, 4319059.093, 112
Trd, 4319059.543, 71
Trd, 4319059.693, 84
Trd, 4319061.493, 75
Trd, 4319062.043, 137
Trd, 4319063.043, 132
Trd, 4319063.193, 133
Trd, 4319063.543, 134
Trd, 4319064.193, 137
Trd, 4319064.543, 90
Trd, 4319065.143, 139
Trd, 4319066.593, 93
Trd, 4319066.943, 118
Trd, 4319068.193, 126
Trd, 4319068.693, 124
Trd, 4319068.843, 92
Trd, 4319069.893, 130
Trd, 4319071.343, 106
Trd, 4319071.643, 133
Trd, 4319071.893, 134
Trd, 4319072.093, 89
Trd, 4319074.143, 124
Trd, 4319074.393, 132
Trd, 4319074.743, 133
Trd, 4319076.643, 127
Trd, 4319077.393, 60
Trd, 4319077.793, 61
Trd, 4319078.543, 60
Trd, 4319079.243, 60
Trd, 4319079.393, 61
Trd, 4319080.143, 62
Trd, 4319080.543, 98
Trd, 4319081.293, 66
Trd, 4319081.693, 67
Trd, 4319081.893, 124
Trd, 4319082.643, 88
Trd, 4319083.693, 140
Trd, 4319083.743, 140
Trd, 4319085.343, 140
Trd, 4319085.593, 140
Trd, 4319087.243, 140
Trd, 4319088.743, 139
Trd, 4319090.043, 134
Trd, 4319090.193, 128
Trd, 4319090.343, 95
Trd, 4319090.743, 85
Trd, 4319091.743, 140
Trd, 4319092.443, 140
Trd, 4319093.193, 61
Trd, 4319093.893, 60
Trd, 4319094.343, 60
Trd, 4319094.793, 62
Trd, 4319095.143, 64
Trd, 4319095.443, 60
Trd, 4319095.843, 140
Trd, 4319097.143, 140
Trd, 4319097.693, 115
Trd, 4319098.843, 80
Trd, 4319098.993, 97
Trd, 4319100.243, 137
Trd, 4319102.943, 139
Trd, 4319102.993, 139
Trd, 4319103.293, 140
Trd, 4319103.893, 126
Trd, 4319104.993, 139
Trd, 4319105.693, 133
Trd, 4319106.793, 116
Trd, 4319107.243, 89
Trd, 4319108.343, 97
Trd, 4319109.443, 129
Trd, 4319109.543, 107
Trd, 4319110.043, 99
Trd, 4319110.543, 94
Trd, 4319111.893, 113
Trd, 4319111.943, 125
Trd, 4319113.343, 125
Trd, 4319113.593, 81
Trd, 4319114.793, 111
Trd, 4319116.243, 139
Trd, 4319117.543, 128
Trd, 4319118.493, 136
Trd, 4319118.993, 129
Trd, 4319120.493, 98
Trd, 4319120.643, 99
Trd, 4319120.893, 102
Trd, 4319122.943, 127
Trd, 4319123.243, 140
Trd, 4319123.343, 128
Trd, 4319125.193, 137
Trd, 4319125.243, 120
Trd, 4319127.043, 137
Trd, 4319128.193, 130
Trd, 4319128.443, 129
Trd, 4319128.593, 124
Trd, 4319128.893, 90
Trd, 4319128.943, 132
Trd, 4319129.243, 97
Trd, 4319130.893, 140
Trd, 4319131.343, 93
Trd, 4319132.293, 133
Trd, 4319133.893, 127
Trd, 4319134.893, 127
Trd, 4319135.093, 110
Trd, 4319135.143, 109
Trd, 4319136.343, 122
Trd, 4319136.543, 111
Trd, 4319138.093, 120
Trd, 4319138.543, 93
Trd, 4319138.643, 117
Trd, 4319139.843, 112
Trd, 4319139.893, 118
Trd, 4319139.993, 78
Trd, 4319141.143, 140
Trd, 4319141.243, 139
Trd, 4319141.493, 61
Trd, 4319142.943, 96
Trd, 4319145.093, 137
Trd, 4319146.843, 140
Trd, 4319146.943, 139
Trd, 4319147.943, 140
Trd, 4319149.093, 101
Trd, 4319149.893, 69
Trd, 4319150.543, 131
Trd, 4319151.193, 140
Trd, 4319152.693, 132
Trd, 4319153.493, 136
Trd, 4319153.843, 113
Trd, 4319155.843, 140
Trd, 4319156.243, 140
Trd, 4319157.443, 140
Trd, 4319158.393, 140
Trd, 4319159.393, 128
Trd, 4319159.493, 115
Trd, 4319159.893, 113
Trd, 4319160.593, 137
Trd, 4319160.693, 102
Trd, 4319162.693, 116
Trd, 4319163.093, 115
Trd, 4319163.393, 123
Trd, 4319164.093, 83
Trd, 4319164.493, 89
Trd, 4319164.693, 88
Trd, 4319164.893, 123
Trd, 4319165.643, 76
Trd, 4319166.393, 62
Trd, 4319168.443, 134
Trd, 4319169.343, 140
Trd, 4319170.293, 137
Trd, 4319171.093, 125
Trd, 4319171.193, 120
Trd, 4319172.243, 140
Trd, 4319172.843, 140
Trd, 4319173.243, 137
Trd, 4319173.393, 90
Trd, 4319173.643, 62
Trd, 4319175.293, 111
Trd, 4319175.943, 95
Trd, 4319175.993, 70
Trd, 4319177.243, 140
Trd, 4319177.743, 139
Trd, 4319178.843, 140
Trd, 4319178.993, 113
Trd, 4319179.993, 136
Trd, 4319180.843, 93
Trd, 4319181.893, 136
Trd, 4319183.243, 138
Trd, 4319183.343, 127
Trd, 4319184.593, 112
Trd, 4319186.093, 137
Trd, 4319186.693, 134
Trd, 4319186.793, 127
Trd, 4319187.543, 132
Trd, 4319188.043, 129
Trd, 4319188.793, 133
Trd, 4319189.193, 129
Trd, 4319189.393, 78
Trd, 4319189.943, 60
Trd, 4319190.393, 60
Trd, 4319191.043, 65
Trd, 4319191.493, 65
Trd, 4319191.893, 62
Trd, 4319192.543, 62
Trd, 4319193.343, 94
Trd, 4319193.693, 95
Trd, 4319193.893, 79
Trd, 4319194.943, 61
Trd, 4319195.043, 62
Trd, 4319196.393, 65
Trd, 4319197.643, 60
Trd, 4319198.343, 60
Trd, 4319198.493, 61
Trd, 4319198.643, 62
Trd, 4319199.043, 104
Trd, 4319200.943, 60
Trd, 4319200.993, 61
Trd, 4319201.593, 64
Trd, 4319201.993, 60
Trd, 4319204.643, 139
Trd, 4319205.293, 133
Trd, 4319205.693, 139
Trd, 4319205.743, 102
Trd, 4319207.493, 140
Trd, 4319207.893, 140
Trd, 4319207.943, 71
Trd, 4319208.743, 117
Trd, 4319209.193, 62
Trd, 4319209.943, 134
Trd, 4319210.243, 129
Trd, 4319211.543, 60
Trd, 4319211.893, 60
Trd, 4319212.093, 61
Trd, 4319213.293, 139
Trd, 4319214.643, 139
Trd, 4319216.043, 140
Trd, 4319216.793, 116
Trd, 4319218.193, 140
Trd, 4319218.893, 72
Trd, 4319219.393, 84
Trd, 4319219.943, 62
Trd, 4319220.593, 134
Trd, 4319222.293, 138
Trd, 4319223.043, 139
Trd, 4319223.893, 136
Trd, 4319224.143, 134
Trd, 4319224.543, 130
Trd, 4319225.793, 102
Trd, 4319226.093, 125
Trd, 4319228.043, 140
Trd, 4319228.143, 112
Trd, 4319228.443, 134
Trd, 4319228.843, 114
Trd, 4319229.093, 88
Trd, 4319229.643, 117
Trd, 4319230.093, 140
Trd, 4319230.743, 72
Trd, 4319231.593, 107
Trd, 4319232.343, 79
Trd, 4319232.643, 80
Trd, 4319233.643, 110
Trd, 4319234.193, 140
Trd, 4319234.993, 105
Trd, 4319235.493, 93
Trd, 4319236.543, 140
Trd, 4319237.943, 109
Trd, 4319238.943, 111
Trd, 4319239.993, 137
Trd, 4319240.043, 117
Trd, 4319240.543, 92
Trd, 4319240.843, 135
Trd, 4319241.093, 95
Trd, 4319242.593, 129
Trd, 4319242.693, 125
Trd, 4319243.593, 131
Trd, 4319244.093, 132
Trd, 4319244.343, 125
Trd, 4319245.593, 123
Trd, 4319246.643, 137
Trd, 4319247.793, 137
Trd, 4319248.443, 130
Trd, 4319249.893, 140
Trd, 4319250.443, 103
Trd, 4319252.043, 140
Trd, 4319252.393, 102
Trd, 4319253.243, 106
Trd, 4319253.393, 140
Trd, 4319254.043, 93
Trd, 4319255.593, 140
Trd, 4319256.493, 120
Trd, 4319257.043, 76
Trd, 4319257.293, 70
Trd, 4319258.293, 86
Trd, 4319259.293, 114
Trd, 4319259.743, 126
Trd, 4319260.993, 126
Trd, 4319261.443, 109
Trd, 4319261.593, 61
Trd, 4319262.293, 139
Trd, 4319262.793, 109
Trd, 4319263.193, 133
Trd, 4319263.443, 89
Trd, 4319264.093, 140
Trd, 4319265.243, 82
Trd, 4319267.343, 138
Trd, 4319267.693, 133
Trd, 4319267.893, 96
Trd, 4319268.943, 134
Trd, 4319269.093, 93
Trd, 4319269.343, 136
Trd, 4319270.493, 121
Trd, 4319271.243, 107
Trd, 4319272.193, 127
Trd, 4319272.493, 136
Trd, 4319272.593, 102
Trd, 4319272.943, 140
Trd, 4319273.893, 131
Trd, 4319274.993, 85
Trd, 4319275.843, 80
Trd, 4319275.943, 81
Trd, 4319277.293, 135
Trd, 4319278.193, 140
Trd, 4319278.343, 139
Trd, 4319278.693, 120
Trd, 4319279.843, 139
Trd, 4319280.793, 140
Trd, 4319282.843, 106
Trd, 4319283.443, 96
Trd, 4319285.293, 140
Trd, 4319286.393, 139
Trd, 4319286.643, 120
Trd, 4319286.793, 107
Trd, 4319287.143, 139
Trd, 4319287.943, 140
Trd, 4319289.493, 140
Trd, 4319289.643, 137
Trd, 4319291.293, 104
Trd, 4319292.293, 140
Trd, 4319294.243, 138
Trd, 4319294.393, 132
Trd, 4319295.543, 114
Trd, 4319296.143, 140
Trd, 4319297.143, 140
Trd, 4319299.443, 140
Trd, 4319299.693, 130
Trd, 4319300.043, 133
Trd, 4319300.193, 92
Trd, 4319300.843, 126
Trd, 4319302.193, 140
Trd, 4319303.493, 140
Trd, 4319304.393, 138
Trd, 4319305.543, 138
Trd, 4319306.593, 115
Trd, 4319306.843, 107
Trd, 4319307.193, 106
Trd, 4319307.893, 139
Trd, 4319308.693, 107
Trd, 4319309.443, 138
Trd, 4319309.993, 87
Trd, 4319310.293, 65
Trd, 4319311.643, 140
Trd, 4319313.693, 140
Trd, 4319314.443, 138
Trd, 4319314.593, 107
Trd, 4319316.143, 136
Trd, 4319316.343, 124
Trd, 4319316.793, 138
Trd, 4319317.443, 138
Trd, 4319317.593, 139
Trd, 4319317.743, 122
Trd, 4319318.493, 62
Trd, 4319318.693, 138
Trd, 4319320.043, 61
Trd, 4319321.043, 60
Trd, 4319321.293, 65
Trd, 4319321.593, 62
Trd, 4319322.293, 63
Trd, 4319322.343, 80
Trd, 4319323.993, 122
Trd, 4319325.193, 128
Trd, 4319326.893, 140
Trd, 4319327.243, 120
Trd, 4319327.393, 98
Trd, 4319328.443, 140
Trd, 4319328.893, 120
Trd, 4319329.943, 101
Trd, 4319331.843, 140
Trd, 4319333.543, 140
Trd, 4319335.443, 140
Trd, 4319337.593, 140
Trd, 4319337.693, 139
Trd, 4319338.193, 132
Trd, 4319338.693, 133
Trd, 4319338.893, 112
Trd, 4319339.093, 137
Trd, 4319339.993, 72
Trd, 4319341.843, 140
Trd, 4319341.993, 140
Trd, 4319342.843, 136
Trd, 4319343.643, 138
Trd, 4319344.243, 139
Trd, 4319344.793, 129
Trd, 4319345.393, 109
Trd, 4319346.543, 71
Trd, 4319347.043, 102
Trd, 4319348.193, 113
Trd, 4319349.143, 104
Trd, 4319349.393, 138
Trd, 4319349.693, 129
Trd, 4319351.743, 60
Trd, 4319352.193, 60
Trd, 4319352.993, 65
Trd, 4319353.043, 72
Trd, 4319353.843, 136
Trd, 4319354.093, 102
Trd, 4319354.793, 62
Trd, 4319356.143, 139
Trd, 4319356.193, 124
Trd, 4319359.593, 103
Trd, 4319359.793, 137
Trd, 4319359.993, 104
Trd, 4319360.093, 140
Trd, 4319361.393, 140
Trd, 4319361.843, 130
Trd, 4319362.493, 99
Trd, 4319362.643, 93
Trd, 4319364.093, 138
Trd, 4319364.543, 138
Trd, 4319365.293, 80
Trd, 4319367.443, 133
Trd, 4319367.943, 130
Trd, 4319368.643, 129
Trd, 4319368.693, 98
Trd, 4319368.793, 85
Trd, 4319368.943, 129
Trd, 4319369.143, 94
Trd, 4319370.443, 60
Trd, 4319370.543, 67
Trd, 4319371.443, 63
Trd, 4319371.593, 61
Trd, 4319372.493, 139
Trd, 4319373.393, 136
Trd, 4319376.193, 138
Trd, 4319376.693, 137
Trd, 4319377.493, 123
Trd, 4319378.593, 117
Trd, 4319379.243, 75
Trd, 4319379.343, 70
Trd, 4319380.143, 122
Trd, 4319380.193, 101
Trd, 4319381.043, 129
Trd, 4319381.693, 60
Trd, 4319382.593, 121
Trd, 4319384.093, 73
Trd, 4319385.693, 140
Trd, 4319386.243, 140
Trd, 4319386.943, 139
Trd, 4319388.093, 140
Trd, 4319388.943, 140
Trd, 4319389.993, 140
Trd, 4319390.093, 140
Trd, 4319390.393, 140
Trd, 4319392.493, 105
Trd, 4319392.593, 104
Trd, 4319394.943, 140
Trd, 4319395.543, 137
Trd, 4319397.143, 139
Trd, 4319397.393, 108
Trd, 4319397.843, 108
Trd, 4319398.543, 138
Trd, 4319399.493, 132
Trd, 4319400.043, 140
Trd, 4319402.843, 140
Trd, 4319402.993, 140
Trd, 4319403.593, 122
Trd, 4319403.893, 111
Trd, 4319404.943, 111
Trd, 4319405.443, 125
Trd, 4319406.493, 140
Trd, 4319406.943, 140
Trd, 4319407.343, 113
Trd, 4319409.693, 132
Trd, 4319410.443, 134
Trd, 4319410.593, 122
Trd, 4319411.293, 116
Trd, 4319411.443, 133
Trd, 4319412.143, 125
Trd, 4319413.393, 140
Trd, 4319413.643, 96
Trd, 4319413.943, 67
Trd, 4319414.793, 84
Trd, 4319414.943, 116
Trd, 4319417.043, 140
Trd, 4319417.593, 140
Trd, 4319419.593, 140
Trd, 4319420.193, 113
Trd, 4319420.493, 139
Trd, 4319421.393, 105
Trd, 4319421.443, 104
Trd, 4319421.943, 139
Trd, 4319424.643, 140
Trd, 4319425.143, 140
Trd, 4319425.293, 121
Trd, 4319427.993, 106
Trd, 4319429.393, 140
Trd, 4319430.443, 140
Trd, 4319430.493, 137
Trd, 4319432.443, 101
Trd, 4319433.743, 140
Trd, 4319434.343, 140
Trd, 4319437.193, 138
Trd, 4319437.493, 137
Trd, 4319437.793, 122
Trd, 4319438.943, 140
Trd, 4319439.243, 115
Trd, 4319440.443, 121
Trd, 4319442.393, 123
Trd, 4319442.943, 123
Trd, 4319443.193, 119
Trd, 4319443.743, 89
Trd, 4319444.743, 72
Trd, 4319444.843, 72
Trd, 4319445.743, 68
Trd, 4319446.143, 68
Trd, 4319446.943, 134
Trd, 4319447.843, 139
Trd, 4319448.943, 140
Trd, 4319449.293, 140
Trd, 4319449.643, 101
Trd, 4319450.443, 105
Trd, 4319452.993, 140
Trd, 4319453.243, 140
Trd, 4319454.543, 135
Trd, 4319454.843, 135
Trd, 4319454.943, 101
Trd, 4319455.143, 137
Trd, 4319455.693, 80
Trd, 4319456.643, 136
Trd, 4319456.693, 137
Trd, 4319457.893, 63
Trd, 4319459.843, 130
Trd, 4319459.993, 79
Trd, 4319460.143, 112
Trd, 4319462.243, 135
Trd, 4319462.593, 138
Trd, 4319462.743, 101
Trd, 4319463.343, 77
Trd, 4319464.493, 91
Trd, 4319467.943, 140
Trd, 4319468.643, 140
Trd, 4319469.693, 132
Trd, 4319470.043, 117
Trd, 4319470.643, 126
Trd, 4319471.693, 91
Trd, 4319473.493, 138
Trd, 4319474.143, 138
Trd, 4319474.343, 138
Trd, 4319475.393, 123
Trd, 4319475.543, 124
Trd, 4319475.693, 124
Trd, 4319475.843, 113
Trd, 4319476.193, 139
Trd, 4319477.343, 140
Trd, 4319478.143, 139
Trd, 4319481.243, 140
Trd, 4319482.743, 140
Trd, 4319486.143, 140
Trd, 4319486.293, 137
Trd, 4319489.243, 137
Trd, 4319489.343, 130
Trd, 4319489.743, 134
Trd, 4319490.293, 124
Trd, 4319491.393, 140
Trd, 4319491.743, 140
Trd, 4319491.843, 140
Trd, 4319492.243, 140
Trd, 4319494.193, 140
Trd, 4319494.743, 132
Trd, 4319496.843, 140
Trd, 4319496.993, 140
Trd, 4319497.543, 140
Trd, 4319497.593, 72
Trd, 4319497.743, 60
Trd, 4319499.143, 138
Trd, 4319500.543, 124
Trd, 4319500.843, 118
Trd, 4319501.293, 90
Trd, 4319503.243, 111
Trd, 4319503.993, 88
Trd, 4319504.243, 98
Trd, 4319504.443, 99
Trd, 4319504.943, 85
Trd, 4319505.043, 62
Trd, 4319505.743, 116
Trd, 4319506.543, 117
Trd, 4319506.893, 125
Trd, 4319507.593, 124
Trd, 4319509.643, 140
Trd, 4319509.793, 138
Trd, 4319510.193, 124
Trd, 4319510.543, 90
Trd, 4319511.543, 124
Trd, 4319512.493, 134
Trd, 4319512.793, 135
Trd, 4319513.243, 132
Trd, 4319513.593, 113
Trd, 4319515.243, 93
Trd, 4319516.593, 118
Trd, 4319516.993, 127
Trd, 4319517.843, 117
Trd, 4319518.793, 100
Trd, 4319519.893, 140
Trd, 4319520.793, 140
Trd, 4319521.943, 124
Trd, 4319521.993, 113
Trd, 4319523.643, 139
Trd, 4319523.793, 117
Trd, 4319525.493, 140
Trd, 4319525.643, 140
Trd, 4319525.993, 126
Trd, 4319528.693, 140
Trd, 4319529.693, 129
Trd, 4319530.793, 140
Trd, 4319531.343, 136
Trd, 4319532.043, 137
Trd, 4319532.293, 71
Trd, 4319533.943, 105
Trd, 4319533.993, 134
Trd, 4319534.243, 134
Trd, 4319534.743, 84
Trd, 4319534.943, 94
Trd, 4319535.343, 68
Trd, 4319536.243, 64
Trd, 4319538.843, 140
Trd, 4319539.043, 138
Trd, 4319539.443, 108
Trd, 4319540.143, 70
Trd, 4319540.593, 68
Trd, 4319541.543, 122
Trd, 4319543.043, 140
Trd, 4319543.243, 123
Trd, 4319543.343, 107
Trd, 4319543.693, 116
Trd, 4319544.993, 61
Trd, 4319545.043, 62
Trd, 4319545.793, 61
Trd, 4319547.293, 60
Trd, 4319548.793, 60
Trd, 4319548.843, 60
Trd, 4319549.193, 60
Trd, 4319549.643, 68
Trd, 4319550.743, 86
Trd, 4319551.293, 73
Trd, 4319552.043, 122
Trd, 4319552.293, 121
Trd, 4319552.793, 62
Trd, 4319552.993, 63
Trd, 4319555.193, 140
Trd, 4319555.543, 140
Trd, 4319555.593, 100
Trd, 4319555.843, 94
Trd, 4319556.793, 85
Trd, 4319556.993, 72
Trd, 4319558.593, 140
Trd, 4319559.743, 123
Trd, 4319561.343, 140
Trd, 4319561.593, 138
Trd, 4319561.843, 129
Trd, 4319561.993, 129
Trd, 4319563.393, 140
Trd, 4319563.443, 140
Trd, 4319564.393, 140
Trd, 4319564.743, 128
Trd, 4319565.193, 140
Trd, 4319565.593, 139
Trd, 4319565.643, 108
Trd, 4319566.643, 140
Trd, 4319567.893, 102
Trd, 4319569.493, 140
Trd, 4319569.593, 140
Trd, 4319570.193, 127
Trd, 4319570.243, 94
Trd, 4319572.243, 139
Trd, 4319572.493, 117
Trd, 4319573.743, 139
Trd, 4319574.893, 140
Trd, 4319576.943, 126
Trd, 4319578.643, 133
Trd, 4319579.593, 133
Trd, 4319579.893, 118
Trd, 4319582.043, 140
Trd, 4319583.343, 135
Trd, 4319584.043, 138
Trd, 4319584.643, 139
Trd, 4319585.493, 131
Trd, 4319585.793, 139
Trd, 4319586.993, 112
Trd, 4319587.643, 94
Trd, 4319588.143, 71
Trd, 4319588.343, 69
Trd, 4319589.643, 136
Trd, 4319589.993, 117
Trd, 4319592.643, 140
Trd, 4319593.043, 140
Trd, 4319593.943, 140
Trd, 4319594.193, 134
Trd, 4319594.293, 106
Trd, 4319594.493, 95
Trd, 4319595.693, 87
Trd, 4319596.643, 124
Trd, 4319597.943, 121
Trd, 4319598.793, 130
Trd, 4319599.143, 95
Trd, 4319600.843, 60
Trd, 4319600.893, 60
Trd, 4319601.293, 62
Trd, 4319603.743, 140
Trd, 4319603.943, 125
Trd, 4319605.193, 140
Trd, 4319605.743, 136
Trd, 4319606.243, 134
Trd, 4319606.693, 109
Trd, 4319606.943, 135
Trd, 4319607.243, 135
Trd, 4319607.343, 106
Trd, 4319608.593, 132
Trd, 4319608.643, 87
Trd, 4319608.793, 65
Trd, 4319612.043, 139
Trd, 4319612.093, 134
Trd, 4319612.343, 123
Trd, 4319613.143, 106
Trd, 4319613.693, 87
Trd, 4319615.293, 140
Trd, 4319615.443, 140
Trd, 4319615.743, 97
Trd, 4319617.593, 106
Trd, 4319617.843, 106
Trd, 4319618.043, 92
Trd, 4319618.593, 140
Trd, 4319618.943, 126
Trd, 4319619.693, 126
Trd, 4319621.843, 135
Trd, 4319621.943, 86
Trd, 4319623.493, 139
Trd, 4319625.993, 140
Trd, 4319626.393, 140
Trd, 4319626.543, 139
Trd, 4319627.893, 140
Trd, 4319628.093, 140
Trd, 4319628.893, 135
Trd, 4319629.143, 102
Trd, 4319629.743, 139
Trd, 4319631.543, 123
Trd, 4319631.593, 121
Trd, 4319632.193, 133
Trd, 4319632.293, 117
Trd, 4319633.193, 121
Trd, 4319634.293, 112
Trd, 4319635.193, 115
Trd, 4319636.193, 117
Trd, 4319636.643, 119
Trd, 4319637.193, 114
Trd, 4319637.543, 140
Trd, 4319638.043, 109
Trd, 4319639.393, 140
Trd, 4319639.493, 123
Trd, 4319639.693, 76
Trd, 4319640.093, 60
Trd, 4319644.093, 138
Trd, 4319644.143, 136
Trd, 4319644.743, 105
Trd, 4319645.543, 87
Trd, 4319645.893, 136
Trd, 4319646.693, 74
Trd, 4319647.343, 134
Trd, 4319647.793, 138
Trd, 4319648.143, 108
Trd, 4319649.043, 136
Trd, 4319650.293, 92
Trd, 4319651.043, 118
Trd, 4319651.793, 140
Trd, 4319652.993, 125
Trd, 4319654.843, 128
Trd, 4319655.293, 139
Trd, 4319655.693, 126
Trd, 4319657.793, 140
Trd, 4319658.793, 140
Trd, 4319658.893, 140
Trd, 4319659.143, 114
Trd, 4319659.443, 105
Trd, 4319660.393, 134
Trd, 4319661.293, 61
Trd, 4319661.593, 97
Trd, 4319661.993, 91
Trd, 4319662.393, 100
Trd, 4319662.843, 100
Trd, 4319664.243, 139
Trd, 4319664.593, 75
Trd, 4319665.493, 123
Trd, 4319665.943, 122
Trd, 4319667.643, 127
Trd, 4319669.443, 140
Trd, 4319670.343, 140
Trd, 4319671.293, 140
Trd, 4319671.793, 117
Trd, 4319671.893, 105
Trd, 4319672.793, 136
Trd, 4319673.543, 134
Trd, 4319673.693, 88
Trd, 4319674.843, 118
Trd, 4319675.143, 136
Trd, 4319675.493, 98
Trd, 4319675.543, 94
Trd, 4319676.493, 102
Trd, 4319677.743, 60
Trd, 4319678.493, 60
Trd, 4319678.793, 60
Trd, 4319679.143, 60
Trd, 4319679.943, 68
Trd, 4319681.293, 104
Trd, 4319682.993, 130
Trd, 4319684.093, 140
Trd, 4319684.293, 139
Trd, 4319685.243, 114
Trd, 4319685.743, 139
Trd, 4319686.343, 113
Trd, 4319687.093, 111
Trd, 4319687.143, 111
Trd, 4319687.343, 107
Trd, 4319687.943, 131
Trd, 4319688.743, 140
Trd, 4319690.093, 137
Trd, 4319690.493, 136
Trd, 4319690.793, 125
Trd, 4319692.193, 87
Trd, 4319693.343, 140
Trd, 4319693.943, 140
Trd, 4319695.043, 140
Trd, 4319695.293, 140
Trd, 4319697.793, 137
Trd, 4319698.893, 113
Trd, 4319698.943, 97
Trd, 4319699.093, 120
Trd, 4319699.343, 102
Trd, 4319700.293, 71
Trd, 4319700.593, 60
Trd, 4319701.043, 69
Trd, 4319701.843, 71
Trd, 4319701.943, 72
Trd, 4319702.993, 139
Trd, 4319703.793, 118
Trd, 4319704.693, 108
Trd, 4319705.693, 99
Trd, 4319706.243, 140
Trd, 4319707.393, 118
Trd, 4319708.293, 120
Trd, 4319709.943, 60
Trd, 4319710.043, 61
Trd, 4319710.293, 62
Trd, 4319710.993, 67
Trd, 4319711.293, 68
Trd, 4319712.743, 62
Trd, 4319712.893, 63
Trd, 4319713.293, 140
Trd, 4319713.543, 60
Trd, 4319714.443, 140
Trd, 4319715.843, 60
Trd, 4319716.543, 60
Trd, 4319717.343, 61
Trd, 4319717.643, 60
Trd, 4319717.993, 61
Trd, 4319718.193, 62
Trd, 4319718.893, 62
Trd, 4319719.043, 63
Trd, 4319720.593, 61
Trd, 4319721.143, 122
Trd, 4319721.993, 80
Trd, 4319722.293, 63
Trd, 4319723.743, 66
Trd, 4319724.043, 67
Trd, 4319725.093, 60
Trd, 4319725.393, 60
Trd, 4319725.593, 60
Trd, 4319725.743, 65
Trd, 4319726.693, 135
Trd, 4319728.693, 135
Trd, 4319729.443, 139
Trd, 4319730.643, 138
Trd, 4319731.243, 134
Trd, 4319731.443, 121
Trd, 4319733.743, 139
Trd, 4319734.293, 138
Trd, 4319735.593, 134
Trd, 4319735.993, 107
Trd, 4319737.743, 140
Trd, 4319739.543, 138
Trd, 4319739.743, 128
Trd, 4319739.993, 138
Trd, 4319740.743, 138
Trd, 4319741.243, 131
Trd, 4319742.843, 139
Trd, 4319743.393, 133
Trd, 4319743.443, 131
Trd, 4319743.693, 136
Trd, 4319743.793, 94
Trd, 4319745.693, 62
Trd, 4319747.093, 91
Trd, 4319749.343, 140
Trd, 4319749.643, 137
Trd, 4319750.093, 137
Trd, 4319750.543, 126
Trd, 4319750.643, 122
Trd, 4319751.693, 138
Trd, 4319752.443, 108
Trd, 4319752.493, 107
Trd, 4319752.593, 89
Trd, 4319753.143, 136
Trd, 4319754.743, 140
Trd, 4319755.343, 130
Trd, 4319756.193, 140
Trd, 4319757.543, 126
Trd, 4319758.193, 124
Trd, 4319759.193, 139
Trd, 4319761.193, 138
Trd, 4319761.593, 140
Trd, 4319762.393, 138
Trd, 4319762.493, 137
Trd, 4319763.993, 116
Trd, 4319764.843, 121
Trd, 4319765.443, 110
Trd, 4319765.793, 127
Trd, 4319767.193, 140
Trd, 4319767.243, 105
Trd, 4319767.643, 91
Trd, 4319769.593, 127
Trd, 4319769.943, 140
Trd, 4319770.043, 140
Trd, 4319772.193, 137
Trd, 4319772.293, 129
Trd, 4319773.143, 140
Trd, 4319774.893, 111
Trd, 4319775.893, 140
Trd, 4319776.293, 122
Trd, 4319776.943, 115
Trd, 4319777.243, 140
Trd, 4319777.793, 101
Trd, 4319779.393, 75
Trd, 4319781.393, 140
Trd, 4319782.343, 140
Trd, 4319782.493, 140
Trd, 4319782.593, 140
Trd, 4319783.043, 129
Trd, 4319783.193, 99
Trd, 4319784.093, 128
Trd, 4319784.693, 128
Trd, 4319785.293, 138
Trd, 4319786.343, 122
Trd, 4319787.293, 87
Trd, 4319788.643, 112
Trd, 4319789.443, 140
Trd, 4319789.543, 77
Trd, 4319791.193, 139
Trd, 4319791.793, 113
Trd, 4319792.643, 60
Trd, 4319792.693, 61
Trd, 4319793.293, 63
Trd, 4319793.343, 64
Trd, 4319794.293, 60
Trd, 4319795.443, 62
Trd, 4319795.643, 68
Trd, 4319795.943, 69
Trd, 4319796.493, 60
Trd, 4319796.993, 61
Trd, 4319797.443, 62
Trd, 4319798.193, 64
Trd, 4319799.443, 138
Trd, 4319800.543, 138
Trd, 4319801.093, 91
Trd, 4319801.443, 97
Trd, 4319803.093, 138
Trd, 4319804.193, 140
Trd, 4319804.843, 138
Trd, 4319805.143, 101
Trd, 4319806.793, 104
Trd, 4319807.393, 114
Trd, 4319807.443, 114
Trd, 4319808.043, 137
Trd, 4319808.343, 128
Trd, 4319809.793, 125
Trd, 4319810.293, 107
Trd, 4319810.643, 90
Trd, 4319810.943, 79
Trd, 4319811.593, 130
Trd, 4319812.093, 79
Trd, 4319813.793, 128
Trd, 4319814.343, 71
Trd, 4319815.743, 110
Trd, 4319816.143, 111
Trd, 4319816.793, 111
Trd, 4319817.243, 137
Trd, 4319818.043, 113
Trd, 4319819.193, 133
Trd, 4319820.743, 138
Trd, 4319820.793, 121
Trd, 4319821.843, 93
Trd, 4319821.943, 94
Trd, 4319822.343, 140
Trd, 4319822.493, 132
Trd, 4319822.893, 105
Trd, 4319823.143, 104
Trd, 4319824.293, 60
Trd, 4319824.343, 60
Trd, 4319824.843, 60
Trd, 4319826.143, 83
Trd, 4319826.643, 91
Trd, 4319827.343, 71
Trd, 4319827.493, 96
Trd, 4319828.643, 140
Trd, 4319831.043, 140
Trd, 4319831.593, 140
Trd, 4319831.693, 133
Trd, 4319832.393, 98
Trd, 4319832.643, 81
Trd, 4319833.243, 140
Trd, 4319833.443, 78
Trd, 4319833.693, 140
Trd, 4319834.343, 125
Trd, 4319835.743, 94
Trd, 4319836.043, 140
Trd, 4319836.143, 75
Trd, 4319837.043, 140
Trd, 4319838.643, 139
Trd, 4319839.343, 132
Trd, 4319840.043, 129
Trd, 4319840.893, 132
Trd, 4319841.393, 69
Trd, 4319842.193, 99
Trd, 4319842.443, 123
Trd, 4319842.643, 66
Trd, 4319844.593, 60
Trd, 4319845.393, 60
Trd, 4319845.493, 65
Trd, 4319847.193, 139
Trd, 4319847.343, 138
Trd, 4319847.693, 130
Trd, 4319848.343, 126
Trd, 4319850.293, 118
Trd, 4319850.993, 129
Trd, 4319851.093, 130
Trd, 4319851.893, 140
Trd, 4319851.943, 91
Trd, 4319853.443, 60
Trd, 4319853.943, 61
Trd, 4319854.493, 60
Trd, 4319854.543, 60
Trd, 4319855.093, 68
Trd, 4319855.243, 71
Trd, 4319857.043, 62
Trd, 4319857.293, 66
Trd, 4319857.743, 121
Trd, 4319860.293, 139
Trd, 4319860.543, 132
Trd, 4319861.543, 139
Trd, 4319861.793, 128
Trd, 4319862.493, 118
Trd, 4319863.143, 129
Trd, 4319863.793, 129
Trd, 4319865.543, 60
Trd, 4319865.593, 67
Trd, 4319865.693, 97
Trd, 4319866.143, 60
Trd, 4319866.993, 64
Trd, 4319867.743, 139
Trd, 4319867.843, 112
Trd, 4319868.393, 139
Trd, 4319869.643, 88
Trd, 4319870.843, 140
Trd, 4319872.043, 139
Trd, 4319874.593, 140
Trd, 4319875.593, 140
Trd, 4319875.743, 118
Trd, 4319876.393, 124
Trd, 4319876.593, 122
Trd, 4319876.643, 120
Trd, 4319877.843, 140
Trd, 4319878.993, 84
Trd, 4319879.893, 60
Trd, 4319880.693, 69
Trd, 4319881.743, 140
Trd, 4319882.793, 140
Trd, 4319886.443, 127
Trd, 4319886.493, 104
Trd, 4319886.543, 100
Trd, 4319886.693, 95
Trd, 4319887.793, 101
Trd, 4319888.443, 125
Trd, 4319888.793, 139
Trd, 4319889.243, 138
Trd, 4319889.293, 90
Trd, 4319891.493, 138
Trd, 4319894.043, 137
Trd, 4319894.493, 138
Trd, 4319895.543, 126
Trd, 4319895.643, 70
Trd, 4319896.043, 86
Trd, 4319896.643, 140
Trd, 4319897.193, 140
Trd, 4319898.193, 125
Trd, 4319898.543, 86
Trd, 4319899.843, 78
Trd, 4319900.693, 126
Trd, 4319901.593, 140
Trd, 4319901.943, 103
Trd, 4319902.393, 103
Trd, 4319903.743, 139
Trd, 4319904.593, 139
Trd, 4319904.893, 138
Trd, 4319905.893, 136
Trd, 4319907.493, 76
Trd, 4319909.893, 120
Trd, 4319909.943, 101
Trd, 4319910.143, 133
Trd, 4319910.243, 74
Trd, 4319911.193, 109
Trd, 4319912.043, 140
Trd, 4319912.093, 82
Trd, 4319913.343, 62
Trd, 4319914.293, 60
Trd, 4319916.143, 140
Trd, 4319916.643, 135
Trd, 4319918.043, 136
Trd, 4319918.443, 136
Trd, 4319918.943, 114
Trd, 4319919.293, 82
Trd, 4319920.143, 127
Trd, 4319920.893, 103
Trd, 4319921.843, 136
Trd, 4319921.993, 139
Trd, 4319922.993, 139
Trd, 4319923.593, 140
Trd, 4319925.243, 140
Trd, 4319925.293, 102
Trd, 4319927.043, 140
Trd, 4319927.743, 140
Trd, 4319928.893, 139
Trd, 4319929.143, 139
Trd, 4319929.243, 139
Trd, 4319929.643, 108
Trd, 4319930.143, 127
Trd, 4319931.893, 137
Trd, 4319932.443, 137
Trd, 4319933.093, 125
Trd, 4319933.943, 129
Trd, 4319935.593, 115
Trd, 4319936.693, 128
Trd, 4319937.143, 119
Trd, 4319938.043, 140
Trd, 4319938.643, 133
Trd, 4319939.093, 110
Trd, 4319939.943, 105
Trd, 4319940.593, 129
Trd, 4319942.593, 140
Trd, 4319943.693, 130
Trd, 4319943.943, 139
Trd, 4319944.343, 103
Trd, 4319944.643, 112
Trd, 4319945.893, 140
Trd, 4319945.943, 121
Trd, 4319948.443, 140
Trd, 4319948.893, 135
Trd, 4319949.943, 139
Trd, 4319950.193, 140
Trd, 4319950.993, 136
Trd, 4319952.193, 118
Trd, 4319954.343, 140
Trd, 4319955.843, 140
Trd, 4319955.943, 140
Trd, 4319956.043, 105
Trd, 4319956.393, 105
Trd, 4319956.793, 116
Trd, 4319957.593, 136
Trd, 4319958.543, 134
Trd, 4319958.593, 138
Trd, 4319960.143, 103
Trd, 4319960.243, 105
Trd, 4319960.343, 106
Trd, 4319960.443, 71
Trd, 4319960.843, 87
Trd, 4319963.443, 118
Trd, 4319963.593, 132
Trd, 4319963.693, 132
Trd, 4319963.943, 95
Trd, 4319964.443, 138
Trd, 4319965.293, 140
Trd, 4319965.943, 140
Trd, 4319966.493, 140
Trd, 4319966.643, 110
Trd, 4319966.843, 136
Trd, 4319968.193, 131
Trd, 4319970.043, 126
Trd, 4319970.543, 140
Trd, 4319970.593, 139
Trd, 4319972.793, 140
Trd, 4319973.643, 139
Trd, 4319974.143, 139
Trd, 4319974.893, 127
Trd, 4319976.693, 89
Trd, 4319978.593, 140
Trd, 4319978.993, 138
Trd, 4319979.893, 138
Trd, 4319980.493, 113
Trd, 4319981.243, 136
Trd, 4319981.593, 91
Trd, 4319982.193, 134
Trd, 4319982.343, 135
Trd, 4319983.193, 82
Trd, 4319983.493, 69
Trd, 4319984.743, 139
Trd, 4319985.493, 140
Trd, 4319986.393, 109
Trd, 4319987.443, 100
Trd, 4319988.143, 125
Trd, 4319988.593, 96
Trd, 4319989.593, 100
Trd, 4319989.943, 90
Trd, 4319990.343, 90
Trd, 4319990.943, 91
Trd, 4319991.193, 76
Trd, 4319991.743, 60
Trd, 4319992.343, 61
Trd, 4319993.593, 140
Trd, 4319994.843, 108
Trd, 4319995.743, 138
Trd, 4319996.543, 140
Trd, 4319997.093, 137
Trd, 4319997.393, 137
Trd, 4319999.043, 134
Trd, 4319999.343, 135
