Trd, 4318142.043, 132
Trd, 4318142.443, 99
Trd, 4318142.493, 96
Trd, 4318143.043, 74
Trd, 4318143.143, 76
Trd, 4318143.593, 77
Trd, 4318145.843, 121
Trd, 4318146.243, 112
Trd, 4318146.593, 66
Trd, 4318147.393, 78
Trd, 4318148.143, 138
Trd, 4318148.493, 138
Trd, 4318150.193, 140
Trd, 4318150.443, 139
Trd, 4318150.593, 137
Trd, 4318152.293, 106
Trd, 4318153.043, 104
Trd, 4318153.443, 121
Trd, 4318153.593, 71
Trd, 4318153.693, 118
Trd, 4318154.193, 122
Trd, 4318154.493, 85
Trd, 4318155.143, 95
Trd, 4318155.993, 61
Trd, 4318156.643, 109
Trd, 4318157.643, 128
Trd, 4318157.893, 127
Trd, 4318158.143, 121
Trd, 4318160.293, 140
Trd, 4318160.993, 140
Trd, 4318162.343, 139
Trd, 4318162.493, 135
Trd, 4318162.543, 88
Trd, 4318163.143, 65
Trd, 4318163.993, 140
Trd, 4318165.043, 140
Trd, 4318165.693, 140
Trd, 4318166.893, 140
Trd, 4318167.143, 140
Trd, 4318167.343, 140
Trd, 4318168.543, 137
Trd, 4318169.543, 136
Trd, 4318171.693, 140
Trd, 4318171.843, 140
Trd, 4318173.043, 140
Trd, 4318173.143, 140
Trd, 4318173.793, 140
Trd, 4318174.693, 125
Trd, 4318174.743, 124
Trd, 4318175.493, 138
Trd, 4318176.243, 116
Trd, 4318176.643, 140
Trd, 4318177.843, 73
Trd, 4318178.343, 60
Trd, 4318178.743, 64
Trd, 4318179.393, 138
Trd, 4318180.893, 91
Trd, 4318181.843, 121
Trd, 4318182.043, 94
Trd, 4318182.293, 120
Trd, 4318182.893, 60
Trd, 4318184.243, 74
Trd, 4318184.443, 76
Trd, 4318184.843, 79
Trd, 4318185.843, 75
Trd, 4318186.743, 140
Trd, 4318189.343, 140
Trd, 4318189.693, 140
Trd, 4318189.893, 139
Trd, 4318190.443, 135
Trd, 4318190.643, 139
Trd, 4318192.193, 140
Trd, 4318192.993, 140
Trd, 4318194.743, 60
Trd, 4318195.043, 62
Trd, 4318195.593, 63
Trd, 4318195.743, 89
Trd, 4318197.393, 60
Trd, 4318198.293, 67
Trd, 4318199.693, 140
Trd, 4318200.043, 140
Trd, 4318200.393, 140
Trd, 4318200.843, 140
Trd, 4318200.893, 140
Trd, 4318202.843, 131
Trd, 4318203.693, 134
Trd, 4318204.093, 121
Trd, 4318204.443, 120
Trd, 4318204.843, 105
Trd, 4318205.093, 77
Trd, 4318205.343, 69
Trd, 4318206.593, 140
Trd, 4318206.993, 140
Trd, 4318207.193, 139
Trd, 4318208.093, 140
Trd, 4318209.143, 140
Trd, 4318209.543, 140
Trd, 4318210.093, 140
Trd, 4318210.443, 140
Trd, 4318211.443, 126
Trd, 4318212.293, 140
Trd, 4318214.193, 138
Trd, 4318214.493, 139
Trd, 4318214.743, 97
Trd, 4318215.693, 140
Trd, 4318215.793, 140
Trd, 4318215.993, 115
Trd, 4318216.243, 74
Trd, 4318216.343, 72
Trd, 4318216.743, 74
Trd, 4318218.243, 67
Trd, 4318219.593, 139
Trd, 4318219.943, 130
Trd, 4318220.843, 140
Trd, 4318221.143, 132
Trd, 4318221.393, 136
Trd, 4318221.643, 131
Trd, 4318221.943, 84
Trd, 4318222.593, 114
Trd, 4318223.293, 114
Trd, 4318224.593, 117
Trd, 4318225.093, 99
Trd, 4318225.793, 114
Trd, 4318225.993, 108
Trd, 4318226.493, 122
Trd, 4318226.843, 109
Trd, 4318227.793, 140
Trd, 4318227.843, 129
Trd, 4318228.343, 71
Trd, 4318228.943, 62
Trd, 4318229.743, 66
Trd, 4318231.393, 139
Trd, 4318231.793, 138
Trd, 4318232.043, 84
Trd, 4318232.493, 140
Trd, 4318233.543, 139
Trd, 4318233.993, 137
Trd, 4318234.093, 134
Trd, 4318234.293, 131
Trd, 4318236.243, 95
Trd, 4318236.593, 139
Trd, 4318237.493, 137
Trd, 4318237.693, 124
Trd, 4318237.893, 136
Trd, 4318238.893, 138
Trd, 4318239.793, 99
Trd, 4318240.543, 99
Trd, 4318240.843, 140
Trd, 4318241.043, 96
Trd, 4318241.993, 140
Trd, 4318243.193, 140
Trd, 4318243.443, 112
Trd, 4318245.393, 140
Trd, 4318245.993, 140
Trd, 4318246.393, 140
Trd, 4318246.743, 138
Trd, 4318247.643, 140
Trd, 4318248.543, 101
Trd, 4318250.143, 140
Trd, 4318250.693, 140
Trd, 4318250.743, 140
Trd, 4318251.243, 140
Trd, 4318251.793, 94
Trd, 4318252.993, 135
Trd, 4318253.093, 104
Trd, 4318253.193, 87
Trd, 4318254.493, 140
Trd, 4318255.193, 140
Trd, 4318256.093, 140
Trd, 4318257.393, 140
Trd, 4318257.543, 140
Trd, 4318257.793, 87
Trd, 4318258.043, 138
Trd, 4318258.443, 132
Trd, 4318258.743, 80
Trd, 4318259.443, 126
Trd, 4318260.243, 139
Trd, 4318261.393, 140
Trd, 4318261.693, 140
Trd, 4318262.043, 140
Trd, 4318262.443, 124
Trd, 4318262.643, 140
Trd, 4318263.143, 113
Trd, 4318264.593, 140
Trd, 4318264.743, 139
Trd, 4318265.643, 140
Trd, 4318266.643, 140
Trd, 4318267.893, 114
Trd, 4318268.243, 137
Trd, 4318269.143, 140
Trd, 4318269.793, 140
Trd, 4318271.393, 136
Trd, 4318271.593, 95
Trd, 4318272.793, 135
Trd, 4318273.443, 140
Trd, 4318274.043, 140
Trd, 4318274.143, 139
Trd, 4318274.243, 136
Trd, 4318274.543, 140
Trd, 4318274.943, 133
Trd, 4318275.343, 63
Trd, 4318278.093, 140
Trd, 4318278.443, 140
Trd, 4318279.293, 139
Trd, 4318279.793, 140
Trd, 4318280.343, 140
Trd, 4318281.043, 140
Trd, 4318283.793, 140
Trd, 4318284.143, 140
Trd, 4318284.893, 140
Trd, 4318285.643, 140
Trd, 4318285.693, 129
Trd, 4318285.993, 127
Trd, 4318286.693, 140
Trd, 4318287.743, 140
Trd, 4318288.543, 140
Trd, 4318289.293, 140
Trd, 4318289.493, 87
Trd, 4318290.293, 140
Trd, 4318291.593, 83
Trd, 4318292.243, 139
Trd, 4318292.543, 113
Trd, 4318293.293, 139
Trd, 4318294.343, 140
Trd, 4318295.193, 139
Trd, 4318295.293, 85
Trd, 4318295.443, 60
Trd, 4318297.193, 140
Trd, 4318297.293, 140
Trd, 4318298.193, 140
Trd, 4318298.893, 140
Trd, 4318301.243, 140
Trd, 4318301.543, 140
Trd, 4318301.943, 140
Trd, 4318302.243, 139
Trd, 4318302.343, 140
Trd, 4318302.743, 140
Trd, 4318303.543, 138
Trd, 4318303.793, 90
Trd, 4318305.643, 139
Trd, 4318306.043, 135
Trd, 4318306.293, 134
Trd, 4318306.843, 140
Trd, 4318306.893, 139
Trd, 4318308.293, 62
Trd, 4318308.893, 77
Trd, 4318309.543, 69
Trd, 4318309.793, 68
Trd, 4318310.143, 79
Trd, 4318310.793, 71
Trd, 4318311.743, 140
Trd, 4318311.793, 139
Trd, 4318312.393, 79
Trd, 4318314.343, 140
Trd, 4318314.493, 130
Trd, 4318315.243, 116
Trd, 4318316.493, 94
Trd, 4318317.193, 74
Trd, 4318317.793, 91
Trd, 4318317.893, 125
Trd, 4318318.493, 140
Trd, 4318319.643, 91
Trd, 4318320.143, 111
Trd, 4318321.793, 139
Trd, 4318321.943, 122
Trd, 4318322.243, 136
Trd, 4318322.743, 121
Trd, 4318322.943, 119
Trd, 4318323.843, 135
Trd, 4318324.693, 66
Trd, 4318326.043, 69
Trd, 4318326.143, 138
Trd, 4318326.243, 70
Trd, 4318327.243, 83
Trd, 4318327.743, 70
Trd, 4318328.093, 105
Trd, 4318328.793, 140
Trd, 4318328.943, 67
Trd, 4318329.393, 68
Trd, 4318330.643, 140
Trd, 4318330.743, 139
Trd, 4318331.943, 93
Trd, 4318332.593, 112
Trd, 4318332.843, 92
Trd, 4318333.943, 62
Trd, 4318334.793, 140
Trd, 4318335.443, 140
Trd, 4318335.893, 140
Trd, 4318337.243, 140
Trd, 4318337.893, 140
Trd, 4318338.543, 140
Trd, 4318338.743, 140
Trd, 4318339.543, 137
Trd, 4318340.743, 140
Trd, 4318342.743, 140
Trd, 4318342.843, 139
Trd, 4318343.393, 123
Trd, 4318343.593, 140
Trd, 4318344.193, 107
Trd, 4318344.493, 108
Trd, 4318344.693, 81
Trd, 4318345.443, 72
Trd, 4318345.643, 140
Trd, 4318345.893, 68
Trd, 4318347.543, 79
Trd, 4318348.243, 113
Trd, 4318348.293, 112
Trd, 4318350.693, 140
Trd, 4318351.093, 140
Trd, 4318351.143, 140
Trd, 4318351.693, 139
Trd, 4318353.193, 140
Trd, 4318353.243, 140
Trd, 4318354.393, 87
Trd, 4318354.893, 75
Trd, 4318355.493, 98
Trd, 4318355.743, 117
Trd, 4318356.443, 100
Trd, 4318356.793, 124
Trd, 4318357.393, 61
Trd, 4318357.843, 140
Trd, 4318358.393, 140
Trd, 4318358.793, 109
Trd, 4318359.543, 139
Trd, 4318359.643, 98
Trd, 4318361.593, 88
Trd, 4318362.543, 140
Trd, 4318363.543, 140
Trd, 4318364.743, 140
Trd, 4318364.993, 140
Trd, 4318365.193, 139
Trd, 4318365.293, 115
Trd, 4318365.993, 68
Trd, 4318366.693, 139
Trd, 4318367.593, 138
Trd, 4318368.393, 139
Trd, 4318368.493, 138
Trd, 4318369.693, 140
Trd, 4318370.543, 140
Trd, 4318371.093, 139
Trd, 4318373.193, 135
Trd, 4318373.593, 134
Trd, 4318374.593, 89
Trd, 4318374.793, 88
Trd, 4318375.043, 106
Trd, 4318375.243, 113
Trd, 4318375.493, 80
Trd, 4318376.293, 126
Trd, 4318376.343, 70
Trd, 4318376.693, 136
Trd, 4318378.543, 66
Trd, 4318379.043, 62
Trd, 4318379.393, 79
Trd, 4318380.593, 95
Trd, 4318381.093, 70
Trd, 4318381.843, 84
Trd, 4318382.493, 134
Trd, 4318383.593, 138
Trd, 4318384.293, 140
Trd, 4318384.493, 140
Trd, 4318384.543, 140
Trd, 4318385.343, 123
Trd, 4318385.593, 72
Trd, 4318385.643, 125
Trd, 4318387.393, 60
Trd, 4318388.243, 60
Trd, 4318389.343, 140
Trd, 4318389.893, 139
Trd, 4318390.093, 121
Trd, 4318390.243, 120
Trd, 4318390.843, 137
Trd, 4318392.543, 139
Trd, 4318394.093, 140
Trd, 4318394.943, 140
Trd, 4318395.493, 125
Trd, 4318395.543, 124
Trd, 4318396.643, 140
Trd, 4318397.193, 134
Trd, 4318397.343, 114
Trd, 4318397.893, 114
Trd, 4318398.143, 121
Trd, 4318399.093, 137
Trd, 4318399.393, 127
Trd, 4318400.643, 62
Trd, 4318400.693, 63
Trd, 4318402.543, 60
Trd, 4318403.143, 62
Trd, 4318403.943, 140
Trd, 4318404.193, 140
Trd, 4318404.593, 140
Trd, 4318404.893, 140
Trd, 4318405.043, 140
Trd, 4318406.693, 140
Trd, 4318406.743, 140
Trd, 4318407.843, 140
Trd, 4318408.193, 140
Trd, 4318408.993, 139
Trd, 4318410.043, 140
Trd, 4318411.293, 140
Trd, 4318411.743, 140
Trd, 4318412.093, 140
Trd, 4318412.293, 108
Trd, 4318412.393, 107
Trd, 4318412.843, 135
Trd, 4318413.043, 94
Trd, 4318413.793, 140
Trd, 4318414.643, 140
Trd, 4318417.093, 119
Trd, 4318418.143, 140
Trd, 4318419.243, 140
Trd, 4318419.343, 140
Trd, 4318419.693, 119
Trd, 4318419.993, 139
Trd, 4318420.443, 109
Trd, 4318421.543, 75
Trd, 4318421.693, 76
Trd, 4318422.043, 77
Trd, 4318422.593, 77
Trd, 4318422.893, 138
Trd, 4318424.593, 139
Trd, 4318425.943, 140
Trd, 4318426.493, 140
Trd, 4318426.643, 89
Trd, 4318426.693, 111
Trd, 4318428.643, 128
Trd, 4318428.743, 127
Trd, 4318430.043, 139
Trd, 4318431.593, 140
Trd, 4318432.293, 140
Trd, 4318433.093, 140
Trd, 4318434.043, 137
Trd, 4318434.343, 135
Trd, 4318434.643, 140
Trd, 4318435.643, 140
Trd, 4318435.893, 138
Trd, 4318436.443, 139
Trd, 4318437.543, 85
Trd, 4318437.693, 84
Trd, 4318438.193, 73
Trd, 4318439.143, 128
Trd, 4318441.143, 140
Trd, 4318441.943, 140
Trd, 4318442.043, 140
Trd, 4318442.193, 140
Trd, 4318442.943, 139
Trd, 4318443.043, 138
Trd, 4318444.193, 129
Trd, 4318446.693, 140
Trd, 4318447.143, 140
Trd, 4318447.243, 140
Trd, 4318448.243, 140
Trd, 4318448.993, 140
Trd, 4318449.193, 140
Trd, 4318449.643, 140
Trd, 4318451.393, 140
Trd, 4318451.993, 139
Trd, 4318453.543, 140
Trd, 4318453.843, 140
Trd, 4318454.143, 133
Trd, 4318455.293, 140
Trd, 4318455.493, 112
Trd, 4318455.793, 98
Trd, 4318456.093, 132
Trd, 4318458.193, 140
Trd, 4318458.543, 140
Trd, 4318458.693, 139
Trd, 4318459.993, 68
Trd, 4318460.343, 61
Trd, 4318460.543, 104
Trd, 4318461.193, 140
Trd, 4318461.493, 140
Trd, 4318461.843, 128
Trd, 4318463.543, 92
Trd, 4318464.493, 112
Trd, 4318465.393, 140
Trd, 4318466.443, 140
Trd, 4318466.543, 140
Trd, 4318468.493, 140
Trd, 4318468.693, 140
Trd, 4318468.993, 140
Trd, 4318469.343, 139
Trd, 4318470.043, 132
Trd, 4318470.343, 124
Trd, 4318470.793, 135
Trd, 4318471.493, 128
Trd, 4318472.243, 136
Trd, 4318473.543, 140
Trd, 4318473.693, 140
Trd, 4318474.193, 140
Trd, 4318474.493, 139
Trd, 4318475.693, 140
Trd, 4318476.843, 140
Trd, 4318478.243, 140
Trd, 4318478.443, 140
Trd, 4318478.693, 140
Trd, 4318480.693, 140
Trd, 4318480.793, 127
Trd, 4318481.643, 140
Trd, 4318483.393, 140
Trd, 4318484.193, 140
Trd, 4318484.643, 140
Trd, 4318484.843, 140
Trd, 4318485.993, 140
Trd, 4318488.093, 140
Trd, 4318488.393, 140
Trd, 4318488.493, 113
Trd, 4318488.893, 95
Trd, 4318489.293, 134
Trd, 4318489.443, 120
Trd, 4318491.343, 140
Trd, 4318491.743, 139
Trd, 4318493.243, 140
Trd, 4318494.943, 140
Trd, 4318495.093, 140
Trd, 4318496.793, 140
Trd, 4318496.893, 140
Trd, 4318496.993, 140
Trd, 4318497.743, 115
Trd, 4318498.393, 139
Trd, 4318499.543, 140
Trd, 4318500.893, 124
Trd, 4318501.493, 115
Trd, 4318502.393, 127
Trd, 4318502.493, 102
Trd, 4318503.443, 140
Trd, 4318503.493, 140
Trd, 4318504.193, 96
Trd, 4318504.343, 94
Trd, 4318505.643, 95
Trd, 4318507.293, 140
Trd, 4318507.393, 140
Trd, 4318508.443, 140
Trd, 4318508.543, 140
Trd, 4318510.243, 139
Trd, 4318510.543, 140
Trd, 4318511.043, 140
Trd, 4318511.493, 140
Trd, 4318511.993, 104
Trd, 4318512.893, 137
Trd, 4318514.343, 139
Trd, 4318514.393, 121
Trd, 4318514.693, 122
Trd, 4318515.343, 138
Trd, 4318517.193, 140
Trd, 4318517.743, 139
Trd, 4318517.793, 136
Trd, 4318518.343, 101
Trd, 4318518.593, 95
Trd, 4318518.943, 140
Trd, 4318519.393, 139
Trd, 4318521.443, 110
Trd, 4318521.743, 96
Trd, 4318521.893, 118
Trd, 4318522.543, 136
Trd, 4318523.493, 125
Trd, 4318523.643, 124
Trd, 4318524.593, 138
Trd, 4318525.693, 140
Trd, 4318526.293, 139
Trd, 4318526.393, 138
Trd, 4318528.193, 140
Trd, 4318528.243, 140
Trd, 4318528.693, 140
Trd, 4318528.793, 140
Trd, 4318530.543, 127
Trd, 4318530.693, 127
Trd, 4318530.893, 95
Trd, 4318531.243, 126
Trd, 4318532.593, 86
Trd, 4318534.493, 60
Trd, 4318535.893, 61
Trd, 4318536.293, 63
Trd, 4318536.493, 64
Trd, 4318536.693, 65
Trd, 4318536.943, 62
Trd, 4318537.493, 63
Trd, 4318538.043, 97
Trd, 4318538.293, 65
Trd, 4318539.043, 115
Trd, 4318539.393, 71
Trd, 4318539.543, 132
Trd, 4318540.643, 139
Trd, 4318541.093, 137
Trd, 4318541.843, 139
Trd, 4318542.193, 101
Trd, 4318542.693, 68
Trd, 4318542.743, 67
Trd, 4318544.643, 140
Trd, 4318545.093, 139
Trd, 4318545.793, 140
Trd, 4318545.943, 135
Trd, 4318546.293, 118
Trd, 4318547.093, 101
Trd, 4318550.143, 140
Trd, 4318550.193, 140
Trd, 4318550.843, 140
Trd, 4318550.993, 140
Trd, 4318552.043, 137
Trd, 4318553.093, 140
Trd, 4318553.343, 140
Trd, 4318553.443, 139
Trd, 4318554.593, 122
Trd, 4318554.693, 70
Trd, 4318555.593, 86
Trd, 4318556.543, 140
Trd, 4318556.693, 140
Trd, 4318557.193, 102
Trd, 4318557.693, 140
Trd, 4318558.443, 107
Trd, 4318558.593, 114
Trd, 4318558.693, 102
Trd, 4318559.443, 108
Trd, 4318560.443, 62
Trd, 4318561.293, 68
Trd, 4318562.293, 64
Trd, 4318562.593, 140
Trd, 4318563.743, 129
Trd, 4318564.843, 129
Trd, 4318565.293, 132
Trd, 4318565.543, 140
Trd, 4318566.343, 140
Trd, 4318566.693, 139
Trd, 4318566.793, 123
Trd, 4318567.843, 91
Trd, 4318568.143, 94
Trd, 4318569.093, 89
Trd, 4318569.743, 96
Trd, 4318569.893, 93
Trd, 4318570.243, 72
Trd, 4318571.693, 61
Trd, 4318571.893, 64
Trd, 4318572.693, 140
Trd, 4318574.493, 140
Trd, 4318575.593, 140
Trd, 4318576.743, 140
Trd, 4318577.243, 140
Trd, 4318577.443, 140
Trd, 4318577.793, 140
Trd, 4318578.443, 140
Trd, 4318578.993, 140
Trd, 4318579.693, 140
Trd, 4318580.493, 140
Trd, 4318581.943, 140
Trd, 4318583.093, 138
Trd, 4318583.643, 139
Trd, 4318583.693, 138
Trd, 4318584.843, 140
Trd, 4318585.243, 121
Trd, 4318585.493, 120
Trd, 4318586.943, 140
Trd, 4318587.043, 139
Trd, 4318587.943, 140
Trd, 4318589.393, 139
Trd, 4318589.893, 140
Trd, 4318589.943, 136
Trd, 4318590.343, 139
Trd, 4318590.443, 130
Trd, 4318590.693, 113
Trd, 4318592.143, 125
Trd, 4318592.543, 87
Trd, 4318592.843, 126
Trd, 4318593.243, 88
Trd, 4318595.143, 138
Trd, 4318595.193, 106
Trd, 4318595.243, 99
Trd, 4318597.343, 140
Trd, 4318598.193, 140
Trd, 4318598.943, 140
Trd, 4318599.093, 139
Trd, 4318600.343, 140
Trd, 4318600.693, 138
Trd, 4318600.993, 104
Trd, 4318601.793, 139
Trd, 4318602.993, 140
Trd, 4318603.243, 66
Trd, 4318603.343, 64
Trd, 4318606.643, 62
Trd, 4318606.993, 70
Trd, 4318607.193, 72
Trd, 4318609.543, 140
Trd, 4318609.693, 140
Trd, 4318609.743, 134
Trd, 4318610.093, 118
Trd, 4318610.993, 140
Trd, 4318611.593, 123
Trd, 4318612.043, 123
Trd, 4318612.343, 115
Trd, 4318613.993, 140
Trd, 4318614.243, 138
Trd, 4318614.943, 135
Trd, 4318615.493, 122
Trd, 4318616.093, 131
Trd, 4318616.243, 122
Trd, 4318616.593, 127
Trd, 4318616.743, 133
Trd, 4318617.193, 60
Trd, 4318617.843, 87
Trd, 4318618.593, 104
Trd, 4318619.443, 69
Trd, 4318621.543, 68
Trd, 4318622.143, 62
Trd, 4318622.543, 71
Trd, 4318622.893, 82
Trd, 4318623.643, 103
Trd, 4318625.143, 76
Trd, 4318626.743, 140
Trd, 4318626.843, 140
Trd, 4318627.193, 140
Trd, 4318627.893, 140
Trd, 4318628.143, 139
Trd, 4318629.893, 140
Trd, 4318630.093, 131
Trd, 4318630.443, 102
Trd, 4318631.243, 116
Trd, 4318631.893, 60
Trd, 4318632.143, 66
Trd, 4318633.743, 72
Trd, 4318634.493, 71
Trd, 4318634.693, 79
Trd, 4318634.793, 70
Trd, 4318634.843, 90
Trd, 4318636.243, 70
Trd, 4318638.543, 61
Trd, 4318638.593, 63
Trd, 4318638.843, 65
Trd, 4318640.293, 82
Trd, 4318640.393, 61
Trd, 4318640.493, 62
Trd, 4318643.743, 60
Trd, 4318644.093, 60
Trd, 4318644.193, 60
Trd, 4318644.293, 108
Trd, 4318644.893, 60
Trd, 4318644.993, 118
Trd, 4318645.593, 64
Trd, 4318646.593, 136
Trd, 4318646.843, 140
Trd, 4318647.143, 136
Trd, 4318647.593, 134
Trd, 4318647.893, 105
Trd, 4318649.443, 140
Trd, 4318649.693, 140
Trd, 4318650.093, 138
Trd, 4318650.143, 106
Trd, 4318650.643, 111
Trd, 4318651.993, 77
Trd, 4318652.543, 73
Trd, 4318652.693, 72
Trd, 4318652.843, 119
Trd, 4318653.793, 62
Trd, 4318655.143, 140
Trd, 4318655.543, 139
Trd, 4318656.693, 140
Trd, 4318658.643, 140
Trd, 4318658.843, 140
Trd, 4318659.293, 140
Trd, 4318659.493, 137
Trd, 4318661.543, 140
Trd, 4318661.793, 139
Trd, 4318661.993, 136
Trd, 4318663.443, 139
Trd, 4318663.493, 136
Trd, 4318663.793, 108
Trd, 4318664.143, 140
Trd, 4318665.043, 69
Trd, 4318665.893, 139
Trd, 4318666.193, 140
Trd, 4318666.693, 135
Trd, 4318666.793, 133
Trd, 4318667.243, 131
Trd, 4318667.693, 84
Trd, 4318668.893, 140
Trd, 4318669.543, 137
Trd, 4318671.293, 132
Trd, 4318671.693, 105
Trd, 4318672.293, 83
Trd, 4318672.443, 77
Trd, 4318672.943, 107
Trd, 4318673.593, 69
Trd, 4318675.093, 140
Trd, 4318675.793, 85
Trd, 4318677.393, 107
Trd, 4318678.843, 62
Trd, 4318678.893, 101
Trd, 4318679.143, 137
Trd, 4318680.043, 135
Trd, 4318681.143, 136
Trd, 4318681.243, 135
Trd, 4318681.393, 84
Trd, 4318681.643, 133
Trd, 4318683.643, 139
Trd, 4318684.043, 136
Trd, 4318684.643, 139
Trd, 4318685.743, 132
Trd, 4318685.993, 99
Trd, 4318686.243, 84
Trd, 4318687.943, 140
Trd, 4318688.743, 139
Trd, 4318689.043, 135
Trd, 4318689.093, 87
Trd, 4318690.343, 72
Trd, 4318691.043, 71
Trd, 4318691.743, 140
Trd, 4318691.993, 140
Trd, 4318692.093, 139
Trd, 4318692.493, 140
Trd, 4318693.543, 67
Trd, 4318694.793, 60
Trd, 4318694.993, 73
Trd, 4318695.843, 140
Trd, 4318696.093, 129
Trd, 4318697.193, 104
Trd, 4318698.593, 140
Trd, 4318699.643, 140
Trd, 4318700.343, 140
Trd, 4318700.643, 140
Trd, 4318701.293, 136
Trd, 4318702.943, 140
Trd, 4318703.593, 110
Trd, 4318703.893, 131
Trd, 4318704.893, 138
Trd, 4318705.193, 139
Trd, 4318705.893, 140
Trd, 4318706.543, 140
Trd, 4318707.293, 140
Trd, 4318708.043, 139
Trd, 4318708.743, 139
Trd, 4318708.943, 130
Trd, 4318709.193, 134
Trd, 4318710.743, 128
Trd, 4318711.243, 131
Trd, 4318712.193, 140
Trd, 4318712.943, 140
Trd, 4318713.093, 139
Trd, 4318714.943, 140
Trd, 4318715.493, 140
Trd, 4318716.243, 140
Trd, 4318716.693, 140
Trd, 4318717.593, 139
Trd, 4318717.893, 127
Trd, 4318720.343, 140
Trd, 4318720.543, 140
Trd, 4318720.693, 140
Trd, 4318720.743, 139
Trd, 4318720.943, 138
Trd, 4318722.643, 139
Trd, 4318723.193, 138
Trd, 4318723.243, 137
Trd, 4318723.343, 119
Trd, 4318725.393, 140
Trd, 4318725.993, 140
Trd, 4318727.393, 105
Trd, 4318728.043, 105
Trd, 4318728.693, 128
Trd, 4318729.043, 122
Trd, 4318729.393, 139
Trd, 4318729.743, 140
Trd, 4318731.143, 140
Trd, 4318732.993, 140
Trd, 4318733.243, 139
Trd, 4318733.893, 99
Trd, 4318733.943, 95
Trd, 4318734.993, 140
Trd, 4318735.393, 140
Trd, 4318736.893, 140
Trd, 4318738.643, 140
Trd, 4318738.893, 140
Trd, 4318739.043, 140
Trd, 4318740.593, 140
Trd, 4318740.993, 139
Trd, 4318741.393, 137
Trd, 4318742.943, 140
Trd, 4318744.443, 140
Trd, 4318744.593, 140
Trd, 4318744.693, 131
Trd, 4318744.943, 107
Trd, 4318746.493, 128
Trd, 4318747.143, 98
Trd, 4318747.743, 137
Trd, 4318748.643, 130
Trd, 4318749.243, 139
Trd, 4318751.143, 135
Trd, 4318752.793, 140
Trd, 4318752.943, 139
Trd, 4318753.243, 128
Trd, 4318753.743, 131
Trd, 4318755.543, 140
Trd, 4318755.793, 107
Trd, 4318755.993, 93
Trd, 4318756.643, 139
Trd, 4318757.193, 137
Trd, 4318758.793, 87
Trd, 4318759.243, 62
Trd, 4318759.493, 65
Trd, 4318759.693, 119
Trd, 4318761.593, 140
Trd, 4318761.843, 138
Trd, 4318762.943, 140
Trd, 4318763.093, 140
Trd, 4318763.243, 139
Trd, 4318765.593, 139
Trd, 4318765.893, 135
Trd, 4318765.943, 130
Trd, 4318766.343, 140
Trd, 4318767.743, 109
Trd, 4318767.993, 67
Trd, 4318768.743, 80
Trd, 4318769.293, 113
Trd, 4318769.943, 114
Trd, 4318771.143, 70
Trd, 4318771.443, 110
Trd, 4318771.493, 111
Trd, 4318773.443, 140
Trd, 4318774.593, 140
Trd, 4318774.693, 139
Trd, 4318774.943, 140
Trd, 4318775.643, 139
Trd, 4318775.893, 114
Trd, 4318776.293, 125
Trd, 4318776.943, 138
Trd, 4318777.693, 139
Trd, 4318778.143, 137
Trd, 4318779.093, 67
Trd, 4318780.093, 67
Trd, 4318780.543, 140
Trd, 4318781.843, 139
Trd, 4318782.243, 140
Trd, 4318782.493, 140
Trd, 4318783.793, 140
Trd, 4318784.243, 140
Trd, 4318785.993, 140
Trd, 4318786.043, 140
Trd, 4318786.243, 139
Trd, 4318786.743, 126
Trd, 4318787.593, 139
Trd, 4318788.143, 118
Trd, 4318788.893, 115
Trd, 4318789.993, 120
Trd, 4318790.093, 115
Trd, 4318790.893, 121
Trd, 4318792.143, 140
Trd, 4318792.393, 140
Trd, 4318792.993, 116
Trd, 4318793.593, 140
Trd, 4318793.843, 115
Trd, 4318794.443, 106
Trd, 4318795.443, 97
Trd, 4318796.343, 140
Trd, 4318796.793, 140
Trd, 4318797.643, 140
Trd, 4318797.943, 117
Trd, 4318798.143, 93
Trd, 4318798.593, 118
Trd, 4318799.993, 140
Trd, 4318800.993, 139
Trd, 4318801.093, 136
Trd, 4318801.393, 89
Trd, 4318802.493, 94
Trd, 4318803.243, 96
Trd, 4318803.393, 129
Trd, 4318804.243, 97
Trd, 4318804.343, 92
Trd, 4318806.393, 140
Trd, 4318807.443, 140
Trd, 4318807.893, 140
Trd, 4318808.893, 140
Trd, 4318809.893, 139
Trd, 4318810.243, 139
Trd, 4318810.793, 138
Trd, 4318811.143, 139
Trd, 4318811.493, 138
Trd, 4318811.743, 135
Trd, 4318811.943, 132
Trd, 4318813.243, 77
Trd, 4318814.193, 76
Trd, 4318814.743, 101
Trd, 4318816.643, 140
Trd, 4318816.993, 140
Trd, 4318817.293, 140
Trd, 4318817.943, 139
Trd, 4318818.343, 140
Trd, 4318819.893, 140
Trd, 4318820.943, 140
Trd, 4318821.243, 140
Trd, 4318821.393, 138
Trd, 4318821.743, 60
Trd, 4318822.543, 62
Trd, 4318822.993, 64
Trd, 4318823.993, 140
Trd, 4318825.793, 140
Trd, 4318825.843, 140
Trd, 4318826.443, 140
Trd, 4318826.493, 139
Trd, 4318827.193, 139
Trd, 4318827.293, 112
Trd, 4318827.443, 119
Trd, 4318828.343, 86
Trd, 4318831.043, 140
Trd, 4318831.293, 130
Trd, 4318832.093, 140
Trd, 4318832.543, 140
Trd, 4318832.593, 140
Trd, 4318832.843, 136
Trd, 4318833.993, 125
Trd, 4318835.243, 140
Trd, 4318835.293, 138
Trd, 4318836.143, 95
Trd, 4318836.193, 103
Trd, 4318836.293, 84
Trd, 4318837.893, 138
Trd, 4318838.143, 133
Trd, 4318838.943, 61
Trd, 4318839.443, 62
Trd, 4318840.743, 63
Trd, 4318840.893, 64
Trd, 4318841.593, 135
Trd, 4318841.693, 134
Trd, 4318842.693, 140
Trd, 4318843.043, 140
Trd, 4318843.343, 140
Trd, 4318843.893, 140
Trd, 4318844.243, 104
Trd, 4318845.243, 140
Trd, 4318845.943, 138
Trd, 4318846.643, 137
Trd, 4318846.943, 139
Trd, 4318847.543, 134
Trd, 4318847.693, 132
Trd, 4318849.743, 140
Trd, 4318850.243, 140
Trd, 4318850.543, 140
Trd, 4318850.693, 140
Trd, 4318851.493, 60
Trd, 4318852.743, 140
Trd, 4318853.043, 138
Trd, 4318853.093, 128
Trd, 4318853.143, 89
Trd, 4318855.243, 140
Trd, 4318855.843, 140
Trd, 4318856.143, 113
Trd, 4318856.493, 119
Trd, 4318857.343, 81
Trd, 4318857.743, 130
Trd, 4318858.343, 140
Trd, 4318859.543, 140
Trd, 4318860.343, 140
Trd, 4318861.543, 140
Trd, 4318862.193, 140
Trd, 4318863.043, 140
Trd, 4318863.143, 140
Trd, 4318863.393, 140
Trd, 4318864.143, 140
Trd, 4318864.493, 140
Trd, 4318864.643, 138
Trd, 4318865.993, 137
Trd, 4318866.243, 136
Trd, 4318866.893, 140
Trd, 4318867.343, 78
Trd, 4318867.743, 120
Trd, 4318868.193, 60
Trd, 4318868.243, 121
Trd, 4318868.843, 67
Trd, 4318870.343, 62
Trd, 4318870.693, 68
Trd, 4318871.493, 140
Trd, 4318872.793, 82
Trd, 4318873.143, 82
Trd, 4318873.593, 117
Trd, 4318874.093, 91
Trd, 4318874.393, 122
Trd, 4318875.293, 98
Trd, 4318876.193, 129
Trd, 4318876.593, 118
Trd, 4318876.743, 84
Trd, 4318878.043, 140
Trd, 4318880.093, 140
Trd, 4318880.293, 140
Trd, 4318880.593, 140
Trd, 4318880.643, 140
Trd, 4318881.693, 85
Trd, 4318882.943, 117
Trd, 4318883.243, 112
Trd, 4318883.793, 80
Trd, 4318883.993, 138
Trd, 4318884.843, 109
Trd, 4318885.443, 80
Trd, 4318885.643, 137
Trd, 4318886.943, 60
Trd, 4318887.993, 140
Trd, 4318888.193, 128
Trd, 4318888.743, 119
Trd, 4318889.343, 95
Trd, 4318889.443, 139
Trd, 4318891.593, 137
Trd, 4318891.993, 140
Trd, 4318892.643, 138
Trd, 4318893.893, 99
Trd, 4318894.093, 98
Trd, 4318894.843, 118
Trd, 4318895.193, 133
Trd, 4318895.693, 137
Trd, 4318896.143, 140
Trd, 4318896.643, 131
Trd, 4318898.343, 139
Trd, 4318898.993, 65
Trd, 4318899.243, 102
Trd, 4318899.743, 128
Trd, 4318899.893, 62
Trd, 4318900.143, 67
Trd, 4318903.093, 140
Trd, 4318903.193, 140
Trd, 4318903.643, 140
Trd, 4318904.093, 140
Trd, 4318904.443, 124
Trd, 4318904.993, 138
Trd, 4318905.293, 140
Trd, 4318906.693, 127
Trd, 4318906.843, 135
Trd, 4318908.243, 61
Trd, 4318908.343, 65
Trd, 4318910.193, 85
Trd, 4318910.793, 87
Trd, 4318911.343, 93
Trd, 4318911.693, 89
Trd, 4318912.893, 140
Trd, 4318913.943, 140
Trd, 4318914.343, 140
Trd, 4318916.193, 60
Trd, 4318916.993, 61
Trd, 4318917.693, 124
Trd, 4318918.293, 61
Trd, 4318918.543, 140
Trd, 4318919.343, 60
Trd, 4318920.943, 60
Trd, 4318921.793, 62
Trd, 4318922.543, 61
Trd, 4318922.743, 60
Trd, 4318924.493, 60
Trd, 4318924.543, 60
Trd, 4318924.943, 61
Trd, 4318925.093, 61
Trd, 4318925.493, 140
Trd, 4318926.293, 67
Trd, 4318927.143, 63
Trd, 4318927.943, 140
Trd, 4318929.243, 138
Trd, 4318929.293, 109
Trd, 4318929.593, 110
Trd, 4318930.993, 110
Trd, 4318931.143, 136
Trd, 4318931.643, 80
Trd, 4318931.843, 77
Trd, 4318932.493, 78
Trd, 4318933.843, 140
Trd, 4318934.893, 139
Trd, 4318934.993, 140
Trd, 4318935.743, 127
Trd, 4318936.143, 140
Trd, 4318936.243, 127
Trd, 4318936.443, 114
Trd, 4318937.493, 133
Trd, 4318938.643, 140
Trd, 4318940.943, 140
Trd, 4318941.793, 140
Trd, 4318942.093, 139
Trd, 4318942.343, 140
Trd, 4318942.843, 129
Trd, 4318944.043, 139
Trd, 4318944.743, 138
Trd, 4318944.843, 137
Trd, 4318945.143, 86
Trd, 4318945.443, 140
Trd, 4318945.793, 74
Trd, 4318946.793, 62
Trd, 4318947.293, 140
Trd, 4318948.293, 140
Trd, 4318949.343, 140
Trd, 4318949.743, 140
Trd, 4318951.543, 140
Trd, 4318951.793, 140
Trd, 4318952.493, 140
Trd, 4318954.543, 111
Trd, 4318954.843, 140
Trd, 4318954.993, 140
Trd, 4318955.393, 140
Trd, 4318955.443, 138
Trd, 4318955.843, 130
Trd, 4318957.643, 140
Trd, 4318958.243, 122
Trd, 4318958.543, 140
Trd, 4318959.693, 127
Trd, 4318960.293, 139
Trd, 4318961.343, 125
Trd, 4318962.443, 140
Trd, 4318962.543, 131
Trd, 4318962.993, 119
Trd, 4318963.343, 108
Trd, 4318963.593, 91
Trd, 4318964.893, 139
Trd, 4318965.543, 140
Trd, 4318965.593, 97
Trd, 4318966.593, 140
Trd, 4318966.643, 136
Trd, 4318968.793, 139
Trd, 4318969.543, 140
Trd, 4318970.143, 140
Trd, 4318971.143, 140
Trd, 4318971.843, 140
Trd, 4318971.893, 139
Trd, 4318972.093, 138
Trd, 4318973.143, 140
Trd, 4318973.843, 140
Trd, 4318975.093, 140
Trd, 4318975.843, 110
Trd, 4318977.093, 139
Trd, 4318977.693, 140
Trd, 4318978.693, 139
Trd, 4318978.893, 140
Trd, 4318978.993, 139
Trd, 4318979.543, 139
Trd, 4318980.343, 138
Trd, 4318981.293, 139
Trd, 4318981.443, 140
Trd, 4318982.243, 130
Trd, 4318982.743, 113
Trd, 4318983.543, 138
Trd, 4318985.493, 140
Trd, 4318985.593, 140
Trd, 4318985.693, 140
Trd, 4318985.793, 107
Trd, 4318985.843, 99
Trd, 4318986.493, 62
Trd, 4318987.443, 118
Trd, 4318989.643, 139
Trd, 4318990.093, 138
Trd, 4318990.193, 133
Trd, 4318990.543, 139
Trd, 4318992.043, 139
Trd, 4318992.543, 138
Trd, 4318992.743, 137
Trd, 4318992.793, 103
Trd, 4318994.243, 140
Trd, 4318994.493, 139
Trd, 4318994.693, 140
Trd, 4318994.743, 104
Trd, 4318995.443, 106
Trd, 4318995.593, 77
Trd, 4318996.943, 140
Trd, 4318997.943, 140
Trd, 4318998.293, 140
Trd, 4318998.893, 139
Trd, 4318999.493, 140
Trd, 4319000.843, 140
Trd, 4319000.943, 139
Trd, 4319002.443, 140
Trd, 4319002.893, 140
Trd, 4319004.243, 140
Trd, 4319004.393, 140
Trd, 4319004.943, 90
Trd, 4319005.743, 140
Trd, 4319006.143, 140
Trd, 4319006.393, 106
Trd, 4319007.643, 115
Trd, 4319009.093, 140
Trd, 4319009.593, 140
Trd, 4319010.043, 131
Trd, 4319011.193, 136
Trd, 4319012.243, 76
Trd, 4319012.743, 138
Trd, 4319013.743, 140
Trd, 4319014.843, 140
Trd, 4319016.043, 140
Trd, 4319016.593, 140
Trd, 4319017.193, 140
Trd, 4319018.943, 140
Trd, 4319019.093, 140
Trd, 4319019.443, 140
Trd, 4319020.243, 136
Trd, 4319021.393, 140
Trd, 4319022.493, 95
Trd, 4319022.743, 91
Trd, 4319023.143, 136
Trd, 4319023.193, 110
Trd, 4319023.443, 138
Trd, 4319023.993, 139
Trd, 4319025.843, 140
Trd, 4319027.743, 140
Trd, 4319027.943, 140
Trd, 4319027.993, 140
Trd, 4319028.293, 135
Trd, 4319029.593, 140
Trd, 4319029.893, 132
Trd, 4319030.193, 138
Trd, 4319030.293, 108
Trd, 4319031.143, 90
Trd, 4319031.543, 88
Trd, 4319031.743, 137
Trd, 4319031.943, 83
Trd, 4319034.193, 60
Trd, 4319034.943, 66
Trd, 4319035.193, 61
Trd, 4319035.943, 66
Trd, 4319036.243, 62
Trd, 4319036.843, 134
Trd, 4319038.393, 97
Trd, 4319039.443, 138
Trd, 4319039.843, 122
Trd, 4319040.493, 123
Trd, 4319041.943, 137
Trd, 4319042.493, 136
Trd, 4319043.193, 123
Trd, 4319043.393, 121
Trd, 4319044.293, 138
Trd, 4319045.193, 98
Trd, 4319045.293, 135
Trd, 4319045.693, 66
Trd, 4319046.193, 120
Trd, 4319046.493, 119
Trd, 4319047.743, 138
Trd, 4319047.793, 106
Trd, 4319047.893, 65
Trd, 4319048.193, 129
Trd, 4319048.993, 86
Trd, 4319050.443, 106
Trd, 4319051.093, 89
Trd, 4319052.193, 61
Trd, 4319052.793, 60
Trd, 4319053.593, 65
Trd, 4319053.843, 89
Trd, 4319053.993, 93
Trd, 4319054.443, 64
Trd, 4319054.643, 67
Trd, 4319055.143, 124
Trd, 4319055.443, 69
Trd, 4319057.593, 64
Trd, 4319058.043, 81
Trd, 4319058.393, 81
Trd, 4319059.243, 61
Trd, 4319059.343, 62
Trd, 4319059.443, 103
Trd, 4319060.493, 63
Trd, 4319061.693, 121
Trd, 4319062.243, 82
Trd, 4319063.043, 70
Trd, 4319063.243, 69
Trd, 4319064.143, 69
Trd, 4319064.793, 98
Trd, 4319064.993, 68
Trd, 4319065.093, 96
Trd, 4319066.343, 72
Trd, 4319067.293, 92
Trd, 4319067.993, 81
Trd, 4319068.443, 98
Trd, 4319068.543, 106
Trd, 4319069.293, 139
Trd, 4319069.343, 83
Trd, 4319070.293, 82
Trd, 4319070.993, 61
Trd, 4319071.793, 61
Trd, 4319072.043, 60
Trd, 4319072.793, 67
Trd, 4319072.993, 116
Trd, 4319074.893, 60
Trd, 4319075.243, 90
Trd, 4319075.393, 109
Trd, 4319075.993, 140
Trd, 4319076.643, 140
Trd, 4319077.293, 140
Trd, 4319078.193, 140
Trd, 4319078.443, 140
Trd, 4319078.543, 122
Trd, 4319079.343, 79
Trd, 4319079.493, 117
Trd, 4319080.093, 66
Trd, 4319082.543, 60
Trd, 4319082.743, 61
Trd, 4319082.943, 134
Trd, 4319083.543, 140
Trd, 4319084.243, 139
Trd, 4319084.643, 108
Trd, 4319085.993, 140
Trd, 4319086.043, 140
Trd, 4319086.393, 140
Trd, 4319086.693, 140
Trd, 4319087.693, 136
Trd, 4319088.793, 139
Trd, 4319089.193, 119
Trd, 4319089.293, 126
Trd, 4319090.443, 139
Trd, 4319091.493, 137
Trd, 4319091.643, 127
Trd, 4319092.143, 126
Trd, 4319092.643, 134
Trd, 4319093.243, 126
Trd, 4319093.443, 132
Trd, 4319094.043, 119
Trd, 4319095.493, 140
Trd, 4319095.743, 140
Trd, 4319096.843, 127
Trd, 4319096.943, 126
Trd, 4319097.593, 140
Trd, 4319098.093, 140
Trd, 4319098.243, 138
Trd, 4319099.043, 78
Trd, 4319099.243, 111
Trd, 4319099.793, 116
Trd, 4319101.093, 138
Trd, 4319101.693, 96
Trd, 4319102.193, 101
Trd, 4319102.693, 140
Trd, 4319103.493, 96
Trd, 4319103.893, 138
Trd, 4319104.993, 140
Trd, 4319105.143, 116
Trd, 4319106.093, 140
Trd, 4319106.543, 140
Trd, 4319106.843, 139
Trd, 4319107.343, 117
Trd, 4319107.643, 100
Trd, 4319109.993, 140
Trd, 4319110.143, 140
Trd, 4319111.043, 110
Trd, 4319111.143, 140
Trd, 4319112.143, 122
Trd, 4319112.393, 123
Trd, 4319112.643, 121
Trd, 4319114.293, 140
Trd, 4319114.393, 140
Trd, 4319114.893, 72
Trd, 4319115.893, 140
Trd, 4319116.093, 117
Trd, 4319117.343, 61
Trd, 4319117.743, 68
Trd, 4319119.693, 61
Trd, 4319121.593, 60
Trd, 4319121.893, 63
Trd, 4319121.993, 64
Trd, 4319122.243, 133
Trd, 4319123.193, 99
Trd, 4319123.743, 100
Trd, 4319124.443, 95
Trd, 4319124.493, 94
Trd, 4319124.893, 122
Trd, 4319125.993, 137
Trd, 4319126.693, 140
Trd, 4319126.743, 136
Trd, 4319127.193, 134
Trd, 4319127.543, 113
Trd, 4319128.343, 95
Trd, 4319130.443, 65
Trd, 4319130.693, 69
Trd, 4319131.393, 72
Trd, 4319132.143, 86
Trd, 4319132.343, 119
Trd, 4319133.343, 140
Trd, 4319133.443, 139
Trd, 4319134.043, 72
Trd, 4319135.093, 60
Trd, 4319135.543, 61
Trd, 4319136.043, 139
Trd, 4319137.193, 67
Trd, 4319137.543, 119
Trd, 4319137.993, 108
Trd, 4319139.293, 118
Trd, 4319140.443, 140
Trd, 4319141.193, 128
Trd, 4319141.993, 140
Trd, 4319142.993, 132
Trd, 4319143.793, 140
Trd, 4319144.443, 133
Trd, 4319144.693, 123
Trd, 4319145.193, 125
Trd, 4319145.843, 127
Trd, 4319146.543, 138
Trd, 4319147.743, 140
Trd, 4319149.293, 140
Trd, 4319149.393, 139
Trd, 4319149.743, 137
Trd, 4319150.443, 140
Trd, 4319150.743, 140
Trd, 4319153.043, 136
Trd, 4319153.243, 136
Trd, 4319153.543, 135
Trd, 4319154.843, 112
Trd, 4319155.443, 109
Trd, 4319156.843, 140
Trd, 4319157.343, 140
Trd, 4319157.893, 140
Trd, 4319158.243, 139
Trd, 4319158.293, 139
Trd, 4319158.993, 120
Trd, 4319160.193, 140
Trd, 4319160.543, 74
Trd, 4319161.543, 140
Trd, 4319162.493, 140
Trd, 4319162.893, 140
Trd, 4319164.343, 140
Trd, 4319164.943, 140
Trd, 4319165.643, 136
Trd, 4319166.043, 134
Trd, 4319167.293, 123
Trd, 4319168.293, 139
Trd, 4319168.543, 132
Trd, 4319168.993, 140
Trd, 4319169.893, 91
Trd, 4319170.993, 140
Trd, 4319172.043, 140
Trd, 4319172.293, 140
Trd, 4319172.693, 139
Trd, 4319173.643, 90
Trd, 4319173.743, 91
Trd, 4319174.243, 140
Trd, 4319175.743, 138
Trd, 4319175.793, 93
Trd, 4319176.593, 124
Trd, 4319177.193, 62
Trd, 4319177.743, 60
Trd, 4319177.993, 61
Trd, 4319179.493, 73
Trd, 4319180.593, 65
Trd, 4319180.793, 67
Trd, 4319181.593, 96
Trd, 4319181.643, 70
Trd, 4319182.643, 140
Trd, 4319182.893, 140
Trd, 4319183.793, 139
Trd, 4319184.543, 140
Trd, 4319185.143, 114
Trd, 4319186.743, 140
Trd, 4319186.893, 130
Trd, 4319187.093, 98
Trd, 4319188.343, 60
Trd, 4319188.593, 62
Trd, 4319189.643, 139
Trd, 4319189.743, 138
Trd, 4319189.793, 137
Trd, 4319190.193, 87
Trd, 4319191.193, 137
Trd, 4319191.593, 114
Trd, 4319192.343, 140
Trd, 4319192.493, 138
Trd, 4319194.243, 140
Trd, 4319194.743, 140
Trd, 4319194.893, 138
Trd, 4319196.543, 140
Trd, 4319196.593, 116
Trd, 4319197.193, 139
Trd, 4319198.593, 98
Trd, 4319198.693, 77
Trd, 4319199.293, 79
Trd, 4319199.443, 85
Trd, 4319200.643, 126
Trd, 4319200.693, 118
Trd, 4319201.343, 117
Trd, 4319202.293, 140
Trd, 4319202.393, 140
Trd, 4319202.893, 140
Trd, 4319203.493, 73
Trd, 4319204.393, 60
Trd, 4319205.593, 62
Trd, 4319205.743, 81
Trd, 4319205.943, 117
Trd, 4319207.193, 140
Trd, 4319207.393, 140
Trd, 4319208.543, 135
Trd, 4319209.193, 99
Trd, 4319210.193, 140
Trd, 4319210.693, 140
Trd, 4319211.093, 140
Trd, 4319212.493, 107
Trd, 4319212.643, 80
Trd, 4319212.893, 139
Trd, 4319213.693, 138
Trd, 4319213.843, 131
Trd, 4319214.093, 128
Trd, 4319214.643, 116
Trd, 4319215.643, 140
Trd, 4319216.993, 140
Trd, 4319217.093, 135
Trd, 4319219.293, 124
Trd, 4319219.493, 120
Trd, 4319220.043, 140
Trd, 4319220.143, 118
Trd, 4319222.093, 92
Trd, 4319222.243, 109
Trd, 4319224.443, 128
Trd, 4319224.543, 125
Trd, 4319224.943, 108
Trd, 4319225.393, 137
Trd, 4319225.943, 140
Trd, 4319226.093, 112
Trd, 4319226.843, 140
Trd, 4319227.193, 65
Trd, 4319227.343, 63
Trd, 4319228.993, 67
Trd, 4319229.143, 69
Trd, 4319229.193, 72
Trd, 4319230.143, 67
Trd, 4319230.943, 61
Trd, 4319231.743, 63
Trd, 4319232.893, 117
Trd, 4319234.293, 63
Trd, 4319235.443, 63
Trd, 4319235.793, 60
Trd, 4319235.893, 65
Trd, 4319236.993, 64
Trd, 4319237.093, 95
Trd, 4319237.393, 83
Trd, 4319237.893, 96
Trd, 4319238.743, 107
Trd, 4319239.493, 140
Trd, 4319240.593, 139
Trd, 4319241.043, 133
Trd, 4319241.293, 132
Trd, 4319242.443, 140
Trd, 4319242.793, 140
Trd, 4319243.143, 119
Trd, 4319243.593, 127
Trd, 4319245.643, 140
Trd, 4319245.793, 140
Trd, 4319246.893, 140
Trd, 4319247.643, 140
Trd, 4319247.893, 76
Trd, 4319249.343, 140
Trd, 4319249.593, 140
Trd, 4319250.743, 137
Trd, 4319251.243, 139
Trd, 4319251.693, 134
Trd, 4319252.093, 133
Trd, 4319253.443, 139
Trd, 4319253.693, 137
Trd, 4319253.893, 136
Trd, 4319254.743, 119
Trd, 4319256.293, 140
Trd, 4319256.443, 140
Trd, 4319257.593, 139
Trd, 4319259.543, 140
Trd, 4319260.343, 140
Trd, 4319260.443, 140
Trd, 4319261.443, 140
Trd, 4319261.993, 140
Trd, 4319262.043, 140
Trd, 4319262.143, 137
Trd, 4319262.343, 129
Trd, 4319262.493, 128
Trd, 4319262.643, 111
Trd, 4319263.193, 75
Trd, 4319264.643, 138
Trd, 4319264.843, 137
Trd, 4319266.293, 140
Trd, 4319266.693, 140
Trd, 4319267.893, 120
Trd, 4319267.993, 128
Trd, 4319269.743, 140
Trd, 4319270.293, 140
Trd, 4319270.543, 140
Trd, 4319270.943, 140
Trd, 4319271.143, 137
Trd, 4319271.643, 118
Trd, 4319273.843, 140
Trd, 4319273.943, 139
Trd, 4319274.993, 140
Trd, 4319275.693, 131
Trd, 4319277.193, 138
Trd, 4319277.393, 140
Trd, 4319278.143, 140
Trd, 4319278.393, 140
Trd, 4319278.843, 140
Trd, 4319279.843, 140
Trd, 4319280.793, 123
Trd, 4319280.943, 121
Trd, 4319283.693, 140
Trd, 4319284.243, 140
Trd, 4319284.593, 140
Trd, 4319285.893, 140
Trd, 4319286.393, 140
Trd, 4319286.843, 140
Trd, 4319287.843, 135
Trd, 4319289.143, 140
Trd, 4319289.543, 134
Trd, 4319290.193, 126
Trd, 4319290.643, 89
Trd, 4319291.093, 101
Trd, 4319291.193, 123
Trd, 4319292.043, 80
Trd, 4319292.243, 110
Trd, 4319294.543, 140
Trd, 4319294.743, 140
Trd, 4319295.343, 105
Trd, 4319295.943, 103
Trd, 4319296.143, 108
Trd, 4319296.943, 126
Trd, 4319297.193, 96
Trd, 4319297.993, 138
Trd, 4319299.093, 104
Trd, 4319299.393, 71
Trd, 4319299.593, 70
Trd, 4319300.393, 118
Trd, 4319302.193, 140
Trd, 4319302.543, 140
Trd, 4319305.043, 140
Trd, 4319305.593, 140
Trd, 4319305.643, 140
Trd, 4319306.143, 140
Trd, 4319306.443, 118
Trd, 4319306.843, 139
Trd, 4319308.093, 140
Trd, 4319308.443, 140
Trd, 4319309.343, 139
Trd, 4319310.043, 111
Trd, 4319310.693, 88
Trd, 4319311.493, 104
Trd, 4319311.793, 122
Trd, 4319311.943, 132
Trd, 4319312.193, 74
Trd, 4319313.543, 95
Trd, 4319314.493, 136
Trd, 4319315.093, 137
Trd, 4319315.143, 135
Trd, 4319315.293, 137
Trd, 4319315.343, 106
Trd, 4319315.793, 105
Trd, 4319318.443, 140
Trd, 4319320.493, 140
Trd, 4319321.393, 140
Trd, 4319321.543, 140
Trd, 4319322.193, 140
Trd, 4319322.443, 139
Trd, 4319322.643, 139
Trd, 4319322.893, 138
Trd, 4319323.993, 140
Trd, 4319324.343, 139
Trd, 4319325.093, 89
Trd, 4319326.593, 138
Trd, 4319326.793, 137
Trd, 4319328.093, 139
Trd, 4319328.843, 140
Trd, 4319329.843, 140
Trd, 4319331.093, 140
Trd, 4319331.193, 133
Trd, 4319331.993, 140
Trd, 4319332.093, 135
Trd, 4319333.593, 137
Trd, 4319335.093, 116
Trd, 4319336.193, 137
Trd, 4319336.493, 140
Trd, 4319336.893, 122
Trd, 4319337.293, 120
Trd, 4319338.093, 140
Trd, 4319338.343, 128
Trd, 4319338.593, 88
Trd, 4319339.693, 120
Trd, 4319340.143, 96
Trd, 4319340.443, 95
Trd, 4319340.693, 112
Trd, 4319340.993, 128
Trd, 4319342.043, 136
Trd, 4319342.893, 140
Trd, 4319343.543, 140
Trd, 4319343.643, 138
Trd, 4319345.743, 123
Trd, 4319345.993, 120
Trd, 4319347.143, 140
Trd, 4319347.193, 139
Trd, 4319348.393, 140
Trd, 4319350.493, 140
Trd, 4319351.043, 140
Trd, 4319351.243, 140
Trd, 4319351.693, 109
Trd, 4319352.393, 120
Trd, 4319353.393, 140
Trd, 4319353.593, 140
Trd, 4319353.643, 119
Trd, 4319354.993, 140
Trd, 4319355.693, 134
Trd, 4319356.643, 140
Trd, 4319356.693, 140
Trd, 4319357.393, 139
Trd, 4319357.643, 88
Trd, 4319358.743, 140
Trd, 4319358.993, 139
Trd, 4319359.343, 138
Trd, 4319359.643, 140
Trd, 4319359.743, 89
Trd, 4319361.393, 74
Trd, 4319361.793, 131
Trd, 4319362.293, 140
Trd, 4319362.693, 103
Trd, 4319363.393, 103
Trd, 4319363.793, 100
Trd, 4319364.943, 86
Trd, 4319365.493, 84
Trd, 4319366.843, 140
Trd, 4319366.993, 125
Trd, 4319367.393, 101
Trd, 4319368.193, 140
Trd, 4319369.443, 140
Trd, 4319370.043, 140
Trd, 4319371.393, 140
Trd, 4319371.443, 140
Trd, 4319372.143, 140
Trd, 4319373.193, 140
Trd, 4319373.593, 138
Trd, 4319374.343, 129
Trd, 4319374.893, 125
Trd, 4319375.593, 61
Trd, 4319376.143, 140
Trd, 4319377.493, 95
Trd, 4319378.193, 111
Trd, 4319378.293, 115
Trd, 4319378.343, 79
Trd, 4319378.793, 77
Trd, 4319379.993, 65
Trd, 4319380.693, 140
Trd, 4319381.043, 140
Trd, 4319381.243, 103
Trd, 4319381.343, 63
Trd, 4319383.843, 140
Trd, 4319384.643, 140
Trd, 4319385.143, 140
Trd, 4319385.493, 140
Trd, 4319387.743, 140
Trd, 4319388.993, 140
Trd, 4319389.293, 140
Trd, 4319389.893, 140
Trd, 4319390.793, 140
Trd, 4319391.043, 139
Trd, 4319392.893, 140
Trd, 4319393.243, 140
Trd, 4319393.293, 139
Trd, 4319393.593, 138
Trd, 4319394.493, 96
Trd, 4319395.593, 139
Trd, 4319395.743, 138
Trd, 4319397.443, 140
Trd, 4319397.493, 137
Trd, 4319398.293, 140
Trd, 4319398.543, 140
Trd, 4319398.693, 140
Trd, 4319399.143, 98
Trd, 4319399.693, 117
Trd, 4319400.193, 135
Trd, 4319401.643, 111
Trd, 4319401.943, 133
Trd, 4319402.243, 139
Trd, 4319402.543, 127
Trd, 4319404.043, 93
Trd, 4319406.643, 140
Trd, 4319406.843, 140
Trd, 4319407.393, 140
Trd, 4319407.493, 139
Trd, 4319407.693, 126
Trd, 4319408.393, 106
Trd, 4319410.043, 60
Trd, 4319410.493, 61
Trd, 4319411.043, 130
Trd, 4319411.443, 82
Trd, 4319412.693, 93
Trd, 4319413.793, 140
Trd, 4319413.843, 140
Trd, 4319414.093, 140
Trd, 4319414.743, 140
Trd, 4319414.793, 94
Trd, 4319416.343, 60
Trd, 4319416.793, 61
Trd, 4319416.943, 132
Trd, 4319417.243, 61
Trd, 4319417.793, 60
Trd, 4319418.193, 70
Trd, 4319419.593, 118
Trd, 4319419.943, 121
Trd, 4319421.093, 140
Trd, 4319421.693, 140
Trd, 4319422.643, 140
Trd, 4319423.293, 140
Trd, 4319424.143, 140
Trd, 4319424.293, 140
Trd, 4319425.043, 137
Trd, 4319426.043, 89
Trd, 4319426.243, 104
Trd, 4319427.093, 140
Trd, 4319428.443, 138
Trd, 4319429.293, 140
Trd, 4319429.693, 137
Trd, 4319430.493, 133
Trd, 4319430.793, 132
Trd, 4319430.893, 113
Trd, 4319432.343, 140
Trd, 4319433.343, 140
Trd, 4319433.793, 140
Trd, 4319433.843, 140
Trd, 4319434.043, 139
Trd, 4319434.643, 107
Trd, 4319434.993, 106
Trd, 4319436.793, 140
Trd, 4319437.243, 140
Trd, 4319438.793, 139
Trd, 4319439.293, 140
Trd, 4319439.493, 106
Trd, 4319439.643, 105
Trd, 4319440.093, 138
Trd, 4319440.143, 138
Trd, 4319441.093, 127
Trd, 4319441.143, 102
Trd, 4319441.643, 119
Trd, 4319442.643, 62
Trd, 4319444.393, 89
Trd, 4319446.143, 63
Trd, 4319446.443, 65
Trd, 4319446.793, 68
Trd, 4319448.243, 112
Trd, 4319448.293, 128
Trd, 4319448.443, 69
Trd, 4319449.193, 140
Trd, 4319449.493, 137
Trd, 4319450.293, 104
Trd, 4319451.143, 67
Trd, 4319451.893, 62
Trd, 4319452.043, 109
Trd, 4319452.943, 61
Trd, 4319453.293, 111
Trd, 4319453.593, 113
Trd, 4319454.393, 60
Trd, 4319455.343, 72
Trd, 4319456.193, 86
Trd, 4319456.243, 85
Trd, 4319457.193, 139
Trd, 4319458.743, 140
Trd, 4319460.393, 140
Trd, 4319460.493, 140
Trd, 4319461.293, 140
Trd, 4319462.243, 140
Trd, 4319462.693, 140
Trd, 4319463.143, 140
Trd, 4319463.693, 139
Trd, 4319464.943, 140
Trd, 4319465.643, 140
Trd, 4319466.493, 140
Trd, 4319467.043, 140
Trd, 4319467.793, 140
Trd, 4319468.143, 139
Trd, 4319469.243, 132
Trd, 4319469.393, 121
Trd, 4319470.393, 127
Trd, 4319471.343, 140
Trd, 4319471.593, 109
Trd, 4319473.243, 140
Trd, 4319473.343, 139
Trd, 4319473.943, 136
Trd, 4319474.043, 127
Trd, 4319474.893, 95
Trd, 4319475.043, 76
Trd, 4319476.093, 79
Trd, 4319476.393, 120
Trd, 4319476.493, 72
Trd, 4319477.243, 71
Trd, 4319477.943, 71
Trd, 4319478.443, 70
Trd, 4319478.793, 82
Trd, 4319479.293, 127
Trd, 4319480.343, 140
Trd, 4319480.743, 139
Trd, 4319480.793, 135
Trd, 4319482.143, 139
Trd, 4319482.493, 133
Trd, 4319482.593, 131
Trd, 4319482.793, 107
Trd, 4319484.043, 96
Trd, 4319485.943, 140
Trd, 4319485.993, 139
Trd, 4319486.093, 137
Trd, 4319486.893, 140
Trd, 4319487.043, 107
Trd, 4319488.843, 140
Trd, 4319489.543, 140
Trd, 4319490.443, 140
Trd, 4319490.493, 139
Trd, 4319492.093, 140
Trd, 4319493.343, 140
Trd, 4319493.593, 137
Trd, 4319493.943, 138
Trd, 4319495.843, 140
Trd, 4319496.143, 139
Trd, 4319496.643, 139
Trd, 4319497.843, 136
Trd, 4319498.693, 139
Trd, 4319499.093, 140
Trd, 4319499.193, 139
Trd, 4319499.293, 139
Trd, 4319500.193, 138
Trd, 4319501.093, 134
Trd, 4319501.443, 74
Trd, 4319501.693, 140
Trd, 4319502.343, 139
Trd, 4319502.593, 98
Trd, 4319503.393, 81
Trd, 4319504.143, 80
Trd, 4319504.493, 100
Trd, 4319505.393, 117
Trd, 4319506.143, 64
Trd, 4319506.193, 92
Trd, 4319507.793, 140
Trd, 4319508.843, 117
Trd, 4319509.393, 119
Trd, 4319509.693, 123
Trd, 4319509.793, 124
Trd, 4319511.093, 122
Trd, 4319511.593, 100
Trd, 4319512.493, 96
Trd, 4319513.043, 139
Trd, 4319513.593, 115
Trd, 4319514.593, 140
Trd, 4319515.193, 140
Trd, 4319515.643, 109
Trd, 4319516.993, 110
Trd, 4319517.293, 109
Trd, 4319517.493, 101
Trd, 4319517.943, 126
Trd, 4319520.393, 140
Trd, 4319520.543, 140
Trd, 4319520.943, 140
Trd, 4319521.343, 104
Trd, 4319523.043, 140
Trd, 4319523.243, 140
Trd, 4319524.943, 140
Trd, 4319525.143, 139
Trd, 4319525.943, 140
Trd, 4319526.643, 139
Trd, 4319526.943, 108
Trd, 4319528.343, 140
Trd, 4319528.393, 140
Trd, 4319528.793, 137
Trd, 4319528.843, 130
Trd, 4319530.443, 140
Trd, 4319530.493, 139
Trd, 4319530.643, 135
Trd, 4319531.743, 132
Trd, 4319531.793, 131
Trd, 4319532.093, 127
Trd, 4319532.843, 105
Trd, 4319533.593, 140
Trd, 4319533.693, 100
Trd, 4319533.893, 125
Trd, 4319535.393, 72
Trd, 4319536.293, 139
Trd, 4319536.993, 61
Trd, 4319538.293, 86
Trd, 4319538.393, 121
Trd, 4319538.993, 81
Trd, 4319539.243, 139
Trd, 4319539.743, 131
Trd, 4319541.743, 118
Trd, 4319541.893, 111
Trd, 4319543.393, 140
Trd, 4319544.143, 139
Trd, 4319545.393, 140
Trd, 4319545.793, 136
Trd, 4319546.093, 118
Trd, 4319546.643, 90
Trd, 4319547.443, 140
Trd, 4319548.243, 127
Trd, 4319548.993, 115
Trd, 4319549.893, 120
Trd, 4319550.193, 140
Trd, 4319551.193, 138
Trd, 4319551.793, 128
Trd, 4319551.993, 99
Trd, 4319553.743, 138
Trd, 4319554.943, 135
Trd, 4319555.443, 140
Trd, 4319555.893, 139
Trd, 4319556.343, 139
Trd, 4319556.393, 138
Trd, 4319556.993, 96
Trd, 4319558.243, 107
Trd, 4319558.543, 138
Trd, 4319559.243, 61
Trd, 4319560.243, 115
Trd, 4319560.693, 140
Trd, 4319562.943, 140
Trd, 4319563.193, 140
Trd, 4319563.243, 138
Trd, 4319564.243, 93
Trd, 4319564.543, 108
Trd, 4319565.893, 140
Trd, 4319566.293, 135
Trd, 4319566.643, 113
Trd, 4319567.043, 92
Trd, 4319567.793, 70
Trd, 4319568.793, 105
Trd, 4319568.993, 64
Trd, 4319570.393, 64
Trd, 4319570.443, 70
Trd, 4319570.793, 140
Trd, 4319572.393, 65
Trd, 4319572.843, 136
Trd, 4319573.243, 137
Trd, 4319573.643, 140
Trd, 4319574.343, 140
Trd, 4319575.493, 104
Trd, 4319575.843, 103
Trd, 4319576.543, 140
Trd, 4319577.343, 114
Trd, 4319577.693, 139
Trd, 4319578.243, 75
Trd, 4319578.393, 97
Trd, 4319579.493, 108
Trd, 4319580.593, 110
Trd, 4319580.993, 105
Trd, 4319581.443, 95
Trd, 4319581.843, 60
Trd, 4319581.943, 122
Trd, 4319582.843, 70
Trd, 4319584.093, 136
Trd, 4319584.543, 140
Trd, 4319586.393, 140
Trd, 4319586.693, 140
Trd, 4319587.593, 140
Trd, 4319588.643, 140
Trd, 4319589.793, 140
Trd, 4319590.093, 140
Trd, 4319590.593, 127
Trd, 4319591.343, 97
Trd, 4319591.793, 140
Trd, 4319592.093, 96
Trd, 4319592.393, 139
Trd, 4319593.243, 127
Trd, 4319594.093, 140
Trd, 4319594.893, 140
Trd, 4319596.143, 140
Trd, 4319596.743, 140
Trd, 4319596.893, 140
Trd, 4319597.893, 140
Trd, 4319597.943, 138
Trd, 4319598.443, 95
Trd, 4319599.643, 129
Trd, 4319600.293, 78
Trd, 4319601.693, 73
Trd, 4319601.843, 69
Trd, 4319602.193, 69
Trd, 4319603.043, 140
Trd, 4319603.893, 140
Trd, 4319604.093, 63
Trd, 4319604.243, 63
Trd, 4319605.093, 60
Trd, 4319605.843, 140
Trd, 4319606.343, 62
Trd, 4319606.843, 137
Trd, 4319608.393, 70
Trd, 4319608.743, 110
Trd, 4319609.993, 90
Trd, 4319610.793, 136
Trd, 4319611.043, 138
Trd, 4319611.693, 128
Trd, 4319612.193, 128
Trd, 4319612.693, 126
Trd, 4319613.343, 90
Trd, 4319613.493, 82
Trd, 4319614.093, 60
Trd, 4319614.643, 139
Trd, 4319615.843, 140
Trd, 4319616.193, 138
Trd, 4319617.493, 139
Trd, 4319617.793, 125
Trd, 4319618.443, 139
Trd, 4319618.743, 86
Trd, 4319618.843, 70
Trd, 4319619.943, 67
Trd, 4319621.593, 60
Trd, 4319622.693, 140
Trd, 4319623.343, 140
Trd, 4319624.443, 140
Trd, 4319624.743, 140
Trd, 4319626.443, 138
Trd, 4319626.493, 136
Trd, 4319627.893, 140
Trd, 4319628.943, 140
Trd, 4319629.243, 140
Trd, 4319629.743, 135
Trd, 4319629.793, 133
Trd, 4319629.993, 127
Trd, 4319631.093, 117
Trd, 4319631.893, 140
Trd, 4319632.193, 111
Trd, 4319632.493, 87
Trd, 4319633.493, 140
Trd, 4319633.993, 140
Trd, 4319635.743, 139
Trd, 4319637.793, 140
Trd, 4319638.093, 139
Trd, 4319638.643, 140
Trd, 4319638.693, 140
Trd, 4319638.893, 140
Trd, 4319639.543, 135
Trd, 4319639.793, 126
Trd, 4319641.793, 140
Trd, 4319641.893, 139
Trd, 4319641.993, 93
Trd, 4319642.493, 74
Trd, 4319643.143, 105
Trd, 4319643.193, 71
Trd, 4319644.393, 61
Trd, 4319644.843, 70
Trd, 4319646.243, 67
Trd, 4319646.593, 70
Trd, 4319647.093, 87
Trd, 4319647.993, 86
Trd, 4319648.943, 139
Trd, 4319649.293, 136
Trd, 4319649.443, 135
Trd, 4319650.743, 140
Trd, 4319651.543, 140
Trd, 4319651.743, 140
Trd, 4319652.143, 101
Trd, 4319654.343, 140
Trd, 4319654.543, 140
Trd, 4319654.693, 139
Trd, 4319654.943, 107
Trd, 4319656.293, 60
Trd, 4319656.393, 68
Trd, 4319657.343, 61
Trd, 4319657.993, 140
Trd, 4319659.393, 140
Trd, 4319660.143, 140
Trd, 4319660.193, 140
Trd, 4319660.743, 129
Trd, 4319661.893, 139
Trd, 4319662.293, 139
Trd, 4319663.943, 130
Trd, 4319663.993, 119
Trd, 4319664.043, 138
Trd, 4319665.243, 139
Trd, 4319665.493, 138
Trd, 4319666.043, 140
Trd, 4319666.693, 140
Trd, 4319666.793, 109
Trd, 4319668.093, 87
Trd, 4319669.543, 138
Trd, 4319670.443, 140
Trd, 4319670.493, 140
Trd, 4319671.443, 140
Trd, 4319671.743, 135
Trd, 4319671.993, 117
Trd, 4319673.243, 80
Trd, 4319674.093, 138
Trd, 4319674.143, 125
Trd, 4319676.243, 125
Trd, 4319676.643, 139
Trd, 4319676.793, 97
Trd, 4319678.593, 140
Trd, 4319678.693, 140
Trd, 4319678.893, 140
Trd, 4319679.843, 136
Trd, 4319680.443, 135
Trd, 4319680.493, 134
Trd, 4319681.393, 91
Trd, 4319681.493, 74
Trd, 4319682.493, 140
Trd, 4319682.593, 140
Trd, 4319684.293, 139
Trd, 4319686.893, 140
Trd, 4319687.793, 140
Trd, 4319688.543, 140
Trd, 4319688.893, 113
Trd, 4319688.993, 139
Trd, 4319689.393, 96
Trd, 4319690.193, 94
Trd, 4319690.493, 85
Trd, 4319690.893, 140
Trd, 4319690.943, 139
Trd, 4319692.343, 140
Trd, 4319693.193, 140
Trd, 4319693.493, 139
Trd, 4319693.743, 140
Trd, 4319693.943, 139
Trd, 4319694.593, 71
Trd, 4319695.893, 140
Trd, 4319695.943, 140
Trd, 4319696.393, 135
Trd, 4319697.343, 140
Trd, 4319698.343, 96
Trd, 4319698.643, 87
Trd, 4319698.743, 109
Trd, 4319699.943, 72
Trd, 4319700.343, 90
Trd, 4319702.743, 74
Trd, 4319702.793, 73
Trd, 4319703.293, 73
Trd, 4319704.393, 138
Trd, 4319705.043, 126
Trd, 4319705.193, 100
Trd, 4319705.943, 140
Trd, 4319706.093, 139
Trd, 4319707.093, 121
Trd, 4319707.293, 63
Trd, 4319707.643, 75
Trd, 4319707.843, 135
Trd, 4319709.843, 123
Trd, 4319710.493, 140
Trd, 4319710.793, 72
Trd, 4319711.293, 73
Trd, 4319711.993, 140
Trd, 4319712.143, 139
Trd, 4319712.343, 103
Trd, 4319713.443, 139
Trd, 4319715.393, 140
Trd, 4319715.643, 140
Trd, 4319715.793, 128
Trd, 4319716.693, 89
Trd, 4319717.493, 139
Trd, 4319718.343, 140
Trd, 4319719.343, 140
Trd, 4319721.393, 140
Trd, 4319722.243, 139
Trd, 4319722.293, 138
Trd, 4319722.893, 137
Trd, 4319723.443, 135
Trd, 4319725.193, 140
Trd, 4319725.293, 140
Trd, 4319725.493, 130
Trd, 4319725.643, 129
Trd, 4319726.093, 112
Trd, 4319727.043, 106
Trd, 4319727.793, 139
Trd, 4319728.793, 140
Trd, 4319729.093, 86
Trd, 4319730.293, 61
Trd, 4319730.443, 88
Trd, 4319731.493, 133
Trd, 4319732.093, 133
Trd, 4319732.393, 93
Trd, 4319733.243, 140
Trd, 4319734.593, 78
Trd, 4319734.743, 66
Trd, 4319734.793, 101
Trd, 4319735.793, 128
Trd, 4319735.893, 127
Trd, 4319736.993, 134
Trd, 4319737.743, 66
Trd, 4319739.493, 63
Trd, 4319740.143, 66
Trd, 4319740.393, 69
Trd, 4319740.743, 82
Trd, 4319743.193, 140
Trd, 4319743.693, 140
Trd, 4319744.043, 140
Trd, 4319744.293, 139
Trd, 4319744.593, 133
Trd, 4319744.893, 89
Trd, 4319745.093, 120
Trd, 4319745.743, 61
Trd, 4319746.993, 124
Trd, 4319748.743, 140
Trd, 4319749.443, 140
Trd, 4319749.493, 140
Trd, 4319749.643, 128
Trd, 4319749.693, 123
Trd, 4319749.993, 85
Trd, 4319751.443, 62
Trd, 4319752.293, 66
Trd, 4319753.343, 119
Trd, 4319753.893, 130
Trd, 4319754.593, 60
Trd, 4319754.693, 122
Trd, 4319756.043, 140
Trd, 4319756.343, 139
Trd, 4319757.643, 60
Trd, 4319758.093, 60
Trd, 4319758.143, 60
Trd, 4319759.743, 60
Trd, 4319760.493, 60
Trd, 4319761.093, 87
Trd, 4319761.493, 64
Trd, 4319762.343, 129
Trd, 4319763.043, 78
Trd, 4319763.743, 66
Trd, 4319763.943, 113
Trd, 4319764.543, 66
Trd, 4319765.293, 78
Trd, 4319765.343, 66
Trd, 4319766.943, 68
Trd, 4319767.393, 62
Trd, 4319768.243, 139
Trd, 4319768.293, 138
Trd, 4319768.393, 139
Trd, 4319768.943, 89
Trd, 4319770.343, 140
Trd, 4319770.943, 135
Trd, 4319773.293, 135
Trd, 4319773.443, 119
Trd, 4319773.643, 119
Trd, 4319774.343, 119
Trd, 4319774.743, 98
Trd, 4319776.093, 114
Trd, 4319776.643, 71
Trd, 4319778.593, 140
Trd, 4319778.743, 140
Trd, 4319779.043, 139
Trd, 4319779.593, 140
Trd, 4319780.093, 140
Trd, 4319781.293, 137
Trd, 4319783.143, 140
Trd, 4319784.143, 140
Trd, 4319784.793, 140
Trd, 4319785.993, 140
Trd, 4319786.243, 140
Trd, 4319786.643, 139
Trd, 4319787.343, 136
Trd, 4319787.593, 132
Trd, 4319787.893, 131
Trd, 4319788.543, 123
Trd, 4319789.993, 140
Trd, 4319790.243, 114
Trd, 4319790.893, 84
Trd, 4319792.793, 140
Trd, 4319795.143, 140
Trd, 4319795.393, 140
Trd, 4319796.143, 140
Trd, 4319796.243, 139
Trd, 4319796.293, 137
Trd, 4319797.043, 132
Trd, 4319797.443, 114
Trd, 4319797.893, 91
Trd, 4319797.993, 79
Trd, 4319798.793, 118
Trd, 4319799.443, 138
Trd, 4319800.243, 123
Trd, 4319800.593, 114
Trd, 4319802.093, 140
Trd, 4319802.643, 137
Trd, 4319803.193, 140
Trd, 4319803.293, 100
Trd, 4319804.293, 98
Trd, 4319805.893, 137
Trd, 4319806.293, 137
Trd, 4319808.093, 140
Trd, 4319808.593, 140
Trd, 4319808.893, 113
Trd, 4319809.343, 140
Trd, 4319809.493, 125
Trd, 4319810.293, 140
Trd, 4319810.543, 118
Trd, 4319810.893, 107
Trd, 4319812.043, 135
Trd, 4319812.643, 85
Trd, 4319813.143, 78
Trd, 4319813.743, 109
Trd, 4319815.643, 85
Trd, 4319815.893, 140
Trd, 4319817.143, 140
Trd, 4319818.493, 140
Trd, 4319818.593, 140
Trd, 4319818.943, 139
Trd, 4319819.943, 139
Trd, 4319820.243, 136
Trd, 4319820.793, 112
Trd, 4319821.243, 79
Trd, 4319821.443, 64
Trd, 4319822.393, 140
Trd, 4319822.743, 140
Trd, 4319823.143, 140
Trd, 4319823.793, 139
Trd, 4319824.443, 140
Trd, 4319824.543, 135
Trd, 4319826.043, 140
Trd, 4319826.193, 140
Trd, 4319826.293, 139
Trd, 4319827.543, 134
Trd, 4319829.393, 140
Trd, 4319829.843, 139
Trd, 4319830.343, 140
Trd, 4319830.493, 138
Trd, 4319831.543, 140
Trd, 4319831.793, 136
Trd, 4319833.243, 140
Trd, 4319833.393, 140
Trd, 4319833.843, 140
Trd, 4319833.893, 139
Trd, 4319834.293, 106
Trd, 4319834.543, 97
Trd, 4319835.493, 140
Trd, 4319835.893, 140
Trd, 4319837.743, 140
Trd, 4319838.143, 139
Trd, 4319838.443, 126
Trd, 4319838.593, 125
Trd, 4319841.043, 140
Trd, 4319841.193, 138
Trd, 4319841.593, 136
Trd, 4319842.943, 137
Trd, 4319843.093, 140
Trd, 4319844.393, 140
Trd, 4319846.143, 140
Trd, 4319846.793, 139
Trd, 4319848.393, 140
Trd, 4319848.693, 140
Trd, 4319848.943, 140
Trd, 4319850.243, 135
Trd, 4319852.093, 140
Trd, 4319852.143, 140
Trd, 4319852.543, 136
Trd, 4319854.743, 140
Trd, 4319854.843, 140
Trd, 4319854.993, 140
Trd, 4319855.993, 140
Trd, 4319856.243, 140
Trd, 4319857.643, 140
Trd, 4319858.893, 139
Trd, 4319859.743, 139
Trd, 4319859.943, 140
Trd, 4319860.793, 140
Trd, 4319861.793, 140
Trd, 4319862.893, 140
Trd, 4319863.643, 138
Trd, 4319863.693, 126
Trd, 4319864.093, 125
Trd, 4319864.543, 140
Trd, 4319865.493, 80
Trd, 4319866.043, 111
Trd, 4319867.043, 103
Trd, 4319867.693, 102
Trd, 4319868.743, 140
Trd, 4319869.343, 139
Trd, 4319869.643, 87
Trd, 4319870.343, 140
Trd, 4319870.993, 71
Trd, 4319872.443, 140
Trd, 4319873.293, 140
Trd, 4319874.743, 139
Trd, 4319875.443, 140
Trd, 4319875.893, 139
Trd, 4319876.043, 139
Trd, 4319876.343, 140
Trd, 4319877.343, 116
Trd, 4319877.393, 113
Trd, 4319877.443, 79
Trd, 4319878.493, 90
Trd, 4319879.743, 91
Trd, 4319880.143, 90
Trd, 4319880.193, 110
Trd, 4319881.193, 140
Trd, 4319883.393, 140
Trd, 4319885.393, 140
Trd, 4319885.443, 140
Trd, 4319885.543, 138
Trd, 4319886.343, 140
Trd, 4319886.393, 119
Trd, 4319887.293, 114
Trd, 4319887.543, 102
Trd, 4319887.693, 101
Trd, 4319888.343, 72
Trd, 4319888.693, 115
Trd, 4319889.343, 94
Trd, 4319889.943, 69
Trd, 4319890.643, 61
Trd, 4319890.993, 87
Trd, 4319892.993, 65
Trd, 4319894.043, 68
Trd, 4319894.293, 63
Trd, 4319894.393, 109
Trd, 4319894.843, 116
Trd, 4319895.693, 140
Trd, 4319897.743, 140
Trd, 4319898.243, 140
Trd, 4319898.393, 140
Trd, 4319898.993, 140
Trd, 4319899.393, 140
Trd, 4319899.593, 136
Trd, 4319899.643, 89
Trd, 4319900.843, 137
Trd, 4319901.543, 116
Trd, 4319901.893, 106
Trd, 4319902.093, 105
Trd, 4319903.393, 129
Trd, 4319904.893, 140
Trd, 4319904.993, 126
Trd, 4319905.143, 111
Trd, 4319905.293, 91
Trd, 4319906.393, 96
Trd, 4319908.293, 109
Trd, 4319908.493, 62
Trd, 4319909.593, 134
Trd, 4319910.043, 71
Trd, 4319911.343, 140
Trd, 4319911.743, 139
Trd, 4319912.443, 140
Trd, 4319914.293, 140
Trd, 4319915.193, 140
Trd, 4319915.393, 137
Trd, 4319915.543, 140
Trd, 4319915.993, 126
Trd, 4319916.993, 140
Trd, 4319917.193, 88
Trd, 4319917.993, 140
Trd, 4319919.493, 105
Trd, 4319920.143, 109
Trd, 4319920.843, 110
Trd, 4319921.193, 106
Trd, 4319922.443, 140
Trd, 4319922.543, 88
Trd, 4319922.643, 87
Trd, 4319923.393, 140
Trd, 4319925.743, 140
Trd, 4319925.843, 139
Trd, 4319926.743, 139
Trd, 4319927.143, 138
Trd, 4319927.693, 66
Trd, 4319928.743, 60
Trd, 4319929.243, 60
Trd, 4319929.593, 63
Trd, 4319930.493, 69
Trd, 4319930.693, 113
Trd, 4319931.493, 87
Trd, 4319932.743, 127
Trd, 4319933.093, 140
Trd, 4319933.443, 126
Trd, 4319933.793, 92
Trd, 4319934.193, 140
Trd, 4319936.643, 62
Trd, 4319936.943, 67
Trd, 4319937.043, 87
Trd, 4319938.193, 72
Trd, 4319939.243, 131
Trd, 4319939.443, 73
Trd, 4319939.993, 139
Trd, 4319940.343, 72
Trd, 4319940.693, 85
Trd, 4319942.043, 140
Trd, 4319942.143, 136
Trd, 4319942.493, 99
Trd, 4319942.793, 64
Trd, 4319943.393, 140
Trd, 4319945.293, 79
Trd, 4319945.793, 62
Trd, 4319946.593, 140
Trd, 4319946.893, 140
Trd, 4319947.393, 140
Trd, 4319948.143, 140
Trd, 4319949.843, 140
Trd, 4319950.243, 140
Trd, 4319950.793, 92
Trd, 4319951.193, 140
Trd, 4319951.643, 91
Trd, 4319952.043, 73
Trd, 4319952.843, 61
Trd, 4319954.093, 139
Trd, 4319954.543, 140
Trd, 4319956.043, 113
Trd, 4319956.493, 76
Trd, 4319957.243, 125
Trd, 4319958.193, 140
Trd, 4319958.693, 140
Trd, 4319960.343, 140
Trd, 4319961.143, 140
Trd, 4319961.293, 137
Trd, 4319961.643, 127
Trd, 4319961.943, 120
Trd, 4319962.793, 126
Trd, 4319963.893, 140
Trd, 4319964.143, 139
Trd, 4319964.593, 89
Trd, 4319965.493, 139
Trd, 4319966.243, 140
Trd, 4319966.643, 127
Trd, 4319967.343, 70
Trd, 4319968.443, 140
Trd, 4319968.493, 94
Trd, 4319968.793, 88
Trd, 4319970.193, 140
Trd, 4319971.793, 140
Trd, 4319972.043, 140
Trd, 4319972.893, 140
Trd, 4319974.193, 140
Trd, 4319974.343, 140
Trd, 4319974.443, 140
Trd, 4319974.493, 132
Trd, 4319975.893, 140
Trd, 4319976.793, 140
Trd, 4319977.593, 139
Trd, 4319978.793, 137
Trd, 4319979.843, 131
Trd, 4319980.193, 139
Trd, 4319980.543, 139
Trd, 4319982.743, 138
Trd, 4319983.443, 138
Trd, 4319984.093, 112
Trd, 4319984.543, 127
Trd, 4319984.643, 93
Trd, 4319985.293, 139
Trd, 4319985.343, 74
Trd, 4319985.743, 71
Trd, 4319986.843, 61
Trd, 4319986.943, 84
Trd, 4319987.143, 103
Trd, 4319987.993, 86
Trd, 4319988.843, 63
Trd, 4319990.243, 60
Trd, 4319990.843, 61
Trd, 4319990.943, 95
Trd, 4319992.793, 140
Trd, 4319993.393, 140
Trd, 4319993.943, 140
Trd, 4319994.393, 140
Trd, 4319994.493, 139
Trd, 4319994.693, 92
Trd, 4319994.993, 67
Trd, 4319995.993, 140
Trd, 4319997.243, 140
Trd, 4319998.043, 140
Trd, 4319998.793, 133
Trd, 4319998.943, 132
Trd, 4319999.193, 131
Trd, 4319999.443, 112
