Trd, 4318040.443, 140
Trd, 4318041.693, 140
Trd, 4318041.793, 140
Trd, 4318041.993, 140
Trd, 4318043.143, 140
Trd, 4318043.393, 140
Trd, 4318043.693, 139
Trd, 4318043.843, 139
Trd, 4318044.643, 139
Trd, 4318045.543, 83
Trd, 4318048.543, 96
Trd, 4318048.593, 109
Trd, 4318050.843, 107
Trd, 4318051.243, 106
Trd, 4318051.293, 108
Trd, 4318051.893, 108
Trd, 4318051.993, 108
Trd, 4318052.293, 112
Trd, 4318052.543, 110
Trd, 4318054.593, 140
Trd, 4318054.793, 140
Trd, 4318056.293, 140
Trd, 4318059.543, 140
Trd, 4318059.843, 140
Trd, 4318060.093, 140
Trd, 4318061.043, 140
Trd, 4318061.543, 140
Trd, 4318063.443, 140
Trd, 4318063.643, 140
Trd, 4318064.893, 140
Trd, 4318069.293, 140
Trd, 4318070.793, 140
Trd, 4318071.643, 140
Trd, 4318072.593, 140
Trd, 4318073.243, 140
Trd, 4318073.843, 140
Trd, 4318074.993, 140
Trd, 4318075.193, 140
Trd, 4318076.443, 140
Trd, 4318076.693, 140
Trd, 4318076.793, 140
Trd, 4318077.093, 140
Trd, 4318077.493, 140
Trd, 4318079.243, 140
Trd, 4318079.743, 140
Trd, 4318080.993, 140
Trd, 4318082.193, 140
Trd, 4318083.743, 140
Trd, 4318084.493, 140
Trd, 4318084.543, 140
Trd, 4318084.843, 140
Trd, 4318085.693, 140
Trd, 4318086.043, 140
Trd, 4318087.793, 140
Trd, 4318088.043, 140
Trd, 4318089.243, 140
Trd, 4318089.393, 140
Trd, 4318090.043, 140
Trd, 4318091.343, 86
Trd, 4318092.143, 60
Trd, 4318093.193, 140
Trd, 4318094.093, 89
Trd, 4318094.493, 136
Trd, 4318095.843, 116
Trd, 4318098.043, 100
Trd, 4318099.043, 136
Trd, 4318099.593, 137
Trd, 4318100.043, 140
Trd, 4318100.443, 140
Trd, 4318101.593, 139
Trd, 4318101.643, 138
Trd, 4318103.343, 62
Trd, 4318103.543, 63
Trd, 4318103.843, 65
Trd, 4318105.943, 66
Trd, 4318107.343, 64
Trd, 4318108.143, 61
Trd, 4318108.243, 64
Trd, 4318110.143, 61
Trd, 4318111.993, 60
Trd, 4318112.793, 60
Trd, 4318113.143, 60
Trd, 4318113.193, 60
Trd, 4318113.593, 63
Trd, 4318113.693, 61
Trd, 4318116.043, 66
Trd, 4318116.793, 65
Trd, 4318117.293, 67
Trd, 4318117.543, 66
Trd, 4318117.643, 64
Trd, 4318118.443, 94
Trd, 4318119.593, 74
Trd, 4318119.743, 75
Trd, 4318120.843, 140
Trd, 4318121.343, 140
Trd, 4318121.743, 140
Trd, 4318122.243, 140
Trd, 4318124.843, 60
Trd, 4318126.193, 60
Trd, 4318126.243, 60
Trd, 4318126.893, 62
Trd, 4318127.293, 63
Trd, 4318127.843, 63
Trd, 4318129.043, 65
Trd, 4318129.193, 72
Trd, 4318129.843, 71
Trd, 4318129.943, 69
Trd, 4318130.093, 127
Trd, 4318130.743, 69
Trd, 4318131.143, 120
Trd, 4318132.543, 67
Trd, 4318133.643, 98
Trd, 4318134.043, 96
Trd, 4318135.043, 101
Trd, 4318135.843, 80
Trd, 4318135.993, 99
Trd, 4318136.243, 100
Trd, 4318137.393, 83
Trd, 4318137.743, 98
Trd, 4318139.193, 90
Trd, 4318139.443, 94
Trd, 4318139.493, 88
Trd, 4318139.743, 95
Trd, 4318141.943, 96
Trd, 4318142.343, 95
Trd, 4318142.743, 97
Trd, 4318143.143, 106
Trd, 4318146.943, 60
Trd, 4318147.943, 60
Trd, 4318148.493, 60
Trd, 4318148.793, 60
Trd, 4318149.343, 60
Trd, 4318149.843, 61
Trd, 4318151.393, 66
Trd, 4318151.593, 61
Trd, 4318152.343, 64
Trd, 4318153.793, 61
Trd, 4318154.393, 61
Trd, 4318154.493, 62
Trd, 4318157.143, 63
Trd, 4318158.043, 60
Trd, 4318159.043, 61
Trd, 4318160.793, 60
Trd, 4318160.943, 60
Trd, 4318161.243, 60
Trd, 4318161.343, 60
Trd, 4318161.393, 66
Trd, 4318162.643, 66
Trd, 4318162.893, 65
Trd, 4318164.043, 68
Trd, 4318165.193, 125
Trd, 4318166.743, 64
Trd, 4318168.093, 89
Trd, 4318168.343, 87
Trd, 4318168.643, 112
Trd, 4318169.193, 112
Trd, 4318169.943, 73
Trd, 4318171.843, 112
Trd, 4318172.943, 82
Trd, 4318173.093, 102
Trd, 4318173.143, 80
Trd, 4318174.943, 76
Trd, 4318174.993, 96
Trd, 4318175.693, 89
Trd, 4318176.543, 94
Trd, 4318176.593, 93
Trd, 4318177.093, 95
Trd, 4318177.493, 95
Trd, 4318177.643, 107
Trd, 4318179.043, 133
Trd, 4318179.393, 100
Trd, 4318179.743, 99
Trd, 4318181.993, 131
Trd, 4318182.993, 122
Trd, 4318183.643, 124
Trd, 4318184.393, 126
Trd, 4318184.593, 132
Trd, 4318185.593, 130
Trd, 4318185.993, 131
Trd, 4318186.543, 131
Trd, 4318187.643, 131
Trd, 4318187.743, 132
Trd, 4318188.843, 135
Trd, 4318189.893, 134
Trd, 4318189.943, 133
Trd, 4318190.543, 139
Trd, 4318194.143, 140
Trd, 4318194.493, 140
Trd, 4318195.293, 140
Trd, 4318196.293, 140
Trd, 4318198.243, 140
Trd, 4318198.443, 140
Trd, 4318199.293, 140
Trd, 4318199.643, 140
Trd, 4318199.843, 140
Trd, 4318200.343, 140
Trd, 4318200.443, 140
Trd, 4318200.993, 140
Trd, 4318201.343, 139
Trd, 4318202.743, 61
Trd, 4318202.943, 60
Trd, 4318204.043, 67
Trd, 4318204.093, 68
Trd, 4318204.593, 72
Trd, 4318204.893, 70
Trd, 4318206.193, 77
Trd, 4318206.843, 75
Trd, 4318208.743, 140
Trd, 4318210.343, 140
Trd, 4318210.743, 140
Trd, 4318212.593, 140
Trd, 4318216.343, 140
Trd, 4318216.943, 140
Trd, 4318217.943, 140
Trd, 4318218.793, 140
Trd, 4318219.693, 140
Trd, 4318220.643, 140
Trd, 4318220.693, 140
Trd, 4318221.593, 140
Trd, 4318221.893, 140
Trd, 4318222.093, 140
Trd, 4318222.443, 139
Trd, 4318223.593, 138
Trd, 4318224.593, 132
Trd, 4318225.293, 134
Trd, 4318227.543, 87
Trd, 4318228.343, 89
Trd, 4318229.393, 116
Trd, 4318230.843, 96
Trd, 4318231.093, 106
Trd, 4318232.493, 101
Trd, 4318232.643, 99
Trd, 4318233.143, 94
Trd, 4318233.393, 93
Trd, 4318233.443, 102
Trd, 4318234.943, 99
Trd, 4318235.243, 88
Trd, 4318235.893, 101
Trd, 4318237.743, 100
Trd, 4318237.993, 99
Trd, 4318238.143, 98
Trd, 4318238.293, 101
Trd, 4318239.443, 109
Trd, 4318240.343, 114
Trd, 4318241.243, 116
Trd, 4318241.393, 114
Trd, 4318242.493, 140
Trd, 4318243.143, 140
Trd, 4318243.793, 140
Trd, 4318244.093, 140
Trd, 4318244.743, 140
Trd, 4318247.543, 140
Trd, 4318248.093, 140
Trd, 4318248.493, 140
Trd, 4318251.943, 140
Trd, 4318252.393, 140
Trd, 4318253.993, 140
Trd, 4318254.693, 140
Trd, 4318255.543, 140
Trd, 4318256.193, 140
Trd, 4318257.093, 140
Trd, 4318259.443, 140
Trd, 4318260.393, 140
Trd, 4318262.043, 140
Trd, 4318262.143, 140
Trd, 4318263.093, 140
Trd, 4318264.093, 140
Trd, 4318265.693, 140
Trd, 4318266.143, 140
Trd, 4318266.643, 140
Trd, 4318266.693, 140
Trd, 4318266.943, 140
Trd, 4318267.993, 140
Trd, 4318268.893, 140
Trd, 4318269.243, 140
Trd, 4318269.443, 139
Trd, 4318270.693, 140
Trd, 4318270.843, 140
Trd, 4318273.443, 140
Trd, 4318274.143, 140
Trd, 4318274.593, 140
Trd, 4318276.043, 140
Trd, 4318278.943, 140
Trd, 4318278.993, 140
Trd, 4318280.043, 140
Trd, 4318282.693, 140
Trd, 4318283.343, 140
Trd, 4318284.193, 140
Trd, 4318285.243, 140
Trd, 4318287.443, 140
Trd, 4318288.693, 140
Trd, 4318289.043, 140
Trd, 4318289.243, 140
Trd, 4318289.293, 140
Trd, 4318289.743, 140
Trd, 4318290.093, 140
Trd, 4318290.393, 140
Trd, 4318291.143, 140
Trd, 4318293.143, 140
Trd, 4318293.393, 140
Trd, 4318294.643, 140
Trd, 4318295.693, 140
Trd, 4318295.893, 140
Trd, 4318295.943, 140
Trd, 4318296.093, 138
Trd, 4318298.043, 140
Trd, 4318301.743, 140
Trd, 4318302.543, 140
Trd, 4318303.743, 140
Trd, 4318307.093, 140
Trd, 4318307.293, 140
Trd, 4318307.543, 140
Trd, 4318307.843, 140
Trd, 4318307.943, 139
Trd, 4318308.293, 129
Trd, 4318309.643, 115
Trd, 4318310.693, 129
Trd, 4318310.943, 117
Trd, 4318311.093, 130
Trd, 4318311.443, 120
Trd, 4318315.593, 140
Trd, 4318316.443, 140
Trd, 4318317.643, 140
Trd, 4318318.043, 140
Trd, 4318318.143, 140
Trd, 4318318.293, 140
Trd, 4318318.443, 140
Trd, 4318318.643, 140
Trd, 4318319.143, 140
Trd, 4318319.843, 140
Trd, 4318320.993, 140
Trd, 4318321.243, 140
Trd, 4318321.643, 140
Trd, 4318323.193, 140
Trd, 4318325.043, 140
Trd, 4318325.643, 140
Trd, 4318326.093, 140
Trd, 4318326.593, 140
Trd, 4318326.843, 140
Trd, 4318327.393, 129
Trd, 4318327.493, 128
Trd, 4318328.443, 61
Trd, 4318330.843, 107
Trd, 4318332.843, 115
Trd, 4318333.343, 95
Trd, 4318333.893, 95
Trd, 4318334.193, 113
Trd, 4318334.743, 99
Trd, 4318335.293, 99
Trd, 4318335.343, 111
Trd, 4318336.793, 100
Trd, 4318337.393, 107
Trd, 4318338.343, 104
Trd, 4318338.593, 103
Trd, 4318339.093, 104
Trd, 4318339.693, 104
Trd, 4318341.043, 107
Trd, 4318341.493, 110
Trd, 4318341.993, 110
Trd, 4318342.243, 111
Trd, 4318342.343, 109
Trd, 4318342.543, 63
Trd, 4318343.643, 111
Trd, 4318344.093, 140
Trd, 4318346.143, 73
Trd, 4318347.243, 60
Trd, 4318348.143, 60
Trd, 4318350.543, 60
Trd, 4318350.843, 61
Trd, 4318350.893, 62
Trd, 4318351.093, 66
Trd, 4318351.393, 72
Trd, 4318351.643, 108
Trd, 4318352.143, 67
Trd, 4318352.393, 63
Trd, 4318352.743, 105
Trd, 4318354.343, 119
Trd, 4318356.443, 140
Trd, 4318356.493, 140
Trd, 4318358.393, 140
Trd, 4318358.493, 140
Trd, 4318359.893, 140
Trd, 4318361.393, 140
Trd, 4318362.043, 140
Trd, 4318362.493, 140
Trd, 4318362.693, 140
Trd, 4318363.593, 140
Trd, 4318364.443, 140
Trd, 4318364.593, 140
Trd, 4318366.543, 140
Trd, 4318367.193, 140
Trd, 4318367.743, 140
Trd, 4318367.893, 140
Trd, 4318369.293, 140
Trd, 4318370.143, 140
Trd, 4318371.293, 140
Trd, 4318372.893, 140
Trd, 4318373.643, 140
Trd, 4318374.443, 140
Trd, 4318376.393, 140
Trd, 4318377.643, 140
Trd, 4318378.843, 140
Trd, 4318379.043, 140
Trd, 4318380.243, 140
Trd, 4318381.943, 140
Trd, 4318382.193, 140
Trd, 4318382.543, 140
Trd, 4318384.393, 140
Trd, 4318384.693, 140
Trd, 4318384.743, 140
Trd, 4318384.843, 140
Trd, 4318386.343, 140
Trd, 4318387.093, 140
Trd, 4318387.293, 140
Trd, 4318387.393, 140
Trd, 4318389.943, 140
Trd, 4318391.193, 140
Trd, 4318393.043, 140
Trd, 4318393.243, 140
Trd, 4318394.093, 140
Trd, 4318397.143, 140
Trd, 4318399.193, 140
Trd, 4318399.893, 140
Trd, 4318400.393, 140
Trd, 4318401.393, 140
Trd, 4318402.343, 140
Trd, 4318403.893, 140
Trd, 4318405.193, 140
Trd, 4318405.593, 140
Trd, 4318405.943, 140
Trd, 4318406.143, 140
Trd, 4318406.993, 140
Trd, 4318408.343, 140
Trd, 4318408.743, 140
Trd, 4318408.943, 140
Trd, 4318410.593, 140
Trd, 4318411.393, 140
Trd, 4318411.743, 73
Trd, 4318412.543, 64
Trd, 4318413.643, 60
Trd, 4318414.743, 61
Trd, 4318415.043, 66
Trd, 4318415.193, 67
Trd, 4318416.193, 71
Trd, 4318416.443, 140
Trd, 4318417.843, 140
Trd, 4318419.493, 140
Trd, 4318419.793, 140
Trd, 4318420.243, 140
Trd, 4318422.593, 140
Trd, 4318423.943, 140
Trd, 4318425.343, 140
Trd, 4318427.043, 140
Trd, 4318430.043, 140
Trd, 4318431.993, 140
Trd, 4318432.593, 140
Trd, 4318433.193, 140
Trd, 4318433.693, 140
Trd, 4318433.943, 140
Trd, 4318434.793, 140
Trd, 4318434.943, 140
Trd, 4318435.643, 140
Trd, 4318437.493, 140
Trd, 4318439.493, 140
Trd, 4318440.293, 140
Trd, 4318440.493, 140
Trd, 4318440.693, 140
Trd, 4318440.793, 140
Trd, 4318440.843, 140
Trd, 4318441.243, 140
Trd, 4318441.943, 137
Trd, 4318443.243, 140
Trd, 4318443.693, 126
Trd, 4318444.593, 126
Trd, 4318446.243, 130
Trd, 4318448.043, 140
Trd, 4318448.493, 140
Trd, 4318449.893, 140
Trd, 4318450.843, 140
Trd, 4318451.993, 140
Trd, 4318454.143, 140
Trd, 4318454.443, 140
Trd, 4318454.493, 140
Trd, 4318456.343, 140
Trd, 4318456.793, 140
Trd, 4318460.093, 140
Trd, 4318460.693, 140
Trd, 4318460.743, 140
Trd, 4318461.893, 140
Trd, 4318462.093, 140
Trd, 4318463.143, 140
Trd, 4318463.493, 140
Trd, 4318464.193, 140
Trd, 4318464.293, 140
Trd, 4318466.643, 140
Trd, 4318466.693, 140
Trd, 4318467.393, 140
Trd, 4318468.943, 140
Trd, 4318469.543, 140
Trd, 4318469.843, 140
Trd, 4318470.143, 140
Trd, 4318470.293, 140
Trd, 4318470.943, 139
Trd, 4318471.343, 140
Trd, 4318471.843, 105
Trd, 4318474.043, 111
Trd, 4318474.093, 110
Trd, 4318475.093, 140
Trd, 4318475.243, 139
Trd, 4318475.543, 117
Trd, 4318477.443, 112
Trd, 4318478.693, 62
Trd, 4318479.193, 61
Trd, 4318479.943, 62
Trd, 4318480.143, 61
Trd, 4318483.093, 66
Trd, 4318484.593, 64
Trd, 4318484.743, 64
Trd, 4318486.243, 62
Trd, 4318486.293, 60
Trd, 4318487.093, 61
Trd, 4318487.843, 119
Trd, 4318488.393, 123
Trd, 4318488.843, 111
Trd, 4318489.143, 112
Trd, 4318490.143, 115
Trd, 4318491.493, 140
Trd, 4318493.493, 140
Trd, 4318494.093, 140
Trd, 4318495.943, 140
Trd, 4318496.243, 140
Trd, 4318496.543, 140
Trd, 4318496.593, 140
Trd, 4318497.793, 140
Trd, 4318498.393, 140
Trd, 4318499.093, 140
Trd, 4318501.743, 140
Trd, 4318502.043, 140
Trd, 4318502.243, 140
Trd, 4318503.143, 140
Trd, 4318503.693, 140
Trd, 4318504.443, 140
Trd, 4318504.843, 140
Trd, 4318505.243, 140
Trd, 4318506.043, 61
Trd, 4318507.543, 60
Trd, 4318507.693, 60
Trd, 4318508.393, 60
Trd, 4318508.643, 61
Trd, 4318508.793, 62
Trd, 4318509.043, 66
Trd, 4318509.143, 117
Trd, 4318509.443, 63
Trd, 4318514.443, 140
Trd, 4318516.043, 140
Trd, 4318516.493, 140
Trd, 4318518.643, 140
Trd, 4318518.793, 140
Trd, 4318518.893, 140
Trd, 4318518.943, 140
Trd, 4318519.143, 140
Trd, 4318519.293, 140
Trd, 4318520.193, 140
Trd, 4318521.143, 140
Trd, 4318523.393, 140
Trd, 4318524.193, 140
Trd, 4318524.393, 140
Trd, 4318524.693, 140
Trd, 4318525.743, 140
Trd, 4318526.543, 83
Trd, 4318528.543, 117
Trd, 4318528.693, 136
Trd, 4318530.843, 126
Trd, 4318530.993, 126
Trd, 4318531.293, 130
Trd, 4318531.593, 122
Trd, 4318533.393, 122
Trd, 4318533.593, 123
Trd, 4318533.793, 126
Trd, 4318534.443, 125
Trd, 4318534.843, 125
Trd, 4318535.193, 124
Trd, 4318539.343, 140
Trd, 4318539.693, 140
Trd, 4318540.043, 140
Trd, 4318540.793, 140
Trd, 4318541.093, 140
Trd, 4318541.343, 140
Trd, 4318541.793, 138
Trd, 4318541.843, 137
Trd, 4318542.593, 118
Trd, 4318543.093, 116
Trd, 4318545.643, 123
Trd, 4318545.793, 121
Trd, 4318546.043, 120
Trd, 4318546.593, 120
Trd, 4318547.143, 122
Trd, 4318547.643, 121
Trd, 4318549.293, 140
Trd, 4318550.043, 140
Trd, 4318550.543, 140
Trd, 4318552.393, 140
Trd, 4318553.843, 140
Trd, 4318554.093, 140
Trd, 4318554.393, 140
Trd, 4318554.543, 140
Trd, 4318555.493, 140
Trd, 4318555.893, 139
Trd, 4318556.243, 96
Trd, 4318557.043, 76
Trd, 4318558.293, 80
Trd, 4318558.593, 79
Trd, 4318561.843, 140
Trd, 4318561.943, 140
Trd, 4318562.543, 140
Trd, 4318563.593, 140
Trd, 4318563.743, 140
Trd, 4318564.243, 140
Trd, 4318564.393, 140
Trd, 4318565.093, 140
Trd, 4318565.743, 140
Trd, 4318567.193, 140
Trd, 4318570.693, 140
Trd, 4318571.343, 140
Trd, 4318571.393, 140
Trd, 4318573.943, 140
Trd, 4318575.193, 140
Trd, 4318575.343, 140
Trd, 4318575.393, 140
Trd, 4318575.793, 140
Trd, 4318577.193, 140
Trd, 4318577.293, 140
Trd, 4318577.543, 140
Trd, 4318577.643, 140
Trd, 4318577.943, 139
Trd, 4318579.993, 140
Trd, 4318580.593, 138
Trd, 4318581.643, 137
Trd, 4318583.093, 95
Trd, 4318584.343, 99
Trd, 4318585.243, 126
Trd, 4318586.943, 112
Trd, 4318587.343, 116
Trd, 4318587.793, 117
Trd, 4318588.243, 116
Trd, 4318588.543, 117
Trd, 4318588.843, 118
Trd, 4318588.893, 119
Trd, 4318589.243, 117
Trd, 4318591.093, 122
Trd, 4318591.193, 120
Trd, 4318593.393, 124
Trd, 4318594.243, 75
Trd, 4318594.493, 125
Trd, 4318594.793, 94
Trd, 4318595.093, 79
Trd, 4318595.993, 79
Trd, 4318598.093, 88
Trd, 4318599.493, 90
Trd, 4318600.043, 96
Trd, 4318600.243, 97
Trd, 4318600.443, 97
Trd, 4318600.893, 102
Trd, 4318601.243, 104
Trd, 4318601.543, 97
Trd, 4318602.293, 113
Trd, 4318604.793, 117
Trd, 4318605.043, 97
Trd, 4318607.943, 140
Trd, 4318608.793, 140
Trd, 4318609.493, 140
Trd, 4318611.243, 140
Trd, 4318611.793, 140
Trd, 4318612.593, 140
Trd, 4318613.143, 140
Trd, 4318616.143, 140
Trd, 4318616.793, 140
Trd, 4318617.943, 140
Trd, 4318618.443, 140
Trd, 4318618.643, 140
Trd, 4318618.743, 140
Trd, 4318620.943, 140
Trd, 4318621.543, 140
Trd, 4318621.993, 140
Trd, 4318622.243, 140
Trd, 4318622.493, 140
Trd, 4318623.993, 138
Trd, 4318624.393, 138
Trd, 4318624.593, 139
Trd, 4318625.993, 140
Trd, 4318626.243, 139
Trd, 4318628.293, 60
Trd, 4318629.543, 60
Trd, 4318629.793, 60
Trd, 4318630.443, 60
Trd, 4318630.543, 60
Trd, 4318631.593, 67
Trd, 4318631.943, 68
Trd, 4318632.343, 68
Trd, 4318632.393, 67
Trd, 4318633.643, 66
Trd, 4318634.143, 75
Trd, 4318635.893, 60
Trd, 4318636.793, 72
Trd, 4318637.793, 62
Trd, 4318639.243, 60
Trd, 4318639.693, 60
Trd, 4318639.843, 66
Trd, 4318640.293, 65
Trd, 4318641.293, 69
Trd, 4318641.493, 69
Trd, 4318642.393, 63
Trd, 4318643.043, 60
Trd, 4318643.143, 60
Trd, 4318643.193, 60
Trd, 4318643.293, 69
Trd, 4318645.243, 66
Trd, 4318646.943, 63
Trd, 4318648.193, 70
Trd, 4318650.093, 91
Trd, 4318650.343, 107
Trd, 4318652.543, 62
Trd, 4318653.393, 98
Trd, 4318653.493, 68
Trd, 4318653.943, 64
Trd, 4318654.343, 98
Trd, 4318656.493, 72
Trd, 4318657.143, 77
Trd, 4318657.593, 98
Trd, 4318658.443, 99
Trd, 4318659.243, 99
Trd, 4318659.543, 100
Trd, 4318659.893, 105
Trd, 4318660.043, 97
Trd, 4318660.843, 99
Trd, 4318661.393, 99
Trd, 4318663.593, 140
Trd, 4318665.043, 140
Trd, 4318665.443, 140
Trd, 4318665.893, 140
Trd, 4318666.993, 140
Trd, 4318667.093, 140
Trd, 4318667.693, 140
Trd, 4318668.243, 140
Trd, 4318669.143, 140
Trd, 4318669.493, 140
Trd, 4318670.393, 127
Trd, 4318671.493, 132
Trd, 4318672.043, 76
Trd, 4318672.743, 138
Trd, 4318675.693, 99
Trd, 4318675.893, 99
Trd, 4318676.293, 110
Trd, 4318677.343, 107
Trd, 4318677.443, 108
Trd, 4318679.193, 110
Trd, 4318679.743, 117
Trd, 4318680.443, 139
Trd, 4318680.793, 138
Trd, 4318682.093, 112
Trd, 4318684.443, 91
Trd, 4318684.493, 93
Trd, 4318685.393, 93
Trd, 4318686.793, 113
Trd, 4318687.193, 114
Trd, 4318688.743, 107
Trd, 4318688.993, 108
Trd, 4318689.093, 109
Trd, 4318689.493, 110
Trd, 4318690.043, 112
Trd, 4318690.993, 118
Trd, 4318693.143, 130
Trd, 4318695.343, 140
Trd, 4318695.493, 140
Trd, 4318695.593, 140
Trd, 4318695.643, 140
Trd, 4318695.793, 139
Trd, 4318696.243, 138
Trd, 4318697.443, 114
Trd, 4318699.893, 140
Trd, 4318699.993, 140
Trd, 4318701.293, 140
Trd, 4318701.693, 140
Trd, 4318702.143, 140
Trd, 4318703.843, 140
Trd, 4318704.543, 140
Trd, 4318705.193, 140
Trd, 4318705.693, 140
Trd, 4318705.793, 140
Trd, 4318706.843, 140
Trd, 4318707.743, 140
Trd, 4318709.393, 140
Trd, 4318710.543, 140
Trd, 4318712.093, 140
Trd, 4318713.193, 140
Trd, 4318714.493, 140
Trd, 4318715.343, 140
Trd, 4318715.943, 140
Trd, 4318719.943, 140
Trd, 4318720.443, 140
Trd, 4318720.643, 140
Trd, 4318721.193, 140
Trd, 4318721.743, 140
Trd, 4318721.993, 140
Trd, 4318724.543, 140
Trd, 4318725.293, 140
Trd, 4318725.643, 140
Trd, 4318725.693, 140
Trd, 4318725.943, 140
Trd, 4318726.093, 140
Trd, 4318726.493, 139
Trd, 4318726.843, 140
Trd, 4318730.543, 106
Trd, 4318731.593, 114
Trd, 4318733.343, 122
Trd, 4318733.793, 127
Trd, 4318734.443, 126
Trd, 4318734.693, 127
Trd, 4318734.793, 126
Trd, 4318735.393, 127
Trd, 4318735.443, 126
Trd, 4318735.843, 132
Trd, 4318736.393, 60
Trd, 4318737.543, 60
Trd, 4318739.143, 140
Trd, 4318741.193, 140
Trd, 4318741.943, 140
Trd, 4318742.493, 139
Trd, 4318744.043, 94
Trd, 4318744.943, 84
Trd, 4318745.043, 87
Trd, 4318745.393, 84
Trd, 4318745.993, 87
Trd, 4318746.343, 87
Trd, 4318746.743, 88
Trd, 4318747.243, 93
Trd, 4318749.193, 140
Trd, 4318750.243, 140
Trd, 4318751.043, 140
Trd, 4318751.543, 140
Trd, 4318751.743, 140
Trd, 4318752.443, 140
Trd, 4318752.693, 140
Trd, 4318753.443, 140
Trd, 4318753.543, 139
Trd, 4318755.493, 70
Trd, 4318756.043, 91
Trd, 4318757.343, 121
Trd, 4318758.793, 62
Trd, 4318758.843, 61
Trd, 4318760.343, 113
Trd, 4318760.493, 114
Trd, 4318760.743, 115
Trd, 4318761.543, 75
Trd, 4318762.843, 80
Trd, 4318763.893, 94
Trd, 4318764.443, 109
Trd, 4318766.843, 104
Trd, 4318767.693, 104
Trd, 4318768.493, 97
Trd, 4318768.843, 97
Trd, 4318771.193, 140
Trd, 4318771.243, 140
Trd, 4318771.693, 140
Trd, 4318771.793, 140
Trd, 4318772.193, 140
Trd, 4318773.093, 140
Trd, 4318774.093, 140
Trd, 4318775.543, 140
Trd, 4318775.893, 140
Trd, 4318776.443, 140
Trd, 4318778.243, 140
Trd, 4318779.143, 140
Trd, 4318779.793, 140
Trd, 4318782.093, 140
Trd, 4318782.693, 140
Trd, 4318783.593, 140
Trd, 4318783.693, 140
Trd, 4318783.843, 139
Trd, 4318784.143, 139
Trd, 4318787.093, 105
Trd, 4318787.243, 108
Trd, 4318787.843, 120
Trd, 4318787.943, 106
Trd, 4318788.543, 110
Trd, 4318789.393, 123
Trd, 4318789.493, 115
Trd, 4318790.743, 118
Trd, 4318790.993, 118
Trd, 4318791.243, 119
Trd, 4318792.643, 140
Trd, 4318793.593, 140
Trd, 4318794.043, 140
Trd, 4318796.493, 140
Trd, 4318797.193, 140
Trd, 4318797.943, 140
Trd, 4318797.993, 140
Trd, 4318801.993, 140
Trd, 4318802.343, 140
Trd, 4318804.043, 140
Trd, 4318804.443, 140
Trd, 4318804.693, 140
Trd, 4318804.843, 140
Trd, 4318805.393, 140
Trd, 4318805.693, 140
Trd, 4318805.893, 140
Trd, 4318808.343, 140
Trd, 4318808.443, 139
Trd, 4318809.943, 140
Trd, 4318810.743, 139
Trd, 4318811.243, 139
Trd, 4318812.093, 140
Trd, 4318812.893, 140
Trd, 4318813.893, 140
Trd, 4318814.743, 140
Trd, 4318814.893, 140
Trd, 4318815.843, 140
Trd, 4318816.143, 140
Trd, 4318817.143, 140
Trd, 4318817.593, 140
Trd, 4318818.293, 140
Trd, 4318821.893, 140
Trd, 4318822.193, 140
Trd, 4318822.843, 140
Trd, 4318824.793, 140
Trd, 4318825.343, 140
Trd, 4318825.593, 140
Trd, 4318827.193, 140
Trd, 4318827.593, 140
Trd, 4318828.143, 140
Trd, 4318828.393, 140
Trd, 4318829.743, 140
Trd, 4318829.793, 140
Trd, 4318829.843, 140
Trd, 4318830.943, 140
Trd, 4318831.093, 140
Trd, 4318832.793, 61
Trd, 4318832.943, 61
Trd, 4318834.193, 60
Trd, 4318834.693, 60
Trd, 4318835.093, 61
Trd, 4318835.393, 60
Trd, 4318837.393, 60
Trd, 4318837.793, 60
Trd, 4318837.993, 60
Trd, 4318838.243, 61
Trd, 4318838.493, 63
Trd, 4318838.643, 62
Trd, 4318840.493, 66
Trd, 4318840.593, 65
Trd, 4318841.293, 61
Trd, 4318841.393, 63
Trd, 4318842.193, 65
Trd, 4318844.243, 61
Trd, 4318847.193, 60
Trd, 4318847.543, 62
Trd, 4318848.193, 61
Trd, 4318848.693, 61
Trd, 4318848.943, 62
Trd, 4318849.143, 62
Trd, 4318849.493, 65
Trd, 4318849.843, 66
Trd, 4318849.993, 71
Trd, 4318852.743, 109
Trd, 4318853.293, 100
Trd, 4318853.893, 107
Trd, 4318854.243, 105
Trd, 4318854.343, 106
Trd, 4318854.493, 106
Trd, 4318854.543, 105
Trd, 4318855.793, 113
Trd, 4318855.893, 112
Trd, 4318859.143, 140
Trd, 4318859.643, 140
Trd, 4318861.093, 140
Trd, 4318861.293, 140
Trd, 4318861.643, 140
Trd, 4318862.743, 140
Trd, 4318863.343, 140
Trd, 4318863.943, 140
Trd, 4318864.093, 140
Trd, 4318864.643, 140
Trd, 4318866.443, 140
Trd, 4318867.743, 140
Trd, 4318868.143, 140
Trd, 4318868.293, 140
Trd, 4318868.543, 140
Trd, 4318868.643, 140
Trd, 4318869.093, 138
Trd, 4318870.293, 138
Trd, 4318870.793, 103
Trd, 4318872.443, 132
Trd, 4318872.843, 107
Trd, 4318873.443, 117
Trd, 4318874.593, 111
Trd, 4318874.743, 125
Trd, 4318876.093, 125
Trd, 4318876.193, 127
Trd, 4318877.593, 122
Trd, 4318877.843, 122
Trd, 4318878.043, 124
Trd, 4318878.443, 123
Trd, 4318878.793, 76
Trd, 4318881.243, 83
Trd, 4318881.893, 86
Trd, 4318881.993, 85
Trd, 4318882.543, 91
Trd, 4318882.693, 92
Trd, 4318882.893, 96
Trd, 4318883.643, 89
Trd, 4318884.043, 86
Trd, 4318885.093, 111
Trd, 4318885.243, 88
Trd, 4318885.693, 97
Trd, 4318886.243, 87
Trd, 4318888.243, 120
Trd, 4318889.143, 113
Trd, 4318890.643, 90
Trd, 4318891.493, 91
Trd, 4318891.693, 115
Trd, 4318893.143, 115
Trd, 4318896.993, 140
Trd, 4318897.393, 140
Trd, 4318897.693, 140
Trd, 4318899.993, 140
Trd, 4318903.343, 140
Trd, 4318903.543, 140
Trd, 4318904.543, 140
Trd, 4318904.593, 140
Trd, 4318908.343, 140
Trd, 4318908.443, 140
Trd, 4318908.643, 140
Trd, 4318909.793, 140
Trd, 4318909.893, 140
Trd, 4318910.193, 140
Trd, 4318910.593, 140
Trd, 4318912.093, 140
Trd, 4318912.493, 140
Trd, 4318913.543, 140
Trd, 4318913.893, 140
Trd, 4318914.293, 140
Trd, 4318914.493, 140
Trd, 4318914.643, 140
Trd, 4318914.843, 140
Trd, 4318915.243, 140
Trd, 4318917.293, 140
Trd, 4318917.893, 140
Trd, 4318918.093, 140
Trd, 4318918.543, 140
Trd, 4318920.893, 140
Trd, 4318921.043, 140
Trd, 4318921.243, 140
Trd, 4318921.843, 131
Trd, 4318922.793, 107
Trd, 4318923.643, 111
Trd, 4318924.693, 124
Trd, 4318925.143, 118
Trd, 4318926.343, 121
Trd, 4318927.043, 121
Trd, 4318927.593, 121
Trd, 4318929.443, 120
Trd, 4318930.993, 119
Trd, 4318931.793, 121
Trd, 4318932.193, 119
Trd, 4318932.293, 120
Trd, 4318933.043, 121
Trd, 4318933.243, 122
Trd, 4318934.243, 70
Trd, 4318935.193, 61
Trd, 4318936.843, 140
Trd, 4318937.243, 140
Trd, 4318939.193, 140
Trd, 4318940.793, 140
Trd, 4318942.443, 140
Trd, 4318943.393, 140
Trd, 4318944.443, 140
Trd, 4318947.393, 140
Trd, 4318948.293, 140
Trd, 4318948.843, 140
Trd, 4318948.993, 140
Trd, 4318949.843, 140
Trd, 4318950.043, 140
Trd, 4318951.593, 140
Trd, 4318951.693, 140
Trd, 4318952.443, 88
Trd, 4318953.743, 99
Trd, 4318956.993, 140
Trd, 4318957.093, 140
Trd, 4318958.793, 140
Trd, 4318959.393, 140
Trd, 4318960.943, 140
Trd, 4318961.343, 140
Trd, 4318961.493, 140
Trd, 4318961.693, 140
Trd, 4318961.943, 140
Trd, 4318962.143, 140
Trd, 4318963.793, 140
Trd, 4318964.743, 140
Trd, 4318965.643, 140
Trd, 4318967.043, 140
Trd, 4318968.143, 140
Trd, 4318968.643, 140
Trd, 4318970.243, 136
Trd, 4318970.543, 138
Trd, 4318971.693, 106
Trd, 4318971.843, 105
Trd, 4318973.243, 135
Trd, 4318973.893, 114
Trd, 4318975.993, 128
Trd, 4318976.193, 128
Trd, 4318976.743, 129
Trd, 4318976.993, 130
Trd, 4318977.193, 134
Trd, 4318978.893, 135
Trd, 4318980.493, 140
Trd, 4318981.443, 140
Trd, 4318982.443, 140
Trd, 4318982.543, 140
Trd, 4318982.593, 140
Trd, 4318982.893, 140
Trd, 4318983.743, 140
Trd, 4318983.793, 139
Trd, 4318984.943, 138
Trd, 4318985.593, 139
Trd, 4318985.993, 138
Trd, 4318986.543, 139
Trd, 4318988.843, 110
Trd, 4318989.293, 140
Trd, 4318989.593, 140
Trd, 4318990.643, 140
Trd, 4318991.193, 140
Trd, 4318993.043, 140
Trd, 4318994.043, 140
Trd, 4318994.843, 140
Trd, 4318997.993, 140
Trd, 4318998.093, 140
Trd, 4318999.243, 140
Trd, 4318999.993, 140
Trd, 4319000.393, 140
Trd, 4319000.543, 140
Trd, 4319000.593, 140
Trd, 4319002.293, 140
Trd, 4319002.443, 140
Trd, 4319004.193, 140
Trd, 4319006.843, 140
Trd, 4319006.993, 140
Trd, 4319007.143, 140
Trd, 4319007.593, 140
Trd, 4319008.493, 140
Trd, 4319009.143, 139
Trd, 4319009.543, 140
Trd, 4319010.093, 140
Trd, 4319011.393, 140
Trd, 4319011.793, 140
Trd, 4319011.993, 140
Trd, 4319012.243, 138
Trd, 4319013.893, 137
Trd, 4319014.243, 137
Trd, 4319014.743, 136
Trd, 4319016.043, 136
Trd, 4319016.143, 136
Trd, 4319016.293, 134
Trd, 4319018.893, 140
Trd, 4319021.193, 140
Trd, 4319022.393, 140
Trd, 4319023.043, 140
Trd, 4319024.543, 140
Trd, 4319025.843, 140
Trd, 4319025.893, 140
Trd, 4319026.093, 140
Trd, 4319028.093, 140
Trd, 4319029.043, 140
Trd, 4319029.193, 140
Trd, 4319029.593, 140
Trd, 4319030.693, 140
Trd, 4319030.743, 140
Trd, 4319031.043, 140
Trd, 4319031.193, 140
Trd, 4319031.593, 140
Trd, 4319032.143, 140
Trd, 4319032.393, 140
Trd, 4319032.543, 140
Trd, 4319035.193, 140
Trd, 4319035.343, 140
Trd, 4319035.593, 140
Trd, 4319036.643, 140
Trd, 4319038.243, 140
Trd, 4319039.493, 140
Trd, 4319040.843, 140
Trd, 4319043.443, 140
Trd, 4319044.593, 140
Trd, 4319045.293, 140
Trd, 4319045.493, 140
Trd, 4319045.893, 140
Trd, 4319046.443, 140
Trd, 4319047.193, 140
Trd, 4319047.643, 140
Trd, 4319049.893, 140
Trd, 4319050.393, 140
Trd, 4319051.793, 140
Trd, 4319052.993, 140
Trd, 4319055.943, 140
Trd, 4319056.043, 140
Trd, 4319056.193, 139
Trd, 4319056.693, 139
Trd, 4319056.743, 138
Trd, 4319058.293, 139
Trd, 4319058.443, 137
Trd, 4319058.893, 111
Trd, 4319059.693, 90
Trd, 4319062.493, 140
Trd, 4319063.893, 140
Trd, 4319065.043, 140
Trd, 4319065.643, 140
Trd, 4319066.643, 140
Trd, 4319067.843, 140
Trd, 4319070.293, 140
Trd, 4319071.893, 140
Trd, 4319074.443, 140
Trd, 4319075.143, 140
Trd, 4319077.343, 140
Trd, 4319079.143, 140
Trd, 4319080.543, 140
Trd, 4319080.843, 140
Trd, 4319081.843, 140
Trd, 4319081.943, 140
Trd, 4319082.343, 140
Trd, 4319082.643, 140
Trd, 4319083.193, 140
Trd, 4319083.443, 140
Trd, 4319084.143, 140
Trd, 4319084.993, 140
Trd, 4319087.043, 140
Trd, 4319087.293, 140
Trd, 4319087.343, 140
Trd, 4319087.993, 139
Trd, 4319088.243, 139
Trd, 4319090.843, 140
Trd, 4319091.943, 140
Trd, 4319094.193, 140
Trd, 4319095.543, 140
Trd, 4319096.243, 140
Trd, 4319096.493, 140
Trd, 4319098.343, 140
Trd, 4319098.443, 140
Trd, 4319099.493, 140
Trd, 4319101.993, 140
Trd, 4319102.193, 140
Trd, 4319102.293, 140
Trd, 4319102.593, 140
Trd, 4319103.093, 140
Trd, 4319103.993, 140
Trd, 4319104.143, 96
Trd, 4319105.943, 65
Trd, 4319106.393, 76
Trd, 4319106.743, 125
Trd, 4319107.193, 126
Trd, 4319107.893, 89
Trd, 4319108.643, 86
Trd, 4319109.443, 139
Trd, 4319110.593, 140
Trd, 4319112.243, 140
Trd, 4319112.293, 140
Trd, 4319114.493, 140
Trd, 4319114.593, 140
Trd, 4319115.043, 140
Trd, 4319115.193, 140
Trd, 4319115.493, 140
Trd, 4319115.543, 138
Trd, 4319116.643, 122
Trd, 4319117.443, 140
Trd, 4319117.893, 124
Trd, 4319119.393, 139
Trd, 4319119.743, 140
Trd, 4319119.943, 140
Trd, 4319120.843, 140
Trd, 4319121.043, 140
Trd, 4319122.993, 140
Trd, 4319123.043, 140
Trd, 4319124.043, 140
Trd, 4319124.493, 140
Trd, 4319124.843, 139
Trd, 4319126.393, 106
Trd, 4319126.543, 106
Trd, 4319127.743, 117
Trd, 4319127.943, 107
Trd, 4319128.743, 108
Trd, 4319129.793, 77
Trd, 4319131.243, 81
Trd, 4319132.043, 98
Trd, 4319132.293, 98
Trd, 4319132.743, 100
Trd, 4319133.293, 91
Trd, 4319134.193, 109
Trd, 4319134.793, 110
Trd, 4319135.493, 96
Trd, 4319136.543, 117
Trd, 4319137.343, 110
Trd, 4319138.243, 114
Trd, 4319138.493, 115
Trd, 4319139.293, 127
Trd, 4319140.893, 131
Trd, 4319142.543, 140
Trd, 4319142.693, 140
Trd, 4319142.993, 140
Trd, 4319147.043, 140
Trd, 4319147.543, 140
Trd, 4319148.393, 140
Trd, 4319148.743, 140
Trd, 4319148.993, 140
Trd, 4319149.643, 140
Trd, 4319150.493, 140
Trd, 4319150.543, 140
Trd, 4319152.843, 122
Trd, 4319153.643, 122
Trd, 4319153.893, 122
Trd, 4319154.093, 121
Trd, 4319155.893, 140
Trd, 4319156.993, 140
Trd, 4319157.943, 140
Trd, 4319159.743, 140
Trd, 4319160.693, 140
Trd, 4319161.743, 140
Trd, 4319163.593, 140
Trd, 4319164.093, 140
Trd, 4319164.943, 140
Trd, 4319165.343, 140
Trd, 4319165.643, 140
Trd, 4319166.643, 140
Trd, 4319166.693, 140
Trd, 4319166.993, 140
Trd, 4319167.043, 140
Trd, 4319168.293, 140
Trd, 4319169.043, 140
Trd, 4319171.343, 140
Trd, 4319172.143, 140
Trd, 4319172.393, 140
Trd, 4319172.693, 140
Trd, 4319173.143, 140
Trd, 4319174.893, 60
Trd, 4319175.543, 60
Trd, 4319176.043, 68
Trd, 4319176.793, 71
Trd, 4319178.093, 71
Trd, 4319178.193, 71
Trd, 4319178.293, 70
Trd, 4319179.093, 69
Trd, 4319179.493, 64
Trd, 4319182.143, 60
Trd, 4319182.793, 60
Trd, 4319183.043, 61
Trd, 4319183.143, 71
Trd, 4319184.643, 126
Trd, 4319184.693, 94
Trd, 4319186.493, 72
Trd, 4319186.843, 74
Trd, 4319187.543, 123
Trd, 4319188.793, 99
Trd, 4319189.943, 103
Trd, 4319191.743, 124
Trd, 4319192.793, 140
Trd, 4319193.193, 140
Trd, 4319194.643, 140
Trd, 4319194.693, 140
Trd, 4319194.893, 140
Trd, 4319196.043, 140
Trd, 4319198.743, 119
Trd, 4319199.043, 120
Trd, 4319200.143, 140
Trd, 4319200.993, 140
Trd, 4319201.543, 140
Trd, 4319201.943, 140
Trd, 4319202.793, 139
Trd, 4319202.893, 139
Trd, 4319203.293, 140
Trd, 4319204.493, 75
Trd, 4319204.543, 91
Trd, 4319205.243, 74
Trd, 4319206.293, 75
Trd, 4319208.043, 140
Trd, 4319209.293, 140
Trd, 4319209.543, 140
Trd, 4319211.243, 140
Trd, 4319211.493, 140
Trd, 4319211.943, 140
Trd, 4319212.993, 140
Trd, 4319214.193, 140
Trd, 4319214.643, 140
Trd, 4319215.093, 140
Trd, 4319215.243, 140
Trd, 4319215.593, 140
Trd, 4319215.843, 140
Trd, 4319216.743, 140
Trd, 4319217.193, 140
Trd, 4319220.943, 140
Trd, 4319221.193, 140
Trd, 4319222.943, 140
Trd, 4319223.443, 140
Trd, 4319226.343, 140
Trd, 4319228.093, 140
Trd, 4319228.593, 140
Trd, 4319229.893, 140
Trd, 4319230.993, 140
Trd, 4319231.543, 140
Trd, 4319231.793, 140
Trd, 4319232.143, 140
Trd, 4319232.943, 140
Trd, 4319234.493, 140
Trd, 4319235.443, 140
Trd, 4319235.993, 140
Trd, 4319236.343, 140
Trd, 4319236.743, 140
Trd, 4319236.793, 140
Trd, 4319236.993, 140
Trd, 4319238.693, 140
Trd, 4319240.043, 140
Trd, 4319240.643, 140
Trd, 4319241.443, 140
Trd, 4319242.043, 140
Trd, 4319243.143, 140
Trd, 4319243.193, 140
Trd, 4319243.493, 140
Trd, 4319246.093, 140
Trd, 4319246.693, 140
Trd, 4319247.093, 140
Trd, 4319247.593, 140
Trd, 4319248.943, 134
Trd, 4319249.643, 132
Trd, 4319249.893, 78
Trd, 4319251.143, 85
Trd, 4319251.493, 85
Trd, 4319252.293, 127
Trd, 4319253.893, 140
Trd, 4319255.593, 140
Trd, 4319256.493, 140
Trd, 4319256.693, 140
Trd, 4319258.043, 140
Trd, 4319259.443, 140
Trd, 4319259.943, 140
Trd, 4319260.493, 140
Trd, 4319260.893, 140
Trd, 4319261.343, 140
Trd, 4319261.793, 140
Trd, 4319262.393, 113
Trd, 4319262.793, 134
Trd, 4319264.293, 133
Trd, 4319264.343, 128
Trd, 4319264.843, 129
Trd, 4319265.543, 130
Trd, 4319265.793, 126
Trd, 4319268.493, 128
Trd, 4319268.543, 129
Trd, 4319268.643, 128
Trd, 4319269.143, 129
Trd, 4319270.093, 130
Trd, 4319270.493, 130
Trd, 4319270.743, 129
Trd, 4319270.993, 103
Trd, 4319272.743, 60
Trd, 4319273.243, 70
Trd, 4319273.593, 71
Trd, 4319274.793, 60
Trd, 4319275.943, 62
Trd, 4319276.093, 64
Trd, 4319276.743, 66
Trd, 4319276.843, 65
Trd, 4319276.943, 65
Trd, 4319279.043, 87
Trd, 4319279.143, 91
Trd, 4319280.243, 76
Trd, 4319283.743, 125
Trd, 4319284.043, 122
Trd, 4319284.243, 76
Trd, 4319285.393, 119
Trd, 4319288.043, 106
Trd, 4319288.693, 111
Trd, 4319288.943, 110
Trd, 4319289.693, 108
Trd, 4319291.093, 111
Trd, 4319291.743, 113
Trd, 4319292.493, 114
Trd, 4319292.743, 116
Trd, 4319293.143, 117
Trd, 4319293.343, 119
Trd, 4319294.243, 116
Trd, 4319294.393, 115
Trd, 4319295.943, 117
Trd, 4319296.993, 106
Trd, 4319297.043, 105
Trd, 4319297.593, 123
Trd, 4319297.743, 80
Trd, 4319298.893, 83
Trd, 4319299.243, 81
Trd, 4319300.543, 109
Trd, 4319301.843, 113
Trd, 4319302.793, 140
Trd, 4319304.093, 140
Trd, 4319306.443, 140
Trd, 4319308.043, 140
Trd, 4319308.793, 140
Trd, 4319309.543, 140
Trd, 4319311.143, 140
Trd, 4319313.693, 140
Trd, 4319316.493, 140
Trd, 4319317.193, 140
Trd, 4319317.493, 140
Trd, 4319318.093, 140
Trd, 4319319.793, 140
Trd, 4319321.593, 140
Trd, 4319322.443, 140
Trd, 4319322.893, 140
Trd, 4319323.043, 140
Trd, 4319324.393, 140
Trd, 4319325.843, 140
Trd, 4319325.993, 140
Trd, 4319326.593, 140
Trd, 4319327.343, 140
Trd, 4319327.443, 140
Trd, 4319328.693, 140
Trd, 4319330.093, 140
Trd, 4319330.443, 140
Trd, 4319331.443, 140
Trd, 4319332.693, 140
Trd, 4319334.043, 140
Trd, 4319334.993, 140
Trd, 4319335.093, 140
Trd, 4319335.493, 140
Trd, 4319336.443, 140
Trd, 4319336.843, 85
Trd, 4319339.093, 140
Trd, 4319340.043, 140
Trd, 4319340.193, 140
Trd, 4319341.743, 140
Trd, 4319341.943, 140
Trd, 4319342.493, 140
Trd, 4319342.693, 140
Trd, 4319342.993, 136
Trd, 4319345.193, 108
Trd, 4319345.443, 108
Trd, 4319346.293, 136
Trd, 4319347.093, 116
Trd, 4319348.843, 124
Trd, 4319349.043, 123
Trd, 4319349.893, 113
Trd, 4319351.393, 120
Trd, 4319351.893, 118
Trd, 4319352.343, 118
Trd, 4319353.043, 121
Trd, 4319353.193, 116
Trd, 4319353.343, 130
Trd, 4319354.843, 131
Trd, 4319355.193, 104
Trd, 4319355.393, 103
Trd, 4319357.593, 120
Trd, 4319358.543, 121
Trd, 4319358.793, 122
Trd, 4319359.393, 125
Trd, 4319360.193, 128
Trd, 4319360.293, 126
Trd, 4319360.693, 125
Trd, 4319361.243, 113
Trd, 4319363.643, 113
Trd, 4319364.843, 87
Trd, 4319365.293, 91
Trd, 4319365.893, 94
Trd, 4319366.443, 101
Trd, 4319368.543, 100
Trd, 4319369.243, 103
Trd, 4319370.243, 104
Trd, 4319370.893, 106
Trd, 4319371.543, 106
Trd, 4319373.143, 114
Trd, 4319374.293, 117
Trd, 4319374.343, 116
Trd, 4319378.143, 140
Trd, 4319378.493, 140
Trd, 4319378.893, 140
Trd, 4319379.693, 140
Trd, 4319380.093, 140
Trd, 4319380.343, 140
Trd, 4319381.093, 140
Trd, 4319381.793, 140
Trd, 4319382.043, 140
Trd, 4319382.443, 140
Trd, 4319382.943, 139
Trd, 4319383.743, 122
Trd, 4319383.943, 121
Trd, 4319384.893, 74
Trd, 4319385.843, 138
Trd, 4319387.343, 62
Trd, 4319390.793, 60
Trd, 4319391.343, 60
Trd, 4319391.593, 60
Trd, 4319391.743, 60
Trd, 4319392.493, 61
Trd, 4319393.243, 60
Trd, 4319394.493, 63
Trd, 4319394.693, 66
Trd, 4319395.693, 64
Trd, 4319396.243, 64
Trd, 4319396.793, 63
Trd, 4319396.993, 65
Trd, 4319398.043, 62
Trd, 4319398.843, 61
Trd, 4319401.493, 60
Trd, 4319401.543, 60
Trd, 4319402.293, 60
Trd, 4319402.443, 60
Trd, 4319402.943, 62
Trd, 4319405.093, 68
Trd, 4319405.193, 67
Trd, 4319405.493, 68
Trd, 4319405.543, 69
Trd, 4319405.593, 74
Trd, 4319406.343, 113
Trd, 4319406.493, 101
Trd, 4319408.293, 107
Trd, 4319409.643, 109
Trd, 4319409.843, 110
Trd, 4319410.143, 117
Trd, 4319410.443, 108
Trd, 4319413.793, 100
Trd, 4319414.143, 97
Trd, 4319414.293, 95
Trd, 4319415.493, 98
Trd, 4319416.243, 81
Trd, 4319416.443, 81
Trd, 4319418.493, 88
Trd, 4319418.543, 91
Trd, 4319418.693, 86
Trd, 4319418.843, 92
Trd, 4319419.143, 94
Trd, 4319420.043, 87
Trd, 4319420.693, 112
Trd, 4319421.493, 134
Trd, 4319421.693, 116
Trd, 4319421.743, 115
Trd, 4319425.093, 140
Trd, 4319428.193, 140
Trd, 4319429.243, 140
Trd, 4319429.643, 140
Trd, 4319432.043, 140
Trd, 4319432.293, 140
Trd, 4319433.543, 140
Trd, 4319433.893, 140
Trd, 4319434.393, 140
Trd, 4319435.493, 73
Trd, 4319435.843, 79
Trd, 4319436.593, 67
Trd, 4319436.993, 72
Trd, 4319437.743, 81
Trd, 4319438.343, 80
Trd, 4319438.693, 81
Trd, 4319439.193, 82
Trd, 4319439.593, 82
Trd, 4319441.593, 140
Trd, 4319441.793, 140
Trd, 4319445.343, 140
Trd, 4319445.943, 140
Trd, 4319447.843, 140
Trd, 4319448.093, 140
Trd, 4319448.693, 140
Trd, 4319450.393, 140
Trd, 4319452.293, 140
Trd, 4319452.993, 140
Trd, 4319454.593, 140
Trd, 4319455.143, 140
Trd, 4319458.243, 140
Trd, 4319458.693, 140
Trd, 4319458.943, 140
Trd, 4319460.293, 140
Trd, 4319460.943, 140
Trd, 4319461.243, 140
Trd, 4319461.443, 140
Trd, 4319462.943, 140
Trd, 4319464.743, 140
Trd, 4319464.843, 140
Trd, 4319465.093, 140
Trd, 4319465.143, 140
Trd, 4319465.793, 140
Trd, 4319466.893, 140
Trd, 4319468.643, 140
Trd, 4319469.993, 140
Trd, 4319471.193, 140
Trd, 4319472.043, 140
Trd, 4319472.193, 140
Trd, 4319472.443, 140
Trd, 4319472.493, 140
Trd, 4319473.843, 140
Trd, 4319474.143, 140
Trd, 4319475.943, 72
Trd, 4319477.243, 116
Trd, 4319477.493, 80
Trd, 4319478.143, 120
Trd, 4319478.793, 88
Trd, 4319479.343, 100
Trd, 4319480.893, 94
Trd, 4319480.943, 109
Trd, 4319481.643, 93
Trd, 4319482.593, 98
Trd, 4319482.943, 108
Trd, 4319483.893, 108
Trd, 4319484.693, 108
Trd, 4319485.043, 108
Trd, 4319485.243, 107
Trd, 4319486.243, 109
Trd, 4319486.693, 109
Trd, 4319488.393, 117
Trd, 4319488.843, 113
Trd, 4319488.893, 118
Trd, 4319489.443, 111
Trd, 4319489.793, 74
Trd, 4319492.393, 82
Trd, 4319492.943, 83
Trd, 4319493.693, 113
Trd, 4319494.093, 112
Trd, 4319495.543, 105
Trd, 4319495.893, 107
Trd, 4319496.043, 107
Trd, 4319496.393, 108
Trd, 4319496.543, 113
Trd, 4319497.593, 113
Trd, 4319499.543, 118
Trd, 4319500.093, 140
Trd, 4319500.143, 139
Trd, 4319500.293, 118
Trd, 4319504.543, 140
Trd, 4319505.343, 140
Trd, 4319505.493, 140
Trd, 4319505.693, 140
Trd, 4319505.793, 140
Trd, 4319505.893, 140
Trd, 4319506.343, 140
Trd, 4319507.593, 62
Trd, 4319507.793, 120
Trd, 4319510.093, 117
Trd, 4319510.293, 116
Trd, 4319511.243, 117
Trd, 4319512.493, 117
Trd, 4319512.593, 118
Trd, 4319513.143, 118
Trd, 4319513.393, 118
Trd, 4319513.493, 117
Trd, 4319514.493, 117
Trd, 4319514.593, 123
Trd, 4319517.743, 60
Trd, 4319517.943, 60
Trd, 4319520.943, 60
Trd, 4319521.043, 60
Trd, 4319521.293, 60
Trd, 4319521.793, 64
Trd, 4319521.993, 64
Trd, 4319522.193, 65
Trd, 4319522.293, 63
Trd, 4319522.443, 71
Trd, 4319523.643, 63
Trd, 4319524.393, 63
Trd, 4319525.543, 60
Trd, 4319526.443, 66
Trd, 4319526.843, 76
Trd, 4319527.243, 68
Trd, 4319528.143, 70
Trd, 4319528.193, 71
Trd, 4319528.543, 68
Trd, 4319529.643, 107
Trd, 4319530.693, 94
Trd, 4319531.543, 98
Trd, 4319532.293, 104
Trd, 4319534.093, 112
Trd, 4319534.443, 113
Trd, 4319534.843, 114
Trd, 4319535.643, 121
Trd, 4319537.343, 138
Trd, 4319537.693, 136
Trd, 4319538.993, 137
Trd, 4319539.993, 140
Trd, 4319540.093, 140
Trd, 4319540.843, 61
Trd, 4319540.893, 71
Trd, 4319541.593, 65
Trd, 4319544.943, 140
Trd, 4319545.293, 140
Trd, 4319545.993, 140
Trd, 4319547.143, 140
Trd, 4319547.943, 140
Trd, 4319550.193, 140
Trd, 4319550.443, 140
Trd, 4319550.543, 140
Trd, 4319551.293, 140
Trd, 4319551.893, 140
Trd, 4319553.393, 132
Trd, 4319555.243, 120
Trd, 4319555.343, 119
Trd, 4319556.343, 124
Trd, 4319558.293, 129
Trd, 4319558.593, 134
Trd, 4319558.893, 130
Trd, 4319559.543, 133
Trd, 4319559.593, 134
Trd, 4319559.943, 136
Trd, 4319560.393, 136
Trd, 4319560.443, 134
Trd, 4319563.743, 131
Trd, 4319563.943, 113
Trd, 4319563.993, 135
Trd, 4319564.843, 139
Trd, 4319565.093, 118
Trd, 4319566.443, 126
Trd, 4319567.593, 132
Trd, 4319568.243, 140
Trd, 4319568.343, 140
Trd, 4319571.393, 140
Trd, 4319571.593, 140
Trd, 4319571.943, 140
Trd, 4319572.243, 140
Trd, 4319572.293, 140
Trd, 4319573.393, 140
Trd, 4319573.743, 140
Trd, 4319573.893, 140
Trd, 4319576.343, 140
Trd, 4319576.443, 140
Trd, 4319577.393, 140
Trd, 4319578.093, 140
Trd, 4319579.593, 140
Trd, 4319580.393, 140
Trd, 4319580.543, 140
Trd, 4319580.643, 140
Trd, 4319580.993, 110
Trd, 4319582.543, 126
Trd, 4319584.793, 138
Trd, 4319585.443, 136
Trd, 4319586.193, 140
Trd, 4319586.693, 138
Trd, 4319587.293, 139
Trd, 4319587.493, 139
Trd, 4319588.543, 140
Trd, 4319589.493, 139
Trd, 4319589.543, 138
Trd, 4319590.343, 123
Trd, 4319590.793, 140
Trd, 4319592.593, 124
Trd, 4319594.293, 140
Trd, 4319594.993, 140
Trd, 4319595.943, 140
Trd, 4319598.143, 60
Trd, 4319598.493, 60
Trd, 4319598.943, 60
Trd, 4319601.493, 60
Trd, 4319602.043, 60
Trd, 4319602.093, 60
Trd, 4319602.393, 66
Trd, 4319603.343, 60
Trd, 4319603.993, 62
Trd, 4319604.693, 63
Trd, 4319604.993, 63
Trd, 4319605.393, 66
Trd, 4319605.493, 69
Trd, 4319607.593, 71
Trd, 4319608.243, 98
Trd, 4319608.593, 98
Trd, 4319609.043, 99
Trd, 4319610.193, 87
Trd, 4319610.393, 88
Trd, 4319611.893, 112
Trd, 4319613.493, 140
Trd, 4319613.743, 137
Trd, 4319615.993, 140
Trd, 4319617.443, 140
Trd, 4319618.293, 140
Trd, 4319619.593, 140
Trd, 4319622.593, 140
Trd, 4319623.093, 140
Trd, 4319623.693, 140
Trd, 4319626.993, 140
Trd, 4319628.043, 140
Trd, 4319628.143, 140
Trd, 4319628.843, 140
Trd, 4319629.043, 140
Trd, 4319629.393, 140
Trd, 4319631.443, 140
Trd, 4319631.493, 140
Trd, 4319631.743, 140
Trd, 4319632.043, 140
Trd, 4319632.593, 140
Trd, 4319633.393, 140
Trd, 4319634.443, 140
Trd, 4319634.543, 140
Trd, 4319634.793, 140
Trd, 4319635.543, 140
Trd, 4319635.793, 140
Trd, 4319637.143, 88
Trd, 4319638.793, 126
Trd, 4319639.993, 130
Trd, 4319640.393, 131
Trd, 4319640.643, 132
Trd, 4319640.743, 131
Trd, 4319640.793, 133
Trd, 4319643.993, 131
Trd, 4319644.493, 104
Trd, 4319644.893, 104
Trd, 4319646.343, 140
Trd, 4319647.493, 140
Trd, 4319647.793, 140
Trd, 4319649.193, 140
Trd, 4319649.743, 140
Trd, 4319650.843, 140
Trd, 4319652.543, 140
Trd, 4319654.193, 140
Trd, 4319654.893, 140
Trd, 4319657.643, 140
Trd, 4319657.993, 140
Trd, 4319658.893, 140
Trd, 4319660.093, 140
Trd, 4319661.593, 140
Trd, 4319662.093, 140
Trd, 4319662.143, 140
Trd, 4319663.693, 140
Trd, 4319663.743, 140
Trd, 4319663.843, 140
Trd, 4319663.893, 140
Trd, 4319665.043, 139
Trd, 4319665.343, 139
Trd, 4319666.793, 109
Trd, 4319667.043, 94
Trd, 4319667.493, 94
Trd, 4319668.993, 140
Trd, 4319669.093, 139
Trd, 4319669.443, 94
Trd, 4319672.693, 135
Trd, 4319672.893, 104
Trd, 4319673.643, 105
Trd, 4319674.843, 117
Trd, 4319675.543, 129
Trd, 4319676.493, 127
Trd, 4319676.743, 127
Trd, 4319677.143, 128
Trd, 4319677.343, 129
Trd, 4319677.443, 128
Trd, 4319677.593, 127
Trd, 4319678.393, 131
Trd, 4319679.343, 131
Trd, 4319682.693, 140
Trd, 4319683.093, 140
Trd, 4319683.543, 140
Trd, 4319683.893, 140
Trd, 4319684.043, 140
Trd, 4319684.593, 140
Trd, 4319684.743, 140
Trd, 4319685.693, 84
Trd, 4319686.493, 139
Trd, 4319688.393, 135
Trd, 4319688.793, 86
Trd, 4319690.093, 127
Trd, 4319690.343, 92
Trd, 4319692.143, 93
Trd, 4319692.843, 109
Trd, 4319694.643, 106
Trd, 4319694.893, 107
Trd, 4319695.193, 103
Trd, 4319695.493, 80
Trd, 4319695.793, 67
Trd, 4319697.393, 66
Trd, 4319698.293, 75
Trd, 4319699.393, 62
Trd, 4319699.543, 63
Trd, 4319702.043, 65
Trd, 4319702.193, 66
Trd, 4319702.793, 66
Trd, 4319703.043, 64
Trd, 4319703.293, 67
Trd, 4319704.243, 70
Trd, 4319705.793, 116
Trd, 4319708.943, 60
Trd, 4319709.643, 60
Trd, 4319709.743, 60
Trd, 4319709.793, 60
Trd, 4319710.043, 66
Trd, 4319711.443, 63
Trd, 4319711.793, 63
Trd, 4319714.143, 140
Trd, 4319715.943, 140
Trd, 4319718.443, 140
Trd, 4319719.293, 140
Trd, 4319719.793, 140
Trd, 4319720.043, 140
Trd, 4319720.843, 140
Trd, 4319722.043, 140
Trd, 4319724.443, 140
Trd, 4319724.543, 140
Trd, 4319724.793, 140
Trd, 4319725.093, 140
Trd, 4319725.743, 140
Trd, 4319726.293, 140
Trd, 4319727.493, 140
Trd, 4319727.693, 140
Trd, 4319727.893, 140
Trd, 4319728.043, 95
Trd, 4319728.793, 140
Trd, 4319730.993, 136
Trd, 4319731.293, 97
Trd, 4319732.543, 116
Trd, 4319733.643, 120
Trd, 4319735.393, 124
Trd, 4319735.743, 121
Trd, 4319736.143, 110
Trd, 4319736.793, 109
Trd, 4319736.993, 121
Trd, 4319739.693, 119
Trd, 4319740.093, 123
Trd, 4319740.793, 116
Trd, 4319742.293, 122
Trd, 4319742.793, 123
Trd, 4319743.093, 133
Trd, 4319743.343, 124
Trd, 4319743.843, 136
Trd, 4319744.143, 140
Trd, 4319744.193, 135
Trd, 4319744.343, 106
Trd, 4319747.493, 137
Trd, 4319749.143, 140
Trd, 4319751.093, 140
Trd, 4319751.343, 140
Trd, 4319751.693, 140
Trd, 4319752.343, 140
Trd, 4319754.493, 140
Trd, 4319755.343, 140
Trd, 4319756.843, 140
Trd, 4319756.893, 140
Trd, 4319758.143, 140
Trd, 4319761.893, 140
Trd, 4319761.993, 140
Trd, 4319763.043, 140
Trd, 4319764.443, 140
Trd, 4319767.993, 140
Trd, 4319768.543, 140
Trd, 4319768.693, 140
Trd, 4319768.943, 140
Trd, 4319769.543, 140
Trd, 4319769.843, 139
Trd, 4319770.243, 140
Trd, 4319771.093, 139
Trd, 4319771.293, 138
Trd, 4319773.343, 140
Trd, 4319774.093, 140
Trd, 4319774.293, 140
Trd, 4319775.143, 140
Trd, 4319775.893, 140
Trd, 4319776.093, 140
Trd, 4319777.443, 140
Trd, 4319778.093, 140
Trd, 4319779.193, 140
Trd, 4319779.743, 140
Trd, 4319780.393, 140
Trd, 4319780.543, 140
Trd, 4319781.693, 140
Trd, 4319782.593, 84
Trd, 4319784.143, 106
Trd, 4319785.493, 118
Trd, 4319785.543, 119
Trd, 4319786.043, 108
Trd, 4319786.343, 131
Trd, 4319788.593, 120
Trd, 4319788.643, 119
Trd, 4319789.243, 118
Trd, 4319789.693, 120
Trd, 4319791.243, 61
Trd, 4319792.343, 66
Trd, 4319792.993, 65
Trd, 4319794.243, 61
Trd, 4319794.943, 67
Trd, 4319795.793, 63
Trd, 4319795.993, 69
Trd, 4319796.493, 70
Trd, 4319797.093, 68
Trd, 4319799.543, 78
Trd, 4319800.643, 123
Trd, 4319801.493, 84
Trd, 4319801.543, 83
Trd, 4319801.843, 120
Trd, 4319802.393, 84
Trd, 4319803.293, 123
Trd, 4319804.493, 107
Trd, 4319804.543, 106
Trd, 4319806.343, 140
Trd, 4319808.143, 140
Trd, 4319810.243, 140
Trd, 4319810.343, 140
Trd, 4319811.293, 140
Trd, 4319812.943, 140
Trd, 4319813.193, 140
Trd, 4319813.693, 140
Trd, 4319813.943, 140
Trd, 4319814.143, 140
Trd, 4319814.993, 140
Trd, 4319815.393, 140
Trd, 4319816.943, 140
Trd, 4319818.693, 140
Trd, 4319819.693, 140
Trd, 4319819.943, 140
Trd, 4319820.043, 140
Trd, 4319821.043, 139
Trd, 4319821.343, 138
Trd, 4319822.743, 140
Trd, 4319823.343, 140
Trd, 4319823.643, 140
Trd, 4319823.693, 138
Trd, 4319825.793, 140
Trd, 4319825.893, 140
Trd, 4319826.093, 88
Trd, 4319826.193, 140
Trd, 4319827.793, 137
Trd, 4319828.043, 81
Trd, 4319830.043, 140
Trd, 4319830.193, 140
Trd, 4319833.043, 140
Trd, 4319833.293, 140
Trd, 4319833.343, 140
Trd, 4319833.593, 140
Trd, 4319833.843, 140
Trd, 4319834.543, 140
Trd, 4319834.593, 140
Trd, 4319835.093, 140
Trd, 4319837.493, 140
Trd, 4319838.343, 140
Trd, 4319840.393, 140
Trd, 4319842.793, 140
Trd, 4319842.843, 140
Trd, 4319843.193, 140
Trd, 4319843.543, 140
Trd, 4319844.993, 140
Trd, 4319845.093, 140
Trd, 4319845.593, 91
Trd, 4319846.843, 63
Trd, 4319847.543, 134
Trd, 4319847.793, 98
Trd, 4319848.493, 98
Trd, 4319849.843, 125
Trd, 4319850.693, 117
Trd, 4319851.143, 113
Trd, 4319851.343, 112
Trd, 4319851.643, 117
Trd, 4319852.793, 116
Trd, 4319852.943, 115
Trd, 4319853.043, 113
Trd, 4319853.643, 116
Trd, 4319857.143, 70
Trd, 4319857.443, 66
Trd, 4319857.793, 68
Trd, 4319857.993, 69
Trd, 4319858.343, 70
Trd, 4319859.893, 81
Trd, 4319860.593, 82
Trd, 4319860.993, 81
Trd, 4319861.993, 140
Trd, 4319862.343, 140
Trd, 4319862.793, 140
Trd, 4319864.993, 140
Trd, 4319865.543, 140
Trd, 4319866.043, 140
Trd, 4319867.743, 140
Trd, 4319867.993, 140
Trd, 4319868.493, 140
Trd, 4319869.293, 140
Trd, 4319869.793, 140
Trd, 4319872.143, 120
Trd, 4319873.093, 122
Trd, 4319873.293, 121
Trd, 4319873.693, 124
Trd, 4319874.143, 121
Trd, 4319874.293, 121
Trd, 4319874.443, 120
Trd, 4319874.793, 62
Trd, 4319876.493, 120
Trd, 4319877.693, 94
Trd, 4319877.793, 73
Trd, 4319878.793, 60
Trd, 4319879.193, 61
Trd, 4319880.543, 63
Trd, 4319881.543, 60
Trd, 4319881.793, 60
Trd, 4319884.643, 60
Trd, 4319885.093, 60
Trd, 4319885.793, 60
Trd, 4319886.393, 62
Trd, 4319886.493, 63
Trd, 4319886.593, 77
Trd, 4319886.943, 90
Trd, 4319888.443, 128
Trd, 4319889.993, 67
Trd, 4319891.193, 60
Trd, 4319892.693, 60
Trd, 4319893.793, 60
Trd, 4319894.143, 60
Trd, 4319895.893, 60
Trd, 4319896.193, 60
Trd, 4319896.443, 61
Trd, 4319896.593, 68
Trd, 4319897.293, 63
Trd, 4319898.193, 66
Trd, 4319898.843, 70
Trd, 4319900.143, 109
Trd, 4319900.193, 71
Trd, 4319900.543, 111
Trd, 4319902.093, 83
Trd, 4319902.443, 109
Trd, 4319903.193, 110
Trd, 4319903.893, 92
Trd, 4319903.993, 119
Trd, 4319904.893, 90
Trd, 4319905.143, 89
Trd, 4319906.743, 93
Trd, 4319906.993, 93
Trd, 4319907.393, 94
Trd, 4319908.493, 101
Trd, 4319909.643, 140
Trd, 4319909.743, 140
Trd, 4319910.343, 140
Trd, 4319910.893, 140
Trd, 4319914.143, 140
Trd, 4319914.443, 140
Trd, 4319915.443, 140
Trd, 4319915.593, 140
Trd, 4319919.293, 140
Trd, 4319919.443, 140
Trd, 4319919.543, 140
Trd, 4319919.693, 140
Trd, 4319919.893, 140
Trd, 4319920.543, 140
Trd, 4319921.393, 140
Trd, 4319922.343, 140
Trd, 4319922.843, 140
Trd, 4319924.293, 140
Trd, 4319924.693, 140
Trd, 4319925.993, 140
Trd, 4319926.693, 140
Trd, 4319929.243, 140
Trd, 4319930.693, 140
Trd, 4319932.293, 140
Trd, 4319932.693, 140
Trd, 4319936.243, 140
Trd, 4319936.793, 140
Trd, 4319937.143, 140
Trd, 4319937.293, 140
Trd, 4319938.293, 140
Trd, 4319940.543, 140
Trd, 4319941.643, 140
Trd, 4319941.993, 140
Trd, 4319942.343, 140
Trd, 4319943.193, 140
Trd, 4319945.593, 140
Trd, 4319947.043, 140
Trd, 4319949.443, 140
Trd, 4319949.643, 140
Trd, 4319949.793, 140
Trd, 4319950.393, 140
Trd, 4319950.843, 140
Trd, 4319951.793, 137
Trd, 4319953.043, 140
Trd, 4319953.193, 140
Trd, 4319953.643, 140
Trd, 4319954.293, 140
Trd, 4319954.943, 140
Trd, 4319957.693, 140
Trd, 4319957.993, 140
Trd, 4319958.143, 140
Trd, 4319958.393, 137
Trd, 4319959.043, 124
Trd, 4319960.143, 138
Trd, 4319960.593, 131
Trd, 4319962.043, 136
Trd, 4319962.393, 135
Trd, 4319964.243, 140
Trd, 4319964.743, 140
Trd, 4319966.593, 140
Trd, 4319967.793, 140
Trd, 4319968.343, 140
Trd, 4319969.443, 140
Trd, 4319969.843, 140
Trd, 4319970.543, 140
Trd, 4319971.693, 140
Trd, 4319973.093, 140
Trd, 4319973.393, 140
Trd, 4319973.593, 140
Trd, 4319973.893, 140
Trd, 4319973.943, 140
Trd, 4319974.443, 140
Trd, 4319974.993, 140
Trd, 4319976.993, 140
Trd, 4319977.343, 140
Trd, 4319978.393, 140
Trd, 4319979.943, 140
Trd, 4319980.993, 140
Trd, 4319981.743, 140
Trd, 4319982.443, 140
Trd, 4319987.493, 140
Trd, 4319987.593, 140
Trd, 4319988.693, 140
Trd, 4319988.893, 140
Trd, 4319990.243, 140
Trd, 4319990.793, 140
Trd, 4319990.843, 140
Trd, 4319991.243, 140
Trd, 4319991.593, 140
Trd, 4319992.243, 140
Trd, 4319994.093, 140
Trd, 4319996.543, 140
Trd, 4319996.843, 140
Trd, 4319999.443, 140
Trd, 4319999.793, 140
