Trd, 4318144.693, 140
Trd, 4318144.943, 140
Trd, 4318145.093, 140
Trd, 4318147.343, 140
Trd, 4318149.693, 140
Trd, 4318149.743, 140
Trd, 4318149.893, 140
Trd, 4318150.443, 140
Trd, 4318150.493, 140
Trd, 4318152.193, 140
Trd, 4318152.693, 139
Trd, 4318152.743, 130
Trd, 4318153.093, 140
Trd, 4318153.593, 140
Trd, 4318154.943, 140
Trd, 4318156.343, 62
Trd, 4318156.693, 62
Trd, 4318156.843, 64
Trd, 4318158.193, 62
Trd, 4318159.193, 62
Trd, 4318159.493, 60
Trd, 4318160.493, 61
Trd, 4318162.643, 63
Trd, 4318163.693, 61
Trd, 4318163.793, 61
Trd, 4318163.993, 60
Trd, 4318164.143, 67
Trd, 4318164.493, 68
Trd, 4318165.443, 140
Trd, 4318166.893, 140
Trd, 4318167.543, 140
Trd, 4318168.493, 140
Trd, 4318169.193, 140
Trd, 4318170.343, 140
Trd, 4318170.993, 140
Trd, 4318171.293, 139
Trd, 4318172.593, 140
Trd, 4318173.543, 140
Trd, 4318174.243, 140
Trd, 4318174.593, 140
Trd, 4318174.643, 140
Trd, 4318174.743, 140
Trd, 4318175.343, 126
Trd, 4318175.443, 83
Trd, 4318176.443, 134
Trd, 4318177.393, 140
Trd, 4318178.293, 140
Trd, 4318179.893, 140
Trd, 4318180.943, 140
Trd, 4318181.293, 140
Trd, 4318181.343, 140
Trd, 4318181.743, 101
Trd, 4318182.093, 140
Trd, 4318183.093, 61
Trd, 4318183.143, 63
Trd, 4318183.993, 139
Trd, 4318185.193, 69
Trd, 4318187.343, 140
Trd, 4318187.693, 139
Trd, 4318187.743, 137
Trd, 4318188.993, 138
Trd, 4318189.543, 140
Trd, 4318189.693, 134
Trd, 4318190.043, 138
Trd, 4318192.343, 140
Trd, 4318192.443, 140
Trd, 4318193.093, 140
Trd, 4318193.843, 140
Trd, 4318194.243, 140
Trd, 4318194.443, 140
Trd, 4318195.043, 140
Trd, 4318197.193, 140
Trd, 4318197.643, 140
Trd, 4318197.743, 137
Trd, 4318198.093, 134
Trd, 4318198.493, 134
Trd, 4318198.743, 133
Trd, 4318200.343, 135
Trd, 4318200.693, 82
Trd, 4318201.393, 60
Trd, 4318201.443, 61
Trd, 4318202.643, 61
Trd, 4318203.093, 60
Trd, 4318203.943, 60
Trd, 4318204.043, 60
Trd, 4318205.193, 65
Trd, 4318205.993, 63
Trd, 4318206.643, 61
Trd, 4318207.093, 66
Trd, 4318208.593, 60
Trd, 4318208.893, 60
Trd, 4318210.843, 60
Trd, 4318210.993, 60
Trd, 4318211.943, 60
Trd, 4318212.093, 62
Trd, 4318213.093, 66
Trd, 4318213.893, 137
Trd, 4318214.093, 60
Trd, 4318214.443, 62
Trd, 4318215.993, 139
Trd, 4318216.643, 140
Trd, 4318217.443, 140
Trd, 4318218.643, 140
Trd, 4318218.843, 140
Trd, 4318219.443, 140
Trd, 4318221.443, 140
Trd, 4318221.943, 140
Trd, 4318222.293, 140
Trd, 4318222.493, 136
Trd, 4318223.643, 140
Trd, 4318224.493, 140
Trd, 4318224.943, 140
Trd, 4318225.343, 140
Trd, 4318225.693, 114
Trd, 4318227.043, 140
Trd, 4318227.693, 140
Trd, 4318228.743, 140
Trd, 4318229.193, 140
Trd, 4318230.043, 140
Trd, 4318230.443, 140
Trd, 4318230.893, 140
Trd, 4318231.093, 140
Trd, 4318232.343, 140
Trd, 4318233.393, 140
Trd, 4318233.693, 140
Trd, 4318234.043, 140
Trd, 4318234.593, 139
Trd, 4318235.493, 138
Trd, 4318235.893, 88
Trd, 4318236.443, 89
Trd, 4318237.243, 140
Trd, 4318237.443, 139
Trd, 4318237.493, 87
Trd, 4318238.193, 61
Trd, 4318239.143, 140
Trd, 4318239.243, 140
Trd, 4318241.043, 140
Trd, 4318242.293, 140
Trd, 4318243.243, 140
Trd, 4318243.993, 140
Trd, 4318244.543, 140
Trd, 4318245.093, 140
Trd, 4318245.843, 140
Trd, 4318246.693, 140
Trd, 4318247.293, 140
Trd, 4318247.493, 140
Trd, 4318248.393, 140
Trd, 4318248.943, 140
Trd, 4318249.343, 140
Trd, 4318250.343, 140
Trd, 4318250.943, 140
Trd, 4318252.343, 140
Trd, 4318252.643, 140
Trd, 4318253.693, 140
Trd, 4318254.043, 139
Trd, 4318254.743, 140
Trd, 4318256.243, 140
Trd, 4318257.493, 140
Trd, 4318258.243, 140
Trd, 4318258.493, 140
Trd, 4318259.443, 140
Trd, 4318260.093, 140
Trd, 4318261.143, 140
Trd, 4318261.543, 140
Trd, 4318261.993, 140
Trd, 4318263.193, 140
Trd, 4318263.343, 139
Trd, 4318263.843, 139
Trd, 4318263.943, 138
Trd, 4318264.343, 132
Trd, 4318265.743, 64
Trd, 4318266.543, 60
Trd, 4318266.993, 61
Trd, 4318267.193, 61
Trd, 4318267.343, 62
Trd, 4318268.593, 66
Trd, 4318269.443, 65
Trd, 4318269.593, 68
Trd, 4318270.043, 62
Trd, 4318270.343, 138
Trd, 4318270.693, 74
Trd, 4318270.743, 73
Trd, 4318271.793, 64
Trd, 4318273.043, 140
Trd, 4318273.243, 121
Trd, 4318274.543, 139
Trd, 4318275.093, 139
Trd, 4318275.843, 138
Trd, 4318277.843, 140
Trd, 4318278.143, 140
Trd, 4318278.593, 140
Trd, 4318278.743, 140
Trd, 4318279.193, 140
Trd, 4318280.443, 140
Trd, 4318281.093, 140
Trd, 4318282.543, 140
Trd, 4318282.793, 140
Trd, 4318283.143, 140
Trd, 4318283.243, 138
Trd, 4318283.293, 133
Trd, 4318283.443, 67
Trd, 4318285.143, 140
Trd, 4318285.343, 140
Trd, 4318286.993, 140
Trd, 4318287.293, 140
Trd, 4318288.793, 140
Trd, 4318288.893, 140
Trd, 4318289.693, 139
Trd, 4318290.343, 139
Trd, 4318291.093, 140
Trd, 4318291.593, 140
Trd, 4318292.143, 139
Trd, 4318292.393, 140
Trd, 4318293.393, 63
Trd, 4318293.693, 65
Trd, 4318294.243, 60
Trd, 4318294.593, 65
Trd, 4318296.093, 137
Trd, 4318296.143, 136
Trd, 4318296.293, 135
Trd, 4318297.043, 140
Trd, 4318297.843, 140
Trd, 4318298.793, 140
Trd, 4318299.943, 140
Trd, 4318300.343, 140
Trd, 4318301.643, 140
Trd, 4318302.293, 139
Trd, 4318302.743, 140
Trd, 4318303.543, 140
Trd, 4318303.793, 140
Trd, 4318304.943, 140
Trd, 4318305.393, 140
Trd, 4318305.643, 140
Trd, 4318306.993, 140
Trd, 4318307.443, 140
Trd, 4318307.743, 140
Trd, 4318308.043, 137
Trd, 4318308.593, 140
Trd, 4318310.543, 140
Trd, 4318310.743, 140
Trd, 4318310.893, 140
Trd, 4318311.593, 139
Trd, 4318312.293, 139
Trd, 4318313.843, 140
Trd, 4318313.993, 140
Trd, 4318314.943, 139
Trd, 4318315.143, 101
Trd, 4318317.343, 140
Trd, 4318317.543, 140
Trd, 4318318.043, 140
Trd, 4318318.093, 140
Trd, 4318319.443, 140
Trd, 4318319.643, 139
Trd, 4318320.493, 140
Trd, 4318320.693, 140
Trd, 4318320.793, 137
Trd, 4318321.143, 76
Trd, 4318322.193, 70
Trd, 4318323.043, 140
Trd, 4318324.743, 140
Trd, 4318325.493, 140
Trd, 4318326.543, 140
Trd, 4318327.043, 140
Trd, 4318327.093, 140
Trd, 4318329.093, 140
Trd, 4318329.543, 139
Trd, 4318330.193, 139
Trd, 4318331.493, 85
Trd, 4318331.843, 86
Trd, 4318332.343, 124
Trd, 4318333.093, 70
Trd, 4318333.693, 140
Trd, 4318333.993, 140
Trd, 4318334.093, 139
Trd, 4318334.643, 113
Trd, 4318335.593, 98
Trd, 4318336.543, 140
Trd, 4318337.543, 140
Trd, 4318338.493, 140
Trd, 4318339.143, 140
Trd, 4318339.193, 140
Trd, 4318340.493, 140
Trd, 4318340.943, 140
Trd, 4318341.193, 140
Trd, 4318341.743, 140
Trd, 4318342.643, 137
Trd, 4318342.693, 124
Trd, 4318343.193, 67
Trd, 4318343.343, 68
Trd, 4318345.043, 140
Trd, 4318345.393, 140
Trd, 4318345.793, 140
Trd, 4318346.693, 139
Trd, 4318348.043, 139
Trd, 4318348.393, 138
Trd, 4318349.193, 139
Trd, 4318349.593, 138
Trd, 4318350.143, 140
Trd, 4318350.593, 139
Trd, 4318351.993, 140
Trd, 4318352.193, 140
Trd, 4318352.943, 140
Trd, 4318353.793, 140
Trd, 4318353.943, 140
Trd, 4318354.693, 140
Trd, 4318355.593, 140
Trd, 4318356.343, 140
Trd, 4318356.593, 140
Trd, 4318357.093, 140
Trd, 4318357.793, 140
Trd, 4318358.243, 139
Trd, 4318359.193, 140
Trd, 4318359.543, 139
Trd, 4318360.843, 140
Trd, 4318362.093, 140
Trd, 4318363.143, 140
Trd, 4318364.493, 140
Trd, 4318364.893, 140
Trd, 4318365.243, 140
Trd, 4318365.493, 139
Trd, 4318366.293, 138
Trd, 4318366.693, 128
Trd, 4318366.843, 127
Trd, 4318368.093, 62
Trd, 4318368.193, 137
Trd, 4318368.793, 61
Trd, 4318368.993, 66
Trd, 4318370.393, 63
Trd, 4318371.643, 60
Trd, 4318371.893, 63
Trd, 4318372.843, 64
Trd, 4318373.343, 61
Trd, 4318373.593, 65
Trd, 4318374.993, 60
Trd, 4318376.143, 60
Trd, 4318377.943, 60
Trd, 4318378.493, 60
Trd, 4318379.143, 61
Trd, 4318379.343, 62
Trd, 4318379.843, 60
Trd, 4318380.793, 62
Trd, 4318380.843, 63
Trd, 4318381.543, 62
Trd, 4318382.043, 62
Trd, 4318382.593, 61
Trd, 4318383.893, 60
Trd, 4318384.543, 61
Trd, 4318385.543, 63
Trd, 4318385.893, 63
Trd, 4318386.093, 61
Trd, 4318386.643, 65
Trd, 4318388.393, 60
Trd, 4318388.443, 61
Trd, 4318389.393, 61
Trd, 4318390.193, 60
Trd, 4318390.393, 62
Trd, 4318390.493, 61
Trd, 4318390.743, 62
Trd, 4318392.243, 60
Trd, 4318393.393, 60
Trd, 4318393.493, 61
Trd, 4318394.243, 61
Trd, 4318395.743, 60
Trd, 4318396.143, 62
Trd, 4318396.593, 71
Trd, 4318396.793, 140
Trd, 4318397.443, 140
Trd, 4318397.643, 139
Trd, 4318398.243, 140
Trd, 4318398.543, 140
Trd, 4318399.393, 139
Trd, 4318399.893, 140
Trd, 4318400.643, 98
Trd, 4318401.743, 61
Trd, 4318403.143, 140
Trd, 4318403.593, 139
Trd, 4318404.143, 140
Trd, 4318404.793, 140
Trd, 4318404.943, 139
Trd, 4318405.743, 103
Trd, 4318405.843, 104
Trd, 4318406.093, 89
Trd, 4318407.093, 138
Trd, 4318408.293, 140
Trd, 4318409.043, 139
Trd, 4318409.793, 140
Trd, 4318410.143, 140
Trd, 4318410.743, 140
Trd, 4318412.543, 140
Trd, 4318413.143, 139
Trd, 4318413.343, 139
Trd, 4318413.443, 140
Trd, 4318413.993, 140
Trd, 4318416.193, 139
Trd, 4318417.243, 140
Trd, 4318417.693, 140
Trd, 4318418.243, 140
Trd, 4318418.393, 140
Trd, 4318418.893, 138
Trd, 4318419.643, 93
Trd, 4318421.043, 125
Trd, 4318421.343, 127
Trd, 4318421.993, 140
Trd, 4318422.193, 139
Trd, 4318423.693, 140
Trd, 4318423.993, 138
Trd, 4318424.243, 111
Trd, 4318424.693, 140
Trd, 4318425.093, 139
Trd, 4318425.193, 108
Trd, 4318426.543, 97
Trd, 4318426.743, 90
Trd, 4318427.293, 88
Trd, 4318429.193, 140
Trd, 4318430.193, 140
Trd, 4318430.243, 140
Trd, 4318431.693, 139
Trd, 4318432.393, 140
Trd, 4318433.193, 140
Trd, 4318433.643, 140
Trd, 4318433.793, 140
Trd, 4318434.793, 140
Trd, 4318435.843, 140
Trd, 4318435.943, 140
Trd, 4318436.093, 140
Trd, 4318436.343, 139
Trd, 4318436.393, 70
Trd, 4318437.293, 140
Trd, 4318439.193, 140
Trd, 4318440.243, 140
Trd, 4318440.593, 140
Trd, 4318441.843, 140
Trd, 4318442.143, 139
Trd, 4318442.243, 139
Trd, 4318443.143, 139
Trd, 4318443.643, 140
Trd, 4318444.393, 140
Trd, 4318444.643, 139
Trd, 4318446.493, 140
Trd, 4318447.693, 140
Trd, 4318447.743, 140
Trd, 4318448.593, 139
Trd, 4318448.993, 139
Trd, 4318449.943, 140
Trd, 4318450.043, 140
Trd, 4318450.493, 140
Trd, 4318451.793, 140
Trd, 4318452.543, 140
Trd, 4318452.693, 140
Trd, 4318454.243, 140
Trd, 4318454.343, 140
Trd, 4318456.293, 140
Trd, 4318456.843, 140
Trd, 4318457.093, 140
Trd, 4318458.693, 140
Trd, 4318459.193, 140
Trd, 4318459.343, 140
Trd, 4318459.893, 139
Trd, 4318461.193, 140
Trd, 4318462.043, 139
Trd, 4318462.543, 139
Trd, 4318464.443, 140
Trd, 4318464.593, 140
Trd, 4318465.043, 139
Trd, 4318465.293, 140
Trd, 4318465.343, 139
Trd, 4318465.493, 127
Trd, 4318465.593, 96
Trd, 4318467.743, 140
Trd, 4318467.993, 140
Trd, 4318468.243, 140
Trd, 4318468.443, 139
Trd, 4318469.343, 117
Trd, 4318470.193, 140
Trd, 4318470.443, 140
Trd, 4318471.443, 139
Trd, 4318471.543, 105
Trd, 4318471.793, 60
Trd, 4318472.543, 68
Trd, 4318472.943, 138
Trd, 4318473.143, 136
Trd, 4318473.593, 129
Trd, 4318474.093, 140
Trd, 4318474.593, 64
Trd, 4318475.793, 62
Trd, 4318477.393, 62
Trd, 4318478.693, 140
Trd, 4318479.143, 131
Trd, 4318479.543, 89
Trd, 4318480.193, 137
Trd, 4318480.443, 140
Trd, 4318481.293, 140
Trd, 4318482.343, 140
Trd, 4318482.743, 140
Trd, 4318483.143, 134
Trd, 4318484.193, 139
Trd, 4318484.593, 66
Trd, 4318484.693, 60
Trd, 4318485.393, 60
Trd, 4318486.993, 60
Trd, 4318488.093, 60
Trd, 4318488.493, 60
Trd, 4318490.293, 60
Trd, 4318490.693, 62
Trd, 4318490.993, 60
Trd, 4318491.143, 60
Trd, 4318491.943, 60
Trd, 4318492.643, 61
Trd, 4318492.843, 62
Trd, 4318492.943, 60
Trd, 4318493.293, 139
Trd, 4318493.943, 79
Trd, 4318494.493, 140
Trd, 4318495.693, 63
Trd, 4318497.493, 140
Trd, 4318497.843, 140
Trd, 4318498.093, 140
Trd, 4318498.643, 140
Trd, 4318499.743, 139
Trd, 4318500.893, 140
Trd, 4318501.293, 140
Trd, 4318501.393, 140
Trd, 4318502.493, 140
Trd, 4318503.043, 140
Trd, 4318503.543, 140
Trd, 4318504.893, 140
Trd, 4318506.443, 140
Trd, 4318506.743, 140
Trd, 4318506.893, 139
Trd, 4318507.093, 139
Trd, 4318507.443, 140
Trd, 4318507.493, 137
Trd, 4318508.593, 126
Trd, 4318509.843, 140
Trd, 4318510.543, 132
Trd, 4318512.643, 140
Trd, 4318512.793, 140
Trd, 4318513.593, 140
Trd, 4318514.093, 137
Trd, 4318514.793, 140
Trd, 4318514.893, 118
Trd, 4318515.343, 127
Trd, 4318515.593, 138
Trd, 4318517.593, 140
Trd, 4318518.293, 140
Trd, 4318518.743, 140
Trd, 4318519.843, 140
Trd, 4318520.243, 139
Trd, 4318521.093, 140
Trd, 4318521.443, 140
Trd, 4318523.193, 140
Trd, 4318523.343, 140
Trd, 4318524.743, 140
Trd, 4318525.143, 138
Trd, 4318525.293, 138
Trd, 4318526.543, 140
Trd, 4318526.893, 138
Trd, 4318527.243, 138
Trd, 4318527.693, 131
Trd, 4318528.393, 140
Trd, 4318528.693, 140
Trd, 4318529.943, 139
Trd, 4318530.893, 98
Trd, 4318531.243, 112
Trd, 4318531.293, 75
Trd, 4318531.943, 71
Trd, 4318532.743, 140
Trd, 4318533.293, 140
Trd, 4318533.693, 61
Trd, 4318534.593, 121
Trd, 4318534.943, 140
Trd, 4318535.593, 140
Trd, 4318535.743, 133
Trd, 4318535.793, 132
Trd, 4318537.793, 140
Trd, 4318539.043, 140
Trd, 4318539.493, 117
Trd, 4318539.693, 92
Trd, 4318540.593, 140
Trd, 4318541.243, 140
Trd, 4318542.843, 140
Trd, 4318543.443, 140
Trd, 4318543.693, 140
Trd, 4318544.093, 140
Trd, 4318546.193, 140
Trd, 4318546.443, 139
Trd, 4318546.743, 137
Trd, 4318547.543, 140
Trd, 4318549.443, 140
Trd, 4318549.893, 139
Trd, 4318550.543, 140
Trd, 4318550.693, 138
Trd, 4318551.443, 140
Trd, 4318552.393, 140
Trd, 4318552.693, 140
Trd, 4318553.343, 125
Trd, 4318553.443, 97
Trd, 4318553.543, 96
Trd, 4318555.793, 60
Trd, 4318555.893, 69
Trd, 4318557.143, 140
Trd, 4318557.243, 140
Trd, 4318557.843, 140
Trd, 4318557.893, 140
Trd, 4318558.093, 138
Trd, 4318559.393, 140
Trd, 4318560.493, 140
Trd, 4318560.693, 140
Trd, 4318561.143, 140
Trd, 4318561.593, 139
Trd, 4318561.893, 137
Trd, 4318562.843, 131
Trd, 4318563.293, 138
Trd, 4318563.443, 132
Trd, 4318563.593, 140
Trd, 4318564.493, 62
Trd, 4318565.343, 61
Trd, 4318566.143, 62
Trd, 4318566.793, 60
Trd, 4318567.343, 62
Trd, 4318567.493, 64
Trd, 4318568.643, 62
Trd, 4318568.893, 64
Trd, 4318570.643, 60
Trd, 4318571.393, 60
Trd, 4318571.943, 62
Trd, 4318573.093, 60
Trd, 4318573.193, 60
Trd, 4318573.293, 62
Trd, 4318574.293, 60
Trd, 4318576.343, 60
Trd, 4318576.493, 60
Trd, 4318577.293, 60
Trd, 4318578.293, 60
Trd, 4318578.543, 60
Trd, 4318578.643, 61
Trd, 4318580.643, 60
Trd, 4318581.193, 60
Trd, 4318581.393, 61
Trd, 4318581.993, 60
Trd, 4318582.293, 61
Trd, 4318582.343, 66
Trd, 4318583.043, 60
Trd, 4318584.343, 61
Trd, 4318584.593, 136
Trd, 4318584.943, 139
Trd, 4318585.693, 123
Trd, 4318587.643, 140
Trd, 4318587.793, 140
Trd, 4318588.543, 140
Trd, 4318589.093, 140
Trd, 4318589.393, 140
Trd, 4318591.543, 140
Trd, 4318591.643, 140
Trd, 4318592.743, 140
Trd, 4318593.493, 140
Trd, 4318594.143, 140
Trd, 4318594.543, 140
Trd, 4318595.043, 139
Trd, 4318595.393, 140
Trd, 4318596.843, 138
Trd, 4318597.293, 125
Trd, 4318597.643, 124
Trd, 4318597.893, 138
Trd, 4318598.043, 111
Trd, 4318598.443, 140
Trd, 4318599.893, 140
Trd, 4318601.043, 140
Trd, 4318601.393, 140
Trd, 4318602.293, 140
Trd, 4318602.843, 140
Trd, 4318603.193, 140
Trd, 4318603.443, 140
Trd, 4318603.743, 140
Trd, 4318604.443, 140
Trd, 4318605.993, 139
Trd, 4318606.143, 130
Trd, 4318606.193, 119
Trd, 4318606.493, 136
Trd, 4318607.293, 138
Trd, 4318608.693, 61
Trd, 4318608.893, 62
Trd, 4318609.943, 64
Trd, 4318611.043, 60
Trd, 4318611.193, 62
Trd, 4318613.343, 140
Trd, 4318613.493, 140
Trd, 4318613.643, 140
Trd, 4318613.843, 140
Trd, 4318614.643, 140
Trd, 4318615.543, 103
Trd, 4318617.143, 140
Trd, 4318617.243, 140
Trd, 4318617.343, 140
Trd, 4318618.143, 140
Trd, 4318619.443, 140
Trd, 4318619.743, 140
Trd, 4318619.843, 139
Trd, 4318620.743, 137
Trd, 4318620.893, 122
Trd, 4318622.843, 140
Trd, 4318623.093, 140
Trd, 4318623.643, 140
Trd, 4318624.393, 140
Trd, 4318624.643, 140
Trd, 4318625.943, 140
Trd, 4318626.743, 117
Trd, 4318628.043, 139
Trd, 4318629.443, 140
Trd, 4318629.893, 140
Trd, 4318630.443, 140
Trd, 4318630.793, 140
Trd, 4318630.943, 139
Trd, 4318632.243, 140
Trd, 4318632.693, 140
Trd, 4318634.593, 139
Trd, 4318635.493, 67
Trd, 4318635.743, 69
Trd, 4318636.693, 61
Trd, 4318636.793, 64
Trd, 4318638.443, 60
Trd, 4318638.593, 60
Trd, 4318639.643, 60
Trd, 4318641.593, 60
Trd, 4318641.743, 61
Trd, 4318642.193, 60
Trd, 4318642.693, 62
Trd, 4318642.743, 63
Trd, 4318644.093, 60
Trd, 4318644.393, 60
Trd, 4318644.693, 140
Trd, 4318646.593, 140
Trd, 4318646.643, 140
Trd, 4318646.993, 140
Trd, 4318647.793, 140
Trd, 4318648.993, 140
Trd, 4318650.093, 140
Trd, 4318650.493, 140
Trd, 4318652.143, 140
Trd, 4318652.543, 140
Trd, 4318652.743, 140
Trd, 4318652.893, 140
Trd, 4318654.893, 140
Trd, 4318656.493, 140
Trd, 4318656.943, 140
Trd, 4318657.293, 140
Trd, 4318659.493, 140
Trd, 4318659.543, 140
Trd, 4318659.593, 136
Trd, 4318660.393, 140
Trd, 4318662.193, 140
Trd, 4318662.393, 140
Trd, 4318662.493, 139
Trd, 4318663.143, 140
Trd, 4318663.443, 140
Trd, 4318665.043, 140
Trd, 4318666.793, 140
Trd, 4318667.043, 140
Trd, 4318667.143, 139
Trd, 4318667.343, 139
Trd, 4318667.443, 139
Trd, 4318668.993, 140
Trd, 4318669.293, 140
Trd, 4318669.543, 140
Trd, 4318669.793, 140
Trd, 4318670.343, 140
Trd, 4318671.093, 140
Trd, 4318671.793, 140
Trd, 4318671.893, 140
Trd, 4318672.943, 140
Trd, 4318673.543, 60
Trd, 4318675.443, 140
Trd, 4318675.543, 140
Trd, 4318678.043, 139
Trd, 4318678.693, 140
Trd, 4318678.993, 140
Trd, 4318679.243, 139
Trd, 4318679.293, 138
Trd, 4318680.343, 139
Trd, 4318680.593, 138
Trd, 4318680.743, 139
Trd, 4318681.793, 140
Trd, 4318682.093, 139
Trd, 4318682.543, 136
Trd, 4318684.243, 140
Trd, 4318684.643, 140
Trd, 4318684.893, 139
Trd, 4318684.943, 127
Trd, 4318686.893, 61
Trd, 4318687.443, 60
Trd, 4318688.243, 60
Trd, 4318689.843, 60
Trd, 4318690.993, 60
Trd, 4318691.043, 60
Trd, 4318691.593, 60
Trd, 4318691.993, 61
Trd, 4318692.993, 61
Trd, 4318693.043, 64
Trd, 4318693.693, 89
Trd, 4318694.043, 67
Trd, 4318695.143, 140
Trd, 4318695.493, 140
Trd, 4318696.193, 140
Trd, 4318696.593, 65
Trd, 4318697.093, 61
Trd, 4318697.243, 61
Trd, 4318697.593, 61
Trd, 4318697.893, 62
Trd, 4318700.993, 140
Trd, 4318701.643, 140
Trd, 4318701.743, 140
Trd, 4318702.043, 139
Trd, 4318702.643, 140
Trd, 4318703.293, 138
Trd, 4318704.143, 140
Trd, 4318704.343, 135
Trd, 4318705.493, 107
Trd, 4318706.643, 111
Trd, 4318707.543, 140
Trd, 4318707.793, 128
Trd, 4318708.043, 110
Trd, 4318708.393, 139
Trd, 4318710.593, 140
Trd, 4318711.193, 140
Trd, 4318713.943, 140
Trd, 4318714.043, 138
Trd, 4318714.193, 137
Trd, 4318714.293, 137
Trd, 4318714.893, 140
Trd, 4318715.043, 139
Trd, 4318715.293, 138
Trd, 4318715.493, 136
Trd, 4318717.093, 60
Trd, 4318717.793, 61
Trd, 4318718.643, 60
Trd, 4318718.843, 61
Trd, 4318720.193, 60
Trd, 4318721.043, 60
Trd, 4318721.943, 61
Trd, 4318722.843, 61
Trd, 4318723.143, 71
Trd, 4318723.293, 69
Trd, 4318723.793, 63
Trd, 4318723.993, 74
Trd, 4318725.043, 61
Trd, 4318725.643, 60
Trd, 4318726.843, 60
Trd, 4318727.093, 60
Trd, 4318727.243, 60
Trd, 4318727.343, 62
Trd, 4318728.143, 60
Trd, 4318728.493, 68
Trd, 4318729.193, 65
Trd, 4318729.693, 64
Trd, 4318730.343, 137
Trd, 4318731.543, 140
Trd, 4318732.643, 138
Trd, 4318732.993, 137
Trd, 4318733.193, 132
Trd, 4318733.593, 138
Trd, 4318734.643, 140
Trd, 4318736.343, 140
Trd, 4318736.693, 140
Trd, 4318737.343, 140
Trd, 4318737.643, 140
Trd, 4318737.743, 114
Trd, 4318738.943, 140
Trd, 4318739.543, 139
Trd, 4318740.443, 138
Trd, 4318741.243, 140
Trd, 4318741.743, 129
Trd, 4318742.293, 138
Trd, 4318742.693, 130
Trd, 4318743.393, 126
Trd, 4318743.493, 139
Trd, 4318744.493, 114
Trd, 4318744.743, 135
Trd, 4318744.893, 139
Trd, 4318745.043, 139
Trd, 4318746.293, 140
Trd, 4318746.643, 140
Trd, 4318747.143, 71
Trd, 4318749.043, 140
Trd, 4318749.093, 140
Trd, 4318749.193, 139
Trd, 4318750.343, 140
Trd, 4318750.493, 140
Trd, 4318750.993, 140
Trd, 4318751.143, 114
Trd, 4318751.943, 137
Trd, 4318752.443, 140
Trd, 4318753.043, 140
Trd, 4318753.743, 97
Trd, 4318755.793, 106
Trd, 4318756.443, 140
Trd, 4318756.893, 140
Trd, 4318757.343, 140
Trd, 4318757.493, 114
Trd, 4318758.493, 140
Trd, 4318758.893, 140
Trd, 4318758.993, 140
Trd, 4318759.693, 140
Trd, 4318761.393, 140
Trd, 4318762.093, 140
Trd, 4318762.293, 140
Trd, 4318762.543, 137
Trd, 4318762.593, 117
Trd, 4318763.143, 74
Trd, 4318764.643, 140
Trd, 4318765.443, 140
Trd, 4318767.293, 140
Trd, 4318767.343, 140
Trd, 4318768.343, 140
Trd, 4318769.543, 140
Trd, 4318769.993, 140
Trd, 4318770.393, 140
Trd, 4318770.443, 140
Trd, 4318772.643, 140
Trd, 4318773.193, 140
Trd, 4318773.293, 128
Trd, 4318773.843, 139
Trd, 4318773.943, 138
Trd, 4318774.693, 139
Trd, 4318774.793, 138
Trd, 4318776.093, 137
Trd, 4318776.243, 121
Trd, 4318777.443, 65
Trd, 4318777.993, 70
Trd, 4318779.343, 60
Trd, 4318780.643, 140
Trd, 4318781.093, 140
Trd, 4318782.143, 140
Trd, 4318783.343, 139
Trd, 4318784.243, 140
Trd, 4318784.593, 66
Trd, 4318784.643, 140
Trd, 4318784.943, 140
Trd, 4318786.293, 64
Trd, 4318788.143, 60
Trd, 4318788.693, 62
Trd, 4318790.393, 60
Trd, 4318790.443, 60
Trd, 4318792.193, 60
Trd, 4318792.743, 60
Trd, 4318792.993, 60
Trd, 4318793.693, 60
Trd, 4318795.093, 60
Trd, 4318795.143, 61
Trd, 4318796.193, 60
Trd, 4318797.193, 60
Trd, 4318798.093, 60
Trd, 4318798.793, 60
Trd, 4318798.943, 60
Trd, 4318800.043, 62
Trd, 4318800.593, 61
Trd, 4318800.993, 62
Trd, 4318801.693, 62
Trd, 4318801.843, 60
Trd, 4318801.943, 66
Trd, 4318802.543, 60
Trd, 4318803.493, 60
Trd, 4318805.293, 60
Trd, 4318805.693, 60
Trd, 4318805.893, 63
Trd, 4318806.793, 62
Trd, 4318807.743, 62
Trd, 4318808.093, 60
Trd, 4318808.843, 60
Trd, 4318809.843, 60
Trd, 4318810.843, 65
Trd, 4318811.593, 60
Trd, 4318812.243, 62
Trd, 4318813.293, 60
Trd, 4318813.343, 65
Trd, 4318814.093, 62
Trd, 4318815.293, 60
Trd, 4318815.893, 60
Trd, 4318816.543, 60
Trd, 4318817.443, 60
Trd, 4318818.993, 60
Trd, 4318819.143, 60
Trd, 4318819.193, 60
Trd, 4318820.493, 60
Trd, 4318821.493, 61
Trd, 4318821.643, 61
Trd, 4318822.193, 60
Trd, 4318822.243, 61
Trd, 4318824.243, 60
Trd, 4318825.643, 60
Trd, 4318825.893, 62
Trd, 4318826.493, 61
Trd, 4318826.543, 62
Trd, 4318828.093, 60
Trd, 4318828.293, 60
Trd, 4318829.493, 63
Trd, 4318830.443, 60
Trd, 4318830.943, 61
Trd, 4318831.393, 64
Trd, 4318832.743, 140
Trd, 4318832.793, 140
Trd, 4318833.293, 122
Trd, 4318833.693, 126
Trd, 4318834.793, 85
Trd, 4318835.143, 65
Trd, 4318836.043, 63
Trd, 4318836.743, 66
Trd, 4318836.843, 64
Trd, 4318837.193, 66
Trd, 4318838.093, 61
Trd, 4318839.243, 140
Trd, 4318839.293, 140
Trd, 4318840.093, 60
Trd, 4318840.643, 62
Trd, 4318841.243, 66
Trd, 4318842.493, 66
Trd, 4318842.793, 64
Trd, 4318843.793, 60
Trd, 4318843.843, 62
Trd, 4318844.593, 140
Trd, 4318845.293, 140
Trd, 4318845.743, 140
Trd, 4318846.093, 139
Trd, 4318846.693, 139
Trd, 4318847.293, 66
Trd, 4318848.493, 127
Trd, 4318849.943, 111
Trd, 4318850.143, 111
Trd, 4318850.793, 62
Trd, 4318851.743, 60
Trd, 4318852.393, 65
Trd, 4318853.493, 61
Trd, 4318853.743, 66
Trd, 4318854.093, 63
Trd, 4318854.693, 66
Trd, 4318854.993, 61
Trd, 4318855.793, 60
Trd, 4318855.943, 62
Trd, 4318857.043, 60
Trd, 4318857.993, 63
Trd, 4318858.093, 68
Trd, 4318859.193, 140
Trd, 4318859.893, 140
Trd, 4318861.343, 140
Trd, 4318862.093, 140
Trd, 4318862.843, 140
Trd, 4318864.793, 140
Trd, 4318865.043, 140
Trd, 4318865.093, 140
Trd, 4318865.443, 77
Trd, 4318865.943, 63
Trd, 4318866.843, 139
Trd, 4318868.593, 140
Trd, 4318868.693, 140
Trd, 4318869.443, 140
Trd, 4318869.493, 140
Trd, 4318870.093, 140
Trd, 4318870.493, 140
Trd, 4318870.743, 140
Trd, 4318871.843, 140
Trd, 4318872.143, 139
Trd, 4318874.493, 140
Trd, 4318874.593, 140
Trd, 4318874.943, 139
Trd, 4318875.693, 140
Trd, 4318876.543, 138
Trd, 4318877.493, 140
Trd, 4318877.593, 140
Trd, 4318878.243, 140
Trd, 4318879.243, 140
Trd, 4318879.343, 140
Trd, 4318880.543, 140
Trd, 4318881.143, 137
Trd, 4318881.793, 139
Trd, 4318882.343, 140
Trd, 4318884.293, 139
Trd, 4318884.393, 138
Trd, 4318885.293, 140
Trd, 4318885.593, 139
Trd, 4318886.393, 140
Trd, 4318886.543, 118
Trd, 4318888.293, 140
Trd, 4318888.743, 139
Trd, 4318890.243, 140
Trd, 4318890.343, 138
Trd, 4318891.243, 139
Trd, 4318892.443, 140
Trd, 4318892.943, 140
Trd, 4318893.243, 140
Trd, 4318893.943, 140
Trd, 4318894.743, 140
Trd, 4318895.543, 140
Trd, 4318896.493, 140
Trd, 4318896.943, 140
Trd, 4318896.993, 140
Trd, 4318897.093, 140
Trd, 4318897.243, 138
Trd, 4318899.043, 140
Trd, 4318899.593, 81
Trd, 4318900.193, 139
Trd, 4318901.043, 140
Trd, 4318902.143, 140
Trd, 4318903.043, 139
Trd, 4318903.343, 135
Trd, 4318903.643, 87
Trd, 4318903.943, 79
Trd, 4318905.243, 88
Trd, 4318905.993, 140
Trd, 4318906.143, 140
Trd, 4318906.243, 87
Trd, 4318906.543, 72
Trd, 4318907.793, 140
Trd, 4318907.893, 140
Trd, 4318908.293, 140
Trd, 4318910.143, 140
Trd, 4318910.393, 140
Trd, 4318910.493, 140
Trd, 4318911.493, 140
Trd, 4318911.843, 139
Trd, 4318914.493, 140
Trd, 4318915.093, 140
Trd, 4318915.743, 140
Trd, 4318916.043, 139
Trd, 4318916.393, 139
Trd, 4318916.893, 140
Trd, 4318917.843, 140
Trd, 4318918.443, 140
Trd, 4318918.993, 140
Trd, 4318919.343, 139
Trd, 4318920.593, 139
Trd, 4318920.943, 140
Trd, 4318921.043, 139
Trd, 4318921.243, 138
Trd, 4318921.843, 128
Trd, 4318921.943, 127
Trd, 4318922.843, 69
Trd, 4318923.343, 67
Trd, 4318924.143, 137
Trd, 4318925.543, 140
Trd, 4318925.893, 140
Trd, 4318926.093, 139
Trd, 4318926.443, 139
Trd, 4318927.593, 140
Trd, 4318928.093, 140
Trd, 4318928.343, 140
Trd, 4318929.843, 140
Trd, 4318930.743, 140
Trd, 4318931.893, 140
Trd, 4318932.093, 140
Trd, 4318933.243, 140
Trd, 4318933.593, 139
Trd, 4318933.693, 139
Trd, 4318934.943, 140
Trd, 4318935.393, 140
Trd, 4318937.593, 140
Trd, 4318937.843, 140
Trd, 4318937.893, 139
Trd, 4318938.643, 139
Trd, 4318939.643, 140
Trd, 4318939.743, 140
Trd, 4318941.493, 140
Trd, 4318941.743, 140
Trd, 4318941.993, 140
Trd, 4318943.143, 140
Trd, 4318943.943, 140
Trd, 4318944.193, 140
Trd, 4318944.593, 140
Trd, 4318945.043, 140
Trd, 4318945.743, 140
Trd, 4318946.343, 140
Trd, 4318946.443, 139
Trd, 4318946.993, 140
Trd, 4318947.193, 139
Trd, 4318947.693, 139
Trd, 4318950.743, 140
Trd, 4318951.393, 121
Trd, 4318951.543, 120
Trd, 4318951.693, 118
Trd, 4318953.643, 140
Trd, 4318953.843, 140
Trd, 4318954.493, 140
Trd, 4318955.843, 140
Trd, 4318955.893, 140
Trd, 4318956.143, 140
Trd, 4318958.143, 140
Trd, 4318959.093, 140
Trd, 4318959.293, 140
Trd, 4318960.293, 140
Trd, 4318961.293, 140
Trd, 4318962.093, 140
Trd, 4318962.543, 140
Trd, 4318962.743, 138
Trd, 4318963.943, 140
Trd, 4318964.293, 139
Trd, 4318965.943, 140
Trd, 4318966.643, 140
Trd, 4318966.743, 137
Trd, 4318967.143, 140
Trd, 4318968.793, 140
Trd, 4318969.093, 140
Trd, 4318969.343, 139
Trd, 4318970.243, 140
Trd, 4318970.743, 140
Trd, 4318971.143, 139
Trd, 4318971.343, 139
Trd, 4318971.543, 140
Trd, 4318972.343, 65
Trd, 4318974.343, 122
Trd, 4318974.493, 121
Trd, 4318974.643, 102
Trd, 4318975.543, 140
Trd, 4318976.043, 140
Trd, 4318976.493, 61
Trd, 4318976.843, 71
Trd, 4318980.593, 140
Trd, 4318980.893, 140
Trd, 4318980.993, 140
Trd, 4318981.143, 140
Trd, 4318981.393, 140
Trd, 4318981.843, 140
Trd, 4318981.943, 140
Trd, 4318982.543, 139
Trd, 4318983.743, 140
Trd, 4318984.243, 140
Trd, 4318984.743, 140
Trd, 4318985.043, 140
Trd, 4318985.393, 133
Trd, 4318986.643, 139
Trd, 4318986.743, 104
Trd, 4318988.643, 140
Trd, 4318988.693, 140
Trd, 4318989.093, 140
Trd, 4318989.993, 137
Trd, 4318990.143, 123
Trd, 4318990.643, 99
Trd, 4318991.193, 139
Trd, 4318992.043, 132
Trd, 4318992.343, 139
Trd, 4318992.793, 131
Trd, 4318994.493, 106
Trd, 4318994.593, 61
Trd, 4318995.143, 60
Trd, 4318995.393, 61
Trd, 4318996.643, 139
Trd, 4318997.093, 136
Trd, 4318998.293, 139
Trd, 4318998.493, 139
Trd, 4318999.493, 140
Trd, 4319001.143, 140
Trd, 4319001.243, 140
Trd, 4319001.343, 140
Trd, 4319001.693, 140
Trd, 4319001.793, 91
Trd, 4319002.393, 140
Trd, 4319004.343, 140
Trd, 4319005.143, 140
Trd, 4319005.393, 139
Trd, 4319005.593, 139
Trd, 4319006.843, 121
Trd, 4319008.043, 139
Trd, 4319008.143, 138
Trd, 4319009.343, 140
Trd, 4319009.593, 139
Trd, 4319010.643, 140
Trd, 4319011.493, 140
Trd, 4319011.643, 140
Trd, 4319012.143, 139
Trd, 4319012.643, 140
Trd, 4319013.393, 139
Trd, 4319014.143, 139
Trd, 4319015.393, 140
Trd, 4319015.793, 140
Trd, 4319016.343, 139
Trd, 4319017.543, 140
Trd, 4319017.943, 138
Trd, 4319018.243, 140
Trd, 4319018.393, 140
Trd, 4319019.693, 140
Trd, 4319019.943, 122
Trd, 4319020.193, 140
Trd, 4319021.793, 85
Trd, 4319022.143, 85
Trd, 4319022.493, 139
Trd, 4319024.893, 140
Trd, 4319024.943, 140
Trd, 4319025.643, 138
Trd, 4319025.843, 140
Trd, 4319026.393, 140
Trd, 4319027.043, 84
Trd, 4319027.693, 63
Trd, 4319028.993, 140
Trd, 4319029.093, 97
Trd, 4319030.243, 63
Trd, 4319030.893, 60
Trd, 4319031.093, 64
Trd, 4319031.643, 67
Trd, 4319031.943, 98
Trd, 4319033.293, 65
Trd, 4319034.643, 60
Trd, 4319034.843, 61
Trd, 4319034.893, 63
Trd, 4319035.393, 78
Trd, 4319036.143, 60
Trd, 4319036.893, 68
Trd, 4319037.643, 60
Trd, 4319037.793, 60
Trd, 4319039.093, 60
Trd, 4319040.193, 60
Trd, 4319040.393, 60
Trd, 4319041.993, 60
Trd, 4319042.143, 62
Trd, 4319042.543, 64
Trd, 4319044.193, 60
Trd, 4319044.293, 60
Trd, 4319044.693, 60
Trd, 4319045.843, 60
Trd, 4319045.993, 62
Trd, 4319047.793, 60
Trd, 4319047.993, 63
Trd, 4319048.093, 63
Trd, 4319048.493, 61
Trd, 4319048.693, 62
Trd, 4319049.843, 63
Trd, 4319050.443, 65
Trd, 4319050.593, 63
Trd, 4319050.743, 66
Trd, 4319051.243, 67
Trd, 4319052.643, 60
Trd, 4319052.993, 63
Trd, 4319053.643, 67
Trd, 4319054.693, 62
Trd, 4319054.793, 64
Trd, 4319056.143, 61
Trd, 4319057.143, 63
Trd, 4319057.393, 64
Trd, 4319057.693, 61
Trd, 4319057.843, 69
Trd, 4319058.693, 62
Trd, 4319059.143, 76
Trd, 4319060.193, 118
Trd, 4319061.443, 140
Trd, 4319061.843, 140
Trd, 4319062.593, 140
Trd, 4319062.793, 140
Trd, 4319063.643, 140
Trd, 4319063.743, 140
Trd, 4319064.143, 140
Trd, 4319064.293, 140
Trd, 4319064.693, 139
Trd, 4319065.043, 112
Trd, 4319066.793, 140
Trd, 4319068.343, 140
Trd, 4319068.693, 140
Trd, 4319069.843, 140
Trd, 4319071.243, 140
Trd, 4319071.693, 140
Trd, 4319072.443, 140
Trd, 4319072.593, 140
Trd, 4319073.443, 140
Trd, 4319074.143, 140
Trd, 4319074.343, 140
Trd, 4319074.493, 140
Trd, 4319075.243, 140
Trd, 4319076.293, 140
Trd, 4319077.443, 140
Trd, 4319077.693, 140
Trd, 4319078.693, 140
Trd, 4319079.093, 140
Trd, 4319080.393, 140
Trd, 4319080.443, 140
Trd, 4319080.593, 139
Trd, 4319080.943, 140
Trd, 4319082.043, 140
Trd, 4319082.593, 140
Trd, 4319083.393, 140
Trd, 4319084.293, 140
Trd, 4319084.393, 140
Trd, 4319085.843, 139
Trd, 4319087.393, 140
Trd, 4319087.493, 140
Trd, 4319087.593, 139
Trd, 4319088.493, 140
Trd, 4319088.593, 133
Trd, 4319089.293, 60
Trd, 4319090.593, 60
Trd, 4319090.993, 60
Trd, 4319091.743, 60
Trd, 4319092.193, 60
Trd, 4319093.193, 61
Trd, 4319093.443, 61
Trd, 4319094.893, 139
Trd, 4319094.943, 135
Trd, 4319094.993, 133
Trd, 4319095.793, 140
Trd, 4319096.293, 139
Trd, 4319097.193, 140
Trd, 4319099.293, 140
Trd, 4319099.443, 140
Trd, 4319099.543, 140
Trd, 4319099.743, 139
Trd, 4319101.693, 140
Trd, 4319102.043, 140
Trd, 4319102.843, 140
Trd, 4319103.143, 140
Trd, 4319103.293, 140
Trd, 4319104.843, 140
Trd, 4319105.043, 140
Trd, 4319105.943, 140
Trd, 4319106.643, 140
Trd, 4319107.793, 140
Trd, 4319108.393, 140
Trd, 4319108.793, 140
Trd, 4319109.143, 140
Trd, 4319110.243, 140
Trd, 4319111.393, 137
Trd, 4319111.993, 139
Trd, 4319112.093, 86
Trd, 4319112.393, 140
Trd, 4319113.043, 140
Trd, 4319113.193, 140
Trd, 4319114.043, 140
Trd, 4319115.143, 140
Trd, 4319116.143, 139
Trd, 4319117.243, 140
Trd, 4319117.293, 140
Trd, 4319118.743, 140
Trd, 4319119.543, 140
Trd, 4319119.893, 140
Trd, 4319120.293, 140
Trd, 4319120.343, 139
Trd, 4319121.293, 140
Trd, 4319121.843, 140
Trd, 4319124.493, 140
Trd, 4319124.743, 140
Trd, 4319125.243, 140
Trd, 4319126.243, 140
Trd, 4319126.543, 140
Trd, 4319126.593, 140
Trd, 4319127.093, 140
Trd, 4319127.993, 140
Trd, 4319128.043, 140
Trd, 4319128.243, 139
Trd, 4319129.243, 138
Trd, 4319130.093, 140
Trd, 4319130.993, 119
Trd, 4319131.393, 118
Trd, 4319132.143, 135
Trd, 4319132.943, 140
Trd, 4319133.093, 139
Trd, 4319134.343, 140
Trd, 4319134.643, 105
Trd, 4319136.393, 136
Trd, 4319136.993, 140
Trd, 4319137.143, 140
Trd, 4319137.593, 139
Trd, 4319138.593, 138
Trd, 4319139.293, 140
Trd, 4319139.593, 140
Trd, 4319140.993, 140
Trd, 4319141.743, 104
Trd, 4319142.193, 140
Trd, 4319142.443, 101
Trd, 4319142.943, 81
Trd, 4319143.543, 60
Trd, 4319143.943, 60
Trd, 4319145.143, 65
Trd, 4319145.343, 68
Trd, 4319146.143, 61
Trd, 4319148.893, 60
Trd, 4319149.093, 62
Trd, 4319149.543, 64
Trd, 4319150.343, 62
Trd, 4319150.543, 63
Trd, 4319150.643, 65
Trd, 4319151.293, 140
Trd, 4319151.343, 137
Trd, 4319151.643, 64
Trd, 4319152.043, 140
Trd, 4319152.193, 77
Trd, 4319152.743, 140
Trd, 4319154.193, 72
Trd, 4319155.093, 140
Trd, 4319155.543, 62
Trd, 4319155.993, 63
Trd, 4319156.243, 66
Trd, 4319157.093, 62
Trd, 4319157.993, 140
Trd, 4319158.293, 68
Trd, 4319159.393, 140
Trd, 4319159.993, 60
Trd, 4319161.143, 60
Trd, 4319162.593, 61
Trd, 4319162.743, 62
Trd, 4319163.543, 60
Trd, 4319164.093, 61
Trd, 4319166.793, 60
Trd, 4319167.093, 60
Trd, 4319167.293, 60
Trd, 4319167.443, 60
Trd, 4319167.643, 62
Trd, 4319169.093, 63
Trd, 4319170.643, 61
Trd, 4319171.493, 60
Trd, 4319171.593, 63
Trd, 4319172.843, 63
Trd, 4319174.043, 60
Trd, 4319174.093, 63
Trd, 4319175.393, 60
Trd, 4319175.493, 65
Trd, 4319176.193, 62
Trd, 4319177.243, 60
Trd, 4319177.393, 60
Trd, 4319178.193, 61
Trd, 4319178.643, 140
Trd, 4319179.043, 140
Trd, 4319180.293, 140
Trd, 4319180.843, 61
Trd, 4319181.193, 60
Trd, 4319182.143, 60
Trd, 4319182.243, 61
Trd, 4319182.293, 62
Trd, 4319184.343, 64
Trd, 4319185.493, 60
Trd, 4319185.643, 66
Trd, 4319185.793, 66
Trd, 4319186.493, 60
Trd, 4319187.143, 61
Trd, 4319188.643, 60
Trd, 4319189.143, 60
Trd, 4319189.543, 60
Trd, 4319190.393, 61
Trd, 4319190.893, 60
Trd, 4319191.743, 60
Trd, 4319192.443, 60
Trd, 4319192.493, 61
Trd, 4319192.943, 66
Trd, 4319194.093, 140
Trd, 4319194.193, 140
Trd, 4319194.743, 65
Trd, 4319196.043, 140
Trd, 4319196.343, 140
Trd, 4319196.743, 139
Trd, 4319197.593, 138
Trd, 4319198.393, 61
Trd, 4319198.743, 62
Trd, 4319199.743, 60
Trd, 4319200.093, 64
Trd, 4319200.893, 71
Trd, 4319201.043, 72
Trd, 4319201.393, 60
Trd, 4319201.993, 62
Trd, 4319203.993, 60
Trd, 4319204.343, 60
Trd, 4319205.243, 62
Trd, 4319205.343, 70
Trd, 4319206.393, 140
Trd, 4319206.493, 62
Trd, 4319207.743, 137
Trd, 4319207.943, 61
Trd, 4319208.743, 60
Trd, 4319209.543, 60
Trd, 4319210.193, 72
Trd, 4319210.593, 73
Trd, 4319211.243, 60
Trd, 4319212.443, 60
Trd, 4319212.593, 64
Trd, 4319212.943, 64
Trd, 4319214.243, 60
Trd, 4319215.093, 60
Trd, 4319215.993, 60
Trd, 4319216.593, 60
Trd, 4319216.693, 61
Trd, 4319216.943, 61
Trd, 4319217.043, 62
Trd, 4319218.793, 139
Trd, 4319219.393, 105
Trd, 4319219.543, 139
Trd, 4319219.943, 140
Trd, 4319220.343, 140
Trd, 4319220.793, 139
Trd, 4319221.643, 140
Trd, 4319223.193, 140
Trd, 4319223.643, 140
Trd, 4319225.093, 140
Trd, 4319225.193, 140
Trd, 4319225.343, 140
Trd, 4319226.293, 140
Trd, 4319226.793, 138
Trd, 4319228.693, 140
Trd, 4319229.093, 140
Trd, 4319229.243, 140
Trd, 4319229.693, 140
Trd, 4319229.943, 140
Trd, 4319232.543, 131
Trd, 4319232.893, 116
Trd, 4319233.293, 98
Trd, 4319233.493, 135
Trd, 4319233.943, 133
Trd, 4319234.593, 139
Trd, 4319235.393, 63
Trd, 4319236.293, 140
Trd, 4319236.543, 140
Trd, 4319236.793, 86
Trd, 4319236.993, 85
Trd, 4319237.643, 140
Trd, 4319238.143, 140
Trd, 4319240.793, 140
Trd, 4319241.243, 140
Trd, 4319241.443, 140
Trd, 4319242.443, 140
Trd, 4319242.743, 140
Trd, 4319242.893, 139
Trd, 4319243.543, 128
Trd, 4319244.493, 66
Trd, 4319246.243, 140
Trd, 4319248.743, 140
Trd, 4319249.143, 140
Trd, 4319249.193, 140
Trd, 4319249.443, 139
Trd, 4319249.593, 138
Trd, 4319250.343, 140
Trd, 4319251.593, 140
Trd, 4319252.293, 140
Trd, 4319252.643, 137
Trd, 4319253.043, 135
Trd, 4319253.743, 140
Trd, 4319254.643, 139
Trd, 4319255.443, 136
Trd, 4319256.243, 140
Trd, 4319257.443, 140
Trd, 4319258.893, 140
Trd, 4319259.843, 140
Trd, 4319259.893, 140
Trd, 4319260.043, 140
Trd, 4319260.643, 140
Trd, 4319261.743, 140
Trd, 4319261.993, 140
Trd, 4319264.043, 140
Trd, 4319264.493, 140
Trd, 4319265.343, 140
Trd, 4319265.793, 140
Trd, 4319266.043, 140
Trd, 4319266.393, 139
Trd, 4319266.643, 140
Trd, 4319268.393, 140
Trd, 4319269.093, 140
Trd, 4319269.443, 140
Trd, 4319269.493, 139
Trd, 4319269.543, 124
Trd, 4319270.343, 140
Trd, 4319271.443, 139
Trd, 4319272.243, 140
Trd, 4319274.793, 140
Trd, 4319274.893, 140
Trd, 4319275.093, 140
Trd, 4319275.343, 139
Trd, 4319276.843, 139
Trd, 4319277.193, 140
Trd, 4319278.443, 139
Trd, 4319278.893, 140
Trd, 4319279.143, 140
Trd, 4319280.393, 140
Trd, 4319280.593, 139
Trd, 4319282.043, 140
Trd, 4319282.943, 140
Trd, 4319282.993, 140
Trd, 4319283.293, 139
Trd, 4319283.793, 116
Trd, 4319284.393, 140
Trd, 4319284.593, 139
Trd, 4319285.693, 140
Trd, 4319286.443, 119
Trd, 4319286.993, 132
Trd, 4319287.343, 115
Trd, 4319287.943, 69
Trd, 4319289.243, 74
Trd, 4319289.343, 88
Trd, 4319290.443, 140
Trd, 4319290.693, 140
Trd, 4319291.193, 88
Trd, 4319292.593, 118
Trd, 4319292.843, 61
Trd, 4319293.643, 140
Trd, 4319293.843, 61
Trd, 4319295.193, 60
Trd, 4319296.793, 64
Trd, 4319297.443, 138
Trd, 4319298.093, 140
Trd, 4319299.443, 140
Trd, 4319300.193, 140
Trd, 4319301.193, 140
Trd, 4319301.493, 140
Trd, 4319302.743, 140
Trd, 4319303.393, 140
Trd, 4319304.143, 140
Trd, 4319304.293, 140
Trd, 4319304.743, 140
Trd, 4319305.293, 140
Trd, 4319305.343, 138
Trd, 4319305.493, 85
Trd, 4319305.693, 69
Trd, 4319305.993, 140
Trd, 4319307.293, 140
Trd, 4319308.293, 80
Trd, 4319308.843, 65
Trd, 4319309.393, 140
Trd, 4319310.193, 140
Trd, 4319310.343, 140
Trd, 4319311.493, 140
Trd, 4319313.643, 140
Trd, 4319314.043, 140
Trd, 4319314.143, 140
Trd, 4319315.693, 140
Trd, 4319315.843, 140
Trd, 4319317.393, 140
Trd, 4319318.343, 140
Trd, 4319318.393, 139
Trd, 4319318.693, 137
Trd, 4319319.493, 135
Trd, 4319320.543, 140
Trd, 4319321.143, 135
Trd, 4319321.743, 109
Trd, 4319322.393, 60
Trd, 4319322.493, 60
Trd, 4319323.393, 61
Trd, 4319324.693, 60
Trd, 4319325.693, 60
Trd, 4319326.193, 61
Trd, 4319326.693, 60
Trd, 4319327.593, 60
Trd, 4319328.043, 61
Trd, 4319328.193, 61
Trd, 4319330.293, 60
Trd, 4319330.543, 60
Trd, 4319330.643, 64
Trd, 4319330.943, 67
Trd, 4319332.343, 61
Trd, 4319332.643, 61
Trd, 4319332.743, 62
Trd, 4319334.743, 62
Trd, 4319334.993, 60
Trd, 4319336.093, 64
Trd, 4319336.393, 65
Trd, 4319336.843, 62
Trd, 4319336.893, 66
Trd, 4319338.393, 65
Trd, 4319339.143, 60
Trd, 4319339.343, 60
Trd, 4319340.493, 60
Trd, 4319342.043, 61
Trd, 4319342.693, 60
Trd, 4319343.893, 60
Trd, 4319343.943, 60
Trd, 4319344.643, 60
Trd, 4319344.843, 60
Trd, 4319345.043, 61
Trd, 4319345.193, 60
Trd, 4319346.643, 62
Trd, 4319346.743, 62
Trd, 4319346.893, 66
Trd, 4319348.593, 61
Trd, 4319348.643, 61
Trd, 4319350.793, 60
Trd, 4319351.843, 60
Trd, 4319352.293, 60
Trd, 4319352.643, 60
Trd, 4319352.893, 60
Trd, 4319352.993, 61
Trd, 4319353.193, 61
Trd, 4319354.043, 60
Trd, 4319355.743, 61
Trd, 4319355.793, 62
Trd, 4319356.093, 69
Trd, 4319356.643, 138
Trd, 4319356.993, 138
Trd, 4319357.243, 138
Trd, 4319358.093, 140
Trd, 4319359.143, 74
Trd, 4319359.343, 100
Trd, 4319360.043, 60
Trd, 4319360.243, 61
Trd, 4319360.793, 61
Trd, 4319361.243, 140
Trd, 4319361.943, 60
Trd, 4319363.043, 62
Trd, 4319363.243, 60
Trd, 4319363.493, 60
Trd, 4319364.493, 65
Trd, 4319365.493, 61
Trd, 4319365.793, 61
Trd, 4319366.043, 62
Trd, 4319368.443, 61
Trd, 4319368.843, 62
Trd, 4319368.943, 74
Trd, 4319369.593, 62
Trd, 4319370.893, 65
Trd, 4319371.793, 65
Trd, 4319372.293, 140
Trd, 4319373.193, 140
Trd, 4319373.443, 140
Trd, 4319374.043, 140
Trd, 4319374.643, 140
Trd, 4319374.893, 124
Trd, 4319375.493, 83
Trd, 4319375.693, 82
Trd, 4319375.893, 81
Trd, 4319376.843, 62
Trd, 4319377.693, 62
Trd, 4319378.393, 60
Trd, 4319378.493, 61
Trd, 4319380.343, 60
Trd, 4319381.043, 60
Trd, 4319381.093, 61
Trd, 4319382.143, 65
Trd, 4319383.543, 60
Trd, 4319383.743, 60
Trd, 4319384.043, 62
Trd, 4319385.893, 60
Trd, 4319386.293, 62
Trd, 4319386.643, 60
Trd, 4319387.143, 61
Trd, 4319388.093, 60
Trd, 4319389.293, 60
Trd, 4319389.343, 63
Trd, 4319390.343, 60
Trd, 4319390.793, 70
Trd, 4319391.143, 61
Trd, 4319392.243, 61
Trd, 4319392.693, 60
Trd, 4319394.293, 61
Trd, 4319396.893, 60
Trd, 4319397.293, 60
Trd, 4319397.393, 60
Trd, 4319397.943, 63
Trd, 4319398.143, 62
Trd, 4319399.093, 60
Trd, 4319399.293, 60
Trd, 4319399.743, 61
Trd, 4319400.643, 61
Trd, 4319401.343, 62
Trd, 4319401.443, 63
Trd, 4319401.543, 135
Trd, 4319402.593, 60
Trd, 4319402.943, 65
Trd, 4319403.893, 60
Trd, 4319405.343, 60
Trd, 4319405.543, 60
Trd, 4319406.293, 61
Trd, 4319406.443, 62
Trd, 4319408.243, 60
Trd, 4319408.493, 60
Trd, 4319408.643, 61
Trd, 4319408.743, 62
Trd, 4319409.743, 61
Trd, 4319410.493, 60
Trd, 4319410.543, 62
Trd, 4319413.093, 60
Trd, 4319413.193, 60
Trd, 4319413.793, 60
Trd, 4319414.043, 66
Trd, 4319415.293, 61
Trd, 4319416.493, 60
Trd, 4319416.543, 61
Trd, 4319417.093, 60
Trd, 4319417.793, 60
Trd, 4319418.193, 62
Trd, 4319419.843, 60
Trd, 4319420.843, 60
Trd, 4319421.793, 60
Trd, 4319422.893, 61
Trd, 4319423.593, 61
Trd, 4319423.693, 61
Trd, 4319424.143, 61
Trd, 4319424.293, 62
Trd, 4319427.093, 60
Trd, 4319427.243, 63
Trd, 4319427.443, 64
Trd, 4319427.993, 67
Trd, 4319428.593, 63
Trd, 4319428.943, 61
Trd, 4319430.643, 64
Trd, 4319430.693, 68
Trd, 4319431.193, 65
Trd, 4319431.293, 64
Trd, 4319431.543, 140
Trd, 4319432.343, 139
Trd, 4319433.893, 62
Trd, 4319434.493, 72
Trd, 4319437.443, 60
Trd, 4319437.693, 60
Trd, 4319437.843, 60
Trd, 4319437.993, 60
Trd, 4319438.793, 60
Trd, 4319441.143, 60
Trd, 4319441.193, 60
Trd, 4319441.493, 60
Trd, 4319441.693, 64
Trd, 4319442.493, 60
Trd, 4319443.493, 61
Trd, 4319443.543, 62
Trd, 4319444.543, 60
Trd, 4319445.043, 60
Trd, 4319446.843, 60
Trd, 4319448.093, 60
Trd, 4319448.493, 62
Trd, 4319448.843, 63
Trd, 4319449.193, 60
Trd, 4319449.693, 60
Trd, 4319450.143, 62
Trd, 4319450.343, 60
Trd, 4319450.943, 80
Trd, 4319451.743, 140
Trd, 4319453.143, 140
Trd, 4319453.893, 140
Trd, 4319454.343, 140
Trd, 4319454.643, 140
Trd, 4319455.143, 140
Trd, 4319455.843, 106
Trd, 4319456.343, 105
Trd, 4319456.843, 62
Trd, 4319458.593, 60
Trd, 4319459.193, 60
Trd, 4319459.843, 60
Trd, 4319460.193, 60
Trd, 4319460.693, 63
Trd, 4319461.193, 61
Trd, 4319461.593, 61
Trd, 4319462.043, 61
Trd, 4319462.593, 69
Trd, 4319463.143, 62
Trd, 4319463.393, 61
Trd, 4319463.993, 61
Trd, 4319464.193, 62
Trd, 4319466.343, 140
Trd, 4319466.393, 139
Trd, 4319467.243, 140
Trd, 4319467.843, 136
Trd, 4319468.193, 139
Trd, 4319468.443, 111
Trd, 4319469.093, 140
Trd, 4319469.693, 138
Trd, 4319470.343, 140
Trd, 4319470.843, 138
Trd, 4319470.993, 122
Trd, 4319471.893, 139
Trd, 4319472.693, 140
Trd, 4319473.843, 138
Trd, 4319474.193, 136
Trd, 4319474.393, 63
Trd, 4319474.693, 134
Trd, 4319475.543, 140
Trd, 4319475.943, 140
Trd, 4319476.943, 139
Trd, 4319477.343, 137
Trd, 4319477.943, 140
Trd, 4319478.093, 138
Trd, 4319478.143, 81
Trd, 4319478.893, 61
Trd, 4319481.093, 140
Trd, 4319481.443, 140
Trd, 4319481.643, 140
Trd, 4319483.043, 139
Trd, 4319483.093, 135
Trd, 4319484.793, 140
Trd, 4319485.143, 140
Trd, 4319485.343, 140
Trd, 4319485.793, 140
Trd, 4319486.393, 140
Trd, 4319487.343, 140
Trd, 4319487.543, 134
Trd, 4319488.293, 140
Trd, 4319488.493, 138
Trd, 4319489.493, 140
Trd, 4319491.543, 140
Trd, 4319491.743, 140
Trd, 4319492.443, 140
Trd, 4319493.643, 140
Trd, 4319494.043, 139
Trd, 4319494.393, 140
Trd, 4319494.593, 116
Trd, 4319495.743, 139
Trd, 4319495.943, 138
Trd, 4319496.443, 136
Trd, 4319497.193, 139
Trd, 4319499.093, 140
Trd, 4319499.343, 140
Trd, 4319500.293, 140
Trd, 4319500.693, 140
Trd, 4319501.843, 140
Trd, 4319502.643, 140
Trd, 4319503.093, 140
Trd, 4319503.593, 140
Trd, 4319504.093, 140
Trd, 4319504.193, 136
Trd, 4319504.643, 131
Trd, 4319505.893, 140
Trd, 4319507.093, 66
Trd, 4319507.143, 68
Trd, 4319508.093, 61
Trd, 4319509.043, 139
Trd, 4319509.443, 62
Trd, 4319509.993, 62
Trd, 4319510.343, 62
Trd, 4319510.493, 63
Trd, 4319511.243, 63
Trd, 4319512.593, 60
Trd, 4319513.743, 60
Trd, 4319514.493, 60
Trd, 4319514.643, 60
Trd, 4319514.943, 61
Trd, 4319515.893, 66
Trd, 4319516.593, 60
Trd, 4319517.043, 64
Trd, 4319517.793, 64
Trd, 4319518.443, 61
Trd, 4319519.393, 61
Trd, 4319519.793, 61
Trd, 4319520.393, 64
Trd, 4319520.643, 64
Trd, 4319521.143, 60
Trd, 4319521.843, 60
Trd, 4319522.193, 62
Trd, 4319522.643, 63
Trd, 4319523.693, 60
Trd, 4319523.743, 60
Trd, 4319523.893, 62
Trd, 4319524.743, 66
Trd, 4319525.143, 60
Trd, 4319527.243, 60
Trd, 4319527.643, 60
Trd, 4319528.993, 60
Trd, 4319529.843, 60
Trd, 4319530.043, 60
Trd, 4319530.793, 60
Trd, 4319531.193, 61
Trd, 4319531.393, 61
Trd, 4319531.693, 65
Trd, 4319531.943, 63
Trd, 4319532.843, 139
Trd, 4319533.143, 60
Trd, 4319534.593, 67
Trd, 4319534.943, 60
Trd, 4319534.993, 64
Trd, 4319536.643, 60
Trd, 4319536.693, 60
Trd, 4319537.143, 60
Trd, 4319538.593, 140
Trd, 4319538.643, 139
Trd, 4319538.943, 140
Trd, 4319539.643, 140
Trd, 4319540.793, 64
Trd, 4319541.393, 140
Trd, 4319541.593, 67
Trd, 4319542.143, 60
Trd, 4319542.443, 65
Trd, 4319542.493, 82
Trd, 4319543.643, 61
Trd, 4319544.543, 60
Trd, 4319545.093, 60
Trd, 4319545.493, 61
Trd, 4319545.843, 62
Trd, 4319546.393, 67
Trd, 4319548.643, 63
Trd, 4319549.793, 63
Trd, 4319550.093, 65
Trd, 4319550.593, 61
Trd, 4319551.143, 65
Trd, 4319551.593, 61
Trd, 4319552.143, 60
Trd, 4319552.243, 61
Trd, 4319553.043, 90
Trd, 4319553.743, 63
Trd, 4319553.993, 62
Trd, 4319555.143, 70
Trd, 4319555.593, 98
Trd, 4319555.643, 61
Trd, 4319555.993, 139
Trd, 4319557.343, 140
Trd, 4319557.493, 60
Trd, 4319557.743, 112
Trd, 4319558.443, 66
Trd, 4319561.043, 60
Trd, 4319561.393, 61
Trd, 4319561.543, 62
Trd, 4319561.843, 64
Trd, 4319563.743, 60
Trd, 4319564.293, 61
Trd, 4319564.343, 63
Trd, 4319564.593, 63
Trd, 4319565.443, 61
Trd, 4319565.793, 61
Trd, 4319565.943, 70
Trd, 4319566.243, 70
Trd, 4319566.393, 71
Trd, 4319567.043, 60
Trd, 4319569.293, 140
Trd, 4319569.343, 140
Trd, 4319569.943, 140
Trd, 4319571.343, 139
Trd, 4319571.393, 138
Trd, 4319571.543, 137
Trd, 4319573.393, 140
Trd, 4319574.493, 140
Trd, 4319574.693, 140
Trd, 4319575.093, 112
Trd, 4319575.443, 140
Trd, 4319575.793, 139
Trd, 4319576.693, 102
Trd, 4319577.493, 140
Trd, 4319577.943, 140
Trd, 4319578.393, 139
Trd, 4319578.543, 118
Trd, 4319579.443, 140
Trd, 4319581.093, 140
Trd, 4319582.343, 140
Trd, 4319584.143, 140
Trd, 4319584.793, 140
Trd, 4319585.193, 140
Trd, 4319585.493, 140
Trd, 4319586.093, 140
Trd, 4319586.243, 140
Trd, 4319586.993, 139
Trd, 4319587.343, 138
Trd, 4319588.693, 140
Trd, 4319589.343, 140
Trd, 4319589.843, 140
Trd, 4319590.843, 140
Trd, 4319591.043, 140
Trd, 4319591.143, 113
Trd, 4319592.593, 140
Trd, 4319592.893, 140
Trd, 4319593.643, 140
Trd, 4319594.843, 139
Trd, 4319595.993, 138
Trd, 4319596.393, 137
Trd, 4319597.293, 139
Trd, 4319597.943, 140
Trd, 4319598.893, 140
Trd, 4319599.793, 140
Trd, 4319600.093, 140
Trd, 4319600.843, 140
Trd, 4319601.443, 140
Trd, 4319601.743, 140
Trd, 4319602.993, 140
Trd, 4319603.243, 140
Trd, 4319603.343, 140
Trd, 4319604.443, 140
Trd, 4319604.493, 139
Trd, 4319607.543, 140
Trd, 4319607.643, 140
Trd, 4319608.193, 140
Trd, 4319608.543, 140
Trd, 4319608.643, 140
Trd, 4319608.993, 140
Trd, 4319610.793, 140
Trd, 4319611.093, 140
Trd, 4319611.693, 140
Trd, 4319612.793, 140
Trd, 4319614.043, 140
Trd, 4319614.193, 140
Trd, 4319615.143, 140
Trd, 4319616.443, 140
Trd, 4319616.843, 139
Trd, 4319616.943, 139
Trd, 4319617.143, 112
Trd, 4319617.493, 138
Trd, 4319617.643, 79
Trd, 4319619.793, 140
Trd, 4319619.893, 140
Trd, 4319620.093, 140
Trd, 4319621.493, 140
Trd, 4319622.493, 140
Trd, 4319623.093, 140
Trd, 4319623.193, 138
Trd, 4319623.443, 116
Trd, 4319625.093, 139
Trd, 4319625.143, 139
Trd, 4319626.343, 140
Trd, 4319626.643, 140
Trd, 4319627.193, 139
Trd, 4319627.843, 139
Trd, 4319628.243, 103
Trd, 4319629.143, 140
Trd, 4319630.343, 140
Trd, 4319631.693, 139
Trd, 4319632.493, 140
Trd, 4319632.593, 129
Trd, 4319632.893, 83
Trd, 4319634.643, 139
Trd, 4319635.543, 140
Trd, 4319635.643, 140
Trd, 4319635.943, 139
Trd, 4319637.393, 140
Trd, 4319637.443, 140
Trd, 4319638.693, 140
Trd, 4319638.843, 138
Trd, 4319639.493, 139
Trd, 4319639.993, 118
Trd, 4319640.543, 139
Trd, 4319641.943, 63
Trd, 4319642.393, 60
Trd, 4319642.693, 60
Trd, 4319644.693, 64
Trd, 4319646.493, 60
Trd, 4319646.543, 62
Trd, 4319646.893, 62
Trd, 4319647.343, 62
Trd, 4319647.443, 66
Trd, 4319649.043, 61
Trd, 4319649.343, 63
Trd, 4319649.843, 61
Trd, 4319650.243, 63
Trd, 4319650.343, 62
Trd, 4319650.493, 69
Trd, 4319651.843, 63
Trd, 4319653.243, 60
Trd, 4319653.893, 60
Trd, 4319654.343, 60
Trd, 4319655.143, 61
Trd, 4319657.443, 60
Trd, 4319657.593, 60
Trd, 4319658.193, 61
Trd, 4319658.393, 60
Trd, 4319658.593, 63
Trd, 4319659.793, 60
Trd, 4319659.893, 61
Trd, 4319660.143, 61
Trd, 4319662.193, 61
Trd, 4319662.843, 61
Trd, 4319663.393, 60
Trd, 4319663.493, 61
Trd, 4319663.893, 62
Trd, 4319664.293, 65
Trd, 4319664.893, 62
Trd, 4319665.843, 140
Trd, 4319666.093, 137
Trd, 4319666.593, 121
Trd, 4319667.793, 63
Trd, 4319668.893, 63
Trd, 4319669.993, 140
Trd, 4319670.293, 139
Trd, 4319670.593, 64
Trd, 4319670.943, 140
Trd, 4319673.143, 140
Trd, 4319673.443, 140
Trd, 4319673.743, 140
Trd, 4319674.693, 140
Trd, 4319675.043, 140
Trd, 4319675.093, 140
Trd, 4319677.043, 140
Trd, 4319677.143, 140
Trd, 4319677.493, 139
Trd, 4319678.193, 140
Trd, 4319679.093, 140
Trd, 4319680.543, 140
Trd, 4319680.893, 140
Trd, 4319681.343, 140
Trd, 4319681.993, 139
Trd, 4319683.043, 140
Trd, 4319683.143, 140
Trd, 4319684.093, 140
Trd, 4319684.793, 140
Trd, 4319685.493, 140
Trd, 4319685.943, 140
Trd, 4319686.893, 140
Trd, 4319687.243, 140
Trd, 4319688.493, 140
Trd, 4319689.043, 140
Trd, 4319689.243, 139
Trd, 4319690.093, 139
Trd, 4319690.493, 114
Trd, 4319690.793, 106
Trd, 4319691.043, 140
Trd, 4319691.343, 105
Trd, 4319693.343, 140
Trd, 4319693.643, 140
Trd, 4319694.193, 140
Trd, 4319695.043, 140
Trd, 4319695.143, 140
Trd, 4319695.243, 132
Trd, 4319695.993, 89
Trd, 4319697.443, 139
Trd, 4319697.693, 139
Trd, 4319699.193, 140
Trd, 4319699.643, 139
Trd, 4319700.793, 140
Trd, 4319701.143, 140
Trd, 4319701.293, 140
Trd, 4319701.393, 140
Trd, 4319702.243, 139
Trd, 4319703.143, 139
Trd, 4319703.493, 140
Trd, 4319704.143, 140
Trd, 4319704.593, 139
Trd, 4319705.243, 140
Trd, 4319705.343, 139
Trd, 4319706.443, 131
Trd, 4319707.543, 139
Trd, 4319708.093, 67
Trd, 4319708.443, 114
Trd, 4319709.893, 140
Trd, 4319710.093, 140
Trd, 4319710.893, 139
Trd, 4319710.943, 137
Trd, 4319711.443, 139
Trd, 4319712.443, 73
Trd, 4319713.643, 65
Trd, 4319713.993, 108
Trd, 4319715.743, 64
Trd, 4319716.193, 60
Trd, 4319716.293, 136
Trd, 4319716.793, 79
Trd, 4319717.393, 61
Trd, 4319719.443, 140
Trd, 4319720.343, 140
Trd, 4319720.493, 140
Trd, 4319720.643, 139
Trd, 4319720.993, 87
Trd, 4319721.043, 83
Trd, 4319721.543, 130
Trd, 4319722.593, 62
Trd, 4319722.993, 63
Trd, 4319723.993, 60
Trd, 4319724.093, 60
Trd, 4319724.243, 60
Trd, 4319724.843, 63
Trd, 4319725.743, 62
Trd, 4319725.843, 64
Trd, 4319726.993, 63
Trd, 4319728.793, 60
Trd, 4319729.193, 65
Trd, 4319729.493, 66
Trd, 4319730.743, 64
Trd, 4319731.743, 61
Trd, 4319732.593, 64
Trd, 4319733.593, 68
Trd, 4319734.043, 67
Trd, 4319734.243, 138
Trd, 4319735.643, 140
Trd, 4319735.993, 140
Trd, 4319736.943, 140
Trd, 4319737.293, 140
Trd, 4319737.493, 140
Trd, 4319737.843, 139
Trd, 4319738.393, 140
Trd, 4319738.843, 136
Trd, 4319739.343, 135
Trd, 4319740.043, 136
Trd, 4319740.493, 91
Trd, 4319741.543, 91
Trd, 4319741.943, 140
Trd, 4319742.843, 92
Trd, 4319743.793, 140
Trd, 4319744.143, 139
Trd, 4319744.243, 137
Trd, 4319744.543, 77
Trd, 4319745.343, 127
Trd, 4319747.243, 140
Trd, 4319747.993, 140
Trd, 4319748.443, 140
Trd, 4319748.893, 140
Trd, 4319750.693, 140
Trd, 4319750.843, 139
Trd, 4319751.143, 138
Trd, 4319752.643, 140
Trd, 4319753.743, 140
Trd, 4319753.793, 140
Trd, 4319754.393, 140
Trd, 4319754.543, 138
Trd, 4319756.193, 140
Trd, 4319756.493, 140
Trd, 4319757.143, 139
Trd, 4319757.743, 140
Trd, 4319759.543, 140
Trd, 4319761.143, 140
Trd, 4319761.443, 140
Trd, 4319761.743, 140
Trd, 4319762.743, 140
Trd, 4319763.343, 140
Trd, 4319763.393, 140
Trd, 4319763.643, 140
Trd, 4319764.193, 140
Trd, 4319765.493, 140
Trd, 4319765.693, 140
Trd, 4319767.093, 140
Trd, 4319767.693, 140
Trd, 4319768.093, 140
Trd, 4319769.043, 140
Trd, 4319770.043, 140
Trd, 4319770.143, 140
Trd, 4319770.493, 140
Trd, 4319771.443, 140
Trd, 4319772.793, 140
Trd, 4319774.193, 140
Trd, 4319774.493, 140
Trd, 4319775.843, 140
Trd, 4319775.943, 140
Trd, 4319776.643, 140
Trd, 4319777.343, 139
Trd, 4319777.843, 138
Trd, 4319777.993, 124
Trd, 4319778.843, 140
Trd, 4319779.243, 140
Trd, 4319780.393, 140
Trd, 4319782.893, 140
Trd, 4319783.043, 140
Trd, 4319783.143, 140
Trd, 4319784.343, 139
Trd, 4319784.593, 137
Trd, 4319785.243, 134
Trd, 4319786.393, 140
Trd, 4319787.193, 140
Trd, 4319787.543, 140
Trd, 4319787.843, 140
Trd, 4319788.493, 138
Trd, 4319788.543, 136
Trd, 4319790.193, 137
Trd, 4319790.993, 109
Trd, 4319791.593, 111
Trd, 4319791.943, 139
Trd, 4319792.993, 140
Trd, 4319793.043, 140
Trd, 4319794.093, 116
Trd, 4319794.393, 139
Trd, 4319795.693, 140
Trd, 4319796.243, 140
Trd, 4319797.293, 140
Trd, 4319797.693, 140
Trd, 4319798.393, 140
Trd, 4319798.543, 140
Trd, 4319800.493, 140
Trd, 4319800.743, 140
Trd, 4319801.393, 139
Trd, 4319802.393, 140
Trd, 4319802.693, 102
Trd, 4319803.293, 140
Trd, 4319803.643, 96
Trd, 4319804.893, 140
Trd, 4319805.993, 140
Trd, 4319806.643, 139
Trd, 4319806.943, 127
Trd, 4319808.243, 140
Trd, 4319808.993, 140
Trd, 4319809.493, 140
Trd, 4319809.993, 140
Trd, 4319810.643, 140
Trd, 4319811.943, 140
Trd, 4319812.793, 140
Trd, 4319813.193, 140
Trd, 4319813.893, 140
Trd, 4319814.693, 137
Trd, 4319814.793, 75
Trd, 4319814.993, 139
Trd, 4319815.393, 135
Trd, 4319816.743, 140
Trd, 4319818.693, 140
Trd, 4319819.493, 140
Trd, 4319819.593, 140
Trd, 4319820.193, 140
Trd, 4319821.643, 140
Trd, 4319823.643, 140
Trd, 4319823.843, 140
Trd, 4319824.393, 140
Trd, 4319825.243, 140
Trd, 4319826.143, 140
Trd, 4319826.993, 140
Trd, 4319827.843, 140
Trd, 4319828.293, 140
Trd, 4319828.993, 140
Trd, 4319829.593, 140
Trd, 4319829.793, 140
Trd, 4319830.293, 140
Trd, 4319830.393, 140
Trd, 4319831.093, 140
Trd, 4319831.593, 140
Trd, 4319832.743, 140
Trd, 4319833.343, 140
Trd, 4319833.393, 140
Trd, 4319834.893, 140
Trd, 4319835.293, 140
Trd, 4319836.443, 140
Trd, 4319836.593, 140
Trd, 4319837.443, 140
Trd, 4319837.893, 139
Trd, 4319837.993, 129
Trd, 4319839.643, 60
Trd, 4319839.793, 61
Trd, 4319840.143, 65
Trd, 4319840.643, 61
Trd, 4319841.543, 68
Trd, 4319842.093, 62
Trd, 4319842.493, 64
Trd, 4319842.843, 121
Trd, 4319843.393, 70
Trd, 4319844.693, 60
Trd, 4319845.643, 64
Trd, 4319846.843, 84
Trd, 4319847.443, 60
Trd, 4319847.693, 61
Trd, 4319848.443, 61
Trd, 4319850.043, 60
Trd, 4319850.643, 60
Trd, 4319851.543, 61
Trd, 4319851.743, 63
Trd, 4319852.393, 63
Trd, 4319852.793, 62
Trd, 4319852.943, 61
Trd, 4319853.043, 69
Trd, 4319853.643, 64
Trd, 4319854.243, 64
Trd, 4319854.593, 61
Trd, 4319855.093, 139
Trd, 4319856.593, 140
Trd, 4319857.443, 140
Trd, 4319857.693, 140
Trd, 4319858.743, 140
Trd, 4319858.943, 140
Trd, 4319859.193, 140
Trd, 4319860.293, 139
Trd, 4319860.843, 80
Trd, 4319861.843, 136
Trd, 4319862.393, 140
Trd, 4319863.293, 140
Trd, 4319863.793, 140
Trd, 4319863.993, 139
Trd, 4319864.293, 62
Trd, 4319865.093, 137
Trd, 4319865.593, 131
Trd, 4319865.643, 130
Trd, 4319866.593, 140
Trd, 4319867.293, 140
Trd, 4319867.943, 140
Trd, 4319869.093, 140
Trd, 4319869.843, 140
Trd, 4319870.543, 103
Trd, 4319870.943, 140
Trd, 4319871.643, 138
Trd, 4319872.243, 138
Trd, 4319873.993, 140
Trd, 4319874.143, 140
Trd, 4319874.543, 140
Trd, 4319874.593, 140
Trd, 4319875.493, 140
Trd, 4319875.943, 140
Trd, 4319876.993, 140
Trd, 4319878.143, 140
Trd, 4319878.793, 140
Trd, 4319879.093, 138
Trd, 4319879.243, 132
Trd, 4319879.743, 140
Trd, 4319880.443, 140
Trd, 4319880.743, 140
Trd, 4319881.343, 140
Trd, 4319882.093, 140
Trd, 4319882.693, 140
Trd, 4319883.343, 139
Trd, 4319884.393, 140
Trd, 4319884.843, 140
Trd, 4319885.443, 139
Trd, 4319885.493, 138
Trd, 4319886.343, 67
Trd, 4319887.843, 117
Trd, 4319888.693, 140
Trd, 4319888.743, 140
Trd, 4319889.343, 140
Trd, 4319889.643, 140
Trd, 4319890.893, 140
Trd, 4319891.093, 140
Trd, 4319892.293, 139
Trd, 4319893.693, 140
Trd, 4319894.693, 140
Trd, 4319894.743, 139
Trd, 4319895.943, 140
Trd, 4319896.243, 140
Trd, 4319897.193, 140
Trd, 4319897.743, 139
Trd, 4319899.393, 140
Trd, 4319899.443, 140
Trd, 4319899.493, 139
Trd, 4319899.643, 138
Trd, 4319901.093, 68
Trd, 4319902.043, 139
Trd, 4319902.543, 69
Trd, 4319903.193, 106
Trd, 4319904.043, 69
Trd, 4319904.743, 62
Trd, 4319905.093, 60
Trd, 4319905.343, 62
Trd, 4319905.643, 63
Trd, 4319906.593, 140
Trd, 4319906.843, 140
Trd, 4319907.093, 136
Trd, 4319907.743, 121
Trd, 4319908.443, 74
Trd, 4319909.393, 138
Trd, 4319910.193, 139
Trd, 4319910.543, 138
Trd, 4319911.393, 139
Trd, 4319912.243, 139
Trd, 4319912.693, 140
Trd, 4319912.793, 140
Trd, 4319913.743, 140
Trd, 4319914.393, 140
Trd, 4319914.793, 140
Trd, 4319915.193, 133
Trd, 4319915.593, 82
Trd, 4319916.243, 74
Trd, 4319917.643, 60
Trd, 4319918.393, 60
Trd, 4319918.543, 61
Trd, 4319919.543, 60
Trd, 4319920.043, 60
Trd, 4319920.743, 60
Trd, 4319921.143, 60
Trd, 4319921.993, 61
Trd, 4319922.643, 61
Trd, 4319922.943, 61
Trd, 4319924.093, 60
Trd, 4319924.343, 62
Trd, 4319924.993, 60
Trd, 4319925.143, 60
Trd, 4319925.343, 134
Trd, 4319926.093, 140
Trd, 4319926.793, 140
Trd, 4319928.593, 140
Trd, 4319929.043, 140
Trd, 4319929.243, 140
Trd, 4319929.843, 140
Trd, 4319930.193, 140
Trd, 4319933.093, 140
Trd, 4319933.643, 140
Trd, 4319933.693, 140
Trd, 4319934.243, 140
Trd, 4319934.643, 137
Trd, 4319934.693, 94
Trd, 4319935.393, 140
Trd, 4319936.143, 140
Trd, 4319937.093, 140
Trd, 4319937.193, 139
Trd, 4319937.243, 138
Trd, 4319939.243, 139
Trd, 4319941.193, 140
Trd, 4319942.293, 140
Trd, 4319942.393, 140
Trd, 4319943.843, 140
Trd, 4319944.193, 140
Trd, 4319944.443, 140
Trd, 4319944.543, 140
Trd, 4319944.893, 139
Trd, 4319947.593, 140
Trd, 4319947.793, 140
Trd, 4319947.993, 140
Trd, 4319948.393, 140
Trd, 4319949.143, 140
Trd, 4319949.643, 139
Trd, 4319949.943, 140
Trd, 4319950.693, 140
Trd, 4319951.043, 140
Trd, 4319951.793, 99
Trd, 4319952.343, 61
Trd, 4319952.543, 117
Trd, 4319953.643, 60
Trd, 4319954.843, 62
Trd, 4319955.893, 61
Trd, 4319957.243, 60
Trd, 4319957.743, 60
Trd, 4319958.593, 61
Trd, 4319958.993, 61
Trd, 4319959.493, 63
Trd, 4319959.993, 67
Trd, 4319961.693, 62
Trd, 4319962.093, 60
Trd, 4319962.443, 60
Trd, 4319963.243, 63
Trd, 4319963.843, 69
Trd, 4319964.543, 60
Trd, 4319964.593, 64
Trd, 4319965.093, 60
Trd, 4319966.843, 140
Trd, 4319967.043, 139
Trd, 4319967.143, 138
Trd, 4319968.893, 61
Trd, 4319969.143, 61
Trd, 4319970.043, 60
Trd, 4319971.193, 60
Trd, 4319971.243, 61
Trd, 4319971.393, 62
Trd, 4319971.793, 63
Trd, 4319972.693, 62
Trd, 4319973.693, 60
Trd, 4319973.943, 62
Trd, 4319974.493, 61
Trd, 4319976.743, 61
Trd, 4319978.093, 61
Trd, 4319978.643, 61
Trd, 4319979.443, 62
Trd, 4319979.493, 62
Trd, 4319981.093, 60
Trd, 4319981.343, 61
Trd, 4319981.493, 61
Trd, 4319981.893, 65
Trd, 4319984.093, 61
Trd, 4319984.393, 63
Trd, 4319984.993, 60
Trd, 4319986.043, 60
Trd, 4319986.943, 60
Trd, 4319987.493, 60
Trd, 4319987.543, 61
Trd, 4319988.343, 61
Trd, 4319988.493, 61
Trd, 4319989.043, 63
Trd, 4319989.893, 140
Trd, 4319990.643, 60
Trd, 4319992.093, 60
Trd, 4319992.193, 69
Trd, 4319992.243, 74
Trd, 4319993.043, 69
Trd, 4319993.493, 60
Trd, 4319994.293, 60
Trd, 4319994.893, 61
Trd, 4319995.793, 60
Trd, 4319997.843, 66
Trd, 4319998.043, 67
Trd, 4319998.743, 67
Trd, 4319999.543, 60
