Trd, 4318141.093, 60
Trd, 4318141.193, 60
Trd, 4318141.543, 61
Trd, 4318141.993, 60
Trd, 4318142.093, 60
Trd, 4318142.393, 62
Trd, 4318143.243, 61
Trd, 4318143.293, 63
Trd, 4318144.093, 71
Trd, 4318144.343, 63
Trd, 4318145.743, 63
Trd, 4318145.793, 64
Trd, 4318146.243, 63
Trd, 4318146.293, 62
Trd, 4318146.493, 69
Trd, 4318147.293, 139
Trd, 4318149.893, 60
Trd, 4318150.143, 60
Trd, 4318150.593, 63
Trd, 4318150.793, 68
Trd, 4318150.843, 68
Trd, 4318153.943, 60
Trd, 4318154.543, 60
Trd, 4318154.593, 61
Trd, 4318154.893, 60
Trd, 4318154.993, 62
Trd, 4318155.893, 63
Trd, 4318156.443, 62
Trd, 4318156.593, 62
Trd, 4318156.893, 64
Trd, 4318158.043, 63
Trd, 4318160.593, 60
Trd, 4318161.493, 61
Trd, 4318162.993, 60
Trd, 4318165.293, 60
Trd, 4318165.593, 60
Trd, 4318165.843, 62
Trd, 4318165.893, 63
Trd, 4318166.343, 61
Trd, 4318167.443, 63
Trd, 4318168.243, 60
Trd, 4318169.543, 60
Trd, 4318169.943, 61
Trd, 4318170.493, 61
Trd, 4318171.893, 61
Trd, 4318172.343, 62
Trd, 4318174.893, 60
Trd, 4318175.143, 60
Trd, 4318175.743, 66
Trd, 4318175.793, 64
Trd, 4318175.843, 61
Trd, 4318176.543, 60
Trd, 4318179.193, 60
Trd, 4318179.693, 60
Trd, 4318179.843, 60
Trd, 4318181.493, 61
Trd, 4318182.243, 66
Trd, 4318182.643, 74
Trd, 4318182.793, 66
Trd, 4318183.393, 67
Trd, 4318183.543, 68
Trd, 4318183.643, 67
Trd, 4318184.193, 66
Trd, 4318184.293, 67
Trd, 4318185.693, 63
Trd, 4318188.743, 61
Trd, 4318189.393, 61
Trd, 4318189.743, 61
Trd, 4318189.893, 61
Trd, 4318190.193, 60
Trd, 4318191.793, 60
Trd, 4318192.293, 60
Trd, 4318192.543, 62
Trd, 4318193.093, 61
Trd, 4318193.293, 61
Trd, 4318193.993, 66
Trd, 4318194.493, 78
Trd, 4318194.593, 64
Trd, 4318195.293, 72
Trd, 4318196.443, 63
Trd, 4318197.643, 67
Trd, 4318197.743, 66
Trd, 4318197.893, 68
Trd, 4318197.943, 64
Trd, 4318199.943, 140
Trd, 4318200.193, 140
Trd, 4318200.293, 140
Trd, 4318200.393, 111
Trd, 4318202.293, 64
Trd, 4318204.643, 61
Trd, 4318204.943, 62
Trd, 4318205.393, 70
Trd, 4318205.843, 64
Trd, 4318206.193, 140
Trd, 4318206.943, 140
Trd, 4318207.043, 140
Trd, 4318207.243, 63
Trd, 4318207.943, 109
Trd, 4318208.243, 137
Trd, 4318209.543, 60
Trd, 4318211.093, 61
Trd, 4318212.943, 60
Trd, 4318214.293, 60
Trd, 4318214.843, 60
Trd, 4318215.543, 60
Trd, 4318215.643, 61
Trd, 4318215.693, 62
Trd, 4318216.043, 61
Trd, 4318216.243, 61
Trd, 4318216.443, 62
Trd, 4318217.443, 64
Trd, 4318217.593, 65
Trd, 4318217.693, 124
Trd, 4318218.193, 95
Trd, 4318219.293, 71
Trd, 4318219.643, 66
Trd, 4318220.193, 140
Trd, 4318220.543, 140
Trd, 4318221.893, 140
Trd, 4318222.193, 140
Trd, 4318222.493, 85
Trd, 4318223.343, 139
Trd, 4318223.593, 138
Trd, 4318225.043, 69
Trd, 4318226.693, 60
Trd, 4318226.743, 60
Trd, 4318226.943, 61
Trd, 4318227.043, 61
Trd, 4318228.043, 67
Trd, 4318230.493, 61
Trd, 4318230.843, 60
Trd, 4318230.893, 61
Trd, 4318231.693, 61
Trd, 4318232.243, 60
Trd, 4318232.493, 64
Trd, 4318232.543, 65
Trd, 4318232.743, 66
Trd, 4318233.293, 61
Trd, 4318234.293, 61
Trd, 4318235.443, 60
Trd, 4318236.193, 60
Trd, 4318237.193, 61
Trd, 4318237.493, 60
Trd, 4318239.743, 61
Trd, 4318240.593, 62
Trd, 4318241.143, 62
Trd, 4318241.893, 63
Trd, 4318242.243, 63
Trd, 4318242.943, 65
Trd, 4318243.243, 132
Trd, 4318243.393, 64
Trd, 4318243.943, 64
Trd, 4318244.693, 61
Trd, 4318245.093, 60
Trd, 4318245.893, 62
Trd, 4318246.693, 64
Trd, 4318247.293, 140
Trd, 4318247.793, 109
Trd, 4318248.793, 138
Trd, 4318249.543, 139
Trd, 4318249.643, 97
Trd, 4318250.343, 88
Trd, 4318251.243, 65
Trd, 4318251.343, 66
Trd, 4318252.393, 140
Trd, 4318252.843, 97
Trd, 4318253.043, 97
Trd, 4318254.043, 70
Trd, 4318254.093, 71
Trd, 4318254.293, 68
Trd, 4318254.993, 87
Trd, 4318255.893, 61
Trd, 4318255.943, 61
Trd, 4318256.693, 140
Trd, 4318257.693, 140
Trd, 4318258.643, 140
Trd, 4318258.993, 140
Trd, 4318259.043, 140
Trd, 4318259.443, 140
Trd, 4318259.943, 107
Trd, 4318262.043, 140
Trd, 4318262.793, 140
Trd, 4318263.093, 140
Trd, 4318263.543, 140
Trd, 4318264.143, 140
Trd, 4318264.243, 140
Trd, 4318266.043, 140
Trd, 4318266.393, 139
Trd, 4318267.193, 139
Trd, 4318267.843, 140
Trd, 4318268.293, 140
Trd, 4318268.993, 140
Trd, 4318269.343, 94
Trd, 4318269.893, 140
Trd, 4318270.443, 140
Trd, 4318270.693, 139
Trd, 4318271.443, 140
Trd, 4318272.993, 140
Trd, 4318273.543, 140
Trd, 4318274.093, 140
Trd, 4318274.643, 140
Trd, 4318274.993, 140
Trd, 4318275.393, 140
Trd, 4318276.443, 140
Trd, 4318276.793, 140
Trd, 4318277.743, 140
Trd, 4318278.193, 140
Trd, 4318278.593, 98
Trd, 4318279.393, 76
Trd, 4318280.893, 65
Trd, 4318281.193, 140
Trd, 4318281.593, 60
Trd, 4318282.593, 138
Trd, 4318283.543, 140
Trd, 4318283.593, 139
Trd, 4318284.543, 140
Trd, 4318285.243, 140
Trd, 4318285.493, 140
Trd, 4318285.943, 139
Trd, 4318286.143, 138
Trd, 4318287.443, 140
Trd, 4318288.493, 138
Trd, 4318288.893, 137
Trd, 4318289.893, 139
Trd, 4318290.543, 108
Trd, 4318291.743, 139
Trd, 4318292.893, 140
Trd, 4318293.793, 140
Trd, 4318294.493, 140
Trd, 4318294.943, 140
Trd, 4318295.343, 140
Trd, 4318296.243, 140
Trd, 4318296.443, 97
Trd, 4318297.393, 140
Trd, 4318298.043, 140
Trd, 4318299.193, 140
Trd, 4318299.493, 140
Trd, 4318299.743, 139
Trd, 4318300.193, 96
Trd, 4318302.093, 140
Trd, 4318302.243, 140
Trd, 4318302.843, 140
Trd, 4318302.893, 140
Trd, 4318304.293, 140
Trd, 4318304.743, 140
Trd, 4318305.293, 139
Trd, 4318306.043, 94
Trd, 4318307.843, 139
Trd, 4318308.243, 104
Trd, 4318308.693, 104
Trd, 4318308.843, 103
Trd, 4318310.493, 140
Trd, 4318310.743, 105
Trd, 4318311.043, 98
Trd, 4318312.843, 60
Trd, 4318312.943, 66
Trd, 4318314.143, 60
Trd, 4318315.293, 61
Trd, 4318316.843, 60
Trd, 4318317.043, 60
Trd, 4318317.993, 61
Trd, 4318318.193, 67
Trd, 4318318.543, 61
Trd, 4318319.943, 60
Trd, 4318320.143, 64
Trd, 4318320.693, 62
Trd, 4318320.893, 61
Trd, 4318321.143, 76
Trd, 4318322.643, 65
Trd, 4318324.043, 139
Trd, 4318324.343, 139
Trd, 4318324.493, 138
Trd, 4318325.743, 140
Trd, 4318326.093, 140
Trd, 4318326.593, 139
Trd, 4318327.243, 101
Trd, 4318327.743, 132
Trd, 4318329.043, 140
Trd, 4318329.093, 140
Trd, 4318329.693, 140
Trd, 4318331.243, 140
Trd, 4318331.943, 140
Trd, 4318332.043, 140
Trd, 4318332.443, 140
Trd, 4318333.693, 60
Trd, 4318334.143, 61
Trd, 4318334.343, 60
Trd, 4318334.693, 62
Trd, 4318336.443, 60
Trd, 4318337.393, 60
Trd, 4318337.943, 60
Trd, 4318339.593, 60
Trd, 4318339.843, 60
Trd, 4318340.143, 60
Trd, 4318340.243, 69
Trd, 4318340.643, 61
Trd, 4318341.493, 61
Trd, 4318342.093, 74
Trd, 4318342.993, 67
Trd, 4318343.193, 131
Trd, 4318343.843, 109
Trd, 4318344.543, 68
Trd, 4318344.693, 66
Trd, 4318347.493, 60
Trd, 4318347.593, 61
Trd, 4318348.393, 61
Trd, 4318348.793, 62
Trd, 4318349.643, 60
Trd, 4318349.943, 61
Trd, 4318349.993, 61
Trd, 4318350.043, 65
Trd, 4318351.293, 60
Trd, 4318351.343, 60
Trd, 4318351.793, 60
Trd, 4318352.093, 60
Trd, 4318354.043, 61
Trd, 4318355.693, 61
Trd, 4318356.143, 61
Trd, 4318356.393, 62
Trd, 4318357.493, 62
Trd, 4318358.943, 60
Trd, 4318359.543, 60
Trd, 4318359.643, 61
Trd, 4318359.843, 64
Trd, 4318360.993, 64
Trd, 4318361.093, 64
Trd, 4318361.343, 64
Trd, 4318361.993, 63
Trd, 4318362.643, 66
Trd, 4318362.843, 109
Trd, 4318363.043, 64
Trd, 4318366.143, 60
Trd, 4318367.693, 60
Trd, 4318368.493, 61
Trd, 4318368.843, 60
Trd, 4318369.293, 60
Trd, 4318369.343, 60
Trd, 4318369.493, 60
Trd, 4318369.743, 61
Trd, 4318370.093, 61
Trd, 4318370.293, 60
Trd, 4318372.293, 62
Trd, 4318372.443, 63
Trd, 4318372.543, 66
Trd, 4318372.643, 65
Trd, 4318375.443, 61
Trd, 4318376.643, 60
Trd, 4318376.943, 60
Trd, 4318377.093, 60
Trd, 4318377.543, 111
Trd, 4318377.643, 110
Trd, 4318378.743, 140
Trd, 4318378.993, 140
Trd, 4318379.893, 140
Trd, 4318380.393, 140
Trd, 4318380.643, 139
Trd, 4318381.443, 122
Trd, 4318382.793, 138
Trd, 4318383.743, 140
Trd, 4318384.843, 140
Trd, 4318384.993, 140
Trd, 4318385.093, 140
Trd, 4318385.643, 140
Trd, 4318385.943, 140
Trd, 4318386.043, 140
Trd, 4318387.393, 105
Trd, 4318388.343, 131
Trd, 4318388.943, 140
Trd, 4318389.443, 140
Trd, 4318389.493, 131
Trd, 4318390.893, 140
Trd, 4318391.393, 140
Trd, 4318391.543, 140
Trd, 4318392.843, 140
Trd, 4318393.093, 140
Trd, 4318393.993, 61
Trd, 4318394.393, 140
Trd, 4318395.643, 60
Trd, 4318396.893, 61
Trd, 4318397.293, 60
Trd, 4318399.343, 60
Trd, 4318399.943, 60
Trd, 4318401.093, 61
Trd, 4318401.643, 61
Trd, 4318401.743, 62
Trd, 4318402.543, 62
Trd, 4318402.693, 118
Trd, 4318403.243, 63
Trd, 4318403.493, 62
Trd, 4318404.093, 60
Trd, 4318404.343, 69
Trd, 4318404.493, 65
Trd, 4318404.643, 64
Trd, 4318405.743, 62
Trd, 4318405.793, 65
Trd, 4318407.093, 61
Trd, 4318409.593, 60
Trd, 4318411.343, 61
Trd, 4318411.943, 60
Trd, 4318412.443, 61
Trd, 4318412.743, 61
Trd, 4318412.843, 60
Trd, 4318412.993, 61
Trd, 4318414.193, 60
Trd, 4318414.393, 62
Trd, 4318414.593, 61
Trd, 4318415.693, 61
Trd, 4318416.143, 62
Trd, 4318416.543, 62
Trd, 4318417.843, 60
Trd, 4318418.743, 60
Trd, 4318419.293, 60
Trd, 4318421.193, 60
Trd, 4318421.943, 60
Trd, 4318422.293, 60
Trd, 4318423.343, 60
Trd, 4318423.543, 60
Trd, 4318424.293, 61
Trd, 4318424.793, 63
Trd, 4318425.043, 63
Trd, 4318425.143, 65
Trd, 4318425.193, 62
Trd, 4318426.193, 66
Trd, 4318426.793, 60
Trd, 4318427.693, 61
Trd, 4318429.493, 60
Trd, 4318429.693, 63
Trd, 4318431.593, 60
Trd, 4318432.443, 60
Trd, 4318433.943, 60
Trd, 4318433.993, 60
Trd, 4318434.893, 60
Trd, 4318435.043, 61
Trd, 4318435.093, 60
Trd, 4318435.243, 63
Trd, 4318435.543, 112
Trd, 4318435.943, 114
Trd, 4318436.593, 63
Trd, 4318437.643, 65
Trd, 4318437.693, 64
Trd, 4318438.093, 63
Trd, 4318438.543, 66
Trd, 4318439.643, 62
Trd, 4318441.193, 62
Trd, 4318441.593, 63
Trd, 4318443.043, 60
Trd, 4318444.493, 60
Trd, 4318444.693, 60
Trd, 4318445.043, 60
Trd, 4318445.493, 61
Trd, 4318447.343, 60
Trd, 4318447.443, 60
Trd, 4318447.493, 61
Trd, 4318447.993, 60
Trd, 4318448.543, 60
Trd, 4318449.743, 64
Trd, 4318450.193, 64
Trd, 4318450.543, 61
Trd, 4318451.043, 60
Trd, 4318451.943, 123
Trd, 4318452.193, 63
Trd, 4318452.693, 70
Trd, 4318452.793, 75
Trd, 4318453.243, 65
Trd, 4318453.443, 127
Trd, 4318455.043, 140
Trd, 4318455.643, 140
Trd, 4318455.943, 140
Trd, 4318456.343, 140
Trd, 4318456.393, 140
Trd, 4318457.193, 89
Trd, 4318457.793, 139
Trd, 4318458.493, 140
Trd, 4318460.143, 140
Trd, 4318460.443, 138
Trd, 4318460.593, 139
Trd, 4318461.593, 140
Trd, 4318463.343, 140
Trd, 4318463.693, 140
Trd, 4318464.793, 140
Trd, 4318465.293, 140
Trd, 4318465.743, 140
Trd, 4318465.993, 140
Trd, 4318466.643, 139
Trd, 4318467.543, 140
Trd, 4318467.943, 138
Trd, 4318468.243, 137
Trd, 4318468.893, 140
Trd, 4318469.243, 138
Trd, 4318469.693, 81
Trd, 4318471.343, 140
Trd, 4318471.443, 139
Trd, 4318472.643, 140
Trd, 4318473.543, 140
Trd, 4318474.543, 140
Trd, 4318474.743, 140
Trd, 4318475.643, 140
Trd, 4318475.743, 140
Trd, 4318476.043, 101
Trd, 4318476.293, 97
Trd, 4318478.343, 140
Trd, 4318478.543, 140
Trd, 4318479.093, 140
Trd, 4318480.243, 140
Trd, 4318480.443, 140
Trd, 4318480.793, 140
Trd, 4318481.593, 140
Trd, 4318481.843, 140
Trd, 4318482.243, 137
Trd, 4318483.493, 98
Trd, 4318483.593, 97
Trd, 4318484.193, 109
Trd, 4318485.393, 140
Trd, 4318485.493, 140
Trd, 4318487.043, 140
Trd, 4318487.093, 140
Trd, 4318487.843, 140
Trd, 4318487.893, 140
Trd, 4318488.543, 140
Trd, 4318489.893, 140
Trd, 4318490.293, 139
Trd, 4318490.593, 137
Trd, 4318491.543, 136
Trd, 4318492.393, 140
Trd, 4318493.593, 137
Trd, 4318495.093, 140
Trd, 4318495.143, 136
Trd, 4318495.393, 62
Trd, 4318496.943, 138
Trd, 4318497.093, 126
Trd, 4318497.793, 82
Trd, 4318497.893, 80
Trd, 4318498.843, 105
Trd, 4318500.393, 61
Trd, 4318501.093, 61
Trd, 4318501.843, 61
Trd, 4318502.943, 62
Trd, 4318503.493, 64
Trd, 4318503.643, 62
Trd, 4318503.743, 124
Trd, 4318504.843, 140
Trd, 4318505.893, 140
Trd, 4318506.043, 140
Trd, 4318506.393, 63
Trd, 4318506.693, 140
Trd, 4318508.443, 64
Trd, 4318509.143, 62
Trd, 4318509.493, 62
Trd, 4318510.393, 61
Trd, 4318511.693, 60
Trd, 4318511.743, 61
Trd, 4318513.193, 60
Trd, 4318513.593, 60
Trd, 4318515.593, 60
Trd, 4318517.243, 62
Trd, 4318517.793, 62
Trd, 4318518.043, 61
Trd, 4318518.243, 61
Trd, 4318519.043, 65
Trd, 4318520.593, 60
Trd, 4318521.143, 60
Trd, 4318521.643, 60
Trd, 4318521.843, 60
Trd, 4318522.443, 60
Trd, 4318522.943, 60
Trd, 4318523.393, 61
Trd, 4318523.793, 69
Trd, 4318524.343, 64
Trd, 4318524.693, 60
Trd, 4318527.243, 60
Trd, 4318530.743, 60
Trd, 4318530.843, 60
Trd, 4318531.093, 60
Trd, 4318531.543, 60
Trd, 4318531.743, 61
Trd, 4318531.843, 60
Trd, 4318531.993, 61
Trd, 4318532.043, 62
Trd, 4318532.343, 139
Trd, 4318533.143, 140
Trd, 4318533.443, 140
Trd, 4318534.743, 118
Trd, 4318534.793, 117
Trd, 4318535.043, 108
Trd, 4318535.893, 61
Trd, 4318537.293, 70
Trd, 4318540.043, 61
Trd, 4318540.393, 61
Trd, 4318541.343, 61
Trd, 4318541.393, 63
Trd, 4318542.693, 61
Trd, 4318542.793, 62
Trd, 4318542.893, 62
Trd, 4318544.043, 61
Trd, 4318544.743, 62
Trd, 4318545.193, 67
Trd, 4318545.843, 62
Trd, 4318546.393, 61
Trd, 4318546.643, 61
Trd, 4318547.293, 62
Trd, 4318548.243, 64
Trd, 4318548.293, 67
Trd, 4318548.443, 112
Trd, 4318549.043, 66
Trd, 4318549.143, 67
Trd, 4318549.343, 65
Trd, 4318550.193, 139
Trd, 4318550.693, 66
Trd, 4318551.793, 91
Trd, 4318551.893, 111
Trd, 4318553.743, 67
Trd, 4318553.943, 123
Trd, 4318554.893, 61
Trd, 4318554.943, 62
Trd, 4318555.893, 61
Trd, 4318556.043, 65
Trd, 4318556.143, 66
Trd, 4318557.043, 60
Trd, 4318557.393, 60
Trd, 4318559.943, 60
Trd, 4318560.743, 60
Trd, 4318560.943, 60
Trd, 4318563.093, 60
Trd, 4318564.093, 60
Trd, 4318564.443, 61
Trd, 4318564.493, 60
Trd, 4318565.143, 61
Trd, 4318565.593, 63
Trd, 4318565.693, 61
Trd, 4318566.093, 115
Trd, 4318567.643, 61
Trd, 4318567.993, 60
Trd, 4318568.943, 62
Trd, 4318569.193, 60
Trd, 4318571.543, 60
Trd, 4318573.693, 60
Trd, 4318574.793, 60
Trd, 4318576.393, 60
Trd, 4318576.743, 61
Trd, 4318577.893, 60
Trd, 4318578.193, 60
Trd, 4318578.493, 60
Trd, 4318578.543, 60
Trd, 4318578.843, 61
Trd, 4318579.243, 63
Trd, 4318579.593, 63
Trd, 4318580.793, 63
Trd, 4318581.243, 62
Trd, 4318581.343, 60
Trd, 4318584.043, 60
Trd, 4318584.143, 60
Trd, 4318585.843, 60
Trd, 4318586.293, 61
Trd, 4318586.893, 60
Trd, 4318586.943, 61
Trd, 4318588.893, 60
Trd, 4318589.293, 60
Trd, 4318590.893, 61
Trd, 4318591.043, 61
Trd, 4318591.243, 62
Trd, 4318591.443, 61
Trd, 4318592.093, 60
Trd, 4318593.093, 60
Trd, 4318594.293, 63
Trd, 4318595.543, 60
Trd, 4318596.693, 60
Trd, 4318596.743, 63
Trd, 4318596.793, 66
Trd, 4318598.743, 60
Trd, 4318598.943, 61
Trd, 4318599.093, 61
Trd, 4318599.143, 62
Trd, 4318599.393, 60
Trd, 4318599.743, 62
Trd, 4318600.593, 62
Trd, 4318601.443, 65
Trd, 4318602.243, 60
Trd, 4318602.793, 62
Trd, 4318603.493, 92
Trd, 4318605.093, 62
Trd, 4318605.443, 67
Trd, 4318605.593, 113
Trd, 4318606.143, 61
Trd, 4318606.343, 61
Trd, 4318606.793, 61
Trd, 4318607.343, 60
Trd, 4318608.793, 62
Trd, 4318610.793, 60
Trd, 4318610.893, 60
Trd, 4318610.993, 60
Trd, 4318611.143, 62
Trd, 4318611.693, 61
Trd, 4318613.043, 140
Trd, 4318613.343, 140
Trd, 4318613.393, 61
Trd, 4318613.793, 62
Trd, 4318613.993, 62
Trd, 4318614.143, 115
Trd, 4318616.143, 60
Trd, 4318617.143, 60
Trd, 4318620.143, 60
Trd, 4318621.293, 60
Trd, 4318621.693, 61
Trd, 4318621.793, 61
Trd, 4318622.343, 63
Trd, 4318622.793, 60
Trd, 4318624.343, 63
Trd, 4318624.543, 62
Trd, 4318625.543, 61
Trd, 4318626.493, 60
Trd, 4318627.643, 60
Trd, 4318628.643, 60
Trd, 4318630.543, 60
Trd, 4318630.993, 60
Trd, 4318632.293, 60
Trd, 4318632.993, 60
Trd, 4318633.143, 60
Trd, 4318633.493, 60
Trd, 4318633.843, 60
Trd, 4318634.793, 60
Trd, 4318635.193, 64
Trd, 4318636.543, 60
Trd, 4318636.743, 63
Trd, 4318637.343, 138
Trd, 4318638.493, 60
Trd, 4318639.193, 63
Trd, 4318639.543, 63
Trd, 4318640.493, 109
Trd, 4318641.143, 63
Trd, 4318641.543, 70
Trd, 4318642.893, 65
Trd, 4318643.193, 61
Trd, 4318644.093, 140
Trd, 4318644.443, 140
Trd, 4318644.493, 140
Trd, 4318647.193, 60
Trd, 4318647.493, 63
Trd, 4318647.643, 65
Trd, 4318647.993, 61
Trd, 4318648.543, 78
Trd, 4318648.743, 119
Trd, 4318648.943, 63
Trd, 4318650.443, 60
Trd, 4318651.093, 60
Trd, 4318652.593, 60
Trd, 4318654.343, 60
Trd, 4318654.443, 61
Trd, 4318655.043, 63
Trd, 4318656.043, 60
Trd, 4318656.193, 60
Trd, 4318657.193, 60
Trd, 4318657.443, 62
Trd, 4318657.843, 64
Trd, 4318657.893, 64
Trd, 4318657.943, 63
Trd, 4318658.443, 64
Trd, 4318659.093, 62
Trd, 4318660.293, 63
Trd, 4318662.043, 60
Trd, 4318662.293, 61
Trd, 4318664.543, 60
Trd, 4318664.893, 61
Trd, 4318665.093, 60
Trd, 4318665.293, 61
Trd, 4318665.593, 61
Trd, 4318665.993, 61
Trd, 4318666.593, 62
Trd, 4318666.793, 62
Trd, 4318667.193, 62
Trd, 4318667.393, 65
Trd, 4318667.543, 61
Trd, 4318669.093, 66
Trd, 4318670.243, 74
Trd, 4318671.243, 62
Trd, 4318672.593, 60
Trd, 4318672.943, 62
Trd, 4318673.043, 71
Trd, 4318673.393, 62
Trd, 4318674.593, 75
Trd, 4318675.593, 103
Trd, 4318675.693, 102
Trd, 4318675.793, 101
Trd, 4318675.843, 74
Trd, 4318676.593, 140
Trd, 4318677.293, 140
Trd, 4318680.343, 60
Trd, 4318680.743, 61
Trd, 4318680.793, 61
Trd, 4318681.443, 62
Trd, 4318681.493, 62
Trd, 4318682.943, 61
Trd, 4318683.393, 63
Trd, 4318683.893, 60
Trd, 4318684.693, 62
Trd, 4318686.043, 60
Trd, 4318687.793, 60
Trd, 4318688.643, 60
Trd, 4318688.893, 60
Trd, 4318689.343, 60
Trd, 4318689.543, 62
Trd, 4318690.093, 62
Trd, 4318690.243, 62
Trd, 4318690.343, 63
Trd, 4318690.793, 61
Trd, 4318691.693, 140
Trd, 4318692.343, 60
Trd, 4318693.043, 62
Trd, 4318694.293, 60
Trd, 4318697.793, 61
Trd, 4318698.343, 60
Trd, 4318698.443, 62
Trd, 4318699.943, 60
Trd, 4318700.493, 60
Trd, 4318700.943, 65
Trd, 4318701.393, 63
Trd, 4318701.593, 65
Trd, 4318701.943, 66
Trd, 4318702.993, 119
Trd, 4318703.193, 122
Trd, 4318703.993, 139
Trd, 4318704.443, 69
Trd, 4318706.993, 60
Trd, 4318707.143, 60
Trd, 4318707.443, 62
Trd, 4318709.443, 60
Trd, 4318709.743, 60
Trd, 4318709.843, 61
Trd, 4318709.993, 60
Trd, 4318710.493, 64
Trd, 4318711.043, 67
Trd, 4318712.193, 70
Trd, 4318712.293, 67
Trd, 4318712.693, 91
Trd, 4318714.043, 60
Trd, 4318714.343, 60
Trd, 4318714.493, 63
Trd, 4318714.543, 63
Trd, 4318715.443, 94
Trd, 4318716.043, 64
Trd, 4318716.093, 65
Trd, 4318716.143, 63
Trd, 4318717.643, 140
Trd, 4318718.093, 140
Trd, 4318718.243, 140
Trd, 4318719.093, 139
Trd, 4318720.493, 140
Trd, 4318720.543, 139
Trd, 4318721.393, 140
Trd, 4318721.993, 140
Trd, 4318722.793, 138
Trd, 4318722.893, 138
Trd, 4318723.693, 138
Trd, 4318724.893, 140
Trd, 4318725.243, 139
Trd, 4318725.643, 139
Trd, 4318725.993, 139
Trd, 4318726.993, 140
Trd, 4318727.243, 90
Trd, 4318728.493, 66
Trd, 4318728.593, 66
Trd, 4318729.193, 140
Trd, 4318730.643, 74
Trd, 4318731.393, 65
Trd, 4318731.543, 63
Trd, 4318731.743, 76
Trd, 4318731.793, 65
Trd, 4318732.143, 61
Trd, 4318734.843, 140
Trd, 4318735.293, 140
Trd, 4318735.493, 140
Trd, 4318735.843, 140
Trd, 4318737.293, 140
Trd, 4318737.793, 140
Trd, 4318738.393, 140
Trd, 4318738.993, 140
Trd, 4318739.043, 140
Trd, 4318739.243, 139
Trd, 4318739.443, 113
Trd, 4318740.293, 65
Trd, 4318741.493, 61
Trd, 4318742.093, 61
Trd, 4318742.343, 61
Trd, 4318742.643, 65
Trd, 4318744.643, 61
Trd, 4318744.693, 61
Trd, 4318745.593, 65
Trd, 4318745.993, 61
Trd, 4318747.693, 140
Trd, 4318748.143, 89
Trd, 4318748.343, 140
Trd, 4318748.393, 88
Trd, 4318749.593, 61
Trd, 4318750.643, 60
Trd, 4318751.793, 67
Trd, 4318754.293, 62
Trd, 4318755.293, 62
Trd, 4318755.393, 65
Trd, 4318755.993, 60
Trd, 4318756.493, 62
Trd, 4318756.743, 61
Trd, 4318757.043, 60
Trd, 4318757.243, 61
Trd, 4318758.293, 60
Trd, 4318758.343, 114
Trd, 4318759.193, 60
Trd, 4318759.343, 140
Trd, 4318759.543, 115
Trd, 4318759.743, 140
Trd, 4318760.793, 68
Trd, 4318760.993, 65
Trd, 4318763.193, 61
Trd, 4318763.493, 62
Trd, 4318764.993, 60
Trd, 4318765.493, 63
Trd, 4318766.643, 60
Trd, 4318767.093, 60
Trd, 4318767.143, 61
Trd, 4318767.243, 71
Trd, 4318768.093, 60
Trd, 4318768.593, 62
Trd, 4318768.843, 63
Trd, 4318769.193, 61
Trd, 4318770.593, 139
Trd, 4318770.793, 140
Trd, 4318771.093, 138
Trd, 4318771.493, 63
Trd, 4318772.143, 102
Trd, 4318773.343, 60
Trd, 4318774.043, 60
Trd, 4318774.643, 65
Trd, 4318774.893, 64
Trd, 4318775.293, 139
Trd, 4318775.943, 103
Trd, 4318778.643, 140
Trd, 4318778.793, 140
Trd, 4318778.893, 140
Trd, 4318779.193, 140
Trd, 4318780.693, 140
Trd, 4318781.343, 140
Trd, 4318781.743, 140
Trd, 4318781.793, 140
Trd, 4318782.393, 140
Trd, 4318782.893, 140
Trd, 4318784.543, 140
Trd, 4318784.593, 139
Trd, 4318785.493, 140
Trd, 4318786.293, 139
Trd, 4318786.643, 137
Trd, 4318787.493, 96
Trd, 4318788.443, 140
Trd, 4318789.043, 140
Trd, 4318789.093, 140
Trd, 4318789.343, 139
Trd, 4318789.943, 138
Trd, 4318790.543, 95
Trd, 4318791.393, 103
Trd, 4318792.743, 123
Trd, 4318793.443, 105
Trd, 4318793.943, 106
Trd, 4318795.393, 60
Trd, 4318796.993, 60
Trd, 4318797.143, 62
Trd, 4318798.343, 60
Trd, 4318798.543, 66
Trd, 4318800.743, 60
Trd, 4318801.593, 60
Trd, 4318802.293, 60
Trd, 4318802.943, 60
Trd, 4318803.543, 61
Trd, 4318805.493, 61
Trd, 4318805.793, 62
Trd, 4318806.193, 61
Trd, 4318806.693, 63
Trd, 4318806.793, 61
Trd, 4318807.043, 60
Trd, 4318808.593, 60
Trd, 4318808.693, 63
Trd, 4318809.243, 62
Trd, 4318809.693, 63
Trd, 4318810.543, 66
Trd, 4318811.193, 67
Trd, 4318812.593, 60
Trd, 4318812.793, 65
Trd, 4318812.943, 66
Trd, 4318812.993, 70
Trd, 4318813.943, 67
Trd, 4318815.493, 60
Trd, 4318816.093, 60
Trd, 4318816.443, 62
Trd, 4318816.993, 64
Trd, 4318817.243, 62
Trd, 4318818.243, 61
Trd, 4318818.893, 61
Trd, 4318819.643, 61
Trd, 4318819.793, 69
Trd, 4318820.143, 71
Trd, 4318820.643, 62
Trd, 4318821.643, 63
Trd, 4318821.893, 61
Trd, 4318822.743, 65
Trd, 4318822.993, 66
Trd, 4318823.543, 66
Trd, 4318823.593, 65
Trd, 4318824.743, 64
Trd, 4318825.143, 63
Trd, 4318825.493, 65
Trd, 4318826.993, 140
Trd, 4318827.143, 99
Trd, 4318827.393, 85
Trd, 4318828.493, 140
Trd, 4318829.393, 119
Trd, 4318829.593, 140
Trd, 4318830.243, 110
Trd, 4318830.443, 110
Trd, 4318832.893, 140
Trd, 4318833.243, 140
Trd, 4318833.643, 140
Trd, 4318834.893, 140
Trd, 4318834.943, 140
Trd, 4318835.493, 140
Trd, 4318835.943, 138
Trd, 4318837.043, 121
Trd, 4318837.943, 140
Trd, 4318838.443, 139
Trd, 4318839.343, 140
Trd, 4318840.593, 140
Trd, 4318842.393, 140
Trd, 4318842.793, 140
Trd, 4318843.243, 140
Trd, 4318843.943, 140
Trd, 4318844.043, 140
Trd, 4318845.193, 140
Trd, 4318845.493, 140
Trd, 4318846.093, 140
Trd, 4318847.693, 140
Trd, 4318848.593, 140
Trd, 4318849.143, 140
Trd, 4318849.243, 139
Trd, 4318850.143, 96
Trd, 4318851.443, 117
Trd, 4318851.493, 115
Trd, 4318852.843, 140
Trd, 4318853.293, 140
Trd, 4318853.343, 140
Trd, 4318854.143, 140
Trd, 4318854.843, 140
Trd, 4318855.543, 140
Trd, 4318856.643, 139
Trd, 4318857.093, 140
Trd, 4318857.443, 87
Trd, 4318858.593, 60
Trd, 4318860.143, 60
Trd, 4318861.293, 60
Trd, 4318861.493, 60
Trd, 4318862.443, 62
Trd, 4318862.543, 62
Trd, 4318863.543, 60
Trd, 4318863.843, 60
Trd, 4318864.293, 61
Trd, 4318865.143, 60
Trd, 4318865.293, 61
Trd, 4318866.693, 60
Trd, 4318867.393, 60
Trd, 4318868.293, 61
Trd, 4318869.193, 61
Trd, 4318869.393, 62
Trd, 4318870.693, 60
Trd, 4318871.493, 63
Trd, 4318872.093, 61
Trd, 4318872.893, 60
Trd, 4318873.693, 60
Trd, 4318873.943, 61
Trd, 4318874.043, 60
Trd, 4318874.793, 63
Trd, 4318875.643, 63
Trd, 4318875.843, 62
Trd, 4318876.893, 87
Trd, 4318876.993, 68
Trd, 4318877.543, 68
Trd, 4318878.693, 140
Trd, 4318878.943, 140
Trd, 4318879.693, 140
Trd, 4318879.993, 139
Trd, 4318881.593, 140
Trd, 4318882.343, 140
Trd, 4318882.543, 137
Trd, 4318883.643, 139
Trd, 4318883.843, 138
Trd, 4318883.893, 137
Trd, 4318884.943, 140
Trd, 4318885.693, 116
Trd, 4318885.743, 115
Trd, 4318886.593, 140
Trd, 4318887.693, 140
Trd, 4318888.293, 140
Trd, 4318888.343, 138
Trd, 4318888.743, 98
Trd, 4318889.743, 137
Trd, 4318890.843, 88
Trd, 4318891.693, 140
Trd, 4318892.043, 139
Trd, 4318892.993, 140
Trd, 4318893.793, 139
Trd, 4318894.243, 71
Trd, 4318895.093, 97
Trd, 4318895.143, 96
Trd, 4318895.343, 108
Trd, 4318896.743, 140
Trd, 4318897.043, 140
Trd, 4318897.543, 114
Trd, 4318899.543, 140
Trd, 4318900.243, 140
Trd, 4318900.993, 140
Trd, 4318901.393, 137
Trd, 4318902.943, 140
Trd, 4318903.043, 140
Trd, 4318903.143, 139
Trd, 4318903.593, 139
Trd, 4318903.793, 115
Trd, 4318904.143, 115
Trd, 4318906.143, 69
Trd, 4318906.193, 68
Trd, 4318906.843, 63
Trd, 4318907.193, 92
Trd, 4318907.793, 140
Trd, 4318909.193, 71
Trd, 4318909.943, 70
Trd, 4318909.993, 74
Trd, 4318910.593, 66
Trd, 4318911.043, 63
Trd, 4318911.443, 72
Trd, 4318912.993, 137
Trd, 4318913.093, 107
Trd, 4318914.143, 140
Trd, 4318914.293, 140
Trd, 4318914.643, 139
Trd, 4318914.693, 139
Trd, 4318916.093, 68
Trd, 4318916.793, 73
Trd, 4318916.943, 124
Trd, 4318917.993, 64
Trd, 4318920.093, 60
Trd, 4318920.143, 60
Trd, 4318920.493, 61
Trd, 4318921.243, 63
Trd, 4318921.793, 61
Trd, 4318921.893, 126
Trd, 4318923.593, 61
Trd, 4318923.943, 60
Trd, 4318924.343, 61
Trd, 4318925.543, 62
Trd, 4318925.993, 62
Trd, 4318926.043, 64
Trd, 4318926.193, 77
Trd, 4318927.243, 62
Trd, 4318928.293, 94
Trd, 4318928.943, 67
Trd, 4318929.143, 63
Trd, 4318929.493, 61
Trd, 4318930.743, 63
Trd, 4318931.393, 60
Trd, 4318931.893, 61
Trd, 4318932.243, 62
Trd, 4318933.743, 62
Trd, 4318934.093, 66
Trd, 4318934.293, 62
Trd, 4318934.643, 61
Trd, 4318934.693, 62
Trd, 4318935.693, 63
Trd, 4318936.993, 61
Trd, 4318937.443, 61
Trd, 4318939.243, 60
Trd, 4318942.793, 60
Trd, 4318942.843, 60
Trd, 4318943.493, 60
Trd, 4318944.593, 60
Trd, 4318944.793, 60
Trd, 4318944.893, 61
Trd, 4318944.943, 62
Trd, 4318945.243, 63
Trd, 4318945.843, 64
Trd, 4318945.993, 122
Trd, 4318946.193, 63
Trd, 4318948.643, 60
Trd, 4318949.843, 60
Trd, 4318950.193, 60
Trd, 4318951.143, 61
Trd, 4318951.243, 62
Trd, 4318951.293, 65
Trd, 4318951.893, 67
Trd, 4318952.343, 66
Trd, 4318955.643, 60
Trd, 4318955.743, 63
Trd, 4318957.093, 62
Trd, 4318958.293, 61
Trd, 4318959.193, 60
Trd, 4318959.343, 61
Trd, 4318959.993, 65
Trd, 4318960.043, 64
Trd, 4318960.143, 62
Trd, 4318960.493, 62
Trd, 4318960.743, 61
Trd, 4318960.993, 64
Trd, 4318961.693, 64
Trd, 4318963.443, 63
Trd, 4318963.993, 64
Trd, 4318964.143, 61
Trd, 4318964.793, 63
Trd, 4318965.393, 63
Trd, 4318965.593, 63
Trd, 4318966.443, 66
Trd, 4318967.493, 66
Trd, 4318967.543, 75
Trd, 4318969.393, 140
Trd, 4318969.993, 140
Trd, 4318970.493, 140
Trd, 4318970.743, 140
Trd, 4318972.193, 140
Trd, 4318972.643, 140
Trd, 4318972.743, 140
Trd, 4318974.493, 140
Trd, 4318974.743, 140
Trd, 4318975.293, 140
Trd, 4318976.093, 140
Trd, 4318976.293, 140
Trd, 4318976.493, 140
Trd, 4318976.843, 140
Trd, 4318977.793, 140
Trd, 4318977.993, 140
Trd, 4318978.243, 136
Trd, 4318978.943, 101
Trd, 4318979.843, 73
Trd, 4318980.193, 70
Trd, 4318981.043, 137
Trd, 4318981.543, 138
Trd, 4318982.393, 136
Trd, 4318982.643, 135
Trd, 4318983.893, 65
Trd, 4318985.193, 66
Trd, 4318985.243, 67
Trd, 4318985.343, 61
Trd, 4318986.043, 62
Trd, 4318987.543, 65
Trd, 4318988.793, 60
Trd, 4318988.893, 61
Trd, 4318990.493, 60
Trd, 4318991.243, 60
Trd, 4318991.343, 60
Trd, 4318992.093, 60
Trd, 4318992.343, 62
Trd, 4318993.193, 63
Trd, 4318994.093, 62
Trd, 4318994.193, 64
Trd, 4318994.793, 64
Trd, 4318995.993, 61
Trd, 4318996.293, 62
Trd, 4318998.193, 61
Trd, 4318999.693, 61
Trd, 4319000.843, 60
Trd, 4319001.943, 62
Trd, 4319002.743, 61
Trd, 4319004.793, 60
Trd, 4319004.843, 60
Trd, 4319005.443, 61
Trd, 4319005.493, 62
Trd, 4319005.793, 61
Trd, 4319005.843, 60
Trd, 4319006.593, 61
Trd, 4319007.993, 61
Trd, 4319009.593, 60
Trd, 4319010.143, 60
Trd, 4319010.543, 60
Trd, 4319012.743, 60
Trd, 4319012.843, 60
Trd, 4319013.543, 60
Trd, 4319013.593, 61
Trd, 4319014.143, 61
Trd, 4319014.593, 61
Trd, 4319015.493, 60
Trd, 4319015.843, 61
Trd, 4319016.043, 62
Trd, 4319018.543, 65
Trd, 4319020.693, 60
Trd, 4319020.793, 60
Trd, 4319021.193, 61
Trd, 4319021.243, 62
Trd, 4319021.343, 60
Trd, 4319021.793, 68
Trd, 4319021.893, 112
Trd, 4319022.093, 61
Trd, 4319023.793, 60
Trd, 4319024.093, 60
Trd, 4319024.893, 60
Trd, 4319024.993, 64
Trd, 4319025.993, 64
Trd, 4319026.143, 63
Trd, 4319026.643, 67
Trd, 4319027.693, 61
Trd, 4319028.593, 62
Trd, 4319029.193, 62
Trd, 4319029.443, 62
Trd, 4319030.143, 69
Trd, 4319031.293, 76
Trd, 4319031.343, 75
Trd, 4319032.343, 140
Trd, 4319032.493, 140
Trd, 4319034.243, 140
Trd, 4319034.693, 140
Trd, 4319035.543, 140
Trd, 4319035.643, 140
Trd, 4319036.743, 140
Trd, 4319036.793, 140
Trd, 4319037.893, 140
Trd, 4319039.243, 140
Trd, 4319039.693, 140
Trd, 4319039.793, 140
Trd, 4319039.843, 140
Trd, 4319040.293, 140
Trd, 4319041.793, 138
Trd, 4319041.843, 137
Trd, 4319042.943, 130
Trd, 4319043.043, 136
Trd, 4319044.193, 60
Trd, 4319044.843, 61
Trd, 4319045.043, 60
Trd, 4319045.743, 60
Trd, 4319046.643, 60
Trd, 4319046.843, 61
Trd, 4319046.943, 65
Trd, 4319048.843, 63
Trd, 4319049.343, 65
Trd, 4319049.593, 64
Trd, 4319049.743, 63
Trd, 4319049.893, 69
Trd, 4319050.343, 90
Trd, 4319051.593, 61
Trd, 4319052.843, 140
Trd, 4319053.243, 138
Trd, 4319053.843, 84
Trd, 4319054.343, 84
Trd, 4319054.743, 85
Trd, 4319055.243, 83
Trd, 4319055.293, 87
Trd, 4319057.893, 140
Trd, 4319057.993, 140
Trd, 4319058.743, 140
Trd, 4319058.943, 140
Trd, 4319059.193, 140
Trd, 4319060.543, 140
Trd, 4319060.593, 140
Trd, 4319061.143, 140
Trd, 4319062.193, 140
Trd, 4319062.593, 140
Trd, 4319062.643, 139
Trd, 4319063.593, 140
Trd, 4319063.743, 90
Trd, 4319063.943, 62
Trd, 4319064.943, 138
Trd, 4319065.743, 140
Trd, 4319065.993, 92
Trd, 4319066.993, 99
Trd, 4319067.893, 130
Trd, 4319068.143, 93
Trd, 4319068.693, 71
Trd, 4319069.793, 140
Trd, 4319069.993, 92
Trd, 4319071.193, 72
Trd, 4319072.993, 140
Trd, 4319073.193, 140
Trd, 4319073.243, 140
Trd, 4319073.293, 140
Trd, 4319075.093, 140
Trd, 4319075.693, 140
Trd, 4319076.093, 140
Trd, 4319076.743, 83
Trd, 4319077.243, 86
Trd, 4319077.743, 137
Trd, 4319078.843, 140
Trd, 4319079.243, 140
Trd, 4319079.593, 140
Trd, 4319080.043, 140
Trd, 4319080.943, 140
Trd, 4319082.393, 140
Trd, 4319082.643, 140
Trd, 4319083.143, 140
Trd, 4319083.243, 140
Trd, 4319083.943, 140
Trd, 4319086.043, 140
Trd, 4319086.493, 140
Trd, 4319086.593, 140
Trd, 4319086.793, 140
Trd, 4319087.543, 126
Trd, 4319087.993, 67
Trd, 4319089.193, 139
Trd, 4319090.493, 140
Trd, 4319090.593, 139
Trd, 4319090.643, 139
Trd, 4319091.193, 139
Trd, 4319092.393, 135
Trd, 4319092.793, 99
Trd, 4319093.793, 97
Trd, 4319095.193, 60
Trd, 4319095.693, 61
Trd, 4319096.143, 60
Trd, 4319096.643, 62
Trd, 4319097.843, 60
Trd, 4319099.193, 60
Trd, 4319102.293, 60
Trd, 4319102.393, 60
Trd, 4319102.493, 61
Trd, 4319102.943, 60
Trd, 4319103.743, 61
Trd, 4319103.843, 61
Trd, 4319103.993, 64
Trd, 4319104.343, 64
Trd, 4319104.443, 65
Trd, 4319104.693, 61
Trd, 4319106.293, 140
Trd, 4319106.493, 140
Trd, 4319107.443, 94
Trd, 4319107.493, 93
Trd, 4319107.993, 139
Trd, 4319108.143, 137
Trd, 4319110.043, 92
Trd, 4319110.393, 70
Trd, 4319111.493, 60
Trd, 4319111.993, 61
Trd, 4319112.143, 63
Trd, 4319112.593, 114
Trd, 4319113.143, 140
Trd, 4319113.293, 140
Trd, 4319114.043, 65
Trd, 4319114.693, 65
Trd, 4319115.143, 66
Trd, 4319115.943, 139
Trd, 4319115.993, 139
Trd, 4319116.193, 95
Trd, 4319116.693, 66
Trd, 4319117.393, 60
Trd, 4319117.993, 140
Trd, 4319118.543, 140
Trd, 4319119.243, 139
Trd, 4319122.693, 60
Trd, 4319123.093, 61
Trd, 4319123.943, 62
Trd, 4319124.043, 60
Trd, 4319124.243, 62
Trd, 4319124.393, 63
Trd, 4319125.093, 60
Trd, 4319125.293, 61
Trd, 4319126.193, 64
Trd, 4319126.493, 65
Trd, 4319126.543, 63
Trd, 4319127.193, 65
Trd, 4319127.943, 60
Trd, 4319128.643, 61
Trd, 4319132.343, 60
Trd, 4319132.793, 60
Trd, 4319132.943, 60
Trd, 4319133.443, 61
Trd, 4319134.593, 62
Trd, 4319135.493, 64
Trd, 4319135.793, 65
Trd, 4319136.193, 70
Trd, 4319136.293, 119
Trd, 4319137.293, 60
Trd, 4319137.343, 60
Trd, 4319138.243, 67
Trd, 4319138.443, 67
Trd, 4319139.043, 69
Trd, 4319139.193, 66
Trd, 4319139.393, 70
Trd, 4319140.193, 61
Trd, 4319140.793, 80
Trd, 4319141.693, 60
Trd, 4319141.943, 62
Trd, 4319145.193, 61
Trd, 4319146.293, 60
Trd, 4319146.593, 63
Trd, 4319146.893, 60
Trd, 4319147.593, 65
Trd, 4319147.993, 66
Trd, 4319148.643, 140
Trd, 4319148.793, 140
Trd, 4319148.993, 94
Trd, 4319149.543, 140
Trd, 4319149.793, 139
Trd, 4319150.843, 140
Trd, 4319151.293, 120
Trd, 4319151.993, 88
Trd, 4319152.193, 88
Trd, 4319152.793, 87
Trd, 4319154.643, 140
Trd, 4319155.043, 139
Trd, 4319156.393, 140
Trd, 4319156.993, 140
Trd, 4319157.093, 139
Trd, 4319157.593, 140
Trd, 4319157.693, 140
Trd, 4319159.143, 140
Trd, 4319160.193, 140
Trd, 4319160.343, 140
Trd, 4319160.643, 140
Trd, 4319161.293, 139
Trd, 4319161.343, 104
Trd, 4319162.393, 140
Trd, 4319163.193, 129
Trd, 4319164.793, 134
Trd, 4319165.243, 137
Trd, 4319165.493, 138
Trd, 4319166.143, 135
Trd, 4319166.393, 139
Trd, 4319167.943, 140
Trd, 4319168.693, 140
Trd, 4319169.393, 140
Trd, 4319169.693, 140
Trd, 4319169.793, 140
Trd, 4319170.593, 109
Trd, 4319170.793, 83
Trd, 4319171.643, 139
Trd, 4319171.743, 136
Trd, 4319173.893, 140
Trd, 4319174.293, 140
Trd, 4319174.693, 140
Trd, 4319174.993, 140
Trd, 4319175.393, 139
Trd, 4319176.143, 64
Trd, 4319177.543, 63
Trd, 4319178.543, 60
Trd, 4319179.143, 61
Trd, 4319179.343, 60
Trd, 4319179.743, 62
Trd, 4319180.343, 60
Trd, 4319180.693, 63
Trd, 4319181.443, 60
Trd, 4319181.493, 60
Trd, 4319182.843, 60
Trd, 4319183.393, 60
Trd, 4319183.543, 63
Trd, 4319184.043, 127
Trd, 4319184.593, 140
Trd, 4319184.993, 140
Trd, 4319185.393, 140
Trd, 4319186.093, 140
Trd, 4319188.043, 140
Trd, 4319188.893, 140
Trd, 4319188.993, 140
Trd, 4319189.093, 140
Trd, 4319189.493, 140
Trd, 4319190.143, 140
Trd, 4319191.693, 137
Trd, 4319191.893, 136
Trd, 4319193.143, 94
Trd, 4319193.493, 93
Trd, 4319195.193, 62
Trd, 4319195.243, 64
Trd, 4319196.193, 62
Trd, 4319196.693, 135
Trd, 4319196.743, 131
Trd, 4319197.493, 140
Trd, 4319198.093, 140
Trd, 4319199.493, 140
Trd, 4319199.693, 140
Trd, 4319200.143, 140
Trd, 4319200.893, 140
Trd, 4319201.643, 140
Trd, 4319202.643, 140
Trd, 4319202.893, 139
Trd, 4319203.343, 90
Trd, 4319204.343, 140
Trd, 4319204.793, 140
Trd, 4319206.043, 140
Trd, 4319206.343, 140
Trd, 4319206.943, 140
Trd, 4319207.793, 140
Trd, 4319207.993, 139
Trd, 4319208.393, 138
Trd, 4319209.243, 139
Trd, 4319210.543, 137
Trd, 4319210.643, 81
Trd, 4319211.243, 64
Trd, 4319212.143, 65
Trd, 4319212.243, 75
Trd, 4319213.093, 60
Trd, 4319214.743, 60
Trd, 4319215.593, 60
Trd, 4319215.643, 64
Trd, 4319217.593, 60
Trd, 4319219.493, 61
Trd, 4319219.643, 62
Trd, 4319220.193, 61
Trd, 4319222.293, 60
Trd, 4319222.393, 62
Trd, 4319222.593, 62
Trd, 4319223.293, 68
Trd, 4319223.693, 65
Trd, 4319223.893, 64
Trd, 4319223.993, 66
Trd, 4319225.243, 65
Trd, 4319225.743, 61
Trd, 4319226.043, 62
Trd, 4319226.393, 62
Trd, 4319228.893, 65
Trd, 4319229.043, 65
Trd, 4319229.193, 61
Trd, 4319229.643, 60
Trd, 4319230.843, 60
Trd, 4319230.943, 63
Trd, 4319231.293, 66
Trd, 4319232.343, 61
Trd, 4319233.743, 60
Trd, 4319234.893, 60
Trd, 4319235.643, 61
Trd, 4319236.043, 60
Trd, 4319237.443, 60
Trd, 4319240.143, 60
Trd, 4319240.943, 61
Trd, 4319241.593, 63
Trd, 4319241.793, 63
Trd, 4319241.893, 69
Trd, 4319242.193, 63
Trd, 4319242.343, 65
Trd, 4319242.493, 70
Trd, 4319246.343, 60
Trd, 4319246.893, 60
Trd, 4319248.293, 60
Trd, 4319248.843, 60
Trd, 4319248.993, 60
Trd, 4319249.693, 60
Trd, 4319249.993, 60
Trd, 4319250.593, 61
Trd, 4319250.793, 61
Trd, 4319251.893, 61
Trd, 4319252.443, 60
Trd, 4319253.143, 62
Trd, 4319253.543, 61
Trd, 4319254.143, 66
Trd, 4319254.593, 62
Trd, 4319255.393, 61
Trd, 4319256.743, 61
Trd, 4319257.643, 60
Trd, 4319259.343, 60
Trd, 4319259.843, 60
Trd, 4319260.243, 60
Trd, 4319260.393, 60
Trd, 4319260.543, 61
Trd, 4319260.593, 61
Trd, 4319260.693, 62
Trd, 4319261.443, 62
Trd, 4319261.993, 63
Trd, 4319262.143, 61
Trd, 4319263.943, 60
Trd, 4319264.393, 60
Trd, 4319266.393, 60
Trd, 4319266.843, 60
Trd, 4319268.043, 62
Trd, 4319269.043, 61
Trd, 4319269.143, 62
Trd, 4319269.993, 61
Trd, 4319270.193, 62
Trd, 4319270.643, 61
Trd, 4319271.793, 60
Trd, 4319272.693, 60
Trd, 4319274.143, 60
Trd, 4319274.643, 60
Trd, 4319275.293, 61
Trd, 4319276.843, 60
Trd, 4319277.593, 61
Trd, 4319277.643, 62
Trd, 4319278.193, 61
Trd, 4319278.293, 60
Trd, 4319278.693, 60
Trd, 4319279.693, 61
Trd, 4319280.193, 61
Trd, 4319281.143, 61
Trd, 4319281.193, 63
Trd, 4319283.343, 60
Trd, 4319283.593, 60
Trd, 4319284.193, 60
Trd, 4319285.043, 60
Trd, 4319285.243, 61
Trd, 4319286.093, 60
Trd, 4319286.943, 60
Trd, 4319287.193, 61
Trd, 4319287.343, 61
Trd, 4319287.843, 61
Trd, 4319289.443, 67
Trd, 4319289.993, 88
Trd, 4319290.343, 86
Trd, 4319291.193, 71
Trd, 4319291.593, 70
Trd, 4319292.693, 140
Trd, 4319292.943, 140
Trd, 4319293.443, 139
Trd, 4319293.643, 140
Trd, 4319294.443, 140
Trd, 4319294.543, 140
Trd, 4319295.343, 140
Trd, 4319297.343, 140
Trd, 4319298.093, 139
Trd, 4319298.843, 60
Trd, 4319299.493, 60
Trd, 4319300.593, 60
Trd, 4319301.093, 60
Trd, 4319301.543, 63
Trd, 4319302.393, 61
Trd, 4319302.693, 60
Trd, 4319303.343, 61
Trd, 4319304.293, 66
Trd, 4319305.443, 65
Trd, 4319305.993, 62
Trd, 4319306.193, 64
Trd, 4319306.743, 65
Trd, 4319306.943, 107
Trd, 4319307.243, 73
Trd, 4319307.443, 65
Trd, 4319308.343, 64
Trd, 4319308.393, 62
Trd, 4319309.693, 140
Trd, 4319310.343, 140
Trd, 4319311.743, 140
Trd, 4319311.993, 140
Trd, 4319312.043, 138
Trd, 4319314.093, 140
Trd, 4319314.243, 140
Trd, 4319314.493, 139
Trd, 4319316.693, 140
Trd, 4319316.793, 140
Trd, 4319317.293, 140
Trd, 4319317.343, 140
Trd, 4319317.643, 140
Trd, 4319318.093, 89
Trd, 4319319.993, 140
Trd, 4319320.243, 140
Trd, 4319320.793, 140
Trd, 4319321.643, 140
Trd, 4319323.143, 140
Trd, 4319323.443, 140
Trd, 4319323.843, 140
Trd, 4319324.193, 140
Trd, 4319326.093, 140
Trd, 4319327.393, 140
Trd, 4319327.693, 140
Trd, 4319327.793, 140
Trd, 4319328.043, 140
Trd, 4319328.743, 75
Trd, 4319329.593, 68
Trd, 4319330.693, 68
Trd, 4319332.293, 140
Trd, 4319332.893, 140
Trd, 4319333.543, 140
Trd, 4319333.693, 140
Trd, 4319333.793, 140
Trd, 4319335.543, 140
Trd, 4319336.243, 140
Trd, 4319336.493, 140
Trd, 4319337.243, 140
Trd, 4319337.643, 140
Trd, 4319337.793, 140
Trd, 4319338.243, 140
Trd, 4319338.643, 139
Trd, 4319338.993, 140
Trd, 4319339.443, 140
Trd, 4319340.793, 140
Trd, 4319341.093, 140
Trd, 4319342.493, 140
Trd, 4319342.893, 140
Trd, 4319343.493, 140
Trd, 4319343.693, 140
Trd, 4319344.143, 94
Trd, 4319346.293, 60
Trd, 4319347.043, 62
Trd, 4319347.893, 60
Trd, 4319348.193, 61
Trd, 4319348.343, 60
Trd, 4319348.943, 62
Trd, 4319349.043, 62
Trd, 4319349.293, 69
Trd, 4319349.343, 113
Trd, 4319349.693, 60
Trd, 4319350.343, 62
Trd, 4319350.543, 62
Trd, 4319351.843, 102
Trd, 4319351.993, 102
Trd, 4319353.243, 102
Trd, 4319354.043, 115
Trd, 4319354.243, 118
Trd, 4319355.143, 115
Trd, 4319355.193, 114
Trd, 4319355.943, 140
Trd, 4319356.143, 62
Trd, 4319357.543, 61
Trd, 4319358.843, 60
Trd, 4319359.543, 60
Trd, 4319360.193, 62
Trd, 4319360.743, 62
Trd, 4319360.943, 61
Trd, 4319361.043, 62
Trd, 4319361.843, 61
Trd, 4319361.993, 60
Trd, 4319363.993, 61
Trd, 4319364.843, 61
Trd, 4319366.243, 61
Trd, 4319366.993, 60
Trd, 4319367.293, 61
Trd, 4319368.743, 60
Trd, 4319369.393, 60
Trd, 4319370.993, 60
Trd, 4319371.293, 60
Trd, 4319372.593, 60
Trd, 4319372.993, 60
Trd, 4319373.693, 62
Trd, 4319373.843, 62
Trd, 4319373.993, 61
Trd, 4319374.493, 60
Trd, 4319374.543, 62
Trd, 4319375.643, 61
Trd, 4319376.493, 60
Trd, 4319377.243, 64
Trd, 4319377.793, 63
Trd, 4319378.293, 62
Trd, 4319378.593, 64
Trd, 4319378.843, 61
Trd, 4319379.343, 60
Trd, 4319379.443, 120
Trd, 4319381.793, 60
Trd, 4319382.243, 61
Trd, 4319383.393, 60
Trd, 4319383.693, 60
Trd, 4319383.993, 60
Trd, 4319385.043, 68
Trd, 4319385.293, 64
Trd, 4319385.843, 60
Trd, 4319386.543, 60
Trd, 4319386.793, 61
Trd, 4319388.443, 65
Trd, 4319389.043, 60
Trd, 4319391.393, 60
Trd, 4319391.943, 60
Trd, 4319392.143, 60
Trd, 4319392.493, 62
Trd, 4319392.693, 60
Trd, 4319392.943, 63
Trd, 4319392.993, 70
Trd, 4319393.743, 61
Trd, 4319394.693, 66
Trd, 4319395.593, 60
Trd, 4319395.893, 61
Trd, 4319396.493, 64
Trd, 4319397.343, 62
Trd, 4319398.143, 64
Trd, 4319399.043, 61
Trd, 4319399.693, 60
Trd, 4319399.793, 64
Trd, 4319402.343, 60
Trd, 4319402.793, 60
Trd, 4319402.943, 66
Trd, 4319403.893, 64
Trd, 4319405.393, 61
Trd, 4319407.143, 62
Trd, 4319408.393, 61
Trd, 4319408.793, 63
Trd, 4319408.893, 69
Trd, 4319409.093, 60
Trd, 4319411.343, 60
Trd, 4319412.243, 60
Trd, 4319413.443, 60
Trd, 4319413.993, 60
Trd, 4319414.143, 61
Trd, 4319414.193, 61
Trd, 4319414.243, 61
Trd, 4319414.743, 62
Trd, 4319415.293, 62
Trd, 4319415.443, 63
Trd, 4319415.793, 122
Trd, 4319417.143, 61
Trd, 4319418.543, 61
Trd, 4319418.743, 61
Trd, 4319419.543, 62
Trd, 4319419.843, 64
Trd, 4319419.943, 65
Trd, 4319420.543, 63
Trd, 4319421.443, 140
Trd, 4319421.493, 140
Trd, 4319422.093, 65
Trd, 4319423.743, 61
Trd, 4319424.093, 63
Trd, 4319425.143, 60
Trd, 4319426.843, 60
Trd, 4319427.243, 61
Trd, 4319427.293, 61
Trd, 4319428.193, 66
Trd, 4319428.543, 115
Trd, 4319428.893, 68
Trd, 4319429.643, 69
Trd, 4319430.693, 61
Trd, 4319430.993, 61
Trd, 4319433.143, 60
Trd, 4319435.693, 60
Trd, 4319436.293, 60
Trd, 4319436.743, 60
Trd, 4319437.093, 61
Trd, 4319437.543, 63
Trd, 4319437.743, 63
Trd, 4319437.893, 97
Trd, 4319437.993, 62
Trd, 4319438.243, 67
Trd, 4319439.593, 60
Trd, 4319440.693, 63
Trd, 4319440.843, 115
Trd, 4319441.943, 140
Trd, 4319443.343, 140
Trd, 4319443.743, 140
Trd, 4319444.143, 140
Trd, 4319444.443, 140
Trd, 4319444.743, 140
Trd, 4319444.993, 140
Trd, 4319446.543, 140
Trd, 4319446.993, 140
Trd, 4319447.443, 140
Trd, 4319447.543, 140
Trd, 4319448.343, 140
Trd, 4319448.793, 140
Trd, 4319449.743, 140
Trd, 4319449.793, 140
Trd, 4319451.143, 140
Trd, 4319452.543, 140
Trd, 4319452.643, 140
Trd, 4319452.743, 140
Trd, 4319452.793, 91
Trd, 4319453.593, 90
Trd, 4319454.943, 140
Trd, 4319455.243, 100
Trd, 4319456.143, 140
Trd, 4319456.643, 69
Trd, 4319457.843, 140
Trd, 4319458.093, 140
Trd, 4319458.993, 140
Trd, 4319459.843, 140
Trd, 4319460.243, 140
Trd, 4319461.043, 140
Trd, 4319461.193, 94
Trd, 4319461.593, 60
Trd, 4319463.243, 60
Trd, 4319463.493, 60
Trd, 4319465.093, 60
Trd, 4319467.743, 61
Trd, 4319468.393, 61
Trd, 4319468.843, 60
Trd, 4319470.443, 60
Trd, 4319470.543, 61
Trd, 4319470.643, 67
Trd, 4319473.093, 60
Trd, 4319474.243, 60
Trd, 4319474.593, 61
Trd, 4319474.743, 63
Trd, 4319474.893, 66
Trd, 4319475.043, 61
Trd, 4319475.343, 63
Trd, 4319475.593, 65
Trd, 4319475.893, 63
Trd, 4319476.593, 62
Trd, 4319476.693, 63
Trd, 4319478.843, 60
Trd, 4319479.393, 61
Trd, 4319480.593, 60
Trd, 4319480.943, 60
Trd, 4319482.693, 61
Trd, 4319482.843, 62
Trd, 4319483.443, 62
Trd, 4319483.843, 64
Trd, 4319484.093, 61
Trd, 4319484.843, 60
Trd, 4319485.443, 61
Trd, 4319485.693, 60
Trd, 4319485.743, 61
Trd, 4319486.643, 60
Trd, 4319488.343, 61
Trd, 4319489.543, 60
Trd, 4319490.593, 61
Trd, 4319490.843, 62
Trd, 4319490.893, 68
Trd, 4319491.743, 63
Trd, 4319492.393, 64
Trd, 4319493.793, 60
Trd, 4319494.993, 60
Trd, 4319495.643, 60
Trd, 4319495.993, 60
Trd, 4319496.093, 66
Trd, 4319498.093, 60
Trd, 4319499.243, 60
Trd, 4319500.043, 61
Trd, 4319500.593, 60
Trd, 4319502.293, 60
Trd, 4319502.843, 66
Trd, 4319503.093, 66
Trd, 4319503.293, 66
Trd, 4319503.593, 64
Trd, 4319503.893, 64
Trd, 4319504.593, 61
Trd, 4319506.843, 60
Trd, 4319507.593, 60
Trd, 4319508.143, 60
Trd, 4319509.393, 62
Trd, 4319509.493, 62
Trd, 4319509.743, 62
Trd, 4319509.843, 63
Trd, 4319510.443, 65
Trd, 4319511.343, 63
Trd, 4319511.543, 63
Trd, 4319512.143, 67
Trd, 4319514.293, 60
Trd, 4319514.793, 60
Trd, 4319515.443, 60
Trd, 4319516.543, 60
Trd, 4319518.943, 60
Trd, 4319520.343, 60
Trd, 4319520.993, 60
Trd, 4319521.043, 61
Trd, 4319521.093, 61
Trd, 4319521.593, 62
Trd, 4319521.843, 63
Trd, 4319521.943, 60
Trd, 4319522.243, 60
Trd, 4319523.443, 60
Trd, 4319523.793, 60
Trd, 4319525.293, 60
Trd, 4319525.743, 61
Trd, 4319526.343, 63
Trd, 4319526.593, 60
Trd, 4319526.843, 64
Trd, 4319527.393, 63
Trd, 4319530.693, 60
Trd, 4319531.993, 60
Trd, 4319532.443, 60
Trd, 4319532.493, 61
Trd, 4319534.393, 60
Trd, 4319534.693, 60
Trd, 4319535.493, 60
Trd, 4319535.793, 60
Trd, 4319535.893, 60
Trd, 4319535.993, 61
Trd, 4319536.943, 64
Trd, 4319537.443, 63
Trd, 4319537.893, 64
Trd, 4319538.993, 139
Trd, 4319539.593, 68
Trd, 4319539.793, 69
Trd, 4319540.243, 66
Trd, 4319540.593, 67
Trd, 4319540.993, 65
Trd, 4319542.243, 68
Trd, 4319543.643, 63
Trd, 4319543.893, 61
Trd, 4319544.643, 63
Trd, 4319545.043, 61
Trd, 4319545.343, 140
Trd, 4319545.793, 62
Trd, 4319546.993, 61
Trd, 4319547.643, 61
Trd, 4319548.043, 63
Trd, 4319549.343, 64
Trd, 4319549.743, 65
Trd, 4319549.993, 65
Trd, 4319550.043, 64
Trd, 4319550.393, 63
Trd, 4319551.793, 62
Trd, 4319553.093, 60
Trd, 4319553.993, 60
Trd, 4319554.593, 64
Trd, 4319556.793, 60
Trd, 4319557.143, 61
Trd, 4319558.793, 60
Trd, 4319559.043, 62
Trd, 4319559.243, 60
Trd, 4319559.293, 61
Trd, 4319560.043, 60
Trd, 4319560.843, 65
Trd, 4319561.043, 64
Trd, 4319561.093, 62
Trd, 4319561.193, 115
Trd, 4319563.343, 60
Trd, 4319563.593, 66
Trd, 4319564.393, 66
Trd, 4319566.693, 60
Trd, 4319567.393, 60
Trd, 4319567.843, 60
Trd, 4319568.593, 60
Trd, 4319569.193, 61
Trd, 4319569.543, 64
Trd, 4319569.693, 63
Trd, 4319570.193, 64
Trd, 4319570.793, 61
Trd, 4319571.543, 61
Trd, 4319571.993, 61
Trd, 4319572.093, 62
Trd, 4319573.743, 60
Trd, 4319577.343, 60
Trd, 4319577.593, 60
Trd, 4319578.543, 62
Trd, 4319578.693, 64
Trd, 4319579.143, 63
Trd, 4319579.743, 62
Trd, 4319580.093, 61
Trd, 4319580.443, 63
Trd, 4319580.893, 61
Trd, 4319582.443, 60
Trd, 4319582.693, 62
Trd, 4319582.743, 62
Trd, 4319583.243, 66
Trd, 4319583.693, 64
Trd, 4319584.443, 62
Trd, 4319584.643, 67
Trd, 4319585.393, 61
Trd, 4319586.093, 60
Trd, 4319587.443, 62
Trd, 4319587.693, 61
Trd, 4319588.143, 62
Trd, 4319588.693, 60
Trd, 4319588.943, 60
Trd, 4319589.393, 106
Trd, 4319591.743, 60
Trd, 4319593.093, 61
Trd, 4319593.293, 60
Trd, 4319594.243, 61
Trd, 4319594.793, 62
Trd, 4319594.893, 61
Trd, 4319595.093, 61
Trd, 4319595.243, 64
Trd, 4319595.743, 64
Trd, 4319595.793, 63
Trd, 4319596.093, 112
Trd, 4319596.993, 140
Trd, 4319599.593, 65
Trd, 4319599.943, 62
Trd, 4319600.993, 60
Trd, 4319601.593, 60
Trd, 4319601.793, 61
Trd, 4319604.593, 60
Trd, 4319606.043, 60
Trd, 4319606.293, 61
Trd, 4319608.193, 62
Trd, 4319608.343, 62
Trd, 4319608.493, 63
Trd, 4319608.693, 63
Trd, 4319609.293, 65
Trd, 4319609.743, 66
Trd, 4319610.093, 67
Trd, 4319610.793, 69
Trd, 4319611.043, 68
Trd, 4319613.193, 60
Trd, 4319614.593, 60
Trd, 4319614.993, 61
Trd, 4319615.543, 61
Trd, 4319615.893, 63
Trd, 4319616.043, 61
Trd, 4319616.543, 61
Trd, 4319617.143, 62
Trd, 4319617.293, 63
Trd, 4319617.643, 63
Trd, 4319621.093, 60
Trd, 4319621.193, 64
Trd, 4319621.343, 68
Trd, 4319622.243, 60
Trd, 4319622.593, 60
Trd, 4319622.793, 60
Trd, 4319623.343, 60
Trd, 4319623.593, 62
Trd, 4319624.293, 62
Trd, 4319626.093, 61
Trd, 4319627.243, 62
Trd, 4319629.143, 60
Trd, 4319630.493, 60
Trd, 4319631.443, 64
Trd, 4319632.193, 62
Trd, 4319632.793, 62
Trd, 4319632.893, 62
Trd, 4319634.893, 61
Trd, 4319635.143, 60
Trd, 4319636.393, 61
Trd, 4319636.743, 62
Trd, 4319637.243, 63
Trd, 4319637.643, 63
Trd, 4319637.993, 62
Trd, 4319639.043, 69
Trd, 4319640.093, 60
Trd, 4319640.193, 61
Trd, 4319640.793, 63
Trd, 4319641.543, 140
Trd, 4319642.143, 108
Trd, 4319642.743, 137
Trd, 4319643.143, 91
Trd, 4319644.593, 140
Trd, 4319644.893, 140
Trd, 4319645.643, 140
Trd, 4319646.493, 140
Trd, 4319647.093, 140
Trd, 4319647.743, 137
Trd, 4319647.793, 136
Trd, 4319648.893, 140
Trd, 4319649.293, 139
Trd, 4319649.343, 118
Trd, 4319649.743, 90
Trd, 4319652.093, 140
Trd, 4319652.393, 140
Trd, 4319653.193, 140
Trd, 4319654.293, 140
Trd, 4319655.243, 140
Trd, 4319655.443, 140
Trd, 4319656.093, 140
Trd, 4319656.493, 136
Trd, 4319657.293, 101
Trd, 4319657.443, 100
Trd, 4319658.093, 74
Trd, 4319658.893, 140
Trd, 4319659.293, 137
Trd, 4319660.293, 140
Trd, 4319660.593, 139
Trd, 4319660.943, 138
Trd, 4319661.443, 94
Trd, 4319662.443, 122
Trd, 4319663.693, 69
Trd, 4319664.743, 60
Trd, 4319666.193, 61
Trd, 4319666.793, 63
Trd, 4319666.843, 63
Trd, 4319668.793, 61
Trd, 4319668.843, 61
Trd, 4319668.943, 61
Trd, 4319670.193, 60
Trd, 4319670.343, 62
Trd, 4319670.493, 63
Trd, 4319671.093, 60
Trd, 4319671.843, 60
Trd, 4319672.293, 60
Trd, 4319674.093, 60
Trd, 4319674.193, 61
Trd, 4319675.093, 62
Trd, 4319678.193, 60
Trd, 4319678.543, 60
Trd, 4319678.843, 61
Trd, 4319679.443, 60
Trd, 4319679.543, 60
Trd, 4319679.643, 63
Trd, 4319679.743, 60
Trd, 4319679.993, 68
Trd, 4319681.393, 68
Trd, 4319682.093, 68
Trd, 4319683.343, 60
Trd, 4319683.443, 62
Trd, 4319684.143, 61
Trd, 4319684.243, 63
Trd, 4319684.343, 66
Trd, 4319684.993, 64
Trd, 4319685.193, 70
Trd, 4319685.343, 62
Trd, 4319687.293, 115
Trd, 4319687.393, 139
Trd, 4319687.793, 113
Trd, 4319688.643, 138
Trd, 4319689.343, 101
Trd, 4319690.143, 140
Trd, 4319690.343, 104
Trd, 4319691.443, 139
Trd, 4319691.893, 114
Trd, 4319692.393, 75
Trd, 4319694.843, 61
Trd, 4319695.693, 60
Trd, 4319696.043, 61
Trd, 4319696.143, 65
Trd, 4319698.393, 60
Trd, 4319698.693, 60
Trd, 4319698.943, 61
Trd, 4319699.143, 62
Trd, 4319699.343, 64
Trd, 4319700.193, 70
Trd, 4319701.093, 60
Trd, 4319702.043, 64
Trd, 4319702.393, 61
Trd, 4319704.593, 60
Trd, 4319705.293, 63
Trd, 4319705.593, 61
Trd, 4319706.393, 60
Trd, 4319706.943, 60
Trd, 4319707.143, 62
Trd, 4319708.393, 60
Trd, 4319709.643, 60
Trd, 4319710.293, 60
Trd, 4319711.643, 60
Trd, 4319712.043, 62
Trd, 4319712.243, 61
Trd, 4319712.893, 62
Trd, 4319713.493, 60
Trd, 4319713.793, 69
Trd, 4319714.193, 72
Trd, 4319714.343, 62
Trd, 4319715.293, 64
Trd, 4319716.793, 140
Trd, 4319717.443, 140
Trd, 4319717.593, 81
Trd, 4319717.693, 80
Trd, 4319717.893, 64
Trd, 4319719.043, 64
Trd, 4319719.893, 71
Trd, 4319719.943, 68
Trd, 4319720.343, 137
Trd, 4319720.543, 71
Trd, 4319721.793, 114
Trd, 4319722.943, 140
Trd, 4319723.543, 140
Trd, 4319723.793, 137
Trd, 4319723.893, 130
Trd, 4319725.993, 140
Trd, 4319726.093, 140
Trd, 4319726.443, 140
Trd, 4319726.643, 140
Trd, 4319726.993, 94
Trd, 4319727.793, 134
Trd, 4319729.393, 118
Trd, 4319730.543, 138
Trd, 4319730.943, 140
Trd, 4319731.043, 114
Trd, 4319732.643, 140
Trd, 4319732.893, 140
Trd, 4319732.943, 140
Trd, 4319733.343, 140
Trd, 4319734.643, 140
Trd, 4319734.893, 138
Trd, 4319734.943, 106
Trd, 4319735.593, 138
Trd, 4319736.043, 138
Trd, 4319737.843, 140
Trd, 4319739.043, 140
Trd, 4319740.093, 140
Trd, 4319740.443, 140
Trd, 4319740.893, 140
Trd, 4319741.143, 140
Trd, 4319741.743, 140
Trd, 4319742.543, 140
Trd, 4319742.593, 140
Trd, 4319745.193, 140
Trd, 4319745.293, 140
Trd, 4319745.543, 140
Trd, 4319746.793, 140
Trd, 4319746.993, 139
Trd, 4319747.193, 136
Trd, 4319747.393, 92
Trd, 4319747.443, 70
Trd, 4319748.993, 140
Trd, 4319750.093, 140
Trd, 4319751.193, 140
Trd, 4319751.593, 140
Trd, 4319752.943, 140
Trd, 4319753.343, 140
Trd, 4319753.393, 139
Trd, 4319753.493, 137
Trd, 4319753.543, 134
Trd, 4319755.843, 140
Trd, 4319756.093, 140
Trd, 4319756.843, 140
Trd, 4319757.643, 140
Trd, 4319758.843, 140
Trd, 4319759.743, 140
Trd, 4319760.243, 140
Trd, 4319761.293, 140
Trd, 4319761.743, 140
Trd, 4319761.793, 140
Trd, 4319762.993, 140
Trd, 4319763.393, 140
Trd, 4319763.443, 140
Trd, 4319764.843, 140
Trd, 4319765.793, 140
Trd, 4319766.743, 140
Trd, 4319766.993, 140
Trd, 4319767.443, 140
Trd, 4319767.843, 140
Trd, 4319768.643, 140
Trd, 4319769.343, 140
Trd, 4319769.693, 140
Trd, 4319769.993, 140
Trd, 4319770.193, 140
Trd, 4319771.693, 64
Trd, 4319772.643, 63
Trd, 4319773.843, 68
Trd, 4319773.893, 67
Trd, 4319774.393, 60
Trd, 4319774.743, 63
Trd, 4319775.943, 60
Trd, 4319777.293, 60
Trd, 4319777.443, 69
Trd, 4319777.793, 72
Trd, 4319779.843, 60
Trd, 4319782.793, 60
Trd, 4319782.943, 60
Trd, 4319783.193, 61
Trd, 4319783.793, 60
Trd, 4319784.293, 60
Trd, 4319785.143, 60
Trd, 4319785.443, 62
Trd, 4319786.343, 62
Trd, 4319786.443, 63
Trd, 4319786.693, 61
Trd, 4319787.293, 62
Trd, 4319787.843, 61
Trd, 4319788.243, 63
Trd, 4319789.943, 60
Trd, 4319790.543, 61
Trd, 4319791.443, 60
Trd, 4319792.343, 60
Trd, 4319792.593, 60
Trd, 4319792.943, 71
Trd, 4319793.543, 63
Trd, 4319793.943, 64
Trd, 4319794.493, 68
Trd, 4319794.793, 69
Trd, 4319794.943, 67
Trd, 4319795.843, 140
Trd, 4319796.443, 69
Trd, 4319797.093, 76
Trd, 4319797.593, 68
Trd, 4319798.593, 109
Trd, 4319798.843, 108
Trd, 4319799.193, 136
Trd, 4319800.293, 140
Trd, 4319801.743, 140
Trd, 4319801.793, 140
Trd, 4319801.893, 140
Trd, 4319803.193, 63
Trd, 4319805.093, 62
Trd, 4319806.293, 61
Trd, 4319806.793, 63
Trd, 4319806.893, 65
Trd, 4319807.393, 60
Trd, 4319809.093, 60
Trd, 4319811.093, 60
Trd, 4319811.343, 60
Trd, 4319811.393, 63
Trd, 4319811.443, 64
Trd, 4319812.393, 61
Trd, 4319812.693, 60
Trd, 4319812.793, 63
Trd, 4319813.543, 64
Trd, 4319814.593, 60
Trd, 4319815.243, 61
Trd, 4319816.193, 60
Trd, 4319817.243, 60
Trd, 4319819.943, 61
Trd, 4319820.443, 60
Trd, 4319820.893, 61
Trd, 4319821.143, 60
Trd, 4319821.493, 62
Trd, 4319821.593, 61
Trd, 4319822.393, 108
Trd, 4319823.393, 139
Trd, 4319823.693, 94
Trd, 4319824.243, 72
Trd, 4319824.943, 69
Trd, 4319826.293, 61
Trd, 4319826.493, 61
Trd, 4319830.193, 60
Trd, 4319831.393, 62
Trd, 4319832.193, 60
Trd, 4319832.543, 60
Trd, 4319832.893, 60
Trd, 4319833.093, 60
Trd, 4319833.843, 62
Trd, 4319833.943, 63
Trd, 4319834.893, 62
Trd, 4319835.743, 62
Trd, 4319836.493, 66
Trd, 4319836.693, 66
Trd, 4319837.043, 121
Trd, 4319837.293, 64
Trd, 4319837.493, 140
Trd, 4319837.843, 62
Trd, 4319839.893, 140
Trd, 4319840.643, 140
Trd, 4319841.393, 140
Trd, 4319841.893, 140
Trd, 4319842.343, 140
Trd, 4319843.093, 140
Trd, 4319843.193, 140
Trd, 4319843.343, 140
Trd, 4319844.393, 140
Trd, 4319846.193, 140
Trd, 4319847.043, 140
Trd, 4319848.943, 140
Trd, 4319849.243, 140
Trd, 4319849.443, 140
Trd, 4319849.643, 139
Trd, 4319850.643, 138
Trd, 4319851.043, 124
Trd, 4319852.193, 140
Trd, 4319852.243, 140
Trd, 4319852.893, 112
Trd, 4319854.443, 140
Trd, 4319854.643, 139
Trd, 4319855.793, 116
Trd, 4319856.693, 131
Trd, 4319857.593, 139
Trd, 4319857.643, 137
Trd, 4319857.743, 136
Trd, 4319857.893, 130
Trd, 4319858.943, 140
Trd, 4319859.043, 70
Trd, 4319860.343, 138
Trd, 4319860.393, 60
Trd, 4319861.993, 140
Trd, 4319862.143, 140
Trd, 4319863.493, 140
Trd, 4319863.743, 140
Trd, 4319864.243, 134
Trd, 4319865.443, 135
Trd, 4319865.543, 135
Trd, 4319865.643, 133
Trd, 4319867.043, 84
Trd, 4319868.743, 140
Trd, 4319869.043, 140
Trd, 4319869.293, 137
Trd, 4319869.393, 139
Trd, 4319870.993, 140
Trd, 4319871.993, 114
Trd, 4319872.343, 113
Trd, 4319872.393, 110
Trd, 4319872.993, 92
Trd, 4319874.693, 140
Trd, 4319875.043, 140
Trd, 4319875.693, 140
Trd, 4319875.893, 140
Trd, 4319876.143, 140
Trd, 4319877.243, 140
Trd, 4319878.243, 140
Trd, 4319878.893, 140
Trd, 4319879.143, 140
Trd, 4319879.443, 69
Trd, 4319880.643, 139
Trd, 4319881.143, 97
Trd, 4319881.843, 66
Trd, 4319882.543, 69
Trd, 4319882.643, 67
Trd, 4319883.143, 67
Trd, 4319884.343, 61
Trd, 4319884.743, 62
Trd, 4319886.193, 60
Trd, 4319890.293, 60
Trd, 4319890.343, 60
Trd, 4319890.393, 60
Trd, 4319891.543, 60
Trd, 4319891.993, 61
Trd, 4319892.443, 61
Trd, 4319894.193, 60
Trd, 4319894.543, 60
Trd, 4319894.843, 61
Trd, 4319895.793, 61
Trd, 4319896.593, 60
Trd, 4319897.543, 61
Trd, 4319897.643, 64
Trd, 4319898.643, 62
Trd, 4319898.743, 65
Trd, 4319901.443, 61
Trd, 4319902.493, 60
Trd, 4319902.843, 60
Trd, 4319903.193, 60
Trd, 4319903.343, 60
Trd, 4319903.443, 64
Trd, 4319903.793, 65
Trd, 4319907.143, 60
Trd, 4319907.493, 60
Trd, 4319907.793, 61
Trd, 4319907.943, 63
Trd, 4319908.143, 60
Trd, 4319908.243, 66
Trd, 4319908.893, 61
Trd, 4319909.793, 69
Trd, 4319909.843, 61
Trd, 4319910.993, 61
Trd, 4319911.743, 60
Trd, 4319912.243, 61
Trd, 4319913.443, 62
Trd, 4319913.543, 123
Trd, 4319914.243, 61
Trd, 4319914.293, 62
Trd, 4319914.493, 61
Trd, 4319914.743, 67
Trd, 4319915.343, 69
Trd, 4319915.943, 61
Trd, 4319916.743, 140
Trd, 4319916.893, 140
Trd, 4319917.693, 140
Trd, 4319918.093, 140
Trd, 4319919.193, 140
Trd, 4319919.943, 62
Trd, 4319921.593, 60
Trd, 4319921.693, 61
Trd, 4319921.793, 62
Trd, 4319922.993, 60
Trd, 4319923.593, 60
Trd, 4319923.893, 60
Trd, 4319923.943, 64
Trd, 4319925.243, 60
Trd, 4319926.393, 61
Trd, 4319926.893, 61
Trd, 4319927.843, 71
Trd, 4319927.993, 68
Trd, 4319928.743, 73
Trd, 4319929.093, 71
Trd, 4319929.843, 140
Trd, 4319930.493, 140
Trd, 4319930.543, 137
Trd, 4319932.043, 62
Trd, 4319932.943, 65
Trd, 4319933.443, 61
Trd, 4319934.093, 60
Trd, 4319934.143, 61
Trd, 4319934.443, 61
Trd, 4319934.843, 63
Trd, 4319935.643, 65
Trd, 4319936.643, 140
Trd, 4319937.093, 138
Trd, 4319937.443, 92
Trd, 4319938.243, 96
Trd, 4319938.693, 95
Trd, 4319940.393, 61
Trd, 4319940.443, 124
Trd, 4319941.093, 114
Trd, 4319941.743, 76
Trd, 4319942.693, 62
Trd, 4319943.393, 121
Trd, 4319943.543, 121
Trd, 4319943.693, 119
Trd, 4319944.893, 140
Trd, 4319945.743, 140
Trd, 4319947.743, 140
Trd, 4319947.993, 140
Trd, 4319948.793, 140
Trd, 4319948.993, 140
Trd, 4319949.743, 140
Trd, 4319950.143, 140
Trd, 4319950.893, 140
Trd, 4319951.393, 139
Trd, 4319951.693, 139
Trd, 4319952.043, 129
Trd, 4319952.943, 69
Trd, 4319954.443, 140
Trd, 4319954.493, 140
Trd, 4319954.643, 140
Trd, 4319956.543, 61
Trd, 4319956.843, 64
Trd, 4319956.943, 65
Trd, 4319958.993, 60
Trd, 4319959.543, 61
Trd, 4319959.893, 61
Trd, 4319959.993, 60
Trd, 4319960.093, 65
Trd, 4319961.893, 65
Trd, 4319961.943, 64
Trd, 4319962.943, 140
Trd, 4319963.293, 140
Trd, 4319963.743, 64
Trd, 4319963.993, 113
Trd, 4319964.743, 61
Trd, 4319965.893, 60
Trd, 4319966.993, 63
Trd, 4319968.793, 60
Trd, 4319969.793, 60
Trd, 4319970.243, 60
Trd, 4319970.993, 63
Trd, 4319971.543, 60
Trd, 4319971.643, 61
Trd, 4319972.643, 63
Trd, 4319972.743, 70
Trd, 4319973.193, 62
Trd, 4319974.493, 138
Trd, 4319976.093, 101
Trd, 4319976.393, 138
Trd, 4319977.043, 96
Trd, 4319977.943, 72
Trd, 4319978.993, 60
Trd, 4319979.993, 60
Trd, 4319981.693, 61
Trd, 4319982.043, 63
Trd, 4319982.643, 62
Trd, 4319983.293, 63
Trd, 4319983.443, 63
Trd, 4319984.193, 66
Trd, 4319984.993, 61
Trd, 4319985.293, 62
Trd, 4319985.843, 61
Trd, 4319986.493, 60
Trd, 4319986.743, 60
Trd, 4319987.443, 62
Trd, 4319987.793, 60
Trd, 4319988.243, 63
Trd, 4319989.193, 60
Trd, 4319990.243, 60
Trd, 4319990.593, 60
Trd, 4319991.943, 62
Trd, 4319993.893, 62
Trd, 4319994.493, 67
Trd, 4319995.143, 60
Trd, 4319996.743, 60
Trd, 4319997.743, 60
Trd, 4319998.193, 63
Trd, 4319998.493, 64
Trd, 4319998.693, 63
Trd, 4319999.193, 65
Trd, 4319999.393, 65
Trd, 4319999.943, 74
