Trd, 4318129.593, 121
Trd, 4318129.743, 120
Trd, 4318130.743, 109
Trd, 4318131.393, 106
Trd, 4318131.493, 106
Trd, 4318132.893, 95
Trd, 4318133.093, 120
Trd, 4318134.643, 123
Trd, 4318134.793, 120
Trd, 4318134.893, 115
Trd, 4318136.043, 132
Trd, 4318136.443, 120
Trd, 4318138.143, 134
Trd, 4318138.243, 123
Trd, 4318138.693, 120
Trd, 4318139.043, 111
Trd, 4318139.343, 137
Trd, 4318139.843, 102
Trd, 4318140.743, 125
Trd, 4318141.443, 93
Trd, 4318141.743, 92
Trd, 4318143.293, 81
Trd, 4318143.443, 84
Trd, 4318144.243, 136
Trd, 4318147.343, 115
Trd, 4318147.643, 111
Trd, 4318147.693, 111
Trd, 4318148.343, 126
Trd, 4318148.543, 105
Trd, 4318149.543, 104
Trd, 4318149.643, 100
Trd, 4318151.243, 90
Trd, 4318151.343, 101
Trd, 4318152.843, 108
Trd, 4318153.293, 77
Trd, 4318153.643, 131
Trd, 4318154.593, 94
Trd, 4318155.193, 94
Trd, 4318155.393, 92
Trd, 4318156.243, 90
Trd, 4318156.793, 88
Trd, 4318158.243, 92
Trd, 4318158.593, 91
Trd, 4318158.743, 80
Trd, 4318159.293, 121
Trd, 4318160.143, 72
Trd, 4318161.193, 136
Trd, 4318162.093, 106
Trd, 4318162.643, 107
Trd, 4318163.343, 91
Trd, 4318164.693, 66
Trd, 4318165.693, 122
Trd, 4318166.743, 89
Trd, 4318168.243, 99
Trd, 4318169.043, 119
Trd, 4318169.443, 103
Trd, 4318171.193, 129
Trd, 4318171.543, 125
Trd, 4318171.793, 113
Trd, 4318172.043, 103
Trd, 4318173.993, 99
Trd, 4318174.293, 96
Trd, 4318175.343, 90
Trd, 4318175.693, 84
Trd, 4318176.543, 89
Trd, 4318177.743, 118
Trd, 4318178.243, 106
Trd, 4318178.443, 98
Trd, 4318178.693, 104
Trd, 4318178.793, 110
Trd, 4318180.243, 79
Trd, 4318180.293, 77
Trd, 4318182.043, 90
Trd, 4318182.593, 107
Trd, 4318183.243, 104
Trd, 4318183.543, 98
Trd, 4318183.643, 93
Trd, 4318184.843, 94
Trd, 4318184.993, 89
Trd, 4318185.093, 88
Trd, 4318186.393, 92
Trd, 4318188.093, 76
Trd, 4318188.943, 121
Trd, 4318189.043, 79
Trd, 4318190.193, 91
Trd, 4318191.493, 89
Trd, 4318191.943, 87
Trd, 4318192.443, 78
Trd, 4318192.843, 78
Trd, 4318193.293, 79
Trd, 4318194.093, 84
Trd, 4318195.593, 97
Trd, 4318195.843, 115
Trd, 4318196.093, 81
Trd, 4318197.393, 97
Trd, 4318198.293, 111
Trd, 4318198.443, 103
Trd, 4318198.593, 91
Trd, 4318198.943, 93
Trd, 4318199.343, 93
Trd, 4318200.793, 117
Trd, 4318201.493, 112
Trd, 4318201.693, 105
Trd, 4318203.493, 117
Trd, 4318203.743, 120
Trd, 4318204.293, 111
Trd, 4318205.043, 106
Trd, 4318205.893, 129
Trd, 4318207.343, 127
Trd, 4318207.593, 121
Trd, 4318207.893, 109
Trd, 4318208.543, 102
Trd, 4318208.593, 95
Trd, 4318209.393, 93
Trd, 4318209.893, 81
Trd, 4318212.293, 112
Trd, 4318213.243, 131
Trd, 4318213.743, 121
Trd, 4318214.093, 111
Trd, 4318214.793, 107
Trd, 4318215.293, 118
Trd, 4318215.543, 101
Trd, 4318215.893, 130
Trd, 4318216.543, 98
Trd, 4318217.643, 135
Trd, 4318217.893, 117
Trd, 4318218.293, 111
Trd, 4318219.093, 100
Trd, 4318220.643, 139
Trd, 4318221.043, 137
Trd, 4318221.993, 97
Trd, 4318223.993, 117
Trd, 4318225.543, 100
Trd, 4318226.043, 109
Trd, 4318226.443, 100
Trd, 4318227.243, 129
Trd, 4318227.493, 82
Trd, 4318227.893, 116
Trd, 4318228.793, 67
Trd, 4318229.043, 75
Trd, 4318229.343, 63
Trd, 4318229.393, 67
Trd, 4318231.093, 63
Trd, 4318231.593, 65
Trd, 4318232.793, 138
Trd, 4318233.043, 90
Trd, 4318233.343, 84
Trd, 4318233.793, 80
Trd, 4318233.843, 87
Trd, 4318235.093, 94
Trd, 4318235.443, 92
Trd, 4318235.643, 103
Trd, 4318236.143, 139
Trd, 4318236.793, 65
Trd, 4318237.593, 101
Trd, 4318239.193, 88
Trd, 4318239.843, 83
Trd, 4318241.743, 130
Trd, 4318242.193, 119
Trd, 4318242.593, 116
Trd, 4318243.293, 112
Trd, 4318244.793, 98
Trd, 4318244.993, 96
Trd, 4318245.693, 106
Trd, 4318245.743, 82
Trd, 4318246.143, 118
Trd, 4318246.793, 79
Trd, 4318247.243, 88
Trd, 4318247.643, 82
Trd, 4318248.643, 83
Trd, 4318249.243, 139
Trd, 4318249.393, 80
Trd, 4318249.993, 60
Trd, 4318251.593, 65
Trd, 4318252.443, 72
Trd, 4318254.193, 106
Trd, 4318254.443, 97
Trd, 4318254.743, 94
Trd, 4318255.643, 114
Trd, 4318256.343, 85
Trd, 4318257.743, 91
Trd, 4318257.893, 81
Trd, 4318258.743, 110
Trd, 4318259.143, 119
Trd, 4318259.243, 104
Trd, 4318260.143, 103
Trd, 4318260.593, 101
Trd, 4318261.193, 114
Trd, 4318261.393, 135
Trd, 4318261.793, 128
Trd, 4318262.243, 124
Trd, 4318263.893, 100
Trd, 4318264.843, 133
Trd, 4318265.693, 126
Trd, 4318266.043, 110
Trd, 4318266.543, 107
Trd, 4318266.743, 97
Trd, 4318267.893, 110
Trd, 4318268.093, 109
Trd, 4318269.043, 96
Trd, 4318269.443, 117
Trd, 4318270.343, 95
Trd, 4318270.743, 89
Trd, 4318271.643, 90
Trd, 4318271.693, 74
Trd, 4318272.943, 105
Trd, 4318273.393, 104
Trd, 4318273.443, 104
Trd, 4318273.943, 114
Trd, 4318274.443, 121
Trd, 4318275.393, 96
Trd, 4318276.043, 88
Trd, 4318276.743, 79
Trd, 4318276.793, 76
Trd, 4318277.443, 105
Trd, 4318278.593, 70
Trd, 4318279.343, 95
Trd, 4318280.043, 60
Trd, 4318280.443, 66
Trd, 4318281.243, 82
Trd, 4318281.343, 108
Trd, 4318283.543, 83
Trd, 4318284.643, 63
Trd, 4318286.143, 93
Trd, 4318287.793, 124
Trd, 4318288.443, 116
Trd, 4318288.493, 109
Trd, 4318288.793, 94
Trd, 4318288.943, 107
Trd, 4318289.593, 114
Trd, 4318289.993, 82
Trd, 4318291.393, 113
Trd, 4318292.943, 118
Trd, 4318293.543, 99
Trd, 4318293.643, 97
Trd, 4318293.943, 120
Trd, 4318294.143, 98
Trd, 4318296.943, 61
Trd, 4318296.993, 67
Trd, 4318297.043, 120
Trd, 4318297.593, 119
Trd, 4318299.193, 76
Trd, 4318300.143, 84
Trd, 4318300.493, 119
Trd, 4318300.543, 125
Trd, 4318301.093, 114
Trd, 4318302.493, 99
Trd, 4318302.743, 99
Trd, 4318303.443, 133
Trd, 4318304.743, 85
Trd, 4318305.193, 83
Trd, 4318305.393, 109
Trd, 4318306.593, 96
Trd, 4318307.843, 119
Trd, 4318308.293, 115
Trd, 4318308.643, 111
Trd, 4318310.093, 133
Trd, 4318310.443, 119
Trd, 4318312.193, 112
Trd, 4318312.443, 105
Trd, 4318312.843, 131
Trd, 4318313.193, 97
Trd, 4318313.643, 85
Trd, 4318314.193, 99
Trd, 4318316.043, 109
Trd, 4318316.293, 87
Trd, 4318316.893, 108
Trd, 4318317.493, 89
Trd, 4318317.893, 85
Trd, 4318317.943, 96
Trd, 4318318.193, 130
Trd, 4318319.093, 125
Trd, 4318319.293, 117
Trd, 4318320.743, 96
Trd, 4318320.993, 112
Trd, 4318321.543, 83
Trd, 4318322.093, 113
Trd, 4318322.693, 74
Trd, 4318322.943, 63
Trd, 4318324.593, 78
Trd, 4318325.243, 76
Trd, 4318325.343, 91
Trd, 4318325.793, 92
Trd, 4318326.143, 99
Trd, 4318326.593, 96
Trd, 4318328.643, 71
Trd, 4318329.893, 97
Trd, 4318329.943, 90
Trd, 4318330.093, 111
Trd, 4318331.893, 113
Trd, 4318332.893, 125
Trd, 4318332.943, 106
Trd, 4318333.393, 132
Trd, 4318333.543, 92
Trd, 4318334.643, 110
Trd, 4318334.893, 140
Trd, 4318336.343, 72
Trd, 4318336.993, 76
Trd, 4318337.093, 99
Trd, 4318337.443, 76
Trd, 4318337.843, 104
Trd, 4318340.043, 65
Trd, 4318341.743, 72
Trd, 4318341.793, 77
Trd, 4318342.043, 80
Trd, 4318342.643, 81
Trd, 4318343.093, 86
Trd, 4318343.143, 70
Trd, 4318344.043, 78
Trd, 4318346.643, 112
Trd, 4318347.143, 116
Trd, 4318347.593, 101
Trd, 4318348.093, 99
Trd, 4318348.143, 90
Trd, 4318348.843, 64
Trd, 4318349.343, 79
Trd, 4318350.543, 75
Trd, 4318350.993, 72
Trd, 4318352.393, 108
Trd, 4318352.693, 109
Trd, 4318353.443, 97
Trd, 4318353.793, 84
Trd, 4318354.093, 82
Trd, 4318354.693, 92
Trd, 4318355.093, 72
Trd, 4318355.743, 132
Trd, 4318356.743, 93
Trd, 4318357.243, 82
Trd, 4318357.343, 92
Trd, 4318357.993, 104
Trd, 4318358.243, 101
Trd, 4318358.793, 91
Trd, 4318360.093, 111
Trd, 4318360.843, 104
Trd, 4318361.843, 118
Trd, 4318362.543, 121
Trd, 4318362.893, 113
Trd, 4318363.393, 103
Trd, 4318363.893, 131
Trd, 4318365.193, 106
Trd, 4318365.293, 103
Trd, 4318365.943, 138
Trd, 4318366.843, 127
Trd, 4318367.643, 102
Trd, 4318368.293, 112
Trd, 4318368.343, 69
Trd, 4318370.043, 89
Trd, 4318370.093, 77
Trd, 4318371.093, 109
Trd, 4318371.393, 97
Trd, 4318371.443, 84
Trd, 4318372.043, 81
Trd, 4318372.193, 71
Trd, 4318372.643, 85
Trd, 4318373.293, 101
Trd, 4318375.943, 99
Trd, 4318376.393, 96
Trd, 4318376.793, 127
Trd, 4318377.093, 119
Trd, 4318377.743, 93
Trd, 4318378.293, 93
Trd, 4318378.493, 79
Trd, 4318378.543, 90
Trd, 4318379.593, 101
Trd, 4318379.743, 75
Trd, 4318380.143, 73
Trd, 4318381.293, 72
Trd, 4318383.193, 68
Trd, 4318383.593, 113
Trd, 4318384.143, 109
Trd, 4318384.493, 122
Trd, 4318384.943, 110
Trd, 4318385.243, 113
Trd, 4318385.343, 132
Trd, 4318387.543, 140
Trd, 4318387.593, 126
Trd, 4318388.193, 104
Trd, 4318388.893, 125
Trd, 4318390.393, 115
Trd, 4318390.443, 99
Trd, 4318391.143, 82
Trd, 4318391.893, 66
Trd, 4318392.343, 103
Trd, 4318393.093, 100
Trd, 4318393.693, 100
Trd, 4318393.943, 97
Trd, 4318393.993, 91
Trd, 4318394.193, 74
Trd, 4318395.543, 63
Trd, 4318395.643, 67
Trd, 4318396.393, 137
Trd, 4318396.693, 120
Trd, 4318397.193, 88
Trd, 4318398.643, 108
Trd, 4318399.743, 105
Trd, 4318399.943, 101
Trd, 4318400.493, 78
Trd, 4318401.093, 84
Trd, 4318401.393, 98
Trd, 4318402.843, 92
Trd, 4318403.243, 72
Trd, 4318403.343, 73
Trd, 4318403.743, 72
Trd, 4318403.993, 93
Trd, 4318404.193, 70
Trd, 4318404.643, 127
Trd, 4318406.293, 104
Trd, 4318406.693, 101
Trd, 4318407.643, 73
Trd, 4318407.693, 87
Trd, 4318408.043, 130
Trd, 4318408.643, 90
Trd, 4318408.893, 93
Trd, 4318410.743, 123
Trd, 4318410.893, 90
Trd, 4318411.043, 85
Trd, 4318411.293, 128
Trd, 4318412.643, 101
Trd, 4318412.843, 85
Trd, 4318414.093, 128
Trd, 4318414.693, 114
Trd, 4318414.793, 94
Trd, 4318415.543, 119
Trd, 4318416.593, 80
Trd, 4318417.143, 75
Trd, 4318418.343, 131
Trd, 4318418.743, 112
Trd, 4318419.443, 111
Trd, 4318419.743, 106
Trd, 4318419.843, 105
Trd, 4318420.593, 106
Trd, 4318421.643, 96
Trd, 4318422.543, 60
Trd, 4318423.093, 60
Trd, 4318424.093, 66
Trd, 4318424.993, 109
Trd, 4318425.843, 88
Trd, 4318427.243, 101
Trd, 4318427.343, 88
Trd, 4318428.493, 128
Trd, 4318428.743, 114
Trd, 4318429.543, 89
Trd, 4318429.643, 103
Trd, 4318430.093, 134
Trd, 4318430.343, 114
Trd, 4318430.493, 102
Trd, 4318430.693, 80
Trd, 4318431.693, 66
Trd, 4318433.643, 122
Trd, 4318433.743, 126
Trd, 4318434.343, 94
Trd, 4318435.293, 101
Trd, 4318435.943, 83
Trd, 4318436.493, 103
Trd, 4318437.543, 90
Trd, 4318438.043, 109
Trd, 4318438.543, 74
Trd, 4318439.993, 68
Trd, 4318440.943, 73
Trd, 4318441.243, 96
Trd, 4318442.343, 77
Trd, 4318442.443, 75
Trd, 4318442.793, 96
Trd, 4318444.143, 81
Trd, 4318444.643, 95
Trd, 4318446.343, 97
Trd, 4318446.593, 130
Trd, 4318446.643, 88
Trd, 4318446.893, 126
Trd, 4318448.293, 120
Trd, 4318448.643, 112
Trd, 4318448.693, 108
Trd, 4318448.943, 98
Trd, 4318449.143, 94
Trd, 4318450.593, 131
Trd, 4318450.893, 102
Trd, 4318451.493, 110
Trd, 4318452.143, 112
Trd, 4318452.443, 102
Trd, 4318453.793, 103
Trd, 4318454.043, 101
Trd, 4318454.243, 84
Trd, 4318454.843, 123
Trd, 4318456.593, 110
Trd, 4318457.593, 65
Trd, 4318458.043, 87
Trd, 4318458.393, 98
Trd, 4318459.493, 80
Trd, 4318459.743, 84
Trd, 4318460.143, 74
Trd, 4318460.843, 100
Trd, 4318462.993, 69
Trd, 4318463.143, 72
Trd, 4318464.793, 76
Trd, 4318465.443, 91
Trd, 4318467.143, 85
Trd, 4318467.193, 83
Trd, 4318467.793, 84
Trd, 4318468.893, 84
Trd, 4318469.493, 109
Trd, 4318470.343, 73
Trd, 4318470.493, 88
Trd, 4318471.093, 80
Trd, 4318472.093, 125
Trd, 4318472.843, 109
Trd, 4318473.043, 106
Trd, 4318473.993, 87
Trd, 4318474.693, 112
Trd, 4318476.393, 89
Trd, 4318476.543, 87
Trd, 4318476.843, 96
Trd, 4318477.693, 128
Trd, 4318478.193, 84
Trd, 4318478.843, 120
Trd, 4318481.243, 99
Trd, 4318482.193, 77
Trd, 4318482.293, 85
Trd, 4318483.393, 83
Trd, 4318483.593, 79
Trd, 4318485.393, 88
Trd, 4318486.343, 80
Trd, 4318487.343, 106
Trd, 4318488.143, 112
Trd, 4318489.143, 122
Trd, 4318489.443, 116
Trd, 4318489.543, 98
Trd, 4318490.143, 92
Trd, 4318490.743, 123
Trd, 4318491.243, 80
Trd, 4318492.243, 99
Trd, 4318492.893, 112
Trd, 4318493.293, 106
Trd, 4318493.693, 113
Trd, 4318494.893, 96
Trd, 4318495.543, 96
Trd, 4318495.743, 93
Trd, 4318496.693, 108
Trd, 4318496.943, 119
Trd, 4318498.593, 132
Trd, 4318498.643, 91
Trd, 4318498.693, 85
Trd, 4318500.143, 85
Trd, 4318501.593, 86
Trd, 4318502.243, 109
Trd, 4318502.593, 80
Trd, 4318503.493, 80
Trd, 4318504.343, 101
Trd, 4318506.143, 124
Trd, 4318506.193, 115
Trd, 4318506.443, 135
Trd, 4318506.543, 113
Trd, 4318506.993, 110
Trd, 4318507.143, 108
Trd, 4318507.743, 108
Trd, 4318507.843, 96
Trd, 4318508.443, 96
Trd, 4318509.993, 126
Trd, 4318510.743, 114
Trd, 4318511.693, 90
Trd, 4318512.493, 95
Trd, 4318513.643, 94
Trd, 4318514.093, 73
Trd, 4318514.493, 71
Trd, 4318514.993, 67
Trd, 4318516.593, 108
Trd, 4318517.343, 136
Trd, 4318518.693, 107
Trd, 4318518.843, 106
Trd, 4318519.343, 84
Trd, 4318519.543, 105
Trd, 4318520.643, 67
Trd, 4318520.993, 92
Trd, 4318522.043, 64
Trd, 4318523.543, 91
Trd, 4318524.743, 71
Trd, 4318525.293, 106
Trd, 4318526.293, 86
Trd, 4318526.593, 108
Trd, 4318526.793, 85
Trd, 4318527.843, 89
Trd, 4318528.443, 101
Trd, 4318529.043, 128
Trd, 4318529.393, 82
Trd, 4318529.643, 135
Trd, 4318531.943, 102
Trd, 4318532.843, 99
Trd, 4318533.043, 91
Trd, 4318533.543, 107
Trd, 4318535.893, 122
Trd, 4318536.193, 111
Trd, 4318536.643, 120
Trd, 4318536.943, 120
Trd, 4318537.043, 114
Trd, 4318537.493, 102
Trd, 4318538.493, 130
Trd, 4318539.143, 119
Trd, 4318539.343, 113
Trd, 4318540.543, 114
Trd, 4318541.043, 108
Trd, 4318541.893, 139
Trd, 4318541.943, 118
Trd, 4318542.643, 99
Trd, 4318544.443, 60
Trd, 4318544.843, 70
Trd, 4318545.743, 64
Trd, 4318545.993, 88
Trd, 4318547.043, 75
Trd, 4318547.543, 98
Trd, 4318548.243, 103
Trd, 4318549.993, 134
Trd, 4318550.593, 117
Trd, 4318550.843, 116
Trd, 4318551.243, 118
Trd, 4318551.493, 114
Trd, 4318552.243, 94
Trd, 4318553.093, 113
Trd, 4318553.943, 131
Trd, 4318554.443, 113
Trd, 4318554.593, 110
Trd, 4318554.643, 98
Trd, 4318555.043, 100
Trd, 4318555.543, 84
Trd, 4318556.443, 60
Trd, 4318557.293, 76
Trd, 4318557.643, 78
Trd, 4318559.343, 83
Trd, 4318559.943, 70
Trd, 4318560.343, 100
Trd, 4318560.893, 86
Trd, 4318561.293, 73
Trd, 4318561.843, 73
Trd, 4318563.593, 78
Trd, 4318563.743, 85
Trd, 4318564.243, 70
Trd, 4318564.793, 68
Trd, 4318565.193, 86
Trd, 4318566.993, 95
Trd, 4318567.943, 108
Trd, 4318567.993, 98
Trd, 4318568.143, 72
Trd, 4318568.343, 120
Trd, 4318568.393, 123
Trd, 4318568.843, 66
Trd, 4318571.493, 73
Trd, 4318572.843, 93
Trd, 4318572.893, 79
Trd, 4318573.193, 64
Trd, 4318573.593, 73
Trd, 4318574.643, 84
Trd, 4318574.993, 109
Trd, 4318576.343, 84
Trd, 4318577.343, 71
Trd, 4318577.593, 102
Trd, 4318578.193, 119
Trd, 4318579.143, 68
Trd, 4318579.893, 98
Trd, 4318580.943, 96
Trd, 4318581.143, 82
Trd, 4318582.843, 73
Trd, 4318583.293, 82
Trd, 4318583.793, 134
Trd, 4318583.943, 89
Trd, 4318585.043, 70
Trd, 4318585.143, 107
Trd, 4318586.393, 120
Trd, 4318586.593, 111
Trd, 4318586.693, 107
Trd, 4318588.593, 73
Trd, 4318588.743, 73
Trd, 4318590.793, 75
Trd, 4318591.493, 74
Trd, 4318591.743, 75
Trd, 4318592.993, 74
Trd, 4318593.243, 76
Trd, 4318594.243, 84
Trd, 4318595.343, 101
Trd, 4318596.043, 112
Trd, 4318596.593, 91
Trd, 4318597.343, 90
Trd, 4318598.043, 92
Trd, 4318598.593, 102
Trd, 4318599.393, 89
Trd, 4318599.843, 79
Trd, 4318599.893, 75
Trd, 4318599.943, 74
Trd, 4318600.343, 63
Trd, 4318602.293, 127
Trd, 4318602.843, 123
Trd, 4318603.293, 65
Trd, 4318603.593, 77
Trd, 4318604.543, 98
Trd, 4318605.643, 79
Trd, 4318605.793, 92
Trd, 4318606.993, 75
Trd, 4318608.043, 71
Trd, 4318608.243, 64
Trd, 4318608.643, 104
Trd, 4318610.993, 85
Trd, 4318611.393, 115
Trd, 4318611.693, 93
Trd, 4318611.893, 84
Trd, 4318611.993, 77
Trd, 4318612.843, 76
Trd, 4318613.093, 81
Trd, 4318615.343, 111
Trd, 4318615.543, 138
Trd, 4318616.393, 125
Trd, 4318617.243, 122
Trd, 4318618.743, 109
Trd, 4318619.243, 118
Trd, 4318619.443, 120
Trd, 4318620.243, 128
Trd, 4318620.343, 95
Trd, 4318621.643, 84
Trd, 4318621.743, 86
Trd, 4318622.593, 115
Trd, 4318622.743, 133
Trd, 4318622.893, 126
Trd, 4318623.493, 63
Trd, 4318624.293, 76
Trd, 4318626.443, 75
Trd, 4318628.593, 77
Trd, 4318630.543, 80
Trd, 4318630.893, 83
Trd, 4318631.143, 69
Trd, 4318631.193, 90
Trd, 4318631.743, 105
Trd, 4318632.593, 94
Trd, 4318634.393, 100
Trd, 4318635.443, 103
Trd, 4318635.543, 100
Trd, 4318635.643, 109
Trd, 4318636.143, 94
Trd, 4318636.293, 95
Trd, 4318636.693, 110
Trd, 4318637.243, 80
Trd, 4318637.793, 115
Trd, 4318639.743, 81
Trd, 4318641.443, 117
Trd, 4318642.043, 109
Trd, 4318642.893, 105
Trd, 4318643.043, 117
Trd, 4318644.343, 96
Trd, 4318644.443, 86
Trd, 4318644.493, 103
Trd, 4318644.893, 72
Trd, 4318645.643, 77
Trd, 4318646.643, 91
Trd, 4318647.343, 70
Trd, 4318647.643, 87
Trd, 4318649.343, 81
Trd, 4318650.093, 70
Trd, 4318650.143, 76
Trd, 4318650.943, 136
Trd, 4318651.243, 129
Trd, 4318651.843, 116
Trd, 4318651.943, 103
Trd, 4318652.143, 76
Trd, 4318653.493, 126
Trd, 4318654.043, 110
Trd, 4318654.093, 107
Trd, 4318655.343, 136
Trd, 4318655.593, 106
Trd, 4318656.993, 61
Trd, 4318657.843, 66
Trd, 4318657.893, 90
Trd, 4318660.843, 93
Trd, 4318661.043, 91
Trd, 4318662.093, 110
Trd, 4318662.293, 102
Trd, 4318663.293, 128
Trd, 4318663.693, 108
Trd, 4318664.443, 113
Trd, 4318664.693, 97
Trd, 4318664.743, 78
Trd, 4318665.343, 76
Trd, 4318666.993, 100
Trd, 4318667.493, 95
Trd, 4318668.793, 93
Trd, 4318668.993, 105
Trd, 4318669.143, 106
Trd, 4318669.243, 95
Trd, 4318669.943, 85
Trd, 4318670.843, 97
Trd, 4318670.993, 129
Trd, 4318672.043, 82
Trd, 4318673.143, 90
Trd, 4318673.443, 73
Trd, 4318673.993, 124
Trd, 4318674.093, 96
Trd, 4318675.093, 111
Trd, 4318675.793, 105
Trd, 4318676.393, 61
Trd, 4318677.643, 62
Trd, 4318678.093, 65
Trd, 4318678.693, 80
Trd, 4318680.493, 119
Trd, 4318680.693, 106
Trd, 4318681.393, 140
Trd, 4318681.693, 123
Trd, 4318682.243, 115
Trd, 4318682.343, 97
Trd, 4318684.343, 73
Trd, 4318685.343, 104
Trd, 4318685.593, 76
Trd, 4318686.493, 93
Trd, 4318686.693, 68
Trd, 4318687.793, 82
Trd, 4318688.143, 85
Trd, 4318689.693, 130
Trd, 4318689.993, 110
Trd, 4318690.243, 101
Trd, 4318690.643, 93
Trd, 4318691.143, 126
Trd, 4318691.393, 71
Trd, 4318692.493, 76
Trd, 4318692.943, 91
Trd, 4318693.593, 90
Trd, 4318694.143, 94
Trd, 4318695.593, 98
Trd, 4318695.943, 102
Trd, 4318696.743, 101
Trd, 4318697.943, 112
Trd, 4318699.793, 108
Trd, 4318700.143, 107
Trd, 4318700.793, 105
Trd, 4318701.193, 81
Trd, 4318701.643, 115
Trd, 4318701.793, 101
Trd, 4318702.843, 78
Trd, 4318704.193, 101
Trd, 4318704.593, 98
Trd, 4318704.843, 118
Trd, 4318707.643, 93
Trd, 4318708.193, 93
Trd, 4318708.593, 96
Trd, 4318709.093, 102
Trd, 4318710.493, 97
Trd, 4318710.743, 94
Trd, 4318710.893, 108
Trd, 4318712.593, 119
Trd, 4318712.943, 110
Trd, 4318713.893, 105
Trd, 4318714.493, 131
Trd, 4318716.093, 117
Trd, 4318716.393, 122
Trd, 4318716.493, 104
Trd, 4318716.943, 127
Trd, 4318717.843, 108
Trd, 4318717.893, 80
Trd, 4318718.793, 122
Trd, 4318718.943, 118
Trd, 4318720.443, 128
Trd, 4318720.993, 115
Trd, 4318721.493, 111
Trd, 4318722.043, 120
Trd, 4318723.443, 136
Trd, 4318723.893, 88
Trd, 4318724.293, 83
Trd, 4318724.693, 90
Trd, 4318726.143, 121
Trd, 4318726.693, 119
Trd, 4318726.943, 107
Trd, 4318727.443, 83
Trd, 4318727.993, 119
Trd, 4318728.493, 131
Trd, 4318728.793, 107
Trd, 4318730.193, 131
Trd, 4318730.393, 127
Trd, 4318731.393, 104
Trd, 4318731.543, 69
Trd, 4318732.693, 79
Trd, 4318733.793, 61
Trd, 4318733.943, 85
Trd, 4318735.093, 63
Trd, 4318735.343, 75
Trd, 4318737.493, 84
Trd, 4318737.843, 82
Trd, 4318738.493, 82
Trd, 4318739.293, 103
Trd, 4318739.543, 65
Trd, 4318740.343, 74
Trd, 4318742.293, 78
Trd, 4318742.893, 75
Trd, 4318743.293, 78
Trd, 4318746.393, 68
Trd, 4318746.643, 93
Trd, 4318746.993, 79
Trd, 4318747.543, 64
Trd, 4318747.893, 63
Trd, 4318747.943, 68
Trd, 4318749.193, 137
Trd, 4318749.293, 80
Trd, 4318750.193, 68
Trd, 4318751.043, 134
Trd, 4318751.443, 131
Trd, 4318753.743, 125
Trd, 4318754.293, 118
Trd, 4318755.443, 118
Trd, 4318755.793, 122
Trd, 4318756.093, 118
Trd, 4318757.043, 104
Trd, 4318757.993, 94
Trd, 4318758.693, 90
Trd, 4318759.093, 97
Trd, 4318759.893, 100
Trd, 4318760.693, 80
Trd, 4318761.293, 110
Trd, 4318761.893, 79
Trd, 4318762.243, 66
Trd, 4318762.493, 74
Trd, 4318763.543, 133
Trd, 4318764.043, 128
Trd, 4318764.343, 116
Trd, 4318766.243, 131
Trd, 4318767.193, 103
Trd, 4318767.893, 114
Trd, 4318767.943, 102
Trd, 4318769.443, 118
Trd, 4318769.893, 123
Trd, 4318770.493, 108
Trd, 4318772.243, 93
Trd, 4318773.593, 92
Trd, 4318773.693, 90
Trd, 4318774.343, 112
Trd, 4318775.093, 111
Trd, 4318775.143, 104
Trd, 4318776.443, 120
Trd, 4318776.643, 138
Trd, 4318777.643, 116
Trd, 4318779.793, 119
Trd, 4318780.643, 107
Trd, 4318780.743, 106
Trd, 4318781.193, 104
Trd, 4318781.393, 111
Trd, 4318782.193, 136
Trd, 4318782.743, 121
Trd, 4318783.093, 102
Trd, 4318783.243, 119
Trd, 4318783.443, 102
Trd, 4318783.993, 101
Trd, 4318785.193, 64
Trd, 4318785.893, 66
Trd, 4318786.543, 92
Trd, 4318787.793, 108
Trd, 4318787.993, 95
Trd, 4318788.543, 70
Trd, 4318790.293, 99
Trd, 4318791.243, 73
Trd, 4318791.793, 72
Trd, 4318792.343, 103
Trd, 4318792.493, 99
Trd, 4318793.243, 90
Trd, 4318793.693, 72
Trd, 4318794.693, 97
Trd, 4318794.793, 95
Trd, 4318797.343, 76
Trd, 4318797.443, 73
Trd, 4318797.593, 77
Trd, 4318799.443, 93
Trd, 4318800.843, 95
Trd, 4318801.293, 89
Trd, 4318801.393, 88
Trd, 4318802.193, 98
Trd, 4318804.193, 85
Trd, 4318804.293, 100
Trd, 4318805.143, 112
Trd, 4318805.593, 112
Trd, 4318805.943, 102
Trd, 4318807.693, 105
Trd, 4318808.043, 90
Trd, 4318808.843, 100
Trd, 4318809.743, 86
Trd, 4318809.843, 85
Trd, 4318810.393, 129
Trd, 4318811.743, 93
Trd, 4318812.143, 89
Trd, 4318812.743, 124
Trd, 4318812.893, 81
Trd, 4318814.393, 135
Trd, 4318815.543, 104
Trd, 4318816.093, 83
Trd, 4318816.493, 105
Trd, 4318817.743, 84
Trd, 4318817.893, 83
Trd, 4318818.043, 92
Trd, 4318818.893, 68
Trd, 4318819.893, 117
Trd, 4318820.343, 99
Trd, 4318820.843, 97
Trd, 4318821.743, 88
Trd, 4318822.643, 82
Trd, 4318822.993, 69
Trd, 4318823.943, 133
Trd, 4318823.993, 129
Trd, 4318824.393, 66
Trd, 4318826.693, 125
Trd, 4318826.793, 121
Trd, 4318826.893, 120
Trd, 4318827.143, 102
Trd, 4318827.893, 139
Trd, 4318829.093, 93
Trd, 4318829.193, 84
Trd, 4318829.643, 99
Trd, 4318829.843, 88
Trd, 4318830.593, 74
Trd, 4318830.743, 74
Trd, 4318831.943, 92
Trd, 4318832.843, 111
Trd, 4318833.993, 96
Trd, 4318834.293, 88
Trd, 4318835.443, 88
Trd, 4318836.943, 88
Trd, 4318837.143, 79
Trd, 4318838.393, 71
Trd, 4318838.443, 80
Trd, 4318838.993, 89
Trd, 4318840.093, 114
Trd, 4318840.343, 101
Trd, 4318841.543, 120
Trd, 4318841.743, 91
Trd, 4318843.243, 101
Trd, 4318844.443, 92
Trd, 4318845.393, 89
Trd, 4318846.343, 101
Trd, 4318846.693, 117
Trd, 4318848.693, 132
Trd, 4318849.243, 113
Trd, 4318850.143, 107
Trd, 4318850.493, 108
Trd, 4318850.643, 106
Trd, 4318851.143, 104
Trd, 4318851.293, 110
Trd, 4318852.493, 89
Trd, 4318852.793, 87
Trd, 4318853.193, 89
Trd, 4318853.393, 84
Trd, 4318853.743, 80
Trd, 4318854.693, 100
Trd, 4318854.993, 71
Trd, 4318855.693, 82
Trd, 4318856.593, 91
Trd, 4318857.793, 122
Trd, 4318858.093, 90
Trd, 4318859.043, 98
Trd, 4318859.993, 121
Trd, 4318860.293, 118
Trd, 4318860.543, 119
Trd, 4318860.893, 106
Trd, 4318862.193, 112
Trd, 4318862.793, 127
Trd, 4318864.743, 116
Trd, 4318865.193, 102
Trd, 4318865.293, 111
Trd, 4318865.893, 101
Trd, 4318866.093, 91
Trd, 4318866.643, 112
Trd, 4318866.793, 79
Trd, 4318867.543, 97
Trd, 4318868.193, 66
Trd, 4318868.593, 90
Trd, 4318870.593, 70
Trd, 4318871.293, 90
Trd, 4318871.943, 63
Trd, 4318873.443, 78
Trd, 4318873.593, 115
Trd, 4318873.793, 85
Trd, 4318874.143, 78
Trd, 4318875.093, 73
Trd, 4318875.493, 78
Trd, 4318877.943, 60
Trd, 4318878.443, 78
Trd, 4318878.743, 80
Trd, 4318879.393, 85
Trd, 4318880.043, 132
Trd, 4318880.393, 128
Trd, 4318880.643, 117
Trd, 4318881.243, 104
Trd, 4318881.743, 95
Trd, 4318882.343, 60
Trd, 4318883.043, 69
Trd, 4318884.093, 82
Trd, 4318885.393, 66
Trd, 4318886.593, 88
Trd, 4318887.443, 63
Trd, 4318887.693, 83
Trd, 4318888.643, 78
Trd, 4318889.343, 94
Trd, 4318889.793, 79
Trd, 4318890.843, 77
Trd, 4318891.393, 70
Trd, 4318891.943, 88
Trd, 4318892.493, 119
Trd, 4318893.043, 93
Trd, 4318893.443, 64
Trd, 4318894.843, 112
Trd, 4318896.893, 114
Trd, 4318897.043, 92
Trd, 4318897.393, 84
Trd, 4318897.593, 94
Trd, 4318898.793, 82
Trd, 4318899.543, 112
Trd, 4318899.743, 94
Trd, 4318901.093, 70
Trd, 4318901.343, 65
Trd, 4318901.943, 118
Trd, 4318903.193, 98
Trd, 4318903.443, 101
Trd, 4318904.193, 86
Trd, 4318905.293, 133
Trd, 4318906.593, 114
Trd, 4318907.343, 110
Trd, 4318908.243, 108
Trd, 4318908.393, 98
Trd, 4318908.943, 117
Trd, 4318909.043, 93
Trd, 4318909.593, 104
Trd, 4318911.043, 90
Trd, 4318911.643, 75
Trd, 4318911.743, 88
Trd, 4318913.493, 82
Trd, 4318914.443, 91
Trd, 4318914.893, 118
Trd, 4318915.743, 102
Trd, 4318916.543, 84
Trd, 4318916.943, 98
Trd, 4318917.793, 119
Trd, 4318918.043, 126
Trd, 4318918.343, 113
Trd, 4318918.393, 74
Trd, 4318918.943, 116
Trd, 4318921.843, 63
Trd, 4318922.593, 111
Trd, 4318923.193, 93
Trd, 4318924.393, 78
Trd, 4318924.743, 76
Trd, 4318925.093, 88
Trd, 4318925.143, 110
Trd, 4318925.543, 83
Trd, 4318925.793, 84
Trd, 4318926.993, 113
Trd, 4318927.943, 92
Trd, 4318928.143, 76
Trd, 4318928.693, 81
Trd, 4318929.093, 84
Trd, 4318929.193, 117
Trd, 4318929.743, 76
Trd, 4318929.793, 74
Trd, 4318931.643, 113
Trd, 4318932.143, 89
Trd, 4318932.343, 75
Trd, 4318933.693, 104
Trd, 4318933.793, 96
Trd, 4318934.643, 101
Trd, 4318934.693, 109
Trd, 4318935.143, 81
Trd, 4318936.993, 133
Trd, 4318937.693, 81
Trd, 4318939.343, 104
Trd, 4318939.393, 103
Trd, 4318939.493, 101
Trd, 4318940.293, 101
Trd, 4318940.493, 126
Trd, 4318942.043, 92
Trd, 4318942.893, 84
Trd, 4318943.193, 72
Trd, 4318945.393, 127
Trd, 4318946.143, 98
Trd, 4318946.343, 89
Trd, 4318947.193, 96
Trd, 4318948.543, 116
Trd, 4318948.843, 111
Trd, 4318949.193, 109
Trd, 4318950.043, 104
Trd, 4318950.493, 96
Trd, 4318951.193, 122
Trd, 4318952.343, 115
Trd, 4318952.543, 105
Trd, 4318953.593, 104
Trd, 4318954.093, 106
Trd, 4318954.243, 106
Trd, 4318955.343, 120
Trd, 4318956.343, 111
Trd, 4318956.543, 108
Trd, 4318957.343, 69
Trd, 4318958.543, 78
Trd, 4318958.943, 83
Trd, 4318960.143, 78
Trd, 4318961.793, 71
Trd, 4318962.093, 93
Trd, 4318963.393, 82
Trd, 4318964.093, 83
Trd, 4318964.443, 78
Trd, 4318965.343, 86
Trd, 4318966.043, 88
Trd, 4318967.043, 107
Trd, 4318967.643, 95
Trd, 4318968.143, 87
Trd, 4318968.943, 105
Trd, 4318969.243, 87
Trd, 4318969.343, 109
Trd, 4318972.143, 100
Trd, 4318972.693, 94
Trd, 4318973.193, 112
Trd, 4318973.343, 117
Trd, 4318973.593, 92
Trd, 4318974.643, 94
Trd, 4318975.293, 115
Trd, 4318975.493, 137
Trd, 4318975.893, 91
Trd, 4318976.943, 122
Trd, 4318977.693, 110
Trd, 4318978.093, 95
Trd, 4318978.843, 82
Trd, 4318979.193, 82
Trd, 4318979.493, 78
Trd, 4318979.893, 126
Trd, 4318981.393, 94
Trd, 4318981.693, 92
Trd, 4318982.443, 73
Trd, 4318983.243, 77
Trd, 4318983.593, 70
Trd, 4318983.693, 69
Trd, 4318985.093, 107
Trd, 4318985.843, 84
Trd, 4318986.893, 83
Trd, 4318988.143, 91
Trd, 4318988.593, 119
Trd, 4318989.643, 81
Trd, 4318989.693, 76
Trd, 4318991.043, 106
Trd, 4318992.743, 90
Trd, 4318993.043, 92
Trd, 4318993.393, 86
Trd, 4318994.343, 89
Trd, 4318994.443, 100
Trd, 4318995.793, 122
Trd, 4318996.193, 104
Trd, 4318996.943, 84
Trd, 4318997.293, 83
Trd, 4318999.743, 100
Trd, 4319000.293, 106
Trd, 4319000.793, 92
Trd, 4319000.893, 96
Trd, 4319001.043, 89
Trd, 4319001.093, 83
Trd, 4319002.293, 109
Trd, 4319002.693, 122
Trd, 4319002.993, 89
Trd, 4319004.993, 124
Trd, 4319005.093, 117
Trd, 4319006.693, 113
Trd, 4319007.543, 100
Trd, 4319008.543, 110
Trd, 4319008.843, 106
Trd, 4319009.143, 103
Trd, 4319009.593, 99
Trd, 4319011.093, 126
Trd, 4319011.143, 114
Trd, 4319011.993, 91
Trd, 4319012.243, 90
Trd, 4319012.943, 88
Trd, 4319013.493, 65
Trd, 4319014.743, 107
Trd, 4319015.643, 104
Trd, 4319016.143, 91
Trd, 4319017.143, 126
Trd, 4319017.343, 97
Trd, 4319017.843, 70
Trd, 4319017.893, 100
Trd, 4319018.143, 139
Trd, 4319020.643, 76
Trd, 4319022.493, 63
Trd, 4319023.093, 131
Trd, 4319023.443, 66
Trd, 4319023.643, 67
Trd, 4319024.493, 75
Trd, 4319024.893, 96
Trd, 4319025.343, 60
Trd, 4319025.543, 73
Trd, 4319025.843, 122
Trd, 4319027.043, 118
Trd, 4319027.793, 96
Trd, 4319029.593, 111
Trd, 4319030.043, 104
Trd, 4319030.343, 131
Trd, 4319031.193, 67
Trd, 4319031.543, 118
Trd, 4319031.743, 69
Trd, 4319033.143, 72
Trd, 4319033.593, 68
Trd, 4319034.843, 123
Trd, 4319035.643, 122
Trd, 4319035.843, 111
Trd, 4319036.143, 134
Trd, 4319036.993, 106
Trd, 4319037.043, 113
Trd, 4319037.643, 86
Trd, 4319037.843, 94
Trd, 4319039.293, 84
Trd, 4319040.193, 129
Trd, 4319040.843, 93
Trd, 4319041.543, 80
Trd, 4319044.143, 111
Trd, 4319044.643, 108
Trd, 4319045.493, 110
Trd, 4319045.693, 139
Trd, 4319045.893, 128
Trd, 4319046.043, 125
Trd, 4319046.093, 115
Trd, 4319047.043, 99
Trd, 4319047.793, 90
Trd, 4319048.643, 88
Trd, 4319048.743, 84
Trd, 4319049.643, 102
Trd, 4319050.493, 99
Trd, 4319050.593, 96
Trd, 4319050.743, 92
Trd, 4319051.343, 71
Trd, 4319051.543, 85
Trd, 4319053.093, 117
Trd, 4319053.343, 92
Trd, 4319054.093, 114
Trd, 4319054.693, 118
Trd, 4319055.693, 76
Trd, 4319055.943, 69
Trd, 4319056.293, 128
Trd, 4319058.693, 62
Trd, 4319060.243, 67
Trd, 4319061.193, 73
Trd, 4319062.393, 69
Trd, 4319062.693, 112
Trd, 4319063.543, 71
Trd, 4319064.543, 103
Trd, 4319064.693, 119
Trd, 4319065.193, 78
Trd, 4319066.543, 112
Trd, 4319066.793, 101
Trd, 4319068.393, 127
Trd, 4319068.443, 114
Trd, 4319069.543, 96
Trd, 4319070.593, 126
Trd, 4319072.043, 97
Trd, 4319072.893, 92
Trd, 4319073.093, 84
Trd, 4319073.993, 88
Trd, 4319074.643, 91
Trd, 4319075.393, 91
Trd, 4319075.543, 63
Trd, 4319076.643, 83
Trd, 4319077.293, 65
Trd, 4319077.343, 107
Trd, 4319077.443, 93
Trd, 4319078.093, 78
Trd, 4319078.593, 127
Trd, 4319079.293, 78
Trd, 4319079.893, 98
Trd, 4319081.743, 70
Trd, 4319083.143, 112
Trd, 4319084.093, 88
Trd, 4319085.793, 140
Trd, 4319086.793, 104
Trd, 4319086.943, 104
Trd, 4319087.143, 102
Trd, 4319087.493, 90
Trd, 4319087.893, 62
Trd, 4319087.943, 66
Trd, 4319088.593, 75
Trd, 4319089.243, 90
Trd, 4319090.043, 62
Trd, 4319091.643, 101
Trd, 4319091.843, 94
Trd, 4319092.193, 94
Trd, 4319092.343, 92
Trd, 4319093.093, 112
Trd, 4319094.093, 61
Trd, 4319094.593, 103
Trd, 4319095.693, 108
Trd, 4319096.343, 98
Trd, 4319096.943, 121
Trd, 4319097.093, 108
Trd, 4319097.643, 105
Trd, 4319097.693, 102
Trd, 4319099.793, 90
Trd, 4319099.943, 83
Trd, 4319100.843, 96
Trd, 4319100.993, 90
Trd, 4319101.293, 126
Trd, 4319102.143, 107
Trd, 4319102.293, 100
Trd, 4319103.443, 83
Trd, 4319103.593, 81
Trd, 4319104.393, 107
Trd, 4319104.593, 66
Trd, 4319107.793, 71
Trd, 4319107.893, 69
Trd, 4319108.493, 78
Trd, 4319109.643, 95
Trd, 4319109.743, 82
Trd, 4319110.743, 128
Trd, 4319111.043, 120
Trd, 4319111.443, 114
Trd, 4319111.993, 83
Trd, 4319112.093, 76
Trd, 4319112.443, 61
Trd, 4319113.443, 94
Trd, 4319114.343, 95
Trd, 4319114.493, 115
Trd, 4319115.143, 121
Trd, 4319115.693, 121
Trd, 4319115.793, 80
Trd, 4319116.893, 76
Trd, 4319117.193, 113
Trd, 4319118.143, 75
Trd, 4319118.293, 77
Trd, 4319118.993, 96
Trd, 4319120.643, 125
Trd, 4319121.093, 80
Trd, 4319122.593, 128
Trd, 4319123.293, 131
Trd, 4319123.643, 115
Trd, 4319123.943, 84
Trd, 4319125.543, 114
Trd, 4319125.993, 104
Trd, 4319126.343, 90
Trd, 4319127.393, 106
Trd, 4319127.543, 83
Trd, 4319128.093, 97
Trd, 4319129.293, 85
Trd, 4319129.343, 82
Trd, 4319130.493, 96
Trd, 4319130.793, 87
Trd, 4319131.543, 93
Trd, 4319132.093, 92
Trd, 4319132.543, 88
Trd, 4319133.643, 99
Trd, 4319134.393, 117
Trd, 4319134.693, 140
Trd, 4319135.143, 105
Trd, 4319136.543, 132
Trd, 4319136.843, 116
Trd, 4319137.293, 96
Trd, 4319138.443, 95
Trd, 4319138.493, 116
Trd, 4319139.243, 83
Trd, 4319139.493, 80
Trd, 4319139.793, 80
Trd, 4319140.493, 138
Trd, 4319140.993, 104
Trd, 4319142.043, 81
Trd, 4319142.243, 90
Trd, 4319143.643, 72
Trd, 4319145.343, 97
Trd, 4319146.843, 100
Trd, 4319147.193, 135
Trd, 4319147.543, 105
Trd, 4319147.793, 97
Trd, 4319148.593, 99
Trd, 4319148.743, 97
Trd, 4319149.443, 94
Trd, 4319150.743, 99
Trd, 4319150.893, 75
Trd, 4319151.893, 62
Trd, 4319153.243, 86
Trd, 4319154.193, 98
Trd, 4319155.093, 75
Trd, 4319155.193, 76
Trd, 4319156.243, 74
Trd, 4319157.093, 68
Trd, 4319157.693, 71
Trd, 4319157.993, 84
Trd, 4319158.693, 94
Trd, 4319158.743, 128
Trd, 4319159.043, 92
Trd, 4319159.093, 91
Trd, 4319159.593, 109
Trd, 4319161.243, 110
Trd, 4319161.993, 114
Trd, 4319162.693, 115
Trd, 4319162.893, 108
Trd, 4319162.993, 79
Trd, 4319164.443, 83
Trd, 4319164.493, 81
Trd, 4319165.493, 105
Trd, 4319166.293, 132
Trd, 4319167.843, 89
Trd, 4319168.343, 106
Trd, 4319169.093, 85
Trd, 4319169.543, 83
Trd, 4319169.843, 87
Trd, 4319170.793, 78
Trd, 4319170.943, 99
Trd, 4319172.243, 88
Trd, 4319172.643, 83
Trd, 4319173.643, 122
Trd, 4319173.693, 109
Trd, 4319173.993, 111
Trd, 4319174.143, 129
Trd, 4319175.643, 66
Trd, 4319176.893, 126
Trd, 4319177.593, 103
Trd, 4319179.043, 131
Trd, 4319179.643, 106
Trd, 4319179.693, 96
Trd, 4319179.793, 107
Trd, 4319180.543, 139
Trd, 4319180.943, 75
Trd, 4319181.043, 61
Trd, 4319182.943, 86
Trd, 4319184.093, 88
Trd, 4319184.543, 77
Trd, 4319184.643, 122
Trd, 4319184.943, 61
Trd, 4319185.293, 92
Trd, 4319185.693, 110
Trd, 4319186.843, 83
Trd, 4319187.043, 102
Trd, 4319188.743, 84
Trd, 4319189.543, 90
Trd, 4319189.743, 86
Trd, 4319190.293, 63
Trd, 4319191.293, 74
Trd, 4319191.443, 114
Trd, 4319191.943, 93
Trd, 4319192.543, 90
Trd, 4319193.393, 116
Trd, 4319193.443, 86
Trd, 4319194.643, 138
Trd, 4319194.943, 127
Trd, 4319195.593, 139
Trd, 4319197.943, 88
Trd, 4319198.243, 91
Trd, 4319198.943, 97
Trd, 4319199.343, 89
Trd, 4319199.993, 82
Trd, 4319200.343, 73
Trd, 4319200.443, 93
Trd, 4319201.543, 119
Trd, 4319202.093, 80
Trd, 4319204.943, 80
Trd, 4319205.493, 97
Trd, 4319205.893, 119
Trd, 4319206.693, 86
Trd, 4319207.093, 64
Trd, 4319207.293, 70
Trd, 4319208.793, 122
Trd, 4319209.743, 94
Trd, 4319210.593, 78
Trd, 4319210.993, 71
Trd, 4319211.593, 82
Trd, 4319212.293, 80
Trd, 4319212.843, 62
Trd, 4319214.243, 72
Trd, 4319214.693, 71
Trd, 4319214.893, 87
Trd, 4319214.993, 76
Trd, 4319216.943, 131
Trd, 4319217.343, 69
Trd, 4319217.643, 75
Trd, 4319218.793, 121
Trd, 4319219.193, 82
Trd, 4319220.093, 89
Trd, 4319220.193, 95
Trd, 4319221.593, 101
Trd, 4319221.843, 89
Trd, 4319222.243, 106
Trd, 4319222.793, 77
Trd, 4319223.893, 105
Trd, 4319224.793, 129
Trd, 4319226.143, 121
Trd, 4319226.193, 105
Trd, 4319226.693, 104
Trd, 4319227.393, 89
Trd, 4319227.443, 88
Trd, 4319228.043, 85
Trd, 4319228.443, 100
Trd, 4319229.443, 77
Trd, 4319229.943, 125
Trd, 4319230.093, 83
Trd, 4319231.443, 84
Trd, 4319231.693, 90
Trd, 4319232.093, 92
Trd, 4319232.743, 91
Trd, 4319233.843, 88
Trd, 4319233.993, 83
Trd, 4319235.093, 112
Trd, 4319236.043, 115
Trd, 4319236.093, 84
Trd, 4319237.193, 135
Trd, 4319238.743, 79
Trd, 4319239.093, 84
Trd, 4319240.443, 101
Trd, 4319240.643, 96
Trd, 4319241.743, 99
Trd, 4319242.893, 93
Trd, 4319243.793, 75
Trd, 4319244.293, 83
Trd, 4319244.993, 65
Trd, 4319246.293, 63
Trd, 4319246.393, 82
Trd, 4319246.993, 81
Trd, 4319249.043, 78
Trd, 4319249.643, 61
Trd, 4319250.843, 76
Trd, 4319251.143, 86
Trd, 4319251.343, 81
Trd, 4319252.443, 80
Trd, 4319252.593, 91
Trd, 4319253.693, 73
Trd, 4319253.993, 131
Trd, 4319254.993, 66
Trd, 4319255.793, 77
Trd, 4319255.943, 75
Trd, 4319257.343, 92
Trd, 4319257.843, 110
Trd, 4319258.493, 97
Trd, 4319258.993, 73
Trd, 4319260.243, 89
Trd, 4319261.243, 66
Trd, 4319261.543, 63
Trd, 4319261.793, 70
Trd, 4319262.143, 75
Trd, 4319263.493, 81
Trd, 4319263.943, 87
Trd, 4319264.293, 77
Trd, 4319266.893, 86
Trd, 4319267.093, 83
Trd, 4319267.593, 115
Trd, 4319267.743, 82
Trd, 4319267.993, 79
Trd, 4319268.693, 117
Trd, 4319269.993, 120
Trd, 4319270.843, 131
Trd, 4319272.293, 126
Trd, 4319272.943, 140
Trd, 4319274.193, 125
Trd, 4319274.243, 119
Trd, 4319274.493, 116
Trd, 4319274.543, 109
Trd, 4319275.593, 95
Trd, 4319276.493, 102
Trd, 4319277.493, 102
Trd, 4319277.893, 108
Trd, 4319278.493, 124
Trd, 4319279.843, 120
Trd, 4319280.293, 127
Trd, 4319280.343, 81
Trd, 4319281.093, 127
Trd, 4319282.243, 62
Trd, 4319282.743, 72
Trd, 4319284.193, 73
Trd, 4319284.293, 72
Trd, 4319284.343, 70
Trd, 4319285.693, 92
Trd, 4319286.043, 100
Trd, 4319286.593, 74
Trd, 4319287.543, 99
Trd, 4319288.143, 83
Trd, 4319288.443, 74
Trd, 4319289.193, 76
Trd, 4319290.243, 76
Trd, 4319290.493, 74
Trd, 4319291.943, 60
Trd, 4319292.493, 75
Trd, 4319294.093, 109
Trd, 4319294.343, 107
Trd, 4319294.543, 82
Trd, 4319294.843, 73
Trd, 4319295.843, 67
Trd, 4319297.043, 106
Trd, 4319297.693, 121
Trd, 4319297.843, 123
Trd, 4319298.293, 101
Trd, 4319298.743, 136
Trd, 4319300.043, 131
Trd, 4319300.993, 116
Trd, 4319301.443, 120
Trd, 4319302.143, 96
Trd, 4319302.243, 94
Trd, 4319302.993, 73
Trd, 4319303.343, 70
Trd, 4319303.793, 139
Trd, 4319304.743, 65
Trd, 4319305.943, 72
Trd, 4319307.143, 100
Trd, 4319308.243, 119
Trd, 4319308.443, 91
Trd, 4319308.993, 82
Trd, 4319309.443, 69
Trd, 4319311.593, 79
Trd, 4319311.693, 86
Trd, 4319311.793, 78
Trd, 4319312.493, 84
Trd, 4319312.543, 68
Trd, 4319313.893, 79
Trd, 4319314.043, 72
Trd, 4319315.693, 60
Trd, 4319316.143, 66
Trd, 4319316.343, 108
Trd, 4319317.543, 126
Trd, 4319317.893, 108
Trd, 4319319.243, 116
Trd, 4319320.243, 132
Trd, 4319320.743, 98
Trd, 4319321.443, 126
Trd, 4319321.493, 92
Trd, 4319321.643, 90
Trd, 4319322.743, 87
Trd, 4319323.643, 72
Trd, 4319324.043, 136
Trd, 4319326.043, 62
Trd, 4319326.843, 100
Trd, 4319327.843, 98
Trd, 4319328.543, 105
Trd, 4319328.693, 103
Trd, 4319330.243, 140
Trd, 4319330.843, 127
Trd, 4319332.243, 135
Trd, 4319332.343, 116
Trd, 4319332.843, 113
Trd, 4319333.193, 107
Trd, 4319333.243, 104
Trd, 4319333.843, 97
Trd, 4319334.193, 92
Trd, 4319335.993, 100
Trd, 4319336.043, 92
Trd, 4319336.593, 113
Trd, 4319338.093, 118
Trd, 4319338.643, 116
Trd, 4319340.343, 113
Trd, 4319341.243, 114
Trd, 4319341.293, 110
Trd, 4319342.043, 115
Trd, 4319342.593, 110
Trd, 4319343.493, 94
Trd, 4319344.043, 98
Trd, 4319344.143, 77
Trd, 4319345.193, 100
Trd, 4319345.343, 124
Trd, 4319346.593, 90
Trd, 4319347.093, 87
Trd, 4319347.893, 70
Trd, 4319348.943, 71
Trd, 4319349.593, 109
Trd, 4319351.143, 132
Trd, 4319351.393, 131
Trd, 4319351.893, 114
Trd, 4319351.943, 109
Trd, 4319352.793, 121
Trd, 4319354.043, 116
Trd, 4319354.343, 112
Trd, 4319354.793, 108
Trd, 4319355.743, 86
Trd, 4319356.593, 90
Trd, 4319357.543, 90
Trd, 4319358.343, 66
Trd, 4319358.693, 72
Trd, 4319358.993, 86
Trd, 4319359.993, 129
Trd, 4319360.193, 99
Trd, 4319360.243, 95
Trd, 4319361.593, 97
Trd, 4319362.143, 97
Trd, 4319363.643, 70
Trd, 4319363.993, 86
Trd, 4319364.793, 77
Trd, 4319365.043, 68
Trd, 4319366.693, 101
Trd, 4319366.793, 92
Trd, 4319367.193, 96
Trd, 4319367.793, 109
Trd, 4319369.843, 101
Trd, 4319370.243, 100
Trd, 4319371.243, 92
Trd, 4319371.593, 89
Trd, 4319372.243, 125
Trd, 4319372.293, 112
Trd, 4319373.393, 124
Trd, 4319374.543, 120
Trd, 4319374.893, 99
Trd, 4319376.193, 84
Trd, 4319376.593, 81
Trd, 4319377.493, 84
Trd, 4319378.293, 99
Trd, 4319379.893, 114
Trd, 4319380.243, 86
Trd, 4319380.693, 122
Trd, 4319382.243, 96
Trd, 4319383.193, 131
Trd, 4319383.993, 124
Trd, 4319384.493, 120
Trd, 4319384.893, 124
Trd, 4319385.243, 105
Trd, 4319386.193, 113
Trd, 4319386.343, 98
Trd, 4319386.543, 97
Trd, 4319386.993, 99
Trd, 4319387.843, 78
Trd, 4319389.393, 71
Trd, 4319390.743, 108
Trd, 4319391.043, 90
Trd, 4319391.343, 117
Trd, 4319392.943, 125
Trd, 4319393.243, 95
Trd, 4319394.843, 112
Trd, 4319395.093, 140
Trd, 4319395.893, 94
Trd, 4319397.043, 110
Trd, 4319397.293, 88
Trd, 4319398.793, 107
Trd, 4319399.093, 97
Trd, 4319399.493, 84
Trd, 4319399.843, 93
Trd, 4319401.793, 62
Trd, 4319403.193, 63
Trd, 4319403.393, 81
Trd, 4319404.193, 84
Trd, 4319404.343, 92
Trd, 4319404.693, 82
Trd, 4319405.243, 84
Trd, 4319405.293, 95
Trd, 4319405.943, 80
Trd, 4319406.293, 80
Trd, 4319408.043, 100
Trd, 4319408.443, 79
Trd, 4319408.793, 105
Trd, 4319409.793, 66
Trd, 4319410.593, 85
Trd, 4319412.543, 83
Trd, 4319413.243, 106
Trd, 4319413.393, 88
Trd, 4319415.243, 119
Trd, 4319415.343, 111
Trd, 4319415.693, 103
Trd, 4319415.843, 100
Trd, 4319416.093, 107
Trd, 4319416.143, 90
Trd, 4319417.143, 140
Trd, 4319417.893, 112
Trd, 4319418.143, 99
Trd, 4319419.193, 90
Trd, 4319420.793, 109
Trd, 4319420.893, 109
Trd, 4319421.393, 96
Trd, 4319421.543, 105
Trd, 4319422.393, 94
Trd, 4319423.093, 87
Trd, 4319423.443, 92
Trd, 4319423.743, 84
Trd, 4319424.243, 75
Trd, 4319426.143, 128
Trd, 4319426.443, 114
Trd, 4319427.543, 99
Trd, 4319429.043, 112
Trd, 4319429.093, 108
Trd, 4319429.343, 100
Trd, 4319430.043, 105
Trd, 4319430.193, 103
Trd, 4319430.243, 119
Trd, 4319430.293, 96
Trd, 4319430.543, 112
Trd, 4319431.043, 135
Trd, 4319432.343, 90
Trd, 4319432.793, 69
Trd, 4319432.843, 74
Trd, 4319434.043, 98
Trd, 4319436.393, 106
Trd, 4319436.993, 97
Trd, 4319437.943, 125
Trd, 4319438.393, 103
Trd, 4319438.543, 128
Trd, 4319438.593, 101
Trd, 4319439.493, 71
Trd, 4319441.393, 79
Trd, 4319442.293, 105
Trd, 4319443.143, 93
Trd, 4319443.493, 100
Trd, 4319443.643, 92
Trd, 4319444.643, 100
Trd, 4319444.943, 99
Trd, 4319445.143, 83
Trd, 4319445.593, 125
Trd, 4319447.193, 80
Trd, 4319447.543, 73
Trd, 4319449.943, 105
Trd, 4319451.193, 118
Trd, 4319451.493, 109
Trd, 4319451.743, 133
Trd, 4319452.443, 87
Trd, 4319452.693, 80
Trd, 4319453.593, 72
Trd, 4319453.843, 72
Trd, 4319453.893, 106
Trd, 4319454.793, 101
Trd, 4319456.143, 99
Trd, 4319456.843, 90
Trd, 4319457.543, 93
Trd, 4319457.993, 93
Trd, 4319458.593, 126
Trd, 4319458.993, 140
Trd, 4319460.043, 113
Trd, 4319462.093, 121
Trd, 4319462.143, 117
Trd, 4319463.243, 117
Trd, 4319463.943, 131
Trd, 4319464.643, 115
Trd, 4319465.043, 114
Trd, 4319465.593, 107
Trd, 4319466.393, 82
Trd, 4319466.443, 123
Trd, 4319466.843, 77
Trd, 4319466.893, 76
Trd, 4319468.393, 104
Trd, 4319468.643, 97
Trd, 4319469.993, 103
Trd, 4319472.093, 119
Trd, 4319472.343, 115
Trd, 4319472.443, 110
Trd, 4319473.243, 104
Trd, 4319473.693, 81
Trd, 4319473.993, 108
Trd, 4319474.743, 88
Trd, 4319475.593, 113
Trd, 4319476.593, 67
Trd, 4319477.393, 63
Trd, 4319478.843, 119
Trd, 4319479.593, 110
Trd, 4319479.693, 95
Trd, 4319479.993, 63
Trd, 4319481.143, 93
Trd, 4319482.843, 66
Trd, 4319482.943, 82
Trd, 4319484.543, 113
Trd, 4319484.943, 113
Trd, 4319484.993, 113
Trd, 4319486.543, 126
Trd, 4319487.093, 130
Trd, 4319488.093, 122
Trd, 4319489.243, 112
Trd, 4319489.393, 109
Trd, 4319489.493, 100
Trd, 4319490.093, 134
Trd, 4319490.743, 70
Trd, 4319491.543, 69
Trd, 4319492.343, 74
Trd, 4319493.043, 137
Trd, 4319493.643, 79
Trd, 4319493.843, 74
Trd, 4319495.093, 105
Trd, 4319495.693, 104
Trd, 4319496.093, 97
Trd, 4319496.993, 98
Trd, 4319497.193, 96
Trd, 4319498.493, 69
Trd, 4319498.543, 88
Trd, 4319498.943, 102
Trd, 4319499.793, 77
Trd, 4319500.643, 88
Trd, 4319500.743, 96
Trd, 4319502.793, 123
Trd, 4319503.243, 119
Trd, 4319503.393, 107
Trd, 4319503.593, 105
Trd, 4319503.993, 77
Trd, 4319504.493, 79
Trd, 4319505.043, 101
Trd, 4319505.593, 72
Trd, 4319506.343, 113
Trd, 4319506.743, 92
Trd, 4319507.543, 89
Trd, 4319507.593, 85
Trd, 4319508.443, 70
Trd, 4319509.243, 116
Trd, 4319509.893, 69
Trd, 4319510.243, 68
Trd, 4319511.193, 115
Trd, 4319513.243, 106
Trd, 4319513.443, 105
Trd, 4319513.993, 113
Trd, 4319515.793, 107
Trd, 4319516.443, 89
Trd, 4319517.643, 94
Trd, 4319517.843, 97
Trd, 4319517.993, 102
Trd, 4319518.543, 134
Trd, 4319519.193, 105
Trd, 4319520.693, 85
Trd, 4319521.393, 94
Trd, 4319521.643, 64
Trd, 4319522.393, 127
Trd, 4319523.693, 68
Trd, 4319524.293, 85
Trd, 4319524.993, 60
Trd, 4319526.043, 70
Trd, 4319526.243, 69
Trd, 4319527.143, 130
Trd, 4319529.043, 103
Trd, 4319529.593, 127
Trd, 4319529.793, 123
Trd, 4319530.493, 122
Trd, 4319530.743, 101
Trd, 4319531.193, 82
Trd, 4319531.493, 75
Trd, 4319532.093, 97
Trd, 4319533.843, 109
Trd, 4319535.343, 116
Trd, 4319535.643, 97
Trd, 4319536.443, 97
Trd, 4319536.493, 90
Trd, 4319537.593, 83
Trd, 4319538.243, 66
Trd, 4319538.593, 88
Trd, 4319539.843, 102
Trd, 4319540.693, 87
Trd, 4319541.093, 85
Trd, 4319542.243, 76
Trd, 4319542.343, 93
Trd, 4319542.993, 114
Trd, 4319544.193, 78
Trd, 4319545.643, 79
Trd, 4319546.743, 83
Trd, 4319547.643, 82
Trd, 4319547.693, 83
Trd, 4319548.943, 89
Trd, 4319549.893, 113
Trd, 4319550.443, 108
Trd, 4319551.543, 84
Trd, 4319552.243, 94
Trd, 4319553.343, 119
Trd, 4319553.593, 122
Trd, 4319555.193, 99
Trd, 4319557.243, 92
Trd, 4319557.293, 100
Trd, 4319557.693, 124
Trd, 4319559.193, 97
Trd, 4319559.343, 90
Trd, 4319560.093, 95
Trd, 4319561.393, 104
Trd, 4319562.443, 108
Trd, 4319562.943, 93
Trd, 4319563.193, 119
Trd, 4319563.243, 112
Trd, 4319563.843, 114
Trd, 4319564.193, 111
Trd, 4319565.193, 79
Trd, 4319566.093, 133
Trd, 4319568.193, 86
Trd, 4319569.293, 90
Trd, 4319569.843, 80
Trd, 4319570.293, 99
Trd, 4319571.643, 136
Trd, 4319572.593, 127
Trd, 4319572.993, 121
Trd, 4319573.043, 117
Trd, 4319573.193, 97
Trd, 4319576.293, 98
Trd, 4319576.543, 93
Trd, 4319577.193, 88
Trd, 4319577.643, 128
Trd, 4319579.293, 130
Trd, 4319579.393, 76
Trd, 4319580.393, 117
Trd, 4319580.743, 113
Trd, 4319581.843, 133
Trd, 4319582.343, 129
Trd, 4319582.443, 121
Trd, 4319582.593, 119
Trd, 4319583.643, 93
Trd, 4319584.593, 79
Trd, 4319585.793, 73
Trd, 4319586.343, 91
Trd, 4319586.593, 83
Trd, 4319587.193, 101
Trd, 4319588.043, 93
Trd, 4319589.093, 90
Trd, 4319589.843, 81
Trd, 4319590.143, 80
Trd, 4319590.443, 95
Trd, 4319591.293, 127
Trd, 4319591.593, 125
Trd, 4319592.593, 138
Trd, 4319593.143, 112
Trd, 4319594.493, 107
Trd, 4319595.393, 105
Trd, 4319595.793, 124
Trd, 4319596.143, 97
Trd, 4319596.293, 85
Trd, 4319596.593, 70
Trd, 4319598.193, 94
Trd, 4319599.543, 139
Trd, 4319599.643, 105
Trd, 4319601.293, 108
Trd, 4319601.343, 93
Trd, 4319602.743, 106
Trd, 4319603.443, 121
Trd, 4319604.193, 101
Trd, 4319605.293, 130
Trd, 4319605.443, 132
Trd, 4319605.593, 135
Trd, 4319606.393, 126
Trd, 4319607.143, 134
Trd, 4319607.643, 118
Trd, 4319608.543, 105
Trd, 4319609.593, 79
Trd, 4319609.893, 63
Trd, 4319610.643, 72
Trd, 4319612.693, 114
Trd, 4319612.893, 110
Trd, 4319613.943, 81
Trd, 4319614.593, 138
Trd, 4319614.893, 98
Trd, 4319615.743, 100
Trd, 4319615.993, 93
Trd, 4319617.043, 89
Trd, 4319618.643, 129
Trd, 4319618.743, 126
Trd, 4319619.443, 74
Trd, 4319619.593, 94
Trd, 4319619.843, 74
Trd, 4319620.093, 82
Trd, 4319620.693, 65
Trd, 4319621.643, 78
Trd, 4319621.743, 87
Trd, 4319623.893, 69
Trd, 4319623.943, 70
Trd, 4319624.493, 108
Trd, 4319625.793, 101
Trd, 4319625.843, 99
Trd, 4319626.393, 115
Trd, 4319626.443, 81
Trd, 4319629.193, 120
Trd, 4319629.293, 110
Trd, 4319630.043, 131
Trd, 4319631.293, 116
Trd, 4319631.593, 125
Trd, 4319632.893, 120
Trd, 4319633.243, 112
Trd, 4319633.843, 125
Trd, 4319634.493, 111
Trd, 4319635.493, 113
Trd, 4319636.493, 119
Trd, 4319636.793, 113
Trd, 4319637.093, 102
Trd, 4319638.643, 113
Trd, 4319638.693, 93
Trd, 4319639.493, 131
Trd, 4319640.693, 94
Trd, 4319640.743, 99
Trd, 4319641.043, 87
Trd, 4319641.943, 85
Trd, 4319642.643, 69
Trd, 4319642.993, 125
Trd, 4319644.043, 138
Trd, 4319644.093, 103
Trd, 4319645.793, 110
Trd, 4319646.543, 96
Trd, 4319646.693, 68
Trd, 4319647.243, 107
Trd, 4319647.493, 104
Trd, 4319648.943, 63
Trd, 4319649.743, 66
Trd, 4319650.143, 110
Trd, 4319650.243, 103
Trd, 4319650.543, 60
Trd, 4319652.693, 67
Trd, 4319653.393, 69
Trd, 4319653.593, 69
Trd, 4319655.793, 63
Trd, 4319655.893, 71
Trd, 4319656.593, 137
Trd, 4319656.793, 120
Trd, 4319657.043, 88
Trd, 4319657.393, 73
Trd, 4319658.093, 91
Trd, 4319660.793, 76
Trd, 4319661.043, 82
Trd, 4319661.243, 75
Trd, 4319661.493, 71
Trd, 4319662.093, 70
Trd, 4319662.293, 90
Trd, 4319664.143, 76
Trd, 4319664.543, 92
Trd, 4319664.993, 76
Trd, 4319665.093, 90
Trd, 4319667.143, 92
Trd, 4319667.243, 97
Trd, 4319667.393, 89
Trd, 4319667.693, 101
Trd, 4319668.093, 84
Trd, 4319668.293, 82
Trd, 4319669.643, 91
Trd, 4319670.093, 88
Trd, 4319670.843, 140
Trd, 4319670.993, 123
Trd, 4319671.593, 97
Trd, 4319672.293, 104
Trd, 4319673.793, 128
Trd, 4319673.893, 103
Trd, 4319676.093, 127
Trd, 4319677.443, 134
Trd, 4319677.543, 129
Trd, 4319678.393, 136
Trd, 4319678.443, 123
Trd, 4319678.693, 106
Trd, 4319679.243, 87
Trd, 4319680.593, 75
Trd, 4319681.593, 99
Trd, 4319682.543, 85
Trd, 4319682.943, 89
Trd, 4319683.043, 113
Trd, 4319683.193, 114
Trd, 4319683.493, 81
Trd, 4319684.293, 93
Trd, 4319686.993, 115
Trd, 4319687.093, 113
Trd, 4319687.343, 97
Trd, 4319687.443, 96
Trd, 4319687.893, 88
Trd, 4319688.693, 85
Trd, 4319689.443, 79
Trd, 4319689.543, 71
Trd, 4319689.593, 83
Trd, 4319690.093, 87
Trd, 4319691.143, 120
Trd, 4319692.643, 121
Trd, 4319692.843, 108
Trd, 4319693.443, 127
Trd, 4319693.843, 96
Trd, 4319694.193, 76
Trd, 4319694.443, 89
Trd, 4319694.543, 96
Trd, 4319694.743, 84
Trd, 4319695.843, 120
Trd, 4319696.843, 78
Trd, 4319697.393, 106
Trd, 4319699.793, 84
Trd, 4319699.893, 87
Trd, 4319701.193, 127
Trd, 4319701.243, 113
Trd, 4319701.443, 111
Trd, 4319701.543, 103
Trd, 4319703.493, 111
Trd, 4319704.443, 134
Trd, 4319704.693, 122
Trd, 4319704.893, 106
Trd, 4319705.793, 131
Trd, 4319706.443, 109
Trd, 4319708.193, 111
Trd, 4319708.243, 107
Trd, 4319708.843, 98
Trd, 4319710.943, 106
Trd, 4319711.243, 92
Trd, 4319711.993, 87
Trd, 4319713.293, 74
Trd, 4319713.393, 102
Trd, 4319713.993, 109
Trd, 4319715.343, 130
Trd, 4319715.543, 79
Trd, 4319716.143, 90
Trd, 4319716.543, 90
Trd, 4319717.143, 82
Trd, 4319717.493, 85
Trd, 4319718.093, 108
Trd, 4319719.293, 80
Trd, 4319719.893, 83
Trd, 4319720.343, 98
Trd, 4319720.943, 74
Trd, 4319721.193, 78
Trd, 4319721.343, 135
Trd, 4319722.593, 111
Trd, 4319724.143, 88
Trd, 4319724.793, 90
Trd, 4319724.943, 112
Trd, 4319725.793, 89
Trd, 4319725.843, 87
Trd, 4319726.843, 99
Trd, 4319727.693, 89
Trd, 4319728.293, 85
Trd, 4319728.743, 93
Trd, 4319729.193, 76
Trd, 4319730.643, 75
Trd, 4319731.643, 80
Trd, 4319732.343, 67
Trd, 4319732.993, 70
Trd, 4319733.143, 90
Trd, 4319734.393, 117
Trd, 4319735.443, 113
Trd, 4319736.193, 95
Trd, 4319736.593, 117
Trd, 4319737.043, 104
Trd, 4319737.743, 115
Trd, 4319739.043, 91
Trd, 4319739.493, 98
Trd, 4319740.943, 93
Trd, 4319741.243, 118
Trd, 4319741.993, 106
Trd, 4319743.043, 120
Trd, 4319744.043, 106
Trd, 4319744.243, 121
Trd, 4319744.493, 100
Trd, 4319745.343, 121
Trd, 4319745.593, 105
Trd, 4319746.043, 82
Trd, 4319748.743, 83
Trd, 4319749.393, 133
Trd, 4319749.443, 90
Trd, 4319750.843, 124
Trd, 4319751.243, 107
Trd, 4319751.743, 84
Trd, 4319752.093, 124
Trd, 4319752.393, 75
Trd, 4319753.443, 106
Trd, 4319754.043, 97
Trd, 4319754.793, 83
Trd, 4319755.393, 128
Trd, 4319756.943, 77
Trd, 4319757.143, 83
Trd, 4319758.293, 73
Trd, 4319758.343, 68
Trd, 4319758.443, 80
Trd, 4319759.343, 68
Trd, 4319760.093, 62
Trd, 4319760.593, 71
Trd, 4319761.893, 75
Trd, 4319762.343, 95
Trd, 4319763.793, 61
Trd, 4319764.643, 86
Trd, 4319764.943, 89
Trd, 4319764.993, 68
Trd, 4319765.793, 85
Trd, 4319767.343, 103
Trd, 4319767.993, 98
Trd, 4319768.943, 82
Trd, 4319769.043, 63
Trd, 4319769.843, 64
Trd, 4319770.743, 62
Trd, 4319771.143, 86
Trd, 4319771.743, 63
Trd, 4319771.993, 86
Trd, 4319772.643, 90
Trd, 4319773.543, 72
Trd, 4319774.643, 89
Trd, 4319775.843, 96
Trd, 4319776.293, 110
Trd, 4319777.293, 91
Trd, 4319778.243, 108
Trd, 4319778.393, 130
Trd, 4319778.643, 87
Trd, 4319779.443, 120
Trd, 4319779.493, 118
Trd, 4319780.643, 121
Trd, 4319780.993, 92
Trd, 4319781.193, 86
Trd, 4319782.643, 74
Trd, 4319783.143, 67
Trd, 4319783.743, 88
Trd, 4319784.493, 73
Trd, 4319784.793, 70
Trd, 4319785.793, 73
Trd, 4319785.993, 83
Trd, 4319787.043, 122
Trd, 4319787.193, 81
Trd, 4319788.093, 77
Trd, 4319789.293, 90
Trd, 4319790.343, 96
Trd, 4319790.693, 114
Trd, 4319792.243, 105
Trd, 4319793.843, 123
Trd, 4319794.043, 86
Trd, 4319795.343, 76
Trd, 4319795.393, 102
Trd, 4319796.793, 105
Trd, 4319796.943, 134
Trd, 4319797.043, 101
Trd, 4319798.993, 96
Trd, 4319799.843, 91
Trd, 4319800.043, 87
Trd, 4319801.343, 79
Trd, 4319801.393, 112
Trd, 4319801.543, 72
Trd, 4319801.743, 91
Trd, 4319802.443, 123
Trd, 4319802.493, 91
Trd, 4319803.093, 86
Trd, 4319803.943, 109
Trd, 4319805.243, 105
Trd, 4319805.993, 90
Trd, 4319806.443, 126
Trd, 4319807.443, 108
Trd, 4319808.693, 117
Trd, 4319809.193, 111
Trd, 4319809.893, 118
Trd, 4319810.893, 110
Trd, 4319811.493, 131
Trd, 4319812.993, 100
Trd, 4319813.593, 123
Trd, 4319813.643, 99
Trd, 4319813.893, 89
Trd, 4319815.543, 123
Trd, 4319816.193, 123
Trd, 4319816.343, 114
Trd, 4319816.443, 110
Trd, 4319817.793, 112
Trd, 4319818.893, 95
Trd, 4319819.143, 96
Trd, 4319820.593, 92
Trd, 4319821.293, 134
Trd, 4319821.643, 128
Trd, 4319821.793, 126
Trd, 4319821.893, 112
Trd, 4319823.093, 116
Trd, 4319823.693, 133
Trd, 4319824.193, 86
Trd, 4319824.293, 82
Trd, 4319826.593, 114
Trd, 4319826.893, 108
Trd, 4319827.343, 101
Trd, 4319827.543, 125
Trd, 4319828.043, 79
Trd, 4319828.843, 91
Trd, 4319830.893, 101
Trd, 4319830.993, 126
Trd, 4319831.243, 70
Trd, 4319832.093, 63
Trd, 4319832.643, 82
Trd, 4319833.193, 67
Trd, 4319833.493, 86
Trd, 4319833.893, 123
Trd, 4319834.093, 77
Trd, 4319834.143, 83
Trd, 4319834.843, 117
Trd, 4319836.643, 113
Trd, 4319837.593, 119
Trd, 4319837.793, 120
Trd, 4319837.993, 117
Trd, 4319838.043, 105
Trd, 4319839.443, 117
Trd, 4319840.343, 114
Trd, 4319840.543, 80
Trd, 4319841.193, 108
Trd, 4319841.393, 73
Trd, 4319842.143, 71
Trd, 4319842.693, 101
Trd, 4319842.943, 69
Trd, 4319844.793, 89
Trd, 4319846.243, 70
Trd, 4319846.543, 67
Trd, 4319846.993, 81
Trd, 4319847.493, 71
Trd, 4319848.143, 103
Trd, 4319849.043, 72
Trd, 4319849.693, 91
Trd, 4319850.743, 132
Trd, 4319850.993, 128
Trd, 4319851.343, 134
Trd, 4319852.243, 124
Trd, 4319852.443, 140
Trd, 4319853.593, 114
Trd, 4319853.943, 78
Trd, 4319856.693, 63
Trd, 4319857.493, 100
Trd, 4319858.043, 89
Trd, 4319859.243, 127
Trd, 4319859.943, 90
Trd, 4319860.593, 109
Trd, 4319861.143, 87
Trd, 4319861.293, 80
Trd, 4319861.893, 75
Trd, 4319862.243, 77
Trd, 4319862.443, 71
Trd, 4319862.943, 80
Trd, 4319863.593, 84
Trd, 4319864.543, 102
Trd, 4319865.893, 75
Trd, 4319866.943, 78
Trd, 4319867.193, 81
Trd, 4319868.093, 99
Trd, 4319868.143, 86
Trd, 4319868.343, 114
Trd, 4319869.093, 91
Trd, 4319869.143, 87
Trd, 4319869.543, 113
Trd, 4319870.843, 69
Trd, 4319871.693, 136
Trd, 4319873.493, 119
Trd, 4319873.593, 112
Trd, 4319873.743, 106
Trd, 4319874.043, 104
Trd, 4319875.593, 86
Trd, 4319876.893, 99
Trd, 4319877.543, 137
Trd, 4319877.743, 124
Trd, 4319878.643, 115
Trd, 4319879.193, 70
Trd, 4319880.243, 126
Trd, 4319880.443, 114
Trd, 4319881.043, 127
Trd, 4319881.193, 83
Trd, 4319882.193, 69
Trd, 4319882.693, 91
Trd, 4319883.993, 112
Trd, 4319884.193, 95
Trd, 4319886.443, 98
Trd, 4319886.693, 96
Trd, 4319886.743, 86
Trd, 4319887.893, 102
Trd, 4319888.893, 114
Trd, 4319889.343, 90
Trd, 4319889.543, 71
Trd, 4319890.043, 87
Trd, 4319890.943, 119
Trd, 4319891.493, 62
Trd, 4319894.243, 109
Trd, 4319894.743, 104
Trd, 4319894.993, 104
Trd, 4319895.793, 103
Trd, 4319895.993, 90
Trd, 4319896.393, 70
Trd, 4319896.643, 115
Trd, 4319897.743, 64
Trd, 4319898.293, 63
Trd, 4319899.093, 71
Trd, 4319899.493, 72
Trd, 4319900.443, 88
Trd, 4319902.843, 79
Trd, 4319902.943, 78
Trd, 4319903.043, 91
Trd, 4319903.443, 97
Trd, 4319903.593, 77
Trd, 4319903.643, 77
Trd, 4319906.093, 77
Trd, 4319908.043, 84
Trd, 4319908.093, 88
Trd, 4319908.643, 92
Trd, 4319908.843, 81
Trd, 4319909.593, 85
Trd, 4319909.893, 78
Trd, 4319910.893, 109
Trd, 4319912.843, 131
Trd, 4319913.093, 132
Trd, 4319913.143, 113
Trd, 4319914.693, 111
Trd, 4319914.843, 105
Trd, 4319914.943, 114
Trd, 4319915.293, 75
Trd, 4319916.743, 75
Trd, 4319917.243, 92
Trd, 4319918.093, 72
Trd, 4319918.843, 73
Trd, 4319919.043, 72
Trd, 4319921.843, 68
Trd, 4319922.593, 68
Trd, 4319922.693, 63
Trd, 4319923.993, 77
Trd, 4319924.443, 84
Trd, 4319924.593, 74
Trd, 4319925.043, 72
Trd, 4319925.293, 90
Trd, 4319926.293, 115
Trd, 4319926.693, 108
Trd, 4319927.043, 83
Trd, 4319928.043, 81
Trd, 4319929.643, 92
Trd, 4319930.743, 104
Trd, 4319931.093, 90
Trd, 4319931.693, 63
Trd, 4319932.493, 105
Trd, 4319932.843, 127
Trd, 4319934.343, 104
Trd, 4319934.543, 99
Trd, 4319935.243, 134
Trd, 4319935.843, 79
Trd, 4319936.993, 123
Trd, 4319937.793, 113
Trd, 4319937.893, 112
Trd, 4319938.043, 81
Trd, 4319939.243, 92
Trd, 4319939.543, 112
Trd, 4319939.693, 77
Trd, 4319940.543, 86
Trd, 4319940.843, 110
Trd, 4319942.443, 101
Trd, 4319942.743, 84
Trd, 4319943.643, 61
Trd, 4319944.593, 101
Trd, 4319945.293, 101
Trd, 4319945.693, 84
Trd, 4319946.243, 106
Trd, 4319946.843, 94
Trd, 4319947.193, 89
Trd, 4319948.393, 80
Trd, 4319948.443, 110
Trd, 4319948.543, 75
Trd, 4319950.643, 97
Trd, 4319951.493, 134
Trd, 4319953.093, 113
Trd, 4319953.343, 109
Trd, 4319954.193, 103
Trd, 4319955.143, 110
Trd, 4319955.693, 90
Trd, 4319957.193, 89
Trd, 4319958.743, 116
Trd, 4319959.043, 84
Trd, 4319959.193, 87
Trd, 4319960.343, 97
Trd, 4319960.493, 132
Trd, 4319961.093, 97
Trd, 4319962.243, 64
Trd, 4319964.193, 84
Trd, 4319964.443, 84
Trd, 4319964.893, 125
Trd, 4319965.493, 136
Trd, 4319967.893, 128
Trd, 4319968.243, 115
Trd, 4319968.593, 102
Trd, 4319969.043, 87
Trd, 4319971.043, 109
Trd, 4319972.193, 113
Trd, 4319972.443, 116
Trd, 4319972.693, 104
Trd, 4319972.743, 99
Trd, 4319972.893, 72
Trd, 4319973.443, 74
Trd, 4319974.493, 97
Trd, 4319976.043, 98
Trd, 4319976.343, 100
Trd, 4319976.543, 91
Trd, 4319977.243, 93
Trd, 4319977.593, 83
Trd, 4319978.043, 138
Trd, 4319978.593, 76
Trd, 4319979.043, 63
Trd, 4319980.843, 65
Trd, 4319982.143, 78
Trd, 4319983.293, 64
Trd, 4319983.443, 92
Trd, 4319983.493, 101
Trd, 4319985.393, 120
Trd, 4319985.793, 97
Trd, 4319986.843, 126
Trd, 4319987.893, 121
Trd, 4319988.643, 94
Trd, 4319989.293, 75
Trd, 4319991.143, 107
Trd, 4319991.543, 73
Trd, 4319992.043, 77
Trd, 4319992.143, 68
Trd, 4319993.443, 111
Trd, 4319994.043, 103
Trd, 4319994.243, 111
Trd, 4319995.193, 78
Trd, 4319996.593, 75
Trd, 4319997.043, 60
Trd, 4319998.043, 107
Trd, 4319999.443, 73
Trd, 4319999.593, 86
Trd, 4319999.943, 84
