Trd, 4318121.793, 70
Trd, 4318122.443, 75
Trd, 4318123.143, 84
Trd, 4318123.243, 92
Trd, 4318123.393, 68
Trd, 4318125.043, 139
Trd, 4318125.193, 139
Trd, 4318126.393, 127
Trd, 4318126.643, 131
Trd, 4318127.843, 94
Trd, 4318128.343, 85
Trd, 4318129.993, 104
Trd, 4318130.343, 100
Trd, 4318131.093, 114
Trd, 4318131.843, 139
Trd, 4318132.793, 137
Trd, 4318133.243, 127
Trd, 4318133.293, 122
Trd, 4318134.043, 140
Trd, 4318134.243, 127
Trd, 4318136.243, 140
Trd, 4318136.443, 139
Trd, 4318137.443, 140
Trd, 4318138.593, 137
Trd, 4318139.593, 140
Trd, 4318140.193, 140
Trd, 4318140.593, 139
Trd, 4318140.893, 131
Trd, 4318141.743, 83
Trd, 4318143.093, 139
Trd, 4318143.243, 140
Trd, 4318144.243, 128
Trd, 4318144.443, 116
Trd, 4318144.693, 123
Trd, 4318145.193, 113
Trd, 4318146.643, 105
Trd, 4318147.193, 63
Trd, 4318147.493, 133
Trd, 4318148.043, 63
Trd, 4318148.843, 60
Trd, 4318149.143, 66
Trd, 4318150.343, 65
Trd, 4318150.593, 60
Trd, 4318151.393, 63
Trd, 4318151.593, 70
Trd, 4318152.143, 76
Trd, 4318152.443, 68
Trd, 4318153.293, 140
Trd, 4318154.593, 133
Trd, 4318154.943, 124
Trd, 4318155.743, 123
Trd, 4318155.943, 121
Trd, 4318156.143, 129
Trd, 4318156.493, 136
Trd, 4318156.893, 70
Trd, 4318157.993, 66
Trd, 4318159.343, 65
Trd, 4318159.843, 123
Trd, 4318160.993, 76
Trd, 4318161.543, 85
Trd, 4318162.343, 63
Trd, 4318162.443, 73
Trd, 4318162.793, 81
Trd, 4318163.593, 69
Trd, 4318164.093, 61
Trd, 4318165.243, 139
Trd, 4318165.343, 127
Trd, 4318165.643, 128
Trd, 4318166.893, 130
Trd, 4318167.393, 88
Trd, 4318167.593, 127
Trd, 4318168.243, 82
Trd, 4318168.793, 140
Trd, 4318169.643, 139
Trd, 4318170.143, 138
Trd, 4318170.993, 99
Trd, 4318171.843, 134
Trd, 4318172.243, 96
Trd, 4318174.393, 140
Trd, 4318175.043, 140
Trd, 4318175.193, 135
Trd, 4318175.343, 128
Trd, 4318175.593, 132
Trd, 4318177.643, 138
Trd, 4318177.943, 135
Trd, 4318180.093, 116
Trd, 4318180.243, 105
Trd, 4318180.293, 79
Trd, 4318181.093, 140
Trd, 4318181.343, 65
Trd, 4318181.943, 137
Trd, 4318182.893, 71
Trd, 4318184.093, 110
Trd, 4318185.043, 139
Trd, 4318185.143, 127
Trd, 4318185.743, 85
Trd, 4318187.043, 112
Trd, 4318188.393, 140
Trd, 4318189.293, 140
Trd, 4318189.343, 140
Trd, 4318189.893, 138
Trd, 4318189.943, 127
Trd, 4318190.293, 135
Trd, 4318190.543, 114
Trd, 4318191.043, 107
Trd, 4318191.543, 140
Trd, 4318192.393, 98
Trd, 4318193.243, 140
Trd, 4318193.343, 98
Trd, 4318194.543, 91
Trd, 4318195.343, 79
Trd, 4318195.493, 105
Trd, 4318196.393, 124
Trd, 4318196.843, 64
Trd, 4318197.493, 72
Trd, 4318198.043, 137
Trd, 4318199.243, 64
Trd, 4318199.443, 98
Trd, 4318199.843, 114
Trd, 4318200.343, 121
Trd, 4318200.793, 140
Trd, 4318200.943, 139
Trd, 4318201.943, 139
Trd, 4318202.443, 70
Trd, 4318203.393, 139
Trd, 4318204.693, 74
Trd, 4318204.793, 63
Trd, 4318205.243, 139
Trd, 4318205.593, 135
Trd, 4318207.393, 140
Trd, 4318208.893, 140
Trd, 4318209.943, 127
Trd, 4318210.043, 116
Trd, 4318210.443, 126
Trd, 4318210.893, 69
Trd, 4318211.893, 138
Trd, 4318212.693, 110
Trd, 4318213.743, 118
Trd, 4318215.643, 140
Trd, 4318216.143, 138
Trd, 4318216.743, 140
Trd, 4318217.243, 116
Trd, 4318217.543, 115
Trd, 4318218.193, 127
Trd, 4318218.393, 88
Trd, 4318219.693, 140
Trd, 4318220.393, 101
Trd, 4318221.943, 140
Trd, 4318222.293, 140
Trd, 4318223.443, 140
Trd, 4318223.793, 140
Trd, 4318224.543, 116
Trd, 4318225.143, 95
Trd, 4318225.393, 72
Trd, 4318226.193, 138
Trd, 4318226.593, 140
Trd, 4318227.843, 139
Trd, 4318228.443, 138
Trd, 4318228.843, 130
Trd, 4318229.293, 128
Trd, 4318230.493, 139
Trd, 4318231.843, 139
Trd, 4318232.393, 140
Trd, 4318232.443, 128
Trd, 4318232.693, 88
Trd, 4318233.793, 136
Trd, 4318234.893, 140
Trd, 4318237.393, 140
Trd, 4318238.393, 140
Trd, 4318238.493, 140
Trd, 4318238.743, 137
Trd, 4318239.443, 140
Trd, 4318239.593, 125
Trd, 4318239.743, 119
Trd, 4318239.943, 113
Trd, 4318240.943, 113
Trd, 4318242.093, 66
Trd, 4318242.993, 60
Trd, 4318243.743, 60
Trd, 4318244.043, 60
Trd, 4318245.093, 123
Trd, 4318245.743, 114
Trd, 4318246.993, 60
Trd, 4318247.193, 95
Trd, 4318248.143, 93
Trd, 4318248.393, 102
Trd, 4318248.743, 139
Trd, 4318250.193, 60
Trd, 4318250.643, 107
Trd, 4318251.543, 66
Trd, 4318252.593, 68
Trd, 4318253.393, 91
Trd, 4318253.943, 89
Trd, 4318253.993, 85
Trd, 4318254.443, 60
Trd, 4318256.293, 110
Trd, 4318256.893, 140
Trd, 4318257.893, 140
Trd, 4318258.143, 140
Trd, 4318258.343, 124
Trd, 4318258.543, 123
Trd, 4318258.593, 133
Trd, 4318259.593, 111
Trd, 4318259.843, 116
Trd, 4318261.193, 131
Trd, 4318261.493, 118
Trd, 4318263.243, 139
Trd, 4318264.743, 139
Trd, 4318264.793, 137
Trd, 4318265.293, 120
Trd, 4318265.493, 140
Trd, 4318266.043, 118
Trd, 4318266.443, 112
Trd, 4318268.193, 140
Trd, 4318268.593, 127
Trd, 4318268.993, 97
Trd, 4318269.543, 100
Trd, 4318270.643, 140
Trd, 4318271.093, 135
Trd, 4318271.243, 120
Trd, 4318272.793, 102
Trd, 4318272.993, 99
Trd, 4318274.843, 140
Trd, 4318275.193, 140
Trd, 4318275.343, 139
Trd, 4318276.043, 140
Trd, 4318276.793, 130
Trd, 4318277.593, 127
Trd, 4318279.143, 120
Trd, 4318279.843, 140
Trd, 4318281.443, 139
Trd, 4318282.093, 140
Trd, 4318282.493, 140
Trd, 4318283.193, 139
Trd, 4318285.093, 140
Trd, 4318285.143, 139
Trd, 4318286.093, 127
Trd, 4318287.243, 110
Trd, 4318288.143, 140
Trd, 4318288.293, 140
Trd, 4318289.343, 114
Trd, 4318289.843, 139
Trd, 4318289.943, 101
Trd, 4318291.193, 139
Trd, 4318291.893, 138
Trd, 4318292.293, 127
Trd, 4318292.343, 119
Trd, 4318292.943, 119
Trd, 4318293.243, 117
Trd, 4318293.593, 72
Trd, 4318294.243, 86
Trd, 4318295.343, 86
Trd, 4318296.293, 114
Trd, 4318296.793, 117
Trd, 4318297.293, 140
Trd, 4318298.843, 109
Trd, 4318299.893, 140
Trd, 4318300.743, 139
Trd, 4318301.143, 140
Trd, 4318301.943, 135
Trd, 4318302.343, 113
Trd, 4318303.643, 138
Trd, 4318304.643, 136
Trd, 4318305.243, 134
Trd, 4318306.393, 140
Trd, 4318307.643, 139
Trd, 4318307.893, 135
Trd, 4318308.643, 138
Trd, 4318309.243, 116
Trd, 4318309.643, 140
Trd, 4318309.693, 112
Trd, 4318310.293, 111
Trd, 4318312.443, 140
Trd, 4318313.043, 140
Trd, 4318313.243, 137
Trd, 4318313.293, 127
Trd, 4318313.793, 127
Trd, 4318315.093, 139
Trd, 4318315.693, 129
Trd, 4318316.093, 66
Trd, 4318317.193, 60
Trd, 4318317.693, 64
Trd, 4318317.993, 71
Trd, 4318319.643, 61
Trd, 4318320.743, 85
Trd, 4318322.093, 65
Trd, 4318322.143, 70
Trd, 4318322.993, 74
Trd, 4318324.593, 64
Trd, 4318324.693, 68
Trd, 4318325.093, 76
Trd, 4318325.393, 66
Trd, 4318326.493, 138
Trd, 4318326.643, 128
Trd, 4318327.643, 67
Trd, 4318328.743, 78
Trd, 4318329.093, 90
Trd, 4318329.893, 140
Trd, 4318330.043, 137
Trd, 4318330.743, 127
Trd, 4318331.543, 140
Trd, 4318333.493, 140
Trd, 4318334.693, 140
Trd, 4318336.093, 139
Trd, 4318336.543, 140
Trd, 4318338.493, 139
Trd, 4318338.943, 116
Trd, 4318339.143, 113
Trd, 4318340.993, 139
Trd, 4318341.043, 128
Trd, 4318341.793, 140
Trd, 4318342.343, 128
Trd, 4318342.493, 126
Trd, 4318343.243, 139
Trd, 4318344.443, 140
Trd, 4318345.093, 138
Trd, 4318345.293, 129
Trd, 4318345.543, 139
Trd, 4318346.343, 133
Trd, 4318346.393, 121
Trd, 4318347.543, 89
Trd, 4318347.743, 83
Trd, 4318348.643, 72
Trd, 4318348.843, 80
Trd, 4318350.543, 62
Trd, 4318350.643, 70
Trd, 4318352.843, 96
Trd, 4318352.893, 88
Trd, 4318353.793, 63
Trd, 4318353.993, 92
Trd, 4318354.293, 100
Trd, 4318354.693, 139
Trd, 4318355.293, 107
Trd, 4318357.193, 140
Trd, 4318357.293, 140
Trd, 4318358.193, 140
Trd, 4318358.393, 127
Trd, 4318358.993, 140
Trd, 4318360.143, 128
Trd, 4318360.743, 139
Trd, 4318362.143, 136
Trd, 4318362.193, 132
Trd, 4318362.643, 139
Trd, 4318364.043, 140
Trd, 4318364.193, 118
Trd, 4318364.293, 118
Trd, 4318365.793, 127
Trd, 4318366.393, 98
Trd, 4318367.093, 140
Trd, 4318367.243, 90
Trd, 4318367.643, 89
Trd, 4318368.393, 125
Trd, 4318369.843, 139
Trd, 4318370.043, 140
Trd, 4318370.593, 113
Trd, 4318371.493, 107
Trd, 4318373.193, 130
Trd, 4318373.343, 123
Trd, 4318374.343, 137
Trd, 4318374.393, 136
Trd, 4318374.943, 139
Trd, 4318376.893, 138
Trd, 4318378.293, 140
Trd, 4318378.393, 133
Trd, 4318378.793, 129
Trd, 4318379.443, 139
Trd, 4318379.493, 132
Trd, 4318379.593, 127
Trd, 4318379.643, 100
Trd, 4318380.443, 139
Trd, 4318381.343, 133
Trd, 4318381.793, 130
Trd, 4318382.343, 121
Trd, 4318383.193, 111
Trd, 4318383.293, 116
Trd, 4318385.193, 110
Trd, 4318386.743, 136
Trd, 4318387.343, 124
Trd, 4318387.943, 139
Trd, 4318388.393, 130
Trd, 4318388.543, 114
Trd, 4318389.693, 138
Trd, 4318390.193, 137
Trd, 4318391.143, 110
Trd, 4318391.743, 109
Trd, 4318391.843, 101
Trd, 4318392.543, 140
Trd, 4318394.643, 140
Trd, 4318394.943, 138
Trd, 4318395.793, 126
Trd, 4318397.693, 126
Trd, 4318398.243, 140
Trd, 4318398.543, 72
Trd, 4318399.493, 90
Trd, 4318399.643, 89
Trd, 4318400.193, 140
Trd, 4318400.843, 136
Trd, 4318401.593, 105
Trd, 4318405.093, 137
Trd, 4318405.893, 123
Trd, 4318406.393, 136
Trd, 4318406.443, 124
Trd, 4318408.343, 138
Trd, 4318408.443, 135
Trd, 4318409.343, 139
Trd, 4318410.043, 140
Trd, 4318411.543, 139
Trd, 4318412.193, 135
Trd, 4318412.493, 126
Trd, 4318412.993, 124
Trd, 4318414.293, 140
Trd, 4318414.443, 139
Trd, 4318414.793, 138
Trd, 4318414.843, 127
Trd, 4318415.293, 118
Trd, 4318416.043, 131
Trd, 4318416.443, 129
Trd, 4318417.343, 139
Trd, 4318418.543, 140
Trd, 4318418.993, 127
Trd, 4318420.693, 140
Trd, 4318420.993, 124
Trd, 4318422.393, 87
Trd, 4318423.543, 60
Trd, 4318423.943, 60
Trd, 4318424.043, 78
Trd, 4318424.443, 93
Trd, 4318424.643, 139
Trd, 4318425.143, 60
Trd, 4318426.243, 111
Trd, 4318426.593, 108
Trd, 4318427.093, 105
Trd, 4318427.393, 103
Trd, 4318428.793, 140
Trd, 4318429.043, 127
Trd, 4318429.293, 100
Trd, 4318430.893, 139
Trd, 4318430.993, 101
Trd, 4318432.343, 138
Trd, 4318432.793, 120
Trd, 4318433.243, 140
Trd, 4318434.993, 139
Trd, 4318435.093, 140
Trd, 4318435.393, 128
Trd, 4318437.243, 126
Trd, 4318438.243, 140
Trd, 4318438.943, 140
Trd, 4318439.243, 140
Trd, 4318439.693, 134
Trd, 4318440.893, 135
Trd, 4318441.693, 133
Trd, 4318441.993, 140
Trd, 4318442.143, 129
Trd, 4318442.843, 123
Trd, 4318443.943, 138
Trd, 4318445.193, 108
Trd, 4318445.543, 99
Trd, 4318446.393, 140
Trd, 4318447.243, 107
Trd, 4318448.143, 130
Trd, 4318448.493, 98
Trd, 4318448.843, 140
Trd, 4318449.543, 116
Trd, 4318449.643, 113
Trd, 4318450.593, 140
Trd, 4318450.943, 139
Trd, 4318451.193, 127
Trd, 4318454.543, 140
Trd, 4318455.243, 140
Trd, 4318455.343, 138
Trd, 4318455.543, 127
Trd, 4318455.693, 126
Trd, 4318457.643, 140
Trd, 4318457.943, 134
Trd, 4318458.393, 127
Trd, 4318459.493, 116
Trd, 4318460.043, 120
Trd, 4318460.093, 126
Trd, 4318460.843, 140
Trd, 4318461.243, 135
Trd, 4318461.493, 134
Trd, 4318461.593, 123
Trd, 4318463.643, 140
Trd, 4318464.093, 140
Trd, 4318465.043, 134
Trd, 4318465.293, 124
Trd, 4318466.993, 140
Trd, 4318468.193, 140
Trd, 4318468.343, 140
Trd, 4318468.743, 117
Trd, 4318469.643, 140
Trd, 4318470.493, 140
Trd, 4318470.943, 140
Trd, 4318472.043, 139
Trd, 4318472.493, 138
Trd, 4318473.493, 120
Trd, 4318474.443, 139
Trd, 4318475.193, 133
Trd, 4318475.993, 118
Trd, 4318476.643, 138
Trd, 4318476.743, 126
Trd, 4318476.943, 129
Trd, 4318477.943, 138
Trd, 4318478.443, 119
Trd, 4318478.893, 118
Trd, 4318480.543, 103
Trd, 4318481.243, 120
Trd, 4318481.443, 88
Trd, 4318481.743, 121
Trd, 4318482.843, 138
Trd, 4318482.943, 82
Trd, 4318483.793, 63
Trd, 4318484.543, 60
Trd, 4318484.643, 70
Trd, 4318484.893, 126
Trd, 4318485.793, 104
Trd, 4318487.343, 73
Trd, 4318487.693, 72
Trd, 4318488.343, 111
Trd, 4318489.143, 139
Trd, 4318489.543, 133
Trd, 4318490.143, 121
Trd, 4318490.793, 138
Trd, 4318492.043, 126
Trd, 4318492.243, 139
Trd, 4318493.243, 140
Trd, 4318494.093, 83
Trd, 4318494.493, 77
Trd, 4318494.593, 99
Trd, 4318495.143, 115
Trd, 4318496.343, 110
Trd, 4318496.893, 123
Trd, 4318496.943, 122
Trd, 4318497.493, 103
Trd, 4318497.893, 112
Trd, 4318499.793, 140
Trd, 4318500.293, 140
Trd, 4318500.793, 130
Trd, 4318501.043, 119
Trd, 4318501.593, 116
Trd, 4318502.293, 84
Trd, 4318502.843, 132
Trd, 4318503.093, 126
Trd, 4318503.643, 82
Trd, 4318503.943, 105
Trd, 4318504.243, 78
Trd, 4318505.643, 60
Trd, 4318506.443, 134
Trd, 4318506.593, 137
Trd, 4318507.493, 65
Trd, 4318508.193, 83
Trd, 4318508.693, 137
Trd, 4318509.043, 61
Trd, 4318510.793, 82
Trd, 4318511.593, 62
Trd, 4318512.093, 70
Trd, 4318512.943, 140
Trd, 4318513.143, 140
Trd, 4318513.593, 125
Trd, 4318515.243, 140
Trd, 4318515.543, 125
Trd, 4318516.343, 121
Trd, 4318516.793, 110
Trd, 4318517.243, 135
Trd, 4318517.543, 123
Trd, 4318518.093, 116
Trd, 4318519.243, 63
Trd, 4318519.293, 71
Trd, 4318520.843, 139
Trd, 4318520.993, 134
Trd, 4318521.243, 116
Trd, 4318521.443, 102
Trd, 4318522.443, 60
Trd, 4318522.743, 66
Trd, 4318524.243, 115
Trd, 4318524.443, 139
Trd, 4318524.993, 128
Trd, 4318525.143, 127
Trd, 4318526.143, 130
Trd, 4318526.943, 116
Trd, 4318526.993, 111
Trd, 4318527.243, 140
Trd, 4318527.893, 105
Trd, 4318529.193, 140
Trd, 4318530.043, 140
Trd, 4318530.643, 94
Trd, 4318531.193, 132
Trd, 4318531.293, 95
Trd, 4318531.843, 136
Trd, 4318533.593, 105
Trd, 4318535.193, 103
Trd, 4318535.693, 100
Trd, 4318537.043, 140
Trd, 4318537.143, 140
Trd, 4318537.443, 138
Trd, 4318537.843, 130
Trd, 4318538.843, 119
Trd, 4318539.043, 117
Trd, 4318540.043, 138
Trd, 4318540.793, 139
Trd, 4318540.843, 121
Trd, 4318542.143, 140
Trd, 4318542.893, 126
Trd, 4318543.593, 119
Trd, 4318544.043, 113
Trd, 4318544.743, 95
Trd, 4318545.193, 80
Trd, 4318545.743, 140
Trd, 4318546.043, 139
Trd, 4318547.143, 133
Trd, 4318547.543, 121
Trd, 4318547.993, 122
Trd, 4318549.043, 61
Trd, 4318550.493, 140
Trd, 4318551.293, 140
Trd, 4318552.243, 140
Trd, 4318552.993, 127
Trd, 4318553.743, 139
Trd, 4318554.093, 135
Trd, 4318554.943, 79
Trd, 4318556.043, 60
Trd, 4318556.893, 140
Trd, 4318557.193, 139
Trd, 4318558.843, 123
Trd, 4318558.893, 89
Trd, 4318559.393, 136
Trd, 4318559.843, 84
Trd, 4318560.143, 77
Trd, 4318560.343, 71
Trd, 4318561.143, 61
Trd, 4318561.343, 64
Trd, 4318563.093, 139
Trd, 4318563.943, 139
Trd, 4318564.743, 128
Trd, 4318565.693, 128
Trd, 4318567.143, 116
Trd, 4318567.593, 140
Trd, 4318567.643, 127
Trd, 4318568.393, 129
Trd, 4318568.643, 139
Trd, 4318569.193, 138
Trd, 4318570.243, 123
Trd, 4318571.243, 87
Trd, 4318572.093, 140
Trd, 4318572.843, 139
Trd, 4318573.043, 138
Trd, 4318573.643, 135
Trd, 4318573.743, 125
Trd, 4318575.093, 133
Trd, 4318575.393, 105
Trd, 4318576.243, 140
Trd, 4318578.643, 140
Trd, 4318579.743, 140
Trd, 4318579.843, 139
Trd, 4318580.643, 137
Trd, 4318580.993, 125
Trd, 4318582.293, 123
Trd, 4318582.443, 109
Trd, 4318582.793, 140
Trd, 4318584.693, 140
Trd, 4318585.393, 140
Trd, 4318585.543, 139
Trd, 4318586.643, 129
Trd, 4318586.693, 126
Trd, 4318587.943, 128
Trd, 4318588.443, 140
Trd, 4318589.643, 139
Trd, 4318590.443, 140
Trd, 4318590.593, 117
Trd, 4318591.343, 129
Trd, 4318592.343, 140
Trd, 4318592.443, 128
Trd, 4318594.043, 137
Trd, 4318594.393, 126
Trd, 4318594.593, 103
Trd, 4318594.643, 105
Trd, 4318595.893, 108
Trd, 4318596.543, 72
Trd, 4318597.993, 89
Trd, 4318599.743, 140
Trd, 4318599.893, 136
Trd, 4318600.543, 105
Trd, 4318601.293, 112
Trd, 4318601.543, 103
Trd, 4318602.743, 139
Trd, 4318603.293, 129
Trd, 4318604.143, 140
Trd, 4318604.643, 137
Trd, 4318604.993, 79
Trd, 4318605.743, 60
Trd, 4318606.843, 140
Trd, 4318607.193, 99
Trd, 4318607.243, 72
Trd, 4318607.843, 139
Trd, 4318608.493, 113
Trd, 4318609.243, 131
Trd, 4318610.043, 61
Trd, 4318610.193, 62
Trd, 4318611.943, 139
Trd, 4318612.443, 140
Trd, 4318613.243, 97
Trd, 4318613.393, 90
Trd, 4318615.193, 136
Trd, 4318616.043, 140
Trd, 4318616.093, 130
Trd, 4318617.743, 108
Trd, 4318618.343, 100
Trd, 4318618.743, 90
Trd, 4318619.743, 140
Trd, 4318620.093, 140
Trd, 4318620.693, 140
Trd, 4318621.243, 136
Trd, 4318621.393, 114
Trd, 4318622.243, 132
Trd, 4318622.393, 127
Trd, 4318624.493, 98
Trd, 4318624.693, 135
Trd, 4318624.793, 81
Trd, 4318625.743, 140
Trd, 4318626.543, 140
Trd, 4318626.893, 139
Trd, 4318627.293, 131
Trd, 4318629.043, 140
Trd, 4318629.193, 128
Trd, 4318630.393, 127
Trd, 4318630.843, 125
Trd, 4318631.493, 121
Trd, 4318633.143, 140
Trd, 4318634.893, 140
Trd, 4318635.493, 138
Trd, 4318636.293, 138
Trd, 4318636.393, 127
Trd, 4318638.093, 140
Trd, 4318638.543, 140
Trd, 4318638.993, 139
Trd, 4318639.693, 140
Trd, 4318640.343, 138
Trd, 4318641.693, 140
Trd, 4318642.443, 137
Trd, 4318643.893, 140
Trd, 4318644.043, 104
Trd, 4318644.943, 137
Trd, 4318645.793, 140
Trd, 4318645.943, 125
Trd, 4318648.043, 140
Trd, 4318648.193, 140
Trd, 4318648.393, 116
Trd, 4318649.493, 137
Trd, 4318650.443, 135
Trd, 4318650.543, 127
Trd, 4318651.793, 140
Trd, 4318652.043, 116
Trd, 4318652.493, 116
Trd, 4318652.693, 134
Trd, 4318652.993, 140
Trd, 4318654.893, 137
Trd, 4318656.743, 136
Trd, 4318656.843, 135
Trd, 4318657.643, 126
Trd, 4318658.293, 139
Trd, 4318658.893, 122
Trd, 4318659.593, 140
Trd, 4318659.843, 139
Trd, 4318660.443, 129
Trd, 4318660.993, 128
Trd, 4318661.343, 107
Trd, 4318662.293, 136
Trd, 4318663.243, 108
Trd, 4318663.743, 140
Trd, 4318664.043, 127
Trd, 4318664.693, 75
Trd, 4318665.843, 140
Trd, 4318666.443, 134
Trd, 4318667.993, 138
Trd, 4318669.393, 140
Trd, 4318670.193, 139
Trd, 4318670.443, 136
Trd, 4318670.643, 124
Trd, 4318671.793, 110
Trd, 4318672.493, 140
Trd, 4318673.043, 68
Trd, 4318673.143, 66
Trd, 4318673.443, 115
Trd, 4318673.543, 131
Trd, 4318674.443, 134
Trd, 4318676.743, 112
Trd, 4318677.443, 136
Trd, 4318678.343, 139
Trd, 4318678.993, 140
Trd, 4318680.693, 138
Trd, 4318681.293, 139
Trd, 4318681.643, 125
Trd, 4318682.843, 140
Trd, 4318682.943, 139
Trd, 4318684.893, 140
Trd, 4318685.293, 140
Trd, 4318685.943, 140
Trd, 4318686.193, 135
Trd, 4318686.493, 127
Trd, 4318687.093, 118
Trd, 4318687.493, 117
Trd, 4318688.293, 77
Trd, 4318688.343, 77
Trd, 4318689.293, 110
Trd, 4318692.393, 139
Trd, 4318692.893, 140
Trd, 4318693.143, 138
Trd, 4318693.793, 139
Trd, 4318694.393, 124
Trd, 4318696.843, 123
Trd, 4318697.793, 139
Trd, 4318697.993, 128
Trd, 4318698.493, 140
Trd, 4318698.593, 139
Trd, 4318699.693, 140
Trd, 4318700.393, 111
Trd, 4318701.993, 138
Trd, 4318702.793, 138
Trd, 4318702.993, 138
Trd, 4318703.343, 123
Trd, 4318703.393, 123
Trd, 4318704.693, 62
Trd, 4318705.393, 125
Trd, 4318707.243, 61
Trd, 4318707.993, 60
Trd, 4318708.543, 66
Trd, 4318709.093, 64
Trd, 4318709.393, 74
Trd, 4318709.643, 63
Trd, 4318710.943, 77
Trd, 4318711.393, 126
Trd, 4318711.843, 63
Trd, 4318712.293, 65
Trd, 4318713.043, 96
Trd, 4318713.193, 66
Trd, 4318715.093, 140
Trd, 4318715.493, 139
Trd, 4318718.093, 138
Trd, 4318718.993, 140
Trd, 4318719.293, 140
Trd, 4318719.643, 140
Trd, 4318720.743, 128
Trd, 4318720.793, 127
Trd, 4318721.693, 113
Trd, 4318721.893, 89
Trd, 4318722.643, 83
Trd, 4318723.193, 117
Trd, 4318723.643, 140
Trd, 4318724.943, 140
Trd, 4318725.943, 138
Trd, 4318726.793, 140
Trd, 4318726.993, 137
Trd, 4318727.693, 127
Trd, 4318730.243, 140
Trd, 4318730.843, 114
Trd, 4318731.043, 139
Trd, 4318732.693, 140
Trd, 4318733.443, 140
Trd, 4318734.193, 121
Trd, 4318734.943, 140
Trd, 4318736.593, 135
Trd, 4318736.693, 127
Trd, 4318736.793, 123
Trd, 4318737.543, 108
Trd, 4318738.543, 140
Trd, 4318739.143, 127
Trd, 4318739.393, 123
Trd, 4318739.893, 71
Trd, 4318743.443, 140
Trd, 4318743.743, 140
Trd, 4318744.793, 140
Trd, 4318745.093, 140
Trd, 4318746.093, 140
Trd, 4318746.843, 126
Trd, 4318748.293, 67
Trd, 4318748.943, 140
Trd, 4318749.293, 136
Trd, 4318751.343, 131
Trd, 4318751.643, 121
Trd, 4318751.943, 120
Trd, 4318753.243, 139
Trd, 4318753.593, 140
Trd, 4318755.293, 139
Trd, 4318755.843, 134
Trd, 4318756.043, 138
Trd, 4318756.643, 126
Trd, 4318757.693, 120
Trd, 4318758.093, 110
Trd, 4318758.743, 131
Trd, 4318759.593, 67
Trd, 4318759.943, 83
Trd, 4318760.193, 65
Trd, 4318760.493, 64
Trd, 4318761.843, 60
Trd, 4318763.443, 105
Trd, 4318764.843, 140
Trd, 4318765.043, 138
Trd, 4318765.293, 126
Trd, 4318765.893, 140
Trd, 4318766.893, 140
Trd, 4318767.543, 140
Trd, 4318767.643, 140
Trd, 4318768.493, 140
Trd, 4318768.993, 139
Trd, 4318769.593, 119
Trd, 4318770.343, 116
Trd, 4318771.343, 140
Trd, 4318771.693, 126
Trd, 4318772.143, 86
Trd, 4318772.293, 85
Trd, 4318773.143, 81
Trd, 4318773.243, 132
Trd, 4318773.943, 86
Trd, 4318775.143, 80
Trd, 4318775.543, 136
Trd, 4318776.993, 139
Trd, 4318777.993, 139
Trd, 4318778.893, 140
Trd, 4318779.793, 120
Trd, 4318781.043, 139
Trd, 4318781.743, 139
Trd, 4318781.893, 128
Trd, 4318783.343, 135
Trd, 4318784.293, 140
Trd, 4318784.593, 127
Trd, 4318785.043, 123
Trd, 4318785.143, 137
Trd, 4318785.493, 137
Trd, 4318785.693, 101
Trd, 4318786.743, 140
Trd, 4318787.393, 120
Trd, 4318788.093, 114
Trd, 4318789.193, 64
Trd, 4318789.593, 72
Trd, 4318790.593, 64
Trd, 4318790.743, 78
Trd, 4318791.543, 76
Trd, 4318792.543, 96
Trd, 4318793.543, 140
Trd, 4318793.893, 133
Trd, 4318794.043, 110
Trd, 4318794.493, 72
Trd, 4318794.643, 69
Trd, 4318794.943, 140
Trd, 4318795.943, 60
Trd, 4318797.393, 68
Trd, 4318797.643, 79
Trd, 4318798.343, 60
Trd, 4318798.643, 68
Trd, 4318799.693, 114
Trd, 4318800.643, 140
Trd, 4318801.043, 139
Trd, 4318801.943, 125
Trd, 4318802.693, 114
Trd, 4318803.643, 105
Trd, 4318803.943, 138
Trd, 4318804.043, 136
Trd, 4318805.493, 100
Trd, 4318806.293, 139
Trd, 4318807.043, 60
Trd, 4318807.643, 62
Trd, 4318808.643, 73
Trd, 4318808.793, 61
Trd, 4318809.793, 139
Trd, 4318811.593, 138
Trd, 4318811.793, 126
Trd, 4318812.393, 140
Trd, 4318813.543, 140
Trd, 4318813.993, 127
Trd, 4318814.443, 140
Trd, 4318814.843, 133
Trd, 4318815.693, 126
Trd, 4318816.343, 114
Trd, 4318816.393, 97
Trd, 4318817.243, 113
Trd, 4318817.793, 140
Trd, 4318820.043, 140
Trd, 4318820.293, 140
Trd, 4318821.193, 139
Trd, 4318822.193, 120
Trd, 4318822.943, 128
Trd, 4318824.393, 138
Trd, 4318825.543, 119
Trd, 4318825.893, 136
Trd, 4318826.043, 109
Trd, 4318826.693, 63
Trd, 4318826.993, 64
Trd, 4318827.793, 63
Trd, 4318827.993, 139
Trd, 4318828.843, 140
Trd, 4318829.093, 127
Trd, 4318829.743, 123
Trd, 4318830.493, 126
Trd, 4318830.893, 69
Trd, 4318831.043, 60
Trd, 4318832.043, 140
Trd, 4318832.543, 62
Trd, 4318833.793, 71
Trd, 4318834.543, 63
Trd, 4318835.643, 77
Trd, 4318836.443, 66
Trd, 4318836.543, 74
Trd, 4318838.043, 140
Trd, 4318838.593, 139
Trd, 4318839.493, 116
Trd, 4318839.943, 98
Trd, 4318840.043, 63
Trd, 4318841.193, 112
Trd, 4318841.743, 98
Trd, 4318842.643, 138
Trd, 4318842.793, 128
Trd, 4318844.193, 140
Trd, 4318845.993, 139
Trd, 4318846.593, 127
Trd, 4318846.793, 126
Trd, 4318847.093, 140
Trd, 4318847.643, 91
Trd, 4318848.093, 90
Trd, 4318849.293, 82
Trd, 4318851.093, 119
Trd, 4318851.443, 138
Trd, 4318851.893, 113
Trd, 4318853.543, 140
Trd, 4318853.843, 128
Trd, 4318854.443, 140
Trd, 4318854.793, 140
Trd, 4318855.443, 138
Trd, 4318855.593, 126
Trd, 4318856.643, 109
Trd, 4318858.143, 137
Trd, 4318859.143, 133
Trd, 4318859.193, 125
Trd, 4318859.693, 102
Trd, 4318861.243, 140
Trd, 4318862.043, 127
Trd, 4318862.343, 140
Trd, 4318862.593, 116
Trd, 4318863.843, 126
Trd, 4318864.043, 116
Trd, 4318865.743, 138
Trd, 4318866.493, 89
Trd, 4318866.543, 79
Trd, 4318866.643, 139
Trd, 4318866.793, 72
Trd, 4318866.993, 140
Trd, 4318868.043, 60
Trd, 4318869.193, 139
Trd, 4318869.243, 138
Trd, 4318869.893, 120
Trd, 4318870.093, 117
Trd, 4318872.093, 140
Trd, 4318872.743, 140
Trd, 4318872.993, 120
Trd, 4318873.693, 140
Trd, 4318875.243, 125
Trd, 4318875.643, 131
Trd, 4318875.693, 120
Trd, 4318876.343, 129
Trd, 4318877.843, 140
Trd, 4318878.343, 140
Trd, 4318880.293, 140
Trd, 4318881.493, 139
Trd, 4318882.293, 139
Trd, 4318882.343, 129
Trd, 4318882.743, 128
Trd, 4318883.243, 106
Trd, 4318883.843, 139
Trd, 4318884.043, 94
Trd, 4318884.593, 131
Trd, 4318886.293, 140
Trd, 4318886.393, 136
Trd, 4318887.443, 92
Trd, 4318887.843, 102
Trd, 4318888.143, 136
Trd, 4318888.893, 135
Trd, 4318889.593, 127
Trd, 4318890.343, 127
Trd, 4318891.493, 138
Trd, 4318891.743, 137
Trd, 4318892.143, 138
Trd, 4318892.243, 117
Trd, 4318894.393, 140
Trd, 4318894.743, 140
Trd, 4318895.093, 140
Trd, 4318896.493, 115
Trd, 4318896.543, 113
Trd, 4318896.643, 105
Trd, 4318897.593, 103
Trd, 4318898.743, 84
Trd, 4318899.343, 140
Trd, 4318900.793, 139
Trd, 4318901.593, 139
Trd, 4318901.843, 136
Trd, 4318902.093, 129
Trd, 4318903.243, 140
Trd, 4318903.443, 139
Trd, 4318903.743, 127
Trd, 4318905.843, 139
Trd, 4318906.093, 136
Trd, 4318906.743, 140
Trd, 4318906.893, 99
Trd, 4318908.143, 129
Trd, 4318908.993, 137
Trd, 4318910.093, 140
Trd, 4318910.343, 127
Trd, 4318910.943, 126
Trd, 4318912.693, 111
Trd, 4318913.643, 106
Trd, 4318914.743, 114
Trd, 4318914.793, 92
Trd, 4318914.993, 120
Trd, 4318915.043, 90
Trd, 4318915.393, 131
Trd, 4318916.343, 70
Trd, 4318917.643, 61
Trd, 4318918.593, 61
Trd, 4318919.043, 61
Trd, 4318920.493, 122
Trd, 4318920.543, 121
Trd, 4318921.143, 60
Trd, 4318921.843, 140
Trd, 4318922.793, 128
Trd, 4318923.893, 120
Trd, 4318924.043, 112
Trd, 4318924.593, 62
Trd, 4318924.643, 79
Trd, 4318925.943, 63
Trd, 4318928.493, 61
Trd, 4318928.993, 63
Trd, 4318929.293, 62
Trd, 4318929.443, 72
Trd, 4318929.793, 70
Trd, 4318932.343, 61
Trd, 4318932.893, 61
Trd, 4318933.243, 62
Trd, 4318933.993, 70
Trd, 4318934.293, 64
Trd, 4318934.643, 61
Trd, 4318935.443, 70
Trd, 4318936.293, 81
Trd, 4318936.393, 89
Trd, 4318936.693, 137
Trd, 4318936.943, 70
Trd, 4318937.293, 70
Trd, 4318938.343, 68
Trd, 4318938.993, 60
Trd, 4318939.543, 70
Trd, 4318940.843, 138
Trd, 4318941.843, 140
Trd, 4318942.093, 140
Trd, 4318943.043, 136
Trd, 4318943.093, 66
Trd, 4318945.343, 139
Trd, 4318945.643, 123
Trd, 4318945.943, 138
Trd, 4318946.343, 139
Trd, 4318947.393, 138
Trd, 4318948.193, 67
Trd, 4318948.793, 65
Trd, 4318949.143, 60
Trd, 4318949.543, 70
Trd, 4318951.843, 137
Trd, 4318952.393, 138
Trd, 4318952.593, 140
Trd, 4318953.043, 127
Trd, 4318953.643, 105
Trd, 4318954.793, 139
Trd, 4318954.943, 138
Trd, 4318955.343, 130
Trd, 4318955.493, 124
Trd, 4318956.093, 140
Trd, 4318956.743, 61
Trd, 4318958.243, 61
Trd, 4318958.843, 140
Trd, 4318959.393, 121
Trd, 4318959.593, 139
Trd, 4318961.793, 112
Trd, 4318962.093, 124
Trd, 4318963.343, 139
Trd, 4318963.793, 140
Trd, 4318965.443, 139
Trd, 4318966.143, 140
Trd, 4318966.193, 135
Trd, 4318966.843, 121
Trd, 4318967.843, 138
Trd, 4318969.443, 120
Trd, 4318969.493, 119
Trd, 4318970.043, 112
Trd, 4318972.593, 108
Trd, 4318972.743, 140
Trd, 4318973.593, 140
Trd, 4318974.393, 140
Trd, 4318976.093, 110
Trd, 4318976.693, 130
Trd, 4318976.993, 133
Trd, 4318977.443, 140
Trd, 4318977.643, 118
Trd, 4318977.893, 111
Trd, 4318978.993, 76
Trd, 4318979.193, 117
Trd, 4318979.893, 85
Trd, 4318980.193, 136
Trd, 4318981.393, 77
Trd, 4318981.843, 140
Trd, 4318982.393, 135
Trd, 4318983.093, 120
Trd, 4318983.593, 117
Trd, 4318984.543, 110
Trd, 4318984.993, 83
Trd, 4318986.043, 104
Trd, 4318987.793, 138
Trd, 4318988.193, 139
Trd, 4318988.743, 135
Trd, 4318988.793, 127
Trd, 4318990.393, 140
Trd, 4318990.893, 139
Trd, 4318992.493, 140
Trd, 4318992.893, 136
Trd, 4318993.243, 125
Trd, 4318993.893, 112
Trd, 4318994.293, 111
Trd, 4318996.493, 140
Trd, 4318997.193, 134
Trd, 4318998.143, 137
Trd, 4319000.143, 140
Trd, 4319000.443, 132
Trd, 4319000.593, 115
Trd, 4319001.943, 140
Trd, 4319002.393, 140
Trd, 4319002.943, 140
Trd, 4319004.243, 114
Trd, 4319004.543, 62
Trd, 4319006.643, 140
Trd, 4319007.143, 140
Trd, 4319007.943, 137
Trd, 4319008.193, 136
Trd, 4319008.843, 140
Trd, 4319009.443, 116
Trd, 4319009.493, 111
Trd, 4319010.743, 108
Trd, 4319011.293, 140
Trd, 4319013.293, 140
Trd, 4319013.443, 140
Trd, 4319013.693, 130
Trd, 4319015.543, 140
Trd, 4319015.643, 125
Trd, 4319016.343, 124
Trd, 4319016.443, 117
Trd, 4319017.893, 140
Trd, 4319018.293, 135
Trd, 4319020.643, 139
Trd, 4319020.693, 139
Trd, 4319020.943, 128
Trd, 4319021.693, 140
Trd, 4319022.293, 140
Trd, 4319023.243, 130
Trd, 4319023.393, 124
Trd, 4319023.643, 139
Trd, 4319026.193, 139
Trd, 4319026.643, 100
Trd, 4319026.943, 99
Trd, 4319027.193, 98
Trd, 4319028.843, 125
Trd, 4319029.293, 108
Trd, 4319030.193, 139
Trd, 4319030.943, 134
Trd, 4319030.993, 124
Trd, 4319031.393, 119
Trd, 4319031.843, 84
Trd, 4319033.193, 131
Trd, 4319033.943, 137
Trd, 4319035.243, 139
Trd, 4319035.443, 129
Trd, 4319035.893, 128
Trd, 4319037.393, 140
Trd, 4319037.643, 140
Trd, 4319037.843, 127
Trd, 4319038.443, 120
Trd, 4319038.643, 117
Trd, 4319039.393, 138
Trd, 4319040.443, 140
Trd, 4319041.793, 140
Trd, 4319042.543, 140
Trd, 4319042.743, 140
Trd, 4319044.043, 140
Trd, 4319044.943, 140
Trd, 4319046.893, 140
Trd, 4319047.043, 132
Trd, 4319047.593, 127
Trd, 4319047.943, 127
Trd, 4319048.593, 125
Trd, 4319048.743, 114
Trd, 4319049.293, 111
Trd, 4319051.343, 140
Trd, 4319051.543, 140
Trd, 4319051.943, 130
Trd, 4319052.443, 127
Trd, 4319053.343, 140
Trd, 4319053.593, 134
Trd, 4319054.443, 135
Trd, 4319055.243, 118
Trd, 4319055.343, 69
Trd, 4319056.193, 134
Trd, 4319056.693, 62
Trd, 4319056.943, 73
Trd, 4319057.243, 140
Trd, 4319058.293, 140
Trd, 4319059.593, 114
Trd, 4319059.893, 105
Trd, 4319061.793, 140
Trd, 4319061.893, 137
Trd, 4319062.393, 140
Trd, 4319063.293, 135
Trd, 4319063.743, 124
Trd, 4319065.143, 136
Trd, 4319066.093, 122
Trd, 4319066.443, 121
Trd, 4319066.643, 138
Trd, 4319066.693, 112
Trd, 4319067.093, 133
Trd, 4319067.393, 76
Trd, 4319070.343, 140
Trd, 4319070.493, 139
Trd, 4319070.993, 138
Trd, 4319072.993, 135
Trd, 4319073.093, 132
Trd, 4319073.193, 126
Trd, 4319074.843, 140
Trd, 4319074.893, 137
Trd, 4319075.643, 100
Trd, 4319075.793, 71
Trd, 4319076.643, 140
Trd, 4319076.793, 140
Trd, 4319077.393, 138
Trd, 4319077.843, 131
Trd, 4319078.693, 127
Trd, 4319080.043, 126
Trd, 4319080.793, 140
Trd, 4319081.743, 140
Trd, 4319082.543, 138
Trd, 4319083.493, 139
Trd, 4319084.493, 126
Trd, 4319084.543, 115
Trd, 4319084.793, 95
Trd, 4319086.493, 132
Trd, 4319087.943, 140
Trd, 4319088.343, 140
Trd, 4319089.443, 140
Trd, 4319090.043, 139
Trd, 4319090.193, 118
Trd, 4319090.643, 132
Trd, 4319091.393, 129
Trd, 4319093.193, 123
Trd, 4319093.543, 119
Trd, 4319093.793, 136
Trd, 4319094.643, 140
Trd, 4319094.793, 75
Trd, 4319097.143, 127
Trd, 4319097.343, 120
Trd, 4319097.443, 116
Trd, 4319097.493, 89
Trd, 4319097.943, 64
Trd, 4319098.893, 60
Trd, 4319099.343, 61
Trd, 4319100.393, 62
Trd, 4319101.043, 136
Trd, 4319101.143, 125
Trd, 4319102.193, 140
Trd, 4319103.043, 63
Trd, 4319103.493, 122
Trd, 4319103.843, 70
Trd, 4319106.243, 140
Trd, 4319106.543, 140
Trd, 4319106.643, 140
Trd, 4319107.543, 140
Trd, 4319107.643, 140
Trd, 4319108.043, 140
Trd, 4319109.643, 140
Trd, 4319110.643, 140
Trd, 4319110.743, 127
Trd, 4319111.743, 133
Trd, 4319113.043, 122
Trd, 4319113.443, 136
Trd, 4319114.743, 140
Trd, 4319116.293, 102
Trd, 4319116.543, 140
Trd, 4319116.843, 117
Trd, 4319117.493, 103
Trd, 4319117.643, 134
Trd, 4319118.093, 118
Trd, 4319118.593, 100
Trd, 4319119.443, 98
Trd, 4319119.743, 92
Trd, 4319119.793, 95
Trd, 4319121.393, 140
Trd, 4319121.593, 130
Trd, 4319123.343, 136
Trd, 4319123.943, 139
Trd, 4319124.943, 138
Trd, 4319126.293, 139
Trd, 4319126.993, 138
Trd, 4319127.043, 127
Trd, 4319128.093, 119
Trd, 4319128.543, 134
Trd, 4319128.793, 134
Trd, 4319129.143, 120
Trd, 4319129.743, 140
Trd, 4319130.593, 116
Trd, 4319131.043, 128
Trd, 4319132.493, 139
Trd, 4319132.943, 130
Trd, 4319133.293, 140
Trd, 4319133.743, 101
Trd, 4319134.793, 72
Trd, 4319135.093, 74
Trd, 4319135.793, 64
Trd, 4319136.343, 72
Trd, 4319137.093, 140
Trd, 4319138.543, 63
Trd, 4319138.893, 67
Trd, 4319139.743, 138
Trd, 4319140.993, 140
Trd, 4319141.243, 136
Trd, 4319141.393, 135
Trd, 4319142.693, 139
Trd, 4319143.543, 138
Trd, 4319144.293, 127
Trd, 4319145.793, 117
Trd, 4319145.993, 116
Trd, 4319146.393, 117
Trd, 4319146.943, 140
Trd, 4319147.643, 139
Trd, 4319149.043, 118
Trd, 4319149.443, 110
Trd, 4319150.943, 140
Trd, 4319151.593, 137
Trd, 4319151.993, 128
Trd, 4319152.093, 75
Trd, 4319152.293, 80
Trd, 4319152.743, 60
Trd, 4319152.993, 65
Trd, 4319153.593, 115
Trd, 4319154.243, 63
Trd, 4319155.793, 110
Trd, 4319156.143, 125
Trd, 4319156.643, 104
Trd, 4319156.993, 125
Trd, 4319157.193, 100
Trd, 4319159.293, 140
Trd, 4319160.193, 121
Trd, 4319160.393, 140
Trd, 4319160.493, 121
Trd, 4319161.543, 125
Trd, 4319161.643, 116
Trd, 4319162.293, 109
Trd, 4319163.143, 140
Trd, 4319163.343, 108
Trd, 4319163.893, 140
Trd, 4319164.243, 102
Trd, 4319165.543, 129
Trd, 4319166.893, 100
Trd, 4319167.093, 101
Trd, 4319167.593, 99
Trd, 4319167.943, 77
Trd, 4319168.393, 97
Trd, 4319169.243, 139
Trd, 4319169.343, 140
Trd, 4319171.443, 140
Trd, 4319172.043, 140
Trd, 4319172.893, 140
Trd, 4319173.143, 140
Trd, 4319173.593, 127
Trd, 4319175.643, 132
Trd, 4319176.193, 135
Trd, 4319177.043, 140
Trd, 4319177.393, 137
Trd, 4319177.893, 74
Trd, 4319178.743, 114
Trd, 4319179.543, 65
Trd, 4319179.743, 73
Trd, 4319180.643, 62
Trd, 4319180.793, 71
Trd, 4319181.643, 60
Trd, 4319182.143, 83
Trd, 4319183.093, 92
Trd, 4319183.693, 70
Trd, 4319184.343, 93
Trd, 4319184.593, 69
Trd, 4319185.693, 140
Trd, 4319186.393, 140
Trd, 4319188.143, 139
Trd, 4319189.093, 140
Trd, 4319189.543, 139
Trd, 4319189.943, 127
Trd, 4319190.093, 127
Trd, 4319190.693, 100
Trd, 4319191.743, 139
Trd, 4319191.843, 138
Trd, 4319193.093, 140
Trd, 4319193.943, 139
Trd, 4319194.893, 139
Trd, 4319195.293, 126
Trd, 4319196.443, 140
Trd, 4319196.843, 127
Trd, 4319197.043, 140
Trd, 4319198.993, 140
Trd, 4319199.893, 138
Trd, 4319200.393, 127
Trd, 4319200.493, 116
Trd, 4319201.493, 140
Trd, 4319201.943, 140
Trd, 4319202.343, 140
Trd, 4319203.043, 139
Trd, 4319203.343, 139
Trd, 4319205.193, 121
Trd, 4319205.243, 124
Trd, 4319206.143, 133
Trd, 4319206.343, 122
Trd, 4319206.943, 113
Trd, 4319207.293, 61
Trd, 4319207.693, 138
Trd, 4319208.943, 63
Trd, 4319209.693, 61
Trd, 4319210.243, 72
Trd, 4319210.343, 73
Trd, 4319210.443, 69
Trd, 4319213.143, 115
Trd, 4319213.443, 108
Trd, 4319213.743, 134
Trd, 4319214.443, 94
Trd, 4319215.393, 140
Trd, 4319215.843, 139
Trd, 4319216.093, 129
Trd, 4319216.643, 94
Trd, 4319217.093, 64
Trd, 4319218.493, 139
Trd, 4319218.543, 127
Trd, 4319219.943, 112
Trd, 4319220.293, 126
Trd, 4319221.443, 140
Trd, 4319221.693, 139
Trd, 4319221.843, 127
Trd, 4319222.493, 62
Trd, 4319222.593, 90
Trd, 4319223.193, 79
Trd, 4319224.043, 132
Trd, 4319225.993, 140
Trd, 4319226.043, 139
Trd, 4319226.293, 139
Trd, 4319226.443, 138
Trd, 4319226.543, 130
Trd, 4319227.543, 127
Trd, 4319227.743, 113
Trd, 4319228.393, 139
Trd, 4319230.243, 121
Trd, 4319230.643, 127
Trd, 4319232.943, 139
Trd, 4319232.993, 126
Trd, 4319233.193, 73
Trd, 4319233.643, 132
Trd, 4319234.643, 139
Trd, 4319235.693, 136
Trd, 4319236.243, 116
Trd, 4319237.093, 102
Trd, 4319238.343, 140
Trd, 4319238.893, 140
Trd, 4319239.243, 140
Trd, 4319240.293, 140
Trd, 4319240.993, 138
Trd, 4319241.743, 126
Trd, 4319241.843, 101
Trd, 4319242.593, 139
Trd, 4319242.843, 110
Trd, 4319244.493, 140
Trd, 4319244.643, 127
Trd, 4319245.543, 139
Trd, 4319246.093, 136
Trd, 4319246.793, 140
Trd, 4319247.243, 139
Trd, 4319248.693, 140
Trd, 4319248.993, 63
Trd, 4319250.143, 139
Trd, 4319250.393, 129
Trd, 4319250.643, 65
Trd, 4319251.343, 105
Trd, 4319251.643, 126
Trd, 4319253.143, 98
Trd, 4319254.493, 140
Trd, 4319254.593, 140
Trd, 4319254.943, 140
Trd, 4319255.143, 111
Trd, 4319255.443, 105
Trd, 4319256.193, 134
Trd, 4319257.343, 140
Trd, 4319257.643, 109
Trd, 4319259.043, 92
Trd, 4319259.493, 84
Trd, 4319259.943, 85
Trd, 4319259.993, 79
Trd, 4319260.043, 107
Trd, 4319260.743, 64
Trd, 4319261.493, 72
Trd, 4319262.593, 137
Trd, 4319262.643, 136
Trd, 4319263.143, 109
Trd, 4319263.993, 139
Trd, 4319264.593, 139
Trd, 4319266.443, 140
Trd, 4319267.843, 140
Trd, 4319268.143, 128
Trd, 4319268.193, 117
Trd, 4319269.293, 129
Trd, 4319271.143, 137
Trd, 4319272.093, 140
Trd, 4319273.343, 136
Trd, 4319273.643, 126
Trd, 4319273.793, 103
Trd, 4319274.693, 118
Trd, 4319275.043, 101
Trd, 4319275.193, 139
Trd, 4319275.643, 92
Trd, 4319277.293, 140
Trd, 4319277.993, 139
Trd, 4319278.943, 137
Trd, 4319279.193, 126
Trd, 4319279.693, 126
Trd, 4319280.293, 140
Trd, 4319281.343, 139
Trd, 4319282.443, 140
Trd, 4319282.843, 134
Trd, 4319283.493, 140
Trd, 4319283.643, 127
Trd, 4319284.643, 96
Trd, 4319284.743, 69
Trd, 4319285.493, 138
Trd, 4319286.943, 60
Trd, 4319287.143, 77
Trd, 4319289.043, 99
Trd, 4319290.243, 72
Trd, 4319290.293, 87
Trd, 4319290.493, 109
Trd, 4319292.593, 61
Trd, 4319292.643, 80
Trd, 4319293.293, 91
Trd, 4319294.093, 140
Trd, 4319295.293, 125
Trd, 4319296.243, 119
Trd, 4319296.343, 111
Trd, 4319296.593, 110
Trd, 4319296.893, 105
Trd, 4319297.043, 118
Trd, 4319298.043, 128
Trd, 4319299.043, 78
Trd, 4319299.643, 67
Trd, 4319299.843, 75
Trd, 4319300.943, 140
Trd, 4319302.043, 129
Trd, 4319302.593, 137
Trd, 4319304.043, 133
Trd, 4319304.893, 140
Trd, 4319305.843, 140
Trd, 4319306.943, 132
Trd, 4319307.243, 130
Trd, 4319307.693, 125
Trd, 4319307.743, 89
Trd, 4319307.943, 82
Trd, 4319308.643, 92
Trd, 4319309.193, 87
Trd, 4319311.293, 140
Trd, 4319311.393, 138
Trd, 4319311.443, 129
Trd, 4319311.993, 118
Trd, 4319312.943, 137
Trd, 4319313.193, 134
Trd, 4319313.843, 94
Trd, 4319315.143, 89
Trd, 4319316.793, 140
Trd, 4319317.043, 140
Trd, 4319317.343, 127
Trd, 4319317.643, 132
Trd, 4319318.543, 140
Trd, 4319318.993, 140
Trd, 4319320.393, 140
Trd, 4319321.443, 140
Trd, 4319322.043, 138
Trd, 4319322.393, 127
Trd, 4319322.793, 126
Trd, 4319323.443, 135
Trd, 4319323.993, 131
Trd, 4319325.093, 138
Trd, 4319325.293, 119
Trd, 4319325.893, 107
Trd, 4319326.093, 68
Trd, 4319326.193, 61
Trd, 4319328.043, 61
Trd, 4319328.693, 61
Trd, 4319329.893, 61
Trd, 4319330.243, 60
Trd, 4319331.243, 63
Trd, 4319331.793, 76
Trd, 4319332.693, 136
Trd, 4319332.793, 88
Trd, 4319334.143, 140
Trd, 4319335.093, 140
Trd, 4319335.343, 139
Trd, 4319335.693, 127
Trd, 4319336.143, 90
Trd, 4319337.993, 139
Trd, 4319338.043, 132
Trd, 4319338.543, 140
Trd, 4319338.993, 139
Trd, 4319340.343, 139
Trd, 4319341.643, 136
Trd, 4319343.043, 140
Trd, 4319343.343, 140
Trd, 4319344.143, 138
Trd, 4319345.193, 140
Trd, 4319345.293, 126
Trd, 4319346.393, 108
Trd, 4319346.743, 140
Trd, 4319349.443, 140
Trd, 4319349.843, 140
Trd, 4319349.993, 140
Trd, 4319350.193, 127
Trd, 4319351.893, 140
Trd, 4319352.043, 140
Trd, 4319352.193, 126
Trd, 4319353.643, 140
Trd, 4319354.443, 140
Trd, 4319355.243, 140
Trd, 4319355.643, 130
Trd, 4319356.543, 139
Trd, 4319356.593, 101
Trd, 4319356.743, 101
Trd, 4319358.393, 139
Trd, 4319359.043, 121
Trd, 4319359.543, 96
Trd, 4319359.943, 123
Trd, 4319361.143, 140
Trd, 4319361.893, 140
Trd, 4319362.393, 113
Trd, 4319362.743, 132
Trd, 4319363.543, 136
Trd, 4319363.843, 99
Trd, 4319364.743, 140
Trd, 4319365.143, 135
Trd, 4319366.193, 132
Trd, 4319366.593, 137
Trd, 4319367.693, 140
Trd, 4319368.393, 105
Trd, 4319369.243, 60
Trd, 4319370.193, 65
Trd, 4319370.893, 86
Trd, 4319372.143, 60
Trd, 4319372.193, 106
Trd, 4319373.393, 62
Trd, 4319374.093, 123
Trd, 4319375.443, 97
Trd, 4319375.543, 105
Trd, 4319375.743, 72
Trd, 4319376.643, 140
Trd, 4319378.593, 129
Trd, 4319378.643, 121
Trd, 4319379.943, 139
Trd, 4319380.593, 122
Trd, 4319380.693, 86
Trd, 4319381.293, 140
Trd, 4319381.893, 140
Trd, 4319383.243, 140
Trd, 4319383.643, 134
Trd, 4319386.343, 126
Trd, 4319386.543, 117
Trd, 4319386.793, 63
Trd, 4319387.543, 140
Trd, 4319388.043, 136
Trd, 4319388.193, 135
Trd, 4319388.443, 96
Trd, 4319389.943, 139
Trd, 4319391.193, 96
Trd, 4319391.543, 135
Trd, 4319391.993, 78
Trd, 4319392.493, 108
Trd, 4319393.343, 120
Trd, 4319394.593, 87
Trd, 4319394.693, 80
Trd, 4319395.443, 136
Trd, 4319396.243, 124
Trd, 4319397.393, 86
Trd, 4319397.843, 129
Trd, 4319398.493, 140
Trd, 4319398.793, 91
Trd, 4319398.893, 128
Trd, 4319401.043, 140
Trd, 4319401.243, 140
Trd, 4319401.443, 128
Trd, 4319401.493, 123
Trd, 4319401.693, 137
Trd, 4319401.943, 61
Trd, 4319403.293, 120
Trd, 4319404.943, 134
Trd, 4319405.943, 93
Trd, 4319406.293, 89
Trd, 4319406.343, 87
Trd, 4319406.543, 76
Trd, 4319407.693, 114
Trd, 4319408.043, 128
Trd, 4319409.493, 140
Trd, 4319410.343, 140
Trd, 4319410.543, 137
Trd, 4319411.143, 127
Trd, 4319412.043, 61
Trd, 4319412.143, 60
Trd, 4319412.593, 66
Trd, 4319412.843, 72
Trd, 4319413.393, 99
Trd, 4319414.643, 61
Trd, 4319414.843, 64
Trd, 4319415.543, 97
Trd, 4319416.893, 139
Trd, 4319417.343, 138
Trd, 4319418.993, 117
Trd, 4319419.243, 77
Trd, 4319420.393, 124
Trd, 4319420.443, 115
Trd, 4319420.593, 83
Trd, 4319421.643, 61
Trd, 4319422.093, 140
Trd, 4319424.343, 140
Trd, 4319424.393, 138
Trd, 4319424.843, 80
Trd, 4319425.043, 140
Trd, 4319426.293, 139
Trd, 4319427.343, 136
Trd, 4319429.343, 138
Trd, 4319429.843, 139
Trd, 4319430.793, 138
Trd, 4319431.243, 138
Trd, 4319431.443, 140
Trd, 4319433.343, 140
Trd, 4319433.643, 138
Trd, 4319433.993, 122
Trd, 4319435.343, 97
Trd, 4319435.893, 129
Trd, 4319436.043, 140
Trd, 4319436.243, 85
Trd, 4319437.643, 134
Trd, 4319439.393, 140
Trd, 4319439.543, 128
Trd, 4319440.993, 118
Trd, 4319441.743, 137
Trd, 4319442.193, 137
Trd, 4319442.593, 125
Trd, 4319443.143, 140
Trd, 4319443.343, 117
Trd, 4319445.943, 137
Trd, 4319446.643, 140
Trd, 4319447.893, 140
Trd, 4319447.943, 140
Trd, 4319448.093, 138
Trd, 4319448.143, 127
Trd, 4319449.743, 138
Trd, 4319449.893, 129
Trd, 4319450.193, 136
Trd, 4319450.643, 90
Trd, 4319451.493, 136
Trd, 4319452.893, 136
Trd, 4319455.243, 140
Trd, 4319455.993, 140
Trd, 4319456.043, 131
Trd, 4319456.843, 139
Trd, 4319457.243, 139
Trd, 4319458.093, 128
Trd, 4319459.343, 139
Trd, 4319460.543, 96
Trd, 4319460.693, 115
Trd, 4319460.943, 122
Trd, 4319461.343, 65
Trd, 4319461.543, 65
Trd, 4319462.343, 97
Trd, 4319462.693, 126
Trd, 4319464.593, 61
Trd, 4319464.643, 68
Trd, 4319465.343, 78
Trd, 4319465.543, 66
Trd, 4319466.043, 106
Trd, 4319466.893, 139
Trd, 4319467.543, 127
Trd, 4319467.893, 119
Trd, 4319468.443, 91
Trd, 4319469.043, 134
Trd, 4319470.043, 113
Trd, 4319470.093, 119
Trd, 4319470.593, 97
Trd, 4319472.293, 116
Trd, 4319473.043, 139
Trd, 4319473.993, 137
Trd, 4319474.243, 126
Trd, 4319474.443, 125
Trd, 4319475.893, 132
Trd, 4319476.543, 138
Trd, 4319476.643, 102
Trd, 4319476.893, 137
Trd, 4319477.343, 103
Trd, 4319479.543, 140
Trd, 4319479.743, 121
Trd, 4319480.043, 133
Trd, 4319480.143, 61
Trd, 4319480.943, 140
Trd, 4319481.793, 140
Trd, 4319482.893, 138
Trd, 4319483.043, 112
Trd, 4319483.143, 140
Trd, 4319483.443, 133
Trd, 4319484.643, 91
Trd, 4319485.843, 125
Trd, 4319486.093, 132
Trd, 4319486.443, 108
Trd, 4319487.943, 137
Trd, 4319488.343, 79
Trd, 4319489.193, 60
Trd, 4319489.393, 70
Trd, 4319489.543, 95
Trd, 4319491.243, 69
Trd, 4319492.243, 72
Trd, 4319492.643, 62
Trd, 4319495.193, 140
Trd, 4319495.343, 140
Trd, 4319495.693, 128
Trd, 4319496.643, 129
Trd, 4319496.843, 139
Trd, 4319497.843, 140
Trd, 4319498.693, 140
Trd, 4319499.043, 127
Trd, 4319499.143, 121
Trd, 4319500.343, 132
Trd, 4319500.893, 121
Trd, 4319501.993, 140
Trd, 4319502.243, 139
Trd, 4319502.993, 140
Trd, 4319504.043, 139
Trd, 4319504.443, 138
Trd, 4319504.993, 91
Trd, 4319505.293, 140
Trd, 4319505.993, 60
Trd, 4319507.693, 130
Trd, 4319508.993, 120
Trd, 4319509.143, 111
Trd, 4319509.293, 111
Trd, 4319509.843, 129
Trd, 4319510.043, 140
Trd, 4319510.343, 140
Trd, 4319512.743, 138
Trd, 4319513.493, 140
Trd, 4319513.593, 140
Trd, 4319515.293, 132
Trd, 4319516.193, 139
Trd, 4319517.493, 140
Trd, 4319517.693, 127
Trd, 4319518.593, 136
Trd, 4319518.643, 136
Trd, 4319519.543, 140
Trd, 4319521.843, 132
Trd, 4319523.043, 139
Trd, 4319523.143, 114
Trd, 4319523.693, 85
Trd, 4319523.793, 86
Trd, 4319524.443, 136
Trd, 4319526.293, 139
Trd, 4319527.093, 139
Trd, 4319528.593, 135
Trd, 4319528.793, 134
Trd, 4319528.843, 126
Trd, 4319529.793, 140
Trd, 4319530.243, 103
Trd, 4319530.393, 78
Trd, 4319530.943, 135
Trd, 4319531.743, 128
Trd, 4319532.593, 60
Trd, 4319533.443, 61
Trd, 4319533.593, 60
Trd, 4319534.543, 140
Trd, 4319535.743, 140
Trd, 4319536.593, 138
Trd, 4319537.693, 103
Trd, 4319537.843, 94
Trd, 4319538.393, 82
Trd, 4319538.993, 117
Trd, 4319539.393, 136
Trd, 4319539.643, 136
Trd, 4319540.993, 140
Trd, 4319542.243, 140
Trd, 4319542.493, 139
Trd, 4319542.593, 127
Trd, 4319544.143, 137
Trd, 4319544.543, 139
Trd, 4319545.343, 136
Trd, 4319546.243, 128
Trd, 4319546.593, 120
Trd, 4319546.643, 119
Trd, 4319547.193, 112
Trd, 4319547.993, 140
Trd, 4319548.143, 91
Trd, 4319549.243, 80
Trd, 4319549.793, 140
Trd, 4319550.443, 139
Trd, 4319551.143, 118
Trd, 4319552.243, 139
Trd, 4319553.043, 140
Trd, 4319553.593, 129
Trd, 4319554.193, 118
Trd, 4319555.093, 140
Trd, 4319555.193, 116
Trd, 4319556.143, 60
Trd, 4319557.543, 64
Trd, 4319557.593, 65
Trd, 4319558.493, 80
Trd, 4319558.593, 83
Trd, 4319559.943, 61
Trd, 4319560.643, 69
Trd, 4319562.093, 60
Trd, 4319562.243, 65
Trd, 4319563.343, 64
Trd, 4319564.443, 87
Trd, 4319565.143, 75
Trd, 4319565.293, 65
Trd, 4319565.543, 91
Trd, 4319566.693, 65
Trd, 4319566.743, 74
Trd, 4319567.443, 123
Trd, 4319569.043, 80
Trd, 4319569.943, 74
Trd, 4319570.493, 103
Trd, 4319570.643, 135
Trd, 4319571.343, 101
Trd, 4319573.143, 127
Trd, 4319573.443, 120
Trd, 4319573.743, 92
Trd, 4319575.943, 140
Trd, 4319576.143, 140
Trd, 4319576.343, 140
Trd, 4319576.943, 140
Trd, 4319577.393, 140
Trd, 4319578.993, 126
Trd, 4319579.093, 123
Trd, 4319579.443, 129
Trd, 4319579.593, 126
Trd, 4319581.193, 136
Trd, 4319582.343, 140
Trd, 4319583.193, 140
Trd, 4319583.793, 139
Trd, 4319583.993, 126
Trd, 4319584.593, 128
Trd, 4319586.093, 137
Trd, 4319586.143, 92
Trd, 4319586.443, 108
Trd, 4319587.543, 61
Trd, 4319588.193, 140
Trd, 4319588.843, 110
Trd, 4319589.693, 139
Trd, 4319590.393, 139
Trd, 4319591.543, 104
Trd, 4319591.643, 97
Trd, 4319592.543, 103
Trd, 4319593.593, 140
Trd, 4319593.643, 135
Trd, 4319594.143, 64
Trd, 4319594.343, 89
Trd, 4319595.543, 116
Trd, 4319595.893, 135
Trd, 4319596.343, 67
Trd, 4319597.143, 134
Trd, 4319598.343, 62
Trd, 4319600.193, 139
Trd, 4319600.743, 140
Trd, 4319601.493, 140
Trd, 4319601.993, 140
Trd, 4319602.643, 140
Trd, 4319603.643, 140
Trd, 4319603.693, 130
Trd, 4319604.643, 116
Trd, 4319606.243, 140
Trd, 4319607.243, 127
Trd, 4319607.443, 110
Trd, 4319607.543, 107
Trd, 4319607.593, 134
Trd, 4319608.693, 96
Trd, 4319609.843, 140
Trd, 4319610.043, 137
Trd, 4319610.693, 110
Trd, 4319611.843, 109
Trd, 4319614.143, 138
Trd, 4319614.393, 126
Trd, 4319614.793, 124
Trd, 4319615.193, 139
Trd, 4319615.593, 139
Trd, 4319616.593, 118
Trd, 4319616.643, 117
Trd, 4319617.443, 105
Trd, 4319617.943, 86
Trd, 4319618.193, 102
Trd, 4319619.593, 122
Trd, 4319621.043, 75
Trd, 4319622.043, 140
Trd, 4319622.393, 139
Trd, 4319623.943, 106
Trd, 4319624.093, 105
Trd, 4319624.543, 85
Trd, 4319625.143, 61
Trd, 4319626.393, 139
Trd, 4319626.793, 139
Trd, 4319627.543, 140
Trd, 4319628.043, 139
Trd, 4319629.543, 138
Trd, 4319629.993, 119
Trd, 4319630.343, 111
Trd, 4319631.043, 97
Trd, 4319632.243, 61
Trd, 4319633.843, 140
Trd, 4319634.293, 140
Trd, 4319634.643, 140
Trd, 4319638.043, 140
Trd, 4319638.093, 139
Trd, 4319639.443, 140
Trd, 4319639.543, 140
Trd, 4319641.443, 117
Trd, 4319641.643, 137
Trd, 4319641.943, 126
Trd, 4319642.643, 140
Trd, 4319643.443, 130
Trd, 4319643.993, 104
Trd, 4319644.993, 115
Trd, 4319645.893, 92
Trd, 4319645.993, 120
Trd, 4319646.793, 121
Trd, 4319646.943, 73
Trd, 4319647.893, 61
Trd, 4319648.243, 78
Trd, 4319649.493, 138
Trd, 4319650.443, 137
Trd, 4319652.143, 132
Trd, 4319652.743, 138
Trd, 4319652.943, 138
Trd, 4319653.293, 129
Trd, 4319653.993, 139
Trd, 4319654.943, 131
Trd, 4319655.243, 126
Trd, 4319655.543, 133
Trd, 4319656.743, 140
Trd, 4319657.643, 140
Trd, 4319658.293, 128
Trd, 4319659.293, 140
Trd, 4319659.693, 137
Trd, 4319661.043, 103
Trd, 4319661.343, 140
Trd, 4319662.643, 140
Trd, 4319662.943, 139
Trd, 4319663.843, 127
Trd, 4319664.093, 137
Trd, 4319664.593, 117
Trd, 4319665.393, 124
Trd, 4319665.793, 118
Trd, 4319667.193, 140
Trd, 4319667.343, 127
Trd, 4319667.843, 140
Trd, 4319667.893, 126
Trd, 4319669.093, 72
Trd, 4319669.843, 138
Trd, 4319671.543, 140
Trd, 4319671.893, 140
Trd, 4319673.293, 139
Trd, 4319673.793, 128
Trd, 4319674.393, 122
Trd, 4319675.843, 134
Trd, 4319676.693, 123
Trd, 4319677.493, 135
Trd, 4319677.643, 100
Trd, 4319677.943, 100
Trd, 4319678.443, 139
Trd, 4319679.243, 74
Trd, 4319679.293, 82
Trd, 4319680.493, 66
Trd, 4319680.943, 61
Trd, 4319681.793, 101
Trd, 4319682.943, 60
Trd, 4319683.093, 61
Trd, 4319683.193, 70
Trd, 4319683.793, 114
Trd, 4319684.993, 60
Trd, 4319686.343, 73
Trd, 4319687.143, 73
Trd, 4319687.893, 80
Trd, 4319688.143, 61
Trd, 4319688.393, 106
Trd, 4319688.593, 114
Trd, 4319689.693, 63
Trd, 4319690.493, 64
Trd, 4319690.543, 72
Trd, 4319691.943, 63
Trd, 4319692.693, 134
Trd, 4319693.893, 81
Trd, 4319694.443, 66
Trd, 4319694.943, 98
Trd, 4319695.143, 97
Trd, 4319696.443, 140
Trd, 4319696.543, 128
Trd, 4319697.043, 95
Trd, 4319697.643, 139
Trd, 4319698.393, 140
Trd, 4319698.943, 118
Trd, 4319699.693, 88
Trd, 4319700.643, 81
Trd, 4319701.043, 140
Trd, 4319701.393, 78
Trd, 4319701.593, 81
Trd, 4319702.593, 82
Trd, 4319703.643, 107
Trd, 4319704.093, 124
Trd, 4319704.693, 130
Trd, 4319706.193, 140
Trd, 4319706.543, 140
Trd, 4319707.193, 130
Trd, 4319707.793, 129
Trd, 4319708.443, 119
Trd, 4319709.593, 139
Trd, 4319709.993, 134
Trd, 4319711.093, 138
Trd, 4319711.143, 129
Trd, 4319712.593, 119
Trd, 4319713.643, 140
Trd, 4319713.943, 137
Trd, 4319714.943, 129
Trd, 4319715.043, 128
Trd, 4319715.393, 116
Trd, 4319716.893, 137
Trd, 4319717.193, 60
Trd, 4319717.293, 70
Trd, 4319718.443, 133
Trd, 4319718.893, 121
Trd, 4319719.243, 119
Trd, 4319721.243, 62
Trd, 4319721.393, 63
Trd, 4319722.043, 62
Trd, 4319722.443, 60
Trd, 4319722.543, 71
Trd, 4319723.393, 61
Trd, 4319723.943, 71
Trd, 4319724.943, 128
Trd, 4319725.093, 127
Trd, 4319726.593, 138
Trd, 4319727.093, 123
Trd, 4319727.593, 121
Trd, 4319727.643, 109
Trd, 4319728.743, 96
Trd, 4319729.293, 60
Trd, 4319729.743, 60
Trd, 4319730.593, 81
Trd, 4319731.843, 67
Trd, 4319732.293, 76
Trd, 4319732.743, 84
Trd, 4319733.193, 140
Trd, 4319734.143, 140
Trd, 4319735.243, 139
Trd, 4319735.393, 127
Trd, 4319737.043, 139
Trd, 4319737.243, 112
Trd, 4319737.743, 87
Trd, 4319738.543, 140
Trd, 4319739.493, 118
Trd, 4319740.793, 106
Trd, 4319740.943, 81
Trd, 4319741.293, 76
Trd, 4319741.793, 124
Trd, 4319743.093, 138
Trd, 4319743.793, 139
Trd, 4319743.843, 137
Trd, 4319745.193, 140
Trd, 4319745.543, 139
Trd, 4319746.193, 140
Trd, 4319746.343, 127
Trd, 4319747.293, 139
Trd, 4319747.643, 132
Trd, 4319749.093, 96
Trd, 4319750.043, 134
Trd, 4319750.643, 62
Trd, 4319751.243, 79
Trd, 4319751.593, 139
Trd, 4319751.993, 65
Trd, 4319752.493, 61
Trd, 4319753.193, 87
Trd, 4319753.393, 135
Trd, 4319754.593, 60
Trd, 4319755.993, 66
Trd, 4319756.393, 127
Trd, 4319757.993, 140
Trd, 4319758.443, 140
Trd, 4319759.093, 138
Trd, 4319760.393, 128
Trd, 4319760.543, 127
Trd, 4319760.843, 115
Trd, 4319762.243, 113
Trd, 4319762.693, 111
Trd, 4319763.343, 94
Trd, 4319764.343, 131
Trd, 4319764.393, 122
Trd, 4319765.393, 117
Trd, 4319765.893, 101
Trd, 4319765.993, 121
Trd, 4319767.293, 140
Trd, 4319767.543, 140
Trd, 4319767.793, 140
Trd, 4319768.843, 140
Trd, 4319769.993, 140
Trd, 4319771.693, 125
Trd, 4319772.443, 121
Trd, 4319772.893, 113
Trd, 4319773.793, 140
Trd, 4319774.943, 130
Trd, 4319776.243, 140
Trd, 4319777.493, 128
Trd, 4319777.593, 140
Trd, 4319777.893, 131
Trd, 4319778.093, 69
Trd, 4319778.793, 140
Trd, 4319782.143, 140
Trd, 4319782.993, 139
Trd, 4319783.743, 137
Trd, 4319783.893, 140
Trd, 4319784.893, 136
Trd, 4319785.343, 125
Trd, 4319785.843, 140
Trd, 4319786.393, 105
Trd, 4319786.593, 77
Trd, 4319786.793, 76
Trd, 4319787.643, 134
Trd, 4319788.593, 139
Trd, 4319788.743, 125
Trd, 4319789.443, 124
Trd, 4319789.593, 116
Trd, 4319790.693, 91
Trd, 4319790.743, 89
Trd, 4319792.693, 137
Trd, 4319793.643, 140
Trd, 4319794.643, 127
Trd, 4319797.143, 140
Trd, 4319797.243, 140
Trd, 4319798.043, 129
Trd, 4319798.093, 128
Trd, 4319798.743, 127
Trd, 4319799.493, 139
Trd, 4319800.543, 133
Trd, 4319801.943, 139
Trd, 4319802.843, 140
Trd, 4319803.293, 140
Trd, 4319803.643, 138
Trd, 4319804.993, 128
Trd, 4319805.543, 140
Trd, 4319806.143, 140
Trd, 4319807.543, 138
Trd, 4319807.993, 127
Trd, 4319808.643, 116
Trd, 4319808.893, 135
Trd, 4319809.493, 64
Trd, 4319811.093, 117
Trd, 4319811.143, 115
Trd, 4319811.643, 115
Trd, 4319812.893, 137
Trd, 4319813.343, 106
Trd, 4319813.593, 132
Trd, 4319815.043, 120
Trd, 4319815.243, 134
Trd, 4319815.643, 107
Trd, 4319817.143, 89
Trd, 4319817.743, 139
Trd, 4319820.343, 140
Trd, 4319820.693, 127
Trd, 4319820.993, 138
Trd, 4319821.393, 119
Trd, 4319821.993, 108
Trd, 4319823.243, 74
Trd, 4319823.643, 115
Trd, 4319825.243, 138
Trd, 4319825.293, 137
Trd, 4319826.243, 140
Trd, 4319827.043, 140
Trd, 4319827.193, 125
Trd, 4319827.643, 108
Trd, 4319828.093, 61
Trd, 4319829.193, 119
Trd, 4319830.593, 130
Trd, 4319830.793, 103
Trd, 4319830.893, 102
Trd, 4319831.293, 134
Trd, 4319831.793, 140
Trd, 4319831.843, 119
Trd, 4319832.793, 117
Trd, 4319833.393, 115
Trd, 4319834.843, 63
Trd, 4319835.293, 79
Trd, 4319836.843, 139
Trd, 4319837.793, 138
Trd, 4319837.843, 137
Trd, 4319838.043, 128
Trd, 4319838.893, 120
Trd, 4319839.543, 112
Trd, 4319840.043, 100
Trd, 4319840.693, 114
Trd, 4319841.993, 140
Trd, 4319843.143, 137
Trd, 4319843.343, 130
Trd, 4319844.393, 105
Trd, 4319844.893, 119
Trd, 4319845.393, 139
Trd, 4319845.643, 132
Trd, 4319845.893, 122
Trd, 4319847.243, 140
Trd, 4319847.443, 136
Trd, 4319847.493, 127
Trd, 4319850.243, 140
Trd, 4319850.343, 140
Trd, 4319851.893, 140
Trd, 4319852.143, 139
Trd, 4319852.593, 138
Trd, 4319852.643, 126
Trd, 4319854.343, 140
Trd, 4319854.593, 129
Trd, 4319854.643, 120
Trd, 4319855.393, 105
Trd, 4319856.743, 140
Trd, 4319857.143, 140
Trd, 4319857.843, 134
Trd, 4319857.893, 110
Trd, 4319858.443, 139
Trd, 4319858.643, 119
Trd, 4319859.693, 107
Trd, 4319860.443, 127
Trd, 4319861.343, 66
Trd, 4319862.943, 96
Trd, 4319863.043, 92
Trd, 4319863.793, 139
Trd, 4319864.443, 110
Trd, 4319866.243, 140
Trd, 4319866.293, 129
Trd, 4319866.493, 127
Trd, 4319866.643, 92
Trd, 4319868.543, 140
Trd, 4319869.793, 140
Trd, 4319869.843, 136
Trd, 4319869.893, 128
Trd, 4319870.593, 140
Trd, 4319871.443, 139
Trd, 4319872.243, 140
Trd, 4319872.543, 140
Trd, 4319872.593, 127
Trd, 4319874.943, 139
Trd, 4319875.743, 138
Trd, 4319876.893, 136
Trd, 4319877.143, 137
Trd, 4319878.443, 137
Trd, 4319878.693, 136
Trd, 4319878.743, 128
Trd, 4319878.793, 120
Trd, 4319879.043, 138
Trd, 4319880.893, 114
Trd, 4319881.993, 94
Trd, 4319882.043, 92
Trd, 4319882.693, 140
Trd, 4319883.093, 139
Trd, 4319883.193, 136
Trd, 4319884.243, 94
Trd, 4319885.893, 103
Trd, 4319885.943, 74
Trd, 4319886.093, 108
Trd, 4319886.793, 140
Trd, 4319887.293, 128
Trd, 4319888.293, 140
Trd, 4319888.593, 65
Trd, 4319888.643, 73
Trd, 4319890.893, 63
Trd, 4319891.193, 66
Trd, 4319891.643, 67
Trd, 4319893.493, 60
Trd, 4319893.693, 60
Trd, 4319894.043, 70
Trd, 4319894.093, 74
Trd, 4319894.393, 97
Trd, 4319894.543, 74
Trd, 4319895.243, 61
Trd, 4319896.693, 106
Trd, 4319896.843, 98
Trd, 4319897.193, 109
Trd, 4319898.593, 66
Trd, 4319899.693, 60
Trd, 4319900.193, 78
Trd, 4319900.493, 60
Trd, 4319900.993, 61
Trd, 4319903.093, 65
Trd, 4319903.443, 85
Trd, 4319904.043, 63
Trd, 4319904.493, 66
Trd, 4319904.543, 90
Trd, 4319905.543, 121
Trd, 4319906.293, 124
Trd, 4319906.943, 60
Trd, 4319907.293, 70
Trd, 4319907.643, 74
Trd, 4319908.193, 82
Trd, 4319908.793, 62
Trd, 4319910.193, 140
Trd, 4319910.443, 139
Trd, 4319911.043, 138
Trd, 4319911.143, 126
Trd, 4319911.493, 128
Trd, 4319911.843, 96
Trd, 4319912.393, 60
Trd, 4319913.193, 67
Trd, 4319913.643, 62
Trd, 4319914.343, 70
Trd, 4319915.043, 60
Trd, 4319915.693, 140
Trd, 4319917.393, 122
Trd, 4319918.443, 90
Trd, 4319918.643, 94
Trd, 4319919.893, 138
Trd, 4319921.393, 110
Trd, 4319921.743, 108
Trd, 4319922.343, 140
Trd, 4319922.743, 118
Trd, 4319923.743, 140
Trd, 4319923.893, 108
Trd, 4319924.593, 140
Trd, 4319925.193, 112
Trd, 4319925.343, 103
Trd, 4319925.743, 90
Trd, 4319926.643, 63
Trd, 4319927.143, 124
Trd, 4319929.393, 140
Trd, 4319930.143, 140
Trd, 4319930.693, 137
Trd, 4319930.943, 130
Trd, 4319931.343, 129
Trd, 4319931.593, 140
Trd, 4319932.743, 136
Trd, 4319933.893, 133
Trd, 4319935.893, 140
Trd, 4319936.193, 139
Trd, 4319937.393, 137
Trd, 4319937.943, 129
Trd, 4319938.043, 120
Trd, 4319938.593, 138
Trd, 4319939.343, 125
Trd, 4319939.743, 115
Trd, 4319940.193, 68
Trd, 4319940.643, 69
Trd, 4319941.493, 66
Trd, 4319942.243, 74
Trd, 4319942.843, 63
Trd, 4319943.843, 117
Trd, 4319944.443, 112
Trd, 4319945.543, 140
Trd, 4319946.493, 126
Trd, 4319946.893, 123
Trd, 4319946.943, 114
Trd, 4319947.243, 107
Trd, 4319947.343, 128
Trd, 4319949.843, 140
Trd, 4319950.843, 140
Trd, 4319951.793, 140
Trd, 4319951.943, 139
Trd, 4319952.493, 138
Trd, 4319953.643, 140
Trd, 4319954.593, 140
Trd, 4319954.943, 140
Trd, 4319955.793, 139
Trd, 4319955.843, 135
Trd, 4319956.043, 133
Trd, 4319956.443, 116
Trd, 4319957.743, 139
Trd, 4319958.443, 140
Trd, 4319958.543, 138
Trd, 4319959.993, 123
Trd, 4319961.293, 139
Trd, 4319961.743, 127
Trd, 4319962.393, 137
Trd, 4319963.443, 102
Trd, 4319964.793, 116
Trd, 4319965.093, 115
Trd, 4319965.343, 130
Trd, 4319967.293, 140
Trd, 4319967.493, 137
Trd, 4319967.993, 138
Trd, 4319968.593, 135
Trd, 4319969.643, 140
Trd, 4319970.243, 127
Trd, 4319970.493, 117
Trd, 4319971.743, 95
Trd, 4319972.343, 129
Trd, 4319972.543, 127
Trd, 4319972.693, 116
Trd, 4319973.693, 95
Trd, 4319973.743, 92
Trd, 4319974.543, 140
Trd, 4319974.943, 139
Trd, 4319975.093, 119
Trd, 4319977.043, 110
Trd, 4319977.843, 137
Trd, 4319978.043, 99
Trd, 4319978.993, 140
Trd, 4319979.043, 129
Trd, 4319980.293, 138
Trd, 4319981.093, 127
Trd, 4319981.793, 140
Trd, 4319982.043, 140
Trd, 4319982.443, 130
Trd, 4319983.493, 95
Trd, 4319984.543, 125
Trd, 4319986.293, 140
Trd, 4319987.143, 139
Trd, 4319987.193, 138
Trd, 4319987.493, 134
Trd, 4319987.543, 128
Trd, 4319989.993, 140
Trd, 4319990.043, 140
Trd, 4319990.493, 128
Trd, 4319991.293, 139
Trd, 4319992.893, 105
Trd, 4319992.993, 88
Trd, 4319995.293, 140
Trd, 4319997.143, 138
Trd, 4319998.043, 134
Trd, 4319998.643, 132
Trd, 4319998.843, 121
Trd, 4319998.893, 120
Trd, 4319998.943, 116
Trd, 4319999.243, 139
