Trd, 4318144.193, 123
Trd, 4318144.443, 62
Trd, 4318145.793, 127
Trd, 4318146.543, 106
Trd, 4318146.593, 105
Trd, 4318147.793, 132
Trd, 4318148.193, 120
Trd, 4318148.343, 63
Trd, 4318150.243, 71
Trd, 4318150.493, 70
Trd, 4318150.893, 74
Trd, 4318151.293, 78
Trd, 4318151.393, 84
Trd, 4318153.193, 71
Trd, 4318153.343, 67
Trd, 4318153.993, 62
Trd, 4318154.543, 63
Trd, 4318156.093, 69
Trd, 4318156.393, 74
Trd, 4318157.743, 76
Trd, 4318157.793, 67
Trd, 4318158.293, 101
Trd, 4318159.193, 118
Trd, 4318160.193, 77
Trd, 4318160.293, 75
Trd, 4318161.343, 87
Trd, 4318162.393, 104
Trd, 4318164.293, 89
Trd, 4318165.243, 107
Trd, 4318165.743, 102
Trd, 4318165.843, 102
Trd, 4318166.793, 82
Trd, 4318167.393, 109
Trd, 4318168.543, 122
Trd, 4318169.293, 102
Trd, 4318169.393, 123
Trd, 4318169.543, 140
Trd, 4318170.943, 137
Trd, 4318171.193, 97
Trd, 4318171.743, 129
Trd, 4318171.993, 127
Trd, 4318172.493, 119
Trd, 4318174.093, 62
Trd, 4318174.243, 78
Trd, 4318174.593, 69
Trd, 4318174.993, 78
Trd, 4318175.293, 123
Trd, 4318176.443, 117
Trd, 4318177.393, 125
Trd, 4318177.993, 99
Trd, 4318178.693, 132
Trd, 4318179.093, 128
Trd, 4318179.943, 98
Trd, 4318180.243, 64
Trd, 4318181.343, 85
Trd, 4318181.493, 101
Trd, 4318181.893, 91
Trd, 4318182.143, 104
Trd, 4318182.643, 124
Trd, 4318183.543, 91
Trd, 4318183.993, 135
Trd, 4318184.293, 106
Trd, 4318185.093, 101
Trd, 4318185.843, 75
Trd, 4318186.393, 111
Trd, 4318186.843, 108
Trd, 4318188.093, 101
Trd, 4318188.793, 125
Trd, 4318189.043, 114
Trd, 4318189.693, 70
Trd, 4318191.743, 117
Trd, 4318192.343, 103
Trd, 4318192.443, 99
Trd, 4318192.793, 85
Trd, 4318193.343, 86
Trd, 4318194.193, 93
Trd, 4318194.343, 92
Trd, 4318195.143, 137
Trd, 4318195.793, 131
Trd, 4318195.993, 125
Trd, 4318196.193, 94
Trd, 4318196.493, 90
Trd, 4318197.243, 73
Trd, 4318197.343, 74
Trd, 4318199.243, 137
Trd, 4318199.943, 63
Trd, 4318200.643, 128
Trd, 4318200.893, 125
Trd, 4318201.893, 78
Trd, 4318202.293, 66
Trd, 4318202.843, 86
Trd, 4318204.343, 112
Trd, 4318204.643, 115
Trd, 4318205.343, 140
Trd, 4318205.593, 139
Trd, 4318205.943, 123
Trd, 4318206.243, 122
Trd, 4318207.943, 88
Trd, 4318208.443, 82
Trd, 4318209.993, 140
Trd, 4318210.143, 135
Trd, 4318211.243, 139
Trd, 4318211.593, 113
Trd, 4318211.843, 80
Trd, 4318212.193, 89
Trd, 4318213.893, 60
Trd, 4318214.093, 70
Trd, 4318214.393, 61
Trd, 4318215.593, 64
Trd, 4318216.943, 107
Trd, 4318217.043, 90
Trd, 4318218.193, 63
Trd, 4318218.793, 68
Trd, 4318218.893, 77
Trd, 4318220.493, 76
Trd, 4318220.793, 140
Trd, 4318221.043, 95
Trd, 4318223.093, 140
Trd, 4318223.393, 121
Trd, 4318223.593, 90
Trd, 4318224.343, 96
Trd, 4318224.793, 93
Trd, 4318225.143, 74
Trd, 4318225.743, 81
Trd, 4318225.943, 98
Trd, 4318226.343, 89
Trd, 4318226.743, 81
Trd, 4318227.543, 85
Trd, 4318229.593, 92
Trd, 4318230.343, 96
Trd, 4318231.893, 88
Trd, 4318231.943, 123
Trd, 4318232.893, 120
Trd, 4318233.243, 111
Trd, 4318233.293, 104
Trd, 4318234.393, 68
Trd, 4318235.293, 70
Trd, 4318236.293, 82
Trd, 4318236.493, 87
Trd, 4318236.593, 82
Trd, 4318237.443, 129
Trd, 4318238.143, 87
Trd, 4318238.743, 70
Trd, 4318239.643, 112
Trd, 4318239.743, 109
Trd, 4318242.793, 106
Trd, 4318242.843, 98
Trd, 4318243.343, 136
Trd, 4318243.643, 92
Trd, 4318243.793, 88
Trd, 4318244.993, 114
Trd, 4318245.493, 112
Trd, 4318246.193, 78
Trd, 4318248.843, 136
Trd, 4318249.943, 133
Trd, 4318249.993, 117
Trd, 4318250.043, 106
Trd, 4318250.243, 95
Trd, 4318251.143, 114
Trd, 4318251.693, 91
Trd, 4318251.993, 89
Trd, 4318252.693, 101
Trd, 4318253.793, 78
Trd, 4318253.943, 71
Trd, 4318254.493, 129
Trd, 4318255.243, 94
Trd, 4318255.343, 130
Trd, 4318255.543, 91
Trd, 4318256.043, 96
Trd, 4318256.843, 129
Trd, 4318257.493, 126
Trd, 4318258.343, 95
Trd, 4318260.543, 77
Trd, 4318260.693, 78
Trd, 4318261.843, 134
Trd, 4318261.893, 130
Trd, 4318261.993, 126
Trd, 4318262.093, 108
Trd, 4318264.043, 140
Trd, 4318265.143, 120
Trd, 4318265.343, 125
Trd, 4318265.943, 114
Trd, 4318266.643, 112
Trd, 4318267.093, 110
Trd, 4318267.143, 110
Trd, 4318267.293, 101
Trd, 4318267.693, 72
Trd, 4318268.643, 127
Trd, 4318269.193, 122
Trd, 4318269.643, 125
Trd, 4318269.993, 83
Trd, 4318271.293, 104
Trd, 4318272.443, 98
Trd, 4318272.943, 105
Trd, 4318273.443, 98
Trd, 4318273.543, 108
Trd, 4318274.443, 114
Trd, 4318275.093, 108
Trd, 4318275.793, 121
Trd, 4318275.843, 122
Trd, 4318278.193, 133
Trd, 4318278.243, 129
Trd, 4318278.443, 113
Trd, 4318280.143, 91
Trd, 4318281.293, 110
Trd, 4318281.943, 103
Trd, 4318283.293, 86
Trd, 4318284.293, 97
Trd, 4318285.193, 87
Trd, 4318285.693, 101
Trd, 4318285.743, 90
Trd, 4318286.193, 77
Trd, 4318286.543, 60
Trd, 4318287.443, 90
Trd, 4318288.843, 108
Trd, 4318288.893, 119
Trd, 4318288.943, 106
Trd, 4318289.843, 61
Trd, 4318291.493, 130
Trd, 4318291.543, 118
Trd, 4318292.143, 116
Trd, 4318293.043, 100
Trd, 4318293.443, 91
Trd, 4318293.593, 107
Trd, 4318294.693, 113
Trd, 4318296.043, 75
Trd, 4318297.943, 134
Trd, 4318298.243, 106
Trd, 4318298.393, 101
Trd, 4318298.743, 100
Trd, 4318299.943, 134
Trd, 4318300.393, 130
Trd, 4318301.393, 140
Trd, 4318301.643, 125
Trd, 4318302.493, 122
Trd, 4318302.543, 117
Trd, 4318303.143, 134
Trd, 4318303.343, 108
Trd, 4318304.393, 72
Trd, 4318304.493, 76
Trd, 4318304.593, 91
Trd, 4318305.093, 67
Trd, 4318305.493, 81
Trd, 4318306.093, 73
Trd, 4318306.143, 71
Trd, 4318308.343, 103
Trd, 4318308.493, 76
Trd, 4318309.493, 68
Trd, 4318310.093, 106
Trd, 4318310.993, 135
Trd, 4318311.093, 108
Trd, 4318311.493, 99
Trd, 4318311.693, 107
Trd, 4318312.543, 123
Trd, 4318312.893, 120
Trd, 4318313.343, 105
Trd, 4318314.643, 72
Trd, 4318315.093, 99
Trd, 4318315.693, 127
Trd, 4318317.743, 136
Trd, 4318318.793, 115
Trd, 4318319.093, 140
Trd, 4318319.593, 126
Trd, 4318320.293, 99
Trd, 4318321.343, 112
Trd, 4318321.593, 63
Trd, 4318322.343, 118
Trd, 4318322.993, 74
Trd, 4318323.743, 67
Trd, 4318323.893, 73
Trd, 4318324.093, 129
Trd, 4318324.643, 110
Trd, 4318325.643, 66
Trd, 4318326.243, 60
Trd, 4318327.693, 138
Trd, 4318328.293, 122
Trd, 4318328.343, 118
Trd, 4318328.443, 103
Trd, 4318328.943, 132
Trd, 4318330.643, 63
Trd, 4318330.843, 81
Trd, 4318331.793, 96
Trd, 4318331.943, 95
Trd, 4318331.993, 92
Trd, 4318333.193, 137
Trd, 4318333.893, 99
Trd, 4318334.993, 134
Trd, 4318335.643, 127
Trd, 4318336.893, 135
Trd, 4318336.943, 134
Trd, 4318337.693, 104
Trd, 4318337.743, 103
Trd, 4318338.043, 101
Trd, 4318338.393, 82
Trd, 4318338.943, 126
Trd, 4318340.293, 112
Trd, 4318340.793, 98
Trd, 4318340.943, 70
Trd, 4318342.043, 119
Trd, 4318342.843, 140
Trd, 4318343.393, 139
Trd, 4318343.493, 125
Trd, 4318344.893, 69
Trd, 4318346.393, 113
Trd, 4318346.543, 116
Trd, 4318346.743, 110
Trd, 4318347.043, 101
Trd, 4318348.643, 84
Trd, 4318350.093, 108
Trd, 4318350.443, 101
Trd, 4318351.993, 120
Trd, 4318352.043, 103
Trd, 4318352.743, 69
Trd, 4318353.093, 60
Trd, 4318353.343, 73
Trd, 4318353.893, 104
Trd, 4318354.243, 78
Trd, 4318356.193, 68
Trd, 4318356.443, 89
Trd, 4318358.643, 125
Trd, 4318359.443, 116
Trd, 4318360.243, 114
Trd, 4318360.793, 103
Trd, 4318361.693, 137
Trd, 4318362.893, 138
Trd, 4318363.293, 128
Trd, 4318364.443, 106
Trd, 4318365.693, 106
Trd, 4318366.143, 94
Trd, 4318366.393, 88
Trd, 4318366.543, 64
Trd, 4318367.543, 68
Trd, 4318367.893, 63
Trd, 4318368.343, 79
Trd, 4318368.793, 111
Trd, 4318369.493, 61
Trd, 4318369.843, 74
Trd, 4318370.243, 125
Trd, 4318370.843, 129
Trd, 4318371.993, 89
Trd, 4318373.293, 118
Trd, 4318374.543, 107
Trd, 4318375.043, 98
Trd, 4318375.143, 96
Trd, 4318375.843, 86
Trd, 4318375.993, 79
Trd, 4318377.443, 109
Trd, 4318377.543, 102
Trd, 4318378.143, 76
Trd, 4318378.893, 135
Trd, 4318379.693, 131
Trd, 4318379.793, 109
Trd, 4318379.993, 108
Trd, 4318381.493, 105
Trd, 4318381.743, 100
Trd, 4318382.043, 78
Trd, 4318382.743, 82
Trd, 4318384.343, 89
Trd, 4318385.093, 86
Trd, 4318385.343, 118
Trd, 4318385.393, 65
Trd, 4318386.943, 102
Trd, 4318387.293, 74
Trd, 4318387.843, 75
Trd, 4318389.443, 138
Trd, 4318390.793, 113
Trd, 4318391.093, 111
Trd, 4318392.443, 138
Trd, 4318392.593, 135
Trd, 4318392.993, 108
Trd, 4318395.443, 135
Trd, 4318396.543, 126
Trd, 4318396.643, 117
Trd, 4318397.943, 138
Trd, 4318398.293, 109
Trd, 4318398.643, 93
Trd, 4318398.843, 93
Trd, 4318398.993, 88
Trd, 4318399.443, 97
Trd, 4318400.193, 124
Trd, 4318401.543, 102
Trd, 4318401.793, 73
Trd, 4318402.043, 64
Trd, 4318402.693, 70
Trd, 4318404.993, 121
Trd, 4318405.593, 140
Trd, 4318405.893, 110
Trd, 4318407.143, 110
Trd, 4318407.293, 106
Trd, 4318408.493, 101
Trd, 4318408.843, 75
Trd, 4318409.043, 76
Trd, 4318409.593, 123
Trd, 4318410.593, 95
Trd, 4318411.893, 126
Trd, 4318413.193, 117
Trd, 4318413.593, 100
Trd, 4318413.743, 76
Trd, 4318414.343, 129
Trd, 4318414.443, 126
Trd, 4318414.493, 107
Trd, 4318414.993, 111
Trd, 4318415.643, 67
Trd, 4318415.993, 126
Trd, 4318416.293, 124
Trd, 4318416.693, 60
Trd, 4318418.443, 72
Trd, 4318419.943, 99
Trd, 4318420.793, 139
Trd, 4318421.293, 122
Trd, 4318422.943, 120
Trd, 4318423.593, 106
Trd, 4318423.743, 104
Trd, 4318424.643, 101
Trd, 4318425.593, 123
Trd, 4318425.743, 121
Trd, 4318425.893, 90
Trd, 4318427.243, 89
Trd, 4318427.843, 130
Trd, 4318428.043, 140
Trd, 4318428.443, 134
Trd, 4318429.993, 116
Trd, 4318430.243, 110
Trd, 4318431.443, 130
Trd, 4318432.243, 107
Trd, 4318433.493, 102
Trd, 4318433.943, 101
Trd, 4318434.793, 86
Trd, 4318434.893, 97
Trd, 4318435.693, 86
Trd, 4318436.993, 123
Trd, 4318437.243, 113
Trd, 4318438.993, 136
Trd, 4318439.193, 92
Trd, 4318439.443, 89
Trd, 4318439.893, 130
Trd, 4318440.193, 132
Trd, 4318440.793, 138
Trd, 4318441.693, 109
Trd, 4318441.893, 62
Trd, 4318442.843, 66
Trd, 4318443.543, 116
Trd, 4318443.593, 70
Trd, 4318444.043, 95
Trd, 4318445.743, 71
Trd, 4318446.343, 89
Trd, 4318446.693, 90
Trd, 4318447.343, 76
Trd, 4318449.043, 61
Trd, 4318449.293, 65
Trd, 4318450.143, 80
Trd, 4318450.793, 74
Trd, 4318450.943, 74
Trd, 4318451.443, 98
Trd, 4318451.843, 112
Trd, 4318453.743, 88
Trd, 4318453.893, 103
Trd, 4318454.743, 125
Trd, 4318455.093, 139
Trd, 4318455.293, 102
Trd, 4318455.493, 95
Trd, 4318456.443, 127
Trd, 4318458.243, 138
Trd, 4318458.343, 134
Trd, 4318458.793, 107
Trd, 4318458.993, 80
Trd, 4318459.893, 92
Trd, 4318460.443, 65
Trd, 4318462.593, 125
Trd, 4318462.743, 113
Trd, 4318463.793, 86
Trd, 4318464.093, 85
Trd, 4318464.193, 107
Trd, 4318465.093, 120
Trd, 4318467.893, 140
Trd, 4318468.343, 136
Trd, 4318468.793, 135
Trd, 4318469.393, 125
Trd, 4318470.143, 127
Trd, 4318470.843, 136
Trd, 4318471.043, 120
Trd, 4318471.493, 125
Trd, 4318472.293, 109
Trd, 4318472.393, 109
Trd, 4318473.293, 69
Trd, 4318473.693, 132
Trd, 4318474.343, 123
Trd, 4318475.743, 64
Trd, 4318475.843, 72
Trd, 4318477.643, 66
Trd, 4318477.793, 60
Trd, 4318478.043, 66
Trd, 4318478.693, 68
Trd, 4318480.043, 117
Trd, 4318481.843, 66
Trd, 4318482.243, 70
Trd, 4318483.043, 131
Trd, 4318484.643, 140
Trd, 4318484.743, 130
Trd, 4318484.793, 70
Trd, 4318485.643, 92
Trd, 4318486.193, 95
Trd, 4318486.393, 85
Trd, 4318487.043, 112
Trd, 4318487.093, 71
Trd, 4318490.043, 122
Trd, 4318490.293, 122
Trd, 4318491.043, 134
Trd, 4318492.543, 112
Trd, 4318492.793, 110
Trd, 4318492.943, 92
Trd, 4318493.643, 76
Trd, 4318494.643, 73
Trd, 4318495.093, 107
Trd, 4318495.993, 77
Trd, 4318497.343, 136
Trd, 4318497.543, 135
Trd, 4318498.743, 95
Trd, 4318500.043, 89
Trd, 4318500.093, 89
Trd, 4318500.143, 62
Trd, 4318500.243, 64
Trd, 4318502.393, 62
Trd, 4318502.893, 92
Trd, 4318503.343, 138
Trd, 4318504.093, 90
Trd, 4318504.243, 117
Trd, 4318504.743, 63
Trd, 4318506.343, 60
Trd, 4318507.193, 60
Trd, 4318508.293, 89
Trd, 4318508.843, 85
Trd, 4318509.593, 113
Trd, 4318509.743, 105
Trd, 4318511.043, 132
Trd, 4318511.493, 120
Trd, 4318511.643, 95
Trd, 4318511.993, 69
Trd, 4318512.593, 69
Trd, 4318513.093, 106
Trd, 4318514.143, 130
Trd, 4318514.443, 103
Trd, 4318515.993, 94
Trd, 4318516.043, 92
Trd, 4318516.293, 139
Trd, 4318516.943, 96
Trd, 4318517.543, 112
Trd, 4318518.093, 127
Trd, 4318518.493, 130
Trd, 4318518.543, 117
Trd, 4318519.643, 61
Trd, 4318521.193, 124
Trd, 4318521.693, 120
Trd, 4318521.743, 98
Trd, 4318522.443, 110
Trd, 4318523.493, 88
Trd, 4318525.393, 64
Trd, 4318526.093, 80
Trd, 4318526.343, 72
Trd, 4318526.793, 61
Trd, 4318527.043, 81
Trd, 4318527.443, 126
Trd, 4318528.993, 60
Trd, 4318529.193, 61
Trd, 4318529.493, 117
Trd, 4318529.643, 101
Trd, 4318529.943, 82
Trd, 4318530.843, 136
Trd, 4318531.043, 125
Trd, 4318531.393, 110
Trd, 4318532.893, 72
Trd, 4318534.243, 73
Trd, 4318534.543, 88
Trd, 4318534.843, 78
Trd, 4318536.143, 130
Trd, 4318536.793, 123
Trd, 4318537.143, 97
Trd, 4318537.243, 73
Trd, 4318538.643, 140
Trd, 4318539.093, 121
Trd, 4318539.293, 81
Trd, 4318540.943, 135
Trd, 4318541.493, 113
Trd, 4318541.693, 114
Trd, 4318541.743, 103
Trd, 4318542.793, 123
Trd, 4318542.993, 117
Trd, 4318543.593, 124
Trd, 4318544.493, 132
Trd, 4318544.943, 98
Trd, 4318546.143, 137
Trd, 4318546.443, 124
Trd, 4318546.643, 108
Trd, 4318547.543, 140
Trd, 4318547.893, 135
Trd, 4318548.093, 134
Trd, 4318548.443, 86
Trd, 4318549.093, 81
Trd, 4318549.643, 76
Trd, 4318551.393, 78
Trd, 4318551.993, 100
Trd, 4318552.243, 89
Trd, 4318552.643, 69
Trd, 4318552.993, 101
Trd, 4318554.543, 140
Trd, 4318554.843, 131
Trd, 4318555.193, 118
Trd, 4318556.293, 140
Trd, 4318556.493, 114
Trd, 4318556.943, 120
Trd, 4318557.093, 78
Trd, 4318557.343, 76
Trd, 4318557.693, 60
Trd, 4318559.143, 62
Trd, 4318559.643, 63
Trd, 4318560.143, 61
Trd, 4318561.693, 70
Trd, 4318561.943, 73
Trd, 4318562.243, 96
Trd, 4318563.093, 71
Trd, 4318563.343, 127
Trd, 4318564.293, 136
Trd, 4318564.393, 124
Trd, 4318566.293, 109
Trd, 4318566.793, 99
Trd, 4318567.493, 73
Trd, 4318569.143, 82
Trd, 4318569.543, 74
Trd, 4318569.693, 91
Trd, 4318570.043, 137
Trd, 4318571.193, 138
Trd, 4318571.443, 136
Trd, 4318571.893, 109
Trd, 4318573.243, 60
Trd, 4318573.743, 98
Trd, 4318574.893, 60
Trd, 4318575.443, 113
Trd, 4318575.993, 138
Trd, 4318576.093, 107
Trd, 4318577.093, 105
Trd, 4318577.793, 118
Trd, 4318577.943, 103
Trd, 4318578.593, 78
Trd, 4318578.893, 64
Trd, 4318580.243, 121
Trd, 4318581.293, 95
Trd, 4318583.093, 92
Trd, 4318583.243, 66
Trd, 4318583.893, 65
Trd, 4318584.743, 139
Trd, 4318584.893, 125
Trd, 4318585.943, 140
Trd, 4318587.043, 129
Trd, 4318587.743, 89
Trd, 4318588.893, 80
Trd, 4318589.543, 82
Trd, 4318591.293, 80
Trd, 4318591.793, 110
Trd, 4318592.743, 109
Trd, 4318593.793, 93
Trd, 4318594.293, 109
Trd, 4318595.093, 109
Trd, 4318595.743, 97
Trd, 4318596.043, 137
Trd, 4318596.093, 70
Trd, 4318596.993, 85
Trd, 4318597.143, 67
Trd, 4318598.143, 69
Trd, 4318599.243, 63
Trd, 4318600.143, 75
Trd, 4318600.493, 70
Trd, 4318601.093, 87
Trd, 4318601.943, 95
Trd, 4318602.393, 133
Trd, 4318604.193, 115
Trd, 4318604.443, 109
Trd, 4318605.893, 131
Trd, 4318605.943, 135
Trd, 4318606.943, 73
Trd, 4318607.693, 136
Trd, 4318608.093, 132
Trd, 4318608.793, 88
Trd, 4318609.943, 83
Trd, 4318610.393, 88
Trd, 4318610.493, 89
Trd, 4318610.843, 74
Trd, 4318611.643, 60
Trd, 4318612.843, 61
Trd, 4318612.943, 72
Trd, 4318613.793, 121
Trd, 4318613.943, 85
Trd, 4318614.593, 116
Trd, 4318615.493, 68
Trd, 4318615.893, 120
Trd, 4318616.743, 140
Trd, 4318616.993, 120
Trd, 4318618.843, 102
Trd, 4318619.893, 125
Trd, 4318620.393, 78
Trd, 4318621.693, 101
Trd, 4318621.893, 100
Trd, 4318622.293, 139
Trd, 4318622.693, 79
Trd, 4318623.543, 66
Trd, 4318625.393, 105
Trd, 4318625.743, 123
Trd, 4318626.193, 86
Trd, 4318627.343, 114
Trd, 4318627.743, 108
Trd, 4318627.893, 104
Trd, 4318628.443, 125
Trd, 4318628.893, 114
Trd, 4318630.643, 111
Trd, 4318631.593, 79
Trd, 4318632.693, 121
Trd, 4318632.743, 118
Trd, 4318633.443, 140
Trd, 4318633.493, 87
Trd, 4318636.443, 137
Trd, 4318636.643, 135
Trd, 4318636.693, 129
Trd, 4318637.043, 117
Trd, 4318637.893, 120
Trd, 4318637.993, 107
Trd, 4318638.793, 87
Trd, 4318638.893, 76
Trd, 4318639.293, 60
Trd, 4318639.993, 113
Trd, 4318640.993, 112
Trd, 4318641.443, 136
Trd, 4318642.693, 134
Trd, 4318642.893, 97
Trd, 4318643.343, 138
Trd, 4318643.443, 125
Trd, 4318645.443, 83
Trd, 4318646.093, 62
Trd, 4318646.493, 80
Trd, 4318646.693, 93
Trd, 4318647.643, 103
Trd, 4318648.493, 98
Trd, 4318649.293, 91
Trd, 4318649.443, 88
Trd, 4318652.193, 77
Trd, 4318652.593, 95
Trd, 4318652.693, 71
Trd, 4318653.093, 70
Trd, 4318653.493, 68
Trd, 4318655.243, 108
Trd, 4318656.093, 75
Trd, 4318656.143, 72
Trd, 4318656.743, 121
Trd, 4318657.643, 77
Trd, 4318657.993, 81
Trd, 4318658.543, 69
Trd, 4318659.043, 103
Trd, 4318659.343, 136
Trd, 4318660.143, 70
Trd, 4318661.243, 80
Trd, 4318661.643, 136
Trd, 4318663.143, 133
Trd, 4318663.243, 76
Trd, 4318664.943, 130
Trd, 4318665.343, 78
Trd, 4318665.393, 73
Trd, 4318666.493, 80
Trd, 4318668.143, 113
Trd, 4318669.443, 126
Trd, 4318669.593, 135
Trd, 4318669.793, 135
Trd, 4318670.643, 77
Trd, 4318671.793, 105
Trd, 4318671.893, 102
Trd, 4318673.593, 96
Trd, 4318674.293, 134
Trd, 4318674.443, 126
Trd, 4318674.893, 116
Trd, 4318675.643, 105
Trd, 4318676.043, 103
Trd, 4318676.293, 77
Trd, 4318676.393, 119
Trd, 4318677.743, 135
Trd, 4318678.493, 125
Trd, 4318679.093, 119
Trd, 4318679.193, 115
Trd, 4318679.843, 89
Trd, 4318680.543, 109
Trd, 4318681.093, 85
Trd, 4318682.693, 95
Trd, 4318682.743, 82
Trd, 4318683.893, 66
Trd, 4318684.243, 71
Trd, 4318684.793, 90
Trd, 4318685.743, 61
Trd, 4318685.993, 72
Trd, 4318686.793, 66
Trd, 4318687.893, 77
Trd, 4318689.143, 69
Trd, 4318689.843, 90
Trd, 4318690.143, 94
Trd, 4318690.643, 140
Trd, 4318690.743, 84
Trd, 4318691.143, 130
Trd, 4318692.243, 80
Trd, 4318692.893, 81
Trd, 4318692.993, 79
Trd, 4318693.143, 76
Trd, 4318694.393, 119
Trd, 4318695.493, 80
Trd, 4318695.843, 99
Trd, 4318696.393, 71
Trd, 4318697.143, 118
Trd, 4318697.643, 94
Trd, 4318698.593, 136
Trd, 4318699.193, 135
Trd, 4318699.643, 131
Trd, 4318700.743, 130
Trd, 4318701.293, 63
Trd, 4318701.893, 118
Trd, 4318702.443, 99
Trd, 4318702.793, 91
Trd, 4318703.793, 122
Trd, 4318703.893, 73
Trd, 4318705.043, 85
Trd, 4318705.643, 114
Trd, 4318706.043, 108
Trd, 4318706.493, 83
Trd, 4318706.793, 139
Trd, 4318707.093, 86
Trd, 4318707.343, 104
Trd, 4318708.243, 67
Trd, 4318708.593, 62
Trd, 4318710.793, 72
Trd, 4318711.193, 127
Trd, 4318711.593, 137
Trd, 4318712.243, 114
Trd, 4318712.493, 78
Trd, 4318712.993, 88
Trd, 4318714.143, 139
Trd, 4318714.443, 137
Trd, 4318714.493, 80
Trd, 4318715.043, 121
Trd, 4318716.293, 95
Trd, 4318716.343, 93
Trd, 4318718.143, 78
Trd, 4318718.393, 72
Trd, 4318720.343, 63
Trd, 4318720.393, 69
Trd, 4318721.293, 139
Trd, 4318721.443, 126
Trd, 4318723.043, 118
Trd, 4318723.143, 115
Trd, 4318724.693, 136
Trd, 4318724.793, 123
Trd, 4318725.243, 89
Trd, 4318725.543, 135
Trd, 4318726.743, 102
Trd, 4318726.943, 90
Trd, 4318727.143, 115
Trd, 4318727.993, 64
Trd, 4318728.143, 69
Trd, 4318729.193, 132
Trd, 4318729.693, 131
Trd, 4318730.493, 133
Trd, 4318731.293, 126
Trd, 4318732.193, 127
Trd, 4318732.843, 139
Trd, 4318734.243, 132
Trd, 4318734.643, 108
Trd, 4318735.693, 130
Trd, 4318736.243, 129
Trd, 4318736.993, 117
Trd, 4318737.493, 99
Trd, 4318738.493, 60
Trd, 4318739.243, 60
Trd, 4318739.943, 140
Trd, 4318740.143, 130
Trd, 4318740.843, 123
Trd, 4318741.793, 117
Trd, 4318742.743, 95
Trd, 4318742.893, 102
Trd, 4318743.393, 107
Trd, 4318744.243, 88
Trd, 4318744.943, 132
Trd, 4318745.043, 70
Trd, 4318746.843, 64
Trd, 4318747.593, 63
Trd, 4318747.993, 81
Trd, 4318748.193, 66
Trd, 4318749.393, 98
Trd, 4318750.643, 118
Trd, 4318751.343, 106
Trd, 4318752.193, 101
Trd, 4318752.593, 111
Trd, 4318752.893, 104
Trd, 4318753.393, 93
Trd, 4318753.793, 62
Trd, 4318754.843, 69
Trd, 4318755.293, 60
Trd, 4318756.043, 67
Trd, 4318757.493, 139
Trd, 4318757.843, 70
Trd, 4318758.743, 68
Trd, 4318758.943, 62
Trd, 4318759.193, 91
Trd, 4318759.343, 86
Trd, 4318759.993, 66
Trd, 4318760.593, 74
Trd, 4318761.993, 114
Trd, 4318762.593, 103
Trd, 4318763.543, 84
Trd, 4318764.393, 83
Trd, 4318765.093, 132
Trd, 4318765.493, 117
Trd, 4318766.593, 102
Trd, 4318767.893, 86
Trd, 4318769.893, 113
Trd, 4318771.043, 139
Trd, 4318771.443, 136
Trd, 4318771.843, 136
Trd, 4318773.843, 137
Trd, 4318773.893, 117
Trd, 4318774.093, 117
Trd, 4318774.293, 115
Trd, 4318774.493, 130
Trd, 4318775.993, 139
Trd, 4318777.693, 95
Trd, 4318778.543, 90
Trd, 4318780.193, 93
Trd, 4318780.593, 78
Trd, 4318780.693, 98
Trd, 4318781.043, 65
Trd, 4318781.393, 81
Trd, 4318782.743, 63
Trd, 4318782.993, 67
Trd, 4318783.143, 120
Trd, 4318783.793, 65
Trd, 4318783.993, 60
Trd, 4318785.593, 75
Trd, 4318785.693, 89
Trd, 4318786.293, 75
Trd, 4318787.743, 108
Trd, 4318787.843, 102
Trd, 4318789.243, 110
Trd, 4318790.093, 139
Trd, 4318790.293, 135
Trd, 4318790.343, 125
Trd, 4318793.293, 139
Trd, 4318793.593, 126
Trd, 4318793.943, 110
Trd, 4318795.393, 111
Trd, 4318795.943, 101
Trd, 4318797.893, 79
Trd, 4318798.143, 108
Trd, 4318798.393, 76
Trd, 4318798.943, 82
Trd, 4318800.043, 71
Trd, 4318800.593, 85
Trd, 4318801.193, 116
Trd, 4318802.093, 119
Trd, 4318802.193, 129
Trd, 4318802.943, 112
Trd, 4318803.743, 99
Trd, 4318803.993, 140
Trd, 4318804.893, 132
Trd, 4318805.093, 109
Trd, 4318806.243, 127
Trd, 4318806.293, 101
Trd, 4318806.993, 93
Trd, 4318808.093, 75
Trd, 4318809.793, 139
Trd, 4318809.843, 134
Trd, 4318810.643, 97
Trd, 4318811.493, 140
Trd, 4318811.893, 95
Trd, 4318813.443, 85
Trd, 4318814.243, 138
Trd, 4318814.543, 83
Trd, 4318815.493, 136
Trd, 4318815.693, 123
Trd, 4318815.893, 84
Trd, 4318816.093, 82
Trd, 4318817.043, 122
Trd, 4318818.843, 69
Trd, 4318819.093, 71
Trd, 4318819.243, 78
Trd, 4318819.493, 110
Trd, 4318820.393, 140
Trd, 4318820.893, 134
Trd, 4318821.293, 90
Trd, 4318821.443, 68
Trd, 4318822.393, 73
Trd, 4318822.943, 109
Trd, 4318824.443, 75
Trd, 4318825.793, 82
Trd, 4318826.693, 136
Trd, 4318826.843, 136
Trd, 4318827.043, 93
Trd, 4318827.443, 87
Trd, 4318830.093, 62
Trd, 4318830.143, 111
Trd, 4318831.543, 60
Trd, 4318831.643, 62
Trd, 4318831.793, 124
Trd, 4318833.643, 115
Trd, 4318834.043, 112
Trd, 4318834.593, 107
Trd, 4318834.743, 104
Trd, 4318836.043, 105
Trd, 4318836.343, 98
Trd, 4318837.243, 68
Trd, 4318838.243, 63
Trd, 4318838.593, 105
Trd, 4318839.043, 96
Trd, 4318839.393, 121
Trd, 4318842.193, 130
Trd, 4318842.393, 124
Trd, 4318842.993, 118
Trd, 4318843.593, 134
Trd, 4318843.643, 134
Trd, 4318844.743, 73
Trd, 4318844.943, 72
Trd, 4318846.093, 92
Trd, 4318846.393, 103
Trd, 4318846.593, 66
Trd, 4318848.343, 134
Trd, 4318849.443, 80
Trd, 4318849.593, 78
Trd, 4318850.043, 65
Trd, 4318850.693, 64
Trd, 4318851.343, 60
Trd, 4318852.393, 123
Trd, 4318852.593, 98
Trd, 4318852.943, 134
Trd, 4318853.493, 95
Trd, 4318853.943, 87
Trd, 4318855.043, 139
Trd, 4318855.293, 133
Trd, 4318857.093, 129
Trd, 4318857.493, 73
Trd, 4318857.843, 65
Trd, 4318858.343, 71
Trd, 4318858.793, 82
Trd, 4318860.143, 115
Trd, 4318860.243, 111
Trd, 4318861.143, 106
Trd, 4318861.393, 139
Trd, 4318863.543, 137
Trd, 4318863.793, 122
Trd, 4318864.143, 119
Trd, 4318864.243, 114
Trd, 4318865.193, 77
Trd, 4318865.493, 84
Trd, 4318865.693, 73
Trd, 4318866.893, 60
Trd, 4318868.643, 91
Trd, 4318868.893, 81
Trd, 4318869.093, 79
Trd, 4318869.343, 78
Trd, 4318869.593, 73
Trd, 4318870.593, 62
Trd, 4318870.693, 63
Trd, 4318871.243, 66
Trd, 4318873.443, 60
Trd, 4318874.343, 68
Trd, 4318875.443, 139
Trd, 4318875.793, 127
Trd, 4318876.043, 70
Trd, 4318876.943, 60
Trd, 4318878.443, 62
Trd, 4318878.693, 65
Trd, 4318878.843, 118
Trd, 4318879.693, 62
Trd, 4318880.993, 95
Trd, 4318882.043, 134
Trd, 4318883.643, 95
Trd, 4318883.893, 91
Trd, 4318884.893, 73
Trd, 4318885.293, 62
Trd, 4318886.493, 67
Trd, 4318886.993, 63
Trd, 4318887.243, 93
Trd, 4318888.543, 68
Trd, 4318888.843, 98
Trd, 4318889.543, 118
Trd, 4318889.593, 64
Trd, 4318890.243, 132
Trd, 4318890.693, 73
Trd, 4318891.943, 62
Trd, 4318892.043, 63
Trd, 4318893.693, 67
Trd, 4318894.093, 87
Trd, 4318894.443, 84
Trd, 4318894.793, 81
Trd, 4318895.643, 95
Trd, 4318896.093, 98
Trd, 4318896.193, 110
Trd, 4318897.043, 77
Trd, 4318897.143, 75
Trd, 4318899.043, 67
Trd, 4318899.543, 63
Trd, 4318899.993, 72
Trd, 4318900.243, 62
Trd, 4318900.643, 119
Trd, 4318901.993, 140
Trd, 4318902.143, 113
Trd, 4318902.343, 85
Trd, 4318903.043, 122
Trd, 4318903.443, 89
Trd, 4318904.543, 131
Trd, 4318905.593, 93
Trd, 4318905.993, 116
Trd, 4318906.243, 111
Trd, 4318906.893, 70
Trd, 4318907.743, 76
Trd, 4318907.943, 100
Trd, 4318909.643, 130
Trd, 4318911.243, 117
Trd, 4318911.343, 105
Trd, 4318911.643, 92
Trd, 4318911.693, 86
Trd, 4318912.743, 129
Trd, 4318913.793, 120
Trd, 4318914.443, 85
Trd, 4318914.693, 71
Trd, 4318917.343, 107
Trd, 4318917.843, 116
Trd, 4318917.893, 113
Trd, 4318918.593, 113
Trd, 4318919.643, 125
Trd, 4318919.893, 114
Trd, 4318920.893, 84
Trd, 4318921.593, 107
Trd, 4318922.643, 101
Trd, 4318923.193, 96
Trd, 4318923.243, 95
Trd, 4318924.493, 99
Trd, 4318924.993, 66
Trd, 4318925.543, 137
Trd, 4318927.493, 119
Trd, 4318927.843, 127
Trd, 4318927.893, 105
Trd, 4318928.243, 76
Trd, 4318929.693, 121
Trd, 4318929.793, 86
Trd, 4318930.843, 111
Trd, 4318931.243, 138
Trd, 4318931.693, 98
Trd, 4318931.943, 103
Trd, 4318932.743, 126
Trd, 4318932.993, 80
Trd, 4318934.693, 126
Trd, 4318935.443, 130
Trd, 4318935.543, 123
Trd, 4318935.893, 116
Trd, 4318936.343, 108
Trd, 4318937.843, 73
Trd, 4318938.693, 104
Trd, 4318939.243, 114
Trd, 4318939.743, 67
Trd, 4318940.543, 70
Trd, 4318941.043, 106
Trd, 4318943.193, 67
Trd, 4318943.293, 70
Trd, 4318944.743, 97
Trd, 4318944.793, 114
Trd, 4318945.243, 99
Trd, 4318946.143, 72
Trd, 4318946.993, 111
Trd, 4318947.143, 84
Trd, 4318947.993, 64
Trd, 4318948.743, 107
Trd, 4318949.693, 131
Trd, 4318950.943, 129
Trd, 4318951.543, 131
Trd, 4318952.143, 127
Trd, 4318952.443, 121
Trd, 4318952.743, 105
Trd, 4318953.143, 99
Trd, 4318953.543, 88
Trd, 4318954.343, 109
Trd, 4318954.793, 96
Trd, 4318955.293, 139
Trd, 4318955.793, 92
Trd, 4318957.243, 63
Trd, 4318957.643, 96
Trd, 4318957.843, 79
Trd, 4318958.243, 103
Trd, 4318958.543, 66
Trd, 4318960.243, 75
Trd, 4318960.643, 64
Trd, 4318961.743, 69
Trd, 4318962.593, 62
Trd, 4318963.043, 60
Trd, 4318963.593, 72
Trd, 4318964.093, 80
Trd, 4318964.893, 67
Trd, 4318965.543, 75
Trd, 4318967.893, 92
Trd, 4318968.343, 96
Trd, 4318969.093, 94
Trd, 4318969.243, 123
Trd, 4318969.293, 75
Trd, 4318970.143, 89
Trd, 4318970.443, 106
Trd, 4318970.693, 82
Trd, 4318971.843, 100
Trd, 4318972.243, 60
Trd, 4318973.243, 90
Trd, 4318973.943, 61
Trd, 4318974.393, 61
Trd, 4318974.943, 62
Trd, 4318975.993, 87
Trd, 4318976.693, 98
Trd, 4318977.943, 89
Trd, 4318978.293, 126
Trd, 4318978.643, 112
Trd, 4318978.793, 96
Trd, 4318979.043, 140
Trd, 4318979.343, 105
Trd, 4318980.893, 126
Trd, 4318981.293, 108
Trd, 4318981.743, 135
Trd, 4318982.943, 100
Trd, 4318983.443, 100
Trd, 4318983.493, 86
Trd, 4318984.043, 107
Trd, 4318984.843, 87
Trd, 4318985.493, 125
Trd, 4318985.743, 110
Trd, 4318987.543, 134
Trd, 4318987.793, 116
Trd, 4318988.243, 131
Trd, 4318988.343, 104
Trd, 4318988.693, 71
Trd, 4318989.893, 74
Trd, 4318990.693, 68
Trd, 4318991.793, 138
Trd, 4318992.193, 130
Trd, 4318992.493, 122
Trd, 4318992.593, 116
Trd, 4318993.693, 130
Trd, 4318994.043, 99
Trd, 4318995.893, 116
Trd, 4318996.243, 95
Trd, 4318996.643, 80
Trd, 4318997.393, 114
Trd, 4318997.593, 108
Trd, 4318998.093, 139
Trd, 4318999.543, 126
Trd, 4318999.943, 105
Trd, 4319000.493, 104
Trd, 4319001.743, 133
Trd, 4319002.243, 129
Trd, 4319003.693, 133
Trd, 4319004.193, 127
Trd, 4319004.893, 123
Trd, 4319005.193, 140
Trd, 4319005.893, 138
Trd, 4319005.943, 125
Trd, 4319008.443, 133
Trd, 4319008.893, 110
Trd, 4319009.943, 121
Trd, 4319010.343, 110
Trd, 4319010.443, 107
Trd, 4319011.193, 127
Trd, 4319011.793, 107
Trd, 4319012.593, 128
Trd, 4319013.193, 94
Trd, 4319013.543, 119
Trd, 4319013.593, 117
Trd, 4319014.193, 86
Trd, 4319015.093, 135
Trd, 4319015.643, 136
Trd, 4319016.193, 117
Trd, 4319017.493, 95
Trd, 4319018.243, 105
Trd, 4319018.943, 92
Trd, 4319019.343, 107
Trd, 4319019.693, 106
Trd, 4319019.793, 126
Trd, 4319020.293, 60
Trd, 4319021.443, 91
Trd, 4319022.643, 140
Trd, 4319023.093, 137
Trd, 4319023.693, 132
Trd, 4319024.043, 127
Trd, 4319024.443, 126
Trd, 4319025.993, 102
Trd, 4319026.243, 97
Trd, 4319026.843, 84
Trd, 4319027.143, 72
Trd, 4319028.793, 137
Trd, 4319029.043, 133
Trd, 4319030.093, 128
Trd, 4319030.193, 83
Trd, 4319032.243, 136
Trd, 4319032.793, 123
Trd, 4319033.343, 77
Trd, 4319033.543, 78
Trd, 4319034.943, 101
Trd, 4319035.493, 103
Trd, 4319035.893, 100
Trd, 4319037.143, 137
Trd, 4319037.693, 129
Trd, 4319039.293, 134
Trd, 4319039.793, 93
Trd, 4319040.393, 99
Trd, 4319040.643, 91
Trd, 4319041.093, 107
Trd, 4319042.593, 107
Trd, 4319043.343, 97
Trd, 4319043.693, 89
Trd, 4319044.093, 75
Trd, 4319044.493, 116
Trd, 4319045.143, 140
Trd, 4319045.693, 108
Trd, 4319046.343, 111
Trd, 4319046.543, 88
Trd, 4319047.693, 85
Trd, 4319047.993, 98
Trd, 4319049.943, 135
Trd, 4319050.143, 130
Trd, 4319050.243, 77
Trd, 4319050.593, 65
Trd, 4319050.693, 134
Trd, 4319051.043, 70
Trd, 4319052.993, 102
Trd, 4319053.143, 82
Trd, 4319055.443, 120
Trd, 4319056.593, 117
Trd, 4319056.993, 103
Trd, 4319057.093, 91
Trd, 4319057.293, 73
Trd, 4319057.543, 78
Trd, 4319058.043, 64
Trd, 4319059.293, 112
Trd, 4319059.843, 108
Trd, 4319060.493, 124
Trd, 4319061.193, 104
Trd, 4319061.393, 130
Trd, 4319062.043, 134
Trd, 4319062.093, 96
Trd, 4319063.643, 135
Trd, 4319063.743, 133
Trd, 4319063.943, 128
Trd, 4319064.993, 102
Trd, 4319065.293, 95
Trd, 4319066.043, 64
Trd, 4319067.193, 60
Trd, 4319067.243, 75
Trd, 4319067.693, 117
Trd, 4319068.943, 62
Trd, 4319069.093, 128
Trd, 4319069.543, 127
Trd, 4319071.143, 102
Trd, 4319072.143, 80
Trd, 4319072.293, 94
Trd, 4319072.843, 93
Trd, 4319073.093, 85
Trd, 4319073.793, 78
Trd, 4319075.743, 75
Trd, 4319076.243, 82
Trd, 4319076.643, 77
Trd, 4319076.843, 70
Trd, 4319077.293, 126
Trd, 4319077.843, 111
Trd, 4319078.493, 107
Trd, 4319080.393, 123
Trd, 4319080.943, 139
Trd, 4319081.243, 129
Trd, 4319082.093, 136
Trd, 4319082.393, 131
Trd, 4319083.093, 130
Trd, 4319083.293, 122
Trd, 4319083.543, 77
Trd, 4319084.343, 60
Trd, 4319086.043, 63
Trd, 4319086.393, 76
Trd, 4319087.193, 87
Trd, 4319087.743, 65
Trd, 4319088.093, 106
Trd, 4319088.393, 99
Trd, 4319088.693, 65
Trd, 4319089.743, 140
Trd, 4319090.093, 135
Trd, 4319090.893, 106
Trd, 4319091.393, 127
Trd, 4319091.493, 89
Trd, 4319092.093, 99
Trd, 4319092.593, 84
Trd, 4319093.393, 125
Trd, 4319093.893, 68
Trd, 4319094.993, 77
Trd, 4319095.293, 63
Trd, 4319095.943, 95
Trd, 4319096.843, 122
Trd, 4319097.143, 84
Trd, 4319097.843, 101
Trd, 4319098.093, 117
Trd, 4319098.293, 88
Trd, 4319099.993, 129
Trd, 4319101.593, 135
Trd, 4319102.143, 131
Trd, 4319102.343, 124
Trd, 4319103.043, 120
Trd, 4319103.343, 107
Trd, 4319103.493, 89
Trd, 4319103.643, 86
Trd, 4319105.043, 70
Trd, 4319106.043, 100
Trd, 4319106.693, 124
Trd, 4319106.793, 88
Trd, 4319107.743, 126
Trd, 4319107.943, 123
Trd, 4319108.193, 106
Trd, 4319108.243, 105
Trd, 4319108.643, 91
Trd, 4319109.993, 86
Trd, 4319110.743, 93
Trd, 4319111.493, 115
Trd, 4319111.543, 106
Trd, 4319112.993, 140
Trd, 4319113.443, 135
Trd, 4319114.093, 92
Trd, 4319114.193, 88
Trd, 4319115.093, 115
Trd, 4319116.443, 75
Trd, 4319117.243, 79
Trd, 4319117.443, 89
Trd, 4319117.643, 140
Trd, 4319118.743, 99
Trd, 4319119.443, 105
Trd, 4319119.893, 124
Trd, 4319120.643, 76
Trd, 4319120.793, 73
Trd, 4319121.293, 66
Trd, 4319121.443, 65
Trd, 4319121.993, 81
Trd, 4319123.343, 108
Trd, 4319125.293, 138
Trd, 4319125.393, 134
Trd, 4319126.243, 112
Trd, 4319126.593, 137
Trd, 4319127.593, 84
Trd, 4319128.493, 91
Trd, 4319128.743, 78
Trd, 4319129.993, 66
Trd, 4319130.393, 99
Trd, 4319131.493, 106
Trd, 4319131.693, 119
Trd, 4319132.493, 126
Trd, 4319133.493, 107
Trd, 4319133.593, 88
Trd, 4319134.043, 95
Trd, 4319134.243, 84
Trd, 4319134.393, 80
Trd, 4319135.743, 73
Trd, 4319135.893, 120
Trd, 4319136.043, 69
Trd, 4319138.343, 133
Trd, 4319138.993, 87
Trd, 4319139.593, 74
Trd, 4319140.043, 140
Trd, 4319140.793, 115
Trd, 4319141.993, 111
Trd, 4319142.343, 130
Trd, 4319144.343, 121
Trd, 4319144.493, 114
Trd, 4319144.793, 113
Trd, 4319146.443, 128
Trd, 4319147.943, 140
Trd, 4319148.343, 134
Trd, 4319148.743, 130
Trd, 4319148.993, 109
Trd, 4319149.393, 99
Trd, 4319149.493, 97
Trd, 4319150.893, 60
Trd, 4319151.143, 61
Trd, 4319151.893, 62
Trd, 4319152.143, 85
Trd, 4319153.943, 91
Trd, 4319153.993, 83
Trd, 4319155.993, 72
Trd, 4319156.143, 99
Trd, 4319156.243, 91
Trd, 4319156.343, 66
Trd, 4319156.893, 63
Trd, 4319157.893, 77
Trd, 4319159.693, 111
Trd, 4319160.293, 105
Trd, 4319161.743, 75
Trd, 4319162.093, 73
Trd, 4319162.243, 73
Trd, 4319163.293, 87
Trd, 4319163.693, 68
Trd, 4319163.843, 69
Trd, 4319164.143, 116
Trd, 4319165.243, 139
Trd, 4319166.293, 121
Trd, 4319166.443, 118
Trd, 4319167.343, 130
Trd, 4319168.193, 61
Trd, 4319168.393, 84
Trd, 4319169.893, 78
Trd, 4319170.493, 68
Trd, 4319170.793, 102
Trd, 4319171.043, 66
Trd, 4319171.093, 110
Trd, 4319171.943, 65
Trd, 4319172.543, 80
Trd, 4319173.893, 102
Trd, 4319175.043, 134
Trd, 4319175.443, 82
Trd, 4319176.593, 85
Trd, 4319177.793, 120
Trd, 4319178.343, 90
Trd, 4319178.643, 60
Trd, 4319179.393, 71
Trd, 4319181.293, 139
Trd, 4319181.693, 139
Trd, 4319183.343, 129
Trd, 4319183.593, 98
Trd, 4319183.843, 117
Trd, 4319184.743, 100
Trd, 4319184.843, 118
Trd, 4319185.743, 80
Trd, 4319187.543, 67
Trd, 4319187.943, 121
Trd, 4319188.093, 119
Trd, 4319188.293, 112
Trd, 4319189.793, 69
Trd, 4319190.493, 62
Trd, 4319190.843, 68
Trd, 4319191.193, 136
Trd, 4319192.843, 115
Trd, 4319193.793, 140
Trd, 4319194.743, 120
Trd, 4319194.993, 117
Trd, 4319195.093, 103
Trd, 4319196.443, 90
Trd, 4319196.693, 109
Trd, 4319198.193, 62
Trd, 4319198.293, 99
Trd, 4319198.593, 137
Trd, 4319198.993, 79
Trd, 4319199.593, 125
Trd, 4319200.443, 122
Trd, 4319201.593, 140
Trd, 4319201.943, 114
Trd, 4319203.493, 133
Trd, 4319204.293, 130
Trd, 4319204.793, 124
Trd, 4319204.993, 87
Trd, 4319205.143, 81
Trd, 4319206.043, 78
Trd, 4319206.693, 105
Trd, 4319207.293, 118
Trd, 4319207.393, 91
Trd, 4319208.293, 140
Trd, 4319208.793, 131
Trd, 4319209.843, 118
Trd, 4319210.243, 72
Trd, 4319210.743, 136
Trd, 4319211.593, 108
Trd, 4319212.443, 132
Trd, 4319213.143, 107
Trd, 4319213.843, 140
Trd, 4319214.943, 124
Trd, 4319215.943, 111
Trd, 4319216.143, 104
Trd, 4319216.643, 109
Trd, 4319217.543, 60
Trd, 4319217.993, 60
Trd, 4319218.543, 67
Trd, 4319220.543, 122
Trd, 4319220.593, 86
Trd, 4319220.893, 81
Trd, 4319221.193, 135
Trd, 4319221.243, 99
Trd, 4319221.593, 78
Trd, 4319222.343, 68
Trd, 4319222.943, 87
Trd, 4319223.543, 110
Trd, 4319224.343, 69
Trd, 4319226.043, 71
Trd, 4319226.693, 69
Trd, 4319227.343, 92
Trd, 4319227.943, 65
Trd, 4319228.293, 97
Trd, 4319228.393, 83
Trd, 4319229.443, 61
Trd, 4319230.643, 111
Trd, 4319231.893, 117
Trd, 4319232.843, 81
Trd, 4319233.093, 132
Trd, 4319234.343, 93
Trd, 4319234.993, 91
Trd, 4319235.043, 86
Trd, 4319235.593, 133
Trd, 4319235.793, 88
Trd, 4319236.343, 116
Trd, 4319238.093, 116
Trd, 4319238.743, 88
Trd, 4319239.793, 86
Trd, 4319240.143, 140
Trd, 4319240.193, 70
Trd, 4319240.793, 115
Trd, 4319240.943, 103
Trd, 4319242.493, 68
Trd, 4319242.993, 73
Trd, 4319243.043, 77
Trd, 4319244.693, 134
Trd, 4319245.243, 130
Trd, 4319245.743, 121
Trd, 4319245.793, 99
Trd, 4319247.043, 140
Trd, 4319247.543, 139
Trd, 4319248.043, 101
Trd, 4319248.943, 86
Trd, 4319249.493, 64
Trd, 4319249.593, 84
Trd, 4319249.993, 127
Trd, 4319250.893, 71
Trd, 4319251.293, 76
Trd, 4319251.493, 78
Trd, 4319251.893, 61
Trd, 4319254.293, 115
Trd, 4319254.643, 88
Trd, 4319255.193, 98
Trd, 4319256.493, 81
Trd, 4319256.693, 65
Trd, 4319256.893, 85
Trd, 4319258.143, 109
Trd, 4319259.143, 60
Trd, 4319259.293, 111
Trd, 4319260.543, 123
Trd, 4319260.643, 112
Trd, 4319261.043, 106
Trd, 4319262.343, 99
Trd, 4319263.443, 140
Trd, 4319264.143, 120
Trd, 4319265.693, 94
Trd, 4319266.193, 136
Trd, 4319266.393, 126
Trd, 4319266.643, 118
Trd, 4319267.543, 119
Trd, 4319267.693, 101
Trd, 4319268.793, 122
Trd, 4319268.993, 110
Trd, 4319269.843, 77
Trd, 4319270.843, 75
Trd, 4319272.093, 115
Trd, 4319272.493, 92
Trd, 4319272.643, 70
Trd, 4319273.593, 60
Trd, 4319275.043, 74
Trd, 4319275.343, 83
Trd, 4319275.843, 128
Trd, 4319278.293, 128
Trd, 4319278.743, 140
Trd, 4319278.793, 133
Trd, 4319279.943, 117
Trd, 4319281.143, 104
Trd, 4319281.343, 75
Trd, 4319281.743, 104
Trd, 4319282.293, 140
Trd, 4319282.743, 79
Trd, 4319282.943, 77
Trd, 4319283.593, 106
Trd, 4319284.893, 112
Trd, 4319286.243, 61
Trd, 4319286.943, 62
Trd, 4319287.643, 67
Trd, 4319288.193, 70
Trd, 4319288.943, 95
Trd, 4319289.543, 86
Trd, 4319290.643, 138
Trd, 4319290.843, 85
Trd, 4319290.943, 83
Trd, 4319291.193, 130
Trd, 4319291.743, 60
Trd, 4319292.593, 131
Trd, 4319293.443, 74
Trd, 4319294.143, 103
Trd, 4319294.843, 68
Trd, 4319295.643, 61
Trd, 4319295.693, 119
Trd, 4319297.593, 112
Trd, 4319299.143, 124
Trd, 4319299.793, 121
Trd, 4319301.393, 137
Trd, 4319301.443, 132
Trd, 4319301.493, 111
Trd, 4319301.543, 89
Trd, 4319301.943, 88
Trd, 4319302.243, 83
Trd, 4319302.543, 123
Trd, 4319304.293, 109
Trd, 4319304.693, 71
Trd, 4319305.093, 138
Trd, 4319305.243, 88
Trd, 4319305.393, 110
Trd, 4319305.743, 139
Trd, 4319306.743, 94
Trd, 4319307.093, 94
Trd, 4319307.293, 71
Trd, 4319308.693, 71
Trd, 4319310.443, 138
Trd, 4319311.243, 84
Trd, 4319312.243, 119
Trd, 4319312.493, 116
Trd, 4319312.843, 113
Trd, 4319316.543, 132
Trd, 4319317.093, 121
Trd, 4319317.443, 129
Trd, 4319317.643, 125
Trd, 4319317.843, 100
Trd, 4319317.893, 99
Trd, 4319317.993, 84
Trd, 4319319.393, 132
Trd, 4319319.993, 117
Trd, 4319320.143, 140
Trd, 4319320.893, 96
Trd, 4319321.343, 91
Trd, 4319322.243, 97
Trd, 4319323.193, 79
Trd, 4319323.843, 97
Trd, 4319324.143, 75
Trd, 4319324.243, 73
Trd, 4319325.043, 75
Trd, 4319326.843, 64
Trd, 4319327.143, 60
Trd, 4319327.243, 76
Trd, 4319328.743, 90
Trd, 4319328.893, 132
Trd, 4319329.743, 68
Trd, 4319330.293, 103
Trd, 4319330.943, 130
Trd, 4319331.293, 107
Trd, 4319331.543, 112
Trd, 4319331.943, 127
Trd, 4319333.443, 89
Trd, 4319333.793, 67
Trd, 4319335.493, 63
Trd, 4319336.043, 90
Trd, 4319336.943, 90
Trd, 4319337.043, 84
Trd, 4319337.843, 120
Trd, 4319337.943, 112
Trd, 4319338.143, 111
Trd, 4319338.943, 106
Trd, 4319339.293, 139
Trd, 4319339.343, 128
Trd, 4319340.793, 92
Trd, 4319341.993, 112
Trd, 4319343.643, 107
Trd, 4319343.893, 105
Trd, 4319344.543, 93
Trd, 4319345.493, 99
Trd, 4319346.243, 83
Trd, 4319346.543, 111
Trd, 4319347.243, 80
Trd, 4319347.843, 72
Trd, 4319348.593, 139
Trd, 4319348.993, 135
Trd, 4319349.393, 110
Trd, 4319350.243, 132
Trd, 4319351.893, 139
Trd, 4319353.543, 107
Trd, 4319354.743, 107
Trd, 4319354.843, 105
Trd, 4319356.393, 134
Trd, 4319357.143, 94
Trd, 4319357.293, 82
Trd, 4319358.193, 139
Trd, 4319358.343, 123
Trd, 4319358.643, 84
Trd, 4319359.643, 68
Trd, 4319360.293, 108
Trd, 4319361.293, 124
Trd, 4319361.793, 139
Trd, 4319362.843, 132
Trd, 4319363.043, 124
Trd, 4319363.843, 116
Trd, 4319364.043, 134
Trd, 4319364.193, 97
Trd, 4319365.643, 81
Trd, 4319365.943, 81
Trd, 4319366.493, 138
Trd, 4319366.993, 118
Trd, 4319367.143, 102
Trd, 4319367.443, 131
Trd, 4319369.143, 120
Trd, 4319369.443, 121
Trd, 4319369.543, 115
Trd, 4319369.843, 105
Trd, 4319370.893, 66
Trd, 4319371.893, 60
Trd, 4319371.993, 71
Trd, 4319373.943, 128
Trd, 4319374.993, 68
Trd, 4319376.743, 138
Trd, 4319376.793, 123
Trd, 4319377.243, 140
Trd, 4319377.793, 95
Trd, 4319378.493, 118
Trd, 4319378.743, 101
Trd, 4319380.043, 138
Trd, 4319381.693, 127
Trd, 4319381.993, 120
Trd, 4319382.043, 107
Trd, 4319382.143, 85
Trd, 4319382.693, 78
Trd, 4319383.893, 134
Trd, 4319384.393, 118
Trd, 4319384.943, 84
Trd, 4319386.343, 140
Trd, 4319387.143, 118
Trd, 4319388.393, 133
Trd, 4319388.743, 106
Trd, 4319389.093, 122
Trd, 4319389.293, 101
Trd, 4319390.893, 101
Trd, 4319391.293, 139
Trd, 4319392.193, 97
Trd, 4319392.493, 127
Trd, 4319392.543, 96
Trd, 4319392.893, 101
Trd, 4319394.293, 86
Trd, 4319395.393, 74
Trd, 4319395.893, 133
Trd, 4319397.743, 108
Trd, 4319398.143, 140
Trd, 4319398.193, 115
Trd, 4319398.643, 92
Trd, 4319399.143, 82
Trd, 4319400.843, 107
Trd, 4319401.043, 103
Trd, 4319401.393, 75
Trd, 4319401.443, 97
Trd, 4319403.193, 60
Trd, 4319403.693, 62
Trd, 4319404.043, 103
Trd, 4319405.143, 113
Trd, 4319405.893, 108
Trd, 4319406.243, 137
Trd, 4319406.843, 115
Trd, 4319407.193, 95
Trd, 4319407.293, 84
Trd, 4319409.543, 69
Trd, 4319409.743, 69
Trd, 4319409.893, 71
Trd, 4319410.443, 101
Trd, 4319411.093, 76
Trd, 4319412.393, 103
Trd, 4319412.743, 101
Trd, 4319413.893, 139
Trd, 4319415.343, 128
Trd, 4319415.793, 110
Trd, 4319416.293, 135
Trd, 4319416.893, 113
Trd, 4319417.293, 104
Trd, 4319417.993, 101
Trd, 4319418.243, 99
Trd, 4319418.593, 97
Trd, 4319419.993, 82
Trd, 4319421.143, 83
Trd, 4319421.843, 139
Trd, 4319421.893, 130
Trd, 4319422.293, 67
Trd, 4319423.043, 88
Trd, 4319423.143, 70
Trd, 4319424.193, 99
Trd, 4319424.693, 75
Trd, 4319425.893, 139
Trd, 4319426.493, 107
Trd, 4319427.093, 100
Trd, 4319427.243, 94
Trd, 4319428.543, 99
Trd, 4319428.593, 92
Trd, 4319430.043, 139
Trd, 4319430.593, 135
Trd, 4319430.693, 85
Trd, 4319430.743, 80
Trd, 4319432.293, 132
Trd, 4319433.493, 140
Trd, 4319433.993, 131
Trd, 4319434.443, 125
Trd, 4319435.293, 132
Trd, 4319435.343, 100
Trd, 4319435.643, 73
Trd, 4319436.543, 124
Trd, 4319436.943, 121
Trd, 4319437.343, 138
Trd, 4319437.743, 126
Trd, 4319438.493, 127
Trd, 4319440.043, 88
Trd, 4319440.343, 139
Trd, 4319441.043, 90
Trd, 4319442.043, 113
Trd, 4319443.043, 121
Trd, 4319444.093, 96
Trd, 4319444.443, 136
Trd, 4319445.543, 89
Trd, 4319445.793, 98
Trd, 4319446.143, 85
Trd, 4319446.293, 112
Trd, 4319447.893, 63
Trd, 4319449.093, 63
Trd, 4319449.193, 66
Trd, 4319449.643, 87
Trd, 4319449.893, 92
Trd, 4319450.793, 109
Trd, 4319451.443, 130
Trd, 4319451.793, 125
Trd, 4319452.793, 92
Trd, 4319452.943, 81
Trd, 4319454.293, 140
Trd, 4319454.493, 134
Trd, 4319455.593, 132
Trd, 4319456.393, 107
Trd, 4319456.743, 102
Trd, 4319457.993, 136
Trd, 4319458.993, 126
Trd, 4319459.493, 121
Trd, 4319460.093, 139
Trd, 4319460.593, 110
Trd, 4319460.943, 84
Trd, 4319461.443, 81
Trd, 4319461.993, 62
Trd, 4319463.543, 110
Trd, 4319463.793, 131
Trd, 4319464.593, 95
Trd, 4319465.493, 81
Trd, 4319466.343, 68
Trd, 4319466.693, 74
Trd, 4319466.843, 68
Trd, 4319467.393, 106
Trd, 4319467.593, 97
Trd, 4319468.443, 79
Trd, 4319470.093, 60
Trd, 4319470.443, 66
Trd, 4319471.543, 94
Trd, 4319472.043, 97
Trd, 4319472.193, 106
Trd, 4319472.743, 137
Trd, 4319473.193, 140
Trd, 4319473.443, 114
Trd, 4319474.293, 112
Trd, 4319474.393, 108
Trd, 4319476.443, 125
Trd, 4319477.143, 108
Trd, 4319477.843, 119
Trd, 4319478.593, 117
Trd, 4319478.693, 110
Trd, 4319479.093, 96
Trd, 4319479.643, 89
Trd, 4319480.243, 91
Trd, 4319480.643, 88
Trd, 4319480.993, 71
Trd, 4319481.293, 115
Trd, 4319483.793, 138
Trd, 4319484.093, 135
Trd, 4319484.293, 134
Trd, 4319484.443, 110
Trd, 4319484.693, 102
Trd, 4319484.843, 69
Trd, 4319485.243, 136
Trd, 4319485.593, 67
Trd, 4319487.693, 70
Trd, 4319488.443, 65
Trd, 4319489.293, 137
Trd, 4319489.893, 90
Trd, 4319490.543, 67
Trd, 4319490.743, 95
Trd, 4319491.693, 77
Trd, 4319491.993, 115
Trd, 4319492.293, 124
Trd, 4319492.493, 67
Trd, 4319492.743, 67
Trd, 4319493.393, 61
Trd, 4319495.093, 66
Trd, 4319497.193, 140
Trd, 4319497.243, 137
Trd, 4319498.393, 120
Trd, 4319498.993, 106
Trd, 4319499.493, 127
Trd, 4319500.343, 105
Trd, 4319500.643, 120
Trd, 4319500.793, 140
Trd, 4319501.493, 73
Trd, 4319501.693, 97
Trd, 4319502.943, 69
Trd, 4319504.093, 140
Trd, 4319504.993, 135
Trd, 4319505.593, 89
Trd, 4319506.043, 70
Trd, 4319506.443, 62
Trd, 4319507.243, 81
Trd, 4319507.343, 98
Trd, 4319508.593, 61
Trd, 4319509.193, 93
Trd, 4319510.693, 80
Trd, 4319511.193, 77
Trd, 4319511.393, 76
Trd, 4319511.593, 93
Trd, 4319512.693, 120
Trd, 4319512.743, 111
Trd, 4319514.143, 100
Trd, 4319515.343, 92
Trd, 4319516.193, 76
Trd, 4319516.393, 70
Trd, 4319516.793, 68
Trd, 4319516.843, 83
Trd, 4319517.143, 111
Trd, 4319518.193, 88
Trd, 4319519.143, 133
Trd, 4319519.593, 97
Trd, 4319519.843, 74
Trd, 4319522.293, 60
Trd, 4319522.343, 60
Trd, 4319523.243, 95
Trd, 4319523.493, 68
Trd, 4319524.743, 139
Trd, 4319526.193, 61
Trd, 4319526.593, 63
Trd, 4319527.593, 60
Trd, 4319528.393, 64
Trd, 4319529.493, 78
Trd, 4319529.893, 61
Trd, 4319530.743, 64
Trd, 4319531.293, 65
Trd, 4319531.443, 72
Trd, 4319531.943, 72
Trd, 4319532.743, 131
Trd, 4319534.243, 124
Trd, 4319534.293, 112
Trd, 4319534.343, 88
Trd, 4319534.693, 104
Trd, 4319536.993, 118
Trd, 4319537.393, 112
Trd, 4319537.493, 85
Trd, 4319538.943, 127
Trd, 4319539.093, 118
Trd, 4319539.943, 115
Trd, 4319540.343, 114
Trd, 4319540.843, 108
Trd, 4319541.693, 117
Trd, 4319543.493, 134
Trd, 4319543.593, 140
Trd, 4319543.643, 122
Trd, 4319545.443, 125
Trd, 4319545.493, 122
Trd, 4319545.793, 93
Trd, 4319546.693, 111
Trd, 4319547.193, 79
Trd, 4319547.693, 123
Trd, 4319549.193, 92
Trd, 4319549.243, 84
Trd, 4319550.293, 115
Trd, 4319551.093, 63
Trd, 4319552.293, 137
Trd, 4319552.493, 136
Trd, 4319553.443, 109
Trd, 4319553.743, 92
Trd, 4319554.143, 89
Trd, 4319555.043, 113
Trd, 4319555.543, 138
Trd, 4319556.493, 119
Trd, 4319557.393, 140
Trd, 4319557.793, 126
Trd, 4319558.843, 70
Trd, 4319560.643, 137
Trd, 4319560.693, 133
Trd, 4319561.593, 105
Trd, 4319561.993, 95
Trd, 4319562.993, 65
Trd, 4319563.693, 70
Trd, 4319564.043, 69
Trd, 4319565.193, 62
Trd, 4319565.593, 101
Trd, 4319566.043, 83
Trd, 4319566.943, 73
Trd, 4319566.993, 74
Trd, 4319567.593, 60
Trd, 4319568.343, 116
Trd, 4319568.943, 69
Trd, 4319569.193, 69
Trd, 4319569.243, 112
Trd, 4319569.593, 61
Trd, 4319571.143, 72
Trd, 4319571.743, 138
Trd, 4319572.543, 104
Trd, 4319573.093, 101
Trd, 4319574.193, 132
Trd, 4319574.843, 134
Trd, 4319575.743, 124
Trd, 4319576.043, 117
Trd, 4319576.143, 103
Trd, 4319577.493, 104
Trd, 4319578.043, 109
Trd, 4319579.143, 137
Trd, 4319579.993, 101
Trd, 4319581.243, 99
Trd, 4319581.443, 94
Trd, 4319581.893, 78
Trd, 4319582.343, 84
Trd, 4319582.493, 119
Trd, 4319583.393, 129
Trd, 4319583.893, 117
Trd, 4319584.193, 128
Trd, 4319584.243, 114
Trd, 4319584.343, 89
Trd, 4319585.793, 134
Trd, 4319585.893, 124
Trd, 4319586.093, 95
Trd, 4319587.343, 94
Trd, 4319587.443, 73
Trd, 4319588.543, 79
Trd, 4319588.743, 86
Trd, 4319589.593, 91
Trd, 4319591.393, 119
Trd, 4319591.843, 96
Trd, 4319592.593, 71
Trd, 4319592.843, 67
Trd, 4319593.493, 76
Trd, 4319594.393, 87
Trd, 4319594.793, 88
Trd, 4319595.893, 120
Trd, 4319596.443, 121
Trd, 4319596.493, 113
Trd, 4319597.593, 126
Trd, 4319597.993, 68
Trd, 4319598.293, 67
Trd, 4319598.593, 68
Trd, 4319600.493, 107
Trd, 4319601.393, 62
Trd, 4319602.193, 75
Trd, 4319602.293, 68
Trd, 4319603.043, 102
Trd, 4319603.493, 99
Trd, 4319604.793, 84
Trd, 4319605.043, 82
Trd, 4319605.093, 73
Trd, 4319605.343, 110
Trd, 4319606.243, 63
Trd, 4319607.093, 77
Trd, 4319607.343, 135
Trd, 4319608.943, 85
Trd, 4319609.943, 62
Trd, 4319610.693, 68
Trd, 4319610.843, 71
Trd, 4319611.543, 73
Trd, 4319612.743, 62
Trd, 4319612.943, 76
Trd, 4319613.193, 73
Trd, 4319614.993, 131
Trd, 4319616.043, 120
Trd, 4319616.143, 117
Trd, 4319616.243, 108
Trd, 4319616.543, 82
Trd, 4319617.243, 76
Trd, 4319617.443, 140
Trd, 4319617.793, 109
Trd, 4319619.093, 66
Trd, 4319620.143, 64
Trd, 4319620.343, 71
Trd, 4319620.793, 65
Trd, 4319621.943, 61
Trd, 4319623.443, 66
Trd, 4319623.693, 65
Trd, 4319625.393, 79
Trd, 4319626.093, 66
Trd, 4319626.643, 80
Trd, 4319626.793, 75
Trd, 4319627.043, 74
Trd, 4319627.643, 140
Trd, 4319627.943, 87
Trd, 4319627.993, 73
Trd, 4319629.993, 129
Trd, 4319630.143, 123
Trd, 4319630.793, 108
Trd, 4319631.493, 111
Trd, 4319632.093, 95
Trd, 4319632.993, 124
Trd, 4319633.243, 121
Trd, 4319634.443, 97
Trd, 4319634.743, 111
Trd, 4319635.193, 68
Trd, 4319635.393, 139
Trd, 4319635.793, 93
Trd, 4319636.343, 90
Trd, 4319637.743, 131
Trd, 4319638.343, 119
Trd, 4319639.543, 139
Trd, 4319639.893, 125
Trd, 4319640.793, 96
Trd, 4319641.043, 116
Trd, 4319641.443, 95
Trd, 4319642.143, 86
Trd, 4319642.593, 102
Trd, 4319643.693, 66
Trd, 4319644.543, 72
Trd, 4319644.693, 65
Trd, 4319645.493, 82
Trd, 4319645.743, 62
Trd, 4319646.493, 71
Trd, 4319647.993, 137
Trd, 4319648.143, 126
Trd, 4319648.993, 140
Trd, 4319649.043, 65
Trd, 4319650.893, 134
Trd, 4319651.193, 115
Trd, 4319651.693, 77
Trd, 4319651.993, 139
Trd, 4319652.193, 76
Trd, 4319653.243, 137
Trd, 4319654.543, 129
Trd, 4319655.443, 123
Trd, 4319655.543, 118
Trd, 4319656.093, 99
Trd, 4319656.193, 71
Trd, 4319656.843, 100
Trd, 4319657.043, 75
Trd, 4319657.693, 125
Trd, 4319657.743, 131
Trd, 4319658.043, 135
Trd, 4319658.293, 98
Trd, 4319659.293, 71
Trd, 4319659.343, 74
Trd, 4319660.593, 63
Trd, 4319660.943, 64
Trd, 4319661.793, 134
Trd, 4319662.193, 82
Trd, 4319662.693, 70
Trd, 4319664.043, 136
Trd, 4319665.543, 90
Trd, 4319665.643, 88
Trd, 4319666.643, 91
Trd, 4319667.543, 84
Trd, 4319667.693, 98
Trd, 4319668.293, 126
Trd, 4319668.843, 99
Trd, 4319669.443, 99
Trd, 4319670.293, 138
Trd, 4319670.343, 125
Trd, 4319672.543, 136
Trd, 4319672.793, 112
Trd, 4319673.193, 121
Trd, 4319673.543, 125
Trd, 4319674.793, 100
Trd, 4319675.793, 117
Trd, 4319675.943, 88
Trd, 4319676.543, 100
Trd, 4319677.043, 89
Trd, 4319677.843, 88
Trd, 4319678.543, 89
Trd, 4319679.243, 71
Trd, 4319679.643, 111
Trd, 4319680.393, 108
Trd, 4319680.443, 91
Trd, 4319680.693, 140
Trd, 4319682.993, 64
Trd, 4319684.443, 63
Trd, 4319684.493, 65
Trd, 4319684.693, 76
Trd, 4319685.143, 139
Trd, 4319685.693, 83
Trd, 4319685.843, 79
Trd, 4319687.193, 66
Trd, 4319688.193, 76
Trd, 4319689.793, 122
Trd, 4319690.693, 130
Trd, 4319690.793, 85
Trd, 4319691.693, 140
Trd, 4319693.043, 135
Trd, 4319693.593, 127
Trd, 4319694.443, 121
Trd, 4319695.843, 137
Trd, 4319695.943, 126
Trd, 4319696.193, 114
Trd, 4319696.893, 111
Trd, 4319697.343, 128
Trd, 4319697.593, 123
Trd, 4319698.493, 120
Trd, 4319698.843, 139
Trd, 4319699.343, 83
Trd, 4319700.993, 63
Trd, 4319701.443, 86
Trd, 4319701.643, 102
Trd, 4319701.793, 127
Trd, 4319702.643, 123
Trd, 4319704.243, 96
Trd, 4319704.543, 99
Trd, 4319705.243, 102
Trd, 4319705.793, 96
Trd, 4319706.043, 94
Trd, 4319706.693, 84
Trd, 4319707.493, 125
Trd, 4319708.243, 119
Trd, 4319708.793, 72
Trd, 4319708.893, 77
Trd, 4319709.643, 140
Trd, 4319710.993, 130
Trd, 4319711.043, 127
Trd, 4319711.943, 135
Trd, 4319712.343, 77
Trd, 4319714.293, 120
Trd, 4319714.343, 92
Trd, 4319715.243, 64
Trd, 4319715.443, 93
Trd, 4319717.093, 88
Trd, 4319717.643, 131
Trd, 4319717.693, 118
Trd, 4319719.393, 140
Trd, 4319720.293, 131
Trd, 4319720.793, 128
Trd, 4319720.843, 110
Trd, 4319721.043, 130
Trd, 4319721.243, 96
Trd, 4319722.543, 117
Trd, 4319723.193, 92
Trd, 4319723.343, 86
Trd, 4319723.743, 96
Trd, 4319724.343, 63
Trd, 4319725.693, 114
Trd, 4319725.993, 90
Trd, 4319726.793, 64
Trd, 4319727.293, 74
Trd, 4319728.443, 100
Trd, 4319730.143, 60
Trd, 4319731.593, 92
Trd, 4319732.093, 72
Trd, 4319732.693, 78
Trd, 4319733.793, 140
Trd, 4319734.443, 127
Trd, 4319735.143, 99
Trd, 4319735.543, 79
Trd, 4319736.493, 79
Trd, 4319736.593, 82
Trd, 4319736.843, 68
Trd, 4319737.343, 135
Trd, 4319737.493, 99
Trd, 4319740.393, 135
Trd, 4319741.143, 119
Trd, 4319741.293, 105
Trd, 4319741.543, 86
Trd, 4319742.043, 82
Trd, 4319743.543, 137
Trd, 4319743.593, 128
Trd, 4319744.143, 137
Trd, 4319744.343, 122
Trd, 4319744.393, 106
Trd, 4319744.493, 88
Trd, 4319745.293, 69
Trd, 4319747.143, 67
Trd, 4319747.343, 70
Trd, 4319748.893, 66
Trd, 4319749.343, 86
Trd, 4319749.493, 136
Trd, 4319750.693, 68
Trd, 4319752.043, 60
Trd, 4319752.293, 62
Trd, 4319752.993, 104
Trd, 4319753.443, 97
Trd, 4319754.143, 63
Trd, 4319755.343, 114
Trd, 4319757.543, 96
Trd, 4319757.693, 106
Trd, 4319758.743, 105
Trd, 4319758.843, 84
Trd, 4319759.543, 66
Trd, 4319759.693, 69
Trd, 4319760.093, 97
Trd, 4319760.293, 105
Trd, 4319760.843, 125
Trd, 4319761.143, 90
Trd, 4319761.593, 77
Trd, 4319762.043, 70
Trd, 4319764.093, 136
Trd, 4319764.343, 109
Trd, 4319765.143, 124
Trd, 4319765.343, 104
Trd, 4319765.893, 136
Trd, 4319769.193, 124
Trd, 4319769.393, 116
Trd, 4319769.543, 101
Trd, 4319770.043, 99
Trd, 4319770.593, 136
Trd, 4319771.693, 140
Trd, 4319771.793, 77
Trd, 4319771.893, 84
Trd, 4319772.543, 107
Trd, 4319773.093, 105
Trd, 4319773.693, 95
Trd, 4319774.193, 110
Trd, 4319774.543, 108
Trd, 4319774.693, 105
Trd, 4319774.943, 76
Trd, 4319775.043, 117
Trd, 4319776.443, 113
Trd, 4319776.643, 111
Trd, 4319777.993, 90
Trd, 4319778.643, 140
Trd, 4319780.093, 136
Trd, 4319780.643, 76
Trd, 4319782.093, 100
Trd, 4319782.393, 100
Trd, 4319783.593, 140
Trd, 4319784.293, 138
Trd, 4319785.093, 125
Trd, 4319785.593, 118
Trd, 4319785.743, 129
Trd, 4319788.393, 104
Trd, 4319788.493, 103
Trd, 4319788.893, 70
Trd, 4319789.343, 73
Trd, 4319791.343, 78
Trd, 4319791.443, 82
Trd, 4319793.143, 138
Trd, 4319794.243, 118
Trd, 4319794.593, 115
Trd, 4319795.143, 112
Trd, 4319795.843, 117
Trd, 4319796.193, 133
Trd, 4319796.793, 138
Trd, 4319796.893, 71
Trd, 4319797.693, 117
Trd, 4319797.843, 109
Trd, 4319798.543, 132
Trd, 4319799.243, 128
Trd, 4319799.893, 66
Trd, 4319800.393, 135
Trd, 4319801.593, 130
Trd, 4319802.593, 114
Trd, 4319803.293, 105
Trd, 4319804.343, 139
Trd, 4319804.543, 120
Trd, 4319804.793, 117
Trd, 4319805.593, 135
Trd, 4319806.943, 112
Trd, 4319807.993, 140
Trd, 4319808.993, 98
Trd, 4319809.493, 117
Trd, 4319809.543, 93
Trd, 4319809.643, 85
Trd, 4319809.793, 135
Trd, 4319810.743, 124
Trd, 4319811.243, 109
Trd, 4319811.843, 88
Trd, 4319812.243, 103
Trd, 4319812.443, 113
Trd, 4319813.143, 60
Trd, 4319813.343, 60
Trd, 4319813.743, 75
Trd, 4319814.693, 84
Trd, 4319815.443, 140
Trd, 4319816.193, 122
Trd, 4319816.943, 136
Trd, 4319819.093, 118
Trd, 4319819.993, 95
Trd, 4319820.993, 91
Trd, 4319821.343, 100
Trd, 4319821.543, 89
Trd, 4319821.893, 86
Trd, 4319823.543, 66
Trd, 4319823.743, 60
Trd, 4319823.843, 62
Trd, 4319824.843, 82
Trd, 4319825.393, 138
Trd, 4319825.993, 78
Trd, 4319827.543, 68
Trd, 4319828.343, 92
Trd, 4319828.793, 70
Trd, 4319830.093, 73
Trd, 4319830.143, 76
Trd, 4319831.193, 130
Trd, 4319832.143, 120
Trd, 4319832.443, 91
Trd, 4319833.543, 119
Trd, 4319834.093, 86
Trd, 4319834.293, 82
Trd, 4319835.243, 79
Trd, 4319835.943, 113
Trd, 4319836.243, 62
Trd, 4319836.843, 136
Trd, 4319838.593, 126
Trd, 4319838.843, 96
Trd, 4319839.943, 82
Trd, 4319840.643, 129
Trd, 4319840.893, 132
Trd, 4319841.293, 126
Trd, 4319842.143, 129
Trd, 4319842.643, 126
Trd, 4319843.093, 126
Trd, 4319843.293, 139
Trd, 4319843.943, 120
Trd, 4319844.443, 138
Trd, 4319844.743, 126
Trd, 4319846.293, 140
Trd, 4319847.143, 125
Trd, 4319848.243, 115
Trd, 4319848.643, 111
Trd, 4319848.693, 103
Trd, 4319849.393, 139
Trd, 4319851.143, 108
Trd, 4319851.343, 106
Trd, 4319851.893, 126
Trd, 4319852.293, 105
Trd, 4319853.193, 102
Trd, 4319854.093, 135
Trd, 4319854.943, 115
Trd, 4319855.493, 65
Trd, 4319856.743, 134
Trd, 4319857.993, 132
Trd, 4319858.343, 118
Trd, 4319858.543, 112
Trd, 4319859.393, 95
Trd, 4319861.293, 117
Trd, 4319861.343, 110
Trd, 4319861.943, 140
Trd, 4319862.743, 129
Trd, 4319863.043, 119
Trd, 4319863.093, 109
Trd, 4319863.693, 96
Trd, 4319863.743, 73
Trd, 4319866.643, 63
Trd, 4319867.143, 98
Trd, 4319867.793, 65
Trd, 4319868.343, 102
Trd, 4319868.543, 88
Trd, 4319868.743, 103
Trd, 4319870.793, 93
Trd, 4319871.243, 84
Trd, 4319871.443, 88
Trd, 4319872.443, 105
Trd, 4319873.243, 117
Trd, 4319873.893, 134
Trd, 4319874.493, 136
Trd, 4319875.243, 125
Trd, 4319875.343, 113
Trd, 4319875.943, 110
Trd, 4319876.543, 108
Trd, 4319876.643, 92
Trd, 4319878.193, 125
Trd, 4319878.493, 68
Trd, 4319878.593, 66
Trd, 4319879.643, 135
Trd, 4319880.193, 131
Trd, 4319880.543, 119
Trd, 4319881.143, 101
Trd, 4319881.643, 139
Trd, 4319882.043, 83
Trd, 4319883.543, 120
Trd, 4319884.743, 135
Trd, 4319884.893, 128
Trd, 4319885.343, 123
Trd, 4319885.743, 97
Trd, 4319886.943, 94
Trd, 4319887.793, 133
Trd, 4319889.493, 123
Trd, 4319889.843, 108
Trd, 4319890.643, 93
Trd, 4319891.193, 117
Trd, 4319891.993, 119
Trd, 4319893.843, 126
Trd, 4319894.043, 125
Trd, 4319894.293, 114
Trd, 4319894.343, 74
Trd, 4319895.543, 137
Trd, 4319896.193, 130
Trd, 4319896.443, 129
Trd, 4319897.743, 68
Trd, 4319899.343, 92
Trd, 4319900.093, 140
Trd, 4319900.993, 120
Trd, 4319902.493, 100
Trd, 4319903.193, 135
Trd, 4319903.843, 98
Trd, 4319904.043, 97
Trd, 4319904.443, 111
Trd, 4319904.593, 105
Trd, 4319904.943, 126
Trd, 4319905.093, 93
Trd, 4319906.843, 99
Trd, 4319906.943, 97
Trd, 4319907.293, 93
Trd, 4319907.393, 81
Trd, 4319908.793, 82
Trd, 4319908.993, 108
Trd, 4319909.643, 108
Trd, 4319912.193, 133
Trd, 4319913.243, 90
Trd, 4319913.543, 85
Trd, 4319913.643, 119
Trd, 4319913.843, 103
Trd, 4319914.243, 131
Trd, 4319915.393, 133
Trd, 4319915.893, 123
Trd, 4319915.943, 120
Trd, 4319917.993, 118
Trd, 4319918.493, 84
Trd, 4319919.343, 137
Trd, 4319919.843, 112
Trd, 4319919.993, 110
Trd, 4319920.393, 100
Trd, 4319920.993, 99
Trd, 4319922.243, 107
Trd, 4319922.643, 104
Trd, 4319923.743, 139
Trd, 4319923.993, 98
Trd, 4319925.793, 139
Trd, 4319927.193, 116
Trd, 4319927.493, 105
Trd, 4319927.593, 101
Trd, 4319928.143, 94
Trd, 4319928.293, 99
Trd, 4319928.393, 88
Trd, 4319929.993, 77
Trd, 4319931.343, 109
Trd, 4319931.843, 114
Trd, 4319932.643, 88
Trd, 4319932.793, 129
Trd, 4319933.093, 64
Trd, 4319933.593, 134
Trd, 4319934.943, 67
Trd, 4319935.493, 120
Trd, 4319936.043, 82
Trd, 4319938.293, 62
Trd, 4319938.543, 60
Trd, 4319939.643, 68
Trd, 4319940.343, 94
Trd, 4319940.793, 76
Trd, 4319941.093, 101
Trd, 4319942.343, 79
Trd, 4319942.593, 69
Trd, 4319943.043, 68
Trd, 4319943.443, 67
Trd, 4319943.893, 73
Trd, 4319944.643, 68
Trd, 4319947.093, 65
Trd, 4319947.193, 69
Trd, 4319947.793, 72
Trd, 4319948.093, 80
Trd, 4319948.843, 91
Trd, 4319949.093, 115
Trd, 4319950.093, 62
Trd, 4319950.943, 102
Trd, 4319951.643, 101
Trd, 4319952.893, 108
Trd, 4319953.393, 106
Trd, 4319954.393, 94
Trd, 4319954.593, 105
Trd, 4319954.743, 96
Trd, 4319954.893, 126
Trd, 4319957.143, 68
Trd, 4319957.343, 70
Trd, 4319957.743, 138
Trd, 4319958.143, 121
Trd, 4319959.043, 98
Trd, 4319959.243, 95
Trd, 4319960.543, 75
Trd, 4319960.593, 82
Trd, 4319961.693, 67
Trd, 4319962.893, 72
Trd, 4319963.343, 73
Trd, 4319964.493, 64
Trd, 4319964.893, 76
Trd, 4319965.693, 121
Trd, 4319965.943, 109
Trd, 4319966.443, 117
Trd, 4319967.143, 77
Trd, 4319969.043, 129
Trd, 4319969.143, 125
Trd, 4319969.493, 74
Trd, 4319969.643, 66
Trd, 4319969.793, 126
Trd, 4319970.243, 94
Trd, 4319970.643, 101
Trd, 4319971.143, 75
Trd, 4319971.543, 62
Trd, 4319972.643, 62
Trd, 4319973.343, 60
Trd, 4319975.093, 61
Trd, 4319975.343, 64
Trd, 4319975.643, 62
Trd, 4319977.693, 68
Trd, 4319978.193, 81
Trd, 4319978.643, 128
Trd, 4319979.493, 118
Trd, 4319979.893, 112
Trd, 4319980.393, 87
Trd, 4319980.943, 124
Trd, 4319981.143, 68
Trd, 4319981.543, 127
Trd, 4319982.243, 107
Trd, 4319982.993, 75
Trd, 4319983.043, 73
Trd, 4319983.743, 135
Trd, 4319983.993, 136
Trd, 4319986.043, 116
Trd, 4319986.693, 108
Trd, 4319986.743, 94
Trd, 4319987.093, 74
Trd, 4319988.143, 68
Trd, 4319989.443, 129
Trd, 4319989.493, 106
Trd, 4319990.643, 105
Trd, 4319991.493, 132
Trd, 4319991.593, 119
Trd, 4319992.093, 86
Trd, 4319994.143, 104
Trd, 4319994.893, 123
Trd, 4319995.793, 95
Trd, 4319995.993, 115
Trd, 4319996.143, 93
Trd, 4319997.593, 124
Trd, 4319998.243, 136
Trd, 4319998.743, 125
Trd, 4319999.543, 133
Trd, 4319999.943, 122
