Trd, 4318076.893, 140
Trd, 4318077.693, 140
Trd, 4318078.493, 139
Trd, 4318078.543, 139
Trd, 4318080.043, 139
Trd, 4318080.543, 137
Trd, 4318081.643, 140
Trd, 4318082.693, 140
Trd, 4318083.543, 140
Trd, 4318083.593, 140
Trd, 4318085.093, 140
Trd, 4318085.293, 140
Trd, 4318087.543, 140
Trd, 4318088.293, 140
Trd, 4318088.543, 139
Trd, 4318088.743, 138
Trd, 4318088.793, 139
Trd, 4318089.293, 140
Trd, 4318090.343, 140
Trd, 4318090.893, 138
Trd, 4318092.743, 140
Trd, 4318093.243, 140
Trd, 4318094.993, 140
Trd, 4318096.393, 140
Trd, 4318096.493, 140
Trd, 4318096.693, 140
Trd, 4318098.293, 140
Trd, 4318098.343, 140
Trd, 4318099.193, 138
Trd, 4318100.143, 140
Trd, 4318100.543, 139
Trd, 4318101.693, 140
Trd, 4318102.593, 140
Trd, 4318105.993, 140
Trd, 4318106.043, 139
Trd, 4318106.493, 138
Trd, 4318107.043, 140
Trd, 4318107.493, 140
Trd, 4318107.693, 69
Trd, 4318108.293, 138
Trd, 4318109.043, 128
Trd, 4318109.993, 62
Trd, 4318110.343, 65
Trd, 4318111.643, 60
Trd, 4318112.843, 60
Trd, 4318112.893, 62
Trd, 4318113.243, 63
Trd, 4318113.643, 61
Trd, 4318114.743, 136
Trd, 4318114.843, 134
Trd, 4318114.993, 132
Trd, 4318117.743, 140
Trd, 4318118.093, 140
Trd, 4318119.543, 140
Trd, 4318120.143, 140
Trd, 4318120.493, 140
Trd, 4318120.993, 139
Trd, 4318121.593, 138
Trd, 4318122.393, 140
Trd, 4318122.993, 140
Trd, 4318123.093, 137
Trd, 4318123.843, 139
Trd, 4318124.393, 135
Trd, 4318124.593, 140
Trd, 4318124.843, 135
Trd, 4318125.943, 137
Trd, 4318126.343, 134
Trd, 4318127.543, 140
Trd, 4318128.993, 127
Trd, 4318129.193, 132
Trd, 4318129.293, 106
Trd, 4318131.193, 140
Trd, 4318131.843, 140
Trd, 4318133.243, 140
Trd, 4318134.943, 140
Trd, 4318135.393, 140
Trd, 4318135.493, 140
Trd, 4318135.993, 139
Trd, 4318138.343, 138
Trd, 4318138.443, 137
Trd, 4318139.543, 140
Trd, 4318140.993, 140
Trd, 4318141.393, 138
Trd, 4318143.043, 140
Trd, 4318143.343, 140
Trd, 4318145.093, 140
Trd, 4318146.593, 140
Trd, 4318147.543, 140
Trd, 4318148.293, 140
Trd, 4318148.843, 140
Trd, 4318148.943, 140
Trd, 4318149.443, 135
Trd, 4318150.143, 138
Trd, 4318150.243, 140
Trd, 4318150.543, 140
Trd, 4318150.943, 126
Trd, 4318152.243, 60
Trd, 4318152.693, 60
Trd, 4318154.343, 60
Trd, 4318155.443, 60
Trd, 4318155.843, 60
Trd, 4318156.293, 61
Trd, 4318156.793, 62
Trd, 4318157.193, 63
Trd, 4318158.093, 140
Trd, 4318158.993, 140
Trd, 4318159.693, 140
Trd, 4318160.143, 140
Trd, 4318163.593, 140
Trd, 4318164.393, 140
Trd, 4318164.893, 140
Trd, 4318164.943, 140
Trd, 4318165.593, 139
Trd, 4318165.643, 139
Trd, 4318168.293, 140
Trd, 4318170.193, 140
Trd, 4318171.193, 140
Trd, 4318171.593, 140
Trd, 4318172.393, 140
Trd, 4318174.043, 140
Trd, 4318174.193, 140
Trd, 4318175.093, 140
Trd, 4318176.243, 140
Trd, 4318177.493, 140
Trd, 4318178.243, 140
Trd, 4318179.243, 139
Trd, 4318182.043, 140
Trd, 4318182.943, 140
Trd, 4318183.243, 140
Trd, 4318183.743, 140
Trd, 4318184.343, 140
Trd, 4318185.143, 140
Trd, 4318185.293, 124
Trd, 4318185.593, 118
Trd, 4318185.893, 137
Trd, 4318186.343, 114
Trd, 4318186.893, 61
Trd, 4318187.093, 138
Trd, 4318188.193, 68
Trd, 4318188.693, 60
Trd, 4318189.343, 60
Trd, 4318190.293, 60
Trd, 4318190.393, 60
Trd, 4318192.593, 60
Trd, 4318193.393, 61
Trd, 4318194.143, 60
Trd, 4318194.243, 60
Trd, 4318194.293, 61
Trd, 4318194.343, 62
Trd, 4318194.693, 66
Trd, 4318195.743, 61
Trd, 4318197.693, 60
Trd, 4318198.543, 60
Trd, 4318199.043, 60
Trd, 4318199.543, 60
Trd, 4318199.893, 60
Trd, 4318200.043, 63
Trd, 4318200.943, 63
Trd, 4318202.293, 60
Trd, 4318203.093, 60
Trd, 4318203.193, 63
Trd, 4318203.243, 63
Trd, 4318204.643, 65
Trd, 4318204.743, 63
Trd, 4318204.993, 68
Trd, 4318205.443, 61
Trd, 4318205.493, 70
Trd, 4318206.743, 66
Trd, 4318207.193, 65
Trd, 4318207.243, 67
Trd, 4318208.643, 140
Trd, 4318208.793, 138
Trd, 4318209.793, 139
Trd, 4318210.193, 138
Trd, 4318211.143, 139
Trd, 4318211.643, 140
Trd, 4318213.193, 140
Trd, 4318214.443, 140
Trd, 4318215.793, 140
Trd, 4318216.143, 140
Trd, 4318216.843, 140
Trd, 4318217.843, 139
Trd, 4318218.643, 135
Trd, 4318219.143, 140
Trd, 4318221.243, 140
Trd, 4318221.443, 140
Trd, 4318222.443, 140
Trd, 4318223.743, 140
Trd, 4318223.943, 140
Trd, 4318224.193, 140
Trd, 4318224.393, 139
Trd, 4318224.943, 63
Trd, 4318226.243, 140
Trd, 4318227.043, 140
Trd, 4318227.793, 140
Trd, 4318228.043, 140
Trd, 4318228.443, 138
Trd, 4318228.693, 120
Trd, 4318229.943, 140
Trd, 4318231.543, 140
Trd, 4318232.093, 140
Trd, 4318232.593, 140
Trd, 4318233.143, 140
Trd, 4318236.043, 140
Trd, 4318236.643, 140
Trd, 4318236.843, 140
Trd, 4318237.843, 139
Trd, 4318237.893, 138
Trd, 4318238.043, 124
Trd, 4318238.543, 139
Trd, 4318239.293, 140
Trd, 4318239.943, 139
Trd, 4318240.293, 70
Trd, 4318241.443, 63
Trd, 4318243.793, 140
Trd, 4318243.943, 140
Trd, 4318244.193, 140
Trd, 4318244.593, 139
Trd, 4318244.743, 139
Trd, 4318245.693, 140
Trd, 4318246.843, 77
Trd, 4318247.693, 140
Trd, 4318248.293, 139
Trd, 4318249.543, 140
Trd, 4318250.093, 138
Trd, 4318250.393, 137
Trd, 4318250.893, 131
Trd, 4318251.693, 138
Trd, 4318251.843, 108
Trd, 4318251.943, 62
Trd, 4318252.593, 137
Trd, 4318254.343, 60
Trd, 4318254.893, 61
Trd, 4318255.693, 60
Trd, 4318256.293, 60
Trd, 4318257.543, 60
Trd, 4318258.543, 60
Trd, 4318259.343, 60
Trd, 4318260.243, 60
Trd, 4318260.393, 60
Trd, 4318261.093, 60
Trd, 4318261.543, 60
Trd, 4318262.543, 60
Trd, 4318263.343, 60
Trd, 4318264.493, 60
Trd, 4318265.193, 60
Trd, 4318265.543, 60
Trd, 4318266.193, 60
Trd, 4318267.793, 61
Trd, 4318268.393, 60
Trd, 4318268.843, 60
Trd, 4318269.693, 61
Trd, 4318270.193, 60
Trd, 4318270.893, 60
Trd, 4318271.243, 66
Trd, 4318272.143, 63
Trd, 4318272.193, 66
Trd, 4318272.293, 72
Trd, 4318272.643, 60
Trd, 4318273.593, 61
Trd, 4318273.793, 86
Trd, 4318274.143, 63
Trd, 4318275.793, 82
Trd, 4318276.193, 60
Trd, 4318276.643, 66
Trd, 4318276.843, 82
Trd, 4318277.493, 82
Trd, 4318277.943, 140
Trd, 4318279.343, 140
Trd, 4318279.993, 140
Trd, 4318280.543, 138
Trd, 4318281.643, 140
Trd, 4318282.143, 110
Trd, 4318282.693, 133
Trd, 4318283.293, 95
Trd, 4318283.593, 132
Trd, 4318283.943, 139
Trd, 4318284.493, 138
Trd, 4318285.943, 140
Trd, 4318286.543, 140
Trd, 4318287.543, 139
Trd, 4318288.093, 139
Trd, 4318288.893, 127
Trd, 4318291.993, 140
Trd, 4318292.043, 140
Trd, 4318292.293, 139
Trd, 4318293.593, 140
Trd, 4318293.643, 140
Trd, 4318293.843, 140
Trd, 4318294.593, 140
Trd, 4318295.093, 140
Trd, 4318295.543, 139
Trd, 4318297.693, 140
Trd, 4318297.943, 140
Trd, 4318300.093, 140
Trd, 4318300.943, 140
Trd, 4318302.043, 140
Trd, 4318302.643, 140
Trd, 4318302.993, 140
Trd, 4318304.293, 140
Trd, 4318305.393, 140
Trd, 4318305.593, 140
Trd, 4318305.743, 139
Trd, 4318306.143, 137
Trd, 4318307.993, 107
Trd, 4318308.393, 125
Trd, 4318308.493, 126
Trd, 4318308.993, 128
Trd, 4318309.693, 107
Trd, 4318309.993, 118
Trd, 4318311.543, 137
Trd, 4318311.843, 83
Trd, 4318311.893, 80
Trd, 4318313.893, 140
Trd, 4318314.293, 140
Trd, 4318315.343, 126
Trd, 4318315.993, 140
Trd, 4318317.193, 139
Trd, 4318317.943, 139
Trd, 4318318.943, 140
Trd, 4318321.443, 140
Trd, 4318321.593, 140
Trd, 4318322.343, 140
Trd, 4318322.543, 139
Trd, 4318323.443, 139
Trd, 4318324.093, 139
Trd, 4318324.143, 117
Trd, 4318324.843, 117
Trd, 4318325.543, 105
Trd, 4318325.743, 73
Trd, 4318326.143, 138
Trd, 4318327.293, 135
Trd, 4318328.043, 135
Trd, 4318328.343, 110
Trd, 4318328.893, 64
Trd, 4318329.193, 133
Trd, 4318329.843, 60
Trd, 4318331.043, 60
Trd, 4318331.293, 60
Trd, 4318331.543, 60
Trd, 4318333.343, 60
Trd, 4318333.393, 60
Trd, 4318333.693, 61
Trd, 4318335.593, 60
Trd, 4318335.643, 60
Trd, 4318336.093, 60
Trd, 4318336.893, 60
Trd, 4318337.393, 60
Trd, 4318337.943, 60
Trd, 4318338.893, 60
Trd, 4318339.543, 61
Trd, 4318339.793, 61
Trd, 4318340.993, 60
Trd, 4318341.943, 65
Trd, 4318342.393, 60
Trd, 4318342.643, 65
Trd, 4318342.993, 62
Trd, 4318343.443, 61
Trd, 4318345.893, 132
Trd, 4318346.493, 136
Trd, 4318346.943, 140
Trd, 4318347.493, 130
Trd, 4318348.093, 140
Trd, 4318348.393, 139
Trd, 4318348.943, 113
Trd, 4318350.393, 140
Trd, 4318350.443, 140
Trd, 4318352.243, 140
Trd, 4318353.543, 140
Trd, 4318354.093, 140
Trd, 4318354.343, 139
Trd, 4318354.843, 138
Trd, 4318355.393, 140
Trd, 4318355.493, 136
Trd, 4318355.843, 122
Trd, 4318356.743, 63
Trd, 4318358.293, 133
Trd, 4318359.393, 139
Trd, 4318359.493, 125
Trd, 4318360.043, 140
Trd, 4318361.243, 140
Trd, 4318362.393, 140
Trd, 4318363.293, 140
Trd, 4318363.943, 140
Trd, 4318364.743, 140
Trd, 4318364.893, 140
Trd, 4318364.943, 120
Trd, 4318365.743, 65
Trd, 4318366.893, 60
Trd, 4318366.943, 60
Trd, 4318367.093, 60
Trd, 4318367.293, 60
Trd, 4318369.093, 61
Trd, 4318369.243, 63
Trd, 4318369.343, 65
Trd, 4318370.243, 60
Trd, 4318370.743, 60
Trd, 4318371.343, 61
Trd, 4318372.143, 61
Trd, 4318372.793, 67
Trd, 4318373.543, 140
Trd, 4318377.293, 60
Trd, 4318377.393, 60
Trd, 4318377.693, 60
Trd, 4318377.993, 60
Trd, 4318378.193, 60
Trd, 4318378.643, 60
Trd, 4318379.793, 60
Trd, 4318379.843, 60
Trd, 4318380.093, 61
Trd, 4318380.793, 139
Trd, 4318382.093, 140
Trd, 4318383.293, 140
Trd, 4318383.443, 137
Trd, 4318383.593, 137
Trd, 4318384.643, 103
Trd, 4318385.143, 134
Trd, 4318385.643, 105
Trd, 4318385.693, 135
Trd, 4318387.843, 122
Trd, 4318388.543, 124
Trd, 4318388.843, 125
Trd, 4318388.943, 121
Trd, 4318388.993, 120
Trd, 4318389.293, 103
Trd, 4318389.643, 120
Trd, 4318390.093, 122
Trd, 4318390.143, 123
Trd, 4318390.793, 90
Trd, 4318392.793, 60
Trd, 4318392.843, 61
Trd, 4318392.993, 61
Trd, 4318393.543, 140
Trd, 4318394.593, 140
Trd, 4318396.443, 140
Trd, 4318396.793, 140
Trd, 4318396.943, 137
Trd, 4318397.543, 125
Trd, 4318398.443, 63
Trd, 4318399.943, 140
Trd, 4318401.643, 140
Trd, 4318403.343, 140
Trd, 4318403.443, 140
Trd, 4318403.843, 140
Trd, 4318403.893, 140
Trd, 4318405.743, 140
Trd, 4318406.143, 140
Trd, 4318406.793, 140
Trd, 4318406.893, 140
Trd, 4318407.293, 138
Trd, 4318407.643, 137
Trd, 4318409.093, 140
Trd, 4318410.793, 140
Trd, 4318413.093, 140
Trd, 4318413.193, 140
Trd, 4318413.343, 140
Trd, 4318413.943, 139
Trd, 4318414.943, 140
Trd, 4318415.493, 140
Trd, 4318415.793, 140
Trd, 4318416.693, 140
Trd, 4318416.993, 139
Trd, 4318418.793, 139
Trd, 4318419.043, 103
Trd, 4318419.493, 139
Trd, 4318420.343, 140
Trd, 4318421.893, 140
Trd, 4318424.843, 140
Trd, 4318424.943, 140
Trd, 4318425.193, 140
Trd, 4318425.693, 139
Trd, 4318426.493, 139
Trd, 4318427.143, 140
Trd, 4318427.493, 140
Trd, 4318428.193, 140
Trd, 4318428.493, 140
Trd, 4318430.193, 140
Trd, 4318432.093, 140
Trd, 4318433.243, 140
Trd, 4318433.293, 140
Trd, 4318433.443, 139
Trd, 4318434.043, 139
Trd, 4318435.493, 140
Trd, 4318435.993, 140
Trd, 4318437.743, 140
Trd, 4318438.343, 140
Trd, 4318439.243, 140
Trd, 4318440.993, 140
Trd, 4318441.993, 140
Trd, 4318442.493, 140
Trd, 4318443.593, 140
Trd, 4318445.743, 140
Trd, 4318446.893, 140
Trd, 4318447.743, 140
Trd, 4318448.043, 140
Trd, 4318448.143, 140
Trd, 4318448.693, 138
Trd, 4318448.843, 140
Trd, 4318450.043, 139
Trd, 4318450.143, 136
Trd, 4318450.693, 128
Trd, 4318451.093, 138
Trd, 4318451.593, 140
Trd, 4318451.943, 139
Trd, 4318452.743, 140
Trd, 4318453.143, 140
Trd, 4318453.593, 123
Trd, 4318456.193, 140
Trd, 4318458.643, 140
Trd, 4318459.343, 140
Trd, 4318460.593, 140
Trd, 4318461.243, 138
Trd, 4318461.693, 140
Trd, 4318461.743, 140
Trd, 4318462.243, 138
Trd, 4318462.743, 135
Trd, 4318462.943, 105
Trd, 4318463.293, 60
Trd, 4318463.993, 140
Trd, 4318464.243, 92
Trd, 4318466.293, 119
Trd, 4318468.043, 139
Trd, 4318468.093, 139
Trd, 4318468.593, 139
Trd, 4318468.643, 138
Trd, 4318470.343, 139
Trd, 4318470.943, 140
Trd, 4318471.793, 140
Trd, 4318473.293, 140
Trd, 4318474.143, 140
Trd, 4318474.843, 140
Trd, 4318475.093, 140
Trd, 4318475.393, 139
Trd, 4318475.743, 140
Trd, 4318476.443, 140
Trd, 4318476.493, 126
Trd, 4318476.943, 139
Trd, 4318478.293, 139
Trd, 4318478.393, 84
Trd, 4318479.143, 78
Trd, 4318479.643, 93
Trd, 4318481.793, 140
Trd, 4318482.193, 136
Trd, 4318482.543, 135
Trd, 4318484.143, 140
Trd, 4318484.443, 140
Trd, 4318484.893, 140
Trd, 4318486.743, 140
Trd, 4318487.193, 140
Trd, 4318487.893, 139
Trd, 4318489.293, 135
Trd, 4318489.843, 138
Trd, 4318490.193, 127
Trd, 4318492.493, 140
Trd, 4318493.443, 140
Trd, 4318495.543, 140
Trd, 4318495.943, 140
Trd, 4318496.143, 139
Trd, 4318497.693, 140
Trd, 4318497.893, 140
Trd, 4318499.593, 140
Trd, 4318500.493, 140
Trd, 4318501.743, 140
Trd, 4318503.043, 140
Trd, 4318504.993, 140
Trd, 4318505.593, 140
Trd, 4318505.743, 140
Trd, 4318506.743, 138
Trd, 4318506.893, 137
Trd, 4318508.793, 140
Trd, 4318508.893, 140
Trd, 4318509.593, 140
Trd, 4318510.593, 139
Trd, 4318510.993, 139
Trd, 4318511.093, 139
Trd, 4318511.193, 124
Trd, 4318512.293, 136
Trd, 4318512.943, 139
Trd, 4318513.543, 139
Trd, 4318515.043, 140
Trd, 4318515.143, 139
Trd, 4318516.043, 140
Trd, 4318516.893, 140
Trd, 4318517.193, 139
Trd, 4318519.443, 140
Trd, 4318519.543, 139
Trd, 4318520.593, 138
Trd, 4318521.993, 140
Trd, 4318522.343, 139
Trd, 4318523.493, 62
Trd, 4318524.193, 131
Trd, 4318524.293, 135
Trd, 4318525.443, 112
Trd, 4318525.743, 111
Trd, 4318526.643, 139
Trd, 4318526.993, 140
Trd, 4318528.043, 140
Trd, 4318528.093, 126
Trd, 4318529.143, 140
Trd, 4318529.243, 132
Trd, 4318531.843, 140
Trd, 4318532.693, 139
Trd, 4318534.093, 140
Trd, 4318535.293, 140
Trd, 4318535.393, 114
Trd, 4318536.693, 137
Trd, 4318537.093, 136
Trd, 4318537.743, 81
Trd, 4318539.243, 140
Trd, 4318540.943, 140
Trd, 4318541.743, 139
Trd, 4318542.043, 139
Trd, 4318542.093, 139
Trd, 4318543.443, 140
Trd, 4318543.543, 140
Trd, 4318544.093, 140
Trd, 4318545.893, 140
Trd, 4318546.543, 138
Trd, 4318547.093, 139
Trd, 4318547.743, 139
Trd, 4318548.193, 138
Trd, 4318548.543, 137
Trd, 4318549.543, 140
Trd, 4318549.593, 136
Trd, 4318551.043, 140
Trd, 4318551.493, 137
Trd, 4318553.493, 140
Trd, 4318555.243, 140
Trd, 4318555.443, 140
Trd, 4318555.893, 140
Trd, 4318556.943, 140
Trd, 4318557.143, 140
Trd, 4318558.343, 140
Trd, 4318558.893, 132
Trd, 4318559.493, 140
Trd, 4318560.043, 140
Trd, 4318561.143, 140
Trd, 4318561.643, 140
Trd, 4318563.043, 137
Trd, 4318563.943, 114
Trd, 4318564.493, 140
Trd, 4318568.643, 140
Trd, 4318569.093, 140
Trd, 4318569.143, 140
Trd, 4318569.243, 139
Trd, 4318569.493, 139
Trd, 4318569.843, 139
Trd, 4318570.193, 134
Trd, 4318570.243, 140
Trd, 4318570.393, 140
Trd, 4318571.193, 140
Trd, 4318571.243, 139
Trd, 4318572.893, 109
Trd, 4318573.193, 139
Trd, 4318574.143, 139
Trd, 4318574.193, 138
Trd, 4318576.843, 139
Trd, 4318577.143, 137
Trd, 4318577.643, 137
Trd, 4318578.693, 131
Trd, 4318579.193, 125
Trd, 4318580.043, 140
Trd, 4318581.993, 140
Trd, 4318582.193, 140
Trd, 4318582.943, 140
Trd, 4318583.443, 140
Trd, 4318583.893, 139
Trd, 4318587.243, 140
Trd, 4318587.543, 140
Trd, 4318587.743, 139
Trd, 4318589.043, 140
Trd, 4318589.893, 140
Trd, 4318590.393, 140
Trd, 4318591.343, 140
Trd, 4318593.193, 140
Trd, 4318593.393, 140
Trd, 4318593.993, 140
Trd, 4318595.543, 140
Trd, 4318595.793, 64
Trd, 4318597.043, 65
Trd, 4318597.093, 66
Trd, 4318597.243, 67
Trd, 4318597.493, 68
Trd, 4318597.743, 60
Trd, 4318598.843, 139
Trd, 4318599.443, 140
Trd, 4318599.893, 140
Trd, 4318601.643, 140
Trd, 4318602.193, 140
Trd, 4318602.443, 140
Trd, 4318605.293, 140
Trd, 4318606.343, 140
Trd, 4318607.143, 140
Trd, 4318608.443, 140
Trd, 4318608.543, 140
Trd, 4318609.643, 139
Trd, 4318609.943, 139
Trd, 4318612.143, 140
Trd, 4318612.893, 140
Trd, 4318613.293, 140
Trd, 4318614.343, 140
Trd, 4318614.543, 137
Trd, 4318614.993, 136
Trd, 4318615.043, 121
Trd, 4318615.543, 130
Trd, 4318616.993, 140
Trd, 4318618.193, 140
Trd, 4318618.493, 140
Trd, 4318620.593, 140
Trd, 4318621.393, 140
Trd, 4318621.693, 140
Trd, 4318622.343, 140
Trd, 4318622.393, 140
Trd, 4318624.793, 139
Trd, 4318624.893, 139
Trd, 4318626.193, 139
Trd, 4318626.843, 139
Trd, 4318627.843, 138
Trd, 4318628.793, 136
Trd, 4318631.493, 140
Trd, 4318631.593, 140
Trd, 4318631.893, 140
Trd, 4318632.543, 140
Trd, 4318632.943, 140
Trd, 4318635.693, 140
Trd, 4318636.143, 140
Trd, 4318637.443, 140
Trd, 4318638.093, 140
Trd, 4318638.443, 140
Trd, 4318638.693, 140
Trd, 4318639.543, 140
Trd, 4318639.743, 139
Trd, 4318641.193, 140
Trd, 4318642.243, 140
Trd, 4318642.693, 140
Trd, 4318644.143, 140
Trd, 4318644.943, 140
Trd, 4318646.493, 139
Trd, 4318646.643, 138
Trd, 4318648.443, 140
Trd, 4318648.843, 140
Trd, 4318650.643, 140
Trd, 4318651.143, 140
Trd, 4318652.593, 140
Trd, 4318653.343, 140
Trd, 4318653.943, 140
Trd, 4318654.643, 139
Trd, 4318656.443, 140
Trd, 4318657.243, 122
Trd, 4318657.643, 139
Trd, 4318658.693, 140
Trd, 4318659.343, 140
Trd, 4318660.093, 140
Trd, 4318660.143, 139
Trd, 4318661.043, 140
Trd, 4318661.093, 132
Trd, 4318661.343, 140
Trd, 4318662.243, 139
Trd, 4318662.743, 137
Trd, 4318663.743, 140
Trd, 4318667.643, 140
Trd, 4318668.743, 140
Trd, 4318668.793, 140
Trd, 4318668.943, 140
Trd, 4318669.643, 140
Trd, 4318669.993, 140
Trd, 4318670.243, 140
Trd, 4318670.343, 140
Trd, 4318670.793, 139
Trd, 4318674.343, 140
Trd, 4318674.493, 138
Trd, 4318674.593, 126
Trd, 4318676.893, 140
Trd, 4318678.493, 140
Trd, 4318678.993, 140
Trd, 4318679.943, 140
Trd, 4318679.993, 140
Trd, 4318680.193, 140
Trd, 4318681.793, 140
Trd, 4318682.543, 140
Trd, 4318682.743, 140
Trd, 4318683.343, 140
Trd, 4318683.543, 140
Trd, 4318684.043, 137
Trd, 4318684.393, 140
Trd, 4318684.693, 140
Trd, 4318685.493, 113
Trd, 4318687.443, 65
Trd, 4318687.643, 65
Trd, 4318687.693, 66
Trd, 4318688.193, 139
Trd, 4318688.843, 140
Trd, 4318689.643, 82
Trd, 4318690.993, 140
Trd, 4318691.943, 139
Trd, 4318692.393, 139
Trd, 4318692.943, 140
Trd, 4318694.643, 140
Trd, 4318694.843, 140
Trd, 4318695.893, 140
Trd, 4318696.143, 140
Trd, 4318696.543, 138
Trd, 4318696.643, 140
Trd, 4318697.443, 129
Trd, 4318698.343, 139
Trd, 4318698.543, 63
Trd, 4318699.793, 61
Trd, 4318700.193, 61
Trd, 4318700.493, 60
Trd, 4318700.943, 67
Trd, 4318701.293, 60
Trd, 4318702.043, 66
Trd, 4318703.243, 140
Trd, 4318704.443, 140
Trd, 4318704.693, 117
Trd, 4318706.243, 140
Trd, 4318707.393, 140
Trd, 4318707.493, 140
Trd, 4318710.193, 140
Trd, 4318710.793, 140
Trd, 4318711.943, 140
Trd, 4318712.743, 140
Trd, 4318713.993, 140
Trd, 4318716.043, 140
Trd, 4318716.343, 140
Trd, 4318716.793, 140
Trd, 4318717.543, 140
Trd, 4318717.593, 137
Trd, 4318720.343, 140
Trd, 4318720.843, 139
Trd, 4318721.843, 140
Trd, 4318722.993, 140
Trd, 4318724.393, 140
Trd, 4318724.793, 140
Trd, 4318724.993, 140
Trd, 4318725.143, 140
Trd, 4318725.543, 140
Trd, 4318725.593, 140
Trd, 4318725.743, 140
Trd, 4318727.593, 140
Trd, 4318728.393, 140
Trd, 4318728.943, 140
Trd, 4318730.243, 140
Trd, 4318730.693, 140
Trd, 4318731.993, 140
Trd, 4318732.293, 140
Trd, 4318733.293, 140
Trd, 4318733.993, 140
Trd, 4318735.543, 140
Trd, 4318735.893, 140
Trd, 4318735.993, 138
Trd, 4318736.293, 140
Trd, 4318737.843, 138
Trd, 4318739.143, 140
Trd, 4318739.443, 140
Trd, 4318740.693, 140
Trd, 4318741.293, 140
Trd, 4318743.343, 140
Trd, 4318743.393, 140
Trd, 4318743.843, 138
Trd, 4318743.943, 124
Trd, 4318744.043, 120
Trd, 4318744.193, 138
Trd, 4318744.993, 140
Trd, 4318746.043, 60
Trd, 4318746.243, 60
Trd, 4318747.743, 61
Trd, 4318748.293, 62
Trd, 4318748.843, 64
Trd, 4318749.243, 68
Trd, 4318751.543, 140
Trd, 4318753.593, 140
Trd, 4318753.893, 140
Trd, 4318754.343, 140
Trd, 4318755.093, 140
Trd, 4318755.793, 140
Trd, 4318756.843, 140
Trd, 4318757.243, 140
Trd, 4318758.693, 140
Trd, 4318758.993, 140
Trd, 4318759.593, 140
Trd, 4318761.843, 140
Trd, 4318761.943, 140
Trd, 4318762.743, 140
Trd, 4318763.093, 140
Trd, 4318763.343, 138
Trd, 4318763.943, 139
Trd, 4318764.043, 135
Trd, 4318764.593, 122
Trd, 4318765.343, 136
Trd, 4318766.243, 60
Trd, 4318767.043, 140
Trd, 4318768.443, 140
Trd, 4318770.443, 140
Trd, 4318771.193, 140
Trd, 4318772.043, 140
Trd, 4318772.193, 140
Trd, 4318773.393, 140
Trd, 4318773.643, 140
Trd, 4318776.093, 140
Trd, 4318777.043, 140
Trd, 4318779.043, 140
Trd, 4318779.593, 140
Trd, 4318780.093, 140
Trd, 4318780.143, 140
Trd, 4318781.193, 140
Trd, 4318782.393, 140
Trd, 4318784.543, 140
Trd, 4318785.093, 140
Trd, 4318785.593, 140
Trd, 4318785.943, 140
Trd, 4318787.093, 140
Trd, 4318788.743, 140
Trd, 4318789.293, 140
Trd, 4318789.393, 139
Trd, 4318790.793, 139
Trd, 4318791.393, 138
Trd, 4318793.093, 140
Trd, 4318794.593, 140
Trd, 4318795.093, 140
Trd, 4318795.943, 139
Trd, 4318796.743, 125
Trd, 4318797.593, 140
Trd, 4318797.793, 136
Trd, 4318798.443, 129
Trd, 4318799.193, 123
Trd, 4318800.243, 127
Trd, 4318800.643, 112
Trd, 4318800.693, 130
Trd, 4318800.843, 111
Trd, 4318801.243, 139
Trd, 4318802.343, 140
Trd, 4318803.993, 139
Trd, 4318804.393, 138
Trd, 4318804.943, 129
Trd, 4318805.093, 135
Trd, 4318805.843, 133
Trd, 4318806.193, 125
Trd, 4318806.793, 134
Trd, 4318807.193, 112
Trd, 4318808.093, 76
Trd, 4318809.493, 140
Trd, 4318810.743, 140
Trd, 4318813.043, 140
Trd, 4318814.193, 140
Trd, 4318814.343, 140
Trd, 4318815.593, 140
Trd, 4318817.843, 140
Trd, 4318818.793, 140
Trd, 4318819.143, 139
Trd, 4318819.893, 140
Trd, 4318820.993, 140
Trd, 4318821.143, 140
Trd, 4318821.243, 140
Trd, 4318821.893, 139
Trd, 4318822.243, 136
Trd, 4318822.893, 132
Trd, 4318823.543, 112
Trd, 4318823.693, 108
Trd, 4318824.993, 119
Trd, 4318825.993, 125
Trd, 4318826.193, 119
Trd, 4318826.243, 130
Trd, 4318826.343, 133
Trd, 4318826.443, 118
Trd, 4318827.143, 60
Trd, 4318828.243, 60
Trd, 4318828.893, 60
Trd, 4318829.693, 60
Trd, 4318829.793, 66
Trd, 4318830.843, 60
Trd, 4318831.243, 92
Trd, 4318832.893, 94
Trd, 4318832.943, 93
Trd, 4318832.993, 91
Trd, 4318833.843, 76
Trd, 4318834.393, 126
Trd, 4318835.293, 126
Trd, 4318835.493, 125
Trd, 4318836.893, 120
Trd, 4318837.143, 99
Trd, 4318837.193, 121
Trd, 4318837.993, 60
Trd, 4318838.493, 60
Trd, 4318838.843, 65
Trd, 4318839.143, 65
Trd, 4318839.343, 137
Trd, 4318840.043, 60
Trd, 4318842.043, 140
Trd, 4318842.643, 138
Trd, 4318843.393, 139
Trd, 4318844.593, 140
Trd, 4318844.693, 139
Trd, 4318844.843, 137
Trd, 4318845.993, 127
Trd, 4318847.193, 140
Trd, 4318848.493, 140
Trd, 4318848.893, 125
Trd, 4318849.593, 140
Trd, 4318849.993, 140
Trd, 4318850.643, 139
Trd, 4318851.193, 137
Trd, 4318851.743, 140
Trd, 4318853.443, 133
Trd, 4318853.593, 119
Trd, 4318853.993, 123
Trd, 4318854.443, 118
Trd, 4318854.643, 123
Trd, 4318854.843, 115
Trd, 4318855.343, 124
Trd, 4318855.943, 105
Trd, 4318857.193, 140
Trd, 4318858.043, 140
Trd, 4318859.043, 139
Trd, 4318860.943, 140
Trd, 4318862.443, 140
Trd, 4318863.543, 140
Trd, 4318865.493, 140
Trd, 4318866.143, 140
Trd, 4318866.443, 139
Trd, 4318866.493, 139
Trd, 4318867.393, 139
Trd, 4318867.593, 140
Trd, 4318868.043, 138
Trd, 4318868.093, 140
Trd, 4318868.843, 139
Trd, 4318868.943, 139
Trd, 4318869.693, 140
Trd, 4318870.943, 138
Trd, 4318871.243, 137
Trd, 4318871.743, 140
Trd, 4318872.343, 139
Trd, 4318872.793, 139
Trd, 4318874.043, 135
Trd, 4318874.743, 129
Trd, 4318874.843, 119
Trd, 4318876.793, 140
Trd, 4318879.643, 140
Trd, 4318879.893, 140
Trd, 4318881.243, 140
Trd, 4318881.293, 140
Trd, 4318881.843, 140
Trd, 4318882.793, 140
Trd, 4318883.393, 140
Trd, 4318884.493, 140
Trd, 4318884.593, 140
Trd, 4318884.793, 140
Trd, 4318885.843, 140
Trd, 4318885.993, 140
Trd, 4318886.593, 140
Trd, 4318887.243, 140
Trd, 4318887.393, 140
Trd, 4318887.493, 140
Trd, 4318888.943, 140
Trd, 4318889.243, 140
Trd, 4318889.493, 140
Trd, 4318889.793, 140
Trd, 4318890.443, 127
Trd, 4318891.993, 140
Trd, 4318892.743, 140
Trd, 4318892.993, 140
Trd, 4318893.993, 140
Trd, 4318895.093, 68
Trd, 4318896.593, 140
Trd, 4318897.493, 140
Trd, 4318900.043, 140
Trd, 4318901.643, 140
Trd, 4318901.793, 140
Trd, 4318902.243, 140
Trd, 4318902.293, 140
Trd, 4318904.043, 140
Trd, 4318904.093, 140
Trd, 4318904.993, 140
Trd, 4318905.693, 140
Trd, 4318905.893, 140
Trd, 4318906.093, 140
Trd, 4318906.193, 140
Trd, 4318908.693, 140
Trd, 4318908.743, 139
Trd, 4318908.893, 139
Trd, 4318909.843, 130
Trd, 4318910.643, 140
Trd, 4318912.793, 65
Trd, 4318913.843, 60
Trd, 4318914.393, 60
Trd, 4318914.543, 60
Trd, 4318915.193, 60
Trd, 4318915.393, 60
Trd, 4318916.493, 60
Trd, 4318916.743, 60
Trd, 4318917.493, 60
Trd, 4318918.493, 60
Trd, 4318919.343, 60
Trd, 4318919.493, 60
Trd, 4318920.393, 60
Trd, 4318920.443, 61
Trd, 4318920.643, 60
Trd, 4318922.593, 60
Trd, 4318923.443, 60
Trd, 4318923.743, 67
Trd, 4318924.393, 60
Trd, 4318924.443, 60
Trd, 4318925.143, 60
Trd, 4318926.493, 60
Trd, 4318926.743, 62
Trd, 4318927.693, 62
Trd, 4318928.243, 64
Trd, 4318928.343, 65
Trd, 4318928.543, 70
Trd, 4318929.643, 60
Trd, 4318930.643, 63
Trd, 4318931.043, 62
Trd, 4318931.493, 133
Trd, 4318932.893, 140
Trd, 4318933.193, 129
Trd, 4318934.793, 140
Trd, 4318934.993, 137
Trd, 4318935.593, 134
Trd, 4318937.493, 140
Trd, 4318938.393, 140
Trd, 4318939.443, 140
Trd, 4318940.443, 139
Trd, 4318940.643, 138
Trd, 4318942.243, 140
Trd, 4318943.343, 140
Trd, 4318943.643, 140
Trd, 4318945.943, 140
Trd, 4318946.843, 140
Trd, 4318948.593, 140
Trd, 4318949.743, 140
Trd, 4318950.343, 140
Trd, 4318950.993, 140
Trd, 4318951.143, 136
Trd, 4318951.343, 130
Trd, 4318951.793, 129
Trd, 4318951.893, 139
Trd, 4318952.343, 140
Trd, 4318952.993, 139
Trd, 4318953.093, 137
Trd, 4318954.893, 138
Trd, 4318955.793, 116
Trd, 4318956.243, 138
Trd, 4318958.743, 138
Trd, 4318960.643, 140
Trd, 4318960.793, 139
Trd, 4318961.193, 140
Trd, 4318962.243, 140
Trd, 4318962.843, 140
Trd, 4318963.093, 140
Trd, 4318964.293, 140
Trd, 4318965.193, 140
Trd, 4318966.093, 140
Trd, 4318966.893, 140
Trd, 4318967.193, 140
Trd, 4318967.843, 139
Trd, 4318969.343, 138
Trd, 4318969.643, 136
Trd, 4318971.193, 137
Trd, 4318971.493, 126
Trd, 4318972.493, 140
Trd, 4318973.043, 140
Trd, 4318973.193, 139
Trd, 4318975.743, 140
Trd, 4318975.993, 140
Trd, 4318976.143, 140
Trd, 4318977.043, 98
Trd, 4318978.293, 135
Trd, 4318979.543, 140
Trd, 4318980.343, 140
Trd, 4318983.293, 140
Trd, 4318983.793, 140
Trd, 4318985.293, 140
Trd, 4318985.393, 140
Trd, 4318986.243, 140
Trd, 4318986.543, 140
Trd, 4318986.843, 139
Trd, 4318986.993, 124
Trd, 4318987.993, 140
Trd, 4318989.593, 140
Trd, 4318989.793, 140
Trd, 4318990.243, 140
Trd, 4318990.393, 140
Trd, 4318991.643, 140
Trd, 4318992.443, 140
Trd, 4318994.693, 140
Trd, 4318995.293, 140
Trd, 4318995.343, 140
Trd, 4318996.193, 140
Trd, 4318996.943, 140
Trd, 4318997.393, 140
Trd, 4318998.693, 140
Trd, 4318999.393, 139
Trd, 4318999.993, 139
Trd, 4319000.043, 136
Trd, 4319000.393, 125
Trd, 4319001.743, 119
Trd, 4319002.943, 140
Trd, 4319003.293, 140
Trd, 4319005.443, 140
Trd, 4319005.493, 139
Trd, 4319007.993, 140
Trd, 4319008.193, 140
Trd, 4319008.493, 140
Trd, 4319010.743, 140
Trd, 4319011.393, 140
Trd, 4319011.643, 138
Trd, 4319011.793, 138
Trd, 4319012.193, 139
Trd, 4319012.443, 140
Trd, 4319012.593, 140
Trd, 4319012.893, 124
Trd, 4319013.593, 93
Trd, 4319014.343, 114
Trd, 4319014.593, 138
Trd, 4319016.143, 60
Trd, 4319016.593, 60
Trd, 4319017.693, 60
Trd, 4319017.843, 61
Trd, 4319018.393, 64
Trd, 4319019.293, 63
Trd, 4319020.043, 61
Trd, 4319021.193, 60
Trd, 4319022.543, 66
Trd, 4319022.643, 67
Trd, 4319023.243, 138
Trd, 4319024.393, 140
Trd, 4319024.543, 140
Trd, 4319025.143, 140
Trd, 4319026.493, 140
Trd, 4319028.393, 140
Trd, 4319028.443, 140
Trd, 4319028.543, 140
Trd, 4319029.493, 139
Trd, 4319030.043, 139
Trd, 4319030.393, 138
Trd, 4319030.543, 125
Trd, 4319031.343, 96
Trd, 4319032.043, 63
Trd, 4319032.743, 138
Trd, 4319032.993, 138
Trd, 4319034.793, 140
Trd, 4319034.943, 140
Trd, 4319035.243, 139
Trd, 4319035.643, 139
Trd, 4319037.393, 140
Trd, 4319038.643, 140
Trd, 4319039.993, 140
Trd, 4319040.693, 139
Trd, 4319041.093, 140
Trd, 4319041.393, 139
Trd, 4319043.593, 140
Trd, 4319043.743, 140
Trd, 4319044.843, 140
Trd, 4319045.793, 140
Trd, 4319046.043, 140
Trd, 4319047.193, 140
Trd, 4319047.543, 140
Trd, 4319049.093, 140
Trd, 4319049.243, 139
Trd, 4319050.943, 140
Trd, 4319051.443, 140
Trd, 4319051.593, 140
Trd, 4319052.693, 140
Trd, 4319052.793, 140
Trd, 4319053.893, 140
Trd, 4319055.143, 140
Trd, 4319056.593, 140
Trd, 4319056.643, 140
Trd, 4319057.343, 139
Trd, 4319058.193, 139
Trd, 4319058.543, 127
Trd, 4319058.843, 136
Trd, 4319059.243, 106
Trd, 4319059.343, 137
Trd, 4319060.893, 139
Trd, 4319061.143, 138
Trd, 4319061.993, 64
Trd, 4319062.243, 124
Trd, 4319062.343, 125
Trd, 4319062.943, 139
Trd, 4319064.443, 140
Trd, 4319064.993, 140
Trd, 4319065.293, 140
Trd, 4319067.693, 140
Trd, 4319068.893, 140
Trd, 4319069.043, 140
Trd, 4319070.543, 140
Trd, 4319072.293, 140
Trd, 4319072.693, 139
Trd, 4319072.993, 140
Trd, 4319073.443, 140
Trd, 4319074.093, 140
Trd, 4319075.693, 140
Trd, 4319077.193, 140
Trd, 4319077.243, 140
Trd, 4319077.643, 140
Trd, 4319078.193, 140
Trd, 4319078.793, 140
Trd, 4319080.793, 140
Trd, 4319080.993, 140
Trd, 4319082.343, 140
Trd, 4319083.893, 140
Trd, 4319084.193, 140
Trd, 4319085.393, 140
Trd, 4319085.543, 140
Trd, 4319086.093, 140
Trd, 4319089.093, 140
Trd, 4319089.793, 140
Trd, 4319089.893, 140
Trd, 4319090.243, 140
Trd, 4319090.793, 139
Trd, 4319091.543, 140
Trd, 4319091.843, 139
Trd, 4319092.293, 125
Trd, 4319092.693, 124
Trd, 4319092.893, 113
Trd, 4319092.993, 110
Trd, 4319093.643, 140
Trd, 4319095.443, 67
Trd, 4319095.943, 140
Trd, 4319096.143, 139
Trd, 4319098.543, 140
Trd, 4319099.043, 126
Trd, 4319099.893, 122
Trd, 4319100.043, 62
Trd, 4319100.793, 61
Trd, 4319101.443, 101
Trd, 4319104.343, 140
Trd, 4319104.943, 140
Trd, 4319105.193, 140
Trd, 4319105.243, 139
Trd, 4319105.543, 140
Trd, 4319106.093, 136
Trd, 4319108.443, 140
Trd, 4319109.193, 140
Trd, 4319109.243, 124
Trd, 4319111.143, 140
Trd, 4319111.843, 140
Trd, 4319112.993, 140
Trd, 4319113.243, 139
Trd, 4319113.393, 134
Trd, 4319114.693, 139
Trd, 4319115.243, 140
Trd, 4319115.993, 140
Trd, 4319116.643, 140
Trd, 4319117.243, 139
Trd, 4319117.593, 140
Trd, 4319117.843, 140
Trd, 4319117.943, 140
Trd, 4319118.793, 140
Trd, 4319120.043, 129
Trd, 4319120.143, 136
Trd, 4319121.193, 140
Trd, 4319121.693, 139
Trd, 4319122.793, 126
Trd, 4319123.293, 139
Trd, 4319123.893, 138
Trd, 4319124.493, 137
Trd, 4319125.543, 134
Trd, 4319125.743, 131
Trd, 4319125.943, 133
Trd, 4319126.143, 138
Trd, 4319126.693, 115
Trd, 4319127.693, 140
Trd, 4319128.443, 137
Trd, 4319129.543, 138
Trd, 4319130.343, 125
Trd, 4319132.393, 140
Trd, 4319133.993, 140
Trd, 4319134.993, 140
Trd, 4319135.343, 140
Trd, 4319135.893, 140
Trd, 4319137.193, 139
Trd, 4319138.043, 140
Trd, 4319138.693, 138
Trd, 4319139.293, 137
Trd, 4319139.643, 139
Trd, 4319139.993, 138
Trd, 4319140.093, 106
Trd, 4319140.643, 140
Trd, 4319141.793, 132
Trd, 4319144.793, 140
Trd, 4319144.893, 140
Trd, 4319145.743, 140
Trd, 4319145.843, 140
Trd, 4319145.893, 94
Trd, 4319146.343, 60
Trd, 4319146.593, 60
Trd, 4319147.593, 60
Trd, 4319148.093, 60
Trd, 4319148.593, 62
Trd, 4319149.143, 137
Trd, 4319149.693, 60
Trd, 4319150.043, 140
Trd, 4319150.943, 140
Trd, 4319152.343, 140
Trd, 4319152.543, 139
Trd, 4319154.043, 140
Trd, 4319155.993, 140
Trd, 4319156.893, 140
Trd, 4319157.143, 140
Trd, 4319157.443, 140
Trd, 4319157.943, 139
Trd, 4319159.193, 139
Trd, 4319160.293, 140
Trd, 4319161.343, 140
Trd, 4319161.543, 140
Trd, 4319161.643, 140
Trd, 4319162.243, 134
Trd, 4319162.493, 129
Trd, 4319163.693, 129
Trd, 4319164.193, 103
Trd, 4319165.193, 101
Trd, 4319165.743, 122
Trd, 4319166.493, 60
Trd, 4319167.143, 60
Trd, 4319167.193, 60
Trd, 4319167.593, 130
Trd, 4319168.993, 61
Trd, 4319169.443, 64
Trd, 4319170.143, 60
Trd, 4319171.043, 64
Trd, 4319171.543, 66
Trd, 4319173.443, 140
Trd, 4319173.893, 140
Trd, 4319174.193, 140
Trd, 4319174.893, 140
Trd, 4319175.293, 139
Trd, 4319176.193, 139
Trd, 4319176.943, 139
Trd, 4319179.343, 140
Trd, 4319179.593, 140
Trd, 4319179.793, 139
Trd, 4319180.043, 140
Trd, 4319180.143, 136
Trd, 4319180.543, 139
Trd, 4319180.693, 134
Trd, 4319182.293, 138
Trd, 4319182.493, 112
Trd, 4319182.743, 136
Trd, 4319184.143, 75
Trd, 4319184.593, 61
Trd, 4319185.393, 140
Trd, 4319187.443, 140
Trd, 4319189.493, 140
Trd, 4319189.593, 138
Trd, 4319190.143, 140
Trd, 4319190.843, 140
Trd, 4319192.393, 140
Trd, 4319193.143, 140
Trd, 4319193.343, 140
Trd, 4319194.543, 140
Trd, 4319195.093, 140
Trd, 4319195.343, 140
Trd, 4319196.143, 140
Trd, 4319196.493, 140
Trd, 4319197.043, 134
Trd, 4319197.693, 139
Trd, 4319198.143, 140
Trd, 4319198.243, 139
Trd, 4319199.593, 140
Trd, 4319202.043, 139
Trd, 4319202.593, 140
Trd, 4319203.993, 140
Trd, 4319204.093, 137
Trd, 4319204.243, 139
Trd, 4319205.043, 118
Trd, 4319205.793, 140
Trd, 4319206.593, 140
Trd, 4319206.843, 140
Trd, 4319207.393, 140
Trd, 4319209.243, 140
Trd, 4319209.443, 140
Trd, 4319212.493, 140
Trd, 4319213.693, 140
Trd, 4319214.293, 140
Trd, 4319214.393, 140
Trd, 4319215.393, 140
Trd, 4319217.243, 140
Trd, 4319217.343, 140
Trd, 4319217.493, 135
Trd, 4319218.493, 139
Trd, 4319219.493, 138
Trd, 4319219.643, 139
Trd, 4319220.193, 140
Trd, 4319221.793, 139
Trd, 4319222.093, 119
Trd, 4319223.343, 140
Trd, 4319225.043, 140
Trd, 4319225.243, 138
Trd, 4319225.443, 137
Trd, 4319226.643, 140
Trd, 4319227.193, 140
Trd, 4319227.393, 140
Trd, 4319228.593, 140
Trd, 4319230.943, 140
Trd, 4319231.243, 140
Trd, 4319231.393, 139
Trd, 4319231.593, 139
Trd, 4319231.843, 124
Trd, 4319232.543, 139
Trd, 4319232.693, 130
Trd, 4319233.543, 132
Trd, 4319233.893, 131
Trd, 4319234.043, 134
Trd, 4319234.893, 140
Trd, 4319235.093, 107
Trd, 4319238.943, 140
Trd, 4319239.493, 140
Trd, 4319239.743, 139
Trd, 4319239.793, 139
Trd, 4319241.443, 140
Trd, 4319241.543, 140
Trd, 4319242.743, 140
Trd, 4319243.043, 140
Trd, 4319243.293, 140
Trd, 4319244.043, 140
Trd, 4319244.793, 140
Trd, 4319244.993, 140
Trd, 4319245.143, 140
Trd, 4319245.593, 140
Trd, 4319246.393, 132
Trd, 4319247.393, 128
Trd, 4319248.193, 140
Trd, 4319250.643, 140
Trd, 4319251.243, 140
Trd, 4319252.793, 140
Trd, 4319252.843, 140
Trd, 4319254.043, 140
Trd, 4319256.093, 140
Trd, 4319256.143, 140
Trd, 4319256.393, 140
Trd, 4319256.693, 140
Trd, 4319257.693, 140
Trd, 4319258.543, 140
Trd, 4319258.993, 140
Trd, 4319259.143, 139
Trd, 4319260.293, 140
Trd, 4319261.443, 140
Trd, 4319262.093, 140
Trd, 4319263.243, 140
Trd, 4319263.943, 139
Trd, 4319267.043, 140
Trd, 4319268.043, 140
Trd, 4319269.443, 140
Trd, 4319269.693, 140
Trd, 4319270.693, 140
Trd, 4319271.293, 139
Trd, 4319272.093, 140
Trd, 4319272.393, 139
Trd, 4319272.893, 133
Trd, 4319274.393, 128
Trd, 4319274.593, 125
Trd, 4319275.043, 133
Trd, 4319275.193, 134
Trd, 4319276.043, 140
Trd, 4319276.493, 140
Trd, 4319276.693, 140
Trd, 4319279.493, 140
Trd, 4319280.093, 139
Trd, 4319280.843, 140
Trd, 4319280.943, 139
Trd, 4319281.593, 140
Trd, 4319281.843, 135
Trd, 4319282.543, 138
Trd, 4319284.993, 140
Trd, 4319287.143, 140
Trd, 4319287.543, 140
Trd, 4319289.743, 140
Trd, 4319290.643, 140
Trd, 4319290.893, 140
Trd, 4319291.493, 140
Trd, 4319291.793, 139
Trd, 4319292.743, 140
Trd, 4319293.143, 140
Trd, 4319295.143, 140
Trd, 4319296.743, 140
Trd, 4319296.793, 140
Trd, 4319297.643, 140
Trd, 4319298.543, 140
Trd, 4319299.543, 140
Trd, 4319299.943, 140
Trd, 4319302.243, 140
Trd, 4319302.493, 140
Trd, 4319303.393, 140
Trd, 4319304.893, 140
Trd, 4319304.993, 140
Trd, 4319307.193, 140
Trd, 4319307.393, 140
Trd, 4319307.693, 140
Trd, 4319309.593, 140
Trd, 4319311.693, 140
Trd, 4319311.993, 140
Trd, 4319312.793, 140
Trd, 4319313.243, 140
Trd, 4319313.593, 140
Trd, 4319313.743, 139
Trd, 4319313.893, 139
Trd, 4319314.243, 139
Trd, 4319314.543, 125
Trd, 4319314.943, 140
Trd, 4319315.543, 111
Trd, 4319316.043, 115
Trd, 4319317.793, 139
Trd, 4319319.193, 140
Trd, 4319320.693, 140
Trd, 4319320.943, 139
Trd, 4319322.193, 140
Trd, 4319322.343, 140
Trd, 4319323.993, 139
Trd, 4319325.343, 140
Trd, 4319326.493, 139
Trd, 4319327.343, 140
Trd, 4319328.343, 140
Trd, 4319329.443, 140
Trd, 4319330.843, 140
Trd, 4319331.143, 140
Trd, 4319332.943, 140
Trd, 4319334.743, 140
Trd, 4319334.793, 140
Trd, 4319335.093, 140
Trd, 4319336.043, 140
Trd, 4319336.993, 139
Trd, 4319337.093, 139
Trd, 4319338.143, 140
Trd, 4319338.793, 140
Trd, 4319339.743, 140
Trd, 4319340.343, 139
Trd, 4319341.593, 139
Trd, 4319343.693, 139
Trd, 4319345.743, 139
Trd, 4319346.493, 139
Trd, 4319347.193, 138
Trd, 4319347.743, 137
Trd, 4319347.893, 124
Trd, 4319347.993, 137
Trd, 4319348.243, 136
Trd, 4319348.593, 114
Trd, 4319349.293, 139
Trd, 4319351.943, 140
Trd, 4319352.893, 140
Trd, 4319352.993, 140
Trd, 4319353.343, 140
Trd, 4319353.993, 139
Trd, 4319354.443, 140
Trd, 4319355.293, 126
Trd, 4319355.493, 126
Trd, 4319357.843, 140
Trd, 4319359.393, 140
Trd, 4319359.493, 140
Trd, 4319360.343, 140
Trd, 4319361.693, 140
Trd, 4319361.743, 139
Trd, 4319362.493, 128
Trd, 4319363.043, 138
Trd, 4319363.643, 140
Trd, 4319364.293, 140
Trd, 4319365.043, 140
Trd, 4319366.243, 140
Trd, 4319368.043, 140
Trd, 4319368.693, 140
Trd, 4319369.393, 140
Trd, 4319369.693, 140
Trd, 4319369.993, 140
Trd, 4319370.643, 140
Trd, 4319370.843, 140
Trd, 4319372.043, 139
Trd, 4319373.843, 140
Trd, 4319374.443, 139
Trd, 4319375.643, 139
Trd, 4319376.543, 140
Trd, 4319377.943, 140
Trd, 4319378.793, 140
Trd, 4319379.443, 140
Trd, 4319380.243, 140
Trd, 4319381.643, 140
Trd, 4319382.843, 140
Trd, 4319382.943, 140
Trd, 4319383.293, 140
Trd, 4319383.793, 140
Trd, 4319386.493, 140
Trd, 4319386.893, 140
Trd, 4319387.143, 137
Trd, 4319387.343, 139
Trd, 4319387.793, 139
Trd, 4319387.943, 140
Trd, 4319388.243, 132
Trd, 4319389.093, 140
Trd, 4319389.343, 114
Trd, 4319389.993, 104
Trd, 4319391.943, 140
Trd, 4319392.243, 140
Trd, 4319392.643, 138
Trd, 4319393.293, 140
Trd, 4319395.143, 140
Trd, 4319396.493, 140
Trd, 4319396.893, 138
Trd, 4319398.593, 140
Trd, 4319398.943, 140
Trd, 4319401.043, 140
Trd, 4319401.793, 140
Trd, 4319402.093, 140
Trd, 4319402.643, 139
Trd, 4319403.693, 140
Trd, 4319404.843, 140
Trd, 4319405.093, 140
Trd, 4319405.193, 139
Trd, 4319405.893, 136
Trd, 4319407.043, 128
Trd, 4319407.343, 135
Trd, 4319408.543, 135
Trd, 4319409.043, 135
Trd, 4319409.343, 136
Trd, 4319409.893, 140
Trd, 4319410.293, 140
Trd, 4319410.643, 139
Trd, 4319411.543, 140
Trd, 4319412.743, 137
Trd, 4319413.393, 115
Trd, 4319414.793, 140
Trd, 4319415.993, 140
Trd, 4319416.193, 140
Trd, 4319416.993, 139
Trd, 4319418.343, 140
Trd, 4319419.293, 140
Trd, 4319420.843, 139
Trd, 4319421.843, 140
Trd, 4319423.893, 140
Trd, 4319423.993, 140
Trd, 4319424.093, 140
Trd, 4319424.643, 140
Trd, 4319425.343, 138
Trd, 4319426.093, 137
Trd, 4319427.893, 140
Trd, 4319428.793, 140
Trd, 4319429.043, 140
Trd, 4319430.743, 140
Trd, 4319431.043, 140
Trd, 4319431.493, 140
Trd, 4319432.393, 140
Trd, 4319433.043, 140
Trd, 4319435.043, 140
Trd, 4319435.193, 140
Trd, 4319436.693, 140
Trd, 4319438.693, 140
Trd, 4319439.593, 140
Trd, 4319439.893, 140
Trd, 4319440.293, 140
Trd, 4319442.343, 140
Trd, 4319442.393, 139
Trd, 4319443.693, 140
Trd, 4319443.843, 140
Trd, 4319445.593, 140
Trd, 4319445.743, 139
Trd, 4319445.793, 138
Trd, 4319446.443, 140
Trd, 4319447.593, 133
Trd, 4319448.443, 131
Trd, 4319449.043, 130
Trd, 4319449.243, 127
Trd, 4319449.593, 123
Trd, 4319449.643, 129
Trd, 4319451.643, 140
Trd, 4319452.043, 140
Trd, 4319452.793, 140
Trd, 4319454.843, 140
Trd, 4319456.143, 140
Trd, 4319457.193, 140
Trd, 4319458.443, 140
Trd, 4319458.943, 140
Trd, 4319459.393, 140
Trd, 4319461.693, 140
Trd, 4319461.993, 140
Trd, 4319463.643, 140
Trd, 4319463.893, 139
Trd, 4319464.843, 140
Trd, 4319465.193, 139
Trd, 4319467.393, 139
Trd, 4319469.243, 139
Trd, 4319469.643, 140
Trd, 4319469.943, 138
Trd, 4319469.993, 138
Trd, 4319470.643, 124
Trd, 4319470.793, 137
Trd, 4319470.893, 94
Trd, 4319471.193, 139
Trd, 4319473.393, 62
Trd, 4319474.193, 61
Trd, 4319474.643, 60
Trd, 4319475.043, 72
Trd, 4319475.743, 125
Trd, 4319476.093, 140
Trd, 4319476.143, 140
Trd, 4319476.793, 63
Trd, 4319477.593, 101
Trd, 4319478.393, 139
Trd, 4319479.893, 112
Trd, 4319480.493, 137
Trd, 4319480.893, 139
Trd, 4319481.643, 82
Trd, 4319481.743, 74
Trd, 4319483.593, 140
Trd, 4319483.943, 139
Trd, 4319485.243, 140
Trd, 4319486.143, 116
Trd, 4319486.193, 114
Trd, 4319487.443, 140
Trd, 4319488.893, 140
Trd, 4319489.193, 140
Trd, 4319491.143, 139
Trd, 4319492.793, 140
Trd, 4319493.543, 140
Trd, 4319494.043, 140
Trd, 4319494.093, 140
Trd, 4319494.293, 140
Trd, 4319494.793, 139
Trd, 4319498.043, 140
Trd, 4319498.643, 138
Trd, 4319499.393, 140
Trd, 4319500.543, 138
Trd, 4319501.343, 140
Trd, 4319501.793, 136
Trd, 4319504.043, 140
Trd, 4319504.643, 140
Trd, 4319505.193, 140
Trd, 4319505.243, 140
Trd, 4319505.693, 140
Trd, 4319505.793, 140
Trd, 4319507.193, 135
Trd, 4319507.493, 136
Trd, 4319507.743, 137
Trd, 4319508.293, 65
Trd, 4319510.243, 60
Trd, 4319510.393, 63
Trd, 4319511.893, 62
Trd, 4319512.893, 60
Trd, 4319513.143, 60
Trd, 4319513.493, 60
Trd, 4319514.743, 60
Trd, 4319514.943, 61
Trd, 4319515.043, 63
Trd, 4319515.543, 65
Trd, 4319516.093, 61
Trd, 4319516.643, 61
Trd, 4319516.943, 65
Trd, 4319519.343, 60
Trd, 4319519.643, 60
Trd, 4319520.293, 60
Trd, 4319520.893, 60
Trd, 4319521.093, 60
Trd, 4319521.443, 61
Trd, 4319523.793, 60
Trd, 4319523.843, 60
Trd, 4319524.393, 60
Trd, 4319524.493, 60
Trd, 4319525.193, 60
Trd, 4319525.743, 60
Trd, 4319525.843, 64
Trd, 4319527.343, 62
Trd, 4319528.293, 64
Trd, 4319528.543, 61
Trd, 4319529.543, 67
Trd, 4319530.293, 60
Trd, 4319530.443, 63
Trd, 4319530.793, 64
Trd, 4319531.543, 65
Trd, 4319532.093, 71
Trd, 4319532.343, 138
Trd, 4319533.693, 67
Trd, 4319534.043, 62
Trd, 4319534.943, 64
Trd, 4319537.093, 140
Trd, 4319537.693, 140
Trd, 4319539.993, 140
Trd, 4319540.743, 140
Trd, 4319541.143, 140
Trd, 4319543.543, 140
Trd, 4319545.793, 140
Trd, 4319546.593, 140
Trd, 4319546.743, 140
Trd, 4319548.043, 140
Trd, 4319548.193, 139
Trd, 4319548.843, 140
Trd, 4319550.043, 140
Trd, 4319550.293, 101
Trd, 4319550.493, 101
Trd, 4319551.643, 140
Trd, 4319552.543, 140
Trd, 4319553.043, 139
Trd, 4319553.243, 139
Trd, 4319554.393, 125
Trd, 4319555.093, 137
Trd, 4319555.293, 133
Trd, 4319555.543, 135
Trd, 4319555.643, 85
Trd, 4319558.743, 140
Trd, 4319558.993, 140
Trd, 4319559.743, 140
Trd, 4319559.893, 140
Trd, 4319561.293, 138
Trd, 4319562.643, 140
Trd, 4319563.693, 140
Trd, 4319565.243, 140
Trd, 4319565.643, 140
Trd, 4319565.943, 140
Trd, 4319567.093, 140
Trd, 4319567.493, 138
Trd, 4319570.243, 140
Trd, 4319570.493, 140
Trd, 4319572.193, 140
Trd, 4319572.793, 140
Trd, 4319573.243, 140
Trd, 4319573.593, 140
Trd, 4319575.643, 139
Trd, 4319575.843, 139
Trd, 4319576.443, 118
Trd, 4319576.943, 140
Trd, 4319577.843, 140
Trd, 4319578.393, 138
Trd, 4319580.093, 140
Trd, 4319581.643, 140
Trd, 4319583.143, 140
Trd, 4319583.243, 140
Trd, 4319584.243, 140
Trd, 4319584.293, 140
Trd, 4319586.043, 140
Trd, 4319586.743, 140
Trd, 4319587.393, 140
Trd, 4319587.643, 139
Trd, 4319587.743, 124
Trd, 4319587.843, 139
Trd, 4319588.943, 140
Trd, 4319589.043, 134
Trd, 4319589.943, 137
Trd, 4319590.693, 125
Trd, 4319592.043, 140
Trd, 4319592.143, 140
Trd, 4319593.643, 140
Trd, 4319594.643, 139
Trd, 4319595.693, 140
Trd, 4319597.293, 140
Trd, 4319598.393, 140
Trd, 4319598.593, 140
Trd, 4319598.843, 140
Trd, 4319599.143, 140
Trd, 4319599.643, 140
Trd, 4319600.543, 140
Trd, 4319600.743, 140
Trd, 4319601.893, 140
Trd, 4319602.243, 139
Trd, 4319602.943, 140
Trd, 4319603.343, 138
Trd, 4319604.693, 101
Trd, 4319604.843, 98
Trd, 4319606.443, 140
Trd, 4319606.793, 138
Trd, 4319607.043, 139
Trd, 4319608.493, 140
Trd, 4319608.693, 139
Trd, 4319610.693, 140
Trd, 4319611.093, 140
Trd, 4319612.993, 140
Trd, 4319613.743, 140
Trd, 4319614.093, 140
Trd, 4319615.293, 140
Trd, 4319616.193, 140
Trd, 4319616.243, 140
Trd, 4319616.693, 140
Trd, 4319617.043, 140
Trd, 4319617.543, 129
Trd, 4319618.143, 132
Trd, 4319618.543, 139
Trd, 4319620.843, 140
Trd, 4319621.143, 126
Trd, 4319621.243, 101
Trd, 4319621.643, 140
Trd, 4319622.893, 140
Trd, 4319624.493, 140
Trd, 4319624.793, 139
Trd, 4319624.993, 139
Trd, 4319625.043, 125
Trd, 4319625.393, 123
Trd, 4319625.943, 112
Trd, 4319626.393, 138
Trd, 4319628.293, 140
Trd, 4319628.443, 138
Trd, 4319629.443, 140
Trd, 4319630.343, 140
Trd, 4319631.043, 138
Trd, 4319631.093, 131
Trd, 4319633.943, 140
Trd, 4319634.293, 140
Trd, 4319634.393, 140
Trd, 4319635.143, 140
Trd, 4319635.193, 140
Trd, 4319635.793, 140
Trd, 4319635.843, 139
Trd, 4319636.443, 139
Trd, 4319637.293, 140
Trd, 4319637.993, 140
Trd, 4319638.143, 140
Trd, 4319638.493, 139
Trd, 4319640.393, 130
Trd, 4319640.943, 131
Trd, 4319641.593, 63
Trd, 4319642.043, 134
Trd, 4319642.093, 96
Trd, 4319642.143, 135
Trd, 4319642.443, 140
Trd, 4319645.093, 140
Trd, 4319646.943, 140
Trd, 4319647.343, 140
Trd, 4319647.543, 140
Trd, 4319648.743, 140
Trd, 4319648.843, 140
Trd, 4319649.743, 139
Trd, 4319650.143, 139
Trd, 4319651.443, 140
Trd, 4319652.593, 140
Trd, 4319653.793, 140
Trd, 4319656.293, 140
Trd, 4319656.443, 140
Trd, 4319656.693, 140
Trd, 4319657.643, 140
Trd, 4319657.893, 140
Trd, 4319658.993, 140
Trd, 4319660.593, 140
Trd, 4319660.943, 140
Trd, 4319661.493, 140
Trd, 4319662.793, 140
Trd, 4319664.093, 140
Trd, 4319664.443, 140
Trd, 4319664.893, 140
Trd, 4319665.693, 132
Trd, 4319665.943, 134
Trd, 4319667.043, 125
Trd, 4319667.993, 125
Trd, 4319668.243, 125
Trd, 4319668.293, 126
Trd, 4319669.193, 139
Trd, 4319669.543, 134
Trd, 4319669.943, 140
Trd, 4319669.993, 127
Trd, 4319671.943, 60
Trd, 4319672.093, 60
Trd, 4319672.593, 137
Trd, 4319673.793, 140
Trd, 4319675.593, 140
Trd, 4319676.993, 140
Trd, 4319679.193, 140
Trd, 4319679.543, 140
Trd, 4319679.643, 139
Trd, 4319679.893, 139
Trd, 4319680.443, 139
Trd, 4319680.893, 139
Trd, 4319681.393, 140
Trd, 4319682.293, 137
Trd, 4319682.693, 129
Trd, 4319683.093, 140
Trd, 4319684.393, 119
Trd, 4319684.643, 125
Trd, 4319684.843, 114
Trd, 4319686.143, 138
Trd, 4319687.243, 140
Trd, 4319687.643, 140
Trd, 4319689.093, 140
Trd, 4319689.743, 140
Trd, 4319690.593, 140
Trd, 4319690.843, 140
Trd, 4319691.293, 140
Trd, 4319692.343, 140
Trd, 4319692.793, 139
Trd, 4319692.893, 124
Trd, 4319694.243, 140
Trd, 4319696.393, 139
Trd, 4319696.543, 139
Trd, 4319698.793, 140
Trd, 4319699.143, 140
Trd, 4319699.543, 140
Trd, 4319700.143, 140
Trd, 4319700.343, 138
Trd, 4319701.393, 139
Trd, 4319701.443, 140
Trd, 4319702.493, 132
Trd, 4319703.093, 116
Trd, 4319703.993, 132
Trd, 4319704.243, 131
Trd, 4319704.743, 139
Trd, 4319705.593, 139
Trd, 4319705.693, 140
Trd, 4319706.443, 90
Trd, 4319707.143, 138
Trd, 4319707.493, 114
Trd, 4319708.893, 138
Trd, 4319710.993, 140
Trd, 4319711.343, 140
Trd, 4319712.093, 139
Trd, 4319712.443, 135
Trd, 4319713.793, 140
Trd, 4319715.393, 140
Trd, 4319715.593, 140
Trd, 4319717.693, 140
Trd, 4319718.443, 140
Trd, 4319719.343, 140
Trd, 4319719.493, 140
Trd, 4319721.143, 140
Trd, 4319721.993, 140
Trd, 4319722.293, 140
Trd, 4319722.743, 140
Trd, 4319722.893, 140
Trd, 4319723.443, 140
Trd, 4319723.643, 140
Trd, 4319723.693, 130
Trd, 4319724.043, 126
Trd, 4319724.693, 140
Trd, 4319725.893, 137
Trd, 4319726.593, 140
Trd, 4319727.793, 140
Trd, 4319729.743, 140
Trd, 4319729.893, 140
Trd, 4319730.793, 140
Trd, 4319731.393, 140
Trd, 4319733.643, 140
Trd, 4319735.443, 140
Trd, 4319735.493, 140
Trd, 4319736.043, 140
Trd, 4319738.043, 140
Trd, 4319738.543, 140
Trd, 4319738.593, 138
Trd, 4319738.843, 137
Trd, 4319739.043, 137
Trd, 4319740.293, 60
Trd, 4319740.493, 64
Trd, 4319742.543, 103
Trd, 4319743.243, 135
Trd, 4319743.993, 125
Trd, 4319745.143, 140
Trd, 4319745.943, 140
Trd, 4319747.343, 140
Trd, 4319747.443, 140
Trd, 4319748.043, 140
Trd, 4319749.743, 140
Trd, 4319751.393, 140
Trd, 4319751.893, 140
Trd, 4319753.443, 140
Trd, 4319754.143, 140
Trd, 4319755.943, 140
Trd, 4319756.393, 140
Trd, 4319757.243, 140
Trd, 4319757.493, 140
Trd, 4319759.243, 140
Trd, 4319759.843, 140
Trd, 4319760.343, 140
Trd, 4319761.093, 140
Trd, 4319762.193, 140
Trd, 4319762.493, 140
Trd, 4319762.693, 140
Trd, 4319762.943, 139
Trd, 4319763.943, 140
Trd, 4319764.393, 140
Trd, 4319764.643, 140
Trd, 4319765.293, 140
Trd, 4319765.343, 140
Trd, 4319765.593, 126
Trd, 4319765.843, 124
Trd, 4319766.643, 124
Trd, 4319767.893, 61
Trd, 4319768.193, 139
Trd, 4319769.243, 60
Trd, 4319770.193, 60
Trd, 4319770.443, 60
Trd, 4319771.393, 60
Trd, 4319772.393, 63
Trd, 4319772.493, 69
Trd, 4319773.693, 140
Trd, 4319774.393, 140
Trd, 4319774.693, 140
Trd, 4319776.793, 140
Trd, 4319776.843, 138
Trd, 4319777.343, 129
Trd, 4319779.893, 140
Trd, 4319780.143, 139
Trd, 4319780.993, 140
Trd, 4319782.143, 140
Trd, 4319783.593, 140
Trd, 4319784.293, 140
Trd, 4319784.443, 140
Trd, 4319785.593, 140
Trd, 4319786.093, 140
Trd, 4319786.343, 139
Trd, 4319786.993, 140
Trd, 4319788.343, 140
Trd, 4319788.793, 140
Trd, 4319789.093, 140
Trd, 4319789.643, 140
Trd, 4319789.943, 138
Trd, 4319791.193, 125
Trd, 4319792.243, 140
Trd, 4319793.193, 140
Trd, 4319794.043, 127
Trd, 4319794.093, 69
Trd, 4319795.743, 140
Trd, 4319796.143, 140
Trd, 4319797.093, 140
Trd, 4319798.093, 140
Trd, 4319798.993, 140
Trd, 4319800.893, 140
Trd, 4319801.643, 140
Trd, 4319801.693, 140
Trd, 4319802.843, 140
Trd, 4319804.293, 140
Trd, 4319805.243, 140
Trd, 4319805.943, 139
Trd, 4319807.693, 140
Trd, 4319808.693, 140
Trd, 4319808.843, 140
Trd, 4319810.693, 140
Trd, 4319811.193, 140
Trd, 4319812.343, 140
Trd, 4319813.743, 140
Trd, 4319814.443, 140
Trd, 4319814.543, 140
Trd, 4319816.243, 140
Trd, 4319816.793, 140
Trd, 4319817.493, 140
Trd, 4319818.243, 130
Trd, 4319818.793, 139
Trd, 4319819.043, 137
Trd, 4319819.143, 105
Trd, 4319820.443, 137
Trd, 4319821.393, 135
Trd, 4319822.793, 139
Trd, 4319822.843, 103
Trd, 4319824.193, 138
Trd, 4319825.743, 140
Trd, 4319826.393, 139
Trd, 4319826.493, 140
Trd, 4319827.343, 140
Trd, 4319827.943, 138
Trd, 4319828.143, 138
Trd, 4319828.193, 125
Trd, 4319829.443, 139
Trd, 4319831.043, 140
Trd, 4319831.143, 140
Trd, 4319832.093, 137
Trd, 4319833.543, 140
Trd, 4319834.843, 140
Trd, 4319836.243, 140
Trd, 4319836.743, 140
Trd, 4319836.893, 140
Trd, 4319837.593, 140
Trd, 4319839.293, 140
Trd, 4319839.393, 139
Trd, 4319840.093, 139
Trd, 4319841.293, 140
Trd, 4319842.043, 140
Trd, 4319842.793, 140
Trd, 4319843.043, 140
Trd, 4319843.093, 140
Trd, 4319843.943, 122
Trd, 4319844.243, 71
Trd, 4319845.343, 125
Trd, 4319845.543, 138
Trd, 4319845.843, 112
Trd, 4319846.543, 139
Trd, 4319847.293, 139
Trd, 4319847.493, 124
Trd, 4319848.393, 137
Trd, 4319848.593, 137
Trd, 4319848.793, 137
Trd, 4319849.443, 75
Trd, 4319850.393, 104
Trd, 4319850.643, 136
Trd, 4319852.143, 66
Trd, 4319852.793, 64
Trd, 4319853.943, 63
Trd, 4319854.243, 62
Trd, 4319854.543, 65
Trd, 4319855.243, 63
Trd, 4319855.393, 63
Trd, 4319856.143, 65
Trd, 4319856.493, 66
Trd, 4319858.143, 81
Trd, 4319858.593, 79
Trd, 4319858.693, 74
Trd, 4319860.043, 64
Trd, 4319860.193, 65
Trd, 4319860.993, 136
Trd, 4319861.593, 95
Trd, 4319862.343, 133
Trd, 4319863.243, 140
Trd, 4319864.143, 138
Trd, 4319864.393, 136
Trd, 4319867.093, 139
Trd, 4319867.843, 140
Trd, 4319868.443, 140
Trd, 4319868.593, 138
Trd, 4319869.643, 138
Trd, 4319870.693, 140
Trd, 4319872.043, 140
Trd, 4319872.093, 139
Trd, 4319872.893, 140
Trd, 4319873.943, 140
Trd, 4319874.543, 140
Trd, 4319875.193, 140
Trd, 4319876.443, 140
Trd, 4319876.643, 139
Trd, 4319877.793, 140
Trd, 4319879.893, 140
Trd, 4319880.793, 140
Trd, 4319880.843, 139
Trd, 4319881.843, 140
Trd, 4319883.593, 140
Trd, 4319884.893, 140
Trd, 4319885.993, 140
Trd, 4319886.693, 140
Trd, 4319887.893, 140
Trd, 4319887.993, 140
Trd, 4319888.493, 140
Trd, 4319888.593, 140
Trd, 4319888.993, 139
Trd, 4319889.343, 136
Trd, 4319890.943, 140
Trd, 4319891.993, 140
Trd, 4319892.193, 140
Trd, 4319892.793, 140
Trd, 4319893.843, 140
Trd, 4319894.193, 140
Trd, 4319894.643, 140
Trd, 4319896.393, 140
Trd, 4319897.193, 140
Trd, 4319897.493, 140
Trd, 4319899.543, 140
Trd, 4319899.593, 140
Trd, 4319901.443, 140
Trd, 4319901.793, 140
Trd, 4319903.843, 140
Trd, 4319904.743, 140
Trd, 4319905.243, 140
Trd, 4319905.943, 140
Trd, 4319906.243, 140
Trd, 4319907.293, 140
Trd, 4319907.643, 139
Trd, 4319907.743, 128
Trd, 4319907.993, 105
Trd, 4319908.643, 79
Trd, 4319909.993, 138
Trd, 4319910.943, 140
Trd, 4319912.543, 140
Trd, 4319913.093, 140
Trd, 4319914.343, 140
Trd, 4319914.943, 138
Trd, 4319916.743, 140
Trd, 4319916.993, 140
Trd, 4319917.793, 140
Trd, 4319918.293, 138
Trd, 4319919.493, 140
Trd, 4319920.593, 140
Trd, 4319921.343, 140
Trd, 4319921.793, 140
Trd, 4319923.393, 140
Trd, 4319923.643, 140
Trd, 4319925.293, 140
Trd, 4319925.693, 140
Trd, 4319926.843, 140
Trd, 4319927.743, 138
Trd, 4319929.543, 140
Trd, 4319929.893, 139
Trd, 4319930.293, 139
Trd, 4319930.543, 139
Trd, 4319931.143, 140
Trd, 4319932.093, 126
Trd, 4319932.243, 113
Trd, 4319932.393, 113
Trd, 4319933.443, 140
Trd, 4319935.143, 139
Trd, 4319936.143, 140
Trd, 4319938.193, 140
Trd, 4319938.643, 140
Trd, 4319938.843, 140
Trd, 4319938.893, 139
Trd, 4319939.243, 139
Trd, 4319939.643, 140
Trd, 4319940.193, 139
Trd, 4319941.243, 114
Trd, 4319941.893, 131
Trd, 4319941.943, 132
Trd, 4319943.393, 140
Trd, 4319944.193, 140
Trd, 4319944.293, 140
Trd, 4319944.743, 136
Trd, 4319945.343, 139
Trd, 4319946.793, 139
Trd, 4319947.343, 138
Trd, 4319948.043, 121
Trd, 4319949.543, 140
Trd, 4319951.343, 140
Trd, 4319951.493, 140
Trd, 4319952.443, 139
Trd, 4319953.293, 140
Trd, 4319953.793, 140
Trd, 4319954.693, 139
Trd, 4319955.793, 140
Trd, 4319957.593, 140
Trd, 4319957.743, 140
Trd, 4319958.493, 140
Trd, 4319959.543, 140
Trd, 4319961.843, 140
Trd, 4319963.193, 140
Trd, 4319964.343, 140
Trd, 4319964.493, 140
Trd, 4319965.943, 140
Trd, 4319967.443, 140
Trd, 4319967.993, 140
Trd, 4319968.343, 140
Trd, 4319968.793, 140
Trd, 4319969.093, 140
Trd, 4319969.893, 129
Trd, 4319970.943, 137
Trd, 4319971.493, 135
Trd, 4319971.593, 135
Trd, 4319973.743, 125
Trd, 4319973.843, 127
Trd, 4319974.093, 127
Trd, 4319975.043, 114
Trd, 4319976.243, 126
Trd, 4319976.293, 97
Trd, 4319977.093, 60
Trd, 4319977.843, 62
Trd, 4319977.943, 64
Trd, 4319979.843, 140
Trd, 4319980.943, 140
Trd, 4319981.643, 140
Trd, 4319981.843, 140
Trd, 4319982.193, 140
Trd, 4319982.593, 139
Trd, 4319983.893, 140
Trd, 4319985.543, 140
Trd, 4319985.593, 140
Trd, 4319986.993, 140
Trd, 4319987.543, 140
Trd, 4319988.343, 140
Trd, 4319989.043, 137
Trd, 4319990.393, 140
Trd, 4319990.993, 140
Trd, 4319991.243, 140
Trd, 4319991.643, 139
Trd, 4319991.893, 140
Trd, 4319992.143, 131
Trd, 4319992.843, 138
Trd, 4319993.943, 139
Trd, 4319995.093, 140
Trd, 4319996.193, 137
Trd, 4319997.093, 140
Trd, 4319997.593, 128
Trd, 4319999.593, 140
