Trd, 4318149.943, 97
Trd, 4318151.643, 127
Trd, 4318151.693, 126
Trd, 4318151.943, 100
Trd, 4318151.993, 85
Trd, 4318152.793, 88
Trd, 4318153.243, 137
Trd, 4318153.593, 136
Trd, 4318154.493, 90
Trd, 4318154.893, 98
Trd, 4318155.643, 135
Trd, 4318156.443, 90
Trd, 4318157.343, 86
Trd, 4318157.393, 85
Trd, 4318157.543, 95
Trd, 4318160.193, 140
Trd, 4318160.643, 137
Trd, 4318160.893, 99
Trd, 4318161.043, 97
Trd, 4318161.493, 93
Trd, 4318162.093, 139
Trd, 4318163.143, 115
Trd, 4318163.993, 112
Trd, 4318164.043, 111
Trd, 4318164.543, 104
Trd, 4318165.243, 114
Trd, 4318167.243, 121
Trd, 4318168.193, 97
Trd, 4318168.793, 140
Trd, 4318169.193, 101
Trd, 4318169.693, 98
Trd, 4318170.093, 95
Trd, 4318170.693, 69
Trd, 4318172.143, 61
Trd, 4318173.193, 133
Trd, 4318174.193, 94
Trd, 4318174.293, 115
Trd, 4318174.893, 105
Trd, 4318174.943, 128
Trd, 4318175.743, 78
Trd, 4318175.993, 112
Trd, 4318176.343, 123
Trd, 4318177.743, 67
Trd, 4318179.043, 64
Trd, 4318179.693, 75
Trd, 4318179.893, 91
Trd, 4318181.593, 105
Trd, 4318181.743, 86
Trd, 4318181.943, 74
Trd, 4318182.193, 82
Trd, 4318183.493, 137
Trd, 4318183.843, 140
Trd, 4318183.893, 140
Trd, 4318184.993, 120
Trd, 4318185.093, 82
Trd, 4318186.943, 63
Trd, 4318187.443, 120
Trd, 4318188.143, 137
Trd, 4318188.243, 98
Trd, 4318188.843, 70
Trd, 4318189.343, 64
Trd, 4318189.543, 100
Trd, 4318190.443, 102
Trd, 4318190.643, 130
Trd, 4318191.393, 71
Trd, 4318191.643, 85
Trd, 4318192.843, 65
Trd, 4318194.743, 81
Trd, 4318196.093, 64
Trd, 4318196.443, 62
Trd, 4318196.643, 82
Trd, 4318197.043, 91
Trd, 4318197.293, 97
Trd, 4318198.343, 97
Trd, 4318198.493, 66
Trd, 4318199.293, 80
Trd, 4318200.143, 107
Trd, 4318200.793, 128
Trd, 4318203.293, 73
Trd, 4318203.893, 77
Trd, 4318204.893, 80
Trd, 4318205.543, 68
Trd, 4318205.643, 72
Trd, 4318207.243, 98
Trd, 4318207.743, 84
Trd, 4318209.043, 84
Trd, 4318209.843, 97
Trd, 4318210.093, 95
Trd, 4318210.543, 99
Trd, 4318210.743, 101
Trd, 4318213.493, 60
Trd, 4318213.993, 66
Trd, 4318214.693, 60
Trd, 4318215.343, 67
Trd, 4318215.693, 60
Trd, 4318216.243, 78
Trd, 4318216.943, 104
Trd, 4318217.043, 119
Trd, 4318217.243, 81
Trd, 4318217.893, 83
Trd, 4318218.143, 76
Trd, 4318218.943, 64
Trd, 4318219.693, 65
Trd, 4318220.993, 65
Trd, 4318221.243, 106
Trd, 4318221.493, 129
Trd, 4318221.943, 133
Trd, 4318223.193, 119
Trd, 4318224.343, 129
Trd, 4318224.743, 125
Trd, 4318225.043, 89
Trd, 4318226.543, 112
Trd, 4318227.393, 110
Trd, 4318227.643, 109
Trd, 4318228.293, 93
Trd, 4318228.843, 88
Trd, 4318229.043, 118
Trd, 4318230.243, 86
Trd, 4318231.093, 118
Trd, 4318231.793, 116
Trd, 4318233.243, 107
Trd, 4318234.493, 125
Trd, 4318234.543, 106
Trd, 4318235.793, 119
Trd, 4318236.193, 107
Trd, 4318236.493, 81
Trd, 4318236.843, 105
Trd, 4318238.193, 94
Trd, 4318240.093, 126
Trd, 4318240.443, 112
Trd, 4318240.593, 109
Trd, 4318240.943, 110
Trd, 4318241.393, 134
Trd, 4318242.893, 106
Trd, 4318243.043, 102
Trd, 4318243.393, 81
Trd, 4318243.893, 88
Trd, 4318245.143, 105
Trd, 4318245.343, 88
Trd, 4318245.793, 87
Trd, 4318246.093, 101
Trd, 4318246.643, 80
Trd, 4318247.243, 66
Trd, 4318249.293, 90
Trd, 4318250.093, 98
Trd, 4318250.843, 84
Trd, 4318250.993, 84
Trd, 4318252.593, 115
Trd, 4318252.693, 93
Trd, 4318254.093, 107
Trd, 4318255.243, 85
Trd, 4318255.643, 83
Trd, 4318255.693, 90
Trd, 4318255.943, 116
Trd, 4318256.893, 107
Trd, 4318257.293, 106
Trd, 4318257.893, 128
Trd, 4318258.393, 116
Trd, 4318258.993, 113
Trd, 4318259.093, 109
Trd, 4318259.893, 118
Trd, 4318259.943, 115
Trd, 4318260.293, 105
Trd, 4318261.693, 104
Trd, 4318262.743, 104
Trd, 4318263.793, 105
Trd, 4318263.943, 106
Trd, 4318264.793, 107
Trd, 4318265.093, 106
Trd, 4318265.743, 100
Trd, 4318266.193, 127
Trd, 4318267.893, 119
Trd, 4318268.843, 112
Trd, 4318269.343, 123
Trd, 4318269.643, 105
Trd, 4318270.343, 138
Trd, 4318270.843, 124
Trd, 4318270.943, 116
Trd, 4318271.693, 90
Trd, 4318271.793, 117
Trd, 4318273.993, 130
Trd, 4318274.593, 109
Trd, 4318275.143, 124
Trd, 4318275.593, 107
Trd, 4318276.443, 128
Trd, 4318276.493, 117
Trd, 4318276.743, 98
Trd, 4318277.643, 91
Trd, 4318278.293, 92
Trd, 4318278.993, 73
Trd, 4318279.443, 112
Trd, 4318279.993, 110
Trd, 4318280.393, 73
Trd, 4318281.143, 139
Trd, 4318281.593, 104
Trd, 4318281.893, 78
Trd, 4318282.243, 77
Trd, 4318283.293, 79
Trd, 4318283.443, 77
Trd, 4318284.643, 64
Trd, 4318285.493, 70
Trd, 4318285.893, 66
Trd, 4318286.743, 70
Trd, 4318288.193, 137
Trd, 4318288.693, 108
Trd, 4318289.793, 83
Trd, 4318289.843, 72
Trd, 4318291.143, 61
Trd, 4318291.243, 72
Trd, 4318292.493, 60
Trd, 4318292.643, 89
Trd, 4318293.643, 69
Trd, 4318294.493, 122
Trd, 4318295.043, 128
Trd, 4318295.893, 110
Trd, 4318296.443, 133
Trd, 4318297.893, 125
Trd, 4318298.493, 106
Trd, 4318298.843, 135
Trd, 4318299.193, 96
Trd, 4318299.793, 85
Trd, 4318301.243, 130
Trd, 4318301.593, 129
Trd, 4318301.793, 109
Trd, 4318302.493, 122
Trd, 4318303.043, 86
Trd, 4318303.643, 94
Trd, 4318304.043, 106
Trd, 4318304.743, 81
Trd, 4318305.143, 67
Trd, 4318307.543, 132
Trd, 4318307.893, 129
Trd, 4318308.293, 80
Trd, 4318308.343, 74
Trd, 4318308.993, 76
Trd, 4318309.443, 79
Trd, 4318309.993, 101
Trd, 4318310.493, 103
Trd, 4318310.593, 66
Trd, 4318311.593, 137
Trd, 4318311.943, 139
Trd, 4318312.943, 87
Trd, 4318313.143, 135
Trd, 4318313.443, 89
Trd, 4318316.793, 140
Trd, 4318316.993, 131
Trd, 4318317.493, 119
Trd, 4318318.293, 113
Trd, 4318319.243, 107
Trd, 4318319.443, 96
Trd, 4318319.693, 137
Trd, 4318319.893, 76
Trd, 4318321.943, 69
Trd, 4318322.243, 60
Trd, 4318322.493, 76
Trd, 4318322.643, 88
Trd, 4318324.243, 116
Trd, 4318325.093, 119
Trd, 4318325.193, 118
Trd, 4318325.793, 140
Trd, 4318326.943, 125
Trd, 4318327.093, 124
Trd, 4318328.643, 92
Trd, 4318328.793, 85
Trd, 4318330.843, 102
Trd, 4318331.143, 103
Trd, 4318331.543, 102
Trd, 4318331.843, 88
Trd, 4318332.843, 101
Trd, 4318332.943, 106
Trd, 4318334.893, 106
Trd, 4318335.593, 129
Trd, 4318335.693, 122
Trd, 4318336.143, 140
Trd, 4318336.693, 123
Trd, 4318336.843, 84
Trd, 4318337.143, 95
Trd, 4318339.343, 63
Trd, 4318340.793, 65
Trd, 4318341.143, 89
Trd, 4318341.993, 92
Trd, 4318342.043, 88
Trd, 4318342.393, 95
Trd, 4318342.543, 129
Trd, 4318343.693, 80
Trd, 4318343.743, 109
Trd, 4318343.893, 116
Trd, 4318346.793, 62
Trd, 4318346.993, 68
Trd, 4318347.193, 90
Trd, 4318347.393, 91
Trd, 4318347.543, 90
Trd, 4318348.243, 70
Trd, 4318348.743, 87
Trd, 4318349.293, 93
Trd, 4318350.543, 68
Trd, 4318351.143, 76
Trd, 4318352.593, 79
Trd, 4318352.793, 75
Trd, 4318353.993, 134
Trd, 4318354.143, 133
Trd, 4318354.893, 120
Trd, 4318355.343, 91
Trd, 4318356.593, 113
Trd, 4318356.643, 112
Trd, 4318358.643, 140
Trd, 4318358.743, 133
Trd, 4318358.843, 131
Trd, 4318359.543, 138
Trd, 4318359.643, 114
Trd, 4318360.143, 114
Trd, 4318360.343, 105
Trd, 4318361.893, 129
Trd, 4318362.743, 129
Trd, 4318363.643, 126
Trd, 4318363.943, 84
Trd, 4318364.893, 87
Trd, 4318364.993, 81
Trd, 4318365.293, 72
Trd, 4318365.743, 114
Trd, 4318366.093, 110
Trd, 4318367.143, 93
Trd, 4318368.193, 94
Trd, 4318369.193, 133
Trd, 4318369.243, 89
Trd, 4318369.943, 126
Trd, 4318370.743, 94
Trd, 4318371.693, 124
Trd, 4318372.593, 132
Trd, 4318373.143, 105
Trd, 4318373.743, 71
Trd, 4318374.343, 70
Trd, 4318374.493, 69
Trd, 4318374.693, 75
Trd, 4318375.693, 94
Trd, 4318377.443, 68
Trd, 4318377.643, 70
Trd, 4318377.793, 79
Trd, 4318378.993, 92
Trd, 4318379.293, 109
Trd, 4318379.793, 93
Trd, 4318380.143, 65
Trd, 4318380.643, 69
Trd, 4318382.343, 63
Trd, 4318382.393, 88
Trd, 4318382.943, 120
Trd, 4318383.543, 108
Trd, 4318383.943, 86
Trd, 4318383.993, 85
Trd, 4318384.593, 110
Trd, 4318384.893, 85
Trd, 4318384.993, 83
Trd, 4318385.543, 65
Trd, 4318387.443, 85
Trd, 4318388.593, 68
Trd, 4318388.843, 60
Trd, 4318389.843, 67
Trd, 4318390.693, 61
Trd, 4318390.743, 72
Trd, 4318390.993, 127
Trd, 4318391.193, 86
Trd, 4318392.093, 127
Trd, 4318393.243, 140
Trd, 4318393.893, 115
Trd, 4318393.943, 92
Trd, 4318394.843, 93
Trd, 4318396.143, 134
Trd, 4318396.443, 119
Trd, 4318396.693, 121
Trd, 4318397.143, 119
Trd, 4318397.193, 90
Trd, 4318398.093, 97
Trd, 4318398.393, 87
Trd, 4318399.843, 60
Trd, 4318400.193, 74
Trd, 4318402.043, 67
Trd, 4318403.143, 70
Trd, 4318404.193, 71
Trd, 4318404.993, 61
Trd, 4318405.493, 70
Trd, 4318406.043, 97
Trd, 4318408.593, 103
Trd, 4318408.643, 81
Trd, 4318408.693, 67
Trd, 4318408.793, 63
Trd, 4318410.293, 70
Trd, 4318410.393, 81
Trd, 4318411.593, 132
Trd, 4318411.693, 121
Trd, 4318411.893, 121
Trd, 4318413.143, 139
Trd, 4318413.843, 139
Trd, 4318414.243, 112
Trd, 4318415.043, 128
Trd, 4318415.843, 117
Trd, 4318416.593, 132
Trd, 4318416.643, 108
Trd, 4318416.893, 80
Trd, 4318417.443, 104
Trd, 4318419.193, 97
Trd, 4318419.643, 95
Trd, 4318419.993, 104
Trd, 4318422.043, 68
Trd, 4318422.393, 100
Trd, 4318422.693, 93
Trd, 4318423.243, 136
Trd, 4318423.443, 135
Trd, 4318424.493, 136
Trd, 4318424.893, 132
Trd, 4318425.743, 139
Trd, 4318426.393, 112
Trd, 4318426.643, 111
Trd, 4318427.093, 120
Trd, 4318427.593, 136
Trd, 4318428.893, 131
Trd, 4318429.093, 88
Trd, 4318429.643, 102
Trd, 4318431.393, 89
Trd, 4318432.093, 84
Trd, 4318433.343, 109
Trd, 4318433.743, 96
Trd, 4318434.293, 98
Trd, 4318434.643, 95
Trd, 4318434.943, 85
Trd, 4318435.243, 89
Trd, 4318435.543, 124
Trd, 4318435.793, 133
Trd, 4318437.143, 65
Trd, 4318437.343, 84
Trd, 4318437.493, 99
Trd, 4318438.593, 105
Trd, 4318439.843, 77
Trd, 4318439.993, 87
Trd, 4318440.943, 62
Trd, 4318441.693, 76
Trd, 4318443.593, 61
Trd, 4318443.893, 72
Trd, 4318444.093, 74
Trd, 4318444.593, 77
Trd, 4318445.293, 132
Trd, 4318445.793, 81
Trd, 4318447.193, 70
Trd, 4318447.293, 71
Trd, 4318447.493, 87
Trd, 4318447.793, 72
Trd, 4318448.293, 69
Trd, 4318449.243, 64
Trd, 4318451.593, 125
Trd, 4318451.893, 122
Trd, 4318452.643, 108
Trd, 4318452.943, 86
Trd, 4318453.343, 83
Trd, 4318453.843, 124
Trd, 4318453.993, 84
Trd, 4318454.993, 72
Trd, 4318455.043, 79
Trd, 4318456.743, 92
Trd, 4318457.793, 103
Trd, 4318458.143, 101
Trd, 4318458.443, 125
Trd, 4318459.043, 62
Trd, 4318460.693, 140
Trd, 4318460.893, 103
Trd, 4318461.693, 119
Trd, 4318462.743, 98
Trd, 4318463.743, 93
Trd, 4318464.543, 97
Trd, 4318464.643, 119
Trd, 4318464.693, 81
Trd, 4318465.343, 94
Trd, 4318465.443, 93
Trd, 4318467.093, 111
Trd, 4318467.443, 72
Trd, 4318468.343, 123
Trd, 4318469.143, 120
Trd, 4318469.493, 117
Trd, 4318470.043, 85
Trd, 4318470.543, 89
Trd, 4318470.843, 116
Trd, 4318471.293, 137
Trd, 4318471.393, 70
Trd, 4318472.643, 85
Trd, 4318474.093, 80
Trd, 4318474.443, 84
Trd, 4318475.243, 61
Trd, 4318475.443, 93
Trd, 4318476.893, 64
Trd, 4318477.043, 68
Trd, 4318477.343, 82
Trd, 4318478.243, 140
Trd, 4318479.343, 132
Trd, 4318479.993, 135
Trd, 4318480.043, 134
Trd, 4318480.193, 103
Trd, 4318481.493, 102
Trd, 4318481.743, 103
Trd, 4318482.543, 111
Trd, 4318483.143, 62
Trd, 4318483.343, 79
Trd, 4318483.743, 86
Trd, 4318485.543, 133
Trd, 4318486.643, 134
Trd, 4318486.993, 133
Trd, 4318488.493, 109
Trd, 4318488.643, 94
Trd, 4318490.393, 140
Trd, 4318490.443, 140
Trd, 4318490.893, 140
Trd, 4318491.293, 114
Trd, 4318491.693, 100
Trd, 4318492.093, 91
Trd, 4318493.043, 137
Trd, 4318494.043, 130
Trd, 4318494.193, 125
Trd, 4318494.543, 119
Trd, 4318495.143, 101
Trd, 4318495.643, 92
Trd, 4318495.793, 90
Trd, 4318495.993, 133
Trd, 4318496.793, 140
Trd, 4318497.143, 139
Trd, 4318498.243, 67
Trd, 4318499.193, 71
Trd, 4318499.843, 73
Trd, 4318500.093, 64
Trd, 4318500.943, 68
Trd, 4318501.843, 67
Trd, 4318502.743, 62
Trd, 4318504.943, 70
Trd, 4318505.093, 90
Trd, 4318505.443, 94
Trd, 4318506.243, 109
Trd, 4318506.393, 89
Trd, 4318506.443, 124
Trd, 4318506.843, 97
Trd, 4318507.193, 93
Trd, 4318507.593, 133
Trd, 4318508.493, 107
Trd, 4318510.643, 63
Trd, 4318511.543, 99
Trd, 4318511.593, 111
Trd, 4318511.793, 63
Trd, 4318512.993, 62
Trd, 4318513.043, 107
Trd, 4318514.293, 80
Trd, 4318515.143, 94
Trd, 4318515.193, 63
Trd, 4318515.843, 80
Trd, 4318516.643, 89
Trd, 4318517.993, 85
Trd, 4318518.593, 75
Trd, 4318518.943, 100
Trd, 4318521.193, 116
Trd, 4318521.393, 136
Trd, 4318521.443, 102
Trd, 4318522.393, 134
Trd, 4318522.793, 137
Trd, 4318523.343, 94
Trd, 4318524.143, 72
Trd, 4318524.593, 134
Trd, 4318525.593, 66
Trd, 4318526.393, 69
Trd, 4318526.443, 122
Trd, 4318526.843, 87
Trd, 4318528.243, 73
Trd, 4318528.493, 72
Trd, 4318529.343, 65
Trd, 4318529.693, 61
Trd, 4318530.093, 75
Trd, 4318530.393, 95
Trd, 4318531.443, 63
Trd, 4318531.643, 117
Trd, 4318532.793, 132
Trd, 4318534.243, 87
Trd, 4318534.693, 71
Trd, 4318535.543, 66
Trd, 4318535.893, 71
Trd, 4318537.093, 67
Trd, 4318537.443, 80
Trd, 4318537.893, 66
Trd, 4318538.293, 112
Trd, 4318539.143, 106
Trd, 4318539.343, 70
Trd, 4318540.143, 123
Trd, 4318542.293, 76
Trd, 4318542.893, 78
Trd, 4318544.343, 77
Trd, 4318544.693, 86
Trd, 4318544.743, 85
Trd, 4318545.493, 78
Trd, 4318545.993, 63
Trd, 4318547.393, 86
Trd, 4318547.993, 96
Trd, 4318548.443, 62
Trd, 4318548.643, 83
Trd, 4318549.593, 62
Trd, 4318549.743, 63
Trd, 4318550.093, 82
Trd, 4318550.443, 111
Trd, 4318550.543, 75
Trd, 4318552.593, 89
Trd, 4318552.943, 88
Trd, 4318553.943, 60
Trd, 4318555.093, 111
Trd, 4318555.643, 78
Trd, 4318556.393, 137
Trd, 4318556.693, 137
Trd, 4318558.043, 138
Trd, 4318558.393, 95
Trd, 4318559.743, 133
Trd, 4318559.943, 118
Trd, 4318560.043, 134
Trd, 4318560.143, 97
Trd, 4318560.643, 84
Trd, 4318562.743, 82
Trd, 4318563.343, 61
Trd, 4318563.743, 77
Trd, 4318564.843, 68
Trd, 4318565.093, 73
Trd, 4318565.943, 66
Trd, 4318566.793, 94
Trd, 4318567.193, 129
Trd, 4318567.793, 93
Trd, 4318568.293, 67
Trd, 4318569.143, 83
Trd, 4318570.493, 63
Trd, 4318571.343, 86
Trd, 4318572.443, 107
Trd, 4318573.593, 110
Trd, 4318573.743, 99
Trd, 4318575.043, 137
Trd, 4318575.143, 124
Trd, 4318575.643, 120
Trd, 4318575.693, 119
Trd, 4318576.443, 68
Trd, 4318577.993, 64
Trd, 4318578.443, 62
Trd, 4318578.643, 77
Trd, 4318579.343, 101
Trd, 4318579.693, 63
Trd, 4318580.743, 66
Trd, 4318581.443, 79
Trd, 4318582.993, 84
Trd, 4318583.093, 62
Trd, 4318583.543, 73
Trd, 4318584.293, 92
Trd, 4318584.793, 88
Trd, 4318587.193, 66
Trd, 4318587.843, 62
Trd, 4318588.293, 72
Trd, 4318588.543, 63
Trd, 4318588.693, 97
Trd, 4318589.293, 63
Trd, 4318590.943, 114
Trd, 4318590.993, 72
Trd, 4318592.193, 90
Trd, 4318592.493, 105
Trd, 4318592.593, 139
Trd, 4318592.843, 114
Trd, 4318592.893, 75
Trd, 4318594.143, 100
Trd, 4318594.243, 87
Trd, 4318595.693, 114
Trd, 4318596.143, 130
Trd, 4318596.643, 131
Trd, 4318596.693, 128
Trd, 4318596.993, 110
Trd, 4318597.793, 129
Trd, 4318598.193, 98
Trd, 4318598.743, 110
Trd, 4318599.093, 75
Trd, 4318600.343, 64
Trd, 4318600.593, 65
Trd, 4318601.093, 121
Trd, 4318602.493, 127
Trd, 4318603.493, 114
Trd, 4318604.093, 96
Trd, 4318604.693, 91
Trd, 4318606.143, 67
Trd, 4318606.443, 94
Trd, 4318606.593, 65
Trd, 4318606.943, 66
Trd, 4318608.393, 133
Trd, 4318609.193, 133
Trd, 4318609.843, 129
Trd, 4318609.943, 128
Trd, 4318611.093, 95
Trd, 4318611.343, 92
Trd, 4318613.093, 130
Trd, 4318613.593, 108
Trd, 4318613.843, 102
Trd, 4318615.193, 103
Trd, 4318616.493, 116
Trd, 4318616.593, 88
Trd, 4318616.693, 76
Trd, 4318617.593, 115
Trd, 4318617.793, 113
Trd, 4318618.193, 78
Trd, 4318618.943, 79
Trd, 4318619.993, 72
Trd, 4318620.693, 106
Trd, 4318622.243, 98
Trd, 4318622.793, 127
Trd, 4318623.043, 98
Trd, 4318623.343, 99
Trd, 4318624.143, 131
Trd, 4318625.343, 119
Trd, 4318625.493, 100
Trd, 4318625.743, 96
Trd, 4318626.393, 81
Trd, 4318626.943, 66
Trd, 4318628.893, 95
Trd, 4318629.143, 103
Trd, 4318630.093, 122
Trd, 4318631.043, 126
Trd, 4318631.693, 127
Trd, 4318631.793, 112
Trd, 4318631.993, 111
Trd, 4318632.093, 84
Trd, 4318633.243, 105
Trd, 4318633.843, 109
Trd, 4318634.393, 89
Trd, 4318634.743, 91
Trd, 4318635.443, 136
Trd, 4318635.493, 133
Trd, 4318636.193, 95
Trd, 4318638.093, 61
Trd, 4318638.243, 62
Trd, 4318640.143, 88
Trd, 4318640.943, 108
Trd, 4318642.293, 109
Trd, 4318643.643, 135
Trd, 4318643.793, 134
Trd, 4318644.143, 109
Trd, 4318644.243, 88
Trd, 4318644.843, 100
Trd, 4318644.943, 90
Trd, 4318645.443, 73
Trd, 4318645.943, 72
Trd, 4318646.643, 135
Trd, 4318646.693, 132
Trd, 4318646.993, 117
Trd, 4318648.193, 87
Trd, 4318649.193, 87
Trd, 4318649.443, 119
Trd, 4318650.393, 120
Trd, 4318652.843, 115
Trd, 4318653.043, 81
Trd, 4318653.143, 82
Trd, 4318653.643, 80
Trd, 4318653.993, 79
Trd, 4318654.693, 100
Trd, 4318655.693, 116
Trd, 4318656.793, 114
Trd, 4318657.243, 82
Trd, 4318657.693, 91
Trd, 4318658.943, 79
Trd, 4318659.993, 85
Trd, 4318660.193, 116
Trd, 4318661.193, 105
Trd, 4318661.593, 134
Trd, 4318662.893, 83
Trd, 4318663.393, 79
Trd, 4318664.393, 78
Trd, 4318664.543, 95
Trd, 4318665.493, 71
Trd, 4318666.843, 86
Trd, 4318666.993, 97
Trd, 4318667.743, 63
Trd, 4318669.543, 113
Trd, 4318669.643, 95
Trd, 4318671.543, 137
Trd, 4318671.793, 136
Trd, 4318671.893, 121
Trd, 4318672.043, 105
Trd, 4318673.043, 131
Trd, 4318673.243, 103
Trd, 4318673.343, 121
Trd, 4318673.443, 103
Trd, 4318674.243, 132
Trd, 4318675.093, 81
Trd, 4318675.943, 118
Trd, 4318676.693, 66
Trd, 4318678.043, 102
Trd, 4318678.493, 95
Trd, 4318678.593, 128
Trd, 4318679.043, 85
Trd, 4318680.043, 84
Trd, 4318680.143, 63
Trd, 4318680.993, 89
Trd, 4318681.293, 98
Trd, 4318682.493, 112
Trd, 4318682.893, 127
Trd, 4318683.243, 91
Trd, 4318684.443, 131
Trd, 4318684.743, 89
Trd, 4318685.243, 116
Trd, 4318686.593, 139
Trd, 4318686.893, 138
Trd, 4318686.943, 125
Trd, 4318686.993, 113
Trd, 4318687.993, 138
Trd, 4318689.293, 116
Trd, 4318689.743, 113
Trd, 4318689.793, 104
Trd, 4318692.543, 109
Trd, 4318692.993, 116
Trd, 4318693.193, 87
Trd, 4318694.343, 85
Trd, 4318694.643, 92
Trd, 4318695.443, 85
Trd, 4318695.693, 85
Trd, 4318696.843, 135
Trd, 4318698.593, 134
Trd, 4318698.743, 133
Trd, 4318698.893, 137
Trd, 4318699.093, 132
Trd, 4318700.043, 103
Trd, 4318702.043, 99
Trd, 4318702.243, 83
Trd, 4318702.643, 98
Trd, 4318703.143, 98
Trd, 4318703.693, 63
Trd, 4318704.193, 73
Trd, 4318706.643, 76
Trd, 4318706.993, 76
Trd, 4318708.593, 62
Trd, 4318708.893, 88
Trd, 4318710.593, 84
Trd, 4318710.943, 83
Trd, 4318711.293, 80
Trd, 4318711.593, 100
Trd, 4318711.843, 104
Trd, 4318712.793, 96
Trd, 4318713.293, 93
Trd, 4318715.293, 95
Trd, 4318716.393, 77
Trd, 4318716.443, 108
Trd, 4318717.843, 75
Trd, 4318718.243, 82
Trd, 4318719.693, 73
Trd, 4318719.793, 72
Trd, 4318720.143, 102
Trd, 4318720.493, 70
Trd, 4318720.593, 116
Trd, 4318721.893, 61
Trd, 4318722.743, 94
Trd, 4318723.043, 90
Trd, 4318723.243, 86
Trd, 4318723.593, 106
Trd, 4318723.893, 97
Trd, 4318725.993, 126
Trd, 4318726.243, 120
Trd, 4318726.393, 119
Trd, 4318728.843, 119
Trd, 4318729.043, 108
Trd, 4318729.643, 95
Trd, 4318730.043, 111
Trd, 4318730.343, 95
Trd, 4318731.043, 94
Trd, 4318731.243, 94
Trd, 4318731.443, 89
Trd, 4318731.543, 66
Trd, 4318732.193, 92
Trd, 4318732.993, 77
Trd, 4318734.493, 63
Trd, 4318734.693, 70
Trd, 4318735.443, 63
Trd, 4318736.343, 122
Trd, 4318736.443, 121
Trd, 4318736.843, 120
Trd, 4318736.943, 128
Trd, 4318737.243, 80
Trd, 4318737.943, 126
Trd, 4318738.143, 126
Trd, 4318739.893, 67
Trd, 4318740.043, 92
Trd, 4318740.243, 106
Trd, 4318740.843, 115
Trd, 4318742.293, 95
Trd, 4318743.443, 73
Trd, 4318743.843, 113
Trd, 4318744.493, 95
Trd, 4318744.793, 119
Trd, 4318745.943, 61
Trd, 4318746.943, 118
Trd, 4318747.243, 117
Trd, 4318748.193, 136
Trd, 4318748.343, 110
Trd, 4318749.293, 108
Trd, 4318749.793, 94
Trd, 4318750.193, 124
Trd, 4318751.143, 107
Trd, 4318751.743, 120
Trd, 4318753.343, 104
Trd, 4318753.793, 114
Trd, 4318754.193, 113
Trd, 4318754.293, 103
Trd, 4318755.743, 111
Trd, 4318756.343, 118
Trd, 4318756.743, 70
Trd, 4318757.243, 93
Trd, 4318757.343, 84
Trd, 4318759.243, 115
Trd, 4318759.593, 126
Trd, 4318760.793, 116
Trd, 4318761.143, 105
Trd, 4318761.693, 97
Trd, 4318761.993, 108
Trd, 4318762.893, 120
Trd, 4318763.193, 109
Trd, 4318764.843, 101
Trd, 4318764.943, 122
Trd, 4318764.993, 100
Trd, 4318766.743, 136
Trd, 4318766.793, 129
Trd, 4318767.243, 136
Trd, 4318767.293, 121
Trd, 4318767.343, 101
Trd, 4318768.343, 116
Trd, 4318770.043, 99
Trd, 4318771.543, 64
Trd, 4318771.793, 133
Trd, 4318772.993, 108
Trd, 4318773.493, 120
Trd, 4318773.543, 111
Trd, 4318774.943, 137
Trd, 4318775.393, 116
Trd, 4318775.543, 115
Trd, 4318776.043, 140
Trd, 4318776.543, 140
Trd, 4318776.693, 101
Trd, 4318778.243, 127
Trd, 4318778.343, 105
Trd, 4318779.143, 98
Trd, 4318779.693, 78
Trd, 4318780.293, 114
Trd, 4318782.343, 137
Trd, 4318782.993, 109
Trd, 4318783.143, 122
Trd, 4318783.593, 62
Trd, 4318784.143, 66
Trd, 4318784.593, 61
Trd, 4318785.493, 136
Trd, 4318785.693, 94
Trd, 4318785.793, 92
Trd, 4318786.843, 70
Trd, 4318787.193, 63
Trd, 4318787.893, 129
Trd, 4318787.943, 117
Trd, 4318789.243, 85
Trd, 4318790.543, 117
Trd, 4318791.743, 100
Trd, 4318792.493, 104
Trd, 4318792.543, 100
Trd, 4318793.843, 109
Trd, 4318794.043, 94
Trd, 4318795.093, 104
Trd, 4318795.793, 68
Trd, 4318796.643, 63
Trd, 4318797.243, 72
Trd, 4318798.793, 75
Trd, 4318800.443, 77
Trd, 4318800.743, 76
Trd, 4318800.843, 64
Trd, 4318801.193, 94
Trd, 4318801.743, 76
Trd, 4318801.943, 86
Trd, 4318803.143, 103
Trd, 4318803.993, 79
Trd, 4318804.343, 85
Trd, 4318804.993, 130
Trd, 4318805.293, 97
Trd, 4318805.793, 71
Trd, 4318806.393, 96
Trd, 4318806.543, 70
Trd, 4318807.193, 102
Trd, 4318807.893, 66
Trd, 4318809.393, 123
Trd, 4318810.143, 118
Trd, 4318810.393, 80
Trd, 4318810.843, 78
Trd, 4318810.993, 77
Trd, 4318811.393, 114
Trd, 4318811.693, 107
Trd, 4318812.693, 119
Trd, 4318812.893, 102
Trd, 4318815.443, 121
Trd, 4318815.493, 102
Trd, 4318815.643, 101
Trd, 4318816.343, 61
Trd, 4318816.593, 102
Trd, 4318817.493, 105
Trd, 4318818.793, 114
Trd, 4318818.993, 95
Trd, 4318819.243, 87
Trd, 4318819.643, 66
Trd, 4318820.393, 88
Trd, 4318820.793, 116
Trd, 4318821.243, 70
Trd, 4318822.243, 66
Trd, 4318823.393, 132
Trd, 4318823.693, 90
Trd, 4318823.793, 89
Trd, 4318826.093, 67
Trd, 4318827.043, 60
Trd, 4318828.593, 63
Trd, 4318828.743, 82
Trd, 4318829.793, 78
Trd, 4318831.393, 87
Trd, 4318831.593, 85
Trd, 4318831.893, 90
Trd, 4318832.593, 95
Trd, 4318834.143, 140
Trd, 4318835.043, 129
Trd, 4318835.543, 130
Trd, 4318836.093, 128
Trd, 4318836.143, 116
Trd, 4318836.293, 99
Trd, 4318837.243, 112
Trd, 4318837.293, 108
Trd, 4318837.443, 73
Trd, 4318839.743, 109
Trd, 4318839.943, 130
Trd, 4318840.393, 62
Trd, 4318841.043, 64
Trd, 4318841.293, 117
Trd, 4318841.643, 116
Trd, 4318842.443, 100
Trd, 4318843.493, 105
Trd, 4318843.643, 82
Trd, 4318846.393, 116
Trd, 4318846.643, 83
Trd, 4318846.893, 90
Trd, 4318847.043, 124
Trd, 4318849.543, 66
Trd, 4318849.943, 93
Trd, 4318850.493, 65
Trd, 4318851.743, 103
Trd, 4318853.043, 139
Trd, 4318853.593, 119
Trd, 4318854.293, 120
Trd, 4318854.643, 108
Trd, 4318855.543, 101
Trd, 4318855.743, 94
Trd, 4318857.393, 117
Trd, 4318857.493, 116
Trd, 4318857.843, 89
Trd, 4318857.993, 95
Trd, 4318858.693, 111
Trd, 4318860.043, 88
Trd, 4318861.643, 60
Trd, 4318861.693, 63
Trd, 4318862.143, 69
Trd, 4318862.543, 61
Trd, 4318863.243, 77
Trd, 4318864.793, 75
Trd, 4318865.293, 97
Trd, 4318865.343, 71
Trd, 4318865.393, 69
Trd, 4318866.343, 101
Trd, 4318866.393, 135
Trd, 4318866.643, 104
Trd, 4318867.043, 121
Trd, 4318868.543, 89
Trd, 4318869.843, 140
Trd, 4318870.093, 136
Trd, 4318870.693, 106
Trd, 4318872.243, 99
Trd, 4318872.693, 98
Trd, 4318872.743, 124
Trd, 4318873.393, 130
Trd, 4318874.243, 77
Trd, 4318874.693, 118
Trd, 4318875.943, 111
Trd, 4318876.243, 113
Trd, 4318876.393, 131
Trd, 4318876.593, 87
Trd, 4318878.043, 72
Trd, 4318878.743, 97
Trd, 4318878.793, 85
Trd, 4318880.093, 113
Trd, 4318880.143, 112
Trd, 4318880.243, 111
Trd, 4318880.743, 99
Trd, 4318882.743, 121
Trd, 4318883.193, 82
Trd, 4318883.293, 77
Trd, 4318883.393, 78
Trd, 4318883.993, 96
Trd, 4318884.043, 89
Trd, 4318884.943, 65
Trd, 4318885.393, 86
Trd, 4318886.193, 104
Trd, 4318886.443, 68
Trd, 4318887.193, 112
Trd, 4318888.143, 73
Trd, 4318889.093, 95
Trd, 4318889.143, 97
Trd, 4318890.743, 108
Trd, 4318891.143, 95
Trd, 4318891.893, 70
Trd, 4318892.843, 132
Trd, 4318892.993, 119
Trd, 4318893.043, 103
Trd, 4318893.693, 67
Trd, 4318894.393, 65
Trd, 4318895.193, 114
Trd, 4318896.043, 85
Trd, 4318897.293, 116
Trd, 4318897.743, 110
Trd, 4318897.893, 81
Trd, 4318898.493, 66
Trd, 4318899.393, 124
Trd, 4318899.843, 84
Trd, 4318900.693, 82
Trd, 4318901.993, 66
Trd, 4318902.593, 61
Trd, 4318902.643, 84
Trd, 4318902.993, 82
Trd, 4318903.943, 61
Trd, 4318904.193, 72
Trd, 4318908.243, 77
Trd, 4318908.843, 80
Trd, 4318909.243, 88
Trd, 4318910.143, 140
Trd, 4318910.343, 120
Trd, 4318910.693, 95
Trd, 4318910.893, 117
Trd, 4318912.093, 85
Trd, 4318912.793, 98
Trd, 4318913.493, 113
Trd, 4318914.093, 109
Trd, 4318914.743, 89
Trd, 4318915.243, 136
Trd, 4318915.593, 135
Trd, 4318916.843, 135
Trd, 4318917.393, 122
Trd, 4318917.793, 132
Trd, 4318918.793, 115
Trd, 4318919.543, 101
Trd, 4318919.943, 93
Trd, 4318920.243, 134
Trd, 4318920.993, 115
Trd, 4318921.343, 91
Trd, 4318922.143, 60
Trd, 4318922.893, 79
Trd, 4318924.293, 64
Trd, 4318924.593, 63
Trd, 4318924.793, 110
Trd, 4318925.243, 72
Trd, 4318926.543, 82
Trd, 4318927.193, 68
Trd, 4318927.493, 65
Trd, 4318928.343, 61
Trd, 4318929.043, 83
Trd, 4318929.293, 90
Trd, 4318930.443, 94
Trd, 4318931.193, 80
Trd, 4318932.693, 131
Trd, 4318933.293, 126
Trd, 4318933.443, 112
Trd, 4318934.393, 106
Trd, 4318934.843, 66
Trd, 4318934.943, 76
Trd, 4318935.043, 129
Trd, 4318935.343, 80
Trd, 4318935.743, 63
Trd, 4318936.743, 96
Trd, 4318937.943, 98
Trd, 4318939.143, 94
Trd, 4318939.343, 79
Trd, 4318939.543, 79
Trd, 4318940.493, 89
Trd, 4318941.343, 103
Trd, 4318942.443, 63
Trd, 4318943.793, 94
Trd, 4318944.793, 139
Trd, 4318944.893, 110
Trd, 4318945.943, 73
Trd, 4318946.893, 78
Trd, 4318947.443, 114
Trd, 4318947.693, 74
Trd, 4318949.343, 108
Trd, 4318949.543, 74
Trd, 4318949.843, 107
Trd, 4318950.343, 81
Trd, 4318951.543, 61
Trd, 4318952.493, 67
Trd, 4318952.693, 68
Trd, 4318953.343, 74
Trd, 4318953.493, 60
Trd, 4318954.493, 79
Trd, 4318954.943, 71
Trd, 4318956.643, 120
Trd, 4318957.743, 134
Trd, 4318958.093, 133
Trd, 4318958.493, 135
Trd, 4318959.043, 116
Trd, 4318959.293, 110
Trd, 4318959.793, 136
Trd, 4318960.043, 87
Trd, 4318960.893, 77
Trd, 4318962.693, 111
Trd, 4318963.143, 127
Trd, 4318963.343, 126
Trd, 4318963.743, 125
Trd, 4318965.043, 132
Trd, 4318965.093, 118
Trd, 4318965.243, 106
Trd, 4318965.543, 99
Trd, 4318965.793, 139
Trd, 4318966.193, 80
Trd, 4318967.243, 106
Trd, 4318967.693, 97
Trd, 4318968.743, 100
Trd, 4318970.143, 102
Trd, 4318970.943, 127
Trd, 4318971.193, 136
Trd, 4318972.143, 101
Trd, 4318972.793, 121
Trd, 4318973.693, 131
Trd, 4318975.543, 136
Trd, 4318975.643, 113
Trd, 4318976.193, 103
Trd, 4318976.543, 102
Trd, 4318977.893, 85
Trd, 4318978.143, 104
Trd, 4318979.843, 99
Trd, 4318980.293, 111
Trd, 4318980.993, 96
Trd, 4318981.193, 97
Trd, 4318981.343, 63
Trd, 4318981.993, 86
Trd, 4318982.243, 111
Trd, 4318982.943, 69
Trd, 4318983.893, 73
Trd, 4318985.093, 65
Trd, 4318985.543, 96
Trd, 4318985.693, 100
Trd, 4318986.193, 64
Trd, 4318987.793, 74
Trd, 4318989.493, 94
Trd, 4318989.793, 77
Trd, 4318989.843, 98
Trd, 4318989.893, 113
Trd, 4318991.143, 78
Trd, 4318991.343, 113
Trd, 4318991.393, 105
Trd, 4318992.593, 113
Trd, 4318993.943, 130
Trd, 4318994.193, 129
Trd, 4318994.393, 86
Trd, 4318995.843, 116
Trd, 4318995.893, 126
Trd, 4318995.943, 86
Trd, 4318996.293, 65
Trd, 4318996.943, 66
Trd, 4318999.093, 62
Trd, 4319000.093, 61
Trd, 4319000.193, 75
Trd, 4319001.493, 91
Trd, 4319002.143, 83
Trd, 4319002.393, 111
Trd, 4319003.093, 60
Trd, 4319004.243, 63
Trd, 4319004.743, 62
Trd, 4319005.293, 62
Trd, 4319005.443, 63
Trd, 4319006.843, 81
Trd, 4319007.293, 128
Trd, 4319009.043, 132
Trd, 4319009.293, 95
Trd, 4319010.393, 94
Trd, 4319011.243, 134
Trd, 4319011.293, 109
Trd, 4319011.543, 103
Trd, 4319011.793, 69
Trd, 4319013.543, 131
Trd, 4319014.193, 91
Trd, 4319015.093, 114
Trd, 4319015.393, 140
Trd, 4319016.543, 108
Trd, 4319016.743, 107
Trd, 4319017.193, 122
Trd, 4319018.743, 105
Trd, 4319019.243, 118
Trd, 4319019.893, 130
Trd, 4319020.043, 128
Trd, 4319020.343, 101
Trd, 4319020.743, 79
Trd, 4319021.993, 106
Trd, 4319023.093, 93
Trd, 4319023.793, 122
Trd, 4319024.593, 68
Trd, 4319024.993, 107
Trd, 4319025.343, 87
Trd, 4319026.693, 137
Trd, 4319027.693, 97
Trd, 4319028.793, 124
Trd, 4319029.343, 133
Trd, 4319029.493, 116
Trd, 4319029.643, 115
Trd, 4319030.893, 70
Trd, 4319031.293, 64
Trd, 4319031.743, 65
Trd, 4319032.693, 72
Trd, 4319033.193, 76
Trd, 4319033.593, 80
Trd, 4319034.543, 101
Trd, 4319035.793, 61
Trd, 4319035.993, 64
Trd, 4319036.243, 67
Trd, 4319036.593, 134
Trd, 4319037.543, 129
Trd, 4319037.693, 128
Trd, 4319037.993, 108
Trd, 4319039.643, 76
Trd, 4319039.693, 75
Trd, 4319039.843, 77
Trd, 4319039.943, 75
Trd, 4319040.493, 67
Trd, 4319040.543, 87
Trd, 4319041.993, 63
Trd, 4319043.343, 114
Trd, 4319044.293, 123
Trd, 4319044.893, 99
Trd, 4319045.943, 140
Trd, 4319046.343, 140
Trd, 4319046.443, 136
Trd, 4319046.643, 61
Trd, 4319046.843, 80
Trd, 4319047.943, 126
Trd, 4319048.793, 125
Trd, 4319048.943, 114
Trd, 4319049.093, 133
Trd, 4319050.343, 128
Trd, 4319050.893, 106
Trd, 4319051.543, 114
Trd, 4319051.943, 65
Trd, 4319052.443, 134
Trd, 4319052.593, 122
Trd, 4319053.943, 138
Trd, 4319055.593, 138
Trd, 4319055.843, 140
Trd, 4319056.143, 117
Trd, 4319056.593, 126
Trd, 4319056.943, 113
Trd, 4319057.043, 112
Trd, 4319057.893, 112
Trd, 4319058.143, 139
Trd, 4319059.893, 69
Trd, 4319059.993, 70
Trd, 4319060.393, 64
Trd, 4319061.943, 93
Trd, 4319062.393, 79
Trd, 4319062.943, 78
Trd, 4319063.443, 87
Trd, 4319063.993, 108
Trd, 4319065.093, 135
Trd, 4319065.143, 100
Trd, 4319065.343, 81
Trd, 4319065.443, 95
Trd, 4319066.193, 102
Trd, 4319067.893, 103
Trd, 4319068.593, 96
Trd, 4319068.743, 95
Trd, 4319069.493, 72
Trd, 4319071.193, 64
Trd, 4319071.293, 66
Trd, 4319071.843, 83
Trd, 4319072.543, 78
Trd, 4319072.843, 98
Trd, 4319073.343, 81
Trd, 4319074.043, 93
Trd, 4319074.443, 86
Trd, 4319074.543, 80
Trd, 4319074.743, 86
Trd, 4319076.343, 81
Trd, 4319076.493, 79
Trd, 4319076.543, 92
Trd, 4319077.143, 63
Trd, 4319077.893, 64
Trd, 4319078.043, 87
Trd, 4319079.893, 79
Trd, 4319080.593, 106
Trd, 4319080.793, 73
Trd, 4319081.943, 125
Trd, 4319082.643, 140
Trd, 4319082.693, 140
Trd, 4319082.893, 116
Trd, 4319083.693, 80
Trd, 4319083.943, 77
Trd, 4319084.643, 108
Trd, 4319084.743, 66
Trd, 4319085.693, 113
Trd, 4319085.843, 121
Trd, 4319086.493, 104
Trd, 4319086.693, 103
Trd, 4319087.193, 95
Trd, 4319087.993, 127
Trd, 4319089.693, 128
Trd, 4319090.043, 78
Trd, 4319090.443, 75
Trd, 4319090.543, 82
Trd, 4319091.243, 94
Trd, 4319091.543, 60
Trd, 4319093.293, 91
Trd, 4319094.143, 93
Trd, 4319094.193, 92
Trd, 4319095.993, 122
Trd, 4319096.493, 139
Trd, 4319096.943, 108
Trd, 4319097.343, 89
Trd, 4319097.493, 91
Trd, 4319098.093, 99
Trd, 4319099.393, 138
Trd, 4319099.543, 118
Trd, 4319100.043, 113
Trd, 4319101.043, 111
Trd, 4319102.043, 140
Trd, 4319102.743, 140
Trd, 4319102.943, 140
Trd, 4319103.443, 120
Trd, 4319104.993, 126
Trd, 4319105.443, 122
Trd, 4319105.693, 92
Trd, 4319106.343, 130
Trd, 4319106.993, 85
Trd, 4319107.443, 117
Trd, 4319108.693, 85
Trd, 4319109.093, 100
Trd, 4319109.393, 93
Trd, 4319110.143, 114
Trd, 4319110.543, 81
Trd, 4319111.043, 95
Trd, 4319111.643, 110
Trd, 4319112.593, 109
Trd, 4319113.943, 137
Trd, 4319115.293, 96
Trd, 4319116.193, 96
Trd, 4319116.893, 85
Trd, 4319117.293, 78
Trd, 4319118.643, 134
Trd, 4319118.793, 127
Trd, 4319118.943, 120
Trd, 4319119.143, 131
Trd, 4319120.443, 109
Trd, 4319120.893, 101
Trd, 4319121.193, 103
Trd, 4319121.493, 102
Trd, 4319121.743, 100
Trd, 4319121.943, 119
Trd, 4319123.843, 74
Trd, 4319124.343, 95
Trd, 4319124.893, 100
Trd, 4319125.393, 98
Trd, 4319125.543, 84
Trd, 4319126.493, 109
Trd, 4319127.393, 82
Trd, 4319127.643, 82
Trd, 4319128.993, 87
Trd, 4319129.393, 80
Trd, 4319129.443, 108
Trd, 4319130.193, 122
Trd, 4319130.793, 94
Trd, 4319131.393, 108
Trd, 4319132.893, 133
Trd, 4319133.093, 117
Trd, 4319133.293, 102
Trd, 4319133.443, 94
Trd, 4319135.543, 114
Trd, 4319135.843, 130
Trd, 4319136.243, 128
Trd, 4319136.643, 100
Trd, 4319138.343, 131
Trd, 4319138.793, 84
Trd, 4319138.893, 65
Trd, 4319140.093, 110
Trd, 4319140.743, 77
Trd, 4319141.143, 86
Trd, 4319142.893, 128
Trd, 4319143.043, 124
Trd, 4319143.143, 123
Trd, 4319143.793, 101
Trd, 4319144.193, 63
Trd, 4319144.543, 77
Trd, 4319145.143, 60
Trd, 4319145.893, 68
Trd, 4319146.543, 95
Trd, 4319146.793, 112
Trd, 4319147.943, 101
Trd, 4319148.043, 116
Trd, 4319148.293, 100
Trd, 4319149.193, 100
Trd, 4319149.993, 113
Trd, 4319150.943, 113
Trd, 4319151.893, 101
Trd, 4319152.293, 131
Trd, 4319152.443, 76
Trd, 4319154.393, 95
Trd, 4319154.593, 94
Trd, 4319155.843, 112
Trd, 4319155.893, 109
Trd, 4319156.693, 139
Trd, 4319157.193, 134
Trd, 4319159.093, 136
Trd, 4319159.343, 103
Trd, 4319160.093, 100
Trd, 4319160.693, 136
Trd, 4319161.943, 137
Trd, 4319162.643, 135
Trd, 4319162.843, 121
Trd, 4319164.043, 112
Trd, 4319164.143, 122
Trd, 4319164.393, 88
Trd, 4319165.243, 84
Trd, 4319165.693, 127
Trd, 4319166.293, 119
Trd, 4319166.893, 140
Trd, 4319167.693, 100
Trd, 4319167.993, 118
Trd, 4319168.193, 72
Trd, 4319169.193, 135
Trd, 4319170.743, 66
Trd, 4319171.943, 76
Trd, 4319172.243, 79
Trd, 4319172.743, 67
Trd, 4319172.793, 80
Trd, 4319173.543, 72
Trd, 4319174.343, 68
Trd, 4319176.593, 98
Trd, 4319176.643, 91
Trd, 4319176.743, 106
Trd, 4319177.043, 86
Trd, 4319178.393, 121
Trd, 4319178.443, 103
Trd, 4319179.293, 65
Trd, 4319179.743, 107
Trd, 4319179.793, 106
Trd, 4319180.643, 118
Trd, 4319180.943, 80
Trd, 4319182.393, 70
Trd, 4319182.643, 76
Trd, 4319182.843, 113
Trd, 4319183.743, 118
Trd, 4319185.293, 125
Trd, 4319185.993, 125
Trd, 4319186.943, 91
Trd, 4319187.493, 99
Trd, 4319187.793, 103
Trd, 4319189.693, 102
Trd, 4319189.793, 101
Trd, 4319189.943, 106
Trd, 4319189.993, 99
Trd, 4319190.593, 112
Trd, 4319190.943, 90
Trd, 4319191.293, 86
Trd, 4319191.793, 128
Trd, 4319192.593, 86
Trd, 4319193.143, 119
Trd, 4319194.443, 100
Trd, 4319196.143, 135
Trd, 4319196.193, 134
Trd, 4319196.543, 102
Trd, 4319196.993, 92
Trd, 4319197.093, 84
Trd, 4319197.793, 83
Trd, 4319198.943, 111
Trd, 4319199.293, 103
Trd, 4319200.743, 130
Trd, 4319201.293, 138
Trd, 4319201.593, 119
Trd, 4319201.993, 102
Trd, 4319202.743, 96
Trd, 4319204.493, 77
Trd, 4319204.743, 108
Trd, 4319204.843, 64
Trd, 4319205.943, 65
Trd, 4319206.093, 63
Trd, 4319207.043, 89
Trd, 4319207.493, 72
Trd, 4319208.293, 122
Trd, 4319208.643, 88
Trd, 4319209.543, 139
Trd, 4319209.993, 90
Trd, 4319210.243, 86
Trd, 4319210.443, 75
Trd, 4319211.593, 88
Trd, 4319213.143, 102
Trd, 4319213.193, 109
Trd, 4319213.243, 81
Trd, 4319213.843, 94
Trd, 4319214.943, 84
Trd, 4319215.393, 95
Trd, 4319216.243, 120
Trd, 4319218.343, 121
Trd, 4319218.643, 118
Trd, 4319218.743, 78
Trd, 4319218.943, 79
Trd, 4319219.543, 65
Trd, 4319221.993, 134
Trd, 4319222.343, 131
Trd, 4319222.993, 72
Trd, 4319223.593, 74
Trd, 4319223.993, 82
Trd, 4319224.193, 137
Trd, 4319225.243, 79
Trd, 4319226.943, 66
Trd, 4319227.293, 83
Trd, 4319228.643, 69
Trd, 4319229.243, 123
Trd, 4319229.943, 111
Trd, 4319230.343, 122
Trd, 4319230.643, 110
Trd, 4319230.893, 77
Trd, 4319232.493, 76
Trd, 4319232.693, 79
Trd, 4319232.793, 92
Trd, 4319233.343, 92
Trd, 4319233.793, 101
Trd, 4319234.793, 83
Trd, 4319235.143, 76
Trd, 4319235.643, 96
Trd, 4319235.793, 81
Trd, 4319236.243, 97
Trd, 4319236.393, 69
Trd, 4319238.443, 62
Trd, 4319239.493, 97
Trd, 4319239.643, 97
Trd, 4319240.493, 70
Trd, 4319240.943, 70
Trd, 4319240.993, 118
Trd, 4319241.743, 119
Trd, 4319242.143, 88
Trd, 4319243.593, 94
Trd, 4319244.543, 63
Trd, 4319245.493, 63
Trd, 4319247.193, 61
Trd, 4319247.343, 71
Trd, 4319247.643, 73
Trd, 4319247.943, 78
Trd, 4319248.693, 94
Trd, 4319248.843, 94
Trd, 4319249.693, 136
Trd, 4319251.193, 117
Trd, 4319251.493, 116
Trd, 4319251.693, 122
Trd, 4319252.093, 115
Trd, 4319252.843, 134
Trd, 4319254.243, 103
Trd, 4319254.543, 102
Trd, 4319255.143, 102
Trd, 4319255.343, 107
Trd, 4319255.893, 76
Trd, 4319256.343, 75
Trd, 4319258.943, 86
Trd, 4319259.643, 91
Trd, 4319260.243, 80
Trd, 4319260.293, 70
Trd, 4319261.343, 136
Trd, 4319261.443, 91
Trd, 4319261.743, 121
Trd, 4319262.043, 90
Trd, 4319262.593, 134
Trd, 4319262.743, 112
Trd, 4319263.793, 117
Trd, 4319264.443, 116
Trd, 4319264.693, 95
Trd, 4319266.443, 121
Trd, 4319266.693, 100
Trd, 4319266.993, 76
Trd, 4319267.943, 131
Trd, 4319268.793, 120
Trd, 4319269.243, 123
Trd, 4319269.993, 82
Trd, 4319270.693, 90
Trd, 4319270.793, 76
Trd, 4319271.543, 122
Trd, 4319272.193, 117
Trd, 4319272.943, 77
Trd, 4319273.743, 112
Trd, 4319274.293, 92
Trd, 4319275.743, 123
Trd, 4319275.843, 122
Trd, 4319276.693, 133
Trd, 4319277.943, 140
Trd, 4319279.393, 124
Trd, 4319279.743, 115
Trd, 4319279.843, 113
Trd, 4319280.343, 108
Trd, 4319281.193, 135
Trd, 4319281.343, 134
Trd, 4319281.943, 70
Trd, 4319282.543, 80
Trd, 4319283.343, 113
Trd, 4319284.393, 71
Trd, 4319285.193, 94
Trd, 4319285.943, 95
Trd, 4319286.393, 103
Trd, 4319287.293, 114
Trd, 4319287.793, 126
Trd, 4319288.143, 116
Trd, 4319288.993, 116
Trd, 4319289.143, 81
Trd, 4319290.543, 72
Trd, 4319291.343, 69
Trd, 4319291.793, 63
Trd, 4319291.993, 66
Trd, 4319292.193, 66
Trd, 4319292.743, 86
Trd, 4319294.043, 90
Trd, 4319294.443, 68
Trd, 4319294.943, 86
Trd, 4319295.593, 118
Trd, 4319295.993, 111
Trd, 4319296.093, 110
Trd, 4319297.393, 80
Trd, 4319298.193, 134
Trd, 4319299.493, 81
Trd, 4319300.143, 73
Trd, 4319301.243, 104
Trd, 4319302.143, 107
Trd, 4319302.343, 106
Trd, 4319302.743, 91
Trd, 4319302.843, 81
Trd, 4319303.443, 79
Trd, 4319304.293, 74
Trd, 4319305.443, 129
Trd, 4319305.943, 139
Trd, 4319306.993, 129
Trd, 4319308.343, 127
Trd, 4319308.743, 131
Trd, 4319310.393, 127
Trd, 4319310.793, 125
Trd, 4319310.993, 134
Trd, 4319312.043, 132
Trd, 4319312.343, 111
Trd, 4319312.543, 110
Trd, 4319312.943, 108
Trd, 4319313.093, 124
Trd, 4319314.743, 131
Trd, 4319315.093, 122
Trd, 4319315.443, 106
Trd, 4319315.843, 136
Trd, 4319317.893, 105
Trd, 4319317.943, 104
Trd, 4319318.343, 116
Trd, 4319319.243, 103
Trd, 4319319.943, 114
Trd, 4319320.393, 138
Trd, 4319320.643, 128
Trd, 4319321.643, 115
Trd, 4319322.393, 124
Trd, 4319323.293, 137
Trd, 4319323.343, 124
Trd, 4319323.493, 118
Trd, 4319324.343, 125
Trd, 4319324.593, 121
Trd, 4319325.293, 83
Trd, 4319326.243, 88
Trd, 4319327.393, 73
Trd, 4319328.043, 135
Trd, 4319328.643, 129
Trd, 4319328.943, 62
Trd, 4319328.993, 102
Trd, 4319329.643, 88
Trd, 4319329.793, 87
Trd, 4319330.843, 99
Trd, 4319331.643, 71
Trd, 4319331.993, 136
Trd, 4319332.893, 107
Trd, 4319333.693, 107
Trd, 4319333.993, 86
Trd, 4319334.393, 91
Trd, 4319335.843, 88
Trd, 4319336.093, 79
Trd, 4319336.143, 104
Trd, 4319336.793, 112
Trd, 4319336.893, 137
Trd, 4319337.393, 77
Trd, 4319339.493, 87
Trd, 4319340.443, 64
Trd, 4319341.893, 65
Trd, 4319342.593, 65
Trd, 4319343.293, 73
Trd, 4319343.393, 76
Trd, 4319344.943, 102
Trd, 4319345.093, 91
Trd, 4319346.143, 130
Trd, 4319346.993, 135
Trd, 4319347.243, 118
Trd, 4319347.343, 92
Trd, 4319347.943, 108
Trd, 4319348.093, 87
Trd, 4319348.293, 123
Trd, 4319349.793, 102
Trd, 4319351.293, 62
Trd, 4319351.993, 71
Trd, 4319352.493, 88
Trd, 4319352.793, 63
Trd, 4319353.043, 71
Trd, 4319353.743, 94
Trd, 4319354.043, 98
Trd, 4319354.443, 98
Trd, 4319354.493, 90
Trd, 4319355.093, 74
Trd, 4319356.493, 67
Trd, 4319357.043, 63
Trd, 4319357.293, 77
Trd, 4319358.243, 128
Trd, 4319359.093, 74
Trd, 4319359.593, 129
Trd, 4319359.943, 64
Trd, 4319360.493, 68
Trd, 4319361.143, 111
Trd, 4319362.143, 129
Trd, 4319362.193, 110
Trd, 4319362.793, 96
Trd, 4319364.543, 135
Trd, 4319364.693, 114
Trd, 4319365.293, 139
Trd, 4319366.043, 81
Trd, 4319367.693, 61
Trd, 4319368.093, 63
Trd, 4319368.343, 111
Trd, 4319368.943, 63
Trd, 4319369.043, 83
Trd, 4319371.493, 66
Trd, 4319371.893, 68
Trd, 4319371.993, 73
Trd, 4319372.293, 81
Trd, 4319372.593, 98
Trd, 4319374.243, 118
Trd, 4319375.193, 103
Trd, 4319375.343, 81
Trd, 4319376.843, 63
Trd, 4319378.793, 91
Trd, 4319380.193, 124
Trd, 4319381.343, 67
Trd, 4319382.293, 83
Trd, 4319382.443, 69
Trd, 4319382.893, 68
Trd, 4319382.993, 81
Trd, 4319383.843, 119
Trd, 4319384.793, 115
Trd, 4319385.543, 109
Trd, 4319386.043, 88
Trd, 4319386.743, 89
Trd, 4319387.593, 109
Trd, 4319388.293, 103
Trd, 4319389.093, 121
Trd, 4319389.243, 118
Trd, 4319389.293, 89
Trd, 4319390.843, 99
Trd, 4319390.943, 92
Trd, 4319391.343, 116
Trd, 4319392.643, 60
Trd, 4319392.893, 61
Trd, 4319392.993, 71
Trd, 4319394.493, 88
Trd, 4319395.393, 93
Trd, 4319396.093, 85
Trd, 4319396.593, 129
Trd, 4319398.743, 101
Trd, 4319398.943, 100
Trd, 4319399.343, 99
Trd, 4319399.493, 89
Trd, 4319400.293, 139
Trd, 4319400.593, 125
Trd, 4319400.893, 102
Trd, 4319401.093, 75
Trd, 4319402.393, 90
Trd, 4319402.643, 75
Trd, 4319403.443, 64
Trd, 4319406.293, 62
Trd, 4319407.193, 65
Trd, 4319407.393, 62
Trd, 4319407.693, 76
Trd, 4319408.593, 78
Trd, 4319408.893, 97
Trd, 4319409.293, 62
Trd, 4319409.693, 128
Trd, 4319410.643, 62
Trd, 4319410.893, 73
Trd, 4319412.293, 134
Trd, 4319412.443, 133
Trd, 4319412.543, 107
Trd, 4319414.343, 103
Trd, 4319415.193, 88
Trd, 4319416.643, 73
Trd, 4319416.993, 74
Trd, 4319417.343, 73
Trd, 4319417.643, 75
Trd, 4319417.743, 79
Trd, 4319418.193, 64
Trd, 4319418.693, 127
Trd, 4319419.843, 97
Trd, 4319420.093, 94
Trd, 4319420.243, 65
Trd, 4319420.443, 124
Trd, 4319420.993, 71
Trd, 4319421.193, 125
Trd, 4319421.643, 95
Trd, 4319423.693, 66
Trd, 4319424.193, 118
Trd, 4319424.843, 86
Trd, 4319427.043, 101
Trd, 4319427.393, 60
Trd, 4319428.743, 84
Trd, 4319429.693, 136
Trd, 4319430.593, 95
Trd, 4319430.643, 94
Trd, 4319430.893, 111
Trd, 4319431.243, 120
Trd, 4319431.593, 122
Trd, 4319432.343, 129
Trd, 4319432.843, 88
Trd, 4319434.793, 80
Trd, 4319435.243, 80
Trd, 4319435.843, 103
Trd, 4319436.043, 102
Trd, 4319437.443, 135
Trd, 4319437.793, 111
Trd, 4319437.893, 101
Trd, 4319438.293, 109
Trd, 4319438.343, 91
Trd, 4319440.343, 85
Trd, 4319440.743, 110
Trd, 4319441.243, 113
Trd, 4319442.243, 112
Trd, 4319443.043, 126
Trd, 4319443.143, 124
Trd, 4319443.793, 88
Trd, 4319444.943, 80
Trd, 4319445.243, 134
Trd, 4319447.193, 101
Trd, 4319447.343, 92
Trd, 4319448.243, 73
Trd, 4319448.743, 82
Trd, 4319449.093, 81
Trd, 4319449.143, 97
Trd, 4319450.043, 137
Trd, 4319450.143, 135
Trd, 4319450.743, 129
Trd, 4319452.293, 109
Trd, 4319452.593, 108
Trd, 4319453.293, 73
Trd, 4319453.893, 61
Trd, 4319455.143, 61
Trd, 4319455.543, 124
Trd, 4319456.393, 129
Trd, 4319457.093, 128
Trd, 4319457.293, 103
Trd, 4319458.193, 90
Trd, 4319458.493, 79
Trd, 4319459.293, 134
Trd, 4319460.693, 101
Trd, 4319461.593, 117
Trd, 4319462.193, 119
Trd, 4319462.243, 116
Trd, 4319463.493, 108
Trd, 4319463.743, 121
Trd, 4319464.293, 107
Trd, 4319464.893, 136
Trd, 4319465.143, 106
Trd, 4319465.843, 136
Trd, 4319466.293, 105
Trd, 4319466.393, 93
Trd, 4319467.293, 137
Trd, 4319467.443, 102
Trd, 4319467.843, 98
Trd, 4319470.543, 121
Trd, 4319471.393, 135
Trd, 4319472.093, 122
Trd, 4319472.143, 122
Trd, 4319472.343, 119
Trd, 4319472.743, 105
Trd, 4319474.143, 121
Trd, 4319474.393, 86
Trd, 4319474.843, 105
Trd, 4319475.293, 68
Trd, 4319475.393, 88
Trd, 4319475.993, 62
Trd, 4319477.543, 78
Trd, 4319478.093, 98
Trd, 4319478.593, 102
Trd, 4319479.843, 88
Trd, 4319480.293, 76
Trd, 4319480.493, 75
Trd, 4319480.693, 108
Trd, 4319481.893, 65
Trd, 4319483.393, 115
Trd, 4319483.993, 124
Trd, 4319484.443, 116
Trd, 4319484.793, 115
Trd, 4319484.943, 114
Trd, 4319485.643, 84
Trd, 4319485.843, 79
Trd, 4319486.393, 95
Trd, 4319487.643, 109
Trd, 4319488.793, 109
Trd, 4319489.543, 134
Trd, 4319489.593, 133
Trd, 4319489.793, 109
Trd, 4319490.243, 77
Trd, 4319490.493, 86
Trd, 4319492.193, 74
Trd, 4319492.643, 111
Trd, 4319493.593, 130
Trd, 4319495.843, 112
Trd, 4319495.893, 77
Trd, 4319496.393, 107
Trd, 4319496.493, 101
Trd, 4319497.493, 123
Trd, 4319499.043, 129
Trd, 4319499.393, 128
Trd, 4319499.543, 111
Trd, 4319501.043, 111
Trd, 4319501.443, 125
Trd, 4319502.193, 106
Trd, 4319504.143, 129
Trd, 4319504.393, 140
Trd, 4319504.493, 128
Trd, 4319505.643, 83
Trd, 4319506.093, 99
Trd, 4319506.993, 103
Trd, 4319507.393, 83
Trd, 4319508.793, 129
Trd, 4319509.443, 122
Trd, 4319509.793, 112
Trd, 4319509.993, 98
Trd, 4319510.193, 89
Trd, 4319510.443, 80
Trd, 4319511.343, 70
Trd, 4319511.543, 91
Trd, 4319512.343, 109
Trd, 4319512.543, 73
Trd, 4319513.193, 66
Trd, 4319514.743, 121
Trd, 4319515.443, 109
Trd, 4319515.543, 101
Trd, 4319516.293, 93
Trd, 4319516.593, 87
Trd, 4319517.743, 112
Trd, 4319518.793, 138
Trd, 4319518.843, 131
Trd, 4319518.893, 113
Trd, 4319519.193, 82
Trd, 4319520.343, 67
Trd, 4319521.093, 78
Trd, 4319522.493, 136
Trd, 4319523.343, 107
Trd, 4319524.143, 105
Trd, 4319525.193, 78
Trd, 4319525.593, 76
Trd, 4319525.793, 75
Trd, 4319525.993, 80
Trd, 4319526.643, 114
Trd, 4319527.193, 119
Trd, 4319527.693, 106
Trd, 4319527.843, 104
Trd, 4319528.893, 123
Trd, 4319528.993, 122
Trd, 4319529.943, 102
Trd, 4319531.743, 120
Trd, 4319532.893, 116
Trd, 4319533.193, 109
Trd, 4319534.143, 132
Trd, 4319535.193, 136
Trd, 4319535.243, 119
Trd, 4319535.393, 113
Trd, 4319536.293, 134
Trd, 4319537.193, 112
Trd, 4319537.643, 81
Trd, 4319537.793, 80
Trd, 4319538.743, 63
Trd, 4319539.193, 87
Trd, 4319540.843, 63
Trd, 4319540.893, 97
Trd, 4319541.693, 60
Trd, 4319542.793, 95
Trd, 4319542.943, 95
Trd, 4319543.143, 67
Trd, 4319543.693, 66
Trd, 4319544.143, 70
Trd, 4319544.543, 129
Trd, 4319545.093, 113
Trd, 4319545.143, 87
Trd, 4319545.693, 76
Trd, 4319547.893, 129
Trd, 4319549.643, 81
Trd, 4319549.693, 80
Trd, 4319550.593, 87
Trd, 4319550.793, 95
Trd, 4319551.693, 78
Trd, 4319552.443, 89
Trd, 4319552.543, 67
Trd, 4319553.243, 71
Trd, 4319553.843, 87
Trd, 4319554.643, 67
Trd, 4319555.593, 77
Trd, 4319555.793, 85
Trd, 4319556.843, 124
Trd, 4319557.343, 97
Trd, 4319557.943, 109
Trd, 4319558.193, 132
Trd, 4319559.243, 73
Trd, 4319559.693, 72
Trd, 4319560.993, 86
Trd, 4319562.143, 112
Trd, 4319562.943, 85
Trd, 4319563.893, 67
Trd, 4319565.443, 140
Trd, 4319565.743, 112
Trd, 4319566.043, 133
Trd, 4319566.893, 139
Trd, 4319567.693, 111
Trd, 4319567.993, 115
Trd, 4319568.793, 102
Trd, 4319569.143, 93
Trd, 4319569.643, 101
Trd, 4319569.993, 95
Trd, 4319572.143, 103
Trd, 4319572.193, 94
Trd, 4319572.843, 128
Trd, 4319573.543, 72
Trd, 4319574.343, 61
Trd, 4319575.843, 72
Trd, 4319576.143, 74
Trd, 4319576.693, 103
Trd, 4319577.293, 97
Trd, 4319577.443, 117
Trd, 4319577.643, 89
Trd, 4319578.743, 126
Trd, 4319579.143, 132
Trd, 4319579.493, 125
Trd, 4319580.843, 89
Trd, 4319581.943, 124
Trd, 4319582.843, 113
Trd, 4319583.093, 105
Trd, 4319583.193, 68
Trd, 4319584.443, 89
Trd, 4319585.693, 134
Trd, 4319585.993, 76
Trd, 4319586.243, 121
Trd, 4319587.993, 64
Trd, 4319588.443, 67
Trd, 4319588.643, 62
Trd, 4319590.843, 93
Trd, 4319591.093, 110
Trd, 4319592.143, 70
Trd, 4319592.343, 70
Trd, 4319592.593, 71
Trd, 4319595.243, 124
Trd, 4319595.743, 124
Trd, 4319595.893, 120
Trd, 4319595.943, 97
Trd, 4319596.143, 72
Trd, 4319596.993, 130
Trd, 4319597.093, 97
Trd, 4319598.093, 61
Trd, 4319598.643, 78
Trd, 4319599.143, 84
Trd, 4319599.943, 89
Trd, 4319600.343, 69
Trd, 4319601.243, 91
Trd, 4319602.143, 107
Trd, 4319603.843, 117
Trd, 4319604.143, 121
Trd, 4319604.293, 116
Trd, 4319604.593, 115
Trd, 4319605.693, 134
Trd, 4319607.493, 138
Trd, 4319608.143, 140
Trd, 4319608.493, 94
Trd, 4319609.893, 100
Trd, 4319610.543, 114
Trd, 4319610.993, 83
Trd, 4319611.893, 106
Trd, 4319612.143, 106
Trd, 4319613.093, 124
Trd, 4319613.493, 133
Trd, 4319614.143, 135
Trd, 4319614.943, 116
Trd, 4319615.143, 103
Trd, 4319615.343, 89
Trd, 4319615.543, 72
Trd, 4319617.293, 95
Trd, 4319618.693, 76
Trd, 4319618.943, 86
Trd, 4319619.093, 115
Trd, 4319620.093, 109
Trd, 4319620.743, 138
Trd, 4319621.843, 121
Trd, 4319622.143, 118
Trd, 4319623.843, 66
Trd, 4319624.293, 73
Trd, 4319625.043, 106
Trd, 4319625.443, 77
Trd, 4319626.043, 71
Trd, 4319627.193, 70
Trd, 4319627.793, 74
Trd, 4319627.943, 82
Trd, 4319631.043, 63
Trd, 4319631.693, 74
Trd, 4319632.193, 88
Trd, 4319632.443, 104
Trd, 4319633.443, 110
Trd, 4319633.493, 104
Trd, 4319634.143, 132
Trd, 4319634.443, 120
Trd, 4319635.193, 75
Trd, 4319635.843, 110
Trd, 4319636.343, 98
Trd, 4319636.393, 97
Trd, 4319637.443, 116
Trd, 4319638.843, 93
Trd, 4319639.543, 77
Trd, 4319639.643, 80
Trd, 4319639.793, 76
Trd, 4319640.443, 88
Trd, 4319640.493, 89
Trd, 4319641.293, 65
Trd, 4319642.793, 126
Trd, 4319642.993, 113
Trd, 4319643.943, 88
Trd, 4319644.743, 112
Trd, 4319645.593, 93
Trd, 4319646.243, 135
Trd, 4319646.293, 129
Trd, 4319646.493, 128
Trd, 4319646.843, 105
Trd, 4319648.943, 128
Trd, 4319650.093, 110
Trd, 4319650.593, 104
Trd, 4319651.493, 72
Trd, 4319652.043, 94
Trd, 4319652.193, 94
Trd, 4319652.593, 110
Trd, 4319653.493, 112
Trd, 4319653.643, 108
Trd, 4319653.693, 93
Trd, 4319655.743, 87
Trd, 4319656.643, 132
Trd, 4319656.843, 129
Trd, 4319657.493, 116
Trd, 4319658.493, 127
Trd, 4319658.693, 94
Trd, 4319659.543, 137
Trd, 4319660.243, 131
Trd, 4319661.343, 130
Trd, 4319662.093, 108
Trd, 4319662.593, 120
Trd, 4319662.943, 94
Trd, 4319663.143, 87
Trd, 4319664.243, 97
Trd, 4319664.793, 112
Trd, 4319667.093, 98
Trd, 4319667.193, 94
Trd, 4319668.393, 97
Trd, 4319668.793, 92
Trd, 4319669.793, 66
Trd, 4319670.093, 87
Trd, 4319670.643, 64
Trd, 4319671.243, 94
Trd, 4319671.943, 118
Trd, 4319672.243, 132
Trd, 4319672.393, 82
Trd, 4319673.793, 73
Trd, 4319674.543, 65
Trd, 4319674.793, 85
Trd, 4319676.043, 65
Trd, 4319677.043, 62
Trd, 4319677.693, 122
Trd, 4319678.343, 140
Trd, 4319678.543, 140
Trd, 4319679.643, 133
Trd, 4319679.993, 86
Trd, 4319680.293, 92
Trd, 4319682.093, 140
Trd, 4319682.393, 139
Trd, 4319682.543, 108
Trd, 4319682.843, 124
Trd, 4319683.193, 111
Trd, 4319683.793, 112
Trd, 4319686.443, 102
Trd, 4319687.043, 67
Trd, 4319687.193, 67
Trd, 4319687.393, 66
Trd, 4319687.993, 129
Trd, 4319689.443, 69
Trd, 4319689.493, 72
Trd, 4319689.893, 80
Trd, 4319691.393, 66
Trd, 4319692.143, 71
Trd, 4319692.593, 100
Trd, 4319693.293, 65
Trd, 4319693.393, 63
Trd, 4319694.743, 125
Trd, 4319695.043, 101
Trd, 4319696.593, 123
Trd, 4319697.093, 119
Trd, 4319697.543, 85
Trd, 4319698.093, 67
Trd, 4319698.693, 87
Trd, 4319699.293, 104
Trd, 4319699.343, 103
Trd, 4319700.393, 70
Trd, 4319700.693, 82
Trd, 4319702.193, 81
Trd, 4319702.693, 100
Trd, 4319703.393, 95
Trd, 4319704.343, 66
Trd, 4319704.843, 66
Trd, 4319705.393, 109
Trd, 4319706.143, 104
Trd, 4319706.943, 64
Trd, 4319707.493, 106
Trd, 4319708.093, 97
Trd, 4319709.293, 61
Trd, 4319710.893, 78
Trd, 4319711.193, 60
Trd, 4319712.993, 100
Trd, 4319713.193, 108
Trd, 4319713.643, 61
Trd, 4319713.893, 99
Trd, 4319713.943, 107
Trd, 4319714.693, 87
Trd, 4319716.793, 76
Trd, 4319719.043, 82
Trd, 4319719.393, 85
Trd, 4319719.893, 105
Trd, 4319719.993, 113
Trd, 4319720.843, 114
Trd, 4319721.393, 105
Trd, 4319722.643, 90
Trd, 4319722.943, 112
Trd, 4319723.093, 99
Trd, 4319723.193, 84
Trd, 4319724.543, 88
Trd, 4319725.693, 65
Trd, 4319726.943, 75
Trd, 4319728.443, 73
Trd, 4319729.093, 84
Trd, 4319729.843, 139
Trd, 4319729.893, 75
Trd, 4319730.593, 69
Trd, 4319730.793, 82
Trd, 4319731.593, 74
Trd, 4319733.443, 80
Trd, 4319733.593, 101
Trd, 4319734.893, 107
Trd, 4319735.143, 112
Trd, 4319735.843, 112
Trd, 4319736.993, 84
Trd, 4319737.143, 76
Trd, 4319737.793, 137
Trd, 4319737.993, 130
Trd, 4319738.893, 136
Trd, 4319739.193, 78
Trd, 4319740.843, 112
Trd, 4319741.443, 108
Trd, 4319742.843, 133
Trd, 4319743.043, 126
Trd, 4319743.393, 123
Trd, 4319743.493, 95
Trd, 4319744.293, 95
Trd, 4319745.593, 112
Trd, 4319746.243, 137
Trd, 4319746.993, 106
Trd, 4319747.693, 76
Trd, 4319748.043, 124
Trd, 4319748.893, 103
Trd, 4319748.993, 125
Trd, 4319749.643, 116
Trd, 4319750.343, 126
Trd, 4319750.593, 118
Trd, 4319752.243, 138
Trd, 4319752.293, 137
Trd, 4319754.693, 93
Trd, 4319754.893, 87
Trd, 4319755.343, 100
Trd, 4319755.993, 132
Trd, 4319756.593, 131
Trd, 4319756.893, 75
Trd, 4319757.343, 99
Trd, 4319758.443, 127
Trd, 4319759.443, 98
Trd, 4319759.493, 112
Trd, 4319760.593, 103
Trd, 4319761.043, 119
Trd, 4319761.193, 102
Trd, 4319761.893, 103
Trd, 4319763.693, 134
Trd, 4319763.893, 126
Trd, 4319763.993, 124
Trd, 4319764.493, 119
Trd, 4319765.093, 114
Trd, 4319765.543, 116
Trd, 4319767.693, 109
Trd, 4319767.793, 107
Trd, 4319768.493, 132
Trd, 4319769.793, 95
Trd, 4319770.543, 75
Trd, 4319771.093, 100
Trd, 4319772.543, 133
Trd, 4319772.643, 128
Trd, 4319773.493, 123
Trd, 4319774.393, 115
Trd, 4319774.443, 116
Trd, 4319775.593, 69
Trd, 4319776.693, 65
Trd, 4319777.443, 93
Trd, 4319777.893, 72
Trd, 4319777.943, 73
Trd, 4319778.543, 71
Trd, 4319779.443, 68
Trd, 4319779.943, 97
Trd, 4319781.393, 116
Trd, 4319782.043, 130
Trd, 4319782.743, 137
Trd, 4319782.943, 87
Trd, 4319782.993, 84
Trd, 4319783.393, 120
Trd, 4319783.443, 119
Trd, 4319784.093, 94
Trd, 4319784.793, 117
Trd, 4319785.593, 63
Trd, 4319787.293, 95
Trd, 4319787.493, 117
Trd, 4319787.843, 75
Trd, 4319788.693, 82
Trd, 4319789.793, 100
Trd, 4319790.093, 71
Trd, 4319790.443, 113
Trd, 4319790.743, 74
Trd, 4319791.543, 86
Trd, 4319793.243, 76
Trd, 4319794.693, 105
Trd, 4319794.893, 101
Trd, 4319795.193, 79
Trd, 4319795.643, 103
Trd, 4319795.743, 82
Trd, 4319795.793, 74
Trd, 4319798.193, 120
Trd, 4319798.743, 111
Trd, 4319799.593, 111
Trd, 4319799.893, 110
Trd, 4319800.743, 63
Trd, 4319801.193, 106
Trd, 4319801.993, 98
Trd, 4319802.843, 99
Trd, 4319803.243, 80
Trd, 4319804.393, 78
Trd, 4319804.693, 67
Trd, 4319805.193, 69
Trd, 4319805.693, 113
Trd, 4319806.543, 90
Trd, 4319806.993, 109
Trd, 4319807.943, 63
Trd, 4319809.043, 60
Trd, 4319809.443, 80
Trd, 4319810.093, 72
Trd, 4319810.893, 67
Trd, 4319811.093, 69
Trd, 4319812.293, 97
Trd, 4319812.443, 83
Trd, 4319812.993, 74
Trd, 4319813.693, 138
Trd, 4319814.393, 112
Trd, 4319814.693, 109
Trd, 4319815.343, 94
Trd, 4319815.593, 78
Trd, 4319816.593, 127
Trd, 4319816.893, 77
Trd, 4319818.793, 70
Trd, 4319819.993, 67
Trd, 4319820.393, 90
Trd, 4319821.193, 121
Trd, 4319821.493, 82
Trd, 4319822.093, 111
Trd, 4319822.193, 110
Trd, 4319822.243, 108
Trd, 4319822.593, 100
Trd, 4319822.843, 127
Trd, 4319824.543, 106
Trd, 4319825.893, 129
Trd, 4319827.043, 129
Trd, 4319827.593, 101
Trd, 4319828.243, 75
Trd, 4319829.043, 85
Trd, 4319829.393, 140
Trd, 4319830.143, 110
Trd, 4319830.643, 84
Trd, 4319830.743, 91
Trd, 4319831.643, 106
Trd, 4319832.793, 120
Trd, 4319833.393, 135
Trd, 4319833.443, 91
Trd, 4319833.693, 90
Trd, 4319833.843, 86
Trd, 4319834.393, 83
Trd, 4319835.393, 69
Trd, 4319836.143, 66
Trd, 4319837.443, 74
Trd, 4319837.893, 127
Trd, 4319838.793, 108
Trd, 4319838.943, 82
Trd, 4319840.743, 127
Trd, 4319841.643, 109
Trd, 4319841.993, 106
Trd, 4319842.943, 114
Trd, 4319843.243, 140
Trd, 4319843.543, 96
Trd, 4319844.493, 104
Trd, 4319845.843, 65
Trd, 4319846.693, 128
Trd, 4319847.443, 100
Trd, 4319847.543, 123
Trd, 4319848.193, 103
Trd, 4319848.693, 95
Trd, 4319849.793, 80
Trd, 4319851.443, 84
Trd, 4319851.493, 85
Trd, 4319851.593, 83
Trd, 4319852.243, 60
Trd, 4319853.043, 87
Trd, 4319853.743, 121
Trd, 4319854.593, 112
Trd, 4319856.393, 90
Trd, 4319857.843, 81
Trd, 4319857.893, 68
Trd, 4319858.693, 92
Trd, 4319859.093, 95
Trd, 4319859.593, 118
Trd, 4319860.193, 126
Trd, 4319861.343, 115
Trd, 4319861.793, 106
Trd, 4319862.193, 80
Trd, 4319863.193, 107
Trd, 4319865.543, 72
Trd, 4319865.843, 74
Trd, 4319866.293, 101
Trd, 4319866.893, 102
Trd, 4319867.043, 100
Trd, 4319867.343, 116
Trd, 4319868.443, 93
Trd, 4319869.043, 94
Trd, 4319869.843, 125
Trd, 4319870.593, 134
Trd, 4319871.243, 94
Trd, 4319871.693, 64
Trd, 4319872.643, 85
Trd, 4319874.943, 74
Trd, 4319875.493, 74
Trd, 4319876.643, 71
Trd, 4319876.893, 97
Trd, 4319877.243, 78
Trd, 4319877.893, 130
Trd, 4319878.093, 129
Trd, 4319878.493, 103
Trd, 4319879.993, 103
Trd, 4319880.843, 109
Trd, 4319881.643, 97
Trd, 4319882.743, 137
Trd, 4319883.143, 138
Trd, 4319883.193, 137
Trd, 4319884.243, 133
Trd, 4319885.443, 140
Trd, 4319886.543, 138
Trd, 4319886.643, 105
Trd, 4319887.443, 65
Trd, 4319887.993, 109
Trd, 4319888.243, 87
Trd, 4319890.393, 82
Trd, 4319890.443, 79
Trd, 4319890.743, 84
Trd, 4319891.193, 116
Trd, 4319891.943, 125
Trd, 4319892.543, 124
Trd, 4319893.143, 114
Trd, 4319893.993, 109
Trd, 4319895.043, 131
Trd, 4319895.643, 117
Trd, 4319896.243, 122
Trd, 4319896.493, 92
Trd, 4319897.543, 91
Trd, 4319897.593, 89
Trd, 4319898.043, 86
Trd, 4319898.243, 90
Trd, 4319899.393, 65
Trd, 4319900.793, 99
Trd, 4319901.043, 87
Trd, 4319901.343, 132
Trd, 4319901.443, 83
Trd, 4319902.293, 61
Trd, 4319902.443, 98
Trd, 4319904.043, 60
Trd, 4319904.993, 80
Trd, 4319906.343, 82
Trd, 4319906.693, 67
Trd, 4319906.993, 71
Trd, 4319907.043, 85
Trd, 4319908.793, 138
Trd, 4319909.093, 114
Trd, 4319909.393, 100
Trd, 4319911.043, 61
Trd, 4319911.493, 74
Trd, 4319911.743, 130
Trd, 4319912.293, 65
Trd, 4319913.043, 129
Trd, 4319913.193, 89
Trd, 4319913.543, 106
Trd, 4319915.543, 75
Trd, 4319916.093, 69
Trd, 4319916.393, 90
Trd, 4319916.493, 105
Trd, 4319917.143, 70
Trd, 4319918.243, 69
Trd, 4319918.593, 77
Trd, 4319919.593, 81
Trd, 4319919.993, 103
Trd, 4319920.943, 131
Trd, 4319921.193, 134
Trd, 4319921.243, 108
Trd, 4319921.693, 135
Trd, 4319922.093, 92
Trd, 4319922.243, 80
Trd, 4319923.093, 127
Trd, 4319923.693, 133
Trd, 4319925.793, 88
Trd, 4319926.443, 98
Trd, 4319927.093, 103
Trd, 4319928.393, 104
Trd, 4319928.493, 95
Trd, 4319929.043, 108
Trd, 4319929.993, 140
Trd, 4319930.293, 117
Trd, 4319930.843, 100
Trd, 4319931.693, 112
Trd, 4319932.243, 93
Trd, 4319932.293, 60
Trd, 4319932.593, 79
Trd, 4319933.893, 117
Trd, 4319935.443, 69
Trd, 4319935.493, 100
Trd, 4319936.493, 72
Trd, 4319936.693, 78
Trd, 4319936.843, 69
Trd, 4319937.693, 89
Trd, 4319939.243, 67
Trd, 4319939.593, 69
Trd, 4319940.943, 71
Trd, 4319940.993, 68
Trd, 4319941.493, 69
Trd, 4319942.443, 140
Trd, 4319942.893, 134
Trd, 4319943.793, 127
Trd, 4319944.443, 134
Trd, 4319945.343, 127
Trd, 4319945.493, 130
Trd, 4319945.843, 123
Trd, 4319946.043, 102
Trd, 4319946.743, 63
Trd, 4319947.743, 90
Trd, 4319948.643, 99
Trd, 4319949.143, 67
Trd, 4319949.393, 67
Trd, 4319949.593, 126
Trd, 4319949.793, 70
Trd, 4319949.943, 132
Trd, 4319951.593, 129
Trd, 4319952.543, 139
Trd, 4319952.693, 96
Trd, 4319952.843, 85
Trd, 4319954.943, 106
Trd, 4319955.243, 92
Trd, 4319955.343, 89
Trd, 4319957.293, 109
Trd, 4319958.193, 136
Trd, 4319958.893, 90
Trd, 4319959.393, 91
Trd, 4319960.143, 107
Trd, 4319960.443, 108
Trd, 4319961.143, 86
Trd, 4319961.943, 135
Trd, 4319962.343, 87
Trd, 4319963.143, 133
Trd, 4319963.193, 86
Trd, 4319964.793, 69
Trd, 4319964.943, 71
Trd, 4319965.193, 74
Trd, 4319966.393, 101
Trd, 4319966.743, 121
Trd, 4319967.893, 61
Trd, 4319969.243, 68
Trd, 4319969.593, 72
Trd, 4319969.943, 96
Trd, 4319970.993, 73
Trd, 4319971.243, 79
Trd, 4319971.543, 120
Trd, 4319972.293, 125
Trd, 4319973.693, 89
Trd, 4319973.743, 75
Trd, 4319974.393, 75
Trd, 4319974.493, 73
Trd, 4319975.193, 78
Trd, 4319975.793, 132
Trd, 4319975.993, 120
Trd, 4319976.643, 101
Trd, 4319977.343, 78
Trd, 4319977.593, 62
Trd, 4319978.193, 107
Trd, 4319979.043, 128
Trd, 4319979.143, 127
Trd, 4319980.343, 73
Trd, 4319981.343, 64
Trd, 4319982.043, 76
Trd, 4319982.993, 64
Trd, 4319983.593, 76
Trd, 4319984.293, 95
Trd, 4319984.943, 68
Trd, 4319985.293, 62
Trd, 4319986.093, 62
Trd, 4319986.593, 94
Trd, 4319987.093, 62
Trd, 4319989.643, 60
Trd, 4319990.943, 61
Trd, 4319991.043, 68
Trd, 4319991.393, 61
Trd, 4319992.243, 60
Trd, 4319992.843, 76
Trd, 4319993.193, 121
Trd, 4319993.243, 61
Trd, 4319993.493, 102
Trd, 4319994.793, 79
Trd, 4319995.543, 127
Trd, 4319995.893, 120
Trd, 4319996.243, 119
Trd, 4319996.943, 114
Trd, 4319997.093, 113
Trd, 4319998.093, 81
Trd, 4319998.743, 101
Trd, 4319999.043, 116
