Trd, 4318132.643, 121
Trd, 4318133.043, 108
Trd, 4318134.293, 120
Trd, 4318135.193, 112
Trd, 4318135.493, 121
Trd, 4318135.793, 90
Trd, 4318136.543, 79
Trd, 4318137.443, 120
Trd, 4318138.443, 105
Trd, 4318139.493, 120
Trd, 4318139.643, 100
Trd, 4318139.893, 123
Trd, 4318140.793, 138
Trd, 4318141.943, 115
Trd, 4318142.793, 126
Trd, 4318142.843, 111
Trd, 4318143.343, 96
Trd, 4318143.893, 130
Trd, 4318143.943, 78
Trd, 4318145.043, 108
Trd, 4318145.093, 104
Trd, 4318147.243, 119
Trd, 4318147.643, 135
Trd, 4318148.893, 111
Trd, 4318148.993, 115
Trd, 4318149.643, 122
Trd, 4318150.043, 130
Trd, 4318150.193, 122
Trd, 4318152.043, 139
Trd, 4318152.443, 119
Trd, 4318152.893, 106
Trd, 4318153.243, 94
Trd, 4318154.193, 88
Trd, 4318154.243, 117
Trd, 4318154.293, 77
Trd, 4318155.643, 67
Trd, 4318156.693, 71
Trd, 4318156.743, 114
Trd, 4318157.143, 60
Trd, 4318157.793, 85
Trd, 4318158.043, 96
Trd, 4318159.393, 100
Trd, 4318160.093, 91
Trd, 4318160.943, 78
Trd, 4318161.593, 66
Trd, 4318162.293, 79
Trd, 4318162.993, 95
Trd, 4318163.693, 75
Trd, 4318163.843, 74
Trd, 4318165.093, 132
Trd, 4318166.343, 140
Trd, 4318167.393, 77
Trd, 4318167.443, 91
Trd, 4318167.493, 91
Trd, 4318168.693, 92
Trd, 4318169.443, 103
Trd, 4318170.693, 81
Trd, 4318171.693, 88
Trd, 4318172.543, 123
Trd, 4318172.843, 117
Trd, 4318172.993, 106
Trd, 4318174.043, 96
Trd, 4318175.143, 81
Trd, 4318175.843, 87
Trd, 4318177.293, 129
Trd, 4318177.393, 86
Trd, 4318178.143, 81
Trd, 4318178.393, 112
Trd, 4318178.493, 75
Trd, 4318178.793, 105
Trd, 4318179.293, 61
Trd, 4318180.243, 121
Trd, 4318181.443, 81
Trd, 4318182.493, 69
Trd, 4318184.343, 72
Trd, 4318184.393, 91
Trd, 4318184.543, 61
Trd, 4318185.293, 93
Trd, 4318186.243, 70
Trd, 4318186.793, 82
Trd, 4318187.593, 118
Trd, 4318188.693, 86
Trd, 4318188.793, 85
Trd, 4318188.893, 85
Trd, 4318189.443, 99
Trd, 4318190.193, 139
Trd, 4318190.343, 109
Trd, 4318192.443, 66
Trd, 4318193.443, 77
Trd, 4318195.093, 91
Trd, 4318195.693, 104
Trd, 4318196.693, 80
Trd, 4318197.643, 83
Trd, 4318198.043, 77
Trd, 4318198.443, 99
Trd, 4318198.693, 98
Trd, 4318200.193, 131
Trd, 4318200.393, 108
Trd, 4318201.143, 111
Trd, 4318201.743, 96
Trd, 4318203.193, 106
Trd, 4318203.293, 109
Trd, 4318203.993, 103
Trd, 4318204.893, 92
Trd, 4318206.043, 135
Trd, 4318206.543, 120
Trd, 4318207.293, 113
Trd, 4318208.593, 102
Trd, 4318209.243, 85
Trd, 4318210.043, 82
Trd, 4318210.493, 101
Trd, 4318210.843, 95
Trd, 4318212.293, 140
Trd, 4318212.393, 116
Trd, 4318213.043, 73
Trd, 4318213.943, 90
Trd, 4318214.293, 100
Trd, 4318214.493, 95
Trd, 4318214.893, 114
Trd, 4318217.743, 69
Trd, 4318218.043, 97
Trd, 4318219.293, 128
Trd, 4318219.943, 112
Trd, 4318220.093, 110
Trd, 4318220.543, 102
Trd, 4318221.943, 115
Trd, 4318222.293, 95
Trd, 4318222.743, 121
Trd, 4318222.993, 107
Trd, 4318223.143, 128
Trd, 4318223.793, 87
Trd, 4318224.043, 82
Trd, 4318224.143, 81
Trd, 4318224.943, 68
Trd, 4318226.243, 101
Trd, 4318227.243, 91
Trd, 4318227.443, 65
Trd, 4318228.293, 61
Trd, 4318229.143, 66
Trd, 4318230.593, 93
Trd, 4318230.643, 102
Trd, 4318230.893, 78
Trd, 4318231.343, 67
Trd, 4318232.443, 71
Trd, 4318233.143, 79
Trd, 4318233.893, 84
Trd, 4318235.293, 96
Trd, 4318236.243, 103
Trd, 4318238.043, 76
Trd, 4318238.493, 83
Trd, 4318238.593, 80
Trd, 4318239.293, 70
Trd, 4318239.893, 80
Trd, 4318240.993, 88
Trd, 4318241.293, 66
Trd, 4318241.493, 75
Trd, 4318241.693, 73
Trd, 4318242.043, 83
Trd, 4318242.793, 96
Trd, 4318243.293, 66
Trd, 4318244.643, 72
Trd, 4318245.543, 99
Trd, 4318245.793, 99
Trd, 4318246.143, 85
Trd, 4318247.043, 87
Trd, 4318247.443, 91
Trd, 4318248.793, 105
Trd, 4318250.593, 84
Trd, 4318251.093, 95
Trd, 4318251.543, 135
Trd, 4318252.493, 135
Trd, 4318252.893, 127
Trd, 4318252.943, 114
Trd, 4318253.093, 112
Trd, 4318254.193, 113
Trd, 4318255.043, 103
Trd, 4318255.143, 98
Trd, 4318255.743, 110
Trd, 4318256.343, 80
Trd, 4318258.993, 97
Trd, 4318259.643, 113
Trd, 4318259.793, 106
Trd, 4318260.643, 98
Trd, 4318260.793, 86
Trd, 4318261.943, 86
Trd, 4318262.093, 89
Trd, 4318262.543, 90
Trd, 4318262.693, 78
Trd, 4318264.043, 75
Trd, 4318264.343, 68
Trd, 4318265.193, 109
Trd, 4318265.393, 124
Trd, 4318266.543, 132
Trd, 4318266.943, 116
Trd, 4318267.293, 135
Trd, 4318268.393, 126
Trd, 4318269.043, 119
Trd, 4318269.843, 92
Trd, 4318271.743, 66
Trd, 4318271.843, 126
Trd, 4318272.043, 117
Trd, 4318272.643, 128
Trd, 4318273.093, 106
Trd, 4318273.343, 111
Trd, 4318273.693, 95
Trd, 4318274.043, 81
Trd, 4318274.593, 136
Trd, 4318275.493, 108
Trd, 4318276.043, 101
Trd, 4318276.243, 117
Trd, 4318278.543, 103
Trd, 4318278.743, 83
Trd, 4318278.893, 92
Trd, 4318280.343, 79
Trd, 4318280.693, 65
Trd, 4318282.343, 69
Trd, 4318282.393, 79
Trd, 4318284.693, 71
Trd, 4318284.743, 69
Trd, 4318285.243, 91
Trd, 4318285.293, 84
Trd, 4318286.443, 135
Trd, 4318286.943, 96
Trd, 4318288.243, 93
Trd, 4318289.143, 108
Trd, 4318289.393, 96
Trd, 4318289.993, 88
Trd, 4318291.093, 98
Trd, 4318291.593, 124
Trd, 4318291.943, 98
Trd, 4318291.993, 85
Trd, 4318292.093, 121
Trd, 4318293.193, 140
Trd, 4318293.743, 93
Trd, 4318295.543, 123
Trd, 4318296.193, 130
Trd, 4318297.193, 103
Trd, 4318297.243, 99
Trd, 4318297.893, 104
Trd, 4318298.543, 124
Trd, 4318298.643, 84
Trd, 4318298.743, 77
Trd, 4318299.543, 119
Trd, 4318300.293, 94
Trd, 4318300.843, 88
Trd, 4318301.743, 128
Trd, 4318302.043, 117
Trd, 4318302.493, 85
Trd, 4318303.093, 100
Trd, 4318304.043, 111
Trd, 4318304.743, 107
Trd, 4318304.843, 105
Trd, 4318305.193, 100
Trd, 4318305.843, 98
Trd, 4318305.893, 89
Trd, 4318306.893, 80
Trd, 4318308.893, 134
Trd, 4318309.393, 83
Trd, 4318309.743, 75
Trd, 4318310.593, 89
Trd, 4318311.043, 134
Trd, 4318311.293, 121
Trd, 4318312.443, 72
Trd, 4318312.643, 86
Trd, 4318313.443, 120
Trd, 4318314.693, 106
Trd, 4318316.293, 124
Trd, 4318316.543, 121
Trd, 4318317.243, 109
Trd, 4318317.443, 94
Trd, 4318317.843, 90
Trd, 4318317.893, 97
Trd, 4318318.393, 111
Trd, 4318319.593, 123
Trd, 4318319.893, 111
Trd, 4318320.643, 132
Trd, 4318320.843, 93
Trd, 4318321.093, 132
Trd, 4318321.543, 123
Trd, 4318324.793, 86
Trd, 4318325.743, 120
Trd, 4318327.943, 111
Trd, 4318328.793, 103
Trd, 4318329.243, 104
Trd, 4318329.343, 96
Trd, 4318329.543, 115
Trd, 4318330.093, 80
Trd, 4318330.643, 132
Trd, 4318331.043, 113
Trd, 4318331.743, 103
Trd, 4318332.693, 90
Trd, 4318333.943, 112
Trd, 4318334.743, 78
Trd, 4318335.143, 73
Trd, 4318336.093, 75
Trd, 4318336.793, 133
Trd, 4318337.893, 102
Trd, 4318338.043, 89
Trd, 4318338.543, 96
Trd, 4318339.293, 114
Trd, 4318339.593, 101
Trd, 4318340.743, 101
Trd, 4318342.443, 124
Trd, 4318342.543, 92
Trd, 4318343.943, 86
Trd, 4318344.593, 116
Trd, 4318344.743, 108
Trd, 4318344.843, 66
Trd, 4318346.543, 68
Trd, 4318347.993, 68
Trd, 4318348.743, 71
Trd, 4318349.993, 67
Trd, 4318350.043, 85
Trd, 4318350.143, 92
Trd, 4318350.393, 100
Trd, 4318351.293, 110
Trd, 4318351.743, 109
Trd, 4318352.593, 103
Trd, 4318353.893, 99
Trd, 4318354.293, 88
Trd, 4318354.343, 100
Trd, 4318355.443, 130
Trd, 4318357.743, 130
Trd, 4318358.043, 103
Trd, 4318358.143, 101
Trd, 4318358.393, 111
Trd, 4318358.443, 78
Trd, 4318358.643, 123
Trd, 4318359.343, 101
Trd, 4318360.793, 102
Trd, 4318360.993, 86
Trd, 4318361.543, 117
Trd, 4318361.743, 94
Trd, 4318362.143, 81
Trd, 4318362.293, 121
Trd, 4318362.493, 74
Trd, 4318363.493, 87
Trd, 4318363.993, 60
Trd, 4318365.093, 85
Trd, 4318366.993, 94
Trd, 4318367.293, 60
Trd, 4318367.943, 71
Trd, 4318368.443, 70
Trd, 4318368.593, 66
Trd, 4318370.243, 81
Trd, 4318371.543, 106
Trd, 4318371.593, 77
Trd, 4318372.643, 94
Trd, 4318372.793, 88
Trd, 4318372.893, 79
Trd, 4318373.993, 120
Trd, 4318374.443, 104
Trd, 4318376.793, 137
Trd, 4318377.443, 128
Trd, 4318377.493, 124
Trd, 4318377.743, 123
Trd, 4318378.143, 105
Trd, 4318379.643, 131
Trd, 4318380.443, 136
Trd, 4318381.093, 119
Trd, 4318381.593, 115
Trd, 4318381.793, 94
Trd, 4318382.643, 90
Trd, 4318383.143, 120
Trd, 4318383.993, 93
Trd, 4318384.143, 72
Trd, 4318384.643, 104
Trd, 4318384.943, 120
Trd, 4318386.243, 80
Trd, 4318387.043, 86
Trd, 4318387.593, 105
Trd, 4318388.543, 118
Trd, 4318389.143, 115
Trd, 4318389.343, 110
Trd, 4318390.093, 93
Trd, 4318390.693, 107
Trd, 4318390.743, 106
Trd, 4318391.293, 125
Trd, 4318391.893, 98
Trd, 4318392.093, 72
Trd, 4318392.393, 135
Trd, 4318393.643, 85
Trd, 4318394.693, 82
Trd, 4318395.493, 79
Trd, 4318396.143, 118
Trd, 4318397.393, 121
Trd, 4318397.693, 82
Trd, 4318398.043, 105
Trd, 4318398.993, 129
Trd, 4318400.493, 114
Trd, 4318400.693, 109
Trd, 4318400.793, 101
Trd, 4318401.943, 115
Trd, 4318402.443, 92
Trd, 4318402.743, 89
Trd, 4318402.843, 78
Trd, 4318403.493, 65
Trd, 4318404.543, 103
Trd, 4318405.193, 97
Trd, 4318405.593, 90
Trd, 4318405.693, 87
Trd, 4318405.893, 82
Trd, 4318406.693, 64
Trd, 4318407.643, 84
Trd, 4318407.993, 86
Trd, 4318408.593, 95
Trd, 4318409.743, 90
Trd, 4318410.093, 121
Trd, 4318410.543, 106
Trd, 4318411.843, 88
Trd, 4318412.293, 88
Trd, 4318412.493, 93
Trd, 4318413.743, 135
Trd, 4318414.843, 133
Trd, 4318415.093, 122
Trd, 4318415.743, 82
Trd, 4318415.943, 98
Trd, 4318416.893, 88
Trd, 4318417.693, 70
Trd, 4318418.243, 62
Trd, 4318418.493, 96
Trd, 4318419.743, 100
Trd, 4318421.743, 130
Trd, 4318422.443, 117
Trd, 4318423.643, 120
Trd, 4318423.893, 96
Trd, 4318424.143, 123
Trd, 4318424.843, 118
Trd, 4318426.093, 123
Trd, 4318426.893, 119
Trd, 4318427.543, 111
Trd, 4318428.193, 106
Trd, 4318428.343, 135
Trd, 4318429.143, 97
Trd, 4318429.343, 97
Trd, 4318430.943, 98
Trd, 4318431.793, 80
Trd, 4318433.193, 74
Trd, 4318433.543, 69
Trd, 4318433.943, 66
Trd, 4318434.343, 88
Trd, 4318434.943, 104
Trd, 4318435.393, 87
Trd, 4318435.743, 68
Trd, 4318435.993, 118
Trd, 4318436.593, 126
Trd, 4318437.543, 77
Trd, 4318438.193, 109
Trd, 4318438.843, 90
Trd, 4318440.393, 97
Trd, 4318440.843, 93
Trd, 4318440.943, 125
Trd, 4318442.493, 131
Trd, 4318443.193, 126
Trd, 4318443.293, 122
Trd, 4318443.443, 122
Trd, 4318444.043, 105
Trd, 4318444.293, 84
Trd, 4318445.393, 109
Trd, 4318446.093, 132
Trd, 4318446.193, 115
Trd, 4318447.093, 89
Trd, 4318448.393, 112
Trd, 4318448.743, 105
Trd, 4318451.193, 75
Trd, 4318451.743, 109
Trd, 4318452.743, 99
Trd, 4318453.493, 136
Trd, 4318453.593, 122
Trd, 4318454.693, 100
Trd, 4318454.743, 85
Trd, 4318455.293, 81
Trd, 4318455.393, 101
Trd, 4318455.743, 140
Trd, 4318456.593, 67
Trd, 4318458.443, 84
Trd, 4318458.493, 112
Trd, 4318460.443, 88
Trd, 4318461.593, 113
Trd, 4318461.743, 106
Trd, 4318462.143, 107
Trd, 4318462.893, 121
Trd, 4318463.593, 130
Trd, 4318463.893, 96
Trd, 4318464.143, 98
Trd, 4318464.743, 93
Trd, 4318466.043, 71
Trd, 4318466.793, 90
Trd, 4318467.193, 80
Trd, 4318467.243, 90
Trd, 4318468.593, 101
Trd, 4318469.393, 76
Trd, 4318469.693, 113
Trd, 4318470.693, 112
Trd, 4318471.193, 81
Trd, 4318472.143, 126
Trd, 4318472.293, 115
Trd, 4318472.593, 114
Trd, 4318473.493, 75
Trd, 4318474.293, 104
Trd, 4318474.643, 111
Trd, 4318474.743, 108
Trd, 4318476.293, 96
Trd, 4318477.593, 82
Trd, 4318478.443, 110
Trd, 4318478.643, 123
Trd, 4318478.943, 87
Trd, 4318479.793, 68
Trd, 4318480.593, 123
Trd, 4318481.293, 117
Trd, 4318481.393, 107
Trd, 4318482.343, 104
Trd, 4318482.393, 65
Trd, 4318483.843, 62
Trd, 4318484.293, 62
Trd, 4318485.893, 67
Trd, 4318486.293, 74
Trd, 4318487.143, 86
Trd, 4318487.593, 140
Trd, 4318488.293, 112
Trd, 4318488.493, 97
Trd, 4318489.543, 137
Trd, 4318490.043, 114
Trd, 4318490.293, 120
Trd, 4318490.843, 103
Trd, 4318491.343, 97
Trd, 4318492.593, 134
Trd, 4318492.893, 124
Trd, 4318492.993, 112
Trd, 4318493.943, 133
Trd, 4318494.743, 115
Trd, 4318495.143, 130
Trd, 4318496.693, 107
Trd, 4318497.143, 112
Trd, 4318497.843, 87
Trd, 4318498.293, 80
Trd, 4318498.693, 86
Trd, 4318499.293, 94
Trd, 4318499.743, 79
Trd, 4318500.943, 74
Trd, 4318501.143, 88
Trd, 4318503.143, 116
Trd, 4318503.793, 101
Trd, 4318505.643, 116
Trd, 4318506.243, 98
Trd, 4318506.343, 97
Trd, 4318506.643, 81
Trd, 4318507.593, 85
Trd, 4318508.143, 135
Trd, 4318508.893, 127
Trd, 4318509.193, 110
Trd, 4318509.543, 123
Trd, 4318509.793, 99
Trd, 4318510.693, 111
Trd, 4318511.793, 91
Trd, 4318512.093, 106
Trd, 4318512.793, 138
Trd, 4318513.393, 134
Trd, 4318514.143, 118
Trd, 4318514.393, 118
Trd, 4318514.543, 80
Trd, 4318514.743, 73
Trd, 4318516.443, 94
Trd, 4318517.093, 85
Trd, 4318518.193, 81
Trd, 4318518.643, 102
Trd, 4318518.893, 103
Trd, 4318520.243, 89
Trd, 4318521.343, 100
Trd, 4318521.493, 104
Trd, 4318522.493, 95
Trd, 4318523.693, 87
Trd, 4318524.193, 113
Trd, 4318525.093, 87
Trd, 4318525.293, 80
Trd, 4318525.693, 88
Trd, 4318525.743, 93
Trd, 4318526.543, 108
Trd, 4318527.943, 112
Trd, 4318528.193, 103
Trd, 4318529.243, 73
Trd, 4318529.643, 70
Trd, 4318530.393, 60
Trd, 4318531.843, 99
Trd, 4318533.743, 140
Trd, 4318534.093, 133
Trd, 4318534.393, 120
Trd, 4318536.043, 113
Trd, 4318536.643, 138
Trd, 4318537.793, 110
Trd, 4318537.993, 107
Trd, 4318538.093, 130
Trd, 4318538.393, 129
Trd, 4318539.593, 93
Trd, 4318540.993, 131
Trd, 4318541.143, 116
Trd, 4318541.243, 96
Trd, 4318541.893, 137
Trd, 4318542.243, 124
Trd, 4318543.593, 89
Trd, 4318544.843, 101
Trd, 4318545.193, 113
Trd, 4318546.293, 96
Trd, 4318546.393, 102
Trd, 4318546.593, 95
Trd, 4318547.393, 133
Trd, 4318548.643, 127
Trd, 4318548.893, 108
Trd, 4318549.793, 84
Trd, 4318550.743, 83
Trd, 4318550.893, 104
Trd, 4318551.243, 134
Trd, 4318553.043, 90
Trd, 4318553.743, 92
Trd, 4318554.393, 89
Trd, 4318555.043, 126
Trd, 4318555.843, 118
Trd, 4318556.293, 116
Trd, 4318557.593, 136
Trd, 4318557.943, 128
Trd, 4318558.093, 110
Trd, 4318558.343, 107
Trd, 4318558.493, 131
Trd, 4318558.643, 71
Trd, 4318560.293, 78
Trd, 4318560.693, 89
Trd, 4318561.793, 74
Trd, 4318561.843, 68
Trd, 4318563.143, 60
Trd, 4318563.893, 77
Trd, 4318564.643, 71
Trd, 4318564.893, 83
Trd, 4318566.143, 116
Trd, 4318566.343, 133
Trd, 4318566.693, 110
Trd, 4318567.743, 100
Trd, 4318568.893, 98
Trd, 4318569.093, 114
Trd, 4318569.843, 81
Trd, 4318570.443, 77
Trd, 4318571.193, 72
Trd, 4318571.893, 77
Trd, 4318572.143, 90
Trd, 4318573.243, 84
Trd, 4318573.793, 118
Trd, 4318573.943, 110
Trd, 4318575.643, 77
Trd, 4318576.593, 117
Trd, 4318576.993, 127
Trd, 4318577.793, 103
Trd, 4318578.243, 133
Trd, 4318578.893, 130
Trd, 4318579.643, 92
Trd, 4318580.743, 128
Trd, 4318581.043, 117
Trd, 4318582.193, 97
Trd, 4318582.893, 93
Trd, 4318583.293, 93
Trd, 4318584.893, 115
Trd, 4318584.943, 105
Trd, 4318585.293, 70
Trd, 4318585.443, 66
Trd, 4318585.643, 60
Trd, 4318587.043, 68
Trd, 4318587.343, 68
Trd, 4318588.193, 90
Trd, 4318588.443, 79
Trd, 4318588.943, 87
Trd, 4318590.643, 89
Trd, 4318591.443, 85
Trd, 4318591.743, 104
Trd, 4318591.843, 110
Trd, 4318592.843, 119
Trd, 4318593.343, 99
Trd, 4318593.843, 98
Trd, 4318594.093, 84
Trd, 4318596.593, 113
Trd, 4318596.743, 116
Trd, 4318596.943, 122
Trd, 4318598.343, 100
Trd, 4318598.793, 121
Trd, 4318599.043, 115
Trd, 4318599.793, 130
Trd, 4318600.693, 110
Trd, 4318601.793, 104
Trd, 4318602.393, 102
Trd, 4318602.893, 102
Trd, 4318602.943, 99
Trd, 4318603.193, 133
Trd, 4318603.943, 110
Trd, 4318604.193, 134
Trd, 4318605.143, 140
Trd, 4318606.043, 133
Trd, 4318607.093, 119
Trd, 4318607.893, 116
Trd, 4318608.693, 113
Trd, 4318609.993, 115
Trd, 4318611.543, 126
Trd, 4318612.443, 117
Trd, 4318612.593, 107
Trd, 4318613.843, 118
Trd, 4318614.143, 106
Trd, 4318614.193, 93
Trd, 4318615.543, 71
Trd, 4318616.093, 70
Trd, 4318616.893, 89
Trd, 4318617.093, 99
Trd, 4318618.093, 82
Trd, 4318619.343, 110
Trd, 4318620.043, 94
Trd, 4318620.243, 94
Trd, 4318620.543, 99
Trd, 4318621.293, 112
Trd, 4318621.543, 87
Trd, 4318621.693, 118
Trd, 4318622.943, 132
Trd, 4318624.443, 129
Trd, 4318624.943, 120
Trd, 4318625.493, 102
Trd, 4318626.843, 98
Trd, 4318626.993, 108
Trd, 4318627.093, 86
Trd, 4318627.993, 125
Trd, 4318628.693, 129
Trd, 4318629.193, 101
Trd, 4318629.343, 95
Trd, 4318631.543, 129
Trd, 4318632.393, 104
Trd, 4318633.693, 90
Trd, 4318634.343, 99
Trd, 4318634.693, 95
Trd, 4318634.943, 88
Trd, 4318635.343, 62
Trd, 4318636.593, 81
Trd, 4318637.093, 83
Trd, 4318637.243, 80
Trd, 4318637.593, 95
Trd, 4318638.443, 127
Trd, 4318638.893, 108
Trd, 4318640.443, 131
Trd, 4318640.493, 110
Trd, 4318640.943, 100
Trd, 4318641.393, 93
Trd, 4318643.943, 136
Trd, 4318644.093, 123
Trd, 4318644.793, 98
Trd, 4318644.943, 96
Trd, 4318646.343, 121
Trd, 4318646.793, 131
Trd, 4318647.493, 124
Trd, 4318648.393, 123
Trd, 4318648.543, 120
Trd, 4318648.693, 118
Trd, 4318648.893, 113
Trd, 4318649.893, 90
Trd, 4318650.343, 91
Trd, 4318651.393, 80
Trd, 4318651.493, 89
Trd, 4318651.893, 76
Trd, 4318652.743, 91
Trd, 4318652.893, 120
Trd, 4318656.193, 110
Trd, 4318656.643, 102
Trd, 4318657.243, 101
Trd, 4318657.443, 102
Trd, 4318658.093, 91
Trd, 4318658.643, 114
Trd, 4318659.343, 85
Trd, 4318659.693, 83
Trd, 4318660.293, 76
Trd, 4318661.543, 87
Trd, 4318661.743, 124
Trd, 4318662.593, 86
Trd, 4318663.143, 91
Trd, 4318663.343, 110
Trd, 4318663.493, 93
Trd, 4318663.893, 77
Trd, 4318664.493, 70
Trd, 4318665.143, 124
Trd, 4318666.293, 122
Trd, 4318668.293, 116
Trd, 4318668.543, 107
Trd, 4318669.393, 95
Trd, 4318669.643, 131
Trd, 4318669.993, 117
Trd, 4318670.093, 96
Trd, 4318671.193, 111
Trd, 4318671.593, 102
Trd, 4318672.343, 80
Trd, 4318674.393, 60
Trd, 4318675.643, 108
Trd, 4318675.943, 92
Trd, 4318677.243, 92
Trd, 4318677.493, 101
Trd, 4318678.243, 97
Trd, 4318678.393, 92
Trd, 4318679.243, 80
Trd, 4318680.593, 126
Trd, 4318680.993, 130
Trd, 4318681.593, 123
Trd, 4318681.643, 111
Trd, 4318683.043, 133
Trd, 4318683.393, 120
Trd, 4318684.193, 75
Trd, 4318685.343, 69
Trd, 4318685.843, 76
Trd, 4318685.943, 73
Trd, 4318686.893, 65
Trd, 4318688.143, 87
Trd, 4318689.243, 69
Trd, 4318689.743, 94
Trd, 4318690.593, 61
Trd, 4318691.843, 84
Trd, 4318691.893, 62
Trd, 4318693.193, 95
Trd, 4318693.793, 80
Trd, 4318694.043, 69
Trd, 4318694.193, 68
Trd, 4318694.593, 122
Trd, 4318697.093, 114
Trd, 4318697.143, 112
Trd, 4318698.193, 81
Trd, 4318698.393, 78
Trd, 4318698.743, 117
Trd, 4318699.093, 98
Trd, 4318699.243, 98
Trd, 4318699.793, 79
Trd, 4318700.193, 133
Trd, 4318702.593, 124
Trd, 4318702.993, 112
Trd, 4318704.793, 97
Trd, 4318705.043, 79
Trd, 4318705.193, 103
Trd, 4318705.743, 123
Trd, 4318707.443, 103
Trd, 4318708.193, 128
Trd, 4318709.143, 105
Trd, 4318709.793, 90
Trd, 4318710.743, 74
Trd, 4318711.093, 73
Trd, 4318711.293, 110
Trd, 4318711.943, 112
Trd, 4318712.493, 95
Trd, 4318712.793, 127
Trd, 4318712.893, 111
Trd, 4318713.743, 82
Trd, 4318714.993, 67
Trd, 4318715.293, 64
Trd, 4318716.043, 73
Trd, 4318717.193, 98
Trd, 4318717.743, 80
Trd, 4318718.043, 73
Trd, 4318719.143, 121
Trd, 4318719.293, 100
Trd, 4318719.693, 111
Trd, 4318719.743, 88
Trd, 4318721.193, 113
Trd, 4318722.443, 132
Trd, 4318723.093, 69
Trd, 4318723.693, 83
Trd, 4318723.893, 104
Trd, 4318724.843, 90
Trd, 4318725.243, 82
Trd, 4318725.843, 131
Trd, 4318725.943, 128
Trd, 4318725.993, 86
Trd, 4318726.393, 84
Trd, 4318727.843, 104
Trd, 4318728.093, 83
Trd, 4318730.343, 128
Trd, 4318730.493, 120
Trd, 4318730.743, 108
Trd, 4318730.893, 131
Trd, 4318731.893, 118
Trd, 4318732.043, 123
Trd, 4318732.593, 108
Trd, 4318732.743, 97
Trd, 4318734.593, 100
Trd, 4318734.643, 74
Trd, 4318735.693, 131
Trd, 4318736.493, 138
Trd, 4318737.293, 125
Trd, 4318738.243, 122
Trd, 4318738.793, 128
Trd, 4318738.943, 125
Trd, 4318739.593, 89
Trd, 4318739.743, 88
Trd, 4318740.693, 118
Trd, 4318740.893, 96
Trd, 4318741.793, 82
Trd, 4318742.493, 90
Trd, 4318742.893, 92
Trd, 4318743.743, 131
Trd, 4318744.393, 115
Trd, 4318744.593, 85
Trd, 4318746.643, 98
Trd, 4318747.893, 74
Trd, 4318748.143, 112
Trd, 4318749.843, 99
Trd, 4318751.143, 91
Trd, 4318751.193, 121
Trd, 4318751.593, 93
Trd, 4318752.093, 60
Trd, 4318752.243, 80
Trd, 4318752.543, 68
Trd, 4318754.343, 131
Trd, 4318754.593, 119
Trd, 4318756.343, 109
Trd, 4318756.743, 89
Trd, 4318757.243, 107
Trd, 4318757.893, 99
Trd, 4318758.243, 68
Trd, 4318758.843, 89
Trd, 4318759.493, 72
Trd, 4318760.843, 87
Trd, 4318761.743, 75
Trd, 4318763.443, 73
Trd, 4318763.543, 96
Trd, 4318763.943, 68
Trd, 4318765.293, 69
Trd, 4318765.393, 88
Trd, 4318765.943, 90
Trd, 4318766.143, 76
Trd, 4318766.993, 67
Trd, 4318768.293, 74
Trd, 4318768.743, 68
Trd, 4318770.543, 72
Trd, 4318771.343, 66
Trd, 4318771.443, 75
Trd, 4318771.743, 93
Trd, 4318772.193, 102
Trd, 4318772.343, 77
Trd, 4318773.193, 117
Trd, 4318774.343, 87
Trd, 4318774.793, 62
Trd, 4318774.993, 62
Trd, 4318775.843, 101
Trd, 4318776.393, 84
Trd, 4318778.043, 88
Trd, 4318778.393, 93
Trd, 4318778.643, 93
Trd, 4318779.493, 82
Trd, 4318780.493, 77
Trd, 4318782.143, 122
Trd, 4318782.193, 115
Trd, 4318782.643, 115
Trd, 4318783.193, 90
Trd, 4318783.743, 77
Trd, 4318784.293, 87
Trd, 4318784.393, 64
Trd, 4318786.443, 86
Trd, 4318787.843, 138
Trd, 4318787.943, 124
Trd, 4318788.243, 116
Trd, 4318788.593, 116
Trd, 4318790.143, 119
Trd, 4318790.543, 107
Trd, 4318791.493, 105
Trd, 4318791.893, 107
Trd, 4318792.043, 126
Trd, 4318792.093, 84
Trd, 4318792.443, 133
Trd, 4318793.443, 110
Trd, 4318795.393, 83
Trd, 4318795.893, 109
Trd, 4318796.193, 108
Trd, 4318796.893, 105
Trd, 4318797.093, 98
Trd, 4318797.593, 112
Trd, 4318797.993, 93
Trd, 4318798.743, 84
Trd, 4318799.643, 101
Trd, 4318800.643, 98
Trd, 4318802.643, 77
Trd, 4318803.043, 99
Trd, 4318803.593, 70
Trd, 4318803.693, 71
Trd, 4318803.893, 100
Trd, 4318804.643, 117
Trd, 4318805.943, 94
Trd, 4318807.343, 99
Trd, 4318808.293, 94
Trd, 4318808.693, 88
Trd, 4318810.293, 137
Trd, 4318810.893, 115
Trd, 4318810.943, 97
Trd, 4318811.293, 104
Trd, 4318811.543, 92
Trd, 4318813.443, 134
Trd, 4318814.243, 104
Trd, 4318815.143, 103
Trd, 4318816.693, 103
Trd, 4318817.093, 120
Trd, 4318817.443, 107
Trd, 4318817.593, 106
Trd, 4318818.943, 101
Trd, 4318818.993, 111
Trd, 4318819.093, 126
Trd, 4318821.243, 138
Trd, 4318821.843, 136
Trd, 4318822.443, 106
Trd, 4318823.843, 86
Trd, 4318824.593, 123
Trd, 4318824.793, 80
Trd, 4318824.943, 137
Trd, 4318826.643, 85
Trd, 4318827.243, 129
Trd, 4318827.443, 119
Trd, 4318827.643, 118
Trd, 4318828.043, 99
Trd, 4318828.893, 72
Trd, 4318829.843, 137
Trd, 4318829.943, 103
Trd, 4318830.893, 140
Trd, 4318831.043, 124
Trd, 4318831.243, 120
Trd, 4318831.743, 107
Trd, 4318832.443, 97
Trd, 4318834.393, 90
Trd, 4318834.593, 81
Trd, 4318834.943, 91
Trd, 4318836.993, 133
Trd, 4318837.343, 120
Trd, 4318837.993, 124
Trd, 4318838.393, 91
Trd, 4318838.643, 84
Trd, 4318838.993, 129
Trd, 4318840.293, 118
Trd, 4318840.893, 97
Trd, 4318842.043, 114
Trd, 4318843.493, 108
Trd, 4318843.693, 98
Trd, 4318845.143, 112
Trd, 4318845.493, 108
Trd, 4318846.543, 117
Trd, 4318846.893, 92
Trd, 4318847.543, 90
Trd, 4318848.043, 99
Trd, 4318849.193, 136
Trd, 4318849.943, 102
Trd, 4318850.893, 104
Trd, 4318851.693, 136
Trd, 4318852.093, 123
Trd, 4318852.693, 100
Trd, 4318853.443, 64
Trd, 4318854.743, 74
Trd, 4318855.393, 97
Trd, 4318855.593, 110
Trd, 4318856.243, 93
Trd, 4318856.593, 77
Trd, 4318857.293, 122
Trd, 4318858.793, 110
Trd, 4318859.193, 107
Trd, 4318859.443, 106
Trd, 4318860.893, 115
Trd, 4318861.243, 79
Trd, 4318861.443, 132
Trd, 4318861.893, 128
Trd, 4318862.043, 114
Trd, 4318864.593, 117
Trd, 4318864.893, 109
Trd, 4318865.843, 93
Trd, 4318866.243, 97
Trd, 4318868.043, 91
Trd, 4318868.643, 116
Trd, 4318868.993, 113
Trd, 4318869.743, 121
Trd, 4318870.443, 110
Trd, 4318871.393, 84
Trd, 4318872.043, 66
Trd, 4318872.893, 102
Trd, 4318873.493, 92
Trd, 4318874.493, 114
Trd, 4318875.343, 139
Trd, 4318875.843, 129
Trd, 4318876.493, 85
Trd, 4318876.643, 84
Trd, 4318878.143, 99
Trd, 4318878.293, 76
Trd, 4318879.843, 129
Trd, 4318879.993, 102
Trd, 4318880.193, 79
Trd, 4318880.543, 78
Trd, 4318882.493, 86
Trd, 4318882.543, 88
Trd, 4318882.743, 110
Trd, 4318883.843, 102
Trd, 4318885.293, 93
Trd, 4318885.393, 89
Trd, 4318885.893, 135
Trd, 4318886.193, 125
Trd, 4318886.543, 115
Trd, 4318886.693, 90
Trd, 4318887.493, 62
Trd, 4318887.943, 77
Trd, 4318889.993, 78
Trd, 4318890.243, 79
Trd, 4318890.743, 87
Trd, 4318891.443, 92
Trd, 4318892.143, 134
Trd, 4318892.643, 111
Trd, 4318894.143, 123
Trd, 4318894.743, 114
Trd, 4318895.193, 107
Trd, 4318895.293, 101
Trd, 4318896.893, 116
Trd, 4318897.993, 106
Trd, 4318899.193, 134
Trd, 4318899.643, 116
Trd, 4318899.793, 114
Trd, 4318900.093, 116
Trd, 4318901.243, 112
Trd, 4318901.693, 102
Trd, 4318901.743, 80
Trd, 4318903.493, 85
Trd, 4318903.943, 66
Trd, 4318904.943, 135
Trd, 4318905.143, 113
Trd, 4318905.293, 108
Trd, 4318906.643, 125
Trd, 4318906.893, 120
Trd, 4318908.043, 116
Trd, 4318908.293, 110
Trd, 4318908.643, 99
Trd, 4318909.193, 120
Trd, 4318909.843, 94
Trd, 4318910.443, 75
Trd, 4318912.093, 108
Trd, 4318912.743, 87
Trd, 4318913.043, 85
Trd, 4318913.193, 123
Trd, 4318914.343, 136
Trd, 4318915.093, 95
Trd, 4318915.443, 109
Trd, 4318915.593, 93
Trd, 4318915.743, 91
Trd, 4318916.743, 85
Trd, 4318917.143, 62
Trd, 4318919.043, 132
Trd, 4318919.243, 130
Trd, 4318919.393, 119
Trd, 4318920.343, 61
Trd, 4318921.393, 111
Trd, 4318922.993, 113
Trd, 4318923.043, 101
Trd, 4318923.593, 112
Trd, 4318923.793, 88
Trd, 4318924.143, 81
Trd, 4318926.993, 78
Trd, 4318927.343, 129
Trd, 4318927.643, 117
Trd, 4318928.043, 131
Trd, 4318929.643, 60
Trd, 4318930.193, 70
Trd, 4318930.943, 83
Trd, 4318931.693, 67
Trd, 4318932.793, 110
Trd, 4318933.393, 103
Trd, 4318933.743, 103
Trd, 4318934.093, 100
Trd, 4318934.443, 105
Trd, 4318935.293, 72
Trd, 4318936.943, 76
Trd, 4318938.043, 78
Trd, 4318938.543, 72
Trd, 4318938.693, 94
Trd, 4318941.493, 84
Trd, 4318942.543, 126
Trd, 4318942.793, 128
Trd, 4318943.093, 104
Trd, 4318943.943, 128
Trd, 4318943.993, 116
Trd, 4318944.093, 115
Trd, 4318944.843, 129
Trd, 4318946.243, 67
Trd, 4318946.543, 71
Trd, 4318947.043, 83
Trd, 4318948.043, 62
Trd, 4318949.043, 63
Trd, 4318949.143, 101
Trd, 4318949.593, 88
Trd, 4318951.443, 111
Trd, 4318951.693, 109
Trd, 4318951.843, 105
Trd, 4318952.143, 87
Trd, 4318953.043, 76
Trd, 4318953.493, 62
Trd, 4318955.193, 104
Trd, 4318956.843, 136
Trd, 4318956.893, 126
Trd, 4318957.143, 123
Trd, 4318957.943, 111
Trd, 4318959.343, 134
Trd, 4318959.493, 127
Trd, 4318960.293, 117
Trd, 4318961.893, 90
Trd, 4318961.943, 87
Trd, 4318962.443, 93
Trd, 4318963.243, 84
Trd, 4318963.643, 120
Trd, 4318966.043, 131
Trd, 4318966.743, 130
Trd, 4318966.893, 120
Trd, 4318967.093, 129
Trd, 4318967.443, 122
Trd, 4318967.943, 114
Trd, 4318967.993, 72
Trd, 4318968.043, 124
Trd, 4318968.743, 82
Trd, 4318969.543, 97
Trd, 4318970.193, 69
Trd, 4318971.543, 115
Trd, 4318972.343, 110
Trd, 4318972.743, 118
Trd, 4318973.643, 96
Trd, 4318974.293, 102
Trd, 4318974.843, 84
Trd, 4318975.543, 92
Trd, 4318976.843, 94
Trd, 4318978.193, 109
Trd, 4318978.293, 101
Trd, 4318978.643, 67
Trd, 4318979.393, 60
Trd, 4318980.343, 62
Trd, 4318981.143, 109
Trd, 4318981.543, 134
Trd, 4318982.093, 87
Trd, 4318982.443, 82
Trd, 4318983.393, 63
Trd, 4318984.043, 77
Trd, 4318984.443, 89
Trd, 4318986.193, 127
Trd, 4318987.043, 88
Trd, 4318987.993, 123
Trd, 4318988.443, 134
Trd, 4318989.243, 80
Trd, 4318989.893, 137
Trd, 4318989.993, 129
Trd, 4318990.693, 85
Trd, 4318990.893, 80
Trd, 4318991.143, 75
Trd, 4318991.493, 70
Trd, 4318991.743, 82
Trd, 4318992.193, 85
Trd, 4318994.243, 104
Trd, 4318994.493, 89
Trd, 4318995.193, 80
Trd, 4318995.343, 80
Trd, 4318995.443, 94
Trd, 4318996.343, 71
Trd, 4318997.093, 98
Trd, 4318997.693, 120
Trd, 4318998.843, 121
Trd, 4319000.743, 126
Trd, 4319000.943, 115
Trd, 4319000.993, 105
Trd, 4319001.543, 116
Trd, 4319001.843, 117
Trd, 4319003.043, 120
Trd, 4319003.243, 111
Trd, 4319003.693, 60
Trd, 4319003.843, 77
Trd, 4319004.643, 84
Trd, 4319005.643, 80
Trd, 4319006.293, 91
Trd, 4319008.943, 70
Trd, 4319009.443, 64
Trd, 4319009.693, 71
Trd, 4319010.243, 75
Trd, 4319010.443, 86
Trd, 4319010.693, 102
Trd, 4319011.843, 80
Trd, 4319012.143, 70
Trd, 4319013.143, 66
Trd, 4319014.793, 103
Trd, 4319015.443, 97
Trd, 4319016.593, 95
Trd, 4319016.943, 82
Trd, 4319017.643, 96
Trd, 4319017.843, 76
Trd, 4319018.343, 104
Trd, 4319019.193, 61
Trd, 4319019.543, 100
Trd, 4319020.243, 77
Trd, 4319021.393, 117
Trd, 4319021.543, 98
Trd, 4319021.893, 108
Trd, 4319022.243, 119
Trd, 4319023.893, 77
Trd, 4319024.093, 68
Trd, 4319024.943, 77
Trd, 4319025.643, 72
Trd, 4319026.043, 68
Trd, 4319026.093, 81
Trd, 4319028.193, 117
Trd, 4319028.593, 110
Trd, 4319029.593, 107
Trd, 4319029.943, 94
Trd, 4319030.043, 91
Trd, 4319030.543, 117
Trd, 4319031.693, 96
Trd, 4319032.543, 103
Trd, 4319033.493, 61
Trd, 4319034.043, 78
Trd, 4319036.243, 84
Trd, 4319036.293, 77
Trd, 4319036.493, 81
Trd, 4319036.993, 86
Trd, 4319037.243, 74
Trd, 4319037.443, 103
Trd, 4319037.943, 64
Trd, 4319038.393, 61
Trd, 4319039.493, 103
Trd, 4319039.893, 89
Trd, 4319041.943, 114
Trd, 4319042.043, 112
Trd, 4319042.543, 121
Trd, 4319043.843, 97
Trd, 4319044.393, 108
Trd, 4319045.293, 104
Trd, 4319045.493, 94
Trd, 4319046.493, 124
Trd, 4319047.243, 90
Trd, 4319047.543, 124
Trd, 4319047.593, 85
Trd, 4319047.893, 77
Trd, 4319048.393, 107
Trd, 4319049.993, 61
Trd, 4319050.343, 121
Trd, 4319050.793, 100
Trd, 4319052.043, 100
Trd, 4319053.193, 90
Trd, 4319053.993, 91
Trd, 4319054.093, 100
Trd, 4319054.843, 104
Trd, 4319057.743, 82
Trd, 4319058.793, 140
Trd, 4319058.943, 106
Trd, 4319060.243, 105
Trd, 4319061.843, 95
Trd, 4319061.893, 106
Trd, 4319062.493, 81
Trd, 4319063.043, 112
Trd, 4319063.193, 112
Trd, 4319063.793, 119
Trd, 4319064.243, 82
Trd, 4319065.843, 123
Trd, 4319066.043, 111
Trd, 4319067.043, 78
Trd, 4319067.343, 80
Trd, 4319068.843, 91
Trd, 4319069.943, 108
Trd, 4319070.093, 102
Trd, 4319070.443, 81
Trd, 4319071.593, 117
Trd, 4319072.443, 107
Trd, 4319072.793, 90
Trd, 4319073.593, 121
Trd, 4319073.843, 76
Trd, 4319076.143, 128
Trd, 4319076.543, 128
Trd, 4319076.893, 126
Trd, 4319077.643, 96
Trd, 4319078.043, 86
Trd, 4319078.493, 117
Trd, 4319080.843, 85
Trd, 4319080.943, 86
Trd, 4319082.093, 94
Trd, 4319082.743, 85
Trd, 4319082.843, 130
Trd, 4319083.893, 90
Trd, 4319085.343, 109
Trd, 4319085.793, 88
Trd, 4319085.893, 114
Trd, 4319086.643, 139
Trd, 4319086.893, 97
Trd, 4319087.643, 96
Trd, 4319088.293, 84
Trd, 4319089.143, 129
Trd, 4319089.643, 97
Trd, 4319090.593, 101
Trd, 4319090.743, 95
Trd, 4319092.343, 129
Trd, 4319093.843, 115
Trd, 4319093.893, 105
Trd, 4319093.943, 104
Trd, 4319094.643, 109
Trd, 4319096.793, 116
Trd, 4319097.043, 102
Trd, 4319097.243, 98
Trd, 4319098.193, 121
Trd, 4319099.043, 115
Trd, 4319099.293, 110
Trd, 4319100.693, 133
Trd, 4319101.193, 135
Trd, 4319101.443, 127
Trd, 4319101.893, 115
Trd, 4319102.343, 140
Trd, 4319104.243, 128
Trd, 4319106.493, 85
Trd, 4319106.743, 98
Trd, 4319107.043, 81
Trd, 4319107.543, 72
Trd, 4319108.043, 105
Trd, 4319108.393, 117
Trd, 4319108.643, 85
Trd, 4319108.693, 71
Trd, 4319109.293, 125
Trd, 4319110.243, 101
Trd, 4319112.043, 87
Trd, 4319113.243, 116
Trd, 4319113.593, 140
Trd, 4319114.943, 89
Trd, 4319115.843, 96
Trd, 4319116.343, 95
Trd, 4319116.593, 89
Trd, 4319116.843, 86
Trd, 4319117.743, 109
Trd, 4319118.093, 110
Trd, 4319118.393, 95
Trd, 4319118.643, 125
Trd, 4319120.343, 83
Trd, 4319121.193, 82
Trd, 4319122.443, 76
Trd, 4319122.593, 94
Trd, 4319122.843, 69
Trd, 4319123.393, 100
Trd, 4319123.593, 97
Trd, 4319124.443, 93
Trd, 4319124.693, 86
Trd, 4319124.943, 114
Trd, 4319125.443, 113
Trd, 4319126.893, 116
Trd, 4319127.493, 125
Trd, 4319129.543, 68
Trd, 4319131.143, 67
Trd, 4319131.443, 83
Trd, 4319131.843, 65
Trd, 4319132.843, 89
Trd, 4319134.343, 65
Trd, 4319134.543, 108
Trd, 4319135.243, 69
Trd, 4319136.243, 128
Trd, 4319136.443, 76
Trd, 4319136.793, 98
Trd, 4319137.193, 93
Trd, 4319137.893, 96
Trd, 4319138.093, 104
Trd, 4319139.543, 95
Trd, 4319139.743, 75
Trd, 4319142.493, 94
Trd, 4319142.543, 90
Trd, 4319143.393, 86
Trd, 4319143.893, 123
Trd, 4319144.043, 71
Trd, 4319144.493, 100
Trd, 4319144.693, 108
Trd, 4319145.193, 133
Trd, 4319145.793, 125
Trd, 4319148.393, 108
Trd, 4319149.243, 135
Trd, 4319150.343, 101
Trd, 4319150.643, 123
Trd, 4319150.793, 119
Trd, 4319151.143, 115
Trd, 4319152.593, 101
Trd, 4319154.443, 108
Trd, 4319154.643, 100
Trd, 4319155.243, 90
Trd, 4319155.843, 132
Trd, 4319157.693, 116
Trd, 4319157.893, 140
Trd, 4319157.943, 112
Trd, 4319158.293, 126
Trd, 4319158.593, 102
Trd, 4319159.643, 78
Trd, 4319161.093, 98
Trd, 4319162.043, 71
Trd, 4319163.493, 100
Trd, 4319164.043, 128
Trd, 4319164.343, 98
Trd, 4319164.643, 92
Trd, 4319164.893, 88
Trd, 4319165.093, 87
Trd, 4319165.543, 73
Trd, 4319165.793, 75
Trd, 4319166.243, 119
Trd, 4319167.393, 88
Trd, 4319169.143, 112
Trd, 4319169.293, 119
Trd, 4319169.993, 97
Trd, 4319170.443, 81
Trd, 4319171.743, 81
Trd, 4319172.693, 95
Trd, 4319173.743, 140
Trd, 4319174.143, 125
Trd, 4319174.193, 105
Trd, 4319174.743, 130
Trd, 4319175.543, 91
Trd, 4319176.393, 82
Trd, 4319176.443, 74
Trd, 4319177.143, 97
Trd, 4319177.743, 64
Trd, 4319178.843, 60
Trd, 4319179.793, 74
Trd, 4319180.143, 111
Trd, 4319181.043, 132
Trd, 4319181.093, 121
Trd, 4319181.543, 120
Trd, 4319182.643, 70
Trd, 4319184.843, 79
Trd, 4319185.143, 103
Trd, 4319185.293, 72
Trd, 4319186.143, 72
Trd, 4319186.993, 102
Trd, 4319187.443, 101
Trd, 4319188.593, 74
Trd, 4319188.943, 88
Trd, 4319189.443, 93
Trd, 4319189.643, 110
Trd, 4319190.693, 134
Trd, 4319190.893, 120
Trd, 4319191.343, 78
Trd, 4319191.743, 78
Trd, 4319193.593, 93
Trd, 4319193.843, 109
Trd, 4319195.093, 86
Trd, 4319195.293, 85
Trd, 4319195.593, 77
Trd, 4319196.093, 69
Trd, 4319197.243, 89
Trd, 4319198.043, 64
Trd, 4319198.243, 107
Trd, 4319199.893, 128
Trd, 4319200.343, 125
Trd, 4319200.443, 117
Trd, 4319201.043, 103
Trd, 4319202.293, 100
Trd, 4319203.243, 134
Trd, 4319203.293, 88
Trd, 4319204.343, 95
Trd, 4319204.593, 140
Trd, 4319205.243, 87
Trd, 4319206.343, 85
Trd, 4319206.793, 118
Trd, 4319208.243, 114
Trd, 4319208.293, 112
Trd, 4319208.743, 88
Trd, 4319210.343, 87
Trd, 4319210.793, 98
Trd, 4319210.843, 120
Trd, 4319211.243, 100
Trd, 4319211.943, 99
Trd, 4319212.493, 93
Trd, 4319213.093, 93
Trd, 4319213.293, 99
Trd, 4319213.943, 93
Trd, 4319216.343, 129
Trd, 4319217.043, 123
Trd, 4319217.193, 133
Trd, 4319217.743, 107
Trd, 4319219.943, 90
Trd, 4319220.493, 78
Trd, 4319220.643, 77
Trd, 4319220.793, 101
Trd, 4319221.293, 87
Trd, 4319221.443, 85
Trd, 4319222.093, 87
Trd, 4319224.143, 85
Trd, 4319224.243, 75
Trd, 4319224.393, 73
Trd, 4319224.793, 75
Trd, 4319225.543, 78
Trd, 4319225.893, 90
Trd, 4319226.943, 63
Trd, 4319227.393, 84
Trd, 4319228.043, 101
Trd, 4319229.443, 101
Trd, 4319229.493, 98
Trd, 4319229.543, 90
Trd, 4319230.243, 120
Trd, 4319231.293, 63
Trd, 4319233.493, 83
Trd, 4319234.243, 117
Trd, 4319234.593, 88
Trd, 4319234.743, 84
Trd, 4319235.193, 88
Trd, 4319235.443, 98
Trd, 4319235.693, 86
Trd, 4319236.243, 97
Trd, 4319237.593, 122
Trd, 4319237.643, 113
Trd, 4319238.293, 120
Trd, 4319239.093, 122
Trd, 4319239.143, 117
Trd, 4319240.393, 107
Trd, 4319240.893, 122
Trd, 4319241.093, 136
Trd, 4319242.693, 107
Trd, 4319243.693, 100
Trd, 4319245.493, 110
Trd, 4319245.943, 118
Trd, 4319246.193, 102
Trd, 4319246.643, 127
Trd, 4319247.293, 99
Trd, 4319248.243, 133
Trd, 4319250.093, 110
Trd, 4319250.693, 104
Trd, 4319250.893, 101
Trd, 4319251.293, 97
Trd, 4319251.443, 95
Trd, 4319252.143, 115
Trd, 4319252.743, 105
Trd, 4319253.993, 105
Trd, 4319254.043, 101
Trd, 4319255.193, 135
Trd, 4319256.043, 133
Trd, 4319256.193, 109
Trd, 4319256.793, 121
Trd, 4319256.943, 62
Trd, 4319257.293, 103
Trd, 4319257.693, 75
Trd, 4319258.143, 96
Trd, 4319259.643, 74
Trd, 4319260.043, 83
Trd, 4319260.143, 67
Trd, 4319260.643, 64
Trd, 4319261.543, 61
Trd, 4319263.243, 99
Trd, 4319263.443, 89
Trd, 4319263.743, 84
Trd, 4319266.343, 118
Trd, 4319266.493, 106
Trd, 4319266.993, 124
Trd, 4319268.943, 115
Trd, 4319269.943, 110
Trd, 4319270.443, 109
Trd, 4319271.143, 134
Trd, 4319271.193, 121
Trd, 4319272.093, 131
Trd, 4319272.193, 123
Trd, 4319272.393, 104
Trd, 4319274.143, 95
Trd, 4319274.243, 86
Trd, 4319274.393, 77
Trd, 4319274.643, 106
Trd, 4319275.693, 130
Trd, 4319277.443, 136
Trd, 4319277.493, 123
Trd, 4319278.043, 112
Trd, 4319278.293, 112
Trd, 4319278.943, 127
Trd, 4319279.643, 126
Trd, 4319279.843, 110
Trd, 4319282.243, 116
Trd, 4319282.393, 123
Trd, 4319282.893, 108
Trd, 4319282.993, 100
Trd, 4319283.043, 88
Trd, 4319284.193, 79
Trd, 4319285.343, 85
Trd, 4319285.643, 77
Trd, 4319285.993, 130
Trd, 4319286.443, 120
Trd, 4319286.493, 108
Trd, 4319287.543, 111
Trd, 4319288.443, 101
Trd, 4319289.343, 107
Trd, 4319290.143, 115
Trd, 4319290.493, 104
Trd, 4319291.993, 130
Trd, 4319292.393, 137
Trd, 4319292.893, 87
Trd, 4319293.193, 101
Trd, 4319293.393, 74
Trd, 4319294.193, 99
Trd, 4319295.243, 84
Trd, 4319295.793, 124
Trd, 4319296.443, 109
Trd, 4319296.543, 96
Trd, 4319298.143, 78
Trd, 4319298.493, 74
Trd, 4319300.293, 100
Trd, 4319300.593, 108
Trd, 4319300.643, 82
Trd, 4319301.643, 77
Trd, 4319302.443, 97
Trd, 4319302.493, 87
Trd, 4319303.493, 92
Trd, 4319304.043, 125
Trd, 4319304.693, 129
Trd, 4319306.093, 122
Trd, 4319306.993, 112
Trd, 4319308.443, 116
Trd, 4319308.743, 109
Trd, 4319308.893, 103
Trd, 4319309.043, 102
Trd, 4319309.293, 102
Trd, 4319311.193, 98
Trd, 4319311.843, 131
Trd, 4319312.393, 67
Trd, 4319313.043, 128
Trd, 4319313.893, 111
Trd, 4319314.343, 91
Trd, 4319314.993, 94
Trd, 4319316.043, 98
Trd, 4319316.843, 134
Trd, 4319316.893, 119
Trd, 4319317.093, 111
Trd, 4319317.543, 103
Trd, 4319318.243, 81
Trd, 4319319.093, 139
Trd, 4319319.243, 121
Trd, 4319319.393, 111
Trd, 4319320.693, 124
Trd, 4319321.243, 109
Trd, 4319322.143, 69
Trd, 4319322.493, 134
Trd, 4319322.793, 125
Trd, 4319324.593, 67
Trd, 4319325.493, 61
Trd, 4319325.793, 69
Trd, 4319326.193, 94
Trd, 4319326.793, 104
Trd, 4319327.943, 82
Trd, 4319329.493, 85
Trd, 4319330.393, 106
Trd, 4319330.643, 79
Trd, 4319330.893, 114
Trd, 4319332.593, 126
Trd, 4319333.093, 97
Trd, 4319333.893, 79
Trd, 4319334.693, 130
Trd, 4319334.793, 112
Trd, 4319335.743, 107
Trd, 4319335.993, 104
Trd, 4319337.193, 109
Trd, 4319337.293, 100
Trd, 4319337.393, 99
Trd, 4319338.643, 90
Trd, 4319339.743, 97
Trd, 4319340.693, 89
Trd, 4319341.393, 74
Trd, 4319341.443, 121
Trd, 4319341.743, 73
Trd, 4319343.543, 84
Trd, 4319343.593, 82
Trd, 4319344.043, 78
Trd, 4319344.243, 74
Trd, 4319346.243, 99
Trd, 4319347.343, 81
Trd, 4319347.593, 110
Trd, 4319348.493, 98
Trd, 4319349.593, 82
Trd, 4319350.343, 67
Trd, 4319350.493, 96
Trd, 4319351.193, 85
Trd, 4319351.943, 133
Trd, 4319351.993, 111
Trd, 4319352.143, 132
Trd, 4319352.993, 119
Trd, 4319353.343, 97
Trd, 4319353.593, 90
Trd, 4319355.343, 73
Trd, 4319355.893, 102
Trd, 4319356.393, 72
Trd, 4319357.393, 66
Trd, 4319358.643, 85
Trd, 4319358.893, 73
Trd, 4319359.643, 124
Trd, 4319360.593, 122
Trd, 4319360.993, 109
Trd, 4319361.643, 64
Trd, 4319362.943, 105
Trd, 4319363.093, 101
Trd, 4319363.193, 89
Trd, 4319364.243, 118
Trd, 4319364.393, 74
Trd, 4319364.843, 76
Trd, 4319366.343, 123
Trd, 4319366.593, 117
Trd, 4319366.693, 108
Trd, 4319367.493, 87
Trd, 4319368.143, 116
Trd, 4319368.793, 99
Trd, 4319369.193, 72
Trd, 4319371.543, 113
Trd, 4319371.643, 77
Trd, 4319372.493, 107
Trd, 4319372.693, 117
Trd, 4319373.543, 87
Trd, 4319374.343, 138
Trd, 4319374.393, 109
Trd, 4319375.093, 89
Trd, 4319375.843, 108
Trd, 4319376.743, 113
Trd, 4319377.493, 114
Trd, 4319378.593, 129
Trd, 4319379.143, 118
Trd, 4319379.943, 105
Trd, 4319379.993, 91
Trd, 4319382.843, 97
Trd, 4319383.543, 132
Trd, 4319384.143, 91
Trd, 4319384.693, 127
Trd, 4319385.143, 132
Trd, 4319385.393, 120
Trd, 4319386.343, 110
Trd, 4319387.243, 109
Trd, 4319387.943, 97
Trd, 4319389.443, 78
Trd, 4319390.343, 83
Trd, 4319390.693, 78
Trd, 4319391.293, 79
Trd, 4319391.493, 116
Trd, 4319391.893, 70
Trd, 4319392.643, 71
Trd, 4319392.993, 97
Trd, 4319394.843, 62
Trd, 4319395.393, 74
Trd, 4319395.743, 104
Trd, 4319396.493, 133
Trd, 4319396.893, 78
Trd, 4319398.943, 87
Trd, 4319399.093, 78
Trd, 4319399.493, 83
Trd, 4319400.093, 74
Trd, 4319400.443, 128
Trd, 4319400.493, 112
Trd, 4319400.943, 106
Trd, 4319401.693, 117
Trd, 4319402.943, 104
Trd, 4319403.443, 108
Trd, 4319404.093, 121
Trd, 4319404.343, 95
Trd, 4319405.593, 109
Trd, 4319405.793, 106
Trd, 4319407.043, 132
Trd, 4319407.143, 122
Trd, 4319407.943, 118
Trd, 4319408.493, 90
Trd, 4319408.593, 64
Trd, 4319409.143, 122
Trd, 4319410.293, 85
Trd, 4319411.943, 127
Trd, 4319411.993, 117
Trd, 4319412.643, 96
Trd, 4319413.993, 80
Trd, 4319414.343, 84
Trd, 4319414.543, 125
Trd, 4319415.793, 83
Trd, 4319416.093, 99
Trd, 4319416.443, 98
Trd, 4319417.693, 92
Trd, 4319417.743, 89
Trd, 4319418.293, 103
Trd, 4319418.593, 81
Trd, 4319418.693, 112
Trd, 4319418.943, 74
Trd, 4319419.493, 63
Trd, 4319420.143, 77
Trd, 4319420.793, 108
Trd, 4319422.143, 129
Trd, 4319423.743, 102
Trd, 4319423.993, 96
Trd, 4319424.243, 115
Trd, 4319425.243, 86
Trd, 4319425.643, 82
Trd, 4319426.043, 118
Trd, 4319426.593, 124
Trd, 4319427.043, 93
Trd, 4319428.393, 90
Trd, 4319428.743, 103
Trd, 4319430.393, 97
Trd, 4319431.393, 106
Trd, 4319431.993, 73
Trd, 4319432.593, 81
Trd, 4319433.043, 81
Trd, 4319435.243, 71
Trd, 4319435.693, 95
Trd, 4319436.293, 88
Trd, 4319436.843, 110
Trd, 4319437.143, 78
Trd, 4319437.543, 81
Trd, 4319437.843, 77
Trd, 4319439.243, 63
Trd, 4319439.493, 91
Trd, 4319440.643, 132
Trd, 4319441.193, 125
Trd, 4319441.943, 110
Trd, 4319442.343, 125
Trd, 4319443.293, 115
Trd, 4319443.543, 108
Trd, 4319443.843, 103
Trd, 4319444.343, 68
Trd, 4319445.243, 64
Trd, 4319445.893, 75
Trd, 4319446.343, 96
Trd, 4319447.593, 94
Trd, 4319448.743, 73
Trd, 4319448.843, 85
Trd, 4319450.393, 102
Trd, 4319450.493, 92
Trd, 4319451.193, 90
Trd, 4319451.643, 88
Trd, 4319451.843, 92
Trd, 4319452.943, 75
Trd, 4319453.843, 109
Trd, 4319454.443, 109
Trd, 4319455.393, 106
Trd, 4319456.193, 129
Trd, 4319458.193, 123
Trd, 4319458.593, 106
Trd, 4319459.243, 100
Trd, 4319459.493, 98
Trd, 4319459.943, 133
Trd, 4319460.143, 116
Trd, 4319460.293, 98
Trd, 4319460.343, 97
Trd, 4319460.993, 88
Trd, 4319462.343, 95
Trd, 4319463.043, 134
Trd, 4319464.693, 112
Trd, 4319465.893, 126
Trd, 4319466.293, 119
Trd, 4319466.343, 112
Trd, 4319466.693, 108
Trd, 4319467.693, 137
Trd, 4319468.043, 102
Trd, 4319468.343, 81
Trd, 4319468.993, 81
Trd, 4319469.493, 74
Trd, 4319470.093, 89
Trd, 4319470.393, 109
Trd, 4319471.143, 116
Trd, 4319472.643, 82
Trd, 4319473.343, 69
Trd, 4319473.943, 99
Trd, 4319474.193, 64
Trd, 4319474.993, 71
Trd, 4319475.193, 79
Trd, 4319475.943, 81
Trd, 4319476.293, 102
Trd, 4319476.593, 79
Trd, 4319477.243, 65
Trd, 4319477.493, 65
Trd, 4319478.243, 122
Trd, 4319478.393, 116
Trd, 4319478.893, 110
Trd, 4319479.793, 131
Trd, 4319480.993, 68
Trd, 4319481.143, 92
Trd, 4319482.943, 98
Trd, 4319483.993, 104
Trd, 4319486.393, 127
Trd, 4319486.743, 105
Trd, 4319487.243, 122
Trd, 4319487.443, 110
Trd, 4319488.293, 107
Trd, 4319488.443, 96
Trd, 4319488.643, 111
Trd, 4319489.293, 113
Trd, 4319489.343, 95
Trd, 4319490.693, 89
Trd, 4319491.343, 94
Trd, 4319492.093, 105
Trd, 4319492.493, 113
Trd, 4319493.543, 98
Trd, 4319494.193, 90
Trd, 4319494.343, 85
Trd, 4319494.643, 81
Trd, 4319496.643, 126
Trd, 4319497.343, 117
Trd, 4319497.743, 103
Trd, 4319498.043, 113
Trd, 4319498.193, 93
Trd, 4319500.193, 118
Trd, 4319500.243, 112
Trd, 4319501.043, 113
Trd, 4319501.743, 130
Trd, 4319502.393, 117
Trd, 4319503.143, 102
Trd, 4319503.393, 98
Trd, 4319504.643, 102
Trd, 4319505.893, 99
Trd, 4319505.943, 93
Trd, 4319506.293, 121
Trd, 4319507.143, 101
Trd, 4319507.543, 120
Trd, 4319507.993, 88
Trd, 4319508.293, 66
Trd, 4319509.343, 84
Trd, 4319512.543, 67
Trd, 4319513.043, 85
Trd, 4319513.493, 95
Trd, 4319513.743, 78
Trd, 4319514.593, 121
Trd, 4319515.143, 118
Trd, 4319515.693, 106
Trd, 4319516.293, 120
Trd, 4319516.443, 73
Trd, 4319518.543, 68
Trd, 4319518.693, 61
Trd, 4319519.393, 66
Trd, 4319519.643, 78
Trd, 4319520.793, 114
Trd, 4319521.643, 89
Trd, 4319522.093, 75
Trd, 4319523.693, 97
Trd, 4319524.493, 100
Trd, 4319525.393, 119
Trd, 4319525.893, 101
Trd, 4319526.643, 103
Trd, 4319526.793, 89
Trd, 4319527.793, 103
Trd, 4319527.843, 83
Trd, 4319528.543, 105
Trd, 4319530.143, 92
Trd, 4319530.993, 140
Trd, 4319531.343, 100
Trd, 4319531.543, 94
Trd, 4319532.043, 134
Trd, 4319532.693, 127
Trd, 4319533.993, 123
Trd, 4319534.543, 95
Trd, 4319535.093, 112
Trd, 4319536.093, 72
Trd, 4319537.693, 109
Trd, 4319537.743, 120
Trd, 4319537.843, 96
Trd, 4319538.843, 117
Trd, 4319539.393, 103
Trd, 4319539.793, 113
Trd, 4319540.543, 92
Trd, 4319542.393, 133
Trd, 4319542.793, 118
Trd, 4319543.643, 106
Trd, 4319543.893, 95
Trd, 4319544.543, 138
Trd, 4319545.143, 111
Trd, 4319545.743, 103
Trd, 4319546.543, 98
Trd, 4319547.143, 97
Trd, 4319547.493, 86
Trd, 4319550.143, 125
Trd, 4319550.693, 132
Trd, 4319550.993, 96
Trd, 4319551.343, 109
Trd, 4319552.343, 130
Trd, 4319552.443, 121
Trd, 4319553.793, 115
Trd, 4319554.493, 135
Trd, 4319554.543, 122
Trd, 4319555.243, 108
Trd, 4319555.493, 121
Trd, 4319555.743, 108
Trd, 4319556.443, 133
Trd, 4319557.393, 84
Trd, 4319558.743, 98
Trd, 4319559.243, 127
Trd, 4319559.743, 96
Trd, 4319559.793, 101
Trd, 4319560.643, 86
Trd, 4319562.093, 81
Trd, 4319562.293, 94
Trd, 4319562.393, 109
Trd, 4319563.143, 123
Trd, 4319563.293, 111
Trd, 4319563.993, 107
Trd, 4319564.593, 140
Trd, 4319564.893, 104
Trd, 4319565.143, 95
Trd, 4319566.543, 128
Trd, 4319567.743, 70
Trd, 4319568.943, 75
Trd, 4319568.993, 80
Trd, 4319569.493, 71
Trd, 4319570.343, 85
Trd, 4319572.793, 132
Trd, 4319573.093, 139
Trd, 4319573.493, 110
Trd, 4319574.393, 137
Trd, 4319574.793, 106
Trd, 4319576.843, 120
Trd, 4319577.343, 134
Trd, 4319577.493, 121
Trd, 4319577.543, 119
Trd, 4319579.143, 129
Trd, 4319580.843, 118
Trd, 4319581.043, 102
Trd, 4319581.843, 127
Trd, 4319581.943, 103
Trd, 4319582.593, 103
Trd, 4319583.143, 96
Trd, 4319584.543, 102
Trd, 4319585.643, 115
Trd, 4319586.243, 136
Trd, 4319587.093, 108
Trd, 4319587.293, 118
Trd, 4319587.843, 107
Trd, 4319588.093, 128
Trd, 4319588.593, 92
Trd, 4319590.143, 74
Trd, 4319590.393, 69
Trd, 4319591.293, 105
Trd, 4319591.843, 82
Trd, 4319591.893, 87
Trd, 4319592.593, 113
Trd, 4319593.893, 97
Trd, 4319593.993, 113
Trd, 4319595.093, 91
Trd, 4319595.343, 100
Trd, 4319596.443, 110
Trd, 4319596.793, 128
Trd, 4319597.143, 75
Trd, 4319597.643, 81
Trd, 4319598.343, 102
Trd, 4319600.443, 138
Trd, 4319600.493, 136
Trd, 4319601.743, 122
Trd, 4319602.743, 107
Trd, 4319603.393, 90
Trd, 4319603.743, 81
Trd, 4319604.543, 104
Trd, 4319604.643, 96
Trd, 4319605.543, 92
Trd, 4319605.593, 108
Trd, 4319606.293, 124
Trd, 4319606.843, 83
Trd, 4319608.443, 129
Trd, 4319608.793, 116
Trd, 4319608.993, 114
Trd, 4319609.243, 97
Trd, 4319609.993, 73
Trd, 4319610.143, 79
Trd, 4319610.643, 77
Trd, 4319612.143, 86
Trd, 4319612.543, 68
Trd, 4319613.093, 112
Trd, 4319613.793, 72
Trd, 4319615.343, 67
Trd, 4319615.443, 75
Trd, 4319615.993, 89
Trd, 4319617.243, 82
Trd, 4319618.843, 68
Trd, 4319619.443, 69
Trd, 4319619.493, 93
Trd, 4319619.993, 71
Trd, 4319620.443, 61
Trd, 4319621.193, 128
Trd, 4319623.043, 138
Trd, 4319623.543, 125
Trd, 4319624.793, 97
Trd, 4319625.243, 113
Trd, 4319625.893, 91
Trd, 4319626.143, 74
Trd, 4319626.843, 108
Trd, 4319626.893, 82
Trd, 4319627.393, 95
Trd, 4319628.043, 92
Trd, 4319629.293, 76
Trd, 4319629.893, 106
Trd, 4319629.993, 110
Trd, 4319630.043, 96
Trd, 4319631.393, 63
Trd, 4319632.993, 70
Trd, 4319633.143, 78
Trd, 4319634.043, 89
Trd, 4319635.193, 77
Trd, 4319635.643, 75
Trd, 4319635.693, 67
Trd, 4319636.793, 114
Trd, 4319638.093, 117
Trd, 4319638.493, 102
Trd, 4319639.293, 124
Trd, 4319639.443, 99
Trd, 4319642.193, 65
Trd, 4319642.443, 71
Trd, 4319643.143, 62
Trd, 4319643.493, 66
Trd, 4319644.343, 74
Trd, 4319645.043, 92
Trd, 4319645.893, 81
Trd, 4319646.493, 75
Trd, 4319647.393, 94
Trd, 4319649.143, 68
Trd, 4319649.543, 68
Trd, 4319650.443, 66
Trd, 4319651.693, 78
Trd, 4319652.543, 78
Trd, 4319652.793, 88
Trd, 4319654.143, 100
Trd, 4319655.693, 75
Trd, 4319655.743, 71
Trd, 4319655.793, 82
Trd, 4319656.643, 92
Trd, 4319656.793, 128
Trd, 4319657.943, 93
Trd, 4319658.543, 87
Trd, 4319659.043, 86
Trd, 4319659.793, 103
Trd, 4319660.293, 82
Trd, 4319660.343, 73
Trd, 4319662.493, 75
Trd, 4319663.243, 65
Trd, 4319663.543, 118
Trd, 4319664.543, 123
Trd, 4319664.693, 133
Trd, 4319664.943, 106
Trd, 4319665.543, 93
Trd, 4319666.043, 129
Trd, 4319667.143, 131
Trd, 4319668.893, 110
Trd, 4319670.343, 83
Trd, 4319671.393, 93
Trd, 4319671.843, 116
Trd, 4319672.143, 97
Trd, 4319673.393, 118
Trd, 4319673.643, 107
Trd, 4319674.443, 73
Trd, 4319674.693, 70
Trd, 4319675.143, 65
Trd, 4319676.243, 98
Trd, 4319677.243, 118
Trd, 4319677.543, 91
Trd, 4319677.943, 94
Trd, 4319678.393, 98
Trd, 4319678.843, 90
Trd, 4319679.643, 83
Trd, 4319680.593, 106
Trd, 4319680.993, 89
Trd, 4319681.043, 83
Trd, 4319681.643, 73
Trd, 4319684.093, 122
Trd, 4319685.943, 136
Trd, 4319686.543, 121
Trd, 4319686.643, 104
Trd, 4319687.643, 125
Trd, 4319688.193, 128
Trd, 4319688.443, 103
Trd, 4319688.693, 101
Trd, 4319688.793, 96
Trd, 4319689.493, 126
Trd, 4319690.343, 100
Trd, 4319690.843, 106
Trd, 4319691.343, 127
Trd, 4319692.793, 127
Trd, 4319693.443, 139
Trd, 4319694.843, 125
Trd, 4319696.143, 108
Trd, 4319696.193, 107
Trd, 4319696.243, 106
Trd, 4319696.493, 94
Trd, 4319696.943, 128
Trd, 4319697.693, 106
Trd, 4319697.943, 99
Trd, 4319699.193, 123
Trd, 4319700.343, 121
Trd, 4319701.343, 109
Trd, 4319702.443, 125
Trd, 4319703.143, 129
Trd, 4319704.493, 129
Trd, 4319704.593, 103
Trd, 4319704.693, 97
Trd, 4319705.343, 130
Trd, 4319705.843, 109
Trd, 4319706.393, 92
Trd, 4319707.543, 97
Trd, 4319707.643, 119
Trd, 4319707.893, 78
Trd, 4319709.443, 70
Trd, 4319711.243, 130
Trd, 4319711.543, 129
Trd, 4319711.893, 114
Trd, 4319712.543, 134
Trd, 4319712.843, 133
Trd, 4319713.043, 65
Trd, 4319713.993, 96
Trd, 4319714.443, 94
Trd, 4319714.493, 91
Trd, 4319716.693, 79
Trd, 4319716.943, 98
Trd, 4319717.493, 95
Trd, 4319718.043, 62
Trd, 4319719.243, 68
Trd, 4319719.943, 131
Trd, 4319720.693, 68
Trd, 4319722.743, 66
Trd, 4319723.093, 81
Trd, 4319723.343, 97
Trd, 4319723.843, 125
Trd, 4319724.043, 123
Trd, 4319724.193, 111
Trd, 4319724.293, 100
Trd, 4319724.843, 123
Trd, 4319725.143, 122
Trd, 4319725.793, 111
Trd, 4319726.443, 140
Trd, 4319727.543, 120
Trd, 4319728.993, 115
Trd, 4319729.293, 134
Trd, 4319730.443, 108
Trd, 4319730.543, 105
Trd, 4319730.893, 79
Trd, 4319730.943, 129
Trd, 4319731.593, 117
Trd, 4319733.593, 74
Trd, 4319733.993, 88
Trd, 4319734.443, 68
Trd, 4319734.493, 88
Trd, 4319735.343, 133
Trd, 4319735.393, 107
Trd, 4319736.343, 76
Trd, 4319736.643, 76
Trd, 4319737.593, 82
Trd, 4319737.743, 114
Trd, 4319740.943, 79
Trd, 4319741.643, 89
Trd, 4319741.893, 85
Trd, 4319742.443, 77
Trd, 4319742.493, 100
Trd, 4319742.543, 72
Trd, 4319744.643, 129
Trd, 4319745.493, 89
Trd, 4319745.843, 85
Trd, 4319746.443, 73
Trd, 4319747.993, 83
Trd, 4319748.093, 65
Trd, 4319748.543, 139
Trd, 4319749.393, 121
Trd, 4319750.343, 116
Trd, 4319750.743, 104
Trd, 4319750.993, 95
Trd, 4319751.293, 87
Trd, 4319751.943, 109
Trd, 4319753.193, 91
Trd, 4319754.393, 118
Trd, 4319756.543, 137
Trd, 4319758.893, 124
Trd, 4319758.993, 118
Trd, 4319759.193, 112
Trd, 4319761.343, 128
Trd, 4319761.593, 115
Trd, 4319761.643, 105
Trd, 4319763.243, 97
Trd, 4319763.493, 81
Trd, 4319763.693, 114
Trd, 4319764.043, 81
Trd, 4319765.643, 99
Trd, 4319765.893, 109
Trd, 4319766.393, 99
Trd, 4319766.643, 117
Trd, 4319767.193, 91
Trd, 4319767.593, 89
Trd, 4319768.093, 96
Trd, 4319769.443, 127
Trd, 4319769.893, 114
Trd, 4319770.493, 139
Trd, 4319770.643, 106
Trd, 4319771.793, 87
Trd, 4319773.393, 75
Trd, 4319775.043, 88
Trd, 4319776.093, 97
Trd, 4319776.693, 65
Trd, 4319776.793, 92
Trd, 4319777.493, 116
Trd, 4319778.193, 100
Trd, 4319778.293, 69
Trd, 4319779.043, 65
Trd, 4319779.743, 71
Trd, 4319780.193, 91
Trd, 4319781.143, 125
Trd, 4319781.393, 119
Trd, 4319781.493, 105
Trd, 4319783.543, 138
Trd, 4319783.793, 129
Trd, 4319784.343, 128
Trd, 4319785.393, 115
Trd, 4319785.843, 123
Trd, 4319786.693, 122
Trd, 4319786.743, 114
Trd, 4319786.943, 112
Trd, 4319787.293, 95
Trd, 4319788.693, 72
Trd, 4319789.443, 68
Trd, 4319789.943, 105
Trd, 4319790.643, 92
Trd, 4319791.893, 92
Trd, 4319792.093, 80
Trd, 4319793.643, 98
Trd, 4319793.993, 87
Trd, 4319794.943, 74
Trd, 4319795.543, 73
Trd, 4319796.193, 105
Trd, 4319796.493, 111
Trd, 4319797.443, 140
Trd, 4319797.843, 72
Trd, 4319798.943, 112
Trd, 4319800.343, 63
Trd, 4319800.993, 67
Trd, 4319801.543, 115
Trd, 4319802.493, 125
Trd, 4319802.643, 106
Trd, 4319804.893, 98
Trd, 4319804.993, 95
Trd, 4319805.043, 83
Trd, 4319805.793, 138
Trd, 4319806.393, 87
Trd, 4319808.593, 79
Trd, 4319809.393, 114
Trd, 4319809.843, 96
Trd, 4319809.993, 94
Trd, 4319810.393, 90
Trd, 4319811.243, 76
Trd, 4319811.393, 93
Trd, 4319812.743, 126
Trd, 4319813.343, 128
Trd, 4319813.843, 113
Trd, 4319814.093, 78
Trd, 4319815.343, 116
Trd, 4319815.793, 120
Trd, 4319816.893, 95
Trd, 4319819.143, 91
Trd, 4319819.543, 96
Trd, 4319819.993, 85
Trd, 4319820.043, 78
Trd, 4319820.543, 111
Trd, 4319821.093, 85
Trd, 4319821.793, 80
Trd, 4319822.243, 81
Trd, 4319822.293, 71
Trd, 4319824.243, 91
Trd, 4319824.993, 61
Trd, 4319825.293, 88
Trd, 4319826.243, 116
Trd, 4319826.693, 136
Trd, 4319827.093, 129
Trd, 4319828.093, 106
Trd, 4319828.193, 122
Trd, 4319828.643, 98
Trd, 4319829.543, 106
Trd, 4319829.643, 88
Trd, 4319831.643, 112
Trd, 4319832.143, 97
Trd, 4319832.893, 116
Trd, 4319833.693, 89
Trd, 4319834.443, 103
Trd, 4319834.643, 86
Trd, 4319835.093, 83
Trd, 4319836.743, 135
Trd, 4319837.193, 117
Trd, 4319837.393, 112
Trd, 4319837.543, 80
Trd, 4319837.743, 124
Trd, 4319838.743, 125
Trd, 4319839.793, 132
Trd, 4319840.393, 129
Trd, 4319840.943, 116
Trd, 4319840.993, 116
Trd, 4319842.193, 124
Trd, 4319842.993, 113
Trd, 4319844.543, 95
Trd, 4319844.943, 93
Trd, 4319844.993, 111
Trd, 4319845.743, 69
Trd, 4319848.443, 104
Trd, 4319848.543, 109
Trd, 4319849.843, 115
Trd, 4319850.043, 119
Trd, 4319850.643, 100
Trd, 4319850.693, 98
Trd, 4319850.943, 94
Trd, 4319851.693, 116
Trd, 4319853.343, 131
Trd, 4319854.243, 117
Trd, 4319854.393, 105
Trd, 4319855.243, 97
Trd, 4319855.793, 108
Trd, 4319856.893, 87
Trd, 4319857.243, 97
Trd, 4319857.843, 103
Trd, 4319859.193, 107
Trd, 4319860.693, 115
Trd, 4319860.793, 112
Trd, 4319861.043, 119
Trd, 4319862.643, 115
Trd, 4319862.843, 105
Trd, 4319862.943, 105
Trd, 4319863.143, 98
Trd, 4319863.893, 91
Trd, 4319864.743, 80
Trd, 4319865.693, 66
Trd, 4319865.943, 80
Trd, 4319867.393, 127
Trd, 4319868.043, 121
Trd, 4319868.093, 90
Trd, 4319868.293, 75
Trd, 4319868.793, 109
Trd, 4319868.893, 73
Trd, 4319870.743, 110
Trd, 4319871.193, 100
Trd, 4319871.243, 124
Trd, 4319872.193, 97
Trd, 4319873.093, 120
Trd, 4319874.643, 82
Trd, 4319875.193, 135
Trd, 4319876.243, 129
Trd, 4319876.493, 107
Trd, 4319876.843, 97
Trd, 4319877.993, 76
Trd, 4319878.543, 65
Trd, 4319879.543, 134
Trd, 4319880.493, 107
Trd, 4319880.693, 102
Trd, 4319881.193, 101
Trd, 4319881.593, 97
Trd, 4319882.193, 85
Trd, 4319882.493, 135
Trd, 4319883.893, 68
Trd, 4319885.443, 125
Trd, 4319886.043, 98
Trd, 4319887.243, 107
Trd, 4319887.943, 116
Trd, 4319888.393, 99
Trd, 4319888.743, 74
Trd, 4319889.843, 96
Trd, 4319891.643, 126
Trd, 4319892.043, 95
Trd, 4319892.293, 139
Trd, 4319892.443, 83
Trd, 4319893.293, 138
Trd, 4319893.693, 123
Trd, 4319894.893, 115
Trd, 4319895.793, 83
Trd, 4319897.143, 107
Trd, 4319897.643, 94
Trd, 4319899.293, 98
Trd, 4319899.343, 83
Trd, 4319900.843, 123
Trd, 4319901.343, 130
Trd, 4319902.643, 113
Trd, 4319903.143, 117
Trd, 4319904.043, 118
Trd, 4319904.143, 109
Trd, 4319905.243, 115
Trd, 4319905.693, 136
Trd, 4319906.993, 103
Trd, 4319907.693, 112
Trd, 4319907.893, 99
Trd, 4319908.143, 95
Trd, 4319908.793, 134
Trd, 4319908.993, 105
Trd, 4319909.143, 95
Trd, 4319909.643, 133
Trd, 4319911.443, 85
Trd, 4319911.843, 81
Trd, 4319912.043, 106
Trd, 4319912.243, 117
Trd, 4319913.143, 123
Trd, 4319913.543, 89
Trd, 4319914.743, 110
Trd, 4319915.243, 122
Trd, 4319915.843, 110
Trd, 4319915.993, 100
Trd, 4319916.443, 68
Trd, 4319917.893, 63
Trd, 4319919.543, 111
Trd, 4319919.693, 84
Trd, 4319919.793, 83
Trd, 4319921.393, 94
Trd, 4319922.793, 102
Trd, 4319923.143, 124
Trd, 4319923.343, 94
Trd, 4319923.693, 92
Trd, 4319924.643, 114
Trd, 4319925.593, 93
Trd, 4319926.943, 98
Trd, 4319927.143, 96
Trd, 4319928.793, 85
Trd, 4319929.393, 81
Trd, 4319930.693, 121
Trd, 4319930.793, 93
Trd, 4319931.793, 97
Trd, 4319932.243, 123
Trd, 4319932.593, 104
Trd, 4319932.743, 90
Trd, 4319933.143, 82
Trd, 4319934.043, 72
Trd, 4319934.193, 67
Trd, 4319935.243, 95
Trd, 4319936.093, 113
Trd, 4319937.493, 76
Trd, 4319938.493, 131
Trd, 4319938.543, 99
Trd, 4319939.393, 93
Trd, 4319939.593, 84
Trd, 4319940.543, 111
Trd, 4319940.693, 73
Trd, 4319942.043, 108
Trd, 4319942.243, 62
Trd, 4319944.293, 122
Trd, 4319944.393, 113
Trd, 4319945.843, 111
Trd, 4319946.343, 98
Trd, 4319946.493, 92
Trd, 4319947.793, 106
Trd, 4319948.643, 138
Trd, 4319949.193, 115
Trd, 4319950.093, 114
Trd, 4319951.593, 93
Trd, 4319952.343, 134
Trd, 4319952.793, 77
Trd, 4319953.493, 138
Trd, 4319953.543, 124
Trd, 4319956.243, 105
Trd, 4319957.243, 103
Trd, 4319958.493, 98
Trd, 4319958.543, 95
Trd, 4319958.593, 111
Trd, 4319959.593, 84
Trd, 4319960.193, 127
Trd, 4319960.493, 81
Trd, 4319961.893, 108
Trd, 4319962.543, 128
Trd, 4319964.693, 82
Trd, 4319965.093, 65
Trd, 4319965.243, 96
Trd, 4319965.343, 67
Trd, 4319966.193, 122
Trd, 4319967.543, 81
Trd, 4319967.793, 96
Trd, 4319967.943, 76
Trd, 4319969.743, 65
Trd, 4319970.543, 69
Trd, 4319972.293, 108
Trd, 4319972.743, 100
Trd, 4319972.993, 101
Trd, 4319974.643, 127
Trd, 4319975.343, 89
Trd, 4319975.893, 105
Trd, 4319977.193, 121
Trd, 4319977.543, 108
Trd, 4319978.343, 109
Trd, 4319978.493, 80
Trd, 4319979.343, 97
Trd, 4319979.543, 78
Trd, 4319980.943, 110
Trd, 4319981.543, 79
Trd, 4319982.293, 67
Trd, 4319984.543, 76
Trd, 4319984.643, 91
Trd, 4319985.693, 83
Trd, 4319987.543, 87
Trd, 4319987.943, 80
Trd, 4319988.043, 106
Trd, 4319988.843, 72
Trd, 4319989.443, 75
Trd, 4319990.293, 82
Trd, 4319991.093, 95
Trd, 4319991.143, 87
Trd, 4319992.043, 130
Trd, 4319993.593, 107
Trd, 4319994.143, 104
Trd, 4319994.293, 118
Trd, 4319994.693, 74
Trd, 4319995.793, 76
Trd, 4319996.143, 92
Trd, 4319996.493, 60
Trd, 4319997.143, 63
Trd, 4319997.293, 100
Trd, 4319997.993, 130
Trd, 4319999.393, 130
Trd, 4319999.743, 93
