Trd, 4318108.343, 140
Trd, 4318108.493, 140
Trd, 4318109.093, 140
Trd, 4318109.543, 140
Trd, 4318111.243, 140
Trd, 4318111.343, 140
Trd, 4318111.893, 140
Trd, 4318113.643, 140
Trd, 4318114.143, 140
Trd, 4318114.493, 140
Trd, 4318115.043, 140
Trd, 4318115.143, 140
Trd, 4318115.543, 133
Trd, 4318115.843, 97
Trd, 4318117.393, 140
Trd, 4318118.243, 140
Trd, 4318118.293, 140
Trd, 4318119.093, 140
Trd, 4318119.793, 140
Trd, 4318122.093, 140
Trd, 4318122.393, 140
Trd, 4318123.043, 140
Trd, 4318123.193, 140
Trd, 4318123.643, 140
Trd, 4318123.993, 140
Trd, 4318124.243, 139
Trd, 4318125.043, 140
Trd, 4318125.893, 140
Trd, 4318126.993, 140
Trd, 4318128.643, 140
Trd, 4318129.993, 140
Trd, 4318130.043, 140
Trd, 4318131.143, 140
Trd, 4318131.993, 140
Trd, 4318132.493, 140
Trd, 4318133.943, 140
Trd, 4318134.793, 140
Trd, 4318135.143, 140
Trd, 4318135.693, 140
Trd, 4318137.193, 140
Trd, 4318137.843, 140
Trd, 4318138.293, 140
Trd, 4318139.643, 140
Trd, 4318142.043, 140
Trd, 4318142.293, 140
Trd, 4318142.893, 139
Trd, 4318144.043, 140
Trd, 4318144.093, 140
Trd, 4318144.443, 140
Trd, 4318144.493, 139
Trd, 4318144.893, 136
Trd, 4318145.093, 137
Trd, 4318146.343, 139
Trd, 4318147.043, 140
Trd, 4318148.143, 140
Trd, 4318149.293, 140
Trd, 4318150.043, 140
Trd, 4318150.343, 140
Trd, 4318151.193, 136
Trd, 4318151.743, 137
Trd, 4318152.693, 140
Trd, 4318153.443, 140
Trd, 4318154.543, 140
Trd, 4318155.393, 140
Trd, 4318155.693, 140
Trd, 4318155.943, 140
Trd, 4318156.643, 60
Trd, 4318156.893, 60
Trd, 4318156.993, 67
Trd, 4318157.293, 66
Trd, 4318159.443, 61
Trd, 4318159.593, 61
Trd, 4318159.643, 86
Trd, 4318160.293, 137
Trd, 4318161.543, 67
Trd, 4318162.643, 140
Trd, 4318163.743, 140
Trd, 4318165.043, 140
Trd, 4318165.643, 140
Trd, 4318166.743, 140
Trd, 4318167.193, 140
Trd, 4318167.793, 140
Trd, 4318168.893, 140
Trd, 4318168.943, 140
Trd, 4318169.043, 140
Trd, 4318170.443, 140
Trd, 4318171.193, 140
Trd, 4318171.693, 140
Trd, 4318172.393, 140
Trd, 4318173.743, 140
Trd, 4318174.243, 140
Trd, 4318174.693, 140
Trd, 4318175.993, 140
Trd, 4318176.043, 139
Trd, 4318176.593, 139
Trd, 4318177.443, 136
Trd, 4318178.343, 140
Trd, 4318179.893, 140
Trd, 4318180.293, 140
Trd, 4318181.093, 140
Trd, 4318181.943, 140
Trd, 4318183.043, 140
Trd, 4318183.493, 140
Trd, 4318183.893, 140
Trd, 4318184.743, 140
Trd, 4318186.393, 140
Trd, 4318186.943, 140
Trd, 4318187.493, 140
Trd, 4318188.393, 140
Trd, 4318188.743, 140
Trd, 4318189.593, 140
Trd, 4318190.043, 140
Trd, 4318190.193, 140
Trd, 4318190.343, 140
Trd, 4318191.393, 60
Trd, 4318191.743, 60
Trd, 4318192.393, 134
Trd, 4318194.493, 140
Trd, 4318194.643, 140
Trd, 4318194.693, 140
Trd, 4318195.443, 140
Trd, 4318195.843, 136
Trd, 4318196.193, 94
Trd, 4318197.593, 140
Trd, 4318198.743, 140
Trd, 4318199.093, 140
Trd, 4318199.693, 140
Trd, 4318199.893, 140
Trd, 4318200.643, 140
Trd, 4318201.143, 116
Trd, 4318201.693, 133
Trd, 4318203.693, 140
Trd, 4318204.693, 140
Trd, 4318204.943, 140
Trd, 4318205.143, 140
Trd, 4318205.393, 140
Trd, 4318205.493, 140
Trd, 4318208.043, 140
Trd, 4318208.093, 140
Trd, 4318208.193, 140
Trd, 4318208.893, 140
Trd, 4318210.593, 140
Trd, 4318211.393, 140
Trd, 4318212.493, 140
Trd, 4318212.993, 140
Trd, 4318213.393, 140
Trd, 4318213.993, 140
Trd, 4318214.193, 138
Trd, 4318216.243, 140
Trd, 4318216.293, 134
Trd, 4318217.743, 140
Trd, 4318218.793, 135
Trd, 4318219.243, 140
Trd, 4318219.343, 138
Trd, 4318220.293, 135
Trd, 4318221.093, 135
Trd, 4318221.143, 138
Trd, 4318221.193, 128
Trd, 4318221.993, 138
Trd, 4318222.993, 60
Trd, 4318223.393, 68
Trd, 4318224.843, 66
Trd, 4318226.143, 60
Trd, 4318226.293, 60
Trd, 4318226.993, 60
Trd, 4318227.893, 61
Trd, 4318227.943, 65
Trd, 4318228.343, 65
Trd, 4318228.943, 62
Trd, 4318231.243, 60
Trd, 4318231.443, 61
Trd, 4318232.293, 60
Trd, 4318232.493, 64
Trd, 4318232.843, 61
Trd, 4318233.693, 69
Trd, 4318234.843, 86
Trd, 4318235.143, 84
Trd, 4318235.893, 62
Trd, 4318236.243, 63
Trd, 4318237.293, 63
Trd, 4318239.443, 62
Trd, 4318239.793, 63
Trd, 4318240.593, 60
Trd, 4318241.193, 60
Trd, 4318241.943, 60
Trd, 4318242.043, 60
Trd, 4318243.343, 62
Trd, 4318243.793, 63
Trd, 4318244.193, 62
Trd, 4318244.693, 90
Trd, 4318245.143, 63
Trd, 4318245.793, 63
Trd, 4318246.443, 62
Trd, 4318246.743, 60
Trd, 4318247.193, 63
Trd, 4318247.593, 116
Trd, 4318247.793, 134
Trd, 4318250.093, 60
Trd, 4318250.143, 77
Trd, 4318251.443, 60
Trd, 4318253.243, 62
Trd, 4318253.393, 63
Trd, 4318254.343, 60
Trd, 4318254.793, 60
Trd, 4318254.943, 62
Trd, 4318256.993, 61
Trd, 4318258.993, 63
Trd, 4318259.443, 75
Trd, 4318259.493, 63
Trd, 4318259.843, 114
Trd, 4318259.893, 129
Trd, 4318260.493, 135
Trd, 4318260.793, 135
Trd, 4318261.793, 66
Trd, 4318262.093, 80
Trd, 4318263.093, 140
Trd, 4318263.143, 140
Trd, 4318264.443, 60
Trd, 4318265.243, 140
Trd, 4318267.293, 140
Trd, 4318267.493, 140
Trd, 4318267.593, 140
Trd, 4318268.143, 140
Trd, 4318269.243, 140
Trd, 4318270.143, 140
Trd, 4318272.543, 140
Trd, 4318274.343, 140
Trd, 4318274.493, 140
Trd, 4318274.643, 140
Trd, 4318276.093, 140
Trd, 4318276.643, 140
Trd, 4318276.893, 140
Trd, 4318277.043, 140
Trd, 4318277.143, 139
Trd, 4318278.143, 140
Trd, 4318278.693, 140
Trd, 4318279.593, 139
Trd, 4318279.793, 140
Trd, 4318280.543, 139
Trd, 4318281.393, 140
Trd, 4318281.543, 139
Trd, 4318283.043, 140
Trd, 4318283.093, 140
Trd, 4318283.493, 119
Trd, 4318285.743, 140
Trd, 4318285.793, 140
Trd, 4318286.293, 140
Trd, 4318287.793, 140
Trd, 4318288.693, 140
Trd, 4318289.643, 140
Trd, 4318290.793, 140
Trd, 4318291.193, 140
Trd, 4318293.493, 140
Trd, 4318293.593, 140
Trd, 4318293.943, 140
Trd, 4318294.443, 140
Trd, 4318295.443, 140
Trd, 4318295.743, 140
Trd, 4318295.993, 137
Trd, 4318296.743, 140
Trd, 4318300.943, 140
Trd, 4318301.043, 140
Trd, 4318301.543, 140
Trd, 4318302.043, 140
Trd, 4318302.093, 140
Trd, 4318302.243, 139
Trd, 4318303.243, 140
Trd, 4318303.793, 137
Trd, 4318303.943, 136
Trd, 4318304.943, 128
Trd, 4318305.393, 140
Trd, 4318306.093, 108
Trd, 4318306.593, 108
Trd, 4318307.293, 137
Trd, 4318309.793, 140
Trd, 4318310.343, 140
Trd, 4318310.743, 140
Trd, 4318311.293, 140
Trd, 4318311.693, 140
Trd, 4318311.743, 139
Trd, 4318314.393, 140
Trd, 4318314.993, 140
Trd, 4318315.293, 140
Trd, 4318315.593, 113
Trd, 4318316.193, 103
Trd, 4318316.393, 139
Trd, 4318317.193, 104
Trd, 4318317.843, 102
Trd, 4318319.243, 140
Trd, 4318319.443, 140
Trd, 4318321.043, 140
Trd, 4318321.243, 140
Trd, 4318321.293, 119
Trd, 4318322.593, 140
Trd, 4318323.443, 140
Trd, 4318325.243, 140
Trd, 4318325.693, 140
Trd, 4318326.193, 140
Trd, 4318326.993, 140
Trd, 4318327.993, 140
Trd, 4318328.293, 140
Trd, 4318328.543, 139
Trd, 4318329.493, 140
Trd, 4318329.993, 138
Trd, 4318331.693, 140
Trd, 4318333.193, 140
Trd, 4318334.043, 140
Trd, 4318334.843, 140
Trd, 4318335.793, 140
Trd, 4318336.343, 140
Trd, 4318336.393, 140
Trd, 4318336.943, 140
Trd, 4318337.593, 139
Trd, 4318338.043, 140
Trd, 4318338.343, 140
Trd, 4318339.293, 140
Trd, 4318339.893, 140
Trd, 4318340.193, 140
Trd, 4318340.993, 139
Trd, 4318341.093, 138
Trd, 4318342.093, 139
Trd, 4318342.843, 138
Trd, 4318343.643, 140
Trd, 4318343.893, 139
Trd, 4318344.893, 133
Trd, 4318346.343, 129
Trd, 4318346.943, 140
Trd, 4318347.743, 114
Trd, 4318348.443, 140
Trd, 4318348.843, 140
Trd, 4318350.543, 140
Trd, 4318350.943, 138
Trd, 4318351.843, 139
Trd, 4318351.943, 138
Trd, 4318351.993, 133
Trd, 4318353.293, 104
Trd, 4318353.843, 137
Trd, 4318354.343, 134
Trd, 4318355.993, 140
Trd, 4318356.643, 140
Trd, 4318357.793, 140
Trd, 4318358.043, 140
Trd, 4318358.243, 140
Trd, 4318358.643, 140
Trd, 4318358.993, 140
Trd, 4318359.643, 139
Trd, 4318360.143, 138
Trd, 4318360.643, 64
Trd, 4318361.493, 138
Trd, 4318363.143, 132
Trd, 4318363.743, 134
Trd, 4318363.793, 101
Trd, 4318364.293, 133
Trd, 4318365.343, 73
Trd, 4318367.343, 60
Trd, 4318367.443, 64
Trd, 4318367.743, 65
Trd, 4318369.393, 60
Trd, 4318369.493, 60
Trd, 4318370.093, 60
Trd, 4318371.243, 62
Trd, 4318371.693, 82
Trd, 4318373.143, 80
Trd, 4318373.843, 61
Trd, 4318375.543, 60
Trd, 4318376.093, 60
Trd, 4318377.843, 60
Trd, 4318378.293, 61
Trd, 4318378.393, 62
Trd, 4318378.693, 62
Trd, 4318379.493, 60
Trd, 4318381.193, 60
Trd, 4318382.293, 60
Trd, 4318382.343, 60
Trd, 4318382.543, 68
Trd, 4318382.693, 65
Trd, 4318383.193, 66
Trd, 4318384.993, 68
Trd, 4318385.093, 69
Trd, 4318385.493, 70
Trd, 4318385.993, 140
Trd, 4318386.493, 140
Trd, 4318386.843, 70
Trd, 4318388.893, 67
Trd, 4318389.343, 67
Trd, 4318389.693, 60
Trd, 4318390.443, 61
Trd, 4318391.593, 68
Trd, 4318391.743, 69
Trd, 4318392.043, 64
Trd, 4318392.443, 60
Trd, 4318392.743, 62
Trd, 4318393.243, 61
Trd, 4318394.093, 140
Trd, 4318395.143, 140
Trd, 4318395.343, 139
Trd, 4318395.943, 140
Trd, 4318395.993, 133
Trd, 4318397.193, 140
Trd, 4318397.593, 140
Trd, 4318399.343, 140
Trd, 4318399.543, 140
Trd, 4318400.093, 139
Trd, 4318401.593, 140
Trd, 4318402.493, 140
Trd, 4318403.093, 140
Trd, 4318404.043, 140
Trd, 4318404.893, 140
Trd, 4318404.993, 140
Trd, 4318407.793, 140
Trd, 4318407.943, 140
Trd, 4318408.143, 140
Trd, 4318408.243, 140
Trd, 4318408.743, 140
Trd, 4318410.243, 140
Trd, 4318410.993, 140
Trd, 4318411.443, 140
Trd, 4318411.693, 139
Trd, 4318411.993, 116
Trd, 4318413.843, 140
Trd, 4318415.043, 140
Trd, 4318415.343, 140
Trd, 4318415.993, 140
Trd, 4318416.543, 140
Trd, 4318416.593, 140
Trd, 4318418.293, 140
Trd, 4318419.493, 140
Trd, 4318419.593, 140
Trd, 4318419.693, 139
Trd, 4318420.043, 139
Trd, 4318421.643, 140
Trd, 4318423.093, 140
Trd, 4318423.343, 140
Trd, 4318423.843, 140
Trd, 4318425.093, 140
Trd, 4318426.093, 140
Trd, 4318426.493, 140
Trd, 4318426.643, 140
Trd, 4318426.893, 138
Trd, 4318427.143, 130
Trd, 4318427.743, 114
Trd, 4318428.843, 99
Trd, 4318429.143, 137
Trd, 4318429.493, 119
Trd, 4318429.843, 137
Trd, 4318430.843, 63
Trd, 4318433.243, 140
Trd, 4318433.893, 140
Trd, 4318434.143, 140
Trd, 4318434.793, 139
Trd, 4318435.243, 121
Trd, 4318436.743, 140
Trd, 4318436.943, 140
Trd, 4318438.043, 140
Trd, 4318438.843, 140
Trd, 4318439.693, 140
Trd, 4318439.943, 140
Trd, 4318440.443, 140
Trd, 4318440.943, 140
Trd, 4318441.243, 140
Trd, 4318443.943, 140
Trd, 4318444.243, 140
Trd, 4318444.593, 140
Trd, 4318445.393, 140
Trd, 4318445.793, 140
Trd, 4318446.443, 140
Trd, 4318446.893, 140
Trd, 4318447.843, 140
Trd, 4318449.343, 140
Trd, 4318449.543, 140
Trd, 4318449.893, 140
Trd, 4318451.343, 140
Trd, 4318451.443, 140
Trd, 4318451.893, 140
Trd, 4318452.893, 139
Trd, 4318453.443, 94
Trd, 4318454.743, 140
Trd, 4318454.793, 140
Trd, 4318456.093, 140
Trd, 4318456.393, 140
Trd, 4318456.693, 139
Trd, 4318458.193, 140
Trd, 4318458.243, 140
Trd, 4318458.493, 138
Trd, 4318459.943, 140
Trd, 4318461.893, 140
Trd, 4318462.143, 140
Trd, 4318462.643, 140
Trd, 4318463.343, 139
Trd, 4318464.293, 140
Trd, 4318465.643, 140
Trd, 4318465.943, 140
Trd, 4318466.493, 140
Trd, 4318466.793, 137
Trd, 4318466.843, 137
Trd, 4318468.393, 61
Trd, 4318469.593, 140
Trd, 4318470.193, 140
Trd, 4318472.043, 140
Trd, 4318472.593, 140
Trd, 4318473.393, 140
Trd, 4318474.443, 140
Trd, 4318474.943, 140
Trd, 4318475.393, 140
Trd, 4318476.143, 140
Trd, 4318476.493, 140
Trd, 4318476.743, 139
Trd, 4318477.793, 138
Trd, 4318477.943, 137
Trd, 4318478.543, 138
Trd, 4318478.843, 137
Trd, 4318479.543, 140
Trd, 4318480.643, 140
Trd, 4318481.893, 139
Trd, 4318482.043, 139
Trd, 4318483.543, 140
Trd, 4318483.643, 138
Trd, 4318484.843, 140
Trd, 4318485.443, 140
Trd, 4318485.843, 140
Trd, 4318487.443, 140
Trd, 4318488.193, 140
Trd, 4318488.693, 140
Trd, 4318489.243, 140
Trd, 4318489.893, 139
Trd, 4318491.893, 140
Trd, 4318491.993, 140
Trd, 4318492.893, 140
Trd, 4318493.193, 140
Trd, 4318495.793, 140
Trd, 4318496.243, 140
Trd, 4318496.543, 140
Trd, 4318498.093, 140
Trd, 4318498.543, 140
Trd, 4318498.993, 140
Trd, 4318500.143, 140
Trd, 4318500.543, 140
Trd, 4318500.793, 140
Trd, 4318501.243, 140
Trd, 4318502.693, 140
Trd, 4318503.543, 140
Trd, 4318503.693, 140
Trd, 4318503.793, 139
Trd, 4318504.893, 139
Trd, 4318506.343, 140
Trd, 4318506.593, 140
Trd, 4318506.843, 137
Trd, 4318508.493, 139
Trd, 4318508.793, 138
Trd, 4318509.543, 140
Trd, 4318509.843, 139
Trd, 4318509.993, 137
Trd, 4318510.993, 137
Trd, 4318511.243, 120
Trd, 4318511.943, 139
Trd, 4318513.993, 140
Trd, 4318514.093, 138
Trd, 4318514.443, 140
Trd, 4318514.543, 134
Trd, 4318515.393, 140
Trd, 4318517.243, 140
Trd, 4318518.843, 140
Trd, 4318519.093, 140
Trd, 4318520.343, 140
Trd, 4318520.443, 140
Trd, 4318522.393, 140
Trd, 4318523.493, 140
Trd, 4318523.693, 140
Trd, 4318524.793, 140
Trd, 4318525.893, 140
Trd, 4318526.393, 140
Trd, 4318528.193, 140
Trd, 4318529.493, 140
Trd, 4318529.693, 140
Trd, 4318530.543, 140
Trd, 4318531.443, 140
Trd, 4318531.893, 140
Trd, 4318532.443, 140
Trd, 4318532.843, 140
Trd, 4318533.693, 140
Trd, 4318534.993, 140
Trd, 4318535.493, 140
Trd, 4318535.843, 140
Trd, 4318536.593, 140
Trd, 4318536.793, 140
Trd, 4318537.443, 140
Trd, 4318537.993, 140
Trd, 4318538.593, 140
Trd, 4318539.843, 139
Trd, 4318540.793, 139
Trd, 4318540.943, 138
Trd, 4318541.943, 140
Trd, 4318543.443, 140
Trd, 4318543.543, 140
Trd, 4318544.293, 138
Trd, 4318544.343, 138
Trd, 4318545.143, 140
Trd, 4318545.593, 119
Trd, 4318546.093, 120
Trd, 4318547.993, 118
Trd, 4318548.893, 140
Trd, 4318549.093, 138
Trd, 4318549.893, 140
Trd, 4318549.943, 140
Trd, 4318551.593, 139
Trd, 4318552.343, 140
Trd, 4318552.843, 140
Trd, 4318554.293, 140
Trd, 4318554.943, 140
Trd, 4318555.943, 140
Trd, 4318557.193, 140
Trd, 4318557.593, 140
Trd, 4318557.893, 140
Trd, 4318557.993, 137
Trd, 4318559.743, 113
Trd, 4318561.293, 140
Trd, 4318561.343, 140
Trd, 4318563.393, 140
Trd, 4318563.993, 140
Trd, 4318564.093, 139
Trd, 4318564.143, 139
Trd, 4318565.843, 140
Trd, 4318566.293, 140
Trd, 4318566.343, 140
Trd, 4318567.993, 140
Trd, 4318568.343, 140
Trd, 4318568.743, 140
Trd, 4318569.243, 140
Trd, 4318569.943, 140
Trd, 4318570.443, 140
Trd, 4318571.593, 133
Trd, 4318572.943, 140
Trd, 4318574.043, 140
Trd, 4318575.293, 140
Trd, 4318575.393, 140
Trd, 4318575.993, 140
Trd, 4318576.793, 140
Trd, 4318577.293, 139
Trd, 4318578.593, 140
Trd, 4318578.843, 140
Trd, 4318578.993, 140
Trd, 4318579.043, 130
Trd, 4318580.893, 140
Trd, 4318581.543, 140
Trd, 4318582.643, 140
Trd, 4318582.843, 140
Trd, 4318584.993, 140
Trd, 4318585.243, 140
Trd, 4318586.243, 140
Trd, 4318586.493, 140
Trd, 4318586.643, 138
Trd, 4318587.993, 140
Trd, 4318588.793, 64
Trd, 4318588.843, 66
Trd, 4318590.343, 60
Trd, 4318590.693, 60
Trd, 4318591.893, 60
Trd, 4318591.993, 60
Trd, 4318592.193, 60
Trd, 4318592.693, 61
Trd, 4318592.993, 67
Trd, 4318594.393, 85
Trd, 4318594.643, 65
Trd, 4318595.293, 65
Trd, 4318595.793, 60
Trd, 4318596.343, 64
Trd, 4318596.693, 63
Trd, 4318598.593, 60
Trd, 4318598.993, 62
Trd, 4318599.293, 61
Trd, 4318599.693, 107
Trd, 4318600.393, 61
Trd, 4318601.443, 66
Trd, 4318602.043, 66
Trd, 4318602.093, 68
Trd, 4318605.393, 140
Trd, 4318605.793, 140
Trd, 4318606.793, 140
Trd, 4318608.143, 140
Trd, 4318608.643, 140
Trd, 4318608.693, 140
Trd, 4318610.393, 140
Trd, 4318610.543, 140
Trd, 4318610.593, 140
Trd, 4318611.293, 140
Trd, 4318612.543, 140
Trd, 4318612.943, 140
Trd, 4318613.393, 140
Trd, 4318613.843, 140
Trd, 4318615.043, 140
Trd, 4318615.643, 140
Trd, 4318616.593, 140
Trd, 4318618.093, 129
Trd, 4318619.293, 140
Trd, 4318619.343, 139
Trd, 4318620.093, 124
Trd, 4318620.193, 125
Trd, 4318621.893, 60
Trd, 4318622.693, 60
Trd, 4318622.843, 61
Trd, 4318623.143, 61
Trd, 4318623.393, 62
Trd, 4318623.643, 67
Trd, 4318623.993, 137
Trd, 4318624.243, 61
Trd, 4318625.093, 62
Trd, 4318626.093, 60
Trd, 4318626.593, 61
Trd, 4318627.843, 65
Trd, 4318628.343, 61
Trd, 4318629.643, 60
Trd, 4318630.443, 61
Trd, 4318631.543, 60
Trd, 4318633.193, 60
Trd, 4318634.293, 60
Trd, 4318634.393, 60
Trd, 4318634.593, 60
Trd, 4318635.243, 65
Trd, 4318635.843, 63
Trd, 4318636.093, 61
Trd, 4318636.193, 67
Trd, 4318637.193, 66
Trd, 4318638.043, 74
Trd, 4318638.643, 66
Trd, 4318638.743, 84
Trd, 4318638.993, 66
Trd, 4318639.343, 123
Trd, 4318640.593, 71
Trd, 4318641.293, 140
Trd, 4318642.193, 140
Trd, 4318642.893, 140
Trd, 4318643.493, 140
Trd, 4318644.243, 140
Trd, 4318644.593, 139
Trd, 4318645.043, 117
Trd, 4318645.643, 94
Trd, 4318646.293, 140
Trd, 4318646.493, 140
Trd, 4318647.643, 139
Trd, 4318647.993, 136
Trd, 4318649.293, 125
Trd, 4318650.593, 140
Trd, 4318651.193, 132
Trd, 4318651.793, 138
Trd, 4318652.543, 136
Trd, 4318653.543, 138
Trd, 4318653.643, 139
Trd, 4318653.793, 134
Trd, 4318654.493, 140
Trd, 4318655.443, 140
Trd, 4318655.643, 140
Trd, 4318655.843, 140
Trd, 4318657.993, 140
Trd, 4318658.443, 140
Trd, 4318659.143, 140
Trd, 4318660.343, 140
Trd, 4318660.493, 140
Trd, 4318661.393, 140
Trd, 4318662.593, 140
Trd, 4318662.893, 140
Trd, 4318662.993, 140
Trd, 4318664.543, 140
Trd, 4318664.993, 140
Trd, 4318666.193, 140
Trd, 4318667.993, 140
Trd, 4318668.543, 139
Trd, 4318668.843, 138
Trd, 4318668.943, 137
Trd, 4318669.143, 130
Trd, 4318670.293, 140
Trd, 4318670.943, 140
Trd, 4318672.643, 140
Trd, 4318673.243, 140
Trd, 4318674.143, 140
Trd, 4318674.743, 140
Trd, 4318674.843, 140
Trd, 4318675.593, 140
Trd, 4318677.293, 140
Trd, 4318678.093, 140
Trd, 4318678.593, 140
Trd, 4318679.543, 140
Trd, 4318680.093, 140
Trd, 4318680.793, 140
Trd, 4318681.293, 140
Trd, 4318682.193, 140
Trd, 4318683.693, 140
Trd, 4318684.293, 140
Trd, 4318684.843, 140
Trd, 4318685.543, 140
Trd, 4318686.143, 140
Trd, 4318686.793, 140
Trd, 4318687.643, 140
Trd, 4318689.243, 140
Trd, 4318689.893, 140
Trd, 4318691.143, 140
Trd, 4318691.993, 140
Trd, 4318692.643, 140
Trd, 4318693.443, 140
Trd, 4318693.893, 140
Trd, 4318694.543, 140
Trd, 4318694.593, 140
Trd, 4318694.893, 140
Trd, 4318695.343, 140
Trd, 4318696.343, 138
Trd, 4318696.843, 139
Trd, 4318697.143, 137
Trd, 4318699.243, 140
Trd, 4318699.693, 140
Trd, 4318699.843, 135
Trd, 4318701.043, 132
Trd, 4318702.443, 140
Trd, 4318703.693, 140
Trd, 4318703.743, 139
Trd, 4318704.343, 139
Trd, 4318705.043, 138
Trd, 4318705.193, 138
Trd, 4318705.443, 138
Trd, 4318705.643, 132
Trd, 4318707.343, 140
Trd, 4318707.643, 63
Trd, 4318708.943, 139
Trd, 4318709.393, 140
Trd, 4318709.593, 140
Trd, 4318709.793, 139
Trd, 4318711.193, 140
Trd, 4318711.593, 139
Trd, 4318713.393, 140
Trd, 4318714.093, 140
Trd, 4318714.793, 140
Trd, 4318715.193, 140
Trd, 4318716.393, 140
Trd, 4318718.193, 140
Trd, 4318719.093, 140
Trd, 4318719.143, 140
Trd, 4318719.293, 140
Trd, 4318722.743, 140
Trd, 4318723.393, 140
Trd, 4318723.543, 140
Trd, 4318723.793, 140
Trd, 4318724.343, 140
Trd, 4318724.793, 140
Trd, 4318726.093, 140
Trd, 4318726.293, 140
Trd, 4318727.993, 140
Trd, 4318728.293, 140
Trd, 4318728.693, 140
Trd, 4318729.343, 140
Trd, 4318729.893, 139
Trd, 4318730.093, 139
Trd, 4318730.643, 139
Trd, 4318730.793, 140
Trd, 4318730.943, 140
Trd, 4318731.993, 140
Trd, 4318732.143, 140
Trd, 4318732.193, 140
Trd, 4318732.743, 63
Trd, 4318733.593, 140
Trd, 4318734.543, 140
Trd, 4318735.143, 140
Trd, 4318736.193, 132
Trd, 4318736.393, 63
Trd, 4318738.343, 140
Trd, 4318739.193, 140
Trd, 4318739.743, 138
Trd, 4318740.143, 140
Trd, 4318740.643, 140
Trd, 4318740.943, 138
Trd, 4318741.943, 140
Trd, 4318742.343, 140
Trd, 4318742.743, 140
Trd, 4318743.893, 140
Trd, 4318746.043, 140
Trd, 4318746.243, 140
Trd, 4318748.093, 140
Trd, 4318749.143, 140
Trd, 4318749.343, 140
Trd, 4318749.543, 139
Trd, 4318750.393, 140
Trd, 4318750.793, 140
Trd, 4318750.943, 139
Trd, 4318751.243, 140
Trd, 4318751.793, 140
Trd, 4318752.543, 140
Trd, 4318753.543, 140
Trd, 4318754.443, 140
Trd, 4318755.243, 139
Trd, 4318756.343, 140
Trd, 4318757.643, 140
Trd, 4318758.143, 140
Trd, 4318758.193, 140
Trd, 4318759.793, 140
Trd, 4318760.993, 140
Trd, 4318761.793, 140
Trd, 4318762.193, 140
Trd, 4318763.793, 140
Trd, 4318764.293, 139
Trd, 4318764.393, 140
Trd, 4318767.393, 140
Trd, 4318767.493, 140
Trd, 4318767.693, 140
Trd, 4318768.143, 140
Trd, 4318768.643, 140
Trd, 4318769.443, 140
Trd, 4318770.843, 140
Trd, 4318771.993, 140
Trd, 4318772.593, 140
Trd, 4318772.893, 140
Trd, 4318773.993, 140
Trd, 4318774.643, 140
Trd, 4318776.343, 140
Trd, 4318776.943, 140
Trd, 4318777.043, 140
Trd, 4318777.193, 140
Trd, 4318779.043, 140
Trd, 4318779.893, 140
Trd, 4318780.693, 140
Trd, 4318781.593, 140
Trd, 4318782.493, 140
Trd, 4318782.543, 140
Trd, 4318782.843, 137
Trd, 4318783.193, 118
Trd, 4318784.543, 133
Trd, 4318785.793, 140
Trd, 4318787.643, 140
Trd, 4318787.993, 140
Trd, 4318788.943, 140
Trd, 4318789.293, 140
Trd, 4318791.193, 140
Trd, 4318791.443, 140
Trd, 4318791.643, 140
Trd, 4318791.843, 140
Trd, 4318793.443, 140
Trd, 4318794.343, 140
Trd, 4318795.343, 140
Trd, 4318795.893, 140
Trd, 4318796.693, 137
Trd, 4318796.743, 136
Trd, 4318797.693, 120
Trd, 4318798.243, 119
Trd, 4318798.293, 118
Trd, 4318798.993, 123
Trd, 4318801.443, 140
Trd, 4318801.843, 140
Trd, 4318802.293, 140
Trd, 4318802.443, 140
Trd, 4318802.493, 139
Trd, 4318803.493, 140
Trd, 4318804.643, 140
Trd, 4318805.043, 140
Trd, 4318806.093, 140
Trd, 4318807.193, 140
Trd, 4318808.043, 140
Trd, 4318808.493, 120
Trd, 4318808.543, 119
Trd, 4318809.143, 72
Trd, 4318809.843, 140
Trd, 4318810.843, 140
Trd, 4318811.343, 140
Trd, 4318812.993, 140
Trd, 4318813.643, 134
Trd, 4318814.793, 140
Trd, 4318815.643, 139
Trd, 4318816.093, 138
Trd, 4318816.843, 128
Trd, 4318818.043, 132
Trd, 4318818.243, 137
Trd, 4318818.393, 136
Trd, 4318818.843, 129
Trd, 4318819.243, 137
Trd, 4318820.443, 140
Trd, 4318821.443, 140
Trd, 4318821.793, 140
Trd, 4318823.893, 60
Trd, 4318824.043, 60
Trd, 4318824.993, 60
Trd, 4318825.393, 61
Trd, 4318825.593, 63
Trd, 4318825.743, 60
Trd, 4318826.243, 108
Trd, 4318826.493, 64
Trd, 4318827.143, 68
Trd, 4318828.543, 65
Trd, 4318829.993, 140
Trd, 4318830.643, 140
Trd, 4318831.343, 140
Trd, 4318832.293, 140
Trd, 4318833.743, 140
Trd, 4318833.843, 140
Trd, 4318834.443, 140
Trd, 4318835.243, 140
Trd, 4318835.693, 140
Trd, 4318835.893, 140
Trd, 4318836.443, 140
Trd, 4318836.543, 140
Trd, 4318837.843, 140
Trd, 4318838.093, 140
Trd, 4318838.543, 140
Trd, 4318839.243, 124
Trd, 4318839.343, 139
Trd, 4318839.493, 71
Trd, 4318840.593, 140
Trd, 4318840.643, 140
Trd, 4318842.543, 140
Trd, 4318843.793, 140
Trd, 4318845.643, 140
Trd, 4318846.393, 140
Trd, 4318846.543, 139
Trd, 4318846.843, 134
Trd, 4318848.343, 140
Trd, 4318849.493, 140
Trd, 4318849.843, 140
Trd, 4318850.443, 140
Trd, 4318850.993, 140
Trd, 4318852.793, 140
Trd, 4318852.993, 140
Trd, 4318853.293, 140
Trd, 4318856.043, 140
Trd, 4318856.393, 140
Trd, 4318857.343, 140
Trd, 4318857.893, 140
Trd, 4318859.543, 140
Trd, 4318859.743, 140
Trd, 4318859.793, 140
Trd, 4318860.093, 140
Trd, 4318862.243, 140
Trd, 4318863.293, 140
Trd, 4318863.643, 140
Trd, 4318863.793, 140
Trd, 4318863.843, 140
Trd, 4318864.693, 140
Trd, 4318865.093, 140
Trd, 4318866.193, 140
Trd, 4318866.293, 140
Trd, 4318866.493, 140
Trd, 4318866.593, 140
Trd, 4318867.093, 140
Trd, 4318867.693, 140
Trd, 4318869.343, 138
Trd, 4318870.093, 118
Trd, 4318870.143, 117
Trd, 4318870.593, 117
Trd, 4318871.443, 61
Trd, 4318871.593, 63
Trd, 4318872.593, 136
Trd, 4318873.943, 140
Trd, 4318874.993, 140
Trd, 4318875.143, 138
Trd, 4318875.193, 137
Trd, 4318877.093, 140
Trd, 4318877.343, 139
Trd, 4318878.243, 140
Trd, 4318880.743, 140
Trd, 4318881.293, 140
Trd, 4318881.843, 140
Trd, 4318882.043, 140
Trd, 4318882.243, 140
Trd, 4318882.493, 140
Trd, 4318883.843, 140
Trd, 4318884.793, 140
Trd, 4318885.393, 140
Trd, 4318885.843, 140
Trd, 4318886.393, 65
Trd, 4318886.643, 64
Trd, 4318886.693, 67
Trd, 4318888.643, 114
Trd, 4318889.343, 140
Trd, 4318890.693, 140
Trd, 4318891.643, 140
Trd, 4318891.943, 140
Trd, 4318892.843, 140
Trd, 4318893.593, 140
Trd, 4318893.693, 139
Trd, 4318894.343, 140
Trd, 4318896.493, 140
Trd, 4318896.843, 137
Trd, 4318897.043, 140
Trd, 4318898.493, 139
Trd, 4318898.893, 137
Trd, 4318899.143, 130
Trd, 4318899.943, 131
Trd, 4318901.293, 140
Trd, 4318902.343, 140
Trd, 4318902.393, 140
Trd, 4318902.843, 131
Trd, 4318903.793, 130
Trd, 4318904.093, 114
Trd, 4318904.393, 77
Trd, 4318905.743, 138
Trd, 4318907.443, 140
Trd, 4318907.543, 140
Trd, 4318908.093, 140
Trd, 4318909.343, 140
Trd, 4318909.543, 136
Trd, 4318911.093, 135
Trd, 4318911.193, 99
Trd, 4318912.643, 140
Trd, 4318913.343, 140
Trd, 4318913.893, 140
Trd, 4318914.193, 140
Trd, 4318915.493, 140
Trd, 4318916.543, 140
Trd, 4318916.843, 139
Trd, 4318917.643, 140
Trd, 4318917.843, 140
Trd, 4318918.993, 140
Trd, 4318919.143, 140
Trd, 4318919.343, 140
Trd, 4318921.243, 140
Trd, 4318921.293, 140
Trd, 4318921.843, 140
Trd, 4318921.893, 140
Trd, 4318922.693, 140
Trd, 4318924.493, 140
Trd, 4318924.793, 140
Trd, 4318927.593, 140
Trd, 4318928.443, 140
Trd, 4318928.943, 140
Trd, 4318930.743, 140
Trd, 4318930.993, 140
Trd, 4318932.343, 140
Trd, 4318932.843, 140
Trd, 4318932.893, 140
Trd, 4318933.493, 140
Trd, 4318934.493, 140
Trd, 4318935.393, 140
Trd, 4318935.593, 140
Trd, 4318935.793, 140
Trd, 4318935.843, 126
Trd, 4318936.193, 80
Trd, 4318936.493, 60
Trd, 4318937.593, 139
Trd, 4318938.393, 60
Trd, 4318939.443, 61
Trd, 4318940.293, 140
Trd, 4318940.543, 95
Trd, 4318942.393, 140
Trd, 4318942.493, 140
Trd, 4318942.793, 140
Trd, 4318943.493, 140
Trd, 4318944.343, 140
Trd, 4318944.493, 140
Trd, 4318945.543, 140
Trd, 4318946.643, 139
Trd, 4318947.093, 72
Trd, 4318948.193, 61
Trd, 4318948.343, 70
Trd, 4318949.393, 60
Trd, 4318949.893, 62
Trd, 4318951.443, 60
Trd, 4318951.943, 60
Trd, 4318952.243, 61
Trd, 4318953.343, 63
Trd, 4318953.643, 63
Trd, 4318953.993, 60
Trd, 4318955.243, 64
Trd, 4318955.643, 67
Trd, 4318955.843, 66
Trd, 4318955.893, 63
Trd, 4318956.143, 103
Trd, 4318956.793, 137
Trd, 4318957.693, 109
Trd, 4318959.243, 66
Trd, 4318960.693, 60
Trd, 4318961.593, 60
Trd, 4318963.193, 61
Trd, 4318963.643, 61
Trd, 4318963.893, 61
Trd, 4318965.893, 60
Trd, 4318966.143, 60
Trd, 4318966.893, 61
Trd, 4318967.393, 61
Trd, 4318967.543, 62
Trd, 4318967.793, 63
Trd, 4318968.143, 63
Trd, 4318968.693, 63
Trd, 4318969.393, 65
Trd, 4318969.993, 139
Trd, 4318971.143, 60
Trd, 4318973.393, 60
Trd, 4318973.693, 67
Trd, 4318973.793, 133
Trd, 4318975.293, 62
Trd, 4318976.343, 60
Trd, 4318976.843, 61
Trd, 4318977.193, 67
Trd, 4318979.293, 61
Trd, 4318979.893, 60
Trd, 4318980.643, 60
Trd, 4318980.793, 62
Trd, 4318980.993, 62
Trd, 4318981.043, 61
Trd, 4318981.443, 62
Trd, 4318982.143, 60
Trd, 4318982.943, 63
Trd, 4318983.143, 67
Trd, 4318983.893, 60
Trd, 4318985.543, 60
Trd, 4318986.493, 60
Trd, 4318986.943, 60
Trd, 4318988.643, 60
Trd, 4318989.643, 60
Trd, 4318990.193, 60
Trd, 4318990.543, 60
Trd, 4318990.693, 60
Trd, 4318990.943, 62
Trd, 4318991.493, 60
Trd, 4318992.243, 63
Trd, 4318992.293, 66
Trd, 4318992.993, 76
Trd, 4318994.043, 68
Trd, 4318995.493, 65
Trd, 4318995.793, 60
Trd, 4318996.143, 66
Trd, 4318996.293, 82
Trd, 4318997.393, 60
Trd, 4318999.293, 60
Trd, 4318999.593, 60
Trd, 4319001.343, 60
Trd, 4319001.693, 60
Trd, 4319002.243, 60
Trd, 4319002.443, 62
Trd, 4319002.893, 61
Trd, 4319003.143, 62
Trd, 4319004.693, 60
Trd, 4319004.843, 62
Trd, 4319005.343, 64
Trd, 4319006.793, 60
Trd, 4319007.993, 60
Trd, 4319008.243, 61
Trd, 4319008.593, 63
Trd, 4319008.643, 62
Trd, 4319008.943, 106
Trd, 4319009.043, 67
Trd, 4319009.893, 103
Trd, 4319010.343, 75
Trd, 4319011.493, 61
Trd, 4319012.343, 64
Trd, 4319012.393, 65
Trd, 4319012.443, 65
Trd, 4319014.043, 140
Trd, 4319014.293, 65
Trd, 4319016.293, 60
Trd, 4319017.843, 60
Trd, 4319018.293, 61
Trd, 4319018.643, 72
Trd, 4319019.993, 60
Trd, 4319021.093, 63
Trd, 4319021.593, 64
Trd, 4319022.143, 63
Trd, 4319022.893, 64
Trd, 4319024.593, 61
Trd, 4319024.843, 60
Trd, 4319025.443, 61
Trd, 4319025.943, 111
Trd, 4319027.043, 65
Trd, 4319027.243, 124
Trd, 4319027.743, 61
Trd, 4319028.393, 61
Trd, 4319028.843, 139
Trd, 4319029.243, 139
Trd, 4319030.193, 140
Trd, 4319030.543, 140
Trd, 4319032.293, 140
Trd, 4319033.493, 140
Trd, 4319033.893, 140
Trd, 4319034.293, 140
Trd, 4319036.043, 140
Trd, 4319036.143, 140
Trd, 4319036.443, 140
Trd, 4319037.593, 140
Trd, 4319040.293, 140
Trd, 4319040.993, 140
Trd, 4319041.243, 140
Trd, 4319041.893, 140
Trd, 4319042.443, 140
Trd, 4319043.493, 140
Trd, 4319044.193, 140
Trd, 4319044.243, 140
Trd, 4319045.543, 140
Trd, 4319045.743, 140
Trd, 4319046.343, 140
Trd, 4319047.843, 140
Trd, 4319048.743, 139
Trd, 4319049.293, 134
Trd, 4319050.743, 140
Trd, 4319051.293, 140
Trd, 4319051.643, 140
Trd, 4319051.843, 140
Trd, 4319052.943, 140
Trd, 4319053.593, 140
Trd, 4319055.093, 140
Trd, 4319056.093, 140
Trd, 4319056.593, 140
Trd, 4319057.243, 140
Trd, 4319058.643, 140
Trd, 4319059.343, 140
Trd, 4319060.743, 140
Trd, 4319060.993, 140
Trd, 4319061.543, 140
Trd, 4319062.093, 140
Trd, 4319063.343, 140
Trd, 4319063.493, 140
Trd, 4319064.193, 140
Trd, 4319065.343, 137
Trd, 4319066.043, 139
Trd, 4319066.493, 140
Trd, 4319067.643, 140
Trd, 4319067.743, 140
Trd, 4319068.143, 140
Trd, 4319069.443, 140
Trd, 4319070.593, 140
Trd, 4319071.293, 140
Trd, 4319073.793, 140
Trd, 4319073.843, 140
Trd, 4319074.193, 140
Trd, 4319074.443, 140
Trd, 4319075.043, 140
Trd, 4319075.293, 140
Trd, 4319076.593, 140
Trd, 4319078.443, 140
Trd, 4319079.243, 140
Trd, 4319080.093, 140
Trd, 4319080.443, 140
Trd, 4319082.093, 140
Trd, 4319082.343, 140
Trd, 4319083.393, 140
Trd, 4319084.293, 140
Trd, 4319084.993, 140
Trd, 4319085.793, 140
Trd, 4319086.843, 140
Trd, 4319087.193, 140
Trd, 4319087.393, 139
Trd, 4319088.743, 140
Trd, 4319089.043, 140
Trd, 4319089.343, 140
Trd, 4319091.843, 140
Trd, 4319091.993, 140
Trd, 4319092.343, 140
Trd, 4319093.293, 140
Trd, 4319094.293, 140
Trd, 4319094.843, 131
Trd, 4319095.643, 140
Trd, 4319097.943, 140
Trd, 4319098.393, 140
Trd, 4319099.593, 140
Trd, 4319100.543, 140
Trd, 4319100.793, 140
Trd, 4319102.143, 140
Trd, 4319102.743, 140
Trd, 4319103.943, 140
Trd, 4319104.593, 140
Trd, 4319105.843, 140
Trd, 4319106.243, 140
Trd, 4319107.893, 140
Trd, 4319108.193, 140
Trd, 4319108.593, 140
Trd, 4319109.193, 140
Trd, 4319109.243, 140
Trd, 4319110.793, 140
Trd, 4319110.893, 123
Trd, 4319112.243, 140
Trd, 4319112.543, 140
Trd, 4319112.593, 139
Trd, 4319112.743, 137
Trd, 4319114.543, 140
Trd, 4319115.943, 140
Trd, 4319115.993, 139
Trd, 4319116.643, 137
Trd, 4319117.543, 139
Trd, 4319117.993, 137
Trd, 4319118.643, 139
Trd, 4319119.343, 139
Trd, 4319119.893, 139
Trd, 4319120.843, 62
Trd, 4319121.243, 139
Trd, 4319122.543, 139
Trd, 4319122.693, 137
Trd, 4319123.893, 140
Trd, 4319124.393, 140
Trd, 4319124.643, 140
Trd, 4319124.693, 140
Trd, 4319125.343, 134
Trd, 4319126.993, 140
Trd, 4319127.243, 140
Trd, 4319129.643, 140
Trd, 4319129.793, 140
Trd, 4319131.793, 140
Trd, 4319132.693, 140
Trd, 4319132.793, 140
Trd, 4319132.843, 140
Trd, 4319133.043, 140
Trd, 4319133.093, 140
Trd, 4319133.893, 140
Trd, 4319134.243, 140
Trd, 4319134.743, 140
Trd, 4319135.093, 139
Trd, 4319136.743, 60
Trd, 4319137.243, 62
Trd, 4319137.443, 71
Trd, 4319138.293, 132
Trd, 4319138.693, 134
Trd, 4319139.093, 140
Trd, 4319139.193, 110
Trd, 4319140.543, 139
Trd, 4319141.043, 140
Trd, 4319141.943, 137
Trd, 4319142.093, 140
Trd, 4319143.093, 140
Trd, 4319143.293, 138
Trd, 4319144.493, 140
Trd, 4319144.893, 135
Trd, 4319145.643, 111
Trd, 4319146.093, 134
Trd, 4319146.343, 110
Trd, 4319146.593, 61
Trd, 4319147.593, 60
Trd, 4319147.943, 60
Trd, 4319150.693, 60
Trd, 4319150.943, 65
Trd, 4319152.043, 61
Trd, 4319152.493, 63
Trd, 4319153.093, 62
Trd, 4319153.143, 62
Trd, 4319154.993, 60
Trd, 4319155.643, 61
Trd, 4319155.843, 62
Trd, 4319157.743, 62
Trd, 4319157.793, 62
Trd, 4319158.893, 60
Trd, 4319158.943, 60
Trd, 4319159.843, 61
Trd, 4319161.043, 63
Trd, 4319161.693, 69
Trd, 4319161.943, 120
Trd, 4319162.093, 71
Trd, 4319163.443, 75
Trd, 4319164.493, 140
Trd, 4319164.893, 140
Trd, 4319165.043, 140
Trd, 4319165.193, 138
Trd, 4319165.343, 116
Trd, 4319166.543, 65
Trd, 4319167.593, 60
Trd, 4319167.943, 60
Trd, 4319168.393, 66
Trd, 4319169.243, 63
Trd, 4319169.543, 87
Trd, 4319170.793, 60
Trd, 4319171.293, 60
Trd, 4319171.843, 60
Trd, 4319172.643, 60
Trd, 4319174.393, 60
Trd, 4319176.043, 60
Trd, 4319176.793, 61
Trd, 4319177.243, 66
Trd, 4319178.343, 138
Trd, 4319179.093, 128
Trd, 4319179.893, 139
Trd, 4319180.843, 140
Trd, 4319181.993, 140
Trd, 4319182.293, 140
Trd, 4319183.943, 140
Trd, 4319184.243, 140
Trd, 4319184.793, 140
Trd, 4319185.543, 140
Trd, 4319186.793, 140
Trd, 4319186.893, 140
Trd, 4319187.143, 112
Trd, 4319188.343, 140
Trd, 4319189.543, 140
Trd, 4319189.593, 140
Trd, 4319190.693, 139
Trd, 4319192.343, 139
Trd, 4319193.293, 140
Trd, 4319193.393, 138
Trd, 4319194.793, 140
Trd, 4319195.193, 140
Trd, 4319196.093, 140
Trd, 4319196.443, 140
Trd, 4319197.043, 140
Trd, 4319197.693, 140
Trd, 4319198.093, 137
Trd, 4319198.443, 136
Trd, 4319198.893, 131
Trd, 4319201.293, 140
Trd, 4319201.343, 140
Trd, 4319201.743, 140
Trd, 4319203.743, 138
Trd, 4319203.943, 140
Trd, 4319204.393, 140
Trd, 4319204.843, 140
Trd, 4319206.793, 140
Trd, 4319207.243, 140
Trd, 4319208.143, 140
Trd, 4319208.793, 140
Trd, 4319209.093, 140
Trd, 4319209.543, 140
Trd, 4319210.493, 140
Trd, 4319211.693, 140
Trd, 4319211.743, 140
Trd, 4319212.393, 140
Trd, 4319212.543, 140
Trd, 4319212.743, 139
Trd, 4319214.043, 140
Trd, 4319214.493, 140
Trd, 4319215.393, 112
Trd, 4319215.893, 138
Trd, 4319216.243, 109
Trd, 4319218.243, 136
Trd, 4319218.393, 135
Trd, 4319219.643, 140
Trd, 4319220.643, 140
Trd, 4319221.543, 140
Trd, 4319222.743, 140
Trd, 4319222.843, 139
Trd, 4319223.043, 140
Trd, 4319224.293, 140
Trd, 4319224.843, 140
Trd, 4319225.493, 140
Trd, 4319226.293, 140
Trd, 4319227.343, 134
Trd, 4319228.343, 140
Trd, 4319229.143, 133
Trd, 4319229.343, 94
Trd, 4319229.643, 140
Trd, 4319229.993, 140
Trd, 4319230.093, 140
Trd, 4319231.893, 140
Trd, 4319232.743, 140
Trd, 4319233.943, 140
Trd, 4319234.593, 140
Trd, 4319234.993, 140
Trd, 4319235.393, 140
Trd, 4319236.193, 140
Trd, 4319236.493, 140
Trd, 4319237.093, 140
Trd, 4319237.543, 139
Trd, 4319237.943, 139
Trd, 4319238.043, 123
Trd, 4319239.743, 140
Trd, 4319240.693, 140
Trd, 4319241.093, 140
Trd, 4319241.293, 140
Trd, 4319242.043, 140
Trd, 4319242.493, 140
Trd, 4319243.343, 140
Trd, 4319243.993, 140
Trd, 4319244.693, 140
Trd, 4319245.293, 139
Trd, 4319247.243, 140
Trd, 4319247.743, 136
Trd, 4319247.843, 129
Trd, 4319248.293, 138
Trd, 4319250.143, 140
Trd, 4319250.493, 140
Trd, 4319251.043, 140
Trd, 4319251.543, 140
Trd, 4319252.243, 140
Trd, 4319252.443, 140
Trd, 4319253.093, 139
Trd, 4319254.243, 123
Trd, 4319254.293, 124
Trd, 4319254.543, 104
Trd, 4319255.293, 122
Trd, 4319255.393, 140
Trd, 4319255.643, 123
Trd, 4319257.943, 140
Trd, 4319258.593, 140
Trd, 4319258.843, 140
Trd, 4319259.343, 140
Trd, 4319260.143, 140
Trd, 4319261.093, 140
Trd, 4319262.293, 140
Trd, 4319262.743, 140
Trd, 4319263.343, 140
Trd, 4319263.993, 140
Trd, 4319265.543, 140
Trd, 4319266.493, 140
Trd, 4319267.593, 140
Trd, 4319267.893, 140
Trd, 4319268.893, 140
Trd, 4319268.943, 140
Trd, 4319269.043, 140
Trd, 4319270.043, 140
Trd, 4319271.193, 140
Trd, 4319272.343, 140
Trd, 4319273.443, 140
Trd, 4319273.543, 140
Trd, 4319274.343, 140
Trd, 4319274.643, 140
Trd, 4319274.993, 137
Trd, 4319276.243, 139
Trd, 4319277.243, 139
Trd, 4319277.943, 138
Trd, 4319279.143, 139
Trd, 4319279.243, 138
Trd, 4319279.393, 136
Trd, 4319281.043, 140
Trd, 4319281.343, 140
Trd, 4319281.843, 140
Trd, 4319283.443, 140
Trd, 4319283.993, 140
Trd, 4319285.293, 140
Trd, 4319285.343, 139
Trd, 4319285.993, 140
Trd, 4319286.643, 139
Trd, 4319287.593, 140
Trd, 4319288.293, 140
Trd, 4319288.593, 140
Trd, 4319288.943, 140
Trd, 4319289.293, 140
Trd, 4319289.843, 140
Trd, 4319291.443, 140
Trd, 4319292.043, 140
Trd, 4319292.193, 140
Trd, 4319292.793, 139
Trd, 4319294.493, 140
Trd, 4319294.793, 139
Trd, 4319295.993, 140
Trd, 4319296.443, 113
Trd, 4319296.693, 140
Trd, 4319296.793, 85
Trd, 4319297.293, 63
Trd, 4319298.243, 63
Trd, 4319299.043, 63
Trd, 4319299.293, 63
Trd, 4319299.743, 61
Trd, 4319299.943, 65
Trd, 4319300.593, 63
Trd, 4319303.093, 63
Trd, 4319304.193, 63
Trd, 4319304.643, 64
Trd, 4319306.043, 60
Trd, 4319306.393, 112
Trd, 4319307.493, 64
Trd, 4319307.993, 65
Trd, 4319308.243, 60
Trd, 4319309.643, 60
Trd, 4319310.193, 71
Trd, 4319310.243, 77
Trd, 4319310.643, 76
Trd, 4319312.443, 60
Trd, 4319312.693, 62
Trd, 4319314.793, 60
Trd, 4319315.743, 60
Trd, 4319316.093, 60
Trd, 4319316.143, 60
Trd, 4319316.943, 62
Trd, 4319317.093, 64
Trd, 4319317.293, 65
Trd, 4319317.843, 62
Trd, 4319318.193, 61
Trd, 4319318.293, 63
Trd, 4319318.993, 98
Trd, 4319320.143, 60
Trd, 4319321.343, 66
Trd, 4319321.893, 66
Trd, 4319322.393, 60
Trd, 4319322.893, 67
Trd, 4319324.943, 60
Trd, 4319325.143, 60
Trd, 4319325.943, 60
Trd, 4319326.143, 61
Trd, 4319326.493, 61
Trd, 4319327.593, 61
Trd, 4319327.893, 62
Trd, 4319328.293, 62
Trd, 4319328.943, 67
Trd, 4319329.443, 128
Trd, 4319329.543, 63
Trd, 4319329.743, 140
Trd, 4319331.043, 93
Trd, 4319331.093, 65
Trd, 4319332.443, 66
Trd, 4319333.793, 140
Trd, 4319334.743, 140
Trd, 4319335.043, 140
Trd, 4319335.593, 140
Trd, 4319335.693, 139
Trd, 4319335.743, 137
Trd, 4319336.893, 140
Trd, 4319338.743, 140
Trd, 4319339.193, 134
Trd, 4319339.343, 124
Trd, 4319340.143, 140
Trd, 4319340.643, 139
Trd, 4319340.693, 92
Trd, 4319342.393, 140
Trd, 4319343.093, 140
Trd, 4319343.593, 140
Trd, 4319345.643, 140
Trd, 4319346.843, 140
Trd, 4319347.343, 140
Trd, 4319347.543, 140
Trd, 4319347.793, 140
Trd, 4319349.443, 140
Trd, 4319349.743, 140
Trd, 4319351.493, 140
Trd, 4319351.643, 140
Trd, 4319352.043, 140
Trd, 4319352.393, 140
Trd, 4319352.543, 140
Trd, 4319354.093, 140
Trd, 4319355.493, 140
Trd, 4319356.793, 140
Trd, 4319357.193, 140
Trd, 4319357.243, 140
Trd, 4319357.893, 140
Trd, 4319358.093, 140
Trd, 4319358.893, 139
Trd, 4319359.793, 140
Trd, 4319360.743, 140
Trd, 4319361.043, 140
Trd, 4319361.443, 139
Trd, 4319362.443, 78
Trd, 4319364.993, 140
Trd, 4319365.493, 140
Trd, 4319365.793, 140
Trd, 4319366.193, 140
Trd, 4319367.593, 140
Trd, 4319368.343, 140
Trd, 4319368.943, 140
Trd, 4319369.343, 140
Trd, 4319369.843, 140
Trd, 4319370.693, 139
Trd, 4319372.093, 140
Trd, 4319372.543, 140
Trd, 4319374.093, 140
Trd, 4319374.443, 140
Trd, 4319375.793, 140
Trd, 4319376.193, 140
Trd, 4319376.393, 140
Trd, 4319376.543, 139
Trd, 4319377.843, 140
Trd, 4319377.943, 140
Trd, 4319379.993, 140
Trd, 4319380.193, 140
Trd, 4319380.243, 140
Trd, 4319382.493, 140
Trd, 4319382.793, 140
Trd, 4319383.043, 140
Trd, 4319383.843, 140
Trd, 4319384.243, 140
Trd, 4319386.193, 140
Trd, 4319386.843, 140
Trd, 4319387.793, 140
Trd, 4319387.993, 140
Trd, 4319388.543, 140
Trd, 4319389.043, 140
Trd, 4319389.393, 140
Trd, 4319389.543, 140
Trd, 4319389.943, 137
Trd, 4319390.643, 139
Trd, 4319390.893, 109
Trd, 4319391.143, 139
Trd, 4319391.493, 60
Trd, 4319392.493, 67
Trd, 4319393.193, 72
Trd, 4319394.443, 63
Trd, 4319395.893, 66
Trd, 4319396.193, 104
Trd, 4319397.043, 139
Trd, 4319397.793, 140
Trd, 4319398.743, 64
Trd, 4319399.293, 66
Trd, 4319399.393, 66
Trd, 4319400.243, 64
Trd, 4319400.543, 65
Trd, 4319400.843, 94
Trd, 4319401.143, 118
Trd, 4319402.093, 124
Trd, 4319402.893, 140
Trd, 4319403.443, 64
Trd, 4319405.993, 63
Trd, 4319407.143, 62
Trd, 4319407.243, 62
Trd, 4319407.493, 64
Trd, 4319408.743, 62
Trd, 4319409.643, 60
Trd, 4319409.793, 61
Trd, 4319410.393, 60
Trd, 4319411.743, 61
Trd, 4319413.693, 60
Trd, 4319413.793, 61
Trd, 4319414.193, 62
Trd, 4319414.543, 65
Trd, 4319415.143, 63
Trd, 4319417.043, 61
Trd, 4319417.293, 62
Trd, 4319417.443, 60
Trd, 4319418.643, 64
Trd, 4319418.893, 67
Trd, 4319419.043, 63
Trd, 4319420.693, 71
Trd, 4319421.093, 71
Trd, 4319421.793, 60
Trd, 4319422.243, 61
Trd, 4319422.293, 129
Trd, 4319423.643, 63
Trd, 4319423.793, 69
Trd, 4319424.393, 115
Trd, 4319426.443, 63
Trd, 4319426.593, 60
Trd, 4319427.093, 63
Trd, 4319427.593, 62
Trd, 4319429.643, 60
Trd, 4319429.993, 60
Trd, 4319430.143, 60
Trd, 4319432.093, 60
Trd, 4319432.643, 60
Trd, 4319432.693, 61
Trd, 4319433.543, 62
Trd, 4319434.393, 68
Trd, 4319435.643, 60
Trd, 4319435.693, 60
Trd, 4319436.793, 61
Trd, 4319437.043, 62
Trd, 4319437.143, 65
Trd, 4319437.443, 102
Trd, 4319438.593, 140
Trd, 4319438.943, 79
Trd, 4319440.193, 140
Trd, 4319441.693, 140
Trd, 4319442.443, 140
Trd, 4319443.143, 140
Trd, 4319443.893, 140
Trd, 4319444.243, 140
Trd, 4319444.443, 140
Trd, 4319444.593, 140
Trd, 4319445.393, 139
Trd, 4319446.093, 140
Trd, 4319446.293, 140
Trd, 4319448.543, 140
Trd, 4319449.943, 140
Trd, 4319450.543, 140
Trd, 4319451.943, 140
Trd, 4319452.193, 140
Trd, 4319452.843, 140
Trd, 4319453.243, 140
Trd, 4319453.593, 140
Trd, 4319454.243, 140
Trd, 4319454.793, 140
Trd, 4319454.943, 139
Trd, 4319455.193, 138
Trd, 4319456.443, 139
Trd, 4319456.893, 140
Trd, 4319457.643, 99
Trd, 4319458.893, 60
Trd, 4319458.993, 60
Trd, 4319459.043, 60
Trd, 4319460.243, 62
Trd, 4319460.743, 64
Trd, 4319460.843, 64
Trd, 4319462.743, 68
Trd, 4319463.293, 68
Trd, 4319464.293, 140
Trd, 4319465.043, 140
Trd, 4319465.393, 140
Trd, 4319465.643, 140
Trd, 4319466.043, 106
Trd, 4319467.843, 140
Trd, 4319468.293, 140
Trd, 4319468.893, 140
Trd, 4319469.143, 140
Trd, 4319469.493, 140
Trd, 4319471.593, 140
Trd, 4319471.643, 140
Trd, 4319472.843, 140
Trd, 4319473.593, 140
Trd, 4319474.543, 140
Trd, 4319475.143, 140
Trd, 4319475.593, 140
Trd, 4319476.043, 140
Trd, 4319476.293, 140
Trd, 4319477.443, 140
Trd, 4319477.493, 140
Trd, 4319478.043, 126
Trd, 4319480.043, 140
Trd, 4319480.443, 140
Trd, 4319481.743, 140
Trd, 4319482.893, 140
Trd, 4319483.643, 140
Trd, 4319483.743, 140
Trd, 4319485.393, 140
Trd, 4319485.493, 140
Trd, 4319486.093, 140
Trd, 4319486.143, 139
Trd, 4319486.393, 136
Trd, 4319487.143, 137
Trd, 4319488.393, 136
Trd, 4319488.643, 134
Trd, 4319489.093, 65
Trd, 4319491.043, 140
Trd, 4319492.293, 140
Trd, 4319492.343, 140
Trd, 4319493.343, 140
Trd, 4319493.493, 140
Trd, 4319495.393, 140
Trd, 4319495.593, 140
Trd, 4319496.493, 140
Trd, 4319496.543, 140
Trd, 4319497.593, 140
Trd, 4319498.343, 140
Trd, 4319498.793, 139
Trd, 4319498.893, 139
Trd, 4319499.093, 130
Trd, 4319499.893, 140
Trd, 4319501.893, 140
Trd, 4319503.893, 140
Trd, 4319504.543, 140
Trd, 4319504.643, 140
Trd, 4319504.793, 140
Trd, 4319505.993, 140
Trd, 4319506.943, 140
Trd, 4319507.993, 140
Trd, 4319508.243, 140
Trd, 4319508.443, 140
Trd, 4319508.693, 140
Trd, 4319510.043, 136
Trd, 4319511.643, 140
Trd, 4319512.643, 140
Trd, 4319513.143, 140
Trd, 4319513.343, 140
Trd, 4319513.443, 140
Trd, 4319515.193, 140
Trd, 4319516.093, 140
Trd, 4319517.643, 140
Trd, 4319517.893, 140
Trd, 4319518.043, 136
Trd, 4319519.143, 140
Trd, 4319520.543, 97
Trd, 4319521.493, 140
Trd, 4319521.743, 139
Trd, 4319521.943, 140
Trd, 4319522.693, 140
Trd, 4319523.543, 140
Trd, 4319524.293, 140
Trd, 4319524.893, 140
Trd, 4319526.543, 140
Trd, 4319526.743, 140
Trd, 4319527.243, 140
Trd, 4319527.493, 140
Trd, 4319528.443, 139
Trd, 4319528.593, 123
Trd, 4319529.643, 137
Trd, 4319530.043, 140
Trd, 4319532.293, 140
Trd, 4319532.343, 140
Trd, 4319533.793, 140
Trd, 4319534.343, 140
Trd, 4319535.693, 140
Trd, 4319536.243, 140
Trd, 4319536.543, 140
Trd, 4319537.093, 140
Trd, 4319538.193, 140
Trd, 4319540.093, 140
Trd, 4319540.143, 140
Trd, 4319540.693, 140
Trd, 4319541.493, 140
Trd, 4319541.893, 140
Trd, 4319544.393, 140
Trd, 4319544.493, 140
Trd, 4319544.643, 140
Trd, 4319544.993, 140
Trd, 4319546.093, 117
Trd, 4319546.443, 138
Trd, 4319546.843, 140
Trd, 4319547.193, 140
Trd, 4319547.393, 140
Trd, 4319548.843, 140
Trd, 4319550.543, 140
Trd, 4319551.143, 140
Trd, 4319551.193, 140
Trd, 4319551.693, 140
Trd, 4319553.943, 140
Trd, 4319554.493, 140
Trd, 4319555.093, 140
Trd, 4319555.143, 140
Trd, 4319555.693, 139
Trd, 4319555.843, 138
Trd, 4319556.843, 63
Trd, 4319557.143, 61
Trd, 4319558.893, 140
Trd, 4319559.443, 140
Trd, 4319560.143, 140
Trd, 4319560.543, 140
Trd, 4319561.193, 140
Trd, 4319561.893, 140
Trd, 4319562.243, 140
Trd, 4319563.393, 140
Trd, 4319563.943, 140
Trd, 4319564.043, 140
Trd, 4319565.193, 126
Trd, 4319565.393, 127
Trd, 4319567.193, 140
Trd, 4319569.793, 140
Trd, 4319570.143, 140
Trd, 4319570.593, 140
Trd, 4319571.193, 140
Trd, 4319572.343, 140
Trd, 4319573.443, 140
Trd, 4319574.143, 140
Trd, 4319575.543, 140
Trd, 4319576.193, 140
Trd, 4319576.493, 140
Trd, 4319577.393, 140
Trd, 4319578.243, 140
Trd, 4319578.393, 140
Trd, 4319579.743, 140
Trd, 4319580.193, 140
Trd, 4319580.243, 140
Trd, 4319580.443, 140
Trd, 4319582.293, 140
Trd, 4319582.993, 140
Trd, 4319584.343, 140
Trd, 4319584.943, 140
Trd, 4319585.043, 140
Trd, 4319585.293, 139
Trd, 4319585.643, 137
Trd, 4319586.943, 139
Trd, 4319588.343, 71
Trd, 4319588.943, 124
Trd, 4319588.993, 72
Trd, 4319589.693, 60
Trd, 4319590.643, 63
Trd, 4319590.893, 98
Trd, 4319591.993, 61
Trd, 4319592.593, 61
Trd, 4319593.393, 140
Trd, 4319593.543, 140
Trd, 4319594.443, 140
Trd, 4319595.293, 140
Trd, 4319595.443, 140
Trd, 4319596.643, 140
Trd, 4319597.043, 140
Trd, 4319598.893, 140
Trd, 4319599.493, 140
Trd, 4319600.593, 140
Trd, 4319600.793, 140
Trd, 4319601.243, 140
Trd, 4319602.193, 140
Trd, 4319602.343, 140
Trd, 4319603.343, 140
Trd, 4319603.643, 140
Trd, 4319603.843, 137
Trd, 4319604.043, 137
Trd, 4319604.493, 140
Trd, 4319604.593, 138
Trd, 4319605.693, 139
Trd, 4319608.243, 140
Trd, 4319608.893, 140
Trd, 4319609.143, 140
Trd, 4319609.593, 138
Trd, 4319610.943, 140
Trd, 4319612.793, 140
Trd, 4319612.893, 140
Trd, 4319613.693, 140
Trd, 4319613.993, 140
Trd, 4319614.543, 140
Trd, 4319614.943, 140
Trd, 4319616.193, 140
Trd, 4319617.043, 140
Trd, 4319617.093, 139
Trd, 4319617.293, 123
Trd, 4319618.193, 140
Trd, 4319618.243, 137
Trd, 4319619.343, 121
Trd, 4319620.593, 127
Trd, 4319621.543, 127
Trd, 4319621.593, 135
Trd, 4319622.293, 136
Trd, 4319623.593, 139
Trd, 4319623.793, 140
Trd, 4319625.643, 137
Trd, 4319625.993, 140
Trd, 4319626.093, 139
Trd, 4319626.193, 136
Trd, 4319626.393, 135
Trd, 4319628.243, 138
Trd, 4319629.043, 138
Trd, 4319629.993, 97
Trd, 4319632.093, 140
Trd, 4319632.393, 140
Trd, 4319632.643, 136
Trd, 4319632.893, 140
Trd, 4319633.293, 140
Trd, 4319633.593, 140
Trd, 4319633.693, 134
Trd, 4319635.993, 140
Trd, 4319636.143, 140
Trd, 4319636.443, 140
Trd, 4319636.943, 138
Trd, 4319637.493, 139
Trd, 4319637.543, 139
Trd, 4319637.693, 138
Trd, 4319637.843, 138
Trd, 4319639.043, 140
Trd, 4319640.293, 139
Trd, 4319640.643, 139
Trd, 4319641.643, 139
Trd, 4319642.643, 140
Trd, 4319643.243, 140
Trd, 4319643.443, 140
Trd, 4319644.993, 140
Trd, 4319645.543, 140
Trd, 4319646.193, 140
Trd, 4319646.693, 140
Trd, 4319649.943, 140
Trd, 4319650.343, 140
Trd, 4319650.543, 140
Trd, 4319650.943, 140
Trd, 4319652.343, 140
Trd, 4319652.943, 140
Trd, 4319653.143, 140
Trd, 4319653.643, 140
Trd, 4319654.843, 140
Trd, 4319655.293, 138
Trd, 4319656.543, 140
Trd, 4319657.293, 140
Trd, 4319657.893, 140
Trd, 4319659.093, 140
Trd, 4319660.243, 140
Trd, 4319661.593, 140
Trd, 4319662.893, 140
Trd, 4319663.743, 140
Trd, 4319663.893, 140
Trd, 4319664.543, 140
Trd, 4319664.893, 140
Trd, 4319665.943, 140
Trd, 4319666.893, 139
Trd, 4319667.243, 140
Trd, 4319667.293, 139
Trd, 4319667.343, 139
Trd, 4319668.093, 137
Trd, 4319668.343, 136
Trd, 4319669.743, 140
Trd, 4319671.993, 140
Trd, 4319672.493, 140
Trd, 4319672.543, 140
Trd, 4319673.543, 140
Trd, 4319673.893, 140
Trd, 4319675.143, 140
Trd, 4319675.493, 140
Trd, 4319675.743, 140
Trd, 4319675.993, 140
Trd, 4319676.243, 109
Trd, 4319677.843, 140
Trd, 4319678.093, 140
Trd, 4319679.443, 140
Trd, 4319680.343, 140
Trd, 4319681.093, 140
Trd, 4319682.293, 140
Trd, 4319683.393, 140
Trd, 4319684.643, 140
Trd, 4319685.243, 140
Trd, 4319686.893, 140
Trd, 4319686.943, 140
Trd, 4319687.343, 140
Trd, 4319688.493, 140
Trd, 4319688.793, 140
Trd, 4319689.693, 140
Trd, 4319690.043, 140
Trd, 4319690.143, 140
Trd, 4319690.443, 137
Trd, 4319692.043, 140
Trd, 4319693.893, 140
Trd, 4319694.443, 140
Trd, 4319694.793, 140
Trd, 4319695.893, 140
Trd, 4319696.193, 140
Trd, 4319696.243, 137
Trd, 4319696.943, 140
Trd, 4319698.893, 140
Trd, 4319699.293, 140
Trd, 4319699.993, 140
Trd, 4319700.243, 140
Trd, 4319702.093, 140
Trd, 4319704.043, 140
Trd, 4319704.243, 140
Trd, 4319704.293, 140
Trd, 4319706.043, 140
Trd, 4319706.643, 140
Trd, 4319707.893, 140
Trd, 4319708.193, 140
Trd, 4319708.293, 140
Trd, 4319708.693, 140
Trd, 4319709.443, 140
Trd, 4319710.993, 140
Trd, 4319711.643, 140
Trd, 4319712.243, 140
Trd, 4319712.543, 140
Trd, 4319714.043, 140
Trd, 4319714.693, 140
Trd, 4319714.993, 140
Trd, 4319716.443, 140
Trd, 4319716.593, 140
Trd, 4319717.693, 140
Trd, 4319717.793, 140
Trd, 4319718.543, 140
Trd, 4319719.193, 140
Trd, 4319721.993, 140
Trd, 4319722.543, 140
Trd, 4319722.793, 139
Trd, 4319724.343, 140
Trd, 4319724.543, 140
Trd, 4319724.993, 140
Trd, 4319726.193, 140
Trd, 4319726.993, 140
Trd, 4319727.043, 112
Trd, 4319728.093, 60
Trd, 4319728.943, 61
Trd, 4319728.993, 111
Trd, 4319729.543, 140
Trd, 4319729.793, 140
Trd, 4319729.943, 136
Trd, 4319732.593, 140
Trd, 4319732.793, 140
Trd, 4319733.843, 140
Trd, 4319734.793, 140
Trd, 4319734.893, 140
Trd, 4319735.243, 140
Trd, 4319736.193, 140
Trd, 4319737.093, 140
Trd, 4319737.293, 140
Trd, 4319737.993, 140
Trd, 4319738.543, 140
Trd, 4319740.043, 137
Trd, 4319740.843, 140
Trd, 4319740.993, 140
Trd, 4319741.743, 128
Trd, 4319743.293, 140
Trd, 4319743.943, 140
Trd, 4319745.343, 140
Trd, 4319745.793, 140
Trd, 4319745.993, 140
Trd, 4319746.543, 140
Trd, 4319747.493, 140
Trd, 4319748.193, 140
Trd, 4319748.893, 140
Trd, 4319749.043, 139
Trd, 4319750.893, 140
Trd, 4319751.243, 140
Trd, 4319751.943, 140
Trd, 4319752.043, 140
Trd, 4319754.243, 140
Trd, 4319754.993, 140
Trd, 4319755.293, 140
Trd, 4319755.393, 140
Trd, 4319756.043, 139
Trd, 4319756.143, 140
Trd, 4319756.343, 140
Trd, 4319756.793, 140
Trd, 4319757.943, 140
Trd, 4319758.043, 140
Trd, 4319759.093, 132
Trd, 4319759.293, 115
Trd, 4319759.543, 63
Trd, 4319759.593, 131
Trd, 4319762.693, 140
Trd, 4319763.693, 140
Trd, 4319764.393, 140
Trd, 4319764.443, 140
Trd, 4319765.043, 140
Trd, 4319765.593, 138
Trd, 4319765.643, 135
Trd, 4319766.493, 137
Trd, 4319767.393, 140
Trd, 4319767.443, 140
Trd, 4319767.643, 138
Trd, 4319769.443, 140
Trd, 4319769.543, 140
Trd, 4319770.293, 140
Trd, 4319770.443, 140
Trd, 4319773.643, 140
Trd, 4319773.893, 137
Trd, 4319774.143, 138
Trd, 4319774.493, 111
Trd, 4319776.643, 140
Trd, 4319777.943, 140
Trd, 4319777.993, 140
Trd, 4319778.343, 140
Trd, 4319778.943, 140
Trd, 4319779.043, 140
Trd, 4319779.993, 140
Trd, 4319780.693, 140
Trd, 4319781.243, 140
Trd, 4319781.493, 140
Trd, 4319782.693, 140
Trd, 4319783.293, 140
Trd, 4319784.043, 140
Trd, 4319784.343, 140
Trd, 4319785.193, 140
Trd, 4319785.843, 139
Trd, 4319786.343, 140
Trd, 4319787.393, 140
Trd, 4319787.493, 140
Trd, 4319787.693, 138
Trd, 4319788.643, 139
Trd, 4319789.793, 60
Trd, 4319790.443, 65
Trd, 4319791.443, 64
Trd, 4319792.293, 131
Trd, 4319794.093, 60
Trd, 4319794.593, 60
Trd, 4319796.643, 61
Trd, 4319797.343, 60
Trd, 4319797.693, 64
Trd, 4319798.193, 61
Trd, 4319798.493, 67
Trd, 4319799.293, 73
Trd, 4319799.543, 135
Trd, 4319801.943, 60
Trd, 4319802.443, 60
Trd, 4319802.593, 61
Trd, 4319802.693, 63
Trd, 4319802.993, 60
Trd, 4319803.643, 61
Trd, 4319803.893, 63
Trd, 4319805.193, 64
Trd, 4319807.393, 60
Trd, 4319807.843, 60
Trd, 4319807.943, 63
Trd, 4319809.443, 60
Trd, 4319809.793, 60
Trd, 4319811.343, 64
Trd, 4319811.643, 62
Trd, 4319811.993, 65
Trd, 4319812.693, 64
Trd, 4319813.743, 65
Trd, 4319814.043, 64
Trd, 4319817.193, 60
Trd, 4319817.243, 60
Trd, 4319817.493, 60
Trd, 4319817.593, 61
Trd, 4319817.643, 61
Trd, 4319818.143, 63
Trd, 4319818.343, 79
Trd, 4319819.343, 140
Trd, 4319819.593, 140
Trd, 4319821.093, 64
Trd, 4319821.493, 65
Trd, 4319821.943, 74
Trd, 4319822.343, 61
Trd, 4319823.143, 136
Trd, 4319824.743, 140
Trd, 4319825.093, 140
Trd, 4319825.843, 87
Trd, 4319826.293, 140
Trd, 4319826.443, 140
Trd, 4319827.393, 140
Trd, 4319827.493, 130
Trd, 4319828.393, 140
Trd, 4319828.693, 139
Trd, 4319829.793, 140
Trd, 4319829.943, 140
Trd, 4319831.343, 140
Trd, 4319831.643, 140
Trd, 4319831.843, 139
Trd, 4319833.093, 140
Trd, 4319833.493, 140
Trd, 4319834.543, 140
Trd, 4319835.193, 139
Trd, 4319836.193, 140
Trd, 4319836.243, 139
Trd, 4319837.593, 140
Trd, 4319838.293, 140
Trd, 4319839.243, 140
Trd, 4319839.443, 140
Trd, 4319841.293, 140
Trd, 4319841.443, 140
Trd, 4319841.843, 140
Trd, 4319841.943, 140
Trd, 4319842.393, 118
Trd, 4319844.193, 136
Trd, 4319844.293, 125
Trd, 4319844.793, 97
Trd, 4319846.243, 140
Trd, 4319846.293, 140
Trd, 4319847.143, 104
Trd, 4319848.093, 97
Trd, 4319848.743, 97
Trd, 4319849.693, 138
Trd, 4319851.543, 140
Trd, 4319852.893, 140
Trd, 4319852.993, 140
Trd, 4319853.143, 140
Trd, 4319853.793, 140
Trd, 4319855.243, 140
Trd, 4319855.343, 140
Trd, 4319856.393, 140
Trd, 4319856.643, 140
Trd, 4319856.693, 140
Trd, 4319857.143, 105
Trd, 4319859.393, 140
Trd, 4319859.693, 140
Trd, 4319859.893, 140
Trd, 4319860.693, 140
Trd, 4319861.743, 140
Trd, 4319861.793, 140
Trd, 4319863.593, 140
Trd, 4319864.293, 140
Trd, 4319864.593, 140
Trd, 4319865.593, 140
Trd, 4319866.793, 140
Trd, 4319867.193, 140
Trd, 4319867.393, 140
Trd, 4319867.493, 139
Trd, 4319868.293, 138
Trd, 4319868.793, 140
Trd, 4319868.943, 63
Trd, 4319869.893, 140
Trd, 4319869.993, 140
Trd, 4319871.693, 140
Trd, 4319873.493, 140
Trd, 4319873.643, 140
Trd, 4319873.793, 140
Trd, 4319873.993, 140
Trd, 4319875.243, 139
Trd, 4319875.593, 140
Trd, 4319875.643, 140
Trd, 4319875.843, 139
Trd, 4319878.243, 139
Trd, 4319879.393, 140
Trd, 4319879.893, 140
Trd, 4319880.293, 139
Trd, 4319880.443, 139
Trd, 4319882.293, 140
Trd, 4319882.643, 140
Trd, 4319882.743, 140
Trd, 4319883.843, 137
Trd, 4319884.343, 138
Trd, 4319886.043, 140
Trd, 4319886.243, 140
Trd, 4319887.893, 140
Trd, 4319888.943, 140
Trd, 4319889.593, 140
Trd, 4319889.743, 140
Trd, 4319890.143, 140
Trd, 4319890.393, 140
Trd, 4319892.543, 140
Trd, 4319892.993, 140
Trd, 4319893.393, 140
Trd, 4319894.343, 140
Trd, 4319894.643, 140
Trd, 4319896.243, 140
Trd, 4319898.543, 140
Trd, 4319898.643, 140
Trd, 4319898.693, 140
Trd, 4319898.993, 140
Trd, 4319899.293, 140
Trd, 4319901.643, 140
Trd, 4319901.793, 140
Trd, 4319902.193, 140
Trd, 4319902.443, 140
Trd, 4319902.643, 140
Trd, 4319903.693, 140
Trd, 4319903.793, 124
Trd, 4319904.993, 63
Trd, 4319905.593, 60
Trd, 4319905.943, 60
Trd, 4319906.793, 126
Trd, 4319907.743, 61
Trd, 4319908.493, 64
Trd, 4319909.043, 72
Trd, 4319909.993, 61
Trd, 4319910.443, 63
Trd, 4319910.543, 62
Trd, 4319911.793, 131
Trd, 4319911.993, 137
Trd, 4319912.543, 131
Trd, 4319914.143, 140
Trd, 4319914.193, 140
Trd, 4319916.543, 140
Trd, 4319917.243, 140
Trd, 4319917.393, 140
Trd, 4319917.643, 140
Trd, 4319918.193, 140
Trd, 4319918.393, 138
Trd, 4319919.743, 140
Trd, 4319921.143, 140
Trd, 4319921.743, 140
Trd, 4319922.793, 139
Trd, 4319922.943, 134
Trd, 4319924.243, 79
Trd, 4319925.143, 140
Trd, 4319925.543, 140
Trd, 4319926.893, 140
Trd, 4319928.493, 140
Trd, 4319929.093, 140
Trd, 4319930.143, 140
Trd, 4319930.193, 140
Trd, 4319930.443, 140
Trd, 4319930.543, 139
Trd, 4319932.743, 140
Trd, 4319932.993, 140
Trd, 4319934.393, 140
Trd, 4319934.443, 140
Trd, 4319934.843, 140
Trd, 4319935.593, 135
Trd, 4319936.193, 140
Trd, 4319937.143, 134
Trd, 4319939.493, 140
Trd, 4319939.693, 140
Trd, 4319939.893, 140
Trd, 4319940.943, 140
Trd, 4319941.143, 140
Trd, 4319943.793, 140
Trd, 4319944.143, 140
Trd, 4319945.093, 140
Trd, 4319945.743, 140
Trd, 4319945.893, 140
Trd, 4319947.543, 140
Trd, 4319948.843, 140
Trd, 4319948.893, 140
Trd, 4319949.393, 140
Trd, 4319949.443, 140
Trd, 4319950.343, 140
Trd, 4319951.143, 140
Trd, 4319951.843, 140
Trd, 4319952.393, 89
Trd, 4319952.843, 75
Trd, 4319953.493, 140
Trd, 4319953.693, 140
Trd, 4319956.193, 140
Trd, 4319956.693, 140
Trd, 4319957.043, 140
Trd, 4319957.943, 138
Trd, 4319958.743, 60
Trd, 4319959.343, 60
Trd, 4319959.993, 60
Trd, 4319960.593, 68
Trd, 4319960.843, 140
Trd, 4319961.843, 129
Trd, 4319961.993, 128
Trd, 4319962.243, 127
Trd, 4319962.893, 61
Trd, 4319963.693, 67
Trd, 4319965.493, 140
Trd, 4319967.943, 140
Trd, 4319968.143, 140
Trd, 4319968.443, 140
Trd, 4319969.993, 140
Trd, 4319970.093, 140
Trd, 4319970.843, 140
Trd, 4319971.093, 140
Trd, 4319971.443, 140
Trd, 4319971.693, 140
Trd, 4319973.943, 140
Trd, 4319974.693, 140
Trd, 4319975.843, 140
Trd, 4319976.843, 140
Trd, 4319976.943, 140
Trd, 4319977.493, 140
Trd, 4319977.893, 140
Trd, 4319978.743, 138
Trd, 4319980.343, 140
Trd, 4319980.743, 136
Trd, 4319980.943, 135
Trd, 4319983.493, 140
Trd, 4319983.543, 140
Trd, 4319983.893, 140
Trd, 4319984.143, 140
Trd, 4319985.643, 140
Trd, 4319986.743, 140
Trd, 4319986.993, 140
Trd, 4319987.243, 138
Trd, 4319987.543, 119
Trd, 4319989.593, 139
Trd, 4319990.643, 140
Trd, 4319991.343, 140
Trd, 4319991.493, 140
Trd, 4319992.093, 140
Trd, 4319992.293, 140
Trd, 4319993.843, 140
Trd, 4319994.343, 140
Trd, 4319994.393, 140
Trd, 4319995.993, 140
Trd, 4319996.143, 140
Trd, 4319998.343, 140
