Trd, 4318070.343, 135
Trd, 4318071.393, 122
Trd, 4318071.643, 121
Trd, 4318072.193, 125
Trd, 4318072.893, 116
Trd, 4318074.593, 140
Trd, 4318074.643, 140
Trd, 4318075.743, 66
Trd, 4318076.093, 137
Trd, 4318077.743, 61
Trd, 4318078.293, 99
Trd, 4318079.043, 60
Trd, 4318079.393, 61
Trd, 4318079.643, 117
Trd, 4318080.693, 140
Trd, 4318081.393, 140
Trd, 4318082.093, 116
Trd, 4318082.493, 115
Trd, 4318083.693, 140
Trd, 4318085.293, 140
Trd, 4318085.443, 140
Trd, 4318085.643, 140
Trd, 4318087.043, 122
Trd, 4318088.043, 138
Trd, 4318088.443, 139
Trd, 4318088.843, 124
Trd, 4318089.543, 129
Trd, 4318090.593, 125
Trd, 4318092.043, 140
Trd, 4318092.443, 140
Trd, 4318092.743, 140
Trd, 4318092.893, 140
Trd, 4318093.593, 140
Trd, 4318094.393, 140
Trd, 4318094.793, 140
Trd, 4318094.843, 138
Trd, 4318095.643, 95
Trd, 4318097.193, 83
Trd, 4318097.993, 110
Trd, 4318098.343, 111
Trd, 4318099.243, 110
Trd, 4318100.393, 125
Trd, 4318100.543, 104
Trd, 4318100.693, 129
Trd, 4318101.043, 76
Trd, 4318101.143, 140
Trd, 4318101.693, 104
Trd, 4318103.743, 64
Trd, 4318105.193, 139
Trd, 4318107.093, 140
Trd, 4318107.143, 140
Trd, 4318108.193, 140
Trd, 4318108.443, 140
Trd, 4318108.743, 140
Trd, 4318108.893, 140
Trd, 4318109.743, 140
Trd, 4318111.393, 140
Trd, 4318111.493, 140
Trd, 4318111.943, 140
Trd, 4318112.943, 140
Trd, 4318113.593, 137
Trd, 4318114.743, 121
Trd, 4318116.693, 140
Trd, 4318116.743, 140
Trd, 4318118.043, 138
Trd, 4318119.193, 140
Trd, 4318119.243, 138
Trd, 4318120.243, 140
Trd, 4318121.743, 140
Trd, 4318123.193, 140
Trd, 4318123.393, 139
Trd, 4318124.043, 140
Trd, 4318124.093, 140
Trd, 4318124.793, 139
Trd, 4318124.943, 138
Trd, 4318125.093, 138
Trd, 4318125.493, 113
Trd, 4318126.643, 140
Trd, 4318128.243, 138
Trd, 4318131.693, 140
Trd, 4318131.943, 140
Trd, 4318132.543, 140
Trd, 4318132.693, 139
Trd, 4318133.843, 139
Trd, 4318134.543, 110
Trd, 4318134.743, 109
Trd, 4318136.643, 140
Trd, 4318136.843, 101
Trd, 4318137.943, 140
Trd, 4318138.493, 140
Trd, 4318139.443, 140
Trd, 4318140.243, 140
Trd, 4318140.293, 140
Trd, 4318140.793, 140
Trd, 4318141.343, 131
Trd, 4318142.243, 120
Trd, 4318142.743, 140
Trd, 4318144.043, 140
Trd, 4318145.043, 140
Trd, 4318145.443, 140
Trd, 4318145.893, 140
Trd, 4318146.493, 137
Trd, 4318147.343, 140
Trd, 4318148.643, 140
Trd, 4318149.693, 140
Trd, 4318149.793, 140
Trd, 4318150.893, 140
Trd, 4318152.793, 140
Trd, 4318152.943, 140
Trd, 4318153.143, 140
Trd, 4318154.993, 140
Trd, 4318155.143, 140
Trd, 4318155.393, 140
Trd, 4318157.843, 140
Trd, 4318158.443, 140
Trd, 4318158.543, 140
Trd, 4318161.293, 140
Trd, 4318161.743, 140
Trd, 4318161.843, 140
Trd, 4318162.193, 140
Trd, 4318162.293, 140
Trd, 4318162.893, 139
Trd, 4318163.143, 139
Trd, 4318163.743, 140
Trd, 4318163.993, 139
Trd, 4318164.243, 113
Trd, 4318165.693, 140
Trd, 4318167.093, 139
Trd, 4318167.743, 122
Trd, 4318168.143, 122
Trd, 4318168.643, 111
Trd, 4318168.893, 64
Trd, 4318169.093, 117
Trd, 4318170.043, 139
Trd, 4318171.943, 140
Trd, 4318172.843, 116
Trd, 4318172.943, 115
Trd, 4318174.943, 140
Trd, 4318175.043, 140
Trd, 4318175.493, 140
Trd, 4318176.343, 140
Trd, 4318176.493, 140
Trd, 4318178.343, 140
Trd, 4318178.543, 140
Trd, 4318178.743, 122
Trd, 4318180.893, 140
Trd, 4318181.643, 140
Trd, 4318182.893, 140
Trd, 4318183.143, 140
Trd, 4318184.493, 127
Trd, 4318184.993, 80
Trd, 4318185.093, 135
Trd, 4318185.543, 76
Trd, 4318186.343, 79
Trd, 4318186.993, 75
Trd, 4318188.043, 139
Trd, 4318188.393, 106
Trd, 4318189.243, 128
Trd, 4318190.093, 127
Trd, 4318192.593, 140
Trd, 4318194.293, 139
Trd, 4318194.943, 136
Trd, 4318195.943, 140
Trd, 4318196.293, 140
Trd, 4318196.493, 139
Trd, 4318197.943, 140
Trd, 4318198.043, 139
Trd, 4318198.743, 110
Trd, 4318201.293, 134
Trd, 4318202.743, 138
Trd, 4318202.893, 136
Trd, 4318204.093, 140
Trd, 4318204.793, 71
Trd, 4318206.293, 140
Trd, 4318206.693, 140
Trd, 4318207.293, 140
Trd, 4318208.543, 140
Trd, 4318210.393, 140
Trd, 4318210.843, 140
Trd, 4318211.193, 139
Trd, 4318211.443, 140
Trd, 4318212.193, 140
Trd, 4318212.643, 119
Trd, 4318213.293, 99
Trd, 4318213.443, 98
Trd, 4318214.843, 138
Trd, 4318216.193, 140
Trd, 4318217.493, 140
Trd, 4318217.643, 128
Trd, 4318219.343, 73
Trd, 4318220.193, 80
Trd, 4318221.093, 62
Trd, 4318221.393, 68
Trd, 4318222.493, 69
Trd, 4318222.643, 102
Trd, 4318222.993, 103
Trd, 4318223.243, 101
Trd, 4318223.643, 139
Trd, 4318223.943, 70
Trd, 4318224.593, 82
Trd, 4318227.643, 140
Trd, 4318227.893, 140
Trd, 4318228.193, 94
Trd, 4318229.093, 140
Trd, 4318229.393, 118
Trd, 4318230.143, 64
Trd, 4318232.243, 118
Trd, 4318232.593, 104
Trd, 4318232.843, 101
Trd, 4318234.293, 86
Trd, 4318234.993, 77
Trd, 4318235.043, 75
Trd, 4318235.493, 100
Trd, 4318236.893, 140
Trd, 4318237.893, 140
Trd, 4318239.343, 140
Trd, 4318239.393, 140
Trd, 4318240.043, 140
Trd, 4318241.193, 140
Trd, 4318242.193, 140
Trd, 4318242.543, 136
Trd, 4318243.293, 83
Trd, 4318244.243, 140
Trd, 4318244.843, 140
Trd, 4318244.893, 140
Trd, 4318245.893, 105
Trd, 4318246.843, 76
Trd, 4318247.993, 85
Trd, 4318248.243, 66
Trd, 4318248.293, 72
Trd, 4318251.693, 140
Trd, 4318252.043, 140
Trd, 4318252.793, 140
Trd, 4318252.893, 140
Trd, 4318253.593, 140
Trd, 4318254.293, 140
Trd, 4318254.693, 140
Trd, 4318255.593, 140
Trd, 4318255.893, 139
Trd, 4318256.643, 129
Trd, 4318257.193, 85
Trd, 4318257.643, 130
Trd, 4318259.093, 140
Trd, 4318259.743, 70
Trd, 4318259.843, 139
Trd, 4318261.343, 100
Trd, 4318261.393, 108
Trd, 4318263.043, 96
Trd, 4318263.343, 66
Trd, 4318263.693, 62
Trd, 4318263.743, 65
Trd, 4318264.993, 61
Trd, 4318265.893, 106
Trd, 4318265.943, 129
Trd, 4318267.043, 60
Trd, 4318268.643, 103
Trd, 4318269.143, 88
Trd, 4318269.343, 86
Trd, 4318270.643, 139
Trd, 4318271.293, 139
Trd, 4318271.943, 138
Trd, 4318273.643, 140
Trd, 4318274.993, 140
Trd, 4318276.143, 140
Trd, 4318276.243, 140
Trd, 4318276.993, 140
Trd, 4318277.893, 140
Trd, 4318278.443, 139
Trd, 4318278.893, 139
Trd, 4318279.743, 140
Trd, 4318280.493, 140
Trd, 4318280.643, 140
Trd, 4318281.943, 112
Trd, 4318283.643, 140
Trd, 4318284.143, 140
Trd, 4318284.943, 140
Trd, 4318285.693, 140
Trd, 4318286.093, 140
Trd, 4318286.743, 140
Trd, 4318287.493, 110
Trd, 4318287.893, 100
Trd, 4318287.943, 101
Trd, 4318289.043, 60
Trd, 4318289.943, 60
Trd, 4318290.943, 60
Trd, 4318291.593, 140
Trd, 4318294.593, 60
Trd, 4318294.743, 60
Trd, 4318295.043, 69
Trd, 4318295.693, 136
Trd, 4318296.643, 138
Trd, 4318296.993, 138
Trd, 4318298.543, 140
Trd, 4318299.243, 140
Trd, 4318299.843, 140
Trd, 4318300.043, 140
Trd, 4318301.443, 140
Trd, 4318301.493, 140
Trd, 4318302.543, 101
Trd, 4318303.093, 140
Trd, 4318304.243, 139
Trd, 4318304.443, 139
Trd, 4318305.193, 140
Trd, 4318305.793, 140
Trd, 4318306.043, 140
Trd, 4318306.993, 140
Trd, 4318307.343, 139
Trd, 4318309.793, 140
Trd, 4318310.393, 140
Trd, 4318310.993, 140
Trd, 4318311.493, 139
Trd, 4318312.093, 138
Trd, 4318312.643, 132
Trd, 4318314.693, 140
Trd, 4318315.093, 140
Trd, 4318315.193, 129
Trd, 4318315.243, 101
Trd, 4318316.293, 139
Trd, 4318319.143, 140
Trd, 4318319.293, 140
Trd, 4318320.643, 140
Trd, 4318321.493, 140
Trd, 4318321.843, 140
Trd, 4318323.093, 140
Trd, 4318323.343, 140
Trd, 4318323.443, 139
Trd, 4318323.943, 125
Trd, 4318325.193, 140
Trd, 4318325.443, 140
Trd, 4318326.793, 140
Trd, 4318329.143, 140
Trd, 4318329.293, 140
Trd, 4318330.293, 140
Trd, 4318330.393, 140
Trd, 4318331.543, 140
Trd, 4318331.593, 139
Trd, 4318333.143, 140
Trd, 4318333.243, 140
Trd, 4318333.393, 118
Trd, 4318334.993, 140
Trd, 4318336.193, 140
Trd, 4318336.343, 140
Trd, 4318336.743, 140
Trd, 4318337.043, 140
Trd, 4318337.443, 140
Trd, 4318339.293, 140
Trd, 4318339.693, 140
Trd, 4318341.193, 140
Trd, 4318341.543, 140
Trd, 4318342.743, 140
Trd, 4318343.393, 140
Trd, 4318343.543, 140
Trd, 4318344.343, 140
Trd, 4318345.243, 140
Trd, 4318345.393, 140
Trd, 4318347.743, 140
Trd, 4318348.793, 140
Trd, 4318349.293, 140
Trd, 4318351.143, 140
Trd, 4318351.243, 140
Trd, 4318352.343, 140
Trd, 4318353.493, 140
Trd, 4318354.343, 140
Trd, 4318356.043, 140
Trd, 4318356.293, 140
Trd, 4318357.243, 140
Trd, 4318357.443, 140
Trd, 4318357.743, 139
Trd, 4318358.343, 132
Trd, 4318358.993, 139
Trd, 4318359.643, 80
Trd, 4318360.193, 140
Trd, 4318360.793, 140
Trd, 4318361.293, 140
Trd, 4318361.693, 138
Trd, 4318363.593, 140
Trd, 4318365.643, 112
Trd, 4318365.943, 107
Trd, 4318366.093, 74
Trd, 4318367.243, 140
Trd, 4318368.393, 140
Trd, 4318369.593, 140
Trd, 4318370.143, 140
Trd, 4318371.843, 140
Trd, 4318371.943, 140
Trd, 4318372.143, 131
Trd, 4318373.443, 140
Trd, 4318374.643, 140
Trd, 4318375.343, 140
Trd, 4318375.543, 101
Trd, 4318375.943, 108
Trd, 4318378.543, 140
Trd, 4318378.743, 140
Trd, 4318380.393, 140
Trd, 4318381.343, 140
Trd, 4318381.593, 139
Trd, 4318382.293, 61
Trd, 4318383.143, 138
Trd, 4318383.343, 137
Trd, 4318385.143, 140
Trd, 4318386.193, 140
Trd, 4318387.743, 140
Trd, 4318388.143, 140
Trd, 4318389.343, 140
Trd, 4318389.443, 140
Trd, 4318389.643, 140
Trd, 4318391.743, 140
Trd, 4318392.143, 140
Trd, 4318392.293, 140
Trd, 4318393.743, 140
Trd, 4318393.793, 140
Trd, 4318395.293, 140
Trd, 4318395.693, 140
Trd, 4318397.893, 140
Trd, 4318397.993, 139
Trd, 4318398.393, 138
Trd, 4318398.793, 137
Trd, 4318400.943, 133
Trd, 4318401.093, 132
Trd, 4318403.693, 140
Trd, 4318403.743, 140
Trd, 4318403.943, 140
Trd, 4318405.443, 140
Trd, 4318405.993, 133
Trd, 4318406.243, 99
Trd, 4318406.593, 140
Trd, 4318406.793, 139
Trd, 4318407.043, 139
Trd, 4318408.043, 114
Trd, 4318409.043, 140
Trd, 4318410.043, 115
Trd, 4318411.243, 84
Trd, 4318412.193, 138
Trd, 4318412.393, 137
Trd, 4318414.493, 140
Trd, 4318414.593, 140
Trd, 4318414.743, 140
Trd, 4318414.793, 133
Trd, 4318416.243, 140
Trd, 4318416.543, 140
Trd, 4318416.843, 140
Trd, 4318417.093, 123
Trd, 4318419.793, 140
Trd, 4318421.343, 140
Trd, 4318421.393, 140
Trd, 4318421.443, 140
Trd, 4318423.543, 140
Trd, 4318423.893, 140
Trd, 4318425.893, 140
Trd, 4318425.943, 140
Trd, 4318428.143, 140
Trd, 4318428.793, 140
Trd, 4318428.943, 140
Trd, 4318429.343, 140
Trd, 4318430.093, 140
Trd, 4318430.293, 138
Trd, 4318432.793, 140
Trd, 4318433.643, 140
Trd, 4318435.343, 140
Trd, 4318435.693, 140
Trd, 4318436.493, 140
Trd, 4318436.743, 140
Trd, 4318437.043, 121
Trd, 4318438.743, 118
Trd, 4318439.093, 117
Trd, 4318439.343, 140
Trd, 4318440.143, 138
Trd, 4318440.493, 137
Trd, 4318441.293, 139
Trd, 4318441.793, 138
Trd, 4318442.493, 140
Trd, 4318444.693, 140
Trd, 4318445.043, 140
Trd, 4318446.093, 140
Trd, 4318446.643, 140
Trd, 4318447.293, 140
Trd, 4318447.693, 140
Trd, 4318447.893, 140
Trd, 4318448.193, 138
Trd, 4318448.293, 104
Trd, 4318448.693, 111
Trd, 4318451.093, 140
Trd, 4318451.593, 140
Trd, 4318451.993, 139
Trd, 4318452.343, 137
Trd, 4318453.793, 133
Trd, 4318455.493, 140
Trd, 4318456.443, 140
Trd, 4318457.143, 140
Trd, 4318457.193, 139
Trd, 4318457.793, 140
Trd, 4318458.043, 118
Trd, 4318459.193, 139
Trd, 4318460.743, 74
Trd, 4318462.093, 66
Trd, 4318463.443, 140
Trd, 4318464.843, 140
Trd, 4318464.893, 140
Trd, 4318465.043, 105
Trd, 4318466.993, 140
Trd, 4318467.443, 140
Trd, 4318468.643, 140
Trd, 4318469.093, 139
Trd, 4318469.193, 139
Trd, 4318469.793, 140
Trd, 4318470.643, 125
Trd, 4318472.343, 140
Trd, 4318473.143, 140
Trd, 4318474.493, 140
Trd, 4318475.843, 140
Trd, 4318476.143, 140
Trd, 4318476.693, 140
Trd, 4318476.793, 116
Trd, 4318477.143, 92
Trd, 4318477.593, 67
Trd, 4318478.293, 71
Trd, 4318478.393, 73
Trd, 4318479.393, 67
Trd, 4318482.193, 69
Trd, 4318483.593, 70
Trd, 4318485.843, 64
Trd, 4318486.193, 74
Trd, 4318486.593, 77
Trd, 4318487.693, 82
Trd, 4318488.993, 85
Trd, 4318489.693, 120
Trd, 4318489.993, 138
Trd, 4318490.643, 119
Trd, 4318490.843, 129
Trd, 4318492.193, 140
Trd, 4318492.543, 140
Trd, 4318492.993, 140
Trd, 4318493.343, 140
Trd, 4318493.893, 140
Trd, 4318496.693, 139
Trd, 4318497.043, 139
Trd, 4318498.543, 140
Trd, 4318498.693, 139
Trd, 4318500.843, 140
Trd, 4318503.243, 140
Trd, 4318503.543, 140
Trd, 4318504.943, 140
Trd, 4318505.293, 140
Trd, 4318506.293, 140
Trd, 4318506.543, 140
Trd, 4318506.943, 140
Trd, 4318507.343, 84
Trd, 4318507.943, 60
Trd, 4318508.543, 68
Trd, 4318509.293, 62
Trd, 4318512.743, 140
Trd, 4318512.843, 140
Trd, 4318514.443, 140
Trd, 4318514.493, 140
Trd, 4318514.893, 140
Trd, 4318515.293, 140
Trd, 4318515.743, 140
Trd, 4318516.043, 134
Trd, 4318516.493, 98
Trd, 4318517.793, 140
Trd, 4318518.843, 140
Trd, 4318519.593, 140
Trd, 4318519.843, 140
Trd, 4318521.293, 140
Trd, 4318521.593, 140
Trd, 4318522.043, 73
Trd, 4318522.643, 139
Trd, 4318523.243, 140
Trd, 4318524.243, 140
Trd, 4318524.943, 140
Trd, 4318525.443, 130
Trd, 4318526.843, 140
Trd, 4318529.643, 140
Trd, 4318530.593, 140
Trd, 4318530.893, 140
Trd, 4318531.143, 140
Trd, 4318531.393, 140
Trd, 4318531.543, 63
Trd, 4318533.893, 140
Trd, 4318534.593, 140
Trd, 4318535.143, 140
Trd, 4318536.343, 140
Trd, 4318536.593, 140
Trd, 4318537.443, 140
Trd, 4318537.793, 139
Trd, 4318537.993, 140
Trd, 4318538.093, 139
Trd, 4318539.693, 112
Trd, 4318541.143, 111
Trd, 4318541.543, 112
Trd, 4318541.893, 95
Trd, 4318542.643, 134
Trd, 4318543.393, 140
Trd, 4318544.443, 140
Trd, 4318544.643, 140
Trd, 4318544.693, 140
Trd, 4318544.793, 103
Trd, 4318547.793, 140
Trd, 4318547.893, 140
Trd, 4318548.643, 140
Trd, 4318550.393, 140
Trd, 4318551.043, 140
Trd, 4318551.093, 140
Trd, 4318551.393, 140
Trd, 4318553.693, 140
Trd, 4318553.793, 140
Trd, 4318555.843, 140
Trd, 4318556.793, 140
Trd, 4318556.943, 140
Trd, 4318557.143, 140
Trd, 4318558.393, 140
Trd, 4318559.743, 140
Trd, 4318560.243, 140
Trd, 4318560.793, 140
Trd, 4318562.043, 139
Trd, 4318562.693, 135
Trd, 4318563.343, 139
Trd, 4318563.543, 134
Trd, 4318563.693, 124
Trd, 4318564.393, 67
Trd, 4318564.943, 64
Trd, 4318568.143, 140
Trd, 4318568.393, 140
Trd, 4318568.443, 140
Trd, 4318568.693, 132
Trd, 4318570.393, 140
Trd, 4318570.993, 132
Trd, 4318572.343, 138
Trd, 4318573.043, 135
Trd, 4318573.293, 134
Trd, 4318573.543, 140
Trd, 4318575.293, 140
Trd, 4318576.143, 139
Trd, 4318577.843, 138
Trd, 4318578.143, 127
Trd, 4318578.943, 127
Trd, 4318578.993, 102
Trd, 4318579.643, 140
Trd, 4318579.893, 140
Trd, 4318580.243, 140
Trd, 4318581.893, 140
Trd, 4318583.893, 140
Trd, 4318584.193, 140
Trd, 4318586.193, 140
Trd, 4318586.743, 140
Trd, 4318586.843, 140
Trd, 4318588.243, 140
Trd, 4318588.543, 140
Trd, 4318588.843, 139
Trd, 4318589.243, 140
Trd, 4318589.543, 134
Trd, 4318592.693, 140
Trd, 4318593.043, 140
Trd, 4318593.593, 121
Trd, 4318593.993, 137
Trd, 4318594.443, 140
Trd, 4318594.943, 136
Trd, 4318596.693, 140
Trd, 4318596.743, 140
Trd, 4318597.143, 140
Trd, 4318598.343, 140
Trd, 4318598.693, 140
Trd, 4318600.293, 140
Trd, 4318600.793, 140
Trd, 4318601.343, 140
Trd, 4318602.493, 140
Trd, 4318603.043, 140
Trd, 4318603.393, 140
Trd, 4318604.743, 139
Trd, 4318606.743, 140
Trd, 4318606.993, 131
Trd, 4318607.943, 140
Trd, 4318609.193, 140
Trd, 4318609.643, 139
Trd, 4318609.743, 139
Trd, 4318609.793, 83
Trd, 4318611.593, 140
Trd, 4318612.543, 140
Trd, 4318613.893, 140
Trd, 4318614.543, 140
Trd, 4318615.093, 140
Trd, 4318616.043, 140
Trd, 4318616.693, 140
Trd, 4318618.043, 140
Trd, 4318619.843, 140
Trd, 4318620.143, 140
Trd, 4318620.443, 140
Trd, 4318620.893, 116
Trd, 4318621.543, 124
Trd, 4318623.943, 140
Trd, 4318624.093, 140
Trd, 4318624.193, 140
Trd, 4318625.243, 140
Trd, 4318625.693, 140
Trd, 4318627.143, 140
Trd, 4318627.343, 140
Trd, 4318627.943, 140
Trd, 4318628.243, 120
Trd, 4318628.643, 89
Trd, 4318629.093, 64
Trd, 4318630.193, 60
Trd, 4318630.843, 60
Trd, 4318632.343, 63
Trd, 4318632.493, 140
Trd, 4318633.443, 140
Trd, 4318634.193, 140
Trd, 4318634.343, 140
Trd, 4318634.643, 139
Trd, 4318637.143, 140
Trd, 4318637.293, 140
Trd, 4318637.393, 139
Trd, 4318638.593, 140
Trd, 4318639.193, 134
Trd, 4318639.493, 133
Trd, 4318640.593, 93
Trd, 4318641.893, 135
Trd, 4318642.193, 134
Trd, 4318642.943, 140
Trd, 4318643.893, 140
Trd, 4318644.543, 140
Trd, 4318644.593, 140
Trd, 4318644.643, 138
Trd, 4318646.043, 140
Trd, 4318646.743, 140
Trd, 4318647.393, 140
Trd, 4318650.243, 140
Trd, 4318650.493, 140
Trd, 4318650.593, 140
Trd, 4318650.693, 140
Trd, 4318651.543, 140
Trd, 4318652.293, 140
Trd, 4318653.093, 140
Trd, 4318653.643, 140
Trd, 4318654.743, 139
Trd, 4318656.243, 112
Trd, 4318657.243, 113
Trd, 4318657.343, 111
Trd, 4318658.043, 109
Trd, 4318659.193, 130
Trd, 4318659.343, 139
Trd, 4318659.843, 138
Trd, 4318661.893, 138
Trd, 4318664.493, 140
Trd, 4318664.543, 140
Trd, 4318664.743, 140
Trd, 4318665.843, 140
Trd, 4318665.893, 140
Trd, 4318666.343, 140
Trd, 4318667.143, 140
Trd, 4318668.693, 140
Trd, 4318669.193, 140
Trd, 4318669.693, 140
Trd, 4318670.143, 140
Trd, 4318671.193, 140
Trd, 4318672.243, 140
Trd, 4318672.643, 140
Trd, 4318673.943, 140
Trd, 4318674.093, 139
Trd, 4318674.543, 139
Trd, 4318674.993, 125
Trd, 4318676.293, 140
Trd, 4318677.043, 140
Trd, 4318677.693, 140
Trd, 4318678.543, 140
Trd, 4318679.093, 139
Trd, 4318680.393, 140
Trd, 4318680.743, 140
Trd, 4318680.843, 140
Trd, 4318681.593, 140
Trd, 4318681.943, 140
Trd, 4318682.443, 102
Trd, 4318685.043, 140
Trd, 4318686.493, 139
Trd, 4318687.293, 139
Trd, 4318687.493, 138
Trd, 4318687.793, 81
Trd, 4318688.993, 64
Trd, 4318689.293, 60
Trd, 4318689.693, 60
Trd, 4318690.393, 122
Trd, 4318691.243, 89
Trd, 4318692.243, 83
Trd, 4318692.443, 80
Trd, 4318693.143, 80
Trd, 4318693.793, 140
Trd, 4318694.093, 140
Trd, 4318695.093, 60
Trd, 4318695.243, 61
Trd, 4318696.843, 62
Trd, 4318698.393, 60
Trd, 4318698.793, 61
Trd, 4318699.993, 60
Trd, 4318701.093, 61
Trd, 4318701.693, 67
Trd, 4318702.293, 60
Trd, 4318704.543, 140
Trd, 4318705.543, 87
Trd, 4318705.743, 118
Trd, 4318705.943, 117
Trd, 4318706.243, 90
Trd, 4318706.493, 87
Trd, 4318709.093, 64
Trd, 4318709.393, 66
Trd, 4318710.943, 98
Trd, 4318711.593, 78
Trd, 4318711.743, 69
Trd, 4318712.443, 140
Trd, 4318712.693, 140
Trd, 4318713.593, 140
Trd, 4318715.443, 140
Trd, 4318715.793, 140
Trd, 4318715.843, 140
Trd, 4318716.543, 84
Trd, 4318717.143, 140
Trd, 4318717.443, 122
Trd, 4318717.493, 99
Trd, 4318720.693, 140
Trd, 4318721.243, 140
Trd, 4318722.093, 140
Trd, 4318722.343, 138
Trd, 4318723.643, 140
Trd, 4318724.143, 140
Trd, 4318724.593, 140
Trd, 4318726.193, 140
Trd, 4318727.143, 140
Trd, 4318727.343, 140
Trd, 4318727.443, 140
Trd, 4318727.493, 137
Trd, 4318728.193, 139
Trd, 4318729.893, 140
Trd, 4318731.943, 140
Trd, 4318732.043, 140
Trd, 4318732.443, 140
Trd, 4318733.493, 140
Trd, 4318734.293, 140
Trd, 4318734.793, 140
Trd, 4318735.293, 140
Trd, 4318735.593, 108
Trd, 4318736.093, 87
Trd, 4318738.093, 140
Trd, 4318738.443, 140
Trd, 4318738.693, 140
Trd, 4318739.943, 140
Trd, 4318740.193, 140
Trd, 4318742.993, 140
Trd, 4318743.143, 140
Trd, 4318743.343, 140
Trd, 4318743.843, 136
Trd, 4318744.093, 104
Trd, 4318746.143, 140
Trd, 4318746.893, 139
Trd, 4318747.843, 140
Trd, 4318748.193, 140
Trd, 4318750.043, 140
Trd, 4318750.943, 140
Trd, 4318752.343, 140
Trd, 4318752.593, 140
Trd, 4318752.743, 140
Trd, 4318753.043, 140
Trd, 4318753.493, 124
Trd, 4318754.593, 140
Trd, 4318754.943, 140
Trd, 4318755.443, 140
Trd, 4318756.793, 140
Trd, 4318758.143, 140
Trd, 4318758.893, 140
Trd, 4318759.443, 140
Trd, 4318760.143, 140
Trd, 4318760.643, 140
Trd, 4318760.843, 140
Trd, 4318762.443, 140
Trd, 4318763.443, 140
Trd, 4318764.443, 140
Trd, 4318765.943, 140
Trd, 4318766.143, 140
Trd, 4318766.843, 140
Trd, 4318767.143, 140
Trd, 4318768.193, 140
Trd, 4318769.693, 140
Trd, 4318769.793, 140
Trd, 4318769.843, 135
Trd, 4318771.093, 140
Trd, 4318771.693, 138
Trd, 4318772.293, 99
Trd, 4318772.543, 140
Trd, 4318773.143, 140
Trd, 4318774.693, 105
Trd, 4318774.943, 98
Trd, 4318777.543, 140
Trd, 4318777.643, 140
Trd, 4318779.393, 140
Trd, 4318779.943, 140
Trd, 4318781.993, 140
Trd, 4318782.093, 140
Trd, 4318782.343, 140
Trd, 4318782.443, 139
Trd, 4318782.693, 139
Trd, 4318782.943, 138
Trd, 4318784.143, 140
Trd, 4318784.493, 140
Trd, 4318784.893, 132
Trd, 4318786.143, 139
Trd, 4318786.593, 140
Trd, 4318787.743, 140
Trd, 4318789.243, 140
Trd, 4318789.943, 140
Trd, 4318790.943, 140
Trd, 4318791.243, 113
Trd, 4318794.193, 140
Trd, 4318795.393, 140
Trd, 4318795.643, 140
Trd, 4318797.093, 140
Trd, 4318797.193, 140
Trd, 4318797.343, 139
Trd, 4318799.043, 138
Trd, 4318799.593, 139
Trd, 4318799.793, 138
Trd, 4318800.093, 103
Trd, 4318801.143, 140
Trd, 4318802.643, 139
Trd, 4318802.693, 139
Trd, 4318805.143, 140
Trd, 4318806.393, 140
Trd, 4318807.393, 140
Trd, 4318807.993, 140
Trd, 4318808.543, 140
Trd, 4318810.093, 140
Trd, 4318810.343, 140
Trd, 4318810.443, 140
Trd, 4318810.493, 140
Trd, 4318811.143, 140
Trd, 4318812.193, 108
Trd, 4318813.193, 139
Trd, 4318814.493, 140
Trd, 4318814.693, 140
Trd, 4318814.843, 140
Trd, 4318815.693, 140
Trd, 4318816.693, 140
Trd, 4318819.093, 140
Trd, 4318819.793, 140
Trd, 4318821.043, 140
Trd, 4318821.093, 140
Trd, 4318821.693, 140
Trd, 4318823.193, 140
Trd, 4318823.793, 140
Trd, 4318824.093, 140
Trd, 4318825.843, 140
Trd, 4318827.293, 118
Trd, 4318828.243, 98
Trd, 4318829.343, 140
Trd, 4318830.443, 140
Trd, 4318831.943, 140
Trd, 4318832.393, 140
Trd, 4318832.743, 140
Trd, 4318834.593, 140
Trd, 4318834.743, 140
Trd, 4318834.793, 140
Trd, 4318835.643, 140
Trd, 4318837.343, 140
Trd, 4318837.743, 140
Trd, 4318838.243, 140
Trd, 4318838.293, 138
Trd, 4318839.393, 107
Trd, 4318841.243, 140
Trd, 4318841.943, 140
Trd, 4318842.793, 140
Trd, 4318842.893, 140
Trd, 4318843.143, 138
Trd, 4318843.693, 106
Trd, 4318845.193, 124
Trd, 4318846.143, 65
Trd, 4318846.643, 62
Trd, 4318847.343, 65
Trd, 4318847.843, 140
Trd, 4318848.493, 63
Trd, 4318849.443, 140
Trd, 4318850.143, 140
Trd, 4318852.243, 140
Trd, 4318852.543, 140
Trd, 4318853.043, 140
Trd, 4318853.493, 140
Trd, 4318854.193, 140
Trd, 4318855.043, 140
Trd, 4318855.193, 140
Trd, 4318856.743, 140
Trd, 4318858.293, 140
Trd, 4318859.193, 140
Trd, 4318859.793, 138
Trd, 4318859.993, 116
Trd, 4318860.693, 140
Trd, 4318861.393, 139
Trd, 4318861.943, 139
Trd, 4318862.543, 118
Trd, 4318862.843, 86
Trd, 4318864.393, 60
Trd, 4318865.543, 60
Trd, 4318866.643, 61
Trd, 4318866.993, 62
Trd, 4318868.293, 140
Trd, 4318869.193, 140
Trd, 4318869.593, 140
Trd, 4318869.893, 140
Trd, 4318870.443, 66
Trd, 4318872.893, 61
Trd, 4318873.193, 64
Trd, 4318873.493, 122
Trd, 4318874.043, 111
Trd, 4318874.293, 108
Trd, 4318874.343, 99
Trd, 4318876.443, 133
Trd, 4318876.493, 124
Trd, 4318877.443, 60
Trd, 4318878.293, 140
Trd, 4318878.793, 140
Trd, 4318880.693, 140
Trd, 4318881.093, 140
Trd, 4318881.243, 140
Trd, 4318881.343, 140
Trd, 4318882.043, 140
Trd, 4318883.643, 140
Trd, 4318884.443, 139
Trd, 4318884.793, 139
Trd, 4318885.243, 137
Trd, 4318886.243, 118
Trd, 4318886.843, 118
Trd, 4318887.243, 140
Trd, 4318887.893, 113
Trd, 4318889.243, 140
Trd, 4318889.393, 140
Trd, 4318889.493, 137
Trd, 4318891.793, 129
Trd, 4318892.193, 122
Trd, 4318892.593, 140
Trd, 4318892.893, 140
Trd, 4318893.393, 140
Trd, 4318893.993, 140
Trd, 4318895.243, 140
Trd, 4318896.743, 140
Trd, 4318897.193, 140
Trd, 4318897.343, 140
Trd, 4318898.043, 140
Trd, 4318898.743, 140
Trd, 4318898.843, 140
Trd, 4318900.643, 140
Trd, 4318900.843, 140
Trd, 4318901.543, 137
Trd, 4318902.143, 92
Trd, 4318903.143, 89
Trd, 4318903.693, 99
Trd, 4318904.193, 70
Trd, 4318905.543, 138
Trd, 4318905.993, 140
Trd, 4318906.743, 140
Trd, 4318907.093, 122
Trd, 4318907.243, 140
Trd, 4318908.693, 126
Trd, 4318909.143, 125
Trd, 4318909.343, 124
Trd, 4318910.293, 139
Trd, 4318910.443, 138
Trd, 4318910.493, 87
Trd, 4318911.743, 140
Trd, 4318913.043, 139
Trd, 4318913.693, 139
Trd, 4318913.993, 139
Trd, 4318914.793, 100
Trd, 4318916.143, 139
Trd, 4318917.993, 140
Trd, 4318919.143, 140
Trd, 4318919.693, 140
Trd, 4318920.343, 140
Trd, 4318920.693, 140
Trd, 4318921.193, 114
Trd, 4318922.043, 114
Trd, 4318922.843, 117
Trd, 4318924.043, 123
Trd, 4318924.743, 128
Trd, 4318926.043, 140
Trd, 4318926.143, 140
Trd, 4318928.243, 140
Trd, 4318928.943, 140
Trd, 4318929.093, 140
Trd, 4318929.593, 140
Trd, 4318929.793, 139
Trd, 4318929.843, 128
Trd, 4318930.943, 140
Trd, 4318933.643, 140
Trd, 4318934.893, 140
Trd, 4318935.943, 140
Trd, 4318938.143, 140
Trd, 4318938.443, 138
Trd, 4318938.693, 138
Trd, 4318939.343, 140
Trd, 4318940.043, 139
Trd, 4318940.493, 139
Trd, 4318940.643, 132
Trd, 4318940.843, 131
Trd, 4318941.843, 124
Trd, 4318944.043, 133
Trd, 4318944.893, 140
Trd, 4318945.043, 140
Trd, 4318947.443, 139
Trd, 4318947.543, 139
Trd, 4318948.593, 116
Trd, 4318949.293, 131
Trd, 4318949.393, 118
Trd, 4318949.543, 117
Trd, 4318949.743, 115
Trd, 4318949.943, 60
Trd, 4318951.593, 140
Trd, 4318952.243, 140
Trd, 4318952.743, 140
Trd, 4318953.243, 111
Trd, 4318954.543, 140
Trd, 4318955.393, 140
Trd, 4318955.793, 140
Trd, 4318956.993, 140
Trd, 4318957.543, 140
Trd, 4318959.143, 140
Trd, 4318959.893, 140
Trd, 4318961.143, 140
Trd, 4318962.293, 140
Trd, 4318963.043, 140
Trd, 4318963.743, 140
Trd, 4318964.193, 140
Trd, 4318964.343, 140
Trd, 4318965.743, 140
Trd, 4318966.493, 140
Trd, 4318966.743, 140
Trd, 4318968.293, 140
Trd, 4318968.593, 140
Trd, 4318970.093, 140
Trd, 4318970.393, 140
Trd, 4318970.493, 140
Trd, 4318970.893, 140
Trd, 4318973.293, 140
Trd, 4318974.193, 140
Trd, 4318974.593, 140
Trd, 4318976.743, 140
Trd, 4318976.943, 140
Trd, 4318977.043, 140
Trd, 4318978.143, 139
Trd, 4318978.543, 135
Trd, 4318978.643, 139
Trd, 4318980.143, 140
Trd, 4318981.043, 139
Trd, 4318982.243, 139
Trd, 4318983.393, 139
Trd, 4318983.793, 140
Trd, 4318984.493, 139
Trd, 4318985.693, 140
Trd, 4318986.793, 140
Trd, 4318988.043, 140
Trd, 4318988.593, 139
Trd, 4318989.293, 139
Trd, 4318990.843, 140
Trd, 4318990.893, 140
Trd, 4318991.243, 139
Trd, 4318991.393, 139
Trd, 4318992.443, 133
Trd, 4318994.893, 140
Trd, 4318995.243, 140
Trd, 4318995.443, 140
Trd, 4318996.743, 140
Trd, 4318996.943, 140
Trd, 4318996.993, 139
Trd, 4318999.243, 140
Trd, 4319000.743, 140
Trd, 4319000.993, 140
Trd, 4319001.693, 140
Trd, 4319002.893, 140
Trd, 4319003.143, 140
Trd, 4319003.293, 139
Trd, 4319004.543, 140
Trd, 4319004.593, 138
Trd, 4319004.843, 140
Trd, 4319004.893, 137
Trd, 4319008.843, 140
Trd, 4319008.993, 140
Trd, 4319009.943, 140
Trd, 4319011.393, 140
Trd, 4319012.093, 140
Trd, 4319012.293, 140
Trd, 4319012.743, 140
Trd, 4319013.643, 140
Trd, 4319014.843, 140
Trd, 4319015.743, 140
Trd, 4319015.993, 140
Trd, 4319018.343, 140
Trd, 4319018.743, 140
Trd, 4319018.993, 139
Trd, 4319019.243, 114
Trd, 4319020.143, 120
Trd, 4319020.643, 121
Trd, 4319021.043, 121
Trd, 4319021.593, 121
Trd, 4319022.093, 100
Trd, 4319022.543, 140
Trd, 4319022.793, 140
Trd, 4319023.443, 140
Trd, 4319024.693, 140
Trd, 4319024.993, 140
Trd, 4319026.393, 140
Trd, 4319026.793, 139
Trd, 4319028.293, 102
Trd, 4319029.393, 110
Trd, 4319032.543, 140
Trd, 4319032.793, 140
Trd, 4319033.143, 140
Trd, 4319033.493, 140
Trd, 4319034.093, 138
Trd, 4319034.593, 127
Trd, 4319035.343, 99
Trd, 4319036.343, 99
Trd, 4319037.193, 98
Trd, 4319037.593, 123
Trd, 4319038.293, 96
Trd, 4319041.243, 140
Trd, 4319041.543, 140
Trd, 4319041.943, 140
Trd, 4319042.043, 140
Trd, 4319042.293, 139
Trd, 4319044.443, 133
Trd, 4319045.843, 138
Trd, 4319045.893, 134
Trd, 4319045.993, 133
Trd, 4319046.243, 119
Trd, 4319047.093, 139
Trd, 4319047.593, 139
Trd, 4319047.743, 138
Trd, 4319049.393, 128
Trd, 4319049.743, 117
Trd, 4319051.343, 105
Trd, 4319052.243, 140
Trd, 4319052.743, 139
Trd, 4319053.343, 138
Trd, 4319056.193, 140
Trd, 4319057.243, 140
Trd, 4319058.943, 140
Trd, 4319060.543, 140
Trd, 4319060.743, 140
Trd, 4319061.043, 140
Trd, 4319062.093, 140
Trd, 4319062.493, 140
Trd, 4319064.093, 140
Trd, 4319066.143, 140
Trd, 4319066.543, 140
Trd, 4319066.993, 140
Trd, 4319067.193, 140
Trd, 4319069.143, 140
Trd, 4319069.693, 140
Trd, 4319069.943, 140
Trd, 4319070.093, 140
Trd, 4319071.543, 140
Trd, 4319071.943, 139
Trd, 4319072.643, 117
Trd, 4319072.843, 99
Trd, 4319074.943, 138
Trd, 4319075.243, 138
Trd, 4319076.693, 140
Trd, 4319076.993, 140
Trd, 4319078.793, 140
Trd, 4319078.893, 140
Trd, 4319079.843, 140
Trd, 4319079.993, 139
Trd, 4319080.993, 140
Trd, 4319082.243, 110
Trd, 4319083.943, 140
Trd, 4319083.993, 140
Trd, 4319084.193, 140
Trd, 4319084.593, 139
Trd, 4319085.093, 140
Trd, 4319086.043, 140
Trd, 4319087.543, 140
Trd, 4319087.593, 140
Trd, 4319087.993, 134
Trd, 4319088.093, 104
Trd, 4319088.693, 90
Trd, 4319089.543, 135
Trd, 4319092.443, 140
Trd, 4319093.143, 140
Trd, 4319093.243, 140
Trd, 4319093.293, 139
Trd, 4319094.643, 140
Trd, 4319096.343, 138
Trd, 4319097.143, 140
Trd, 4319098.093, 140
Trd, 4319098.343, 140
Trd, 4319098.393, 140
Trd, 4319099.343, 140
Trd, 4319099.443, 105
Trd, 4319101.343, 140
Trd, 4319101.643, 140
Trd, 4319102.793, 140
Trd, 4319102.893, 140
Trd, 4319103.143, 140
Trd, 4319103.993, 137
Trd, 4319105.593, 140
Trd, 4319106.843, 140
Trd, 4319106.943, 139
Trd, 4319107.093, 140
Trd, 4319107.943, 140
Trd, 4319109.193, 140
Trd, 4319110.843, 140
Trd, 4319112.193, 140
Trd, 4319112.293, 140
Trd, 4319112.643, 140
Trd, 4319113.793, 140
Trd, 4319113.893, 139
Trd, 4319114.343, 131
Trd, 4319115.793, 134
Trd, 4319116.043, 70
Trd, 4319117.243, 140
Trd, 4319117.843, 140
Trd, 4319118.893, 140
Trd, 4319119.293, 140
Trd, 4319119.343, 140
Trd, 4319119.643, 139
Trd, 4319119.693, 136
Trd, 4319121.343, 140
Trd, 4319121.493, 140
Trd, 4319122.643, 140
Trd, 4319122.743, 139
Trd, 4319123.393, 80
Trd, 4319125.643, 90
Trd, 4319125.993, 79
Trd, 4319126.243, 65
Trd, 4319126.343, 98
Trd, 4319126.943, 60
Trd, 4319127.393, 73
Trd, 4319129.493, 94
Trd, 4319129.943, 92
Trd, 4319130.093, 113
Trd, 4319130.393, 117
Trd, 4319131.493, 107
Trd, 4319132.593, 109
Trd, 4319133.043, 67
Trd, 4319133.543, 61
Trd, 4319134.743, 60
Trd, 4319134.993, 114
Trd, 4319135.543, 140
Trd, 4319135.693, 105
Trd, 4319136.093, 99
Trd, 4319136.593, 129
Trd, 4319137.443, 91
Trd, 4319137.593, 63
Trd, 4319137.643, 93
Trd, 4319140.193, 140
Trd, 4319141.743, 140
Trd, 4319142.843, 140
Trd, 4319143.443, 140
Trd, 4319143.493, 140
Trd, 4319143.793, 140
Trd, 4319144.343, 104
Trd, 4319144.543, 102
Trd, 4319145.743, 64
Trd, 4319146.493, 139
Trd, 4319147.793, 137
Trd, 4319147.893, 136
Trd, 4319148.193, 140
Trd, 4319149.343, 135
Trd, 4319150.093, 140
Trd, 4319150.343, 140
Trd, 4319150.443, 140
Trd, 4319151.843, 134
Trd, 4319152.193, 133
Trd, 4319152.743, 135
Trd, 4319154.093, 137
Trd, 4319155.293, 139
Trd, 4319155.593, 138
Trd, 4319155.993, 105
Trd, 4319157.643, 140
Trd, 4319159.093, 140
Trd, 4319159.143, 140
Trd, 4319159.293, 140
Trd, 4319159.893, 139
Trd, 4319160.543, 116
Trd, 4319160.693, 140
Trd, 4319162.143, 134
Trd, 4319163.543, 140
Trd, 4319164.293, 113
Trd, 4319164.443, 112
Trd, 4319164.843, 123
Trd, 4319166.293, 112
Trd, 4319166.593, 103
Trd, 4319167.043, 63
Trd, 4319167.393, 109
Trd, 4319167.443, 62
Trd, 4319168.193, 61
Trd, 4319168.793, 96
Trd, 4319169.493, 122
Trd, 4319170.443, 65
Trd, 4319170.793, 67
Trd, 4319170.893, 96
Trd, 4319172.543, 60
Trd, 4319174.943, 63
Trd, 4319175.293, 63
Trd, 4319175.543, 66
Trd, 4319176.293, 60
Trd, 4319177.143, 66
Trd, 4319177.443, 70
Trd, 4319178.743, 64
Trd, 4319178.943, 76
Trd, 4319179.143, 65
Trd, 4319180.843, 103
Trd, 4319181.243, 101
Trd, 4319182.043, 132
Trd, 4319182.393, 80
Trd, 4319183.743, 140
Trd, 4319184.393, 140
Trd, 4319184.593, 140
Trd, 4319185.843, 140
Trd, 4319187.343, 140
Trd, 4319187.893, 140
Trd, 4319189.643, 140
Trd, 4319189.993, 140
Trd, 4319190.393, 140
Trd, 4319190.593, 140
Trd, 4319190.793, 140
Trd, 4319192.593, 140
Trd, 4319192.643, 140
Trd, 4319193.543, 140
Trd, 4319193.643, 140
Trd, 4319193.743, 140
Trd, 4319193.793, 140
Trd, 4319194.893, 139
Trd, 4319194.943, 134
Trd, 4319195.843, 122
Trd, 4319198.343, 140
Trd, 4319198.943, 140
Trd, 4319200.343, 140
Trd, 4319200.943, 140
Trd, 4319201.593, 135
Trd, 4319201.993, 131
Trd, 4319203.643, 133
Trd, 4319204.243, 140
Trd, 4319205.393, 140
Trd, 4319208.093, 140
Trd, 4319208.493, 140
Trd, 4319209.243, 140
Trd, 4319210.843, 140
Trd, 4319211.393, 140
Trd, 4319211.943, 140
Trd, 4319212.093, 140
Trd, 4319212.493, 140
Trd, 4319213.243, 77
Trd, 4319214.193, 62
Trd, 4319215.543, 140
Trd, 4319216.593, 140
Trd, 4319217.293, 140
Trd, 4319218.293, 136
Trd, 4319219.093, 136
Trd, 4319219.493, 135
Trd, 4319219.543, 133
Trd, 4319220.343, 140
Trd, 4319221.293, 139
Trd, 4319221.443, 135
Trd, 4319223.043, 107
Trd, 4319223.343, 138
Trd, 4319224.093, 129
Trd, 4319224.743, 140
Trd, 4319225.393, 134
Trd, 4319225.943, 64
Trd, 4319227.293, 138
Trd, 4319227.743, 68
Trd, 4319228.543, 96
Trd, 4319230.493, 62
Trd, 4319231.193, 60
Trd, 4319231.843, 61
Trd, 4319231.993, 63
Trd, 4319232.793, 65
Trd, 4319234.343, 83
Trd, 4319234.943, 84
Trd, 4319235.493, 84
Trd, 4319236.243, 140
Trd, 4319236.343, 140
Trd, 4319237.343, 84
Trd, 4319237.993, 78
Trd, 4319239.493, 137
Trd, 4319240.243, 140
Trd, 4319240.743, 140
Trd, 4319241.893, 138
Trd, 4319243.343, 140
Trd, 4319243.743, 140
Trd, 4319244.193, 140
Trd, 4319245.093, 140
Trd, 4319245.293, 140
Trd, 4319245.993, 140
Trd, 4319246.043, 140
Trd, 4319246.693, 139
Trd, 4319247.543, 132
Trd, 4319248.993, 126
Trd, 4319249.343, 100
Trd, 4319249.693, 129
Trd, 4319251.243, 140
Trd, 4319251.293, 140
Trd, 4319251.693, 140
Trd, 4319252.193, 139
Trd, 4319253.493, 118
Trd, 4319253.793, 140
Trd, 4319254.843, 140
Trd, 4319255.143, 139
Trd, 4319255.643, 137
Trd, 4319257.193, 140
Trd, 4319257.893, 140
Trd, 4319261.393, 140
Trd, 4319261.493, 140
Trd, 4319262.293, 140
Trd, 4319262.793, 140
Trd, 4319264.343, 140
Trd, 4319264.743, 140
Trd, 4319265.043, 140
Trd, 4319265.593, 140
Trd, 4319265.643, 140
Trd, 4319266.793, 139
Trd, 4319267.393, 140
Trd, 4319268.943, 140
Trd, 4319270.143, 140
Trd, 4319270.443, 140
Trd, 4319270.693, 140
Trd, 4319271.443, 140
Trd, 4319273.493, 140
Trd, 4319274.643, 140
Trd, 4319274.743, 140
Trd, 4319276.593, 140
Trd, 4319277.093, 140
Trd, 4319277.293, 140
Trd, 4319277.993, 140
Trd, 4319278.143, 140
Trd, 4319279.843, 140
Trd, 4319280.793, 140
Trd, 4319281.143, 140
Trd, 4319282.043, 140
Trd, 4319283.893, 140
Trd, 4319284.093, 138
Trd, 4319284.693, 108
Trd, 4319284.793, 107
Trd, 4319285.443, 138
Trd, 4319286.193, 103
Trd, 4319286.793, 68
Trd, 4319287.843, 140
Trd, 4319288.043, 140
Trd, 4319291.143, 140
Trd, 4319291.443, 140
Trd, 4319292.143, 140
Trd, 4319292.893, 140
Trd, 4319293.243, 122
Trd, 4319293.943, 139
Trd, 4319295.043, 119
Trd, 4319296.843, 140
Trd, 4319296.943, 140
Trd, 4319297.043, 140
Trd, 4319297.743, 140
Trd, 4319298.443, 140
Trd, 4319298.893, 140
Trd, 4319299.643, 140
Trd, 4319301.043, 126
Trd, 4319302.143, 140
Trd, 4319302.543, 129
Trd, 4319302.743, 126
Trd, 4319303.193, 105
Trd, 4319304.293, 140
Trd, 4319306.043, 88
Trd, 4319306.593, 104
Trd, 4319306.993, 88
Trd, 4319307.043, 106
Trd, 4319307.393, 126
Trd, 4319307.543, 83
Trd, 4319310.293, 140
Trd, 4319311.043, 140
Trd, 4319311.943, 140
Trd, 4319311.993, 136
Trd, 4319312.993, 92
Trd, 4319313.643, 116
Trd, 4319313.743, 119
Trd, 4319313.943, 92
Trd, 4319314.743, 105
Trd, 4319316.193, 140
Trd, 4319316.443, 138
Trd, 4319316.743, 102
Trd, 4319316.843, 101
Trd, 4319317.093, 61
Trd, 4319318.443, 60
Trd, 4319319.543, 68
Trd, 4319320.543, 69
Trd, 4319320.993, 73
Trd, 4319322.293, 106
Trd, 4319323.693, 133
Trd, 4319324.293, 132
Trd, 4319324.343, 100
Trd, 4319325.193, 123
Trd, 4319327.093, 140
Trd, 4319327.693, 140
Trd, 4319328.293, 140
Trd, 4319328.593, 140
Trd, 4319328.893, 139
Trd, 4319329.593, 140
Trd, 4319330.543, 140
Trd, 4319331.093, 139
Trd, 4319332.343, 139
Trd, 4319333.193, 140
Trd, 4319334.893, 140
Trd, 4319335.543, 140
Trd, 4319336.243, 140
Trd, 4319336.793, 140
Trd, 4319338.743, 140
Trd, 4319338.893, 140
Trd, 4319339.743, 140
Trd, 4319340.443, 140
Trd, 4319340.693, 140
Trd, 4319342.743, 140
Trd, 4319343.093, 140
Trd, 4319343.843, 140
Trd, 4319344.843, 140
Trd, 4319345.593, 139
Trd, 4319345.693, 132
Trd, 4319346.593, 78
Trd, 4319347.843, 140
Trd, 4319348.293, 140
Trd, 4319348.993, 140
Trd, 4319349.993, 140
Trd, 4319350.043, 139
Trd, 4319350.293, 138
Trd, 4319352.743, 140
Trd, 4319354.443, 117
Trd, 4319355.943, 123
Trd, 4319356.393, 122
Trd, 4319357.093, 140
Trd, 4319357.543, 140
Trd, 4319357.993, 137
Trd, 4319358.093, 105
Trd, 4319361.843, 140
Trd, 4319362.943, 140
Trd, 4319363.143, 140
Trd, 4319363.893, 140
Trd, 4319364.143, 140
Trd, 4319364.643, 140
Trd, 4319365.243, 139
Trd, 4319366.043, 140
Trd, 4319366.093, 140
Trd, 4319367.493, 140
Trd, 4319367.893, 102
Trd, 4319368.443, 132
Trd, 4319368.493, 131
Trd, 4319369.743, 99
Trd, 4319371.143, 140
Trd, 4319371.343, 140
Trd, 4319371.543, 139
Trd, 4319372.543, 139
Trd, 4319372.743, 130
Trd, 4319374.793, 140
Trd, 4319376.093, 140
Trd, 4319376.243, 140
Trd, 4319377.943, 140
Trd, 4319378.593, 140
Trd, 4319378.643, 140
Trd, 4319378.993, 139
Trd, 4319380.093, 139
Trd, 4319380.393, 87
Trd, 4319381.743, 140
Trd, 4319381.843, 140
Trd, 4319383.543, 140
Trd, 4319385.693, 140
Trd, 4319385.743, 138
Trd, 4319386.893, 138
Trd, 4319387.243, 139
Trd, 4319389.643, 140
Trd, 4319390.043, 140
Trd, 4319390.943, 139
Trd, 4319390.993, 139
Trd, 4319391.493, 107
Trd, 4319392.293, 84
Trd, 4319393.743, 140
Trd, 4319395.193, 140
Trd, 4319396.343, 140
Trd, 4319397.743, 140
Trd, 4319398.243, 140
Trd, 4319399.293, 140
Trd, 4319399.493, 140
Trd, 4319400.543, 140
Trd, 4319403.143, 140
Trd, 4319403.443, 140
Trd, 4319403.493, 140
Trd, 4319403.543, 140
Trd, 4319403.743, 139
Trd, 4319404.193, 139
Trd, 4319406.443, 139
Trd, 4319406.643, 134
Trd, 4319408.193, 140
Trd, 4319408.643, 140
Trd, 4319409.143, 140
Trd, 4319409.393, 138
Trd, 4319410.643, 74
Trd, 4319411.093, 123
Trd, 4319412.293, 140
Trd, 4319414.493, 140
Trd, 4319414.743, 140
Trd, 4319415.443, 140
Trd, 4319416.193, 140
Trd, 4319417.093, 140
Trd, 4319417.393, 138
Trd, 4319418.793, 140
Trd, 4319418.993, 140
Trd, 4319420.543, 127
Trd, 4319422.243, 138
Trd, 4319422.393, 135
Trd, 4319422.643, 120
Trd, 4319422.843, 119
Trd, 4319423.293, 91
Trd, 4319425.243, 140
Trd, 4319425.543, 140
Trd, 4319426.343, 140
Trd, 4319426.743, 140
Trd, 4319427.093, 140
Trd, 4319427.143, 105
Trd, 4319427.293, 140
Trd, 4319429.243, 94
Trd, 4319429.643, 82
Trd, 4319430.443, 140
Trd, 4319431.543, 140
Trd, 4319432.493, 137
Trd, 4319432.593, 132
Trd, 4319434.493, 140
Trd, 4319435.343, 140
Trd, 4319436.243, 140
Trd, 4319437.743, 140
Trd, 4319438.043, 140
Trd, 4319438.743, 140
Trd, 4319439.743, 140
Trd, 4319440.293, 139
Trd, 4319442.093, 140
Trd, 4319442.643, 140
Trd, 4319443.993, 140
Trd, 4319444.693, 137
Trd, 4319444.743, 133
Trd, 4319444.943, 75
Trd, 4319445.143, 72
Trd, 4319446.443, 140
Trd, 4319448.543, 140
Trd, 4319448.993, 140
Trd, 4319449.143, 140
Trd, 4319450.543, 140
Trd, 4319452.343, 140
Trd, 4319452.743, 140
Trd, 4319453.493, 140
Trd, 4319453.543, 140
Trd, 4319453.843, 140
Trd, 4319454.843, 115
Trd, 4319456.843, 140
Trd, 4319456.893, 140
Trd, 4319457.393, 140
Trd, 4319458.443, 140
Trd, 4319460.143, 140
Trd, 4319461.693, 140
Trd, 4319461.843, 140
Trd, 4319461.993, 140
Trd, 4319462.943, 140
Trd, 4319464.893, 140
Trd, 4319465.143, 81
Trd, 4319466.043, 73
Trd, 4319467.093, 61
Trd, 4319467.193, 62
Trd, 4319468.043, 138
Trd, 4319468.293, 134
Trd, 4319469.193, 140
Trd, 4319470.843, 140
Trd, 4319471.943, 140
Trd, 4319472.743, 140
Trd, 4319472.993, 140
Trd, 4319473.243, 140
Trd, 4319474.093, 139
Trd, 4319474.193, 138
Trd, 4319474.843, 92
Trd, 4319476.093, 140
Trd, 4319476.293, 139
Trd, 4319477.043, 111
Trd, 4319479.743, 140
Trd, 4319480.543, 140
Trd, 4319482.643, 140
Trd, 4319484.243, 140
Trd, 4319484.493, 140
Trd, 4319484.793, 140
Trd, 4319485.043, 139
Trd, 4319485.843, 126
Trd, 4319485.943, 125
Trd, 4319486.193, 124
Trd, 4319487.443, 92
Trd, 4319487.493, 91
Trd, 4319488.343, 95
Trd, 4319489.043, 130
Trd, 4319489.093, 129
Trd, 4319491.893, 140
Trd, 4319492.693, 139
Trd, 4319493.443, 140
Trd, 4319494.343, 140
Trd, 4319495.893, 140
Trd, 4319496.893, 140
Trd, 4319497.693, 140
Trd, 4319498.093, 140
Trd, 4319498.643, 114
Trd, 4319501.193, 140
Trd, 4319501.543, 140
Trd, 4319502.293, 140
Trd, 4319502.693, 140
Trd, 4319503.493, 139
Trd, 4319504.043, 139
Trd, 4319504.193, 139
Trd, 4319504.743, 90
Trd, 4319506.443, 140
Trd, 4319507.043, 140
Trd, 4319507.543, 77
Trd, 4319508.193, 140
Trd, 4319508.393, 108
Trd, 4319508.793, 61
Trd, 4319509.893, 78
Trd, 4319510.893, 133
Trd, 4319510.943, 124
Trd, 4319512.393, 140
Trd, 4319512.493, 140
Trd, 4319514.643, 140
Trd, 4319515.943, 140
Trd, 4319516.043, 140
Trd, 4319516.093, 140
Trd, 4319516.243, 101
Trd, 4319517.443, 106
Trd, 4319518.043, 106
Trd, 4319518.693, 127
Trd, 4319519.393, 137
Trd, 4319520.093, 122
Trd, 4319520.643, 139
Trd, 4319521.093, 109
Trd, 4319521.343, 96
Trd, 4319521.893, 140
Trd, 4319523.743, 61
Trd, 4319524.343, 140
Trd, 4319524.793, 140
Trd, 4319524.893, 82
Trd, 4319526.893, 68
Trd, 4319528.093, 140
Trd, 4319528.293, 140
Trd, 4319529.043, 140
Trd, 4319530.593, 140
Trd, 4319531.693, 140
Trd, 4319531.743, 140
Trd, 4319532.593, 140
Trd, 4319534.493, 140
Trd, 4319534.893, 140
Trd, 4319535.043, 140
Trd, 4319535.093, 139
Trd, 4319536.743, 97
Trd, 4319537.693, 135
Trd, 4319537.743, 140
Trd, 4319537.893, 77
Trd, 4319538.593, 140
Trd, 4319539.093, 76
Trd, 4319540.343, 130
Trd, 4319540.943, 138
Trd, 4319541.243, 109
Trd, 4319542.743, 121
Trd, 4319544.293, 140
Trd, 4319544.993, 90
Trd, 4319545.043, 71
Trd, 4319546.643, 61
Trd, 4319547.543, 61
Trd, 4319547.843, 61
Trd, 4319548.343, 140
Trd, 4319548.793, 127
Trd, 4319549.993, 136
Trd, 4319551.393, 140
Trd, 4319552.543, 139
Trd, 4319552.643, 140
Trd, 4319553.993, 139
Trd, 4319556.943, 140
Trd, 4319557.293, 140
Trd, 4319558.293, 140
Trd, 4319560.793, 140
Trd, 4319561.093, 140
Trd, 4319562.043, 140
Trd, 4319562.143, 140
Trd, 4319562.743, 140
Trd, 4319563.693, 140
Trd, 4319563.943, 140
Trd, 4319564.243, 140
Trd, 4319564.343, 137
Trd, 4319565.243, 114
Trd, 4319566.143, 140
Trd, 4319567.293, 139
Trd, 4319568.043, 140
Trd, 4319568.693, 140
Trd, 4319569.143, 140
Trd, 4319569.243, 137
Trd, 4319569.793, 115
Trd, 4319570.593, 140
Trd, 4319571.643, 140
Trd, 4319572.093, 140
Trd, 4319572.143, 140
Trd, 4319573.593, 82
Trd, 4319575.543, 140
Trd, 4319575.993, 139
Trd, 4319576.793, 140
Trd, 4319577.743, 140
Trd, 4319577.793, 140
Trd, 4319578.843, 140
Trd, 4319579.543, 134
Trd, 4319580.043, 128
Trd, 4319581.743, 140
Trd, 4319583.293, 140
Trd, 4319583.743, 140
Trd, 4319584.543, 140
Trd, 4319584.743, 139
Trd, 4319585.293, 139
Trd, 4319585.643, 140
Trd, 4319585.843, 139
Trd, 4319588.893, 140
Trd, 4319589.343, 138
Trd, 4319589.843, 123
Trd, 4319591.593, 140
Trd, 4319591.893, 140
Trd, 4319591.993, 140
Trd, 4319593.043, 139
Trd, 4319593.693, 140
Trd, 4319593.993, 120
Trd, 4319595.243, 138
Trd, 4319596.643, 84
Trd, 4319596.743, 83
Trd, 4319598.593, 140
Trd, 4319598.943, 140
Trd, 4319599.243, 139
Trd, 4319600.743, 139
Trd, 4319601.493, 137
Trd, 4319601.943, 124
Trd, 4319602.743, 140
Trd, 4319603.943, 137
Trd, 4319604.443, 126
Trd, 4319605.293, 126
Trd, 4319606.393, 139
Trd, 4319606.843, 140
Trd, 4319608.193, 140
Trd, 4319608.293, 140
Trd, 4319609.243, 138
Trd, 4319609.843, 112
Trd, 4319610.193, 137
Trd, 4319611.393, 140
Trd, 4319612.343, 140
Trd, 4319613.943, 140
Trd, 4319614.693, 140
Trd, 4319615.443, 140
Trd, 4319615.693, 140
Trd, 4319615.993, 140
Trd, 4319616.843, 140
Trd, 4319618.143, 140
Trd, 4319618.593, 140
Trd, 4319618.943, 127
Trd, 4319619.743, 122
Trd, 4319619.843, 120
Trd, 4319620.893, 120
Trd, 4319622.493, 122
Trd, 4319622.593, 102
Trd, 4319622.843, 137
Trd, 4319624.393, 140
Trd, 4319624.443, 140
Trd, 4319625.493, 140
Trd, 4319627.893, 140
Trd, 4319628.593, 140
Trd, 4319629.393, 139
Trd, 4319630.443, 115
Trd, 4319630.793, 140
Trd, 4319631.893, 140
Trd, 4319632.243, 140
Trd, 4319636.243, 140
Trd, 4319636.293, 140
Trd, 4319636.593, 140
Trd, 4319637.243, 138
Trd, 4319637.593, 140
Trd, 4319638.193, 140
Trd, 4319638.943, 140
Trd, 4319639.893, 140
Trd, 4319641.393, 140
Trd, 4319642.193, 140
Trd, 4319642.343, 140
Trd, 4319642.493, 139
Trd, 4319643.743, 140
Trd, 4319644.243, 134
Trd, 4319645.643, 123
Trd, 4319646.043, 124
Trd, 4319646.393, 124
Trd, 4319647.743, 137
Trd, 4319648.743, 140
Trd, 4319650.343, 140
Trd, 4319650.843, 140
Trd, 4319651.793, 140
Trd, 4319652.343, 140
Trd, 4319653.843, 140
Trd, 4319653.943, 140
Trd, 4319655.393, 140
Trd, 4319655.493, 140
Trd, 4319656.043, 140
Trd, 4319657.193, 140
Trd, 4319658.093, 140
Trd, 4319658.793, 140
Trd, 4319660.093, 140
Trd, 4319660.243, 140
Trd, 4319661.443, 140
Trd, 4319661.743, 140
Trd, 4319662.443, 140
Trd, 4319662.943, 95
Trd, 4319664.243, 78
Trd, 4319664.443, 76
Trd, 4319664.993, 73
Trd, 4319665.943, 140
Trd, 4319666.793, 140
Trd, 4319668.293, 140
Trd, 4319669.143, 140
Trd, 4319669.193, 140
Trd, 4319669.793, 140
Trd, 4319671.543, 140
Trd, 4319672.243, 140
Trd, 4319673.143, 140
Trd, 4319673.293, 140
Trd, 4319673.343, 140
Trd, 4319673.693, 140
Trd, 4319673.993, 140
Trd, 4319675.143, 96
Trd, 4319675.193, 132
Trd, 4319675.993, 74
Trd, 4319676.443, 120
Trd, 4319678.893, 140
Trd, 4319678.943, 139
Trd, 4319680.593, 98
Trd, 4319682.043, 104
Trd, 4319683.093, 81
Trd, 4319683.343, 92
Trd, 4319683.493, 132
Trd, 4319683.593, 80
Trd, 4319685.793, 140
Trd, 4319685.843, 140
Trd, 4319686.293, 114
Trd, 4319687.043, 63
Trd, 4319687.793, 63
Trd, 4319688.793, 116
Trd, 4319689.093, 140
Trd, 4319689.193, 140
Trd, 4319691.043, 140
Trd, 4319692.143, 140
Trd, 4319693.093, 140
Trd, 4319695.293, 140
Trd, 4319695.443, 140
Trd, 4319696.093, 140
Trd, 4319696.493, 140
Trd, 4319698.193, 140
Trd, 4319699.293, 140
Trd, 4319699.793, 140
Trd, 4319699.843, 140
Trd, 4319700.043, 106
Trd, 4319701.393, 140
Trd, 4319701.543, 140
Trd, 4319701.993, 140
Trd, 4319702.793, 140
Trd, 4319703.093, 139
Trd, 4319704.343, 140
Trd, 4319706.143, 140
Trd, 4319706.593, 111
Trd, 4319706.793, 85
Trd, 4319707.643, 140
Trd, 4319708.193, 67
Trd, 4319709.393, 93
Trd, 4319709.543, 139
Trd, 4319711.493, 140
Trd, 4319711.693, 140
Trd, 4319713.293, 140
Trd, 4319713.793, 140
Trd, 4319715.393, 140
Trd, 4319716.043, 140
Trd, 4319716.743, 140
Trd, 4319718.743, 140
Trd, 4319718.843, 140
Trd, 4319718.893, 140
Trd, 4319719.593, 140
Trd, 4319722.143, 140
Trd, 4319722.193, 140
Trd, 4319722.593, 140
Trd, 4319722.743, 140
Trd, 4319724.593, 140
Trd, 4319728.093, 140
Trd, 4319728.543, 140
Trd, 4319728.693, 140
Trd, 4319728.943, 139
Trd, 4319729.193, 102
Trd, 4319731.243, 140
Trd, 4319731.693, 140
Trd, 4319731.743, 140
Trd, 4319732.193, 140
Trd, 4319732.943, 139
Trd, 4319733.093, 101
Trd, 4319734.093, 120
Trd, 4319735.043, 137
Trd, 4319736.593, 140
Trd, 4319738.043, 140
Trd, 4319738.793, 140
Trd, 4319739.493, 140
Trd, 4319741.143, 140
Trd, 4319741.343, 140
Trd, 4319741.443, 140
Trd, 4319741.743, 140
Trd, 4319742.793, 140
Trd, 4319743.393, 140
Trd, 4319744.093, 140
Trd, 4319744.893, 140
Trd, 4319745.893, 140
Trd, 4319746.493, 139
Trd, 4319746.543, 139
Trd, 4319746.793, 100
Trd, 4319747.293, 101
Trd, 4319747.593, 120
Trd, 4319748.443, 140
Trd, 4319749.043, 63
Trd, 4319749.393, 115
Trd, 4319751.443, 67
Trd, 4319751.943, 109
Trd, 4319752.293, 66
Trd, 4319753.243, 112
Trd, 4319753.793, 71
Trd, 4319753.893, 70
Trd, 4319754.493, 113
Trd, 4319758.043, 140
Trd, 4319758.293, 140
Trd, 4319758.843, 140
Trd, 4319759.093, 140
Trd, 4319759.443, 140
Trd, 4319759.643, 140
Trd, 4319761.543, 140
Trd, 4319761.743, 140
Trd, 4319762.743, 140
Trd, 4319763.843, 140
Trd, 4319763.943, 135
Trd, 4319764.993, 140
Trd, 4319766.593, 140
Trd, 4319768.443, 140
Trd, 4319768.943, 140
Trd, 4319769.393, 140
Trd, 4319769.893, 140
Trd, 4319771.743, 140
Trd, 4319771.893, 140
Trd, 4319772.893, 140
Trd, 4319773.793, 140
Trd, 4319773.993, 139
Trd, 4319774.993, 140
Trd, 4319775.793, 140
Trd, 4319776.993, 140
Trd, 4319777.293, 107
Trd, 4319777.693, 83
Trd, 4319779.093, 61
Trd, 4319780.993, 61
Trd, 4319781.343, 62
Trd, 4319781.793, 74
Trd, 4319783.143, 65
Trd, 4319783.443, 89
Trd, 4319783.943, 92
Trd, 4319785.343, 109
Trd, 4319785.843, 75
Trd, 4319786.243, 81
Trd, 4319786.893, 136
Trd, 4319787.143, 78
Trd, 4319788.893, 87
Trd, 4319789.343, 128
Trd, 4319790.693, 90
Trd, 4319791.243, 140
Trd, 4319791.843, 140
Trd, 4319792.593, 140
Trd, 4319792.793, 140
Trd, 4319792.943, 127
Trd, 4319794.093, 140
Trd, 4319794.943, 131
Trd, 4319795.243, 125
Trd, 4319796.043, 89
Trd, 4319796.143, 115
Trd, 4319798.043, 110
Trd, 4319798.743, 138
Trd, 4319801.893, 140
Trd, 4319802.393, 140
Trd, 4319803.293, 140
Trd, 4319803.443, 140
Trd, 4319804.343, 140
Trd, 4319804.943, 140
Trd, 4319805.193, 140
Trd, 4319805.993, 140
Trd, 4319806.993, 140
Trd, 4319807.343, 140
Trd, 4319808.293, 140
Trd, 4319809.393, 140
Trd, 4319809.693, 140
Trd, 4319811.543, 140
Trd, 4319812.043, 140
Trd, 4319812.393, 140
Trd, 4319813.243, 140
Trd, 4319813.343, 139
Trd, 4319813.543, 140
Trd, 4319815.343, 140
Trd, 4319816.043, 133
Trd, 4319817.093, 134
Trd, 4319818.193, 137
Trd, 4319818.493, 140
Trd, 4319818.643, 139
Trd, 4319818.693, 115
Trd, 4319820.693, 140
Trd, 4319821.093, 140
Trd, 4319821.693, 137
Trd, 4319822.693, 140
Trd, 4319823.093, 110
Trd, 4319823.243, 127
Trd, 4319824.793, 139
Trd, 4319826.593, 140
Trd, 4319826.643, 140
Trd, 4319827.193, 64
Trd, 4319827.743, 105
Trd, 4319828.693, 140
Trd, 4319830.643, 140
Trd, 4319831.043, 116
Trd, 4319831.293, 139
Trd, 4319833.043, 140
Trd, 4319833.393, 139
Trd, 4319833.893, 101
Trd, 4319835.143, 140
Trd, 4319835.493, 140
Trd, 4319836.093, 139
Trd, 4319836.393, 138
Trd, 4319836.493, 93
Trd, 4319838.093, 130
Trd, 4319839.093, 140
Trd, 4319840.143, 140
Trd, 4319840.243, 140
Trd, 4319842.443, 140
Trd, 4319843.043, 140
Trd, 4319843.593, 140
Trd, 4319844.893, 140
Trd, 4319845.643, 140
Trd, 4319845.943, 140
Trd, 4319846.243, 140
Trd, 4319847.493, 140
Trd, 4319849.243, 140
Trd, 4319850.693, 140
Trd, 4319851.693, 140
Trd, 4319853.943, 140
Trd, 4319854.443, 140
Trd, 4319854.893, 140
Trd, 4319857.093, 140
Trd, 4319857.793, 140
Trd, 4319857.843, 140
Trd, 4319858.043, 136
Trd, 4319858.943, 137
Trd, 4319859.393, 140
Trd, 4319859.493, 138
Trd, 4319860.143, 138
Trd, 4319863.093, 140
Trd, 4319863.593, 140
Trd, 4319863.993, 140
Trd, 4319864.243, 140
Trd, 4319864.293, 140
Trd, 4319865.093, 140
Trd, 4319865.443, 111
Trd, 4319865.843, 100
Trd, 4319866.443, 132
Trd, 4319867.693, 138
Trd, 4319868.093, 139
Trd, 4319868.243, 137
Trd, 4319870.993, 140
Trd, 4319871.493, 140
Trd, 4319871.643, 140
Trd, 4319872.393, 139
Trd, 4319872.493, 138
Trd, 4319872.993, 101
Trd, 4319873.193, 91
Trd, 4319874.143, 140
Trd, 4319877.493, 140
Trd, 4319877.643, 140
Trd, 4319878.093, 140
Trd, 4319878.493, 140
Trd, 4319878.543, 140
Trd, 4319880.243, 140
Trd, 4319880.443, 140
Trd, 4319882.093, 140
Trd, 4319882.293, 140
Trd, 4319883.243, 140
Trd, 4319884.293, 140
Trd, 4319885.093, 139
Trd, 4319885.143, 103
Trd, 4319885.293, 140
Trd, 4319886.043, 102
Trd, 4319886.543, 118
Trd, 4319887.643, 140
Trd, 4319889.443, 140
Trd, 4319890.443, 140
Trd, 4319891.043, 140
Trd, 4319891.493, 140
Trd, 4319892.993, 140
Trd, 4319893.343, 140
Trd, 4319893.943, 140
Trd, 4319894.393, 140
Trd, 4319894.993, 140
Trd, 4319895.893, 140
Trd, 4319896.343, 140
Trd, 4319899.143, 140
Trd, 4319900.743, 140
Trd, 4319901.593, 140
Trd, 4319901.993, 140
Trd, 4319903.893, 140
Trd, 4319905.393, 140
Trd, 4319905.593, 140
Trd, 4319905.693, 140
Trd, 4319906.293, 137
Trd, 4319907.393, 85
Trd, 4319908.943, 93
Trd, 4319909.043, 92
Trd, 4319911.943, 110
Trd, 4319912.243, 140
Trd, 4319912.543, 140
Trd, 4319912.993, 140
Trd, 4319913.293, 139
Trd, 4319913.993, 123
Trd, 4319914.293, 109
Trd, 4319914.893, 135
Trd, 4319915.693, 114
Trd, 4319917.243, 140
Trd, 4319917.793, 140
Trd, 4319918.543, 140
Trd, 4319919.393, 140
Trd, 4319919.493, 139
Trd, 4319920.243, 102
Trd, 4319921.343, 96
Trd, 4319921.393, 95
Trd, 4319922.093, 138
Trd, 4319923.193, 140
Trd, 4319924.593, 140
Trd, 4319924.643, 140
Trd, 4319925.793, 140
Trd, 4319926.743, 140
Trd, 4319927.343, 140
Trd, 4319928.443, 140
Trd, 4319928.993, 140
Trd, 4319929.443, 140
Trd, 4319929.593, 140
Trd, 4319930.093, 140
Trd, 4319930.493, 130
Trd, 4319932.293, 140
Trd, 4319933.593, 140
Trd, 4319933.643, 140
Trd, 4319934.843, 140
Trd, 4319935.143, 140
Trd, 4319935.643, 139
Trd, 4319937.243, 140
Trd, 4319937.693, 139
Trd, 4319938.943, 140
Trd, 4319939.143, 140
Trd, 4319939.593, 128
Trd, 4319939.643, 127
Trd, 4319942.143, 140
Trd, 4319942.943, 140
Trd, 4319943.243, 140
Trd, 4319943.293, 140
Trd, 4319943.793, 127
Trd, 4319945.593, 140
Trd, 4319945.693, 140
Trd, 4319946.993, 140
Trd, 4319947.693, 140
Trd, 4319948.343, 140
Trd, 4319948.543, 140
Trd, 4319950.593, 140
Trd, 4319951.043, 140
Trd, 4319951.293, 140
Trd, 4319952.193, 140
Trd, 4319952.743, 140
Trd, 4319954.293, 140
Trd, 4319954.593, 140
Trd, 4319956.443, 140
Trd, 4319956.893, 140
Trd, 4319957.043, 140
Trd, 4319957.643, 140
Trd, 4319957.993, 140
Trd, 4319959.643, 140
Trd, 4319960.043, 140
Trd, 4319961.543, 140
Trd, 4319964.343, 140
Trd, 4319965.193, 140
Trd, 4319965.493, 140
Trd, 4319965.693, 140
Trd, 4319965.743, 140
Trd, 4319966.493, 110
Trd, 4319966.893, 98
Trd, 4319968.293, 121
Trd, 4319968.593, 122
Trd, 4319969.093, 140
Trd, 4319969.693, 140
Trd, 4319970.743, 140
Trd, 4319971.743, 140
Trd, 4319972.093, 140
Trd, 4319973.043, 134
Trd, 4319974.343, 119
Trd, 4319975.593, 121
Trd, 4319975.843, 133
Trd, 4319975.893, 95
Trd, 4319976.193, 93
Trd, 4319976.243, 137
Trd, 4319977.293, 140
Trd, 4319977.543, 140
Trd, 4319978.393, 140
Trd, 4319979.393, 64
Trd, 4319980.493, 140
Trd, 4319981.743, 140
Trd, 4319981.993, 139
Trd, 4319982.543, 140
Trd, 4319983.143, 121
Trd, 4319984.593, 140
Trd, 4319984.743, 140
Trd, 4319984.893, 139
Trd, 4319985.243, 82
Trd, 4319985.743, 63
Trd, 4319986.993, 140
Trd, 4319988.193, 140
Trd, 4319989.443, 140
Trd, 4319990.093, 140
Trd, 4319992.893, 140
Trd, 4319994.093, 140
Trd, 4319994.293, 139
Trd, 4319994.843, 140
Trd, 4319995.193, 116
Trd, 4319995.593, 101
Trd, 4319995.793, 140
Trd, 4319996.543, 117
Trd, 4319997.093, 140
Trd, 4319998.193, 140
Trd, 4319999.893, 140
Trd, 4319999.993, 140
