Trd, 4318127.893, 90
Trd, 4318128.743, 61
Trd, 4318129.793, 63
Trd, 4318130.193, 64
Trd, 4318131.493, 109
Trd, 4318131.693, 107
Trd, 4318132.643, 84
Trd, 4318133.093, 106
Trd, 4318133.393, 69
Trd, 4318134.493, 131
Trd, 4318134.843, 115
Trd, 4318135.143, 104
Trd, 4318135.793, 136
Trd, 4318137.093, 134
Trd, 4318137.193, 128
Trd, 4318138.643, 109
Trd, 4318138.793, 86
Trd, 4318139.843, 137
Trd, 4318140.493, 133
Trd, 4318140.643, 109
Trd, 4318141.393, 92
Trd, 4318141.743, 98
Trd, 4318142.593, 66
Trd, 4318143.143, 106
Trd, 4318143.943, 85
Trd, 4318144.293, 82
Trd, 4318145.493, 65
Trd, 4318146.393, 92
Trd, 4318147.843, 77
Trd, 4318148.093, 81
Trd, 4318148.443, 72
Trd, 4318149.193, 66
Trd, 4318149.243, 64
Trd, 4318149.693, 100
Trd, 4318151.893, 134
Trd, 4318152.093, 109
Trd, 4318152.643, 109
Trd, 4318153.243, 119
Trd, 4318153.943, 109
Trd, 4318154.493, 123
Trd, 4318155.343, 121
Trd, 4318155.793, 139
Trd, 4318156.943, 106
Trd, 4318157.043, 91
Trd, 4318158.243, 92
Trd, 4318159.043, 87
Trd, 4318160.093, 112
Trd, 4318160.543, 90
Trd, 4318160.993, 99
Trd, 4318162.343, 114
Trd, 4318162.393, 113
Trd, 4318162.643, 109
Trd, 4318163.793, 105
Trd, 4318164.743, 109
Trd, 4318165.693, 116
Trd, 4318165.993, 119
Trd, 4318166.343, 96
Trd, 4318166.743, 89
Trd, 4318166.943, 75
Trd, 4318168.043, 82
Trd, 4318168.993, 140
Trd, 4318169.143, 140
Trd, 4318171.443, 138
Trd, 4318171.893, 136
Trd, 4318172.493, 136
Trd, 4318172.643, 136
Trd, 4318173.093, 130
Trd, 4318173.843, 137
Trd, 4318174.243, 121
Trd, 4318175.193, 113
Trd, 4318175.843, 119
Trd, 4318175.893, 83
Trd, 4318176.743, 133
Trd, 4318177.043, 92
Trd, 4318177.093, 75
Trd, 4318177.293, 83
Trd, 4318179.043, 90
Trd, 4318179.643, 133
Trd, 4318179.943, 105
Trd, 4318180.243, 66
Trd, 4318180.893, 90
Trd, 4318181.643, 89
Trd, 4318182.643, 91
Trd, 4318183.043, 86
Trd, 4318183.293, 85
Trd, 4318183.593, 70
Trd, 4318185.143, 60
Trd, 4318185.393, 71
Trd, 4318185.943, 81
Trd, 4318187.043, 89
Trd, 4318188.093, 116
Trd, 4318188.793, 79
Trd, 4318188.943, 69
Trd, 4318189.393, 63
Trd, 4318190.043, 91
Trd, 4318191.793, 84
Trd, 4318192.243, 117
Trd, 4318192.493, 108
Trd, 4318193.843, 100
Trd, 4318194.643, 99
Trd, 4318195.093, 133
Trd, 4318195.143, 132
Trd, 4318196.093, 111
Trd, 4318196.293, 100
Trd, 4318197.043, 62
Trd, 4318197.643, 61
Trd, 4318198.443, 60
Trd, 4318198.843, 71
Trd, 4318199.443, 129
Trd, 4318200.893, 96
Trd, 4318201.093, 102
Trd, 4318202.393, 109
Trd, 4318202.493, 85
Trd, 4318202.793, 85
Trd, 4318203.343, 62
Trd, 4318203.443, 111
Trd, 4318204.143, 85
Trd, 4318205.093, 60
Trd, 4318205.543, 64
Trd, 4318206.843, 77
Trd, 4318207.043, 114
Trd, 4318208.293, 60
Trd, 4318209.943, 62
Trd, 4318210.443, 64
Trd, 4318211.093, 62
Trd, 4318211.943, 111
Trd, 4318212.793, 136
Trd, 4318212.843, 134
Trd, 4318213.393, 107
Trd, 4318213.743, 103
Trd, 4318214.793, 104
Trd, 4318215.343, 135
Trd, 4318215.543, 102
Trd, 4318215.843, 80
Trd, 4318216.343, 104
Trd, 4318216.693, 108
Trd, 4318218.093, 94
Trd, 4318219.393, 110
Trd, 4318219.993, 108
Trd, 4318220.143, 72
Trd, 4318222.493, 60
Trd, 4318223.893, 107
Trd, 4318224.593, 80
Trd, 4318224.993, 86
Trd, 4318225.793, 131
Trd, 4318225.943, 72
Trd, 4318226.393, 60
Trd, 4318226.693, 72
Trd, 4318227.343, 83
Trd, 4318227.943, 131
Trd, 4318228.393, 60
Trd, 4318229.293, 82
Trd, 4318230.643, 95
Trd, 4318231.493, 104
Trd, 4318232.093, 103
Trd, 4318233.093, 123
Trd, 4318233.893, 121
Trd, 4318233.943, 121
Trd, 4318234.643, 105
Trd, 4318234.843, 91
Trd, 4318235.443, 127
Trd, 4318236.593, 128
Trd, 4318237.093, 99
Trd, 4318237.243, 62
Trd, 4318237.843, 77
Trd, 4318238.343, 104
Trd, 4318239.393, 63
Trd, 4318239.943, 107
Trd, 4318241.093, 119
Trd, 4318241.243, 118
Trd, 4318242.043, 137
Trd, 4318243.293, 122
Trd, 4318243.593, 111
Trd, 4318246.393, 96
Trd, 4318246.743, 122
Trd, 4318247.043, 138
Trd, 4318248.143, 134
Trd, 4318248.543, 106
Trd, 4318248.593, 105
Trd, 4318248.943, 128
Trd, 4318249.143, 117
Trd, 4318250.343, 102
Trd, 4318250.793, 102
Trd, 4318251.793, 90
Trd, 4318252.993, 71
Trd, 4318253.093, 118
Trd, 4318254.593, 114
Trd, 4318254.643, 98
Trd, 4318255.593, 98
Trd, 4318255.843, 112
Trd, 4318256.593, 98
Trd, 4318257.143, 99
Trd, 4318258.143, 113
Trd, 4318259.993, 120
Trd, 4318260.893, 130
Trd, 4318261.443, 104
Trd, 4318261.943, 104
Trd, 4318262.143, 94
Trd, 4318262.693, 132
Trd, 4318262.843, 105
Trd, 4318263.093, 77
Trd, 4318263.443, 89
Trd, 4318264.893, 118
Trd, 4318265.493, 110
Trd, 4318267.493, 99
Trd, 4318267.593, 94
Trd, 4318268.093, 112
Trd, 4318268.693, 111
Trd, 4318268.993, 95
Trd, 4318269.843, 92
Trd, 4318270.193, 76
Trd, 4318271.193, 71
Trd, 4318272.093, 75
Trd, 4318273.043, 108
Trd, 4318273.543, 112
Trd, 4318273.593, 95
Trd, 4318273.893, 79
Trd, 4318275.693, 96
Trd, 4318275.793, 92
Trd, 4318276.493, 94
Trd, 4318277.293, 96
Trd, 4318278.393, 61
Trd, 4318280.093, 109
Trd, 4318280.143, 91
Trd, 4318281.693, 109
Trd, 4318281.793, 76
Trd, 4318283.193, 89
Trd, 4318283.693, 94
Trd, 4318285.943, 137
Trd, 4318286.543, 133
Trd, 4318287.143, 113
Trd, 4318288.643, 123
Trd, 4318288.793, 129
Trd, 4318289.193, 85
Trd, 4318289.643, 82
Trd, 4318290.443, 121
Trd, 4318291.193, 103
Trd, 4318291.643, 102
Trd, 4318291.843, 102
Trd, 4318292.643, 136
Trd, 4318293.193, 60
Trd, 4318294.193, 139
Trd, 4318294.893, 79
Trd, 4318296.343, 84
Trd, 4318297.043, 63
Trd, 4318297.143, 64
Trd, 4318297.593, 60
Trd, 4318298.143, 86
Trd, 4318298.393, 85
Trd, 4318299.643, 94
Trd, 4318299.843, 70
Trd, 4318301.593, 75
Trd, 4318302.643, 107
Trd, 4318302.943, 85
Trd, 4318303.493, 129
Trd, 4318303.993, 114
Trd, 4318304.343, 71
Trd, 4318304.943, 99
Trd, 4318305.093, 117
Trd, 4318307.293, 100
Trd, 4318308.193, 126
Trd, 4318309.243, 117
Trd, 4318309.293, 114
Trd, 4318309.443, 78
Trd, 4318310.743, 95
Trd, 4318311.193, 128
Trd, 4318311.443, 127
Trd, 4318312.143, 101
Trd, 4318313.643, 129
Trd, 4318313.843, 127
Trd, 4318313.893, 89
Trd, 4318315.393, 116
Trd, 4318315.593, 104
Trd, 4318317.943, 64
Trd, 4318318.243, 61
Trd, 4318319.193, 63
Trd, 4318320.343, 62
Trd, 4318320.593, 89
Trd, 4318321.343, 110
Trd, 4318321.393, 81
Trd, 4318321.593, 111
Trd, 4318321.943, 121
Trd, 4318322.143, 120
Trd, 4318322.943, 111
Trd, 4318324.143, 110
Trd, 4318324.393, 112
Trd, 4318325.243, 128
Trd, 4318325.593, 92
Trd, 4318327.093, 107
Trd, 4318327.893, 96
Trd, 4318328.293, 93
Trd, 4318328.943, 129
Trd, 4318329.193, 133
Trd, 4318330.193, 134
Trd, 4318330.443, 129
Trd, 4318330.643, 105
Trd, 4318331.143, 94
Trd, 4318333.543, 132
Trd, 4318334.393, 127
Trd, 4318334.943, 129
Trd, 4318335.443, 118
Trd, 4318336.193, 85
Trd, 4318336.693, 90
Trd, 4318336.993, 93
Trd, 4318337.893, 77
Trd, 4318338.843, 139
Trd, 4318339.593, 129
Trd, 4318339.693, 127
Trd, 4318340.243, 101
Trd, 4318341.693, 88
Trd, 4318343.093, 87
Trd, 4318343.443, 77
Trd, 4318343.593, 91
Trd, 4318344.243, 92
Trd, 4318344.443, 136
Trd, 4318345.043, 95
Trd, 4318345.343, 94
Trd, 4318345.843, 82
Trd, 4318346.343, 61
Trd, 4318348.693, 71
Trd, 4318348.943, 61
Trd, 4318350.143, 86
Trd, 4318352.493, 60
Trd, 4318352.893, 68
Trd, 4318353.143, 66
Trd, 4318353.643, 65
Trd, 4318353.693, 72
Trd, 4318354.843, 81
Trd, 4318354.893, 69
Trd, 4318356.393, 79
Trd, 4318356.693, 79
Trd, 4318357.943, 64
Trd, 4318358.293, 62
Trd, 4318358.943, 92
Trd, 4318361.093, 129
Trd, 4318361.193, 128
Trd, 4318361.543, 119
Trd, 4318361.693, 83
Trd, 4318362.743, 127
Trd, 4318363.793, 94
Trd, 4318364.093, 95
Trd, 4318364.693, 92
Trd, 4318365.393, 115
Trd, 4318367.393, 113
Trd, 4318367.593, 110
Trd, 4318369.743, 107
Trd, 4318369.893, 117
Trd, 4318370.693, 94
Trd, 4318371.343, 90
Trd, 4318371.893, 139
Trd, 4318372.743, 135
Trd, 4318373.893, 132
Trd, 4318374.043, 134
Trd, 4318374.293, 130
Trd, 4318374.693, 61
Trd, 4318375.443, 77
Trd, 4318375.943, 60
Trd, 4318376.743, 132
Trd, 4318377.843, 134
Trd, 4318378.293, 125
Trd, 4318379.543, 139
Trd, 4318379.943, 103
Trd, 4318380.293, 101
Trd, 4318380.743, 99
Trd, 4318380.993, 136
Trd, 4318381.993, 137
Trd, 4318383.993, 135
Trd, 4318384.193, 134
Trd, 4318384.643, 130
Trd, 4318384.693, 105
Trd, 4318385.193, 139
Trd, 4318385.393, 99
Trd, 4318386.093, 104
Trd, 4318387.293, 108
Trd, 4318388.293, 113
Trd, 4318389.393, 83
Trd, 4318389.443, 109
Trd, 4318389.493, 126
Trd, 4318390.043, 60
Trd, 4318391.543, 122
Trd, 4318392.793, 111
Trd, 4318393.043, 106
Trd, 4318393.593, 105
Trd, 4318395.493, 133
Trd, 4318395.893, 124
Trd, 4318396.293, 110
Trd, 4318396.893, 126
Trd, 4318396.993, 107
Trd, 4318399.943, 117
Trd, 4318399.993, 124
Trd, 4318400.793, 112
Trd, 4318400.993, 101
Trd, 4318401.043, 133
Trd, 4318401.793, 114
Trd, 4318402.493, 68
Trd, 4318402.943, 67
Trd, 4318404.043, 109
Trd, 4318404.393, 87
Trd, 4318405.093, 79
Trd, 4318406.743, 75
Trd, 4318408.243, 60
Trd, 4318408.443, 63
Trd, 4318409.043, 88
Trd, 4318410.143, 64
Trd, 4318410.693, 73
Trd, 4318411.343, 65
Trd, 4318411.993, 102
Trd, 4318412.793, 81
Trd, 4318413.943, 135
Trd, 4318414.043, 131
Trd, 4318414.693, 62
Trd, 4318415.893, 78
Trd, 4318416.943, 61
Trd, 4318417.743, 62
Trd, 4318418.943, 62
Trd, 4318419.093, 62
Trd, 4318420.143, 99
Trd, 4318421.693, 98
Trd, 4318422.793, 136
Trd, 4318422.893, 104
Trd, 4318423.043, 98
Trd, 4318425.043, 101
Trd, 4318425.143, 103
Trd, 4318426.443, 139
Trd, 4318427.143, 113
Trd, 4318427.743, 98
Trd, 4318428.093, 109
Trd, 4318430.293, 122
Trd, 4318430.343, 90
Trd, 4318430.643, 90
Trd, 4318430.943, 65
Trd, 4318431.793, 115
Trd, 4318433.093, 118
Trd, 4318433.243, 79
Trd, 4318434.093, 121
Trd, 4318434.293, 76
Trd, 4318434.743, 109
Trd, 4318435.043, 122
Trd, 4318435.643, 121
Trd, 4318435.793, 114
Trd, 4318438.443, 132
Trd, 4318438.693, 131
Trd, 4318439.093, 104
Trd, 4318439.643, 83
Trd, 4318439.943, 118
Trd, 4318440.243, 66
Trd, 4318441.043, 100
Trd, 4318441.943, 126
Trd, 4318442.343, 68
Trd, 4318443.343, 109
Trd, 4318444.293, 97
Trd, 4318444.693, 102
Trd, 4318444.993, 82
Trd, 4318445.093, 79
Trd, 4318445.443, 102
Trd, 4318446.293, 106
Trd, 4318447.743, 114
Trd, 4318447.893, 113
Trd, 4318448.093, 97
Trd, 4318448.643, 105
Trd, 4318448.943, 101
Trd, 4318449.793, 97
Trd, 4318451.093, 123
Trd, 4318452.393, 110
Trd, 4318452.793, 110
Trd, 4318453.743, 134
Trd, 4318453.943, 108
Trd, 4318454.243, 86
Trd, 4318455.943, 99
Trd, 4318456.093, 86
Trd, 4318456.743, 112
Trd, 4318456.793, 91
Trd, 4318457.443, 86
Trd, 4318458.293, 60
Trd, 4318459.743, 90
Trd, 4318459.943, 87
Trd, 4318460.043, 80
Trd, 4318460.843, 125
Trd, 4318461.593, 65
Trd, 4318462.343, 83
Trd, 4318463.843, 115
Trd, 4318464.743, 123
Trd, 4318465.193, 121
Trd, 4318465.243, 116
Trd, 4318465.893, 127
Trd, 4318465.943, 95
Trd, 4318466.693, 135
Trd, 4318467.493, 80
Trd, 4318469.843, 106
Trd, 4318470.643, 70
Trd, 4318471.443, 99
Trd, 4318471.593, 98
Trd, 4318472.493, 140
Trd, 4318473.143, 85
Trd, 4318473.243, 78
Trd, 4318473.393, 91
Trd, 4318473.843, 96
Trd, 4318475.193, 116
Trd, 4318476.043, 89
Trd, 4318476.143, 88
Trd, 4318477.493, 87
Trd, 4318477.543, 76
Trd, 4318478.243, 111
Trd, 4318479.093, 133
Trd, 4318479.443, 116
Trd, 4318480.543, 127
Trd, 4318480.993, 128
Trd, 4318483.243, 124
Trd, 4318483.693, 123
Trd, 4318483.993, 90
Trd, 4318485.393, 118
Trd, 4318485.643, 114
Trd, 4318486.493, 131
Trd, 4318486.693, 111
Trd, 4318487.043, 80
Trd, 4318487.193, 119
Trd, 4318488.243, 132
Trd, 4318489.043, 129
Trd, 4318489.343, 94
Trd, 4318490.543, 102
Trd, 4318490.793, 86
Trd, 4318491.743, 113
Trd, 4318491.943, 110
Trd, 4318494.543, 123
Trd, 4318495.043, 121
Trd, 4318496.943, 112
Trd, 4318497.043, 107
Trd, 4318497.193, 101
Trd, 4318497.693, 64
Trd, 4318498.843, 138
Trd, 4318499.443, 124
Trd, 4318499.893, 134
Trd, 4318500.543, 108
Trd, 4318501.243, 108
Trd, 4318501.893, 114
Trd, 4318501.943, 107
Trd, 4318503.143, 101
Trd, 4318504.243, 140
Trd, 4318504.593, 137
Trd, 4318504.943, 134
Trd, 4318505.393, 139
Trd, 4318506.193, 119
Trd, 4318506.543, 108
Trd, 4318507.393, 126
Trd, 4318507.643, 120
Trd, 4318508.493, 136
Trd, 4318508.693, 95
Trd, 4318508.993, 139
Trd, 4318510.743, 140
Trd, 4318511.443, 120
Trd, 4318512.443, 118
Trd, 4318512.643, 101
Trd, 4318512.843, 73
Trd, 4318514.443, 103
Trd, 4318514.693, 130
Trd, 4318515.543, 68
Trd, 4318517.493, 94
Trd, 4318517.743, 91
Trd, 4318518.543, 133
Trd, 4318518.843, 107
Trd, 4318519.493, 136
Trd, 4318519.843, 126
Trd, 4318520.693, 82
Trd, 4318520.943, 69
Trd, 4318521.943, 77
Trd, 4318523.693, 126
Trd, 4318524.043, 137
Trd, 4318524.293, 97
Trd, 4318524.743, 96
Trd, 4318525.093, 116
Trd, 4318525.693, 95
Trd, 4318527.093, 101
Trd, 4318527.443, 92
Trd, 4318528.143, 96
Trd, 4318528.343, 84
Trd, 4318529.043, 112
Trd, 4318529.893, 120
Trd, 4318530.093, 119
Trd, 4318532.893, 106
Trd, 4318532.943, 99
Trd, 4318533.643, 102
Trd, 4318534.943, 134
Trd, 4318535.093, 132
Trd, 4318535.293, 128
Trd, 4318536.943, 103
Trd, 4318537.993, 107
Trd, 4318539.593, 113
Trd, 4318539.693, 98
Trd, 4318539.943, 85
Trd, 4318540.493, 79
Trd, 4318540.993, 133
Trd, 4318542.843, 123
Trd, 4318543.243, 116
Trd, 4318543.343, 115
Trd, 4318543.493, 112
Trd, 4318543.543, 111
Trd, 4318544.343, 61
Trd, 4318546.643, 66
Trd, 4318547.243, 70
Trd, 4318548.843, 128
Trd, 4318548.943, 87
Trd, 4318550.243, 100
Trd, 4318551.793, 139
Trd, 4318552.093, 124
Trd, 4318552.143, 113
Trd, 4318552.293, 65
Trd, 4318552.793, 98
Trd, 4318552.893, 98
Trd, 4318553.243, 115
Trd, 4318553.893, 116
Trd, 4318556.393, 118
Trd, 4318556.943, 138
Trd, 4318557.243, 111
Trd, 4318558.193, 88
Trd, 4318558.243, 78
Trd, 4318559.293, 122
Trd, 4318559.593, 121
Trd, 4318560.543, 114
Trd, 4318561.543, 125
Trd, 4318562.093, 99
Trd, 4318562.943, 97
Trd, 4318563.343, 93
Trd, 4318564.493, 106
Trd, 4318565.043, 105
Trd, 4318566.343, 100
Trd, 4318566.943, 125
Trd, 4318568.093, 122
Trd, 4318568.143, 100
Trd, 4318568.443, 98
Trd, 4318568.943, 73
Trd, 4318569.793, 105
Trd, 4318570.143, 91
Trd, 4318571.043, 119
Trd, 4318571.993, 99
Trd, 4318572.693, 134
Trd, 4318573.993, 125
Trd, 4318574.693, 123
Trd, 4318575.543, 123
Trd, 4318575.693, 104
Trd, 4318575.943, 102
Trd, 4318577.593, 101
Trd, 4318578.543, 98
Trd, 4318579.343, 102
Trd, 4318580.093, 101
Trd, 4318580.293, 86
Trd, 4318581.193, 65
Trd, 4318581.993, 113
Trd, 4318582.093, 112
Trd, 4318582.543, 62
Trd, 4318583.443, 89
Trd, 4318583.693, 117
Trd, 4318585.593, 128
Trd, 4318585.693, 117
Trd, 4318587.543, 121
Trd, 4318587.843, 120
Trd, 4318587.893, 116
Trd, 4318588.093, 100
Trd, 4318588.593, 97
Trd, 4318589.093, 82
Trd, 4318590.293, 82
Trd, 4318590.543, 127
Trd, 4318591.093, 100
Trd, 4318591.143, 95
Trd, 4318592.993, 103
Trd, 4318593.343, 102
Trd, 4318593.543, 75
Trd, 4318594.493, 104
Trd, 4318594.693, 113
Trd, 4318595.043, 99
Trd, 4318595.343, 94
Trd, 4318595.393, 111
Trd, 4318595.893, 127
Trd, 4318598.193, 119
Trd, 4318598.843, 138
Trd, 4318599.243, 127
Trd, 4318599.643, 126
Trd, 4318601.093, 138
Trd, 4318601.493, 134
Trd, 4318602.043, 92
Trd, 4318602.293, 108
Trd, 4318603.893, 71
Trd, 4318605.543, 70
Trd, 4318605.993, 87
Trd, 4318606.843, 67
Trd, 4318606.943, 75
Trd, 4318607.993, 111
Trd, 4318608.143, 83
Trd, 4318608.543, 83
Trd, 4318608.843, 125
Trd, 4318609.743, 60
Trd, 4318610.243, 89
Trd, 4318610.693, 130
Trd, 4318611.093, 119
Trd, 4318612.393, 105
Trd, 4318612.843, 111
Trd, 4318613.993, 105
Trd, 4318615.343, 97
Trd, 4318615.493, 95
Trd, 4318616.143, 66
Trd, 4318616.243, 67
Trd, 4318617.243, 66
Trd, 4318618.193, 137
Trd, 4318618.643, 136
Trd, 4318619.043, 134
Trd, 4318619.093, 119
Trd, 4318620.043, 139
Trd, 4318620.543, 123
Trd, 4318622.393, 67
Trd, 4318622.543, 63
Trd, 4318623.543, 66
Trd, 4318623.793, 62
Trd, 4318624.193, 81
Trd, 4318624.993, 83
Trd, 4318626.243, 122
Trd, 4318626.543, 93
Trd, 4318627.293, 121
Trd, 4318627.343, 103
Trd, 4318628.043, 125
Trd, 4318628.493, 104
Trd, 4318628.893, 83
Trd, 4318629.443, 116
Trd, 4318630.343, 79
Trd, 4318631.743, 101
Trd, 4318631.793, 101
Trd, 4318632.443, 108
Trd, 4318634.043, 93
Trd, 4318635.543, 101
Trd, 4318635.693, 99
Trd, 4318635.943, 137
Trd, 4318636.943, 101
Trd, 4318638.143, 64
Trd, 4318640.293, 113
Trd, 4318640.393, 112
Trd, 4318640.443, 122
Trd, 4318640.793, 83
Trd, 4318641.643, 80
Trd, 4318642.043, 107
Trd, 4318642.593, 134
Trd, 4318642.793, 134
Trd, 4318643.743, 120
Trd, 4318645.193, 140
Trd, 4318645.643, 138
Trd, 4318645.843, 134
Trd, 4318646.443, 135
Trd, 4318646.893, 116
Trd, 4318647.743, 137
Trd, 4318648.193, 113
Trd, 4318649.793, 126
Trd, 4318650.943, 127
Trd, 4318651.493, 133
Trd, 4318651.743, 113
Trd, 4318652.443, 136
Trd, 4318652.493, 115
Trd, 4318653.243, 105
Trd, 4318653.293, 104
Trd, 4318654.343, 84
Trd, 4318655.293, 63
Trd, 4318656.693, 98
Trd, 4318656.743, 96
Trd, 4318656.893, 88
Trd, 4318657.393, 134
Trd, 4318657.643, 123
Trd, 4318658.543, 109
Trd, 4318659.493, 107
Trd, 4318659.643, 92
Trd, 4318660.043, 60
Trd, 4318661.143, 63
Trd, 4318661.343, 74
Trd, 4318661.893, 62
Trd, 4318663.793, 64
Trd, 4318664.293, 90
Trd, 4318664.793, 61
Trd, 4318667.643, 126
Trd, 4318667.743, 125
Trd, 4318668.593, 125
Trd, 4318668.793, 124
Trd, 4318669.643, 95
Trd, 4318670.143, 102
Trd, 4318671.593, 120
Trd, 4318672.093, 106
Trd, 4318672.543, 86
Trd, 4318674.543, 90
Trd, 4318674.593, 108
Trd, 4318675.943, 104
Trd, 4318676.043, 109
Trd, 4318677.093, 106
Trd, 4318677.193, 115
Trd, 4318677.343, 95
Trd, 4318677.743, 88
Trd, 4318678.393, 86
Trd, 4318678.693, 102
Trd, 4318680.393, 96
Trd, 4318680.543, 90
Trd, 4318681.243, 84
Trd, 4318681.443, 82
Trd, 4318681.693, 71
Trd, 4318681.743, 85
Trd, 4318683.193, 106
Trd, 4318684.593, 114
Trd, 4318684.993, 138
Trd, 4318685.393, 126
Trd, 4318685.943, 60
Trd, 4318686.943, 60
Trd, 4318687.443, 68
Trd, 4318688.793, 67
Trd, 4318689.993, 65
Trd, 4318691.043, 66
Trd, 4318691.893, 83
Trd, 4318692.143, 81
Trd, 4318692.493, 124
Trd, 4318693.243, 66
Trd, 4318693.943, 90
Trd, 4318694.793, 88
Trd, 4318695.543, 80
Trd, 4318696.343, 102
Trd, 4318698.043, 117
Trd, 4318698.243, 112
Trd, 4318698.343, 92
Trd, 4318699.143, 92
Trd, 4318700.443, 140
Trd, 4318700.993, 120
Trd, 4318701.693, 116
Trd, 4318703.293, 110
Trd, 4318703.843, 122
Trd, 4318703.993, 105
Trd, 4318704.793, 123
Trd, 4318705.143, 76
Trd, 4318705.993, 104
Trd, 4318706.843, 79
Trd, 4318707.493, 105
Trd, 4318707.693, 86
Trd, 4318708.493, 90
Trd, 4318709.393, 86
Trd, 4318709.943, 104
Trd, 4318710.393, 96
Trd, 4318711.793, 86
Trd, 4318712.143, 85
Trd, 4318712.493, 72
Trd, 4318712.843, 122
Trd, 4318714.043, 132
Trd, 4318714.493, 108
Trd, 4318715.793, 98
Trd, 4318716.143, 91
Trd, 4318717.493, 90
Trd, 4318718.243, 88
Trd, 4318718.293, 107
Trd, 4318718.643, 77
Trd, 4318719.643, 108
Trd, 4318719.793, 85
Trd, 4318719.993, 127
Trd, 4318720.943, 80
Trd, 4318721.343, 79
Trd, 4318721.743, 78
Trd, 4318722.843, 109
Trd, 4318723.393, 71
Trd, 4318724.043, 110
Trd, 4318724.843, 102
Trd, 4318725.393, 80
Trd, 4318725.593, 87
Trd, 4318725.993, 77
Trd, 4318727.993, 76
Trd, 4318728.093, 123
Trd, 4318728.293, 77
Trd, 4318729.343, 75
Trd, 4318729.843, 97
Trd, 4318729.893, 78
Trd, 4318731.393, 134
Trd, 4318732.043, 109
Trd, 4318732.193, 104
Trd, 4318732.793, 111
Trd, 4318733.643, 86
Trd, 4318734.143, 86
Trd, 4318734.493, 95
Trd, 4318735.343, 121
Trd, 4318736.093, 89
Trd, 4318736.143, 72
Trd, 4318737.543, 102
Trd, 4318738.643, 84
Trd, 4318739.943, 80
Trd, 4318740.393, 80
Trd, 4318740.993, 138
Trd, 4318741.843, 111
Trd, 4318742.143, 118
Trd, 4318743.443, 103
Trd, 4318743.593, 80
Trd, 4318744.743, 76
Trd, 4318744.993, 76
Trd, 4318745.543, 126
Trd, 4318745.743, 93
Trd, 4318746.493, 132
Trd, 4318747.743, 93
Trd, 4318748.443, 62
Trd, 4318749.893, 60
Trd, 4318750.443, 61
Trd, 4318750.943, 123
Trd, 4318751.143, 97
Trd, 4318751.693, 61
Trd, 4318752.943, 61
Trd, 4318753.093, 94
Trd, 4318753.843, 80
Trd, 4318754.243, 64
Trd, 4318755.193, 73
Trd, 4318756.093, 132
Trd, 4318758.143, 126
Trd, 4318758.293, 109
Trd, 4318758.993, 70
Trd, 4318759.743, 77
Trd, 4318760.143, 123
Trd, 4318760.593, 84
Trd, 4318761.443, 131
Trd, 4318761.493, 120
Trd, 4318761.943, 81
Trd, 4318762.243, 99
Trd, 4318763.293, 97
Trd, 4318765.143, 119
Trd, 4318765.193, 118
Trd, 4318766.543, 120
Trd, 4318766.643, 119
Trd, 4318768.043, 93
Trd, 4318768.143, 66
Trd, 4318769.343, 103
Trd, 4318769.543, 117
Trd, 4318769.893, 126
Trd, 4318770.493, 111
Trd, 4318772.143, 102
Trd, 4318773.543, 125
Trd, 4318774.043, 124
Trd, 4318774.593, 115
Trd, 4318774.893, 109
Trd, 4318775.243, 114
Trd, 4318775.443, 108
Trd, 4318775.693, 89
Trd, 4318777.843, 139
Trd, 4318778.093, 138
Trd, 4318778.643, 114
Trd, 4318778.743, 109
Trd, 4318778.843, 91
Trd, 4318779.693, 101
Trd, 4318780.993, 111
Trd, 4318781.343, 93
Trd, 4318782.493, 60
Trd, 4318783.493, 84
Trd, 4318783.643, 115
Trd, 4318783.993, 60
Trd, 4318785.243, 63
Trd, 4318786.343, 67
Trd, 4318786.893, 65
Trd, 4318786.993, 83
Trd, 4318787.043, 61
Trd, 4318787.893, 91
Trd, 4318789.393, 106
Trd, 4318790.093, 60
Trd, 4318790.843, 60
Trd, 4318791.293, 61
Trd, 4318791.443, 84
Trd, 4318792.443, 121
Trd, 4318792.643, 121
Trd, 4318793.143, 79
Trd, 4318793.243, 77
Trd, 4318793.493, 107
Trd, 4318793.893, 81
Trd, 4318794.343, 105
Trd, 4318795.543, 77
Trd, 4318796.493, 111
Trd, 4318796.793, 90
Trd, 4318797.243, 102
Trd, 4318797.443, 89
Trd, 4318798.343, 116
Trd, 4318799.143, 136
Trd, 4318800.643, 110
Trd, 4318801.193, 126
Trd, 4318802.093, 113
Trd, 4318802.543, 98
Trd, 4318802.743, 104
Trd, 4318803.543, 91
Trd, 4318804.043, 79
Trd, 4318806.093, 137
Trd, 4318806.943, 125
Trd, 4318807.593, 79
Trd, 4318807.843, 127
Trd, 4318808.243, 79
Trd, 4318808.693, 114
Trd, 4318811.143, 95
Trd, 4318811.393, 94
Trd, 4318813.043, 128
Trd, 4318813.493, 110
Trd, 4318813.693, 119
Trd, 4318814.143, 114
Trd, 4318815.443, 89
Trd, 4318816.643, 67
Trd, 4318817.543, 65
Trd, 4318819.293, 96
Trd, 4318819.593, 94
Trd, 4318819.893, 94
Trd, 4318820.043, 115
Trd, 4318820.493, 60
Trd, 4318820.893, 65
Trd, 4318821.493, 89
Trd, 4318822.843, 62
Trd, 4318823.543, 75
Trd, 4318823.893, 85
Trd, 4318824.193, 123
Trd, 4318824.293, 80
Trd, 4318824.343, 72
Trd, 4318824.893, 104
Trd, 4318825.793, 129
Trd, 4318827.143, 127
Trd, 4318827.543, 105
Trd, 4318827.793, 75
Trd, 4318828.243, 94
Trd, 4318829.943, 102
Trd, 4318830.393, 91
Trd, 4318830.443, 73
Trd, 4318830.743, 95
Trd, 4318831.543, 123
Trd, 4318833.043, 110
Trd, 4318833.093, 107
Trd, 4318833.443, 112
Trd, 4318834.443, 138
Trd, 4318835.643, 137
Trd, 4318835.693, 114
Trd, 4318836.793, 116
Trd, 4318838.393, 109
Trd, 4318838.793, 108
Trd, 4318838.843, 108
Trd, 4318838.893, 93
Trd, 4318840.293, 83
Trd, 4318840.793, 75
Trd, 4318841.243, 104
Trd, 4318841.443, 124
Trd, 4318841.693, 95
Trd, 4318843.543, 61
Trd, 4318843.643, 63
Trd, 4318844.493, 70
Trd, 4318844.693, 113
Trd, 4318844.893, 133
Trd, 4318846.293, 112
Trd, 4318847.393, 130
Trd, 4318849.593, 106
Trd, 4318850.043, 73
Trd, 4318850.443, 94
Trd, 4318850.893, 131
Trd, 4318851.493, 136
Trd, 4318851.943, 104
Trd, 4318852.493, 88
Trd, 4318854.093, 113
Trd, 4318854.443, 93
Trd, 4318855.893, 102
Trd, 4318856.193, 101
Trd, 4318856.743, 100
Trd, 4318857.643, 101
Trd, 4318858.793, 128
Trd, 4318859.243, 100
Trd, 4318859.293, 85
Trd, 4318859.543, 82
Trd, 4318859.843, 134
Trd, 4318859.943, 87
Trd, 4318860.643, 69
Trd, 4318861.793, 86
Trd, 4318863.443, 92
Trd, 4318864.843, 64
Trd, 4318864.893, 83
Trd, 4318865.593, 122
Trd, 4318866.143, 60
Trd, 4318868.193, 70
Trd, 4318868.943, 90
Trd, 4318869.143, 72
Trd, 4318869.543, 112
Trd, 4318869.993, 106
Trd, 4318870.793, 108
Trd, 4318871.093, 75
Trd, 4318871.793, 73
Trd, 4318872.643, 95
Trd, 4318874.943, 103
Trd, 4318874.993, 99
Trd, 4318876.443, 89
Trd, 4318877.493, 88
Trd, 4318877.843, 78
Trd, 4318879.093, 84
Trd, 4318879.893, 123
Trd, 4318880.343, 101
Trd, 4318880.743, 85
Trd, 4318881.343, 122
Trd, 4318881.893, 118
Trd, 4318882.393, 95
Trd, 4318883.293, 95
Trd, 4318883.743, 61
Trd, 4318885.343, 61
Trd, 4318885.943, 110
Trd, 4318886.493, 112
Trd, 4318887.243, 60
Trd, 4318887.993, 66
Trd, 4318888.543, 62
Trd, 4318889.243, 64
Trd, 4318889.643, 83
Trd, 4318891.843, 61
Trd, 4318892.143, 70
Trd, 4318892.343, 67
Trd, 4318892.843, 62
Trd, 4318892.943, 94
Trd, 4318894.143, 65
Trd, 4318895.693, 78
Trd, 4318897.243, 129
Trd, 4318897.393, 127
Trd, 4318897.643, 86
Trd, 4318898.793, 96
Trd, 4318898.843, 95
Trd, 4318899.093, 73
Trd, 4318901.193, 123
Trd, 4318902.443, 89
Trd, 4318902.843, 88
Trd, 4318903.493, 93
Trd, 4318904.343, 128
Trd, 4318904.543, 99
Trd, 4318904.693, 106
Trd, 4318905.343, 115
Trd, 4318906.543, 102
Trd, 4318906.993, 60
Trd, 4318907.493, 71
Trd, 4318908.143, 109
Trd, 4318908.543, 74
Trd, 4318910.093, 117
Trd, 4318911.493, 86
Trd, 4318911.793, 73
Trd, 4318912.943, 60
Trd, 4318913.543, 64
Trd, 4318913.993, 82
Trd, 4318915.343, 117
Trd, 4318915.493, 75
Trd, 4318915.643, 68
Trd, 4318916.943, 125
Trd, 4318917.643, 136
Trd, 4318917.743, 102
Trd, 4318918.343, 88
Trd, 4318918.543, 98
Trd, 4318918.893, 95
Trd, 4318919.593, 100
Trd, 4318922.393, 61
Trd, 4318922.793, 84
Trd, 4318923.593, 84
Trd, 4318924.393, 137
Trd, 4318924.743, 135
Trd, 4318925.793, 134
Trd, 4318925.893, 106
Trd, 4318926.493, 91
Trd, 4318926.743, 62
Trd, 4318927.193, 102
Trd, 4318927.993, 119
Trd, 4318928.893, 83
Trd, 4318929.393, 81
Trd, 4318929.543, 102
Trd, 4318930.743, 78
Trd, 4318931.743, 110
Trd, 4318933.143, 136
Trd, 4318933.443, 107
Trd, 4318934.043, 84
Trd, 4318935.243, 81
Trd, 4318935.493, 102
Trd, 4318936.343, 122
Trd, 4318938.593, 60
Trd, 4318938.693, 63
Trd, 4318939.093, 75
Trd, 4318939.793, 96
Trd, 4318941.243, 116
Trd, 4318941.693, 66
Trd, 4318942.993, 131
Trd, 4318943.343, 103
Trd, 4318943.643, 102
Trd, 4318944.193, 104
Trd, 4318944.893, 133
Trd, 4318944.993, 103
Trd, 4318947.243, 115
Trd, 4318947.793, 109
Trd, 4318949.843, 84
Trd, 4318950.093, 133
Trd, 4318950.293, 103
Trd, 4318950.843, 133
Trd, 4318951.343, 84
Trd, 4318951.743, 129
Trd, 4318952.993, 72
Trd, 4318955.093, 119
Trd, 4318955.193, 133
Trd, 4318955.543, 119
Trd, 4318956.493, 85
Trd, 4318957.793, 61
Trd, 4318958.393, 78
Trd, 4318958.943, 60
Trd, 4318959.593, 65
Trd, 4318960.193, 93
Trd, 4318960.343, 69
Trd, 4318962.993, 90
Trd, 4318963.143, 135
Trd, 4318963.343, 134
Trd, 4318963.493, 101
Trd, 4318964.443, 76
Trd, 4318964.693, 68
Trd, 4318964.743, 82
Trd, 4318964.893, 68
Trd, 4318965.643, 61
Trd, 4318965.693, 109
Trd, 4318967.443, 97
Trd, 4318968.243, 64
Trd, 4318968.543, 99
Trd, 4318968.943, 110
Trd, 4318970.243, 119
Trd, 4318970.743, 111
Trd, 4318972.243, 113
Trd, 4318972.593, 107
Trd, 4318972.793, 106
Trd, 4318973.043, 88
Trd, 4318973.243, 86
Trd, 4318975.493, 135
Trd, 4318975.593, 134
Trd, 4318975.693, 114
Trd, 4318976.593, 133
Trd, 4318977.393, 137
Trd, 4318977.593, 83
Trd, 4318979.293, 125
Trd, 4318979.493, 111
Trd, 4318980.643, 127
Trd, 4318981.893, 112
Trd, 4318982.643, 111
Trd, 4318982.743, 111
Trd, 4318984.043, 130
Trd, 4318984.193, 129
Trd, 4318984.793, 101
Trd, 4318985.193, 107
Trd, 4318985.393, 104
Trd, 4318986.043, 83
Trd, 4318987.293, 136
Trd, 4318987.993, 123
Trd, 4318988.293, 138
Trd, 4318988.493, 122
Trd, 4318989.293, 98
Trd, 4318990.093, 97
Trd, 4318991.093, 67
Trd, 4318992.293, 60
Trd, 4318992.543, 65
Trd, 4318992.693, 69
Trd, 4318993.643, 62
Trd, 4318993.743, 65
Trd, 4318994.293, 76
Trd, 4318994.843, 65
Trd, 4318995.343, 116
Trd, 4318997.743, 60
Trd, 4318998.793, 68
Trd, 4318999.343, 65
Trd, 4318999.393, 77
Trd, 4319000.643, 61
Trd, 4319001.043, 60
Trd, 4319002.443, 64
Trd, 4319002.843, 66
Trd, 4319003.693, 62
Trd, 4319003.943, 63
Trd, 4319004.793, 72
Trd, 4319005.293, 67
Trd, 4319006.393, 92
Trd, 4319007.243, 60
Trd, 4319008.843, 60
Trd, 4319009.243, 61
Trd, 4319009.493, 60
Trd, 4319009.793, 62
Trd, 4319010.793, 139
Trd, 4319011.543, 106
Trd, 4319011.693, 101
Trd, 4319011.943, 95
Trd, 4319014.043, 115
Trd, 4319014.893, 132
Trd, 4319015.543, 107
Trd, 4319015.843, 107
Trd, 4319016.143, 105
Trd, 4319016.243, 88
Trd, 4319017.443, 60
Trd, 4319017.493, 95
Trd, 4319018.493, 76
Trd, 4319019.293, 65
Trd, 4319019.443, 93
Trd, 4319020.543, 111
Trd, 4319020.993, 72
Trd, 4319021.393, 71
Trd, 4319021.443, 101
Trd, 4319022.643, 114
Trd, 4319025.143, 124
Trd, 4319025.493, 121
Trd, 4319025.643, 104
Trd, 4319025.693, 100
Trd, 4319026.543, 82
Trd, 4319026.693, 91
Trd, 4319028.743, 108
Trd, 4319028.893, 107
Trd, 4319028.993, 122
Trd, 4319031.643, 103
Trd, 4319032.043, 101
Trd, 4319032.243, 108
Trd, 4319032.543, 110
Trd, 4319032.693, 73
Trd, 4319033.193, 107
Trd, 4319034.343, 138
Trd, 4319034.943, 74
Trd, 4319035.393, 62
Trd, 4319036.843, 60
Trd, 4319037.993, 60
Trd, 4319038.893, 60
Trd, 4319039.643, 116
Trd, 4319040.543, 140
Trd, 4319041.393, 137
Trd, 4319041.593, 124
Trd, 4319041.693, 116
Trd, 4319042.693, 86
Trd, 4319043.793, 102
Trd, 4319044.143, 70
Trd, 4319044.943, 64
Trd, 4319046.443, 120
Trd, 4319047.193, 116
Trd, 4319047.943, 76
Trd, 4319050.443, 114
Trd, 4319050.543, 105
Trd, 4319051.493, 101
Trd, 4319052.743, 114
Trd, 4319053.643, 113
Trd, 4319053.693, 100
Trd, 4319055.993, 126
Trd, 4319056.043, 124
Trd, 4319057.093, 124
Trd, 4319058.443, 98
Trd, 4319059.743, 111
Trd, 4319059.793, 91
Trd, 4319060.293, 88
Trd, 4319060.843, 88
Trd, 4319061.243, 102
Trd, 4319062.393, 124
Trd, 4319062.693, 92
Trd, 4319062.793, 88
Trd, 4319064.093, 86
Trd, 4319065.993, 89
Trd, 4319066.243, 89
Trd, 4319066.593, 85
Trd, 4319067.143, 119
Trd, 4319067.593, 81
Trd, 4319067.843, 97
Trd, 4319067.893, 102
Trd, 4319069.043, 76
Trd, 4319070.093, 122
Trd, 4319070.443, 73
Trd, 4319071.193, 73
Trd, 4319071.893, 108
Trd, 4319072.793, 107
Trd, 4319072.843, 123
Trd, 4319073.393, 105
Trd, 4319073.943, 102
Trd, 4319074.293, 113
Trd, 4319074.643, 91
Trd, 4319075.593, 85
Trd, 4319076.893, 89
Trd, 4319077.493, 88
Trd, 4319078.243, 99
Trd, 4319078.843, 115
Trd, 4319079.493, 97
Trd, 4319079.943, 94
Trd, 4319082.543, 121
Trd, 4319083.043, 110
Trd, 4319083.243, 97
Trd, 4319084.393, 115
Trd, 4319086.793, 99
Trd, 4319087.443, 113
Trd, 4319087.643, 84
Trd, 4319088.343, 118
Trd, 4319088.993, 114
Trd, 4319089.693, 106
Trd, 4319089.943, 99
Trd, 4319090.443, 89
Trd, 4319091.493, 122
Trd, 4319092.293, 137
Trd, 4319093.193, 93
Trd, 4319093.343, 92
Trd, 4319094.643, 111
Trd, 4319094.843, 110
Trd, 4319095.393, 80
Trd, 4319096.243, 72
Trd, 4319097.393, 132
Trd, 4319097.643, 96
Trd, 4319099.293, 134
Trd, 4319099.493, 128
Trd, 4319099.743, 102
Trd, 4319101.793, 108
Trd, 4319102.343, 132
Trd, 4319102.643, 139
Trd, 4319102.993, 131
Trd, 4319104.193, 104
Trd, 4319104.693, 89
Trd, 4319105.493, 123
Trd, 4319106.193, 114
Trd, 4319106.793, 122
Trd, 4319107.343, 114
Trd, 4319107.493, 106
Trd, 4319108.193, 134
Trd, 4319108.593, 109
Trd, 4319110.493, 91
Trd, 4319110.693, 83
Trd, 4319111.043, 72
Trd, 4319112.143, 61
Trd, 4319113.993, 111
Trd, 4319114.043, 74
Trd, 4319114.393, 107
Trd, 4319114.593, 105
Trd, 4319115.943, 106
Trd, 4319117.743, 107
Trd, 4319117.943, 103
Trd, 4319118.143, 127
Trd, 4319118.393, 107
Trd, 4319118.693, 76
Trd, 4319119.243, 64
Trd, 4319120.643, 100
Trd, 4319121.243, 99
Trd, 4319121.793, 84
Trd, 4319122.193, 62
Trd, 4319123.743, 89
Trd, 4319124.343, 136
Trd, 4319124.443, 85
Trd, 4319124.593, 82
Trd, 4319125.743, 118
Trd, 4319126.793, 86
Trd, 4319127.643, 110
Trd, 4319128.393, 92
Trd, 4319129.393, 114
Trd, 4319129.543, 106
Trd, 4319131.043, 61
Trd, 4319132.393, 139
Trd, 4319133.143, 117
Trd, 4319133.643, 104
Trd, 4319135.493, 121
Trd, 4319135.543, 112
Trd, 4319136.193, 108
Trd, 4319136.243, 105
Trd, 4319136.993, 111
Trd, 4319137.543, 116
Trd, 4319138.943, 135
Trd, 4319139.043, 134
Trd, 4319139.293, 114
Trd, 4319139.493, 114
Trd, 4319139.793, 113
Trd, 4319141.343, 118
Trd, 4319141.643, 121
Trd, 4319142.193, 109
Trd, 4319143.543, 110
Trd, 4319143.943, 86
Trd, 4319144.343, 71
Trd, 4319144.743, 71
Trd, 4319145.593, 105
Trd, 4319146.493, 113
Trd, 4319146.993, 97
Trd, 4319147.793, 126
Trd, 4319148.243, 125
Trd, 4319148.443, 123
Trd, 4319149.243, 97
Trd, 4319150.093, 93
Trd, 4319152.543, 98
Trd, 4319152.693, 94
Trd, 4319153.543, 68
Trd, 4319154.343, 130
Trd, 4319154.543, 95
Trd, 4319154.993, 94
Trd, 4319155.943, 89
Trd, 4319156.943, 123
Trd, 4319158.543, 131
Trd, 4319159.243, 138
Trd, 4319159.293, 132
Trd, 4319159.393, 132
Trd, 4319159.793, 121
Trd, 4319160.543, 110
Trd, 4319161.543, 117
Trd, 4319163.643, 104
Trd, 4319163.693, 110
Trd, 4319164.043, 96
Trd, 4319164.843, 65
Trd, 4319165.193, 105
Trd, 4319166.343, 110
Trd, 4319166.943, 128
Trd, 4319168.393, 104
Trd, 4319168.843, 85
Trd, 4319169.093, 86
Trd, 4319169.893, 85
Trd, 4319170.143, 74
Trd, 4319171.543, 94
Trd, 4319172.443, 63
Trd, 4319172.693, 72
Trd, 4319174.493, 137
Trd, 4319174.793, 137
Trd, 4319175.243, 136
Trd, 4319176.193, 135
Trd, 4319176.543, 122
Trd, 4319177.543, 121
Trd, 4319178.093, 119
Trd, 4319178.493, 115
Trd, 4319179.193, 76
Trd, 4319179.293, 74
Trd, 4319179.543, 61
Trd, 4319180.293, 109
Trd, 4319180.993, 108
Trd, 4319182.243, 63
Trd, 4319184.443, 60
Trd, 4319186.293, 135
Trd, 4319186.643, 133
Trd, 4319187.693, 131
Trd, 4319188.543, 126
Trd, 4319188.793, 125
Trd, 4319189.193, 97
Trd, 4319189.743, 96
Trd, 4319189.893, 64
Trd, 4319193.043, 84
Trd, 4319193.343, 65
Trd, 4319193.393, 90
Trd, 4319193.793, 69
Trd, 4319195.343, 93
Trd, 4319195.743, 105
Trd, 4319196.893, 104
Trd, 4319197.243, 106
Trd, 4319197.893, 66
Trd, 4319198.293, 80
Trd, 4319200.293, 119
Trd, 4319200.493, 112
Trd, 4319201.243, 85
Trd, 4319201.493, 64
Trd, 4319201.993, 61
Trd, 4319203.893, 110
Trd, 4319205.093, 111
Trd, 4319205.143, 109
Trd, 4319205.343, 108
Trd, 4319205.543, 88
Trd, 4319207.393, 62
Trd, 4319207.543, 76
Trd, 4319207.693, 61
Trd, 4319207.993, 60
Trd, 4319208.793, 61
Trd, 4319209.843, 61
Trd, 4319211.393, 113
Trd, 4319211.543, 121
Trd, 4319211.643, 112
Trd, 4319212.243, 61
Trd, 4319212.793, 65
Trd, 4319213.043, 106
Trd, 4319215.943, 126
Trd, 4319216.393, 130
Trd, 4319217.493, 129
Trd, 4319218.493, 122
Trd, 4319218.593, 118
Trd, 4319218.943, 136
Trd, 4319219.893, 120
Trd, 4319220.593, 104
Trd, 4319221.143, 100
Trd, 4319222.043, 130
Trd, 4319222.693, 91
Trd, 4319223.443, 61
Trd, 4319223.843, 80
Trd, 4319224.693, 72
Trd, 4319225.343, 74
Trd, 4319227.093, 118
Trd, 4319227.293, 92
Trd, 4319228.143, 127
Trd, 4319228.343, 119
Trd, 4319228.643, 87
Trd, 4319229.043, 116
Trd, 4319230.093, 103
Trd, 4319230.593, 137
Trd, 4319233.193, 118
Trd, 4319234.243, 108
Trd, 4319234.843, 112
Trd, 4319235.443, 106
Trd, 4319235.493, 86
Trd, 4319235.893, 96
Trd, 4319236.243, 112
Trd, 4319237.093, 91
Trd, 4319237.393, 85
Trd, 4319238.843, 62
Trd, 4319239.693, 99
Trd, 4319239.893, 107
Trd, 4319241.393, 121
Trd, 4319242.493, 133
Trd, 4319242.843, 130
Trd, 4319244.843, 122
Trd, 4319244.943, 117
Trd, 4319245.743, 97
Trd, 4319246.743, 93
Trd, 4319248.093, 97
Trd, 4319249.443, 105
Trd, 4319249.793, 115
Trd, 4319249.843, 104
Trd, 4319249.893, 104
Trd, 4319250.743, 73
Trd, 4319251.143, 86
Trd, 4319251.293, 80
Trd, 4319251.843, 69
Trd, 4319252.093, 84
Trd, 4319252.793, 126
Trd, 4319253.343, 99
Trd, 4319254.693, 69
Trd, 4319254.743, 74
Trd, 4319255.043, 80
Trd, 4319255.993, 69
Trd, 4319256.343, 65
Trd, 4319258.543, 106
Trd, 4319258.693, 105
Trd, 4319258.743, 125
Trd, 4319259.043, 66
Trd, 4319259.393, 67
Trd, 4319259.743, 65
Trd, 4319260.093, 61
Trd, 4319261.193, 63
Trd, 4319261.293, 67
Trd, 4319261.793, 65
Trd, 4319262.993, 79
Trd, 4319263.793, 98
Trd, 4319264.393, 126
Trd, 4319264.893, 96
Trd, 4319267.293, 62
Trd, 4319267.593, 108
Trd, 4319267.693, 107
Trd, 4319268.743, 101
Trd, 4319271.493, 109
Trd, 4319273.443, 113
Trd, 4319273.543, 112
Trd, 4319273.743, 110
Trd, 4319274.893, 129
Trd, 4319276.043, 125
Trd, 4319276.243, 124
Trd, 4319276.693, 124
Trd, 4319277.243, 128
Trd, 4319279.193, 95
Trd, 4319280.443, 96
Trd, 4319280.643, 93
Trd, 4319280.743, 109
Trd, 4319280.893, 92
Trd, 4319281.043, 84
Trd, 4319282.093, 136
Trd, 4319282.893, 124
Trd, 4319282.993, 106
Trd, 4319283.493, 135
Trd, 4319284.043, 102
Trd, 4319284.543, 116
Trd, 4319285.093, 88
Trd, 4319285.593, 103
Trd, 4319286.543, 118
Trd, 4319286.743, 117
Trd, 4319286.793, 107
Trd, 4319287.443, 80
Trd, 4319289.493, 108
Trd, 4319289.543, 125
Trd, 4319290.793, 121
Trd, 4319290.843, 106
Trd, 4319292.393, 133
Trd, 4319292.843, 80
Trd, 4319292.893, 61
Trd, 4319294.243, 83
Trd, 4319295.443, 60
Trd, 4319296.393, 68
Trd, 4319296.943, 124
Trd, 4319297.443, 85
Trd, 4319297.543, 107
Trd, 4319297.693, 85
Trd, 4319298.943, 135
Trd, 4319299.993, 130
Trd, 4319300.743, 123
Trd, 4319300.943, 107
Trd, 4319301.043, 78
Trd, 4319302.243, 86
Trd, 4319302.893, 116
Trd, 4319303.843, 118
Trd, 4319305.593, 140
Trd, 4319306.243, 129
Trd, 4319307.443, 100
Trd, 4319307.543, 99
Trd, 4319308.393, 85
Trd, 4319309.393, 140
Trd, 4319309.943, 63
Trd, 4319310.293, 115
Trd, 4319311.493, 104
Trd, 4319312.093, 77
Trd, 4319313.843, 83
Trd, 4319314.243, 123
Trd, 4319314.393, 108
Trd, 4319314.693, 106
Trd, 4319315.793, 124
Trd, 4319317.643, 120
Trd, 4319317.993, 118
Trd, 4319319.093, 118
Trd, 4319319.293, 117
Trd, 4319319.743, 127
Trd, 4319320.343, 80
Trd, 4319320.793, 133
Trd, 4319321.143, 115
Trd, 4319322.693, 120
Trd, 4319323.143, 118
Trd, 4319324.143, 138
Trd, 4319324.443, 124
Trd, 4319324.943, 109
Trd, 4319325.293, 128
Trd, 4319326.193, 128
Trd, 4319326.743, 107
Trd, 4319327.793, 115
Trd, 4319327.843, 114
Trd, 4319328.543, 93
Trd, 4319328.693, 89
Trd, 4319329.143, 127
Trd, 4319329.693, 95
Trd, 4319331.593, 118
Trd, 4319331.743, 127
Trd, 4319331.893, 63
Trd, 4319333.093, 113
Trd, 4319333.643, 101
Trd, 4319334.193, 100
Trd, 4319335.193, 114
Trd, 4319335.643, 101
Trd, 4319336.193, 106
Trd, 4319337.943, 118
Trd, 4319338.593, 114
Trd, 4319339.043, 123
Trd, 4319339.093, 121
Trd, 4319339.893, 111
Trd, 4319341.093, 76
Trd, 4319342.293, 97
Trd, 4319342.843, 132
Trd, 4319343.643, 91
Trd, 4319344.443, 82
Trd, 4319344.593, 67
Trd, 4319345.193, 129
Trd, 4319347.493, 109
Trd, 4319349.043, 115
Trd, 4319349.393, 113
Trd, 4319349.493, 77
Trd, 4319349.943, 61
Trd, 4319350.643, 61
Trd, 4319352.543, 81
Trd, 4319353.443, 110
Trd, 4319353.793, 78
Trd, 4319354.493, 96
Trd, 4319355.043, 74
Trd, 4319355.593, 114
Trd, 4319355.743, 74
Trd, 4319356.793, 70
Trd, 4319357.093, 91
Trd, 4319357.243, 75
Trd, 4319357.993, 60
Trd, 4319358.443, 65
Trd, 4319359.443, 94
Trd, 4319360.943, 97
Trd, 4319361.343, 87
Trd, 4319361.393, 94
Trd, 4319362.293, 140
Trd, 4319362.593, 63
Trd, 4319364.093, 64
Trd, 4319364.293, 132
Trd, 4319365.343, 135
Trd, 4319365.393, 134
Trd, 4319366.143, 113
Trd, 4319367.293, 63
Trd, 4319367.993, 131
Trd, 4319369.093, 137
Trd, 4319369.143, 136
Trd, 4319369.443, 128
Trd, 4319370.043, 128
Trd, 4319370.943, 119
Trd, 4319373.293, 138
Trd, 4319373.543, 133
Trd, 4319373.593, 131
Trd, 4319373.993, 130
Trd, 4319374.143, 130
Trd, 4319375.143, 108
Trd, 4319375.393, 111
Trd, 4319377.143, 96
Trd, 4319377.593, 97
Trd, 4319377.843, 95
Trd, 4319378.443, 73
Trd, 4319379.593, 128
Trd, 4319379.643, 96
Trd, 4319380.293, 67
Trd, 4319380.993, 96
Trd, 4319381.093, 119
Trd, 4319381.893, 79
Trd, 4319383.243, 83
Trd, 4319383.393, 79
Trd, 4319384.093, 125
Trd, 4319385.093, 66
Trd, 4319385.943, 125
Trd, 4319386.393, 68
Trd, 4319387.793, 68
Trd, 4319388.443, 73
Trd, 4319388.743, 69
Trd, 4319389.143, 120
Trd, 4319390.843, 111
Trd, 4319391.093, 109
Trd, 4319391.693, 68
Trd, 4319391.843, 120
Trd, 4319393.543, 138
Trd, 4319393.943, 124
Trd, 4319394.193, 66
Trd, 4319394.843, 130
Trd, 4319394.993, 130
Trd, 4319396.143, 134
Trd, 4319398.193, 92
Trd, 4319399.343, 130
Trd, 4319399.443, 129
Trd, 4319399.543, 101
Trd, 4319399.643, 79
Trd, 4319400.443, 112
Trd, 4319402.443, 116
Trd, 4319404.543, 133
Trd, 4319404.593, 131
Trd, 4319405.093, 124
Trd, 4319405.293, 116
Trd, 4319405.643, 72
Trd, 4319406.043, 61
Trd, 4319406.643, 60
Trd, 4319407.393, 111
Trd, 4319408.193, 112
Trd, 4319409.043, 109
Trd, 4319409.893, 100
Trd, 4319409.943, 76
Trd, 4319410.493, 60
Trd, 4319411.493, 91
Trd, 4319411.943, 133
Trd, 4319412.893, 123
Trd, 4319413.193, 88
Trd, 4319413.543, 87
Trd, 4319413.843, 94
Trd, 4319414.393, 89
Trd, 4319416.043, 94
Trd, 4319416.293, 94
Trd, 4319416.743, 103
Trd, 4319417.893, 60
Trd, 4319418.443, 79
Trd, 4319420.643, 89
Trd, 4319420.943, 93
Trd, 4319421.993, 106
Trd, 4319422.593, 133
Trd, 4319423.893, 133
Trd, 4319424.243, 126
Trd, 4319424.343, 123
Trd, 4319425.293, 80
Trd, 4319425.393, 72
Trd, 4319426.343, 89
Trd, 4319426.543, 99
Trd, 4319427.343, 109
Trd, 4319428.243, 77
Trd, 4319429.093, 91
Trd, 4319429.193, 84
Trd, 4319430.893, 92
Trd, 4319431.543, 86
Trd, 4319431.593, 109
Trd, 4319432.243, 112
Trd, 4319433.443, 107
Trd, 4319433.693, 72
Trd, 4319433.993, 110
Trd, 4319435.543, 119
Trd, 4319436.293, 86
Trd, 4319436.493, 82
Trd, 4319437.143, 86
Trd, 4319437.743, 126
Trd, 4319438.043, 129
Trd, 4319439.493, 108
Trd, 4319439.693, 84
Trd, 4319439.843, 112
Trd, 4319441.893, 128
Trd, 4319442.593, 110
Trd, 4319442.743, 109
Trd, 4319442.993, 104
Trd, 4319444.293, 131
Trd, 4319444.393, 121
Trd, 4319445.093, 102
Trd, 4319446.143, 97
Trd, 4319446.893, 101
Trd, 4319447.493, 103
Trd, 4319448.243, 78
Trd, 4319448.543, 65
Trd, 4319449.293, 69
Trd, 4319449.343, 69
Trd, 4319451.343, 139
Trd, 4319452.143, 135
Trd, 4319452.743, 121
Trd, 4319453.043, 130
Trd, 4319454.593, 140
Trd, 4319454.943, 87
Trd, 4319455.743, 83
Trd, 4319457.243, 92
Trd, 4319457.793, 103
Trd, 4319458.593, 109
Trd, 4319458.693, 114
Trd, 4319459.443, 137
Trd, 4319460.193, 105
Trd, 4319460.343, 112
Trd, 4319462.993, 86
Trd, 4319463.143, 135
Trd, 4319463.493, 81
Trd, 4319463.943, 61
Trd, 4319464.343, 60
Trd, 4319465.043, 66
Trd, 4319466.393, 62
Trd, 4319466.643, 79
Trd, 4319467.293, 86
Trd, 4319468.543, 68
Trd, 4319468.693, 73
Trd, 4319469.243, 79
Trd, 4319469.493, 126
Trd, 4319469.893, 75
Trd, 4319470.993, 138
Trd, 4319471.443, 137
Trd, 4319471.593, 121
Trd, 4319471.643, 113
Trd, 4319472.393, 60
Trd, 4319474.143, 119
Trd, 4319474.193, 117
Trd, 4319474.993, 114
Trd, 4319475.493, 113
Trd, 4319475.543, 113
Trd, 4319475.943, 98
Trd, 4319478.393, 119
Trd, 4319478.843, 104
Trd, 4319479.043, 120
Trd, 4319480.343, 106
Trd, 4319480.543, 105
Trd, 4319480.643, 96
Trd, 4319481.243, 89
Trd, 4319481.843, 138
Trd, 4319482.193, 94
Trd, 4319482.393, 88
Trd, 4319483.443, 104
Trd, 4319485.193, 62
Trd, 4319485.593, 70
Trd, 4319487.193, 120
Trd, 4319487.843, 132
Trd, 4319488.293, 117
Trd, 4319489.293, 139
Trd, 4319490.143, 139
Trd, 4319490.543, 138
Trd, 4319490.993, 129
Trd, 4319492.693, 127
Trd, 4319493.593, 106
Trd, 4319494.143, 119
Trd, 4319494.543, 109
Trd, 4319495.593, 98
Trd, 4319495.893, 115
Trd, 4319496.293, 97
Trd, 4319496.943, 76
Trd, 4319498.043, 72
Trd, 4319499.043, 109
Trd, 4319499.193, 103
Trd, 4319501.393, 79
Trd, 4319502.693, 95
Trd, 4319503.043, 114
Trd, 4319503.693, 116
Trd, 4319503.843, 115
Trd, 4319504.093, 96
Trd, 4319504.293, 93
Trd, 4319505.143, 79
Trd, 4319506.043, 63
Trd, 4319506.393, 63
Trd, 4319508.243, 60
Trd, 4319509.143, 61
Trd, 4319510.593, 75
Trd, 4319510.693, 63
Trd, 4319511.843, 62
Trd, 4319512.843, 66
Trd, 4319514.343, 60
Trd, 4319515.393, 80
Trd, 4319515.693, 81
Trd, 4319515.743, 108
Trd, 4319516.543, 61
Trd, 4319517.843, 67
Trd, 4319518.393, 64
Trd, 4319518.943, 63
Trd, 4319519.943, 61
Trd, 4319520.243, 70
Trd, 4319520.493, 67
Trd, 4319521.043, 63
Trd, 4319521.143, 73
Trd, 4319523.193, 81
Trd, 4319523.243, 125
Trd, 4319523.393, 79
Trd, 4319524.893, 112
Trd, 4319524.943, 111
Trd, 4319525.193, 115
Trd, 4319526.593, 60
Trd, 4319527.243, 103
Trd, 4319527.493, 96
Trd, 4319527.693, 97
Trd, 4319529.643, 136
Trd, 4319529.793, 133
Trd, 4319529.843, 117
Trd, 4319531.143, 93
Trd, 4319532.293, 101
Trd, 4319532.993, 72
Trd, 4319533.443, 90
Trd, 4319533.893, 73
Trd, 4319535.893, 136
Trd, 4319537.293, 102
Trd, 4319537.343, 85
Trd, 4319538.093, 123
Trd, 4319538.143, 125
Trd, 4319538.743, 121
Trd, 4319539.093, 70
Trd, 4319539.143, 97
Trd, 4319539.393, 87
Trd, 4319541.143, 88
Trd, 4319541.843, 78
Trd, 4319542.293, 78
Trd, 4319542.943, 97
Trd, 4319543.493, 121
Trd, 4319543.843, 120
Trd, 4319545.143, 126
Trd, 4319546.293, 109
Trd, 4319547.043, 66
Trd, 4319547.393, 61
Trd, 4319548.393, 60
Trd, 4319549.093, 68
Trd, 4319549.593, 107
Trd, 4319549.993, 130
Trd, 4319551.643, 132
Trd, 4319553.343, 129
Trd, 4319554.243, 124
Trd, 4319554.643, 124
Trd, 4319555.043, 126
Trd, 4319555.293, 109
Trd, 4319555.793, 106
Trd, 4319557.493, 88
Trd, 4319557.943, 117
Trd, 4319557.993, 90
Trd, 4319558.843, 70
Trd, 4319559.593, 69
Trd, 4319559.993, 62
Trd, 4319561.293, 90
Trd, 4319561.593, 91
Trd, 4319562.093, 116
Trd, 4319564.243, 63
Trd, 4319564.393, 74
Trd, 4319564.743, 60
Trd, 4319565.293, 68
Trd, 4319565.843, 100
Trd, 4319568.443, 63
Trd, 4319568.593, 102
Trd, 4319568.993, 76
Trd, 4319569.193, 89
Trd, 4319569.843, 63
Trd, 4319570.293, 65
Trd, 4319571.243, 61
Trd, 4319571.643, 94
Trd, 4319573.193, 117
Trd, 4319574.343, 71
Trd, 4319574.643, 64
Trd, 4319574.993, 80
Trd, 4319575.993, 123
Trd, 4319577.693, 122
Trd, 4319577.793, 99
Trd, 4319578.193, 99
Trd, 4319579.593, 85
Trd, 4319580.443, 135
Trd, 4319580.743, 111
Trd, 4319580.793, 109
Trd, 4319581.643, 97
Trd, 4319582.843, 89
Trd, 4319583.193, 88
Trd, 4319583.393, 106
Trd, 4319583.743, 87
Trd, 4319584.093, 117
Trd, 4319585.943, 121
Trd, 4319586.043, 120
Trd, 4319586.693, 124
Trd, 4319587.493, 120
Trd, 4319587.793, 119
Trd, 4319588.043, 118
Trd, 4319588.393, 102
Trd, 4319588.793, 82
Trd, 4319590.293, 78
Trd, 4319590.643, 137
Trd, 4319591.243, 128
Trd, 4319592.043, 126
Trd, 4319592.643, 112
Trd, 4319593.193, 124
Trd, 4319593.343, 131
Trd, 4319594.543, 62
Trd, 4319596.593, 123
Trd, 4319596.893, 122
Trd, 4319597.293, 100
Trd, 4319597.593, 98
Trd, 4319597.943, 107
Trd, 4319598.243, 72
Trd, 4319599.793, 94
Trd, 4319600.643, 116
Trd, 4319601.193, 110
Trd, 4319602.093, 128
Trd, 4319602.743, 116
Trd, 4319603.093, 119
Trd, 4319603.593, 113
Trd, 4319604.093, 64
Trd, 4319604.143, 61
Trd, 4319604.493, 65
Trd, 4319607.293, 65
Trd, 4319608.043, 135
Trd, 4319609.143, 117
Trd, 4319609.843, 69
Trd, 4319610.143, 114
Trd, 4319610.293, 102
Trd, 4319611.743, 135
Trd, 4319611.893, 119
Trd, 4319612.443, 126
Trd, 4319613.543, 82
Trd, 4319613.993, 81
Trd, 4319614.193, 110
Trd, 4319615.693, 133
Trd, 4319616.393, 131
Trd, 4319616.693, 117
Trd, 4319616.893, 99
Trd, 4319617.243, 108
Trd, 4319617.893, 60
Trd, 4319617.993, 62
Trd, 4319619.343, 94
Trd, 4319621.143, 65
Trd, 4319622.593, 65
Trd, 4319622.643, 76
Trd, 4319624.443, 64
Trd, 4319624.693, 79
Trd, 4319625.493, 61
Trd, 4319627.643, 98
Trd, 4319627.693, 81
Trd, 4319628.143, 115
Trd, 4319628.793, 137
Trd, 4319629.193, 110
Trd, 4319629.343, 101
Trd, 4319630.593, 71
Trd, 4319630.743, 74
Trd, 4319631.793, 83
Trd, 4319632.993, 108
Trd, 4319634.593, 100
Trd, 4319634.743, 79
Trd, 4319635.343, 97
Trd, 4319635.493, 89
Trd, 4319635.643, 88
Trd, 4319635.693, 82
Trd, 4319636.593, 104
Trd, 4319637.393, 122
Trd, 4319637.493, 114
Trd, 4319637.743, 112
Trd, 4319638.793, 135
Trd, 4319639.243, 109
Trd, 4319639.443, 84
Trd, 4319640.693, 109
Trd, 4319641.593, 108
Trd, 4319642.693, 81
Trd, 4319642.993, 95
Trd, 4319643.093, 79
Trd, 4319643.443, 88
Trd, 4319646.693, 118
Trd, 4319646.893, 138
Trd, 4319647.943, 117
Trd, 4319648.143, 106
Trd, 4319649.293, 134
Trd, 4319649.493, 133
Trd, 4319649.643, 132
Trd, 4319651.393, 60
Trd, 4319651.643, 74
Trd, 4319652.543, 108
Trd, 4319653.993, 83
Trd, 4319654.543, 119
Trd, 4319655.543, 118
Trd, 4319655.643, 117
Trd, 4319656.443, 116
Trd, 4319657.093, 124
Trd, 4319657.243, 95
Trd, 4319658.593, 97
Trd, 4319659.143, 71
Trd, 4319661.693, 126
Trd, 4319661.743, 124
Trd, 4319661.843, 113
Trd, 4319662.093, 116
Trd, 4319663.193, 108
Trd, 4319663.243, 107
Trd, 4319664.193, 85
Trd, 4319665.093, 135
Trd, 4319665.793, 99
Trd, 4319665.993, 63
Trd, 4319666.393, 91
Trd, 4319667.293, 64
Trd, 4319669.143, 60
Trd, 4319669.893, 100
Trd, 4319670.443, 126
Trd, 4319671.043, 113
Trd, 4319671.743, 134
Trd, 4319672.193, 110
Trd, 4319673.643, 105
Trd, 4319673.893, 114
Trd, 4319674.093, 120
Trd, 4319674.443, 104
Trd, 4319675.093, 118
Trd, 4319675.393, 104
Trd, 4319677.943, 140
Trd, 4319678.543, 138
Trd, 4319679.393, 130
Trd, 4319679.643, 116
Trd, 4319679.693, 112
Trd, 4319679.893, 124
Trd, 4319681.193, 83
Trd, 4319682.343, 66
Trd, 4319682.643, 129
Trd, 4319683.593, 71
Trd, 4319683.643, 86
Trd, 4319685.093, 92
Trd, 4319685.743, 128
Trd, 4319687.093, 126
Trd, 4319687.793, 115
Trd, 4319687.943, 118
Trd, 4319689.243, 113
Trd, 4319689.893, 75
Trd, 4319690.493, 133
Trd, 4319690.543, 129
Trd, 4319690.743, 128
Trd, 4319691.243, 83
Trd, 4319692.593, 123
Trd, 4319692.743, 117
Trd, 4319693.043, 93
Trd, 4319693.693, 69
Trd, 4319694.043, 75
Trd, 4319696.293, 133
Trd, 4319696.393, 133
Trd, 4319696.543, 132
Trd, 4319697.143, 88
Trd, 4319698.293, 106
Trd, 4319698.493, 82
Trd, 4319698.843, 136
Trd, 4319699.743, 93
Trd, 4319701.143, 72
Trd, 4319702.793, 109
Trd, 4319703.543, 77
Trd, 4319704.093, 60
Trd, 4319704.243, 105
Trd, 4319704.693, 99
Trd, 4319704.993, 108
Trd, 4319705.343, 88
Trd, 4319705.393, 78
Trd, 4319706.043, 94
Trd, 4319706.393, 116
Trd, 4319706.943, 72
Trd, 4319707.993, 68
Trd, 4319708.493, 94
Trd, 4319708.743, 63
Trd, 4319709.193, 73
Trd, 4319710.143, 60
Trd, 4319711.543, 108
Trd, 4319711.743, 108
Trd, 4319712.243, 76
Trd, 4319712.493, 107
Trd, 4319713.993, 86
Trd, 4319714.443, 86
Trd, 4319714.793, 64
Trd, 4319715.593, 65
Trd, 4319717.443, 62
Trd, 4319719.293, 75
Trd, 4319719.593, 121
Trd, 4319720.243, 74
Trd, 4319720.493, 66
Trd, 4319720.893, 109
Trd, 4319721.993, 134
Trd, 4319722.443, 133
Trd, 4319722.693, 108
Trd, 4319723.743, 108
Trd, 4319723.993, 107
Trd, 4319725.693, 97
Trd, 4319726.043, 75
Trd, 4319727.393, 121
Trd, 4319728.943, 99
Trd, 4319729.243, 97
Trd, 4319729.493, 96
Trd, 4319731.543, 92
Trd, 4319731.893, 107
Trd, 4319732.243, 78
Trd, 4319732.543, 60
Trd, 4319733.293, 63
Trd, 4319734.093, 83
Trd, 4319734.493, 83
Trd, 4319735.093, 95
Trd, 4319735.443, 70
Trd, 4319738.143, 107
Trd, 4319738.293, 97
Trd, 4319739.393, 119
Trd, 4319739.643, 101
Trd, 4319739.693, 100
Trd, 4319740.043, 119
Trd, 4319740.693, 111
Trd, 4319741.043, 89
Trd, 4319741.493, 91
Trd, 4319742.493, 96
Trd, 4319743.343, 131
Trd, 4319744.093, 60
Trd, 4319744.943, 63
Trd, 4319747.043, 100
Trd, 4319747.293, 78
Trd, 4319747.893, 106
Trd, 4319748.143, 90
Trd, 4319748.343, 89
Trd, 4319748.893, 78
Trd, 4319749.593, 94
Trd, 4319750.643, 96
Trd, 4319751.043, 63
Trd, 4319751.843, 110
Trd, 4319752.243, 75
Trd, 4319752.643, 60
Trd, 4319752.843, 67
Trd, 4319753.293, 113
Trd, 4319754.743, 67
Trd, 4319755.693, 128
Trd, 4319756.843, 110
Trd, 4319756.993, 108
Trd, 4319757.293, 102
Trd, 4319758.393, 140
Trd, 4319758.443, 112
Trd, 4319759.693, 108
Trd, 4319759.793, 86
Trd, 4319759.893, 123
Trd, 4319761.743, 131
Trd, 4319762.593, 130
Trd, 4319762.743, 132
Trd, 4319764.143, 138
Trd, 4319764.593, 98
Trd, 4319765.443, 90
Trd, 4319766.493, 133
Trd, 4319766.593, 129
Trd, 4319767.193, 89
Trd, 4319767.543, 88
Trd, 4319768.093, 100
Trd, 4319768.693, 105
Trd, 4319768.843, 104
Trd, 4319769.093, 88
Trd, 4319769.743, 139
Trd, 4319770.943, 126
Trd, 4319771.393, 138
Trd, 4319771.693, 129
Trd, 4319773.093, 123
Trd, 4319773.343, 103
Trd, 4319773.743, 130
Trd, 4319774.193, 122
Trd, 4319774.443, 96
Trd, 4319774.793, 94
Trd, 4319776.493, 134
Trd, 4319778.043, 83
Trd, 4319778.593, 71
Trd, 4319778.793, 63
Trd, 4319780.643, 126
Trd, 4319780.693, 116
Trd, 4319781.443, 137
Trd, 4319781.493, 113
Trd, 4319781.843, 131
Trd, 4319782.093, 91
Trd, 4319783.093, 72
Trd, 4319783.443, 119
Trd, 4319784.293, 115
Trd, 4319784.693, 90
Trd, 4319785.843, 89
Trd, 4319786.243, 105
Trd, 4319786.343, 79
Trd, 4319787.743, 131
Trd, 4319788.193, 114
Trd, 4319788.443, 103
Trd, 4319788.743, 87
Trd, 4319788.993, 120
Trd, 4319790.543, 82
Trd, 4319790.993, 122
Trd, 4319791.393, 103
Trd, 4319792.893, 124
Trd, 4319793.193, 120
Trd, 4319793.243, 117
Trd, 4319794.493, 98
Trd, 4319795.393, 97
Trd, 4319795.443, 96
Trd, 4319795.743, 123
Trd, 4319797.843, 136
Trd, 4319798.243, 126
Trd, 4319798.493, 118
Trd, 4319798.793, 138
Trd, 4319799.593, 90
Trd, 4319800.593, 130
Trd, 4319801.043, 125
Trd, 4319801.843, 92
Trd, 4319802.093, 82
Trd, 4319802.843, 71
Trd, 4319803.093, 120
Trd, 4319804.543, 60
Trd, 4319804.893, 62
Trd, 4319806.843, 110
Trd, 4319807.193, 76
Trd, 4319808.043, 87
Trd, 4319808.893, 97
Trd, 4319809.243, 126
Trd, 4319809.793, 109
Trd, 4319810.093, 115
Trd, 4319810.193, 108
Trd, 4319810.893, 80
Trd, 4319811.743, 107
Trd, 4319811.943, 94
Trd, 4319812.643, 79
Trd, 4319814.843, 82
Trd, 4319815.493, 83
Trd, 4319815.843, 117
Trd, 4319816.293, 68
Trd, 4319818.543, 140
Trd, 4319818.893, 138
Trd, 4319819.043, 126
Trd, 4319819.643, 118
Trd, 4319819.743, 116
Trd, 4319820.543, 108
Trd, 4319821.393, 140
Trd, 4319821.443, 136
Trd, 4319821.693, 135
Trd, 4319821.843, 95
Trd, 4319822.493, 70
Trd, 4319823.593, 120
Trd, 4319825.293, 124
Trd, 4319825.693, 130
Trd, 4319826.193, 78
Trd, 4319826.593, 97
Trd, 4319827.693, 65
Trd, 4319827.743, 63
Trd, 4319827.893, 116
Trd, 4319828.743, 71
Trd, 4319829.143, 111
Trd, 4319831.193, 117
Trd, 4319831.993, 104
Trd, 4319832.243, 63
Trd, 4319833.293, 76
Trd, 4319833.693, 62
Trd, 4319834.343, 108
Trd, 4319835.143, 61
Trd, 4319835.943, 124
Trd, 4319836.293, 61
Trd, 4319837.193, 69
Trd, 4319837.743, 97
Trd, 4319837.943, 120
Trd, 4319838.443, 66
Trd, 4319840.643, 81
Trd, 4319841.543, 64
Trd, 4319841.793, 61
Trd, 4319842.543, 133
Trd, 4319843.193, 77
Trd, 4319844.793, 67
Trd, 4319844.993, 136
Trd, 4319845.343, 103
Trd, 4319846.843, 110
Trd, 4319847.193, 102
Trd, 4319847.393, 80
Trd, 4319847.743, 120
Trd, 4319848.243, 106
Trd, 4319849.943, 116
Trd, 4319850.693, 78
Trd, 4319851.943, 115
Trd, 4319851.993, 113
Trd, 4319852.143, 77
Trd, 4319852.243, 77
Trd, 4319853.693, 69
Trd, 4319854.743, 128
Trd, 4319855.143, 109
Trd, 4319856.243, 123
Trd, 4319856.693, 115
Trd, 4319857.693, 89
Trd, 4319857.793, 71
Trd, 4319858.443, 99
Trd, 4319858.893, 98
Trd, 4319859.443, 87
Trd, 4319860.743, 132
Trd, 4319860.943, 104
Trd, 4319861.843, 95
Trd, 4319861.943, 94
Trd, 4319862.943, 137
Trd, 4319863.793, 95
Trd, 4319865.193, 87
Trd, 4319866.493, 113
Trd, 4319867.143, 111
Trd, 4319867.793, 132
Trd, 4319867.843, 113
Trd, 4319868.393, 101
Trd, 4319868.443, 101
Trd, 4319869.193, 131
Trd, 4319870.393, 138
Trd, 4319870.693, 137
Trd, 4319871.843, 118
Trd, 4319872.443, 118
Trd, 4319873.043, 132
Trd, 4319874.543, 115
Trd, 4319875.443, 107
Trd, 4319875.793, 89
Trd, 4319875.943, 88
Trd, 4319876.443, 72
Trd, 4319876.743, 94
Trd, 4319877.193, 72
Trd, 4319878.593, 61
Trd, 4319879.643, 103
Trd, 4319881.143, 113
Trd, 4319881.293, 111
Trd, 4319882.243, 100
Trd, 4319882.343, 95
Trd, 4319883.543, 97
Trd, 4319884.093, 73
Trd, 4319885.243, 68
Trd, 4319885.393, 67
Trd, 4319885.843, 63
Trd, 4319886.443, 68
Trd, 4319887.493, 65
Trd, 4319888.193, 80
Trd, 4319890.893, 124
Trd, 4319890.993, 90
Trd, 4319891.843, 100
Trd, 4319892.243, 83
Trd, 4319892.643, 77
Trd, 4319893.143, 60
Trd, 4319893.543, 64
Trd, 4319894.643, 68
Trd, 4319896.293, 67
Trd, 4319896.843, 66
Trd, 4319897.843, 125
Trd, 4319898.843, 99
Trd, 4319899.493, 101
Trd, 4319899.543, 81
Trd, 4319900.093, 63
Trd, 4319901.643, 107
Trd, 4319903.993, 138
Trd, 4319904.293, 137
Trd, 4319905.043, 114
Trd, 4319905.243, 85
Trd, 4319906.043, 97
Trd, 4319906.743, 117
Trd, 4319907.093, 86
Trd, 4319908.093, 84
Trd, 4319909.343, 117
Trd, 4319909.893, 122
Trd, 4319910.143, 115
Trd, 4319910.543, 108
Trd, 4319911.493, 88
Trd, 4319911.893, 115
Trd, 4319914.093, 99
Trd, 4319914.693, 84
Trd, 4319915.093, 120
Trd, 4319915.593, 96
Trd, 4319916.493, 77
Trd, 4319916.543, 86
Trd, 4319917.793, 60
Trd, 4319918.143, 86
Trd, 4319919.343, 64
Trd, 4319920.793, 64
Trd, 4319921.793, 67
Trd, 4319922.093, 62
Trd, 4319922.343, 69
Trd, 4319923.293, 80
Trd, 4319923.493, 62
Trd, 4319925.093, 61
Trd, 4319925.293, 78
Trd, 4319926.043, 62
Trd, 4319926.593, 86
Trd, 4319927.043, 64
Trd, 4319928.943, 127
Trd, 4319929.643, 114
Trd, 4319930.643, 95
Trd, 4319931.143, 71
Trd, 4319933.343, 81
Trd, 4319934.093, 70
Trd, 4319934.493, 76
Trd, 4319935.043, 71
Trd, 4319935.243, 81
Trd, 4319935.843, 107
Trd, 4319936.043, 107
Trd, 4319938.693, 97
Trd, 4319939.343, 87
Trd, 4319939.643, 89
Trd, 4319940.143, 79
Trd, 4319941.543, 112
Trd, 4319941.793, 116
Trd, 4319942.043, 111
Trd, 4319942.793, 115
Trd, 4319942.843, 85
Trd, 4319943.993, 79
Trd, 4319944.693, 80
Trd, 4319944.893, 120
Trd, 4319946.293, 83
Trd, 4319946.793, 113
Trd, 4319947.593, 67
Trd, 4319947.643, 76
Trd, 4319948.843, 98
Trd, 4319949.043, 97
Trd, 4319949.093, 95
Trd, 4319949.143, 102
Trd, 4319950.543, 83
Trd, 4319950.643, 119
Trd, 4319950.893, 81
Trd, 4319951.393, 114
Trd, 4319952.443, 128
Trd, 4319952.793, 119
Trd, 4319953.943, 135
Trd, 4319954.043, 127
Trd, 4319955.393, 131
Trd, 4319955.443, 130
Trd, 4319955.893, 126
Trd, 4319957.343, 103
Trd, 4319957.393, 93
Trd, 4319958.593, 66
Trd, 4319959.043, 63
Trd, 4319959.943, 87
Trd, 4319960.343, 100
Trd, 4319960.593, 70
Trd, 4319961.343, 84
Trd, 4319964.143, 123
Trd, 4319964.293, 92
Trd, 4319964.343, 89
Trd, 4319965.593, 124
Trd, 4319965.643, 109
Trd, 4319966.043, 133
Trd, 4319967.493, 106
Trd, 4319968.443, 94
Trd, 4319968.593, 92
Trd, 4319969.343, 112
Trd, 4319969.593, 77
Trd, 4319969.643, 115
Trd, 4319970.843, 60
Trd, 4319971.343, 76
Trd, 4319971.443, 82
Trd, 4319971.843, 72
Trd, 4319972.893, 60
Trd, 4319972.993, 67
Trd, 4319976.343, 80
Trd, 4319976.593, 81
Trd, 4319977.093, 88
Trd, 4319978.693, 126
Trd, 4319979.093, 82
Trd, 4319979.143, 80
Trd, 4319980.493, 114
Trd, 4319981.893, 123
Trd, 4319982.093, 119
Trd, 4319982.243, 107
Trd, 4319982.693, 63
Trd, 4319982.793, 100
Trd, 4319983.943, 136
Trd, 4319985.343, 111
Trd, 4319985.643, 110
Trd, 4319986.893, 138
Trd, 4319987.193, 132
Trd, 4319987.543, 109
Trd, 4319987.593, 74
Trd, 4319988.043, 135
Trd, 4319989.543, 84
Trd, 4319989.993, 139
Trd, 4319990.493, 138
Trd, 4319991.743, 92
Trd, 4319991.993, 90
Trd, 4319992.743, 106
Trd, 4319993.243, 110
Trd, 4319993.743, 109
Trd, 4319993.793, 82
Trd, 4319995.143, 140
Trd, 4319996.943, 83
Trd, 4319998.293, 140
Trd, 4319998.543, 124
Trd, 4319999.693, 134
Trd, 4319999.843, 124
