Trd, 4318121.893, 138
Trd, 4318122.643, 140
Trd, 4318122.843, 140
Trd, 4318123.043, 140
Trd, 4318123.143, 140
Trd, 4318124.043, 95
Trd, 4318124.743, 81
Trd, 4318126.393, 67
Trd, 4318126.943, 61
Trd, 4318128.893, 94
Trd, 4318130.093, 67
Trd, 4318130.793, 128
Trd, 4318131.193, 130
Trd, 4318131.243, 110
Trd, 4318131.293, 68
Trd, 4318132.843, 111
Trd, 4318133.093, 75
Trd, 4318134.193, 135
Trd, 4318134.243, 134
Trd, 4318135.243, 64
Trd, 4318135.693, 100
Trd, 4318137.443, 63
Trd, 4318137.693, 63
Trd, 4318137.793, 74
Trd, 4318138.743, 60
Trd, 4318138.843, 62
Trd, 4318138.943, 65
Trd, 4318139.543, 62
Trd, 4318140.793, 103
Trd, 4318141.643, 69
Trd, 4318142.143, 70
Trd, 4318143.293, 75
Trd, 4318143.993, 128
Trd, 4318144.843, 102
Trd, 4318145.143, 72
Trd, 4318146.043, 122
Trd, 4318147.943, 95
Trd, 4318148.343, 90
Trd, 4318148.543, 140
Trd, 4318149.243, 108
Trd, 4318149.793, 60
Trd, 4318150.793, 63
Trd, 4318151.443, 66
Trd, 4318153.143, 60
Trd, 4318153.393, 61
Trd, 4318154.643, 85
Trd, 4318155.943, 137
Trd, 4318156.543, 62
Trd, 4318158.493, 124
Trd, 4318158.793, 103
Trd, 4318159.443, 87
Trd, 4318159.543, 85
Trd, 4318159.843, 116
Trd, 4318160.943, 120
Trd, 4318161.193, 119
Trd, 4318161.593, 99
Trd, 4318162.943, 140
Trd, 4318163.093, 138
Trd, 4318163.943, 60
Trd, 4318163.993, 62
Trd, 4318165.493, 88
Trd, 4318167.343, 140
Trd, 4318167.593, 140
Trd, 4318167.893, 98
Trd, 4318168.093, 97
Trd, 4318168.893, 140
Trd, 4318169.093, 112
Trd, 4318169.943, 96
Trd, 4318170.093, 98
Trd, 4318170.893, 94
Trd, 4318172.493, 60
Trd, 4318173.843, 62
Trd, 4318174.693, 60
Trd, 4318175.393, 109
Trd, 4318175.643, 121
Trd, 4318176.743, 65
Trd, 4318177.693, 71
Trd, 4318178.193, 84
Trd, 4318178.443, 83
Trd, 4318180.043, 140
Trd, 4318180.443, 137
Trd, 4318180.993, 134
Trd, 4318181.243, 103
Trd, 4318183.093, 87
Trd, 4318183.843, 61
Trd, 4318183.993, 64
Trd, 4318185.443, 61
Trd, 4318187.093, 60
Trd, 4318187.193, 86
Trd, 4318187.493, 68
Trd, 4318187.693, 63
Trd, 4318188.643, 61
Trd, 4318191.143, 92
Trd, 4318191.843, 92
Trd, 4318191.993, 89
Trd, 4318192.143, 89
Trd, 4318194.143, 90
Trd, 4318195.043, 140
Trd, 4318195.193, 139
Trd, 4318195.593, 120
Trd, 4318196.243, 60
Trd, 4318197.193, 136
Trd, 4318197.643, 110
Trd, 4318198.693, 108
Trd, 4318199.193, 60
Trd, 4318199.843, 76
Trd, 4318200.693, 60
Trd, 4318201.543, 62
Trd, 4318201.993, 70
Trd, 4318202.593, 77
Trd, 4318204.493, 95
Trd, 4318205.393, 97
Trd, 4318205.443, 96
Trd, 4318205.743, 95
Trd, 4318205.843, 122
Trd, 4318206.143, 87
Trd, 4318206.593, 140
Trd, 4318208.943, 140
Trd, 4318209.493, 137
Trd, 4318210.943, 137
Trd, 4318211.343, 134
Trd, 4318211.543, 139
Trd, 4318211.743, 90
Trd, 4318211.893, 71
Trd, 4318212.143, 94
Trd, 4318213.943, 101
Trd, 4318214.293, 100
Trd, 4318215.443, 72
Trd, 4318217.693, 68
Trd, 4318218.343, 105
Trd, 4318218.393, 69
Trd, 4318220.293, 97
Trd, 4318220.343, 96
Trd, 4318220.743, 69
Trd, 4318220.893, 81
Trd, 4318221.393, 64
Trd, 4318222.843, 140
Trd, 4318223.143, 140
Trd, 4318223.293, 138
Trd, 4318223.943, 111
Trd, 4318225.343, 139
Trd, 4318226.043, 139
Trd, 4318226.543, 96
Trd, 4318227.943, 137
Trd, 4318228.093, 76
Trd, 4318229.043, 114
Trd, 4318229.843, 60
Trd, 4318230.143, 70
Trd, 4318231.393, 140
Trd, 4318231.743, 140
Trd, 4318232.143, 138
Trd, 4318232.993, 107
Trd, 4318234.493, 140
Trd, 4318235.293, 131
Trd, 4318235.993, 113
Trd, 4318236.043, 112
Trd, 4318236.793, 124
Trd, 4318237.093, 137
Trd, 4318237.343, 137
Trd, 4318237.443, 136
Trd, 4318238.143, 77
Trd, 4318239.593, 60
Trd, 4318239.843, 139
Trd, 4318240.643, 140
Trd, 4318241.093, 139
Trd, 4318241.693, 115
Trd, 4318242.993, 138
Trd, 4318244.443, 128
Trd, 4318244.543, 125
Trd, 4318245.393, 91
Trd, 4318245.993, 105
Trd, 4318246.593, 103
Trd, 4318247.043, 72
Trd, 4318248.043, 111
Trd, 4318250.493, 140
Trd, 4318250.593, 140
Trd, 4318251.843, 135
Trd, 4318252.643, 140
Trd, 4318253.093, 137
Trd, 4318253.343, 136
Trd, 4318254.643, 140
Trd, 4318255.393, 140
Trd, 4318255.793, 134
Trd, 4318256.443, 125
Trd, 4318256.743, 105
Trd, 4318257.393, 101
Trd, 4318258.493, 63
Trd, 4318258.693, 80
Trd, 4318260.543, 60
Trd, 4318261.443, 62
Trd, 4318261.893, 89
Trd, 4318263.143, 119
Trd, 4318263.343, 118
Trd, 4318263.743, 80
Trd, 4318263.793, 79
Trd, 4318264.693, 116
Trd, 4318266.343, 78
Trd, 4318267.393, 107
Trd, 4318267.943, 101
Trd, 4318268.393, 103
Trd, 4318268.893, 79
Trd, 4318269.093, 101
Trd, 4318269.393, 90
Trd, 4318269.893, 61
Trd, 4318270.493, 125
Trd, 4318270.543, 127
Trd, 4318273.643, 60
Trd, 4318273.893, 60
Trd, 4318274.143, 66
Trd, 4318275.243, 63
Trd, 4318275.293, 73
Trd, 4318275.593, 87
Trd, 4318276.643, 63
Trd, 4318277.093, 120
Trd, 4318278.093, 119
Trd, 4318279.293, 140
Trd, 4318280.793, 87
Trd, 4318281.493, 93
Trd, 4318281.793, 85
Trd, 4318282.093, 82
Trd, 4318282.293, 138
Trd, 4318282.993, 61
Trd, 4318283.093, 67
Trd, 4318285.443, 93
Trd, 4318285.943, 67
Trd, 4318287.243, 140
Trd, 4318287.743, 137
Trd, 4318287.793, 79
Trd, 4318289.593, 93
Trd, 4318290.043, 64
Trd, 4318290.893, 65
Trd, 4318291.143, 95
Trd, 4318291.293, 101
Trd, 4318292.943, 67
Trd, 4318294.193, 68
Trd, 4318294.893, 69
Trd, 4318295.143, 64
Trd, 4318295.343, 140
Trd, 4318295.793, 66
Trd, 4318296.593, 140
Trd, 4318296.893, 140
Trd, 4318297.793, 140
Trd, 4318298.693, 140
Trd, 4318299.243, 120
Trd, 4318299.943, 118
Trd, 4318300.843, 71
Trd, 4318301.443, 102
Trd, 4318301.693, 101
Trd, 4318302.843, 96
Trd, 4318303.743, 79
Trd, 4318304.293, 60
Trd, 4318304.693, 96
Trd, 4318305.893, 63
Trd, 4318307.193, 62
Trd, 4318308.043, 140
Trd, 4318308.243, 138
Trd, 4318308.743, 135
Trd, 4318308.893, 134
Trd, 4318309.793, 90
Trd, 4318309.893, 105
Trd, 4318310.493, 78
Trd, 4318313.843, 140
Trd, 4318314.393, 140
Trd, 4318314.843, 140
Trd, 4318315.443, 140
Trd, 4318316.093, 116
Trd, 4318316.243, 115
Trd, 4318316.393, 114
Trd, 4318317.043, 133
Trd, 4318318.143, 82
Trd, 4318318.593, 83
Trd, 4318318.943, 62
Trd, 4318320.193, 73
Trd, 4318321.243, 125
Trd, 4318321.793, 140
Trd, 4318322.393, 140
Trd, 4318323.143, 111
Trd, 4318323.493, 128
Trd, 4318324.193, 104
Trd, 4318324.643, 103
Trd, 4318325.793, 62
Trd, 4318326.443, 62
Trd, 4318327.243, 140
Trd, 4318328.243, 137
Trd, 4318328.693, 114
Trd, 4318328.793, 113
Trd, 4318329.343, 113
Trd, 4318331.443, 60
Trd, 4318331.593, 61
Trd, 4318331.693, 61
Trd, 4318332.643, 111
Trd, 4318332.943, 67
Trd, 4318334.143, 73
Trd, 4318335.493, 60
Trd, 4318336.143, 62
Trd, 4318337.243, 60
Trd, 4318337.943, 67
Trd, 4318339.743, 93
Trd, 4318340.993, 140
Trd, 4318341.243, 140
Trd, 4318341.443, 140
Trd, 4318341.993, 140
Trd, 4318343.093, 140
Trd, 4318343.243, 139
Trd, 4318344.493, 139
Trd, 4318345.243, 114
Trd, 4318345.393, 124
Trd, 4318346.543, 114
Trd, 4318348.443, 140
Trd, 4318349.243, 140
Trd, 4318349.693, 140
Trd, 4318350.043, 133
Trd, 4318350.193, 132
Trd, 4318352.043, 140
Trd, 4318352.693, 140
Trd, 4318352.743, 140
Trd, 4318352.793, 104
Trd, 4318353.743, 90
Trd, 4318354.143, 60
Trd, 4318354.593, 61
Trd, 4318356.093, 79
Trd, 4318356.243, 77
Trd, 4318357.343, 140
Trd, 4318357.443, 138
Trd, 4318358.093, 137
Trd, 4318359.343, 125
Trd, 4318361.093, 140
Trd, 4318361.243, 118
Trd, 4318361.443, 118
Trd, 4318361.943, 114
Trd, 4318362.743, 80
Trd, 4318363.093, 75
Trd, 4318365.243, 63
Trd, 4318365.693, 85
Trd, 4318365.743, 82
Trd, 4318365.793, 138
Trd, 4318365.993, 127
Trd, 4318367.593, 75
Trd, 4318367.843, 79
Trd, 4318369.143, 123
Trd, 4318369.593, 100
Trd, 4318370.943, 140
Trd, 4318371.293, 140
Trd, 4318371.443, 140
Trd, 4318371.493, 137
Trd, 4318372.593, 140
Trd, 4318373.793, 106
Trd, 4318374.843, 115
Trd, 4318375.043, 114
Trd, 4318375.943, 86
Trd, 4318376.143, 119
Trd, 4318377.243, 132
Trd, 4318377.693, 129
Trd, 4318378.393, 128
Trd, 4318379.143, 139
Trd, 4318380.393, 124
Trd, 4318381.393, 140
Trd, 4318381.943, 99
Trd, 4318382.343, 123
Trd, 4318382.593, 103
Trd, 4318383.293, 99
Trd, 4318384.843, 104
Trd, 4318385.493, 126
Trd, 4318385.543, 89
Trd, 4318385.843, 97
Trd, 4318386.493, 90
Trd, 4318387.443, 88
Trd, 4318387.493, 87
Trd, 4318389.093, 107
Trd, 4318389.693, 136
Trd, 4318389.793, 115
Trd, 4318391.143, 84
Trd, 4318391.293, 83
Trd, 4318391.843, 87
Trd, 4318391.893, 136
Trd, 4318392.343, 130
Trd, 4318393.593, 114
Trd, 4318393.693, 112
Trd, 4318394.693, 98
Trd, 4318395.093, 109
Trd, 4318395.393, 132
Trd, 4318396.143, 80
Trd, 4318397.743, 138
Trd, 4318398.493, 140
Trd, 4318399.093, 85
Trd, 4318399.343, 60
Trd, 4318400.043, 78
Trd, 4318400.643, 64
Trd, 4318400.943, 60
Trd, 4318401.093, 79
Trd, 4318402.793, 60
Trd, 4318404.793, 63
Trd, 4318406.393, 122
Trd, 4318406.443, 121
Trd, 4318408.043, 140
Trd, 4318408.293, 140
Trd, 4318408.643, 140
Trd, 4318409.793, 140
Trd, 4318410.093, 140
Trd, 4318410.543, 140
Trd, 4318412.393, 131
Trd, 4318412.493, 99
Trd, 4318414.243, 139
Trd, 4318414.743, 100
Trd, 4318416.243, 140
Trd, 4318416.343, 139
Trd, 4318416.693, 139
Trd, 4318417.343, 137
Trd, 4318417.593, 99
Trd, 4318418.093, 108
Trd, 4318418.993, 132
Trd, 4318419.343, 139
Trd, 4318420.243, 140
Trd, 4318422.093, 60
Trd, 4318422.543, 64
Trd, 4318423.193, 60
Trd, 4318424.243, 63
Trd, 4318424.543, 80
Trd, 4318425.343, 65
Trd, 4318425.593, 64
Trd, 4318425.843, 118
Trd, 4318426.843, 60
Trd, 4318427.243, 120
Trd, 4318428.693, 63
Trd, 4318428.743, 116
Trd, 4318429.543, 64
Trd, 4318430.243, 70
Trd, 4318430.543, 114
Trd, 4318431.643, 140
Trd, 4318432.243, 140
Trd, 4318432.493, 140
Trd, 4318432.793, 140
Trd, 4318432.943, 137
Trd, 4318435.743, 99
Trd, 4318435.943, 99
Trd, 4318436.293, 88
Trd, 4318436.393, 109
Trd, 4318437.443, 121
Trd, 4318439.243, 140
Trd, 4318440.043, 128
Trd, 4318440.643, 129
Trd, 4318441.343, 130
Trd, 4318441.643, 129
Trd, 4318442.043, 123
Trd, 4318442.243, 77
Trd, 4318443.193, 61
Trd, 4318445.393, 63
Trd, 4318445.693, 69
Trd, 4318445.943, 96
Trd, 4318446.943, 113
Trd, 4318447.293, 111
Trd, 4318447.693, 73
Trd, 4318447.793, 75
Trd, 4318448.843, 140
Trd, 4318449.893, 140
Trd, 4318450.443, 140
Trd, 4318450.693, 140
Trd, 4318451.643, 140
Trd, 4318451.943, 140
Trd, 4318452.993, 138
Trd, 4318453.243, 139
Trd, 4318453.693, 138
Trd, 4318454.993, 140
Trd, 4318455.193, 82
Trd, 4318456.143, 69
Trd, 4318457.993, 140
Trd, 4318458.343, 140
Trd, 4318458.443, 140
Trd, 4318458.793, 140
Trd, 4318459.093, 140
Trd, 4318460.143, 60
Trd, 4318461.443, 137
Trd, 4318462.543, 140
Trd, 4318462.643, 140
Trd, 4318464.543, 140
Trd, 4318464.843, 140
Trd, 4318464.893, 140
Trd, 4318465.643, 61
Trd, 4318466.293, 139
Trd, 4318467.393, 109
Trd, 4318467.493, 108
Trd, 4318468.043, 61
Trd, 4318468.543, 139
Trd, 4318469.393, 81
Trd, 4318469.843, 107
Trd, 4318471.093, 140
Trd, 4318471.743, 110
Trd, 4318471.893, 93
Trd, 4318471.943, 73
Trd, 4318471.993, 65
Trd, 4318472.693, 111
Trd, 4318473.193, 103
Trd, 4318474.443, 99
Trd, 4318474.793, 98
Trd, 4318475.343, 102
Trd, 4318476.643, 115
Trd, 4318476.993, 100
Trd, 4318478.443, 62
Trd, 4318478.493, 69
Trd, 4318480.143, 69
Trd, 4318481.093, 75
Trd, 4318481.493, 90
Trd, 4318482.193, 109
Trd, 4318482.493, 112
Trd, 4318483.493, 140
Trd, 4318484.243, 140
Trd, 4318484.643, 140
Trd, 4318484.743, 140
Trd, 4318484.793, 139
Trd, 4318484.993, 72
Trd, 4318486.843, 61
Trd, 4318487.543, 61
Trd, 4318488.943, 61
Trd, 4318488.993, 62
Trd, 4318489.343, 62
Trd, 4318490.143, 60
Trd, 4318491.093, 67
Trd, 4318491.393, 68
Trd, 4318491.693, 84
Trd, 4318492.743, 61
Trd, 4318493.443, 106
Trd, 4318495.293, 61
Trd, 4318496.543, 71
Trd, 4318498.693, 61
Trd, 4318499.193, 62
Trd, 4318499.393, 75
Trd, 4318499.743, 64
Trd, 4318500.493, 64
Trd, 4318501.043, 67
Trd, 4318501.093, 84
Trd, 4318501.593, 66
Trd, 4318501.893, 65
Trd, 4318503.293, 68
Trd, 4318503.843, 64
Trd, 4318504.143, 68
Trd, 4318505.643, 68
Trd, 4318506.843, 77
Trd, 4318508.093, 104
Trd, 4318508.143, 119
Trd, 4318509.143, 85
Trd, 4318509.743, 136
Trd, 4318509.893, 135
Trd, 4318511.293, 111
Trd, 4318512.743, 140
Trd, 4318512.943, 139
Trd, 4318513.793, 130
Trd, 4318514.193, 66
Trd, 4318515.693, 140
Trd, 4318515.793, 139
Trd, 4318516.043, 124
Trd, 4318518.243, 140
Trd, 4318518.993, 140
Trd, 4318519.043, 140
Trd, 4318519.593, 76
Trd, 4318520.893, 90
Trd, 4318521.393, 139
Trd, 4318521.543, 137
Trd, 4318522.643, 96
Trd, 4318523.243, 97
Trd, 4318523.693, 105
Trd, 4318524.443, 104
Trd, 4318524.493, 113
Trd, 4318525.043, 128
Trd, 4318525.493, 138
Trd, 4318525.793, 103
Trd, 4318527.043, 70
Trd, 4318527.443, 130
Trd, 4318528.643, 68
Trd, 4318530.293, 64
Trd, 4318531.543, 60
Trd, 4318531.993, 72
Trd, 4318532.993, 120
Trd, 4318533.543, 108
Trd, 4318534.743, 113
Trd, 4318534.943, 112
Trd, 4318535.043, 109
Trd, 4318535.193, 103
Trd, 4318535.743, 108
Trd, 4318536.343, 140
Trd, 4318537.693, 140
Trd, 4318537.793, 140
Trd, 4318537.843, 140
Trd, 4318538.093, 135
Trd, 4318539.093, 122
Trd, 4318539.843, 114
Trd, 4318540.893, 139
Trd, 4318541.043, 137
Trd, 4318541.843, 107
Trd, 4318542.893, 98
Trd, 4318543.243, 88
Trd, 4318543.593, 62
Trd, 4318545.193, 126
Trd, 4318545.343, 124
Trd, 4318545.593, 136
Trd, 4318545.693, 114
Trd, 4318547.943, 140
Trd, 4318548.093, 140
Trd, 4318548.693, 140
Trd, 4318549.193, 140
Trd, 4318549.243, 130
Trd, 4318549.543, 127
Trd, 4318549.643, 69
Trd, 4318551.493, 133
Trd, 4318552.393, 140
Trd, 4318552.793, 140
Trd, 4318553.693, 140
Trd, 4318554.693, 140
Trd, 4318554.993, 140
Trd, 4318555.893, 98
Trd, 4318556.193, 140
Trd, 4318556.243, 78
Trd, 4318557.443, 73
Trd, 4318558.343, 93
Trd, 4318558.943, 92
Trd, 4318560.143, 95
Trd, 4318560.993, 140
Trd, 4318561.243, 140
Trd, 4318561.293, 124
Trd, 4318561.543, 92
Trd, 4318562.343, 139
Trd, 4318564.293, 140
Trd, 4318564.593, 140
Trd, 4318565.093, 140
Trd, 4318565.543, 140
Trd, 4318565.993, 111
Trd, 4318566.993, 140
Trd, 4318568.443, 140
Trd, 4318568.593, 92
Trd, 4318569.793, 60
Trd, 4318570.243, 68
Trd, 4318570.893, 105
Trd, 4318572.343, 140
Trd, 4318572.693, 140
Trd, 4318573.843, 140
Trd, 4318574.243, 140
Trd, 4318574.643, 140
Trd, 4318576.643, 140
Trd, 4318577.943, 140
Trd, 4318577.993, 140
Trd, 4318578.093, 140
Trd, 4318580.143, 140
Trd, 4318580.443, 140
Trd, 4318580.943, 140
Trd, 4318581.693, 140
Trd, 4318582.093, 140
Trd, 4318582.693, 69
Trd, 4318584.093, 62
Trd, 4318585.793, 73
Trd, 4318585.993, 65
Trd, 4318586.043, 130
Trd, 4318586.143, 64
Trd, 4318587.493, 137
Trd, 4318588.343, 64
Trd, 4318589.543, 130
Trd, 4318589.743, 87
Trd, 4318590.293, 99
Trd, 4318590.643, 97
Trd, 4318590.893, 68
Trd, 4318591.593, 67
Trd, 4318592.543, 132
Trd, 4318593.943, 60
Trd, 4318593.993, 99
Trd, 4318594.443, 140
Trd, 4318594.893, 140
Trd, 4318595.643, 61
Trd, 4318595.993, 115
Trd, 4318597.193, 60
Trd, 4318597.993, 99
Trd, 4318598.143, 112
Trd, 4318598.993, 63
Trd, 4318599.893, 71
Trd, 4318600.143, 111
Trd, 4318600.693, 67
Trd, 4318602.443, 61
Trd, 4318603.443, 75
Trd, 4318604.293, 62
Trd, 4318604.543, 69
Trd, 4318605.393, 64
Trd, 4318605.593, 83
Trd, 4318606.793, 70
Trd, 4318606.843, 131
Trd, 4318607.293, 69
Trd, 4318607.643, 95
Trd, 4318608.493, 88
Trd, 4318609.593, 100
Trd, 4318609.693, 72
Trd, 4318612.193, 61
Trd, 4318612.543, 65
Trd, 4318613.393, 101
Trd, 4318614.093, 111
Trd, 4318614.193, 100
Trd, 4318614.343, 99
Trd, 4318615.093, 134
Trd, 4318615.443, 68
Trd, 4318616.743, 87
Trd, 4318616.843, 86
Trd, 4318617.543, 106
Trd, 4318619.593, 116
Trd, 4318619.993, 113
Trd, 4318620.593, 95
Trd, 4318620.893, 74
Trd, 4318621.543, 71
Trd, 4318622.693, 140
Trd, 4318624.143, 112
Trd, 4318624.443, 74
Trd, 4318627.043, 60
Trd, 4318627.393, 61
Trd, 4318627.443, 71
Trd, 4318627.643, 115
Trd, 4318628.043, 71
Trd, 4318629.893, 69
Trd, 4318629.993, 82
Trd, 4318630.443, 80
Trd, 4318631.543, 140
Trd, 4318632.093, 140
Trd, 4318632.743, 140
Trd, 4318632.943, 140
Trd, 4318633.193, 140
Trd, 4318633.643, 118
Trd, 4318634.193, 140
Trd, 4318634.843, 90
Trd, 4318634.993, 68
Trd, 4318635.293, 130
Trd, 4318636.293, 120
Trd, 4318637.193, 67
Trd, 4318638.993, 132
Trd, 4318639.293, 135
Trd, 4318639.893, 108
Trd, 4318640.443, 100
Trd, 4318640.543, 99
Trd, 4318640.893, 140
Trd, 4318641.643, 140
Trd, 4318642.343, 129
Trd, 4318643.193, 87
Trd, 4318643.343, 121
Trd, 4318644.193, 96
Trd, 4318645.043, 116
Trd, 4318645.093, 88
Trd, 4318645.693, 104
Trd, 4318647.793, 61
Trd, 4318648.193, 61
Trd, 4318648.393, 82
Trd, 4318650.693, 140
Trd, 4318650.893, 140
Trd, 4318651.643, 140
Trd, 4318652.093, 140
Trd, 4318652.143, 139
Trd, 4318654.143, 140
Trd, 4318654.293, 140
Trd, 4318654.943, 140
Trd, 4318656.493, 138
Trd, 4318656.843, 108
Trd, 4318657.243, 92
Trd, 4318657.543, 77
Trd, 4318658.293, 78
Trd, 4318659.043, 72
Trd, 4318659.543, 73
Trd, 4318659.893, 140
Trd, 4318661.493, 107
Trd, 4318663.543, 140
Trd, 4318663.693, 140
Trd, 4318663.743, 140
Trd, 4318664.243, 140
Trd, 4318664.493, 140
Trd, 4318665.993, 95
Trd, 4318667.893, 140
Trd, 4318668.443, 140
Trd, 4318668.993, 140
Trd, 4318669.543, 140
Trd, 4318670.343, 103
Trd, 4318670.993, 140
Trd, 4318671.143, 83
Trd, 4318671.543, 64
Trd, 4318673.293, 60
Trd, 4318673.443, 68
Trd, 4318674.093, 95
Trd, 4318676.043, 108
Trd, 4318676.343, 123
Trd, 4318676.993, 123
Trd, 4318677.243, 122
Trd, 4318678.243, 84
Trd, 4318678.743, 116
Trd, 4318679.743, 104
Trd, 4318679.793, 103
Trd, 4318680.593, 131
Trd, 4318680.943, 140
Trd, 4318681.843, 126
Trd, 4318683.193, 126
Trd, 4318683.843, 137
Trd, 4318684.393, 129
Trd, 4318685.393, 140
Trd, 4318685.543, 139
Trd, 4318685.793, 138
Trd, 4318686.693, 62
Trd, 4318688.193, 81
Trd, 4318688.293, 78
Trd, 4318688.743, 110
Trd, 4318688.993, 79
Trd, 4318689.593, 83
Trd, 4318689.943, 115
Trd, 4318690.743, 130
Trd, 4318691.693, 61
Trd, 4318693.743, 106
Trd, 4318693.993, 106
Trd, 4318694.093, 106
Trd, 4318694.793, 111
Trd, 4318695.693, 65
Trd, 4318697.293, 103
Trd, 4318697.593, 89
Trd, 4318697.743, 82
Trd, 4318698.043, 98
Trd, 4318699.393, 60
Trd, 4318699.743, 70
Trd, 4318700.143, 61
Trd, 4318701.143, 140
Trd, 4318702.193, 140
Trd, 4318703.443, 140
Trd, 4318703.543, 140
Trd, 4318703.593, 140
Trd, 4318704.443, 139
Trd, 4318705.543, 131
Trd, 4318706.193, 133
Trd, 4318707.493, 140
Trd, 4318708.193, 140
Trd, 4318708.493, 136
Trd, 4318708.693, 132
Trd, 4318709.393, 102
Trd, 4318709.793, 101
Trd, 4318710.693, 106
Trd, 4318712.343, 80
Trd, 4318713.593, 109
Trd, 4318714.293, 139
Trd, 4318714.343, 138
Trd, 4318714.443, 137
Trd, 4318714.743, 107
Trd, 4318715.293, 75
Trd, 4318716.743, 64
Trd, 4318717.543, 140
Trd, 4318717.893, 140
Trd, 4318718.393, 140
Trd, 4318718.943, 140
Trd, 4318719.093, 119
Trd, 4318719.943, 82
Trd, 4318721.393, 140
Trd, 4318721.793, 140
Trd, 4318722.143, 96
Trd, 4318723.093, 140
Trd, 4318723.793, 140
Trd, 4318725.393, 140
Trd, 4318725.843, 140
Trd, 4318726.343, 140
Trd, 4318726.943, 140
Trd, 4318727.443, 140
Trd, 4318727.993, 93
Trd, 4318728.593, 138
Trd, 4318728.943, 128
Trd, 4318729.543, 74
Trd, 4318730.093, 82
Trd, 4318730.743, 140
Trd, 4318730.793, 140
Trd, 4318732.093, 84
Trd, 4318732.593, 140
Trd, 4318733.793, 140
Trd, 4318733.943, 139
Trd, 4318735.043, 99
Trd, 4318735.193, 100
Trd, 4318735.743, 140
Trd, 4318736.793, 101
Trd, 4318738.693, 103
Trd, 4318738.843, 105
Trd, 4318739.043, 106
Trd, 4318740.443, 109
Trd, 4318740.793, 137
Trd, 4318741.093, 139
Trd, 4318742.593, 137
Trd, 4318743.093, 120
Trd, 4318743.143, 112
Trd, 4318743.393, 111
Trd, 4318744.043, 112
Trd, 4318745.743, 119
Trd, 4318745.993, 64
Trd, 4318748.093, 61
Trd, 4318750.443, 68
Trd, 4318751.193, 97
Trd, 4318751.693, 96
Trd, 4318751.893, 101
Trd, 4318752.843, 109
Trd, 4318753.543, 106
Trd, 4318753.693, 105
Trd, 4318755.993, 136
Trd, 4318756.193, 135
Trd, 4318756.443, 92
Trd, 4318756.493, 68
Trd, 4318757.193, 140
Trd, 4318758.393, 140
Trd, 4318759.743, 140
Trd, 4318760.043, 140
Trd, 4318761.993, 140
Trd, 4318762.443, 139
Trd, 4318762.643, 137
Trd, 4318762.993, 87
Trd, 4318763.043, 86
Trd, 4318764.093, 138
Trd, 4318765.243, 76
Trd, 4318765.543, 78
Trd, 4318766.093, 99
Trd, 4318766.193, 76
Trd, 4318766.443, 60
Trd, 4318767.793, 63
Trd, 4318768.643, 140
Trd, 4318769.143, 139
Trd, 4318769.993, 92
Trd, 4318770.493, 63
Trd, 4318771.993, 68
Trd, 4318772.243, 71
Trd, 4318772.693, 68
Trd, 4318773.393, 116
Trd, 4318773.443, 69
Trd, 4318775.443, 138
Trd, 4318775.943, 74
Trd, 4318776.343, 83
Trd, 4318777.593, 107
Trd, 4318777.943, 139
Trd, 4318778.343, 79
Trd, 4318778.693, 104
Trd, 4318778.843, 104
Trd, 4318779.093, 104
Trd, 4318779.293, 85
Trd, 4318779.693, 116
Trd, 4318780.993, 136
Trd, 4318781.493, 86
Trd, 4318782.593, 68
Trd, 4318783.793, 62
Trd, 4318784.543, 71
Trd, 4318784.793, 79
Trd, 4318786.243, 86
Trd, 4318786.393, 85
Trd, 4318786.493, 79
Trd, 4318786.643, 81
Trd, 4318787.743, 139
Trd, 4318787.943, 119
Trd, 4318789.293, 94
Trd, 4318789.793, 139
Trd, 4318790.893, 107
Trd, 4318791.193, 96
Trd, 4318791.393, 96
Trd, 4318792.443, 83
Trd, 4318792.993, 91
Trd, 4318794.443, 100
Trd, 4318795.243, 63
Trd, 4318796.693, 67
Trd, 4318796.843, 66
Trd, 4318797.743, 65
Trd, 4318798.443, 62
Trd, 4318799.993, 61
Trd, 4318800.143, 62
Trd, 4318801.193, 63
Trd, 4318802.443, 65
Trd, 4318802.643, 83
Trd, 4318803.093, 123
Trd, 4318804.543, 77
Trd, 4318805.593, 60
Trd, 4318805.893, 77
Trd, 4318807.043, 61
Trd, 4318808.193, 62
Trd, 4318808.593, 60
Trd, 4318809.043, 62
Trd, 4318810.543, 101
Trd, 4318810.843, 115
Trd, 4318811.643, 106
Trd, 4318811.893, 104
Trd, 4318812.493, 110
Trd, 4318812.893, 61
Trd, 4318814.093, 64
Trd, 4318814.893, 60
Trd, 4318815.043, 60
Trd, 4318815.143, 81
Trd, 4318818.143, 64
Trd, 4318818.743, 77
Trd, 4318819.843, 72
Trd, 4318820.143, 82
Trd, 4318821.243, 125
Trd, 4318821.343, 71
Trd, 4318822.493, 82
Trd, 4318823.093, 67
Trd, 4318823.493, 133
Trd, 4318824.143, 67
Trd, 4318825.793, 98
Trd, 4318826.793, 100
Trd, 4318827.543, 124
Trd, 4318827.943, 125
Trd, 4318828.043, 81
Trd, 4318830.693, 112
Trd, 4318830.793, 111
Trd, 4318831.493, 140
Trd, 4318832.393, 140
Trd, 4318832.643, 140
Trd, 4318832.743, 140
Trd, 4318832.843, 93
Trd, 4318835.043, 140
Trd, 4318835.193, 97
Trd, 4318835.843, 66
Trd, 4318837.043, 123
Trd, 4318837.143, 73
Trd, 4318837.193, 125
Trd, 4318839.293, 62
Trd, 4318840.543, 62
Trd, 4318840.943, 100
Trd, 4318841.043, 98
Trd, 4318841.293, 121
Trd, 4318841.993, 76
Trd, 4318842.993, 84
Trd, 4318843.343, 140
Trd, 4318843.893, 140
Trd, 4318844.993, 72
Trd, 4318845.193, 68
Trd, 4318847.193, 72
Trd, 4318847.243, 119
Trd, 4318848.243, 140
Trd, 4318848.843, 140
Trd, 4318849.793, 140
Trd, 4318850.543, 140
Trd, 4318850.593, 140
Trd, 4318851.493, 140
Trd, 4318851.793, 140
Trd, 4318851.993, 100
Trd, 4318853.693, 61
Trd, 4318854.743, 109
Trd, 4318855.643, 123
Trd, 4318855.743, 121
Trd, 4318856.043, 96
Trd, 4318856.343, 135
Trd, 4318856.543, 101
Trd, 4318856.743, 88
Trd, 4318856.993, 76
Trd, 4318857.893, 140
Trd, 4318858.743, 98
Trd, 4318858.793, 123
Trd, 4318859.943, 67
Trd, 4318861.043, 64
Trd, 4318862.443, 95
Trd, 4318864.193, 99
Trd, 4318864.543, 105
Trd, 4318865.443, 113
Trd, 4318865.593, 104
Trd, 4318866.243, 138
Trd, 4318867.043, 122
Trd, 4318868.543, 140
Trd, 4318868.743, 140
Trd, 4318868.893, 140
Trd, 4318870.143, 140
Trd, 4318872.043, 124
Trd, 4318872.793, 140
Trd, 4318872.943, 140
Trd, 4318873.143, 133
Trd, 4318873.993, 73
Trd, 4318874.993, 63
Trd, 4318875.593, 63
Trd, 4318876.393, 139
Trd, 4318877.493, 71
Trd, 4318877.743, 74
Trd, 4318880.293, 138
Trd, 4318880.443, 137
Trd, 4318881.293, 138
Trd, 4318881.393, 138
Trd, 4318882.043, 77
Trd, 4318882.593, 138
Trd, 4318883.593, 76
Trd, 4318884.043, 107
Trd, 4318884.293, 129
Trd, 4318885.393, 69
Trd, 4318886.843, 140
Trd, 4318887.643, 140
Trd, 4318887.793, 139
Trd, 4318889.043, 139
Trd, 4318889.243, 138
Trd, 4318889.443, 119
Trd, 4318889.993, 119
Trd, 4318890.243, 118
Trd, 4318890.793, 113
Trd, 4318890.993, 112
Trd, 4318891.543, 69
Trd, 4318891.943, 68
Trd, 4318892.793, 135
Trd, 4318893.843, 140
Trd, 4318893.943, 139
Trd, 4318894.543, 118
Trd, 4318895.743, 140
Trd, 4318896.043, 140
Trd, 4318896.243, 140
Trd, 4318896.443, 140
Trd, 4318897.893, 104
Trd, 4318898.743, 122
Trd, 4318899.693, 140
Trd, 4318900.543, 140
Trd, 4318900.943, 140
Trd, 4318901.193, 138
Trd, 4318902.443, 140
Trd, 4318903.293, 122
Trd, 4318904.593, 128
Trd, 4318904.993, 128
Trd, 4318905.893, 93
Trd, 4318906.893, 63
Trd, 4318907.243, 85
Trd, 4318908.893, 62
Trd, 4318910.243, 140
Trd, 4318910.343, 78
Trd, 4318911.793, 124
Trd, 4318912.393, 131
Trd, 4318912.493, 125
Trd, 4318913.393, 123
Trd, 4318913.593, 105
Trd, 4318914.543, 139
Trd, 4318914.743, 84
Trd, 4318916.193, 139
Trd, 4318917.193, 129
Trd, 4318917.593, 128
Trd, 4318917.693, 107
Trd, 4318918.293, 138
Trd, 4318919.243, 95
Trd, 4318920.243, 137
Trd, 4318920.293, 78
Trd, 4318921.043, 81
Trd, 4318921.243, 77
Trd, 4318923.093, 140
Trd, 4318923.543, 140
Trd, 4318923.743, 140
Trd, 4318923.893, 110
Trd, 4318925.693, 138
Trd, 4318925.793, 110
Trd, 4318926.393, 127
Trd, 4318926.993, 85
Trd, 4318927.993, 61
Trd, 4318929.293, 73
Trd, 4318930.093, 107
Trd, 4318930.893, 80
Trd, 4318931.143, 103
Trd, 4318931.643, 79
Trd, 4318932.293, 99
Trd, 4318933.043, 139
Trd, 4318933.393, 140
Trd, 4318933.493, 124
Trd, 4318933.743, 65
Trd, 4318936.143, 64
Trd, 4318936.193, 89
Trd, 4318938.493, 63
Trd, 4318939.493, 68
Trd, 4318940.843, 64
Trd, 4318941.893, 136
Trd, 4318942.143, 111
Trd, 4318942.743, 128
Trd, 4318943.943, 128
Trd, 4318944.543, 122
Trd, 4318944.793, 125
Trd, 4318945.493, 125
Trd, 4318945.593, 124
Trd, 4318945.893, 124
Trd, 4318947.693, 140
Trd, 4318947.743, 88
Trd, 4318948.893, 130
Trd, 4318949.293, 130
Trd, 4318950.043, 130
Trd, 4318950.543, 129
Trd, 4318950.893, 124
Trd, 4318951.193, 82
Trd, 4318951.643, 66
Trd, 4318952.893, 86
Trd, 4318953.393, 86
Trd, 4318953.593, 74
Trd, 4318954.193, 65
Trd, 4318955.093, 140
Trd, 4318955.843, 140
Trd, 4318956.393, 139
Trd, 4318957.993, 140
Trd, 4318958.243, 140
Trd, 4318958.693, 115
Trd, 4318959.393, 94
Trd, 4318960.043, 96
Trd, 4318962.343, 140
Trd, 4318962.593, 127
Trd, 4318962.693, 75
Trd, 4318963.143, 66
Trd, 4318963.843, 135
Trd, 4318964.993, 62
Trd, 4318967.543, 85
Trd, 4318968.343, 114
Trd, 4318968.643, 61
Trd, 4318968.943, 90
Trd, 4318970.043, 64
Trd, 4318970.943, 69
Trd, 4318971.393, 65
Trd, 4318971.693, 66
Trd, 4318972.543, 126
Trd, 4318972.743, 125
Trd, 4318973.443, 127
Trd, 4318973.643, 126
Trd, 4318974.043, 124
Trd, 4318974.843, 92
Trd, 4318976.343, 92
Trd, 4318977.143, 130
Trd, 4318977.393, 92
Trd, 4318977.993, 107
Trd, 4318979.043, 140
Trd, 4318981.593, 117
Trd, 4318981.643, 114
Trd, 4318981.793, 88
Trd, 4318983.143, 62
Trd, 4318983.393, 63
Trd, 4318984.243, 77
Trd, 4318984.693, 69
Trd, 4318985.943, 128
Trd, 4318986.043, 127
Trd, 4318986.793, 126
Trd, 4318987.143, 122
Trd, 4318987.793, 139
Trd, 4318989.043, 140
Trd, 4318989.143, 124
Trd, 4318991.093, 139
Trd, 4318992.843, 140
Trd, 4318993.343, 140
Trd, 4318993.693, 139
Trd, 4318996.343, 140
Trd, 4318996.843, 140
Trd, 4318998.243, 140
Trd, 4318998.743, 140
Trd, 4318998.793, 140
Trd, 4318998.843, 140
Trd, 4318999.193, 112
Trd, 4319000.243, 135
Trd, 4319000.843, 139
Trd, 4319001.793, 112
Trd, 4319002.093, 136
Trd, 4319002.693, 112
Trd, 4319003.993, 121
Trd, 4319004.443, 112
Trd, 4319004.593, 111
Trd, 4319004.993, 110
Trd, 4319005.393, 135
Trd, 4319006.893, 137
Trd, 4319007.943, 140
Trd, 4319008.493, 140
Trd, 4319009.593, 113
Trd, 4319010.243, 131
Trd, 4319010.343, 113
Trd, 4319011.043, 139
Trd, 4319012.043, 140
Trd, 4319013.093, 140
Trd, 4319013.493, 140
Trd, 4319013.543, 139
Trd, 4319014.393, 127
Trd, 4319015.793, 130
Trd, 4319015.843, 129
Trd, 4319016.343, 128
Trd, 4319016.843, 99
Trd, 4319017.643, 139
Trd, 4319018.043, 77
Trd, 4319019.893, 61
Trd, 4319020.793, 62
Trd, 4319020.893, 63
Trd, 4319021.343, 111
Trd, 4319021.893, 111
Trd, 4319023.193, 60
Trd, 4319024.793, 95
Trd, 4319025.143, 89
Trd, 4319025.993, 110
Trd, 4319026.443, 62
Trd, 4319027.043, 89
Trd, 4319028.593, 107
Trd, 4319028.843, 73
Trd, 4319029.243, 117
Trd, 4319029.493, 82
Trd, 4319030.093, 140
Trd, 4319031.643, 104
Trd, 4319031.943, 103
Trd, 4319033.093, 140
Trd, 4319033.543, 125
Trd, 4319034.493, 140
Trd, 4319035.693, 125
Trd, 4319035.993, 124
Trd, 4319036.893, 106
Trd, 4319037.293, 105
Trd, 4319038.043, 137
Trd, 4319038.293, 76
Trd, 4319040.593, 63
Trd, 4319041.343, 61
Trd, 4319042.443, 80
Trd, 4319043.043, 132
Trd, 4319043.193, 66
Trd, 4319043.893, 75
Trd, 4319044.893, 67
Trd, 4319044.993, 118
Trd, 4319046.693, 140
Trd, 4319046.843, 140
Trd, 4319047.543, 140
Trd, 4319048.993, 140
Trd, 4319049.093, 140
Trd, 4319049.393, 110
Trd, 4319050.393, 97
Trd, 4319050.843, 124
Trd, 4319051.593, 88
Trd, 4319052.793, 140
Trd, 4319053.293, 122
Trd, 4319053.543, 79
Trd, 4319054.243, 76
Trd, 4319055.043, 95
Trd, 4319056.693, 60
Trd, 4319056.943, 66
Trd, 4319058.943, 140
Trd, 4319059.343, 140
Trd, 4319059.493, 140
Trd, 4319059.593, 140
Trd, 4319060.393, 140
Trd, 4319061.143, 140
Trd, 4319061.193, 118
Trd, 4319061.643, 140
Trd, 4319061.993, 86
Trd, 4319062.393, 84
Trd, 4319064.043, 140
Trd, 4319064.293, 140
Trd, 4319064.843, 113
Trd, 4319066.093, 140
Trd, 4319066.693, 137
Trd, 4319066.893, 136
Trd, 4319067.293, 140
Trd, 4319068.393, 138
Trd, 4319068.793, 138
Trd, 4319069.693, 135
Trd, 4319070.043, 133
Trd, 4319070.443, 134
Trd, 4319070.493, 88
Trd, 4319071.743, 67
Trd, 4319071.793, 75
Trd, 4319072.743, 70
Trd, 4319073.693, 136
Trd, 4319075.843, 60
Trd, 4319075.943, 104
Trd, 4319077.493, 64
Trd, 4319077.743, 139
Trd, 4319077.943, 122
Trd, 4319077.993, 121
Trd, 4319079.343, 61
Trd, 4319079.943, 60
Trd, 4319080.843, 64
Trd, 4319083.043, 60
Trd, 4319083.693, 65
Trd, 4319085.243, 140
Trd, 4319085.293, 140
Trd, 4319085.343, 140
Trd, 4319086.043, 140
Trd, 4319086.243, 139
Trd, 4319086.843, 120
Trd, 4319087.093, 120
Trd, 4319087.143, 118
Trd, 4319087.593, 139
Trd, 4319087.843, 74
Trd, 4319089.743, 136
Trd, 4319089.843, 103
Trd, 4319090.793, 93
Trd, 4319091.893, 64
Trd, 4319092.243, 63
Trd, 4319092.593, 90
Trd, 4319094.393, 88
Trd, 4319095.143, 87
Trd, 4319096.093, 61
Trd, 4319096.243, 62
Trd, 4319096.493, 119
Trd, 4319096.843, 64
Trd, 4319098.043, 65
Trd, 4319099.143, 103
Trd, 4319099.893, 63
Trd, 4319099.943, 73
Trd, 4319100.843, 60
Trd, 4319101.543, 138
Trd, 4319101.643, 136
Trd, 4319101.993, 135
Trd, 4319102.793, 105
Trd, 4319103.393, 98
Trd, 4319103.793, 93
Trd, 4319103.843, 127
Trd, 4319106.393, 60
Trd, 4319106.843, 66
Trd, 4319106.943, 63
Trd, 4319107.043, 63
Trd, 4319107.743, 140
Trd, 4319107.893, 140
Trd, 4319108.043, 139
Trd, 4319109.243, 60
Trd, 4319109.993, 116
Trd, 4319110.693, 139
Trd, 4319111.393, 89
Trd, 4319111.493, 86
Trd, 4319113.043, 140
Trd, 4319113.243, 140
Trd, 4319113.393, 136
Trd, 4319113.443, 100
Trd, 4319115.093, 89
Trd, 4319115.943, 70
Trd, 4319116.193, 61
Trd, 4319117.593, 67
Trd, 4319118.693, 60
Trd, 4319119.043, 122
Trd, 4319119.593, 65
Trd, 4319119.793, 82
Trd, 4319120.293, 124
Trd, 4319121.243, 140
Trd, 4319121.293, 122
Trd, 4319123.443, 136
Trd, 4319124.793, 140
Trd, 4319125.393, 140
Trd, 4319125.543, 138
Trd, 4319126.293, 134
Trd, 4319126.593, 119
Trd, 4319127.493, 96
Trd, 4319127.693, 100
Trd, 4319128.593, 115
Trd, 4319128.843, 140
Trd, 4319129.343, 64
Trd, 4319130.243, 104
Trd, 4319131.793, 108
Trd, 4319131.943, 108
Trd, 4319132.893, 139
Trd, 4319132.943, 81
Trd, 4319133.043, 75
Trd, 4319134.393, 119
Trd, 4319135.143, 61
Trd, 4319135.793, 137
Trd, 4319136.393, 138
Trd, 4319136.493, 89
Trd, 4319139.243, 70
Trd, 4319140.643, 79
Trd, 4319141.043, 77
Trd, 4319141.643, 81
Trd, 4319142.793, 123
Trd, 4319142.843, 122
Trd, 4319143.293, 140
Trd, 4319144.193, 94
Trd, 4319144.393, 61
Trd, 4319146.193, 140
Trd, 4319146.243, 138
Trd, 4319147.343, 125
Trd, 4319147.493, 105
Trd, 4319148.443, 68
Trd, 4319151.493, 140
Trd, 4319151.593, 140
Trd, 4319151.893, 140
Trd, 4319152.743, 140
Trd, 4319153.243, 139
Trd, 4319153.643, 97
Trd, 4319154.093, 138
Trd, 4319154.543, 138
Trd, 4319155.243, 137
Trd, 4319155.493, 98
Trd, 4319155.893, 94
Trd, 4319157.893, 140
Trd, 4319158.343, 139
Trd, 4319158.793, 139
Trd, 4319159.993, 140
Trd, 4319161.243, 139
Trd, 4319161.643, 139
Trd, 4319162.193, 140
Trd, 4319162.393, 139
Trd, 4319162.543, 139
Trd, 4319163.193, 140
Trd, 4319163.343, 138
Trd, 4319164.393, 83
Trd, 4319165.443, 111
Trd, 4319166.443, 102
Trd, 4319167.043, 101
Trd, 4319168.443, 66
Trd, 4319168.843, 61
Trd, 4319170.143, 62
Trd, 4319172.093, 138
Trd, 4319173.043, 140
Trd, 4319174.443, 140
Trd, 4319174.493, 139
Trd, 4319175.043, 84
Trd, 4319175.593, 139
Trd, 4319175.643, 84
Trd, 4319176.793, 119
Trd, 4319178.543, 88
Trd, 4319178.743, 76
Trd, 4319179.093, 75
Trd, 4319179.343, 103
Trd, 4319179.593, 75
Trd, 4319180.743, 62
Trd, 4319182.643, 100
Trd, 4319182.893, 122
Trd, 4319182.943, 98
Trd, 4319183.793, 85
Trd, 4319184.243, 124
Trd, 4319185.393, 136
Trd, 4319186.943, 61
Trd, 4319187.043, 62
Trd, 4319187.393, 115
Trd, 4319188.993, 106
Trd, 4319190.993, 62
Trd, 4319192.293, 61
Trd, 4319192.643, 61
Trd, 4319193.343, 61
Trd, 4319194.393, 63
Trd, 4319194.443, 63
Trd, 4319195.143, 110
Trd, 4319196.743, 140
Trd, 4319196.993, 136
Trd, 4319197.043, 110
Trd, 4319197.643, 138
Trd, 4319197.793, 98
Trd, 4319198.093, 96
Trd, 4319198.993, 88
Trd, 4319200.143, 102
Trd, 4319201.293, 60
Trd, 4319202.743, 140
Trd, 4319203.293, 140
Trd, 4319203.793, 140
Trd, 4319203.993, 140
Trd, 4319205.493, 140
Trd, 4319205.843, 140
Trd, 4319206.843, 63
Trd, 4319207.243, 100
Trd, 4319207.493, 96
Trd, 4319208.443, 98
Trd, 4319208.543, 63
Trd, 4319209.893, 60
Trd, 4319211.843, 67
Trd, 4319213.593, 115
Trd, 4319213.693, 85
Trd, 4319214.443, 113
Trd, 4319214.543, 112
Trd, 4319215.543, 67
Trd, 4319216.093, 68
Trd, 4319217.193, 140
Trd, 4319217.393, 140
Trd, 4319218.343, 72
Trd, 4319220.443, 62
Trd, 4319220.993, 64
Trd, 4319221.793, 60
Trd, 4319222.493, 60
Trd, 4319222.993, 60
Trd, 4319223.043, 82
Trd, 4319224.293, 60
Trd, 4319224.493, 60
Trd, 4319224.593, 80
Trd, 4319224.993, 134
Trd, 4319226.343, 75
Trd, 4319228.593, 86
Trd, 4319228.893, 113
Trd, 4319229.293, 122
Trd, 4319229.393, 113
Trd, 4319229.843, 140
Trd, 4319231.343, 63
Trd, 4319231.593, 61
Trd, 4319231.993, 106
Trd, 4319232.293, 140
Trd, 4319234.593, 140
Trd, 4319234.693, 140
Trd, 4319234.943, 140
Trd, 4319235.293, 70
Trd, 4319235.593, 72
Trd, 4319237.243, 113
Trd, 4319237.543, 113
Trd, 4319237.843, 133
Trd, 4319238.543, 140
Trd, 4319239.743, 116
Trd, 4319240.343, 115
Trd, 4319240.543, 88
Trd, 4319243.893, 127
Trd, 4319244.443, 127
Trd, 4319244.993, 128
Trd, 4319245.093, 126
Trd, 4319245.193, 130
Trd, 4319245.943, 113
Trd, 4319246.193, 135
Trd, 4319247.743, 128
Trd, 4319248.043, 108
Trd, 4319248.193, 107
Trd, 4319248.893, 98
Trd, 4319249.843, 72
Trd, 4319251.293, 140
Trd, 4319251.393, 140
Trd, 4319251.993, 140
Trd, 4319252.643, 140
Trd, 4319253.743, 140
Trd, 4319254.143, 140
Trd, 4319256.093, 140
Trd, 4319256.743, 140
Trd, 4319257.093, 140
Trd, 4319257.343, 108
Trd, 4319259.093, 115
Trd, 4319260.693, 140
Trd, 4319261.243, 140
Trd, 4319261.293, 140
Trd, 4319262.243, 140
Trd, 4319263.193, 140
Trd, 4319263.293, 138
Trd, 4319263.693, 87
Trd, 4319264.193, 140
Trd, 4319264.293, 140
Trd, 4319265.393, 131
Trd, 4319266.543, 112
Trd, 4319267.043, 110
Trd, 4319267.643, 123
Trd, 4319269.093, 128
Trd, 4319269.243, 126
Trd, 4319269.493, 138
Trd, 4319269.593, 84
Trd, 4319270.693, 72
Trd, 4319271.743, 62
Trd, 4319272.343, 77
Trd, 4319273.893, 139
Trd, 4319273.943, 138
Trd, 4319274.343, 118
Trd, 4319274.643, 139
Trd, 4319275.193, 118
Trd, 4319276.293, 116
Trd, 4319276.793, 68
Trd, 4319277.293, 136
Trd, 4319277.793, 113
Trd, 4319279.043, 71
Trd, 4319280.743, 61
Trd, 4319281.343, 123
Trd, 4319281.693, 122
Trd, 4319283.043, 140
Trd, 4319283.143, 139
Trd, 4319284.093, 99
Trd, 4319284.843, 140
Trd, 4319285.143, 130
Trd, 4319285.843, 93
Trd, 4319285.993, 91
Trd, 4319287.243, 110
Trd, 4319287.743, 109
Trd, 4319288.693, 118
Trd, 4319290.293, 102
Trd, 4319290.393, 101
Trd, 4319290.443, 100
Trd, 4319291.343, 139
Trd, 4319291.843, 88
Trd, 4319293.043, 101
Trd, 4319293.993, 124
Trd, 4319294.293, 65
Trd, 4319294.993, 140
Trd, 4319295.693, 140
Trd, 4319296.143, 139
Trd, 4319298.293, 118
Trd, 4319298.943, 102
Trd, 4319299.393, 82
Trd, 4319300.343, 139
Trd, 4319300.643, 98
Trd, 4319301.693, 68
Trd, 4319302.493, 75
Trd, 4319303.343, 95
Trd, 4319304.143, 140
Trd, 4319304.743, 140
Trd, 4319305.193, 104
Trd, 4319305.443, 94
Trd, 4319305.693, 125
Trd, 4319305.993, 89
Trd, 4319306.993, 63
Trd, 4319308.043, 65
Trd, 4319309.993, 64
Trd, 4319310.043, 68
Trd, 4319310.243, 76
Trd, 4319311.843, 102
Trd, 4319312.643, 103
Trd, 4319312.843, 102
Trd, 4319313.143, 100
Trd, 4319313.943, 87
Trd, 4319314.743, 84
Trd, 4319315.943, 140
Trd, 4319316.143, 118
Trd, 4319317.593, 61
Trd, 4319318.193, 140
Trd, 4319319.143, 133
Trd, 4319320.393, 84
Trd, 4319321.543, 140
Trd, 4319322.493, 83
Trd, 4319322.843, 101
Trd, 4319322.943, 84
Trd, 4319323.793, 109
Trd, 4319324.293, 140
Trd, 4319325.643, 139
Trd, 4319325.743, 136
Trd, 4319326.343, 135
Trd, 4319326.643, 134
Trd, 4319327.043, 139
Trd, 4319328.243, 97
Trd, 4319328.693, 96
Trd, 4319329.143, 60
Trd, 4319329.993, 61
Trd, 4319330.193, 66
Trd, 4319330.393, 101
Trd, 4319332.643, 66
Trd, 4319332.843, 67
Trd, 4319332.943, 67
Trd, 4319332.993, 92
Trd, 4319333.793, 68
Trd, 4319334.293, 75
Trd, 4319334.893, 78
Trd, 4319335.293, 79
Trd, 4319335.993, 72
Trd, 4319336.743, 73
Trd, 4319338.243, 81
Trd, 4319339.043, 74
Trd, 4319339.693, 120
Trd, 4319341.093, 140
Trd, 4319342.343, 140
Trd, 4319342.543, 139
Trd, 4319343.293, 134
Trd, 4319343.743, 118
Trd, 4319343.993, 137
Trd, 4319344.293, 117
Trd, 4319344.843, 64
Trd, 4319344.893, 70
Trd, 4319346.143, 140
Trd, 4319347.743, 76
Trd, 4319348.293, 124
Trd, 4319348.843, 78
Trd, 4319350.243, 109
Trd, 4319350.293, 76
Trd, 4319350.493, 74
Trd, 4319351.343, 70
Trd, 4319351.743, 100
Trd, 4319351.943, 140
Trd, 4319353.443, 86
Trd, 4319354.743, 90
Trd, 4319355.793, 136
Trd, 4319356.093, 95
Trd, 4319356.893, 97
Trd, 4319356.943, 95
Trd, 4319357.643, 117
Trd, 4319358.043, 94
Trd, 4319358.293, 109
Trd, 4319359.293, 114
Trd, 4319359.643, 73
Trd, 4319359.993, 81
Trd, 4319360.793, 136
Trd, 4319361.393, 140
Trd, 4319361.543, 123
Trd, 4319362.393, 123
Trd, 4319363.143, 116
Trd, 4319364.793, 129
Trd, 4319365.193, 128
Trd, 4319365.443, 86
Trd, 4319366.643, 128
Trd, 4319366.743, 90
Trd, 4319366.893, 111
Trd, 4319369.343, 139
Trd, 4319370.093, 140
Trd, 4319370.143, 140
Trd, 4319370.443, 139
Trd, 4319372.243, 140
Trd, 4319372.893, 140
Trd, 4319372.993, 140
Trd, 4319373.043, 127
Trd, 4319374.293, 140
Trd, 4319374.393, 102
Trd, 4319375.143, 119
Trd, 4319375.543, 99
Trd, 4319375.893, 96
Trd, 4319377.093, 120
Trd, 4319377.393, 92
Trd, 4319377.893, 91
Trd, 4319378.843, 140
Trd, 4319380.593, 140
Trd, 4319381.593, 140
Trd, 4319382.643, 140
Trd, 4319382.993, 140
Trd, 4319383.143, 140
Trd, 4319383.493, 133
Trd, 4319383.593, 116
Trd, 4319385.043, 137
Trd, 4319385.493, 93
Trd, 4319387.393, 140
Trd, 4319388.093, 140
Trd, 4319388.293, 138
Trd, 4319388.593, 128
Trd, 4319388.993, 87
Trd, 4319389.793, 139
Trd, 4319390.193, 138
Trd, 4319390.293, 76
Trd, 4319391.943, 127
Trd, 4319392.343, 126
Trd, 4319393.043, 62
Trd, 4319394.343, 93
Trd, 4319395.343, 140
Trd, 4319397.443, 63
Trd, 4319398.743, 64
Trd, 4319399.843, 62
Trd, 4319400.393, 61
Trd, 4319400.893, 65
Trd, 4319400.993, 68
Trd, 4319401.793, 68
Trd, 4319403.143, 99
Trd, 4319403.243, 100
Trd, 4319403.843, 131
Trd, 4319404.493, 107
Trd, 4319405.443, 109
Trd, 4319405.543, 100
Trd, 4319405.643, 122
Trd, 4319408.043, 140
Trd, 4319408.993, 140
Trd, 4319409.293, 140
Trd, 4319409.943, 140
Trd, 4319410.293, 140
Trd, 4319410.593, 140
Trd, 4319410.743, 140
Trd, 4319411.843, 105
Trd, 4319411.943, 77
Trd, 4319412.443, 68
Trd, 4319413.793, 95
Trd, 4319414.293, 96
Trd, 4319414.843, 128
Trd, 4319414.943, 133
Trd, 4319415.043, 127
Trd, 4319417.043, 113
Trd, 4319417.443, 131
Trd, 4319417.493, 113
Trd, 4319418.893, 115
Trd, 4319419.843, 82
Trd, 4319420.493, 82
Trd, 4319420.893, 140
Trd, 4319421.943, 104
Trd, 4319422.243, 139
Trd, 4319423.743, 128
Trd, 4319423.893, 127
Trd, 4319424.793, 137
Trd, 4319425.493, 102
Trd, 4319426.093, 137
Trd, 4319427.543, 139
Trd, 4319428.593, 140
Trd, 4319428.793, 140
Trd, 4319429.193, 140
Trd, 4319429.393, 140
Trd, 4319429.843, 140
Trd, 4319429.993, 140
Trd, 4319430.843, 115
Trd, 4319431.493, 123
Trd, 4319432.443, 127
Trd, 4319432.593, 122
Trd, 4319432.643, 121
Trd, 4319434.143, 60
Trd, 4319435.093, 130
Trd, 4319435.293, 129
Trd, 4319435.843, 139
Trd, 4319436.393, 102
Trd, 4319438.343, 106
Trd, 4319439.393, 111
Trd, 4319439.543, 109
Trd, 4319441.643, 140
Trd, 4319441.943, 140
Trd, 4319442.193, 101
Trd, 4319442.993, 60
Trd, 4319443.943, 79
Trd, 4319444.443, 84
Trd, 4319444.893, 66
Trd, 4319446.543, 116
Trd, 4319446.593, 82
Trd, 4319447.943, 120
Trd, 4319448.543, 140
Trd, 4319448.743, 140
Trd, 4319449.093, 139
Trd, 4319449.693, 134
Trd, 4319451.143, 85
Trd, 4319451.193, 83
Trd, 4319452.093, 98
Trd, 4319453.493, 86
Trd, 4319454.093, 140
Trd, 4319454.243, 73
Trd, 4319454.643, 68
Trd, 4319455.693, 66
Trd, 4319457.643, 138
Trd, 4319457.743, 140
Trd, 4319458.543, 137
Trd, 4319458.893, 136
Trd, 4319458.993, 112
Trd, 4319459.193, 96
Trd, 4319460.443, 127
Trd, 4319460.643, 127
Trd, 4319461.343, 126
Trd, 4319461.493, 134
Trd, 4319461.693, 125
Trd, 4319463.093, 101
Trd, 4319464.043, 137
Trd, 4319464.443, 102
Trd, 4319464.693, 102
Trd, 4319466.293, 140
Trd, 4319467.493, 140
Trd, 4319468.993, 140
Trd, 4319469.643, 140
Trd, 4319470.343, 140
Trd, 4319470.443, 139
Trd, 4319470.793, 85
Trd, 4319472.143, 140
Trd, 4319472.793, 139
Trd, 4319474.043, 97
Trd, 4319474.243, 96
Trd, 4319474.943, 124
Trd, 4319475.443, 95
Trd, 4319475.543, 94
Trd, 4319476.893, 68
Trd, 4319477.593, 77
Trd, 4319477.893, 75
Trd, 4319479.393, 119
Trd, 4319479.893, 94
Trd, 4319480.043, 93
Trd, 4319480.593, 140
Trd, 4319480.793, 114
Trd, 4319481.343, 113
Trd, 4319481.543, 140
Trd, 4319482.393, 140
Trd, 4319484.043, 140
Trd, 4319484.243, 129
Trd, 4319486.443, 102
Trd, 4319486.543, 101
Trd, 4319486.993, 139
Trd, 4319487.293, 95
Trd, 4319488.693, 132
Trd, 4319489.293, 137
Trd, 4319489.343, 131
Trd, 4319489.443, 130
Trd, 4319490.393, 106
Trd, 4319491.543, 108
Trd, 4319493.193, 76
Trd, 4319493.493, 76
Trd, 4319493.993, 69
Trd, 4319495.293, 131
Trd, 4319495.743, 140
Trd, 4319496.443, 139
Trd, 4319496.493, 128
Trd, 4319497.293, 134
Trd, 4319498.743, 139
Trd, 4319499.043, 126
Trd, 4319499.843, 129
Trd, 4319500.943, 120
Trd, 4319501.743, 111
Trd, 4319502.593, 106
Trd, 4319502.993, 104
Trd, 4319503.443, 81
Trd, 4319504.343, 140
Trd, 4319504.793, 140
Trd, 4319505.243, 140
Trd, 4319505.993, 140
Trd, 4319506.593, 133
Trd, 4319506.993, 71
Trd, 4319509.043, 139
Trd, 4319509.343, 139
Trd, 4319509.693, 138
Trd, 4319510.143, 125
Trd, 4319510.593, 62
Trd, 4319511.943, 133
Trd, 4319511.993, 132
Trd, 4319513.843, 140
Trd, 4319514.143, 140
Trd, 4319515.393, 140
Trd, 4319515.493, 140
Trd, 4319515.893, 140
Trd, 4319516.443, 140
Trd, 4319517.643, 102
Trd, 4319517.893, 126
Trd, 4319519.993, 140
Trd, 4319520.193, 140
Trd, 4319520.793, 138
Trd, 4319520.843, 130
Trd, 4319521.693, 101
Trd, 4319523.043, 138
Trd, 4319523.293, 129
Trd, 4319523.693, 103
Trd, 4319524.243, 102
Trd, 4319525.243, 106
Trd, 4319525.343, 121
Trd, 4319527.193, 140
Trd, 4319528.593, 140
Trd, 4319528.693, 140
Trd, 4319529.093, 140
Trd, 4319529.393, 138
Trd, 4319529.943, 136
Trd, 4319530.843, 108
Trd, 4319531.643, 79
Trd, 4319532.293, 98
Trd, 4319532.393, 84
Trd, 4319534.843, 140
Trd, 4319536.443, 140
Trd, 4319536.493, 140
Trd, 4319536.993, 140
Trd, 4319537.293, 140
Trd, 4319537.343, 140
Trd, 4319538.043, 126
Trd, 4319538.293, 99
Trd, 4319538.993, 139
Trd, 4319540.093, 113
Trd, 4319540.393, 86
Trd, 4319541.993, 140
Trd, 4319543.143, 140
Trd, 4319543.443, 117
Trd, 4319544.793, 137
Trd, 4319545.043, 130
Trd, 4319545.493, 123
Trd, 4319546.893, 140
Trd, 4319547.293, 140
Trd, 4319547.843, 140
Trd, 4319547.893, 140
Trd, 4319549.293, 139
Trd, 4319550.243, 89
Trd, 4319550.893, 89
Trd, 4319551.443, 126
Trd, 4319553.093, 60
Trd, 4319553.443, 73
Trd, 4319555.293, 60
Trd, 4319555.643, 65
Trd, 4319556.643, 67
Trd, 4319557.243, 74
Trd, 4319557.543, 95
Trd, 4319559.193, 110
Trd, 4319559.743, 113
Trd, 4319560.843, 117
Trd, 4319561.943, 140
Trd, 4319562.093, 140
Trd, 4319562.143, 136
Trd, 4319562.493, 118
Trd, 4319563.693, 60
Trd, 4319564.143, 62
Trd, 4319564.643, 63
Trd, 4319565.843, 140
Trd, 4319566.993, 140
Trd, 4319567.043, 140
Trd, 4319567.593, 91
Trd, 4319567.943, 140
Trd, 4319570.143, 140
Trd, 4319570.643, 86
Trd, 4319571.543, 81
Trd, 4319572.793, 108
Trd, 4319572.843, 94
Trd, 4319573.093, 95
Trd, 4319574.043, 98
Trd, 4319575.493, 126
Trd, 4319575.543, 104
Trd, 4319575.793, 101
Trd, 4319575.893, 101
Trd, 4319576.243, 138
Trd, 4319577.293, 140
Trd, 4319577.493, 140
Trd, 4319578.393, 119
Trd, 4319579.193, 133
Trd, 4319579.243, 82
Trd, 4319579.793, 61
Trd, 4319581.893, 101
Trd, 4319582.743, 140
Trd, 4319582.993, 140
Trd, 4319584.193, 86
Trd, 4319584.443, 87
Trd, 4319585.493, 115
Trd, 4319585.693, 86
Trd, 4319585.993, 127
Trd, 4319586.293, 123
Trd, 4319587.543, 114
Trd, 4319588.243, 140
Trd, 4319589.743, 140
Trd, 4319590.043, 133
Trd, 4319592.493, 132
Trd, 4319593.743, 133
Trd, 4319594.093, 132
Trd, 4319594.393, 129
Trd, 4319594.893, 114
Trd, 4319594.993, 140
Trd, 4319595.793, 75
Trd, 4319596.193, 124
Trd, 4319596.443, 130
Trd, 4319597.743, 85
Trd, 4319597.793, 70
Trd, 4319599.293, 64
Trd, 4319600.093, 65
Trd, 4319600.843, 108
Trd, 4319601.943, 111
Trd, 4319602.293, 124
Trd, 4319602.543, 124
Trd, 4319602.593, 122
Trd, 4319603.243, 124
Trd, 4319603.943, 78
Trd, 4319604.893, 62
Trd, 4319605.843, 140
Trd, 4319605.993, 140
Trd, 4319606.093, 140
Trd, 4319606.493, 140
Trd, 4319607.643, 62
Trd, 4319608.493, 62
Trd, 4319608.543, 64
Trd, 4319610.193, 136
Trd, 4319610.693, 85
Trd, 4319611.843, 140
Trd, 4319612.193, 140
Trd, 4319612.243, 140
Trd, 4319614.193, 132
Trd, 4319614.393, 140
Trd, 4319615.743, 140
Trd, 4319615.893, 140
Trd, 4319616.043, 140
Trd, 4319617.843, 137
Trd, 4319618.793, 140
Trd, 4319619.943, 128
Trd, 4319620.343, 129
Trd, 4319620.543, 110
Trd, 4319620.643, 103
Trd, 4319621.493, 73
Trd, 4319622.693, 62
Trd, 4319623.243, 64
Trd, 4319625.043, 140
Trd, 4319625.743, 140
Trd, 4319625.793, 140
Trd, 4319625.893, 139
Trd, 4319626.193, 138
Trd, 4319626.293, 103
Trd, 4319626.793, 64
Trd, 4319628.143, 74
Trd, 4319628.443, 72
Trd, 4319630.143, 94
Trd, 4319630.943, 93
Trd, 4319631.093, 88
Trd, 4319631.993, 140
Trd, 4319632.243, 139
Trd, 4319632.343, 137
Trd, 4319633.043, 136
Trd, 4319634.743, 94
Trd, 4319634.943, 124
Trd, 4319636.493, 94
Trd, 4319637.093, 60
Trd, 4319638.193, 66
Trd, 4319639.193, 91
Trd, 4319639.693, 122
Trd, 4319640.643, 138
Trd, 4319641.643, 86
Trd, 4319641.693, 85
Trd, 4319641.793, 84
Trd, 4319642.293, 67
Trd, 4319643.693, 92
Trd, 4319644.293, 104
Trd, 4319644.393, 79
Trd, 4319646.743, 60
Trd, 4319647.543, 65
Trd, 4319648.443, 62
Trd, 4319648.643, 67
Trd, 4319648.993, 139
Trd, 4319649.443, 77
Trd, 4319650.743, 84
Trd, 4319651.593, 60
Trd, 4319653.293, 63
Trd, 4319653.393, 66
Trd, 4319653.893, 69
Trd, 4319654.493, 110
Trd, 4319655.693, 114
Trd, 4319655.743, 113
Trd, 4319657.543, 112
Trd, 4319658.743, 105
Trd, 4319658.793, 78
Trd, 4319659.493, 86
Trd, 4319660.843, 131
Trd, 4319661.243, 123
Trd, 4319661.493, 122
Trd, 4319662.143, 65
Trd, 4319663.143, 140
Trd, 4319664.293, 140
Trd, 4319664.893, 140
Trd, 4319665.793, 140
Trd, 4319666.143, 140
Trd, 4319666.543, 139
Trd, 4319667.543, 87
Trd, 4319667.693, 85
Trd, 4319668.293, 77
Trd, 4319668.693, 86
Trd, 4319670.093, 140
Trd, 4319670.443, 140
Trd, 4319671.093, 140
Trd, 4319671.543, 113
Trd, 4319671.743, 110
Trd, 4319672.493, 128
Trd, 4319673.193, 89
Trd, 4319676.093, 132
Trd, 4319676.643, 66
Trd, 4319677.193, 63
Trd, 4319677.543, 61
Trd, 4319677.943, 61
Trd, 4319678.843, 101
Trd, 4319679.293, 101
Trd, 4319680.593, 101
Trd, 4319681.143, 101
Trd, 4319681.943, 136
Trd, 4319682.293, 94
Trd, 4319683.343, 128
Trd, 4319683.643, 127
Trd, 4319684.393, 82
Trd, 4319684.493, 81
Trd, 4319685.393, 112
Trd, 4319686.243, 81
Trd, 4319686.893, 72
Trd, 4319687.893, 140
Trd, 4319688.093, 135
Trd, 4319688.443, 139
Trd, 4319688.543, 134
Trd, 4319691.043, 108
Trd, 4319691.243, 107
Trd, 4319692.243, 60
Trd, 4319692.593, 140
Trd, 4319694.543, 126
Trd, 4319694.843, 125
Trd, 4319694.943, 121
Trd, 4319695.743, 140
Trd, 4319698.043, 136
Trd, 4319698.143, 135
Trd, 4319698.243, 116
Trd, 4319699.393, 140
Trd, 4319699.493, 140
Trd, 4319699.643, 139
Trd, 4319700.543, 63
Trd, 4319700.893, 73
Trd, 4319701.493, 63
Trd, 4319703.193, 63
Trd, 4319703.493, 102
Trd, 4319704.343, 93
Trd, 4319705.743, 140
Trd, 4319705.993, 140
Trd, 4319706.843, 140
Trd, 4319706.993, 138
Trd, 4319707.893, 135
Trd, 4319709.493, 140
Trd, 4319709.693, 101
Trd, 4319709.793, 98
Trd, 4319710.843, 109
Trd, 4319712.343, 113
Trd, 4319712.393, 110
Trd, 4319712.743, 73
Trd, 4319712.843, 120
Trd, 4319713.643, 138
Trd, 4319714.743, 116
Trd, 4319715.193, 76
Trd, 4319715.793, 108
Trd, 4319715.993, 89
Trd, 4319716.293, 78
Trd, 4319716.943, 79
Trd, 4319718.843, 116
Trd, 4319718.943, 79
Trd, 4319719.543, 68
Trd, 4319720.193, 69
Trd, 4319720.443, 68
Trd, 4319720.893, 83
Trd, 4319721.943, 140
Trd, 4319722.743, 84
Trd, 4319723.793, 76
Trd, 4319724.143, 90
Trd, 4319724.543, 140
Trd, 4319725.393, 140
Trd, 4319725.943, 140
Trd, 4319726.143, 140
Trd, 4319727.943, 139
Trd, 4319728.743, 87
Trd, 4319728.843, 88
Trd, 4319728.893, 85
Trd, 4319729.693, 77
Trd, 4319731.293, 140
Trd, 4319732.793, 140
Trd, 4319733.243, 139
Trd, 4319733.443, 84
Trd, 4319733.543, 83
Trd, 4319735.693, 132
Trd, 4319736.043, 130
Trd, 4319736.493, 130
Trd, 4319737.343, 129
Trd, 4319739.293, 127
Trd, 4319739.493, 126
Trd, 4319740.393, 140
Trd, 4319741.943, 140
Trd, 4319742.393, 140
Trd, 4319742.593, 139
Trd, 4319743.293, 131
Trd, 4319745.143, 116
Trd, 4319745.343, 108
Trd, 4319745.793, 67
Trd, 4319746.093, 68
Trd, 4319746.343, 136
Trd, 4319747.643, 120
Trd, 4319748.193, 99
Trd, 4319749.143, 86
Trd, 4319749.393, 86
Trd, 4319750.243, 140
Trd, 4319750.543, 140
Trd, 4319752.193, 140
Trd, 4319752.243, 140
Trd, 4319753.793, 140
Trd, 4319754.043, 137
Trd, 4319755.043, 140
Trd, 4319755.543, 111
Trd, 4319755.793, 99
Trd, 4319756.993, 97
Trd, 4319759.943, 140
Trd, 4319759.993, 140
Trd, 4319760.093, 131
Trd, 4319761.243, 128
Trd, 4319761.693, 94
Trd, 4319762.643, 94
Trd, 4319762.693, 94
Trd, 4319762.893, 108
Trd, 4319763.393, 140
Trd, 4319764.043, 111
Trd, 4319764.893, 111
Trd, 4319765.743, 110
Trd, 4319766.893, 140
Trd, 4319767.843, 87
Trd, 4319768.193, 101
Trd, 4319768.493, 76
Trd, 4319769.343, 76
Trd, 4319769.693, 70
Trd, 4319769.893, 62
Trd, 4319771.343, 82
Trd, 4319772.293, 130
Trd, 4319773.293, 106
Trd, 4319773.743, 68
Trd, 4319774.693, 60
Trd, 4319774.993, 67
Trd, 4319775.093, 125
Trd, 4319776.143, 63
Trd, 4319778.343, 123
Trd, 4319778.543, 71
Trd, 4319780.693, 140
Trd, 4319781.193, 140
Trd, 4319781.243, 140
Trd, 4319781.793, 140
Trd, 4319782.143, 140
Trd, 4319783.443, 140
Trd, 4319783.593, 139
Trd, 4319783.793, 72
Trd, 4319784.843, 78
Trd, 4319785.993, 87
Trd, 4319786.243, 69
Trd, 4319787.243, 138
Trd, 4319788.693, 139
Trd, 4319789.093, 136
Trd, 4319789.143, 135
Trd, 4319789.193, 97
Trd, 4319789.843, 98
Trd, 4319790.393, 119
Trd, 4319791.493, 137
Trd, 4319791.593, 136
Trd, 4319791.743, 101
Trd, 4319792.443, 138
Trd, 4319792.493, 86
Trd, 4319794.193, 140
Trd, 4319796.043, 61
Trd, 4319796.493, 81
Trd, 4319796.943, 133
Trd, 4319797.043, 123
Trd, 4319797.693, 64
Trd, 4319797.993, 69
Trd, 4319798.993, 107
Trd, 4319799.693, 70
Trd, 4319801.043, 69
Trd, 4319802.693, 63
Trd, 4319803.143, 83
Trd, 4319803.643, 124
Trd, 4319804.643, 81
Trd, 4319805.443, 99
Trd, 4319805.943, 81
Trd, 4319806.093, 88
Trd, 4319806.793, 93
Trd, 4319807.543, 138
Trd, 4319808.693, 139
Trd, 4319809.143, 137
Trd, 4319809.343, 81
Trd, 4319810.693, 65
Trd, 4319811.743, 65
Trd, 4319812.293, 96
Trd, 4319812.493, 60
Trd, 4319814.043, 60
Trd, 4319814.643, 83
Trd, 4319815.893, 116
Trd, 4319816.143, 116
Trd, 4319817.793, 89
Trd, 4319817.843, 83
Trd, 4319818.043, 75
Trd, 4319818.243, 111
Trd, 4319819.443, 140
Trd, 4319819.593, 140
Trd, 4319820.243, 73
Trd, 4319820.793, 99
Trd, 4319820.993, 85
Trd, 4319822.593, 60
Trd, 4319823.243, 73
Trd, 4319823.843, 80
Trd, 4319824.693, 136
Trd, 4319826.143, 60
Trd, 4319826.293, 89
Trd, 4319827.743, 140
Trd, 4319827.793, 140
Trd, 4319828.293, 89
Trd, 4319828.993, 73
Trd, 4319829.593, 120
Trd, 4319831.893, 140
Trd, 4319832.893, 138
Trd, 4319832.943, 136
Trd, 4319833.193, 114
Trd, 4319834.043, 140
Trd, 4319834.093, 91
Trd, 4319834.743, 140
Trd, 4319835.593, 118
Trd, 4319835.843, 117
Trd, 4319838.243, 140
Trd, 4319838.443, 133
Trd, 4319838.793, 115
Trd, 4319839.293, 90
Trd, 4319839.643, 61
Trd, 4319840.393, 136
Trd, 4319842.143, 140
Trd, 4319842.693, 140
Trd, 4319843.043, 140
Trd, 4319843.443, 138
Trd, 4319845.693, 140
Trd, 4319845.743, 140
Trd, 4319846.843, 112
Trd, 4319847.593, 140
Trd, 4319848.143, 134
Trd, 4319848.393, 133
Trd, 4319849.093, 117
Trd, 4319849.743, 115
Trd, 4319850.093, 83
Trd, 4319850.493, 76
Trd, 4319850.943, 132
Trd, 4319852.243, 75
Trd, 4319853.093, 79
Trd, 4319854.093, 121
Trd, 4319854.243, 134
Trd, 4319855.143, 79
Trd, 4319855.593, 78
Trd, 4319855.843, 95
Trd, 4319855.943, 99
Trd, 4319856.843, 103
Trd, 4319856.893, 77
Trd, 4319857.143, 71
Trd, 4319858.593, 68
Trd, 4319859.143, 68
Trd, 4319861.143, 60
Trd, 4319861.393, 64
Trd, 4319861.893, 83
Trd, 4319862.893, 71
Trd, 4319863.443, 77
Trd, 4319864.143, 66
Trd, 4319864.543, 139
Trd, 4319865.143, 140
Trd, 4319866.293, 138
Trd, 4319866.593, 82
Trd, 4319867.093, 127
Trd, 4319867.243, 60
Trd, 4319868.643, 63
Trd, 4319869.043, 63
Trd, 4319869.793, 138
Trd, 4319870.593, 137
Trd, 4319871.893, 140
Trd, 4319872.043, 140
Trd, 4319872.943, 125
Trd, 4319873.743, 87
Trd, 4319873.793, 86
Trd, 4319874.293, 99
Trd, 4319874.943, 124
Trd, 4319876.393, 140
Trd, 4319876.493, 85
Trd, 4319878.093, 81
Trd, 4319878.943, 80
Trd, 4319879.293, 81
Trd, 4319879.993, 133
Trd, 4319880.143, 121
Trd, 4319881.443, 103
Trd, 4319882.693, 140
Trd, 4319882.743, 140
Trd, 4319882.993, 140
Trd, 4319883.143, 118
Trd, 4319883.793, 116
Trd, 4319884.643, 67
Trd, 4319886.443, 140
Trd, 4319886.543, 140
Trd, 4319887.943, 140
Trd, 4319888.243, 140
Trd, 4319888.293, 140
Trd, 4319889.243, 119
Trd, 4319890.243, 99
Trd, 4319890.393, 77
Trd, 4319890.643, 76
Trd, 4319890.993, 92
Trd, 4319891.843, 140
Trd, 4319891.893, 75
Trd, 4319893.443, 140
Trd, 4319895.143, 88
Trd, 4319895.243, 87
Trd, 4319896.193, 98
Trd, 4319897.243, 62
Trd, 4319898.793, 111
Trd, 4319899.093, 104
Trd, 4319899.143, 103
Trd, 4319899.393, 103
Trd, 4319899.843, 68
Trd, 4319901.543, 65
Trd, 4319901.793, 82
Trd, 4319902.693, 121
Trd, 4319904.193, 122
Trd, 4319904.693, 140
Trd, 4319905.193, 72
Trd, 4319905.243, 71
Trd, 4319905.743, 93
Trd, 4319907.793, 140
Trd, 4319908.843, 140
Trd, 4319909.593, 140
Trd, 4319909.793, 140
Trd, 4319910.143, 140
Trd, 4319910.843, 105
Trd, 4319912.043, 94
Trd, 4319912.393, 105
Trd, 4319912.943, 81
Trd, 4319914.243, 78
Trd, 4319914.843, 77
Trd, 4319915.043, 76
Trd, 4319916.343, 108
Trd, 4319917.843, 140
Trd, 4319918.293, 140
Trd, 4319918.943, 91
Trd, 4319919.193, 90
Trd, 4319921.843, 116
Trd, 4319922.143, 96
Trd, 4319922.443, 99
Trd, 4319922.793, 115
Trd, 4319923.943, 140
Trd, 4319924.743, 69
Trd, 4319925.493, 74
Trd, 4319926.943, 78
Trd, 4319927.593, 74
Trd, 4319927.993, 107
Trd, 4319928.143, 101
Trd, 4319928.343, 82
Trd, 4319928.393, 81
Trd, 4319929.093, 140
Trd, 4319929.743, 140
Trd, 4319931.393, 140
Trd, 4319931.943, 140
Trd, 4319932.043, 139
Trd, 4319932.093, 74
Trd, 4319932.443, 96
Trd, 4319933.843, 61
Trd, 4319934.343, 140
Trd, 4319935.743, 60
Trd, 4319936.193, 138
Trd, 4319937.393, 81
Trd, 4319938.043, 62
Trd, 4319939.143, 81
Trd, 4319939.593, 69
Trd, 4319939.843, 68
Trd, 4319941.943, 122
Trd, 4319942.193, 123
Trd, 4319943.093, 123
Trd, 4319943.193, 122
Trd, 4319943.243, 100
Trd, 4319944.993, 140
Trd, 4319945.293, 140
Trd, 4319945.393, 79
Trd, 4319946.793, 99
Trd, 4319947.743, 113
Trd, 4319948.593, 119
Trd, 4319949.543, 140
Trd, 4319949.593, 119
Trd, 4319950.693, 140
Trd, 4319950.843, 140
Trd, 4319951.793, 140
Trd, 4319952.593, 140
Trd, 4319953.543, 140
Trd, 4319953.743, 138
Trd, 4319954.743, 140
Trd, 4319955.543, 140
Trd, 4319956.093, 115
Trd, 4319957.343, 140
Trd, 4319957.943, 93
Trd, 4319959.143, 140
Trd, 4319959.243, 140
Trd, 4319960.043, 140
Trd, 4319960.093, 140
Trd, 4319960.443, 79
Trd, 4319962.493, 61
Trd, 4319962.893, 64
Trd, 4319963.043, 93
Trd, 4319963.743, 139
Trd, 4319964.893, 127
Trd, 4319966.843, 130
Trd, 4319966.993, 128
Trd, 4319967.293, 123
Trd, 4319967.543, 139
Trd, 4319967.943, 94
Trd, 4319969.943, 68
Trd, 4319970.493, 99
Trd, 4319970.943, 140
Trd, 4319971.493, 140
Trd, 4319972.493, 140
Trd, 4319972.543, 140
Trd, 4319972.643, 137
Trd, 4319973.193, 138
Trd, 4319974.943, 109
Trd, 4319976.043, 105
Trd, 4319976.843, 60
Trd, 4319977.593, 137
Trd, 4319977.643, 136
Trd, 4319977.743, 90
Trd, 4319979.693, 114
Trd, 4319979.743, 112
Trd, 4319980.393, 68
Trd, 4319982.793, 101
Trd, 4319982.843, 99
Trd, 4319983.093, 94
Trd, 4319984.243, 102
Trd, 4319984.343, 112
Trd, 4319984.793, 101
Trd, 4319984.993, 100
Trd, 4319985.643, 62
Trd, 4319986.543, 109
Trd, 4319987.443, 98
Trd, 4319988.293, 74
Trd, 4319988.343, 71
Trd, 4319989.093, 139
Trd, 4319989.643, 71
Trd, 4319989.743, 115
Trd, 4319993.143, 106
Trd, 4319993.193, 109
Trd, 4319993.243, 94
Trd, 4319993.343, 118
Trd, 4319993.893, 96
Trd, 4319993.993, 75
Trd, 4319995.193, 136
Trd, 4319995.543, 102
Trd, 4319997.093, 140
Trd, 4319998.093, 140
Trd, 4319998.243, 140
Trd, 4319999.393, 140
Trd, 4319999.543, 140
