Trd, 4318137.193, 60
Trd, 4318137.343, 61
Trd, 4318137.643, 73
Trd, 4318137.743, 63
Trd, 4318138.943, 116
Trd, 4318139.593, 74
Trd, 4318139.793, 72
Trd, 4318140.793, 73
Trd, 4318141.693, 139
Trd, 4318142.093, 140
Trd, 4318142.193, 72
Trd, 4318144.743, 60
Trd, 4318144.993, 67
Trd, 4318146.093, 61
Trd, 4318146.543, 72
Trd, 4318147.843, 61
Trd, 4318149.893, 62
Trd, 4318150.393, 61
Trd, 4318151.543, 66
Trd, 4318151.693, 64
Trd, 4318152.443, 64
Trd, 4318152.693, 69
Trd, 4318152.843, 63
Trd, 4318153.543, 62
Trd, 4318153.593, 64
Trd, 4318155.343, 140
Trd, 4318155.643, 140
Trd, 4318155.693, 140
Trd, 4318156.343, 138
Trd, 4318156.743, 140
Trd, 4318158.043, 140
Trd, 4318158.693, 140
Trd, 4318160.043, 140
Trd, 4318160.243, 140
Trd, 4318161.443, 140
Trd, 4318161.593, 140
Trd, 4318162.343, 140
Trd, 4318162.393, 112
Trd, 4318162.443, 111
Trd, 4318163.843, 122
Trd, 4318164.843, 121
Trd, 4318164.893, 106
Trd, 4318165.543, 62
Trd, 4318165.943, 60
Trd, 4318166.893, 63
Trd, 4318169.043, 60
Trd, 4318169.343, 60
Trd, 4318171.843, 61
Trd, 4318172.143, 61
Trd, 4318172.393, 62
Trd, 4318172.893, 62
Trd, 4318173.293, 61
Trd, 4318173.843, 67
Trd, 4318174.293, 64
Trd, 4318174.693, 64
Trd, 4318174.743, 70
Trd, 4318175.243, 105
Trd, 4318175.593, 60
Trd, 4318176.893, 65
Trd, 4318177.543, 64
Trd, 4318178.043, 140
Trd, 4318178.193, 138
Trd, 4318180.593, 72
Trd, 4318181.743, 63
Trd, 4318183.043, 60
Trd, 4318186.243, 61
Trd, 4318187.093, 63
Trd, 4318187.193, 65
Trd, 4318187.743, 72
Trd, 4318188.143, 62
Trd, 4318189.093, 140
Trd, 4318189.343, 140
Trd, 4318190.243, 140
Trd, 4318191.393, 140
Trd, 4318191.493, 140
Trd, 4318192.193, 140
Trd, 4318192.343, 140
Trd, 4318192.443, 140
Trd, 4318192.693, 139
Trd, 4318193.993, 140
Trd, 4318194.393, 140
Trd, 4318194.543, 140
Trd, 4318195.393, 140
Trd, 4318196.493, 140
Trd, 4318197.793, 140
Trd, 4318197.893, 140
Trd, 4318198.343, 140
Trd, 4318198.893, 140
Trd, 4318199.843, 140
Trd, 4318200.043, 140
Trd, 4318200.693, 140
Trd, 4318201.343, 140
Trd, 4318201.693, 139
Trd, 4318202.393, 139
Trd, 4318203.743, 140
Trd, 4318204.693, 140
Trd, 4318205.593, 140
Trd, 4318205.943, 140
Trd, 4318206.143, 140
Trd, 4318206.543, 140
Trd, 4318206.743, 140
Trd, 4318207.243, 138
Trd, 4318207.893, 140
Trd, 4318208.293, 140
Trd, 4318208.593, 140
Trd, 4318209.293, 140
Trd, 4318211.093, 140
Trd, 4318211.293, 140
Trd, 4318211.643, 140
Trd, 4318211.943, 140
Trd, 4318211.993, 140
Trd, 4318213.843, 140
Trd, 4318214.643, 140
Trd, 4318214.693, 139
Trd, 4318214.743, 135
Trd, 4318215.943, 60
Trd, 4318218.743, 67
Trd, 4318220.293, 60
Trd, 4318220.843, 60
Trd, 4318222.593, 60
Trd, 4318223.293, 60
Trd, 4318223.343, 60
Trd, 4318223.793, 63
Trd, 4318224.143, 64
Trd, 4318224.443, 63
Trd, 4318225.043, 65
Trd, 4318225.593, 60
Trd, 4318226.293, 61
Trd, 4318227.543, 60
Trd, 4318229.093, 61
Trd, 4318229.793, 64
Trd, 4318230.093, 72
Trd, 4318230.443, 86
Trd, 4318232.493, 63
Trd, 4318232.993, 140
Trd, 4318233.343, 66
Trd, 4318233.443, 68
Trd, 4318233.593, 66
Trd, 4318233.843, 69
Trd, 4318234.543, 139
Trd, 4318235.793, 76
Trd, 4318235.843, 75
Trd, 4318236.793, 128
Trd, 4318237.093, 128
Trd, 4318237.493, 127
Trd, 4318238.043, 140
Trd, 4318238.493, 140
Trd, 4318239.143, 132
Trd, 4318239.693, 130
Trd, 4318241.193, 140
Trd, 4318242.893, 140
Trd, 4318243.043, 140
Trd, 4318243.443, 140
Trd, 4318244.043, 108
Trd, 4318244.893, 140
Trd, 4318245.193, 140
Trd, 4318245.843, 140
Trd, 4318246.243, 140
Trd, 4318246.843, 140
Trd, 4318247.143, 140
Trd, 4318247.493, 140
Trd, 4318248.693, 139
Trd, 4318248.893, 85
Trd, 4318250.343, 61
Trd, 4318251.443, 60
Trd, 4318252.493, 63
Trd, 4318253.093, 65
Trd, 4318253.193, 63
Trd, 4318253.843, 66
Trd, 4318254.043, 67
Trd, 4318254.843, 140
Trd, 4318257.343, 60
Trd, 4318257.643, 61
Trd, 4318258.843, 62
Trd, 4318258.893, 62
Trd, 4318259.593, 73
Trd, 4318260.593, 78
Trd, 4318260.693, 76
Trd, 4318260.993, 80
Trd, 4318262.193, 83
Trd, 4318263.093, 85
Trd, 4318265.543, 60
Trd, 4318265.943, 61
Trd, 4318266.043, 64
Trd, 4318266.893, 60
Trd, 4318268.143, 60
Trd, 4318268.393, 61
Trd, 4318269.393, 60
Trd, 4318270.743, 61
Trd, 4318271.643, 60
Trd, 4318271.693, 62
Trd, 4318272.093, 62
Trd, 4318272.543, 85
Trd, 4318272.843, 63
Trd, 4318273.043, 64
Trd, 4318273.343, 65
Trd, 4318274.793, 104
Trd, 4318275.043, 64
Trd, 4318276.193, 67
Trd, 4318277.993, 60
Trd, 4318278.143, 64
Trd, 4318281.793, 60
Trd, 4318282.593, 61
Trd, 4318282.943, 62
Trd, 4318283.543, 66
Trd, 4318283.993, 65
Trd, 4318284.393, 67
Trd, 4318284.793, 74
Trd, 4318286.193, 89
Trd, 4318286.343, 79
Trd, 4318286.743, 80
Trd, 4318287.593, 140
Trd, 4318287.993, 140
Trd, 4318288.543, 140
Trd, 4318288.593, 139
Trd, 4318289.093, 65
Trd, 4318289.893, 60
Trd, 4318291.093, 140
Trd, 4318291.493, 140
Trd, 4318291.943, 140
Trd, 4318292.543, 140
Trd, 4318293.143, 140
Trd, 4318294.593, 140
Trd, 4318295.193, 140
Trd, 4318295.343, 140
Trd, 4318295.643, 140
Trd, 4318295.743, 140
Trd, 4318296.093, 125
Trd, 4318296.993, 139
Trd, 4318297.093, 140
Trd, 4318299.393, 60
Trd, 4318300.293, 60
Trd, 4318302.193, 62
Trd, 4318302.343, 66
Trd, 4318302.593, 67
Trd, 4318303.443, 60
Trd, 4318303.643, 65
Trd, 4318305.593, 60
Trd, 4318306.043, 60
Trd, 4318306.243, 61
Trd, 4318306.793, 65
Trd, 4318307.893, 67
Trd, 4318308.343, 67
Trd, 4318309.293, 140
Trd, 4318309.593, 139
Trd, 4318309.843, 127
Trd, 4318310.943, 61
Trd, 4318310.993, 64
Trd, 4318312.643, 65
Trd, 4318313.143, 134
Trd, 4318315.093, 60
Trd, 4318315.393, 60
Trd, 4318316.443, 61
Trd, 4318318.893, 60
Trd, 4318319.443, 60
Trd, 4318319.943, 134
Trd, 4318321.343, 67
Trd, 4318321.443, 67
Trd, 4318321.743, 66
Trd, 4318322.993, 60
Trd, 4318323.293, 69
Trd, 4318324.093, 61
Trd, 4318324.793, 63
Trd, 4318326.243, 63
Trd, 4318327.893, 140
Trd, 4318328.043, 140
Trd, 4318328.193, 140
Trd, 4318328.443, 140
Trd, 4318328.943, 140
Trd, 4318329.393, 140
Trd, 4318329.493, 140
Trd, 4318330.393, 140
Trd, 4318330.543, 140
Trd, 4318330.893, 140
Trd, 4318332.593, 61
Trd, 4318332.743, 65
Trd, 4318333.243, 61
Trd, 4318333.593, 67
Trd, 4318335.193, 65
Trd, 4318336.093, 69
Trd, 4318337.293, 61
Trd, 4318338.343, 62
Trd, 4318340.393, 60
Trd, 4318340.643, 61
Trd, 4318340.843, 62
Trd, 4318341.093, 65
Trd, 4318341.543, 64
Trd, 4318341.893, 62
Trd, 4318342.143, 139
Trd, 4318343.543, 140
Trd, 4318343.593, 102
Trd, 4318344.393, 62
Trd, 4318346.793, 64
Trd, 4318348.793, 60
Trd, 4318349.043, 61
Trd, 4318349.093, 62
Trd, 4318349.593, 61
Trd, 4318350.693, 61
Trd, 4318350.943, 82
Trd, 4318351.643, 66
Trd, 4318351.743, 64
Trd, 4318352.343, 64
Trd, 4318354.443, 140
Trd, 4318354.693, 140
Trd, 4318354.743, 140
Trd, 4318355.143, 140
Trd, 4318356.843, 61
Trd, 4318357.043, 66
Trd, 4318357.943, 140
Trd, 4318358.043, 140
Trd, 4318358.193, 140
Trd, 4318359.043, 65
Trd, 4318359.893, 64
Trd, 4318360.693, 122
Trd, 4318361.593, 138
Trd, 4318361.793, 137
Trd, 4318361.943, 65
Trd, 4318363.443, 63
Trd, 4318364.593, 65
Trd, 4318366.193, 60
Trd, 4318367.743, 60
Trd, 4318369.293, 61
Trd, 4318369.693, 62
Trd, 4318370.443, 60
Trd, 4318370.843, 62
Trd, 4318371.993, 62
Trd, 4318372.293, 65
Trd, 4318372.593, 63
Trd, 4318372.943, 64
Trd, 4318373.243, 74
Trd, 4318373.793, 140
Trd, 4318376.093, 135
Trd, 4318376.293, 134
Trd, 4318376.493, 113
Trd, 4318376.693, 110
Trd, 4318377.143, 110
Trd, 4318378.293, 116
Trd, 4318378.443, 115
Trd, 4318378.843, 139
Trd, 4318380.143, 140
Trd, 4318380.643, 140
Trd, 4318381.793, 140
Trd, 4318382.593, 140
Trd, 4318383.293, 140
Trd, 4318383.743, 140
Trd, 4318383.993, 140
Trd, 4318384.243, 140
Trd, 4318384.893, 140
Trd, 4318385.293, 140
Trd, 4318386.243, 140
Trd, 4318388.043, 140
Trd, 4318388.143, 140
Trd, 4318388.443, 65
Trd, 4318388.843, 140
Trd, 4318389.193, 136
Trd, 4318390.743, 140
Trd, 4318391.243, 140
Trd, 4318391.443, 140
Trd, 4318391.493, 140
Trd, 4318391.743, 140
Trd, 4318391.843, 138
Trd, 4318392.793, 139
Trd, 4318393.893, 140
Trd, 4318393.943, 140
Trd, 4318394.443, 111
Trd, 4318396.193, 138
Trd, 4318396.343, 139
Trd, 4318396.393, 137
Trd, 4318397.593, 138
Trd, 4318398.593, 137
Trd, 4318398.943, 139
Trd, 4318399.643, 140
Trd, 4318399.893, 139
Trd, 4318403.593, 62
Trd, 4318403.693, 63
Trd, 4318404.893, 60
Trd, 4318405.143, 61
Trd, 4318406.093, 61
Trd, 4318407.243, 60
Trd, 4318408.343, 63
Trd, 4318408.493, 67
Trd, 4318408.793, 66
Trd, 4318409.093, 63
Trd, 4318410.143, 70
Trd, 4318410.343, 69
Trd, 4318412.143, 88
Trd, 4318412.393, 85
Trd, 4318412.843, 75
Trd, 4318413.193, 140
Trd, 4318413.693, 140
Trd, 4318414.393, 140
Trd, 4318414.493, 140
Trd, 4318415.393, 140
Trd, 4318416.393, 140
Trd, 4318416.843, 140
Trd, 4318416.893, 140
Trd, 4318417.643, 140
Trd, 4318418.843, 140
Trd, 4318419.893, 140
Trd, 4318420.243, 140
Trd, 4318420.343, 140
Trd, 4318420.743, 140
Trd, 4318421.443, 140
Trd, 4318421.843, 137
Trd, 4318422.043, 139
Trd, 4318422.543, 97
Trd, 4318423.693, 140
Trd, 4318423.893, 140
Trd, 4318424.043, 140
Trd, 4318425.793, 140
Trd, 4318426.293, 140
Trd, 4318426.843, 140
Trd, 4318427.143, 140
Trd, 4318427.893, 140
Trd, 4318428.093, 140
Trd, 4318428.343, 140
Trd, 4318429.243, 139
Trd, 4318430.193, 140
Trd, 4318431.343, 140
Trd, 4318431.593, 140
Trd, 4318431.743, 140
Trd, 4318432.593, 140
Trd, 4318432.743, 140
Trd, 4318434.093, 140
Trd, 4318434.243, 140
Trd, 4318435.143, 140
Trd, 4318435.593, 140
Trd, 4318435.693, 107
Trd, 4318436.443, 140
Trd, 4318437.343, 61
Trd, 4318438.643, 64
Trd, 4318439.543, 140
Trd, 4318439.643, 140
Trd, 4318440.543, 140
Trd, 4318442.043, 140
Trd, 4318443.243, 140
Trd, 4318443.493, 140
Trd, 4318443.943, 140
Trd, 4318443.993, 140
Trd, 4318444.243, 140
Trd, 4318444.293, 140
Trd, 4318446.893, 140
Trd, 4318448.143, 140
Trd, 4318449.343, 140
Trd, 4318449.493, 140
Trd, 4318449.643, 140
Trd, 4318449.893, 140
Trd, 4318449.943, 140
Trd, 4318450.343, 140
Trd, 4318450.893, 137
Trd, 4318451.593, 140
Trd, 4318451.843, 140
Trd, 4318452.093, 140
Trd, 4318452.343, 140
Trd, 4318453.493, 140
Trd, 4318454.343, 140
Trd, 4318454.843, 139
Trd, 4318455.143, 140
Trd, 4318455.843, 139
Trd, 4318456.193, 140
Trd, 4318457.143, 140
Trd, 4318457.443, 140
Trd, 4318457.843, 140
Trd, 4318459.643, 90
Trd, 4318460.293, 92
Trd, 4318460.343, 91
Trd, 4318460.943, 138
Trd, 4318461.543, 140
Trd, 4318461.693, 139
Trd, 4318461.743, 138
Trd, 4318463.493, 140
Trd, 4318464.093, 62
Trd, 4318464.493, 139
Trd, 4318465.493, 62
Trd, 4318466.443, 60
Trd, 4318466.543, 61
Trd, 4318467.393, 68
Trd, 4318467.593, 67
Trd, 4318468.293, 119
Trd, 4318468.643, 68
Trd, 4318469.243, 70
Trd, 4318470.593, 140
Trd, 4318471.093, 140
Trd, 4318472.693, 140
Trd, 4318472.943, 140
Trd, 4318472.993, 140
Trd, 4318473.693, 139
Trd, 4318474.343, 138
Trd, 4318475.543, 140
Trd, 4318477.543, 140
Trd, 4318477.593, 140
Trd, 4318477.643, 63
Trd, 4318478.193, 140
Trd, 4318479.793, 61
Trd, 4318480.193, 65
Trd, 4318480.393, 140
Trd, 4318480.743, 140
Trd, 4318481.793, 140
Trd, 4318481.893, 140
Trd, 4318482.043, 140
Trd, 4318482.993, 137
Trd, 4318484.043, 140
Trd, 4318484.443, 140
Trd, 4318484.493, 139
Trd, 4318485.143, 62
Trd, 4318486.293, 61
Trd, 4318488.243, 60
Trd, 4318490.143, 64
Trd, 4318491.093, 65
Trd, 4318491.893, 60
Trd, 4318493.343, 60
Trd, 4318493.593, 60
Trd, 4318494.343, 60
Trd, 4318494.543, 60
Trd, 4318494.743, 61
Trd, 4318495.593, 60
Trd, 4318495.843, 60
Trd, 4318496.443, 62
Trd, 4318496.643, 65
Trd, 4318496.993, 128
Trd, 4318498.343, 140
Trd, 4318498.443, 71
Trd, 4318499.243, 116
Trd, 4318499.543, 71
Trd, 4318499.843, 71
Trd, 4318501.593, 60
Trd, 4318502.043, 140
Trd, 4318504.243, 61
Trd, 4318506.043, 140
Trd, 4318506.393, 140
Trd, 4318506.543, 140
Trd, 4318506.693, 140
Trd, 4318507.293, 140
Trd, 4318507.343, 140
Trd, 4318508.193, 140
Trd, 4318508.543, 140
Trd, 4318509.343, 140
Trd, 4318509.393, 114
Trd, 4318510.893, 64
Trd, 4318511.393, 136
Trd, 4318512.593, 140
Trd, 4318512.943, 138
Trd, 4318514.743, 60
Trd, 4318516.543, 61
Trd, 4318517.193, 62
Trd, 4318517.343, 69
Trd, 4318518.043, 64
Trd, 4318520.293, 63
Trd, 4318520.343, 62
Trd, 4318520.793, 61
Trd, 4318520.893, 62
Trd, 4318521.443, 71
Trd, 4318524.043, 62
Trd, 4318524.443, 65
Trd, 4318524.693, 66
Trd, 4318524.943, 64
Trd, 4318524.993, 67
Trd, 4318525.793, 63
Trd, 4318527.143, 67
Trd, 4318529.343, 60
Trd, 4318531.893, 62
Trd, 4318531.943, 63
Trd, 4318532.543, 61
Trd, 4318532.643, 62
Trd, 4318533.143, 63
Trd, 4318533.243, 61
Trd, 4318533.443, 101
Trd, 4318534.493, 139
Trd, 4318534.843, 67
Trd, 4318535.943, 69
Trd, 4318536.143, 67
Trd, 4318536.793, 139
Trd, 4318536.993, 67
Trd, 4318537.343, 67
Trd, 4318537.793, 66
Trd, 4318539.693, 62
Trd, 4318540.843, 60
Trd, 4318542.093, 70
Trd, 4318542.393, 76
Trd, 4318542.993, 62
Trd, 4318545.443, 60
Trd, 4318545.843, 61
Trd, 4318546.093, 62
Trd, 4318546.343, 61
Trd, 4318546.993, 64
Trd, 4318547.093, 100
Trd, 4318547.493, 61
Trd, 4318548.193, 140
Trd, 4318551.193, 60
Trd, 4318551.443, 61
Trd, 4318552.293, 63
Trd, 4318553.793, 63
Trd, 4318554.343, 62
Trd, 4318554.993, 62
Trd, 4318556.543, 60
Trd, 4318557.493, 60
Trd, 4318558.143, 60
Trd, 4318558.443, 62
Trd, 4318559.593, 62
Trd, 4318562.043, 60
Trd, 4318562.443, 60
Trd, 4318562.843, 61
Trd, 4318564.943, 61
Trd, 4318565.343, 62
Trd, 4318565.693, 60
Trd, 4318566.693, 64
Trd, 4318566.743, 64
Trd, 4318567.543, 65
Trd, 4318567.643, 64
Trd, 4318567.743, 62
Trd, 4318568.893, 60
Trd, 4318571.993, 60
Trd, 4318573.393, 60
Trd, 4318573.443, 61
Trd, 4318573.493, 66
Trd, 4318573.793, 71
Trd, 4318574.493, 65
Trd, 4318575.743, 70
Trd, 4318575.893, 69
Trd, 4318576.193, 67
Trd, 4318576.243, 65
Trd, 4318577.543, 140
Trd, 4318577.793, 139
Trd, 4318579.143, 140
Trd, 4318579.493, 140
Trd, 4318580.293, 140
Trd, 4318580.593, 140
Trd, 4318580.893, 140
Trd, 4318581.293, 140
Trd, 4318582.093, 140
Trd, 4318584.943, 140
Trd, 4318585.393, 140
Trd, 4318585.493, 140
Trd, 4318585.693, 140
Trd, 4318585.743, 140
Trd, 4318586.393, 140
Trd, 4318586.993, 140
Trd, 4318587.493, 140
Trd, 4318587.843, 140
Trd, 4318588.893, 140
Trd, 4318589.943, 140
Trd, 4318590.593, 140
Trd, 4318590.643, 140
Trd, 4318590.793, 140
Trd, 4318590.893, 118
Trd, 4318591.393, 62
Trd, 4318592.043, 112
Trd, 4318593.793, 140
Trd, 4318594.293, 66
Trd, 4318595.443, 62
Trd, 4318596.343, 139
Trd, 4318597.493, 63
Trd, 4318599.893, 61
Trd, 4318601.493, 61
Trd, 4318601.743, 63
Trd, 4318602.093, 60
Trd, 4318602.543, 60
Trd, 4318602.993, 61
Trd, 4318603.093, 63
Trd, 4318603.793, 62
Trd, 4318604.243, 61
Trd, 4318604.443, 71
Trd, 4318605.693, 65
Trd, 4318606.093, 66
Trd, 4318606.193, 95
Trd, 4318606.243, 65
Trd, 4318606.393, 64
Trd, 4318607.793, 61
Trd, 4318608.543, 140
Trd, 4318609.643, 140
Trd, 4318609.843, 140
Trd, 4318609.993, 140
Trd, 4318610.043, 140
Trd, 4318610.893, 140
Trd, 4318612.043, 140
Trd, 4318612.093, 140
Trd, 4318612.293, 139
Trd, 4318613.493, 140
Trd, 4318613.943, 139
Trd, 4318614.143, 115
Trd, 4318614.593, 128
Trd, 4318615.543, 138
Trd, 4318617.243, 140
Trd, 4318617.393, 140
Trd, 4318618.993, 140
Trd, 4318619.043, 139
Trd, 4318619.643, 140
Trd, 4318619.793, 140
Trd, 4318620.343, 140
Trd, 4318620.693, 140
Trd, 4318621.243, 140
Trd, 4318621.893, 140
Trd, 4318622.543, 140
Trd, 4318622.843, 137
Trd, 4318623.243, 89
Trd, 4318624.243, 140
Trd, 4318624.393, 140
Trd, 4318624.543, 139
Trd, 4318625.643, 140
Trd, 4318626.043, 140
Trd, 4318627.743, 60
Trd, 4318628.043, 60
Trd, 4318631.093, 60
Trd, 4318633.043, 60
Trd, 4318633.343, 60
Trd, 4318633.593, 61
Trd, 4318633.643, 60
Trd, 4318633.793, 61
Trd, 4318634.043, 78
Trd, 4318634.343, 60
Trd, 4318634.993, 138
Trd, 4318636.393, 140
Trd, 4318636.943, 140
Trd, 4318638.043, 140
Trd, 4318638.643, 140
Trd, 4318638.693, 140
Trd, 4318639.593, 140
Trd, 4318639.743, 140
Trd, 4318640.793, 140
Trd, 4318640.943, 140
Trd, 4318640.993, 138
Trd, 4318642.843, 77
Trd, 4318643.243, 73
Trd, 4318644.643, 62
Trd, 4318644.893, 62
Trd, 4318646.343, 140
Trd, 4318646.893, 139
Trd, 4318647.643, 140
Trd, 4318647.943, 140
Trd, 4318647.993, 140
Trd, 4318648.143, 140
Trd, 4318648.593, 140
Trd, 4318648.993, 101
Trd, 4318650.143, 140
Trd, 4318650.793, 140
Trd, 4318651.493, 140
Trd, 4318652.143, 140
Trd, 4318653.743, 69
Trd, 4318654.043, 62
Trd, 4318654.693, 63
Trd, 4318655.643, 61
Trd, 4318655.843, 61
Trd, 4318656.743, 67
Trd, 4318657.743, 66
Trd, 4318657.893, 65
Trd, 4318658.293, 140
Trd, 4318659.043, 140
Trd, 4318659.143, 140
Trd, 4318659.493, 140
Trd, 4318659.693, 140
Trd, 4318660.993, 140
Trd, 4318661.243, 140
Trd, 4318662.543, 140
Trd, 4318662.893, 140
Trd, 4318663.443, 140
Trd, 4318663.593, 140
Trd, 4318663.643, 139
Trd, 4318664.393, 140
Trd, 4318665.143, 140
Trd, 4318665.393, 139
Trd, 4318667.893, 61
Trd, 4318668.993, 63
Trd, 4318669.393, 62
Trd, 4318669.593, 139
Trd, 4318670.043, 63
Trd, 4318670.193, 68
Trd, 4318670.843, 66
Trd, 4318671.643, 138
Trd, 4318672.043, 67
Trd, 4318672.843, 140
Trd, 4318673.043, 140
Trd, 4318673.593, 72
Trd, 4318673.843, 71
Trd, 4318675.043, 64
Trd, 4318675.293, 140
Trd, 4318676.043, 138
Trd, 4318679.143, 60
Trd, 4318679.843, 62
Trd, 4318679.943, 65
Trd, 4318680.043, 64
Trd, 4318680.093, 63
Trd, 4318680.793, 68
Trd, 4318680.893, 67
Trd, 4318681.443, 68
Trd, 4318682.243, 70
Trd, 4318682.693, 125
Trd, 4318683.343, 140
Trd, 4318683.543, 139
Trd, 4318684.243, 140
Trd, 4318684.743, 140
Trd, 4318685.793, 64
Trd, 4318686.993, 60
Trd, 4318688.093, 60
Trd, 4318690.143, 60
Trd, 4318691.543, 60
Trd, 4318693.443, 60
Trd, 4318693.993, 60
Trd, 4318694.493, 61
Trd, 4318695.043, 67
Trd, 4318695.443, 64
Trd, 4318695.693, 63
Trd, 4318695.993, 60
Trd, 4318698.493, 60
Trd, 4318699.093, 60
Trd, 4318703.593, 60
Trd, 4318703.993, 62
Trd, 4318704.643, 64
Trd, 4318704.793, 64
Trd, 4318704.993, 62
Trd, 4318705.043, 85
Trd, 4318705.993, 140
Trd, 4318706.193, 106
Trd, 4318707.893, 140
Trd, 4318708.443, 140
Trd, 4318708.993, 140
Trd, 4318709.043, 140
Trd, 4318709.543, 140
Trd, 4318710.143, 140
Trd, 4318710.843, 140
Trd, 4318711.043, 140
Trd, 4318712.093, 128
Trd, 4318712.293, 113
Trd, 4318713.493, 140
Trd, 4318713.693, 140
Trd, 4318714.043, 61
Trd, 4318714.843, 139
Trd, 4318715.443, 140
Trd, 4318715.493, 140
Trd, 4318716.043, 138
Trd, 4318717.043, 64
Trd, 4318718.443, 76
Trd, 4318718.543, 63
Trd, 4318720.693, 60
Trd, 4318721.993, 60
Trd, 4318722.743, 61
Trd, 4318723.093, 62
Trd, 4318723.243, 62
Trd, 4318723.293, 64
Trd, 4318723.493, 63
Trd, 4318724.193, 65
Trd, 4318725.093, 62
Trd, 4318725.243, 140
Trd, 4318725.743, 140
Trd, 4318725.793, 140
Trd, 4318726.543, 64
Trd, 4318728.143, 140
Trd, 4318728.293, 140
Trd, 4318730.193, 140
Trd, 4318730.293, 140
Trd, 4318731.593, 140
Trd, 4318731.643, 140
Trd, 4318731.843, 138
Trd, 4318732.293, 76
Trd, 4318732.393, 140
Trd, 4318732.493, 75
Trd, 4318732.943, 73
Trd, 4318733.743, 62
Trd, 4318734.143, 131
Trd, 4318735.893, 60
Trd, 4318737.493, 140
Trd, 4318737.543, 140
Trd, 4318737.943, 140
Trd, 4318738.443, 140
Trd, 4318738.743, 140
Trd, 4318739.543, 140
Trd, 4318740.393, 140
Trd, 4318740.443, 140
Trd, 4318741.293, 134
Trd, 4318741.393, 134
Trd, 4318742.793, 140
Trd, 4318743.143, 140
Trd, 4318743.293, 134
Trd, 4318743.943, 139
Trd, 4318744.293, 140
Trd, 4318744.843, 126
Trd, 4318744.893, 125
Trd, 4318746.493, 62
Trd, 4318748.593, 60
Trd, 4318750.493, 60
Trd, 4318753.343, 60
Trd, 4318754.843, 60
Trd, 4318755.093, 60
Trd, 4318755.193, 61
Trd, 4318755.393, 61
Trd, 4318756.243, 63
Trd, 4318756.293, 62
Trd, 4318756.343, 68
Trd, 4318757.593, 140
Trd, 4318758.193, 140
Trd, 4318758.293, 140
Trd, 4318759.443, 67
Trd, 4318761.093, 61
Trd, 4318762.243, 63
Trd, 4318762.743, 60
Trd, 4318764.493, 70
Trd, 4318764.543, 69
Trd, 4318765.143, 72
Trd, 4318765.643, 67
Trd, 4318766.093, 65
Trd, 4318766.443, 65
Trd, 4318766.893, 113
Trd, 4318767.543, 140
Trd, 4318767.993, 140
Trd, 4318768.243, 140
Trd, 4318770.993, 140
Trd, 4318771.043, 140
Trd, 4318771.593, 140
Trd, 4318771.793, 140
Trd, 4318772.543, 140
Trd, 4318772.593, 140
Trd, 4318773.043, 140
Trd, 4318773.543, 140
Trd, 4318773.643, 140
Trd, 4318773.843, 97
Trd, 4318776.693, 61
Trd, 4318776.743, 62
Trd, 4318778.493, 60
Trd, 4318779.243, 60
Trd, 4318779.843, 60
Trd, 4318781.743, 60
Trd, 4318782.843, 60
Trd, 4318782.943, 64
Trd, 4318783.843, 60
Trd, 4318784.643, 66
Trd, 4318785.143, 67
Trd, 4318785.393, 69
Trd, 4318785.843, 71
Trd, 4318785.943, 68
Trd, 4318786.343, 67
Trd, 4318787.443, 140
Trd, 4318787.943, 140
Trd, 4318789.293, 140
Trd, 4318789.693, 140
Trd, 4318790.793, 140
Trd, 4318791.193, 140
Trd, 4318791.493, 140
Trd, 4318792.443, 140
Trd, 4318792.693, 140
Trd, 4318793.543, 140
Trd, 4318793.643, 140
Trd, 4318794.743, 140
Trd, 4318794.843, 140
Trd, 4318795.493, 140
Trd, 4318796.193, 140
Trd, 4318796.293, 140
Trd, 4318797.343, 140
Trd, 4318798.343, 140
Trd, 4318799.593, 140
Trd, 4318800.393, 140
Trd, 4318801.093, 140
Trd, 4318801.443, 140
Trd, 4318801.993, 140
Trd, 4318802.193, 139
Trd, 4318802.593, 133
Trd, 4318803.443, 139
Trd, 4318803.743, 140
Trd, 4318803.793, 139
Trd, 4318805.943, 117
Trd, 4318806.243, 93
Trd, 4318809.093, 60
Trd, 4318810.193, 60
Trd, 4318810.643, 60
Trd, 4318810.893, 61
Trd, 4318811.193, 61
Trd, 4318811.443, 66
Trd, 4318811.643, 63
Trd, 4318812.893, 65
Trd, 4318813.043, 65
Trd, 4318813.643, 64
Trd, 4318814.343, 63
Trd, 4318814.843, 61
Trd, 4318815.993, 67
Trd, 4318816.493, 79
Trd, 4318817.393, 62
Trd, 4318818.793, 63
Trd, 4318819.693, 61
Trd, 4318820.443, 65
Trd, 4318821.443, 87
Trd, 4318821.843, 76
Trd, 4318822.943, 140
Trd, 4318823.193, 140
Trd, 4318823.243, 140
Trd, 4318823.693, 140
Trd, 4318823.843, 140
Trd, 4318824.043, 62
Trd, 4318825.643, 140
Trd, 4318825.843, 115
Trd, 4318827.143, 119
Trd, 4318827.793, 140
Trd, 4318829.243, 140
Trd, 4318829.343, 140
Trd, 4318829.843, 140
Trd, 4318830.493, 140
Trd, 4318831.193, 140
Trd, 4318831.393, 140
Trd, 4318832.343, 140
Trd, 4318832.593, 140
Trd, 4318833.343, 140
Trd, 4318833.543, 140
Trd, 4318833.643, 140
Trd, 4318834.943, 139
Trd, 4318834.993, 138
Trd, 4318835.543, 65
Trd, 4318837.243, 61
Trd, 4318837.693, 62
Trd, 4318841.193, 64
Trd, 4318841.343, 65
Trd, 4318842.043, 61
Trd, 4318842.143, 62
Trd, 4318842.393, 70
Trd, 4318843.093, 64
Trd, 4318844.143, 71
Trd, 4318844.293, 95
Trd, 4318845.243, 71
Trd, 4318845.693, 70
Trd, 4318845.943, 68
Trd, 4318846.643, 138
Trd, 4318847.493, 65
Trd, 4318847.993, 140
Trd, 4318848.443, 68
Trd, 4318848.593, 72
Trd, 4318850.293, 72
Trd, 4318850.743, 73
Trd, 4318851.993, 138
Trd, 4318852.393, 140
Trd, 4318852.743, 139
Trd, 4318853.193, 140
Trd, 4318853.243, 140
Trd, 4318853.643, 140
Trd, 4318854.943, 140
Trd, 4318855.093, 140
Trd, 4318855.343, 140
Trd, 4318855.443, 140
Trd, 4318857.393, 63
Trd, 4318858.043, 65
Trd, 4318858.143, 64
Trd, 4318859.193, 63
Trd, 4318859.943, 140
Trd, 4318860.743, 98
Trd, 4318861.243, 68
Trd, 4318862.393, 72
Trd, 4318862.493, 70
Trd, 4318863.443, 140
Trd, 4318863.743, 140
Trd, 4318864.593, 74
Trd, 4318865.843, 140
Trd, 4318866.293, 140
Trd, 4318866.693, 140
Trd, 4318866.793, 140
Trd, 4318866.993, 140
Trd, 4318867.593, 64
Trd, 4318868.443, 136
Trd, 4318869.093, 123
Trd, 4318869.793, 133
Trd, 4318870.293, 123
Trd, 4318870.943, 139
Trd, 4318871.193, 138
Trd, 4318871.643, 81
Trd, 4318873.493, 61
Trd, 4318877.343, 60
Trd, 4318877.543, 60
Trd, 4318878.293, 61
Trd, 4318878.543, 63
Trd, 4318878.693, 64
Trd, 4318878.793, 61
Trd, 4318879.543, 66
Trd, 4318879.743, 73
Trd, 4318880.093, 67
Trd, 4318881.493, 140
Trd, 4318882.243, 140
Trd, 4318882.943, 140
Trd, 4318882.993, 140
Trd, 4318884.293, 140
Trd, 4318884.793, 140
Trd, 4318885.143, 140
Trd, 4318885.693, 140
Trd, 4318886.043, 140
Trd, 4318886.193, 140
Trd, 4318886.243, 140
Trd, 4318887.843, 140
Trd, 4318888.343, 140
Trd, 4318888.643, 140
Trd, 4318888.743, 140
Trd, 4318888.843, 111
Trd, 4318890.243, 140
Trd, 4318890.543, 140
Trd, 4318890.943, 140
Trd, 4318891.443, 140
Trd, 4318892.693, 140
Trd, 4318892.993, 140
Trd, 4318893.143, 140
Trd, 4318893.593, 140
Trd, 4318895.443, 140
Trd, 4318895.993, 140
Trd, 4318896.143, 140
Trd, 4318896.843, 140
Trd, 4318897.843, 140
Trd, 4318898.043, 140
Trd, 4318898.193, 137
Trd, 4318899.093, 139
Trd, 4318899.843, 69
Trd, 4318900.693, 116
Trd, 4318901.293, 131
Trd, 4318902.243, 140
Trd, 4318902.543, 140
Trd, 4318902.593, 140
Trd, 4318903.043, 131
Trd, 4318903.393, 135
Trd, 4318903.443, 131
Trd, 4318905.243, 60
Trd, 4318906.393, 87
Trd, 4318906.643, 87
Trd, 4318906.893, 86
Trd, 4318908.143, 140
Trd, 4318908.243, 79
Trd, 4318908.943, 79
Trd, 4318910.493, 61
Trd, 4318911.943, 60
Trd, 4318913.143, 60
Trd, 4318913.193, 61
Trd, 4318913.843, 60
Trd, 4318914.743, 62
Trd, 4318915.093, 63
Trd, 4318915.593, 66
Trd, 4318916.243, 139
Trd, 4318916.643, 138
Trd, 4318917.243, 138
Trd, 4318917.343, 137
Trd, 4318918.093, 136
Trd, 4318918.293, 138
Trd, 4318919.493, 140
Trd, 4318920.093, 140
Trd, 4318920.543, 140
Trd, 4318921.743, 140
Trd, 4318921.843, 140
Trd, 4318922.093, 140
Trd, 4318922.843, 140
Trd, 4318923.993, 140
Trd, 4318924.893, 140
Trd, 4318927.843, 140
Trd, 4318928.293, 140
Trd, 4318928.443, 140
Trd, 4318929.243, 140
Trd, 4318929.293, 140
Trd, 4318929.393, 140
Trd, 4318929.443, 137
Trd, 4318929.493, 137
Trd, 4318929.743, 106
Trd, 4318931.993, 61
Trd, 4318933.243, 61
Trd, 4318934.643, 60
Trd, 4318934.843, 60
Trd, 4318935.993, 62
Trd, 4318936.693, 60
Trd, 4318937.293, 61
Trd, 4318937.543, 63
Trd, 4318938.143, 61
Trd, 4318938.443, 62
Trd, 4318939.093, 67
Trd, 4318939.393, 139
Trd, 4318940.293, 72
Trd, 4318940.993, 70
Trd, 4318941.043, 68
Trd, 4318941.893, 92
Trd, 4318943.793, 140
Trd, 4318944.293, 140
Trd, 4318944.943, 140
Trd, 4318945.193, 140
Trd, 4318945.443, 140
Trd, 4318945.543, 140
Trd, 4318945.893, 140
Trd, 4318946.843, 140
Trd, 4318948.243, 140
Trd, 4318949.343, 140
Trd, 4318949.593, 140
Trd, 4318949.943, 140
Trd, 4318950.543, 140
Trd, 4318950.693, 139
Trd, 4318951.193, 140
Trd, 4318951.893, 140
Trd, 4318952.343, 140
Trd, 4318952.393, 140
Trd, 4318952.993, 140
Trd, 4318955.293, 140
Trd, 4318956.043, 140
Trd, 4318956.093, 140
Trd, 4318956.293, 140
Trd, 4318957.493, 140
Trd, 4318957.793, 140
Trd, 4318959.493, 140
Trd, 4318959.543, 140
Trd, 4318959.893, 140
Trd, 4318960.943, 140
Trd, 4318961.793, 140
Trd, 4318962.293, 140
Trd, 4318962.993, 140
Trd, 4318963.493, 140
Trd, 4318963.843, 140
Trd, 4318964.993, 140
Trd, 4318965.843, 140
Trd, 4318966.693, 140
Trd, 4318968.143, 140
Trd, 4318968.243, 140
Trd, 4318968.943, 140
Trd, 4318969.093, 140
Trd, 4318969.493, 140
Trd, 4318970.193, 140
Trd, 4318970.443, 139
Trd, 4318970.893, 139
Trd, 4318971.193, 138
Trd, 4318971.293, 62
Trd, 4318972.543, 139
Trd, 4318972.593, 137
Trd, 4318973.643, 140
Trd, 4318976.043, 140
Trd, 4318976.493, 140
Trd, 4318976.793, 140
Trd, 4318977.493, 140
Trd, 4318977.593, 140
Trd, 4318978.243, 140
Trd, 4318979.343, 140
Trd, 4318979.943, 140
Trd, 4318980.393, 140
Trd, 4318981.343, 140
Trd, 4318981.693, 140
Trd, 4318982.193, 140
Trd, 4318983.143, 60
Trd, 4318983.793, 128
Trd, 4318985.343, 140
Trd, 4318985.693, 140
Trd, 4318986.143, 140
Trd, 4318986.243, 139
Trd, 4318986.743, 65
Trd, 4318987.543, 140
Trd, 4318988.193, 60
Trd, 4318988.743, 138
Trd, 4318989.143, 137
Trd, 4318991.043, 61
Trd, 4318992.293, 61
Trd, 4318995.593, 60
Trd, 4318995.793, 60
Trd, 4318995.843, 60
Trd, 4318996.843, 62
Trd, 4318996.943, 62
Trd, 4318997.293, 61
Trd, 4318997.693, 71
Trd, 4318998.393, 106
Trd, 4318999.093, 76
Trd, 4318999.693, 70
Trd, 4319000.293, 140
Trd, 4319002.343, 60
Trd, 4319002.393, 61
Trd, 4319006.193, 60
Trd, 4319006.293, 61
Trd, 4319006.393, 60
Trd, 4319006.643, 61
Trd, 4319006.693, 62
Trd, 4319006.893, 62
Trd, 4319007.043, 64
Trd, 4319007.593, 61
Trd, 4319008.643, 72
Trd, 4319008.843, 140
Trd, 4319009.493, 67
Trd, 4319010.243, 68
Trd, 4319011.043, 140
Trd, 4319011.543, 73
Trd, 4319013.143, 73
Trd, 4319013.593, 74
Trd, 4319013.893, 74
Trd, 4319014.643, 119
Trd, 4319014.943, 139
Trd, 4319015.643, 139
Trd, 4319016.243, 140
Trd, 4319016.343, 140
Trd, 4319016.793, 140
Trd, 4319019.193, 140
Trd, 4319019.493, 140
Trd, 4319019.843, 140
Trd, 4319020.393, 140
Trd, 4319021.343, 140
Trd, 4319022.043, 140
Trd, 4319022.243, 140
Trd, 4319023.443, 140
Trd, 4319023.543, 140
Trd, 4319024.243, 140
Trd, 4319025.993, 140
Trd, 4319026.493, 140
Trd, 4319026.743, 140
Trd, 4319026.893, 140
Trd, 4319027.193, 140
Trd, 4319027.843, 139
Trd, 4319028.143, 140
Trd, 4319028.743, 140
Trd, 4319029.493, 140
Trd, 4319029.793, 140
Trd, 4319031.693, 140
Trd, 4319032.343, 140
Trd, 4319032.493, 140
Trd, 4319033.443, 140
Trd, 4319033.593, 139
Trd, 4319035.143, 140
Trd, 4319036.143, 140
Trd, 4319037.293, 140
Trd, 4319038.443, 140
Trd, 4319038.593, 140
Trd, 4319038.743, 140
Trd, 4319039.093, 140
Trd, 4319039.743, 140
Trd, 4319039.843, 140
Trd, 4319040.093, 139
Trd, 4319040.593, 66
Trd, 4319044.793, 66
Trd, 4319045.943, 60
Trd, 4319046.843, 61
Trd, 4319047.393, 63
Trd, 4319047.543, 65
Trd, 4319048.043, 64
Trd, 4319048.743, 69
Trd, 4319048.943, 67
Trd, 4319049.943, 116
Trd, 4319050.643, 117
Trd, 4319051.143, 132
Trd, 4319051.393, 133
Trd, 4319051.493, 132
Trd, 4319051.543, 131
Trd, 4319051.893, 64
Trd, 4319051.993, 133
Trd, 4319053.243, 139
Trd, 4319054.343, 140
Trd, 4319054.693, 140
Trd, 4319055.193, 67
Trd, 4319056.493, 140
Trd, 4319058.343, 67
Trd, 4319060.293, 60
Trd, 4319061.593, 62
Trd, 4319062.343, 63
Trd, 4319062.693, 63
Trd, 4319062.793, 63
Trd, 4319062.843, 62
Trd, 4319064.043, 140
Trd, 4319064.393, 140
Trd, 4319064.793, 77
Trd, 4319065.393, 78
Trd, 4319065.443, 100
Trd, 4319065.643, 67
Trd, 4319065.943, 138
Trd, 4319066.693, 68
Trd, 4319068.643, 85
Trd, 4319069.393, 139
Trd, 4319070.293, 90
Trd, 4319071.193, 140
Trd, 4319071.443, 140
Trd, 4319072.343, 140
Trd, 4319073.743, 140
Trd, 4319073.993, 140
Trd, 4319074.043, 140
Trd, 4319074.393, 140
Trd, 4319074.743, 140
Trd, 4319077.393, 140
Trd, 4319077.943, 140
Trd, 4319078.443, 140
Trd, 4319078.993, 140
Trd, 4319079.693, 140
Trd, 4319081.443, 140
Trd, 4319081.943, 140
Trd, 4319082.093, 140
Trd, 4319083.443, 140
Trd, 4319083.493, 140
Trd, 4319084.193, 140
Trd, 4319085.093, 140
Trd, 4319085.743, 140
Trd, 4319085.993, 140
Trd, 4319086.193, 140
Trd, 4319086.793, 140
Trd, 4319087.693, 140
Trd, 4319089.143, 140
Trd, 4319089.543, 140
Trd, 4319089.943, 140
Trd, 4319090.193, 140
Trd, 4319091.943, 140
Trd, 4319092.493, 140
Trd, 4319093.043, 140
Trd, 4319093.443, 140
Trd, 4319093.793, 140
Trd, 4319093.843, 140
Trd, 4319094.143, 139
Trd, 4319094.543, 140
Trd, 4319095.543, 140
Trd, 4319097.393, 140
Trd, 4319097.493, 140
Trd, 4319097.893, 140
Trd, 4319098.543, 138
Trd, 4319098.793, 138
Trd, 4319099.493, 93
Trd, 4319100.043, 140
Trd, 4319101.443, 61
Trd, 4319103.543, 61
Trd, 4319104.443, 63
Trd, 4319104.593, 65
Trd, 4319107.743, 62
Trd, 4319108.193, 62
Trd, 4319108.343, 61
Trd, 4319108.443, 63
Trd, 4319108.543, 140
Trd, 4319109.493, 65
Trd, 4319109.543, 64
Trd, 4319110.843, 73
Trd, 4319111.693, 140
Trd, 4319111.993, 136
Trd, 4319112.843, 76
Trd, 4319113.293, 140
Trd, 4319114.193, 140
Trd, 4319115.393, 140
Trd, 4319115.993, 140
Trd, 4319116.143, 140
Trd, 4319116.293, 140
Trd, 4319116.993, 140
Trd, 4319118.093, 140
Trd, 4319118.693, 140
Trd, 4319118.743, 140
Trd, 4319118.843, 139
Trd, 4319118.993, 138
Trd, 4319119.843, 138
Trd, 4319119.993, 138
Trd, 4319121.293, 138
Trd, 4319122.043, 63
Trd, 4319122.293, 63
Trd, 4319124.993, 68
Trd, 4319125.743, 61
Trd, 4319127.943, 61
Trd, 4319128.643, 61
Trd, 4319128.843, 69
Trd, 4319129.093, 70
Trd, 4319129.893, 71
Trd, 4319130.493, 74
Trd, 4319130.593, 74
Trd, 4319130.893, 71
Trd, 4319131.043, 137
Trd, 4319131.643, 73
Trd, 4319132.093, 73
Trd, 4319134.043, 63
Trd, 4319134.243, 71
Trd, 4319134.843, 140
Trd, 4319135.093, 140
Trd, 4319136.093, 140
Trd, 4319136.143, 140
Trd, 4319136.393, 140
Trd, 4319138.443, 140
Trd, 4319139.043, 140
Trd, 4319140.143, 140
Trd, 4319141.993, 140
Trd, 4319142.793, 140
Trd, 4319142.843, 140
Trd, 4319143.043, 140
Trd, 4319143.543, 140
Trd, 4319144.143, 140
Trd, 4319144.593, 140
Trd, 4319144.893, 140
Trd, 4319145.543, 140
Trd, 4319147.093, 140
Trd, 4319147.943, 140
Trd, 4319148.293, 140
Trd, 4319148.393, 140
Trd, 4319149.193, 140
Trd, 4319149.393, 140
Trd, 4319149.543, 140
Trd, 4319149.943, 140
Trd, 4319150.793, 140
Trd, 4319152.393, 140
Trd, 4319152.493, 110
Trd, 4319153.443, 140
Trd, 4319153.543, 140
Trd, 4319154.593, 140
Trd, 4319155.643, 140
Trd, 4319156.093, 133
Trd, 4319157.143, 140
Trd, 4319157.643, 140
Trd, 4319158.593, 140
Trd, 4319158.643, 139
Trd, 4319159.893, 121
Trd, 4319160.393, 140
Trd, 4319161.993, 139
Trd, 4319163.243, 140
Trd, 4319163.343, 140
Trd, 4319164.843, 140
Trd, 4319165.043, 140
Trd, 4319166.893, 140
Trd, 4319166.943, 140
Trd, 4319167.143, 140
Trd, 4319167.243, 140
Trd, 4319167.843, 140
Trd, 4319168.743, 140
Trd, 4319169.143, 139
Trd, 4319169.193, 113
Trd, 4319170.093, 140
Trd, 4319171.343, 140
Trd, 4319171.593, 140
Trd, 4319171.693, 140
Trd, 4319172.343, 139
Trd, 4319172.893, 137
Trd, 4319174.543, 66
Trd, 4319175.393, 120
Trd, 4319175.943, 61
Trd, 4319176.993, 64
Trd, 4319178.093, 60
Trd, 4319180.343, 60
Trd, 4319180.443, 64
Trd, 4319181.043, 69
Trd, 4319181.143, 63
Trd, 4319181.293, 62
Trd, 4319182.093, 140
Trd, 4319183.693, 72
Trd, 4319184.243, 70
Trd, 4319184.493, 69
Trd, 4319184.743, 127
Trd, 4319185.193, 129
Trd, 4319185.543, 128
Trd, 4319186.743, 140
Trd, 4319186.793, 139
Trd, 4319187.393, 96
Trd, 4319188.243, 96
Trd, 4319188.543, 93
Trd, 4319190.443, 140
Trd, 4319190.543, 140
Trd, 4319192.393, 140
Trd, 4319192.543, 140
Trd, 4319192.593, 140
Trd, 4319193.093, 140
Trd, 4319194.293, 140
Trd, 4319194.593, 139
Trd, 4319194.643, 138
Trd, 4319195.043, 138
Trd, 4319196.643, 140
Trd, 4319196.893, 138
Trd, 4319197.193, 139
Trd, 4319198.393, 138
Trd, 4319199.243, 139
Trd, 4319200.293, 64
Trd, 4319201.293, 123
Trd, 4319201.593, 139
Trd, 4319203.893, 140
Trd, 4319203.943, 140
Trd, 4319204.593, 121
Trd, 4319207.743, 60
Trd, 4319207.993, 60
Trd, 4319208.043, 62
Trd, 4319209.793, 60
Trd, 4319209.843, 60
Trd, 4319209.893, 60
Trd, 4319210.843, 61
Trd, 4319211.243, 61
Trd, 4319211.493, 98
Trd, 4319212.293, 140
Trd, 4319213.143, 140
Trd, 4319213.743, 140
Trd, 4319213.793, 139
Trd, 4319214.193, 93
Trd, 4319214.843, 72
Trd, 4319215.293, 73
Trd, 4319215.793, 80
Trd, 4319216.843, 77
Trd, 4319218.193, 140
Trd, 4319218.693, 140
Trd, 4319218.943, 140
Trd, 4319219.993, 140
Trd, 4319220.593, 140
Trd, 4319222.393, 140
Trd, 4319222.643, 140
Trd, 4319222.743, 140
Trd, 4319222.793, 140
Trd, 4319223.943, 140
Trd, 4319224.493, 140
Trd, 4319225.293, 140
Trd, 4319225.343, 140
Trd, 4319225.843, 132
Trd, 4319226.543, 140
Trd, 4319226.793, 140
Trd, 4319227.293, 140
Trd, 4319229.143, 140
Trd, 4319229.243, 140
Trd, 4319229.393, 140
Trd, 4319229.993, 140
Trd, 4319231.343, 140
Trd, 4319231.493, 140
Trd, 4319231.893, 140
Trd, 4319232.393, 140
Trd, 4319232.693, 140
Trd, 4319233.993, 117
Trd, 4319235.643, 139
Trd, 4319236.343, 140
Trd, 4319236.543, 140
Trd, 4319236.693, 140
Trd, 4319237.193, 140
Trd, 4319239.043, 140
Trd, 4319239.193, 140
Trd, 4319239.243, 140
Trd, 4319239.543, 140
Trd, 4319240.293, 140
Trd, 4319241.243, 140
Trd, 4319241.443, 140
Trd, 4319242.193, 140
Trd, 4319242.993, 140
Trd, 4319243.443, 140
Trd, 4319244.093, 140
Trd, 4319244.893, 137
Trd, 4319246.093, 130
Trd, 4319246.943, 140
Trd, 4319247.343, 140
Trd, 4319247.993, 140
Trd, 4319248.943, 140
Trd, 4319249.443, 140
Trd, 4319249.943, 140
Trd, 4319250.293, 103
Trd, 4319251.293, 130
Trd, 4319252.543, 140
Trd, 4319253.643, 140
Trd, 4319253.693, 140
Trd, 4319254.243, 140
Trd, 4319254.343, 140
Trd, 4319254.593, 140
Trd, 4319255.043, 140
Trd, 4319256.193, 140
Trd, 4319256.393, 140
Trd, 4319257.893, 140
Trd, 4319258.093, 137
Trd, 4319258.693, 137
Trd, 4319259.843, 139
Trd, 4319259.943, 138
Trd, 4319260.193, 61
Trd, 4319261.693, 140
Trd, 4319263.043, 140
Trd, 4319263.543, 140
Trd, 4319263.643, 140
Trd, 4319264.943, 140
Trd, 4319265.043, 140
Trd, 4319265.343, 140
Trd, 4319265.743, 140
Trd, 4319266.293, 140
Trd, 4319266.393, 140
Trd, 4319266.743, 140
Trd, 4319268.843, 140
Trd, 4319269.593, 140
Trd, 4319269.643, 139
Trd, 4319269.743, 112
Trd, 4319270.043, 60
Trd, 4319271.243, 140
Trd, 4319272.443, 140
Trd, 4319272.893, 140
Trd, 4319273.743, 140
Trd, 4319273.893, 140
Trd, 4319274.643, 140
Trd, 4319274.843, 140
Trd, 4319275.843, 140
Trd, 4319275.993, 140
Trd, 4319276.443, 140
Trd, 4319277.693, 140
Trd, 4319278.593, 140
Trd, 4319279.393, 140
Trd, 4319279.743, 140
Trd, 4319280.343, 140
Trd, 4319281.293, 140
Trd, 4319281.993, 140
Trd, 4319282.293, 140
Trd, 4319282.343, 140
Trd, 4319283.043, 140
Trd, 4319283.443, 140
Trd, 4319283.843, 139
Trd, 4319284.793, 140
Trd, 4319285.393, 138
Trd, 4319285.743, 140
Trd, 4319285.993, 137
Trd, 4319287.643, 114
Trd, 4319288.993, 135
Trd, 4319289.293, 135
Trd, 4319289.993, 135
Trd, 4319290.243, 140
Trd, 4319290.293, 134
Trd, 4319291.393, 139
Trd, 4319291.543, 130
Trd, 4319292.593, 129
Trd, 4319294.793, 62
Trd, 4319294.943, 60
Trd, 4319297.543, 60
Trd, 4319297.943, 61
Trd, 4319298.893, 64
Trd, 4319299.293, 66
Trd, 4319301.393, 61
Trd, 4319301.843, 61
Trd, 4319302.293, 63
Trd, 4319302.993, 63
Trd, 4319303.143, 63
Trd, 4319303.843, 66
Trd, 4319304.193, 71
Trd, 4319304.693, 72
Trd, 4319304.743, 69
Trd, 4319305.493, 88
Trd, 4319305.743, 70
Trd, 4319306.343, 78
Trd, 4319307.293, 63
Trd, 4319309.943, 66
Trd, 4319311.893, 60
Trd, 4319312.143, 60
Trd, 4319312.543, 61
Trd, 4319312.743, 62
Trd, 4319313.093, 64
Trd, 4319313.193, 90
Trd, 4319313.993, 60
Trd, 4319314.543, 63
Trd, 4319315.193, 62
Trd, 4319316.043, 63
Trd, 4319317.543, 68
Trd, 4319318.643, 72
Trd, 4319319.593, 73
Trd, 4319319.643, 70
Trd, 4319320.393, 60
Trd, 4319320.543, 64
Trd, 4319321.243, 64
Trd, 4319324.493, 60
Trd, 4319326.093, 61
Trd, 4319326.993, 60
Trd, 4319327.893, 63
Trd, 4319329.443, 67
Trd, 4319329.593, 60
Trd, 4319329.993, 63
Trd, 4319330.643, 65
Trd, 4319330.893, 93
Trd, 4319331.793, 64
Trd, 4319332.493, 67
Trd, 4319333.243, 139
Trd, 4319335.293, 61
Trd, 4319335.643, 60
Trd, 4319336.743, 60
Trd, 4319339.093, 67
Trd, 4319339.193, 65
Trd, 4319340.143, 65
Trd, 4319340.293, 63
Trd, 4319341.093, 60
Trd, 4319341.493, 63
Trd, 4319343.293, 60
Trd, 4319343.743, 60
Trd, 4319345.593, 82
Trd, 4319346.543, 60
Trd, 4319346.743, 62
Trd, 4319346.893, 61
Trd, 4319347.493, 112
Trd, 4319347.643, 138
Trd, 4319349.443, 60
Trd, 4319349.743, 60
Trd, 4319350.193, 64
Trd, 4319350.243, 63
Trd, 4319351.693, 70
Trd, 4319351.743, 69
Trd, 4319352.643, 140
Trd, 4319352.893, 140
Trd, 4319353.393, 140
Trd, 4319353.593, 140
Trd, 4319354.143, 140
Trd, 4319355.193, 140
Trd, 4319356.343, 140
Trd, 4319357.093, 140
Trd, 4319357.543, 140
Trd, 4319358.493, 140
Trd, 4319358.843, 140
Trd, 4319359.343, 140
Trd, 4319359.393, 140
Trd, 4319359.793, 140
Trd, 4319360.843, 140
Trd, 4319360.893, 140
Trd, 4319361.343, 140
Trd, 4319361.543, 137
Trd, 4319364.593, 85
Trd, 4319365.393, 87
Trd, 4319365.493, 85
Trd, 4319366.243, 86
Trd, 4319366.593, 86
Trd, 4319367.843, 140
Trd, 4319369.093, 140
Trd, 4319369.793, 140
Trd, 4319370.093, 140
Trd, 4319370.643, 140
Trd, 4319370.793, 140
Trd, 4319370.993, 139
Trd, 4319371.593, 140
Trd, 4319371.943, 140
Trd, 4319373.043, 63
Trd, 4319373.493, 61
Trd, 4319374.043, 60
Trd, 4319376.193, 60
Trd, 4319376.593, 61
Trd, 4319377.893, 63
Trd, 4319378.843, 63
Trd, 4319379.543, 66
Trd, 4319379.743, 67
Trd, 4319380.643, 75
Trd, 4319380.843, 72
Trd, 4319381.193, 73
Trd, 4319382.093, 74
Trd, 4319382.143, 119
Trd, 4319382.993, 140
Trd, 4319383.743, 140
Trd, 4319384.443, 140
Trd, 4319384.743, 140
Trd, 4319384.793, 140
Trd, 4319386.043, 140
Trd, 4319387.143, 125
Trd, 4319387.943, 140
Trd, 4319388.293, 140
Trd, 4319389.643, 140
Trd, 4319390.043, 140
Trd, 4319391.543, 140
Trd, 4319391.643, 140
Trd, 4319391.743, 140
Trd, 4319392.193, 140
Trd, 4319392.943, 140
Trd, 4319393.643, 131
Trd, 4319393.793, 132
Trd, 4319393.993, 130
Trd, 4319394.843, 131
Trd, 4319395.343, 140
Trd, 4319395.943, 140
Trd, 4319396.393, 135
Trd, 4319397.793, 140
Trd, 4319398.143, 140
Trd, 4319398.793, 140
Trd, 4319400.043, 140
Trd, 4319400.143, 140
Trd, 4319400.593, 140
Trd, 4319400.993, 136
Trd, 4319401.093, 125
Trd, 4319402.093, 136
Trd, 4319403.593, 138
Trd, 4319404.543, 140
Trd, 4319404.943, 140
Trd, 4319405.043, 140
Trd, 4319406.143, 140
Trd, 4319408.293, 140
Trd, 4319408.743, 140
Trd, 4319409.193, 140
Trd, 4319409.343, 140
Trd, 4319410.843, 140
Trd, 4319410.993, 140
Trd, 4319411.993, 140
Trd, 4319412.393, 140
Trd, 4319413.743, 140
Trd, 4319414.193, 140
Trd, 4319414.243, 140
Trd, 4319415.693, 140
Trd, 4319415.843, 140
Trd, 4319416.943, 140
Trd, 4319417.143, 140
Trd, 4319417.443, 140
Trd, 4319418.043, 140
Trd, 4319419.793, 140
Trd, 4319419.993, 140
Trd, 4319420.043, 140
Trd, 4319421.843, 140
Trd, 4319422.193, 140
Trd, 4319422.793, 140
Trd, 4319423.043, 140
Trd, 4319423.893, 140
Trd, 4319424.243, 140
Trd, 4319424.893, 140
Trd, 4319425.193, 140
Trd, 4319425.343, 140
Trd, 4319426.793, 139
Trd, 4319427.893, 140
Trd, 4319428.143, 140
Trd, 4319428.393, 140
Trd, 4319429.493, 140
Trd, 4319429.543, 140
Trd, 4319429.993, 140
Trd, 4319430.843, 140
Trd, 4319430.943, 140
Trd, 4319431.693, 140
Trd, 4319432.093, 133
Trd, 4319432.843, 140
Trd, 4319433.793, 140
Trd, 4319433.843, 140
Trd, 4319434.043, 139
Trd, 4319436.143, 140
Trd, 4319436.993, 140
Trd, 4319437.593, 140
Trd, 4319437.643, 140
Trd, 4319438.143, 140
Trd, 4319438.743, 140
Trd, 4319438.843, 139
Trd, 4319438.893, 125
Trd, 4319439.793, 62
Trd, 4319440.593, 67
Trd, 4319443.343, 60
Trd, 4319443.943, 62
Trd, 4319444.793, 60
Trd, 4319445.643, 62
Trd, 4319446.893, 63
Trd, 4319448.343, 60
Trd, 4319448.593, 62
Trd, 4319448.743, 64
Trd, 4319450.743, 65
Trd, 4319451.043, 64
Trd, 4319451.793, 65
Trd, 4319452.093, 140
Trd, 4319452.293, 64
Trd, 4319452.843, 63
Trd, 4319453.893, 140
Trd, 4319455.093, 140
Trd, 4319455.143, 140
Trd, 4319455.843, 140
Trd, 4319457.543, 140
Trd, 4319457.793, 140
Trd, 4319458.293, 140
Trd, 4319458.743, 140
Trd, 4319459.493, 140
Trd, 4319459.793, 140
Trd, 4319459.843, 140
Trd, 4319461.793, 140
Trd, 4319461.943, 140
Trd, 4319462.493, 140
Trd, 4319464.093, 140
Trd, 4319464.343, 140
Trd, 4319464.993, 140
Trd, 4319465.143, 140
Trd, 4319465.993, 140
Trd, 4319467.193, 140
Trd, 4319467.943, 139
Trd, 4319468.243, 140
Trd, 4319469.043, 140
Trd, 4319469.943, 140
Trd, 4319470.193, 140
Trd, 4319471.043, 140
Trd, 4319471.993, 140
Trd, 4319472.143, 140
Trd, 4319472.193, 139
Trd, 4319473.293, 140
Trd, 4319473.893, 140
Trd, 4319473.943, 137
Trd, 4319474.393, 140
Trd, 4319476.293, 140
Trd, 4319476.893, 140
Trd, 4319477.143, 140
Trd, 4319477.593, 140
Trd, 4319478.293, 140
Trd, 4319478.843, 140
Trd, 4319478.893, 140
Trd, 4319480.593, 140
Trd, 4319481.543, 140
Trd, 4319481.993, 140
Trd, 4319482.193, 140
Trd, 4319482.493, 140
Trd, 4319482.893, 140
Trd, 4319483.343, 140
Trd, 4319484.743, 140
Trd, 4319485.693, 140
Trd, 4319485.793, 140
Trd, 4319486.093, 140
Trd, 4319486.143, 140
Trd, 4319487.193, 140
Trd, 4319487.493, 140
Trd, 4319488.393, 140
Trd, 4319488.493, 140
Trd, 4319489.243, 140
Trd, 4319489.643, 140
Trd, 4319490.443, 140
Trd, 4319491.643, 140
Trd, 4319492.193, 140
Trd, 4319492.343, 140
Trd, 4319492.843, 137
Trd, 4319493.593, 99
Trd, 4319494.293, 140
Trd, 4319494.843, 140
Trd, 4319495.293, 137
Trd, 4319495.643, 137
Trd, 4319496.293, 140
Trd, 4319496.343, 140
Trd, 4319496.693, 140
Trd, 4319498.443, 140
Trd, 4319499.493, 140
Trd, 4319499.693, 140
Trd, 4319500.093, 61
Trd, 4319500.143, 65
Trd, 4319501.393, 102
Trd, 4319501.643, 64
Trd, 4319501.843, 63
Trd, 4319502.043, 62
Trd, 4319502.343, 71
Trd, 4319504.593, 140
Trd, 4319504.843, 140
Trd, 4319505.493, 140
Trd, 4319505.593, 140
Trd, 4319507.143, 140
Trd, 4319507.193, 140
Trd, 4319507.243, 140
Trd, 4319509.743, 140
Trd, 4319510.243, 140
Trd, 4319510.543, 140
Trd, 4319511.393, 140
Trd, 4319511.643, 140
Trd, 4319511.693, 140
Trd, 4319512.143, 140
Trd, 4319513.193, 112
Trd, 4319513.593, 140
Trd, 4319513.843, 112
Trd, 4319515.343, 140
Trd, 4319515.443, 125
Trd, 4319515.643, 140
Trd, 4319516.143, 136
Trd, 4319516.193, 115
Trd, 4319516.343, 114
Trd, 4319518.643, 140
Trd, 4319518.793, 140
Trd, 4319519.443, 140
Trd, 4319519.793, 140
Trd, 4319520.243, 139
Trd, 4319520.743, 115
Trd, 4319521.193, 116
Trd, 4319522.143, 126
Trd, 4319523.843, 70
Trd, 4319525.493, 140
Trd, 4319526.043, 140
Trd, 4319526.493, 140
Trd, 4319527.543, 140
Trd, 4319528.293, 140
Trd, 4319529.093, 140
Trd, 4319529.393, 140
Trd, 4319529.493, 139
Trd, 4319530.943, 140
Trd, 4319531.893, 140
Trd, 4319531.943, 140
Trd, 4319531.993, 140
Trd, 4319532.993, 140
Trd, 4319533.093, 140
Trd, 4319533.943, 140
Trd, 4319533.993, 140
Trd, 4319534.543, 140
Trd, 4319535.443, 138
Trd, 4319537.593, 140
Trd, 4319538.093, 140
Trd, 4319538.443, 140
Trd, 4319538.693, 140
Trd, 4319538.743, 140
Trd, 4319539.443, 140
Trd, 4319539.743, 140
Trd, 4319541.093, 140
Trd, 4319541.343, 140
Trd, 4319541.693, 62
Trd, 4319542.843, 140
Trd, 4319542.943, 140
Trd, 4319543.293, 140
Trd, 4319545.143, 140
Trd, 4319546.443, 140
Trd, 4319546.543, 140
Trd, 4319546.693, 140
Trd, 4319547.543, 140
Trd, 4319547.993, 140
Trd, 4319548.343, 127
Trd, 4319548.793, 140
Trd, 4319550.193, 140
Trd, 4319550.593, 139
Trd, 4319551.093, 140
Trd, 4319551.643, 131
Trd, 4319551.843, 131
Trd, 4319553.293, 113
Trd, 4319555.443, 63
Trd, 4319555.993, 66
Trd, 4319557.743, 65
Trd, 4319558.593, 66
Trd, 4319559.493, 60
Trd, 4319560.893, 62
Trd, 4319560.943, 64
Trd, 4319561.243, 66
Trd, 4319561.493, 65
Trd, 4319562.543, 70
Trd, 4319562.593, 74
Trd, 4319563.793, 75
Trd, 4319564.193, 74
Trd, 4319564.293, 73
Trd, 4319565.643, 140
Trd, 4319566.793, 140
Trd, 4319567.393, 140
Trd, 4319567.493, 140
Trd, 4319567.943, 140
Trd, 4319568.443, 140
Trd, 4319568.693, 138
Trd, 4319570.443, 135
Trd, 4319570.643, 105
Trd, 4319571.543, 140
Trd, 4319571.943, 140
Trd, 4319572.243, 140
Trd, 4319573.543, 140
Trd, 4319573.793, 139
Trd, 4319575.093, 140
Trd, 4319575.893, 140
Trd, 4319576.393, 140
Trd, 4319576.643, 140
Trd, 4319576.843, 140
Trd, 4319577.443, 140
Trd, 4319577.593, 139
Trd, 4319577.643, 66
Trd, 4319579.143, 62
Trd, 4319580.593, 140
Trd, 4319580.843, 140
Trd, 4319580.993, 140
Trd, 4319581.643, 140
Trd, 4319582.843, 140
Trd, 4319584.693, 140
Trd, 4319585.043, 140
Trd, 4319585.193, 140
Trd, 4319585.793, 140
Trd, 4319586.293, 140
Trd, 4319586.393, 140
Trd, 4319586.893, 114
Trd, 4319588.793, 67
Trd, 4319588.993, 69
Trd, 4319590.443, 60
Trd, 4319590.743, 60
Trd, 4319591.743, 61
Trd, 4319594.093, 62
Trd, 4319594.343, 61
Trd, 4319595.893, 60
Trd, 4319595.943, 61
Trd, 4319596.143, 62
Trd, 4319596.593, 63
Trd, 4319596.693, 64
Trd, 4319598.143, 138
Trd, 4319598.343, 72
Trd, 4319599.493, 79
Trd, 4319600.693, 140
Trd, 4319601.393, 140
Trd, 4319601.543, 140
Trd, 4319602.293, 140
Trd, 4319602.493, 140
Trd, 4319602.693, 140
Trd, 4319604.143, 140
Trd, 4319604.993, 140
Trd, 4319605.093, 140
Trd, 4319605.193, 139
Trd, 4319605.743, 91
Trd, 4319607.643, 66
Trd, 4319608.393, 60
Trd, 4319611.293, 62
Trd, 4319612.343, 63
Trd, 4319613.143, 60
Trd, 4319613.743, 61
Trd, 4319613.943, 62
Trd, 4319614.643, 63
Trd, 4319614.843, 64
Trd, 4319615.193, 64
Trd, 4319615.343, 63
Trd, 4319615.793, 61
Trd, 4319616.993, 140
Trd, 4319617.043, 139
Trd, 4319617.143, 86
Trd, 4319618.543, 140
Trd, 4319618.893, 66
Trd, 4319620.193, 60
Trd, 4319620.593, 61
Trd, 4319624.043, 60
Trd, 4319624.193, 60
Trd, 4319625.093, 60
Trd, 4319625.543, 61
Trd, 4319625.643, 62
Trd, 4319625.693, 61
Trd, 4319625.943, 60
Trd, 4319626.793, 61
Trd, 4319628.293, 61
Trd, 4319629.493, 62
Trd, 4319629.993, 75
Trd, 4319630.543, 65
Trd, 4319631.643, 140
Trd, 4319632.843, 82
Trd, 4319633.593, 140
Trd, 4319634.043, 140
Trd, 4319634.943, 140
Trd, 4319635.293, 140
Trd, 4319635.643, 140
Trd, 4319636.293, 140
Trd, 4319636.393, 140
Trd, 4319638.393, 140
Trd, 4319638.743, 140
Trd, 4319639.543, 140
Trd, 4319639.893, 140
Trd, 4319640.543, 140
Trd, 4319640.693, 140
Trd, 4319642.043, 140
Trd, 4319642.493, 140
Trd, 4319642.943, 140
Trd, 4319642.993, 140
Trd, 4319643.893, 140
Trd, 4319645.393, 140
Trd, 4319646.143, 140
Trd, 4319647.293, 140
Trd, 4319647.443, 140
Trd, 4319647.843, 140
Trd, 4319647.893, 140
Trd, 4319648.343, 140
Trd, 4319648.393, 140
Trd, 4319649.443, 139
Trd, 4319649.543, 138
Trd, 4319650.093, 140
Trd, 4319650.593, 140
Trd, 4319652.593, 140
Trd, 4319652.643, 140
Trd, 4319653.493, 140
Trd, 4319653.643, 140
Trd, 4319653.693, 140
Trd, 4319654.943, 140
Trd, 4319655.393, 140
Trd, 4319656.443, 139
Trd, 4319656.943, 139
Trd, 4319657.343, 140
Trd, 4319658.193, 140
Trd, 4319658.793, 140
Trd, 4319659.193, 140
Trd, 4319659.943, 140
Trd, 4319660.993, 140
Trd, 4319661.943, 140
Trd, 4319662.543, 140
Trd, 4319662.693, 140
Trd, 4319663.043, 139
Trd, 4319663.643, 126
Trd, 4319664.193, 118
Trd, 4319665.193, 140
Trd, 4319665.293, 140
Trd, 4319666.493, 140
Trd, 4319667.343, 140
Trd, 4319667.693, 140
Trd, 4319668.943, 140
Trd, 4319669.143, 140
Trd, 4319669.643, 140
Trd, 4319670.843, 140
Trd, 4319671.493, 140
Trd, 4319672.393, 140
Trd, 4319672.843, 140
Trd, 4319672.993, 140
Trd, 4319673.743, 140
Trd, 4319674.593, 140
Trd, 4319675.543, 140
Trd, 4319675.743, 140
Trd, 4319677.193, 140
Trd, 4319677.843, 140
Trd, 4319678.893, 140
Trd, 4319679.993, 140
Trd, 4319680.593, 140
Trd, 4319681.243, 140
Trd, 4319681.893, 140
Trd, 4319682.143, 140
Trd, 4319682.593, 138
Trd, 4319683.043, 131
Trd, 4319683.543, 139
Trd, 4319684.343, 140
Trd, 4319684.393, 139
Trd, 4319684.643, 140
Trd, 4319684.693, 138
Trd, 4319685.693, 120
Trd, 4319686.593, 140
Trd, 4319686.643, 137
Trd, 4319687.343, 140
Trd, 4319689.093, 74
Trd, 4319689.943, 84
Trd, 4319692.043, 64
Trd, 4319692.993, 65
Trd, 4319693.993, 69
Trd, 4319694.193, 70
Trd, 4319694.643, 95
Trd, 4319694.843, 70
Trd, 4319696.043, 140
Trd, 4319696.143, 74
Trd, 4319697.493, 140
Trd, 4319697.593, 140
Trd, 4319697.943, 140
Trd, 4319698.243, 140
Trd, 4319699.543, 140
Trd, 4319699.643, 140
Trd, 4319700.093, 139
Trd, 4319700.893, 112
Trd, 4319701.543, 60
Trd, 4319703.493, 60
Trd, 4319704.643, 60
Trd, 4319704.743, 62
Trd, 4319705.743, 60
Trd, 4319706.243, 66
Trd, 4319706.693, 76
Trd, 4319707.093, 60
Trd, 4319707.293, 61
Trd, 4319707.593, 61
Trd, 4319707.843, 60
Trd, 4319708.093, 60
Trd, 4319710.343, 63
Trd, 4319711.093, 71
Trd, 4319711.293, 107
Trd, 4319712.493, 60
Trd, 4319714.993, 60
Trd, 4319715.393, 60
Trd, 4319715.643, 63
Trd, 4319715.743, 62
Trd, 4319716.243, 64
Trd, 4319716.893, 65
Trd, 4319717.743, 139
Trd, 4319717.893, 65
Trd, 4319718.293, 101
Trd, 4319720.343, 60
Trd, 4319720.843, 64
Trd, 4319721.293, 140
Trd, 4319721.693, 140
Trd, 4319722.093, 139
Trd, 4319723.493, 140
Trd, 4319723.893, 140
Trd, 4319724.143, 129
Trd, 4319727.043, 62
Trd, 4319728.243, 60
Trd, 4319728.293, 60
Trd, 4319728.993, 60
Trd, 4319730.793, 60
Trd, 4319730.893, 60
Trd, 4319730.993, 72
Trd, 4319731.493, 68
Trd, 4319732.393, 140
Trd, 4319732.443, 140
Trd, 4319733.193, 140
Trd, 4319733.793, 140
Trd, 4319735.293, 140
Trd, 4319735.943, 140
Trd, 4319736.393, 140
Trd, 4319736.843, 140
Trd, 4319736.993, 140
Trd, 4319737.443, 140
Trd, 4319738.243, 140
Trd, 4319739.193, 140
Trd, 4319739.393, 140
Trd, 4319740.593, 140
Trd, 4319741.643, 140
Trd, 4319741.793, 140
Trd, 4319742.493, 139
Trd, 4319743.243, 139
Trd, 4319743.343, 138
Trd, 4319743.643, 71
Trd, 4319744.643, 121
Trd, 4319746.143, 129
Trd, 4319746.993, 132
Trd, 4319748.143, 140
Trd, 4319749.643, 140
Trd, 4319750.243, 140
Trd, 4319750.543, 140
Trd, 4319750.593, 140
Trd, 4319750.943, 140
Trd, 4319751.293, 139
Trd, 4319751.893, 140
Trd, 4319753.943, 140
Trd, 4319754.143, 140
Trd, 4319754.493, 140
Trd, 4319755.543, 140
Trd, 4319755.593, 140
Trd, 4319756.843, 140
Trd, 4319757.943, 66
Trd, 4319758.943, 62
Trd, 4319760.743, 63
Trd, 4319761.343, 60
Trd, 4319762.843, 60
Trd, 4319763.743, 60
Trd, 4319763.893, 60
Trd, 4319764.143, 61
Trd, 4319764.393, 63
Trd, 4319764.693, 62
Trd, 4319765.393, 63
Trd, 4319765.643, 65
Trd, 4319766.393, 70
Trd, 4319768.043, 132
Trd, 4319768.393, 138
Trd, 4319768.793, 132
Trd, 4319769.743, 133
Trd, 4319770.393, 132
Trd, 4319771.143, 135
Trd, 4319771.843, 140
Trd, 4319771.893, 140
Trd, 4319772.243, 138
Trd, 4319772.893, 140
Trd, 4319774.093, 140
Trd, 4319774.393, 140
Trd, 4319775.543, 140
Trd, 4319775.593, 140
Trd, 4319776.243, 138
Trd, 4319777.593, 140
Trd, 4319777.693, 137
Trd, 4319778.493, 140
Trd, 4319778.743, 140
Trd, 4319778.843, 140
Trd, 4319779.143, 140
Trd, 4319781.643, 140
Trd, 4319781.893, 140
Trd, 4319782.143, 140
Trd, 4319782.493, 140
Trd, 4319782.943, 140
Trd, 4319783.293, 140
Trd, 4319785.093, 140
Trd, 4319785.293, 140
Trd, 4319785.493, 140
Trd, 4319785.943, 140
Trd, 4319787.093, 140
Trd, 4319787.293, 139
Trd, 4319787.943, 138
Trd, 4319788.843, 114
Trd, 4319789.293, 140
Trd, 4319790.393, 140
Trd, 4319791.093, 140
Trd, 4319791.993, 140
Trd, 4319792.393, 140
Trd, 4319793.693, 140
Trd, 4319793.843, 140
Trd, 4319794.043, 140
Trd, 4319795.343, 139
Trd, 4319796.493, 140
Trd, 4319796.643, 140
Trd, 4319797.093, 140
Trd, 4319797.493, 140
Trd, 4319798.493, 140
Trd, 4319798.693, 140
Trd, 4319798.943, 65
Trd, 4319800.843, 62
Trd, 4319804.443, 63
Trd, 4319804.643, 60
Trd, 4319804.843, 68
Trd, 4319805.343, 61
Trd, 4319805.443, 63
Trd, 4319807.343, 138
Trd, 4319807.443, 71
Trd, 4319808.093, 71
Trd, 4319808.443, 70
Trd, 4319808.893, 126
Trd, 4319809.243, 65
Trd, 4319812.393, 140
Trd, 4319812.693, 140
Trd, 4319813.443, 140
Trd, 4319813.943, 140
Trd, 4319814.093, 140
Trd, 4319814.143, 140
Trd, 4319814.293, 140
Trd, 4319814.593, 140
Trd, 4319817.443, 140
Trd, 4319817.893, 140
Trd, 4319818.443, 140
Trd, 4319818.743, 140
Trd, 4319819.893, 140
Trd, 4319820.843, 140
Trd, 4319820.893, 140
Trd, 4319821.793, 140
Trd, 4319822.043, 140
Trd, 4319822.743, 140
Trd, 4319823.693, 140
Trd, 4319824.993, 140
Trd, 4319825.043, 140
Trd, 4319825.443, 140
Trd, 4319826.193, 140
Trd, 4319826.443, 140
Trd, 4319826.643, 139
Trd, 4319827.343, 140
Trd, 4319827.643, 140
Trd, 4319827.743, 140
Trd, 4319829.793, 140
Trd, 4319830.393, 140
Trd, 4319831.043, 140
Trd, 4319831.593, 139
Trd, 4319832.093, 140
Trd, 4319832.893, 140
Trd, 4319833.043, 140
Trd, 4319833.643, 140
Trd, 4319834.943, 140
Trd, 4319835.143, 140
Trd, 4319835.743, 140
Trd, 4319836.393, 140
Trd, 4319837.043, 140
Trd, 4319837.443, 139
Trd, 4319838.143, 135
Trd, 4319838.893, 62
Trd, 4319840.643, 60
Trd, 4319841.043, 60
Trd, 4319842.393, 67
Trd, 4319845.593, 60
Trd, 4319846.643, 62
Trd, 4319846.693, 60
Trd, 4319846.793, 63
Trd, 4319847.193, 60
Trd, 4319847.643, 61
Trd, 4319847.793, 61
Trd, 4319848.393, 64
Trd, 4319849.443, 66
Trd, 4319849.693, 64
Trd, 4319849.843, 63
Trd, 4319850.593, 60
Trd, 4319851.443, 62
Trd, 4319853.243, 67
Trd, 4319853.693, 73
Trd, 4319855.493, 64
Trd, 4319855.643, 69
Trd, 4319855.793, 63
Trd, 4319857.643, 60
Trd, 4319858.193, 62
Trd, 4319859.593, 60
Trd, 4319860.543, 61
Trd, 4319860.693, 61
Trd, 4319861.043, 60
Trd, 4319861.393, 62
Trd, 4319863.043, 61
Trd, 4319864.193, 60
Trd, 4319866.093, 62
Trd, 4319866.493, 61
Trd, 4319867.743, 60
Trd, 4319870.043, 63
Trd, 4319870.693, 62
Trd, 4319870.843, 62
Trd, 4319871.343, 108
Trd, 4319871.493, 63
Trd, 4319872.843, 69
Trd, 4319872.943, 67
Trd, 4319873.343, 140
Trd, 4319875.193, 62
Trd, 4319875.643, 60
Trd, 4319876.893, 61
Trd, 4319879.143, 63
Trd, 4319879.543, 63
Trd, 4319880.043, 64
Trd, 4319880.143, 62
Trd, 4319880.343, 65
Trd, 4319881.793, 64
Trd, 4319882.193, 65
Trd, 4319882.243, 83
Trd, 4319883.243, 68
Trd, 4319884.443, 65
Trd, 4319885.943, 62
Trd, 4319887.643, 140
Trd, 4319888.193, 140
Trd, 4319888.793, 140
Trd, 4319888.893, 140
Trd, 4319889.243, 140
Trd, 4319889.343, 135
Trd, 4319891.743, 61
Trd, 4319893.443, 60
Trd, 4319894.493, 63
Trd, 4319895.093, 60
Trd, 4319895.643, 65
Trd, 4319895.693, 63
Trd, 4319897.393, 61
Trd, 4319897.593, 62
Trd, 4319898.043, 60
Trd, 4319898.343, 63
Trd, 4319898.693, 139
Trd, 4319899.393, 140
Trd, 4319899.843, 140
Trd, 4319900.793, 140
Trd, 4319901.043, 140
Trd, 4319901.943, 140
Trd, 4319903.393, 138
Trd, 4319904.393, 62
Trd, 4319904.893, 62
Trd, 4319905.143, 62
Trd, 4319906.293, 140
Trd, 4319906.643, 140
Trd, 4319906.793, 140
Trd, 4319907.693, 140
Trd, 4319907.743, 140
Trd, 4319908.543, 140
Trd, 4319910.143, 140
Trd, 4319910.293, 140
Trd, 4319910.643, 140
Trd, 4319910.893, 140
Trd, 4319911.393, 140
Trd, 4319912.193, 140
Trd, 4319912.843, 139
Trd, 4319913.043, 139
Trd, 4319913.493, 140
Trd, 4319914.793, 140
Trd, 4319915.043, 140
Trd, 4319915.343, 125
Trd, 4319915.943, 69
Trd, 4319916.993, 140
Trd, 4319917.293, 140
Trd, 4319918.043, 140
Trd, 4319918.693, 140
Trd, 4319919.043, 140
Trd, 4319919.543, 140
Trd, 4319921.393, 140
Trd, 4319921.443, 140
Trd, 4319921.693, 140
Trd, 4319922.643, 140
Trd, 4319923.043, 140
Trd, 4319923.293, 140
Trd, 4319924.193, 140
Trd, 4319925.143, 140
Trd, 4319925.543, 140
Trd, 4319925.643, 140
Trd, 4319927.493, 140
Trd, 4319927.943, 140
Trd, 4319928.593, 140
Trd, 4319929.093, 140
Trd, 4319929.393, 140
Trd, 4319929.443, 122
Trd, 4319929.893, 140
Trd, 4319931.743, 60
Trd, 4319934.393, 61
Trd, 4319935.893, 60
Trd, 4319936.193, 60
Trd, 4319937.743, 61
Trd, 4319937.843, 61
Trd, 4319938.243, 63
Trd, 4319938.643, 61
Trd, 4319938.843, 62
Trd, 4319939.643, 100
Trd, 4319941.143, 139
Trd, 4319941.443, 66
Trd, 4319941.593, 66
Trd, 4319942.393, 136
Trd, 4319942.443, 135
Trd, 4319944.643, 140
Trd, 4319946.093, 140
Trd, 4319946.593, 140
Trd, 4319947.543, 140
Trd, 4319948.043, 140
Trd, 4319948.393, 140
Trd, 4319948.493, 140
Trd, 4319948.743, 140
Trd, 4319949.143, 140
Trd, 4319949.743, 140
Trd, 4319950.293, 140
Trd, 4319951.593, 140
Trd, 4319952.593, 140
Trd, 4319952.693, 140
Trd, 4319952.843, 140
Trd, 4319953.593, 140
Trd, 4319954.843, 140
Trd, 4319955.243, 140
Trd, 4319956.143, 140
Trd, 4319956.343, 122
Trd, 4319957.893, 100
Trd, 4319958.943, 100
Trd, 4319959.043, 86
Trd, 4319959.493, 140
Trd, 4319960.143, 140
Trd, 4319961.143, 140
Trd, 4319961.593, 140
Trd, 4319961.643, 140
Trd, 4319963.093, 140
Trd, 4319963.693, 140
Trd, 4319963.893, 140
Trd, 4319963.943, 140
Trd, 4319964.043, 139
Trd, 4319965.193, 140
Trd, 4319966.543, 139
Trd, 4319966.893, 86
Trd, 4319967.593, 122
Trd, 4319968.443, 137
Trd, 4319968.743, 120
Trd, 4319968.943, 135
Trd, 4319969.093, 119
Trd, 4319970.743, 66
Trd, 4319972.493, 64
Trd, 4319974.193, 62
Trd, 4319974.343, 60
Trd, 4319974.693, 60
Trd, 4319974.793, 67
Trd, 4319975.993, 65
Trd, 4319976.543, 140
Trd, 4319977.893, 140
Trd, 4319978.143, 140
Trd, 4319978.893, 140
Trd, 4319979.043, 140
Trd, 4319979.543, 140
Trd, 4319979.843, 140
Trd, 4319980.543, 140
Trd, 4319981.143, 140
Trd, 4319981.293, 140
Trd, 4319981.493, 140
Trd, 4319982.943, 140
Trd, 4319983.943, 140
Trd, 4319984.193, 140
Trd, 4319984.493, 135
Trd, 4319984.693, 140
Trd, 4319984.893, 86
Trd, 4319985.243, 68
Trd, 4319985.843, 139
Trd, 4319987.793, 63
Trd, 4319989.793, 60
Trd, 4319991.943, 62
Trd, 4319992.143, 62
Trd, 4319992.843, 61
Trd, 4319993.343, 61
Trd, 4319993.493, 62
Trd, 4319994.743, 66
Trd, 4319994.993, 66
Trd, 4319995.193, 65
Trd, 4319995.993, 139
Trd, 4319996.293, 140
Trd, 4319997.043, 140
Trd, 4319997.493, 140
Trd, 4319998.093, 140
Trd, 4319998.993, 140
Trd, 4319999.593, 140
