Trd, 4318110.793, 122
Trd, 4318111.193, 87
Trd, 4318112.543, 113
Trd, 4318113.243, 140
Trd, 4318113.543, 68
Trd, 4318113.743, 75
Trd, 4318114.343, 126
Trd, 4318115.193, 123
Trd, 4318115.993, 131
Trd, 4318116.943, 136
Trd, 4318117.293, 116
Trd, 4318118.493, 126
Trd, 4318119.993, 136
Trd, 4318120.043, 118
Trd, 4318120.493, 116
Trd, 4318121.893, 129
Trd, 4318122.343, 120
Trd, 4318122.693, 102
Trd, 4318124.393, 72
Trd, 4318125.893, 106
Trd, 4318126.293, 82
Trd, 4318127.343, 135
Trd, 4318127.493, 96
Trd, 4318127.643, 140
Trd, 4318128.393, 96
Trd, 4318129.343, 136
Trd, 4318131.493, 116
Trd, 4318132.243, 124
Trd, 4318132.443, 122
Trd, 4318132.993, 112
Trd, 4318133.193, 111
Trd, 4318134.393, 122
Trd, 4318134.893, 132
Trd, 4318135.043, 103
Trd, 4318136.593, 110
Trd, 4318136.643, 77
Trd, 4318139.843, 122
Trd, 4318140.193, 140
Trd, 4318140.443, 129
Trd, 4318142.593, 139
Trd, 4318142.793, 133
Trd, 4318143.593, 119
Trd, 4318144.293, 114
Trd, 4318146.243, 131
Trd, 4318146.443, 119
Trd, 4318146.643, 115
Trd, 4318146.943, 119
Trd, 4318147.393, 133
Trd, 4318149.343, 134
Trd, 4318150.693, 102
Trd, 4318151.043, 103
Trd, 4318152.693, 111
Trd, 4318153.793, 108
Trd, 4318154.043, 106
Trd, 4318154.743, 129
Trd, 4318155.043, 131
Trd, 4318155.193, 125
Trd, 4318156.293, 99
Trd, 4318157.193, 130
Trd, 4318157.393, 118
Trd, 4318158.843, 110
Trd, 4318159.993, 103
Trd, 4318160.593, 123
Trd, 4318161.793, 101
Trd, 4318162.343, 108
Trd, 4318163.343, 140
Trd, 4318163.793, 108
Trd, 4318164.743, 101
Trd, 4318164.943, 100
Trd, 4318165.593, 89
Trd, 4318166.593, 138
Trd, 4318168.043, 115
Trd, 4318168.243, 112
Trd, 4318169.443, 103
Trd, 4318170.293, 138
Trd, 4318170.593, 126
Trd, 4318171.293, 109
Trd, 4318173.193, 102
Trd, 4318173.593, 98
Trd, 4318174.093, 92
Trd, 4318174.643, 125
Trd, 4318174.693, 79
Trd, 4318175.393, 108
Trd, 4318175.643, 81
Trd, 4318176.193, 72
Trd, 4318176.743, 98
Trd, 4318176.793, 102
Trd, 4318178.043, 68
Trd, 4318179.243, 134
Trd, 4318179.893, 116
Trd, 4318180.193, 115
Trd, 4318180.843, 100
Trd, 4318181.543, 62
Trd, 4318183.093, 115
Trd, 4318183.943, 133
Trd, 4318184.293, 121
Trd, 4318184.393, 112
Trd, 4318185.793, 134
Trd, 4318185.893, 110
Trd, 4318186.793, 74
Trd, 4318186.993, 111
Trd, 4318187.093, 73
Trd, 4318188.543, 121
Trd, 4318188.693, 131
Trd, 4318192.993, 132
Trd, 4318193.193, 132
Trd, 4318193.643, 139
Trd, 4318193.893, 135
Trd, 4318194.543, 121
Trd, 4318194.793, 119
Trd, 4318196.893, 70
Trd, 4318197.143, 78
Trd, 4318197.693, 120
Trd, 4318198.843, 81
Trd, 4318199.743, 110
Trd, 4318199.843, 117
Trd, 4318200.693, 68
Trd, 4318201.343, 72
Trd, 4318202.343, 107
Trd, 4318203.543, 105
Trd, 4318203.943, 92
Trd, 4318204.193, 134
Trd, 4318204.243, 113
Trd, 4318205.793, 120
Trd, 4318206.093, 99
Trd, 4318206.793, 99
Trd, 4318207.093, 114
Trd, 4318207.193, 87
Trd, 4318208.093, 95
Trd, 4318208.243, 101
Trd, 4318209.793, 106
Trd, 4318210.893, 129
Trd, 4318211.193, 91
Trd, 4318211.343, 99
Trd, 4318212.193, 121
Trd, 4318212.743, 136
Trd, 4318212.793, 89
Trd, 4318214.193, 114
Trd, 4318215.093, 88
Trd, 4318216.843, 137
Trd, 4318218.043, 118
Trd, 4318218.493, 104
Trd, 4318218.693, 91
Trd, 4318218.893, 96
Trd, 4318220.843, 119
Trd, 4318221.493, 121
Trd, 4318222.293, 106
Trd, 4318222.943, 97
Trd, 4318223.693, 80
Trd, 4318223.993, 111
Trd, 4318224.593, 120
Trd, 4318225.243, 101
Trd, 4318225.493, 94
Trd, 4318227.143, 67
Trd, 4318227.493, 101
Trd, 4318227.793, 72
Trd, 4318228.993, 65
Trd, 4318230.743, 78
Trd, 4318230.793, 69
Trd, 4318231.043, 112
Trd, 4318231.343, 109
Trd, 4318232.743, 80
Trd, 4318233.443, 88
Trd, 4318233.843, 86
Trd, 4318234.993, 112
Trd, 4318236.993, 132
Trd, 4318237.193, 117
Trd, 4318237.393, 117
Trd, 4318238.293, 128
Trd, 4318239.593, 119
Trd, 4318239.893, 98
Trd, 4318241.693, 109
Trd, 4318242.143, 105
Trd, 4318242.343, 128
Trd, 4318242.693, 105
Trd, 4318243.143, 139
Trd, 4318244.693, 132
Trd, 4318245.643, 109
Trd, 4318246.243, 114
Trd, 4318247.393, 104
Trd, 4318248.343, 106
Trd, 4318248.843, 139
Trd, 4318249.493, 105
Trd, 4318250.543, 130
Trd, 4318250.743, 139
Trd, 4318251.443, 120
Trd, 4318251.793, 109
Trd, 4318251.843, 92
Trd, 4318251.943, 84
Trd, 4318253.143, 76
Trd, 4318253.993, 114
Trd, 4318255.343, 134
Trd, 4318255.793, 98
Trd, 4318256.893, 140
Trd, 4318257.443, 109
Trd, 4318258.343, 94
Trd, 4318258.793, 70
Trd, 4318260.543, 135
Trd, 4318260.743, 132
Trd, 4318261.093, 96
Trd, 4318262.343, 117
Trd, 4318263.343, 125
Trd, 4318263.443, 90
Trd, 4318264.093, 89
Trd, 4318264.193, 74
Trd, 4318264.643, 85
Trd, 4318265.243, 131
Trd, 4318266.093, 94
Trd, 4318266.893, 80
Trd, 4318267.193, 104
Trd, 4318267.543, 111
Trd, 4318269.493, 75
Trd, 4318270.043, 82
Trd, 4318270.143, 89
Trd, 4318270.893, 78
Trd, 4318270.993, 85
Trd, 4318271.643, 98
Trd, 4318272.293, 130
Trd, 4318273.343, 94
Trd, 4318274.343, 78
Trd, 4318276.243, 89
Trd, 4318276.443, 139
Trd, 4318276.643, 111
Trd, 4318277.343, 107
Trd, 4318277.443, 93
Trd, 4318278.493, 120
Trd, 4318279.193, 105
Trd, 4318279.393, 121
Trd, 4318280.643, 72
Trd, 4318280.693, 98
Trd, 4318281.243, 102
Trd, 4318281.443, 99
Trd, 4318282.543, 68
Trd, 4318282.993, 74
Trd, 4318283.693, 132
Trd, 4318284.143, 126
Trd, 4318287.343, 80
Trd, 4318287.593, 62
Trd, 4318288.293, 83
Trd, 4318288.493, 71
Trd, 4318289.693, 60
Trd, 4318290.793, 78
Trd, 4318291.193, 90
Trd, 4318292.043, 89
Trd, 4318292.293, 118
Trd, 4318293.993, 69
Trd, 4318294.743, 60
Trd, 4318294.793, 62
Trd, 4318295.193, 93
Trd, 4318295.243, 112
Trd, 4318297.743, 126
Trd, 4318298.543, 111
Trd, 4318298.843, 139
Trd, 4318299.343, 139
Trd, 4318300.643, 126
Trd, 4318300.743, 85
Trd, 4318301.243, 88
Trd, 4318302.243, 140
Trd, 4318302.843, 139
Trd, 4318303.743, 121
Trd, 4318305.843, 134
Trd, 4318306.143, 130
Trd, 4318306.993, 136
Trd, 4318307.093, 114
Trd, 4318308.093, 137
Trd, 4318308.293, 133
Trd, 4318308.393, 120
Trd, 4318309.793, 117
Trd, 4318310.193, 97
Trd, 4318310.693, 98
Trd, 4318310.843, 95
Trd, 4318311.043, 127
Trd, 4318311.343, 127
Trd, 4318311.593, 107
Trd, 4318314.093, 60
Trd, 4318314.743, 76
Trd, 4318315.293, 134
Trd, 4318315.643, 91
Trd, 4318316.643, 99
Trd, 4318317.093, 117
Trd, 4318317.943, 102
Trd, 4318318.943, 87
Trd, 4318319.943, 128
Trd, 4318320.143, 101
Trd, 4318320.893, 119
Trd, 4318322.443, 139
Trd, 4318322.593, 131
Trd, 4318322.993, 115
Trd, 4318323.593, 136
Trd, 4318324.343, 93
Trd, 4318324.593, 94
Trd, 4318325.643, 139
Trd, 4318327.093, 114
Trd, 4318328.343, 132
Trd, 4318328.493, 126
Trd, 4318328.643, 122
Trd, 4318329.443, 119
Trd, 4318329.693, 113
Trd, 4318330.393, 82
Trd, 4318330.693, 106
Trd, 4318331.543, 102
Trd, 4318331.643, 85
Trd, 4318332.443, 139
Trd, 4318332.593, 119
Trd, 4318334.393, 140
Trd, 4318334.693, 127
Trd, 4318335.293, 105
Trd, 4318336.893, 104
Trd, 4318336.943, 86
Trd, 4318337.343, 88
Trd, 4318337.993, 119
Trd, 4318338.993, 137
Trd, 4318339.143, 125
Trd, 4318340.043, 110
Trd, 4318341.693, 135
Trd, 4318342.043, 110
Trd, 4318344.343, 114
Trd, 4318344.693, 117
Trd, 4318345.243, 138
Trd, 4318345.593, 139
Trd, 4318346.743, 103
Trd, 4318346.943, 90
Trd, 4318347.343, 81
Trd, 4318348.043, 111
Trd, 4318348.743, 118
Trd, 4318350.643, 136
Trd, 4318352.393, 136
Trd, 4318352.893, 137
Trd, 4318353.043, 117
Trd, 4318353.993, 86
Trd, 4318354.093, 126
Trd, 4318354.843, 131
Trd, 4318356.043, 95
Trd, 4318357.393, 134
Trd, 4318357.443, 99
Trd, 4318358.993, 136
Trd, 4318359.343, 120
Trd, 4318359.693, 112
Trd, 4318360.993, 135
Trd, 4318361.343, 137
Trd, 4318362.093, 74
Trd, 4318363.493, 112
Trd, 4318363.543, 97
Trd, 4318364.493, 109
Trd, 4318365.143, 114
Trd, 4318366.593, 84
Trd, 4318366.643, 90
Trd, 4318366.743, 93
Trd, 4318367.443, 86
Trd, 4318367.893, 75
Trd, 4318368.393, 139
Trd, 4318370.393, 96
Trd, 4318370.943, 65
Trd, 4318371.293, 112
Trd, 4318372.293, 83
Trd, 4318374.243, 108
Trd, 4318374.393, 106
Trd, 4318374.493, 86
Trd, 4318375.743, 68
Trd, 4318376.093, 84
Trd, 4318377.043, 71
Trd, 4318378.143, 125
Trd, 4318378.743, 135
Trd, 4318378.993, 131
Trd, 4318379.293, 120
Trd, 4318380.343, 67
Trd, 4318380.643, 91
Trd, 4318381.593, 110
Trd, 4318382.543, 106
Trd, 4318383.293, 110
Trd, 4318383.843, 119
Trd, 4318383.943, 103
Trd, 4318385.343, 102
Trd, 4318385.693, 124
Trd, 4318385.843, 116
Trd, 4318386.043, 72
Trd, 4318387.843, 85
Trd, 4318388.743, 104
Trd, 4318389.143, 104
Trd, 4318389.843, 108
Trd, 4318389.943, 96
Trd, 4318390.093, 110
Trd, 4318390.393, 129
Trd, 4318390.893, 140
Trd, 4318391.793, 119
Trd, 4318392.543, 123
Trd, 4318392.793, 109
Trd, 4318394.643, 140
Trd, 4318395.743, 108
Trd, 4318396.593, 138
Trd, 4318396.843, 132
Trd, 4318397.593, 134
Trd, 4318397.993, 117
Trd, 4318398.043, 126
Trd, 4318399.143, 114
Trd, 4318400.043, 116
Trd, 4318400.243, 83
Trd, 4318401.843, 125
Trd, 4318402.143, 134
Trd, 4318402.743, 120
Trd, 4318403.493, 120
Trd, 4318403.893, 140
Trd, 4318404.393, 116
Trd, 4318405.643, 106
Trd, 4318406.943, 139
Trd, 4318407.543, 109
Trd, 4318408.793, 82
Trd, 4318409.243, 102
Trd, 4318409.293, 102
Trd, 4318409.893, 110
Trd, 4318410.493, 117
Trd, 4318411.043, 123
Trd, 4318411.743, 122
Trd, 4318411.793, 100
Trd, 4318412.043, 127
Trd, 4318412.343, 125
Trd, 4318413.493, 139
Trd, 4318414.593, 134
Trd, 4318415.743, 122
Trd, 4318415.993, 107
Trd, 4318416.593, 135
Trd, 4318417.493, 109
Trd, 4318419.293, 69
Trd, 4318420.143, 138
Trd, 4318420.193, 115
Trd, 4318420.343, 100
Trd, 4318420.893, 60
Trd, 4318421.643, 135
Trd, 4318423.393, 80
Trd, 4318424.893, 140
Trd, 4318425.193, 117
Trd, 4318425.443, 140
Trd, 4318425.743, 117
Trd, 4318426.643, 103
Trd, 4318426.943, 118
Trd, 4318427.243, 139
Trd, 4318428.093, 109
Trd, 4318429.343, 135
Trd, 4318429.893, 125
Trd, 4318430.793, 140
Trd, 4318431.793, 120
Trd, 4318432.393, 129
Trd, 4318433.093, 128
Trd, 4318433.593, 95
Trd, 4318434.543, 109
Trd, 4318434.943, 101
Trd, 4318435.693, 120
Trd, 4318435.743, 119
Trd, 4318435.843, 101
Trd, 4318436.743, 129
Trd, 4318437.843, 106
Trd, 4318438.793, 98
Trd, 4318439.093, 115
Trd, 4318440.593, 106
Trd, 4318442.193, 130
Trd, 4318442.593, 129
Trd, 4318442.743, 105
Trd, 4318445.543, 113
Trd, 4318446.043, 137
Trd, 4318446.593, 140
Trd, 4318446.893, 119
Trd, 4318447.193, 104
Trd, 4318447.893, 135
Trd, 4318447.993, 126
Trd, 4318448.993, 139
Trd, 4318449.493, 108
Trd, 4318451.293, 134
Trd, 4318451.543, 104
Trd, 4318451.793, 90
Trd, 4318452.243, 128
Trd, 4318453.343, 103
Trd, 4318455.143, 117
Trd, 4318455.243, 113
Trd, 4318455.743, 103
Trd, 4318456.443, 111
Trd, 4318456.493, 103
Trd, 4318457.393, 120
Trd, 4318458.393, 112
Trd, 4318459.943, 118
Trd, 4318460.293, 114
Trd, 4318460.493, 113
Trd, 4318460.843, 110
Trd, 4318461.493, 130
Trd, 4318461.543, 112
Trd, 4318462.643, 115
Trd, 4318463.643, 133
Trd, 4318465.043, 94
Trd, 4318465.993, 77
Trd, 4318466.893, 102
Trd, 4318468.543, 110
Trd, 4318468.893, 126
Trd, 4318468.993, 127
Trd, 4318469.643, 98
Trd, 4318469.743, 101
Trd, 4318470.843, 101
Trd, 4318471.243, 106
Trd, 4318471.293, 95
Trd, 4318471.643, 82
Trd, 4318473.393, 112
Trd, 4318473.693, 126
Trd, 4318473.843, 77
Trd, 4318475.093, 88
Trd, 4318475.193, 80
Trd, 4318476.393, 88
Trd, 4318477.043, 134
Trd, 4318477.693, 111
Trd, 4318478.043, 73
Trd, 4318478.593, 94
Trd, 4318479.693, 70
Trd, 4318480.593, 66
Trd, 4318480.943, 72
Trd, 4318481.343, 78
Trd, 4318481.693, 94
Trd, 4318483.693, 94
Trd, 4318484.243, 110
Trd, 4318484.393, 122
Trd, 4318484.943, 79
Trd, 4318485.293, 115
Trd, 4318486.443, 81
Trd, 4318486.593, 77
Trd, 4318488.643, 118
Trd, 4318490.343, 135
Trd, 4318490.493, 119
Trd, 4318490.843, 116
Trd, 4318491.343, 113
Trd, 4318492.593, 130
Trd, 4318492.893, 120
Trd, 4318493.643, 129
Trd, 4318493.843, 128
Trd, 4318495.993, 97
Trd, 4318497.843, 105
Trd, 4318497.993, 87
Trd, 4318498.743, 117
Trd, 4318498.793, 96
Trd, 4318499.043, 89
Trd, 4318499.543, 80
Trd, 4318499.643, 105
Trd, 4318499.793, 100
Trd, 4318501.093, 134
Trd, 4318501.693, 95
Trd, 4318502.393, 115
Trd, 4318505.043, 120
Trd, 4318506.343, 94
Trd, 4318506.793, 91
Trd, 4318506.843, 83
Trd, 4318507.643, 114
Trd, 4318507.743, 108
Trd, 4318508.293, 73
Trd, 4318508.693, 128
Trd, 4318508.893, 100
Trd, 4318509.643, 138
Trd, 4318509.743, 114
Trd, 4318511.093, 80
Trd, 4318511.343, 110
Trd, 4318512.043, 127
Trd, 4318513.343, 112
Trd, 4318513.643, 128
Trd, 4318514.643, 111
Trd, 4318515.643, 133
Trd, 4318516.393, 76
Trd, 4318516.843, 82
Trd, 4318517.343, 133
Trd, 4318518.393, 122
Trd, 4318519.443, 115
Trd, 4318520.543, 87
Trd, 4318520.593, 105
Trd, 4318520.943, 84
Trd, 4318520.993, 93
Trd, 4318521.393, 84
Trd, 4318521.843, 117
Trd, 4318522.043, 116
Trd, 4318524.143, 138
Trd, 4318524.493, 136
Trd, 4318525.243, 106
Trd, 4318526.093, 98
Trd, 4318526.343, 115
Trd, 4318527.993, 135
Trd, 4318529.193, 123
Trd, 4318530.543, 139
Trd, 4318530.843, 130
Trd, 4318531.193, 116
Trd, 4318532.143, 111
Trd, 4318533.543, 129
Trd, 4318534.243, 128
Trd, 4318534.293, 115
Trd, 4318534.593, 110
Trd, 4318535.143, 124
Trd, 4318535.393, 135
Trd, 4318535.593, 104
Trd, 4318537.093, 133
Trd, 4318539.093, 139
Trd, 4318539.793, 120
Trd, 4318541.093, 131
Trd, 4318541.143, 114
Trd, 4318543.043, 125
Trd, 4318543.243, 110
Trd, 4318543.943, 95
Trd, 4318544.093, 129
Trd, 4318545.793, 112
Trd, 4318546.243, 129
Trd, 4318546.593, 107
Trd, 4318546.893, 85
Trd, 4318547.043, 95
Trd, 4318548.443, 66
Trd, 4318549.643, 103
Trd, 4318550.143, 91
Trd, 4318550.443, 132
Trd, 4318550.843, 139
Trd, 4318551.543, 124
Trd, 4318551.693, 110
Trd, 4318553.493, 131
Trd, 4318553.743, 110
Trd, 4318553.893, 91
Trd, 4318554.793, 60
Trd, 4318555.543, 89
Trd, 4318556.943, 133
Trd, 4318558.443, 83
Trd, 4318558.843, 126
Trd, 4318561.293, 109
Trd, 4318562.643, 133
Trd, 4318563.393, 120
Trd, 4318563.443, 122
Trd, 4318563.743, 117
Trd, 4318563.943, 123
Trd, 4318563.993, 113
Trd, 4318564.043, 112
Trd, 4318565.093, 78
Trd, 4318565.493, 114
Trd, 4318567.393, 94
Trd, 4318567.643, 125
Trd, 4318567.843, 100
Trd, 4318569.643, 96
Trd, 4318570.143, 81
Trd, 4318570.743, 80
Trd, 4318571.943, 100
Trd, 4318572.343, 119
Trd, 4318572.443, 99
Trd, 4318572.593, 122
Trd, 4318574.293, 133
Trd, 4318574.643, 117
Trd, 4318574.693, 111
Trd, 4318575.693, 111
Trd, 4318576.393, 99
Trd, 4318578.043, 136
Trd, 4318578.493, 127
Trd, 4318579.343, 124
Trd, 4318579.743, 98
Trd, 4318580.793, 124
Trd, 4318581.193, 93
Trd, 4318582.343, 110
Trd, 4318583.043, 81
Trd, 4318583.843, 98
Trd, 4318585.043, 112
Trd, 4318585.843, 125
Trd, 4318585.893, 91
Trd, 4318585.943, 87
Trd, 4318586.693, 118
Trd, 4318587.093, 113
Trd, 4318587.693, 127
Trd, 4318588.243, 97
Trd, 4318589.893, 104
Trd, 4318589.943, 120
Trd, 4318590.443, 133
Trd, 4318592.143, 61
Trd, 4318592.793, 122
Trd, 4318593.143, 63
Trd, 4318593.493, 75
Trd, 4318593.643, 122
Trd, 4318593.893, 63
Trd, 4318594.443, 130
Trd, 4318595.493, 72
Trd, 4318596.843, 74
Trd, 4318597.493, 104
Trd, 4318597.793, 113
Trd, 4318598.293, 93
Trd, 4318598.943, 89
Trd, 4318599.593, 127
Trd, 4318600.093, 78
Trd, 4318601.493, 90
Trd, 4318601.743, 92
Trd, 4318602.493, 117
Trd, 4318602.743, 63
Trd, 4318602.993, 97
Trd, 4318604.943, 75
Trd, 4318604.993, 77
Trd, 4318605.693, 94
Trd, 4318605.893, 113
Trd, 4318606.493, 65
Trd, 4318607.193, 76
Trd, 4318609.143, 86
Trd, 4318610.143, 135
Trd, 4318610.793, 127
Trd, 4318611.593, 118
Trd, 4318612.043, 113
Trd, 4318612.743, 139
Trd, 4318613.043, 126
Trd, 4318613.493, 112
Trd, 4318615.243, 125
Trd, 4318616.143, 116
Trd, 4318616.643, 107
Trd, 4318618.243, 138
Trd, 4318618.743, 137
Trd, 4318620.993, 106
Trd, 4318621.443, 128
Trd, 4318621.593, 130
Trd, 4318621.743, 92
Trd, 4318622.843, 119
Trd, 4318623.093, 120
Trd, 4318623.943, 109
Trd, 4318624.593, 117
Trd, 4318625.393, 97
Trd, 4318626.193, 84
Trd, 4318626.643, 113
Trd, 4318628.093, 127
Trd, 4318629.143, 110
Trd, 4318629.643, 107
Trd, 4318632.093, 138
Trd, 4318632.143, 123
Trd, 4318633.243, 91
Trd, 4318633.443, 93
Trd, 4318634.193, 128
Trd, 4318634.643, 102
Trd, 4318635.243, 124
Trd, 4318635.293, 97
Trd, 4318635.693, 117
Trd, 4318636.593, 93
Trd, 4318637.243, 115
Trd, 4318637.893, 83
Trd, 4318641.043, 140
Trd, 4318641.993, 117
Trd, 4318642.393, 102
Trd, 4318642.493, 104
Trd, 4318643.193, 92
Trd, 4318643.493, 117
Trd, 4318643.593, 91
Trd, 4318644.943, 136
Trd, 4318646.743, 119
Trd, 4318646.843, 111
Trd, 4318647.043, 104
Trd, 4318648.993, 105
Trd, 4318649.593, 87
Trd, 4318650.043, 133
Trd, 4318651.043, 101
Trd, 4318651.943, 117
Trd, 4318652.593, 107
Trd, 4318652.793, 76
Trd, 4318653.443, 108
Trd, 4318654.443, 133
Trd, 4318654.693, 90
Trd, 4318654.993, 77
Trd, 4318655.343, 110
Trd, 4318657.093, 124
Trd, 4318657.493, 119
Trd, 4318657.943, 110
Trd, 4318659.693, 125
Trd, 4318660.643, 124
Trd, 4318660.843, 135
Trd, 4318662.143, 75
Trd, 4318662.493, 97
Trd, 4318663.093, 135
Trd, 4318663.843, 131
Trd, 4318664.093, 90
Trd, 4318664.393, 94
Trd, 4318664.993, 95
Trd, 4318665.893, 93
Trd, 4318666.843, 93
Trd, 4318667.793, 127
Trd, 4318668.143, 118
Trd, 4318668.693, 113
Trd, 4318669.593, 124
Trd, 4318670.293, 139
Trd, 4318670.593, 89
Trd, 4318671.693, 115
Trd, 4318671.993, 112
Trd, 4318672.443, 128
Trd, 4318673.543, 105
Trd, 4318675.693, 136
Trd, 4318675.843, 124
Trd, 4318676.693, 138
Trd, 4318676.743, 121
Trd, 4318676.943, 107
Trd, 4318677.843, 126
Trd, 4318677.943, 111
Trd, 4318679.093, 91
Trd, 4318679.643, 69
Trd, 4318680.943, 113
Trd, 4318681.893, 82
Trd, 4318682.543, 92
Trd, 4318684.143, 125
Trd, 4318685.793, 113
Trd, 4318686.193, 140
Trd, 4318686.493, 120
Trd, 4318687.193, 123
Trd, 4318687.393, 119
Trd, 4318687.443, 118
Trd, 4318689.193, 122
Trd, 4318689.343, 112
Trd, 4318690.393, 103
Trd, 4318691.093, 123
Trd, 4318691.843, 138
Trd, 4318692.693, 116
Trd, 4318693.693, 135
Trd, 4318694.593, 128
Trd, 4318694.943, 113
Trd, 4318695.493, 111
Trd, 4318696.593, 127
Trd, 4318697.293, 139
Trd, 4318698.243, 131
Trd, 4318698.793, 126
Trd, 4318699.343, 140
Trd, 4318699.593, 113
Trd, 4318699.793, 105
Trd, 4318700.043, 90
Trd, 4318703.443, 125
Trd, 4318704.143, 138
Trd, 4318704.643, 131
Trd, 4318705.593, 121
Trd, 4318706.143, 87
Trd, 4318706.443, 85
Trd, 4318706.743, 89
Trd, 4318707.593, 89
Trd, 4318708.143, 60
Trd, 4318708.193, 73
Trd, 4318710.043, 128
Trd, 4318711.593, 138
Trd, 4318711.943, 122
Trd, 4318712.393, 121
Trd, 4318713.043, 115
Trd, 4318713.093, 108
Trd, 4318713.293, 114
Trd, 4318714.393, 85
Trd, 4318715.743, 122
Trd, 4318716.443, 106
Trd, 4318717.843, 79
Trd, 4318717.993, 88
Trd, 4318718.443, 108
Trd, 4318718.843, 102
Trd, 4318719.143, 137
Trd, 4318720.343, 134
Trd, 4318721.493, 124
Trd, 4318721.593, 110
Trd, 4318722.343, 127
Trd, 4318723.293, 130
Trd, 4318723.993, 123
Trd, 4318724.193, 97
Trd, 4318724.543, 70
Trd, 4318724.793, 66
Trd, 4318726.393, 137
Trd, 4318727.443, 123
Trd, 4318727.493, 98
Trd, 4318728.543, 130
Trd, 4318729.843, 88
Trd, 4318730.743, 87
Trd, 4318731.343, 80
Trd, 4318731.593, 89
Trd, 4318732.493, 75
Trd, 4318733.493, 117
Trd, 4318734.193, 125
Trd, 4318734.893, 116
Trd, 4318735.593, 100
Trd, 4318735.993, 101
Trd, 4318736.043, 102
Trd, 4318736.393, 114
Trd, 4318736.893, 69
Trd, 4318738.343, 120
Trd, 4318738.743, 116
Trd, 4318740.393, 101
Trd, 4318740.693, 103
Trd, 4318740.843, 91
Trd, 4318742.643, 90
Trd, 4318742.793, 64
Trd, 4318745.143, 133
Trd, 4318745.993, 139
Trd, 4318746.343, 135
Trd, 4318746.393, 118
Trd, 4318747.693, 123
Trd, 4318749.493, 112
Trd, 4318749.593, 109
Trd, 4318750.993, 140
Trd, 4318751.043, 138
Trd, 4318752.743, 129
Trd, 4318753.593, 121
Trd, 4318753.643, 108
Trd, 4318754.593, 130
Trd, 4318755.043, 140
Trd, 4318756.193, 124
Trd, 4318756.543, 121
Trd, 4318758.493, 101
Trd, 4318758.743, 93
Trd, 4318759.243, 111
Trd, 4318760.493, 111
Trd, 4318762.343, 119
Trd, 4318762.893, 120
Trd, 4318764.743, 122
Trd, 4318764.943, 128
Trd, 4318765.243, 106
Trd, 4318765.993, 133
Trd, 4318766.693, 134
Trd, 4318768.493, 109
Trd, 4318770.293, 107
Trd, 4318770.343, 103
Trd, 4318770.543, 86
Trd, 4318771.493, 107
Trd, 4318772.143, 105
Trd, 4318772.493, 127
Trd, 4318772.793, 110
Trd, 4318773.293, 125
Trd, 4318774.893, 122
Trd, 4318775.343, 120
Trd, 4318776.943, 130
Trd, 4318778.943, 128
Trd, 4318779.443, 131
Trd, 4318779.493, 110
Trd, 4318779.943, 111
Trd, 4318780.743, 136
Trd, 4318781.493, 113
Trd, 4318782.343, 111
Trd, 4318782.693, 100
Trd, 4318782.743, 98
Trd, 4318783.793, 92
Trd, 4318784.643, 139
Trd, 4318784.893, 122
Trd, 4318785.043, 120
Trd, 4318786.393, 134
Trd, 4318786.793, 103
Trd, 4318787.043, 98
Trd, 4318789.443, 116
Trd, 4318790.643, 125
Trd, 4318790.743, 106
Trd, 4318790.843, 104
Trd, 4318791.893, 129
Trd, 4318791.993, 126
Trd, 4318792.643, 95
Trd, 4318792.943, 112
Trd, 4318794.193, 129
Trd, 4318794.293, 126
Trd, 4318796.443, 138
Trd, 4318797.443, 105
Trd, 4318797.693, 127
Trd, 4318798.293, 112
Trd, 4318799.993, 123
Trd, 4318800.893, 130
Trd, 4318801.343, 113
Trd, 4318801.493, 102
Trd, 4318802.643, 140
Trd, 4318802.693, 129
Trd, 4318802.743, 88
Trd, 4318804.543, 123
Trd, 4318804.743, 131
Trd, 4318804.793, 87
Trd, 4318807.143, 129
Trd, 4318807.343, 115
Trd, 4318807.993, 104
Trd, 4318808.043, 126
Trd, 4318809.293, 132
Trd, 4318809.393, 123
Trd, 4318809.443, 102
Trd, 4318810.093, 110
Trd, 4318811.893, 113
Trd, 4318812.193, 96
Trd, 4318812.743, 100
Trd, 4318813.593, 69
Trd, 4318814.343, 118
Trd, 4318815.393, 78
Trd, 4318816.893, 79
Trd, 4318817.143, 82
Trd, 4318818.493, 120
Trd, 4318820.043, 120
Trd, 4318820.093, 109
Trd, 4318820.243, 119
Trd, 4318820.593, 90
Trd, 4318820.843, 127
Trd, 4318821.893, 76
Trd, 4318822.743, 119
Trd, 4318823.293, 90
Trd, 4318824.493, 81
Trd, 4318825.743, 105
Trd, 4318826.143, 89
Trd, 4318826.243, 77
Trd, 4318826.743, 135
Trd, 4318826.943, 96
Trd, 4318827.093, 133
Trd, 4318828.143, 124
Trd, 4318828.843, 69
Trd, 4318830.693, 116
Trd, 4318830.743, 110
Trd, 4318831.793, 125
Trd, 4318831.893, 116
Trd, 4318832.793, 130
Trd, 4318833.193, 134
Trd, 4318833.543, 99
Trd, 4318834.843, 125
Trd, 4318837.343, 138
Trd, 4318837.543, 116
Trd, 4318837.743, 115
Trd, 4318838.143, 118
Trd, 4318838.543, 130
Trd, 4318839.143, 123
Trd, 4318839.343, 93
Trd, 4318840.643, 75
Trd, 4318841.993, 131
Trd, 4318842.243, 129
Trd, 4318843.243, 131
Trd, 4318843.593, 137
Trd, 4318844.293, 115
Trd, 4318844.593, 98
Trd, 4318845.643, 103
Trd, 4318845.743, 116
Trd, 4318846.443, 98
Trd, 4318847.643, 127
Trd, 4318849.693, 85
Trd, 4318850.843, 94
Trd, 4318850.943, 90
Trd, 4318851.593, 79
Trd, 4318851.893, 109
Trd, 4318853.993, 129
Trd, 4318854.093, 109
Trd, 4318854.493, 109
Trd, 4318854.593, 97
Trd, 4318855.693, 78
Trd, 4318855.943, 73
Trd, 4318858.543, 135
Trd, 4318860.843, 112
Trd, 4318861.593, 139
Trd, 4318862.993, 101
Trd, 4318863.043, 79
Trd, 4318863.093, 71
Trd, 4318863.793, 65
Trd, 4318865.093, 60
Trd, 4318865.493, 102
Trd, 4318866.543, 90
Trd, 4318867.343, 66
Trd, 4318867.543, 68
Trd, 4318868.893, 83
Trd, 4318870.393, 127
Trd, 4318870.543, 126
Trd, 4318870.893, 139
Trd, 4318873.193, 107
Trd, 4318873.393, 90
Trd, 4318873.743, 109
Trd, 4318874.093, 82
Trd, 4318874.643, 76
Trd, 4318875.693, 117
Trd, 4318875.943, 96
Trd, 4318876.393, 90
Trd, 4318877.343, 83
Trd, 4318877.793, 75
Trd, 4318878.443, 62
Trd, 4318880.743, 134
Trd, 4318881.293, 111
Trd, 4318881.843, 103
Trd, 4318881.943, 98
Trd, 4318883.543, 102
Trd, 4318883.693, 97
Trd, 4318884.293, 61
Trd, 4318884.993, 60
Trd, 4318885.793, 80
Trd, 4318886.043, 84
Trd, 4318887.043, 136
Trd, 4318887.643, 100
Trd, 4318887.893, 89
Trd, 4318888.293, 87
Trd, 4318888.443, 85
Trd, 4318889.443, 93
Trd, 4318890.193, 81
Trd, 4318890.793, 91
Trd, 4318891.543, 105
Trd, 4318893.493, 74
Trd, 4318894.693, 88
Trd, 4318895.293, 133
Trd, 4318895.943, 107
Trd, 4318896.793, 111
Trd, 4318897.243, 93
Trd, 4318897.793, 97
Trd, 4318898.293, 94
Trd, 4318899.843, 117
Trd, 4318899.993, 100
Trd, 4318900.593, 85
Trd, 4318901.293, 113
Trd, 4318901.443, 101
Trd, 4318902.293, 82
Trd, 4318903.243, 93
Trd, 4318905.093, 91
Trd, 4318905.343, 71
Trd, 4318906.443, 65
Trd, 4318907.343, 76
Trd, 4318909.293, 60
Trd, 4318909.793, 75
Trd, 4318912.243, 123
Trd, 4318913.043, 83
Trd, 4318913.443, 89
Trd, 4318913.593, 98
Trd, 4318914.693, 76
Trd, 4318915.643, 124
Trd, 4318915.843, 101
Trd, 4318917.043, 108
Trd, 4318917.593, 100
Trd, 4318917.993, 95
Trd, 4318918.693, 130
Trd, 4318919.043, 117
Trd, 4318919.393, 126
Trd, 4318921.543, 98
Trd, 4318922.643, 139
Trd, 4318922.893, 119
Trd, 4318923.043, 108
Trd, 4318923.493, 108
Trd, 4318924.093, 111
Trd, 4318924.943, 110
Trd, 4318926.543, 112
Trd, 4318926.893, 110
Trd, 4318927.343, 97
Trd, 4318927.493, 133
Trd, 4318927.743, 74
Trd, 4318929.643, 135
Trd, 4318929.693, 136
Trd, 4318930.043, 106
Trd, 4318930.643, 137
Trd, 4318931.193, 132
Trd, 4318931.493, 67
Trd, 4318931.843, 77
Trd, 4318933.543, 125
Trd, 4318934.943, 125
Trd, 4318935.143, 105
Trd, 4318935.393, 99
Trd, 4318936.643, 138
Trd, 4318937.543, 88
Trd, 4318938.443, 81
Trd, 4318939.293, 112
Trd, 4318940.243, 107
Trd, 4318940.693, 121
Trd, 4318941.743, 123
Trd, 4318941.893, 114
Trd, 4318942.493, 127
Trd, 4318942.793, 87
Trd, 4318942.943, 133
Trd, 4318943.893, 135
Trd, 4318945.743, 79
Trd, 4318945.893, 76
Trd, 4318946.393, 87
Trd, 4318947.093, 122
Trd, 4318947.743, 136
Trd, 4318947.993, 127
Trd, 4318948.843, 100
Trd, 4318949.893, 137
Trd, 4318950.243, 113
Trd, 4318950.493, 88
Trd, 4318953.843, 130
Trd, 4318953.943, 125
Trd, 4318954.093, 129
Trd, 4318954.293, 116
Trd, 4318954.643, 124
Trd, 4318955.343, 99
Trd, 4318956.643, 122
Trd, 4318957.643, 78
Trd, 4318958.793, 126
Trd, 4318959.243, 119
Trd, 4318960.193, 119
Trd, 4318961.943, 135
Trd, 4318962.443, 118
Trd, 4318962.543, 114
Trd, 4318963.543, 109
Trd, 4318964.643, 118
Trd, 4318964.743, 105
Trd, 4318965.043, 99
Trd, 4318965.493, 103
Trd, 4318966.793, 138
Trd, 4318967.593, 122
Trd, 4318967.643, 114
Trd, 4318968.693, 72
Trd, 4318969.043, 66
Trd, 4318970.343, 90
Trd, 4318970.693, 119
Trd, 4318971.843, 130
Trd, 4318973.043, 134
Trd, 4318973.743, 132
Trd, 4318973.893, 111
Trd, 4318974.243, 129
Trd, 4318974.293, 118
Trd, 4318974.893, 120
Trd, 4318976.443, 110
Trd, 4318977.093, 114
Trd, 4318978.443, 87
Trd, 4318978.893, 102
Trd, 4318979.343, 93
Trd, 4318979.843, 114
Trd, 4318980.943, 84
Trd, 4318981.093, 83
Trd, 4318981.143, 128
Trd, 4318982.043, 84
Trd, 4318983.193, 137
Trd, 4318984.093, 120
Trd, 4318984.693, 130
Trd, 4318985.043, 115
Trd, 4318985.993, 107
Trd, 4318986.843, 119
Trd, 4318986.993, 108
Trd, 4318987.143, 140
Trd, 4318987.393, 120
Trd, 4318987.443, 105
Trd, 4318988.843, 138
Trd, 4318990.643, 134
Trd, 4318991.543, 131
Trd, 4318991.743, 118
Trd, 4318992.293, 90
Trd, 4318992.693, 89
Trd, 4318994.493, 104
Trd, 4318995.593, 128
Trd, 4318996.293, 110
Trd, 4318996.393, 95
Trd, 4318996.793, 123
Trd, 4318997.043, 75
Trd, 4318998.143, 94
Trd, 4318999.293, 71
Trd, 4319000.343, 84
Trd, 4319001.093, 82
Trd, 4319001.393, 113
Trd, 4319001.493, 72
Trd, 4319002.793, 135
Trd, 4319004.093, 140
Trd, 4319004.793, 129
Trd, 4319005.143, 122
Trd, 4319005.243, 117
Trd, 4319005.643, 75
Trd, 4319005.843, 114
Trd, 4319006.793, 139
Trd, 4319008.643, 134
Trd, 4319008.743, 108
Trd, 4319009.993, 88
Trd, 4319010.893, 140
Trd, 4319012.143, 135
Trd, 4319013.293, 135
Trd, 4319014.543, 135
Trd, 4319014.593, 112
Trd, 4319014.943, 139
Trd, 4319015.843, 122
Trd, 4319016.243, 118
Trd, 4319016.943, 98
Trd, 4319017.443, 98
Trd, 4319018.043, 131
Trd, 4319018.943, 96
Trd, 4319019.193, 62
Trd, 4319020.193, 138
Trd, 4319021.093, 140
Trd, 4319021.293, 138
Trd, 4319021.343, 125
Trd, 4319021.993, 131
Trd, 4319022.443, 109
Trd, 4319022.743, 95
Trd, 4319023.693, 137
Trd, 4319023.743, 118
Trd, 4319024.843, 81
Trd, 4319025.693, 91
Trd, 4319026.343, 102
Trd, 4319026.493, 112
Trd, 4319028.043, 76
Trd, 4319028.693, 107
Trd, 4319031.243, 134
Trd, 4319032.393, 124
Trd, 4319032.543, 108
Trd, 4319032.943, 107
Trd, 4319033.293, 128
Trd, 4319033.443, 100
Trd, 4319035.643, 91
Trd, 4319035.943, 131
Trd, 4319036.143, 129
Trd, 4319037.293, 129
Trd, 4319037.543, 104
Trd, 4319038.243, 98
Trd, 4319038.843, 82
Trd, 4319040.193, 95
Trd, 4319042.143, 123
Trd, 4319042.343, 115
Trd, 4319042.943, 137
Trd, 4319043.593, 107
Trd, 4319043.743, 71
Trd, 4319043.843, 72
Trd, 4319046.243, 126
Trd, 4319046.443, 96
Trd, 4319046.743, 75
Trd, 4319047.093, 63
Trd, 4319047.943, 70
Trd, 4319048.143, 96
Trd, 4319048.793, 108
Trd, 4319049.293, 95
Trd, 4319049.693, 129
Trd, 4319050.493, 80
Trd, 4319051.243, 131
Trd, 4319051.493, 122
Trd, 4319052.643, 100
Trd, 4319053.043, 135
Trd, 4319054.043, 74
Trd, 4319054.943, 106
Trd, 4319056.093, 83
Trd, 4319056.843, 133
Trd, 4319057.293, 132
Trd, 4319059.143, 129
Trd, 4319059.593, 129
Trd, 4319059.943, 106
Trd, 4319060.393, 137
Trd, 4319060.643, 113
Trd, 4319060.943, 123
Trd, 4319061.293, 101
Trd, 4319061.993, 120
Trd, 4319062.543, 66
Trd, 4319064.293, 75
Trd, 4319064.843, 93
Trd, 4319064.893, 100
Trd, 4319065.293, 78
Trd, 4319066.893, 69
Trd, 4319067.093, 79
Trd, 4319069.043, 123
Trd, 4319069.243, 125
Trd, 4319070.443, 102
Trd, 4319070.543, 99
Trd, 4319071.643, 127
Trd, 4319072.043, 115
Trd, 4319072.493, 102
Trd, 4319072.993, 132
Trd, 4319073.493, 110
Trd, 4319073.793, 101
Trd, 4319074.943, 122
Trd, 4319075.043, 85
Trd, 4319075.293, 118
Trd, 4319076.093, 84
Trd, 4319077.993, 133
Trd, 4319078.993, 104
Trd, 4319079.993, 135
Trd, 4319080.393, 132
Trd, 4319080.843, 109
Trd, 4319082.243, 124
Trd, 4319083.993, 97
Trd, 4319084.293, 93
Trd, 4319084.643, 75
Trd, 4319085.393, 92
Trd, 4319085.793, 84
Trd, 4319085.893, 74
Trd, 4319086.843, 125
Trd, 4319087.243, 99
Trd, 4319087.993, 109
Trd, 4319089.393, 67
Trd, 4319089.643, 134
Trd, 4319090.043, 124
Trd, 4319090.393, 85
Trd, 4319091.593, 94
Trd, 4319091.843, 60
Trd, 4319094.643, 110
Trd, 4319094.743, 123
Trd, 4319095.293, 108
Trd, 4319095.693, 103
Trd, 4319096.593, 110
Trd, 4319097.393, 86
Trd, 4319099.043, 113
Trd, 4319100.443, 114
Trd, 4319100.793, 130
Trd, 4319101.243, 117
Trd, 4319102.543, 123
Trd, 4319103.743, 100
Trd, 4319104.093, 102
Trd, 4319104.393, 95
Trd, 4319105.343, 72
Trd, 4319105.643, 92
Trd, 4319106.243, 64
Trd, 4319106.993, 133
Trd, 4319107.293, 78
Trd, 4319108.443, 127
Trd, 4319109.093, 119
Trd, 4319109.343, 118
Trd, 4319110.043, 136
Trd, 4319110.793, 116
Trd, 4319111.443, 118
Trd, 4319112.443, 111
Trd, 4319112.793, 99
Trd, 4319112.993, 97
Trd, 4319113.943, 81
Trd, 4319114.493, 109
Trd, 4319115.193, 92
Trd, 4319116.343, 138
Trd, 4319116.493, 121
Trd, 4319116.643, 110
Trd, 4319118.093, 100
Trd, 4319118.743, 90
Trd, 4319119.393, 88
Trd, 4319120.743, 97
Trd, 4319121.293, 87
Trd, 4319121.843, 138
Trd, 4319122.193, 114
Trd, 4319122.893, 106
Trd, 4319123.793, 128
Trd, 4319124.993, 124
Trd, 4319125.143, 131
Trd, 4319126.293, 73
Trd, 4319127.193, 72
Trd, 4319128.443, 134
Trd, 4319128.843, 115
Trd, 4319129.943, 114
Trd, 4319130.143, 96
Trd, 4319130.643, 88
Trd, 4319131.343, 84
Trd, 4319132.943, 121
Trd, 4319133.793, 135
Trd, 4319134.743, 115
Trd, 4319135.893, 111
Trd, 4319136.593, 93
Trd, 4319137.393, 102
Trd, 4319138.243, 98
Trd, 4319138.593, 85
Trd, 4319139.143, 87
Trd, 4319139.193, 88
Trd, 4319139.893, 135
Trd, 4319141.193, 118
Trd, 4319141.843, 136
Trd, 4319142.043, 139
Trd, 4319142.243, 108
Trd, 4319143.793, 124
Trd, 4319143.993, 113
Trd, 4319144.393, 117
Trd, 4319145.043, 119
Trd, 4319146.593, 111
Trd, 4319149.293, 123
Trd, 4319149.393, 118
Trd, 4319149.943, 137
Trd, 4319151.643, 131
Trd, 4319152.693, 94
Trd, 4319153.743, 135
Trd, 4319153.893, 107
Trd, 4319153.993, 93
Trd, 4319155.343, 118
Trd, 4319155.493, 91
Trd, 4319155.943, 82
Trd, 4319156.343, 92
Trd, 4319157.943, 107
Trd, 4319158.293, 128
Trd, 4319159.193, 119
Trd, 4319161.393, 92
Trd, 4319161.593, 126
Trd, 4319162.393, 87
Trd, 4319163.143, 83
Trd, 4319163.993, 66
Trd, 4319164.143, 115
Trd, 4319166.043, 102
Trd, 4319167.393, 131
Trd, 4319167.743, 76
Trd, 4319169.443, 108
Trd, 4319169.843, 74
Trd, 4319170.643, 81
Trd, 4319171.093, 60
Trd, 4319171.943, 138
Trd, 4319172.093, 109
Trd, 4319173.993, 122
Trd, 4319174.293, 107
Trd, 4319174.543, 134
Trd, 4319175.143, 114
Trd, 4319175.843, 76
Trd, 4319177.693, 117
Trd, 4319178.443, 115
Trd, 4319179.043, 111
Trd, 4319179.343, 116
Trd, 4319179.693, 99
Trd, 4319179.843, 98
Trd, 4319181.193, 113
Trd, 4319182.493, 132
Trd, 4319182.593, 115
Trd, 4319183.193, 126
Trd, 4319184.293, 140
Trd, 4319184.843, 139
Trd, 4319184.943, 125
Trd, 4319185.343, 119
Trd, 4319187.593, 123
Trd, 4319188.243, 108
Trd, 4319188.693, 104
Trd, 4319189.393, 137
Trd, 4319189.593, 135
Trd, 4319190.193, 115
Trd, 4319191.843, 130
Trd, 4319192.243, 113
Trd, 4319192.643, 109
Trd, 4319193.293, 130
Trd, 4319194.043, 128
Trd, 4319194.943, 68
Trd, 4319195.143, 118
Trd, 4319195.443, 125
Trd, 4319196.243, 119
Trd, 4319196.593, 134
Trd, 4319196.843, 131
Trd, 4319197.893, 135
Trd, 4319199.793, 85
Trd, 4319199.843, 84
Trd, 4319199.943, 97
Trd, 4319200.493, 106
Trd, 4319200.893, 105
Trd, 4319201.493, 114
Trd, 4319201.793, 96
Trd, 4319202.393, 114
Trd, 4319202.943, 68
Trd, 4319203.443, 108
Trd, 4319205.443, 109
Trd, 4319206.093, 107
Trd, 4319206.393, 99
Trd, 4319206.893, 121
Trd, 4319208.693, 138
Trd, 4319209.243, 136
Trd, 4319210.193, 127
Trd, 4319210.543, 109
Trd, 4319211.243, 105
Trd, 4319212.693, 118
Trd, 4319213.293, 131
Trd, 4319214.243, 113
Trd, 4319215.193, 133
Trd, 4319215.393, 138
Trd, 4319215.693, 111
Trd, 4319216.293, 125
Trd, 4319217.743, 118
Trd, 4319218.743, 121
Trd, 4319219.293, 140
Trd, 4319220.193, 128
Trd, 4319220.243, 137
Trd, 4319220.293, 116
Trd, 4319221.093, 134
Trd, 4319222.293, 138
Trd, 4319223.093, 101
Trd, 4319223.493, 137
Trd, 4319224.693, 97
Trd, 4319225.793, 121
Trd, 4319226.543, 109
Trd, 4319226.593, 113
Trd, 4319226.643, 75
Trd, 4319227.343, 68
Trd, 4319228.743, 94
Trd, 4319230.243, 129
Trd, 4319230.693, 116
Trd, 4319231.493, 125
Trd, 4319232.443, 140
Trd, 4319232.893, 129
Trd, 4319234.543, 132
Trd, 4319234.893, 132
Trd, 4319235.143, 114
Trd, 4319235.993, 124
Trd, 4319237.143, 121
Trd, 4319237.543, 113
Trd, 4319238.593, 138
Trd, 4319238.743, 118
Trd, 4319240.143, 139
Trd, 4319240.543, 133
Trd, 4319240.743, 111
Trd, 4319241.343, 131
Trd, 4319242.643, 104
Trd, 4319243.393, 136
Trd, 4319243.643, 85
Trd, 4319244.393, 111
Trd, 4319245.893, 129
Trd, 4319246.443, 114
Trd, 4319247.243, 129
Trd, 4319247.393, 105
Trd, 4319247.793, 88
Trd, 4319248.393, 89
Trd, 4319248.493, 122
Trd, 4319249.693, 71
Trd, 4319250.043, 78
Trd, 4319251.243, 118
Trd, 4319252.343, 67
Trd, 4319252.843, 140
Trd, 4319253.943, 134
Trd, 4319253.993, 121
Trd, 4319254.293, 106
Trd, 4319255.293, 97
Trd, 4319255.443, 108
Trd, 4319256.893, 101
Trd, 4319257.143, 81
Trd, 4319258.393, 113
Trd, 4319259.593, 130
Trd, 4319259.893, 126
Trd, 4319260.193, 82
Trd, 4319260.993, 85
Trd, 4319261.543, 111
Trd, 4319261.993, 91
Trd, 4319262.293, 120
Trd, 4319263.943, 82
Trd, 4319264.443, 74
Trd, 4319266.343, 83
Trd, 4319266.743, 125
Trd, 4319266.993, 107
Trd, 4319267.943, 127
Trd, 4319268.243, 116
Trd, 4319268.743, 99
Trd, 4319268.843, 93
Trd, 4319270.443, 104
Trd, 4319271.193, 131
Trd, 4319272.493, 135
Trd, 4319274.043, 136
Trd, 4319274.393, 123
Trd, 4319275.243, 97
Trd, 4319276.043, 128
Trd, 4319277.193, 138
Trd, 4319277.693, 137
Trd, 4319277.843, 117
Trd, 4319277.943, 126
Trd, 4319280.393, 124
Trd, 4319280.743, 103
Trd, 4319280.943, 131
Trd, 4319281.143, 122
Trd, 4319281.593, 126
Trd, 4319281.743, 109
Trd, 4319282.643, 101
Trd, 4319283.743, 81
Trd, 4319285.143, 138
Trd, 4319285.493, 134
Trd, 4319285.993, 104
Trd, 4319286.393, 88
Trd, 4319287.193, 62
Trd, 4319289.043, 106
Trd, 4319289.843, 137
Trd, 4319290.043, 92
Trd, 4319290.193, 109
Trd, 4319290.643, 137
Trd, 4319290.843, 136
Trd, 4319291.943, 122
Trd, 4319294.093, 138
Trd, 4319294.943, 112
Trd, 4319295.493, 100
Trd, 4319295.693, 113
Trd, 4319295.943, 100
Trd, 4319297.593, 129
Trd, 4319298.793, 108
Trd, 4319299.193, 96
Trd, 4319301.193, 121
Trd, 4319302.443, 108
Trd, 4319302.743, 133
Trd, 4319302.893, 94
Trd, 4319303.343, 94
Trd, 4319304.093, 81
Trd, 4319304.743, 84
Trd, 4319306.043, 133
Trd, 4319306.093, 128
Trd, 4319306.943, 137
Trd, 4319306.993, 111
Trd, 4319307.843, 88
Trd, 4319308.093, 68
Trd, 4319309.493, 129
Trd, 4319309.793, 127
Trd, 4319310.143, 84
Trd, 4319310.393, 81
Trd, 4319311.843, 114
Trd, 4319313.393, 131
Trd, 4319314.893, 107
Trd, 4319315.143, 105
Trd, 4319315.943, 138
Trd, 4319316.543, 126
Trd, 4319316.893, 139
Trd, 4319316.943, 132
Trd, 4319318.143, 106
Trd, 4319319.443, 114
Trd, 4319319.593, 108
Trd, 4319320.943, 106
Trd, 4319321.493, 125
Trd, 4319322.843, 111
Trd, 4319323.743, 126
Trd, 4319325.343, 89
Trd, 4319325.543, 97
Trd, 4319326.343, 79
Trd, 4319326.393, 78
Trd, 4319327.143, 126
Trd, 4319327.393, 138
Trd, 4319328.543, 138
Trd, 4319328.643, 104
Trd, 4319329.693, 109
Trd, 4319329.943, 79
Trd, 4319330.443, 135
Trd, 4319331.293, 78
Trd, 4319331.593, 77
Trd, 4319331.643, 105
Trd, 4319332.343, 139
Trd, 4319332.393, 130
Trd, 4319332.693, 85
Trd, 4319333.993, 81
Trd, 4319334.243, 119
Trd, 4319334.843, 125
Trd, 4319336.393, 139
Trd, 4319336.993, 133
Trd, 4319337.543, 92
Trd, 4319338.943, 79
Trd, 4319339.543, 83
Trd, 4319339.993, 113
Trd, 4319340.493, 112
Trd, 4319341.393, 108
Trd, 4319341.693, 63
Trd, 4319341.993, 87
Trd, 4319343.093, 118
Trd, 4319344.193, 125
Trd, 4319344.643, 104
Trd, 4319345.043, 92
Trd, 4319346.293, 110
Trd, 4319348.143, 138
Trd, 4319348.893, 123
Trd, 4319349.543, 114
Trd, 4319350.693, 104
Trd, 4319351.043, 110
Trd, 4319352.193, 133
Trd, 4319352.393, 115
Trd, 4319352.443, 104
Trd, 4319353.893, 138
Trd, 4319354.993, 110
Trd, 4319355.743, 126
Trd, 4319356.193, 80
Trd, 4319356.493, 106
Trd, 4319357.843, 95
Trd, 4319357.893, 111
Trd, 4319359.243, 138
Trd, 4319359.543, 137
Trd, 4319359.793, 93
Trd, 4319361.443, 138
Trd, 4319362.193, 123
Trd, 4319362.543, 137
Trd, 4319362.793, 134
Trd, 4319364.043, 116
Trd, 4319364.343, 110
Trd, 4319364.893, 85
Trd, 4319366.343, 124
Trd, 4319366.693, 138
Trd, 4319366.943, 134
Trd, 4319367.593, 131
Trd, 4319367.843, 130
Trd, 4319369.143, 112
Trd, 4319369.943, 125
Trd, 4319370.043, 117
Trd, 4319370.343, 116
Trd, 4319372.293, 138
Trd, 4319372.643, 129
Trd, 4319372.743, 123
Trd, 4319373.393, 110
Trd, 4319374.143, 88
Trd, 4319374.793, 90
Trd, 4319376.693, 106
Trd, 4319377.643, 118
Trd, 4319377.943, 128
Trd, 4319380.993, 139
Trd, 4319381.443, 138
Trd, 4319382.493, 135
Trd, 4319382.793, 117
Trd, 4319383.343, 82
Trd, 4319384.093, 111
Trd, 4319385.643, 105
Trd, 4319385.843, 91
Trd, 4319386.743, 95
Trd, 4319387.043, 125
Trd, 4319387.343, 91
Trd, 4319387.743, 102
Trd, 4319388.643, 110
Trd, 4319388.993, 95
Trd, 4319389.193, 90
Trd, 4319389.493, 118
Trd, 4319391.093, 105
Trd, 4319391.143, 111
Trd, 4319393.043, 131
Trd, 4319393.493, 109
Trd, 4319393.793, 114
Trd, 4319394.493, 106
Trd, 4319394.943, 113
Trd, 4319395.693, 137
Trd, 4319395.793, 96
Trd, 4319395.893, 107
Trd, 4319397.193, 125
Trd, 4319397.243, 124
Trd, 4319398.443, 100
Trd, 4319400.593, 114
Trd, 4319400.843, 124
Trd, 4319401.843, 109
Trd, 4319403.643, 139
Trd, 4319403.893, 110
Trd, 4319404.543, 100
Trd, 4319405.143, 107
Trd, 4319405.543, 102
Trd, 4319405.693, 100
Trd, 4319406.093, 120
Trd, 4319406.443, 80
Trd, 4319407.343, 108
Trd, 4319407.693, 86
Trd, 4319409.543, 120
Trd, 4319409.643, 83
Trd, 4319411.393, 117
Trd, 4319411.843, 120
Trd, 4319412.093, 131
Trd, 4319413.143, 104
Trd, 4319413.643, 110
Trd, 4319415.143, 127
Trd, 4319415.343, 110
Trd, 4319417.343, 79
Trd, 4319417.493, 130
Trd, 4319418.943, 139
Trd, 4319419.393, 136
Trd, 4319420.043, 121
Trd, 4319421.993, 118
Trd, 4319423.193, 103
Trd, 4319423.893, 85
Trd, 4319424.243, 104
Trd, 4319424.393, 79
Trd, 4319425.443, 105
Trd, 4319426.493, 90
Trd, 4319426.943, 87
Trd, 4319428.343, 117
Trd, 4319428.593, 98
Trd, 4319428.693, 95
Trd, 4319430.143, 136
Trd, 4319431.693, 130
Trd, 4319431.993, 115
Trd, 4319432.893, 86
Trd, 4319433.443, 140
Trd, 4319433.693, 137
Trd, 4319434.093, 84
Trd, 4319434.343, 92
Trd, 4319434.643, 103
Trd, 4319435.743, 110
Trd, 4319437.293, 118
Trd, 4319437.343, 104
Trd, 4319437.643, 128
Trd, 4319438.493, 136
Trd, 4319438.543, 99
Trd, 4319439.393, 76
Trd, 4319439.893, 75
Trd, 4319439.943, 109
Trd, 4319440.393, 92
Trd, 4319442.443, 108
Trd, 4319442.993, 134
Trd, 4319443.243, 139
Trd, 4319444.043, 134
Trd, 4319444.343, 70
Trd, 4319445.543, 136
Trd, 4319446.593, 140
Trd, 4319446.743, 122
Trd, 4319447.793, 128
Trd, 4319448.493, 117
Trd, 4319449.043, 122
Trd, 4319449.243, 114
Trd, 4319450.743, 134
Trd, 4319452.143, 139
Trd, 4319452.693, 101
Trd, 4319453.293, 113
Trd, 4319454.193, 113
Trd, 4319455.043, 119
Trd, 4319455.393, 90
Trd, 4319455.893, 107
Trd, 4319457.393, 111
Trd, 4319457.843, 138
Trd, 4319458.043, 137
Trd, 4319458.143, 115
Trd, 4319458.593, 98
Trd, 4319459.343, 91
Trd, 4319460.743, 118
Trd, 4319461.093, 90
Trd, 4319461.393, 66
Trd, 4319462.793, 117
Trd, 4319463.093, 123
Trd, 4319463.793, 85
Trd, 4319464.293, 128
Trd, 4319464.493, 128
Trd, 4319465.743, 71
Trd, 4319467.593, 63
Trd, 4319468.343, 72
Trd, 4319469.093, 139
Trd, 4319469.143, 126
Trd, 4319470.843, 127
Trd, 4319471.043, 120
Trd, 4319471.443, 117
Trd, 4319472.743, 137
Trd, 4319473.043, 120
Trd, 4319473.493, 109
Trd, 4319474.293, 67
Trd, 4319475.093, 97
Trd, 4319475.143, 113
Trd, 4319476.393, 93
Trd, 4319476.943, 99
Trd, 4319477.593, 123
Trd, 4319478.393, 102
Trd, 4319478.693, 100
Trd, 4319479.293, 68
Trd, 4319479.493, 75
Trd, 4319479.593, 92
Trd, 4319481.943, 129
Trd, 4319482.193, 109
Trd, 4319484.293, 107
Trd, 4319484.343, 124
Trd, 4319484.543, 90
Trd, 4319485.993, 113
Trd, 4319487.143, 126
Trd, 4319487.493, 113
Trd, 4319487.943, 109
Trd, 4319488.343, 98
Trd, 4319489.243, 129
Trd, 4319490.843, 134
Trd, 4319491.493, 124
Trd, 4319492.193, 124
Trd, 4319492.293, 116
Trd, 4319493.343, 132
Trd, 4319493.993, 126
Trd, 4319494.093, 98
Trd, 4319494.993, 140
Trd, 4319495.393, 90
Trd, 4319495.643, 118
Trd, 4319497.893, 133
Trd, 4319498.093, 123
Trd, 4319498.843, 123
Trd, 4319499.243, 130
Trd, 4319499.493, 102
Trd, 4319500.393, 72
Trd, 4319500.793, 117
Trd, 4319501.693, 122
Trd, 4319502.393, 101
Trd, 4319502.593, 99
Trd, 4319503.443, 121
Trd, 4319505.043, 102
Trd, 4319506.343, 103
Trd, 4319507.293, 87
Trd, 4319507.343, 83
Trd, 4319508.093, 140
Trd, 4319508.793, 128
Trd, 4319509.093, 115
Trd, 4319509.543, 100
Trd, 4319511.093, 74
Trd, 4319511.543, 94
Trd, 4319511.893, 108
Trd, 4319512.743, 124
Trd, 4319513.293, 108
Trd, 4319514.393, 87
Trd, 4319514.643, 87
Trd, 4319514.793, 106
Trd, 4319516.943, 82
Trd, 4319517.893, 76
Trd, 4319517.993, 88
Trd, 4319518.443, 97
Trd, 4319518.993, 97
Trd, 4319519.193, 85
Trd, 4319519.943, 130
Trd, 4319520.343, 130
Trd, 4319523.493, 127
Trd, 4319523.843, 125
Trd, 4319524.293, 136
Trd, 4319524.793, 103
Trd, 4319525.693, 107
Trd, 4319525.893, 115
Trd, 4319526.243, 91
Trd, 4319526.893, 94
Trd, 4319529.343, 110
Trd, 4319529.593, 118
Trd, 4319530.043, 115
Trd, 4319530.293, 98
Trd, 4319530.793, 133
Trd, 4319532.743, 80
Trd, 4319533.043, 118
Trd, 4319533.993, 60
Trd, 4319534.343, 92
Trd, 4319536.143, 131
Trd, 4319536.943, 101
Trd, 4319538.043, 87
Trd, 4319538.243, 89
Trd, 4319538.643, 80
Trd, 4319539.393, 115
Trd, 4319540.393, 140
Trd, 4319540.543, 133
Trd, 4319541.543, 130
Trd, 4319542.943, 120
Trd, 4319542.993, 88
Trd, 4319545.643, 110
Trd, 4319545.793, 106
Trd, 4319546.093, 85
Trd, 4319546.843, 120
Trd, 4319547.493, 97
Trd, 4319547.543, 94
Trd, 4319547.993, 96
Trd, 4319548.093, 69
Trd, 4319548.843, 129
Trd, 4319549.543, 127
Trd, 4319550.393, 79
Trd, 4319552.243, 100
Trd, 4319553.243, 134
Trd, 4319553.843, 111
Trd, 4319555.043, 103
Trd, 4319555.243, 94
Trd, 4319555.543, 93
Trd, 4319555.593, 82
Trd, 4319557.193, 112
Trd, 4319557.493, 95
Trd, 4319558.093, 91
Trd, 4319558.743, 99
Trd, 4319561.093, 140
Trd, 4319561.343, 125
Trd, 4319561.893, 108
Trd, 4319562.393, 115
Trd, 4319563.193, 86
Trd, 4319563.443, 85
Trd, 4319563.893, 103
Trd, 4319564.443, 120
Trd, 4319565.743, 140
Trd, 4319567.293, 113
Trd, 4319567.443, 102
Trd, 4319568.393, 101
Trd, 4319570.043, 140
Trd, 4319571.293, 128
Trd, 4319571.593, 140
Trd, 4319572.293, 101
Trd, 4319572.493, 94
Trd, 4319572.943, 99
Trd, 4319573.893, 80
Trd, 4319574.743, 139
Trd, 4319575.143, 106
Trd, 4319575.643, 106
Trd, 4319577.493, 131
Trd, 4319578.293, 134
Trd, 4319578.843, 129
Trd, 4319579.043, 113
Trd, 4319580.793, 129
Trd, 4319581.743, 136
Trd, 4319582.093, 117
Trd, 4319582.443, 96
Trd, 4319582.693, 72
Trd, 4319583.343, 127
Trd, 4319584.493, 81
Trd, 4319584.593, 84
Trd, 4319584.993, 97
Trd, 4319585.343, 96
Trd, 4319586.393, 131
Trd, 4319587.043, 87
Trd, 4319587.543, 78
Trd, 4319589.393, 100
Trd, 4319590.243, 123
Trd, 4319590.443, 115
Trd, 4319591.093, 125
Trd, 4319592.143, 131
Trd, 4319592.893, 135
Trd, 4319593.193, 114
Trd, 4319594.493, 103
Trd, 4319594.693, 88
Trd, 4319595.193, 124
Trd, 4319595.343, 107
Trd, 4319595.793, 138
Trd, 4319596.793, 110
Trd, 4319598.343, 136
Trd, 4319598.493, 130
Trd, 4319598.543, 117
Trd, 4319599.343, 94
Trd, 4319599.893, 77
Trd, 4319600.443, 67
Trd, 4319602.693, 127
Trd, 4319603.393, 124
Trd, 4319603.693, 95
Trd, 4319603.743, 85
Trd, 4319604.993, 133
Trd, 4319606.193, 120
Trd, 4319606.643, 90
Trd, 4319607.243, 119
Trd, 4319608.993, 110
Trd, 4319609.143, 91
Trd, 4319609.393, 94
Trd, 4319609.693, 128
Trd, 4319613.043, 134
Trd, 4319613.243, 129
Trd, 4319614.693, 100
Trd, 4319615.343, 91
Trd, 4319615.643, 124
Trd, 4319616.443, 109
Trd, 4319616.693, 91
Trd, 4319617.293, 81
Trd, 4319617.493, 98
Trd, 4319617.843, 122
Trd, 4319618.543, 138
Trd, 4319621.343, 108
Trd, 4319622.243, 93
Trd, 4319622.443, 76
Trd, 4319623.043, 116
Trd, 4319623.743, 97
Trd, 4319624.693, 116
Trd, 4319625.293, 131
Trd, 4319626.343, 100
Trd, 4319626.543, 108
Trd, 4319627.343, 123
Trd, 4319627.643, 123
Trd, 4319629.443, 123
Trd, 4319630.143, 111
Trd, 4319631.693, 88
Trd, 4319632.543, 91
Trd, 4319632.593, 103
Trd, 4319633.343, 118
Trd, 4319633.693, 137
Trd, 4319635.043, 139
Trd, 4319635.893, 121
Trd, 4319637.143, 112
Trd, 4319637.793, 108
Trd, 4319638.243, 96
Trd, 4319638.593, 104
Trd, 4319639.493, 118
Trd, 4319639.893, 107
Trd, 4319640.743, 89
Trd, 4319641.093, 96
Trd, 4319642.693, 93
Trd, 4319643.593, 105
Trd, 4319644.543, 136
Trd, 4319644.793, 119
Trd, 4319645.093, 127
Trd, 4319646.843, 140
Trd, 4319646.993, 120
Trd, 4319647.593, 140
Trd, 4319647.893, 137
Trd, 4319648.293, 112
Trd, 4319649.843, 127
Trd, 4319650.943, 117
Trd, 4319651.393, 118
Trd, 4319653.543, 132
Trd, 4319654.343, 138
Trd, 4319654.693, 121
Trd, 4319656.943, 138
Trd, 4319657.093, 112
Trd, 4319657.143, 97
Trd, 4319657.693, 91
Trd, 4319658.093, 97
Trd, 4319658.443, 94
Trd, 4319658.893, 99
Trd, 4319661.193, 140
Trd, 4319661.993, 137
Trd, 4319662.243, 118
Trd, 4319663.243, 70
Trd, 4319663.843, 97
Trd, 4319664.093, 94
Trd, 4319664.343, 71
Trd, 4319665.643, 116
Trd, 4319667.193, 92
Trd, 4319667.993, 99
Trd, 4319668.093, 81
Trd, 4319668.143, 79
Trd, 4319668.293, 108
Trd, 4319668.943, 74
Trd, 4319669.543, 102
Trd, 4319670.193, 99
Trd, 4319670.793, 139
Trd, 4319672.893, 70
Trd, 4319673.593, 87
Trd, 4319674.243, 96
Trd, 4319675.593, 92
Trd, 4319675.693, 76
Trd, 4319676.093, 83
Trd, 4319677.093, 110
Trd, 4319677.293, 122
Trd, 4319677.443, 73
Trd, 4319678.043, 105
Trd, 4319679.343, 126
Trd, 4319680.843, 109
Trd, 4319681.293, 106
Trd, 4319681.943, 132
Trd, 4319682.443, 128
Trd, 4319683.193, 120
Trd, 4319684.143, 104
Trd, 4319684.893, 122
Trd, 4319685.093, 121
Trd, 4319685.643, 94
Trd, 4319686.143, 82
Trd, 4319687.893, 128
Trd, 4319688.393, 117
Trd, 4319689.943, 101
Trd, 4319690.943, 106
Trd, 4319691.243, 103
Trd, 4319692.943, 121
Trd, 4319693.493, 107
Trd, 4319693.643, 138
Trd, 4319694.343, 138
Trd, 4319694.943, 82
Trd, 4319696.343, 132
Trd, 4319697.093, 131
Trd, 4319697.843, 127
Trd, 4319698.443, 126
Trd, 4319699.143, 129
Trd, 4319699.343, 119
Trd, 4319699.493, 96
Trd, 4319699.543, 93
Trd, 4319700.343, 106
Trd, 4319701.943, 75
Trd, 4319702.143, 76
Trd, 4319702.493, 64
Trd, 4319702.843, 106
Trd, 4319704.143, 96
Trd, 4319704.893, 86
Trd, 4319705.143, 102
Trd, 4319705.393, 79
Trd, 4319705.693, 103
Trd, 4319706.293, 90
Trd, 4319707.643, 81
Trd, 4319707.893, 85
Trd, 4319707.993, 89
Trd, 4319708.743, 76
Trd, 4319709.293, 95
Trd, 4319710.343, 116
Trd, 4319711.393, 115
Trd, 4319711.893, 131
Trd, 4319713.493, 133
Trd, 4319714.143, 129
Trd, 4319714.393, 119
Trd, 4319715.243, 124
Trd, 4319715.493, 123
Trd, 4319716.293, 120
Trd, 4319716.793, 131
Trd, 4319717.093, 130
Trd, 4319718.243, 102
Trd, 4319718.443, 93
Trd, 4319720.093, 84
Trd, 4319720.343, 115
Trd, 4319721.043, 115
Trd, 4319721.543, 120
Trd, 4319721.643, 104
Trd, 4319721.893, 130
Trd, 4319722.043, 130
Trd, 4319722.343, 110
Trd, 4319724.493, 90
Trd, 4319725.093, 90
Trd, 4319725.243, 76
Trd, 4319725.793, 137
Trd, 4319726.493, 132
Trd, 4319727.543, 92
Trd, 4319728.143, 94
Trd, 4319729.793, 89
Trd, 4319730.443, 108
Trd, 4319730.543, 89
Trd, 4319730.893, 133
Trd, 4319731.493, 137
Trd, 4319732.493, 102
Trd, 4319732.743, 63
Trd, 4319733.243, 130
Trd, 4319734.343, 78
Trd, 4319734.943, 82
Trd, 4319735.043, 77
Trd, 4319735.893, 117
Trd, 4319737.093, 80
Trd, 4319738.043, 131
Trd, 4319738.293, 111
Trd, 4319738.693, 91
Trd, 4319740.143, 92
Trd, 4319741.093, 125
Trd, 4319741.743, 124
Trd, 4319741.943, 123
Trd, 4319743.643, 129
Trd, 4319743.993, 114
Trd, 4319744.743, 119
Trd, 4319745.343, 111
Trd, 4319745.843, 112
Trd, 4319747.193, 117
Trd, 4319747.693, 98
Trd, 4319748.043, 88
Trd, 4319748.343, 105
Trd, 4319748.593, 123
Trd, 4319749.843, 106
Trd, 4319750.893, 121
Trd, 4319751.243, 91
Trd, 4319752.493, 100
Trd, 4319752.943, 68
Trd, 4319753.193, 76
Trd, 4319753.593, 63
Trd, 4319753.693, 69
Trd, 4319754.193, 104
Trd, 4319756.493, 100
Trd, 4319757.193, 79
Trd, 4319757.443, 67
Trd, 4319757.943, 95
Trd, 4319758.543, 130
Trd, 4319759.293, 80
Trd, 4319759.743, 61
Trd, 4319761.393, 88
Trd, 4319761.743, 121
Trd, 4319762.143, 119
Trd, 4319762.893, 125
Trd, 4319763.193, 118
Trd, 4319763.593, 104
Trd, 4319763.893, 131
Trd, 4319766.093, 99
Trd, 4319767.093, 78
Trd, 4319769.393, 107
Trd, 4319771.093, 136
Trd, 4319771.293, 134
Trd, 4319771.743, 137
Trd, 4319772.893, 127
Trd, 4319773.043, 127
Trd, 4319773.243, 118
Trd, 4319774.643, 140
Trd, 4319774.693, 118
Trd, 4319774.993, 139
Trd, 4319776.843, 131
Trd, 4319777.293, 111
Trd, 4319778.293, 99
Trd, 4319778.993, 106
Trd, 4319779.393, 123
Trd, 4319780.343, 138
Trd, 4319780.693, 94
Trd, 4319781.393, 138
Trd, 4319782.743, 125
Trd, 4319783.143, 138
Trd, 4319783.393, 109
Trd, 4319783.793, 112
Trd, 4319784.793, 87
Trd, 4319786.043, 78
Trd, 4319787.593, 127
Trd, 4319788.243, 140
Trd, 4319788.393, 106
Trd, 4319788.493, 135
Trd, 4319789.093, 110
Trd, 4319789.393, 138
Trd, 4319789.493, 99
Trd, 4319790.993, 111
Trd, 4319793.643, 131
Trd, 4319793.793, 129
Trd, 4319794.743, 117
Trd, 4319795.393, 92
Trd, 4319795.843, 77
Trd, 4319797.943, 95
Trd, 4319798.643, 109
Trd, 4319799.643, 103
Trd, 4319800.943, 81
Trd, 4319801.793, 80
Trd, 4319802.243, 118
Trd, 4319802.443, 93
Trd, 4319802.543, 83
Trd, 4319803.893, 94
Trd, 4319804.393, 91
Trd, 4319804.843, 87
Trd, 4319805.093, 100
Trd, 4319806.093, 134
Trd, 4319806.393, 140
Trd, 4319806.943, 89
Trd, 4319807.393, 112
Trd, 4319808.843, 112
Trd, 4319809.043, 113
Trd, 4319811.793, 131
Trd, 4319811.843, 119
Trd, 4319811.993, 114
Trd, 4319812.293, 101
Trd, 4319813.143, 96
Trd, 4319813.943, 131
Trd, 4319815.543, 111
Trd, 4319815.593, 112
Trd, 4319815.643, 77
Trd, 4319816.143, 123
Trd, 4319816.593, 108
Trd, 4319816.943, 93
Trd, 4319817.643, 135
Trd, 4319818.343, 113
Trd, 4319819.093, 72
Trd, 4319820.493, 104
Trd, 4319821.293, 94
Trd, 4319821.643, 91
Trd, 4319822.243, 63
Trd, 4319823.043, 118
Trd, 4319823.343, 87
Trd, 4319824.293, 118
Trd, 4319825.193, 98
Trd, 4319826.143, 123
Trd, 4319827.193, 114
Trd, 4319828.243, 100
Trd, 4319828.543, 93
Trd, 4319828.893, 131
Trd, 4319829.293, 96
Trd, 4319829.793, 124
Trd, 4319831.243, 138
Trd, 4319831.543, 117
Trd, 4319832.443, 107
Trd, 4319833.393, 108
Trd, 4319833.893, 112
Trd, 4319834.543, 140
Trd, 4319835.243, 121
Trd, 4319835.943, 135
Trd, 4319836.043, 104
Trd, 4319836.193, 85
Trd, 4319837.093, 89
Trd, 4319837.743, 90
Trd, 4319839.343, 120
Trd, 4319839.543, 133
Trd, 4319840.043, 93
Trd, 4319840.743, 134
Trd, 4319840.993, 125
Trd, 4319841.293, 138
Trd, 4319844.343, 99
Trd, 4319845.043, 98
Trd, 4319845.193, 85
Trd, 4319846.493, 114
Trd, 4319847.043, 107
Trd, 4319848.193, 91
Trd, 4319848.493, 62
Trd, 4319849.143, 104
Trd, 4319849.193, 114
Trd, 4319849.443, 136
Trd, 4319850.093, 78
Trd, 4319850.943, 73
Trd, 4319851.743, 106
Trd, 4319852.493, 113
Trd, 4319853.043, 134
Trd, 4319853.343, 136
Trd, 4319853.443, 73
Trd, 4319855.043, 121
Trd, 4319855.143, 68
Trd, 4319855.943, 84
Trd, 4319856.593, 73
Trd, 4319858.193, 103
Trd, 4319858.393, 85
Trd, 4319859.143, 109
Trd, 4319859.293, 124
Trd, 4319861.943, 136
Trd, 4319862.193, 137
Trd, 4319862.543, 119
Trd, 4319862.893, 118
Trd, 4319864.293, 135
Trd, 4319864.993, 134
Trd, 4319865.493, 122
Trd, 4319866.593, 118
Trd, 4319867.493, 122
Trd, 4319868.093, 112
Trd, 4319868.393, 102
Trd, 4319868.493, 124
Trd, 4319869.343, 108
Trd, 4319869.443, 136
Trd, 4319869.693, 85
Trd, 4319870.893, 87
Trd, 4319871.493, 87
Trd, 4319871.943, 118
Trd, 4319872.343, 60
Trd, 4319872.843, 77
Trd, 4319873.343, 108
Trd, 4319874.343, 86
Trd, 4319874.993, 106
Trd, 4319875.243, 89
Trd, 4319877.843, 68
Trd, 4319877.943, 86
Trd, 4319878.143, 133
Trd, 4319878.293, 109
Trd, 4319879.143, 129
Trd, 4319881.043, 98
Trd, 4319882.093, 92
Trd, 4319882.843, 95
Trd, 4319883.093, 85
Trd, 4319883.793, 118
Trd, 4319883.843, 81
Trd, 4319884.143, 126
Trd, 4319885.993, 134
Trd, 4319886.693, 121
Trd, 4319886.843, 128
Trd, 4319887.843, 130
Trd, 4319888.793, 132
Trd, 4319889.443, 114
Trd, 4319890.143, 87
Trd, 4319890.193, 86
Trd, 4319890.593, 140
Trd, 4319891.643, 137
Trd, 4319892.993, 135
Trd, 4319893.993, 135
Trd, 4319895.143, 126
Trd, 4319895.243, 105
Trd, 4319895.943, 128
Trd, 4319896.043, 121
Trd, 4319896.943, 124
Trd, 4319897.643, 116
Trd, 4319899.043, 126
Trd, 4319899.493, 127
Trd, 4319900.493, 80
Trd, 4319901.093, 114
Trd, 4319901.643, 110
Trd, 4319901.893, 77
Trd, 4319902.093, 126
Trd, 4319902.443, 139
Trd, 4319904.193, 128
Trd, 4319904.293, 111
Trd, 4319904.743, 104
Trd, 4319906.443, 119
Trd, 4319907.343, 90
Trd, 4319907.593, 109
Trd, 4319907.893, 85
Trd, 4319909.293, 122
Trd, 4319909.443, 130
Trd, 4319909.693, 105
Trd, 4319911.243, 97
Trd, 4319911.543, 73
Trd, 4319911.943, 66
Trd, 4319912.293, 113
Trd, 4319912.593, 88
Trd, 4319913.943, 132
Trd, 4319915.143, 75
Trd, 4319915.393, 79
Trd, 4319916.943, 61
Trd, 4319916.993, 66
Trd, 4319918.693, 87
Trd, 4319919.793, 117
Trd, 4319921.043, 115
Trd, 4319921.343, 95
Trd, 4319922.493, 116
Trd, 4319922.793, 102
Trd, 4319922.943, 94
Trd, 4319923.093, 136
Trd, 4319923.843, 98
Trd, 4319924.293, 95
Trd, 4319925.293, 82
Trd, 4319926.193, 103
Trd, 4319927.143, 95
Trd, 4319927.443, 95
Trd, 4319927.793, 124
Trd, 4319928.643, 87
Trd, 4319929.643, 96
Trd, 4319930.093, 104
Trd, 4319930.993, 136
Trd, 4319933.043, 91
Trd, 4319933.793, 80
Trd, 4319934.643, 120
Trd, 4319935.243, 117
Trd, 4319935.693, 115
Trd, 4319936.393, 101
Trd, 4319937.193, 137
Trd, 4319937.393, 114
Trd, 4319938.543, 71
Trd, 4319939.393, 67
Trd, 4319939.543, 138
Trd, 4319940.343, 132
Trd, 4319942.093, 125
Trd, 4319942.843, 138
Trd, 4319943.443, 129
Trd, 4319943.893, 116
Trd, 4319943.943, 111
Trd, 4319945.793, 91
Trd, 4319945.943, 78
Trd, 4319946.743, 98
Trd, 4319948.793, 133
Trd, 4319949.493, 131
Trd, 4319949.893, 110
Trd, 4319949.993, 104
Trd, 4319950.043, 115
Trd, 4319952.293, 117
Trd, 4319952.443, 105
Trd, 4319952.943, 91
Trd, 4319953.743, 100
Trd, 4319955.243, 137
Trd, 4319956.043, 74
Trd, 4319957.843, 91
Trd, 4319958.643, 108
Trd, 4319959.493, 80
Trd, 4319959.593, 73
Trd, 4319959.943, 71
Trd, 4319961.293, 64
Trd, 4319962.593, 113
Trd, 4319962.693, 133
Trd, 4319963.743, 120
Trd, 4319964.593, 126
Trd, 4319964.893, 137
Trd, 4319965.343, 119
Trd, 4319966.143, 98
Trd, 4319967.143, 139
Trd, 4319967.743, 120
Trd, 4319967.793, 90
Trd, 4319969.243, 126
Trd, 4319970.793, 132
Trd, 4319971.193, 130
Trd, 4319971.393, 125
Trd, 4319971.493, 122
Trd, 4319972.043, 115
Trd, 4319972.293, 112
Trd, 4319973.543, 137
Trd, 4319974.143, 131
Trd, 4319974.843, 139
Trd, 4319974.993, 114
Trd, 4319976.243, 102
Trd, 4319976.293, 105
Trd, 4319976.843, 98
Trd, 4319977.093, 80
Trd, 4319977.393, 116
Trd, 4319977.593, 101
Trd, 4319977.843, 97
Trd, 4319978.593, 132
Trd, 4319980.043, 109
Trd, 4319980.343, 132
Trd, 4319982.343, 129
Trd, 4319983.643, 140
Trd, 4319984.743, 128
Trd, 4319985.843, 130
Trd, 4319985.893, 116
Trd, 4319986.493, 140
Trd, 4319987.043, 134
Trd, 4319988.943, 125
Trd, 4319989.043, 120
Trd, 4319989.493, 106
Trd, 4319989.643, 89
Trd, 4319991.343, 115
Trd, 4319992.343, 138
Trd, 4319993.243, 109
Trd, 4319994.243, 117
Trd, 4319994.393, 122
Trd, 4319995.343, 108
Trd, 4319995.693, 126
Trd, 4319996.493, 105
Trd, 4319997.493, 94
Trd, 4319997.993, 87
Trd, 4319999.143, 134
