Trd, 4318076.343, 134
Trd, 4318076.993, 91
Trd, 4318077.893, 129
Trd, 4318078.393, 129
Trd, 4318078.543, 97
Trd, 4318080.543, 117
Trd, 4318081.393, 138
Trd, 4318082.543, 111
Trd, 4318083.243, 125
Trd, 4318083.743, 108
Trd, 4318084.843, 120
Trd, 4318085.793, 134
Trd, 4318088.243, 139
Trd, 4318088.993, 132
Trd, 4318089.843, 123
Trd, 4318089.943, 122
Trd, 4318089.993, 115
Trd, 4318091.793, 134
Trd, 4318092.693, 137
Trd, 4318093.543, 130
Trd, 4318094.193, 135
Trd, 4318094.243, 132
Trd, 4318095.593, 138
Trd, 4318095.743, 129
Trd, 4318096.043, 93
Trd, 4318097.543, 114
Trd, 4318097.693, 105
Trd, 4318097.943, 90
Trd, 4318099.593, 79
Trd, 4318099.693, 69
Trd, 4318101.093, 93
Trd, 4318102.243, 72
Trd, 4318102.643, 73
Trd, 4318103.343, 133
Trd, 4318103.393, 130
Trd, 4318103.643, 119
Trd, 4318104.693, 132
Trd, 4318106.893, 117
Trd, 4318107.243, 114
Trd, 4318107.443, 114
Trd, 4318108.143, 92
Trd, 4318109.543, 129
Trd, 4318109.993, 108
Trd, 4318110.243, 122
Trd, 4318110.893, 133
Trd, 4318112.143, 113
Trd, 4318112.193, 105
Trd, 4318113.243, 105
Trd, 4318113.443, 124
Trd, 4318113.693, 103
Trd, 4318115.393, 128
Trd, 4318115.493, 115
Trd, 4318116.093, 128
Trd, 4318116.943, 123
Trd, 4318116.993, 104
Trd, 4318117.793, 126
Trd, 4318118.643, 107
Trd, 4318119.743, 111
Trd, 4318121.393, 117
Trd, 4318121.743, 70
Trd, 4318121.943, 114
Trd, 4318122.743, 95
Trd, 4318123.643, 135
Trd, 4318123.993, 117
Trd, 4318124.943, 138
Trd, 4318126.143, 105
Trd, 4318127.093, 89
Trd, 4318127.293, 104
Trd, 4318128.043, 138
Trd, 4318128.543, 95
Trd, 4318128.693, 119
Trd, 4318128.843, 118
Trd, 4318130.043, 60
Trd, 4318130.793, 104
Trd, 4318131.593, 63
Trd, 4318132.893, 108
Trd, 4318133.043, 89
Trd, 4318134.243, 106
Trd, 4318134.943, 91
Trd, 4318136.543, 130
Trd, 4318136.593, 94
Trd, 4318136.993, 126
Trd, 4318137.293, 79
Trd, 4318137.893, 80
Trd, 4318138.843, 121
Trd, 4318140.843, 139
Trd, 4318141.143, 134
Trd, 4318141.393, 124
Trd, 4318141.843, 126
Trd, 4318142.543, 125
Trd, 4318142.893, 113
Trd, 4318143.443, 63
Trd, 4318144.893, 113
Trd, 4318146.243, 135
Trd, 4318146.393, 127
Trd, 4318146.943, 108
Trd, 4318147.193, 98
Trd, 4318149.843, 112
Trd, 4318149.893, 105
Trd, 4318151.343, 118
Trd, 4318151.993, 84
Trd, 4318152.893, 105
Trd, 4318153.043, 104
Trd, 4318154.043, 131
Trd, 4318154.093, 108
Trd, 4318154.943, 108
Trd, 4318155.243, 101
Trd, 4318155.443, 109
Trd, 4318156.043, 97
Trd, 4318156.693, 76
Trd, 4318158.443, 129
Trd, 4318158.693, 124
Trd, 4318159.943, 132
Trd, 4318160.193, 131
Trd, 4318160.643, 114
Trd, 4318162.143, 119
Trd, 4318162.943, 136
Trd, 4318163.043, 113
Trd, 4318163.443, 89
Trd, 4318164.543, 122
Trd, 4318164.643, 118
Trd, 4318165.643, 136
Trd, 4318167.643, 131
Trd, 4318167.993, 124
Trd, 4318168.493, 121
Trd, 4318169.543, 117
Trd, 4318170.943, 139
Trd, 4318171.293, 136
Trd, 4318171.543, 118
Trd, 4318172.343, 117
Trd, 4318173.343, 119
Trd, 4318174.043, 130
Trd, 4318175.193, 139
Trd, 4318177.093, 113
Trd, 4318177.593, 114
Trd, 4318178.093, 91
Trd, 4318178.143, 84
Trd, 4318178.493, 106
Trd, 4318179.243, 82
Trd, 4318179.693, 82
Trd, 4318180.743, 132
Trd, 4318181.743, 114
Trd, 4318183.743, 133
Trd, 4318185.393, 124
Trd, 4318186.843, 137
Trd, 4318187.143, 127
Trd, 4318187.893, 132
Trd, 4318188.593, 138
Trd, 4318189.543, 131
Trd, 4318189.993, 129
Trd, 4318190.393, 121
Trd, 4318192.293, 138
Trd, 4318192.793, 133
Trd, 4318194.193, 126
Trd, 4318195.143, 108
Trd, 4318195.893, 118
Trd, 4318197.343, 111
Trd, 4318197.743, 120
Trd, 4318198.693, 110
Trd, 4318200.093, 133
Trd, 4318201.893, 130
Trd, 4318203.343, 136
Trd, 4318203.543, 130
Trd, 4318204.093, 121
Trd, 4318204.393, 85
Trd, 4318205.943, 136
Trd, 4318206.993, 126
Trd, 4318208.243, 123
Trd, 4318208.843, 138
Trd, 4318209.243, 134
Trd, 4318209.793, 140
Trd, 4318210.193, 126
Trd, 4318210.393, 108
Trd, 4318212.043, 115
Trd, 4318214.543, 135
Trd, 4318214.743, 125
Trd, 4318214.943, 126
Trd, 4318215.993, 99
Trd, 4318216.743, 119
Trd, 4318218.193, 134
Trd, 4318218.343, 124
Trd, 4318219.493, 122
Trd, 4318220.593, 122
Trd, 4318220.893, 128
Trd, 4318222.093, 114
Trd, 4318224.143, 134
Trd, 4318224.943, 129
Trd, 4318225.643, 117
Trd, 4318225.893, 140
Trd, 4318226.943, 108
Trd, 4318227.293, 109
Trd, 4318228.693, 126
Trd, 4318228.743, 125
Trd, 4318228.893, 113
Trd, 4318229.043, 101
Trd, 4318231.693, 136
Trd, 4318232.593, 136
Trd, 4318233.643, 127
Trd, 4318233.893, 127
Trd, 4318234.243, 131
Trd, 4318234.393, 119
Trd, 4318235.343, 103
Trd, 4318235.793, 137
Trd, 4318235.943, 100
Trd, 4318236.393, 75
Trd, 4318236.743, 123
Trd, 4318238.743, 135
Trd, 4318239.643, 128
Trd, 4318239.693, 115
Trd, 4318240.093, 81
Trd, 4318240.393, 83
Trd, 4318241.143, 122
Trd, 4318242.293, 119
Trd, 4318243.043, 119
Trd, 4318243.143, 76
Trd, 4318243.593, 79
Trd, 4318244.393, 112
Trd, 4318244.843, 63
Trd, 4318245.893, 131
Trd, 4318247.393, 135
Trd, 4318247.593, 87
Trd, 4318247.943, 97
Trd, 4318248.343, 133
Trd, 4318249.793, 124
Trd, 4318249.943, 71
Trd, 4318250.793, 121
Trd, 4318251.393, 133
Trd, 4318252.793, 136
Trd, 4318252.893, 132
Trd, 4318254.043, 140
Trd, 4318254.143, 132
Trd, 4318255.093, 117
Trd, 4318255.743, 114
Trd, 4318257.593, 130
Trd, 4318258.643, 133
Trd, 4318258.993, 115
Trd, 4318259.593, 122
Trd, 4318259.643, 120
Trd, 4318259.793, 113
Trd, 4318260.943, 91
Trd, 4318261.993, 129
Trd, 4318262.643, 121
Trd, 4318262.893, 92
Trd, 4318264.493, 138
Trd, 4318265.943, 125
Trd, 4318266.243, 134
Trd, 4318267.693, 134
Trd, 4318269.743, 115
Trd, 4318269.893, 116
Trd, 4318270.243, 109
Trd, 4318270.693, 112
Trd, 4318271.393, 130
Trd, 4318271.643, 115
Trd, 4318273.143, 136
Trd, 4318273.593, 108
Trd, 4318274.943, 128
Trd, 4318275.243, 124
Trd, 4318275.893, 130
Trd, 4318277.893, 124
Trd, 4318278.543, 114
Trd, 4318278.693, 133
Trd, 4318279.293, 112
Trd, 4318279.993, 139
Trd, 4318281.043, 132
Trd, 4318282.393, 116
Trd, 4318283.343, 123
Trd, 4318283.693, 128
Trd, 4318283.793, 115
Trd, 4318284.143, 110
Trd, 4318285.493, 78
Trd, 4318285.643, 117
Trd, 4318287.393, 138
Trd, 4318287.843, 131
Trd, 4318289.043, 131
Trd, 4318290.643, 136
Trd, 4318291.443, 67
Trd, 4318292.143, 71
Trd, 4318292.543, 99
Trd, 4318292.693, 101
Trd, 4318294.043, 129
Trd, 4318294.243, 85
Trd, 4318294.843, 86
Trd, 4318295.893, 62
Trd, 4318295.943, 102
Trd, 4318296.293, 83
Trd, 4318297.343, 84
Trd, 4318298.843, 123
Trd, 4318299.843, 131
Trd, 4318300.043, 133
Trd, 4318300.843, 113
Trd, 4318301.293, 87
Trd, 4318302.693, 112
Trd, 4318302.843, 108
Trd, 4318304.593, 105
Trd, 4318304.643, 75
Trd, 4318305.193, 60
Trd, 4318305.593, 92
Trd, 4318306.593, 124
Trd, 4318308.143, 135
Trd, 4318308.443, 136
Trd, 4318310.243, 138
Trd, 4318310.343, 126
Trd, 4318310.543, 114
Trd, 4318311.443, 115
Trd, 4318311.993, 130
Trd, 4318312.143, 114
Trd, 4318314.143, 138
Trd, 4318314.343, 132
Trd, 4318315.743, 131
Trd, 4318316.443, 121
Trd, 4318316.993, 126
Trd, 4318317.393, 107
Trd, 4318318.743, 140
Trd, 4318319.093, 126
Trd, 4318320.343, 113
Trd, 4318321.193, 128
Trd, 4318322.043, 139
Trd, 4318324.593, 129
Trd, 4318325.693, 119
Trd, 4318326.293, 92
Trd, 4318326.343, 92
Trd, 4318327.043, 138
Trd, 4318328.093, 114
Trd, 4318328.243, 90
Trd, 4318328.943, 109
Trd, 4318330.043, 74
Trd, 4318330.443, 68
Trd, 4318331.493, 80
Trd, 4318331.643, 80
Trd, 4318332.093, 63
Trd, 4318332.943, 121
Trd, 4318333.993, 102
Trd, 4318334.643, 90
Trd, 4318337.243, 132
Trd, 4318337.743, 114
Trd, 4318338.693, 98
Trd, 4318339.043, 100
Trd, 4318339.343, 86
Trd, 4318339.443, 125
Trd, 4318340.543, 134
Trd, 4318341.193, 99
Trd, 4318341.843, 81
Trd, 4318341.893, 88
Trd, 4318341.993, 93
Trd, 4318342.243, 109
Trd, 4318343.643, 107
Trd, 4318344.293, 82
Trd, 4318346.393, 129
Trd, 4318346.993, 139
Trd, 4318347.043, 122
Trd, 4318348.043, 125
Trd, 4318349.343, 95
Trd, 4318350.443, 97
Trd, 4318351.293, 77
Trd, 4318352.043, 97
Trd, 4318352.443, 70
Trd, 4318352.843, 85
Trd, 4318354.893, 134
Trd, 4318356.443, 127
Trd, 4318356.943, 139
Trd, 4318358.893, 137
Trd, 4318358.993, 110
Trd, 4318360.043, 118
Trd, 4318360.343, 73
Trd, 4318361.193, 72
Trd, 4318361.593, 136
Trd, 4318362.443, 91
Trd, 4318363.443, 61
Trd, 4318364.143, 111
Trd, 4318364.343, 110
Trd, 4318364.743, 100
Trd, 4318365.943, 63
Trd, 4318365.993, 70
Trd, 4318366.243, 88
Trd, 4318368.193, 102
Trd, 4318369.593, 133
Trd, 4318369.893, 87
Trd, 4318371.143, 132
Trd, 4318371.643, 125
Trd, 4318372.343, 120
Trd, 4318373.693, 119
Trd, 4318374.943, 134
Trd, 4318375.293, 140
Trd, 4318376.293, 135
Trd, 4318377.043, 112
Trd, 4318377.693, 113
Trd, 4318378.243, 122
Trd, 4318379.293, 107
Trd, 4318379.843, 128
Trd, 4318381.443, 120
Trd, 4318381.693, 110
Trd, 4318382.343, 83
Trd, 4318382.443, 93
Trd, 4318383.193, 116
Trd, 4318383.243, 81
Trd, 4318383.943, 84
Trd, 4318385.343, 105
Trd, 4318385.743, 81
Trd, 4318387.093, 131
Trd, 4318387.343, 129
Trd, 4318387.843, 121
Trd, 4318389.843, 117
Trd, 4318390.193, 116
Trd, 4318390.843, 136
Trd, 4318390.943, 127
Trd, 4318392.343, 140
Trd, 4318393.343, 94
Trd, 4318393.743, 97
Trd, 4318394.093, 118
Trd, 4318394.443, 109
Trd, 4318397.143, 111
Trd, 4318397.593, 138
Trd, 4318397.943, 110
Trd, 4318398.443, 136
Trd, 4318398.493, 106
Trd, 4318399.293, 113
Trd, 4318399.943, 126
Trd, 4318400.093, 114
Trd, 4318400.143, 85
Trd, 4318400.493, 71
Trd, 4318402.893, 121
Trd, 4318404.343, 117
Trd, 4318405.193, 134
Trd, 4318405.993, 132
Trd, 4318406.143, 99
Trd, 4318409.093, 121
Trd, 4318409.943, 103
Trd, 4318410.093, 113
Trd, 4318410.193, 85
Trd, 4318411.543, 106
Trd, 4318412.593, 118
Trd, 4318414.693, 136
Trd, 4318414.793, 119
Trd, 4318415.743, 134
Trd, 4318416.843, 126
Trd, 4318418.443, 140
Trd, 4318419.093, 135
Trd, 4318419.593, 115
Trd, 4318420.143, 122
Trd, 4318420.243, 87
Trd, 4318421.093, 75
Trd, 4318421.743, 111
Trd, 4318422.793, 136
Trd, 4318423.293, 120
Trd, 4318424.343, 138
Trd, 4318424.393, 137
Trd, 4318424.493, 127
Trd, 4318424.893, 103
Trd, 4318426.443, 133
Trd, 4318427.543, 101
Trd, 4318427.943, 130
Trd, 4318428.743, 111
Trd, 4318429.443, 131
Trd, 4318429.893, 138
Trd, 4318431.743, 140
Trd, 4318433.143, 88
Trd, 4318435.193, 116
Trd, 4318435.643, 137
Trd, 4318436.693, 87
Trd, 4318437.093, 107
Trd, 4318437.993, 118
Trd, 4318439.043, 139
Trd, 4318439.343, 138
Trd, 4318439.793, 114
Trd, 4318440.343, 125
Trd, 4318441.393, 131
Trd, 4318441.843, 95
Trd, 4318442.943, 135
Trd, 4318445.243, 127
Trd, 4318445.293, 92
Trd, 4318446.143, 110
Trd, 4318446.343, 114
Trd, 4318447.043, 82
Trd, 4318448.193, 115
Trd, 4318448.843, 138
Trd, 4318450.393, 125
Trd, 4318450.543, 114
Trd, 4318450.843, 139
Trd, 4318451.093, 89
Trd, 4318452.343, 134
Trd, 4318452.993, 123
Trd, 4318454.493, 128
Trd, 4318455.493, 124
Trd, 4318456.693, 109
Trd, 4318456.843, 139
Trd, 4318457.343, 140
Trd, 4318458.243, 128
Trd, 4318458.393, 126
Trd, 4318458.693, 130
Trd, 4318459.593, 123
Trd, 4318460.593, 109
Trd, 4318462.943, 138
Trd, 4318463.443, 131
Trd, 4318465.143, 127
Trd, 4318465.393, 127
Trd, 4318465.593, 119
Trd, 4318467.393, 127
Trd, 4318468.443, 136
Trd, 4318468.743, 123
Trd, 4318469.893, 96
Trd, 4318470.343, 117
Trd, 4318470.943, 95
Trd, 4318471.293, 121
Trd, 4318471.543, 132
Trd, 4318471.943, 90
Trd, 4318472.093, 106
Trd, 4318472.893, 138
Trd, 4318473.243, 124
Trd, 4318474.843, 108
Trd, 4318474.993, 94
Trd, 4318476.643, 116
Trd, 4318477.743, 140
Trd, 4318477.843, 129
Trd, 4318478.093, 117
Trd, 4318481.293, 138
Trd, 4318481.843, 134
Trd, 4318482.593, 133
Trd, 4318483.993, 137
Trd, 4318484.393, 134
Trd, 4318484.693, 130
Trd, 4318485.293, 94
Trd, 4318487.193, 127
Trd, 4318488.993, 74
Trd, 4318489.793, 94
Trd, 4318490.143, 83
Trd, 4318490.343, 84
Trd, 4318491.343, 136
Trd, 4318491.643, 121
Trd, 4318491.743, 95
Trd, 4318492.293, 64
Trd, 4318493.093, 139
Trd, 4318493.243, 118
Trd, 4318493.543, 133
Trd, 4318494.543, 119
Trd, 4318495.393, 92
Trd, 4318497.143, 105
Trd, 4318497.693, 128
Trd, 4318498.143, 135
Trd, 4318498.943, 131
Trd, 4318500.443, 111
Trd, 4318500.893, 87
Trd, 4318501.293, 133
Trd, 4318501.493, 105
Trd, 4318502.793, 139
Trd, 4318504.143, 84
Trd, 4318504.343, 78
Trd, 4318504.593, 73
Trd, 4318505.493, 113
Trd, 4318506.243, 116
Trd, 4318506.943, 116
Trd, 4318507.043, 131
Trd, 4318507.793, 112
Trd, 4318508.993, 131
Trd, 4318510.143, 106
Trd, 4318511.043, 138
Trd, 4318511.493, 128
Trd, 4318511.643, 125
Trd, 4318512.343, 109
Trd, 4318512.743, 140
Trd, 4318514.643, 132
Trd, 4318514.693, 72
Trd, 4318517.293, 125
Trd, 4318517.643, 88
Trd, 4318517.743, 88
Trd, 4318519.243, 112
Trd, 4318519.593, 108
Trd, 4318520.343, 134
Trd, 4318520.743, 121
Trd, 4318521.693, 131
Trd, 4318522.493, 119
Trd, 4318522.643, 120
Trd, 4318523.193, 99
Trd, 4318524.793, 132
Trd, 4318525.493, 116
Trd, 4318525.743, 104
Trd, 4318525.843, 83
Trd, 4318526.343, 78
Trd, 4318526.643, 85
Trd, 4318528.343, 87
Trd, 4318528.943, 100
Trd, 4318529.093, 102
Trd, 4318530.643, 138
Trd, 4318530.743, 98
Trd, 4318531.943, 139
Trd, 4318532.093, 131
Trd, 4318532.493, 107
Trd, 4318534.443, 138
Trd, 4318535.143, 140
Trd, 4318535.343, 114
Trd, 4318535.593, 110
Trd, 4318536.243, 124
Trd, 4318536.543, 107
Trd, 4318537.593, 139
Trd, 4318538.393, 131
Trd, 4318540.243, 133
Trd, 4318540.293, 116
Trd, 4318541.693, 111
Trd, 4318542.043, 131
Trd, 4318542.193, 129
Trd, 4318542.593, 132
Trd, 4318545.193, 133
Trd, 4318545.243, 127
Trd, 4318545.343, 117
Trd, 4318545.993, 130
Trd, 4318546.243, 93
Trd, 4318547.593, 120
Trd, 4318548.393, 96
Trd, 4318549.143, 110
Trd, 4318549.643, 105
Trd, 4318550.843, 107
Trd, 4318552.093, 115
Trd, 4318554.043, 133
Trd, 4318554.093, 111
Trd, 4318555.143, 140
Trd, 4318557.443, 131
Trd, 4318557.643, 104
Trd, 4318558.893, 134
Trd, 4318559.443, 130
Trd, 4318561.143, 113
Trd, 4318562.043, 127
Trd, 4318563.143, 140
Trd, 4318563.443, 123
Trd, 4318564.043, 120
Trd, 4318564.143, 117
Trd, 4318565.493, 137
Trd, 4318566.393, 107
Trd, 4318567.593, 120
Trd, 4318568.443, 102
Trd, 4318568.993, 126
Trd, 4318569.043, 110
Trd, 4318570.543, 127
Trd, 4318570.793, 127
Trd, 4318571.843, 135
Trd, 4318572.443, 117
Trd, 4318572.793, 126
Trd, 4318574.343, 116
Trd, 4318574.793, 99
Trd, 4318575.043, 64
Trd, 4318575.893, 87
Trd, 4318576.243, 118
Trd, 4318578.343, 137
Trd, 4318580.493, 123
Trd, 4318581.243, 136
Trd, 4318581.293, 123
Trd, 4318581.943, 106
Trd, 4318583.843, 116
Trd, 4318584.343, 125
Trd, 4318584.543, 126
Trd, 4318584.793, 92
Trd, 4318586.643, 137
Trd, 4318586.893, 82
Trd, 4318587.543, 98
Trd, 4318588.543, 136
Trd, 4318588.693, 123
Trd, 4318588.993, 94
Trd, 4318591.043, 77
Trd, 4318591.843, 137
Trd, 4318592.193, 131
Trd, 4318593.793, 120
Trd, 4318594.543, 90
Trd, 4318594.793, 88
Trd, 4318595.443, 130
Trd, 4318597.493, 138
Trd, 4318597.993, 139
Trd, 4318598.143, 125
Trd, 4318599.143, 128
Trd, 4318599.843, 113
Trd, 4318600.243, 103
Trd, 4318600.943, 131
Trd, 4318601.343, 96
Trd, 4318602.543, 127
Trd, 4318604.343, 119
Trd, 4318604.993, 111
Trd, 4318605.893, 101
Trd, 4318606.093, 92
Trd, 4318606.243, 136
Trd, 4318606.493, 136
Trd, 4318608.093, 126
Trd, 4318610.293, 132
Trd, 4318610.793, 64
Trd, 4318611.643, 124
Trd, 4318611.843, 88
Trd, 4318612.193, 67
Trd, 4318613.043, 111
Trd, 4318613.693, 133
Trd, 4318614.293, 105
Trd, 4318614.593, 87
Trd, 4318616.093, 116
Trd, 4318616.993, 125
Trd, 4318617.843, 130
Trd, 4318619.343, 114
Trd, 4318619.943, 122
Trd, 4318621.293, 118
Trd, 4318621.543, 140
Trd, 4318622.593, 127
Trd, 4318623.443, 132
Trd, 4318625.293, 124
Trd, 4318625.493, 138
Trd, 4318625.643, 134
Trd, 4318625.943, 129
Trd, 4318627.043, 138
Trd, 4318627.093, 120
Trd, 4318628.493, 117
Trd, 4318630.143, 138
Trd, 4318631.143, 140
Trd, 4318631.493, 128
Trd, 4318631.593, 140
Trd, 4318632.743, 107
Trd, 4318633.193, 123
Trd, 4318634.443, 99
Trd, 4318635.643, 129
Trd, 4318636.393, 132
Trd, 4318637.693, 136
Trd, 4318638.593, 126
Trd, 4318639.143, 138
Trd, 4318639.243, 136
Trd, 4318639.493, 104
Trd, 4318640.843, 117
Trd, 4318642.593, 126
Trd, 4318642.843, 86
Trd, 4318643.643, 137
Trd, 4318646.493, 129
Trd, 4318647.043, 128
Trd, 4318647.093, 123
Trd, 4318647.693, 113
Trd, 4318648.543, 136
Trd, 4318649.293, 104
Trd, 4318649.693, 94
Trd, 4318652.093, 127
Trd, 4318652.193, 116
Trd, 4318652.343, 98
Trd, 4318653.693, 105
Trd, 4318653.793, 120
Trd, 4318655.243, 107
Trd, 4318655.693, 122
Trd, 4318656.043, 104
Trd, 4318657.693, 96
Trd, 4318658.093, 131
Trd, 4318658.343, 85
Trd, 4318658.643, 84
Trd, 4318658.743, 135
Trd, 4318659.393, 115
Trd, 4318659.743, 60
Trd, 4318660.193, 102
Trd, 4318661.593, 135
Trd, 4318662.793, 117
Trd, 4318663.843, 116
Trd, 4318664.193, 131
Trd, 4318664.693, 113
Trd, 4318664.793, 113
Trd, 4318666.643, 104
Trd, 4318666.893, 117
Trd, 4318667.893, 127
Trd, 4318668.593, 134
Trd, 4318668.843, 126
Trd, 4318670.193, 135
Trd, 4318670.443, 127
Trd, 4318670.493, 109
Trd, 4318672.593, 135
Trd, 4318672.693, 126
Trd, 4318674.043, 129
Trd, 4318674.743, 136
Trd, 4318675.743, 105
Trd, 4318675.793, 102
Trd, 4318676.293, 128
Trd, 4318678.993, 131
Trd, 4318679.343, 139
Trd, 4318679.493, 129
Trd, 4318680.643, 140
Trd, 4318681.243, 128
Trd, 4318681.343, 127
Trd, 4318681.593, 121
Trd, 4318682.443, 138
Trd, 4318683.593, 84
Trd, 4318685.043, 129
Trd, 4318686.093, 117
Trd, 4318686.493, 60
Trd, 4318687.243, 101
Trd, 4318687.443, 127
Trd, 4318688.243, 111
Trd, 4318688.843, 108
Trd, 4318689.543, 123
Trd, 4318690.043, 139
Trd, 4318690.643, 113
Trd, 4318690.693, 99
Trd, 4318691.393, 95
Trd, 4318692.293, 140
Trd, 4318694.443, 136
Trd, 4318696.093, 132
Trd, 4318697.843, 111
Trd, 4318698.143, 139
Trd, 4318698.393, 137
Trd, 4318698.543, 131
Trd, 4318699.393, 127
Trd, 4318699.543, 112
Trd, 4318700.443, 113
Trd, 4318701.493, 120
Trd, 4318702.343, 110
Trd, 4318702.443, 118
Trd, 4318703.443, 117
Trd, 4318703.693, 109
Trd, 4318705.093, 132
Trd, 4318705.493, 127
Trd, 4318706.193, 131
Trd, 4318706.493, 121
Trd, 4318707.643, 122
Trd, 4318708.293, 131
Trd, 4318709.243, 110
Trd, 4318709.343, 106
Trd, 4318710.643, 131
Trd, 4318710.743, 128
Trd, 4318712.043, 90
Trd, 4318713.093, 100
Trd, 4318713.843, 131
Trd, 4318714.543, 70
Trd, 4318714.693, 121
Trd, 4318715.693, 111
Trd, 4318717.243, 129
Trd, 4318718.893, 134
Trd, 4318720.093, 135
Trd, 4318720.443, 132
Trd, 4318720.843, 116
Trd, 4318721.593, 127
Trd, 4318722.393, 76
Trd, 4318722.743, 134
Trd, 4318723.293, 126
Trd, 4318723.893, 128
Trd, 4318724.793, 131
Trd, 4318725.743, 124
Trd, 4318727.693, 86
Trd, 4318728.743, 138
Trd, 4318729.843, 119
Trd, 4318729.943, 82
Trd, 4318730.693, 90
Trd, 4318731.543, 118
Trd, 4318732.443, 136
Trd, 4318734.443, 140
Trd, 4318735.293, 140
Trd, 4318735.493, 132
Trd, 4318736.143, 129
Trd, 4318736.493, 119
Trd, 4318738.093, 128
Trd, 4318738.293, 110
Trd, 4318738.343, 97
Trd, 4318738.843, 105
Trd, 4318740.793, 103
Trd, 4318742.543, 127
Trd, 4318742.593, 125
Trd, 4318742.693, 125
Trd, 4318742.843, 114
Trd, 4318743.843, 130
Trd, 4318744.143, 138
Trd, 4318744.643, 138
Trd, 4318745.443, 104
Trd, 4318745.893, 101
Trd, 4318746.543, 137
Trd, 4318746.943, 108
Trd, 4318747.743, 139
Trd, 4318747.893, 136
Trd, 4318750.943, 61
Trd, 4318751.143, 66
Trd, 4318751.243, 112
Trd, 4318752.193, 105
Trd, 4318753.293, 91
Trd, 4318753.693, 98
Trd, 4318754.993, 109
Trd, 4318755.893, 132
Trd, 4318755.993, 128
Trd, 4318756.293, 139
Trd, 4318756.543, 125
Trd, 4318757.193, 134
Trd, 4318757.243, 100
Trd, 4318758.743, 130
Trd, 4318760.793, 98
Trd, 4318761.443, 140
Trd, 4318762.193, 97
Trd, 4318762.443, 122
Trd, 4318763.843, 133
Trd, 4318764.443, 137
Trd, 4318764.743, 130
Trd, 4318765.243, 120
Trd, 4318765.743, 119
Trd, 4318766.243, 104
Trd, 4318766.743, 99
Trd, 4318767.343, 112
Trd, 4318767.393, 91
Trd, 4318768.593, 135
Trd, 4318768.893, 130
Trd, 4318770.393, 123
Trd, 4318771.043, 135
Trd, 4318771.643, 129
Trd, 4318771.843, 132
Trd, 4318772.493, 100
Trd, 4318773.593, 84
Trd, 4318774.243, 108
Trd, 4318774.693, 105
Trd, 4318775.093, 133
Trd, 4318776.393, 96
Trd, 4318777.643, 123
Trd, 4318778.543, 121
Trd, 4318779.343, 113
Trd, 4318779.993, 123
Trd, 4318780.843, 116
Trd, 4318781.943, 126
Trd, 4318782.543, 107
Trd, 4318782.993, 140
Trd, 4318783.993, 133
Trd, 4318784.093, 135
Trd, 4318784.893, 103
Trd, 4318785.243, 102
Trd, 4318785.743, 112
Trd, 4318786.593, 119
Trd, 4318789.393, 139
Trd, 4318789.693, 127
Trd, 4318790.043, 121
Trd, 4318791.393, 136
Trd, 4318793.043, 139
Trd, 4318793.443, 111
Trd, 4318793.943, 105
Trd, 4318793.993, 106
Trd, 4318794.793, 114
Trd, 4318795.393, 136
Trd, 4318795.493, 116
Trd, 4318796.593, 124
Trd, 4318796.843, 92
Trd, 4318797.093, 126
Trd, 4318799.643, 131
Trd, 4318799.693, 110
Trd, 4318800.193, 128
Trd, 4318800.743, 96
Trd, 4318801.343, 97
Trd, 4318802.143, 117
Trd, 4318802.193, 80
Trd, 4318803.193, 131
Trd, 4318803.393, 129
Trd, 4318805.193, 137
Trd, 4318805.893, 115
Trd, 4318809.193, 122
Trd, 4318809.743, 119
Trd, 4318809.843, 132
Trd, 4318809.943, 92
Trd, 4318810.243, 130
Trd, 4318810.443, 131
Trd, 4318811.193, 82
Trd, 4318811.543, 120
Trd, 4318813.043, 114
Trd, 4318813.543, 126
Trd, 4318813.943, 93
Trd, 4318814.393, 129
Trd, 4318814.793, 91
Trd, 4318815.543, 125
Trd, 4318816.643, 132
Trd, 4318816.843, 128
Trd, 4318819.043, 137
Trd, 4318820.543, 139
Trd, 4318821.793, 131
Trd, 4318821.843, 124
Trd, 4318822.093, 116
Trd, 4318822.593, 136
Trd, 4318827.343, 140
Trd, 4318827.493, 131
Trd, 4318827.543, 124
Trd, 4318827.943, 135
Trd, 4318829.343, 115
Trd, 4318829.543, 110
Trd, 4318829.643, 94
Trd, 4318830.293, 95
Trd, 4318830.493, 117
Trd, 4318831.793, 68
Trd, 4318832.393, 81
Trd, 4318834.443, 105
Trd, 4318834.793, 106
Trd, 4318835.643, 97
Trd, 4318836.743, 125
Trd, 4318837.093, 96
Trd, 4318838.743, 139
Trd, 4318839.193, 115
Trd, 4318840.243, 131
Trd, 4318842.043, 127
Trd, 4318842.843, 138
Trd, 4318842.893, 132
Trd, 4318843.643, 114
Trd, 4318844.943, 137
Trd, 4318845.093, 136
Trd, 4318845.243, 106
Trd, 4318845.693, 135
Trd, 4318847.393, 122
Trd, 4318847.943, 121
Trd, 4318848.943, 129
Trd, 4318849.593, 124
Trd, 4318849.743, 130
Trd, 4318850.243, 124
Trd, 4318851.093, 123
Trd, 4318852.693, 93
Trd, 4318853.643, 125
Trd, 4318853.693, 114
Trd, 4318853.943, 123
Trd, 4318854.043, 121
Trd, 4318854.943, 127
Trd, 4318856.043, 129
Trd, 4318857.043, 121
Trd, 4318857.693, 116
Trd, 4318859.193, 133
Trd, 4318859.743, 101
Trd, 4318860.293, 134
Trd, 4318860.743, 120
Trd, 4318863.443, 108
Trd, 4318863.743, 95
Trd, 4318865.593, 115
Trd, 4318865.693, 113
Trd, 4318865.743, 76
Trd, 4318866.493, 60
Trd, 4318867.543, 139
Trd, 4318868.993, 132
Trd, 4318869.593, 137
Trd, 4318869.993, 120
Trd, 4318870.543, 102
Trd, 4318871.443, 121
Trd, 4318872.193, 106
Trd, 4318873.093, 136
Trd, 4318873.293, 105
Trd, 4318874.293, 128
Trd, 4318875.643, 136
Trd, 4318877.793, 140
Trd, 4318878.193, 134
Trd, 4318879.193, 127
Trd, 4318879.593, 126
Trd, 4318880.543, 139
Trd, 4318880.743, 103
Trd, 4318882.643, 91
Trd, 4318883.043, 122
Trd, 4318884.143, 112
Trd, 4318885.143, 133
Trd, 4318887.043, 127
Trd, 4318887.143, 88
Trd, 4318887.493, 80
Trd, 4318887.743, 99
Trd, 4318889.343, 137
Trd, 4318889.843, 132
Trd, 4318890.343, 135
Trd, 4318890.893, 125
Trd, 4318892.043, 64
Trd, 4318893.693, 137
Trd, 4318893.843, 131
Trd, 4318894.193, 109
Trd, 4318894.893, 112
Trd, 4318896.293, 110
Trd, 4318896.893, 108
Trd, 4318896.993, 101
Trd, 4318897.343, 84
Trd, 4318899.343, 135
Trd, 4318899.543, 127
Trd, 4318900.543, 122
Trd, 4318901.143, 113
Trd, 4318902.243, 84
Trd, 4318902.743, 127
Trd, 4318903.643, 92
Trd, 4318903.693, 74
Trd, 4318904.443, 137
Trd, 4318905.643, 121
Trd, 4318906.343, 127
Trd, 4318906.743, 87
Trd, 4318907.643, 114
Trd, 4318907.993, 113
Trd, 4318909.093, 77
Trd, 4318909.293, 117
Trd, 4318910.493, 96
Trd, 4318910.643, 122
Trd, 4318912.743, 118
Trd, 4318912.843, 101
Trd, 4318913.093, 79
Trd, 4318914.593, 140
Trd, 4318915.293, 137
Trd, 4318915.743, 136
Trd, 4318916.393, 131
Trd, 4318916.593, 136
Trd, 4318917.693, 116
Trd, 4318918.893, 65
Trd, 4318919.043, 79
Trd, 4318919.793, 131
Trd, 4318921.293, 124
Trd, 4318923.993, 129
Trd, 4318924.193, 131
Trd, 4318924.243, 128
Trd, 4318924.743, 98
Trd, 4318925.443, 140
Trd, 4318926.143, 120
Trd, 4318926.293, 98
Trd, 4318928.993, 130
Trd, 4318929.093, 136
Trd, 4318929.293, 117
Trd, 4318929.543, 102
Trd, 4318930.793, 101
Trd, 4318931.593, 70
Trd, 4318931.643, 107
Trd, 4318932.293, 107
Trd, 4318932.393, 128
Trd, 4318934.843, 133
Trd, 4318936.393, 72
Trd, 4318937.193, 112
Trd, 4318937.743, 79
Trd, 4318938.093, 94
Trd, 4318938.643, 135
Trd, 4318940.443, 108
Trd, 4318940.993, 92
Trd, 4318941.393, 119
Trd, 4318941.593, 102
Trd, 4318941.643, 88
Trd, 4318942.943, 123
Trd, 4318944.243, 135
Trd, 4318945.243, 126
Trd, 4318945.293, 120
Trd, 4318945.993, 124
Trd, 4318946.143, 113
Trd, 4318946.893, 131
Trd, 4318947.193, 122
Trd, 4318948.693, 131
Trd, 4318949.343, 127
Trd, 4318949.893, 123
Trd, 4318951.243, 127
Trd, 4318951.643, 121
Trd, 4318952.143, 96
Trd, 4318952.843, 124
Trd, 4318954.143, 101
Trd, 4318954.193, 83
Trd, 4318954.443, 67
Trd, 4318957.443, 120
Trd, 4318957.693, 121
Trd, 4318959.843, 134
Trd, 4318960.843, 131
Trd, 4318961.043, 127
Trd, 4318962.143, 132
Trd, 4318962.343, 132
Trd, 4318962.643, 107
Trd, 4318964.993, 127
Trd, 4318965.143, 118
Trd, 4318965.243, 108
Trd, 4318966.843, 101
Trd, 4318967.293, 138
Trd, 4318967.643, 126
Trd, 4318967.743, 95
Trd, 4318968.393, 103
Trd, 4318968.993, 94
Trd, 4318970.193, 131
Trd, 4318970.793, 120
Trd, 4318970.993, 119
Trd, 4318971.193, 140
Trd, 4318972.743, 106
Trd, 4318973.943, 124
Trd, 4318974.143, 112
Trd, 4318974.943, 87
Trd, 4318976.043, 84
Trd, 4318976.093, 99
Trd, 4318976.493, 136
Trd, 4318977.093, 132
Trd, 4318978.293, 98
Trd, 4318978.893, 133
Trd, 4318979.993, 126
Trd, 4318981.293, 140
Trd, 4318982.443, 114
Trd, 4318983.393, 129
Trd, 4318984.793, 94
Trd, 4318984.993, 116
Trd, 4318985.443, 92
Trd, 4318985.893, 130
Trd, 4318987.893, 133
Trd, 4318989.543, 115
Trd, 4318990.543, 138
Trd, 4318990.943, 140
Trd, 4318991.093, 127
Trd, 4318992.143, 115
Trd, 4318992.843, 119
Trd, 4318993.193, 112
Trd, 4318995.193, 136
Trd, 4318995.293, 120
Trd, 4318995.693, 92
Trd, 4318996.493, 124
Trd, 4318997.443, 113
Trd, 4318998.193, 127
Trd, 4319000.493, 126
Trd, 4319001.943, 139
Trd, 4319002.143, 116
Trd, 4319003.593, 119
Trd, 4319004.543, 136
Trd, 4319004.843, 128
Trd, 4319005.243, 111
Trd, 4319005.693, 139
Trd, 4319006.543, 99
Trd, 4319006.993, 129
Trd, 4319007.193, 128
Trd, 4319007.893, 60
Trd, 4319008.993, 84
Trd, 4319010.043, 94
Trd, 4319011.643, 133
Trd, 4319013.593, 123
Trd, 4319013.993, 105
Trd, 4319014.143, 135
Trd, 4319015.293, 109
Trd, 4319015.843, 110
Trd, 4319016.243, 119
Trd, 4319016.443, 132
Trd, 4319016.493, 88
Trd, 4319016.593, 75
Trd, 4319017.543, 131
Trd, 4319019.393, 118
Trd, 4319019.693, 114
Trd, 4319020.593, 127
Trd, 4319021.243, 131
Trd, 4319022.193, 137
Trd, 4319022.543, 96
Trd, 4319022.793, 68
Trd, 4319023.743, 127
Trd, 4319025.293, 121
Trd, 4319025.793, 122
Trd, 4319027.043, 85
Trd, 4319027.793, 117
Trd, 4319028.843, 135
Trd, 4319029.143, 91
Trd, 4319029.493, 113
Trd, 4319031.693, 119
Trd, 4319031.993, 100
Trd, 4319032.843, 117
Trd, 4319032.943, 131
Trd, 4319034.343, 137
Trd, 4319034.493, 117
Trd, 4319034.943, 75
Trd, 4319037.793, 116
Trd, 4319037.993, 109
Trd, 4319038.943, 130
Trd, 4319040.393, 136
Trd, 4319040.943, 126
Trd, 4319040.993, 102
Trd, 4319041.793, 110
Trd, 4319042.693, 128
Trd, 4319042.943, 134
Trd, 4319042.993, 99
Trd, 4319045.443, 138
Trd, 4319045.843, 128
Trd, 4319046.743, 138
Trd, 4319046.843, 118
Trd, 4319047.993, 137
Trd, 4319048.993, 138
Trd, 4319050.493, 139
Trd, 4319050.543, 137
Trd, 4319051.043, 139
Trd, 4319052.793, 131
Trd, 4319052.893, 106
Trd, 4319053.293, 79
Trd, 4319053.793, 120
Trd, 4319054.193, 117
Trd, 4319054.393, 103
Trd, 4319055.143, 124
Trd, 4319056.193, 106
Trd, 4319056.443, 133
Trd, 4319058.343, 134
Trd, 4319058.693, 117
Trd, 4319059.143, 108
Trd, 4319059.243, 91
Trd, 4319060.143, 124
Trd, 4319061.643, 124
Trd, 4319062.693, 115
Trd, 4319062.893, 114
Trd, 4319062.943, 110
Trd, 4319063.093, 122
Trd, 4319064.143, 87
Trd, 4319064.743, 137
Trd, 4319066.693, 130
Trd, 4319066.743, 124
Trd, 4319067.543, 137
Trd, 4319068.693, 102
Trd, 4319068.943, 113
Trd, 4319069.343, 75
Trd, 4319069.493, 69
Trd, 4319070.893, 134
Trd, 4319071.893, 111
Trd, 4319072.693, 134
Trd, 4319074.393, 115
Trd, 4319075.793, 124
Trd, 4319075.943, 112
Trd, 4319075.993, 106
Trd, 4319076.243, 82
Trd, 4319078.243, 137
Trd, 4319078.793, 133
Trd, 4319079.093, 98
Trd, 4319080.743, 88
Trd, 4319080.993, 113
Trd, 4319081.643, 136
Trd, 4319081.893, 113
Trd, 4319083.393, 125
Trd, 4319084.143, 123
Trd, 4319084.743, 82
Trd, 4319085.843, 74
Trd, 4319085.993, 77
Trd, 4319086.593, 136
Trd, 4319087.093, 67
Trd, 4319087.843, 131
Trd, 4319090.093, 119
Trd, 4319091.093, 139
Trd, 4319091.293, 120
Trd, 4319093.093, 136
Trd, 4319093.193, 121
Trd, 4319095.593, 134
Trd, 4319096.493, 137
Trd, 4319099.493, 127
Trd, 4319099.543, 90
Trd, 4319100.493, 128
Trd, 4319100.943, 129
Trd, 4319101.393, 122
Trd, 4319101.743, 128
Trd, 4319102.043, 131
Trd, 4319103.393, 140
Trd, 4319104.093, 130
Trd, 4319104.793, 82
Trd, 4319106.093, 130
Trd, 4319106.393, 124
Trd, 4319106.443, 120
Trd, 4319107.193, 112
Trd, 4319108.793, 60
Trd, 4319109.443, 130
Trd, 4319110.943, 132
Trd, 4319111.593, 138
Trd, 4319112.293, 102
Trd, 4319113.493, 109
Trd, 4319114.943, 100
Trd, 4319117.693, 136
Trd, 4319117.943, 124
Trd, 4319118.593, 120
Trd, 4319119.493, 119
Trd, 4319119.743, 109
Trd, 4319120.443, 135
Trd, 4319122.143, 136
Trd, 4319122.843, 137
Trd, 4319123.393, 133
Trd, 4319123.543, 94
Trd, 4319125.593, 135
Trd, 4319125.693, 126
Trd, 4319126.793, 130
Trd, 4319126.993, 115
Trd, 4319127.093, 84
Trd, 4319128.043, 109
Trd, 4319129.843, 121
Trd, 4319130.343, 118
Trd, 4319130.743, 101
Trd, 4319130.993, 108
Trd, 4319131.393, 92
Trd, 4319132.293, 97
Trd, 4319133.993, 124
Trd, 4319136.293, 117
Trd, 4319136.793, 120
Trd, 4319137.193, 131
Trd, 4319139.793, 118
Trd, 4319140.143, 134
Trd, 4319140.193, 133
Trd, 4319140.593, 129
Trd, 4319143.343, 136
Trd, 4319143.943, 131
Trd, 4319144.793, 104
Trd, 4319145.643, 117
Trd, 4319146.643, 131
Trd, 4319147.693, 130
Trd, 4319147.893, 111
Trd, 4319148.643, 109
Trd, 4319148.843, 140
Trd, 4319149.343, 75
Trd, 4319149.843, 111
Trd, 4319150.593, 78
Trd, 4319152.493, 139
Trd, 4319152.993, 131
Trd, 4319153.493, 126
Trd, 4319154.243, 135
Trd, 4319154.393, 122
Trd, 4319155.193, 93
Trd, 4319155.693, 60
Trd, 4319157.243, 85
Trd, 4319157.743, 72
Trd, 4319157.993, 89
Trd, 4319158.493, 100
Trd, 4319159.093, 116
Trd, 4319159.143, 103
Trd, 4319159.493, 82
Trd, 4319161.493, 81
Trd, 4319162.543, 124
Trd, 4319163.193, 126
Trd, 4319163.593, 115
Trd, 4319163.843, 112
Trd, 4319165.443, 131
Trd, 4319166.243, 125
Trd, 4319167.393, 87
Trd, 4319168.093, 115
Trd, 4319168.343, 126
Trd, 4319170.093, 137
Trd, 4319170.993, 128
Trd, 4319171.193, 130
Trd, 4319171.893, 128
Trd, 4319174.443, 128
Trd, 4319175.693, 128
Trd, 4319176.843, 140
Trd, 4319176.993, 140
Trd, 4319177.093, 139
Trd, 4319177.393, 125
Trd, 4319178.893, 125
Trd, 4319179.443, 78
Trd, 4319181.243, 109
Trd, 4319181.493, 103
Trd, 4319182.343, 133
Trd, 4319183.043, 130
Trd, 4319183.943, 121
Trd, 4319183.993, 95
Trd, 4319184.943, 130
Trd, 4319186.693, 127
Trd, 4319187.043, 138
Trd, 4319187.543, 95
Trd, 4319187.893, 124
Trd, 4319188.993, 134
Trd, 4319189.443, 119
Trd, 4319190.843, 130
Trd, 4319190.943, 119
Trd, 4319191.243, 124
Trd, 4319191.643, 77
Trd, 4319192.043, 107
Trd, 4319192.193, 111
Trd, 4319193.743, 114
Trd, 4319194.043, 86
Trd, 4319195.493, 135
Trd, 4319195.893, 130
Trd, 4319197.393, 113
Trd, 4319198.193, 115
Trd, 4319198.643, 102
Trd, 4319200.143, 133
Trd, 4319201.143, 109
Trd, 4319201.593, 137
Trd, 4319202.093, 90
Trd, 4319202.293, 121
Trd, 4319202.443, 125
Trd, 4319203.743, 129
Trd, 4319204.093, 123
Trd, 4319205.193, 117
Trd, 4319205.593, 102
Trd, 4319206.843, 121
Trd, 4319209.093, 71
Trd, 4319210.143, 121
Trd, 4319210.343, 105
Trd, 4319210.793, 121
Trd, 4319211.293, 113
Trd, 4319212.093, 130
Trd, 4319212.243, 129
Trd, 4319212.693, 136
Trd, 4319213.343, 124
Trd, 4319214.543, 128
Trd, 4319215.993, 111
Trd, 4319216.143, 130
Trd, 4319216.243, 103
Trd, 4319216.643, 138
Trd, 4319218.793, 127
Trd, 4319220.293, 135
Trd, 4319220.693, 119
Trd, 4319221.843, 113
Trd, 4319222.193, 110
Trd, 4319222.493, 86
Trd, 4319225.793, 125
Trd, 4319226.093, 117
Trd, 4319226.543, 118
Trd, 4319228.043, 106
Trd, 4319228.693, 127
Trd, 4319229.893, 138
Trd, 4319230.293, 102
Trd, 4319230.543, 133
Trd, 4319231.093, 136
Trd, 4319231.543, 103
Trd, 4319231.793, 96
Trd, 4319232.393, 114
Trd, 4319232.693, 74
Trd, 4319233.343, 115
Trd, 4319233.593, 82
Trd, 4319235.343, 136
Trd, 4319236.693, 124
Trd, 4319237.693, 137
Trd, 4319238.743, 128
Trd, 4319239.593, 134
Trd, 4319240.943, 138
Trd, 4319241.093, 127
Trd, 4319242.193, 138
Trd, 4319242.493, 134
Trd, 4319242.993, 117
Trd, 4319243.743, 117
Trd, 4319244.643, 128
Trd, 4319244.843, 114
Trd, 4319248.043, 125
Trd, 4319248.193, 124
Trd, 4319248.393, 109
Trd, 4319248.543, 125
Trd, 4319248.593, 132
Trd, 4319250.893, 106
Trd, 4319251.293, 111
Trd, 4319251.543, 103
Trd, 4319252.193, 132
Trd, 4319253.443, 79
Trd, 4319253.543, 123
Trd, 4319254.893, 137
Trd, 4319259.243, 118
Trd, 4319259.843, 128
Trd, 4319260.943, 138
Trd, 4319261.643, 139
Trd, 4319262.093, 122
Trd, 4319262.543, 132
Trd, 4319263.093, 138
Trd, 4319264.393, 124
Trd, 4319264.743, 110
Trd, 4319265.193, 121
Trd, 4319265.693, 103
Trd, 4319266.343, 133
Trd, 4319267.693, 120
Trd, 4319268.543, 111
Trd, 4319268.843, 126
Trd, 4319269.843, 66
Trd, 4319270.293, 114
Trd, 4319270.493, 91
Trd, 4319271.793, 140
Trd, 4319274.293, 129
Trd, 4319275.143, 113
Trd, 4319275.193, 127
Trd, 4319276.993, 132
Trd, 4319277.393, 132
Trd, 4319278.543, 106
Trd, 4319279.193, 139
Trd, 4319279.893, 107
Trd, 4319280.093, 130
Trd, 4319280.793, 98
Trd, 4319281.193, 98
Trd, 4319281.543, 67
Trd, 4319282.643, 114
Trd, 4319283.093, 83
Trd, 4319284.443, 131
Trd, 4319286.443, 111
Trd, 4319286.593, 107
Trd, 4319286.793, 86
Trd, 4319287.643, 107
Trd, 4319287.793, 81
Trd, 4319288.243, 115
Trd, 4319290.293, 134
Trd, 4319290.643, 123
Trd, 4319290.893, 109
Trd, 4319291.443, 138
Trd, 4319292.343, 134
Trd, 4319292.593, 93
Trd, 4319293.493, 113
Trd, 4319293.593, 82
Trd, 4319295.193, 119
Trd, 4319297.043, 89
Trd, 4319297.243, 121
Trd, 4319298.393, 118
Trd, 4319299.143, 127
Trd, 4319299.893, 138
Trd, 4319301.393, 114
Trd, 4319301.593, 92
Trd, 4319301.843, 131
Trd, 4319302.993, 122
Trd, 4319303.443, 98
Trd, 4319304.143, 127
Trd, 4319304.693, 97
Trd, 4319305.443, 139
Trd, 4319306.443, 112
Trd, 4319308.043, 98
Trd, 4319308.943, 90
Trd, 4319309.793, 132
Trd, 4319310.443, 95
Trd, 4319311.193, 134
Trd, 4319311.793, 114
Trd, 4319312.443, 125
Trd, 4319312.493, 76
Trd, 4319314.293, 102
Trd, 4319314.393, 97
Trd, 4319315.343, 70
Trd, 4319315.493, 102
Trd, 4319315.993, 113
Trd, 4319317.043, 129
Trd, 4319317.293, 117
Trd, 4319317.493, 99
Trd, 4319320.493, 96
Trd, 4319320.893, 126
Trd, 4319322.743, 135
Trd, 4319324.043, 124
Trd, 4319324.593, 121
Trd, 4319324.743, 118
Trd, 4319326.443, 134
Trd, 4319326.893, 121
Trd, 4319327.943, 103
Trd, 4319328.393, 135
Trd, 4319329.393, 121
Trd, 4319333.243, 140
Trd, 4319333.393, 139
Trd, 4319334.443, 135
Trd, 4319335.743, 137
Trd, 4319335.993, 99
Trd, 4319337.293, 101
Trd, 4319338.743, 118
Trd, 4319338.793, 112
Trd, 4319339.743, 124
Trd, 4319339.943, 121
Trd, 4319341.293, 118
Trd, 4319341.543, 108
Trd, 4319342.793, 100
Trd, 4319343.893, 129
Trd, 4319344.193, 114
Trd, 4319344.293, 83
Trd, 4319344.943, 127
Trd, 4319345.693, 136
Trd, 4319347.143, 119
Trd, 4319347.343, 129
Trd, 4319348.143, 126
Trd, 4319348.493, 111
Trd, 4319351.093, 124
Trd, 4319351.443, 123
Trd, 4319352.643, 139
Trd, 4319352.893, 137
Trd, 4319353.293, 126
Trd, 4319354.443, 120
Trd, 4319354.493, 97
Trd, 4319355.093, 121
Trd, 4319355.193, 92
Trd, 4319356.393, 106
Trd, 4319356.693, 95
Trd, 4319357.243, 132
Trd, 4319358.193, 125
Trd, 4319358.793, 128
Trd, 4319359.743, 107
Trd, 4319360.393, 121
Trd, 4319360.543, 120
Trd, 4319360.643, 91
Trd, 4319362.843, 127
Trd, 4319363.293, 107
Trd, 4319363.793, 101
Trd, 4319364.243, 93
Trd, 4319365.093, 136
Trd, 4319366.143, 130
Trd, 4319366.693, 130
Trd, 4319368.593, 135
Trd, 4319369.093, 140
Trd, 4319370.093, 126
Trd, 4319371.143, 117
Trd, 4319371.443, 107
Trd, 4319371.993, 106
Trd, 4319372.393, 125
Trd, 4319373.193, 119
Trd, 4319375.743, 134
Trd, 4319377.143, 138
Trd, 4319377.993, 136
Trd, 4319378.293, 135
Trd, 4319378.393, 131
Trd, 4319379.843, 140
Trd, 4319380.043, 131
Trd, 4319380.393, 116
Trd, 4319381.043, 91
Trd, 4319381.643, 124
Trd, 4319382.293, 130
Trd, 4319382.743, 105
Trd, 4319382.993, 109
Trd, 4319383.393, 119
Trd, 4319383.993, 105
Trd, 4319385.243, 114
Trd, 4319386.493, 119
Trd, 4319387.343, 94
Trd, 4319389.193, 128
Trd, 4319389.793, 131
Trd, 4319389.843, 118
Trd, 4319390.693, 107
Trd, 4319391.943, 122
Trd, 4319393.043, 102
Trd, 4319393.593, 89
Trd, 4319393.643, 116
Trd, 4319393.943, 127
Trd, 4319394.993, 113
Trd, 4319395.743, 98
Trd, 4319396.393, 133
Trd, 4319396.643, 104
Trd, 4319398.543, 135
Trd, 4319399.893, 119
Trd, 4319400.543, 101
Trd, 4319400.993, 100
Trd, 4319402.243, 96
Trd, 4319404.093, 127
Trd, 4319404.243, 126
Trd, 4319404.393, 117
Trd, 4319405.843, 120
Trd, 4319406.243, 133
Trd, 4319407.643, 138
Trd, 4319408.043, 136
Trd, 4319408.343, 128
Trd, 4319408.643, 95
Trd, 4319409.593, 119
Trd, 4319411.393, 127
Trd, 4319411.793, 121
Trd, 4319411.943, 99
Trd, 4319412.293, 89
Trd, 4319412.543, 78
Trd, 4319414.143, 129
Trd, 4319414.193, 94
Trd, 4319414.443, 140
Trd, 4319415.143, 99
Trd, 4319415.193, 75
Trd, 4319415.443, 101
Trd, 4319416.243, 88
Trd, 4319417.193, 91
Trd, 4319419.143, 133
Trd, 4319419.643, 127
Trd, 4319420.343, 134
Trd, 4319420.593, 87
Trd, 4319421.693, 81
Trd, 4319421.793, 104
Trd, 4319423.193, 140
Trd, 4319424.343, 131
Trd, 4319425.193, 139
Trd, 4319426.593, 124
Trd, 4319426.693, 110
Trd, 4319427.843, 132
Trd, 4319428.793, 140
Trd, 4319428.993, 103
Trd, 4319429.443, 70
Trd, 4319429.593, 87
Trd, 4319430.643, 123
Trd, 4319431.093, 117
Trd, 4319431.893, 140
Trd, 4319432.193, 106
Trd, 4319432.943, 77
Trd, 4319433.493, 135
Trd, 4319435.393, 138
Trd, 4319436.243, 122
Trd, 4319436.743, 115
Trd, 4319436.893, 114
Trd, 4319437.493, 133
Trd, 4319440.043, 133
Trd, 4319440.243, 124
Trd, 4319440.543, 121
Trd, 4319440.743, 137
Trd, 4319440.793, 109
Trd, 4319441.143, 103
Trd, 4319442.643, 130
Trd, 4319443.843, 112
Trd, 4319445.543, 138
Trd, 4319446.493, 111
Trd, 4319447.393, 130
Trd, 4319447.693, 133
Trd, 4319448.893, 124
Trd, 4319449.093, 128
Trd, 4319450.143, 135
Trd, 4319450.793, 137
Trd, 4319450.943, 139
Trd, 4319452.193, 121
Trd, 4319453.093, 126
Trd, 4319454.143, 129
Trd, 4319455.093, 137
Trd, 4319455.393, 135
Trd, 4319455.943, 101
Trd, 4319456.643, 115
Trd, 4319456.693, 138
Trd, 4319458.493, 96
Trd, 4319458.743, 122
Trd, 4319459.493, 105
Trd, 4319460.543, 115
Trd, 4319461.043, 119
Trd, 4319461.393, 122
Trd, 4319461.743, 63
Trd, 4319462.193, 104
Trd, 4319463.443, 136
Trd, 4319463.743, 135
Trd, 4319465.343, 129
Trd, 4319465.643, 122
Trd, 4319466.043, 114
Trd, 4319467.943, 131
Trd, 4319468.643, 107
Trd, 4319469.593, 108
Trd, 4319469.993, 129
Trd, 4319470.143, 131
Trd, 4319471.493, 114
Trd, 4319472.493, 139
Trd, 4319473.443, 103
Trd, 4319473.843, 122
Trd, 4319477.743, 134
Trd, 4319478.543, 134
Trd, 4319479.243, 134
Trd, 4319480.043, 136
Trd, 4319481.043, 133
Trd, 4319481.643, 123
Trd, 4319482.043, 116
Trd, 4319482.093, 138
Trd, 4319482.493, 122
Trd, 4319483.793, 101
Trd, 4319484.193, 131
Trd, 4319484.993, 138
Trd, 4319486.243, 134
Trd, 4319487.993, 105
Trd, 4319488.193, 95
Trd, 4319488.243, 84
Trd, 4319488.643, 77
Trd, 4319489.993, 125
Trd, 4319491.143, 109
Trd, 4319491.393, 107
Trd, 4319491.893, 127
Trd, 4319493.893, 102
Trd, 4319494.193, 114
Trd, 4319494.893, 127
Trd, 4319495.593, 122
Trd, 4319496.343, 78
Trd, 4319497.843, 140
Trd, 4319498.593, 120
Trd, 4319501.043, 130
Trd, 4319502.143, 136
Trd, 4319502.293, 136
Trd, 4319502.893, 131
Trd, 4319503.543, 128
Trd, 4319503.993, 131
Trd, 4319505.643, 114
Trd, 4319506.243, 112
Trd, 4319507.993, 88
Trd, 4319508.993, 106
Trd, 4319509.043, 87
Trd, 4319509.743, 87
Trd, 4319510.343, 104
Trd, 4319511.143, 140
Trd, 4319513.493, 135
Trd, 4319513.943, 81
Trd, 4319514.993, 95
Trd, 4319516.043, 117
Trd, 4319516.893, 87
Trd, 4319518.643, 140
Trd, 4319518.693, 134
Trd, 4319518.793, 124
Trd, 4319520.493, 125
Trd, 4319522.393, 127
Trd, 4319523.043, 118
Trd, 4319525.093, 98
Trd, 4319525.443, 96
Trd, 4319525.593, 134
Trd, 4319526.293, 135
Trd, 4319527.543, 89
Trd, 4319528.443, 133
Trd, 4319528.843, 136
Trd, 4319529.343, 135
Trd, 4319530.193, 120
Trd, 4319530.393, 130
Trd, 4319532.043, 137
Trd, 4319532.793, 138
Trd, 4319534.443, 132
Trd, 4319535.843, 119
Trd, 4319537.643, 107
Trd, 4319538.843, 121
Trd, 4319539.343, 100
Trd, 4319539.393, 96
Trd, 4319539.943, 140
Trd, 4319542.543, 139
Trd, 4319544.243, 114
Trd, 4319544.543, 109
Trd, 4319546.093, 138
Trd, 4319546.543, 128
Trd, 4319547.543, 111
Trd, 4319547.943, 89
Trd, 4319548.093, 83
Trd, 4319548.343, 104
Trd, 4319548.493, 101
Trd, 4319548.643, 107
Trd, 4319548.943, 101
Trd, 4319552.143, 124
Trd, 4319552.693, 115
Trd, 4319553.743, 112
Trd, 4319554.593, 91
Trd, 4319554.693, 93
Trd, 4319555.293, 64
Trd, 4319556.393, 116
Trd, 4319556.943, 138
Trd, 4319557.093, 107
Trd, 4319558.343, 89
Trd, 4319558.793, 105
Trd, 4319559.893, 61
Trd, 4319561.293, 121
Trd, 4319562.193, 106
Trd, 4319562.393, 67
Trd, 4319562.843, 60
Trd, 4319562.893, 104
Trd, 4319564.843, 127
Trd, 4319566.843, 124
Trd, 4319567.593, 121
Trd, 4319568.793, 136
Trd, 4319569.193, 136
Trd, 4319569.593, 118
Trd, 4319571.443, 134
Trd, 4319572.143, 131
Trd, 4319573.743, 128
Trd, 4319574.893, 135
Trd, 4319575.143, 101
Trd, 4319575.543, 102
Trd, 4319576.393, 108
Trd, 4319576.743, 101
Trd, 4319577.543, 86
Trd, 4319577.893, 113
Trd, 4319578.293, 72
Trd, 4319578.843, 134
Trd, 4319579.293, 120
Trd, 4319579.393, 112
Trd, 4319581.093, 132
Trd, 4319582.443, 108
Trd, 4319582.593, 123
Trd, 4319582.943, 100
Trd, 4319583.693, 89
Trd, 4319584.693, 103
Trd, 4319584.943, 69
Trd, 4319586.043, 131
Trd, 4319586.543, 103
Trd, 4319587.343, 131
Trd, 4319587.793, 129
Trd, 4319589.143, 123
Trd, 4319589.693, 119
Trd, 4319590.043, 115
Trd, 4319591.093, 113
Trd, 4319591.593, 125
Trd, 4319591.893, 107
Trd, 4319592.443, 126
Trd, 4319593.593, 99
Trd, 4319594.243, 115
Trd, 4319594.593, 133
Trd, 4319595.043, 108
Trd, 4319596.043, 118
Trd, 4319596.443, 113
Trd, 4319596.543, 90
Trd, 4319597.393, 96
Trd, 4319597.943, 139
Trd, 4319599.493, 132
Trd, 4319599.843, 140
Trd, 4319600.793, 117
Trd, 4319601.943, 115
Trd, 4319602.943, 127
Trd, 4319603.143, 108
Trd, 4319603.393, 130
Trd, 4319603.693, 75
Trd, 4319603.843, 85
Trd, 4319606.093, 110
Trd, 4319606.193, 92
Trd, 4319607.043, 117
Trd, 4319608.243, 137
Trd, 4319610.343, 131
Trd, 4319610.943, 136
Trd, 4319611.143, 131
Trd, 4319611.643, 79
Trd, 4319612.243, 108
Trd, 4319614.343, 113
Trd, 4319614.793, 97
Trd, 4319616.143, 87
Trd, 4319617.093, 96
Trd, 4319617.143, 84
Trd, 4319619.693, 128
Trd, 4319620.343, 115
Trd, 4319620.493, 132
Trd, 4319621.043, 109
Trd, 4319621.193, 91
Trd, 4319621.543, 127
Trd, 4319622.843, 140
Trd, 4319623.243, 133
Trd, 4319625.693, 137
Trd, 4319625.793, 131
Trd, 4319626.993, 132
Trd, 4319627.043, 120
Trd, 4319627.843, 115
Trd, 4319628.043, 114
Trd, 4319628.993, 111
Trd, 4319629.743, 101
Trd, 4319629.793, 99
Trd, 4319631.293, 118
Trd, 4319631.643, 117
Trd, 4319631.893, 104
Trd, 4319633.093, 135
Trd, 4319633.293, 114
Trd, 4319633.343, 113
Trd, 4319633.593, 114
Trd, 4319635.443, 124
Trd, 4319635.893, 126
Trd, 4319636.143, 108
Trd, 4319636.693, 106
Trd, 4319637.393, 110
Trd, 4319638.243, 120
Trd, 4319638.793, 109
Trd, 4319639.493, 98
Trd, 4319639.943, 137
Trd, 4319641.493, 105
Trd, 4319641.993, 88
Trd, 4319643.493, 131
Trd, 4319643.643, 130
Trd, 4319644.043, 138
Trd, 4319644.143, 113
Trd, 4319646.643, 133
Trd, 4319647.793, 136
Trd, 4319647.893, 111
Trd, 4319648.493, 123
Trd, 4319648.793, 82
Trd, 4319649.343, 121
Trd, 4319649.393, 115
Trd, 4319649.593, 114
Trd, 4319650.743, 76
Trd, 4319651.593, 112
Trd, 4319651.743, 90
Trd, 4319652.393, 93
Trd, 4319652.693, 108
Trd, 4319653.293, 133
Trd, 4319654.243, 122
Trd, 4319654.793, 131
Trd, 4319655.293, 115
Trd, 4319656.643, 138
Trd, 4319656.993, 129
Trd, 4319657.643, 73
Trd, 4319658.293, 86
Trd, 4319658.793, 94
Trd, 4319659.443, 72
Trd, 4319660.193, 63
Trd, 4319660.243, 95
Trd, 4319661.393, 73
Trd, 4319662.843, 63
Trd, 4319663.243, 64
Trd, 4319663.493, 104
Trd, 4319664.043, 136
Trd, 4319664.493, 133
Trd, 4319664.693, 129
Trd, 4319668.143, 129
Trd, 4319668.743, 137
Trd, 4319668.943, 106
Trd, 4319670.343, 95
Trd, 4319670.543, 107
Trd, 4319670.643, 103
Trd, 4319670.743, 85
Trd, 4319671.493, 133
Trd, 4319672.343, 80
Trd, 4319674.543, 125
Trd, 4319677.893, 113
Trd, 4319677.943, 92
Trd, 4319678.393, 84
Trd, 4319678.793, 81
Trd, 4319678.893, 89
Trd, 4319679.543, 131
Trd, 4319680.743, 139
Trd, 4319681.143, 130
Trd, 4319681.693, 137
Trd, 4319682.293, 117
Trd, 4319683.143, 104
Trd, 4319683.393, 98
Trd, 4319683.693, 111
Trd, 4319683.993, 118
Trd, 4319684.193, 123
Trd, 4319685.643, 115
Trd, 4319686.793, 132
Trd, 4319687.543, 112
Trd, 4319688.143, 124
Trd, 4319688.893, 91
Trd, 4319689.243, 68
Trd, 4319689.793, 75
Trd, 4319690.593, 130
Trd, 4319691.193, 77
Trd, 4319693.693, 131
Trd, 4319694.643, 105
Trd, 4319696.343, 130
Trd, 4319696.893, 110
Trd, 4319696.993, 116
Trd, 4319697.943, 91
Trd, 4319698.643, 109
Trd, 4319699.043, 104
Trd, 4319700.343, 93
Trd, 4319700.493, 86
Trd, 4319700.543, 97
Trd, 4319701.043, 66
Trd, 4319703.093, 93
Trd, 4319703.143, 127
Trd, 4319704.043, 138
Trd, 4319704.893, 124
Trd, 4319705.243, 102
Trd, 4319708.143, 132
Trd, 4319709.793, 129
Trd, 4319710.143, 135
Trd, 4319710.943, 132
Trd, 4319712.193, 136
Trd, 4319712.393, 135
Trd, 4319713.793, 139
Trd, 4319713.843, 128
Trd, 4319713.943, 108
Trd, 4319715.843, 118
Trd, 4319716.243, 124
Trd, 4319718.043, 137
Trd, 4319719.543, 73
Trd, 4319719.593, 61
Trd, 4319719.993, 133
Trd, 4319720.193, 124
Trd, 4319723.093, 130
Trd, 4319724.443, 124
Trd, 4319724.693, 137
Trd, 4319724.943, 119
Trd, 4319725.243, 108
Trd, 4319725.893, 92
Trd, 4319726.493, 138
Trd, 4319727.143, 134
Trd, 4319727.593, 129
Trd, 4319728.993, 121
Trd, 4319729.693, 140
Trd, 4319730.193, 134
Trd, 4319730.643, 126
Trd, 4319731.643, 139
Trd, 4319733.793, 126
Trd, 4319734.193, 115
Trd, 4319734.993, 123
Trd, 4319736.443, 116
Trd, 4319737.293, 128
Trd, 4319737.443, 116
Trd, 4319738.093, 131
Trd, 4319740.043, 115
Trd, 4319740.493, 117
Trd, 4319741.243, 139
Trd, 4319741.893, 140
Trd, 4319742.693, 123
Trd, 4319742.893, 127
Trd, 4319742.993, 107
Trd, 4319743.593, 105
Trd, 4319744.543, 126
Trd, 4319746.193, 123
Trd, 4319747.443, 103
Trd, 4319747.493, 94
Trd, 4319749.093, 94
Trd, 4319749.443, 95
Trd, 4319751.093, 139
Trd, 4319751.293, 121
Trd, 4319751.543, 137
Trd, 4319752.393, 130
Trd, 4319754.343, 81
Trd, 4319754.543, 78
Trd, 4319756.293, 137
Trd, 4319758.493, 135
Trd, 4319758.843, 138
Trd, 4319759.343, 131
Trd, 4319760.343, 125
Trd, 4319760.393, 124
Trd, 4319760.793, 106
Trd, 4319760.943, 107
Trd, 4319762.493, 132
Trd, 4319763.343, 126
Trd, 4319764.543, 134
Trd, 4319765.043, 117
Trd, 4319765.193, 112
Trd, 4319765.693, 88
Trd, 4319768.243, 117
Trd, 4319768.543, 127
Trd, 4319769.143, 128
Trd, 4319769.343, 124
Trd, 4319770.593, 133
Trd, 4319771.043, 122
Trd, 4319771.443, 121
Trd, 4319772.593, 126
Trd, 4319774.393, 94
Trd, 4319775.043, 121
Trd, 4319776.443, 138
Trd, 4319776.493, 111
Trd, 4319776.893, 132
Trd, 4319777.343, 138
Trd, 4319777.543, 111
Trd, 4319778.593, 107
Trd, 4319779.893, 134
Trd, 4319780.793, 135
Trd, 4319781.293, 63
Trd, 4319782.493, 124
Trd, 4319783.393, 123
Trd, 4319785.243, 135
Trd, 4319785.293, 129
Trd, 4319785.493, 106
Trd, 4319786.443, 101
Trd, 4319786.593, 83
Trd, 4319786.843, 79
Trd, 4319787.743, 83
Trd, 4319788.743, 133
Trd, 4319789.243, 131
Trd, 4319789.893, 131
Trd, 4319791.693, 136
Trd, 4319792.393, 130
Trd, 4319792.693, 130
Trd, 4319792.843, 129
Trd, 4319794.793, 123
Trd, 4319794.843, 114
Trd, 4319795.893, 109
Trd, 4319796.093, 92
Trd, 4319797.093, 104
Trd, 4319797.293, 139
Trd, 4319799.093, 136
Trd, 4319799.493, 125
Trd, 4319799.893, 107
Trd, 4319800.293, 140
Trd, 4319801.193, 113
Trd, 4319801.643, 105
Trd, 4319802.193, 79
Trd, 4319802.393, 99
Trd, 4319803.043, 138
Trd, 4319804.443, 124
Trd, 4319805.643, 134
Trd, 4319806.593, 140
Trd, 4319806.843, 103
Trd, 4319807.093, 81
Trd, 4319807.193, 138
Trd, 4319807.893, 91
Trd, 4319808.843, 102
Trd, 4319810.893, 122
Trd, 4319811.293, 135
Trd, 4319811.643, 94
Trd, 4319811.843, 92
Trd, 4319812.043, 122
Trd, 4319812.893, 121
Trd, 4319814.293, 117
Trd, 4319814.993, 132
Trd, 4319815.243, 125
Trd, 4319815.993, 97
Trd, 4319816.293, 67
Trd, 4319817.543, 96
Trd, 4319817.693, 68
Trd, 4319818.193, 99
Trd, 4319819.143, 79
Trd, 4319819.893, 138
Trd, 4319820.193, 132
Trd, 4319820.593, 125
Trd, 4319821.343, 138
Trd, 4319822.093, 128
Trd, 4319822.343, 89
Trd, 4319822.943, 116
Trd, 4319824.393, 84
Trd, 4319824.443, 113
Trd, 4319824.793, 117
Trd, 4319826.143, 132
Trd, 4319826.843, 135
Trd, 4319827.793, 129
Trd, 4319828.093, 136
Trd, 4319828.943, 73
Trd, 4319829.143, 76
Trd, 4319829.343, 82
Trd, 4319830.493, 111
Trd, 4319830.693, 97
Trd, 4319832.143, 133
Trd, 4319832.193, 101
Trd, 4319833.043, 111
Trd, 4319833.193, 103
Trd, 4319834.243, 97
Trd, 4319835.943, 67
Trd, 4319836.493, 140
Trd, 4319837.493, 118
Trd, 4319838.493, 139
Trd, 4319839.243, 76
Trd, 4319839.493, 85
Trd, 4319841.493, 137
Trd, 4319842.443, 103
Trd, 4319842.843, 138
Trd, 4319842.993, 128
Trd, 4319843.343, 128
Trd, 4319844.993, 133
Trd, 4319845.843, 133
Trd, 4319846.193, 122
Trd, 4319846.443, 101
Trd, 4319847.893, 128
Trd, 4319848.543, 122
Trd, 4319848.843, 111
Trd, 4319848.993, 99
Trd, 4319850.443, 137
Trd, 4319850.793, 138
Trd, 4319851.243, 138
Trd, 4319852.043, 138
Trd, 4319852.693, 139
Trd, 4319853.243, 139
Trd, 4319853.393, 137
Trd, 4319855.143, 140
Trd, 4319855.293, 126
Trd, 4319856.143, 97
Trd, 4319856.543, 103
Trd, 4319857.193, 114
Trd, 4319857.493, 104
Trd, 4319857.993, 100
Trd, 4319858.543, 86
Trd, 4319859.243, 126
Trd, 4319859.993, 139
Trd, 4319860.843, 135
Trd, 4319861.493, 140
Trd, 4319862.643, 111
Trd, 4319862.743, 82
Trd, 4319863.543, 80
Trd, 4319864.893, 128
Trd, 4319866.043, 122
Trd, 4319866.543, 132
Trd, 4319866.943, 123
Trd, 4319867.243, 119
Trd, 4319867.793, 91
Trd, 4319868.343, 98
Trd, 4319868.743, 137
Trd, 4319869.193, 126
Trd, 4319869.693, 80
Trd, 4319870.043, 97
Trd, 4319870.693, 88
Trd, 4319870.843, 104
Trd, 4319871.143, 74
Trd, 4319872.743, 121
Trd, 4319873.993, 116
Trd, 4319874.593, 137
Trd, 4319875.943, 137
Trd, 4319875.993, 88
Trd, 4319876.393, 129
Trd, 4319877.693, 130
Trd, 4319878.893, 122
Trd, 4319880.243, 81
Trd, 4319881.193, 127
Trd, 4319882.243, 137
Trd, 4319883.593, 130
Trd, 4319884.443, 126
Trd, 4319884.843, 125
Trd, 4319884.943, 117
Trd, 4319885.443, 133
Trd, 4319885.543, 117
Trd, 4319885.693, 116
Trd, 4319885.743, 113
Trd, 4319886.843, 135
Trd, 4319886.893, 104
Trd, 4319887.593, 83
Trd, 4319888.643, 130
Trd, 4319890.693, 128
Trd, 4319891.693, 99
Trd, 4319893.593, 140
Trd, 4319893.893, 125
Trd, 4319895.993, 131
Trd, 4319896.243, 117
Trd, 4319896.793, 130
Trd, 4319898.293, 132
Trd, 4319898.693, 138
Trd, 4319898.793, 119
Trd, 4319900.593, 140
Trd, 4319901.543, 120
Trd, 4319901.743, 117
Trd, 4319902.443, 122
Trd, 4319902.993, 131
Trd, 4319906.193, 135
Trd, 4319906.943, 125
Trd, 4319907.393, 123
Trd, 4319907.493, 117
Trd, 4319907.743, 107
Trd, 4319908.143, 97
Trd, 4319909.243, 138
Trd, 4319909.793, 135
Trd, 4319910.693, 132
Trd, 4319911.293, 113
Trd, 4319911.793, 137
Trd, 4319911.993, 99
Trd, 4319912.943, 135
Trd, 4319913.743, 105
Trd, 4319913.843, 111
Trd, 4319914.543, 86
Trd, 4319915.443, 78
Trd, 4319915.943, 93
Trd, 4319916.493, 130
Trd, 4319917.093, 62
Trd, 4319918.043, 140
Trd, 4319919.743, 126
Trd, 4319921.193, 137
Trd, 4319922.243, 98
Trd, 4319923.893, 107
Trd, 4319924.343, 139
Trd, 4319924.793, 122
Trd, 4319924.893, 117
Trd, 4319925.943, 124
Trd, 4319926.343, 117
Trd, 4319927.493, 119
Trd, 4319928.093, 120
Trd, 4319928.293, 111
Trd, 4319928.643, 136
Trd, 4319930.293, 134
Trd, 4319930.593, 131
Trd, 4319931.743, 131
Trd, 4319933.443, 129
Trd, 4319933.893, 124
Trd, 4319935.093, 140
Trd, 4319935.793, 119
Trd, 4319936.243, 139
Trd, 4319936.743, 140
Trd, 4319936.993, 112
Trd, 4319937.593, 128
Trd, 4319938.593, 120
Trd, 4319939.693, 107
Trd, 4319940.143, 119
Trd, 4319940.543, 133
Trd, 4319941.443, 124
Trd, 4319942.643, 108
Trd, 4319942.843, 134
Trd, 4319943.993, 128
Trd, 4319945.043, 119
Trd, 4319945.393, 102
Trd, 4319946.543, 136
Trd, 4319949.993, 140
Trd, 4319950.243, 124
Trd, 4319950.743, 137
Trd, 4319950.943, 139
Trd, 4319951.843, 127
Trd, 4319952.043, 106
Trd, 4319952.243, 128
Trd, 4319953.943, 125
Trd, 4319955.493, 117
Trd, 4319956.593, 109
Trd, 4319957.093, 124
Trd, 4319959.143, 90
Trd, 4319959.643, 137
Trd, 4319960.293, 130
Trd, 4319961.343, 132
Trd, 4319961.793, 131
Trd, 4319963.493, 129
Trd, 4319963.793, 133
Trd, 4319964.543, 132
Trd, 4319965.343, 129
Trd, 4319965.893, 126
Trd, 4319966.693, 92
Trd, 4319966.893, 97
Trd, 4319967.843, 130
Trd, 4319968.443, 77
Trd, 4319969.743, 138
Trd, 4319970.993, 131
Trd, 4319971.843, 85
Trd, 4319972.343, 107
Trd, 4319973.793, 135
Trd, 4319974.443, 109
Trd, 4319974.643, 96
Trd, 4319974.943, 64
Trd, 4319976.143, 139
Trd, 4319976.193, 93
Trd, 4319976.493, 117
Trd, 4319977.393, 63
Trd, 4319978.193, 114
Trd, 4319978.443, 106
Trd, 4319978.693, 95
Trd, 4319979.343, 84
Trd, 4319979.543, 77
Trd, 4319980.443, 119
Trd, 4319980.693, 66
Trd, 4319981.543, 126
Trd, 4319982.843, 111
Trd, 4319983.493, 124
Trd, 4319984.343, 139
Trd, 4319984.743, 118
Trd, 4319986.193, 115
Trd, 4319987.193, 111
Trd, 4319987.843, 117
Trd, 4319988.593, 109
Trd, 4319990.243, 68
Trd, 4319990.793, 128
Trd, 4319991.393, 104
Trd, 4319991.893, 131
Trd, 4319992.693, 127
Trd, 4319993.393, 120
Trd, 4319994.093, 114
Trd, 4319995.293, 135
Trd, 4319995.593, 121
Trd, 4319997.293, 129
Trd, 4319998.393, 140
Trd, 4319998.743, 136
Trd, 4319999.493, 98
