Trd, 4318187.793, 139
Trd, 4318187.993, 88
Trd, 4318188.693, 140
Trd, 4318188.993, 137
Trd, 4318189.243, 106
Trd, 4318190.793, 125
Trd, 4318192.343, 60
Trd, 4318193.293, 66
Trd, 4318193.743, 66
Trd, 4318194.193, 107
Trd, 4318194.493, 61
Trd, 4318194.793, 114
Trd, 4318194.893, 74
Trd, 4318195.143, 135
Trd, 4318196.093, 65
Trd, 4318196.343, 140
Trd, 4318196.643, 140
Trd, 4318197.893, 61
Trd, 4318198.193, 63
Trd, 4318199.643, 112
Trd, 4318199.893, 93
Trd, 4318200.843, 119
Trd, 4318200.993, 114
Trd, 4318201.043, 95
Trd, 4318201.293, 140
Trd, 4318202.893, 60
Trd, 4318203.343, 113
Trd, 4318204.743, 123
Trd, 4318205.143, 114
Trd, 4318205.693, 113
Trd, 4318205.893, 139
Trd, 4318206.443, 95
Trd, 4318206.893, 98
Trd, 4318207.393, 98
Trd, 4318210.243, 60
Trd, 4318210.293, 62
Trd, 4318210.593, 68
Trd, 4318210.693, 67
Trd, 4318211.043, 68
Trd, 4318211.443, 60
Trd, 4318212.643, 140
Trd, 4318213.943, 121
Trd, 4318214.143, 119
Trd, 4318214.293, 105
Trd, 4318215.743, 139
Trd, 4318215.793, 127
Trd, 4318215.893, 91
Trd, 4318217.293, 60
Trd, 4318217.693, 65
Trd, 4318218.193, 140
Trd, 4318218.743, 139
Trd, 4318218.843, 83
Trd, 4318219.543, 73
Trd, 4318220.493, 67
Trd, 4318220.693, 110
Trd, 4318221.543, 136
Trd, 4318221.743, 134
Trd, 4318223.493, 109
Trd, 4318223.543, 80
Trd, 4318224.093, 119
Trd, 4318224.243, 61
Trd, 4318225.143, 84
Trd, 4318226.793, 139
Trd, 4318226.943, 137
Trd, 4318228.043, 123
Trd, 4318229.593, 140
Trd, 4318229.693, 121
Trd, 4318230.093, 77
Trd, 4318230.543, 67
Trd, 4318230.893, 66
Trd, 4318231.293, 62
Trd, 4318231.643, 71
Trd, 4318232.493, 66
Trd, 4318233.093, 140
Trd, 4318233.543, 71
Trd, 4318235.043, 92
Trd, 4318235.193, 91
Trd, 4318235.443, 89
Trd, 4318236.343, 140
Trd, 4318238.543, 140
Trd, 4318238.643, 139
Trd, 4318239.043, 140
Trd, 4318239.693, 83
Trd, 4318240.243, 75
Trd, 4318240.593, 73
Trd, 4318241.543, 124
Trd, 4318241.843, 118
Trd, 4318242.993, 139
Trd, 4318243.793, 139
Trd, 4318243.843, 135
Trd, 4318245.343, 140
Trd, 4318245.393, 140
Trd, 4318245.443, 81
Trd, 4318246.093, 67
Trd, 4318246.893, 129
Trd, 4318247.043, 103
Trd, 4318247.343, 90
Trd, 4318247.793, 76
Trd, 4318248.743, 139
Trd, 4318248.943, 68
Trd, 4318250.343, 65
Trd, 4318250.843, 75
Trd, 4318251.293, 104
Trd, 4318251.493, 67
Trd, 4318251.993, 71
Trd, 4318252.543, 63
Trd, 4318253.193, 62
Trd, 4318253.743, 61
Trd, 4318253.993, 66
Trd, 4318255.243, 136
Trd, 4318255.793, 125
Trd, 4318256.743, 139
Trd, 4318257.093, 123
Trd, 4318257.993, 140
Trd, 4318258.643, 65
Trd, 4318259.793, 97
Trd, 4318260.143, 75
Trd, 4318260.593, 103
Trd, 4318260.993, 68
Trd, 4318262.143, 140
Trd, 4318263.293, 85
Trd, 4318263.343, 81
Trd, 4318263.993, 91
Trd, 4318264.943, 107
Trd, 4318265.843, 140
Trd, 4318266.193, 108
Trd, 4318267.293, 128
Trd, 4318267.543, 96
Trd, 4318267.643, 94
Trd, 4318269.193, 60
Trd, 4318270.393, 62
Trd, 4318270.643, 61
Trd, 4318270.693, 62
Trd, 4318271.643, 63
Trd, 4318271.743, 65
Trd, 4318272.443, 61
Trd, 4318272.793, 108
Trd, 4318273.643, 60
Trd, 4318273.693, 66
Trd, 4318274.493, 140
Trd, 4318274.943, 138
Trd, 4318275.493, 123
Trd, 4318275.843, 84
Trd, 4318276.593, 85
Trd, 4318278.343, 139
Trd, 4318278.393, 135
Trd, 4318279.643, 122
Trd, 4318280.343, 140
Trd, 4318280.643, 140
Trd, 4318281.093, 139
Trd, 4318281.593, 105
Trd, 4318281.943, 78
Trd, 4318282.543, 65
Trd, 4318285.043, 140
Trd, 4318285.093, 140
Trd, 4318285.243, 104
Trd, 4318285.293, 84
Trd, 4318285.643, 140
Trd, 4318285.943, 61
Trd, 4318287.043, 61
Trd, 4318287.343, 63
Trd, 4318287.643, 67
Trd, 4318288.443, 102
Trd, 4318288.893, 71
Trd, 4318288.943, 120
Trd, 4318289.393, 105
Trd, 4318290.843, 61
Trd, 4318290.943, 64
Trd, 4318291.593, 103
Trd, 4318292.493, 60
Trd, 4318293.293, 60
Trd, 4318294.143, 60
Trd, 4318294.493, 60
Trd, 4318294.943, 60
Trd, 4318295.443, 63
Trd, 4318295.543, 63
Trd, 4318295.993, 62
Trd, 4318296.393, 69
Trd, 4318296.443, 135
Trd, 4318297.243, 72
Trd, 4318299.143, 136
Trd, 4318299.193, 128
Trd, 4318299.243, 113
Trd, 4318299.393, 140
Trd, 4318300.843, 61
Trd, 4318301.493, 60
Trd, 4318301.993, 63
Trd, 4318302.993, 140
Trd, 4318303.493, 133
Trd, 4318303.743, 61
Trd, 4318304.643, 63
Trd, 4318306.493, 61
Trd, 4318306.843, 63
Trd, 4318307.293, 62
Trd, 4318308.043, 62
Trd, 4318308.343, 66
Trd, 4318308.643, 65
Trd, 4318308.893, 131
Trd, 4318309.143, 140
Trd, 4318309.493, 66
Trd, 4318309.993, 121
Trd, 4318310.993, 60
Trd, 4318311.093, 60
Trd, 4318311.843, 61
Trd, 4318312.743, 71
Trd, 4318314.493, 61
Trd, 4318314.643, 61
Trd, 4318314.693, 64
Trd, 4318315.693, 62
Trd, 4318315.793, 66
Trd, 4318315.943, 129
Trd, 4318316.243, 140
Trd, 4318317.643, 140
Trd, 4318318.043, 140
Trd, 4318318.493, 140
Trd, 4318318.893, 115
Trd, 4318319.793, 125
Trd, 4318321.143, 64
Trd, 4318322.043, 139
Trd, 4318323.243, 138
Trd, 4318323.293, 130
Trd, 4318324.143, 140
Trd, 4318324.393, 110
Trd, 4318324.743, 127
Trd, 4318325.093, 61
Trd, 4318325.343, 65
Trd, 4318326.143, 62
Trd, 4318327.343, 69
Trd, 4318329.093, 60
Trd, 4318329.593, 64
Trd, 4318329.793, 63
Trd, 4318330.143, 140
Trd, 4318330.693, 92
Trd, 4318330.793, 80
Trd, 4318331.193, 127
Trd, 4318332.743, 108
Trd, 4318332.943, 115
Trd, 4318333.893, 61
Trd, 4318334.293, 116
Trd, 4318334.793, 65
Trd, 4318335.043, 135
Trd, 4318336.893, 61
Trd, 4318337.093, 77
Trd, 4318337.493, 82
Trd, 4318337.893, 131
Trd, 4318338.843, 140
Trd, 4318339.343, 140
Trd, 4318340.393, 140
Trd, 4318341.793, 136
Trd, 4318341.843, 134
Trd, 4318342.593, 136
Trd, 4318342.743, 105
Trd, 4318343.293, 114
Trd, 4318343.443, 89
Trd, 4318344.743, 140
Trd, 4318344.893, 76
Trd, 4318346.693, 140
Trd, 4318346.943, 129
Trd, 4318347.293, 106
Trd, 4318347.493, 103
Trd, 4318347.793, 102
Trd, 4318348.293, 133
Trd, 4318348.843, 117
Trd, 4318349.293, 116
Trd, 4318349.543, 140
Trd, 4318350.543, 139
Trd, 4318351.043, 105
Trd, 4318351.393, 97
Trd, 4318351.943, 80
Trd, 4318352.943, 139
Trd, 4318354.143, 92
Trd, 4318354.393, 70
Trd, 4318354.693, 133
Trd, 4318355.393, 116
Trd, 4318356.393, 124
Trd, 4318356.943, 72
Trd, 4318357.293, 140
Trd, 4318357.893, 131
Trd, 4318359.143, 102
Trd, 4318359.893, 65
Trd, 4318360.243, 60
Trd, 4318360.493, 86
Trd, 4318360.993, 108
Trd, 4318361.543, 120
Trd, 4318362.043, 82
Trd, 4318362.893, 140
Trd, 4318363.843, 138
Trd, 4318363.943, 128
Trd, 4318365.243, 126
Trd, 4318367.193, 139
Trd, 4318367.693, 139
Trd, 4318368.093, 84
Trd, 4318368.843, 66
Trd, 4318370.243, 62
Trd, 4318370.893, 61
Trd, 4318370.993, 64
Trd, 4318372.393, 62
Trd, 4318372.543, 63
Trd, 4318372.643, 67
Trd, 4318373.143, 64
Trd, 4318374.093, 140
Trd, 4318374.643, 140
Trd, 4318374.843, 79
Trd, 4318375.443, 137
Trd, 4318375.643, 131
Trd, 4318376.043, 64
Trd, 4318376.993, 60
Trd, 4318377.143, 66
Trd, 4318377.543, 74
Trd, 4318378.043, 64
Trd, 4318378.193, 140
Trd, 4318380.493, 66
Trd, 4318381.543, 60
Trd, 4318381.993, 63
Trd, 4318382.143, 61
Trd, 4318382.293, 71
Trd, 4318383.643, 111
Trd, 4318384.293, 140
Trd, 4318384.693, 98
Trd, 4318385.343, 109
Trd, 4318385.843, 92
Trd, 4318386.293, 127
Trd, 4318386.443, 81
Trd, 4318386.593, 63
Trd, 4318387.893, 62
Trd, 4318388.643, 61
Trd, 4318389.143, 63
Trd, 4318389.443, 115
Trd, 4318390.193, 104
Trd, 4318390.393, 102
Trd, 4318392.143, 140
Trd, 4318392.243, 114
Trd, 4318392.393, 113
Trd, 4318392.993, 130
Trd, 4318393.693, 103
Trd, 4318394.243, 131
Trd, 4318395.193, 135
Trd, 4318395.343, 106
Trd, 4318395.993, 140
Trd, 4318396.243, 137
Trd, 4318398.293, 140
Trd, 4318398.743, 128
Trd, 4318398.893, 125
Trd, 4318399.043, 115
Trd, 4318400.793, 140
Trd, 4318401.943, 137
Trd, 4318402.043, 118
Trd, 4318402.393, 140
Trd, 4318402.443, 128
Trd, 4318403.593, 126
Trd, 4318403.693, 125
Trd, 4318404.893, 137
Trd, 4318405.143, 117
Trd, 4318405.493, 140
Trd, 4318405.643, 132
Trd, 4318406.693, 101
Trd, 4318407.643, 84
Trd, 4318407.993, 139
Trd, 4318408.943, 82
Trd, 4318410.043, 130
Trd, 4318410.093, 110
Trd, 4318411.793, 118
Trd, 4318412.293, 118
Trd, 4318412.343, 117
Trd, 4318412.843, 92
Trd, 4318413.243, 92
Trd, 4318413.293, 69
Trd, 4318414.243, 60
Trd, 4318414.643, 122
Trd, 4318414.843, 64
Trd, 4318416.193, 140
Trd, 4318416.843, 70
Trd, 4318417.143, 120
Trd, 4318418.743, 74
Trd, 4318419.893, 60
Trd, 4318420.993, 83
Trd, 4318421.943, 62
Trd, 4318422.443, 65
Trd, 4318422.743, 71
Trd, 4318422.943, 64
Trd, 4318424.093, 60
Trd, 4318424.143, 62
Trd, 4318424.393, 101
Trd, 4318425.743, 138
Trd, 4318426.093, 137
Trd, 4318426.543, 134
Trd, 4318427.643, 64
Trd, 4318428.293, 64
Trd, 4318428.993, 63
Trd, 4318429.743, 60
Trd, 4318430.043, 62
Trd, 4318430.143, 66
Trd, 4318430.893, 83
Trd, 4318431.593, 61
Trd, 4318431.843, 62
Trd, 4318432.593, 107
Trd, 4318433.193, 63
Trd, 4318433.843, 124
Trd, 4318433.993, 63
Trd, 4318435.293, 94
Trd, 4318435.743, 60
Trd, 4318436.593, 136
Trd, 4318436.743, 110
Trd, 4318438.043, 118
Trd, 4318438.593, 128
Trd, 4318439.993, 139
Trd, 4318440.443, 138
Trd, 4318441.093, 139
Trd, 4318441.543, 140
Trd, 4318442.043, 93
Trd, 4318442.293, 131
Trd, 4318442.743, 116
Trd, 4318443.843, 83
Trd, 4318445.043, 60
Trd, 4318445.193, 61
Trd, 4318445.543, 64
Trd, 4318445.693, 132
Trd, 4318445.843, 60
Trd, 4318447.093, 61
Trd, 4318447.693, 61
Trd, 4318448.193, 80
Trd, 4318449.643, 60
Trd, 4318450.493, 61
Trd, 4318450.693, 64
Trd, 4318451.593, 115
Trd, 4318451.793, 71
Trd, 4318452.143, 70
Trd, 4318452.393, 125
Trd, 4318454.093, 119
Trd, 4318454.593, 131
Trd, 4318456.193, 140
Trd, 4318456.243, 127
Trd, 4318456.643, 76
Trd, 4318458.493, 60
Trd, 4318459.343, 61
Trd, 4318459.443, 63
Trd, 4318459.893, 62
Trd, 4318460.243, 67
Trd, 4318460.593, 68
Trd, 4318462.193, 64
Trd, 4318462.343, 66
Trd, 4318463.293, 65
Trd, 4318463.493, 75
Trd, 4318463.543, 75
Trd, 4318464.143, 74
Trd, 4318464.793, 61
Trd, 4318465.093, 133
Trd, 4318465.443, 100
Trd, 4318465.643, 111
Trd, 4318466.743, 82
Trd, 4318467.643, 136
Trd, 4318469.093, 136
Trd, 4318469.143, 83
Trd, 4318469.893, 138
Trd, 4318470.943, 112
Trd, 4318471.393, 91
Trd, 4318471.593, 74
Trd, 4318471.943, 68
Trd, 4318472.093, 66
Trd, 4318472.143, 109
Trd, 4318473.393, 62
Trd, 4318473.943, 61
Trd, 4318474.693, 64
Trd, 4318475.043, 95
Trd, 4318476.543, 140
Trd, 4318476.893, 140
Trd, 4318476.993, 70
Trd, 4318477.443, 128
Trd, 4318477.743, 65
Trd, 4318479.093, 137
Trd, 4318479.543, 70
Trd, 4318479.893, 66
Trd, 4318480.693, 63
Trd, 4318481.893, 60
Trd, 4318482.143, 64
Trd, 4318482.193, 82
Trd, 4318482.843, 82
Trd, 4318483.643, 60
Trd, 4318484.843, 138
Trd, 4318484.993, 103
Trd, 4318485.543, 69
Trd, 4318485.693, 67
Trd, 4318486.043, 89
Trd, 4318486.893, 81
Trd, 4318487.343, 72
Trd, 4318488.043, 140
Trd, 4318488.893, 139
Trd, 4318489.293, 76
Trd, 4318490.193, 81
Trd, 4318490.893, 130
Trd, 4318491.693, 132
Trd, 4318491.793, 78
Trd, 4318491.893, 75
Trd, 4318492.393, 80
Trd, 4318493.843, 121
Trd, 4318495.093, 133
Trd, 4318495.143, 104
Trd, 4318495.193, 91
Trd, 4318495.843, 69
Trd, 4318496.093, 63
Trd, 4318497.093, 140
Trd, 4318497.743, 140
Trd, 4318498.393, 89
Trd, 4318498.893, 65
Trd, 4318499.343, 112
Trd, 4318500.043, 90
Trd, 4318500.093, 88
Trd, 4318501.293, 140
Trd, 4318502.643, 131
Trd, 4318503.393, 116
Trd, 4318503.543, 123
Trd, 4318504.493, 140
Trd, 4318505.043, 101
Trd, 4318506.293, 62
Trd, 4318506.393, 68
Trd, 4318507.343, 61
Trd, 4318509.243, 139
Trd, 4318509.843, 129
Trd, 4318510.243, 120
Trd, 4318511.443, 133
Trd, 4318511.693, 113
Trd, 4318511.743, 79
Trd, 4318512.093, 60
Trd, 4318512.643, 61
Trd, 4318512.893, 70
Trd, 4318513.743, 99
Trd, 4318514.193, 62
Trd, 4318515.043, 74
Trd, 4318515.793, 62
Trd, 4318516.643, 61
Trd, 4318516.893, 136
Trd, 4318517.943, 77
Trd, 4318518.043, 61
Trd, 4318519.093, 139
Trd, 4318519.643, 67
Trd, 4318520.843, 61
Trd, 4318521.243, 94
Trd, 4318521.593, 102
Trd, 4318521.993, 70
Trd, 4318523.443, 64
Trd, 4318524.243, 62
Trd, 4318524.493, 136
Trd, 4318525.093, 107
Trd, 4318525.243, 103
Trd, 4318526.293, 135
Trd, 4318526.993, 139
Trd, 4318528.343, 140
Trd, 4318529.393, 125
Trd, 4318529.743, 129
Trd, 4318529.843, 123
Trd, 4318530.793, 60
Trd, 4318531.593, 65
Trd, 4318531.643, 102
Trd, 4318532.143, 65
Trd, 4318533.793, 61
Trd, 4318534.093, 63
Trd, 4318534.443, 62
Trd, 4318534.893, 60
Trd, 4318534.943, 64
Trd, 4318535.293, 122
Trd, 4318535.943, 66
Trd, 4318536.143, 128
Trd, 4318537.693, 140
Trd, 4318537.893, 140
Trd, 4318538.543, 126
Trd, 4318538.693, 66
Trd, 4318541.243, 139
Trd, 4318541.543, 114
Trd, 4318541.693, 94
Trd, 4318542.093, 108
Trd, 4318542.143, 90
Trd, 4318542.743, 138
Trd, 4318544.843, 106
Trd, 4318545.043, 80
Trd, 4318545.793, 63
Trd, 4318546.093, 60
Trd, 4318546.543, 65
Trd, 4318547.343, 60
Trd, 4318547.993, 63
Trd, 4318548.493, 120
Trd, 4318549.143, 91
Trd, 4318549.293, 82
Trd, 4318550.393, 140
Trd, 4318550.743, 77
Trd, 4318551.793, 125
Trd, 4318551.893, 115
Trd, 4318552.493, 91
Trd, 4318552.743, 63
Trd, 4318553.893, 61
Trd, 4318554.093, 79
Trd, 4318555.343, 115
Trd, 4318556.843, 138
Trd, 4318557.593, 124
Trd, 4318557.893, 126
Trd, 4318558.243, 60
Trd, 4318558.343, 112
Trd, 4318559.343, 132
Trd, 4318560.343, 61
Trd, 4318560.893, 61
Trd, 4318561.293, 62
Trd, 4318561.493, 60
Trd, 4318561.843, 63
Trd, 4318562.893, 140
Trd, 4318563.493, 121
Trd, 4318564.193, 72
Trd, 4318564.693, 140
Trd, 4318565.043, 61
Trd, 4318565.893, 61
Trd, 4318566.193, 138
Trd, 4318566.693, 101
Trd, 4318567.043, 84
Trd, 4318568.143, 60
Trd, 4318568.743, 61
Trd, 4318568.893, 69
Trd, 4318571.193, 60
Trd, 4318571.443, 61
Trd, 4318571.643, 64
Trd, 4318572.043, 62
Trd, 4318573.043, 64
Trd, 4318573.793, 61
Trd, 4318574.593, 62
Trd, 4318574.643, 64
Trd, 4318574.943, 66
Trd, 4318575.193, 88
Trd, 4318576.293, 64
Trd, 4318576.743, 139
Trd, 4318577.793, 139
Trd, 4318578.643, 99
Trd, 4318579.893, 61
Trd, 4318580.043, 60
Trd, 4318580.393, 61
Trd, 4318580.993, 63
Trd, 4318581.543, 65
Trd, 4318581.893, 125
Trd, 4318582.343, 61
Trd, 4318582.593, 68
Trd, 4318583.593, 140
Trd, 4318584.443, 62
Trd, 4318585.193, 62
Trd, 4318585.593, 69
Trd, 4318586.193, 62
Trd, 4318586.693, 69
Trd, 4318587.393, 68
Trd, 4318588.193, 69
Trd, 4318589.193, 66
Trd, 4318589.343, 67
Trd, 4318589.693, 80
Trd, 4318590.693, 74
Trd, 4318591.293, 61
Trd, 4318591.543, 134
Trd, 4318592.943, 138
Trd, 4318593.193, 119
Trd, 4318593.293, 77
Trd, 4318594.043, 60
Trd, 4318595.143, 114
Trd, 4318595.393, 121
Trd, 4318596.293, 71
Trd, 4318596.843, 60
Trd, 4318596.993, 61
Trd, 4318597.993, 62
Trd, 4318598.943, 63
Trd, 4318599.543, 65
Trd, 4318600.093, 125
Trd, 4318600.393, 91
Trd, 4318600.743, 140
Trd, 4318601.393, 129
Trd, 4318601.443, 84
Trd, 4318602.393, 83
Trd, 4318603.093, 60
Trd, 4318604.243, 60
Trd, 4318605.243, 64
Trd, 4318606.043, 61
Trd, 4318606.593, 60
Trd, 4318606.943, 75
Trd, 4318607.343, 60
Trd, 4318607.393, 62
Trd, 4318608.793, 60
Trd, 4318609.593, 140
Trd, 4318609.943, 117
Trd, 4318610.443, 130
Trd, 4318610.943, 111
Trd, 4318611.393, 100
Trd, 4318611.743, 63
Trd, 4318612.943, 65
Trd, 4318613.193, 131
Trd, 4318614.093, 138
Trd, 4318614.943, 140
Trd, 4318616.843, 140
Trd, 4318616.893, 132
Trd, 4318617.243, 124
Trd, 4318618.393, 134
Trd, 4318618.593, 133
Trd, 4318618.943, 130
Trd, 4318619.643, 116
Trd, 4318619.943, 103
Trd, 4318621.393, 140
Trd, 4318622.343, 140
Trd, 4318622.493, 135
Trd, 4318623.193, 81
Trd, 4318624.693, 75
Trd, 4318625.493, 68
Trd, 4318625.593, 63
Trd, 4318627.543, 125
Trd, 4318628.193, 140
Trd, 4318628.293, 126
Trd, 4318629.293, 139
Trd, 4318629.393, 137
Trd, 4318629.493, 76
Trd, 4318629.893, 100
Trd, 4318630.193, 139
Trd, 4318630.793, 105
Trd, 4318631.293, 140
Trd, 4318631.743, 133
Trd, 4318632.143, 72
Trd, 4318633.043, 75
Trd, 4318634.993, 71
Trd, 4318636.193, 140
Trd, 4318636.343, 93
Trd, 4318636.543, 137
Trd, 4318636.943, 76
Trd, 4318637.893, 125
Trd, 4318638.743, 133
Trd, 4318639.293, 105
Trd, 4318639.743, 61
Trd, 4318640.593, 138
Trd, 4318640.693, 62
Trd, 4318641.093, 140
Trd, 4318642.393, 96
Trd, 4318642.443, 74
Trd, 4318642.693, 82
Trd, 4318642.793, 63
Trd, 4318644.293, 64
Trd, 4318645.543, 102
Trd, 4318645.993, 140
Trd, 4318646.343, 91
Trd, 4318646.693, 90
Trd, 4318647.043, 60
Trd, 4318647.843, 98
Trd, 4318647.893, 91
Trd, 4318649.893, 135
Trd, 4318650.143, 123
Trd, 4318651.043, 140
Trd, 4318651.443, 106
Trd, 4318652.243, 64
Trd, 4318654.143, 127
Trd, 4318654.243, 135
Trd, 4318654.343, 85
Trd, 4318654.593, 61
Trd, 4318655.193, 67
Trd, 4318655.243, 73
Trd, 4318655.643, 65
Trd, 4318655.943, 61
Trd, 4318656.943, 60
Trd, 4318657.693, 63
Trd, 4318658.643, 69
Trd, 4318658.843, 73
Trd, 4318659.643, 62
Trd, 4318660.693, 60
Trd, 4318661.943, 60
Trd, 4318662.693, 61
Trd, 4318663.043, 60
Trd, 4318663.593, 69
Trd, 4318664.043, 69
Trd, 4318664.393, 135
Trd, 4318665.743, 61
Trd, 4318666.093, 60
Trd, 4318666.343, 64
Trd, 4318668.243, 60
Trd, 4318668.593, 63
Trd, 4318669.243, 60
Trd, 4318669.293, 68
Trd, 4318670.643, 61
Trd, 4318670.993, 62
Trd, 4318671.343, 63
Trd, 4318671.843, 61
Trd, 4318673.193, 60
Trd, 4318673.293, 62
Trd, 4318673.943, 106
Trd, 4318674.343, 60
Trd, 4318674.893, 81
Trd, 4318675.693, 62
Trd, 4318675.893, 122
Trd, 4318676.693, 137
Trd, 4318677.143, 87
Trd, 4318678.693, 61
Trd, 4318679.143, 60
Trd, 4318679.293, 61
Trd, 4318679.793, 68
Trd, 4318680.293, 121
Trd, 4318681.243, 90
Trd, 4318681.493, 91
Trd, 4318681.993, 138
Trd, 4318683.743, 140
Trd, 4318684.243, 140
Trd, 4318684.343, 136
Trd, 4318685.593, 65
Trd, 4318685.893, 126
Trd, 4318686.793, 117
Trd, 4318686.993, 132
Trd, 4318687.443, 115
Trd, 4318687.643, 114
Trd, 4318689.043, 125
Trd, 4318689.243, 61
Trd, 4318690.193, 60
Trd, 4318690.293, 63
Trd, 4318690.543, 71
Trd, 4318691.793, 64
Trd, 4318691.943, 60
Trd, 4318692.643, 61
Trd, 4318693.143, 72
Trd, 4318693.693, 66
Trd, 4318694.243, 62
Trd, 4318695.043, 133
Trd, 4318695.643, 71
Trd, 4318697.193, 109
Trd, 4318697.393, 66
Trd, 4318697.593, 136
Trd, 4318697.893, 60
Trd, 4318697.993, 138
Trd, 4318699.543, 140
Trd, 4318699.643, 81
Trd, 4318700.293, 130
Trd, 4318701.143, 63
Trd, 4318701.643, 64
Trd, 4318701.943, 64
Trd, 4318702.793, 73
Trd, 4318703.043, 140
Trd, 4318704.643, 140
Trd, 4318705.193, 109
Trd, 4318706.993, 62
Trd, 4318707.743, 63
Trd, 4318707.793, 65
Trd, 4318707.943, 64
Trd, 4318708.393, 97
Trd, 4318709.043, 140
Trd, 4318709.943, 87
Trd, 4318710.943, 67
Trd, 4318711.293, 89
Trd, 4318713.243, 98
Trd, 4318713.343, 111
Trd, 4318713.843, 69
Trd, 4318714.143, 140
Trd, 4318715.443, 133
Trd, 4318715.593, 119
Trd, 4318716.393, 66
Trd, 4318716.743, 61
Trd, 4318716.943, 62
Trd, 4318717.343, 67
Trd, 4318717.943, 129
Trd, 4318718.843, 108
Trd, 4318719.393, 71
Trd, 4318719.843, 67
Trd, 4318720.543, 139
Trd, 4318721.143, 72
Trd, 4318721.593, 122
Trd, 4318722.143, 110
Trd, 4318722.693, 104
Trd, 4318723.093, 60
Trd, 4318724.493, 67
Trd, 4318725.593, 140
Trd, 4318725.993, 140
Trd, 4318726.743, 140
Trd, 4318727.443, 101
Trd, 4318728.293, 134
Trd, 4318728.343, 94
Trd, 4318729.443, 87
Trd, 4318729.543, 70
Trd, 4318730.643, 138
Trd, 4318732.193, 60
Trd, 4318732.243, 65
Trd, 4318732.493, 63
Trd, 4318733.493, 66
Trd, 4318734.143, 63
Trd, 4318734.943, 136
Trd, 4318735.193, 129
Trd, 4318735.693, 89
Trd, 4318736.743, 64
Trd, 4318737.043, 120
Trd, 4318737.693, 130
Trd, 4318738.293, 129
Trd, 4318738.493, 128
Trd, 4318738.743, 84
Trd, 4318739.093, 60
Trd, 4318739.693, 61
Trd, 4318740.393, 61
Trd, 4318741.293, 60
Trd, 4318742.193, 63
Trd, 4318742.593, 61
Trd, 4318742.693, 78
Trd, 4318744.193, 62
Trd, 4318744.543, 64
Trd, 4318744.993, 66
Trd, 4318745.293, 60
Trd, 4318746.643, 60
Trd, 4318746.843, 69
Trd, 4318747.493, 60
Trd, 4318748.693, 61
Trd, 4318748.893, 62
Trd, 4318749.843, 140
Trd, 4318750.443, 77
Trd, 4318751.093, 135
Trd, 4318751.143, 89
Trd, 4318751.943, 140
Trd, 4318753.143, 88
Trd, 4318753.593, 66
Trd, 4318754.143, 92
Trd, 4318754.293, 79
Trd, 4318755.443, 105
Trd, 4318755.793, 126
Trd, 4318756.593, 139
Trd, 4318756.743, 133
Trd, 4318757.243, 140
Trd, 4318758.393, 100
Trd, 4318758.593, 75
Trd, 4318759.793, 118
Trd, 4318760.243, 120
Trd, 4318761.343, 61
Trd, 4318761.793, 61
Trd, 4318762.493, 60
Trd, 4318762.993, 79
Trd, 4318763.443, 109
Trd, 4318763.743, 139
Trd, 4318765.193, 76
Trd, 4318765.843, 67
Trd, 4318766.043, 69
Trd, 4318766.243, 121
Trd, 4318766.543, 64
Trd, 4318766.593, 67
Trd, 4318767.293, 60
Trd, 4318768.243, 139
Trd, 4318768.493, 60
Trd, 4318769.443, 140
Trd, 4318769.743, 139
Trd, 4318770.993, 68
Trd, 4318771.793, 61
Trd, 4318772.093, 60
Trd, 4318772.193, 61
Trd, 4318772.643, 108
Trd, 4318773.843, 60
Trd, 4318774.143, 60
Trd, 4318774.643, 61
Trd, 4318776.493, 61
Trd, 4318776.693, 62
Trd, 4318776.743, 69
Trd, 4318776.793, 70
Trd, 4318777.093, 63
Trd, 4318777.293, 105
Trd, 4318778.143, 84
Trd, 4318778.293, 74
Trd, 4318779.543, 60
Trd, 4318780.343, 61
Trd, 4318781.143, 60
Trd, 4318781.593, 63
Trd, 4318782.243, 77
Trd, 4318783.443, 85
Trd, 4318783.493, 73
Trd, 4318783.643, 74
Trd, 4318784.143, 69
Trd, 4318785.993, 60
Trd, 4318786.043, 65
Trd, 4318786.793, 117
Trd, 4318787.243, 140
Trd, 4318787.493, 82
Trd, 4318787.893, 126
Trd, 4318788.143, 76
Trd, 4318789.293, 62
Trd, 4318789.393, 65
Trd, 4318790.243, 60
Trd, 4318790.343, 61
Trd, 4318790.693, 121
Trd, 4318791.743, 140
Trd, 4318792.593, 106
Trd, 4318793.093, 104
Trd, 4318794.093, 125
Trd, 4318794.693, 140
Trd, 4318795.393, 133
Trd, 4318795.643, 135
Trd, 4318795.843, 122
Trd, 4318797.243, 115
Trd, 4318798.393, 140
Trd, 4318798.793, 113
Trd, 4318799.493, 108
Trd, 4318800.693, 93
Trd, 4318801.593, 140
Trd, 4318802.993, 140
Trd, 4318803.143, 120
Trd, 4318803.493, 120
Trd, 4318804.593, 70
Trd, 4318804.793, 74
Trd, 4318805.393, 108
Trd, 4318805.793, 104
Trd, 4318805.843, 80
Trd, 4318805.893, 69
Trd, 4318807.043, 68
Trd, 4318807.593, 64
Trd, 4318809.343, 60
Trd, 4318809.393, 64
Trd, 4318810.493, 140
Trd, 4318810.793, 139
Trd, 4318811.343, 130
Trd, 4318812.093, 60
Trd, 4318812.393, 65
Trd, 4318813.193, 61
Trd, 4318813.293, 61
Trd, 4318813.443, 61
Trd, 4318814.593, 61
Trd, 4318815.043, 60
Trd, 4318816.043, 71
Trd, 4318816.343, 66
Trd, 4318817.693, 61
Trd, 4318818.043, 67
Trd, 4318818.893, 95
Trd, 4318819.393, 124
Trd, 4318819.943, 62
Trd, 4318820.293, 63
Trd, 4318820.893, 67
Trd, 4318822.693, 135
Trd, 4318822.793, 130
Trd, 4318823.093, 118
Trd, 4318824.093, 61
Trd, 4318824.943, 61
Trd, 4318825.093, 62
Trd, 4318825.993, 124
Trd, 4318826.693, 96
Trd, 4318827.043, 95
Trd, 4318827.693, 140
Trd, 4318828.143, 125
Trd, 4318828.693, 78
Trd, 4318829.093, 68
Trd, 4318830.293, 140
Trd, 4318831.093, 113
Trd, 4318831.243, 65
Trd, 4318831.493, 111
Trd, 4318831.843, 100
Trd, 4318832.643, 100
Trd, 4318832.793, 139
Trd, 4318833.343, 108
Trd, 4318833.393, 107
Trd, 4318833.843, 60
Trd, 4318835.293, 108
Trd, 4318835.443, 65
Trd, 4318836.143, 140
Trd, 4318836.193, 140
Trd, 4318836.593, 137
Trd, 4318836.843, 120
Trd, 4318836.893, 80
Trd, 4318838.793, 139
Trd, 4318840.293, 120
Trd, 4318841.343, 140
Trd, 4318841.393, 79
Trd, 4318841.693, 63
Trd, 4318842.943, 60
Trd, 4318843.543, 61
Trd, 4318844.293, 65
Trd, 4318844.743, 61
Trd, 4318845.543, 61
Trd, 4318845.893, 66
Trd, 4318846.443, 138
Trd, 4318847.543, 101
Trd, 4318848.343, 126
Trd, 4318848.443, 125
Trd, 4318848.893, 140
Trd, 4318849.393, 106
Trd, 4318849.593, 89
Trd, 4318850.443, 97
Trd, 4318850.993, 114
Trd, 4318852.093, 135
Trd, 4318852.893, 120
Trd, 4318853.893, 138
Trd, 4318853.943, 119
Trd, 4318855.543, 129
Trd, 4318856.093, 130
Trd, 4318856.193, 123
Trd, 4318856.843, 97
Trd, 4318857.093, 131
Trd, 4318858.043, 91
Trd, 4318858.443, 139
Trd, 4318859.493, 60
Trd, 4318860.093, 92
Trd, 4318860.893, 139
Trd, 4318862.293, 109
Trd, 4318862.443, 101
Trd, 4318862.843, 90
Trd, 4318862.943, 60
Trd, 4318864.093, 127
Trd, 4318864.143, 119
Trd, 4318864.993, 139
Trd, 4318866.443, 88
Trd, 4318866.643, 94
Trd, 4318866.743, 101
Trd, 4318867.493, 139
Trd, 4318868.243, 111
Trd, 4318869.393, 139
Trd, 4318869.893, 140
Trd, 4318870.143, 129
Trd, 4318870.243, 116
Trd, 4318870.543, 88
Trd, 4318871.693, 137
Trd, 4318872.543, 139
Trd, 4318872.593, 129
Trd, 4318873.393, 71
Trd, 4318873.643, 66
Trd, 4318873.943, 102
Trd, 4318874.443, 72
Trd, 4318875.243, 135
Trd, 4318875.743, 140
Trd, 4318876.693, 98
Trd, 4318876.993, 70
Trd, 4318878.243, 61
Trd, 4318878.843, 65
Trd, 4318879.193, 118
Trd, 4318879.843, 60
Trd, 4318880.243, 60
Trd, 4318880.893, 60
Trd, 4318881.193, 61
Trd, 4318883.093, 62
Trd, 4318883.793, 101
Trd, 4318883.893, 96
Trd, 4318884.143, 136
Trd, 4318885.593, 88
Trd, 4318886.143, 95
Trd, 4318886.643, 68
Trd, 4318887.543, 139
Trd, 4318887.693, 137
Trd, 4318888.043, 139
Trd, 4318888.643, 92
Trd, 4318890.043, 136
Trd, 4318890.443, 84
Trd, 4318891.243, 87
Trd, 4318891.893, 139
Trd, 4318892.393, 122
Trd, 4318894.893, 140
Trd, 4318895.793, 140
Trd, 4318896.043, 139
Trd, 4318896.393, 80
Trd, 4318896.493, 63
Trd, 4318896.893, 139
Trd, 4318896.943, 117
Trd, 4318897.693, 81
Trd, 4318898.543, 140
Trd, 4318899.093, 110
Trd, 4318899.693, 136
Trd, 4318900.443, 127
Trd, 4318900.643, 109
Trd, 4318901.293, 119
Trd, 4318901.493, 107
Trd, 4318902.743, 140
Trd, 4318903.343, 82
Trd, 4318903.443, 69
Trd, 4318904.993, 63
Trd, 4318905.243, 61
Trd, 4318905.393, 65
Trd, 4318906.443, 60
Trd, 4318907.043, 61
Trd, 4318907.643, 63
Trd, 4318907.793, 62
Trd, 4318908.693, 67
Trd, 4318909.093, 139
Trd, 4318909.393, 72
Trd, 4318910.543, 97
Trd, 4318910.743, 73
Trd, 4318911.343, 84
Trd, 4318911.643, 60
Trd, 4318913.943, 140
Trd, 4318914.193, 140
Trd, 4318914.643, 140
Trd, 4318915.243, 128
Trd, 4318915.343, 140
Trd, 4318917.293, 139
Trd, 4318917.393, 139
Trd, 4318917.643, 81
Trd, 4318919.243, 127
Trd, 4318919.493, 91
Trd, 4318920.093, 103
Trd, 4318920.343, 70
Trd, 4318920.743, 63
Trd, 4318920.843, 63
Trd, 4318922.243, 139
Trd, 4318922.343, 118
Trd, 4318922.543, 87
Trd, 4318922.893, 82
Trd, 4318924.443, 113
Trd, 4318924.743, 104
Trd, 4318926.693, 62
Trd, 4318926.843, 65
Trd, 4318927.843, 139
Trd, 4318928.543, 125
Trd, 4318929.643, 140
Trd, 4318930.693, 140
Trd, 4318930.993, 75
Trd, 4318931.243, 60
Trd, 4318931.993, 119
Trd, 4318933.343, 140
Trd, 4318935.643, 140
Trd, 4318935.943, 137
Trd, 4318936.343, 115
Trd, 4318936.843, 108
Trd, 4318937.443, 60
Trd, 4318938.093, 60
Trd, 4318938.693, 133
Trd, 4318939.093, 138
Trd, 4318939.943, 139
Trd, 4318941.293, 131
Trd, 4318941.393, 87
Trd, 4318941.843, 60
Trd, 4318942.393, 60
Trd, 4318942.843, 126
Trd, 4318944.093, 64
Trd, 4318944.293, 68
Trd, 4318945.693, 140
Trd, 4318947.393, 140
Trd, 4318947.443, 138
Trd, 4318948.043, 119
Trd, 4318948.193, 99
Trd, 4318949.693, 139
Trd, 4318949.943, 108
Trd, 4318950.493, 125
Trd, 4318951.093, 112
Trd, 4318951.643, 61
Trd, 4318952.493, 60
Trd, 4318953.193, 62
Trd, 4318953.293, 73
Trd, 4318953.843, 119
Trd, 4318954.293, 117
Trd, 4318955.093, 140
Trd, 4318956.143, 63
Trd, 4318956.743, 64
Trd, 4318957.343, 63
Trd, 4318958.493, 131
Trd, 4318958.793, 85
Trd, 4318959.043, 79
Trd, 4318960.543, 60
Trd, 4318961.693, 61
Trd, 4318961.843, 62
Trd, 4318962.193, 62
Trd, 4318962.943, 70
Trd, 4318963.593, 62
Trd, 4318964.043, 60
Trd, 4318964.993, 63
Trd, 4318965.593, 62
Trd, 4318965.843, 65
Trd, 4318967.993, 61
Trd, 4318968.243, 60
Trd, 4318968.343, 60
Trd, 4318969.443, 62
Trd, 4318969.543, 103
Trd, 4318970.493, 60
Trd, 4318970.593, 62
Trd, 4318970.793, 67
Trd, 4318971.543, 66
Trd, 4318972.343, 64
Trd, 4318972.693, 64
Trd, 4318973.893, 62
Trd, 4318974.443, 91
Trd, 4318974.943, 64
Trd, 4318975.143, 103
Trd, 4318975.193, 102
Trd, 4318975.693, 78
Trd, 4318976.043, 77
Trd, 4318976.743, 64
Trd, 4318977.493, 61
Trd, 4318978.543, 60
Trd, 4318978.793, 62
Trd, 4318979.293, 62
Trd, 4318979.693, 62
Trd, 4318979.843, 68
Trd, 4318980.743, 108
Trd, 4318981.343, 139
Trd, 4318981.693, 137
Trd, 4318981.993, 118
Trd, 4318982.593, 60
Trd, 4318984.643, 62
Trd, 4318984.893, 63
Trd, 4318984.943, 67
Trd, 4318985.293, 67
Trd, 4318985.793, 62
Trd, 4318986.693, 119
Trd, 4318986.743, 118
Trd, 4318987.943, 72
Trd, 4318988.543, 64
Trd, 4318988.843, 65
Trd, 4318989.743, 85
Trd, 4318990.193, 124
Trd, 4318991.643, 140
Trd, 4318991.693, 117
Trd, 4318992.143, 113
Trd, 4318993.893, 140
Trd, 4318994.393, 130
Trd, 4318994.443, 128
Trd, 4318995.593, 140
Trd, 4318995.893, 140
Trd, 4318997.243, 136
Trd, 4318997.293, 132
Trd, 4318998.093, 117
Trd, 4318998.193, 97
Trd, 4318998.893, 140
Trd, 4318999.843, 140
Trd, 4319000.543, 140
Trd, 4319001.093, 135
Trd, 4319002.393, 140
Trd, 4319002.693, 139
Trd, 4319004.043, 140
Trd, 4319004.343, 136
Trd, 4319005.243, 90
Trd, 4319006.193, 99
Trd, 4319006.493, 73
Trd, 4319007.093, 118
Trd, 4319007.493, 86
Trd, 4319007.643, 108
Trd, 4319007.943, 61
Trd, 4319010.043, 140
Trd, 4319010.293, 140
Trd, 4319010.393, 125
Trd, 4319011.193, 132
Trd, 4319011.643, 107
Trd, 4319011.793, 105
Trd, 4319012.693, 108
Trd, 4319014.243, 61
Trd, 4319014.543, 64
Trd, 4319015.243, 60
Trd, 4319015.393, 140
Trd, 4319015.643, 139
Trd, 4319016.493, 130
Trd, 4319017.893, 64
Trd, 4319018.393, 61
Trd, 4319018.543, 98
Trd, 4319019.293, 140
Trd, 4319020.743, 60
Trd, 4319021.293, 61
Trd, 4319021.343, 62
Trd, 4319021.843, 63
Trd, 4319022.193, 67
Trd, 4319023.593, 136
Trd, 4319024.293, 139
Trd, 4319025.093, 140
Trd, 4319025.193, 136
Trd, 4319025.693, 129
Trd, 4319026.193, 138
Trd, 4319026.243, 136
Trd, 4319026.693, 108
Trd, 4319029.093, 140
Trd, 4319029.343, 134
Trd, 4319029.643, 120
Trd, 4319029.793, 118
Trd, 4319030.193, 93
Trd, 4319030.943, 62
Trd, 4319031.543, 60
Trd, 4319032.043, 139
Trd, 4319032.393, 122
Trd, 4319033.243, 136
Trd, 4319034.493, 140
Trd, 4319034.643, 138
Trd, 4319034.943, 110
Trd, 4319035.293, 84
Trd, 4319036.143, 79
Trd, 4319036.893, 67
Trd, 4319037.393, 107
Trd, 4319038.043, 131
Trd, 4319038.843, 132
Trd, 4319039.193, 130
Trd, 4319039.843, 113
Trd, 4319040.743, 97
Trd, 4319041.543, 140
Trd, 4319041.943, 139
Trd, 4319042.143, 114
Trd, 4319043.143, 115
Trd, 4319043.243, 99
Trd, 4319044.593, 140
Trd, 4319045.093, 139
Trd, 4319045.643, 116
Trd, 4319045.993, 89
Trd, 4319046.793, 89
Trd, 4319047.243, 126
Trd, 4319048.343, 74
Trd, 4319048.643, 61
Trd, 4319049.143, 139
Trd, 4319049.743, 138
Trd, 4319050.143, 134
Trd, 4319051.143, 81
Trd, 4319051.543, 89
Trd, 4319053.343, 140
Trd, 4319053.843, 91
Trd, 4319053.943, 70
Trd, 4319054.293, 113
Trd, 4319055.093, 60
Trd, 4319055.343, 65
Trd, 4319056.343, 140
Trd, 4319057.993, 140
Trd, 4319058.843, 109
Trd, 4319060.143, 115
Trd, 4319060.193, 122
Trd, 4319060.393, 70
Trd, 4319060.643, 60
Trd, 4319061.793, 110
Trd, 4319062.443, 140
Trd, 4319062.593, 140
Trd, 4319062.693, 140
Trd, 4319063.193, 63
Trd, 4319063.393, 95
Trd, 4319064.893, 60
Trd, 4319064.943, 65
Trd, 4319065.193, 75
Trd, 4319066.043, 106
Trd, 4319066.293, 139
Trd, 4319067.343, 63
Trd, 4319069.493, 60
Trd, 4319069.543, 62
Trd, 4319069.693, 75
Trd, 4319069.993, 72
Trd, 4319070.943, 139
Trd, 4319071.093, 90
Trd, 4319071.543, 82
Trd, 4319071.943, 105
Trd, 4319073.343, 140
Trd, 4319073.393, 125
Trd, 4319073.743, 114
Trd, 4319074.043, 66
Trd, 4319074.993, 140
Trd, 4319075.243, 93
Trd, 4319075.793, 84
Trd, 4319076.243, 135
Trd, 4319076.743, 60
Trd, 4319077.343, 61
Trd, 4319078.043, 109
Trd, 4319079.143, 89
Trd, 4319079.793, 78
Trd, 4319080.593, 129
Trd, 4319080.843, 77
Trd, 4319081.443, 83
Trd, 4319082.993, 140
Trd, 4319083.493, 90
Trd, 4319084.293, 140
Trd, 4319084.543, 140
Trd, 4319085.393, 117
Trd, 4319086.543, 115
Trd, 4319087.243, 137
Trd, 4319087.343, 103
Trd, 4319087.443, 66
Trd, 4319087.943, 64
Trd, 4319088.993, 73
Trd, 4319089.293, 68
Trd, 4319089.593, 79
Trd, 4319089.943, 140
Trd, 4319091.143, 99
Trd, 4319092.143, 116
Trd, 4319092.343, 110
Trd, 4319093.293, 84
Trd, 4319094.043, 72
Trd, 4319094.193, 62
Trd, 4319094.743, 83
Trd, 4319094.793, 82
Trd, 4319096.443, 61
Trd, 4319096.693, 61
Trd, 4319096.943, 69
Trd, 4319097.393, 140
Trd, 4319097.743, 140
Trd, 4319098.493, 96
Trd, 4319099.143, 60
Trd, 4319099.193, 87
Trd, 4319100.193, 62
Trd, 4319100.643, 113
Trd, 4319100.793, 115
Trd, 4319102.093, 69
Trd, 4319102.843, 63
Trd, 4319103.693, 83
Trd, 4319104.843, 60
Trd, 4319104.993, 60
Trd, 4319106.693, 61
Trd, 4319108.443, 64
Trd, 4319108.693, 66
Trd, 4319108.943, 60
Trd, 4319109.493, 62
Trd, 4319109.943, 61
Trd, 4319110.493, 61
Trd, 4319111.243, 62
Trd, 4319111.293, 64
Trd, 4319112.143, 64
Trd, 4319112.743, 60
Trd, 4319112.843, 62
Trd, 4319113.593, 66
Trd, 4319114.143, 63
Trd, 4319114.793, 101
Trd, 4319115.743, 127
Trd, 4319115.943, 65
Trd, 4319116.543, 140
Trd, 4319117.043, 107
Trd, 4319117.193, 129
Trd, 4319118.243, 73
Trd, 4319118.493, 66
Trd, 4319119.193, 60
Trd, 4319119.693, 131
Trd, 4319120.843, 67
Trd, 4319121.693, 136
Trd, 4319123.043, 78
Trd, 4319124.043, 140
Trd, 4319124.443, 140
Trd, 4319124.943, 134
Trd, 4319125.093, 63
Trd, 4319125.893, 62
Trd, 4319126.093, 63
Trd, 4319126.193, 84
Trd, 4319127.343, 120
Trd, 4319127.893, 137
Trd, 4319128.393, 115
Trd, 4319129.443, 134
Trd, 4319129.993, 77
Trd, 4319130.643, 135
Trd, 4319130.743, 127
Trd, 4319130.993, 72
Trd, 4319131.993, 87
Trd, 4319133.843, 140
Trd, 4319133.893, 139
Trd, 4319134.093, 119
Trd, 4319134.343, 110
Trd, 4319134.543, 76
Trd, 4319136.393, 62
Trd, 4319136.593, 63
Trd, 4319137.593, 60
Trd, 4319137.693, 66
Trd, 4319138.293, 60
Trd, 4319138.693, 136
Trd, 4319139.693, 89
Trd, 4319140.543, 116
Trd, 4319140.593, 131
Trd, 4319141.793, 140
Trd, 4319142.143, 138
Trd, 4319143.043, 125
Trd, 4319143.243, 124
Trd, 4319144.293, 102
Trd, 4319144.693, 85
Trd, 4319145.343, 100
Trd, 4319145.643, 125
Trd, 4319146.143, 71
Trd, 4319146.193, 65
Trd, 4319147.043, 128
Trd, 4319148.143, 140
Trd, 4319148.293, 126
Trd, 4319149.693, 140
Trd, 4319151.093, 134
Trd, 4319151.743, 140
Trd, 4319152.593, 138
Trd, 4319152.643, 103
Trd, 4319152.843, 102
Trd, 4319153.193, 133
Trd, 4319153.393, 114
Trd, 4319154.393, 116
Trd, 4319154.793, 115
Trd, 4319155.593, 130
Trd, 4319156.143, 129
Trd, 4319156.293, 103
Trd, 4319157.293, 138
Trd, 4319157.443, 112
Trd, 4319157.943, 121
Trd, 4319159.243, 135
Trd, 4319159.293, 134
Trd, 4319161.443, 90
Trd, 4319162.043, 67
Trd, 4319162.343, 123
Trd, 4319162.743, 131
Trd, 4319163.443, 140
Trd, 4319164.093, 60
Trd, 4319164.143, 62
Trd, 4319164.443, 124
Trd, 4319165.993, 60
Trd, 4319166.443, 62
Trd, 4319166.593, 61
Trd, 4319166.943, 63
Trd, 4319167.593, 73
Trd, 4319167.893, 118
Trd, 4319169.143, 112
Trd, 4319169.793, 102
Trd, 4319170.693, 61
Trd, 4319171.693, 132
Trd, 4319172.143, 140
Trd, 4319172.193, 140
Trd, 4319172.593, 120
Trd, 4319173.193, 63
Trd, 4319174.093, 126
Trd, 4319174.743, 124
Trd, 4319175.543, 122
Trd, 4319175.893, 135
Trd, 4319176.593, 90
Trd, 4319177.193, 121
Trd, 4319177.743, 89
Trd, 4319178.393, 138
Trd, 4319178.893, 116
Trd, 4319179.493, 65
Trd, 4319179.943, 140
Trd, 4319180.343, 100
Trd, 4319181.293, 140
Trd, 4319181.543, 68
Trd, 4319182.243, 65
Trd, 4319183.193, 140
Trd, 4319184.243, 140
Trd, 4319185.543, 128
Trd, 4319186.343, 138
Trd, 4319186.543, 125
Trd, 4319186.643, 104
Trd, 4319187.543, 139
Trd, 4319187.843, 126
Trd, 4319188.543, 80
Trd, 4319189.493, 61
Trd, 4319189.693, 62
Trd, 4319191.043, 136
Trd, 4319191.843, 130
Trd, 4319192.193, 94
Trd, 4319193.243, 70
Trd, 4319193.343, 67
Trd, 4319193.893, 64
Trd, 4319194.743, 138
Trd, 4319195.143, 114
Trd, 4319197.243, 118
Trd, 4319197.593, 108
Trd, 4319198.093, 90
Trd, 4319198.143, 82
Trd, 4319199.293, 97
Trd, 4319199.643, 83
Trd, 4319199.943, 68
Trd, 4319200.143, 67
Trd, 4319202.043, 138
Trd, 4319202.443, 123
Trd, 4319202.593, 139
Trd, 4319202.643, 106
Trd, 4319203.893, 61
Trd, 4319204.343, 60
Trd, 4319205.193, 61
Trd, 4319205.893, 140
Trd, 4319206.943, 140
Trd, 4319207.243, 124
Trd, 4319207.543, 66
Trd, 4319208.043, 129
Trd, 4319208.243, 81
Trd, 4319209.443, 61
Trd, 4319209.793, 60
Trd, 4319210.793, 64
Trd, 4319211.443, 65
Trd, 4319212.143, 64
Trd, 4319212.993, 67
Trd, 4319213.243, 140
Trd, 4319213.393, 71
Trd, 4319214.343, 106
Trd, 4319215.193, 61
Trd, 4319216.093, 60
Trd, 4319216.743, 63
Trd, 4319218.793, 140
Trd, 4319218.993, 115
Trd, 4319219.793, 65
Trd, 4319219.943, 60
Trd, 4319220.443, 140
Trd, 4319220.643, 87
Trd, 4319221.993, 62
Trd, 4319222.143, 64
Trd, 4319222.443, 110
Trd, 4319223.093, 140
Trd, 4319223.643, 140
Trd, 4319223.893, 94
Trd, 4319224.293, 140
Trd, 4319225.443, 121
Trd, 4319226.293, 68
Trd, 4319227.493, 61
Trd, 4319228.593, 63
Trd, 4319228.843, 63
Trd, 4319229.043, 63
Trd, 4319229.393, 71
Trd, 4319230.143, 140
Trd, 4319230.843, 138
Trd, 4319232.043, 118
Trd, 4319232.243, 114
Trd, 4319232.943, 135
Trd, 4319233.643, 132
Trd, 4319233.793, 129
Trd, 4319234.043, 106
Trd, 4319234.593, 106
Trd, 4319235.043, 91
Trd, 4319235.843, 94
Trd, 4319237.243, 140
Trd, 4319237.393, 139
Trd, 4319238.093, 98
Trd, 4319238.243, 92
Trd, 4319238.443, 119
Trd, 4319240.543, 135
Trd, 4319240.743, 133
Trd, 4319241.143, 91
Trd, 4319241.343, 75
Trd, 4319242.643, 60
Trd, 4319243.143, 129
Trd, 4319243.793, 69
Trd, 4319244.293, 60
Trd, 4319245.243, 63
Trd, 4319245.343, 64
Trd, 4319246.393, 102
Trd, 4319246.893, 60
Trd, 4319247.093, 60
Trd, 4319247.893, 64
Trd, 4319248.343, 109
Trd, 4319249.043, 60
Trd, 4319249.243, 62
Trd, 4319249.793, 114
Trd, 4319250.543, 140
Trd, 4319251.193, 140
Trd, 4319253.043, 121
Trd, 4319253.343, 97
Trd, 4319255.493, 140
Trd, 4319255.543, 140
Trd, 4319255.593, 139
Trd, 4319256.243, 123
Trd, 4319256.593, 85
Trd, 4319256.843, 85
Trd, 4319257.393, 78
Trd, 4319258.543, 60
Trd, 4319258.643, 61
Trd, 4319259.343, 60
Trd, 4319259.693, 118
Trd, 4319260.143, 64
Trd, 4319260.193, 126
Trd, 4319261.543, 62
Trd, 4319261.593, 63
Trd, 4319262.543, 63
Trd, 4319262.793, 62
Trd, 4319263.143, 81
Trd, 4319263.893, 60
Trd, 4319264.943, 62
Trd, 4319265.943, 61
Trd, 4319266.243, 135
Trd, 4319266.943, 140
Trd, 4319267.393, 138
Trd, 4319268.093, 102
Trd, 4319268.993, 124
Trd, 4319269.193, 87
Trd, 4319270.243, 140
Trd, 4319270.393, 139
Trd, 4319270.543, 96
Trd, 4319272.043, 95
Trd, 4319273.093, 99
Trd, 4319273.693, 124
Trd, 4319273.843, 91
Trd, 4319274.343, 65
Trd, 4319275.243, 139
Trd, 4319276.643, 140
Trd, 4319276.693, 112
Trd, 4319277.243, 128
Trd, 4319278.143, 61
Trd, 4319279.693, 140
Trd, 4319279.943, 125
Trd, 4319279.993, 91
Trd, 4319280.193, 71
Trd, 4319281.243, 139
Trd, 4319281.843, 104
Trd, 4319283.043, 140
Trd, 4319283.343, 74
Trd, 4319284.593, 60
Trd, 4319285.943, 60
Trd, 4319286.293, 60
Trd, 4319286.743, 62
Trd, 4319287.693, 63
Trd, 4319288.293, 67
Trd, 4319288.443, 62
Trd, 4319288.693, 63
Trd, 4319289.043, 65
Trd, 4319290.343, 60
Trd, 4319290.843, 106
Trd, 4319291.143, 72
Trd, 4319291.893, 63
Trd, 4319292.493, 140
Trd, 4319293.493, 104
Trd, 4319293.643, 64
Trd, 4319293.893, 88
Trd, 4319295.043, 63
Trd, 4319295.643, 138
Trd, 4319296.093, 83
Trd, 4319297.293, 102
Trd, 4319297.493, 114
Trd, 4319298.043, 125
Trd, 4319298.493, 132
Trd, 4319299.543, 117
Trd, 4319300.043, 113
Trd, 4319300.493, 64
Trd, 4319301.093, 61
Trd, 4319301.393, 60
Trd, 4319301.743, 140
Trd, 4319303.193, 66
Trd, 4319304.093, 60
Trd, 4319304.143, 63
Trd, 4319305.243, 139
Trd, 4319305.393, 80
Trd, 4319307.143, 63
Trd, 4319307.593, 61
Trd, 4319307.643, 65
Trd, 4319307.743, 70
Trd, 4319308.493, 88
Trd, 4319309.143, 61
Trd, 4319309.243, 61
Trd, 4319310.443, 60
Trd, 4319311.543, 61
Trd, 4319312.043, 63
Trd, 4319312.443, 64
Trd, 4319312.943, 63
Trd, 4319314.043, 140
Trd, 4319314.143, 138
Trd, 4319314.193, 125
Trd, 4319315.043, 139
Trd, 4319315.893, 65
Trd, 4319316.343, 131
Trd, 4319317.343, 104
Trd, 4319317.593, 103
Trd, 4319318.893, 138
Trd, 4319318.993, 127
Trd, 4319320.293, 60
Trd, 4319320.793, 60
Trd, 4319321.793, 62
Trd, 4319322.193, 138
Trd, 4319323.293, 140
Trd, 4319323.393, 140
Trd, 4319323.793, 120
Trd, 4319324.443, 123
Trd, 4319324.843, 136
Trd, 4319324.943, 98
Trd, 4319325.993, 62
Trd, 4319326.793, 73
Trd, 4319327.593, 61
Trd, 4319327.793, 74
Trd, 4319328.593, 72
Trd, 4319329.793, 66
Trd, 4319330.043, 63
Trd, 4319331.093, 80
Trd, 4319331.393, 90
Trd, 4319331.643, 82
Trd, 4319332.243, 115
Trd, 4319332.693, 115
Trd, 4319333.493, 140
Trd, 4319334.243, 115
Trd, 4319334.443, 139
Trd, 4319334.743, 114
Trd, 4319335.293, 128
Trd, 4319336.293, 140
Trd, 4319336.643, 91
Trd, 4319337.143, 81
Trd, 4319337.493, 140
Trd, 4319339.193, 140
Trd, 4319339.743, 139
Trd, 4319340.893, 137
Trd, 4319341.793, 133
Trd, 4319342.043, 101
Trd, 4319342.743, 100
Trd, 4319342.993, 60
Trd, 4319343.493, 140
Trd, 4319344.343, 98
Trd, 4319344.393, 81
Trd, 4319344.743, 132
Trd, 4319345.143, 67
Trd, 4319346.043, 137
Trd, 4319346.943, 140
Trd, 4319347.343, 111
Trd, 4319347.593, 88
Trd, 4319348.643, 136
Trd, 4319349.043, 87
Trd, 4319349.543, 101
Trd, 4319349.943, 79
Trd, 4319350.243, 71
Trd, 4319350.593, 61
Trd, 4319352.943, 140
Trd, 4319353.543, 140
Trd, 4319353.593, 139
Trd, 4319354.093, 60
Trd, 4319354.393, 66
Trd, 4319354.893, 66
Trd, 4319356.943, 138
Trd, 4319357.243, 107
Trd, 4319357.593, 133
Trd, 4319357.943, 105
Trd, 4319360.543, 81
Trd, 4319361.243, 138
Trd, 4319361.493, 137
Trd, 4319362.093, 93
Trd, 4319362.493, 67
Trd, 4319363.093, 65
Trd, 4319363.193, 67
Trd, 4319363.543, 101
Trd, 4319364.343, 62
Trd, 4319365.093, 62
Trd, 4319365.993, 63
Trd, 4319366.593, 64
Trd, 4319366.993, 61
Trd, 4319367.243, 134
Trd, 4319367.293, 82
Trd, 4319369.393, 140
Trd, 4319369.493, 136
Trd, 4319370.043, 136
Trd, 4319370.193, 103
Trd, 4319370.443, 89
Trd, 4319371.993, 140
Trd, 4319372.193, 131
Trd, 4319372.743, 133
Trd, 4319373.293, 96
Trd, 4319374.643, 140
Trd, 4319375.193, 140
Trd, 4319375.893, 61
Trd, 4319375.943, 65
Trd, 4319376.843, 114
Trd, 4319377.693, 65
Trd, 4319377.993, 63
Trd, 4319378.293, 60
Trd, 4319378.943, 133
Trd, 4319379.643, 127
Trd, 4319379.843, 123
Trd, 4319380.843, 140
Trd, 4319381.493, 137
Trd, 4319382.143, 136
Trd, 4319383.093, 130
Trd, 4319383.143, 110
Trd, 4319383.393, 138
Trd, 4319384.943, 118
Trd, 4319385.043, 108
Trd, 4319385.843, 131
Trd, 4319386.193, 130
Trd, 4319386.843, 122
Trd, 4319386.943, 78
Trd, 4319387.493, 122
Trd, 4319389.493, 136
Trd, 4319390.293, 140
Trd, 4319391.593, 122
Trd, 4319391.643, 92
Trd, 4319391.693, 75
Trd, 4319392.493, 119
Trd, 4319392.843, 66
Trd, 4319393.243, 122
Trd, 4319393.743, 140
Trd, 4319394.093, 135
Trd, 4319394.993, 139
Trd, 4319395.543, 139
Trd, 4319395.743, 139
Trd, 4319398.143, 125
Trd, 4319398.743, 137
Trd, 4319398.793, 92
Trd, 4319399.743, 86
Trd, 4319400.093, 66
Trd, 4319401.093, 120
Trd, 4319401.793, 139
Trd, 4319402.043, 105
Trd, 4319402.143, 69
Trd, 4319402.743, 65
Trd, 4319402.993, 60
Trd, 4319403.943, 67
Trd, 4319404.293, 93
Trd, 4319405.393, 64
Trd, 4319406.443, 61
Trd, 4319406.593, 61
Trd, 4319407.043, 62
Trd, 4319407.693, 80
Trd, 4319407.843, 81
Trd, 4319408.893, 107
Trd, 4319409.343, 63
Trd, 4319409.743, 140
Trd, 4319410.643, 60
Trd, 4319410.693, 60
Trd, 4319411.343, 140
Trd, 4319414.043, 60
Trd, 4319414.343, 60
Trd, 4319414.443, 63
Trd, 4319414.693, 63
Trd, 4319415.343, 63
Trd, 4319415.743, 63
Trd, 4319417.543, 60
Trd, 4319418.493, 60
Trd, 4319419.343, 60
Trd, 4319419.643, 61
Trd, 4319419.693, 61
Trd, 4319420.193, 60
Trd, 4319420.393, 94
Trd, 4319421.293, 71
Trd, 4319421.493, 60
Trd, 4319422.443, 122
Trd, 4319422.943, 120
Trd, 4319423.193, 101
Trd, 4319423.943, 62
Trd, 4319424.193, 133
Trd, 4319425.843, 64
Trd, 4319426.443, 65
Trd, 4319427.793, 61
Trd, 4319428.393, 63
Trd, 4319428.493, 64
Trd, 4319428.543, 65
Trd, 4319429.843, 138
Trd, 4319429.893, 119
Trd, 4319430.593, 131
Trd, 4319430.793, 78
Trd, 4319431.143, 67
Trd, 4319431.793, 64
Trd, 4319431.993, 82
Trd, 4319433.243, 61
Trd, 4319434.043, 63
Trd, 4319436.243, 60
Trd, 4319436.393, 63
Trd, 4319436.993, 74
Trd, 4319437.293, 64
Trd, 4319438.743, 61
Trd, 4319438.943, 63
Trd, 4319438.993, 63
Trd, 4319439.943, 62
Trd, 4319440.393, 131
Trd, 4319441.243, 72
Trd, 4319441.893, 69
Trd, 4319442.593, 62
Trd, 4319444.143, 140
Trd, 4319444.693, 140
Trd, 4319444.843, 140
Trd, 4319444.893, 137
Trd, 4319445.193, 120
Trd, 4319446.593, 60
Trd, 4319447.893, 140
Trd, 4319448.693, 138
Trd, 4319448.743, 112
Trd, 4319450.193, 140
Trd, 4319450.393, 125
Trd, 4319450.793, 88
Trd, 4319451.743, 107
Trd, 4319452.693, 139
Trd, 4319453.443, 139
Trd, 4319453.893, 138
Trd, 4319454.443, 108
Trd, 4319454.993, 140
Trd, 4319455.493, 129
Trd, 4319456.093, 135
Trd, 4319457.493, 120
Trd, 4319457.643, 94
Trd, 4319457.893, 139
Trd, 4319458.443, 138
Trd, 4319460.243, 140
Trd, 4319460.443, 139
Trd, 4319461.193, 140
Trd, 4319461.293, 138
Trd, 4319461.893, 64
Trd, 4319462.493, 70
Trd, 4319463.243, 61
Trd, 4319463.543, 71
Trd, 4319464.043, 62
Trd, 4319465.443, 71
Trd, 4319466.643, 117
Trd, 4319466.693, 89
Trd, 4319467.693, 136
Trd, 4319468.543, 129
Trd, 4319469.593, 140
Trd, 4319470.543, 140
Trd, 4319470.743, 116
Trd, 4319471.493, 138
Trd, 4319471.543, 97
Trd, 4319471.793, 98
Trd, 4319472.843, 139
Trd, 4319473.293, 96
Trd, 4319473.493, 60
Trd, 4319474.493, 62
Trd, 4319474.993, 140
Trd, 4319475.143, 130
Trd, 4319476.193, 120
Trd, 4319476.793, 93
Trd, 4319477.843, 140
Trd, 4319477.993, 128
Trd, 4319478.393, 65
Trd, 4319478.543, 65
Trd, 4319479.393, 106
Trd, 4319479.993, 115
Trd, 4319481.543, 140
Trd, 4319481.843, 126
Trd, 4319483.293, 131
Trd, 4319483.543, 130
Trd, 4319484.643, 140
Trd, 4319485.043, 138
Trd, 4319485.093, 134
Trd, 4319485.143, 121
Trd, 4319485.393, 138
Trd, 4319486.843, 72
Trd, 4319487.243, 61
Trd, 4319487.643, 66
Trd, 4319489.243, 60
Trd, 4319489.593, 63
Trd, 4319489.893, 60
Trd, 4319490.493, 140
Trd, 4319491.193, 140
Trd, 4319491.993, 139
Trd, 4319492.843, 76
Trd, 4319493.343, 112
Trd, 4319493.893, 129
Trd, 4319494.043, 61
Trd, 4319494.793, 104
Trd, 4319495.093, 103
Trd, 4319495.743, 140
Trd, 4319496.143, 79
Trd, 4319496.543, 66
Trd, 4319498.143, 98
Trd, 4319498.793, 125
Trd, 4319499.143, 110
Trd, 4319499.193, 97
Trd, 4319500.493, 140
Trd, 4319501.293, 137
Trd, 4319501.443, 69
Trd, 4319501.793, 96
Trd, 4319502.543, 69
Trd, 4319503.843, 77
Trd, 4319503.993, 61
Trd, 4319505.293, 140
Trd, 4319505.343, 140
Trd, 4319505.643, 140
Trd, 4319505.993, 85
Trd, 4319506.693, 60
Trd, 4319507.193, 76
Trd, 4319507.293, 69
Trd, 4319508.993, 60
Trd, 4319509.843, 62
Trd, 4319510.093, 66
Trd, 4319510.443, 64
Trd, 4319510.543, 92
Trd, 4319511.093, 65
Trd, 4319511.293, 63
Trd, 4319512.593, 60
Trd, 4319512.843, 61
Trd, 4319514.243, 60
Trd, 4319514.643, 66
Trd, 4319515.593, 60
Trd, 4319515.693, 60
Trd, 4319515.993, 65
Trd, 4319516.393, 66
Trd, 4319516.593, 68
Trd, 4319518.043, 62
Trd, 4319518.243, 118
Trd, 4319518.593, 117
Trd, 4319518.843, 120
Trd, 4319520.143, 63
Trd, 4319521.593, 137
Trd, 4319521.843, 105
Trd, 4319523.743, 60
Trd, 4319524.343, 60
Trd, 4319524.593, 61
Trd, 4319524.993, 71
Trd, 4319525.693, 60
Trd, 4319526.393, 63
Trd, 4319526.993, 73
Trd, 4319527.543, 89
Trd, 4319528.043, 60
Trd, 4319528.643, 62
Trd, 4319529.093, 60
Trd, 4319529.693, 62
Trd, 4319529.993, 89
Trd, 4319530.943, 60
Trd, 4319531.193, 140
Trd, 4319531.743, 60
Trd, 4319532.393, 61
Trd, 4319533.493, 127
Trd, 4319534.493, 100
Trd, 4319535.793, 61
Trd, 4319536.543, 60
Trd, 4319536.793, 64
Trd, 4319537.843, 65
Trd, 4319537.993, 71
Trd, 4319539.693, 60
Trd, 4319539.943, 62
Trd, 4319540.543, 118
Trd, 4319540.593, 117
Trd, 4319541.093, 139
Trd, 4319541.443, 104
Trd, 4319541.693, 86
Trd, 4319543.343, 127
Trd, 4319543.793, 136
Trd, 4319543.993, 140
Trd, 4319544.243, 101
Trd, 4319544.793, 89
Trd, 4319545.393, 140
Trd, 4319545.793, 104
Trd, 4319546.043, 83
Trd, 4319547.793, 63
Trd, 4319548.393, 71
Trd, 4319549.343, 62
Trd, 4319550.393, 62
Trd, 4319551.393, 61
Trd, 4319552.393, 61
Trd, 4319552.593, 62
Trd, 4319552.693, 63
Trd, 4319552.843, 66
Trd, 4319554.343, 61
Trd, 4319554.993, 63
Trd, 4319555.493, 61
Trd, 4319555.643, 64
Trd, 4319555.693, 64
Trd, 4319556.943, 66
Trd, 4319558.143, 60
Trd, 4319558.393, 61
Trd, 4319558.593, 65
Trd, 4319559.393, 85
Trd, 4319560.593, 60
Trd, 4319561.193, 63
Trd, 4319561.293, 72
Trd, 4319562.143, 65
Trd, 4319563.243, 87
Trd, 4319563.593, 85
Trd, 4319564.843, 119
Trd, 4319565.043, 107
Trd, 4319565.443, 91
Trd, 4319566.143, 116
Trd, 4319566.543, 95
Trd, 4319567.443, 139
Trd, 4319568.093, 61
Trd, 4319568.843, 60
Trd, 4319569.193, 123
Trd, 4319570.193, 95
Trd, 4319570.443, 140
Trd, 4319571.493, 139
Trd, 4319572.443, 100
Trd, 4319572.643, 99
Trd, 4319573.093, 82
Trd, 4319573.443, 64
Trd, 4319574.593, 139
Trd, 4319574.893, 62
Trd, 4319575.893, 99
Trd, 4319576.293, 66
Trd, 4319576.543, 65
Trd, 4319577.243, 120
Trd, 4319577.643, 88
Trd, 4319578.043, 140
Trd, 4319578.793, 60
Trd, 4319578.893, 65
Trd, 4319579.993, 140
Trd, 4319580.343, 140
Trd, 4319582.043, 86
Trd, 4319582.343, 64
Trd, 4319583.443, 130
Trd, 4319583.543, 116
Trd, 4319583.843, 140
Trd, 4319584.693, 122
Trd, 4319585.093, 67
Trd, 4319586.793, 140
Trd, 4319587.043, 121
Trd, 4319587.493, 118
Trd, 4319587.843, 65
Trd, 4319588.493, 64
Trd, 4319588.693, 66
Trd, 4319590.143, 60
Trd, 4319591.143, 61
Trd, 4319591.393, 63
Trd, 4319592.293, 61
Trd, 4319592.893, 60
Trd, 4319592.993, 62
Trd, 4319594.543, 60
Trd, 4319594.943, 60
Trd, 4319595.793, 61
Trd, 4319596.043, 63
Trd, 4319596.093, 70
Trd, 4319596.693, 75
Trd, 4319598.643, 60
Trd, 4319598.743, 60
Trd, 4319599.193, 69
Trd, 4319599.543, 107
Trd, 4319599.893, 106
Trd, 4319600.993, 104
Trd, 4319601.543, 68
Trd, 4319602.293, 98
Trd, 4319602.593, 124
Trd, 4319602.993, 140
Trd, 4319603.793, 92
Trd, 4319603.993, 66
Trd, 4319604.643, 88
Trd, 4319605.143, 138
Trd, 4319605.543, 135
Trd, 4319607.393, 139
Trd, 4319607.643, 126
Trd, 4319608.293, 99
Trd, 4319608.493, 95
Trd, 4319608.543, 69
Trd, 4319608.943, 132
Trd, 4319609.543, 139
Trd, 4319610.393, 140
Trd, 4319611.243, 89
Trd, 4319612.443, 136
Trd, 4319612.493, 135
Trd, 4319613.143, 132
Trd, 4319613.593, 89
Trd, 4319614.393, 115
Trd, 4319614.643, 60
Trd, 4319615.293, 60
Trd, 4319616.643, 140
Trd, 4319617.343, 140
Trd, 4319617.943, 139
Trd, 4319618.093, 126
Trd, 4319618.793, 107
Trd, 4319619.043, 139
Trd, 4319619.693, 94
Trd, 4319620.493, 90
Trd, 4319620.893, 65
Trd, 4319621.043, 132
Trd, 4319621.593, 60
Trd, 4319623.093, 78
Trd, 4319624.043, 69
Trd, 4319624.693, 140
Trd, 4319625.193, 128
Trd, 4319625.293, 117
Trd, 4319626.043, 134
Trd, 4319626.443, 86
Trd, 4319626.993, 64
Trd, 4319627.043, 107
Trd, 4319627.493, 61
Trd, 4319627.943, 105
Trd, 4319629.743, 139
Trd, 4319630.793, 136
Trd, 4319632.093, 94
Trd, 4319632.193, 66
Trd, 4319632.243, 68
Trd, 4319632.593, 70
Trd, 4319632.793, 60
Trd, 4319633.493, 112
Trd, 4319634.293, 140
Trd, 4319634.493, 110
Trd, 4319634.793, 80
Trd, 4319635.293, 140
Trd, 4319636.643, 123
Trd, 4319637.043, 80
Trd, 4319637.243, 66
Trd, 4319637.593, 74
Trd, 4319638.893, 62
Trd, 4319638.943, 63
Trd, 4319641.443, 60
Trd, 4319642.493, 61
Trd, 4319642.993, 60
Trd, 4319643.193, 61
Trd, 4319643.393, 67
Trd, 4319644.843, 61
Trd, 4319644.943, 62
Trd, 4319645.093, 63
Trd, 4319646.093, 62
Trd, 4319646.843, 61
Trd, 4319647.043, 69
Trd, 4319647.793, 60
Trd, 4319648.393, 72
Trd, 4319648.693, 60
Trd, 4319649.543, 139
Trd, 4319650.093, 132
Trd, 4319650.993, 140
Trd, 4319651.243, 132
Trd, 4319652.193, 74
Trd, 4319652.643, 83
Trd, 4319652.943, 119
Trd, 4319653.593, 61
Trd, 4319653.743, 66
Trd, 4319654.043, 60
Trd, 4319655.743, 62
Trd, 4319656.093, 64
Trd, 4319656.543, 64
Trd, 4319656.943, 62
Trd, 4319657.443, 63
Trd, 4319657.793, 139
Trd, 4319658.893, 120
Trd, 4319659.843, 140
Trd, 4319660.143, 120
Trd, 4319660.943, 120
Trd, 4319661.793, 62
Trd, 4319662.893, 61
Trd, 4319662.993, 62
Trd, 4319663.543, 70
Trd, 4319664.343, 64
Trd, 4319664.493, 79
Trd, 4319665.443, 64
Trd, 4319666.293, 140
Trd, 4319666.893, 140
Trd, 4319666.943, 91
Trd, 4319667.643, 74
Trd, 4319667.843, 73
Trd, 4319669.043, 126
Trd, 4319669.243, 113
Trd, 4319669.643, 140
Trd, 4319671.143, 136
Trd, 4319671.693, 79
Trd, 4319672.043, 60
Trd, 4319672.743, 60
Trd, 4319673.043, 65
Trd, 4319673.393, 67
Trd, 4319673.793, 73
Trd, 4319675.143, 72
Trd, 4319676.893, 62
Trd, 4319677.393, 65
Trd, 4319677.543, 63
Trd, 4319678.093, 139
Trd, 4319678.293, 89
Trd, 4319679.393, 137
Trd, 4319679.493, 86
Trd, 4319679.743, 73
Trd, 4319679.893, 61
Trd, 4319681.343, 113
Trd, 4319681.943, 112
Trd, 4319682.793, 140
Trd, 4319682.893, 69
Trd, 4319684.143, 140
Trd, 4319684.793, 116
Trd, 4319684.943, 139
Trd, 4319685.793, 60
Trd, 4319686.343, 61
Trd, 4319687.043, 64
Trd, 4319687.643, 136
Trd, 4319688.593, 127
Trd, 4319689.093, 136
Trd, 4319689.743, 127
Trd, 4319690.243, 126
Trd, 4319690.743, 119
Trd, 4319691.593, 139
Trd, 4319692.543, 133
Trd, 4319692.893, 131
Trd, 4319693.743, 139
Trd, 4319694.893, 133
Trd, 4319694.943, 85
Trd, 4319695.493, 86
Trd, 4319696.593, 100
Trd, 4319697.193, 91
Trd, 4319698.193, 140
Trd, 4319698.493, 140
Trd, 4319698.993, 124
Trd, 4319699.843, 129
Trd, 4319700.143, 62
Trd, 4319700.293, 113
Trd, 4319700.393, 61
Trd, 4319700.843, 65
Trd, 4319701.243, 60
Trd, 4319701.543, 64
Trd, 4319703.143, 61
Trd, 4319703.493, 75
Trd, 4319704.593, 139
Trd, 4319704.693, 140
Trd, 4319705.193, 122
Trd, 4319705.243, 74
Trd, 4319706.243, 140
Trd, 4319706.793, 135
Trd, 4319707.043, 128
Trd, 4319707.593, 60
Trd, 4319709.243, 140
Trd, 4319710.143, 130
Trd, 4319711.593, 114
Trd, 4319711.693, 79
Trd, 4319712.243, 91
Trd, 4319713.393, 61
Trd, 4319713.643, 66
Trd, 4319714.393, 66
Trd, 4319714.443, 65
Trd, 4319715.293, 64
Trd, 4319716.743, 86
Trd, 4319716.893, 114
Trd, 4319717.143, 64
Trd, 4319717.743, 112
Trd, 4319719.443, 140
Trd, 4319721.143, 137
Trd, 4319722.093, 140
Trd, 4319722.343, 140
Trd, 4319722.543, 120
Trd, 4319723.193, 137
Trd, 4319724.643, 107
Trd, 4319724.793, 89
Trd, 4319725.143, 140
Trd, 4319725.843, 132
Trd, 4319726.243, 96
Trd, 4319726.543, 63
Trd, 4319726.793, 67
Trd, 4319726.893, 69
Trd, 4319727.993, 92
Trd, 4319728.393, 132
Trd, 4319728.443, 102
Trd, 4319729.393, 64
Trd, 4319729.543, 71
Trd, 4319730.393, 67
Trd, 4319730.593, 66
Trd, 4319731.643, 100
Trd, 4319732.593, 60
Trd, 4319733.393, 91
Trd, 4319733.693, 134
Trd, 4319734.393, 92
Trd, 4319735.293, 139
Trd, 4319735.843, 139
Trd, 4319736.793, 137
Trd, 4319737.243, 118
Trd, 4319737.443, 76
Trd, 4319737.743, 60
Trd, 4319739.093, 137
Trd, 4319739.343, 89
Trd, 4319740.393, 127
Trd, 4319740.643, 140
Trd, 4319741.043, 115
Trd, 4319741.443, 126
Trd, 4319742.843, 69
Trd, 4319743.993, 140
Trd, 4319744.843, 140
Trd, 4319745.593, 72
Trd, 4319746.143, 129
Trd, 4319747.243, 115
Trd, 4319747.293, 114
Trd, 4319747.893, 80
Trd, 4319748.293, 80
Trd, 4319749.143, 135
Trd, 4319749.543, 125
Trd, 4319750.443, 96
Trd, 4319750.743, 92
Trd, 4319750.943, 71
Trd, 4319751.393, 65
Trd, 4319752.893, 140
Trd, 4319753.343, 138
Trd, 4319753.993, 88
Trd, 4319754.043, 76
Trd, 4319754.393, 66
Trd, 4319754.893, 62
Trd, 4319756.143, 127
Trd, 4319756.693, 82
Trd, 4319757.943, 60
Trd, 4319758.643, 62
Trd, 4319759.443, 62
Trd, 4319759.943, 65
Trd, 4319760.693, 138
Trd, 4319760.943, 87
Trd, 4319761.543, 62
Trd, 4319761.843, 78
Trd, 4319762.193, 61
Trd, 4319763.093, 62
Trd, 4319763.943, 60
Trd, 4319764.593, 63
Trd, 4319764.993, 62
Trd, 4319765.293, 87
Trd, 4319766.143, 61
Trd, 4319766.393, 63
Trd, 4319766.593, 64
Trd, 4319767.143, 85
Trd, 4319768.043, 60
Trd, 4319768.293, 64
Trd, 4319768.643, 68
Trd, 4319770.393, 64
Trd, 4319771.293, 62
Trd, 4319771.493, 63
Trd, 4319771.793, 60
Trd, 4319771.943, 60
Trd, 4319773.543, 60
Trd, 4319774.093, 60
Trd, 4319774.243, 66
Trd, 4319775.143, 140
Trd, 4319775.793, 137
Trd, 4319776.043, 116
Trd, 4319777.093, 70
Trd, 4319777.343, 62
Trd, 4319777.643, 64
Trd, 4319778.393, 140
Trd, 4319779.843, 140
Trd, 4319780.393, 132
Trd, 4319780.543, 111
Trd, 4319781.293, 104
Trd, 4319781.393, 69
Trd, 4319782.793, 140
Trd, 4319782.893, 135
Trd, 4319783.793, 137
Trd, 4319784.593, 62
Trd, 4319785.293, 77
Trd, 4319785.743, 73
Trd, 4319786.143, 61
Trd, 4319786.443, 81
Trd, 4319786.543, 64
Trd, 4319787.543, 63
Trd, 4319787.843, 72
Trd, 4319788.493, 61
Trd, 4319789.143, 73
Trd, 4319789.843, 81
Trd, 4319790.093, 65
Trd, 4319790.793, 60
Trd, 4319792.193, 133
Trd, 4319792.593, 140
Trd, 4319793.193, 132
Trd, 4319793.543, 130
Trd, 4319793.693, 127
Trd, 4319795.943, 140
Trd, 4319796.693, 140
Trd, 4319796.843, 135
Trd, 4319797.143, 127
Trd, 4319797.443, 93
Trd, 4319798.493, 136
Trd, 4319798.843, 120
Trd, 4319799.643, 138
Trd, 4319800.443, 131
Trd, 4319800.493, 82
Trd, 4319801.893, 79
Trd, 4319802.543, 138
Trd, 4319802.593, 94
Trd, 4319803.193, 123
Trd, 4319803.843, 92
Trd, 4319804.243, 76
Trd, 4319804.943, 62
Trd, 4319805.643, 64
Trd, 4319806.993, 134
Trd, 4319807.043, 129
Trd, 4319807.393, 88
Trd, 4319809.143, 140
Trd, 4319810.093, 140
Trd, 4319810.593, 99
Trd, 4319811.393, 67
Trd, 4319811.743, 60
Trd, 4319812.993, 127
Trd, 4319813.493, 138
Trd, 4319814.493, 140
Trd, 4319814.743, 128
Trd, 4319814.793, 103
Trd, 4319815.993, 136
Trd, 4319816.293, 111
Trd, 4319816.993, 62
Trd, 4319817.893, 61
Trd, 4319818.043, 74
Trd, 4319818.293, 62
Trd, 4319820.343, 140
Trd, 4319820.693, 137
Trd, 4319820.743, 120
Trd, 4319821.493, 135
Trd, 4319821.843, 139
Trd, 4319822.293, 99
Trd, 4319823.393, 126
Trd, 4319823.493, 124
Trd, 4319824.143, 139
Trd, 4319824.343, 100
Trd, 4319825.493, 129
Trd, 4319825.743, 69
Trd, 4319827.443, 140
Trd, 4319827.593, 126
Trd, 4319828.443, 140
Trd, 4319828.743, 137
Trd, 4319828.993, 124
Trd, 4319829.293, 101
Trd, 4319829.493, 140
Trd, 4319830.243, 92
Trd, 4319831.543, 126
Trd, 4319832.343, 109
Trd, 4319832.693, 85
Trd, 4319832.943, 69
Trd, 4319833.143, 72
Trd, 4319833.993, 140
Trd, 4319834.093, 66
Trd, 4319835.293, 60
Trd, 4319835.643, 60
Trd, 4319835.993, 60
Trd, 4319836.393, 115
Trd, 4319837.943, 140
Trd, 4319837.993, 139
Trd, 4319839.443, 134
Trd, 4319840.643, 140
Trd, 4319840.943, 114
Trd, 4319841.743, 111
Trd, 4319841.893, 66
Trd, 4319842.343, 127
Trd, 4319842.743, 83
Trd, 4319843.643, 65
Trd, 4319843.993, 61
Trd, 4319844.743, 62
Trd, 4319845.593, 64
Trd, 4319846.143, 60
Trd, 4319846.943, 64
Trd, 4319847.893, 65
Trd, 4319848.343, 64
Trd, 4319848.393, 70
Trd, 4319848.593, 92
Trd, 4319849.693, 62
Trd, 4319850.393, 66
Trd, 4319851.493, 61
Trd, 4319851.593, 64
Trd, 4319851.843, 77
Trd, 4319852.043, 74
Trd, 4319852.643, 62
Trd, 4319853.393, 65
Trd, 4319853.793, 61
Trd, 4319854.093, 61
Trd, 4319855.393, 112
Trd, 4319855.793, 124
Trd, 4319856.293, 63
Trd, 4319856.593, 64
Trd, 4319856.993, 65
Trd, 4319858.443, 99
Trd, 4319858.693, 84
Trd, 4319858.993, 108
Trd, 4319859.493, 61
Trd, 4319860.693, 62
Trd, 4319861.093, 60
Trd, 4319861.293, 60
Trd, 4319862.343, 140
Trd, 4319862.743, 68
Trd, 4319863.293, 79
Trd, 4319864.943, 61
Trd, 4319865.143, 62
Trd, 4319865.193, 125
Trd, 4319866.143, 62
Trd, 4319866.193, 123
Trd, 4319866.793, 140
Trd, 4319867.443, 114
Trd, 4319867.993, 112
Trd, 4319868.993, 140
Trd, 4319869.443, 102
Trd, 4319870.043, 140
Trd, 4319870.493, 140
Trd, 4319870.793, 102
Trd, 4319872.693, 135
Trd, 4319872.993, 62
Trd, 4319873.543, 106
Trd, 4319874.293, 61
Trd, 4319875.043, 124
Trd, 4319876.243, 140
Trd, 4319876.343, 140
Trd, 4319876.393, 80
Trd, 4319876.593, 60
Trd, 4319877.493, 60
Trd, 4319877.893, 72
Trd, 4319878.743, 60
Trd, 4319879.243, 65
Trd, 4319879.543, 64
Trd, 4319879.793, 67
Trd, 4319880.343, 84
Trd, 4319881.593, 60
Trd, 4319883.093, 140
Trd, 4319883.393, 139
Trd, 4319883.493, 120
Trd, 4319883.943, 60
Trd, 4319884.243, 60
Trd, 4319886.193, 62
Trd, 4319886.543, 64
Trd, 4319886.593, 74
Trd, 4319886.943, 62
Trd, 4319887.193, 65
Trd, 4319888.143, 121
Trd, 4319889.343, 64
Trd, 4319890.043, 67
Trd, 4319890.893, 60
Trd, 4319891.093, 61
Trd, 4319892.693, 60
Trd, 4319893.093, 61
Trd, 4319893.443, 60
Trd, 4319893.493, 62
Trd, 4319893.643, 60
Trd, 4319894.743, 65
Trd, 4319895.543, 64
Trd, 4319896.643, 61
Trd, 4319897.843, 60
Trd, 4319898.343, 62
Trd, 4319898.593, 64
Trd, 4319899.193, 139
Trd, 4319899.243, 111
Trd, 4319899.393, 67
Trd, 4319901.043, 61
Trd, 4319902.343, 115
Trd, 4319902.543, 114
Trd, 4319903.143, 101
Trd, 4319903.343, 84
Trd, 4319903.843, 118
Trd, 4319904.643, 140
Trd, 4319905.193, 83
Trd, 4319905.593, 90
Trd, 4319905.993, 103
Trd, 4319906.093, 71
Trd, 4319906.893, 117
Trd, 4319907.993, 65
Trd, 4319908.193, 62
Trd, 4319908.993, 140
Trd, 4319909.893, 140
Trd, 4319910.593, 138
Trd, 4319911.493, 140
Trd, 4319912.293, 136
Trd, 4319913.793, 138
Trd, 4319914.093, 62
Trd, 4319915.043, 60
Trd, 4319915.143, 63
Trd, 4319915.693, 61
Trd, 4319916.493, 64
Trd, 4319916.743, 64
Trd, 4319917.793, 61
Trd, 4319918.093, 63
Trd, 4319918.843, 130
Trd, 4319918.993, 105
Trd, 4319919.693, 60
Trd, 4319920.393, 71
Trd, 4319921.293, 60
Trd, 4319921.643, 72
Trd, 4319922.143, 60
Trd, 4319922.593, 61
Trd, 4319922.843, 60
Trd, 4319923.143, 139
Trd, 4319923.793, 60
Trd, 4319925.093, 138
Trd, 4319925.843, 80
Trd, 4319926.143, 67
Trd, 4319927.443, 62
Trd, 4319928.043, 60
Trd, 4319928.143, 61
Trd, 4319928.893, 139
Trd, 4319929.193, 71
Trd, 4319929.393, 61
Trd, 4319930.393, 140
Trd, 4319930.443, 122
Trd, 4319931.243, 114
Trd, 4319931.493, 132
Trd, 4319932.393, 135
Trd, 4319932.943, 140
Trd, 4319934.243, 101
Trd, 4319934.393, 99
Trd, 4319934.593, 117
Trd, 4319934.893, 88
Trd, 4319936.293, 139
Trd, 4319937.143, 116
Trd, 4319937.243, 110
Trd, 4319937.493, 70
Trd, 4319938.593, 139
Trd, 4319939.043, 116
Trd, 4319940.043, 104
Trd, 4319940.843, 100
Trd, 4319942.943, 103
Trd, 4319943.043, 90
Trd, 4319943.593, 140
Trd, 4319944.043, 119
Trd, 4319944.643, 118
Trd, 4319945.443, 139
Trd, 4319945.893, 123
Trd, 4319946.143, 122
Trd, 4319947.393, 139
Trd, 4319948.043, 126
Trd, 4319949.343, 130
Trd, 4319949.643, 119
Trd, 4319949.943, 139
Trd, 4319950.893, 138
Trd, 4319951.293, 140
Trd, 4319951.743, 117
Trd, 4319951.793, 102
Trd, 4319953.143, 140
Trd, 4319953.743, 102
Trd, 4319954.293, 110
Trd, 4319954.943, 105
Trd, 4319955.893, 110
Trd, 4319956.643, 74
Trd, 4319957.243, 82
Trd, 4319958.843, 60
Trd, 4319959.093, 62
Trd, 4319959.943, 62
Trd, 4319960.443, 122
Trd, 4319960.743, 64
Trd, 4319961.443, 65
Trd, 4319961.543, 64
Trd, 4319962.393, 97
Trd, 4319963.443, 139
Trd, 4319964.043, 75
Trd, 4319964.743, 62
Trd, 4319965.243, 61
Trd, 4319966.043, 67
Trd, 4319967.243, 60
Trd, 4319967.993, 63
Trd, 4319968.693, 61
Trd, 4319969.793, 63
Trd, 4319969.893, 65
Trd, 4319969.993, 108
Trd, 4319970.893, 63
Trd, 4319971.993, 67
Trd, 4319972.443, 94
Trd, 4319973.793, 88
Trd, 4319973.843, 62
Trd, 4319974.693, 140
Trd, 4319974.993, 129
Trd, 4319975.693, 124
Trd, 4319975.943, 123
Trd, 4319976.043, 80
Trd, 4319976.993, 90
Trd, 4319977.293, 88
Trd, 4319977.793, 119
Trd, 4319978.193, 139
Trd, 4319978.293, 70
Trd, 4319978.693, 81
Trd, 4319979.993, 60
Trd, 4319980.343, 63
Trd, 4319982.443, 140
Trd, 4319982.493, 140
Trd, 4319982.693, 139
Trd, 4319982.993, 128
Trd, 4319983.543, 127
Trd, 4319983.943, 85
Trd, 4319984.843, 73
Trd, 4319985.343, 81
Trd, 4319985.593, 62
Trd, 4319985.993, 61
Trd, 4319986.393, 63
Trd, 4319987.093, 139
Trd, 4319987.943, 123
Trd, 4319988.193, 105
Trd, 4319988.493, 84
Trd, 4319989.443, 63
Trd, 4319990.393, 135
Trd, 4319991.493, 115
Trd, 4319991.993, 66
Trd, 4319993.593, 63
Trd, 4319993.693, 67
Trd, 4319994.593, 138
Trd, 4319994.643, 129
Trd, 4319995.493, 64
Trd, 4319995.943, 61
Trd, 4319996.593, 61
Trd, 4319996.843, 65
Trd, 4319998.143, 137
Trd, 4319998.593, 108
