Trd, 4318140.943, 118
Trd, 4318141.293, 112
Trd, 4318141.593, 138
Trd, 4318142.343, 101
Trd, 4318143.243, 96
Trd, 4318144.193, 89
Trd, 4318146.043, 88
Trd, 4318146.143, 84
Trd, 4318146.893, 83
Trd, 4318147.443, 137
Trd, 4318147.643, 121
Trd, 4318147.843, 94
Trd, 4318148.543, 83
Trd, 4318148.943, 74
Trd, 4318149.543, 114
Trd, 4318149.793, 68
Trd, 4318150.493, 77
Trd, 4318152.893, 62
Trd, 4318153.143, 71
Trd, 4318153.243, 76
Trd, 4318154.343, 136
Trd, 4318154.493, 127
Trd, 4318154.543, 119
Trd, 4318155.343, 81
Trd, 4318155.943, 81
Trd, 4318156.443, 91
Trd, 4318157.693, 79
Trd, 4318160.143, 99
Trd, 4318160.193, 86
Trd, 4318161.043, 85
Trd, 4318161.393, 78
Trd, 4318162.593, 62
Trd, 4318163.093, 90
Trd, 4318163.543, 85
Trd, 4318164.743, 118
Trd, 4318165.193, 120
Trd, 4318165.643, 131
Trd, 4318166.593, 120
Trd, 4318167.743, 123
Trd, 4318168.193, 108
Trd, 4318168.993, 116
Trd, 4318169.493, 113
Trd, 4318169.543, 109
Trd, 4318169.893, 134
Trd, 4318169.943, 107
Trd, 4318171.393, 101
Trd, 4318171.843, 94
Trd, 4318171.893, 94
Trd, 4318173.843, 74
Trd, 4318174.343, 64
Trd, 4318174.743, 64
Trd, 4318175.693, 75
Trd, 4318175.993, 72
Trd, 4318176.293, 99
Trd, 4318177.093, 115
Trd, 4318177.793, 79
Trd, 4318179.343, 115
Trd, 4318179.393, 111
Trd, 4318180.393, 79
Trd, 4318180.643, 83
Trd, 4318181.843, 61
Trd, 4318182.093, 69
Trd, 4318182.793, 115
Trd, 4318182.843, 102
Trd, 4318183.893, 66
Trd, 4318185.593, 124
Trd, 4318185.943, 123
Trd, 4318186.393, 120
Trd, 4318186.593, 119
Trd, 4318187.443, 106
Trd, 4318188.693, 93
Trd, 4318188.943, 75
Trd, 4318189.393, 118
Trd, 4318190.093, 105
Trd, 4318191.093, 106
Trd, 4318193.143, 109
Trd, 4318194.343, 110
Trd, 4318194.493, 106
Trd, 4318194.943, 86
Trd, 4318195.043, 80
Trd, 4318195.443, 113
Trd, 4318195.543, 73
Trd, 4318196.393, 107
Trd, 4318196.993, 118
Trd, 4318198.043, 136
Trd, 4318198.393, 100
Trd, 4318198.843, 96
Trd, 4318199.793, 104
Trd, 4318200.143, 76
Trd, 4318201.843, 136
Trd, 4318202.093, 126
Trd, 4318202.243, 113
Trd, 4318202.343, 112
Trd, 4318204.443, 67
Trd, 4318204.743, 65
Trd, 4318204.893, 61
Trd, 4318205.443, 71
Trd, 4318206.743, 108
Trd, 4318208.393, 68
Trd, 4318209.143, 62
Trd, 4318209.793, 66
Trd, 4318210.593, 60
Trd, 4318210.693, 60
Trd, 4318211.743, 80
Trd, 4318211.793, 101
Trd, 4318212.543, 108
Trd, 4318212.593, 91
Trd, 4318212.793, 83
Trd, 4318213.193, 77
Trd, 4318215.193, 110
Trd, 4318215.343, 102
Trd, 4318215.643, 63
Trd, 4318216.543, 132
Trd, 4318216.693, 113
Trd, 4318217.543, 104
Trd, 4318219.493, 109
Trd, 4318219.543, 107
Trd, 4318221.043, 126
Trd, 4318221.493, 109
Trd, 4318221.943, 107
Trd, 4318222.443, 122
Trd, 4318223.143, 92
Trd, 4318223.743, 114
Trd, 4318224.943, 106
Trd, 4318225.193, 106
Trd, 4318226.593, 95
Trd, 4318227.393, 123
Trd, 4318227.543, 115
Trd, 4318228.093, 62
Trd, 4318228.593, 63
Trd, 4318229.293, 77
Trd, 4318229.843, 123
Trd, 4318230.943, 103
Trd, 4318232.343, 122
Trd, 4318233.243, 108
Trd, 4318234.593, 119
Trd, 4318234.693, 110
Trd, 4318235.343, 83
Trd, 4318235.393, 77
Trd, 4318235.493, 108
Trd, 4318236.693, 68
Trd, 4318237.793, 65
Trd, 4318237.993, 69
Trd, 4318239.743, 94
Trd, 4318241.193, 118
Trd, 4318241.293, 112
Trd, 4318241.493, 91
Trd, 4318241.693, 83
Trd, 4318243.093, 65
Trd, 4318244.243, 73
Trd, 4318244.993, 65
Trd, 4318245.243, 72
Trd, 4318245.693, 77
Trd, 4318245.993, 125
Trd, 4318247.243, 121
Trd, 4318247.393, 115
Trd, 4318248.843, 108
Trd, 4318249.243, 117
Trd, 4318249.343, 101
Trd, 4318249.593, 87
Trd, 4318250.443, 98
Trd, 4318250.943, 81
Trd, 4318251.343, 101
Trd, 4318252.243, 103
Trd, 4318252.343, 99
Trd, 4318252.543, 96
Trd, 4318253.643, 68
Trd, 4318254.043, 76
Trd, 4318255.793, 95
Trd, 4318256.043, 137
Trd, 4318256.143, 70
Trd, 4318256.793, 114
Trd, 4318257.493, 129
Trd, 4318258.343, 120
Trd, 4318258.593, 119
Trd, 4318258.793, 113
Trd, 4318260.843, 71
Trd, 4318261.343, 78
Trd, 4318261.393, 68
Trd, 4318261.693, 68
Trd, 4318262.393, 64
Trd, 4318262.943, 120
Trd, 4318263.193, 108
Trd, 4318263.693, 76
Trd, 4318265.043, 90
Trd, 4318265.693, 134
Trd, 4318266.243, 83
Trd, 4318266.343, 81
Trd, 4318267.593, 60
Trd, 4318268.493, 62
Trd, 4318269.043, 62
Trd, 4318270.943, 62
Trd, 4318271.043, 78
Trd, 4318271.243, 61
Trd, 4318272.043, 88
Trd, 4318272.793, 67
Trd, 4318273.743, 106
Trd, 4318274.443, 87
Trd, 4318275.393, 122
Trd, 4318275.693, 115
Trd, 4318276.743, 113
Trd, 4318276.793, 107
Trd, 4318277.243, 116
Trd, 4318277.443, 103
Trd, 4318278.543, 60
Trd, 4318279.643, 76
Trd, 4318280.393, 68
Trd, 4318280.843, 96
Trd, 4318280.993, 93
Trd, 4318282.343, 61
Trd, 4318282.543, 78
Trd, 4318284.143, 63
Trd, 4318284.293, 63
Trd, 4318284.693, 60
Trd, 4318285.193, 69
Trd, 4318286.293, 135
Trd, 4318286.943, 95
Trd, 4318287.443, 88
Trd, 4318287.793, 81
Trd, 4318288.443, 71
Trd, 4318289.493, 65
Trd, 4318290.243, 60
Trd, 4318290.343, 63
Trd, 4318291.143, 85
Trd, 4318292.093, 80
Trd, 4318292.193, 77
Trd, 4318293.043, 60
Trd, 4318293.793, 114
Trd, 4318294.893, 84
Trd, 4318296.493, 61
Trd, 4318296.793, 63
Trd, 4318296.943, 64
Trd, 4318297.493, 69
Trd, 4318297.993, 62
Trd, 4318298.693, 105
Trd, 4318299.243, 92
Trd, 4318300.293, 88
Trd, 4318300.743, 87
Trd, 4318301.193, 85
Trd, 4318301.943, 62
Trd, 4318302.293, 107
Trd, 4318302.593, 66
Trd, 4318304.693, 107
Trd, 4318305.343, 93
Trd, 4318305.843, 112
Trd, 4318306.143, 130
Trd, 4318306.343, 105
Trd, 4318306.593, 96
Trd, 4318307.343, 88
Trd, 4318307.893, 74
Trd, 4318308.743, 115
Trd, 4318309.793, 122
Trd, 4318310.443, 94
Trd, 4318310.843, 97
Trd, 4318311.043, 120
Trd, 4318312.693, 95
Trd, 4318313.443, 83
Trd, 4318313.693, 76
Trd, 4318314.343, 71
Trd, 4318314.693, 96
Trd, 4318315.243, 72
Trd, 4318315.593, 67
Trd, 4318316.093, 127
Trd, 4318316.593, 101
Trd, 4318317.093, 95
Trd, 4318317.643, 82
Trd, 4318318.993, 105
Trd, 4318319.043, 83
Trd, 4318319.393, 60
Trd, 4318321.293, 65
Trd, 4318321.693, 103
Trd, 4318322.993, 124
Trd, 4318323.343, 130
Trd, 4318324.193, 89
Trd, 4318325.393, 124
Trd, 4318325.793, 66
Trd, 4318327.043, 86
Trd, 4318327.143, 81
Trd, 4318329.243, 62
Trd, 4318329.443, 67
Trd, 4318329.643, 84
Trd, 4318330.343, 96
Trd, 4318330.793, 88
Trd, 4318331.593, 125
Trd, 4318331.943, 74
Trd, 4318334.043, 82
Trd, 4318334.993, 90
Trd, 4318335.043, 102
Trd, 4318335.343, 72
Trd, 4318335.893, 74
Trd, 4318336.493, 65
Trd, 4318337.093, 68
Trd, 4318337.143, 60
Trd, 4318337.743, 82
Trd, 4318339.743, 120
Trd, 4318339.843, 112
Trd, 4318340.793, 132
Trd, 4318341.043, 130
Trd, 4318341.543, 128
Trd, 4318342.443, 101
Trd, 4318344.093, 85
Trd, 4318344.443, 116
Trd, 4318346.143, 107
Trd, 4318346.193, 116
Trd, 4318346.243, 99
Trd, 4318346.443, 99
Trd, 4318346.493, 96
Trd, 4318347.593, 66
Trd, 4318350.543, 61
Trd, 4318351.043, 61
Trd, 4318351.443, 62
Trd, 4318351.693, 63
Trd, 4318352.593, 63
Trd, 4318353.443, 62
Trd, 4318353.843, 103
Trd, 4318355.643, 64
Trd, 4318355.843, 70
Trd, 4318356.543, 70
Trd, 4318357.743, 130
Trd, 4318357.843, 81
Trd, 4318359.093, 87
Trd, 4318359.793, 130
Trd, 4318359.943, 122
Trd, 4318360.343, 77
Trd, 4318360.743, 79
Trd, 4318361.043, 74
Trd, 4318362.743, 83
Trd, 4318363.243, 93
Trd, 4318364.343, 103
Trd, 4318364.593, 101
Trd, 4318365.493, 101
Trd, 4318366.893, 122
Trd, 4318367.093, 104
Trd, 4318368.093, 137
Trd, 4318368.693, 127
Trd, 4318369.043, 121
Trd, 4318369.143, 106
Trd, 4318369.643, 81
Trd, 4318370.143, 134
Trd, 4318371.093, 121
Trd, 4318372.143, 119
Trd, 4318373.393, 95
Trd, 4318373.543, 84
Trd, 4318374.543, 76
Trd, 4318375.193, 127
Trd, 4318375.543, 116
Trd, 4318376.793, 116
Trd, 4318377.543, 113
Trd, 4318377.593, 108
Trd, 4318378.193, 99
Trd, 4318378.893, 96
Trd, 4318380.393, 111
Trd, 4318380.443, 97
Trd, 4318380.943, 95
Trd, 4318382.093, 100
Trd, 4318382.393, 100
Trd, 4318382.543, 90
Trd, 4318383.443, 62
Trd, 4318383.543, 81
Trd, 4318384.793, 97
Trd, 4318384.893, 89
Trd, 4318385.393, 98
Trd, 4318385.843, 124
Trd, 4318385.943, 96
Trd, 4318387.093, 67
Trd, 4318388.043, 119
Trd, 4318389.193, 92
Trd, 4318390.143, 88
Trd, 4318390.343, 98
Trd, 4318390.393, 87
Trd, 4318391.093, 60
Trd, 4318391.443, 61
Trd, 4318392.893, 72
Trd, 4318393.793, 66
Trd, 4318395.493, 103
Trd, 4318396.393, 117
Trd, 4318397.493, 117
Trd, 4318397.693, 108
Trd, 4318397.743, 99
Trd, 4318398.493, 127
Trd, 4318399.193, 113
Trd, 4318399.343, 72
Trd, 4318400.743, 96
Trd, 4318402.243, 126
Trd, 4318402.493, 86
Trd, 4318402.643, 83
Trd, 4318402.893, 86
Trd, 4318403.693, 106
Trd, 4318404.243, 104
Trd, 4318404.493, 92
Trd, 4318405.743, 103
Trd, 4318405.993, 97
Trd, 4318406.643, 85
Trd, 4318407.993, 98
Trd, 4318408.993, 86
Trd, 4318409.243, 115
Trd, 4318409.343, 86
Trd, 4318411.193, 60
Trd, 4318411.393, 60
Trd, 4318411.593, 67
Trd, 4318412.793, 61
Trd, 4318412.843, 71
Trd, 4318413.343, 63
Trd, 4318413.793, 94
Trd, 4318414.193, 60
Trd, 4318415.193, 65
Trd, 4318415.243, 66
Trd, 4318416.843, 69
Trd, 4318417.493, 99
Trd, 4318417.743, 61
Trd, 4318418.143, 63
Trd, 4318419.243, 88
Trd, 4318419.493, 79
Trd, 4318420.143, 72
Trd, 4318421.393, 69
Trd, 4318421.593, 113
Trd, 4318422.493, 64
Trd, 4318423.693, 63
Trd, 4318424.543, 93
Trd, 4318426.343, 129
Trd, 4318426.993, 110
Trd, 4318427.843, 140
Trd, 4318428.143, 131
Trd, 4318428.393, 129
Trd, 4318428.593, 140
Trd, 4318429.493, 122
Trd, 4318430.793, 100
Trd, 4318431.343, 108
Trd, 4318431.543, 102
Trd, 4318431.793, 101
Trd, 4318432.243, 93
Trd, 4318432.643, 115
Trd, 4318434.443, 105
Trd, 4318434.843, 123
Trd, 4318434.943, 94
Trd, 4318436.743, 89
Trd, 4318437.143, 64
Trd, 4318438.543, 68
Trd, 4318439.543, 113
Trd, 4318439.843, 107
Trd, 4318440.793, 117
Trd, 4318441.193, 129
Trd, 4318441.243, 89
Trd, 4318441.343, 128
Trd, 4318441.443, 67
Trd, 4318442.593, 60
Trd, 4318444.393, 80
Trd, 4318446.093, 115
Trd, 4318446.243, 126
Trd, 4318446.693, 75
Trd, 4318447.593, 97
Trd, 4318447.693, 68
Trd, 4318448.943, 91
Trd, 4318450.843, 83
Trd, 4318452.593, 81
Trd, 4318452.743, 78
Trd, 4318453.343, 61
Trd, 4318454.043, 62
Trd, 4318454.743, 64
Trd, 4318454.993, 62
Trd, 4318456.043, 94
Trd, 4318457.043, 68
Trd, 4318457.443, 61
Trd, 4318458.193, 63
Trd, 4318458.293, 75
Trd, 4318458.693, 95
Trd, 4318458.943, 71
Trd, 4318460.243, 102
Trd, 4318461.643, 66
Trd, 4318462.143, 78
Trd, 4318462.343, 73
Trd, 4318465.443, 67
Trd, 4318465.693, 67
Trd, 4318466.143, 126
Trd, 4318467.393, 107
Trd, 4318467.593, 102
Trd, 4318469.293, 130
Trd, 4318469.693, 118
Trd, 4318469.743, 110
Trd, 4318470.093, 89
Trd, 4318470.143, 83
Trd, 4318470.843, 105
Trd, 4318471.993, 61
Trd, 4318472.143, 67
Trd, 4318472.793, 100
Trd, 4318473.843, 115
Trd, 4318474.143, 90
Trd, 4318475.843, 112
Trd, 4318476.493, 99
Trd, 4318476.743, 79
Trd, 4318477.293, 117
Trd, 4318478.043, 128
Trd, 4318478.243, 113
Trd, 4318479.443, 127
Trd, 4318479.943, 92
Trd, 4318481.193, 107
Trd, 4318482.743, 109
Trd, 4318483.393, 88
Trd, 4318485.143, 101
Trd, 4318485.593, 107
Trd, 4318485.843, 99
Trd, 4318486.993, 96
Trd, 4318487.093, 89
Trd, 4318488.343, 102
Trd, 4318489.543, 64
Trd, 4318490.293, 75
Trd, 4318490.843, 85
Trd, 4318490.993, 62
Trd, 4318491.393, 92
Trd, 4318492.993, 60
Trd, 4318495.293, 62
Trd, 4318495.743, 63
Trd, 4318496.243, 60
Trd, 4318496.743, 62
Trd, 4318496.993, 105
Trd, 4318497.043, 138
Trd, 4318497.943, 96
Trd, 4318498.093, 90
Trd, 4318498.393, 95
Trd, 4318499.543, 89
Trd, 4318500.543, 87
Trd, 4318501.093, 76
Trd, 4318501.443, 109
Trd, 4318502.093, 116
Trd, 4318502.493, 114
Trd, 4318502.993, 96
Trd, 4318504.693, 93
Trd, 4318505.143, 121
Trd, 4318505.493, 97
Trd, 4318505.693, 101
Trd, 4318506.193, 108
Trd, 4318506.343, 86
Trd, 4318506.743, 69
Trd, 4318507.443, 101
Trd, 4318508.393, 74
Trd, 4318509.043, 72
Trd, 4318509.493, 82
Trd, 4318510.343, 73
Trd, 4318512.693, 120
Trd, 4318512.743, 115
Trd, 4318513.643, 106
Trd, 4318513.943, 100
Trd, 4318515.293, 96
Trd, 4318515.593, 93
Trd, 4318516.043, 118
Trd, 4318516.193, 105
Trd, 4318516.543, 90
Trd, 4318517.693, 84
Trd, 4318518.043, 134
Trd, 4318519.543, 93
Trd, 4318519.593, 105
Trd, 4318520.343, 92
Trd, 4318520.593, 81
Trd, 4318520.993, 107
Trd, 4318523.543, 120
Trd, 4318524.293, 112
Trd, 4318524.793, 88
Trd, 4318524.893, 88
Trd, 4318524.943, 83
Trd, 4318525.143, 128
Trd, 4318525.243, 79
Trd, 4318526.543, 97
Trd, 4318527.093, 80
Trd, 4318527.493, 97
Trd, 4318527.643, 94
Trd, 4318529.243, 107
Trd, 4318529.793, 112
Trd, 4318529.943, 98
Trd, 4318530.193, 75
Trd, 4318530.443, 74
Trd, 4318531.093, 124
Trd, 4318531.743, 91
Trd, 4318532.543, 87
Trd, 4318533.343, 97
Trd, 4318533.693, 107
Trd, 4318535.543, 124
Trd, 4318536.593, 108
Trd, 4318536.793, 107
Trd, 4318537.143, 101
Trd, 4318538.193, 101
Trd, 4318538.543, 127
Trd, 4318538.743, 83
Trd, 4318539.893, 75
Trd, 4318540.093, 76
Trd, 4318540.543, 90
Trd, 4318541.893, 80
Trd, 4318542.043, 73
Trd, 4318542.393, 119
Trd, 4318543.193, 80
Trd, 4318543.843, 90
Trd, 4318544.743, 82
Trd, 4318546.493, 103
Trd, 4318546.693, 63
Trd, 4318546.843, 75
Trd, 4318547.493, 91
Trd, 4318548.693, 78
Trd, 4318549.793, 63
Trd, 4318550.043, 63
Trd, 4318550.293, 69
Trd, 4318550.593, 69
Trd, 4318552.343, 65
Trd, 4318553.293, 100
Trd, 4318553.793, 100
Trd, 4318554.043, 86
Trd, 4318555.343, 82
Trd, 4318555.493, 124
Trd, 4318555.693, 81
Trd, 4318555.893, 105
Trd, 4318556.043, 77
Trd, 4318556.793, 64
Trd, 4318558.193, 127
Trd, 4318559.193, 113
Trd, 4318559.393, 101
Trd, 4318560.043, 96
Trd, 4318562.293, 99
Trd, 4318562.493, 89
Trd, 4318563.043, 134
Trd, 4318563.193, 129
Trd, 4318563.743, 66
Trd, 4318565.343, 66
Trd, 4318565.743, 91
Trd, 4318566.643, 108
Trd, 4318567.293, 99
Trd, 4318567.443, 90
Trd, 4318567.543, 89
Trd, 4318567.943, 78
Trd, 4318568.493, 110
Trd, 4318570.543, 107
Trd, 4318570.893, 62
Trd, 4318572.393, 103
Trd, 4318573.193, 62
Trd, 4318573.443, 94
Trd, 4318573.843, 126
Trd, 4318573.993, 68
Trd, 4318574.093, 68
Trd, 4318575.093, 115
Trd, 4318575.343, 83
Trd, 4318576.543, 107
Trd, 4318576.843, 115
Trd, 4318576.943, 107
Trd, 4318577.793, 92
Trd, 4318577.893, 88
Trd, 4318578.493, 84
Trd, 4318580.293, 93
Trd, 4318581.043, 85
Trd, 4318581.193, 68
Trd, 4318581.693, 78
Trd, 4318582.743, 114
Trd, 4318585.193, 123
Trd, 4318585.843, 103
Trd, 4318586.143, 99
Trd, 4318586.193, 90
Trd, 4318586.593, 71
Trd, 4318586.993, 139
Trd, 4318587.043, 129
Trd, 4318587.493, 90
Trd, 4318588.043, 78
Trd, 4318588.793, 71
Trd, 4318589.993, 76
Trd, 4318590.493, 91
Trd, 4318590.943, 106
Trd, 4318592.243, 93
Trd, 4318593.043, 89
Trd, 4318593.143, 80
Trd, 4318593.343, 124
Trd, 4318593.893, 66
Trd, 4318594.693, 107
Trd, 4318595.193, 64
Trd, 4318595.843, 67
Trd, 4318596.443, 118
Trd, 4318597.343, 124
Trd, 4318597.643, 123
Trd, 4318599.293, 116
Trd, 4318600.293, 107
Trd, 4318600.643, 115
Trd, 4318601.793, 88
Trd, 4318602.193, 106
Trd, 4318602.343, 65
Trd, 4318602.993, 76
Trd, 4318603.193, 82
Trd, 4318603.493, 60
Trd, 4318605.543, 68
Trd, 4318605.693, 92
Trd, 4318606.643, 102
Trd, 4318606.793, 97
Trd, 4318606.893, 96
Trd, 4318607.343, 60
Trd, 4318608.843, 137
Trd, 4318609.543, 114
Trd, 4318609.743, 108
Trd, 4318610.743, 103
Trd, 4318610.843, 60
Trd, 4318611.893, 61
Trd, 4318613.043, 92
Trd, 4318613.993, 110
Trd, 4318614.293, 100
Trd, 4318614.443, 87
Trd, 4318615.443, 117
Trd, 4318615.793, 97
Trd, 4318616.143, 105
Trd, 4318616.543, 97
Trd, 4318617.393, 91
Trd, 4318617.993, 84
Trd, 4318618.293, 81
Trd, 4318619.243, 64
Trd, 4318619.643, 60
Trd, 4318620.443, 60
Trd, 4318622.193, 61
Trd, 4318622.343, 97
Trd, 4318622.743, 98
Trd, 4318622.943, 97
Trd, 4318623.693, 114
Trd, 4318623.843, 130
Trd, 4318624.543, 80
Trd, 4318625.893, 85
Trd, 4318626.593, 76
Trd, 4318626.893, 74
Trd, 4318627.143, 65
Trd, 4318627.943, 65
Trd, 4318628.993, 114
Trd, 4318629.793, 72
Trd, 4318629.893, 70
Trd, 4318630.543, 64
Trd, 4318631.743, 93
Trd, 4318632.943, 61
Trd, 4318633.243, 60
Trd, 4318633.293, 62
Trd, 4318633.393, 75
Trd, 4318633.593, 79
Trd, 4318634.843, 62
Trd, 4318635.043, 64
Trd, 4318635.493, 104
Trd, 4318636.493, 104
Trd, 4318637.143, 97
Trd, 4318637.343, 94
Trd, 4318637.993, 118
Trd, 4318638.793, 110
Trd, 4318639.693, 82
Trd, 4318641.843, 116
Trd, 4318641.993, 110
Trd, 4318643.043, 115
Trd, 4318643.093, 104
Trd, 4318643.243, 123
Trd, 4318644.243, 115
Trd, 4318644.293, 110
Trd, 4318644.993, 93
Trd, 4318645.993, 83
Trd, 4318646.043, 80
Trd, 4318646.993, 87
Trd, 4318648.043, 93
Trd, 4318648.393, 76
Trd, 4318648.543, 94
Trd, 4318648.793, 102
Trd, 4318649.443, 74
Trd, 4318650.293, 66
Trd, 4318652.743, 67
Trd, 4318653.143, 72
Trd, 4318653.843, 61
Trd, 4318655.143, 60
Trd, 4318655.943, 63
Trd, 4318656.443, 89
Trd, 4318656.743, 99
Trd, 4318657.293, 115
Trd, 4318657.743, 91
Trd, 4318659.043, 97
Trd, 4318659.693, 88
Trd, 4318660.143, 92
Trd, 4318660.543, 86
Trd, 4318660.643, 71
Trd, 4318661.393, 64
Trd, 4318662.193, 60
Trd, 4318664.343, 120
Trd, 4318664.843, 100
Trd, 4318665.493, 109
Trd, 4318666.543, 99
Trd, 4318666.593, 95
Trd, 4318666.843, 93
Trd, 4318669.243, 140
Trd, 4318669.693, 132
Trd, 4318669.993, 128
Trd, 4318670.343, 95
Trd, 4318670.693, 92
Trd, 4318671.293, 98
Trd, 4318672.293, 133
Trd, 4318672.793, 120
Trd, 4318673.243, 103
Trd, 4318673.293, 122
Trd, 4318674.143, 70
Trd, 4318675.143, 62
Trd, 4318675.893, 75
Trd, 4318676.743, 60
Trd, 4318676.793, 67
Trd, 4318678.043, 97
Trd, 4318679.543, 84
Trd, 4318679.593, 80
Trd, 4318679.743, 75
Trd, 4318680.893, 119
Trd, 4318680.943, 110
Trd, 4318681.193, 118
Trd, 4318681.293, 110
Trd, 4318683.943, 88
Trd, 4318684.643, 74
Trd, 4318685.343, 83
Trd, 4318686.093, 84
Trd, 4318686.993, 88
Trd, 4318687.593, 109
Trd, 4318688.243, 101
Trd, 4318688.943, 104
Trd, 4318689.243, 94
Trd, 4318690.943, 103
Trd, 4318691.843, 112
Trd, 4318692.093, 111
Trd, 4318692.893, 136
Trd, 4318693.593, 115
Trd, 4318694.193, 89
Trd, 4318694.543, 98
Trd, 4318694.693, 85
Trd, 4318694.893, 85
Trd, 4318695.243, 63
Trd, 4318695.593, 128
Trd, 4318697.393, 95
Trd, 4318697.793, 81
Trd, 4318698.143, 69
Trd, 4318699.543, 86
Trd, 4318700.743, 63
Trd, 4318701.793, 60
Trd, 4318702.243, 60
Trd, 4318702.443, 72
Trd, 4318703.443, 69
Trd, 4318704.343, 68
Trd, 4318704.993, 94
Trd, 4318705.393, 60
Trd, 4318706.193, 137
Trd, 4318708.493, 89
Trd, 4318708.593, 75
Trd, 4318708.943, 93
Trd, 4318709.443, 109
Trd, 4318710.393, 82
Trd, 4318710.443, 77
Trd, 4318710.643, 79
Trd, 4318711.893, 136
Trd, 4318711.993, 129
Trd, 4318712.393, 81
Trd, 4318712.743, 90
Trd, 4318713.943, 78
Trd, 4318714.043, 63
Trd, 4318715.393, 61
Trd, 4318715.493, 61
Trd, 4318715.743, 92
Trd, 4318715.943, 62
Trd, 4318716.593, 80
Trd, 4318719.743, 90
Trd, 4318720.143, 85
Trd, 4318720.643, 109
Trd, 4318721.743, 89
Trd, 4318722.693, 135
Trd, 4318723.443, 111
Trd, 4318723.493, 95
Trd, 4318724.243, 62
Trd, 4318724.693, 99
Trd, 4318725.293, 123
Trd, 4318725.393, 85
Trd, 4318725.693, 82
Trd, 4318725.793, 68
Trd, 4318726.993, 64
Trd, 4318727.193, 77
Trd, 4318727.893, 87
Trd, 4318728.943, 70
Trd, 4318729.193, 70
Trd, 4318729.843, 98
Trd, 4318731.593, 114
Trd, 4318731.943, 78
Trd, 4318732.793, 112
Trd, 4318734.293, 84
Trd, 4318734.993, 90
Trd, 4318735.293, 89
Trd, 4318735.793, 92
Trd, 4318735.993, 65
Trd, 4318736.543, 123
Trd, 4318737.943, 123
Trd, 4318739.093, 115
Trd, 4318740.093, 101
Trd, 4318740.393, 100
Trd, 4318740.693, 127
Trd, 4318741.243, 109
Trd, 4318741.693, 98
Trd, 4318741.893, 126
Trd, 4318742.543, 65
Trd, 4318742.843, 65
Trd, 4318745.543, 60
Trd, 4318746.293, 84
Trd, 4318747.143, 64
Trd, 4318747.343, 100
Trd, 4318747.493, 93
Trd, 4318747.593, 88
Trd, 4318748.443, 69
Trd, 4318750.143, 65
Trd, 4318750.943, 63
Trd, 4318751.043, 67
Trd, 4318751.093, 62
Trd, 4318751.193, 103
Trd, 4318753.393, 79
Trd, 4318754.393, 83
Trd, 4318755.643, 112
Trd, 4318755.943, 106
Trd, 4318757.193, 102
Trd, 4318757.393, 94
Trd, 4318757.693, 119
Trd, 4318757.893, 125
Trd, 4318759.793, 96
Trd, 4318759.943, 83
Trd, 4318760.343, 94
Trd, 4318760.393, 87
Trd, 4318761.093, 128
Trd, 4318762.743, 83
Trd, 4318763.343, 70
Trd, 4318764.793, 62
Trd, 4318765.343, 63
Trd, 4318766.093, 76
Trd, 4318766.793, 62
Trd, 4318767.043, 69
Trd, 4318767.243, 99
Trd, 4318767.643, 64
Trd, 4318768.293, 72
Trd, 4318768.893, 69
Trd, 4318769.143, 70
Trd, 4318770.693, 65
Trd, 4318771.093, 65
Trd, 4318771.343, 110
Trd, 4318772.643, 60
Trd, 4318773.143, 66
Trd, 4318773.993, 64
Trd, 4318774.593, 70
Trd, 4318775.393, 74
Trd, 4318775.943, 120
Trd, 4318776.693, 121
Trd, 4318777.593, 117
Trd, 4318778.093, 109
Trd, 4318778.743, 115
Trd, 4318779.193, 106
Trd, 4318779.543, 102
Trd, 4318780.043, 63
Trd, 4318780.793, 63
Trd, 4318781.693, 81
Trd, 4318782.243, 101
Trd, 4318783.543, 115
Trd, 4318784.743, 95
Trd, 4318784.843, 90
Trd, 4318785.143, 73
Trd, 4318786.243, 90
Trd, 4318786.493, 98
Trd, 4318787.693, 81
Trd, 4318787.893, 85
Trd, 4318788.193, 81
Trd, 4318788.293, 82
Trd, 4318789.093, 64
Trd, 4318789.643, 89
Trd, 4318790.493, 61
Trd, 4318791.543, 64
Trd, 4318792.893, 60
Trd, 4318793.343, 73
Trd, 4318794.093, 98
Trd, 4318794.643, 61
Trd, 4318794.893, 65
Trd, 4318796.593, 74
Trd, 4318796.643, 73
Trd, 4318797.993, 62
Trd, 4318799.393, 64
Trd, 4318800.243, 83
Trd, 4318800.493, 100
Trd, 4318801.093, 86
Trd, 4318801.393, 78
Trd, 4318801.693, 106
Trd, 4318802.393, 74
Trd, 4318803.243, 89
Trd, 4318804.243, 76
Trd, 4318804.593, 79
Trd, 4318804.893, 90
Trd, 4318806.643, 118
Trd, 4318807.143, 107
Trd, 4318807.643, 98
Trd, 4318807.693, 76
Trd, 4318807.943, 69
Trd, 4318808.543, 136
Trd, 4318809.293, 88
Trd, 4318810.693, 113
Trd, 4318810.793, 73
Trd, 4318811.293, 98
Trd, 4318811.443, 117
Trd, 4318811.643, 87
Trd, 4318812.393, 90
Trd, 4318814.243, 137
Trd, 4318815.293, 127
Trd, 4318816.493, 135
Trd, 4318816.643, 110
Trd, 4318817.243, 126
Trd, 4318817.343, 73
Trd, 4318818.193, 100
Trd, 4318819.043, 73
Trd, 4318819.393, 134
Trd, 4318820.293, 102
Trd, 4318822.493, 89
Trd, 4318822.893, 112
Trd, 4318823.643, 93
Trd, 4318823.743, 92
Trd, 4318825.293, 111
Trd, 4318825.793, 88
Trd, 4318825.893, 75
Trd, 4318826.293, 88
Trd, 4318826.893, 78
Trd, 4318827.993, 92
Trd, 4318828.043, 99
Trd, 4318828.493, 103
Trd, 4318828.843, 75
Trd, 4318829.743, 99
Trd, 4318830.543, 115
Trd, 4318831.943, 98
Trd, 4318832.643, 120
Trd, 4318833.243, 134
Trd, 4318833.343, 91
Trd, 4318833.793, 90
Trd, 4318834.643, 129
Trd, 4318835.393, 86
Trd, 4318835.743, 129
Trd, 4318835.843, 82
Trd, 4318836.543, 60
Trd, 4318838.093, 108
Trd, 4318838.993, 81
Trd, 4318839.293, 138
Trd, 4318839.393, 128
Trd, 4318840.243, 74
Trd, 4318840.743, 67
Trd, 4318843.293, 115
Trd, 4318843.343, 112
Trd, 4318843.643, 105
Trd, 4318845.493, 101
Trd, 4318845.593, 107
Trd, 4318845.943, 75
Trd, 4318846.093, 96
Trd, 4318847.043, 71
Trd, 4318848.143, 62
Trd, 4318848.193, 65
Trd, 4318848.943, 67
Trd, 4318851.143, 79
Trd, 4318851.593, 76
Trd, 4318851.893, 69
Trd, 4318852.043, 81
Trd, 4318852.493, 83
Trd, 4318855.093, 110
Trd, 4318855.243, 100
Trd, 4318855.293, 98
Trd, 4318856.143, 80
Trd, 4318857.393, 61
Trd, 4318858.043, 67
Trd, 4318858.393, 108
Trd, 4318858.943, 100
Trd, 4318860.393, 108
Trd, 4318860.493, 102
Trd, 4318861.343, 128
Trd, 4318861.593, 122
Trd, 4318861.793, 102
Trd, 4318862.493, 115
Trd, 4318863.143, 103
Trd, 4318863.343, 88
Trd, 4318864.743, 87
Trd, 4318864.993, 87
Trd, 4318865.343, 67
Trd, 4318868.893, 60
Trd, 4318869.143, 73
Trd, 4318869.293, 78
Trd, 4318869.543, 61
Trd, 4318869.643, 88
Trd, 4318870.893, 64
Trd, 4318870.943, 85
Trd, 4318871.343, 60
Trd, 4318871.793, 70
Trd, 4318873.093, 112
Trd, 4318873.693, 107
Trd, 4318874.393, 87
Trd, 4318875.243, 64
Trd, 4318876.543, 67
Trd, 4318876.893, 103
Trd, 4318878.593, 92
Trd, 4318878.943, 100
Trd, 4318879.143, 117
Trd, 4318879.243, 86
Trd, 4318879.643, 121
Trd, 4318880.393, 116
Trd, 4318880.843, 100
Trd, 4318881.893, 94
Trd, 4318882.293, 88
Trd, 4318883.593, 76
Trd, 4318884.193, 140
Trd, 4318884.493, 86
Trd, 4318886.043, 81
Trd, 4318886.143, 92
Trd, 4318886.493, 107
Trd, 4318886.993, 102
Trd, 4318887.493, 98
Trd, 4318888.343, 131
Trd, 4318889.143, 70
Trd, 4318890.593, 81
Trd, 4318890.843, 71
Trd, 4318891.943, 95
Trd, 4318892.093, 109
Trd, 4318892.443, 133
Trd, 4318892.893, 136
Trd, 4318893.893, 109
Trd, 4318893.993, 102
Trd, 4318894.843, 106
Trd, 4318894.993, 102
Trd, 4318896.243, 67
Trd, 4318896.593, 113
Trd, 4318897.393, 99
Trd, 4318898.743, 62
Trd, 4318899.643, 61
Trd, 4318900.243, 65
Trd, 4318900.893, 71
Trd, 4318901.193, 76
Trd, 4318901.843, 62
Trd, 4318902.543, 95
Trd, 4318902.793, 104
Trd, 4318903.693, 94
Trd, 4318904.493, 78
Trd, 4318905.393, 110
Trd, 4318905.493, 103
Trd, 4318906.943, 88
Trd, 4318907.893, 118
Trd, 4318908.043, 82
Trd, 4318908.193, 78
Trd, 4318909.943, 123
Trd, 4318910.143, 117
Trd, 4318910.443, 106
Trd, 4318910.843, 100
Trd, 4318911.443, 74
Trd, 4318912.743, 127
Trd, 4318912.993, 86
Trd, 4318914.943, 69
Trd, 4318915.693, 137
Trd, 4318915.843, 117
Trd, 4318916.443, 93
Trd, 4318917.843, 104
Trd, 4318918.243, 95
Trd, 4318918.393, 125
Trd, 4318918.793, 96
Trd, 4318919.593, 94
Trd, 4318920.293, 89
Trd, 4318921.243, 113
Trd, 4318921.443, 101
Trd, 4318922.493, 100
Trd, 4318922.793, 87
Trd, 4318922.893, 97
Trd, 4318923.593, 126
Trd, 4318924.443, 81
Trd, 4318924.843, 99
Trd, 4318925.943, 70
Trd, 4318926.143, 128
Trd, 4318927.943, 114
Trd, 4318928.593, 74
Trd, 4318928.893, 66
Trd, 4318929.093, 80
Trd, 4318929.343, 67
Trd, 4318929.793, 86
Trd, 4318931.393, 91
Trd, 4318932.043, 66
Trd, 4318932.493, 90
Trd, 4318933.593, 65
Trd, 4318934.293, 61
Trd, 4318934.343, 67
Trd, 4318935.193, 85
Trd, 4318935.243, 107
Trd, 4318935.643, 60
Trd, 4318936.093, 61
Trd, 4318936.743, 64
Trd, 4318937.193, 84
Trd, 4318938.693, 63
Trd, 4318938.743, 65
Trd, 4318939.143, 127
Trd, 4318941.243, 62
Trd, 4318941.343, 70
Trd, 4318941.993, 109
Trd, 4318942.693, 94
Trd, 4318943.293, 122
Trd, 4318943.743, 121
Trd, 4318945.243, 61
Trd, 4318945.693, 63
Trd, 4318946.243, 63
Trd, 4318946.593, 72
Trd, 4318948.093, 60
Trd, 4318948.643, 68
Trd, 4318950.693, 63
Trd, 4318950.993, 61
Trd, 4318951.393, 67
Trd, 4318952.293, 83
Trd, 4318952.543, 75
Trd, 4318953.343, 107
Trd, 4318954.043, 106
Trd, 4318955.143, 94
Trd, 4318955.793, 92
Trd, 4318956.243, 128
Trd, 4318957.743, 132
Trd, 4318958.293, 127
Trd, 4318958.443, 109
Trd, 4318959.193, 128
Trd, 4318960.093, 119
Trd, 4318960.543, 119
Trd, 4318960.893, 121
Trd, 4318961.943, 135
Trd, 4318962.493, 122
Trd, 4318963.393, 111
Trd, 4318963.443, 107
Trd, 4318965.243, 61
Trd, 4318965.693, 72
Trd, 4318966.943, 104
Trd, 4318967.793, 102
Trd, 4318968.343, 87
Trd, 4318968.393, 85
Trd, 4318969.493, 85
Trd, 4318969.793, 138
Trd, 4318970.093, 79
Trd, 4318970.393, 94
Trd, 4318970.743, 98
Trd, 4318971.143, 94
Trd, 4318972.043, 119
Trd, 4318973.293, 119
Trd, 4318973.893, 114
Trd, 4318973.943, 107
Trd, 4318974.193, 127
Trd, 4318975.543, 88
Trd, 4318976.493, 75
Trd, 4318976.943, 74
Trd, 4318977.793, 71
Trd, 4318978.893, 89
Trd, 4318980.143, 97
Trd, 4318980.293, 101
Trd, 4318980.443, 93
Trd, 4318981.643, 92
Trd, 4318981.943, 83
Trd, 4318982.193, 73
Trd, 4318982.943, 79
Trd, 4318983.193, 74
Trd, 4318984.343, 121
Trd, 4318984.493, 117
Trd, 4318984.593, 68
Trd, 4318987.293, 60
Trd, 4318987.893, 64
Trd, 4318988.743, 104
Trd, 4318989.243, 99
Trd, 4318989.393, 92
Trd, 4318990.193, 86
Trd, 4318990.343, 85
Trd, 4318990.743, 79
Trd, 4318991.093, 79
Trd, 4318991.193, 61
Trd, 4318991.543, 94
Trd, 4318992.693, 89
Trd, 4318992.743, 118
Trd, 4318993.393, 60
Trd, 4318995.993, 62
Trd, 4318997.093, 61
Trd, 4318997.393, 62
Trd, 4318997.743, 84
Trd, 4318998.243, 80
Trd, 4318998.693, 63
Trd, 4319000.093, 62
Trd, 4319001.143, 61
Trd, 4319001.693, 62
Trd, 4319003.143, 63
Trd, 4319004.143, 62
Trd, 4319005.043, 83
Trd, 4319005.393, 132
Trd, 4319005.793, 126
Trd, 4319006.193, 121
Trd, 4319006.543, 114
Trd, 4319008.443, 123
Trd, 4319008.793, 127
Trd, 4319009.593, 85
Trd, 4319009.793, 84
Trd, 4319010.193, 109
Trd, 4319010.543, 78
Trd, 4319011.143, 101
Trd, 4319011.793, 77
Trd, 4319011.943, 74
Trd, 4319012.093, 114
Trd, 4319012.693, 61
Trd, 4319014.393, 96
Trd, 4319015.043, 97
Trd, 4319015.293, 93
Trd, 4319016.293, 116
Trd, 4319016.443, 85
Trd, 4319017.943, 117
Trd, 4319018.843, 80
Trd, 4319019.493, 80
Trd, 4319020.043, 112
Trd, 4319020.393, 125
Trd, 4319020.843, 113
Trd, 4319021.043, 62
Trd, 4319022.193, 107
Trd, 4319022.493, 85
Trd, 4319024.343, 61
Trd, 4319024.743, 78
Trd, 4319025.093, 62
Trd, 4319026.743, 63
Trd, 4319028.343, 67
Trd, 4319030.243, 67
Trd, 4319030.493, 69
Trd, 4319031.043, 69
Trd, 4319031.393, 68
Trd, 4319032.993, 127
Trd, 4319033.043, 121
Trd, 4319033.393, 114
Trd, 4319033.743, 103
Trd, 4319034.093, 97
Trd, 4319035.543, 137
Trd, 4319035.593, 107
Trd, 4319036.093, 124
Trd, 4319036.343, 102
Trd, 4319036.493, 95
Trd, 4319038.293, 117
Trd, 4319038.393, 116
Trd, 4319039.243, 99
Trd, 4319039.493, 88
Trd, 4319040.493, 67
Trd, 4319040.643, 60
Trd, 4319040.793, 110
Trd, 4319042.293, 125
Trd, 4319042.543, 90
Trd, 4319043.293, 87
Trd, 4319044.343, 113
Trd, 4319044.393, 108
Trd, 4319045.093, 86
Trd, 4319045.143, 85
Trd, 4319046.543, 116
Trd, 4319048.093, 123
Trd, 4319048.493, 115
Trd, 4319049.643, 114
Trd, 4319049.843, 110
Trd, 4319050.443, 116
Trd, 4319050.543, 105
Trd, 4319051.643, 99
Trd, 4319052.043, 106
Trd, 4319052.293, 74
Trd, 4319052.843, 88
Trd, 4319056.643, 63
Trd, 4319056.793, 63
Trd, 4319057.243, 66
Trd, 4319058.043, 98
Trd, 4319059.143, 104
Trd, 4319059.193, 80
Trd, 4319059.893, 80
Trd, 4319060.443, 138
Trd, 4319060.493, 75
Trd, 4319061.193, 81
Trd, 4319062.093, 126
Trd, 4319062.693, 135
Trd, 4319064.693, 135
Trd, 4319065.493, 133
Trd, 4319065.593, 128
Trd, 4319065.843, 123
Trd, 4319066.643, 120
Trd, 4319066.693, 114
Trd, 4319067.943, 63
Trd, 4319068.193, 64
Trd, 4319069.093, 106
Trd, 4319069.643, 96
Trd, 4319069.843, 88
Trd, 4319070.093, 73
Trd, 4319070.793, 66
Trd, 4319071.643, 80
Trd, 4319074.043, 60
Trd, 4319074.393, 60
Trd, 4319075.893, 124
Trd, 4319077.443, 85
Trd, 4319077.893, 86
Trd, 4319078.193, 124
Trd, 4319078.293, 118
Trd, 4319078.543, 94
Trd, 4319078.943, 102
Trd, 4319080.143, 62
Trd, 4319081.343, 63
Trd, 4319081.643, 66
Trd, 4319082.543, 88
Trd, 4319082.943, 73
Trd, 4319083.643, 111
Trd, 4319083.843, 70
Trd, 4319085.793, 133
Trd, 4319085.993, 124
Trd, 4319087.993, 66
Trd, 4319088.093, 96
Trd, 4319088.843, 98
Trd, 4319089.593, 96
Trd, 4319091.143, 97
Trd, 4319091.493, 91
Trd, 4319091.593, 75
Trd, 4319091.993, 99
Trd, 4319092.793, 134
Trd, 4319093.093, 123
Trd, 4319093.943, 114
Trd, 4319095.243, 89
Trd, 4319096.243, 83
Trd, 4319097.243, 87
Trd, 4319097.943, 114
Trd, 4319098.493, 97
Trd, 4319099.243, 98
Trd, 4319099.693, 83
Trd, 4319100.843, 81
Trd, 4319100.993, 90
Trd, 4319101.293, 100
Trd, 4319101.493, 83
Trd, 4319101.593, 78
Trd, 4319101.943, 69
Trd, 4319104.293, 107
Trd, 4319104.493, 93
Trd, 4319104.793, 94
Trd, 4319105.293, 107
Trd, 4319105.843, 97
Trd, 4319105.893, 86
Trd, 4319106.743, 111
Trd, 4319107.493, 67
Trd, 4319107.893, 87
Trd, 4319108.693, 77
Trd, 4319109.843, 84
Trd, 4319109.893, 76
Trd, 4319110.493, 75
Trd, 4319111.493, 104
Trd, 4319111.593, 94
Trd, 4319111.693, 73
Trd, 4319112.893, 79
Trd, 4319113.343, 85
Trd, 4319113.693, 76
Trd, 4319116.143, 61
Trd, 4319116.543, 122
Trd, 4319117.293, 60
Trd, 4319118.043, 69
Trd, 4319118.343, 62
Trd, 4319119.993, 61
Trd, 4319120.643, 123
Trd, 4319121.793, 76
Trd, 4319122.393, 71
Trd, 4319123.943, 62
Trd, 4319124.193, 69
Trd, 4319125.843, 123
Trd, 4319125.943, 117
Trd, 4319126.443, 110
Trd, 4319127.243, 123
Trd, 4319127.393, 119
Trd, 4319127.593, 94
Trd, 4319127.843, 93
Trd, 4319128.193, 90
Trd, 4319128.743, 88
Trd, 4319129.693, 85
Trd, 4319131.793, 101
Trd, 4319132.043, 89
Trd, 4319132.593, 102
Trd, 4319133.593, 111
Trd, 4319134.093, 118
Trd, 4319134.643, 89
Trd, 4319134.943, 125
Trd, 4319135.043, 81
Trd, 4319136.343, 60
Trd, 4319136.593, 61
Trd, 4319136.893, 66
Trd, 4319137.393, 62
Trd, 4319138.243, 131
Trd, 4319138.743, 61
Trd, 4319139.393, 82
Trd, 4319139.493, 63
Trd, 4319139.943, 64
Trd, 4319141.193, 69
Trd, 4319141.543, 85
Trd, 4319142.643, 74
Trd, 4319143.793, 87
Trd, 4319144.843, 78
Trd, 4319145.043, 74
Trd, 4319145.893, 135
Trd, 4319147.043, 95
Trd, 4319147.543, 81
Trd, 4319148.643, 92
Trd, 4319148.693, 91
Trd, 4319149.293, 84
Trd, 4319150.043, 82
Trd, 4319151.243, 117
Trd, 4319151.343, 77
Trd, 4319151.843, 93
Trd, 4319152.293, 92
Trd, 4319152.993, 82
Trd, 4319153.093, 66
Trd, 4319153.543, 113
Trd, 4319155.743, 66
Trd, 4319156.043, 111
Trd, 4319156.243, 72
Trd, 4319157.143, 64
Trd, 4319158.193, 60
Trd, 4319158.393, 67
Trd, 4319161.043, 84
Trd, 4319161.193, 96
Trd, 4319161.693, 85
Trd, 4319161.943, 86
Trd, 4319162.943, 86
Trd, 4319165.143, 74
Trd, 4319165.493, 117
Trd, 4319165.943, 74
Trd, 4319166.493, 120
Trd, 4319167.193, 104
Trd, 4319167.343, 87
Trd, 4319167.743, 74
Trd, 4319169.043, 86
Trd, 4319169.293, 68
Trd, 4319170.643, 111
Trd, 4319171.643, 107
Trd, 4319171.693, 104
Trd, 4319173.443, 139
Trd, 4319173.643, 135
Trd, 4319173.843, 88
Trd, 4319173.893, 83
Trd, 4319174.093, 94
Trd, 4319174.593, 66
Trd, 4319175.693, 87
Trd, 4319176.043, 118
Trd, 4319178.193, 132
Trd, 4319179.093, 121
Trd, 4319179.743, 110
Trd, 4319179.843, 105
Trd, 4319180.893, 87
Trd, 4319181.143, 73
Trd, 4319181.443, 86
Trd, 4319183.443, 128
Trd, 4319183.843, 123
Trd, 4319184.443, 122
Trd, 4319185.793, 120
Trd, 4319186.293, 117
Trd, 4319186.543, 112
Trd, 4319186.643, 109
Trd, 4319187.443, 109
Trd, 4319187.543, 98
Trd, 4319188.043, 97
Trd, 4319188.243, 98
Trd, 4319188.993, 98
Trd, 4319189.093, 89
Trd, 4319191.243, 63
Trd, 4319191.693, 65
Trd, 4319191.993, 69
Trd, 4319192.343, 70
Trd, 4319193.193, 61
Trd, 4319193.843, 77
Trd, 4319194.043, 102
Trd, 4319195.743, 103
Trd, 4319196.043, 131
Trd, 4319196.143, 117
Trd, 4319196.593, 112
Trd, 4319196.843, 106
Trd, 4319199.443, 99
Trd, 4319199.743, 106
Trd, 4319201.043, 124
Trd, 4319201.293, 85
Trd, 4319202.093, 82
Trd, 4319203.293, 86
Trd, 4319203.393, 80
Trd, 4319203.893, 90
Trd, 4319204.643, 98
Trd, 4319204.793, 79
Trd, 4319205.143, 93
Trd, 4319205.793, 78
Trd, 4319206.093, 94
Trd, 4319206.193, 73
Trd, 4319208.543, 60
Trd, 4319209.293, 79
Trd, 4319210.743, 78
Trd, 4319211.293, 69
Trd, 4319211.943, 99
Trd, 4319212.043, 76
Trd, 4319212.793, 71
Trd, 4319213.893, 63
Trd, 4319214.143, 79
Trd, 4319215.593, 62
Trd, 4319215.993, 94
Trd, 4319217.043, 90
Trd, 4319217.593, 87
Trd, 4319218.243, 96
Trd, 4319218.393, 84
Trd, 4319218.843, 120
Trd, 4319219.693, 105
Trd, 4319221.393, 88
Trd, 4319221.843, 109
Trd, 4319221.993, 124
Trd, 4319222.243, 82
Trd, 4319222.943, 91
Trd, 4319223.343, 93
Trd, 4319223.543, 90
Trd, 4319224.593, 60
Trd, 4319226.893, 106
Trd, 4319226.943, 98
Trd, 4319227.293, 126
Trd, 4319227.393, 93
Trd, 4319228.493, 101
Trd, 4319229.043, 113
Trd, 4319229.943, 103
Trd, 4319231.343, 96
Trd, 4319231.393, 84
Trd, 4319231.893, 128
Trd, 4319232.493, 134
Trd, 4319232.593, 121
Trd, 4319233.293, 116
Trd, 4319233.493, 108
Trd, 4319234.293, 101
Trd, 4319236.643, 94
Trd, 4319237.093, 88
Trd, 4319237.543, 88
Trd, 4319239.043, 101
Trd, 4319239.593, 106
Trd, 4319239.743, 112
Trd, 4319240.793, 112
Trd, 4319241.243, 109
Trd, 4319241.543, 129
Trd, 4319241.743, 105
Trd, 4319242.293, 109
Trd, 4319243.993, 96
Trd, 4319244.193, 85
Trd, 4319245.293, 80
Trd, 4319245.343, 131
Trd, 4319245.743, 82
Trd, 4319246.243, 76
Trd, 4319246.393, 70
Trd, 4319247.993, 70
Trd, 4319248.943, 63
Trd, 4319248.993, 77
Trd, 4319249.193, 80
Trd, 4319250.043, 124
Trd, 4319251.093, 111
Trd, 4319251.493, 107
Trd, 4319251.943, 110
Trd, 4319252.093, 100
Trd, 4319252.943, 85
Trd, 4319253.293, 73
Trd, 4319253.693, 62
Trd, 4319254.043, 61
Trd, 4319254.893, 95
Trd, 4319255.793, 80
Trd, 4319256.243, 89
Trd, 4319257.743, 72
Trd, 4319258.393, 60
Trd, 4319259.643, 98
Trd, 4319260.543, 107
Trd, 4319260.643, 99
Trd, 4319261.093, 90
Trd, 4319261.443, 99
Trd, 4319261.693, 83
Trd, 4319264.393, 113
Trd, 4319264.443, 108
Trd, 4319264.843, 90
Trd, 4319265.043, 134
Trd, 4319265.393, 94
Trd, 4319265.693, 125
Trd, 4319267.243, 65
Trd, 4319267.343, 83
Trd, 4319267.693, 90
Trd, 4319268.793, 86
Trd, 4319268.993, 96
Trd, 4319269.093, 70
Trd, 4319270.393, 68
Trd, 4319270.943, 67
Trd, 4319270.993, 67
Trd, 4319272.043, 101
Trd, 4319272.843, 115
Trd, 4319272.893, 110
Trd, 4319273.393, 109
Trd, 4319273.693, 104
Trd, 4319275.143, 121
Trd, 4319275.693, 102
Trd, 4319276.143, 138
Trd, 4319276.343, 91
Trd, 4319276.943, 73
Trd, 4319278.693, 61
Trd, 4319279.543, 95
Trd, 4319280.243, 82
Trd, 4319281.043, 70
Trd, 4319281.743, 85
Trd, 4319282.893, 82
Trd, 4319283.393, 72
Trd, 4319283.943, 105
Trd, 4319284.343, 72
Trd, 4319285.793, 114
Trd, 4319285.943, 101
Trd, 4319286.843, 93
Trd, 4319287.293, 87
Trd, 4319287.343, 86
Trd, 4319287.693, 84
Trd, 4319288.343, 77
Trd, 4319290.593, 60
Trd, 4319291.543, 109
Trd, 4319291.743, 78
Trd, 4319291.893, 72
Trd, 4319292.493, 112
Trd, 4319292.593, 117
Trd, 4319293.393, 88
Trd, 4319293.543, 84
Trd, 4319293.843, 105
Trd, 4319295.143, 64
Trd, 4319296.843, 61
Trd, 4319297.193, 62
Trd, 4319297.593, 78
Trd, 4319297.693, 72
Trd, 4319298.743, 115
Trd, 4319299.243, 107
Trd, 4319300.093, 120
Trd, 4319301.293, 112
Trd, 4319301.493, 111
Trd, 4319301.593, 107
Trd, 4319301.693, 102
Trd, 4319302.293, 127
Trd, 4319302.393, 117
Trd, 4319302.943, 110
Trd, 4319304.443, 104
Trd, 4319305.043, 65
Trd, 4319305.493, 99
Trd, 4319305.643, 71
Trd, 4319308.493, 118
Trd, 4319308.943, 114
Trd, 4319309.293, 128
Trd, 4319310.443, 114
Trd, 4319311.393, 117
Trd, 4319311.543, 116
Trd, 4319311.643, 102
Trd, 4319312.393, 107
Trd, 4319313.643, 134
Trd, 4319314.443, 108
Trd, 4319315.193, 122
Trd, 4319315.393, 110
Trd, 4319316.943, 134
Trd, 4319317.043, 118
Trd, 4319317.393, 116
Trd, 4319317.543, 107
Trd, 4319318.243, 96
Trd, 4319318.793, 84
Trd, 4319319.293, 62
Trd, 4319319.943, 81
Trd, 4319320.043, 80
Trd, 4319320.693, 73
Trd, 4319321.193, 86
Trd, 4319321.493, 60
Trd, 4319322.093, 61
Trd, 4319323.343, 67
Trd, 4319323.693, 131
Trd, 4319323.793, 117
Trd, 4319324.243, 82
Trd, 4319326.743, 72
Trd, 4319326.893, 92
Trd, 4319327.143, 74
Trd, 4319327.543, 116
Trd, 4319328.093, 110
Trd, 4319328.243, 80
Trd, 4319330.193, 97
Trd, 4319330.793, 92
Trd, 4319331.193, 83
Trd, 4319332.443, 83
Trd, 4319332.743, 138
Trd, 4319333.493, 103
Trd, 4319333.593, 91
Trd, 4319334.043, 71
Trd, 4319335.043, 75
Trd, 4319336.293, 68
Trd, 4319336.643, 60
Trd, 4319338.643, 63
Trd, 4319338.843, 61
Trd, 4319339.243, 75
Trd, 4319339.793, 84
Trd, 4319341.093, 88
Trd, 4319341.243, 87
Trd, 4319341.743, 73
Trd, 4319342.243, 117
Trd, 4319342.693, 106
Trd, 4319343.843, 123
Trd, 4319344.093, 96
Trd, 4319345.093, 62
Trd, 4319345.493, 67
Trd, 4319346.343, 82
Trd, 4319346.743, 69
Trd, 4319347.793, 63
Trd, 4319349.043, 95
Trd, 4319349.593, 115
Trd, 4319350.893, 130
Trd, 4319351.093, 118
Trd, 4319351.343, 90
Trd, 4319351.593, 114
Trd, 4319352.943, 117
Trd, 4319353.343, 61
Trd, 4319354.143, 102
Trd, 4319356.093, 131
Trd, 4319356.893, 126
Trd, 4319357.143, 121
Trd, 4319357.893, 112
Trd, 4319358.593, 104
Trd, 4319359.543, 123
Trd, 4319360.693, 100
Trd, 4319361.043, 112
Trd, 4319361.743, 106
Trd, 4319361.843, 106
Trd, 4319363.043, 88
Trd, 4319363.893, 135
Trd, 4319363.943, 81
Trd, 4319363.993, 80
Trd, 4319364.643, 109
Trd, 4319365.193, 104
Trd, 4319365.543, 112
Trd, 4319366.293, 109
Trd, 4319368.343, 121
Trd, 4319368.893, 125
Trd, 4319370.093, 116
Trd, 4319370.143, 112
Trd, 4319370.193, 111
Trd, 4319370.843, 97
Trd, 4319371.443, 117
Trd, 4319373.043, 80
Trd, 4319373.293, 65
Trd, 4319374.093, 71
Trd, 4319374.243, 76
Trd, 4319374.893, 60
Trd, 4319377.243, 66
Trd, 4319377.893, 61
Trd, 4319378.293, 66
Trd, 4319380.243, 66
Trd, 4319380.393, 77
Trd, 4319381.393, 99
Trd, 4319381.793, 92
Trd, 4319382.993, 94
Trd, 4319383.843, 113
Trd, 4319384.443, 109
Trd, 4319384.893, 104
Trd, 4319385.343, 83
Trd, 4319386.643, 118
Trd, 4319386.793, 108
Trd, 4319387.543, 103
Trd, 4319388.943, 116
Trd, 4319389.443, 107
Trd, 4319389.993, 86
Trd, 4319391.243, 125
Trd, 4319391.293, 119
Trd, 4319391.393, 87
Trd, 4319392.193, 76
Trd, 4319392.593, 66
Trd, 4319394.893, 121
Trd, 4319395.193, 115
Trd, 4319395.693, 107
Trd, 4319397.193, 91
Trd, 4319397.343, 67
Trd, 4319398.193, 123
Trd, 4319399.043, 122
Trd, 4319399.093, 103
Trd, 4319399.343, 83
Trd, 4319399.543, 76
Trd, 4319401.843, 101
Trd, 4319402.593, 115
Trd, 4319404.043, 119
Trd, 4319405.093, 131
Trd, 4319405.593, 98
Trd, 4319405.743, 97
Trd, 4319406.143, 103
Trd, 4319406.343, 100
Trd, 4319407.343, 133
Trd, 4319407.543, 92
Trd, 4319408.143, 87
Trd, 4319408.593, 84
Trd, 4319408.693, 98
Trd, 4319410.243, 117
Trd, 4319411.443, 99
Trd, 4319411.793, 77
Trd, 4319412.593, 61
Trd, 4319413.393, 104
Trd, 4319413.543, 89
Trd, 4319414.893, 61
Trd, 4319415.243, 60
Trd, 4319415.543, 89
Trd, 4319416.543, 97
Trd, 4319416.693, 80
Trd, 4319416.993, 73
Trd, 4319417.343, 93
Trd, 4319418.593, 61
Trd, 4319419.943, 68
Trd, 4319421.793, 66
Trd, 4319423.243, 78
Trd, 4319423.343, 79
Trd, 4319424.243, 74
Trd, 4319424.643, 73
Trd, 4319424.743, 73
Trd, 4319424.843, 76
Trd, 4319425.643, 80
Trd, 4319426.343, 100
Trd, 4319427.043, 86
Trd, 4319427.343, 121
Trd, 4319428.393, 132
Trd, 4319428.843, 71
Trd, 4319429.393, 96
Trd, 4319430.443, 104
Trd, 4319430.543, 83
Trd, 4319431.193, 63
Trd, 4319432.443, 95
Trd, 4319432.893, 75
Trd, 4319433.093, 99
Trd, 4319433.343, 68
Trd, 4319435.493, 80
Trd, 4319435.693, 87
Trd, 4319436.093, 75
Trd, 4319436.893, 83
Trd, 4319437.443, 91
Trd, 4319439.093, 94
Trd, 4319439.193, 84
Trd, 4319440.093, 117
Trd, 4319441.193, 111
Trd, 4319441.293, 106
Trd, 4319441.643, 107
Trd, 4319442.843, 121
Trd, 4319443.593, 119
Trd, 4319446.043, 129
Trd, 4319446.643, 114
Trd, 4319447.993, 116
Trd, 4319448.843, 94
Trd, 4319449.793, 98
Trd, 4319450.243, 79
Trd, 4319450.943, 90
Trd, 4319451.093, 72
Trd, 4319451.293, 106
Trd, 4319452.343, 75
Trd, 4319452.993, 74
Trd, 4319454.043, 125
Trd, 4319454.293, 75
Trd, 4319454.843, 119
Trd, 4319454.943, 113
Trd, 4319454.993, 111
Trd, 4319455.143, 107
Trd, 4319455.643, 92
Trd, 4319456.593, 135
Trd, 4319458.693, 126
Trd, 4319458.943, 109
Trd, 4319459.893, 96
Trd, 4319460.243, 98
Trd, 4319460.393, 119
Trd, 4319461.893, 117
Trd, 4319462.143, 95
Trd, 4319462.193, 94
Trd, 4319462.593, 89
Trd, 4319463.393, 80
Trd, 4319465.293, 126
Trd, 4319465.693, 101
Trd, 4319466.943, 99
Trd, 4319467.193, 82
Trd, 4319467.743, 98
Trd, 4319467.893, 68
Trd, 4319469.243, 122
Trd, 4319469.543, 119
Trd, 4319470.293, 92
Trd, 4319470.493, 68
Trd, 4319470.943, 69
Trd, 4319471.993, 124
Trd, 4319473.643, 85
Trd, 4319475.093, 60
Trd, 4319476.043, 69
Trd, 4319476.343, 120
Trd, 4319476.393, 64
Trd, 4319477.243, 60
Trd, 4319479.043, 60
Trd, 4319479.643, 95
Trd, 4319480.043, 89
Trd, 4319480.343, 85
Trd, 4319481.193, 105
Trd, 4319482.093, 139
Trd, 4319482.143, 122
Trd, 4319482.793, 120
Trd, 4319483.243, 120
Trd, 4319483.293, 107
Trd, 4319484.143, 114
Trd, 4319484.693, 97
Trd, 4319484.743, 91
Trd, 4319486.393, 90
Trd, 4319486.993, 108
Trd, 4319488.243, 76
Trd, 4319488.343, 66
Trd, 4319488.793, 106
Trd, 4319489.493, 63
Trd, 4319491.393, 109
Trd, 4319491.543, 122
Trd, 4319492.243, 98
Trd, 4319492.643, 71
Trd, 4319494.593, 123
Trd, 4319495.343, 128
Trd, 4319495.643, 122
Trd, 4319496.143, 125
Trd, 4319496.243, 90
Trd, 4319497.343, 87
Trd, 4319497.843, 114
Trd, 4319498.893, 110
Trd, 4319499.043, 109
Trd, 4319499.243, 70
Trd, 4319500.843, 106
Trd, 4319502.743, 107
Trd, 4319502.793, 104
Trd, 4319503.293, 129
Trd, 4319503.643, 123
Trd, 4319504.393, 125
Trd, 4319505.193, 117
Trd, 4319506.293, 137
Trd, 4319506.693, 123
Trd, 4319507.493, 130
Trd, 4319508.993, 100
Trd, 4319509.343, 123
Trd, 4319509.643, 96
Trd, 4319510.093, 123
Trd, 4319511.743, 130
Trd, 4319511.843, 117
Trd, 4319513.943, 109
Trd, 4319514.143, 108
Trd, 4319514.393, 96
Trd, 4319514.493, 91
Trd, 4319515.143, 110
Trd, 4319516.343, 120
Trd, 4319516.593, 111
Trd, 4319516.743, 94
Trd, 4319517.443, 132
Trd, 4319518.543, 137
Trd, 4319518.843, 123
Trd, 4319519.093, 83
Trd, 4319521.043, 75
Trd, 4319521.293, 79
Trd, 4319522.093, 83
Trd, 4319522.193, 79
Trd, 4319522.343, 77
Trd, 4319522.493, 100
Trd, 4319523.093, 137
Trd, 4319524.543, 87
Trd, 4319525.693, 71
Trd, 4319526.693, 112
Trd, 4319527.393, 84
Trd, 4319528.343, 89
Trd, 4319528.543, 85
Trd, 4319528.993, 70
Trd, 4319530.743, 67
Trd, 4319531.293, 87
Trd, 4319532.293, 119
Trd, 4319532.943, 114
Trd, 4319534.143, 117
Trd, 4319534.893, 110
Trd, 4319535.793, 99
Trd, 4319535.893, 90
Trd, 4319536.143, 84
Trd, 4319536.843, 136
Trd, 4319537.493, 127
Trd, 4319537.993, 108
Trd, 4319539.093, 64
Trd, 4319539.993, 91
Trd, 4319540.243, 70
Trd, 4319541.643, 82
Trd, 4319541.943, 76
Trd, 4319542.243, 105
Trd, 4319542.843, 74
Trd, 4319543.293, 78
Trd, 4319543.543, 73
Trd, 4319544.993, 78
Trd, 4319545.143, 92
Trd, 4319545.243, 77
Trd, 4319546.443, 89
Trd, 4319546.743, 88
Trd, 4319547.893, 60
Trd, 4319548.593, 61
Trd, 4319549.293, 114
Trd, 4319550.243, 85
Trd, 4319551.143, 82
Trd, 4319551.843, 92
Trd, 4319552.093, 80
Trd, 4319552.393, 85
Trd, 4319552.693, 95
Trd, 4319553.593, 139
Trd, 4319554.243, 100
Trd, 4319554.893, 86
Trd, 4319555.593, 65
Trd, 4319556.143, 65
Trd, 4319559.143, 60
Trd, 4319559.793, 61
Trd, 4319560.193, 60
Trd, 4319560.443, 70
Trd, 4319561.943, 74
Trd, 4319561.993, 88
Trd, 4319562.393, 117
Trd, 4319563.493, 61
Trd, 4319563.593, 63
Trd, 4319564.593, 60
Trd, 4319564.693, 68
Trd, 4319565.743, 71
Trd, 4319566.193, 68
Trd, 4319567.393, 118
Trd, 4319568.043, 92
Trd, 4319568.943, 67
Trd, 4319570.193, 71
Trd, 4319570.293, 89
Trd, 4319571.043, 98
Trd, 4319571.093, 67
Trd, 4319572.743, 119
Trd, 4319573.743, 65
Trd, 4319575.893, 97
Trd, 4319576.243, 90
Trd, 4319576.593, 116
Trd, 4319579.093, 114
Trd, 4319579.593, 108
Trd, 4319580.593, 91
Trd, 4319580.743, 68
Trd, 4319581.293, 95
Trd, 4319581.743, 85
Trd, 4319582.443, 129
Trd, 4319582.593, 105
Trd, 4319583.493, 90
Trd, 4319583.593, 84
Trd, 4319583.793, 81
Trd, 4319586.243, 100
Trd, 4319586.693, 77
Trd, 4319586.993, 75
Trd, 4319588.093, 123
Trd, 4319588.993, 125
Trd, 4319589.543, 111
Trd, 4319589.893, 99
Trd, 4319590.893, 103
Trd, 4319591.043, 120
Trd, 4319591.843, 92
Trd, 4319592.343, 130
Trd, 4319592.543, 123
Trd, 4319593.993, 90
Trd, 4319594.793, 78
Trd, 4319595.693, 91
Trd, 4319596.043, 92
Trd, 4319596.293, 80
Trd, 4319596.743, 139
Trd, 4319597.643, 116
Trd, 4319597.793, 110
Trd, 4319598.993, 89
Trd, 4319599.943, 111
Trd, 4319601.043, 101
Trd, 4319601.493, 113
Trd, 4319601.793, 117
Trd, 4319602.193, 105
Trd, 4319602.443, 117
Trd, 4319602.843, 104
Trd, 4319604.293, 124
Trd, 4319605.143, 112
Trd, 4319605.593, 128
Trd, 4319605.993, 99
Trd, 4319606.193, 73
Trd, 4319608.143, 105
Trd, 4319608.193, 102
Trd, 4319608.243, 101
Trd, 4319608.493, 94
Trd, 4319609.393, 60
Trd, 4319609.993, 107
Trd, 4319610.693, 73
Trd, 4319611.993, 75
Trd, 4319613.193, 69
Trd, 4319614.393, 113
Trd, 4319615.743, 110
Trd, 4319617.243, 86
Trd, 4319617.743, 110
Trd, 4319617.893, 85
Trd, 4319618.143, 87
Trd, 4319618.693, 70
Trd, 4319619.043, 121
Trd, 4319619.993, 114
Trd, 4319620.793, 105
Trd, 4319621.593, 98
Trd, 4319622.493, 108
Trd, 4319622.793, 104
Trd, 4319623.543, 95
Trd, 4319623.943, 89
Trd, 4319625.943, 117
Trd, 4319627.143, 62
Trd, 4319627.493, 95
Trd, 4319628.143, 81
Trd, 4319628.693, 93
Trd, 4319630.043, 98
Trd, 4319630.093, 105
Trd, 4319630.393, 94
Trd, 4319630.593, 88
Trd, 4319631.593, 106
Trd, 4319631.893, 68
Trd, 4319632.093, 66
Trd, 4319633.393, 76
Trd, 4319634.393, 75
Trd, 4319635.893, 99
Trd, 4319636.693, 106
Trd, 4319637.143, 103
Trd, 4319637.543, 92
Trd, 4319637.643, 99
Trd, 4319638.193, 119
Trd, 4319638.543, 95
Trd, 4319638.993, 113
Trd, 4319639.743, 117
Trd, 4319640.743, 71
Trd, 4319640.993, 60
Trd, 4319641.393, 61
Trd, 4319642.493, 61
Trd, 4319643.093, 66
Trd, 4319644.693, 66
Trd, 4319644.993, 70
Trd, 4319645.543, 61
Trd, 4319646.893, 62
Trd, 4319646.993, 71
Trd, 4319648.793, 65
Trd, 4319649.293, 68
Trd, 4319649.943, 63
Trd, 4319650.293, 63
Trd, 4319650.543, 66
Trd, 4319651.693, 63
Trd, 4319652.393, 140
Trd, 4319652.443, 124
Trd, 4319652.793, 116
Trd, 4319654.343, 74
Trd, 4319654.743, 64
Trd, 4319655.243, 120
Trd, 4319655.443, 117
Trd, 4319655.943, 112
Trd, 4319656.693, 116
Trd, 4319657.093, 109
Trd, 4319657.143, 88
Trd, 4319659.243, 95
Trd, 4319660.543, 104
Trd, 4319661.543, 126
Trd, 4319661.943, 118
Trd, 4319662.343, 107
Trd, 4319663.393, 105
Trd, 4319663.943, 96
Trd, 4319664.443, 64
Trd, 4319664.943, 61
Trd, 4319665.743, 71
Trd, 4319666.143, 72
Trd, 4319666.243, 73
Trd, 4319667.493, 60
Trd, 4319667.543, 64
Trd, 4319668.243, 87
Trd, 4319669.343, 86
Trd, 4319670.043, 116
Trd, 4319671.293, 123
Trd, 4319671.543, 110
Trd, 4319671.693, 114
Trd, 4319672.543, 104
Trd, 4319672.643, 102
Trd, 4319672.993, 121
Trd, 4319674.443, 111
Trd, 4319675.543, 102
Trd, 4319675.993, 137
Trd, 4319676.693, 94
Trd, 4319676.843, 72
Trd, 4319677.243, 81
Trd, 4319679.643, 128
Trd, 4319679.693, 99
Trd, 4319679.893, 98
Trd, 4319680.993, 99
Trd, 4319681.343, 93
Trd, 4319682.293, 100
Trd, 4319684.393, 80
Trd, 4319684.543, 122
Trd, 4319684.643, 109
Trd, 4319684.943, 85
Trd, 4319685.843, 121
Trd, 4319685.993, 69
Trd, 4319687.243, 106
Trd, 4319690.143, 106
Trd, 4319690.193, 102
Trd, 4319690.493, 101
Trd, 4319690.593, 121
Trd, 4319691.893, 96
Trd, 4319692.293, 82
Trd, 4319693.143, 91
Trd, 4319693.193, 112
Trd, 4319693.593, 132
Trd, 4319694.643, 123
Trd, 4319694.693, 114
Trd, 4319696.243, 118
Trd, 4319696.643, 96
Trd, 4319697.643, 96
Trd, 4319698.493, 106
Trd, 4319698.893, 85
Trd, 4319699.493, 130
Trd, 4319699.893, 78
Trd, 4319699.943, 78
Trd, 4319701.093, 117
Trd, 4319701.943, 109
Trd, 4319702.643, 101
Trd, 4319702.793, 61
Trd, 4319704.443, 106
Trd, 4319704.693, 94
Trd, 4319704.893, 99
Trd, 4319705.893, 94
Trd, 4319706.793, 119
Trd, 4319707.393, 94
Trd, 4319707.593, 100
Trd, 4319707.643, 92
Trd, 4319708.043, 113
Trd, 4319708.793, 81
Trd, 4319710.543, 71
Trd, 4319711.593, 87
Trd, 4319711.993, 63
Trd, 4319713.443, 62
Trd, 4319714.293, 67
Trd, 4319714.893, 67
Trd, 4319715.143, 61
Trd, 4319715.293, 69
Trd, 4319715.943, 61
Trd, 4319716.643, 67
Trd, 4319717.443, 69
Trd, 4319717.843, 61
Trd, 4319718.693, 103
Trd, 4319718.843, 98
Trd, 4319719.443, 76
Trd, 4319720.493, 76
Trd, 4319721.393, 66
Trd, 4319721.593, 65
Trd, 4319722.393, 116
Trd, 4319722.793, 63
Trd, 4319724.293, 111
Trd, 4319725.193, 87
Trd, 4319725.793, 83
Trd, 4319726.693, 138
Trd, 4319726.743, 119
Trd, 4319728.793, 86
Trd, 4319728.893, 72
Trd, 4319729.643, 110
Trd, 4319730.193, 99
Trd, 4319731.243, 132
Trd, 4319731.843, 115
Trd, 4319732.093, 114
Trd, 4319732.193, 111
Trd, 4319733.843, 89
Trd, 4319733.993, 96
Trd, 4319734.293, 82
Trd, 4319736.643, 81
Trd, 4319737.693, 113
Trd, 4319738.043, 95
Trd, 4319739.393, 98
Trd, 4319740.143, 98
Trd, 4319740.743, 83
Trd, 4319741.043, 112
Trd, 4319741.843, 111
Trd, 4319742.493, 105
Trd, 4319743.893, 101
Trd, 4319744.393, 97
Trd, 4319745.193, 136
Trd, 4319746.443, 110
Trd, 4319747.293, 118
Trd, 4319748.043, 110
Trd, 4319748.193, 108
Trd, 4319748.243, 98
Trd, 4319750.443, 104
Trd, 4319750.493, 116
Trd, 4319750.743, 127
Trd, 4319751.293, 108
Trd, 4319751.543, 104
Trd, 4319751.593, 103
Trd, 4319753.093, 125
Trd, 4319753.293, 119
Trd, 4319753.593, 107
Trd, 4319755.143, 138
Trd, 4319755.443, 128
Trd, 4319755.693, 112
Trd, 4319756.793, 124
Trd, 4319758.393, 94
Trd, 4319758.993, 92
Trd, 4319760.293, 88
Trd, 4319760.793, 118
Trd, 4319761.793, 115
Trd, 4319762.343, 127
Trd, 4319762.543, 131
Trd, 4319762.743, 100
Trd, 4319762.943, 95
Trd, 4319763.243, 76
Trd, 4319764.493, 111
Trd, 4319765.193, 103
Trd, 4319765.493, 108
Trd, 4319766.843, 123
Trd, 4319767.493, 107
Trd, 4319767.593, 102
Trd, 4319767.793, 100
Trd, 4319768.443, 98
Trd, 4319769.193, 73
Trd, 4319769.893, 134
Trd, 4319770.043, 119
Trd, 4319773.043, 109
Trd, 4319773.443, 111
Trd, 4319773.543, 75
Trd, 4319774.493, 68
Trd, 4319774.843, 91
Trd, 4319775.893, 60
Trd, 4319776.343, 62
Trd, 4319776.493, 68
Trd, 4319777.293, 85
Trd, 4319778.543, 69
Trd, 4319778.993, 71
Trd, 4319779.093, 68
Trd, 4319779.943, 100
Trd, 4319780.043, 60
Trd, 4319781.643, 62
Trd, 4319781.893, 74
Trd, 4319782.243, 101
Trd, 4319782.693, 74
Trd, 4319783.393, 62
Trd, 4319784.193, 72
Trd, 4319784.593, 95
Trd, 4319785.193, 69
Trd, 4319787.493, 100
Trd, 4319787.643, 64
Trd, 4319788.193, 117
Trd, 4319788.793, 116
Trd, 4319789.693, 86
Trd, 4319789.843, 84
Trd, 4319790.693, 79
Trd, 4319791.543, 66
Trd, 4319792.393, 67
Trd, 4319792.893, 74
Trd, 4319793.743, 70
Trd, 4319793.843, 72
Trd, 4319794.093, 71
Trd, 4319796.043, 65
Trd, 4319796.743, 101
Trd, 4319797.843, 75
Trd, 4319798.393, 78
Trd, 4319799.193, 74
Trd, 4319799.293, 71
Trd, 4319800.493, 124
Trd, 4319801.693, 82
Trd, 4319801.743, 69
Trd, 4319802.843, 86
Trd, 4319803.243, 106
Trd, 4319803.943, 71
Trd, 4319804.643, 78
Trd, 4319804.843, 66
Trd, 4319805.843, 76
Trd, 4319806.043, 71
Trd, 4319806.093, 93
Trd, 4319806.693, 69
Trd, 4319806.743, 68
Trd, 4319807.393, 63
Trd, 4319808.593, 90
Trd, 4319809.393, 72
Trd, 4319809.493, 87
Trd, 4319811.243, 70
Trd, 4319811.593, 73
Trd, 4319811.943, 61
Trd, 4319813.543, 78
Trd, 4319814.993, 110
Trd, 4319815.943, 107
Trd, 4319816.943, 116
Trd, 4319817.243, 133
Trd, 4319817.443, 101
Trd, 4319818.193, 72
Trd, 4319818.943, 66
Trd, 4319819.093, 69
Trd, 4319820.393, 106
Trd, 4319820.493, 88
Trd, 4319820.993, 120
Trd, 4319822.743, 109
Trd, 4319823.293, 61
Trd, 4319823.943, 63
Trd, 4319824.493, 61
Trd, 4319825.293, 64
Trd, 4319826.643, 68
Trd, 4319826.693, 68
Trd, 4319827.943, 68
Trd, 4319828.143, 72
Trd, 4319828.393, 74
Trd, 4319828.593, 71
Trd, 4319829.543, 71
Trd, 4319830.093, 61
Trd, 4319830.593, 72
Trd, 4319831.043, 68
Trd, 4319832.293, 120
Trd, 4319832.893, 68
Trd, 4319833.393, 61
Trd, 4319833.643, 61
Trd, 4319833.843, 61
Trd, 4319835.993, 88
Trd, 4319836.243, 87
Trd, 4319837.343, 102
Trd, 4319837.593, 65
Trd, 4319838.043, 100
Trd, 4319839.043, 64
Trd, 4319839.743, 60
Trd, 4319839.943, 61
Trd, 4319841.043, 64
Trd, 4319841.893, 85
Trd, 4319842.543, 81
Trd, 4319842.643, 87
Trd, 4319843.093, 81
Trd, 4319845.293, 61
Trd, 4319845.993, 61
Trd, 4319846.143, 61
Trd, 4319846.393, 91
Trd, 4319847.093, 70
Trd, 4319848.693, 101
Trd, 4319851.043, 60
Trd, 4319851.143, 60
Trd, 4319851.993, 67
Trd, 4319852.043, 68
Trd, 4319852.143, 74
Trd, 4319853.293, 110
Trd, 4319853.643, 128
Trd, 4319854.343, 89
Trd, 4319855.093, 69
Trd, 4319856.243, 63
Trd, 4319856.893, 83
Trd, 4319857.043, 61
Trd, 4319858.643, 70
Trd, 4319859.093, 110
Trd, 4319860.343, 117
Trd, 4319861.943, 64
Trd, 4319861.993, 75
Trd, 4319862.893, 95
Trd, 4319862.993, 75
Trd, 4319863.343, 74
Trd, 4319863.493, 70
Trd, 4319864.093, 66
Trd, 4319864.593, 60
Trd, 4319865.043, 128
Trd, 4319865.543, 74
Trd, 4319866.543, 78
Trd, 4319868.143, 63
Trd, 4319869.093, 67
Trd, 4319869.693, 61
Trd, 4319871.093, 91
Trd, 4319871.143, 90
Trd, 4319871.893, 128
Trd, 4319872.243, 133
Trd, 4319873.393, 117
Trd, 4319873.793, 117
Trd, 4319874.043, 105
Trd, 4319874.243, 97
Trd, 4319875.243, 128
Trd, 4319875.293, 114
Trd, 4319875.993, 102
Trd, 4319876.393, 101
Trd, 4319876.843, 94
Trd, 4319877.793, 129
Trd, 4319878.443, 70
Trd, 4319880.043, 78
Trd, 4319880.843, 95
Trd, 4319881.343, 79
Trd, 4319881.443, 76
Trd, 4319882.543, 87
Trd, 4319882.893, 86
Trd, 4319883.793, 72
Trd, 4319884.393, 67
Trd, 4319884.493, 115
Trd, 4319885.693, 76
Trd, 4319886.743, 68
Trd, 4319886.943, 66
Trd, 4319887.143, 82
Trd, 4319888.943, 94
Trd, 4319889.043, 87
Trd, 4319890.093, 126
Trd, 4319891.193, 120
Trd, 4319892.593, 90
Trd, 4319893.043, 88
Trd, 4319893.193, 86
Trd, 4319894.243, 136
Trd, 4319895.043, 79
Trd, 4319895.543, 78
Trd, 4319895.943, 86
Trd, 4319896.843, 102
Trd, 4319897.943, 120
Trd, 4319898.493, 82
Trd, 4319898.693, 80
Trd, 4319900.243, 107
Trd, 4319900.493, 94
Trd, 4319900.793, 101
Trd, 4319901.343, 99
Trd, 4319901.893, 94
Trd, 4319902.793, 72
Trd, 4319904.293, 61
Trd, 4319904.343, 69
Trd, 4319905.143, 61
Trd, 4319905.643, 78
Trd, 4319906.443, 90
Trd, 4319906.543, 114
Trd, 4319907.943, 107
Trd, 4319908.943, 82
Trd, 4319909.043, 103
Trd, 4319909.343, 79
Trd, 4319910.943, 138
Trd, 4319911.943, 125
Trd, 4319913.093, 133
Trd, 4319914.093, 117
Trd, 4319915.643, 102
Trd, 4319915.993, 120
Trd, 4319916.043, 111
Trd, 4319916.293, 95
Trd, 4319916.693, 118
Trd, 4319917.393, 105
Trd, 4319917.593, 99
Trd, 4319918.843, 60
Trd, 4319919.243, 70
Trd, 4319921.493, 115
Trd, 4319921.693, 73
Trd, 4319922.193, 117
Trd, 4319922.243, 100
Trd, 4319922.343, 85
Trd, 4319923.193, 85
Trd, 4319923.293, 97
Trd, 4319924.143, 85
Trd, 4319924.543, 117
Trd, 4319924.993, 99
Trd, 4319925.193, 88
Trd, 4319925.393, 115
Trd, 4319926.293, 139
Trd, 4319927.143, 90
Trd, 4319927.543, 87
Trd, 4319928.243, 83
Trd, 4319929.193, 120
Trd, 4319929.593, 87
Trd, 4319930.443, 118
Trd, 4319930.693, 108
Trd, 4319930.743, 104
Trd, 4319932.243, 60
Trd, 4319932.843, 60
Trd, 4319934.093, 69
Trd, 4319934.143, 70
Trd, 4319934.393, 123
Trd, 4319934.843, 68
Trd, 4319935.643, 60
Trd, 4319935.993, 68
Trd, 4319936.193, 84
Trd, 4319937.393, 105
Trd, 4319938.593, 113
Trd, 4319940.143, 131
Trd, 4319940.593, 118
Trd, 4319940.843, 96
Trd, 4319940.993, 87
Trd, 4319941.643, 107
Trd, 4319942.693, 109
Trd, 4319943.593, 132
Trd, 4319943.743, 125
Trd, 4319944.193, 79
Trd, 4319944.293, 75
Trd, 4319944.843, 61
Trd, 4319945.343, 62
Trd, 4319947.643, 121
Trd, 4319949.093, 113
Trd, 4319949.343, 101
Trd, 4319950.693, 106
Trd, 4319951.343, 124
Trd, 4319951.843, 114
Trd, 4319952.143, 93
Trd, 4319952.843, 77
Trd, 4319953.543, 85
Trd, 4319955.543, 99
Trd, 4319955.843, 73
Trd, 4319956.993, 105
Trd, 4319957.393, 99
Trd, 4319957.543, 111
Trd, 4319958.893, 96
Trd, 4319959.043, 93
Trd, 4319959.293, 80
Trd, 4319960.993, 111
Trd, 4319961.143, 92
Trd, 4319961.243, 74
Trd, 4319962.143, 124
Trd, 4319963.893, 100
Trd, 4319964.843, 99
Trd, 4319965.493, 103
Trd, 4319965.643, 98
Trd, 4319966.193, 91
Trd, 4319967.293, 135
Trd, 4319967.343, 74
Trd, 4319967.643, 70
Trd, 4319969.143, 93
Trd, 4319970.393, 75
Trd, 4319970.793, 74
Trd, 4319971.093, 73
Trd, 4319972.043, 105
Trd, 4319973.643, 75
Trd, 4319973.843, 81
Trd, 4319973.993, 118
Trd, 4319974.293, 73
Trd, 4319974.843, 77
Trd, 4319974.943, 70
Trd, 4319975.993, 60
Trd, 4319976.143, 65
Trd, 4319977.793, 94
Trd, 4319978.543, 136
Trd, 4319980.643, 128
Trd, 4319980.793, 119
Trd, 4319980.893, 118
Trd, 4319980.943, 91
Trd, 4319981.093, 88
Trd, 4319981.993, 132
Trd, 4319982.243, 109
Trd, 4319982.893, 74
Trd, 4319984.043, 63
Trd, 4319984.093, 66
Trd, 4319986.393, 76
Trd, 4319987.293, 76
Trd, 4319988.043, 108
Trd, 4319988.193, 73
Trd, 4319988.743, 82
Trd, 4319989.243, 82
Trd, 4319990.643, 114
Trd, 4319991.993, 112
Trd, 4319992.743, 109
Trd, 4319993.443, 134
Trd, 4319994.543, 102
Trd, 4319994.743, 97
Trd, 4319994.893, 92
Trd, 4319995.343, 113
Trd, 4319995.693, 133
Trd, 4319996.143, 125
Trd, 4319997.243, 115
Trd, 4319997.943, 77
Trd, 4319998.693, 66
Trd, 4319999.493, 138
