Trd, 4318174.743, 140
Trd, 4318174.893, 140
Trd, 4318177.543, 127
Trd, 4318178.243, 140
Trd, 4318178.693, 135
Trd, 4318179.293, 128
Trd, 4318179.393, 120
Trd, 4318180.243, 129
Trd, 4318180.743, 140
Trd, 4318180.893, 78
Trd, 4318181.793, 140
Trd, 4318181.893, 116
Trd, 4318183.193, 140
Trd, 4318183.993, 140
Trd, 4318184.343, 140
Trd, 4318184.443, 94
Trd, 4318185.393, 68
Trd, 4318185.893, 114
Trd, 4318186.593, 137
Trd, 4318186.943, 62
Trd, 4318188.443, 64
Trd, 4318188.743, 61
Trd, 4318189.393, 60
Trd, 4318189.643, 63
Trd, 4318190.143, 63
Trd, 4318190.243, 65
Trd, 4318191.943, 140
Trd, 4318192.343, 140
Trd, 4318192.693, 138
Trd, 4318193.143, 138
Trd, 4318193.743, 61
Trd, 4318195.643, 139
Trd, 4318195.693, 126
Trd, 4318195.943, 125
Trd, 4318196.443, 138
Trd, 4318197.743, 139
Trd, 4318197.893, 138
Trd, 4318200.043, 115
Trd, 4318200.143, 111
Trd, 4318200.793, 131
Trd, 4318202.093, 139
Trd, 4318202.393, 139
Trd, 4318202.943, 64
Trd, 4318204.043, 63
Trd, 4318204.943, 60
Trd, 4318205.093, 61
Trd, 4318206.293, 65
Trd, 4318206.393, 65
Trd, 4318207.143, 65
Trd, 4318207.493, 65
Trd, 4318207.543, 77
Trd, 4318207.643, 83
Trd, 4318210.293, 139
Trd, 4318210.393, 89
Trd, 4318210.743, 75
Trd, 4318211.343, 66
Trd, 4318211.793, 62
Trd, 4318213.543, 140
Trd, 4318213.843, 91
Trd, 4318214.593, 136
Trd, 4318214.843, 91
Trd, 4318215.443, 70
Trd, 4318216.093, 140
Trd, 4318217.193, 132
Trd, 4318218.493, 138
Trd, 4318218.793, 72
Trd, 4318218.993, 140
Trd, 4318219.093, 139
Trd, 4318219.643, 139
Trd, 4318221.043, 67
Trd, 4318222.093, 140
Trd, 4318222.743, 140
Trd, 4318223.093, 139
Trd, 4318223.743, 139
Trd, 4318224.893, 140
Trd, 4318225.343, 140
Trd, 4318225.443, 136
Trd, 4318225.493, 115
Trd, 4318226.393, 140
Trd, 4318227.443, 140
Trd, 4318228.093, 100
Trd, 4318229.893, 140
Trd, 4318230.043, 140
Trd, 4318230.143, 115
Trd, 4318231.093, 68
Trd, 4318231.543, 62
Trd, 4318231.693, 63
Trd, 4318232.643, 140
Trd, 4318232.693, 85
Trd, 4318233.143, 65
Trd, 4318234.243, 60
Trd, 4318235.343, 137
Trd, 4318236.793, 64
Trd, 4318236.943, 66
Trd, 4318237.393, 60
Trd, 4318237.543, 64
Trd, 4318237.943, 139
Trd, 4318238.443, 128
Trd, 4318238.593, 101
Trd, 4318239.043, 90
Trd, 4318240.343, 61
Trd, 4318240.743, 99
Trd, 4318240.943, 140
Trd, 4318241.893, 61
Trd, 4318242.843, 139
Trd, 4318242.993, 138
Trd, 4318243.893, 138
Trd, 4318244.543, 133
Trd, 4318244.843, 101
Trd, 4318245.343, 71
Trd, 4318246.043, 139
Trd, 4318246.743, 120
Trd, 4318246.993, 80
Trd, 4318247.693, 78
Trd, 4318248.793, 64
Trd, 4318250.343, 64
Trd, 4318250.643, 62
Trd, 4318251.143, 71
Trd, 4318251.493, 67
Trd, 4318252.043, 140
Trd, 4318252.143, 140
Trd, 4318252.593, 140
Trd, 4318253.493, 131
Trd, 4318253.793, 108
Trd, 4318254.393, 140
Trd, 4318254.693, 107
Trd, 4318254.793, 86
Trd, 4318254.993, 72
Trd, 4318256.043, 61
Trd, 4318256.343, 67
Trd, 4318256.943, 62
Trd, 4318257.293, 91
Trd, 4318258.243, 64
Trd, 4318259.493, 128
Trd, 4318261.543, 105
Trd, 4318261.843, 70
Trd, 4318261.893, 93
Trd, 4318261.993, 62
Trd, 4318263.843, 140
Trd, 4318264.193, 140
Trd, 4318264.993, 140
Trd, 4318266.843, 130
Trd, 4318266.893, 90
Trd, 4318267.193, 95
Trd, 4318267.843, 139
Trd, 4318267.893, 111
Trd, 4318268.393, 87
Trd, 4318269.093, 139
Trd, 4318269.443, 109
Trd, 4318270.043, 75
Trd, 4318270.293, 96
Trd, 4318270.893, 61
Trd, 4318271.543, 137
Trd, 4318272.143, 60
Trd, 4318272.893, 60
Trd, 4318274.543, 60
Trd, 4318274.643, 61
Trd, 4318275.593, 60
Trd, 4318276.643, 60
Trd, 4318276.893, 61
Trd, 4318277.293, 60
Trd, 4318277.693, 68
Trd, 4318278.743, 62
Trd, 4318279.193, 60
Trd, 4318279.593, 63
Trd, 4318281.393, 60
Trd, 4318281.543, 62
Trd, 4318281.893, 67
Trd, 4318283.243, 60
Trd, 4318283.293, 61
Trd, 4318283.743, 61
Trd, 4318284.443, 61
Trd, 4318285.343, 60
Trd, 4318285.843, 61
Trd, 4318286.543, 64
Trd, 4318287.843, 72
Trd, 4318287.893, 128
Trd, 4318289.093, 61
Trd, 4318290.243, 62
Trd, 4318290.543, 63
Trd, 4318291.193, 60
Trd, 4318291.793, 92
Trd, 4318292.343, 119
Trd, 4318292.743, 60
Trd, 4318292.993, 140
Trd, 4318293.743, 97
Trd, 4318294.393, 96
Trd, 4318295.043, 139
Trd, 4318296.493, 139
Trd, 4318296.943, 139
Trd, 4318297.343, 130
Trd, 4318297.393, 118
Trd, 4318297.993, 140
Trd, 4318298.643, 140
Trd, 4318299.043, 85
Trd, 4318300.243, 140
Trd, 4318300.543, 140
Trd, 4318302.493, 140
Trd, 4318302.593, 140
Trd, 4318302.743, 138
Trd, 4318303.393, 112
Trd, 4318304.043, 140
Trd, 4318304.393, 93
Trd, 4318304.843, 92
Trd, 4318305.343, 101
Trd, 4318306.993, 138
Trd, 4318307.543, 140
Trd, 4318309.943, 139
Trd, 4318310.043, 138
Trd, 4318310.143, 124
Trd, 4318310.443, 94
Trd, 4318310.793, 134
Trd, 4318312.193, 140
Trd, 4318312.543, 140
Trd, 4318312.693, 140
Trd, 4318314.943, 140
Trd, 4318315.293, 139
Trd, 4318315.793, 139
Trd, 4318316.193, 139
Trd, 4318316.993, 109
Trd, 4318317.443, 62
Trd, 4318318.193, 60
Trd, 4318319.993, 62
Trd, 4318320.243, 68
Trd, 4318321.793, 60
Trd, 4318322.043, 62
Trd, 4318323.543, 60
Trd, 4318324.143, 60
Trd, 4318324.193, 60
Trd, 4318324.693, 62
Trd, 4318324.893, 81
Trd, 4318326.243, 60
Trd, 4318326.543, 60
Trd, 4318326.693, 67
Trd, 4318327.293, 60
Trd, 4318327.543, 61
Trd, 4318328.043, 66
Trd, 4318329.593, 140
Trd, 4318329.793, 140
Trd, 4318330.093, 140
Trd, 4318330.643, 140
Trd, 4318332.443, 140
Trd, 4318332.843, 140
Trd, 4318332.943, 140
Trd, 4318333.443, 139
Trd, 4318334.093, 140
Trd, 4318334.443, 139
Trd, 4318334.493, 135
Trd, 4318334.943, 121
Trd, 4318335.693, 120
Trd, 4318335.943, 125
Trd, 4318336.193, 122
Trd, 4318337.093, 132
Trd, 4318337.143, 130
Trd, 4318338.893, 88
Trd, 4318339.093, 61
Trd, 4318339.743, 60
Trd, 4318340.443, 126
Trd, 4318340.543, 108
Trd, 4318341.693, 140
Trd, 4318342.443, 60
Trd, 4318343.243, 139
Trd, 4318344.093, 109
Trd, 4318344.393, 63
Trd, 4318346.043, 140
Trd, 4318347.443, 140
Trd, 4318347.493, 140
Trd, 4318347.893, 140
Trd, 4318348.293, 140
Trd, 4318348.643, 136
Trd, 4318348.793, 128
Trd, 4318350.243, 139
Trd, 4318350.593, 138
Trd, 4318351.843, 138
Trd, 4318352.443, 137
Trd, 4318353.493, 140
Trd, 4318353.743, 140
Trd, 4318354.543, 135
Trd, 4318356.043, 117
Trd, 4318356.143, 115
Trd, 4318356.843, 140
Trd, 4318357.393, 137
Trd, 4318357.693, 140
Trd, 4318358.093, 89
Trd, 4318358.643, 139
Trd, 4318359.493, 129
Trd, 4318359.593, 66
Trd, 4318360.793, 140
Trd, 4318361.043, 140
Trd, 4318361.793, 138
Trd, 4318364.293, 60
Trd, 4318364.443, 60
Trd, 4318364.843, 60
Trd, 4318366.043, 60
Trd, 4318366.143, 60
Trd, 4318366.443, 60
Trd, 4318366.993, 62
Trd, 4318367.043, 71
Trd, 4318368.393, 140
Trd, 4318368.693, 139
Trd, 4318369.643, 64
Trd, 4318370.543, 62
Trd, 4318371.343, 60
Trd, 4318372.443, 65
Trd, 4318372.943, 61
Trd, 4318373.043, 65
Trd, 4318373.293, 63
Trd, 4318375.893, 60
Trd, 4318376.193, 63
Trd, 4318376.393, 66
Trd, 4318376.493, 68
Trd, 4318376.793, 71
Trd, 4318376.893, 139
Trd, 4318377.493, 96
Trd, 4318378.993, 60
Trd, 4318381.543, 65
Trd, 4318381.793, 66
Trd, 4318382.943, 61
Trd, 4318383.843, 60
Trd, 4318383.943, 60
Trd, 4318384.143, 61
Trd, 4318384.243, 61
Trd, 4318384.493, 61
Trd, 4318385.093, 83
Trd, 4318386.393, 121
Trd, 4318386.593, 78
Trd, 4318386.843, 137
Trd, 4318387.293, 71
Trd, 4318387.643, 70
Trd, 4318387.893, 69
Trd, 4318388.493, 113
Trd, 4318389.343, 139
Trd, 4318389.893, 137
Trd, 4318390.543, 138
Trd, 4318391.143, 139
Trd, 4318391.543, 85
Trd, 4318392.143, 140
Trd, 4318393.693, 61
Trd, 4318394.243, 60
Trd, 4318394.443, 61
Trd, 4318395.893, 139
Trd, 4318396.343, 138
Trd, 4318396.593, 136
Trd, 4318396.643, 135
Trd, 4318397.743, 139
Trd, 4318398.443, 138
Trd, 4318399.843, 131
Trd, 4318400.293, 139
Trd, 4318400.743, 140
Trd, 4318400.893, 140
Trd, 4318401.343, 139
Trd, 4318401.793, 138
Trd, 4318402.093, 140
Trd, 4318403.843, 94
Trd, 4318404.243, 112
Trd, 4318404.443, 86
Trd, 4318405.143, 99
Trd, 4318405.893, 140
Trd, 4318405.943, 75
Trd, 4318407.193, 139
Trd, 4318407.443, 138
Trd, 4318408.593, 138
Trd, 4318409.243, 105
Trd, 4318409.793, 108
Trd, 4318410.043, 81
Trd, 4318410.443, 96
Trd, 4318411.243, 95
Trd, 4318411.393, 93
Trd, 4318412.093, 140
Trd, 4318413.193, 140
Trd, 4318414.643, 140
Trd, 4318415.093, 140
Trd, 4318416.493, 140
Trd, 4318417.093, 139
Trd, 4318418.493, 140
Trd, 4318418.593, 140
Trd, 4318419.243, 140
Trd, 4318419.493, 138
Trd, 4318419.943, 140
Trd, 4318421.293, 140
Trd, 4318421.493, 140
Trd, 4318422.143, 79
Trd, 4318422.743, 126
Trd, 4318423.193, 139
Trd, 4318423.443, 140
Trd, 4318423.893, 138
Trd, 4318424.193, 104
Trd, 4318426.493, 65
Trd, 4318427.693, 63
Trd, 4318427.843, 60
Trd, 4318428.143, 64
Trd, 4318428.893, 65
Trd, 4318429.493, 75
Trd, 4318430.493, 64
Trd, 4318430.943, 133
Trd, 4318431.393, 60
Trd, 4318432.593, 66
Trd, 4318433.343, 61
Trd, 4318434.893, 60
Trd, 4318435.243, 61
Trd, 4318436.493, 60
Trd, 4318438.093, 60
Trd, 4318438.393, 63
Trd, 4318438.693, 68
Trd, 4318439.743, 60
Trd, 4318440.643, 60
Trd, 4318440.843, 73
Trd, 4318440.993, 83
Trd, 4318441.493, 61
Trd, 4318442.193, 63
Trd, 4318444.093, 63
Trd, 4318444.593, 65
Trd, 4318444.643, 69
Trd, 4318445.543, 67
Trd, 4318445.943, 60
Trd, 4318446.343, 82
Trd, 4318448.393, 60
Trd, 4318448.743, 61
Trd, 4318449.193, 62
Trd, 4318449.343, 63
Trd, 4318449.443, 64
Trd, 4318449.543, 77
Trd, 4318450.293, 65
Trd, 4318451.743, 61
Trd, 4318451.993, 60
Trd, 4318452.743, 61
Trd, 4318453.393, 71
Trd, 4318453.893, 140
Trd, 4318456.593, 60
Trd, 4318458.243, 60
Trd, 4318458.443, 62
Trd, 4318458.793, 60
Trd, 4318458.843, 61
Trd, 4318460.293, 62
Trd, 4318460.343, 62
Trd, 4318460.843, 60
Trd, 4318461.593, 64
Trd, 4318461.943, 70
Trd, 4318461.993, 133
Trd, 4318462.893, 140
Trd, 4318464.993, 140
Trd, 4318465.143, 140
Trd, 4318465.343, 140
Trd, 4318465.793, 140
Trd, 4318466.543, 140
Trd, 4318467.243, 139
Trd, 4318468.493, 130
Trd, 4318469.093, 140
Trd, 4318469.293, 139
Trd, 4318469.793, 123
Trd, 4318470.993, 139
Trd, 4318471.343, 117
Trd, 4318471.793, 124
Trd, 4318473.093, 140
Trd, 4318474.043, 140
Trd, 4318474.493, 107
Trd, 4318474.843, 70
Trd, 4318475.043, 60
Trd, 4318475.093, 61
Trd, 4318477.293, 139
Trd, 4318477.943, 138
Trd, 4318478.593, 136
Trd, 4318479.243, 140
Trd, 4318480.043, 64
Trd, 4318480.293, 65
Trd, 4318480.993, 62
Trd, 4318482.043, 62
Trd, 4318482.443, 113
Trd, 4318482.693, 83
Trd, 4318482.993, 87
Trd, 4318484.243, 140
Trd, 4318484.543, 77
Trd, 4318485.993, 140
Trd, 4318486.043, 140
Trd, 4318486.593, 89
Trd, 4318487.893, 125
Trd, 4318488.043, 76
Trd, 4318488.593, 84
Trd, 4318489.393, 71
Trd, 4318489.693, 60
Trd, 4318489.793, 60
Trd, 4318491.593, 64
Trd, 4318491.793, 113
Trd, 4318492.293, 63
Trd, 4318493.543, 93
Trd, 4318494.443, 140
Trd, 4318494.843, 64
Trd, 4318496.043, 140
Trd, 4318496.293, 98
Trd, 4318496.543, 61
Trd, 4318497.293, 60
Trd, 4318498.393, 140
Trd, 4318498.843, 140
Trd, 4318499.643, 140
Trd, 4318500.393, 140
Trd, 4318500.993, 140
Trd, 4318501.043, 139
Trd, 4318502.393, 82
Trd, 4318502.893, 60
Trd, 4318503.593, 60
Trd, 4318503.793, 60
Trd, 4318504.593, 70
Trd, 4318504.743, 84
Trd, 4318506.043, 63
Trd, 4318506.243, 63
Trd, 4318506.293, 89
Trd, 4318506.643, 122
Trd, 4318507.643, 137
Trd, 4318508.343, 140
Trd, 4318508.893, 140
Trd, 4318509.493, 63
Trd, 4318510.393, 103
Trd, 4318510.743, 66
Trd, 4318510.843, 70
Trd, 4318511.043, 136
Trd, 4318511.743, 135
Trd, 4318513.643, 78
Trd, 4318514.443, 124
Trd, 4318514.743, 82
Trd, 4318515.293, 62
Trd, 4318515.443, 70
Trd, 4318515.793, 60
Trd, 4318516.193, 67
Trd, 4318517.043, 60
Trd, 4318517.143, 61
Trd, 4318517.793, 69
Trd, 4318518.093, 71
Trd, 4318518.893, 60
Trd, 4318519.393, 139
Trd, 4318519.593, 137
Trd, 4318521.393, 140
Trd, 4318522.893, 140
Trd, 4318523.493, 140
Trd, 4318524.243, 138
Trd, 4318524.493, 140
Trd, 4318525.093, 62
Trd, 4318525.993, 135
Trd, 4318526.193, 105
Trd, 4318526.293, 104
Trd, 4318526.593, 76
Trd, 4318528.543, 60
Trd, 4318529.243, 60
Trd, 4318530.493, 61
Trd, 4318532.043, 60
Trd, 4318532.143, 61
Trd, 4318532.543, 61
Trd, 4318533.143, 61
Trd, 4318533.193, 62
Trd, 4318533.243, 63
Trd, 4318533.843, 115
Trd, 4318534.143, 60
Trd, 4318534.993, 138
Trd, 4318536.193, 103
Trd, 4318536.793, 140
Trd, 4318537.693, 60
Trd, 4318538.143, 60
Trd, 4318539.593, 63
Trd, 4318539.943, 63
Trd, 4318539.993, 67
Trd, 4318540.143, 61
Trd, 4318540.993, 120
Trd, 4318541.243, 140
Trd, 4318541.693, 96
Trd, 4318542.393, 140
Trd, 4318542.543, 114
Trd, 4318543.293, 62
Trd, 4318543.343, 63
Trd, 4318544.443, 60
Trd, 4318544.793, 62
Trd, 4318545.943, 62
Trd, 4318546.293, 71
Trd, 4318546.793, 62
Trd, 4318549.143, 140
Trd, 4318549.643, 140
Trd, 4318549.993, 140
Trd, 4318550.343, 135
Trd, 4318550.543, 139
Trd, 4318550.593, 80
Trd, 4318551.193, 117
Trd, 4318551.293, 77
Trd, 4318553.193, 139
Trd, 4318553.393, 104
Trd, 4318553.693, 65
Trd, 4318554.043, 64
Trd, 4318554.393, 138
Trd, 4318555.293, 62
Trd, 4318555.943, 61
Trd, 4318557.193, 60
Trd, 4318557.393, 61
Trd, 4318557.643, 76
Trd, 4318558.993, 62
Trd, 4318559.493, 60
Trd, 4318559.993, 70
Trd, 4318560.243, 61
Trd, 4318560.793, 61
Trd, 4318561.593, 140
Trd, 4318562.393, 125
Trd, 4318563.693, 140
Trd, 4318563.893, 124
Trd, 4318564.143, 124
Trd, 4318565.693, 137
Trd, 4318566.043, 136
Trd, 4318566.293, 135
Trd, 4318566.693, 137
Trd, 4318566.943, 140
Trd, 4318568.293, 137
Trd, 4318569.593, 138
Trd, 4318569.643, 82
Trd, 4318570.393, 60
Trd, 4318571.643, 63
Trd, 4318572.193, 60
Trd, 4318572.443, 63
Trd, 4318572.993, 64
Trd, 4318573.193, 137
Trd, 4318575.243, 134
Trd, 4318575.743, 65
Trd, 4318576.793, 84
Trd, 4318577.193, 127
Trd, 4318577.593, 115
Trd, 4318578.093, 64
Trd, 4318579.093, 64
Trd, 4318579.143, 65
Trd, 4318579.743, 60
Trd, 4318580.143, 62
Trd, 4318580.543, 63
Trd, 4318581.193, 140
Trd, 4318581.643, 71
Trd, 4318582.043, 62
Trd, 4318583.543, 60
Trd, 4318584.043, 63
Trd, 4318584.393, 63
Trd, 4318585.243, 61
Trd, 4318586.793, 63
Trd, 4318587.093, 64
Trd, 4318587.193, 87
Trd, 4318587.643, 139
Trd, 4318588.093, 139
Trd, 4318588.543, 139
Trd, 4318589.493, 140
Trd, 4318589.593, 139
Trd, 4318591.693, 66
Trd, 4318592.243, 61
Trd, 4318592.493, 125
Trd, 4318592.843, 114
Trd, 4318592.893, 113
Trd, 4318593.093, 76
Trd, 4318594.243, 140
Trd, 4318594.893, 140
Trd, 4318595.493, 103
Trd, 4318596.443, 140
Trd, 4318596.493, 134
Trd, 4318597.193, 109
Trd, 4318597.793, 140
Trd, 4318598.793, 140
Trd, 4318600.193, 139
Trd, 4318601.243, 140
Trd, 4318601.493, 65
Trd, 4318602.093, 85
Trd, 4318602.193, 133
Trd, 4318602.993, 140
Trd, 4318603.343, 140
Trd, 4318604.693, 138
Trd, 4318605.393, 140
Trd, 4318606.043, 140
Trd, 4318606.643, 140
Trd, 4318607.343, 140
Trd, 4318607.543, 140
Trd, 4318608.093, 140
Trd, 4318608.293, 120
Trd, 4318608.943, 103
Trd, 4318610.143, 60
Trd, 4318610.243, 62
Trd, 4318611.293, 60
Trd, 4318611.593, 66
Trd, 4318612.493, 139
Trd, 4318612.993, 138
Trd, 4318613.093, 137
Trd, 4318614.043, 136
Trd, 4318614.593, 77
Trd, 4318615.993, 60
Trd, 4318616.393, 60
Trd, 4318616.693, 60
Trd, 4318617.843, 60
Trd, 4318617.893, 63
Trd, 4318618.743, 60
Trd, 4318618.993, 63
Trd, 4318619.243, 139
Trd, 4318620.593, 61
Trd, 4318620.693, 62
Trd, 4318621.393, 71
Trd, 4318621.643, 104
Trd, 4318622.443, 138
Trd, 4318622.993, 139
Trd, 4318624.093, 90
Trd, 4318625.043, 69
Trd, 4318625.593, 139
Trd, 4318625.843, 137
Trd, 4318625.943, 94
Trd, 4318626.843, 140
Trd, 4318627.893, 118
Trd, 4318628.643, 138
Trd, 4318630.043, 140
Trd, 4318630.243, 140
Trd, 4318630.293, 139
Trd, 4318631.443, 139
Trd, 4318631.893, 109
Trd, 4318633.593, 140
Trd, 4318634.043, 137
Trd, 4318634.943, 118
Trd, 4318635.443, 117
Trd, 4318636.193, 89
Trd, 4318637.043, 140
Trd, 4318637.343, 63
Trd, 4318638.343, 62
Trd, 4318638.843, 140
Trd, 4318639.343, 109
Trd, 4318639.993, 140
Trd, 4318640.043, 96
Trd, 4318641.243, 140
Trd, 4318641.443, 140
Trd, 4318642.093, 93
Trd, 4318642.393, 94
Trd, 4318643.393, 139
Trd, 4318643.943, 140
Trd, 4318644.243, 140
Trd, 4318645.493, 139
Trd, 4318645.693, 125
Trd, 4318646.093, 61
Trd, 4318646.693, 140
Trd, 4318647.743, 67
Trd, 4318648.693, 61
Trd, 4318649.043, 60
Trd, 4318649.793, 61
Trd, 4318650.593, 81
Trd, 4318652.093, 60
Trd, 4318652.643, 60
Trd, 4318653.293, 61
Trd, 4318653.493, 61
Trd, 4318653.643, 61
Trd, 4318653.793, 60
Trd, 4318654.043, 69
Trd, 4318654.343, 140
Trd, 4318656.743, 60
Trd, 4318657.543, 60
Trd, 4318657.643, 61
Trd, 4318657.943, 70
Trd, 4318658.643, 88
Trd, 4318659.543, 138
Trd, 4318659.693, 137
Trd, 4318660.293, 139
Trd, 4318660.343, 120
Trd, 4318661.093, 64
Trd, 4318661.943, 61
Trd, 4318661.993, 62
Trd, 4318663.293, 140
Trd, 4318664.093, 140
Trd, 4318664.543, 140
Trd, 4318665.443, 140
Trd, 4318667.093, 140
Trd, 4318667.343, 139
Trd, 4318667.893, 136
Trd, 4318668.143, 125
Trd, 4318668.543, 140
Trd, 4318669.443, 124
Trd, 4318670.943, 139
Trd, 4318671.143, 99
Trd, 4318672.143, 138
Trd, 4318672.993, 137
Trd, 4318673.443, 136
Trd, 4318673.843, 66
Trd, 4318674.493, 74
Trd, 4318674.893, 140
Trd, 4318675.443, 61
Trd, 4318675.943, 72
Trd, 4318676.543, 125
Trd, 4318677.193, 70
Trd, 4318678.093, 66
Trd, 4318678.393, 106
Trd, 4318679.843, 60
Trd, 4318680.443, 62
Trd, 4318681.193, 115
Trd, 4318682.293, 60
Trd, 4318682.343, 62
Trd, 4318682.443, 64
Trd, 4318683.643, 140
Trd, 4318683.893, 140
Trd, 4318684.043, 139
Trd, 4318684.493, 77
Trd, 4318685.293, 76
Trd, 4318685.793, 63
Trd, 4318686.343, 92
Trd, 4318687.893, 140
Trd, 4318688.343, 136
Trd, 4318689.243, 106
Trd, 4318689.593, 140
Trd, 4318689.743, 140
Trd, 4318690.393, 140
Trd, 4318691.193, 140
Trd, 4318691.693, 140
Trd, 4318691.793, 124
Trd, 4318692.693, 103
Trd, 4318694.293, 60
Trd, 4318694.993, 60
Trd, 4318695.393, 62
Trd, 4318695.643, 64
Trd, 4318695.793, 63
Trd, 4318696.043, 80
Trd, 4318696.993, 60
Trd, 4318698.443, 61
Trd, 4318698.993, 64
Trd, 4318699.243, 138
Trd, 4318699.693, 123
Trd, 4318699.993, 139
Trd, 4318700.143, 121
Trd, 4318700.243, 125
Trd, 4318701.943, 60
Trd, 4318704.093, 60
Trd, 4318705.093, 60
Trd, 4318705.143, 62
Trd, 4318705.793, 62
Trd, 4318705.893, 65
Trd, 4318706.243, 66
Trd, 4318706.593, 62
Trd, 4318706.843, 65
Trd, 4318707.543, 86
Trd, 4318708.243, 63
Trd, 4318708.743, 65
Trd, 4318709.743, 61
Trd, 4318709.943, 63
Trd, 4318711.043, 60
Trd, 4318711.493, 65
Trd, 4318711.843, 119
Trd, 4318712.843, 60
Trd, 4318713.493, 60
Trd, 4318713.543, 63
Trd, 4318714.193, 67
Trd, 4318714.743, 61
Trd, 4318715.393, 100
Trd, 4318716.393, 60
Trd, 4318718.643, 62
Trd, 4318718.843, 64
Trd, 4318720.043, 61
Trd, 4318720.193, 65
Trd, 4318720.993, 67
Trd, 4318721.443, 68
Trd, 4318721.693, 60
Trd, 4318723.143, 60
Trd, 4318724.243, 61
Trd, 4318725.443, 64
Trd, 4318725.543, 66
Trd, 4318725.893, 63
Trd, 4318726.293, 60
Trd, 4318726.893, 60
Trd, 4318727.543, 140
Trd, 4318728.993, 140
Trd, 4318729.893, 140
Trd, 4318730.743, 140
Trd, 4318730.943, 138
Trd, 4318730.993, 130
Trd, 4318731.593, 81
Trd, 4318733.193, 140
Trd, 4318733.693, 110
Trd, 4318734.143, 86
Trd, 4318734.543, 60
Trd, 4318736.193, 60
Trd, 4318737.493, 62
Trd, 4318738.493, 60
Trd, 4318738.793, 63
Trd, 4318739.043, 82
Trd, 4318739.343, 140
Trd, 4318740.243, 60
Trd, 4318740.643, 60
Trd, 4318741.993, 60
Trd, 4318742.343, 61
Trd, 4318743.043, 69
Trd, 4318743.643, 62
Trd, 4318744.443, 61
Trd, 4318745.093, 60
Trd, 4318746.143, 61
Trd, 4318747.143, 62
Trd, 4318747.743, 140
Trd, 4318747.793, 139
Trd, 4318748.143, 71
Trd, 4318749.293, 61
Trd, 4318749.993, 60
Trd, 4318750.243, 64
Trd, 4318750.443, 75
Trd, 4318751.343, 62
Trd, 4318751.893, 140
Trd, 4318753.543, 140
Trd, 4318754.343, 140
Trd, 4318754.793, 139
Trd, 4318755.193, 94
Trd, 4318755.893, 115
Trd, 4318755.993, 140
Trd, 4318756.343, 90
Trd, 4318757.043, 139
Trd, 4318759.893, 63
Trd, 4318759.943, 78
Trd, 4318760.643, 60
Trd, 4318760.793, 62
Trd, 4318761.293, 61
Trd, 4318761.843, 140
Trd, 4318762.743, 140
Trd, 4318762.943, 67
Trd, 4318763.343, 140
Trd, 4318764.193, 87
Trd, 4318765.343, 140
Trd, 4318765.743, 140
Trd, 4318766.143, 140
Trd, 4318767.393, 140
Trd, 4318767.493, 139
Trd, 4318769.843, 140
Trd, 4318770.043, 140
Trd, 4318770.093, 139
Trd, 4318770.243, 70
Trd, 4318770.793, 60
Trd, 4318772.193, 140
Trd, 4318772.393, 72
Trd, 4318773.493, 101
Trd, 4318774.143, 138
Trd, 4318774.843, 140
Trd, 4318775.943, 140
Trd, 4318777.093, 89
Trd, 4318777.743, 60
Trd, 4318778.393, 60
Trd, 4318778.593, 60
Trd, 4318779.843, 62
Trd, 4318780.093, 60
Trd, 4318780.693, 140
Trd, 4318780.943, 139
Trd, 4318781.693, 62
Trd, 4318782.843, 60
Trd, 4318783.193, 61
Trd, 4318784.193, 66
Trd, 4318784.393, 71
Trd, 4318784.993, 64
Trd, 4318785.243, 69
Trd, 4318785.943, 62
Trd, 4318786.193, 140
Trd, 4318787.743, 119
Trd, 4318788.043, 118
Trd, 4318788.293, 115
Trd, 4318789.943, 140
Trd, 4318789.993, 140
Trd, 4318790.743, 140
Trd, 4318791.343, 75
Trd, 4318791.493, 107
Trd, 4318792.643, 140
Trd, 4318792.893, 140
Trd, 4318793.343, 64
Trd, 4318796.343, 60
Trd, 4318796.693, 60
Trd, 4318796.993, 63
Trd, 4318797.543, 62
Trd, 4318797.743, 64
Trd, 4318798.493, 68
Trd, 4318800.593, 77
Trd, 4318801.093, 136
Trd, 4318801.143, 100
Trd, 4318801.193, 99
Trd, 4318801.693, 139
Trd, 4318801.993, 139
Trd, 4318803.043, 140
Trd, 4318803.293, 139
Trd, 4318803.643, 137
Trd, 4318804.643, 124
Trd, 4318805.343, 61
Trd, 4318805.493, 96
Trd, 4318806.793, 140
Trd, 4318807.693, 140
Trd, 4318807.893, 114
Trd, 4318807.993, 113
Trd, 4318809.193, 140
Trd, 4318809.693, 140
Trd, 4318809.793, 138
Trd, 4318810.393, 60
Trd, 4318811.743, 140
Trd, 4318812.543, 138
Trd, 4318812.743, 138
Trd, 4318813.393, 137
Trd, 4318813.593, 110
Trd, 4318814.143, 72
Trd, 4318814.693, 140
Trd, 4318815.193, 76
Trd, 4318816.993, 63
Trd, 4318817.293, 63
Trd, 4318817.343, 63
Trd, 4318819.243, 60
Trd, 4318819.793, 60
Trd, 4318821.343, 60
Trd, 4318821.593, 62
Trd, 4318821.993, 60
Trd, 4318822.143, 60
Trd, 4318822.993, 60
Trd, 4318823.343, 66
Trd, 4318823.443, 69
Trd, 4318823.843, 140
Trd, 4318824.093, 96
Trd, 4318824.943, 70
Trd, 4318825.043, 82
Trd, 4318826.443, 77
Trd, 4318827.043, 139
Trd, 4318827.343, 138
Trd, 4318827.493, 60
Trd, 4318828.043, 123
Trd, 4318829.143, 63
Trd, 4318829.893, 60
Trd, 4318831.793, 139
Trd, 4318832.293, 118
Trd, 4318832.743, 139
Trd, 4318833.293, 106
Trd, 4318833.893, 138
Trd, 4318834.693, 102
Trd, 4318835.393, 93
Trd, 4318835.693, 92
Trd, 4318836.893, 140
Trd, 4318837.293, 139
Trd, 4318837.693, 140
Trd, 4318838.393, 140
Trd, 4318838.693, 110
Trd, 4318839.893, 137
Trd, 4318840.043, 136
Trd, 4318840.293, 111
Trd, 4318840.893, 140
Trd, 4318841.493, 139
Trd, 4318842.643, 119
Trd, 4318842.693, 118
Trd, 4318842.993, 72
Trd, 4318844.743, 60
Trd, 4318844.843, 61
Trd, 4318844.943, 61
Trd, 4318846.793, 61
Trd, 4318847.293, 68
Trd, 4318847.443, 65
Trd, 4318848.043, 60
Trd, 4318848.093, 62
Trd, 4318849.543, 60
Trd, 4318850.093, 60
Trd, 4318851.493, 61
Trd, 4318852.493, 60
Trd, 4318852.693, 62
Trd, 4318853.193, 64
Trd, 4318854.093, 60
Trd, 4318855.593, 60
Trd, 4318856.093, 60
Trd, 4318856.143, 60
Trd, 4318856.243, 60
Trd, 4318857.393, 61
Trd, 4318857.693, 66
Trd, 4318857.793, 60
Trd, 4318858.743, 61
Trd, 4318859.043, 77
Trd, 4318859.543, 62
Trd, 4318860.593, 69
Trd, 4318861.093, 60
Trd, 4318861.893, 60
Trd, 4318862.493, 65
Trd, 4318862.593, 67
Trd, 4318863.543, 79
Trd, 4318864.293, 137
Trd, 4318864.843, 89
Trd, 4318866.093, 140
Trd, 4318866.293, 140
Trd, 4318867.243, 60
Trd, 4318868.143, 140
Trd, 4318868.393, 80
Trd, 4318869.493, 65
Trd, 4318870.243, 110
Trd, 4318870.343, 67
Trd, 4318870.543, 67
Trd, 4318870.643, 111
Trd, 4318873.143, 61
Trd, 4318873.443, 61
Trd, 4318873.643, 62
Trd, 4318873.843, 72
Trd, 4318874.143, 76
Trd, 4318875.193, 61
Trd, 4318875.693, 60
Trd, 4318875.793, 62
Trd, 4318877.493, 60
Trd, 4318878.443, 60
Trd, 4318878.643, 61
Trd, 4318879.593, 140
Trd, 4318879.643, 139
Trd, 4318880.743, 66
Trd, 4318881.093, 63
Trd, 4318881.243, 62
Trd, 4318882.343, 70
Trd, 4318884.643, 140
Trd, 4318884.793, 132
Trd, 4318885.243, 139
Trd, 4318886.093, 60
Trd, 4318886.743, 106
Trd, 4318887.143, 139
Trd, 4318887.493, 138
Trd, 4318887.793, 111
Trd, 4318889.243, 60
Trd, 4318889.993, 88
Trd, 4318890.593, 81
Trd, 4318891.393, 62
Trd, 4318892.193, 61
Trd, 4318892.943, 60
Trd, 4318894.093, 62
Trd, 4318894.643, 124
Trd, 4318895.793, 62
Trd, 4318896.493, 64
Trd, 4318897.393, 61
Trd, 4318898.143, 61
Trd, 4318899.293, 63
Trd, 4318899.393, 64
Trd, 4318899.643, 60
Trd, 4318899.943, 66
Trd, 4318900.793, 64
Trd, 4318900.893, 138
Trd, 4318901.793, 60
Trd, 4318902.043, 60
Trd, 4318902.593, 64
Trd, 4318902.793, 65
Trd, 4318903.193, 63
Trd, 4318903.293, 64
Trd, 4318904.493, 140
Trd, 4318905.743, 140
Trd, 4318906.393, 96
Trd, 4318906.443, 83
Trd, 4318907.243, 138
Trd, 4318907.693, 91
Trd, 4318908.843, 67
Trd, 4318909.643, 69
Trd, 4318909.793, 70
Trd, 4318909.993, 60
Trd, 4318910.093, 66
Trd, 4318911.093, 72
Trd, 4318911.943, 62
Trd, 4318911.993, 62
Trd, 4318913.693, 71
Trd, 4318914.043, 107
Trd, 4318915.043, 62
Trd, 4318915.493, 63
Trd, 4318916.443, 60
Trd, 4318917.893, 64
Trd, 4318917.993, 64
Trd, 4318918.443, 64
Trd, 4318918.693, 65
Trd, 4318918.893, 66
Trd, 4318919.893, 60
Trd, 4318920.143, 62
Trd, 4318920.993, 63
Trd, 4318921.443, 60
Trd, 4318921.993, 61
Trd, 4318922.193, 64
Trd, 4318923.693, 62
Trd, 4318925.043, 60
Trd, 4318926.143, 60
Trd, 4318926.243, 60
Trd, 4318926.443, 62
Trd, 4318927.243, 60
Trd, 4318928.243, 60
Trd, 4318929.343, 61
Trd, 4318929.743, 62
Trd, 4318930.243, 60
Trd, 4318930.893, 62
Trd, 4318931.693, 60
Trd, 4318932.193, 68
Trd, 4318933.393, 138
Trd, 4318933.693, 122
Trd, 4318933.993, 121
Trd, 4318934.693, 140
Trd, 4318935.593, 140
Trd, 4318936.593, 71
Trd, 4318937.143, 140
Trd, 4318937.193, 140
Trd, 4318937.943, 62
Trd, 4318938.593, 66
Trd, 4318940.143, 60
Trd, 4318940.543, 65
Trd, 4318940.843, 70
Trd, 4318941.243, 61
Trd, 4318942.393, 63
Trd, 4318942.493, 105
Trd, 4318943.093, 93
Trd, 4318943.743, 140
Trd, 4318944.293, 87
Trd, 4318944.793, 69
Trd, 4318945.093, 140
Trd, 4318945.793, 140
Trd, 4318945.993, 119
Trd, 4318947.043, 102
Trd, 4318948.193, 140
Trd, 4318948.993, 140
Trd, 4318949.293, 140
Trd, 4318950.293, 139
Trd, 4318951.543, 73
Trd, 4318951.893, 65
Trd, 4318952.643, 64
Trd, 4318952.943, 60
Trd, 4318953.943, 60
Trd, 4318954.093, 60
Trd, 4318954.243, 60
Trd, 4318954.543, 62
Trd, 4318956.743, 67
Trd, 4318956.993, 67
Trd, 4318957.943, 62
Trd, 4318958.793, 139
Trd, 4318959.143, 140
Trd, 4318959.293, 113
Trd, 4318959.493, 140
Trd, 4318960.343, 60
Trd, 4318960.993, 60
Trd, 4318961.493, 61
Trd, 4318962.393, 61
Trd, 4318963.693, 65
Trd, 4318964.293, 68
Trd, 4318964.493, 60
Trd, 4318964.743, 61
Trd, 4318966.343, 60
Trd, 4318967.143, 60
Trd, 4318967.343, 60
Trd, 4318967.443, 64
Trd, 4318968.693, 60
Trd, 4318968.943, 61
Trd, 4318968.993, 64
Trd, 4318969.593, 63
Trd, 4318969.943, 64
Trd, 4318970.343, 79
Trd, 4318970.543, 60
Trd, 4318972.243, 60
Trd, 4318972.743, 60
Trd, 4318973.993, 64
Trd, 4318974.143, 64
Trd, 4318974.643, 139
Trd, 4318975.443, 117
Trd, 4318976.093, 119
Trd, 4318976.393, 118
Trd, 4318976.793, 104
Trd, 4318976.943, 97
Trd, 4318977.793, 67
Trd, 4318978.643, 60
Trd, 4318979.593, 139
Trd, 4318979.893, 108
Trd, 4318980.443, 140
Trd, 4318981.143, 140
Trd, 4318982.943, 140
Trd, 4318983.343, 140
Trd, 4318984.593, 140
Trd, 4318985.143, 140
Trd, 4318985.193, 140
Trd, 4318985.743, 105
Trd, 4318985.793, 93
Trd, 4318986.643, 61
Trd, 4318986.743, 62
Trd, 4318987.893, 130
Trd, 4318988.093, 133
Trd, 4318988.143, 130
Trd, 4318988.843, 129
Trd, 4318989.493, 140
Trd, 4318989.643, 139
Trd, 4318990.893, 77
Trd, 4318991.893, 139
Trd, 4318993.293, 140
Trd, 4318993.643, 140
Trd, 4318994.143, 140
Trd, 4318994.593, 138
Trd, 4318994.693, 105
Trd, 4318995.193, 106
Trd, 4318995.843, 114
Trd, 4318996.093, 78
Trd, 4318997.243, 140
Trd, 4318997.743, 140
Trd, 4318997.943, 140
Trd, 4318998.393, 140
Trd, 4319000.543, 140
Trd, 4319000.643, 140
Trd, 4319001.393, 134
Trd, 4319001.443, 133
Trd, 4319001.543, 76
Trd, 4319001.793, 97
Trd, 4319001.993, 140
Trd, 4319002.793, 138
Trd, 4319003.493, 140
Trd, 4319004.693, 140
Trd, 4319005.193, 135
Trd, 4319006.193, 135
Trd, 4319006.843, 140
Trd, 4319006.993, 134
Trd, 4319007.243, 97
Trd, 4319007.943, 62
Trd, 4319008.993, 136
Trd, 4319009.393, 134
Trd, 4319010.093, 114
Trd, 4319011.493, 139
Trd, 4319011.843, 139
Trd, 4319012.243, 136
Trd, 4319012.993, 101
Trd, 4319013.493, 110
Trd, 4319014.543, 104
Trd, 4319014.793, 140
Trd, 4319015.393, 93
Trd, 4319015.443, 92
Trd, 4319016.493, 64
Trd, 4319018.693, 61
Trd, 4319019.043, 66
Trd, 4319019.193, 70
Trd, 4319020.043, 60
Trd, 4319021.243, 60
Trd, 4319021.643, 60
Trd, 4319021.793, 60
Trd, 4319021.893, 63
Trd, 4319022.443, 60
Trd, 4319022.993, 65
Trd, 4319023.643, 140
Trd, 4319024.793, 140
Trd, 4319024.843, 140
Trd, 4319025.043, 65
Trd, 4319025.743, 66
Trd, 4319027.393, 61
Trd, 4319028.443, 61
Trd, 4319028.743, 64
Trd, 4319029.443, 87
Trd, 4319029.593, 85
Trd, 4319030.443, 103
Trd, 4319030.543, 78
Trd, 4319030.793, 104
Trd, 4319030.993, 140
Trd, 4319032.543, 140
Trd, 4319032.793, 139
Trd, 4319033.843, 70
Trd, 4319034.243, 66
Trd, 4319034.293, 137
Trd, 4319034.393, 117
Trd, 4319035.693, 66
Trd, 4319035.793, 74
Trd, 4319037.593, 63
Trd, 4319038.293, 61
Trd, 4319038.593, 63
Trd, 4319039.793, 61
Trd, 4319041.193, 62
Trd, 4319041.293, 62
Trd, 4319041.643, 63
Trd, 4319042.143, 65
Trd, 4319042.393, 62
Trd, 4319042.993, 64
Trd, 4319043.343, 118
Trd, 4319043.643, 120
Trd, 4319044.193, 139
Trd, 4319045.493, 140
Trd, 4319045.543, 139
Trd, 4319046.593, 137
Trd, 4319046.793, 70
Trd, 4319047.593, 140
Trd, 4319047.943, 73
Trd, 4319048.443, 137
Trd, 4319050.043, 140
Trd, 4319050.243, 136
Trd, 4319050.293, 126
Trd, 4319052.243, 139
Trd, 4319052.693, 106
Trd, 4319052.793, 64
Trd, 4319054.143, 60
Trd, 4319054.593, 65
Trd, 4319054.643, 66
Trd, 4319056.443, 140
Trd, 4319056.543, 139
Trd, 4319057.193, 140
Trd, 4319057.743, 121
Trd, 4319057.893, 120
Trd, 4319057.943, 133
Trd, 4319058.493, 72
Trd, 4319058.693, 60
Trd, 4319059.493, 140
Trd, 4319059.843, 137
Trd, 4319060.143, 60
Trd, 4319061.943, 140
Trd, 4319062.593, 62
Trd, 4319063.543, 67
Trd, 4319064.693, 64
Trd, 4319065.343, 60
Trd, 4319065.693, 64
Trd, 4319066.293, 62
Trd, 4319066.643, 62
Trd, 4319067.493, 80
Trd, 4319067.743, 90
Trd, 4319068.343, 122
Trd, 4319068.593, 132
Trd, 4319069.493, 82
Trd, 4319069.793, 81
Trd, 4319070.693, 140
Trd, 4319071.393, 127
Trd, 4319072.043, 62
Trd, 4319072.243, 74
Trd, 4319072.993, 140
Trd, 4319073.743, 61
Trd, 4319074.393, 140
Trd, 4319074.493, 140
Trd, 4319074.943, 133
Trd, 4319076.093, 66
Trd, 4319076.843, 65
Trd, 4319077.393, 74
Trd, 4319078.193, 140
Trd, 4319079.043, 140
Trd, 4319079.493, 139
Trd, 4319081.093, 64
Trd, 4319081.143, 65
Trd, 4319081.243, 93
Trd, 4319081.893, 63
Trd, 4319083.243, 61
Trd, 4319083.493, 63
Trd, 4319083.593, 71
Trd, 4319084.243, 71
Trd, 4319084.843, 72
Trd, 4319085.043, 128
Trd, 4319085.843, 140
Trd, 4319085.993, 140
Trd, 4319086.193, 140
Trd, 4319086.843, 139
Trd, 4319087.243, 96
Trd, 4319087.393, 75
Trd, 4319087.593, 140
Trd, 4319088.943, 140
Trd, 4319090.093, 64
Trd, 4319090.143, 66
Trd, 4319090.293, 128
Trd, 4319091.443, 61
Trd, 4319091.893, 62
Trd, 4319092.443, 60
Trd, 4319092.943, 60
Trd, 4319093.043, 60
Trd, 4319094.893, 60
Trd, 4319095.593, 60
Trd, 4319097.343, 60
Trd, 4319097.393, 60
Trd, 4319097.543, 61
Trd, 4319098.693, 62
Trd, 4319099.493, 63
Trd, 4319100.543, 61
Trd, 4319100.643, 64
Trd, 4319101.193, 140
Trd, 4319102.443, 140
Trd, 4319102.643, 140
Trd, 4319103.293, 60
Trd, 4319103.993, 60
Trd, 4319104.043, 62
Trd, 4319104.443, 65
Trd, 4319104.743, 70
Trd, 4319105.843, 60
Trd, 4319106.643, 118
Trd, 4319108.843, 61
Trd, 4319109.043, 62
Trd, 4319109.393, 61
Trd, 4319111.043, 64
Trd, 4319111.593, 60
Trd, 4319111.893, 60
Trd, 4319112.993, 60
Trd, 4319114.943, 60
Trd, 4319115.143, 62
Trd, 4319115.543, 66
Trd, 4319116.393, 66
Trd, 4319116.643, 64
Trd, 4319117.393, 60
Trd, 4319118.093, 62
Trd, 4319118.193, 62
Trd, 4319118.993, 140
Trd, 4319119.293, 139
Trd, 4319119.593, 138
Trd, 4319119.793, 140
Trd, 4319120.343, 126
Trd, 4319121.343, 139
Trd, 4319122.143, 139
Trd, 4319122.443, 106
Trd, 4319122.743, 138
Trd, 4319123.493, 74
Trd, 4319123.843, 127
Trd, 4319125.543, 140
Trd, 4319125.843, 138
Trd, 4319125.943, 116
Trd, 4319128.243, 123
Trd, 4319128.643, 121
Trd, 4319128.843, 138
Trd, 4319129.443, 113
Trd, 4319129.593, 60
Trd, 4319130.493, 140
Trd, 4319131.343, 139
Trd, 4319131.643, 60
Trd, 4319133.343, 140
Trd, 4319133.643, 139
Trd, 4319134.593, 140
Trd, 4319134.993, 139
Trd, 4319135.393, 138
Trd, 4319136.193, 135
Trd, 4319136.543, 78
Trd, 4319136.793, 85
Trd, 4319137.293, 140
Trd, 4319138.193, 138
Trd, 4319138.993, 140
Trd, 4319139.593, 139
Trd, 4319139.993, 140
Trd, 4319140.843, 61
Trd, 4319141.093, 69
Trd, 4319142.093, 140
Trd, 4319143.893, 140
Trd, 4319144.193, 115
Trd, 4319144.543, 106
Trd, 4319144.643, 103
Trd, 4319145.093, 119
Trd, 4319146.043, 140
Trd, 4319146.743, 140
Trd, 4319146.793, 140
Trd, 4319148.443, 74
Trd, 4319148.693, 92
Trd, 4319149.793, 63
Trd, 4319150.943, 60
Trd, 4319151.293, 60
Trd, 4319151.343, 64
Trd, 4319151.793, 66
Trd, 4319152.593, 60
Trd, 4319153.843, 65
Trd, 4319154.393, 61
Trd, 4319154.493, 65
Trd, 4319156.493, 62
Trd, 4319157.193, 60
Trd, 4319157.343, 61
Trd, 4319158.793, 60
Trd, 4319159.493, 60
Trd, 4319160.293, 61
Trd, 4319161.143, 61
Trd, 4319161.493, 64
Trd, 4319162.593, 66
Trd, 4319162.993, 61
Trd, 4319163.543, 62
Trd, 4319164.043, 99
Trd, 4319165.243, 61
Trd, 4319165.393, 61
Trd, 4319165.693, 60
Trd, 4319167.743, 140
Trd, 4319167.793, 140
Trd, 4319167.993, 102
Trd, 4319168.143, 101
Trd, 4319168.293, 105
Trd, 4319168.543, 78
Trd, 4319169.743, 61
Trd, 4319170.043, 62
Trd, 4319171.743, 60
Trd, 4319172.293, 60
Trd, 4319172.443, 63
Trd, 4319172.693, 64
Trd, 4319174.093, 61
Trd, 4319175.993, 60
Trd, 4319176.493, 61
Trd, 4319176.893, 66
Trd, 4319179.543, 60
Trd, 4319179.643, 60
Trd, 4319180.293, 61
Trd, 4319180.993, 63
Trd, 4319181.293, 65
Trd, 4319181.643, 66
Trd, 4319182.043, 68
Trd, 4319182.343, 66
Trd, 4319183.843, 140
Trd, 4319184.093, 140
Trd, 4319184.393, 139
Trd, 4319184.493, 121
Trd, 4319185.843, 140
Trd, 4319186.093, 98
Trd, 4319187.143, 140
Trd, 4319187.943, 63
Trd, 4319188.493, 138
Trd, 4319189.493, 114
Trd, 4319189.943, 88
Trd, 4319190.093, 80
Trd, 4319190.493, 79
Trd, 4319191.543, 140
Trd, 4319191.943, 140
Trd, 4319192.393, 127
Trd, 4319192.493, 140
Trd, 4319193.993, 140
Trd, 4319195.293, 120
Trd, 4319195.543, 140
Trd, 4319195.693, 119
Trd, 4319195.793, 99
Trd, 4319196.443, 121
Trd, 4319196.793, 63
Trd, 4319198.843, 122
Trd, 4319199.943, 140
Trd, 4319200.093, 140
Trd, 4319200.493, 138
Trd, 4319200.893, 140
Trd, 4319201.943, 139
Trd, 4319202.093, 138
Trd, 4319203.793, 119
Trd, 4319203.993, 113
Trd, 4319204.093, 108
Trd, 4319205.143, 119
Trd, 4319205.443, 140
Trd, 4319205.893, 139
Trd, 4319207.293, 140
Trd, 4319207.393, 95
Trd, 4319207.843, 140
Trd, 4319208.843, 140
Trd, 4319208.893, 137
Trd, 4319209.143, 127
Trd, 4319209.943, 140
Trd, 4319210.593, 61
Trd, 4319211.093, 103
Trd, 4319211.893, 139
Trd, 4319212.143, 64
Trd, 4319213.193, 68
Trd, 4319213.443, 121
Trd, 4319213.643, 113
Trd, 4319215.343, 65
Trd, 4319216.393, 73
Trd, 4319216.543, 72
Trd, 4319216.843, 105
Trd, 4319217.143, 109
Trd, 4319217.543, 60
Trd, 4319217.893, 132
Trd, 4319219.443, 64
Trd, 4319219.643, 76
Trd, 4319221.493, 66
Trd, 4319222.343, 60
Trd, 4319222.393, 67
Trd, 4319222.743, 64
Trd, 4319224.493, 60
Trd, 4319224.543, 60
Trd, 4319225.493, 62
Trd, 4319225.893, 60
Trd, 4319225.993, 61
Trd, 4319227.593, 110
Trd, 4319227.943, 64
Trd, 4319229.043, 60
Trd, 4319229.893, 60
Trd, 4319229.993, 60
Trd, 4319230.543, 60
Trd, 4319231.293, 61
Trd, 4319231.743, 62
Trd, 4319231.843, 67
Trd, 4319232.243, 140
Trd, 4319233.943, 138
Trd, 4319234.543, 60
Trd, 4319235.043, 60
Trd, 4319235.293, 60
Trd, 4319235.393, 60
Trd, 4319236.393, 113
Trd, 4319236.943, 67
Trd, 4319237.243, 60
Trd, 4319237.293, 66
Trd, 4319237.893, 61
Trd, 4319238.693, 63
Trd, 4319240.143, 60
Trd, 4319240.293, 62
Trd, 4319241.043, 66
Trd, 4319241.493, 67
Trd, 4319241.693, 61
Trd, 4319242.793, 139
Trd, 4319244.743, 61
Trd, 4319245.393, 61
Trd, 4319245.993, 60
Trd, 4319246.793, 61
Trd, 4319246.993, 64
Trd, 4319247.993, 60
Trd, 4319248.993, 62
Trd, 4319249.543, 66
Trd, 4319249.793, 65
Trd, 4319249.943, 65
Trd, 4319250.293, 62
Trd, 4319250.893, 137
Trd, 4319251.743, 140
Trd, 4319253.043, 139
Trd, 4319253.593, 140
Trd, 4319254.093, 140
Trd, 4319254.143, 139
Trd, 4319254.543, 137
Trd, 4319255.493, 108
Trd, 4319255.843, 107
Trd, 4319256.043, 86
Trd, 4319256.693, 60
Trd, 4319256.743, 61
Trd, 4319258.343, 64
Trd, 4319258.543, 65
Trd, 4319259.943, 60
Trd, 4319260.693, 63
Trd, 4319261.143, 60
Trd, 4319261.243, 83
Trd, 4319262.543, 61
Trd, 4319262.743, 61
Trd, 4319263.343, 60
Trd, 4319264.143, 61
Trd, 4319264.743, 60
Trd, 4319265.593, 116
Trd, 4319266.293, 119
Trd, 4319266.393, 115
Trd, 4319266.943, 69
Trd, 4319267.893, 71
Trd, 4319269.243, 140
Trd, 4319269.443, 140
Trd, 4319270.043, 140
Trd, 4319270.243, 120
Trd, 4319270.743, 139
Trd, 4319270.793, 119
Trd, 4319272.443, 140
Trd, 4319272.793, 140
Trd, 4319273.593, 139
Trd, 4319273.943, 100
Trd, 4319274.493, 75
Trd, 4319275.593, 63
Trd, 4319275.743, 64
Trd, 4319276.643, 63
Trd, 4319276.893, 126
Trd, 4319277.693, 111
Trd, 4319278.693, 69
Trd, 4319279.943, 139
Trd, 4319279.993, 66
Trd, 4319281.643, 140
Trd, 4319281.893, 139
Trd, 4319282.343, 130
Trd, 4319282.543, 117
Trd, 4319282.793, 92
Trd, 4319283.243, 140
Trd, 4319283.293, 63
Trd, 4319283.893, 81
Trd, 4319285.443, 140
Trd, 4319286.243, 140
Trd, 4319286.443, 140
Trd, 4319287.093, 140
Trd, 4319288.693, 140
Trd, 4319288.743, 139
Trd, 4319289.543, 136
Trd, 4319289.843, 121
Trd, 4319290.443, 60
Trd, 4319290.493, 60
Trd, 4319291.193, 62
Trd, 4319291.993, 60
Trd, 4319292.093, 60
Trd, 4319293.493, 62
Trd, 4319294.243, 60
Trd, 4319294.693, 61
Trd, 4319295.393, 65
Trd, 4319296.493, 104
Trd, 4319296.993, 139
Trd, 4319297.143, 104
Trd, 4319297.743, 139
Trd, 4319298.193, 114
Trd, 4319298.343, 64
Trd, 4319299.043, 60
Trd, 4319300.443, 71
Trd, 4319300.493, 60
Trd, 4319301.143, 62
Trd, 4319301.193, 75
Trd, 4319301.793, 139
Trd, 4319302.493, 139
Trd, 4319303.043, 84
Trd, 4319304.093, 98
Trd, 4319304.493, 140
Trd, 4319305.393, 139
Trd, 4319305.543, 140
Trd, 4319306.143, 140
Trd, 4319306.193, 98
Trd, 4319307.243, 63
Trd, 4319307.793, 62
Trd, 4319308.293, 72
Trd, 4319308.743, 140
Trd, 4319309.593, 64
Trd, 4319310.043, 65
Trd, 4319311.143, 62
Trd, 4319312.043, 68
Trd, 4319312.693, 60
Trd, 4319313.043, 60
Trd, 4319314.043, 61
Trd, 4319314.393, 68
Trd, 4319315.443, 60
Trd, 4319315.543, 62
Trd, 4319315.843, 117
Trd, 4319316.193, 60
Trd, 4319317.493, 62
Trd, 4319318.343, 69
Trd, 4319319.243, 60
Trd, 4319319.343, 62
Trd, 4319320.343, 66
Trd, 4319321.393, 70
Trd, 4319322.343, 62
Trd, 4319322.543, 63
Trd, 4319322.793, 62
Trd, 4319322.943, 101
Trd, 4319323.343, 64
Trd, 4319323.943, 60
Trd, 4319325.443, 87
Trd, 4319326.193, 60
Trd, 4319327.493, 63
Trd, 4319327.893, 60
Trd, 4319328.393, 61
Trd, 4319328.893, 62
Trd, 4319329.193, 66
Trd, 4319329.893, 60
Trd, 4319330.493, 62
Trd, 4319331.143, 64
Trd, 4319331.643, 91
Trd, 4319332.443, 78
Trd, 4319332.493, 76
Trd, 4319333.193, 75
Trd, 4319334.393, 85
Trd, 4319334.543, 72
Trd, 4319334.993, 126
Trd, 4319336.493, 60
Trd, 4319337.943, 60
Trd, 4319338.443, 61
Trd, 4319338.793, 62
Trd, 4319339.143, 63
Trd, 4319341.143, 60
Trd, 4319341.193, 62
Trd, 4319342.043, 62
Trd, 4319342.243, 63
Trd, 4319342.993, 67
Trd, 4319343.343, 81
Trd, 4319343.843, 70
Trd, 4319344.043, 140
Trd, 4319344.093, 69
Trd, 4319344.793, 63
Trd, 4319345.843, 131
Trd, 4319346.143, 64
Trd, 4319348.993, 61
Trd, 4319349.493, 62
Trd, 4319349.643, 61
Trd, 4319350.343, 60
Trd, 4319351.543, 60
Trd, 4319351.593, 61
Trd, 4319352.143, 62
Trd, 4319352.443, 63
Trd, 4319352.943, 60
Trd, 4319353.043, 67
Trd, 4319353.543, 60
Trd, 4319353.843, 60
Trd, 4319355.693, 62
Trd, 4319356.043, 60
Trd, 4319356.843, 62
Trd, 4319357.143, 63
Trd, 4319357.193, 65
Trd, 4319357.993, 63
Trd, 4319358.993, 67
Trd, 4319359.443, 61
Trd, 4319361.993, 60
Trd, 4319362.043, 63
Trd, 4319362.193, 61
Trd, 4319362.693, 64
Trd, 4319363.293, 63
Trd, 4319363.493, 73
Trd, 4319363.893, 61
Trd, 4319364.593, 61
Trd, 4319364.943, 60
Trd, 4319365.943, 61
Trd, 4319366.193, 62
Trd, 4319366.493, 69
Trd, 4319367.843, 60
Trd, 4319368.043, 63
Trd, 4319368.193, 68
Trd, 4319368.543, 103
Trd, 4319369.743, 65
Trd, 4319370.443, 60
Trd, 4319370.693, 60
Trd, 4319370.793, 65
Trd, 4319371.893, 71
Trd, 4319372.293, 140
Trd, 4319373.543, 140
Trd, 4319373.743, 140
Trd, 4319373.893, 139
Trd, 4319374.993, 140
Trd, 4319375.643, 140
Trd, 4319375.843, 140
Trd, 4319376.993, 63
Trd, 4319377.793, 140
Trd, 4319379.193, 140
Trd, 4319379.293, 140
Trd, 4319379.993, 129
Trd, 4319380.443, 136
Trd, 4319380.893, 60
Trd, 4319381.193, 134
Trd, 4319381.493, 136
Trd, 4319382.243, 108
Trd, 4319384.093, 108
Trd, 4319384.843, 138
Trd, 4319386.293, 140
Trd, 4319386.993, 139
Trd, 4319387.693, 139
Trd, 4319388.243, 139
Trd, 4319389.443, 139
Trd, 4319389.843, 139
Trd, 4319390.193, 108
Trd, 4319390.943, 140
Trd, 4319391.243, 140
Trd, 4319392.743, 140
Trd, 4319392.943, 112
Trd, 4319393.143, 111
Trd, 4319393.643, 104
Trd, 4319395.093, 61
Trd, 4319395.143, 63
Trd, 4319395.393, 63
Trd, 4319395.993, 138
Trd, 4319396.393, 84
Trd, 4319398.043, 71
Trd, 4319398.443, 138
Trd, 4319398.893, 92
Trd, 4319399.893, 71
Trd, 4319400.543, 123
Trd, 4319400.593, 110
Trd, 4319402.593, 140
Trd, 4319403.243, 140
Trd, 4319403.843, 140
Trd, 4319404.393, 138
Trd, 4319404.593, 133
Trd, 4319404.693, 123
Trd, 4319404.843, 108
Trd, 4319404.993, 126
Trd, 4319405.443, 84
Trd, 4319406.893, 140
Trd, 4319406.943, 139
Trd, 4319407.293, 137
Trd, 4319408.093, 85
Trd, 4319409.243, 140
Trd, 4319409.593, 139
Trd, 4319409.793, 121
Trd, 4319410.143, 107
Trd, 4319412.093, 60
Trd, 4319412.593, 61
Trd, 4319413.443, 61
Trd, 4319413.743, 62
Trd, 4319414.093, 70
Trd, 4319414.793, 140
Trd, 4319415.493, 140
Trd, 4319415.593, 140
Trd, 4319416.943, 133
Trd, 4319416.993, 132
Trd, 4319417.793, 82
Trd, 4319419.293, 61
Trd, 4319420.243, 60
Trd, 4319420.693, 60
Trd, 4319421.043, 60
Trd, 4319421.643, 62
Trd, 4319421.793, 60
Trd, 4319422.743, 60
Trd, 4319422.793, 60
Trd, 4319423.393, 60
Trd, 4319423.643, 60
Trd, 4319423.893, 62
Trd, 4319426.043, 140
Trd, 4319426.443, 138
Trd, 4319427.043, 95
Trd, 4319427.093, 94
Trd, 4319427.193, 72
Trd, 4319427.243, 105
Trd, 4319428.043, 75
Trd, 4319428.743, 63
Trd, 4319429.843, 64
Trd, 4319430.493, 74
Trd, 4319431.343, 109
Trd, 4319431.893, 110
Trd, 4319432.993, 60
Trd, 4319433.293, 61
Trd, 4319433.743, 64
Trd, 4319434.843, 61
Trd, 4319435.543, 60
Trd, 4319435.643, 61
Trd, 4319435.943, 65
Trd, 4319437.193, 60
Trd, 4319439.193, 63
Trd, 4319439.593, 60
Trd, 4319440.193, 60
Trd, 4319440.543, 63
Trd, 4319441.393, 72
Trd, 4319441.593, 60
Trd, 4319442.043, 122
Trd, 4319442.493, 64
Trd, 4319443.343, 60
Trd, 4319443.393, 60
Trd, 4319444.193, 60
Trd, 4319445.843, 66
Trd, 4319446.693, 66
Trd, 4319447.543, 64
Trd, 4319447.643, 74
Trd, 4319448.093, 68
Trd, 4319448.343, 67
Trd, 4319448.743, 92
Trd, 4319448.943, 93
Trd, 4319450.043, 66
Trd, 4319451.193, 60
Trd, 4319451.693, 60
Trd, 4319452.343, 72
Trd, 4319452.543, 140
Trd, 4319453.043, 139
Trd, 4319453.393, 103
Trd, 4319453.693, 139
Trd, 4319454.393, 118
Trd, 4319455.993, 140
Trd, 4319456.243, 138
Trd, 4319458.643, 140
Trd, 4319459.593, 140
Trd, 4319459.693, 140
Trd, 4319459.893, 139
Trd, 4319459.943, 111
Trd, 4319460.043, 74
Trd, 4319460.543, 140
Trd, 4319460.893, 137
Trd, 4319461.293, 98
Trd, 4319463.293, 140
Trd, 4319464.393, 140
Trd, 4319464.443, 140
Trd, 4319464.693, 136
Trd, 4319464.893, 90
Trd, 4319465.743, 140
Trd, 4319466.743, 139
Trd, 4319467.593, 140
Trd, 4319468.843, 140
Trd, 4319469.243, 140
Trd, 4319469.443, 140
Trd, 4319471.243, 139
Trd, 4319471.643, 139
Trd, 4319471.843, 137
Trd, 4319472.493, 139
Trd, 4319473.043, 75
Trd, 4319473.293, 140
Trd, 4319475.193, 140
Trd, 4319475.393, 140
Trd, 4319475.543, 137
Trd, 4319476.443, 103
Trd, 4319477.243, 73
Trd, 4319478.293, 97
Trd, 4319478.843, 77
Trd, 4319479.243, 140
Trd, 4319479.293, 114
Trd, 4319479.843, 140
Trd, 4319480.293, 135
Trd, 4319481.093, 65
Trd, 4319481.593, 82
Trd, 4319483.543, 61
Trd, 4319484.543, 61
Trd, 4319484.693, 62
Trd, 4319485.743, 60
Trd, 4319486.143, 61
Trd, 4319486.893, 62
Trd, 4319487.043, 72
Trd, 4319488.743, 62
Trd, 4319489.043, 62
Trd, 4319489.093, 64
Trd, 4319490.193, 65
Trd, 4319490.443, 60
Trd, 4319491.093, 60
Trd, 4319491.693, 64
Trd, 4319492.143, 60
Trd, 4319492.543, 63
Trd, 4319493.893, 101
Trd, 4319495.243, 61
Trd, 4319495.943, 60
Trd, 4319496.043, 60
Trd, 4319497.393, 60
Trd, 4319497.993, 64
Trd, 4319498.493, 138
Trd, 4319498.893, 61
Trd, 4319498.993, 62
Trd, 4319499.943, 78
Trd, 4319501.143, 140
Trd, 4319501.643, 140
Trd, 4319501.843, 140
Trd, 4319502.043, 138
Trd, 4319502.643, 115
Trd, 4319503.443, 61
Trd, 4319504.093, 62
Trd, 4319504.243, 63
Trd, 4319505.043, 60
Trd, 4319505.943, 60
Trd, 4319506.193, 108
Trd, 4319506.243, 129
Trd, 4319507.043, 65
Trd, 4319508.593, 62
Trd, 4319508.893, 61
Trd, 4319509.593, 71
Trd, 4319509.743, 130
Trd, 4319511.343, 63
Trd, 4319511.443, 60
Trd, 4319511.743, 63
Trd, 4319512.043, 66
Trd, 4319512.643, 93
Trd, 4319513.043, 135
Trd, 4319513.443, 94
Trd, 4319513.943, 62
Trd, 4319515.093, 128
Trd, 4319515.593, 60
Trd, 4319517.143, 60
Trd, 4319518.693, 60
Trd, 4319519.043, 72
Trd, 4319519.343, 74
Trd, 4319519.493, 70
Trd, 4319519.993, 64
Trd, 4319520.343, 76
Trd, 4319521.693, 77
Trd, 4319522.193, 67
Trd, 4319522.243, 66
Trd, 4319523.293, 60
Trd, 4319524.093, 66
Trd, 4319524.993, 139
Trd, 4319526.143, 139
Trd, 4319526.343, 137
Trd, 4319526.393, 92
Trd, 4319527.293, 63
Trd, 4319527.493, 68
Trd, 4319528.743, 138
Trd, 4319528.993, 65
Trd, 4319529.143, 62
Trd, 4319530.543, 140
Trd, 4319530.743, 71
Trd, 4319531.393, 139
Trd, 4319531.443, 88
Trd, 4319531.743, 94
Trd, 4319532.643, 139
Trd, 4319533.343, 139
Trd, 4319534.693, 140
Trd, 4319534.843, 140
Trd, 4319535.243, 140
Trd, 4319535.743, 140
Trd, 4319536.693, 129
Trd, 4319537.093, 87
Trd, 4319537.343, 61
Trd, 4319538.293, 113
Trd, 4319538.893, 139
Trd, 4319539.343, 125
Trd, 4319539.793, 108
Trd, 4319540.393, 140
Trd, 4319542.143, 140
Trd, 4319542.393, 138
Trd, 4319542.893, 140
Trd, 4319543.593, 97
Trd, 4319543.993, 140
Trd, 4319544.543, 78
Trd, 4319544.943, 70
Trd, 4319545.543, 105
Trd, 4319547.393, 140
Trd, 4319547.893, 138
Trd, 4319548.493, 76
Trd, 4319549.043, 88
Trd, 4319550.243, 123
Trd, 4319550.743, 139
Trd, 4319551.543, 134
Trd, 4319551.743, 139
Trd, 4319552.893, 135
Trd, 4319554.143, 90
Trd, 4319554.343, 88
Trd, 4319556.293, 139
Trd, 4319556.543, 131
Trd, 4319557.793, 140
Trd, 4319557.843, 140
Trd, 4319558.193, 140
Trd, 4319558.393, 140
Trd, 4319558.443, 135
Trd, 4319558.943, 112
Trd, 4319559.993, 140
Trd, 4319560.243, 138
Trd, 4319560.543, 96
Trd, 4319562.093, 140
Trd, 4319562.693, 115
Trd, 4319563.043, 126
Trd, 4319563.493, 103
Trd, 4319563.993, 64
Trd, 4319564.693, 61
Trd, 4319565.343, 79
Trd, 4319565.693, 139
Trd, 4319566.543, 60
Trd, 4319566.943, 62
Trd, 4319567.193, 63
Trd, 4319568.143, 134
Trd, 4319568.593, 101
Trd, 4319568.943, 111
Trd, 4319569.443, 140
Trd, 4319570.093, 140
Trd, 4319570.743, 140
Trd, 4319571.143, 140
Trd, 4319571.443, 100
Trd, 4319573.243, 99
Trd, 4319573.493, 92
Trd, 4319574.943, 140
Trd, 4319575.043, 138
Trd, 4319575.843, 95
Trd, 4319576.393, 136
Trd, 4319577.043, 140
Trd, 4319577.293, 140
Trd, 4319577.393, 135
Trd, 4319577.643, 140
Trd, 4319578.493, 73
Trd, 4319579.093, 66
Trd, 4319579.693, 140
Trd, 4319581.293, 140
Trd, 4319581.393, 137
Trd, 4319581.843, 122
Trd, 4319584.243, 140
Trd, 4319584.743, 140
Trd, 4319585.093, 140
Trd, 4319585.493, 140
Trd, 4319586.043, 128
Trd, 4319586.293, 131
Trd, 4319586.843, 94
Trd, 4319587.193, 90
Trd, 4319587.843, 61
Trd, 4319588.793, 86
Trd, 4319589.143, 61
Trd, 4319589.593, 62
Trd, 4319590.243, 62
Trd, 4319590.693, 61
Trd, 4319591.643, 80
Trd, 4319592.593, 140
Trd, 4319592.643, 140
Trd, 4319593.143, 140
Trd, 4319593.293, 139
Trd, 4319594.093, 68
Trd, 4319594.443, 69
Trd, 4319595.243, 89
Trd, 4319596.843, 74
Trd, 4319598.243, 60
Trd, 4319598.793, 60
Trd, 4319598.843, 63
Trd, 4319599.393, 68
Trd, 4319599.593, 139
Trd, 4319600.643, 61
Trd, 4319601.793, 60
Trd, 4319601.893, 62
Trd, 4319602.293, 65
Trd, 4319602.993, 70
Trd, 4319603.243, 68
Trd, 4319603.643, 61
Trd, 4319605.493, 62
Trd, 4319605.843, 60
Trd, 4319606.143, 61
Trd, 4319606.693, 64
Trd, 4319607.643, 60
Trd, 4319608.293, 60
Trd, 4319608.793, 60
Trd, 4319608.943, 62
Trd, 4319609.493, 62
Trd, 4319609.693, 60
Trd, 4319610.243, 75
Trd, 4319610.793, 74
Trd, 4319611.443, 63
Trd, 4319611.943, 71
Trd, 4319612.393, 78
Trd, 4319613.143, 140
Trd, 4319613.443, 60
Trd, 4319614.993, 60
Trd, 4319615.543, 62
Trd, 4319615.943, 61
Trd, 4319616.993, 61
Trd, 4319618.293, 60
Trd, 4319618.543, 61
Trd, 4319619.293, 67
Trd, 4319619.343, 68
Trd, 4319620.343, 71
Trd, 4319621.343, 140
Trd, 4319621.893, 140
Trd, 4319621.943, 139
Trd, 4319622.743, 133
Trd, 4319622.893, 92
Trd, 4319623.243, 63
Trd, 4319623.443, 117
Trd, 4319623.643, 106
Trd, 4319625.093, 139
Trd, 4319625.143, 139
Trd, 4319625.843, 65
Trd, 4319626.393, 61
Trd, 4319627.793, 85
Trd, 4319628.193, 108
Trd, 4319628.943, 111
Trd, 4319629.043, 108
Trd, 4319629.193, 112
Trd, 4319629.943, 62
Trd, 4319630.343, 61
Trd, 4319630.743, 139
Trd, 4319631.943, 140
Trd, 4319632.243, 140
Trd, 4319632.943, 140
Trd, 4319632.993, 139
Trd, 4319633.293, 139
Trd, 4319634.143, 125
Trd, 4319634.693, 137
Trd, 4319635.443, 125
Trd, 4319636.643, 105
Trd, 4319637.193, 114
Trd, 4319637.293, 104
Trd, 4319637.643, 101
Trd, 4319638.843, 140
Trd, 4319639.743, 139
Trd, 4319639.843, 138
Trd, 4319640.443, 140
Trd, 4319640.993, 138
Trd, 4319642.293, 60
Trd, 4319643.543, 140
Trd, 4319643.643, 140
Trd, 4319643.843, 138
Trd, 4319644.743, 80
Trd, 4319645.143, 140
Trd, 4319645.793, 140
Trd, 4319646.143, 118
Trd, 4319646.693, 93
Trd, 4319646.793, 91
Trd, 4319649.143, 140
Trd, 4319649.393, 140
Trd, 4319649.943, 140
Trd, 4319650.243, 140
Trd, 4319650.293, 97
Trd, 4319650.393, 68
Trd, 4319650.843, 62
Trd, 4319651.293, 140
Trd, 4319652.693, 80
Trd, 4319653.093, 71
Trd, 4319653.993, 86
Trd, 4319655.143, 63
Trd, 4319655.393, 140
Trd, 4319655.693, 138
Trd, 4319656.493, 139
Trd, 4319656.593, 138
Trd, 4319657.343, 140
Trd, 4319658.443, 139
Trd, 4319658.843, 61
Trd, 4319659.693, 126
Trd, 4319659.943, 69
Trd, 4319660.443, 113
Trd, 4319662.043, 137
Trd, 4319662.293, 100
Trd, 4319663.093, 73
Trd, 4319663.543, 139
Trd, 4319663.843, 139
Trd, 4319665.943, 63
Trd, 4319666.593, 60
Trd, 4319666.793, 60
Trd, 4319667.493, 63
Trd, 4319668.293, 62
Trd, 4319669.643, 64
Trd, 4319669.843, 61
Trd, 4319670.143, 67
Trd, 4319670.543, 84
Trd, 4319671.993, 126
Trd, 4319673.043, 140
Trd, 4319673.243, 119
Trd, 4319673.493, 100
Trd, 4319674.093, 140
Trd, 4319674.543, 140
Trd, 4319675.343, 109
Trd, 4319675.893, 75
Trd, 4319677.043, 140
Trd, 4319677.443, 140
Trd, 4319677.643, 91
Trd, 4319678.843, 140
Trd, 4319679.943, 140
Trd, 4319680.143, 140
Trd, 4319680.693, 140
Trd, 4319680.843, 140
Trd, 4319681.943, 132
Trd, 4319682.493, 66
Trd, 4319684.043, 60
Trd, 4319684.443, 60
Trd, 4319684.693, 61
Trd, 4319685.793, 139
Trd, 4319686.143, 63
Trd, 4319687.143, 63
Trd, 4319687.793, 62
Trd, 4319688.843, 139
Trd, 4319689.043, 90
Trd, 4319689.193, 60
Trd, 4319690.343, 140
Trd, 4319690.993, 140
Trd, 4319691.093, 138
Trd, 4319692.393, 63
Trd, 4319693.743, 62
Trd, 4319693.793, 64
Trd, 4319694.993, 61
Trd, 4319695.693, 65
Trd, 4319696.743, 68
Trd, 4319697.943, 63
Trd, 4319698.443, 61
Trd, 4319699.143, 60
Trd, 4319699.443, 61
Trd, 4319699.693, 61
Trd, 4319700.193, 67
Trd, 4319700.343, 60
Trd, 4319700.793, 68
Trd, 4319702.143, 61
Trd, 4319702.393, 68
Trd, 4319702.893, 63
Trd, 4319703.643, 63
Trd, 4319704.943, 60
Trd, 4319704.993, 61
Trd, 4319705.543, 139
Trd, 4319705.593, 138
Trd, 4319706.893, 115
Trd, 4319707.593, 87
Trd, 4319708.443, 140
Trd, 4319709.393, 138
Trd, 4319709.893, 114
Trd, 4319711.093, 62
Trd, 4319711.593, 120
Trd, 4319712.543, 116
Trd, 4319713.143, 63
Trd, 4319713.343, 67
Trd, 4319713.643, 70
Trd, 4319714.043, 70
Trd, 4319714.593, 80
Trd, 4319714.943, 62
Trd, 4319715.143, 62
Trd, 4319716.443, 63
Trd, 4319716.943, 136
Trd, 4319718.393, 66
Trd, 4319719.093, 60
Trd, 4319719.343, 62
Trd, 4319720.043, 62
Trd, 4319720.293, 61
Trd, 4319720.543, 98
Trd, 4319720.743, 60
Trd, 4319721.593, 63
Trd, 4319722.593, 138
Trd, 4319723.493, 106
Trd, 4319723.893, 69
Trd, 4319724.243, 122
Trd, 4319725.893, 130
Trd, 4319726.443, 92
Trd, 4319726.593, 131
Trd, 4319726.943, 109
Trd, 4319727.093, 108
Trd, 4319727.393, 88
Trd, 4319728.093, 140
Trd, 4319728.193, 104
Trd, 4319730.793, 60
Trd, 4319730.943, 61
Trd, 4319731.693, 60
Trd, 4319732.143, 68
Trd, 4319734.093, 62
Trd, 4319734.443, 63
Trd, 4319735.143, 60
Trd, 4319735.693, 64
Trd, 4319736.043, 60
Trd, 4319736.643, 60
Trd, 4319737.743, 62
Trd, 4319738.243, 63
Trd, 4319738.943, 61
Trd, 4319740.193, 60
Trd, 4319740.343, 65
Trd, 4319740.493, 69
Trd, 4319741.143, 70
Trd, 4319741.243, 71
Trd, 4319741.493, 63
Trd, 4319741.593, 70
Trd, 4319743.393, 60
Trd, 4319744.393, 62
Trd, 4319745.693, 61
Trd, 4319746.193, 61
Trd, 4319746.893, 61
Trd, 4319747.143, 63
Trd, 4319748.543, 61
Trd, 4319749.893, 60
Trd, 4319750.693, 64
Trd, 4319751.093, 62
Trd, 4319751.143, 74
Trd, 4319751.343, 138
Trd, 4319752.143, 135
Trd, 4319752.593, 135
Trd, 4319754.043, 140
Trd, 4319754.593, 140
Trd, 4319754.943, 78
Trd, 4319755.543, 65
Trd, 4319755.693, 70
Trd, 4319756.793, 119
Trd, 4319757.643, 98
Trd, 4319757.743, 97
Trd, 4319758.243, 139
Trd, 4319758.293, 139
Trd, 4319759.043, 140
Trd, 4319760.743, 140
Trd, 4319760.943, 108
Trd, 4319761.593, 137
Trd, 4319762.443, 115
Trd, 4319763.193, 60
Trd, 4319764.443, 139
Trd, 4319764.643, 139
Trd, 4319765.493, 118
Trd, 4319766.043, 70
Trd, 4319766.643, 115
Trd, 4319767.443, 60
Trd, 4319769.193, 61
Trd, 4319769.393, 60
Trd, 4319770.393, 61
Trd, 4319770.643, 61
Trd, 4319771.193, 66
Trd, 4319771.793, 61
Trd, 4319773.143, 60
Trd, 4319773.193, 63
Trd, 4319773.993, 60
Trd, 4319774.143, 60
Trd, 4319774.393, 63
Trd, 4319774.793, 62
Trd, 4319775.243, 79
Trd, 4319776.243, 136
Trd, 4319776.443, 133
Trd, 4319777.543, 140
Trd, 4319777.643, 140
Trd, 4319777.843, 140
Trd, 4319778.793, 101
Trd, 4319779.593, 60
Trd, 4319780.593, 60
Trd, 4319781.293, 105
Trd, 4319781.343, 118
Trd, 4319782.293, 138
Trd, 4319782.993, 62
Trd, 4319783.243, 62
Trd, 4319784.293, 121
Trd, 4319784.643, 98
Trd, 4319784.893, 90
Trd, 4319785.893, 64
Trd, 4319786.343, 65
Trd, 4319786.843, 140
Trd, 4319788.993, 140
Trd, 4319789.293, 140
Trd, 4319790.243, 114
Trd, 4319790.393, 106
Trd, 4319790.693, 84
Trd, 4319791.293, 60
Trd, 4319793.143, 60
Trd, 4319793.543, 60
Trd, 4319794.093, 60
Trd, 4319794.993, 60
Trd, 4319795.143, 61
Trd, 4319795.493, 71
Trd, 4319796.893, 60
Trd, 4319796.993, 61
Trd, 4319797.393, 67
Trd, 4319798.193, 60
Trd, 4319799.843, 61
Trd, 4319799.893, 62
Trd, 4319800.193, 63
Trd, 4319802.043, 66
Trd, 4319802.693, 60
Trd, 4319802.793, 61
Trd, 4319803.343, 61
Trd, 4319803.393, 61
Trd, 4319803.743, 62
Trd, 4319805.143, 66
Trd, 4319806.643, 62
Trd, 4319807.043, 60
Trd, 4319807.393, 65
Trd, 4319807.443, 66
Trd, 4319807.693, 63
Trd, 4319808.743, 65
Trd, 4319809.793, 65
Trd, 4319809.893, 66
Trd, 4319810.343, 67
Trd, 4319810.493, 69
Trd, 4319811.843, 61
Trd, 4319812.443, 60
Trd, 4319812.543, 62
Trd, 4319814.543, 73
Trd, 4319815.343, 62
Trd, 4319815.793, 74
Trd, 4319816.143, 60
Trd, 4319817.443, 60
Trd, 4319817.543, 64
Trd, 4319817.993, 60
Trd, 4319818.593, 64
Trd, 4319818.693, 65
Trd, 4319819.293, 78
Trd, 4319821.643, 60
Trd, 4319821.893, 64
Trd, 4319822.243, 60
Trd, 4319822.593, 60
Trd, 4319823.143, 61
Trd, 4319823.593, 66
Trd, 4319823.793, 76
Trd, 4319825.593, 61
Trd, 4319826.643, 60
Trd, 4319827.143, 140
Trd, 4319827.393, 140
Trd, 4319827.493, 139
Trd, 4319827.743, 63
Trd, 4319829.093, 62
Trd, 4319830.443, 68
Trd, 4319830.793, 60
Trd, 4319831.643, 140
Trd, 4319831.693, 139
Trd, 4319833.243, 139
Trd, 4319833.393, 139
Trd, 4319833.443, 66
Trd, 4319833.743, 140
Trd, 4319834.843, 85
Trd, 4319835.493, 140
Trd, 4319836.093, 113
Trd, 4319836.343, 61
Trd, 4319837.043, 63
Trd, 4319837.593, 61
Trd, 4319838.143, 69
Trd, 4319839.093, 91
Trd, 4319839.693, 61
Trd, 4319839.843, 61
Trd, 4319841.643, 61
Trd, 4319842.393, 61
Trd, 4319842.643, 62
Trd, 4319842.843, 140
Trd, 4319843.143, 140
Trd, 4319844.043, 129
Trd, 4319845.493, 139
Trd, 4319845.543, 63
Trd, 4319846.793, 128
Trd, 4319847.393, 126
Trd, 4319847.893, 140
Trd, 4319847.943, 89
Trd, 4319849.393, 63
Trd, 4319849.493, 61
Trd, 4319849.893, 64
Trd, 4319850.243, 65
Trd, 4319851.243, 61
Trd, 4319851.343, 62
Trd, 4319851.893, 63
Trd, 4319853.193, 67
Trd, 4319853.543, 70
Trd, 4319853.893, 72
Trd, 4319855.443, 62
Trd, 4319855.593, 60
Trd, 4319856.593, 61
Trd, 4319857.543, 66
Trd, 4319858.443, 61
Trd, 4319859.293, 62
Trd, 4319859.643, 60
Trd, 4319860.193, 63
Trd, 4319860.443, 66
Trd, 4319861.143, 60
Trd, 4319862.143, 60
Trd, 4319862.493, 60
Trd, 4319863.843, 60
Trd, 4319864.993, 60
Trd, 4319865.693, 60
Trd, 4319865.893, 62
Trd, 4319866.743, 61
Trd, 4319866.843, 62
Trd, 4319867.093, 66
Trd, 4319867.243, 60
Trd, 4319868.743, 64
Trd, 4319869.143, 67
Trd, 4319869.743, 60
Trd, 4319870.093, 72
Trd, 4319870.493, 73
Trd, 4319870.893, 140
Trd, 4319871.593, 139
Trd, 4319871.843, 60
Trd, 4319872.393, 98
Trd, 4319873.193, 140
Trd, 4319874.093, 140
Trd, 4319874.443, 140
Trd, 4319874.893, 140
Trd, 4319875.093, 138
Trd, 4319876.343, 101
Trd, 4319876.643, 139
Trd, 4319877.493, 60
Trd, 4319878.693, 60
Trd, 4319879.093, 60
Trd, 4319879.293, 60
Trd, 4319879.693, 61
Trd, 4319880.393, 64
Trd, 4319880.593, 65
Trd, 4319882.993, 60
Trd, 4319883.343, 61
Trd, 4319886.193, 60
Trd, 4319886.743, 60
Trd, 4319886.793, 63
Trd, 4319888.793, 60
Trd, 4319888.843, 61
Trd, 4319888.893, 62
Trd, 4319889.193, 63
Trd, 4319889.443, 63
Trd, 4319889.643, 108
Trd, 4319890.693, 140
Trd, 4319891.293, 140
Trd, 4319891.943, 140
Trd, 4319892.193, 138
Trd, 4319892.493, 139
Trd, 4319893.143, 110
Trd, 4319893.443, 98
Trd, 4319894.193, 140
Trd, 4319894.543, 63
Trd, 4319895.693, 89
Trd, 4319895.793, 90
Trd, 4319896.943, 140
Trd, 4319897.293, 70
Trd, 4319898.093, 136
Trd, 4319898.343, 60
Trd, 4319899.793, 140
Trd, 4319899.943, 140
Trd, 4319900.343, 83
Trd, 4319900.843, 71
Trd, 4319901.493, 140
Trd, 4319902.293, 139
Trd, 4319902.643, 138
Trd, 4319903.243, 92
Trd, 4319903.743, 88
Trd, 4319904.343, 131
Trd, 4319905.693, 140
Trd, 4319906.993, 140
Trd, 4319907.543, 139
Trd, 4319907.643, 124
Trd, 4319909.143, 140
Trd, 4319909.943, 123
Trd, 4319910.143, 134
Trd, 4319910.293, 97
Trd, 4319910.643, 60
Trd, 4319911.193, 71
Trd, 4319911.793, 137
Trd, 4319912.643, 60
Trd, 4319914.343, 140
Trd, 4319914.393, 140
Trd, 4319915.293, 139
Trd, 4319915.343, 123
Trd, 4319916.043, 107
Trd, 4319916.893, 140
Trd, 4319917.393, 140
Trd, 4319917.893, 63
Trd, 4319918.543, 99
Trd, 4319919.793, 140
Trd, 4319919.943, 138
Trd, 4319921.193, 60
Trd, 4319922.493, 60
Trd, 4319922.543, 60
Trd, 4319922.893, 63
Trd, 4319923.243, 70
Trd, 4319924.243, 61
Trd, 4319925.843, 140
Trd, 4319925.943, 139
Trd, 4319925.993, 119
Trd, 4319926.543, 61
Trd, 4319927.193, 61
Trd, 4319927.993, 65
Trd, 4319928.543, 140
Trd, 4319929.643, 140
Trd, 4319930.093, 140
Trd, 4319930.193, 139
Trd, 4319931.143, 139
Trd, 4319931.943, 130
Trd, 4319932.593, 139
Trd, 4319932.893, 139
Trd, 4319933.193, 139
Trd, 4319933.693, 139
Trd, 4319934.193, 126
Trd, 4319935.193, 107
Trd, 4319936.643, 60
Trd, 4319936.793, 60
Trd, 4319937.043, 60
Trd, 4319937.593, 60
Trd, 4319938.443, 61
Trd, 4319939.243, 63
Trd, 4319939.743, 63
Trd, 4319939.993, 66
Trd, 4319940.593, 61
Trd, 4319941.243, 60
Trd, 4319942.043, 60
Trd, 4319942.193, 60
Trd, 4319942.843, 69
Trd, 4319943.393, 80
Trd, 4319944.143, 82
Trd, 4319944.793, 138
Trd, 4319944.943, 137
Trd, 4319945.043, 101
Trd, 4319946.343, 62
Trd, 4319947.393, 61
Trd, 4319947.693, 61
Trd, 4319948.393, 61
Trd, 4319948.443, 62
Trd, 4319948.943, 102
Trd, 4319949.043, 84
Trd, 4319950.743, 132
Trd, 4319952.043, 139
Trd, 4319952.243, 132
Trd, 4319953.393, 63
Trd, 4319953.593, 64
Trd, 4319953.843, 62
Trd, 4319953.893, 65
Trd, 4319953.993, 140
Trd, 4319954.543, 98
Trd, 4319955.343, 104
Trd, 4319956.393, 71
Trd, 4319956.843, 84
Trd, 4319957.443, 63
Trd, 4319957.993, 63
Trd, 4319958.193, 70
Trd, 4319958.493, 140
Trd, 4319960.043, 140
Trd, 4319961.043, 140
Trd, 4319962.593, 140
Trd, 4319963.143, 101
Trd, 4319963.693, 140
Trd, 4319963.743, 139
Trd, 4319963.793, 98
Trd, 4319963.893, 84
Trd, 4319964.843, 140
Trd, 4319965.293, 140
Trd, 4319965.493, 104
Trd, 4319965.793, 85
Trd, 4319967.043, 140
Trd, 4319967.143, 112
Trd, 4319968.293, 113
Trd, 4319968.693, 139
Trd, 4319970.743, 140
Trd, 4319970.943, 139
Trd, 4319971.593, 140
Trd, 4319973.143, 140
Trd, 4319973.643, 140
Trd, 4319974.143, 139
Trd, 4319975.193, 138
Trd, 4319975.543, 125
Trd, 4319976.243, 135
Trd, 4319976.393, 87
Trd, 4319976.793, 79
Trd, 4319978.443, 140
Trd, 4319978.543, 139
Trd, 4319979.093, 139
Trd, 4319980.093, 140
Trd, 4319980.193, 125
Trd, 4319981.243, 125
Trd, 4319982.293, 140
Trd, 4319982.443, 67
Trd, 4319982.593, 60
Trd, 4319982.943, 60
Trd, 4319984.043, 106
Trd, 4319984.543, 62
Trd, 4319985.243, 65
Trd, 4319986.143, 63
Trd, 4319986.343, 64
Trd, 4319986.943, 61
Trd, 4319987.793, 61
Trd, 4319987.893, 66
Trd, 4319988.993, 60
Trd, 4319989.743, 63
Trd, 4319990.093, 64
Trd, 4319990.543, 60
Trd, 4319991.193, 60
Trd, 4319993.543, 60
Trd, 4319993.693, 60
Trd, 4319993.743, 66
Trd, 4319993.993, 109
Trd, 4319994.693, 60
Trd, 4319995.493, 61
Trd, 4319996.893, 60
Trd, 4319997.143, 64
Trd, 4319998.193, 61
Trd, 4319998.593, 61
Trd, 4319999.793, 60
