Trd, 4318122.943, 140
Trd, 4318123.443, 138
Trd, 4318123.593, 117
Trd, 4318127.043, 140
Trd, 4318127.543, 140
Trd, 4318127.743, 140
Trd, 4318128.943, 139
Trd, 4318129.143, 127
Trd, 4318129.193, 115
Trd, 4318131.743, 115
Trd, 4318131.893, 114
Trd, 4318132.693, 123
Trd, 4318132.943, 120
Trd, 4318133.443, 118
Trd, 4318133.543, 122
Trd, 4318134.243, 111
Trd, 4318134.843, 116
Trd, 4318134.943, 139
Trd, 4318135.743, 137
Trd, 4318135.793, 78
Trd, 4318136.143, 105
Trd, 4318137.343, 60
Trd, 4318138.593, 64
Trd, 4318139.993, 62
Trd, 4318140.293, 62
Trd, 4318141.093, 63
Trd, 4318141.693, 61
Trd, 4318142.593, 140
Trd, 4318143.293, 139
Trd, 4318143.543, 108
Trd, 4318144.193, 113
Trd, 4318144.343, 112
Trd, 4318145.093, 140
Trd, 4318146.443, 108
Trd, 4318146.743, 74
Trd, 4318147.593, 82
Trd, 4318148.193, 87
Trd, 4318148.443, 126
Trd, 4318149.393, 63
Trd, 4318149.693, 89
Trd, 4318151.393, 70
Trd, 4318151.693, 62
Trd, 4318152.543, 133
Trd, 4318153.793, 119
Trd, 4318154.243, 140
Trd, 4318154.943, 119
Trd, 4318155.243, 119
Trd, 4318155.643, 60
Trd, 4318156.043, 76
Trd, 4318156.843, 63
Trd, 4318157.243, 120
Trd, 4318157.393, 114
Trd, 4318157.643, 69
Trd, 4318159.343, 125
Trd, 4318160.193, 107
Trd, 4318161.193, 132
Trd, 4318162.643, 130
Trd, 4318163.593, 140
Trd, 4318164.193, 139
Trd, 4318164.393, 110
Trd, 4318164.893, 101
Trd, 4318164.943, 97
Trd, 4318165.743, 85
Trd, 4318166.493, 73
Trd, 4318166.893, 75
Trd, 4318167.343, 70
Trd, 4318167.643, 78
Trd, 4318169.443, 140
Trd, 4318169.743, 140
Trd, 4318169.993, 140
Trd, 4318170.143, 140
Trd, 4318170.443, 139
Trd, 4318172.743, 98
Trd, 4318173.543, 82
Trd, 4318174.693, 140
Trd, 4318174.843, 140
Trd, 4318175.243, 138
Trd, 4318175.393, 109
Trd, 4318177.143, 87
Trd, 4318177.743, 125
Trd, 4318178.493, 87
Trd, 4318179.243, 140
Trd, 4318179.443, 124
Trd, 4318179.893, 109
Trd, 4318180.443, 105
Trd, 4318181.243, 140
Trd, 4318182.093, 109
Trd, 4318182.743, 130
Trd, 4318185.443, 140
Trd, 4318185.543, 138
Trd, 4318185.643, 84
Trd, 4318186.043, 137
Trd, 4318186.493, 139
Trd, 4318187.293, 125
Trd, 4318187.643, 111
Trd, 4318187.793, 67
Trd, 4318188.093, 99
Trd, 4318189.493, 77
Trd, 4318190.093, 76
Trd, 4318192.243, 140
Trd, 4318192.593, 139
Trd, 4318192.743, 139
Trd, 4318193.593, 119
Trd, 4318194.293, 119
Trd, 4318194.443, 118
Trd, 4318195.193, 104
Trd, 4318195.393, 99
Trd, 4318195.493, 80
Trd, 4318197.693, 125
Trd, 4318198.143, 79
Trd, 4318198.293, 71
Trd, 4318199.343, 86
Trd, 4318199.443, 78
Trd, 4318199.893, 97
Trd, 4318200.343, 136
Trd, 4318201.393, 60
Trd, 4318201.693, 136
Trd, 4318203.443, 64
Trd, 4318204.093, 60
Trd, 4318204.793, 70
Trd, 4318205.443, 80
Trd, 4318206.693, 140
Trd, 4318207.093, 140
Trd, 4318207.593, 138
Trd, 4318207.743, 106
Trd, 4318208.643, 133
Trd, 4318209.143, 100
Trd, 4318210.193, 140
Trd, 4318210.943, 140
Trd, 4318211.143, 131
Trd, 4318211.543, 107
Trd, 4318212.043, 96
Trd, 4318212.793, 100
Trd, 4318212.893, 89
Trd, 4318213.843, 100
Trd, 4318214.943, 95
Trd, 4318216.443, 140
Trd, 4318216.793, 111
Trd, 4318216.893, 103
Trd, 4318217.043, 74
Trd, 4318217.243, 110
Trd, 4318217.493, 70
Trd, 4318217.743, 114
Trd, 4318219.243, 62
Trd, 4318219.393, 87
Trd, 4318219.893, 140
Trd, 4318220.043, 136
Trd, 4318222.443, 132
Trd, 4318224.793, 140
Trd, 4318225.093, 140
Trd, 4318226.143, 136
Trd, 4318226.193, 129
Trd, 4318227.043, 110
Trd, 4318227.143, 109
Trd, 4318228.143, 92
Trd, 4318229.093, 110
Trd, 4318230.643, 73
Trd, 4318230.993, 106
Trd, 4318231.393, 140
Trd, 4318231.793, 90
Trd, 4318233.443, 140
Trd, 4318234.493, 97
Trd, 4318234.693, 103
Trd, 4318234.743, 93
Trd, 4318235.043, 88
Trd, 4318236.893, 75
Trd, 4318237.143, 88
Trd, 4318237.993, 133
Trd, 4318238.343, 133
Trd, 4318240.243, 140
Trd, 4318241.093, 106
Trd, 4318241.193, 99
Trd, 4318241.343, 121
Trd, 4318242.143, 140
Trd, 4318242.443, 109
Trd, 4318244.293, 139
Trd, 4318244.643, 126
Trd, 4318245.543, 121
Trd, 4318246.093, 132
Trd, 4318246.243, 117
Trd, 4318246.493, 100
Trd, 4318246.993, 72
Trd, 4318247.643, 96
Trd, 4318247.793, 140
Trd, 4318250.543, 140
Trd, 4318250.893, 140
Trd, 4318251.243, 98
Trd, 4318251.543, 88
Trd, 4318252.193, 122
Trd, 4318253.093, 100
Trd, 4318253.743, 132
Trd, 4318254.593, 118
Trd, 4318254.793, 100
Trd, 4318255.943, 110
Trd, 4318256.693, 103
Trd, 4318258.043, 139
Trd, 4318258.393, 85
Trd, 4318259.193, 126
Trd, 4318259.443, 82
Trd, 4318259.493, 75
Trd, 4318260.793, 140
Trd, 4318261.493, 134
Trd, 4318262.043, 117
Trd, 4318262.693, 102
Trd, 4318263.943, 70
Trd, 4318264.443, 84
Trd, 4318266.043, 90
Trd, 4318266.293, 84
Trd, 4318267.043, 132
Trd, 4318269.393, 109
Trd, 4318269.843, 116
Trd, 4318270.293, 102
Trd, 4318271.843, 138
Trd, 4318272.143, 104
Trd, 4318272.493, 91
Trd, 4318272.743, 91
Trd, 4318272.943, 91
Trd, 4318273.193, 79
Trd, 4318275.843, 140
Trd, 4318275.993, 140
Trd, 4318276.093, 139
Trd, 4318276.593, 140
Trd, 4318277.043, 138
Trd, 4318277.793, 140
Trd, 4318277.843, 112
Trd, 4318278.693, 77
Trd, 4318279.643, 61
Trd, 4318279.793, 83
Trd, 4318281.443, 134
Trd, 4318281.543, 132
Trd, 4318281.843, 131
Trd, 4318283.993, 140
Trd, 4318284.143, 123
Trd, 4318284.643, 139
Trd, 4318285.343, 102
Trd, 4318285.443, 134
Trd, 4318287.243, 136
Trd, 4318287.593, 136
Trd, 4318287.793, 114
Trd, 4318288.643, 140
Trd, 4318289.343, 108
Trd, 4318289.793, 97
Trd, 4318290.743, 124
Trd, 4318291.943, 98
Trd, 4318292.243, 122
Trd, 4318292.343, 96
Trd, 4318292.843, 96
Trd, 4318293.643, 120
Trd, 4318293.893, 92
Trd, 4318294.693, 93
Trd, 4318295.193, 61
Trd, 4318296.243, 61
Trd, 4318296.893, 72
Trd, 4318297.893, 140
Trd, 4318298.343, 140
Trd, 4318298.443, 139
Trd, 4318298.493, 104
Trd, 4318299.543, 63
Trd, 4318301.093, 61
Trd, 4318302.443, 140
Trd, 4318303.293, 140
Trd, 4318303.993, 140
Trd, 4318304.543, 140
Trd, 4318305.743, 138
Trd, 4318305.993, 137
Trd, 4318306.393, 125
Trd, 4318306.543, 121
Trd, 4318307.143, 106
Trd, 4318307.243, 81
Trd, 4318310.343, 140
Trd, 4318311.443, 140
Trd, 4318311.493, 138
Trd, 4318311.643, 117
Trd, 4318312.393, 114
Trd, 4318312.543, 106
Trd, 4318313.193, 108
Trd, 4318313.343, 104
Trd, 4318314.193, 118
Trd, 4318314.293, 117
Trd, 4318315.293, 64
Trd, 4318316.443, 139
Trd, 4318317.193, 140
Trd, 4318317.793, 119
Trd, 4318317.843, 118
Trd, 4318318.293, 115
Trd, 4318318.493, 101
Trd, 4318319.643, 72
Trd, 4318320.593, 70
Trd, 4318321.093, 68
Trd, 4318321.993, 136
Trd, 4318322.343, 106
Trd, 4318324.293, 140
Trd, 4318324.443, 136
Trd, 4318324.543, 134
Trd, 4318325.393, 111
Trd, 4318325.443, 104
Trd, 4318327.893, 60
Trd, 4318328.543, 100
Trd, 4318328.793, 97
Trd, 4318328.843, 94
Trd, 4318330.043, 61
Trd, 4318330.593, 60
Trd, 4318331.043, 70
Trd, 4318331.243, 140
Trd, 4318332.743, 95
Trd, 4318333.393, 78
Trd, 4318334.243, 139
Trd, 4318334.893, 135
Trd, 4318335.143, 87
Trd, 4318335.393, 61
Trd, 4318337.943, 140
Trd, 4318338.243, 137
Trd, 4318338.393, 116
Trd, 4318339.293, 67
Trd, 4318339.993, 63
Trd, 4318340.593, 67
Trd, 4318341.743, 61
Trd, 4318344.743, 60
Trd, 4318345.093, 61
Trd, 4318345.393, 61
Trd, 4318345.443, 64
Trd, 4318346.043, 65
Trd, 4318347.543, 140
Trd, 4318348.043, 140
Trd, 4318348.293, 140
Trd, 4318348.343, 139
Trd, 4318348.443, 105
Trd, 4318350.293, 69
Trd, 4318350.893, 90
Trd, 4318351.343, 85
Trd, 4318351.493, 84
Trd, 4318352.443, 61
Trd, 4318353.293, 62
Trd, 4318354.593, 72
Trd, 4318354.843, 71
Trd, 4318355.193, 80
Trd, 4318357.243, 116
Trd, 4318357.843, 140
Trd, 4318358.193, 140
Trd, 4318358.293, 140
Trd, 4318358.643, 62
Trd, 4318359.993, 70
Trd, 4318360.043, 69
Trd, 4318360.793, 68
Trd, 4318360.893, 124
Trd, 4318363.093, 140
Trd, 4318363.743, 140
Trd, 4318364.143, 139
Trd, 4318364.243, 119
Trd, 4318364.593, 138
Trd, 4318365.493, 112
Trd, 4318365.693, 87
Trd, 4318366.593, 140
Trd, 4318366.693, 139
Trd, 4318366.843, 99
Trd, 4318368.893, 122
Trd, 4318369.843, 138
Trd, 4318370.493, 96
Trd, 4318370.843, 140
Trd, 4318371.643, 107
Trd, 4318372.043, 140
Trd, 4318372.893, 109
Trd, 4318374.093, 139
Trd, 4318374.493, 136
Trd, 4318374.743, 138
Trd, 4318375.893, 109
Trd, 4318376.093, 97
Trd, 4318376.693, 92
Trd, 4318376.943, 94
Trd, 4318377.143, 81
Trd, 4318377.343, 80
Trd, 4318378.043, 86
Trd, 4318380.343, 140
Trd, 4318380.493, 132
Trd, 4318381.343, 110
Trd, 4318381.593, 126
Trd, 4318382.543, 78
Trd, 4318383.343, 124
Trd, 4318384.343, 138
Trd, 4318385.543, 132
Trd, 4318385.643, 127
Trd, 4318386.193, 140
Trd, 4318389.643, 128
Trd, 4318389.993, 125
Trd, 4318390.393, 124
Trd, 4318390.643, 108
Trd, 4318390.743, 101
Trd, 4318391.443, 93
Trd, 4318391.543, 92
Trd, 4318392.293, 138
Trd, 4318393.043, 136
Trd, 4318393.343, 102
Trd, 4318393.993, 123
Trd, 4318394.493, 81
Trd, 4318396.543, 96
Trd, 4318396.893, 129
Trd, 4318397.243, 140
Trd, 4318398.293, 121
Trd, 4318398.493, 89
Trd, 4318398.793, 88
Trd, 4318399.643, 140
Trd, 4318401.093, 121
Trd, 4318403.193, 140
Trd, 4318403.443, 140
Trd, 4318403.493, 139
Trd, 4318403.543, 116
Trd, 4318403.693, 111
Trd, 4318405.293, 102
Trd, 4318406.143, 138
Trd, 4318406.443, 123
Trd, 4318407.793, 139
Trd, 4318408.243, 129
Trd, 4318408.843, 97
Trd, 4318409.793, 137
Trd, 4318411.393, 88
Trd, 4318411.643, 105
Trd, 4318411.843, 139
Trd, 4318413.743, 61
Trd, 4318414.343, 65
Trd, 4318415.243, 139
Trd, 4318415.343, 137
Trd, 4318415.943, 111
Trd, 4318416.143, 135
Trd, 4318416.993, 93
Trd, 4318417.443, 92
Trd, 4318418.093, 67
Trd, 4318418.743, 89
Trd, 4318419.443, 60
Trd, 4318419.493, 61
Trd, 4318420.543, 139
Trd, 4318421.743, 136
Trd, 4318422.593, 113
Trd, 4318422.643, 82
Trd, 4318422.893, 84
Trd, 4318423.743, 83
Trd, 4318424.743, 98
Trd, 4318425.093, 96
Trd, 4318425.343, 90
Trd, 4318426.293, 123
Trd, 4318426.743, 71
Trd, 4318427.943, 66
Trd, 4318428.993, 108
Trd, 4318429.443, 125
Trd, 4318430.093, 88
Trd, 4318431.143, 80
Trd, 4318431.543, 131
Trd, 4318432.543, 110
Trd, 4318432.893, 140
Trd, 4318434.043, 136
Trd, 4318434.643, 135
Trd, 4318434.793, 105
Trd, 4318436.293, 140
Trd, 4318436.943, 139
Trd, 4318437.493, 100
Trd, 4318437.693, 99
Trd, 4318438.693, 108
Trd, 4318439.043, 91
Trd, 4318440.793, 140
Trd, 4318440.843, 117
Trd, 4318442.643, 91
Trd, 4318443.343, 140
Trd, 4318443.993, 140
Trd, 4318444.643, 122
Trd, 4318446.043, 128
Trd, 4318446.093, 127
Trd, 4318447.143, 107
Trd, 4318447.343, 140
Trd, 4318448.443, 112
Trd, 4318448.493, 110
Trd, 4318448.693, 106
Trd, 4318449.793, 104
Trd, 4318449.943, 82
Trd, 4318450.243, 78
Trd, 4318450.643, 66
Trd, 4318452.093, 140
Trd, 4318452.143, 140
Trd, 4318453.343, 100
Trd, 4318453.743, 140
Trd, 4318454.943, 93
Trd, 4318455.743, 75
Trd, 4318456.143, 103
Trd, 4318457.743, 112
Trd, 4318457.843, 97
Trd, 4318458.643, 97
Trd, 4318459.543, 104
Trd, 4318460.043, 96
Trd, 4318460.393, 85
Trd, 4318461.993, 140
Trd, 4318463.793, 140
Trd, 4318464.843, 117
Trd, 4318464.893, 115
Trd, 4318464.943, 108
Trd, 4318466.343, 139
Trd, 4318466.443, 140
Trd, 4318467.243, 127
Trd, 4318468.143, 140
Trd, 4318468.643, 139
Trd, 4318468.743, 107
Trd, 4318470.293, 137
Trd, 4318470.893, 111
Trd, 4318471.343, 105
Trd, 4318471.793, 89
Trd, 4318472.043, 134
Trd, 4318472.993, 113
Trd, 4318474.143, 140
Trd, 4318474.593, 140
Trd, 4318475.543, 140
Trd, 4318475.743, 138
Trd, 4318475.893, 125
Trd, 4318477.643, 140
Trd, 4318478.293, 112
Trd, 4318478.793, 97
Trd, 4318479.793, 123
Trd, 4318480.093, 99
Trd, 4318480.293, 139
Trd, 4318480.643, 92
Trd, 4318481.943, 64
Trd, 4318482.643, 61
Trd, 4318483.143, 89
Trd, 4318483.493, 107
Trd, 4318484.493, 78
Trd, 4318485.293, 75
Trd, 4318485.343, 71
Trd, 4318487.443, 138
Trd, 4318488.043, 111
Trd, 4318489.593, 137
Trd, 4318489.943, 138
Trd, 4318490.143, 138
Trd, 4318490.693, 137
Trd, 4318490.743, 137
Trd, 4318491.193, 98
Trd, 4318492.243, 139
Trd, 4318492.543, 104
Trd, 4318493.793, 83
Trd, 4318493.893, 82
Trd, 4318494.843, 77
Trd, 4318495.193, 112
Trd, 4318495.993, 64
Trd, 4318496.743, 67
Trd, 4318496.943, 65
Trd, 4318498.493, 137
Trd, 4318499.993, 140
Trd, 4318500.193, 116
Trd, 4318500.843, 140
Trd, 4318500.893, 139
Trd, 4318501.543, 118
Trd, 4318501.893, 118
Trd, 4318503.343, 61
Trd, 4318504.793, 140
Trd, 4318505.143, 104
Trd, 4318505.443, 76
Trd, 4318505.943, 116
Trd, 4318506.143, 132
Trd, 4318507.843, 140
Trd, 4318508.193, 108
Trd, 4318509.193, 93
Trd, 4318509.593, 107
Trd, 4318510.843, 140
Trd, 4318511.443, 79
Trd, 4318511.943, 140
Trd, 4318512.043, 71
Trd, 4318513.543, 82
Trd, 4318514.393, 114
Trd, 4318514.993, 113
Trd, 4318515.193, 100
Trd, 4318516.393, 107
Trd, 4318517.993, 140
Trd, 4318518.143, 140
Trd, 4318518.343, 114
Trd, 4318519.043, 140
Trd, 4318519.593, 81
Trd, 4318520.543, 115
Trd, 4318521.393, 84
Trd, 4318522.143, 140
Trd, 4318522.643, 93
Trd, 4318524.043, 68
Trd, 4318524.793, 82
Trd, 4318524.993, 71
Trd, 4318525.693, 70
Trd, 4318526.993, 140
Trd, 4318527.393, 124
Trd, 4318528.593, 139
Trd, 4318528.793, 111
Trd, 4318530.593, 120
Trd, 4318530.693, 103
Trd, 4318530.943, 101
Trd, 4318532.243, 136
Trd, 4318532.543, 107
Trd, 4318533.593, 122
Trd, 4318534.343, 140
Trd, 4318535.193, 122
Trd, 4318535.643, 73
Trd, 4318536.293, 102
Trd, 4318538.043, 140
Trd, 4318538.193, 139
Trd, 4318538.393, 138
Trd, 4318538.943, 108
Trd, 4318540.093, 106
Trd, 4318540.443, 139
Trd, 4318541.393, 106
Trd, 4318542.543, 72
Trd, 4318543.893, 123
Trd, 4318544.843, 108
Trd, 4318544.943, 93
Trd, 4318545.193, 91
Trd, 4318545.443, 140
Trd, 4318548.343, 131
Trd, 4318548.393, 119
Trd, 4318548.693, 140
Trd, 4318549.593, 109
Trd, 4318550.493, 86
Trd, 4318550.593, 85
Trd, 4318550.793, 79
Trd, 4318552.193, 104
Trd, 4318552.593, 89
Trd, 4318553.343, 88
Trd, 4318554.943, 140
Trd, 4318555.543, 114
Trd, 4318555.793, 114
Trd, 4318556.143, 74
Trd, 4318557.593, 139
Trd, 4318557.893, 136
Trd, 4318558.743, 84
Trd, 4318559.143, 83
Trd, 4318559.343, 99
Trd, 4318562.143, 140
Trd, 4318562.243, 128
Trd, 4318562.443, 126
Trd, 4318562.943, 139
Trd, 4318563.193, 119
Trd, 4318564.093, 140
Trd, 4318564.793, 139
Trd, 4318565.193, 121
Trd, 4318565.343, 103
Trd, 4318567.343, 92
Trd, 4318569.143, 140
Trd, 4318569.193, 120
Trd, 4318569.243, 114
Trd, 4318569.693, 137
Trd, 4318569.793, 78
Trd, 4318571.393, 123
Trd, 4318571.493, 78
Trd, 4318571.993, 69
Trd, 4318573.193, 140
Trd, 4318573.643, 137
Trd, 4318575.193, 103
Trd, 4318575.393, 95
Trd, 4318576.243, 136
Trd, 4318577.793, 119
Trd, 4318577.943, 103
Trd, 4318579.293, 139
Trd, 4318579.593, 138
Trd, 4318580.793, 113
Trd, 4318581.643, 68
Trd, 4318582.343, 95
Trd, 4318583.143, 112
Trd, 4318584.643, 134
Trd, 4318585.193, 140
Trd, 4318585.993, 140
Trd, 4318586.043, 139
Trd, 4318586.643, 139
Trd, 4318587.293, 92
Trd, 4318587.493, 87
Trd, 4318588.293, 102
Trd, 4318588.943, 88
Trd, 4318589.193, 80
Trd, 4318590.443, 83
Trd, 4318592.593, 140
Trd, 4318592.743, 140
Trd, 4318593.843, 140
Trd, 4318594.193, 137
Trd, 4318594.443, 96
Trd, 4318595.293, 109
Trd, 4318595.893, 85
Trd, 4318596.093, 85
Trd, 4318596.343, 114
Trd, 4318597.793, 103
Trd, 4318599.143, 100
Trd, 4318599.843, 138
Trd, 4318599.943, 103
Trd, 4318602.293, 96
Trd, 4318602.893, 123
Trd, 4318603.193, 117
Trd, 4318604.243, 87
Trd, 4318604.393, 69
Trd, 4318604.943, 140
Trd, 4318605.943, 64
Trd, 4318606.343, 140
Trd, 4318607.093, 108
Trd, 4318608.343, 109
Trd, 4318608.593, 125
Trd, 4318608.743, 89
Trd, 4318610.493, 70
Trd, 4318611.093, 107
Trd, 4318611.293, 125
Trd, 4318611.493, 106
Trd, 4318612.793, 91
Trd, 4318613.743, 132
Trd, 4318613.943, 88
Trd, 4318615.293, 140
Trd, 4318615.743, 138
Trd, 4318616.843, 140
Trd, 4318618.243, 140
Trd, 4318618.593, 140
Trd, 4318618.693, 139
Trd, 4318618.743, 127
Trd, 4318620.743, 140
Trd, 4318620.943, 140
Trd, 4318621.843, 135
Trd, 4318622.793, 116
Trd, 4318624.143, 103
Trd, 4318626.393, 125
Trd, 4318626.993, 82
Trd, 4318627.143, 77
Trd, 4318627.593, 140
Trd, 4318627.893, 62
Trd, 4318629.743, 140
Trd, 4318629.843, 139
Trd, 4318630.693, 118
Trd, 4318630.793, 140
Trd, 4318631.193, 117
Trd, 4318633.543, 100
Trd, 4318633.643, 90
Trd, 4318634.493, 140
Trd, 4318635.393, 138
Trd, 4318635.793, 111
Trd, 4318635.893, 89
Trd, 4318636.793, 105
Trd, 4318636.943, 133
Trd, 4318638.543, 129
Trd, 4318639.843, 140
Trd, 4318639.993, 125
Trd, 4318641.093, 105
Trd, 4318641.243, 84
Trd, 4318641.343, 82
Trd, 4318643.393, 66
Trd, 4318644.293, 60
Trd, 4318644.943, 60
Trd, 4318645.443, 61
Trd, 4318646.393, 140
Trd, 4318646.493, 139
Trd, 4318646.843, 130
Trd, 4318647.543, 106
Trd, 4318648.393, 139
Trd, 4318648.843, 138
Trd, 4318650.793, 140
Trd, 4318651.443, 140
Trd, 4318652.243, 120
Trd, 4318653.143, 122
Trd, 4318654.093, 138
Trd, 4318654.143, 115
Trd, 4318655.193, 140
Trd, 4318656.743, 140
Trd, 4318657.293, 140
Trd, 4318657.443, 124
Trd, 4318658.293, 123
Trd, 4318659.043, 116
Trd, 4318659.993, 139
Trd, 4318660.143, 138
Trd, 4318660.843, 117
Trd, 4318661.143, 112
Trd, 4318661.293, 107
Trd, 4318662.693, 140
Trd, 4318662.993, 140
Trd, 4318663.143, 110
Trd, 4318663.443, 104
Trd, 4318664.493, 91
Trd, 4318666.393, 61
Trd, 4318666.893, 117
Trd, 4318668.193, 140
Trd, 4318668.443, 139
Trd, 4318668.693, 138
Trd, 4318670.043, 140
Trd, 4318670.343, 139
Trd, 4318671.243, 139
Trd, 4318671.843, 101
Trd, 4318672.143, 69
Trd, 4318674.043, 140
Trd, 4318675.043, 112
Trd, 4318677.743, 140
Trd, 4318677.793, 136
Trd, 4318678.193, 118
Trd, 4318678.393, 114
Trd, 4318679.143, 92
Trd, 4318679.543, 74
Trd, 4318679.593, 71
Trd, 4318680.093, 139
Trd, 4318680.193, 98
Trd, 4318680.343, 63
Trd, 4318681.343, 100
Trd, 4318682.443, 121
Trd, 4318683.443, 120
Trd, 4318684.443, 60
Trd, 4318684.743, 62
Trd, 4318684.943, 93
Trd, 4318685.943, 138
Trd, 4318687.043, 140
Trd, 4318687.993, 140
Trd, 4318688.843, 140
Trd, 4318688.943, 140
Trd, 4318689.443, 96
Trd, 4318689.743, 108
Trd, 4318690.843, 84
Trd, 4318691.443, 69
Trd, 4318691.593, 140
Trd, 4318691.843, 74
Trd, 4318691.993, 116
Trd, 4318692.343, 110
Trd, 4318693.843, 96
Trd, 4318694.043, 91
Trd, 4318694.343, 140
Trd, 4318695.393, 139
Trd, 4318695.943, 90
Trd, 4318696.193, 86
Trd, 4318697.043, 84
Trd, 4318697.543, 62
Trd, 4318697.643, 108
Trd, 4318698.143, 91
Trd, 4318699.093, 81
Trd, 4318700.143, 100
Trd, 4318700.693, 100
Trd, 4318702.093, 130
Trd, 4318702.643, 129
Trd, 4318702.743, 117
Trd, 4318703.943, 126
Trd, 4318704.343, 106
Trd, 4318704.893, 64
Trd, 4318705.443, 140
Trd, 4318706.393, 107
Trd, 4318706.443, 101
Trd, 4318707.793, 140
Trd, 4318708.293, 140
Trd, 4318708.943, 130
Trd, 4318709.193, 127
Trd, 4318710.243, 75
Trd, 4318710.993, 116
Trd, 4318711.143, 88
Trd, 4318713.793, 140
Trd, 4318714.593, 140
Trd, 4318714.943, 110
Trd, 4318715.343, 109
Trd, 4318715.793, 139
Trd, 4318716.243, 128
Trd, 4318716.943, 136
Trd, 4318717.443, 118
Trd, 4318717.493, 103
Trd, 4318717.743, 85
Trd, 4318717.943, 86
Trd, 4318719.793, 96
Trd, 4318720.943, 76
Trd, 4318721.343, 73
Trd, 4318721.543, 78
Trd, 4318721.943, 140
Trd, 4318721.993, 75
Trd, 4318722.243, 60
Trd, 4318723.993, 81
Trd, 4318725.843, 62
Trd, 4318725.943, 73
Trd, 4318726.543, 119
Trd, 4318728.193, 140
Trd, 4318728.693, 140
Trd, 4318730.093, 97
Trd, 4318730.543, 140
Trd, 4318732.143, 140
Trd, 4318732.543, 140
Trd, 4318732.593, 108
Trd, 4318732.793, 107
Trd, 4318732.893, 86
Trd, 4318733.293, 83
Trd, 4318733.643, 125
Trd, 4318734.543, 113
Trd, 4318734.843, 101
Trd, 4318738.143, 140
Trd, 4318738.293, 140
Trd, 4318738.693, 138
Trd, 4318739.243, 126
Trd, 4318739.393, 118
Trd, 4318740.993, 65
Trd, 4318742.043, 109
Trd, 4318742.243, 103
Trd, 4318743.243, 60
Trd, 4318744.043, 81
Trd, 4318745.593, 62
Trd, 4318745.993, 60
Trd, 4318746.093, 96
Trd, 4318747.443, 63
Trd, 4318749.793, 112
Trd, 4318749.943, 99
Trd, 4318750.193, 98
Trd, 4318750.243, 68
Trd, 4318751.593, 140
Trd, 4318751.843, 139
Trd, 4318752.993, 107
Trd, 4318753.143, 106
Trd, 4318754.343, 140
Trd, 4318755.743, 140
Trd, 4318755.893, 140
Trd, 4318755.993, 128
Trd, 4318756.293, 109
Trd, 4318757.543, 140
Trd, 4318757.943, 119
Trd, 4318758.993, 96
Trd, 4318759.193, 95
Trd, 4318760.793, 107
Trd, 4318761.943, 129
Trd, 4318762.293, 115
Trd, 4318762.493, 106
Trd, 4318762.693, 82
Trd, 4318763.893, 124
Trd, 4318764.543, 100
Trd, 4318766.643, 140
Trd, 4318767.543, 140
Trd, 4318767.593, 140
Trd, 4318767.843, 140
Trd, 4318769.393, 140
Trd, 4318770.043, 137
Trd, 4318771.293, 101
Trd, 4318771.593, 98
Trd, 4318772.393, 97
Trd, 4318772.943, 96
Trd, 4318773.743, 139
Trd, 4318774.043, 108
Trd, 4318774.343, 139
Trd, 4318775.993, 107
Trd, 4318777.693, 140
Trd, 4318777.943, 132
Trd, 4318778.693, 127
Trd, 4318780.193, 84
Trd, 4318780.493, 96
Trd, 4318782.143, 140
Trd, 4318782.443, 140
Trd, 4318782.793, 140
Trd, 4318783.443, 140
Trd, 4318784.343, 134
Trd, 4318785.043, 135
Trd, 4318785.193, 134
Trd, 4318785.443, 119
Trd, 4318786.693, 122
Trd, 4318787.193, 100
Trd, 4318787.643, 72
Trd, 4318788.443, 137
Trd, 4318788.993, 94
Trd, 4318789.643, 99
Trd, 4318789.693, 70
Trd, 4318791.643, 139
Trd, 4318791.993, 96
Trd, 4318792.693, 103
Trd, 4318793.443, 139
Trd, 4318794.293, 116
Trd, 4318794.493, 104
Trd, 4318797.143, 140
Trd, 4318797.343, 128
Trd, 4318797.543, 112
Trd, 4318798.243, 136
Trd, 4318798.643, 110
Trd, 4318799.543, 96
Trd, 4318800.593, 109
Trd, 4318802.193, 140
Trd, 4318802.843, 106
Trd, 4318802.943, 115
Trd, 4318803.043, 100
Trd, 4318803.793, 117
Trd, 4318805.143, 132
Trd, 4318805.343, 103
Trd, 4318806.043, 103
Trd, 4318806.093, 107
Trd, 4318806.843, 102
Trd, 4318806.943, 104
Trd, 4318807.643, 99
Trd, 4318809.593, 136
Trd, 4318810.393, 130
Trd, 4318810.743, 110
Trd, 4318810.993, 106
Trd, 4318811.143, 105
Trd, 4318812.443, 68
Trd, 4318813.143, 60
Trd, 4318813.593, 99
Trd, 4318814.243, 119
Trd, 4318815.843, 100
Trd, 4318816.093, 102
Trd, 4318816.193, 99
Trd, 4318817.043, 134
Trd, 4318817.343, 90
Trd, 4318817.493, 73
Trd, 4318818.693, 123
Trd, 4318819.843, 88
Trd, 4318820.943, 62
Trd, 4318822.043, 61
Trd, 4318822.343, 86
Trd, 4318822.543, 66
Trd, 4318822.743, 92
Trd, 4318824.593, 61
Trd, 4318825.193, 82
Trd, 4318825.843, 114
Trd, 4318825.993, 91
Trd, 4318826.193, 140
Trd, 4318827.393, 73
Trd, 4318828.293, 69
Trd, 4318829.093, 83
Trd, 4318829.293, 101
Trd, 4318830.493, 63
Trd, 4318831.443, 115
Trd, 4318831.743, 92
Trd, 4318832.543, 111
Trd, 4318832.693, 78
Trd, 4318833.543, 66
Trd, 4318833.843, 62
Trd, 4318834.193, 83
Trd, 4318834.893, 140
Trd, 4318834.943, 140
Trd, 4318836.243, 140
Trd, 4318836.393, 138
Trd, 4318837.793, 140
Trd, 4318838.143, 121
Trd, 4318839.693, 140
Trd, 4318840.293, 138
Trd, 4318841.143, 134
Trd, 4318841.593, 121
Trd, 4318841.993, 117
Trd, 4318842.943, 98
Trd, 4318844.343, 110
Trd, 4318844.843, 108
Trd, 4318845.543, 62
Trd, 4318845.843, 68
Trd, 4318847.243, 110
Trd, 4318847.493, 81
Trd, 4318848.643, 105
Trd, 4318848.993, 68
Trd, 4318849.193, 113
Trd, 4318851.043, 139
Trd, 4318851.143, 107
Trd, 4318851.443, 105
Trd, 4318852.543, 114
Trd, 4318852.943, 137
Trd, 4318854.693, 91
Trd, 4318855.993, 140
Trd, 4318856.093, 117
Trd, 4318856.543, 103
Trd, 4318857.293, 130
Trd, 4318857.493, 104
Trd, 4318858.243, 62
Trd, 4318860.093, 140
Trd, 4318860.493, 140
Trd, 4318860.743, 86
Trd, 4318861.543, 84
Trd, 4318862.643, 124
Trd, 4318862.693, 115
Trd, 4318863.693, 83
Trd, 4318863.793, 80
Trd, 4318864.843, 77
Trd, 4318865.093, 138
Trd, 4318865.193, 74
Trd, 4318866.143, 87
Trd, 4318868.243, 139
Trd, 4318869.043, 112
Trd, 4318870.143, 139
Trd, 4318870.193, 120
Trd, 4318871.093, 111
Trd, 4318871.493, 89
Trd, 4318872.093, 109
Trd, 4318873.293, 84
Trd, 4318873.493, 65
Trd, 4318874.093, 138
Trd, 4318875.643, 81
Trd, 4318875.893, 85
Trd, 4318877.093, 76
Trd, 4318877.143, 90
Trd, 4318877.743, 140
Trd, 4318877.893, 74
Trd, 4318880.143, 140
Trd, 4318880.693, 93
Trd, 4318881.043, 92
Trd, 4318881.893, 112
Trd, 4318882.243, 140
Trd, 4318883.193, 86
Trd, 4318883.293, 80
Trd, 4318883.793, 137
Trd, 4318885.143, 96
Trd, 4318885.693, 101
Trd, 4318886.143, 60
Trd, 4318888.693, 87
Trd, 4318889.043, 97
Trd, 4318889.943, 98
Trd, 4318890.493, 113
Trd, 4318890.893, 60
Trd, 4318891.143, 61
Trd, 4318892.493, 139
Trd, 4318892.743, 113
Trd, 4318893.893, 77
Trd, 4318894.193, 68
Trd, 4318894.393, 79
Trd, 4318895.443, 130
Trd, 4318895.643, 140
Trd, 4318899.043, 121
Trd, 4318899.143, 118
Trd, 4318899.443, 114
Trd, 4318899.693, 102
Trd, 4318900.843, 140
Trd, 4318901.443, 119
Trd, 4318902.243, 100
Trd, 4318902.793, 138
Trd, 4318902.993, 102
Trd, 4318903.043, 98
Trd, 4318904.293, 64
Trd, 4318904.393, 80
Trd, 4318905.393, 140
Trd, 4318906.493, 140
Trd, 4318907.093, 140
Trd, 4318907.943, 111
Trd, 4318909.093, 122
Trd, 4318910.293, 118
Trd, 4318910.993, 80
Trd, 4318912.043, 95
Trd, 4318912.193, 64
Trd, 4318912.943, 140
Trd, 4318912.993, 140
Trd, 4318913.343, 135
Trd, 4318914.743, 119
Trd, 4318914.893, 118
Trd, 4318915.743, 137
Trd, 4318916.593, 97
Trd, 4318917.893, 97
Trd, 4318918.693, 98
Trd, 4318919.243, 140
Trd, 4318919.943, 70
Trd, 4318921.193, 139
Trd, 4318921.743, 101
Trd, 4318923.743, 140
Trd, 4318924.143, 140
Trd, 4318924.393, 110
Trd, 4318925.293, 109
Trd, 4318925.543, 140
Trd, 4318926.343, 78
Trd, 4318928.043, 73
Trd, 4318928.293, 63
Trd, 4318928.593, 72
Trd, 4318929.593, 100
Trd, 4318930.643, 130
Trd, 4318931.443, 108
Trd, 4318932.593, 125
Trd, 4318933.093, 117
Trd, 4318933.543, 132
Trd, 4318933.743, 117
Trd, 4318934.293, 102
Trd, 4318934.743, 77
Trd, 4318936.393, 70
Trd, 4318937.043, 69
Trd, 4318938.693, 140
Trd, 4318938.843, 137
Trd, 4318938.993, 108
Trd, 4318940.093, 64
Trd, 4318941.093, 140
Trd, 4318941.343, 140
Trd, 4318942.393, 102
Trd, 4318943.293, 138
Trd, 4318944.243, 93
Trd, 4318944.793, 88
Trd, 4318945.343, 127
Trd, 4318945.593, 100
Trd, 4318946.293, 79
Trd, 4318947.043, 120
Trd, 4318947.193, 107
Trd, 4318947.343, 137
Trd, 4318948.843, 111
Trd, 4318949.243, 94
Trd, 4318950.343, 139
Trd, 4318952.193, 113
Trd, 4318952.393, 107
Trd, 4318952.693, 101
Trd, 4318952.793, 117
Trd, 4318953.243, 140
Trd, 4318953.593, 66
Trd, 4318954.693, 140
Trd, 4318955.693, 61
Trd, 4318957.093, 66
Trd, 4318957.993, 67
Trd, 4318958.393, 66
Trd, 4318958.443, 93
Trd, 4318960.143, 140
Trd, 4318960.193, 140
Trd, 4318960.243, 135
Trd, 4318961.443, 138
Trd, 4318961.793, 102
Trd, 4318961.893, 101
Trd, 4318962.993, 140
Trd, 4318963.793, 110
Trd, 4318964.893, 140
Trd, 4318964.993, 110
Trd, 4318966.143, 109
Trd, 4318966.393, 138
Trd, 4318968.293, 135
Trd, 4318968.693, 96
Trd, 4318970.393, 61
Trd, 4318970.943, 60
Trd, 4318971.493, 127
Trd, 4318972.393, 127
Trd, 4318973.243, 140
Trd, 4318973.793, 126
Trd, 4318974.193, 103
Trd, 4318974.743, 100
Trd, 4318976.393, 140
Trd, 4318976.443, 139
Trd, 4318976.993, 112
Trd, 4318977.093, 99
Trd, 4318978.543, 136
Trd, 4318981.443, 126
Trd, 4318981.543, 113
Trd, 4318982.143, 104
Trd, 4318983.693, 139
Trd, 4318983.993, 121
Trd, 4318984.793, 138
Trd, 4318985.343, 135
Trd, 4318985.843, 133
Trd, 4318985.893, 98
Trd, 4318986.493, 95
Trd, 4318987.193, 63
Trd, 4318988.493, 67
Trd, 4318988.543, 87
Trd, 4318989.243, 62
Trd, 4318990.193, 69
Trd, 4318990.543, 136
Trd, 4318991.343, 113
Trd, 4318992.893, 140
Trd, 4318993.793, 140
Trd, 4318994.143, 107
Trd, 4318994.793, 114
Trd, 4318995.593, 113
Trd, 4318997.243, 140
Trd, 4318997.393, 140
Trd, 4318998.243, 140
Trd, 4318998.693, 140
Trd, 4318999.493, 108
Trd, 4319000.293, 81
Trd, 4319000.793, 74
Trd, 4319001.193, 88
Trd, 4319001.443, 118
Trd, 4319002.593, 94
Trd, 4319003.393, 140
Trd, 4319004.293, 140
Trd, 4319004.693, 140
Trd, 4319006.943, 127
Trd, 4319007.493, 115
Trd, 4319008.343, 88
Trd, 4319008.693, 74
Trd, 4319009.193, 66
Trd, 4319009.443, 69
Trd, 4319010.693, 140
Trd, 4319011.243, 138
Trd, 4319011.443, 139
Trd, 4319011.643, 128
Trd, 4319011.893, 126
Trd, 4319012.193, 102
Trd, 4319012.593, 87
Trd, 4319014.643, 85
Trd, 4319016.243, 140
Trd, 4319016.343, 140
Trd, 4319016.593, 140
Trd, 4319017.143, 136
Trd, 4319017.393, 135
Trd, 4319018.543, 113
Trd, 4319018.793, 139
Trd, 4319019.793, 78
Trd, 4319021.143, 79
Trd, 4319023.143, 140
Trd, 4319023.393, 140
Trd, 4319023.793, 139
Trd, 4319024.793, 98
Trd, 4319025.293, 92
Trd, 4319025.943, 98
Trd, 4319026.193, 90
Trd, 4319027.693, 140
Trd, 4319028.743, 129
Trd, 4319029.743, 140
Trd, 4319029.943, 99
Trd, 4319030.693, 65
Trd, 4319032.093, 81
Trd, 4319032.243, 66
Trd, 4319032.493, 96
Trd, 4319033.493, 86
Trd, 4319034.393, 90
Trd, 4319035.143, 89
Trd, 4319035.993, 91
Trd, 4319037.643, 140
Trd, 4319037.743, 140
Trd, 4319038.093, 139
Trd, 4319039.093, 140
Trd, 4319039.893, 132
Trd, 4319041.493, 140
Trd, 4319041.893, 118
Trd, 4319041.993, 116
Trd, 4319042.693, 102
Trd, 4319043.293, 139
Trd, 4319043.443, 122
Trd, 4319043.943, 140
Trd, 4319044.143, 112
Trd, 4319045.143, 110
Trd, 4319045.993, 126
Trd, 4319046.293, 111
Trd, 4319048.643, 132
Trd, 4319049.443, 139
Trd, 4319050.193, 116
Trd, 4319050.443, 108
Trd, 4319050.893, 96
Trd, 4319051.243, 103
Trd, 4319052.193, 132
Trd, 4319052.943, 138
Trd, 4319053.793, 116
Trd, 4319054.443, 140
Trd, 4319055.493, 94
Trd, 4319055.743, 91
Trd, 4319055.893, 89
Trd, 4319056.493, 122
Trd, 4319058.293, 63
Trd, 4319059.093, 127
Trd, 4319059.693, 66
Trd, 4319059.893, 62
Trd, 4319060.593, 63
Trd, 4319062.243, 67
Trd, 4319062.393, 78
Trd, 4319062.493, 139
Trd, 4319063.793, 140
Trd, 4319064.393, 140
Trd, 4319064.993, 139
Trd, 4319065.893, 89
Trd, 4319065.943, 113
Trd, 4319066.443, 98
Trd, 4319066.543, 95
Trd, 4319067.943, 93
Trd, 4319069.293, 140
Trd, 4319069.343, 140
Trd, 4319070.443, 129
Trd, 4319070.643, 105
Trd, 4319071.293, 127
Trd, 4319071.793, 99
Trd, 4319071.843, 73
Trd, 4319072.643, 140
Trd, 4319072.943, 140
Trd, 4319073.843, 136
Trd, 4319076.293, 140
Trd, 4319076.343, 140
Trd, 4319076.493, 140
Trd, 4319077.493, 128
Trd, 4319078.043, 107
Trd, 4319078.993, 94
Trd, 4319079.043, 91
Trd, 4319079.843, 92
Trd, 4319080.693, 86
Trd, 4319081.343, 140
Trd, 4319083.243, 107
Trd, 4319083.843, 139
Trd, 4319084.643, 139
Trd, 4319084.743, 106
Trd, 4319085.143, 128
Trd, 4319087.343, 64
Trd, 4319087.693, 67
Trd, 4319088.493, 94
Trd, 4319089.243, 140
Trd, 4319090.243, 140
Trd, 4319090.393, 140
Trd, 4319091.543, 139
Trd, 4319091.593, 113
Trd, 4319093.443, 133
Trd, 4319094.093, 140
Trd, 4319094.293, 126
Trd, 4319094.893, 136
Trd, 4319094.993, 117
Trd, 4319095.993, 112
Trd, 4319096.593, 110
Trd, 4319096.743, 109
Trd, 4319096.943, 138
Trd, 4319097.443, 104
Trd, 4319099.343, 65
Trd, 4319099.893, 61
Trd, 4319101.693, 71
Trd, 4319102.043, 140
Trd, 4319102.493, 139
Trd, 4319102.843, 101
Trd, 4319103.143, 98
Trd, 4319103.393, 85
Trd, 4319104.693, 140
Trd, 4319105.043, 138
Trd, 4319105.343, 120
Trd, 4319105.493, 99
Trd, 4319106.493, 61
Trd, 4319106.743, 63
Trd, 4319107.293, 88
Trd, 4319108.293, 91
Trd, 4319108.793, 79
Trd, 4319110.093, 60
Trd, 4319110.793, 67
Trd, 4319110.993, 63
Trd, 4319111.593, 63
Trd, 4319112.193, 140
Trd, 4319112.543, 71
Trd, 4319113.143, 131
Trd, 4319113.393, 131
Trd, 4319113.893, 130
Trd, 4319115.143, 140
Trd, 4319117.143, 81
Trd, 4319118.143, 64
Trd, 4319118.693, 105
Trd, 4319118.943, 94
Trd, 4319119.993, 140
Trd, 4319120.593, 73
Trd, 4319121.043, 98
Trd, 4319122.543, 109
Trd, 4319122.743, 108
Trd, 4319123.243, 136
Trd, 4319123.293, 76
Trd, 4319125.393, 140
Trd, 4319125.693, 140
Trd, 4319126.493, 140
Trd, 4319126.593, 117
Trd, 4319128.343, 140
Trd, 4319128.893, 135
Trd, 4319129.343, 134
Trd, 4319129.693, 61
Trd, 4319130.643, 139
Trd, 4319130.843, 106
Trd, 4319132.143, 120
Trd, 4319132.643, 140
Trd, 4319134.443, 109
Trd, 4319134.793, 129
Trd, 4319135.593, 117
Trd, 4319136.343, 96
Trd, 4319136.643, 90
Trd, 4319137.193, 121
Trd, 4319138.243, 119
Trd, 4319138.693, 118
Trd, 4319139.593, 121
Trd, 4319140.443, 140
Trd, 4319141.193, 123
Trd, 4319141.343, 122
Trd, 4319142.143, 108
Trd, 4319142.293, 73
Trd, 4319142.843, 68
Trd, 4319145.093, 140
Trd, 4319145.343, 140
Trd, 4319145.443, 133
Trd, 4319145.893, 88
Trd, 4319148.493, 124
Trd, 4319148.843, 120
Trd, 4319149.093, 96
Trd, 4319149.343, 93
Trd, 4319150.193, 102
Trd, 4319150.293, 65
Trd, 4319150.643, 135
Trd, 4319151.093, 119
Trd, 4319151.793, 114
Trd, 4319152.593, 95
Trd, 4319153.343, 140
Trd, 4319154.443, 117
Trd, 4319155.343, 97
Trd, 4319156.793, 133
Trd, 4319157.593, 139
Trd, 4319157.943, 132
Trd, 4319158.143, 123
Trd, 4319158.343, 119
Trd, 4319158.993, 95
Trd, 4319160.443, 140
Trd, 4319161.493, 140
Trd, 4319161.593, 140
Trd, 4319162.643, 140
Trd, 4319163.443, 120
Trd, 4319164.243, 140
Trd, 4319165.093, 122
Trd, 4319165.993, 133
Trd, 4319166.593, 108
Trd, 4319167.293, 139
Trd, 4319167.793, 113
Trd, 4319168.393, 61
Trd, 4319168.593, 66
Trd, 4319168.943, 73
Trd, 4319171.043, 65
Trd, 4319171.093, 67
Trd, 4319171.493, 65
Trd, 4319172.043, 60
Trd, 4319173.643, 60
Trd, 4319173.743, 60
Trd, 4319175.943, 109
Trd, 4319176.093, 138
Trd, 4319176.593, 98
Trd, 4319176.843, 95
Trd, 4319176.893, 61
Trd, 4319178.343, 62
Trd, 4319178.393, 63
Trd, 4319178.743, 63
Trd, 4319180.393, 106
Trd, 4319180.593, 111
Trd, 4319180.943, 113
Trd, 4319181.993, 138
Trd, 4319182.093, 119
Trd, 4319183.343, 109
Trd, 4319184.193, 140
Trd, 4319185.693, 124
Trd, 4319186.043, 123
Trd, 4319186.093, 118
Trd, 4319187.193, 104
Trd, 4319187.293, 103
Trd, 4319188.443, 140
Trd, 4319188.643, 139
Trd, 4319190.393, 138
Trd, 4319191.043, 137
Trd, 4319191.643, 115
Trd, 4319192.493, 130
Trd, 4319193.293, 140
Trd, 4319194.743, 139
Trd, 4319194.793, 115
Trd, 4319196.293, 118
Trd, 4319196.893, 139
Trd, 4319198.443, 140
Trd, 4319198.643, 140
Trd, 4319198.743, 139
Trd, 4319201.243, 121
Trd, 4319201.843, 120
Trd, 4319202.143, 106
Trd, 4319202.743, 98
Trd, 4319203.643, 77
Trd, 4319204.093, 139
Trd, 4319204.843, 139
Trd, 4319204.893, 138
Trd, 4319207.043, 138
Trd, 4319207.143, 139
Trd, 4319207.293, 126
Trd, 4319208.743, 140
Trd, 4319209.093, 139
Trd, 4319209.343, 115
Trd, 4319210.393, 103
Trd, 4319210.793, 82
Trd, 4319212.693, 140
Trd, 4319213.493, 140
Trd, 4319213.543, 139
Trd, 4319213.743, 111
Trd, 4319213.943, 90
Trd, 4319214.893, 125
Trd, 4319216.193, 136
Trd, 4319217.493, 129
Trd, 4319218.493, 128
Trd, 4319218.993, 112
Trd, 4319219.693, 140
Trd, 4319220.343, 139
Trd, 4319220.693, 139
Trd, 4319221.893, 130
Trd, 4319221.993, 131
Trd, 4319222.093, 96
Trd, 4319222.893, 82
Trd, 4319224.043, 134
Trd, 4319224.093, 117
Trd, 4319224.643, 138
Trd, 4319224.993, 127
Trd, 4319225.543, 138
Trd, 4319225.943, 115
Trd, 4319227.493, 72
Trd, 4319227.843, 76
Trd, 4319228.593, 81
Trd, 4319229.593, 64
Trd, 4319230.493, 61
Trd, 4319230.793, 66
Trd, 4319231.843, 61
Trd, 4319232.543, 64
Trd, 4319233.243, 140
Trd, 4319233.443, 140
Trd, 4319233.643, 139
Trd, 4319234.793, 137
Trd, 4319235.693, 139
Trd, 4319235.943, 125
Trd, 4319237.043, 133
Trd, 4319237.443, 108
Trd, 4319237.843, 140
Trd, 4319239.243, 140
Trd, 4319239.543, 140
Trd, 4319239.643, 113
Trd, 4319239.993, 102
Trd, 4319241.793, 116
Trd, 4319241.843, 79
Trd, 4319243.143, 140
Trd, 4319243.993, 81
Trd, 4319244.293, 80
Trd, 4319245.193, 82
Trd, 4319246.093, 95
Trd, 4319246.143, 112
Trd, 4319246.193, 93
Trd, 4319246.593, 128
Trd, 4319247.793, 73
Trd, 4319248.293, 89
Trd, 4319248.643, 118
Trd, 4319248.843, 108
Trd, 4319249.393, 80
Trd, 4319249.893, 79
Trd, 4319251.393, 70
Trd, 4319252.393, 139
Trd, 4319253.043, 128
Trd, 4319253.193, 102
Trd, 4319253.743, 101
Trd, 4319254.143, 65
Trd, 4319254.943, 71
Trd, 4319254.993, 77
Trd, 4319255.493, 85
Trd, 4319255.793, 82
Trd, 4319257.193, 61
Trd, 4319258.193, 62
Trd, 4319258.593, 124
Trd, 4319259.293, 60
Trd, 4319259.943, 63
Trd, 4319260.093, 66
Trd, 4319261.693, 94
Trd, 4319261.893, 92
Trd, 4319262.393, 89
Trd, 4319264.343, 127
Trd, 4319264.393, 126
Trd, 4319264.443, 81
Trd, 4319265.393, 92
Trd, 4319265.943, 75
Trd, 4319266.293, 136
Trd, 4319267.693, 63
Trd, 4319267.893, 78
Trd, 4319268.793, 140
Trd, 4319269.343, 140
Trd, 4319269.943, 85
Trd, 4319269.993, 84
Trd, 4319270.893, 60
Trd, 4319271.693, 60
Trd, 4319272.943, 140
Trd, 4319273.343, 140
Trd, 4319274.643, 94
Trd, 4319274.793, 139
Trd, 4319275.743, 81
Trd, 4319276.243, 80
Trd, 4319276.993, 118
Trd, 4319277.243, 96
Trd, 4319277.293, 79
Trd, 4319279.293, 104
Trd, 4319280.043, 130
Trd, 4319281.193, 140
Trd, 4319281.843, 128
Trd, 4319282.993, 140
Trd, 4319283.593, 140
Trd, 4319284.893, 83
Trd, 4319286.093, 106
Trd, 4319286.793, 78
Trd, 4319287.043, 104
Trd, 4319287.943, 100
Trd, 4319288.693, 126
Trd, 4319289.443, 92
Trd, 4319289.693, 99
Trd, 4319290.443, 71
Trd, 4319290.593, 70
Trd, 4319290.893, 139
Trd, 4319291.143, 67
Trd, 4319292.643, 140
Trd, 4319293.293, 140
Trd, 4319293.993, 104
Trd, 4319295.543, 133
Trd, 4319295.743, 130
Trd, 4319295.993, 114
Trd, 4319296.893, 140
Trd, 4319297.593, 140
Trd, 4319299.143, 100
Trd, 4319299.743, 126
Trd, 4319300.943, 111
Trd, 4319301.393, 97
Trd, 4319302.093, 80
Trd, 4319302.193, 76
Trd, 4319302.593, 63
Trd, 4319303.243, 140
Trd, 4319303.643, 140
Trd, 4319303.693, 100
Trd, 4319303.943, 86
Trd, 4319304.643, 77
Trd, 4319307.393, 109
Trd, 4319307.943, 109
Trd, 4319308.293, 107
Trd, 4319308.393, 111
Trd, 4319308.643, 65
Trd, 4319308.993, 140
Trd, 4319309.393, 64
Trd, 4319309.943, 61
Trd, 4319310.643, 139
Trd, 4319310.793, 120
Trd, 4319312.293, 92
Trd, 4319313.343, 93
Trd, 4319313.493, 92
Trd, 4319314.743, 123
Trd, 4319315.193, 85
Trd, 4319315.543, 85
Trd, 4319315.743, 74
Trd, 4319315.893, 68
Trd, 4319317.093, 113
Trd, 4319317.443, 130
Trd, 4319318.243, 139
Trd, 4319319.043, 75
Trd, 4319319.593, 79
Trd, 4319320.543, 63
Trd, 4319321.343, 67
Trd, 4319322.593, 90
Trd, 4319323.393, 115
Trd, 4319324.043, 109
Trd, 4319324.443, 95
Trd, 4319324.993, 60
Trd, 4319325.143, 61
Trd, 4319325.293, 130
Trd, 4319326.043, 74
Trd, 4319328.093, 80
Trd, 4319328.693, 129
Trd, 4319329.293, 128
Trd, 4319331.343, 68
Trd, 4319331.543, 68
Trd, 4319331.993, 84
Trd, 4319332.193, 140
Trd, 4319333.593, 140
Trd, 4319333.893, 140
Trd, 4319336.343, 140
Trd, 4319337.443, 140
Trd, 4319337.793, 110
Trd, 4319338.143, 95
Trd, 4319338.293, 135
Trd, 4319339.543, 66
Trd, 4319339.643, 135
Trd, 4319340.043, 68
Trd, 4319340.393, 137
Trd, 4319342.193, 119
Trd, 4319342.393, 131
Trd, 4319342.643, 80
Trd, 4319342.893, 127
Trd, 4319343.193, 62
Trd, 4319344.443, 61
Trd, 4319345.993, 140
Trd, 4319346.993, 89
Trd, 4319347.093, 88
Trd, 4319348.593, 99
Trd, 4319348.693, 121
Trd, 4319349.493, 109
Trd, 4319349.743, 91
Trd, 4319350.093, 105
Trd, 4319351.993, 95
Trd, 4319352.643, 85
Trd, 4319352.843, 82
Trd, 4319353.093, 140
Trd, 4319355.143, 64
Trd, 4319355.893, 62
Trd, 4319356.543, 117
Trd, 4319357.093, 116
Trd, 4319357.393, 83
Trd, 4319358.193, 86
Trd, 4319359.843, 119
Trd, 4319360.143, 140
Trd, 4319360.643, 133
Trd, 4319360.893, 137
Trd, 4319361.593, 86
Trd, 4319362.093, 84
Trd, 4319363.043, 128
Trd, 4319363.643, 120
Trd, 4319363.993, 110
Trd, 4319365.193, 140
Trd, 4319365.493, 111
Trd, 4319365.943, 87
Trd, 4319366.693, 132
Trd, 4319367.043, 118
Trd, 4319368.243, 120
Trd, 4319368.493, 117
Trd, 4319369.143, 84
Trd, 4319370.993, 139
Trd, 4319371.043, 137
Trd, 4319371.643, 117
Trd, 4319371.793, 107
Trd, 4319373.143, 76
Trd, 4319373.593, 75
Trd, 4319374.493, 107
Trd, 4319374.643, 93
Trd, 4319375.193, 140
Trd, 4319375.543, 139
Trd, 4319375.643, 114
Trd, 4319375.943, 83
Trd, 4319376.843, 62
Trd, 4319377.593, 91
Trd, 4319378.293, 78
Trd, 4319378.793, 140
Trd, 4319379.443, 140
Trd, 4319379.893, 96
Trd, 4319380.843, 62
Trd, 4319382.343, 64
Trd, 4319383.043, 62
Trd, 4319383.643, 84
Trd, 4319383.743, 81
Trd, 4319383.893, 87
Trd, 4319384.093, 140
Trd, 4319385.493, 88
Trd, 4319386.193, 90
Trd, 4319386.593, 112
Trd, 4319387.243, 139
Trd, 4319387.943, 140
Trd, 4319388.393, 139
Trd, 4319389.093, 83
Trd, 4319389.293, 90
Trd, 4319390.243, 126
Trd, 4319391.393, 118
Trd, 4319392.393, 109
Trd, 4319392.843, 113
Trd, 4319393.843, 139
Trd, 4319394.343, 101
Trd, 4319394.693, 96
Trd, 4319394.993, 118
Trd, 4319397.443, 130
Trd, 4319397.693, 129
Trd, 4319399.293, 129
Trd, 4319399.793, 115
Trd, 4319399.843, 113
Trd, 4319400.843, 119
Trd, 4319401.143, 137
Trd, 4319402.143, 101
Trd, 4319403.043, 122
Trd, 4319403.293, 100
Trd, 4319404.893, 140
Trd, 4319404.993, 140
Trd, 4319405.643, 110
Trd, 4319406.593, 116
Trd, 4319406.643, 115
Trd, 4319407.943, 118
Trd, 4319408.743, 98
Trd, 4319409.993, 75
Trd, 4319410.243, 93
Trd, 4319410.343, 135
Trd, 4319412.143, 116
Trd, 4319412.293, 118
Trd, 4319413.143, 93
Trd, 4319413.493, 69
Trd, 4319413.593, 68
Trd, 4319414.143, 63
Trd, 4319414.443, 75
Trd, 4319415.843, 105
Trd, 4319416.343, 61
Trd, 4319416.993, 60
Trd, 4319417.493, 138
Trd, 4319417.893, 139
Trd, 4319420.393, 140
Trd, 4319420.443, 112
Trd, 4319420.743, 104
Trd, 4319422.043, 140
Trd, 4319422.493, 101
Trd, 4319423.843, 140
Trd, 4319425.593, 140
Trd, 4319425.793, 140
Trd, 4319426.693, 139
Trd, 4319426.843, 114
Trd, 4319426.993, 110
Trd, 4319427.443, 78
Trd, 4319428.393, 138
Trd, 4319430.693, 125
Trd, 4319431.493, 123
Trd, 4319431.543, 122
Trd, 4319431.693, 103
Trd, 4319432.243, 86
Trd, 4319433.243, 93
Trd, 4319434.493, 139
Trd, 4319434.543, 111
Trd, 4319435.443, 103
Trd, 4319436.393, 60
Trd, 4319437.393, 140
Trd, 4319439.143, 139
Trd, 4319440.243, 118
Trd, 4319441.243, 128
Trd, 4319441.643, 103
Trd, 4319442.943, 94
Trd, 4319442.993, 74
Trd, 4319443.043, 110
Trd, 4319443.743, 136
Trd, 4319443.843, 140
Trd, 4319444.843, 125
Trd, 4319446.193, 80
Trd, 4319446.443, 86
Trd, 4319446.793, 78
Trd, 4319447.343, 126
Trd, 4319447.443, 73
Trd, 4319447.993, 140
Trd, 4319448.543, 140
Trd, 4319450.193, 138
Trd, 4319451.343, 140
Trd, 4319451.793, 139
Trd, 4319453.143, 137
Trd, 4319453.993, 124
Trd, 4319454.143, 85
Trd, 4319454.893, 81
Trd, 4319455.193, 64
Trd, 4319457.043, 138
Trd, 4319458.243, 140
Trd, 4319458.393, 134
Trd, 4319459.243, 112
Trd, 4319459.993, 93
Trd, 4319460.143, 92
Trd, 4319460.743, 136
Trd, 4319460.793, 87
Trd, 4319462.843, 139
Trd, 4319463.143, 93
Trd, 4319463.293, 70
Trd, 4319464.343, 112
Trd, 4319465.043, 139
Trd, 4319465.193, 100
Trd, 4319465.293, 120
Trd, 4319465.593, 134
Trd, 4319466.443, 83
Trd, 4319466.893, 79
Trd, 4319466.943, 94
Trd, 4319468.543, 106
Trd, 4319469.243, 84
Trd, 4319469.293, 70
Trd, 4319470.193, 65
Trd, 4319471.193, 71
Trd, 4319472.193, 112
Trd, 4319472.693, 128
Trd, 4319473.393, 140
Trd, 4319473.493, 106
Trd, 4319473.643, 110
Trd, 4319474.143, 106
Trd, 4319476.693, 71
Trd, 4319476.893, 60
Trd, 4319478.043, 60
Trd, 4319478.443, 63
Trd, 4319479.693, 140
Trd, 4319480.343, 140
Trd, 4319480.743, 139
Trd, 4319481.093, 111
Trd, 4319481.593, 137
Trd, 4319483.293, 139
Trd, 4319483.643, 106
Trd, 4319484.593, 110
Trd, 4319484.643, 106
Trd, 4319486.493, 133
Trd, 4319487.293, 111
Trd, 4319487.743, 110
Trd, 4319488.193, 109
Trd, 4319489.243, 140
Trd, 4319490.293, 121
Trd, 4319490.593, 96
Trd, 4319490.693, 95
Trd, 4319491.543, 78
Trd, 4319491.893, 78
Trd, 4319493.593, 140
Trd, 4319493.993, 139
Trd, 4319494.743, 101
Trd, 4319494.793, 98
Trd, 4319495.643, 104
Trd, 4319495.693, 101
Trd, 4319496.243, 92
Trd, 4319496.843, 102
Trd, 4319498.043, 62
Trd, 4319499.043, 62
Trd, 4319499.143, 76
Trd, 4319499.693, 60
Trd, 4319500.993, 64
Trd, 4319502.693, 140
Trd, 4319502.893, 139
Trd, 4319502.943, 109
Trd, 4319503.843, 85
Trd, 4319504.993, 140
Trd, 4319505.893, 87
Trd, 4319506.093, 83
Trd, 4319508.793, 140
Trd, 4319509.693, 140
Trd, 4319510.293, 140
Trd, 4319510.443, 139
Trd, 4319511.293, 137
Trd, 4319511.593, 122
Trd, 4319512.843, 139
Trd, 4319513.493, 139
Trd, 4319515.143, 124
Trd, 4319515.443, 106
Trd, 4319516.193, 94
Trd, 4319516.593, 135
Trd, 4319516.943, 82
Trd, 4319519.043, 84
Trd, 4319520.593, 140
Trd, 4319520.743, 139
Trd, 4319521.343, 101
Trd, 4319521.493, 97
Trd, 4319521.843, 117
Trd, 4319523.593, 130
Trd, 4319523.843, 116
Trd, 4319524.343, 115
Trd, 4319525.243, 115
Trd, 4319525.543, 101
Trd, 4319526.043, 121
Trd, 4319526.193, 138
Trd, 4319526.943, 112
Trd, 4319527.393, 111
Trd, 4319527.493, 122
Trd, 4319527.693, 95
Trd, 4319529.243, 140
Trd, 4319530.243, 117
Trd, 4319531.343, 110
Trd, 4319532.343, 98
Trd, 4319533.043, 140
Trd, 4319533.943, 140
Trd, 4319534.293, 134
Trd, 4319534.493, 127
Trd, 4319535.943, 140
Trd, 4319535.993, 119
Trd, 4319537.643, 114
Trd, 4319538.743, 140
Trd, 4319539.693, 104
Trd, 4319540.143, 81
Trd, 4319540.793, 139
Trd, 4319541.493, 93
Trd, 4319541.643, 92
Trd, 4319541.743, 80
Trd, 4319543.593, 133
Trd, 4319544.143, 138
Trd, 4319545.143, 134
Trd, 4319546.193, 118
Trd, 4319546.393, 88
Trd, 4319546.743, 73
Trd, 4319546.943, 93
Trd, 4319547.743, 101
Trd, 4319548.593, 140
Trd, 4319548.993, 112
Trd, 4319549.793, 71
Trd, 4319551.643, 107
Trd, 4319551.743, 95
Trd, 4319552.743, 128
Trd, 4319553.243, 107
Trd, 4319554.343, 125
Trd, 4319554.443, 94
Trd, 4319555.643, 81
Trd, 4319556.143, 74
Trd, 4319556.993, 140
Trd, 4319557.993, 131
Trd, 4319559.843, 140
Trd, 4319559.993, 139
Trd, 4319560.593, 119
Trd, 4319561.193, 97
Trd, 4319561.293, 135
Trd, 4319562.293, 98
Trd, 4319563.343, 98
Trd, 4319563.793, 140
Trd, 4319564.643, 114
Trd, 4319565.093, 113
Trd, 4319566.043, 66
Trd, 4319567.793, 72
Trd, 4319568.143, 79
Trd, 4319568.743, 92
Trd, 4319569.843, 60
Trd, 4319570.543, 76
Trd, 4319572.043, 139
Trd, 4319573.293, 129
Trd, 4319573.393, 114
Trd, 4319573.793, 136
Trd, 4319575.543, 140
Trd, 4319577.493, 140
Trd, 4319577.593, 139
Trd, 4319577.643, 120
Trd, 4319578.143, 140
Trd, 4319578.193, 112
Trd, 4319578.243, 91
Trd, 4319578.593, 92
Trd, 4319579.243, 86
Trd, 4319580.393, 131
Trd, 4319582.793, 97
Trd, 4319583.193, 94
Trd, 4319583.593, 118
Trd, 4319584.343, 122
Trd, 4319584.393, 108
Trd, 4319584.543, 93
Trd, 4319584.943, 96
Trd, 4319585.793, 140
Trd, 4319586.093, 114
Trd, 4319587.943, 140
Trd, 4319588.293, 140
Trd, 4319588.843, 138
Trd, 4319589.843, 101
Trd, 4319589.943, 101
Trd, 4319590.093, 117
Trd, 4319590.293, 80
Trd, 4319591.843, 87
Trd, 4319592.493, 125
Trd, 4319593.393, 108
Trd, 4319595.693, 140
Trd, 4319595.743, 140
Trd, 4319596.093, 113
Trd, 4319596.343, 140
Trd, 4319598.143, 138
Trd, 4319598.243, 78
Trd, 4319599.343, 128
Trd, 4319600.343, 84
Trd, 4319600.543, 83
Trd, 4319601.043, 137
Trd, 4319601.743, 140
Trd, 4319601.943, 103
Trd, 4319603.493, 75
Trd, 4319603.943, 73
Trd, 4319604.743, 108
Trd, 4319605.043, 75
Trd, 4319606.443, 140
Trd, 4319606.993, 139
Trd, 4319607.243, 117
Trd, 4319607.943, 140
Trd, 4319608.093, 134
Trd, 4319609.143, 133
Trd, 4319609.743, 125
Trd, 4319610.093, 121
Trd, 4319611.143, 102
Trd, 4319612.193, 105
Trd, 4319612.943, 140
Trd, 4319613.643, 134
Trd, 4319613.693, 120
Trd, 4319614.343, 108
Trd, 4319615.243, 139
Trd, 4319616.193, 139
Trd, 4319616.243, 132
Trd, 4319616.993, 101
Trd, 4319617.693, 92
Trd, 4319617.993, 130
Trd, 4319619.743, 140
Trd, 4319619.793, 139
Trd, 4319620.143, 95
Trd, 4319620.993, 68
Trd, 4319621.043, 64
Trd, 4319623.843, 137
Trd, 4319624.193, 117
Trd, 4319624.393, 95
Trd, 4319624.493, 129
Trd, 4319626.343, 140
Trd, 4319626.793, 100
Trd, 4319627.143, 140
Trd, 4319627.993, 97
Trd, 4319629.343, 100
Trd, 4319629.843, 138
Trd, 4319630.343, 136
Trd, 4319630.443, 127
Trd, 4319630.843, 139
Trd, 4319631.093, 125
Trd, 4319632.343, 102
Trd, 4319633.493, 102
Trd, 4319634.193, 101
Trd, 4319635.793, 112
Trd, 4319636.143, 104
Trd, 4319636.793, 120
Trd, 4319637.293, 133
Trd, 4319638.543, 106
Trd, 4319639.893, 116
Trd, 4319640.343, 109
Trd, 4319640.443, 97
Trd, 4319640.993, 75
Trd, 4319641.843, 84
Trd, 4319643.243, 76
Trd, 4319644.143, 117
Trd, 4319644.293, 94
Trd, 4319644.343, 91
Trd, 4319646.743, 140
Trd, 4319648.043, 140
Trd, 4319648.193, 140
Trd, 4319649.343, 108
Trd, 4319650.093, 103
Trd, 4319651.593, 139
Trd, 4319651.743, 107
Trd, 4319651.893, 106
Trd, 4319652.093, 79
Trd, 4319652.243, 79
Trd, 4319652.343, 77
Trd, 4319654.693, 140
Trd, 4319655.443, 133
Trd, 4319656.643, 129
Trd, 4319656.793, 140
Trd, 4319657.643, 128
Trd, 4319657.693, 102
Trd, 4319658.893, 84
Trd, 4319660.893, 140
Trd, 4319661.593, 140
Trd, 4319661.693, 139
Trd, 4319662.543, 94
Trd, 4319663.193, 122
Trd, 4319663.743, 116
Trd, 4319664.693, 138
Trd, 4319665.843, 135
Trd, 4319665.893, 107
Trd, 4319666.393, 104
Trd, 4319667.543, 106
Trd, 4319667.993, 105
Trd, 4319668.193, 99
Trd, 4319668.993, 137
Trd, 4319669.693, 72
Trd, 4319670.743, 96
Trd, 4319670.943, 114
Trd, 4319672.743, 138
Trd, 4319673.843, 122
Trd, 4319673.943, 121
Trd, 4319674.943, 62
Trd, 4319676.093, 71
Trd, 4319676.143, 69
Trd, 4319677.093, 138
Trd, 4319678.243, 137
Trd, 4319678.293, 134
Trd, 4319679.793, 100
Trd, 4319680.043, 96
Trd, 4319680.243, 95
Trd, 4319682.543, 82
Trd, 4319682.793, 139
Trd, 4319683.193, 129
Trd, 4319683.743, 94
Trd, 4319684.193, 136
Trd, 4319684.693, 124
Trd, 4319686.043, 90
Trd, 4319686.493, 69
Trd, 4319686.843, 82
Trd, 4319688.243, 138
Trd, 4319688.393, 79
Trd, 4319690.143, 135
Trd, 4319691.193, 116
Trd, 4319691.893, 105
Trd, 4319692.043, 104
Trd, 4319692.243, 93
Trd, 4319693.493, 106
Trd, 4319693.743, 104
Trd, 4319695.293, 106
Trd, 4319695.593, 139
Trd, 4319696.993, 96
Trd, 4319697.693, 81
Trd, 4319698.193, 140
Trd, 4319698.993, 79
Trd, 4319700.243, 115
Trd, 4319700.343, 74
Trd, 4319701.193, 63
Trd, 4319701.893, 128
Trd, 4319702.243, 105
Trd, 4319703.193, 104
Trd, 4319704.043, 84
Trd, 4319704.393, 78
Trd, 4319705.343, 140
Trd, 4319706.043, 140
Trd, 4319706.893, 139
Trd, 4319707.493, 111
Trd, 4319708.343, 140
Trd, 4319709.193, 105
Trd, 4319711.143, 140
Trd, 4319711.193, 134
Trd, 4319711.243, 118
Trd, 4319711.343, 108
Trd, 4319712.093, 72
Trd, 4319712.743, 81
Trd, 4319713.393, 62
Trd, 4319714.693, 140
Trd, 4319715.293, 140
Trd, 4319716.393, 140
Trd, 4319716.643, 140
Trd, 4319717.643, 120
Trd, 4319717.793, 115
Trd, 4319717.943, 88
Trd, 4319719.843, 140
Trd, 4319720.393, 137
Trd, 4319721.843, 137
Trd, 4319722.443, 140
Trd, 4319723.193, 140
Trd, 4319723.593, 140
Trd, 4319724.543, 140
Trd, 4319725.043, 103
Trd, 4319726.093, 139
Trd, 4319726.193, 123
Trd, 4319727.593, 83
Trd, 4319728.743, 140
Trd, 4319729.043, 140
Trd, 4319730.293, 107
Trd, 4319731.043, 88
Trd, 4319731.093, 110
Trd, 4319732.143, 95
Trd, 4319732.443, 108
Trd, 4319733.043, 109
Trd, 4319734.693, 103
Trd, 4319735.243, 140
Trd, 4319735.693, 140
Trd, 4319736.093, 121
Trd, 4319736.393, 140
Trd, 4319736.993, 121
Trd, 4319739.093, 128
Trd, 4319739.193, 127
Trd, 4319739.643, 73
Trd, 4319741.793, 140
Trd, 4319743.243, 140
Trd, 4319743.743, 127
Trd, 4319743.943, 108
Trd, 4319745.043, 129
Trd, 4319745.093, 81
Trd, 4319745.193, 71
Trd, 4319745.593, 132
Trd, 4319746.293, 68
Trd, 4319747.843, 127
Trd, 4319748.243, 84
Trd, 4319750.343, 103
Trd, 4319750.693, 140
Trd, 4319750.793, 129
Trd, 4319751.443, 102
Trd, 4319752.093, 138
Trd, 4319753.293, 111
Trd, 4319753.893, 122
Trd, 4319754.093, 80
Trd, 4319754.843, 60
Trd, 4319755.143, 69
Trd, 4319757.143, 89
Trd, 4319758.893, 140
Trd, 4319759.143, 110
Trd, 4319759.543, 97
Trd, 4319760.093, 97
Trd, 4319760.993, 111
Trd, 4319761.493, 113
Trd, 4319761.793, 109
Trd, 4319763.393, 140
Trd, 4319764.243, 140
Trd, 4319765.093, 94
Trd, 4319765.193, 68
Trd, 4319765.393, 84
Trd, 4319766.143, 99
Trd, 4319766.843, 139
Trd, 4319767.643, 110
Trd, 4319768.293, 76
Trd, 4319768.943, 69
Trd, 4319769.743, 106
Trd, 4319769.893, 68
Trd, 4319770.443, 62
Trd, 4319771.193, 72
Trd, 4319771.743, 88
Trd, 4319772.093, 83
Trd, 4319772.443, 109
Trd, 4319772.993, 140
Trd, 4319775.243, 140
Trd, 4319775.443, 140
Trd, 4319776.543, 140
Trd, 4319777.593, 135
Trd, 4319777.943, 139
Trd, 4319778.293, 108
Trd, 4319778.643, 100
Trd, 4319779.493, 140
Trd, 4319780.493, 129
Trd, 4319781.843, 107
Trd, 4319782.093, 100
Trd, 4319782.643, 114
Trd, 4319782.793, 89
Trd, 4319783.593, 80
Trd, 4319783.793, 71
Trd, 4319784.943, 81
Trd, 4319786.143, 140
Trd, 4319787.643, 139
Trd, 4319787.693, 138
Trd, 4319787.843, 109
Trd, 4319788.593, 70
Trd, 4319789.393, 140
Trd, 4319790.043, 140
Trd, 4319791.193, 140
Trd, 4319791.443, 138
Trd, 4319791.793, 119
Trd, 4319792.293, 139
Trd, 4319792.343, 107
Trd, 4319794.493, 140
Trd, 4319794.543, 118
Trd, 4319795.293, 66
Trd, 4319796.093, 68
Trd, 4319796.843, 73
Trd, 4319797.043, 60
Trd, 4319798.493, 87
Trd, 4319798.693, 88
Trd, 4319799.243, 122
Trd, 4319799.943, 140
Trd, 4319800.693, 109
Trd, 4319801.843, 137
Trd, 4319803.443, 109
Trd, 4319803.593, 108
Trd, 4319805.693, 140
Trd, 4319805.793, 139
Trd, 4319806.493, 124
Trd, 4319806.943, 86
Trd, 4319807.043, 79
Trd, 4319807.243, 103
Trd, 4319808.793, 140
Trd, 4319809.593, 92
Trd, 4319810.443, 88
Trd, 4319811.693, 135
Trd, 4319812.893, 136
Trd, 4319812.943, 123
Trd, 4319813.243, 107
Trd, 4319814.343, 110
Trd, 4319814.493, 112
Trd, 4319814.643, 108
Trd, 4319815.393, 61
Trd, 4319816.643, 140
Trd, 4319818.193, 140
Trd, 4319818.393, 138
Trd, 4319819.193, 139
Trd, 4319820.393, 140
Trd, 4319820.793, 108
Trd, 4319821.193, 106
Trd, 4319821.243, 105
Trd, 4319821.443, 103
Trd, 4319823.043, 127
Trd, 4319823.243, 111
Trd, 4319824.643, 139
Trd, 4319824.843, 138
Trd, 4319825.343, 140
Trd, 4319826.193, 134
Trd, 4319826.393, 119
Trd, 4319827.343, 121
Trd, 4319828.993, 138
Trd, 4319829.043, 120
Trd, 4319829.143, 106
Trd, 4319829.943, 80
Trd, 4319830.493, 138
Trd, 4319831.043, 139
Trd, 4319832.343, 106
Trd, 4319834.043, 132
Trd, 4319834.493, 98
Trd, 4319835.693, 97
Trd, 4319836.143, 139
Trd, 4319836.743, 140
Trd, 4319836.943, 118
Trd, 4319838.443, 114
Trd, 4319838.993, 139
Trd, 4319839.443, 108
Trd, 4319840.643, 140
Trd, 4319840.793, 122
Trd, 4319841.043, 107
Trd, 4319841.443, 89
Trd, 4319842.493, 127
Trd, 4319842.743, 90
Trd, 4319843.043, 88
Trd, 4319844.343, 140
Trd, 4319844.693, 140
Trd, 4319844.793, 140
Trd, 4319845.393, 70
Trd, 4319846.293, 60
Trd, 4319847.343, 96
Trd, 4319847.393, 91
Trd, 4319848.643, 80
Trd, 4319850.343, 60
Trd, 4319850.993, 60
Trd, 4319851.343, 64
Trd, 4319851.793, 64
Trd, 4319852.143, 86
Trd, 4319852.943, 67
Trd, 4319853.093, 112
Trd, 4319853.893, 60
Trd, 4319854.043, 62
Trd, 4319854.243, 139
Trd, 4319857.243, 74
Trd, 4319857.793, 95
Trd, 4319857.893, 94
Trd, 4319858.643, 76
Trd, 4319860.243, 76
Trd, 4319860.493, 79
Trd, 4319860.793, 99
Trd, 4319861.193, 66
Trd, 4319861.893, 97
Trd, 4319863.093, 140
Trd, 4319863.243, 140
Trd, 4319863.743, 100
Trd, 4319864.143, 111
Trd, 4319864.443, 77
Trd, 4319864.793, 114
Trd, 4319864.893, 66
Trd, 4319866.243, 140
Trd, 4319867.393, 100
Trd, 4319868.093, 112
Trd, 4319869.893, 140
Trd, 4319870.743, 107
Trd, 4319871.743, 129
Trd, 4319872.143, 99
Trd, 4319872.693, 98
Trd, 4319872.743, 89
Trd, 4319874.793, 139
Trd, 4319875.293, 139
Trd, 4319875.543, 138
Trd, 4319875.643, 111
Trd, 4319875.793, 96
Trd, 4319878.843, 137
Trd, 4319879.543, 104
Trd, 4319879.593, 94
Trd, 4319880.543, 140
Trd, 4319881.093, 140
Trd, 4319881.893, 117
Trd, 4319882.043, 106
Trd, 4319882.193, 127
Trd, 4319882.743, 140
Trd, 4319884.093, 88
Trd, 4319886.743, 140
Trd, 4319887.193, 114
Trd, 4319887.243, 113
Trd, 4319887.393, 99
Trd, 4319888.393, 130
Trd, 4319889.193, 123
Trd, 4319889.343, 104
Trd, 4319889.443, 95
Trd, 4319890.493, 140
Trd, 4319891.143, 115
Trd, 4319891.793, 96
Trd, 4319891.993, 90
Trd, 4319893.343, 124
Trd, 4319894.943, 108
Trd, 4319895.143, 91
Trd, 4319895.193, 113
Trd, 4319895.343, 68
Trd, 4319897.043, 61
Trd, 4319897.593, 140
Trd, 4319898.693, 104
Trd, 4319898.793, 89
Trd, 4319900.643, 139
Trd, 4319901.043, 139
Trd, 4319901.943, 138
Trd, 4319902.243, 99
Trd, 4319902.493, 103
Trd, 4319902.793, 125
Trd, 4319904.443, 78
Trd, 4319905.143, 139
Trd, 4319905.693, 77
Trd, 4319908.093, 79
Trd, 4319908.493, 100
Trd, 4319908.643, 99
Trd, 4319908.993, 118
Trd, 4319909.393, 75
Trd, 4319911.193, 140
Trd, 4319911.543, 129
Trd, 4319911.743, 127
Trd, 4319912.743, 104
Trd, 4319912.843, 88
Trd, 4319913.393, 76
Trd, 4319913.793, 140
Trd, 4319914.793, 84
Trd, 4319916.593, 109
Trd, 4319916.893, 97
Trd, 4319917.193, 131
Trd, 4319917.243, 92
Trd, 4319918.643, 109
Trd, 4319919.143, 139
Trd, 4319920.343, 101
Trd, 4319921.293, 116
Trd, 4319921.493, 100
Trd, 4319921.543, 97
Trd, 4319922.343, 95
Trd, 4319922.393, 123
Trd, 4319923.743, 96
Trd, 4319925.193, 92
Trd, 4319926.043, 82
Trd, 4319926.393, 81
Trd, 4319928.543, 140
Trd, 4319928.643, 140
Trd, 4319928.943, 137
Trd, 4319929.843, 137
Trd, 4319930.543, 135
Trd, 4319930.593, 132
Trd, 4319930.693, 111
Trd, 4319931.243, 133
Trd, 4319931.893, 111
Trd, 4319933.143, 140
Trd, 4319933.793, 98
Trd, 4319934.343, 105
Trd, 4319934.543, 104
Trd, 4319934.893, 66
Trd, 4319935.293, 72
Trd, 4319936.343, 140
Trd, 4319937.093, 139
Trd, 4319937.493, 108
Trd, 4319938.643, 103
Trd, 4319939.243, 122
Trd, 4319939.293, 83
Trd, 4319939.943, 116
Trd, 4319940.443, 86
Trd, 4319941.893, 121
Trd, 4319942.193, 72
Trd, 4319942.843, 62
Trd, 4319944.043, 63
Trd, 4319945.693, 61
Trd, 4319946.543, 131
Trd, 4319946.843, 130
Trd, 4319946.893, 116
Trd, 4319947.743, 110
Trd, 4319947.843, 108
Trd, 4319947.943, 81
Trd, 4319948.743, 60
Trd, 4319950.293, 110
Trd, 4319950.993, 92
Trd, 4319952.193, 106
Trd, 4319952.443, 105
Trd, 4319952.943, 117
Trd, 4319953.693, 105
Trd, 4319954.143, 139
Trd, 4319956.093, 139
Trd, 4319956.893, 140
Trd, 4319957.893, 128
Trd, 4319959.343, 139
Trd, 4319959.893, 140
Trd, 4319959.993, 140
Trd, 4319960.443, 121
Trd, 4319961.943, 140
Trd, 4319962.143, 137
Trd, 4319962.743, 138
Trd, 4319962.893, 128
Trd, 4319965.393, 138
Trd, 4319965.593, 112
Trd, 4319965.993, 85
Trd, 4319966.193, 72
Trd, 4319966.443, 106
Trd, 4319967.443, 80
Trd, 4319968.493, 61
Trd, 4319968.793, 83
Trd, 4319969.293, 140
Trd, 4319969.993, 93
Trd, 4319971.643, 140
Trd, 4319972.143, 140
Trd, 4319973.743, 140
Trd, 4319974.193, 140
Trd, 4319974.243, 128
Trd, 4319974.993, 108
Trd, 4319975.243, 109
Trd, 4319975.843, 108
Trd, 4319976.493, 108
Trd, 4319977.093, 114
Trd, 4319977.943, 121
Trd, 4319979.643, 72
Trd, 4319979.843, 63
Trd, 4319980.593, 108
Trd, 4319981.043, 140
Trd, 4319983.443, 139
Trd, 4319983.493, 134
Trd, 4319985.393, 109
Trd, 4319986.043, 96
Trd, 4319986.843, 106
Trd, 4319986.893, 73
Trd, 4319987.793, 134
Trd, 4319988.343, 71
Trd, 4319989.193, 113
Trd, 4319991.193, 60
Trd, 4319991.593, 65
Trd, 4319991.943, 65
Trd, 4319992.393, 87
Trd, 4319993.893, 62
Trd, 4319994.043, 69
Trd, 4319995.193, 60
Trd, 4319997.193, 140
Trd, 4319997.393, 118
Trd, 4319997.843, 117
Trd, 4319998.143, 70
Trd, 4319998.343, 119
Trd, 4319999.943, 126
