Trd, 4318087.243, 102
Trd, 4318087.293, 115
Trd, 4318089.643, 102
Trd, 4318090.093, 97
Trd, 4318090.293, 133
Trd, 4318091.243, 137
Trd, 4318091.593, 134
Trd, 4318092.943, 91
Trd, 4318093.543, 87
Trd, 4318093.843, 87
Trd, 4318094.543, 116
Trd, 4318095.243, 89
Trd, 4318096.243, 118
Trd, 4318097.093, 117
Trd, 4318098.243, 77
Trd, 4318098.893, 90
Trd, 4318100.193, 86
Trd, 4318100.393, 84
Trd, 4318102.243, 121
Trd, 4318102.693, 122
Trd, 4318102.843, 114
Trd, 4318104.143, 140
Trd, 4318104.443, 108
Trd, 4318104.593, 137
Trd, 4318105.143, 100
Trd, 4318105.193, 85
Trd, 4318105.343, 68
Trd, 4318106.843, 100
Trd, 4318107.543, 71
Trd, 4318108.343, 100
Trd, 4318108.943, 126
Trd, 4318108.993, 110
Trd, 4318111.043, 108
Trd, 4318111.793, 105
Trd, 4318111.843, 114
Trd, 4318113.543, 94
Trd, 4318115.643, 131
Trd, 4318116.093, 128
Trd, 4318116.343, 108
Trd, 4318118.443, 140
Trd, 4318118.493, 118
Trd, 4318118.593, 111
Trd, 4318118.893, 102
Trd, 4318119.093, 83
Trd, 4318121.293, 64
Trd, 4318122.093, 86
Trd, 4318123.293, 64
Trd, 4318123.643, 66
Trd, 4318123.843, 77
Trd, 4318127.443, 137
Trd, 4318127.793, 139
Trd, 4318128.493, 129
Trd, 4318128.993, 120
Trd, 4318129.543, 104
Trd, 4318130.293, 96
Trd, 4318130.493, 126
Trd, 4318131.093, 121
Trd, 4318131.243, 95
Trd, 4318131.293, 94
Trd, 4318131.943, 108
Trd, 4318134.193, 134
Trd, 4318135.193, 137
Trd, 4318135.243, 109
Trd, 4318135.893, 115
Trd, 4318137.343, 93
Trd, 4318138.243, 106
Trd, 4318139.193, 123
Trd, 4318139.443, 100
Trd, 4318139.593, 104
Trd, 4318140.393, 131
Trd, 4318141.393, 132
Trd, 4318142.343, 130
Trd, 4318143.643, 138
Trd, 4318144.293, 105
Trd, 4318144.993, 104
Trd, 4318145.393, 102
Trd, 4318145.443, 94
Trd, 4318145.743, 93
Trd, 4318147.343, 84
Trd, 4318148.043, 128
Trd, 4318149.543, 88
Trd, 4318151.293, 78
Trd, 4318151.543, 72
Trd, 4318152.593, 65
Trd, 4318152.993, 62
Trd, 4318153.393, 82
Trd, 4318153.543, 71
Trd, 4318154.293, 137
Trd, 4318154.793, 70
Trd, 4318155.293, 62
Trd, 4318156.293, 93
Trd, 4318156.743, 81
Trd, 4318156.793, 77
Trd, 4318157.843, 63
Trd, 4318157.993, 69
Trd, 4318158.543, 87
Trd, 4318159.343, 133
Trd, 4318160.443, 120
Trd, 4318160.843, 119
Trd, 4318162.743, 134
Trd, 4318163.043, 122
Trd, 4318164.243, 115
Trd, 4318164.643, 115
Trd, 4318166.143, 132
Trd, 4318167.843, 119
Trd, 4318168.143, 115
Trd, 4318168.293, 122
Trd, 4318169.643, 139
Trd, 4318169.693, 92
Trd, 4318171.843, 134
Trd, 4318172.743, 132
Trd, 4318173.443, 127
Trd, 4318174.343, 104
Trd, 4318174.543, 82
Trd, 4318174.793, 106
Trd, 4318175.793, 102
Trd, 4318177.143, 109
Trd, 4318177.893, 123
Trd, 4318178.393, 127
Trd, 4318178.893, 100
Trd, 4318180.293, 115
Trd, 4318181.343, 88
Trd, 4318181.943, 137
Trd, 4318182.593, 140
Trd, 4318184.593, 117
Trd, 4318185.243, 131
Trd, 4318185.743, 126
Trd, 4318187.193, 140
Trd, 4318187.843, 140
Trd, 4318187.893, 124
Trd, 4318188.243, 132
Trd, 4318188.743, 72
Trd, 4318189.093, 89
Trd, 4318192.693, 138
Trd, 4318192.893, 135
Trd, 4318192.943, 104
Trd, 4318193.293, 112
Trd, 4318194.993, 130
Trd, 4318196.043, 98
Trd, 4318196.643, 91
Trd, 4318196.993, 133
Trd, 4318197.393, 114
Trd, 4318198.143, 139
Trd, 4318198.393, 138
Trd, 4318199.543, 133
Trd, 4318200.243, 86
Trd, 4318200.543, 122
Trd, 4318200.893, 81
Trd, 4318201.193, 88
Trd, 4318201.693, 103
Trd, 4318202.593, 97
Trd, 4318203.443, 136
Trd, 4318204.243, 135
Trd, 4318204.793, 127
Trd, 4318206.793, 120
Trd, 4318207.993, 117
Trd, 4318208.393, 107
Trd, 4318208.943, 106
Trd, 4318209.893, 63
Trd, 4318211.293, 80
Trd, 4318211.443, 97
Trd, 4318212.843, 82
Trd, 4318214.043, 106
Trd, 4318214.543, 90
Trd, 4318215.043, 105
Trd, 4318215.243, 79
Trd, 4318216.143, 94
Trd, 4318216.743, 126
Trd, 4318216.993, 131
Trd, 4318218.093, 92
Trd, 4318218.243, 86
Trd, 4318218.593, 105
Trd, 4318219.943, 127
Trd, 4318220.793, 81
Trd, 4318221.043, 80
Trd, 4318222.993, 117
Trd, 4318223.893, 86
Trd, 4318224.593, 128
Trd, 4318224.893, 136
Trd, 4318225.693, 139
Trd, 4318225.993, 120
Trd, 4318228.193, 130
Trd, 4318228.593, 110
Trd, 4318229.343, 104
Trd, 4318229.843, 122
Trd, 4318230.643, 133
Trd, 4318231.693, 139
Trd, 4318232.743, 108
Trd, 4318234.193, 136
Trd, 4318234.543, 129
Trd, 4318235.293, 100
Trd, 4318235.693, 89
Trd, 4318235.943, 136
Trd, 4318237.093, 132
Trd, 4318238.493, 118
Trd, 4318239.593, 121
Trd, 4318239.643, 117
Trd, 4318240.193, 88
Trd, 4318240.393, 67
Trd, 4318240.943, 125
Trd, 4318241.693, 124
Trd, 4318241.943, 86
Trd, 4318243.243, 136
Trd, 4318244.643, 118
Trd, 4318246.743, 126
Trd, 4318246.893, 113
Trd, 4318247.043, 120
Trd, 4318247.493, 133
Trd, 4318248.243, 126
Trd, 4318248.293, 105
Trd, 4318249.543, 110
Trd, 4318250.843, 122
Trd, 4318251.443, 99
Trd, 4318251.943, 114
Trd, 4318252.543, 108
Trd, 4318252.843, 68
Trd, 4318253.943, 89
Trd, 4318254.393, 104
Trd, 4318256.093, 123
Trd, 4318256.993, 128
Trd, 4318257.893, 126
Trd, 4318259.293, 129
Trd, 4318260.043, 140
Trd, 4318260.793, 129
Trd, 4318262.093, 109
Trd, 4318262.793, 135
Trd, 4318263.343, 95
Trd, 4318263.593, 100
Trd, 4318263.993, 63
Trd, 4318264.193, 87
Trd, 4318265.743, 97
Trd, 4318267.843, 125
Trd, 4318268.193, 138
Trd, 4318269.443, 134
Trd, 4318269.893, 103
Trd, 4318270.443, 99
Trd, 4318270.643, 87
Trd, 4318272.093, 71
Trd, 4318273.143, 70
Trd, 4318273.993, 63
Trd, 4318274.143, 67
Trd, 4318274.943, 64
Trd, 4318275.693, 109
Trd, 4318275.843, 60
Trd, 4318276.693, 60
Trd, 4318277.493, 125
Trd, 4318277.993, 135
Trd, 4318278.543, 136
Trd, 4318280.343, 106
Trd, 4318280.843, 85
Trd, 4318281.893, 119
Trd, 4318282.093, 90
Trd, 4318282.393, 88
Trd, 4318283.843, 128
Trd, 4318284.043, 122
Trd, 4318284.793, 133
Trd, 4318285.243, 75
Trd, 4318286.593, 87
Trd, 4318287.143, 120
Trd, 4318287.293, 110
Trd, 4318287.343, 101
Trd, 4318287.943, 103
Trd, 4318288.293, 95
Trd, 4318290.643, 140
Trd, 4318292.043, 123
Trd, 4318292.343, 117
Trd, 4318292.443, 107
Trd, 4318292.593, 96
Trd, 4318292.893, 136
Trd, 4318294.693, 118
Trd, 4318294.893, 113
Trd, 4318295.693, 140
Trd, 4318295.743, 113
Trd, 4318295.993, 123
Trd, 4318297.843, 130
Trd, 4318297.993, 129
Trd, 4318298.493, 136
Trd, 4318299.043, 109
Trd, 4318300.093, 125
Trd, 4318300.593, 102
Trd, 4318300.893, 95
Trd, 4318301.293, 84
Trd, 4318302.193, 120
Trd, 4318303.743, 126
Trd, 4318304.043, 138
Trd, 4318305.643, 123
Trd, 4318306.893, 122
Trd, 4318306.993, 96
Trd, 4318308.193, 116
Trd, 4318308.393, 73
Trd, 4318309.393, 76
Trd, 4318309.643, 64
Trd, 4318309.943, 102
Trd, 4318310.993, 128
Trd, 4318311.893, 121
Trd, 4318311.943, 102
Trd, 4318312.543, 103
Trd, 4318313.393, 97
Trd, 4318314.043, 94
Trd, 4318315.043, 133
Trd, 4318315.293, 95
Trd, 4318316.843, 110
Trd, 4318316.943, 96
Trd, 4318317.193, 113
Trd, 4318318.193, 122
Trd, 4318319.593, 135
Trd, 4318320.293, 132
Trd, 4318320.543, 125
Trd, 4318320.743, 137
Trd, 4318322.543, 138
Trd, 4318322.643, 82
Trd, 4318324.593, 80
Trd, 4318325.443, 115
Trd, 4318325.543, 81
Trd, 4318326.093, 82
Trd, 4318326.443, 106
Trd, 4318326.593, 130
Trd, 4318327.293, 122
Trd, 4318328.993, 88
Trd, 4318329.043, 114
Trd, 4318329.143, 86
Trd, 4318329.293, 110
Trd, 4318329.593, 137
Trd, 4318331.393, 126
Trd, 4318332.943, 98
Trd, 4318333.093, 98
Trd, 4318333.443, 112
Trd, 4318335.593, 110
Trd, 4318335.893, 129
Trd, 4318337.343, 117
Trd, 4318337.693, 69
Trd, 4318338.743, 116
Trd, 4318338.943, 111
Trd, 4318339.843, 115
Trd, 4318340.143, 105
Trd, 4318342.493, 136
Trd, 4318342.893, 118
Trd, 4318342.993, 75
Trd, 4318343.743, 75
Trd, 4318344.493, 65
Trd, 4318344.943, 88
Trd, 4318345.393, 114
Trd, 4318346.643, 113
Trd, 4318346.943, 111
Trd, 4318349.643, 107
Trd, 4318350.143, 110
Trd, 4318351.243, 137
Trd, 4318351.643, 119
Trd, 4318352.043, 140
Trd, 4318352.743, 87
Trd, 4318354.443, 69
Trd, 4318354.943, 108
Trd, 4318356.193, 131
Trd, 4318356.493, 110
Trd, 4318358.043, 118
Trd, 4318358.293, 117
Trd, 4318359.143, 136
Trd, 4318361.143, 132
Trd, 4318361.793, 139
Trd, 4318363.543, 139
Trd, 4318365.193, 134
Trd, 4318365.943, 104
Trd, 4318367.043, 134
Trd, 4318367.393, 104
Trd, 4318367.643, 96
Trd, 4318367.893, 137
Trd, 4318368.243, 96
Trd, 4318369.493, 101
Trd, 4318369.543, 95
Trd, 4318371.343, 132
Trd, 4318372.793, 117
Trd, 4318373.093, 116
Trd, 4318373.993, 127
Trd, 4318375.193, 97
Trd, 4318375.593, 118
Trd, 4318376.643, 87
Trd, 4318378.193, 101
Trd, 4318378.393, 74
Trd, 4318378.693, 84
Trd, 4318378.943, 132
Trd, 4318380.643, 83
Trd, 4318380.943, 90
Trd, 4318381.893, 120
Trd, 4318382.343, 112
Trd, 4318384.593, 76
Trd, 4318385.343, 108
Trd, 4318385.493, 115
Trd, 4318386.043, 111
Trd, 4318386.493, 95
Trd, 4318386.543, 85
Trd, 4318388.443, 140
Trd, 4318389.343, 139
Trd, 4318389.643, 130
Trd, 4318390.743, 140
Trd, 4318392.893, 122
Trd, 4318393.093, 128
Trd, 4318394.143, 74
Trd, 4318395.143, 104
Trd, 4318396.143, 117
Trd, 4318396.693, 120
Trd, 4318397.343, 72
Trd, 4318398.293, 131
Trd, 4318398.893, 126
Trd, 4318399.493, 139
Trd, 4318399.943, 97
Trd, 4318400.343, 108
Trd, 4318400.593, 126
Trd, 4318401.643, 127
Trd, 4318401.943, 129
Trd, 4318402.193, 118
Trd, 4318403.543, 108
Trd, 4318406.693, 109
Trd, 4318406.843, 111
Trd, 4318407.343, 119
Trd, 4318407.493, 115
Trd, 4318408.493, 140
Trd, 4318409.193, 123
Trd, 4318409.343, 114
Trd, 4318409.493, 88
Trd, 4318409.843, 88
Trd, 4318410.293, 137
Trd, 4318412.793, 93
Trd, 4318412.993, 106
Trd, 4318413.643, 92
Trd, 4318413.843, 137
Trd, 4318414.193, 120
Trd, 4318415.693, 114
Trd, 4318416.443, 107
Trd, 4318417.643, 116
Trd, 4318417.993, 86
Trd, 4318418.343, 97
Trd, 4318419.093, 79
Trd, 4318419.443, 115
Trd, 4318419.643, 118
Trd, 4318420.893, 135
Trd, 4318421.243, 128
Trd, 4318421.693, 121
Trd, 4318423.443, 110
Trd, 4318423.943, 89
Trd, 4318424.543, 110
Trd, 4318425.543, 138
Trd, 4318426.793, 128
Trd, 4318427.993, 140
Trd, 4318428.393, 122
Trd, 4318428.843, 104
Trd, 4318429.043, 92
Trd, 4318430.593, 121
Trd, 4318432.643, 119
Trd, 4318432.943, 105
Trd, 4318433.443, 136
Trd, 4318434.793, 124
Trd, 4318435.093, 122
Trd, 4318435.793, 108
Trd, 4318436.193, 121
Trd, 4318436.993, 140
Trd, 4318438.093, 113
Trd, 4318438.693, 112
Trd, 4318439.493, 117
Trd, 4318439.793, 95
Trd, 4318440.893, 140
Trd, 4318442.443, 138
Trd, 4318442.543, 97
Trd, 4318442.993, 119
Trd, 4318443.593, 128
Trd, 4318445.293, 78
Trd, 4318445.693, 131
Trd, 4318446.393, 135
Trd, 4318446.493, 102
Trd, 4318446.593, 101
Trd, 4318447.743, 82
Trd, 4318449.243, 97
Trd, 4318449.993, 79
Trd, 4318450.493, 64
Trd, 4318450.843, 83
Trd, 4318450.943, 86
Trd, 4318452.393, 99
Trd, 4318453.143, 135
Trd, 4318453.493, 92
Trd, 4318455.043, 134
Trd, 4318455.143, 133
Trd, 4318456.443, 103
Trd, 4318457.093, 133
Trd, 4318457.893, 115
Trd, 4318457.993, 106
Trd, 4318458.093, 98
Trd, 4318458.443, 94
Trd, 4318459.143, 94
Trd, 4318460.693, 65
Trd, 4318461.343, 93
Trd, 4318461.993, 74
Trd, 4318463.393, 75
Trd, 4318463.743, 111
Trd, 4318463.943, 126
Trd, 4318464.093, 61
Trd, 4318465.743, 77
Trd, 4318467.843, 104
Trd, 4318468.393, 102
Trd, 4318468.493, 100
Trd, 4318469.143, 112
Trd, 4318469.743, 109
Trd, 4318470.793, 140
Trd, 4318471.793, 97
Trd, 4318473.293, 133
Trd, 4318474.043, 107
Trd, 4318474.943, 121
Trd, 4318475.893, 130
Trd, 4318476.943, 111
Trd, 4318477.943, 109
Trd, 4318478.443, 136
Trd, 4318478.843, 92
Trd, 4318479.293, 91
Trd, 4318480.293, 124
Trd, 4318480.343, 91
Trd, 4318481.543, 138
Trd, 4318482.643, 125
Trd, 4318483.243, 136
Trd, 4318483.643, 136
Trd, 4318484.343, 135
Trd, 4318485.243, 121
Trd, 4318485.693, 107
Trd, 4318487.743, 135
Trd, 4318488.943, 122
Trd, 4318489.943, 121
Trd, 4318490.143, 122
Trd, 4318491.143, 110
Trd, 4318492.193, 70
Trd, 4318493.943, 136
Trd, 4318494.093, 134
Trd, 4318494.393, 101
Trd, 4318496.343, 107
Trd, 4318496.893, 113
Trd, 4318496.943, 100
Trd, 4318497.543, 113
Trd, 4318498.143, 100
Trd, 4318499.443, 101
Trd, 4318500.593, 96
Trd, 4318500.793, 100
Trd, 4318501.193, 123
Trd, 4318502.243, 100
Trd, 4318503.393, 136
Trd, 4318503.643, 125
Trd, 4318505.593, 121
Trd, 4318506.143, 139
Trd, 4318506.743, 134
Trd, 4318508.093, 118
Trd, 4318508.343, 84
Trd, 4318509.293, 135
Trd, 4318509.843, 122
Trd, 4318511.493, 124
Trd, 4318511.693, 140
Trd, 4318511.743, 118
Trd, 4318512.793, 100
Trd, 4318515.343, 136
Trd, 4318515.793, 131
Trd, 4318515.893, 127
Trd, 4318516.043, 112
Trd, 4318517.293, 119
Trd, 4318518.193, 126
Trd, 4318520.143, 140
Trd, 4318520.693, 128
Trd, 4318521.593, 119
Trd, 4318521.743, 112
Trd, 4318523.243, 131
Trd, 4318524.043, 130
Trd, 4318525.593, 136
Trd, 4318525.943, 112
Trd, 4318526.343, 99
Trd, 4318527.993, 95
Trd, 4318528.043, 86
Trd, 4318528.943, 76
Trd, 4318529.543, 90
Trd, 4318530.543, 114
Trd, 4318531.443, 138
Trd, 4318531.543, 119
Trd, 4318532.143, 124
Trd, 4318532.243, 114
Trd, 4318532.293, 111
Trd, 4318532.993, 138
Trd, 4318533.143, 90
Trd, 4318534.643, 101
Trd, 4318534.943, 106
Trd, 4318536.993, 104
Trd, 4318537.043, 103
Trd, 4318537.193, 92
Trd, 4318537.793, 97
Trd, 4318538.343, 121
Trd, 4318542.293, 126
Trd, 4318543.593, 128
Trd, 4318543.693, 123
Trd, 4318544.143, 130
Trd, 4318544.943, 125
Trd, 4318545.693, 131
Trd, 4318546.743, 134
Trd, 4318547.243, 134
Trd, 4318547.543, 125
Trd, 4318549.093, 133
Trd, 4318549.743, 102
Trd, 4318551.143, 126
Trd, 4318551.443, 93
Trd, 4318551.493, 106
Trd, 4318553.593, 84
Trd, 4318553.793, 127
Trd, 4318554.843, 108
Trd, 4318555.493, 135
Trd, 4318555.993, 130
Trd, 4318556.293, 99
Trd, 4318556.493, 88
Trd, 4318557.293, 69
Trd, 4318558.593, 111
Trd, 4318559.343, 101
Trd, 4318561.593, 124
Trd, 4318561.943, 123
Trd, 4318562.193, 122
Trd, 4318562.343, 106
Trd, 4318563.243, 123
Trd, 4318564.243, 97
Trd, 4318564.343, 96
Trd, 4318564.743, 105
Trd, 4318564.793, 118
Trd, 4318565.543, 139
Trd, 4318566.243, 92
Trd, 4318569.393, 109
Trd, 4318569.443, 108
Trd, 4318570.043, 90
Trd, 4318570.743, 102
Trd, 4318572.293, 97
Trd, 4318572.643, 137
Trd, 4318572.893, 121
Trd, 4318574.843, 140
Trd, 4318576.443, 134
Trd, 4318576.643, 137
Trd, 4318577.993, 118
Trd, 4318578.493, 115
Trd, 4318578.593, 77
Trd, 4318579.343, 130
Trd, 4318579.593, 96
Trd, 4318580.993, 138
Trd, 4318582.093, 119
Trd, 4318582.993, 135
Trd, 4318583.793, 138
Trd, 4318584.193, 133
Trd, 4318585.643, 137
Trd, 4318585.993, 125
Trd, 4318586.743, 92
Trd, 4318587.193, 97
Trd, 4318589.843, 126
Trd, 4318589.893, 134
Trd, 4318590.143, 109
Trd, 4318590.843, 119
Trd, 4318590.993, 93
Trd, 4318591.593, 91
Trd, 4318592.843, 119
Trd, 4318593.143, 114
Trd, 4318593.793, 116
Trd, 4318594.093, 119
Trd, 4318595.493, 91
Trd, 4318596.493, 124
Trd, 4318596.593, 120
Trd, 4318598.393, 117
Trd, 4318599.793, 137
Trd, 4318599.843, 134
Trd, 4318600.393, 139
Trd, 4318600.493, 119
Trd, 4318601.493, 134
Trd, 4318602.393, 138
Trd, 4318603.193, 112
Trd, 4318603.693, 111
Trd, 4318604.193, 86
Trd, 4318605.893, 139
Trd, 4318606.793, 135
Trd, 4318607.143, 115
Trd, 4318607.393, 115
Trd, 4318607.743, 128
Trd, 4318608.443, 89
Trd, 4318609.093, 84
Trd, 4318609.643, 95
Trd, 4318610.943, 110
Trd, 4318612.343, 102
Trd, 4318614.443, 127
Trd, 4318614.593, 125
Trd, 4318614.793, 136
Trd, 4318616.143, 125
Trd, 4318616.543, 117
Trd, 4318616.643, 114
Trd, 4318617.393, 81
Trd, 4318618.643, 135
Trd, 4318619.143, 136
Trd, 4318619.843, 118
Trd, 4318621.393, 129
Trd, 4318622.593, 113
Trd, 4318624.193, 139
Trd, 4318624.993, 95
Trd, 4318625.243, 75
Trd, 4318625.393, 104
Trd, 4318626.943, 130
Trd, 4318627.293, 121
Trd, 4318628.143, 112
Trd, 4318628.693, 89
Trd, 4318629.693, 79
Trd, 4318630.743, 112
Trd, 4318630.843, 102
Trd, 4318630.893, 76
Trd, 4318631.393, 72
Trd, 4318631.793, 110
Trd, 4318633.943, 125
Trd, 4318634.593, 83
Trd, 4318635.843, 115
Trd, 4318635.893, 107
Trd, 4318636.043, 112
Trd, 4318636.143, 105
Trd, 4318636.543, 108
Trd, 4318636.643, 86
Trd, 4318638.643, 99
Trd, 4318639.493, 132
Trd, 4318639.993, 89
Trd, 4318640.743, 103
Trd, 4318641.743, 99
Trd, 4318642.543, 134
Trd, 4318645.143, 126
Trd, 4318645.693, 120
Trd, 4318646.443, 120
Trd, 4318647.393, 134
Trd, 4318647.493, 109
Trd, 4318648.293, 137
Trd, 4318648.793, 131
Trd, 4318649.243, 102
Trd, 4318649.843, 124
Trd, 4318652.293, 137
Trd, 4318652.343, 136
Trd, 4318653.493, 133
Trd, 4318653.793, 124
Trd, 4318653.843, 87
Trd, 4318655.193, 124
Trd, 4318655.343, 103
Trd, 4318656.143, 94
Trd, 4318658.643, 108
Trd, 4318659.743, 140
Trd, 4318659.943, 135
Trd, 4318660.243, 134
Trd, 4318661.143, 122
Trd, 4318661.443, 100
Trd, 4318661.693, 139
Trd, 4318663.293, 130
Trd, 4318664.593, 136
Trd, 4318665.493, 140
Trd, 4318665.943, 91
Trd, 4318666.243, 103
Trd, 4318668.143, 118
Trd, 4318668.443, 104
Trd, 4318669.743, 122
Trd, 4318670.093, 109
Trd, 4318670.493, 115
Trd, 4318671.593, 135
Trd, 4318671.643, 134
Trd, 4318671.993, 104
Trd, 4318672.593, 110
Trd, 4318673.093, 129
Trd, 4318674.443, 121
Trd, 4318674.543, 72
Trd, 4318674.643, 68
Trd, 4318674.993, 112
Trd, 4318676.643, 92
Trd, 4318676.893, 128
Trd, 4318678.893, 113
Trd, 4318679.243, 81
Trd, 4318680.443, 91
Trd, 4318680.593, 88
Trd, 4318681.993, 126
Trd, 4318683.193, 92
Trd, 4318683.393, 133
Trd, 4318683.893, 102
Trd, 4318685.193, 138
Trd, 4318685.643, 124
Trd, 4318685.793, 87
Trd, 4318686.343, 119
Trd, 4318686.743, 76
Trd, 4318687.343, 111
Trd, 4318687.743, 124
Trd, 4318688.043, 92
Trd, 4318689.243, 83
Trd, 4318690.293, 80
Trd, 4318690.993, 114
Trd, 4318691.443, 78
Trd, 4318692.643, 135
Trd, 4318693.693, 133
Trd, 4318694.143, 133
Trd, 4318694.243, 120
Trd, 4318694.693, 108
Trd, 4318695.843, 128
Trd, 4318696.293, 122
Trd, 4318696.793, 94
Trd, 4318697.443, 107
Trd, 4318697.893, 138
Trd, 4318699.343, 79
Trd, 4318700.393, 75
Trd, 4318700.893, 132
Trd, 4318701.093, 87
Trd, 4318701.643, 103
Trd, 4318702.693, 125
Trd, 4318703.893, 98
Trd, 4318705.193, 93
Trd, 4318706.143, 110
Trd, 4318706.243, 109
Trd, 4318706.293, 87
Trd, 4318706.993, 136
Trd, 4318707.743, 77
Trd, 4318708.043, 85
Trd, 4318708.493, 66
Trd, 4318709.443, 134
Trd, 4318710.143, 110
Trd, 4318710.643, 82
Trd, 4318710.693, 92
Trd, 4318710.943, 97
Trd, 4318711.293, 123
Trd, 4318711.993, 117
Trd, 4318713.743, 134
Trd, 4318714.093, 120
Trd, 4318714.743, 105
Trd, 4318715.143, 103
Trd, 4318715.893, 121
Trd, 4318716.543, 104
Trd, 4318717.393, 101
Trd, 4318717.943, 132
Trd, 4318719.893, 61
Trd, 4318719.993, 61
Trd, 4318720.443, 90
Trd, 4318720.543, 112
Trd, 4318720.843, 89
Trd, 4318722.493, 122
Trd, 4318724.193, 131
Trd, 4318724.993, 122
Trd, 4318725.193, 107
Trd, 4318725.993, 116
Trd, 4318726.093, 90
Trd, 4318727.693, 130
Trd, 4318727.993, 89
Trd, 4318728.493, 101
Trd, 4318729.543, 105
Trd, 4318729.943, 97
Trd, 4318731.643, 101
Trd, 4318731.943, 90
Trd, 4318732.543, 114
Trd, 4318733.043, 94
Trd, 4318733.893, 139
Trd, 4318734.793, 98
Trd, 4318736.493, 139
Trd, 4318736.543, 136
Trd, 4318736.593, 127
Trd, 4318738.143, 82
Trd, 4318739.493, 102
Trd, 4318739.593, 72
Trd, 4318740.193, 107
Trd, 4318740.993, 105
Trd, 4318743.293, 131
Trd, 4318743.593, 114
Trd, 4318744.693, 102
Trd, 4318745.093, 110
Trd, 4318745.293, 122
Trd, 4318746.243, 93
Trd, 4318747.143, 87
Trd, 4318748.143, 74
Trd, 4318748.743, 92
Trd, 4318749.793, 98
Trd, 4318749.943, 95
Trd, 4318751.493, 95
Trd, 4318751.943, 63
Trd, 4318752.193, 93
Trd, 4318752.593, 69
Trd, 4318754.043, 63
Trd, 4318754.393, 82
Trd, 4318756.043, 105
Trd, 4318756.893, 62
Trd, 4318759.193, 65
Trd, 4318759.443, 76
Trd, 4318759.643, 79
Trd, 4318759.993, 72
Trd, 4318760.193, 78
Trd, 4318761.093, 130
Trd, 4318763.043, 106
Trd, 4318763.793, 100
Trd, 4318764.393, 113
Trd, 4318765.093, 81
Trd, 4318765.293, 134
Trd, 4318766.043, 105
Trd, 4318766.843, 128
Trd, 4318767.343, 80
Trd, 4318769.093, 136
Trd, 4318769.893, 135
Trd, 4318771.343, 116
Trd, 4318771.543, 100
Trd, 4318771.643, 97
Trd, 4318771.993, 101
Trd, 4318772.743, 117
Trd, 4318772.993, 109
Trd, 4318773.343, 108
Trd, 4318775.093, 140
Trd, 4318777.193, 106
Trd, 4318777.443, 122
Trd, 4318777.593, 132
Trd, 4318779.293, 133
Trd, 4318779.643, 97
Trd, 4318782.193, 140
Trd, 4318783.093, 137
Trd, 4318783.343, 127
Trd, 4318783.893, 119
Trd, 4318784.793, 139
Trd, 4318784.943, 120
Trd, 4318785.943, 139
Trd, 4318786.293, 91
Trd, 4318786.693, 116
Trd, 4318786.793, 113
Trd, 4318787.293, 136
Trd, 4318789.093, 133
Trd, 4318789.143, 127
Trd, 4318789.393, 113
Trd, 4318791.393, 136
Trd, 4318791.493, 121
Trd, 4318792.393, 134
Trd, 4318793.093, 135
Trd, 4318793.393, 121
Trd, 4318793.593, 135
Trd, 4318794.243, 95
Trd, 4318794.593, 117
Trd, 4318794.943, 116
Trd, 4318795.043, 88
Trd, 4318798.043, 137
Trd, 4318798.443, 140
Trd, 4318800.743, 139
Trd, 4318801.493, 133
Trd, 4318802.493, 131
Trd, 4318802.643, 103
Trd, 4318804.843, 139
Trd, 4318805.143, 137
Trd, 4318805.393, 134
Trd, 4318805.693, 127
Trd, 4318806.843, 111
Trd, 4318807.693, 108
Trd, 4318807.943, 103
Trd, 4318808.543, 77
Trd, 4318810.843, 138
Trd, 4318812.243, 130
Trd, 4318812.743, 131
Trd, 4318813.243, 123
Trd, 4318813.293, 122
Trd, 4318813.443, 105
Trd, 4318815.543, 133
Trd, 4318815.993, 132
Trd, 4318816.193, 137
Trd, 4318816.493, 110
Trd, 4318817.993, 84
Trd, 4318818.243, 89
Trd, 4318818.493, 119
Trd, 4318819.043, 86
Trd, 4318819.493, 94
Trd, 4318820.193, 135
Trd, 4318820.593, 139
Trd, 4318821.493, 137
Trd, 4318821.643, 106
Trd, 4318822.643, 73
Trd, 4318823.293, 70
Trd, 4318824.293, 93
Trd, 4318825.543, 88
Trd, 4318825.993, 110
Trd, 4318826.243, 123
Trd, 4318826.643, 131
Trd, 4318827.143, 83
Trd, 4318828.393, 135
Trd, 4318828.593, 122
Trd, 4318830.093, 120
Trd, 4318830.943, 82
Trd, 4318831.143, 134
Trd, 4318832.043, 109
Trd, 4318833.243, 137
Trd, 4318833.693, 135
Trd, 4318834.093, 104
Trd, 4318834.143, 98
Trd, 4318834.843, 115
Trd, 4318834.993, 68
Trd, 4318835.893, 70
Trd, 4318836.393, 131
Trd, 4318837.293, 139
Trd, 4318838.093, 75
Trd, 4318839.543, 126
Trd, 4318840.493, 73
Trd, 4318841.093, 83
Trd, 4318841.343, 81
Trd, 4318841.393, 105
Trd, 4318841.543, 114
Trd, 4318842.893, 109
Trd, 4318843.843, 98
Trd, 4318844.943, 60
Trd, 4318845.193, 66
Trd, 4318845.693, 89
Trd, 4318846.043, 124
Trd, 4318847.543, 140
Trd, 4318847.943, 79
Trd, 4318849.093, 128
Trd, 4318849.493, 74
Trd, 4318849.993, 104
Trd, 4318850.093, 113
Trd, 4318850.993, 133
Trd, 4318851.393, 97
Trd, 4318852.393, 66
Trd, 4318853.143, 126
Trd, 4318853.893, 121
Trd, 4318854.443, 115
Trd, 4318855.393, 132
Trd, 4318855.943, 105
Trd, 4318857.243, 110
Trd, 4318857.493, 96
Trd, 4318858.643, 107
Trd, 4318860.243, 105
Trd, 4318860.893, 135
Trd, 4318861.243, 140
Trd, 4318861.793, 103
Trd, 4318863.343, 126
Trd, 4318863.593, 137
Trd, 4318865.593, 135
Trd, 4318865.793, 119
Trd, 4318867.043, 128
Trd, 4318867.093, 104
Trd, 4318868.043, 112
Trd, 4318868.993, 82
Trd, 4318869.443, 84
Trd, 4318870.043, 89
Trd, 4318870.493, 75
Trd, 4318871.343, 102
Trd, 4318873.143, 117
Trd, 4318873.343, 102
Trd, 4318874.843, 99
Trd, 4318875.943, 108
Trd, 4318876.493, 115
Trd, 4318876.893, 116
Trd, 4318877.693, 126
Trd, 4318878.393, 140
Trd, 4318878.693, 114
Trd, 4318878.893, 104
Trd, 4318879.093, 130
Trd, 4318879.493, 120
Trd, 4318880.593, 93
Trd, 4318881.843, 67
Trd, 4318881.993, 88
Trd, 4318882.793, 101
Trd, 4318883.293, 87
Trd, 4318883.843, 116
Trd, 4318884.343, 82
Trd, 4318885.043, 120
Trd, 4318885.743, 135
Trd, 4318885.793, 106
Trd, 4318886.843, 82
Trd, 4318888.493, 76
Trd, 4318888.593, 92
Trd, 4318888.993, 79
Trd, 4318889.493, 82
Trd, 4318890.593, 123
Trd, 4318891.743, 122
Trd, 4318892.493, 82
Trd, 4318893.693, 78
Trd, 4318894.493, 87
Trd, 4318895.343, 131
Trd, 4318895.393, 121
Trd, 4318896.243, 134
Trd, 4318897.043, 135
Trd, 4318897.993, 92
Trd, 4318898.943, 103
Trd, 4318899.393, 120
Trd, 4318901.493, 134
Trd, 4318902.193, 115
Trd, 4318902.643, 82
Trd, 4318903.343, 128
Trd, 4318903.593, 110
Trd, 4318904.493, 122
Trd, 4318905.143, 124
Trd, 4318905.643, 120
Trd, 4318905.693, 113
Trd, 4318906.693, 135
Trd, 4318909.193, 140
Trd, 4318910.443, 133
Trd, 4318910.543, 93
Trd, 4318911.543, 113
Trd, 4318911.693, 120
Trd, 4318912.343, 111
Trd, 4318913.593, 119
Trd, 4318914.443, 128
Trd, 4318914.593, 109
Trd, 4318914.943, 75
Trd, 4318915.843, 66
Trd, 4318916.493, 80
Trd, 4318917.243, 108
Trd, 4318918.193, 136
Trd, 4318919.093, 126
Trd, 4318919.143, 122
Trd, 4318919.443, 113
Trd, 4318920.593, 139
Trd, 4318921.643, 131
Trd, 4318921.743, 125
Trd, 4318922.893, 123
Trd, 4318923.793, 136
Trd, 4318925.493, 130
Trd, 4318926.493, 133
Trd, 4318926.793, 121
Trd, 4318927.043, 120
Trd, 4318927.293, 94
Trd, 4318929.543, 134
Trd, 4318929.793, 122
Trd, 4318929.843, 99
Trd, 4318930.543, 122
Trd, 4318932.093, 132
Trd, 4318932.443, 88
Trd, 4318933.193, 102
Trd, 4318933.343, 94
Trd, 4318934.743, 130
Trd, 4318935.543, 111
Trd, 4318936.893, 99
Trd, 4318937.443, 132
Trd, 4318938.643, 140
Trd, 4318938.693, 108
Trd, 4318938.793, 94
Trd, 4318939.543, 102
Trd, 4318941.293, 111
Trd, 4318942.043, 133
Trd, 4318943.143, 126
Trd, 4318943.593, 115
Trd, 4318944.393, 105
Trd, 4318944.493, 96
Trd, 4318946.443, 68
Trd, 4318946.893, 67
Trd, 4318947.393, 77
Trd, 4318948.493, 108
Trd, 4318949.093, 102
Trd, 4318949.193, 101
Trd, 4318950.643, 85
Trd, 4318951.343, 66
Trd, 4318951.593, 77
Trd, 4318952.043, 102
Trd, 4318953.893, 135
Trd, 4318955.093, 126
Trd, 4318955.593, 69
Trd, 4318955.943, 111
Trd, 4318956.693, 122
Trd, 4318957.493, 84
Trd, 4318958.093, 131
Trd, 4318958.193, 132
Trd, 4318958.443, 103
Trd, 4318959.443, 95
Trd, 4318960.293, 103
Trd, 4318960.493, 99
Trd, 4318961.643, 133
Trd, 4318962.693, 109
Trd, 4318963.043, 107
Trd, 4318963.793, 95
Trd, 4318964.743, 133
Trd, 4318967.343, 129
Trd, 4318968.993, 135
Trd, 4318970.243, 140
Trd, 4318970.593, 138
Trd, 4318971.293, 117
Trd, 4318971.393, 109
Trd, 4318972.693, 138
Trd, 4318972.843, 122
Trd, 4318974.493, 129
Trd, 4318974.843, 115
Trd, 4318975.693, 113
Trd, 4318976.443, 93
Trd, 4318978.193, 130
Trd, 4318978.493, 137
Trd, 4318978.593, 130
Trd, 4318979.993, 122
Trd, 4318981.593, 90
Trd, 4318981.843, 109
Trd, 4318982.293, 82
Trd, 4318983.793, 84
Trd, 4318983.993, 77
Trd, 4318984.593, 84
Trd, 4318984.743, 65
Trd, 4318987.043, 103
Trd, 4318987.193, 102
Trd, 4318988.243, 82
Trd, 4318988.443, 89
Trd, 4318989.443, 84
Trd, 4318990.193, 103
Trd, 4318990.893, 109
Trd, 4318991.343, 98
Trd, 4318992.743, 92
Trd, 4318994.243, 93
Trd, 4318995.393, 133
Trd, 4318995.693, 126
Trd, 4318995.843, 110
Trd, 4318996.593, 110
Trd, 4318996.893, 130
Trd, 4318997.293, 104
Trd, 4318997.443, 120
Trd, 4318997.593, 83
Trd, 4318998.693, 121
Trd, 4318999.543, 122
Trd, 4319000.243, 92
Trd, 4319002.843, 122
Trd, 4319002.993, 91
Trd, 4319003.693, 131
Trd, 4319005.293, 98
Trd, 4319005.343, 119
Trd, 4319006.393, 99
Trd, 4319008.343, 103
Trd, 4319009.093, 136
Trd, 4319009.493, 92
Trd, 4319010.943, 140
Trd, 4319011.793, 130
Trd, 4319012.393, 114
Trd, 4319013.143, 97
Trd, 4319013.743, 137
Trd, 4319013.793, 93
Trd, 4319014.643, 107
Trd, 4319014.793, 106
Trd, 4319016.093, 89
Trd, 4319017.093, 114
Trd, 4319017.193, 98
Trd, 4319017.543, 108
Trd, 4319017.893, 107
Trd, 4319019.043, 86
Trd, 4319019.093, 78
Trd, 4319019.543, 135
Trd, 4319019.893, 119
Trd, 4319021.443, 133
Trd, 4319021.893, 74
Trd, 4319023.243, 95
Trd, 4319023.493, 95
Trd, 4319023.543, 87
Trd, 4319025.043, 136
Trd, 4319026.593, 90
Trd, 4319026.793, 123
Trd, 4319027.793, 100
Trd, 4319030.143, 139
Trd, 4319030.393, 101
Trd, 4319031.243, 122
Trd, 4319031.943, 114
Trd, 4319032.493, 134
Trd, 4319033.193, 139
Trd, 4319033.293, 136
Trd, 4319034.193, 131
Trd, 4319034.543, 131
Trd, 4319034.593, 90
Trd, 4319034.943, 108
Trd, 4319035.243, 137
Trd, 4319036.393, 96
Trd, 4319036.593, 94
Trd, 4319037.643, 118
Trd, 4319039.193, 116
Trd, 4319040.793, 133
Trd, 4319041.893, 94
Trd, 4319043.093, 108
Trd, 4319043.543, 116
Trd, 4319044.043, 114
Trd, 4319044.443, 118
Trd, 4319045.893, 125
Trd, 4319047.293, 86
Trd, 4319047.393, 101
Trd, 4319049.943, 128
Trd, 4319050.643, 127
Trd, 4319051.943, 82
Trd, 4319052.843, 131
Trd, 4319053.993, 132
Trd, 4319054.143, 131
Trd, 4319055.243, 113
Trd, 4319056.093, 123
Trd, 4319056.393, 95
Trd, 4319056.593, 81
Trd, 4319057.843, 121
Trd, 4319058.443, 134
Trd, 4319058.893, 134
Trd, 4319059.043, 120
Trd, 4319060.893, 105
Trd, 4319061.793, 67
Trd, 4319063.143, 109
Trd, 4319063.243, 94
Trd, 4319064.543, 62
Trd, 4319064.843, 85
Trd, 4319065.693, 78
Trd, 4319066.993, 77
Trd, 4319067.543, 80
Trd, 4319067.743, 85
Trd, 4319067.943, 122
Trd, 4319069.543, 104
Trd, 4319070.093, 109
Trd, 4319071.443, 130
Trd, 4319071.943, 134
Trd, 4319072.293, 86
Trd, 4319072.843, 140
Trd, 4319073.193, 109
Trd, 4319075.593, 123
Trd, 4319077.293, 116
Trd, 4319077.393, 96
Trd, 4319079.543, 139
Trd, 4319079.643, 135
Trd, 4319079.993, 82
Trd, 4319081.343, 97
Trd, 4319081.743, 99
Trd, 4319083.293, 103
Trd, 4319083.543, 106
Trd, 4319085.593, 71
Trd, 4319086.693, 77
Trd, 4319087.193, 135
Trd, 4319087.793, 125
Trd, 4319088.293, 125
Trd, 4319088.793, 116
Trd, 4319089.093, 98
Trd, 4319089.443, 130
Trd, 4319090.593, 140
Trd, 4319090.893, 116
Trd, 4319091.943, 134
Trd, 4319092.193, 132
Trd, 4319092.343, 123
Trd, 4319093.393, 104
Trd, 4319093.943, 103
Trd, 4319095.443, 61
Trd, 4319095.943, 78
Trd, 4319097.143, 137
Trd, 4319097.793, 124
Trd, 4319098.893, 119
Trd, 4319098.993, 99
Trd, 4319099.443, 125
Trd, 4319099.943, 118
Trd, 4319102.193, 121
Trd, 4319102.643, 117
Trd, 4319102.793, 110
Trd, 4319102.843, 85
Trd, 4319103.343, 85
Trd, 4319103.593, 92
Trd, 4319103.793, 115
Trd, 4319105.393, 84
Trd, 4319106.143, 124
Trd, 4319106.793, 117
Trd, 4319107.443, 122
Trd, 4319107.693, 120
Trd, 4319108.443, 124
Trd, 4319109.093, 124
Trd, 4319111.143, 61
Trd, 4319111.443, 66
Trd, 4319112.093, 138
Trd, 4319112.593, 107
Trd, 4319113.393, 98
Trd, 4319113.493, 111
Trd, 4319114.193, 91
Trd, 4319114.793, 96
Trd, 4319115.093, 60
Trd, 4319116.193, 78
Trd, 4319117.893, 138
Trd, 4319118.343, 101
Trd, 4319118.793, 90
Trd, 4319120.093, 98
Trd, 4319120.343, 106
Trd, 4319120.843, 74
Trd, 4319121.743, 62
Trd, 4319121.993, 115
Trd, 4319123.193, 140
Trd, 4319124.393, 140
Trd, 4319124.743, 140
Trd, 4319125.193, 100
Trd, 4319125.393, 76
Trd, 4319127.093, 140
Trd, 4319127.643, 134
Trd, 4319129.093, 119
Trd, 4319129.943, 127
Trd, 4319130.743, 107
Trd, 4319131.093, 135
Trd, 4319131.293, 80
Trd, 4319132.293, 97
Trd, 4319133.443, 136
Trd, 4319133.543, 139
Trd, 4319134.293, 122
Trd, 4319135.043, 113
Trd, 4319136.343, 133
Trd, 4319137.093, 122
Trd, 4319138.243, 98
Trd, 4319139.943, 91
Trd, 4319140.743, 101
Trd, 4319141.143, 94
Trd, 4319141.543, 78
Trd, 4319141.593, 76
Trd, 4319142.543, 70
Trd, 4319142.793, 84
Trd, 4319143.343, 105
Trd, 4319146.543, 139
Trd, 4319147.693, 138
Trd, 4319148.143, 132
Trd, 4319148.443, 113
Trd, 4319149.593, 111
Trd, 4319150.193, 127
Trd, 4319150.493, 116
Trd, 4319150.643, 115
Trd, 4319151.493, 91
Trd, 4319151.943, 136
Trd, 4319152.543, 104
Trd, 4319153.593, 87
Trd, 4319153.843, 78
Trd, 4319154.543, 97
Trd, 4319155.893, 70
Trd, 4319156.093, 101
Trd, 4319156.593, 85
Trd, 4319158.143, 100
Trd, 4319159.243, 111
Trd, 4319159.493, 90
Trd, 4319159.643, 86
Trd, 4319160.993, 76
Trd, 4319164.143, 75
Trd, 4319164.843, 78
Trd, 4319165.143, 99
Trd, 4319167.043, 123
Trd, 4319167.193, 87
Trd, 4319167.293, 137
Trd, 4319168.943, 81
Trd, 4319169.093, 89
Trd, 4319169.693, 105
Trd, 4319170.043, 99
Trd, 4319170.993, 124
Trd, 4319171.093, 114
Trd, 4319171.293, 126
Trd, 4319173.043, 82
Trd, 4319173.093, 116
Trd, 4319174.193, 132
Trd, 4319174.243, 106
Trd, 4319174.393, 114
Trd, 4319175.593, 126
Trd, 4319176.193, 117
Trd, 4319176.543, 85
Trd, 4319176.743, 76
Trd, 4319179.443, 136
Trd, 4319179.493, 135
Trd, 4319179.693, 132
Trd, 4319180.343, 118
Trd, 4319181.743, 117
Trd, 4319183.043, 132
Trd, 4319183.593, 123
Trd, 4319185.243, 94
Trd, 4319185.643, 78
Trd, 4319186.443, 101
Trd, 4319186.993, 90
Trd, 4319187.193, 84
Trd, 4319187.393, 83
Trd, 4319188.893, 77
Trd, 4319189.443, 88
Trd, 4319190.443, 119
Trd, 4319190.543, 112
Trd, 4319192.293, 127
Trd, 4319192.343, 89
Trd, 4319194.393, 127
Trd, 4319195.043, 103
Trd, 4319195.293, 98
Trd, 4319195.693, 81
Trd, 4319195.843, 110
Trd, 4319196.493, 80
Trd, 4319197.993, 124
Trd, 4319198.393, 134
Trd, 4319199.643, 132
Trd, 4319200.243, 130
Trd, 4319200.293, 129
Trd, 4319200.493, 113
Trd, 4319201.693, 138
Trd, 4319203.293, 133
Trd, 4319205.343, 136
Trd, 4319205.443, 135
Trd, 4319205.843, 101
Trd, 4319207.243, 117
Trd, 4319207.343, 86
Trd, 4319207.643, 72
Trd, 4319208.593, 125
Trd, 4319208.693, 112
Trd, 4319210.043, 111
Trd, 4319210.343, 91
Trd, 4319211.043, 100
Trd, 4319211.843, 93
Trd, 4319212.893, 124
Trd, 4319214.193, 113
Trd, 4319214.493, 123
Trd, 4319215.393, 135
Trd, 4319216.543, 134
Trd, 4319216.693, 106
Trd, 4319217.243, 114
Trd, 4319218.193, 132
Trd, 4319218.243, 131
Trd, 4319218.643, 117
Trd, 4319219.393, 135
Trd, 4319220.543, 110
Trd, 4319221.843, 139
Trd, 4319222.193, 128
Trd, 4319223.143, 140
Trd, 4319223.243, 70
Trd, 4319226.343, 140
Trd, 4319227.043, 139
Trd, 4319227.743, 139
Trd, 4319228.143, 98
Trd, 4319229.143, 82
Trd, 4319229.293, 84
Trd, 4319229.843, 118
Trd, 4319230.343, 104
Trd, 4319231.493, 135
Trd, 4319232.993, 131
Trd, 4319233.293, 109
Trd, 4319233.893, 137
Trd, 4319233.943, 127
Trd, 4319235.443, 129
Trd, 4319235.793, 127
Trd, 4319236.093, 101
Trd, 4319236.393, 130
Trd, 4319236.693, 126
Trd, 4319237.293, 87
Trd, 4319239.143, 65
Trd, 4319240.043, 110
Trd, 4319240.993, 125
Trd, 4319241.193, 137
Trd, 4319241.293, 105
Trd, 4319241.693, 101
Trd, 4319245.443, 120
Trd, 4319245.543, 81
Trd, 4319246.993, 99
Trd, 4319247.293, 119
Trd, 4319248.593, 135
Trd, 4319249.093, 132
Trd, 4319249.943, 137
Trd, 4319251.143, 107
Trd, 4319251.343, 138
Trd, 4319252.593, 104
Trd, 4319253.443, 117
Trd, 4319253.693, 104
Trd, 4319254.943, 139
Trd, 4319255.193, 114
Trd, 4319255.743, 126
Trd, 4319256.293, 99
Trd, 4319257.593, 116
Trd, 4319257.643, 86
Trd, 4319257.743, 85
Trd, 4319259.593, 116
Trd, 4319260.093, 99
Trd, 4319260.643, 112
Trd, 4319260.943, 62
Trd, 4319262.393, 93
Trd, 4319262.893, 118
Trd, 4319263.943, 101
Trd, 4319265.493, 132
Trd, 4319265.893, 108
Trd, 4319266.693, 88
Trd, 4319267.743, 76
Trd, 4319267.843, 75
Trd, 4319268.393, 110
Trd, 4319268.893, 114
Trd, 4319269.143, 93
Trd, 4319269.793, 121
Trd, 4319271.343, 122
Trd, 4319272.443, 132
Trd, 4319272.643, 131
Trd, 4319272.943, 136
Trd, 4319274.893, 131
Trd, 4319275.643, 133
Trd, 4319276.443, 122
Trd, 4319276.693, 136
Trd, 4319277.143, 94
Trd, 4319277.643, 106
Trd, 4319278.343, 104
Trd, 4319278.993, 136
Trd, 4319279.193, 99
Trd, 4319281.143, 119
Trd, 4319282.793, 140
Trd, 4319283.243, 136
Trd, 4319283.993, 97
Trd, 4319284.543, 104
Trd, 4319285.093, 116
Trd, 4319285.743, 134
Trd, 4319287.243, 92
Trd, 4319287.543, 84
Trd, 4319289.293, 121
Trd, 4319291.843, 140
Trd, 4319292.343, 138
Trd, 4319292.993, 115
Trd, 4319293.193, 113
Trd, 4319293.743, 137
Trd, 4319293.793, 129
Trd, 4319293.993, 101
Trd, 4319296.593, 114
Trd, 4319297.243, 133
Trd, 4319297.443, 116
Trd, 4319297.693, 111
Trd, 4319297.993, 118
Trd, 4319298.743, 64
Trd, 4319299.493, 121
Trd, 4319299.843, 116
Trd, 4319300.443, 128
Trd, 4319301.343, 94
Trd, 4319302.443, 94
Trd, 4319303.193, 127
Trd, 4319303.643, 116
Trd, 4319304.393, 82
Trd, 4319306.993, 134
Trd, 4319307.193, 127
Trd, 4319308.293, 119
Trd, 4319308.493, 124
Trd, 4319309.843, 121
Trd, 4319309.993, 116
Trd, 4319310.643, 105
Trd, 4319312.843, 135
Trd, 4319313.243, 129
Trd, 4319313.493, 117
Trd, 4319313.693, 120
Trd, 4319315.493, 113
Trd, 4319315.793, 108
Trd, 4319316.193, 91
Trd, 4319316.593, 99
Trd, 4319318.743, 92
Trd, 4319318.793, 90
Trd, 4319321.593, 135
Trd, 4319321.943, 133
Trd, 4319322.643, 115
Trd, 4319323.843, 114
Trd, 4319323.943, 135
Trd, 4319324.743, 130
Trd, 4319324.843, 106
Trd, 4319325.493, 67
Trd, 4319325.893, 136
Trd, 4319326.893, 63
Trd, 4319327.993, 97
Trd, 4319329.593, 116
Trd, 4319330.243, 97
Trd, 4319330.793, 114
Trd, 4319331.793, 113
Trd, 4319332.193, 97
Trd, 4319335.293, 120
Trd, 4319335.443, 124
Trd, 4319335.543, 115
Trd, 4319335.593, 114
Trd, 4319336.343, 131
Trd, 4319338.143, 120
Trd, 4319338.243, 110
Trd, 4319339.293, 93
Trd, 4319339.543, 78
Trd, 4319340.193, 83
Trd, 4319340.743, 62
Trd, 4319340.893, 68
Trd, 4319341.493, 119
Trd, 4319341.593, 117
Trd, 4319343.343, 117
Trd, 4319344.793, 136
Trd, 4319346.543, 123
Trd, 4319347.593, 114
Trd, 4319348.343, 126
Trd, 4319348.793, 110
Trd, 4319349.443, 125
Trd, 4319349.643, 124
Trd, 4319350.093, 128
Trd, 4319350.543, 66
Trd, 4319350.793, 62
Trd, 4319351.343, 133
Trd, 4319351.743, 137
Trd, 4319352.843, 99
Trd, 4319355.143, 130
Trd, 4319355.193, 109
Trd, 4319356.343, 61
Trd, 4319356.593, 71
Trd, 4319356.793, 83
Trd, 4319357.193, 85
Trd, 4319358.143, 96
Trd, 4319358.743, 106
Trd, 4319359.043, 86
Trd, 4319359.943, 61
Trd, 4319360.993, 133
Trd, 4319361.743, 97
Trd, 4319362.243, 83
Trd, 4319363.543, 135
Trd, 4319364.643, 128
Trd, 4319364.893, 127
Trd, 4319365.343, 97
Trd, 4319367.043, 121
Trd, 4319367.293, 104
Trd, 4319368.143, 112
Trd, 4319369.693, 102
Trd, 4319370.943, 140
Trd, 4319371.893, 139
Trd, 4319372.043, 138
Trd, 4319373.443, 134
Trd, 4319373.493, 125
Trd, 4319373.793, 116
Trd, 4319374.693, 123
Trd, 4319375.393, 135
Trd, 4319375.593, 123
Trd, 4319376.243, 114
Trd, 4319376.543, 76
Trd, 4319378.243, 131
Trd, 4319379.343, 123
Trd, 4319379.643, 122
Trd, 4319379.893, 118
Trd, 4319380.493, 90
Trd, 4319380.843, 111
Trd, 4319380.893, 133
Trd, 4319381.943, 90
Trd, 4319382.643, 81
Trd, 4319383.943, 140
Trd, 4319384.493, 137
Trd, 4319384.643, 121
Trd, 4319385.293, 121
Trd, 4319385.593, 79
Trd, 4319386.793, 83
Trd, 4319387.243, 81
Trd, 4319388.243, 81
Trd, 4319388.643, 92
Trd, 4319391.243, 131
Trd, 4319391.393, 130
Trd, 4319393.093, 133
Trd, 4319393.643, 105
Trd, 4319394.543, 118
Trd, 4319395.293, 131
Trd, 4319396.143, 136
Trd, 4319396.693, 115
Trd, 4319396.943, 131
Trd, 4319397.493, 107
Trd, 4319398.843, 91
Trd, 4319399.043, 107
Trd, 4319399.743, 93
Trd, 4319400.443, 105
Trd, 4319401.193, 113
Trd, 4319401.643, 120
Trd, 4319402.493, 103
Trd, 4319402.743, 90
Trd, 4319405.843, 78
Trd, 4319406.393, 139
Trd, 4319407.243, 121
Trd, 4319408.043, 86
Trd, 4319408.893, 64
Trd, 4319409.243, 111
Trd, 4319410.793, 140
Trd, 4319411.243, 111
Trd, 4319413.993, 98
Trd, 4319414.743, 89
Trd, 4319415.093, 97
Trd, 4319416.043, 129
Trd, 4319416.293, 112
Trd, 4319417.743, 120
Trd, 4319417.943, 112
Trd, 4319418.543, 96
Trd, 4319419.743, 117
Trd, 4319420.243, 139
Trd, 4319420.443, 135
Trd, 4319420.493, 119
Trd, 4319421.093, 116
Trd, 4319422.343, 82
Trd, 4319423.143, 115
Trd, 4319423.393, 110
Trd, 4319424.243, 62
Trd, 4319426.143, 100
Trd, 4319426.993, 121
Trd, 4319428.193, 115
Trd, 4319429.093, 123
Trd, 4319429.293, 139
Trd, 4319430.093, 140
Trd, 4319431.193, 139
Trd, 4319432.393, 125
Trd, 4319432.993, 137
Trd, 4319433.493, 99
Trd, 4319433.693, 74
Trd, 4319435.093, 139
Trd, 4319435.443, 135
Trd, 4319436.093, 122
Trd, 4319436.143, 91
Trd, 4319436.693, 102
Trd, 4319437.493, 130
Trd, 4319438.043, 125
Trd, 4319438.943, 97
Trd, 4319440.493, 103
Trd, 4319441.793, 139
Trd, 4319442.443, 94
Trd, 4319443.693, 138
Trd, 4319443.893, 128
Trd, 4319445.193, 135
Trd, 4319445.693, 133
Trd, 4319446.393, 137
Trd, 4319447.043, 108
Trd, 4319447.193, 99
Trd, 4319448.143, 138
Trd, 4319448.443, 94
Trd, 4319448.893, 132
Trd, 4319449.593, 75
Trd, 4319452.043, 97
Trd, 4319452.393, 106
Trd, 4319452.493, 67
Trd, 4319453.393, 140
Trd, 4319453.493, 105
Trd, 4319454.993, 85
Trd, 4319455.143, 84
Trd, 4319455.793, 100
Trd, 4319457.043, 69
Trd, 4319457.393, 94
Trd, 4319458.243, 81
Trd, 4319458.593, 76
Trd, 4319459.293, 72
Trd, 4319460.043, 80
Trd, 4319461.043, 118
Trd, 4319462.993, 114
Trd, 4319463.943, 83
Trd, 4319464.093, 131
Trd, 4319464.343, 69
Trd, 4319464.593, 65
Trd, 4319465.293, 84
Trd, 4319466.493, 133
Trd, 4319467.693, 98
Trd, 4319467.843, 118
Trd, 4319468.393, 137
Trd, 4319468.743, 125
Trd, 4319469.893, 120
Trd, 4319471.993, 136
Trd, 4319472.393, 135
Trd, 4319474.343, 135
Trd, 4319474.943, 135
Trd, 4319475.093, 118
Trd, 4319475.243, 116
Trd, 4319475.393, 112
Trd, 4319475.543, 64
Trd, 4319477.143, 118
Trd, 4319477.593, 80
Trd, 4319478.243, 78
Trd, 4319479.243, 97
Trd, 4319479.843, 113
Trd, 4319481.693, 105
Trd, 4319482.043, 80
Trd, 4319483.093, 96
Trd, 4319484.093, 124
Trd, 4319484.193, 102
Trd, 4319484.443, 131
Trd, 4319485.093, 108
Trd, 4319485.393, 131
Trd, 4319486.693, 104
Trd, 4319488.643, 139
Trd, 4319488.993, 136
Trd, 4319489.143, 135
Trd, 4319489.743, 126
Trd, 4319491.743, 118
Trd, 4319492.543, 99
Trd, 4319492.993, 133
Trd, 4319494.393, 129
Trd, 4319495.443, 140
Trd, 4319495.943, 138
Trd, 4319495.993, 137
Trd, 4319496.193, 120
Trd, 4319497.043, 139
Trd, 4319497.343, 129
Trd, 4319498.493, 112
Trd, 4319498.543, 88
Trd, 4319498.943, 134
Trd, 4319501.743, 119
Trd, 4319501.793, 118
Trd, 4319502.443, 120
Trd, 4319504.143, 132
Trd, 4319504.193, 115
Trd, 4319504.793, 109
Trd, 4319505.243, 102
Trd, 4319506.643, 114
Trd, 4319507.243, 105
Trd, 4319508.343, 70
Trd, 4319509.593, 73
Trd, 4319509.943, 81
Trd, 4319510.843, 105
Trd, 4319513.543, 132
Trd, 4319514.243, 130
Trd, 4319514.543, 108
Trd, 4319514.793, 103
Trd, 4319515.043, 89
Trd, 4319515.193, 88
Trd, 4319518.293, 140
Trd, 4319518.793, 140
Trd, 4319518.893, 112
Trd, 4319519.743, 117
Trd, 4319519.843, 108
Trd, 4319520.943, 94
Trd, 4319521.893, 139
Trd, 4319522.743, 102
Trd, 4319523.693, 76
Trd, 4319523.843, 108
Trd, 4319525.043, 81
Trd, 4319527.243, 76
Trd, 4319527.793, 98
Trd, 4319529.743, 138
Trd, 4319530.143, 136
Trd, 4319530.343, 130
Trd, 4319530.593, 115
Trd, 4319531.243, 114
Trd, 4319532.243, 120
Trd, 4319533.043, 119
Trd, 4319534.343, 134
Trd, 4319534.743, 100
Trd, 4319534.843, 91
Trd, 4319535.493, 82
Trd, 4319535.743, 67
Trd, 4319536.243, 90
Trd, 4319537.943, 136
Trd, 4319539.693, 131
Trd, 4319540.143, 115
Trd, 4319540.993, 88
Trd, 4319542.193, 132
Trd, 4319542.743, 139
Trd, 4319542.943, 128
Trd, 4319543.643, 134
Trd, 4319544.193, 111
Trd, 4319545.993, 97
Trd, 4319546.543, 78
Trd, 4319546.893, 110
Trd, 4319548.543, 135
Trd, 4319549.493, 106
Trd, 4319550.793, 130
Trd, 4319551.493, 101
Trd, 4319551.693, 93
Trd, 4319551.993, 86
Trd, 4319553.193, 85
Trd, 4319554.243, 75
Trd, 4319554.893, 106
Trd, 4319555.743, 109
Trd, 4319555.793, 97
Trd, 4319556.193, 107
Trd, 4319556.843, 78
Trd, 4319558.143, 97
Trd, 4319558.293, 94
Trd, 4319558.893, 123
Trd, 4319559.993, 81
Trd, 4319560.293, 74
Trd, 4319560.443, 80
Trd, 4319560.593, 110
Trd, 4319561.293, 106
Trd, 4319562.693, 117
Trd, 4319563.693, 136
Trd, 4319563.743, 136
Trd, 4319565.293, 120
Trd, 4319565.493, 114
Trd, 4319565.843, 80
Trd, 4319566.793, 78
Trd, 4319566.893, 69
Trd, 4319569.093, 139
Trd, 4319569.493, 125
Trd, 4319569.693, 136
Trd, 4319570.193, 103
Trd, 4319571.093, 114
Trd, 4319571.643, 112
Trd, 4319572.193, 85
Trd, 4319573.893, 120
Trd, 4319574.243, 127
Trd, 4319574.643, 140
Trd, 4319574.693, 139
Trd, 4319577.093, 101
Trd, 4319577.293, 96
Trd, 4319577.493, 101
Trd, 4319578.193, 127
Trd, 4319579.143, 135
Trd, 4319581.043, 140
Trd, 4319581.093, 128
Trd, 4319581.643, 116
Trd, 4319582.393, 106
Trd, 4319584.243, 122
Trd, 4319585.043, 76
Trd, 4319585.793, 97
Trd, 4319586.743, 76
Trd, 4319587.193, 87
Trd, 4319587.593, 97
Trd, 4319587.693, 73
Trd, 4319588.493, 108
Trd, 4319590.293, 96
Trd, 4319591.543, 95
Trd, 4319591.693, 131
Trd, 4319591.893, 136
Trd, 4319592.393, 136
Trd, 4319593.143, 68
Trd, 4319593.593, 65
Trd, 4319594.293, 93
Trd, 4319595.093, 140
Trd, 4319595.943, 126
Trd, 4319596.593, 132
Trd, 4319596.693, 100
Trd, 4319596.993, 95
Trd, 4319598.443, 89
Trd, 4319598.893, 88
Trd, 4319599.943, 99
Trd, 4319600.143, 101
Trd, 4319602.193, 140
Trd, 4319602.393, 110
Trd, 4319603.693, 95
Trd, 4319604.143, 90
Trd, 4319604.393, 80
Trd, 4319605.293, 75
Trd, 4319606.243, 99
Trd, 4319607.393, 88
Trd, 4319609.293, 104
Trd, 4319609.693, 88
Trd, 4319609.943, 106
Trd, 4319610.193, 126
Trd, 4319610.343, 80
Trd, 4319612.043, 136
Trd, 4319612.943, 131
Trd, 4319614.493, 134
Trd, 4319614.643, 140
Trd, 4319614.993, 109
Trd, 4319615.693, 90
Trd, 4319615.743, 99
Trd, 4319615.843, 89
Trd, 4319616.593, 110
Trd, 4319618.743, 85
Trd, 4319618.793, 84
Trd, 4319618.843, 74
Trd, 4319619.343, 68
Trd, 4319619.393, 123
Trd, 4319620.443, 71
Trd, 4319620.893, 66
Trd, 4319622.393, 83
Trd, 4319624.593, 82
Trd, 4319624.843, 84
Trd, 4319624.893, 124
Trd, 4319625.543, 94
Trd, 4319625.993, 95
Trd, 4319626.643, 94
Trd, 4319627.843, 125
Trd, 4319628.543, 139
Trd, 4319630.243, 90
Trd, 4319631.643, 68
Trd, 4319632.793, 103
Trd, 4319635.743, 118
Trd, 4319636.443, 123
Trd, 4319636.843, 140
Trd, 4319636.943, 136
Trd, 4319637.293, 92
Trd, 4319639.293, 73
Trd, 4319639.593, 98
Trd, 4319643.093, 135
Trd, 4319643.193, 130
Trd, 4319643.493, 123
Trd, 4319643.543, 113
Trd, 4319644.243, 138
Trd, 4319644.393, 103
Trd, 4319645.493, 77
Trd, 4319645.993, 76
Trd, 4319647.193, 88
Trd, 4319647.993, 135
Trd, 4319648.343, 123
Trd, 4319648.793, 104
Trd, 4319648.843, 86
Trd, 4319650.093, 130
Trd, 4319650.343, 115
Trd, 4319651.493, 111
Trd, 4319652.693, 115
Trd, 4319652.843, 115
Trd, 4319653.693, 126
Trd, 4319654.043, 94
Trd, 4319655.493, 104
Trd, 4319656.493, 83
Trd, 4319657.143, 135
Trd, 4319657.993, 122
Trd, 4319658.543, 107
Trd, 4319659.243, 116
Trd, 4319661.143, 92
Trd, 4319661.943, 93
Trd, 4319663.193, 116
Trd, 4319663.993, 135
Trd, 4319664.093, 134
Trd, 4319664.543, 138
Trd, 4319664.993, 131
Trd, 4319666.143, 133
Trd, 4319667.793, 127
Trd, 4319667.993, 91
Trd, 4319668.243, 90
Trd, 4319669.043, 92
Trd, 4319669.593, 126
Trd, 4319670.693, 105
Trd, 4319671.593, 130
Trd, 4319671.843, 94
Trd, 4319672.643, 86
Trd, 4319674.493, 130
Trd, 4319674.993, 127
Trd, 4319675.493, 126
Trd, 4319676.093, 117
Trd, 4319676.393, 115
Trd, 4319677.293, 83
Trd, 4319677.393, 68
Trd, 4319677.743, 124
Trd, 4319678.993, 128
Trd, 4319679.043, 100
Trd, 4319679.293, 98
Trd, 4319680.143, 101
Trd, 4319680.543, 74
Trd, 4319680.693, 98
Trd, 4319682.343, 86
Trd, 4319684.343, 134
Trd, 4319684.893, 126
Trd, 4319685.693, 79
Trd, 4319686.393, 99
Trd, 4319686.793, 97
Trd, 4319688.243, 135
Trd, 4319688.643, 132
Trd, 4319690.693, 129
Trd, 4319690.743, 100
Trd, 4319690.843, 92
Trd, 4319690.893, 91
Trd, 4319691.943, 135
Trd, 4319692.043, 130
Trd, 4319694.043, 121
Trd, 4319694.843, 120
Trd, 4319694.943, 83
Trd, 4319695.393, 81
Trd, 4319697.143, 126
Trd, 4319697.393, 81
Trd, 4319698.393, 135
Trd, 4319699.343, 131
Trd, 4319699.893, 92
Trd, 4319700.543, 139
Trd, 4319700.643, 130
Trd, 4319702.993, 112
Trd, 4319703.193, 104
Trd, 4319703.643, 125
Trd, 4319704.593, 124
Trd, 4319705.293, 92
Trd, 4319705.393, 107
Trd, 4319708.043, 140
Trd, 4319708.593, 140
Trd, 4319709.043, 128
Trd, 4319709.643, 106
Trd, 4319710.543, 97
Trd, 4319712.293, 75
Trd, 4319712.643, 69
Trd, 4319713.143, 126
Trd, 4319713.393, 88
Trd, 4319713.843, 114
Trd, 4319715.243, 91
Trd, 4319715.393, 126
Trd, 4319716.093, 62
Trd, 4319716.743, 137
Trd, 4319718.793, 98
Trd, 4319718.843, 96
Trd, 4319718.993, 87
Trd, 4319719.943, 138
Trd, 4319720.543, 139
Trd, 4319721.643, 137
Trd, 4319722.293, 76
Trd, 4319722.693, 120
Trd, 4319722.943, 119
Trd, 4319723.743, 60
Trd, 4319724.093, 62
Trd, 4319724.443, 71
Trd, 4319725.493, 138
Trd, 4319726.593, 127
Trd, 4319727.193, 94
Trd, 4319728.093, 103
Trd, 4319728.443, 90
Trd, 4319728.843, 119
Trd, 4319730.943, 129
Trd, 4319732.293, 109
Trd, 4319732.343, 100
Trd, 4319734.293, 135
Trd, 4319734.643, 118
Trd, 4319734.793, 116
Trd, 4319735.743, 135
Trd, 4319738.043, 113
Trd, 4319738.143, 108
Trd, 4319738.393, 95
Trd, 4319739.593, 106
Trd, 4319739.693, 94
Trd, 4319740.143, 61
Trd, 4319740.393, 94
Trd, 4319741.443, 91
Trd, 4319741.693, 76
Trd, 4319742.443, 64
Trd, 4319743.443, 99
Trd, 4319743.793, 104
Trd, 4319744.493, 137
Trd, 4319745.193, 96
Trd, 4319745.493, 95
Trd, 4319746.293, 93
Trd, 4319746.993, 71
Trd, 4319747.843, 140
Trd, 4319748.593, 92
Trd, 4319749.293, 78
Trd, 4319750.493, 101
Trd, 4319750.593, 105
Trd, 4319751.493, 116
Trd, 4319751.793, 91
Trd, 4319752.943, 139
Trd, 4319754.193, 107
Trd, 4319755.043, 139
Trd, 4319755.243, 132
Trd, 4319755.743, 126
Trd, 4319756.643, 116
Trd, 4319758.193, 135
Trd, 4319758.693, 98
Trd, 4319758.993, 94
Trd, 4319759.193, 61
Trd, 4319759.293, 92
Trd, 4319760.643, 111
Trd, 4319760.943, 102
Trd, 4319761.893, 92
Trd, 4319764.293, 88
Trd, 4319765.293, 107
Trd, 4319765.843, 82
Trd, 4319766.143, 117
Trd, 4319766.293, 130
Trd, 4319767.093, 112
Trd, 4319768.393, 138
Trd, 4319769.793, 139
Trd, 4319769.993, 133
Trd, 4319770.243, 111
Trd, 4319771.993, 84
Trd, 4319772.393, 84
Trd, 4319772.493, 75
Trd, 4319772.943, 88
Trd, 4319774.793, 71
Trd, 4319775.393, 73
Trd, 4319775.743, 79
Trd, 4319776.293, 121
Trd, 4319776.893, 119
Trd, 4319777.493, 105
Trd, 4319777.543, 79
Trd, 4319778.893, 137
Trd, 4319778.993, 61
Trd, 4319779.143, 124
Trd, 4319782.993, 106
Trd, 4319783.143, 112
Trd, 4319784.743, 133
Trd, 4319784.843, 131
Trd, 4319785.143, 131
Trd, 4319785.543, 105
Trd, 4319786.093, 87
Trd, 4319787.293, 137
Trd, 4319787.643, 102
Trd, 4319788.193, 70
Trd, 4319789.493, 106
Trd, 4319790.193, 100
Trd, 4319792.343, 131
Trd, 4319792.543, 120
Trd, 4319793.593, 111
Trd, 4319794.093, 91
Trd, 4319795.543, 140
Trd, 4319796.143, 131
Trd, 4319796.193, 131
Trd, 4319796.893, 126
Trd, 4319797.493, 113
Trd, 4319799.343, 118
Trd, 4319799.793, 134
Trd, 4319801.093, 72
Trd, 4319801.643, 63
Trd, 4319802.243, 71
Trd, 4319802.843, 76
Trd, 4319803.493, 89
Trd, 4319803.993, 140
Trd, 4319806.143, 106
Trd, 4319806.243, 105
Trd, 4319806.793, 98
Trd, 4319807.043, 87
Trd, 4319807.643, 118
Trd, 4319807.793, 117
Trd, 4319808.693, 132
Trd, 4319809.743, 104
Trd, 4319810.943, 134
Trd, 4319811.093, 125
Trd, 4319812.343, 107
Trd, 4319812.893, 101
Trd, 4319814.343, 92
Trd, 4319814.793, 137
Trd, 4319815.393, 90
Trd, 4319815.743, 82
Trd, 4319817.093, 130
Trd, 4319818.143, 119
Trd, 4319819.493, 126
Trd, 4319819.643, 123
Trd, 4319819.793, 110
Trd, 4319819.843, 89
Trd, 4319820.893, 77
Trd, 4319823.793, 137
Trd, 4319823.943, 135
Trd, 4319823.993, 121
Trd, 4319824.543, 107
Trd, 4319824.993, 106
Trd, 4319825.093, 99
Trd, 4319825.893, 111
Trd, 4319826.293, 114
Trd, 4319827.793, 122
Trd, 4319828.243, 132
Trd, 4319830.093, 112
Trd, 4319830.143, 119
Trd, 4319830.493, 97
Trd, 4319831.393, 133
Trd, 4319832.393, 92
Trd, 4319833.393, 75
Trd, 4319834.043, 122
Trd, 4319836.093, 122
Trd, 4319836.443, 122
Trd, 4319836.693, 119
Trd, 4319837.693, 136
Trd, 4319838.143, 136
Trd, 4319838.693, 135
Trd, 4319838.793, 126
Trd, 4319839.793, 102
Trd, 4319839.843, 94
Trd, 4319841.543, 126
Trd, 4319842.293, 131
Trd, 4319842.593, 113
Trd, 4319843.193, 130
Trd, 4319845.243, 128
Trd, 4319845.693, 126
Trd, 4319846.493, 136
Trd, 4319846.643, 112
Trd, 4319848.543, 140
Trd, 4319848.643, 129
Trd, 4319851.093, 128
Trd, 4319851.443, 131
Trd, 4319852.343, 118
Trd, 4319852.393, 101
Trd, 4319852.893, 140
Trd, 4319853.193, 122
Trd, 4319853.693, 115
Trd, 4319853.793, 114
Trd, 4319854.243, 129
Trd, 4319854.893, 132
Trd, 4319855.443, 91
Trd, 4319856.543, 111
Trd, 4319857.343, 138
Trd, 4319858.443, 94
Trd, 4319858.943, 92
Trd, 4319860.543, 125
Trd, 4319860.943, 87
Trd, 4319862.443, 128
Trd, 4319862.943, 126
Trd, 4319863.243, 109
Trd, 4319863.743, 96
Trd, 4319864.093, 82
Trd, 4319865.843, 118
Trd, 4319865.893, 121
Trd, 4319866.243, 121
Trd, 4319867.093, 113
Trd, 4319868.743, 134
Trd, 4319868.793, 119
Trd, 4319869.193, 103
Trd, 4319869.393, 77
Trd, 4319872.043, 140
Trd, 4319872.543, 122
Trd, 4319873.993, 118
Trd, 4319874.743, 120
Trd, 4319875.243, 108
Trd, 4319875.743, 112
Trd, 4319877.193, 121
Trd, 4319878.293, 92
Trd, 4319880.143, 124
Trd, 4319881.743, 135
Trd, 4319881.793, 134
Trd, 4319881.943, 133
Trd, 4319883.593, 128
Trd, 4319884.143, 127
Trd, 4319884.643, 106
Trd, 4319884.693, 100
Trd, 4319884.793, 74
Trd, 4319886.143, 124
Trd, 4319886.293, 123
Trd, 4319887.043, 122
Trd, 4319888.793, 94
Trd, 4319889.243, 123
Trd, 4319890.243, 127
Trd, 4319890.543, 124
Trd, 4319891.143, 115
Trd, 4319891.293, 108
Trd, 4319893.693, 115
Trd, 4319893.843, 115
Trd, 4319894.943, 140
Trd, 4319895.093, 134
Trd, 4319896.393, 118
Trd, 4319896.493, 111
Trd, 4319896.893, 137
Trd, 4319897.643, 101
Trd, 4319897.793, 100
Trd, 4319898.493, 112
Trd, 4319899.093, 108
Trd, 4319899.643, 125
Trd, 4319901.543, 112
Trd, 4319901.743, 113
Trd, 4319902.043, 100
Trd, 4319903.243, 129
Trd, 4319903.393, 121
Trd, 4319903.943, 120
Trd, 4319904.243, 99
Trd, 4319905.593, 102
Trd, 4319906.593, 86
Trd, 4319907.593, 123
Trd, 4319907.993, 140
Trd, 4319908.643, 131
Trd, 4319910.243, 120
Trd, 4319911.493, 117
Trd, 4319912.243, 87
Trd, 4319912.493, 75
Trd, 4319912.693, 89
Trd, 4319912.993, 92
Trd, 4319913.943, 69
Trd, 4319916.143, 138
Trd, 4319916.293, 118
Trd, 4319917.043, 60
Trd, 4319917.343, 66
Trd, 4319919.693, 125
Trd, 4319920.343, 140
Trd, 4319920.443, 140
Trd, 4319920.693, 121
Trd, 4319922.843, 136
Trd, 4319923.193, 111
Trd, 4319923.393, 83
Trd, 4319923.543, 104
Trd, 4319923.993, 112
Trd, 4319925.193, 131
Trd, 4319925.493, 130
Trd, 4319926.893, 136
Trd, 4319929.343, 137
Trd, 4319930.293, 136
Trd, 4319930.343, 113
Trd, 4319932.143, 107
Trd, 4319932.943, 139
Trd, 4319933.443, 122
Trd, 4319934.293, 137
Trd, 4319934.393, 116
Trd, 4319934.993, 87
Trd, 4319935.243, 88
Trd, 4319935.743, 64
Trd, 4319936.843, 90
Trd, 4319938.893, 111
Trd, 4319938.943, 101
Trd, 4319939.093, 113
Trd, 4319939.943, 136
Trd, 4319941.493, 120
Trd, 4319941.743, 112
Trd, 4319943.443, 127
Trd, 4319943.693, 113
Trd, 4319943.743, 112
Trd, 4319945.293, 75
Trd, 4319946.493, 119
Trd, 4319946.593, 89
Trd, 4319948.393, 113
Trd, 4319948.593, 106
Trd, 4319949.843, 137
Trd, 4319950.093, 108
Trd, 4319950.343, 120
Trd, 4319950.793, 119
Trd, 4319951.043, 121
Trd, 4319951.693, 76
Trd, 4319952.693, 134
Trd, 4319953.143, 119
Trd, 4319953.993, 105
Trd, 4319954.243, 99
Trd, 4319954.743, 136
Trd, 4319954.893, 85
Trd, 4319955.393, 62
Trd, 4319956.843, 128
Trd, 4319957.843, 105
Trd, 4319958.343, 108
Trd, 4319958.793, 139
Trd, 4319960.093, 113
Trd, 4319960.443, 92
Trd, 4319962.093, 124
Trd, 4319963.243, 112
Trd, 4319963.643, 117
Trd, 4319963.693, 66
Trd, 4319963.843, 105
Trd, 4319964.093, 114
Trd, 4319965.143, 110
Trd, 4319965.893, 77
Trd, 4319966.593, 123
Trd, 4319969.043, 95
Trd, 4319969.793, 137
Trd, 4319969.893, 82
Trd, 4319972.143, 139
Trd, 4319972.343, 91
Trd, 4319973.193, 116
Trd, 4319973.993, 115
Trd, 4319974.143, 115
Trd, 4319975.393, 99
Trd, 4319976.793, 138
Trd, 4319976.843, 107
Trd, 4319977.893, 83
Trd, 4319978.193, 86
Trd, 4319978.343, 83
Trd, 4319981.543, 137
Trd, 4319982.193, 140
Trd, 4319983.443, 121
Trd, 4319983.743, 132
Trd, 4319984.543, 134
Trd, 4319985.893, 128
Trd, 4319988.093, 140
Trd, 4319988.193, 137
Trd, 4319988.493, 130
Trd, 4319988.543, 122
Trd, 4319990.393, 107
Trd, 4319990.493, 99
Trd, 4319990.793, 112
Trd, 4319992.643, 116
Trd, 4319992.943, 95
Trd, 4319993.293, 109
Trd, 4319993.393, 107
Trd, 4319993.943, 111
Trd, 4319995.443, 121
Trd, 4319995.793, 126
Trd, 4319995.943, 120
Trd, 4319996.443, 115
Trd, 4319996.743, 113
Trd, 4319997.043, 85
Trd, 4319997.693, 97
Trd, 4319999.493, 122
