Trd, 4318098.793, 140
Trd, 4318100.193, 140
Trd, 4318100.393, 140
Trd, 4318100.443, 140
Trd, 4318100.793, 140
Trd, 4318101.293, 140
Trd, 4318102.543, 140
Trd, 4318102.593, 140
Trd, 4318102.743, 140
Trd, 4318105.393, 140
Trd, 4318105.743, 140
Trd, 4318106.643, 140
Trd, 4318107.093, 140
Trd, 4318108.343, 140
Trd, 4318109.243, 140
Trd, 4318110.093, 140
Trd, 4318110.443, 140
Trd, 4318111.093, 140
Trd, 4318111.643, 140
Trd, 4318114.443, 140
Trd, 4318114.743, 140
Trd, 4318115.343, 140
Trd, 4318115.943, 140
Trd, 4318117.393, 136
Trd, 4318117.843, 137
Trd, 4318119.293, 140
Trd, 4318119.843, 140
Trd, 4318120.493, 140
Trd, 4318121.343, 140
Trd, 4318122.443, 140
Trd, 4318123.293, 140
Trd, 4318124.643, 140
Trd, 4318124.693, 139
Trd, 4318124.993, 139
Trd, 4318125.693, 129
Trd, 4318126.093, 81
Trd, 4318126.843, 82
Trd, 4318127.343, 135
Trd, 4318128.093, 136
Trd, 4318128.843, 92
Trd, 4318129.443, 95
Trd, 4318129.543, 93
Trd, 4318131.543, 60
Trd, 4318132.293, 62
Trd, 4318132.643, 61
Trd, 4318133.693, 71
Trd, 4318134.093, 140
Trd, 4318134.293, 64
Trd, 4318134.643, 60
Trd, 4318136.293, 140
Trd, 4318136.643, 140
Trd, 4318137.343, 140
Trd, 4318137.793, 140
Trd, 4318139.643, 140
Trd, 4318139.893, 140
Trd, 4318140.993, 140
Trd, 4318142.043, 140
Trd, 4318144.393, 140
Trd, 4318144.843, 140
Trd, 4318144.993, 140
Trd, 4318145.093, 140
Trd, 4318147.143, 140
Trd, 4318147.543, 140
Trd, 4318147.793, 140
Trd, 4318148.943, 140
Trd, 4318149.543, 140
Trd, 4318150.043, 140
Trd, 4318150.543, 140
Trd, 4318151.543, 140
Trd, 4318152.043, 140
Trd, 4318152.843, 140
Trd, 4318153.593, 140
Trd, 4318154.093, 140
Trd, 4318154.843, 140
Trd, 4318155.943, 140
Trd, 4318156.143, 140
Trd, 4318156.643, 140
Trd, 4318157.093, 140
Trd, 4318158.193, 140
Trd, 4318158.543, 140
Trd, 4318158.893, 140
Trd, 4318159.693, 140
Trd, 4318159.993, 140
Trd, 4318160.093, 140
Trd, 4318160.643, 70
Trd, 4318162.843, 140
Trd, 4318163.743, 140
Trd, 4318163.793, 139
Trd, 4318163.943, 138
Trd, 4318164.943, 102
Trd, 4318164.993, 99
Trd, 4318166.343, 139
Trd, 4318167.693, 61
Trd, 4318167.943, 62
Trd, 4318170.643, 120
Trd, 4318170.693, 119
Trd, 4318171.793, 140
Trd, 4318171.893, 135
Trd, 4318173.143, 140
Trd, 4318173.293, 125
Trd, 4318174.443, 140
Trd, 4318174.543, 140
Trd, 4318174.893, 140
Trd, 4318175.243, 126
Trd, 4318176.943, 140
Trd, 4318176.993, 140
Trd, 4318178.243, 140
Trd, 4318179.493, 140
Trd, 4318179.743, 140
Trd, 4318181.243, 140
Trd, 4318181.543, 139
Trd, 4318182.193, 140
Trd, 4318183.293, 140
Trd, 4318183.793, 127
Trd, 4318183.843, 82
Trd, 4318186.493, 140
Trd, 4318186.843, 100
Trd, 4318188.143, 60
Trd, 4318188.343, 64
Trd, 4318189.343, 60
Trd, 4318189.393, 60
Trd, 4318190.243, 60
Trd, 4318190.743, 60
Trd, 4318190.993, 61
Trd, 4318191.543, 61
Trd, 4318191.693, 61
Trd, 4318191.743, 64
Trd, 4318192.793, 64
Trd, 4318194.193, 140
Trd, 4318194.243, 140
Trd, 4318194.943, 140
Trd, 4318195.643, 139
Trd, 4318196.443, 140
Trd, 4318196.793, 140
Trd, 4318198.493, 140
Trd, 4318198.543, 139
Trd, 4318200.793, 140
Trd, 4318201.043, 140
Trd, 4318201.843, 140
Trd, 4318201.893, 140
Trd, 4318202.293, 139
Trd, 4318203.443, 140
Trd, 4318204.893, 140
Trd, 4318205.693, 140
Trd, 4318206.893, 140
Trd, 4318207.543, 140
Trd, 4318208.043, 140
Trd, 4318208.093, 72
Trd, 4318209.193, 139
Trd, 4318209.343, 106
Trd, 4318209.743, 140
Trd, 4318211.293, 60
Trd, 4318212.293, 62
Trd, 4318213.693, 61
Trd, 4318213.943, 65
Trd, 4318215.093, 140
Trd, 4318215.243, 140
Trd, 4318215.493, 140
Trd, 4318216.793, 140
Trd, 4318217.393, 138
Trd, 4318218.243, 65
Trd, 4318218.943, 61
Trd, 4318219.743, 60
Trd, 4318220.143, 60
Trd, 4318221.393, 60
Trd, 4318221.493, 61
Trd, 4318221.893, 62
Trd, 4318223.243, 63
Trd, 4318223.793, 61
Trd, 4318224.343, 60
Trd, 4318224.543, 60
Trd, 4318224.793, 70
Trd, 4318227.643, 61
Trd, 4318228.743, 60
Trd, 4318230.393, 60
Trd, 4318230.743, 60
Trd, 4318231.093, 60
Trd, 4318231.293, 64
Trd, 4318231.543, 63
Trd, 4318231.693, 64
Trd, 4318232.093, 64
Trd, 4318232.143, 64
Trd, 4318233.493, 140
Trd, 4318234.293, 140
Trd, 4318234.443, 140
Trd, 4318236.393, 140
Trd, 4318236.593, 140
Trd, 4318238.993, 140
Trd, 4318239.243, 140
Trd, 4318240.193, 140
Trd, 4318241.693, 140
Trd, 4318241.893, 140
Trd, 4318242.043, 140
Trd, 4318242.293, 140
Trd, 4318243.243, 140
Trd, 4318243.293, 140
Trd, 4318243.393, 140
Trd, 4318243.443, 118
Trd, 4318244.593, 113
Trd, 4318245.943, 139
Trd, 4318246.343, 138
Trd, 4318247.193, 139
Trd, 4318247.543, 140
Trd, 4318250.193, 140
Trd, 4318250.543, 140
Trd, 4318251.343, 140
Trd, 4318251.493, 140
Trd, 4318251.643, 140
Trd, 4318252.393, 136
Trd, 4318254.943, 140
Trd, 4318255.443, 140
Trd, 4318255.793, 140
Trd, 4318256.293, 140
Trd, 4318258.293, 140
Trd, 4318258.993, 140
Trd, 4318259.543, 140
Trd, 4318261.443, 140
Trd, 4318261.743, 140
Trd, 4318262.143, 140
Trd, 4318263.243, 140
Trd, 4318263.593, 140
Trd, 4318263.743, 140
Trd, 4318263.793, 140
Trd, 4318264.493, 138
Trd, 4318264.893, 138
Trd, 4318265.593, 137
Trd, 4318268.793, 140
Trd, 4318268.893, 140
Trd, 4318270.243, 140
Trd, 4318271.043, 140
Trd, 4318271.843, 140
Trd, 4318272.343, 140
Trd, 4318272.393, 140
Trd, 4318272.493, 140
Trd, 4318272.593, 140
Trd, 4318273.043, 139
Trd, 4318273.243, 136
Trd, 4318274.943, 140
Trd, 4318275.893, 140
Trd, 4318275.943, 140
Trd, 4318276.443, 140
Trd, 4318277.143, 139
Trd, 4318278.443, 140
Trd, 4318279.443, 140
Trd, 4318280.993, 140
Trd, 4318281.443, 140
Trd, 4318281.993, 140
Trd, 4318282.793, 140
Trd, 4318284.993, 140
Trd, 4318285.643, 140
Trd, 4318285.743, 140
Trd, 4318286.143, 140
Trd, 4318286.793, 140
Trd, 4318286.993, 138
Trd, 4318287.793, 140
Trd, 4318288.093, 140
Trd, 4318288.243, 137
Trd, 4318290.393, 60
Trd, 4318291.843, 60
Trd, 4318291.943, 60
Trd, 4318292.093, 60
Trd, 4318292.143, 60
Trd, 4318292.393, 62
Trd, 4318293.543, 66
Trd, 4318294.243, 67
Trd, 4318294.443, 66
Trd, 4318294.493, 77
Trd, 4318295.293, 60
Trd, 4318295.843, 60
Trd, 4318297.343, 60
Trd, 4318297.793, 62
Trd, 4318299.943, 64
Trd, 4318300.493, 60
Trd, 4318301.693, 60
Trd, 4318301.793, 60
Trd, 4318302.643, 63
Trd, 4318304.593, 60
Trd, 4318305.793, 60
Trd, 4318305.893, 60
Trd, 4318306.293, 60
Trd, 4318306.343, 61
Trd, 4318306.843, 61
Trd, 4318306.993, 64
Trd, 4318307.543, 64
Trd, 4318309.093, 65
Trd, 4318309.143, 75
Trd, 4318309.243, 64
Trd, 4318309.343, 62
Trd, 4318310.243, 140
Trd, 4318311.343, 116
Trd, 4318311.593, 115
Trd, 4318312.143, 75
Trd, 4318313.943, 61
Trd, 4318315.943, 140
Trd, 4318317.093, 140
Trd, 4318317.593, 140
Trd, 4318318.443, 140
Trd, 4318318.593, 140
Trd, 4318319.093, 140
Trd, 4318319.793, 140
Trd, 4318321.593, 140
Trd, 4318321.843, 140
Trd, 4318322.543, 140
Trd, 4318323.293, 136
Trd, 4318326.143, 140
Trd, 4318327.493, 140
Trd, 4318327.593, 140
Trd, 4318327.693, 140
Trd, 4318327.743, 140
Trd, 4318329.743, 140
Trd, 4318331.093, 140
Trd, 4318331.643, 140
Trd, 4318332.443, 138
Trd, 4318332.693, 140
Trd, 4318332.993, 140
Trd, 4318333.193, 140
Trd, 4318333.693, 140
Trd, 4318334.043, 140
Trd, 4318336.093, 60
Trd, 4318336.493, 60
Trd, 4318337.643, 60
Trd, 4318337.893, 60
Trd, 4318338.343, 61
Trd, 4318339.243, 60
Trd, 4318340.143, 61
Trd, 4318340.343, 61
Trd, 4318340.543, 62
Trd, 4318341.443, 60
Trd, 4318341.893, 60
Trd, 4318342.043, 61
Trd, 4318343.243, 61
Trd, 4318343.393, 62
Trd, 4318343.443, 65
Trd, 4318343.793, 65
Trd, 4318344.093, 68
Trd, 4318346.193, 60
Trd, 4318348.193, 60
Trd, 4318349.043, 60
Trd, 4318349.943, 60
Trd, 4318349.993, 61
Trd, 4318350.993, 61
Trd, 4318351.293, 61
Trd, 4318351.493, 63
Trd, 4318352.293, 64
Trd, 4318353.443, 63
Trd, 4318353.493, 64
Trd, 4318354.593, 61
Trd, 4318354.843, 62
Trd, 4318354.893, 63
Trd, 4318355.093, 63
Trd, 4318357.793, 62
Trd, 4318360.093, 60
Trd, 4318360.493, 62
Trd, 4318361.093, 62
Trd, 4318361.243, 65
Trd, 4318362.693, 140
Trd, 4318363.393, 140
Trd, 4318363.693, 140
Trd, 4318364.193, 140
Trd, 4318364.693, 140
Trd, 4318365.593, 140
Trd, 4318367.193, 140
Trd, 4318367.993, 140
Trd, 4318368.493, 140
Trd, 4318368.693, 139
Trd, 4318369.693, 140
Trd, 4318370.193, 140
Trd, 4318370.493, 138
Trd, 4318371.043, 129
Trd, 4318372.743, 130
Trd, 4318373.243, 135
Trd, 4318373.943, 135
Trd, 4318374.393, 140
Trd, 4318374.743, 140
Trd, 4318374.993, 138
Trd, 4318377.643, 140
Trd, 4318378.193, 140
Trd, 4318378.693, 140
Trd, 4318379.193, 140
Trd, 4318379.893, 140
Trd, 4318380.243, 140
Trd, 4318382.493, 140
Trd, 4318384.293, 140
Trd, 4318384.493, 140
Trd, 4318384.843, 140
Trd, 4318385.843, 140
Trd, 4318386.343, 140
Trd, 4318387.143, 140
Trd, 4318388.093, 140
Trd, 4318389.843, 140
Trd, 4318389.893, 140
Trd, 4318390.443, 140
Trd, 4318391.643, 140
Trd, 4318391.893, 140
Trd, 4318392.993, 140
Trd, 4318393.743, 140
Trd, 4318393.793, 140
Trd, 4318394.343, 140
Trd, 4318394.843, 135
Trd, 4318394.893, 87
Trd, 4318396.293, 64
Trd, 4318398.143, 122
Trd, 4318398.543, 123
Trd, 4318398.593, 120
Trd, 4318399.043, 125
Trd, 4318400.243, 60
Trd, 4318401.043, 140
Trd, 4318401.193, 140
Trd, 4318401.443, 73
Trd, 4318402.443, 124
Trd, 4318402.693, 124
Trd, 4318403.093, 123
Trd, 4318403.593, 122
Trd, 4318405.293, 140
Trd, 4318406.243, 140
Trd, 4318406.493, 140
Trd, 4318406.643, 135
Trd, 4318409.643, 140
Trd, 4318410.093, 140
Trd, 4318410.143, 140
Trd, 4318410.443, 140
Trd, 4318410.543, 139
Trd, 4318412.293, 139
Trd, 4318412.943, 62
Trd, 4318413.643, 61
Trd, 4318413.943, 71
Trd, 4318415.193, 140
Trd, 4318416.093, 140
Trd, 4318416.843, 140
Trd, 4318417.193, 131
Trd, 4318420.943, 140
Trd, 4318421.443, 140
Trd, 4318422.143, 140
Trd, 4318422.643, 140
Trd, 4318423.993, 140
Trd, 4318424.343, 140
Trd, 4318426.493, 140
Trd, 4318426.693, 140
Trd, 4318427.343, 140
Trd, 4318427.543, 140
Trd, 4318427.693, 138
Trd, 4318428.293, 137
Trd, 4318430.493, 140
Trd, 4318431.193, 140
Trd, 4318431.943, 140
Trd, 4318432.293, 140
Trd, 4318435.043, 140
Trd, 4318435.143, 140
Trd, 4318435.193, 140
Trd, 4318435.793, 140
Trd, 4318435.843, 140
Trd, 4318435.993, 140
Trd, 4318436.043, 103
Trd, 4318436.293, 140
Trd, 4318437.593, 140
Trd, 4318438.043, 66
Trd, 4318439.293, 60
Trd, 4318439.493, 60
Trd, 4318439.893, 61
Trd, 4318441.343, 140
Trd, 4318442.193, 140
Trd, 4318442.293, 140
Trd, 4318443.293, 140
Trd, 4318443.993, 140
Trd, 4318444.293, 140
Trd, 4318445.043, 140
Trd, 4318445.243, 140
Trd, 4318446.243, 140
Trd, 4318446.793, 140
Trd, 4318446.843, 140
Trd, 4318447.243, 140
Trd, 4318447.943, 140
Trd, 4318449.343, 138
Trd, 4318450.593, 140
Trd, 4318450.693, 140
Trd, 4318452.043, 131
Trd, 4318452.593, 138
Trd, 4318454.093, 140
Trd, 4318455.293, 140
Trd, 4318455.743, 140
Trd, 4318456.143, 140
Trd, 4318456.443, 140
Trd, 4318457.143, 140
Trd, 4318457.893, 140
Trd, 4318458.993, 140
Trd, 4318460.043, 140
Trd, 4318461.293, 140
Trd, 4318461.943, 140
Trd, 4318462.693, 140
Trd, 4318464.093, 140
Trd, 4318464.393, 140
Trd, 4318466.043, 140
Trd, 4318467.893, 140
Trd, 4318468.543, 140
Trd, 4318468.993, 140
Trd, 4318470.343, 140
Trd, 4318470.443, 140
Trd, 4318470.593, 140
Trd, 4318470.693, 140
Trd, 4318470.743, 140
Trd, 4318470.943, 140
Trd, 4318471.093, 139
Trd, 4318471.743, 140
Trd, 4318473.743, 60
Trd, 4318473.793, 61
Trd, 4318473.943, 60
Trd, 4318475.343, 60
Trd, 4318476.143, 60
Trd, 4318476.393, 62
Trd, 4318476.943, 60
Trd, 4318477.693, 60
Trd, 4318479.693, 62
Trd, 4318479.943, 72
Trd, 4318480.493, 67
Trd, 4318480.843, 68
Trd, 4318481.893, 63
Trd, 4318481.943, 64
Trd, 4318485.043, 60
Trd, 4318485.793, 60
Trd, 4318486.143, 61
Trd, 4318486.293, 61
Trd, 4318486.493, 61
Trd, 4318487.043, 61
Trd, 4318487.093, 61
Trd, 4318488.843, 70
Trd, 4318489.943, 140
Trd, 4318490.843, 140
Trd, 4318491.493, 61
Trd, 4318492.093, 139
Trd, 4318492.143, 138
Trd, 4318492.943, 140
Trd, 4318494.043, 140
Trd, 4318494.143, 140
Trd, 4318496.343, 140
Trd, 4318496.493, 140
Trd, 4318496.943, 140
Trd, 4318497.293, 139
Trd, 4318498.043, 138
Trd, 4318498.093, 137
Trd, 4318499.043, 138
Trd, 4318499.643, 60
Trd, 4318499.743, 60
Trd, 4318500.693, 60
Trd, 4318502.293, 61
Trd, 4318503.393, 60
Trd, 4318503.843, 60
Trd, 4318504.893, 60
Trd, 4318504.993, 60
Trd, 4318505.143, 60
Trd, 4318505.293, 61
Trd, 4318505.693, 65
Trd, 4318506.893, 140
Trd, 4318506.993, 140
Trd, 4318508.093, 140
Trd, 4318508.593, 140
Trd, 4318509.293, 140
Trd, 4318510.693, 140
Trd, 4318511.443, 140
Trd, 4318512.193, 140
Trd, 4318512.243, 140
Trd, 4318512.943, 137
Trd, 4318514.393, 140
Trd, 4318515.193, 140
Trd, 4318516.093, 140
Trd, 4318516.643, 140
Trd, 4318517.743, 139
Trd, 4318518.093, 140
Trd, 4318518.943, 139
Trd, 4318519.993, 139
Trd, 4318520.043, 73
Trd, 4318521.843, 140
Trd, 4318522.543, 140
Trd, 4318523.443, 140
Trd, 4318524.743, 140
Trd, 4318525.443, 140
Trd, 4318527.543, 140
Trd, 4318527.693, 140
Trd, 4318528.893, 140
Trd, 4318529.293, 140
Trd, 4318531.443, 140
Trd, 4318531.693, 140
Trd, 4318533.193, 140
Trd, 4318533.843, 140
Trd, 4318534.043, 140
Trd, 4318534.443, 140
Trd, 4318534.693, 140
Trd, 4318534.943, 139
Trd, 4318535.093, 139
Trd, 4318535.643, 105
Trd, 4318536.243, 64
Trd, 4318538.393, 71
Trd, 4318539.043, 139
Trd, 4318539.943, 140
Trd, 4318541.093, 140
Trd, 4318541.243, 140
Trd, 4318542.243, 140
Trd, 4318542.293, 139
Trd, 4318542.393, 138
Trd, 4318544.393, 140
Trd, 4318545.543, 140
Trd, 4318546.743, 140
Trd, 4318547.393, 140
Trd, 4318547.543, 140
Trd, 4318547.593, 140
Trd, 4318547.693, 139
Trd, 4318548.343, 140
Trd, 4318548.893, 101
Trd, 4318549.393, 100
Trd, 4318550.943, 140
Trd, 4318551.593, 140
Trd, 4318552.043, 140
Trd, 4318553.193, 140
Trd, 4318554.443, 140
Trd, 4318554.543, 140
Trd, 4318556.893, 140
Trd, 4318557.043, 140
Trd, 4318558.493, 140
Trd, 4318558.943, 140
Trd, 4318559.893, 140
Trd, 4318561.293, 140
Trd, 4318561.493, 140
Trd, 4318561.843, 140
Trd, 4318562.243, 140
Trd, 4318562.393, 139
Trd, 4318562.643, 138
Trd, 4318563.493, 126
Trd, 4318564.043, 122
Trd, 4318565.043, 125
Trd, 4318565.143, 112
Trd, 4318566.793, 60
Trd, 4318566.943, 60
Trd, 4318567.593, 60
Trd, 4318567.693, 61
Trd, 4318568.943, 71
Trd, 4318569.743, 140
Trd, 4318570.343, 140
Trd, 4318571.143, 140
Trd, 4318571.793, 140
Trd, 4318572.243, 140
Trd, 4318573.393, 140
Trd, 4318574.343, 140
Trd, 4318575.793, 140
Trd, 4318576.243, 140
Trd, 4318576.393, 140
Trd, 4318576.993, 140
Trd, 4318577.793, 140
Trd, 4318577.943, 138
Trd, 4318578.343, 110
Trd, 4318579.293, 60
Trd, 4318580.793, 140
Trd, 4318582.443, 140
Trd, 4318582.893, 140
Trd, 4318584.893, 140
Trd, 4318584.993, 140
Trd, 4318585.093, 140
Trd, 4318585.293, 139
Trd, 4318585.343, 138
Trd, 4318586.843, 132
Trd, 4318588.893, 140
Trd, 4318589.593, 140
Trd, 4318590.093, 140
Trd, 4318591.343, 134
Trd, 4318591.943, 99
Trd, 4318592.393, 98
Trd, 4318592.593, 97
Trd, 4318592.643, 135
Trd, 4318593.193, 120
Trd, 4318594.393, 140
Trd, 4318594.693, 62
Trd, 4318596.293, 140
Trd, 4318597.093, 140
Trd, 4318598.343, 140
Trd, 4318599.693, 140
Trd, 4318599.893, 140
Trd, 4318601.243, 140
Trd, 4318602.043, 140
Trd, 4318602.243, 140
Trd, 4318602.543, 140
Trd, 4318603.193, 123
Trd, 4318604.643, 140
Trd, 4318606.393, 140
Trd, 4318606.493, 140
Trd, 4318607.293, 140
Trd, 4318608.743, 140
Trd, 4318608.793, 140
Trd, 4318608.943, 140
Trd, 4318609.243, 140
Trd, 4318610.193, 140
Trd, 4318610.543, 140
Trd, 4318610.843, 139
Trd, 4318611.993, 140
Trd, 4318612.293, 140
Trd, 4318612.843, 140
Trd, 4318616.293, 140
Trd, 4318618.043, 140
Trd, 4318618.443, 140
Trd, 4318618.543, 140
Trd, 4318618.893, 140
Trd, 4318618.993, 140
Trd, 4318619.193, 140
Trd, 4318619.843, 139
Trd, 4318621.743, 140
Trd, 4318622.693, 140
Trd, 4318624.393, 140
Trd, 4318625.093, 140
Trd, 4318625.543, 140
Trd, 4318626.843, 140
Trd, 4318627.093, 140
Trd, 4318627.143, 140
Trd, 4318630.193, 140
Trd, 4318630.293, 140
Trd, 4318630.343, 140
Trd, 4318631.243, 140
Trd, 4318631.793, 140
Trd, 4318632.493, 139
Trd, 4318633.543, 140
Trd, 4318633.743, 139
Trd, 4318634.843, 138
Trd, 4318635.043, 93
Trd, 4318635.093, 87
Trd, 4318635.243, 139
Trd, 4318635.343, 85
Trd, 4318636.493, 64
Trd, 4318638.443, 137
Trd, 4318639.343, 138
Trd, 4318639.543, 107
Trd, 4318640.743, 140
Trd, 4318641.043, 95
Trd, 4318641.843, 96
Trd, 4318641.993, 95
Trd, 4318642.443, 135
Trd, 4318643.593, 136
Trd, 4318644.943, 60
Trd, 4318645.093, 62
Trd, 4318645.743, 62
Trd, 4318647.593, 60
Trd, 4318647.993, 60
Trd, 4318648.093, 61
Trd, 4318648.793, 61
Trd, 4318649.293, 62
Trd, 4318649.593, 61
Trd, 4318650.143, 61
Trd, 4318650.893, 66
Trd, 4318651.043, 66
Trd, 4318651.743, 68
Trd, 4318652.293, 133
Trd, 4318653.143, 83
Trd, 4318653.543, 68
Trd, 4318653.843, 67
Trd, 4318654.043, 65
Trd, 4318657.543, 135
Trd, 4318657.593, 134
Trd, 4318658.643, 64
Trd, 4318658.793, 62
Trd, 4318659.593, 60
Trd, 4318659.843, 60
Trd, 4318661.493, 60
Trd, 4318661.893, 69
Trd, 4318662.443, 60
Trd, 4318663.393, 64
Trd, 4318663.643, 64
Trd, 4318663.893, 63
Trd, 4318664.393, 63
Trd, 4318664.943, 60
Trd, 4318666.193, 60
Trd, 4318668.343, 60
Trd, 4318668.943, 60
Trd, 4318669.043, 60
Trd, 4318671.643, 60
Trd, 4318671.993, 60
Trd, 4318672.093, 61
Trd, 4318674.243, 60
Trd, 4318674.793, 60
Trd, 4318675.143, 60
Trd, 4318675.293, 60
Trd, 4318675.543, 60
Trd, 4318675.843, 60
Trd, 4318676.143, 71
Trd, 4318676.293, 61
Trd, 4318676.493, 62
Trd, 4318676.743, 63
Trd, 4318677.093, 74
Trd, 4318680.093, 61
Trd, 4318680.293, 61
Trd, 4318682.993, 60
Trd, 4318683.993, 60
Trd, 4318684.343, 60
Trd, 4318684.643, 63
Trd, 4318686.293, 60
Trd, 4318686.543, 60
Trd, 4318686.843, 61
Trd, 4318687.193, 65
Trd, 4318688.093, 61
Trd, 4318688.543, 61
Trd, 4318689.193, 62
Trd, 4318690.193, 63
Trd, 4318690.543, 61
Trd, 4318692.243, 61
Trd, 4318692.593, 63
Trd, 4318693.343, 63
Trd, 4318694.093, 68
Trd, 4318694.243, 69
Trd, 4318694.693, 67
Trd, 4318694.843, 70
Trd, 4318694.993, 65
Trd, 4318695.343, 65
Trd, 4318697.743, 60
Trd, 4318697.843, 61
Trd, 4318699.943, 60
Trd, 4318699.993, 60
Trd, 4318700.643, 60
Trd, 4318700.743, 61
Trd, 4318701.243, 70
Trd, 4318703.643, 60
Trd, 4318703.743, 60
Trd, 4318704.593, 60
Trd, 4318705.093, 60
Trd, 4318705.293, 60
Trd, 4318705.393, 60
Trd, 4318705.543, 60
Trd, 4318706.193, 62
Trd, 4318706.693, 66
Trd, 4318707.543, 66
Trd, 4318707.743, 64
Trd, 4318708.843, 140
Trd, 4318709.143, 140
Trd, 4318710.593, 140
Trd, 4318710.993, 140
Trd, 4318711.243, 62
Trd, 4318712.343, 60
Trd, 4318712.493, 67
Trd, 4318714.143, 63
Trd, 4318715.893, 60
Trd, 4318715.993, 60
Trd, 4318716.543, 60
Trd, 4318717.093, 62
Trd, 4318717.493, 61
Trd, 4318717.693, 61
Trd, 4318718.093, 61
Trd, 4318718.893, 62
Trd, 4318720.593, 60
Trd, 4318720.643, 60
Trd, 4318721.293, 62
Trd, 4318722.093, 62
Trd, 4318722.893, 65
Trd, 4318725.493, 60
Trd, 4318725.893, 60
Trd, 4318726.243, 60
Trd, 4318728.593, 62
Trd, 4318728.843, 62
Trd, 4318729.543, 62
Trd, 4318730.243, 60
Trd, 4318731.493, 60
Trd, 4318731.693, 60
Trd, 4318732.343, 63
Trd, 4318732.543, 61
Trd, 4318732.643, 63
Trd, 4318733.243, 64
Trd, 4318733.643, 139
Trd, 4318733.893, 64
Trd, 4318735.543, 60
Trd, 4318736.843, 60
Trd, 4318737.393, 60
Trd, 4318738.043, 61
Trd, 4318739.743, 60
Trd, 4318741.293, 60
Trd, 4318741.993, 60
Trd, 4318742.543, 62
Trd, 4318742.743, 60
Trd, 4318743.343, 62
Trd, 4318743.593, 63
Trd, 4318743.843, 62
Trd, 4318743.893, 82
Trd, 4318745.243, 61
Trd, 4318745.893, 69
Trd, 4318746.643, 62
Trd, 4318749.293, 60
Trd, 4318750.193, 60
Trd, 4318751.493, 60
Trd, 4318751.743, 60
Trd, 4318752.193, 60
Trd, 4318752.893, 60
Trd, 4318753.293, 60
Trd, 4318753.543, 62
Trd, 4318753.593, 60
Trd, 4318753.693, 60
Trd, 4318755.493, 62
Trd, 4318755.693, 61
Trd, 4318755.843, 63
Trd, 4318756.093, 135
Trd, 4318756.443, 62
Trd, 4318757.493, 65
Trd, 4318758.043, 67
Trd, 4318758.743, 117
Trd, 4318760.843, 140
Trd, 4318761.243, 140
Trd, 4318761.793, 140
Trd, 4318763.343, 140
Trd, 4318763.593, 140
Trd, 4318763.643, 140
Trd, 4318764.093, 140
Trd, 4318764.293, 140
Trd, 4318765.193, 60
Trd, 4318765.393, 60
Trd, 4318766.093, 60
Trd, 4318767.493, 60
Trd, 4318767.543, 62
Trd, 4318768.193, 63
Trd, 4318769.893, 60
Trd, 4318770.443, 60
Trd, 4318771.293, 60
Trd, 4318772.793, 60
Trd, 4318774.293, 60
Trd, 4318774.493, 60
Trd, 4318774.943, 61
Trd, 4318775.293, 60
Trd, 4318775.643, 63
Trd, 4318776.543, 64
Trd, 4318777.393, 62
Trd, 4318777.693, 64
Trd, 4318777.893, 63
Trd, 4318780.243, 140
Trd, 4318780.893, 140
Trd, 4318781.243, 140
Trd, 4318781.543, 140
Trd, 4318781.693, 140
Trd, 4318782.893, 140
Trd, 4318783.393, 140
Trd, 4318785.093, 140
Trd, 4318785.943, 140
Trd, 4318786.193, 140
Trd, 4318786.643, 140
Trd, 4318787.893, 140
Trd, 4318788.943, 140
Trd, 4318789.193, 140
Trd, 4318789.543, 140
Trd, 4318789.943, 140
Trd, 4318790.093, 140
Trd, 4318791.593, 140
Trd, 4318791.893, 140
Trd, 4318793.093, 140
Trd, 4318793.843, 140
Trd, 4318794.043, 140
Trd, 4318795.093, 140
Trd, 4318797.493, 140
Trd, 4318798.593, 140
Trd, 4318799.743, 140
Trd, 4318799.943, 140
Trd, 4318800.743, 140
Trd, 4318800.793, 140
Trd, 4318800.943, 140
Trd, 4318804.043, 140
Trd, 4318804.493, 140
Trd, 4318804.993, 140
Trd, 4318805.743, 140
Trd, 4318805.843, 140
Trd, 4318807.743, 140
Trd, 4318808.243, 140
Trd, 4318809.343, 140
Trd, 4318810.243, 140
Trd, 4318811.643, 140
Trd, 4318811.843, 140
Trd, 4318811.993, 140
Trd, 4318814.093, 140
Trd, 4318815.043, 140
Trd, 4318815.793, 140
Trd, 4318815.993, 140
Trd, 4318816.643, 140
Trd, 4318816.893, 140
Trd, 4318817.293, 140
Trd, 4318817.593, 137
Trd, 4318818.993, 135
Trd, 4318819.943, 139
Trd, 4318820.243, 135
Trd, 4318820.593, 139
Trd, 4318821.243, 128
Trd, 4318822.343, 127
Trd, 4318823.243, 139
Trd, 4318823.693, 138
Trd, 4318824.193, 136
Trd, 4318824.743, 140
Trd, 4318825.643, 140
Trd, 4318826.943, 140
Trd, 4318827.743, 140
Trd, 4318828.643, 140
Trd, 4318828.993, 140
Trd, 4318830.293, 136
Trd, 4318830.543, 140
Trd, 4318830.843, 120
Trd, 4318831.643, 140
Trd, 4318831.693, 140
Trd, 4318833.093, 128
Trd, 4318833.443, 118
Trd, 4318834.393, 139
Trd, 4318835.243, 140
Trd, 4318837.443, 140
Trd, 4318837.993, 140
Trd, 4318838.343, 140
Trd, 4318838.843, 140
Trd, 4318839.443, 138
Trd, 4318839.593, 138
Trd, 4318839.893, 138
Trd, 4318840.693, 74
Trd, 4318841.343, 80
Trd, 4318842.843, 140
Trd, 4318844.393, 140
Trd, 4318844.993, 140
Trd, 4318845.143, 140
Trd, 4318846.993, 140
Trd, 4318847.193, 140
Trd, 4318848.243, 140
Trd, 4318848.293, 140
Trd, 4318849.143, 140
Trd, 4318850.893, 140
Trd, 4318851.893, 140
Trd, 4318852.493, 140
Trd, 4318852.593, 139
Trd, 4318854.743, 140
Trd, 4318854.893, 140
Trd, 4318855.743, 140
Trd, 4318856.193, 140
Trd, 4318856.893, 140
Trd, 4318857.143, 140
Trd, 4318857.443, 140
Trd, 4318857.543, 140
Trd, 4318858.493, 140
Trd, 4318858.543, 139
Trd, 4318859.043, 140
Trd, 4318859.893, 137
Trd, 4318860.093, 137
Trd, 4318861.943, 140
Trd, 4318862.043, 136
Trd, 4318862.843, 140
Trd, 4318865.393, 140
Trd, 4318865.643, 140
Trd, 4318865.843, 140
Trd, 4318865.993, 140
Trd, 4318866.893, 137
Trd, 4318867.043, 136
Trd, 4318868.493, 140
Trd, 4318869.693, 140
Trd, 4318870.843, 140
Trd, 4318871.243, 140
Trd, 4318871.493, 140
Trd, 4318872.693, 140
Trd, 4318873.743, 140
Trd, 4318873.843, 140
Trd, 4318874.193, 140
Trd, 4318874.493, 133
Trd, 4318875.743, 139
Trd, 4318876.793, 140
Trd, 4318876.943, 140
Trd, 4318877.243, 140
Trd, 4318877.993, 140
Trd, 4318878.543, 140
Trd, 4318878.993, 140
Trd, 4318880.793, 140
Trd, 4318881.243, 140
Trd, 4318881.793, 140
Trd, 4318883.193, 140
Trd, 4318883.843, 140
Trd, 4318885.343, 140
Trd, 4318886.193, 140
Trd, 4318886.443, 139
Trd, 4318887.743, 140
Trd, 4318888.243, 140
Trd, 4318888.743, 140
Trd, 4318889.043, 140
Trd, 4318889.493, 71
Trd, 4318889.893, 140
Trd, 4318889.943, 140
Trd, 4318890.293, 140
Trd, 4318891.043, 74
Trd, 4318892.343, 138
Trd, 4318893.593, 140
Trd, 4318893.993, 138
Trd, 4318896.943, 140
Trd, 4318897.593, 140
Trd, 4318897.843, 140
Trd, 4318898.393, 140
Trd, 4318898.543, 83
Trd, 4318899.843, 140
Trd, 4318900.493, 140
Trd, 4318901.593, 140
Trd, 4318901.893, 140
Trd, 4318902.293, 140
Trd, 4318902.393, 140
Trd, 4318903.143, 140
Trd, 4318904.293, 139
Trd, 4318904.793, 139
Trd, 4318905.593, 138
Trd, 4318906.893, 140
Trd, 4318907.893, 140
Trd, 4318909.843, 140
Trd, 4318909.893, 140
Trd, 4318910.843, 140
Trd, 4318911.493, 140
Trd, 4318913.543, 140
Trd, 4318914.943, 140
Trd, 4318915.193, 140
Trd, 4318916.843, 140
Trd, 4318917.143, 140
Trd, 4318918.193, 140
Trd, 4318918.493, 140
Trd, 4318918.593, 140
Trd, 4318918.793, 103
Trd, 4318920.143, 140
Trd, 4318920.243, 140
Trd, 4318920.293, 140
Trd, 4318920.843, 98
Trd, 4318922.643, 65
Trd, 4318922.943, 65
Trd, 4318923.093, 65
Trd, 4318923.743, 66
Trd, 4318925.193, 77
Trd, 4318926.093, 78
Trd, 4318926.843, 139
Trd, 4318926.943, 138
Trd, 4318929.143, 140
Trd, 4318929.493, 137
Trd, 4318929.543, 136
Trd, 4318929.593, 135
Trd, 4318930.543, 102
Trd, 4318930.943, 120
Trd, 4318931.993, 101
Trd, 4318932.993, 112
Trd, 4318933.293, 106
Trd, 4318933.743, 106
Trd, 4318934.343, 107
Trd, 4318934.643, 111
Trd, 4318934.843, 107
Trd, 4318936.093, 107
Trd, 4318936.443, 109
Trd, 4318936.693, 109
Trd, 4318937.093, 109
Trd, 4318937.293, 110
Trd, 4318939.343, 60
Trd, 4318939.843, 60
Trd, 4318940.943, 60
Trd, 4318942.843, 60
Trd, 4318943.143, 60
Trd, 4318943.193, 60
Trd, 4318943.393, 60
Trd, 4318945.893, 60
Trd, 4318946.293, 60
Trd, 4318946.493, 61
Trd, 4318947.293, 62
Trd, 4318948.343, 64
Trd, 4318949.043, 67
Trd, 4318949.343, 66
Trd, 4318950.943, 61
Trd, 4318951.493, 61
Trd, 4318952.093, 61
Trd, 4318953.243, 60
Trd, 4318953.943, 60
Trd, 4318955.093, 60
Trd, 4318955.793, 60
Trd, 4318955.843, 61
Trd, 4318956.093, 61
Trd, 4318956.193, 64
Trd, 4318957.193, 140
Trd, 4318957.643, 140
Trd, 4318958.243, 140
Trd, 4318959.193, 139
Trd, 4318959.293, 131
Trd, 4318959.543, 66
Trd, 4318962.093, 140
Trd, 4318963.043, 140
Trd, 4318964.593, 140
Trd, 4318965.193, 140
Trd, 4318965.743, 140
Trd, 4318965.793, 140
Trd, 4318966.293, 140
Trd, 4318966.493, 135
Trd, 4318967.793, 139
Trd, 4318968.093, 138
Trd, 4318968.443, 139
Trd, 4318968.893, 140
Trd, 4318969.993, 139
Trd, 4318970.043, 138
Trd, 4318971.093, 129
Trd, 4318971.243, 110
Trd, 4318972.343, 127
Trd, 4318972.793, 62
Trd, 4318975.843, 60
Trd, 4318976.893, 60
Trd, 4318976.943, 60
Trd, 4318976.993, 61
Trd, 4318977.343, 61
Trd, 4318977.793, 62
Trd, 4318979.443, 60
Trd, 4318981.393, 62
Trd, 4318981.443, 66
Trd, 4318983.393, 60
Trd, 4318984.293, 60
Trd, 4318984.443, 61
Trd, 4318985.043, 60
Trd, 4318985.343, 62
Trd, 4318985.693, 62
Trd, 4318986.293, 64
Trd, 4318986.543, 67
Trd, 4318986.943, 68
Trd, 4318987.243, 69
Trd, 4318987.543, 70
Trd, 4318989.093, 140
Trd, 4318989.893, 140
Trd, 4318989.943, 137
Trd, 4318990.793, 117
Trd, 4318990.893, 116
Trd, 4318992.443, 140
Trd, 4318994.593, 140
Trd, 4318994.893, 140
Trd, 4318995.293, 140
Trd, 4318995.493, 139
Trd, 4318996.043, 132
Trd, 4318996.093, 115
Trd, 4318998.193, 140
Trd, 4318998.943, 140
Trd, 4318999.143, 140
Trd, 4319000.443, 140
Trd, 4319000.893, 140
Trd, 4319002.693, 140
Trd, 4319002.743, 140
Trd, 4319003.193, 140
Trd, 4319003.343, 137
Trd, 4319004.793, 140
Trd, 4319005.293, 140
Trd, 4319005.593, 140
Trd, 4319005.643, 140
Trd, 4319006.843, 140
Trd, 4319007.543, 140
Trd, 4319008.893, 140
Trd, 4319009.843, 140
Trd, 4319009.943, 140
Trd, 4319011.643, 140
Trd, 4319011.943, 140
Trd, 4319012.293, 140
Trd, 4319013.193, 111
Trd, 4319015.343, 140
Trd, 4319015.393, 140
Trd, 4319015.793, 140
Trd, 4319016.493, 140
Trd, 4319016.793, 140
Trd, 4319017.543, 140
Trd, 4319017.893, 140
Trd, 4319017.943, 140
Trd, 4319018.243, 60
Trd, 4319019.293, 140
Trd, 4319020.943, 140
Trd, 4319021.243, 90
Trd, 4319021.643, 90
Trd, 4319024.143, 137
Trd, 4319024.793, 83
Trd, 4319025.443, 137
Trd, 4319026.443, 140
Trd, 4319026.593, 140
Trd, 4319026.743, 140
Trd, 4319026.993, 140
Trd, 4319028.093, 140
Trd, 4319028.443, 140
Trd, 4319028.993, 140
Trd, 4319029.893, 139
Trd, 4319030.743, 140
Trd, 4319032.093, 140
Trd, 4319032.243, 140
Trd, 4319034.793, 140
Trd, 4319034.893, 140
Trd, 4319035.043, 140
Trd, 4319037.893, 140
Trd, 4319038.243, 140
Trd, 4319038.543, 140
Trd, 4319038.993, 140
Trd, 4319039.243, 140
Trd, 4319039.493, 140
Trd, 4319040.343, 140
Trd, 4319040.643, 140
Trd, 4319040.693, 140
Trd, 4319042.243, 140
Trd, 4319043.343, 140
Trd, 4319043.543, 140
Trd, 4319043.943, 140
Trd, 4319044.193, 139
Trd, 4319044.893, 139
Trd, 4319045.493, 140
Trd, 4319046.243, 121
Trd, 4319046.743, 120
Trd, 4319046.993, 133
Trd, 4319047.293, 133
Trd, 4319048.093, 140
Trd, 4319048.543, 69
Trd, 4319050.893, 104
Trd, 4319051.343, 140
Trd, 4319051.843, 140
Trd, 4319052.743, 140
Trd, 4319053.543, 140
Trd, 4319053.593, 140
Trd, 4319053.793, 140
Trd, 4319053.993, 92
Trd, 4319054.143, 88
Trd, 4319055.793, 60
Trd, 4319057.493, 140
Trd, 4319058.943, 140
Trd, 4319059.293, 140
Trd, 4319059.343, 140
Trd, 4319060.243, 140
Trd, 4319060.793, 140
Trd, 4319061.443, 140
Trd, 4319062.293, 140
Trd, 4319064.393, 140
Trd, 4319065.293, 140
Trd, 4319065.493, 140
Trd, 4319065.693, 140
Trd, 4319068.443, 140
Trd, 4319069.793, 140
Trd, 4319070.043, 140
Trd, 4319070.393, 140
Trd, 4319070.893, 140
Trd, 4319071.343, 140
Trd, 4319072.743, 140
Trd, 4319072.793, 140
Trd, 4319073.343, 140
Trd, 4319075.193, 140
Trd, 4319076.743, 140
Trd, 4319077.493, 140
Trd, 4319077.593, 140
Trd, 4319078.043, 140
Trd, 4319079.593, 140
Trd, 4319079.743, 140
Trd, 4319080.993, 140
Trd, 4319081.143, 138
Trd, 4319081.393, 139
Trd, 4319081.593, 128
Trd, 4319083.343, 94
Trd, 4319084.393, 140
Trd, 4319085.093, 140
Trd, 4319085.443, 140
Trd, 4319086.343, 140
Trd, 4319088.293, 140
Trd, 4319089.093, 140
Trd, 4319089.193, 139
Trd, 4319091.393, 140
Trd, 4319091.593, 140
Trd, 4319092.293, 140
Trd, 4319093.993, 140
Trd, 4319094.093, 140
Trd, 4319094.143, 137
Trd, 4319095.493, 140
Trd, 4319096.793, 140
Trd, 4319097.393, 140
Trd, 4319099.393, 140
Trd, 4319101.843, 140
Trd, 4319101.993, 140
Trd, 4319102.993, 140
Trd, 4319103.393, 140
Trd, 4319104.643, 140
Trd, 4319105.443, 140
Trd, 4319105.743, 139
Trd, 4319105.893, 136
Trd, 4319106.093, 135
Trd, 4319107.793, 121
Trd, 4319108.993, 123
Trd, 4319109.293, 67
Trd, 4319110.243, 60
Trd, 4319110.643, 60
Trd, 4319111.993, 60
Trd, 4319112.093, 60
Trd, 4319112.593, 60
Trd, 4319113.993, 60
Trd, 4319114.043, 60
Trd, 4319114.193, 60
Trd, 4319114.843, 62
Trd, 4319116.243, 60
Trd, 4319116.293, 60
Trd, 4319116.393, 60
Trd, 4319118.393, 61
Trd, 4319118.493, 62
Trd, 4319118.843, 60
Trd, 4319121.393, 60
Trd, 4319122.693, 60
Trd, 4319122.743, 60
Trd, 4319122.793, 63
Trd, 4319123.543, 63
Trd, 4319124.243, 60
Trd, 4319124.443, 61
Trd, 4319124.693, 63
Trd, 4319125.143, 60
Trd, 4319125.793, 61
Trd, 4319126.543, 60
Trd, 4319127.093, 62
Trd, 4319128.493, 60
Trd, 4319129.293, 60
Trd, 4319129.693, 60
Trd, 4319129.943, 62
Trd, 4319131.543, 61
Trd, 4319132.293, 60
Trd, 4319135.943, 60
Trd, 4319136.193, 60
Trd, 4319136.343, 60
Trd, 4319136.643, 63
Trd, 4319136.793, 61
Trd, 4319136.893, 66
Trd, 4319138.293, 60
Trd, 4319138.443, 61
Trd, 4319139.293, 62
Trd, 4319140.243, 64
Trd, 4319140.743, 65
Trd, 4319141.343, 66
Trd, 4319142.393, 66
Trd, 4319143.243, 68
Trd, 4319143.543, 72
Trd, 4319143.993, 78
Trd, 4319144.643, 120
Trd, 4319146.343, 140
Trd, 4319146.793, 140
Trd, 4319147.943, 140
Trd, 4319148.043, 140
Trd, 4319148.293, 140
Trd, 4319149.393, 140
Trd, 4319149.543, 139
Trd, 4319150.293, 133
Trd, 4319152.093, 140
Trd, 4319152.743, 140
Trd, 4319153.743, 140
Trd, 4319155.243, 140
Trd, 4319155.493, 140
Trd, 4319155.843, 140
Trd, 4319156.943, 140
Trd, 4319157.293, 140
Trd, 4319157.693, 140
Trd, 4319158.593, 139
Trd, 4319159.693, 140
Trd, 4319160.143, 140
Trd, 4319160.543, 138
Trd, 4319160.793, 138
Trd, 4319161.293, 140
Trd, 4319161.343, 93
Trd, 4319162.793, 72
Trd, 4319163.993, 140
Trd, 4319165.043, 140
Trd, 4319165.293, 138
Trd, 4319165.793, 138
Trd, 4319166.543, 140
Trd, 4319168.043, 140
Trd, 4319169.693, 140
Trd, 4319169.893, 140
Trd, 4319170.643, 140
Trd, 4319172.793, 140
Trd, 4319172.893, 140
Trd, 4319174.293, 140
Trd, 4319174.743, 140
Trd, 4319175.543, 140
Trd, 4319176.043, 140
Trd, 4319177.143, 140
Trd, 4319177.293, 140
Trd, 4319177.793, 140
Trd, 4319177.943, 140
Trd, 4319178.043, 140
Trd, 4319178.493, 135
Trd, 4319178.643, 137
Trd, 4319179.393, 133
Trd, 4319179.693, 139
Trd, 4319181.743, 139
Trd, 4319181.843, 122
Trd, 4319182.393, 119
Trd, 4319183.493, 140
Trd, 4319184.993, 140
Trd, 4319185.093, 138
Trd, 4319185.343, 123
Trd, 4319186.543, 126
Trd, 4319188.393, 140
Trd, 4319188.543, 140
Trd, 4319189.043, 109
Trd, 4319189.643, 104
Trd, 4319191.693, 140
Trd, 4319192.193, 140
Trd, 4319192.943, 140
Trd, 4319193.143, 140
Trd, 4319193.243, 140
Trd, 4319193.543, 140
Trd, 4319194.093, 140
Trd, 4319194.493, 139
Trd, 4319194.943, 139
Trd, 4319195.043, 123
Trd, 4319195.293, 139
Trd, 4319197.443, 60
Trd, 4319197.993, 63
Trd, 4319198.543, 63
Trd, 4319198.593, 62
Trd, 4319198.843, 63
Trd, 4319199.693, 63
Trd, 4319201.193, 140
Trd, 4319201.293, 140
Trd, 4319201.743, 140
Trd, 4319202.593, 140
Trd, 4319202.843, 140
Trd, 4319204.343, 140
Trd, 4319205.943, 138
Trd, 4319207.743, 140
Trd, 4319207.793, 140
Trd, 4319208.493, 140
Trd, 4319208.743, 138
Trd, 4319208.843, 118
Trd, 4319208.943, 110
Trd, 4319209.843, 139
Trd, 4319211.143, 130
Trd, 4319211.643, 129
Trd, 4319212.093, 128
Trd, 4319212.443, 130
Trd, 4319212.693, 122
Trd, 4319213.643, 122
Trd, 4319213.893, 131
Trd, 4319214.093, 121
Trd, 4319216.193, 140
Trd, 4319216.643, 88
Trd, 4319218.693, 140
Trd, 4319219.343, 140
Trd, 4319220.143, 140
Trd, 4319220.493, 140
Trd, 4319220.693, 140
Trd, 4319222.493, 140
Trd, 4319222.943, 140
Trd, 4319223.893, 140
Trd, 4319224.343, 140
Trd, 4319224.393, 140
Trd, 4319225.293, 140
Trd, 4319227.593, 140
Trd, 4319227.893, 140
Trd, 4319228.443, 140
Trd, 4319230.093, 140
Trd, 4319230.143, 140
Trd, 4319230.693, 140
Trd, 4319231.343, 140
Trd, 4319231.943, 140
Trd, 4319232.493, 134
Trd, 4319232.943, 133
Trd, 4319233.643, 76
Trd, 4319236.143, 88
Trd, 4319236.293, 89
Trd, 4319236.343, 86
Trd, 4319236.593, 105
Trd, 4319237.793, 140
Trd, 4319238.793, 140
Trd, 4319239.543, 140
Trd, 4319240.643, 140
Trd, 4319241.543, 139
Trd, 4319243.243, 139
Trd, 4319244.193, 140
Trd, 4319244.393, 140
Trd, 4319245.143, 140
Trd, 4319245.543, 140
Trd, 4319245.993, 139
Trd, 4319246.093, 139
Trd, 4319247.193, 140
Trd, 4319247.243, 139
Trd, 4319248.943, 140
Trd, 4319250.293, 140
Trd, 4319250.793, 125
Trd, 4319251.193, 140
Trd, 4319252.843, 140
Trd, 4319253.843, 140
Trd, 4319255.593, 140
Trd, 4319256.393, 140
Trd, 4319256.593, 140
Trd, 4319256.843, 140
Trd, 4319257.543, 140
Trd, 4319260.793, 140
Trd, 4319260.943, 140
Trd, 4319261.693, 140
Trd, 4319262.443, 140
Trd, 4319264.743, 140
Trd, 4319265.143, 140
Trd, 4319266.093, 140
Trd, 4319266.543, 140
Trd, 4319266.643, 140
Trd, 4319266.843, 140
Trd, 4319267.643, 139
Trd, 4319268.543, 138
Trd, 4319269.893, 140
Trd, 4319270.293, 138
Trd, 4319270.793, 140
Trd, 4319271.693, 140
Trd, 4319272.543, 140
Trd, 4319272.743, 140
Trd, 4319272.843, 140
Trd, 4319274.893, 140
Trd, 4319275.893, 140
Trd, 4319276.343, 140
Trd, 4319276.743, 140
Trd, 4319277.543, 140
Trd, 4319278.393, 140
Trd, 4319279.193, 140
Trd, 4319279.793, 140
Trd, 4319280.593, 140
Trd, 4319281.643, 140
Trd, 4319282.593, 140
Trd, 4319283.443, 140
Trd, 4319285.243, 140
Trd, 4319285.593, 140
Trd, 4319286.493, 140
Trd, 4319286.993, 140
Trd, 4319287.143, 140
Trd, 4319287.643, 140
Trd, 4319287.993, 139
Trd, 4319288.243, 74
Trd, 4319288.543, 140
Trd, 4319290.043, 140
Trd, 4319290.793, 140
Trd, 4319290.943, 140
Trd, 4319291.643, 140
Trd, 4319292.743, 140
Trd, 4319292.793, 140
Trd, 4319293.143, 139
Trd, 4319293.893, 63
Trd, 4319295.043, 60
Trd, 4319295.993, 62
Trd, 4319296.243, 63
Trd, 4319297.243, 61
Trd, 4319298.793, 60
Trd, 4319300.943, 60
Trd, 4319301.093, 60
Trd, 4319302.843, 60
Trd, 4319303.143, 60
Trd, 4319304.643, 60
Trd, 4319305.393, 60
Trd, 4319305.643, 63
Trd, 4319306.043, 62
Trd, 4319306.393, 61
Trd, 4319306.793, 67
Trd, 4319307.893, 62
Trd, 4319308.093, 63
Trd, 4319308.293, 91
Trd, 4319310.393, 116
Trd, 4319310.493, 114
Trd, 4319310.793, 75
Trd, 4319311.893, 140
Trd, 4319311.943, 140
Trd, 4319312.143, 140
Trd, 4319312.793, 140
Trd, 4319313.143, 139
Trd, 4319314.193, 127
Trd, 4319316.493, 140
Trd, 4319316.743, 140
Trd, 4319317.693, 140
Trd, 4319318.043, 140
Trd, 4319318.493, 140
Trd, 4319318.843, 140
Trd, 4319318.993, 138
Trd, 4319319.193, 137
Trd, 4319319.943, 140
Trd, 4319320.493, 137
Trd, 4319321.343, 133
Trd, 4319321.393, 72
Trd, 4319324.143, 140
Trd, 4319325.543, 140
Trd, 4319325.943, 140
Trd, 4319326.593, 140
Trd, 4319327.193, 140
Trd, 4319328.443, 140
Trd, 4319328.993, 140
Trd, 4319329.743, 140
Trd, 4319330.343, 120
Trd, 4319331.293, 140
Trd, 4319331.743, 140
Trd, 4319331.893, 140
Trd, 4319333.293, 71
Trd, 4319334.443, 60
Trd, 4319334.793, 60
Trd, 4319335.143, 60
Trd, 4319335.793, 64
Trd, 4319337.593, 62
Trd, 4319337.793, 63
Trd, 4319337.893, 62
Trd, 4319338.243, 63
Trd, 4319338.693, 63
Trd, 4319339.243, 65
Trd, 4319340.443, 140
Trd, 4319341.343, 69
Trd, 4319342.143, 140
Trd, 4319343.943, 140
Trd, 4319344.143, 140
Trd, 4319344.893, 140
Trd, 4319346.343, 140
Trd, 4319346.593, 140
Trd, 4319347.493, 140
Trd, 4319348.543, 140
Trd, 4319348.743, 140
Trd, 4319348.893, 140
Trd, 4319349.743, 140
Trd, 4319350.093, 139
Trd, 4319350.193, 118
Trd, 4319351.443, 140
Trd, 4319352.743, 139
Trd, 4319354.893, 140
Trd, 4319355.143, 140
Trd, 4319356.093, 140
Trd, 4319356.343, 140
Trd, 4319356.593, 140
Trd, 4319356.943, 140
Trd, 4319359.543, 140
Trd, 4319359.993, 140
Trd, 4319360.293, 140
Trd, 4319360.893, 140
Trd, 4319361.393, 140
Trd, 4319361.743, 139
Trd, 4319362.193, 139
Trd, 4319362.843, 140
Trd, 4319364.393, 140
Trd, 4319364.593, 140
Trd, 4319364.993, 140
Trd, 4319365.793, 140
Trd, 4319367.993, 140
Trd, 4319368.043, 140
Trd, 4319368.593, 138
Trd, 4319368.893, 99
Trd, 4319369.593, 105
Trd, 4319369.993, 139
Trd, 4319370.393, 86
Trd, 4319370.643, 139
Trd, 4319372.093, 99
Trd, 4319373.743, 140
Trd, 4319375.343, 140
Trd, 4319375.493, 139
Trd, 4319375.843, 140
Trd, 4319377.243, 140
Trd, 4319377.343, 140
Trd, 4319377.643, 140
Trd, 4319379.643, 113
Trd, 4319380.343, 111
Trd, 4319381.293, 108
Trd, 4319382.593, 140
Trd, 4319382.643, 140
Trd, 4319382.843, 139
Trd, 4319383.643, 140
Trd, 4319384.193, 136
Trd, 4319385.193, 139
Trd, 4319387.443, 140
Trd, 4319388.343, 140
Trd, 4319388.393, 140
Trd, 4319388.593, 140
Trd, 4319389.393, 140
Trd, 4319391.143, 140
Trd, 4319391.593, 140
Trd, 4319392.093, 140
Trd, 4319392.643, 140
Trd, 4319394.793, 140
Trd, 4319395.943, 140
Trd, 4319397.593, 140
Trd, 4319398.193, 140
Trd, 4319398.693, 140
Trd, 4319399.793, 140
Trd, 4319399.843, 140
Trd, 4319400.543, 140
Trd, 4319401.493, 140
Trd, 4319402.043, 140
Trd, 4319403.643, 140
Trd, 4319403.843, 140
Trd, 4319405.343, 140
Trd, 4319406.043, 140
Trd, 4319406.893, 140
Trd, 4319407.243, 140
Trd, 4319407.293, 140
Trd, 4319408.293, 138
Trd, 4319408.343, 134
Trd, 4319409.643, 132
Trd, 4319409.993, 69
Trd, 4319410.693, 134
Trd, 4319412.543, 140
Trd, 4319413.343, 140
Trd, 4319414.393, 140
Trd, 4319414.543, 140
Trd, 4319414.893, 140
Trd, 4319415.943, 140
Trd, 4319416.193, 140
Trd, 4319416.393, 140
Trd, 4319416.443, 137
Trd, 4319417.493, 140
Trd, 4319418.793, 140
Trd, 4319419.043, 140
Trd, 4319420.443, 140
Trd, 4319420.943, 140
Trd, 4319422.343, 140
Trd, 4319423.743, 140
Trd, 4319423.793, 140
Trd, 4319424.943, 140
Trd, 4319425.293, 140
Trd, 4319426.143, 140
Trd, 4319426.943, 140
Trd, 4319429.193, 140
Trd, 4319430.643, 140
Trd, 4319430.843, 140
Trd, 4319431.193, 140
Trd, 4319431.743, 140
Trd, 4319432.043, 140
Trd, 4319432.593, 140
Trd, 4319433.493, 140
Trd, 4319434.293, 140
Trd, 4319434.993, 140
Trd, 4319437.393, 140
Trd, 4319437.643, 140
Trd, 4319438.393, 140
Trd, 4319438.993, 140
Trd, 4319439.043, 140
Trd, 4319439.643, 113
Trd, 4319440.093, 140
Trd, 4319440.843, 136
Trd, 4319441.143, 101
Trd, 4319442.193, 140
Trd, 4319443.293, 140
Trd, 4319446.193, 140
Trd, 4319446.243, 140
Trd, 4319447.043, 140
Trd, 4319447.393, 140
Trd, 4319448.093, 140
Trd, 4319448.643, 107
Trd, 4319450.193, 140
Trd, 4319451.143, 140
Trd, 4319453.343, 140
Trd, 4319453.743, 140
Trd, 4319454.293, 140
Trd, 4319454.593, 140
Trd, 4319456.093, 140
Trd, 4319456.843, 140
Trd, 4319456.993, 140
Trd, 4319457.793, 140
Trd, 4319458.593, 140
Trd, 4319459.293, 140
Trd, 4319459.943, 140
Trd, 4319463.093, 140
Trd, 4319463.643, 140
Trd, 4319463.793, 140
Trd, 4319464.593, 140
Trd, 4319465.543, 140
Trd, 4319466.193, 140
Trd, 4319466.793, 140
Trd, 4319466.893, 140
Trd, 4319467.143, 140
Trd, 4319467.743, 140
Trd, 4319468.443, 133
Trd, 4319469.493, 140
Trd, 4319469.543, 81
Trd, 4319470.243, 71
Trd, 4319472.843, 60
Trd, 4319473.093, 60
Trd, 4319474.443, 60
Trd, 4319474.543, 62
Trd, 4319476.843, 61
Trd, 4319477.843, 62
Trd, 4319478.893, 60
Trd, 4319478.993, 60
Trd, 4319479.193, 61
Trd, 4319479.793, 61
Trd, 4319480.393, 62
Trd, 4319480.793, 63
Trd, 4319481.543, 60
Trd, 4319481.743, 81
Trd, 4319482.293, 96
Trd, 4319482.693, 105
Trd, 4319483.793, 139
Trd, 4319484.293, 70
Trd, 4319484.843, 68
Trd, 4319485.843, 65
Trd, 4319486.643, 138
Trd, 4319487.343, 64
Trd, 4319487.443, 65
Trd, 4319488.943, 140
Trd, 4319489.343, 140
Trd, 4319489.443, 140
Trd, 4319491.093, 140
Trd, 4319491.793, 140
Trd, 4319492.193, 140
Trd, 4319493.893, 140
Trd, 4319494.793, 140
Trd, 4319495.493, 140
Trd, 4319495.943, 140
Trd, 4319496.643, 140
Trd, 4319497.193, 140
Trd, 4319498.093, 140
Trd, 4319498.693, 138
Trd, 4319499.093, 140
Trd, 4319500.743, 140
Trd, 4319501.693, 140
Trd, 4319502.043, 140
Trd, 4319502.193, 140
Trd, 4319502.393, 140
Trd, 4319503.343, 73
Trd, 4319504.793, 140
Trd, 4319505.943, 140
Trd, 4319506.693, 140
Trd, 4319506.843, 140
Trd, 4319507.243, 140
Trd, 4319507.543, 139
Trd, 4319508.443, 138
Trd, 4319508.893, 62
Trd, 4319509.843, 66
Trd, 4319509.993, 67
Trd, 4319510.593, 67
Trd, 4319511.193, 70
Trd, 4319511.443, 131
Trd, 4319512.593, 113
Trd, 4319514.043, 140
Trd, 4319514.143, 140
Trd, 4319514.993, 140
Trd, 4319516.143, 140
Trd, 4319517.743, 140
Trd, 4319518.943, 140
Trd, 4319519.343, 140
Trd, 4319520.443, 140
Trd, 4319522.193, 140
Trd, 4319522.393, 140
Trd, 4319522.893, 140
Trd, 4319524.143, 140
Trd, 4319526.493, 140
Trd, 4319526.793, 140
Trd, 4319529.043, 140
Trd, 4319529.143, 140
Trd, 4319529.193, 140
Trd, 4319529.443, 140
Trd, 4319529.693, 140
Trd, 4319529.993, 140
Trd, 4319530.793, 139
Trd, 4319531.743, 140
Trd, 4319531.843, 140
Trd, 4319532.593, 138
Trd, 4319533.693, 140
Trd, 4319535.143, 140
Trd, 4319535.243, 140
Trd, 4319535.643, 140
Trd, 4319536.343, 140
Trd, 4319536.993, 140
Trd, 4319537.443, 140
Trd, 4319539.143, 140
Trd, 4319540.893, 140
Trd, 4319541.943, 140
Trd, 4319542.093, 140
Trd, 4319542.693, 140
Trd, 4319544.343, 137
Trd, 4319544.693, 138
Trd, 4319545.243, 139
Trd, 4319545.843, 139
Trd, 4319546.143, 139
Trd, 4319546.543, 140
Trd, 4319546.693, 75
Trd, 4319548.343, 140
Trd, 4319548.843, 140
Trd, 4319549.093, 140
Trd, 4319549.193, 95
Trd, 4319550.193, 140
Trd, 4319551.093, 88
Trd, 4319552.643, 93
Trd, 4319554.543, 103
Trd, 4319554.643, 102
Trd, 4319555.243, 130
Trd, 4319555.343, 129
Trd, 4319556.143, 140
Trd, 4319557.093, 140
Trd, 4319557.443, 140
Trd, 4319557.743, 140
Trd, 4319559.393, 140
Trd, 4319559.743, 140
Trd, 4319560.743, 139
Trd, 4319561.143, 139
Trd, 4319561.743, 140
Trd, 4319561.943, 140
Trd, 4319562.393, 136
Trd, 4319563.343, 137
Trd, 4319563.593, 136
Trd, 4319563.693, 137
Trd, 4319563.893, 119
Trd, 4319564.443, 118
Trd, 4319564.693, 116
Trd, 4319567.043, 81
Trd, 4319567.593, 115
Trd, 4319568.593, 140
Trd, 4319568.993, 140
Trd, 4319570.943, 140
Trd, 4319571.143, 140
Trd, 4319571.793, 140
Trd, 4319572.143, 140
Trd, 4319572.243, 140
Trd, 4319572.343, 139
Trd, 4319574.143, 140
Trd, 4319574.943, 115
Trd, 4319575.343, 140
Trd, 4319576.843, 140
Trd, 4319577.093, 140
Trd, 4319577.143, 140
Trd, 4319577.243, 76
Trd, 4319578.393, 140
Trd, 4319579.193, 140
Trd, 4319579.393, 140
Trd, 4319580.193, 140
Trd, 4319582.943, 140
Trd, 4319584.043, 140
Trd, 4319584.543, 140
Trd, 4319585.743, 140
Trd, 4319587.493, 140
Trd, 4319588.693, 140
Trd, 4319589.393, 140
Trd, 4319589.543, 140
Trd, 4319589.593, 140
Trd, 4319589.893, 140
Trd, 4319589.943, 140
Trd, 4319590.743, 136
Trd, 4319590.943, 79
Trd, 4319591.493, 140
Trd, 4319591.993, 140
Trd, 4319592.143, 138
Trd, 4319593.243, 140
Trd, 4319594.643, 140
Trd, 4319595.543, 140
Trd, 4319596.243, 140
Trd, 4319598.443, 140
Trd, 4319598.593, 140
Trd, 4319599.193, 140
Trd, 4319599.893, 140
Trd, 4319600.793, 139
Trd, 4319601.493, 140
Trd, 4319602.043, 139
Trd, 4319603.243, 137
Trd, 4319603.893, 112
Trd, 4319605.293, 140
Trd, 4319605.493, 140
Trd, 4319605.693, 140
Trd, 4319605.893, 140
Trd, 4319606.193, 140
Trd, 4319607.093, 121
Trd, 4319607.443, 118
Trd, 4319608.593, 140
Trd, 4319611.493, 140
Trd, 4319611.893, 140
Trd, 4319612.943, 140
Trd, 4319613.043, 140
Trd, 4319613.443, 140
Trd, 4319613.993, 140
Trd, 4319614.543, 139
Trd, 4319615.693, 116
Trd, 4319617.343, 138
Trd, 4319618.193, 140
Trd, 4319618.393, 140
Trd, 4319618.643, 140
Trd, 4319620.693, 140
Trd, 4319622.193, 140
Trd, 4319622.493, 140
Trd, 4319623.293, 140
Trd, 4319624.143, 140
Trd, 4319625.093, 140
Trd, 4319625.993, 140
Trd, 4319626.443, 140
Trd, 4319626.893, 140
Trd, 4319627.793, 140
Trd, 4319627.843, 140
Trd, 4319628.193, 140
Trd, 4319628.593, 140
Trd, 4319629.943, 139
Trd, 4319630.343, 139
Trd, 4319630.493, 102
Trd, 4319631.543, 128
Trd, 4319631.993, 88
Trd, 4319634.193, 140
Trd, 4319635.593, 140
Trd, 4319635.943, 140
Trd, 4319636.743, 140
Trd, 4319636.993, 140
Trd, 4319637.343, 140
Trd, 4319638.793, 140
Trd, 4319638.893, 140
Trd, 4319639.693, 140
Trd, 4319639.993, 140
Trd, 4319641.193, 140
Trd, 4319641.543, 140
Trd, 4319642.143, 107
Trd, 4319644.243, 140
Trd, 4319644.793, 140
Trd, 4319645.043, 139
Trd, 4319645.543, 140
Trd, 4319646.193, 140
Trd, 4319646.593, 99
Trd, 4319647.493, 136
Trd, 4319647.943, 136
Trd, 4319648.043, 135
Trd, 4319648.343, 139
Trd, 4319648.543, 101
Trd, 4319649.643, 140
Trd, 4319651.143, 140
Trd, 4319651.293, 140
Trd, 4319651.343, 138
Trd, 4319653.593, 140
Trd, 4319654.343, 140
Trd, 4319654.393, 140
Trd, 4319655.343, 140
Trd, 4319656.043, 140
Trd, 4319656.343, 140
Trd, 4319656.793, 113
Trd, 4319660.093, 140
Trd, 4319660.293, 140
Trd, 4319660.993, 140
Trd, 4319662.493, 140
Trd, 4319663.593, 140
Trd, 4319664.643, 140
Trd, 4319665.643, 140
Trd, 4319666.293, 140
Trd, 4319667.443, 140
Trd, 4319667.993, 140
Trd, 4319668.693, 140
Trd, 4319669.043, 140
Trd, 4319669.993, 140
Trd, 4319671.243, 140
Trd, 4319671.493, 140
Trd, 4319672.993, 140
Trd, 4319673.743, 140
Trd, 4319675.943, 140
Trd, 4319676.843, 140
Trd, 4319677.043, 140
Trd, 4319677.843, 140
Trd, 4319677.943, 140
Trd, 4319679.143, 140
Trd, 4319679.243, 139
Trd, 4319680.293, 140
Trd, 4319681.443, 140
Trd, 4319681.793, 140
Trd, 4319682.893, 140
Trd, 4319683.493, 140
Trd, 4319683.693, 140
Trd, 4319684.743, 140
Trd, 4319686.043, 140
Trd, 4319687.043, 140
Trd, 4319687.893, 140
Trd, 4319687.943, 140
Trd, 4319689.043, 140
Trd, 4319689.093, 140
Trd, 4319689.593, 139
Trd, 4319690.493, 139
Trd, 4319690.593, 138
Trd, 4319691.843, 140
Trd, 4319692.143, 140
Trd, 4319694.093, 140
Trd, 4319694.543, 140
Trd, 4319696.193, 140
Trd, 4319697.393, 140
Trd, 4319697.543, 140
Trd, 4319697.843, 140
Trd, 4319697.893, 139
Trd, 4319698.643, 140
Trd, 4319698.893, 139
Trd, 4319699.393, 110
Trd, 4319700.593, 140
Trd, 4319701.493, 140
Trd, 4319702.393, 138
Trd, 4319702.593, 109
Trd, 4319702.943, 89
Trd, 4319704.543, 140
Trd, 4319705.443, 140
Trd, 4319705.643, 140
Trd, 4319706.793, 140
Trd, 4319708.693, 140
Trd, 4319709.343, 140
Trd, 4319709.693, 140
Trd, 4319709.793, 140
Trd, 4319710.593, 140
Trd, 4319711.043, 140
Trd, 4319711.243, 140
Trd, 4319711.843, 140
Trd, 4319712.193, 138
Trd, 4319712.593, 137
Trd, 4319713.043, 133
Trd, 4319713.093, 132
Trd, 4319713.843, 140
Trd, 4319715.293, 140
Trd, 4319715.843, 140
Trd, 4319716.293, 140
Trd, 4319717.893, 140
Trd, 4319718.593, 140
Trd, 4319719.693, 140
Trd, 4319720.893, 140
Trd, 4319721.493, 140
Trd, 4319722.893, 140
Trd, 4319724.243, 140
Trd, 4319724.743, 140
Trd, 4319725.343, 140
Trd, 4319725.743, 140
Trd, 4319727.943, 140
Trd, 4319728.093, 140
Trd, 4319728.243, 140
Trd, 4319728.393, 140
Trd, 4319730.943, 140
Trd, 4319731.893, 140
Trd, 4319732.193, 140
Trd, 4319733.593, 140
Trd, 4319733.693, 140
Trd, 4319734.993, 140
Trd, 4319735.243, 140
Trd, 4319735.543, 137
Trd, 4319735.893, 140
Trd, 4319736.093, 136
Trd, 4319736.693, 102
Trd, 4319737.443, 135
Trd, 4319738.243, 138
Trd, 4319739.343, 93
Trd, 4319741.143, 138
Trd, 4319741.243, 136
Trd, 4319742.143, 140
Trd, 4319742.243, 140
Trd, 4319743.493, 140
Trd, 4319743.593, 140
Trd, 4319745.093, 140
Trd, 4319746.243, 140
Trd, 4319748.293, 140
Trd, 4319748.393, 140
Trd, 4319748.443, 140
Trd, 4319749.643, 140
Trd, 4319749.993, 140
Trd, 4319750.343, 140
Trd, 4319751.293, 140
Trd, 4319752.343, 140
Trd, 4319752.393, 140
Trd, 4319754.693, 140
Trd, 4319754.743, 140
Trd, 4319754.893, 140
Trd, 4319755.493, 140
Trd, 4319755.643, 140
Trd, 4319756.243, 119
Trd, 4319756.293, 118
Trd, 4319757.843, 140
Trd, 4319759.543, 60
Trd, 4319759.993, 60
Trd, 4319760.593, 60
Trd, 4319760.993, 60
Trd, 4319761.743, 60
Trd, 4319763.393, 60
Trd, 4319763.843, 60
Trd, 4319765.043, 60
Trd, 4319765.393, 60
Trd, 4319766.193, 62
Trd, 4319766.443, 64
Trd, 4319766.543, 60
Trd, 4319767.393, 138
Trd, 4319767.643, 137
Trd, 4319767.993, 67
Trd, 4319768.493, 140
Trd, 4319770.093, 139
Trd, 4319772.043, 61
Trd, 4319772.243, 62
Trd, 4319773.843, 61
Trd, 4319774.793, 60
Trd, 4319776.393, 60
Trd, 4319778.843, 60
Trd, 4319781.043, 60
Trd, 4319781.093, 60
Trd, 4319781.143, 60
Trd, 4319781.243, 61
Trd, 4319781.443, 60
Trd, 4319781.993, 60
Trd, 4319782.343, 60
Trd, 4319782.643, 60
Trd, 4319782.693, 60
Trd, 4319783.943, 60
Trd, 4319785.443, 60
Trd, 4319785.593, 60
Trd, 4319786.093, 62
Trd, 4319787.893, 60
Trd, 4319789.093, 66
Trd, 4319790.043, 60
Trd, 4319790.293, 60
Trd, 4319790.593, 60
Trd, 4319790.743, 61
Trd, 4319791.093, 60
Trd, 4319791.593, 61
Trd, 4319792.193, 68
Trd, 4319792.493, 63
Trd, 4319792.943, 63
Trd, 4319795.043, 140
Trd, 4319796.093, 140
Trd, 4319796.493, 140
Trd, 4319796.893, 140
Trd, 4319797.443, 140
Trd, 4319798.593, 140
Trd, 4319800.043, 140
Trd, 4319801.143, 140
Trd, 4319801.193, 140
Trd, 4319802.993, 140
Trd, 4319803.993, 140
Trd, 4319804.043, 140
Trd, 4319804.493, 140
Trd, 4319804.593, 140
Trd, 4319805.493, 139
Trd, 4319805.543, 98
Trd, 4319806.943, 61
Trd, 4319807.243, 62
Trd, 4319808.293, 61
Trd, 4319808.843, 62
Trd, 4319811.393, 60
Trd, 4319811.893, 60
Trd, 4319812.793, 62
Trd, 4319813.143, 62
Trd, 4319814.193, 61
Trd, 4319814.593, 62
Trd, 4319814.893, 62
Trd, 4319814.943, 61
Trd, 4319815.793, 71
Trd, 4319816.893, 140
Trd, 4319817.743, 140
Trd, 4319817.793, 140
Trd, 4319819.543, 140
Trd, 4319819.793, 140
Trd, 4319819.893, 137
Trd, 4319822.043, 140
Trd, 4319822.793, 140
Trd, 4319822.843, 140
Trd, 4319823.043, 140
Trd, 4319824.893, 140
Trd, 4319825.143, 140
Trd, 4319825.443, 140
Trd, 4319825.593, 140
Trd, 4319826.143, 140
Trd, 4319826.643, 139
Trd, 4319827.843, 135
Trd, 4319828.243, 132
Trd, 4319829.643, 135
Trd, 4319829.943, 66
Trd, 4319831.293, 61
Trd, 4319831.843, 62
Trd, 4319832.243, 63
Trd, 4319832.293, 67
Trd, 4319832.593, 68
Trd, 4319833.243, 137
Trd, 4319833.843, 138
Trd, 4319834.643, 140
Trd, 4319836.393, 140
Trd, 4319837.043, 140
Trd, 4319838.593, 140
Trd, 4319838.893, 140
Trd, 4319839.643, 140
Trd, 4319841.243, 140
Trd, 4319841.693, 140
Trd, 4319842.043, 140
Trd, 4319842.193, 140
Trd, 4319842.593, 140
Trd, 4319843.143, 140
Trd, 4319843.643, 140
Trd, 4319844.693, 140
Trd, 4319845.093, 140
Trd, 4319845.443, 114
Trd, 4319846.193, 126
Trd, 4319847.293, 140
Trd, 4319848.093, 140
Trd, 4319849.443, 140
Trd, 4319850.043, 140
Trd, 4319851.093, 140
Trd, 4319851.343, 140
Trd, 4319851.843, 140
Trd, 4319852.193, 140
Trd, 4319852.793, 140
Trd, 4319854.693, 140
Trd, 4319855.893, 140
Trd, 4319856.293, 140
Trd, 4319857.343, 140
Trd, 4319857.693, 140
Trd, 4319858.493, 140
Trd, 4319860.843, 140
Trd, 4319861.643, 140
Trd, 4319862.593, 140
Trd, 4319862.793, 140
Trd, 4319863.343, 140
Trd, 4319863.643, 140
Trd, 4319864.843, 140
Trd, 4319866.443, 140
Trd, 4319866.593, 140
Trd, 4319867.293, 140
Trd, 4319868.743, 140
Trd, 4319869.193, 140
Trd, 4319869.743, 140
Trd, 4319869.943, 140
Trd, 4319870.893, 140
Trd, 4319871.843, 140
Trd, 4319873.043, 140
Trd, 4319873.343, 140
Trd, 4319873.593, 140
Trd, 4319874.793, 140
Trd, 4319875.543, 140
Trd, 4319876.993, 140
Trd, 4319877.643, 140
Trd, 4319877.693, 140
Trd, 4319877.843, 140
Trd, 4319878.893, 60
Trd, 4319880.793, 60
Trd, 4319880.893, 60
Trd, 4319884.343, 60
Trd, 4319885.693, 60
Trd, 4319886.093, 61
Trd, 4319886.393, 61
Trd, 4319887.693, 60
Trd, 4319888.043, 60
Trd, 4319888.193, 60
Trd, 4319888.443, 61
Trd, 4319889.343, 60
Trd, 4319889.593, 62
Trd, 4319889.693, 66
Trd, 4319890.143, 60
Trd, 4319892.643, 62
Trd, 4319892.843, 61
Trd, 4319894.493, 60
Trd, 4319895.243, 61
Trd, 4319895.843, 63
Trd, 4319895.943, 61
Trd, 4319896.043, 65
Trd, 4319897.143, 67
Trd, 4319897.393, 70
Trd, 4319898.693, 137
Trd, 4319899.393, 140
Trd, 4319900.343, 140
Trd, 4319900.443, 140
Trd, 4319900.693, 140
Trd, 4319902.443, 140
Trd, 4319903.493, 139
Trd, 4319903.743, 138
Trd, 4319904.243, 109
Trd, 4319904.443, 108
Trd, 4319904.693, 90
Trd, 4319906.193, 140
Trd, 4319907.593, 140
Trd, 4319908.593, 140
Trd, 4319908.993, 140
Trd, 4319910.543, 140
Trd, 4319911.493, 140
Trd, 4319913.043, 140
Trd, 4319913.643, 140
Trd, 4319913.743, 140
Trd, 4319913.793, 140
Trd, 4319915.193, 140
Trd, 4319916.043, 140
Trd, 4319917.193, 140
Trd, 4319918.093, 140
Trd, 4319918.343, 140
Trd, 4319919.043, 140
Trd, 4319919.993, 140
Trd, 4319920.143, 138
Trd, 4319920.543, 139
Trd, 4319922.793, 140
Trd, 4319922.893, 140
Trd, 4319923.093, 140
Trd, 4319924.843, 140
Trd, 4319925.093, 140
Trd, 4319925.493, 140
Trd, 4319926.043, 139
Trd, 4319926.593, 111
Trd, 4319926.943, 62
Trd, 4319928.743, 65
Trd, 4319929.793, 60
Trd, 4319930.143, 62
Trd, 4319930.243, 68
Trd, 4319931.343, 60
Trd, 4319931.893, 61
Trd, 4319932.043, 61
Trd, 4319933.593, 139
Trd, 4319933.843, 127
Trd, 4319934.243, 127
Trd, 4319934.393, 140
Trd, 4319935.343, 140
Trd, 4319936.793, 140
Trd, 4319937.043, 140
Trd, 4319939.493, 140
Trd, 4319940.543, 140
Trd, 4319941.493, 140
Trd, 4319941.643, 140
Trd, 4319942.193, 140
Trd, 4319942.443, 124
Trd, 4319942.893, 86
Trd, 4319944.143, 139
Trd, 4319945.543, 140
Trd, 4319946.343, 140
Trd, 4319946.943, 140
Trd, 4319948.393, 140
Trd, 4319948.643, 140
Trd, 4319949.493, 140
Trd, 4319951.293, 140
Trd, 4319951.493, 140
Trd, 4319951.943, 140
Trd, 4319952.543, 140
Trd, 4319952.843, 140
Trd, 4319953.793, 140
Trd, 4319956.843, 140
Trd, 4319957.143, 140
Trd, 4319957.893, 140
Trd, 4319959.543, 140
Trd, 4319959.693, 140
Trd, 4319959.893, 140
Trd, 4319960.593, 140
Trd, 4319962.193, 140
Trd, 4319962.393, 140
Trd, 4319962.893, 140
Trd, 4319963.143, 140
Trd, 4319965.443, 140
Trd, 4319965.543, 140
Trd, 4319966.293, 140
Trd, 4319967.343, 140
Trd, 4319968.393, 140
Trd, 4319968.893, 140
Trd, 4319968.943, 140
Trd, 4319969.893, 140
Trd, 4319970.093, 140
Trd, 4319970.293, 140
Trd, 4319971.843, 140
Trd, 4319971.943, 140
Trd, 4319972.243, 122
Trd, 4319972.443, 73
Trd, 4319974.043, 60
Trd, 4319974.943, 60
Trd, 4319975.443, 60
Trd, 4319975.993, 60
Trd, 4319977.993, 63
Trd, 4319979.043, 62
Trd, 4319979.493, 63
Trd, 4319979.843, 62
Trd, 4319979.893, 64
Trd, 4319980.393, 62
Trd, 4319980.593, 60
Trd, 4319981.443, 60
Trd, 4319983.343, 60
Trd, 4319984.743, 60
Trd, 4319985.943, 60
Trd, 4319985.993, 60
Trd, 4319986.043, 60
Trd, 4319987.043, 60
Trd, 4319987.493, 61
Trd, 4319988.093, 60
Trd, 4319988.193, 60
Trd, 4319988.443, 63
Trd, 4319988.943, 77
Trd, 4319989.643, 65
Trd, 4319990.443, 62
Trd, 4319992.093, 65
Trd, 4319992.743, 66
Trd, 4319993.643, 135
Trd, 4319993.843, 135
Trd, 4319994.093, 135
Trd, 4319995.193, 140
Trd, 4319996.543, 140
Trd, 4319997.243, 140
Trd, 4319998.243, 140
Trd, 4319999.143, 140
