Trd, 4318057.893, 91
Trd, 4318058.743, 98
Trd, 4318058.993, 106
Trd, 4318059.643, 70
Trd, 4318060.143, 83
Trd, 4318060.793, 91
Trd, 4318062.143, 72
Trd, 4318062.843, 112
Trd, 4318063.843, 104
Trd, 4318065.243, 126
Trd, 4318066.093, 122
Trd, 4318066.343, 103
Trd, 4318067.393, 100
Trd, 4318067.493, 106
Trd, 4318067.593, 95
Trd, 4318068.143, 128
Trd, 4318068.343, 93
Trd, 4318068.693, 135
Trd, 4318069.143, 82
Trd, 4318070.443, 105
Trd, 4318072.643, 135
Trd, 4318073.193, 119
Trd, 4318073.293, 109
Trd, 4318074.093, 102
Trd, 4318075.043, 126
Trd, 4318075.443, 89
Trd, 4318077.343, 104
Trd, 4318078.843, 122
Trd, 4318079.243, 125
Trd, 4318079.593, 127
Trd, 4318081.343, 109
Trd, 4318083.143, 124
Trd, 4318083.343, 124
Trd, 4318084.643, 118
Trd, 4318085.843, 104
Trd, 4318085.893, 98
Trd, 4318086.493, 91
Trd, 4318086.543, 91
Trd, 4318087.643, 137
Trd, 4318089.243, 80
Trd, 4318090.293, 133
Trd, 4318091.143, 109
Trd, 4318091.293, 87
Trd, 4318093.243, 124
Trd, 4318093.893, 119
Trd, 4318094.493, 119
Trd, 4318095.293, 129
Trd, 4318095.693, 129
Trd, 4318096.293, 101
Trd, 4318097.093, 89
Trd, 4318098.093, 85
Trd, 4318098.893, 74
Trd, 4318099.743, 90
Trd, 4318100.943, 125
Trd, 4318100.993, 122
Trd, 4318101.693, 118
Trd, 4318102.393, 122
Trd, 4318102.443, 117
Trd, 4318102.543, 104
Trd, 4318105.443, 138
Trd, 4318106.193, 131
Trd, 4318107.943, 128
Trd, 4318108.943, 117
Trd, 4318109.043, 103
Trd, 4318109.493, 79
Trd, 4318110.693, 94
Trd, 4318111.493, 140
Trd, 4318112.943, 109
Trd, 4318113.643, 99
Trd, 4318114.043, 107
Trd, 4318114.193, 79
Trd, 4318115.343, 139
Trd, 4318115.893, 126
Trd, 4318116.043, 97
Trd, 4318117.943, 95
Trd, 4318118.793, 102
Trd, 4318119.293, 80
Trd, 4318120.543, 109
Trd, 4318121.093, 122
Trd, 4318122.193, 81
Trd, 4318122.593, 124
Trd, 4318123.343, 117
Trd, 4318126.343, 119
Trd, 4318126.843, 107
Trd, 4318127.193, 81
Trd, 4318128.443, 78
Trd, 4318129.043, 114
Trd, 4318130.593, 125
Trd, 4318132.293, 126
Trd, 4318132.843, 86
Trd, 4318133.043, 83
Trd, 4318133.543, 82
Trd, 4318134.343, 85
Trd, 4318134.793, 97
Trd, 4318135.593, 140
Trd, 4318136.943, 125
Trd, 4318138.143, 115
Trd, 4318139.243, 87
Trd, 4318140.043, 138
Trd, 4318140.243, 118
Trd, 4318140.793, 111
Trd, 4318141.193, 101
Trd, 4318142.643, 112
Trd, 4318143.143, 101
Trd, 4318144.393, 125
Trd, 4318144.443, 121
Trd, 4318144.643, 132
Trd, 4318145.093, 113
Trd, 4318145.243, 106
Trd, 4318146.793, 92
Trd, 4318147.243, 92
Trd, 4318148.243, 101
Trd, 4318149.493, 89
Trd, 4318149.593, 117
Trd, 4318150.143, 121
Trd, 4318151.593, 125
Trd, 4318151.693, 119
Trd, 4318152.093, 73
Trd, 4318152.743, 103
Trd, 4318153.093, 133
Trd, 4318153.243, 84
Trd, 4318154.143, 126
Trd, 4318155.293, 138
Trd, 4318156.443, 115
Trd, 4318157.593, 123
Trd, 4318157.643, 116
Trd, 4318157.843, 99
Trd, 4318159.843, 138
Trd, 4318159.993, 132
Trd, 4318160.043, 108
Trd, 4318160.943, 85
Trd, 4318162.393, 85
Trd, 4318162.493, 95
Trd, 4318164.243, 88
Trd, 4318164.443, 102
Trd, 4318166.593, 104
Trd, 4318166.743, 85
Trd, 4318167.343, 120
Trd, 4318167.493, 103
Trd, 4318168.743, 62
Trd, 4318169.593, 66
Trd, 4318170.293, 114
Trd, 4318170.743, 130
Trd, 4318170.893, 102
Trd, 4318171.343, 78
Trd, 4318172.143, 135
Trd, 4318173.693, 108
Trd, 4318173.743, 93
Trd, 4318174.743, 105
Trd, 4318175.793, 97
Trd, 4318177.093, 137
Trd, 4318177.643, 116
Trd, 4318178.843, 112
Trd, 4318179.893, 87
Trd, 4318180.643, 91
Trd, 4318181.043, 95
Trd, 4318181.643, 113
Trd, 4318182.193, 107
Trd, 4318182.393, 94
Trd, 4318182.593, 75
Trd, 4318183.343, 121
Trd, 4318183.643, 77
Trd, 4318185.043, 102
Trd, 4318186.043, 139
Trd, 4318188.243, 116
Trd, 4318188.643, 95
Trd, 4318188.893, 93
Trd, 4318189.143, 113
Trd, 4318190.793, 125
Trd, 4318191.543, 96
Trd, 4318192.243, 102
Trd, 4318192.293, 104
Trd, 4318192.643, 97
Trd, 4318193.693, 122
Trd, 4318195.643, 131
Trd, 4318197.443, 130
Trd, 4318198.443, 123
Trd, 4318199.693, 120
Trd, 4318201.393, 128
Trd, 4318201.843, 118
Trd, 4318201.943, 103
Trd, 4318202.743, 102
Trd, 4318203.993, 135
Trd, 4318205.293, 115
Trd, 4318205.443, 101
Trd, 4318206.893, 122
Trd, 4318207.243, 121
Trd, 4318208.493, 134
Trd, 4318209.393, 121
Trd, 4318209.443, 114
Trd, 4318210.693, 139
Trd, 4318210.943, 139
Trd, 4318211.193, 117
Trd, 4318212.093, 118
Trd, 4318212.543, 129
Trd, 4318214.493, 128
Trd, 4318215.043, 109
Trd, 4318216.143, 136
Trd, 4318216.393, 115
Trd, 4318217.543, 113
Trd, 4318218.393, 110
Trd, 4318218.893, 109
Trd, 4318219.043, 88
Trd, 4318219.593, 127
Trd, 4318220.143, 122
Trd, 4318221.443, 94
Trd, 4318224.393, 120
Trd, 4318225.043, 112
Trd, 4318225.493, 114
Trd, 4318225.993, 77
Trd, 4318226.293, 97
Trd, 4318227.793, 122
Trd, 4318228.643, 116
Trd, 4318230.243, 140
Trd, 4318230.543, 140
Trd, 4318230.593, 123
Trd, 4318231.793, 117
Trd, 4318233.643, 99
Trd, 4318234.593, 96
Trd, 4318234.693, 101
Trd, 4318236.393, 121
Trd, 4318237.993, 118
Trd, 4318238.343, 140
Trd, 4318238.493, 104
Trd, 4318238.943, 138
Trd, 4318239.243, 124
Trd, 4318240.843, 96
Trd, 4318241.243, 98
Trd, 4318242.493, 107
Trd, 4318244.143, 93
Trd, 4318244.443, 83
Trd, 4318244.593, 126
Trd, 4318246.193, 138
Trd, 4318247.043, 75
Trd, 4318248.943, 129
Trd, 4318249.143, 112
Trd, 4318250.293, 105
Trd, 4318250.543, 119
Trd, 4318250.993, 115
Trd, 4318251.943, 111
Trd, 4318252.143, 121
Trd, 4318253.393, 101
Trd, 4318254.743, 112
Trd, 4318255.643, 107
Trd, 4318255.893, 103
Trd, 4318257.143, 123
Trd, 4318258.743, 111
Trd, 4318259.643, 119
Trd, 4318260.593, 116
Trd, 4318262.543, 120
Trd, 4318263.693, 135
Trd, 4318264.093, 106
Trd, 4318264.793, 123
Trd, 4318265.343, 121
Trd, 4318266.443, 90
Trd, 4318267.293, 100
Trd, 4318267.893, 105
Trd, 4318268.693, 85
Trd, 4318269.293, 99
Trd, 4318269.593, 139
Trd, 4318270.493, 105
Trd, 4318270.943, 132
Trd, 4318273.293, 134
Trd, 4318273.843, 117
Trd, 4318274.043, 131
Trd, 4318275.293, 139
Trd, 4318276.793, 134
Trd, 4318277.593, 115
Trd, 4318277.793, 120
Trd, 4318278.393, 122
Trd, 4318279.293, 123
Trd, 4318279.893, 134
Trd, 4318280.093, 121
Trd, 4318281.843, 121
Trd, 4318283.043, 101
Trd, 4318283.093, 108
Trd, 4318283.443, 123
Trd, 4318284.393, 136
Trd, 4318284.593, 131
Trd, 4318286.393, 121
Trd, 4318287.093, 118
Trd, 4318287.493, 130
Trd, 4318288.343, 132
Trd, 4318288.493, 118
Trd, 4318289.693, 96
Trd, 4318290.093, 87
Trd, 4318293.443, 133
Trd, 4318293.643, 104
Trd, 4318294.093, 125
Trd, 4318294.393, 116
Trd, 4318294.443, 103
Trd, 4318294.843, 127
Trd, 4318295.143, 132
Trd, 4318295.843, 97
Trd, 4318296.493, 97
Trd, 4318299.893, 113
Trd, 4318300.793, 126
Trd, 4318301.693, 125
Trd, 4318302.493, 103
Trd, 4318302.643, 100
Trd, 4318304.943, 136
Trd, 4318305.143, 112
Trd, 4318306.793, 130
Trd, 4318307.193, 128
Trd, 4318307.393, 93
Trd, 4318307.793, 140
Trd, 4318309.193, 125
Trd, 4318309.993, 116
Trd, 4318310.643, 108
Trd, 4318310.693, 104
Trd, 4318312.393, 138
Trd, 4318312.743, 109
Trd, 4318313.443, 95
Trd, 4318313.993, 110
Trd, 4318315.193, 131
Trd, 4318315.393, 115
Trd, 4318316.593, 94
Trd, 4318316.643, 114
Trd, 4318317.543, 90
Trd, 4318319.043, 136
Trd, 4318319.793, 129
Trd, 4318320.593, 109
Trd, 4318320.743, 80
Trd, 4318321.343, 109
Trd, 4318322.743, 139
Trd, 4318322.893, 115
Trd, 4318323.193, 92
Trd, 4318324.493, 117
Trd, 4318325.293, 103
Trd, 4318325.693, 128
Trd, 4318325.793, 96
Trd, 4318326.643, 138
Trd, 4318327.043, 92
Trd, 4318329.893, 83
Trd, 4318330.243, 75
Trd, 4318330.893, 81
Trd, 4318331.743, 95
Trd, 4318332.843, 126
Trd, 4318333.243, 123
Trd, 4318333.643, 130
Trd, 4318334.393, 108
Trd, 4318334.843, 90
Trd, 4318335.543, 115
Trd, 4318335.893, 103
Trd, 4318336.293, 126
Trd, 4318336.493, 107
Trd, 4318337.393, 130
Trd, 4318338.193, 119
Trd, 4318339.543, 104
Trd, 4318340.293, 77
Trd, 4318340.393, 67
Trd, 4318341.143, 135
Trd, 4318342.093, 79
Trd, 4318342.543, 113
Trd, 4318343.293, 78
Trd, 4318343.743, 80
Trd, 4318344.443, 79
Trd, 4318344.943, 83
Trd, 4318345.693, 140
Trd, 4318347.393, 119
Trd, 4318348.743, 65
Trd, 4318349.193, 98
Trd, 4318349.793, 81
Trd, 4318350.143, 116
Trd, 4318350.843, 80
Trd, 4318352.343, 78
Trd, 4318352.593, 133
Trd, 4318352.693, 73
Trd, 4318353.443, 114
Trd, 4318353.793, 80
Trd, 4318354.593, 114
Trd, 4318355.643, 130
Trd, 4318356.043, 137
Trd, 4318356.143, 115
Trd, 4318357.743, 102
Trd, 4318358.243, 114
Trd, 4318359.443, 77
Trd, 4318359.643, 131
Trd, 4318360.093, 107
Trd, 4318360.893, 140
Trd, 4318361.093, 80
Trd, 4318364.193, 109
Trd, 4318364.293, 105
Trd, 4318364.993, 61
Trd, 4318365.293, 80
Trd, 4318366.343, 79
Trd, 4318367.243, 103
Trd, 4318367.393, 101
Trd, 4318369.193, 130
Trd, 4318369.993, 89
Trd, 4318370.243, 85
Trd, 4318371.543, 117
Trd, 4318372.443, 78
Trd, 4318372.593, 80
Trd, 4318373.793, 117
Trd, 4318374.093, 77
Trd, 4318375.643, 122
Trd, 4318376.393, 108
Trd, 4318376.643, 139
Trd, 4318377.643, 95
Trd, 4318379.293, 119
Trd, 4318380.143, 117
Trd, 4318381.493, 87
Trd, 4318382.493, 124
Trd, 4318382.793, 117
Trd, 4318383.943, 134
Trd, 4318384.893, 97
Trd, 4318385.293, 95
Trd, 4318385.693, 70
Trd, 4318387.143, 116
Trd, 4318388.843, 113
Trd, 4318389.043, 120
Trd, 4318389.443, 120
Trd, 4318389.643, 133
Trd, 4318390.643, 120
Trd, 4318391.193, 106
Trd, 4318392.593, 117
Trd, 4318392.793, 101
Trd, 4318395.093, 123
Trd, 4318396.143, 140
Trd, 4318396.393, 113
Trd, 4318397.993, 96
Trd, 4318398.093, 105
Trd, 4318398.393, 124
Trd, 4318399.893, 126
Trd, 4318400.593, 80
Trd, 4318401.093, 91
Trd, 4318402.093, 108
Trd, 4318402.593, 95
Trd, 4318403.443, 79
Trd, 4318404.143, 127
Trd, 4318404.993, 115
Trd, 4318405.493, 95
Trd, 4318406.193, 111
Trd, 4318406.343, 81
Trd, 4318407.493, 111
Trd, 4318408.293, 64
Trd, 4318408.593, 135
Trd, 4318409.593, 76
Trd, 4318410.943, 102
Trd, 4318412.093, 76
Trd, 4318412.293, 70
Trd, 4318412.843, 67
Trd, 4318413.443, 77
Trd, 4318414.593, 114
Trd, 4318416.643, 121
Trd, 4318417.293, 124
Trd, 4318417.793, 129
Trd, 4318418.693, 95
Trd, 4318419.543, 99
Trd, 4318419.743, 72
Trd, 4318420.293, 107
Trd, 4318421.043, 61
Trd, 4318422.193, 116
Trd, 4318422.993, 96
Trd, 4318423.643, 123
Trd, 4318424.743, 100
Trd, 4318425.443, 95
Trd, 4318426.743, 97
Trd, 4318427.443, 129
Trd, 4318428.043, 125
Trd, 4318428.343, 128
Trd, 4318428.993, 96
Trd, 4318429.693, 106
Trd, 4318431.643, 116
Trd, 4318432.443, 101
Trd, 4318432.993, 112
Trd, 4318434.593, 93
Trd, 4318435.043, 104
Trd, 4318435.193, 124
Trd, 4318435.393, 70
Trd, 4318436.743, 134
Trd, 4318437.643, 130
Trd, 4318439.093, 100
Trd, 4318440.293, 112
Trd, 4318440.843, 109
Trd, 4318441.943, 117
Trd, 4318442.393, 129
Trd, 4318443.843, 138
Trd, 4318444.643, 118
Trd, 4318446.493, 138
Trd, 4318446.993, 119
Trd, 4318447.493, 137
Trd, 4318448.193, 118
Trd, 4318448.943, 98
Trd, 4318451.743, 108
Trd, 4318452.093, 122
Trd, 4318452.743, 93
Trd, 4318453.193, 99
Trd, 4318454.643, 125
Trd, 4318454.993, 103
Trd, 4318456.293, 112
Trd, 4318457.993, 94
Trd, 4318459.543, 114
Trd, 4318460.293, 97
Trd, 4318460.493, 96
Trd, 4318460.943, 118
Trd, 4318461.743, 105
Trd, 4318462.393, 113
Trd, 4318462.593, 89
Trd, 4318462.893, 81
Trd, 4318464.493, 98
Trd, 4318465.043, 85
Trd, 4318465.743, 87
Trd, 4318467.143, 129
Trd, 4318468.643, 68
Trd, 4318469.093, 72
Trd, 4318469.143, 84
Trd, 4318470.843, 138
Trd, 4318471.143, 133
Trd, 4318471.493, 107
Trd, 4318471.993, 105
Trd, 4318473.693, 114
Trd, 4318474.043, 121
Trd, 4318474.743, 131
Trd, 4318476.193, 137
Trd, 4318476.593, 115
Trd, 4318476.993, 109
Trd, 4318477.043, 102
Trd, 4318477.593, 131
Trd, 4318478.393, 92
Trd, 4318478.693, 127
Trd, 4318479.343, 92
Trd, 4318480.043, 118
Trd, 4318482.343, 136
Trd, 4318482.443, 117
Trd, 4318484.993, 72
Trd, 4318485.593, 133
Trd, 4318485.843, 128
Trd, 4318486.593, 129
Trd, 4318486.793, 101
Trd, 4318487.243, 94
Trd, 4318487.393, 83
Trd, 4318488.643, 113
Trd, 4318489.993, 88
Trd, 4318491.793, 99
Trd, 4318492.043, 95
Trd, 4318492.493, 128
Trd, 4318492.693, 86
Trd, 4318493.693, 119
Trd, 4318494.743, 119
Trd, 4318494.993, 103
Trd, 4318496.643, 132
Trd, 4318496.843, 101
Trd, 4318496.943, 92
Trd, 4318497.843, 88
Trd, 4318498.543, 66
Trd, 4318499.543, 116
Trd, 4318501.393, 101
Trd, 4318502.043, 133
Trd, 4318503.693, 100
Trd, 4318503.993, 82
Trd, 4318504.093, 88
Trd, 4318505.243, 138
Trd, 4318505.993, 82
Trd, 4318507.143, 80
Trd, 4318507.743, 89
Trd, 4318508.893, 79
Trd, 4318508.943, 85
Trd, 4318510.043, 91
Trd, 4318510.093, 127
Trd, 4318510.143, 70
Trd, 4318512.593, 130
Trd, 4318512.643, 76
Trd, 4318514.143, 125
Trd, 4318514.943, 130
Trd, 4318515.143, 110
Trd, 4318515.643, 108
Trd, 4318516.143, 137
Trd, 4318516.593, 107
Trd, 4318517.043, 110
Trd, 4318517.743, 139
Trd, 4318518.193, 125
Trd, 4318520.043, 95
Trd, 4318520.843, 139
Trd, 4318520.943, 114
Trd, 4318521.093, 107
Trd, 4318521.643, 105
Trd, 4318521.893, 88
Trd, 4318523.793, 139
Trd, 4318524.243, 133
Trd, 4318525.243, 92
Trd, 4318527.093, 76
Trd, 4318527.493, 107
Trd, 4318528.293, 115
Trd, 4318530.693, 114
Trd, 4318530.743, 107
Trd, 4318531.393, 113
Trd, 4318532.193, 102
Trd, 4318533.093, 109
Trd, 4318533.293, 108
Trd, 4318533.643, 97
Trd, 4318534.143, 97
Trd, 4318534.793, 80
Trd, 4318536.443, 135
Trd, 4318536.793, 138
Trd, 4318539.143, 120
Trd, 4318539.943, 132
Trd, 4318540.493, 123
Trd, 4318540.843, 113
Trd, 4318541.493, 117
Trd, 4318542.993, 124
Trd, 4318543.343, 106
Trd, 4318544.243, 112
Trd, 4318546.043, 99
Trd, 4318547.593, 124
Trd, 4318547.643, 119
Trd, 4318547.693, 87
Trd, 4318547.743, 69
Trd, 4318549.443, 121
Trd, 4318549.893, 127
Trd, 4318550.393, 100
Trd, 4318552.143, 139
Trd, 4318553.393, 113
Trd, 4318553.743, 110
Trd, 4318554.693, 101
Trd, 4318554.893, 116
Trd, 4318555.293, 123
Trd, 4318556.343, 113
Trd, 4318557.343, 89
Trd, 4318557.493, 94
Trd, 4318558.043, 121
Trd, 4318559.493, 135
Trd, 4318561.243, 93
Trd, 4318561.393, 95
Trd, 4318561.893, 70
Trd, 4318563.593, 83
Trd, 4318564.343, 72
Trd, 4318565.493, 70
Trd, 4318566.593, 97
Trd, 4318567.693, 110
Trd, 4318567.993, 121
Trd, 4318568.643, 118
Trd, 4318568.943, 92
Trd, 4318570.143, 88
Trd, 4318570.943, 70
Trd, 4318571.293, 134
Trd, 4318573.943, 109
Trd, 4318574.293, 136
Trd, 4318575.143, 93
Trd, 4318577.443, 86
Trd, 4318577.743, 138
Trd, 4318578.293, 111
Trd, 4318578.543, 106
Trd, 4318580.143, 137
Trd, 4318580.443, 133
Trd, 4318580.993, 107
Trd, 4318581.493, 93
Trd, 4318581.893, 138
Trd, 4318582.343, 121
Trd, 4318583.893, 140
Trd, 4318584.043, 126
Trd, 4318584.743, 99
Trd, 4318585.043, 103
Trd, 4318585.493, 90
Trd, 4318587.193, 103
Trd, 4318587.843, 100
Trd, 4318589.243, 104
Trd, 4318589.393, 93
Trd, 4318590.943, 98
Trd, 4318591.393, 101
Trd, 4318591.843, 92
Trd, 4318592.193, 115
Trd, 4318593.743, 125
Trd, 4318594.243, 136
Trd, 4318595.993, 129
Trd, 4318596.443, 115
Trd, 4318597.293, 108
Trd, 4318598.243, 117
Trd, 4318598.643, 116
Trd, 4318598.693, 85
Trd, 4318598.843, 79
Trd, 4318599.843, 119
Trd, 4318600.693, 140
Trd, 4318602.043, 96
Trd, 4318603.643, 134
Trd, 4318604.943, 125
Trd, 4318605.643, 122
Trd, 4318605.943, 111
Trd, 4318606.193, 107
Trd, 4318606.643, 131
Trd, 4318608.893, 97
Trd, 4318609.143, 97
Trd, 4318609.793, 66
Trd, 4318610.743, 73
Trd, 4318612.743, 105
Trd, 4318612.793, 105
Trd, 4318614.043, 101
Trd, 4318614.293, 99
Trd, 4318614.643, 99
Trd, 4318615.193, 120
Trd, 4318616.643, 103
Trd, 4318616.693, 97
Trd, 4318618.593, 99
Trd, 4318618.693, 98
Trd, 4318619.343, 114
Trd, 4318619.693, 139
Trd, 4318620.793, 127
Trd, 4318621.743, 120
Trd, 4318623.443, 116
Trd, 4318623.793, 135
Trd, 4318624.393, 111
Trd, 4318625.043, 127
Trd, 4318625.393, 102
Trd, 4318626.393, 106
Trd, 4318627.793, 128
Trd, 4318628.343, 109
Trd, 4318629.243, 128
Trd, 4318629.793, 90
Trd, 4318629.893, 98
Trd, 4318630.893, 131
Trd, 4318632.093, 113
Trd, 4318633.393, 114
Trd, 4318633.643, 127
Trd, 4318633.693, 111
Trd, 4318635.243, 99
Trd, 4318637.743, 119
Trd, 4318638.443, 126
Trd, 4318638.593, 113
Trd, 4318639.043, 91
Trd, 4318640.093, 111
Trd, 4318640.693, 114
Trd, 4318641.743, 108
Trd, 4318642.693, 120
Trd, 4318642.843, 90
Trd, 4318643.493, 97
Trd, 4318643.943, 129
Trd, 4318644.093, 102
Trd, 4318644.443, 95
Trd, 4318646.393, 82
Trd, 4318646.543, 65
Trd, 4318647.393, 90
Trd, 4318647.693, 106
Trd, 4318648.093, 66
Trd, 4318649.443, 85
Trd, 4318649.893, 84
Trd, 4318649.943, 84
Trd, 4318650.093, 93
Trd, 4318652.993, 125
Trd, 4318653.193, 123
Trd, 4318653.593, 114
Trd, 4318653.943, 124
Trd, 4318654.793, 106
Trd, 4318655.593, 102
Trd, 4318656.093, 86
Trd, 4318656.893, 74
Trd, 4318657.493, 114
Trd, 4318657.993, 122
Trd, 4318658.043, 110
Trd, 4318659.193, 87
Trd, 4318659.843, 130
Trd, 4318660.893, 96
Trd, 4318662.293, 107
Trd, 4318663.243, 125
Trd, 4318663.843, 132
Trd, 4318664.693, 108
Trd, 4318666.293, 96
Trd, 4318666.593, 104
Trd, 4318667.193, 95
Trd, 4318667.793, 107
Trd, 4318668.543, 135
Trd, 4318670.543, 106
Trd, 4318670.693, 70
Trd, 4318671.393, 135
Trd, 4318672.293, 62
Trd, 4318672.493, 70
Trd, 4318674.093, 126
Trd, 4318674.593, 123
Trd, 4318674.643, 127
Trd, 4318674.993, 111
Trd, 4318676.093, 118
Trd, 4318677.293, 139
Trd, 4318677.643, 122
Trd, 4318678.843, 124
Trd, 4318679.743, 100
Trd, 4318679.943, 119
Trd, 4318680.443, 110
Trd, 4318680.693, 105
Trd, 4318682.193, 104
Trd, 4318682.793, 83
Trd, 4318684.543, 81
Trd, 4318684.643, 76
Trd, 4318685.093, 115
Trd, 4318685.643, 72
Trd, 4318686.343, 98
Trd, 4318686.543, 95
Trd, 4318686.593, 93
Trd, 4318687.193, 123
Trd, 4318687.393, 82
Trd, 4318688.743, 85
Trd, 4318690.743, 93
Trd, 4318691.443, 122
Trd, 4318692.293, 78
Trd, 4318693.643, 121
Trd, 4318693.993, 131
Trd, 4318695.043, 120
Trd, 4318695.843, 99
Trd, 4318696.593, 130
Trd, 4318696.843, 116
Trd, 4318697.593, 110
Trd, 4318698.193, 93
Trd, 4318699.393, 128
Trd, 4318699.493, 112
Trd, 4318700.343, 97
Trd, 4318701.693, 69
Trd, 4318703.643, 122
Trd, 4318705.393, 132
Trd, 4318706.193, 127
Trd, 4318706.293, 113
Trd, 4318706.893, 102
Trd, 4318709.443, 104
Trd, 4318710.143, 79
Trd, 4318710.493, 103
Trd, 4318711.243, 95
Trd, 4318712.693, 80
Trd, 4318713.593, 135
Trd, 4318713.843, 84
Trd, 4318714.693, 89
Trd, 4318715.743, 122
Trd, 4318717.093, 113
Trd, 4318717.193, 124
Trd, 4318719.793, 109
Trd, 4318720.393, 107
Trd, 4318720.743, 86
Trd, 4318720.943, 118
Trd, 4318721.093, 91
Trd, 4318721.643, 138
Trd, 4318723.243, 112
Trd, 4318723.443, 112
Trd, 4318723.643, 110
Trd, 4318724.593, 111
Trd, 4318725.293, 112
Trd, 4318725.643, 111
Trd, 4318726.043, 94
Trd, 4318729.093, 128
Trd, 4318729.593, 116
Trd, 4318730.193, 111
Trd, 4318730.693, 99
Trd, 4318731.043, 97
Trd, 4318731.243, 93
Trd, 4318731.443, 69
Trd, 4318731.993, 82
Trd, 4318732.443, 140
Trd, 4318733.443, 123
Trd, 4318735.693, 122
Trd, 4318736.243, 125
Trd, 4318736.443, 135
Trd, 4318737.393, 137
Trd, 4318740.043, 135
Trd, 4318740.243, 127
Trd, 4318740.593, 127
Trd, 4318741.693, 123
Trd, 4318741.993, 113
Trd, 4318742.593, 115
Trd, 4318742.693, 139
Trd, 4318743.393, 121
Trd, 4318744.443, 116
Trd, 4318744.843, 114
Trd, 4318747.043, 123
Trd, 4318747.843, 103
Trd, 4318748.643, 127
Trd, 4318748.693, 121
Trd, 4318749.393, 99
Trd, 4318751.493, 84
Trd, 4318753.143, 128
Trd, 4318753.343, 101
Trd, 4318753.993, 85
Trd, 4318754.193, 102
Trd, 4318755.543, 96
Trd, 4318756.243, 112
Trd, 4318756.793, 138
Trd, 4318758.393, 91
Trd, 4318758.893, 83
Trd, 4318760.243, 78
Trd, 4318760.493, 108
Trd, 4318761.793, 124
Trd, 4318761.893, 123
Trd, 4318763.243, 107
Trd, 4318765.243, 92
Trd, 4318765.793, 113
Trd, 4318766.893, 121
Trd, 4318767.093, 90
Trd, 4318767.193, 84
Trd, 4318769.293, 102
Trd, 4318770.143, 135
Trd, 4318770.593, 100
Trd, 4318771.443, 92
Trd, 4318771.493, 88
Trd, 4318774.043, 106
Trd, 4318774.593, 116
Trd, 4318775.143, 84
Trd, 4318775.793, 131
Trd, 4318777.093, 80
Trd, 4318777.743, 81
Trd, 4318779.193, 97
Trd, 4318779.493, 132
Trd, 4318780.343, 116
Trd, 4318780.793, 118
Trd, 4318780.943, 120
Trd, 4318781.893, 113
Trd, 4318782.293, 113
Trd, 4318784.243, 122
Trd, 4318784.293, 119
Trd, 4318785.493, 107
Trd, 4318786.093, 124
Trd, 4318786.393, 127
Trd, 4318786.693, 111
Trd, 4318787.393, 135
Trd, 4318787.443, 120
Trd, 4318787.843, 111
Trd, 4318788.343, 68
Trd, 4318788.993, 127
Trd, 4318789.543, 98
Trd, 4318790.343, 124
Trd, 4318791.843, 118
Trd, 4318792.243, 93
Trd, 4318793.443, 116
Trd, 4318793.893, 106
Trd, 4318794.993, 134
Trd, 4318795.043, 103
Trd, 4318796.293, 136
Trd, 4318797.443, 137
Trd, 4318798.393, 118
Trd, 4318799.293, 139
Trd, 4318799.893, 134
Trd, 4318800.493, 84
Trd, 4318801.543, 135
Trd, 4318802.843, 124
Trd, 4318804.093, 116
Trd, 4318805.093, 111
Trd, 4318805.393, 108
Trd, 4318806.793, 127
Trd, 4318806.943, 91
Trd, 4318807.693, 78
Trd, 4318809.243, 126
Trd, 4318810.293, 102
Trd, 4318810.893, 114
Trd, 4318811.243, 94
Trd, 4318811.643, 121
Trd, 4318812.143, 106
Trd, 4318812.593, 100
Trd, 4318813.843, 98
Trd, 4318814.043, 81
Trd, 4318814.393, 115
Trd, 4318815.293, 85
Trd, 4318815.793, 118
Trd, 4318816.043, 60
Trd, 4318818.243, 128
Trd, 4318819.343, 117
Trd, 4318820.293, 97
Trd, 4318820.693, 98
Trd, 4318821.243, 99
Trd, 4318821.793, 129
Trd, 4318823.643, 127
Trd, 4318823.693, 109
Trd, 4318823.893, 96
Trd, 4318825.443, 102
Trd, 4318825.593, 137
Trd, 4318825.643, 76
Trd, 4318826.343, 70
Trd, 4318827.493, 120
Trd, 4318827.793, 130
Trd, 4318828.543, 116
Trd, 4318829.143, 123
Trd, 4318830.193, 133
Trd, 4318832.743, 123
Trd, 4318832.993, 100
Trd, 4318833.643, 117
Trd, 4318834.993, 128
Trd, 4318835.843, 111
Trd, 4318837.693, 135
Trd, 4318837.943, 103
Trd, 4318838.093, 103
Trd, 4318838.643, 93
Trd, 4318840.793, 98
Trd, 4318841.043, 108
Trd, 4318841.443, 98
Trd, 4318841.543, 96
Trd, 4318841.893, 77
Trd, 4318843.643, 134
Trd, 4318844.793, 93
Trd, 4318845.243, 103
Trd, 4318845.943, 110
Trd, 4318845.993, 100
Trd, 4318846.493, 60
Trd, 4318847.743, 119
Trd, 4318848.993, 127
Trd, 4318849.343, 134
Trd, 4318849.393, 99
Trd, 4318850.693, 127
Trd, 4318851.093, 77
Trd, 4318851.993, 140
Trd, 4318853.643, 134
Trd, 4318854.093, 122
Trd, 4318854.793, 110
Trd, 4318855.743, 95
Trd, 4318856.843, 130
Trd, 4318857.543, 88
Trd, 4318858.293, 127
Trd, 4318859.343, 63
Trd, 4318859.693, 110
Trd, 4318859.943, 84
Trd, 4318861.443, 121
Trd, 4318862.543, 91
Trd, 4318863.343, 135
Trd, 4318863.793, 109
Trd, 4318864.593, 112
Trd, 4318865.243, 113
Trd, 4318866.393, 126
Trd, 4318866.693, 119
Trd, 4318866.943, 103
Trd, 4318868.543, 98
Trd, 4318870.743, 108
Trd, 4318871.193, 98
Trd, 4318871.893, 104
Trd, 4318872.143, 130
Trd, 4318872.593, 103
Trd, 4318874.343, 113
Trd, 4318875.343, 104
Trd, 4318875.743, 132
Trd, 4318876.093, 105
Trd, 4318879.293, 115
Trd, 4318879.543, 105
Trd, 4318880.843, 124
Trd, 4318882.143, 110
Trd, 4318882.343, 111
Trd, 4318883.543, 109
Trd, 4318885.043, 107
Trd, 4318885.543, 100
Trd, 4318885.793, 101
Trd, 4318886.393, 122
Trd, 4318887.043, 92
Trd, 4318887.493, 140
Trd, 4318888.593, 107
Trd, 4318889.793, 111
Trd, 4318890.893, 110
Trd, 4318890.993, 87
Trd, 4318891.293, 95
Trd, 4318892.343, 123
Trd, 4318894.293, 120
Trd, 4318894.743, 118
Trd, 4318895.193, 108
Trd, 4318896.093, 110
Trd, 4318896.443, 138
Trd, 4318897.143, 100
Trd, 4318898.643, 69
Trd, 4318898.843, 96
Trd, 4318899.993, 120
Trd, 4318900.143, 104
Trd, 4318901.193, 105
Trd, 4318902.693, 122
Trd, 4318902.993, 129
Trd, 4318903.043, 108
Trd, 4318904.143, 102
Trd, 4318905.893, 112
Trd, 4318907.343, 75
Trd, 4318907.993, 101
Trd, 4318909.543, 94
Trd, 4318910.443, 103
Trd, 4318911.443, 115
Trd, 4318911.543, 131
Trd, 4318912.143, 79
Trd, 4318912.293, 93
Trd, 4318912.993, 120
Trd, 4318913.993, 64
Trd, 4318914.743, 119
Trd, 4318915.593, 63
Trd, 4318916.543, 104
Trd, 4318917.243, 103
Trd, 4318917.993, 96
Trd, 4318918.293, 99
Trd, 4318918.393, 91
Trd, 4318919.443, 107
Trd, 4318920.443, 114
Trd, 4318921.293, 80
Trd, 4318922.393, 89
Trd, 4318922.943, 87
Trd, 4318922.993, 89
Trd, 4318923.143, 104
Trd, 4318926.393, 98
Trd, 4318926.543, 95
Trd, 4318927.693, 71
Trd, 4318928.493, 110
Trd, 4318929.043, 100
Trd, 4318929.343, 112
Trd, 4318931.143, 71
Trd, 4318931.543, 95
Trd, 4318931.693, 76
Trd, 4318932.793, 69
Trd, 4318933.493, 104
Trd, 4318935.093, 67
Trd, 4318936.343, 93
Trd, 4318937.293, 113
Trd, 4318937.743, 94
Trd, 4318938.693, 119
Trd, 4318938.943, 112
Trd, 4318939.293, 107
Trd, 4318939.743, 92
Trd, 4318940.293, 112
Trd, 4318942.243, 107
Trd, 4318943.343, 104
Trd, 4318943.893, 102
Trd, 4318944.193, 85
Trd, 4318944.743, 139
Trd, 4318945.793, 133
Trd, 4318946.993, 133
Trd, 4318947.693, 115
Trd, 4318947.943, 108
Trd, 4318947.993, 91
Trd, 4318948.343, 72
Trd, 4318949.243, 122
Trd, 4318950.193, 93
Trd, 4318951.343, 125
Trd, 4318952.293, 121
Trd, 4318954.543, 100
Trd, 4318955.243, 118
Trd, 4318955.393, 96
Trd, 4318955.493, 85
Trd, 4318957.193, 117
Trd, 4318957.393, 94
Trd, 4318957.843, 90
Trd, 4318958.893, 94
Trd, 4318959.443, 77
Trd, 4318959.843, 90
Trd, 4318960.143, 90
Trd, 4318961.793, 85
Trd, 4318962.243, 112
Trd, 4318963.293, 134
Trd, 4318963.743, 97
Trd, 4318964.093, 115
Trd, 4318966.543, 127
Trd, 4318966.643, 91
Trd, 4318967.393, 84
Trd, 4318967.893, 93
Trd, 4318969.143, 121
Trd, 4318969.793, 135
Trd, 4318969.893, 112
Trd, 4318970.793, 130
Trd, 4318971.643, 105
Trd, 4318972.493, 118
Trd, 4318974.143, 99
Trd, 4318975.643, 101
Trd, 4318976.143, 93
Trd, 4318977.293, 96
Trd, 4318978.293, 121
Trd, 4318978.793, 99
Trd, 4318980.593, 132
Trd, 4318981.893, 102
Trd, 4318982.143, 114
Trd, 4318983.793, 139
Trd, 4318984.193, 109
Trd, 4318984.693, 124
Trd, 4318985.743, 126
Trd, 4318986.793, 114
Trd, 4318987.093, 108
Trd, 4318987.443, 70
Trd, 4318987.993, 95
Trd, 4318988.843, 61
Trd, 4318991.793, 133
Trd, 4318991.843, 127
Trd, 4318991.943, 104
Trd, 4318992.193, 128
Trd, 4318993.393, 69
Trd, 4318994.443, 82
Trd, 4318995.143, 94
Trd, 4318995.593, 101
Trd, 4318997.493, 134
Trd, 4318997.593, 110
Trd, 4318998.893, 112
Trd, 4318999.393, 129
Trd, 4318999.993, 102
Trd, 4319000.593, 130
Trd, 4319001.043, 126
Trd, 4319001.443, 130
Trd, 4319001.643, 115
Trd, 4319001.893, 135
Trd, 4319002.743, 135
Trd, 4319004.493, 92
Trd, 4319004.943, 88
Trd, 4319005.643, 88
Trd, 4319006.043, 123
Trd, 4319006.293, 107
Trd, 4319006.843, 68
Trd, 4319007.093, 91
Trd, 4319009.643, 133
Trd, 4319011.343, 107
Trd, 4319011.643, 119
Trd, 4319012.143, 111
Trd, 4319015.643, 122
Trd, 4319015.743, 90
Trd, 4319016.393, 107
Trd, 4319017.243, 99
Trd, 4319017.393, 118
Trd, 4319018.293, 117
Trd, 4319018.993, 133
Trd, 4319019.293, 110
Trd, 4319019.543, 101
Trd, 4319020.143, 135
Trd, 4319021.943, 104
Trd, 4319021.993, 90
Trd, 4319022.993, 65
Trd, 4319023.093, 77
Trd, 4319024.443, 89
Trd, 4319026.193, 109
Trd, 4319026.743, 109
Trd, 4319027.043, 80
Trd, 4319027.343, 89
Trd, 4319029.993, 135
Trd, 4319030.043, 128
Trd, 4319030.693, 127
Trd, 4319033.393, 137
Trd, 4319033.593, 112
Trd, 4319034.193, 122
Trd, 4319034.643, 101
Trd, 4319035.293, 98
Trd, 4319036.043, 121
Trd, 4319037.293, 127
Trd, 4319037.493, 116
Trd, 4319038.993, 134
Trd, 4319039.243, 117
Trd, 4319039.643, 103
Trd, 4319039.993, 85
Trd, 4319040.043, 139
Trd, 4319041.693, 127
Trd, 4319042.143, 125
Trd, 4319043.243, 90
Trd, 4319045.393, 136
Trd, 4319045.743, 123
Trd, 4319046.543, 111
Trd, 4319047.193, 100
Trd, 4319047.793, 75
Trd, 4319048.293, 120
Trd, 4319049.393, 101
Trd, 4319050.693, 116
Trd, 4319051.243, 135
Trd, 4319052.143, 91
Trd, 4319052.593, 99
Trd, 4319056.243, 116
Trd, 4319056.943, 105
Trd, 4319057.193, 121
Trd, 4319057.443, 131
Trd, 4319057.943, 115
Trd, 4319059.343, 93
Trd, 4319059.443, 92
Trd, 4319059.993, 84
Trd, 4319060.143, 116
Trd, 4319060.643, 81
Trd, 4319062.643, 122
Trd, 4319063.243, 105
Trd, 4319064.143, 100
Trd, 4319064.893, 94
Trd, 4319064.993, 72
Trd, 4319065.593, 73
Trd, 4319066.243, 123
Trd, 4319067.093, 125
Trd, 4319067.993, 138
Trd, 4319069.043, 121
Trd, 4319069.093, 82
Trd, 4319069.343, 122
Trd, 4319069.743, 113
Trd, 4319070.793, 98
Trd, 4319071.193, 107
Trd, 4319071.593, 134
Trd, 4319072.393, 136
Trd, 4319073.093, 136
Trd, 4319073.443, 127
Trd, 4319074.593, 70
Trd, 4319075.543, 98
Trd, 4319076.043, 89
Trd, 4319078.943, 86
Trd, 4319079.243, 126
Trd, 4319081.493, 138
Trd, 4319081.543, 79
Trd, 4319082.243, 106
Trd, 4319082.743, 127
Trd, 4319083.493, 113
Trd, 4319084.243, 137
Trd, 4319084.793, 120
Trd, 4319086.193, 64
Trd, 4319086.743, 109
Trd, 4319087.143, 65
Trd, 4319088.443, 66
Trd, 4319089.793, 123
Trd, 4319089.843, 91
Trd, 4319090.743, 133
Trd, 4319092.793, 135
Trd, 4319093.193, 119
Trd, 4319094.093, 131
Trd, 4319094.243, 119
Trd, 4319095.243, 99
Trd, 4319097.193, 125
Trd, 4319097.943, 124
Trd, 4319098.143, 110
Trd, 4319098.543, 108
Trd, 4319099.093, 127
Trd, 4319099.993, 124
Trd, 4319100.843, 122
Trd, 4319101.143, 118
Trd, 4319101.393, 100
Trd, 4319101.543, 90
Trd, 4319103.093, 131
Trd, 4319103.493, 92
Trd, 4319104.093, 65
Trd, 4319105.093, 92
Trd, 4319105.343, 137
Trd, 4319105.893, 99
Trd, 4319108.443, 114
Trd, 4319109.143, 87
Trd, 4319109.443, 102
Trd, 4319110.143, 67
Trd, 4319110.843, 124
Trd, 4319111.743, 94
Trd, 4319111.793, 89
Trd, 4319112.493, 79
Trd, 4319113.143, 123
Trd, 4319113.893, 89
Trd, 4319115.343, 124
Trd, 4319116.643, 124
Trd, 4319117.443, 119
Trd, 4319118.043, 135
Trd, 4319119.043, 107
Trd, 4319119.443, 83
Trd, 4319119.693, 105
Trd, 4319120.393, 140
Trd, 4319120.993, 136
Trd, 4319121.743, 132
Trd, 4319121.893, 99
Trd, 4319124.243, 136
Trd, 4319125.543, 121
Trd, 4319125.793, 111
Trd, 4319125.993, 98
Trd, 4319126.843, 97
Trd, 4319126.943, 78
Trd, 4319127.543, 104
Trd, 4319127.693, 104
Trd, 4319127.993, 120
Trd, 4319129.543, 120
Trd, 4319130.193, 132
Trd, 4319131.143, 97
Trd, 4319132.543, 115
Trd, 4319133.393, 122
Trd, 4319134.593, 123
Trd, 4319134.843, 86
Trd, 4319135.693, 96
Trd, 4319136.543, 122
Trd, 4319137.293, 100
Trd, 4319138.193, 132
Trd, 4319138.693, 135
Trd, 4319139.493, 83
Trd, 4319139.543, 64
Trd, 4319140.643, 123
Trd, 4319141.643, 89
Trd, 4319142.893, 104
Trd, 4319144.093, 92
Trd, 4319144.443, 125
Trd, 4319145.143, 97
Trd, 4319145.193, 84
Trd, 4319145.643, 108
Trd, 4319146.543, 135
Trd, 4319147.693, 115
Trd, 4319148.993, 117
Trd, 4319149.043, 118
Trd, 4319149.393, 116
Trd, 4319149.993, 116
Trd, 4319152.043, 84
Trd, 4319152.693, 93
Trd, 4319153.143, 83
Trd, 4319154.343, 133
Trd, 4319155.743, 129
Trd, 4319156.043, 122
Trd, 4319157.193, 112
Trd, 4319157.643, 124
Trd, 4319158.343, 136
Trd, 4319160.293, 135
Trd, 4319160.593, 120
Trd, 4319160.743, 115
Trd, 4319160.993, 100
Trd, 4319161.893, 94
Trd, 4319163.093, 128
Trd, 4319163.743, 112
Trd, 4319164.643, 121
Trd, 4319165.643, 111
Trd, 4319165.743, 106
Trd, 4319166.343, 78
Trd, 4319168.143, 71
Trd, 4319168.843, 79
Trd, 4319169.043, 80
Trd, 4319170.143, 124
Trd, 4319170.843, 97
Trd, 4319171.993, 127
Trd, 4319172.143, 85
Trd, 4319173.493, 126
Trd, 4319174.343, 110
Trd, 4319177.243, 113
Trd, 4319177.443, 113
Trd, 4319178.143, 97
Trd, 4319178.343, 98
Trd, 4319179.393, 119
Trd, 4319179.943, 123
Trd, 4319180.543, 86
Trd, 4319182.343, 65
Trd, 4319183.043, 114
Trd, 4319183.843, 93
Trd, 4319184.193, 126
Trd, 4319185.143, 140
Trd, 4319186.643, 124
Trd, 4319186.793, 116
Trd, 4319187.793, 75
Trd, 4319188.643, 74
Trd, 4319189.243, 68
Trd, 4319189.543, 104
Trd, 4319190.043, 110
Trd, 4319191.193, 139
Trd, 4319191.893, 126
Trd, 4319192.593, 133
Trd, 4319194.943, 112
Trd, 4319196.243, 105
Trd, 4319197.393, 138
Trd, 4319197.893, 123
Trd, 4319198.293, 109
Trd, 4319199.943, 99
Trd, 4319200.143, 101
Trd, 4319200.743, 98
Trd, 4319202.593, 136
Trd, 4319204.343, 133
Trd, 4319205.343, 139
Trd, 4319206.693, 133
Trd, 4319207.493, 140
Trd, 4319207.893, 136
Trd, 4319210.943, 98
Trd, 4319210.993, 92
Trd, 4319211.643, 90
Trd, 4319212.343, 119
Trd, 4319212.793, 86
Trd, 4319213.343, 85
Trd, 4319214.093, 65
Trd, 4319215.743, 106
Trd, 4319215.893, 97
Trd, 4319216.343, 93
Trd, 4319216.593, 128
Trd, 4319216.743, 117
Trd, 4319218.943, 113
Trd, 4319219.393, 92
Trd, 4319219.493, 113
Trd, 4319219.743, 78
Trd, 4319220.093, 114
Trd, 4319220.493, 98
Trd, 4319221.243, 104
Trd, 4319222.143, 73
Trd, 4319222.443, 121
Trd, 4319223.193, 109
Trd, 4319224.593, 123
Trd, 4319225.043, 101
Trd, 4319226.093, 111
Trd, 4319226.243, 92
Trd, 4319226.843, 99
Trd, 4319227.143, 91
Trd, 4319228.593, 137
Trd, 4319229.193, 84
Trd, 4319230.193, 110
Trd, 4319231.343, 112
Trd, 4319232.093, 110
Trd, 4319232.943, 123
Trd, 4319232.993, 105
Trd, 4319234.143, 136
Trd, 4319235.493, 120
Trd, 4319235.893, 112
Trd, 4319236.593, 111
Trd, 4319236.843, 124
Trd, 4319237.343, 128
Trd, 4319238.943, 121
Trd, 4319240.743, 109
Trd, 4319241.043, 111
Trd, 4319241.643, 108
Trd, 4319242.443, 128
Trd, 4319243.793, 126
Trd, 4319244.143, 102
Trd, 4319244.493, 91
Trd, 4319246.543, 140
Trd, 4319246.743, 100
Trd, 4319247.743, 79
Trd, 4319249.093, 114
Trd, 4319249.643, 88
Trd, 4319250.393, 137
Trd, 4319251.043, 93
Trd, 4319252.443, 137
Trd, 4319252.493, 110
Trd, 4319252.893, 119
Trd, 4319253.393, 106
Trd, 4319253.893, 94
Trd, 4319254.793, 85
Trd, 4319254.943, 100
Trd, 4319255.293, 134
Trd, 4319256.643, 72
Trd, 4319256.893, 106
Trd, 4319258.243, 89
Trd, 4319259.643, 96
Trd, 4319260.443, 115
Trd, 4319260.943, 85
Trd, 4319261.793, 108
Trd, 4319263.943, 116
Trd, 4319264.793, 118
Trd, 4319265.993, 116
Trd, 4319266.293, 108
Trd, 4319266.343, 95
Trd, 4319266.543, 94
Trd, 4319266.943, 84
Trd, 4319267.193, 85
Trd, 4319267.493, 98
Trd, 4319268.143, 94
Trd, 4319268.443, 133
Trd, 4319268.843, 121
Trd, 4319269.743, 90
Trd, 4319271.293, 100
Trd, 4319272.693, 101
Trd, 4319273.443, 65
Trd, 4319273.843, 85
Trd, 4319276.193, 133
Trd, 4319277.043, 135
Trd, 4319278.743, 115
Trd, 4319278.843, 108
Trd, 4319279.493, 108
Trd, 4319281.243, 76
Trd, 4319281.343, 116
Trd, 4319281.643, 80
Trd, 4319282.743, 88
Trd, 4319284.593, 130
Trd, 4319285.643, 102
Trd, 4319286.743, 85
Trd, 4319286.993, 101
Trd, 4319287.943, 127
Trd, 4319288.493, 73
Trd, 4319289.193, 78
Trd, 4319290.293, 63
Trd, 4319290.393, 86
Trd, 4319290.643, 88
Trd, 4319292.043, 125
Trd, 4319292.193, 113
Trd, 4319294.493, 131
Trd, 4319296.793, 123
Trd, 4319297.243, 98
Trd, 4319297.893, 107
Trd, 4319298.993, 95
Trd, 4319300.243, 122
Trd, 4319300.443, 116
Trd, 4319300.993, 111
Trd, 4319302.543, 89
Trd, 4319302.893, 89
Trd, 4319303.043, 85
Trd, 4319304.193, 131
Trd, 4319305.393, 105
Trd, 4319305.993, 118
Trd, 4319306.993, 129
Trd, 4319308.093, 129
Trd, 4319308.543, 116
Trd, 4319309.493, 127
Trd, 4319309.643, 103
Trd, 4319310.593, 90
Trd, 4319310.843, 80
Trd, 4319311.243, 133
Trd, 4319312.293, 117
Trd, 4319312.893, 137
Trd, 4319313.593, 134
Trd, 4319314.493, 90
Trd, 4319315.943, 62
Trd, 4319317.243, 102
Trd, 4319317.843, 79
Trd, 4319317.893, 73
Trd, 4319318.393, 133
Trd, 4319318.643, 139
Trd, 4319320.093, 126
Trd, 4319320.593, 128
Trd, 4319320.643, 101
Trd, 4319321.293, 95
Trd, 4319322.993, 77
Trd, 4319323.593, 132
Trd, 4319323.993, 78
Trd, 4319324.793, 73
Trd, 4319325.893, 88
Trd, 4319326.043, 111
Trd, 4319328.193, 101
Trd, 4319328.343, 118
Trd, 4319329.543, 124
Trd, 4319330.293, 101
Trd, 4319332.193, 119
Trd, 4319332.493, 132
Trd, 4319334.143, 110
Trd, 4319334.743, 98
Trd, 4319335.543, 114
Trd, 4319335.593, 86
Trd, 4319336.343, 93
Trd, 4319337.993, 136
Trd, 4319338.443, 96
Trd, 4319338.593, 86
Trd, 4319338.843, 107
Trd, 4319339.943, 121
Trd, 4319341.643, 138
Trd, 4319342.493, 137
Trd, 4319342.593, 114
Trd, 4319342.993, 90
Trd, 4319343.693, 127
Trd, 4319345.093, 128
Trd, 4319345.693, 117
Trd, 4319346.093, 113
Trd, 4319347.943, 127
Trd, 4319348.693, 105
Trd, 4319350.243, 123
Trd, 4319350.993, 113
Trd, 4319351.843, 101
Trd, 4319352.293, 103
Trd, 4319352.743, 101
Trd, 4319353.143, 92
Trd, 4319354.793, 73
Trd, 4319354.843, 68
Trd, 4319356.293, 85
Trd, 4319356.593, 119
Trd, 4319356.893, 125
Trd, 4319357.093, 117
Trd, 4319358.393, 93
Trd, 4319359.093, 73
Trd, 4319361.043, 103
Trd, 4319361.493, 80
Trd, 4319361.793, 112
Trd, 4319361.893, 94
Trd, 4319363.093, 115
Trd, 4319363.593, 119
Trd, 4319363.743, 108
Trd, 4319365.243, 96
Trd, 4319365.943, 108
Trd, 4319366.943, 137
Trd, 4319369.093, 112
Trd, 4319369.243, 117
Trd, 4319369.743, 129
Trd, 4319369.943, 120
Trd, 4319370.243, 109
Trd, 4319370.743, 105
Trd, 4319371.643, 128
Trd, 4319371.893, 114
Trd, 4319372.193, 90
Trd, 4319372.643, 76
Trd, 4319374.643, 95
Trd, 4319375.843, 107
Trd, 4319376.543, 126
Trd, 4319377.193, 105
Trd, 4319377.643, 95
Trd, 4319378.293, 84
Trd, 4319378.593, 99
Trd, 4319378.793, 89
Trd, 4319379.593, 91
Trd, 4319381.393, 111
Trd, 4319381.543, 108
Trd, 4319383.443, 133
Trd, 4319383.493, 84
Trd, 4319384.643, 131
Trd, 4319384.843, 126
Trd, 4319385.093, 105
Trd, 4319385.893, 103
Trd, 4319386.043, 117
Trd, 4319386.393, 100
Trd, 4319387.843, 123
Trd, 4319388.743, 98
Trd, 4319389.143, 76
Trd, 4319390.093, 92
Trd, 4319390.543, 123
Trd, 4319390.943, 117
Trd, 4319392.593, 134
Trd, 4319392.843, 130
Trd, 4319393.593, 98
Trd, 4319395.193, 137
Trd, 4319395.693, 134
Trd, 4319396.143, 135
Trd, 4319396.843, 136
Trd, 4319397.343, 112
Trd, 4319398.793, 133
Trd, 4319401.893, 109
Trd, 4319402.193, 108
Trd, 4319404.593, 115
Trd, 4319405.243, 116
Trd, 4319405.643, 125
Trd, 4319408.243, 129
Trd, 4319408.693, 128
Trd, 4319409.093, 117
Trd, 4319410.193, 111
Trd, 4319410.293, 108
Trd, 4319411.743, 93
Trd, 4319412.393, 115
Trd, 4319413.543, 133
Trd, 4319414.243, 107
Trd, 4319414.493, 83
Trd, 4319415.243, 73
Trd, 4319415.843, 115
Trd, 4319418.593, 97
Trd, 4319419.143, 99
Trd, 4319419.293, 132
Trd, 4319420.093, 123
Trd, 4319420.993, 140
Trd, 4319421.243, 95
Trd, 4319421.893, 67
Trd, 4319422.943, 137
Trd, 4319424.693, 99
Trd, 4319425.943, 129
Trd, 4319428.343, 117
Trd, 4319428.443, 94
Trd, 4319429.243, 102
Trd, 4319429.993, 133
Trd, 4319430.643, 130
Trd, 4319430.893, 126
Trd, 4319431.143, 113
Trd, 4319431.193, 95
Trd, 4319431.443, 126
Trd, 4319431.943, 79
Trd, 4319432.793, 116
Trd, 4319433.393, 120
Trd, 4319435.043, 102
Trd, 4319437.793, 115
Trd, 4319439.493, 123
Trd, 4319439.693, 122
Trd, 4319439.843, 108
Trd, 4319442.093, 131
Trd, 4319442.443, 115
Trd, 4319442.593, 99
Trd, 4319445.693, 138
Trd, 4319445.943, 135
Trd, 4319446.743, 115
Trd, 4319447.593, 133
Trd, 4319448.643, 111
Trd, 4319449.993, 122
Trd, 4319450.593, 114
Trd, 4319450.893, 130
Trd, 4319451.243, 102
Trd, 4319451.293, 88
Trd, 4319451.993, 116
Trd, 4319453.143, 137
Trd, 4319454.093, 126
Trd, 4319456.343, 112
Trd, 4319457.193, 110
Trd, 4319457.943, 137
Trd, 4319458.643, 82
Trd, 4319459.543, 79
Trd, 4319460.943, 93
Trd, 4319462.793, 90
Trd, 4319463.043, 103
Trd, 4319463.593, 111
Trd, 4319463.693, 125
Trd, 4319465.543, 135
Trd, 4319467.343, 131
Trd, 4319468.793, 108
Trd, 4319469.343, 94
Trd, 4319469.543, 100
Trd, 4319469.593, 85
Trd, 4319470.393, 123
Trd, 4319470.943, 105
Trd, 4319471.143, 94
Trd, 4319472.793, 122
Trd, 4319473.293, 111
Trd, 4319474.943, 82
Trd, 4319476.643, 93
Trd, 4319477.443, 84
Trd, 4319478.993, 126
Trd, 4319479.843, 130
Trd, 4319480.243, 107
Trd, 4319480.293, 97
Trd, 4319480.843, 113
Trd, 4319482.043, 87
Trd, 4319483.043, 95
Trd, 4319483.943, 117
Trd, 4319486.493, 134
Trd, 4319486.843, 116
Trd, 4319486.993, 90
Trd, 4319487.943, 114
Trd, 4319488.093, 111
Trd, 4319489.643, 104
Trd, 4319490.193, 83
Trd, 4319490.643, 123
Trd, 4319491.143, 104
Trd, 4319491.843, 139
Trd, 4319492.693, 104
Trd, 4319492.893, 110
Trd, 4319495.743, 137
Trd, 4319496.443, 100
Trd, 4319496.493, 91
Trd, 4319496.993, 94
Trd, 4319497.643, 140
Trd, 4319498.693, 129
Trd, 4319499.643, 138
Trd, 4319499.743, 132
Trd, 4319500.443, 101
Trd, 4319501.093, 71
Trd, 4319501.643, 102
Trd, 4319502.693, 86
Trd, 4319502.793, 72
Trd, 4319504.293, 72
Trd, 4319504.343, 88
Trd, 4319505.693, 84
Trd, 4319508.093, 108
Trd, 4319508.443, 120
Trd, 4319508.643, 91
Trd, 4319509.593, 125
Trd, 4319510.493, 101
Trd, 4319510.593, 106
Trd, 4319510.993, 99
Trd, 4319511.443, 110
Trd, 4319512.443, 97
Trd, 4319515.143, 139
Trd, 4319515.993, 121
Trd, 4319516.393, 119
Trd, 4319516.743, 127
Trd, 4319519.293, 85
Trd, 4319520.693, 66
Trd, 4319520.943, 79
Trd, 4319521.093, 81
Trd, 4319521.893, 109
Trd, 4319522.193, 123
Trd, 4319524.393, 99
Trd, 4319524.993, 97
Trd, 4319525.043, 120
Trd, 4319526.143, 135
Trd, 4319527.643, 129
Trd, 4319528.393, 84
Trd, 4319529.093, 110
Trd, 4319529.643, 120
Trd, 4319530.193, 114
Trd, 4319530.493, 108
Trd, 4319530.593, 103
Trd, 4319531.293, 73
Trd, 4319533.093, 121
Trd, 4319533.493, 113
Trd, 4319533.643, 100
Trd, 4319533.793, 127
Trd, 4319534.543, 118
Trd, 4319534.693, 72
Trd, 4319536.643, 110
Trd, 4319537.743, 70
Trd, 4319537.993, 130
Trd, 4319539.843, 100
Trd, 4319541.043, 61
Trd, 4319541.693, 87
Trd, 4319542.293, 130
Trd, 4319542.343, 124
Trd, 4319542.493, 87
Trd, 4319542.993, 99
Trd, 4319544.643, 131
Trd, 4319545.443, 137
Trd, 4319546.043, 103
Trd, 4319547.193, 82
Trd, 4319547.943, 92
Trd, 4319548.893, 134
Trd, 4319549.643, 111
Trd, 4319550.143, 101
Trd, 4319550.843, 82
Trd, 4319550.893, 104
Trd, 4319551.693, 86
Trd, 4319551.843, 69
Trd, 4319552.243, 123
Trd, 4319553.593, 78
Trd, 4319553.693, 95
Trd, 4319554.343, 131
Trd, 4319555.093, 118
Trd, 4319555.843, 108
Trd, 4319556.093, 107
Trd, 4319558.043, 110
Trd, 4319559.943, 72
Trd, 4319560.293, 76
Trd, 4319562.893, 71
Trd, 4319563.193, 127
Trd, 4319563.493, 109
Trd, 4319564.443, 68
Trd, 4319565.043, 68
Trd, 4319565.643, 67
Trd, 4319565.843, 71
Trd, 4319566.843, 100
Trd, 4319566.943, 100
Trd, 4319567.393, 87
Trd, 4319567.593, 79
Trd, 4319568.743, 108
Trd, 4319569.993, 136
Trd, 4319570.893, 118
Trd, 4319571.743, 99
Trd, 4319571.993, 87
Trd, 4319572.493, 92
Trd, 4319573.293, 64
Trd, 4319573.593, 123
Trd, 4319573.893, 124
Trd, 4319574.393, 90
Trd, 4319577.193, 136
Trd, 4319577.293, 102
Trd, 4319578.193, 64
Trd, 4319579.043, 125
Trd, 4319579.743, 118
Trd, 4319580.643, 133
Trd, 4319582.193, 106
Trd, 4319582.543, 107
Trd, 4319582.693, 105
Trd, 4319587.243, 121
Trd, 4319587.493, 140
Trd, 4319588.143, 114
Trd, 4319588.843, 137
Trd, 4319589.043, 134
Trd, 4319589.193, 121
Trd, 4319589.343, 109
Trd, 4319589.893, 78
Trd, 4319590.493, 134
Trd, 4319592.193, 91
Trd, 4319592.443, 119
Trd, 4319594.143, 102
Trd, 4319594.293, 115
Trd, 4319596.493, 131
Trd, 4319596.943, 97
Trd, 4319597.643, 104
Trd, 4319598.543, 124
Trd, 4319599.893, 140
Trd, 4319600.343, 121
Trd, 4319600.443, 98
Trd, 4319600.793, 86
Trd, 4319601.793, 108
Trd, 4319602.093, 122
Trd, 4319602.293, 99
Trd, 4319602.943, 117
Trd, 4319604.843, 128
Trd, 4319605.843, 124
Trd, 4319607.393, 104
Trd, 4319608.093, 77
Trd, 4319608.393, 77
Trd, 4319608.993, 78
Trd, 4319610.643, 80
Trd, 4319610.793, 94
Trd, 4319610.943, 107
Trd, 4319611.493, 118
Trd, 4319616.293, 129
Trd, 4319616.343, 123
Trd, 4319616.443, 118
Trd, 4319618.093, 133
Trd, 4319618.943, 103
Trd, 4319619.193, 88
Trd, 4319619.943, 62
Trd, 4319621.443, 131
Trd, 4319622.493, 76
Trd, 4319622.643, 114
Trd, 4319624.543, 109
Trd, 4319625.593, 95
Trd, 4319626.393, 95
Trd, 4319627.793, 134
Trd, 4319628.793, 131
Trd, 4319630.193, 116
Trd, 4319630.693, 138
Trd, 4319631.943, 113
Trd, 4319632.793, 119
Trd, 4319633.243, 75
Trd, 4319634.543, 117
Trd, 4319635.493, 111
Trd, 4319635.643, 111
Trd, 4319635.743, 103
Trd, 4319636.643, 126
Trd, 4319636.693, 94
Trd, 4319638.043, 135
Trd, 4319640.043, 137
Trd, 4319640.143, 120
Trd, 4319640.343, 118
Trd, 4319642.743, 124
Trd, 4319643.043, 104
Trd, 4319645.093, 95
Trd, 4319646.293, 118
Trd, 4319646.493, 106
Trd, 4319647.393, 128
Trd, 4319648.593, 124
Trd, 4319649.093, 105
Trd, 4319649.693, 95
Trd, 4319650.393, 135
Trd, 4319650.693, 136
Trd, 4319652.143, 113
Trd, 4319653.843, 133
Trd, 4319653.993, 111
Trd, 4319654.093, 132
Trd, 4319655.093, 97
Trd, 4319655.343, 93
Trd, 4319656.043, 110
Trd, 4319656.443, 87
Trd, 4319657.943, 112
Trd, 4319659.393, 112
Trd, 4319660.593, 107
Trd, 4319660.893, 106
Trd, 4319661.993, 81
Trd, 4319662.193, 71
Trd, 4319664.093, 125
Trd, 4319664.493, 101
Trd, 4319664.843, 137
Trd, 4319664.943, 83
Trd, 4319665.793, 106
Trd, 4319667.493, 124
Trd, 4319668.393, 93
Trd, 4319668.793, 122
Trd, 4319669.593, 105
Trd, 4319670.443, 90
Trd, 4319670.693, 76
Trd, 4319671.293, 73
Trd, 4319672.143, 90
Trd, 4319672.743, 102
Trd, 4319673.043, 98
Trd, 4319673.443, 76
Trd, 4319675.343, 72
Trd, 4319675.593, 73
Trd, 4319676.593, 63
Trd, 4319678.143, 122
Trd, 4319679.043, 133
Trd, 4319680.393, 140
Trd, 4319680.743, 115
Trd, 4319683.143, 123
Trd, 4319683.743, 123
Trd, 4319683.943, 109
Trd, 4319684.193, 100
Trd, 4319684.843, 136
Trd, 4319685.643, 65
Trd, 4319685.743, 89
Trd, 4319686.593, 133
Trd, 4319687.393, 115
Trd, 4319688.543, 73
Trd, 4319691.143, 130
Trd, 4319693.493, 92
Trd, 4319696.093, 138
Trd, 4319697.243, 130
Trd, 4319697.543, 128
Trd, 4319698.093, 109
Trd, 4319698.893, 103
Trd, 4319700.043, 122
Trd, 4319701.143, 113
Trd, 4319701.393, 108
Trd, 4319702.643, 132
Trd, 4319702.693, 130
Trd, 4319703.543, 113
Trd, 4319704.343, 106
Trd, 4319705.343, 97
Trd, 4319705.643, 95
Trd, 4319706.593, 137
Trd, 4319706.743, 115
Trd, 4319707.743, 128
Trd, 4319708.193, 106
Trd, 4319709.693, 93
Trd, 4319709.793, 133
Trd, 4319710.193, 122
Trd, 4319710.543, 76
Trd, 4319712.343, 76
Trd, 4319712.643, 101
Trd, 4319714.743, 102
Trd, 4319714.943, 113
Trd, 4319715.793, 86
Trd, 4319716.643, 74
Trd, 4319717.493, 106
Trd, 4319718.343, 140
Trd, 4319719.343, 125
Trd, 4319722.193, 102
Trd, 4319722.393, 95
Trd, 4319722.493, 83
Trd, 4319723.993, 123
Trd, 4319724.443, 89
Trd, 4319725.793, 136
Trd, 4319726.793, 107
Trd, 4319726.943, 114
Trd, 4319729.393, 135
Trd, 4319730.043, 133
Trd, 4319730.893, 132
Trd, 4319731.093, 130
Trd, 4319731.993, 120
Trd, 4319732.143, 109
Trd, 4319732.193, 106
Trd, 4319732.843, 97
Trd, 4319733.693, 89
Trd, 4319734.493, 87
Trd, 4319735.193, 99
Trd, 4319735.793, 119
Trd, 4319737.793, 131
Trd, 4319738.793, 94
Trd, 4319739.343, 93
Trd, 4319740.043, 105
Trd, 4319740.943, 82
Trd, 4319744.193, 117
Trd, 4319744.293, 116
Trd, 4319745.343, 112
Trd, 4319746.543, 139
Trd, 4319746.593, 104
Trd, 4319747.093, 122
Trd, 4319748.843, 131
Trd, 4319750.143, 121
Trd, 4319750.593, 128
Trd, 4319751.243, 118
Trd, 4319751.543, 114
Trd, 4319752.393, 108
Trd, 4319752.493, 106
Trd, 4319753.393, 95
Trd, 4319753.593, 85
Trd, 4319754.043, 112
Trd, 4319754.943, 95
Trd, 4319755.943, 139
Trd, 4319756.343, 102
Trd, 4319756.793, 105
Trd, 4319758.793, 131
Trd, 4319759.193, 107
Trd, 4319759.493, 88
Trd, 4319760.343, 80
Trd, 4319761.093, 105
Trd, 4319761.743, 107
Trd, 4319763.143, 105
Trd, 4319764.143, 81
Trd, 4319764.743, 111
Trd, 4319765.643, 114
Trd, 4319765.893, 86
Trd, 4319766.643, 134
Trd, 4319767.193, 139
Trd, 4319768.143, 129
Trd, 4319769.343, 123
Trd, 4319769.443, 95
Trd, 4319770.243, 98
Trd, 4319771.493, 85
Trd, 4319771.593, 77
Trd, 4319774.693, 86
Trd, 4319775.343, 94
Trd, 4319776.843, 74
Trd, 4319777.493, 81
Trd, 4319777.543, 102
Trd, 4319777.893, 74
Trd, 4319778.793, 108
Trd, 4319780.093, 128
Trd, 4319780.693, 109
Trd, 4319781.143, 123
Trd, 4319782.693, 104
Trd, 4319783.143, 140
Trd, 4319783.893, 97
Trd, 4319783.943, 90
Trd, 4319786.443, 107
Trd, 4319786.743, 61
Trd, 4319787.093, 139
Trd, 4319788.143, 124
Trd, 4319789.093, 128
Trd, 4319789.393, 95
Trd, 4319790.193, 94
Trd, 4319790.293, 105
Trd, 4319790.593, 102
Trd, 4319791.543, 74
Trd, 4319794.743, 139
Trd, 4319795.393, 107
Trd, 4319795.543, 88
Trd, 4319798.593, 92
Trd, 4319798.993, 133
Trd, 4319799.543, 96
Trd, 4319799.593, 69
Trd, 4319800.243, 129
Trd, 4319800.543, 89
Trd, 4319801.443, 139
Trd, 4319802.543, 77
Trd, 4319803.193, 62
Trd, 4319803.693, 97
Trd, 4319805.743, 135
Trd, 4319807.193, 135
Trd, 4319807.993, 108
Trd, 4319808.543, 80
Trd, 4319809.393, 65
Trd, 4319809.993, 91
Trd, 4319810.343, 91
Trd, 4319810.843, 65
Trd, 4319812.743, 84
Trd, 4319814.593, 136
Trd, 4319814.893, 140
Trd, 4319815.693, 121
Trd, 4319817.093, 109
Trd, 4319817.443, 99
Trd, 4319817.543, 82
Trd, 4319818.243, 86
Trd, 4319818.493, 107
Trd, 4319819.143, 82
Trd, 4319819.243, 102
Trd, 4319820.693, 130
Trd, 4319821.243, 120
Trd, 4319822.693, 123
Trd, 4319822.943, 111
Trd, 4319824.943, 88
Trd, 4319825.793, 112
Trd, 4319826.193, 98
Trd, 4319826.943, 136
Trd, 4319827.243, 74
Trd, 4319828.143, 92
Trd, 4319829.743, 125
Trd, 4319830.243, 109
Trd, 4319830.343, 108
Trd, 4319830.493, 98
Trd, 4319831.343, 78
Trd, 4319831.643, 106
Trd, 4319833.993, 101
Trd, 4319835.093, 112
Trd, 4319835.193, 108
Trd, 4319835.293, 109
Trd, 4319835.593, 107
Trd, 4319837.293, 95
Trd, 4319838.543, 101
Trd, 4319840.493, 96
Trd, 4319840.843, 82
Trd, 4319841.093, 110
Trd, 4319841.993, 88
Trd, 4319842.293, 116
Trd, 4319843.143, 129
Trd, 4319845.193, 121
Trd, 4319845.393, 133
Trd, 4319845.743, 118
Trd, 4319846.443, 123
Trd, 4319847.793, 85
Trd, 4319848.693, 89
Trd, 4319848.893, 120
Trd, 4319849.493, 113
Trd, 4319850.793, 104
Trd, 4319851.943, 121
Trd, 4319855.343, 109
Trd, 4319855.493, 87
Trd, 4319856.193, 96
Trd, 4319857.493, 121
Trd, 4319857.693, 88
Trd, 4319859.493, 66
Trd, 4319860.643, 86
Trd, 4319861.643, 67
Trd, 4319862.193, 135
Trd, 4319862.743, 107
Trd, 4319863.043, 103
Trd, 4319863.293, 95
Trd, 4319863.843, 103
Trd, 4319866.143, 91
Trd, 4319866.843, 128
Trd, 4319868.943, 92
Trd, 4319869.043, 82
Trd, 4319869.393, 136
Trd, 4319871.543, 139
Trd, 4319872.193, 110
Trd, 4319872.943, 79
Trd, 4319873.293, 71
Trd, 4319874.393, 108
Trd, 4319875.943, 116
Trd, 4319876.893, 113
Trd, 4319878.093, 70
Trd, 4319878.193, 77
Trd, 4319879.543, 96
Trd, 4319880.893, 134
Trd, 4319882.443, 136
Trd, 4319882.743, 116
Trd, 4319884.193, 78
Trd, 4319885.943, 119
Trd, 4319887.143, 105
Trd, 4319887.393, 126
Trd, 4319888.243, 122
Trd, 4319888.993, 138
Trd, 4319890.743, 122
Trd, 4319891.193, 122
Trd, 4319891.693, 103
Trd, 4319892.893, 126
Trd, 4319894.343, 131
Trd, 4319894.393, 126
Trd, 4319894.643, 96
Trd, 4319895.693, 98
Trd, 4319895.743, 91
Trd, 4319896.743, 133
Trd, 4319896.793, 125
Trd, 4319897.193, 106
Trd, 4319898.743, 134
Trd, 4319899.543, 112
Trd, 4319899.643, 104
Trd, 4319900.693, 137
Trd, 4319901.043, 100
Trd, 4319901.543, 75
Trd, 4319903.593, 93
Trd, 4319904.193, 116
Trd, 4319904.593, 118
Trd, 4319904.743, 138
Trd, 4319905.043, 108
Trd, 4319905.093, 103
Trd, 4319906.043, 125
Trd, 4319907.893, 65
Trd, 4319908.943, 138
Trd, 4319909.043, 106
Trd, 4319909.093, 87
Trd, 4319910.193, 134
Trd, 4319912.693, 105
Trd, 4319913.843, 107
Trd, 4319913.993, 111
Trd, 4319914.243, 125
Trd, 4319914.793, 98
Trd, 4319916.243, 102
Trd, 4319916.593, 96
Trd, 4319916.893, 96
Trd, 4319917.443, 121
Trd, 4319917.993, 104
Trd, 4319918.293, 95
Trd, 4319921.993, 122
Trd, 4319922.293, 104
Trd, 4319923.093, 105
Trd, 4319923.843, 140
Trd, 4319925.143, 111
Trd, 4319925.993, 101
Trd, 4319926.543, 135
Trd, 4319927.343, 137
Trd, 4319928.243, 118
Trd, 4319928.893, 106
Trd, 4319930.043, 132
Trd, 4319930.143, 119
Trd, 4319931.193, 119
Trd, 4319931.943, 109
Trd, 4319931.993, 112
Trd, 4319932.043, 101
Trd, 4319934.843, 138
Trd, 4319935.893, 130
Trd, 4319937.293, 136
Trd, 4319937.593, 117
Trd, 4319938.143, 116
Trd, 4319938.243, 111
Trd, 4319938.743, 135
Trd, 4319939.193, 130
Trd, 4319939.543, 104
Trd, 4319939.693, 100
Trd, 4319940.493, 116
Trd, 4319940.943, 114
Trd, 4319942.693, 140
Trd, 4319943.593, 121
Trd, 4319944.843, 99
Trd, 4319945.043, 90
Trd, 4319945.793, 94
Trd, 4319946.043, 79
Trd, 4319947.043, 125
Trd, 4319947.743, 131
Trd, 4319947.993, 110
Trd, 4319948.243, 130
Trd, 4319949.743, 98
Trd, 4319951.193, 140
Trd, 4319953.043, 111
Trd, 4319953.393, 130
Trd, 4319953.693, 116
Trd, 4319954.443, 115
Trd, 4319954.643, 101
Trd, 4319956.743, 95
Trd, 4319958.343, 140
Trd, 4319959.043, 115
Trd, 4319960.093, 109
Trd, 4319960.143, 103
Trd, 4319960.243, 100
Trd, 4319961.693, 91
Trd, 4319963.143, 95
Trd, 4319964.543, 91
Trd, 4319964.593, 75
Trd, 4319965.593, 130
Trd, 4319965.793, 117
Trd, 4319966.693, 100
Trd, 4319966.743, 84
Trd, 4319967.293, 136
Trd, 4319968.093, 86
Trd, 4319968.843, 139
Trd, 4319970.193, 121
Trd, 4319971.443, 100
Trd, 4319971.643, 140
Trd, 4319971.743, 89
Trd, 4319972.743, 130
Trd, 4319972.793, 97
Trd, 4319974.493, 107
Trd, 4319977.493, 139
Trd, 4319977.693, 126
Trd, 4319978.643, 108
Trd, 4319979.293, 123
Trd, 4319979.443, 122
Trd, 4319979.893, 107
Trd, 4319980.143, 138
Trd, 4319981.043, 109
Trd, 4319982.093, 94
Trd, 4319982.643, 104
Trd, 4319983.193, 96
Trd, 4319984.593, 125
Trd, 4319985.243, 125
Trd, 4319986.243, 78
Trd, 4319986.943, 72
Trd, 4319988.193, 119
Trd, 4319988.293, 108
Trd, 4319988.993, 110
Trd, 4319989.093, 92
Trd, 4319991.843, 135
Trd, 4319993.243, 130
Trd, 4319993.943, 117
Trd, 4319994.093, 113
Trd, 4319994.643, 95
Trd, 4319995.143, 85
Trd, 4319995.843, 104
Trd, 4319996.443, 130
Trd, 4319998.143, 118
Trd, 4319998.393, 105
Trd, 4319999.193, 87
