Trd, 4318147.643, 107
Trd, 4318148.043, 140
Trd, 4318148.293, 140
Trd, 4318148.493, 97
Trd, 4318149.093, 139
Trd, 4318150.993, 93
Trd, 4318151.143, 88
Trd, 4318151.943, 120
Trd, 4318153.393, 100
Trd, 4318153.893, 138
Trd, 4318154.293, 131
Trd, 4318154.793, 130
Trd, 4318154.843, 129
Trd, 4318155.643, 61
Trd, 4318156.093, 106
Trd, 4318156.793, 101
Trd, 4318157.143, 100
Trd, 4318157.693, 139
Trd, 4318158.893, 140
Trd, 4318159.393, 140
Trd, 4318159.643, 140
Trd, 4318161.343, 116
Trd, 4318162.043, 140
Trd, 4318163.693, 139
Trd, 4318163.843, 133
Trd, 4318164.093, 99
Trd, 4318164.893, 119
Trd, 4318166.143, 140
Trd, 4318166.193, 131
Trd, 4318166.343, 71
Trd, 4318168.193, 83
Trd, 4318168.893, 81
Trd, 4318169.643, 138
Trd, 4318170.343, 140
Trd, 4318170.393, 138
Trd, 4318170.543, 136
Trd, 4318170.993, 128
Trd, 4318171.843, 100
Trd, 4318172.443, 83
Trd, 4318172.593, 77
Trd, 4318173.893, 128
Trd, 4318175.443, 76
Trd, 4318175.543, 100
Trd, 4318177.443, 75
Trd, 4318178.243, 75
Trd, 4318178.843, 118
Trd, 4318179.293, 101
Trd, 4318179.393, 68
Trd, 4318180.343, 67
Trd, 4318181.143, 60
Trd, 4318181.293, 64
Trd, 4318182.143, 94
Trd, 4318182.593, 123
Trd, 4318182.793, 72
Trd, 4318183.943, 61
Trd, 4318184.093, 61
Trd, 4318185.793, 60
Trd, 4318186.943, 61
Trd, 4318187.293, 61
Trd, 4318189.693, 61
Trd, 4318191.293, 61
Trd, 4318191.943, 97
Trd, 4318192.143, 60
Trd, 4318193.443, 60
Trd, 4318194.093, 61
Trd, 4318194.343, 67
Trd, 4318194.543, 61
Trd, 4318195.243, 77
Trd, 4318196.993, 64
Trd, 4318197.643, 63
Trd, 4318197.793, 62
Trd, 4318198.943, 61
Trd, 4318199.143, 70
Trd, 4318199.943, 62
Trd, 4318200.743, 76
Trd, 4318201.843, 67
Trd, 4318204.693, 63
Trd, 4318205.043, 64
Trd, 4318205.093, 66
Trd, 4318205.593, 61
Trd, 4318205.893, 62
Trd, 4318206.643, 67
Trd, 4318207.643, 140
Trd, 4318207.743, 133
Trd, 4318208.293, 62
Trd, 4318209.193, 114
Trd, 4318209.993, 140
Trd, 4318210.293, 80
Trd, 4318211.243, 63
Trd, 4318211.843, 60
Trd, 4318212.743, 61
Trd, 4318212.793, 63
Trd, 4318213.743, 140
Trd, 4318214.243, 64
Trd, 4318215.643, 105
Trd, 4318215.843, 69
Trd, 4318216.393, 83
Trd, 4318217.093, 66
Trd, 4318217.143, 63
Trd, 4318217.993, 65
Trd, 4318219.293, 110
Trd, 4318219.993, 138
Trd, 4318220.743, 107
Trd, 4318221.993, 108
Trd, 4318222.593, 109
Trd, 4318222.693, 107
Trd, 4318223.693, 135
Trd, 4318224.643, 140
Trd, 4318224.693, 135
Trd, 4318226.393, 132
Trd, 4318226.593, 131
Trd, 4318227.093, 126
Trd, 4318227.593, 116
Trd, 4318227.893, 76
Trd, 4318228.243, 64
Trd, 4318228.893, 70
Trd, 4318230.143, 62
Trd, 4318230.443, 61
Trd, 4318231.143, 62
Trd, 4318232.443, 67
Trd, 4318233.243, 140
Trd, 4318234.493, 66
Trd, 4318234.643, 75
Trd, 4318235.693, 62
Trd, 4318237.143, 60
Trd, 4318237.193, 60
Trd, 4318237.593, 65
Trd, 4318239.893, 66
Trd, 4318240.693, 82
Trd, 4318241.493, 81
Trd, 4318241.543, 84
Trd, 4318241.743, 94
Trd, 4318241.843, 72
Trd, 4318242.293, 71
Trd, 4318243.493, 62
Trd, 4318244.793, 137
Trd, 4318244.943, 127
Trd, 4318245.593, 114
Trd, 4318246.043, 91
Trd, 4318246.593, 60
Trd, 4318247.293, 60
Trd, 4318247.693, 116
Trd, 4318248.493, 136
Trd, 4318248.543, 115
Trd, 4318249.893, 140
Trd, 4318250.443, 140
Trd, 4318250.493, 139
Trd, 4318250.593, 129
Trd, 4318251.243, 129
Trd, 4318251.393, 111
Trd, 4318252.893, 107
Trd, 4318252.993, 69
Trd, 4318253.643, 70
Trd, 4318254.043, 136
Trd, 4318255.143, 119
Trd, 4318256.093, 138
Trd, 4318257.843, 140
Trd, 4318257.943, 138
Trd, 4318258.393, 137
Trd, 4318258.543, 136
Trd, 4318259.043, 133
Trd, 4318260.043, 126
Trd, 4318260.143, 111
Trd, 4318261.243, 110
Trd, 4318261.543, 108
Trd, 4318262.743, 120
Trd, 4318263.893, 60
Trd, 4318265.943, 63
Trd, 4318266.143, 63
Trd, 4318267.743, 62
Trd, 4318267.893, 66
Trd, 4318268.993, 60
Trd, 4318269.143, 76
Trd, 4318269.293, 116
Trd, 4318270.043, 131
Trd, 4318270.793, 92
Trd, 4318271.743, 68
Trd, 4318272.893, 92
Trd, 4318272.993, 65
Trd, 4318274.043, 64
Trd, 4318275.243, 63
Trd, 4318275.593, 67
Trd, 4318276.793, 61
Trd, 4318278.343, 68
Trd, 4318278.543, 71
Trd, 4318279.043, 70
Trd, 4318280.093, 85
Trd, 4318280.143, 80
Trd, 4318280.243, 68
Trd, 4318281.243, 62
Trd, 4318282.393, 140
Trd, 4318283.493, 140
Trd, 4318283.993, 139
Trd, 4318284.893, 135
Trd, 4318285.093, 110
Trd, 4318286.293, 66
Trd, 4318286.443, 64
Trd, 4318287.243, 82
Trd, 4318289.293, 138
Trd, 4318289.493, 117
Trd, 4318290.043, 139
Trd, 4318290.443, 132
Trd, 4318291.693, 140
Trd, 4318292.093, 130
Trd, 4318292.343, 103
Trd, 4318293.343, 62
Trd, 4318295.293, 65
Trd, 4318295.443, 89
Trd, 4318296.093, 69
Trd, 4318296.743, 64
Trd, 4318297.043, 71
Trd, 4318297.343, 69
Trd, 4318297.993, 66
Trd, 4318298.543, 65
Trd, 4318298.993, 140
Trd, 4318299.143, 121
Trd, 4318299.293, 120
Trd, 4318299.743, 113
Trd, 4318300.993, 109
Trd, 4318301.343, 109
Trd, 4318302.793, 140
Trd, 4318303.093, 140
Trd, 4318304.393, 109
Trd, 4318304.593, 105
Trd, 4318304.693, 111
Trd, 4318305.743, 114
Trd, 4318306.193, 103
Trd, 4318306.543, 140
Trd, 4318307.843, 65
Trd, 4318308.293, 61
Trd, 4318308.843, 63
Trd, 4318309.393, 62
Trd, 4318310.043, 89
Trd, 4318311.843, 60
Trd, 4318311.993, 65
Trd, 4318312.643, 104
Trd, 4318312.993, 103
Trd, 4318314.693, 60
Trd, 4318315.343, 63
Trd, 4318315.743, 124
Trd, 4318316.543, 79
Trd, 4318316.843, 65
Trd, 4318316.893, 64
Trd, 4318317.343, 60
Trd, 4318318.343, 108
Trd, 4318318.893, 120
Trd, 4318319.343, 140
Trd, 4318320.043, 140
Trd, 4318321.743, 140
Trd, 4318322.143, 138
Trd, 4318323.443, 120
Trd, 4318323.843, 114
Trd, 4318324.643, 131
Trd, 4318324.893, 129
Trd, 4318325.193, 100
Trd, 4318325.743, 122
Trd, 4318326.343, 138
Trd, 4318327.693, 108
Trd, 4318327.793, 102
Trd, 4318328.743, 121
Trd, 4318329.043, 114
Trd, 4318329.293, 65
Trd, 4318329.593, 62
Trd, 4318330.693, 85
Trd, 4318331.293, 61
Trd, 4318332.393, 117
Trd, 4318333.943, 138
Trd, 4318333.993, 128
Trd, 4318334.543, 128
Trd, 4318334.943, 126
Trd, 4318335.193, 114
Trd, 4318335.493, 66
Trd, 4318338.043, 140
Trd, 4318338.393, 140
Trd, 4318338.943, 107
Trd, 4318338.993, 80
Trd, 4318340.443, 140
Trd, 4318340.893, 79
Trd, 4318341.293, 106
Trd, 4318341.343, 68
Trd, 4318341.743, 69
Trd, 4318341.943, 138
Trd, 4318345.193, 108
Trd, 4318345.443, 126
Trd, 4318346.293, 67
Trd, 4318347.193, 102
Trd, 4318348.193, 135
Trd, 4318348.543, 115
Trd, 4318348.593, 98
Trd, 4318348.893, 75
Trd, 4318349.493, 61
Trd, 4318350.093, 65
Trd, 4318350.293, 65
Trd, 4318352.693, 62
Trd, 4318353.143, 63
Trd, 4318353.893, 139
Trd, 4318354.093, 137
Trd, 4318355.243, 117
Trd, 4318355.293, 107
Trd, 4318355.843, 140
Trd, 4318355.893, 137
Trd, 4318356.593, 135
Trd, 4318356.793, 132
Trd, 4318357.093, 137
Trd, 4318358.693, 132
Trd, 4318359.243, 140
Trd, 4318359.943, 136
Trd, 4318360.043, 134
Trd, 4318360.243, 131
Trd, 4318361.843, 127
Trd, 4318362.893, 119
Trd, 4318362.993, 119
Trd, 4318363.143, 115
Trd, 4318363.193, 98
Trd, 4318364.043, 60
Trd, 4318365.443, 123
Trd, 4318365.693, 129
Trd, 4318366.493, 110
Trd, 4318367.443, 109
Trd, 4318367.543, 70
Trd, 4318368.743, 138
Trd, 4318368.793, 130
Trd, 4318369.443, 61
Trd, 4318370.743, 64
Trd, 4318371.143, 61
Trd, 4318371.193, 70
Trd, 4318373.093, 109
Trd, 4318373.193, 110
Trd, 4318373.343, 108
Trd, 4318373.393, 106
Trd, 4318373.943, 120
Trd, 4318375.693, 140
Trd, 4318375.843, 125
Trd, 4318375.993, 113
Trd, 4318376.093, 111
Trd, 4318376.593, 138
Trd, 4318376.693, 123
Trd, 4318377.793, 95
Trd, 4318379.193, 74
Trd, 4318380.493, 70
Trd, 4318380.593, 93
Trd, 4318381.093, 138
Trd, 4318381.893, 131
Trd, 4318382.493, 122
Trd, 4318383.593, 67
Trd, 4318384.293, 109
Trd, 4318384.393, 74
Trd, 4318385.043, 63
Trd, 4318385.343, 67
Trd, 4318386.343, 78
Trd, 4318387.293, 61
Trd, 4318388.643, 61
Trd, 4318388.943, 61
Trd, 4318389.593, 87
Trd, 4318391.243, 72
Trd, 4318391.443, 84
Trd, 4318393.093, 125
Trd, 4318393.543, 82
Trd, 4318393.943, 100
Trd, 4318394.243, 101
Trd, 4318394.743, 99
Trd, 4318395.243, 88
Trd, 4318396.243, 107
Trd, 4318396.393, 128
Trd, 4318397.693, 140
Trd, 4318397.843, 140
Trd, 4318398.493, 110
Trd, 4318398.593, 105
Trd, 4318400.493, 140
Trd, 4318400.643, 139
Trd, 4318401.343, 115
Trd, 4318401.843, 112
Trd, 4318402.043, 139
Trd, 4318402.243, 74
Trd, 4318403.993, 120
Trd, 4318404.593, 76
Trd, 4318405.693, 71
Trd, 4318406.993, 69
Trd, 4318407.543, 80
Trd, 4318407.593, 67
Trd, 4318408.443, 94
Trd, 4318408.593, 69
Trd, 4318409.543, 66
Trd, 4318409.743, 88
Trd, 4318410.793, 140
Trd, 4318411.243, 91
Trd, 4318412.043, 71
Trd, 4318412.893, 140
Trd, 4318413.843, 128
Trd, 4318414.693, 140
Trd, 4318414.793, 137
Trd, 4318415.243, 137
Trd, 4318415.943, 126
Trd, 4318416.843, 110
Trd, 4318416.993, 104
Trd, 4318417.593, 122
Trd, 4318418.543, 116
Trd, 4318418.893, 139
Trd, 4318418.943, 112
Trd, 4318419.893, 114
Trd, 4318420.993, 118
Trd, 4318421.293, 117
Trd, 4318421.743, 114
Trd, 4318422.793, 140
Trd, 4318424.543, 139
Trd, 4318425.393, 109
Trd, 4318425.543, 92
Trd, 4318426.393, 134
Trd, 4318427.043, 139
Trd, 4318428.443, 140
Trd, 4318429.393, 140
Trd, 4318429.743, 140
Trd, 4318430.193, 130
Trd, 4318430.993, 124
Trd, 4318431.143, 81
Trd, 4318432.143, 125
Trd, 4318432.643, 139
Trd, 4318433.043, 105
Trd, 4318433.593, 138
Trd, 4318434.043, 73
Trd, 4318434.793, 75
Trd, 4318436.943, 65
Trd, 4318437.243, 62
Trd, 4318438.993, 88
Trd, 4318439.543, 117
Trd, 4318439.793, 89
Trd, 4318439.943, 86
Trd, 4318440.493, 82
Trd, 4318440.593, 82
Trd, 4318442.443, 62
Trd, 4318443.143, 139
Trd, 4318443.693, 63
Trd, 4318445.043, 129
Trd, 4318445.243, 140
Trd, 4318445.543, 126
Trd, 4318447.143, 139
Trd, 4318447.243, 130
Trd, 4318447.743, 121
Trd, 4318448.043, 99
Trd, 4318449.043, 91
Trd, 4318450.643, 139
Trd, 4318450.693, 137
Trd, 4318451.993, 125
Trd, 4318452.743, 125
Trd, 4318452.893, 138
Trd, 4318453.293, 124
Trd, 4318453.443, 94
Trd, 4318453.693, 84
Trd, 4318454.143, 103
Trd, 4318455.393, 90
Trd, 4318455.893, 93
Trd, 4318456.493, 82
Trd, 4318456.943, 77
Trd, 4318458.043, 63
Trd, 4318459.043, 60
Trd, 4318459.193, 97
Trd, 4318459.943, 65
Trd, 4318460.393, 140
Trd, 4318460.993, 128
Trd, 4318461.793, 109
Trd, 4318462.443, 70
Trd, 4318462.693, 69
Trd, 4318463.593, 126
Trd, 4318463.643, 124
Trd, 4318464.943, 137
Trd, 4318465.143, 136
Trd, 4318465.293, 118
Trd, 4318466.443, 139
Trd, 4318467.093, 89
Trd, 4318467.243, 73
Trd, 4318468.843, 133
Trd, 4318468.943, 119
Trd, 4318469.193, 118
Trd, 4318469.743, 117
Trd, 4318470.193, 139
Trd, 4318470.493, 112
Trd, 4318472.093, 129
Trd, 4318472.843, 93
Trd, 4318473.243, 85
Trd, 4318473.493, 137
Trd, 4318473.743, 84
Trd, 4318476.193, 135
Trd, 4318476.243, 118
Trd, 4318476.643, 139
Trd, 4318476.743, 117
Trd, 4318476.993, 104
Trd, 4318478.293, 72
Trd, 4318479.293, 80
Trd, 4318479.693, 140
Trd, 4318480.193, 131
Trd, 4318480.293, 131
Trd, 4318481.743, 139
Trd, 4318483.543, 136
Trd, 4318483.643, 135
Trd, 4318484.393, 117
Trd, 4318484.793, 140
Trd, 4318485.693, 137
Trd, 4318485.793, 135
Trd, 4318485.943, 128
Trd, 4318486.993, 131
Trd, 4318487.443, 120
Trd, 4318488.143, 108
Trd, 4318488.593, 140
Trd, 4318488.943, 140
Trd, 4318490.043, 120
Trd, 4318490.193, 113
Trd, 4318492.493, 138
Trd, 4318492.543, 129
Trd, 4318492.843, 116
Trd, 4318493.593, 117
Trd, 4318493.993, 108
Trd, 4318494.293, 91
Trd, 4318494.993, 100
Trd, 4318497.643, 140
Trd, 4318497.943, 140
Trd, 4318498.143, 140
Trd, 4318498.843, 140
Trd, 4318499.693, 140
Trd, 4318499.893, 140
Trd, 4318501.093, 139
Trd, 4318501.393, 132
Trd, 4318502.143, 127
Trd, 4318502.893, 137
Trd, 4318503.843, 124
Trd, 4318505.443, 109
Trd, 4318505.593, 108
Trd, 4318505.693, 101
Trd, 4318505.893, 101
Trd, 4318505.993, 100
Trd, 4318506.943, 123
Trd, 4318508.093, 140
Trd, 4318508.693, 115
Trd, 4318509.743, 130
Trd, 4318510.243, 127
Trd, 4318510.443, 119
Trd, 4318511.243, 108
Trd, 4318511.993, 139
Trd, 4318513.543, 140
Trd, 4318513.843, 134
Trd, 4318514.243, 132
Trd, 4318514.293, 116
Trd, 4318514.993, 139
Trd, 4318515.043, 131
Trd, 4318515.893, 111
Trd, 4318516.143, 69
Trd, 4318516.793, 61
Trd, 4318517.493, 102
Trd, 4318517.893, 138
Trd, 4318518.743, 89
Trd, 4318518.893, 89
Trd, 4318520.293, 140
Trd, 4318520.693, 131
Trd, 4318521.643, 127
Trd, 4318522.643, 127
Trd, 4318522.993, 125
Trd, 4318524.593, 133
Trd, 4318525.243, 139
Trd, 4318525.543, 99
Trd, 4318525.643, 88
Trd, 4318525.843, 61
Trd, 4318525.943, 67
Trd, 4318527.843, 140
Trd, 4318528.393, 80
Trd, 4318529.793, 139
Trd, 4318531.343, 114
Trd, 4318532.093, 140
Trd, 4318532.343, 140
Trd, 4318532.443, 135
Trd, 4318533.243, 135
Trd, 4318533.343, 107
Trd, 4318533.793, 140
Trd, 4318534.443, 97
Trd, 4318535.193, 97
Trd, 4318535.843, 139
Trd, 4318536.293, 104
Trd, 4318537.193, 91
Trd, 4318538.193, 90
Trd, 4318538.843, 80
Trd, 4318539.393, 60
Trd, 4318540.093, 62
Trd, 4318541.393, 140
Trd, 4318542.443, 93
Trd, 4318542.593, 91
Trd, 4318543.193, 109
Trd, 4318543.643, 124
Trd, 4318544.443, 80
Trd, 4318546.243, 62
Trd, 4318547.143, 67
Trd, 4318547.793, 62
Trd, 4318548.193, 62
Trd, 4318548.943, 61
Trd, 4318549.343, 84
Trd, 4318550.443, 71
Trd, 4318550.843, 67
Trd, 4318552.393, 99
Trd, 4318552.543, 97
Trd, 4318552.943, 96
Trd, 4318553.893, 84
Trd, 4318554.543, 126
Trd, 4318554.943, 62
Trd, 4318556.743, 140
Trd, 4318556.793, 81
Trd, 4318557.043, 79
Trd, 4318558.393, 136
Trd, 4318559.193, 130
Trd, 4318559.243, 127
Trd, 4318559.393, 104
Trd, 4318559.943, 90
Trd, 4318560.543, 65
Trd, 4318560.843, 123
Trd, 4318561.593, 140
Trd, 4318561.843, 140
Trd, 4318562.593, 122
Trd, 4318562.993, 115
Trd, 4318564.943, 112
Trd, 4318565.043, 111
Trd, 4318565.543, 140
Trd, 4318565.743, 136
Trd, 4318566.693, 133
Trd, 4318566.743, 131
Trd, 4318568.493, 140
Trd, 4318569.043, 123
Trd, 4318569.743, 91
Trd, 4318570.793, 101
Trd, 4318570.843, 100
Trd, 4318571.343, 100
Trd, 4318571.493, 114
Trd, 4318572.493, 129
Trd, 4318573.143, 62
Trd, 4318573.743, 138
Trd, 4318574.143, 61
Trd, 4318574.593, 87
Trd, 4318577.093, 62
Trd, 4318577.443, 66
Trd, 4318578.293, 61
Trd, 4318578.393, 90
Trd, 4318578.893, 63
Trd, 4318578.993, 60
Trd, 4318579.993, 66
Trd, 4318580.043, 74
Trd, 4318580.643, 68
Trd, 4318581.443, 78
Trd, 4318581.793, 77
Trd, 4318582.443, 95
Trd, 4318583.343, 114
Trd, 4318584.193, 69
Trd, 4318584.643, 67
Trd, 4318587.243, 140
Trd, 4318587.493, 140
Trd, 4318587.593, 138
Trd, 4318588.293, 122
Trd, 4318589.443, 119
Trd, 4318589.543, 119
Trd, 4318589.743, 105
Trd, 4318589.893, 100
Trd, 4318590.093, 64
Trd, 4318591.793, 60
Trd, 4318591.843, 89
Trd, 4318592.493, 124
Trd, 4318592.693, 123
Trd, 4318593.643, 62
Trd, 4318594.543, 61
Trd, 4318595.493, 62
Trd, 4318595.943, 63
Trd, 4318596.543, 81
Trd, 4318597.643, 136
Trd, 4318598.043, 85
Trd, 4318598.493, 84
Trd, 4318598.843, 75
Trd, 4318601.693, 103
Trd, 4318601.943, 98
Trd, 4318602.293, 134
Trd, 4318603.793, 140
Trd, 4318603.893, 139
Trd, 4318604.243, 140
Trd, 4318605.093, 137
Trd, 4318606.543, 113
Trd, 4318606.793, 108
Trd, 4318607.143, 123
Trd, 4318607.193, 92
Trd, 4318607.793, 139
Trd, 4318608.543, 140
Trd, 4318608.643, 140
Trd, 4318609.093, 136
Trd, 4318610.793, 140
Trd, 4318611.693, 140
Trd, 4318611.943, 140
Trd, 4318612.443, 140
Trd, 4318613.043, 124
Trd, 4318613.243, 117
Trd, 4318614.143, 116
Trd, 4318614.793, 134
Trd, 4318615.193, 74
Trd, 4318615.493, 94
Trd, 4318617.293, 60
Trd, 4318617.493, 63
Trd, 4318618.443, 63
Trd, 4318619.593, 140
Trd, 4318620.443, 60
Trd, 4318621.193, 65
Trd, 4318622.943, 64
Trd, 4318623.043, 62
Trd, 4318623.643, 101
Trd, 4318624.293, 60
Trd, 4318626.193, 61
Trd, 4318626.793, 140
Trd, 4318627.393, 140
Trd, 4318627.443, 139
Trd, 4318629.193, 132
Trd, 4318629.593, 136
Trd, 4318629.893, 128
Trd, 4318630.643, 81
Trd, 4318630.693, 127
Trd, 4318630.993, 138
Trd, 4318632.793, 88
Trd, 4318633.393, 77
Trd, 4318633.643, 75
Trd, 4318633.993, 87
Trd, 4318634.693, 90
Trd, 4318635.543, 60
Trd, 4318636.893, 139
Trd, 4318637.543, 86
Trd, 4318638.343, 136
Trd, 4318639.393, 83
Trd, 4318639.943, 132
Trd, 4318640.293, 131
Trd, 4318640.643, 133
Trd, 4318641.493, 114
Trd, 4318643.093, 111
Trd, 4318643.143, 109
Trd, 4318643.593, 105
Trd, 4318643.793, 128
Trd, 4318644.243, 71
Trd, 4318645.293, 139
Trd, 4318645.543, 66
Trd, 4318646.743, 122
Trd, 4318647.793, 139
Trd, 4318648.043, 133
Trd, 4318648.843, 133
Trd, 4318649.393, 132
Trd, 4318649.743, 134
Trd, 4318650.143, 84
Trd, 4318651.443, 69
Trd, 4318652.043, 60
Trd, 4318654.093, 61
Trd, 4318654.193, 65
Trd, 4318654.343, 68
Trd, 4318655.293, 65
Trd, 4318656.193, 76
Trd, 4318656.693, 99
Trd, 4318657.393, 70
Trd, 4318657.443, 68
Trd, 4318657.693, 78
Trd, 4318657.993, 129
Trd, 4318660.443, 66
Trd, 4318661.643, 121
Trd, 4318662.043, 140
Trd, 4318662.143, 120
Trd, 4318662.443, 120
Trd, 4318663.193, 113
Trd, 4318664.343, 121
Trd, 4318664.893, 113
Trd, 4318665.793, 126
Trd, 4318665.993, 122
Trd, 4318666.593, 93
Trd, 4318666.843, 64
Trd, 4318667.143, 140
Trd, 4318667.543, 139
Trd, 4318668.743, 140
Trd, 4318668.843, 139
Trd, 4318671.943, 140
Trd, 4318672.243, 140
Trd, 4318672.443, 130
Trd, 4318672.693, 128
Trd, 4318673.343, 139
Trd, 4318674.793, 117
Trd, 4318676.493, 140
Trd, 4318676.793, 139
Trd, 4318677.543, 140
Trd, 4318678.093, 140
Trd, 4318678.243, 140
Trd, 4318678.293, 131
Trd, 4318679.193, 124
Trd, 4318679.693, 104
Trd, 4318681.543, 105
Trd, 4318682.393, 104
Trd, 4318683.593, 98
Trd, 4318684.743, 124
Trd, 4318685.293, 136
Trd, 4318685.643, 137
Trd, 4318686.543, 132
Trd, 4318686.593, 131
Trd, 4318686.993, 135
Trd, 4318688.193, 140
Trd, 4318688.293, 128
Trd, 4318689.843, 77
Trd, 4318690.143, 76
Trd, 4318690.293, 89
Trd, 4318690.893, 79
Trd, 4318692.293, 96
Trd, 4318692.543, 75
Trd, 4318694.293, 69
Trd, 4318694.343, 79
Trd, 4318694.393, 68
Trd, 4318694.993, 83
Trd, 4318695.943, 62
Trd, 4318696.643, 61
Trd, 4318696.943, 62
Trd, 4318698.543, 63
Trd, 4318698.793, 66
Trd, 4318700.143, 67
Trd, 4318700.193, 76
Trd, 4318701.693, 140
Trd, 4318701.743, 138
Trd, 4318702.193, 135
Trd, 4318702.443, 125
Trd, 4318702.843, 96
Trd, 4318703.243, 85
Trd, 4318704.493, 61
Trd, 4318705.243, 72
Trd, 4318705.643, 140
Trd, 4318707.493, 113
Trd, 4318707.943, 112
Trd, 4318708.043, 108
Trd, 4318708.193, 108
Trd, 4318709.843, 64
Trd, 4318710.593, 63
Trd, 4318710.893, 83
Trd, 4318711.993, 121
Trd, 4318712.743, 103
Trd, 4318713.143, 88
Trd, 4318713.543, 82
Trd, 4318714.193, 61
Trd, 4318714.493, 61
Trd, 4318715.243, 78
Trd, 4318716.893, 68
Trd, 4318717.943, 139
Trd, 4318718.093, 71
Trd, 4318718.443, 68
Trd, 4318719.793, 75
Trd, 4318720.843, 104
Trd, 4318720.993, 91
Trd, 4318722.143, 105
Trd, 4318722.393, 100
Trd, 4318723.393, 119
Trd, 4318723.593, 124
Trd, 4318725.693, 109
Trd, 4318726.243, 140
Trd, 4318727.643, 135
Trd, 4318728.543, 140
Trd, 4318728.793, 137
Trd, 4318729.443, 127
Trd, 4318729.693, 111
Trd, 4318730.393, 113
Trd, 4318730.693, 66
Trd, 4318731.093, 128
Trd, 4318731.393, 74
Trd, 4318731.593, 67
Trd, 4318731.993, 62
Trd, 4318733.693, 60
Trd, 4318733.843, 63
Trd, 4318735.493, 65
Trd, 4318736.143, 105
Trd, 4318736.243, 104
Trd, 4318736.993, 60
Trd, 4318739.093, 60
Trd, 4318739.293, 61
Trd, 4318739.343, 73
Trd, 4318740.293, 61
Trd, 4318741.493, 60
Trd, 4318741.893, 66
Trd, 4318742.043, 87
Trd, 4318742.493, 63
Trd, 4318742.643, 60
Trd, 4318742.693, 69
Trd, 4318744.293, 62
Trd, 4318744.543, 66
Trd, 4318745.143, 64
Trd, 4318745.743, 123
Trd, 4318745.793, 121
Trd, 4318746.143, 98
Trd, 4318746.643, 67
Trd, 4318746.993, 64
Trd, 4318748.293, 60
Trd, 4318748.943, 63
Trd, 4318751.443, 69
Trd, 4318752.543, 62
Trd, 4318753.093, 81
Trd, 4318753.293, 62
Trd, 4318753.443, 65
Trd, 4318753.543, 107
Trd, 4318754.393, 139
Trd, 4318756.193, 133
Trd, 4318756.343, 124
Trd, 4318756.493, 113
Trd, 4318757.293, 94
Trd, 4318758.793, 140
Trd, 4318758.893, 139
Trd, 4318759.043, 131
Trd, 4318759.993, 124
Trd, 4318760.143, 120
Trd, 4318760.843, 118
Trd, 4318762.243, 140
Trd, 4318762.293, 140
Trd, 4318762.493, 137
Trd, 4318763.993, 70
Trd, 4318764.143, 61
Trd, 4318765.693, 136
Trd, 4318766.593, 139
Trd, 4318767.143, 139
Trd, 4318767.543, 139
Trd, 4318769.543, 133
Trd, 4318769.593, 131
Trd, 4318769.993, 108
Trd, 4318770.143, 104
Trd, 4318770.443, 67
Trd, 4318770.693, 136
Trd, 4318772.843, 109
Trd, 4318773.693, 124
Trd, 4318774.143, 107
Trd, 4318775.093, 116
Trd, 4318776.543, 140
Trd, 4318776.793, 139
Trd, 4318777.043, 104
Trd, 4318777.193, 98
Trd, 4318777.543, 129
Trd, 4318777.743, 127
Trd, 4318777.793, 73
Trd, 4318778.143, 70
Trd, 4318779.843, 126
Trd, 4318780.243, 64
Trd, 4318780.693, 107
Trd, 4318782.693, 119
Trd, 4318783.243, 140
Trd, 4318783.493, 137
Trd, 4318784.343, 110
Trd, 4318785.093, 106
Trd, 4318785.343, 105
Trd, 4318785.493, 96
Trd, 4318786.593, 140
Trd, 4318786.943, 140
Trd, 4318788.593, 140
Trd, 4318789.193, 67
Trd, 4318789.793, 63
Trd, 4318790.543, 60
Trd, 4318791.693, 60
Trd, 4318794.193, 85
Trd, 4318794.693, 122
Trd, 4318794.993, 80
Trd, 4318795.393, 87
Trd, 4318795.693, 79
Trd, 4318796.893, 78
Trd, 4318796.943, 70
Trd, 4318797.193, 69
Trd, 4318797.793, 63
Trd, 4318798.243, 61
Trd, 4318798.943, 119
Trd, 4318799.243, 137
Trd, 4318799.493, 116
Trd, 4318799.693, 113
Trd, 4318802.143, 61
Trd, 4318803.043, 61
Trd, 4318804.793, 61
Trd, 4318805.093, 64
Trd, 4318805.693, 63
Trd, 4318806.343, 66
Trd, 4318806.443, 60
Trd, 4318806.493, 68
Trd, 4318807.193, 60
Trd, 4318807.693, 74
Trd, 4318809.193, 75
Trd, 4318809.343, 74
Trd, 4318809.393, 92
Trd, 4318809.593, 74
Trd, 4318809.943, 140
Trd, 4318810.693, 72
Trd, 4318811.393, 122
Trd, 4318811.943, 113
Trd, 4318812.943, 66
Trd, 4318813.743, 120
Trd, 4318814.293, 140
Trd, 4318815.093, 140
Trd, 4318815.393, 93
Trd, 4318816.043, 139
Trd, 4318816.943, 87
Trd, 4318817.593, 135
Trd, 4318818.393, 86
Trd, 4318819.193, 140
Trd, 4318819.243, 83
Trd, 4318819.493, 126
Trd, 4318820.843, 125
Trd, 4318821.343, 121
Trd, 4318822.493, 139
Trd, 4318822.643, 131
Trd, 4318822.793, 122
Trd, 4318823.593, 80
Trd, 4318824.643, 85
Trd, 4318825.993, 114
Trd, 4318826.343, 136
Trd, 4318826.643, 140
Trd, 4318827.243, 110
Trd, 4318827.543, 121
Trd, 4318828.993, 139
Trd, 4318829.793, 140
Trd, 4318829.993, 130
Trd, 4318831.293, 140
Trd, 4318831.343, 137
Trd, 4318831.393, 125
Trd, 4318832.093, 83
Trd, 4318833.193, 77
Trd, 4318834.293, 74
Trd, 4318834.693, 67
Trd, 4318836.043, 63
Trd, 4318836.343, 101
Trd, 4318837.693, 64
Trd, 4318837.893, 64
Trd, 4318838.043, 63
Trd, 4318838.493, 115
Trd, 4318839.093, 118
Trd, 4318840.393, 62
Trd, 4318840.893, 100
Trd, 4318841.093, 94
Trd, 4318842.043, 62
Trd, 4318842.793, 64
Trd, 4318843.043, 110
Trd, 4318845.443, 60
Trd, 4318845.943, 60
Trd, 4318846.693, 63
Trd, 4318846.993, 65
Trd, 4318847.843, 131
Trd, 4318848.543, 62
Trd, 4318849.243, 71
Trd, 4318849.293, 97
Trd, 4318850.693, 97
Trd, 4318850.893, 108
Trd, 4318851.293, 74
Trd, 4318851.693, 74
Trd, 4318853.943, 137
Trd, 4318854.193, 128
Trd, 4318854.943, 124
Trd, 4318855.443, 135
Trd, 4318855.793, 112
Trd, 4318856.443, 113
Trd, 4318857.343, 103
Trd, 4318858.293, 110
Trd, 4318858.593, 103
Trd, 4318859.593, 84
Trd, 4318860.793, 137
Trd, 4318861.843, 139
Trd, 4318862.693, 120
Trd, 4318863.093, 116
Trd, 4318863.443, 84
Trd, 4318863.493, 83
Trd, 4318863.993, 139
Trd, 4318864.893, 138
Trd, 4318865.693, 139
Trd, 4318865.843, 138
Trd, 4318866.993, 132
Trd, 4318867.443, 130
Trd, 4318869.393, 140
Trd, 4318869.993, 122
Trd, 4318870.143, 98
Trd, 4318870.893, 101
Trd, 4318871.243, 101
Trd, 4318871.543, 96
Trd, 4318872.643, 139
Trd, 4318872.793, 137
Trd, 4318872.843, 93
Trd, 4318873.593, 113
Trd, 4318875.493, 138
Trd, 4318876.193, 99
Trd, 4318876.243, 83
Trd, 4318876.993, 71
Trd, 4318878.293, 123
Trd, 4318878.343, 128
Trd, 4318879.393, 126
Trd, 4318879.493, 123
Trd, 4318879.943, 79
Trd, 4318880.843, 109
Trd, 4318881.543, 137
Trd, 4318882.693, 61
Trd, 4318882.843, 63
Trd, 4318883.493, 82
Trd, 4318884.943, 114
Trd, 4318885.443, 62
Trd, 4318886.243, 71
Trd, 4318886.643, 73
Trd, 4318887.243, 61
Trd, 4318888.843, 60
Trd, 4318889.043, 60
Trd, 4318889.243, 63
Trd, 4318890.093, 62
Trd, 4318890.343, 80
Trd, 4318891.093, 60
Trd, 4318891.343, 109
Trd, 4318892.543, 61
Trd, 4318892.793, 64
Trd, 4318894.693, 60
Trd, 4318895.493, 61
Trd, 4318895.843, 63
Trd, 4318897.943, 135
Trd, 4318897.993, 133
Trd, 4318898.143, 120
Trd, 4318898.243, 112
Trd, 4318898.493, 140
Trd, 4318898.843, 112
Trd, 4318899.843, 79
Trd, 4318900.343, 72
Trd, 4318901.543, 67
Trd, 4318901.593, 65
Trd, 4318903.193, 73
Trd, 4318903.993, 74
Trd, 4318904.443, 87
Trd, 4318905.843, 61
Trd, 4318905.893, 122
Trd, 4318907.543, 76
Trd, 4318907.793, 68
Trd, 4318908.043, 68
Trd, 4318908.443, 116
Trd, 4318909.393, 80
Trd, 4318910.243, 115
Trd, 4318910.693, 68
Trd, 4318911.243, 113
Trd, 4318911.993, 104
Trd, 4318913.293, 140
Trd, 4318914.093, 139
Trd, 4318914.443, 137
Trd, 4318914.843, 130
Trd, 4318916.643, 140
Trd, 4318916.993, 140
Trd, 4318917.093, 83
Trd, 4318917.343, 61
Trd, 4318919.943, 140
Trd, 4318920.193, 122
Trd, 4318920.343, 120
Trd, 4318921.693, 105
Trd, 4318921.993, 105
Trd, 4318922.743, 104
Trd, 4318922.843, 135
Trd, 4318923.293, 89
Trd, 4318924.093, 94
Trd, 4318924.493, 140
Trd, 4318925.443, 140
Trd, 4318926.093, 140
Trd, 4318926.443, 140
Trd, 4318926.543, 132
Trd, 4318926.593, 130
Trd, 4318928.393, 102
Trd, 4318928.793, 99
Trd, 4318930.893, 103
Trd, 4318931.043, 104
Trd, 4318931.593, 138
Trd, 4318931.643, 136
Trd, 4318932.143, 64
Trd, 4318932.693, 77
Trd, 4318934.743, 61
Trd, 4318934.893, 74
Trd, 4318935.893, 97
Trd, 4318936.793, 61
Trd, 4318937.693, 74
Trd, 4318937.893, 61
Trd, 4318938.293, 82
Trd, 4318939.143, 66
Trd, 4318939.293, 60
Trd, 4318940.393, 72
Trd, 4318941.243, 97
Trd, 4318942.593, 70
Trd, 4318942.643, 90
Trd, 4318943.643, 128
Trd, 4318943.893, 124
Trd, 4318944.793, 104
Trd, 4318944.843, 104
Trd, 4318945.393, 140
Trd, 4318945.793, 140
Trd, 4318945.843, 140
Trd, 4318947.443, 65
Trd, 4318947.843, 63
Trd, 4318948.943, 140
Trd, 4318949.043, 140
Trd, 4318950.443, 103
Trd, 4318950.543, 68
Trd, 4318950.993, 72
Trd, 4318952.093, 66
Trd, 4318952.893, 134
Trd, 4318953.393, 133
Trd, 4318953.993, 61
Trd, 4318954.393, 71
Trd, 4318955.293, 137
Trd, 4318955.443, 126
Trd, 4318955.993, 133
Trd, 4318956.543, 131
Trd, 4318956.943, 90
Trd, 4318957.893, 63
Trd, 4318958.493, 140
Trd, 4318958.693, 79
Trd, 4318959.743, 108
Trd, 4318959.893, 114
Trd, 4318960.693, 103
Trd, 4318961.343, 75
Trd, 4318961.543, 74
Trd, 4318964.093, 61
Trd, 4318964.693, 61
Trd, 4318964.793, 67
Trd, 4318965.443, 121
Trd, 4318965.993, 117
Trd, 4318966.143, 129
Trd, 4318966.693, 71
Trd, 4318966.943, 69
Trd, 4318968.043, 139
Trd, 4318969.443, 140
Trd, 4318969.943, 140
Trd, 4318970.043, 140
Trd, 4318970.143, 130
Trd, 4318972.443, 61
Trd, 4318972.493, 72
Trd, 4318972.893, 99
Trd, 4318973.693, 62
Trd, 4318974.293, 76
Trd, 4318975.943, 62
Trd, 4318976.643, 67
Trd, 4318977.293, 61
Trd, 4318978.843, 99
Trd, 4318979.193, 68
Trd, 4318979.543, 71
Trd, 4318979.593, 66
Trd, 4318980.693, 61
Trd, 4318980.893, 140
Trd, 4318981.693, 88
Trd, 4318981.893, 61
Trd, 4318983.043, 60
Trd, 4318983.293, 60
Trd, 4318984.193, 128
Trd, 4318984.243, 116
Trd, 4318985.593, 118
Trd, 4318987.643, 60
Trd, 4318987.843, 60
Trd, 4318988.143, 62
Trd, 4318988.543, 62
Trd, 4318988.993, 131
Trd, 4318989.993, 67
Trd, 4318990.943, 65
Trd, 4318991.143, 97
Trd, 4318992.193, 65
Trd, 4318992.793, 67
Trd, 4318993.793, 69
Trd, 4318994.393, 133
Trd, 4318994.543, 132
Trd, 4318995.293, 131
Trd, 4318996.943, 140
Trd, 4318997.093, 139
Trd, 4318997.993, 140
Trd, 4318998.093, 137
Trd, 4318999.243, 113
Trd, 4319000.143, 114
Trd, 4319000.343, 111
Trd, 4319001.043, 85
Trd, 4319001.493, 134
Trd, 4319002.193, 100
Trd, 4319002.343, 126
Trd, 4319002.943, 138
Trd, 4319003.693, 94
Trd, 4319004.393, 123
Trd, 4319005.343, 134
Trd, 4319007.743, 140
Trd, 4319007.943, 140
Trd, 4319009.943, 140
Trd, 4319010.743, 138
Trd, 4319011.043, 136
Trd, 4319011.143, 130
Trd, 4319011.543, 103
Trd, 4319011.593, 68
Trd, 4319012.593, 72
Trd, 4319013.493, 139
Trd, 4319014.543, 139
Trd, 4319014.743, 113
Trd, 4319015.393, 79
Trd, 4319016.043, 140
Trd, 4319016.743, 138
Trd, 4319016.943, 131
Trd, 4319018.743, 121
Trd, 4319019.043, 119
Trd, 4319019.793, 121
Trd, 4319020.793, 61
Trd, 4319021.843, 70
Trd, 4319023.193, 65
Trd, 4319023.493, 72
Trd, 4319024.543, 88
Trd, 4319025.493, 68
Trd, 4319025.693, 67
Trd, 4319025.943, 61
Trd, 4319026.243, 96
Trd, 4319026.443, 94
Trd, 4319026.693, 71
Trd, 4319027.493, 63
Trd, 4319027.893, 89
Trd, 4319029.343, 112
Trd, 4319029.593, 83
Trd, 4319031.093, 87
Trd, 4319031.843, 140
Trd, 4319032.093, 130
Trd, 4319032.293, 98
Trd, 4319032.643, 113
Trd, 4319034.193, 140
Trd, 4319035.893, 140
Trd, 4319036.243, 85
Trd, 4319036.643, 92
Trd, 4319037.193, 88
Trd, 4319037.443, 140
Trd, 4319038.243, 114
Trd, 4319039.543, 117
Trd, 4319039.993, 136
Trd, 4319041.143, 83
Trd, 4319041.393, 140
Trd, 4319042.693, 62
Trd, 4319043.593, 140
Trd, 4319043.643, 135
Trd, 4319044.143, 130
Trd, 4319044.643, 128
Trd, 4319044.793, 127
Trd, 4319044.843, 113
Trd, 4319046.393, 65
Trd, 4319047.043, 92
Trd, 4319047.393, 63
Trd, 4319048.393, 118
Trd, 4319049.693, 140
Trd, 4319049.843, 140
Trd, 4319050.243, 140
Trd, 4319051.493, 138
Trd, 4319051.743, 136
Trd, 4319052.543, 140
Trd, 4319052.943, 127
Trd, 4319053.943, 119
Trd, 4319053.993, 101
Trd, 4319054.093, 63
Trd, 4319054.243, 140
Trd, 4319055.643, 140
Trd, 4319056.193, 140
Trd, 4319057.343, 114
Trd, 4319058.143, 103
Trd, 4319059.543, 123
Trd, 4319059.943, 99
Trd, 4319059.993, 90
Trd, 4319060.743, 68
Trd, 4319061.243, 139
Trd, 4319062.343, 126
Trd, 4319064.393, 140
Trd, 4319064.893, 140
Trd, 4319065.093, 140
Trd, 4319065.993, 139
Trd, 4319066.243, 129
Trd, 4319067.043, 121
Trd, 4319067.193, 115
Trd, 4319067.293, 110
Trd, 4319067.843, 95
Trd, 4319068.843, 133
Trd, 4319068.993, 132
Trd, 4319070.643, 63
Trd, 4319070.893, 112
Trd, 4319071.543, 138
Trd, 4319072.293, 71
Trd, 4319073.393, 70
Trd, 4319073.593, 130
Trd, 4319073.793, 68
Trd, 4319074.743, 81
Trd, 4319075.643, 95
Trd, 4319076.093, 81
Trd, 4319077.493, 74
Trd, 4319077.893, 76
Trd, 4319078.043, 74
Trd, 4319079.543, 86
Trd, 4319079.893, 121
Trd, 4319080.093, 98
Trd, 4319080.193, 97
Trd, 4319080.693, 131
Trd, 4319081.343, 86
Trd, 4319081.993, 87
Trd, 4319083.193, 114
Trd, 4319084.043, 140
Trd, 4319084.593, 140
Trd, 4319085.393, 140
Trd, 4319086.043, 138
Trd, 4319086.643, 126
Trd, 4319087.093, 123
Trd, 4319087.593, 121
Trd, 4319088.843, 122
Trd, 4319089.393, 112
Trd, 4319090.243, 106
Trd, 4319090.343, 103
Trd, 4319092.343, 140
Trd, 4319092.693, 140
Trd, 4319093.193, 135
Trd, 4319093.543, 138
Trd, 4319093.693, 131
Trd, 4319094.543, 136
Trd, 4319094.793, 126
Trd, 4319095.143, 123
Trd, 4319096.293, 68
Trd, 4319096.693, 130
Trd, 4319097.193, 60
Trd, 4319098.343, 60
Trd, 4319098.893, 61
Trd, 4319100.193, 61
Trd, 4319101.493, 66
Trd, 4319101.943, 64
Trd, 4319102.193, 66
Trd, 4319103.293, 60
Trd, 4319104.743, 61
Trd, 4319105.143, 64
Trd, 4319105.243, 60
Trd, 4319105.793, 62
Trd, 4319106.593, 73
Trd, 4319107.443, 78
Trd, 4319107.843, 67
Trd, 4319108.293, 135
Trd, 4319108.343, 64
Trd, 4319109.343, 62
Trd, 4319109.543, 75
Trd, 4319110.143, 68
Trd, 4319112.543, 62
Trd, 4319113.043, 62
Trd, 4319113.293, 64
Trd, 4319114.443, 61
Trd, 4319114.693, 61
Trd, 4319115.693, 60
Trd, 4319116.093, 65
Trd, 4319116.193, 63
Trd, 4319116.793, 89
Trd, 4319117.493, 84
Trd, 4319117.893, 103
Trd, 4319118.993, 60
Trd, 4319119.843, 63
Trd, 4319120.593, 64
Trd, 4319121.443, 66
Trd, 4319124.143, 62
Trd, 4319124.193, 63
Trd, 4319124.643, 60
Trd, 4319124.843, 63
Trd, 4319125.693, 64
Trd, 4319126.343, 125
Trd, 4319126.843, 123
Trd, 4319127.393, 124
Trd, 4319127.543, 122
Trd, 4319127.593, 120
Trd, 4319128.643, 105
Trd, 4319128.893, 60
Trd, 4319129.643, 139
Trd, 4319129.793, 137
Trd, 4319131.993, 61
Trd, 4319132.693, 61
Trd, 4319134.043, 60
Trd, 4319134.243, 61
Trd, 4319135.393, 61
Trd, 4319136.193, 64
Trd, 4319136.543, 67
Trd, 4319137.143, 81
Trd, 4319138.643, 70
Trd, 4319139.143, 64
Trd, 4319139.943, 67
Trd, 4319140.843, 68
Trd, 4319140.893, 66
Trd, 4319142.243, 63
Trd, 4319142.543, 61
Trd, 4319143.543, 139
Trd, 4319144.693, 140
Trd, 4319144.793, 140
Trd, 4319145.093, 131
Trd, 4319145.943, 139
Trd, 4319147.443, 83
Trd, 4319147.743, 111
Trd, 4319147.793, 72
Trd, 4319147.843, 71
Trd, 4319148.293, 60
Trd, 4319148.593, 73
Trd, 4319150.243, 62
Trd, 4319151.143, 60
Trd, 4319152.943, 72
Trd, 4319153.093, 66
Trd, 4319153.743, 79
Trd, 4319153.843, 140
Trd, 4319154.793, 69
Trd, 4319154.943, 68
Trd, 4319156.593, 140
Trd, 4319156.793, 137
Trd, 4319157.743, 129
Trd, 4319158.143, 127
Trd, 4319158.693, 139
Trd, 4319159.843, 116
Trd, 4319160.993, 120
Trd, 4319161.243, 90
Trd, 4319161.793, 86
Trd, 4319161.893, 96
Trd, 4319162.743, 71
Trd, 4319163.193, 97
Trd, 4319164.043, 116
Trd, 4319165.193, 140
Trd, 4319166.543, 140
Trd, 4319167.143, 140
Trd, 4319168.293, 140
Trd, 4319168.793, 135
Trd, 4319169.493, 140
Trd, 4319169.593, 132
Trd, 4319169.893, 125
Trd, 4319170.243, 122
Trd, 4319170.343, 121
Trd, 4319170.943, 131
Trd, 4319171.643, 111
Trd, 4319172.343, 138
Trd, 4319174.493, 107
Trd, 4319174.593, 106
Trd, 4319175.793, 110
Trd, 4319176.943, 126
Trd, 4319177.093, 121
Trd, 4319177.843, 63
Trd, 4319178.843, 64
Trd, 4319179.893, 68
Trd, 4319180.043, 76
Trd, 4319180.743, 77
Trd, 4319181.543, 140
Trd, 4319181.993, 66
Trd, 4319183.193, 88
Trd, 4319183.593, 140
Trd, 4319184.543, 96
Trd, 4319185.143, 100
Trd, 4319185.793, 127
Trd, 4319186.143, 101
Trd, 4319187.143, 100
Trd, 4319187.643, 128
Trd, 4319188.993, 102
Trd, 4319189.193, 123
Trd, 4319189.843, 102
Trd, 4319190.243, 95
Trd, 4319190.793, 134
Trd, 4319191.043, 61
Trd, 4319191.693, 63
Trd, 4319192.643, 107
Trd, 4319193.443, 67
Trd, 4319195.693, 66
Trd, 4319195.943, 60
Trd, 4319197.093, 80
Trd, 4319197.643, 69
Trd, 4319198.293, 140
Trd, 4319198.443, 140
Trd, 4319199.093, 140
Trd, 4319199.343, 138
Trd, 4319200.143, 140
Trd, 4319200.443, 91
Trd, 4319202.443, 134
Trd, 4319202.643, 125
Trd, 4319203.143, 138
Trd, 4319203.393, 124
Trd, 4319204.243, 134
Trd, 4319204.593, 111
Trd, 4319204.943, 110
Trd, 4319205.993, 64
Trd, 4319208.443, 65
Trd, 4319208.943, 65
Trd, 4319209.793, 67
Trd, 4319209.843, 105
Trd, 4319210.243, 140
Trd, 4319210.693, 140
Trd, 4319211.243, 140
Trd, 4319211.343, 140
Trd, 4319211.843, 122
Trd, 4319211.893, 120
Trd, 4319212.893, 120
Trd, 4319213.543, 113
Trd, 4319213.743, 102
Trd, 4319215.193, 139
Trd, 4319215.643, 128
Trd, 4319216.093, 122
Trd, 4319216.893, 140
Trd, 4319216.943, 140
Trd, 4319219.243, 138
Trd, 4319219.643, 137
Trd, 4319220.043, 128
Trd, 4319220.343, 62
Trd, 4319220.593, 63
Trd, 4319221.493, 115
Trd, 4319221.593, 113
Trd, 4319222.893, 128
Trd, 4319223.093, 126
Trd, 4319223.293, 88
Trd, 4319225.393, 140
Trd, 4319225.643, 135
Trd, 4319225.993, 138
Trd, 4319226.143, 133
Trd, 4319226.593, 130
Trd, 4319227.343, 140
Trd, 4319228.493, 140
Trd, 4319229.443, 140
Trd, 4319229.693, 140
Trd, 4319229.893, 135
Trd, 4319230.543, 130
Trd, 4319232.093, 118
Trd, 4319233.343, 115
Trd, 4319233.393, 112
Trd, 4319234.093, 85
Trd, 4319234.843, 140
Trd, 4319235.393, 139
Trd, 4319235.543, 126
Trd, 4319236.293, 108
Trd, 4319236.943, 62
Trd, 4319238.643, 60
Trd, 4319239.393, 67
Trd, 4319240.393, 66
Trd, 4319240.893, 73
Trd, 4319242.143, 60
Trd, 4319242.543, 80
Trd, 4319242.943, 60
Trd, 4319243.843, 61
Trd, 4319245.893, 68
Trd, 4319246.343, 69
Trd, 4319246.543, 71
Trd, 4319246.693, 81
Trd, 4319247.143, 99
Trd, 4319248.093, 109
Trd, 4319248.993, 124
Trd, 4319249.143, 129
Trd, 4319249.193, 67
Trd, 4319249.893, 66
Trd, 4319251.143, 140
Trd, 4319251.443, 130
Trd, 4319252.743, 139
Trd, 4319253.043, 137
Trd, 4319253.293, 134
Trd, 4319253.443, 111
Trd, 4319255.143, 60
Trd, 4319255.343, 61
Trd, 4319258.343, 64
Trd, 4319259.093, 79
Trd, 4319259.143, 65
Trd, 4319260.193, 70
Trd, 4319260.243, 69
Trd, 4319260.493, 65
Trd, 4319260.543, 68
Trd, 4319260.893, 84
Trd, 4319261.693, 75
Trd, 4319262.043, 71
Trd, 4319262.693, 136
Trd, 4319263.593, 137
Trd, 4319264.143, 140
Trd, 4319265.493, 138
Trd, 4319266.093, 132
Trd, 4319266.393, 131
Trd, 4319266.993, 122
Trd, 4319267.193, 120
Trd, 4319267.443, 84
Trd, 4319268.943, 61
Trd, 4319269.393, 66
Trd, 4319270.743, 140
Trd, 4319270.843, 129
Trd, 4319270.943, 73
Trd, 4319271.943, 94
Trd, 4319272.043, 89
Trd, 4319272.743, 138
Trd, 4319273.543, 111
Trd, 4319274.043, 93
Trd, 4319274.693, 105
Trd, 4319274.743, 104
Trd, 4319276.843, 140
Trd, 4319277.093, 139
Trd, 4319277.143, 139
Trd, 4319277.793, 139
Trd, 4319278.843, 138
Trd, 4319278.993, 136
Trd, 4319280.243, 64
Trd, 4319280.493, 61
Trd, 4319281.093, 60
Trd, 4319281.543, 76
Trd, 4319284.143, 68
Trd, 4319285.143, 60
Trd, 4319285.393, 61
Trd, 4319285.643, 72
Trd, 4319286.393, 63
Trd, 4319286.843, 74
Trd, 4319288.643, 139
Trd, 4319289.043, 135
Trd, 4319289.843, 128
Trd, 4319290.243, 90
Trd, 4319291.143, 101
Trd, 4319291.693, 140
Trd, 4319292.093, 78
Trd, 4319292.393, 65
Trd, 4319292.893, 63
Trd, 4319294.343, 64
Trd, 4319295.593, 61
Trd, 4319295.893, 60
Trd, 4319296.143, 60
Trd, 4319297.993, 60
Trd, 4319298.993, 80
Trd, 4319299.093, 88
Trd, 4319299.343, 140
Trd, 4319299.843, 130
Trd, 4319300.043, 75
Trd, 4319302.043, 60
Trd, 4319303.593, 65
Trd, 4319304.693, 62
Trd, 4319306.043, 63
Trd, 4319306.393, 64
Trd, 4319306.893, 60
Trd, 4319307.193, 67
Trd, 4319307.593, 74
Trd, 4319308.893, 69
Trd, 4319309.543, 66
Trd, 4319309.943, 70
Trd, 4319310.293, 69
Trd, 4319311.143, 113
Trd, 4319312.093, 133
Trd, 4319312.843, 137
Trd, 4319313.493, 137
Trd, 4319313.843, 135
Trd, 4319314.393, 118
Trd, 4319314.793, 101
Trd, 4319315.443, 140
Trd, 4319316.843, 140
Trd, 4319317.543, 139
Trd, 4319318.743, 138
Trd, 4319318.843, 130
Trd, 4319318.893, 117
Trd, 4319319.543, 111
Trd, 4319321.043, 135
Trd, 4319321.243, 133
Trd, 4319322.043, 102
Trd, 4319322.143, 137
Trd, 4319322.343, 87
Trd, 4319323.093, 126
Trd, 4319323.193, 125
Trd, 4319324.593, 61
Trd, 4319325.693, 69
Trd, 4319325.793, 75
Trd, 4319326.943, 130
Trd, 4319327.293, 140
Trd, 4319327.443, 130
Trd, 4319328.193, 80
Trd, 4319328.343, 97
Trd, 4319329.243, 117
Trd, 4319329.793, 78
Trd, 4319330.443, 61
Trd, 4319330.743, 73
Trd, 4319332.793, 119
Trd, 4319333.393, 118
Trd, 4319333.443, 117
Trd, 4319333.843, 115
Trd, 4319333.993, 109
Trd, 4319335.093, 110
Trd, 4319335.243, 123
Trd, 4319335.443, 124
Trd, 4319336.293, 133
Trd, 4319337.793, 140
Trd, 4319338.643, 134
Trd, 4319338.993, 133
Trd, 4319340.193, 140
Trd, 4319340.293, 140
Trd, 4319341.693, 97
Trd, 4319342.643, 140
Trd, 4319342.893, 137
Trd, 4319344.193, 140
Trd, 4319344.893, 139
Trd, 4319345.943, 136
Trd, 4319346.443, 118
Trd, 4319347.193, 112
Trd, 4319347.493, 117
Trd, 4319347.693, 111
Trd, 4319348.143, 109
Trd, 4319348.743, 103
Trd, 4319349.443, 129
Trd, 4319350.643, 125
Trd, 4319350.743, 122
Trd, 4319351.793, 61
Trd, 4319352.743, 60
Trd, 4319353.043, 72
Trd, 4319353.893, 107
Trd, 4319353.993, 101
Trd, 4319354.943, 90
Trd, 4319355.543, 85
Trd, 4319355.593, 95
Trd, 4319356.443, 140
Trd, 4319357.193, 140
Trd, 4319358.793, 63
Trd, 4319360.893, 139
Trd, 4319361.043, 135
Trd, 4319361.343, 140
Trd, 4319362.043, 68
Trd, 4319362.843, 71
Trd, 4319363.293, 65
Trd, 4319363.493, 64
Trd, 4319364.993, 63
Trd, 4319365.243, 116
Trd, 4319365.943, 128
Trd, 4319366.043, 85
Trd, 4319366.243, 84
Trd, 4319366.843, 123
Trd, 4319369.043, 88
Trd, 4319370.343, 63
Trd, 4319371.793, 60
Trd, 4319371.843, 64
Trd, 4319373.043, 74
Trd, 4319373.943, 65
Trd, 4319374.543, 81
Trd, 4319375.393, 61
Trd, 4319375.493, 61
Trd, 4319376.543, 86
Trd, 4319378.093, 78
Trd, 4319378.393, 115
Trd, 4319378.443, 109
Trd, 4319379.193, 74
Trd, 4319379.593, 70
Trd, 4319380.593, 69
Trd, 4319382.143, 60
Trd, 4319382.593, 62
Trd, 4319382.843, 60
Trd, 4319383.793, 66
Trd, 4319384.143, 63
Trd, 4319384.343, 67
Trd, 4319386.293, 76
Trd, 4319386.643, 131
Trd, 4319387.893, 72
Trd, 4319387.993, 95
Trd, 4319388.893, 69
Trd, 4319389.643, 63
Trd, 4319390.043, 63
Trd, 4319390.493, 64
Trd, 4319391.943, 61
Trd, 4319392.543, 67
Trd, 4319393.843, 118
Trd, 4319393.993, 103
Trd, 4319394.493, 132
Trd, 4319394.543, 131
Trd, 4319394.993, 127
Trd, 4319395.893, 126
Trd, 4319395.993, 125
Trd, 4319396.193, 85
Trd, 4319397.493, 137
Trd, 4319399.343, 128
Trd, 4319400.043, 128
Trd, 4319400.393, 138
Trd, 4319400.443, 129
Trd, 4319402.243, 129
Trd, 4319402.643, 127
Trd, 4319402.793, 126
Trd, 4319403.293, 134
Trd, 4319403.693, 133
Trd, 4319403.943, 88
Trd, 4319404.393, 140
Trd, 4319405.043, 132
Trd, 4319406.543, 131
Trd, 4319407.093, 62
Trd, 4319408.343, 140
Trd, 4319408.493, 139
Trd, 4319409.343, 130
Trd, 4319409.443, 128
Trd, 4319409.543, 122
Trd, 4319410.243, 66
Trd, 4319411.043, 66
Trd, 4319411.393, 73
Trd, 4319412.793, 123
Trd, 4319412.993, 140
Trd, 4319413.243, 115
Trd, 4319413.343, 114
Trd, 4319413.943, 110
Trd, 4319414.893, 72
Trd, 4319415.543, 134
Trd, 4319415.593, 133
Trd, 4319417.043, 61
Trd, 4319417.243, 64
Trd, 4319418.443, 105
Trd, 4319418.693, 104
Trd, 4319419.943, 139
Trd, 4319420.493, 140
Trd, 4319421.243, 137
Trd, 4319421.643, 135
Trd, 4319421.693, 128
Trd, 4319422.293, 88
Trd, 4319422.743, 118
Trd, 4319423.793, 140
Trd, 4319424.893, 140
Trd, 4319425.293, 93
Trd, 4319426.293, 87
Trd, 4319426.593, 87
Trd, 4319426.893, 86
Trd, 4319427.493, 63
Trd, 4319427.743, 62
Trd, 4319428.743, 62
Trd, 4319431.293, 60
Trd, 4319431.393, 60
Trd, 4319432.193, 63
Trd, 4319433.143, 73
Trd, 4319433.343, 62
Trd, 4319434.743, 71
Trd, 4319436.093, 64
Trd, 4319436.143, 63
Trd, 4319436.293, 61
Trd, 4319436.593, 70
Trd, 4319436.943, 66
Trd, 4319438.243, 132
Trd, 4319439.543, 108
Trd, 4319440.043, 103
Trd, 4319440.593, 140
Trd, 4319441.593, 140
Trd, 4319442.393, 140
Trd, 4319442.793, 138
Trd, 4319442.893, 137
Trd, 4319443.343, 140
Trd, 4319444.993, 127
Trd, 4319445.293, 123
Trd, 4319445.393, 115
Trd, 4319445.443, 104
Trd, 4319447.193, 62
Trd, 4319448.093, 60
Trd, 4319448.193, 63
Trd, 4319449.793, 71
Trd, 4319449.943, 136
Trd, 4319450.543, 80
Trd, 4319451.543, 61
Trd, 4319451.693, 61
Trd, 4319451.893, 60
Trd, 4319452.443, 73
Trd, 4319452.993, 61
Trd, 4319454.293, 140
Trd, 4319454.643, 82
Trd, 4319455.243, 85
Trd, 4319456.143, 63
Trd, 4319456.493, 118
Trd, 4319457.493, 108
Trd, 4319458.143, 107
Trd, 4319458.543, 106
Trd, 4319459.943, 140
Trd, 4319460.393, 140
Trd, 4319461.243, 139
Trd, 4319461.493, 130
Trd, 4319461.993, 121
Trd, 4319462.593, 71
Trd, 4319463.943, 60
Trd, 4319464.643, 61
Trd, 4319466.943, 60
Trd, 4319467.143, 67
Trd, 4319468.493, 92
Trd, 4319468.843, 90
Trd, 4319469.043, 89
Trd, 4319470.193, 140
Trd, 4319470.393, 139
Trd, 4319470.443, 130
Trd, 4319470.893, 128
Trd, 4319471.493, 101
Trd, 4319473.893, 121
Trd, 4319474.543, 94
Trd, 4319474.843, 92
Trd, 4319475.343, 140
Trd, 4319475.593, 140
Trd, 4319475.943, 104
Trd, 4319476.593, 140
Trd, 4319477.243, 137
Trd, 4319477.843, 139
Trd, 4319478.943, 139
Trd, 4319479.193, 137
Trd, 4319481.393, 137
Trd, 4319482.643, 97
Trd, 4319483.243, 126
Trd, 4319483.793, 120
Trd, 4319483.993, 138
Trd, 4319484.293, 117
Trd, 4319485.393, 137
Trd, 4319486.043, 121
Trd, 4319486.243, 120
Trd, 4319486.443, 87
Trd, 4319488.143, 140
Trd, 4319488.243, 137
Trd, 4319488.343, 133
Trd, 4319489.493, 140
Trd, 4319490.043, 108
Trd, 4319492.293, 65
Trd, 4319492.393, 68
Trd, 4319492.893, 123
Trd, 4319493.443, 97
Trd, 4319493.793, 95
Trd, 4319493.843, 100
Trd, 4319495.343, 140
Trd, 4319495.843, 130
Trd, 4319496.443, 123
Trd, 4319497.643, 139
Trd, 4319498.193, 140
Trd, 4319498.493, 138
Trd, 4319498.893, 136
Trd, 4319499.843, 70
Trd, 4319500.493, 140
Trd, 4319500.893, 138
Trd, 4319501.843, 135
Trd, 4319502.343, 126
Trd, 4319503.093, 140
Trd, 4319503.143, 129
Trd, 4319504.093, 61
Trd, 4319505.593, 71
Trd, 4319505.693, 95
Trd, 4319507.393, 140
Trd, 4319508.493, 138
Trd, 4319508.643, 137
Trd, 4319509.643, 131
Trd, 4319510.143, 137
Trd, 4319511.293, 135
Trd, 4319512.293, 138
Trd, 4319512.493, 137
Trd, 4319513.243, 140
Trd, 4319514.493, 127
Trd, 4319514.793, 92
Trd, 4319514.993, 88
Trd, 4319516.693, 138
Trd, 4319517.243, 136
Trd, 4319517.343, 120
Trd, 4319518.843, 96
Trd, 4319520.193, 136
Trd, 4319520.443, 126
Trd, 4319520.843, 97
Trd, 4319521.243, 95
Trd, 4319521.593, 90
Trd, 4319522.443, 62
Trd, 4319523.143, 62
Trd, 4319524.093, 140
Trd, 4319525.293, 140
Trd, 4319525.893, 137
Trd, 4319526.043, 133
Trd, 4319526.193, 126
Trd, 4319527.043, 63
Trd, 4319528.693, 63
Trd, 4319529.743, 61
Trd, 4319530.843, 139
Trd, 4319531.143, 130
Trd, 4319531.893, 140
Trd, 4319532.543, 140
Trd, 4319534.743, 140
Trd, 4319536.693, 140
Trd, 4319537.143, 140
Trd, 4319537.193, 140
Trd, 4319537.243, 137
Trd, 4319537.443, 122
Trd, 4319538.243, 123
Trd, 4319538.493, 76
Trd, 4319538.943, 108
Trd, 4319540.443, 140
Trd, 4319541.743, 140
Trd, 4319541.993, 140
Trd, 4319542.043, 137
Trd, 4319543.493, 129
Trd, 4319543.743, 128
Trd, 4319543.993, 120
Trd, 4319545.043, 139
Trd, 4319545.343, 69
Trd, 4319546.693, 118
Trd, 4319546.943, 90
Trd, 4319547.543, 66
Trd, 4319548.393, 137
Trd, 4319548.843, 129
Trd, 4319549.043, 128
Trd, 4319549.943, 134
Trd, 4319550.643, 132
Trd, 4319551.443, 140
Trd, 4319551.643, 139
Trd, 4319552.343, 137
Trd, 4319552.393, 100
Trd, 4319553.143, 103
Trd, 4319554.943, 131
Trd, 4319555.793, 135
Trd, 4319555.993, 140
Trd, 4319556.843, 87
Trd, 4319557.093, 114
Trd, 4319557.293, 106
Trd, 4319557.343, 79
Trd, 4319557.943, 140
Trd, 4319558.643, 138
Trd, 4319558.893, 103
Trd, 4319559.643, 97
Trd, 4319559.793, 82
Trd, 4319561.943, 140
Trd, 4319562.143, 140
Trd, 4319562.193, 139
Trd, 4319563.843, 63
Trd, 4319564.143, 64
Trd, 4319565.093, 97
Trd, 4319565.443, 138
Trd, 4319566.293, 102
Trd, 4319567.043, 102
Trd, 4319567.293, 124
Trd, 4319568.743, 109
Trd, 4319568.893, 104
Trd, 4319569.443, 139
Trd, 4319571.643, 61
Trd, 4319571.693, 63
Trd, 4319572.993, 66
Trd, 4319573.543, 66
Trd, 4319574.043, 86
Trd, 4319574.293, 62
Trd, 4319574.793, 63
Trd, 4319576.393, 69
Trd, 4319577.093, 85
Trd, 4319577.443, 73
Trd, 4319577.993, 66
Trd, 4319579.093, 62
Trd, 4319579.293, 61
Trd, 4319579.993, 66
Trd, 4319581.993, 93
Trd, 4319582.143, 67
Trd, 4319582.343, 129
Trd, 4319582.493, 140
Trd, 4319583.743, 115
Trd, 4319584.193, 113
Trd, 4319584.793, 70
Trd, 4319585.543, 66
Trd, 4319585.893, 63
Trd, 4319586.343, 69
Trd, 4319586.593, 65
Trd, 4319587.493, 63
Trd, 4319587.693, 140
Trd, 4319589.393, 84
Trd, 4319590.193, 139
Trd, 4319590.593, 136
Trd, 4319590.993, 133
Trd, 4319591.543, 125
Trd, 4319591.593, 117
Trd, 4319592.293, 139
Trd, 4319592.893, 106
Trd, 4319593.793, 62
Trd, 4319594.193, 138
Trd, 4319594.843, 140
Trd, 4319595.743, 138
Trd, 4319595.843, 136
Trd, 4319595.893, 130
Trd, 4319597.293, 130
Trd, 4319599.193, 98
Trd, 4319599.543, 94
Trd, 4319600.043, 93
Trd, 4319600.193, 113
Trd, 4319600.443, 93
Trd, 4319600.543, 115
Trd, 4319600.793, 93
Trd, 4319601.893, 76
Trd, 4319602.193, 61
Trd, 4319602.843, 86
Trd, 4319603.593, 67
Trd, 4319604.193, 103
Trd, 4319604.693, 63
Trd, 4319606.543, 113
Trd, 4319607.143, 83
Trd, 4319607.193, 92
Trd, 4319608.443, 81
Trd, 4319608.793, 78
Trd, 4319609.493, 78
Trd, 4319610.393, 77
Trd, 4319610.593, 76
Trd, 4319611.893, 140
Trd, 4319611.943, 140
Trd, 4319612.443, 134
Trd, 4319613.043, 114
Trd, 4319613.493, 107
Trd, 4319615.393, 125
Trd, 4319615.443, 123
Trd, 4319616.043, 139
Trd, 4319617.393, 139
Trd, 4319618.043, 129
Trd, 4319618.193, 125
Trd, 4319618.493, 125
Trd, 4319618.843, 124
Trd, 4319619.243, 123
Trd, 4319620.043, 134
Trd, 4319620.793, 140
Trd, 4319622.093, 132
Trd, 4319623.043, 135
Trd, 4319623.143, 126
Trd, 4319623.293, 91
Trd, 4319624.793, 129
Trd, 4319624.843, 127
Trd, 4319625.643, 140
Trd, 4319626.193, 122
Trd, 4319626.843, 140
Trd, 4319627.593, 140
Trd, 4319627.893, 137
Trd, 4319628.293, 129
Trd, 4319628.493, 125
Trd, 4319628.793, 124
Trd, 4319629.743, 91
Trd, 4319630.643, 90
Trd, 4319630.993, 115
Trd, 4319631.693, 139
Trd, 4319632.443, 138
Trd, 4319634.393, 139
Trd, 4319634.643, 132
Trd, 4319634.943, 131
Trd, 4319635.443, 121
Trd, 4319635.543, 118
Trd, 4319635.793, 139
Trd, 4319637.043, 66
Trd, 4319638.243, 61
Trd, 4319638.443, 128
Trd, 4319639.293, 62
Trd, 4319639.943, 63
Trd, 4319640.393, 64
Trd, 4319641.443, 66
Trd, 4319642.293, 61
Trd, 4319642.743, 130
Trd, 4319642.893, 66
Trd, 4319643.443, 109
Trd, 4319643.693, 65
Trd, 4319644.543, 120
Trd, 4319645.993, 67
Trd, 4319646.143, 102
Trd, 4319646.243, 65
Trd, 4319646.393, 60
Trd, 4319647.193, 93
Trd, 4319650.343, 113
Trd, 4319650.443, 108
Trd, 4319651.193, 140
Trd, 4319652.043, 140
Trd, 4319652.743, 140
Trd, 4319653.393, 140
Trd, 4319654.193, 140
Trd, 4319655.043, 139
Trd, 4319655.193, 137
Trd, 4319656.693, 133
Trd, 4319657.493, 138
Trd, 4319658.443, 101
Trd, 4319658.743, 92
Trd, 4319659.443, 80
Trd, 4319660.193, 78
Trd, 4319660.543, 63
Trd, 4319661.343, 134
Trd, 4319661.993, 95
Trd, 4319662.143, 94
Trd, 4319662.993, 119
Trd, 4319663.643, 119
Trd, 4319665.043, 140
Trd, 4319665.743, 140
Trd, 4319665.843, 116
Trd, 4319666.193, 68
Trd, 4319667.843, 135
Trd, 4319667.993, 134
Trd, 4319668.293, 97
Trd, 4319669.393, 129
Trd, 4319671.043, 65
Trd, 4319671.293, 69
Trd, 4319671.643, 66
Trd, 4319672.293, 140
Trd, 4319672.493, 137
Trd, 4319673.193, 120
Trd, 4319673.993, 138
Trd, 4319674.193, 65
Trd, 4319675.093, 140
Trd, 4319675.343, 137
Trd, 4319675.593, 85
Trd, 4319677.293, 140
Trd, 4319677.343, 139
Trd, 4319678.393, 129
Trd, 4319678.743, 93
Trd, 4319678.793, 89
Trd, 4319680.043, 74
Trd, 4319681.193, 112
Trd, 4319681.593, 63
Trd, 4319682.443, 63
Trd, 4319682.493, 64
Trd, 4319683.493, 77
Trd, 4319684.043, 60
Trd, 4319685.243, 65
Trd, 4319685.493, 60
Trd, 4319686.493, 63
Trd, 4319688.193, 92
Trd, 4319689.443, 61
Trd, 4319690.293, 61
Trd, 4319690.543, 65
Trd, 4319690.643, 60
Trd, 4319690.993, 94
Trd, 4319692.943, 140
Trd, 4319693.243, 136
Trd, 4319693.793, 133
Trd, 4319694.593, 117
Trd, 4319695.443, 128
Trd, 4319696.143, 129
Trd, 4319696.693, 126
Trd, 4319696.843, 124
Trd, 4319697.393, 62
Trd, 4319697.493, 125
Trd, 4319697.793, 61
Trd, 4319698.193, 68
Trd, 4319698.793, 61
Trd, 4319699.443, 62
Trd, 4319701.893, 64
Trd, 4319702.143, 89
Trd, 4319703.293, 65
Trd, 4319703.643, 81
Trd, 4319704.493, 66
Trd, 4319705.893, 62
Trd, 4319706.293, 63
Trd, 4319706.643, 140
Trd, 4319706.993, 61
Trd, 4319707.193, 60
Trd, 4319707.343, 139
Trd, 4319708.493, 124
Trd, 4319709.043, 80
Trd, 4319709.093, 81
Trd, 4319711.243, 81
Trd, 4319711.743, 80
Trd, 4319712.193, 80
Trd, 4319712.543, 132
Trd, 4319712.593, 105
Trd, 4319713.143, 66
Trd, 4319715.193, 72
Trd, 4319715.743, 106
Trd, 4319717.843, 60
Trd, 4319718.243, 64
Trd, 4319718.393, 72
Trd, 4319718.643, 100
Trd, 4319718.943, 104
Trd, 4319719.743, 66
Trd, 4319721.743, 62
Trd, 4319722.143, 106
Trd, 4319722.293, 140
Trd, 4319722.893, 104
Trd, 4319723.543, 75
Trd, 4319724.193, 95
Trd, 4319725.093, 63
Trd, 4319725.693, 102
Trd, 4319726.343, 65
Trd, 4319727.293, 82
Trd, 4319728.543, 65
Trd, 4319728.643, 74
Trd, 4319728.843, 62
Trd, 4319729.593, 112
Trd, 4319730.143, 140
Trd, 4319730.193, 140
Trd, 4319730.393, 137
Trd, 4319731.093, 95
Trd, 4319732.993, 61
Trd, 4319733.443, 61
Trd, 4319733.843, 72
Trd, 4319736.093, 140
Trd, 4319736.143, 140
Trd, 4319736.793, 140
Trd, 4319737.243, 140
Trd, 4319737.293, 140
Trd, 4319738.943, 135
Trd, 4319738.993, 133
Trd, 4319739.343, 69
Trd, 4319741.043, 139
Trd, 4319742.093, 131
Trd, 4319742.643, 137
Trd, 4319743.093, 65
Trd, 4319743.693, 68
Trd, 4319743.993, 126
Trd, 4319744.143, 125
Trd, 4319744.593, 139
Trd, 4319746.143, 68
Trd, 4319747.193, 71
Trd, 4319748.093, 131
Trd, 4319748.593, 140
Trd, 4319749.193, 132
Trd, 4319749.793, 70
Trd, 4319750.343, 65
Trd, 4319753.043, 65
Trd, 4319753.093, 70
Trd, 4319753.843, 61
Trd, 4319755.393, 72
Trd, 4319755.593, 74
Trd, 4319756.543, 71
Trd, 4319756.743, 139
Trd, 4319756.893, 73
Trd, 4319757.393, 140
Trd, 4319757.693, 136
Trd, 4319757.943, 70
Trd, 4319759.593, 138
Trd, 4319759.643, 136
Trd, 4319759.943, 121
Trd, 4319760.093, 119
Trd, 4319760.443, 119
Trd, 4319760.693, 92
Trd, 4319761.993, 61
Trd, 4319762.593, 138
Trd, 4319763.993, 139
Trd, 4319764.493, 135
Trd, 4319764.793, 72
Trd, 4319765.143, 126
Trd, 4319766.293, 118
Trd, 4319766.593, 118
Trd, 4319767.543, 99
Trd, 4319768.893, 63
Trd, 4319769.343, 79
Trd, 4319769.493, 140
Trd, 4319770.693, 61
Trd, 4319773.293, 60
Trd, 4319773.993, 60
Trd, 4319774.593, 62
Trd, 4319774.693, 66
Trd, 4319775.093, 68
Trd, 4319775.343, 73
Trd, 4319776.293, 76
Trd, 4319776.393, 121
Trd, 4319776.893, 98
Trd, 4319777.043, 62
Trd, 4319778.593, 82
Trd, 4319779.693, 89
Trd, 4319780.043, 107
Trd, 4319780.343, 89
Trd, 4319780.893, 88
Trd, 4319781.343, 74
Trd, 4319781.443, 74
Trd, 4319781.593, 97
Trd, 4319782.943, 136
Trd, 4319784.843, 61
Trd, 4319785.093, 60
Trd, 4319785.343, 66
Trd, 4319785.743, 69
Trd, 4319786.893, 81
Trd, 4319786.943, 80
Trd, 4319787.643, 60
Trd, 4319787.693, 60
Trd, 4319788.193, 97
Trd, 4319789.643, 103
Trd, 4319790.843, 60
Trd, 4319791.443, 62
Trd, 4319791.793, 62
Trd, 4319791.843, 97
Trd, 4319792.393, 133
Trd, 4319793.243, 63
Trd, 4319794.043, 69
Trd, 4319794.893, 85
Trd, 4319795.343, 73
Trd, 4319795.893, 140
Trd, 4319797.143, 131
Trd, 4319797.193, 130
Trd, 4319798.693, 140
Trd, 4319798.943, 110
Trd, 4319800.743, 140
Trd, 4319800.893, 140
Trd, 4319801.293, 139
Trd, 4319802.143, 133
Trd, 4319802.593, 120
Trd, 4319803.193, 60
Trd, 4319805.043, 68
Trd, 4319805.193, 68
Trd, 4319805.993, 60
Trd, 4319806.193, 69
Trd, 4319807.393, 90
Trd, 4319808.443, 91
Trd, 4319808.543, 73
Trd, 4319808.743, 70
Trd, 4319808.893, 98
Trd, 4319809.093, 66
Trd, 4319810.643, 68
Trd, 4319811.343, 128
Trd, 4319811.593, 108
Trd, 4319812.293, 139
Trd, 4319813.393, 136
Trd, 4319814.193, 135
Trd, 4319815.893, 139
Trd, 4319816.193, 130
Trd, 4319816.443, 98
Trd, 4319816.893, 92
Trd, 4319817.043, 90
Trd, 4319818.393, 69
Trd, 4319818.743, 64
Trd, 4319819.043, 111
Trd, 4319819.143, 113
Trd, 4319819.843, 103
Trd, 4319819.893, 99
Trd, 4319820.043, 138
Trd, 4319821.143, 84
Trd, 4319822.143, 64
Trd, 4319823.093, 68
Trd, 4319823.293, 62
Trd, 4319824.143, 131
Trd, 4319824.743, 72
Trd, 4319825.543, 132
Trd, 4319825.793, 60
Trd, 4319826.193, 103
Trd, 4319827.043, 102
Trd, 4319828.443, 116
Trd, 4319828.643, 101
Trd, 4319828.893, 128
Trd, 4319829.193, 122
Trd, 4319830.143, 107
Trd, 4319830.743, 74
Trd, 4319830.793, 133
Trd, 4319831.243, 121
Trd, 4319831.643, 114
Trd, 4319832.443, 119
Trd, 4319833.093, 64
Trd, 4319834.143, 72
Trd, 4319834.943, 99
Trd, 4319835.743, 65
Trd, 4319835.943, 112
Trd, 4319837.043, 60
Trd, 4319837.743, 60
Trd, 4319838.893, 139
Trd, 4319840.843, 140
Trd, 4319840.993, 139
Trd, 4319841.343, 137
Trd, 4319841.393, 131
Trd, 4319841.843, 93
Trd, 4319842.493, 92
Trd, 4319842.743, 128
Trd, 4319843.093, 139
Trd, 4319844.193, 88
Trd, 4319844.643, 115
Trd, 4319845.343, 106
Trd, 4319846.093, 97
Trd, 4319846.393, 95
Trd, 4319846.843, 93
Trd, 4319847.293, 93
Trd, 4319847.843, 91
Trd, 4319848.543, 93
Trd, 4319848.843, 93
Trd, 4319850.043, 78
Trd, 4319850.493, 62
Trd, 4319850.793, 60
Trd, 4319851.843, 140
Trd, 4319851.993, 140
Trd, 4319852.243, 61
Trd, 4319853.093, 138
Trd, 4319854.143, 121
Trd, 4319855.193, 78
Trd, 4319855.843, 106
Trd, 4319856.543, 81
Trd, 4319857.043, 129
Trd, 4319857.593, 121
Trd, 4319857.843, 84
Trd, 4319857.893, 138
Trd, 4319859.193, 129
Trd, 4319859.293, 128
Trd, 4319860.193, 138
Trd, 4319861.143, 132
Trd, 4319861.193, 119
Trd, 4319862.543, 140
Trd, 4319863.393, 140
Trd, 4319863.693, 140
Trd, 4319864.893, 132
Trd, 4319865.093, 133
Trd, 4319866.293, 111
Trd, 4319866.393, 112
Trd, 4319866.493, 109
Trd, 4319866.843, 101
Trd, 4319868.493, 105
Trd, 4319868.543, 104
Trd, 4319869.043, 140
Trd, 4319869.543, 66
Trd, 4319869.843, 67
Trd, 4319870.693, 93
Trd, 4319870.843, 130
Trd, 4319871.243, 95
Trd, 4319871.693, 93
Trd, 4319872.643, 91
Trd, 4319873.093, 119
Trd, 4319874.443, 64
Trd, 4319875.343, 60
Trd, 4319876.793, 68
Trd, 4319877.493, 65
Trd, 4319877.543, 78
Trd, 4319877.943, 60
Trd, 4319878.343, 80
Trd, 4319879.243, 60
Trd, 4319879.693, 63
Trd, 4319880.043, 64
Trd, 4319881.093, 65
Trd, 4319883.293, 62
Trd, 4319883.843, 60
Trd, 4319884.243, 131
Trd, 4319884.593, 109
Trd, 4319885.243, 111
Trd, 4319885.643, 123
Trd, 4319886.193, 111
Trd, 4319886.643, 111
Trd, 4319887.343, 64
Trd, 4319887.943, 60
Trd, 4319888.493, 98
Trd, 4319888.893, 104
Trd, 4319889.493, 63
Trd, 4319890.343, 63
Trd, 4319891.743, 70
Trd, 4319891.843, 67
Trd, 4319892.643, 115
Trd, 4319893.593, 64
Trd, 4319894.893, 116
Trd, 4319895.993, 60
Trd, 4319896.293, 64
Trd, 4319896.843, 118
Trd, 4319897.743, 93
Trd, 4319898.093, 73
Trd, 4319898.443, 71
Trd, 4319899.093, 70
Trd, 4319899.843, 97
Trd, 4319900.793, 78
Trd, 4319900.943, 110
Trd, 4319901.493, 94
Trd, 4319902.243, 118
Trd, 4319902.293, 92
Trd, 4319902.843, 87
Trd, 4319903.093, 60
Trd, 4319904.743, 140
Trd, 4319905.443, 72
Trd, 4319906.243, 65
Trd, 4319906.643, 60
Trd, 4319908.193, 69
Trd, 4319908.643, 62
Trd, 4319909.743, 114
Trd, 4319909.943, 87
Trd, 4319910.743, 140
Trd, 4319910.993, 133
Trd, 4319912.043, 97
Trd, 4319912.293, 96
Trd, 4319913.243, 99
Trd, 4319913.443, 86
Trd, 4319913.843, 85
Trd, 4319915.443, 85
Trd, 4319915.493, 85
Trd, 4319916.293, 83
Trd, 4319916.993, 132
Trd, 4319917.043, 66
Trd, 4319917.743, 121
Trd, 4319918.743, 77
Trd, 4319919.243, 135
Trd, 4319920.843, 61
Trd, 4319921.543, 67
Trd, 4319922.593, 61
Trd, 4319922.743, 73
Trd, 4319924.493, 63
Trd, 4319924.743, 74
Trd, 4319924.993, 63
Trd, 4319925.243, 123
Trd, 4319925.893, 131
Trd, 4319926.343, 90
Trd, 4319926.843, 92
Trd, 4319927.143, 90
Trd, 4319928.343, 88
Trd, 4319928.493, 85
Trd, 4319929.693, 104
Trd, 4319929.843, 67
Trd, 4319930.043, 66
Trd, 4319930.843, 75
Trd, 4319930.993, 74
Trd, 4319931.893, 124
Trd, 4319932.443, 121
Trd, 4319933.143, 138
Trd, 4319933.693, 140
Trd, 4319934.543, 129
Trd, 4319935.743, 129
Trd, 4319935.793, 127
Trd, 4319938.043, 139
Trd, 4319938.143, 133
Trd, 4319938.693, 132
Trd, 4319938.743, 90
Trd, 4319939.643, 140
Trd, 4319939.743, 114
Trd, 4319940.243, 93
Trd, 4319941.043, 137
Trd, 4319941.293, 129
Trd, 4319942.293, 114
Trd, 4319942.543, 90
Trd, 4319943.043, 71
Trd, 4319943.793, 114
Trd, 4319944.193, 109
Trd, 4319945.393, 107
Trd, 4319945.943, 140
Trd, 4319946.043, 105
Trd, 4319946.593, 138
Trd, 4319947.943, 106
Trd, 4319948.043, 105
Trd, 4319949.343, 140
Trd, 4319949.543, 138
Trd, 4319949.993, 121
Trd, 4319951.493, 83
Trd, 4319953.393, 81
Trd, 4319953.543, 80
Trd, 4319953.743, 115
Trd, 4319954.043, 112
Trd, 4319954.593, 140
Trd, 4319954.793, 131
Trd, 4319954.843, 123
Trd, 4319955.543, 74
Trd, 4319956.493, 66
Trd, 4319957.043, 61
Trd, 4319958.993, 66
Trd, 4319959.743, 68
Trd, 4319961.343, 64
Trd, 4319961.793, 74
Trd, 4319962.743, 64
Trd, 4319963.443, 62
Trd, 4319963.593, 65
Trd, 4319963.643, 82
Trd, 4319964.543, 63
Trd, 4319964.893, 118
Trd, 4319965.593, 62
Trd, 4319966.843, 60
Trd, 4319966.893, 64
Trd, 4319967.543, 69
Trd, 4319969.493, 61
Trd, 4319970.293, 78
Trd, 4319970.343, 63
Trd, 4319970.643, 65
Trd, 4319971.193, 76
Trd, 4319972.493, 140
Trd, 4319973.043, 122
Trd, 4319974.093, 119
Trd, 4319975.293, 124
Trd, 4319975.943, 119
Trd, 4319976.993, 132
Trd, 4319977.143, 94
Trd, 4319977.193, 88
Trd, 4319978.643, 140
Trd, 4319978.743, 137
Trd, 4319979.193, 90
Trd, 4319980.743, 74
Trd, 4319980.893, 110
Trd, 4319981.193, 122
Trd, 4319982.443, 135
Trd, 4319983.943, 140
Trd, 4319983.993, 125
Trd, 4319984.293, 105
Trd, 4319984.543, 95
Trd, 4319987.993, 140
Trd, 4319988.393, 140
Trd, 4319988.443, 140
Trd, 4319988.743, 137
Trd, 4319990.193, 118
Trd, 4319990.693, 119
Trd, 4319990.843, 112
Trd, 4319990.893, 111
Trd, 4319991.143, 109
Trd, 4319991.443, 105
Trd, 4319992.843, 138
Trd, 4319992.993, 120
Trd, 4319995.443, 61
Trd, 4319995.493, 62
Trd, 4319995.793, 64
Trd, 4319996.493, 61
Trd, 4319997.243, 62
Trd, 4319998.193, 140
Trd, 4319998.893, 140
Trd, 4319999.893, 137
Trd, 4319999.993, 120
