Trd, 4318136.893, 140
Trd, 4318136.943, 139
Trd, 4318137.343, 137
Trd, 4318138.393, 140
Trd, 4318138.893, 140
Trd, 4318139.043, 140
Trd, 4318139.243, 140
Trd, 4318139.793, 140
Trd, 4318141.593, 139
Trd, 4318141.693, 139
Trd, 4318142.993, 133
Trd, 4318143.143, 117
Trd, 4318143.193, 135
Trd, 4318143.243, 115
Trd, 4318143.293, 136
Trd, 4318144.143, 86
Trd, 4318144.193, 140
Trd, 4318145.593, 140
Trd, 4318146.343, 140
Trd, 4318147.243, 140
Trd, 4318147.443, 140
Trd, 4318148.043, 140
Trd, 4318149.243, 140
Trd, 4318149.393, 140
Trd, 4318150.993, 140
Trd, 4318151.593, 140
Trd, 4318152.143, 140
Trd, 4318152.993, 140
Trd, 4318153.093, 140
Trd, 4318153.593, 139
Trd, 4318154.393, 140
Trd, 4318154.843, 137
Trd, 4318155.643, 139
Trd, 4318155.743, 136
Trd, 4318156.693, 140
Trd, 4318157.543, 140
Trd, 4318157.893, 139
Trd, 4318158.943, 140
Trd, 4318159.443, 140
Trd, 4318159.693, 139
Trd, 4318160.843, 140
Trd, 4318162.193, 140
Trd, 4318162.393, 140
Trd, 4318162.843, 140
Trd, 4318163.343, 138
Trd, 4318163.393, 104
Trd, 4318165.843, 140
Trd, 4318167.243, 140
Trd, 4318167.343, 140
Trd, 4318168.043, 140
Trd, 4318168.543, 138
Trd, 4318168.943, 139
Trd, 4318170.543, 140
Trd, 4318170.993, 140
Trd, 4318172.043, 140
Trd, 4318172.843, 140
Trd, 4318173.093, 140
Trd, 4318174.393, 140
Trd, 4318175.043, 140
Trd, 4318175.593, 139
Trd, 4318175.743, 138
Trd, 4318175.943, 136
Trd, 4318176.493, 60
Trd, 4318177.093, 140
Trd, 4318178.993, 140
Trd, 4318179.743, 140
Trd, 4318180.343, 140
Trd, 4318181.043, 140
Trd, 4318181.893, 140
Trd, 4318182.393, 140
Trd, 4318183.043, 140
Trd, 4318183.593, 140
Trd, 4318183.693, 139
Trd, 4318184.643, 140
Trd, 4318184.843, 140
Trd, 4318185.943, 139
Trd, 4318186.843, 140
Trd, 4318186.893, 140
Trd, 4318187.043, 139
Trd, 4318187.543, 140
Trd, 4318187.743, 87
Trd, 4318190.593, 140
Trd, 4318191.293, 140
Trd, 4318193.693, 140
Trd, 4318194.393, 140
Trd, 4318194.443, 140
Trd, 4318194.593, 140
Trd, 4318194.893, 138
Trd, 4318196.343, 140
Trd, 4318196.943, 140
Trd, 4318197.243, 140
Trd, 4318199.193, 140
Trd, 4318199.343, 140
Trd, 4318199.443, 140
Trd, 4318199.593, 73
Trd, 4318200.193, 67
Trd, 4318200.693, 62
Trd, 4318201.693, 139
Trd, 4318202.443, 139
Trd, 4318203.743, 132
Trd, 4318204.393, 87
Trd, 4318204.893, 139
Trd, 4318205.743, 137
Trd, 4318207.743, 140
Trd, 4318208.243, 140
Trd, 4318209.393, 140
Trd, 4318209.443, 140
Trd, 4318209.893, 140
Trd, 4318209.943, 139
Trd, 4318210.793, 140
Trd, 4318211.843, 140
Trd, 4318212.293, 140
Trd, 4318212.943, 140
Trd, 4318215.243, 140
Trd, 4318215.493, 140
Trd, 4318215.893, 139
Trd, 4318217.743, 140
Trd, 4318218.043, 140
Trd, 4318218.693, 140
Trd, 4318219.193, 140
Trd, 4318220.193, 140
Trd, 4318220.793, 140
Trd, 4318221.293, 140
Trd, 4318221.493, 140
Trd, 4318221.993, 139
Trd, 4318223.343, 140
Trd, 4318223.693, 140
Trd, 4318224.043, 139
Trd, 4318224.443, 138
Trd, 4318224.943, 138
Trd, 4318225.093, 96
Trd, 4318225.393, 121
Trd, 4318226.793, 60
Trd, 4318226.943, 60
Trd, 4318227.393, 61
Trd, 4318227.993, 60
Trd, 4318228.593, 60
Trd, 4318229.293, 60
Trd, 4318230.293, 60
Trd, 4318230.443, 61
Trd, 4318231.143, 99
Trd, 4318231.943, 74
Trd, 4318232.243, 75
Trd, 4318233.943, 60
Trd, 4318233.993, 60
Trd, 4318235.293, 60
Trd, 4318235.593, 64
Trd, 4318235.843, 60
Trd, 4318237.643, 67
Trd, 4318237.743, 68
Trd, 4318238.793, 65
Trd, 4318239.043, 99
Trd, 4318239.893, 140
Trd, 4318240.243, 140
Trd, 4318240.343, 139
Trd, 4318240.993, 140
Trd, 4318241.393, 140
Trd, 4318242.293, 61
Trd, 4318242.993, 69
Trd, 4318243.493, 60
Trd, 4318244.343, 65
Trd, 4318245.243, 139
Trd, 4318245.593, 140
Trd, 4318245.743, 140
Trd, 4318246.943, 140
Trd, 4318246.993, 140
Trd, 4318247.143, 140
Trd, 4318248.043, 139
Trd, 4318248.093, 138
Trd, 4318249.993, 140
Trd, 4318251.493, 140
Trd, 4318251.543, 140
Trd, 4318252.193, 133
Trd, 4318252.843, 81
Trd, 4318253.143, 76
Trd, 4318254.093, 140
Trd, 4318254.843, 140
Trd, 4318255.043, 140
Trd, 4318255.493, 135
Trd, 4318257.243, 140
Trd, 4318257.443, 140
Trd, 4318258.443, 140
Trd, 4318258.943, 140
Trd, 4318258.993, 139
Trd, 4318260.843, 140
Trd, 4318261.443, 140
Trd, 4318263.743, 140
Trd, 4318263.943, 140
Trd, 4318264.343, 140
Trd, 4318264.493, 138
Trd, 4318266.943, 140
Trd, 4318267.543, 140
Trd, 4318268.343, 140
Trd, 4318268.493, 139
Trd, 4318269.393, 140
Trd, 4318269.743, 138
Trd, 4318270.943, 96
Trd, 4318271.243, 140
Trd, 4318271.893, 88
Trd, 4318271.993, 137
Trd, 4318273.043, 140
Trd, 4318273.293, 140
Trd, 4318273.893, 140
Trd, 4318275.143, 140
Trd, 4318277.043, 140
Trd, 4318277.243, 140
Trd, 4318278.143, 140
Trd, 4318278.643, 140
Trd, 4318278.943, 140
Trd, 4318279.343, 140
Trd, 4318280.543, 139
Trd, 4318280.643, 139
Trd, 4318280.943, 140
Trd, 4318281.943, 139
Trd, 4318282.593, 138
Trd, 4318284.643, 140
Trd, 4318285.093, 140
Trd, 4318285.593, 140
Trd, 4318286.993, 140
Trd, 4318287.343, 140
Trd, 4318287.843, 140
Trd, 4318288.493, 140
Trd, 4318289.143, 139
Trd, 4318289.793, 140
Trd, 4318290.193, 140
Trd, 4318291.293, 93
Trd, 4318292.143, 139
Trd, 4318293.743, 140
Trd, 4318294.043, 81
Trd, 4318294.193, 82
Trd, 4318294.243, 69
Trd, 4318294.393, 83
Trd, 4318294.993, 139
Trd, 4318295.793, 63
Trd, 4318296.143, 60
Trd, 4318297.243, 67
Trd, 4318298.393, 60
Trd, 4318298.793, 61
Trd, 4318299.493, 60
Trd, 4318299.793, 60
Trd, 4318299.993, 140
Trd, 4318301.243, 60
Trd, 4318302.643, 60
Trd, 4318303.043, 60
Trd, 4318303.293, 63
Trd, 4318303.843, 101
Trd, 4318304.943, 140
Trd, 4318305.243, 86
Trd, 4318305.843, 140
Trd, 4318306.993, 140
Trd, 4318308.393, 140
Trd, 4318308.643, 140
Trd, 4318308.993, 137
Trd, 4318310.143, 138
Trd, 4318310.743, 139
Trd, 4318311.243, 140
Trd, 4318312.743, 140
Trd, 4318313.943, 140
Trd, 4318314.343, 140
Trd, 4318314.443, 140
Trd, 4318314.943, 140
Trd, 4318315.293, 140
Trd, 4318315.493, 139
Trd, 4318315.943, 139
Trd, 4318316.843, 140
Trd, 4318317.693, 136
Trd, 4318317.793, 134
Trd, 4318320.193, 140
Trd, 4318320.893, 140
Trd, 4318322.743, 140
Trd, 4318322.993, 140
Trd, 4318323.393, 140
Trd, 4318324.093, 140
Trd, 4318324.793, 140
Trd, 4318325.143, 140
Trd, 4318325.193, 140
Trd, 4318325.893, 139
Trd, 4318327.343, 140
Trd, 4318328.193, 140
Trd, 4318329.243, 139
Trd, 4318329.893, 139
Trd, 4318331.093, 140
Trd, 4318331.343, 140
Trd, 4318332.243, 140
Trd, 4318333.043, 139
Trd, 4318333.343, 138
Trd, 4318333.393, 139
Trd, 4318333.593, 139
Trd, 4318334.293, 92
Trd, 4318335.443, 140
Trd, 4318335.843, 116
Trd, 4318336.093, 79
Trd, 4318337.293, 140
Trd, 4318337.743, 140
Trd, 4318337.943, 140
Trd, 4318337.993, 138
Trd, 4318339.793, 140
Trd, 4318341.943, 140
Trd, 4318342.493, 140
Trd, 4318342.793, 140
Trd, 4318343.543, 139
Trd, 4318343.743, 136
Trd, 4318344.043, 114
Trd, 4318344.193, 60
Trd, 4318345.743, 140
Trd, 4318347.443, 140
Trd, 4318347.743, 140
Trd, 4318348.443, 140
Trd, 4318348.493, 140
Trd, 4318348.993, 140
Trd, 4318350.093, 140
Trd, 4318350.243, 139
Trd, 4318350.793, 140
Trd, 4318351.543, 140
Trd, 4318352.593, 139
Trd, 4318353.343, 139
Trd, 4318353.693, 140
Trd, 4318355.393, 140
Trd, 4318355.593, 139
Trd, 4318356.143, 140
Trd, 4318356.893, 140
Trd, 4318358.043, 140
Trd, 4318358.943, 140
Trd, 4318359.243, 140
Trd, 4318359.393, 140
Trd, 4318359.543, 140
Trd, 4318360.493, 140
Trd, 4318360.893, 140
Trd, 4318361.143, 140
Trd, 4318361.343, 136
Trd, 4318361.793, 140
Trd, 4318362.493, 139
Trd, 4318363.593, 67
Trd, 4318364.093, 70
Trd, 4318365.493, 60
Trd, 4318365.743, 72
Trd, 4318366.593, 67
Trd, 4318367.443, 60
Trd, 4318367.693, 60
Trd, 4318367.793, 70
Trd, 4318368.693, 60
Trd, 4318369.243, 62
Trd, 4318369.543, 60
Trd, 4318370.793, 62
Trd, 4318371.643, 68
Trd, 4318371.743, 78
Trd, 4318372.043, 63
Trd, 4318372.993, 61
Trd, 4318373.043, 62
Trd, 4318374.343, 61
Trd, 4318374.443, 61
Trd, 4318375.043, 81
Trd, 4318375.093, 61
Trd, 4318375.843, 82
Trd, 4318376.693, 140
Trd, 4318377.143, 90
Trd, 4318378.093, 139
Trd, 4318378.243, 108
Trd, 4318378.743, 71
Trd, 4318378.843, 109
Trd, 4318380.093, 60
Trd, 4318380.593, 137
Trd, 4318381.893, 139
Trd, 4318383.193, 65
Trd, 4318383.993, 62
Trd, 4318384.243, 67
Trd, 4318384.793, 77
Trd, 4318385.143, 72
Trd, 4318386.393, 66
Trd, 4318387.043, 64
Trd, 4318388.343, 60
Trd, 4318388.643, 60
Trd, 4318388.943, 61
Trd, 4318389.393, 63
Trd, 4318390.043, 60
Trd, 4318391.243, 61
Trd, 4318391.343, 92
Trd, 4318392.493, 140
Trd, 4318393.993, 140
Trd, 4318394.343, 140
Trd, 4318394.593, 140
Trd, 4318395.043, 140
Trd, 4318395.293, 140
Trd, 4318396.143, 61
Trd, 4318396.343, 93
Trd, 4318397.593, 90
Trd, 4318397.743, 62
Trd, 4318398.043, 91
Trd, 4318399.593, 60
Trd, 4318399.993, 62
Trd, 4318400.943, 60
Trd, 4318401.393, 60
Trd, 4318402.293, 60
Trd, 4318402.593, 60
Trd, 4318402.993, 60
Trd, 4318403.743, 60
Trd, 4318404.493, 60
Trd, 4318404.693, 60
Trd, 4318404.793, 64
Trd, 4318405.193, 60
Trd, 4318405.393, 73
Trd, 4318406.093, 63
Trd, 4318407.293, 63
Trd, 4318407.443, 65
Trd, 4318407.743, 65
Trd, 4318409.093, 63
Trd, 4318409.393, 63
Trd, 4318410.093, 71
Trd, 4318411.093, 140
Trd, 4318411.143, 139
Trd, 4318412.643, 140
Trd, 4318413.543, 140
Trd, 4318413.643, 138
Trd, 4318413.793, 96
Trd, 4318414.743, 140
Trd, 4318415.193, 140
Trd, 4318415.943, 140
Trd, 4318416.893, 86
Trd, 4318417.643, 140
Trd, 4318418.443, 138
Trd, 4318418.493, 137
Trd, 4318421.443, 140
Trd, 4318422.193, 140
Trd, 4318423.093, 140
Trd, 4318423.843, 140
Trd, 4318424.493, 140
Trd, 4318424.643, 140
Trd, 4318425.093, 140
Trd, 4318425.443, 140
Trd, 4318427.043, 140
Trd, 4318427.493, 140
Trd, 4318428.743, 140
Trd, 4318428.893, 140
Trd, 4318430.193, 140
Trd, 4318431.343, 140
Trd, 4318432.093, 140
Trd, 4318432.243, 139
Trd, 4318432.893, 139
Trd, 4318433.193, 139
Trd, 4318433.743, 137
Trd, 4318434.193, 136
Trd, 4318435.143, 136
Trd, 4318437.743, 140
Trd, 4318437.843, 140
Trd, 4318438.793, 140
Trd, 4318439.043, 140
Trd, 4318440.143, 140
Trd, 4318440.343, 138
Trd, 4318441.393, 140
Trd, 4318441.693, 140
Trd, 4318442.693, 140
Trd, 4318443.393, 140
Trd, 4318443.843, 140
Trd, 4318444.943, 140
Trd, 4318444.993, 140
Trd, 4318445.093, 137
Trd, 4318446.693, 140
Trd, 4318447.343, 139
Trd, 4318448.093, 64
Trd, 4318448.393, 60
Trd, 4318448.443, 62
Trd, 4318449.443, 65
Trd, 4318449.793, 64
Trd, 4318450.043, 66
Trd, 4318450.793, 60
Trd, 4318451.393, 61
Trd, 4318452.393, 60
Trd, 4318452.743, 60
Trd, 4318453.993, 60
Trd, 4318454.943, 60
Trd, 4318455.543, 62
Trd, 4318455.693, 63
Trd, 4318456.293, 64
Trd, 4318457.593, 60
Trd, 4318458.593, 62
Trd, 4318459.043, 61
Trd, 4318459.493, 67
Trd, 4318460.093, 140
Trd, 4318460.343, 73
Trd, 4318460.543, 140
Trd, 4318461.993, 62
Trd, 4318462.293, 63
Trd, 4318462.593, 66
Trd, 4318463.293, 63
Trd, 4318463.943, 61
Trd, 4318464.543, 62
Trd, 4318464.643, 64
Trd, 4318464.843, 68
Trd, 4318465.493, 68
Trd, 4318466.293, 78
Trd, 4318467.343, 63
Trd, 4318467.393, 66
Trd, 4318467.993, 60
Trd, 4318468.943, 60
Trd, 4318470.393, 63
Trd, 4318470.843, 61
Trd, 4318470.943, 63
Trd, 4318471.393, 62
Trd, 4318471.693, 63
Trd, 4318473.793, 60
Trd, 4318474.293, 60
Trd, 4318474.693, 60
Trd, 4318474.893, 60
Trd, 4318475.893, 61
Trd, 4318477.843, 60
Trd, 4318478.243, 62
Trd, 4318478.743, 62
Trd, 4318479.143, 62
Trd, 4318479.243, 63
Trd, 4318479.693, 61
Trd, 4318479.993, 65
Trd, 4318480.293, 62
Trd, 4318482.493, 140
Trd, 4318483.093, 140
Trd, 4318483.993, 140
Trd, 4318485.043, 140
Trd, 4318485.443, 140
Trd, 4318485.493, 134
Trd, 4318485.543, 99
Trd, 4318486.693, 140
Trd, 4318486.943, 140
Trd, 4318487.043, 139
Trd, 4318487.543, 130
Trd, 4318488.493, 60
Trd, 4318489.793, 60
Trd, 4318490.793, 60
Trd, 4318491.193, 60
Trd, 4318491.843, 60
Trd, 4318492.043, 60
Trd, 4318493.043, 60
Trd, 4318493.943, 60
Trd, 4318494.293, 60
Trd, 4318494.443, 63
Trd, 4318495.093, 60
Trd, 4318495.893, 63
Trd, 4318496.643, 62
Trd, 4318497.993, 60
Trd, 4318498.293, 60
Trd, 4318498.543, 60
Trd, 4318498.993, 60
Trd, 4318501.093, 60
Trd, 4318501.743, 60
Trd, 4318502.443, 60
Trd, 4318503.443, 60
Trd, 4318504.043, 60
Trd, 4318505.193, 60
Trd, 4318505.493, 60
Trd, 4318505.643, 60
Trd, 4318506.293, 60
Trd, 4318507.693, 60
Trd, 4318508.493, 60
Trd, 4318508.793, 60
Trd, 4318509.443, 60
Trd, 4318509.493, 60
Trd, 4318510.993, 61
Trd, 4318511.593, 60
Trd, 4318512.293, 60
Trd, 4318512.643, 63
Trd, 4318512.943, 64
Trd, 4318513.543, 65
Trd, 4318514.243, 64
Trd, 4318514.693, 60
Trd, 4318514.943, 61
Trd, 4318515.843, 73
Trd, 4318516.343, 140
Trd, 4318517.043, 65
Trd, 4318518.393, 139
Trd, 4318518.893, 138
Trd, 4318520.943, 60
Trd, 4318520.993, 62
Trd, 4318521.093, 65
Trd, 4318521.743, 69
Trd, 4318522.193, 140
Trd, 4318523.393, 140
Trd, 4318525.293, 140
Trd, 4318525.743, 140
Trd, 4318526.193, 140
Trd, 4318526.643, 140
Trd, 4318526.843, 140
Trd, 4318527.843, 140
Trd, 4318529.493, 140
Trd, 4318530.293, 140
Trd, 4318530.393, 140
Trd, 4318531.343, 140
Trd, 4318532.643, 140
Trd, 4318532.843, 140
Trd, 4318533.043, 140
Trd, 4318533.193, 127
Trd, 4318535.393, 139
Trd, 4318536.093, 139
Trd, 4318536.443, 140
Trd, 4318537.693, 139
Trd, 4318538.243, 140
Trd, 4318538.793, 140
Trd, 4318539.793, 140
Trd, 4318540.793, 140
Trd, 4318541.593, 140
Trd, 4318542.243, 140
Trd, 4318543.443, 140
Trd, 4318544.143, 140
Trd, 4318546.243, 140
Trd, 4318546.443, 140
Trd, 4318546.693, 140
Trd, 4318547.143, 140
Trd, 4318547.293, 139
Trd, 4318547.343, 81
Trd, 4318548.893, 140
Trd, 4318549.493, 140
Trd, 4318549.943, 140
Trd, 4318550.793, 140
Trd, 4318552.293, 140
Trd, 4318552.543, 140
Trd, 4318553.743, 140
Trd, 4318554.843, 140
Trd, 4318554.943, 140
Trd, 4318555.043, 140
Trd, 4318556.093, 140
Trd, 4318556.643, 138
Trd, 4318557.293, 140
Trd, 4318557.793, 140
Trd, 4318558.393, 139
Trd, 4318559.193, 138
Trd, 4318559.693, 139
Trd, 4318561.143, 140
Trd, 4318561.493, 140
Trd, 4318561.793, 140
Trd, 4318562.893, 140
Trd, 4318563.193, 140
Trd, 4318564.443, 140
Trd, 4318564.743, 68
Trd, 4318565.443, 60
Trd, 4318565.543, 60
Trd, 4318565.593, 61
Trd, 4318565.843, 61
Trd, 4318566.643, 68
Trd, 4318567.793, 68
Trd, 4318568.143, 67
Trd, 4318568.893, 67
Trd, 4318569.343, 67
Trd, 4318569.993, 63
Trd, 4318571.143, 120
Trd, 4318571.443, 136
Trd, 4318571.643, 84
Trd, 4318571.943, 83
Trd, 4318572.643, 61
Trd, 4318572.793, 85
Trd, 4318574.193, 63
Trd, 4318574.893, 61
Trd, 4318575.243, 62
Trd, 4318576.543, 63
Trd, 4318576.743, 64
Trd, 4318577.293, 109
Trd, 4318578.093, 139
Trd, 4318578.443, 96
Trd, 4318580.593, 60
Trd, 4318581.093, 60
Trd, 4318582.393, 60
Trd, 4318582.543, 60
Trd, 4318582.693, 61
Trd, 4318583.243, 64
Trd, 4318583.293, 63
Trd, 4318583.643, 140
Trd, 4318583.993, 62
Trd, 4318584.593, 64
Trd, 4318585.143, 61
Trd, 4318585.893, 140
Trd, 4318586.543, 140
Trd, 4318587.193, 140
Trd, 4318587.543, 140
Trd, 4318588.693, 140
Trd, 4318589.943, 140
Trd, 4318589.993, 140
Trd, 4318591.493, 140
Trd, 4318591.643, 140
Trd, 4318592.743, 140
Trd, 4318593.793, 140
Trd, 4318594.043, 140
Trd, 4318595.293, 140
Trd, 4318595.593, 139
Trd, 4318595.693, 140
Trd, 4318595.943, 139
Trd, 4318598.143, 138
Trd, 4318598.943, 140
Trd, 4318601.693, 140
Trd, 4318601.893, 140
Trd, 4318602.943, 140
Trd, 4318603.393, 140
Trd, 4318604.243, 139
Trd, 4318604.543, 140
Trd, 4318606.543, 140
Trd, 4318606.943, 140
Trd, 4318607.043, 140
Trd, 4318607.293, 140
Trd, 4318607.443, 139
Trd, 4318607.843, 138
Trd, 4318609.043, 140
Trd, 4318609.293, 137
Trd, 4318609.993, 140
Trd, 4318610.693, 140
Trd, 4318611.693, 139
Trd, 4318612.893, 140
Trd, 4318613.593, 140
Trd, 4318613.893, 125
Trd, 4318614.543, 61
Trd, 4318615.343, 73
Trd, 4318616.043, 75
Trd, 4318616.293, 76
Trd, 4318616.493, 80
Trd, 4318617.493, 140
Trd, 4318617.593, 139
Trd, 4318618.343, 139
Trd, 4318618.493, 138
Trd, 4318618.693, 137
Trd, 4318620.393, 139
Trd, 4318620.943, 99
Trd, 4318622.043, 140
Trd, 4318622.843, 104
Trd, 4318623.193, 103
Trd, 4318624.193, 61
Trd, 4318624.243, 65
Trd, 4318625.193, 140
Trd, 4318625.643, 72
Trd, 4318626.743, 60
Trd, 4318628.043, 60
Trd, 4318628.743, 60
Trd, 4318628.843, 60
Trd, 4318628.943, 61
Trd, 4318629.643, 60
Trd, 4318630.443, 61
Trd, 4318631.793, 60
Trd, 4318632.143, 61
Trd, 4318632.243, 63
Trd, 4318632.743, 60
Trd, 4318632.993, 60
Trd, 4318633.793, 62
Trd, 4318634.293, 62
Trd, 4318634.743, 61
Trd, 4318635.193, 60
Trd, 4318635.793, 61
Trd, 4318635.993, 61
Trd, 4318636.043, 62
Trd, 4318637.843, 67
Trd, 4318638.043, 68
Trd, 4318638.293, 71
Trd, 4318639.293, 130
Trd, 4318640.243, 140
Trd, 4318641.093, 60
Trd, 4318642.193, 60
Trd, 4318642.293, 60
Trd, 4318642.443, 60
Trd, 4318643.193, 64
Trd, 4318644.793, 60
Trd, 4318644.893, 61
Trd, 4318645.443, 140
Trd, 4318645.493, 139
Trd, 4318646.343, 64
Trd, 4318647.093, 62
Trd, 4318648.643, 60
Trd, 4318649.893, 60
Trd, 4318649.993, 61
Trd, 4318650.493, 60
Trd, 4318650.543, 63
Trd, 4318651.043, 70
Trd, 4318652.643, 60
Trd, 4318652.993, 62
Trd, 4318653.043, 63
Trd, 4318653.093, 64
Trd, 4318653.743, 67
Trd, 4318654.343, 64
Trd, 4318654.643, 63
Trd, 4318655.193, 65
Trd, 4318655.593, 60
Trd, 4318656.593, 61
Trd, 4318657.393, 62
Trd, 4318657.743, 69
Trd, 4318658.643, 66
Trd, 4318659.243, 60
Trd, 4318659.843, 60
Trd, 4318660.293, 60
Trd, 4318660.993, 62
Trd, 4318661.093, 99
Trd, 4318661.793, 139
Trd, 4318662.893, 60
Trd, 4318663.043, 61
Trd, 4318663.643, 64
Trd, 4318665.643, 106
Trd, 4318666.043, 74
Trd, 4318666.293, 136
Trd, 4318668.693, 140
Trd, 4318669.093, 140
Trd, 4318669.643, 139
Trd, 4318669.793, 138
Trd, 4318671.243, 139
Trd, 4318672.893, 140
Trd, 4318673.093, 140
Trd, 4318674.843, 139
Trd, 4318675.293, 139
Trd, 4318675.593, 140
Trd, 4318675.943, 119
Trd, 4318676.343, 60
Trd, 4318677.043, 62
Trd, 4318678.293, 64
Trd, 4318679.293, 60
Trd, 4318679.593, 60
Trd, 4318679.893, 60
Trd, 4318680.243, 61
Trd, 4318680.293, 85
Trd, 4318681.893, 138
Trd, 4318681.943, 138
Trd, 4318682.543, 82
Trd, 4318682.743, 98
Trd, 4318683.293, 140
Trd, 4318684.443, 131
Trd, 4318685.843, 140
Trd, 4318687.143, 140
Trd, 4318687.493, 140
Trd, 4318689.043, 140
Trd, 4318689.993, 140
Trd, 4318690.143, 140
Trd, 4318692.043, 140
Trd, 4318692.193, 140
Trd, 4318692.693, 140
Trd, 4318693.143, 140
Trd, 4318693.243, 140
Trd, 4318693.293, 139
Trd, 4318693.793, 137
Trd, 4318694.393, 77
Trd, 4318694.993, 61
Trd, 4318695.043, 62
Trd, 4318696.643, 64
Trd, 4318697.243, 64
Trd, 4318697.493, 84
Trd, 4318698.093, 61
Trd, 4318698.393, 60
Trd, 4318699.293, 60
Trd, 4318699.343, 60
Trd, 4318700.693, 131
Trd, 4318700.743, 130
Trd, 4318701.593, 60
Trd, 4318702.093, 65
Trd, 4318702.393, 72
Trd, 4318704.343, 80
Trd, 4318705.143, 140
Trd, 4318705.743, 140
Trd, 4318706.193, 139
Trd, 4318707.293, 140
Trd, 4318709.093, 140
Trd, 4318709.543, 140
Trd, 4318709.893, 140
Trd, 4318710.643, 140
Trd, 4318710.843, 140
Trd, 4318710.893, 139
Trd, 4318711.193, 138
Trd, 4318712.143, 60
Trd, 4318712.493, 61
Trd, 4318712.943, 69
Trd, 4318713.943, 90
Trd, 4318716.593, 140
Trd, 4318716.843, 140
Trd, 4318716.893, 140
Trd, 4318717.343, 140
Trd, 4318717.693, 140
Trd, 4318718.743, 140
Trd, 4318718.793, 140
Trd, 4318719.993, 140
Trd, 4318721.293, 140
Trd, 4318721.893, 140
Trd, 4318723.293, 140
Trd, 4318724.043, 140
Trd, 4318725.243, 140
Trd, 4318725.343, 140
Trd, 4318725.693, 140
Trd, 4318726.043, 140
Trd, 4318726.493, 139
Trd, 4318727.893, 138
Trd, 4318728.243, 135
Trd, 4318728.793, 140
Trd, 4318729.543, 98
Trd, 4318730.443, 67
Trd, 4318730.643, 60
Trd, 4318731.293, 61
Trd, 4318732.093, 140
Trd, 4318732.343, 140
Trd, 4318733.593, 140
Trd, 4318734.293, 140
Trd, 4318735.643, 140
Trd, 4318736.093, 140
Trd, 4318736.743, 140
Trd, 4318737.143, 140
Trd, 4318739.143, 140
Trd, 4318739.643, 140
Trd, 4318739.843, 140
Trd, 4318739.943, 140
Trd, 4318740.043, 139
Trd, 4318740.643, 135
Trd, 4318740.943, 64
Trd, 4318741.093, 70
Trd, 4318741.793, 139
Trd, 4318741.993, 139
Trd, 4318742.993, 140
Trd, 4318743.393, 140
Trd, 4318744.243, 140
Trd, 4318744.743, 138
Trd, 4318746.143, 140
Trd, 4318746.643, 140
Trd, 4318746.793, 139
Trd, 4318748.793, 60
Trd, 4318749.643, 60
Trd, 4318749.993, 60
Trd, 4318750.543, 60
Trd, 4318750.643, 64
Trd, 4318751.593, 60
Trd, 4318752.343, 60
Trd, 4318752.543, 61
Trd, 4318752.743, 73
Trd, 4318753.893, 140
Trd, 4318754.693, 140
Trd, 4318754.743, 140
Trd, 4318755.643, 140
Trd, 4318757.593, 140
Trd, 4318757.643, 140
Trd, 4318757.843, 140
Trd, 4318758.243, 128
Trd, 4318760.143, 140
Trd, 4318760.493, 139
Trd, 4318761.143, 76
Trd, 4318761.293, 140
Trd, 4318761.793, 68
Trd, 4318762.743, 136
Trd, 4318763.693, 140
Trd, 4318764.843, 140
Trd, 4318765.793, 140
Trd, 4318766.243, 140
Trd, 4318767.193, 140
Trd, 4318767.893, 140
Trd, 4318768.443, 140
Trd, 4318768.493, 140
Trd, 4318770.643, 140
Trd, 4318771.193, 140
Trd, 4318771.343, 140
Trd, 4318771.793, 140
Trd, 4318772.143, 140
Trd, 4318772.493, 139
Trd, 4318773.293, 139
Trd, 4318774.143, 63
Trd, 4318774.393, 138
Trd, 4318774.493, 86
Trd, 4318774.693, 138
Trd, 4318776.243, 140
Trd, 4318778.243, 140
Trd, 4318779.343, 140
Trd, 4318779.443, 140
Trd, 4318779.543, 139
Trd, 4318781.193, 140
Trd, 4318781.693, 140
Trd, 4318783.393, 140
Trd, 4318784.243, 140
Trd, 4318784.693, 139
Trd, 4318785.943, 140
Trd, 4318786.143, 140
Trd, 4318787.643, 139
Trd, 4318787.893, 139
Trd, 4318788.193, 138
Trd, 4318788.493, 137
Trd, 4318789.543, 140
Trd, 4318789.993, 140
Trd, 4318790.893, 89
Trd, 4318791.243, 139
Trd, 4318791.693, 140
Trd, 4318792.593, 139
Trd, 4318792.743, 93
Trd, 4318792.993, 140
Trd, 4318793.543, 139
Trd, 4318794.193, 137
Trd, 4318794.393, 139
Trd, 4318795.793, 108
Trd, 4318796.043, 105
Trd, 4318796.093, 135
Trd, 4318796.343, 136
Trd, 4318796.543, 139
Trd, 4318797.393, 105
Trd, 4318798.243, 140
Trd, 4318798.843, 140
Trd, 4318800.493, 140
Trd, 4318801.293, 140
Trd, 4318801.893, 140
Trd, 4318803.843, 140
Trd, 4318804.343, 140
Trd, 4318805.593, 140
Trd, 4318805.943, 139
Trd, 4318806.793, 140
Trd, 4318806.843, 139
Trd, 4318806.993, 138
Trd, 4318807.143, 140
Trd, 4318808.143, 136
Trd, 4318808.243, 125
Trd, 4318810.293, 140
Trd, 4318810.793, 140
Trd, 4318811.993, 140
Trd, 4318812.243, 140
Trd, 4318812.393, 140
Trd, 4318812.743, 139
Trd, 4318814.693, 140
Trd, 4318814.893, 140
Trd, 4318816.243, 140
Trd, 4318816.293, 140
Trd, 4318816.643, 140
Trd, 4318817.093, 139
Trd, 4318817.393, 137
Trd, 4318818.143, 104
Trd, 4318818.393, 130
Trd, 4318819.393, 128
Trd, 4318819.443, 131
Trd, 4318820.143, 99
Trd, 4318820.643, 98
Trd, 4318820.943, 140
Trd, 4318821.743, 62
Trd, 4318822.143, 139
Trd, 4318823.343, 140
Trd, 4318823.993, 60
Trd, 4318824.193, 61
Trd, 4318824.293, 66
Trd, 4318824.643, 140
Trd, 4318825.843, 139
Trd, 4318826.193, 76
Trd, 4318827.743, 60
Trd, 4318828.093, 60
Trd, 4318828.743, 60
Trd, 4318828.843, 62
Trd, 4318829.643, 61
Trd, 4318830.493, 61
Trd, 4318832.143, 60
Trd, 4318832.493, 60
Trd, 4318832.543, 62
Trd, 4318833.143, 60
Trd, 4318833.743, 61
Trd, 4318834.793, 60
Trd, 4318834.943, 61
Trd, 4318836.043, 60
Trd, 4318836.143, 61
Trd, 4318837.793, 60
Trd, 4318838.093, 61
Trd, 4318838.493, 61
Trd, 4318838.543, 68
Trd, 4318839.193, 62
Trd, 4318840.243, 60
Trd, 4318840.393, 67
Trd, 4318840.493, 68
Trd, 4318841.243, 79
Trd, 4318841.893, 76
Trd, 4318844.093, 65
Trd, 4318844.893, 79
Trd, 4318845.093, 80
Trd, 4318845.343, 111
Trd, 4318845.843, 60
Trd, 4318846.143, 138
Trd, 4318846.943, 60
Trd, 4318847.943, 60
Trd, 4318848.393, 60
Trd, 4318848.443, 60
Trd, 4318849.393, 69
Trd, 4318849.843, 140
Trd, 4318850.093, 139
Trd, 4318850.793, 61
Trd, 4318851.493, 61
Trd, 4318852.243, 60
Trd, 4318854.143, 63
Trd, 4318854.193, 65
Trd, 4318855.143, 68
Trd, 4318855.893, 140
Trd, 4318856.493, 140
Trd, 4318857.293, 139
Trd, 4318857.893, 60
Trd, 4318857.993, 63
Trd, 4318859.293, 140
Trd, 4318859.893, 140
Trd, 4318860.693, 140
Trd, 4318861.043, 139
Trd, 4318861.993, 140
Trd, 4318864.593, 140
Trd, 4318864.693, 140
Trd, 4318865.393, 140
Trd, 4318866.443, 140
Trd, 4318866.993, 139
Trd, 4318867.993, 140
Trd, 4318868.443, 139
Trd, 4318868.493, 139
Trd, 4318870.593, 140
Trd, 4318871.493, 140
Trd, 4318872.543, 140
Trd, 4318872.593, 140
Trd, 4318872.893, 140
Trd, 4318873.543, 140
Trd, 4318873.943, 138
Trd, 4318874.543, 139
Trd, 4318876.143, 140
Trd, 4318876.343, 140
Trd, 4318876.743, 140
Trd, 4318876.943, 140
Trd, 4318876.993, 102
Trd, 4318877.293, 140
Trd, 4318877.443, 88
Trd, 4318878.393, 140
Trd, 4318880.193, 140
Trd, 4318880.593, 140
Trd, 4318880.943, 139
Trd, 4318882.093, 140
Trd, 4318883.093, 140
Trd, 4318883.393, 138
Trd, 4318885.743, 140
Trd, 4318885.943, 140
Trd, 4318886.043, 140
Trd, 4318887.143, 140
Trd, 4318887.243, 139
Trd, 4318888.093, 139
Trd, 4318888.993, 140
Trd, 4318890.443, 140
Trd, 4318891.643, 140
Trd, 4318891.993, 139
Trd, 4318892.943, 140
Trd, 4318893.093, 138
Trd, 4318893.193, 138
Trd, 4318893.443, 66
Trd, 4318893.893, 61
Trd, 4318895.493, 134
Trd, 4318896.993, 61
Trd, 4318897.343, 62
Trd, 4318897.493, 62
Trd, 4318897.793, 130
Trd, 4318898.493, 63
Trd, 4318899.293, 65
Trd, 4318899.743, 140
Trd, 4318900.293, 140
Trd, 4318900.693, 140
Trd, 4318901.843, 140
Trd, 4318902.143, 140
Trd, 4318902.543, 139
Trd, 4318903.343, 140
Trd, 4318904.093, 65
Trd, 4318904.843, 60
Trd, 4318905.443, 61
Trd, 4318905.993, 65
Trd, 4318906.243, 62
Trd, 4318906.443, 61
Trd, 4318906.643, 64
Trd, 4318908.393, 139
Trd, 4318908.643, 139
Trd, 4318909.243, 62
Trd, 4318910.693, 140
Trd, 4318911.693, 83
Trd, 4318912.643, 140
Trd, 4318913.343, 140
Trd, 4318913.543, 140
Trd, 4318913.843, 140
Trd, 4318913.943, 138
Trd, 4318914.993, 140
Trd, 4318915.643, 140
Trd, 4318918.093, 140
Trd, 4318918.593, 140
Trd, 4318919.643, 140
Trd, 4318920.693, 140
Trd, 4318922.093, 140
Trd, 4318923.093, 140
Trd, 4318923.343, 139
Trd, 4318923.443, 138
Trd, 4318924.043, 139
Trd, 4318924.693, 61
Trd, 4318925.193, 140
Trd, 4318925.243, 140
Trd, 4318926.293, 140
Trd, 4318928.143, 140
Trd, 4318928.943, 140
Trd, 4318929.343, 140
Trd, 4318929.693, 140
Trd, 4318929.793, 139
Trd, 4318930.093, 140
Trd, 4318931.143, 140
Trd, 4318931.793, 140
Trd, 4318931.843, 140
Trd, 4318932.843, 87
Trd, 4318935.493, 140
Trd, 4318936.193, 140
Trd, 4318937.043, 140
Trd, 4318937.493, 139
Trd, 4318938.643, 140
Trd, 4318938.793, 140
Trd, 4318940.793, 140
Trd, 4318940.943, 140
Trd, 4318940.993, 139
Trd, 4318941.593, 140
Trd, 4318941.693, 140
Trd, 4318943.093, 137
Trd, 4318943.443, 135
Trd, 4318944.043, 135
Trd, 4318944.793, 139
Trd, 4318944.943, 86
Trd, 4318946.893, 140
Trd, 4318947.443, 140
Trd, 4318947.843, 140
Trd, 4318948.293, 140
Trd, 4318949.643, 140
Trd, 4318949.893, 140
Trd, 4318950.993, 140
Trd, 4318951.293, 140
Trd, 4318951.493, 140
Trd, 4318952.143, 139
Trd, 4318955.243, 140
Trd, 4318955.543, 140
Trd, 4318956.043, 140
Trd, 4318957.243, 140
Trd, 4318957.393, 140
Trd, 4318958.593, 140
Trd, 4318960.193, 140
Trd, 4318960.443, 140
Trd, 4318960.843, 139
Trd, 4318961.293, 139
Trd, 4318961.593, 111
Trd, 4318963.443, 140
Trd, 4318963.593, 140
Trd, 4318963.743, 140
Trd, 4318963.843, 140
Trd, 4318964.393, 139
Trd, 4318965.293, 139
Trd, 4318965.543, 139
Trd, 4318965.843, 137
Trd, 4318967.193, 140
Trd, 4318968.343, 140
Trd, 4318968.943, 140
Trd, 4318969.093, 140
Trd, 4318970.993, 139
Trd, 4318971.143, 138
Trd, 4318972.643, 140
Trd, 4318973.993, 140
Trd, 4318974.343, 140
Trd, 4318975.043, 139
Trd, 4318975.643, 140
Trd, 4318975.893, 137
Trd, 4318976.643, 140
Trd, 4318978.643, 63
Trd, 4318978.943, 63
Trd, 4318978.993, 64
Trd, 4318979.893, 60
Trd, 4318980.293, 60
Trd, 4318980.443, 60
Trd, 4318980.993, 61
Trd, 4318982.843, 60
Trd, 4318983.193, 60
Trd, 4318983.543, 61
Trd, 4318984.093, 61
Trd, 4318984.393, 60
Trd, 4318985.143, 60
Trd, 4318985.443, 61
Trd, 4318986.543, 64
Trd, 4318986.693, 67
Trd, 4318988.193, 60
Trd, 4318989.143, 60
Trd, 4318990.143, 60
Trd, 4318990.593, 60
Trd, 4318990.693, 60
Trd, 4318991.743, 60
Trd, 4318992.043, 60
Trd, 4318992.193, 62
Trd, 4318992.943, 61
Trd, 4318993.443, 60
Trd, 4318993.693, 60
Trd, 4318995.593, 60
Trd, 4318996.393, 60
Trd, 4318996.443, 60
Trd, 4318997.443, 60
Trd, 4318999.193, 60
Trd, 4318999.443, 60
Trd, 4318999.943, 63
Trd, 4319000.743, 60
Trd, 4319001.343, 61
Trd, 4319001.543, 65
Trd, 4319002.293, 63
Trd, 4319003.643, 68
Trd, 4319003.893, 85
Trd, 4319004.343, 60
Trd, 4319004.593, 76
Trd, 4319005.093, 62
Trd, 4319006.393, 60
Trd, 4319007.343, 60
Trd, 4319007.743, 62
Trd, 4319007.993, 60
Trd, 4319008.543, 137
Trd, 4319009.293, 65
Trd, 4319009.643, 69
Trd, 4319011.643, 63
Trd, 4319011.943, 60
Trd, 4319012.693, 61
Trd, 4319013.843, 60
Trd, 4319014.593, 64
Trd, 4319014.643, 65
Trd, 4319014.793, 68
Trd, 4319015.293, 61
Trd, 4319016.043, 73
Trd, 4319016.843, 140
Trd, 4319017.293, 140
Trd, 4319017.393, 140
Trd, 4319017.743, 130
Trd, 4319018.793, 140
Trd, 4319020.743, 140
Trd, 4319020.893, 140
Trd, 4319022.293, 140
Trd, 4319024.043, 140
Trd, 4319024.443, 140
Trd, 4319024.743, 140
Trd, 4319025.693, 140
Trd, 4319027.343, 140
Trd, 4319027.443, 140
Trd, 4319027.993, 140
Trd, 4319028.793, 140
Trd, 4319029.093, 140
Trd, 4319030.743, 140
Trd, 4319033.543, 140
Trd, 4319033.843, 140
Trd, 4319033.893, 139
Trd, 4319035.593, 140
Trd, 4319035.793, 140
Trd, 4319036.343, 140
Trd, 4319036.643, 140
Trd, 4319036.993, 139
Trd, 4319037.243, 98
Trd, 4319037.993, 140
Trd, 4319039.243, 140
Trd, 4319039.743, 86
Trd, 4319040.093, 85
Trd, 4319040.493, 137
Trd, 4319040.743, 139
Trd, 4319041.243, 63
Trd, 4319041.793, 139
Trd, 4319042.693, 69
Trd, 4319043.293, 60
Trd, 4319044.143, 60
Trd, 4319044.443, 60
Trd, 4319045.393, 60
Trd, 4319045.593, 60
Trd, 4319045.693, 62
Trd, 4319047.343, 61
Trd, 4319048.693, 61
Trd, 4319049.043, 62
Trd, 4319049.093, 65
Trd, 4319050.893, 60
Trd, 4319050.993, 62
Trd, 4319051.793, 60
Trd, 4319052.193, 61
Trd, 4319052.493, 60
Trd, 4319053.293, 60
Trd, 4319054.043, 60
Trd, 4319054.543, 60
Trd, 4319054.893, 61
Trd, 4319055.043, 62
Trd, 4319055.343, 66
Trd, 4319055.843, 67
Trd, 4319057.543, 140
Trd, 4319057.693, 140
Trd, 4319059.843, 60
Trd, 4319059.943, 60
Trd, 4319061.293, 69
Trd, 4319061.593, 73
Trd, 4319061.693, 140
Trd, 4319062.543, 140
Trd, 4319063.393, 136
Trd, 4319063.543, 102
Trd, 4319063.843, 60
Trd, 4319065.743, 62
Trd, 4319066.693, 65
Trd, 4319066.743, 65
Trd, 4319067.693, 60
Trd, 4319067.793, 60
Trd, 4319068.243, 60
Trd, 4319069.593, 60
Trd, 4319070.193, 60
Trd, 4319070.243, 61
Trd, 4319070.993, 64
Trd, 4319071.043, 66
Trd, 4319071.193, 60
Trd, 4319073.943, 140
Trd, 4319074.193, 140
Trd, 4319074.493, 140
Trd, 4319075.893, 140
Trd, 4319076.343, 140
Trd, 4319076.893, 140
Trd, 4319076.993, 140
Trd, 4319079.743, 140
Trd, 4319080.393, 140
Trd, 4319081.143, 140
Trd, 4319081.343, 140
Trd, 4319081.493, 140
Trd, 4319082.143, 140
Trd, 4319082.293, 140
Trd, 4319082.993, 140
Trd, 4319083.593, 140
Trd, 4319083.743, 139
Trd, 4319085.043, 140
Trd, 4319085.143, 139
Trd, 4319085.193, 93
Trd, 4319085.443, 63
Trd, 4319085.793, 64
Trd, 4319086.343, 92
Trd, 4319088.043, 81
Trd, 4319088.193, 91
Trd, 4319088.893, 89
Trd, 4319089.243, 63
Trd, 4319089.393, 91
Trd, 4319089.493, 140
Trd, 4319090.243, 127
Trd, 4319090.393, 73
Trd, 4319090.793, 61
Trd, 4319090.893, 140
Trd, 4319092.943, 140
Trd, 4319093.843, 140
Trd, 4319094.193, 140
Trd, 4319094.893, 140
Trd, 4319095.793, 140
Trd, 4319097.593, 140
Trd, 4319098.143, 140
Trd, 4319099.093, 140
Trd, 4319100.393, 140
Trd, 4319101.943, 139
Trd, 4319103.443, 140
Trd, 4319103.843, 140
Trd, 4319103.943, 140
Trd, 4319104.243, 140
Trd, 4319105.293, 140
Trd, 4319107.643, 140
Trd, 4319107.743, 140
Trd, 4319108.743, 140
Trd, 4319109.343, 140
Trd, 4319109.493, 140
Trd, 4319110.193, 140
Trd, 4319111.143, 139
Trd, 4319112.393, 140
Trd, 4319113.243, 140
Trd, 4319113.843, 140
Trd, 4319114.893, 140
Trd, 4319115.193, 138
Trd, 4319115.643, 140
Trd, 4319116.643, 140
Trd, 4319116.693, 105
Trd, 4319117.943, 140
Trd, 4319118.543, 140
Trd, 4319119.743, 140
Trd, 4319120.043, 140
Trd, 4319121.043, 140
Trd, 4319121.143, 139
Trd, 4319121.193, 139
Trd, 4319121.893, 62
Trd, 4319122.593, 66
Trd, 4319124.193, 140
Trd, 4319124.843, 139
Trd, 4319126.493, 139
Trd, 4319127.093, 123
Trd, 4319127.243, 121
Trd, 4319127.693, 140
Trd, 4319128.343, 140
Trd, 4319129.093, 131
Trd, 4319129.393, 137
Trd, 4319129.993, 140
Trd, 4319130.043, 102
Trd, 4319131.943, 140
Trd, 4319132.293, 140
Trd, 4319132.343, 140
Trd, 4319132.643, 140
Trd, 4319134.193, 139
Trd, 4319134.743, 140
Trd, 4319135.243, 140
Trd, 4319137.743, 140
Trd, 4319137.843, 140
Trd, 4319138.143, 140
Trd, 4319138.193, 140
Trd, 4319139.593, 140
Trd, 4319139.893, 140
Trd, 4319140.043, 140
Trd, 4319140.593, 136
Trd, 4319141.843, 140
Trd, 4319141.943, 123
Trd, 4319145.143, 140
Trd, 4319145.293, 140
Trd, 4319145.693, 140
Trd, 4319146.493, 140
Trd, 4319148.043, 140
Trd, 4319148.193, 140
Trd, 4319149.043, 140
Trd, 4319149.293, 140
Trd, 4319150.393, 140
Trd, 4319150.493, 140
Trd, 4319150.643, 139
Trd, 4319151.293, 136
Trd, 4319152.743, 62
Trd, 4319153.793, 61
Trd, 4319153.893, 62
Trd, 4319154.143, 61
Trd, 4319154.643, 65
Trd, 4319154.743, 66
Trd, 4319156.593, 60
Trd, 4319157.043, 60
Trd, 4319157.993, 60
Trd, 4319158.093, 60
Trd, 4319159.043, 60
Trd, 4319159.193, 66
Trd, 4319159.443, 65
Trd, 4319159.743, 63
Trd, 4319160.543, 62
Trd, 4319161.543, 62
Trd, 4319162.343, 60
Trd, 4319162.843, 60
Trd, 4319163.793, 60
Trd, 4319165.543, 60
Trd, 4319166.293, 60
Trd, 4319166.443, 64
Trd, 4319166.693, 65
Trd, 4319167.793, 65
Trd, 4319168.643, 65
Trd, 4319170.643, 60
Trd, 4319170.843, 60
Trd, 4319171.993, 60
Trd, 4319172.193, 61
Trd, 4319172.593, 64
Trd, 4319173.243, 63
Trd, 4319173.693, 60
Trd, 4319174.493, 60
Trd, 4319174.743, 103
Trd, 4319176.143, 60
Trd, 4319176.243, 60
Trd, 4319176.443, 62
Trd, 4319176.943, 61
Trd, 4319177.693, 76
Trd, 4319179.643, 60
Trd, 4319179.893, 63
Trd, 4319180.093, 66
Trd, 4319180.543, 75
Trd, 4319180.793, 77
Trd, 4319181.443, 139
Trd, 4319182.243, 60
Trd, 4319182.643, 60
Trd, 4319183.343, 61
Trd, 4319183.393, 61
Trd, 4319183.943, 63
Trd, 4319185.243, 62
Trd, 4319185.293, 60
Trd, 4319186.043, 69
Trd, 4319186.293, 60
Trd, 4319187.393, 136
Trd, 4319187.943, 136
Trd, 4319188.443, 137
Trd, 4319191.843, 139
Trd, 4319193.693, 140
Trd, 4319193.793, 140
Trd, 4319194.293, 140
Trd, 4319194.893, 140
Trd, 4319195.193, 139
Trd, 4319195.293, 139
Trd, 4319195.493, 127
Trd, 4319195.743, 90
Trd, 4319197.843, 140
Trd, 4319197.993, 140
Trd, 4319198.293, 140
Trd, 4319200.893, 140
Trd, 4319201.193, 140
Trd, 4319201.593, 140
Trd, 4319202.793, 140
Trd, 4319202.893, 140
Trd, 4319202.943, 140
Trd, 4319203.643, 138
Trd, 4319204.193, 140
Trd, 4319205.293, 140
Trd, 4319205.593, 140
Trd, 4319206.943, 140
Trd, 4319206.993, 139
Trd, 4319207.393, 139
Trd, 4319208.193, 140
Trd, 4319208.693, 62
Trd, 4319208.743, 63
Trd, 4319210.393, 140
Trd, 4319211.543, 140
Trd, 4319212.093, 140
Trd, 4319213.493, 140
Trd, 4319214.943, 140
Trd, 4319216.093, 140
Trd, 4319216.493, 140
Trd, 4319217.093, 139
Trd, 4319217.143, 139
Trd, 4319218.443, 140
Trd, 4319219.493, 140
Trd, 4319221.243, 140
Trd, 4319221.593, 140
Trd, 4319221.843, 140
Trd, 4319222.743, 140
Trd, 4319222.993, 138
Trd, 4319224.293, 138
Trd, 4319225.593, 139
Trd, 4319226.893, 140
Trd, 4319227.543, 140
Trd, 4319228.843, 140
Trd, 4319229.193, 140
Trd, 4319229.293, 140
Trd, 4319229.693, 139
Trd, 4319230.793, 140
Trd, 4319231.793, 140
Trd, 4319232.443, 140
Trd, 4319233.193, 137
Trd, 4319233.243, 138
Trd, 4319233.643, 96
Trd, 4319234.343, 75
Trd, 4319234.643, 140
Trd, 4319235.243, 140
Trd, 4319237.193, 60
Trd, 4319237.643, 61
Trd, 4319237.793, 61
Trd, 4319238.343, 61
Trd, 4319238.993, 60
Trd, 4319239.293, 62
Trd, 4319239.993, 66
Trd, 4319240.343, 66
Trd, 4319241.693, 140
Trd, 4319242.093, 139
Trd, 4319242.393, 139
Trd, 4319242.993, 135
Trd, 4319243.893, 139
Trd, 4319244.943, 78
Trd, 4319245.193, 68
Trd, 4319245.643, 140
Trd, 4319247.293, 140
Trd, 4319247.543, 140
Trd, 4319247.993, 73
Trd, 4319248.243, 136
Trd, 4319250.993, 140
Trd, 4319251.143, 140
Trd, 4319251.443, 140
Trd, 4319251.893, 140
Trd, 4319252.243, 138
Trd, 4319254.193, 140
Trd, 4319254.643, 140
Trd, 4319256.193, 140
Trd, 4319256.793, 140
Trd, 4319257.343, 140
Trd, 4319257.393, 137
Trd, 4319257.843, 140
Trd, 4319258.543, 120
Trd, 4319258.593, 89
Trd, 4319259.593, 108
Trd, 4319261.043, 64
Trd, 4319261.443, 63
Trd, 4319261.893, 60
Trd, 4319261.993, 64
Trd, 4319262.493, 66
Trd, 4319263.343, 78
Trd, 4319263.443, 79
Trd, 4319264.143, 60
Trd, 4319264.343, 62
Trd, 4319265.793, 60
Trd, 4319266.343, 62
Trd, 4319266.643, 73
Trd, 4319267.693, 95
Trd, 4319268.893, 129
Trd, 4319269.043, 130
Trd, 4319269.443, 139
Trd, 4319269.593, 123
Trd, 4319271.093, 140
Trd, 4319271.293, 140
Trd, 4319271.943, 140
Trd, 4319272.843, 140
Trd, 4319273.843, 140
Trd, 4319275.193, 140
Trd, 4319275.893, 140
Trd, 4319276.243, 140
Trd, 4319277.043, 139
Trd, 4319277.893, 140
Trd, 4319278.093, 140
Trd, 4319279.643, 140
Trd, 4319279.743, 140
Trd, 4319281.643, 140
Trd, 4319282.293, 140
Trd, 4319283.543, 140
Trd, 4319284.343, 140
Trd, 4319286.343, 140
Trd, 4319286.593, 140
Trd, 4319286.843, 139
Trd, 4319286.943, 139
Trd, 4319287.543, 140
Trd, 4319287.743, 139
Trd, 4319287.893, 138
Trd, 4319288.593, 138
Trd, 4319289.743, 69
Trd, 4319291.693, 140
Trd, 4319292.593, 140
Trd, 4319292.793, 140
Trd, 4319293.243, 139
Trd, 4319294.943, 140
Trd, 4319295.093, 140
Trd, 4319295.643, 140
Trd, 4319296.293, 140
Trd, 4319297.493, 140
Trd, 4319298.043, 140
Trd, 4319298.593, 140
Trd, 4319298.993, 140
Trd, 4319299.443, 140
Trd, 4319300.493, 140
Trd, 4319300.793, 137
Trd, 4319301.943, 139
Trd, 4319302.693, 140
Trd, 4319302.993, 140
Trd, 4319303.393, 140
Trd, 4319305.293, 140
Trd, 4319305.543, 140
Trd, 4319305.643, 139
Trd, 4319306.493, 91
Trd, 4319307.043, 128
Trd, 4319308.743, 140
Trd, 4319309.143, 139
Trd, 4319309.793, 140
Trd, 4319310.693, 140
Trd, 4319312.893, 140
Trd, 4319313.093, 139
Trd, 4319313.143, 85
Trd, 4319313.743, 60
Trd, 4319314.493, 60
Trd, 4319315.593, 60
Trd, 4319316.443, 61
Trd, 4319316.543, 65
Trd, 4319317.543, 140
Trd, 4319318.393, 136
Trd, 4319318.993, 137
Trd, 4319319.243, 140
Trd, 4319319.393, 139
Trd, 4319319.843, 139
Trd, 4319321.243, 140
Trd, 4319321.293, 139
Trd, 4319322.293, 140
Trd, 4319322.843, 108
Trd, 4319322.993, 136
Trd, 4319323.643, 81
Trd, 4319323.943, 79
Trd, 4319325.993, 140
Trd, 4319326.393, 140
Trd, 4319327.543, 139
Trd, 4319328.543, 140
Trd, 4319328.893, 140
Trd, 4319329.193, 140
Trd, 4319331.043, 140
Trd, 4319331.093, 140
Trd, 4319331.143, 135
Trd, 4319331.493, 131
Trd, 4319332.193, 140
Trd, 4319333.743, 140
Trd, 4319334.493, 140
Trd, 4319335.493, 140
Trd, 4319335.643, 140
Trd, 4319335.893, 139
Trd, 4319336.793, 139
Trd, 4319337.093, 136
Trd, 4319338.543, 140
Trd, 4319338.593, 140
Trd, 4319338.793, 140
Trd, 4319340.343, 140
Trd, 4319340.443, 140
Trd, 4319340.893, 139
Trd, 4319341.593, 138
Trd, 4319343.743, 140
Trd, 4319344.843, 140
Trd, 4319346.093, 140
Trd, 4319347.043, 140
Trd, 4319347.293, 140
Trd, 4319347.493, 140
Trd, 4319347.593, 140
Trd, 4319348.943, 139
Trd, 4319349.393, 97
Trd, 4319349.793, 139
Trd, 4319350.643, 140
Trd, 4319351.593, 140
Trd, 4319352.693, 140
Trd, 4319353.193, 140
Trd, 4319353.293, 140
Trd, 4319354.243, 140
Trd, 4319354.643, 140
Trd, 4319355.593, 140
Trd, 4319356.293, 140
Trd, 4319356.893, 139
Trd, 4319357.843, 138
Trd, 4319358.893, 140
Trd, 4319358.993, 138
Trd, 4319361.743, 140
Trd, 4319362.493, 140
Trd, 4319363.293, 140
Trd, 4319363.343, 140
Trd, 4319363.943, 140
Trd, 4319364.293, 140
Trd, 4319366.493, 140
Trd, 4319366.893, 140
Trd, 4319366.943, 140
Trd, 4319368.443, 140
Trd, 4319369.843, 140
Trd, 4319370.143, 140
Trd, 4319372.543, 140
Trd, 4319372.893, 140
Trd, 4319373.943, 140
Trd, 4319374.893, 140
Trd, 4319374.943, 140
Trd, 4319375.093, 139
Trd, 4319376.093, 140
Trd, 4319376.193, 140
Trd, 4319378.143, 140
Trd, 4319378.543, 140
Trd, 4319378.993, 140
Trd, 4319380.043, 140
Trd, 4319380.943, 140
Trd, 4319381.243, 140
Trd, 4319382.143, 140
Trd, 4319382.243, 140
Trd, 4319382.693, 140
Trd, 4319383.843, 140
Trd, 4319383.993, 139
Trd, 4319385.993, 140
Trd, 4319387.093, 140
Trd, 4319387.143, 139
Trd, 4319388.843, 139
Trd, 4319388.893, 138
Trd, 4319389.893, 140
Trd, 4319390.293, 140
Trd, 4319390.643, 138
Trd, 4319392.593, 140
Trd, 4319392.643, 140
Trd, 4319393.493, 139
Trd, 4319393.793, 140
Trd, 4319394.093, 140
Trd, 4319394.693, 139
Trd, 4319395.443, 140
Trd, 4319396.093, 124
Trd, 4319396.443, 124
Trd, 4319396.693, 137
Trd, 4319396.743, 113
Trd, 4319397.043, 136
Trd, 4319398.143, 139
Trd, 4319399.843, 140
Trd, 4319401.143, 140
Trd, 4319401.693, 140
Trd, 4319401.843, 139
Trd, 4319402.943, 140
Trd, 4319403.293, 140
Trd, 4319404.543, 140
Trd, 4319404.743, 140
Trd, 4319405.543, 140
Trd, 4319405.793, 96
Trd, 4319406.343, 140
Trd, 4319406.543, 140
Trd, 4319407.193, 140
Trd, 4319407.243, 140
Trd, 4319407.393, 69
Trd, 4319409.593, 61
Trd, 4319409.993, 102
Trd, 4319411.393, 61
Trd, 4319412.393, 60
Trd, 4319412.543, 61
Trd, 4319413.093, 61
Trd, 4319413.543, 61
Trd, 4319414.293, 60
Trd, 4319414.493, 61
Trd, 4319416.193, 140
Trd, 4319417.993, 60
Trd, 4319418.143, 60
Trd, 4319418.393, 60
Trd, 4319418.793, 60
Trd, 4319419.693, 60
Trd, 4319420.893, 60
Trd, 4319420.943, 60
Trd, 4319421.143, 60
Trd, 4319421.443, 60
Trd, 4319422.143, 60
Trd, 4319422.343, 60
Trd, 4319423.793, 62
Trd, 4319423.893, 65
Trd, 4319424.343, 64
Trd, 4319424.543, 139
Trd, 4319424.643, 138
Trd, 4319425.793, 61
Trd, 4319426.493, 60
Trd, 4319426.693, 78
Trd, 4319427.193, 61
Trd, 4319428.243, 140
Trd, 4319429.893, 65
Trd, 4319430.543, 76
Trd, 4319430.693, 78
Trd, 4319431.643, 140
Trd, 4319431.793, 140
Trd, 4319432.443, 140
Trd, 4319433.743, 140
Trd, 4319434.493, 140
Trd, 4319434.743, 139
Trd, 4319435.843, 140
Trd, 4319436.043, 121
Trd, 4319436.143, 120
Trd, 4319438.043, 140
Trd, 4319438.393, 140
Trd, 4319438.643, 138
Trd, 4319439.293, 140
Trd, 4319440.343, 140
Trd, 4319441.643, 140
Trd, 4319441.993, 140
Trd, 4319442.343, 140
Trd, 4319443.793, 140
Trd, 4319444.343, 140
Trd, 4319444.943, 140
Trd, 4319445.093, 140
Trd, 4319445.393, 139
Trd, 4319446.393, 140
Trd, 4319446.793, 99
Trd, 4319447.743, 61
Trd, 4319448.343, 140
Trd, 4319450.043, 140
Trd, 4319450.893, 140
Trd, 4319451.843, 140
Trd, 4319451.893, 140
Trd, 4319452.543, 139
Trd, 4319452.943, 139
Trd, 4319453.243, 140
Trd, 4319453.843, 138
Trd, 4319453.893, 133
Trd, 4319453.943, 88
Trd, 4319454.943, 138
Trd, 4319456.643, 140
Trd, 4319457.493, 140
Trd, 4319457.543, 140
Trd, 4319459.143, 140
Trd, 4319459.393, 140
Trd, 4319460.393, 140
Trd, 4319462.893, 140
Trd, 4319463.093, 140
Trd, 4319463.193, 140
Trd, 4319464.043, 140
Trd, 4319464.093, 140
Trd, 4319465.593, 140
Trd, 4319466.243, 139
Trd, 4319467.843, 140
Trd, 4319468.443, 140
Trd, 4319469.293, 139
Trd, 4319469.593, 140
Trd, 4319470.193, 140
Trd, 4319470.993, 139
Trd, 4319471.793, 139
Trd, 4319472.143, 134
Trd, 4319472.893, 133
Trd, 4319474.393, 140
Trd, 4319475.193, 139
Trd, 4319475.393, 137
Trd, 4319476.093, 140
Trd, 4319477.393, 140
Trd, 4319477.443, 140
Trd, 4319477.943, 140
Trd, 4319478.043, 139
Trd, 4319478.593, 139
Trd, 4319478.693, 138
Trd, 4319479.093, 131
Trd, 4319479.543, 140
Trd, 4319480.143, 140
Trd, 4319480.293, 88
Trd, 4319482.593, 140
Trd, 4319482.843, 139
Trd, 4319483.143, 136
Trd, 4319483.443, 140
Trd, 4319484.293, 72
Trd, 4319484.943, 72
Trd, 4319485.643, 61
Trd, 4319486.293, 65
Trd, 4319486.893, 66
Trd, 4319487.493, 60
Trd, 4319489.843, 140
Trd, 4319489.943, 140
Trd, 4319490.693, 140
Trd, 4319490.893, 140
Trd, 4319491.293, 140
Trd, 4319492.293, 140
Trd, 4319492.643, 140
Trd, 4319492.743, 140
Trd, 4319493.943, 139
Trd, 4319494.343, 139
Trd, 4319496.443, 140
Trd, 4319497.293, 140
Trd, 4319497.593, 140
Trd, 4319498.593, 139
Trd, 4319498.643, 139
Trd, 4319499.343, 115
Trd, 4319501.043, 60
Trd, 4319501.293, 60
Trd, 4319501.543, 60
Trd, 4319501.793, 65
Trd, 4319501.993, 60
Trd, 4319502.243, 70
Trd, 4319502.443, 67
Trd, 4319502.793, 117
Trd, 4319504.293, 81
Trd, 4319504.393, 63
Trd, 4319504.643, 61
Trd, 4319505.293, 62
Trd, 4319505.843, 63
Trd, 4319505.993, 64
Trd, 4319506.793, 140
Trd, 4319507.293, 139
Trd, 4319508.193, 98
Trd, 4319509.393, 140
Trd, 4319509.693, 140
Trd, 4319510.693, 140
Trd, 4319510.843, 139
Trd, 4319511.793, 140
Trd, 4319514.193, 140
Trd, 4319515.443, 140
Trd, 4319515.643, 140
Trd, 4319515.693, 140
Trd, 4319516.343, 140
Trd, 4319517.043, 140
Trd, 4319518.193, 140
Trd, 4319519.493, 140
Trd, 4319519.643, 140
Trd, 4319521.043, 140
Trd, 4319521.793, 140
Trd, 4319522.543, 140
Trd, 4319522.743, 140
Trd, 4319522.993, 140
Trd, 4319523.343, 140
Trd, 4319524.043, 140
Trd, 4319526.593, 140
Trd, 4319527.443, 140
Trd, 4319528.643, 140
Trd, 4319530.493, 140
Trd, 4319530.543, 140
Trd, 4319531.443, 140
Trd, 4319531.493, 140
Trd, 4319531.893, 139
Trd, 4319532.943, 140
Trd, 4319533.193, 140
Trd, 4319534.243, 140
Trd, 4319536.243, 140
Trd, 4319536.293, 138
Trd, 4319536.893, 140
Trd, 4319537.693, 140
Trd, 4319537.793, 140
Trd, 4319538.143, 140
Trd, 4319539.543, 138
Trd, 4319540.343, 140
Trd, 4319540.993, 140
Trd, 4319541.393, 140
Trd, 4319542.293, 140
Trd, 4319545.093, 140
Trd, 4319545.343, 140
Trd, 4319545.443, 140
Trd, 4319545.943, 140
Trd, 4319546.093, 140
Trd, 4319546.143, 139
Trd, 4319546.793, 79
Trd, 4319547.343, 60
Trd, 4319547.843, 60
Trd, 4319548.243, 60
Trd, 4319548.543, 60
Trd, 4319549.343, 85
Trd, 4319549.843, 64
Trd, 4319549.993, 62
Trd, 4319550.243, 65
Trd, 4319550.843, 139
Trd, 4319552.843, 68
Trd, 4319553.043, 63
Trd, 4319553.443, 91
Trd, 4319553.943, 140
Trd, 4319555.643, 140
Trd, 4319556.043, 140
Trd, 4319556.293, 140
Trd, 4319556.793, 140
Trd, 4319557.193, 140
Trd, 4319557.493, 101
Trd, 4319560.143, 140
Trd, 4319560.193, 140
Trd, 4319561.593, 140
Trd, 4319561.993, 140
Trd, 4319563.343, 140
Trd, 4319564.743, 140
Trd, 4319565.443, 140
Trd, 4319566.193, 140
Trd, 4319566.843, 140
Trd, 4319567.693, 140
Trd, 4319568.493, 140
Trd, 4319568.693, 140
Trd, 4319569.293, 140
Trd, 4319569.493, 140
Trd, 4319570.393, 140
Trd, 4319571.643, 140
Trd, 4319572.743, 140
Trd, 4319574.093, 140
Trd, 4319574.693, 140
Trd, 4319574.943, 140
Trd, 4319576.543, 140
Trd, 4319577.643, 140
Trd, 4319578.093, 138
Trd, 4319580.043, 140
Trd, 4319580.243, 140
Trd, 4319580.743, 140
Trd, 4319580.793, 140
Trd, 4319582.343, 140
Trd, 4319583.093, 140
Trd, 4319583.243, 140
Trd, 4319583.993, 140
Trd, 4319584.093, 137
Trd, 4319585.093, 140
Trd, 4319586.393, 140
Trd, 4319587.043, 140
Trd, 4319587.143, 137
Trd, 4319588.143, 140
Trd, 4319588.643, 140
Trd, 4319588.693, 139
Trd, 4319589.493, 111
Trd, 4319590.143, 140
Trd, 4319592.593, 140
Trd, 4319592.843, 140
Trd, 4319593.993, 140
Trd, 4319594.243, 140
Trd, 4319594.693, 140
Trd, 4319595.443, 97
Trd, 4319595.843, 76
Trd, 4319597.293, 140
Trd, 4319597.743, 140
Trd, 4319598.443, 140
Trd, 4319600.043, 140
Trd, 4319600.143, 140
Trd, 4319600.893, 140
Trd, 4319602.693, 140
Trd, 4319602.793, 140
Trd, 4319603.193, 138
Trd, 4319604.293, 140
Trd, 4319605.343, 140
Trd, 4319607.093, 140
Trd, 4319607.143, 140
Trd, 4319607.693, 140
Trd, 4319607.943, 140
Trd, 4319607.993, 139
Trd, 4319609.393, 84
Trd, 4319610.293, 140
Trd, 4319611.193, 140
Trd, 4319612.543, 140
Trd, 4319613.193, 139
Trd, 4319613.343, 139
Trd, 4319614.043, 117
Trd, 4319614.193, 126
Trd, 4319614.293, 72
Trd, 4319614.443, 128
Trd, 4319615.343, 128
Trd, 4319615.793, 94
Trd, 4319617.293, 140
Trd, 4319618.693, 140
Trd, 4319618.943, 140
Trd, 4319619.393, 140
Trd, 4319619.543, 140
Trd, 4319619.893, 131
Trd, 4319620.443, 136
Trd, 4319620.893, 140
Trd, 4319621.593, 76
Trd, 4319622.193, 71
Trd, 4319622.693, 139
Trd, 4319623.993, 140
Trd, 4319624.443, 77
Trd, 4319625.093, 60
Trd, 4319625.193, 68
Trd, 4319626.893, 140
Trd, 4319627.843, 140
Trd, 4319628.543, 140
Trd, 4319629.993, 140
Trd, 4319630.493, 140
Trd, 4319630.743, 139
Trd, 4319630.943, 70
Trd, 4319631.493, 140
Trd, 4319631.943, 140
Trd, 4319632.893, 139
Trd, 4319633.543, 114
Trd, 4319633.793, 61
Trd, 4319635.543, 108
Trd, 4319637.043, 140
Trd, 4319637.243, 135
Trd, 4319637.643, 130
Trd, 4319638.693, 140
Trd, 4319638.943, 137
Trd, 4319640.293, 140
Trd, 4319641.543, 140
Trd, 4319642.243, 140
Trd, 4319642.443, 137
Trd, 4319643.793, 140
Trd, 4319644.793, 138
Trd, 4319645.593, 139
Trd, 4319646.343, 140
Trd, 4319646.643, 140
Trd, 4319647.393, 140
Trd, 4319648.043, 140
Trd, 4319649.293, 140
Trd, 4319649.893, 140
Trd, 4319650.193, 139
Trd, 4319650.993, 139
Trd, 4319651.193, 140
Trd, 4319651.843, 109
Trd, 4319654.843, 140
Trd, 4319655.293, 140
Trd, 4319655.543, 140
Trd, 4319655.643, 140
Trd, 4319655.793, 139
Trd, 4319656.193, 139
Trd, 4319656.293, 135
Trd, 4319657.843, 140
Trd, 4319657.993, 140
Trd, 4319658.193, 140
Trd, 4319658.893, 139
Trd, 4319660.343, 140
Trd, 4319660.443, 139
Trd, 4319660.743, 81
Trd, 4319661.593, 63
Trd, 4319661.943, 64
Trd, 4319661.993, 79
Trd, 4319664.193, 65
Trd, 4319665.043, 76
Trd, 4319665.243, 77
Trd, 4319665.543, 103
Trd, 4319665.743, 103
Trd, 4319666.793, 60
Trd, 4319667.243, 60
Trd, 4319667.543, 60
Trd, 4319667.793, 62
Trd, 4319668.443, 140
Trd, 4319669.193, 140
Trd, 4319670.443, 140
Trd, 4319671.743, 140
Trd, 4319672.543, 140
Trd, 4319672.693, 140
Trd, 4319673.743, 135
Trd, 4319674.343, 140
Trd, 4319674.443, 140
Trd, 4319674.593, 140
Trd, 4319675.543, 92
Trd, 4319675.793, 89
Trd, 4319676.193, 140
Trd, 4319676.593, 135
Trd, 4319677.343, 60
Trd, 4319678.143, 62
Trd, 4319678.543, 132
Trd, 4319679.743, 140
Trd, 4319679.943, 140
Trd, 4319680.593, 139
Trd, 4319681.793, 140
Trd, 4319682.193, 139
Trd, 4319683.943, 140
Trd, 4319684.293, 139
Trd, 4319684.693, 140
Trd, 4319685.643, 140
Trd, 4319686.343, 140
Trd, 4319686.743, 140
Trd, 4319687.593, 140
Trd, 4319687.743, 139
Trd, 4319687.793, 139
Trd, 4319688.393, 139
Trd, 4319689.343, 138
Trd, 4319690.543, 139
Trd, 4319690.843, 132
Trd, 4319691.493, 85
Trd, 4319692.693, 140
Trd, 4319692.893, 140
Trd, 4319693.243, 64
Trd, 4319695.343, 140
Trd, 4319696.743, 140
Trd, 4319697.743, 140
Trd, 4319698.693, 140
Trd, 4319699.443, 140
Trd, 4319700.343, 140
Trd, 4319700.393, 140
Trd, 4319701.093, 140
Trd, 4319701.793, 140
Trd, 4319701.993, 140
Trd, 4319702.393, 140
Trd, 4319703.443, 140
Trd, 4319703.843, 140
Trd, 4319704.343, 140
Trd, 4319704.493, 140
Trd, 4319705.543, 140
Trd, 4319705.843, 139
Trd, 4319706.443, 108
Trd, 4319708.093, 62
Trd, 4319708.793, 61
Trd, 4319709.093, 62
Trd, 4319709.993, 60
Trd, 4319710.793, 61
Trd, 4319711.193, 62
Trd, 4319711.643, 60
Trd, 4319712.643, 61
Trd, 4319713.143, 61
Trd, 4319713.493, 68
Trd, 4319713.693, 68
Trd, 4319714.593, 62
Trd, 4319715.693, 109
Trd, 4319717.543, 140
Trd, 4319718.143, 140
Trd, 4319718.493, 140
Trd, 4319718.593, 140
Trd, 4319719.293, 139
Trd, 4319720.493, 139
Trd, 4319721.243, 140
Trd, 4319722.243, 140
Trd, 4319723.593, 139
Trd, 4319723.893, 138
Trd, 4319724.693, 140
Trd, 4319726.043, 140
Trd, 4319726.193, 140
Trd, 4319726.793, 118
Trd, 4319727.293, 64
Trd, 4319728.243, 140
Trd, 4319728.343, 139
Trd, 4319730.193, 140
Trd, 4319730.343, 140
Trd, 4319731.143, 140
Trd, 4319732.343, 139
Trd, 4319732.393, 138
Trd, 4319733.843, 140
Trd, 4319734.443, 140
Trd, 4319734.543, 140
Trd, 4319734.593, 139
Trd, 4319734.893, 96
Trd, 4319737.093, 140
Trd, 4319737.293, 140
Trd, 4319737.943, 140
Trd, 4319738.893, 140
Trd, 4319740.193, 140
Trd, 4319740.543, 140
Trd, 4319740.943, 140
Trd, 4319742.193, 140
Trd, 4319743.443, 140
Trd, 4319744.143, 140
Trd, 4319744.443, 140
Trd, 4319744.593, 140
Trd, 4319745.543, 140
Trd, 4319745.593, 138
Trd, 4319747.643, 140
Trd, 4319748.193, 140
Trd, 4319748.943, 140
Trd, 4319749.243, 140
Trd, 4319749.393, 140
Trd, 4319750.743, 140
Trd, 4319751.593, 140
Trd, 4319751.643, 140
Trd, 4319752.043, 77
Trd, 4319754.543, 140
Trd, 4319754.743, 139
Trd, 4319755.043, 140
Trd, 4319756.293, 140
Trd, 4319756.743, 140
Trd, 4319757.293, 140
Trd, 4319758.293, 140
Trd, 4319758.893, 139
Trd, 4319760.193, 140
Trd, 4319760.793, 139
Trd, 4319761.343, 139
Trd, 4319762.143, 140
Trd, 4319762.343, 140
Trd, 4319762.643, 101
Trd, 4319764.493, 140
Trd, 4319766.443, 140
Trd, 4319766.693, 140
Trd, 4319767.743, 140
Trd, 4319767.943, 140
Trd, 4319768.143, 90
Trd, 4319768.543, 107
Trd, 4319769.193, 107
Trd, 4319769.993, 61
Trd, 4319770.743, 60
Trd, 4319771.243, 62
Trd, 4319772.443, 60
Trd, 4319772.693, 60
Trd, 4319772.993, 61
Trd, 4319773.593, 63
Trd, 4319774.993, 60
Trd, 4319776.043, 61
Trd, 4319776.243, 62
Trd, 4319776.943, 63
Trd, 4319777.193, 63
Trd, 4319777.493, 140
Trd, 4319777.693, 140
Trd, 4319778.093, 137
Trd, 4319778.193, 95
Trd, 4319779.743, 140
Trd, 4319780.743, 140
Trd, 4319781.193, 140
Trd, 4319782.593, 140
Trd, 4319782.693, 140
Trd, 4319783.693, 138
Trd, 4319783.943, 139
Trd, 4319784.343, 140
Trd, 4319784.493, 116
Trd, 4319785.943, 140
Trd, 4319786.543, 140
Trd, 4319787.143, 140
Trd, 4319787.843, 140
Trd, 4319787.943, 138
Trd, 4319788.793, 140
Trd, 4319790.293, 140
Trd, 4319792.943, 140
Trd, 4319793.493, 140
Trd, 4319793.843, 140
Trd, 4319793.943, 139
Trd, 4319794.093, 139
Trd, 4319795.043, 140
Trd, 4319795.343, 137
Trd, 4319796.293, 140
Trd, 4319796.493, 139
Trd, 4319798.293, 140
Trd, 4319798.493, 103
Trd, 4319798.943, 136
Trd, 4319800.243, 140
Trd, 4319801.443, 140
Trd, 4319802.693, 140
Trd, 4319802.843, 139
Trd, 4319803.643, 140
Trd, 4319804.593, 140
Trd, 4319804.843, 140
Trd, 4319805.043, 140
Trd, 4319806.093, 139
Trd, 4319808.243, 138
Trd, 4319808.343, 112
Trd, 4319809.193, 114
Trd, 4319810.193, 111
Trd, 4319810.543, 138
Trd, 4319810.793, 139
Trd, 4319811.443, 106
Trd, 4319812.243, 139
Trd, 4319814.693, 140
Trd, 4319814.843, 140
Trd, 4319815.943, 140
Trd, 4319816.343, 140
Trd, 4319816.593, 140
Trd, 4319817.343, 139
Trd, 4319818.243, 139
Trd, 4319818.593, 139
Trd, 4319818.793, 139
Trd, 4319820.143, 139
Trd, 4319821.093, 140
Trd, 4319822.343, 140
Trd, 4319822.443, 138
Trd, 4319823.193, 139
Trd, 4319823.393, 138
Trd, 4319823.443, 112
Trd, 4319825.593, 140
Trd, 4319826.193, 140
Trd, 4319827.393, 140
Trd, 4319828.093, 140
Trd, 4319828.743, 140
Trd, 4319829.143, 140
Trd, 4319829.493, 140
Trd, 4319829.693, 139
Trd, 4319832.193, 140
Trd, 4319832.643, 140
Trd, 4319832.793, 140
Trd, 4319834.643, 140
Trd, 4319834.943, 140
Trd, 4319835.243, 140
Trd, 4319836.393, 140
Trd, 4319836.943, 140
Trd, 4319837.043, 139
Trd, 4319838.743, 140
Trd, 4319839.543, 140
Trd, 4319840.493, 140
Trd, 4319840.993, 140
Trd, 4319841.143, 139
Trd, 4319842.443, 140
Trd, 4319842.793, 138
Trd, 4319843.243, 78
Trd, 4319843.843, 133
Trd, 4319844.343, 140
Trd, 4319845.193, 131
Trd, 4319845.643, 75
Trd, 4319846.243, 75
Trd, 4319846.593, 75
Trd, 4319846.693, 76
Trd, 4319847.693, 139
Trd, 4319848.893, 140
Trd, 4319850.943, 140
Trd, 4319850.993, 140
Trd, 4319851.093, 139
Trd, 4319851.943, 140
Trd, 4319852.743, 138
Trd, 4319853.343, 138
Trd, 4319854.243, 140
Trd, 4319854.693, 140
Trd, 4319855.143, 139
Trd, 4319856.193, 138
Trd, 4319856.543, 138
Trd, 4319858.643, 140
Trd, 4319859.593, 140
Trd, 4319859.843, 140
Trd, 4319861.743, 140
Trd, 4319861.843, 138
Trd, 4319861.893, 133
Trd, 4319862.593, 60
Trd, 4319863.293, 60
Trd, 4319863.693, 60
Trd, 4319863.743, 61
Trd, 4319865.293, 140
Trd, 4319866.093, 140
Trd, 4319866.293, 140
Trd, 4319866.893, 140
Trd, 4319867.493, 140
Trd, 4319868.043, 140
Trd, 4319869.243, 140
Trd, 4319869.793, 140
Trd, 4319870.293, 140
Trd, 4319870.643, 140
Trd, 4319870.793, 110
Trd, 4319872.243, 140
Trd, 4319873.093, 140
Trd, 4319873.693, 140
Trd, 4319874.443, 140
Trd, 4319874.643, 140
Trd, 4319875.893, 140
Trd, 4319876.993, 140
Trd, 4319877.043, 140
Trd, 4319879.093, 140
Trd, 4319879.343, 140
Trd, 4319879.793, 140
Trd, 4319880.143, 136
Trd, 4319880.943, 79
Trd, 4319882.193, 139
Trd, 4319882.693, 72
Trd, 4319883.743, 140
Trd, 4319883.843, 139
Trd, 4319884.293, 140
Trd, 4319884.643, 66
Trd, 4319885.143, 131
Trd, 4319885.493, 140
Trd, 4319886.093, 140
Trd, 4319886.493, 140
Trd, 4319887.643, 139
Trd, 4319888.243, 140
Trd, 4319888.793, 131
Trd, 4319889.793, 140
Trd, 4319889.843, 140
Trd, 4319891.693, 140
Trd, 4319892.043, 140
Trd, 4319892.693, 139
Trd, 4319893.493, 114
Trd, 4319893.693, 138
Trd, 4319894.243, 140
Trd, 4319894.793, 63
Trd, 4319896.243, 140
Trd, 4319896.843, 140
Trd, 4319897.043, 140
Trd, 4319897.493, 140
Trd, 4319898.843, 140
Trd, 4319899.193, 140
Trd, 4319900.193, 140
Trd, 4319900.693, 140
Trd, 4319900.893, 138
Trd, 4319901.993, 139
Trd, 4319903.143, 140
Trd, 4319903.843, 140
Trd, 4319903.943, 140
Trd, 4319905.643, 140
Trd, 4319906.593, 140
Trd, 4319906.893, 140
Trd, 4319907.043, 131
Trd, 4319908.793, 139
Trd, 4319908.943, 138
Trd, 4319909.543, 140
Trd, 4319910.343, 140
Trd, 4319912.843, 140
Trd, 4319913.093, 140
Trd, 4319913.643, 140
Trd, 4319915.543, 140
Trd, 4319915.593, 139
Trd, 4319916.543, 140
Trd, 4319916.943, 140
Trd, 4319917.543, 140
Trd, 4319918.643, 140
Trd, 4319919.593, 140
Trd, 4319919.843, 140
Trd, 4319920.193, 139
Trd, 4319920.543, 140
Trd, 4319921.043, 138
Trd, 4319921.643, 137
Trd, 4319921.843, 138
Trd, 4319922.593, 140
Trd, 4319922.693, 88
Trd, 4319923.843, 140
Trd, 4319924.343, 140
Trd, 4319926.643, 140
Trd, 4319926.843, 140
Trd, 4319927.043, 140
Trd, 4319927.843, 140
Trd, 4319928.093, 140
Trd, 4319929.443, 140
Trd, 4319931.293, 140
Trd, 4319932.643, 140
Trd, 4319932.893, 140
Trd, 4319933.243, 140
Trd, 4319933.293, 140
Trd, 4319934.443, 140
Trd, 4319934.793, 140
Trd, 4319935.493, 140
Trd, 4319935.593, 140
Trd, 4319936.643, 140
Trd, 4319938.693, 140
Trd, 4319938.743, 139
Trd, 4319939.743, 139
Trd, 4319941.743, 140
Trd, 4319941.793, 140
Trd, 4319941.943, 140
Trd, 4319942.343, 139
Trd, 4319943.593, 140
Trd, 4319944.343, 140
Trd, 4319944.893, 138
Trd, 4319945.093, 82
Trd, 4319945.243, 140
Trd, 4319946.293, 139
Trd, 4319946.393, 132
Trd, 4319947.943, 140
Trd, 4319948.743, 140
Trd, 4319949.443, 140
Trd, 4319949.493, 140
Trd, 4319949.743, 138
Trd, 4319950.343, 140
Trd, 4319951.843, 140
Trd, 4319952.043, 140
Trd, 4319952.643, 139
Trd, 4319952.943, 139
Trd, 4319953.343, 85
Trd, 4319953.743, 139
Trd, 4319954.393, 139
Trd, 4319954.693, 89
Trd, 4319955.843, 140
Trd, 4319956.843, 140
Trd, 4319958.093, 64
Trd, 4319958.743, 64
Trd, 4319958.843, 60
Trd, 4319958.993, 61
Trd, 4319959.093, 67
Trd, 4319961.243, 139
Trd, 4319961.743, 140
Trd, 4319962.643, 140
Trd, 4319962.693, 140
Trd, 4319962.843, 140
Trd, 4319962.993, 80
Trd, 4319963.693, 140
Trd, 4319964.043, 139
Trd, 4319965.893, 64
Trd, 4319966.443, 62
Trd, 4319966.793, 66
Trd, 4319967.593, 66
Trd, 4319967.943, 62
Trd, 4319968.843, 67
Trd, 4319969.243, 106
Trd, 4319969.343, 62
Trd, 4319969.643, 107
Trd, 4319969.993, 62
Trd, 4319970.993, 63
Trd, 4319971.393, 140
Trd, 4319973.393, 140
Trd, 4319973.443, 140
Trd, 4319973.843, 140
Trd, 4319974.193, 140
Trd, 4319974.943, 140
Trd, 4319975.193, 140
Trd, 4319975.693, 139
Trd, 4319977.093, 114
Trd, 4319977.293, 65
Trd, 4319978.393, 140
Trd, 4319978.593, 139
Trd, 4319979.693, 139
Trd, 4319980.843, 140
Trd, 4319981.893, 140
Trd, 4319982.093, 140
Trd, 4319983.693, 140
Trd, 4319984.193, 140
Trd, 4319984.493, 139
Trd, 4319985.143, 140
Trd, 4319985.593, 140
Trd, 4319985.843, 140
Trd, 4319987.343, 140
Trd, 4319987.893, 140
Trd, 4319989.193, 140
Trd, 4319989.443, 140
Trd, 4319990.793, 140
Trd, 4319991.093, 140
Trd, 4319991.843, 140
Trd, 4319993.093, 140
Trd, 4319994.493, 140
Trd, 4319995.043, 140
Trd, 4319995.793, 140
Trd, 4319995.993, 140
Trd, 4319996.193, 139
Trd, 4319998.693, 140
Trd, 4319999.293, 140
Trd, 4319999.843, 140
