Trd, 4318182.593, 140
Trd, 4318182.693, 140
Trd, 4318183.343, 137
Trd, 4318183.843, 131
Trd, 4318184.093, 119
Trd, 4318185.193, 72
Trd, 4318185.343, 107
Trd, 4318186.243, 119
Trd, 4318186.693, 138
Trd, 4318187.343, 97
Trd, 4318188.693, 140
Trd, 4318189.493, 140
Trd, 4318189.943, 140
Trd, 4318189.993, 140
Trd, 4318190.443, 89
Trd, 4318191.693, 139
Trd, 4318192.243, 139
Trd, 4318192.643, 135
Trd, 4318192.993, 140
Trd, 4318193.093, 88
Trd, 4318193.693, 87
Trd, 4318193.793, 77
Trd, 4318194.843, 133
Trd, 4318195.443, 140
Trd, 4318195.493, 129
Trd, 4318195.843, 94
Trd, 4318197.443, 67
Trd, 4318197.543, 92
Trd, 4318199.093, 140
Trd, 4318199.493, 138
Trd, 4318200.193, 132
Trd, 4318200.393, 140
Trd, 4318200.643, 77
Trd, 4318202.543, 77
Trd, 4318202.793, 109
Trd, 4318202.993, 96
Trd, 4318203.493, 117
Trd, 4318203.543, 96
Trd, 4318204.443, 98
Trd, 4318206.093, 140
Trd, 4318206.243, 140
Trd, 4318206.393, 140
Trd, 4318206.843, 83
Trd, 4318207.243, 76
Trd, 4318207.493, 130
Trd, 4318207.793, 87
Trd, 4318208.243, 140
Trd, 4318209.143, 140
Trd, 4318209.843, 140
Trd, 4318210.993, 140
Trd, 4318211.293, 128
Trd, 4318211.793, 107
Trd, 4318212.293, 116
Trd, 4318212.443, 132
Trd, 4318213.493, 140
Trd, 4318214.143, 139
Trd, 4318215.243, 130
Trd, 4318215.693, 114
Trd, 4318215.743, 122
Trd, 4318216.293, 96
Trd, 4318216.743, 66
Trd, 4318217.043, 84
Trd, 4318217.343, 65
Trd, 4318217.643, 70
Trd, 4318219.293, 140
Trd, 4318219.393, 111
Trd, 4318219.593, 110
Trd, 4318220.243, 140
Trd, 4318221.043, 127
Trd, 4318221.793, 73
Trd, 4318221.893, 89
Trd, 4318222.143, 72
Trd, 4318223.443, 84
Trd, 4318223.843, 134
Trd, 4318224.493, 140
Trd, 4318225.193, 140
Trd, 4318225.893, 127
Trd, 4318225.943, 115
Trd, 4318226.543, 114
Trd, 4318226.893, 97
Trd, 4318226.993, 92
Trd, 4318228.243, 63
Trd, 4318228.893, 61
Trd, 4318230.543, 131
Trd, 4318230.643, 100
Trd, 4318231.293, 68
Trd, 4318231.693, 140
Trd, 4318231.743, 139
Trd, 4318233.393, 62
Trd, 4318233.693, 62
Trd, 4318233.793, 63
Trd, 4318234.843, 140
Trd, 4318234.893, 140
Trd, 4318235.843, 123
Trd, 4318236.443, 100
Trd, 4318236.493, 66
Trd, 4318238.093, 128
Trd, 4318238.293, 138
Trd, 4318238.593, 140
Trd, 4318240.993, 120
Trd, 4318241.143, 99
Trd, 4318242.693, 140
Trd, 4318242.943, 138
Trd, 4318243.043, 117
Trd, 4318243.593, 140
Trd, 4318243.793, 73
Trd, 4318244.893, 114
Trd, 4318245.243, 64
Trd, 4318246.393, 95
Trd, 4318247.493, 138
Trd, 4318247.743, 116
Trd, 4318248.893, 64
Trd, 4318249.893, 62
Trd, 4318250.693, 61
Trd, 4318251.493, 60
Trd, 4318251.693, 61
Trd, 4318252.143, 63
Trd, 4318252.743, 65
Trd, 4318252.793, 74
Trd, 4318252.993, 114
Trd, 4318253.843, 62
Trd, 4318254.293, 61
Trd, 4318255.993, 106
Trd, 4318256.393, 106
Trd, 4318256.443, 105
Trd, 4318256.693, 115
Trd, 4318256.993, 82
Trd, 4318257.243, 138
Trd, 4318258.643, 63
Trd, 4318259.893, 72
Trd, 4318259.993, 79
Trd, 4318260.893, 60
Trd, 4318261.643, 65
Trd, 4318261.693, 103
Trd, 4318262.543, 60
Trd, 4318262.793, 133
Trd, 4318263.893, 61
Trd, 4318264.043, 64
Trd, 4318264.743, 140
Trd, 4318264.993, 137
Trd, 4318266.843, 133
Trd, 4318268.143, 60
Trd, 4318268.643, 63
Trd, 4318270.393, 62
Trd, 4318270.443, 64
Trd, 4318270.793, 67
Trd, 4318271.243, 117
Trd, 4318271.443, 139
Trd, 4318271.643, 138
Trd, 4318272.693, 139
Trd, 4318273.093, 138
Trd, 4318273.243, 106
Trd, 4318274.093, 61
Trd, 4318274.743, 105
Trd, 4318275.543, 140
Trd, 4318276.443, 88
Trd, 4318276.793, 63
Trd, 4318278.243, 139
Trd, 4318278.443, 140
Trd, 4318278.943, 140
Trd, 4318280.143, 139
Trd, 4318280.743, 139
Trd, 4318281.243, 87
Trd, 4318281.493, 74
Trd, 4318282.643, 125
Trd, 4318282.743, 124
Trd, 4318283.043, 123
Trd, 4318283.993, 139
Trd, 4318284.243, 140
Trd, 4318284.643, 91
Trd, 4318284.743, 79
Trd, 4318286.143, 140
Trd, 4318286.843, 126
Trd, 4318287.143, 110
Trd, 4318288.943, 60
Trd, 4318289.443, 60
Trd, 4318289.593, 63
Trd, 4318289.843, 65
Trd, 4318290.093, 63
Trd, 4318291.743, 140
Trd, 4318292.343, 140
Trd, 4318292.693, 138
Trd, 4318292.843, 134
Trd, 4318293.693, 61
Trd, 4318294.643, 140
Trd, 4318294.993, 94
Trd, 4318295.593, 77
Trd, 4318295.643, 74
Trd, 4318297.393, 140
Trd, 4318297.443, 140
Trd, 4318298.493, 140
Trd, 4318299.343, 60
Trd, 4318300.993, 62
Trd, 4318301.993, 60
Trd, 4318302.293, 65
Trd, 4318302.343, 70
Trd, 4318303.343, 83
Trd, 4318303.643, 88
Trd, 4318303.793, 106
Trd, 4318304.043, 137
Trd, 4318304.543, 136
Trd, 4318305.443, 78
Trd, 4318307.793, 123
Trd, 4318308.543, 140
Trd, 4318308.643, 139
Trd, 4318308.743, 138
Trd, 4318309.093, 120
Trd, 4318309.693, 140
Trd, 4318310.543, 140
Trd, 4318311.693, 139
Trd, 4318312.443, 138
Trd, 4318312.893, 140
Trd, 4318313.093, 79
Trd, 4318313.593, 104
Trd, 4318313.693, 77
Trd, 4318314.243, 133
Trd, 4318315.393, 140
Trd, 4318315.843, 78
Trd, 4318316.843, 140
Trd, 4318317.393, 140
Trd, 4318318.143, 137
Trd, 4318318.693, 139
Trd, 4318319.193, 132
Trd, 4318319.293, 96
Trd, 4318319.343, 75
Trd, 4318320.093, 85
Trd, 4318321.543, 140
Trd, 4318321.993, 140
Trd, 4318322.993, 140
Trd, 4318323.043, 140
Trd, 4318323.593, 97
Trd, 4318324.043, 140
Trd, 4318325.193, 137
Trd, 4318326.043, 131
Trd, 4318326.543, 130
Trd, 4318326.643, 71
Trd, 4318327.793, 64
Trd, 4318328.143, 138
Trd, 4318329.093, 81
Trd, 4318330.343, 65
Trd, 4318330.993, 65
Trd, 4318331.743, 139
Trd, 4318331.943, 138
Trd, 4318332.593, 60
Trd, 4318332.643, 109
Trd, 4318333.043, 77
Trd, 4318334.343, 78
Trd, 4318334.643, 71
Trd, 4318335.543, 74
Trd, 4318336.643, 62
Trd, 4318337.443, 65
Trd, 4318338.043, 60
Trd, 4318339.343, 69
Trd, 4318339.743, 61
Trd, 4318340.393, 64
Trd, 4318341.443, 102
Trd, 4318342.043, 65
Trd, 4318343.193, 60
Trd, 4318343.243, 60
Trd, 4318344.843, 101
Trd, 4318345.543, 105
Trd, 4318345.793, 74
Trd, 4318346.143, 140
Trd, 4318347.043, 80
Trd, 4318347.743, 72
Trd, 4318348.043, 105
Trd, 4318348.843, 138
Trd, 4318350.493, 61
Trd, 4318352.043, 62
Trd, 4318352.343, 98
Trd, 4318352.593, 75
Trd, 4318352.893, 74
Trd, 4318353.343, 65
Trd, 4318354.193, 65
Trd, 4318354.293, 61
Trd, 4318354.843, 62
Trd, 4318355.893, 63
Trd, 4318356.593, 78
Trd, 4318356.743, 83
Trd, 4318357.543, 98
Trd, 4318357.643, 87
Trd, 4318358.293, 140
Trd, 4318358.843, 140
Trd, 4318359.093, 108
Trd, 4318359.943, 61
Trd, 4318360.943, 67
Trd, 4318361.343, 70
Trd, 4318361.893, 72
Trd, 4318362.993, 64
Trd, 4318363.893, 66
Trd, 4318365.393, 60
Trd, 4318365.943, 75
Trd, 4318366.893, 67
Trd, 4318367.543, 95
Trd, 4318367.693, 97
Trd, 4318368.443, 123
Trd, 4318368.593, 136
Trd, 4318368.893, 92
Trd, 4318369.243, 92
Trd, 4318369.493, 99
Trd, 4318370.643, 60
Trd, 4318371.143, 64
Trd, 4318372.143, 65
Trd, 4318372.943, 62
Trd, 4318373.593, 60
Trd, 4318373.943, 61
Trd, 4318374.193, 84
Trd, 4318374.543, 140
Trd, 4318375.243, 140
Trd, 4318375.293, 139
Trd, 4318375.943, 140
Trd, 4318376.343, 124
Trd, 4318376.543, 62
Trd, 4318377.993, 85
Trd, 4318378.193, 82
Trd, 4318379.243, 140
Trd, 4318379.393, 78
Trd, 4318379.793, 118
Trd, 4318380.393, 106
Trd, 4318381.143, 140
Trd, 4318382.193, 63
Trd, 4318383.093, 69
Trd, 4318384.043, 73
Trd, 4318384.943, 67
Trd, 4318385.193, 69
Trd, 4318386.693, 61
Trd, 4318387.243, 60
Trd, 4318387.493, 63
Trd, 4318387.893, 65
Trd, 4318388.743, 90
Trd, 4318389.893, 86
Trd, 4318390.643, 133
Trd, 4318390.943, 140
Trd, 4318391.143, 138
Trd, 4318391.393, 137
Trd, 4318393.143, 129
Trd, 4318393.443, 107
Trd, 4318393.543, 95
Trd, 4318394.193, 140
Trd, 4318394.643, 78
Trd, 4318394.743, 128
Trd, 4318396.343, 74
Trd, 4318397.593, 140
Trd, 4318397.693, 140
Trd, 4318398.293, 131
Trd, 4318399.043, 140
Trd, 4318399.443, 139
Trd, 4318399.543, 64
Trd, 4318399.943, 63
Trd, 4318401.743, 61
Trd, 4318402.343, 103
Trd, 4318402.693, 63
Trd, 4318403.593, 140
Trd, 4318403.793, 140
Trd, 4318404.293, 140
Trd, 4318404.693, 113
Trd, 4318404.943, 109
Trd, 4318405.393, 85
Trd, 4318405.843, 137
Trd, 4318406.143, 96
Trd, 4318407.493, 140
Trd, 4318407.543, 140
Trd, 4318407.793, 139
Trd, 4318408.243, 116
Trd, 4318409.693, 134
Trd, 4318410.593, 138
Trd, 4318410.893, 89
Trd, 4318412.593, 60
Trd, 4318412.643, 62
Trd, 4318413.193, 61
Trd, 4318415.993, 60
Trd, 4318416.543, 64
Trd, 4318416.793, 60
Trd, 4318416.843, 65
Trd, 4318418.243, 96
Trd, 4318419.443, 81
Trd, 4318420.643, 139
Trd, 4318420.743, 137
Trd, 4318421.043, 138
Trd, 4318421.743, 136
Trd, 4318422.943, 140
Trd, 4318423.043, 138
Trd, 4318423.443, 66
Trd, 4318423.993, 131
Trd, 4318424.393, 120
Trd, 4318425.193, 120
Trd, 4318426.493, 140
Trd, 4318426.543, 132
Trd, 4318426.843, 97
Trd, 4318427.293, 65
Trd, 4318427.943, 69
Trd, 4318428.993, 117
Trd, 4318429.243, 117
Trd, 4318430.193, 140
Trd, 4318430.943, 140
Trd, 4318431.143, 140
Trd, 4318431.393, 139
Trd, 4318432.393, 93
Trd, 4318432.693, 92
Trd, 4318432.793, 112
Trd, 4318434.043, 67
Trd, 4318434.843, 64
Trd, 4318435.243, 140
Trd, 4318435.493, 140
Trd, 4318435.643, 138
Trd, 4318437.143, 90
Trd, 4318438.193, 84
Trd, 4318438.293, 84
Trd, 4318439.043, 90
Trd, 4318439.943, 62
Trd, 4318440.143, 61
Trd, 4318441.543, 140
Trd, 4318441.943, 140
Trd, 4318442.143, 140
Trd, 4318442.243, 128
Trd, 4318443.593, 140
Trd, 4318444.143, 140
Trd, 4318445.043, 140
Trd, 4318445.093, 140
Trd, 4318445.193, 140
Trd, 4318445.293, 136
Trd, 4318445.643, 102
Trd, 4318446.743, 112
Trd, 4318447.393, 104
Trd, 4318447.843, 140
Trd, 4318448.393, 106
Trd, 4318448.893, 138
Trd, 4318449.643, 126
Trd, 4318451.143, 140
Trd, 4318452.143, 140
Trd, 4318452.743, 140
Trd, 4318452.793, 111
Trd, 4318454.293, 100
Trd, 4318454.393, 80
Trd, 4318455.193, 140
Trd, 4318455.243, 140
Trd, 4318455.893, 139
Trd, 4318456.293, 136
Trd, 4318456.543, 122
Trd, 4318456.593, 72
Trd, 4318457.943, 139
Trd, 4318458.193, 123
Trd, 4318458.693, 105
Trd, 4318458.743, 103
Trd, 4318460.893, 140
Trd, 4318461.543, 140
Trd, 4318462.193, 132
Trd, 4318462.643, 80
Trd, 4318462.893, 64
Trd, 4318463.343, 127
Trd, 4318464.843, 139
Trd, 4318464.993, 140
Trd, 4318465.793, 140
Trd, 4318465.893, 140
Trd, 4318466.343, 138
Trd, 4318467.193, 139
Trd, 4318467.593, 134
Trd, 4318468.093, 139
Trd, 4318468.993, 135
Trd, 4318469.693, 92
Trd, 4318470.743, 65
Trd, 4318472.243, 60
Trd, 4318472.393, 63
Trd, 4318472.493, 136
Trd, 4318473.393, 140
Trd, 4318473.693, 140
Trd, 4318474.243, 86
Trd, 4318475.593, 62
Trd, 4318476.093, 92
Trd, 4318477.043, 62
Trd, 4318477.343, 140
Trd, 4318480.243, 60
Trd, 4318480.393, 68
Trd, 4318480.543, 61
Trd, 4318481.143, 74
Trd, 4318481.193, 127
Trd, 4318481.243, 62
Trd, 4318482.493, 94
Trd, 4318482.993, 89
Trd, 4318483.243, 98
Trd, 4318484.393, 62
Trd, 4318484.943, 66
Trd, 4318485.043, 71
Trd, 4318485.093, 63
Trd, 4318486.143, 139
Trd, 4318487.043, 128
Trd, 4318487.143, 123
Trd, 4318487.993, 62
Trd, 4318488.193, 62
Trd, 4318488.893, 66
Trd, 4318489.343, 140
Trd, 4318490.293, 76
Trd, 4318492.743, 140
Trd, 4318492.793, 138
Trd, 4318493.693, 140
Trd, 4318494.293, 138
Trd, 4318494.943, 129
Trd, 4318495.793, 140
Trd, 4318495.893, 138
Trd, 4318496.143, 125
Trd, 4318496.443, 78
Trd, 4318496.993, 140
Trd, 4318497.443, 139
Trd, 4318498.843, 68
Trd, 4318499.093, 86
Trd, 4318500.193, 63
Trd, 4318500.393, 64
Trd, 4318501.693, 140
Trd, 4318502.343, 138
Trd, 4318502.593, 140
Trd, 4318503.693, 128
Trd, 4318503.893, 119
Trd, 4318504.843, 68
Trd, 4318505.743, 139
Trd, 4318507.293, 61
Trd, 4318507.593, 138
Trd, 4318508.093, 137
Trd, 4318508.143, 109
Trd, 4318509.393, 115
Trd, 4318509.643, 79
Trd, 4318510.393, 140
Trd, 4318510.643, 65
Trd, 4318511.143, 116
Trd, 4318511.643, 130
Trd, 4318512.343, 92
Trd, 4318512.943, 64
Trd, 4318513.393, 63
Trd, 4318515.493, 74
Trd, 4318515.893, 92
Trd, 4318516.243, 71
Trd, 4318516.493, 85
Trd, 4318516.843, 140
Trd, 4318517.443, 131
Trd, 4318517.593, 70
Trd, 4318519.143, 140
Trd, 4318519.343, 140
Trd, 4318520.993, 68
Trd, 4318521.493, 73
Trd, 4318521.793, 118
Trd, 4318521.893, 98
Trd, 4318523.043, 140
Trd, 4318523.493, 138
Trd, 4318523.943, 139
Trd, 4318524.293, 138
Trd, 4318524.843, 139
Trd, 4318525.493, 140
Trd, 4318525.943, 140
Trd, 4318526.243, 140
Trd, 4318526.743, 132
Trd, 4318527.143, 130
Trd, 4318527.793, 130
Trd, 4318527.993, 62
Trd, 4318529.193, 68
Trd, 4318529.743, 89
Trd, 4318530.043, 83
Trd, 4318530.393, 96
Trd, 4318530.893, 121
Trd, 4318531.693, 108
Trd, 4318532.343, 107
Trd, 4318532.793, 65
Trd, 4318533.243, 96
Trd, 4318534.143, 75
Trd, 4318534.693, 127
Trd, 4318535.493, 140
Trd, 4318537.493, 107
Trd, 4318538.493, 126
Trd, 4318538.543, 124
Trd, 4318538.993, 139
Trd, 4318539.443, 136
Trd, 4318539.593, 105
Trd, 4318540.043, 116
Trd, 4318540.143, 109
Trd, 4318540.543, 101
Trd, 4318541.843, 80
Trd, 4318542.743, 77
Trd, 4318544.443, 61
Trd, 4318544.743, 66
Trd, 4318545.743, 70
Trd, 4318546.193, 62
Trd, 4318546.493, 93
Trd, 4318547.393, 139
Trd, 4318548.093, 100
Trd, 4318549.393, 110
Trd, 4318549.643, 98
Trd, 4318549.743, 123
Trd, 4318551.293, 66
Trd, 4318551.643, 64
Trd, 4318552.593, 140
Trd, 4318552.993, 140
Trd, 4318553.143, 113
Trd, 4318555.793, 140
Trd, 4318555.893, 140
Trd, 4318556.043, 122
Trd, 4318556.893, 139
Trd, 4318557.693, 78
Trd, 4318557.843, 75
Trd, 4318558.793, 140
Trd, 4318559.143, 121
Trd, 4318559.343, 76
Trd, 4318559.743, 93
Trd, 4318559.843, 65
Trd, 4318560.793, 139
Trd, 4318561.343, 62
Trd, 4318561.843, 127
Trd, 4318562.743, 60
Trd, 4318563.143, 61
Trd, 4318564.593, 139
Trd, 4318564.693, 138
Trd, 4318564.843, 140
Trd, 4318565.843, 129
Trd, 4318566.293, 114
Trd, 4318567.793, 138
Trd, 4318568.143, 104
Trd, 4318568.743, 71
Trd, 4318569.293, 140
Trd, 4318569.993, 138
Trd, 4318570.543, 140
Trd, 4318570.843, 138
Trd, 4318571.543, 135
Trd, 4318571.743, 135
Trd, 4318572.743, 60
Trd, 4318572.943, 64
Trd, 4318574.393, 100
Trd, 4318575.193, 93
Trd, 4318575.243, 92
Trd, 4318576.243, 60
Trd, 4318576.643, 60
Trd, 4318578.143, 79
Trd, 4318578.293, 114
Trd, 4318578.943, 61
Trd, 4318579.243, 91
Trd, 4318579.393, 75
Trd, 4318579.743, 90
Trd, 4318580.143, 139
Trd, 4318581.443, 69
Trd, 4318581.643, 101
Trd, 4318581.893, 115
Trd, 4318582.693, 140
Trd, 4318583.143, 140
Trd, 4318583.543, 136
Trd, 4318584.043, 118
Trd, 4318584.143, 68
Trd, 4318585.743, 61
Trd, 4318586.343, 65
Trd, 4318586.943, 70
Trd, 4318586.993, 75
Trd, 4318587.693, 134
Trd, 4318588.393, 61
Trd, 4318590.293, 140
Trd, 4318591.093, 125
Trd, 4318591.343, 99
Trd, 4318592.043, 75
Trd, 4318592.243, 140
Trd, 4318592.743, 62
Trd, 4318593.993, 63
Trd, 4318594.293, 66
Trd, 4318595.193, 61
Trd, 4318595.493, 60
Trd, 4318596.343, 61
Trd, 4318596.393, 64
Trd, 4318596.993, 107
Trd, 4318598.093, 61
Trd, 4318598.893, 60
Trd, 4318599.043, 60
Trd, 4318599.593, 61
Trd, 4318600.293, 140
Trd, 4318600.543, 131
Trd, 4318601.593, 60
Trd, 4318601.943, 92
Trd, 4318602.193, 61
Trd, 4318604.243, 140
Trd, 4318605.143, 139
Trd, 4318605.343, 140
Trd, 4318606.243, 140
Trd, 4318606.543, 140
Trd, 4318606.793, 140
Trd, 4318607.893, 112
Trd, 4318607.993, 86
Trd, 4318608.643, 88
Trd, 4318609.193, 135
Trd, 4318610.843, 61
Trd, 4318611.493, 60
Trd, 4318611.693, 63
Trd, 4318612.593, 87
Trd, 4318612.793, 139
Trd, 4318614.543, 140
Trd, 4318615.143, 140
Trd, 4318615.493, 138
Trd, 4318616.143, 133
Trd, 4318616.293, 88
Trd, 4318616.843, 107
Trd, 4318616.893, 84
Trd, 4318617.293, 70
Trd, 4318617.943, 135
Trd, 4318618.293, 118
Trd, 4318619.593, 96
Trd, 4318620.143, 81
Trd, 4318620.343, 95
Trd, 4318621.743, 60
Trd, 4318621.793, 64
Trd, 4318622.243, 63
Trd, 4318623.243, 125
Trd, 4318623.543, 60
Trd, 4318624.543, 60
Trd, 4318624.793, 62
Trd, 4318626.093, 71
Trd, 4318626.243, 84
Trd, 4318626.743, 140
Trd, 4318627.893, 139
Trd, 4318628.193, 121
Trd, 4318628.443, 79
Trd, 4318628.993, 112
Trd, 4318629.243, 94
Trd, 4318629.643, 93
Trd, 4318630.343, 60
Trd, 4318630.693, 137
Trd, 4318631.893, 140
Trd, 4318632.543, 139
Trd, 4318632.693, 134
Trd, 4318632.943, 92
Trd, 4318633.743, 71
Trd, 4318634.693, 140
Trd, 4318634.843, 139
Trd, 4318635.643, 115
Trd, 4318636.093, 62
Trd, 4318637.493, 64
Trd, 4318637.993, 62
Trd, 4318638.543, 60
Trd, 4318638.643, 94
Trd, 4318639.193, 63
Trd, 4318640.043, 77
Trd, 4318640.393, 73
Trd, 4318640.743, 66
Trd, 4318641.543, 62
Trd, 4318641.843, 73
Trd, 4318641.943, 125
Trd, 4318643.793, 62
Trd, 4318644.343, 63
Trd, 4318645.293, 63
Trd, 4318645.643, 63
Trd, 4318646.443, 67
Trd, 4318646.893, 68
Trd, 4318647.293, 71
Trd, 4318647.943, 63
Trd, 4318648.093, 69
Trd, 4318649.293, 66
Trd, 4318649.893, 84
Trd, 4318650.443, 65
Trd, 4318651.693, 139
Trd, 4318651.743, 138
Trd, 4318651.893, 119
Trd, 4318652.243, 63
Trd, 4318654.443, 60
Trd, 4318655.543, 66
Trd, 4318657.043, 61
Trd, 4318657.543, 140
Trd, 4318657.593, 139
Trd, 4318657.993, 139
Trd, 4318658.393, 118
Trd, 4318658.593, 66
Trd, 4318658.793, 62
Trd, 4318659.393, 76
Trd, 4318660.543, 64
Trd, 4318661.143, 63
Trd, 4318662.643, 63
Trd, 4318662.743, 65
Trd, 4318665.893, 60
Trd, 4318666.243, 60
Trd, 4318666.343, 68
Trd, 4318668.143, 63
Trd, 4318668.593, 63
Trd, 4318669.143, 130
Trd, 4318670.193, 63
Trd, 4318670.893, 61
Trd, 4318671.343, 62
Trd, 4318671.793, 64
Trd, 4318673.493, 61
Trd, 4318673.743, 101
Trd, 4318674.993, 140
Trd, 4318675.243, 140
Trd, 4318675.443, 61
Trd, 4318676.293, 60
Trd, 4318676.443, 100
Trd, 4318677.393, 60
Trd, 4318677.643, 62
Trd, 4318678.943, 80
Trd, 4318680.943, 66
Trd, 4318681.043, 70
Trd, 4318681.443, 104
Trd, 4318682.543, 62
Trd, 4318683.093, 114
Trd, 4318683.443, 61
Trd, 4318683.543, 116
Trd, 4318683.893, 75
Trd, 4318685.093, 60
Trd, 4318687.093, 73
Trd, 4318687.293, 81
Trd, 4318687.443, 80
Trd, 4318688.943, 81
Trd, 4318688.993, 92
Trd, 4318690.593, 60
Trd, 4318690.743, 60
Trd, 4318690.943, 61
Trd, 4318691.893, 60
Trd, 4318692.543, 63
Trd, 4318692.793, 70
Trd, 4318693.293, 61
Trd, 4318694.143, 61
Trd, 4318694.443, 89
Trd, 4318695.393, 106
Trd, 4318696.943, 140
Trd, 4318697.093, 124
Trd, 4318697.243, 72
Trd, 4318698.943, 63
Trd, 4318699.593, 61
Trd, 4318700.693, 75
Trd, 4318701.243, 86
Trd, 4318702.943, 63
Trd, 4318703.043, 69
Trd, 4318704.043, 139
Trd, 4318704.893, 62
Trd, 4318706.143, 130
Trd, 4318706.943, 97
Trd, 4318707.243, 90
Trd, 4318707.943, 140
Trd, 4318708.093, 140
Trd, 4318708.843, 139
Trd, 4318709.193, 115
Trd, 4318709.793, 140
Trd, 4318710.393, 139
Trd, 4318711.243, 112
Trd, 4318712.493, 109
Trd, 4318712.593, 108
Trd, 4318713.143, 119
Trd, 4318713.893, 140
Trd, 4318714.543, 139
Trd, 4318715.443, 140
Trd, 4318715.843, 139
Trd, 4318716.343, 127
Trd, 4318716.993, 126
Trd, 4318717.393, 114
Trd, 4318718.243, 139
Trd, 4318718.493, 140
Trd, 4318719.393, 140
Trd, 4318719.643, 102
Trd, 4318720.393, 108
Trd, 4318721.143, 134
Trd, 4318721.693, 112
Trd, 4318721.793, 110
Trd, 4318723.743, 140
Trd, 4318723.993, 116
Trd, 4318724.093, 115
Trd, 4318724.843, 105
Trd, 4318724.993, 119
Trd, 4318726.043, 140
Trd, 4318726.443, 140
Trd, 4318726.893, 139
Trd, 4318727.643, 69
Trd, 4318728.193, 109
Trd, 4318728.993, 135
Trd, 4318730.393, 60
Trd, 4318730.793, 64
Trd, 4318732.043, 140
Trd, 4318732.393, 137
Trd, 4318733.093, 111
Trd, 4318733.393, 102
Trd, 4318733.793, 138
Trd, 4318734.093, 137
Trd, 4318734.943, 140
Trd, 4318735.043, 140
Trd, 4318735.493, 80
Trd, 4318738.143, 60
Trd, 4318738.643, 61
Trd, 4318738.893, 65
Trd, 4318739.743, 66
Trd, 4318740.843, 71
Trd, 4318741.093, 64
Trd, 4318741.793, 64
Trd, 4318742.143, 65
Trd, 4318742.743, 119
Trd, 4318743.343, 108
Trd, 4318743.893, 107
Trd, 4318744.643, 61
Trd, 4318745.393, 73
Trd, 4318745.493, 116
Trd, 4318745.693, 103
Trd, 4318745.943, 115
Trd, 4318746.143, 132
Trd, 4318747.243, 82
Trd, 4318748.493, 84
Trd, 4318748.843, 110
Trd, 4318750.043, 103
Trd, 4318750.693, 117
Trd, 4318751.093, 95
Trd, 4318751.243, 68
Trd, 4318751.593, 67
Trd, 4318751.993, 140
Trd, 4318752.343, 140
Trd, 4318752.493, 124
Trd, 4318753.243, 135
Trd, 4318753.593, 137
Trd, 4318754.693, 140
Trd, 4318754.793, 72
Trd, 4318755.343, 101
Trd, 4318755.643, 61
Trd, 4318756.693, 140
Trd, 4318757.943, 86
Trd, 4318758.343, 84
Trd, 4318759.543, 60
Trd, 4318760.193, 65
Trd, 4318760.693, 62
Trd, 4318761.543, 60
Trd, 4318761.693, 78
Trd, 4318762.393, 75
Trd, 4318762.943, 60
Trd, 4318764.143, 88
Trd, 4318765.343, 128
Trd, 4318765.443, 115
Trd, 4318765.593, 98
Trd, 4318766.743, 140
Trd, 4318766.843, 139
Trd, 4318767.193, 112
Trd, 4318768.293, 138
Trd, 4318768.843, 139
Trd, 4318769.443, 74
Trd, 4318770.243, 64
Trd, 4318770.743, 70
Trd, 4318771.143, 101
Trd, 4318771.543, 102
Trd, 4318773.343, 140
Trd, 4318773.393, 67
Trd, 4318774.443, 136
Trd, 4318775.243, 75
Trd, 4318776.193, 79
Trd, 4318776.293, 104
Trd, 4318776.443, 116
Trd, 4318777.043, 109
Trd, 4318777.343, 66
Trd, 4318778.093, 62
Trd, 4318778.243, 87
Trd, 4318778.893, 140
Trd, 4318779.843, 64
Trd, 4318780.243, 82
Trd, 4318780.443, 78
Trd, 4318781.643, 140
Trd, 4318781.693, 140
Trd, 4318781.743, 74
Trd, 4318783.343, 60
Trd, 4318783.843, 65
Trd, 4318785.443, 134
Trd, 4318785.793, 134
Trd, 4318786.693, 140
Trd, 4318787.043, 139
Trd, 4318787.393, 78
Trd, 4318787.993, 140
Trd, 4318788.593, 139
Trd, 4318788.643, 109
Trd, 4318789.643, 123
Trd, 4318789.843, 83
Trd, 4318790.243, 102
Trd, 4318790.843, 140
Trd, 4318792.043, 139
Trd, 4318792.493, 92
Trd, 4318793.593, 109
Trd, 4318793.693, 101
Trd, 4318794.043, 88
Trd, 4318794.493, 140
Trd, 4318795.143, 62
Trd, 4318795.343, 90
Trd, 4318796.793, 139
Trd, 4318797.193, 114
Trd, 4318798.593, 120
Trd, 4318798.793, 114
Trd, 4318798.893, 108
Trd, 4318800.293, 138
Trd, 4318800.343, 137
Trd, 4318800.643, 115
Trd, 4318801.093, 126
Trd, 4318801.243, 102
Trd, 4318801.393, 74
Trd, 4318802.543, 136
Trd, 4318803.143, 115
Trd, 4318803.643, 138
Trd, 4318804.793, 79
Trd, 4318805.843, 64
Trd, 4318805.943, 102
Trd, 4318806.343, 61
Trd, 4318806.643, 114
Trd, 4318807.743, 66
Trd, 4318808.443, 61
Trd, 4318808.743, 61
Trd, 4318810.193, 91
Trd, 4318811.343, 61
Trd, 4318811.643, 64
Trd, 4318812.393, 61
Trd, 4318812.743, 63
Trd, 4318813.543, 73
Trd, 4318813.843, 60
Trd, 4318815.293, 140
Trd, 4318815.543, 118
Trd, 4318815.943, 140
Trd, 4318816.493, 103
Trd, 4318816.893, 140
Trd, 4318817.293, 119
Trd, 4318817.743, 111
Trd, 4318817.943, 109
Trd, 4318819.193, 60
Trd, 4318819.643, 67
Trd, 4318820.393, 74
Trd, 4318821.243, 102
Trd, 4318821.643, 140
Trd, 4318821.993, 139
Trd, 4318822.293, 140
Trd, 4318823.993, 140
Trd, 4318824.293, 140
Trd, 4318824.493, 140
Trd, 4318825.243, 115
Trd, 4318826.043, 138
Trd, 4318826.493, 63
Trd, 4318827.093, 133
Trd, 4318827.193, 105
Trd, 4318827.993, 64
Trd, 4318828.993, 61
Trd, 4318829.843, 67
Trd, 4318830.293, 113
Trd, 4318830.393, 65
Trd, 4318831.793, 140
Trd, 4318832.243, 140
Trd, 4318832.793, 138
Trd, 4318833.343, 116
Trd, 4318833.843, 98
Trd, 4318835.193, 120
Trd, 4318836.143, 140
Trd, 4318836.743, 140
Trd, 4318836.843, 116
Trd, 4318837.443, 97
Trd, 4318837.593, 133
Trd, 4318837.993, 92
Trd, 4318839.393, 62
Trd, 4318840.693, 98
Trd, 4318841.143, 70
Trd, 4318841.343, 69
Trd, 4318841.993, 138
Trd, 4318842.243, 137
Trd, 4318842.293, 110
Trd, 4318842.943, 94
Trd, 4318843.093, 107
Trd, 4318843.193, 121
Trd, 4318843.443, 140
Trd, 4318844.693, 126
Trd, 4318845.793, 140
Trd, 4318846.743, 140
Trd, 4318847.643, 140
Trd, 4318849.043, 140
Trd, 4318849.143, 140
Trd, 4318849.243, 140
Trd, 4318849.393, 133
Trd, 4318849.543, 118
Trd, 4318850.593, 140
Trd, 4318850.643, 138
Trd, 4318851.893, 134
Trd, 4318852.793, 138
Trd, 4318853.793, 139
Trd, 4318855.143, 140
Trd, 4318855.343, 140
Trd, 4318855.843, 138
Trd, 4318856.393, 134
Trd, 4318856.793, 87
Trd, 4318857.793, 139
Trd, 4318858.093, 119
Trd, 4318858.293, 129
Trd, 4318859.893, 140
Trd, 4318860.093, 136
Trd, 4318860.543, 63
Trd, 4318861.393, 60
Trd, 4318862.343, 96
Trd, 4318862.543, 101
Trd, 4318863.543, 60
Trd, 4318864.343, 61
Trd, 4318864.793, 73
Trd, 4318865.993, 62
Trd, 4318867.193, 61
Trd, 4318867.393, 64
Trd, 4318868.543, 68
Trd, 4318869.043, 85
Trd, 4318869.393, 69
Trd, 4318869.543, 112
Trd, 4318869.793, 90
Trd, 4318870.493, 78
Trd, 4318871.543, 61
Trd, 4318871.843, 60
Trd, 4318871.893, 62
Trd, 4318873.493, 115
Trd, 4318873.843, 92
Trd, 4318874.593, 61
Trd, 4318875.393, 94
Trd, 4318875.943, 113
Trd, 4318876.143, 102
Trd, 4318876.243, 73
Trd, 4318876.993, 139
Trd, 4318877.243, 139
Trd, 4318877.593, 118
Trd, 4318879.193, 111
Trd, 4318879.293, 69
Trd, 4318880.193, 68
Trd, 4318880.643, 137
Trd, 4318881.593, 132
Trd, 4318882.243, 139
Trd, 4318883.043, 112
Trd, 4318883.693, 106
Trd, 4318884.093, 140
Trd, 4318884.193, 100
Trd, 4318884.893, 115
Trd, 4318885.043, 99
Trd, 4318885.443, 75
Trd, 4318886.543, 60
Trd, 4318887.793, 61
Trd, 4318887.993, 67
Trd, 4318888.643, 91
Trd, 4318889.593, 61
Trd, 4318891.043, 78
Trd, 4318891.293, 63
Trd, 4318891.693, 96
Trd, 4318892.743, 64
Trd, 4318893.593, 61
Trd, 4318893.793, 66
Trd, 4318894.543, 62
Trd, 4318894.743, 63
Trd, 4318895.793, 75
Trd, 4318896.493, 139
Trd, 4318897.093, 127
Trd, 4318897.543, 140
Trd, 4318897.793, 140
Trd, 4318897.943, 132
Trd, 4318898.793, 137
Trd, 4318898.943, 100
Trd, 4318899.293, 140
Trd, 4318899.693, 102
Trd, 4318900.243, 139
Trd, 4318900.493, 137
Trd, 4318901.743, 140
Trd, 4318901.893, 139
Trd, 4318902.943, 120
Trd, 4318903.793, 115
Trd, 4318903.843, 114
Trd, 4318904.043, 82
Trd, 4318905.343, 139
Trd, 4318906.043, 130
Trd, 4318907.693, 139
Trd, 4318908.343, 130
Trd, 4318908.793, 127
Trd, 4318909.243, 138
Trd, 4318910.143, 139
Trd, 4318910.693, 118
Trd, 4318911.143, 92
Trd, 4318912.093, 88
Trd, 4318913.293, 140
Trd, 4318913.893, 140
Trd, 4318913.943, 113
Trd, 4318915.493, 138
Trd, 4318916.143, 136
Trd, 4318916.293, 133
Trd, 4318916.843, 131
Trd, 4318917.993, 140
Trd, 4318919.293, 140
Trd, 4318919.843, 140
Trd, 4318919.893, 135
Trd, 4318919.993, 102
Trd, 4318920.693, 95
Trd, 4318920.943, 86
Trd, 4318921.743, 60
Trd, 4318922.143, 65
Trd, 4318922.343, 101
Trd, 4318923.243, 68
Trd, 4318923.893, 140
Trd, 4318924.743, 140
Trd, 4318925.743, 140
Trd, 4318925.793, 138
Trd, 4318926.093, 125
Trd, 4318927.043, 131
Trd, 4318927.643, 139
Trd, 4318928.193, 77
Trd, 4318928.293, 72
Trd, 4318928.543, 70
Trd, 4318930.293, 140
Trd, 4318930.543, 140
Trd, 4318931.093, 135
Trd, 4318932.793, 140
Trd, 4318933.043, 139
Trd, 4318933.393, 138
Trd, 4318933.693, 110
Trd, 4318934.143, 140
Trd, 4318934.593, 140
Trd, 4318934.793, 104
Trd, 4318936.943, 134
Trd, 4318937.043, 120
Trd, 4318937.893, 120
Trd, 4318939.143, 60
Trd, 4318939.293, 76
Trd, 4318939.693, 105
Trd, 4318939.993, 96
Trd, 4318940.443, 68
Trd, 4318940.543, 67
Trd, 4318940.743, 60
Trd, 4318941.793, 90
Trd, 4318943.643, 138
Trd, 4318944.093, 120
Trd, 4318944.893, 61
Trd, 4318945.393, 60
Trd, 4318945.593, 68
Trd, 4318946.693, 83
Trd, 4318946.893, 113
Trd, 4318947.543, 61
Trd, 4318947.643, 66
Trd, 4318949.293, 61
Trd, 4318950.293, 140
Trd, 4318950.543, 65
Trd, 4318950.793, 72
Trd, 4318951.343, 61
Trd, 4318951.943, 140
Trd, 4318952.843, 140
Trd, 4318953.143, 140
Trd, 4318953.993, 62
Trd, 4318954.743, 61
Trd, 4318955.093, 60
Trd, 4318955.393, 69
Trd, 4318957.493, 140
Trd, 4318957.643, 139
Trd, 4318958.493, 136
Trd, 4318959.293, 140
Trd, 4318959.493, 140
Trd, 4318959.593, 140
Trd, 4318960.693, 137
Trd, 4318961.343, 106
Trd, 4318962.193, 140
Trd, 4318963.093, 140
Trd, 4318963.543, 112
Trd, 4318964.243, 104
Trd, 4318965.093, 86
Trd, 4318965.343, 84
Trd, 4318965.543, 112
Trd, 4318965.843, 125
Trd, 4318966.093, 124
Trd, 4318967.093, 117
Trd, 4318968.243, 140
Trd, 4318969.843, 140
Trd, 4318970.543, 140
Trd, 4318970.993, 139
Trd, 4318971.193, 137
Trd, 4318971.693, 122
Trd, 4318972.093, 63
Trd, 4318973.593, 77
Trd, 4318973.943, 69
Trd, 4318974.893, 139
Trd, 4318975.343, 139
Trd, 4318975.843, 140
Trd, 4318976.743, 138
Trd, 4318977.543, 139
Trd, 4318978.243, 139
Trd, 4318979.143, 140
Trd, 4318979.343, 140
Trd, 4318979.943, 95
Trd, 4318980.293, 70
Trd, 4318980.543, 65
Trd, 4318980.693, 112
Trd, 4318981.193, 61
Trd, 4318982.093, 84
Trd, 4318983.993, 66
Trd, 4318984.693, 72
Trd, 4318984.943, 77
Trd, 4318984.993, 87
Trd, 4318985.293, 67
Trd, 4318985.643, 67
Trd, 4318986.093, 126
Trd, 4318986.843, 137
Trd, 4318987.943, 104
Trd, 4318988.743, 140
Trd, 4318989.593, 140
Trd, 4318989.993, 140
Trd, 4318990.043, 139
Trd, 4318991.493, 61
Trd, 4318992.093, 140
Trd, 4318992.443, 93
Trd, 4318993.493, 140
Trd, 4318994.093, 140
Trd, 4318994.743, 139
Trd, 4318994.943, 80
Trd, 4318995.993, 139
Trd, 4318996.693, 140
Trd, 4318996.743, 133
Trd, 4318996.843, 117
Trd, 4318997.493, 140
Trd, 4318998.243, 117
Trd, 4318998.643, 62
Trd, 4318999.843, 61
Trd, 4319001.443, 69
Trd, 4319001.543, 73
Trd, 4319001.943, 68
Trd, 4319003.143, 140
Trd, 4319003.943, 123
Trd, 4319004.193, 101
Trd, 4319005.793, 64
Trd, 4319006.593, 94
Trd, 4319006.843, 85
Trd, 4319006.943, 136
Trd, 4319008.093, 139
Trd, 4319008.993, 140
Trd, 4319009.243, 99
Trd, 4319009.943, 140
Trd, 4319010.043, 140
Trd, 4319010.493, 135
Trd, 4319013.093, 111
Trd, 4319013.193, 86
Trd, 4319013.243, 66
Trd, 4319014.693, 62
Trd, 4319015.793, 87
Trd, 4319016.743, 140
Trd, 4319017.993, 140
Trd, 4319018.043, 140
Trd, 4319018.743, 140
Trd, 4319019.143, 139
Trd, 4319019.293, 138
Trd, 4319020.093, 139
Trd, 4319020.793, 140
Trd, 4319021.093, 134
Trd, 4319021.243, 125
Trd, 4319022.593, 124
Trd, 4319022.743, 117
Trd, 4319023.643, 78
Trd, 4319024.793, 140
Trd, 4319025.093, 134
Trd, 4319025.143, 132
Trd, 4319025.443, 136
Trd, 4319026.093, 131
Trd, 4319026.443, 109
Trd, 4319027.443, 140
Trd, 4319027.893, 60
Trd, 4319028.593, 60
Trd, 4319029.343, 63
Trd, 4319030.043, 60
Trd, 4319031.093, 135
Trd, 4319031.293, 81
Trd, 4319031.843, 60
Trd, 4319032.693, 64
Trd, 4319033.393, 84
Trd, 4319035.043, 102
Trd, 4319035.443, 101
Trd, 4319035.543, 100
Trd, 4319035.593, 89
Trd, 4319035.943, 71
Trd, 4319036.543, 138
Trd, 4319037.143, 60
Trd, 4319037.493, 61
Trd, 4319038.043, 76
Trd, 4319039.193, 112
Trd, 4319040.193, 60
Trd, 4319040.643, 63
Trd, 4319041.193, 64
Trd, 4319042.843, 64
Trd, 4319043.443, 62
Trd, 4319043.643, 140
Trd, 4319043.943, 93
Trd, 4319044.843, 126
Trd, 4319045.193, 125
Trd, 4319045.643, 140
Trd, 4319045.793, 140
Trd, 4319046.143, 64
Trd, 4319048.443, 62
Trd, 4319048.843, 63
Trd, 4319049.543, 140
Trd, 4319050.293, 140
Trd, 4319050.343, 139
Trd, 4319051.493, 137
Trd, 4319051.793, 116
Trd, 4319051.943, 91
Trd, 4319052.043, 139
Trd, 4319052.193, 87
Trd, 4319052.743, 137
Trd, 4319053.793, 76
Trd, 4319055.043, 121
Trd, 4319055.293, 105
Trd, 4319055.943, 131
Trd, 4319056.193, 139
Trd, 4319057.143, 96
Trd, 4319057.243, 95
Trd, 4319058.693, 61
Trd, 4319059.843, 116
Trd, 4319060.393, 67
Trd, 4319061.243, 63
Trd, 4319061.693, 61
Trd, 4319061.743, 70
Trd, 4319062.093, 66
Trd, 4319062.943, 130
Trd, 4319063.843, 86
Trd, 4319064.393, 65
Trd, 4319065.543, 62
Trd, 4319066.893, 65
Trd, 4319066.943, 75
Trd, 4319067.593, 107
Trd, 4319068.493, 67
Trd, 4319069.293, 69
Trd, 4319069.593, 101
Trd, 4319070.093, 140
Trd, 4319071.193, 139
Trd, 4319072.143, 97
Trd, 4319073.493, 66
Trd, 4319073.993, 61
Trd, 4319074.393, 62
Trd, 4319075.443, 122
Trd, 4319075.693, 79
Trd, 4319076.193, 140
Trd, 4319076.593, 140
Trd, 4319076.943, 140
Trd, 4319077.393, 66
Trd, 4319077.943, 108
Trd, 4319078.243, 140
Trd, 4319079.943, 140
Trd, 4319079.993, 139
Trd, 4319080.543, 98
Trd, 4319080.793, 94
Trd, 4319081.093, 101
Trd, 4319081.243, 116
Trd, 4319081.393, 79
Trd, 4319082.293, 60
Trd, 4319084.093, 62
Trd, 4319086.043, 63
Trd, 4319087.443, 61
Trd, 4319087.593, 64
Trd, 4319087.743, 69
Trd, 4319088.293, 84
Trd, 4319088.643, 130
Trd, 4319089.493, 61
Trd, 4319090.143, 62
Trd, 4319090.343, 79
Trd, 4319090.693, 132
Trd, 4319091.243, 139
Trd, 4319092.693, 138
Trd, 4319092.893, 131
Trd, 4319093.843, 140
Trd, 4319093.943, 124
Trd, 4319094.143, 122
Trd, 4319094.293, 94
Trd, 4319095.143, 60
Trd, 4319095.743, 70
Trd, 4319097.393, 63
Trd, 4319097.793, 66
Trd, 4319098.943, 62
Trd, 4319099.243, 71
Trd, 4319099.843, 67
Trd, 4319100.193, 60
Trd, 4319100.893, 78
Trd, 4319100.993, 96
Trd, 4319101.243, 65
Trd, 4319102.193, 67
Trd, 4319103.193, 65
Trd, 4319103.843, 94
Trd, 4319104.993, 140
Trd, 4319105.943, 140
Trd, 4319106.093, 140
Trd, 4319106.493, 104
Trd, 4319107.093, 103
Trd, 4319107.743, 115
Trd, 4319108.043, 60
Trd, 4319108.143, 63
Trd, 4319108.543, 70
Trd, 4319109.943, 104
Trd, 4319111.543, 140
Trd, 4319111.693, 140
Trd, 4319111.993, 138
Trd, 4319112.093, 85
Trd, 4319113.243, 84
Trd, 4319114.793, 65
Trd, 4319115.193, 69
Trd, 4319116.143, 97
Trd, 4319116.343, 83
Trd, 4319117.243, 61
Trd, 4319117.843, 60
Trd, 4319118.343, 60
Trd, 4319118.943, 61
Trd, 4319119.793, 63
Trd, 4319120.293, 62
Trd, 4319121.043, 60
Trd, 4319121.493, 82
Trd, 4319121.743, 110
Trd, 4319122.793, 63
Trd, 4319122.993, 75
Trd, 4319124.093, 139
Trd, 4319124.943, 140
Trd, 4319125.443, 140
Trd, 4319125.493, 77
Trd, 4319126.393, 138
Trd, 4319126.443, 132
Trd, 4319127.443, 85
Trd, 4319128.143, 70
Trd, 4319128.743, 110
Trd, 4319128.893, 86
Trd, 4319129.543, 72
Trd, 4319130.293, 113
Trd, 4319130.643, 101
Trd, 4319131.143, 140
Trd, 4319131.593, 139
Trd, 4319133.243, 66
Trd, 4319133.693, 109
Trd, 4319135.043, 117
Trd, 4319135.893, 106
Trd, 4319136.293, 116
Trd, 4319137.043, 139
Trd, 4319137.743, 140
Trd, 4319137.843, 138
Trd, 4319137.893, 93
Trd, 4319138.793, 100
Trd, 4319139.493, 140
Trd, 4319139.743, 140
Trd, 4319141.243, 140
Trd, 4319141.943, 138
Trd, 4319142.143, 137
Trd, 4319142.793, 139
Trd, 4319142.893, 134
Trd, 4319143.493, 126
Trd, 4319143.793, 138
Trd, 4319143.893, 83
Trd, 4319144.243, 109
Trd, 4319144.743, 61
Trd, 4319145.393, 65
Trd, 4319146.093, 64
Trd, 4319146.343, 64
Trd, 4319147.343, 133
Trd, 4319147.993, 82
Trd, 4319149.493, 63
Trd, 4319149.893, 134
Trd, 4319150.643, 140
Trd, 4319151.243, 138
Trd, 4319152.093, 140
Trd, 4319152.443, 96
Trd, 4319152.543, 95
Trd, 4319153.043, 100
Trd, 4319153.543, 66
Trd, 4319154.643, 74
Trd, 4319154.793, 76
Trd, 4319156.243, 90
Trd, 4319156.743, 81
Trd, 4319157.593, 66
Trd, 4319158.093, 69
Trd, 4319158.243, 67
Trd, 4319159.293, 139
Trd, 4319160.243, 140
Trd, 4319161.143, 138
Trd, 4319161.343, 111
Trd, 4319162.193, 73
Trd, 4319162.743, 72
Trd, 4319163.043, 107
Trd, 4319164.293, 60
Trd, 4319164.643, 85
Trd, 4319166.543, 63
Trd, 4319166.643, 84
Trd, 4319166.893, 90
Trd, 4319167.843, 127
Trd, 4319167.893, 126
Trd, 4319169.593, 140
Trd, 4319169.643, 139
Trd, 4319169.743, 121
Trd, 4319170.643, 140
Trd, 4319171.193, 140
Trd, 4319172.143, 140
Trd, 4319172.293, 140
Trd, 4319172.443, 82
Trd, 4319172.743, 103
Trd, 4319173.793, 131
Trd, 4319174.043, 101
Trd, 4319174.543, 138
Trd, 4319175.193, 103
Trd, 4319175.543, 140
Trd, 4319176.093, 137
Trd, 4319176.893, 117
Trd, 4319177.793, 84
Trd, 4319178.443, 62
Trd, 4319179.143, 131
Trd, 4319179.243, 73
Trd, 4319181.243, 61
Trd, 4319181.343, 61
Trd, 4319182.343, 61
Trd, 4319182.943, 102
Trd, 4319184.143, 66
Trd, 4319184.543, 66
Trd, 4319185.093, 140
Trd, 4319185.543, 139
Trd, 4319186.493, 78
Trd, 4319186.893, 77
Trd, 4319188.443, 63
Trd, 4319189.243, 64
Trd, 4319189.593, 80
Trd, 4319190.243, 139
Trd, 4319190.543, 137
Trd, 4319190.743, 98
Trd, 4319192.543, 74
Trd, 4319193.393, 62
Trd, 4319193.793, 134
Trd, 4319194.043, 73
Trd, 4319194.293, 95
Trd, 4319195.893, 61
Trd, 4319195.993, 118
Trd, 4319196.493, 60
Trd, 4319196.793, 98
Trd, 4319197.943, 140
Trd, 4319198.343, 140
Trd, 4319198.543, 78
Trd, 4319199.643, 93
Trd, 4319199.843, 76
Trd, 4319200.093, 111
Trd, 4319201.693, 64
Trd, 4319203.043, 61
Trd, 4319203.793, 61
Trd, 4319204.193, 60
Trd, 4319204.543, 63
Trd, 4319204.793, 89
Trd, 4319205.843, 97
Trd, 4319206.543, 65
Trd, 4319208.093, 107
Trd, 4319208.393, 130
Trd, 4319208.493, 113
Trd, 4319209.093, 83
Trd, 4319209.293, 85
Trd, 4319210.093, 140
Trd, 4319210.593, 138
Trd, 4319211.993, 88
Trd, 4319212.293, 122
Trd, 4319212.843, 103
Trd, 4319212.943, 100
Trd, 4319214.393, 140
Trd, 4319214.793, 112
Trd, 4319215.893, 137
Trd, 4319215.943, 134
Trd, 4319216.043, 91
Trd, 4319217.193, 61
Trd, 4319217.993, 63
Trd, 4319218.043, 69
Trd, 4319218.943, 63
Trd, 4319220.143, 123
Trd, 4319220.393, 132
Trd, 4319220.693, 81
Trd, 4319221.743, 97
Trd, 4319222.343, 131
Trd, 4319222.793, 68
Trd, 4319223.193, 61
Trd, 4319224.743, 140
Trd, 4319225.243, 140
Trd, 4319225.643, 140
Trd, 4319225.693, 140
Trd, 4319226.943, 138
Trd, 4319227.943, 140
Trd, 4319228.643, 133
Trd, 4319229.043, 70
Trd, 4319231.593, 140
Trd, 4319232.243, 137
Trd, 4319232.293, 136
Trd, 4319232.543, 121
Trd, 4319233.093, 119
Trd, 4319233.693, 140
Trd, 4319235.043, 140
Trd, 4319235.293, 126
Trd, 4319235.393, 80
Trd, 4319235.843, 140
Trd, 4319237.143, 67
Trd, 4319237.593, 121
Trd, 4319238.993, 140
Trd, 4319239.393, 128
Trd, 4319240.343, 140
Trd, 4319241.193, 122
Trd, 4319241.543, 123
Trd, 4319242.043, 133
Trd, 4319242.193, 105
Trd, 4319242.493, 64
Trd, 4319243.343, 63
Trd, 4319243.943, 70
Trd, 4319244.493, 101
Trd, 4319244.543, 83
Trd, 4319244.793, 110
Trd, 4319246.293, 66
Trd, 4319246.543, 76
Trd, 4319247.093, 66
Trd, 4319247.543, 75
Trd, 4319248.193, 136
Trd, 4319248.593, 140
Trd, 4319249.543, 140
Trd, 4319249.743, 140
Trd, 4319250.843, 140
Trd, 4319251.493, 117
Trd, 4319251.843, 72
Trd, 4319253.343, 60
Trd, 4319254.193, 100
Trd, 4319254.393, 140
Trd, 4319254.693, 135
Trd, 4319255.343, 101
Trd, 4319255.643, 91
Trd, 4319256.443, 67
Trd, 4319257.343, 73
Trd, 4319257.593, 71
Trd, 4319258.093, 62
Trd, 4319259.043, 65
Trd, 4319259.193, 92
Trd, 4319259.593, 64
Trd, 4319262.493, 78
Trd, 4319262.543, 84
Trd, 4319262.893, 68
Trd, 4319263.493, 93
Trd, 4319264.343, 93
Trd, 4319264.593, 106
Trd, 4319264.793, 140
Trd, 4319265.243, 82
Trd, 4319267.343, 63
Trd, 4319267.693, 69
Trd, 4319268.543, 65
Trd, 4319269.843, 81
Trd, 4319270.493, 68
Trd, 4319271.143, 91
Trd, 4319271.343, 60
Trd, 4319272.243, 111
Trd, 4319272.393, 75
Trd, 4319274.243, 61
Trd, 4319274.543, 60
Trd, 4319275.143, 61
Trd, 4319275.243, 64
Trd, 4319275.893, 70
Trd, 4319276.293, 71
Trd, 4319277.743, 66
Trd, 4319278.293, 60
Trd, 4319278.843, 64
Trd, 4319279.343, 60
Trd, 4319280.843, 60
Trd, 4319282.193, 62
Trd, 4319282.493, 69
Trd, 4319282.843, 138
Trd, 4319283.393, 76
Trd, 4319284.693, 103
Trd, 4319284.993, 83
Trd, 4319285.543, 140
Trd, 4319286.193, 95
Trd, 4319286.493, 91
Trd, 4319286.693, 87
Trd, 4319286.893, 114
Trd, 4319286.943, 82
Trd, 4319287.393, 140
Trd, 4319287.443, 136
Trd, 4319287.993, 138
Trd, 4319288.043, 70
Trd, 4319289.343, 65
Trd, 4319290.793, 139
Trd, 4319291.443, 102
Trd, 4319291.743, 60
Trd, 4319291.943, 130
Trd, 4319292.493, 107
Trd, 4319292.843, 139
Trd, 4319293.393, 138
Trd, 4319293.643, 140
Trd, 4319294.343, 67
Trd, 4319295.193, 136
Trd, 4319296.193, 121
Trd, 4319297.143, 140
Trd, 4319297.243, 138
Trd, 4319297.693, 90
Trd, 4319297.943, 84
Trd, 4319298.643, 140
Trd, 4319299.493, 140
Trd, 4319299.843, 140
Trd, 4319300.043, 140
Trd, 4319300.093, 139
Trd, 4319300.843, 68
Trd, 4319301.743, 106
Trd, 4319302.743, 87
Trd, 4319303.693, 118
Trd, 4319304.693, 66
Trd, 4319305.343, 80
Trd, 4319305.993, 115
Trd, 4319306.043, 66
Trd, 4319306.693, 88
Trd, 4319306.993, 67
Trd, 4319307.143, 104
Trd, 4319308.443, 140
Trd, 4319309.543, 140
Trd, 4319309.893, 140
Trd, 4319310.043, 140
Trd, 4319312.543, 139
Trd, 4319313.093, 137
Trd, 4319313.543, 76
Trd, 4319314.493, 129
Trd, 4319315.793, 140
Trd, 4319316.393, 140
Trd, 4319316.943, 140
Trd, 4319317.643, 137
Trd, 4319318.093, 133
Trd, 4319318.693, 120
Trd, 4319319.143, 133
Trd, 4319319.243, 82
Trd, 4319319.893, 70
Trd, 4319320.743, 140
Trd, 4319320.843, 137
Trd, 4319322.343, 140
Trd, 4319322.393, 140
Trd, 4319322.793, 137
Trd, 4319323.693, 139
Trd, 4319324.343, 121
Trd, 4319324.543, 95
Trd, 4319325.593, 137
Trd, 4319325.643, 134
Trd, 4319325.893, 87
Trd, 4319325.993, 64
Trd, 4319327.093, 121
Trd, 4319327.743, 63
Trd, 4319328.293, 62
Trd, 4319330.243, 62
Trd, 4319330.543, 66
Trd, 4319331.193, 63
Trd, 4319331.843, 80
Trd, 4319331.943, 82
Trd, 4319334.243, 60
Trd, 4319334.893, 61
Trd, 4319335.443, 66
Trd, 4319335.493, 68
Trd, 4319335.943, 73
Trd, 4319337.243, 63
Trd, 4319337.293, 66
Trd, 4319337.343, 68
Trd, 4319338.043, 65
Trd, 4319339.293, 66
Trd, 4319339.343, 78
Trd, 4319341.643, 60
Trd, 4319341.893, 74
Trd, 4319342.043, 122
Trd, 4319342.643, 103
Trd, 4319343.343, 128
Trd, 4319343.443, 106
Trd, 4319343.593, 104
Trd, 4319345.443, 140
Trd, 4319346.243, 64
Trd, 4319346.643, 85
Trd, 4319346.793, 84
Trd, 4319347.443, 102
Trd, 4319348.343, 140
Trd, 4319348.843, 140
Trd, 4319348.993, 140
Trd, 4319349.443, 86
Trd, 4319349.843, 74
Trd, 4319350.743, 132
Trd, 4319351.943, 121
Trd, 4319352.343, 106
Trd, 4319352.843, 68
Trd, 4319353.093, 63
Trd, 4319353.793, 122
Trd, 4319354.293, 68
Trd, 4319355.443, 81
Trd, 4319355.593, 102
Trd, 4319355.893, 86
Trd, 4319356.693, 124
Trd, 4319357.043, 139
Trd, 4319357.343, 125
Trd, 4319358.143, 88
Trd, 4319359.543, 140
Trd, 4319359.793, 105
Trd, 4319359.843, 104
Trd, 4319360.493, 140
Trd, 4319360.743, 140
Trd, 4319361.593, 95
Trd, 4319362.093, 89
Trd, 4319362.693, 62
Trd, 4319363.143, 65
Trd, 4319363.793, 140
Trd, 4319364.693, 139
Trd, 4319366.143, 62
Trd, 4319366.393, 66
Trd, 4319366.693, 67
Trd, 4319367.243, 103
Trd, 4319367.493, 81
Trd, 4319369.793, 62
Trd, 4319369.843, 64
Trd, 4319370.093, 61
Trd, 4319370.593, 103
Trd, 4319371.943, 140
Trd, 4319372.193, 139
Trd, 4319372.243, 139
Trd, 4319373.093, 124
Trd, 4319373.843, 140
Trd, 4319373.993, 133
Trd, 4319374.343, 132
Trd, 4319375.243, 140
Trd, 4319375.743, 139
Trd, 4319376.393, 70
Trd, 4319377.693, 62
Trd, 4319377.893, 63
Trd, 4319378.443, 67
Trd, 4319378.843, 74
Trd, 4319378.943, 62
Trd, 4319379.993, 119
Trd, 4319381.343, 77
Trd, 4319381.943, 97
Trd, 4319382.093, 61
Trd, 4319382.193, 76
Trd, 4319382.843, 61
Trd, 4319383.743, 139
Trd, 4319384.293, 140
Trd, 4319385.393, 140
Trd, 4319386.193, 140
Trd, 4319386.393, 140
Trd, 4319387.093, 135
Trd, 4319387.893, 139
Trd, 4319388.593, 134
Trd, 4319388.743, 72
Trd, 4319389.593, 98
Trd, 4319389.743, 60
Trd, 4319390.043, 140
Trd, 4319390.643, 140
Trd, 4319391.143, 138
Trd, 4319391.993, 85
Trd, 4319392.743, 81
Trd, 4319392.843, 111
Trd, 4319393.593, 92
Trd, 4319394.843, 140
Trd, 4319395.693, 139
Trd, 4319396.243, 138
Trd, 4319396.843, 140
Trd, 4319397.193, 108
Trd, 4319397.943, 140
Trd, 4319399.243, 139
Trd, 4319399.543, 138
Trd, 4319400.643, 106
Trd, 4319401.143, 138
Trd, 4319402.243, 139
Trd, 4319402.393, 129
Trd, 4319402.493, 77
Trd, 4319403.193, 61
Trd, 4319403.243, 68
Trd, 4319403.943, 62
Trd, 4319404.843, 140
Trd, 4319404.893, 138
Trd, 4319405.893, 128
Trd, 4319406.993, 139
Trd, 4319407.093, 101
Trd, 4319408.343, 139
Trd, 4319408.843, 140
Trd, 4319408.943, 139
Trd, 4319409.743, 125
Trd, 4319409.893, 84
Trd, 4319410.243, 80
Trd, 4319410.943, 62
Trd, 4319411.843, 60
Trd, 4319412.043, 60
Trd, 4319412.443, 138
Trd, 4319413.943, 76
Trd, 4319415.293, 66
Trd, 4319415.543, 61
Trd, 4319415.743, 104
Trd, 4319416.543, 107
Trd, 4319417.143, 62
Trd, 4319418.243, 62
Trd, 4319419.493, 63
Trd, 4319419.593, 64
Trd, 4319420.693, 60
Trd, 4319421.193, 63
Trd, 4319422.993, 61
Trd, 4319423.193, 62
Trd, 4319424.393, 140
Trd, 4319425.243, 140
Trd, 4319425.443, 136
Trd, 4319425.893, 94
Trd, 4319426.143, 139
Trd, 4319426.643, 78
Trd, 4319427.993, 138
Trd, 4319428.993, 132
Trd, 4319429.193, 130
Trd, 4319429.243, 112
Trd, 4319429.843, 82
Trd, 4319430.743, 140
Trd, 4319431.243, 127
Trd, 4319431.493, 104
Trd, 4319432.093, 138
Trd, 4319432.793, 134
Trd, 4319433.293, 63
Trd, 4319434.143, 67
Trd, 4319434.393, 75
Trd, 4319434.743, 109
Trd, 4319435.243, 63
Trd, 4319436.293, 67
Trd, 4319437.293, 68
Trd, 4319437.543, 83
Trd, 4319437.843, 102
Trd, 4319439.443, 62
Trd, 4319439.943, 86
Trd, 4319440.043, 107
Trd, 4319440.693, 107
Trd, 4319440.943, 62
Trd, 4319441.243, 140
Trd, 4319442.593, 114
Trd, 4319442.643, 112
Trd, 4319443.593, 84
Trd, 4319444.343, 114
Trd, 4319444.543, 83
Trd, 4319445.143, 133
Trd, 4319445.243, 132
Trd, 4319445.543, 140
Trd, 4319446.593, 73
Trd, 4319446.693, 108
Trd, 4319447.543, 65
Trd, 4319448.593, 99
Trd, 4319449.393, 60
Trd, 4319450.193, 63
Trd, 4319450.393, 94
Trd, 4319451.893, 109
Trd, 4319452.043, 76
Trd, 4319452.693, 73
Trd, 4319454.543, 60
Trd, 4319454.793, 61
Trd, 4319454.993, 72
Trd, 4319456.243, 81
Trd, 4319456.993, 60
Trd, 4319457.493, 65
Trd, 4319457.643, 102
Trd, 4319458.543, 64
Trd, 4319458.993, 61
Trd, 4319459.293, 61
Trd, 4319460.993, 61
Trd, 4319461.143, 68
Trd, 4319462.243, 66
Trd, 4319464.943, 60
Trd, 4319465.193, 65
Trd, 4319465.343, 62
Trd, 4319465.593, 67
Trd, 4319466.243, 61
Trd, 4319466.543, 92
Trd, 4319467.243, 88
Trd, 4319468.543, 121
Trd, 4319469.243, 112
Trd, 4319469.393, 102
Trd, 4319469.543, 74
Trd, 4319470.043, 73
Trd, 4319470.443, 95
Trd, 4319470.543, 67
Trd, 4319471.843, 139
Trd, 4319472.193, 94
Trd, 4319473.293, 109
Trd, 4319473.743, 140
Trd, 4319473.943, 85
Trd, 4319475.743, 140
Trd, 4319475.843, 139
Trd, 4319477.643, 127
Trd, 4319478.093, 126
Trd, 4319478.993, 64
Trd, 4319479.743, 140
Trd, 4319479.793, 140
Trd, 4319480.943, 140
Trd, 4319480.993, 137
Trd, 4319481.343, 109
Trd, 4319481.393, 92
Trd, 4319481.593, 90
Trd, 4319482.193, 85
Trd, 4319483.243, 131
Trd, 4319483.443, 114
Trd, 4319484.443, 140
Trd, 4319484.793, 140
Trd, 4319485.493, 137
Trd, 4319485.543, 117
Trd, 4319485.843, 78
Trd, 4319486.993, 140
Trd, 4319487.993, 140
Trd, 4319488.743, 140
Trd, 4319489.593, 136
Trd, 4319490.193, 132
Trd, 4319490.393, 87
Trd, 4319490.543, 140
Trd, 4319490.693, 72
Trd, 4319491.843, 104
Trd, 4319492.343, 140
Trd, 4319493.143, 60
Trd, 4319493.743, 140
Trd, 4319493.893, 126
Trd, 4319494.793, 84
Trd, 4319494.843, 83
Trd, 4319496.243, 139
Trd, 4319496.893, 110
Trd, 4319497.643, 95
Trd, 4319498.143, 140
Trd, 4319498.443, 121
Trd, 4319499.143, 115
Trd, 4319499.843, 90
Trd, 4319501.293, 140
Trd, 4319501.793, 137
Trd, 4319502.193, 127
Trd, 4319502.843, 138
Trd, 4319503.293, 138
Trd, 4319503.343, 140
Trd, 4319504.343, 129
Trd, 4319504.493, 106
Trd, 4319504.643, 137
Trd, 4319506.043, 106
Trd, 4319506.193, 105
Trd, 4319506.693, 132
Trd, 4319507.893, 63
Trd, 4319508.043, 64
Trd, 4319508.493, 60
Trd, 4319510.293, 62
Trd, 4319510.543, 83
Trd, 4319511.643, 62
Trd, 4319512.093, 136
Trd, 4319512.143, 128
Trd, 4319512.243, 127
Trd, 4319512.543, 122
Trd, 4319513.443, 63
Trd, 4319513.643, 71
Trd, 4319514.493, 62
Trd, 4319516.943, 60
Trd, 4319518.293, 60
Trd, 4319518.843, 65
Trd, 4319520.043, 61
Trd, 4319520.143, 60
Trd, 4319520.543, 62
Trd, 4319520.993, 61
Trd, 4319521.093, 62
Trd, 4319521.693, 62
Trd, 4319523.143, 61
Trd, 4319523.343, 60
Trd, 4319524.193, 60
Trd, 4319525.093, 131
Trd, 4319525.293, 72
Trd, 4319525.893, 60
Trd, 4319527.043, 85
Trd, 4319527.143, 138
Trd, 4319527.893, 105
Trd, 4319528.293, 74
Trd, 4319528.843, 107
Trd, 4319529.293, 68
Trd, 4319529.843, 139
Trd, 4319530.293, 71
Trd, 4319531.293, 140
Trd, 4319532.093, 60
Trd, 4319532.943, 121
Trd, 4319533.693, 127
Trd, 4319534.493, 89
Trd, 4319535.043, 111
Trd, 4319535.093, 88
Trd, 4319535.743, 131
Trd, 4319535.993, 78
Trd, 4319536.043, 77
Trd, 4319536.693, 65
Trd, 4319538.493, 60
Trd, 4319539.693, 60
Trd, 4319539.943, 60
Trd, 4319540.343, 62
Trd, 4319541.443, 63
Trd, 4319541.593, 64
Trd, 4319543.493, 66
Trd, 4319544.143, 81
Trd, 4319544.193, 72
Trd, 4319544.843, 61
Trd, 4319545.593, 75
Trd, 4319546.093, 62
Trd, 4319546.943, 140
Trd, 4319546.993, 84
Trd, 4319547.793, 60
Trd, 4319548.493, 80
Trd, 4319549.043, 139
Trd, 4319550.093, 102
Trd, 4319550.943, 65
Trd, 4319551.193, 112
Trd, 4319552.193, 90
Trd, 4319552.593, 110
Trd, 4319553.093, 72
Trd, 4319553.993, 67
Trd, 4319555.393, 93
Trd, 4319555.693, 91
Trd, 4319555.943, 62
Trd, 4319556.843, 140
Trd, 4319557.443, 60
Trd, 4319557.643, 67
Trd, 4319559.043, 140
Trd, 4319559.593, 140
Trd, 4319560.043, 140
Trd, 4319560.593, 140
Trd, 4319561.093, 140
Trd, 4319561.943, 134
Trd, 4319562.143, 128
Trd, 4319562.693, 123
Trd, 4319563.593, 129
Trd, 4319563.993, 109
Trd, 4319564.243, 74
Trd, 4319565.693, 62
Trd, 4319566.593, 139
Trd, 4319566.693, 71
Trd, 4319567.293, 69
Trd, 4319567.593, 67
Trd, 4319567.893, 104
Trd, 4319569.293, 69
Trd, 4319569.843, 75
Trd, 4319569.993, 140
Trd, 4319570.493, 60
Trd, 4319572.093, 64
Trd, 4319572.143, 101
Trd, 4319572.343, 101
Trd, 4319572.993, 140
Trd, 4319574.043, 68
Trd, 4319574.193, 61
Trd, 4319574.743, 116
Trd, 4319575.143, 91
Trd, 4319576.093, 116
Trd, 4319576.593, 139
Trd, 4319577.643, 115
Trd, 4319579.043, 135
Trd, 4319579.743, 138
Trd, 4319580.793, 135
Trd, 4319581.043, 134
Trd, 4319581.943, 108
Trd, 4319582.093, 86
Trd, 4319582.893, 133
Trd, 4319583.043, 71
Trd, 4319584.093, 140
Trd, 4319584.543, 139
Trd, 4319585.543, 134
Trd, 4319585.593, 92
Trd, 4319585.693, 137
Trd, 4319587.493, 60
Trd, 4319587.693, 62
Trd, 4319587.893, 60
Trd, 4319588.193, 119
Trd, 4319588.493, 71
Trd, 4319590.443, 61
Trd, 4319590.893, 64
Trd, 4319591.143, 93
Trd, 4319592.243, 123
Trd, 4319593.093, 61
Trd, 4319593.593, 62
Trd, 4319593.793, 67
Trd, 4319595.793, 63
Trd, 4319597.393, 62
Trd, 4319597.743, 62
Trd, 4319598.093, 62
Trd, 4319598.443, 69
Trd, 4319598.543, 114
Trd, 4319598.843, 140
Trd, 4319599.543, 61
Trd, 4319599.893, 62
Trd, 4319600.693, 61
Trd, 4319601.493, 104
Trd, 4319603.093, 140
Trd, 4319603.393, 139
Trd, 4319603.443, 138
Trd, 4319604.343, 112
Trd, 4319604.593, 109
Trd, 4319605.093, 140
Trd, 4319605.793, 88
Trd, 4319606.093, 62
Trd, 4319606.243, 125
Trd, 4319606.943, 125
Trd, 4319607.143, 124
Trd, 4319607.943, 138
Trd, 4319608.743, 90
Trd, 4319609.893, 127
Trd, 4319610.243, 113
Trd, 4319610.643, 112
Trd, 4319611.443, 140
Trd, 4319611.793, 94
Trd, 4319612.093, 90
Trd, 4319613.043, 140
Trd, 4319613.493, 140
Trd, 4319614.243, 113
Trd, 4319614.293, 111
Trd, 4319615.943, 84
Trd, 4319616.843, 106
Trd, 4319617.393, 97
Trd, 4319617.843, 138
Trd, 4319618.093, 138
Trd, 4319618.443, 83
Trd, 4319618.693, 140
Trd, 4319619.043, 124
Trd, 4319619.593, 119
Trd, 4319620.593, 66
Trd, 4319621.243, 106
Trd, 4319621.643, 140
Trd, 4319622.043, 60
Trd, 4319622.843, 137
Trd, 4319623.293, 140
Trd, 4319623.893, 124
Trd, 4319624.693, 105
Trd, 4319624.743, 104
Trd, 4319626.543, 120
Trd, 4319626.993, 140
Trd, 4319627.343, 138
Trd, 4319627.593, 139
Trd, 4319627.843, 138
Trd, 4319628.043, 123
Trd, 4319628.543, 125
Trd, 4319629.243, 106
Trd, 4319630.143, 116
Trd, 4319631.243, 108
Trd, 4319631.643, 77
Trd, 4319631.943, 100
Trd, 4319632.793, 95
Trd, 4319632.993, 76
Trd, 4319633.593, 97
Trd, 4319634.843, 129
Trd, 4319635.393, 61
Trd, 4319635.943, 140
Trd, 4319636.743, 138
Trd, 4319637.093, 137
Trd, 4319637.993, 67
Trd, 4319638.393, 65
Trd, 4319638.643, 73
Trd, 4319638.993, 120
Trd, 4319639.593, 64
Trd, 4319640.293, 77
Trd, 4319641.043, 60
Trd, 4319641.643, 61
Trd, 4319642.143, 140
Trd, 4319642.993, 62
Trd, 4319644.943, 61
Trd, 4319645.693, 82
Trd, 4319646.143, 60
Trd, 4319646.593, 140
Trd, 4319646.743, 122
Trd, 4319647.293, 112
Trd, 4319647.543, 94
Trd, 4319648.093, 64
Trd, 4319650.043, 60
Trd, 4319650.943, 62
Trd, 4319651.393, 61
Trd, 4319651.943, 67
Trd, 4319652.143, 139
Trd, 4319652.943, 121
Trd, 4319653.943, 64
Trd, 4319654.593, 64
Trd, 4319655.843, 91
Trd, 4319656.543, 139
Trd, 4319656.893, 77
Trd, 4319658.493, 64
Trd, 4319658.743, 66
Trd, 4319659.393, 60
Trd, 4319660.393, 66
Trd, 4319660.543, 72
Trd, 4319661.393, 60
Trd, 4319661.993, 73
Trd, 4319662.193, 85
Trd, 4319663.843, 140
Trd, 4319664.193, 74
Trd, 4319664.743, 140
Trd, 4319665.393, 136
Trd, 4319666.343, 135
Trd, 4319667.293, 130
Trd, 4319667.343, 120
Trd, 4319667.743, 140
Trd, 4319668.493, 68
Trd, 4319669.493, 129
Trd, 4319671.343, 129
Trd, 4319671.643, 139
Trd, 4319671.843, 129
Trd, 4319672.943, 104
Trd, 4319673.193, 100
Trd, 4319673.943, 138
Trd, 4319674.243, 140
Trd, 4319674.443, 139
Trd, 4319675.193, 73
Trd, 4319676.343, 140
Trd, 4319677.393, 134
Trd, 4319677.693, 107
Trd, 4319678.493, 140
Trd, 4319678.743, 126
Trd, 4319679.243, 124
Trd, 4319680.193, 115
Trd, 4319680.643, 113
Trd, 4319680.993, 106
Trd, 4319681.693, 105
Trd, 4319681.793, 100
Trd, 4319682.293, 100
Trd, 4319683.043, 139
Trd, 4319683.443, 119
Trd, 4319684.143, 90
Trd, 4319684.293, 77
Trd, 4319686.343, 132
Trd, 4319686.993, 131
Trd, 4319687.293, 103
Trd, 4319687.443, 89
Trd, 4319687.593, 114
Trd, 4319688.793, 60
Trd, 4319689.293, 68
Trd, 4319689.593, 114
Trd, 4319690.593, 63
Trd, 4319691.093, 66
Trd, 4319692.293, 89
Trd, 4319692.693, 66
Trd, 4319692.943, 138
Trd, 4319693.543, 61
Trd, 4319694.043, 61
Trd, 4319694.793, 81
Trd, 4319695.393, 139
Trd, 4319695.943, 72
Trd, 4319696.543, 137
Trd, 4319696.943, 122
Trd, 4319697.443, 123
Trd, 4319697.993, 122
Trd, 4319699.343, 140
Trd, 4319699.843, 139
Trd, 4319700.143, 122
Trd, 4319700.243, 115
Trd, 4319700.843, 140
Trd, 4319701.043, 140
Trd, 4319701.943, 134
Trd, 4319702.443, 114
Trd, 4319703.493, 121
Trd, 4319703.993, 68
Trd, 4319704.143, 65
Trd, 4319704.243, 99
Trd, 4319704.943, 89
Trd, 4319706.543, 70
Trd, 4319708.493, 140
Trd, 4319708.693, 140
Trd, 4319708.743, 138
Trd, 4319709.543, 140
Trd, 4319709.643, 132
Trd, 4319710.093, 88
Trd, 4319710.543, 97
Trd, 4319711.193, 60
Trd, 4319711.843, 63
Trd, 4319712.043, 64
Trd, 4319713.643, 108
Trd, 4319714.093, 83
Trd, 4319714.643, 98
Trd, 4319714.893, 123
Trd, 4319715.443, 68
Trd, 4319715.893, 120
Trd, 4319716.693, 80
Trd, 4319717.893, 67
Trd, 4319717.993, 66
Trd, 4319718.043, 75
Trd, 4319718.343, 93
Trd, 4319718.893, 138
Trd, 4319719.943, 81
Trd, 4319720.643, 63
Trd, 4319721.043, 62
Trd, 4319722.693, 62
Trd, 4319723.393, 61
Trd, 4319723.743, 87
Trd, 4319724.943, 63
Trd, 4319726.193, 61
Trd, 4319726.293, 67
Trd, 4319727.643, 140
Trd, 4319728.543, 139
Trd, 4319728.893, 65
Trd, 4319728.943, 66
Trd, 4319729.393, 78
Trd, 4319729.943, 109
Trd, 4319730.643, 64
Trd, 4319731.143, 60
Trd, 4319732.043, 140
Trd, 4319732.593, 136
Trd, 4319732.993, 122
Trd, 4319734.743, 62
Trd, 4319735.393, 60
Trd, 4319735.643, 64
Trd, 4319736.043, 68
Trd, 4319736.243, 69
Trd, 4319739.393, 61
Trd, 4319739.593, 63
Trd, 4319740.043, 64
Trd, 4319740.343, 69
Trd, 4319740.443, 81
Trd, 4319741.493, 128
Trd, 4319741.843, 115
Trd, 4319742.093, 115
Trd, 4319742.793, 79
Trd, 4319743.093, 106
Trd, 4319743.393, 77
Trd, 4319745.543, 140
Trd, 4319745.743, 140
Trd, 4319746.593, 130
Trd, 4319748.393, 140
Trd, 4319748.943, 140
Trd, 4319749.293, 140
Trd, 4319749.393, 140
Trd, 4319749.443, 130
Trd, 4319749.793, 120
Trd, 4319750.843, 139
Trd, 4319751.393, 79
Trd, 4319751.743, 60
Trd, 4319752.443, 69
Trd, 4319754.893, 60
Trd, 4319755.093, 62
Trd, 4319755.193, 71
Trd, 4319756.243, 82
Trd, 4319756.993, 134
Trd, 4319757.493, 134
Trd, 4319758.443, 140
Trd, 4319758.743, 116
Trd, 4319759.393, 140
Trd, 4319759.693, 140
Trd, 4319759.993, 140
Trd, 4319760.293, 90
Trd, 4319760.793, 92
Trd, 4319761.943, 140
Trd, 4319762.443, 112
Trd, 4319762.943, 61
Trd, 4319763.243, 62
Trd, 4319763.893, 66
Trd, 4319764.693, 65
Trd, 4319765.243, 72
Trd, 4319765.343, 102
Trd, 4319766.743, 60
Trd, 4319767.343, 62
Trd, 4319767.543, 80
Trd, 4319768.343, 81
Trd, 4319769.143, 140
Trd, 4319769.193, 138
Trd, 4319769.393, 118
Trd, 4319769.843, 140
Trd, 4319770.443, 138
Trd, 4319772.993, 140
Trd, 4319773.493, 140
Trd, 4319774.193, 139
Trd, 4319774.443, 123
Trd, 4319775.343, 104
Trd, 4319776.693, 140
Trd, 4319777.443, 139
Trd, 4319777.643, 136
Trd, 4319777.743, 135
Trd, 4319778.343, 85
Trd, 4319778.843, 85
Trd, 4319779.093, 83
Trd, 4319779.393, 117
Trd, 4319781.543, 140
Trd, 4319781.793, 139
Trd, 4319782.043, 139
Trd, 4319782.243, 136
Trd, 4319782.943, 100
Trd, 4319783.243, 99
Trd, 4319783.443, 140
Trd, 4319784.043, 62
Trd, 4319786.093, 139
Trd, 4319786.393, 139
Trd, 4319786.793, 130
Trd, 4319787.243, 124
Trd, 4319787.543, 66
Trd, 4319787.593, 67
Trd, 4319789.293, 64
Trd, 4319789.943, 65
Trd, 4319790.343, 62
Trd, 4319790.793, 67
Trd, 4319791.193, 89
Trd, 4319791.343, 128
Trd, 4319792.293, 109
Trd, 4319792.343, 109
Trd, 4319793.193, 139
Trd, 4319793.993, 140
Trd, 4319794.193, 102
Trd, 4319795.143, 137
Trd, 4319795.993, 128
Trd, 4319796.243, 122
Trd, 4319796.993, 130
Trd, 4319797.143, 139
Trd, 4319797.743, 97
Trd, 4319798.593, 81
Trd, 4319800.143, 140
Trd, 4319800.893, 140
Trd, 4319800.943, 140
Trd, 4319803.443, 140
Trd, 4319803.793, 140
Trd, 4319804.243, 138
Trd, 4319804.743, 124
Trd, 4319805.093, 108
Trd, 4319805.743, 104
Trd, 4319805.843, 105
Trd, 4319805.943, 106
Trd, 4319806.793, 103
Trd, 4319807.793, 140
Trd, 4319808.443, 135
Trd, 4319808.843, 109
Trd, 4319810.493, 140
Trd, 4319810.543, 139
Trd, 4319811.543, 140
Trd, 4319811.943, 140
Trd, 4319812.593, 115
Trd, 4319812.743, 104
Trd, 4319813.143, 96
Trd, 4319813.343, 107
Trd, 4319813.843, 110
Trd, 4319814.393, 140
Trd, 4319815.943, 136
Trd, 4319816.543, 140
Trd, 4319816.643, 135
Trd, 4319817.143, 140
Trd, 4319817.643, 135
Trd, 4319818.743, 61
Trd, 4319818.793, 65
Trd, 4319819.293, 77
Trd, 4319819.643, 62
Trd, 4319819.893, 117
Trd, 4319820.493, 140
Trd, 4319821.493, 140
Trd, 4319822.993, 95
Trd, 4319823.293, 140
Trd, 4319824.393, 93
Trd, 4319824.443, 91
Trd, 4319824.643, 68
Trd, 4319825.593, 61
Trd, 4319826.143, 96
Trd, 4319826.893, 100
Trd, 4319827.493, 109
Trd, 4319828.493, 63
Trd, 4319828.543, 75
Trd, 4319829.493, 98
Trd, 4319829.943, 98
Trd, 4319830.243, 97
Trd, 4319831.193, 77
Trd, 4319831.443, 72
Trd, 4319832.043, 81
Trd, 4319832.143, 120
Trd, 4319832.793, 63
Trd, 4319833.993, 74
Trd, 4319834.243, 73
Trd, 4319834.443, 64
Trd, 4319835.093, 75
Trd, 4319836.493, 138
Trd, 4319837.143, 60
Trd, 4319837.443, 101
Trd, 4319838.793, 116
Trd, 4319840.043, 139
Trd, 4319840.093, 73
Trd, 4319840.843, 61
Trd, 4319841.643, 61
Trd, 4319842.893, 61
Trd, 4319843.093, 103
Trd, 4319843.393, 107
Trd, 4319844.643, 65
Trd, 4319845.193, 64
Trd, 4319845.293, 66
Trd, 4319845.593, 112
Trd, 4319846.543, 62
Trd, 4319846.793, 69
Trd, 4319848.043, 61
Trd, 4319848.093, 62
Trd, 4319848.343, 77
Trd, 4319848.993, 89
Trd, 4319850.943, 63
Trd, 4319851.643, 66
Trd, 4319852.093, 139
Trd, 4319852.893, 140
Trd, 4319853.893, 68
Trd, 4319854.493, 69
Trd, 4319854.893, 68
Trd, 4319855.993, 112
Trd, 4319856.493, 73
Trd, 4319856.693, 140
Trd, 4319857.943, 61
Trd, 4319858.093, 61
Trd, 4319859.393, 99
Trd, 4319859.543, 139
Trd, 4319859.743, 137
Trd, 4319859.943, 111
Trd, 4319860.843, 117
Trd, 4319861.343, 140
Trd, 4319862.293, 116
Trd, 4319862.943, 139
Trd, 4319863.093, 115
Trd, 4319864.193, 86
Trd, 4319864.343, 61
Trd, 4319864.443, 61
Trd, 4319865.043, 134
Trd, 4319866.743, 64
Trd, 4319867.243, 128
Trd, 4319868.443, 62
Trd, 4319868.593, 61
Trd, 4319869.343, 67
Trd, 4319869.943, 67
Trd, 4319870.743, 64
Trd, 4319871.193, 140
Trd, 4319871.993, 77
Trd, 4319872.193, 140
Trd, 4319872.593, 60
Trd, 4319872.693, 101
Trd, 4319874.743, 138
Trd, 4319874.793, 121
Trd, 4319874.843, 77
Trd, 4319875.493, 66
Trd, 4319875.843, 132
Trd, 4319876.643, 87
Trd, 4319877.343, 140
Trd, 4319878.143, 123
Trd, 4319878.893, 115
Trd, 4319878.993, 114
Trd, 4319879.043, 69
Trd, 4319880.543, 63
Trd, 4319881.193, 60
Trd, 4319882.493, 61
Trd, 4319882.543, 67
Trd, 4319883.443, 100
Trd, 4319883.543, 140
Trd, 4319883.593, 63
Trd, 4319884.943, 90
Trd, 4319885.793, 102
Trd, 4319886.293, 140
Trd, 4319886.493, 140
Trd, 4319887.843, 112
Trd, 4319888.293, 118
Trd, 4319889.043, 138
Trd, 4319890.243, 140
Trd, 4319890.393, 140
Trd, 4319890.893, 136
Trd, 4319892.443, 140
Trd, 4319892.693, 110
Trd, 4319893.143, 87
Trd, 4319893.543, 86
Trd, 4319893.693, 113
Trd, 4319893.893, 87
Trd, 4319894.143, 86
Trd, 4319894.343, 140
Trd, 4319894.993, 69
Trd, 4319895.443, 121
Trd, 4319896.543, 118
Trd, 4319897.543, 62
Trd, 4319898.493, 64
Trd, 4319898.743, 108
Trd, 4319899.893, 123
Trd, 4319900.593, 60
Trd, 4319901.843, 67
Trd, 4319902.143, 127
Trd, 4319903.493, 140
Trd, 4319903.643, 140
Trd, 4319903.693, 140
Trd, 4319905.393, 140
Trd, 4319905.743, 70
Trd, 4319906.193, 77
Trd, 4319906.743, 140
Trd, 4319907.693, 125
Trd, 4319907.993, 126
Trd, 4319908.993, 117
Trd, 4319909.243, 61
Trd, 4319909.593, 89
Trd, 4319910.093, 60
Trd, 4319910.643, 117
Trd, 4319911.443, 81
Trd, 4319913.443, 66
Trd, 4319913.843, 68
Trd, 4319914.393, 112
Trd, 4319914.593, 111
Trd, 4319914.693, 119
Trd, 4319914.993, 127
Trd, 4319915.143, 72
Trd, 4319918.193, 62
Trd, 4319918.343, 67
Trd, 4319919.443, 140
Trd, 4319920.093, 140
Trd, 4319920.493, 140
Trd, 4319920.593, 140
Trd, 4319921.193, 138
Trd, 4319922.093, 111
Trd, 4319923.693, 137
Trd, 4319923.943, 140
Trd, 4319924.293, 132
Trd, 4319925.043, 108
Trd, 4319925.343, 107
Trd, 4319926.143, 60
Trd, 4319926.843, 61
Trd, 4319927.043, 62
Trd, 4319927.593, 75
Trd, 4319928.793, 139
Trd, 4319929.243, 94
Trd, 4319930.143, 135
Trd, 4319930.493, 91
Trd, 4319931.593, 139
Trd, 4319932.043, 115
Trd, 4319932.443, 65
Trd, 4319933.593, 139
Trd, 4319934.243, 64
Trd, 4319934.493, 70
Trd, 4319934.643, 93
Trd, 4319935.443, 78
Trd, 4319935.943, 73
Trd, 4319936.293, 125
Trd, 4319936.893, 139
Trd, 4319938.993, 62
Trd, 4319939.093, 63
Trd, 4319939.793, 62
Trd, 4319940.243, 63
Trd, 4319940.293, 84
Trd, 4319940.893, 140
Trd, 4319941.543, 140
Trd, 4319941.693, 140
Trd, 4319942.093, 140
Trd, 4319942.593, 130
Trd, 4319942.843, 124
Trd, 4319944.143, 60
Trd, 4319944.793, 62
Trd, 4319945.893, 90
Trd, 4319946.093, 72
Trd, 4319946.793, 76
Trd, 4319947.493, 87
Trd, 4319949.193, 137
Trd, 4319949.243, 135
Trd, 4319949.493, 98
Trd, 4319949.693, 97
Trd, 4319950.393, 83
Trd, 4319950.743, 83
Trd, 4319951.593, 135
Trd, 4319952.193, 104
Trd, 4319952.643, 62
Trd, 4319953.743, 63
Trd, 4319954.543, 65
Trd, 4319954.893, 64
Trd, 4319956.093, 60
Trd, 4319956.293, 70
Trd, 4319957.643, 140
Trd, 4319957.743, 136
Trd, 4319957.993, 136
Trd, 4319958.493, 134
Trd, 4319959.143, 140
Trd, 4319959.543, 86
Trd, 4319960.393, 80
Trd, 4319960.943, 106
Trd, 4319961.193, 139
Trd, 4319961.793, 138
Trd, 4319962.993, 138
Trd, 4319963.443, 119
Trd, 4319964.793, 140
Trd, 4319964.893, 129
Trd, 4319965.343, 140
Trd, 4319965.793, 121
Trd, 4319966.393, 113
Trd, 4319966.793, 140
Trd, 4319967.293, 111
Trd, 4319968.543, 137
Trd, 4319969.193, 75
Trd, 4319969.343, 76
Trd, 4319969.893, 100
Trd, 4319970.893, 73
Trd, 4319971.543, 82
Trd, 4319972.593, 97
Trd, 4319973.693, 68
Trd, 4319974.093, 72
Trd, 4319974.343, 64
Trd, 4319975.043, 110
Trd, 4319975.343, 61
Trd, 4319975.443, 65
Trd, 4319976.393, 100
Trd, 4319976.493, 99
Trd, 4319977.793, 140
Trd, 4319977.893, 138
Trd, 4319978.693, 132
Trd, 4319979.143, 94
Trd, 4319979.643, 63
Trd, 4319980.193, 91
Trd, 4319980.993, 139
Trd, 4319981.743, 92
Trd, 4319982.493, 76
Trd, 4319983.443, 140
Trd, 4319983.643, 140
Trd, 4319983.793, 140
Trd, 4319984.443, 110
Trd, 4319985.443, 111
Trd, 4319986.793, 140
Trd, 4319987.293, 135
Trd, 4319987.843, 118
Trd, 4319988.093, 140
Trd, 4319988.193, 113
Trd, 4319988.243, 81
Trd, 4319988.743, 116
Trd, 4319989.093, 139
Trd, 4319989.743, 63
Trd, 4319990.793, 63
Trd, 4319991.043, 71
Trd, 4319991.293, 101
Trd, 4319992.843, 66
Trd, 4319993.343, 61
Trd, 4319993.793, 66
Trd, 4319994.543, 140
Trd, 4319995.143, 139
Trd, 4319995.343, 138
Trd, 4319996.493, 73
Trd, 4319996.643, 112
Trd, 4319998.343, 121
