Trd, 4318145.593, 71
Trd, 4318146.493, 64
Trd, 4318146.643, 106
Trd, 4318147.893, 140
Trd, 4318148.293, 140
Trd, 4318148.693, 140
Trd, 4318149.243, 140
Trd, 4318149.743, 140
Trd, 4318150.893, 140
Trd, 4318151.543, 95
Trd, 4318152.493, 140
Trd, 4318153.243, 95
Trd, 4318153.493, 94
Trd, 4318153.943, 139
Trd, 4318154.843, 118
Trd, 4318155.143, 140
Trd, 4318155.343, 139
Trd, 4318156.243, 140
Trd, 4318157.043, 140
Trd, 4318157.543, 140
Trd, 4318158.293, 140
Trd, 4318159.543, 60
Trd, 4318159.643, 134
Trd, 4318160.193, 139
Trd, 4318160.593, 80
Trd, 4318161.743, 135
Trd, 4318162.043, 115
Trd, 4318162.143, 114
Trd, 4318163.993, 62
Trd, 4318164.193, 63
Trd, 4318165.343, 66
Trd, 4318167.143, 61
Trd, 4318167.593, 70
Trd, 4318168.293, 60
Trd, 4318168.343, 61
Trd, 4318169.843, 60
Trd, 4318171.493, 60
Trd, 4318171.743, 60
Trd, 4318172.243, 60
Trd, 4318172.893, 140
Trd, 4318173.343, 138
Trd, 4318174.043, 63
Trd, 4318174.693, 138
Trd, 4318174.993, 138
Trd, 4318175.243, 133
Trd, 4318175.593, 130
Trd, 4318176.443, 66
Trd, 4318176.993, 138
Trd, 4318178.393, 140
Trd, 4318178.893, 140
Trd, 4318179.593, 127
Trd, 4318180.243, 125
Trd, 4318180.593, 140
Trd, 4318181.143, 140
Trd, 4318181.393, 104
Trd, 4318181.693, 62
Trd, 4318182.293, 61
Trd, 4318184.043, 74
Trd, 4318184.193, 120
Trd, 4318186.343, 64
Trd, 4318186.593, 87
Trd, 4318187.293, 90
Trd, 4318187.493, 89
Trd, 4318188.793, 91
Trd, 4318189.493, 60
Trd, 4318190.243, 61
Trd, 4318191.343, 65
Trd, 4318191.393, 60
Trd, 4318191.593, 70
Trd, 4318192.543, 67
Trd, 4318193.743, 67
Trd, 4318194.043, 137
Trd, 4318194.593, 127
Trd, 4318194.893, 139
Trd, 4318195.893, 140
Trd, 4318196.093, 126
Trd, 4318197.193, 123
Trd, 4318198.593, 60
Trd, 4318199.143, 62
Trd, 4318200.243, 62
Trd, 4318200.693, 63
Trd, 4318201.293, 69
Trd, 4318202.893, 61
Trd, 4318203.143, 60
Trd, 4318203.543, 63
Trd, 4318204.443, 64
Trd, 4318204.593, 67
Trd, 4318204.843, 64
Trd, 4318205.643, 60
Trd, 4318205.993, 61
Trd, 4318208.143, 62
Trd, 4318208.543, 63
Trd, 4318208.593, 71
Trd, 4318209.343, 60
Trd, 4318209.843, 60
Trd, 4318210.693, 61
Trd, 4318211.043, 62
Trd, 4318212.143, 69
Trd, 4318212.493, 70
Trd, 4318212.993, 107
Trd, 4318213.143, 70
Trd, 4318213.793, 65
Trd, 4318214.143, 123
Trd, 4318214.743, 140
Trd, 4318214.993, 139
Trd, 4318217.543, 128
Trd, 4318217.593, 111
Trd, 4318218.693, 73
Trd, 4318219.093, 111
Trd, 4318219.393, 62
Trd, 4318219.843, 90
Trd, 4318220.043, 126
Trd, 4318220.943, 61
Trd, 4318221.393, 64
Trd, 4318221.593, 62
Trd, 4318223.493, 66
Trd, 4318223.843, 62
Trd, 4318224.043, 83
Trd, 4318224.493, 140
Trd, 4318225.493, 74
Trd, 4318226.043, 65
Trd, 4318226.243, 75
Trd, 4318226.493, 135
Trd, 4318227.943, 139
Trd, 4318228.493, 139
Trd, 4318228.943, 139
Trd, 4318229.793, 104
Trd, 4318230.293, 103
Trd, 4318231.543, 129
Trd, 4318232.543, 122
Trd, 4318233.093, 140
Trd, 4318233.193, 121
Trd, 4318233.543, 115
Trd, 4318235.293, 140
Trd, 4318235.793, 120
Trd, 4318237.093, 129
Trd, 4318237.293, 140
Trd, 4318237.393, 74
Trd, 4318238.643, 122
Trd, 4318238.893, 121
Trd, 4318239.193, 93
Trd, 4318239.893, 140
Trd, 4318240.393, 96
Trd, 4318240.793, 83
Trd, 4318241.843, 75
Trd, 4318242.493, 68
Trd, 4318242.793, 70
Trd, 4318243.143, 71
Trd, 4318244.743, 140
Trd, 4318245.393, 140
Trd, 4318245.693, 140
Trd, 4318245.943, 140
Trd, 4318246.243, 140
Trd, 4318248.293, 140
Trd, 4318249.243, 139
Trd, 4318249.843, 139
Trd, 4318250.193, 126
Trd, 4318250.693, 140
Trd, 4318250.793, 139
Trd, 4318250.993, 69
Trd, 4318252.943, 76
Trd, 4318253.243, 69
Trd, 4318254.543, 63
Trd, 4318254.993, 62
Trd, 4318255.543, 132
Trd, 4318255.743, 140
Trd, 4318257.093, 139
Trd, 4318257.343, 138
Trd, 4318258.993, 111
Trd, 4318259.643, 140
Trd, 4318259.743, 119
Trd, 4318259.943, 82
Trd, 4318261.593, 86
Trd, 4318263.093, 129
Trd, 4318263.293, 109
Trd, 4318264.293, 136
Trd, 4318264.693, 74
Trd, 4318264.893, 60
Trd, 4318266.443, 64
Trd, 4318267.543, 60
Trd, 4318267.843, 61
Trd, 4318268.493, 63
Trd, 4318269.143, 65
Trd, 4318270.143, 61
Trd, 4318270.993, 62
Trd, 4318272.243, 61
Trd, 4318272.793, 61
Trd, 4318275.193, 60
Trd, 4318275.593, 60
Trd, 4318275.843, 61
Trd, 4318276.693, 62
Trd, 4318277.293, 61
Trd, 4318277.893, 140
Trd, 4318278.393, 140
Trd, 4318278.693, 101
Trd, 4318279.893, 61
Trd, 4318280.793, 68
Trd, 4318281.343, 67
Trd, 4318281.543, 91
Trd, 4318282.293, 60
Trd, 4318283.543, 62
Trd, 4318283.843, 64
Trd, 4318283.943, 75
Trd, 4318284.193, 125
Trd, 4318284.693, 65
Trd, 4318285.993, 86
Trd, 4318286.043, 71
Trd, 4318286.293, 71
Trd, 4318286.943, 107
Trd, 4318288.793, 71
Trd, 4318289.193, 72
Trd, 4318289.343, 71
Trd, 4318290.343, 140
Trd, 4318290.643, 139
Trd, 4318291.443, 138
Trd, 4318291.943, 120
Trd, 4318292.543, 134
Trd, 4318293.343, 73
Trd, 4318294.643, 133
Trd, 4318294.743, 132
Trd, 4318295.043, 132
Trd, 4318295.093, 63
Trd, 4318296.143, 140
Trd, 4318296.243, 139
Trd, 4318296.343, 139
Trd, 4318297.193, 129
Trd, 4318298.693, 137
Trd, 4318299.243, 66
Trd, 4318299.293, 64
Trd, 4318300.093, 94
Trd, 4318300.443, 93
Trd, 4318301.093, 79
Trd, 4318302.293, 140
Trd, 4318302.693, 140
Trd, 4318302.893, 139
Trd, 4318303.543, 140
Trd, 4318304.393, 68
Trd, 4318305.443, 118
Trd, 4318306.243, 63
Trd, 4318307.193, 60
Trd, 4318308.243, 62
Trd, 4318308.493, 61
Trd, 4318309.543, 64
Trd, 4318309.743, 66
Trd, 4318310.193, 64
Trd, 4318310.343, 63
Trd, 4318311.843, 60
Trd, 4318312.993, 62
Trd, 4318313.243, 62
Trd, 4318314.093, 63
Trd, 4318314.143, 62
Trd, 4318315.293, 140
Trd, 4318316.293, 140
Trd, 4318316.493, 140
Trd, 4318317.093, 140
Trd, 4318317.493, 140
Trd, 4318317.593, 140
Trd, 4318317.643, 102
Trd, 4318319.493, 140
Trd, 4318319.743, 140
Trd, 4318320.193, 140
Trd, 4318320.443, 130
Trd, 4318320.993, 129
Trd, 4318321.493, 116
Trd, 4318322.693, 140
Trd, 4318324.343, 140
Trd, 4318324.993, 140
Trd, 4318325.043, 140
Trd, 4318326.493, 136
Trd, 4318326.893, 101
Trd, 4318327.543, 101
Trd, 4318327.893, 114
Trd, 4318329.043, 106
Trd, 4318329.243, 67
Trd, 4318330.593, 127
Trd, 4318331.193, 140
Trd, 4318331.693, 140
Trd, 4318331.743, 139
Trd, 4318331.793, 139
Trd, 4318332.243, 133
Trd, 4318334.043, 135
Trd, 4318334.743, 140
Trd, 4318334.893, 140
Trd, 4318335.243, 139
Trd, 4318335.693, 135
Trd, 4318336.493, 129
Trd, 4318336.843, 126
Trd, 4318338.343, 139
Trd, 4318338.793, 100
Trd, 4318339.993, 138
Trd, 4318341.343, 138
Trd, 4318341.643, 136
Trd, 4318341.693, 135
Trd, 4318342.593, 95
Trd, 4318343.543, 78
Trd, 4318344.843, 140
Trd, 4318345.193, 140
Trd, 4318345.843, 140
Trd, 4318347.793, 140
Trd, 4318348.243, 140
Trd, 4318348.343, 140
Trd, 4318348.743, 140
Trd, 4318349.043, 140
Trd, 4318350.343, 140
Trd, 4318351.243, 140
Trd, 4318351.893, 140
Trd, 4318352.043, 140
Trd, 4318353.143, 140
Trd, 4318353.293, 120
Trd, 4318354.993, 140
Trd, 4318355.793, 140
Trd, 4318355.893, 139
Trd, 4318356.443, 91
Trd, 4318356.743, 139
Trd, 4318356.793, 71
Trd, 4318358.043, 126
Trd, 4318359.243, 62
Trd, 4318359.493, 140
Trd, 4318361.543, 62
Trd, 4318361.893, 70
Trd, 4318363.943, 60
Trd, 4318364.993, 60
Trd, 4318365.843, 64
Trd, 4318365.993, 64
Trd, 4318366.343, 65
Trd, 4318367.393, 64
Trd, 4318367.893, 65
Trd, 4318368.043, 66
Trd, 4318368.893, 112
Trd, 4318369.493, 108
Trd, 4318370.593, 126
Trd, 4318370.743, 104
Trd, 4318371.143, 87
Trd, 4318371.443, 84
Trd, 4318371.693, 118
Trd, 4318372.493, 140
Trd, 4318374.343, 134
Trd, 4318375.193, 134
Trd, 4318375.243, 133
Trd, 4318375.743, 72
Trd, 4318376.093, 63
Trd, 4318376.943, 125
Trd, 4318377.043, 64
Trd, 4318377.643, 94
Trd, 4318378.493, 73
Trd, 4318378.893, 88
Trd, 4318379.593, 66
Trd, 4318379.993, 90
Trd, 4318380.393, 67
Trd, 4318381.443, 64
Trd, 4318382.693, 128
Trd, 4318382.843, 70
Trd, 4318384.643, 97
Trd, 4318384.793, 85
Trd, 4318384.893, 118
Trd, 4318385.393, 140
Trd, 4318385.593, 139
Trd, 4318386.443, 111
Trd, 4318387.043, 140
Trd, 4318387.693, 106
Trd, 4318387.743, 76
Trd, 4318391.043, 60
Trd, 4318391.443, 61
Trd, 4318391.993, 62
Trd, 4318393.993, 63
Trd, 4318394.043, 67
Trd, 4318396.093, 63
Trd, 4318397.093, 60
Trd, 4318398.943, 60
Trd, 4318399.193, 60
Trd, 4318399.543, 60
Trd, 4318400.093, 61
Trd, 4318400.143, 62
Trd, 4318400.193, 63
Trd, 4318401.643, 62
Trd, 4318402.393, 62
Trd, 4318402.993, 66
Trd, 4318403.943, 140
Trd, 4318405.143, 140
Trd, 4318405.293, 140
Trd, 4318405.793, 94
Trd, 4318406.743, 75
Trd, 4318407.043, 76
Trd, 4318407.843, 69
Trd, 4318408.093, 98
Trd, 4318409.443, 140
Trd, 4318409.493, 140
Trd, 4318409.593, 139
Trd, 4318409.993, 79
Trd, 4318410.443, 74
Trd, 4318411.593, 140
Trd, 4318411.843, 70
Trd, 4318413.643, 140
Trd, 4318415.043, 140
Trd, 4318417.593, 140
Trd, 4318418.143, 140
Trd, 4318418.243, 140
Trd, 4318418.293, 140
Trd, 4318418.593, 140
Trd, 4318418.793, 140
Trd, 4318419.793, 140
Trd, 4318420.143, 140
Trd, 4318420.293, 139
Trd, 4318421.893, 116
Trd, 4318422.743, 140
Trd, 4318423.193, 139
Trd, 4318423.693, 136
Trd, 4318424.143, 139
Trd, 4318424.943, 140
Trd, 4318425.343, 140
Trd, 4318425.393, 139
Trd, 4318425.993, 129
Trd, 4318428.693, 140
Trd, 4318428.743, 140
Trd, 4318428.843, 140
Trd, 4318429.193, 140
Trd, 4318429.443, 140
Trd, 4318429.943, 121
Trd, 4318431.293, 140
Trd, 4318432.343, 140
Trd, 4318432.493, 139
Trd, 4318432.793, 140
Trd, 4318433.543, 108
Trd, 4318434.493, 60
Trd, 4318434.743, 62
Trd, 4318435.343, 66
Trd, 4318436.393, 140
Trd, 4318436.793, 140
Trd, 4318437.143, 140
Trd, 4318437.843, 140
Trd, 4318438.093, 134
Trd, 4318439.543, 111
Trd, 4318439.843, 139
Trd, 4318440.693, 134
Trd, 4318440.843, 133
Trd, 4318441.193, 139
Trd, 4318442.193, 119
Trd, 4318443.093, 91
Trd, 4318443.843, 87
Trd, 4318443.943, 72
Trd, 4318444.343, 140
Trd, 4318445.493, 140
Trd, 4318445.743, 140
Trd, 4318445.843, 140
Trd, 4318447.093, 140
Trd, 4318448.393, 140
Trd, 4318448.593, 140
Trd, 4318448.693, 121
Trd, 4318449.043, 136
Trd, 4318450.843, 140
Trd, 4318451.993, 140
Trd, 4318452.393, 140
Trd, 4318453.343, 140
Trd, 4318454.093, 140
Trd, 4318455.143, 140
Trd, 4318455.293, 140
Trd, 4318455.993, 140
Trd, 4318456.493, 140
Trd, 4318456.793, 140
Trd, 4318456.993, 125
Trd, 4318457.493, 140
Trd, 4318457.743, 139
Trd, 4318458.293, 140
Trd, 4318458.643, 116
Trd, 4318459.793, 119
Trd, 4318461.043, 84
Trd, 4318462.943, 112
Trd, 4318463.243, 111
Trd, 4318463.993, 111
Trd, 4318464.493, 140
Trd, 4318465.293, 80
Trd, 4318465.343, 136
Trd, 4318466.293, 134
Trd, 4318468.993, 140
Trd, 4318469.343, 140
Trd, 4318469.593, 140
Trd, 4318469.793, 140
Trd, 4318469.993, 139
Trd, 4318471.093, 140
Trd, 4318471.393, 140
Trd, 4318471.493, 140
Trd, 4318471.793, 140
Trd, 4318472.793, 138
Trd, 4318473.693, 139
Trd, 4318474.343, 140
Trd, 4318474.993, 140
Trd, 4318475.693, 139
Trd, 4318476.293, 140
Trd, 4318476.893, 76
Trd, 4318478.393, 60
Trd, 4318478.543, 63
Trd, 4318478.943, 67
Trd, 4318479.293, 71
Trd, 4318480.193, 90
Trd, 4318484.143, 60
Trd, 4318484.343, 65
Trd, 4318484.493, 66
Trd, 4318484.543, 64
Trd, 4318485.393, 139
Trd, 4318485.643, 138
Trd, 4318487.143, 140
Trd, 4318487.343, 140
Trd, 4318487.393, 138
Trd, 4318487.593, 100
Trd, 4318488.443, 139
Trd, 4318488.993, 123
Trd, 4318489.093, 114
Trd, 4318489.193, 73
Trd, 4318490.143, 140
Trd, 4318490.193, 140
Trd, 4318491.293, 140
Trd, 4318491.543, 140
Trd, 4318492.993, 140
Trd, 4318494.593, 140
Trd, 4318494.843, 139
Trd, 4318495.093, 63
Trd, 4318496.193, 140
Trd, 4318496.943, 136
Trd, 4318497.793, 132
Trd, 4318498.393, 140
Trd, 4318499.293, 140
Trd, 4318500.093, 133
Trd, 4318500.343, 132
Trd, 4318501.043, 140
Trd, 4318501.393, 136
Trd, 4318501.543, 135
Trd, 4318503.043, 60
Trd, 4318503.293, 61
Trd, 4318504.093, 104
Trd, 4318505.443, 83
Trd, 4318505.543, 136
Trd, 4318505.893, 82
Trd, 4318506.243, 62
Trd, 4318506.593, 63
Trd, 4318506.693, 61
Trd, 4318507.343, 61
Trd, 4318507.893, 63
Trd, 4318508.593, 67
Trd, 4318509.993, 66
Trd, 4318510.243, 77
Trd, 4318510.793, 66
Trd, 4318511.593, 119
Trd, 4318512.693, 140
Trd, 4318512.943, 139
Trd, 4318513.193, 139
Trd, 4318514.393, 140
Trd, 4318515.593, 137
Trd, 4318515.893, 99
Trd, 4318516.243, 62
Trd, 4318516.793, 69
Trd, 4318518.293, 65
Trd, 4318519.293, 98
Trd, 4318520.793, 61
Trd, 4318521.343, 60
Trd, 4318522.043, 60
Trd, 4318522.993, 63
Trd, 4318523.593, 62
Trd, 4318524.543, 65
Trd, 4318524.743, 66
Trd, 4318525.593, 67
Trd, 4318525.943, 65
Trd, 4318526.793, 139
Trd, 4318527.043, 134
Trd, 4318527.643, 140
Trd, 4318528.043, 136
Trd, 4318528.343, 133
Trd, 4318529.293, 135
Trd, 4318529.543, 112
Trd, 4318529.643, 140
Trd, 4318529.843, 82
Trd, 4318530.043, 81
Trd, 4318530.843, 136
Trd, 4318531.943, 139
Trd, 4318532.143, 79
Trd, 4318532.293, 76
Trd, 4318534.293, 106
Trd, 4318534.943, 61
Trd, 4318536.543, 66
Trd, 4318537.443, 62
Trd, 4318537.543, 63
Trd, 4318538.043, 62
Trd, 4318538.443, 62
Trd, 4318538.993, 92
Trd, 4318540.193, 65
Trd, 4318540.293, 64
Trd, 4318541.043, 71
Trd, 4318541.493, 69
Trd, 4318542.193, 126
Trd, 4318542.343, 67
Trd, 4318544.043, 67
Trd, 4318544.093, 87
Trd, 4318544.443, 91
Trd, 4318545.393, 63
Trd, 4318546.293, 74
Trd, 4318546.993, 73
Trd, 4318547.793, 66
Trd, 4318548.093, 101
Trd, 4318549.993, 60
Trd, 4318550.043, 61
Trd, 4318550.343, 60
Trd, 4318550.643, 62
Trd, 4318550.943, 77
Trd, 4318551.543, 66
Trd, 4318551.993, 62
Trd, 4318553.243, 109
Trd, 4318553.543, 93
Trd, 4318555.543, 123
Trd, 4318555.793, 131
Trd, 4318556.093, 122
Trd, 4318557.593, 140
Trd, 4318557.693, 140
Trd, 4318558.793, 140
Trd, 4318559.443, 140
Trd, 4318559.893, 140
Trd, 4318560.393, 140
Trd, 4318560.643, 140
Trd, 4318561.043, 138
Trd, 4318561.593, 123
Trd, 4318562.093, 120
Trd, 4318563.743, 138
Trd, 4318563.843, 133
Trd, 4318565.293, 140
Trd, 4318565.893, 139
Trd, 4318567.143, 104
Trd, 4318567.393, 102
Trd, 4318567.943, 100
Trd, 4318568.643, 133
Trd, 4318569.193, 76
Trd, 4318569.993, 67
Trd, 4318570.143, 121
Trd, 4318570.443, 67
Trd, 4318571.443, 71
Trd, 4318571.643, 69
Trd, 4318572.443, 133
Trd, 4318572.593, 69
Trd, 4318573.393, 138
Trd, 4318574.543, 69
Trd, 4318574.693, 70
Trd, 4318575.093, 66
Trd, 4318576.043, 85
Trd, 4318576.993, 138
Trd, 4318577.393, 103
Trd, 4318577.893, 119
Trd, 4318579.393, 129
Trd, 4318580.393, 135
Trd, 4318581.893, 132
Trd, 4318581.993, 131
Trd, 4318582.543, 107
Trd, 4318583.243, 97
Trd, 4318584.043, 139
Trd, 4318585.093, 113
Trd, 4318585.643, 140
Trd, 4318585.693, 91
Trd, 4318586.743, 63
Trd, 4318587.893, 60
Trd, 4318587.943, 60
Trd, 4318588.393, 74
Trd, 4318590.043, 69
Trd, 4318590.093, 66
Trd, 4318590.193, 64
Trd, 4318591.443, 132
Trd, 4318591.543, 65
Trd, 4318592.343, 64
Trd, 4318593.593, 140
Trd, 4318594.393, 140
Trd, 4318594.843, 139
Trd, 4318595.993, 140
Trd, 4318596.443, 140
Trd, 4318596.793, 139
Trd, 4318598.093, 117
Trd, 4318598.493, 115
Trd, 4318598.793, 97
Trd, 4318599.493, 140
Trd, 4318600.193, 139
Trd, 4318600.793, 107
Trd, 4318602.093, 61
Trd, 4318602.843, 62
Trd, 4318603.993, 139
Trd, 4318604.393, 140
Trd, 4318604.893, 139
Trd, 4318605.443, 139
Trd, 4318605.693, 139
Trd, 4318606.043, 137
Trd, 4318607.143, 125
Trd, 4318607.843, 72
Trd, 4318609.043, 100
Trd, 4318609.293, 69
Trd, 4318609.543, 69
Trd, 4318609.993, 140
Trd, 4318612.093, 140
Trd, 4318612.243, 140
Trd, 4318612.493, 140
Trd, 4318613.293, 138
Trd, 4318613.793, 137
Trd, 4318614.143, 93
Trd, 4318614.393, 81
Trd, 4318615.793, 140
Trd, 4318616.043, 140
Trd, 4318617.293, 140
Trd, 4318617.593, 140
Trd, 4318618.593, 140
Trd, 4318619.243, 140
Trd, 4318619.893, 140
Trd, 4318620.443, 62
Trd, 4318621.243, 86
Trd, 4318621.543, 67
Trd, 4318621.843, 73
Trd, 4318623.543, 140
Trd, 4318623.593, 140
Trd, 4318624.043, 140
Trd, 4318624.943, 110
Trd, 4318625.643, 134
Trd, 4318626.193, 139
Trd, 4318627.193, 135
Trd, 4318627.443, 118
Trd, 4318627.843, 65
Trd, 4318628.693, 140
Trd, 4318629.193, 140
Trd, 4318630.743, 140
Trd, 4318631.043, 140
Trd, 4318631.343, 140
Trd, 4318631.943, 140
Trd, 4318632.243, 137
Trd, 4318633.393, 63
Trd, 4318633.793, 140
Trd, 4318633.893, 140
Trd, 4318634.393, 62
Trd, 4318635.843, 140
Trd, 4318636.493, 140
Trd, 4318637.143, 140
Trd, 4318637.343, 118
Trd, 4318638.093, 69
Trd, 4318638.493, 69
Trd, 4318639.993, 137
Trd, 4318641.243, 139
Trd, 4318641.393, 137
Trd, 4318641.843, 131
Trd, 4318642.393, 138
Trd, 4318642.943, 69
Trd, 4318643.643, 140
Trd, 4318644.193, 74
Trd, 4318644.443, 73
Trd, 4318644.893, 72
Trd, 4318646.943, 60
Trd, 4318647.293, 66
Trd, 4318648.643, 60
Trd, 4318648.743, 60
Trd, 4318649.793, 61
Trd, 4318651.493, 63
Trd, 4318651.793, 68
Trd, 4318651.993, 82
Trd, 4318652.943, 61
Trd, 4318653.643, 60
Trd, 4318655.643, 62
Trd, 4318656.393, 60
Trd, 4318657.143, 60
Trd, 4318658.143, 62
Trd, 4318659.293, 65
Trd, 4318660.793, 60
Trd, 4318662.893, 60
Trd, 4318662.943, 61
Trd, 4318663.243, 61
Trd, 4318663.543, 63
Trd, 4318663.743, 107
Trd, 4318664.493, 103
Trd, 4318665.793, 81
Trd, 4318666.293, 71
Trd, 4318666.743, 64
Trd, 4318666.943, 71
Trd, 4318666.993, 64
Trd, 4318668.093, 84
Trd, 4318668.393, 61
Trd, 4318669.243, 72
Trd, 4318669.993, 61
Trd, 4318671.543, 60
Trd, 4318672.543, 61
Trd, 4318673.493, 60
Trd, 4318673.843, 64
Trd, 4318675.243, 60
Trd, 4318675.293, 62
Trd, 4318675.993, 60
Trd, 4318676.593, 62
Trd, 4318677.843, 62
Trd, 4318678.243, 67
Trd, 4318679.643, 60
Trd, 4318680.393, 64
Trd, 4318681.293, 140
Trd, 4318681.343, 97
Trd, 4318681.493, 137
Trd, 4318681.993, 121
Trd, 4318682.093, 96
Trd, 4318682.793, 139
Trd, 4318683.393, 140
Trd, 4318683.843, 140
Trd, 4318684.193, 140
Trd, 4318684.393, 140
Trd, 4318685.143, 136
Trd, 4318685.843, 118
Trd, 4318686.093, 117
Trd, 4318686.893, 140
Trd, 4318688.143, 140
Trd, 4318688.743, 119
Trd, 4318689.693, 140
Trd, 4318690.043, 140
Trd, 4318691.993, 140
Trd, 4318692.443, 140
Trd, 4318692.893, 140
Trd, 4318693.143, 140
Trd, 4318693.393, 82
Trd, 4318694.493, 112
Trd, 4318694.643, 72
Trd, 4318696.143, 60
Trd, 4318697.043, 60
Trd, 4318697.243, 69
Trd, 4318697.493, 139
Trd, 4318700.943, 60
Trd, 4318701.643, 61
Trd, 4318702.193, 61
Trd, 4318702.643, 74
Trd, 4318702.843, 139
Trd, 4318703.593, 60
Trd, 4318705.243, 60
Trd, 4318705.543, 60
Trd, 4318705.943, 60
Trd, 4318705.993, 70
Trd, 4318706.393, 63
Trd, 4318706.793, 103
Trd, 4318707.543, 102
Trd, 4318707.793, 99
Trd, 4318708.043, 79
Trd, 4318709.693, 67
Trd, 4318709.893, 91
Trd, 4318711.193, 60
Trd, 4318711.793, 103
Trd, 4318713.743, 62
Trd, 4318713.893, 62
Trd, 4318715.243, 63
Trd, 4318716.043, 83
Trd, 4318717.093, 60
Trd, 4318718.293, 62
Trd, 4318718.643, 60
Trd, 4318718.893, 60
Trd, 4318719.043, 60
Trd, 4318719.243, 63
Trd, 4318720.293, 67
Trd, 4318720.693, 60
Trd, 4318720.743, 66
Trd, 4318721.643, 64
Trd, 4318721.893, 71
Trd, 4318722.943, 70
Trd, 4318723.643, 61
Trd, 4318724.493, 64
Trd, 4318724.693, 66
Trd, 4318725.793, 60
Trd, 4318727.093, 60
Trd, 4318728.043, 67
Trd, 4318729.193, 60
Trd, 4318729.543, 62
Trd, 4318730.143, 60
Trd, 4318730.693, 61
Trd, 4318732.493, 60
Trd, 4318735.193, 60
Trd, 4318735.393, 61
Trd, 4318735.693, 62
Trd, 4318736.193, 62
Trd, 4318737.043, 60
Trd, 4318737.793, 60
Trd, 4318738.193, 62
Trd, 4318738.693, 63
Trd, 4318739.443, 68
Trd, 4318739.543, 61
Trd, 4318741.493, 60
Trd, 4318742.743, 65
Trd, 4318743.193, 63
Trd, 4318743.393, 68
Trd, 4318743.943, 63
Trd, 4318744.093, 76
Trd, 4318744.993, 140
Trd, 4318745.243, 140
Trd, 4318745.343, 76
Trd, 4318746.593, 125
Trd, 4318747.893, 74
Trd, 4318748.593, 60
Trd, 4318748.743, 75
Trd, 4318749.093, 73
Trd, 4318749.793, 65
Trd, 4318749.893, 82
Trd, 4318751.093, 65
Trd, 4318751.493, 63
Trd, 4318751.843, 62
Trd, 4318752.193, 77
Trd, 4318752.893, 61
Trd, 4318753.893, 60
Trd, 4318755.143, 60
Trd, 4318755.293, 62
Trd, 4318755.893, 68
Trd, 4318757.343, 65
Trd, 4318757.643, 60
Trd, 4318758.943, 62
Trd, 4318759.093, 62
Trd, 4318759.143, 67
Trd, 4318760.043, 76
Trd, 4318760.343, 75
Trd, 4318761.293, 140
Trd, 4318761.943, 140
Trd, 4318762.793, 140
Trd, 4318763.593, 140
Trd, 4318763.743, 75
Trd, 4318765.593, 140
Trd, 4318765.643, 140
Trd, 4318767.143, 140
Trd, 4318767.593, 140
Trd, 4318767.793, 140
Trd, 4318767.843, 138
Trd, 4318769.043, 95
Trd, 4318769.843, 140
Trd, 4318770.143, 140
Trd, 4318770.843, 140
Trd, 4318771.693, 140
Trd, 4318772.143, 139
Trd, 4318773.793, 66
Trd, 4318774.793, 60
Trd, 4318775.243, 60
Trd, 4318775.993, 65
Trd, 4318776.093, 65
Trd, 4318776.143, 62
Trd, 4318777.393, 112
Trd, 4318777.643, 123
Trd, 4318777.943, 94
Trd, 4318778.193, 63
Trd, 4318778.693, 137
Trd, 4318779.743, 140
Trd, 4318780.243, 140
Trd, 4318781.243, 140
Trd, 4318781.393, 140
Trd, 4318781.843, 140
Trd, 4318782.293, 140
Trd, 4318782.493, 125
Trd, 4318783.893, 60
Trd, 4318785.643, 60
Trd, 4318785.893, 61
Trd, 4318786.543, 76
Trd, 4318787.593, 140
Trd, 4318787.793, 140
Trd, 4318787.993, 140
Trd, 4318788.143, 140
Trd, 4318788.843, 140
Trd, 4318789.043, 137
Trd, 4318790.593, 136
Trd, 4318792.143, 139
Trd, 4318792.543, 85
Trd, 4318792.993, 60
Trd, 4318794.343, 60
Trd, 4318794.543, 61
Trd, 4318794.993, 61
Trd, 4318796.343, 60
Trd, 4318796.543, 61
Trd, 4318796.593, 62
Trd, 4318798.993, 68
Trd, 4318799.443, 69
Trd, 4318799.643, 68
Trd, 4318799.943, 66
Trd, 4318800.293, 123
Trd, 4318801.493, 140
Trd, 4318801.643, 139
Trd, 4318802.093, 140
Trd, 4318802.493, 140
Trd, 4318802.793, 140
Trd, 4318803.593, 86
Trd, 4318804.793, 62
Trd, 4318804.893, 129
Trd, 4318806.443, 78
Trd, 4318807.393, 77
Trd, 4318808.543, 131
Trd, 4318808.593, 130
Trd, 4318808.643, 64
Trd, 4318808.693, 134
Trd, 4318809.843, 60
Trd, 4318810.243, 60
Trd, 4318811.493, 66
Trd, 4318812.093, 111
Trd, 4318814.093, 60
Trd, 4318814.943, 61
Trd, 4318815.393, 64
Trd, 4318816.643, 73
Trd, 4318816.693, 66
Trd, 4318817.643, 70
Trd, 4318818.593, 140
Trd, 4318818.793, 69
Trd, 4318819.493, 140
Trd, 4318820.193, 139
Trd, 4318820.893, 97
Trd, 4318820.993, 140
Trd, 4318821.043, 96
Trd, 4318821.893, 116
Trd, 4318823.193, 140
Trd, 4318824.893, 140
Trd, 4318825.043, 140
Trd, 4318825.693, 140
Trd, 4318826.093, 140
Trd, 4318826.393, 140
Trd, 4318827.443, 140
Trd, 4318827.593, 139
Trd, 4318828.343, 140
Trd, 4318828.643, 140
Trd, 4318829.293, 139
Trd, 4318830.593, 140
Trd, 4318831.193, 140
Trd, 4318831.243, 140
Trd, 4318831.793, 140
Trd, 4318832.393, 135
Trd, 4318833.593, 139
Trd, 4318833.743, 118
Trd, 4318833.943, 88
Trd, 4318835.293, 102
Trd, 4318836.343, 140
Trd, 4318836.843, 116
Trd, 4318837.993, 130
Trd, 4318838.243, 127
Trd, 4318838.443, 138
Trd, 4318839.193, 128
Trd, 4318839.743, 139
Trd, 4318841.043, 125
Trd, 4318841.843, 140
Trd, 4318842.743, 140
Trd, 4318842.843, 140
Trd, 4318843.393, 133
Trd, 4318843.643, 137
Trd, 4318844.243, 114
Trd, 4318845.943, 140
Trd, 4318846.543, 64
Trd, 4318847.293, 99
Trd, 4318847.643, 68
Trd, 4318848.293, 94
Trd, 4318848.593, 69
Trd, 4318848.793, 114
Trd, 4318849.243, 80
Trd, 4318849.893, 137
Trd, 4318852.143, 61
Trd, 4318852.443, 63
Trd, 4318852.843, 65
Trd, 4318853.193, 62
Trd, 4318853.743, 67
Trd, 4318854.193, 64
Trd, 4318854.293, 64
Trd, 4318854.393, 63
Trd, 4318854.943, 140
Trd, 4318856.843, 140
Trd, 4318857.243, 138
Trd, 4318857.643, 136
Trd, 4318859.393, 60
Trd, 4318859.543, 68
Trd, 4318859.893, 61
Trd, 4318861.043, 63
Trd, 4318862.343, 75
Trd, 4318862.593, 62
Trd, 4318862.693, 63
Trd, 4318863.143, 66
Trd, 4318863.393, 139
Trd, 4318863.793, 138
Trd, 4318864.293, 62
Trd, 4318865.543, 138
Trd, 4318866.643, 70
Trd, 4318866.843, 117
Trd, 4318867.443, 87
Trd, 4318867.693, 87
Trd, 4318869.043, 140
Trd, 4318869.793, 140
Trd, 4318869.843, 140
Trd, 4318870.643, 135
Trd, 4318871.543, 64
Trd, 4318872.093, 60
Trd, 4318872.243, 60
Trd, 4318872.993, 72
Trd, 4318875.343, 65
Trd, 4318875.493, 67
Trd, 4318877.993, 60
Trd, 4318878.443, 61
Trd, 4318878.943, 62
Trd, 4318879.093, 139
Trd, 4318880.043, 64
Trd, 4318880.493, 67
Trd, 4318881.193, 84
Trd, 4318882.593, 66
Trd, 4318883.593, 70
Trd, 4318884.093, 69
Trd, 4318884.493, 82
Trd, 4318884.593, 72
Trd, 4318884.743, 69
Trd, 4318884.943, 71
Trd, 4318885.693, 63
Trd, 4318886.893, 68
Trd, 4318887.543, 140
Trd, 4318888.343, 140
Trd, 4318888.993, 110
Trd, 4318889.693, 138
Trd, 4318889.743, 118
Trd, 4318890.143, 140
Trd, 4318891.093, 69
Trd, 4318892.843, 137
Trd, 4318893.143, 85
Trd, 4318893.393, 78
Trd, 4318894.143, 117
Trd, 4318894.443, 117
Trd, 4318895.443, 140
Trd, 4318896.193, 65
Trd, 4318896.593, 87
Trd, 4318898.293, 64
Trd, 4318898.343, 68
Trd, 4318898.393, 73
Trd, 4318900.243, 60
Trd, 4318901.293, 60
Trd, 4318901.943, 62
Trd, 4318903.293, 61
Trd, 4318903.843, 62
Trd, 4318903.993, 62
Trd, 4318904.093, 68
Trd, 4318904.943, 69
Trd, 4318905.193, 66
Trd, 4318905.493, 83
Trd, 4318906.393, 139
Trd, 4318906.493, 138
Trd, 4318907.043, 139
Trd, 4318908.343, 61
Trd, 4318908.543, 62
Trd, 4318909.343, 83
Trd, 4318910.943, 60
Trd, 4318912.443, 61
Trd, 4318913.343, 63
Trd, 4318915.093, 62
Trd, 4318915.843, 61
Trd, 4318916.443, 61
Trd, 4318916.593, 82
Trd, 4318916.893, 65
Trd, 4318917.743, 140
Trd, 4318917.943, 140
Trd, 4318918.193, 140
Trd, 4318919.493, 140
Trd, 4318920.543, 140
Trd, 4318920.743, 102
Trd, 4318922.593, 64
Trd, 4318923.043, 62
Trd, 4318923.343, 65
Trd, 4318923.793, 63
Trd, 4318923.893, 66
Trd, 4318924.643, 65
Trd, 4318924.793, 66
Trd, 4318925.843, 60
Trd, 4318927.293, 60
Trd, 4318927.993, 60
Trd, 4318929.493, 60
Trd, 4318929.893, 63
Trd, 4318930.643, 67
Trd, 4318931.293, 66
Trd, 4318933.843, 60
Trd, 4318934.843, 60
Trd, 4318935.893, 62
Trd, 4318936.043, 64
Trd, 4318936.243, 69
Trd, 4318937.093, 85
Trd, 4318937.343, 72
Trd, 4318937.443, 70
Trd, 4318937.693, 88
Trd, 4318938.043, 124
Trd, 4318939.793, 76
Trd, 4318939.943, 74
Trd, 4318940.193, 73
Trd, 4318940.643, 139
Trd, 4318940.843, 138
Trd, 4318942.593, 60
Trd, 4318945.043, 60
Trd, 4318945.243, 60
Trd, 4318946.343, 61
Trd, 4318946.593, 61
Trd, 4318947.243, 61
Trd, 4318947.393, 63
Trd, 4318947.943, 64
Trd, 4318948.193, 69
Trd, 4318949.443, 140
Trd, 4318949.493, 140
Trd, 4318949.643, 139
Trd, 4318949.943, 79
Trd, 4318950.943, 91
Trd, 4318952.243, 60
Trd, 4318952.293, 61
Trd, 4318952.593, 140
Trd, 4318954.493, 62
Trd, 4318954.843, 61
Trd, 4318955.143, 63
Trd, 4318955.343, 60
Trd, 4318955.893, 60
Trd, 4318956.293, 121
Trd, 4318957.443, 77
Trd, 4318958.693, 69
Trd, 4318959.243, 68
Trd, 4318959.893, 76
Trd, 4318960.193, 68
Trd, 4318960.643, 77
Trd, 4318961.443, 103
Trd, 4318961.943, 76
Trd, 4318962.693, 140
Trd, 4318963.093, 139
Trd, 4318963.643, 116
Trd, 4318964.543, 139
Trd, 4318965.143, 140
Trd, 4318966.093, 95
Trd, 4318967.043, 122
Trd, 4318967.143, 120
Trd, 4318967.793, 139
Trd, 4318968.143, 120
Trd, 4318968.543, 94
Trd, 4318970.343, 73
Trd, 4318970.543, 140
Trd, 4318971.793, 73
Trd, 4318972.393, 73
Trd, 4318972.693, 73
Trd, 4318973.543, 60
Trd, 4318973.693, 140
Trd, 4318974.693, 139
Trd, 4318976.043, 60
Trd, 4318976.093, 60
Trd, 4318977.393, 70
Trd, 4318977.993, 85
Trd, 4318979.243, 60
Trd, 4318980.593, 61
Trd, 4318980.793, 61
Trd, 4318980.893, 62
Trd, 4318982.543, 61
Trd, 4318983.643, 60
Trd, 4318983.993, 65
Trd, 4318985.143, 60
Trd, 4318985.593, 62
Trd, 4318985.793, 62
Trd, 4318986.243, 64
Trd, 4318986.593, 98
Trd, 4318987.643, 69
Trd, 4318987.793, 68
Trd, 4318987.943, 72
Trd, 4318987.993, 87
Trd, 4318988.293, 132
Trd, 4318989.093, 68
Trd, 4318990.443, 61
Trd, 4318990.793, 63
Trd, 4318991.593, 60
Trd, 4318992.493, 122
Trd, 4318992.893, 122
Trd, 4318993.593, 127
Trd, 4318995.043, 140
Trd, 4318995.093, 138
Trd, 4318995.643, 138
Trd, 4318996.093, 138
Trd, 4318996.243, 139
Trd, 4318997.493, 137
Trd, 4318997.593, 124
Trd, 4318998.543, 62
Trd, 4318999.493, 60
Trd, 4319000.293, 109
Trd, 4319000.393, 110
Trd, 4319001.193, 108
Trd, 4319001.493, 95
Trd, 4319001.743, 137
Trd, 4319001.843, 95
Trd, 4319002.393, 94
Trd, 4319003.293, 65
Trd, 4319004.543, 139
Trd, 4319005.443, 129
Trd, 4319005.593, 128
Trd, 4319006.343, 137
Trd, 4319006.443, 128
Trd, 4319006.893, 127
Trd, 4319007.143, 120
Trd, 4319007.393, 118
Trd, 4319008.793, 140
Trd, 4319009.093, 140
Trd, 4319009.343, 139
Trd, 4319010.693, 139
Trd, 4319010.843, 139
Trd, 4319012.893, 106
Trd, 4319015.193, 140
Trd, 4319015.493, 140
Trd, 4319015.593, 140
Trd, 4319015.643, 140
Trd, 4319016.543, 140
Trd, 4319016.693, 139
Trd, 4319018.293, 90
Trd, 4319018.493, 139
Trd, 4319018.893, 102
Trd, 4319019.793, 140
Trd, 4319020.043, 98
Trd, 4319021.443, 63
Trd, 4319021.693, 61
Trd, 4319021.793, 118
Trd, 4319022.893, 119
Trd, 4319023.693, 65
Trd, 4319024.043, 75
Trd, 4319025.943, 60
Trd, 4319026.393, 61
Trd, 4319026.993, 62
Trd, 4319028.643, 63
Trd, 4319028.943, 61
Trd, 4319030.093, 62
Trd, 4319030.693, 79
Trd, 4319031.093, 62
Trd, 4319031.493, 68
Trd, 4319032.243, 65
Trd, 4319032.343, 71
Trd, 4319033.343, 120
Trd, 4319033.493, 114
Trd, 4319033.943, 66
Trd, 4319033.993, 65
Trd, 4319035.243, 60
Trd, 4319037.043, 63
Trd, 4319037.743, 66
Trd, 4319038.443, 140
Trd, 4319039.293, 82
Trd, 4319041.393, 61
Trd, 4319042.143, 60
Trd, 4319042.543, 60
Trd, 4319042.693, 66
Trd, 4319043.343, 122
Trd, 4319043.993, 69
Trd, 4319044.943, 69
Trd, 4319045.143, 70
Trd, 4319045.793, 81
Trd, 4319045.943, 68
Trd, 4319046.493, 71
Trd, 4319046.793, 62
Trd, 4319046.893, 66
Trd, 4319047.943, 140
Trd, 4319048.593, 136
Trd, 4319048.993, 65
Trd, 4319049.893, 69
Trd, 4319051.193, 137
Trd, 4319052.793, 131
Trd, 4319052.843, 128
Trd, 4319053.393, 126
Trd, 4319053.643, 125
Trd, 4319054.443, 66
Trd, 4319055.043, 87
Trd, 4319055.643, 74
Trd, 4319056.543, 74
Trd, 4319056.643, 72
Trd, 4319057.793, 89
Trd, 4319058.243, 140
Trd, 4319059.243, 62
Trd, 4319059.993, 140
Trd, 4319060.093, 140
Trd, 4319061.393, 60
Trd, 4319061.543, 62
Trd, 4319062.243, 64
Trd, 4319063.143, 82
Trd, 4319064.393, 60
Trd, 4319065.143, 62
Trd, 4319065.243, 62
Trd, 4319066.493, 63
Trd, 4319066.693, 63
Trd, 4319067.143, 63
Trd, 4319067.643, 67
Trd, 4319067.693, 102
Trd, 4319068.043, 65
Trd, 4319068.093, 60
Trd, 4319068.743, 67
Trd, 4319068.943, 61
Trd, 4319069.693, 138
Trd, 4319071.593, 60
Trd, 4319072.493, 62
Trd, 4319073.343, 62
Trd, 4319073.993, 60
Trd, 4319074.693, 61
Trd, 4319076.443, 62
Trd, 4319077.343, 62
Trd, 4319079.243, 61
Trd, 4319079.793, 60
Trd, 4319080.093, 60
Trd, 4319081.343, 60
Trd, 4319081.443, 62
Trd, 4319081.543, 63
Trd, 4319082.243, 60
Trd, 4319082.843, 64
Trd, 4319082.943, 63
Trd, 4319083.493, 68
Trd, 4319084.443, 140
Trd, 4319086.493, 140
Trd, 4319086.943, 140
Trd, 4319087.293, 140
Trd, 4319087.443, 94
Trd, 4319087.893, 73
Trd, 4319088.543, 62
Trd, 4319088.743, 75
Trd, 4319089.893, 104
Trd, 4319090.743, 70
Trd, 4319091.293, 62
Trd, 4319093.193, 140
Trd, 4319093.393, 140
Trd, 4319093.493, 140
Trd, 4319093.643, 140
Trd, 4319094.843, 139
Trd, 4319095.743, 105
Trd, 4319096.893, 63
Trd, 4319097.443, 64
Trd, 4319098.143, 78
Trd, 4319098.593, 71
Trd, 4319098.843, 70
Trd, 4319099.093, 74
Trd, 4319099.143, 93
Trd, 4319099.493, 63
Trd, 4319102.393, 63
Trd, 4319102.693, 61
Trd, 4319102.793, 64
Trd, 4319103.643, 64
Trd, 4319104.443, 69
Trd, 4319105.693, 69
Trd, 4319106.093, 62
Trd, 4319106.393, 63
Trd, 4319107.393, 64
Trd, 4319107.793, 63
Trd, 4319108.243, 63
Trd, 4319108.943, 139
Trd, 4319109.043, 111
Trd, 4319109.343, 110
Trd, 4319109.693, 84
Trd, 4319111.493, 140
Trd, 4319111.793, 140
Trd, 4319112.043, 140
Trd, 4319112.243, 140
Trd, 4319112.393, 140
Trd, 4319113.643, 103
Trd, 4319113.743, 120
Trd, 4319114.393, 96
Trd, 4319114.593, 82
Trd, 4319115.443, 140
Trd, 4319116.443, 86
Trd, 4319117.543, 140
Trd, 4319117.693, 140
Trd, 4319119.243, 139
Trd, 4319121.243, 140
Trd, 4319121.293, 140
Trd, 4319121.443, 138
Trd, 4319121.593, 133
Trd, 4319121.793, 85
Trd, 4319123.743, 74
Trd, 4319124.093, 75
Trd, 4319124.343, 73
Trd, 4319125.143, 91
Trd, 4319126.293, 100
Trd, 4319126.793, 138
Trd, 4319127.243, 135
Trd, 4319127.893, 139
Trd, 4319128.943, 140
Trd, 4319129.443, 140
Trd, 4319129.793, 140
Trd, 4319130.793, 77
Trd, 4319131.343, 87
Trd, 4319131.393, 76
Trd, 4319132.743, 80
Trd, 4319133.893, 140
Trd, 4319134.343, 140
Trd, 4319134.443, 111
Trd, 4319134.943, 128
Trd, 4319136.243, 137
Trd, 4319136.493, 136
Trd, 4319137.543, 93
Trd, 4319137.593, 89
Trd, 4319138.693, 78
Trd, 4319139.193, 69
Trd, 4319139.693, 60
Trd, 4319139.893, 65
Trd, 4319141.493, 60
Trd, 4319142.543, 66
Trd, 4319142.893, 62
Trd, 4319143.893, 64
Trd, 4319144.243, 70
Trd, 4319146.093, 115
Trd, 4319146.193, 87
Trd, 4319146.593, 77
Trd, 4319147.093, 140
Trd, 4319147.493, 137
Trd, 4319147.693, 75
Trd, 4319148.043, 139
Trd, 4319148.693, 140
Trd, 4319149.443, 140
Trd, 4319150.393, 140
Trd, 4319151.193, 140
Trd, 4319152.393, 140
Trd, 4319153.243, 140
Trd, 4319153.743, 140
Trd, 4319154.043, 140
Trd, 4319154.143, 71
Trd, 4319154.543, 118
Trd, 4319155.643, 98
Trd, 4319156.043, 72
Trd, 4319156.643, 64
Trd, 4319156.893, 140
Trd, 4319157.693, 60
Trd, 4319159.043, 60
Trd, 4319160.543, 60
Trd, 4319161.843, 60
Trd, 4319162.593, 65
Trd, 4319164.293, 61
Trd, 4319166.093, 63
Trd, 4319166.893, 64
Trd, 4319167.443, 73
Trd, 4319168.043, 66
Trd, 4319169.043, 84
Trd, 4319169.343, 140
Trd, 4319170.043, 123
Trd, 4319170.193, 70
Trd, 4319170.243, 124
Trd, 4319171.543, 74
Trd, 4319171.843, 72
Trd, 4319172.993, 139
Trd, 4319173.743, 111
Trd, 4319174.343, 119
Trd, 4319174.543, 111
Trd, 4319175.093, 132
Trd, 4319175.193, 123
Trd, 4319177.043, 140
Trd, 4319177.243, 138
Trd, 4319178.443, 140
Trd, 4319178.743, 140
Trd, 4319178.793, 138
Trd, 4319179.343, 137
Trd, 4319180.443, 140
Trd, 4319180.693, 140
Trd, 4319180.843, 139
Trd, 4319181.143, 140
Trd, 4319181.243, 139
Trd, 4319182.443, 140
Trd, 4319183.093, 137
Trd, 4319183.443, 93
Trd, 4319185.193, 120
Trd, 4319185.643, 120
Trd, 4319186.443, 121
Trd, 4319187.093, 140
Trd, 4319187.993, 123
Trd, 4319189.243, 128
Trd, 4319189.393, 127
Trd, 4319189.643, 126
Trd, 4319189.943, 140
Trd, 4319190.843, 140
Trd, 4319191.193, 74
Trd, 4319192.093, 60
Trd, 4319192.543, 62
Trd, 4319193.193, 60
Trd, 4319194.243, 60
Trd, 4319194.843, 65
Trd, 4319195.743, 60
Trd, 4319196.493, 60
Trd, 4319197.293, 133
Trd, 4319198.143, 60
Trd, 4319198.293, 60
Trd, 4319199.343, 60
Trd, 4319199.743, 61
Trd, 4319200.493, 65
Trd, 4319202.143, 63
Trd, 4319202.393, 61
Trd, 4319203.493, 67
Trd, 4319203.743, 70
Trd, 4319204.443, 63
Trd, 4319204.793, 78
Trd, 4319205.693, 71
Trd, 4319205.843, 68
Trd, 4319206.793, 140
Trd, 4319206.993, 140
Trd, 4319207.143, 71
Trd, 4319207.793, 136
Trd, 4319208.043, 62
Trd, 4319208.343, 140
Trd, 4319210.043, 140
Trd, 4319210.393, 139
Trd, 4319210.693, 139
Trd, 4319210.993, 140
Trd, 4319211.543, 139
Trd, 4319212.493, 79
Trd, 4319212.843, 127
Trd, 4319212.943, 126
Trd, 4319214.143, 139
Trd, 4319214.593, 138
Trd, 4319215.543, 106
Trd, 4319215.943, 108
Trd, 4319216.293, 76
Trd, 4319216.493, 74
Trd, 4319217.493, 123
Trd, 4319218.443, 65
Trd, 4319219.093, 60
Trd, 4319219.943, 140
Trd, 4319220.043, 140
Trd, 4319220.793, 127
Trd, 4319221.943, 139
Trd, 4319222.443, 135
Trd, 4319222.943, 139
Trd, 4319224.643, 134
Trd, 4319224.793, 133
Trd, 4319224.943, 78
Trd, 4319226.043, 112
Trd, 4319227.593, 140
Trd, 4319228.043, 140
Trd, 4319228.193, 138
Trd, 4319229.193, 140
Trd, 4319232.293, 64
Trd, 4319232.593, 61
Trd, 4319233.143, 60
Trd, 4319233.693, 61
Trd, 4319233.793, 64
Trd, 4319234.593, 63
Trd, 4319235.293, 63
Trd, 4319236.793, 61
Trd, 4319237.343, 60
Trd, 4319238.993, 61
Trd, 4319239.193, 139
Trd, 4319240.043, 140
Trd, 4319240.643, 140
Trd, 4319241.243, 140
Trd, 4319241.393, 139
Trd, 4319241.943, 140
Trd, 4319241.993, 140
Trd, 4319243.093, 83
Trd, 4319244.743, 140
Trd, 4319244.993, 140
Trd, 4319245.143, 139
Trd, 4319245.593, 139
Trd, 4319247.043, 132
Trd, 4319247.243, 83
Trd, 4319247.693, 133
Trd, 4319248.743, 78
Trd, 4319249.143, 79
Trd, 4319249.193, 109
Trd, 4319249.643, 90
Trd, 4319251.643, 84
Trd, 4319251.693, 83
Trd, 4319251.743, 81
Trd, 4319252.693, 133
Trd, 4319252.893, 132
Trd, 4319253.893, 140
Trd, 4319253.943, 135
Trd, 4319254.193, 134
Trd, 4319255.743, 60
Trd, 4319256.943, 61
Trd, 4319258.743, 64
Trd, 4319258.993, 113
Trd, 4319259.493, 140
Trd, 4319259.893, 140
Trd, 4319259.993, 140
Trd, 4319261.293, 140
Trd, 4319261.843, 140
Trd, 4319261.993, 140
Trd, 4319262.993, 140
Trd, 4319263.643, 140
Trd, 4319263.743, 140
Trd, 4319264.993, 140
Trd, 4319265.993, 140
Trd, 4319266.143, 140
Trd, 4319266.343, 140
Trd, 4319267.043, 126
Trd, 4319267.893, 113
Trd, 4319268.743, 139
Trd, 4319268.993, 140
Trd, 4319269.143, 140
Trd, 4319271.093, 139
Trd, 4319271.893, 140
Trd, 4319272.343, 140
Trd, 4319272.493, 139
Trd, 4319272.693, 138
Trd, 4319272.893, 140
Trd, 4319273.843, 61
Trd, 4319273.993, 76
Trd, 4319276.543, 140
Trd, 4319276.843, 140
Trd, 4319276.993, 140
Trd, 4319277.443, 140
Trd, 4319277.543, 139
Trd, 4319278.093, 114
Trd, 4319279.443, 139
Trd, 4319280.443, 140
Trd, 4319280.743, 119
Trd, 4319281.493, 140
Trd, 4319282.443, 139
Trd, 4319282.943, 132
Trd, 4319283.093, 98
Trd, 4319283.793, 140
Trd, 4319285.493, 140
Trd, 4319285.643, 131
Trd, 4319286.893, 140
Trd, 4319288.193, 140
Trd, 4319288.493, 140
Trd, 4319288.693, 140
Trd, 4319288.843, 131
Trd, 4319289.443, 140
Trd, 4319290.793, 140
Trd, 4319291.243, 140
Trd, 4319291.893, 140
Trd, 4319293.043, 140
Trd, 4319293.643, 140
Trd, 4319294.293, 140
Trd, 4319295.593, 123
Trd, 4319295.943, 106
Trd, 4319297.243, 72
Trd, 4319297.343, 101
Trd, 4319297.793, 102
Trd, 4319298.143, 73
Trd, 4319298.543, 72
Trd, 4319298.993, 71
Trd, 4319299.843, 91
Trd, 4319300.443, 113
Trd, 4319300.493, 96
Trd, 4319301.793, 90
Trd, 4319302.643, 128
Trd, 4319303.293, 128
Trd, 4319303.593, 139
Trd, 4319303.793, 136
Trd, 4319304.043, 110
Trd, 4319306.543, 140
Trd, 4319306.743, 140
Trd, 4319306.893, 140
Trd, 4319309.243, 140
Trd, 4319309.793, 140
Trd, 4319310.043, 140
Trd, 4319310.543, 139
Trd, 4319311.393, 140
Trd, 4319311.493, 140
Trd, 4319311.843, 130
Trd, 4319312.643, 119
Trd, 4319314.643, 140
Trd, 4319314.943, 140
Trd, 4319315.293, 140
Trd, 4319316.143, 140
Trd, 4319316.343, 140
Trd, 4319316.743, 139
Trd, 4319317.043, 109
Trd, 4319317.693, 139
Trd, 4319318.493, 133
Trd, 4319319.143, 140
Trd, 4319319.743, 140
Trd, 4319319.993, 140
Trd, 4319321.493, 140
Trd, 4319322.243, 140
Trd, 4319322.343, 140
Trd, 4319322.443, 139
Trd, 4319323.293, 115
Trd, 4319325.493, 140
Trd, 4319325.693, 136
Trd, 4319326.643, 140
Trd, 4319326.743, 140
Trd, 4319327.043, 140
Trd, 4319327.543, 140
Trd, 4319328.343, 139
Trd, 4319328.493, 137
Trd, 4319328.943, 136
Trd, 4319328.993, 74
Trd, 4319329.293, 70
Trd, 4319330.393, 139
Trd, 4319331.243, 140
Trd, 4319332.293, 139
Trd, 4319333.093, 140
Trd, 4319333.293, 140
Trd, 4319333.893, 140
Trd, 4319334.843, 140
Trd, 4319335.943, 140
Trd, 4319335.993, 139
Trd, 4319336.293, 138
Trd, 4319337.543, 140
Trd, 4319338.193, 140
Trd, 4319339.343, 140
Trd, 4319339.943, 140
Trd, 4319340.443, 139
Trd, 4319340.993, 128
Trd, 4319341.493, 88
Trd, 4319341.543, 96
Trd, 4319343.243, 140
Trd, 4319343.743, 140
Trd, 4319343.943, 81
Trd, 4319344.543, 119
Trd, 4319345.643, 140
Trd, 4319347.243, 140
Trd, 4319347.293, 140
Trd, 4319347.443, 137
Trd, 4319348.743, 140
Trd, 4319348.843, 137
Trd, 4319349.743, 125
Trd, 4319351.093, 140
Trd, 4319351.543, 140
Trd, 4319351.843, 140
Trd, 4319351.893, 140
Trd, 4319351.943, 140
Trd, 4319352.193, 139
Trd, 4319352.543, 114
Trd, 4319353.343, 127
Trd, 4319355.043, 137
Trd, 4319355.293, 136
Trd, 4319355.693, 126
Trd, 4319356.793, 140
Trd, 4319357.343, 140
Trd, 4319357.593, 140
Trd, 4319359.643, 140
Trd, 4319360.293, 136
Trd, 4319360.643, 68
Trd, 4319363.743, 62
Trd, 4319363.893, 62
Trd, 4319364.293, 63
Trd, 4319364.543, 60
Trd, 4319364.643, 63
Trd, 4319367.243, 63
Trd, 4319368.143, 60
Trd, 4319368.443, 91
Trd, 4319369.393, 61
Trd, 4319369.693, 77
Trd, 4319370.143, 66
Trd, 4319370.893, 140
Trd, 4319371.393, 140
Trd, 4319371.843, 140
Trd, 4319372.093, 140
Trd, 4319372.693, 139
Trd, 4319373.243, 126
Trd, 4319373.743, 64
Trd, 4319373.993, 63
Trd, 4319374.193, 68
Trd, 4319374.893, 71
Trd, 4319375.343, 140
Trd, 4319376.143, 140
Trd, 4319376.943, 140
Trd, 4319377.293, 140
Trd, 4319377.593, 140
Trd, 4319379.243, 63
Trd, 4319379.593, 64
Trd, 4319379.843, 62
Trd, 4319380.243, 140
Trd, 4319380.393, 110
Trd, 4319381.193, 134
Trd, 4319381.693, 121
Trd, 4319382.993, 140
Trd, 4319383.543, 140
Trd, 4319383.843, 140
Trd, 4319384.293, 107
Trd, 4319384.793, 92
Trd, 4319385.943, 65
Trd, 4319386.843, 65
Trd, 4319388.343, 83
Trd, 4319388.493, 73
Trd, 4319388.993, 76
Trd, 4319389.143, 75
Trd, 4319389.193, 72
Trd, 4319390.193, 105
Trd, 4319390.493, 107
Trd, 4319391.843, 140
Trd, 4319392.643, 140
Trd, 4319392.743, 139
Trd, 4319394.143, 140
Trd, 4319394.393, 140
Trd, 4319394.443, 135
Trd, 4319395.193, 83
Trd, 4319396.343, 83
Trd, 4319396.893, 131
Trd, 4319396.993, 120
Trd, 4319398.493, 140
Trd, 4319400.193, 140
Trd, 4319400.593, 140
Trd, 4319401.943, 140
Trd, 4319402.943, 138
Trd, 4319403.093, 139
Trd, 4319403.993, 140
Trd, 4319404.193, 139
Trd, 4319404.943, 137
Trd, 4319405.093, 136
Trd, 4319405.543, 136
Trd, 4319405.743, 135
Trd, 4319406.093, 118
Trd, 4319407.543, 62
Trd, 4319408.843, 139
Trd, 4319409.193, 140
Trd, 4319409.893, 106
Trd, 4319410.143, 105
Trd, 4319410.743, 138
Trd, 4319411.593, 70
Trd, 4319411.693, 73
Trd, 4319412.643, 71
Trd, 4319412.743, 140
Trd, 4319413.443, 138
Trd, 4319414.143, 100
Trd, 4319415.343, 140
Trd, 4319415.393, 72
Trd, 4319417.293, 140
Trd, 4319417.643, 139
Trd, 4319417.743, 119
Trd, 4319419.043, 105
Trd, 4319420.043, 139
Trd, 4319420.643, 102
Trd, 4319420.843, 130
Trd, 4319421.643, 138
Trd, 4319422.043, 126
Trd, 4319422.293, 102
Trd, 4319422.593, 101
Trd, 4319423.343, 61
Trd, 4319423.493, 67
Trd, 4319423.693, 101
Trd, 4319426.293, 140
Trd, 4319426.893, 140
Trd, 4319427.443, 140
Trd, 4319427.593, 140
Trd, 4319428.393, 140
Trd, 4319428.643, 140
Trd, 4319429.743, 139
Trd, 4319429.893, 138
Trd, 4319431.293, 133
Trd, 4319431.643, 118
Trd, 4319432.243, 139
Trd, 4319432.443, 135
Trd, 4319433.543, 75
Trd, 4319434.293, 73
Trd, 4319434.693, 76
Trd, 4319434.943, 139
Trd, 4319436.293, 65
Trd, 4319437.543, 61
Trd, 4319437.593, 83
Trd, 4319438.743, 63
Trd, 4319439.893, 133
Trd, 4319441.243, 94
Trd, 4319441.893, 64
Trd, 4319442.643, 60
Trd, 4319443.043, 61
Trd, 4319444.743, 60
Trd, 4319445.193, 66
Trd, 4319445.343, 67
Trd, 4319446.143, 61
Trd, 4319447.393, 60
Trd, 4319447.543, 61
Trd, 4319447.693, 60
Trd, 4319449.193, 60
Trd, 4319449.993, 63
Trd, 4319450.093, 67
Trd, 4319450.343, 67
Trd, 4319450.543, 81
Trd, 4319451.493, 62
Trd, 4319453.793, 63
Trd, 4319454.793, 60
Trd, 4319454.843, 60
Trd, 4319455.193, 60
Trd, 4319455.893, 64
Trd, 4319456.043, 79
Trd, 4319456.893, 133
Trd, 4319457.643, 68
Trd, 4319458.193, 69
Trd, 4319458.593, 67
Trd, 4319459.043, 61
Trd, 4319459.343, 67
Trd, 4319463.293, 60
Trd, 4319463.743, 60
Trd, 4319464.493, 60
Trd, 4319464.693, 61
Trd, 4319465.343, 65
Trd, 4319465.543, 61
Trd, 4319465.893, 60
Trd, 4319466.593, 73
Trd, 4319467.443, 67
Trd, 4319467.493, 63
Trd, 4319468.093, 61
Trd, 4319468.143, 80
Trd, 4319469.443, 60
Trd, 4319469.943, 60
Trd, 4319471.343, 61
Trd, 4319472.093, 135
Trd, 4319472.443, 135
Trd, 4319472.843, 134
Trd, 4319473.493, 114
Trd, 4319473.893, 113
Trd, 4319475.243, 140
Trd, 4319475.293, 131
Trd, 4319475.643, 116
Trd, 4319475.843, 103
Trd, 4319476.793, 128
Trd, 4319477.193, 138
Trd, 4319477.893, 69
Trd, 4319478.743, 108
Trd, 4319478.993, 107
Trd, 4319480.493, 140
Trd, 4319480.943, 140
Trd, 4319482.143, 140
Trd, 4319482.493, 111
Trd, 4319484.543, 140
Trd, 4319484.943, 140
Trd, 4319485.243, 140
Trd, 4319485.293, 139
Trd, 4319485.993, 140
Trd, 4319486.093, 136
Trd, 4319486.243, 71
Trd, 4319487.743, 140
Trd, 4319488.593, 121
Trd, 4319488.793, 78
Trd, 4319489.093, 75
Trd, 4319489.543, 122
Trd, 4319491.193, 62
Trd, 4319492.143, 113
Trd, 4319492.793, 61
Trd, 4319495.543, 62
Trd, 4319495.843, 64
Trd, 4319495.993, 66
Trd, 4319496.343, 64
Trd, 4319497.043, 61
Trd, 4319497.543, 65
Trd, 4319497.843, 65
Trd, 4319498.843, 69
Trd, 4319499.193, 79
Trd, 4319500.593, 62
Trd, 4319501.693, 65
Trd, 4319501.843, 67
Trd, 4319502.893, 68
Trd, 4319503.643, 109
Trd, 4319504.543, 107
Trd, 4319504.943, 112
Trd, 4319505.343, 106
Trd, 4319506.043, 139
Trd, 4319506.393, 83
Trd, 4319507.043, 81
Trd, 4319507.893, 82
Trd, 4319508.193, 81
Trd, 4319508.443, 64
Trd, 4319509.293, 137
Trd, 4319510.343, 74
Trd, 4319510.843, 60
Trd, 4319511.493, 65
Trd, 4319512.543, 140
Trd, 4319513.093, 139
Trd, 4319513.193, 138
Trd, 4319515.393, 140
Trd, 4319515.893, 140
Trd, 4319516.043, 140
Trd, 4319516.193, 137
Trd, 4319517.543, 140
Trd, 4319517.993, 140
Trd, 4319518.343, 94
Trd, 4319518.643, 113
Trd, 4319519.643, 101
Trd, 4319520.893, 140
Trd, 4319521.343, 140
Trd, 4319521.393, 140
Trd, 4319521.693, 140
Trd, 4319522.043, 114
Trd, 4319523.543, 114
Trd, 4319524.493, 140
Trd, 4319524.843, 140
Trd, 4319525.293, 140
Trd, 4319526.043, 129
Trd, 4319526.993, 133
Trd, 4319527.993, 133
Trd, 4319530.143, 140
Trd, 4319530.593, 140
Trd, 4319531.093, 140
Trd, 4319531.443, 140
Trd, 4319531.943, 139
Trd, 4319532.193, 140
Trd, 4319532.243, 139
Trd, 4319533.493, 140
Trd, 4319533.743, 138
Trd, 4319534.593, 140
Trd, 4319535.643, 113
Trd, 4319536.293, 113
Trd, 4319536.693, 128
Trd, 4319536.793, 127
Trd, 4319537.243, 126
Trd, 4319538.143, 134
Trd, 4319538.493, 127
Trd, 4319540.243, 121
Trd, 4319540.843, 140
Trd, 4319541.243, 136
Trd, 4319541.693, 130
Trd, 4319542.243, 129
Trd, 4319542.743, 111
Trd, 4319543.143, 140
Trd, 4319544.643, 140
Trd, 4319545.093, 140
Trd, 4319546.093, 140
Trd, 4319546.743, 139
Trd, 4319546.943, 128
Trd, 4319547.143, 139
Trd, 4319547.993, 138
Trd, 4319549.343, 112
Trd, 4319549.393, 110
Trd, 4319550.143, 140
Trd, 4319550.443, 139
Trd, 4319552.293, 140
Trd, 4319553.243, 138
Trd, 4319553.593, 139
Trd, 4319553.943, 92
Trd, 4319554.693, 68
Trd, 4319554.993, 124
Trd, 4319558.393, 140
Trd, 4319559.193, 140
Trd, 4319559.543, 140
Trd, 4319559.893, 140
Trd, 4319561.693, 140
Trd, 4319561.793, 140
Trd, 4319561.993, 140
Trd, 4319562.593, 140
Trd, 4319565.093, 140
Trd, 4319565.643, 140
Trd, 4319566.343, 139
Trd, 4319566.493, 140
Trd, 4319566.893, 73
Trd, 4319567.693, 140
Trd, 4319568.193, 139
Trd, 4319568.843, 140
Trd, 4319569.193, 138
Trd, 4319569.593, 139
Trd, 4319570.593, 140
Trd, 4319571.743, 140
Trd, 4319572.193, 140
Trd, 4319572.693, 86
Trd, 4319572.993, 108
Trd, 4319573.193, 85
Trd, 4319573.843, 100
Trd, 4319574.793, 140
Trd, 4319575.143, 140
Trd, 4319576.243, 110
Trd, 4319576.293, 109
Trd, 4319577.293, 83
Trd, 4319577.493, 112
Trd, 4319578.593, 139
Trd, 4319579.393, 129
Trd, 4319579.643, 126
Trd, 4319579.893, 140
Trd, 4319581.593, 139
Trd, 4319582.443, 121
Trd, 4319582.543, 118
Trd, 4319582.593, 81
Trd, 4319583.043, 66
Trd, 4319584.343, 133
Trd, 4319586.493, 140
Trd, 4319586.843, 140
Trd, 4319587.193, 139
Trd, 4319587.993, 137
Trd, 4319588.243, 140
Trd, 4319588.893, 140
Trd, 4319589.143, 130
Trd, 4319589.543, 140
Trd, 4319589.793, 95
Trd, 4319590.493, 92
Trd, 4319590.893, 69
Trd, 4319591.793, 80
Trd, 4319593.693, 68
Trd, 4319594.193, 100
Trd, 4319594.293, 99
Trd, 4319595.143, 117
Trd, 4319595.343, 140
Trd, 4319596.193, 136
Trd, 4319596.993, 131
Trd, 4319597.593, 128
Trd, 4319598.393, 129
Trd, 4319598.443, 127
Trd, 4319599.443, 130
Trd, 4319600.143, 139
Trd, 4319600.243, 120
Trd, 4319601.343, 140
Trd, 4319601.993, 140
Trd, 4319602.043, 140
Trd, 4319602.393, 139
Trd, 4319603.343, 121
Trd, 4319604.443, 123
Trd, 4319604.843, 122
Trd, 4319605.843, 139
Trd, 4319606.593, 100
Trd, 4319606.643, 99
Trd, 4319608.043, 139
Trd, 4319608.693, 139
Trd, 4319608.943, 138
Trd, 4319609.343, 140
Trd, 4319609.893, 140
Trd, 4319610.443, 139
Trd, 4319611.093, 140
Trd, 4319612.493, 140
Trd, 4319612.693, 140
Trd, 4319612.843, 140
Trd, 4319613.593, 113
Trd, 4319615.593, 140
Trd, 4319615.793, 139
Trd, 4319616.643, 140
Trd, 4319617.143, 140
Trd, 4319617.243, 140
Trd, 4319617.643, 140
Trd, 4319618.593, 105
Trd, 4319618.843, 104
Trd, 4319619.543, 125
Trd, 4319620.793, 139
Trd, 4319621.343, 140
Trd, 4319622.443, 140
Trd, 4319623.143, 138
Trd, 4319623.493, 77
Trd, 4319625.593, 140
Trd, 4319625.993, 140
Trd, 4319626.293, 140
Trd, 4319626.643, 138
Trd, 4319627.093, 131
Trd, 4319627.393, 138
Trd, 4319628.093, 138
Trd, 4319629.093, 140
Trd, 4319629.893, 140
Trd, 4319629.993, 111
Trd, 4319630.493, 136
Trd, 4319630.943, 79
Trd, 4319631.943, 63
Trd, 4319632.243, 64
Trd, 4319633.443, 64
Trd, 4319633.943, 65
Trd, 4319635.343, 140
Trd, 4319635.543, 140
Trd, 4319637.043, 140
Trd, 4319637.293, 140
Trd, 4319637.343, 140
Trd, 4319637.643, 140
Trd, 4319638.393, 115
Trd, 4319639.493, 137
Trd, 4319639.643, 115
Trd, 4319640.093, 140
Trd, 4319640.743, 140
Trd, 4319642.193, 126
Trd, 4319643.943, 130
Trd, 4319644.493, 140
Trd, 4319644.543, 139
Trd, 4319645.693, 140
Trd, 4319645.993, 140
Trd, 4319646.193, 112
Trd, 4319647.293, 135
Trd, 4319648.793, 140
Trd, 4319648.943, 140
Trd, 4319649.593, 140
Trd, 4319649.893, 140
Trd, 4319651.593, 140
Trd, 4319652.193, 140
Trd, 4319652.893, 140
Trd, 4319653.843, 140
Trd, 4319654.443, 140
Trd, 4319654.793, 139
Trd, 4319655.643, 64
Trd, 4319656.193, 132
Trd, 4319657.593, 137
Trd, 4319657.693, 88
Trd, 4319658.043, 93
Trd, 4319659.843, 60
Trd, 4319660.343, 60
Trd, 4319660.893, 60
Trd, 4319661.043, 62
Trd, 4319661.943, 91
Trd, 4319662.443, 64
Trd, 4319664.193, 69
Trd, 4319664.243, 70
Trd, 4319665.693, 60
Trd, 4319665.743, 72
Trd, 4319665.993, 65
Trd, 4319666.343, 74
Trd, 4319667.593, 65
Trd, 4319667.743, 85
Trd, 4319669.043, 63
Trd, 4319669.793, 61
Trd, 4319669.893, 65
Trd, 4319670.443, 70
Trd, 4319671.193, 61
Trd, 4319671.693, 60
Trd, 4319673.443, 68
Trd, 4319674.793, 70
Trd, 4319675.643, 74
Trd, 4319675.693, 72
Trd, 4319675.743, 71
Trd, 4319676.993, 72
Trd, 4319677.443, 60
Trd, 4319678.193, 68
Trd, 4319678.643, 63
Trd, 4319678.893, 134
Trd, 4319679.743, 60
Trd, 4319680.143, 88
Trd, 4319680.943, 62
Trd, 4319681.943, 70
Trd, 4319682.343, 74
Trd, 4319682.943, 140
Trd, 4319683.043, 139
Trd, 4319683.093, 139
Trd, 4319683.643, 97
Trd, 4319685.993, 60
Trd, 4319686.993, 95
Trd, 4319687.293, 140
Trd, 4319687.443, 140
Trd, 4319688.893, 60
Trd, 4319689.293, 60
Trd, 4319690.693, 60
Trd, 4319690.793, 61
Trd, 4319691.343, 64
Trd, 4319692.093, 140
Trd, 4319694.293, 64
Trd, 4319694.443, 63
Trd, 4319694.793, 61
Trd, 4319695.843, 60
Trd, 4319695.943, 62
Trd, 4319697.743, 61
Trd, 4319698.843, 64
Trd, 4319700.543, 61
Trd, 4319701.643, 62
Trd, 4319701.843, 60
Trd, 4319703.143, 63
Trd, 4319704.343, 63
Trd, 4319704.493, 68
Trd, 4319704.943, 78
Trd, 4319705.793, 65
Trd, 4319706.843, 140
Trd, 4319707.293, 140
Trd, 4319707.393, 140
Trd, 4319708.143, 99
Trd, 4319708.743, 78
Trd, 4319709.543, 99
Trd, 4319709.693, 76
Trd, 4319709.893, 91
Trd, 4319712.243, 60
Trd, 4319713.593, 60
Trd, 4319713.993, 64
Trd, 4319714.143, 68
Trd, 4319715.843, 60
Trd, 4319715.943, 62
Trd, 4319716.193, 96
Trd, 4319717.293, 71
Trd, 4319717.843, 67
Trd, 4319718.543, 140
Trd, 4319718.743, 140
Trd, 4319719.343, 140
Trd, 4319719.643, 140
Trd, 4319720.593, 98
Trd, 4319721.343, 71
Trd, 4319721.393, 70
Trd, 4319721.493, 68
Trd, 4319722.043, 133
Trd, 4319723.193, 60
Trd, 4319724.093, 60
Trd, 4319724.643, 60
Trd, 4319725.643, 61
Trd, 4319726.343, 60
Trd, 4319727.093, 60
Trd, 4319728.243, 62
Trd, 4319728.893, 65
Trd, 4319730.043, 64
Trd, 4319730.193, 77
Trd, 4319732.493, 62
Trd, 4319732.843, 62
Trd, 4319732.943, 63
Trd, 4319733.093, 66
Trd, 4319733.443, 61
Trd, 4319733.993, 70
Trd, 4319734.643, 140
Trd, 4319736.693, 60
Trd, 4319737.143, 61
Trd, 4319739.243, 60
Trd, 4319739.593, 62
Trd, 4319740.393, 60
Trd, 4319741.093, 60
Trd, 4319741.193, 61
Trd, 4319742.993, 68
Trd, 4319743.093, 67
Trd, 4319743.393, 66
Trd, 4319743.943, 140
Trd, 4319744.293, 138
Trd, 4319744.943, 115
Trd, 4319745.593, 103
Trd, 4319746.143, 106
Trd, 4319746.243, 88
Trd, 4319747.643, 74
Trd, 4319747.843, 124
Trd, 4319747.993, 75
Trd, 4319749.193, 61
Trd, 4319749.943, 64
Trd, 4319750.193, 66
Trd, 4319750.693, 123
Trd, 4319752.543, 60
Trd, 4319753.043, 123
Trd, 4319753.893, 140
Trd, 4319753.943, 140
Trd, 4319754.243, 140
Trd, 4319754.643, 140
Trd, 4319755.143, 62
Trd, 4319755.793, 62
Trd, 4319756.143, 140
Trd, 4319757.043, 140
Trd, 4319757.793, 140
Trd, 4319758.043, 140
Trd, 4319758.393, 138
Trd, 4319759.693, 60
Trd, 4319760.043, 60
Trd, 4319760.843, 82
Trd, 4319762.443, 140
Trd, 4319762.843, 139
Trd, 4319763.393, 140
Trd, 4319763.743, 126
Trd, 4319765.043, 94
Trd, 4319765.493, 104
Trd, 4319766.793, 140
Trd, 4319767.493, 140
Trd, 4319768.243, 140
Trd, 4319768.493, 140
Trd, 4319768.793, 140
Trd, 4319770.543, 140
Trd, 4319770.693, 140
Trd, 4319771.043, 135
Trd, 4319771.643, 73
Trd, 4319771.743, 96
Trd, 4319772.693, 65
Trd, 4319773.343, 140
Trd, 4319775.593, 61
Trd, 4319776.143, 86
Trd, 4319776.543, 138
Trd, 4319777.293, 140
Trd, 4319777.593, 140
Trd, 4319778.143, 140
Trd, 4319779.693, 140
Trd, 4319780.143, 140
Trd, 4319781.593, 140
Trd, 4319781.643, 140
Trd, 4319781.843, 140
Trd, 4319782.843, 140
Trd, 4319783.543, 140
Trd, 4319783.693, 140
Trd, 4319786.143, 139
Trd, 4319786.793, 140
Trd, 4319786.943, 140
Trd, 4319787.193, 140
Trd, 4319787.593, 139
Trd, 4319788.643, 94
Trd, 4319788.843, 139
Trd, 4319789.093, 135
Trd, 4319789.643, 107
Trd, 4319790.643, 68
Trd, 4319791.893, 60
Trd, 4319793.243, 60
Trd, 4319793.593, 63
Trd, 4319794.043, 74
Trd, 4319794.293, 140
Trd, 4319795.343, 63
Trd, 4319795.393, 85
Trd, 4319797.493, 60
Trd, 4319797.643, 61
Trd, 4319798.893, 65
Trd, 4319800.693, 60
Trd, 4319801.393, 63
Trd, 4319801.443, 62
Trd, 4319801.493, 61
Trd, 4319801.643, 63
Trd, 4319802.343, 138
Trd, 4319803.643, 87
Trd, 4319804.043, 65
Trd, 4319804.643, 67
Trd, 4319805.193, 67
Trd, 4319805.293, 94
Trd, 4319805.393, 95
Trd, 4319806.293, 117
Trd, 4319806.643, 122
Trd, 4319807.143, 60
Trd, 4319808.993, 128
Trd, 4319809.543, 128
Trd, 4319809.943, 127
Trd, 4319810.443, 134
Trd, 4319811.293, 140
Trd, 4319811.343, 140
Trd, 4319812.393, 140
Trd, 4319814.493, 140
Trd, 4319814.643, 140
Trd, 4319814.693, 140
Trd, 4319815.693, 140
Trd, 4319816.593, 137
Trd, 4319816.943, 130
Trd, 4319817.293, 139
Trd, 4319818.243, 77
Trd, 4319818.893, 78
Trd, 4319819.143, 79
Trd, 4319819.593, 72
Trd, 4319820.393, 74
Trd, 4319821.543, 140
Trd, 4319822.493, 140
Trd, 4319823.793, 140
Trd, 4319823.893, 140
Trd, 4319824.243, 140
Trd, 4319824.593, 140
Trd, 4319824.943, 138
Trd, 4319825.143, 127
Trd, 4319825.893, 63
Trd, 4319827.743, 63
Trd, 4319828.643, 140
Trd, 4319829.843, 140
Trd, 4319830.143, 140
Trd, 4319830.443, 140
Trd, 4319831.693, 140
Trd, 4319832.143, 139
Trd, 4319832.443, 127
Trd, 4319833.143, 140
Trd, 4319834.943, 140
Trd, 4319835.093, 140
Trd, 4319835.293, 140
Trd, 4319836.393, 140
Trd, 4319836.443, 140
Trd, 4319836.593, 140
Trd, 4319837.843, 139
Trd, 4319838.193, 138
Trd, 4319838.493, 139
Trd, 4319838.943, 125
Trd, 4319840.043, 94
Trd, 4319840.393, 92
Trd, 4319840.893, 95
Trd, 4319841.993, 60
Trd, 4319842.593, 73
Trd, 4319842.643, 74
Trd, 4319843.143, 140
Trd, 4319846.193, 60
Trd, 4319847.143, 60
Trd, 4319847.693, 60
Trd, 4319848.143, 62
Trd, 4319848.243, 65
Trd, 4319849.643, 61
Trd, 4319850.993, 60
Trd, 4319851.843, 63
Trd, 4319853.043, 60
Trd, 4319853.643, 63
Trd, 4319854.543, 111
Trd, 4319855.393, 140
Trd, 4319856.193, 140
Trd, 4319856.343, 140
Trd, 4319856.393, 140
Trd, 4319857.143, 60
Trd, 4319857.393, 77
Trd, 4319857.793, 138
Trd, 4319859.293, 62
Trd, 4319859.343, 63
Trd, 4319859.743, 140
Trd, 4319859.993, 140
Trd, 4319860.943, 136
Trd, 4319861.093, 122
Trd, 4319862.393, 91
Trd, 4319863.793, 96
Trd, 4319864.093, 91
Trd, 4319865.193, 63
Trd, 4319865.593, 61
Trd, 4319866.043, 85
Trd, 4319867.143, 140
Trd, 4319867.243, 140
Trd, 4319867.543, 79
Trd, 4319868.093, 140
Trd, 4319869.543, 62
Trd, 4319870.343, 60
Trd, 4319870.593, 63
Trd, 4319871.143, 65
Trd, 4319871.393, 66
Trd, 4319871.643, 67
Trd, 4319875.093, 60
Trd, 4319876.343, 62
Trd, 4319877.043, 64
Trd, 4319877.443, 61
Trd, 4319877.493, 64
Trd, 4319878.243, 60
Trd, 4319878.443, 61
Trd, 4319878.593, 62
Trd, 4319878.993, 62
Trd, 4319879.093, 63
Trd, 4319879.343, 61
Trd, 4319881.143, 61
Trd, 4319882.593, 65
Trd, 4319883.243, 67
Trd, 4319883.293, 90
Trd, 4319884.443, 63
Trd, 4319886.743, 60
Trd, 4319886.843, 61
Trd, 4319887.043, 64
Trd, 4319888.293, 60
Trd, 4319888.543, 76
Trd, 4319891.143, 61
Trd, 4319891.293, 62
Trd, 4319891.793, 63
Trd, 4319891.843, 66
Trd, 4319892.293, 136
Trd, 4319893.043, 68
Trd, 4319893.293, 69
Trd, 4319893.543, 95
Trd, 4319893.843, 67
Trd, 4319895.743, 140
Trd, 4319895.793, 113
Trd, 4319895.893, 85
Trd, 4319896.243, 95
Trd, 4319896.993, 71
Trd, 4319897.843, 62
Trd, 4319897.993, 94
Trd, 4319899.643, 62
Trd, 4319900.293, 65
Trd, 4319902.393, 73
Trd, 4319902.593, 61
Trd, 4319903.443, 60
Trd, 4319903.943, 61
Trd, 4319904.343, 60
Trd, 4319905.093, 67
Trd, 4319906.043, 60
Trd, 4319906.243, 68
Trd, 4319908.043, 60
Trd, 4319908.493, 62
Trd, 4319909.093, 62
Trd, 4319909.593, 61
Trd, 4319909.993, 82
Trd, 4319910.843, 69
Trd, 4319911.243, 138
Trd, 4319912.743, 81
Trd, 4319912.893, 80
Trd, 4319914.043, 85
Trd, 4319914.443, 86
Trd, 4319914.643, 138
Trd, 4319915.343, 131
Trd, 4319915.493, 90
Trd, 4319916.443, 140
Trd, 4319917.593, 140
Trd, 4319918.743, 140
Trd, 4319918.793, 140
Trd, 4319919.043, 140
Trd, 4319919.193, 140
Trd, 4319920.693, 80
Trd, 4319921.093, 60
Trd, 4319922.393, 140
Trd, 4319923.043, 140
Trd, 4319923.743, 140
Trd, 4319924.043, 140
Trd, 4319924.393, 92
Trd, 4319924.843, 91
Trd, 4319925.993, 140
Trd, 4319927.193, 140
Trd, 4319928.343, 140
Trd, 4319928.493, 140
Trd, 4319928.593, 140
Trd, 4319928.693, 112
Trd, 4319929.743, 136
Trd, 4319930.143, 137
Trd, 4319930.893, 117
Trd, 4319930.993, 73
Trd, 4319932.293, 60
Trd, 4319933.443, 83
Trd, 4319933.643, 88
Trd, 4319934.493, 98
Trd, 4319935.443, 137
Trd, 4319935.843, 140
Trd, 4319936.243, 107
Trd, 4319936.293, 67
Trd, 4319937.143, 69
Trd, 4319937.293, 67
Trd, 4319938.943, 101
Trd, 4319940.143, 140
Trd, 4319940.393, 140
Trd, 4319940.693, 140
Trd, 4319941.943, 140
Trd, 4319942.543, 139
Trd, 4319942.643, 139
Trd, 4319942.893, 90
Trd, 4319943.093, 89
Trd, 4319944.843, 140
Trd, 4319945.093, 140
Trd, 4319946.493, 140
Trd, 4319946.793, 109
Trd, 4319948.893, 140
Trd, 4319949.593, 140
Trd, 4319949.643, 140
Trd, 4319950.043, 140
Trd, 4319950.343, 140
Trd, 4319950.693, 140
Trd, 4319951.093, 140
Trd, 4319952.293, 61
Trd, 4319952.343, 63
Trd, 4319952.643, 61
Trd, 4319953.893, 139
Trd, 4319955.843, 60
Trd, 4319956.843, 62
Trd, 4319956.943, 65
Trd, 4319957.743, 60
Trd, 4319958.043, 61
Trd, 4319958.393, 62
Trd, 4319958.593, 62
Trd, 4319958.993, 61
Trd, 4319960.393, 93
Trd, 4319961.143, 70
Trd, 4319961.993, 123
Trd, 4319962.143, 120
Trd, 4319962.443, 127
Trd, 4319963.093, 120
Trd, 4319963.193, 119
Trd, 4319964.443, 133
Trd, 4319964.593, 78
Trd, 4319965.393, 139
Trd, 4319965.493, 139
Trd, 4319966.493, 140
Trd, 4319966.593, 140
Trd, 4319967.843, 138
Trd, 4319968.093, 68
Trd, 4319968.543, 65
Trd, 4319970.343, 66
Trd, 4319971.793, 135
Trd, 4319972.193, 134
Trd, 4319972.643, 76
Trd, 4319972.793, 77
Trd, 4319973.443, 62
Trd, 4319974.343, 63
Trd, 4319975.243, 65
Trd, 4319975.443, 126
Trd, 4319976.293, 60
Trd, 4319976.643, 107
Trd, 4319977.343, 77
Trd, 4319978.093, 129
Trd, 4319978.343, 76
Trd, 4319980.143, 60
Trd, 4319980.293, 60
Trd, 4319980.893, 60
Trd, 4319982.543, 60
Trd, 4319983.593, 60
Trd, 4319983.643, 60
Trd, 4319983.793, 61
Trd, 4319984.493, 66
Trd, 4319986.043, 65
Trd, 4319986.243, 78
Trd, 4319987.243, 67
Trd, 4319988.793, 60
Trd, 4319989.143, 60
Trd, 4319989.193, 60
Trd, 4319989.293, 66
Trd, 4319990.193, 61
Trd, 4319990.643, 60
Trd, 4319990.743, 66
Trd, 4319991.993, 73
Trd, 4319993.693, 61
Trd, 4319994.743, 76
Trd, 4319995.793, 73
Trd, 4319995.993, 92
Trd, 4319996.943, 139
Trd, 4319998.093, 130
Trd, 4319998.243, 129
Trd, 4319998.443, 89
Trd, 4319999.343, 140
Trd, 4319999.693, 126
Trd, 4319999.843, 125
