Trd, 4318126.393, 62
Trd, 4318127.743, 60
Trd, 4318128.193, 60
Trd, 4318129.493, 60
Trd, 4318129.793, 60
Trd, 4318129.993, 60
Trd, 4318130.243, 62
Trd, 4318130.893, 61
Trd, 4318131.393, 62
Trd, 4318132.493, 62
Trd, 4318132.943, 62
Trd, 4318132.993, 63
Trd, 4318133.943, 61
Trd, 4318134.443, 61
Trd, 4318134.993, 62
Trd, 4318135.243, 61
Trd, 4318135.743, 62
Trd, 4318135.943, 61
Trd, 4318136.893, 63
Trd, 4318137.343, 63
Trd, 4318137.393, 67
Trd, 4318138.693, 61
Trd, 4318140.343, 61
Trd, 4318140.443, 70
Trd, 4318140.593, 60
Trd, 4318141.243, 60
Trd, 4318141.643, 60
Trd, 4318142.243, 64
Trd, 4318142.493, 67
Trd, 4318142.543, 65
Trd, 4318144.093, 68
Trd, 4318145.393, 60
Trd, 4318145.693, 63
Trd, 4318146.643, 60
Trd, 4318148.443, 60
Trd, 4318148.543, 61
Trd, 4318148.843, 65
Trd, 4318149.993, 61
Trd, 4318150.643, 60
Trd, 4318151.143, 61
Trd, 4318151.193, 61
Trd, 4318151.443, 60
Trd, 4318152.543, 61
Trd, 4318153.643, 64
Trd, 4318153.943, 106
Trd, 4318154.743, 138
Trd, 4318155.293, 68
Trd, 4318155.393, 67
Trd, 4318155.893, 70
Trd, 4318156.293, 70
Trd, 4318156.893, 75
Trd, 4318157.243, 74
Trd, 4318157.893, 140
Trd, 4318158.843, 93
Trd, 4318158.943, 92
Trd, 4318159.793, 138
Trd, 4318160.293, 114
Trd, 4318160.493, 115
Trd, 4318160.893, 139
Trd, 4318161.143, 116
Trd, 4318161.393, 116
Trd, 4318162.243, 116
Trd, 4318162.843, 131
Trd, 4318164.043, 140
Trd, 4318164.493, 140
Trd, 4318165.843, 140
Trd, 4318165.943, 140
Trd, 4318166.043, 139
Trd, 4318166.093, 138
Trd, 4318167.943, 123
Trd, 4318169.443, 123
Trd, 4318169.943, 134
Trd, 4318170.093, 125
Trd, 4318170.793, 125
Trd, 4318171.393, 140
Trd, 4318172.193, 128
Trd, 4318172.443, 130
Trd, 4318172.943, 131
Trd, 4318173.043, 130
Trd, 4318173.993, 140
Trd, 4318175.893, 140
Trd, 4318176.593, 140
Trd, 4318177.043, 140
Trd, 4318178.043, 140
Trd, 4318178.543, 140
Trd, 4318178.843, 140
Trd, 4318179.393, 140
Trd, 4318180.243, 140
Trd, 4318180.493, 136
Trd, 4318180.593, 135
Trd, 4318181.643, 140
Trd, 4318182.143, 139
Trd, 4318182.843, 137
Trd, 4318184.843, 140
Trd, 4318184.993, 140
Trd, 4318185.343, 140
Trd, 4318185.793, 140
Trd, 4318186.293, 140
Trd, 4318186.743, 97
Trd, 4318186.893, 82
Trd, 4318188.743, 60
Trd, 4318190.443, 60
Trd, 4318192.043, 60
Trd, 4318192.393, 60
Trd, 4318194.243, 60
Trd, 4318194.343, 61
Trd, 4318194.443, 60
Trd, 4318195.043, 60
Trd, 4318195.893, 65
Trd, 4318196.343, 66
Trd, 4318196.493, 65
Trd, 4318196.843, 69
Trd, 4318197.093, 63
Trd, 4318199.193, 60
Trd, 4318200.243, 60
Trd, 4318200.943, 60
Trd, 4318203.543, 60
Trd, 4318203.993, 61
Trd, 4318204.093, 61
Trd, 4318204.243, 61
Trd, 4318204.793, 61
Trd, 4318205.193, 60
Trd, 4318205.743, 62
Trd, 4318205.943, 64
Trd, 4318206.193, 63
Trd, 4318206.643, 61
Trd, 4318207.293, 69
Trd, 4318207.543, 68
Trd, 4318208.943, 138
Trd, 4318209.893, 140
Trd, 4318210.043, 140
Trd, 4318210.343, 137
Trd, 4318212.093, 140
Trd, 4318212.493, 139
Trd, 4318212.993, 68
Trd, 4318214.743, 140
Trd, 4318214.943, 140
Trd, 4318215.293, 133
Trd, 4318215.843, 65
Trd, 4318216.593, 63
Trd, 4318216.943, 62
Trd, 4318217.393, 60
Trd, 4318218.143, 61
Trd, 4318218.243, 71
Trd, 4318218.643, 62
Trd, 4318219.143, 60
Trd, 4318219.993, 60
Trd, 4318221.293, 60
Trd, 4318221.593, 61
Trd, 4318223.243, 61
Trd, 4318223.793, 61
Trd, 4318225.893, 60
Trd, 4318229.343, 60
Trd, 4318229.993, 60
Trd, 4318230.143, 60
Trd, 4318230.243, 60
Trd, 4318230.593, 60
Trd, 4318230.843, 61
Trd, 4318231.543, 62
Trd, 4318231.893, 65
Trd, 4318232.143, 66
Trd, 4318234.893, 60
Trd, 4318237.443, 60
Trd, 4318237.943, 60
Trd, 4318238.143, 60
Trd, 4318238.243, 60
Trd, 4318238.443, 61
Trd, 4318238.743, 63
Trd, 4318238.993, 64
Trd, 4318239.193, 62
Trd, 4318239.743, 62
Trd, 4318240.043, 65
Trd, 4318241.143, 65
Trd, 4318242.093, 65
Trd, 4318243.543, 63
Trd, 4318244.743, 61
Trd, 4318245.943, 62
Trd, 4318247.693, 60
Trd, 4318248.393, 62
Trd, 4318248.593, 61
Trd, 4318249.143, 62
Trd, 4318249.643, 61
Trd, 4318250.893, 60
Trd, 4318251.243, 60
Trd, 4318251.743, 62
Trd, 4318252.643, 63
Trd, 4318252.893, 61
Trd, 4318253.643, 61
Trd, 4318254.793, 60
Trd, 4318255.643, 62
Trd, 4318256.343, 60
Trd, 4318258.943, 60
Trd, 4318259.543, 62
Trd, 4318261.093, 60
Trd, 4318261.193, 60
Trd, 4318261.343, 60
Trd, 4318261.393, 60
Trd, 4318261.543, 61
Trd, 4318261.693, 61
Trd, 4318262.093, 63
Trd, 4318262.843, 69
Trd, 4318263.093, 139
Trd, 4318264.693, 140
Trd, 4318265.443, 140
Trd, 4318265.843, 140
Trd, 4318266.543, 140
Trd, 4318266.793, 140
Trd, 4318267.293, 137
Trd, 4318268.993, 140
Trd, 4318269.493, 140
Trd, 4318270.443, 140
Trd, 4318270.693, 140
Trd, 4318270.893, 140
Trd, 4318272.443, 140
Trd, 4318272.543, 140
Trd, 4318273.093, 140
Trd, 4318273.443, 140
Trd, 4318273.843, 139
Trd, 4318274.593, 140
Trd, 4318275.093, 140
Trd, 4318275.493, 140
Trd, 4318275.943, 123
Trd, 4318276.643, 111
Trd, 4318276.843, 107
Trd, 4318277.293, 106
Trd, 4318277.743, 63
Trd, 4318278.893, 60
Trd, 4318279.593, 119
Trd, 4318280.493, 83
Trd, 4318281.343, 140
Trd, 4318281.593, 83
Trd, 4318282.793, 140
Trd, 4318283.143, 140
Trd, 4318283.593, 139
Trd, 4318285.193, 140
Trd, 4318285.293, 140
Trd, 4318285.943, 140
Trd, 4318286.093, 139
Trd, 4318287.643, 140
Trd, 4318287.943, 140
Trd, 4318288.293, 140
Trd, 4318288.643, 140
Trd, 4318288.943, 139
Trd, 4318290.493, 63
Trd, 4318290.843, 62
Trd, 4318291.143, 63
Trd, 4318291.543, 60
Trd, 4318291.643, 60
Trd, 4318293.743, 61
Trd, 4318294.593, 60
Trd, 4318295.693, 61
Trd, 4318295.893, 62
Trd, 4318296.193, 61
Trd, 4318296.493, 62
Trd, 4318296.993, 64
Trd, 4318297.193, 65
Trd, 4318297.443, 68
Trd, 4318298.093, 136
Trd, 4318298.743, 67
Trd, 4318299.393, 140
Trd, 4318300.943, 64
Trd, 4318301.143, 62
Trd, 4318301.893, 66
Trd, 4318303.543, 61
Trd, 4318305.643, 60
Trd, 4318306.693, 60
Trd, 4318308.593, 60
Trd, 4318308.793, 60
Trd, 4318308.843, 60
Trd, 4318309.443, 62
Trd, 4318309.493, 61
Trd, 4318309.743, 60
Trd, 4318310.543, 61
Trd, 4318311.143, 61
Trd, 4318312.893, 60
Trd, 4318313.243, 61
Trd, 4318315.243, 60
Trd, 4318315.893, 60
Trd, 4318316.243, 61
Trd, 4318316.593, 61
Trd, 4318317.043, 61
Trd, 4318317.543, 64
Trd, 4318318.243, 140
Trd, 4318318.593, 140
Trd, 4318318.743, 140
Trd, 4318319.893, 140
Trd, 4318319.943, 140
Trd, 4318319.993, 140
Trd, 4318320.143, 137
Trd, 4318321.243, 138
Trd, 4318321.843, 138
Trd, 4318322.193, 136
Trd, 4318322.893, 140
Trd, 4318323.993, 89
Trd, 4318324.793, 92
Trd, 4318326.093, 130
Trd, 4318326.393, 117
Trd, 4318326.593, 115
Trd, 4318327.393, 139
Trd, 4318327.493, 137
Trd, 4318329.793, 71
Trd, 4318330.793, 60
Trd, 4318333.693, 60
Trd, 4318334.993, 60
Trd, 4318335.243, 61
Trd, 4318335.493, 62
Trd, 4318335.743, 63
Trd, 4318335.943, 63
Trd, 4318336.293, 64
Trd, 4318336.943, 138
Trd, 4318336.993, 64
Trd, 4318337.193, 140
Trd, 4318338.093, 140
Trd, 4318338.993, 140
Trd, 4318340.393, 63
Trd, 4318340.543, 67
Trd, 4318340.893, 60
Trd, 4318342.043, 62
Trd, 4318342.093, 61
Trd, 4318343.093, 62
Trd, 4318343.143, 60
Trd, 4318343.393, 65
Trd, 4318344.393, 66
Trd, 4318345.793, 60
Trd, 4318345.893, 64
Trd, 4318348.343, 60
Trd, 4318349.993, 60
Trd, 4318350.543, 62
Trd, 4318351.043, 66
Trd, 4318351.143, 65
Trd, 4318351.243, 65
Trd, 4318351.393, 67
Trd, 4318351.743, 65
Trd, 4318353.493, 61
Trd, 4318354.743, 60
Trd, 4318355.693, 64
Trd, 4318355.993, 60
Trd, 4318357.993, 60
Trd, 4318358.293, 60
Trd, 4318358.593, 61
Trd, 4318358.693, 61
Trd, 4318358.793, 61
Trd, 4318358.993, 62
Trd, 4318359.043, 61
Trd, 4318361.493, 60
Trd, 4318362.593, 60
Trd, 4318363.793, 61
Trd, 4318365.693, 61
Trd, 4318366.643, 61
Trd, 4318367.243, 61
Trd, 4318367.543, 61
Trd, 4318367.593, 62
Trd, 4318367.743, 64
Trd, 4318367.843, 64
Trd, 4318368.093, 65
Trd, 4318368.543, 65
Trd, 4318370.793, 60
Trd, 4318370.993, 61
Trd, 4318371.543, 64
Trd, 4318373.043, 68
Trd, 4318374.393, 60
Trd, 4318374.443, 62
Trd, 4318374.543, 64
Trd, 4318376.093, 60
Trd, 4318377.843, 62
Trd, 4318378.043, 60
Trd, 4318378.493, 61
Trd, 4318379.343, 60
Trd, 4318379.643, 60
Trd, 4318383.143, 60
Trd, 4318383.393, 60
Trd, 4318383.743, 60
Trd, 4318385.993, 60
Trd, 4318386.543, 60
Trd, 4318386.843, 60
Trd, 4318386.943, 60
Trd, 4318387.393, 61
Trd, 4318388.443, 61
Trd, 4318388.893, 63
Trd, 4318390.343, 60
Trd, 4318390.493, 62
Trd, 4318391.143, 64
Trd, 4318391.343, 74
Trd, 4318392.393, 62
Trd, 4318393.143, 63
Trd, 4318393.643, 64
Trd, 4318393.943, 65
Trd, 4318394.593, 70
Trd, 4318395.843, 71
Trd, 4318396.993, 103
Trd, 4318398.143, 138
Trd, 4318398.593, 137
Trd, 4318398.993, 102
Trd, 4318399.343, 60
Trd, 4318399.843, 62
Trd, 4318401.043, 117
Trd, 4318402.093, 137
Trd, 4318403.893, 60
Trd, 4318404.243, 60
Trd, 4318405.043, 60
Trd, 4318405.343, 72
Trd, 4318406.343, 62
Trd, 4318406.493, 61
Trd, 4318406.693, 61
Trd, 4318406.893, 61
Trd, 4318407.093, 61
Trd, 4318408.243, 61
Trd, 4318409.393, 60
Trd, 4318411.093, 63
Trd, 4318411.243, 65
Trd, 4318413.593, 60
Trd, 4318414.243, 61
Trd, 4318414.343, 61
Trd, 4318414.443, 62
Trd, 4318414.643, 62
Trd, 4318414.993, 61
Trd, 4318415.443, 64
Trd, 4318416.693, 140
Trd, 4318416.943, 140
Trd, 4318417.993, 140
Trd, 4318418.893, 140
Trd, 4318418.943, 139
Trd, 4318419.343, 130
Trd, 4318420.293, 140
Trd, 4318421.543, 140
Trd, 4318421.593, 140
Trd, 4318423.243, 140
Trd, 4318423.343, 140
Trd, 4318423.693, 140
Trd, 4318424.593, 140
Trd, 4318424.643, 140
Trd, 4318424.743, 139
Trd, 4318425.943, 131
Trd, 4318426.543, 117
Trd, 4318427.343, 121
Trd, 4318427.943, 120
Trd, 4318428.443, 120
Trd, 4318429.743, 140
Trd, 4318429.893, 140
Trd, 4318430.243, 140
Trd, 4318430.943, 140
Trd, 4318431.043, 140
Trd, 4318431.643, 126
Trd, 4318432.143, 139
Trd, 4318433.893, 71
Trd, 4318434.843, 60
Trd, 4318435.043, 61
Trd, 4318436.643, 65
Trd, 4318436.743, 68
Trd, 4318438.893, 60
Trd, 4318439.043, 66
Trd, 4318440.443, 62
Trd, 4318440.593, 66
Trd, 4318441.193, 66
Trd, 4318441.443, 66
Trd, 4318441.943, 67
Trd, 4318442.043, 68
Trd, 4318442.443, 71
Trd, 4318442.693, 76
Trd, 4318443.593, 71
Trd, 4318443.843, 75
Trd, 4318445.193, 61
Trd, 4318445.943, 71
Trd, 4318446.593, 64
Trd, 4318447.093, 63
Trd, 4318447.493, 62
Trd, 4318448.243, 64
Trd, 4318448.343, 63
Trd, 4318450.093, 139
Trd, 4318450.143, 138
Trd, 4318450.293, 138
Trd, 4318450.743, 94
Trd, 4318451.643, 140
Trd, 4318452.693, 140
Trd, 4318452.843, 140
Trd, 4318453.043, 127
Trd, 4318453.693, 110
Trd, 4318453.893, 109
Trd, 4318455.043, 60
Trd, 4318456.093, 61
Trd, 4318456.293, 61
Trd, 4318456.693, 139
Trd, 4318458.343, 140
Trd, 4318458.443, 140
Trd, 4318459.743, 140
Trd, 4318459.943, 140
Trd, 4318460.293, 140
Trd, 4318460.343, 140
Trd, 4318461.043, 119
Trd, 4318461.193, 102
Trd, 4318462.193, 60
Trd, 4318465.093, 60
Trd, 4318465.443, 62
Trd, 4318467.443, 63
Trd, 4318467.693, 60
Trd, 4318468.143, 64
Trd, 4318468.443, 64
Trd, 4318468.493, 63
Trd, 4318468.943, 65
Trd, 4318469.243, 67
Trd, 4318469.393, 64
Trd, 4318469.843, 60
Trd, 4318470.743, 61
Trd, 4318471.293, 62
Trd, 4318471.593, 63
Trd, 4318471.943, 139
Trd, 4318472.293, 137
Trd, 4318472.443, 63
Trd, 4318473.543, 117
Trd, 4318474.593, 69
Trd, 4318474.693, 68
Trd, 4318475.943, 60
Trd, 4318476.043, 62
Trd, 4318477.843, 61
Trd, 4318478.393, 62
Trd, 4318478.843, 63
Trd, 4318482.993, 60
Trd, 4318483.393, 60
Trd, 4318483.543, 60
Trd, 4318483.643, 62
Trd, 4318484.143, 60
Trd, 4318484.643, 60
Trd, 4318484.943, 62
Trd, 4318486.443, 69
Trd, 4318486.993, 69
Trd, 4318487.043, 70
Trd, 4318487.093, 67
Trd, 4318487.143, 73
Trd, 4318488.093, 73
Trd, 4318488.843, 85
Trd, 4318488.993, 84
Trd, 4318492.193, 61
Trd, 4318494.243, 60
Trd, 4318494.493, 60
Trd, 4318496.543, 60
Trd, 4318497.193, 61
Trd, 4318497.393, 62
Trd, 4318498.693, 62
Trd, 4318498.893, 62
Trd, 4318499.143, 64
Trd, 4318499.343, 65
Trd, 4318499.543, 61
Trd, 4318499.743, 69
Trd, 4318500.693, 65
Trd, 4318501.943, 62
Trd, 4318502.343, 60
Trd, 4318505.443, 60
Trd, 4318506.443, 60
Trd, 4318507.443, 60
Trd, 4318508.743, 60
Trd, 4318509.093, 60
Trd, 4318509.193, 61
Trd, 4318509.243, 63
Trd, 4318509.743, 61
Trd, 4318510.143, 62
Trd, 4318511.543, 61
Trd, 4318514.443, 60
Trd, 4318516.543, 60
Trd, 4318516.593, 60
Trd, 4318516.893, 60
Trd, 4318518.043, 63
Trd, 4318518.343, 63
Trd, 4318518.543, 65
Trd, 4318518.743, 65
Trd, 4318518.893, 63
Trd, 4318519.843, 63
Trd, 4318520.443, 63
Trd, 4318521.293, 60
Trd, 4318521.393, 64
Trd, 4318524.393, 60
Trd, 4318526.743, 60
Trd, 4318526.793, 62
Trd, 4318526.943, 60
Trd, 4318527.093, 64
Trd, 4318527.343, 65
Trd, 4318527.393, 66
Trd, 4318528.193, 64
Trd, 4318528.593, 60
Trd, 4318528.943, 61
Trd, 4318529.593, 61
Trd, 4318529.643, 68
Trd, 4318530.943, 64
Trd, 4318532.393, 63
Trd, 4318532.793, 62
Trd, 4318533.743, 60
Trd, 4318533.843, 61
Trd, 4318535.593, 61
Trd, 4318536.293, 67
Trd, 4318536.443, 65
Trd, 4318536.643, 65
Trd, 4318536.893, 63
Trd, 4318537.193, 68
Trd, 4318537.543, 62
Trd, 4318538.943, 61
Trd, 4318539.443, 62
Trd, 4318539.543, 73
Trd, 4318542.843, 60
Trd, 4318544.643, 61
Trd, 4318546.043, 60
Trd, 4318547.093, 60
Trd, 4318547.543, 61
Trd, 4318547.643, 62
Trd, 4318548.393, 60
Trd, 4318548.643, 60
Trd, 4318549.393, 60
Trd, 4318549.893, 60
Trd, 4318550.993, 61
Trd, 4318551.893, 63
Trd, 4318552.393, 61
Trd, 4318552.693, 60
Trd, 4318555.843, 60
Trd, 4318556.543, 60
Trd, 4318557.243, 62
Trd, 4318557.843, 60
Trd, 4318558.293, 61
Trd, 4318558.343, 61
Trd, 4318558.543, 60
Trd, 4318558.943, 62
Trd, 4318559.493, 62
Trd, 4318559.643, 77
Trd, 4318560.243, 61
Trd, 4318560.493, 60
Trd, 4318561.593, 63
Trd, 4318563.643, 60
Trd, 4318564.593, 63
Trd, 4318566.743, 60
Trd, 4318566.943, 60
Trd, 4318567.393, 61
Trd, 4318567.593, 61
Trd, 4318567.893, 61
Trd, 4318568.493, 74
Trd, 4318569.943, 62
Trd, 4318570.693, 64
Trd, 4318570.993, 68
Trd, 4318571.243, 62
Trd, 4318571.893, 65
Trd, 4318573.493, 60
Trd, 4318573.893, 60
Trd, 4318576.443, 60
Trd, 4318578.043, 60
Trd, 4318578.543, 60
Trd, 4318578.743, 61
Trd, 4318579.543, 63
Trd, 4318579.843, 61
Trd, 4318580.193, 62
Trd, 4318580.743, 63
Trd, 4318581.293, 62
Trd, 4318581.443, 70
Trd, 4318581.793, 64
Trd, 4318581.993, 62
Trd, 4318582.793, 104
Trd, 4318584.843, 60
Trd, 4318585.243, 60
Trd, 4318588.043, 60
Trd, 4318588.743, 60
Trd, 4318589.243, 60
Trd, 4318590.793, 60
Trd, 4318591.493, 65
Trd, 4318592.093, 64
Trd, 4318592.443, 65
Trd, 4318593.343, 60
Trd, 4318594.493, 60
Trd, 4318595.093, 63
Trd, 4318596.693, 62
Trd, 4318598.993, 60
Trd, 4318599.143, 60
Trd, 4318599.493, 60
Trd, 4318599.643, 60
Trd, 4318600.543, 60
Trd, 4318600.643, 61
Trd, 4318601.143, 60
Trd, 4318601.443, 61
Trd, 4318601.843, 60
Trd, 4318601.993, 62
Trd, 4318603.393, 61
Trd, 4318603.893, 64
Trd, 4318604.243, 64
Trd, 4318605.893, 61
Trd, 4318606.093, 62
Trd, 4318609.643, 60
Trd, 4318610.593, 60
Trd, 4318611.693, 61
Trd, 4318611.743, 61
Trd, 4318612.343, 61
Trd, 4318612.793, 61
Trd, 4318613.393, 61
Trd, 4318613.643, 62
Trd, 4318614.743, 79
Trd, 4318615.993, 63
Trd, 4318616.793, 63
Trd, 4318619.343, 60
Trd, 4318619.643, 61
Trd, 4318620.593, 64
Trd, 4318621.793, 60
Trd, 4318621.843, 67
Trd, 4318623.093, 65
Trd, 4318623.493, 66
Trd, 4318623.693, 68
Trd, 4318624.543, 63
Trd, 4318627.743, 61
Trd, 4318627.843, 64
Trd, 4318628.643, 61
Trd, 4318629.143, 61
Trd, 4318629.943, 60
Trd, 4318630.343, 60
Trd, 4318630.393, 60
Trd, 4318630.793, 60
Trd, 4318631.443, 62
Trd, 4318631.743, 64
Trd, 4318632.093, 66
Trd, 4318632.543, 65
Trd, 4318633.093, 65
Trd, 4318633.643, 67
Trd, 4318634.193, 127
Trd, 4318634.793, 67
Trd, 4318635.643, 64
Trd, 4318635.993, 60
Trd, 4318637.743, 60
Trd, 4318637.843, 62
Trd, 4318639.543, 60
Trd, 4318641.293, 60
Trd, 4318641.593, 61
Trd, 4318642.393, 61
Trd, 4318642.643, 62
Trd, 4318642.693, 63
Trd, 4318642.843, 61
Trd, 4318642.993, 66
Trd, 4318644.343, 64
Trd, 4318647.643, 60
Trd, 4318648.993, 60
Trd, 4318651.043, 60
Trd, 4318651.543, 60
Trd, 4318651.743, 60
Trd, 4318652.343, 61
Trd, 4318652.393, 63
Trd, 4318652.743, 61
Trd, 4318652.793, 60
Trd, 4318652.893, 75
Trd, 4318654.443, 60
Trd, 4318654.593, 61
Trd, 4318654.793, 61
Trd, 4318654.893, 62
Trd, 4318654.943, 62
Trd, 4318655.543, 64
Trd, 4318657.393, 140
Trd, 4318658.043, 140
Trd, 4318658.243, 140
Trd, 4318658.743, 140
Trd, 4318659.393, 134
Trd, 4318659.743, 133
Trd, 4318660.043, 133
Trd, 4318661.743, 140
Trd, 4318662.393, 140
Trd, 4318662.793, 140
Trd, 4318662.843, 130
Trd, 4318663.143, 93
Trd, 4318663.843, 63
Trd, 4318664.743, 64
Trd, 4318665.243, 140
Trd, 4318665.743, 66
Trd, 4318666.843, 105
Trd, 4318667.193, 104
Trd, 4318667.843, 117
Trd, 4318669.543, 60
Trd, 4318669.943, 140
Trd, 4318672.743, 60
Trd, 4318672.993, 60
Trd, 4318674.293, 61
Trd, 4318674.643, 61
Trd, 4318674.893, 62
Trd, 4318675.143, 72
Trd, 4318675.293, 140
Trd, 4318676.343, 69
Trd, 4318677.343, 84
Trd, 4318677.443, 82
Trd, 4318677.493, 79
Trd, 4318678.643, 139
Trd, 4318678.943, 78
Trd, 4318680.093, 138
Trd, 4318680.143, 137
Trd, 4318680.843, 135
Trd, 4318681.443, 101
Trd, 4318681.543, 100
Trd, 4318682.243, 60
Trd, 4318682.693, 140
Trd, 4318683.193, 140
Trd, 4318683.743, 140
Trd, 4318683.943, 140
Trd, 4318684.943, 139
Trd, 4318685.743, 140
Trd, 4318685.943, 140
Trd, 4318687.293, 61
Trd, 4318689.893, 60
Trd, 4318690.793, 64
Trd, 4318692.993, 62
Trd, 4318693.643, 64
Trd, 4318693.693, 71
Trd, 4318695.693, 61
Trd, 4318695.743, 61
Trd, 4318695.893, 60
Trd, 4318695.993, 61
Trd, 4318697.493, 63
Trd, 4318697.543, 61
Trd, 4318697.993, 68
Trd, 4318698.793, 60
Trd, 4318699.093, 68
Trd, 4318699.893, 64
Trd, 4318699.993, 63
Trd, 4318701.193, 69
Trd, 4318704.893, 60
Trd, 4318705.293, 63
Trd, 4318705.443, 60
Trd, 4318705.743, 71
Trd, 4318706.593, 61
Trd, 4318706.793, 60
Trd, 4318707.343, 62
Trd, 4318707.993, 69
Trd, 4318708.243, 69
Trd, 4318708.693, 140
Trd, 4318709.643, 76
Trd, 4318710.393, 98
Trd, 4318711.443, 140
Trd, 4318711.893, 140
Trd, 4318711.943, 140
Trd, 4318712.993, 140
Trd, 4318713.393, 140
Trd, 4318714.693, 140
Trd, 4318714.843, 140
Trd, 4318715.643, 140
Trd, 4318716.593, 140
Trd, 4318716.943, 140
Trd, 4318717.443, 140
Trd, 4318717.743, 96
Trd, 4318718.143, 96
Trd, 4318719.393, 132
Trd, 4318719.443, 95
Trd, 4318719.793, 120
Trd, 4318719.893, 78
Trd, 4318721.543, 139
Trd, 4318721.993, 139
Trd, 4318725.693, 60
Trd, 4318726.393, 60
Trd, 4318726.943, 62
Trd, 4318727.093, 63
Trd, 4318727.493, 63
Trd, 4318727.893, 65
Trd, 4318727.943, 68
Trd, 4318728.843, 65
Trd, 4318728.893, 69
Trd, 4318729.393, 62
Trd, 4318732.443, 60
Trd, 4318734.243, 61
Trd, 4318734.443, 61
Trd, 4318734.643, 61
Trd, 4318734.843, 62
Trd, 4318735.793, 63
Trd, 4318736.193, 63
Trd, 4318736.943, 64
Trd, 4318737.043, 65
Trd, 4318737.543, 69
Trd, 4318738.293, 66
Trd, 4318738.793, 86
Trd, 4318739.593, 65
Trd, 4318740.443, 61
Trd, 4318741.293, 62
Trd, 4318742.593, 60
Trd, 4318744.093, 60
Trd, 4318744.193, 60
Trd, 4318745.393, 60
Trd, 4318745.493, 60
Trd, 4318746.193, 60
Trd, 4318746.393, 60
Trd, 4318746.743, 60
Trd, 4318748.893, 61
Trd, 4318749.143, 60
Trd, 4318749.193, 61
Trd, 4318751.693, 60
Trd, 4318753.343, 66
Trd, 4318753.493, 60
Trd, 4318753.843, 66
Trd, 4318753.893, 61
Trd, 4318754.693, 66
Trd, 4318755.693, 67
Trd, 4318756.693, 70
Trd, 4318756.893, 69
Trd, 4318757.643, 95
Trd, 4318758.643, 139
Trd, 4318758.793, 138
Trd, 4318760.243, 140
Trd, 4318761.143, 140
Trd, 4318761.693, 140
Trd, 4318761.893, 140
Trd, 4318762.643, 140
Trd, 4318762.843, 140
Trd, 4318763.443, 88
Trd, 4318764.843, 125
Trd, 4318765.243, 73
Trd, 4318765.693, 140
Trd, 4318765.843, 140
Trd, 4318766.493, 126
Trd, 4318768.743, 61
Trd, 4318768.893, 62
Trd, 4318769.893, 68
Trd, 4318769.993, 65
Trd, 4318770.443, 140
Trd, 4318770.643, 127
Trd, 4318770.993, 65
Trd, 4318772.443, 139
Trd, 4318773.643, 122
Trd, 4318773.893, 122
Trd, 4318774.743, 67
Trd, 4318775.543, 140
Trd, 4318775.693, 140
Trd, 4318776.193, 140
Trd, 4318776.793, 140
Trd, 4318777.393, 138
Trd, 4318778.393, 131
Trd, 4318778.943, 135
Trd, 4318779.243, 134
Trd, 4318780.643, 129
Trd, 4318781.093, 112
Trd, 4318782.293, 140
Trd, 4318782.493, 140
Trd, 4318782.543, 139
Trd, 4318783.343, 60
Trd, 4318784.193, 60
Trd, 4318785.643, 62
Trd, 4318785.893, 60
Trd, 4318786.593, 65
Trd, 4318787.343, 64
Trd, 4318787.493, 63
Trd, 4318788.493, 65
Trd, 4318788.793, 66
Trd, 4318789.643, 63
Trd, 4318789.993, 63
Trd, 4318790.443, 62
Trd, 4318791.843, 60
Trd, 4318793.043, 61
Trd, 4318794.043, 60
Trd, 4318794.143, 62
Trd, 4318796.293, 61
Trd, 4318797.343, 60
Trd, 4318797.743, 60
Trd, 4318798.293, 61
Trd, 4318798.543, 62
Trd, 4318798.793, 62
Trd, 4318799.093, 63
Trd, 4318800.093, 74
Trd, 4318800.693, 75
Trd, 4318802.643, 123
Trd, 4318803.243, 106
Trd, 4318803.493, 104
Trd, 4318804.593, 125
Trd, 4318805.243, 139
Trd, 4318805.393, 115
Trd, 4318805.543, 114
Trd, 4318807.193, 60
Trd, 4318808.493, 60
Trd, 4318809.293, 60
Trd, 4318810.343, 61
Trd, 4318812.343, 61
Trd, 4318812.893, 63
Trd, 4318813.493, 60
Trd, 4318813.993, 61
Trd, 4318814.443, 62
Trd, 4318815.143, 60
Trd, 4318815.443, 60
Trd, 4318815.543, 61
Trd, 4318816.093, 60
Trd, 4318816.993, 60
Trd, 4318817.993, 60
Trd, 4318818.093, 60
Trd, 4318819.893, 60
Trd, 4318821.493, 61
Trd, 4318822.493, 61
Trd, 4318822.543, 62
Trd, 4318822.593, 64
Trd, 4318825.393, 60
Trd, 4318825.893, 60
Trd, 4318826.143, 60
Trd, 4318826.243, 61
Trd, 4318826.493, 61
Trd, 4318826.743, 64
Trd, 4318826.943, 66
Trd, 4318827.493, 65
Trd, 4318828.493, 140
Trd, 4318829.593, 140
Trd, 4318829.993, 140
Trd, 4318830.643, 140
Trd, 4318830.943, 140
Trd, 4318831.143, 140
Trd, 4318832.193, 140
Trd, 4318832.743, 140
Trd, 4318833.743, 140
Trd, 4318834.143, 140
Trd, 4318834.693, 140
Trd, 4318835.243, 140
Trd, 4318835.643, 140
Trd, 4318836.293, 126
Trd, 4318836.843, 140
Trd, 4318836.893, 72
Trd, 4318838.493, 100
Trd, 4318839.243, 124
Trd, 4318840.243, 61
Trd, 4318840.543, 66
Trd, 4318842.893, 60
Trd, 4318844.793, 60
Trd, 4318845.543, 60
Trd, 4318845.943, 62
Trd, 4318846.393, 61
Trd, 4318846.843, 139
Trd, 4318847.393, 140
Trd, 4318847.893, 140
Trd, 4318848.443, 140
Trd, 4318849.843, 140
Trd, 4318849.993, 138
Trd, 4318850.293, 136
Trd, 4318850.593, 94
Trd, 4318850.943, 63
Trd, 4318854.243, 60
Trd, 4318855.443, 60
Trd, 4318858.043, 60
Trd, 4318860.093, 62
Trd, 4318860.143, 63
Trd, 4318860.193, 61
Trd, 4318860.693, 61
Trd, 4318860.793, 63
Trd, 4318861.143, 65
Trd, 4318862.443, 63
Trd, 4318862.493, 62
Trd, 4318863.143, 60
Trd, 4318864.243, 60
Trd, 4318866.043, 61
Trd, 4318867.943, 60
Trd, 4318869.543, 60
Trd, 4318870.893, 60
Trd, 4318871.743, 60
Trd, 4318872.893, 60
Trd, 4318873.043, 60
Trd, 4318873.443, 62
Trd, 4318873.793, 61
Trd, 4318874.043, 63
Trd, 4318875.993, 60
Trd, 4318877.093, 60
Trd, 4318877.943, 60
Trd, 4318878.643, 60
Trd, 4318879.793, 60
Trd, 4318880.443, 63
Trd, 4318881.643, 61
Trd, 4318883.643, 61
Trd, 4318883.743, 61
Trd, 4318883.843, 60
Trd, 4318884.093, 61
Trd, 4318884.543, 62
Trd, 4318884.943, 61
Trd, 4318885.943, 65
Trd, 4318886.543, 66
Trd, 4318886.793, 76
Trd, 4318887.593, 69
Trd, 4318888.293, 70
Trd, 4318888.493, 78
Trd, 4318889.193, 72
Trd, 4318890.043, 134
Trd, 4318891.043, 103
Trd, 4318891.543, 62
Trd, 4318891.843, 106
Trd, 4318892.593, 62
Trd, 4318892.693, 60
Trd, 4318894.043, 61
Trd, 4318895.193, 62
Trd, 4318895.793, 62
Trd, 4318895.843, 66
Trd, 4318897.943, 60
Trd, 4318900.393, 60
Trd, 4318900.893, 60
Trd, 4318901.243, 60
Trd, 4318901.443, 61
Trd, 4318901.543, 62
Trd, 4318901.743, 60
Trd, 4318902.043, 61
Trd, 4318902.193, 60
Trd, 4318903.393, 63
Trd, 4318903.993, 61
Trd, 4318904.343, 60
Trd, 4318904.793, 60
Trd, 4318905.793, 60
Trd, 4318909.443, 60
Trd, 4318909.993, 60
Trd, 4318910.543, 60
Trd, 4318911.693, 60
Trd, 4318911.843, 61
Trd, 4318912.593, 63
Trd, 4318912.943, 66
Trd, 4318912.993, 65
Trd, 4318913.193, 64
Trd, 4318913.543, 61
Trd, 4318915.843, 60
Trd, 4318915.893, 61
Trd, 4318916.943, 60
Trd, 4318917.643, 60
Trd, 4318917.893, 60
Trd, 4318918.893, 61
Trd, 4318919.293, 61
Trd, 4318919.993, 65
Trd, 4318920.193, 64
Trd, 4318920.743, 63
Trd, 4318920.943, 63
Trd, 4318922.093, 60
Trd, 4318922.143, 66
Trd, 4318922.893, 61
Trd, 4318923.443, 60
Trd, 4318923.493, 61
Trd, 4318923.693, 61
Trd, 4318924.293, 61
Trd, 4318925.493, 69
Trd, 4318926.193, 60
Trd, 4318927.143, 62
Trd, 4318927.443, 61
Trd, 4318927.493, 64
Trd, 4318928.993, 61
Trd, 4318929.243, 63
Trd, 4318929.693, 60
Trd, 4318930.943, 60
Trd, 4318932.193, 61
Trd, 4318933.043, 60
Trd, 4318933.243, 60
Trd, 4318935.193, 60
Trd, 4318935.543, 60
Trd, 4318936.793, 60
Trd, 4318937.443, 60
Trd, 4318940.293, 60
Trd, 4318940.443, 60
Trd, 4318940.993, 61
Trd, 4318941.243, 61
Trd, 4318941.493, 61
Trd, 4318941.943, 61
Trd, 4318942.043, 62
Trd, 4318942.593, 61
Trd, 4318945.943, 60
Trd, 4318947.643, 61
Trd, 4318948.393, 60
Trd, 4318948.693, 60
Trd, 4318949.093, 60
Trd, 4318949.993, 61
Trd, 4318950.043, 62
Trd, 4318950.393, 62
Trd, 4318950.543, 67
Trd, 4318951.543, 60
Trd, 4318952.793, 60
Trd, 4318953.293, 60
Trd, 4318953.543, 60
Trd, 4318955.543, 62
Trd, 4318955.643, 62
Trd, 4318956.043, 63
Trd, 4318956.093, 62
Trd, 4318958.293, 60
Trd, 4318958.343, 60
Trd, 4318958.593, 60
Trd, 4318959.393, 62
Trd, 4318959.643, 65
Trd, 4318959.993, 65
Trd, 4318960.343, 60
Trd, 4318960.393, 62
Trd, 4318961.893, 60
Trd, 4318963.093, 60
Trd, 4318963.343, 65
Trd, 4318963.643, 67
Trd, 4318965.193, 77
Trd, 4318965.443, 76
Trd, 4318965.793, 85
Trd, 4318965.943, 75
Trd, 4318966.293, 75
Trd, 4318967.343, 77
Trd, 4318967.743, 78
Trd, 4318969.093, 140
Trd, 4318969.343, 140
Trd, 4318969.743, 140
Trd, 4318970.443, 140
Trd, 4318971.193, 140
Trd, 4318972.343, 140
Trd, 4318972.893, 140
Trd, 4318973.193, 140
Trd, 4318973.843, 140
Trd, 4318973.893, 140
Trd, 4318974.143, 140
Trd, 4318976.243, 140
Trd, 4318976.743, 139
Trd, 4318977.093, 138
Trd, 4318977.943, 117
Trd, 4318978.193, 116
Trd, 4318979.593, 137
Trd, 4318979.893, 138
Trd, 4318979.993, 95
Trd, 4318980.493, 89
Trd, 4318981.893, 67
Trd, 4318985.243, 60
Trd, 4318985.543, 61
Trd, 4318985.743, 61
Trd, 4318987.943, 60
Trd, 4318988.393, 61
Trd, 4318988.993, 60
Trd, 4318989.443, 61
Trd, 4318989.793, 61
Trd, 4318990.093, 61
Trd, 4318990.893, 67
Trd, 4318991.593, 63
Trd, 4318991.993, 64
Trd, 4318992.543, 63
Trd, 4318993.043, 62
Trd, 4318993.893, 61
Trd, 4318995.093, 60
Trd, 4318995.793, 62
Trd, 4318996.193, 65
Trd, 4318996.793, 68
Trd, 4318997.093, 68
Trd, 4318997.393, 69
Trd, 4318997.793, 68
Trd, 4318998.543, 140
Trd, 4318998.943, 68
Trd, 4318999.843, 79
Trd, 4319000.393, 74
Trd, 4319001.193, 125
Trd, 4319001.993, 81
Trd, 4319002.293, 80
Trd, 4319003.193, 80
Trd, 4319003.393, 131
Trd, 4319003.793, 131
Trd, 4319005.593, 140
Trd, 4319005.793, 140
Trd, 4319006.643, 140
Trd, 4319007.143, 140
Trd, 4319007.793, 140
Trd, 4319008.093, 140
Trd, 4319009.043, 140
Trd, 4319009.493, 101
Trd, 4319009.693, 100
Trd, 4319010.393, 90
Trd, 4319011.443, 111
Trd, 4319011.893, 84
Trd, 4319012.043, 85
Trd, 4319016.693, 60
Trd, 4319017.443, 60
Trd, 4319017.593, 60
Trd, 4319017.693, 60
Trd, 4319017.743, 61
Trd, 4319017.993, 60
Trd, 4319019.993, 60
Trd, 4319020.043, 60
Trd, 4319021.343, 61
Trd, 4319021.743, 62
Trd, 4319021.843, 66
Trd, 4319023.693, 61
Trd, 4319023.843, 61
Trd, 4319024.493, 60
Trd, 4319025.893, 60
Trd, 4319026.343, 62
Trd, 4319026.893, 61
Trd, 4319027.293, 60
Trd, 4319027.843, 67
Trd, 4319028.243, 69
Trd, 4319028.393, 71
Trd, 4319029.143, 140
Trd, 4319029.243, 140
Trd, 4319032.693, 60
Trd, 4319032.993, 60
Trd, 4319035.793, 60
Trd, 4319036.393, 60
Trd, 4319036.493, 61
Trd, 4319036.793, 61
Trd, 4319037.343, 63
Trd, 4319037.893, 62
Trd, 4319039.943, 61
Trd, 4319040.043, 62
Trd, 4319040.543, 63
Trd, 4319041.293, 63
Trd, 4319041.493, 62
Trd, 4319041.893, 114
Trd, 4319042.393, 69
Trd, 4319042.793, 60
Trd, 4319043.243, 67
Trd, 4319044.043, 60
Trd, 4319045.693, 60
Trd, 4319046.093, 61
Trd, 4319048.393, 60
Trd, 4319048.943, 62
Trd, 4319049.293, 63
Trd, 4319049.893, 61
Trd, 4319050.393, 64
Trd, 4319051.043, 118
Trd, 4319051.243, 67
Trd, 4319051.443, 140
Trd, 4319051.493, 140
Trd, 4319052.443, 66
Trd, 4319053.143, 140
Trd, 4319053.643, 133
Trd, 4319054.843, 61
Trd, 4319054.943, 63
Trd, 4319055.093, 66
Trd, 4319058.343, 60
Trd, 4319058.493, 60
Trd, 4319061.193, 60
Trd, 4319061.493, 62
Trd, 4319061.593, 62
Trd, 4319061.743, 62
Trd, 4319062.043, 70
Trd, 4319062.343, 63
Trd, 4319062.893, 61
Trd, 4319064.043, 60
Trd, 4319065.493, 60
Trd, 4319066.043, 60
Trd, 4319066.593, 61
Trd, 4319067.243, 61
Trd, 4319067.743, 62
Trd, 4319068.393, 64
Trd, 4319068.643, 72
Trd, 4319069.593, 122
Trd, 4319069.643, 65
Trd, 4319071.093, 60
Trd, 4319073.543, 60
Trd, 4319074.343, 61
Trd, 4319074.443, 60
Trd, 4319074.593, 61
Trd, 4319074.993, 61
Trd, 4319075.493, 64
Trd, 4319075.643, 63
Trd, 4319075.793, 62
Trd, 4319076.243, 65
Trd, 4319077.143, 140
Trd, 4319078.693, 140
Trd, 4319079.143, 140
Trd, 4319079.243, 140
Trd, 4319079.443, 139
Trd, 4319079.843, 126
Trd, 4319081.743, 60
Trd, 4319082.593, 60
Trd, 4319084.193, 60
Trd, 4319084.743, 60
Trd, 4319086.293, 60
Trd, 4319086.643, 63
Trd, 4319086.743, 60
Trd, 4319088.443, 61
Trd, 4319089.143, 62
Trd, 4319089.343, 63
Trd, 4319089.743, 66
Trd, 4319090.293, 139
Trd, 4319090.893, 139
Trd, 4319091.593, 140
Trd, 4319091.743, 140
Trd, 4319092.043, 140
Trd, 4319093.093, 102
Trd, 4319093.393, 68
Trd, 4319093.493, 65
Trd, 4319095.293, 60
Trd, 4319096.093, 60
Trd, 4319097.143, 62
Trd, 4319097.243, 63
Trd, 4319097.743, 62
Trd, 4319097.893, 62
Trd, 4319097.943, 70
Trd, 4319098.993, 65
Trd, 4319099.093, 64
Trd, 4319099.793, 140
Trd, 4319100.043, 140
Trd, 4319100.293, 140
Trd, 4319100.893, 140
Trd, 4319101.743, 62
Trd, 4319102.993, 60
Trd, 4319104.243, 63
Trd, 4319105.593, 61
Trd, 4319105.693, 63
Trd, 4319107.593, 60
Trd, 4319107.843, 60
Trd, 4319107.943, 60
Trd, 4319108.143, 61
Trd, 4319109.193, 60
Trd, 4319110.743, 61
Trd, 4319110.943, 60
Trd, 4319111.493, 60
Trd, 4319112.793, 68
Trd, 4319113.343, 65
Trd, 4319114.043, 64
Trd, 4319115.093, 62
Trd, 4319115.243, 63
Trd, 4319115.343, 64
Trd, 4319115.443, 61
Trd, 4319118.243, 65
Trd, 4319119.693, 60
Trd, 4319120.043, 60
Trd, 4319121.593, 60
Trd, 4319121.943, 60
Trd, 4319122.093, 61
Trd, 4319122.143, 61
Trd, 4319122.793, 64
Trd, 4319122.843, 63
Trd, 4319123.543, 64
Trd, 4319123.893, 63
Trd, 4319123.993, 62
Trd, 4319124.143, 71
Trd, 4319126.343, 140
Trd, 4319126.393, 140
Trd, 4319127.543, 140
Trd, 4319128.143, 140
Trd, 4319128.343, 140
Trd, 4319128.393, 140
Trd, 4319129.393, 137
Trd, 4319129.893, 125
Trd, 4319130.243, 125
Trd, 4319131.793, 140
Trd, 4319132.243, 140
Trd, 4319132.443, 140
Trd, 4319132.493, 140
Trd, 4319133.643, 140
Trd, 4319134.593, 140
Trd, 4319135.893, 60
Trd, 4319136.393, 61
Trd, 4319136.593, 63
Trd, 4319136.893, 64
Trd, 4319137.993, 140
Trd, 4319138.243, 140
Trd, 4319138.593, 140
Trd, 4319139.443, 140
Trd, 4319139.543, 140
Trd, 4319140.443, 140
Trd, 4319141.193, 140
Trd, 4319141.843, 140
Trd, 4319142.143, 140
Trd, 4319142.543, 128
Trd, 4319143.043, 116
Trd, 4319143.893, 61
Trd, 4319145.893, 61
Trd, 4319146.043, 61
Trd, 4319146.493, 61
Trd, 4319146.743, 60
Trd, 4319147.443, 61
Trd, 4319148.393, 98
Trd, 4319149.143, 98
Trd, 4319149.893, 71
Trd, 4319149.943, 70
Trd, 4319150.993, 94
Trd, 4319151.743, 109
Trd, 4319151.843, 107
Trd, 4319152.393, 140
Trd, 4319152.793, 139
Trd, 4319153.993, 78
Trd, 4319154.143, 75
Trd, 4319154.743, 61
Trd, 4319154.943, 140
Trd, 4319158.443, 60
Trd, 4319159.043, 60
Trd, 4319160.993, 60
Trd, 4319161.343, 60
Trd, 4319161.393, 60
Trd, 4319161.693, 60
Trd, 4319162.043, 61
Trd, 4319162.193, 62
Trd, 4319162.493, 60
Trd, 4319162.993, 61
Trd, 4319163.293, 62
Trd, 4319164.543, 60
Trd, 4319167.393, 61
Trd, 4319167.543, 64
Trd, 4319167.693, 65
Trd, 4319168.393, 65
Trd, 4319168.643, 64
Trd, 4319169.593, 119
Trd, 4319170.443, 140
Trd, 4319171.143, 140
Trd, 4319171.843, 118
Trd, 4319172.093, 116
Trd, 4319172.293, 137
Trd, 4319173.693, 66
Trd, 4319175.643, 60
Trd, 4319176.343, 60
Trd, 4319176.793, 64
Trd, 4319177.393, 78
Trd, 4319178.293, 60
Trd, 4319178.993, 61
Trd, 4319179.393, 63
Trd, 4319180.443, 97
Trd, 4319180.593, 96
Trd, 4319181.093, 82
Trd, 4319181.593, 78
Trd, 4319182.043, 80
Trd, 4319182.093, 77
Trd, 4319182.193, 76
Trd, 4319182.893, 69
Trd, 4319183.943, 140
Trd, 4319184.243, 140
Trd, 4319185.293, 140
Trd, 4319185.343, 139
Trd, 4319185.693, 140
Trd, 4319186.443, 131
Trd, 4319187.043, 62
Trd, 4319187.643, 65
Trd, 4319188.093, 65
Trd, 4319188.693, 140
Trd, 4319189.643, 140
Trd, 4319189.793, 140
Trd, 4319191.843, 140
Trd, 4319192.343, 140
Trd, 4319193.143, 136
Trd, 4319193.393, 72
Trd, 4319194.443, 66
Trd, 4319194.593, 64
Trd, 4319194.993, 109
Trd, 4319195.493, 64
Trd, 4319195.943, 139
Trd, 4319197.193, 140
Trd, 4319197.593, 140
Trd, 4319198.093, 108
Trd, 4319199.193, 114
Trd, 4319199.743, 113
Trd, 4319199.993, 112
Trd, 4319200.493, 67
Trd, 4319201.893, 91
Trd, 4319202.893, 140
Trd, 4319202.943, 140
Trd, 4319203.243, 118
Trd, 4319203.493, 140
Trd, 4319204.693, 140
Trd, 4319204.993, 140
Trd, 4319205.043, 140
Trd, 4319205.543, 110
Trd, 4319206.243, 99
Trd, 4319207.293, 140
Trd, 4319208.993, 140
Trd, 4319209.343, 140
Trd, 4319209.793, 140
Trd, 4319210.093, 140
Trd, 4319211.743, 140
Trd, 4319211.993, 140
Trd, 4319212.193, 139
Trd, 4319212.293, 138
Trd, 4319212.593, 61
Trd, 4319213.943, 60
Trd, 4319214.693, 62
Trd, 4319217.243, 60
Trd, 4319217.443, 61
Trd, 4319218.243, 61
Trd, 4319219.143, 62
Trd, 4319219.193, 63
Trd, 4319219.643, 61
Trd, 4319219.843, 63
Trd, 4319220.193, 62
Trd, 4319221.393, 63
Trd, 4319222.393, 61
Trd, 4319223.293, 65
Trd, 4319223.593, 67
Trd, 4319223.793, 67
Trd, 4319224.493, 71
Trd, 4319225.193, 74
Trd, 4319225.293, 72
Trd, 4319225.543, 138
Trd, 4319226.693, 77
Trd, 4319226.893, 76
Trd, 4319227.293, 73
Trd, 4319227.743, 68
Trd, 4319228.143, 138
Trd, 4319228.843, 65
Trd, 4319229.243, 97
Trd, 4319231.993, 60
Trd, 4319234.043, 60
Trd, 4319236.593, 60
Trd, 4319237.843, 60
Trd, 4319238.393, 60
Trd, 4319239.043, 60
Trd, 4319239.393, 60
Trd, 4319239.543, 60
Trd, 4319239.743, 60
Trd, 4319239.893, 61
Trd, 4319240.493, 64
Trd, 4319241.293, 66
Trd, 4319241.793, 67
Trd, 4319241.893, 66
Trd, 4319243.193, 140
Trd, 4319244.143, 140
Trd, 4319244.443, 140
Trd, 4319244.743, 140
Trd, 4319244.893, 88
Trd, 4319245.893, 140
Trd, 4319245.993, 140
Trd, 4319246.393, 139
Trd, 4319246.993, 60
Trd, 4319247.643, 60
Trd, 4319248.343, 60
Trd, 4319251.093, 61
Trd, 4319252.093, 60
Trd, 4319252.293, 60
Trd, 4319252.343, 61
Trd, 4319252.493, 61
Trd, 4319252.743, 61
Trd, 4319253.143, 62
Trd, 4319253.693, 62
Trd, 4319256.593, 60
Trd, 4319256.643, 60
Trd, 4319258.843, 60
Trd, 4319260.993, 60
Trd, 4319261.593, 60
Trd, 4319261.693, 61
Trd, 4319262.093, 61
Trd, 4319262.143, 62
Trd, 4319262.843, 67
Trd, 4319263.043, 72
Trd, 4319263.693, 64
Trd, 4319263.893, 63
Trd, 4319265.443, 60
Trd, 4319266.493, 61
Trd, 4319267.193, 60
Trd, 4319269.243, 60
Trd, 4319269.943, 60
Trd, 4319269.993, 62
Trd, 4319270.593, 61
Trd, 4319270.643, 64
Trd, 4319271.093, 65
Trd, 4319271.543, 61
Trd, 4319272.443, 63
Trd, 4319273.193, 63
Trd, 4319273.593, 64
Trd, 4319274.793, 63
Trd, 4319275.143, 62
Trd, 4319275.293, 63
Trd, 4319276.243, 65
Trd, 4319277.893, 65
Trd, 4319278.693, 67
Trd, 4319279.743, 61
Trd, 4319281.093, 60
Trd, 4319282.643, 60
Trd, 4319285.393, 61
Trd, 4319285.643, 61
Trd, 4319285.743, 61
Trd, 4319285.943, 61
Trd, 4319286.043, 62
Trd, 4319286.143, 66
Trd, 4319286.993, 63
Trd, 4319287.293, 61
Trd, 4319287.443, 60
Trd, 4319288.343, 60
Trd, 4319288.443, 78
Trd, 4319290.043, 64
Trd, 4319290.543, 60
Trd, 4319295.193, 60
Trd, 4319295.293, 60
Trd, 4319295.593, 61
Trd, 4319295.893, 64
Trd, 4319295.943, 62
Trd, 4319297.043, 140
Trd, 4319297.093, 140
Trd, 4319297.743, 66
Trd, 4319297.993, 67
Trd, 4319298.243, 65
Trd, 4319299.243, 120
Trd, 4319300.393, 62
Trd, 4319301.093, 63
Trd, 4319303.243, 60
Trd, 4319303.593, 60
Trd, 4319303.693, 62
Trd, 4319304.543, 66
Trd, 4319305.243, 67
Trd, 4319305.293, 64
Trd, 4319306.543, 60
Trd, 4319308.393, 60
Trd, 4319309.043, 63
Trd, 4319309.993, 61
Trd, 4319310.143, 63
Trd, 4319312.543, 60
Trd, 4319312.693, 60
Trd, 4319312.993, 60
Trd, 4319313.343, 60
Trd, 4319314.793, 61
Trd, 4319315.593, 60
Trd, 4319315.793, 60
Trd, 4319319.843, 60
Trd, 4319319.893, 61
Trd, 4319320.543, 60
Trd, 4319321.093, 61
Trd, 4319323.293, 60
Trd, 4319323.693, 62
Trd, 4319323.943, 63
Trd, 4319324.043, 61
Trd, 4319324.743, 61
Trd, 4319325.093, 61
Trd, 4319325.943, 64
Trd, 4319326.243, 63
Trd, 4319327.593, 140
Trd, 4319327.693, 106
Trd, 4319327.943, 104
Trd, 4319327.993, 102
Trd, 4319331.093, 66
Trd, 4319331.393, 62
Trd, 4319331.743, 62
Trd, 4319331.793, 61
Trd, 4319331.843, 67
Trd, 4319332.843, 64
Trd, 4319333.243, 64
Trd, 4319333.893, 64
Trd, 4319335.693, 60
Trd, 4319335.993, 60
Trd, 4319336.743, 65
Trd, 4319336.893, 62
Trd, 4319336.993, 61
Trd, 4319337.393, 67
Trd, 4319338.243, 63
Trd, 4319338.693, 64
Trd, 4319339.543, 66
Trd, 4319339.843, 66
Trd, 4319340.093, 65
Trd, 4319340.843, 62
Trd, 4319341.393, 140
Trd, 4319342.093, 67
Trd, 4319342.943, 60
Trd, 4319344.393, 60
Trd, 4319344.843, 61
Trd, 4319345.193, 60
Trd, 4319347.693, 60
Trd, 4319349.593, 60
Trd, 4319349.943, 60
Trd, 4319350.443, 60
Trd, 4319350.743, 60
Trd, 4319350.993, 61
Trd, 4319352.143, 63
Trd, 4319352.193, 63
Trd, 4319352.543, 62
Trd, 4319353.143, 65
Trd, 4319353.993, 60
Trd, 4319354.893, 61
Trd, 4319355.043, 68
Trd, 4319355.393, 118
Trd, 4319356.243, 70
Trd, 4319356.343, 68
Trd, 4319356.443, 75
Trd, 4319358.143, 74
Trd, 4319358.443, 74
Trd, 4319359.493, 60
Trd, 4319361.443, 60
Trd, 4319362.093, 60
Trd, 4319363.393, 60
Trd, 4319363.543, 60
Trd, 4319363.693, 60
Trd, 4319363.743, 63
Trd, 4319364.493, 60
Trd, 4319364.743, 61
Trd, 4319365.543, 62
Trd, 4319366.493, 69
Trd, 4319367.493, 60
Trd, 4319368.193, 67
Trd, 4319368.493, 64
Trd, 4319370.843, 60
Trd, 4319371.543, 60
Trd, 4319371.843, 61
Trd, 4319372.193, 62
Trd, 4319372.243, 62
Trd, 4319373.043, 63
Trd, 4319373.343, 60
Trd, 4319373.743, 60
Trd, 4319374.093, 60
Trd, 4319376.993, 60
Trd, 4319377.043, 61
Trd, 4319378.543, 60
Trd, 4319380.793, 63
Trd, 4319382.093, 60
Trd, 4319382.193, 60
Trd, 4319382.643, 60
Trd, 4319383.193, 60
Trd, 4319384.493, 64
Trd, 4319384.893, 66
Trd, 4319385.043, 65
Trd, 4319385.093, 64
Trd, 4319387.293, 60
Trd, 4319388.493, 60
Trd, 4319389.293, 60
Trd, 4319389.993, 60
Trd, 4319390.043, 60
Trd, 4319390.343, 61
Trd, 4319390.393, 72
Trd, 4319391.293, 129
Trd, 4319391.443, 104
Trd, 4319391.993, 118
Trd, 4319393.143, 86
Trd, 4319393.543, 140
Trd, 4319394.093, 139
Trd, 4319394.993, 139
Trd, 4319395.693, 140
Trd, 4319395.993, 140
Trd, 4319396.743, 140
Trd, 4319397.393, 104
Trd, 4319397.993, 85
Trd, 4319398.443, 137
Trd, 4319399.393, 140
Trd, 4319399.443, 139
Trd, 4319401.543, 140
Trd, 4319401.793, 139
Trd, 4319402.493, 108
Trd, 4319403.243, 72
Trd, 4319404.193, 124
Trd, 4319404.343, 123
Trd, 4319405.193, 140
Trd, 4319406.243, 140
Trd, 4319406.643, 140
Trd, 4319406.743, 140
Trd, 4319408.543, 140
Trd, 4319408.893, 140
Trd, 4319409.843, 140
Trd, 4319409.943, 140
Trd, 4319410.243, 140
Trd, 4319410.393, 135
Trd, 4319411.493, 134
Trd, 4319412.343, 60
Trd, 4319413.193, 140
Trd, 4319414.143, 61
Trd, 4319414.743, 64
Trd, 4319414.893, 65
Trd, 4319415.343, 65
Trd, 4319415.743, 62
Trd, 4319416.543, 64
Trd, 4319416.843, 64
Trd, 4319417.543, 66
Trd, 4319417.743, 65
Trd, 4319418.193, 60
Trd, 4319419.643, 60
Trd, 4319419.993, 61
Trd, 4319421.493, 60
Trd, 4319424.143, 60
Trd, 4319424.693, 60
Trd, 4319425.543, 61
Trd, 4319425.943, 60
Trd, 4319425.993, 60
Trd, 4319426.943, 62
Trd, 4319427.093, 63
Trd, 4319427.143, 62
Trd, 4319427.243, 61
Trd, 4319427.343, 64
Trd, 4319428.443, 101
Trd, 4319428.993, 100
Trd, 4319431.193, 60
Trd, 4319431.793, 61
Trd, 4319433.293, 60
Trd, 4319434.143, 60
Trd, 4319434.243, 60
Trd, 4319434.293, 61
Trd, 4319434.393, 64
Trd, 4319434.843, 67
Trd, 4319435.243, 64
Trd, 4319436.393, 140
Trd, 4319436.643, 140
Trd, 4319437.343, 140
Trd, 4319437.793, 137
Trd, 4319438.393, 122
Trd, 4319439.543, 60
Trd, 4319440.143, 123
Trd, 4319441.643, 91
Trd, 4319442.793, 140
Trd, 4319442.893, 140
Trd, 4319442.943, 68
Trd, 4319444.343, 60
Trd, 4319444.893, 60
Trd, 4319448.243, 60
Trd, 4319449.093, 60
Trd, 4319449.243, 61
Trd, 4319450.143, 60
Trd, 4319450.743, 62
Trd, 4319450.943, 60
Trd, 4319451.993, 62
Trd, 4319452.193, 60
Trd, 4319452.693, 60
Trd, 4319452.893, 61
Trd, 4319453.893, 60
Trd, 4319455.193, 61
Trd, 4319455.543, 60
Trd, 4319455.593, 63
Trd, 4319456.593, 60
Trd, 4319457.043, 60
Trd, 4319458.543, 61
Trd, 4319459.043, 61
Trd, 4319460.443, 60
Trd, 4319461.043, 60
Trd, 4319461.543, 61
Trd, 4319461.643, 62
Trd, 4319463.143, 61
Trd, 4319463.643, 67
Trd, 4319465.693, 61
Trd, 4319465.893, 62
Trd, 4319466.443, 63
Trd, 4319466.643, 62
Trd, 4319466.943, 60
Trd, 4319467.193, 63
Trd, 4319467.243, 66
Trd, 4319468.343, 63
Trd, 4319468.643, 64
Trd, 4319468.693, 63
Trd, 4319469.843, 60
Trd, 4319470.293, 61
Trd, 4319471.993, 60
Trd, 4319472.293, 62
Trd, 4319472.743, 62
Trd, 4319473.393, 62
Trd, 4319474.293, 123
Trd, 4319474.443, 64
Trd, 4319474.643, 63
Trd, 4319475.593, 65
Trd, 4319476.343, 65
Trd, 4319478.193, 60
Trd, 4319480.543, 60
Trd, 4319480.593, 61
Trd, 4319480.843, 61
Trd, 4319481.743, 63
Trd, 4319482.543, 61
Trd, 4319482.793, 63
Trd, 4319482.843, 61
Trd, 4319483.093, 64
Trd, 4319483.743, 63
Trd, 4319484.943, 61
Trd, 4319486.343, 62
Trd, 4319486.593, 64
Trd, 4319488.993, 60
Trd, 4319489.193, 61
Trd, 4319491.343, 60
Trd, 4319494.793, 60
Trd, 4319494.993, 60
Trd, 4319495.143, 61
Trd, 4319495.393, 61
Trd, 4319495.843, 64
Trd, 4319495.943, 65
Trd, 4319496.593, 86
Trd, 4319496.843, 72
Trd, 4319496.993, 71
Trd, 4319497.293, 71
Trd, 4319498.393, 130
Trd, 4319498.993, 88
Trd, 4319499.593, 86
Trd, 4319500.543, 64
Trd, 4319502.093, 60
Trd, 4319502.343, 61
Trd, 4319505.193, 60
Trd, 4319505.543, 61
Trd, 4319505.743, 62
Trd, 4319505.793, 62
Trd, 4319506.093, 63
Trd, 4319506.493, 60
Trd, 4319507.093, 60
Trd, 4319507.493, 65
Trd, 4319507.893, 60
Trd, 4319508.693, 61
Trd, 4319509.643, 60
Trd, 4319512.593, 60
Trd, 4319514.743, 64
Trd, 4319515.293, 76
Trd, 4319515.443, 78
Trd, 4319515.693, 67
Trd, 4319516.043, 66
Trd, 4319516.843, 61
Trd, 4319517.043, 61
Trd, 4319517.193, 67
Trd, 4319517.993, 60
Trd, 4319518.193, 61
Trd, 4319519.243, 60
Trd, 4319521.143, 60
Trd, 4319522.293, 60
Trd, 4319523.043, 61
Trd, 4319523.443, 62
Trd, 4319526.493, 60
Trd, 4319526.693, 60
Trd, 4319526.893, 61
Trd, 4319526.993, 62
Trd, 4319527.193, 60
Trd, 4319528.043, 60
Trd, 4319528.143, 60
Trd, 4319530.343, 60
Trd, 4319530.893, 60
Trd, 4319532.593, 61
Trd, 4319532.943, 62
Trd, 4319532.993, 63
Trd, 4319533.193, 65
Trd, 4319533.593, 63
Trd, 4319533.693, 63
Trd, 4319534.693, 65
Trd, 4319534.843, 65
Trd, 4319535.743, 67
Trd, 4319536.243, 138
Trd, 4319537.043, 60
Trd, 4319538.543, 140
Trd, 4319538.643, 140
Trd, 4319538.793, 113
Trd, 4319539.693, 62
Trd, 4319540.393, 65
Trd, 4319540.643, 64
Trd, 4319541.593, 73
Trd, 4319542.393, 73
Trd, 4319542.643, 70
Trd, 4319544.343, 139
Trd, 4319544.893, 74
Trd, 4319545.893, 71
Trd, 4319546.143, 72
Trd, 4319546.643, 90
Trd, 4319546.843, 73
Trd, 4319547.243, 71
Trd, 4319548.093, 60
Trd, 4319549.443, 61
Trd, 4319549.643, 60
Trd, 4319550.293, 71
Trd, 4319550.693, 62
Trd, 4319551.393, 62
Trd, 4319553.193, 60
Trd, 4319557.293, 60
Trd, 4319558.343, 60
Trd, 4319559.243, 60
Trd, 4319559.343, 61
Trd, 4319559.593, 61
Trd, 4319560.893, 60
Trd, 4319561.293, 60
Trd, 4319561.393, 60
Trd, 4319561.643, 60
Trd, 4319562.343, 62
Trd, 4319562.443, 63
Trd, 4319562.693, 61
Trd, 4319564.193, 60
Trd, 4319564.943, 65
Trd, 4319566.693, 60
Trd, 4319567.393, 60
Trd, 4319568.693, 60
Trd, 4319569.043, 62
Trd, 4319569.393, 62
Trd, 4319569.493, 61
Trd, 4319569.893, 62
Trd, 4319570.243, 61
Trd, 4319570.543, 63
Trd, 4319571.243, 128
Trd, 4319571.743, 64
Trd, 4319572.293, 60
Trd, 4319572.893, 60
Trd, 4319573.293, 61
Trd, 4319574.793, 62
Trd, 4319576.443, 62
Trd, 4319576.893, 64
Trd, 4319577.543, 61
Trd, 4319579.843, 61
Trd, 4319580.143, 60
Trd, 4319580.493, 61
Trd, 4319581.143, 62
Trd, 4319581.393, 62
Trd, 4319581.593, 60
Trd, 4319582.293, 61
Trd, 4319582.943, 111
Trd, 4319583.093, 64
Trd, 4319583.393, 63
Trd, 4319583.793, 77
Trd, 4319584.643, 65
Trd, 4319585.043, 139
Trd, 4319585.743, 65
Trd, 4319585.943, 65
Trd, 4319587.093, 140
Trd, 4319587.993, 72
Trd, 4319588.093, 74
Trd, 4319588.493, 73
Trd, 4319588.993, 72
Trd, 4319591.893, 60
Trd, 4319592.493, 60
Trd, 4319592.593, 60
Trd, 4319592.743, 60
Trd, 4319592.843, 60
Trd, 4319592.943, 62
Trd, 4319593.493, 60
Trd, 4319593.543, 61
Trd, 4319595.443, 140
Trd, 4319595.843, 140
Trd, 4319595.893, 140
Trd, 4319596.393, 140
Trd, 4319596.493, 139
Trd, 4319597.543, 60
Trd, 4319597.843, 61
Trd, 4319598.243, 140
Trd, 4319599.593, 140
Trd, 4319599.693, 140
Trd, 4319600.393, 140
Trd, 4319601.243, 140
Trd, 4319601.593, 139
Trd, 4319601.943, 60
Trd, 4319602.593, 60
Trd, 4319603.243, 60
Trd, 4319604.643, 61
Trd, 4319605.143, 65
Trd, 4319605.693, 63
Trd, 4319606.193, 62
Trd, 4319607.293, 69
Trd, 4319607.743, 71
Trd, 4319609.393, 73
Trd, 4319609.643, 69
Trd, 4319610.293, 138
Trd, 4319610.493, 129
Trd, 4319610.793, 129
Trd, 4319612.543, 140
Trd, 4319612.993, 140
Trd, 4319613.593, 140
Trd, 4319613.843, 140
Trd, 4319614.043, 140
Trd, 4319614.243, 139
Trd, 4319614.443, 133
Trd, 4319615.693, 140
Trd, 4319616.193, 134
Trd, 4319617.593, 140
Trd, 4319618.343, 140
Trd, 4319619.643, 140
Trd, 4319620.243, 140
Trd, 4319620.793, 98
Trd, 4319621.243, 100
Trd, 4319621.743, 100
Trd, 4319622.793, 140
Trd, 4319623.593, 140
Trd, 4319623.893, 140
Trd, 4319623.943, 140
Trd, 4319626.843, 62
Trd, 4319628.693, 60
Trd, 4319629.243, 61
Trd, 4319629.643, 61
Trd, 4319629.743, 63
Trd, 4319629.843, 64
Trd, 4319629.993, 67
Trd, 4319630.643, 65
Trd, 4319630.943, 65
Trd, 4319631.493, 64
Trd, 4319631.593, 64
Trd, 4319632.793, 73
Trd, 4319633.943, 137
Trd, 4319634.343, 66
Trd, 4319636.293, 60
Trd, 4319637.043, 60
Trd, 4319637.843, 60
Trd, 4319637.943, 62
Trd, 4319638.643, 62
Trd, 4319639.243, 61
Trd, 4319639.293, 62
Trd, 4319640.643, 66
Trd, 4319641.043, 140
Trd, 4319641.493, 140
Trd, 4319642.243, 140
Trd, 4319642.843, 140
Trd, 4319643.243, 140
Trd, 4319644.393, 140
Trd, 4319644.893, 139
Trd, 4319646.193, 138
Trd, 4319646.243, 129
Trd, 4319646.393, 127
Trd, 4319646.843, 96
Trd, 4319647.943, 60
Trd, 4319649.543, 65
Trd, 4319650.393, 60
Trd, 4319653.043, 60
Trd, 4319653.093, 60
Trd, 4319653.143, 61
Trd, 4319653.293, 60
Trd, 4319653.793, 60
Trd, 4319655.193, 140
Trd, 4319655.343, 137
Trd, 4319655.943, 103
Trd, 4319656.093, 103
Trd, 4319656.443, 102
Trd, 4319656.593, 63
Trd, 4319658.743, 140
Trd, 4319659.443, 65
Trd, 4319660.443, 138
Trd, 4319660.743, 138
Trd, 4319660.793, 137
Trd, 4319661.043, 122
Trd, 4319662.143, 79
Trd, 4319662.593, 78
Trd, 4319663.843, 140
Trd, 4319664.043, 140
Trd, 4319664.393, 140
Trd, 4319665.593, 140
Trd, 4319666.493, 117
Trd, 4319666.543, 116
Trd, 4319666.743, 140
Trd, 4319667.443, 116
Trd, 4319668.193, 115
Trd, 4319668.743, 112
Trd, 4319670.843, 140
Trd, 4319671.043, 140
Trd, 4319671.543, 140
Trd, 4319671.793, 140
Trd, 4319672.143, 140
Trd, 4319673.293, 140
Trd, 4319673.493, 140
Trd, 4319674.543, 140
Trd, 4319674.893, 139
Trd, 4319675.693, 140
Trd, 4319676.193, 140
Trd, 4319676.293, 128
Trd, 4319676.793, 106
Trd, 4319679.943, 60
Trd, 4319680.693, 64
Trd, 4319680.843, 65
Trd, 4319682.043, 60
Trd, 4319684.643, 60
Trd, 4319684.993, 61
Trd, 4319685.343, 61
Trd, 4319685.393, 60
Trd, 4319685.593, 62
Trd, 4319686.093, 61
Trd, 4319687.293, 60
Trd, 4319688.093, 60
Trd, 4319689.243, 60
Trd, 4319691.393, 60
Trd, 4319691.443, 60
Trd, 4319691.543, 60
Trd, 4319692.443, 61
Trd, 4319692.843, 60
Trd, 4319694.243, 61
Trd, 4319694.793, 60
Trd, 4319694.943, 61
Trd, 4319695.493, 63
Trd, 4319697.693, 60
Trd, 4319699.293, 60
Trd, 4319699.543, 60
Trd, 4319699.793, 61
Trd, 4319700.593, 61
Trd, 4319700.793, 62
Trd, 4319701.293, 62
Trd, 4319701.593, 64
Trd, 4319701.943, 61
Trd, 4319702.793, 63
Trd, 4319704.293, 61
Trd, 4319704.793, 62
Trd, 4319704.893, 61
Trd, 4319705.693, 67
Trd, 4319705.943, 67
Trd, 4319707.143, 104
Trd, 4319707.193, 101
Trd, 4319708.043, 139
Trd, 4319708.143, 138
Trd, 4319709.393, 138
Trd, 4319710.193, 140
Trd, 4319710.743, 140
Trd, 4319711.043, 140
Trd, 4319711.793, 64
Trd, 4319712.343, 133
Trd, 4319713.443, 97
Trd, 4319714.093, 100
Trd, 4319714.593, 101
Trd, 4319714.743, 103
Trd, 4319714.843, 98
Trd, 4319715.543, 131
Trd, 4319716.093, 140
Trd, 4319717.593, 113
Trd, 4319717.743, 113
Trd, 4319717.793, 112
Trd, 4319719.343, 90
Trd, 4319719.443, 139
Trd, 4319719.993, 139
Trd, 4319720.243, 138
Trd, 4319721.393, 130
Trd, 4319721.643, 88
Trd, 4319722.443, 140
Trd, 4319724.293, 140
Trd, 4319724.643, 140
Trd, 4319724.793, 140
Trd, 4319725.293, 140
Trd, 4319725.843, 140
Trd, 4319726.393, 135
Trd, 4319727.243, 126
Trd, 4319727.493, 125
Trd, 4319729.343, 140
Trd, 4319729.393, 139
Trd, 4319730.293, 140
Trd, 4319730.493, 140
Trd, 4319731.193, 140
Trd, 4319731.943, 62
Trd, 4319732.193, 65
Trd, 4319733.443, 106
Trd, 4319733.893, 106
Trd, 4319734.543, 108
Trd, 4319735.643, 140
Trd, 4319735.693, 140
Trd, 4319736.943, 140
Trd, 4319737.143, 140
Trd, 4319737.843, 140
Trd, 4319739.343, 64
Trd, 4319739.643, 60
Trd, 4319739.993, 62
Trd, 4319741.093, 60
Trd, 4319742.093, 62
Trd, 4319744.193, 60
Trd, 4319746.093, 60
Trd, 4319746.543, 61
Trd, 4319746.893, 62
Trd, 4319746.993, 61
Trd, 4319747.143, 63
Trd, 4319748.093, 63
Trd, 4319748.293, 63
Trd, 4319748.693, 65
Trd, 4319748.843, 65
Trd, 4319750.093, 64
Trd, 4319750.143, 74
Trd, 4319750.693, 75
Trd, 4319750.743, 63
Trd, 4319752.443, 69
Trd, 4319752.893, 70
Trd, 4319753.343, 84
Trd, 4319753.643, 70
Trd, 4319754.343, 69
Trd, 4319755.543, 140
Trd, 4319755.993, 140
Trd, 4319756.793, 140
Trd, 4319757.243, 140
Trd, 4319757.993, 140
Trd, 4319758.343, 140
Trd, 4319758.843, 140
Trd, 4319759.443, 66
Trd, 4319760.643, 124
Trd, 4319761.743, 61
Trd, 4319761.893, 62
Trd, 4319762.243, 101
Trd, 4319762.393, 81
Trd, 4319764.093, 60
Trd, 4319764.543, 61
Trd, 4319764.793, 61
Trd, 4319765.093, 62
Trd, 4319766.693, 64
Trd, 4319766.993, 64
Trd, 4319768.093, 68
Trd, 4319768.343, 69
Trd, 4319769.043, 68
Trd, 4319769.343, 80
Trd, 4319769.693, 70
Trd, 4319770.343, 69
Trd, 4319772.043, 61
Trd, 4319774.543, 60
Trd, 4319774.593, 60
Trd, 4319774.893, 63
Trd, 4319775.793, 63
Trd, 4319775.893, 65
Trd, 4319775.943, 65
Trd, 4319776.143, 63
Trd, 4319776.293, 62
Trd, 4319776.793, 62
Trd, 4319777.493, 60
Trd, 4319778.743, 61
Trd, 4319779.043, 63
Trd, 4319781.793, 60
Trd, 4319782.493, 61
Trd, 4319783.493, 60
Trd, 4319783.543, 64
Trd, 4319784.043, 60
Trd, 4319784.643, 65
Trd, 4319785.293, 65
Trd, 4319785.493, 63
Trd, 4319786.493, 103
Trd, 4319787.493, 64
Trd, 4319788.743, 62
Trd, 4319789.343, 60
Trd, 4319790.143, 67
Trd, 4319790.343, 61
Trd, 4319794.643, 60
Trd, 4319796.143, 60
Trd, 4319796.543, 60
Trd, 4319796.643, 60
Trd, 4319796.793, 60
Trd, 4319796.893, 61
Trd, 4319797.193, 60
Trd, 4319799.293, 60
Trd, 4319800.993, 63
Trd, 4319802.743, 60
Trd, 4319803.043, 62
Trd, 4319804.093, 62
Trd, 4319804.143, 63
Trd, 4319804.843, 60
Trd, 4319807.993, 60
Trd, 4319808.693, 60
Trd, 4319808.893, 61
Trd, 4319809.443, 64
Trd, 4319809.793, 64
Trd, 4319810.243, 65
Trd, 4319810.993, 61
Trd, 4319811.293, 80
Trd, 4319811.393, 61
Trd, 4319811.493, 61
Trd, 4319811.843, 63
Trd, 4319813.043, 60
Trd, 4319813.443, 62
Trd, 4319813.793, 140
Trd, 4319814.493, 140
Trd, 4319815.593, 140
Trd, 4319816.343, 140
Trd, 4319816.443, 140
Trd, 4319816.493, 140
Trd, 4319816.693, 140
Trd, 4319817.293, 140
Trd, 4319818.393, 140
Trd, 4319818.643, 94
Trd, 4319820.493, 136
Trd, 4319820.693, 131
Trd, 4319821.093, 131
Trd, 4319821.693, 133
Trd, 4319821.943, 131
Trd, 4319824.143, 60
Trd, 4319825.143, 60
Trd, 4319825.893, 61
Trd, 4319826.393, 60
Trd, 4319827.543, 61
Trd, 4319827.693, 62
Trd, 4319828.143, 62
Trd, 4319828.193, 64
Trd, 4319828.643, 69
Trd, 4319829.243, 73
Trd, 4319830.343, 138
Trd, 4319830.693, 138
Trd, 4319831.043, 137
Trd, 4319831.943, 140
Trd, 4319832.143, 140
Trd, 4319832.643, 140
Trd, 4319832.993, 136
Trd, 4319833.543, 79
Trd, 4319834.243, 139
Trd, 4319834.943, 61
Trd, 4319837.243, 61
Trd, 4319837.893, 62
Trd, 4319839.643, 60
Trd, 4319841.393, 60
Trd, 4319841.443, 60
Trd, 4319841.543, 61
Trd, 4319841.693, 62
Trd, 4319841.743, 64
Trd, 4319842.243, 67
Trd, 4319842.793, 66
Trd, 4319843.593, 126
Trd, 4319843.693, 125
Trd, 4319843.793, 124
Trd, 4319844.443, 71
Trd, 4319845.593, 72
Trd, 4319846.443, 60
Trd, 4319848.143, 61
Trd, 4319848.593, 60
Trd, 4319849.243, 60
Trd, 4319850.293, 60
Trd, 4319850.993, 60
Trd, 4319853.043, 61
Trd, 4319853.543, 60
Trd, 4319854.393, 60
Trd, 4319855.793, 60
Trd, 4319855.843, 60
Trd, 4319856.643, 60
Trd, 4319857.743, 62
Trd, 4319858.643, 60
Trd, 4319859.193, 61
Trd, 4319859.343, 64
Trd, 4319859.993, 65
Trd, 4319860.093, 67
Trd, 4319860.243, 66
Trd, 4319861.643, 60
Trd, 4319862.393, 84
Trd, 4319862.493, 83
Trd, 4319862.743, 62
Trd, 4319863.143, 61
Trd, 4319865.093, 62
Trd, 4319865.193, 61
Trd, 4319865.493, 73
Trd, 4319866.493, 62
Trd, 4319867.993, 60
Trd, 4319868.943, 62
Trd, 4319869.193, 63
Trd, 4319870.343, 61
Trd, 4319871.843, 60
Trd, 4319872.143, 60
Trd, 4319872.393, 61
Trd, 4319873.493, 63
Trd, 4319873.543, 62
Trd, 4319873.693, 63
Trd, 4319873.743, 61
Trd, 4319874.043, 60
Trd, 4319874.693, 62
Trd, 4319877.143, 60
Trd, 4319877.443, 62
Trd, 4319877.643, 70
Trd, 4319878.193, 64
Trd, 4319878.543, 64
Trd, 4319878.943, 68
Trd, 4319881.543, 61
Trd, 4319881.843, 63
Trd, 4319883.343, 60
Trd, 4319884.043, 61
Trd, 4319884.343, 61
Trd, 4319886.543, 60
Trd, 4319888.543, 60
Trd, 4319888.593, 60
Trd, 4319888.993, 61
Trd, 4319890.243, 61
Trd, 4319890.343, 61
Trd, 4319891.143, 62
Trd, 4319892.193, 63
Trd, 4319893.343, 60
Trd, 4319893.993, 60
Trd, 4319894.743, 60
Trd, 4319895.593, 60
Trd, 4319896.643, 64
Trd, 4319898.143, 60
Trd, 4319898.593, 61
Trd, 4319899.043, 60
Trd, 4319899.143, 61
Trd, 4319900.093, 61
Trd, 4319900.143, 62
Trd, 4319900.843, 61
Trd, 4319901.193, 62
Trd, 4319901.293, 66
Trd, 4319901.693, 63
Trd, 4319902.043, 66
Trd, 4319902.393, 64
Trd, 4319903.493, 109
Trd, 4319903.593, 107
Trd, 4319904.543, 75
Trd, 4319906.593, 60
Trd, 4319906.743, 61
Trd, 4319909.443, 60
Trd, 4319909.993, 61
Trd, 4319910.343, 60
Trd, 4319910.393, 61
Trd, 4319911.393, 61
Trd, 4319911.643, 62
Trd, 4319912.043, 64
Trd, 4319912.693, 69
Trd, 4319913.243, 70
Trd, 4319913.843, 140
Trd, 4319914.693, 140
Trd, 4319915.793, 140
Trd, 4319916.443, 140
Trd, 4319917.193, 140
Trd, 4319917.643, 140
Trd, 4319917.993, 140
Trd, 4319918.543, 140
Trd, 4319919.343, 140
Trd, 4319919.943, 140
Trd, 4319920.043, 104
Trd, 4319921.843, 60
Trd, 4319922.443, 60
Trd, 4319923.393, 61
Trd, 4319923.693, 60
Trd, 4319923.993, 60
Trd, 4319924.543, 60
Trd, 4319924.743, 61
Trd, 4319925.543, 61
Trd, 4319926.043, 60
Trd, 4319926.193, 113
Trd, 4319926.793, 61
Trd, 4319929.393, 60
Trd, 4319930.243, 61
Trd, 4319931.493, 63
Trd, 4319932.493, 60
Trd, 4319932.843, 62
Trd, 4319933.093, 72
Trd, 4319934.143, 64
Trd, 4319934.443, 66
Trd, 4319934.593, 66
Trd, 4319934.743, 63
Trd, 4319934.943, 62
Trd, 4319936.493, 75
Trd, 4319936.943, 60
Trd, 4319938.793, 60
Trd, 4319939.043, 67
Trd, 4319939.993, 60
Trd, 4319942.193, 60
Trd, 4319942.843, 60
Trd, 4319942.943, 60
Trd, 4319943.493, 60
Trd, 4319943.793, 61
Trd, 4319943.943, 60
Trd, 4319943.993, 62
Trd, 4319944.543, 60
Trd, 4319947.143, 60
Trd, 4319947.393, 60
Trd, 4319948.193, 140
Trd, 4319948.593, 140
Trd, 4319949.193, 140
Trd, 4319949.543, 139
Trd, 4319949.893, 139
Trd, 4319951.043, 140
Trd, 4319952.443, 140
Trd, 4319952.743, 140
Trd, 4319952.793, 140
Trd, 4319953.093, 140
Trd, 4319953.393, 140
Trd, 4319953.843, 129
Trd, 4319954.743, 140
Trd, 4319955.643, 102
Trd, 4319955.843, 102
Trd, 4319956.043, 64
Trd, 4319957.043, 62
Trd, 4319957.393, 60
Trd, 4319959.593, 109
Trd, 4319960.743, 140
Trd, 4319960.993, 139
Trd, 4319961.443, 140
Trd, 4319962.243, 140
Trd, 4319962.393, 140
Trd, 4319963.343, 140
Trd, 4319963.943, 140
Trd, 4319964.043, 140
Trd, 4319964.793, 140
Trd, 4319965.343, 138
Trd, 4319967.093, 140
Trd, 4319967.943, 140
Trd, 4319968.293, 140
Trd, 4319968.593, 140
Trd, 4319969.043, 140
Trd, 4319969.843, 140
Trd, 4319970.543, 140
Trd, 4319970.843, 140
Trd, 4319972.193, 102
Trd, 4319972.243, 81
Trd, 4319973.243, 93
Trd, 4319973.493, 140
Trd, 4319974.493, 140
Trd, 4319974.643, 140
Trd, 4319974.843, 140
Trd, 4319975.593, 140
Trd, 4319975.893, 140
Trd, 4319976.993, 140
Trd, 4319978.393, 140
Trd, 4319979.093, 140
Trd, 4319979.343, 140
Trd, 4319980.293, 140
Trd, 4319980.943, 140
Trd, 4319981.143, 140
Trd, 4319981.743, 122
Trd, 4319981.893, 64
Trd, 4319982.993, 140
Trd, 4319983.493, 140
Trd, 4319983.643, 139
Trd, 4319984.693, 92
Trd, 4319985.343, 67
Trd, 4319985.993, 66
Trd, 4319986.793, 139
Trd, 4319987.693, 61
Trd, 4319988.243, 62
Trd, 4319988.593, 62
Trd, 4319989.243, 74
Trd, 4319989.643, 69
Trd, 4319989.943, 70
Trd, 4319990.393, 69
Trd, 4319990.893, 69
Trd, 4319991.593, 62
Trd, 4319993.443, 60
Trd, 4319994.193, 60
Trd, 4319994.943, 61
Trd, 4319994.993, 62
Trd, 4319995.243, 61
Trd, 4319995.593, 60
Trd, 4319996.243, 66
Trd, 4319997.193, 140
Trd, 4319997.543, 140
Trd, 4319997.893, 140
Trd, 4319998.993, 139
Trd, 4319999.743, 140
