Trd, 4318103.343, 60
Trd, 4318103.643, 60
Trd, 4318104.143, 60
Trd, 4318104.693, 60
Trd, 4318104.743, 60
Trd, 4318105.443, 60
Trd, 4318105.643, 60
Trd, 4318106.343, 63
Trd, 4318106.743, 63
Trd, 4318107.493, 64
Trd, 4318108.093, 67
Trd, 4318108.393, 66
Trd, 4318108.643, 115
Trd, 4318109.393, 60
Trd, 4318110.793, 60
Trd, 4318111.143, 60
Trd, 4318112.293, 61
Trd, 4318113.093, 60
Trd, 4318114.293, 62
Trd, 4318116.043, 60
Trd, 4318116.593, 63
Trd, 4318117.543, 62
Trd, 4318117.893, 62
Trd, 4318118.043, 63
Trd, 4318118.843, 64
Trd, 4318119.093, 67
Trd, 4318119.193, 65
Trd, 4318119.993, 137
Trd, 4318120.893, 126
Trd, 4318121.543, 140
Trd, 4318122.243, 140
Trd, 4318122.993, 140
Trd, 4318123.093, 140
Trd, 4318123.893, 140
Trd, 4318124.743, 140
Trd, 4318125.043, 140
Trd, 4318125.543, 140
Trd, 4318127.743, 140
Trd, 4318129.893, 140
Trd, 4318130.193, 140
Trd, 4318130.593, 140
Trd, 4318130.693, 140
Trd, 4318131.543, 72
Trd, 4318131.743, 70
Trd, 4318133.443, 60
Trd, 4318134.843, 60
Trd, 4318135.143, 61
Trd, 4318135.293, 62
Trd, 4318136.543, 139
Trd, 4318136.993, 139
Trd, 4318138.443, 140
Trd, 4318138.993, 140
Trd, 4318139.393, 140
Trd, 4318139.693, 140
Trd, 4318140.893, 140
Trd, 4318142.043, 140
Trd, 4318142.243, 140
Trd, 4318143.693, 140
Trd, 4318145.043, 140
Trd, 4318146.093, 140
Trd, 4318146.293, 140
Trd, 4318148.243, 140
Trd, 4318148.693, 140
Trd, 4318149.993, 140
Trd, 4318150.093, 140
Trd, 4318150.293, 140
Trd, 4318151.993, 140
Trd, 4318153.193, 140
Trd, 4318153.343, 140
Trd, 4318154.143, 140
Trd, 4318154.943, 140
Trd, 4318155.443, 140
Trd, 4318156.493, 140
Trd, 4318157.743, 140
Trd, 4318158.293, 140
Trd, 4318159.643, 140
Trd, 4318161.643, 140
Trd, 4318161.993, 140
Trd, 4318162.593, 140
Trd, 4318163.343, 140
Trd, 4318163.893, 140
Trd, 4318164.143, 140
Trd, 4318164.843, 140
Trd, 4318164.993, 140
Trd, 4318166.343, 140
Trd, 4318167.243, 140
Trd, 4318167.443, 138
Trd, 4318169.193, 120
Trd, 4318169.243, 92
Trd, 4318169.843, 121
Trd, 4318169.893, 92
Trd, 4318170.643, 71
Trd, 4318171.843, 116
Trd, 4318172.243, 83
Trd, 4318172.493, 115
Trd, 4318173.393, 84
Trd, 4318173.443, 83
Trd, 4318174.243, 81
Trd, 4318174.493, 111
Trd, 4318174.643, 112
Trd, 4318175.793, 127
Trd, 4318176.493, 85
Trd, 4318177.543, 118
Trd, 4318177.793, 117
Trd, 4318178.143, 116
Trd, 4318179.143, 119
Trd, 4318179.443, 118
Trd, 4318179.993, 115
Trd, 4318180.893, 63
Trd, 4318181.293, 63
Trd, 4318183.243, 60
Trd, 4318184.143, 60
Trd, 4318185.043, 60
Trd, 4318185.293, 60
Trd, 4318185.593, 60
Trd, 4318187.843, 60
Trd, 4318187.943, 60
Trd, 4318188.143, 60
Trd, 4318189.143, 60
Trd, 4318190.043, 61
Trd, 4318191.443, 66
Trd, 4318192.043, 64
Trd, 4318193.143, 63
Trd, 4318194.243, 63
Trd, 4318195.643, 60
Trd, 4318196.543, 60
Trd, 4318196.743, 60
Trd, 4318197.293, 61
Trd, 4318197.443, 62
Trd, 4318197.593, 62
Trd, 4318197.793, 62
Trd, 4318198.493, 65
Trd, 4318198.643, 64
Trd, 4318198.943, 65
Trd, 4318199.843, 61
Trd, 4318200.693, 62
Trd, 4318202.793, 62
Trd, 4318203.293, 60
Trd, 4318204.493, 60
Trd, 4318204.893, 60
Trd, 4318206.043, 60
Trd, 4318207.943, 60
Trd, 4318208.243, 60
Trd, 4318208.893, 61
Trd, 4318209.193, 60
Trd, 4318209.343, 61
Trd, 4318209.893, 62
Trd, 4318210.693, 64
Trd, 4318211.193, 64
Trd, 4318211.593, 67
Trd, 4318211.993, 65
Trd, 4318212.293, 66
Trd, 4318213.393, 81
Trd, 4318214.793, 67
Trd, 4318215.693, 60
Trd, 4318216.443, 60
Trd, 4318219.043, 60
Trd, 4318219.793, 60
Trd, 4318220.793, 60
Trd, 4318221.593, 60
Trd, 4318221.743, 60
Trd, 4318222.243, 62
Trd, 4318222.443, 63
Trd, 4318222.493, 64
Trd, 4318223.293, 60
Trd, 4318223.393, 61
Trd, 4318223.443, 61
Trd, 4318225.843, 60
Trd, 4318226.743, 62
Trd, 4318227.193, 63
Trd, 4318227.693, 81
Trd, 4318227.943, 135
Trd, 4318230.693, 60
Trd, 4318230.943, 60
Trd, 4318230.993, 60
Trd, 4318231.343, 61
Trd, 4318234.793, 60
Trd, 4318235.393, 60
Trd, 4318236.993, 60
Trd, 4318237.243, 60
Trd, 4318237.343, 60
Trd, 4318237.543, 60
Trd, 4318239.143, 60
Trd, 4318239.443, 60
Trd, 4318240.093, 60
Trd, 4318241.093, 61
Trd, 4318241.443, 62
Trd, 4318241.493, 64
Trd, 4318241.643, 61
Trd, 4318241.893, 62
Trd, 4318242.643, 65
Trd, 4318242.693, 66
Trd, 4318244.193, 60
Trd, 4318244.643, 61
Trd, 4318248.693, 60
Trd, 4318249.143, 60
Trd, 4318249.743, 60
Trd, 4318250.693, 60
Trd, 4318250.993, 60
Trd, 4318251.893, 60
Trd, 4318252.143, 62
Trd, 4318252.493, 61
Trd, 4318253.193, 61
Trd, 4318254.493, 62
Trd, 4318255.443, 61
Trd, 4318256.143, 60
Trd, 4318256.193, 60
Trd, 4318256.693, 60
Trd, 4318257.043, 60
Trd, 4318258.343, 71
Trd, 4318259.343, 67
Trd, 4318259.593, 65
Trd, 4318259.993, 68
Trd, 4318260.643, 61
Trd, 4318261.843, 60
Trd, 4318263.693, 60
Trd, 4318263.993, 60
Trd, 4318264.343, 60
Trd, 4318265.593, 66
Trd, 4318267.143, 60
Trd, 4318267.393, 60
Trd, 4318267.643, 60
Trd, 4318267.993, 60
Trd, 4318268.093, 63
Trd, 4318268.993, 61
Trd, 4318269.093, 66
Trd, 4318269.543, 67
Trd, 4318270.243, 60
Trd, 4318271.093, 66
Trd, 4318271.643, 62
Trd, 4318271.893, 65
Trd, 4318272.693, 66
Trd, 4318273.643, 70
Trd, 4318273.743, 70
Trd, 4318274.743, 69
Trd, 4318275.493, 72
Trd, 4318276.643, 60
Trd, 4318276.693, 60
Trd, 4318278.643, 65
Trd, 4318278.793, 72
Trd, 4318278.943, 65
Trd, 4318279.493, 92
Trd, 4318279.743, 64
Trd, 4318280.143, 65
Trd, 4318280.293, 91
Trd, 4318283.143, 140
Trd, 4318283.293, 140
Trd, 4318284.893, 60
Trd, 4318286.393, 60
Trd, 4318286.943, 60
Trd, 4318287.043, 60
Trd, 4318287.593, 60
Trd, 4318287.943, 61
Trd, 4318288.243, 60
Trd, 4318288.593, 61
Trd, 4318288.843, 62
Trd, 4318288.893, 62
Trd, 4318290.143, 64
Trd, 4318290.293, 85
Trd, 4318290.393, 61
Trd, 4318290.843, 67
Trd, 4318294.143, 61
Trd, 4318294.193, 62
Trd, 4318295.343, 60
Trd, 4318295.543, 60
Trd, 4318296.943, 60
Trd, 4318297.643, 60
Trd, 4318299.593, 60
Trd, 4318299.743, 60
Trd, 4318299.893, 60
Trd, 4318300.043, 60
Trd, 4318300.493, 60
Trd, 4318300.993, 63
Trd, 4318301.143, 62
Trd, 4318301.793, 61
Trd, 4318303.443, 60
Trd, 4318303.543, 63
Trd, 4318304.593, 60
Trd, 4318305.093, 60
Trd, 4318306.543, 60
Trd, 4318306.743, 60
Trd, 4318308.743, 60
Trd, 4318308.793, 63
Trd, 4318309.393, 71
Trd, 4318310.193, 86
Trd, 4318312.693, 60
Trd, 4318314.643, 60
Trd, 4318314.693, 60
Trd, 4318314.943, 60
Trd, 4318315.143, 62
Trd, 4318315.243, 61
Trd, 4318315.293, 65
Trd, 4318316.043, 60
Trd, 4318316.643, 62
Trd, 4318317.593, 64
Trd, 4318319.493, 140
Trd, 4318319.643, 140
Trd, 4318320.043, 136
Trd, 4318320.643, 91
Trd, 4318321.293, 90
Trd, 4318321.493, 82
Trd, 4318321.843, 82
Trd, 4318323.193, 140
Trd, 4318323.343, 140
Trd, 4318324.043, 138
Trd, 4318324.643, 135
Trd, 4318325.993, 103
Trd, 4318326.693, 129
Trd, 4318327.343, 104
Trd, 4318327.393, 103
Trd, 4318327.743, 131
Trd, 4318328.093, 102
Trd, 4318328.793, 102
Trd, 4318330.143, 140
Trd, 4318331.293, 140
Trd, 4318331.893, 140
Trd, 4318332.643, 140
Trd, 4318332.843, 140
Trd, 4318334.243, 140
Trd, 4318335.243, 138
Trd, 4318336.993, 140
Trd, 4318337.243, 140
Trd, 4318337.843, 139
Trd, 4318338.493, 140
Trd, 4318340.143, 140
Trd, 4318341.893, 140
Trd, 4318342.543, 140
Trd, 4318343.893, 140
Trd, 4318343.993, 140
Trd, 4318344.043, 140
Trd, 4318344.143, 140
Trd, 4318344.393, 140
Trd, 4318344.443, 140
Trd, 4318345.593, 127
Trd, 4318345.693, 137
Trd, 4318346.543, 137
Trd, 4318347.043, 121
Trd, 4318348.043, 122
Trd, 4318348.443, 120
Trd, 4318348.643, 120
Trd, 4318350.493, 140
Trd, 4318350.643, 140
Trd, 4318350.743, 139
Trd, 4318353.643, 140
Trd, 4318355.293, 140
Trd, 4318356.743, 140
Trd, 4318357.043, 140
Trd, 4318357.293, 139
Trd, 4318357.543, 140
Trd, 4318358.743, 140
Trd, 4318360.043, 140
Trd, 4318360.593, 140
Trd, 4318362.143, 140
Trd, 4318363.493, 140
Trd, 4318364.293, 140
Trd, 4318364.343, 140
Trd, 4318366.293, 140
Trd, 4318366.493, 140
Trd, 4318366.643, 139
Trd, 4318367.343, 140
Trd, 4318369.193, 140
Trd, 4318370.093, 140
Trd, 4318371.143, 140
Trd, 4318371.643, 140
Trd, 4318372.843, 140
Trd, 4318374.793, 140
Trd, 4318374.943, 140
Trd, 4318375.943, 140
Trd, 4318376.243, 140
Trd, 4318376.693, 140
Trd, 4318377.093, 140
Trd, 4318377.593, 140
Trd, 4318377.743, 140
Trd, 4318377.893, 139
Trd, 4318378.193, 128
Trd, 4318378.993, 61
Trd, 4318380.143, 60
Trd, 4318380.343, 60
Trd, 4318380.443, 60
Trd, 4318380.743, 140
Trd, 4318381.993, 107
Trd, 4318382.143, 94
Trd, 4318382.843, 61
Trd, 4318383.743, 60
Trd, 4318383.943, 61
Trd, 4318385.043, 102
Trd, 4318385.143, 63
Trd, 4318386.343, 109
Trd, 4318387.843, 92
Trd, 4318389.143, 95
Trd, 4318389.543, 140
Trd, 4318390.343, 140
Trd, 4318390.793, 140
Trd, 4318390.843, 140
Trd, 4318392.143, 140
Trd, 4318394.193, 140
Trd, 4318394.343, 140
Trd, 4318394.543, 140
Trd, 4318396.343, 140
Trd, 4318396.593, 140
Trd, 4318397.293, 140
Trd, 4318399.643, 140
Trd, 4318399.693, 140
Trd, 4318402.443, 140
Trd, 4318402.793, 140
Trd, 4318403.893, 140
Trd, 4318404.293, 140
Trd, 4318404.343, 140
Trd, 4318406.793, 140
Trd, 4318406.943, 140
Trd, 4318408.843, 140
Trd, 4318409.243, 140
Trd, 4318409.443, 140
Trd, 4318409.893, 140
Trd, 4318410.343, 140
Trd, 4318411.943, 91
Trd, 4318412.293, 87
Trd, 4318412.443, 129
Trd, 4318412.843, 130
Trd, 4318412.943, 89
Trd, 4318412.993, 132
Trd, 4318413.143, 88
Trd, 4318414.643, 90
Trd, 4318415.043, 91
Trd, 4318416.043, 115
Trd, 4318416.843, 115
Trd, 4318417.593, 89
Trd, 4318417.743, 73
Trd, 4318420.143, 140
Trd, 4318421.543, 140
Trd, 4318421.943, 140
Trd, 4318422.443, 140
Trd, 4318422.743, 140
Trd, 4318423.893, 140
Trd, 4318424.243, 140
Trd, 4318426.293, 140
Trd, 4318427.393, 140
Trd, 4318427.443, 140
Trd, 4318428.243, 140
Trd, 4318429.593, 140
Trd, 4318429.993, 140
Trd, 4318430.243, 140
Trd, 4318431.443, 140
Trd, 4318432.093, 140
Trd, 4318432.143, 140
Trd, 4318433.193, 139
Trd, 4318433.793, 110
Trd, 4318434.093, 110
Trd, 4318434.593, 112
Trd, 4318437.293, 140
Trd, 4318437.793, 140
Trd, 4318438.393, 140
Trd, 4318438.543, 138
Trd, 4318438.793, 137
Trd, 4318439.643, 89
Trd, 4318440.793, 140
Trd, 4318440.893, 140
Trd, 4318440.993, 140
Trd, 4318441.393, 140
Trd, 4318442.393, 139
Trd, 4318443.693, 138
Trd, 4318444.343, 105
Trd, 4318444.593, 82
Trd, 4318445.243, 131
Trd, 4318447.343, 60
Trd, 4318448.443, 60
Trd, 4318448.593, 60
Trd, 4318448.893, 66
Trd, 4318449.143, 60
Trd, 4318449.643, 70
Trd, 4318450.543, 120
Trd, 4318450.893, 62
Trd, 4318451.693, 63
Trd, 4318452.843, 65
Trd, 4318452.943, 67
Trd, 4318454.243, 85
Trd, 4318455.093, 106
Trd, 4318455.193, 107
Trd, 4318455.843, 88
Trd, 4318457.143, 89
Trd, 4318457.343, 89
Trd, 4318458.793, 60
Trd, 4318459.643, 60
Trd, 4318459.893, 64
Trd, 4318460.543, 94
Trd, 4318460.843, 104
Trd, 4318461.793, 104
Trd, 4318463.393, 101
Trd, 4318464.093, 98
Trd, 4318464.793, 63
Trd, 4318465.243, 100
Trd, 4318465.343, 102
Trd, 4318465.743, 61
Trd, 4318467.343, 64
Trd, 4318468.293, 64
Trd, 4318469.143, 68
Trd, 4318469.443, 70
Trd, 4318470.443, 70
Trd, 4318471.443, 106
Trd, 4318472.243, 96
Trd, 4318472.343, 92
Trd, 4318473.143, 92
Trd, 4318473.743, 83
Trd, 4318474.993, 60
Trd, 4318475.543, 60
Trd, 4318478.043, 60
Trd, 4318479.443, 60
Trd, 4318479.693, 60
Trd, 4318480.193, 60
Trd, 4318480.543, 60
Trd, 4318480.793, 60
Trd, 4318480.943, 60
Trd, 4318481.043, 61
Trd, 4318481.343, 63
Trd, 4318482.443, 69
Trd, 4318482.493, 68
Trd, 4318483.793, 140
Trd, 4318483.993, 140
Trd, 4318484.993, 140
Trd, 4318485.993, 140
Trd, 4318486.543, 140
Trd, 4318487.093, 140
Trd, 4318487.293, 140
Trd, 4318487.793, 84
Trd, 4318488.043, 83
Trd, 4318488.943, 96
Trd, 4318490.043, 60
Trd, 4318491.193, 60
Trd, 4318491.293, 60
Trd, 4318494.493, 60
Trd, 4318494.593, 60
Trd, 4318494.893, 61
Trd, 4318494.943, 62
Trd, 4318494.993, 62
Trd, 4318495.343, 61
Trd, 4318496.293, 61
Trd, 4318496.893, 62
Trd, 4318497.243, 61
Trd, 4318500.993, 60
Trd, 4318501.193, 60
Trd, 4318501.693, 60
Trd, 4318501.893, 60
Trd, 4318502.593, 60
Trd, 4318502.693, 60
Trd, 4318502.993, 60
Trd, 4318503.493, 62
Trd, 4318504.143, 60
Trd, 4318504.193, 61
Trd, 4318504.443, 62
Trd, 4318504.693, 66
Trd, 4318506.193, 68
Trd, 4318506.393, 61
Trd, 4318507.693, 65
Trd, 4318509.393, 60
Trd, 4318510.193, 60
Trd, 4318510.393, 60
Trd, 4318510.493, 62
Trd, 4318511.693, 61
Trd, 4318512.743, 61
Trd, 4318513.893, 63
Trd, 4318513.943, 68
Trd, 4318515.043, 73
Trd, 4318515.393, 69
Trd, 4318515.793, 135
Trd, 4318516.293, 62
Trd, 4318517.493, 66
Trd, 4318518.343, 90
Trd, 4318519.043, 99
Trd, 4318519.643, 140
Trd, 4318519.693, 140
Trd, 4318519.793, 140
Trd, 4318520.143, 139
Trd, 4318522.193, 67
Trd, 4318522.443, 67
Trd, 4318522.943, 125
Trd, 4318523.443, 85
Trd, 4318523.593, 127
Trd, 4318524.193, 69
Trd, 4318525.093, 65
Trd, 4318525.643, 62
Trd, 4318526.393, 66
Trd, 4318527.293, 63
Trd, 4318527.943, 66
Trd, 4318528.393, 68
Trd, 4318529.843, 140
Trd, 4318530.093, 140
Trd, 4318530.393, 140
Trd, 4318530.993, 140
Trd, 4318532.693, 140
Trd, 4318532.943, 140
Trd, 4318532.993, 140
Trd, 4318533.943, 133
Trd, 4318534.643, 60
Trd, 4318535.193, 60
Trd, 4318535.743, 60
Trd, 4318536.393, 60
Trd, 4318536.543, 60
Trd, 4318536.993, 60
Trd, 4318537.343, 74
Trd, 4318538.393, 65
Trd, 4318538.643, 100
Trd, 4318539.393, 62
Trd, 4318539.443, 60
Trd, 4318540.993, 62
Trd, 4318541.393, 62
Trd, 4318541.843, 62
Trd, 4318543.993, 60
Trd, 4318546.243, 60
Trd, 4318546.493, 60
Trd, 4318546.793, 60
Trd, 4318547.093, 60
Trd, 4318547.193, 60
Trd, 4318547.743, 61
Trd, 4318548.043, 61
Trd, 4318549.793, 65
Trd, 4318550.193, 67
Trd, 4318550.493, 68
Trd, 4318550.693, 67
Trd, 4318551.043, 64
Trd, 4318551.643, 61
Trd, 4318551.943, 66
Trd, 4318554.393, 61
Trd, 4318556.893, 60
Trd, 4318557.843, 60
Trd, 4318558.143, 60
Trd, 4318559.193, 60
Trd, 4318559.493, 60
Trd, 4318559.643, 60
Trd, 4318559.693, 60
Trd, 4318559.743, 60
Trd, 4318560.443, 96
Trd, 4318560.693, 65
Trd, 4318561.193, 110
Trd, 4318561.593, 89
Trd, 4318564.743, 99
Trd, 4318565.293, 140
Trd, 4318565.843, 103
Trd, 4318566.693, 138
Trd, 4318566.993, 139
Trd, 4318567.893, 139
Trd, 4318567.993, 140
Trd, 4318568.893, 140
Trd, 4318569.943, 104
Trd, 4318570.043, 140
Trd, 4318570.643, 138
Trd, 4318571.543, 108
Trd, 4318572.443, 105
Trd, 4318573.293, 80
Trd, 4318573.793, 66
Trd, 4318574.143, 135
Trd, 4318574.293, 78
Trd, 4318575.743, 138
Trd, 4318577.493, 140
Trd, 4318578.093, 140
Trd, 4318578.143, 140
Trd, 4318580.293, 140
Trd, 4318581.093, 140
Trd, 4318581.343, 140
Trd, 4318581.693, 140
Trd, 4318581.743, 140
Trd, 4318582.743, 140
Trd, 4318583.693, 140
Trd, 4318584.893, 140
Trd, 4318585.443, 140
Trd, 4318586.143, 140
Trd, 4318586.943, 140
Trd, 4318587.343, 140
Trd, 4318588.143, 140
Trd, 4318588.193, 140
Trd, 4318589.043, 140
Trd, 4318591.293, 140
Trd, 4318592.443, 140
Trd, 4318592.643, 140
Trd, 4318594.043, 140
Trd, 4318594.943, 140
Trd, 4318595.093, 140
Trd, 4318595.743, 140
Trd, 4318597.193, 140
Trd, 4318597.343, 140
Trd, 4318597.443, 140
Trd, 4318597.743, 140
Trd, 4318597.993, 140
Trd, 4318599.493, 99
Trd, 4318600.593, 132
Trd, 4318600.893, 100
Trd, 4318600.993, 99
Trd, 4318602.243, 85
Trd, 4318602.443, 136
Trd, 4318603.993, 138
Trd, 4318604.043, 84
Trd, 4318606.093, 140
Trd, 4318606.593, 140
Trd, 4318606.743, 140
Trd, 4318607.693, 140
Trd, 4318609.043, 140
Trd, 4318609.293, 139
Trd, 4318611.293, 140
Trd, 4318612.393, 140
Trd, 4318612.443, 140
Trd, 4318612.543, 140
Trd, 4318612.693, 140
Trd, 4318613.993, 140
Trd, 4318614.043, 140
Trd, 4318614.993, 140
Trd, 4318616.143, 140
Trd, 4318616.443, 140
Trd, 4318617.093, 140
Trd, 4318617.293, 140
Trd, 4318618.643, 140
Trd, 4318618.943, 140
Trd, 4318619.593, 139
Trd, 4318620.043, 140
Trd, 4318620.443, 140
Trd, 4318621.393, 140
Trd, 4318622.343, 140
Trd, 4318623.043, 139
Trd, 4318623.893, 138
Trd, 4318625.893, 140
Trd, 4318625.993, 140
Trd, 4318626.043, 140
Trd, 4318628.093, 140
Trd, 4318628.343, 140
Trd, 4318628.393, 140
Trd, 4318628.643, 140
Trd, 4318629.443, 140
Trd, 4318629.943, 140
Trd, 4318630.343, 140
Trd, 4318630.393, 99
Trd, 4318630.843, 119
Trd, 4318632.443, 140
Trd, 4318633.143, 140
Trd, 4318634.743, 140
Trd, 4318635.043, 140
Trd, 4318635.593, 140
Trd, 4318638.193, 140
Trd, 4318638.243, 140
Trd, 4318638.543, 140
Trd, 4318639.393, 140
Trd, 4318639.943, 140
Trd, 4318640.743, 140
Trd, 4318640.793, 140
Trd, 4318640.943, 140
Trd, 4318642.143, 140
Trd, 4318643.243, 140
Trd, 4318643.543, 139
Trd, 4318643.893, 111
Trd, 4318643.943, 111
Trd, 4318644.593, 112
Trd, 4318645.043, 133
Trd, 4318645.993, 60
Trd, 4318647.743, 60
Trd, 4318648.293, 61
Trd, 4318648.543, 62
Trd, 4318649.043, 62
Trd, 4318649.243, 63
Trd, 4318649.293, 62
Trd, 4318650.543, 140
Trd, 4318651.793, 140
Trd, 4318652.843, 140
Trd, 4318653.093, 140
Trd, 4318653.693, 140
Trd, 4318654.443, 140
Trd, 4318654.643, 63
Trd, 4318655.593, 122
Trd, 4318657.743, 140
Trd, 4318659.243, 139
Trd, 4318660.043, 140
Trd, 4318660.943, 140
Trd, 4318661.993, 140
Trd, 4318662.193, 140
Trd, 4318663.543, 140
Trd, 4318663.893, 140
Trd, 4318664.643, 140
Trd, 4318665.243, 140
Trd, 4318665.293, 139
Trd, 4318665.593, 140
Trd, 4318666.393, 91
Trd, 4318666.943, 134
Trd, 4318667.343, 123
Trd, 4318668.043, 90
Trd, 4318668.793, 81
Trd, 4318669.993, 62
Trd, 4318670.943, 77
Trd, 4318670.993, 78
Trd, 4318671.293, 78
Trd, 4318672.843, 140
Trd, 4318673.093, 140
Trd, 4318674.093, 140
Trd, 4318674.593, 140
Trd, 4318675.293, 140
Trd, 4318675.393, 140
Trd, 4318676.293, 140
Trd, 4318677.693, 139
Trd, 4318677.843, 138
Trd, 4318678.243, 67
Trd, 4318679.593, 134
Trd, 4318681.393, 80
Trd, 4318682.693, 140
Trd, 4318683.243, 77
Trd, 4318683.793, 76
Trd, 4318684.693, 140
Trd, 4318684.893, 139
Trd, 4318685.093, 140
Trd, 4318686.943, 120
Trd, 4318688.093, 63
Trd, 4318688.343, 64
Trd, 4318689.143, 68
Trd, 4318689.643, 66
Trd, 4318689.743, 76
Trd, 4318690.593, 76
Trd, 4318690.993, 72
Trd, 4318691.093, 72
Trd, 4318691.493, 76
Trd, 4318692.093, 74
Trd, 4318693.043, 114
Trd, 4318694.293, 104
Trd, 4318694.543, 113
Trd, 4318694.943, 114
Trd, 4318695.593, 106
Trd, 4318697.543, 89
Trd, 4318697.593, 88
Trd, 4318698.593, 110
Trd, 4318699.793, 108
Trd, 4318700.043, 94
Trd, 4318700.593, 94
Trd, 4318700.793, 107
Trd, 4318701.093, 96
Trd, 4318701.293, 95
Trd, 4318703.293, 140
Trd, 4318704.343, 140
Trd, 4318704.843, 140
Trd, 4318706.943, 140
Trd, 4318708.193, 140
Trd, 4318708.943, 140
Trd, 4318709.743, 140
Trd, 4318710.293, 140
Trd, 4318711.293, 140
Trd, 4318711.843, 140
Trd, 4318712.343, 140
Trd, 4318712.443, 140
Trd, 4318712.893, 140
Trd, 4318713.193, 140
Trd, 4318714.693, 140
Trd, 4318715.343, 140
Trd, 4318715.893, 140
Trd, 4318716.993, 140
Trd, 4318718.043, 140
Trd, 4318719.393, 140
Trd, 4318720.143, 140
Trd, 4318720.443, 140
Trd, 4318721.893, 140
Trd, 4318722.593, 140
Trd, 4318723.393, 140
Trd, 4318724.443, 140
Trd, 4318724.993, 140
Trd, 4318726.193, 140
Trd, 4318726.743, 140
Trd, 4318727.293, 140
Trd, 4318729.993, 140
Trd, 4318731.943, 140
Trd, 4318732.243, 140
Trd, 4318732.443, 140
Trd, 4318733.793, 140
Trd, 4318734.393, 140
Trd, 4318735.343, 140
Trd, 4318735.843, 138
Trd, 4318736.143, 139
Trd, 4318736.643, 120
Trd, 4318736.993, 138
Trd, 4318737.093, 118
Trd, 4318738.193, 103
Trd, 4318738.443, 102
Trd, 4318738.893, 104
Trd, 4318740.393, 119
Trd, 4318741.343, 140
Trd, 4318742.143, 140
Trd, 4318744.093, 140
Trd, 4318744.143, 140
Trd, 4318747.843, 140
Trd, 4318747.893, 140
Trd, 4318748.093, 140
Trd, 4318748.543, 140
Trd, 4318748.643, 140
Trd, 4318749.193, 140
Trd, 4318749.343, 140
Trd, 4318749.743, 139
Trd, 4318751.143, 107
Trd, 4318751.643, 136
Trd, 4318751.793, 78
Trd, 4318752.943, 77
Trd, 4318753.593, 78
Trd, 4318756.493, 140
Trd, 4318757.443, 140
Trd, 4318757.743, 140
Trd, 4318758.793, 140
Trd, 4318761.193, 140
Trd, 4318761.393, 140
Trd, 4318761.743, 140
Trd, 4318762.243, 140
Trd, 4318762.843, 140
Trd, 4318763.193, 140
Trd, 4318763.743, 140
Trd, 4318765.793, 140
Trd, 4318765.943, 140
Trd, 4318766.543, 140
Trd, 4318766.593, 140
Trd, 4318766.893, 140
Trd, 4318767.743, 97
Trd, 4318769.143, 140
Trd, 4318769.493, 140
Trd, 4318769.943, 140
Trd, 4318770.343, 140
Trd, 4318770.743, 77
Trd, 4318770.943, 78
Trd, 4318773.743, 140
Trd, 4318774.243, 140
Trd, 4318774.893, 140
Trd, 4318775.993, 140
Trd, 4318776.543, 140
Trd, 4318776.743, 140
Trd, 4318778.543, 140
Trd, 4318778.693, 140
Trd, 4318779.343, 140
Trd, 4318781.043, 140
Trd, 4318781.843, 140
Trd, 4318782.843, 140
Trd, 4318783.343, 140
Trd, 4318785.493, 140
Trd, 4318786.193, 140
Trd, 4318786.343, 140
Trd, 4318787.793, 140
Trd, 4318788.243, 140
Trd, 4318789.493, 140
Trd, 4318790.043, 140
Trd, 4318790.093, 140
Trd, 4318790.593, 140
Trd, 4318792.693, 140
Trd, 4318794.143, 140
Trd, 4318794.343, 140
Trd, 4318795.043, 140
Trd, 4318797.693, 140
Trd, 4318797.843, 140
Trd, 4318797.893, 140
Trd, 4318797.943, 140
Trd, 4318798.943, 140
Trd, 4318799.243, 136
Trd, 4318800.043, 123
Trd, 4318800.443, 138
Trd, 4318800.493, 139
Trd, 4318800.893, 113
Trd, 4318801.343, 114
Trd, 4318801.443, 114
Trd, 4318801.743, 113
Trd, 4318803.193, 96
Trd, 4318804.893, 138
Trd, 4318805.293, 136
Trd, 4318805.593, 118
Trd, 4318807.393, 140
Trd, 4318809.993, 140
Trd, 4318810.093, 140
Trd, 4318810.343, 140
Trd, 4318812.443, 140
Trd, 4318813.693, 140
Trd, 4318813.743, 140
Trd, 4318813.893, 140
Trd, 4318813.993, 140
Trd, 4318814.043, 140
Trd, 4318814.143, 139
Trd, 4318815.693, 138
Trd, 4318815.843, 105
Trd, 4318816.843, 60
Trd, 4318816.943, 61
Trd, 4318817.743, 60
Trd, 4318818.893, 60
Trd, 4318819.593, 60
Trd, 4318819.643, 60
Trd, 4318820.493, 67
Trd, 4318822.193, 66
Trd, 4318822.443, 63
Trd, 4318822.693, 60
Trd, 4318822.993, 60
Trd, 4318823.093, 60
Trd, 4318824.043, 60
Trd, 4318826.043, 60
Trd, 4318826.343, 60
Trd, 4318826.793, 60
Trd, 4318827.093, 62
Trd, 4318827.243, 61
Trd, 4318827.743, 130
Trd, 4318828.243, 63
Trd, 4318828.993, 62
Trd, 4318829.543, 61
Trd, 4318829.693, 63
Trd, 4318830.443, 63
Trd, 4318833.243, 140
Trd, 4318833.293, 140
Trd, 4318833.943, 140
Trd, 4318834.143, 140
Trd, 4318834.293, 140
Trd, 4318835.743, 140
Trd, 4318835.943, 140
Trd, 4318836.493, 140
Trd, 4318837.743, 140
Trd, 4318838.593, 140
Trd, 4318840.643, 140
Trd, 4318841.543, 140
Trd, 4318842.043, 140
Trd, 4318843.143, 140
Trd, 4318843.593, 140
Trd, 4318843.993, 140
Trd, 4318844.393, 140
Trd, 4318844.893, 140
Trd, 4318845.193, 140
Trd, 4318845.243, 140
Trd, 4318847.793, 140
Trd, 4318849.393, 140
Trd, 4318849.493, 140
Trd, 4318850.543, 140
Trd, 4318851.043, 140
Trd, 4318851.743, 137
Trd, 4318852.943, 140
Trd, 4318853.943, 140
Trd, 4318854.743, 140
Trd, 4318855.193, 140
Trd, 4318856.243, 140
Trd, 4318856.293, 140
Trd, 4318857.693, 140
Trd, 4318858.693, 140
Trd, 4318859.843, 140
Trd, 4318860.843, 140
Trd, 4318862.293, 140
Trd, 4318863.293, 140
Trd, 4318864.093, 140
Trd, 4318865.943, 140
Trd, 4318865.993, 140
Trd, 4318866.743, 140
Trd, 4318868.093, 140
Trd, 4318868.693, 140
Trd, 4318868.743, 140
Trd, 4318870.393, 140
Trd, 4318870.443, 140
Trd, 4318871.943, 140
Trd, 4318872.293, 140
Trd, 4318872.543, 140
Trd, 4318873.343, 140
Trd, 4318873.993, 140
Trd, 4318874.093, 140
Trd, 4318874.643, 140
Trd, 4318875.293, 138
Trd, 4318875.943, 136
Trd, 4318876.043, 113
Trd, 4318877.243, 61
Trd, 4318878.543, 63
Trd, 4318879.193, 65
Trd, 4318882.043, 60
Trd, 4318882.393, 60
Trd, 4318883.143, 60
Trd, 4318883.593, 60
Trd, 4318884.293, 60
Trd, 4318884.793, 60
Trd, 4318884.893, 60
Trd, 4318885.293, 60
Trd, 4318885.343, 61
Trd, 4318886.043, 62
Trd, 4318886.893, 65
Trd, 4318888.093, 61
Trd, 4318888.693, 63
Trd, 4318889.743, 65
Trd, 4318889.993, 64
Trd, 4318890.743, 65
Trd, 4318890.893, 65
Trd, 4318890.993, 64
Trd, 4318891.243, 61
Trd, 4318891.593, 68
Trd, 4318891.843, 140
Trd, 4318892.943, 61
Trd, 4318894.093, 63
Trd, 4318894.943, 140
Trd, 4318896.093, 140
Trd, 4318897.993, 140
Trd, 4318898.693, 140
Trd, 4318899.043, 140
Trd, 4318899.493, 140
Trd, 4318900.243, 140
Trd, 4318900.443, 140
Trd, 4318901.793, 140
Trd, 4318902.043, 140
Trd, 4318902.243, 137
Trd, 4318904.143, 140
Trd, 4318904.743, 137
Trd, 4318905.343, 130
Trd, 4318905.993, 140
Trd, 4318906.193, 140
Trd, 4318908.243, 140
Trd, 4318908.743, 140
Trd, 4318910.843, 140
Trd, 4318911.543, 140
Trd, 4318913.143, 140
Trd, 4318913.293, 140
Trd, 4318914.643, 140
Trd, 4318914.743, 140
Trd, 4318915.943, 140
Trd, 4318917.093, 140
Trd, 4318917.593, 140
Trd, 4318918.343, 140
Trd, 4318918.543, 140
Trd, 4318918.993, 140
Trd, 4318920.043, 140
Trd, 4318920.743, 140
Trd, 4318922.393, 140
Trd, 4318922.843, 140
Trd, 4318923.343, 140
Trd, 4318923.843, 140
Trd, 4318925.043, 140
Trd, 4318926.043, 140
Trd, 4318927.993, 140
Trd, 4318928.243, 140
Trd, 4318929.943, 140
Trd, 4318932.343, 140
Trd, 4318932.643, 140
Trd, 4318933.343, 140
Trd, 4318933.643, 140
Trd, 4318933.993, 140
Trd, 4318934.143, 121
Trd, 4318934.743, 104
Trd, 4318935.493, 61
Trd, 4318936.693, 60
Trd, 4318938.093, 60
Trd, 4318938.343, 60
Trd, 4318938.993, 60
Trd, 4318939.243, 60
Trd, 4318940.993, 60
Trd, 4318941.343, 60
Trd, 4318941.593, 61
Trd, 4318941.843, 61
Trd, 4318942.693, 60
Trd, 4318943.243, 60
Trd, 4318944.093, 60
Trd, 4318945.443, 60
Trd, 4318947.043, 60
Trd, 4318948.093, 60
Trd, 4318948.193, 60
Trd, 4318948.493, 60
Trd, 4318949.293, 60
Trd, 4318950.593, 60
Trd, 4318953.743, 60
Trd, 4318955.043, 60
Trd, 4318955.293, 60
Trd, 4318956.093, 60
Trd, 4318956.293, 60
Trd, 4318956.343, 60
Trd, 4318957.193, 64
Trd, 4318957.343, 61
Trd, 4318957.643, 65
Trd, 4318958.293, 68
Trd, 4318959.643, 60
Trd, 4318960.193, 116
Trd, 4318963.293, 60
Trd, 4318964.493, 60
Trd, 4318965.093, 60
Trd, 4318965.143, 60
Trd, 4318965.243, 60
Trd, 4318965.343, 64
Trd, 4318965.743, 60
Trd, 4318966.093, 64
Trd, 4318967.393, 64
Trd, 4318967.493, 67
Trd, 4318967.743, 63
Trd, 4318969.443, 60
Trd, 4318970.443, 60
Trd, 4318970.793, 60
Trd, 4318972.493, 60
Trd, 4318972.543, 61
Trd, 4318973.193, 61
Trd, 4318973.643, 62
Trd, 4318973.943, 62
Trd, 4318973.993, 78
Trd, 4318974.343, 60
Trd, 4318974.743, 61
Trd, 4318976.393, 73
Trd, 4318976.893, 77
Trd, 4318979.443, 60
Trd, 4318980.443, 60
Trd, 4318980.893, 60
Trd, 4318982.293, 60
Trd, 4318982.993, 60
Trd, 4318983.143, 60
Trd, 4318984.543, 61
Trd, 4318984.943, 60
Trd, 4318986.193, 61
Trd, 4318986.343, 62
Trd, 4318986.393, 92
Trd, 4318987.193, 60
Trd, 4318987.543, 61
Trd, 4318988.243, 62
Trd, 4318988.693, 64
Trd, 4318992.293, 140
Trd, 4318993.493, 140
Trd, 4318993.843, 140
Trd, 4318993.993, 140
Trd, 4318994.493, 140
Trd, 4318994.593, 140
Trd, 4318994.693, 140
Trd, 4318994.943, 140
Trd, 4318996.643, 140
Trd, 4318997.943, 140
Trd, 4318998.243, 140
Trd, 4318999.343, 74
Trd, 4318999.393, 75
Trd, 4318999.643, 76
Trd, 4318999.943, 68
Trd, 4319000.693, 70
Trd, 4319000.743, 72
Trd, 4319000.993, 70
Trd, 4319001.943, 109
Trd, 4319003.193, 60
Trd, 4319004.543, 76
Trd, 4319004.943, 78
Trd, 4319005.043, 83
Trd, 4319005.493, 77
Trd, 4319006.493, 76
Trd, 4319007.093, 78
Trd, 4319007.293, 123
Trd, 4319007.793, 77
Trd, 4319007.943, 76
Trd, 4319009.243, 77
Trd, 4319010.443, 139
Trd, 4319011.643, 140
Trd, 4319011.843, 92
Trd, 4319012.993, 89
Trd, 4319013.443, 89
Trd, 4319013.793, 89
Trd, 4319015.043, 136
Trd, 4319015.193, 139
Trd, 4319015.693, 140
Trd, 4319017.393, 105
Trd, 4319018.743, 127
Trd, 4319020.143, 140
Trd, 4319020.343, 140
Trd, 4319020.793, 140
Trd, 4319021.693, 140
Trd, 4319021.793, 131
Trd, 4319021.843, 129
Trd, 4319023.293, 106
Trd, 4319023.693, 127
Trd, 4319024.893, 111
Trd, 4319025.243, 120
Trd, 4319025.843, 86
Trd, 4319026.393, 81
Trd, 4319026.843, 80
Trd, 4319027.043, 114
Trd, 4319027.693, 80
Trd, 4319027.743, 79
Trd, 4319028.293, 112
Trd, 4319028.793, 112
Trd, 4319031.193, 63
Trd, 4319031.543, 62
Trd, 4319031.643, 64
Trd, 4319032.393, 66
Trd, 4319032.643, 62
Trd, 4319033.943, 140
Trd, 4319034.043, 140
Trd, 4319034.893, 79
Trd, 4319035.043, 80
Trd, 4319037.643, 60
Trd, 4319037.793, 60
Trd, 4319037.893, 60
Trd, 4319038.043, 61
Trd, 4319038.893, 60
Trd, 4319039.593, 140
Trd, 4319040.393, 120
Trd, 4319040.793, 118
Trd, 4319042.143, 140
Trd, 4319042.543, 123
Trd, 4319044.843, 140
Trd, 4319044.943, 140
Trd, 4319045.593, 140
Trd, 4319045.893, 140
Trd, 4319046.743, 140
Trd, 4319048.543, 140
Trd, 4319048.893, 140
Trd, 4319048.943, 140
Trd, 4319049.543, 136
Trd, 4319051.393, 127
Trd, 4319051.543, 105
Trd, 4319051.693, 127
Trd, 4319051.843, 101
Trd, 4319053.143, 122
Trd, 4319053.343, 110
Trd, 4319053.393, 109
Trd, 4319054.393, 123
Trd, 4319055.093, 93
Trd, 4319055.393, 69
Trd, 4319056.793, 64
Trd, 4319058.393, 60
Trd, 4319058.593, 60
Trd, 4319059.143, 60
Trd, 4319059.543, 60
Trd, 4319059.793, 74
Trd, 4319060.143, 66
Trd, 4319061.593, 85
Trd, 4319061.843, 104
Trd, 4319061.943, 82
Trd, 4319062.543, 80
Trd, 4319062.843, 103
Trd, 4319064.293, 91
Trd, 4319065.643, 61
Trd, 4319069.143, 60
Trd, 4319069.493, 60
Trd, 4319069.593, 60
Trd, 4319070.393, 60
Trd, 4319070.743, 60
Trd, 4319071.093, 60
Trd, 4319071.343, 62
Trd, 4319072.493, 62
Trd, 4319072.593, 61
Trd, 4319074.593, 60
Trd, 4319075.143, 60
Trd, 4319076.143, 60
Trd, 4319076.743, 60
Trd, 4319078.243, 60
Trd, 4319080.943, 60
Trd, 4319081.893, 60
Trd, 4319082.093, 60
Trd, 4319082.493, 61
Trd, 4319082.743, 61
Trd, 4319082.993, 62
Trd, 4319083.293, 64
Trd, 4319084.543, 60
Trd, 4319085.243, 60
Trd, 4319086.093, 60
Trd, 4319086.393, 60
Trd, 4319087.543, 60
Trd, 4319087.643, 60
Trd, 4319089.193, 60
Trd, 4319089.893, 60
Trd, 4319091.093, 61
Trd, 4319093.343, 60
Trd, 4319094.243, 60
Trd, 4319094.393, 60
Trd, 4319096.093, 60
Trd, 4319096.243, 60
Trd, 4319096.743, 60
Trd, 4319096.843, 61
Trd, 4319097.393, 62
Trd, 4319099.693, 60
Trd, 4319100.443, 60
Trd, 4319100.643, 60
Trd, 4319101.293, 61
Trd, 4319101.743, 60
Trd, 4319101.943, 60
Trd, 4319101.993, 61
Trd, 4319102.643, 60
Trd, 4319102.843, 62
Trd, 4319103.643, 60
Trd, 4319103.693, 60
Trd, 4319106.043, 60
Trd, 4319106.543, 61
Trd, 4319107.143, 60
Trd, 4319108.443, 60
Trd, 4319109.443, 60
Trd, 4319109.593, 71
Trd, 4319110.543, 61
Trd, 4319113.093, 60
Trd, 4319113.543, 60
Trd, 4319114.043, 61
Trd, 4319114.293, 61
Trd, 4319114.443, 62
Trd, 4319114.943, 63
Trd, 4319115.743, 62
Trd, 4319115.943, 60
Trd, 4319117.993, 60
Trd, 4319118.593, 60
Trd, 4319119.143, 61
Trd, 4319119.343, 78
Trd, 4319119.693, 140
Trd, 4319120.593, 140
Trd, 4319120.943, 140
Trd, 4319122.093, 140
Trd, 4319122.443, 139
Trd, 4319124.343, 140
Trd, 4319124.793, 140
Trd, 4319125.393, 140
Trd, 4319126.643, 140
Trd, 4319126.843, 140
Trd, 4319127.043, 140
Trd, 4319130.543, 140
Trd, 4319130.593, 140
Trd, 4319131.493, 140
Trd, 4319131.593, 140
Trd, 4319132.443, 140
Trd, 4319133.693, 140
Trd, 4319133.843, 140
Trd, 4319133.993, 140
Trd, 4319134.443, 139
Trd, 4319136.093, 140
Trd, 4319136.243, 140
Trd, 4319136.443, 140
Trd, 4319137.493, 140
Trd, 4319137.543, 139
Trd, 4319138.043, 83
Trd, 4319139.243, 140
Trd, 4319139.493, 140
Trd, 4319140.643, 140
Trd, 4319141.043, 140
Trd, 4319142.543, 140
Trd, 4319145.043, 140
Trd, 4319145.843, 140
Trd, 4319147.143, 140
Trd, 4319147.593, 140
Trd, 4319147.643, 140
Trd, 4319148.843, 140
Trd, 4319149.143, 140
Trd, 4319151.893, 140
Trd, 4319152.543, 140
Trd, 4319152.993, 140
Trd, 4319153.893, 140
Trd, 4319154.393, 140
Trd, 4319154.543, 140
Trd, 4319155.243, 139
Trd, 4319157.343, 140
Trd, 4319157.643, 140
Trd, 4319157.743, 140
Trd, 4319157.793, 140
Trd, 4319158.093, 140
Trd, 4319159.393, 140
Trd, 4319160.143, 140
Trd, 4319161.943, 140
Trd, 4319163.593, 140
Trd, 4319163.643, 140
Trd, 4319165.093, 140
Trd, 4319165.543, 140
Trd, 4319166.043, 140
Trd, 4319166.143, 140
Trd, 4319166.443, 140
Trd, 4319167.893, 140
Trd, 4319168.443, 140
Trd, 4319169.193, 140
Trd, 4319170.643, 140
Trd, 4319172.093, 140
Trd, 4319172.243, 140
Trd, 4319172.643, 140
Trd, 4319172.843, 139
Trd, 4319174.643, 139
Trd, 4319175.743, 140
Trd, 4319176.193, 140
Trd, 4319176.243, 140
Trd, 4319176.793, 140
Trd, 4319177.143, 140
Trd, 4319177.193, 89
Trd, 4319178.143, 137
Trd, 4319180.593, 60
Trd, 4319180.643, 60
Trd, 4319181.793, 61
Trd, 4319182.393, 60
Trd, 4319182.543, 60
Trd, 4319182.893, 61
Trd, 4319183.093, 60
Trd, 4319183.193, 63
Trd, 4319183.443, 69
Trd, 4319185.493, 61
Trd, 4319186.343, 140
Trd, 4319186.743, 62
Trd, 4319188.393, 61
Trd, 4319188.793, 62
Trd, 4319189.193, 139
Trd, 4319190.493, 60
Trd, 4319191.943, 60
Trd, 4319192.043, 60
Trd, 4319192.193, 61
Trd, 4319192.643, 62
Trd, 4319193.493, 140
Trd, 4319195.443, 140
Trd, 4319196.543, 140
Trd, 4319197.193, 140
Trd, 4319198.193, 140
Trd, 4319199.143, 140
Trd, 4319199.543, 140
Trd, 4319199.793, 140
Trd, 4319200.443, 140
Trd, 4319200.693, 138
Trd, 4319200.993, 66
Trd, 4319202.243, 140
Trd, 4319202.493, 140
Trd, 4319202.943, 140
Trd, 4319203.293, 70
Trd, 4319203.793, 138
Trd, 4319203.993, 136
Trd, 4319204.243, 69
Trd, 4319205.043, 60
Trd, 4319206.693, 60
Trd, 4319209.893, 60
Trd, 4319210.293, 60
Trd, 4319210.543, 60
Trd, 4319210.593, 60
Trd, 4319210.793, 62
Trd, 4319211.893, 61
Trd, 4319212.193, 64
Trd, 4319212.643, 61
Trd, 4319212.793, 62
Trd, 4319213.193, 140
Trd, 4319214.343, 139
Trd, 4319214.393, 138
Trd, 4319216.093, 140
Trd, 4319216.743, 140
Trd, 4319217.093, 140
Trd, 4319218.293, 140
Trd, 4319218.443, 140
Trd, 4319220.293, 140
Trd, 4319221.143, 140
Trd, 4319222.593, 140
Trd, 4319224.143, 140
Trd, 4319224.543, 140
Trd, 4319224.793, 140
Trd, 4319225.043, 140
Trd, 4319225.193, 140
Trd, 4319226.193, 139
Trd, 4319226.393, 138
Trd, 4319227.043, 139
Trd, 4319227.743, 77
Trd, 4319227.943, 93
Trd, 4319229.943, 139
Trd, 4319230.593, 137
Trd, 4319231.393, 73
Trd, 4319231.443, 137
Trd, 4319232.243, 108
Trd, 4319233.093, 128
Trd, 4319234.143, 140
Trd, 4319234.293, 138
Trd, 4319234.343, 131
Trd, 4319235.443, 140
Trd, 4319236.843, 140
Trd, 4319237.093, 140
Trd, 4319239.443, 140
Trd, 4319239.843, 140
Trd, 4319240.443, 140
Trd, 4319241.943, 140
Trd, 4319242.793, 140
Trd, 4319244.393, 140
Trd, 4319244.943, 140
Trd, 4319245.443, 140
Trd, 4319245.843, 140
Trd, 4319246.043, 140
Trd, 4319247.343, 140
Trd, 4319248.393, 118
Trd, 4319251.193, 140
Trd, 4319253.893, 140
Trd, 4319254.293, 140
Trd, 4319254.343, 140
Trd, 4319254.793, 140
Trd, 4319256.293, 140
Trd, 4319257.043, 140
Trd, 4319258.993, 140
Trd, 4319259.443, 140
Trd, 4319261.193, 140
Trd, 4319261.243, 140
Trd, 4319261.693, 140
Trd, 4319263.043, 140
Trd, 4319263.493, 140
Trd, 4319263.693, 140
Trd, 4319263.893, 140
Trd, 4319264.043, 140
Trd, 4319264.893, 140
Trd, 4319265.693, 140
Trd, 4319265.943, 140
Trd, 4319266.143, 140
Trd, 4319267.643, 117
Trd, 4319269.693, 140
Trd, 4319270.293, 140
Trd, 4319270.643, 140
Trd, 4319271.393, 140
Trd, 4319271.893, 140
Trd, 4319272.293, 140
Trd, 4319272.393, 140
Trd, 4319272.493, 136
Trd, 4319273.393, 92
Trd, 4319275.093, 136
Trd, 4319275.993, 140
Trd, 4319276.043, 140
Trd, 4319276.543, 140
Trd, 4319277.043, 140
Trd, 4319278.393, 140
Trd, 4319278.443, 140
Trd, 4319279.543, 140
Trd, 4319279.843, 76
Trd, 4319281.243, 140
Trd, 4319282.893, 140
Trd, 4319284.343, 140
Trd, 4319286.593, 140
Trd, 4319286.943, 140
Trd, 4319287.043, 140
Trd, 4319288.193, 140
Trd, 4319289.193, 140
Trd, 4319290.893, 140
Trd, 4319291.393, 140
Trd, 4319291.993, 140
Trd, 4319293.843, 140
Trd, 4319294.093, 140
Trd, 4319294.143, 140
Trd, 4319295.143, 140
Trd, 4319295.293, 140
Trd, 4319296.193, 140
Trd, 4319296.293, 140
Trd, 4319296.593, 140
Trd, 4319296.893, 137
Trd, 4319297.693, 112
Trd, 4319297.843, 136
Trd, 4319298.743, 134
Trd, 4319299.693, 116
Trd, 4319300.743, 117
Trd, 4319301.343, 123
Trd, 4319301.843, 124
Trd, 4319302.043, 121
Trd, 4319302.143, 124
Trd, 4319302.893, 123
Trd, 4319302.993, 122
Trd, 4319303.293, 105
Trd, 4319303.543, 123
Trd, 4319303.593, 94
Trd, 4319305.493, 140
Trd, 4319306.393, 63
Trd, 4319306.793, 61
Trd, 4319307.743, 63
Trd, 4319308.993, 61
Trd, 4319310.243, 60
Trd, 4319310.343, 63
Trd, 4319312.543, 60
Trd, 4319313.243, 60
Trd, 4319313.293, 60
Trd, 4319315.593, 60
Trd, 4319316.043, 60
Trd, 4319316.093, 60
Trd, 4319316.193, 60
Trd, 4319316.343, 60
Trd, 4319316.593, 60
Trd, 4319317.643, 61
Trd, 4319318.443, 135
Trd, 4319318.693, 134
Trd, 4319321.393, 140
Trd, 4319321.743, 140
Trd, 4319322.443, 140
Trd, 4319322.943, 140
Trd, 4319324.943, 140
Trd, 4319325.443, 140
Trd, 4319326.343, 140
Trd, 4319327.193, 140
Trd, 4319327.393, 140
Trd, 4319327.693, 140
Trd, 4319328.093, 140
Trd, 4319328.793, 89
Trd, 4319330.293, 140
Trd, 4319330.693, 140
Trd, 4319330.793, 78
Trd, 4319332.493, 140
Trd, 4319333.093, 140
Trd, 4319333.193, 140
Trd, 4319333.393, 140
Trd, 4319334.743, 140
Trd, 4319335.893, 140
Trd, 4319337.093, 140
Trd, 4319338.093, 140
Trd, 4319338.693, 140
Trd, 4319339.043, 140
Trd, 4319340.193, 140
Trd, 4319340.293, 140
Trd, 4319344.393, 140
Trd, 4319344.593, 140
Trd, 4319345.193, 140
Trd, 4319345.493, 140
Trd, 4319345.543, 140
Trd, 4319346.993, 140
Trd, 4319347.293, 140
Trd, 4319347.443, 140
Trd, 4319347.793, 140
Trd, 4319348.043, 140
Trd, 4319349.243, 140
Trd, 4319349.543, 140
Trd, 4319350.243, 140
Trd, 4319350.593, 140
Trd, 4319351.693, 103
Trd, 4319351.793, 104
Trd, 4319352.943, 105
Trd, 4319353.193, 104
Trd, 4319354.593, 140
Trd, 4319354.643, 140
Trd, 4319355.443, 140
Trd, 4319356.743, 140
Trd, 4319357.293, 140
Trd, 4319359.693, 140
Trd, 4319360.543, 139
Trd, 4319360.643, 113
Trd, 4319362.343, 140
Trd, 4319362.393, 140
Trd, 4319363.443, 140
Trd, 4319364.793, 140
Trd, 4319365.093, 140
Trd, 4319367.043, 140
Trd, 4319368.293, 140
Trd, 4319368.393, 140
Trd, 4319368.843, 140
Trd, 4319369.043, 140
Trd, 4319371.043, 140
Trd, 4319371.693, 140
Trd, 4319372.693, 140
Trd, 4319373.143, 140
Trd, 4319373.643, 68
Trd, 4319374.443, 67
Trd, 4319374.593, 68
Trd, 4319375.593, 61
Trd, 4319375.643, 69
Trd, 4319375.893, 68
Trd, 4319376.343, 60
Trd, 4319377.793, 60
Trd, 4319378.043, 60
Trd, 4319378.243, 62
Trd, 4319378.843, 60
Trd, 4319379.243, 65
Trd, 4319379.893, 70
Trd, 4319380.693, 65
Trd, 4319382.893, 140
Trd, 4319383.193, 140
Trd, 4319383.743, 140
Trd, 4319383.893, 140
Trd, 4319385.293, 140
Trd, 4319385.593, 139
Trd, 4319386.543, 78
Trd, 4319388.393, 140
Trd, 4319388.643, 140
Trd, 4319389.743, 140
Trd, 4319390.843, 140
Trd, 4319391.693, 140
Trd, 4319391.793, 140
Trd, 4319392.343, 140
Trd, 4319392.943, 140
Trd, 4319393.143, 140
Trd, 4319393.493, 139
Trd, 4319394.493, 140
Trd, 4319394.543, 137
Trd, 4319396.193, 125
Trd, 4319397.643, 130
Trd, 4319398.593, 130
Trd, 4319398.643, 127
Trd, 4319398.943, 131
Trd, 4319399.243, 108
Trd, 4319399.993, 139
Trd, 4319400.143, 110
Trd, 4319400.743, 140
Trd, 4319401.843, 138
Trd, 4319402.843, 139
Trd, 4319403.143, 137
Trd, 4319405.843, 140
Trd, 4319409.093, 140
Trd, 4319410.043, 140
Trd, 4319410.743, 140
Trd, 4319411.493, 140
Trd, 4319411.543, 140
Trd, 4319411.593, 139
Trd, 4319412.593, 98
Trd, 4319412.993, 99
Trd, 4319414.243, 62
Trd, 4319414.943, 61
Trd, 4319415.043, 63
Trd, 4319415.993, 104
Trd, 4319416.293, 105
Trd, 4319416.593, 104
Trd, 4319416.843, 99
Trd, 4319417.743, 62
Trd, 4319418.293, 60
Trd, 4319420.093, 60
Trd, 4319421.143, 60
Trd, 4319422.443, 60
Trd, 4319423.543, 60
Trd, 4319423.793, 60
Trd, 4319423.843, 60
Trd, 4319424.143, 61
Trd, 4319424.643, 67
Trd, 4319425.493, 139
Trd, 4319425.893, 74
Trd, 4319426.593, 88
Trd, 4319426.843, 72
Trd, 4319427.443, 71
Trd, 4319428.293, 138
Trd, 4319428.443, 77
Trd, 4319429.893, 60
Trd, 4319430.343, 60
Trd, 4319430.693, 60
Trd, 4319431.743, 60
Trd, 4319431.793, 64
Trd, 4319432.043, 62
Trd, 4319432.693, 66
Trd, 4319433.593, 67
Trd, 4319433.643, 123
Trd, 4319436.243, 84
Trd, 4319436.443, 83
Trd, 4319436.843, 81
Trd, 4319438.743, 140
Trd, 4319439.093, 120
Trd, 4319439.593, 123
Trd, 4319439.793, 123
Trd, 4319440.043, 140
Trd, 4319440.593, 140
Trd, 4319441.193, 127
Trd, 4319441.693, 129
Trd, 4319442.293, 128
Trd, 4319442.643, 138
Trd, 4319442.693, 127
Trd, 4319442.743, 124
Trd, 4319444.793, 133
Trd, 4319445.393, 128
Trd, 4319445.593, 132
Trd, 4319445.693, 135
Trd, 4319446.143, 101
Trd, 4319446.443, 132
Trd, 4319449.943, 60
Trd, 4319450.843, 60
Trd, 4319450.893, 60
Trd, 4319452.043, 60
Trd, 4319452.693, 60
Trd, 4319452.843, 61
Trd, 4319453.193, 62
Trd, 4319454.543, 60
Trd, 4319455.193, 61
Trd, 4319456.393, 61
Trd, 4319457.043, 63
Trd, 4319457.193, 98
Trd, 4319459.393, 140
Trd, 4319460.693, 140
Trd, 4319461.493, 140
Trd, 4319461.893, 140
Trd, 4319461.943, 139
Trd, 4319462.193, 140
Trd, 4319463.443, 140
Trd, 4319463.643, 140
Trd, 4319463.893, 139
Trd, 4319464.043, 138
Trd, 4319464.793, 140
Trd, 4319465.693, 108
Trd, 4319466.743, 113
Trd, 4319467.393, 113
Trd, 4319467.493, 112
Trd, 4319470.093, 140
Trd, 4319470.293, 140
Trd, 4319472.143, 140
Trd, 4319473.243, 140
Trd, 4319473.793, 140
Trd, 4319474.243, 140
Trd, 4319474.393, 140
Trd, 4319475.943, 140
Trd, 4319477.593, 140
Trd, 4319478.643, 140
Trd, 4319478.843, 140
Trd, 4319480.193, 140
Trd, 4319480.243, 140
Trd, 4319481.293, 140
Trd, 4319483.093, 140
Trd, 4319484.243, 140
Trd, 4319484.493, 140
Trd, 4319485.243, 140
Trd, 4319485.643, 140
Trd, 4319485.793, 140
Trd, 4319487.393, 140
Trd, 4319487.493, 140
Trd, 4319491.143, 140
Trd, 4319491.593, 140
Trd, 4319492.043, 140
Trd, 4319492.243, 140
Trd, 4319492.843, 140
Trd, 4319493.193, 140
Trd, 4319493.393, 139
Trd, 4319494.243, 140
Trd, 4319495.393, 140
Trd, 4319495.693, 140
Trd, 4319498.793, 140
Trd, 4319499.193, 140
Trd, 4319500.293, 140
Trd, 4319500.493, 140
Trd, 4319501.193, 140
Trd, 4319501.493, 95
Trd, 4319501.543, 78
Trd, 4319502.593, 140
Trd, 4319503.393, 83
Trd, 4319504.293, 140
Trd, 4319504.993, 140
Trd, 4319507.443, 140
Trd, 4319508.543, 140
Trd, 4319508.643, 140
Trd, 4319508.843, 140
Trd, 4319509.143, 140
Trd, 4319509.593, 140
Trd, 4319510.993, 140
Trd, 4319512.493, 140
Trd, 4319512.993, 140
Trd, 4319513.343, 140
Trd, 4319514.093, 140
Trd, 4319514.393, 140
Trd, 4319515.243, 140
Trd, 4319516.543, 140
Trd, 4319517.343, 140
Trd, 4319520.243, 140
Trd, 4319520.443, 140
Trd, 4319521.193, 140
Trd, 4319521.343, 140
Trd, 4319521.893, 140
Trd, 4319522.243, 139
Trd, 4319524.393, 139
Trd, 4319525.043, 138
Trd, 4319525.143, 99
Trd, 4319525.693, 97
Trd, 4319527.093, 140
Trd, 4319528.493, 140
Trd, 4319528.643, 111
Trd, 4319529.593, 72
Trd, 4319530.143, 140
Trd, 4319531.643, 133
Trd, 4319531.943, 138
Trd, 4319534.143, 130
Trd, 4319534.343, 129
Trd, 4319534.493, 126
Trd, 4319535.043, 140
Trd, 4319535.193, 65
Trd, 4319536.493, 134
Trd, 4319536.893, 135
Trd, 4319537.043, 139
Trd, 4319537.393, 131
Trd, 4319537.593, 138
Trd, 4319538.543, 105
Trd, 4319539.393, 94
Trd, 4319540.593, 94
Trd, 4319540.743, 73
Trd, 4319541.093, 116
Trd, 4319541.193, 117
Trd, 4319541.993, 68
Trd, 4319543.393, 60
Trd, 4319543.893, 60
Trd, 4319545.143, 60
Trd, 4319545.193, 60
Trd, 4319545.343, 60
Trd, 4319548.193, 60
Trd, 4319549.243, 60
Trd, 4319550.593, 60
Trd, 4319552.243, 60
Trd, 4319552.493, 60
Trd, 4319553.243, 60
Trd, 4319554.093, 60
Trd, 4319554.943, 64
Trd, 4319555.143, 63
Trd, 4319555.443, 64
Trd, 4319555.593, 63
Trd, 4319557.443, 60
Trd, 4319558.093, 60
Trd, 4319558.293, 60
Trd, 4319559.193, 63
Trd, 4319559.793, 64
Trd, 4319560.043, 67
Trd, 4319560.243, 67
Trd, 4319560.693, 65
Trd, 4319562.343, 60
Trd, 4319563.793, 60
Trd, 4319564.193, 60
Trd, 4319564.893, 60
Trd, 4319565.093, 63
Trd, 4319568.193, 60
Trd, 4319568.343, 60
Trd, 4319568.393, 60
Trd, 4319568.643, 63
Trd, 4319568.843, 60
Trd, 4319570.693, 60
Trd, 4319570.893, 60
Trd, 4319571.243, 60
Trd, 4319571.593, 60
Trd, 4319572.393, 60
Trd, 4319572.793, 62
Trd, 4319574.193, 66
Trd, 4319574.343, 65
Trd, 4319574.393, 63
Trd, 4319574.743, 74
Trd, 4319575.743, 111
Trd, 4319575.793, 65
Trd, 4319575.993, 140
Trd, 4319577.593, 60
Trd, 4319578.193, 60
Trd, 4319579.793, 60
Trd, 4319580.593, 60
Trd, 4319581.843, 60
Trd, 4319583.243, 60
Trd, 4319583.443, 60
Trd, 4319583.743, 60
Trd, 4319584.993, 60
Trd, 4319585.193, 60
Trd, 4319586.843, 60
Trd, 4319587.043, 61
Trd, 4319587.893, 63
Trd, 4319590.193, 140
Trd, 4319590.493, 140
Trd, 4319591.143, 140
Trd, 4319591.293, 140
Trd, 4319591.493, 139
Trd, 4319591.543, 138
Trd, 4319593.493, 140
Trd, 4319593.743, 140
Trd, 4319593.893, 139
Trd, 4319594.043, 64
Trd, 4319596.143, 60
Trd, 4319596.293, 61
Trd, 4319598.443, 60
Trd, 4319599.093, 60
Trd, 4319599.243, 62
Trd, 4319599.643, 61
Trd, 4319601.143, 60
Trd, 4319601.193, 60
Trd, 4319601.493, 60
Trd, 4319601.643, 62
Trd, 4319602.443, 65
Trd, 4319602.693, 65
Trd, 4319602.893, 64
Trd, 4319602.943, 69
Trd, 4319603.593, 70
Trd, 4319604.243, 65
Trd, 4319605.843, 60
Trd, 4319607.243, 60
Trd, 4319607.393, 60
Trd, 4319607.493, 60
Trd, 4319607.643, 60
Trd, 4319608.493, 140
Trd, 4319608.743, 70
Trd, 4319609.793, 67
Trd, 4319610.193, 67
Trd, 4319612.143, 140
Trd, 4319612.543, 78
Trd, 4319613.293, 140
Trd, 4319613.343, 140
Trd, 4319615.093, 140
Trd, 4319615.193, 140
Trd, 4319615.693, 140
Trd, 4319616.793, 140
Trd, 4319616.893, 140
Trd, 4319617.893, 140
Trd, 4319618.443, 139
Trd, 4319618.843, 69
Trd, 4319620.243, 140
Trd, 4319620.343, 140
Trd, 4319620.943, 140
Trd, 4319621.293, 140
Trd, 4319622.993, 140
Trd, 4319623.293, 140
Trd, 4319623.543, 140
Trd, 4319623.693, 140
Trd, 4319624.593, 139
Trd, 4319625.943, 140
Trd, 4319626.193, 140
Trd, 4319626.293, 139
Trd, 4319627.443, 139
Trd, 4319628.643, 140
Trd, 4319628.793, 140
Trd, 4319629.393, 140
Trd, 4319629.543, 140
Trd, 4319629.693, 140
Trd, 4319630.793, 139
Trd, 4319631.743, 140
Trd, 4319632.143, 140
Trd, 4319632.393, 140
Trd, 4319632.793, 139
Trd, 4319633.593, 140
Trd, 4319635.143, 137
Trd, 4319635.443, 86
Trd, 4319635.593, 84
Trd, 4319637.343, 114
Trd, 4319637.693, 113
Trd, 4319638.343, 114
Trd, 4319638.393, 113
Trd, 4319638.643, 112
Trd, 4319638.793, 105
Trd, 4319639.443, 136
Trd, 4319640.393, 140
Trd, 4319641.543, 140
Trd, 4319643.193, 140
Trd, 4319643.493, 140
Trd, 4319644.143, 140
Trd, 4319644.243, 140
Trd, 4319644.343, 140
Trd, 4319644.543, 138
Trd, 4319645.393, 66
Trd, 4319646.893, 60
Trd, 4319647.943, 60
Trd, 4319648.643, 60
Trd, 4319649.193, 60
Trd, 4319649.393, 60
Trd, 4319649.443, 60
Trd, 4319651.293, 137
Trd, 4319651.493, 140
Trd, 4319651.893, 60
Trd, 4319652.193, 61
Trd, 4319653.793, 60
Trd, 4319653.993, 60
Trd, 4319654.343, 61
Trd, 4319655.093, 60
Trd, 4319655.193, 71
Trd, 4319656.143, 63
Trd, 4319656.793, 140
Trd, 4319657.043, 140
Trd, 4319657.643, 60
Trd, 4319659.543, 60
Trd, 4319659.743, 60
Trd, 4319663.143, 60
Trd, 4319664.243, 60
Trd, 4319665.243, 60
Trd, 4319666.293, 60
Trd, 4319667.093, 60
Trd, 4319667.193, 60
Trd, 4319667.393, 61
Trd, 4319667.793, 60
Trd, 4319668.643, 62
Trd, 4319668.843, 61
Trd, 4319669.343, 60
Trd, 4319670.793, 140
Trd, 4319670.893, 138
Trd, 4319674.293, 60
Trd, 4319674.443, 60
Trd, 4319674.693, 60
Trd, 4319674.943, 60
Trd, 4319675.193, 61
Trd, 4319675.443, 61
Trd, 4319676.193, 60
Trd, 4319676.493, 60
Trd, 4319677.043, 61
Trd, 4319677.443, 61
Trd, 4319677.493, 62
Trd, 4319678.843, 65
Trd, 4319679.043, 64
Trd, 4319679.343, 64
Trd, 4319679.593, 64
Trd, 4319680.143, 64
Trd, 4319681.243, 139
Trd, 4319682.243, 140
Trd, 4319683.493, 140
Trd, 4319683.543, 140
Trd, 4319684.393, 136
Trd, 4319684.893, 116
Trd, 4319687.593, 140
Trd, 4319688.093, 140
Trd, 4319688.443, 140
Trd, 4319688.893, 140
Trd, 4319689.743, 140
Trd, 4319690.643, 140
Trd, 4319692.093, 140
Trd, 4319692.793, 140
Trd, 4319693.893, 140
Trd, 4319693.943, 140
Trd, 4319694.043, 140
Trd, 4319694.793, 140
Trd, 4319695.393, 140
Trd, 4319695.543, 140
Trd, 4319696.193, 136
Trd, 4319697.443, 140
Trd, 4319697.893, 140
Trd, 4319699.143, 140
Trd, 4319699.993, 140
Trd, 4319700.743, 140
Trd, 4319700.993, 140
Trd, 4319701.043, 135
Trd, 4319701.793, 140
Trd, 4319702.393, 140
Trd, 4319704.243, 140
Trd, 4319705.943, 140
Trd, 4319705.993, 140
Trd, 4319706.193, 140
Trd, 4319706.393, 140
Trd, 4319706.643, 139
Trd, 4319706.943, 138
Trd, 4319707.343, 136
Trd, 4319708.393, 61
Trd, 4319709.543, 127
Trd, 4319710.493, 70
Trd, 4319711.493, 64
Trd, 4319711.893, 66
Trd, 4319712.793, 66
Trd, 4319714.193, 81
Trd, 4319714.893, 79
Trd, 4319715.043, 79
Trd, 4319715.193, 86
Trd, 4319715.843, 77
Trd, 4319716.043, 86
Trd, 4319716.093, 71
Trd, 4319718.193, 80
Trd, 4319720.143, 60
Trd, 4319720.543, 60
Trd, 4319720.943, 61
Trd, 4319721.043, 61
Trd, 4319721.393, 61
Trd, 4319721.693, 61
Trd, 4319721.943, 62
Trd, 4319722.043, 63
Trd, 4319722.393, 77
Trd, 4319723.243, 69
Trd, 4319723.443, 67
Trd, 4319723.693, 63
Trd, 4319727.193, 61
Trd, 4319727.393, 64
Trd, 4319728.143, 63
Trd, 4319728.343, 61
Trd, 4319729.743, 60
Trd, 4319731.193, 60
Trd, 4319732.493, 60
Trd, 4319732.593, 60
Trd, 4319732.743, 60
Trd, 4319733.143, 60
Trd, 4319733.693, 61
Trd, 4319733.843, 140
Trd, 4319735.493, 61
Trd, 4319736.143, 63
Trd, 4319736.993, 140
Trd, 4319737.393, 140
Trd, 4319737.693, 140
Trd, 4319737.743, 64
Trd, 4319739.043, 60
Trd, 4319740.943, 60
Trd, 4319741.443, 60
Trd, 4319742.043, 60
Trd, 4319743.493, 60
Trd, 4319743.593, 60
Trd, 4319743.793, 61
Trd, 4319744.193, 63
Trd, 4319745.043, 67
Trd, 4319745.743, 72
Trd, 4319745.793, 70
Trd, 4319745.843, 88
Trd, 4319745.943, 69
Trd, 4319746.093, 65
Trd, 4319748.243, 140
Trd, 4319749.043, 140
Trd, 4319749.643, 140
Trd, 4319750.593, 140
Trd, 4319751.793, 140
Trd, 4319752.543, 140
Trd, 4319753.593, 140
Trd, 4319754.993, 140
Trd, 4319756.443, 140
Trd, 4319758.843, 140
Trd, 4319760.193, 140
Trd, 4319760.793, 140
Trd, 4319760.893, 140
Trd, 4319761.743, 140
Trd, 4319763.143, 140
Trd, 4319763.793, 140
Trd, 4319764.493, 140
Trd, 4319765.243, 140
Trd, 4319765.293, 140
Trd, 4319766.293, 140
Trd, 4319768.693, 140
Trd, 4319769.043, 140
Trd, 4319770.743, 140
Trd, 4319770.843, 140
Trd, 4319770.893, 140
Trd, 4319772.293, 140
Trd, 4319772.693, 140
Trd, 4319774.043, 140
Trd, 4319775.443, 140
Trd, 4319776.643, 140
Trd, 4319777.593, 140
Trd, 4319778.993, 140
Trd, 4319779.493, 140
Trd, 4319779.593, 140
Trd, 4319781.143, 140
Trd, 4319781.393, 140
Trd, 4319781.593, 140
Trd, 4319781.693, 138
Trd, 4319782.343, 140
Trd, 4319783.443, 139
Trd, 4319784.843, 60
Trd, 4319785.443, 60
Trd, 4319785.543, 60
Trd, 4319787.343, 60
Trd, 4319787.743, 60
Trd, 4319787.893, 69
Trd, 4319789.193, 89
Trd, 4319789.443, 64
Trd, 4319790.693, 66
Trd, 4319790.843, 65
Trd, 4319791.743, 85
Trd, 4319791.793, 66
Trd, 4319791.993, 90
Trd, 4319793.393, 140
Trd, 4319793.443, 140
Trd, 4319794.743, 140
Trd, 4319795.643, 140
Trd, 4319795.693, 140
Trd, 4319797.543, 139
Trd, 4319798.343, 132
Trd, 4319798.843, 140
Trd, 4319799.193, 136
Trd, 4319801.593, 140
Trd, 4319802.143, 140
Trd, 4319804.193, 140
Trd, 4319805.193, 140
Trd, 4319805.843, 140
Trd, 4319805.893, 140
Trd, 4319806.893, 139
Trd, 4319807.143, 94
Trd, 4319807.493, 110
Trd, 4319807.693, 95
Trd, 4319807.893, 136
Trd, 4319808.693, 93
Trd, 4319810.593, 128
Trd, 4319811.643, 109
Trd, 4319812.643, 107
Trd, 4319812.893, 85
Trd, 4319813.443, 116
Trd, 4319813.993, 77
Trd, 4319814.843, 78
Trd, 4319815.243, 76
Trd, 4319816.393, 63
Trd, 4319817.143, 60
Trd, 4319817.293, 67
Trd, 4319817.393, 69
Trd, 4319819.993, 99
Trd, 4319820.393, 99
Trd, 4319821.343, 140
Trd, 4319821.443, 140
Trd, 4319821.993, 139
Trd, 4319822.793, 140
Trd, 4319824.093, 140
Trd, 4319824.843, 140
Trd, 4319825.243, 140
Trd, 4319827.093, 140
Trd, 4319827.743, 140
Trd, 4319829.343, 140
Trd, 4319831.343, 140
Trd, 4319831.593, 140
Trd, 4319831.743, 140
Trd, 4319832.243, 140
Trd, 4319833.643, 140
Trd, 4319833.843, 138
Trd, 4319834.343, 140
Trd, 4319834.443, 139
Trd, 4319834.543, 138
Trd, 4319834.643, 90
Trd, 4319835.093, 140
Trd, 4319836.243, 139
Trd, 4319836.993, 113
Trd, 4319837.843, 61
Trd, 4319838.043, 62
Trd, 4319839.393, 140
Trd, 4319839.943, 140
Trd, 4319841.193, 140
Trd, 4319841.493, 140
Trd, 4319843.243, 140
Trd, 4319843.643, 140
Trd, 4319844.093, 140
Trd, 4319844.743, 140
Trd, 4319847.993, 140
Trd, 4319848.343, 140
Trd, 4319849.193, 140
Trd, 4319850.193, 140
Trd, 4319850.793, 140
Trd, 4319851.893, 140
Trd, 4319852.243, 140
Trd, 4319854.443, 140
Trd, 4319855.443, 140
Trd, 4319856.493, 140
Trd, 4319857.043, 140
Trd, 4319857.343, 140
Trd, 4319858.843, 140
Trd, 4319860.293, 140
Trd, 4319860.393, 140
Trd, 4319862.143, 140
Trd, 4319863.343, 140
Trd, 4319863.443, 140
Trd, 4319863.543, 140
Trd, 4319863.793, 140
Trd, 4319863.943, 140
Trd, 4319865.893, 140
Trd, 4319867.343, 140
Trd, 4319868.293, 140
Trd, 4319869.093, 140
Trd, 4319869.193, 140
Trd, 4319869.393, 140
Trd, 4319869.643, 140
Trd, 4319870.493, 72
Trd, 4319871.143, 63
Trd, 4319872.443, 60
Trd, 4319872.793, 60
Trd, 4319873.593, 60
Trd, 4319874.943, 60
Trd, 4319876.043, 60
Trd, 4319876.993, 60
Trd, 4319877.043, 61
Trd, 4319880.393, 60
Trd, 4319880.443, 60
Trd, 4319880.693, 60
Trd, 4319881.093, 60
Trd, 4319881.443, 60
Trd, 4319881.693, 60
Trd, 4319882.293, 61
Trd, 4319882.493, 63
Trd, 4319882.593, 64
Trd, 4319884.093, 60
Trd, 4319885.143, 60
Trd, 4319886.493, 61
Trd, 4319889.393, 60
Trd, 4319890.043, 60
Trd, 4319890.193, 60
Trd, 4319890.693, 60
Trd, 4319890.943, 61
Trd, 4319891.193, 61
Trd, 4319891.393, 60
Trd, 4319893.493, 60
Trd, 4319893.793, 60
Trd, 4319894.243, 62
Trd, 4319897.693, 60
Trd, 4319898.143, 60
Trd, 4319898.243, 60
Trd, 4319898.893, 60
Trd, 4319899.043, 60
Trd, 4319899.193, 60
Trd, 4319899.643, 60
Trd, 4319899.793, 60
Trd, 4319900.243, 66
Trd, 4319901.343, 67
Trd, 4319902.043, 137
Trd, 4319902.743, 140
Trd, 4319902.943, 77
Trd, 4319903.343, 140
Trd, 4319904.493, 68
Trd, 4319906.143, 72
Trd, 4319906.243, 119
Trd, 4319906.943, 74
Trd, 4319906.993, 120
Trd, 4319908.143, 139
Trd, 4319909.543, 140
Trd, 4319910.343, 140
Trd, 4319910.543, 140
Trd, 4319910.993, 140
Trd, 4319911.793, 140
Trd, 4319913.693, 140
Trd, 4319913.893, 140
Trd, 4319914.543, 138
Trd, 4319915.993, 140
Trd, 4319916.043, 140
Trd, 4319918.243, 140
Trd, 4319918.543, 140
Trd, 4319919.443, 140
Trd, 4319919.943, 140
Trd, 4319920.043, 140
Trd, 4319920.443, 139
Trd, 4319920.643, 140
Trd, 4319921.193, 101
Trd, 4319921.643, 104
Trd, 4319922.693, 101
Trd, 4319924.443, 99
Trd, 4319924.543, 134
Trd, 4319925.343, 132
Trd, 4319925.693, 104
Trd, 4319925.743, 132
Trd, 4319927.193, 130
Trd, 4319927.243, 128
Trd, 4319928.143, 62
Trd, 4319929.243, 131
Trd, 4319929.693, 64
Trd, 4319930.343, 65
Trd, 4319930.393, 66
Trd, 4319930.843, 66
Trd, 4319932.043, 95
Trd, 4319932.343, 94
Trd, 4319934.143, 62
Trd, 4319934.243, 62
Trd, 4319935.893, 65
Trd, 4319937.193, 61
Trd, 4319938.493, 61
Trd, 4319939.093, 60
Trd, 4319939.743, 60
Trd, 4319939.793, 61
Trd, 4319940.343, 65
Trd, 4319940.593, 66
Trd, 4319940.943, 64
Trd, 4319940.993, 67
Trd, 4319941.893, 66
Trd, 4319943.143, 120
Trd, 4319943.293, 87
Trd, 4319943.693, 66
Trd, 4319945.543, 60
Trd, 4319946.893, 60
Trd, 4319947.693, 60
Trd, 4319948.143, 60
Trd, 4319948.443, 60
Trd, 4319949.943, 60
Trd, 4319950.143, 61
Trd, 4319950.743, 62
Trd, 4319951.393, 66
Trd, 4319951.993, 68
Trd, 4319954.443, 128
Trd, 4319954.693, 128
Trd, 4319955.093, 140
Trd, 4319955.243, 140
Trd, 4319955.693, 140
Trd, 4319956.993, 140
Trd, 4319957.043, 140
Trd, 4319957.193, 140
Trd, 4319958.143, 138
Trd, 4319958.393, 137
Trd, 4319958.843, 136
Trd, 4319959.093, 101
Trd, 4319960.443, 137
Trd, 4319961.693, 99
Trd, 4319961.943, 100
Trd, 4319962.343, 114
Trd, 4319963.893, 119
Trd, 4319964.043, 105
Trd, 4319964.493, 113
Trd, 4319965.193, 116
Trd, 4319965.493, 115
Trd, 4319965.693, 112
Trd, 4319966.043, 114
Trd, 4319966.693, 103
Trd, 4319967.693, 105
Trd, 4319968.943, 72
Trd, 4319969.243, 60
Trd, 4319969.943, 60
Trd, 4319970.293, 61
Trd, 4319971.793, 63
Trd, 4319973.043, 95
Trd, 4319974.293, 88
Trd, 4319974.643, 87
Trd, 4319974.843, 87
Trd, 4319974.993, 89
Trd, 4319975.143, 88
Trd, 4319975.443, 82
Trd, 4319976.843, 78
Trd, 4319976.993, 77
Trd, 4319977.843, 86
Trd, 4319979.043, 86
Trd, 4319979.393, 87
Trd, 4319979.493, 88
Trd, 4319979.793, 90
Trd, 4319981.243, 108
Trd, 4319981.693, 62
Trd, 4319982.543, 140
Trd, 4319983.643, 64
Trd, 4319984.093, 61
Trd, 4319985.093, 61
Trd, 4319985.993, 60
Trd, 4319987.293, 60
Trd, 4319988.693, 60
Trd, 4319989.943, 60
Trd, 4319990.143, 60
Trd, 4319991.193, 60
Trd, 4319991.293, 60
Trd, 4319991.843, 63
Trd, 4319992.243, 64
Trd, 4319992.643, 64
Trd, 4319992.743, 63
Trd, 4319993.193, 63
Trd, 4319993.493, 62
Trd, 4319995.293, 140
Trd, 4319996.193, 139
Trd, 4319996.243, 98
Trd, 4319997.193, 68
Trd, 4319997.443, 68
Trd, 4319999.993, 60
