Trd, 4318164.893, 64
Trd, 4318165.343, 95
Trd, 4318166.843, 102
Trd, 4318167.493, 79
Trd, 4318167.593, 135
Trd, 4318167.943, 65
Trd, 4318168.493, 69
Trd, 4318168.893, 63
Trd, 4318169.793, 69
Trd, 4318171.093, 127
Trd, 4318171.493, 125
Trd, 4318172.193, 127
Trd, 4318173.493, 130
Trd, 4318173.793, 120
Trd, 4318173.893, 118
Trd, 4318174.193, 61
Trd, 4318176.093, 60
Trd, 4318177.093, 70
Trd, 4318177.243, 86
Trd, 4318177.793, 117
Trd, 4318179.193, 60
Trd, 4318179.843, 61
Trd, 4318179.893, 63
Trd, 4318180.443, 96
Trd, 4318180.793, 102
Trd, 4318181.043, 73
Trd, 4318181.993, 121
Trd, 4318182.843, 106
Trd, 4318183.443, 97
Trd, 4318183.993, 123
Trd, 4318184.093, 133
Trd, 4318185.093, 99
Trd, 4318185.843, 87
Trd, 4318186.193, 78
Trd, 4318187.593, 114
Trd, 4318187.993, 105
Trd, 4318188.093, 82
Trd, 4318188.243, 84
Trd, 4318189.943, 128
Trd, 4318190.093, 86
Trd, 4318190.343, 98
Trd, 4318190.643, 75
Trd, 4318193.193, 60
Trd, 4318193.293, 61
Trd, 4318194.593, 85
Trd, 4318195.393, 131
Trd, 4318195.643, 95
Trd, 4318196.393, 95
Trd, 4318196.593, 95
Trd, 4318196.743, 61
Trd, 4318197.493, 100
Trd, 4318197.643, 94
Trd, 4318198.293, 98
Trd, 4318199.793, 61
Trd, 4318201.343, 66
Trd, 4318201.543, 74
Trd, 4318202.343, 107
Trd, 4318202.393, 99
Trd, 4318203.493, 131
Trd, 4318204.343, 116
Trd, 4318204.593, 111
Trd, 4318204.643, 106
Trd, 4318205.593, 60
Trd, 4318206.843, 60
Trd, 4318208.093, 63
Trd, 4318208.243, 68
Trd, 4318208.393, 86
Trd, 4318208.993, 60
Trd, 4318209.643, 85
Trd, 4318209.843, 72
Trd, 4318211.093, 135
Trd, 4318211.543, 129
Trd, 4318212.493, 131
Trd, 4318213.543, 62
Trd, 4318215.443, 61
Trd, 4318215.543, 75
Trd, 4318216.393, 98
Trd, 4318216.493, 101
Trd, 4318216.593, 90
Trd, 4318217.593, 66
Trd, 4318218.143, 122
Trd, 4318219.293, 90
Trd, 4318220.643, 134
Trd, 4318220.843, 100
Trd, 4318221.343, 87
Trd, 4318222.193, 61
Trd, 4318222.543, 61
Trd, 4318222.993, 63
Trd, 4318223.143, 65
Trd, 4318223.743, 61
Trd, 4318224.543, 67
Trd, 4318225.893, 79
Trd, 4318226.543, 107
Trd, 4318227.243, 73
Trd, 4318228.293, 117
Trd, 4318228.893, 132
Trd, 4318229.393, 116
Trd, 4318229.543, 108
Trd, 4318230.493, 117
Trd, 4318231.243, 72
Trd, 4318231.843, 77
Trd, 4318233.143, 111
Trd, 4318233.393, 84
Trd, 4318233.643, 133
Trd, 4318233.893, 98
Trd, 4318234.143, 82
Trd, 4318235.343, 62
Trd, 4318236.443, 67
Trd, 4318236.543, 68
Trd, 4318237.143, 67
Trd, 4318237.893, 63
Trd, 4318238.343, 89
Trd, 4318238.893, 84
Trd, 4318239.593, 89
Trd, 4318239.843, 60
Trd, 4318240.243, 96
Trd, 4318242.893, 121
Trd, 4318242.943, 119
Trd, 4318243.093, 110
Trd, 4318243.893, 102
Trd, 4318244.693, 90
Trd, 4318245.143, 73
Trd, 4318245.943, 66
Trd, 4318246.093, 81
Trd, 4318246.493, 66
Trd, 4318247.093, 83
Trd, 4318248.043, 65
Trd, 4318249.643, 105
Trd, 4318250.893, 115
Trd, 4318251.193, 89
Trd, 4318251.543, 108
Trd, 4318251.693, 97
Trd, 4318252.693, 100
Trd, 4318253.043, 118
Trd, 4318253.343, 92
Trd, 4318254.093, 115
Trd, 4318255.643, 119
Trd, 4318256.243, 138
Trd, 4318256.293, 110
Trd, 4318256.643, 76
Trd, 4318257.693, 130
Trd, 4318258.193, 124
Trd, 4318258.793, 121
Trd, 4318258.843, 119
Trd, 4318260.243, 112
Trd, 4318260.393, 109
Trd, 4318260.493, 107
Trd, 4318261.093, 103
Trd, 4318261.993, 97
Trd, 4318262.193, 83
Trd, 4318262.843, 68
Trd, 4318263.293, 74
Trd, 4318263.943, 72
Trd, 4318264.693, 79
Trd, 4318265.843, 99
Trd, 4318266.743, 92
Trd, 4318266.993, 79
Trd, 4318267.593, 71
Trd, 4318268.193, 70
Trd, 4318269.143, 106
Trd, 4318269.443, 115
Trd, 4318270.443, 89
Trd, 4318270.743, 123
Trd, 4318271.843, 88
Trd, 4318272.693, 85
Trd, 4318273.693, 82
Trd, 4318274.393, 71
Trd, 4318274.893, 133
Trd, 4318275.393, 81
Trd, 4318275.693, 98
Trd, 4318276.993, 131
Trd, 4318277.393, 120
Trd, 4318278.893, 61
Trd, 4318278.993, 61
Trd, 4318281.543, 63
Trd, 4318281.743, 62
Trd, 4318282.143, 74
Trd, 4318282.393, 72
Trd, 4318282.443, 75
Trd, 4318282.593, 65
Trd, 4318282.943, 133
Trd, 4318283.093, 122
Trd, 4318285.093, 63
Trd, 4318285.493, 65
Trd, 4318285.643, 68
Trd, 4318286.243, 60
Trd, 4318287.043, 60
Trd, 4318288.743, 65
Trd, 4318289.443, 74
Trd, 4318289.893, 61
Trd, 4318290.143, 110
Trd, 4318290.793, 61
Trd, 4318290.893, 111
Trd, 4318292.343, 63
Trd, 4318292.743, 64
Trd, 4318293.593, 60
Trd, 4318294.193, 74
Trd, 4318294.543, 82
Trd, 4318296.043, 62
Trd, 4318297.043, 64
Trd, 4318298.043, 61
Trd, 4318298.293, 68
Trd, 4318298.393, 81
Trd, 4318298.593, 81
Trd, 4318300.393, 62
Trd, 4318300.943, 71
Trd, 4318301.743, 110
Trd, 4318302.143, 73
Trd, 4318303.393, 62
Trd, 4318303.793, 62
Trd, 4318304.093, 64
Trd, 4318304.793, 61
Trd, 4318306.143, 61
Trd, 4318306.693, 68
Trd, 4318307.093, 89
Trd, 4318307.893, 61
Trd, 4318308.093, 79
Trd, 4318308.593, 61
Trd, 4318308.993, 65
Trd, 4318310.143, 62
Trd, 4318310.693, 102
Trd, 4318310.993, 100
Trd, 4318311.543, 72
Trd, 4318312.943, 78
Trd, 4318313.843, 77
Trd, 4318314.343, 83
Trd, 4318315.843, 127
Trd, 4318316.093, 133
Trd, 4318316.293, 117
Trd, 4318316.643, 126
Trd, 4318316.693, 107
Trd, 4318317.293, 135
Trd, 4318317.393, 133
Trd, 4318317.643, 89
Trd, 4318318.793, 60
Trd, 4318319.443, 61
Trd, 4318320.293, 120
Trd, 4318321.393, 126
Trd, 4318321.693, 112
Trd, 4318322.093, 126
Trd, 4318324.093, 110
Trd, 4318325.943, 118
Trd, 4318325.993, 106
Trd, 4318326.543, 95
Trd, 4318327.443, 83
Trd, 4318328.343, 114
Trd, 4318328.743, 108
Trd, 4318328.793, 105
Trd, 4318329.443, 86
Trd, 4318329.943, 88
Trd, 4318330.293, 94
Trd, 4318330.993, 63
Trd, 4318331.993, 60
Trd, 4318332.243, 76
Trd, 4318332.543, 77
Trd, 4318332.793, 81
Trd, 4318333.843, 100
Trd, 4318334.893, 90
Trd, 4318335.443, 88
Trd, 4318336.843, 62
Trd, 4318337.293, 65
Trd, 4318337.993, 95
Trd, 4318338.693, 92
Trd, 4318339.243, 94
Trd, 4318339.393, 124
Trd, 4318340.893, 60
Trd, 4318341.443, 62
Trd, 4318342.693, 61
Trd, 4318343.093, 64
Trd, 4318344.193, 61
Trd, 4318345.343, 64
Trd, 4318346.593, 62
Trd, 4318346.693, 64
Trd, 4318346.943, 83
Trd, 4318347.843, 62
Trd, 4318347.943, 64
Trd, 4318348.443, 85
Trd, 4318348.893, 66
Trd, 4318349.693, 64
Trd, 4318350.393, 122
Trd, 4318351.493, 88
Trd, 4318352.143, 92
Trd, 4318352.243, 87
Trd, 4318352.443, 86
Trd, 4318352.593, 80
Trd, 4318353.893, 104
Trd, 4318353.943, 93
Trd, 4318354.693, 124
Trd, 4318356.593, 60
Trd, 4318357.193, 60
Trd, 4318357.293, 61
Trd, 4318358.043, 86
Trd, 4318358.293, 67
Trd, 4318358.593, 98
Trd, 4318359.343, 109
Trd, 4318359.493, 96
Trd, 4318360.193, 95
Trd, 4318360.843, 70
Trd, 4318361.393, 136
Trd, 4318361.493, 134
Trd, 4318362.843, 104
Trd, 4318363.693, 133
Trd, 4318364.043, 86
Trd, 4318365.093, 61
Trd, 4318365.593, 63
Trd, 4318368.043, 62
Trd, 4318368.443, 60
Trd, 4318368.493, 63
Trd, 4318368.693, 66
Trd, 4318369.143, 60
Trd, 4318369.393, 64
Trd, 4318369.743, 108
Trd, 4318370.943, 134
Trd, 4318371.143, 121
Trd, 4318371.193, 111
Trd, 4318371.693, 90
Trd, 4318372.343, 111
Trd, 4318373.093, 86
Trd, 4318373.543, 82
Trd, 4318373.843, 94
Trd, 4318375.443, 103
Trd, 4318375.593, 102
Trd, 4318375.943, 81
Trd, 4318377.893, 61
Trd, 4318377.993, 62
Trd, 4318378.243, 64
Trd, 4318378.643, 99
Trd, 4318379.093, 83
Trd, 4318380.793, 94
Trd, 4318380.893, 94
Trd, 4318381.243, 88
Trd, 4318382.743, 125
Trd, 4318382.793, 124
Trd, 4318382.993, 93
Trd, 4318383.043, 86
Trd, 4318384.343, 129
Trd, 4318384.643, 104
Trd, 4318387.093, 63
Trd, 4318387.293, 60
Trd, 4318388.543, 60
Trd, 4318388.743, 65
Trd, 4318389.693, 83
Trd, 4318389.743, 82
Trd, 4318389.943, 76
Trd, 4318390.043, 111
Trd, 4318390.843, 73
Trd, 4318392.193, 60
Trd, 4318393.093, 61
Trd, 4318393.193, 62
Trd, 4318394.343, 72
Trd, 4318396.243, 97
Trd, 4318397.193, 105
Trd, 4318397.243, 113
Trd, 4318397.893, 87
Trd, 4318398.993, 81
Trd, 4318400.193, 79
Trd, 4318400.243, 87
Trd, 4318400.643, 79
Trd, 4318401.643, 76
Trd, 4318401.743, 73
Trd, 4318402.293, 71
Trd, 4318402.943, 74
Trd, 4318403.193, 60
Trd, 4318403.343, 93
Trd, 4318404.793, 60
Trd, 4318405.193, 96
Trd, 4318405.243, 82
Trd, 4318405.793, 81
Trd, 4318406.443, 89
Trd, 4318407.193, 80
Trd, 4318407.793, 109
Trd, 4318407.993, 78
Trd, 4318408.643, 113
Trd, 4318409.543, 112
Trd, 4318409.743, 85
Trd, 4318410.543, 118
Trd, 4318410.843, 107
Trd, 4318412.193, 61
Trd, 4318413.543, 124
Trd, 4318414.393, 116
Trd, 4318414.443, 115
Trd, 4318414.493, 114
Trd, 4318415.443, 97
Trd, 4318415.743, 76
Trd, 4318416.643, 72
Trd, 4318417.693, 69
Trd, 4318417.793, 69
Trd, 4318417.843, 77
Trd, 4318417.893, 106
Trd, 4318419.043, 67
Trd, 4318420.093, 102
Trd, 4318420.343, 72
Trd, 4318421.343, 60
Trd, 4318422.043, 70
Trd, 4318422.643, 62
Trd, 4318422.943, 64
Trd, 4318423.143, 91
Trd, 4318423.893, 97
Trd, 4318424.593, 126
Trd, 4318424.793, 110
Trd, 4318426.093, 64
Trd, 4318428.093, 60
Trd, 4318428.443, 60
Trd, 4318428.543, 91
Trd, 4318428.843, 60
Trd, 4318428.893, 66
Trd, 4318430.093, 71
Trd, 4318430.393, 94
Trd, 4318431.593, 60
Trd, 4318431.993, 63
Trd, 4318432.243, 66
Trd, 4318432.693, 64
Trd, 4318432.893, 67
Trd, 4318433.793, 69
Trd, 4318435.193, 64
Trd, 4318436.443, 64
Trd, 4318436.793, 67
Trd, 4318437.093, 65
Trd, 4318438.193, 74
Trd, 4318439.243, 83
Trd, 4318439.943, 76
Trd, 4318440.643, 63
Trd, 4318441.893, 64
Trd, 4318441.993, 66
Trd, 4318442.493, 109
Trd, 4318443.393, 128
Trd, 4318443.843, 113
Trd, 4318444.293, 104
Trd, 4318444.593, 62
Trd, 4318445.243, 97
Trd, 4318446.443, 60
Trd, 4318448.193, 129
Trd, 4318448.293, 87
Trd, 4318448.393, 71
Trd, 4318448.893, 97
Trd, 4318450.343, 102
Trd, 4318450.843, 99
Trd, 4318451.743, 73
Trd, 4318451.793, 60
Trd, 4318452.443, 82
Trd, 4318452.743, 73
Trd, 4318454.393, 65
Trd, 4318455.043, 77
Trd, 4318456.743, 104
Trd, 4318457.093, 103
Trd, 4318457.593, 67
Trd, 4318458.143, 66
Trd, 4318458.743, 75
Trd, 4318459.643, 60
Trd, 4318461.343, 64
Trd, 4318461.593, 65
Trd, 4318462.143, 78
Trd, 4318462.393, 126
Trd, 4318462.593, 68
Trd, 4318463.143, 60
Trd, 4318464.293, 63
Trd, 4318464.693, 60
Trd, 4318464.943, 64
Trd, 4318464.993, 87
Trd, 4318466.193, 137
Trd, 4318466.393, 69
Trd, 4318467.843, 120
Trd, 4318467.993, 117
Trd, 4318469.143, 135
Trd, 4318469.443, 117
Trd, 4318470.293, 127
Trd, 4318470.693, 116
Trd, 4318471.893, 127
Trd, 4318472.393, 107
Trd, 4318472.443, 121
Trd, 4318472.893, 71
Trd, 4318473.993, 117
Trd, 4318474.493, 120
Trd, 4318474.793, 112
Trd, 4318474.843, 111
Trd, 4318475.493, 120
Trd, 4318476.743, 62
Trd, 4318478.493, 60
Trd, 4318478.993, 61
Trd, 4318479.393, 60
Trd, 4318480.343, 82
Trd, 4318481.043, 104
Trd, 4318482.093, 96
Trd, 4318482.843, 129
Trd, 4318483.143, 135
Trd, 4318484.143, 127
Trd, 4318484.393, 125
Trd, 4318484.543, 96
Trd, 4318484.843, 102
Trd, 4318485.293, 79
Trd, 4318485.343, 119
Trd, 4318486.643, 63
Trd, 4318487.843, 62
Trd, 4318489.093, 61
Trd, 4318489.993, 60
Trd, 4318490.193, 61
Trd, 4318490.493, 71
Trd, 4318490.643, 60
Trd, 4318490.743, 79
Trd, 4318491.543, 88
Trd, 4318491.743, 84
Trd, 4318493.043, 137
Trd, 4318493.193, 134
Trd, 4318493.293, 65
Trd, 4318494.393, 106
Trd, 4318494.743, 97
Trd, 4318495.793, 93
Trd, 4318495.893, 92
Trd, 4318496.943, 66
Trd, 4318497.543, 65
Trd, 4318499.293, 64
Trd, 4318500.143, 72
Trd, 4318500.193, 74
Trd, 4318500.893, 85
Trd, 4318501.293, 65
Trd, 4318501.843, 61
Trd, 4318502.193, 118
Trd, 4318503.243, 101
Trd, 4318503.293, 82
Trd, 4318503.643, 72
Trd, 4318504.093, 90
Trd, 4318504.293, 60
Trd, 4318504.643, 78
Trd, 4318506.143, 69
Trd, 4318506.243, 66
Trd, 4318506.993, 61
Trd, 4318508.093, 94
Trd, 4318508.693, 90
Trd, 4318508.943, 89
Trd, 4318510.193, 90
Trd, 4318510.643, 85
Trd, 4318511.093, 79
Trd, 4318511.993, 99
Trd, 4318512.593, 128
Trd, 4318512.643, 126
Trd, 4318513.543, 118
Trd, 4318513.893, 107
Trd, 4318514.393, 113
Trd, 4318514.493, 112
Trd, 4318515.543, 111
Trd, 4318515.993, 92
Trd, 4318516.043, 89
Trd, 4318516.293, 113
Trd, 4318517.693, 76
Trd, 4318518.343, 92
Trd, 4318519.343, 73
Trd, 4318520.243, 65
Trd, 4318521.493, 76
Trd, 4318521.843, 74
Trd, 4318522.143, 93
Trd, 4318523.193, 63
Trd, 4318523.293, 80
Trd, 4318524.043, 61
Trd, 4318524.243, 67
Trd, 4318525.093, 117
Trd, 4318525.143, 104
Trd, 4318525.393, 92
Trd, 4318526.093, 135
Trd, 4318527.393, 94
Trd, 4318527.993, 87
Trd, 4318528.093, 87
Trd, 4318529.043, 100
Trd, 4318529.293, 102
Trd, 4318530.493, 119
Trd, 4318532.093, 123
Trd, 4318532.443, 100
Trd, 4318532.943, 94
Trd, 4318533.143, 67
Trd, 4318534.093, 125
Trd, 4318534.843, 98
Trd, 4318535.593, 123
Trd, 4318536.143, 86
Trd, 4318536.193, 85
Trd, 4318536.793, 130
Trd, 4318537.843, 87
Trd, 4318538.093, 86
Trd, 4318538.743, 104
Trd, 4318539.643, 99
Trd, 4318540.543, 110
Trd, 4318540.793, 87
Trd, 4318541.543, 68
Trd, 4318542.593, 126
Trd, 4318542.843, 60
Trd, 4318543.343, 93
Trd, 4318545.293, 66
Trd, 4318545.643, 108
Trd, 4318545.993, 60
Trd, 4318546.143, 65
Trd, 4318546.293, 85
Trd, 4318547.393, 63
Trd, 4318548.543, 64
Trd, 4318549.343, 64
Trd, 4318549.793, 65
Trd, 4318550.293, 79
Trd, 4318550.593, 72
Trd, 4318552.293, 66
Trd, 4318552.343, 63
Trd, 4318552.593, 63
Trd, 4318552.743, 69
Trd, 4318553.693, 96
Trd, 4318554.643, 72
Trd, 4318555.493, 60
Trd, 4318557.093, 61
Trd, 4318557.243, 62
Trd, 4318557.443, 68
Trd, 4318557.643, 61
Trd, 4318558.193, 88
Trd, 4318558.593, 67
Trd, 4318559.843, 60
Trd, 4318560.193, 66
Trd, 4318561.543, 85
Trd, 4318561.993, 62
Trd, 4318562.093, 64
Trd, 4318563.343, 82
Trd, 4318564.593, 69
Trd, 4318564.643, 74
Trd, 4318565.443, 62
Trd, 4318566.343, 60
Trd, 4318567.593, 61
Trd, 4318568.543, 63
Trd, 4318568.593, 65
Trd, 4318568.943, 68
Trd, 4318569.143, 111
Trd, 4318570.243, 71
Trd, 4318571.293, 60
Trd, 4318572.093, 60
Trd, 4318572.543, 62
Trd, 4318573.793, 65
Trd, 4318575.993, 100
Trd, 4318576.143, 88
Trd, 4318577.143, 90
Trd, 4318577.393, 82
Trd, 4318577.443, 78
Trd, 4318577.893, 74
Trd, 4318578.193, 114
Trd, 4318578.543, 89
Trd, 4318578.743, 89
Trd, 4318580.993, 136
Trd, 4318581.093, 133
Trd, 4318581.593, 101
Trd, 4318582.443, 69
Trd, 4318583.393, 101
Trd, 4318583.693, 63
Trd, 4318584.443, 68
Trd, 4318585.243, 67
Trd, 4318585.443, 92
Trd, 4318586.393, 69
Trd, 4318587.443, 60
Trd, 4318587.543, 67
Trd, 4318588.743, 124
Trd, 4318589.343, 94
Trd, 4318589.793, 63
Trd, 4318590.093, 74
Trd, 4318591.243, 60
Trd, 4318592.443, 128
Trd, 4318593.143, 132
Trd, 4318593.443, 122
Trd, 4318593.643, 73
Trd, 4318595.943, 62
Trd, 4318596.143, 63
Trd, 4318597.293, 61
Trd, 4318597.793, 62
Trd, 4318597.993, 62
Trd, 4318598.643, 61
Trd, 4318599.493, 67
Trd, 4318600.293, 62
Trd, 4318600.493, 94
Trd, 4318602.043, 113
Trd, 4318602.293, 112
Trd, 4318603.543, 120
Trd, 4318603.643, 109
Trd, 4318603.693, 109
Trd, 4318603.743, 103
Trd, 4318604.743, 67
Trd, 4318605.743, 109
Trd, 4318607.193, 132
Trd, 4318607.243, 121
Trd, 4318607.493, 114
Trd, 4318608.543, 119
Trd, 4318608.643, 104
Trd, 4318609.093, 74
Trd, 4318609.343, 102
Trd, 4318610.143, 61
Trd, 4318610.393, 111
Trd, 4318610.843, 100
Trd, 4318611.993, 74
Trd, 4318613.043, 83
Trd, 4318613.993, 64
Trd, 4318614.393, 105
Trd, 4318614.643, 75
Trd, 4318615.193, 61
Trd, 4318615.743, 111
Trd, 4318617.943, 111
Trd, 4318618.243, 108
Trd, 4318618.443, 99
Trd, 4318618.693, 91
Trd, 4318619.993, 95
Trd, 4318620.693, 86
Trd, 4318621.743, 81
Trd, 4318622.693, 113
Trd, 4318622.743, 107
Trd, 4318623.643, 109
Trd, 4318623.843, 121
Trd, 4318623.893, 83
Trd, 4318624.093, 131
Trd, 4318624.293, 126
Trd, 4318624.943, 92
Trd, 4318625.643, 90
Trd, 4318625.693, 63
Trd, 4318626.443, 64
Trd, 4318627.343, 61
Trd, 4318628.793, 84
Trd, 4318629.693, 79
Trd, 4318629.943, 106
Trd, 4318630.143, 70
Trd, 4318630.843, 97
Trd, 4318631.393, 107
Trd, 4318632.893, 61
Trd, 4318633.843, 60
Trd, 4318634.693, 63
Trd, 4318634.843, 92
Trd, 4318635.193, 60
Trd, 4318635.543, 114
Trd, 4318635.943, 113
Trd, 4318636.543, 90
Trd, 4318637.293, 113
Trd, 4318637.543, 112
Trd, 4318638.543, 102
Trd, 4318638.893, 125
Trd, 4318639.343, 93
Trd, 4318640.443, 103
Trd, 4318641.243, 124
Trd, 4318641.543, 93
Trd, 4318641.993, 65
Trd, 4318643.293, 66
Trd, 4318644.093, 75
Trd, 4318645.543, 74
Trd, 4318645.593, 80
Trd, 4318645.843, 131
Trd, 4318646.043, 71
Trd, 4318646.643, 92
Trd, 4318647.493, 70
Trd, 4318648.393, 85
Trd, 4318648.843, 75
Trd, 4318648.893, 115
Trd, 4318649.243, 74
Trd, 4318650.693, 105
Trd, 4318651.143, 99
Trd, 4318651.343, 98
Trd, 4318652.693, 84
Trd, 4318653.743, 110
Trd, 4318653.943, 108
Trd, 4318654.143, 62
Trd, 4318654.293, 72
Trd, 4318654.793, 71
Trd, 4318655.443, 79
Trd, 4318656.593, 76
Trd, 4318657.343, 67
Trd, 4318657.843, 71
Trd, 4318658.443, 82
Trd, 4318659.093, 63
Trd, 4318659.343, 62
Trd, 4318660.293, 71
Trd, 4318661.043, 62
Trd, 4318661.693, 61
Trd, 4318662.693, 60
Trd, 4318663.243, 101
Trd, 4318663.543, 80
Trd, 4318664.243, 119
Trd, 4318664.943, 111
Trd, 4318665.293, 74
Trd, 4318666.243, 132
Trd, 4318666.993, 71
Trd, 4318667.293, 98
Trd, 4318667.793, 70
Trd, 4318668.443, 69
Trd, 4318668.593, 66
Trd, 4318668.843, 63
Trd, 4318669.493, 130
Trd, 4318669.743, 65
Trd, 4318671.693, 120
Trd, 4318671.743, 78
Trd, 4318672.493, 102
Trd, 4318673.143, 60
Trd, 4318673.943, 70
Trd, 4318674.493, 88
Trd, 4318674.943, 103
Trd, 4318675.093, 93
Trd, 4318676.093, 60
Trd, 4318677.393, 63
Trd, 4318678.193, 60
Trd, 4318678.743, 61
Trd, 4318679.193, 70
Trd, 4318679.543, 93
Trd, 4318679.693, 131
Trd, 4318679.893, 107
Trd, 4318682.443, 75
Trd, 4318683.643, 60
Trd, 4318683.893, 137
Trd, 4318684.843, 82
Trd, 4318685.193, 88
Trd, 4318685.443, 72
Trd, 4318685.543, 109
Trd, 4318686.593, 132
Trd, 4318686.843, 131
Trd, 4318687.743, 81
Trd, 4318688.093, 124
Trd, 4318688.193, 75
Trd, 4318690.343, 84
Trd, 4318690.943, 125
Trd, 4318690.993, 112
Trd, 4318692.093, 103
Trd, 4318693.293, 124
Trd, 4318693.393, 122
Trd, 4318694.243, 136
Trd, 4318694.343, 82
Trd, 4318694.943, 108
Trd, 4318694.993, 96
Trd, 4318695.943, 118
Trd, 4318696.243, 112
Trd, 4318698.693, 75
Trd, 4318698.843, 129
Trd, 4318699.443, 82
Trd, 4318699.943, 92
Trd, 4318700.093, 65
Trd, 4318701.193, 60
Trd, 4318701.843, 135
Trd, 4318702.293, 104
Trd, 4318703.793, 66
Trd, 4318703.843, 134
Trd, 4318704.043, 119
Trd, 4318704.843, 69
Trd, 4318705.343, 65
Trd, 4318706.693, 99
Trd, 4318707.393, 87
Trd, 4318707.793, 87
Trd, 4318707.993, 129
Trd, 4318708.193, 83
Trd, 4318709.193, 126
Trd, 4318709.393, 125
Trd, 4318709.593, 88
Trd, 4318709.643, 94
Trd, 4318709.693, 85
Trd, 4318711.943, 84
Trd, 4318712.043, 83
Trd, 4318712.593, 111
Trd, 4318713.793, 86
Trd, 4318714.243, 84
Trd, 4318714.743, 61
Trd, 4318715.693, 132
Trd, 4318716.043, 112
Trd, 4318716.593, 132
Trd, 4318716.693, 116
Trd, 4318716.893, 79
Trd, 4318717.493, 84
Trd, 4318718.393, 83
Trd, 4318718.443, 77
Trd, 4318719.093, 67
Trd, 4318720.293, 96
Trd, 4318721.343, 86
Trd, 4318721.443, 72
Trd, 4318722.493, 123
Trd, 4318722.693, 88
Trd, 4318723.093, 65
Trd, 4318725.093, 68
Trd, 4318725.243, 70
Trd, 4318726.043, 90
Trd, 4318726.593, 93
Trd, 4318727.643, 63
Trd, 4318727.693, 93
Trd, 4318728.543, 62
Trd, 4318728.593, 64
Trd, 4318728.743, 75
Trd, 4318729.243, 62
Trd, 4318730.243, 61
Trd, 4318731.193, 107
Trd, 4318732.493, 115
Trd, 4318732.793, 106
Trd, 4318733.293, 105
Trd, 4318733.743, 104
Trd, 4318733.793, 93
Trd, 4318734.893, 63
Trd, 4318735.093, 108
Trd, 4318735.543, 73
Trd, 4318735.793, 61
Trd, 4318736.393, 72
Trd, 4318738.843, 62
Trd, 4318739.343, 63
Trd, 4318739.393, 65
Trd, 4318739.843, 60
Trd, 4318739.943, 82
Trd, 4318740.893, 67
Trd, 4318742.043, 60
Trd, 4318743.393, 120
Trd, 4318744.793, 100
Trd, 4318745.143, 89
Trd, 4318745.243, 74
Trd, 4318745.793, 85
Trd, 4318746.193, 112
Trd, 4318746.293, 106
Trd, 4318746.843, 133
Trd, 4318747.043, 93
Trd, 4318747.593, 85
Trd, 4318747.893, 74
Trd, 4318748.393, 84
Trd, 4318748.893, 60
Trd, 4318750.043, 60
Trd, 4318751.993, 83
Trd, 4318752.843, 135
Trd, 4318753.393, 120
Trd, 4318753.743, 119
Trd, 4318754.043, 113
Trd, 4318754.643, 111
Trd, 4318754.843, 109
Trd, 4318755.893, 136
Trd, 4318756.743, 125
Trd, 4318757.243, 120
Trd, 4318757.543, 112
Trd, 4318758.793, 99
Trd, 4318759.843, 94
Trd, 4318759.893, 91
Trd, 4318760.443, 71
Trd, 4318761.243, 73
Trd, 4318762.043, 61
Trd, 4318762.643, 62
Trd, 4318763.793, 62
Trd, 4318764.043, 62
Trd, 4318764.293, 62
Trd, 4318766.143, 61
Trd, 4318766.393, 66
Trd, 4318766.593, 74
Trd, 4318768.043, 62
Trd, 4318769.043, 60
Trd, 4318770.093, 114
Trd, 4318770.293, 97
Trd, 4318771.093, 109
Trd, 4318772.393, 103
Trd, 4318772.593, 92
Trd, 4318772.643, 82
Trd, 4318772.743, 95
Trd, 4318773.643, 105
Trd, 4318773.743, 74
Trd, 4318774.843, 79
Trd, 4318776.343, 60
Trd, 4318777.993, 62
Trd, 4318778.093, 66
Trd, 4318778.143, 66
Trd, 4318779.243, 60
Trd, 4318779.293, 83
Trd, 4318780.693, 61
Trd, 4318781.093, 60
Trd, 4318781.493, 68
Trd, 4318783.743, 86
Trd, 4318784.243, 82
Trd, 4318784.593, 92
Trd, 4318785.093, 80
Trd, 4318785.693, 90
Trd, 4318785.893, 67
Trd, 4318787.043, 95
Trd, 4318787.943, 96
Trd, 4318788.143, 91
Trd, 4318789.243, 60
Trd, 4318790.643, 64
Trd, 4318791.093, 84
Trd, 4318791.643, 82
Trd, 4318791.793, 76
Trd, 4318792.343, 67
Trd, 4318792.443, 100
Trd, 4318792.993, 104
Trd, 4318793.343, 118
Trd, 4318793.793, 99
Trd, 4318794.343, 135
Trd, 4318794.693, 124
Trd, 4318794.993, 110
Trd, 4318795.743, 80
Trd, 4318796.943, 122
Trd, 4318797.793, 110
Trd, 4318798.393, 84
Trd, 4318799.693, 61
Trd, 4318799.993, 64
Trd, 4318800.343, 67
Trd, 4318800.893, 77
Trd, 4318802.843, 60
Trd, 4318803.043, 61
Trd, 4318803.593, 60
Trd, 4318803.843, 62
Trd, 4318805.393, 60
Trd, 4318805.743, 61
Trd, 4318806.743, 67
Trd, 4318807.593, 61
Trd, 4318808.143, 73
Trd, 4318809.243, 60
Trd, 4318810.093, 64
Trd, 4318811.043, 70
Trd, 4318811.543, 61
Trd, 4318812.693, 62
Trd, 4318813.993, 63
Trd, 4318814.593, 60
Trd, 4318814.893, 66
Trd, 4318815.593, 77
Trd, 4318815.893, 73
Trd, 4318816.693, 60
Trd, 4318816.943, 120
Trd, 4318817.543, 96
Trd, 4318817.943, 95
Trd, 4318819.243, 121
Trd, 4318819.993, 108
Trd, 4318820.793, 125
Trd, 4318821.543, 110
Trd, 4318822.543, 109
Trd, 4318822.643, 125
Trd, 4318822.843, 105
Trd, 4318822.993, 101
Trd, 4318823.743, 106
Trd, 4318825.143, 111
Trd, 4318825.593, 109
Trd, 4318826.243, 118
Trd, 4318826.793, 120
Trd, 4318827.143, 114
Trd, 4318827.343, 107
Trd, 4318828.343, 126
Trd, 4318829.493, 79
Trd, 4318829.693, 68
Trd, 4318830.043, 63
Trd, 4318830.293, 75
Trd, 4318830.743, 81
Trd, 4318831.343, 69
Trd, 4318832.543, 65
Trd, 4318834.943, 65
Trd, 4318835.043, 70
Trd, 4318835.093, 74
Trd, 4318835.143, 64
Trd, 4318835.293, 79
Trd, 4318836.343, 86
Trd, 4318837.143, 75
Trd, 4318837.343, 77
Trd, 4318837.643, 120
Trd, 4318837.993, 61
Trd, 4318838.593, 63
Trd, 4318839.743, 70
Trd, 4318840.993, 62
Trd, 4318842.093, 62
Trd, 4318842.143, 63
Trd, 4318842.793, 88
Trd, 4318843.493, 83
Trd, 4318843.693, 70
Trd, 4318844.743, 111
Trd, 4318845.643, 113
Trd, 4318845.793, 109
Trd, 4318846.393, 107
Trd, 4318846.793, 97
Trd, 4318847.143, 89
Trd, 4318848.493, 111
Trd, 4318848.793, 119
Trd, 4318849.543, 109
Trd, 4318850.393, 125
Trd, 4318850.943, 115
Trd, 4318851.993, 112
Trd, 4318852.293, 110
Trd, 4318853.343, 98
Trd, 4318853.843, 93
Trd, 4318853.893, 90
Trd, 4318855.493, 110
Trd, 4318856.093, 97
Trd, 4318856.743, 111
Trd, 4318857.343, 137
Trd, 4318857.443, 120
Trd, 4318858.343, 60
Trd, 4318858.643, 70
Trd, 4318860.093, 69
Trd, 4318860.793, 94
Trd, 4318861.993, 131
Trd, 4318862.043, 129
Trd, 4318862.293, 117
Trd, 4318862.593, 77
Trd, 4318862.993, 130
Trd, 4318863.393, 96
Trd, 4318863.943, 90
Trd, 4318864.093, 69
Trd, 4318864.843, 82
Trd, 4318865.243, 66
Trd, 4318866.843, 75
Trd, 4318867.943, 67
Trd, 4318868.593, 68
Trd, 4318869.393, 105
Trd, 4318869.543, 104
Trd, 4318870.193, 88
Trd, 4318870.843, 84
Trd, 4318871.243, 98
Trd, 4318872.793, 116
Trd, 4318873.493, 120
Trd, 4318874.293, 134
Trd, 4318874.943, 120
Trd, 4318875.093, 111
Trd, 4318876.043, 101
Trd, 4318876.093, 79
Trd, 4318876.693, 60
Trd, 4318877.843, 79
Trd, 4318878.493, 65
Trd, 4318880.993, 60
Trd, 4318881.293, 61
Trd, 4318882.093, 64
Trd, 4318883.343, 62
Trd, 4318883.493, 69
Trd, 4318883.993, 68
Trd, 4318884.043, 98
Trd, 4318884.293, 127
Trd, 4318885.043, 100
Trd, 4318886.143, 64
Trd, 4318886.893, 69
Trd, 4318887.243, 106
Trd, 4318887.943, 98
Trd, 4318888.593, 65
Trd, 4318888.793, 60
Trd, 4318890.893, 61
Trd, 4318891.143, 65
Trd, 4318891.243, 67
Trd, 4318891.293, 93
Trd, 4318892.143, 69
Trd, 4318892.793, 97
Trd, 4318893.143, 64
Trd, 4318894.343, 82
Trd, 4318894.393, 76
Trd, 4318894.993, 85
Trd, 4318895.493, 74
Trd, 4318897.243, 61
Trd, 4318897.593, 93
Trd, 4318898.543, 92
Trd, 4318899.193, 81
Trd, 4318900.043, 93
Trd, 4318900.493, 135
Trd, 4318901.193, 106
Trd, 4318902.693, 68
Trd, 4318903.093, 63
Trd, 4318903.393, 82
Trd, 4318903.943, 64
Trd, 4318904.693, 61
Trd, 4318905.193, 61
Trd, 4318905.793, 62
Trd, 4318906.193, 119
Trd, 4318908.093, 119
Trd, 4318908.143, 120
Trd, 4318908.793, 89
Trd, 4318909.093, 103
Trd, 4318909.993, 73
Trd, 4318912.493, 105
Trd, 4318912.593, 99
Trd, 4318912.693, 95
Trd, 4318913.093, 68
Trd, 4318913.143, 66
Trd, 4318914.693, 99
Trd, 4318915.243, 125
Trd, 4318917.093, 73
Trd, 4318917.393, 75
Trd, 4318917.543, 72
Trd, 4318919.293, 135
Trd, 4318919.443, 133
Trd, 4318919.893, 78
Trd, 4318920.493, 101
Trd, 4318920.593, 68
Trd, 4318921.743, 68
Trd, 4318922.143, 78
Trd, 4318924.093, 66
Trd, 4318924.193, 64
Trd, 4318924.393, 63
Trd, 4318925.743, 97
Trd, 4318926.043, 98
Trd, 4318926.093, 97
Trd, 4318927.193, 101
Trd, 4318927.943, 86
Trd, 4318928.993, 78
Trd, 4318929.243, 78
Trd, 4318929.293, 86
Trd, 4318929.543, 76
Trd, 4318930.743, 124
Trd, 4318931.143, 107
Trd, 4318931.393, 125
Trd, 4318931.843, 128
Trd, 4318932.193, 92
Trd, 4318934.443, 62
Trd, 4318934.543, 62
Trd, 4318934.943, 106
Trd, 4318935.593, 100
Trd, 4318936.743, 96
Trd, 4318937.393, 96
Trd, 4318937.693, 95
Trd, 4318938.393, 81
Trd, 4318939.393, 99
Trd, 4318939.593, 94
Trd, 4318940.893, 110
Trd, 4318941.293, 101
Trd, 4318941.943, 80
Trd, 4318942.593, 74
Trd, 4318942.943, 101
Trd, 4318944.443, 85
Trd, 4318944.693, 83
Trd, 4318945.393, 107
Trd, 4318946.443, 123
Trd, 4318946.793, 121
Trd, 4318947.393, 132
Trd, 4318947.643, 82
Trd, 4318948.143, 101
Trd, 4318948.743, 107
Trd, 4318948.943, 97
Trd, 4318949.893, 89
Trd, 4318951.243, 119
Trd, 4318951.343, 118
Trd, 4318952.193, 92
Trd, 4318953.693, 91
Trd, 4318954.193, 81
Trd, 4318954.243, 99
Trd, 4318955.493, 90
Trd, 4318955.543, 81
Trd, 4318955.793, 80
Trd, 4318956.343, 136
Trd, 4318958.343, 140
Trd, 4318958.543, 116
Trd, 4318958.843, 67
Trd, 4318960.693, 95
Trd, 4318960.793, 91
Trd, 4318961.143, 139
Trd, 4318961.393, 67
Trd, 4318963.443, 60
Trd, 4318963.743, 63
Trd, 4318964.693, 90
Trd, 4318966.893, 97
Trd, 4318967.043, 84
Trd, 4318967.643, 81
Trd, 4318967.993, 75
Trd, 4318968.193, 72
Trd, 4318969.493, 94
Trd, 4318969.693, 92
Trd, 4318969.743, 83
Trd, 4318970.693, 90
Trd, 4318970.993, 104
Trd, 4318971.393, 103
Trd, 4318971.943, 120
Trd, 4318973.093, 138
Trd, 4318973.143, 122
Trd, 4318973.793, 88
Trd, 4318974.393, 106
Trd, 4318974.593, 105
Trd, 4318974.943, 118
Trd, 4318976.343, 60
Trd, 4318977.093, 77
Trd, 4318978.193, 121
Trd, 4318978.443, 79
Trd, 4318979.293, 76
Trd, 4318979.543, 110
Trd, 4318980.743, 77
Trd, 4318981.243, 92
Trd, 4318982.393, 96
Trd, 4318982.543, 83
Trd, 4318982.843, 96
Trd, 4318983.093, 61
Trd, 4318983.643, 89
Trd, 4318984.543, 103
Trd, 4318984.843, 68
Trd, 4318985.843, 133
Trd, 4318986.843, 62
Trd, 4318987.743, 107
Trd, 4318988.143, 105
Trd, 4318988.343, 93
Trd, 4318988.843, 65
Trd, 4318989.443, 138
Trd, 4318989.893, 64
Trd, 4318990.743, 62
Trd, 4318991.043, 61
Trd, 4318992.943, 71
Trd, 4318993.593, 60
Trd, 4318994.043, 63
Trd, 4318994.143, 63
Trd, 4318994.243, 61
Trd, 4318994.743, 75
Trd, 4318995.893, 107
Trd, 4318996.693, 101
Trd, 4318996.993, 122
Trd, 4318997.243, 88
Trd, 4318998.743, 123
Trd, 4318999.493, 116
Trd, 4318999.993, 124
Trd, 4319000.793, 122
Trd, 4319001.793, 103
Trd, 4319002.343, 106
Trd, 4319003.293, 132
Trd, 4319004.493, 118
Trd, 4319004.643, 123
Trd, 4319004.693, 96
Trd, 4319005.093, 119
Trd, 4319005.743, 123
Trd, 4319005.993, 118
Trd, 4319007.043, 107
Trd, 4319007.993, 85
Trd, 4319008.393, 60
Trd, 4319008.843, 97
Trd, 4319009.093, 126
Trd, 4319009.893, 60
Trd, 4319010.943, 108
Trd, 4319011.843, 106
Trd, 4319011.943, 102
Trd, 4319012.493, 129
Trd, 4319013.593, 127
Trd, 4319014.843, 123
Trd, 4319015.493, 109
Trd, 4319016.143, 108
Trd, 4319016.593, 100
Trd, 4319017.393, 78
Trd, 4319017.593, 74
Trd, 4319017.943, 70
Trd, 4319018.143, 70
Trd, 4319018.493, 68
Trd, 4319019.643, 92
Trd, 4319020.193, 88
Trd, 4319021.193, 73
Trd, 4319021.443, 74
Trd, 4319021.643, 64
Trd, 4319022.393, 68
Trd, 4319023.443, 98
Trd, 4319024.043, 109
Trd, 4319024.793, 120
Trd, 4319025.143, 120
Trd, 4319025.793, 122
Trd, 4319025.893, 114
Trd, 4319026.093, 124
Trd, 4319026.293, 122
Trd, 4319028.543, 83
Trd, 4319029.493, 94
Trd, 4319030.093, 136
Trd, 4319030.143, 121
Trd, 4319030.843, 115
Trd, 4319030.993, 89
Trd, 4319032.093, 110
Trd, 4319033.543, 84
Trd, 4319034.793, 65
Trd, 4319035.393, 60
Trd, 4319036.343, 111
Trd, 4319037.093, 68
Trd, 4319037.143, 64
Trd, 4319037.293, 60
Trd, 4319037.343, 72
Trd, 4319039.293, 104
Trd, 4319039.543, 80
Trd, 4319040.293, 71
Trd, 4319040.993, 98
Trd, 4319041.393, 75
Trd, 4319041.693, 70
Trd, 4319042.243, 65
Trd, 4319042.293, 128
Trd, 4319042.593, 102
Trd, 4319043.293, 85
Trd, 4319044.093, 63
Trd, 4319045.493, 79
Trd, 4319045.943, 67
Trd, 4319045.993, 74
Trd, 4319046.893, 79
Trd, 4319047.343, 84
Trd, 4319050.393, 119
Trd, 4319050.643, 111
Trd, 4319050.943, 103
Trd, 4319051.143, 120
Trd, 4319051.593, 102
Trd, 4319051.843, 96
Trd, 4319051.993, 75
Trd, 4319052.343, 97
Trd, 4319054.343, 104
Trd, 4319054.993, 118
Trd, 4319055.143, 76
Trd, 4319055.243, 80
Trd, 4319055.693, 77
Trd, 4319056.143, 75
Trd, 4319056.343, 71
Trd, 4319058.493, 60
Trd, 4319058.543, 69
Trd, 4319059.093, 60
Trd, 4319060.543, 66
Trd, 4319060.943, 82
Trd, 4319060.993, 64
Trd, 4319061.993, 126
Trd, 4319062.743, 125
Trd, 4319062.893, 110
Trd, 4319063.443, 90
Trd, 4319063.693, 84
Trd, 4319064.293, 99
Trd, 4319064.493, 98
Trd, 4319065.893, 61
Trd, 4319066.243, 137
Trd, 4319066.843, 138
Trd, 4319067.043, 128
Trd, 4319067.893, 109
Trd, 4319068.493, 86
Trd, 4319069.643, 129
Trd, 4319069.893, 94
Trd, 4319069.943, 80
Trd, 4319070.993, 98
Trd, 4319071.443, 120
Trd, 4319071.743, 130
Trd, 4319072.743, 136
Trd, 4319074.743, 134
Trd, 4319075.193, 123
Trd, 4319075.293, 114
Trd, 4319075.393, 106
Trd, 4319076.793, 138
Trd, 4319076.893, 136
Trd, 4319077.793, 102
Trd, 4319077.943, 108
Trd, 4319079.643, 137
Trd, 4319080.643, 119
Trd, 4319081.243, 121
Trd, 4319081.743, 97
Trd, 4319081.943, 97
Trd, 4319083.043, 109
Trd, 4319083.243, 109
Trd, 4319084.043, 107
Trd, 4319084.593, 140
Trd, 4319085.293, 121
Trd, 4319085.493, 86
Trd, 4319086.593, 85
Trd, 4319086.793, 131
Trd, 4319087.193, 131
Trd, 4319088.093, 139
Trd, 4319088.893, 131
Trd, 4319088.943, 122
Trd, 4319089.593, 70
Trd, 4319090.393, 71
Trd, 4319091.543, 123
Trd, 4319092.493, 126
Trd, 4319092.593, 117
Trd, 4319093.293, 81
Trd, 4319094.293, 65
Trd, 4319094.843, 62
Trd, 4319095.243, 71
Trd, 4319096.643, 60
Trd, 4319096.893, 65
Trd, 4319097.443, 89
Trd, 4319098.593, 124
Trd, 4319098.643, 111
Trd, 4319098.993, 107
Trd, 4319099.643, 60
Trd, 4319101.893, 61
Trd, 4319102.243, 60
Trd, 4319102.493, 68
Trd, 4319103.193, 99
Trd, 4319103.943, 123
Trd, 4319104.343, 125
Trd, 4319105.193, 126
Trd, 4319106.043, 124
Trd, 4319106.243, 117
Trd, 4319106.343, 93
Trd, 4319107.193, 98
Trd, 4319107.543, 65
Trd, 4319108.593, 126
Trd, 4319109.143, 103
Trd, 4319110.143, 102
Trd, 4319110.193, 99
Trd, 4319110.443, 97
Trd, 4319110.543, 88
Trd, 4319111.143, 101
Trd, 4319112.293, 122
Trd, 4319112.693, 72
Trd, 4319113.243, 87
Trd, 4319113.443, 100
Trd, 4319114.543, 99
Trd, 4319114.643, 82
Trd, 4319115.343, 60
Trd, 4319115.793, 101
Trd, 4319116.993, 100
Trd, 4319117.493, 97
Trd, 4319118.093, 107
Trd, 4319118.193, 132
Trd, 4319118.293, 96
Trd, 4319119.193, 69
Trd, 4319119.493, 121
Trd, 4319120.393, 71
Trd, 4319122.193, 78
Trd, 4319122.443, 108
Trd, 4319123.293, 71
Trd, 4319123.743, 93
Trd, 4319124.693, 136
Trd, 4319125.293, 126
Trd, 4319125.893, 130
Trd, 4319126.043, 124
Trd, 4319126.493, 116
Trd, 4319127.143, 90
Trd, 4319127.893, 77
Trd, 4319128.493, 110
Trd, 4319128.543, 83
Trd, 4319129.343, 65
Trd, 4319129.843, 61
Trd, 4319130.143, 62
Trd, 4319131.993, 107
Trd, 4319132.693, 71
Trd, 4319132.993, 75
Trd, 4319133.993, 61
Trd, 4319134.993, 60
Trd, 4319135.093, 64
Trd, 4319135.393, 62
Trd, 4319136.993, 81
Trd, 4319137.943, 71
Trd, 4319138.093, 71
Trd, 4319138.343, 101
Trd, 4319138.493, 69
Trd, 4319139.443, 90
Trd, 4319139.543, 77
Trd, 4319140.593, 72
Trd, 4319141.993, 69
Trd, 4319142.293, 65
Trd, 4319143.093, 95
Trd, 4319143.293, 88
Trd, 4319144.243, 69
Trd, 4319145.643, 109
Trd, 4319146.193, 102
Trd, 4319146.393, 82
Trd, 4319146.493, 63
Trd, 4319147.243, 92
Trd, 4319149.143, 75
Trd, 4319150.893, 60
Trd, 4319151.843, 67
Trd, 4319152.693, 98
Trd, 4319153.493, 70
Trd, 4319153.943, 73
Trd, 4319154.693, 97
Trd, 4319154.793, 97
Trd, 4319155.893, 122
Trd, 4319156.243, 110
Trd, 4319157.493, 60
Trd, 4319158.093, 64
Trd, 4319158.393, 68
Trd, 4319158.693, 69
Trd, 4319158.743, 63
Trd, 4319159.443, 96
Trd, 4319159.793, 125
Trd, 4319160.093, 124
Trd, 4319161.343, 85
Trd, 4319162.143, 138
Trd, 4319162.393, 98
Trd, 4319163.593, 92
Trd, 4319164.093, 91
Trd, 4319164.493, 87
Trd, 4319165.493, 66
Trd, 4319166.743, 62
Trd, 4319167.393, 75
Trd, 4319167.893, 73
Trd, 4319168.843, 66
Trd, 4319169.093, 62
Trd, 4319170.493, 107
Trd, 4319171.193, 103
Trd, 4319171.343, 124
Trd, 4319172.193, 127
Trd, 4319172.243, 96
Trd, 4319172.443, 129
Trd, 4319173.443, 102
Trd, 4319174.943, 120
Trd, 4319175.293, 137
Trd, 4319176.243, 64
Trd, 4319176.493, 67
Trd, 4319176.993, 89
Trd, 4319177.093, 84
Trd, 4319178.043, 94
Trd, 4319179.243, 127
Trd, 4319179.343, 106
Trd, 4319180.593, 62
Trd, 4319180.993, 62
Trd, 4319181.443, 71
Trd, 4319182.293, 60
Trd, 4319184.043, 60
Trd, 4319184.343, 75
Trd, 4319184.793, 66
Trd, 4319185.543, 65
Trd, 4319186.593, 87
Trd, 4319187.543, 88
Trd, 4319187.993, 88
Trd, 4319188.543, 85
Trd, 4319188.593, 82
Trd, 4319189.393, 100
Trd, 4319190.593, 125
Trd, 4319190.743, 115
Trd, 4319191.043, 79
Trd, 4319191.493, 61
Trd, 4319192.343, 118
Trd, 4319192.693, 118
Trd, 4319193.443, 135
Trd, 4319193.693, 106
Trd, 4319194.843, 86
Trd, 4319196.893, 107
Trd, 4319197.793, 115
Trd, 4319198.043, 107
Trd, 4319198.343, 103
Trd, 4319199.693, 104
Trd, 4319200.143, 97
Trd, 4319201.043, 87
Trd, 4319201.643, 140
Trd, 4319201.843, 86
Trd, 4319202.343, 63
Trd, 4319203.743, 105
Trd, 4319204.343, 99
Trd, 4319205.093, 118
Trd, 4319205.493, 103
Trd, 4319205.993, 71
Trd, 4319206.243, 66
Trd, 4319207.893, 68
Trd, 4319208.443, 93
Trd, 4319208.943, 78
Trd, 4319208.993, 85
Trd, 4319209.243, 78
Trd, 4319210.543, 90
Trd, 4319211.393, 60
Trd, 4319211.893, 76
Trd, 4319212.443, 111
Trd, 4319212.893, 62
Trd, 4319213.893, 65
Trd, 4319214.343, 63
Trd, 4319216.143, 118
Trd, 4319216.393, 107
Trd, 4319217.593, 108
Trd, 4319219.493, 107
Trd, 4319219.943, 107
Trd, 4319220.193, 105
Trd, 4319220.243, 99
Trd, 4319220.493, 93
Trd, 4319220.843, 88
Trd, 4319221.943, 126
Trd, 4319222.193, 105
Trd, 4319223.093, 125
Trd, 4319223.343, 115
Trd, 4319223.643, 65
Trd, 4319225.293, 109
Trd, 4319226.093, 92
Trd, 4319226.943, 69
Trd, 4319227.193, 60
Trd, 4319228.443, 61
Trd, 4319228.993, 62
Trd, 4319229.143, 63
Trd, 4319229.193, 66
Trd, 4319229.943, 60
Trd, 4319230.293, 63
Trd, 4319231.193, 64
Trd, 4319231.343, 63
Trd, 4319232.243, 74
Trd, 4319232.293, 120
Trd, 4319232.493, 62
Trd, 4319233.143, 89
Trd, 4319233.593, 65
Trd, 4319236.343, 139
Trd, 4319237.193, 122
Trd, 4319238.043, 103
Trd, 4319238.743, 121
Trd, 4319239.893, 106
Trd, 4319240.293, 102
Trd, 4319241.643, 105
Trd, 4319242.093, 118
Trd, 4319242.143, 102
Trd, 4319242.643, 107
Trd, 4319243.143, 131
Trd, 4319243.993, 96
Trd, 4319245.443, 105
Trd, 4319245.593, 98
Trd, 4319245.643, 84
Trd, 4319247.693, 117
Trd, 4319248.143, 136
Trd, 4319248.343, 112
Trd, 4319248.893, 104
Trd, 4319249.043, 70
Trd, 4319251.593, 103
Trd, 4319251.843, 88
Trd, 4319252.043, 90
Trd, 4319252.693, 78
Trd, 4319252.943, 77
Trd, 4319254.843, 72
Trd, 4319254.943, 75
Trd, 4319254.993, 86
Trd, 4319255.043, 70
Trd, 4319255.493, 117
Trd, 4319255.543, 67
Trd, 4319255.943, 65
Trd, 4319258.593, 97
Trd, 4319258.693, 78
Trd, 4319259.493, 133
Trd, 4319259.743, 97
Trd, 4319260.043, 75
Trd, 4319260.093, 75
Trd, 4319260.743, 76
Trd, 4319261.043, 62
Trd, 4319261.793, 82
Trd, 4319263.593, 60
Trd, 4319264.293, 62
Trd, 4319264.543, 67
Trd, 4319265.093, 60
Trd, 4319265.943, 129
Trd, 4319267.093, 128
Trd, 4319267.393, 126
Trd, 4319269.743, 60
Trd, 4319269.793, 89
Trd, 4319270.843, 61
Trd, 4319271.343, 131
Trd, 4319271.593, 75
Trd, 4319271.893, 67
Trd, 4319272.793, 60
Trd, 4319273.443, 69
Trd, 4319274.793, 84
Trd, 4319274.943, 104
Trd, 4319275.543, 137
Trd, 4319278.393, 60
Trd, 4319278.893, 69
Trd, 4319279.843, 62
Trd, 4319280.343, 65
Trd, 4319281.143, 60
Trd, 4319282.443, 95
Trd, 4319282.893, 94
Trd, 4319283.543, 98
Trd, 4319284.193, 90
Trd, 4319284.393, 99
Trd, 4319284.693, 91
Trd, 4319284.993, 99
Trd, 4319285.593, 85
Trd, 4319286.543, 138
Trd, 4319287.193, 115
Trd, 4319287.443, 112
Trd, 4319287.643, 77
Trd, 4319288.743, 63
Trd, 4319289.193, 65
Trd, 4319289.543, 60
Trd, 4319290.093, 122
Trd, 4319290.743, 120
Trd, 4319290.943, 123
Trd, 4319291.393, 104
Trd, 4319291.443, 101
Trd, 4319291.593, 102
Trd, 4319292.493, 104
Trd, 4319293.693, 60
Trd, 4319294.793, 60
Trd, 4319294.843, 62
Trd, 4319295.393, 90
Trd, 4319295.943, 60
Trd, 4319296.193, 62
Trd, 4319296.993, 61
Trd, 4319298.193, 100
Trd, 4319298.443, 82
Trd, 4319298.843, 70
Trd, 4319299.793, 72
Trd, 4319299.943, 69
Trd, 4319300.393, 97
Trd, 4319301.093, 83
Trd, 4319301.143, 81
Trd, 4319302.443, 88
Trd, 4319303.343, 69
Trd, 4319303.443, 74
Trd, 4319304.043, 67
Trd, 4319304.343, 72
Trd, 4319304.393, 85
Trd, 4319305.493, 103
Trd, 4319306.393, 101
Trd, 4319307.343, 121
Trd, 4319307.793, 120
Trd, 4319308.243, 102
Trd, 4319309.493, 107
Trd, 4319310.193, 103
Trd, 4319310.643, 119
Trd, 4319311.543, 128
Trd, 4319311.593, 101
Trd, 4319312.993, 98
Trd, 4319313.143, 95
Trd, 4319313.543, 108
Trd, 4319315.193, 110
Trd, 4319315.743, 104
Trd, 4319316.993, 126
Trd, 4319317.243, 118
Trd, 4319317.843, 124
Trd, 4319318.143, 122
Trd, 4319318.193, 112
Trd, 4319318.493, 120
Trd, 4319319.493, 105
Trd, 4319320.493, 91
Trd, 4319321.143, 121
Trd, 4319321.593, 115
Trd, 4319322.143, 105
Trd, 4319323.993, 81
Trd, 4319324.243, 74
Trd, 4319324.593, 114
Trd, 4319325.143, 132
Trd, 4319326.643, 84
Trd, 4319326.993, 62
Trd, 4319327.593, 129
Trd, 4319329.193, 122
Trd, 4319329.443, 118
Trd, 4319330.293, 90
Trd, 4319331.993, 63
Trd, 4319332.643, 85
Trd, 4319332.743, 61
Trd, 4319332.993, 69
Trd, 4319333.143, 68
Trd, 4319333.843, 60
Trd, 4319334.293, 60
Trd, 4319334.943, 61
Trd, 4319337.443, 67
Trd, 4319338.093, 70
Trd, 4319338.143, 78
Trd, 4319338.893, 67
Trd, 4319339.443, 73
Trd, 4319340.043, 65
Trd, 4319340.443, 76
Trd, 4319341.043, 69
Trd, 4319342.593, 73
Trd, 4319342.643, 70
Trd, 4319342.993, 64
Trd, 4319343.143, 74
Trd, 4319344.543, 87
Trd, 4319344.843, 64
Trd, 4319346.693, 88
Trd, 4319347.193, 86
Trd, 4319347.943, 118
Trd, 4319348.343, 135
Trd, 4319348.843, 131
Trd, 4319348.893, 128
Trd, 4319350.343, 127
Trd, 4319351.243, 72
Trd, 4319351.493, 99
Trd, 4319352.143, 62
Trd, 4319352.943, 110
Trd, 4319352.993, 73
Trd, 4319353.043, 140
Trd, 4319354.243, 83
Trd, 4319355.143, 68
Trd, 4319355.393, 71
Trd, 4319356.793, 60
Trd, 4319357.143, 69
Trd, 4319357.393, 80
Trd, 4319357.493, 86
Trd, 4319358.843, 118
Trd, 4319359.143, 93
Trd, 4319360.893, 112
Trd, 4319361.543, 92
Trd, 4319362.143, 114
Trd, 4319362.793, 91
Trd, 4319362.843, 84
Trd, 4319363.143, 84
Trd, 4319363.843, 70
Trd, 4319363.993, 60
Trd, 4319364.343, 63
Trd, 4319364.993, 64
Trd, 4319365.743, 99
Trd, 4319366.193, 61
Trd, 4319368.943, 97
Trd, 4319369.093, 92
Trd, 4319369.143, 92
Trd, 4319370.193, 140
Trd, 4319370.293, 132
Trd, 4319370.543, 130
Trd, 4319371.443, 99
Trd, 4319371.743, 104
Trd, 4319372.143, 98
Trd, 4319372.793, 107
Trd, 4319375.593, 132
Trd, 4319376.343, 92
Trd, 4319376.443, 95
Trd, 4319376.493, 69
Trd, 4319376.693, 70
Trd, 4319377.543, 64
Trd, 4319378.543, 62
Trd, 4319379.243, 72
Trd, 4319379.743, 98
Trd, 4319380.043, 60
Trd, 4319380.593, 92
Trd, 4319380.643, 73
Trd, 4319380.743, 72
Trd, 4319381.543, 64
Trd, 4319383.043, 64
Trd, 4319383.443, 131
Trd, 4319384.043, 71
Trd, 4319385.043, 136
Trd, 4319385.143, 131
Trd, 4319385.493, 125
Trd, 4319386.793, 129
Trd, 4319387.243, 119
Trd, 4319387.593, 104
Trd, 4319387.843, 92
Trd, 4319389.093, 128
Trd, 4319390.693, 97
Trd, 4319390.743, 116
Trd, 4319391.693, 63
Trd, 4319392.343, 129
Trd, 4319392.993, 108
Trd, 4319393.093, 91
Trd, 4319393.493, 98
Trd, 4319394.043, 99
Trd, 4319394.193, 76
Trd, 4319396.343, 60
Trd, 4319397.043, 63
Trd, 4319397.943, 77
Trd, 4319398.243, 79
Trd, 4319398.843, 77
Trd, 4319399.543, 77
Trd, 4319399.793, 123
Trd, 4319400.993, 79
Trd, 4319401.093, 69
Trd, 4319401.593, 68
Trd, 4319402.243, 124
Trd, 4319403.043, 119
Trd, 4319404.393, 88
Trd, 4319405.543, 125
Trd, 4319405.793, 119
Trd, 4319406.193, 126
Trd, 4319406.543, 118
Trd, 4319406.593, 104
Trd, 4319407.143, 116
Trd, 4319408.193, 103
Trd, 4319408.793, 107
Trd, 4319409.893, 127
Trd, 4319410.143, 93
Trd, 4319411.193, 109
Trd, 4319411.743, 115
Trd, 4319412.393, 107
Trd, 4319412.493, 103
Trd, 4319413.043, 120
Trd, 4319413.943, 125
Trd, 4319414.143, 115
Trd, 4319414.843, 114
Trd, 4319416.693, 106
Trd, 4319416.993, 98
Trd, 4319417.143, 97
Trd, 4319418.193, 120
Trd, 4319418.243, 113
Trd, 4319418.793, 85
Trd, 4319419.293, 122
Trd, 4319421.193, 60
Trd, 4319421.593, 62
Trd, 4319422.393, 64
Trd, 4319422.443, 69
Trd, 4319423.443, 69
Trd, 4319425.793, 61
Trd, 4319426.043, 64
Trd, 4319426.443, 65
Trd, 4319427.393, 64
Trd, 4319427.593, 86
Trd, 4319429.143, 110
Trd, 4319429.393, 135
Trd, 4319429.443, 102
Trd, 4319429.743, 101
Trd, 4319430.293, 128
Trd, 4319430.393, 86
Trd, 4319430.943, 66
Trd, 4319432.893, 66
Trd, 4319433.393, 82
Trd, 4319433.893, 91
Trd, 4319434.293, 131
Trd, 4319435.293, 111
Trd, 4319435.443, 115
Trd, 4319436.243, 63
Trd, 4319437.193, 106
Trd, 4319438.293, 62
Trd, 4319440.143, 70
Trd, 4319440.393, 64
Trd, 4319441.043, 61
Trd, 4319442.043, 90
Trd, 4319442.093, 82
Trd, 4319442.743, 97
Trd, 4319443.393, 80
Trd, 4319443.593, 83
Trd, 4319443.843, 73
Trd, 4319445.093, 107
Trd, 4319445.593, 60
Trd, 4319447.443, 61
Trd, 4319448.193, 64
Trd, 4319448.293, 64
Trd, 4319448.593, 60
Trd, 4319449.643, 64
Trd, 4319449.693, 64
Trd, 4319450.643, 67
Trd, 4319450.843, 92
Trd, 4319452.043, 99
Trd, 4319452.893, 120
Trd, 4319453.093, 119
Trd, 4319453.693, 108
Trd, 4319454.343, 100
Trd, 4319454.693, 76
Trd, 4319455.643, 69
Trd, 4319457.193, 124
Trd, 4319457.743, 120
Trd, 4319457.843, 112
Trd, 4319459.693, 60
Trd, 4319459.843, 61
Trd, 4319460.093, 95
Trd, 4319461.343, 124
Trd, 4319462.043, 118
Trd, 4319462.343, 117
Trd, 4319462.743, 81
Trd, 4319462.793, 72
Trd, 4319463.843, 61
Trd, 4319464.043, 64
Trd, 4319464.743, 68
Trd, 4319465.343, 106
Trd, 4319466.693, 61
Trd, 4319468.643, 60
Trd, 4319469.593, 65
Trd, 4319469.843, 67
Trd, 4319469.943, 70
Trd, 4319470.243, 60
Trd, 4319470.943, 123
Trd, 4319471.093, 121
Trd, 4319471.143, 106
Trd, 4319471.293, 93
Trd, 4319472.593, 109
Trd, 4319473.443, 122
Trd, 4319473.643, 126
Trd, 4319473.843, 93
Trd, 4319473.893, 91
Trd, 4319475.843, 108
Trd, 4319476.393, 81
Trd, 4319476.893, 91
Trd, 4319478.943, 138
Trd, 4319479.093, 136
Trd, 4319479.543, 136
Trd, 4319479.693, 131
Trd, 4319479.943, 116
Trd, 4319480.693, 115
Trd, 4319481.243, 113
Trd, 4319483.293, 95
Trd, 4319483.343, 91
Trd, 4319483.393, 87
Trd, 4319484.543, 126
Trd, 4319484.993, 115
Trd, 4319485.243, 122
Trd, 4319485.593, 97
Trd, 4319485.843, 87
Trd, 4319487.393, 60
Trd, 4319487.693, 67
Trd, 4319489.193, 69
Trd, 4319489.993, 100
Trd, 4319490.143, 99
Trd, 4319490.343, 95
Trd, 4319490.743, 94
Trd, 4319492.843, 67
Trd, 4319493.093, 68
Trd, 4319493.593, 73
Trd, 4319493.893, 105
Trd, 4319494.943, 62
Trd, 4319495.543, 68
Trd, 4319496.143, 121
Trd, 4319496.443, 112
Trd, 4319497.143, 110
Trd, 4319497.393, 99
Trd, 4319498.793, 109
Trd, 4319499.093, 92
Trd, 4319499.493, 90
Trd, 4319499.843, 97
Trd, 4319500.693, 65
Trd, 4319501.143, 74
Trd, 4319501.593, 62
Trd, 4319503.693, 78
Trd, 4319504.043, 67
Trd, 4319504.393, 68
Trd, 4319504.493, 63
Trd, 4319504.843, 72
Trd, 4319505.193, 63
Trd, 4319507.543, 107
Trd, 4319508.743, 104
Trd, 4319509.193, 88
Trd, 4319509.643, 87
Trd, 4319509.743, 81
Trd, 4319509.793, 72
Trd, 4319510.693, 103
Trd, 4319511.043, 100
Trd, 4319511.693, 96
Trd, 4319512.793, 140
Trd, 4319512.943, 109
Trd, 4319512.993, 73
Trd, 4319513.993, 60
Trd, 4319514.393, 113
Trd, 4319516.043, 60
Trd, 4319516.193, 62
Trd, 4319516.743, 96
Trd, 4319517.293, 70
Trd, 4319517.843, 76
Trd, 4319518.243, 71
Trd, 4319518.943, 63
Trd, 4319519.293, 60
Trd, 4319519.643, 72
Trd, 4319520.343, 134
Trd, 4319521.043, 132
Trd, 4319522.143, 129
Trd, 4319522.693, 139
Trd, 4319522.943, 64
Trd, 4319524.093, 113
Trd, 4319525.143, 92
Trd, 4319525.543, 60
Trd, 4319526.993, 68
Trd, 4319527.443, 71
Trd, 4319528.843, 64
Trd, 4319529.093, 63
Trd, 4319529.143, 64
Trd, 4319530.793, 60
Trd, 4319532.843, 64
Trd, 4319532.993, 65
Trd, 4319533.693, 66
Trd, 4319534.343, 126
Trd, 4319534.693, 114
Trd, 4319536.143, 66
Trd, 4319536.893, 67
Trd, 4319537.193, 60
Trd, 4319537.243, 87
Trd, 4319537.643, 123
Trd, 4319538.393, 63
Trd, 4319538.843, 60
Trd, 4319539.393, 60
Trd, 4319539.643, 71
Trd, 4319540.893, 81
Trd, 4319541.243, 98
Trd, 4319541.893, 91
Trd, 4319542.643, 86
Trd, 4319542.943, 119
Trd, 4319543.093, 79
Trd, 4319543.293, 109
Trd, 4319544.143, 68
Trd, 4319545.843, 64
Trd, 4319546.143, 79
Trd, 4319546.893, 62
Trd, 4319547.693, 110
Trd, 4319548.843, 113
Trd, 4319550.343, 109
Trd, 4319550.793, 107
Trd, 4319551.043, 109
Trd, 4319551.243, 108
Trd, 4319552.043, 93
Trd, 4319552.343, 90
Trd, 4319553.143, 80
Trd, 4319553.193, 77
Trd, 4319554.693, 78
Trd, 4319554.993, 97
Trd, 4319555.643, 95
Trd, 4319556.093, 82
Trd, 4319556.693, 110
Trd, 4319556.843, 128
Trd, 4319557.093, 70
Trd, 4319559.643, 60
Trd, 4319560.093, 79
Trd, 4319560.743, 60
Trd, 4319560.893, 66
Trd, 4319561.593, 64
Trd, 4319561.993, 110
Trd, 4319563.043, 130
Trd, 4319563.093, 120
Trd, 4319563.743, 112
Trd, 4319566.293, 69
Trd, 4319568.293, 63
Trd, 4319568.543, 62
Trd, 4319569.793, 61
Trd, 4319569.893, 63
Trd, 4319570.293, 71
Trd, 4319571.343, 60
Trd, 4319571.493, 99
Trd, 4319572.043, 61
Trd, 4319572.193, 102
Trd, 4319573.443, 71
Trd, 4319573.493, 76
Trd, 4319573.643, 109
Trd, 4319573.843, 114
Trd, 4319574.043, 94
Trd, 4319575.993, 85
Trd, 4319576.343, 85
Trd, 4319576.643, 79
Trd, 4319578.493, 64
Trd, 4319578.643, 60
Trd, 4319579.193, 70
Trd, 4319580.393, 65
Trd, 4319580.843, 118
Trd, 4319580.993, 117
Trd, 4319582.143, 95
Trd, 4319582.243, 77
Trd, 4319583.193, 73
Trd, 4319584.393, 66
Trd, 4319584.793, 71
Trd, 4319585.443, 80
Trd, 4319585.593, 87
Trd, 4319585.993, 87
Trd, 4319587.543, 60
Trd, 4319588.143, 61
Trd, 4319588.843, 60
Trd, 4319589.193, 78
Trd, 4319589.543, 75
Trd, 4319590.343, 91
Trd, 4319590.593, 81
Trd, 4319590.893, 81
Trd, 4319591.343, 89
Trd, 4319591.693, 124
Trd, 4319592.193, 73
Trd, 4319593.193, 62
Trd, 4319594.193, 71
Trd, 4319594.343, 66
Trd, 4319595.193, 94
Trd, 4319595.943, 121
Trd, 4319596.093, 119
Trd, 4319596.543, 127
Trd, 4319597.093, 101
Trd, 4319597.193, 97
Trd, 4319599.193, 123
Trd, 4319599.243, 117
Trd, 4319599.293, 74
Trd, 4319600.943, 63
Trd, 4319601.343, 75
Trd, 4319601.393, 77
Trd, 4319601.493, 64
Trd, 4319603.293, 68
Trd, 4319603.743, 71
Trd, 4319604.093, 62
Trd, 4319605.093, 73
Trd, 4319605.543, 84
Trd, 4319606.343, 60
Trd, 4319607.543, 65
Trd, 4319608.393, 62
Trd, 4319608.693, 63
Trd, 4319610.493, 65
Trd, 4319611.743, 60
Trd, 4319612.843, 61
Trd, 4319612.893, 65
Trd, 4319613.393, 69
Trd, 4319614.243, 128
Trd, 4319614.443, 106
Trd, 4319614.693, 135
Trd, 4319617.293, 60
Trd, 4319618.043, 74
Trd, 4319618.293, 81
Trd, 4319618.793, 133
Trd, 4319618.943, 71
Trd, 4319619.393, 67
Trd, 4319620.443, 107
Trd, 4319621.543, 109
Trd, 4319622.143, 115
Trd, 4319622.843, 101
Trd, 4319623.793, 89
Trd, 4319624.293, 86
Trd, 4319625.093, 135
Trd, 4319625.543, 128
Trd, 4319625.943, 104
Trd, 4319626.043, 105
Trd, 4319626.143, 103
Trd, 4319627.343, 76
Trd, 4319628.193, 98
Trd, 4319629.293, 64
Trd, 4319629.743, 68
Trd, 4319630.293, 60
Trd, 4319631.343, 64
Trd, 4319631.743, 90
Trd, 4319631.793, 69
Trd, 4319632.643, 68
Trd, 4319633.493, 88
Trd, 4319633.593, 69
Trd, 4319634.693, 118
Trd, 4319635.543, 72
Trd, 4319635.793, 78
Trd, 4319637.893, 61
Trd, 4319638.393, 63
Trd, 4319638.493, 68
Trd, 4319639.243, 73
Trd, 4319639.493, 71
Trd, 4319639.893, 69
Trd, 4319641.543, 66
Trd, 4319641.643, 126
Trd, 4319642.293, 95
Trd, 4319643.193, 94
Trd, 4319643.393, 96
Trd, 4319643.993, 111
Trd, 4319645.143, 131
Trd, 4319646.343, 123
Trd, 4319646.493, 121
Trd, 4319646.943, 114
Trd, 4319647.443, 114
Trd, 4319648.693, 107
Trd, 4319649.093, 109
Trd, 4319649.343, 108
Trd, 4319649.643, 100
Trd, 4319649.793, 103
Trd, 4319650.343, 97
Trd, 4319651.993, 98
Trd, 4319653.343, 124
Trd, 4319653.393, 114
Trd, 4319653.793, 79
Trd, 4319654.193, 65
Trd, 4319654.993, 65
Trd, 4319656.043, 61
Trd, 4319656.593, 72
Trd, 4319657.043, 104
Trd, 4319657.843, 104
Trd, 4319658.393, 86
Trd, 4319658.493, 96
Trd, 4319659.193, 89
Trd, 4319661.093, 62
Trd, 4319661.193, 67
Trd, 4319661.293, 73
Trd, 4319662.293, 76
Trd, 4319662.743, 109
Trd, 4319663.743, 60
Trd, 4319664.293, 60
Trd, 4319664.793, 64
Trd, 4319665.443, 66
Trd, 4319666.343, 60
Trd, 4319666.443, 64
Trd, 4319666.643, 72
Trd, 4319667.393, 85
Trd, 4319667.793, 65
Trd, 4319668.993, 129
Trd, 4319669.243, 103
Trd, 4319670.693, 75
Trd, 4319671.543, 69
Trd, 4319671.643, 66
Trd, 4319672.043, 85
Trd, 4319673.443, 75
Trd, 4319673.693, 62
Trd, 4319674.243, 114
Trd, 4319674.293, 73
Trd, 4319675.143, 103
Trd, 4319675.493, 78
Trd, 4319676.293, 110
Trd, 4319676.393, 89
Trd, 4319678.043, 110
Trd, 4319679.143, 119
Trd, 4319679.293, 83
Trd, 4319679.493, 78
Trd, 4319680.543, 116
Trd, 4319680.793, 103
Trd, 4319681.343, 96
Trd, 4319682.143, 97
Trd, 4319682.593, 79
Trd, 4319683.143, 106
Trd, 4319683.893, 77
Trd, 4319683.993, 82
Trd, 4319685.043, 86
Trd, 4319685.143, 74
Trd, 4319685.693, 120
Trd, 4319686.493, 66
Trd, 4319686.893, 71
Trd, 4319688.243, 125
Trd, 4319688.343, 108
Trd, 4319689.043, 110
Trd, 4319690.343, 109
Trd, 4319690.443, 103
Trd, 4319690.993, 126
Trd, 4319691.043, 100
Trd, 4319692.543, 131
Trd, 4319692.843, 90
Trd, 4319693.143, 119
Trd, 4319693.893, 62
Trd, 4319695.393, 61
Trd, 4319697.093, 61
Trd, 4319697.293, 61
Trd, 4319697.893, 68
Trd, 4319698.393, 62
Trd, 4319698.893, 78
Trd, 4319699.593, 74
Trd, 4319700.143, 66
Trd, 4319702.043, 64
Trd, 4319702.693, 108
Trd, 4319703.293, 83
Trd, 4319703.543, 99
Trd, 4319703.743, 83
Trd, 4319704.993, 126
Trd, 4319705.693, 118
Trd, 4319705.943, 139
Trd, 4319706.393, 117
Trd, 4319707.393, 104
Trd, 4319707.843, 87
Trd, 4319708.993, 74
Trd, 4319711.443, 60
Trd, 4319711.493, 60
Trd, 4319711.893, 60
Trd, 4319712.543, 80
Trd, 4319712.743, 86
Trd, 4319713.593, 60
Trd, 4319714.293, 62
Trd, 4319714.793, 67
Trd, 4319715.193, 69
Trd, 4319715.843, 76
Trd, 4319716.343, 94
Trd, 4319717.393, 116
Trd, 4319717.493, 89
Trd, 4319717.943, 80
Trd, 4319719.343, 96
Trd, 4319719.643, 95
Trd, 4319720.143, 92
Trd, 4319720.343, 98
Trd, 4319720.443, 96
Trd, 4319721.843, 69
Trd, 4319722.393, 78
Trd, 4319722.693, 137
Trd, 4319723.593, 61
Trd, 4319724.193, 69
Trd, 4319725.843, 91
Trd, 4319725.893, 91
Trd, 4319727.093, 89
Trd, 4319727.193, 85
Trd, 4319727.343, 94
Trd, 4319727.693, 98
Trd, 4319728.143, 82
Trd, 4319729.193, 75
Trd, 4319730.193, 60
Trd, 4319732.193, 62
Trd, 4319732.443, 65
Trd, 4319733.693, 60
Trd, 4319735.043, 60
Trd, 4319735.443, 61
Trd, 4319735.493, 105
Trd, 4319736.293, 95
Trd, 4319736.543, 102
Trd, 4319736.843, 92
Trd, 4319737.143, 71
Trd, 4319737.893, 87
Trd, 4319739.243, 92
Trd, 4319740.843, 123
Trd, 4319740.893, 94
Trd, 4319741.343, 78
Trd, 4319742.243, 67
Trd, 4319742.743, 69
Trd, 4319744.393, 81
Trd, 4319744.993, 68
Trd, 4319745.693, 78
Trd, 4319745.843, 73
Trd, 4319746.643, 131
Trd, 4319747.593, 136
Trd, 4319747.793, 134
Trd, 4319748.693, 97
Trd, 4319748.743, 75
Trd, 4319748.793, 71
Trd, 4319749.543, 89
Trd, 4319750.843, 80
Trd, 4319750.993, 132
Trd, 4319751.493, 64
Trd, 4319751.843, 60
Trd, 4319753.443, 136
Trd, 4319754.043, 112
Trd, 4319754.143, 120
Trd, 4319754.993, 109
Trd, 4319755.743, 100
Trd, 4319756.493, 129
Trd, 4319757.343, 103
Trd, 4319757.693, 92
Trd, 4319759.843, 90
Trd, 4319760.043, 83
Trd, 4319760.243, 116
Trd, 4319761.143, 103
Trd, 4319761.393, 113
Trd, 4319762.043, 102
Trd, 4319762.093, 86
Trd, 4319763.093, 77
Trd, 4319763.793, 106
Trd, 4319764.743, 106
Trd, 4319764.793, 103
Trd, 4319765.993, 124
Trd, 4319766.143, 122
Trd, 4319766.843, 131
Trd, 4319767.093, 103
Trd, 4319767.393, 93
Trd, 4319769.193, 81
Trd, 4319770.543, 116
Trd, 4319770.943, 110
Trd, 4319771.293, 92
Trd, 4319771.893, 133
Trd, 4319771.993, 86
Trd, 4319772.343, 125
Trd, 4319772.643, 98
Trd, 4319772.843, 104
Trd, 4319773.243, 83
Trd, 4319774.043, 61
Trd, 4319774.993, 63
Trd, 4319776.193, 113
Trd, 4319776.943, 120
Trd, 4319777.193, 104
Trd, 4319777.943, 112
Trd, 4319778.043, 111
Trd, 4319778.693, 103
Trd, 4319779.243, 119
Trd, 4319780.593, 116
Trd, 4319780.643, 103
Trd, 4319781.343, 93
Trd, 4319782.893, 131
Trd, 4319783.043, 116
Trd, 4319783.393, 91
Trd, 4319783.443, 82
Trd, 4319784.343, 126
Trd, 4319784.843, 93
Trd, 4319785.193, 68
Trd, 4319785.493, 117
Trd, 4319785.893, 72
Trd, 4319787.293, 70
Trd, 4319790.143, 124
Trd, 4319790.193, 114
Trd, 4319790.493, 137
Trd, 4319790.943, 138
Trd, 4319791.143, 105
Trd, 4319791.293, 89
Trd, 4319791.593, 88
Trd, 4319792.143, 70
Trd, 4319793.393, 93
Trd, 4319793.643, 83
Trd, 4319794.293, 81
Trd, 4319795.543, 71
Trd, 4319796.193, 67
Trd, 4319796.543, 71
Trd, 4319797.293, 96
Trd, 4319798.093, 104
Trd, 4319798.543, 108
Trd, 4319799.493, 106
Trd, 4319799.643, 101
Trd, 4319800.043, 85
Trd, 4319800.343, 73
Trd, 4319801.143, 74
Trd, 4319801.843, 74
Trd, 4319802.343, 89
Trd, 4319803.293, 106
Trd, 4319803.443, 89
Trd, 4319804.593, 62
Trd, 4319805.643, 66
Trd, 4319806.043, 62
Trd, 4319806.243, 132
Trd, 4319807.193, 85
Trd, 4319808.393, 100
Trd, 4319809.143, 94
Trd, 4319809.293, 88
Trd, 4319809.793, 83
Trd, 4319810.293, 81
Trd, 4319810.843, 106
Trd, 4319811.143, 116
Trd, 4319811.943, 60
Trd, 4319812.743, 61
Trd, 4319813.193, 118
Trd, 4319813.793, 113
Trd, 4319815.293, 84
Trd, 4319815.543, 82
Trd, 4319815.643, 89
Trd, 4319816.393, 126
Trd, 4319816.893, 62
Trd, 4319817.793, 63
Trd, 4319818.293, 63
Trd, 4319818.893, 63
Trd, 4319819.943, 97
Trd, 4319820.143, 96
Trd, 4319820.343, 76
Trd, 4319821.743, 65
Trd, 4319822.243, 95
Trd, 4319822.743, 85
Trd, 4319825.243, 66
Trd, 4319825.443, 60
Trd, 4319826.493, 65
Trd, 4319826.843, 60
Trd, 4319830.093, 60
Trd, 4319830.593, 60
Trd, 4319831.643, 67
Trd, 4319831.743, 63
Trd, 4319831.943, 75
Trd, 4319832.493, 62
Trd, 4319832.693, 87
Trd, 4319833.843, 64
Trd, 4319834.243, 65
Trd, 4319834.643, 63
Trd, 4319834.693, 74
Trd, 4319835.593, 111
Trd, 4319837.643, 65
Trd, 4319838.193, 61
Trd, 4319839.043, 72
Trd, 4319840.593, 115
Trd, 4319840.643, 88
Trd, 4319840.693, 70
Trd, 4319843.143, 63
Trd, 4319844.093, 62
Trd, 4319844.143, 74
Trd, 4319845.243, 77
Trd, 4319845.993, 66
Trd, 4319847.243, 106
Trd, 4319847.643, 110
Trd, 4319848.093, 97
Trd, 4319848.293, 92
Trd, 4319851.193, 133
Trd, 4319851.293, 131
Trd, 4319851.793, 120
Trd, 4319851.843, 99
Trd, 4319852.093, 84
Trd, 4319852.343, 81
Trd, 4319853.243, 129
Trd, 4319853.393, 113
Trd, 4319854.043, 72
Trd, 4319854.793, 70
Trd, 4319855.043, 79
Trd, 4319855.493, 83
Trd, 4319855.843, 65
Trd, 4319855.893, 66
Trd, 4319856.593, 113
Trd, 4319857.493, 116
Trd, 4319857.593, 84
Trd, 4319858.693, 60
Trd, 4319860.093, 64
Trd, 4319860.193, 67
Trd, 4319860.943, 125
Trd, 4319862.543, 107
Trd, 4319862.843, 102
Trd, 4319862.943, 98
Trd, 4319864.243, 108
Trd, 4319864.693, 116
Trd, 4319865.243, 100
Trd, 4319866.543, 92
Trd, 4319867.093, 128
Trd, 4319868.143, 126
Trd, 4319868.343, 96
Trd, 4319868.793, 95
Trd, 4319869.093, 96
Trd, 4319869.593, 65
Trd, 4319870.293, 108
Trd, 4319870.993, 65
Trd, 4319871.193, 60
Trd, 4319871.543, 65
Trd, 4319872.243, 95
Trd, 4319872.343, 65
Trd, 4319872.743, 96
Trd, 4319872.893, 67
Trd, 4319873.993, 125
Trd, 4319874.593, 111
Trd, 4319876.493, 123
Trd, 4319876.593, 122
Trd, 4319877.193, 113
Trd, 4319878.043, 111
Trd, 4319879.043, 69
Trd, 4319879.493, 62
Trd, 4319879.693, 91
Trd, 4319879.893, 69
Trd, 4319880.443, 67
Trd, 4319881.343, 62
Trd, 4319881.693, 136
Trd, 4319882.893, 119
Trd, 4319883.193, 110
Trd, 4319883.593, 98
Trd, 4319883.643, 88
Trd, 4319884.093, 113
Trd, 4319884.643, 78
Trd, 4319884.843, 123
Trd, 4319885.193, 64
Trd, 4319886.193, 110
Trd, 4319886.543, 79
Trd, 4319886.643, 79
Trd, 4319888.793, 112
Trd, 4319889.193, 106
Trd, 4319890.193, 82
Trd, 4319890.443, 65
Trd, 4319890.993, 97
Trd, 4319891.143, 68
Trd, 4319892.543, 137
Trd, 4319892.693, 135
Trd, 4319893.443, 127
Trd, 4319894.443, 106
Trd, 4319894.793, 93
Trd, 4319895.393, 112
Trd, 4319896.343, 94
Trd, 4319896.893, 86
Trd, 4319897.443, 86
Trd, 4319898.093, 62
Trd, 4319899.193, 119
Trd, 4319899.493, 74
Trd, 4319899.543, 73
Trd, 4319899.743, 135
Trd, 4319900.193, 135
Trd, 4319901.943, 73
Trd, 4319902.093, 119
Trd, 4319903.043, 97
Trd, 4319903.543, 60
Trd, 4319903.693, 63
Trd, 4319903.893, 70
Trd, 4319904.193, 118
Trd, 4319905.043, 116
Trd, 4319906.593, 110
Trd, 4319907.943, 95
Trd, 4319908.693, 110
Trd, 4319908.743, 95
Trd, 4319908.843, 87
Trd, 4319909.043, 83
Trd, 4319910.493, 60
Trd, 4319910.943, 72
Trd, 4319912.243, 71
Trd, 4319912.343, 72
Trd, 4319912.743, 117
Trd, 4319912.893, 95
Trd, 4319913.243, 80
Trd, 4319914.193, 64
Trd, 4319915.143, 62
Trd, 4319915.693, 73
Trd, 4319915.893, 74
Trd, 4319916.343, 61
Trd, 4319916.793, 60
Trd, 4319917.493, 78
Trd, 4319918.743, 77
Trd, 4319919.343, 76
Trd, 4319920.043, 128
Trd, 4319920.143, 115
Trd, 4319921.093, 135
Trd, 4319921.643, 86
Trd, 4319922.293, 80
Trd, 4319922.543, 66
Trd, 4319922.943, 94
Trd, 4319924.243, 71
Trd, 4319925.193, 61
Trd, 4319926.343, 70
Trd, 4319926.393, 74
Trd, 4319926.793, 69
Trd, 4319927.343, 122
Trd, 4319928.593, 61
Trd, 4319928.993, 61
Trd, 4319929.093, 64
Trd, 4319929.793, 60
Trd, 4319931.343, 139
Trd, 4319931.893, 100
Trd, 4319932.393, 103
Trd, 4319933.293, 91
Trd, 4319933.443, 82
Trd, 4319933.743, 81
Trd, 4319934.243, 80
Trd, 4319934.643, 63
Trd, 4319935.493, 97
Trd, 4319937.093, 67
Trd, 4319937.493, 123
Trd, 4319937.993, 60
Trd, 4319938.343, 62
Trd, 4319938.993, 99
Trd, 4319939.343, 63
Trd, 4319940.143, 85
Trd, 4319940.443, 122
Trd, 4319940.643, 84
Trd, 4319941.743, 87
Trd, 4319943.043, 75
Trd, 4319943.343, 97
Trd, 4319944.143, 61
Trd, 4319945.343, 122
Trd, 4319946.693, 126
Trd, 4319946.743, 104
Trd, 4319947.593, 126
Trd, 4319947.693, 73
Trd, 4319947.943, 69
Trd, 4319949.043, 95
Trd, 4319949.393, 132
Trd, 4319950.393, 99
Trd, 4319951.143, 80
Trd, 4319951.693, 119
Trd, 4319952.993, 107
Trd, 4319953.893, 97
Trd, 4319954.043, 71
Trd, 4319954.143, 77
Trd, 4319954.543, 87
Trd, 4319957.893, 75
Trd, 4319958.293, 72
Trd, 4319958.493, 63
Trd, 4319958.793, 62
Trd, 4319958.993, 80
Trd, 4319959.043, 81
Trd, 4319959.393, 128
Trd, 4319959.993, 122
Trd, 4319960.193, 120
Trd, 4319962.243, 97
Trd, 4319962.293, 79
Trd, 4319963.293, 60
Trd, 4319963.743, 74
Trd, 4319965.143, 65
Trd, 4319965.293, 68
Trd, 4319965.993, 72
Trd, 4319967.693, 60
Trd, 4319968.143, 64
Trd, 4319968.893, 60
Trd, 4319968.943, 62
Trd, 4319969.043, 68
Trd, 4319969.443, 121
Trd, 4319970.093, 60
Trd, 4319970.943, 66
Trd, 4319972.493, 60
Trd, 4319973.043, 60
Trd, 4319973.243, 68
Trd, 4319975.993, 62
Trd, 4319976.593, 65
Trd, 4319977.193, 64
Trd, 4319977.243, 61
Trd, 4319978.243, 71
Trd, 4319978.493, 61
Trd, 4319978.993, 99
Trd, 4319979.293, 118
Trd, 4319980.693, 127
Trd, 4319982.443, 133
Trd, 4319982.493, 131
Trd, 4319982.543, 111
Trd, 4319983.643, 131
Trd, 4319984.143, 135
Trd, 4319984.243, 115
Trd, 4319985.343, 103
Trd, 4319986.093, 118
Trd, 4319987.593, 133
Trd, 4319987.993, 75
Trd, 4319988.543, 68
Trd, 4319990.243, 126
Trd, 4319990.893, 132
Trd, 4319991.543, 128
Trd, 4319991.643, 124
Trd, 4319991.693, 117
Trd, 4319992.243, 61
Trd, 4319992.843, 63
Trd, 4319993.393, 63
Trd, 4319994.443, 69
Trd, 4319995.243, 135
Trd, 4319996.243, 124
Trd, 4319996.593, 122
Trd, 4319996.693, 111
Trd, 4319996.993, 88
Trd, 4319998.043, 109
Trd, 4319998.843, 93
