Trd, 4318115.843, 140
Trd, 4318115.893, 139
Trd, 4318116.243, 140
Trd, 4318117.393, 90
Trd, 4318117.993, 90
Trd, 4318118.793, 92
Trd, 4318118.993, 91
Trd, 4318120.543, 60
Trd, 4318122.893, 65
Trd, 4318123.443, 61
Trd, 4318123.743, 62
Trd, 4318126.243, 60
Trd, 4318126.643, 60
Trd, 4318126.793, 61
Trd, 4318127.393, 62
Trd, 4318127.693, 62
Trd, 4318127.793, 62
Trd, 4318128.143, 65
Trd, 4318128.243, 68
Trd, 4318128.393, 62
Trd, 4318130.293, 70
Trd, 4318130.543, 97
Trd, 4318130.593, 70
Trd, 4318130.693, 68
Trd, 4318131.743, 61
Trd, 4318132.443, 63
Trd, 4318132.993, 60
Trd, 4318134.843, 60
Trd, 4318135.143, 65
Trd, 4318136.193, 60
Trd, 4318139.093, 60
Trd, 4318139.443, 61
Trd, 4318139.543, 61
Trd, 4318139.593, 61
Trd, 4318139.943, 61
Trd, 4318140.293, 62
Trd, 4318140.543, 64
Trd, 4318141.243, 72
Trd, 4318141.543, 76
Trd, 4318141.693, 63
Trd, 4318143.243, 62
Trd, 4318144.393, 60
Trd, 4318144.893, 72
Trd, 4318146.343, 60
Trd, 4318146.843, 60
Trd, 4318149.993, 60
Trd, 4318150.043, 60
Trd, 4318150.193, 62
Trd, 4318150.643, 61
Trd, 4318151.443, 62
Trd, 4318152.043, 90
Trd, 4318152.943, 70
Trd, 4318152.993, 68
Trd, 4318154.243, 60
Trd, 4318154.343, 66
Trd, 4318156.143, 61
Trd, 4318157.893, 60
Trd, 4318159.193, 60
Trd, 4318159.793, 65
Trd, 4318160.293, 60
Trd, 4318163.243, 61
Trd, 4318163.393, 60
Trd, 4318163.493, 61
Trd, 4318164.043, 62
Trd, 4318164.443, 64
Trd, 4318165.393, 61
Trd, 4318165.443, 76
Trd, 4318166.443, 67
Trd, 4318167.293, 83
Trd, 4318167.543, 72
Trd, 4318167.593, 112
Trd, 4318168.893, 75
Trd, 4318170.243, 88
Trd, 4318170.643, 89
Trd, 4318170.793, 88
Trd, 4318170.843, 83
Trd, 4318173.443, 62
Trd, 4318173.793, 66
Trd, 4318173.943, 66
Trd, 4318174.193, 62
Trd, 4318174.543, 93
Trd, 4318174.693, 63
Trd, 4318175.393, 66
Trd, 4318176.093, 65
Trd, 4318176.293, 63
Trd, 4318178.243, 140
Trd, 4318179.793, 60
Trd, 4318180.393, 60
Trd, 4318180.893, 61
Trd, 4318182.993, 60
Trd, 4318183.293, 60
Trd, 4318183.743, 64
Trd, 4318183.993, 67
Trd, 4318184.693, 68
Trd, 4318184.793, 64
Trd, 4318185.093, 70
Trd, 4318185.343, 63
Trd, 4318187.943, 62
Trd, 4318189.393, 60
Trd, 4318189.443, 60
Trd, 4318189.893, 61
Trd, 4318190.093, 60
Trd, 4318190.143, 61
Trd, 4318190.193, 62
Trd, 4318191.043, 63
Trd, 4318191.343, 63
Trd, 4318191.643, 63
Trd, 4318193.043, 139
Trd, 4318193.293, 140
Trd, 4318193.443, 139
Trd, 4318194.093, 140
Trd, 4318194.243, 138
Trd, 4318195.993, 140
Trd, 4318196.693, 140
Trd, 4318196.893, 140
Trd, 4318198.043, 140
Trd, 4318198.543, 140
Trd, 4318199.143, 140
Trd, 4318199.543, 140
Trd, 4318200.293, 139
Trd, 4318200.693, 139
Trd, 4318201.143, 122
Trd, 4318201.843, 77
Trd, 4318204.143, 60
Trd, 4318205.793, 60
Trd, 4318207.493, 60
Trd, 4318207.593, 60
Trd, 4318209.043, 60
Trd, 4318209.143, 60
Trd, 4318210.893, 60
Trd, 4318211.943, 60
Trd, 4318212.693, 65
Trd, 4318213.193, 61
Trd, 4318213.543, 61
Trd, 4318214.793, 60
Trd, 4318215.243, 62
Trd, 4318216.093, 80
Trd, 4318216.643, 65
Trd, 4318217.243, 67
Trd, 4318217.593, 124
Trd, 4318217.643, 64
Trd, 4318217.793, 63
Trd, 4318218.343, 68
Trd, 4318219.043, 65
Trd, 4318219.143, 64
Trd, 4318221.843, 61
Trd, 4318223.293, 60
Trd, 4318224.743, 62
Trd, 4318224.943, 72
Trd, 4318225.193, 63
Trd, 4318225.343, 67
Trd, 4318226.293, 66
Trd, 4318227.093, 67
Trd, 4318227.293, 65
Trd, 4318227.343, 97
Trd, 4318227.843, 98
Trd, 4318229.343, 61
Trd, 4318229.693, 61
Trd, 4318234.293, 60
Trd, 4318235.643, 60
Trd, 4318236.243, 60
Trd, 4318236.893, 60
Trd, 4318237.243, 61
Trd, 4318237.593, 62
Trd, 4318237.643, 63
Trd, 4318237.843, 61
Trd, 4318239.243, 66
Trd, 4318239.393, 65
Trd, 4318240.943, 67
Trd, 4318241.743, 124
Trd, 4318242.193, 61
Trd, 4318242.293, 90
Trd, 4318244.293, 60
Trd, 4318245.843, 63
Trd, 4318245.943, 63
Trd, 4318246.093, 62
Trd, 4318246.243, 68
Trd, 4318248.793, 60
Trd, 4318248.943, 60
Trd, 4318249.893, 62
Trd, 4318250.193, 63
Trd, 4318250.693, 65
Trd, 4318250.743, 64
Trd, 4318251.293, 63
Trd, 4318252.593, 63
Trd, 4318253.643, 140
Trd, 4318254.493, 140
Trd, 4318255.143, 140
Trd, 4318255.293, 140
Trd, 4318256.093, 140
Trd, 4318256.393, 140
Trd, 4318256.493, 140
Trd, 4318257.093, 140
Trd, 4318257.493, 140
Trd, 4318259.093, 140
Trd, 4318259.693, 140
Trd, 4318259.743, 140
Trd, 4318260.043, 67
Trd, 4318261.843, 140
Trd, 4318262.043, 139
Trd, 4318262.543, 116
Trd, 4318264.043, 140
Trd, 4318264.943, 140
Trd, 4318265.293, 140
Trd, 4318266.043, 140
Trd, 4318266.443, 140
Trd, 4318266.843, 140
Trd, 4318266.943, 140
Trd, 4318267.293, 140
Trd, 4318268.643, 140
Trd, 4318269.543, 140
Trd, 4318270.493, 140
Trd, 4318271.043, 140
Trd, 4318272.043, 140
Trd, 4318272.293, 140
Trd, 4318273.193, 140
Trd, 4318273.243, 140
Trd, 4318274.293, 140
Trd, 4318274.943, 140
Trd, 4318275.293, 140
Trd, 4318276.293, 140
Trd, 4318277.193, 140
Trd, 4318278.193, 140
Trd, 4318279.043, 140
Trd, 4318279.093, 140
Trd, 4318279.293, 140
Trd, 4318281.193, 140
Trd, 4318281.843, 140
Trd, 4318282.843, 140
Trd, 4318283.143, 140
Trd, 4318284.243, 140
Trd, 4318284.643, 140
Trd, 4318284.943, 140
Trd, 4318286.743, 140
Trd, 4318286.793, 140
Trd, 4318287.193, 140
Trd, 4318287.893, 140
Trd, 4318288.193, 140
Trd, 4318288.693, 140
Trd, 4318290.843, 140
Trd, 4318290.893, 140
Trd, 4318291.193, 140
Trd, 4318292.093, 140
Trd, 4318293.243, 127
Trd, 4318294.793, 140
Trd, 4318295.143, 140
Trd, 4318296.543, 140
Trd, 4318296.793, 140
Trd, 4318297.143, 140
Trd, 4318297.393, 140
Trd, 4318297.643, 140
Trd, 4318298.643, 140
Trd, 4318299.543, 140
Trd, 4318299.843, 140
Trd, 4318299.893, 139
Trd, 4318300.193, 139
Trd, 4318301.493, 88
Trd, 4318301.743, 99
Trd, 4318302.093, 90
Trd, 4318302.443, 88
Trd, 4318303.093, 87
Trd, 4318303.143, 123
Trd, 4318306.793, 60
Trd, 4318307.193, 60
Trd, 4318307.993, 63
Trd, 4318310.343, 60
Trd, 4318311.043, 60
Trd, 4318311.243, 60
Trd, 4318311.643, 60
Trd, 4318311.993, 61
Trd, 4318312.193, 61
Trd, 4318312.243, 60
Trd, 4318312.393, 62
Trd, 4318312.793, 62
Trd, 4318313.743, 64
Trd, 4318316.343, 60
Trd, 4318316.443, 62
Trd, 4318316.893, 69
Trd, 4318318.543, 61
Trd, 4318318.993, 60
Trd, 4318319.543, 62
Trd, 4318322.743, 60
Trd, 4318323.143, 60
Trd, 4318323.193, 64
Trd, 4318323.793, 64
Trd, 4318323.893, 61
Trd, 4318324.893, 63
Trd, 4318325.293, 92
Trd, 4318325.443, 63
Trd, 4318326.043, 67
Trd, 4318326.893, 140
Trd, 4318328.543, 62
Trd, 4318329.643, 63
Trd, 4318329.693, 68
Trd, 4318330.543, 61
Trd, 4318332.393, 65
Trd, 4318333.743, 61
Trd, 4318334.393, 60
Trd, 4318335.093, 60
Trd, 4318335.993, 62
Trd, 4318336.443, 65
Trd, 4318336.943, 64
Trd, 4318337.393, 66
Trd, 4318337.493, 68
Trd, 4318339.443, 76
Trd, 4318339.843, 78
Trd, 4318340.893, 62
Trd, 4318341.943, 92
Trd, 4318342.393, 73
Trd, 4318342.943, 74
Trd, 4318344.593, 60
Trd, 4318345.343, 60
Trd, 4318345.643, 60
Trd, 4318347.393, 60
Trd, 4318349.143, 60
Trd, 4318349.443, 61
Trd, 4318349.493, 63
Trd, 4318349.743, 60
Trd, 4318350.643, 60
Trd, 4318351.293, 60
Trd, 4318351.643, 68
Trd, 4318352.343, 62
Trd, 4318352.443, 62
Trd, 4318352.843, 63
Trd, 4318353.693, 93
Trd, 4318354.643, 62
Trd, 4318357.043, 61
Trd, 4318357.593, 63
Trd, 4318357.893, 66
Trd, 4318360.643, 61
Trd, 4318360.743, 60
Trd, 4318361.243, 61
Trd, 4318361.443, 61
Trd, 4318362.993, 61
Trd, 4318363.893, 60
Trd, 4318365.243, 61
Trd, 4318365.343, 61
Trd, 4318366.343, 62
Trd, 4318367.793, 63
Trd, 4318367.943, 65
Trd, 4318367.993, 66
Trd, 4318368.243, 64
Trd, 4318368.543, 63
Trd, 4318368.993, 64
Trd, 4318369.593, 64
Trd, 4318370.093, 140
Trd, 4318370.343, 140
Trd, 4318370.893, 140
Trd, 4318372.043, 140
Trd, 4318372.343, 140
Trd, 4318372.643, 140
Trd, 4318372.993, 140
Trd, 4318374.343, 60
Trd, 4318374.543, 89
Trd, 4318374.693, 60
Trd, 4318376.143, 61
Trd, 4318376.343, 63
Trd, 4318376.893, 96
Trd, 4318377.543, 65
Trd, 4318378.543, 60
Trd, 4318382.793, 60
Trd, 4318383.293, 62
Trd, 4318384.443, 60
Trd, 4318384.943, 60
Trd, 4318385.143, 63
Trd, 4318385.293, 64
Trd, 4318385.443, 64
Trd, 4318386.143, 65
Trd, 4318386.193, 67
Trd, 4318386.843, 69
Trd, 4318387.593, 69
Trd, 4318388.543, 67
Trd, 4318389.143, 136
Trd, 4318389.293, 135
Trd, 4318389.393, 66
Trd, 4318389.943, 64
Trd, 4318389.993, 94
Trd, 4318392.943, 62
Trd, 4318394.593, 60
Trd, 4318394.843, 62
Trd, 4318395.193, 63
Trd, 4318395.593, 65
Trd, 4318395.743, 62
Trd, 4318396.593, 75
Trd, 4318397.293, 63
Trd, 4318397.343, 91
Trd, 4318397.793, 116
Trd, 4318398.593, 60
Trd, 4318400.643, 60
Trd, 4318401.943, 60
Trd, 4318403.643, 64
Trd, 4318406.393, 60
Trd, 4318406.493, 60
Trd, 4318407.443, 60
Trd, 4318407.693, 62
Trd, 4318408.243, 61
Trd, 4318408.443, 61
Trd, 4318409.043, 60
Trd, 4318409.493, 66
Trd, 4318410.393, 71
Trd, 4318410.993, 61
Trd, 4318411.143, 61
Trd, 4318411.643, 66
Trd, 4318413.593, 66
Trd, 4318414.043, 66
Trd, 4318414.093, 64
Trd, 4318414.643, 61
Trd, 4318414.893, 98
Trd, 4318416.643, 65
Trd, 4318416.693, 68
Trd, 4318418.793, 60
Trd, 4318420.993, 60
Trd, 4318421.243, 62
Trd, 4318422.143, 60
Trd, 4318422.693, 61
Trd, 4318422.843, 60
Trd, 4318423.043, 61
Trd, 4318423.243, 61
Trd, 4318423.543, 61
Trd, 4318424.943, 60
Trd, 4318426.243, 61
Trd, 4318426.743, 60
Trd, 4318429.843, 60
Trd, 4318429.943, 60
Trd, 4318430.543, 60
Trd, 4318430.893, 60
Trd, 4318431.143, 63
Trd, 4318432.293, 65
Trd, 4318432.493, 62
Trd, 4318434.193, 61
Trd, 4318435.143, 60
Trd, 4318436.743, 64
Trd, 4318437.043, 63
Trd, 4318437.643, 63
Trd, 4318437.743, 65
Trd, 4318438.943, 60
Trd, 4318439.643, 60
Trd, 4318439.793, 61
Trd, 4318440.443, 65
Trd, 4318441.143, 99
Trd, 4318441.843, 99
Trd, 4318442.643, 85
Trd, 4318445.343, 70
Trd, 4318445.493, 92
Trd, 4318445.843, 135
Trd, 4318446.693, 61
Trd, 4318447.643, 60
Trd, 4318447.843, 60
Trd, 4318448.493, 61
Trd, 4318448.943, 62
Trd, 4318449.093, 60
Trd, 4318449.443, 62
Trd, 4318450.743, 66
Trd, 4318450.893, 65
Trd, 4318451.743, 62
Trd, 4318453.143, 62
Trd, 4318454.243, 60
Trd, 4318455.393, 60
Trd, 4318457.193, 61
Trd, 4318457.543, 67
Trd, 4318458.243, 64
Trd, 4318458.443, 65
Trd, 4318458.593, 64
Trd, 4318458.643, 63
Trd, 4318459.593, 62
Trd, 4318459.793, 62
Trd, 4318460.443, 94
Trd, 4318463.493, 78
Trd, 4318463.543, 77
Trd, 4318463.643, 75
Trd, 4318464.343, 76
Trd, 4318465.243, 140
Trd, 4318465.343, 81
Trd, 4318466.293, 140
Trd, 4318467.693, 140
Trd, 4318467.893, 140
Trd, 4318468.193, 140
Trd, 4318469.093, 140
Trd, 4318470.393, 140
Trd, 4318470.493, 140
Trd, 4318470.543, 140
Trd, 4318471.043, 140
Trd, 4318471.343, 140
Trd, 4318472.493, 140
Trd, 4318472.543, 140
Trd, 4318473.843, 140
Trd, 4318474.543, 140
Trd, 4318474.893, 140
Trd, 4318474.993, 140
Trd, 4318475.243, 140
Trd, 4318476.543, 71
Trd, 4318476.993, 63
Trd, 4318479.443, 60
Trd, 4318479.643, 60
Trd, 4318481.543, 61
Trd, 4318481.893, 61
Trd, 4318481.943, 62
Trd, 4318482.743, 62
Trd, 4318482.843, 65
Trd, 4318483.793, 90
Trd, 4318484.243, 64
Trd, 4318484.443, 63
Trd, 4318485.293, 63
Trd, 4318485.943, 112
Trd, 4318486.443, 136
Trd, 4318486.893, 140
Trd, 4318487.793, 139
Trd, 4318488.093, 140
Trd, 4318488.993, 138
Trd, 4318490.543, 127
Trd, 4318490.593, 125
Trd, 4318490.843, 140
Trd, 4318490.993, 123
Trd, 4318492.193, 126
Trd, 4318492.643, 125
Trd, 4318493.793, 140
Trd, 4318494.543, 140
Trd, 4318494.843, 140
Trd, 4318495.793, 140
Trd, 4318496.493, 139
Trd, 4318497.193, 77
Trd, 4318497.993, 77
Trd, 4318500.343, 140
Trd, 4318500.793, 140
Trd, 4318501.843, 140
Trd, 4318502.293, 140
Trd, 4318502.393, 140
Trd, 4318502.693, 140
Trd, 4318503.993, 140
Trd, 4318504.243, 140
Trd, 4318504.493, 63
Trd, 4318505.543, 62
Trd, 4318506.443, 61
Trd, 4318507.343, 60
Trd, 4318507.443, 61
Trd, 4318507.843, 61
Trd, 4318508.143, 62
Trd, 4318508.543, 63
Trd, 4318508.793, 65
Trd, 4318510.343, 66
Trd, 4318512.893, 61
Trd, 4318513.593, 62
Trd, 4318515.543, 60
Trd, 4318516.543, 60
Trd, 4318516.943, 60
Trd, 4318517.293, 60
Trd, 4318517.743, 61
Trd, 4318518.143, 64
Trd, 4318518.843, 64
Trd, 4318519.093, 65
Trd, 4318520.343, 67
Trd, 4318520.943, 66
Trd, 4318522.143, 88
Trd, 4318523.543, 60
Trd, 4318525.343, 62
Trd, 4318525.643, 60
Trd, 4318527.693, 60
Trd, 4318527.943, 60
Trd, 4318528.343, 60
Trd, 4318528.543, 61
Trd, 4318528.993, 61
Trd, 4318529.793, 60
Trd, 4318531.243, 60
Trd, 4318531.743, 63
Trd, 4318532.393, 62
Trd, 4318534.893, 60
Trd, 4318535.193, 61
Trd, 4318535.743, 61
Trd, 4318535.893, 61
Trd, 4318536.293, 65
Trd, 4318536.793, 61
Trd, 4318537.293, 66
Trd, 4318537.493, 63
Trd, 4318537.793, 64
Trd, 4318538.443, 128
Trd, 4318538.593, 64
Trd, 4318539.893, 70
Trd, 4318540.943, 70
Trd, 4318540.993, 67
Trd, 4318541.543, 72
Trd, 4318541.843, 69
Trd, 4318541.943, 128
Trd, 4318542.443, 69
Trd, 4318545.093, 84
Trd, 4318545.293, 111
Trd, 4318545.393, 82
Trd, 4318546.343, 63
Trd, 4318546.493, 68
Trd, 4318547.443, 62
Trd, 4318549.193, 61
Trd, 4318550.343, 61
Trd, 4318550.493, 61
Trd, 4318550.793, 63
Trd, 4318551.643, 64
Trd, 4318551.793, 69
Trd, 4318552.843, 64
Trd, 4318553.893, 84
Trd, 4318554.093, 65
Trd, 4318554.943, 63
Trd, 4318554.993, 67
Trd, 4318555.143, 95
Trd, 4318557.993, 66
Trd, 4318559.293, 60
Trd, 4318560.143, 66
Trd, 4318560.393, 61
Trd, 4318560.993, 61
Trd, 4318561.193, 71
Trd, 4318561.693, 66
Trd, 4318562.143, 63
Trd, 4318563.193, 67
Trd, 4318564.843, 60
Trd, 4318566.693, 60
Trd, 4318566.743, 62
Trd, 4318567.893, 60
Trd, 4318568.193, 61
Trd, 4318568.493, 75
Trd, 4318568.693, 61
Trd, 4318570.393, 71
Trd, 4318570.593, 67
Trd, 4318571.243, 96
Trd, 4318571.443, 68
Trd, 4318574.393, 60
Trd, 4318575.843, 60
Trd, 4318575.993, 61
Trd, 4318577.543, 62
Trd, 4318577.893, 66
Trd, 4318577.943, 65
Trd, 4318578.143, 61
Trd, 4318578.343, 63
Trd, 4318579.343, 60
Trd, 4318579.393, 64
Trd, 4318579.443, 83
Trd, 4318580.443, 138
Trd, 4318582.443, 140
Trd, 4318582.643, 139
Trd, 4318582.743, 138
Trd, 4318583.093, 119
Trd, 4318583.543, 85
Trd, 4318584.193, 89
Trd, 4318585.243, 95
Trd, 4318585.743, 96
Trd, 4318587.343, 140
Trd, 4318587.443, 140
Trd, 4318589.143, 140
Trd, 4318589.193, 140
Trd, 4318589.493, 139
Trd, 4318590.743, 140
Trd, 4318590.793, 140
Trd, 4318590.843, 140
Trd, 4318592.143, 140
Trd, 4318593.293, 140
Trd, 4318593.443, 140
Trd, 4318594.143, 140
Trd, 4318594.593, 140
Trd, 4318595.243, 140
Trd, 4318595.793, 116
Trd, 4318596.193, 138
Trd, 4318597.293, 140
Trd, 4318597.943, 140
Trd, 4318599.243, 140
Trd, 4318599.543, 140
Trd, 4318599.643, 139
Trd, 4318599.843, 139
Trd, 4318601.893, 140
Trd, 4318603.243, 140
Trd, 4318603.643, 140
Trd, 4318604.093, 140
Trd, 4318604.493, 140
Trd, 4318606.293, 140
Trd, 4318606.393, 140
Trd, 4318606.893, 140
Trd, 4318607.043, 140
Trd, 4318608.193, 140
Trd, 4318608.593, 140
Trd, 4318608.893, 140
Trd, 4318610.293, 140
Trd, 4318611.043, 140
Trd, 4318611.943, 140
Trd, 4318611.993, 140
Trd, 4318612.343, 140
Trd, 4318612.593, 140
Trd, 4318613.543, 140
Trd, 4318614.193, 137
Trd, 4318615.993, 61
Trd, 4318616.093, 65
Trd, 4318618.293, 60
Trd, 4318618.543, 60
Trd, 4318618.793, 65
Trd, 4318618.843, 62
Trd, 4318619.693, 60
Trd, 4318620.243, 65
Trd, 4318620.493, 94
Trd, 4318621.293, 64
Trd, 4318622.143, 67
Trd, 4318622.643, 67
Trd, 4318623.043, 67
Trd, 4318623.093, 132
Trd, 4318623.143, 66
Trd, 4318624.843, 64
Trd, 4318625.793, 140
Trd, 4318625.843, 140
Trd, 4318629.393, 60
Trd, 4318630.143, 60
Trd, 4318630.193, 60
Trd, 4318630.243, 61
Trd, 4318630.593, 62
Trd, 4318630.693, 61
Trd, 4318631.693, 63
Trd, 4318631.743, 67
Trd, 4318632.593, 65
Trd, 4318634.243, 60
Trd, 4318634.393, 61
Trd, 4318636.143, 60
Trd, 4318637.993, 60
Trd, 4318639.943, 60
Trd, 4318641.143, 60
Trd, 4318641.193, 60
Trd, 4318642.593, 63
Trd, 4318642.993, 70
Trd, 4318643.143, 71
Trd, 4318643.843, 99
Trd, 4318644.193, 71
Trd, 4318644.493, 71
Trd, 4318644.543, 70
Trd, 4318644.743, 69
Trd, 4318644.993, 140
Trd, 4318646.043, 65
Trd, 4318647.043, 60
Trd, 4318649.593, 60
Trd, 4318651.493, 61
Trd, 4318652.793, 60
Trd, 4318653.793, 66
Trd, 4318653.943, 64
Trd, 4318654.493, 66
Trd, 4318654.643, 65
Trd, 4318655.293, 99
Trd, 4318655.943, 63
Trd, 4318656.493, 64
Trd, 4318656.693, 67
Trd, 4318656.793, 63
Trd, 4318657.193, 67
Trd, 4318658.193, 64
Trd, 4318658.293, 90
Trd, 4318658.743, 69
Trd, 4318660.043, 72
Trd, 4318661.543, 140
Trd, 4318662.093, 140
Trd, 4318662.143, 140
Trd, 4318663.743, 140
Trd, 4318664.743, 140
Trd, 4318664.793, 139
Trd, 4318666.243, 60
Trd, 4318667.093, 62
Trd, 4318667.143, 65
Trd, 4318668.793, 62
Trd, 4318669.243, 65
Trd, 4318669.843, 68
Trd, 4318669.993, 74
Trd, 4318670.243, 68
Trd, 4318670.643, 71
Trd, 4318671.893, 140
Trd, 4318672.193, 140
Trd, 4318674.543, 140
Trd, 4318674.793, 140
Trd, 4318675.293, 140
Trd, 4318675.443, 140
Trd, 4318675.793, 140
Trd, 4318676.043, 140
Trd, 4318677.543, 60
Trd, 4318678.143, 60
Trd, 4318679.593, 60
Trd, 4318680.293, 61
Trd, 4318681.243, 60
Trd, 4318682.093, 60
Trd, 4318682.293, 61
Trd, 4318683.093, 60
Trd, 4318686.093, 60
Trd, 4318686.293, 62
Trd, 4318686.943, 64
Trd, 4318687.043, 65
Trd, 4318687.443, 67
Trd, 4318687.893, 71
Trd, 4318688.543, 66
Trd, 4318688.843, 65
Trd, 4318689.443, 140
Trd, 4318689.843, 64
Trd, 4318690.693, 65
Trd, 4318691.043, 68
Trd, 4318691.193, 64
Trd, 4318691.693, 68
Trd, 4318691.893, 62
Trd, 4318692.293, 82
Trd, 4318693.493, 60
Trd, 4318696.193, 60
Trd, 4318696.243, 61
Trd, 4318697.493, 60
Trd, 4318700.293, 60
Trd, 4318700.993, 60
Trd, 4318701.043, 60
Trd, 4318701.343, 60
Trd, 4318702.043, 61
Trd, 4318702.493, 61
Trd, 4318702.793, 61
Trd, 4318703.243, 61
Trd, 4318703.443, 74
Trd, 4318703.693, 100
Trd, 4318704.993, 63
Trd, 4318707.293, 60
Trd, 4318707.993, 60
Trd, 4318708.493, 60
Trd, 4318710.943, 60
Trd, 4318711.993, 60
Trd, 4318712.043, 63
Trd, 4318712.493, 61
Trd, 4318712.993, 62
Trd, 4318713.243, 62
Trd, 4318713.293, 63
Trd, 4318713.743, 64
Trd, 4318714.593, 76
Trd, 4318715.293, 67
Trd, 4318716.593, 61
Trd, 4318716.943, 62
Trd, 4318719.243, 60
Trd, 4318722.793, 61
Trd, 4318723.043, 60
Trd, 4318723.543, 62
Trd, 4318723.743, 63
Trd, 4318724.043, 62
Trd, 4318724.143, 63
Trd, 4318724.343, 62
Trd, 4318725.093, 116
Trd, 4318725.293, 69
Trd, 4318727.093, 109
Trd, 4318727.593, 70
Trd, 4318727.893, 139
Trd, 4318728.943, 139
Trd, 4318729.143, 140
Trd, 4318730.393, 91
Trd, 4318730.543, 89
Trd, 4318730.643, 110
Trd, 4318731.393, 62
Trd, 4318731.843, 61
Trd, 4318732.393, 63
Trd, 4318733.493, 62
Trd, 4318735.443, 60
Trd, 4318737.093, 60
Trd, 4318738.443, 60
Trd, 4318739.943, 60
Trd, 4318740.793, 60
Trd, 4318740.843, 60
Trd, 4318741.243, 60
Trd, 4318741.393, 60
Trd, 4318741.793, 63
Trd, 4318742.493, 68
Trd, 4318742.793, 67
Trd, 4318742.893, 109
Trd, 4318743.843, 64
Trd, 4318744.143, 65
Trd, 4318744.293, 63
Trd, 4318745.293, 68
Trd, 4318745.893, 73
Trd, 4318746.543, 69
Trd, 4318748.293, 63
Trd, 4318748.643, 67
Trd, 4318749.643, 60
Trd, 4318749.843, 60
Trd, 4318752.993, 61
Trd, 4318753.743, 62
Trd, 4318754.243, 62
Trd, 4318754.393, 61
Trd, 4318754.543, 73
Trd, 4318755.293, 64
Trd, 4318756.043, 105
Trd, 4318756.143, 64
Trd, 4318756.893, 68
Trd, 4318758.143, 72
Trd, 4318758.193, 67
Trd, 4318758.893, 73
Trd, 4318758.993, 99
Trd, 4318759.893, 114
Trd, 4318762.193, 62
Trd, 4318762.893, 60
Trd, 4318763.593, 62
Trd, 4318764.443, 70
Trd, 4318766.343, 60
Trd, 4318767.743, 62
Trd, 4318767.843, 62
Trd, 4318768.093, 60
Trd, 4318768.243, 64
Trd, 4318768.593, 61
Trd, 4318769.043, 67
Trd, 4318769.143, 60
Trd, 4318769.393, 63
Trd, 4318769.493, 97
Trd, 4318771.243, 62
Trd, 4318771.343, 60
Trd, 4318772.743, 61
Trd, 4318775.493, 60
Trd, 4318775.843, 60
Trd, 4318777.343, 60
Trd, 4318777.543, 60
Trd, 4318777.643, 60
Trd, 4318778.093, 61
Trd, 4318778.493, 61
Trd, 4318778.593, 60
Trd, 4318778.993, 64
Trd, 4318779.193, 71
Trd, 4318779.993, 80
Trd, 4318780.993, 126
Trd, 4318781.843, 140
Trd, 4318782.893, 140
Trd, 4318783.093, 140
Trd, 4318784.243, 140
Trd, 4318784.293, 140
Trd, 4318785.343, 140
Trd, 4318785.393, 108
Trd, 4318786.543, 137
Trd, 4318787.843, 140
Trd, 4318788.793, 140
Trd, 4318789.343, 140
Trd, 4318789.693, 139
Trd, 4318790.443, 140
Trd, 4318791.493, 140
Trd, 4318791.593, 137
Trd, 4318793.293, 140
Trd, 4318793.693, 140
Trd, 4318793.743, 140
Trd, 4318795.143, 140
Trd, 4318795.393, 140
Trd, 4318795.643, 140
Trd, 4318795.693, 137
Trd, 4318796.743, 97
Trd, 4318796.893, 96
Trd, 4318797.143, 95
Trd, 4318797.943, 60
Trd, 4318799.143, 140
Trd, 4318801.093, 140
Trd, 4318801.443, 140
Trd, 4318802.143, 140
Trd, 4318802.343, 140
Trd, 4318803.243, 140
Trd, 4318803.343, 140
Trd, 4318804.793, 140
Trd, 4318805.943, 140
Trd, 4318806.493, 140
Trd, 4318806.943, 140
Trd, 4318807.243, 140
Trd, 4318807.643, 140
Trd, 4318808.043, 140
Trd, 4318809.543, 140
Trd, 4318809.843, 140
Trd, 4318810.593, 140
Trd, 4318810.843, 140
Trd, 4318810.893, 139
Trd, 4318812.293, 60
Trd, 4318812.693, 65
Trd, 4318814.043, 64
Trd, 4318815.443, 140
Trd, 4318815.543, 104
Trd, 4318816.443, 140
Trd, 4318816.493, 140
Trd, 4318816.843, 139
Trd, 4318817.993, 87
Trd, 4318818.493, 88
Trd, 4318819.043, 88
Trd, 4318820.743, 60
Trd, 4318821.243, 60
Trd, 4318822.393, 60
Trd, 4318822.943, 64
Trd, 4318824.743, 61
Trd, 4318825.093, 60
Trd, 4318825.143, 62
Trd, 4318826.593, 69
Trd, 4318827.093, 73
Trd, 4318827.643, 72
Trd, 4318827.793, 70
Trd, 4318827.943, 89
Trd, 4318828.243, 69
Trd, 4318829.743, 60
Trd, 4318829.893, 66
Trd, 4318830.393, 62
Trd, 4318831.593, 60
Trd, 4318833.293, 60
Trd, 4318836.743, 60
Trd, 4318837.243, 61
Trd, 4318837.493, 61
Trd, 4318837.643, 64
Trd, 4318837.843, 61
Trd, 4318838.493, 63
Trd, 4318838.593, 93
Trd, 4318839.043, 64
Trd, 4318840.043, 140
Trd, 4318840.293, 140
Trd, 4318840.543, 140
Trd, 4318841.243, 140
Trd, 4318841.393, 140
Trd, 4318841.543, 140
Trd, 4318845.343, 61
Trd, 4318845.643, 62
Trd, 4318845.893, 67
Trd, 4318846.143, 63
Trd, 4318846.843, 140
Trd, 4318847.193, 140
Trd, 4318848.043, 140
Trd, 4318848.393, 140
Trd, 4318849.243, 140
Trd, 4318850.843, 140
Trd, 4318850.943, 140
Trd, 4318852.293, 140
Trd, 4318852.443, 140
Trd, 4318852.993, 140
Trd, 4318854.543, 140
Trd, 4318856.043, 140
Trd, 4318856.343, 140
Trd, 4318856.793, 140
Trd, 4318857.043, 140
Trd, 4318857.743, 140
Trd, 4318858.193, 140
Trd, 4318858.593, 140
Trd, 4318858.943, 139
Trd, 4318859.793, 140
Trd, 4318860.293, 140
Trd, 4318861.193, 140
Trd, 4318862.543, 140
Trd, 4318862.793, 140
Trd, 4318862.843, 140
Trd, 4318863.393, 137
Trd, 4318863.993, 117
Trd, 4318864.943, 104
Trd, 4318865.043, 103
Trd, 4318866.543, 105
Trd, 4318867.343, 61
Trd, 4318867.743, 62
Trd, 4318868.843, 65
Trd, 4318868.893, 61
Trd, 4318869.343, 95
Trd, 4318869.543, 67
Trd, 4318869.593, 65
Trd, 4318872.143, 73
Trd, 4318872.393, 72
Trd, 4318872.843, 71
Trd, 4318873.593, 140
Trd, 4318873.993, 140
Trd, 4318874.543, 140
Trd, 4318876.893, 140
Trd, 4318877.843, 140
Trd, 4318877.993, 140
Trd, 4318878.343, 139
Trd, 4318878.943, 139
Trd, 4318879.043, 110
Trd, 4318879.943, 64
Trd, 4318882.143, 60
Trd, 4318882.793, 60
Trd, 4318883.593, 60
Trd, 4318884.493, 61
Trd, 4318884.843, 64
Trd, 4318886.593, 63
Trd, 4318886.643, 63
Trd, 4318887.093, 61
Trd, 4318887.293, 60
Trd, 4318887.993, 62
Trd, 4318889.293, 60
Trd, 4318889.643, 60
Trd, 4318890.943, 66
Trd, 4318891.793, 60
Trd, 4318891.893, 61
Trd, 4318895.393, 60
Trd, 4318895.643, 61
Trd, 4318895.943, 61
Trd, 4318896.193, 62
Trd, 4318896.393, 63
Trd, 4318898.493, 65
Trd, 4318898.743, 60
Trd, 4318899.143, 63
Trd, 4318901.893, 60
Trd, 4318902.393, 60
Trd, 4318903.043, 60
Trd, 4318904.743, 63
Trd, 4318905.243, 61
Trd, 4318905.293, 60
Trd, 4318905.443, 61
Trd, 4318906.643, 60
Trd, 4318906.893, 60
Trd, 4318907.343, 61
Trd, 4318907.943, 62
Trd, 4318908.243, 63
Trd, 4318909.543, 139
Trd, 4318910.293, 140
Trd, 4318911.043, 140
Trd, 4318911.193, 133
Trd, 4318911.393, 93
Trd, 4318911.843, 61
Trd, 4318912.293, 83
Trd, 4318913.043, 137
Trd, 4318914.093, 140
Trd, 4318914.393, 140
Trd, 4318915.743, 140
Trd, 4318915.793, 140
Trd, 4318916.193, 139
Trd, 4318917.893, 140
Trd, 4318918.043, 140
Trd, 4318918.193, 140
Trd, 4318919.343, 140
Trd, 4318921.093, 140
Trd, 4318921.393, 140
Trd, 4318922.293, 140
Trd, 4318922.343, 140
Trd, 4318923.143, 140
Trd, 4318923.193, 140
Trd, 4318923.493, 140
Trd, 4318923.643, 140
Trd, 4318923.893, 133
Trd, 4318925.693, 140
Trd, 4318926.993, 140
Trd, 4318928.043, 140
Trd, 4318928.443, 140
Trd, 4318929.043, 140
Trd, 4318929.143, 140
Trd, 4318930.093, 140
Trd, 4318930.793, 140
Trd, 4318930.943, 140
Trd, 4318931.293, 140
Trd, 4318931.793, 67
Trd, 4318933.043, 61
Trd, 4318933.243, 64
Trd, 4318935.593, 62
Trd, 4318935.943, 120
Trd, 4318937.643, 60
Trd, 4318937.743, 60
Trd, 4318937.993, 61
Trd, 4318938.593, 71
Trd, 4318938.993, 64
Trd, 4318939.843, 72
Trd, 4318940.093, 70
Trd, 4318941.243, 80
Trd, 4318941.443, 78
Trd, 4318941.493, 77
Trd, 4318941.793, 60
Trd, 4318942.793, 140
Trd, 4318944.143, 140
Trd, 4318944.643, 140
Trd, 4318945.393, 140
Trd, 4318946.393, 140
Trd, 4318948.093, 140
Trd, 4318948.343, 140
Trd, 4318950.343, 140
Trd, 4318950.593, 140
Trd, 4318951.143, 140
Trd, 4318951.743, 140
Trd, 4318951.893, 140
Trd, 4318952.543, 140
Trd, 4318952.893, 140
Trd, 4318954.093, 140
Trd, 4318955.343, 140
Trd, 4318955.793, 140
Trd, 4318956.193, 140
Trd, 4318956.543, 140
Trd, 4318958.143, 140
Trd, 4318958.343, 140
Trd, 4318958.493, 140
Trd, 4318959.193, 140
Trd, 4318959.843, 140
Trd, 4318962.043, 140
Trd, 4318962.193, 140
Trd, 4318962.393, 140
Trd, 4318963.343, 140
Trd, 4318963.643, 140
Trd, 4318965.043, 140
Trd, 4318965.293, 140
Trd, 4318965.393, 140
Trd, 4318966.893, 140
Trd, 4318967.143, 139
Trd, 4318968.893, 140
Trd, 4318969.093, 140
Trd, 4318969.193, 140
Trd, 4318969.343, 140
Trd, 4318970.193, 140
Trd, 4318970.493, 140
Trd, 4318972.493, 140
Trd, 4318973.743, 140
Trd, 4318973.843, 140
Trd, 4318974.493, 140
Trd, 4318975.143, 140
Trd, 4318975.443, 140
Trd, 4318975.643, 140
Trd, 4318976.543, 140
Trd, 4318977.293, 140
Trd, 4318977.493, 140
Trd, 4318978.393, 140
Trd, 4318979.243, 140
Trd, 4318979.843, 140
Trd, 4318980.593, 140
Trd, 4318981.143, 140
Trd, 4318982.893, 140
Trd, 4318984.043, 140
Trd, 4318984.793, 140
Trd, 4318984.843, 140
Trd, 4318985.243, 140
Trd, 4318985.893, 140
Trd, 4318986.493, 140
Trd, 4318988.593, 140
Trd, 4318989.493, 140
Trd, 4318989.643, 140
Trd, 4318989.943, 140
Trd, 4318990.643, 140
Trd, 4318991.343, 140
Trd, 4318992.193, 140
Trd, 4318992.443, 140
Trd, 4318993.243, 123
Trd, 4318993.793, 99
Trd, 4318995.043, 140
Trd, 4318997.043, 140
Trd, 4318997.543, 140
Trd, 4318997.943, 140
Trd, 4318998.343, 140
Trd, 4318998.493, 140
Trd, 4318999.743, 140
Trd, 4318999.843, 140
Trd, 4318999.893, 140
Trd, 4319001.693, 140
Trd, 4319001.943, 140
Trd, 4319002.893, 140
Trd, 4319003.443, 140
Trd, 4319003.993, 140
Trd, 4319004.043, 140
Trd, 4319005.193, 140
Trd, 4319006.143, 140
Trd, 4319006.793, 140
Trd, 4319008.543, 140
Trd, 4319009.093, 140
Trd, 4319009.843, 140
Trd, 4319010.043, 140
Trd, 4319010.193, 140
Trd, 4319010.543, 140
Trd, 4319011.093, 140
Trd, 4319011.943, 139
Trd, 4319012.193, 67
Trd, 4319013.643, 140
Trd, 4319013.943, 140
Trd, 4319015.343, 140
Trd, 4319015.493, 140
Trd, 4319015.593, 140
Trd, 4319016.693, 140
Trd, 4319017.093, 140
Trd, 4319019.843, 140
Trd, 4319020.393, 140
Trd, 4319020.543, 140
Trd, 4319021.143, 140
Trd, 4319021.393, 140
Trd, 4319022.493, 139
Trd, 4319023.543, 140
Trd, 4319024.793, 140
Trd, 4319025.743, 140
Trd, 4319026.143, 140
Trd, 4319027.043, 140
Trd, 4319027.093, 139
Trd, 4319027.343, 138
Trd, 4319028.793, 140
Trd, 4319029.243, 140
Trd, 4319029.643, 140
Trd, 4319031.293, 140
Trd, 4319031.343, 140
Trd, 4319031.993, 140
Trd, 4319032.343, 140
Trd, 4319033.443, 140
Trd, 4319034.343, 140
Trd, 4319035.443, 140
Trd, 4319035.643, 140
Trd, 4319036.293, 140
Trd, 4319037.643, 140
Trd, 4319037.693, 140
Trd, 4319039.893, 140
Trd, 4319040.093, 140
Trd, 4319040.843, 140
Trd, 4319041.543, 140
Trd, 4319042.243, 140
Trd, 4319043.493, 140
Trd, 4319043.843, 140
Trd, 4319043.943, 140
Trd, 4319044.943, 140
Trd, 4319044.993, 140
Trd, 4319046.343, 140
Trd, 4319046.593, 140
Trd, 4319047.193, 140
Trd, 4319047.443, 140
Trd, 4319048.693, 140
Trd, 4319049.943, 140
Trd, 4319049.993, 140
Trd, 4319050.493, 140
Trd, 4319051.193, 140
Trd, 4319051.843, 140
Trd, 4319052.193, 140
Trd, 4319052.993, 138
Trd, 4319053.343, 134
Trd, 4319055.143, 140
Trd, 4319055.593, 140
Trd, 4319056.093, 140
Trd, 4319056.443, 140
Trd, 4319056.493, 135
Trd, 4319059.093, 140
Trd, 4319059.193, 140
Trd, 4319059.843, 140
Trd, 4319060.493, 140
Trd, 4319060.693, 60
Trd, 4319061.443, 106
Trd, 4319062.493, 60
Trd, 4319063.293, 60
Trd, 4319064.093, 63
Trd, 4319064.443, 60
Trd, 4319064.693, 64
Trd, 4319065.643, 60
Trd, 4319066.193, 60
Trd, 4319066.793, 61
Trd, 4319067.693, 66
Trd, 4319067.843, 67
Trd, 4319068.993, 70
Trd, 4319069.293, 71
Trd, 4319069.843, 71
Trd, 4319070.893, 138
Trd, 4319071.543, 60
Trd, 4319073.693, 140
Trd, 4319073.893, 140
Trd, 4319074.443, 140
Trd, 4319074.793, 140
Trd, 4319075.543, 140
Trd, 4319076.193, 140
Trd, 4319077.043, 140
Trd, 4319077.443, 140
Trd, 4319077.693, 140
Trd, 4319078.843, 140
Trd, 4319079.143, 140
Trd, 4319079.193, 140
Trd, 4319079.493, 140
Trd, 4319080.143, 65
Trd, 4319081.743, 140
Trd, 4319082.693, 140
Trd, 4319082.843, 121
Trd, 4319083.643, 140
Trd, 4319084.943, 140
Trd, 4319085.493, 140
Trd, 4319086.843, 140
Trd, 4319087.993, 140
Trd, 4319089.543, 140
Trd, 4319089.943, 140
Trd, 4319090.893, 140
Trd, 4319091.243, 140
Trd, 4319092.943, 140
Trd, 4319093.093, 140
Trd, 4319094.243, 140
Trd, 4319094.443, 140
Trd, 4319095.193, 140
Trd, 4319095.743, 140
Trd, 4319095.943, 140
Trd, 4319096.343, 140
Trd, 4319096.643, 140
Trd, 4319098.543, 140
Trd, 4319098.993, 140
Trd, 4319099.443, 139
Trd, 4319099.943, 60
Trd, 4319100.143, 60
Trd, 4319102.343, 60
Trd, 4319102.693, 60
Trd, 4319104.643, 60
Trd, 4319105.993, 60
Trd, 4319106.393, 64
Trd, 4319106.643, 61
Trd, 4319107.093, 60
Trd, 4319107.393, 63
Trd, 4319107.443, 62
Trd, 4319108.593, 60
Trd, 4319109.843, 65
Trd, 4319110.743, 60
Trd, 4319111.893, 67
Trd, 4319113.543, 61
Trd, 4319114.093, 61
Trd, 4319114.743, 60
Trd, 4319115.093, 60
Trd, 4319115.743, 62
Trd, 4319115.893, 61
Trd, 4319116.093, 63
Trd, 4319116.243, 77
Trd, 4319116.993, 67
Trd, 4319118.843, 62
Trd, 4319118.993, 63
Trd, 4319121.893, 60
Trd, 4319122.543, 60
Trd, 4319123.293, 62
Trd, 4319124.943, 61
Trd, 4319125.043, 62
Trd, 4319125.743, 64
Trd, 4319126.143, 65
Trd, 4319126.593, 66
Trd, 4319126.993, 113
Trd, 4319127.143, 67
Trd, 4319128.693, 140
Trd, 4319130.143, 140
Trd, 4319130.593, 140
Trd, 4319130.893, 140
Trd, 4319131.593, 140
Trd, 4319132.193, 139
Trd, 4319132.843, 140
Trd, 4319133.343, 140
Trd, 4319133.893, 140
Trd, 4319134.643, 140
Trd, 4319134.843, 139
Trd, 4319136.093, 64
Trd, 4319136.443, 89
Trd, 4319136.793, 64
Trd, 4319137.993, 64
Trd, 4319139.143, 61
Trd, 4319139.543, 61
Trd, 4319140.343, 66
Trd, 4319140.493, 65
Trd, 4319140.943, 65
Trd, 4319141.043, 95
Trd, 4319141.193, 65
Trd, 4319141.343, 64
Trd, 4319143.693, 140
Trd, 4319144.343, 61
Trd, 4319144.843, 62
Trd, 4319145.393, 63
Trd, 4319145.743, 95
Trd, 4319147.093, 70
Trd, 4319148.093, 67
Trd, 4319148.643, 67
Trd, 4319149.343, 81
Trd, 4319149.443, 68
Trd, 4319149.493, 82
Trd, 4319150.693, 73
Trd, 4319150.793, 72
Trd, 4319151.443, 60
Trd, 4319152.143, 91
Trd, 4319152.743, 60
Trd, 4319154.293, 63
Trd, 4319156.843, 61
Trd, 4319157.293, 60
Trd, 4319157.893, 61
Trd, 4319158.193, 63
Trd, 4319158.293, 66
Trd, 4319158.493, 63
Trd, 4319159.193, 60
Trd, 4319159.293, 117
Trd, 4319159.643, 66
Trd, 4319160.643, 66
Trd, 4319161.843, 140
Trd, 4319161.943, 140
Trd, 4319161.993, 68
Trd, 4319163.243, 63
Trd, 4319165.043, 131
Trd, 4319166.143, 60
Trd, 4319166.293, 60
Trd, 4319166.893, 65
Trd, 4319169.943, 60
Trd, 4319170.343, 60
Trd, 4319170.793, 60
Trd, 4319170.843, 60
Trd, 4319172.193, 60
Trd, 4319172.393, 61
Trd, 4319172.443, 61
Trd, 4319173.243, 61
Trd, 4319174.493, 61
Trd, 4319175.143, 61
Trd, 4319175.943, 61
Trd, 4319176.843, 60
Trd, 4319177.993, 61
Trd, 4319178.743, 64
Trd, 4319178.993, 63
Trd, 4319179.543, 65
Trd, 4319179.693, 63
Trd, 4319181.043, 73
Trd, 4319181.843, 72
Trd, 4319182.043, 71
Trd, 4319183.843, 60
Trd, 4319184.293, 61
Trd, 4319184.343, 63
Trd, 4319184.943, 65
Trd, 4319185.693, 61
Trd, 4319186.543, 64
Trd, 4319186.893, 62
Trd, 4319187.243, 61
Trd, 4319187.343, 83
Trd, 4319188.393, 68
Trd, 4319188.593, 64
Trd, 4319189.193, 93
Trd, 4319189.643, 114
Trd, 4319191.493, 117
Trd, 4319191.543, 114
Trd, 4319191.743, 113
Trd, 4319192.093, 140
Trd, 4319192.743, 113
Trd, 4319193.393, 64
Trd, 4319193.693, 139
Trd, 4319194.243, 69
Trd, 4319196.143, 140
Trd, 4319196.193, 140
Trd, 4319197.393, 68
Trd, 4319198.993, 60
Trd, 4319201.393, 60
Trd, 4319201.493, 61
Trd, 4319201.843, 61
Trd, 4319203.243, 60
Trd, 4319203.343, 60
Trd, 4319203.493, 62
Trd, 4319204.343, 63
Trd, 4319205.193, 66
Trd, 4319206.093, 69
Trd, 4319206.243, 69
Trd, 4319206.693, 71
Trd, 4319207.193, 71
Trd, 4319207.793, 70
Trd, 4319208.043, 78
Trd, 4319208.143, 69
Trd, 4319209.543, 140
Trd, 4319210.443, 140
Trd, 4319210.793, 140
Trd, 4319211.043, 140
Trd, 4319212.293, 107
Trd, 4319212.693, 63
Trd, 4319213.693, 140
Trd, 4319214.343, 139
Trd, 4319215.593, 138
Trd, 4319216.593, 140
Trd, 4319216.843, 140
Trd, 4319217.493, 140
Trd, 4319217.793, 140
Trd, 4319218.193, 140
Trd, 4319219.193, 140
Trd, 4319219.343, 140
Trd, 4319220.293, 140
Trd, 4319220.393, 140
Trd, 4319221.493, 140
Trd, 4319221.943, 140
Trd, 4319222.043, 140
Trd, 4319222.343, 140
Trd, 4319225.093, 140
Trd, 4319225.343, 140
Trd, 4319225.393, 137
Trd, 4319225.593, 137
Trd, 4319226.943, 140
Trd, 4319227.793, 140
Trd, 4319228.193, 140
Trd, 4319229.943, 140
Trd, 4319231.593, 140
Trd, 4319231.643, 140
Trd, 4319231.743, 140
Trd, 4319232.343, 140
Trd, 4319232.393, 138
Trd, 4319233.493, 140
Trd, 4319233.593, 140
Trd, 4319235.943, 140
Trd, 4319236.393, 140
Trd, 4319237.793, 140
Trd, 4319238.393, 140
Trd, 4319239.243, 140
Trd, 4319239.993, 140
Trd, 4319240.243, 140
Trd, 4319242.093, 140
Trd, 4319242.943, 140
Trd, 4319242.993, 140
Trd, 4319243.543, 140
Trd, 4319244.293, 140
Trd, 4319245.643, 140
Trd, 4319245.743, 140
Trd, 4319245.893, 140
Trd, 4319246.543, 140
Trd, 4319246.593, 139
Trd, 4319248.093, 140
Trd, 4319248.543, 140
Trd, 4319249.343, 140
Trd, 4319250.043, 140
Trd, 4319250.243, 140
Trd, 4319250.893, 139
Trd, 4319251.143, 138
Trd, 4319252.393, 140
Trd, 4319253.043, 140
Trd, 4319254.193, 140
Trd, 4319254.543, 140
Trd, 4319254.843, 140
Trd, 4319256.043, 140
Trd, 4319256.143, 135
Trd, 4319257.943, 140
Trd, 4319258.593, 140
Trd, 4319259.593, 140
Trd, 4319259.643, 140
Trd, 4319261.193, 140
Trd, 4319261.243, 140
Trd, 4319261.693, 140
Trd, 4319261.893, 140
Trd, 4319262.393, 140
Trd, 4319262.493, 140
Trd, 4319264.043, 140
Trd, 4319264.143, 139
Trd, 4319265.643, 106
Trd, 4319265.843, 105
Trd, 4319265.993, 104
Trd, 4319266.393, 89
Trd, 4319270.093, 60
Trd, 4319270.543, 61
Trd, 4319271.043, 61
Trd, 4319271.393, 62
Trd, 4319271.993, 60
Trd, 4319272.343, 62
Trd, 4319273.143, 63
Trd, 4319273.393, 92
Trd, 4319274.193, 66
Trd, 4319274.243, 67
Trd, 4319274.293, 65
Trd, 4319275.343, 72
Trd, 4319277.293, 60
Trd, 4319278.593, 60
Trd, 4319282.093, 61
Trd, 4319282.193, 62
Trd, 4319283.443, 64
Trd, 4319283.643, 63
Trd, 4319283.693, 65
Trd, 4319285.093, 66
Trd, 4319285.593, 71
Trd, 4319285.893, 72
Trd, 4319286.543, 70
Trd, 4319286.843, 75
Trd, 4319287.943, 77
Trd, 4319289.343, 60
Trd, 4319289.743, 61
Trd, 4319292.043, 60
Trd, 4319292.143, 60
Trd, 4319292.243, 61
Trd, 4319292.393, 61
Trd, 4319292.943, 64
Trd, 4319293.143, 63
Trd, 4319294.843, 62
Trd, 4319294.943, 63
Trd, 4319295.643, 62
Trd, 4319295.993, 61
Trd, 4319296.093, 63
Trd, 4319297.043, 64
Trd, 4319297.393, 61
Trd, 4319297.743, 92
Trd, 4319298.093, 64
Trd, 4319299.343, 60
Trd, 4319300.493, 60
Trd, 4319303.143, 67
Trd, 4319303.543, 60
Trd, 4319303.693, 89
Trd, 4319305.243, 61
Trd, 4319305.743, 61
Trd, 4319306.193, 62
Trd, 4319306.843, 64
Trd, 4319306.993, 64
Trd, 4319307.793, 89
Trd, 4319307.893, 87
Trd, 4319308.943, 71
Trd, 4319309.393, 140
Trd, 4319309.743, 140
Trd, 4319311.143, 140
Trd, 4319311.993, 140
Trd, 4319312.793, 140
Trd, 4319313.193, 138
Trd, 4319313.593, 139
Trd, 4319315.443, 66
Trd, 4319316.243, 60
Trd, 4319318.493, 61
Trd, 4319320.593, 60
Trd, 4319320.793, 61
Trd, 4319321.743, 60
Trd, 4319322.143, 60
Trd, 4319322.493, 61
Trd, 4319322.543, 60
Trd, 4319322.993, 61
Trd, 4319323.643, 65
Trd, 4319324.393, 62
Trd, 4319325.043, 63
Trd, 4319325.343, 72
Trd, 4319326.193, 65
Trd, 4319326.443, 66
Trd, 4319326.743, 64
Trd, 4319326.993, 60
Trd, 4319327.393, 90
Trd, 4319327.593, 66
Trd, 4319330.743, 60
Trd, 4319331.243, 62
Trd, 4319332.543, 60
Trd, 4319334.943, 64
Trd, 4319335.293, 65
Trd, 4319335.443, 65
Trd, 4319335.793, 66
Trd, 4319336.593, 67
Trd, 4319337.193, 66
Trd, 4319337.493, 67
Trd, 4319337.893, 65
Trd, 4319338.643, 60
Trd, 4319338.793, 102
Trd, 4319340.893, 63
Trd, 4319343.293, 60
Trd, 4319344.243, 60
Trd, 4319344.793, 60
Trd, 4319344.943, 61
Trd, 4319345.093, 60
Trd, 4319346.493, 61
Trd, 4319348.293, 60
Trd, 4319348.393, 62
Trd, 4319349.893, 60
Trd, 4319350.543, 61
Trd, 4319352.843, 60
Trd, 4319354.343, 60
Trd, 4319354.643, 60
Trd, 4319354.993, 62
Trd, 4319355.143, 62
Trd, 4319355.193, 63
Trd, 4319355.343, 61
Trd, 4319356.343, 65
Trd, 4319356.393, 113
Trd, 4319356.943, 65
Trd, 4319357.193, 65
Trd, 4319357.643, 62
Trd, 4319358.593, 61
Trd, 4319360.293, 81
Trd, 4319360.993, 68
Trd, 4319361.943, 63
Trd, 4319364.043, 60
Trd, 4319364.693, 60
Trd, 4319364.793, 61
Trd, 4319366.543, 60
Trd, 4319367.443, 60
Trd, 4319367.943, 61
Trd, 4319368.043, 61
Trd, 4319368.293, 61
Trd, 4319368.743, 61
Trd, 4319369.093, 61
Trd, 4319369.743, 61
Trd, 4319369.793, 60
Trd, 4319370.943, 93
Trd, 4319371.993, 66
Trd, 4319372.693, 140
Trd, 4319373.043, 140
Trd, 4319373.243, 139
Trd, 4319374.393, 140
Trd, 4319374.543, 139
Trd, 4319375.143, 139
Trd, 4319375.593, 65
Trd, 4319376.943, 63
Trd, 4319377.793, 60
Trd, 4319378.043, 64
Trd, 4319380.143, 140
Trd, 4319380.393, 140
Trd, 4319380.793, 140
Trd, 4319381.693, 140
Trd, 4319382.293, 140
Trd, 4319382.493, 140
Trd, 4319382.643, 140
Trd, 4319382.893, 140
Trd, 4319383.843, 140
Trd, 4319384.293, 140
Trd, 4319386.993, 140
Trd, 4319387.043, 140
Trd, 4319387.293, 140
Trd, 4319387.693, 140
Trd, 4319390.093, 140
Trd, 4319390.893, 140
Trd, 4319392.393, 140
Trd, 4319392.493, 140
Trd, 4319392.593, 140
Trd, 4319393.193, 140
Trd, 4319394.543, 140
Trd, 4319394.643, 139
Trd, 4319395.743, 140
Trd, 4319395.843, 140
Trd, 4319395.993, 116
Trd, 4319396.843, 137
Trd, 4319397.743, 139
Trd, 4319398.643, 140
Trd, 4319400.043, 140
Trd, 4319401.193, 140
Trd, 4319401.843, 140
Trd, 4319402.343, 140
Trd, 4319403.143, 140
Trd, 4319403.293, 140
Trd, 4319404.943, 140
Trd, 4319406.193, 140
Trd, 4319406.343, 140
Trd, 4319406.843, 140
Trd, 4319406.943, 140
Trd, 4319408.043, 140
Trd, 4319408.243, 140
Trd, 4319409.643, 140
Trd, 4319410.843, 140
Trd, 4319411.243, 140
Trd, 4319412.793, 140
Trd, 4319412.993, 140
Trd, 4319413.343, 140
Trd, 4319413.543, 140
Trd, 4319414.793, 140
Trd, 4319416.293, 140
Trd, 4319416.743, 140
Trd, 4319417.793, 140
Trd, 4319418.793, 140
Trd, 4319418.943, 140
Trd, 4319418.993, 140
Trd, 4319421.743, 140
Trd, 4319421.793, 140
Trd, 4319422.093, 140
Trd, 4319423.143, 140
Trd, 4319423.193, 140
Trd, 4319423.393, 140
Trd, 4319423.943, 140
Trd, 4319424.943, 140
Trd, 4319425.143, 140
Trd, 4319426.093, 140
Trd, 4319426.193, 140
Trd, 4319426.543, 139
Trd, 4319428.493, 140
Trd, 4319429.093, 140
Trd, 4319429.393, 140
Trd, 4319429.543, 140
Trd, 4319429.643, 87
Trd, 4319430.293, 60
Trd, 4319431.043, 60
Trd, 4319432.093, 69
Trd, 4319433.193, 61
Trd, 4319435.193, 60
Trd, 4319438.093, 60
Trd, 4319438.143, 61
Trd, 4319438.743, 60
Trd, 4319438.993, 60
Trd, 4319439.793, 62
Trd, 4319439.943, 61
Trd, 4319440.093, 60
Trd, 4319440.843, 62
Trd, 4319440.993, 73
Trd, 4319441.543, 62
Trd, 4319442.943, 101
Trd, 4319443.693, 76
Trd, 4319443.843, 77
Trd, 4319444.443, 138
Trd, 4319444.643, 76
Trd, 4319445.393, 78
Trd, 4319445.593, 77
Trd, 4319446.593, 60
Trd, 4319447.693, 62
Trd, 4319448.243, 62
Trd, 4319449.743, 61
Trd, 4319452.043, 61
Trd, 4319452.343, 63
Trd, 4319452.543, 64
Trd, 4319452.643, 63
Trd, 4319452.843, 120
Trd, 4319453.893, 73
Trd, 4319454.193, 76
Trd, 4319454.793, 68
Trd, 4319454.843, 70
Trd, 4319455.193, 66
Trd, 4319456.793, 82
Trd, 4319456.943, 66
Trd, 4319457.993, 68
Trd, 4319458.543, 68
Trd, 4319458.793, 68
Trd, 4319459.343, 96
Trd, 4319459.493, 68
Trd, 4319459.743, 63
Trd, 4319461.543, 140
Trd, 4319462.343, 140
Trd, 4319462.793, 140
Trd, 4319464.493, 140
Trd, 4319464.743, 140
Trd, 4319465.443, 140
Trd, 4319466.093, 140
Trd, 4319466.393, 140
Trd, 4319466.643, 140
Trd, 4319467.093, 140
Trd, 4319468.343, 139
Trd, 4319469.693, 140
Trd, 4319469.743, 140
Trd, 4319470.293, 140
Trd, 4319473.443, 140
Trd, 4319473.593, 140
Trd, 4319473.743, 140
Trd, 4319473.943, 140
Trd, 4319475.193, 140
Trd, 4319475.793, 140
Trd, 4319476.943, 140
Trd, 4319477.043, 140
Trd, 4319478.193, 140
Trd, 4319478.343, 140
Trd, 4319479.343, 60
Trd, 4319479.643, 61
Trd, 4319479.993, 65
Trd, 4319481.493, 63
Trd, 4319483.043, 60
Trd, 4319483.543, 60
Trd, 4319483.643, 61
Trd, 4319483.743, 61
Trd, 4319484.343, 60
Trd, 4319485.193, 122
Trd, 4319485.443, 121
Trd, 4319485.493, 120
Trd, 4319488.943, 61
Trd, 4319489.793, 62
Trd, 4319490.543, 60
Trd, 4319491.443, 60
Trd, 4319491.943, 60
Trd, 4319492.493, 63
Trd, 4319492.993, 65
Trd, 4319493.043, 63
Trd, 4319493.343, 72
Trd, 4319493.843, 63
Trd, 4319493.943, 60
Trd, 4319494.743, 66
Trd, 4319495.493, 71
Trd, 4319496.043, 72
Trd, 4319496.843, 76
Trd, 4319497.493, 78
Trd, 4319498.043, 75
Trd, 4319499.693, 60
Trd, 4319500.343, 64
Trd, 4319502.043, 60
Trd, 4319503.693, 62
Trd, 4319503.893, 62
Trd, 4319504.443, 60
Trd, 4319505.693, 60
Trd, 4319506.143, 61
Trd, 4319506.693, 63
Trd, 4319507.643, 61
Trd, 4319508.243, 61
Trd, 4319508.593, 61
Trd, 4319508.693, 62
Trd, 4319509.243, 69
Trd, 4319510.343, 63
Trd, 4319511.443, 73
Trd, 4319512.193, 65
Trd, 4319512.643, 60
Trd, 4319514.243, 60
Trd, 4319514.593, 61
Trd, 4319515.793, 60
Trd, 4319517.543, 60
Trd, 4319517.943, 62
Trd, 4319518.943, 61
Trd, 4319519.243, 61
Trd, 4319520.093, 64
Trd, 4319520.193, 63
Trd, 4319520.493, 62
Trd, 4319520.943, 65
Trd, 4319521.443, 65
Trd, 4319521.893, 66
Trd, 4319521.993, 66
Trd, 4319522.893, 97
Trd, 4319523.093, 66
Trd, 4319524.843, 140
Trd, 4319524.993, 140
Trd, 4319525.543, 140
Trd, 4319526.343, 140
Trd, 4319526.493, 140
Trd, 4319529.193, 140
Trd, 4319529.743, 140
Trd, 4319530.043, 140
Trd, 4319530.293, 140
Trd, 4319531.293, 140
Trd, 4319531.743, 140
Trd, 4319532.093, 140
Trd, 4319533.143, 140
Trd, 4319533.793, 140
Trd, 4319534.343, 140
Trd, 4319535.543, 140
Trd, 4319535.693, 140
Trd, 4319535.743, 140
Trd, 4319535.943, 139
Trd, 4319536.593, 60
Trd, 4319538.343, 140
Trd, 4319539.343, 140
Trd, 4319539.543, 140
Trd, 4319539.893, 140
Trd, 4319540.843, 140
Trd, 4319542.193, 140
Trd, 4319542.893, 140
Trd, 4319543.443, 140
Trd, 4319544.593, 140
Trd, 4319544.893, 140
Trd, 4319545.393, 138
Trd, 4319546.393, 140
Trd, 4319546.593, 140
Trd, 4319547.893, 140
Trd, 4319547.993, 140
Trd, 4319548.393, 140
Trd, 4319548.543, 140
Trd, 4319548.693, 140
Trd, 4319549.343, 138
Trd, 4319549.593, 137
Trd, 4319550.593, 140
Trd, 4319551.143, 140
Trd, 4319553.793, 140
Trd, 4319554.043, 140
Trd, 4319554.193, 140
Trd, 4319554.793, 140
Trd, 4319556.043, 140
Trd, 4319556.143, 140
Trd, 4319556.343, 139
Trd, 4319556.693, 123
Trd, 4319557.193, 140
Trd, 4319558.143, 139
Trd, 4319559.093, 140
Trd, 4319560.143, 140
Trd, 4319561.743, 139
Trd, 4319561.993, 140
Trd, 4319562.293, 138
Trd, 4319562.493, 125
Trd, 4319562.693, 125
Trd, 4319563.043, 124
Trd, 4319564.643, 60
Trd, 4319566.593, 60
Trd, 4319568.393, 60
Trd, 4319569.793, 60
Trd, 4319570.143, 61
Trd, 4319570.493, 60
Trd, 4319570.543, 64
Trd, 4319571.193, 90
Trd, 4319571.993, 60
Trd, 4319572.793, 60
Trd, 4319573.993, 64
Trd, 4319574.293, 64
Trd, 4319574.993, 87
Trd, 4319575.043, 86
Trd, 4319576.043, 66
Trd, 4319576.093, 65
Trd, 4319576.443, 140
Trd, 4319576.593, 140
Trd, 4319576.743, 139
Trd, 4319577.943, 131
Trd, 4319578.793, 64
Trd, 4319578.843, 90
Trd, 4319578.943, 139
Trd, 4319581.893, 60
Trd, 4319585.393, 60
Trd, 4319585.543, 60
Trd, 4319585.593, 60
Trd, 4319586.443, 60
Trd, 4319586.493, 62
Trd, 4319586.943, 63
Trd, 4319587.593, 60
Trd, 4319587.993, 60
Trd, 4319588.743, 61
Trd, 4319592.493, 60
Trd, 4319592.943, 60
Trd, 4319593.043, 61
Trd, 4319593.493, 61
Trd, 4319593.693, 62
Trd, 4319593.793, 88
Trd, 4319593.893, 63
Trd, 4319594.493, 65
Trd, 4319595.243, 66
Trd, 4319596.093, 64
Trd, 4319596.793, 66
Trd, 4319596.843, 68
Trd, 4319598.143, 90
Trd, 4319598.693, 87
Trd, 4319599.343, 69
Trd, 4319600.043, 139
Trd, 4319601.193, 83
Trd, 4319601.543, 69
Trd, 4319602.093, 68
Trd, 4319602.293, 67
Trd, 4319603.293, 140
Trd, 4319604.743, 140
Trd, 4319604.993, 140
Trd, 4319605.193, 140
Trd, 4319605.693, 140
Trd, 4319606.193, 140
Trd, 4319606.293, 140
Trd, 4319607.793, 121
Trd, 4319607.843, 120
Trd, 4319608.243, 118
Trd, 4319610.893, 64
Trd, 4319612.993, 60
Trd, 4319613.193, 60
Trd, 4319613.743, 61
Trd, 4319613.893, 63
Trd, 4319614.393, 66
Trd, 4319614.493, 68
Trd, 4319614.893, 67
Trd, 4319615.043, 122
Trd, 4319615.393, 69
Trd, 4319615.843, 70
Trd, 4319616.543, 62
Trd, 4319619.143, 61
Trd, 4319620.593, 60
Trd, 4319622.243, 60
Trd, 4319622.443, 60
Trd, 4319623.093, 61
Trd, 4319623.593, 63
Trd, 4319623.943, 60
Trd, 4319624.243, 67
Trd, 4319625.943, 72
Trd, 4319626.043, 93
Trd, 4319626.543, 77
Trd, 4319626.643, 76
Trd, 4319627.593, 123
Trd, 4319627.793, 123
Trd, 4319628.443, 126
Trd, 4319629.093, 128
Trd, 4319629.243, 126
Trd, 4319631.343, 140
Trd, 4319631.493, 140
Trd, 4319632.193, 140
Trd, 4319632.343, 140
Trd, 4319632.493, 139
Trd, 4319633.493, 140
Trd, 4319633.843, 140
Trd, 4319634.043, 140
Trd, 4319634.793, 140
Trd, 4319635.193, 139
Trd, 4319635.893, 140
Trd, 4319636.093, 83
Trd, 4319636.593, 62
Trd, 4319637.243, 140
Trd, 4319639.343, 62
Trd, 4319639.943, 60
Trd, 4319640.143, 62
Trd, 4319640.493, 61
Trd, 4319640.793, 62
Trd, 4319642.243, 68
Trd, 4319642.543, 69
Trd, 4319644.143, 66
Trd, 4319645.593, 62
Trd, 4319646.643, 60
Trd, 4319648.643, 60
Trd, 4319650.093, 60
Trd, 4319650.893, 60
Trd, 4319650.943, 60
Trd, 4319651.443, 60
Trd, 4319652.143, 61
Trd, 4319652.693, 63
Trd, 4319653.093, 62
Trd, 4319653.193, 65
Trd, 4319653.393, 104
Trd, 4319654.193, 60
Trd, 4319654.543, 60
Trd, 4319656.243, 60
Trd, 4319656.493, 68
Trd, 4319658.943, 60
Trd, 4319660.493, 60
Trd, 4319660.643, 61
Trd, 4319662.343, 62
Trd, 4319664.543, 63
Trd, 4319664.643, 64
Trd, 4319664.843, 65
Trd, 4319664.993, 65
Trd, 4319665.943, 64
Trd, 4319666.743, 64
Trd, 4319667.493, 61
Trd, 4319668.793, 140
Trd, 4319669.243, 138
Trd, 4319669.693, 140
Trd, 4319670.743, 140
Trd, 4319670.793, 140
Trd, 4319671.893, 140
Trd, 4319674.043, 140
Trd, 4319674.293, 140
Trd, 4319675.393, 140
Trd, 4319675.443, 140
Trd, 4319676.293, 140
Trd, 4319676.443, 140
Trd, 4319677.143, 139
Trd, 4319677.543, 138
Trd, 4319678.593, 140
Trd, 4319678.643, 140
Trd, 4319680.643, 140
Trd, 4319681.193, 140
Trd, 4319682.843, 140
Trd, 4319684.193, 140
Trd, 4319684.343, 140
Trd, 4319684.393, 140
Trd, 4319684.443, 140
Trd, 4319684.593, 139
Trd, 4319685.843, 140
Trd, 4319686.393, 139
Trd, 4319686.693, 140
Trd, 4319687.443, 140
Trd, 4319687.593, 140
Trd, 4319688.543, 135
Trd, 4319688.993, 110
Trd, 4319689.293, 60
Trd, 4319691.143, 60
Trd, 4319693.143, 60
Trd, 4319693.293, 60
Trd, 4319695.743, 60
Trd, 4319695.943, 60
Trd, 4319698.193, 60
Trd, 4319698.643, 60
Trd, 4319698.793, 61
Trd, 4319698.843, 63
Trd, 4319699.543, 61
Trd, 4319700.093, 61
Trd, 4319700.493, 63
Trd, 4319701.043, 68
Trd, 4319701.643, 63
Trd, 4319703.543, 60
Trd, 4319703.993, 61
Trd, 4319706.093, 60
Trd, 4319707.043, 61
Trd, 4319707.593, 61
Trd, 4319707.943, 61
Trd, 4319708.193, 62
Trd, 4319708.343, 64
Trd, 4319708.493, 63
Trd, 4319708.593, 62
Trd, 4319708.893, 66
Trd, 4319712.893, 60
Trd, 4319712.943, 61
Trd, 4319715.043, 60
Trd, 4319716.443, 60
Trd, 4319716.493, 61
Trd, 4319716.843, 61
Trd, 4319717.093, 61
Trd, 4319717.343, 64
Trd, 4319717.593, 64
Trd, 4319718.643, 140
Trd, 4319718.693, 140
Trd, 4319719.293, 140
Trd, 4319720.743, 140
Trd, 4319721.093, 140
Trd, 4319721.693, 140
Trd, 4319722.293, 140
Trd, 4319722.343, 140
Trd, 4319723.093, 140
Trd, 4319723.893, 140
Trd, 4319726.093, 140
Trd, 4319726.293, 140
Trd, 4319727.393, 140
Trd, 4319728.093, 140
Trd, 4319728.343, 140
Trd, 4319728.643, 139
Trd, 4319729.193, 112
Trd, 4319730.293, 140
Trd, 4319730.693, 140
Trd, 4319730.943, 140
Trd, 4319731.543, 139
Trd, 4319732.293, 69
Trd, 4319732.593, 72
Trd, 4319734.493, 61
Trd, 4319735.193, 61
Trd, 4319736.343, 60
Trd, 4319738.193, 60
Trd, 4319740.043, 61
Trd, 4319740.793, 66
Trd, 4319742.193, 62
Trd, 4319742.443, 62
Trd, 4319742.793, 61
Trd, 4319742.993, 60
Trd, 4319744.343, 60
Trd, 4319744.593, 60
Trd, 4319744.893, 64
Trd, 4319745.443, 64
Trd, 4319746.493, 62
Trd, 4319746.793, 64
Trd, 4319747.843, 66
Trd, 4319748.293, 85
Trd, 4319749.543, 74
Trd, 4319749.593, 73
Trd, 4319749.643, 72
Trd, 4319750.293, 68
Trd, 4319750.743, 64
Trd, 4319751.593, 112
Trd, 4319751.993, 64
Trd, 4319752.343, 64
Trd, 4319753.343, 65
Trd, 4319753.793, 120
Trd, 4319755.793, 60
Trd, 4319756.343, 60
Trd, 4319758.993, 62
Trd, 4319759.493, 66
Trd, 4319761.943, 60
Trd, 4319764.143, 60
Trd, 4319764.393, 61
Trd, 4319764.843, 61
Trd, 4319765.193, 60
Trd, 4319765.293, 61
Trd, 4319765.793, 62
Trd, 4319766.093, 61
Trd, 4319766.543, 64
Trd, 4319766.643, 64
Trd, 4319767.243, 63
Trd, 4319767.693, 94
Trd, 4319771.643, 60
Trd, 4319772.243, 60
Trd, 4319773.443, 60
Trd, 4319774.143, 60
Trd, 4319774.643, 60
Trd, 4319776.243, 60
Trd, 4319776.343, 60
Trd, 4319776.693, 62
Trd, 4319776.793, 62
Trd, 4319776.843, 61
Trd, 4319777.293, 64
Trd, 4319777.443, 108
Trd, 4319778.543, 62
Trd, 4319781.493, 63
Trd, 4319782.143, 62
Trd, 4319782.293, 61
Trd, 4319782.393, 62
Trd, 4319782.943, 89
Trd, 4319783.193, 139
Trd, 4319784.393, 63
Trd, 4319784.443, 62
Trd, 4319785.093, 60
Trd, 4319785.743, 61
Trd, 4319786.593, 61
Trd, 4319790.143, 60
Trd, 4319790.693, 60
Trd, 4319790.743, 66
Trd, 4319791.993, 60
Trd, 4319792.293, 61
Trd, 4319792.693, 66
Trd, 4319792.893, 64
Trd, 4319793.043, 72
Trd, 4319794.343, 70
Trd, 4319795.243, 87
Trd, 4319795.293, 92
Trd, 4319796.143, 136
Trd, 4319796.343, 64
Trd, 4319796.493, 63
Trd, 4319796.843, 61
Trd, 4319797.343, 63
Trd, 4319798.193, 63
Trd, 4319798.893, 92
Trd, 4319799.743, 121
Trd, 4319800.693, 139
Trd, 4319801.393, 124
Trd, 4319802.493, 140
Trd, 4319802.743, 137
Trd, 4319803.093, 99
Trd, 4319804.443, 140
Trd, 4319804.643, 140
Trd, 4319804.693, 140
Trd, 4319805.243, 140
Trd, 4319805.793, 140
Trd, 4319805.943, 140
Trd, 4319806.893, 140
Trd, 4319808.343, 140
Trd, 4319808.843, 140
Trd, 4319809.843, 140
Trd, 4319809.993, 140
Trd, 4319810.043, 140
Trd, 4319810.093, 136
Trd, 4319812.743, 140
Trd, 4319812.793, 140
Trd, 4319812.893, 134
Trd, 4319814.243, 139
Trd, 4319814.393, 120
Trd, 4319815.143, 119
Trd, 4319816.543, 140
Trd, 4319816.943, 140
Trd, 4319817.743, 140
Trd, 4319818.743, 140
Trd, 4319818.993, 140
Trd, 4319819.593, 140
Trd, 4319820.693, 140
Trd, 4319821.043, 140
Trd, 4319821.543, 140
Trd, 4319823.343, 140
Trd, 4319823.743, 140
Trd, 4319824.393, 140
Trd, 4319824.793, 140
Trd, 4319825.693, 140
Trd, 4319826.343, 140
Trd, 4319826.643, 140
Trd, 4319827.593, 140
Trd, 4319827.693, 139
Trd, 4319829.693, 140
Trd, 4319829.793, 140
Trd, 4319830.343, 140
Trd, 4319831.893, 140
Trd, 4319832.393, 140
Trd, 4319832.593, 140
Trd, 4319833.693, 140
Trd, 4319834.743, 140
Trd, 4319835.593, 140
Trd, 4319835.793, 140
Trd, 4319837.143, 140
Trd, 4319837.343, 140
Trd, 4319838.343, 140
Trd, 4319838.693, 140
Trd, 4319839.093, 140
Trd, 4319839.593, 140
Trd, 4319840.693, 140
Trd, 4319840.793, 140
Trd, 4319841.093, 139
Trd, 4319842.943, 140
Trd, 4319843.393, 140
Trd, 4319843.443, 76
Trd, 4319844.093, 140
Trd, 4319846.043, 140
Trd, 4319846.943, 140
Trd, 4319847.143, 140
Trd, 4319847.293, 140
Trd, 4319847.443, 140
Trd, 4319849.743, 140
Trd, 4319850.143, 140
Trd, 4319850.543, 140
Trd, 4319851.543, 140
Trd, 4319852.143, 140
Trd, 4319852.593, 140
Trd, 4319853.593, 140
Trd, 4319853.893, 140
Trd, 4319854.143, 140
Trd, 4319855.043, 140
Trd, 4319856.243, 140
Trd, 4319856.693, 140
Trd, 4319857.443, 140
Trd, 4319858.243, 140
Trd, 4319859.243, 140
Trd, 4319859.443, 140
Trd, 4319859.993, 140
Trd, 4319860.843, 139
Trd, 4319861.193, 139
Trd, 4319862.043, 140
Trd, 4319862.293, 139
Trd, 4319863.693, 140
Trd, 4319865.093, 140
Trd, 4319866.993, 140
Trd, 4319867.043, 139
Trd, 4319867.543, 140
Trd, 4319868.643, 140
Trd, 4319869.193, 140
Trd, 4319870.043, 140
Trd, 4319870.193, 140
Trd, 4319870.293, 140
Trd, 4319872.943, 60
Trd, 4319873.193, 63
Trd, 4319873.443, 64
Trd, 4319873.843, 65
Trd, 4319874.143, 113
Trd, 4319874.493, 60
Trd, 4319874.643, 62
Trd, 4319876.093, 138
Trd, 4319876.393, 136
Trd, 4319877.443, 140
Trd, 4319877.893, 140
Trd, 4319879.043, 140
Trd, 4319879.093, 140
Trd, 4319879.343, 132
Trd, 4319880.343, 60
Trd, 4319882.193, 60
Trd, 4319884.543, 61
Trd, 4319886.743, 60
Trd, 4319887.693, 62
Trd, 4319888.093, 60
Trd, 4319888.693, 60
Trd, 4319888.893, 60
Trd, 4319889.093, 61
Trd, 4319889.143, 62
Trd, 4319889.293, 61
Trd, 4319889.393, 62
Trd, 4319889.443, 60
Trd, 4319890.793, 140
Trd, 4319891.443, 140
Trd, 4319891.543, 140
Trd, 4319892.743, 94
Trd, 4319893.693, 93
Trd, 4319894.193, 82
Trd, 4319894.943, 140
Trd, 4319895.093, 140
Trd, 4319895.243, 140
Trd, 4319895.593, 139
Trd, 4319897.193, 137
Trd, 4319897.693, 139
Trd, 4319898.493, 137
Trd, 4319899.043, 137
Trd, 4319900.343, 139
Trd, 4319901.093, 60
Trd, 4319901.143, 60
Trd, 4319902.993, 62
Trd, 4319904.993, 60
Trd, 4319905.043, 61
Trd, 4319906.393, 60
Trd, 4319907.543, 60
Trd, 4319907.943, 60
Trd, 4319908.643, 61
Trd, 4319908.843, 63
Trd, 4319908.893, 68
Trd, 4319909.043, 80
Trd, 4319909.893, 110
Trd, 4319910.193, 64
Trd, 4319910.593, 65
Trd, 4319911.643, 67
Trd, 4319911.893, 67
Trd, 4319913.593, 140
Trd, 4319914.443, 140
Trd, 4319915.443, 140
Trd, 4319916.643, 140
Trd, 4319917.093, 140
Trd, 4319917.193, 140
Trd, 4319918.093, 140
Trd, 4319918.193, 140
Trd, 4319918.543, 140
Trd, 4319920.643, 140
Trd, 4319921.193, 140
Trd, 4319921.543, 140
Trd, 4319921.893, 140
Trd, 4319922.643, 139
Trd, 4319922.843, 136
Trd, 4319923.293, 140
Trd, 4319924.193, 140
Trd, 4319924.293, 140
Trd, 4319924.793, 140
Trd, 4319925.793, 140
Trd, 4319926.593, 140
Trd, 4319927.993, 140
Trd, 4319928.043, 140
Trd, 4319928.793, 140
Trd, 4319929.443, 140
Trd, 4319930.543, 140
Trd, 4319931.443, 140
Trd, 4319931.743, 140
Trd, 4319931.943, 140
Trd, 4319932.743, 140
Trd, 4319933.593, 140
Trd, 4319933.643, 140
Trd, 4319935.193, 140
Trd, 4319935.743, 140
Trd, 4319936.443, 140
Trd, 4319936.543, 138
Trd, 4319936.893, 114
Trd, 4319937.593, 72
Trd, 4319938.343, 68
Trd, 4319939.143, 140
Trd, 4319940.543, 140
Trd, 4319941.143, 140
Trd, 4319941.443, 140
Trd, 4319942.193, 140
Trd, 4319942.943, 137
Trd, 4319944.393, 60
Trd, 4319946.143, 60
Trd, 4319946.293, 61
Trd, 4319946.693, 61
Trd, 4319946.793, 68
Trd, 4319946.943, 61
Trd, 4319947.443, 63
Trd, 4319947.993, 62
Trd, 4319949.043, 139
Trd, 4319949.743, 67
Trd, 4319950.593, 69
Trd, 4319950.643, 113
Trd, 4319950.843, 68
Trd, 4319951.543, 132
Trd, 4319952.343, 140
Trd, 4319952.443, 140
Trd, 4319955.343, 60
Trd, 4319958.843, 60
Trd, 4319960.043, 60
Trd, 4319960.343, 63
Trd, 4319961.743, 61
Trd, 4319961.843, 62
Trd, 4319962.543, 63
Trd, 4319962.793, 62
Trd, 4319963.293, 66
Trd, 4319963.743, 66
Trd, 4319964.393, 120
Trd, 4319964.443, 66
Trd, 4319965.843, 140
Trd, 4319966.593, 140
Trd, 4319966.643, 140
Trd, 4319968.293, 140
Trd, 4319969.543, 140
Trd, 4319969.593, 140
Trd, 4319969.793, 140
Trd, 4319969.843, 140
Trd, 4319970.293, 140
Trd, 4319970.493, 140
Trd, 4319970.593, 140
Trd, 4319971.243, 140
Trd, 4319972.693, 140
Trd, 4319972.743, 140
Trd, 4319973.643, 140
Trd, 4319974.493, 140
Trd, 4319974.693, 140
Trd, 4319977.193, 140
Trd, 4319978.793, 140
Trd, 4319979.093, 140
Trd, 4319979.243, 140
Trd, 4319979.743, 140
Trd, 4319979.893, 140
Trd, 4319980.193, 140
Trd, 4319980.543, 140
Trd, 4319982.043, 140
Trd, 4319983.243, 140
Trd, 4319983.843, 140
Trd, 4319984.043, 140
Trd, 4319985.143, 140
Trd, 4319985.243, 140
Trd, 4319985.593, 140
Trd, 4319986.443, 140
Trd, 4319987.043, 140
Trd, 4319988.143, 140
Trd, 4319988.593, 140
Trd, 4319988.643, 140
Trd, 4319988.993, 140
Trd, 4319989.343, 138
Trd, 4319989.493, 136
Trd, 4319990.493, 140
Trd, 4319991.743, 140
Trd, 4319991.793, 140
Trd, 4319992.143, 140
Trd, 4319992.443, 140
Trd, 4319993.693, 140
Trd, 4319993.943, 139
Trd, 4319994.043, 139
Trd, 4319996.043, 140
Trd, 4319996.243, 140
Trd, 4319996.993, 140
Trd, 4319997.043, 139
Trd, 4319997.993, 140
Trd, 4319998.343, 140
Trd, 4319999.343, 140
