Trd, 4318071.643, 116
Trd, 4318073.643, 129
Trd, 4318073.793, 131
Trd, 4318074.093, 131
Trd, 4318075.043, 89
Trd, 4318077.343, 140
Trd, 4318077.543, 131
Trd, 4318077.893, 117
Trd, 4318078.993, 111
Trd, 4318079.743, 119
Trd, 4318080.093, 101
Trd, 4318080.343, 63
Trd, 4318081.943, 61
Trd, 4318082.143, 137
Trd, 4318083.893, 132
Trd, 4318083.993, 129
Trd, 4318084.093, 127
Trd, 4318084.943, 89
Trd, 4318086.243, 140
Trd, 4318086.593, 139
Trd, 4318088.743, 136
Trd, 4318088.993, 139
Trd, 4318089.043, 133
Trd, 4318090.693, 116
Trd, 4318092.043, 121
Trd, 4318093.493, 133
Trd, 4318093.693, 134
Trd, 4318093.743, 104
Trd, 4318094.143, 88
Trd, 4318094.643, 140
Trd, 4318095.593, 121
Trd, 4318095.743, 108
Trd, 4318097.693, 118
Trd, 4318098.693, 98
Trd, 4318099.293, 96
Trd, 4318099.543, 95
Trd, 4318100.593, 87
Trd, 4318101.393, 138
Trd, 4318101.643, 91
Trd, 4318102.643, 85
Trd, 4318102.843, 89
Trd, 4318103.443, 84
Trd, 4318103.893, 126
Trd, 4318104.193, 103
Trd, 4318104.643, 78
Trd, 4318104.943, 115
Trd, 4318107.143, 80
Trd, 4318108.643, 87
Trd, 4318108.793, 106
Trd, 4318108.943, 135
Trd, 4318109.893, 122
Trd, 4318110.993, 128
Trd, 4318112.193, 123
Trd, 4318112.793, 112
Trd, 4318113.193, 99
Trd, 4318113.593, 133
Trd, 4318114.193, 93
Trd, 4318115.443, 71
Trd, 4318117.243, 135
Trd, 4318117.543, 130
Trd, 4318118.643, 135
Trd, 4318119.093, 138
Trd, 4318120.293, 119
Trd, 4318120.743, 105
Trd, 4318122.993, 140
Trd, 4318123.093, 140
Trd, 4318125.343, 140
Trd, 4318126.043, 139
Trd, 4318126.343, 136
Trd, 4318126.593, 129
Trd, 4318127.543, 140
Trd, 4318127.643, 136
Trd, 4318127.743, 114
Trd, 4318128.243, 89
Trd, 4318129.393, 104
Trd, 4318130.493, 140
Trd, 4318131.293, 136
Trd, 4318131.743, 134
Trd, 4318132.143, 137
Trd, 4318132.993, 110
Trd, 4318133.043, 108
Trd, 4318134.593, 108
Trd, 4318136.693, 140
Trd, 4318138.343, 136
Trd, 4318138.393, 134
Trd, 4318139.293, 131
Trd, 4318140.943, 136
Trd, 4318140.993, 133
Trd, 4318141.843, 125
Trd, 4318143.443, 125
Trd, 4318144.793, 108
Trd, 4318144.893, 85
Trd, 4318145.693, 82
Trd, 4318146.143, 130
Trd, 4318148.293, 121
Trd, 4318148.843, 115
Trd, 4318149.543, 137
Trd, 4318149.643, 134
Trd, 4318150.093, 123
Trd, 4318150.243, 92
Trd, 4318150.643, 68
Trd, 4318151.493, 133
Trd, 4318152.343, 139
Trd, 4318152.893, 120
Trd, 4318153.343, 111
Trd, 4318154.943, 132
Trd, 4318156.393, 127
Trd, 4318156.843, 123
Trd, 4318157.843, 138
Trd, 4318158.593, 131
Trd, 4318159.093, 114
Trd, 4318159.593, 111
Trd, 4318160.043, 137
Trd, 4318160.193, 136
Trd, 4318161.093, 128
Trd, 4318162.043, 134
Trd, 4318163.243, 101
Trd, 4318164.193, 92
Trd, 4318165.043, 101
Trd, 4318167.543, 131
Trd, 4318167.893, 129
Trd, 4318168.143, 119
Trd, 4318168.393, 105
Trd, 4318168.593, 137
Trd, 4318169.493, 136
Trd, 4318169.993, 133
Trd, 4318170.543, 102
Trd, 4318170.593, 97
Trd, 4318172.193, 112
Trd, 4318172.693, 72
Trd, 4318173.793, 140
Trd, 4318174.143, 139
Trd, 4318175.243, 112
Trd, 4318176.243, 114
Trd, 4318176.293, 81
Trd, 4318178.293, 137
Trd, 4318178.443, 138
Trd, 4318179.043, 140
Trd, 4318180.443, 134
Trd, 4318181.793, 104
Trd, 4318182.643, 127
Trd, 4318183.693, 132
Trd, 4318184.193, 126
Trd, 4318185.643, 136
Trd, 4318185.943, 136
Trd, 4318186.043, 127
Trd, 4318186.143, 102
Trd, 4318186.993, 138
Trd, 4318188.093, 111
Trd, 4318188.543, 127
Trd, 4318189.393, 114
Trd, 4318189.893, 89
Trd, 4318190.143, 88
Trd, 4318190.693, 125
Trd, 4318191.943, 123
Trd, 4318193.343, 93
Trd, 4318193.443, 90
Trd, 4318194.043, 100
Trd, 4318195.143, 100
Trd, 4318195.593, 138
Trd, 4318195.943, 135
Trd, 4318196.243, 116
Trd, 4318196.443, 94
Trd, 4318196.993, 93
Trd, 4318198.943, 122
Trd, 4318200.393, 108
Trd, 4318200.993, 104
Trd, 4318201.143, 105
Trd, 4318201.493, 102
Trd, 4318203.593, 124
Trd, 4318203.993, 109
Trd, 4318205.343, 93
Trd, 4318205.943, 96
Trd, 4318206.293, 138
Trd, 4318207.393, 102
Trd, 4318207.793, 95
Trd, 4318208.943, 114
Trd, 4318210.093, 122
Trd, 4318210.493, 111
Trd, 4318210.543, 132
Trd, 4318211.193, 134
Trd, 4318212.143, 97
Trd, 4318212.643, 117
Trd, 4318212.943, 85
Trd, 4318213.193, 84
Trd, 4318214.993, 127
Trd, 4318217.443, 140
Trd, 4318217.543, 139
Trd, 4318218.393, 124
Trd, 4318218.793, 116
Trd, 4318219.093, 134
Trd, 4318219.393, 136
Trd, 4318219.843, 130
Trd, 4318220.393, 107
Trd, 4318220.693, 122
Trd, 4318220.743, 105
Trd, 4318222.393, 140
Trd, 4318224.593, 138
Trd, 4318224.993, 135
Trd, 4318226.293, 139
Trd, 4318226.393, 138
Trd, 4318226.743, 112
Trd, 4318227.893, 140
Trd, 4318228.893, 128
Trd, 4318229.193, 83
Trd, 4318230.493, 89
Trd, 4318231.393, 98
Trd, 4318232.643, 121
Trd, 4318233.043, 131
Trd, 4318233.493, 119
Trd, 4318234.443, 89
Trd, 4318234.793, 108
Trd, 4318235.993, 124
Trd, 4318237.043, 95
Trd, 4318237.743, 121
Trd, 4318238.443, 71
Trd, 4318239.093, 131
Trd, 4318239.243, 130
Trd, 4318241.193, 136
Trd, 4318241.293, 133
Trd, 4318241.493, 100
Trd, 4318242.643, 139
Trd, 4318242.743, 95
Trd, 4318245.043, 122
Trd, 4318246.043, 125
Trd, 4318246.093, 103
Trd, 4318247.143, 93
Trd, 4318247.543, 105
Trd, 4318248.293, 108
Trd, 4318248.593, 79
Trd, 4318249.043, 127
Trd, 4318249.293, 140
Trd, 4318249.493, 98
Trd, 4318251.543, 99
Trd, 4318253.093, 110
Trd, 4318255.543, 106
Trd, 4318255.993, 106
Trd, 4318256.593, 133
Trd, 4318256.943, 137
Trd, 4318258.093, 131
Trd, 4318259.193, 137
Trd, 4318260.293, 132
Trd, 4318260.543, 130
Trd, 4318261.443, 110
Trd, 4318261.793, 99
Trd, 4318262.543, 92
Trd, 4318263.793, 113
Trd, 4318264.293, 104
Trd, 4318264.693, 103
Trd, 4318264.893, 102
Trd, 4318265.193, 136
Trd, 4318265.743, 60
Trd, 4318267.893, 93
Trd, 4318268.593, 136
Trd, 4318269.243, 94
Trd, 4318269.693, 134
Trd, 4318271.093, 137
Trd, 4318271.493, 101
Trd, 4318272.093, 99
Trd, 4318272.593, 139
Trd, 4318273.893, 73
Trd, 4318274.793, 83
Trd, 4318275.193, 140
Trd, 4318276.393, 137
Trd, 4318276.443, 120
Trd, 4318277.543, 87
Trd, 4318277.843, 74
Trd, 4318278.393, 70
Trd, 4318278.443, 118
Trd, 4318280.093, 101
Trd, 4318280.443, 94
Trd, 4318281.793, 140
Trd, 4318284.243, 134
Trd, 4318285.693, 130
Trd, 4318285.993, 105
Trd, 4318286.693, 130
Trd, 4318286.843, 116
Trd, 4318287.243, 115
Trd, 4318287.693, 103
Trd, 4318289.443, 73
Trd, 4318290.493, 88
Trd, 4318290.793, 117
Trd, 4318292.293, 135
Trd, 4318292.493, 118
Trd, 4318292.743, 135
Trd, 4318293.293, 139
Trd, 4318294.093, 140
Trd, 4318294.943, 112
Trd, 4318296.243, 140
Trd, 4318296.343, 133
Trd, 4318297.393, 103
Trd, 4318298.393, 133
Trd, 4318298.943, 131
Trd, 4318299.893, 135
Trd, 4318301.193, 129
Trd, 4318301.743, 129
Trd, 4318302.493, 122
Trd, 4318303.043, 131
Trd, 4318304.443, 134
Trd, 4318305.743, 137
Trd, 4318305.843, 128
Trd, 4318305.893, 115
Trd, 4318305.943, 100
Trd, 4318307.293, 139
Trd, 4318307.743, 121
Trd, 4318308.093, 115
Trd, 4318309.393, 136
Trd, 4318309.493, 111
Trd, 4318309.993, 127
Trd, 4318312.643, 112
Trd, 4318312.943, 110
Trd, 4318313.743, 115
Trd, 4318314.493, 90
Trd, 4318315.593, 81
Trd, 4318316.893, 115
Trd, 4318318.243, 135
Trd, 4318318.443, 120
Trd, 4318318.493, 111
Trd, 4318319.443, 137
Trd, 4318320.293, 132
Trd, 4318320.643, 128
Trd, 4318322.343, 140
Trd, 4318323.493, 130
Trd, 4318323.593, 125
Trd, 4318324.443, 101
Trd, 4318324.843, 82
Trd, 4318325.393, 61
Trd, 4318325.893, 76
Trd, 4318328.493, 104
Trd, 4318329.993, 138
Trd, 4318330.543, 135
Trd, 4318331.493, 140
Trd, 4318332.093, 133
Trd, 4318332.843, 112
Trd, 4318334.443, 126
Trd, 4318334.893, 125
Trd, 4318336.793, 136
Trd, 4318337.243, 140
Trd, 4318337.893, 127
Trd, 4318338.693, 135
Trd, 4318339.243, 118
Trd, 4318339.893, 131
Trd, 4318341.893, 115
Trd, 4318342.093, 113
Trd, 4318342.343, 109
Trd, 4318342.393, 93
Trd, 4318345.743, 119
Trd, 4318345.843, 123
Trd, 4318345.993, 95
Trd, 4318347.443, 139
Trd, 4318348.693, 138
Trd, 4318348.743, 128
Trd, 4318349.793, 136
Trd, 4318350.143, 120
Trd, 4318352.693, 132
Trd, 4318354.993, 135
Trd, 4318355.293, 133
Trd, 4318356.243, 127
Trd, 4318356.293, 125
Trd, 4318357.643, 138
Trd, 4318358.593, 106
Trd, 4318359.693, 105
Trd, 4318360.043, 101
Trd, 4318361.593, 140
Trd, 4318362.143, 133
Trd, 4318362.243, 107
Trd, 4318362.643, 79
Trd, 4318363.993, 99
Trd, 4318364.793, 94
Trd, 4318366.143, 132
Trd, 4318368.443, 139
Trd, 4318368.643, 136
Trd, 4318368.843, 133
Trd, 4318368.893, 119
Trd, 4318369.143, 134
Trd, 4318369.993, 74
Trd, 4318370.393, 126
Trd, 4318370.543, 64
Trd, 4318371.193, 98
Trd, 4318371.593, 69
Trd, 4318372.643, 124
Trd, 4318375.243, 136
Trd, 4318376.543, 127
Trd, 4318377.293, 123
Trd, 4318377.893, 118
Trd, 4318377.993, 117
Trd, 4318379.293, 139
Trd, 4318380.043, 126
Trd, 4318380.643, 99
Trd, 4318381.143, 129
Trd, 4318383.093, 135
Trd, 4318383.193, 134
Trd, 4318383.593, 97
Trd, 4318384.843, 129
Trd, 4318385.693, 115
Trd, 4318386.393, 123
Trd, 4318387.543, 132
Trd, 4318388.493, 131
Trd, 4318389.243, 110
Trd, 4318389.893, 136
Trd, 4318390.493, 136
Trd, 4318391.543, 83
Trd, 4318392.643, 85
Trd, 4318392.943, 121
Trd, 4318394.193, 135
Trd, 4318394.443, 100
Trd, 4318394.943, 138
Trd, 4318395.443, 139
Trd, 4318397.043, 124
Trd, 4318398.993, 118
Trd, 4318399.843, 136
Trd, 4318401.093, 92
Trd, 4318401.243, 130
Trd, 4318402.043, 93
Trd, 4318402.893, 137
Trd, 4318404.543, 120
Trd, 4318404.593, 118
Trd, 4318404.893, 118
Trd, 4318405.493, 94
Trd, 4318407.493, 130
Trd, 4318407.793, 100
Trd, 4318408.843, 138
Trd, 4318409.243, 86
Trd, 4318409.343, 99
Trd, 4318409.443, 86
Trd, 4318409.493, 82
Trd, 4318410.393, 63
Trd, 4318411.043, 117
Trd, 4318414.893, 140
Trd, 4318415.393, 139
Trd, 4318415.593, 136
Trd, 4318415.743, 111
Trd, 4318416.543, 132
Trd, 4318417.243, 127
Trd, 4318418.843, 135
Trd, 4318419.143, 132
Trd, 4318420.543, 134
Trd, 4318421.743, 134
Trd, 4318422.693, 117
Trd, 4318423.343, 96
Trd, 4318423.943, 110
Trd, 4318424.693, 134
Trd, 4318425.893, 121
Trd, 4318426.393, 119
Trd, 4318426.793, 127
Trd, 4318427.343, 73
Trd, 4318428.393, 130
Trd, 4318428.693, 90
Trd, 4318430.493, 99
Trd, 4318431.393, 123
Trd, 4318431.943, 137
Trd, 4318432.293, 95
Trd, 4318433.093, 121
Trd, 4318433.743, 100
Trd, 4318434.193, 134
Trd, 4318435.143, 114
Trd, 4318435.243, 82
Trd, 4318435.843, 78
Trd, 4318436.493, 106
Trd, 4318437.243, 77
Trd, 4318437.843, 137
Trd, 4318438.543, 90
Trd, 4318438.893, 134
Trd, 4318439.343, 131
Trd, 4318440.593, 126
Trd, 4318443.093, 138
Trd, 4318444.143, 138
Trd, 4318444.943, 140
Trd, 4318446.243, 138
Trd, 4318446.943, 131
Trd, 4318447.243, 128
Trd, 4318447.893, 126
Trd, 4318448.993, 85
Trd, 4318449.693, 136
Trd, 4318449.993, 131
Trd, 4318452.143, 116
Trd, 4318453.143, 140
Trd, 4318453.193, 113
Trd, 4318453.493, 126
Trd, 4318454.893, 127
Trd, 4318456.643, 128
Trd, 4318457.093, 138
Trd, 4318457.243, 111
Trd, 4318457.493, 108
Trd, 4318458.493, 111
Trd, 4318458.743, 119
Trd, 4318459.493, 108
Trd, 4318460.243, 139
Trd, 4318461.943, 65
Trd, 4318462.243, 138
Trd, 4318463.693, 68
Trd, 4318464.193, 92
Trd, 4318464.393, 130
Trd, 4318465.543, 130
Trd, 4318465.693, 132
Trd, 4318465.893, 118
Trd, 4318467.243, 140
Trd, 4318467.793, 136
Trd, 4318468.693, 140
Trd, 4318468.893, 126
Trd, 4318469.043, 112
Trd, 4318469.193, 108
Trd, 4318471.543, 113
Trd, 4318471.643, 114
Trd, 4318471.893, 133
Trd, 4318472.293, 111
Trd, 4318472.943, 119
Trd, 4318473.443, 108
Trd, 4318474.243, 122
Trd, 4318476.893, 135
Trd, 4318477.243, 139
Trd, 4318477.743, 136
Trd, 4318479.993, 101
Trd, 4318480.243, 114
Trd, 4318480.893, 125
Trd, 4318481.043, 93
Trd, 4318482.543, 82
Trd, 4318482.593, 90
Trd, 4318483.193, 106
Trd, 4318483.293, 132
Trd, 4318484.593, 95
Trd, 4318484.893, 83
Trd, 4318486.343, 126
Trd, 4318486.643, 124
Trd, 4318487.193, 127
Trd, 4318487.443, 129
Trd, 4318487.493, 104
Trd, 4318487.843, 75
Trd, 4318489.093, 64
Trd, 4318490.593, 140
Trd, 4318491.493, 136
Trd, 4318493.343, 130
Trd, 4318494.693, 124
Trd, 4318494.743, 117
Trd, 4318495.593, 71
Trd, 4318497.143, 129
Trd, 4318497.693, 128
Trd, 4318497.793, 128
Trd, 4318498.293, 112
Trd, 4318499.043, 123
Trd, 4318499.643, 82
Trd, 4318500.043, 136
Trd, 4318500.843, 81
Trd, 4318503.593, 82
Trd, 4318503.943, 61
Trd, 4318505.243, 138
Trd, 4318505.543, 125
Trd, 4318505.693, 110
Trd, 4318505.793, 103
Trd, 4318506.493, 128
Trd, 4318507.143, 76
Trd, 4318508.543, 78
Trd, 4318509.843, 91
Trd, 4318510.043, 137
Trd, 4318510.893, 89
Trd, 4318511.243, 77
Trd, 4318511.493, 112
Trd, 4318511.643, 111
Trd, 4318512.543, 66
Trd, 4318514.143, 140
Trd, 4318515.243, 137
Trd, 4318517.393, 111
Trd, 4318517.543, 111
Trd, 4318518.843, 132
Trd, 4318520.293, 139
Trd, 4318520.843, 136
Trd, 4318521.293, 137
Trd, 4318522.243, 125
Trd, 4318522.543, 138
Trd, 4318523.293, 66
Trd, 4318524.843, 87
Trd, 4318526.143, 120
Trd, 4318527.043, 139
Trd, 4318527.943, 132
Trd, 4318528.093, 118
Trd, 4318530.893, 107
Trd, 4318531.843, 107
Trd, 4318532.543, 138
Trd, 4318533.293, 117
Trd, 4318533.393, 94
Trd, 4318534.343, 122
Trd, 4318535.043, 90
Trd, 4318535.093, 124
Trd, 4318535.593, 81
Trd, 4318537.143, 108
Trd, 4318538.693, 140
Trd, 4318539.143, 104
Trd, 4318541.443, 138
Trd, 4318542.643, 125
Trd, 4318543.243, 118
Trd, 4318543.843, 116
Trd, 4318544.743, 138
Trd, 4318545.093, 136
Trd, 4318545.743, 74
Trd, 4318546.093, 106
Trd, 4318546.993, 113
Trd, 4318547.193, 89
Trd, 4318550.043, 126
Trd, 4318550.093, 117
Trd, 4318550.243, 115
Trd, 4318550.693, 129
Trd, 4318552.843, 138
Trd, 4318553.043, 132
Trd, 4318553.143, 103
Trd, 4318554.393, 122
Trd, 4318555.993, 113
Trd, 4318557.293, 137
Trd, 4318557.443, 134
Trd, 4318557.493, 131
Trd, 4318557.793, 121
Trd, 4318558.993, 132
Trd, 4318559.193, 127
Trd, 4318561.893, 134
Trd, 4318561.943, 132
Trd, 4318562.293, 115
Trd, 4318562.393, 113
Trd, 4318563.043, 137
Trd, 4318563.793, 78
Trd, 4318564.043, 108
Trd, 4318564.943, 75
Trd, 4318565.443, 133
Trd, 4318566.993, 107
Trd, 4318567.093, 105
Trd, 4318567.393, 93
Trd, 4318567.943, 103
Trd, 4318568.843, 140
Trd, 4318569.743, 64
Trd, 4318570.843, 93
Trd, 4318571.443, 107
Trd, 4318571.743, 125
Trd, 4318572.593, 93
Trd, 4318572.693, 91
Trd, 4318573.943, 72
Trd, 4318574.243, 134
Trd, 4318576.993, 119
Trd, 4318577.743, 131
Trd, 4318578.543, 120
Trd, 4318579.393, 132
Trd, 4318580.443, 135
Trd, 4318580.543, 129
Trd, 4318581.043, 119
Trd, 4318581.093, 118
Trd, 4318581.943, 128
Trd, 4318582.343, 136
Trd, 4318582.693, 74
Trd, 4318583.143, 90
Trd, 4318584.393, 97
Trd, 4318584.743, 80
Trd, 4318585.743, 68
Trd, 4318586.643, 73
Trd, 4318588.343, 89
Trd, 4318588.393, 137
Trd, 4318590.893, 122
Trd, 4318591.693, 118
Trd, 4318592.093, 121
Trd, 4318592.293, 104
Trd, 4318593.093, 121
Trd, 4318593.193, 100
Trd, 4318594.293, 135
Trd, 4318595.693, 134
Trd, 4318595.843, 105
Trd, 4318597.543, 133
Trd, 4318597.693, 130
Trd, 4318599.593, 140
Trd, 4318600.543, 134
Trd, 4318600.843, 132
Trd, 4318600.943, 128
Trd, 4318602.193, 116
Trd, 4318603.093, 87
Trd, 4318604.443, 75
Trd, 4318604.943, 66
Trd, 4318605.793, 140
Trd, 4318606.443, 137
Trd, 4318606.843, 134
Trd, 4318607.393, 131
Trd, 4318607.593, 101
Trd, 4318609.193, 101
Trd, 4318609.693, 77
Trd, 4318609.893, 136
Trd, 4318610.743, 93
Trd, 4318611.593, 126
Trd, 4318613.293, 140
Trd, 4318613.643, 136
Trd, 4318613.693, 110
Trd, 4318615.143, 106
Trd, 4318615.343, 106
Trd, 4318615.993, 116
Trd, 4318616.293, 101
Trd, 4318616.843, 122
Trd, 4318618.193, 137
Trd, 4318619.193, 76
Trd, 4318619.993, 139
Trd, 4318620.493, 139
Trd, 4318621.043, 74
Trd, 4318621.693, 111
Trd, 4318622.093, 109
Trd, 4318622.143, 104
Trd, 4318624.343, 79
Trd, 4318625.043, 62
Trd, 4318625.643, 76
Trd, 4318626.193, 117
Trd, 4318627.693, 140
Trd, 4318628.793, 136
Trd, 4318628.843, 133
Trd, 4318628.943, 120
Trd, 4318629.843, 133
Trd, 4318630.143, 120
Trd, 4318631.743, 140
Trd, 4318631.843, 120
Trd, 4318632.743, 122
Trd, 4318634.043, 65
Trd, 4318635.293, 133
Trd, 4318636.093, 107
Trd, 4318636.393, 105
Trd, 4318636.793, 97
Trd, 4318638.793, 138
Trd, 4318639.243, 135
Trd, 4318639.343, 140
Trd, 4318640.893, 89
Trd, 4318641.293, 112
Trd, 4318641.443, 82
Trd, 4318642.043, 94
Trd, 4318642.643, 103
Trd, 4318643.493, 91
Trd, 4318643.893, 83
Trd, 4318644.493, 126
Trd, 4318644.943, 134
Trd, 4318645.743, 104
Trd, 4318646.843, 102
Trd, 4318648.443, 140
Trd, 4318648.943, 131
Trd, 4318649.693, 115
Trd, 4318650.293, 114
Trd, 4318651.393, 113
Trd, 4318651.443, 111
Trd, 4318651.693, 83
Trd, 4318652.693, 130
Trd, 4318652.893, 89
Trd, 4318654.343, 102
Trd, 4318654.393, 96
Trd, 4318655.743, 138
Trd, 4318656.293, 118
Trd, 4318656.593, 117
Trd, 4318658.243, 125
Trd, 4318658.293, 108
Trd, 4318660.693, 137
Trd, 4318661.043, 131
Trd, 4318661.993, 112
Trd, 4318662.343, 96
Trd, 4318662.443, 95
Trd, 4318665.393, 118
Trd, 4318666.743, 107
Trd, 4318667.793, 131
Trd, 4318668.143, 128
Trd, 4318668.643, 110
Trd, 4318668.743, 109
Trd, 4318668.793, 98
Trd, 4318669.243, 83
Trd, 4318670.243, 140
Trd, 4318670.293, 136
Trd, 4318670.993, 100
Trd, 4318671.993, 87
Trd, 4318673.343, 139
Trd, 4318674.243, 140
Trd, 4318675.643, 140
Trd, 4318676.193, 112
Trd, 4318676.843, 134
Trd, 4318677.543, 109
Trd, 4318677.693, 101
Trd, 4318677.893, 89
Trd, 4318678.193, 101
Trd, 4318679.593, 129
Trd, 4318683.043, 111
Trd, 4318683.343, 109
Trd, 4318683.743, 120
Trd, 4318684.393, 138
Trd, 4318684.593, 129
Trd, 4318685.943, 96
Trd, 4318685.993, 88
Trd, 4318686.943, 78
Trd, 4318687.243, 77
Trd, 4318687.593, 116
Trd, 4318688.193, 114
Trd, 4318689.993, 110
Trd, 4318690.393, 133
Trd, 4318690.743, 123
Trd, 4318692.393, 139
Trd, 4318692.693, 128
Trd, 4318692.893, 85
Trd, 4318693.343, 134
Trd, 4318695.243, 71
Trd, 4318696.693, 139
Trd, 4318696.793, 137
Trd, 4318698.443, 138
Trd, 4318699.743, 136
Trd, 4318699.793, 133
Trd, 4318700.343, 128
Trd, 4318701.193, 125
Trd, 4318703.193, 103
Trd, 4318703.993, 127
Trd, 4318704.843, 124
Trd, 4318705.093, 127
Trd, 4318705.493, 140
Trd, 4318706.043, 95
Trd, 4318706.343, 132
Trd, 4318706.543, 102
Trd, 4318707.493, 138
Trd, 4318709.043, 132
Trd, 4318709.543, 129
Trd, 4318709.643, 129
Trd, 4318710.143, 99
Trd, 4318710.493, 92
Trd, 4318712.643, 132
Trd, 4318713.593, 112
Trd, 4318714.793, 139
Trd, 4318715.193, 138
Trd, 4318716.093, 135
Trd, 4318716.193, 125
Trd, 4318716.343, 123
Trd, 4318717.443, 132
Trd, 4318718.393, 110
Trd, 4318719.843, 123
Trd, 4318720.343, 122
Trd, 4318723.143, 135
Trd, 4318723.693, 126
Trd, 4318724.093, 97
Trd, 4318724.943, 82
Trd, 4318725.193, 95
Trd, 4318725.293, 118
Trd, 4318725.643, 97
Trd, 4318726.043, 118
Trd, 4318726.643, 108
Trd, 4318726.793, 107
Trd, 4318728.543, 111
Trd, 4318729.343, 134
Trd, 4318729.993, 125
Trd, 4318730.193, 124
Trd, 4318731.143, 92
Trd, 4318732.943, 97
Trd, 4318733.393, 140
Trd, 4318733.793, 129
Trd, 4318734.243, 118
Trd, 4318734.893, 67
Trd, 4318735.343, 84
Trd, 4318735.893, 123
Trd, 4318736.243, 84
Trd, 4318738.143, 92
Trd, 4318739.993, 112
Trd, 4318740.143, 111
Trd, 4318740.243, 109
Trd, 4318740.393, 139
Trd, 4318741.243, 101
Trd, 4318742.993, 122
Trd, 4318743.143, 94
Trd, 4318743.793, 134
Trd, 4318743.993, 129
Trd, 4318745.293, 89
Trd, 4318745.743, 64
Trd, 4318747.093, 135
Trd, 4318747.243, 124
Trd, 4318747.843, 114
Trd, 4318749.393, 64
Trd, 4318750.393, 89
Trd, 4318751.693, 136
Trd, 4318752.543, 125
Trd, 4318752.593, 125
Trd, 4318754.543, 125
Trd, 4318754.843, 140
Trd, 4318754.893, 123
Trd, 4318755.293, 115
Trd, 4318755.643, 124
Trd, 4318755.693, 99
Trd, 4318757.393, 96
Trd, 4318758.043, 135
Trd, 4318759.093, 139
Trd, 4318759.593, 108
Trd, 4318759.643, 103
Trd, 4318759.943, 100
Trd, 4318762.243, 129
Trd, 4318762.343, 128
Trd, 4318764.143, 134
Trd, 4318765.893, 140
Trd, 4318766.143, 136
Trd, 4318766.843, 119
Trd, 4318767.493, 137
Trd, 4318767.893, 95
Trd, 4318768.593, 78
Trd, 4318769.143, 80
Trd, 4318769.193, 87
Trd, 4318770.993, 135
Trd, 4318772.043, 136
Trd, 4318774.293, 139
Trd, 4318775.543, 77
Trd, 4318775.893, 108
Trd, 4318778.143, 140
Trd, 4318778.543, 140
Trd, 4318779.593, 127
Trd, 4318780.643, 105
Trd, 4318781.193, 99
Trd, 4318781.343, 98
Trd, 4318781.543, 95
Trd, 4318781.693, 88
Trd, 4318782.693, 122
Trd, 4318783.443, 113
Trd, 4318784.443, 135
Trd, 4318785.293, 94
Trd, 4318786.143, 129
Trd, 4318786.593, 109
Trd, 4318787.243, 108
Trd, 4318788.043, 104
Trd, 4318789.393, 127
Trd, 4318789.693, 126
Trd, 4318789.893, 132
Trd, 4318791.293, 115
Trd, 4318792.493, 132
Trd, 4318792.743, 109
Trd, 4318794.893, 125
Trd, 4318796.343, 110
Trd, 4318796.943, 137
Trd, 4318797.343, 108
Trd, 4318798.293, 115
Trd, 4318799.343, 127
Trd, 4318799.443, 123
Trd, 4318799.693, 80
Trd, 4318800.643, 139
Trd, 4318801.293, 130
Trd, 4318801.843, 108
Trd, 4318803.043, 120
Trd, 4318803.543, 128
Trd, 4318803.843, 116
Trd, 4318804.643, 98
Trd, 4318805.443, 79
Trd, 4318805.993, 73
Trd, 4318806.443, 60
Trd, 4318808.343, 83
Trd, 4318808.393, 103
Trd, 4318808.643, 85
Trd, 4318810.443, 128
Trd, 4318810.943, 112
Trd, 4318811.793, 125
Trd, 4318812.443, 137
Trd, 4318813.093, 109
Trd, 4318813.643, 93
Trd, 4318813.843, 81
Trd, 4318813.893, 73
Trd, 4318814.693, 139
Trd, 4318816.093, 140
Trd, 4318816.993, 119
Trd, 4318817.143, 115
Trd, 4318818.593, 126
Trd, 4318819.043, 106
Trd, 4318820.693, 103
Trd, 4318821.443, 140
Trd, 4318821.943, 136
Trd, 4318824.293, 103
Trd, 4318824.693, 72
Trd, 4318825.943, 81
Trd, 4318826.393, 123
Trd, 4318827.293, 140
Trd, 4318828.093, 73
Trd, 4318828.343, 91
Trd, 4318828.693, 121
Trd, 4318829.343, 134
Trd, 4318829.993, 133
Trd, 4318830.693, 140
Trd, 4318831.143, 102
Trd, 4318831.393, 93
Trd, 4318831.943, 125
Trd, 4318832.043, 115
Trd, 4318832.993, 92
Trd, 4318834.293, 92
Trd, 4318835.643, 132
Trd, 4318835.743, 83
Trd, 4318836.343, 71
Trd, 4318838.043, 139
Trd, 4318839.543, 138
Trd, 4318839.743, 132
Trd, 4318840.543, 107
Trd, 4318842.543, 99
Trd, 4318842.793, 131
Trd, 4318842.993, 137
Trd, 4318843.293, 104
Trd, 4318843.693, 87
Trd, 4318843.893, 140
Trd, 4318845.843, 136
Trd, 4318846.593, 138
Trd, 4318846.893, 133
Trd, 4318848.093, 91
Trd, 4318849.093, 121
Trd, 4318849.643, 139
Trd, 4318850.093, 90
Trd, 4318850.993, 91
Trd, 4318851.393, 76
Trd, 4318853.243, 139
Trd, 4318854.243, 138
Trd, 4318855.593, 137
Trd, 4318855.893, 131
Trd, 4318856.243, 88
Trd, 4318856.593, 70
Trd, 4318857.643, 62
Trd, 4318858.293, 132
Trd, 4318858.443, 133
Trd, 4318859.593, 122
Trd, 4318859.743, 111
Trd, 4318859.893, 86
Trd, 4318861.893, 108
Trd, 4318862.093, 116
Trd, 4318862.943, 134
Trd, 4318863.243, 136
Trd, 4318865.743, 103
Trd, 4318865.793, 79
Trd, 4318866.243, 127
Trd, 4318867.743, 92
Trd, 4318868.893, 80
Trd, 4318868.993, 93
Trd, 4318870.393, 119
Trd, 4318871.993, 113
Trd, 4318872.693, 138
Trd, 4318872.743, 110
Trd, 4318873.393, 68
Trd, 4318875.443, 102
Trd, 4318875.493, 113
Trd, 4318875.893, 80
Trd, 4318877.443, 120
Trd, 4318878.543, 120
Trd, 4318878.643, 88
Trd, 4318879.943, 134
Trd, 4318880.343, 121
Trd, 4318880.643, 119
Trd, 4318881.993, 132
Trd, 4318882.093, 76
Trd, 4318882.943, 126
Trd, 4318883.793, 135
Trd, 4318884.893, 99
Trd, 4318885.293, 98
Trd, 4318885.943, 77
Trd, 4318886.243, 140
Trd, 4318886.543, 134
Trd, 4318887.593, 105
Trd, 4318887.643, 88
Trd, 4318887.893, 129
Trd, 4318888.793, 91
Trd, 4318890.193, 131
Trd, 4318890.543, 129
Trd, 4318892.393, 130
Trd, 4318892.543, 130
Trd, 4318894.293, 139
Trd, 4318897.593, 130
Trd, 4318897.743, 127
Trd, 4318898.843, 99
Trd, 4318898.893, 106
Trd, 4318899.843, 139
Trd, 4318900.093, 94
Trd, 4318900.193, 92
Trd, 4318901.643, 123
Trd, 4318901.893, 104
Trd, 4318902.593, 105
Trd, 4318902.743, 99
Trd, 4318904.743, 135
Trd, 4318904.793, 111
Trd, 4318905.443, 94
Trd, 4318906.193, 130
Trd, 4318908.943, 140
Trd, 4318910.243, 132
Trd, 4318910.793, 130
Trd, 4318911.743, 129
Trd, 4318911.793, 105
Trd, 4318911.943, 101
Trd, 4318912.643, 132
Trd, 4318913.443, 129
Trd, 4318913.743, 88
Trd, 4318914.243, 98
Trd, 4318916.493, 101
Trd, 4318917.893, 136
Trd, 4318918.243, 133
Trd, 4318918.693, 110
Trd, 4318918.843, 108
Trd, 4318919.643, 133
Trd, 4318921.443, 81
Trd, 4318921.843, 96
Trd, 4318921.993, 96
Trd, 4318922.843, 127
Trd, 4318922.943, 84
Trd, 4318924.493, 122
Trd, 4318925.293, 133
Trd, 4318925.693, 88
Trd, 4318926.593, 82
Trd, 4318926.943, 66
Trd, 4318928.243, 110
Trd, 4318929.243, 126
Trd, 4318931.143, 140
Trd, 4318931.193, 135
Trd, 4318932.393, 129
Trd, 4318933.043, 100
Trd, 4318933.293, 99
Trd, 4318933.943, 129
Trd, 4318934.143, 127
Trd, 4318934.993, 124
Trd, 4318935.293, 107
Trd, 4318935.943, 113
Trd, 4318936.743, 109
Trd, 4318936.793, 103
Trd, 4318939.543, 128
Trd, 4318939.993, 108
Trd, 4318942.643, 138
Trd, 4318943.343, 138
Trd, 4318943.493, 135
Trd, 4318943.993, 129
Trd, 4318944.393, 123
Trd, 4318944.443, 121
Trd, 4318945.093, 136
Trd, 4318945.143, 119
Trd, 4318946.593, 114
Trd, 4318947.093, 118
Trd, 4318948.293, 117
Trd, 4318948.493, 62
Trd, 4318949.893, 64
Trd, 4318950.993, 63
Trd, 4318951.293, 88
Trd, 4318951.343, 127
Trd, 4318951.793, 60
Trd, 4318953.343, 102
Trd, 4318954.593, 104
Trd, 4318955.343, 126
Trd, 4318955.793, 106
Trd, 4318955.843, 103
Trd, 4318956.343, 107
Trd, 4318958.193, 99
Trd, 4318959.743, 139
Trd, 4318960.993, 111
Trd, 4318961.793, 114
Trd, 4318962.393, 102
Trd, 4318962.643, 129
Trd, 4318964.393, 127
Trd, 4318964.593, 123
Trd, 4318965.193, 129
Trd, 4318967.543, 125
Trd, 4318967.993, 118
Trd, 4318969.543, 135
Trd, 4318969.693, 134
Trd, 4318970.143, 132
Trd, 4318970.393, 118
Trd, 4318971.693, 109
Trd, 4318971.843, 102
Trd, 4318972.043, 118
Trd, 4318972.243, 100
Trd, 4318973.593, 93
Trd, 4318975.943, 84
Trd, 4318976.393, 120
Trd, 4318977.343, 137
Trd, 4318977.893, 94
Trd, 4318978.743, 94
Trd, 4318981.293, 99
Trd, 4318981.493, 121
Trd, 4318981.693, 82
Trd, 4318982.743, 86
Trd, 4318983.243, 129
Trd, 4318984.693, 97
Trd, 4318984.943, 111
Trd, 4318985.593, 138
Trd, 4318988.093, 122
Trd, 4318988.643, 121
Trd, 4318988.843, 133
Trd, 4318991.293, 96
Trd, 4318991.343, 99
Trd, 4318992.143, 138
Trd, 4318992.293, 126
Trd, 4318992.893, 131
Trd, 4318994.343, 107
Trd, 4318995.393, 125
Trd, 4318995.643, 131
Trd, 4318997.793, 112
Trd, 4318998.493, 131
Trd, 4318999.193, 102
Trd, 4318999.443, 136
Trd, 4318999.643, 91
Trd, 4319000.593, 110
Trd, 4319001.143, 129
Trd, 4319002.943, 137
Trd, 4319003.893, 132
Trd, 4319005.193, 137
Trd, 4319006.243, 134
Trd, 4319006.743, 120
Trd, 4319006.993, 94
Trd, 4319007.693, 129
Trd, 4319008.343, 139
Trd, 4319008.393, 83
Trd, 4319009.593, 102
Trd, 4319010.343, 88
Trd, 4319011.643, 113
Trd, 4319012.393, 136
Trd, 4319012.543, 107
Trd, 4319012.643, 105
Trd, 4319013.443, 123
Trd, 4319015.843, 138
Trd, 4319016.243, 137
Trd, 4319016.743, 98
Trd, 4319017.493, 81
Trd, 4319018.643, 126
Trd, 4319018.743, 118
Trd, 4319021.743, 136
Trd, 4319021.793, 135
Trd, 4319022.193, 130
Trd, 4319025.243, 131
Trd, 4319025.493, 129
Trd, 4319025.693, 109
Trd, 4319025.843, 138
Trd, 4319026.643, 97
Trd, 4319027.543, 92
Trd, 4319028.143, 91
Trd, 4319028.293, 63
Trd, 4319029.193, 119
Trd, 4319030.243, 116
Trd, 4319031.443, 137
Trd, 4319032.893, 129
Trd, 4319032.993, 116
Trd, 4319033.393, 115
Trd, 4319033.543, 112
Trd, 4319033.743, 90
Trd, 4319034.493, 94
Trd, 4319035.943, 91
Trd, 4319036.393, 110
Trd, 4319037.293, 140
Trd, 4319037.743, 136
Trd, 4319038.243, 140
Trd, 4319038.343, 115
Trd, 4319038.843, 138
Trd, 4319039.093, 104
Trd, 4319039.643, 124
Trd, 4319041.093, 96
Trd, 4319042.443, 127
Trd, 4319044.393, 137
Trd, 4319044.543, 82
Trd, 4319044.843, 80
Trd, 4319046.443, 105
Trd, 4319046.643, 95
Trd, 4319047.193, 136
Trd, 4319047.693, 80
Trd, 4319048.543, 101
Trd, 4319049.343, 108
Trd, 4319049.943, 120
Trd, 4319050.393, 131
Trd, 4319051.243, 85
Trd, 4319052.493, 139
Trd, 4319052.643, 121
Trd, 4319054.093, 139
Trd, 4319054.743, 113
Trd, 4319054.993, 103
Trd, 4319055.343, 62
Trd, 4319056.043, 140
Trd, 4319056.543, 128
Trd, 4319057.143, 128
Trd, 4319057.643, 126
Trd, 4319058.293, 120
Trd, 4319059.143, 136
Trd, 4319059.293, 135
Trd, 4319059.743, 132
Trd, 4319060.593, 139
Trd, 4319060.843, 96
Trd, 4319062.293, 114
Trd, 4319062.643, 100
Trd, 4319063.043, 96
Trd, 4319064.293, 140
Trd, 4319065.243, 91
Trd, 4319065.993, 98
Trd, 4319066.343, 130
Trd, 4319067.693, 92
Trd, 4319069.093, 137
Trd, 4319069.593, 136
Trd, 4319070.643, 134
Trd, 4319071.993, 140
Trd, 4319072.643, 107
Trd, 4319073.693, 94
Trd, 4319073.943, 87
Trd, 4319074.093, 85
Trd, 4319074.393, 76
Trd, 4319076.193, 116
Trd, 4319077.793, 132
Trd, 4319079.193, 138
Trd, 4319079.443, 132
Trd, 4319080.293, 127
Trd, 4319081.893, 129
Trd, 4319082.943, 101
Trd, 4319083.243, 108
Trd, 4319083.493, 99
Trd, 4319084.543, 138
Trd, 4319084.693, 121
Trd, 4319087.393, 140
Trd, 4319087.443, 139
Trd, 4319087.543, 136
Trd, 4319087.993, 108
Trd, 4319088.093, 99
Trd, 4319088.393, 85
Trd, 4319089.493, 64
Trd, 4319090.493, 133
Trd, 4319090.793, 136
Trd, 4319091.193, 77
Trd, 4319093.643, 137
Trd, 4319094.693, 131
Trd, 4319097.493, 131
Trd, 4319097.593, 129
Trd, 4319097.643, 126
Trd, 4319098.193, 119
Trd, 4319100.543, 139
Trd, 4319100.643, 122
Trd, 4319101.993, 114
Trd, 4319103.243, 110
Trd, 4319103.643, 106
Trd, 4319104.343, 122
Trd, 4319105.143, 102
Trd, 4319105.943, 102
Trd, 4319107.993, 131
Trd, 4319108.593, 139
Trd, 4319108.893, 105
Trd, 4319109.243, 102
Trd, 4319110.343, 90
Trd, 4319110.643, 89
Trd, 4319111.543, 138
Trd, 4319112.643, 114
Trd, 4319113.043, 113
Trd, 4319113.093, 104
Trd, 4319114.093, 112
Trd, 4319115.043, 137
Trd, 4319115.193, 136
Trd, 4319115.743, 104
Trd, 4319115.793, 99
Trd, 4319117.393, 107
Trd, 4319118.043, 113
Trd, 4319118.443, 76
Trd, 4319120.443, 122
Trd, 4319120.593, 99
Trd, 4319120.943, 113
Trd, 4319121.393, 103
Trd, 4319121.643, 132
Trd, 4319123.493, 132
Trd, 4319123.693, 129
Trd, 4319125.893, 126
Trd, 4319126.343, 131
Trd, 4319126.543, 138
Trd, 4319127.293, 138
Trd, 4319127.543, 113
Trd, 4319128.293, 112
Trd, 4319128.643, 85
Trd, 4319130.293, 121
Trd, 4319130.843, 107
Trd, 4319131.393, 86
Trd, 4319132.093, 95
Trd, 4319132.493, 84
Trd, 4319133.893, 76
Trd, 4319135.393, 101
Trd, 4319137.043, 136
Trd, 4319138.193, 123
Trd, 4319140.193, 133
Trd, 4319140.243, 124
Trd, 4319140.393, 123
Trd, 4319140.943, 133
Trd, 4319142.043, 65
Trd, 4319142.543, 65
Trd, 4319143.193, 139
Trd, 4319144.643, 138
Trd, 4319145.143, 131
Trd, 4319145.493, 128
Trd, 4319145.993, 124
Trd, 4319147.843, 109
Trd, 4319147.943, 108
Trd, 4319148.143, 95
Trd, 4319148.593, 121
Trd, 4319148.843, 89
Trd, 4319150.643, 113
Trd, 4319150.993, 76
Trd, 4319151.493, 79
Trd, 4319152.843, 101
Trd, 4319153.443, 136
Trd, 4319154.243, 106
Trd, 4319155.443, 134
Trd, 4319155.843, 124
Trd, 4319156.793, 139
Trd, 4319158.843, 139
Trd, 4319158.893, 138
Trd, 4319160.143, 130
Trd, 4319160.893, 92
Trd, 4319162.293, 117
Trd, 4319162.943, 63
Trd, 4319163.693, 67
Trd, 4319164.693, 88
Trd, 4319165.343, 140
Trd, 4319166.543, 103
Trd, 4319166.643, 104
Trd, 4319167.293, 130
Trd, 4319167.793, 129
Trd, 4319169.043, 121
Trd, 4319169.393, 137
Trd, 4319170.743, 74
Trd, 4319173.143, 137
Trd, 4319173.593, 136
Trd, 4319173.793, 115
Trd, 4319174.443, 112
Trd, 4319174.593, 120
Trd, 4319176.893, 120
Trd, 4319176.943, 99
Trd, 4319178.093, 111
Trd, 4319178.193, 109
Trd, 4319178.243, 134
Trd, 4319179.543, 103
Trd, 4319179.793, 85
Trd, 4319180.493, 130
Trd, 4319181.193, 140
Trd, 4319181.793, 110
Trd, 4319184.043, 124
Trd, 4319184.393, 133
Trd, 4319185.193, 118
Trd, 4319185.593, 103
Trd, 4319186.043, 139
Trd, 4319186.343, 135
Trd, 4319187.443, 97
Trd, 4319187.793, 96
Trd, 4319188.193, 114
Trd, 4319189.293, 140
Trd, 4319190.293, 134
Trd, 4319191.843, 139
Trd, 4319192.293, 111
Trd, 4319194.393, 137
Trd, 4319194.693, 136
Trd, 4319195.143, 103
Trd, 4319195.943, 95
Trd, 4319195.993, 84
Trd, 4319196.443, 136
Trd, 4319197.343, 96
Trd, 4319199.543, 115
Trd, 4319200.643, 90
Trd, 4319200.743, 119
Trd, 4319202.243, 135
Trd, 4319202.543, 133
Trd, 4319202.943, 120
Trd, 4319204.343, 118
Trd, 4319206.643, 108
Trd, 4319207.393, 119
Trd, 4319207.493, 105
Trd, 4319207.793, 103
Trd, 4319209.293, 140
Trd, 4319209.893, 136
Trd, 4319209.943, 134
Trd, 4319210.193, 130
Trd, 4319210.293, 133
Trd, 4319210.493, 112
Trd, 4319211.943, 62
Trd, 4319212.793, 60
Trd, 4319213.343, 89
Trd, 4319214.893, 121
Trd, 4319215.243, 104
Trd, 4319216.193, 106
Trd, 4319217.693, 91
Trd, 4319220.493, 135
Trd, 4319220.643, 129
Trd, 4319220.993, 106
Trd, 4319221.093, 100
Trd, 4319221.593, 73
Trd, 4319221.693, 137
Trd, 4319222.543, 120
Trd, 4319223.393, 140
Trd, 4319225.693, 132
Trd, 4319226.593, 118
Trd, 4319226.643, 115
Trd, 4319226.943, 133
Trd, 4319227.543, 100
Trd, 4319227.843, 89
Trd, 4319228.993, 139
Trd, 4319232.043, 138
Trd, 4319232.443, 118
Trd, 4319233.643, 113
Trd, 4319234.393, 109
Trd, 4319235.343, 110
Trd, 4319235.443, 109
Trd, 4319235.843, 113
Trd, 4319236.543, 101
Trd, 4319236.743, 99
Trd, 4319238.993, 121
Trd, 4319239.393, 103
Trd, 4319239.543, 93
Trd, 4319239.993, 90
Trd, 4319241.243, 140
Trd, 4319244.643, 139
Trd, 4319244.793, 136
Trd, 4319246.243, 129
Trd, 4319246.343, 128
Trd, 4319246.543, 127
Trd, 4319247.043, 138
Trd, 4319247.793, 139
Trd, 4319248.293, 128
Trd, 4319248.443, 89
Trd, 4319249.793, 101
Trd, 4319249.893, 79
Trd, 4319251.743, 65
Trd, 4319252.843, 139
Trd, 4319252.893, 135
Trd, 4319255.693, 131
Trd, 4319255.843, 130
Trd, 4319255.993, 87
Trd, 4319256.093, 76
Trd, 4319257.693, 112
Trd, 4319258.343, 128
Trd, 4319258.493, 127
Trd, 4319259.543, 110
Trd, 4319261.493, 118
Trd, 4319263.443, 130
Trd, 4319264.093, 103
Trd, 4319264.993, 106
Trd, 4319265.243, 105
Trd, 4319265.843, 81
Trd, 4319266.843, 138
Trd, 4319267.643, 137
Trd, 4319269.643, 112
Trd, 4319269.693, 121
Trd, 4319270.693, 83
Trd, 4319271.393, 96
Trd, 4319271.543, 81
Trd, 4319271.893, 98
Trd, 4319272.743, 126
Trd, 4319273.543, 136
Trd, 4319275.843, 113
Trd, 4319275.943, 104
Trd, 4319276.543, 129
Trd, 4319277.243, 93
Trd, 4319277.343, 92
Trd, 4319278.943, 127
Trd, 4319280.143, 138
Trd, 4319280.743, 105
Trd, 4319281.593, 140
Trd, 4319282.143, 131
Trd, 4319284.693, 129
Trd, 4319285.793, 136
Trd, 4319286.343, 138
Trd, 4319286.493, 132
Trd, 4319287.093, 138
Trd, 4319287.293, 135
Trd, 4319287.543, 108
Trd, 4319289.393, 133
Trd, 4319289.943, 105
Trd, 4319290.793, 139
Trd, 4319291.043, 111
Trd, 4319292.643, 137
Trd, 4319292.843, 134
Trd, 4319294.143, 127
Trd, 4319295.643, 120
Trd, 4319296.643, 128
Trd, 4319297.293, 125
Trd, 4319298.793, 101
Trd, 4319298.893, 95
Trd, 4319299.393, 117
Trd, 4319301.493, 136
Trd, 4319302.043, 117
Trd, 4319302.593, 95
Trd, 4319302.643, 94
Trd, 4319305.893, 140
Trd, 4319306.243, 137
Trd, 4319306.843, 136
Trd, 4319308.293, 138
Trd, 4319308.593, 101
Trd, 4319308.893, 135
Trd, 4319310.043, 128
Trd, 4319310.543, 133
Trd, 4319310.893, 102
Trd, 4319313.293, 140
Trd, 4319314.443, 139
Trd, 4319314.793, 133
Trd, 4319315.393, 121
Trd, 4319316.443, 65
Trd, 4319317.343, 65
Trd, 4319318.543, 115
Trd, 4319318.593, 85
Trd, 4319318.643, 71
Trd, 4319320.393, 109
Trd, 4319320.943, 127
Trd, 4319321.093, 108
Trd, 4319322.043, 135
Trd, 4319324.293, 117
Trd, 4319325.143, 115
Trd, 4319325.393, 87
Trd, 4319325.843, 126
Trd, 4319326.043, 133
Trd, 4319327.093, 104
Trd, 4319327.593, 140
Trd, 4319329.643, 101
Trd, 4319331.343, 115
Trd, 4319331.843, 88
Trd, 4319332.793, 139
Trd, 4319333.393, 115
Trd, 4319334.343, 96
Trd, 4319334.843, 127
Trd, 4319335.893, 118
Trd, 4319336.893, 138
Trd, 4319338.243, 140
Trd, 4319338.643, 128
Trd, 4319339.693, 128
Trd, 4319341.393, 122
Trd, 4319342.693, 137
Trd, 4319344.243, 133
Trd, 4319344.343, 130
Trd, 4319345.693, 132
Trd, 4319347.093, 139
Trd, 4319347.343, 138
Trd, 4319347.543, 95
Trd, 4319347.693, 93
Trd, 4319350.193, 138
Trd, 4319350.543, 118
Trd, 4319351.843, 117
Trd, 4319352.043, 95
Trd, 4319352.093, 92
Trd, 4319352.143, 72
Trd, 4319353.693, 111
Trd, 4319354.443, 138
Trd, 4319354.593, 137
Trd, 4319355.593, 107
Trd, 4319356.643, 82
Trd, 4319357.343, 109
Trd, 4319357.643, 97
Trd, 4319358.293, 118
Trd, 4319359.393, 131
Trd, 4319359.443, 109
Trd, 4319360.043, 136
Trd, 4319361.543, 130
Trd, 4319362.943, 133
Trd, 4319363.243, 127
Trd, 4319364.193, 61
Trd, 4319365.043, 67
Trd, 4319365.993, 77
Trd, 4319366.093, 92
Trd, 4319367.143, 67
Trd, 4319367.843, 116
Trd, 4319370.143, 110
Trd, 4319370.293, 109
Trd, 4319370.843, 96
Trd, 4319371.093, 79
Trd, 4319371.543, 76
Trd, 4319372.293, 135
Trd, 4319372.493, 83
Trd, 4319373.043, 131
Trd, 4319373.093, 75
Trd, 4319375.043, 90
Trd, 4319375.243, 120
Trd, 4319376.093, 91
Trd, 4319376.893, 68
Trd, 4319376.943, 82
Trd, 4319378.743, 131
Trd, 4319379.193, 133
Trd, 4319379.893, 126
Trd, 4319381.093, 130
Trd, 4319381.343, 139
Trd, 4319382.243, 137
Trd, 4319382.443, 135
Trd, 4319382.793, 139
Trd, 4319383.343, 117
Trd, 4319384.243, 83
Trd, 4319384.593, 88
Trd, 4319387.943, 124
Trd, 4319388.193, 123
Trd, 4319388.293, 122
Trd, 4319388.693, 130
Trd, 4319388.893, 100
Trd, 4319389.443, 93
Trd, 4319389.943, 139
Trd, 4319390.493, 125
Trd, 4319390.693, 105
Trd, 4319392.643, 71
Trd, 4319393.293, 99
Trd, 4319393.443, 103
Trd, 4319395.043, 128
Trd, 4319395.393, 126
Trd, 4319397.543, 136
Trd, 4319397.843, 132
Trd, 4319398.043, 131
Trd, 4319398.693, 113
Trd, 4319399.543, 88
Trd, 4319399.743, 94
Trd, 4319399.943, 82
Trd, 4319401.993, 100
Trd, 4319402.043, 94
Trd, 4319402.643, 123
Trd, 4319402.793, 97
Trd, 4319403.343, 125
Trd, 4319403.543, 109
Trd, 4319404.693, 133
Trd, 4319405.243, 140
Trd, 4319405.543, 128
Trd, 4319406.443, 116
Trd, 4319406.843, 132
Trd, 4319407.343, 103
Trd, 4319407.393, 107
Trd, 4319408.243, 63
Trd, 4319409.093, 67
Trd, 4319409.193, 140
Trd, 4319412.493, 127
Trd, 4319412.793, 126
Trd, 4319412.943, 125
Trd, 4319413.393, 119
Trd, 4319413.443, 95
Trd, 4319413.743, 114
Trd, 4319416.243, 102
Trd, 4319416.393, 81
Trd, 4319417.293, 62
Trd, 4319417.443, 130
Trd, 4319417.993, 115
Trd, 4319420.393, 111
Trd, 4319420.943, 116
Trd, 4319421.793, 121
Trd, 4319422.593, 134
Trd, 4319423.543, 135
Trd, 4319424.643, 101
Trd, 4319424.943, 100
Trd, 4319425.643, 114
Trd, 4319426.043, 139
Trd, 4319427.343, 113
Trd, 4319428.393, 110
Trd, 4319428.743, 107
Trd, 4319429.143, 133
Trd, 4319430.243, 122
Trd, 4319431.193, 129
Trd, 4319431.493, 102
Trd, 4319432.743, 140
Trd, 4319434.143, 139
Trd, 4319434.193, 137
Trd, 4319434.443, 136
Trd, 4319436.193, 138
Trd, 4319436.893, 137
Trd, 4319437.193, 131
Trd, 4319437.443, 116
Trd, 4319438.943, 110
Trd, 4319439.293, 127
Trd, 4319441.493, 138
Trd, 4319441.543, 136
Trd, 4319442.143, 118
Trd, 4319443.993, 138
Trd, 4319444.343, 132
Trd, 4319444.893, 129
Trd, 4319446.143, 123
Trd, 4319447.943, 124
Trd, 4319447.993, 104
Trd, 4319448.493, 115
Trd, 4319448.543, 116
Trd, 4319449.193, 138
Trd, 4319449.943, 97
Trd, 4319451.093, 130
Trd, 4319451.143, 127
Trd, 4319452.143, 107
Trd, 4319452.593, 131
Trd, 4319452.843, 75
Trd, 4319454.743, 129
Trd, 4319454.993, 125
Trd, 4319456.743, 136
Trd, 4319457.193, 131
Trd, 4319457.393, 69
Trd, 4319458.043, 126
Trd, 4319460.193, 140
Trd, 4319460.493, 108
Trd, 4319460.643, 97
Trd, 4319461.893, 139
Trd, 4319461.993, 131
Trd, 4319462.693, 90
Trd, 4319463.143, 69
Trd, 4319464.593, 126
Trd, 4319464.943, 125
Trd, 4319465.443, 115
Trd, 4319466.193, 119
Trd, 4319466.743, 118
Trd, 4319466.793, 104
Trd, 4319467.843, 128
Trd, 4319467.993, 91
Trd, 4319469.443, 135
Trd, 4319470.793, 110
Trd, 4319471.393, 125
Trd, 4319472.043, 96
Trd, 4319472.443, 105
Trd, 4319473.593, 134
Trd, 4319473.693, 131
Trd, 4319474.393, 122
Trd, 4319475.093, 139
Trd, 4319475.743, 111
Trd, 4319476.593, 140
Trd, 4319476.843, 136
Trd, 4319478.343, 89
Trd, 4319478.643, 113
Trd, 4319479.543, 106
Trd, 4319479.843, 70
Trd, 4319479.993, 125
Trd, 4319480.643, 131
Trd, 4319482.143, 66
Trd, 4319482.993, 101
Trd, 4319484.693, 113
Trd, 4319484.993, 90
Trd, 4319485.443, 140
Trd, 4319486.343, 137
Trd, 4319486.743, 140
Trd, 4319487.793, 120
Trd, 4319487.843, 139
Trd, 4319489.243, 116
Trd, 4319489.793, 100
Trd, 4319490.293, 130
Trd, 4319490.593, 91
Trd, 4319491.493, 91
Trd, 4319493.093, 106
Trd, 4319493.293, 114
Trd, 4319494.093, 126
Trd, 4319495.293, 121
Trd, 4319495.693, 119
Trd, 4319497.143, 140
Trd, 4319497.293, 136
Trd, 4319497.593, 65
Trd, 4319497.643, 61
Trd, 4319499.093, 134
Trd, 4319499.293, 78
Trd, 4319499.843, 84
Trd, 4319500.993, 130
Trd, 4319502.543, 114
Trd, 4319502.943, 88
Trd, 4319502.993, 84
Trd, 4319503.393, 113
Trd, 4319503.793, 107
Trd, 4319505.443, 140
Trd, 4319505.643, 112
Trd, 4319505.793, 111
Trd, 4319506.693, 139
Trd, 4319508.443, 127
Trd, 4319509.443, 125
Trd, 4319511.243, 91
Trd, 4319511.443, 90
Trd, 4319511.843, 89
Trd, 4319512.693, 82
Trd, 4319514.143, 130
Trd, 4319514.943, 114
Trd, 4319515.793, 129
Trd, 4319516.243, 130
Trd, 4319516.593, 112
Trd, 4319519.193, 137
Trd, 4319520.943, 133
Trd, 4319521.493, 140
Trd, 4319521.643, 127
Trd, 4319521.943, 123
Trd, 4319522.143, 101
Trd, 4319524.443, 138
Trd, 4319524.493, 135
Trd, 4319525.093, 132
Trd, 4319526.443, 120
Trd, 4319526.893, 126
Trd, 4319528.093, 126
Trd, 4319528.593, 97
Trd, 4319530.843, 139
Trd, 4319530.943, 109
Trd, 4319531.093, 104
Trd, 4319531.793, 137
Trd, 4319532.243, 104
Trd, 4319532.293, 102
Trd, 4319532.343, 99
Trd, 4319532.993, 136
Trd, 4319534.893, 88
Trd, 4319535.293, 86
Trd, 4319537.193, 87
Trd, 4319537.343, 101
Trd, 4319539.343, 127
Trd, 4319539.393, 126
Trd, 4319542.743, 136
Trd, 4319542.793, 136
Trd, 4319543.643, 134
Trd, 4319545.493, 126
Trd, 4319545.543, 124
Trd, 4319547.593, 138
Trd, 4319548.393, 138
Trd, 4319548.493, 136
Trd, 4319548.893, 139
Trd, 4319549.393, 131
Trd, 4319549.843, 130
Trd, 4319550.643, 99
Trd, 4319550.993, 88
Trd, 4319552.143, 66
Trd, 4319552.893, 68
Trd, 4319552.993, 73
Trd, 4319553.443, 87
Trd, 4319554.193, 68
Trd, 4319555.543, 106
Trd, 4319556.643, 134
Trd, 4319557.443, 111
Trd, 4319559.243, 138
Trd, 4319560.493, 117
Trd, 4319561.843, 124
Trd, 4319562.043, 113
Trd, 4319562.793, 100
Trd, 4319563.143, 130
Trd, 4319563.893, 123
Trd, 4319564.293, 121
Trd, 4319564.843, 140
Trd, 4319566.143, 130
Trd, 4319567.243, 109
Trd, 4319567.293, 98
Trd, 4319568.993, 98
Trd, 4319570.193, 80
Trd, 4319570.793, 121
Trd, 4319572.543, 132
Trd, 4319574.693, 133
Trd, 4319575.543, 102
Trd, 4319576.093, 140
Trd, 4319577.393, 114
Trd, 4319578.393, 114
Trd, 4319578.593, 111
Trd, 4319579.393, 135
Trd, 4319579.493, 120
Trd, 4319579.543, 110
Trd, 4319581.293, 65
Trd, 4319581.643, 84
Trd, 4319582.143, 82
Trd, 4319582.193, 83
Trd, 4319582.293, 99
Trd, 4319582.493, 75
Trd, 4319582.593, 71
Trd, 4319584.643, 125
Trd, 4319584.843, 102
Trd, 4319586.293, 120
Trd, 4319586.643, 135
Trd, 4319587.293, 134
Trd, 4319587.593, 132
Trd, 4319587.693, 109
Trd, 4319588.143, 96
Trd, 4319589.593, 97
Trd, 4319590.143, 86
Trd, 4319592.043, 136
Trd, 4319592.293, 140
Trd, 4319592.393, 119
Trd, 4319592.543, 119
Trd, 4319592.893, 119
Trd, 4319593.343, 123
Trd, 4319593.793, 122
Trd, 4319595.793, 61
Trd, 4319596.993, 137
Trd, 4319598.093, 137
Trd, 4319598.343, 136
Trd, 4319598.493, 133
Trd, 4319598.993, 139
Trd, 4319599.043, 133
Trd, 4319600.293, 138
Trd, 4319600.893, 137
Trd, 4319601.643, 138
Trd, 4319601.693, 114
Trd, 4319602.093, 124
Trd, 4319602.793, 99
Trd, 4319604.893, 129
Trd, 4319605.243, 127
Trd, 4319605.343, 126
Trd, 4319606.943, 137
Trd, 4319608.593, 140
Trd, 4319609.093, 137
Trd, 4319609.143, 136
Trd, 4319610.543, 128
Trd, 4319610.793, 103
Trd, 4319611.743, 114
Trd, 4319612.143, 96
Trd, 4319612.393, 90
Trd, 4319613.243, 139
Trd, 4319613.693, 74
Trd, 4319614.393, 99
Trd, 4319615.943, 123
Trd, 4319617.243, 139
Trd, 4319617.693, 120
Trd, 4319617.943, 119
Trd, 4319617.993, 101
Trd, 4319619.493, 138
Trd, 4319620.693, 138
Trd, 4319620.993, 135
Trd, 4319621.943, 90
Trd, 4319622.643, 85
Trd, 4319623.343, 98
Trd, 4319624.543, 107
Trd, 4319625.043, 139
Trd, 4319625.293, 127
Trd, 4319625.843, 96
Trd, 4319627.293, 136
Trd, 4319628.443, 135
Trd, 4319629.593, 127
Trd, 4319629.993, 126
Trd, 4319630.293, 123
Trd, 4319630.643, 98
Trd, 4319631.093, 128
Trd, 4319632.193, 140
Trd, 4319632.343, 136
Trd, 4319633.543, 95
Trd, 4319633.943, 120
Trd, 4319634.393, 94
Trd, 4319634.893, 137
Trd, 4319637.743, 139
Trd, 4319638.143, 125
Trd, 4319638.343, 123
Trd, 4319639.593, 126
Trd, 4319639.743, 119
Trd, 4319641.593, 95
Trd, 4319641.743, 126
Trd, 4319643.943, 72
Trd, 4319644.043, 77
Trd, 4319644.393, 109
Trd, 4319644.943, 99
Trd, 4319645.943, 91
Trd, 4319647.743, 120
Trd, 4319648.393, 137
Trd, 4319650.743, 135
Trd, 4319650.893, 119
Trd, 4319650.943, 89
Trd, 4319651.743, 140
Trd, 4319651.943, 140
Trd, 4319653.243, 133
Trd, 4319654.743, 121
Trd, 4319655.243, 124
Trd, 4319655.443, 133
Trd, 4319655.993, 140
Trd, 4319656.693, 123
Trd, 4319657.193, 111
Trd, 4319657.843, 134
Trd, 4319658.243, 136
Trd, 4319658.593, 131
Trd, 4319659.543, 102
Trd, 4319659.593, 104
Trd, 4319660.943, 123
Trd, 4319661.543, 119
Trd, 4319661.993, 115
Trd, 4319662.743, 140
Trd, 4319665.293, 110
Trd, 4319666.243, 138
Trd, 4319666.543, 101
Trd, 4319666.593, 108
Trd, 4319667.893, 98
Trd, 4319668.193, 124
Trd, 4319668.743, 72
Trd, 4319670.393, 91
Trd, 4319672.443, 102
Trd, 4319672.943, 106
Trd, 4319672.993, 111
Trd, 4319674.543, 112
Trd, 4319676.143, 118
Trd, 4319676.193, 98
Trd, 4319677.143, 139
Trd, 4319677.293, 136
Trd, 4319678.193, 103
Trd, 4319679.193, 60
Trd, 4319680.293, 140
Trd, 4319681.043, 140
Trd, 4319681.743, 109
Trd, 4319683.093, 139
Trd, 4319683.243, 118
Trd, 4319683.643, 104
Trd, 4319684.293, 98
Trd, 4319685.393, 121
Trd, 4319686.493, 121
Trd, 4319687.393, 95
Trd, 4319688.093, 106
Trd, 4319689.343, 137
Trd, 4319690.093, 103
Trd, 4319690.243, 87
Trd, 4319690.843, 127
Trd, 4319691.893, 129
Trd, 4319692.493, 114
Trd, 4319692.643, 110
Trd, 4319694.493, 127
Trd, 4319695.343, 130
Trd, 4319696.093, 104
Trd, 4319696.343, 129
Trd, 4319697.093, 130
Trd, 4319697.493, 67
Trd, 4319698.343, 73
Trd, 4319699.393, 128
Trd, 4319700.743, 117
Trd, 4319700.993, 125
Trd, 4319702.093, 128
Trd, 4319702.593, 134
Trd, 4319703.093, 123
Trd, 4319703.793, 70
Trd, 4319703.943, 71
Trd, 4319705.593, 61
Trd, 4319706.393, 61
Trd, 4319707.443, 121
Trd, 4319707.993, 127
Trd, 4319708.543, 122
Trd, 4319709.043, 140
Trd, 4319709.093, 140
Trd, 4319709.343, 133
Trd, 4319711.793, 138
Trd, 4319712.293, 85
Trd, 4319712.443, 69
Trd, 4319713.493, 60
Trd, 4319714.293, 106
Trd, 4319714.743, 139
Trd, 4319715.193, 107
Trd, 4319716.093, 90
Trd, 4319717.193, 60
Trd, 4319717.793, 63
Trd, 4319719.143, 123
Trd, 4319719.393, 90
Trd, 4319719.793, 74
Trd, 4319722.043, 61
Trd, 4319722.893, 118
Trd, 4319723.943, 74
Trd, 4319724.493, 86
Trd, 4319724.943, 97
Trd, 4319725.293, 86
Trd, 4319725.643, 92
Trd, 4319726.293, 121
Trd, 4319727.393, 104
Trd, 4319728.143, 88
Trd, 4319728.643, 82
Trd, 4319729.043, 140
Trd, 4319729.793, 122
Trd, 4319730.993, 101
Trd, 4319731.293, 99
Trd, 4319731.443, 80
Trd, 4319732.343, 119
Trd, 4319733.543, 119
Trd, 4319734.693, 105
Trd, 4319734.843, 140
Trd, 4319735.243, 136
Trd, 4319735.643, 91
Trd, 4319736.893, 128
Trd, 4319737.943, 140
Trd, 4319739.543, 104
Trd, 4319739.993, 97
Trd, 4319743.393, 138
Trd, 4319743.493, 135
Trd, 4319743.643, 138
Trd, 4319744.993, 125
Trd, 4319745.143, 124
Trd, 4319745.793, 123
Trd, 4319746.093, 120
Trd, 4319746.743, 85
Trd, 4319748.693, 90
Trd, 4319748.993, 98
Trd, 4319750.393, 139
Trd, 4319750.743, 114
Trd, 4319750.943, 101
Trd, 4319751.493, 139
Trd, 4319751.593, 132
Trd, 4319753.293, 110
Trd, 4319754.043, 89
Trd, 4319754.143, 99
Trd, 4319755.193, 91
Trd, 4319756.893, 137
Trd, 4319756.943, 136
Trd, 4319757.443, 121
Trd, 4319760.143, 139
Trd, 4319760.343, 137
Trd, 4319762.193, 138
Trd, 4319764.393, 121
Trd, 4319765.043, 106
Trd, 4319766.143, 128
Trd, 4319766.443, 120
Trd, 4319767.143, 121
Trd, 4319768.743, 79
Trd, 4319769.293, 108
Trd, 4319770.143, 134
Trd, 4319770.943, 74
Trd, 4319771.593, 117
Trd, 4319771.743, 89
Trd, 4319771.793, 93
Trd, 4319772.793, 101
Trd, 4319773.043, 136
Trd, 4319774.693, 91
Trd, 4319775.243, 111
Trd, 4319775.793, 100
Trd, 4319776.593, 112
Trd, 4319776.893, 120
Trd, 4319779.243, 140
Trd, 4319780.043, 138
Trd, 4319781.093, 105
Trd, 4319781.543, 102
Trd, 4319781.993, 82
Trd, 4319782.043, 131
Trd, 4319783.743, 85
Trd, 4319784.443, 101
Trd, 4319785.243, 127
Trd, 4319785.443, 126
Trd, 4319785.743, 114
Trd, 4319786.043, 112
Trd, 4319787.793, 99
Trd, 4319787.843, 138
Trd, 4319788.843, 130
Trd, 4319790.993, 87
Trd, 4319792.693, 96
Trd, 4319792.893, 93
Trd, 4319793.693, 112
Trd, 4319795.343, 140
Trd, 4319796.043, 64
Trd, 4319796.293, 122
Trd, 4319796.843, 74
Trd, 4319797.093, 116
Trd, 4319798.393, 126
Trd, 4319799.343, 86
Trd, 4319799.593, 78
Trd, 4319799.993, 92
Trd, 4319801.643, 136
Trd, 4319802.043, 137
Trd, 4319804.243, 137
Trd, 4319805.243, 133
Trd, 4319806.943, 138
Trd, 4319808.743, 135
Trd, 4319809.043, 108
Trd, 4319809.693, 128
Trd, 4319810.393, 119
Trd, 4319810.893, 135
Trd, 4319812.093, 137
Trd, 4319813.943, 116
Trd, 4319814.643, 118
Trd, 4319815.093, 134
Trd, 4319816.393, 130
Trd, 4319816.943, 126
Trd, 4319816.993, 105
Trd, 4319817.843, 126
Trd, 4319818.443, 85
Trd, 4319818.693, 112
Trd, 4319819.293, 128
Trd, 4319820.693, 140
Trd, 4319821.143, 136
Trd, 4319821.943, 140
Trd, 4319822.443, 138
Trd, 4319822.693, 111
Trd, 4319822.793, 95
Trd, 4319824.393, 131
Trd, 4319826.243, 140
Trd, 4319827.393, 135
Trd, 4319827.593, 118
Trd, 4319828.343, 121
Trd, 4319829.043, 134
Trd, 4319829.193, 125
Trd, 4319830.143, 129
Trd, 4319832.443, 127
Trd, 4319833.793, 127
Trd, 4319834.943, 134
Trd, 4319835.293, 119
Trd, 4319835.693, 101
Trd, 4319836.493, 90
Trd, 4319837.643, 138
Trd, 4319839.343, 140
Trd, 4319841.493, 140
Trd, 4319841.893, 78
Trd, 4319842.343, 77
Trd, 4319842.843, 136
Trd, 4319844.793, 117
Trd, 4319844.993, 113
Trd, 4319845.043, 105
Trd, 4319846.843, 118
Trd, 4319846.993, 92
Trd, 4319848.393, 134
Trd, 4319849.643, 136
Trd, 4319849.893, 135
Trd, 4319851.143, 133
Trd, 4319851.343, 133
Trd, 4319852.343, 111
Trd, 4319853.093, 139
Trd, 4319853.443, 109
Trd, 4319855.043, 122
Trd, 4319855.093, 89
Trd, 4319856.593, 103
Trd, 4319857.343, 137
Trd, 4319857.393, 135
Trd, 4319857.443, 107
Trd, 4319859.243, 92
Trd, 4319859.893, 138
Trd, 4319859.943, 129
Trd, 4319860.893, 111
Trd, 4319861.193, 101
Trd, 4319861.893, 106
Trd, 4319862.493, 125
Trd, 4319862.593, 84
Trd, 4319864.843, 120
Trd, 4319865.593, 96
Trd, 4319866.193, 116
Trd, 4319867.243, 80
Trd, 4319868.593, 135
Trd, 4319868.743, 133
Trd, 4319868.993, 116
Trd, 4319869.293, 115
Trd, 4319870.193, 76
Trd, 4319870.893, 132
Trd, 4319873.143, 132
Trd, 4319874.243, 127
Trd, 4319875.493, 140
Trd, 4319875.743, 131
Trd, 4319877.493, 131
Trd, 4319878.193, 132
Trd, 4319878.743, 129
Trd, 4319878.943, 128
Trd, 4319879.693, 81
Trd, 4319881.643, 99
Trd, 4319882.443, 98
Trd, 4319883.093, 122
Trd, 4319883.993, 123
Trd, 4319884.893, 121
Trd, 4319885.793, 134
Trd, 4319885.893, 133
Trd, 4319886.493, 65
Trd, 4319886.693, 95
Trd, 4319887.143, 95
Trd, 4319889.943, 81
Trd, 4319890.493, 80
Trd, 4319890.743, 92
Trd, 4319890.893, 95
Trd, 4319892.043, 88
Trd, 4319893.293, 76
Trd, 4319893.443, 61
Trd, 4319893.493, 135
Trd, 4319894.443, 66
Trd, 4319896.543, 110
Trd, 4319897.643, 140
Trd, 4319898.593, 136
Trd, 4319899.793, 140
Trd, 4319900.493, 121
Trd, 4319901.343, 122
Trd, 4319902.043, 124
Trd, 4319903.343, 110
Trd, 4319904.293, 118
Trd, 4319905.093, 124
Trd, 4319905.393, 118
Trd, 4319906.893, 140
Trd, 4319907.493, 138
Trd, 4319907.543, 123
Trd, 4319909.693, 113
Trd, 4319910.193, 135
Trd, 4319910.543, 118
Trd, 4319912.593, 121
Trd, 4319912.893, 95
Trd, 4319913.493, 121
Trd, 4319914.143, 92
Trd, 4319914.243, 124
Trd, 4319915.143, 120
Trd, 4319915.493, 118
Trd, 4319916.143, 84
Trd, 4319916.293, 70
Trd, 4319916.543, 83
Trd, 4319917.293, 71
Trd, 4319918.443, 63
Trd, 4319918.493, 103
Trd, 4319921.543, 131
Trd, 4319922.793, 137
Trd, 4319922.943, 132
Trd, 4319923.143, 130
Trd, 4319923.293, 128
Trd, 4319924.943, 122
Trd, 4319925.643, 99
Trd, 4319926.243, 99
Trd, 4319926.843, 60
Trd, 4319928.093, 118
Trd, 4319928.393, 139
Trd, 4319930.093, 140
Trd, 4319930.343, 136
Trd, 4319931.643, 90
Trd, 4319931.943, 103
Trd, 4319932.093, 91
Trd, 4319932.993, 134
Trd, 4319933.543, 133
Trd, 4319934.193, 111
Trd, 4319934.693, 102
Trd, 4319934.843, 101
Trd, 4319935.243, 92
Trd, 4319935.443, 92
Trd, 4319936.543, 109
Trd, 4319936.943, 86
Trd, 4319937.293, 135
Trd, 4319938.643, 129
Trd, 4319938.893, 135
Trd, 4319940.443, 129
Trd, 4319940.593, 132
Trd, 4319941.143, 99
Trd, 4319942.093, 108
Trd, 4319942.843, 125
Trd, 4319943.393, 121
Trd, 4319943.793, 99
Trd, 4319945.143, 140
Trd, 4319945.343, 139
Trd, 4319946.643, 135
Trd, 4319947.543, 132
Trd, 4319948.643, 111
Trd, 4319948.843, 107
Trd, 4319949.093, 107
Trd, 4319949.743, 138
Trd, 4319950.443, 106
Trd, 4319951.643, 65
Trd, 4319952.843, 67
Trd, 4319953.843, 137
Trd, 4319953.943, 134
Trd, 4319956.593, 132
Trd, 4319957.793, 132
Trd, 4319958.793, 126
Trd, 4319958.843, 110
Trd, 4319959.193, 94
Trd, 4319960.743, 117
Trd, 4319960.843, 115
Trd, 4319961.293, 91
Trd, 4319961.343, 115
Trd, 4319961.643, 90
Trd, 4319963.243, 82
Trd, 4319963.793, 72
Trd, 4319964.293, 69
Trd, 4319964.693, 133
Trd, 4319966.093, 138
Trd, 4319966.293, 133
Trd, 4319967.893, 134
Trd, 4319969.243, 100
Trd, 4319970.443, 138
Trd, 4319970.543, 118
Trd, 4319970.643, 117
Trd, 4319973.093, 130
Trd, 4319973.343, 124
Trd, 4319973.643, 127
Trd, 4319973.693, 123
Trd, 4319974.793, 136
Trd, 4319975.943, 102
Trd, 4319976.193, 129
Trd, 4319978.593, 132
Trd, 4319978.693, 123
Trd, 4319979.743, 140
Trd, 4319980.343, 139
Trd, 4319982.043, 135
Trd, 4319984.093, 140
Trd, 4319984.793, 130
Trd, 4319985.293, 122
Trd, 4319985.593, 99
Trd, 4319985.943, 75
Trd, 4319987.093, 140
Trd, 4319987.343, 81
Trd, 4319987.843, 105
Trd, 4319988.293, 87
Trd, 4319989.943, 131
Trd, 4319990.743, 116
Trd, 4319991.043, 124
Trd, 4319991.893, 84
Trd, 4319993.293, 123
Trd, 4319993.993, 113
Trd, 4319995.243, 140
Trd, 4319997.343, 135
Trd, 4319997.743, 138
Trd, 4319998.293, 126
Trd, 4319998.543, 124
Trd, 4319999.943, 134
