Trd, 4318136.943, 62
Trd, 4318136.993, 63
Trd, 4318137.743, 64
Trd, 4318137.893, 86
Trd, 4318138.593, 63
Trd, 4318139.993, 61
Trd, 4318140.343, 66
Trd, 4318141.993, 60
Trd, 4318142.593, 61
Trd, 4318143.093, 60
Trd, 4318144.743, 60
Trd, 4318145.443, 60
Trd, 4318145.693, 60
Trd, 4318146.393, 60
Trd, 4318146.443, 62
Trd, 4318147.543, 60
Trd, 4318147.843, 61
Trd, 4318148.143, 140
Trd, 4318148.643, 140
Trd, 4318148.693, 140
Trd, 4318148.793, 140
Trd, 4318148.993, 140
Trd, 4318150.043, 60
Trd, 4318150.593, 62
Trd, 4318151.343, 140
Trd, 4318151.493, 140
Trd, 4318152.643, 140
Trd, 4318152.793, 139
Trd, 4318153.443, 62
Trd, 4318153.693, 139
Trd, 4318154.393, 61
Trd, 4318156.143, 60
Trd, 4318156.893, 66
Trd, 4318157.243, 140
Trd, 4318157.743, 140
Trd, 4318157.843, 140
Trd, 4318158.293, 140
Trd, 4318158.643, 137
Trd, 4318159.793, 69
Trd, 4318160.593, 140
Trd, 4318160.893, 140
Trd, 4318161.743, 140
Trd, 4318162.143, 61
Trd, 4318162.793, 64
Trd, 4318164.443, 61
Trd, 4318165.293, 61
Trd, 4318166.043, 60
Trd, 4318166.193, 61
Trd, 4318167.743, 61
Trd, 4318168.443, 62
Trd, 4318168.693, 61
Trd, 4318168.793, 62
Trd, 4318168.993, 63
Trd, 4318170.043, 62
Trd, 4318170.643, 63
Trd, 4318171.243, 64
Trd, 4318171.943, 62
Trd, 4318172.393, 63
Trd, 4318172.443, 67
Trd, 4318174.393, 61
Trd, 4318174.893, 60
Trd, 4318175.043, 60
Trd, 4318176.093, 60
Trd, 4318176.293, 62
Trd, 4318176.693, 62
Trd, 4318178.443, 60
Trd, 4318179.843, 60
Trd, 4318181.093, 62
Trd, 4318181.443, 62
Trd, 4318182.043, 60
Trd, 4318182.393, 61
Trd, 4318183.543, 62
Trd, 4318184.193, 60
Trd, 4318184.393, 60
Trd, 4318184.643, 64
Trd, 4318184.893, 60
Trd, 4318185.493, 60
Trd, 4318186.893, 65
Trd, 4318189.093, 60
Trd, 4318189.493, 62
Trd, 4318190.193, 61
Trd, 4318190.993, 63
Trd, 4318191.393, 60
Trd, 4318192.093, 60
Trd, 4318193.343, 62
Trd, 4318194.743, 60
Trd, 4318195.093, 62
Trd, 4318195.593, 61
Trd, 4318195.943, 60
Trd, 4318195.993, 62
Trd, 4318196.543, 62
Trd, 4318196.593, 60
Trd, 4318197.693, 61
Trd, 4318197.743, 68
Trd, 4318198.793, 62
Trd, 4318199.493, 81
Trd, 4318199.843, 138
Trd, 4318200.743, 62
Trd, 4318201.143, 62
Trd, 4318202.343, 61
Trd, 4318202.743, 65
Trd, 4318203.493, 62
Trd, 4318206.843, 60
Trd, 4318207.093, 61
Trd, 4318207.193, 61
Trd, 4318207.643, 61
Trd, 4318208.043, 60
Trd, 4318208.443, 64
Trd, 4318208.793, 65
Trd, 4318209.543, 66
Trd, 4318209.643, 64
Trd, 4318210.243, 61
Trd, 4318211.093, 60
Trd, 4318211.643, 60
Trd, 4318212.043, 61
Trd, 4318213.693, 64
Trd, 4318214.393, 140
Trd, 4318214.743, 60
Trd, 4318216.143, 65
Trd, 4318216.943, 66
Trd, 4318217.843, 60
Trd, 4318218.943, 60
Trd, 4318219.493, 60
Trd, 4318220.093, 60
Trd, 4318220.543, 62
Trd, 4318220.993, 63
Trd, 4318221.343, 139
Trd, 4318222.143, 67
Trd, 4318223.743, 62
Trd, 4318223.993, 62
Trd, 4318224.543, 62
Trd, 4318224.793, 61
Trd, 4318224.843, 65
Trd, 4318225.393, 60
Trd, 4318225.643, 67
Trd, 4318226.693, 140
Trd, 4318227.593, 140
Trd, 4318227.743, 140
Trd, 4318227.893, 140
Trd, 4318229.343, 140
Trd, 4318229.643, 140
Trd, 4318230.043, 140
Trd, 4318230.893, 140
Trd, 4318231.343, 61
Trd, 4318232.393, 139
Trd, 4318232.543, 138
Trd, 4318233.293, 138
Trd, 4318233.793, 139
Trd, 4318234.193, 140
Trd, 4318236.093, 140
Trd, 4318236.193, 140
Trd, 4318236.293, 140
Trd, 4318237.193, 140
Trd, 4318240.343, 60
Trd, 4318240.443, 61
Trd, 4318240.993, 64
Trd, 4318242.343, 60
Trd, 4318242.493, 62
Trd, 4318242.993, 65
Trd, 4318243.143, 138
Trd, 4318244.243, 63
Trd, 4318245.443, 63
Trd, 4318245.593, 62
Trd, 4318246.093, 64
Trd, 4318246.793, 63
Trd, 4318247.043, 61
Trd, 4318247.693, 138
Trd, 4318248.393, 136
Trd, 4318249.443, 67
Trd, 4318249.643, 63
Trd, 4318251.543, 63
Trd, 4318251.643, 65
Trd, 4318252.243, 110
Trd, 4318252.943, 69
Trd, 4318253.993, 63
Trd, 4318254.993, 62
Trd, 4318255.293, 65
Trd, 4318255.843, 66
Trd, 4318257.343, 63
Trd, 4318258.393, 60
Trd, 4318258.443, 60
Trd, 4318258.693, 62
Trd, 4318259.143, 61
Trd, 4318262.093, 61
Trd, 4318262.293, 64
Trd, 4318262.493, 63
Trd, 4318262.693, 69
Trd, 4318263.193, 63
Trd, 4318265.643, 61
Trd, 4318265.693, 61
Trd, 4318266.043, 63
Trd, 4318267.643, 64
Trd, 4318268.443, 60
Trd, 4318269.393, 60
Trd, 4318269.593, 60
Trd, 4318270.143, 63
Trd, 4318271.243, 60
Trd, 4318272.393, 60
Trd, 4318272.693, 62
Trd, 4318272.843, 62
Trd, 4318274.593, 60
Trd, 4318274.943, 61
Trd, 4318275.193, 66
Trd, 4318275.693, 70
Trd, 4318276.643, 60
Trd, 4318277.243, 63
Trd, 4318277.593, 64
Trd, 4318278.243, 66
Trd, 4318278.993, 61
Trd, 4318280.643, 60
Trd, 4318281.193, 60
Trd, 4318281.243, 132
Trd, 4318282.293, 61
Trd, 4318284.493, 61
Trd, 4318284.593, 61
Trd, 4318284.843, 61
Trd, 4318286.543, 60
Trd, 4318286.793, 60
Trd, 4318287.593, 60
Trd, 4318287.693, 62
Trd, 4318288.743, 60
Trd, 4318289.093, 67
Trd, 4318290.493, 61
Trd, 4318290.643, 61
Trd, 4318291.543, 60
Trd, 4318292.393, 65
Trd, 4318292.493, 65
Trd, 4318293.193, 61
Trd, 4318293.493, 61
Trd, 4318293.643, 69
Trd, 4318294.093, 61
Trd, 4318295.543, 60
Trd, 4318296.293, 61
Trd, 4318297.193, 61
Trd, 4318297.693, 62
Trd, 4318298.143, 61
Trd, 4318299.293, 60
Trd, 4318299.343, 73
Trd, 4318299.793, 112
Trd, 4318301.243, 62
Trd, 4318302.443, 61
Trd, 4318303.043, 60
Trd, 4318304.893, 61
Trd, 4318305.093, 64
Trd, 4318305.193, 65
Trd, 4318305.843, 66
Trd, 4318305.993, 61
Trd, 4318306.343, 73
Trd, 4318307.643, 60
Trd, 4318308.043, 62
Trd, 4318308.293, 66
Trd, 4318308.493, 61
Trd, 4318310.243, 137
Trd, 4318310.593, 137
Trd, 4318310.793, 136
Trd, 4318310.843, 65
Trd, 4318311.593, 75
Trd, 4318312.343, 138
Trd, 4318312.493, 134
Trd, 4318313.243, 74
Trd, 4318313.593, 140
Trd, 4318314.693, 70
Trd, 4318315.693, 140
Trd, 4318316.343, 140
Trd, 4318316.393, 140
Trd, 4318316.443, 135
Trd, 4318316.943, 60
Trd, 4318317.193, 65
Trd, 4318317.793, 138
Trd, 4318317.843, 137
Trd, 4318319.093, 139
Trd, 4318319.643, 65
Trd, 4318320.643, 140
Trd, 4318320.893, 140
Trd, 4318321.793, 140
Trd, 4318323.093, 140
Trd, 4318323.343, 140
Trd, 4318324.343, 140
Trd, 4318324.793, 140
Trd, 4318325.193, 140
Trd, 4318325.443, 140
Trd, 4318326.893, 140
Trd, 4318326.993, 140
Trd, 4318327.493, 139
Trd, 4318327.693, 140
Trd, 4318327.893, 137
Trd, 4318329.243, 140
Trd, 4318329.443, 140
Trd, 4318329.743, 140
Trd, 4318331.493, 140
Trd, 4318332.093, 140
Trd, 4318332.743, 140
Trd, 4318332.993, 140
Trd, 4318333.243, 140
Trd, 4318334.993, 140
Trd, 4318336.443, 140
Trd, 4318336.893, 140
Trd, 4318337.493, 140
Trd, 4318337.743, 140
Trd, 4318338.543, 140
Trd, 4318338.793, 140
Trd, 4318340.493, 140
Trd, 4318340.943, 140
Trd, 4318340.993, 140
Trd, 4318341.143, 140
Trd, 4318341.693, 140
Trd, 4318341.943, 140
Trd, 4318342.243, 140
Trd, 4318342.393, 139
Trd, 4318343.293, 140
Trd, 4318343.893, 140
Trd, 4318344.943, 140
Trd, 4318345.193, 140
Trd, 4318345.743, 140
Trd, 4318346.493, 140
Trd, 4318347.393, 140
Trd, 4318347.543, 140
Trd, 4318347.943, 140
Trd, 4318348.043, 138
Trd, 4318349.543, 62
Trd, 4318350.593, 62
Trd, 4318351.743, 61
Trd, 4318352.143, 63
Trd, 4318352.743, 60
Trd, 4318353.293, 60
Trd, 4318353.593, 61
Trd, 4318355.643, 63
Trd, 4318355.843, 64
Trd, 4318357.293, 61
Trd, 4318357.843, 60
Trd, 4318358.043, 62
Trd, 4318358.143, 62
Trd, 4318359.193, 60
Trd, 4318359.793, 60
Trd, 4318360.043, 63
Trd, 4318361.543, 64
Trd, 4318361.943, 62
Trd, 4318362.443, 69
Trd, 4318363.293, 63
Trd, 4318363.643, 60
Trd, 4318364.443, 62
Trd, 4318364.743, 63
Trd, 4318365.043, 117
Trd, 4318365.443, 64
Trd, 4318365.793, 139
Trd, 4318366.743, 140
Trd, 4318367.243, 140
Trd, 4318367.743, 137
Trd, 4318367.843, 136
Trd, 4318370.593, 61
Trd, 4318370.693, 62
Trd, 4318371.943, 65
Trd, 4318373.243, 60
Trd, 4318373.543, 60
Trd, 4318374.543, 63
Trd, 4318376.643, 61
Trd, 4318377.343, 60
Trd, 4318377.843, 61
Trd, 4318377.993, 61
Trd, 4318378.443, 62
Trd, 4318378.693, 62
Trd, 4318381.243, 60
Trd, 4318381.593, 63
Trd, 4318383.943, 60
Trd, 4318383.993, 60
Trd, 4318384.093, 61
Trd, 4318385.293, 60
Trd, 4318387.093, 60
Trd, 4318387.343, 62
Trd, 4318387.593, 60
Trd, 4318387.743, 65
Trd, 4318387.943, 66
Trd, 4318388.043, 67
Trd, 4318389.143, 61
Trd, 4318390.243, 66
Trd, 4318391.343, 135
Trd, 4318392.493, 140
Trd, 4318392.593, 140
Trd, 4318392.693, 140
Trd, 4318392.943, 140
Trd, 4318393.493, 140
Trd, 4318394.343, 61
Trd, 4318394.843, 61
Trd, 4318397.193, 62
Trd, 4318397.593, 63
Trd, 4318398.393, 60
Trd, 4318398.593, 63
Trd, 4318399.743, 61
Trd, 4318400.043, 67
Trd, 4318401.993, 61
Trd, 4318402.643, 60
Trd, 4318403.443, 61
Trd, 4318404.543, 60
Trd, 4318405.793, 60
Trd, 4318405.993, 62
Trd, 4318406.043, 62
Trd, 4318406.493, 60
Trd, 4318407.243, 60
Trd, 4318407.793, 61
Trd, 4318407.843, 64
Trd, 4318409.593, 61
Trd, 4318409.943, 60
Trd, 4318410.293, 60
Trd, 4318411.143, 60
Trd, 4318411.643, 60
Trd, 4318412.693, 61
Trd, 4318412.843, 66
Trd, 4318414.693, 60
Trd, 4318415.893, 61
Trd, 4318416.043, 61
Trd, 4318416.593, 64
Trd, 4318420.143, 60
Trd, 4318420.443, 60
Trd, 4318421.093, 60
Trd, 4318421.393, 60
Trd, 4318421.443, 60
Trd, 4318422.593, 60
Trd, 4318423.143, 60
Trd, 4318423.493, 64
Trd, 4318423.693, 61
Trd, 4318423.943, 66
Trd, 4318424.943, 64
Trd, 4318426.293, 140
Trd, 4318426.943, 69
Trd, 4318427.443, 140
Trd, 4318428.243, 140
Trd, 4318428.293, 140
Trd, 4318430.193, 140
Trd, 4318430.293, 140
Trd, 4318430.493, 140
Trd, 4318430.643, 138
Trd, 4318431.893, 60
Trd, 4318432.843, 65
Trd, 4318432.993, 61
Trd, 4318433.893, 138
Trd, 4318434.343, 140
Trd, 4318436.093, 140
Trd, 4318436.243, 140
Trd, 4318436.643, 140
Trd, 4318437.293, 140
Trd, 4318437.343, 140
Trd, 4318437.493, 138
Trd, 4318438.743, 140
Trd, 4318439.093, 140
Trd, 4318440.543, 140
Trd, 4318440.893, 140
Trd, 4318441.093, 140
Trd, 4318441.343, 140
Trd, 4318441.793, 140
Trd, 4318442.193, 60
Trd, 4318442.793, 140
Trd, 4318443.143, 138
Trd, 4318444.393, 64
Trd, 4318446.843, 60
Trd, 4318447.343, 69
Trd, 4318448.093, 65
Trd, 4318448.493, 76
Trd, 4318448.843, 137
Trd, 4318450.943, 60
Trd, 4318451.493, 61
Trd, 4318452.293, 61
Trd, 4318452.743, 61
Trd, 4318455.843, 61
Trd, 4318455.993, 62
Trd, 4318456.493, 60
Trd, 4318457.193, 60
Trd, 4318458.943, 62
Trd, 4318459.443, 62
Trd, 4318459.743, 61
Trd, 4318459.943, 60
Trd, 4318460.993, 65
Trd, 4318461.093, 62
Trd, 4318461.643, 61
Trd, 4318461.743, 65
Trd, 4318462.743, 60
Trd, 4318464.343, 140
Trd, 4318464.693, 140
Trd, 4318464.893, 140
Trd, 4318465.493, 140
Trd, 4318465.843, 140
Trd, 4318465.893, 140
Trd, 4318466.243, 140
Trd, 4318466.743, 140
Trd, 4318466.843, 139
Trd, 4318467.493, 139
Trd, 4318468.643, 139
Trd, 4318468.943, 139
Trd, 4318470.143, 140
Trd, 4318470.643, 140
Trd, 4318471.143, 140
Trd, 4318471.343, 140
Trd, 4318471.493, 140
Trd, 4318471.943, 140
Trd, 4318472.443, 140
Trd, 4318472.643, 137
Trd, 4318475.393, 62
Trd, 4318475.693, 69
Trd, 4318476.493, 64
Trd, 4318478.143, 62
Trd, 4318478.243, 68
Trd, 4318478.743, 60
Trd, 4318480.443, 62
Trd, 4318480.793, 61
Trd, 4318481.393, 60
Trd, 4318482.343, 62
Trd, 4318483.843, 69
Trd, 4318484.343, 60
Trd, 4318484.893, 60
Trd, 4318484.993, 60
Trd, 4318485.043, 63
Trd, 4318485.993, 60
Trd, 4318486.293, 63
Trd, 4318486.493, 63
Trd, 4318487.543, 64
Trd, 4318487.593, 68
Trd, 4318488.393, 140
Trd, 4318488.443, 140
Trd, 4318488.693, 138
Trd, 4318489.443, 140
Trd, 4318492.243, 65
Trd, 4318492.493, 60
Trd, 4318494.293, 67
Trd, 4318494.843, 61
Trd, 4318496.143, 60
Trd, 4318496.643, 66
Trd, 4318497.743, 60
Trd, 4318497.943, 60
Trd, 4318498.143, 68
Trd, 4318499.343, 60
Trd, 4318499.443, 60
Trd, 4318500.393, 63
Trd, 4318501.043, 65
Trd, 4318501.443, 140
Trd, 4318501.693, 63
Trd, 4318502.193, 64
Trd, 4318503.043, 66
Trd, 4318503.543, 60
Trd, 4318503.743, 66
Trd, 4318504.893, 60
Trd, 4318506.243, 60
Trd, 4318507.243, 140
Trd, 4318507.293, 140
Trd, 4318508.243, 140
Trd, 4318508.693, 140
Trd, 4318509.143, 140
Trd, 4318509.693, 140
Trd, 4318509.893, 140
Trd, 4318510.493, 140
Trd, 4318511.343, 140
Trd, 4318512.043, 140
Trd, 4318512.443, 140
Trd, 4318512.593, 140
Trd, 4318513.443, 138
Trd, 4318513.843, 131
Trd, 4318515.493, 60
Trd, 4318515.693, 60
Trd, 4318516.543, 63
Trd, 4318517.243, 60
Trd, 4318518.243, 140
Trd, 4318518.493, 140
Trd, 4318518.843, 139
Trd, 4318521.693, 60
Trd, 4318521.893, 60
Trd, 4318522.343, 64
Trd, 4318523.693, 85
Trd, 4318525.843, 60
Trd, 4318526.993, 61
Trd, 4318527.143, 64
Trd, 4318527.393, 60
Trd, 4318528.143, 62
Trd, 4318528.443, 61
Trd, 4318528.793, 65
Trd, 4318529.293, 68
Trd, 4318530.443, 66
Trd, 4318531.043, 66
Trd, 4318531.893, 140
Trd, 4318532.193, 140
Trd, 4318532.293, 140
Trd, 4318533.243, 140
Trd, 4318533.443, 140
Trd, 4318533.543, 140
Trd, 4318535.843, 60
Trd, 4318536.043, 60
Trd, 4318536.393, 61
Trd, 4318537.343, 61
Trd, 4318539.143, 62
Trd, 4318540.143, 60
Trd, 4318540.343, 66
Trd, 4318540.893, 69
Trd, 4318541.843, 60
Trd, 4318544.293, 60
Trd, 4318544.443, 60
Trd, 4318544.893, 60
Trd, 4318545.343, 60
Trd, 4318545.543, 61
Trd, 4318546.043, 62
Trd, 4318547.393, 60
Trd, 4318547.443, 63
Trd, 4318547.743, 67
Trd, 4318548.793, 140
Trd, 4318550.243, 60
Trd, 4318551.443, 62
Trd, 4318551.843, 64
Trd, 4318552.243, 65
Trd, 4318553.193, 60
Trd, 4318553.743, 60
Trd, 4318554.693, 61
Trd, 4318555.093, 60
Trd, 4318556.043, 66
Trd, 4318556.743, 64
Trd, 4318557.993, 60
Trd, 4318558.093, 64
Trd, 4318558.243, 86
Trd, 4318558.593, 67
Trd, 4318558.993, 68
Trd, 4318559.693, 140
Trd, 4318560.443, 139
Trd, 4318562.093, 62
Trd, 4318562.293, 62
Trd, 4318563.243, 66
Trd, 4318564.843, 60
Trd, 4318564.993, 62
Trd, 4318565.093, 63
Trd, 4318567.443, 60
Trd, 4318568.193, 60
Trd, 4318568.393, 61
Trd, 4318569.093, 62
Trd, 4318569.593, 139
Trd, 4318570.043, 140
Trd, 4318570.193, 139
Trd, 4318570.843, 140
Trd, 4318571.893, 73
Trd, 4318572.843, 73
Trd, 4318572.993, 139
Trd, 4318573.293, 73
Trd, 4318574.893, 60
Trd, 4318575.093, 63
Trd, 4318575.843, 65
Trd, 4318576.543, 61
Trd, 4318576.993, 61
Trd, 4318577.343, 63
Trd, 4318577.843, 62
Trd, 4318578.443, 138
Trd, 4318579.043, 63
Trd, 4318581.393, 60
Trd, 4318582.193, 62
Trd, 4318582.243, 68
Trd, 4318582.893, 60
Trd, 4318584.693, 62
Trd, 4318585.493, 61
Trd, 4318585.743, 63
Trd, 4318586.093, 61
Trd, 4318586.243, 63
Trd, 4318586.593, 64
Trd, 4318587.343, 140
Trd, 4318587.843, 140
Trd, 4318588.993, 140
Trd, 4318589.793, 139
Trd, 4318590.793, 61
Trd, 4318591.043, 62
Trd, 4318591.193, 63
Trd, 4318592.243, 60
Trd, 4318593.043, 60
Trd, 4318593.093, 69
Trd, 4318594.393, 61
Trd, 4318595.743, 63
Trd, 4318595.943, 65
Trd, 4318596.143, 61
Trd, 4318597.493, 65
Trd, 4318598.393, 62
Trd, 4318599.243, 60
Trd, 4318600.043, 61
Trd, 4318600.093, 63
Trd, 4318600.993, 61
Trd, 4318601.893, 60
Trd, 4318602.843, 62
Trd, 4318602.993, 64
Trd, 4318603.043, 66
Trd, 4318603.693, 69
Trd, 4318604.993, 65
Trd, 4318605.193, 114
Trd, 4318606.093, 65
Trd, 4318607.293, 60
Trd, 4318607.693, 65
Trd, 4318608.693, 60
Trd, 4318609.743, 60
Trd, 4318610.893, 62
Trd, 4318610.943, 63
Trd, 4318611.143, 79
Trd, 4318611.943, 62
Trd, 4318612.793, 64
Trd, 4318613.493, 60
Trd, 4318614.643, 63
Trd, 4318614.693, 62
Trd, 4318615.593, 60
Trd, 4318615.993, 60
Trd, 4318616.393, 61
Trd, 4318616.693, 60
Trd, 4318617.143, 60
Trd, 4318618.543, 62
Trd, 4318618.643, 70
Trd, 4318619.243, 61
Trd, 4318619.693, 139
Trd, 4318620.243, 140
Trd, 4318621.693, 140
Trd, 4318621.993, 140
Trd, 4318622.443, 140
Trd, 4318623.043, 140
Trd, 4318623.343, 140
Trd, 4318624.293, 60
Trd, 4318625.843, 61
Trd, 4318628.143, 60
Trd, 4318628.293, 60
Trd, 4318628.543, 60
Trd, 4318629.843, 61
Trd, 4318630.193, 61
Trd, 4318630.443, 61
Trd, 4318630.493, 62
Trd, 4318631.143, 60
Trd, 4318634.493, 60
Trd, 4318634.543, 61
Trd, 4318637.143, 61
Trd, 4318637.643, 65
Trd, 4318637.693, 66
Trd, 4318637.943, 61
Trd, 4318638.193, 75
Trd, 4318638.343, 76
Trd, 4318638.893, 63
Trd, 4318639.143, 72
Trd, 4318639.943, 64
Trd, 4318640.993, 60
Trd, 4318641.443, 68
Trd, 4318641.743, 75
Trd, 4318643.493, 61
Trd, 4318643.943, 140
Trd, 4318644.543, 60
Trd, 4318645.043, 73
Trd, 4318647.593, 61
Trd, 4318648.093, 61
Trd, 4318648.643, 60
Trd, 4318649.643, 62
Trd, 4318649.893, 65
Trd, 4318650.143, 66
Trd, 4318651.943, 63
Trd, 4318653.093, 62
Trd, 4318653.393, 64
Trd, 4318653.693, 66
Trd, 4318653.943, 64
Trd, 4318654.193, 64
Trd, 4318654.493, 71
Trd, 4318655.243, 74
Trd, 4318655.393, 69
Trd, 4318656.543, 140
Trd, 4318656.593, 140
Trd, 4318657.443, 140
Trd, 4318658.743, 140
Trd, 4318659.093, 140
Trd, 4318659.293, 139
Trd, 4318659.443, 66
Trd, 4318660.443, 140
Trd, 4318661.193, 140
Trd, 4318661.443, 140
Trd, 4318661.543, 140
Trd, 4318661.843, 139
Trd, 4318662.593, 140
Trd, 4318663.393, 139
Trd, 4318663.443, 138
Trd, 4318663.893, 62
Trd, 4318664.393, 139
Trd, 4318665.543, 140
Trd, 4318666.343, 140
Trd, 4318667.293, 140
Trd, 4318667.993, 140
Trd, 4318668.743, 140
Trd, 4318669.493, 140
Trd, 4318669.993, 140
Trd, 4318670.593, 140
Trd, 4318670.693, 140
Trd, 4318672.043, 140
Trd, 4318672.243, 140
Trd, 4318672.643, 140
Trd, 4318672.743, 140
Trd, 4318673.743, 140
Trd, 4318674.693, 140
Trd, 4318674.893, 140
Trd, 4318675.243, 140
Trd, 4318675.343, 140
Trd, 4318675.393, 140
Trd, 4318676.793, 140
Trd, 4318678.143, 140
Trd, 4318678.193, 140
Trd, 4318679.443, 140
Trd, 4318679.693, 140
Trd, 4318679.893, 140
Trd, 4318680.043, 139
Trd, 4318680.893, 140
Trd, 4318681.243, 140
Trd, 4318681.593, 140
Trd, 4318682.893, 140
Trd, 4318683.893, 140
Trd, 4318684.493, 140
Trd, 4318685.293, 140
Trd, 4318685.593, 140
Trd, 4318685.743, 140
Trd, 4318686.593, 140
Trd, 4318687.143, 140
Trd, 4318687.493, 139
Trd, 4318687.943, 140
Trd, 4318689.493, 140
Trd, 4318689.793, 140
Trd, 4318690.643, 140
Trd, 4318690.843, 140
Trd, 4318691.143, 140
Trd, 4318692.343, 140
Trd, 4318692.893, 140
Trd, 4318693.293, 140
Trd, 4318693.393, 140
Trd, 4318693.543, 140
Trd, 4318694.143, 138
Trd, 4318695.843, 140
Trd, 4318695.943, 140
Trd, 4318696.543, 139
Trd, 4318696.943, 140
Trd, 4318698.043, 65
Trd, 4318698.393, 140
Trd, 4318698.493, 139
Trd, 4318699.493, 61
Trd, 4318699.843, 81
Trd, 4318700.243, 61
Trd, 4318700.893, 69
Trd, 4318701.593, 72
Trd, 4318702.343, 62
Trd, 4318703.493, 60
Trd, 4318705.243, 61
Trd, 4318705.343, 62
Trd, 4318706.293, 65
Trd, 4318706.993, 61
Trd, 4318707.943, 65
Trd, 4318708.343, 61
Trd, 4318708.843, 140
Trd, 4318708.893, 140
Trd, 4318710.243, 140
Trd, 4318710.743, 140
Trd, 4318710.843, 139
Trd, 4318711.193, 138
Trd, 4318711.743, 64
Trd, 4318712.143, 83
Trd, 4318712.443, 135
Trd, 4318713.743, 62
Trd, 4318715.243, 60
Trd, 4318716.643, 63
Trd, 4318717.093, 60
Trd, 4318717.293, 62
Trd, 4318717.643, 61
Trd, 4318720.593, 60
Trd, 4318720.893, 60
Trd, 4318721.793, 62
Trd, 4318722.243, 61
Trd, 4318723.143, 61
Trd, 4318723.493, 63
Trd, 4318724.443, 65
Trd, 4318724.743, 63
Trd, 4318725.293, 64
Trd, 4318725.693, 63
Trd, 4318726.043, 61
Trd, 4318727.343, 63
Trd, 4318728.343, 67
Trd, 4318729.993, 60
Trd, 4318730.543, 60
Trd, 4318730.943, 60
Trd, 4318732.743, 60
Trd, 4318733.943, 60
Trd, 4318734.593, 60
Trd, 4318735.043, 60
Trd, 4318735.743, 61
Trd, 4318736.593, 60
Trd, 4318736.843, 63
Trd, 4318737.693, 73
Trd, 4318738.243, 138
Trd, 4318739.393, 79
Trd, 4318739.593, 79
Trd, 4318739.743, 76
Trd, 4318741.293, 140
Trd, 4318741.843, 140
Trd, 4318741.993, 140
Trd, 4318742.143, 136
Trd, 4318742.943, 63
Trd, 4318743.993, 63
Trd, 4318744.543, 70
Trd, 4318744.993, 79
Trd, 4318745.143, 117
Trd, 4318747.043, 61
Trd, 4318749.143, 62
Trd, 4318749.593, 64
Trd, 4318749.943, 65
Trd, 4318750.943, 60
Trd, 4318751.243, 61
Trd, 4318751.343, 62
Trd, 4318752.443, 60
Trd, 4318752.593, 60
Trd, 4318752.993, 67
Trd, 4318753.043, 71
Trd, 4318753.193, 67
Trd, 4318756.043, 61
Trd, 4318756.343, 64
Trd, 4318757.993, 60
Trd, 4318759.793, 61
Trd, 4318759.943, 60
Trd, 4318760.343, 61
Trd, 4318760.993, 60
Trd, 4318761.893, 140
Trd, 4318762.443, 140
Trd, 4318762.493, 140
Trd, 4318763.243, 60
Trd, 4318763.893, 140
Trd, 4318764.243, 140
Trd, 4318765.643, 61
Trd, 4318765.993, 60
Trd, 4318766.043, 61
Trd, 4318766.743, 140
Trd, 4318767.943, 102
Trd, 4318768.193, 65
Trd, 4318769.593, 71
Trd, 4318770.543, 60
Trd, 4318770.643, 61
Trd, 4318770.843, 67
Trd, 4318772.093, 60
Trd, 4318773.943, 65
Trd, 4318774.443, 62
Trd, 4318774.893, 63
Trd, 4318776.243, 60
Trd, 4318776.693, 60
Trd, 4318777.543, 61
Trd, 4318778.143, 60
Trd, 4318778.293, 74
Trd, 4318779.943, 60
Trd, 4318780.493, 62
Trd, 4318781.243, 61
Trd, 4318781.643, 61
Trd, 4318782.043, 61
Trd, 4318782.693, 60
Trd, 4318783.493, 61
Trd, 4318783.543, 61
Trd, 4318784.593, 60
Trd, 4318784.943, 60
Trd, 4318786.493, 60
Trd, 4318787.243, 60
Trd, 4318788.043, 140
Trd, 4318788.293, 140
Trd, 4318790.493, 140
Trd, 4318790.693, 140
Trd, 4318790.943, 140
Trd, 4318791.143, 140
Trd, 4318791.543, 140
Trd, 4318791.643, 138
Trd, 4318792.243, 138
Trd, 4318792.643, 64
Trd, 4318793.143, 61
Trd, 4318794.743, 60
Trd, 4318795.743, 60
Trd, 4318796.843, 60
Trd, 4318797.093, 63
Trd, 4318797.643, 63
Trd, 4318797.943, 61
Trd, 4318800.043, 62
Trd, 4318801.843, 62
Trd, 4318802.643, 64
Trd, 4318803.643, 60
Trd, 4318804.793, 60
Trd, 4318804.893, 61
Trd, 4318805.543, 67
Trd, 4318805.743, 64
Trd, 4318805.843, 62
Trd, 4318805.993, 68
Trd, 4318807.093, 66
Trd, 4318807.543, 140
Trd, 4318807.743, 140
Trd, 4318808.543, 66
Trd, 4318809.593, 60
Trd, 4318810.293, 60
Trd, 4318811.793, 60
Trd, 4318813.243, 65
Trd, 4318813.793, 62
Trd, 4318813.843, 67
Trd, 4318814.043, 65
Trd, 4318815.393, 60
Trd, 4318815.793, 61
Trd, 4318816.893, 62
Trd, 4318817.293, 60
Trd, 4318817.493, 99
Trd, 4318818.193, 61
Trd, 4318818.493, 60
Trd, 4318819.243, 140
Trd, 4318819.343, 140
Trd, 4318819.993, 139
Trd, 4318820.493, 140
Trd, 4318820.993, 60
Trd, 4318821.843, 62
Trd, 4318822.343, 61
Trd, 4318823.643, 61
Trd, 4318824.243, 61
Trd, 4318825.343, 62
Trd, 4318825.543, 65
Trd, 4318826.493, 60
Trd, 4318829.043, 60
Trd, 4318829.193, 61
Trd, 4318829.393, 63
Trd, 4318829.443, 65
Trd, 4318829.843, 60
Trd, 4318830.043, 66
Trd, 4318830.843, 60
Trd, 4318832.243, 60
Trd, 4318832.493, 60
Trd, 4318833.643, 61
Trd, 4318834.493, 61
Trd, 4318834.743, 63
Trd, 4318836.143, 60
Trd, 4318836.593, 60
Trd, 4318838.393, 60
Trd, 4318839.643, 61
Trd, 4318840.293, 61
Trd, 4318841.743, 60
Trd, 4318842.343, 64
Trd, 4318842.493, 65
Trd, 4318843.093, 60
Trd, 4318843.993, 62
Trd, 4318844.343, 61
Trd, 4318844.693, 140
Trd, 4318846.643, 60
Trd, 4318847.043, 60
Trd, 4318847.193, 61
Trd, 4318848.243, 60
Trd, 4318848.743, 60
Trd, 4318848.893, 64
Trd, 4318850.293, 65
Trd, 4318852.493, 62
Trd, 4318852.743, 60
Trd, 4318852.843, 61
Trd, 4318853.643, 62
Trd, 4318855.343, 60
Trd, 4318855.643, 60
Trd, 4318856.243, 61
Trd, 4318856.843, 61
Trd, 4318857.293, 61
Trd, 4318857.643, 63
Trd, 4318858.243, 139
Trd, 4318859.193, 67
Trd, 4318859.243, 64
Trd, 4318859.393, 68
Trd, 4318859.843, 139
Trd, 4318860.893, 139
Trd, 4318861.093, 140
Trd, 4318861.193, 138
Trd, 4318861.693, 140
Trd, 4318862.293, 140
Trd, 4318862.793, 140
Trd, 4318863.743, 63
Trd, 4318864.193, 60
Trd, 4318865.443, 140
Trd, 4318866.293, 140
Trd, 4318867.593, 67
Trd, 4318868.043, 61
Trd, 4318868.493, 60
Trd, 4318868.993, 61
Trd, 4318869.443, 63
Trd, 4318870.843, 61
Trd, 4318871.143, 61
Trd, 4318871.393, 61
Trd, 4318871.843, 72
Trd, 4318875.993, 60
Trd, 4318876.243, 60
Trd, 4318876.443, 60
Trd, 4318876.743, 64
Trd, 4318877.593, 63
Trd, 4318877.943, 65
Trd, 4318878.843, 61
Trd, 4318879.243, 67
Trd, 4318879.843, 64
Trd, 4318879.993, 69
Trd, 4318880.393, 69
Trd, 4318880.743, 68
Trd, 4318880.793, 97
Trd, 4318880.893, 108
Trd, 4318881.593, 140
Trd, 4318882.243, 96
Trd, 4318883.343, 61
Trd, 4318884.243, 60
Trd, 4318886.193, 61
Trd, 4318886.343, 61
Trd, 4318886.393, 61
Trd, 4318886.693, 63
Trd, 4318887.943, 113
Trd, 4318888.993, 62
Trd, 4318890.043, 60
Trd, 4318891.393, 63
Trd, 4318892.343, 60
Trd, 4318892.543, 61
Trd, 4318893.743, 60
Trd, 4318893.843, 62
Trd, 4318894.893, 63
Trd, 4318895.243, 64
Trd, 4318896.493, 75
Trd, 4318897.093, 85
Trd, 4318897.343, 140
Trd, 4318897.543, 74
Trd, 4318897.843, 140
Trd, 4318897.993, 75
Trd, 4318898.493, 139
Trd, 4318899.393, 140
Trd, 4318899.443, 140
Trd, 4318900.293, 140
Trd, 4318900.943, 140
Trd, 4318901.443, 140
Trd, 4318901.993, 140
Trd, 4318902.093, 140
Trd, 4318902.243, 140
Trd, 4318902.693, 138
Trd, 4318904.043, 140
Trd, 4318904.393, 140
Trd, 4318904.893, 108
Trd, 4318905.293, 139
Trd, 4318907.243, 140
Trd, 4318907.593, 140
Trd, 4318908.643, 140
Trd, 4318909.143, 140
Trd, 4318910.093, 140
Trd, 4318911.093, 140
Trd, 4318911.393, 140
Trd, 4318911.493, 140
Trd, 4318912.443, 140
Trd, 4318912.793, 140
Trd, 4318912.943, 140
Trd, 4318913.893, 140
Trd, 4318913.943, 140
Trd, 4318914.293, 140
Trd, 4318915.043, 140
Trd, 4318915.193, 137
Trd, 4318916.243, 60
Trd, 4318916.393, 61
Trd, 4318916.943, 140
Trd, 4318918.043, 140
Trd, 4318918.493, 74
Trd, 4318919.793, 79
Trd, 4318920.643, 60
Trd, 4318921.443, 60
Trd, 4318922.043, 64
Trd, 4318924.143, 61
Trd, 4318924.593, 63
Trd, 4318925.093, 71
Trd, 4318925.493, 140
Trd, 4318926.993, 60
Trd, 4318927.693, 60
Trd, 4318927.993, 60
Trd, 4318928.043, 61
Trd, 4318928.593, 62
Trd, 4318929.193, 60
Trd, 4318929.493, 85
Trd, 4318930.743, 61
Trd, 4318931.343, 61
Trd, 4318931.893, 60
Trd, 4318932.743, 60
Trd, 4318934.743, 60
Trd, 4318935.043, 60
Trd, 4318935.693, 60
Trd, 4318935.793, 61
Trd, 4318936.593, 60
Trd, 4318940.293, 61
Trd, 4318940.593, 60
Trd, 4318940.743, 61
Trd, 4318941.243, 60
Trd, 4318941.543, 66
Trd, 4318942.193, 66
Trd, 4318942.743, 64
Trd, 4318942.793, 61
Trd, 4318942.993, 60
Trd, 4318944.293, 140
Trd, 4318944.343, 140
Trd, 4318944.943, 60
Trd, 4318946.193, 60
Trd, 4318946.493, 60
Trd, 4318946.643, 74
Trd, 4318946.893, 139
Trd, 4318948.093, 63
Trd, 4318948.543, 60
Trd, 4318949.643, 60
Trd, 4318952.043, 66
Trd, 4318952.643, 60
Trd, 4318954.443, 62
Trd, 4318954.943, 60
Trd, 4318955.593, 61
Trd, 4318956.143, 60
Trd, 4318957.543, 60
Trd, 4318958.793, 63
Trd, 4318959.043, 63
Trd, 4318959.193, 64
Trd, 4318959.343, 64
Trd, 4318959.593, 62
Trd, 4318960.443, 61
Trd, 4318960.793, 61
Trd, 4318962.093, 60
Trd, 4318963.893, 60
Trd, 4318964.643, 60
Trd, 4318965.793, 60
Trd, 4318966.243, 61
Trd, 4318966.343, 60
Trd, 4318966.693, 139
Trd, 4318968.243, 62
Trd, 4318968.743, 60
Trd, 4318969.243, 62
Trd, 4318969.593, 65
Trd, 4318970.293, 63
Trd, 4318971.793, 63
Trd, 4318971.993, 68
Trd, 4318972.043, 70
Trd, 4318972.793, 67
Trd, 4318973.193, 139
Trd, 4318973.943, 140
Trd, 4318974.793, 140
Trd, 4318974.943, 140
Trd, 4318975.193, 140
Trd, 4318976.693, 140
Trd, 4318976.943, 140
Trd, 4318977.793, 140
Trd, 4318978.393, 140
Trd, 4318979.043, 140
Trd, 4318979.493, 140
Trd, 4318980.543, 140
Trd, 4318980.643, 139
Trd, 4318981.893, 60
Trd, 4318984.793, 60
Trd, 4318985.093, 61
Trd, 4318985.143, 62
Trd, 4318985.343, 63
Trd, 4318985.693, 64
Trd, 4318986.343, 64
Trd, 4318987.143, 61
Trd, 4318987.243, 61
Trd, 4318989.343, 65
Trd, 4318989.543, 62
Trd, 4318989.743, 63
Trd, 4318989.793, 62
Trd, 4318990.443, 66
Trd, 4318991.343, 64
Trd, 4318992.243, 71
Trd, 4318992.293, 70
Trd, 4318992.843, 65
Trd, 4318992.993, 95
Trd, 4318993.693, 72
Trd, 4318994.643, 65
Trd, 4318995.743, 60
Trd, 4318995.993, 62
Trd, 4318996.143, 63
Trd, 4318997.743, 63
Trd, 4318998.443, 63
Trd, 4318999.693, 66
Trd, 4318999.943, 65
Trd, 4319000.443, 139
Trd, 4319002.143, 60
Trd, 4319003.143, 63
Trd, 4319003.543, 62
Trd, 4319003.593, 62
Trd, 4319004.393, 62
Trd, 4319004.843, 63
Trd, 4319004.893, 63
Trd, 4319004.993, 62
Trd, 4319005.643, 140
Trd, 4319006.143, 62
Trd, 4319006.993, 140
Trd, 4319008.043, 139
Trd, 4319008.493, 132
Trd, 4319008.593, 60
Trd, 4319009.743, 61
Trd, 4319011.043, 61
Trd, 4319011.093, 62
Trd, 4319011.843, 66
Trd, 4319012.643, 64
Trd, 4319013.893, 68
Trd, 4319014.193, 67
Trd, 4319014.693, 61
Trd, 4319015.693, 60
Trd, 4319016.293, 60
Trd, 4319017.293, 60
Trd, 4319017.943, 61
Trd, 4319019.043, 63
Trd, 4319019.293, 66
Trd, 4319019.743, 62
Trd, 4319020.643, 63
Trd, 4319021.143, 65
Trd, 4319021.793, 68
Trd, 4319022.893, 61
Trd, 4319023.143, 64
Trd, 4319025.993, 60
Trd, 4319026.143, 60
Trd, 4319027.143, 60
Trd, 4319027.193, 63
Trd, 4319028.693, 63
Trd, 4319030.293, 63
Trd, 4319030.393, 64
Trd, 4319030.443, 62
Trd, 4319030.693, 66
Trd, 4319031.443, 67
Trd, 4319031.743, 140
Trd, 4319031.893, 65
Trd, 4319032.743, 68
Trd, 4319032.893, 71
Trd, 4319034.843, 60
Trd, 4319035.443, 61
Trd, 4319035.893, 61
Trd, 4319036.043, 62
Trd, 4319037.043, 61
Trd, 4319038.243, 62
Trd, 4319038.543, 64
Trd, 4319039.193, 72
Trd, 4319040.193, 61
Trd, 4319042.193, 60
Trd, 4319042.743, 60
Trd, 4319042.943, 60
Trd, 4319043.143, 60
Trd, 4319043.243, 60
Trd, 4319043.793, 62
Trd, 4319043.993, 60
Trd, 4319044.993, 63
Trd, 4319045.043, 99
Trd, 4319045.993, 64
Trd, 4319046.693, 70
Trd, 4319047.193, 79
Trd, 4319048.293, 140
Trd, 4319048.393, 140
Trd, 4319048.743, 140
Trd, 4319050.243, 140
Trd, 4319050.393, 140
Trd, 4319051.243, 140
Trd, 4319052.093, 140
Trd, 4319052.393, 139
Trd, 4319052.493, 138
Trd, 4319053.993, 60
Trd, 4319054.643, 86
Trd, 4319055.993, 60
Trd, 4319057.143, 60
Trd, 4319057.543, 61
Trd, 4319060.043, 60
Trd, 4319060.493, 62
Trd, 4319061.693, 61
Trd, 4319061.993, 61
Trd, 4319062.143, 61
Trd, 4319062.743, 63
Trd, 4319062.793, 61
Trd, 4319063.193, 139
Trd, 4319063.543, 139
Trd, 4319064.543, 140
Trd, 4319064.843, 140
Trd, 4319065.593, 138
Trd, 4319066.593, 60
Trd, 4319066.993, 60
Trd, 4319067.443, 65
Trd, 4319067.693, 104
Trd, 4319068.943, 63
Trd, 4319069.143, 140
Trd, 4319069.993, 60
Trd, 4319072.293, 63
Trd, 4319072.893, 61
Trd, 4319073.143, 64
Trd, 4319075.293, 61
Trd, 4319076.843, 64
Trd, 4319077.743, 60
Trd, 4319077.943, 62
Trd, 4319078.193, 64
Trd, 4319079.293, 62
Trd, 4319079.743, 69
Trd, 4319080.943, 64
Trd, 4319081.343, 63
Trd, 4319081.543, 64
Trd, 4319081.943, 62
Trd, 4319082.043, 76
Trd, 4319083.043, 64
Trd, 4319083.443, 62
Trd, 4319083.843, 73
Trd, 4319083.943, 106
Trd, 4319086.843, 60
Trd, 4319087.643, 60
Trd, 4319088.793, 60
Trd, 4319088.843, 62
Trd, 4319089.243, 64
Trd, 4319090.743, 62
Trd, 4319091.443, 61
Trd, 4319091.543, 64
Trd, 4319092.193, 140
Trd, 4319094.293, 60
Trd, 4319094.443, 60
Trd, 4319095.493, 60
Trd, 4319096.143, 62
Trd, 4319096.243, 61
Trd, 4319096.293, 65
Trd, 4319097.443, 62
Trd, 4319097.843, 60
Trd, 4319098.693, 64
Trd, 4319099.393, 60
Trd, 4319101.093, 62
Trd, 4319101.193, 61
Trd, 4319102.443, 60
Trd, 4319102.943, 60
Trd, 4319103.343, 61
Trd, 4319106.243, 61
Trd, 4319106.993, 60
Trd, 4319107.193, 62
Trd, 4319107.243, 67
Trd, 4319107.693, 136
Trd, 4319107.993, 62
Trd, 4319108.593, 78
Trd, 4319109.043, 140
Trd, 4319109.893, 140
Trd, 4319110.343, 71
Trd, 4319110.943, 62
Trd, 4319112.143, 61
Trd, 4319112.843, 63
Trd, 4319113.143, 65
Trd, 4319114.643, 61
Trd, 4319115.843, 60
Trd, 4319116.043, 61
Trd, 4319116.143, 69
Trd, 4319116.843, 66
Trd, 4319118.343, 63
Trd, 4319119.743, 60
Trd, 4319119.893, 60
Trd, 4319120.593, 60
Trd, 4319122.143, 60
Trd, 4319122.293, 60
Trd, 4319122.843, 61
Trd, 4319123.643, 60
Trd, 4319123.993, 61
Trd, 4319124.093, 68
Trd, 4319125.143, 60
Trd, 4319125.343, 123
Trd, 4319126.393, 140
Trd, 4319126.993, 140
Trd, 4319127.393, 140
Trd, 4319127.693, 140
Trd, 4319128.043, 140
Trd, 4319128.393, 140
Trd, 4319128.993, 140
Trd, 4319129.143, 140
Trd, 4319131.143, 140
Trd, 4319132.343, 140
Trd, 4319133.093, 140
Trd, 4319133.143, 139
Trd, 4319133.193, 139
Trd, 4319133.543, 138
Trd, 4319134.643, 139
Trd, 4319134.693, 139
Trd, 4319135.293, 140
Trd, 4319135.643, 140
Trd, 4319136.293, 140
Trd, 4319137.343, 140
Trd, 4319137.993, 140
Trd, 4319138.193, 140
Trd, 4319138.693, 140
Trd, 4319138.993, 140
Trd, 4319139.843, 140
Trd, 4319139.893, 140
Trd, 4319140.093, 136
Trd, 4319140.693, 139
Trd, 4319140.743, 138
Trd, 4319141.843, 140
Trd, 4319142.493, 139
Trd, 4319143.143, 140
Trd, 4319144.693, 140
Trd, 4319144.993, 140
Trd, 4319145.243, 140
Trd, 4319146.693, 140
Trd, 4319146.793, 139
Trd, 4319147.543, 140
Trd, 4319148.543, 140
Trd, 4319149.243, 140
Trd, 4319149.493, 140
Trd, 4319151.343, 140
Trd, 4319151.743, 140
Trd, 4319151.943, 140
Trd, 4319152.693, 140
Trd, 4319153.893, 140
Trd, 4319154.443, 140
Trd, 4319155.343, 140
Trd, 4319155.393, 140
Trd, 4319155.543, 140
Trd, 4319155.843, 139
Trd, 4319156.193, 140
Trd, 4319156.943, 140
Trd, 4319157.893, 140
Trd, 4319158.843, 140
Trd, 4319158.993, 139
Trd, 4319159.143, 139
Trd, 4319160.943, 140
Trd, 4319161.093, 140
Trd, 4319161.343, 140
Trd, 4319161.643, 139
Trd, 4319161.893, 138
Trd, 4319162.193, 66
Trd, 4319162.793, 140
Trd, 4319163.293, 140
Trd, 4319164.043, 140
Trd, 4319164.593, 139
Trd, 4319164.993, 63
Trd, 4319166.293, 60
Trd, 4319167.043, 62
Trd, 4319168.443, 64
Trd, 4319169.593, 61
Trd, 4319169.893, 65
Trd, 4319170.393, 64
Trd, 4319171.793, 61
Trd, 4319172.093, 61
Trd, 4319173.693, 61
Trd, 4319174.493, 66
Trd, 4319175.043, 60
Trd, 4319175.343, 66
Trd, 4319176.143, 61
Trd, 4319176.543, 63
Trd, 4319176.693, 65
Trd, 4319177.493, 62
Trd, 4319177.693, 61
Trd, 4319177.893, 66
Trd, 4319178.943, 140
Trd, 4319179.193, 139
Trd, 4319180.293, 63
Trd, 4319181.743, 60
Trd, 4319181.793, 62
Trd, 4319183.293, 68
Trd, 4319184.243, 61
Trd, 4319184.643, 65
Trd, 4319187.693, 61
Trd, 4319187.843, 62
Trd, 4319188.143, 62
Trd, 4319188.443, 64
Trd, 4319189.093, 64
Trd, 4319189.393, 64
Trd, 4319189.493, 70
Trd, 4319190.343, 65
Trd, 4319190.493, 63
Trd, 4319190.643, 65
Trd, 4319192.243, 60
Trd, 4319192.643, 61
Trd, 4319193.443, 61
Trd, 4319193.743, 61
Trd, 4319194.793, 61
Trd, 4319195.543, 61
Trd, 4319196.443, 60
Trd, 4319196.493, 64
Trd, 4319196.543, 66
Trd, 4319198.493, 61
Trd, 4319200.693, 60
Trd, 4319201.093, 60
Trd, 4319202.043, 62
Trd, 4319202.593, 61
Trd, 4319202.793, 60
Trd, 4319202.893, 62
Trd, 4319203.593, 140
Trd, 4319204.043, 140
Trd, 4319204.593, 140
Trd, 4319205.493, 140
Trd, 4319206.343, 71
Trd, 4319206.693, 90
Trd, 4319206.843, 137
Trd, 4319207.943, 140
Trd, 4319208.393, 140
Trd, 4319209.343, 61
Trd, 4319209.893, 126
Trd, 4319211.493, 60
Trd, 4319211.643, 64
Trd, 4319212.493, 66
Trd, 4319213.043, 61
Trd, 4319214.093, 61
Trd, 4319215.643, 60
Trd, 4319216.143, 60
Trd, 4319216.893, 60
Trd, 4319217.593, 60
Trd, 4319218.393, 61
Trd, 4319219.393, 62
Trd, 4319219.543, 67
Trd, 4319219.943, 73
Trd, 4319219.993, 116
Trd, 4319220.693, 63
Trd, 4319220.943, 135
Trd, 4319222.643, 60
Trd, 4319222.893, 63
Trd, 4319224.743, 61
Trd, 4319224.993, 62
Trd, 4319225.093, 62
Trd, 4319225.843, 62
Trd, 4319226.143, 62
Trd, 4319226.943, 60
Trd, 4319228.043, 61
Trd, 4319230.293, 60
Trd, 4319230.893, 60
Trd, 4319231.843, 62
Trd, 4319231.943, 62
Trd, 4319232.093, 60
Trd, 4319232.843, 60
Trd, 4319232.993, 62
Trd, 4319234.143, 62
Trd, 4319234.493, 60
Trd, 4319235.243, 63
Trd, 4319235.993, 60
Trd, 4319236.493, 61
Trd, 4319236.943, 64
Trd, 4319237.243, 62
Trd, 4319238.243, 67
Trd, 4319238.743, 72
Trd, 4319239.993, 140
Trd, 4319240.293, 140
Trd, 4319240.843, 140
Trd, 4319241.493, 138
Trd, 4319242.193, 61
Trd, 4319242.343, 61
Trd, 4319242.543, 118
Trd, 4319243.043, 133
Trd, 4319243.643, 61
Trd, 4319244.293, 65
Trd, 4319244.993, 62
Trd, 4319246.043, 60
Trd, 4319247.243, 60
Trd, 4319247.893, 61
Trd, 4319248.243, 61
Trd, 4319249.843, 60
Trd, 4319252.193, 60
Trd, 4319252.393, 61
Trd, 4319252.443, 62
Trd, 4319252.593, 63
Trd, 4319252.993, 62
Trd, 4319253.243, 62
Trd, 4319253.293, 100
Trd, 4319253.893, 60
Trd, 4319254.493, 138
Trd, 4319254.993, 137
Trd, 4319255.393, 138
Trd, 4319256.343, 140
Trd, 4319256.743, 140
Trd, 4319257.043, 139
Trd, 4319257.443, 139
Trd, 4319258.693, 62
Trd, 4319258.943, 63
Trd, 4319260.393, 140
Trd, 4319260.543, 140
Trd, 4319262.193, 140
Trd, 4319262.493, 140
Trd, 4319262.993, 140
Trd, 4319263.643, 140
Trd, 4319264.193, 140
Trd, 4319264.643, 140
Trd, 4319265.243, 140
Trd, 4319266.143, 140
Trd, 4319266.593, 140
Trd, 4319267.293, 140
Trd, 4319267.443, 140
Trd, 4319267.893, 140
Trd, 4319268.893, 140
Trd, 4319269.143, 140
Trd, 4319269.493, 140
Trd, 4319269.643, 140
Trd, 4319269.793, 140
Trd, 4319271.343, 140
Trd, 4319271.993, 60
Trd, 4319272.193, 101
Trd, 4319272.643, 140
Trd, 4319273.643, 68
Trd, 4319276.143, 61
Trd, 4319276.943, 60
Trd, 4319277.993, 61
Trd, 4319278.693, 63
Trd, 4319279.393, 67
Trd, 4319281.093, 60
Trd, 4319281.293, 61
Trd, 4319281.443, 60
Trd, 4319281.843, 62
Trd, 4319282.493, 61
Trd, 4319282.643, 65
Trd, 4319283.793, 106
Trd, 4319284.293, 64
Trd, 4319284.593, 64
Trd, 4319284.793, 65
Trd, 4319284.993, 64
Trd, 4319285.393, 140
Trd, 4319285.793, 63
Trd, 4319286.443, 137
Trd, 4319287.193, 60
Trd, 4319288.693, 61
Trd, 4319288.843, 68
Trd, 4319289.743, 62
Trd, 4319290.643, 60
Trd, 4319291.393, 60
Trd, 4319291.893, 61
Trd, 4319293.443, 70
Trd, 4319295.143, 60
Trd, 4319295.593, 61
Trd, 4319296.243, 61
Trd, 4319296.393, 64
Trd, 4319297.393, 62
Trd, 4319298.343, 71
Trd, 4319299.693, 65
Trd, 4319300.643, 62
Trd, 4319300.793, 61
Trd, 4319300.893, 65
Trd, 4319301.493, 140
Trd, 4319302.193, 60
Trd, 4319302.293, 60
Trd, 4319303.643, 60
Trd, 4319303.993, 63
Trd, 4319304.993, 67
Trd, 4319305.693, 66
Trd, 4319306.043, 138
Trd, 4319306.393, 140
Trd, 4319307.643, 140
Trd, 4319307.843, 140
Trd, 4319308.193, 140
Trd, 4319308.493, 140
Trd, 4319308.643, 140
Trd, 4319309.393, 140
Trd, 4319309.843, 140
Trd, 4319310.193, 140
Trd, 4319312.143, 140
Trd, 4319312.393, 140
Trd, 4319313.193, 139
Trd, 4319313.643, 140
Trd, 4319314.493, 140
Trd, 4319314.743, 140
Trd, 4319314.843, 138
Trd, 4319316.493, 140
Trd, 4319317.043, 139
Trd, 4319317.243, 140
Trd, 4319317.693, 60
Trd, 4319318.443, 62
Trd, 4319321.043, 60
Trd, 4319321.593, 60
Trd, 4319322.993, 62
Trd, 4319323.993, 60
Trd, 4319324.093, 64
Trd, 4319324.243, 63
Trd, 4319325.943, 60
Trd, 4319326.393, 62
Trd, 4319327.093, 60
Trd, 4319327.443, 61
Trd, 4319327.993, 63
Trd, 4319328.143, 63
Trd, 4319328.743, 67
Trd, 4319328.993, 78
Trd, 4319330.543, 140
Trd, 4319331.343, 72
Trd, 4319331.693, 140
Trd, 4319331.943, 140
Trd, 4319332.243, 71
Trd, 4319332.543, 62
Trd, 4319332.943, 60
Trd, 4319333.693, 61
Trd, 4319334.043, 82
Trd, 4319335.043, 64
Trd, 4319335.193, 61
Trd, 4319337.593, 60
Trd, 4319338.993, 60
Trd, 4319339.243, 60
Trd, 4319339.543, 61
Trd, 4319339.843, 67
Trd, 4319341.043, 65
Trd, 4319341.293, 70
Trd, 4319341.843, 60
Trd, 4319344.243, 60
Trd, 4319345.093, 61
Trd, 4319345.393, 61
Trd, 4319345.743, 60
Trd, 4319345.893, 61
Trd, 4319346.893, 67
Trd, 4319347.293, 70
Trd, 4319347.743, 69
Trd, 4319348.243, 68
Trd, 4319349.693, 66
Trd, 4319350.093, 66
Trd, 4319351.643, 60
Trd, 4319352.543, 60
Trd, 4319352.993, 66
Trd, 4319354.343, 61
Trd, 4319355.393, 60
Trd, 4319356.043, 60
Trd, 4319356.443, 61
Trd, 4319357.093, 60
Trd, 4319357.743, 60
Trd, 4319357.843, 60
Trd, 4319358.193, 61
Trd, 4319358.493, 60
Trd, 4319359.843, 140
Trd, 4319359.943, 140
Trd, 4319360.093, 140
Trd, 4319360.893, 140
Trd, 4319363.243, 140
Trd, 4319363.493, 140
Trd, 4319364.693, 140
Trd, 4319365.093, 139
Trd, 4319365.743, 140
Trd, 4319365.843, 140
Trd, 4319366.343, 138
Trd, 4319366.593, 137
Trd, 4319367.293, 139
Trd, 4319368.443, 140
Trd, 4319368.843, 140
Trd, 4319369.143, 140
Trd, 4319369.943, 140
Trd, 4319370.343, 140
Trd, 4319370.393, 140
Trd, 4319370.793, 139
Trd, 4319371.443, 140
Trd, 4319371.593, 138
Trd, 4319371.793, 140
Trd, 4319372.943, 140
Trd, 4319374.243, 140
Trd, 4319374.443, 140
Trd, 4319374.893, 140
Trd, 4319374.993, 140
Trd, 4319375.443, 140
Trd, 4319376.243, 140
Trd, 4319376.493, 140
Trd, 4319376.743, 62
Trd, 4319378.543, 61
Trd, 4319379.643, 71
Trd, 4319380.043, 61
Trd, 4319380.893, 60
Trd, 4319382.443, 60
Trd, 4319383.293, 60
Trd, 4319383.443, 62
Trd, 4319384.993, 60
Trd, 4319385.543, 60
Trd, 4319385.843, 140
Trd, 4319386.543, 61
Trd, 4319387.793, 60
Trd, 4319388.643, 62
Trd, 4319389.043, 60
Trd, 4319389.593, 62
Trd, 4319390.543, 60
Trd, 4319391.093, 61
Trd, 4319391.343, 62
Trd, 4319391.543, 63
Trd, 4319392.843, 60
Trd, 4319393.743, 60
Trd, 4319393.993, 62
Trd, 4319395.293, 60
Trd, 4319395.493, 60
Trd, 4319395.893, 62
Trd, 4319395.993, 64
Trd, 4319397.493, 62
Trd, 4319398.893, 61
Trd, 4319399.243, 61
Trd, 4319400.543, 63
Trd, 4319401.343, 64
Trd, 4319401.493, 67
Trd, 4319402.443, 63
Trd, 4319402.493, 64
Trd, 4319403.343, 64
Trd, 4319403.543, 67
Trd, 4319403.593, 109
Trd, 4319403.843, 62
Trd, 4319404.243, 60
Trd, 4319406.943, 61
Trd, 4319407.793, 60
Trd, 4319407.843, 61
Trd, 4319408.093, 62
Trd, 4319409.343, 68
Trd, 4319409.993, 62
Trd, 4319410.393, 118
Trd, 4319410.793, 60
Trd, 4319412.343, 60
Trd, 4319413.443, 63
Trd, 4319413.893, 63
Trd, 4319415.393, 61
Trd, 4319415.943, 61
Trd, 4319416.593, 61
Trd, 4319416.743, 60
Trd, 4319417.343, 63
Trd, 4319417.593, 61
Trd, 4319418.743, 61
Trd, 4319420.043, 60
Trd, 4319420.293, 60
Trd, 4319420.643, 60
Trd, 4319420.993, 62
Trd, 4319422.543, 60
Trd, 4319425.193, 63
Trd, 4319426.043, 64
Trd, 4319426.093, 65
Trd, 4319428.043, 60
Trd, 4319428.293, 60
Trd, 4319428.343, 61
Trd, 4319428.893, 60
Trd, 4319429.243, 62
Trd, 4319429.493, 60
Trd, 4319430.143, 66
Trd, 4319430.343, 65
Trd, 4319430.393, 113
Trd, 4319430.593, 92
Trd, 4319431.743, 140
Trd, 4319432.243, 140
Trd, 4319432.643, 140
Trd, 4319432.743, 140
Trd, 4319434.093, 60
Trd, 4319434.443, 61
Trd, 4319434.793, 61
Trd, 4319437.043, 70
Trd, 4319437.393, 61
Trd, 4319438.193, 60
Trd, 4319438.943, 60
Trd, 4319439.593, 61
Trd, 4319441.843, 60
Trd, 4319442.743, 60
Trd, 4319442.893, 61
Trd, 4319443.143, 61
Trd, 4319443.843, 62
Trd, 4319445.743, 61
Trd, 4319446.593, 61
Trd, 4319447.043, 60
Trd, 4319447.343, 62
Trd, 4319448.493, 62
Trd, 4319449.243, 140
Trd, 4319449.643, 140
Trd, 4319450.043, 140
Trd, 4319450.793, 140
Trd, 4319451.443, 140
Trd, 4319451.843, 140
Trd, 4319452.093, 140
Trd, 4319452.443, 140
Trd, 4319453.193, 61
Trd, 4319454.493, 140
Trd, 4319454.843, 140
Trd, 4319455.043, 140
Trd, 4319455.243, 140
Trd, 4319456.593, 140
Trd, 4319456.643, 140
Trd, 4319456.743, 139
Trd, 4319457.343, 140
Trd, 4319457.843, 65
Trd, 4319459.393, 60
Trd, 4319460.043, 63
Trd, 4319461.143, 60
Trd, 4319461.543, 67
Trd, 4319462.143, 62
Trd, 4319464.093, 65
Trd, 4319464.393, 68
Trd, 4319465.443, 66
Trd, 4319465.793, 139
Trd, 4319466.293, 139
Trd, 4319466.393, 138
Trd, 4319466.843, 140
Trd, 4319467.243, 140
Trd, 4319467.843, 140
Trd, 4319468.843, 140
Trd, 4319469.193, 140
Trd, 4319469.393, 140
Trd, 4319469.493, 139
Trd, 4319470.093, 140
Trd, 4319470.543, 134
Trd, 4319471.143, 66
Trd, 4319472.143, 60
Trd, 4319472.443, 61
Trd, 4319474.093, 63
Trd, 4319474.443, 64
Trd, 4319475.193, 64
Trd, 4319475.543, 63
Trd, 4319476.743, 60
Trd, 4319477.343, 60
Trd, 4319478.693, 61
Trd, 4319479.093, 64
Trd, 4319480.943, 61
Trd, 4319481.643, 62
Trd, 4319483.393, 60
Trd, 4319483.493, 62
Trd, 4319484.293, 67
Trd, 4319485.243, 61
Trd, 4319485.393, 60
Trd, 4319486.393, 60
Trd, 4319487.493, 62
Trd, 4319487.543, 61
Trd, 4319487.993, 62
Trd, 4319488.343, 60
Trd, 4319489.593, 65
Trd, 4319489.893, 139
Trd, 4319490.543, 60
Trd, 4319490.943, 72
Trd, 4319491.293, 140
Trd, 4319491.593, 61
Trd, 4319493.643, 60
Trd, 4319493.743, 64
Trd, 4319494.243, 69
Trd, 4319495.243, 62
Trd, 4319496.693, 61
Trd, 4319498.593, 60
Trd, 4319498.993, 64
Trd, 4319500.393, 60
Trd, 4319501.743, 61
Trd, 4319501.993, 63
Trd, 4319502.643, 64
Trd, 4319503.943, 60
Trd, 4319504.243, 61
Trd, 4319505.043, 63
Trd, 4319505.193, 60
Trd, 4319506.243, 61
Trd, 4319507.143, 61
Trd, 4319507.693, 62
Trd, 4319508.143, 140
Trd, 4319508.443, 139
Trd, 4319508.693, 61
Trd, 4319509.293, 61
Trd, 4319509.793, 115
Trd, 4319510.793, 62
Trd, 4319511.443, 72
Trd, 4319512.293, 60
Trd, 4319514.943, 61
Trd, 4319514.993, 62
Trd, 4319515.193, 62
Trd, 4319515.643, 65
Trd, 4319516.243, 60
Trd, 4319516.493, 60
Trd, 4319517.143, 67
Trd, 4319518.043, 68
Trd, 4319518.193, 73
Trd, 4319519.243, 139
Trd, 4319519.343, 140
Trd, 4319519.943, 139
Trd, 4319520.443, 140
Trd, 4319520.743, 139
Trd, 4319520.793, 138
Trd, 4319522.343, 60
Trd, 4319523.043, 134
Trd, 4319524.043, 63
Trd, 4319526.593, 60
Trd, 4319526.693, 61
Trd, 4319526.793, 64
Trd, 4319527.693, 73
Trd, 4319529.343, 61
Trd, 4319529.943, 68
Trd, 4319531.043, 60
Trd, 4319531.093, 61
Trd, 4319531.993, 63
Trd, 4319532.143, 66
Trd, 4319533.243, 61
Trd, 4319534.293, 61
Trd, 4319534.993, 62
Trd, 4319535.893, 61
Trd, 4319536.593, 61
Trd, 4319536.793, 62
Trd, 4319536.993, 63
Trd, 4319537.243, 61
Trd, 4319538.793, 66
Trd, 4319539.543, 66
Trd, 4319539.893, 60
Trd, 4319540.443, 62
Trd, 4319541.643, 65
Trd, 4319541.793, 68
Trd, 4319542.943, 60
Trd, 4319543.693, 62
Trd, 4319544.593, 68
Trd, 4319546.093, 61
Trd, 4319547.043, 62
Trd, 4319547.893, 60
Trd, 4319549.393, 60
Trd, 4319549.743, 62
Trd, 4319550.243, 61
Trd, 4319550.443, 62
Trd, 4319550.593, 63
Trd, 4319551.493, 60
Trd, 4319551.893, 61
Trd, 4319552.843, 60
Trd, 4319552.943, 60
Trd, 4319553.793, 63
Trd, 4319555.593, 60
Trd, 4319555.843, 61
Trd, 4319556.993, 61
Trd, 4319557.243, 62
Trd, 4319557.293, 64
Trd, 4319559.293, 60
Trd, 4319559.443, 61
Trd, 4319559.543, 61
Trd, 4319559.943, 63
Trd, 4319560.093, 63
Trd, 4319560.993, 68
Trd, 4319561.393, 66
Trd, 4319561.993, 65
Trd, 4319564.193, 61
Trd, 4319564.543, 61
Trd, 4319565.093, 68
Trd, 4319566.793, 60
Trd, 4319567.293, 60
Trd, 4319568.043, 60
Trd, 4319568.143, 62
Trd, 4319569.043, 61
Trd, 4319569.143, 66
Trd, 4319570.643, 60
Trd, 4319570.793, 61
Trd, 4319570.893, 62
Trd, 4319571.593, 60
Trd, 4319572.293, 60
Trd, 4319573.793, 62
Trd, 4319573.943, 63
Trd, 4319574.393, 63
Trd, 4319575.043, 140
Trd, 4319576.643, 62
Trd, 4319578.143, 60
Trd, 4319579.143, 62
Trd, 4319579.493, 62
Trd, 4319581.243, 60
Trd, 4319582.293, 60
Trd, 4319582.593, 61
Trd, 4319583.393, 60
Trd, 4319583.743, 61
Trd, 4319584.893, 62
Trd, 4319585.143, 63
Trd, 4319586.293, 63
Trd, 4319586.793, 62
Trd, 4319587.043, 61
Trd, 4319587.243, 63
Trd, 4319587.493, 61
Trd, 4319587.643, 67
Trd, 4319588.093, 63
Trd, 4319588.943, 140
Trd, 4319589.543, 140
Trd, 4319589.693, 140
Trd, 4319589.893, 140
Trd, 4319590.593, 61
Trd, 4319591.343, 61
Trd, 4319593.243, 64
Trd, 4319593.993, 61
Trd, 4319594.443, 61
Trd, 4319595.193, 61
Trd, 4319597.043, 61
Trd, 4319597.093, 61
Trd, 4319597.793, 63
Trd, 4319598.143, 63
Trd, 4319599.543, 62
Trd, 4319600.743, 63
Trd, 4319600.993, 60
Trd, 4319601.943, 61
Trd, 4319602.193, 61
Trd, 4319602.343, 62
Trd, 4319602.643, 60
Trd, 4319604.093, 140
Trd, 4319604.793, 140
Trd, 4319605.393, 140
Trd, 4319605.743, 140
Trd, 4319606.493, 140
Trd, 4319607.493, 66
Trd, 4319607.543, 67
Trd, 4319608.143, 138
Trd, 4319608.943, 140
Trd, 4319609.143, 140
Trd, 4319609.593, 139
Trd, 4319611.293, 61
Trd, 4319612.243, 63
Trd, 4319612.293, 64
Trd, 4319614.643, 60
Trd, 4319615.293, 60
Trd, 4319615.993, 63
Trd, 4319616.193, 114
Trd, 4319616.943, 74
Trd, 4319617.943, 62
Trd, 4319618.343, 61
Trd, 4319618.893, 65
Trd, 4319619.043, 64
Trd, 4319619.293, 66
Trd, 4319619.443, 83
Trd, 4319621.193, 65
Trd, 4319621.743, 135
Trd, 4319621.993, 140
Trd, 4319622.093, 136
Trd, 4319622.693, 140
Trd, 4319623.993, 60
Trd, 4319624.643, 60
Trd, 4319625.843, 63
Trd, 4319626.743, 61
Trd, 4319627.393, 62
Trd, 4319630.043, 60
Trd, 4319630.243, 60
Trd, 4319632.493, 62
Trd, 4319632.643, 61
Trd, 4319632.993, 61
Trd, 4319633.093, 63
Trd, 4319633.693, 65
Trd, 4319633.943, 65
Trd, 4319634.843, 137
Trd, 4319635.143, 137
Trd, 4319636.543, 65
Trd, 4319637.343, 63
Trd, 4319638.243, 61
Trd, 4319638.393, 62
Trd, 4319639.293, 60
Trd, 4319641.143, 62
Trd, 4319641.793, 66
Trd, 4319642.893, 61
Trd, 4319644.043, 61
Trd, 4319644.393, 61
Trd, 4319645.393, 62
Trd, 4319646.043, 60
Trd, 4319646.643, 60
Trd, 4319646.793, 62
Trd, 4319647.193, 61
Trd, 4319648.293, 62
Trd, 4319649.393, 62
Trd, 4319649.693, 65
Trd, 4319650.593, 65
Trd, 4319651.243, 63
Trd, 4319651.443, 68
Trd, 4319651.693, 70
Trd, 4319652.843, 64
Trd, 4319653.093, 63
Trd, 4319653.643, 65
Trd, 4319654.443, 68
Trd, 4319655.993, 63
Trd, 4319656.343, 61
Trd, 4319657.043, 64
Trd, 4319657.293, 65
Trd, 4319658.093, 63
Trd, 4319658.993, 66
Trd, 4319660.193, 61
Trd, 4319661.043, 62
Trd, 4319661.843, 60
Trd, 4319663.193, 65
Trd, 4319664.543, 66
Trd, 4319665.593, 61
Trd, 4319665.893, 61
Trd, 4319666.543, 63
Trd, 4319667.893, 61
Trd, 4319668.093, 60
Trd, 4319668.393, 60
Trd, 4319668.443, 60
Trd, 4319668.993, 63
Trd, 4319669.193, 63
Trd, 4319669.793, 62
Trd, 4319671.543, 61
Trd, 4319671.643, 62
Trd, 4319671.793, 63
Trd, 4319671.893, 63
Trd, 4319672.593, 61
Trd, 4319672.943, 63
Trd, 4319673.993, 60
Trd, 4319676.093, 63
Trd, 4319678.093, 61
Trd, 4319678.443, 61
Trd, 4319678.693, 67
Trd, 4319678.893, 68
Trd, 4319680.543, 60
Trd, 4319681.893, 60
Trd, 4319681.943, 60
Trd, 4319682.093, 61
Trd, 4319682.943, 60
Trd, 4319683.143, 61
Trd, 4319683.643, 62
Trd, 4319683.793, 65
Trd, 4319684.293, 63
Trd, 4319685.243, 140
Trd, 4319685.693, 140
Trd, 4319685.743, 140
Trd, 4319686.993, 140
Trd, 4319687.243, 140
Trd, 4319688.243, 140
Trd, 4319688.293, 140
Trd, 4319688.793, 140
Trd, 4319689.643, 60
Trd, 4319689.943, 70
Trd, 4319691.143, 61
Trd, 4319691.443, 60
Trd, 4319692.593, 66
Trd, 4319692.993, 66
Trd, 4319693.343, 63
Trd, 4319695.293, 60
Trd, 4319697.043, 62
Trd, 4319697.293, 60
Trd, 4319698.343, 60
Trd, 4319698.893, 60
Trd, 4319699.593, 60
Trd, 4319700.643, 60
Trd, 4319701.343, 60
Trd, 4319702.393, 61
Trd, 4319702.493, 61
Trd, 4319702.593, 65
Trd, 4319704.743, 60
Trd, 4319704.843, 61
Trd, 4319704.893, 61
Trd, 4319705.993, 69
Trd, 4319706.093, 62
Trd, 4319706.293, 61
Trd, 4319709.043, 60
Trd, 4319709.843, 64
Trd, 4319709.993, 64
Trd, 4319710.793, 60
Trd, 4319711.043, 63
Trd, 4319712.893, 62
Trd, 4319713.643, 63
Trd, 4319714.893, 60
Trd, 4319715.493, 60
Trd, 4319715.743, 60
Trd, 4319716.043, 61
Trd, 4319716.193, 70
Trd, 4319716.593, 64
Trd, 4319717.193, 140
Trd, 4319717.393, 140
Trd, 4319717.643, 138
Trd, 4319719.543, 60
Trd, 4319720.093, 62
Trd, 4319722.193, 62
Trd, 4319722.743, 70
Trd, 4319722.793, 74
Trd, 4319723.343, 61
Trd, 4319724.093, 61
Trd, 4319724.293, 62
Trd, 4319725.993, 61
Trd, 4319726.643, 62
Trd, 4319728.793, 63
Trd, 4319729.143, 65
Trd, 4319729.293, 66
Trd, 4319729.743, 63
Trd, 4319730.043, 64
Trd, 4319730.193, 66
Trd, 4319730.393, 67
Trd, 4319730.993, 68
Trd, 4319733.493, 60
Trd, 4319733.843, 63
Trd, 4319734.993, 62
Trd, 4319735.143, 73
Trd, 4319736.893, 66
Trd, 4319737.593, 62
Trd, 4319738.043, 60
Trd, 4319738.143, 70
Trd, 4319739.893, 60
Trd, 4319740.043, 60
Trd, 4319741.693, 60
Trd, 4319742.093, 60
Trd, 4319742.793, 64
Trd, 4319743.093, 60
Trd, 4319743.893, 62
Trd, 4319743.993, 62
Trd, 4319744.243, 66
Trd, 4319745.593, 60
Trd, 4319747.193, 60
Trd, 4319747.343, 71
Trd, 4319747.893, 140
Trd, 4319748.193, 140
Trd, 4319748.643, 139
Trd, 4319749.743, 139
Trd, 4319749.993, 139
Trd, 4319751.593, 62
Trd, 4319751.793, 63
Trd, 4319753.143, 62
Trd, 4319753.843, 60
Trd, 4319753.893, 64
Trd, 4319755.493, 61
Trd, 4319755.693, 61
Trd, 4319757.493, 66
Trd, 4319757.693, 71
Trd, 4319759.193, 139
Trd, 4319759.293, 139
Trd, 4319760.843, 62
Trd, 4319760.893, 63
Trd, 4319761.093, 64
Trd, 4319762.643, 60
Trd, 4319762.693, 63
Trd, 4319763.343, 60
Trd, 4319763.793, 69
Trd, 4319764.393, 62
Trd, 4319764.543, 61
Trd, 4319765.943, 66
Trd, 4319768.493, 62
Trd, 4319769.193, 60
Trd, 4319769.543, 60
Trd, 4319770.443, 60
Trd, 4319770.943, 60
Trd, 4319772.243, 61
Trd, 4319773.443, 60
Trd, 4319774.243, 61
Trd, 4319774.643, 64
Trd, 4319774.793, 63
Trd, 4319775.293, 139
Trd, 4319775.493, 140
Trd, 4319775.893, 64
Trd, 4319776.493, 140
Trd, 4319776.843, 140
Trd, 4319776.993, 139
Trd, 4319777.943, 140
Trd, 4319778.293, 140
Trd, 4319778.393, 140
Trd, 4319778.793, 62
Trd, 4319779.443, 60
Trd, 4319781.093, 61
Trd, 4319781.843, 140
Trd, 4319783.343, 60
Trd, 4319783.443, 61
Trd, 4319786.093, 60
Trd, 4319786.293, 60
Trd, 4319788.493, 62
Trd, 4319790.793, 60
Trd, 4319791.043, 61
Trd, 4319791.193, 64
Trd, 4319791.443, 76
Trd, 4319791.543, 121
Trd, 4319792.093, 63
Trd, 4319793.543, 140
Trd, 4319793.643, 140
Trd, 4319793.943, 140
Trd, 4319794.193, 140
Trd, 4319794.993, 61
Trd, 4319796.143, 140
Trd, 4319796.543, 138
Trd, 4319796.993, 140
Trd, 4319797.193, 140
Trd, 4319797.993, 139
Trd, 4319798.093, 138
Trd, 4319799.843, 68
Trd, 4319800.043, 140
Trd, 4319800.693, 140
Trd, 4319800.893, 139
Trd, 4319801.793, 140
Trd, 4319802.193, 140
Trd, 4319802.493, 140
Trd, 4319803.093, 140
Trd, 4319803.993, 63
Trd, 4319804.393, 136
Trd, 4319805.993, 62
Trd, 4319807.893, 60
Trd, 4319808.443, 61
Trd, 4319809.143, 60
Trd, 4319809.693, 61
Trd, 4319809.993, 61
Trd, 4319810.093, 62
Trd, 4319810.943, 60
Trd, 4319811.543, 63
Trd, 4319811.693, 70
Trd, 4319812.043, 71
Trd, 4319812.893, 60
Trd, 4319814.243, 60
Trd, 4319815.793, 60
Trd, 4319816.593, 61
Trd, 4319817.093, 63
Trd, 4319818.043, 61
Trd, 4319818.293, 61
Trd, 4319818.943, 61
Trd, 4319819.793, 60
Trd, 4319820.093, 63
Trd, 4319820.793, 64
Trd, 4319821.043, 73
Trd, 4319822.343, 63
Trd, 4319822.793, 61
Trd, 4319823.193, 65
Trd, 4319824.293, 60
Trd, 4319825.593, 63
Trd, 4319826.343, 67
Trd, 4319827.193, 60
Trd, 4319827.293, 62
Trd, 4319828.043, 65
Trd, 4319829.443, 62
Trd, 4319829.743, 64
Trd, 4319831.993, 60
Trd, 4319832.393, 64
Trd, 4319832.993, 60
Trd, 4319833.293, 61
Trd, 4319833.443, 61
Trd, 4319833.743, 61
Trd, 4319835.143, 60
Trd, 4319835.443, 61
Trd, 4319836.793, 62
Trd, 4319837.193, 64
Trd, 4319837.243, 62
Trd, 4319837.493, 61
Trd, 4319837.593, 116
Trd, 4319838.443, 88
Trd, 4319839.443, 61
Trd, 4319839.893, 62
Trd, 4319840.393, 64
Trd, 4319842.543, 60
Trd, 4319842.893, 60
Trd, 4319844.343, 60
Trd, 4319846.293, 60
Trd, 4319846.343, 61
Trd, 4319846.843, 60
Trd, 4319846.993, 66
Trd, 4319847.893, 64
Trd, 4319849.443, 60
Trd, 4319850.143, 62
Trd, 4319850.743, 62
Trd, 4319851.243, 63
Trd, 4319851.293, 64
Trd, 4319851.643, 64
Trd, 4319851.793, 70
Trd, 4319851.943, 76
Trd, 4319852.343, 62
Trd, 4319853.543, 67
Trd, 4319853.843, 60
Trd, 4319854.593, 60
Trd, 4319855.043, 61
Trd, 4319857.243, 61
Trd, 4319858.943, 61
Trd, 4319860.093, 62
Trd, 4319860.393, 64
Trd, 4319860.643, 61
Trd, 4319861.793, 60
Trd, 4319861.943, 60
Trd, 4319863.193, 65
Trd, 4319863.743, 60
Trd, 4319864.393, 62
Trd, 4319864.743, 67
Trd, 4319866.693, 60
Trd, 4319866.793, 60
Trd, 4319867.043, 64
Trd, 4319867.493, 62
Trd, 4319867.893, 79
Trd, 4319868.143, 63
Trd, 4319868.943, 74
Trd, 4319870.493, 140
Trd, 4319870.643, 140
Trd, 4319870.993, 140
Trd, 4319871.143, 140
Trd, 4319871.593, 140
Trd, 4319871.693, 140
Trd, 4319872.943, 140
Trd, 4319873.593, 139
Trd, 4319874.193, 139
Trd, 4319874.243, 137
Trd, 4319875.043, 60
Trd, 4319875.443, 85
Trd, 4319877.493, 65
Trd, 4319878.193, 69
Trd, 4319878.843, 140
Trd, 4319879.343, 140
Trd, 4319879.493, 140
Trd, 4319879.743, 140
Trd, 4319880.293, 140
Trd, 4319881.343, 140
Trd, 4319881.543, 140
Trd, 4319881.843, 140
Trd, 4319882.493, 140
Trd, 4319883.143, 140
Trd, 4319883.293, 140
Trd, 4319884.243, 140
Trd, 4319884.843, 140
Trd, 4319885.793, 60
Trd, 4319886.093, 61
Trd, 4319888.393, 61
Trd, 4319888.593, 61
Trd, 4319889.393, 62
Trd, 4319889.743, 65
Trd, 4319889.893, 61
Trd, 4319890.743, 61
Trd, 4319891.993, 61
Trd, 4319892.793, 62
Trd, 4319893.893, 61
Trd, 4319894.243, 64
Trd, 4319895.393, 61
Trd, 4319896.543, 61
Trd, 4319896.793, 60
Trd, 4319897.393, 61
Trd, 4319897.893, 107
Trd, 4319898.393, 62
Trd, 4319898.793, 61
Trd, 4319899.743, 60
Trd, 4319899.943, 70
Trd, 4319900.093, 72
Trd, 4319901.243, 61
Trd, 4319901.943, 61
Trd, 4319902.743, 62
Trd, 4319903.793, 62
Trd, 4319903.893, 63
Trd, 4319905.393, 61
Trd, 4319906.343, 61
Trd, 4319908.843, 60
Trd, 4319909.043, 65
Trd, 4319909.093, 66
Trd, 4319909.693, 66
Trd, 4319910.243, 70
Trd, 4319912.743, 60
Trd, 4319912.843, 60
Trd, 4319913.893, 61
Trd, 4319914.593, 60
Trd, 4319915.543, 60
Trd, 4319915.793, 61
Trd, 4319916.393, 61
Trd, 4319916.693, 63
Trd, 4319918.043, 63
Trd, 4319918.093, 62
Trd, 4319918.393, 65
Trd, 4319919.543, 60
Trd, 4319920.743, 60
Trd, 4319922.043, 66
Trd, 4319922.693, 138
Trd, 4319923.193, 140
Trd, 4319923.893, 140
Trd, 4319923.993, 140
Trd, 4319925.043, 140
Trd, 4319925.143, 140
Trd, 4319925.493, 140
Trd, 4319925.693, 140
Trd, 4319926.843, 140
Trd, 4319927.543, 140
Trd, 4319928.443, 140
Trd, 4319928.543, 140
Trd, 4319928.693, 139
Trd, 4319928.743, 139
Trd, 4319930.243, 60
Trd, 4319930.793, 140
Trd, 4319930.893, 140
Trd, 4319930.943, 140
Trd, 4319932.793, 140
Trd, 4319932.893, 140
Trd, 4319933.843, 140
Trd, 4319934.393, 140
Trd, 4319934.793, 140
Trd, 4319934.893, 140
Trd, 4319936.143, 65
Trd, 4319937.093, 64
Trd, 4319938.343, 61
Trd, 4319940.493, 61
Trd, 4319941.443, 61
Trd, 4319941.893, 67
Trd, 4319943.093, 60
Trd, 4319944.943, 60
Trd, 4319945.293, 60
Trd, 4319945.593, 61
Trd, 4319945.743, 61
Trd, 4319945.993, 60
Trd, 4319947.243, 61
Trd, 4319947.643, 62
Trd, 4319948.843, 60
Trd, 4319949.043, 62
Trd, 4319949.743, 60
Trd, 4319952.243, 62
Trd, 4319952.693, 64
Trd, 4319952.793, 64
Trd, 4319952.843, 77
Trd, 4319953.893, 140
Trd, 4319955.143, 60
Trd, 4319956.093, 61
Trd, 4319956.693, 64
Trd, 4319956.943, 68
Trd, 4319957.343, 61
Trd, 4319959.943, 64
Trd, 4319960.993, 62
Trd, 4319961.393, 61
Trd, 4319961.843, 60
Trd, 4319962.643, 60
Trd, 4319962.893, 60
Trd, 4319963.793, 64
Trd, 4319964.493, 62
Trd, 4319967.043, 60
Trd, 4319967.443, 62
Trd, 4319967.593, 60
Trd, 4319967.893, 64
Trd, 4319968.193, 70
Trd, 4319969.043, 71
Trd, 4319970.043, 60
Trd, 4319972.393, 60
Trd, 4319973.043, 60
Trd, 4319973.193, 60
Trd, 4319973.443, 60
Trd, 4319975.043, 67
Trd, 4319975.193, 67
Trd, 4319975.243, 65
Trd, 4319976.143, 62
Trd, 4319976.643, 61
Trd, 4319976.943, 138
Trd, 4319978.043, 60
Trd, 4319978.243, 65
Trd, 4319980.193, 140
Trd, 4319981.393, 140
Trd, 4319982.143, 140
Trd, 4319982.293, 140
Trd, 4319983.143, 140
Trd, 4319983.843, 139
Trd, 4319984.193, 138
Trd, 4319984.543, 138
Trd, 4319984.843, 139
Trd, 4319985.293, 140
Trd, 4319986.043, 140
Trd, 4319986.393, 140
Trd, 4319987.293, 140
Trd, 4319987.543, 140
Trd, 4319987.593, 139
Trd, 4319988.393, 63
Trd, 4319988.893, 62
Trd, 4319989.293, 140
Trd, 4319989.593, 140
Trd, 4319991.093, 83
Trd, 4319991.793, 140
Trd, 4319992.843, 140
Trd, 4319993.043, 140
Trd, 4319993.743, 140
Trd, 4319994.843, 140
Trd, 4319994.943, 140
Trd, 4319995.693, 140
Trd, 4319995.893, 140
Trd, 4319996.143, 140
Trd, 4319997.393, 140
Trd, 4319997.493, 140
Trd, 4319997.543, 140
Trd, 4319997.743, 140
Trd, 4319998.143, 139
Trd, 4319999.993, 140
