Trd, 4318120.143, 140
Trd, 4318120.593, 140
Trd, 4318120.743, 140
Trd, 4318121.843, 140
Trd, 4318123.193, 140
Trd, 4318123.843, 140
Trd, 4318124.643, 140
Trd, 4318124.793, 140
Trd, 4318125.043, 139
Trd, 4318125.643, 139
Trd, 4318126.843, 140
Trd, 4318126.943, 140
Trd, 4318127.843, 140
Trd, 4318129.493, 140
Trd, 4318129.943, 140
Trd, 4318130.543, 140
Trd, 4318130.743, 139
Trd, 4318131.093, 140
Trd, 4318131.593, 140
Trd, 4318132.293, 139
Trd, 4318136.243, 140
Trd, 4318136.343, 140
Trd, 4318137.893, 140
Trd, 4318138.093, 140
Trd, 4318138.843, 140
Trd, 4318139.693, 140
Trd, 4318139.793, 139
Trd, 4318140.343, 139
Trd, 4318140.943, 138
Trd, 4318141.043, 110
Trd, 4318141.093, 75
Trd, 4318141.843, 61
Trd, 4318142.293, 64
Trd, 4318144.543, 140
Trd, 4318144.793, 140
Trd, 4318147.143, 140
Trd, 4318147.793, 140
Trd, 4318148.393, 140
Trd, 4318149.393, 140
Trd, 4318150.093, 140
Trd, 4318150.793, 139
Trd, 4318151.593, 140
Trd, 4318151.893, 140
Trd, 4318151.993, 139
Trd, 4318152.443, 140
Trd, 4318154.793, 140
Trd, 4318154.843, 140
Trd, 4318154.893, 140
Trd, 4318155.293, 140
Trd, 4318155.493, 140
Trd, 4318157.093, 139
Trd, 4318157.943, 140
Trd, 4318158.443, 140
Trd, 4318158.543, 139
Trd, 4318159.193, 120
Trd, 4318159.243, 119
Trd, 4318159.693, 133
Trd, 4318160.643, 118
Trd, 4318162.093, 140
Trd, 4318163.743, 140
Trd, 4318163.893, 140
Trd, 4318164.443, 140
Trd, 4318165.743, 139
Trd, 4318166.243, 140
Trd, 4318167.543, 140
Trd, 4318167.993, 140
Trd, 4318168.793, 139
Trd, 4318169.893, 140
Trd, 4318170.343, 140
Trd, 4318170.743, 140
Trd, 4318172.193, 140
Trd, 4318172.543, 140
Trd, 4318173.393, 140
Trd, 4318174.743, 140
Trd, 4318175.643, 140
Trd, 4318176.393, 140
Trd, 4318176.493, 140
Trd, 4318177.143, 140
Trd, 4318177.693, 135
Trd, 4318178.693, 139
Trd, 4318179.393, 127
Trd, 4318181.093, 140
Trd, 4318181.393, 140
Trd, 4318181.593, 140
Trd, 4318183.293, 140
Trd, 4318184.243, 139
Trd, 4318184.393, 140
Trd, 4318184.743, 139
Trd, 4318185.243, 139
Trd, 4318185.893, 96
Trd, 4318186.543, 140
Trd, 4318187.593, 140
Trd, 4318187.993, 140
Trd, 4318188.193, 140
Trd, 4318188.293, 127
Trd, 4318189.343, 137
Trd, 4318189.793, 140
Trd, 4318190.143, 140
Trd, 4318190.243, 139
Trd, 4318191.143, 82
Trd, 4318192.193, 139
Trd, 4318194.143, 140
Trd, 4318194.193, 140
Trd, 4318194.643, 140
Trd, 4318196.493, 140
Trd, 4318197.693, 140
Trd, 4318198.243, 140
Trd, 4318198.593, 140
Trd, 4318198.943, 139
Trd, 4318199.293, 138
Trd, 4318200.043, 60
Trd, 4318200.743, 124
Trd, 4318202.043, 66
Trd, 4318202.243, 61
Trd, 4318202.393, 74
Trd, 4318204.743, 140
Trd, 4318204.893, 140
Trd, 4318205.293, 139
Trd, 4318205.643, 140
Trd, 4318205.943, 68
Trd, 4318206.993, 139
Trd, 4318207.293, 78
Trd, 4318208.593, 140
Trd, 4318209.193, 140
Trd, 4318209.343, 139
Trd, 4318209.893, 140
Trd, 4318211.493, 140
Trd, 4318211.643, 140
Trd, 4318212.843, 140
Trd, 4318213.193, 140
Trd, 4318214.093, 140
Trd, 4318215.093, 140
Trd, 4318215.293, 140
Trd, 4318216.093, 140
Trd, 4318216.543, 139
Trd, 4318217.093, 114
Trd, 4318217.143, 116
Trd, 4318217.543, 85
Trd, 4318218.693, 140
Trd, 4318218.993, 140
Trd, 4318219.043, 140
Trd, 4318219.943, 61
Trd, 4318222.493, 93
Trd, 4318222.793, 61
Trd, 4318222.843, 63
Trd, 4318223.343, 136
Trd, 4318224.393, 140
Trd, 4318224.943, 140
Trd, 4318226.193, 140
Trd, 4318226.393, 140
Trd, 4318226.443, 140
Trd, 4318226.793, 139
Trd, 4318227.493, 136
Trd, 4318227.793, 140
Trd, 4318230.243, 60
Trd, 4318230.543, 62
Trd, 4318230.643, 68
Trd, 4318231.193, 73
Trd, 4318232.393, 140
Trd, 4318232.743, 140
Trd, 4318233.693, 140
Trd, 4318235.493, 140
Trd, 4318236.593, 140
Trd, 4318236.743, 140
Trd, 4318238.643, 140
Trd, 4318239.043, 140
Trd, 4318239.493, 139
Trd, 4318239.643, 139
Trd, 4318240.693, 140
Trd, 4318240.893, 140
Trd, 4318240.943, 140
Trd, 4318242.193, 140
Trd, 4318243.543, 140
Trd, 4318244.993, 140
Trd, 4318245.243, 140
Trd, 4318245.593, 139
Trd, 4318246.243, 140
Trd, 4318246.593, 134
Trd, 4318247.593, 138
Trd, 4318247.993, 138
Trd, 4318248.293, 135
Trd, 4318249.093, 139
Trd, 4318249.743, 136
Trd, 4318250.643, 112
Trd, 4318251.343, 89
Trd, 4318253.793, 140
Trd, 4318253.843, 140
Trd, 4318253.893, 140
Trd, 4318254.493, 140
Trd, 4318255.693, 79
Trd, 4318256.443, 83
Trd, 4318257.843, 140
Trd, 4318259.743, 139
Trd, 4318259.793, 139
Trd, 4318260.143, 139
Trd, 4318260.393, 60
Trd, 4318260.893, 140
Trd, 4318262.943, 140
Trd, 4318263.043, 140
Trd, 4318263.093, 139
Trd, 4318263.193, 139
Trd, 4318264.293, 140
Trd, 4318264.993, 140
Trd, 4318265.543, 89
Trd, 4318265.743, 100
Trd, 4318266.693, 140
Trd, 4318268.193, 140
Trd, 4318269.193, 140
Trd, 4318269.893, 140
Trd, 4318270.943, 140
Trd, 4318271.043, 140
Trd, 4318271.993, 140
Trd, 4318272.143, 140
Trd, 4318272.443, 140
Trd, 4318273.143, 139
Trd, 4318274.143, 140
Trd, 4318275.493, 140
Trd, 4318275.793, 140
Trd, 4318275.943, 140
Trd, 4318276.693, 140
Trd, 4318277.293, 140
Trd, 4318277.943, 124
Trd, 4318278.393, 139
Trd, 4318279.343, 123
Trd, 4318279.643, 139
Trd, 4318280.493, 127
Trd, 4318281.043, 126
Trd, 4318281.943, 139
Trd, 4318281.993, 124
Trd, 4318283.193, 140
Trd, 4318284.143, 140
Trd, 4318284.293, 139
Trd, 4318285.643, 140
Trd, 4318286.343, 140
Trd, 4318286.643, 140
Trd, 4318287.643, 138
Trd, 4318287.793, 97
Trd, 4318288.193, 62
Trd, 4318288.893, 70
Trd, 4318289.543, 140
Trd, 4318289.643, 139
Trd, 4318290.643, 140
Trd, 4318291.193, 140
Trd, 4318293.993, 140
Trd, 4318294.293, 140
Trd, 4318294.443, 140
Trd, 4318294.493, 136
Trd, 4318294.793, 122
Trd, 4318296.093, 140
Trd, 4318296.643, 140
Trd, 4318297.193, 140
Trd, 4318298.643, 140
Trd, 4318298.793, 140
Trd, 4318300.043, 140
Trd, 4318301.943, 140
Trd, 4318302.843, 140
Trd, 4318303.243, 140
Trd, 4318303.843, 140
Trd, 4318304.593, 140
Trd, 4318304.893, 140
Trd, 4318305.643, 140
Trd, 4318305.893, 140
Trd, 4318306.693, 140
Trd, 4318308.043, 140
Trd, 4318308.393, 137
Trd, 4318308.443, 136
Trd, 4318309.443, 140
Trd, 4318310.343, 140
Trd, 4318311.693, 140
Trd, 4318312.493, 139
Trd, 4318313.493, 140
Trd, 4318313.543, 140
Trd, 4318313.743, 140
Trd, 4318314.093, 140
Trd, 4318314.993, 140
Trd, 4318317.293, 140
Trd, 4318317.543, 140
Trd, 4318317.843, 140
Trd, 4318318.093, 140
Trd, 4318321.043, 140
Trd, 4318321.193, 139
Trd, 4318321.243, 138
Trd, 4318322.193, 139
Trd, 4318322.743, 139
Trd, 4318322.993, 82
Trd, 4318324.543, 140
Trd, 4318324.943, 140
Trd, 4318326.343, 140
Trd, 4318326.843, 140
Trd, 4318326.893, 140
Trd, 4318327.543, 136
Trd, 4318327.643, 103
Trd, 4318327.743, 139
Trd, 4318327.793, 82
Trd, 4318329.843, 62
Trd, 4318330.693, 61
Trd, 4318332.093, 62
Trd, 4318332.293, 63
Trd, 4318332.493, 62
Trd, 4318333.343, 62
Trd, 4318333.543, 62
Trd, 4318333.643, 64
Trd, 4318333.693, 140
Trd, 4318334.743, 140
Trd, 4318336.443, 140
Trd, 4318337.143, 140
Trd, 4318337.393, 140
Trd, 4318338.093, 140
Trd, 4318340.443, 140
Trd, 4318340.643, 140
Trd, 4318340.793, 140
Trd, 4318342.793, 140
Trd, 4318343.093, 140
Trd, 4318343.593, 140
Trd, 4318344.293, 140
Trd, 4318344.493, 140
Trd, 4318344.943, 139
Trd, 4318345.343, 140
Trd, 4318345.693, 89
Trd, 4318347.193, 140
Trd, 4318347.243, 140
Trd, 4318347.943, 140
Trd, 4318348.693, 139
Trd, 4318349.093, 61
Trd, 4318349.543, 133
Trd, 4318349.693, 103
Trd, 4318352.043, 60
Trd, 4318352.093, 132
Trd, 4318352.643, 66
Trd, 4318353.143, 136
Trd, 4318353.693, 62
Trd, 4318354.993, 61
Trd, 4318356.043, 60
Trd, 4318356.793, 61
Trd, 4318357.393, 61
Trd, 4318357.943, 62
Trd, 4318358.843, 60
Trd, 4318359.293, 64
Trd, 4318361.343, 60
Trd, 4318361.793, 61
Trd, 4318362.693, 63
Trd, 4318362.743, 66
Trd, 4318363.343, 140
Trd, 4318363.593, 140
Trd, 4318364.443, 140
Trd, 4318364.643, 138
Trd, 4318365.793, 138
Trd, 4318366.443, 140
Trd, 4318366.993, 140
Trd, 4318367.593, 138
Trd, 4318368.143, 87
Trd, 4318368.693, 66
Trd, 4318369.093, 61
Trd, 4318371.043, 60
Trd, 4318371.343, 138
Trd, 4318372.443, 140
Trd, 4318372.643, 140
Trd, 4318372.793, 139
Trd, 4318372.843, 127
Trd, 4318373.843, 138
Trd, 4318373.893, 140
Trd, 4318375.593, 63
Trd, 4318375.693, 63
Trd, 4318375.743, 64
Trd, 4318376.193, 140
Trd, 4318378.243, 140
Trd, 4318378.993, 139
Trd, 4318379.093, 71
Trd, 4318380.993, 89
Trd, 4318381.093, 70
Trd, 4318381.843, 133
Trd, 4318383.193, 140
Trd, 4318383.793, 140
Trd, 4318383.943, 140
Trd, 4318384.643, 140
Trd, 4318384.693, 140
Trd, 4318384.743, 140
Trd, 4318384.793, 140
Trd, 4318386.043, 60
Trd, 4318388.093, 74
Trd, 4318388.793, 137
Trd, 4318388.943, 139
Trd, 4318390.393, 111
Trd, 4318391.143, 119
Trd, 4318391.943, 139
Trd, 4318392.243, 96
Trd, 4318392.893, 95
Trd, 4318393.143, 139
Trd, 4318394.343, 140
Trd, 4318394.643, 140
Trd, 4318397.343, 140
Trd, 4318397.993, 140
Trd, 4318398.043, 140
Trd, 4318398.543, 140
Trd, 4318399.093, 140
Trd, 4318399.943, 140
Trd, 4318400.143, 140
Trd, 4318400.543, 140
Trd, 4318401.793, 140
Trd, 4318401.993, 140
Trd, 4318402.043, 139
Trd, 4318403.793, 107
Trd, 4318404.943, 140
Trd, 4318405.093, 139
Trd, 4318407.743, 140
Trd, 4318408.293, 140
Trd, 4318408.893, 140
Trd, 4318409.243, 140
Trd, 4318409.793, 140
Trd, 4318410.343, 140
Trd, 4318410.843, 140
Trd, 4318411.443, 139
Trd, 4318412.793, 140
Trd, 4318413.593, 139
Trd, 4318414.543, 140
Trd, 4318414.693, 139
Trd, 4318415.393, 140
Trd, 4318416.393, 140
Trd, 4318416.493, 140
Trd, 4318416.643, 138
Trd, 4318416.993, 140
Trd, 4318417.643, 139
Trd, 4318417.943, 119
Trd, 4318419.093, 140
Trd, 4318419.543, 139
Trd, 4318420.793, 140
Trd, 4318421.143, 139
Trd, 4318422.693, 140
Trd, 4318422.843, 136
Trd, 4318422.943, 108
Trd, 4318424.693, 140
Trd, 4318425.343, 140
Trd, 4318425.593, 140
Trd, 4318427.493, 140
Trd, 4318427.943, 140
Trd, 4318428.243, 140
Trd, 4318429.343, 140
Trd, 4318430.393, 140
Trd, 4318430.893, 71
Trd, 4318431.493, 62
Trd, 4318433.243, 140
Trd, 4318433.393, 140
Trd, 4318433.593, 132
Trd, 4318433.643, 123
Trd, 4318434.893, 62
Trd, 4318435.643, 140
Trd, 4318436.543, 140
Trd, 4318437.893, 140
Trd, 4318438.043, 140
Trd, 4318438.443, 140
Trd, 4318438.543, 135
Trd, 4318439.693, 68
Trd, 4318439.743, 69
Trd, 4318440.343, 60
Trd, 4318442.643, 140
Trd, 4318442.943, 140
Trd, 4318443.243, 140
Trd, 4318443.393, 66
Trd, 4318443.643, 134
Trd, 4318444.293, 61
Trd, 4318445.343, 140
Trd, 4318445.493, 140
Trd, 4318446.043, 125
Trd, 4318446.493, 89
Trd, 4318448.243, 140
Trd, 4318449.043, 140
Trd, 4318449.293, 140
Trd, 4318449.343, 139
Trd, 4318449.993, 140
Trd, 4318450.793, 116
Trd, 4318450.943, 70
Trd, 4318451.543, 70
Trd, 4318453.043, 140
Trd, 4318454.643, 140
Trd, 4318455.243, 140
Trd, 4318455.543, 140
Trd, 4318456.593, 140
Trd, 4318456.793, 140
Trd, 4318457.693, 140
Trd, 4318458.543, 140
Trd, 4318459.343, 140
Trd, 4318459.793, 140
Trd, 4318459.943, 139
Trd, 4318460.343, 111
Trd, 4318461.243, 140
Trd, 4318461.293, 85
Trd, 4318461.943, 120
Trd, 4318462.643, 60
Trd, 4318463.193, 137
Trd, 4318465.393, 140
Trd, 4318465.643, 140
Trd, 4318466.043, 140
Trd, 4318466.343, 139
Trd, 4318466.743, 139
Trd, 4318467.293, 105
Trd, 4318468.293, 140
Trd, 4318469.143, 140
Trd, 4318469.493, 83
Trd, 4318470.643, 140
Trd, 4318471.543, 140
Trd, 4318471.943, 140
Trd, 4318473.093, 140
Trd, 4318473.493, 140
Trd, 4318473.993, 140
Trd, 4318474.893, 140
Trd, 4318475.093, 140
Trd, 4318475.643, 117
Trd, 4318476.943, 140
Trd, 4318477.543, 140
Trd, 4318478.343, 140
Trd, 4318479.943, 140
Trd, 4318480.243, 140
Trd, 4318480.743, 140
Trd, 4318483.343, 140
Trd, 4318483.543, 140
Trd, 4318484.493, 140
Trd, 4318484.993, 140
Trd, 4318485.793, 139
Trd, 4318486.293, 139
Trd, 4318486.543, 131
Trd, 4318487.743, 140
Trd, 4318490.043, 140
Trd, 4318490.293, 139
Trd, 4318490.743, 138
Trd, 4318491.793, 140
Trd, 4318491.893, 139
Trd, 4318492.093, 140
Trd, 4318492.443, 139
Trd, 4318494.543, 140
Trd, 4318494.943, 139
Trd, 4318494.993, 138
Trd, 4318495.593, 128
Trd, 4318496.043, 61
Trd, 4318496.793, 60
Trd, 4318497.193, 61
Trd, 4318497.493, 60
Trd, 4318498.143, 62
Trd, 4318499.643, 139
Trd, 4318500.093, 140
Trd, 4318500.543, 139
Trd, 4318501.093, 134
Trd, 4318502.093, 140
Trd, 4318503.093, 140
Trd, 4318503.743, 140
Trd, 4318504.443, 140
Trd, 4318505.043, 64
Trd, 4318506.243, 60
Trd, 4318506.893, 61
Trd, 4318507.793, 60
Trd, 4318507.893, 67
Trd, 4318509.193, 140
Trd, 4318509.593, 140
Trd, 4318509.793, 140
Trd, 4318510.193, 115
Trd, 4318510.643, 111
Trd, 4318511.693, 140
Trd, 4318511.893, 60
Trd, 4318512.493, 140
Trd, 4318512.843, 140
Trd, 4318513.393, 139
Trd, 4318513.643, 137
Trd, 4318516.743, 140
Trd, 4318517.143, 140
Trd, 4318518.693, 140
Trd, 4318518.943, 140
Trd, 4318519.443, 140
Trd, 4318519.743, 140
Trd, 4318521.193, 140
Trd, 4318521.493, 140
Trd, 4318521.643, 140
Trd, 4318522.593, 140
Trd, 4318522.993, 140
Trd, 4318523.493, 140
Trd, 4318523.893, 140
Trd, 4318525.143, 140
Trd, 4318525.693, 140
Trd, 4318526.743, 140
Trd, 4318527.693, 140
Trd, 4318528.443, 140
Trd, 4318528.993, 140
Trd, 4318529.143, 138
Trd, 4318530.143, 139
Trd, 4318532.643, 140
Trd, 4318533.443, 140
Trd, 4318533.593, 140
Trd, 4318534.293, 140
Trd, 4318535.293, 140
Trd, 4318535.843, 140
Trd, 4318535.943, 139
Trd, 4318536.293, 140
Trd, 4318537.343, 140
Trd, 4318538.693, 140
Trd, 4318538.943, 140
Trd, 4318539.343, 140
Trd, 4318541.093, 140
Trd, 4318541.893, 140
Trd, 4318542.393, 140
Trd, 4318542.943, 140
Trd, 4318543.793, 140
Trd, 4318543.993, 136
Trd, 4318545.393, 140
Trd, 4318546.393, 140
Trd, 4318546.543, 140
Trd, 4318547.093, 140
Trd, 4318547.293, 140
Trd, 4318549.493, 140
Trd, 4318549.843, 140
Trd, 4318551.593, 140
Trd, 4318551.743, 140
Trd, 4318552.193, 140
Trd, 4318553.293, 140
Trd, 4318555.443, 140
Trd, 4318555.643, 140
Trd, 4318555.843, 140
Trd, 4318556.793, 140
Trd, 4318557.243, 140
Trd, 4318557.593, 140
Trd, 4318558.193, 140
Trd, 4318558.443, 140
Trd, 4318559.493, 60
Trd, 4318560.543, 67
Trd, 4318560.693, 66
Trd, 4318560.743, 62
Trd, 4318561.843, 63
Trd, 4318562.543, 85
Trd, 4318563.293, 140
Trd, 4318564.493, 140
Trd, 4318565.293, 140
Trd, 4318565.343, 139
Trd, 4318566.593, 140
Trd, 4318566.993, 125
Trd, 4318567.993, 140
Trd, 4318568.493, 140
Trd, 4318569.493, 140
Trd, 4318570.193, 140
Trd, 4318570.543, 140
Trd, 4318572.893, 140
Trd, 4318573.143, 139
Trd, 4318573.993, 140
Trd, 4318574.243, 140
Trd, 4318575.043, 140
Trd, 4318575.243, 79
Trd, 4318576.243, 140
Trd, 4318576.593, 140
Trd, 4318577.543, 140
Trd, 4318578.393, 140
Trd, 4318578.793, 140
Trd, 4318579.493, 140
Trd, 4318580.193, 93
Trd, 4318580.793, 137
Trd, 4318582.843, 140
Trd, 4318584.143, 140
Trd, 4318584.393, 140
Trd, 4318584.643, 138
Trd, 4318584.843, 138
Trd, 4318586.593, 139
Trd, 4318586.893, 139
Trd, 4318587.593, 140
Trd, 4318590.193, 140
Trd, 4318591.143, 140
Trd, 4318591.243, 140
Trd, 4318591.543, 140
Trd, 4318592.093, 140
Trd, 4318592.393, 140
Trd, 4318594.143, 140
Trd, 4318594.343, 140
Trd, 4318595.343, 140
Trd, 4318595.943, 139
Trd, 4318596.393, 133
Trd, 4318596.843, 83
Trd, 4318598.343, 140
Trd, 4318598.743, 139
Trd, 4318600.893, 140
Trd, 4318601.693, 140
Trd, 4318602.443, 140
Trd, 4318603.093, 140
Trd, 4318604.643, 140
Trd, 4318605.393, 140
Trd, 4318606.243, 140
Trd, 4318607.343, 140
Trd, 4318607.593, 140
Trd, 4318608.143, 139
Trd, 4318608.293, 140
Trd, 4318608.343, 92
Trd, 4318610.593, 140
Trd, 4318610.793, 140
Trd, 4318611.043, 140
Trd, 4318611.893, 140
Trd, 4318612.393, 140
Trd, 4318612.893, 140
Trd, 4318613.193, 140
Trd, 4318613.443, 139
Trd, 4318614.693, 139
Trd, 4318615.643, 139
Trd, 4318616.193, 138
Trd, 4318616.993, 140
Trd, 4318617.343, 140
Trd, 4318618.343, 140
Trd, 4318618.893, 130
Trd, 4318619.093, 129
Trd, 4318619.443, 140
Trd, 4318620.043, 83
Trd, 4318621.943, 62
Trd, 4318622.843, 60
Trd, 4318623.343, 60
Trd, 4318623.743, 61
Trd, 4318624.993, 60
Trd, 4318625.093, 62
Trd, 4318626.393, 60
Trd, 4318626.593, 61
Trd, 4318626.793, 101
Trd, 4318627.393, 65
Trd, 4318627.493, 126
Trd, 4318628.193, 140
Trd, 4318628.693, 137
Trd, 4318629.343, 61
Trd, 4318631.043, 63
Trd, 4318631.243, 66
Trd, 4318631.793, 60
Trd, 4318633.543, 61
Trd, 4318633.793, 114
Trd, 4318634.243, 140
Trd, 4318634.593, 67
Trd, 4318635.243, 140
Trd, 4318636.443, 140
Trd, 4318636.543, 140
Trd, 4318637.843, 140
Trd, 4318638.243, 140
Trd, 4318638.393, 140
Trd, 4318638.493, 140
Trd, 4318638.593, 110
Trd, 4318639.293, 62
Trd, 4318640.643, 140
Trd, 4318641.043, 140
Trd, 4318641.293, 70
Trd, 4318641.943, 95
Trd, 4318642.293, 140
Trd, 4318642.393, 140
Trd, 4318644.393, 140
Trd, 4318647.143, 140
Trd, 4318647.343, 140
Trd, 4318647.393, 140
Trd, 4318647.443, 140
Trd, 4318648.143, 140
Trd, 4318648.193, 140
Trd, 4318648.943, 140
Trd, 4318649.393, 140
Trd, 4318649.743, 140
Trd, 4318650.843, 140
Trd, 4318651.743, 140
Trd, 4318652.993, 140
Trd, 4318654.443, 140
Trd, 4318656.043, 140
Trd, 4318656.293, 140
Trd, 4318657.293, 140
Trd, 4318657.393, 140
Trd, 4318658.493, 140
Trd, 4318658.743, 140
Trd, 4318659.693, 140
Trd, 4318660.143, 140
Trd, 4318661.043, 140
Trd, 4318662.193, 140
Trd, 4318662.243, 140
Trd, 4318663.193, 140
Trd, 4318663.343, 140
Trd, 4318664.493, 140
Trd, 4318664.893, 140
Trd, 4318665.643, 140
Trd, 4318667.193, 140
Trd, 4318667.293, 140
Trd, 4318667.343, 140
Trd, 4318667.443, 140
Trd, 4318667.993, 69
Trd, 4318670.893, 140
Trd, 4318672.643, 140
Trd, 4318672.743, 140
Trd, 4318673.193, 140
Trd, 4318674.843, 140
Trd, 4318675.043, 140
Trd, 4318675.543, 140
Trd, 4318675.743, 140
Trd, 4318676.193, 140
Trd, 4318677.093, 140
Trd, 4318677.993, 140
Trd, 4318679.343, 140
Trd, 4318679.843, 140
Trd, 4318681.143, 140
Trd, 4318681.893, 140
Trd, 4318682.843, 140
Trd, 4318682.943, 140
Trd, 4318683.043, 140
Trd, 4318683.243, 139
Trd, 4318684.243, 140
Trd, 4318684.843, 140
Trd, 4318685.593, 138
Trd, 4318686.043, 140
Trd, 4318687.293, 138
Trd, 4318687.393, 137
Trd, 4318687.893, 107
Trd, 4318688.693, 139
Trd, 4318688.893, 139
Trd, 4318689.143, 65
Trd, 4318689.643, 66
Trd, 4318690.743, 140
Trd, 4318691.693, 139
Trd, 4318692.643, 140
Trd, 4318693.243, 137
Trd, 4318694.843, 140
Trd, 4318695.143, 140
Trd, 4318695.493, 140
Trd, 4318695.743, 140
Trd, 4318697.893, 140
Trd, 4318698.993, 140
Trd, 4318699.043, 140
Trd, 4318699.593, 140
Trd, 4318699.793, 140
Trd, 4318700.893, 140
Trd, 4318701.493, 140
Trd, 4318702.093, 140
Trd, 4318702.893, 140
Trd, 4318703.193, 140
Trd, 4318703.243, 140
Trd, 4318704.143, 140
Trd, 4318705.693, 140
Trd, 4318705.743, 140
Trd, 4318706.193, 140
Trd, 4318708.043, 140
Trd, 4318708.143, 140
Trd, 4318709.093, 140
Trd, 4318709.793, 140
Trd, 4318711.393, 140
Trd, 4318711.493, 140
Trd, 4318712.143, 140
Trd, 4318713.043, 140
Trd, 4318713.543, 139
Trd, 4318714.043, 140
Trd, 4318714.643, 140
Trd, 4318714.943, 140
Trd, 4318715.393, 140
Trd, 4318716.243, 140
Trd, 4318717.593, 97
Trd, 4318717.993, 108
Trd, 4318719.293, 137
Trd, 4318719.893, 140
Trd, 4318720.393, 139
Trd, 4318720.843, 138
Trd, 4318721.393, 140
Trd, 4318723.993, 140
Trd, 4318724.043, 140
Trd, 4318724.743, 140
Trd, 4318725.643, 140
Trd, 4318726.393, 140
Trd, 4318727.393, 140
Trd, 4318727.643, 140
Trd, 4318727.893, 105
Trd, 4318729.243, 140
Trd, 4318729.343, 139
Trd, 4318729.893, 140
Trd, 4318731.143, 139
Trd, 4318732.193, 139
Trd, 4318732.843, 140
Trd, 4318732.993, 139
Trd, 4318735.193, 140
Trd, 4318735.693, 140
Trd, 4318735.943, 140
Trd, 4318736.643, 140
Trd, 4318737.143, 140
Trd, 4318737.593, 139
Trd, 4318738.193, 139
Trd, 4318738.893, 140
Trd, 4318739.543, 138
Trd, 4318741.143, 140
Trd, 4318741.543, 140
Trd, 4318742.793, 140
Trd, 4318743.443, 140
Trd, 4318745.593, 140
Trd, 4318745.893, 140
Trd, 4318746.143, 140
Trd, 4318747.443, 140
Trd, 4318747.943, 137
Trd, 4318748.243, 134
Trd, 4318748.943, 63
Trd, 4318749.793, 64
Trd, 4318750.243, 61
Trd, 4318750.893, 85
Trd, 4318751.193, 136
Trd, 4318751.443, 137
Trd, 4318752.293, 61
Trd, 4318753.443, 63
Trd, 4318753.943, 93
Trd, 4318754.593, 114
Trd, 4318755.343, 139
Trd, 4318755.793, 135
Trd, 4318756.893, 92
Trd, 4318757.243, 140
Trd, 4318757.743, 140
Trd, 4318758.643, 140
Trd, 4318760.143, 140
Trd, 4318760.893, 140
Trd, 4318761.493, 140
Trd, 4318761.743, 140
Trd, 4318762.593, 140
Trd, 4318762.693, 85
Trd, 4318762.743, 69
Trd, 4318764.943, 140
Trd, 4318765.193, 140
Trd, 4318766.143, 140
Trd, 4318766.293, 140
Trd, 4318767.793, 140
Trd, 4318767.893, 140
Trd, 4318769.843, 140
Trd, 4318770.443, 140
Trd, 4318770.693, 140
Trd, 4318771.393, 140
Trd, 4318771.693, 140
Trd, 4318772.143, 139
Trd, 4318772.243, 138
Trd, 4318773.593, 140
Trd, 4318774.843, 140
Trd, 4318774.893, 139
Trd, 4318776.393, 139
Trd, 4318776.743, 139
Trd, 4318776.993, 139
Trd, 4318777.943, 140
Trd, 4318778.093, 140
Trd, 4318778.543, 140
Trd, 4318779.793, 140
Trd, 4318779.943, 140
Trd, 4318780.343, 139
Trd, 4318780.843, 140
Trd, 4318783.893, 140
Trd, 4318784.443, 140
Trd, 4318785.093, 140
Trd, 4318785.793, 140
Trd, 4318786.393, 140
Trd, 4318786.493, 136
Trd, 4318786.693, 91
Trd, 4318787.143, 140
Trd, 4318788.543, 140
Trd, 4318789.543, 140
Trd, 4318789.993, 140
Trd, 4318790.393, 137
Trd, 4318791.993, 140
Trd, 4318792.843, 140
Trd, 4318793.893, 139
Trd, 4318794.543, 105
Trd, 4318795.643, 140
Trd, 4318796.093, 140
Trd, 4318796.693, 140
Trd, 4318797.093, 139
Trd, 4318797.443, 140
Trd, 4318798.293, 140
Trd, 4318798.493, 131
Trd, 4318798.993, 74
Trd, 4318799.393, 88
Trd, 4318799.843, 140
Trd, 4318800.643, 65
Trd, 4318801.143, 74
Trd, 4318802.243, 139
Trd, 4318802.493, 126
Trd, 4318802.943, 118
Trd, 4318804.293, 61
Trd, 4318805.043, 139
Trd, 4318805.743, 139
Trd, 4318807.043, 140
Trd, 4318807.143, 139
Trd, 4318807.843, 138
Trd, 4318808.043, 138
Trd, 4318809.393, 140
Trd, 4318809.793, 140
Trd, 4318810.343, 139
Trd, 4318811.693, 139
Trd, 4318812.343, 140
Trd, 4318814.293, 140
Trd, 4318815.993, 140
Trd, 4318816.243, 140
Trd, 4318816.593, 140
Trd, 4318817.243, 140
Trd, 4318817.993, 140
Trd, 4318818.543, 140
Trd, 4318818.893, 140
Trd, 4318819.193, 140
Trd, 4318819.843, 138
Trd, 4318820.843, 65
Trd, 4318820.993, 68
Trd, 4318821.543, 66
Trd, 4318821.893, 61
Trd, 4318822.993, 71
Trd, 4318823.043, 70
Trd, 4318823.743, 61
Trd, 4318824.143, 140
Trd, 4318826.643, 140
Trd, 4318826.843, 140
Trd, 4318826.943, 140
Trd, 4318827.593, 140
Trd, 4318827.993, 140
Trd, 4318828.593, 140
Trd, 4318829.643, 140
Trd, 4318830.343, 140
Trd, 4318830.893, 140
Trd, 4318831.343, 140
Trd, 4318832.343, 140
Trd, 4318832.493, 137
Trd, 4318832.743, 93
Trd, 4318833.243, 140
Trd, 4318834.093, 139
Trd, 4318834.743, 140
Trd, 4318836.843, 140
Trd, 4318837.243, 140
Trd, 4318838.143, 140
Trd, 4318838.293, 140
Trd, 4318838.493, 140
Trd, 4318839.043, 140
Trd, 4318840.543, 140
Trd, 4318841.643, 140
Trd, 4318841.993, 140
Trd, 4318842.093, 140
Trd, 4318843.143, 140
Trd, 4318844.793, 140
Trd, 4318846.193, 140
Trd, 4318846.243, 140
Trd, 4318846.443, 140
Trd, 4318847.343, 140
Trd, 4318847.493, 140
Trd, 4318847.743, 119
Trd, 4318848.693, 140
Trd, 4318849.293, 140
Trd, 4318850.443, 140
Trd, 4318851.193, 140
Trd, 4318851.843, 140
Trd, 4318852.093, 140
Trd, 4318852.443, 139
Trd, 4318853.093, 139
Trd, 4318854.093, 140
Trd, 4318854.343, 140
Trd, 4318856.243, 140
Trd, 4318857.643, 140
Trd, 4318858.643, 140
Trd, 4318859.593, 140
Trd, 4318859.643, 140
Trd, 4318860.543, 140
Trd, 4318861.293, 140
Trd, 4318861.693, 140
Trd, 4318862.493, 140
Trd, 4318862.843, 140
Trd, 4318863.543, 140
Trd, 4318863.593, 140
Trd, 4318865.493, 140
Trd, 4318865.843, 140
Trd, 4318866.393, 140
Trd, 4318866.743, 140
Trd, 4318867.993, 140
Trd, 4318868.243, 140
Trd, 4318868.343, 81
Trd, 4318868.643, 140
Trd, 4318869.393, 76
Trd, 4318871.343, 140
Trd, 4318871.493, 140
Trd, 4318872.443, 140
Trd, 4318872.593, 140
Trd, 4318874.293, 140
Trd, 4318875.443, 140
Trd, 4318875.693, 140
Trd, 4318877.943, 140
Trd, 4318878.293, 138
Trd, 4318878.393, 88
Trd, 4318878.893, 126
Trd, 4318879.293, 84
Trd, 4318880.293, 61
Trd, 4318880.943, 62
Trd, 4318881.093, 73
Trd, 4318881.993, 139
Trd, 4318883.593, 139
Trd, 4318884.293, 140
Trd, 4318884.493, 138
Trd, 4318885.043, 140
Trd, 4318885.793, 139
Trd, 4318886.943, 140
Trd, 4318887.743, 140
Trd, 4318887.943, 140
Trd, 4318888.493, 140
Trd, 4318889.493, 140
Trd, 4318889.993, 140
Trd, 4318890.643, 140
Trd, 4318891.193, 140
Trd, 4318891.443, 127
Trd, 4318892.393, 126
Trd, 4318893.343, 140
Trd, 4318894.593, 140
Trd, 4318895.243, 140
Trd, 4318895.293, 140
Trd, 4318896.493, 140
Trd, 4318896.793, 140
Trd, 4318896.993, 139
Trd, 4318899.243, 140
Trd, 4318899.693, 140
Trd, 4318899.943, 85
Trd, 4318900.043, 73
Trd, 4318900.293, 68
Trd, 4318901.493, 61
Trd, 4318901.593, 82
Trd, 4318903.393, 64
Trd, 4318904.193, 65
Trd, 4318904.443, 76
Trd, 4318906.543, 140
Trd, 4318907.293, 140
Trd, 4318907.543, 140
Trd, 4318908.143, 140
Trd, 4318909.093, 140
Trd, 4318909.843, 140
Trd, 4318909.893, 140
Trd, 4318910.193, 139
Trd, 4318910.343, 139
Trd, 4318911.993, 140
Trd, 4318912.893, 140
Trd, 4318913.543, 140
Trd, 4318913.593, 140
Trd, 4318913.793, 140
Trd, 4318915.493, 140
Trd, 4318916.193, 140
Trd, 4318917.643, 140
Trd, 4318917.943, 140
Trd, 4318919.693, 140
Trd, 4318920.293, 140
Trd, 4318920.543, 139
Trd, 4318920.693, 139
Trd, 4318921.343, 136
Trd, 4318921.843, 113
Trd, 4318923.343, 140
Trd, 4318923.643, 140
Trd, 4318923.793, 140
Trd, 4318924.393, 139
Trd, 4318926.393, 140
Trd, 4318926.593, 138
Trd, 4318926.843, 123
Trd, 4318927.993, 140
Trd, 4318928.393, 140
Trd, 4318928.593, 140
Trd, 4318930.093, 140
Trd, 4318930.143, 139
Trd, 4318930.543, 140
Trd, 4318930.843, 61
Trd, 4318931.643, 70
Trd, 4318933.743, 129
Trd, 4318934.943, 140
Trd, 4318935.043, 140
Trd, 4318935.493, 140
Trd, 4318935.743, 138
Trd, 4318936.393, 140
Trd, 4318937.043, 140
Trd, 4318937.943, 140
Trd, 4318939.643, 140
Trd, 4318940.593, 140
Trd, 4318940.893, 140
Trd, 4318941.093, 138
Trd, 4318941.343, 94
Trd, 4318941.643, 62
Trd, 4318942.943, 140
Trd, 4318943.493, 140
Trd, 4318944.743, 140
Trd, 4318945.693, 140
Trd, 4318946.693, 140
Trd, 4318946.993, 140
Trd, 4318947.693, 139
Trd, 4318947.743, 136
Trd, 4318947.793, 85
Trd, 4318949.143, 139
Trd, 4318949.893, 140
Trd, 4318950.043, 140
Trd, 4318950.693, 93
Trd, 4318950.893, 116
Trd, 4318953.193, 140
Trd, 4318953.643, 140
Trd, 4318954.043, 140
Trd, 4318954.243, 139
Trd, 4318954.593, 98
Trd, 4318955.543, 140
Trd, 4318955.643, 139
Trd, 4318955.743, 97
Trd, 4318955.843, 116
Trd, 4318959.443, 140
Trd, 4318959.543, 140
Trd, 4318959.593, 140
Trd, 4318959.943, 134
Trd, 4318960.893, 134
Trd, 4318962.043, 140
Trd, 4318962.443, 140
Trd, 4318962.593, 140
Trd, 4318963.293, 140
Trd, 4318963.893, 80
Trd, 4318964.543, 66
Trd, 4318965.193, 80
Trd, 4318966.543, 63
Trd, 4318967.343, 140
Trd, 4318967.893, 140
Trd, 4318968.043, 140
Trd, 4318968.143, 140
Trd, 4318968.343, 139
Trd, 4318969.893, 140
Trd, 4318969.943, 140
Trd, 4318970.643, 64
Trd, 4318970.993, 61
Trd, 4318972.343, 118
Trd, 4318973.293, 139
Trd, 4318974.243, 140
Trd, 4318975.893, 140
Trd, 4318976.043, 140
Trd, 4318976.643, 140
Trd, 4318977.493, 140
Trd, 4318977.593, 140
Trd, 4318978.293, 139
Trd, 4318979.443, 139
Trd, 4318979.943, 139
Trd, 4318980.193, 139
Trd, 4318980.793, 140
Trd, 4318981.843, 139
Trd, 4318981.893, 120
Trd, 4318981.943, 117
Trd, 4318984.093, 140
Trd, 4318984.193, 140
Trd, 4318984.843, 139
Trd, 4318985.843, 95
Trd, 4318987.993, 140
Trd, 4318988.293, 140
Trd, 4318988.493, 140
Trd, 4318990.043, 140
Trd, 4318990.643, 140
Trd, 4318991.093, 140
Trd, 4318991.593, 140
Trd, 4318993.093, 140
Trd, 4318993.193, 140
Trd, 4318995.493, 140
Trd, 4318995.943, 140
Trd, 4318996.143, 140
Trd, 4318996.843, 139
Trd, 4318997.343, 138
Trd, 4318997.943, 139
Trd, 4318998.643, 138
Trd, 4318999.793, 140
Trd, 4319000.293, 140
Trd, 4319000.543, 139
Trd, 4319002.043, 140
Trd, 4319002.393, 140
Trd, 4319002.843, 140
Trd, 4319003.243, 138
Trd, 4319004.093, 140
Trd, 4319005.893, 140
Trd, 4319005.943, 140
Trd, 4319008.343, 140
Trd, 4319008.693, 140
Trd, 4319009.143, 140
Trd, 4319009.793, 140
Trd, 4319010.243, 139
Trd, 4319011.043, 139
Trd, 4319013.293, 140
Trd, 4319013.443, 140
Trd, 4319014.243, 140
Trd, 4319014.893, 140
Trd, 4319016.393, 140
Trd, 4319016.493, 140
Trd, 4319016.993, 136
Trd, 4319017.593, 136
Trd, 4319018.543, 140
Trd, 4319018.643, 120
Trd, 4319019.893, 114
Trd, 4319019.943, 113
Trd, 4319020.093, 140
Trd, 4319020.843, 140
Trd, 4319021.443, 140
Trd, 4319022.143, 140
Trd, 4319023.093, 140
Trd, 4319023.693, 140
Trd, 4319024.093, 61
Trd, 4319024.743, 60
Trd, 4319025.593, 138
Trd, 4319025.693, 139
Trd, 4319026.593, 140
Trd, 4319028.243, 140
Trd, 4319028.743, 140
Trd, 4319029.493, 136
Trd, 4319031.043, 60
Trd, 4319031.093, 60
Trd, 4319031.343, 60
Trd, 4319032.293, 61
Trd, 4319033.743, 67
Trd, 4319033.843, 70
Trd, 4319034.043, 139
Trd, 4319034.493, 66
Trd, 4319035.343, 140
Trd, 4319036.543, 140
Trd, 4319036.993, 140
Trd, 4319037.493, 140
Trd, 4319037.843, 140
Trd, 4319038.493, 140
Trd, 4319038.993, 140
Trd, 4319040.093, 140
Trd, 4319040.343, 140
Trd, 4319040.643, 140
Trd, 4319043.043, 140
Trd, 4319044.243, 140
Trd, 4319044.943, 140
Trd, 4319045.493, 140
Trd, 4319045.693, 139
Trd, 4319045.893, 139
Trd, 4319046.143, 113
Trd, 4319047.343, 60
Trd, 4319047.993, 61
Trd, 4319048.093, 61
Trd, 4319049.393, 140
Trd, 4319050.693, 140
Trd, 4319051.193, 137
Trd, 4319051.343, 126
Trd, 4319052.643, 140
Trd, 4319053.893, 140
Trd, 4319053.993, 140
Trd, 4319054.343, 140
Trd, 4319054.593, 139
Trd, 4319055.243, 139
Trd, 4319055.543, 113
Trd, 4319056.393, 140
Trd, 4319058.343, 140
Trd, 4319058.693, 140
Trd, 4319059.793, 140
Trd, 4319060.093, 140
Trd, 4319060.893, 140
Trd, 4319061.093, 140
Trd, 4319061.193, 140
Trd, 4319062.643, 140
Trd, 4319062.943, 139
Trd, 4319063.693, 137
Trd, 4319064.043, 140
Trd, 4319065.293, 60
Trd, 4319065.443, 62
Trd, 4319066.393, 139
Trd, 4319067.043, 139
Trd, 4319068.193, 140
Trd, 4319068.343, 138
Trd, 4319068.493, 134
Trd, 4319068.693, 139
Trd, 4319069.243, 140
Trd, 4319071.343, 140
Trd, 4319071.793, 140
Trd, 4319072.393, 140
Trd, 4319073.593, 140
Trd, 4319073.943, 139
Trd, 4319074.643, 122
Trd, 4319075.493, 139
Trd, 4319075.843, 137
Trd, 4319076.193, 107
Trd, 4319078.193, 140
Trd, 4319080.193, 140
Trd, 4319080.743, 140
Trd, 4319081.943, 140
Trd, 4319082.393, 140
Trd, 4319083.093, 140
Trd, 4319083.643, 140
Trd, 4319083.993, 140
Trd, 4319084.393, 140
Trd, 4319086.093, 140
Trd, 4319086.343, 140
Trd, 4319086.943, 140
Trd, 4319087.393, 140
Trd, 4319087.443, 139
Trd, 4319088.343, 140
Trd, 4319090.493, 140
Trd, 4319090.743, 140
Trd, 4319090.943, 137
Trd, 4319091.893, 140
Trd, 4319091.993, 137
Trd, 4319092.843, 61
Trd, 4319092.943, 64
Trd, 4319094.343, 104
Trd, 4319095.443, 132
Trd, 4319096.493, 140
Trd, 4319096.543, 140
Trd, 4319096.843, 140
Trd, 4319097.143, 140
Trd, 4319097.943, 139
Trd, 4319098.793, 140
Trd, 4319100.443, 140
Trd, 4319100.593, 140
Trd, 4319101.993, 60
Trd, 4319102.293, 61
Trd, 4319102.793, 63
Trd, 4319103.093, 64
Trd, 4319105.393, 140
Trd, 4319105.993, 140
Trd, 4319106.693, 140
Trd, 4319106.943, 140
Trd, 4319107.843, 140
Trd, 4319108.143, 140
Trd, 4319110.793, 140
Trd, 4319112.043, 140
Trd, 4319112.143, 140
Trd, 4319112.443, 140
Trd, 4319112.493, 139
Trd, 4319112.643, 110
Trd, 4319113.593, 62
Trd, 4319114.443, 65
Trd, 4319114.993, 73
Trd, 4319115.743, 87
Trd, 4319116.693, 63
Trd, 4319116.743, 88
Trd, 4319117.993, 139
Trd, 4319118.743, 62
Trd, 4319119.193, 97
Trd, 4319119.543, 97
Trd, 4319120.443, 140
Trd, 4319120.893, 140
Trd, 4319121.343, 140
Trd, 4319121.643, 140
Trd, 4319123.543, 139
Trd, 4319124.793, 140
Trd, 4319125.043, 140
Trd, 4319125.993, 140
Trd, 4319126.343, 140
Trd, 4319126.993, 136
Trd, 4319127.743, 133
Trd, 4319129.093, 140
Trd, 4319129.793, 138
Trd, 4319129.843, 137
Trd, 4319129.993, 140
Trd, 4319130.343, 139
Trd, 4319131.743, 61
Trd, 4319132.093, 69
Trd, 4319132.843, 66
Trd, 4319133.343, 82
Trd, 4319133.593, 78
Trd, 4319134.643, 140
Trd, 4319135.393, 140
Trd, 4319135.493, 140
Trd, 4319136.743, 140
Trd, 4319137.443, 140
Trd, 4319138.193, 140
Trd, 4319138.393, 139
Trd, 4319139.043, 135
Trd, 4319139.193, 139
Trd, 4319140.693, 108
Trd, 4319141.193, 107
Trd, 4319142.093, 139
Trd, 4319142.743, 139
Trd, 4319143.793, 140
Trd, 4319144.443, 140
Trd, 4319144.643, 140
Trd, 4319145.743, 139
Trd, 4319146.193, 138
Trd, 4319148.743, 140
Trd, 4319148.843, 140
Trd, 4319148.993, 140
Trd, 4319150.043, 140
Trd, 4319150.243, 140
Trd, 4319150.293, 114
Trd, 4319150.393, 85
Trd, 4319150.993, 71
Trd, 4319153.743, 140
Trd, 4319153.943, 140
Trd, 4319154.243, 140
Trd, 4319155.043, 140
Trd, 4319155.243, 139
Trd, 4319155.393, 138
Trd, 4319157.793, 140
Trd, 4319158.243, 140
Trd, 4319158.943, 139
Trd, 4319159.293, 138
Trd, 4319159.343, 119
Trd, 4319161.343, 140
Trd, 4319161.593, 140
Trd, 4319161.943, 140
Trd, 4319162.593, 140
Trd, 4319163.243, 140
Trd, 4319163.293, 139
Trd, 4319163.393, 111
Trd, 4319165.143, 114
Trd, 4319165.243, 113
Trd, 4319165.793, 91
Trd, 4319167.393, 140
Trd, 4319167.843, 140
Trd, 4319167.993, 140
Trd, 4319168.143, 140
Trd, 4319168.343, 136
Trd, 4319168.743, 138
Trd, 4319170.293, 140
Trd, 4319171.543, 80
Trd, 4319171.893, 115
Trd, 4319173.693, 140
Trd, 4319174.143, 140
Trd, 4319174.393, 140
Trd, 4319174.643, 139
Trd, 4319175.443, 105
Trd, 4319175.943, 140
Trd, 4319176.293, 140
Trd, 4319176.543, 95
Trd, 4319178.293, 140
Trd, 4319178.443, 140
Trd, 4319179.193, 140
Trd, 4319180.043, 140
Trd, 4319180.793, 140
Trd, 4319182.443, 140
Trd, 4319182.493, 140
Trd, 4319182.943, 140
Trd, 4319184.593, 140
Trd, 4319185.493, 140
Trd, 4319186.493, 140
Trd, 4319187.143, 140
Trd, 4319187.643, 140
Trd, 4319187.793, 140
Trd, 4319187.843, 138
Trd, 4319189.393, 140
Trd, 4319190.543, 140
Trd, 4319190.843, 140
Trd, 4319191.143, 125
Trd, 4319192.043, 140
Trd, 4319192.443, 76
Trd, 4319192.643, 137
Trd, 4319193.793, 79
Trd, 4319194.643, 140
Trd, 4319194.693, 139
Trd, 4319195.693, 60
Trd, 4319196.393, 82
Trd, 4319196.743, 65
Trd, 4319198.143, 139
Trd, 4319198.493, 139
Trd, 4319199.193, 140
Trd, 4319199.943, 140
Trd, 4319200.493, 140
Trd, 4319201.593, 140
Trd, 4319202.043, 140
Trd, 4319203.043, 140
Trd, 4319203.093, 140
Trd, 4319203.793, 140
Trd, 4319204.193, 140
Trd, 4319204.993, 140
Trd, 4319205.743, 140
Trd, 4319206.043, 139
Trd, 4319206.243, 123
Trd, 4319206.843, 112
Trd, 4319207.943, 62
Trd, 4319208.643, 135
Trd, 4319208.893, 139
Trd, 4319211.093, 137
Trd, 4319212.643, 140
Trd, 4319212.843, 140
Trd, 4319213.493, 138
Trd, 4319214.693, 138
Trd, 4319214.993, 109
Trd, 4319215.843, 139
Trd, 4319215.993, 139
Trd, 4319217.743, 80
Trd, 4319217.993, 140
Trd, 4319218.793, 140
Trd, 4319219.143, 140
Trd, 4319219.243, 140
Trd, 4319220.193, 60
Trd, 4319220.643, 119
Trd, 4319220.943, 118
Trd, 4319222.493, 139
Trd, 4319222.543, 138
Trd, 4319222.993, 138
Trd, 4319223.143, 136
Trd, 4319223.343, 140
Trd, 4319226.043, 140
Trd, 4319226.793, 140
Trd, 4319227.393, 140
Trd, 4319227.743, 140
Trd, 4319228.643, 140
Trd, 4319228.943, 140
Trd, 4319230.843, 140
Trd, 4319231.843, 138
Trd, 4319232.043, 128
Trd, 4319232.543, 127
Trd, 4319233.593, 140
Trd, 4319233.793, 140
Trd, 4319233.943, 140
Trd, 4319234.243, 140
Trd, 4319234.993, 140
Trd, 4319236.293, 140
Trd, 4319237.443, 140
Trd, 4319238.193, 140
Trd, 4319238.793, 140
Trd, 4319243.093, 140
Trd, 4319243.843, 140
Trd, 4319244.743, 140
Trd, 4319244.793, 140
Trd, 4319244.943, 139
Trd, 4319246.193, 140
Trd, 4319246.943, 140
Trd, 4319247.393, 140
Trd, 4319247.893, 139
Trd, 4319248.793, 139
Trd, 4319248.893, 138
Trd, 4319250.093, 140
Trd, 4319250.293, 83
Trd, 4319251.343, 140
Trd, 4319251.993, 140
Trd, 4319252.143, 140
Trd, 4319252.843, 140
Trd, 4319253.793, 140
Trd, 4319254.043, 140
Trd, 4319254.143, 140
Trd, 4319255.193, 140
Trd, 4319256.043, 140
Trd, 4319257.193, 140
Trd, 4319258.593, 140
Trd, 4319258.793, 140
Trd, 4319259.293, 140
Trd, 4319259.743, 139
Trd, 4319260.843, 140
Trd, 4319261.093, 139
Trd, 4319262.293, 128
Trd, 4319262.343, 127
Trd, 4319262.693, 105
Trd, 4319263.493, 140
Trd, 4319263.793, 140
Trd, 4319264.743, 81
Trd, 4319266.643, 140
Trd, 4319266.743, 140
Trd, 4319266.893, 140
Trd, 4319267.143, 140
Trd, 4319268.193, 140
Trd, 4319268.343, 140
Trd, 4319269.743, 140
Trd, 4319270.493, 140
Trd, 4319270.843, 140
Trd, 4319271.543, 92
Trd, 4319272.443, 140
Trd, 4319272.493, 138
Trd, 4319272.993, 132
Trd, 4319273.793, 139
Trd, 4319274.843, 139
Trd, 4319275.143, 110
Trd, 4319276.293, 91
Trd, 4319276.893, 126
Trd, 4319276.993, 94
Trd, 4319277.143, 94
Trd, 4319278.743, 60
Trd, 4319279.543, 61
Trd, 4319279.893, 82
Trd, 4319281.143, 140
Trd, 4319281.643, 140
Trd, 4319282.093, 140
Trd, 4319282.143, 140
Trd, 4319282.443, 140
Trd, 4319283.093, 140
Trd, 4319283.943, 139
Trd, 4319284.393, 140
Trd, 4319286.343, 140
Trd, 4319286.943, 140
Trd, 4319287.543, 140
Trd, 4319288.693, 140
Trd, 4319289.143, 139
Trd, 4319289.543, 130
Trd, 4319291.093, 138
Trd, 4319291.293, 137
Trd, 4319292.043, 140
Trd, 4319292.893, 139
Trd, 4319292.993, 139
Trd, 4319294.343, 127
Trd, 4319294.543, 140
Trd, 4319296.743, 140
Trd, 4319297.393, 140
Trd, 4319297.443, 140
Trd, 4319298.843, 140
Trd, 4319299.543, 140
Trd, 4319299.943, 140
Trd, 4319300.643, 140
Trd, 4319301.493, 140
Trd, 4319302.243, 140
Trd, 4319303.593, 140
Trd, 4319303.693, 140
Trd, 4319304.043, 139
Trd, 4319304.293, 118
Trd, 4319306.993, 140
Trd, 4319307.143, 140
Trd, 4319307.743, 140
Trd, 4319307.843, 140
Trd, 4319308.743, 140
Trd, 4319308.843, 138
Trd, 4319309.743, 72
Trd, 4319310.593, 140
Trd, 4319312.193, 64
Trd, 4319312.493, 134
Trd, 4319312.943, 90
Trd, 4319313.043, 131
Trd, 4319314.643, 121
Trd, 4319316.043, 140
Trd, 4319317.143, 140
Trd, 4319317.243, 140
Trd, 4319317.343, 139
Trd, 4319317.743, 140
Trd, 4319318.393, 138
Trd, 4319318.893, 140
Trd, 4319319.843, 140
Trd, 4319321.443, 140
Trd, 4319322.493, 140
Trd, 4319322.543, 140
Trd, 4319323.143, 140
Trd, 4319324.643, 140
Trd, 4319325.443, 140
Trd, 4319327.293, 140
Trd, 4319327.493, 140
Trd, 4319327.943, 140
Trd, 4319327.993, 140
Trd, 4319329.093, 140
Trd, 4319329.943, 139
Trd, 4319330.243, 140
Trd, 4319330.393, 133
Trd, 4319332.093, 140
Trd, 4319332.793, 140
Trd, 4319333.593, 140
Trd, 4319333.843, 140
Trd, 4319334.543, 140
Trd, 4319336.293, 140
Trd, 4319336.493, 140
Trd, 4319336.693, 140
Trd, 4319337.093, 140
Trd, 4319339.293, 140
Trd, 4319339.393, 140
Trd, 4319341.743, 140
Trd, 4319342.393, 140
Trd, 4319343.593, 140
Trd, 4319343.793, 140
Trd, 4319344.393, 140
Trd, 4319345.543, 140
Trd, 4319346.143, 140
Trd, 4319347.443, 140
Trd, 4319349.093, 139
Trd, 4319349.843, 140
Trd, 4319350.393, 140
Trd, 4319350.893, 140
Trd, 4319351.493, 140
Trd, 4319351.793, 140
Trd, 4319352.343, 140
Trd, 4319353.043, 140
Trd, 4319354.443, 140
Trd, 4319354.693, 138
Trd, 4319355.493, 126
Trd, 4319356.743, 140
Trd, 4319357.543, 140
Trd, 4319357.893, 139
Trd, 4319359.143, 140
Trd, 4319360.043, 140
Trd, 4319360.393, 140
Trd, 4319361.243, 140
Trd, 4319362.343, 140
Trd, 4319362.493, 140
Trd, 4319362.593, 140
Trd, 4319364.593, 140
Trd, 4319365.543, 140
Trd, 4319366.343, 140
Trd, 4319366.393, 140
Trd, 4319366.943, 60
Trd, 4319367.093, 60
Trd, 4319367.643, 69
Trd, 4319368.443, 63
Trd, 4319368.643, 72
Trd, 4319369.293, 140
Trd, 4319369.843, 140
Trd, 4319371.293, 60
Trd, 4319371.693, 60
Trd, 4319372.293, 60
Trd, 4319372.343, 63
Trd, 4319373.443, 69
Trd, 4319373.793, 62
Trd, 4319374.143, 63
Trd, 4319375.843, 62
Trd, 4319376.993, 67
Trd, 4319377.443, 60
Trd, 4319377.993, 137
Trd, 4319379.193, 138
Trd, 4319379.543, 137
Trd, 4319379.993, 139
Trd, 4319382.193, 140
Trd, 4319382.243, 140
Trd, 4319382.893, 140
Trd, 4319384.093, 140
Trd, 4319384.693, 60
Trd, 4319384.793, 66
Trd, 4319385.643, 103
Trd, 4319386.643, 60
Trd, 4319387.493, 60
Trd, 4319388.343, 61
Trd, 4319388.643, 60
Trd, 4319389.343, 61
Trd, 4319389.443, 62
Trd, 4319390.593, 60
Trd, 4319392.243, 60
Trd, 4319392.793, 61
Trd, 4319393.143, 61
Trd, 4319393.343, 62
Trd, 4319394.743, 69
Trd, 4319395.243, 119
Trd, 4319395.493, 69
Trd, 4319395.693, 60
Trd, 4319395.793, 134
Trd, 4319396.143, 138
Trd, 4319396.393, 73
Trd, 4319397.643, 69
Trd, 4319398.243, 105
Trd, 4319398.943, 137
Trd, 4319400.093, 61
Trd, 4319401.293, 62
Trd, 4319401.393, 62
Trd, 4319401.593, 140
Trd, 4319402.443, 140
Trd, 4319403.243, 140
Trd, 4319403.543, 96
Trd, 4319404.043, 140
Trd, 4319405.543, 140
Trd, 4319406.193, 135
Trd, 4319406.343, 122
Trd, 4319407.143, 101
Trd, 4319407.543, 100
Trd, 4319408.093, 66
Trd, 4319408.743, 61
Trd, 4319408.993, 74
Trd, 4319410.493, 139
Trd, 4319411.043, 139
Trd, 4319411.293, 140
Trd, 4319411.543, 138
Trd, 4319412.043, 86
Trd, 4319414.693, 60
Trd, 4319414.743, 67
Trd, 4319414.893, 67
Trd, 4319414.993, 107
Trd, 4319416.943, 140
Trd, 4319417.093, 140
Trd, 4319417.243, 73
Trd, 4319419.343, 140
Trd, 4319420.043, 140
Trd, 4319420.793, 140
Trd, 4319421.943, 140
Trd, 4319422.143, 140
Trd, 4319423.493, 140
Trd, 4319424.043, 140
Trd, 4319424.343, 140
Trd, 4319424.843, 140
Trd, 4319425.043, 140
Trd, 4319425.543, 140
Trd, 4319426.393, 140
Trd, 4319428.143, 140
Trd, 4319428.293, 140
Trd, 4319428.693, 140
Trd, 4319429.143, 140
Trd, 4319429.493, 140
Trd, 4319430.843, 140
Trd, 4319431.543, 138
Trd, 4319432.893, 138
Trd, 4319434.093, 140
Trd, 4319434.693, 140
Trd, 4319434.893, 140
Trd, 4319435.743, 140
Trd, 4319437.543, 140
Trd, 4319437.593, 140
Trd, 4319438.143, 140
Trd, 4319438.893, 140
Trd, 4319439.193, 140
Trd, 4319439.793, 140
Trd, 4319440.643, 139
Trd, 4319440.693, 139
Trd, 4319442.493, 140
Trd, 4319443.593, 140
Trd, 4319444.643, 140
Trd, 4319444.993, 140
Trd, 4319445.193, 64
Trd, 4319446.143, 139
Trd, 4319447.993, 140
Trd, 4319448.543, 140
Trd, 4319448.793, 140
Trd, 4319448.893, 140
Trd, 4319449.643, 140
Trd, 4319450.093, 138
Trd, 4319451.093, 139
Trd, 4319452.693, 63
Trd, 4319452.993, 66
Trd, 4319454.393, 60
Trd, 4319454.943, 60
Trd, 4319455.593, 62
Trd, 4319455.943, 65
Trd, 4319456.793, 68
Trd, 4319456.993, 60
Trd, 4319457.493, 128
Trd, 4319458.593, 140
Trd, 4319458.743, 140
Trd, 4319459.193, 60
Trd, 4319459.543, 63
Trd, 4319460.493, 62
Trd, 4319461.043, 140
Trd, 4319461.093, 140
Trd, 4319461.493, 140
Trd, 4319462.593, 100
Trd, 4319462.793, 139
Trd, 4319463.143, 121
Trd, 4319464.493, 140
Trd, 4319465.393, 140
Trd, 4319465.993, 140
Trd, 4319467.043, 140
Trd, 4319467.143, 140
Trd, 4319468.143, 140
Trd, 4319468.843, 140
Trd, 4319470.343, 140
Trd, 4319470.793, 140
Trd, 4319471.043, 140
Trd, 4319471.693, 140
Trd, 4319473.393, 140
Trd, 4319473.793, 140
Trd, 4319474.393, 136
Trd, 4319474.593, 135
Trd, 4319474.743, 110
Trd, 4319475.743, 138
Trd, 4319476.393, 140
Trd, 4319476.693, 140
Trd, 4319479.693, 140
Trd, 4319479.993, 140
Trd, 4319480.093, 140
Trd, 4319480.693, 140
Trd, 4319482.243, 140
Trd, 4319482.893, 140
Trd, 4319483.043, 140
Trd, 4319483.393, 140
Trd, 4319484.693, 140
Trd, 4319484.943, 140
Trd, 4319485.293, 140
Trd, 4319485.793, 140
Trd, 4319487.893, 140
Trd, 4319488.093, 140
Trd, 4319489.293, 140
Trd, 4319489.693, 140
Trd, 4319489.993, 140
Trd, 4319490.293, 140
Trd, 4319490.743, 137
Trd, 4319491.893, 94
Trd, 4319492.393, 82
Trd, 4319494.543, 140
Trd, 4319494.643, 140
Trd, 4319495.143, 140
Trd, 4319496.093, 140
Trd, 4319497.293, 140
Trd, 4319498.693, 140
Trd, 4319499.393, 140
Trd, 4319500.493, 140
Trd, 4319500.893, 140
Trd, 4319500.943, 140
Trd, 4319501.593, 140
Trd, 4319501.743, 140
Trd, 4319502.893, 140
Trd, 4319504.693, 140
Trd, 4319505.043, 140
Trd, 4319505.143, 140
Trd, 4319506.193, 140
Trd, 4319507.493, 140
Trd, 4319508.293, 140
Trd, 4319508.643, 140
Trd, 4319508.893, 139
Trd, 4319509.293, 139
Trd, 4319509.493, 140
Trd, 4319509.593, 140
Trd, 4319509.843, 77
Trd, 4319511.693, 140
Trd, 4319512.493, 140
Trd, 4319513.493, 140
Trd, 4319514.343, 140
Trd, 4319514.443, 140
Trd, 4319515.843, 140
Trd, 4319517.143, 140
Trd, 4319519.793, 140
Trd, 4319520.293, 140
Trd, 4319521.243, 140
Trd, 4319521.643, 140
Trd, 4319521.843, 140
Trd, 4319521.993, 139
Trd, 4319522.493, 139
Trd, 4319523.893, 139
Trd, 4319525.043, 140
Trd, 4319525.143, 140
Trd, 4319526.993, 140
Trd, 4319528.243, 140
Trd, 4319529.593, 140
Trd, 4319529.993, 140
Trd, 4319530.043, 140
Trd, 4319530.693, 140
Trd, 4319531.293, 140
Trd, 4319532.243, 140
Trd, 4319532.443, 140
Trd, 4319534.193, 140
Trd, 4319535.043, 140
Trd, 4319537.493, 140
Trd, 4319537.793, 140
Trd, 4319539.393, 140
Trd, 4319539.843, 140
Trd, 4319540.293, 140
Trd, 4319540.593, 140
Trd, 4319540.943, 140
Trd, 4319542.243, 140
Trd, 4319542.543, 140
Trd, 4319542.743, 140
Trd, 4319542.893, 140
Trd, 4319544.593, 140
Trd, 4319545.593, 140
Trd, 4319546.343, 140
Trd, 4319547.893, 140
Trd, 4319548.743, 140
Trd, 4319549.293, 140
Trd, 4319550.443, 140
Trd, 4319550.743, 140
Trd, 4319551.693, 140
Trd, 4319551.893, 140
Trd, 4319552.543, 139
Trd, 4319552.843, 138
Trd, 4319553.493, 140
Trd, 4319554.643, 140
Trd, 4319554.843, 140
Trd, 4319555.743, 140
Trd, 4319555.793, 140
Trd, 4319556.293, 139
Trd, 4319557.943, 110
Trd, 4319558.443, 60
Trd, 4319558.493, 61
Trd, 4319559.143, 140
Trd, 4319559.893, 140
Trd, 4319560.393, 140
Trd, 4319560.693, 140
Trd, 4319561.443, 109
Trd, 4319562.293, 138
Trd, 4319562.943, 107
Trd, 4319564.093, 140
Trd, 4319564.743, 139
Trd, 4319565.793, 140
Trd, 4319566.243, 90
Trd, 4319567.743, 140
Trd, 4319569.543, 140
Trd, 4319570.843, 140
Trd, 4319570.943, 140
Trd, 4319572.193, 140
Trd, 4319573.143, 140
Trd, 4319574.243, 140
Trd, 4319575.143, 140
Trd, 4319575.243, 140
Trd, 4319576.243, 140
Trd, 4319577.043, 140
Trd, 4319577.493, 140
Trd, 4319577.543, 140
Trd, 4319577.743, 138
Trd, 4319578.643, 140
Trd, 4319579.093, 140
Trd, 4319580.443, 140
Trd, 4319581.293, 140
Trd, 4319581.643, 140
Trd, 4319582.543, 139
Trd, 4319584.643, 140
Trd, 4319585.293, 140
Trd, 4319585.793, 140
Trd, 4319585.943, 140
Trd, 4319587.043, 140
Trd, 4319588.093, 138
Trd, 4319589.893, 140
Trd, 4319589.993, 140
Trd, 4319591.093, 140
Trd, 4319591.593, 140
Trd, 4319591.793, 140
Trd, 4319592.893, 140
Trd, 4319593.393, 140
Trd, 4319593.493, 140
Trd, 4319595.243, 140
Trd, 4319595.393, 140
Trd, 4319597.493, 140
Trd, 4319597.593, 140
Trd, 4319597.843, 140
Trd, 4319598.093, 140
Trd, 4319598.193, 138
Trd, 4319599.693, 140
Trd, 4319600.443, 140
Trd, 4319600.943, 140
Trd, 4319602.093, 140
Trd, 4319602.193, 140
Trd, 4319603.093, 140
Trd, 4319604.443, 140
Trd, 4319606.693, 140
Trd, 4319606.893, 140
Trd, 4319607.193, 140
Trd, 4319607.593, 140
Trd, 4319607.843, 140
Trd, 4319608.043, 140
Trd, 4319608.693, 140
Trd, 4319609.343, 140
Trd, 4319609.493, 140
Trd, 4319609.993, 137
Trd, 4319610.543, 67
Trd, 4319611.543, 140
Trd, 4319613.393, 140
Trd, 4319613.943, 140
Trd, 4319614.443, 140
Trd, 4319614.593, 140
Trd, 4319614.743, 140
Trd, 4319615.593, 140
Trd, 4319616.343, 140
Trd, 4319616.893, 140
Trd, 4319617.993, 140
Trd, 4319618.343, 140
Trd, 4319621.043, 140
Trd, 4319621.243, 140
Trd, 4319621.693, 140
Trd, 4319622.293, 140
Trd, 4319622.643, 139
Trd, 4319623.443, 140
Trd, 4319623.693, 140
Trd, 4319623.743, 139
Trd, 4319624.943, 140
Trd, 4319625.293, 140
Trd, 4319625.543, 138
Trd, 4319626.643, 140
Trd, 4319627.693, 140
Trd, 4319627.843, 140
Trd, 4319628.793, 140
Trd, 4319629.493, 140
Trd, 4319629.543, 140
Trd, 4319630.343, 140
Trd, 4319630.443, 122
Trd, 4319631.193, 66
Trd, 4319632.293, 81
Trd, 4319632.593, 83
Trd, 4319633.293, 63
Trd, 4319634.293, 62
Trd, 4319634.343, 63
Trd, 4319634.593, 74
Trd, 4319635.893, 62
Trd, 4319636.593, 62
Trd, 4319638.993, 61
Trd, 4319639.993, 62
Trd, 4319640.043, 64
Trd, 4319640.893, 67
Trd, 4319641.493, 63
Trd, 4319643.143, 60
Trd, 4319643.543, 70
Trd, 4319643.893, 62
Trd, 4319644.643, 73
Trd, 4319645.443, 60
Trd, 4319645.993, 61
Trd, 4319646.343, 61
Trd, 4319647.643, 60
Trd, 4319647.893, 60
Trd, 4319648.743, 140
Trd, 4319649.243, 140
Trd, 4319651.143, 140
Trd, 4319651.593, 140
Trd, 4319652.993, 140
Trd, 4319654.243, 140
Trd, 4319654.443, 140
Trd, 4319654.643, 140
Trd, 4319656.493, 139
Trd, 4319656.543, 99
Trd, 4319656.893, 71
Trd, 4319659.143, 140
Trd, 4319659.243, 140
Trd, 4319659.943, 140
Trd, 4319660.843, 140
Trd, 4319661.093, 140
Trd, 4319661.343, 140
Trd, 4319661.943, 140
Trd, 4319664.243, 140
Trd, 4319665.043, 140
Trd, 4319665.093, 140
Trd, 4319666.343, 140
Trd, 4319667.593, 140
Trd, 4319668.343, 140
Trd, 4319669.093, 140
Trd, 4319669.543, 139
Trd, 4319671.393, 137
Trd, 4319672.543, 140
Trd, 4319672.793, 140
Trd, 4319672.893, 140
Trd, 4319673.193, 140
Trd, 4319674.343, 138
Trd, 4319674.743, 137
Trd, 4319675.193, 138
Trd, 4319676.993, 140
Trd, 4319677.243, 140
Trd, 4319677.593, 140
Trd, 4319677.793, 140
Trd, 4319679.293, 139
Trd, 4319679.643, 109
Trd, 4319679.743, 140
Trd, 4319680.893, 140
Trd, 4319680.993, 140
Trd, 4319682.543, 140
Trd, 4319683.393, 140
Trd, 4319684.543, 140
Trd, 4319685.143, 140
Trd, 4319685.443, 140
Trd, 4319687.643, 140
Trd, 4319687.743, 140
Trd, 4319689.493, 140
Trd, 4319689.893, 140
Trd, 4319690.043, 140
Trd, 4319690.543, 140
Trd, 4319691.493, 140
Trd, 4319691.843, 140
Trd, 4319692.343, 139
Trd, 4319693.643, 139
Trd, 4319694.143, 138
Trd, 4319695.043, 140
Trd, 4319696.193, 139
Trd, 4319697.193, 139
Trd, 4319697.243, 139
Trd, 4319698.293, 140
Trd, 4319699.143, 140
Trd, 4319700.343, 140
Trd, 4319700.943, 140
Trd, 4319701.343, 140
Trd, 4319701.443, 140
Trd, 4319701.743, 140
Trd, 4319702.243, 120
Trd, 4319702.893, 69
Trd, 4319704.693, 140
Trd, 4319705.593, 140
Trd, 4319706.793, 140
Trd, 4319707.793, 140
Trd, 4319708.143, 140
Trd, 4319709.143, 140
Trd, 4319709.193, 140
Trd, 4319709.993, 140
Trd, 4319710.593, 140
Trd, 4319711.193, 77
Trd, 4319712.243, 140
Trd, 4319712.993, 140
Trd, 4319714.493, 140
Trd, 4319715.393, 140
Trd, 4319716.843, 140
Trd, 4319717.143, 140
Trd, 4319718.393, 140
Trd, 4319719.443, 140
Trd, 4319719.843, 140
Trd, 4319719.943, 139
Trd, 4319720.193, 139
Trd, 4319720.543, 101
Trd, 4319721.443, 100
Trd, 4319721.993, 62
Trd, 4319722.293, 135
Trd, 4319722.993, 140
Trd, 4319724.443, 140
Trd, 4319724.543, 137
Trd, 4319725.143, 136
Trd, 4319725.843, 66
Trd, 4319727.993, 140
Trd, 4319728.643, 139
Trd, 4319729.443, 140
Trd, 4319730.193, 137
Trd, 4319730.543, 138
Trd, 4319730.793, 137
Trd, 4319732.143, 140
Trd, 4319732.843, 140
Trd, 4319733.593, 140
Trd, 4319734.293, 140
Trd, 4319735.043, 139
Trd, 4319735.143, 136
Trd, 4319735.693, 136
Trd, 4319736.793, 85
Trd, 4319737.293, 111
Trd, 4319737.593, 71
Trd, 4319738.493, 62
Trd, 4319738.893, 140
Trd, 4319739.343, 63
Trd, 4319740.143, 140
Trd, 4319740.693, 140
Trd, 4319742.943, 140
Trd, 4319743.243, 140
Trd, 4319744.193, 140
Trd, 4319744.693, 140
Trd, 4319744.893, 140
Trd, 4319744.943, 139
Trd, 4319745.943, 140
Trd, 4319746.993, 133
Trd, 4319747.343, 84
Trd, 4319748.143, 136
Trd, 4319748.393, 135
Trd, 4319748.493, 105
Trd, 4319751.043, 140
Trd, 4319751.193, 140
Trd, 4319752.143, 139
Trd, 4319752.493, 137
Trd, 4319753.093, 67
Trd, 4319754.293, 140
Trd, 4319755.043, 140
Trd, 4319756.343, 140
Trd, 4319756.693, 139
Trd, 4319757.193, 140
Trd, 4319759.843, 140
Trd, 4319759.993, 140
Trd, 4319760.393, 140
Trd, 4319760.793, 140
Trd, 4319761.743, 140
Trd, 4319762.193, 140
Trd, 4319762.843, 140
Trd, 4319762.993, 140
Trd, 4319763.793, 139
Trd, 4319763.893, 95
Trd, 4319764.343, 139
Trd, 4319764.843, 133
Trd, 4319765.343, 60
Trd, 4319765.893, 61
Trd, 4319767.543, 140
Trd, 4319768.493, 140
Trd, 4319769.193, 140
Trd, 4319769.593, 140
Trd, 4319769.643, 140
Trd, 4319769.843, 135
Trd, 4319770.293, 64
Trd, 4319770.943, 63
Trd, 4319771.043, 136
Trd, 4319771.843, 65
Trd, 4319773.093, 139
Trd, 4319773.393, 139
Trd, 4319773.993, 140
Trd, 4319776.493, 140
Trd, 4319776.543, 139
Trd, 4319776.993, 138
Trd, 4319777.943, 140
Trd, 4319778.293, 140
Trd, 4319778.793, 140
Trd, 4319779.693, 140
Trd, 4319779.943, 140
Trd, 4319780.843, 139
Trd, 4319781.543, 138
Trd, 4319782.793, 126
Trd, 4319783.043, 64
Trd, 4319783.943, 140
Trd, 4319785.343, 60
Trd, 4319785.743, 61
Trd, 4319786.993, 66
Trd, 4319787.443, 140
Trd, 4319788.593, 140
Trd, 4319789.393, 140
Trd, 4319789.693, 140
Trd, 4319789.843, 140
Trd, 4319790.593, 140
Trd, 4319790.893, 140
Trd, 4319791.943, 140
Trd, 4319792.093, 140
Trd, 4319792.193, 140
Trd, 4319794.543, 140
Trd, 4319794.943, 140
Trd, 4319795.393, 140
Trd, 4319796.293, 140
Trd, 4319796.893, 140
Trd, 4319798.343, 140
Trd, 4319798.793, 140
Trd, 4319799.443, 140
Trd, 4319800.743, 140
Trd, 4319801.393, 140
Trd, 4319802.793, 140
Trd, 4319803.643, 140
Trd, 4319803.743, 140
Trd, 4319804.393, 140
Trd, 4319805.793, 140
Trd, 4319805.943, 96
Trd, 4319807.643, 140
Trd, 4319807.743, 140
Trd, 4319808.793, 140
Trd, 4319809.143, 140
Trd, 4319810.393, 140
Trd, 4319810.543, 139
Trd, 4319811.893, 140
Trd, 4319812.243, 140
Trd, 4319812.693, 140
Trd, 4319812.843, 140
Trd, 4319813.343, 140
Trd, 4319813.843, 140
Trd, 4319814.293, 139
Trd, 4319814.893, 139
Trd, 4319816.193, 60
Trd, 4319816.643, 60
Trd, 4319816.743, 60
Trd, 4319816.793, 62
Trd, 4319819.743, 60
Trd, 4319820.893, 62
Trd, 4319821.193, 67
Trd, 4319821.343, 69
Trd, 4319821.543, 124
Trd, 4319821.943, 61
Trd, 4319822.593, 63
Trd, 4319823.793, 67
Trd, 4319824.093, 87
Trd, 4319824.443, 65
Trd, 4319826.793, 140
Trd, 4319827.093, 140
Trd, 4319827.943, 140
Trd, 4319828.143, 139
Trd, 4319828.193, 135
Trd, 4319829.393, 139
Trd, 4319830.193, 140
Trd, 4319830.593, 140
Trd, 4319830.843, 140
Trd, 4319832.243, 140
Trd, 4319832.593, 140
Trd, 4319833.093, 94
Trd, 4319835.193, 140
Trd, 4319837.293, 140
Trd, 4319837.543, 140
Trd, 4319837.593, 140
Trd, 4319837.693, 140
Trd, 4319837.843, 139
Trd, 4319838.293, 139
Trd, 4319838.743, 140
Trd, 4319840.043, 139
Trd, 4319840.093, 108
Trd, 4319840.243, 60
Trd, 4319841.843, 60
Trd, 4319842.043, 62
Trd, 4319842.443, 61
Trd, 4319843.143, 68
Trd, 4319845.593, 63
Trd, 4319845.643, 64
Trd, 4319845.893, 67
Trd, 4319846.343, 67
Trd, 4319848.143, 62
Trd, 4319848.443, 61
Trd, 4319848.693, 121
Trd, 4319850.643, 60
Trd, 4319851.293, 63
Trd, 4319851.393, 74
Trd, 4319851.643, 81
Trd, 4319852.543, 63
Trd, 4319852.843, 116
Trd, 4319853.293, 135
Trd, 4319854.143, 60
Trd, 4319854.543, 62
Trd, 4319854.593, 65
Trd, 4319855.243, 60
Trd, 4319856.793, 139
Trd, 4319857.443, 140
Trd, 4319859.043, 60
Trd, 4319860.443, 62
Trd, 4319860.743, 61
Trd, 4319861.293, 64
Trd, 4319861.893, 92
Trd, 4319862.143, 135
Trd, 4319863.143, 140
Trd, 4319863.793, 140
Trd, 4319864.393, 140
Trd, 4319865.293, 140
Trd, 4319866.243, 140
Trd, 4319866.793, 140
Trd, 4319867.093, 140
Trd, 4319868.243, 140
Trd, 4319869.593, 140
Trd, 4319869.843, 140
Trd, 4319870.293, 139
Trd, 4319871.043, 140
Trd, 4319871.893, 137
Trd, 4319872.593, 140
Trd, 4319873.193, 140
Trd, 4319873.393, 140
Trd, 4319874.293, 140
Trd, 4319876.093, 140
Trd, 4319876.393, 140
Trd, 4319876.843, 140
Trd, 4319877.343, 140
Trd, 4319878.043, 140
Trd, 4319878.293, 140
Trd, 4319879.493, 139
Trd, 4319881.343, 140
Trd, 4319882.293, 140
Trd, 4319883.093, 140
Trd, 4319883.643, 140
Trd, 4319885.043, 140
Trd, 4319885.193, 140
Trd, 4319885.843, 140
Trd, 4319886.293, 140
Trd, 4319886.943, 64
Trd, 4319888.193, 60
Trd, 4319888.543, 60
Trd, 4319888.743, 62
Trd, 4319888.893, 60
Trd, 4319889.643, 60
Trd, 4319890.293, 68
Trd, 4319892.093, 140
Trd, 4319892.643, 140
Trd, 4319892.843, 140
Trd, 4319893.293, 136
Trd, 4319894.393, 140
Trd, 4319895.043, 140
Trd, 4319895.343, 140
Trd, 4319896.043, 140
Trd, 4319897.193, 139
Trd, 4319897.243, 138
Trd, 4319898.143, 70
Trd, 4319898.743, 63
Trd, 4319899.193, 131
Trd, 4319899.343, 63
Trd, 4319900.143, 65
Trd, 4319900.243, 66
Trd, 4319900.343, 64
Trd, 4319901.543, 140
Trd, 4319902.693, 140
Trd, 4319903.693, 140
Trd, 4319904.143, 140
Trd, 4319904.643, 139
Trd, 4319904.793, 138
Trd, 4319905.693, 140
Trd, 4319906.193, 140
Trd, 4319906.893, 140
Trd, 4319907.643, 140
Trd, 4319908.493, 137
Trd, 4319908.743, 138
Trd, 4319909.293, 82
Trd, 4319909.993, 140
Trd, 4319911.493, 140
Trd, 4319911.793, 140
Trd, 4319913.243, 138
Trd, 4319913.443, 135
Trd, 4319914.443, 62
Trd, 4319915.143, 67
Trd, 4319915.593, 61
Trd, 4319917.393, 61
Trd, 4319917.843, 71
Trd, 4319919.793, 140
Trd, 4319919.893, 140
Trd, 4319919.993, 140
Trd, 4319920.343, 140
Trd, 4319921.243, 140
Trd, 4319922.493, 140
Trd, 4319922.843, 140
Trd, 4319924.793, 140
Trd, 4319924.893, 140
Trd, 4319924.943, 140
Trd, 4319925.993, 140
Trd, 4319927.493, 139
Trd, 4319927.793, 139
Trd, 4319929.443, 140
Trd, 4319929.893, 140
Trd, 4319930.543, 140
Trd, 4319931.443, 140
Trd, 4319932.093, 140
Trd, 4319932.293, 140
Trd, 4319932.943, 140
Trd, 4319933.493, 140
Trd, 4319934.643, 139
Trd, 4319934.943, 140
Trd, 4319935.243, 140
Trd, 4319935.793, 140
Trd, 4319938.043, 140
Trd, 4319938.893, 140
Trd, 4319939.293, 140
Trd, 4319939.343, 138
Trd, 4319940.393, 140
Trd, 4319941.043, 140
Trd, 4319941.293, 139
Trd, 4319941.743, 135
Trd, 4319942.443, 139
Trd, 4319943.593, 138
Trd, 4319944.343, 127
Trd, 4319944.593, 123
Trd, 4319944.743, 116
Trd, 4319945.693, 140
Trd, 4319947.843, 140
Trd, 4319947.943, 140
Trd, 4319948.543, 140
Trd, 4319948.743, 139
Trd, 4319949.543, 100
Trd, 4319950.343, 73
Trd, 4319951.243, 140
Trd, 4319952.743, 140
Trd, 4319952.943, 139
Trd, 4319953.493, 81
Trd, 4319953.843, 79
Trd, 4319954.693, 137
Trd, 4319957.093, 140
Trd, 4319957.443, 140
Trd, 4319957.793, 140
Trd, 4319957.993, 140
Trd, 4319958.493, 138
Trd, 4319958.943, 140
Trd, 4319959.243, 139
Trd, 4319960.093, 74
Trd, 4319960.343, 139
Trd, 4319960.943, 99
Trd, 4319961.443, 98
Trd, 4319962.743, 140
Trd, 4319964.293, 140
Trd, 4319964.793, 140
Trd, 4319965.143, 140
Trd, 4319966.793, 140
Trd, 4319967.593, 140
Trd, 4319967.643, 140
Trd, 4319967.943, 140
Trd, 4319968.293, 137
Trd, 4319969.843, 140
Trd, 4319970.043, 140
Trd, 4319971.343, 140
Trd, 4319972.143, 140
Trd, 4319972.793, 140
Trd, 4319973.543, 140
Trd, 4319973.593, 140
Trd, 4319974.843, 137
Trd, 4319975.643, 69
Trd, 4319976.243, 118
Trd, 4319977.143, 140
Trd, 4319978.343, 64
Trd, 4319978.893, 65
Trd, 4319979.143, 140
Trd, 4319980.093, 62
Trd, 4319980.393, 66
Trd, 4319981.393, 69
Trd, 4319981.543, 63
Trd, 4319981.843, 107
Trd, 4319983.643, 60
Trd, 4319983.693, 60
Trd, 4319984.343, 63
Trd, 4319984.443, 118
Trd, 4319985.193, 133
Trd, 4319987.193, 60
Trd, 4319988.593, 60
Trd, 4319988.693, 61
Trd, 4319989.993, 60
Trd, 4319990.193, 60
Trd, 4319990.693, 64
Trd, 4319991.593, 60
Trd, 4319992.243, 62
Trd, 4319993.443, 63
Trd, 4319994.193, 137
Trd, 4319994.493, 139
Trd, 4319995.643, 125
Trd, 4319996.043, 135
Trd, 4319996.693, 140
Trd, 4319996.743, 107
Trd, 4319997.343, 115
Trd, 4319998.943, 89
Trd, 4319999.843, 61
