Trd, 4318152.393, 93
Trd, 4318153.193, 104
Trd, 4318154.093, 91
Trd, 4318154.293, 119
Trd, 4318154.343, 89
Trd, 4318154.443, 87
Trd, 4318156.193, 112
Trd, 4318156.843, 83
Trd, 4318157.893, 71
Trd, 4318159.443, 96
Trd, 4318159.693, 94
Trd, 4318160.343, 134
Trd, 4318160.893, 95
Trd, 4318160.993, 94
Trd, 4318161.193, 75
Trd, 4318161.943, 140
Trd, 4318162.443, 121
Trd, 4318162.793, 100
Trd, 4318163.043, 137
Trd, 4318165.343, 132
Trd, 4318165.393, 126
Trd, 4318166.093, 103
Trd, 4318167.443, 104
Trd, 4318167.943, 105
Trd, 4318168.343, 111
Trd, 4318168.443, 104
Trd, 4318168.543, 97
Trd, 4318169.493, 133
Trd, 4318169.543, 75
Trd, 4318170.143, 135
Trd, 4318171.293, 65
Trd, 4318173.293, 128
Trd, 4318173.993, 111
Trd, 4318174.143, 111
Trd, 4318174.693, 93
Trd, 4318174.743, 73
Trd, 4318175.843, 114
Trd, 4318176.393, 108
Trd, 4318176.593, 93
Trd, 4318176.743, 76
Trd, 4318177.493, 78
Trd, 4318178.343, 133
Trd, 4318179.443, 81
Trd, 4318179.543, 97
Trd, 4318181.243, 121
Trd, 4318181.393, 107
Trd, 4318181.593, 85
Trd, 4318182.143, 88
Trd, 4318183.693, 69
Trd, 4318184.143, 122
Trd, 4318184.293, 122
Trd, 4318185.143, 69
Trd, 4318185.393, 99
Trd, 4318185.943, 100
Trd, 4318186.193, 111
Trd, 4318187.593, 88
Trd, 4318188.543, 99
Trd, 4318188.743, 96
Trd, 4318189.193, 109
Trd, 4318189.293, 108
Trd, 4318190.043, 92
Trd, 4318190.893, 111
Trd, 4318191.793, 138
Trd, 4318192.093, 98
Trd, 4318192.443, 111
Trd, 4318193.193, 94
Trd, 4318193.643, 73
Trd, 4318194.243, 71
Trd, 4318194.643, 81
Trd, 4318196.043, 71
Trd, 4318197.043, 93
Trd, 4318198.343, 75
Trd, 4318198.843, 87
Trd, 4318199.093, 129
Trd, 4318200.743, 91
Trd, 4318200.843, 90
Trd, 4318200.993, 70
Trd, 4318202.293, 64
Trd, 4318203.443, 64
Trd, 4318203.643, 65
Trd, 4318204.543, 67
Trd, 4318205.143, 104
Trd, 4318205.443, 99
Trd, 4318205.843, 85
Trd, 4318206.793, 67
Trd, 4318207.543, 83
Trd, 4318207.943, 83
Trd, 4318208.443, 61
Trd, 4318210.543, 71
Trd, 4318211.193, 66
Trd, 4318212.143, 98
Trd, 4318213.243, 140
Trd, 4318213.293, 137
Trd, 4318214.043, 136
Trd, 4318214.093, 136
Trd, 4318215.093, 108
Trd, 4318215.843, 96
Trd, 4318216.893, 113
Trd, 4318217.043, 99
Trd, 4318217.443, 115
Trd, 4318217.843, 99
Trd, 4318218.493, 121
Trd, 4318218.843, 120
Trd, 4318219.943, 112
Trd, 4318221.243, 79
Trd, 4318221.293, 76
Trd, 4318222.343, 88
Trd, 4318222.743, 128
Trd, 4318223.393, 92
Trd, 4318224.143, 60
Trd, 4318224.743, 61
Trd, 4318226.193, 140
Trd, 4318226.243, 139
Trd, 4318226.743, 72
Trd, 4318227.693, 66
Trd, 4318227.893, 61
Trd, 4318229.043, 63
Trd, 4318229.593, 75
Trd, 4318230.293, 64
Trd, 4318231.143, 133
Trd, 4318231.693, 111
Trd, 4318231.993, 99
Trd, 4318232.993, 72
Trd, 4318233.093, 118
Trd, 4318235.043, 63
Trd, 4318235.343, 61
Trd, 4318236.593, 71
Trd, 4318237.393, 66
Trd, 4318237.543, 66
Trd, 4318238.793, 96
Trd, 4318239.493, 128
Trd, 4318239.843, 87
Trd, 4318240.293, 70
Trd, 4318240.593, 79
Trd, 4318241.893, 76
Trd, 4318243.243, 61
Trd, 4318243.993, 63
Trd, 4318244.543, 80
Trd, 4318244.993, 65
Trd, 4318245.843, 95
Trd, 4318246.693, 116
Trd, 4318246.843, 109
Trd, 4318247.093, 90
Trd, 4318247.793, 86
Trd, 4318248.643, 116
Trd, 4318249.543, 84
Trd, 4318249.643, 78
Trd, 4318250.043, 62
Trd, 4318250.393, 61
Trd, 4318251.243, 60
Trd, 4318251.843, 122
Trd, 4318253.393, 129
Trd, 4318255.443, 64
Trd, 4318256.493, 75
Trd, 4318257.293, 68
Trd, 4318258.193, 68
Trd, 4318258.693, 69
Trd, 4318258.743, 132
Trd, 4318259.193, 93
Trd, 4318259.493, 66
Trd, 4318259.793, 60
Trd, 4318260.393, 140
Trd, 4318260.893, 140
Trd, 4318261.693, 84
Trd, 4318262.893, 116
Trd, 4318263.193, 73
Trd, 4318264.493, 67
Trd, 4318265.593, 64
Trd, 4318266.943, 111
Trd, 4318267.843, 101
Trd, 4318268.393, 109
Trd, 4318268.693, 87
Trd, 4318268.943, 85
Trd, 4318269.343, 125
Trd, 4318269.393, 77
Trd, 4318271.393, 137
Trd, 4318271.843, 96
Trd, 4318273.493, 87
Trd, 4318273.943, 82
Trd, 4318274.593, 72
Trd, 4318274.643, 71
Trd, 4318274.893, 95
Trd, 4318275.093, 72
Trd, 4318275.393, 123
Trd, 4318275.793, 63
Trd, 4318277.393, 70
Trd, 4318279.343, 74
Trd, 4318280.043, 67
Trd, 4318281.193, 74
Trd, 4318281.393, 72
Trd, 4318281.443, 70
Trd, 4318282.443, 68
Trd, 4318282.743, 72
Trd, 4318283.293, 94
Trd, 4318283.643, 90
Trd, 4318283.943, 137
Trd, 4318284.793, 76
Trd, 4318285.993, 138
Trd, 4318286.093, 91
Trd, 4318286.143, 75
Trd, 4318286.593, 106
Trd, 4318287.243, 106
Trd, 4318289.343, 105
Trd, 4318289.543, 92
Trd, 4318289.843, 82
Trd, 4318290.443, 106
Trd, 4318291.543, 133
Trd, 4318292.943, 106
Trd, 4318293.293, 102
Trd, 4318293.993, 124
Trd, 4318295.293, 100
Trd, 4318295.343, 100
Trd, 4318295.393, 95
Trd, 4318295.693, 76
Trd, 4318296.343, 91
Trd, 4318297.393, 98
Trd, 4318297.893, 60
Trd, 4318298.943, 107
Trd, 4318299.043, 106
Trd, 4318299.943, 111
Trd, 4318300.643, 124
Trd, 4318301.093, 116
Trd, 4318301.843, 100
Trd, 4318302.143, 81
Trd, 4318303.043, 127
Trd, 4318304.043, 127
Trd, 4318304.343, 125
Trd, 4318304.593, 118
Trd, 4318305.293, 82
Trd, 4318306.193, 100
Trd, 4318306.993, 95
Trd, 4318307.393, 94
Trd, 4318308.043, 95
Trd, 4318308.193, 94
Trd, 4318308.593, 70
Trd, 4318308.843, 135
Trd, 4318310.543, 67
Trd, 4318310.793, 112
Trd, 4318311.193, 82
Trd, 4318313.593, 88
Trd, 4318314.943, 62
Trd, 4318315.743, 60
Trd, 4318316.543, 78
Trd, 4318317.343, 136
Trd, 4318317.793, 80
Trd, 4318318.343, 68
Trd, 4318318.993, 74
Trd, 4318320.193, 76
Trd, 4318320.293, 75
Trd, 4318320.893, 77
Trd, 4318321.393, 84
Trd, 4318322.393, 69
Trd, 4318322.493, 85
Trd, 4318323.643, 72
Trd, 4318324.193, 80
Trd, 4318324.543, 92
Trd, 4318324.893, 124
Trd, 4318325.793, 110
Trd, 4318326.893, 116
Trd, 4318327.143, 115
Trd, 4318328.293, 112
Trd, 4318330.243, 136
Trd, 4318330.343, 120
Trd, 4318330.443, 94
Trd, 4318331.243, 70
Trd, 4318332.043, 133
Trd, 4318332.543, 109
Trd, 4318332.843, 134
Trd, 4318333.043, 108
Trd, 4318334.043, 68
Trd, 4318334.793, 87
Trd, 4318335.293, 94
Trd, 4318336.993, 99
Trd, 4318337.143, 120
Trd, 4318337.193, 72
Trd, 4318337.993, 91
Trd, 4318338.093, 64
Trd, 4318339.743, 79
Trd, 4318340.293, 98
Trd, 4318341.293, 140
Trd, 4318341.593, 108
Trd, 4318342.193, 85
Trd, 4318343.243, 89
Trd, 4318343.893, 82
Trd, 4318344.443, 74
Trd, 4318344.843, 96
Trd, 4318345.643, 86
Trd, 4318345.993, 85
Trd, 4318346.743, 62
Trd, 4318347.193, 64
Trd, 4318347.993, 88
Trd, 4318349.743, 97
Trd, 4318349.843, 83
Trd, 4318350.193, 129
Trd, 4318350.843, 140
Trd, 4318351.893, 139
Trd, 4318351.943, 85
Trd, 4318353.343, 118
Trd, 4318353.593, 121
Trd, 4318354.093, 118
Trd, 4318354.993, 139
Trd, 4318355.443, 138
Trd, 4318356.293, 131
Trd, 4318356.543, 101
Trd, 4318356.693, 97
Trd, 4318357.143, 94
Trd, 4318358.393, 94
Trd, 4318358.993, 86
Trd, 4318359.843, 115
Trd, 4318361.143, 107
Trd, 4318361.293, 104
Trd, 4318362.843, 106
Trd, 4318364.693, 95
Trd, 4318365.193, 98
Trd, 4318365.443, 96
Trd, 4318365.493, 110
Trd, 4318366.393, 94
Trd, 4318366.443, 94
Trd, 4318366.943, 98
Trd, 4318367.243, 133
Trd, 4318368.443, 116
Trd, 4318368.743, 114
Trd, 4318370.543, 119
Trd, 4318370.593, 114
Trd, 4318371.543, 80
Trd, 4318372.143, 75
Trd, 4318372.743, 70
Trd, 4318373.393, 119
Trd, 4318374.143, 68
Trd, 4318375.643, 68
Trd, 4318376.693, 66
Trd, 4318377.343, 82
Trd, 4318378.393, 132
Trd, 4318378.693, 117
Trd, 4318378.743, 101
Trd, 4318379.293, 74
Trd, 4318379.493, 85
Trd, 4318380.343, 73
Trd, 4318380.593, 68
Trd, 4318380.693, 81
Trd, 4318381.743, 83
Trd, 4318382.293, 108
Trd, 4318383.443, 78
Trd, 4318383.893, 99
Trd, 4318383.993, 122
Trd, 4318384.793, 68
Trd, 4318385.993, 64
Trd, 4318386.693, 73
Trd, 4318387.443, 82
Trd, 4318387.693, 102
Trd, 4318387.893, 86
Trd, 4318389.243, 70
Trd, 4318389.743, 74
Trd, 4318389.843, 76
Trd, 4318391.343, 61
Trd, 4318392.993, 76
Trd, 4318393.243, 66
Trd, 4318393.743, 76
Trd, 4318393.793, 64
Trd, 4318394.493, 86
Trd, 4318394.793, 99
Trd, 4318395.443, 80
Trd, 4318395.693, 102
Trd, 4318396.393, 87
Trd, 4318397.843, 121
Trd, 4318398.093, 80
Trd, 4318398.143, 78
Trd, 4318399.443, 79
Trd, 4318400.443, 64
Trd, 4318400.843, 98
Trd, 4318401.493, 76
Trd, 4318402.893, 70
Trd, 4318403.693, 62
Trd, 4318403.943, 60
Trd, 4318405.143, 92
Trd, 4318405.343, 115
Trd, 4318405.443, 92
Trd, 4318406.543, 106
Trd, 4318407.943, 62
Trd, 4318407.993, 63
Trd, 4318408.393, 67
Trd, 4318409.493, 103
Trd, 4318410.093, 89
Trd, 4318410.593, 62
Trd, 4318410.993, 69
Trd, 4318412.043, 80
Trd, 4318412.493, 70
Trd, 4318412.793, 85
Trd, 4318413.393, 62
Trd, 4318415.093, 62
Trd, 4318415.193, 123
Trd, 4318416.493, 79
Trd, 4318417.443, 98
Trd, 4318417.543, 97
Trd, 4318417.793, 93
Trd, 4318418.443, 73
Trd, 4318419.543, 101
Trd, 4318419.793, 79
Trd, 4318420.193, 83
Trd, 4318421.643, 80
Trd, 4318421.793, 85
Trd, 4318421.893, 79
Trd, 4318422.243, 79
Trd, 4318422.893, 84
Trd, 4318423.593, 85
Trd, 4318425.243, 80
Trd, 4318425.343, 106
Trd, 4318426.993, 76
Trd, 4318427.743, 69
Trd, 4318428.943, 70
Trd, 4318429.543, 62
Trd, 4318430.093, 64
Trd, 4318430.493, 116
Trd, 4318430.593, 89
Trd, 4318431.243, 83
Trd, 4318431.443, 82
Trd, 4318432.793, 136
Trd, 4318432.993, 100
Trd, 4318434.143, 90
Trd, 4318434.593, 72
Trd, 4318434.693, 64
Trd, 4318435.843, 92
Trd, 4318436.743, 69
Trd, 4318437.343, 88
Trd, 4318437.643, 67
Trd, 4318438.593, 68
Trd, 4318439.093, 81
Trd, 4318440.343, 126
Trd, 4318440.593, 98
Trd, 4318440.643, 97
Trd, 4318440.693, 112
Trd, 4318442.043, 139
Trd, 4318442.343, 124
Trd, 4318442.643, 124
Trd, 4318442.943, 81
Trd, 4318444.293, 87
Trd, 4318445.243, 85
Trd, 4318445.993, 69
Trd, 4318447.443, 63
Trd, 4318448.143, 74
Trd, 4318448.393, 69
Trd, 4318449.893, 64
Trd, 4318450.643, 72
Trd, 4318450.893, 84
Trd, 4318451.343, 116
Trd, 4318451.793, 110
Trd, 4318452.343, 94
Trd, 4318452.543, 88
Trd, 4318453.143, 74
Trd, 4318453.243, 70
Trd, 4318453.593, 78
Trd, 4318454.943, 71
Trd, 4318455.943, 62
Trd, 4318457.593, 65
Trd, 4318457.643, 74
Trd, 4318458.543, 71
Trd, 4318459.143, 74
Trd, 4318459.893, 127
Trd, 4318460.643, 76
Trd, 4318461.293, 115
Trd, 4318462.043, 104
Trd, 4318462.593, 113
Trd, 4318464.243, 104
Trd, 4318464.293, 84
Trd, 4318465.593, 83
Trd, 4318467.043, 81
Trd, 4318467.443, 80
Trd, 4318467.743, 88
Trd, 4318468.643, 82
Trd, 4318469.043, 87
Trd, 4318469.093, 86
Trd, 4318470.443, 60
Trd, 4318470.693, 62
Trd, 4318471.943, 86
Trd, 4318472.443, 86
Trd, 4318473.543, 93
Trd, 4318473.643, 89
Trd, 4318475.593, 86
Trd, 4318475.943, 86
Trd, 4318476.093, 76
Trd, 4318476.293, 86
Trd, 4318476.593, 63
Trd, 4318477.693, 124
Trd, 4318477.843, 87
Trd, 4318478.443, 69
Trd, 4318479.143, 121
Trd, 4318479.593, 124
Trd, 4318480.093, 124
Trd, 4318480.993, 109
Trd, 4318482.193, 82
Trd, 4318483.093, 91
Trd, 4318484.743, 117
Trd, 4318485.043, 133
Trd, 4318485.443, 107
Trd, 4318485.793, 106
Trd, 4318486.243, 133
Trd, 4318486.643, 78
Trd, 4318486.893, 92
Trd, 4318488.193, 120
Trd, 4318488.443, 95
Trd, 4318489.393, 96
Trd, 4318490.343, 109
Trd, 4318490.443, 108
Trd, 4318491.843, 124
Trd, 4318491.893, 122
Trd, 4318492.693, 128
Trd, 4318493.243, 111
Trd, 4318493.543, 109
Trd, 4318493.843, 115
Trd, 4318494.893, 121
Trd, 4318495.393, 120
Trd, 4318495.793, 87
Trd, 4318495.993, 62
Trd, 4318497.643, 74
Trd, 4318497.693, 78
Trd, 4318497.793, 90
Trd, 4318499.693, 105
Trd, 4318499.993, 74
Trd, 4318500.343, 74
Trd, 4318500.643, 119
Trd, 4318501.543, 74
Trd, 4318501.943, 121
Trd, 4318502.243, 107
Trd, 4318502.543, 87
Trd, 4318503.293, 85
Trd, 4318503.593, 84
Trd, 4318505.393, 90
Trd, 4318505.993, 69
Trd, 4318506.243, 94
Trd, 4318506.793, 79
Trd, 4318508.243, 60
Trd, 4318508.743, 63
Trd, 4318510.643, 88
Trd, 4318511.143, 118
Trd, 4318511.493, 108
Trd, 4318511.543, 108
Trd, 4318513.243, 139
Trd, 4318514.343, 137
Trd, 4318514.693, 136
Trd, 4318515.293, 115
Trd, 4318515.993, 101
Trd, 4318516.143, 80
Trd, 4318516.743, 134
Trd, 4318517.393, 116
Trd, 4318517.643, 62
Trd, 4318519.093, 81
Trd, 4318519.743, 64
Trd, 4318520.093, 89
Trd, 4318520.943, 93
Trd, 4318521.143, 89
Trd, 4318522.543, 136
Trd, 4318522.743, 119
Trd, 4318522.993, 138
Trd, 4318523.593, 94
Trd, 4318524.193, 65
Trd, 4318525.243, 67
Trd, 4318525.643, 72
Trd, 4318526.693, 66
Trd, 4318527.343, 92
Trd, 4318528.293, 74
Trd, 4318528.993, 81
Trd, 4318529.543, 78
Trd, 4318529.743, 132
Trd, 4318530.143, 118
Trd, 4318530.643, 118
Trd, 4318531.143, 118
Trd, 4318532.243, 101
Trd, 4318532.593, 104
Trd, 4318533.243, 133
Trd, 4318533.443, 67
Trd, 4318533.993, 61
Trd, 4318535.443, 62
Trd, 4318535.593, 65
Trd, 4318536.693, 70
Trd, 4318537.093, 94
Trd, 4318538.093, 135
Trd, 4318539.193, 125
Trd, 4318540.193, 125
Trd, 4318540.243, 122
Trd, 4318540.743, 120
Trd, 4318542.343, 106
Trd, 4318542.593, 126
Trd, 4318543.743, 110
Trd, 4318544.493, 118
Trd, 4318544.543, 103
Trd, 4318546.093, 97
Trd, 4318546.843, 98
Trd, 4318546.993, 95
Trd, 4318547.243, 85
Trd, 4318549.593, 92
Trd, 4318550.193, 92
Trd, 4318550.243, 133
Trd, 4318550.743, 91
Trd, 4318551.043, 91
Trd, 4318551.443, 117
Trd, 4318552.293, 101
Trd, 4318552.693, 117
Trd, 4318554.143, 118
Trd, 4318554.643, 117
Trd, 4318555.243, 102
Trd, 4318556.893, 136
Trd, 4318557.043, 134
Trd, 4318557.493, 133
Trd, 4318557.543, 133
Trd, 4318558.943, 139
Trd, 4318559.793, 139
Trd, 4318559.943, 121
Trd, 4318560.693, 112
Trd, 4318561.593, 138
Trd, 4318561.743, 128
Trd, 4318562.593, 136
Trd, 4318562.743, 115
Trd, 4318562.893, 118
Trd, 4318563.243, 96
Trd, 4318564.293, 76
Trd, 4318564.943, 99
Trd, 4318565.793, 71
Trd, 4318566.593, 83
Trd, 4318566.743, 124
Trd, 4318566.993, 90
Trd, 4318567.293, 82
Trd, 4318569.343, 140
Trd, 4318569.593, 140
Trd, 4318570.193, 113
Trd, 4318570.293, 94
Trd, 4318570.643, 128
Trd, 4318571.893, 67
Trd, 4318571.943, 107
Trd, 4318572.643, 127
Trd, 4318574.293, 61
Trd, 4318575.343, 64
Trd, 4318575.643, 81
Trd, 4318576.393, 76
Trd, 4318576.943, 64
Trd, 4318577.293, 86
Trd, 4318577.543, 73
Trd, 4318577.843, 117
Trd, 4318578.043, 103
Trd, 4318578.593, 71
Trd, 4318579.393, 110
Trd, 4318580.593, 61
Trd, 4318582.443, 65
Trd, 4318584.593, 61
Trd, 4318585.493, 61
Trd, 4318585.793, 66
Trd, 4318586.393, 78
Trd, 4318586.643, 84
Trd, 4318588.493, 77
Trd, 4318588.793, 66
Trd, 4318589.093, 104
Trd, 4318589.293, 66
Trd, 4318589.843, 65
Trd, 4318590.743, 91
Trd, 4318591.093, 95
Trd, 4318591.343, 94
Trd, 4318591.393, 90
Trd, 4318592.393, 72
Trd, 4318592.893, 71
Trd, 4318593.643, 82
Trd, 4318594.993, 79
Trd, 4318596.143, 77
Trd, 4318596.343, 65
Trd, 4318596.493, 83
Trd, 4318597.743, 64
Trd, 4318599.243, 72
Trd, 4318599.743, 60
Trd, 4318600.243, 67
Trd, 4318601.593, 68
Trd, 4318601.843, 65
Trd, 4318603.243, 65
Trd, 4318603.493, 103
Trd, 4318604.693, 65
Trd, 4318604.893, 85
Trd, 4318605.693, 82
Trd, 4318606.093, 114
Trd, 4318606.593, 128
Trd, 4318607.443, 79
Trd, 4318607.543, 97
Trd, 4318607.843, 77
Trd, 4318608.443, 77
Trd, 4318608.793, 65
Trd, 4318609.343, 125
Trd, 4318610.643, 134
Trd, 4318610.693, 89
Trd, 4318611.343, 64
Trd, 4318611.543, 107
Trd, 4318612.393, 101
Trd, 4318613.693, 66
Trd, 4318613.993, 64
Trd, 4318616.443, 70
Trd, 4318617.443, 140
Trd, 4318617.743, 133
Trd, 4318617.793, 123
Trd, 4318618.293, 92
Trd, 4318618.643, 71
Trd, 4318619.443, 69
Trd, 4318620.343, 111
Trd, 4318620.693, 111
Trd, 4318620.993, 110
Trd, 4318621.193, 116
Trd, 4318621.543, 79
Trd, 4318622.993, 79
Trd, 4318623.693, 109
Trd, 4318624.193, 128
Trd, 4318624.343, 109
Trd, 4318625.293, 93
Trd, 4318625.443, 94
Trd, 4318625.793, 91
Trd, 4318627.243, 115
Trd, 4318627.343, 78
Trd, 4318628.043, 110
Trd, 4318628.693, 136
Trd, 4318629.043, 102
Trd, 4318631.243, 67
Trd, 4318632.143, 112
Trd, 4318632.393, 71
Trd, 4318633.493, 75
Trd, 4318633.993, 73
Trd, 4318634.343, 71
Trd, 4318634.793, 110
Trd, 4318635.043, 110
Trd, 4318635.243, 84
Trd, 4318636.843, 140
Trd, 4318637.043, 139
Trd, 4318638.143, 117
Trd, 4318639.993, 112
Trd, 4318640.793, 112
Trd, 4318640.943, 103
Trd, 4318641.493, 92
Trd, 4318642.093, 128
Trd, 4318644.043, 82
Trd, 4318644.193, 87
Trd, 4318644.243, 63
Trd, 4318644.293, 102
Trd, 4318645.943, 97
Trd, 4318646.493, 96
Trd, 4318647.093, 90
Trd, 4318647.543, 100
Trd, 4318648.543, 137
Trd, 4318648.843, 136
Trd, 4318649.843, 99
Trd, 4318650.343, 93
Trd, 4318650.843, 80
Trd, 4318651.293, 92
Trd, 4318652.643, 102
Trd, 4318653.143, 106
Trd, 4318653.193, 92
Trd, 4318653.593, 102
Trd, 4318654.043, 76
Trd, 4318654.093, 75
Trd, 4318654.393, 63
Trd, 4318656.193, 117
Trd, 4318656.493, 136
Trd, 4318657.243, 80
Trd, 4318657.443, 63
Trd, 4318658.093, 76
Trd, 4318658.443, 75
Trd, 4318659.443, 113
Trd, 4318661.793, 130
Trd, 4318662.793, 121
Trd, 4318663.093, 120
Trd, 4318663.443, 113
Trd, 4318663.593, 103
Trd, 4318663.793, 112
Trd, 4318665.043, 104
Trd, 4318665.093, 104
Trd, 4318665.843, 130
Trd, 4318667.343, 119
Trd, 4318668.543, 85
Trd, 4318669.193, 110
Trd, 4318669.593, 104
Trd, 4318670.193, 97
Trd, 4318671.043, 127
Trd, 4318671.193, 119
Trd, 4318672.593, 114
Trd, 4318672.793, 108
Trd, 4318672.893, 116
Trd, 4318673.093, 85
Trd, 4318674.043, 100
Trd, 4318674.293, 99
Trd, 4318674.993, 107
Trd, 4318676.543, 95
Trd, 4318676.843, 89
Trd, 4318676.893, 109
Trd, 4318678.443, 136
Trd, 4318678.543, 129
Trd, 4318679.193, 124
Trd, 4318679.543, 120
Trd, 4318679.643, 119
Trd, 4318680.743, 110
Trd, 4318683.043, 64
Trd, 4318684.093, 62
Trd, 4318684.243, 63
Trd, 4318685.143, 61
Trd, 4318686.043, 120
Trd, 4318686.493, 96
Trd, 4318686.993, 86
Trd, 4318687.543, 80
Trd, 4318687.743, 71
Trd, 4318688.493, 99
Trd, 4318688.743, 94
Trd, 4318689.593, 121
Trd, 4318690.193, 99
Trd, 4318691.343, 110
Trd, 4318692.443, 62
Trd, 4318693.293, 66
Trd, 4318693.643, 66
Trd, 4318694.243, 121
Trd, 4318695.243, 106
Trd, 4318696.193, 132
Trd, 4318697.543, 95
Trd, 4318697.593, 95
Trd, 4318698.493, 98
Trd, 4318698.843, 107
Trd, 4318698.893, 124
Trd, 4318699.493, 137
Trd, 4318699.743, 138
Trd, 4318700.043, 76
Trd, 4318701.043, 140
Trd, 4318701.293, 108
Trd, 4318701.993, 100
Trd, 4318702.443, 102
Trd, 4318703.693, 92
Trd, 4318704.143, 105
Trd, 4318704.293, 104
Trd, 4318705.143, 89
Trd, 4318706.443, 60
Trd, 4318707.593, 112
Trd, 4318708.093, 113
Trd, 4318708.643, 120
Trd, 4318708.743, 120
Trd, 4318709.543, 116
Trd, 4318710.193, 140
Trd, 4318710.293, 118
Trd, 4318712.043, 87
Trd, 4318712.293, 93
Trd, 4318713.093, 102
Trd, 4318713.293, 100
Trd, 4318714.993, 92
Trd, 4318715.043, 98
Trd, 4318715.143, 92
Trd, 4318715.293, 90
Trd, 4318716.293, 75
Trd, 4318717.743, 72
Trd, 4318717.843, 70
Trd, 4318717.893, 69
Trd, 4318718.943, 64
Trd, 4318719.043, 73
Trd, 4318719.543, 83
Trd, 4318721.243, 72
Trd, 4318721.743, 85
Trd, 4318722.793, 60
Trd, 4318722.843, 69
Trd, 4318723.293, 85
Trd, 4318723.493, 101
Trd, 4318724.893, 68
Trd, 4318725.043, 127
Trd, 4318725.693, 109
Trd, 4318725.993, 115
Trd, 4318726.243, 94
Trd, 4318727.843, 65
Trd, 4318728.143, 88
Trd, 4318728.643, 79
Trd, 4318729.743, 79
Trd, 4318730.543, 107
Trd, 4318731.993, 97
Trd, 4318732.243, 94
Trd, 4318732.393, 84
Trd, 4318732.993, 122
Trd, 4318733.393, 76
Trd, 4318734.643, 64
Trd, 4318736.093, 67
Trd, 4318736.343, 83
Trd, 4318737.043, 124
Trd, 4318737.393, 106
Trd, 4318737.543, 105
Trd, 4318737.593, 117
Trd, 4318737.843, 91
Trd, 4318738.993, 89
Trd, 4318740.343, 89
Trd, 4318740.843, 89
Trd, 4318740.993, 88
Trd, 4318741.043, 85
Trd, 4318741.543, 75
Trd, 4318741.843, 77
Trd, 4318743.243, 100
Trd, 4318743.843, 106
Trd, 4318746.043, 104
Trd, 4318746.493, 102
Trd, 4318747.193, 102
Trd, 4318749.393, 97
Trd, 4318750.043, 111
Trd, 4318750.193, 109
Trd, 4318750.543, 98
Trd, 4318750.693, 97
Trd, 4318750.743, 95
Trd, 4318751.093, 73
Trd, 4318751.393, 136
Trd, 4318751.843, 68
Trd, 4318753.043, 93
Trd, 4318753.393, 115
Trd, 4318754.593, 88
Trd, 4318755.393, 80
Trd, 4318755.543, 84
Trd, 4318756.493, 60
Trd, 4318756.643, 76
Trd, 4318757.143, 61
Trd, 4318758.243, 135
Trd, 4318758.293, 101
Trd, 4318759.143, 69
Trd, 4318760.393, 82
Trd, 4318760.743, 81
Trd, 4318763.043, 103
Trd, 4318763.543, 128
Trd, 4318763.943, 106
Trd, 4318764.193, 106
Trd, 4318765.543, 135
Trd, 4318765.643, 134
Trd, 4318766.043, 99
Trd, 4318766.493, 89
Trd, 4318767.693, 95
Trd, 4318768.093, 79
Trd, 4318769.043, 96
Trd, 4318769.343, 76
Trd, 4318771.343, 128
Trd, 4318771.793, 87
Trd, 4318772.443, 88
Trd, 4318773.193, 115
Trd, 4318773.443, 129
Trd, 4318773.793, 127
Trd, 4318773.943, 88
Trd, 4318774.443, 113
Trd, 4318775.893, 62
Trd, 4318776.443, 76
Trd, 4318777.493, 75
Trd, 4318777.643, 79
Trd, 4318779.443, 133
Trd, 4318779.743, 134
Trd, 4318780.043, 132
Trd, 4318780.393, 134
Trd, 4318780.643, 118
Trd, 4318781.493, 137
Trd, 4318781.893, 136
Trd, 4318782.743, 115
Trd, 4318782.843, 81
Trd, 4318784.643, 124
Trd, 4318784.743, 98
Trd, 4318785.893, 100
Trd, 4318786.043, 123
Trd, 4318787.093, 134
Trd, 4318788.093, 122
Trd, 4318788.193, 97
Trd, 4318788.243, 90
Trd, 4318789.343, 89
Trd, 4318789.443, 91
Trd, 4318789.893, 91
Trd, 4318790.993, 100
Trd, 4318791.293, 91
Trd, 4318791.493, 89
Trd, 4318793.743, 130
Trd, 4318794.093, 138
Trd, 4318794.193, 120
Trd, 4318795.993, 135
Trd, 4318796.643, 124
Trd, 4318796.693, 124
Trd, 4318797.543, 105
Trd, 4318797.793, 114
Trd, 4318798.743, 122
Trd, 4318798.993, 113
Trd, 4318799.493, 69
Trd, 4318799.543, 83
Trd, 4318800.793, 74
Trd, 4318801.543, 124
Trd, 4318801.843, 62
Trd, 4318802.693, 74
Trd, 4318803.393, 87
Trd, 4318804.393, 66
Trd, 4318805.243, 80
Trd, 4318806.293, 83
Trd, 4318806.693, 95
Trd, 4318807.593, 79
Trd, 4318808.143, 79
Trd, 4318808.643, 79
Trd, 4318808.993, 114
Trd, 4318809.443, 105
Trd, 4318809.643, 80
Trd, 4318810.943, 101
Trd, 4318812.043, 71
Trd, 4318812.443, 111
Trd, 4318813.543, 134
Trd, 4318814.193, 106
Trd, 4318814.343, 111
Trd, 4318814.593, 105
Trd, 4318815.493, 113
Trd, 4318816.493, 94
Trd, 4318817.093, 96
Trd, 4318817.293, 128
Trd, 4318819.343, 104
Trd, 4318819.443, 107
Trd, 4318820.143, 111
Trd, 4318820.193, 97
Trd, 4318821.243, 100
Trd, 4318821.443, 71
Trd, 4318822.943, 103
Trd, 4318823.093, 86
Trd, 4318823.443, 94
Trd, 4318823.743, 78
Trd, 4318825.393, 124
Trd, 4318825.843, 73
Trd, 4318826.393, 75
Trd, 4318827.043, 66
Trd, 4318828.193, 86
Trd, 4318828.543, 86
Trd, 4318828.743, 86
Trd, 4318828.943, 85
Trd, 4318829.243, 75
Trd, 4318829.843, 65
Trd, 4318831.443, 135
Trd, 4318831.493, 128
Trd, 4318832.093, 78
Trd, 4318832.893, 80
Trd, 4318833.543, 111
Trd, 4318834.893, 117
Trd, 4318835.093, 117
Trd, 4318835.593, 125
Trd, 4318836.093, 134
Trd, 4318836.243, 124
Trd, 4318837.293, 108
Trd, 4318837.393, 107
Trd, 4318837.893, 107
Trd, 4318838.193, 66
Trd, 4318838.943, 85
Trd, 4318839.393, 107
Trd, 4318840.293, 74
Trd, 4318841.493, 61
Trd, 4318841.693, 103
Trd, 4318843.243, 72
Trd, 4318843.443, 93
Trd, 4318844.143, 94
Trd, 4318845.743, 93
Trd, 4318846.393, 104
Trd, 4318846.643, 131
Trd, 4318846.843, 116
Trd, 4318848.543, 106
Trd, 4318848.943, 106
Trd, 4318849.393, 108
Trd, 4318849.443, 105
Trd, 4318849.493, 102
Trd, 4318849.993, 127
Trd, 4318850.343, 64
Trd, 4318851.493, 103
Trd, 4318851.993, 129
Trd, 4318854.293, 125
Trd, 4318855.643, 132
Trd, 4318855.843, 137
Trd, 4318856.443, 132
Trd, 4318856.543, 128
Trd, 4318856.593, 122
Trd, 4318857.543, 117
Trd, 4318858.843, 75
Trd, 4318859.793, 96
Trd, 4318860.193, 95
Trd, 4318860.693, 83
Trd, 4318860.943, 82
Trd, 4318861.893, 104
Trd, 4318862.943, 94
Trd, 4318864.543, 111
Trd, 4318865.543, 82
Trd, 4318866.243, 138
Trd, 4318867.993, 70
Trd, 4318869.043, 76
Trd, 4318869.543, 61
Trd, 4318869.993, 69
Trd, 4318870.343, 94
Trd, 4318870.693, 81
Trd, 4318871.143, 100
Trd, 4318872.293, 88
Trd, 4318872.643, 76
Trd, 4318873.043, 89
Trd, 4318873.793, 83
Trd, 4318875.743, 118
Trd, 4318875.793, 95
Trd, 4318876.543, 120
Trd, 4318876.593, 119
Trd, 4318877.093, 122
Trd, 4318877.543, 96
Trd, 4318879.443, 100
Trd, 4318880.543, 103
Trd, 4318880.643, 99
Trd, 4318880.843, 122
Trd, 4318881.243, 72
Trd, 4318882.193, 126
Trd, 4318882.293, 98
Trd, 4318882.743, 86
Trd, 4318883.593, 133
Trd, 4318883.793, 133
Trd, 4318884.543, 113
Trd, 4318885.143, 136
Trd, 4318885.793, 109
Trd, 4318887.393, 110
Trd, 4318887.743, 113
Trd, 4318887.943, 96
Trd, 4318888.443, 124
Trd, 4318888.543, 119
Trd, 4318889.293, 63
Trd, 4318890.093, 68
Trd, 4318891.193, 87
Trd, 4318892.743, 111
Trd, 4318892.943, 105
Trd, 4318893.343, 101
Trd, 4318894.593, 100
Trd, 4318894.743, 100
Trd, 4318894.793, 97
Trd, 4318897.493, 95
Trd, 4318897.543, 94
Trd, 4318897.793, 70
Trd, 4318898.043, 104
Trd, 4318898.893, 127
Trd, 4318899.193, 109
Trd, 4318900.093, 113
Trd, 4318901.293, 104
Trd, 4318901.543, 103
Trd, 4318901.693, 93
Trd, 4318901.743, 89
Trd, 4318901.993, 82
Trd, 4318903.543, 95
Trd, 4318905.393, 101
Trd, 4318906.193, 82
Trd, 4318906.393, 77
Trd, 4318906.843, 104
Trd, 4318907.593, 77
Trd, 4318907.993, 74
Trd, 4318908.493, 103
Trd, 4318909.093, 79
Trd, 4318909.743, 76
Trd, 4318912.343, 61
Trd, 4318912.493, 63
Trd, 4318912.793, 72
Trd, 4318912.993, 75
Trd, 4318913.493, 81
Trd, 4318914.193, 132
Trd, 4318915.493, 70
Trd, 4318915.543, 107
Trd, 4318916.143, 70
Trd, 4318917.943, 78
Trd, 4318918.893, 114
Trd, 4318918.993, 110
Trd, 4318919.093, 77
Trd, 4318920.493, 95
Trd, 4318921.093, 130
Trd, 4318922.593, 102
Trd, 4318922.743, 100
Trd, 4318922.993, 81
Trd, 4318923.893, 78
Trd, 4318923.943, 104
Trd, 4318924.393, 69
Trd, 4318925.343, 103
Trd, 4318925.393, 106
Trd, 4318925.943, 102
Trd, 4318926.243, 80
Trd, 4318926.543, 67
Trd, 4318927.893, 95
Trd, 4318928.793, 97
Trd, 4318928.993, 96
Trd, 4318930.293, 123
Trd, 4318931.043, 136
Trd, 4318931.893, 114
Trd, 4318931.943, 114
Trd, 4318933.493, 114
Trd, 4318933.743, 110
Trd, 4318933.993, 106
Trd, 4318934.093, 116
Trd, 4318934.793, 132
Trd, 4318935.243, 90
Trd, 4318935.993, 82
Trd, 4318937.043, 81
Trd, 4318937.843, 104
Trd, 4318938.043, 104
Trd, 4318938.143, 70
Trd, 4318939.693, 123
Trd, 4318939.793, 122
Trd, 4318940.143, 111
Trd, 4318940.243, 99
Trd, 4318941.443, 100
Trd, 4318941.743, 129
Trd, 4318942.893, 103
Trd, 4318943.293, 90
Trd, 4318943.443, 110
Trd, 4318943.693, 109
Trd, 4318944.443, 80
Trd, 4318944.793, 79
Trd, 4318947.243, 76
Trd, 4318947.493, 60
Trd, 4318948.543, 126
Trd, 4318948.843, 117
Trd, 4318949.393, 85
Trd, 4318949.543, 113
Trd, 4318950.793, 67
Trd, 4318952.043, 66
Trd, 4318952.093, 80
Trd, 4318953.243, 100
Trd, 4318953.543, 98
Trd, 4318954.243, 122
Trd, 4318954.443, 80
Trd, 4318955.293, 104
Trd, 4318956.593, 131
Trd, 4318956.943, 118
Trd, 4318957.593, 104
Trd, 4318957.943, 106
Trd, 4318959.143, 105
Trd, 4318960.793, 126
Trd, 4318960.893, 105
Trd, 4318961.393, 113
Trd, 4318961.543, 92
Trd, 4318962.343, 75
Trd, 4318963.593, 119
Trd, 4318964.043, 108
Trd, 4318964.093, 81
Trd, 4318965.143, 129
Trd, 4318966.093, 113
Trd, 4318967.093, 108
Trd, 4318968.093, 117
Trd, 4318968.493, 116
Trd, 4318968.693, 116
Trd, 4318968.843, 113
Trd, 4318969.993, 115
Trd, 4318970.893, 132
Trd, 4318971.893, 110
Trd, 4318972.993, 136
Trd, 4318973.343, 118
Trd, 4318973.593, 115
Trd, 4318973.693, 95
Trd, 4318974.693, 61
Trd, 4318975.393, 76
Trd, 4318975.743, 68
Trd, 4318976.443, 73
Trd, 4318976.493, 124
Trd, 4318976.893, 109
Trd, 4318977.793, 99
Trd, 4318979.693, 94
Trd, 4318980.493, 120
Trd, 4318981.893, 92
Trd, 4318982.293, 97
Trd, 4318982.643, 111
Trd, 4318982.743, 92
Trd, 4318983.543, 99
Trd, 4318983.743, 91
Trd, 4318983.993, 91
Trd, 4318984.843, 102
Trd, 4318985.243, 111
Trd, 4318985.693, 117
Trd, 4318986.343, 88
Trd, 4318987.843, 122
Trd, 4318988.043, 128
Trd, 4318989.343, 132
Trd, 4318989.443, 107
Trd, 4318989.993, 139
Trd, 4318990.593, 139
Trd, 4318990.793, 105
Trd, 4318990.943, 95
Trd, 4318992.293, 100
Trd, 4318993.093, 115
Trd, 4318993.643, 115
Trd, 4318994.443, 114
Trd, 4318994.543, 110
Trd, 4318994.593, 96
Trd, 4318995.543, 116
Trd, 4318996.043, 109
Trd, 4318997.143, 97
Trd, 4318998.393, 92
Trd, 4318998.593, 91
Trd, 4318998.843, 123
Trd, 4318999.893, 78
Trd, 4319001.393, 93
Trd, 4319001.443, 101
Trd, 4319002.143, 121
Trd, 4319002.943, 100
Trd, 4319003.693, 84
Trd, 4319004.243, 131
Trd, 4319005.893, 136
Trd, 4319005.993, 136
Trd, 4319006.443, 135
Trd, 4319007.393, 124
Trd, 4319007.493, 109
Trd, 4319008.143, 119
Trd, 4319008.493, 100
Trd, 4319008.843, 99
Trd, 4319009.643, 76
Trd, 4319011.093, 63
Trd, 4319011.743, 65
Trd, 4319012.443, 102
Trd, 4319013.343, 121
Trd, 4319013.393, 119
Trd, 4319014.493, 112
Trd, 4319014.643, 98
Trd, 4319015.093, 92
Trd, 4319015.743, 81
Trd, 4319017.193, 128
Trd, 4319017.793, 127
Trd, 4319017.893, 91
Trd, 4319018.543, 84
Trd, 4319020.393, 112
Trd, 4319020.593, 124
Trd, 4319020.943, 99
Trd, 4319021.793, 93
Trd, 4319021.843, 74
Trd, 4319022.593, 72
Trd, 4319023.393, 125
Trd, 4319023.743, 104
Trd, 4319024.143, 105
Trd, 4319025.193, 113
Trd, 4319025.943, 115
Trd, 4319026.593, 110
Trd, 4319027.243, 127
Trd, 4319027.443, 120
Trd, 4319028.743, 125
Trd, 4319029.093, 124
Trd, 4319029.843, 140
Trd, 4319031.643, 140
Trd, 4319032.443, 140
Trd, 4319032.493, 139
Trd, 4319032.643, 138
Trd, 4319032.943, 107
Trd, 4319033.643, 135
Trd, 4319033.943, 134
Trd, 4319034.993, 123
Trd, 4319035.093, 123
Trd, 4319035.493, 113
Trd, 4319035.693, 104
Trd, 4319035.993, 138
Trd, 4319036.543, 79
Trd, 4319037.093, 122
Trd, 4319038.343, 93
Trd, 4319038.993, 94
Trd, 4319039.293, 99
Trd, 4319040.143, 89
Trd, 4319040.693, 91
Trd, 4319041.793, 86
Trd, 4319042.393, 84
Trd, 4319042.993, 66
Trd, 4319043.293, 99
Trd, 4319044.493, 84
Trd, 4319045.393, 106
Trd, 4319045.843, 99
Trd, 4319046.243, 98
Trd, 4319046.843, 82
Trd, 4319047.043, 82
Trd, 4319047.693, 113
Trd, 4319048.493, 102
Trd, 4319049.893, 128
Trd, 4319050.093, 116
Trd, 4319050.393, 127
Trd, 4319050.943, 93
Trd, 4319051.393, 117
Trd, 4319051.793, 86
Trd, 4319053.143, 95
Trd, 4319053.593, 89
Trd, 4319053.843, 87
Trd, 4319054.343, 107
Trd, 4319054.593, 80
Trd, 4319055.443, 126
Trd, 4319055.693, 138
Trd, 4319056.093, 106
Trd, 4319058.043, 118
Trd, 4319058.893, 140
Trd, 4319059.843, 124
Trd, 4319060.143, 114
Trd, 4319060.893, 127
Trd, 4319061.243, 131
Trd, 4319061.543, 92
Trd, 4319062.993, 86
Trd, 4319064.193, 92
Trd, 4319064.643, 91
Trd, 4319064.993, 83
Trd, 4319066.343, 115
Trd, 4319067.743, 130
Trd, 4319068.343, 115
Trd, 4319069.693, 94
Trd, 4319069.743, 92
Trd, 4319069.843, 90
Trd, 4319069.993, 63
Trd, 4319071.643, 92
Trd, 4319072.743, 89
Trd, 4319073.543, 96
Trd, 4319073.943, 94
Trd, 4319074.093, 93
Trd, 4319074.893, 128
Trd, 4319075.243, 82
Trd, 4319075.893, 84
Trd, 4319076.193, 77
Trd, 4319076.993, 95
Trd, 4319078.243, 92
Trd, 4319078.543, 92
Trd, 4319079.443, 93
Trd, 4319081.443, 64
Trd, 4319081.543, 87
Trd, 4319082.043, 125
Trd, 4319082.793, 86
Trd, 4319083.693, 86
Trd, 4319083.843, 86
Trd, 4319084.293, 82
Trd, 4319086.443, 111
Trd, 4319086.493, 102
Trd, 4319087.343, 114
Trd, 4319087.743, 114
Trd, 4319087.993, 122
Trd, 4319088.443, 115
Trd, 4319088.743, 106
Trd, 4319088.993, 106
Trd, 4319089.343, 105
Trd, 4319090.493, 66
Trd, 4319091.793, 121
Trd, 4319092.093, 108
Trd, 4319093.343, 133
Trd, 4319093.643, 84
Trd, 4319094.443, 120
Trd, 4319095.793, 69
Trd, 4319096.143, 78
Trd, 4319096.393, 97
Trd, 4319096.743, 111
Trd, 4319097.043, 64
Trd, 4319098.743, 74
Trd, 4319099.693, 74
Trd, 4319100.293, 120
Trd, 4319100.893, 76
Trd, 4319101.343, 101
Trd, 4319101.443, 110
Trd, 4319101.743, 74
Trd, 4319103.643, 64
Trd, 4319104.943, 63
Trd, 4319105.793, 87
Trd, 4319106.243, 92
Trd, 4319107.193, 67
Trd, 4319107.593, 61
Trd, 4319108.493, 70
Trd, 4319109.043, 63
Trd, 4319109.193, 69
Trd, 4319109.593, 83
Trd, 4319109.843, 112
Trd, 4319111.193, 140
Trd, 4319112.093, 140
Trd, 4319112.143, 139
Trd, 4319112.593, 111
Trd, 4319113.393, 98
Trd, 4319113.793, 123
Trd, 4319113.893, 116
Trd, 4319114.143, 97
Trd, 4319116.493, 129
Trd, 4319116.743, 95
Trd, 4319117.093, 76
Trd, 4319117.193, 75
Trd, 4319119.093, 92
Trd, 4319121.093, 108
Trd, 4319121.593, 103
Trd, 4319122.043, 95
Trd, 4319122.193, 71
Trd, 4319122.943, 65
Trd, 4319123.543, 135
Trd, 4319124.093, 107
Trd, 4319125.093, 61
Trd, 4319126.943, 95
Trd, 4319127.243, 94
Trd, 4319127.293, 125
Trd, 4319127.893, 132
Trd, 4319128.293, 106
Trd, 4319128.393, 106
Trd, 4319128.893, 126
Trd, 4319129.743, 128
Trd, 4319130.643, 121
Trd, 4319130.793, 120
Trd, 4319132.693, 95
Trd, 4319133.193, 126
Trd, 4319133.393, 92
Trd, 4319133.993, 88
Trd, 4319134.493, 128
Trd, 4319135.843, 104
Trd, 4319135.943, 118
Trd, 4319137.293, 94
Trd, 4319137.693, 140
Trd, 4319138.493, 97
Trd, 4319138.643, 90
Trd, 4319140.093, 116
Trd, 4319140.443, 68
Trd, 4319141.443, 137
Trd, 4319142.443, 116
Trd, 4319144.243, 95
Trd, 4319144.443, 132
Trd, 4319144.543, 92
Trd, 4319145.893, 98
Trd, 4319146.093, 113
Trd, 4319146.193, 89
Trd, 4319146.993, 105
Trd, 4319147.943, 109
Trd, 4319148.993, 115
Trd, 4319149.043, 114
Trd, 4319149.993, 114
Trd, 4319150.393, 91
Trd, 4319150.593, 64
Trd, 4319150.943, 75
Trd, 4319152.093, 133
Trd, 4319154.243, 74
Trd, 4319154.693, 75
Trd, 4319155.193, 100
Trd, 4319156.343, 76
Trd, 4319156.443, 75
Trd, 4319157.343, 60
Trd, 4319157.843, 60
Trd, 4319158.193, 85
Trd, 4319159.293, 73
Trd, 4319160.493, 81
Trd, 4319160.643, 105
Trd, 4319160.893, 105
Trd, 4319161.843, 138
Trd, 4319162.993, 140
Trd, 4319163.193, 125
Trd, 4319163.493, 81
Trd, 4319163.643, 79
Trd, 4319164.943, 95
Trd, 4319165.043, 92
Trd, 4319165.743, 84
Trd, 4319166.143, 83
Trd, 4319166.543, 98
Trd, 4319167.543, 140
Trd, 4319167.943, 139
Trd, 4319169.093, 97
Trd, 4319169.893, 86
Trd, 4319170.543, 113
Trd, 4319170.743, 110
Trd, 4319170.943, 86
Trd, 4319172.693, 138
Trd, 4319172.843, 110
Trd, 4319172.893, 102
Trd, 4319174.243, 97
Trd, 4319174.293, 96
Trd, 4319175.393, 81
Trd, 4319176.143, 67
Trd, 4319177.143, 114
Trd, 4319177.693, 60
Trd, 4319179.493, 64
Trd, 4319179.993, 81
Trd, 4319180.143, 99
Trd, 4319180.593, 98
Trd, 4319180.693, 107
Trd, 4319183.943, 79
Trd, 4319184.443, 68
Trd, 4319184.643, 83
Trd, 4319184.993, 100
Trd, 4319185.393, 101
Trd, 4319185.543, 104
Trd, 4319185.943, 65
Trd, 4319186.993, 81
Trd, 4319187.543, 84
Trd, 4319188.143, 90
Trd, 4319189.343, 93
Trd, 4319189.793, 89
Trd, 4319190.643, 131
Trd, 4319190.943, 73
Trd, 4319191.743, 74
Trd, 4319191.843, 72
Trd, 4319193.943, 67
Trd, 4319194.043, 88
Trd, 4319195.143, 70
Trd, 4319195.493, 74
Trd, 4319196.843, 68
Trd, 4319196.993, 77
Trd, 4319197.343, 66
Trd, 4319197.693, 69
Trd, 4319197.993, 86
Trd, 4319198.593, 64
Trd, 4319199.343, 97
Trd, 4319199.443, 66
Trd, 4319200.143, 113
Trd, 4319200.943, 100
Trd, 4319202.793, 61
Trd, 4319203.293, 84
Trd, 4319203.993, 89
Trd, 4319204.293, 87
Trd, 4319204.893, 76
Trd, 4319205.643, 126
Trd, 4319206.593, 60
Trd, 4319206.993, 62
Trd, 4319209.493, 70
Trd, 4319210.143, 60
Trd, 4319210.643, 63
Trd, 4319211.243, 71
Trd, 4319211.943, 81
Trd, 4319211.993, 83
Trd, 4319212.243, 125
Trd, 4319212.593, 78
Trd, 4319214.093, 109
Trd, 4319214.843, 109
Trd, 4319215.543, 127
Trd, 4319215.893, 119
Trd, 4319216.893, 103
Trd, 4319218.193, 103
Trd, 4319218.843, 134
Trd, 4319219.043, 120
Trd, 4319219.693, 138
Trd, 4319219.743, 120
Trd, 4319221.043, 126
Trd, 4319221.593, 75
Trd, 4319221.943, 113
Trd, 4319222.493, 100
Trd, 4319222.993, 99
Trd, 4319223.143, 95
Trd, 4319223.493, 84
Trd, 4319224.893, 83
Trd, 4319225.193, 80
Trd, 4319225.993, 80
Trd, 4319226.393, 102
Trd, 4319226.593, 87
Trd, 4319227.093, 135
Trd, 4319227.943, 68
Trd, 4319229.093, 70
Trd, 4319229.443, 73
Trd, 4319230.093, 127
Trd, 4319230.443, 103
Trd, 4319230.943, 102
Trd, 4319231.443, 95
Trd, 4319232.193, 105
Trd, 4319232.393, 133
Trd, 4319232.843, 95
Trd, 4319233.793, 71
Trd, 4319235.793, 90
Trd, 4319236.093, 66
Trd, 4319236.543, 104
Trd, 4319236.943, 104
Trd, 4319237.493, 109
Trd, 4319238.543, 104
Trd, 4319238.593, 82
Trd, 4319238.793, 97
Trd, 4319240.043, 124
Trd, 4319240.593, 81
Trd, 4319240.843, 85
Trd, 4319241.793, 100
Trd, 4319243.343, 121
Trd, 4319243.393, 121
Trd, 4319243.543, 120
Trd, 4319243.943, 109
Trd, 4319244.743, 96
Trd, 4319245.143, 96
Trd, 4319245.643, 93
Trd, 4319245.793, 66
Trd, 4319247.393, 113
Trd, 4319247.793, 119
Trd, 4319247.943, 80
Trd, 4319251.843, 63
Trd, 4319252.093, 64
Trd, 4319252.843, 84
Trd, 4319253.593, 97
Trd, 4319254.243, 90
Trd, 4319254.343, 83
Trd, 4319254.993, 85
Trd, 4319255.393, 73
Trd, 4319255.893, 71
Trd, 4319256.843, 98
Trd, 4319257.293, 73
Trd, 4319258.143, 101
Trd, 4319258.643, 107
Trd, 4319260.193, 60
Trd, 4319260.243, 74
Trd, 4319260.993, 60
Trd, 4319261.543, 69
Trd, 4319262.543, 100
Trd, 4319262.993, 114
Trd, 4319264.043, 100
Trd, 4319264.193, 97
Trd, 4319264.543, 62
Trd, 4319265.443, 105
Trd, 4319266.693, 90
Trd, 4319267.843, 124
Trd, 4319268.043, 123
Trd, 4319268.293, 86
Trd, 4319269.193, 71
Trd, 4319270.293, 107
Trd, 4319270.343, 106
Trd, 4319271.043, 78
Trd, 4319271.643, 74
Trd, 4319272.143, 118
Trd, 4319273.093, 114
Trd, 4319273.293, 82
Trd, 4319273.543, 81
Trd, 4319275.293, 121
Trd, 4319275.893, 120
Trd, 4319276.043, 120
Trd, 4319276.293, 116
Trd, 4319276.443, 86
Trd, 4319276.793, 68
Trd, 4319278.943, 95
Trd, 4319280.143, 138
Trd, 4319281.043, 128
Trd, 4319281.093, 124
Trd, 4319281.243, 120
Trd, 4319281.793, 80
Trd, 4319282.093, 74
Trd, 4319282.693, 72
Trd, 4319282.993, 60
Trd, 4319284.643, 60
Trd, 4319284.793, 63
Trd, 4319285.593, 72
Trd, 4319286.743, 125
Trd, 4319287.793, 103
Trd, 4319288.143, 102
Trd, 4319289.893, 88
Trd, 4319290.293, 106
Trd, 4319290.393, 86
Trd, 4319291.143, 121
Trd, 4319291.393, 82
Trd, 4319291.643, 76
Trd, 4319292.343, 101
Trd, 4319293.943, 89
Trd, 4319294.093, 83
Trd, 4319294.993, 109
Trd, 4319295.093, 82
Trd, 4319295.443, 79
Trd, 4319296.443, 91
Trd, 4319297.043, 60
Trd, 4319297.543, 119
Trd, 4319298.293, 119
Trd, 4319298.543, 113
Trd, 4319299.593, 113
Trd, 4319300.193, 103
Trd, 4319300.743, 73
Trd, 4319301.793, 82
Trd, 4319301.993, 77
Trd, 4319302.793, 81
Trd, 4319303.693, 131
Trd, 4319303.843, 131
Trd, 4319304.843, 71
Trd, 4319305.143, 60
Trd, 4319305.943, 76
Trd, 4319307.293, 133
Trd, 4319307.593, 120
Trd, 4319307.643, 113
Trd, 4319308.293, 94
Trd, 4319309.643, 126
Trd, 4319310.093, 113
Trd, 4319310.293, 85
Trd, 4319311.093, 75
Trd, 4319311.343, 72
Trd, 4319312.193, 60
Trd, 4319312.393, 71
Trd, 4319313.493, 99
Trd, 4319315.693, 80
Trd, 4319315.743, 88
Trd, 4319316.293, 94
Trd, 4319317.193, 132
Trd, 4319317.693, 104
Trd, 4319318.843, 101
Trd, 4319319.143, 100
Trd, 4319319.393, 85
Trd, 4319320.543, 104
Trd, 4319321.593, 96
Trd, 4319321.893, 96
Trd, 4319322.143, 107
Trd, 4319322.643, 67
Trd, 4319322.793, 85
Trd, 4319323.293, 101
Trd, 4319324.443, 62
Trd, 4319324.843, 70
Trd, 4319325.093, 105
Trd, 4319325.493, 80
Trd, 4319325.793, 97
Trd, 4319328.493, 83
Trd, 4319328.793, 82
Trd, 4319329.143, 126
Trd, 4319329.643, 95
Trd, 4319330.343, 85
Trd, 4319330.793, 134
Trd, 4319330.943, 101
Trd, 4319331.193, 100
Trd, 4319331.643, 96
Trd, 4319332.493, 92
Trd, 4319332.843, 103
Trd, 4319333.493, 103
Trd, 4319335.543, 134
Trd, 4319336.093, 133
Trd, 4319337.293, 95
Trd, 4319337.843, 134
Trd, 4319338.643, 93
Trd, 4319338.893, 88
Trd, 4319340.243, 128
Trd, 4319340.293, 128
Trd, 4319341.093, 126
Trd, 4319341.643, 139
Trd, 4319341.793, 111
Trd, 4319342.043, 77
Trd, 4319342.843, 65
Trd, 4319343.343, 73
Trd, 4319344.593, 78
Trd, 4319345.093, 126
Trd, 4319345.293, 99
Trd, 4319345.793, 129
Trd, 4319346.693, 83
Trd, 4319347.343, 85
Trd, 4319347.443, 83
Trd, 4319348.043, 77
Trd, 4319348.693, 76
Trd, 4319349.043, 73
Trd, 4319349.943, 68
Trd, 4319350.393, 61
Trd, 4319350.943, 79
Trd, 4319352.643, 133
Trd, 4319352.943, 108
Trd, 4319353.293, 90
Trd, 4319353.743, 80
Trd, 4319355.143, 116
Trd, 4319355.943, 130
Trd, 4319356.593, 123
Trd, 4319356.943, 114
Trd, 4319357.143, 82
Trd, 4319357.843, 131
Trd, 4319359.093, 92
Trd, 4319360.293, 92
Trd, 4319360.693, 98
Trd, 4319360.793, 97
Trd, 4319363.343, 91
Trd, 4319363.743, 126
Trd, 4319363.943, 95
Trd, 4319364.943, 121
Trd, 4319365.493, 110
Trd, 4319365.843, 120
Trd, 4319366.593, 108
Trd, 4319367.543, 108
Trd, 4319367.843, 85
Trd, 4319368.193, 85
Trd, 4319369.893, 75
Trd, 4319370.593, 81
Trd, 4319370.693, 74
Trd, 4319371.543, 70
Trd, 4319372.293, 115
Trd, 4319372.893, 120
Trd, 4319373.193, 116
Trd, 4319374.143, 88
Trd, 4319374.943, 136
Trd, 4319376.143, 72
Trd, 4319376.243, 64
Trd, 4319378.243, 68
Trd, 4319378.343, 78
Trd, 4319379.143, 90
Trd, 4319379.593, 70
Trd, 4319381.243, 82
Trd, 4319381.693, 82
Trd, 4319381.993, 79
Trd, 4319382.093, 78
Trd, 4319382.393, 100
Trd, 4319382.743, 64
Trd, 4319384.493, 65
Trd, 4319384.593, 83
Trd, 4319385.293, 91
Trd, 4319385.993, 136
Trd, 4319386.143, 135
Trd, 4319386.243, 107
Trd, 4319386.993, 103
Trd, 4319388.493, 63
Trd, 4319389.343, 60
Trd, 4319390.793, 61
Trd, 4319392.343, 82
Trd, 4319392.543, 86
Trd, 4319392.793, 80
Trd, 4319393.543, 99
Trd, 4319394.493, 98
Trd, 4319394.693, 84
Trd, 4319395.593, 78
Trd, 4319396.193, 96
Trd, 4319396.443, 95
Trd, 4319397.543, 81
Trd, 4319398.043, 120
Trd, 4319398.843, 129
Trd, 4319398.993, 128
Trd, 4319399.393, 121
Trd, 4319399.543, 111
Trd, 4319399.943, 139
Trd, 4319400.293, 98
Trd, 4319401.343, 79
Trd, 4319401.693, 92
Trd, 4319401.943, 90
Trd, 4319402.343, 85
Trd, 4319402.743, 95
Trd, 4319403.443, 78
Trd, 4319403.793, 75
Trd, 4319404.543, 90
Trd, 4319404.893, 90
Trd, 4319405.793, 138
Trd, 4319406.293, 116
Trd, 4319406.793, 124
Trd, 4319407.243, 116
Trd, 4319407.743, 84
Trd, 4319408.743, 116
Trd, 4319409.593, 116
Trd, 4319409.793, 79
Trd, 4319411.093, 113
Trd, 4319411.393, 110
Trd, 4319411.993, 80
Trd, 4319413.743, 112
Trd, 4319413.793, 111
Trd, 4319415.393, 108
Trd, 4319415.543, 84
Trd, 4319416.843, 83
Trd, 4319417.293, 82
Trd, 4319417.943, 114
Trd, 4319419.043, 124
Trd, 4319419.293, 122
Trd, 4319420.843, 135
Trd, 4319421.593, 133
Trd, 4319421.643, 108
Trd, 4319421.943, 129
Trd, 4319422.443, 110
Trd, 4319422.543, 83
Trd, 4319424.043, 98
Trd, 4319424.693, 109
Trd, 4319424.893, 97
Trd, 4319425.393, 67
Trd, 4319426.543, 89
Trd, 4319428.293, 123
Trd, 4319428.343, 122
Trd, 4319428.493, 121
Trd, 4319428.943, 119
Trd, 4319428.993, 97
Trd, 4319430.243, 115
Trd, 4319430.493, 89
Trd, 4319432.493, 78
Trd, 4319433.443, 129
Trd, 4319433.543, 118
Trd, 4319433.843, 105
Trd, 4319434.493, 118
Trd, 4319434.693, 117
Trd, 4319437.193, 87
Trd, 4319437.593, 121
Trd, 4319438.443, 109
Trd, 4319438.793, 90
Trd, 4319440.243, 117
Trd, 4319441.193, 101
Trd, 4319442.143, 100
Trd, 4319442.193, 99
Trd, 4319442.493, 96
Trd, 4319442.743, 77
Trd, 4319443.243, 85
Trd, 4319444.693, 65
Trd, 4319444.893, 66
Trd, 4319445.193, 122
Trd, 4319445.493, 73
Trd, 4319446.193, 69
Trd, 4319446.693, 67
Trd, 4319447.343, 65
Trd, 4319448.293, 63
Trd, 4319448.443, 105
Trd, 4319449.743, 86
Trd, 4319450.293, 60
Trd, 4319451.243, 63
Trd, 4319451.543, 64
Trd, 4319451.943, 74
Trd, 4319453.143, 112
Trd, 4319453.793, 62
Trd, 4319454.943, 113
Trd, 4319455.843, 101
Trd, 4319456.243, 129
Trd, 4319456.493, 110
Trd, 4319456.593, 82
Trd, 4319458.993, 92
Trd, 4319460.143, 121
Trd, 4319460.793, 120
Trd, 4319461.193, 140
Trd, 4319461.293, 139
Trd, 4319461.943, 112
Trd, 4319462.593, 87
Trd, 4319463.543, 83
Trd, 4319464.443, 140
Trd, 4319464.643, 139
Trd, 4319465.793, 111
Trd, 4319466.543, 116
Trd, 4319467.793, 110
Trd, 4319468.093, 99
Trd, 4319468.193, 97
Trd, 4319469.143, 95
Trd, 4319469.343, 128
Trd, 4319470.093, 138
Trd, 4319472.343, 126
Trd, 4319472.943, 74
Trd, 4319473.443, 60
Trd, 4319473.493, 113
Trd, 4319474.393, 81
Trd, 4319474.443, 80
Trd, 4319474.693, 96
Trd, 4319475.693, 83
Trd, 4319476.343, 91
Trd, 4319476.943, 95
Trd, 4319477.843, 83
Trd, 4319478.043, 75
Trd, 4319478.843, 119
Trd, 4319478.943, 68
Trd, 4319479.093, 87
Trd, 4319481.693, 98
Trd, 4319481.943, 97
Trd, 4319482.343, 106
Trd, 4319482.543, 92
Trd, 4319482.593, 87
Trd, 4319484.943, 71
Trd, 4319485.793, 105
Trd, 4319487.493, 113
Trd, 4319487.993, 110
Trd, 4319488.193, 108
Trd, 4319489.393, 122
Trd, 4319489.493, 121
Trd, 4319489.543, 92
Trd, 4319490.493, 61
Trd, 4319492.093, 83
Trd, 4319492.293, 66
Trd, 4319493.543, 62
Trd, 4319493.943, 75
Trd, 4319494.343, 74
Trd, 4319495.543, 63
Trd, 4319495.593, 75
Trd, 4319497.193, 64
Trd, 4319497.293, 101
Trd, 4319497.493, 76
Trd, 4319498.243, 65
Trd, 4319498.693, 78
Trd, 4319498.993, 60
Trd, 4319500.143, 118
Trd, 4319500.893, 97
Trd, 4319500.993, 96
Trd, 4319501.693, 94
Trd, 4319502.743, 107
Trd, 4319502.793, 117
Trd, 4319504.393, 107
Trd, 4319504.593, 76
Trd, 4319505.343, 61
Trd, 4319506.093, 90
Trd, 4319506.393, 79
Trd, 4319506.593, 89
Trd, 4319506.993, 102
Trd, 4319507.793, 95
Trd, 4319508.043, 84
Trd, 4319508.293, 82
Trd, 4319509.193, 88
Trd, 4319509.943, 128
Trd, 4319510.543, 117
Trd, 4319511.643, 86
Trd, 4319511.893, 132
Trd, 4319512.343, 70
Trd, 4319513.143, 77
Trd, 4319513.943, 130
Trd, 4319514.593, 123
Trd, 4319515.793, 136
Trd, 4319516.643, 123
Trd, 4319517.393, 123
Trd, 4319517.443, 113
Trd, 4319517.843, 123
Trd, 4319518.043, 73
Trd, 4319518.793, 104
Trd, 4319520.043, 82
Trd, 4319521.343, 114
Trd, 4319521.493, 113
Trd, 4319522.143, 123
Trd, 4319522.743, 115
Trd, 4319523.093, 134
Trd, 4319524.643, 135
Trd, 4319524.943, 137
Trd, 4319525.343, 137
Trd, 4319525.693, 135
Trd, 4319525.943, 98
Trd, 4319526.743, 94
Trd, 4319527.393, 69
Trd, 4319527.743, 66
Trd, 4319528.843, 70
Trd, 4319529.343, 78
Trd, 4319529.793, 123
Trd, 4319530.143, 123
Trd, 4319530.543, 65
Trd, 4319531.443, 79
Trd, 4319532.493, 67
Trd, 4319532.943, 66
Trd, 4319534.643, 63
Trd, 4319534.943, 83
Trd, 4319535.143, 94
Trd, 4319535.893, 139
Trd, 4319536.143, 140
Trd, 4319536.293, 139
Trd, 4319536.693, 120
Trd, 4319538.593, 101
Trd, 4319538.693, 100
Trd, 4319539.343, 100
Trd, 4319540.293, 99
Trd, 4319540.343, 92
Trd, 4319541.943, 137
Trd, 4319542.693, 131
Trd, 4319542.793, 131
Trd, 4319542.943, 130
Trd, 4319543.643, 112
Trd, 4319544.143, 112
Trd, 4319544.543, 83
Trd, 4319545.443, 112
Trd, 4319545.593, 91
Trd, 4319545.843, 80
Trd, 4319546.993, 124
Trd, 4319547.893, 124
Trd, 4319548.843, 123
Trd, 4319548.893, 105
Trd, 4319549.143, 80
Trd, 4319550.143, 104
Trd, 4319550.943, 126
Trd, 4319551.693, 86
Trd, 4319551.993, 64
Trd, 4319553.543, 63
Trd, 4319554.093, 61
Trd, 4319554.343, 107
Trd, 4319554.943, 126
Trd, 4319555.293, 129
Trd, 4319555.743, 128
Trd, 4319557.243, 70
Trd, 4319557.443, 90
Trd, 4319558.493, 98
Trd, 4319559.293, 110
Trd, 4319560.193, 97
Trd, 4319561.043, 99
Trd, 4319561.193, 98
Trd, 4319561.293, 71
Trd, 4319562.643, 93
Trd, 4319562.743, 94
Trd, 4319562.893, 93
Trd, 4319563.193, 80
Trd, 4319564.443, 64
Trd, 4319564.993, 108
Trd, 4319565.643, 74
Trd, 4319565.793, 77
Trd, 4319567.593, 124
Trd, 4319567.943, 106
Trd, 4319569.993, 116
Trd, 4319570.543, 105
Trd, 4319571.043, 110
Trd, 4319571.743, 130
Trd, 4319572.243, 119
Trd, 4319572.393, 110
Trd, 4319572.693, 105
Trd, 4319574.443, 84
Trd, 4319574.743, 82
Trd, 4319574.893, 92
Trd, 4319575.543, 122
Trd, 4319577.543, 132
Trd, 4319577.693, 77
Trd, 4319578.293, 126
Trd, 4319580.043, 88
Trd, 4319580.693, 88
Trd, 4319580.843, 89
Trd, 4319581.043, 87
Trd, 4319581.943, 116
Trd, 4319582.593, 82
Trd, 4319583.093, 128
Trd, 4319584.493, 81
Trd, 4319585.793, 66
Trd, 4319586.043, 68
Trd, 4319586.143, 93
Trd, 4319586.893, 97
Trd, 4319587.493, 87
Trd, 4319588.893, 122
Trd, 4319588.993, 122
Trd, 4319589.543, 121
Trd, 4319589.693, 113
Trd, 4319591.093, 100
Trd, 4319591.293, 101
Trd, 4319591.793, 84
Trd, 4319592.243, 76
Trd, 4319594.693, 87
Trd, 4319594.793, 86
Trd, 4319595.443, 82
Trd, 4319596.193, 93
Trd, 4319596.543, 82
Trd, 4319596.893, 133
Trd, 4319596.943, 132
Trd, 4319596.993, 102
Trd, 4319597.993, 79
Trd, 4319598.143, 109
Trd, 4319600.043, 99
Trd, 4319600.593, 84
Trd, 4319600.643, 80
Trd, 4319601.893, 62
Trd, 4319602.643, 62
Trd, 4319602.793, 64
Trd, 4319602.943, 74
Trd, 4319604.393, 60
Trd, 4319604.793, 72
Trd, 4319605.543, 120
Trd, 4319606.043, 91
Trd, 4319606.193, 89
Trd, 4319607.943, 102
Trd, 4319608.493, 107
Trd, 4319609.243, 66
Trd, 4319609.593, 82
Trd, 4319610.593, 66
Trd, 4319610.743, 99
Trd, 4319611.343, 93
Trd, 4319611.543, 66
Trd, 4319613.843, 109
Trd, 4319614.043, 85
Trd, 4319614.743, 82
Trd, 4319615.443, 82
Trd, 4319616.043, 64
Trd, 4319618.193, 85
Trd, 4319619.093, 91
Trd, 4319619.393, 103
Trd, 4319620.693, 80
Trd, 4319620.843, 75
Trd, 4319621.493, 79
Trd, 4319621.893, 100
Trd, 4319623.343, 112
Trd, 4319623.943, 99
Trd, 4319624.293, 77
Trd, 4319626.843, 76
Trd, 4319627.143, 89
Trd, 4319627.593, 123
Trd, 4319627.743, 90
Trd, 4319628.493, 86
Trd, 4319628.893, 136
Trd, 4319629.243, 86
Trd, 4319629.693, 126
Trd, 4319630.943, 116
Trd, 4319631.143, 115
Trd, 4319631.393, 113
Trd, 4319631.743, 103
Trd, 4319633.743, 72
Trd, 4319634.143, 110
Trd, 4319635.343, 65
Trd, 4319636.143, 67
Trd, 4319636.993, 119
Trd, 4319637.893, 81
Trd, 4319638.793, 91
Trd, 4319640.093, 86
Trd, 4319640.143, 84
Trd, 4319640.493, 66
Trd, 4319641.543, 106
Trd, 4319641.843, 125
Trd, 4319642.093, 91
Trd, 4319642.393, 112
Trd, 4319643.643, 67
Trd, 4319644.193, 71
Trd, 4319644.493, 67
Trd, 4319645.143, 75
Trd, 4319645.693, 61
Trd, 4319647.243, 72
Trd, 4319647.943, 68
Trd, 4319649.893, 87
Trd, 4319650.243, 83
Trd, 4319650.393, 110
Trd, 4319650.943, 109
Trd, 4319652.393, 110
Trd, 4319653.193, 121
Trd, 4319653.793, 114
Trd, 4319654.243, 115
Trd, 4319654.993, 114
Trd, 4319655.793, 101
Trd, 4319656.343, 129
Trd, 4319656.543, 101
Trd, 4319656.593, 68
Trd, 4319657.893, 114
Trd, 4319658.393, 106
Trd, 4319658.593, 73
Trd, 4319659.643, 79
Trd, 4319660.843, 75
Trd, 4319661.993, 103
Trd, 4319662.043, 119
Trd, 4319662.293, 76
Trd, 4319662.943, 113
Trd, 4319663.543, 112
Trd, 4319663.693, 83
Trd, 4319664.243, 113
Trd, 4319664.843, 78
Trd, 4319665.593, 82
Trd, 4319666.443, 130
Trd, 4319666.743, 130
Trd, 4319667.743, 134
Trd, 4319668.543, 89
Trd, 4319668.993, 84
Trd, 4319669.643, 82
Trd, 4319671.093, 76
Trd, 4319671.443, 87
Trd, 4319672.143, 107
Trd, 4319672.343, 123
Trd, 4319672.693, 116
Trd, 4319673.943, 126
Trd, 4319674.843, 139
Trd, 4319675.043, 139
Trd, 4319676.293, 92
Trd, 4319676.543, 105
Trd, 4319677.793, 99
Trd, 4319678.293, 87
Trd, 4319678.443, 86
Trd, 4319679.843, 102
Trd, 4319680.593, 135
Trd, 4319680.893, 102
Trd, 4319681.193, 136
Trd, 4319681.343, 98
Trd, 4319683.193, 103
Trd, 4319683.343, 110
Trd, 4319683.593, 103
Trd, 4319684.393, 105
Trd, 4319684.643, 132
Trd, 4319685.143, 87
Trd, 4319685.543, 84
Trd, 4319685.643, 78
Trd, 4319686.693, 75
Trd, 4319687.393, 61
Trd, 4319688.343, 62
Trd, 4319688.593, 71
Trd, 4319688.993, 138
Trd, 4319689.293, 80
Trd, 4319690.743, 94
Trd, 4319690.843, 93
Trd, 4319692.193, 98
Trd, 4319692.543, 109
Trd, 4319692.893, 101
Trd, 4319693.593, 101
Trd, 4319694.643, 125
Trd, 4319695.493, 123
Trd, 4319695.943, 122
Trd, 4319696.293, 135
Trd, 4319696.593, 111
Trd, 4319697.843, 101
Trd, 4319698.643, 135
Trd, 4319699.093, 136
Trd, 4319699.293, 134
Trd, 4319699.393, 112
Trd, 4319700.093, 117
Trd, 4319700.293, 115
Trd, 4319700.793, 120
Trd, 4319701.443, 117
Trd, 4319701.543, 115
Trd, 4319702.493, 70
Trd, 4319704.443, 140
Trd, 4319704.693, 128
Trd, 4319704.943, 126
Trd, 4319705.043, 126
Trd, 4319705.343, 113
Trd, 4319706.943, 119
Trd, 4319707.693, 122
Trd, 4319708.343, 104
Trd, 4319709.443, 119
Trd, 4319710.443, 105
Trd, 4319711.693, 128
Trd, 4319712.693, 139
Trd, 4319713.043, 136
Trd, 4319713.093, 109
Trd, 4319713.493, 108
Trd, 4319713.543, 107
Trd, 4319713.793, 121
Trd, 4319714.743, 132
Trd, 4319715.543, 73
Trd, 4319716.493, 77
Trd, 4319717.693, 118
Trd, 4319718.643, 113
Trd, 4319718.793, 106
Trd, 4319719.193, 128
Trd, 4319719.243, 106
Trd, 4319720.843, 60
Trd, 4319721.493, 85
Trd, 4319722.293, 94
Trd, 4319723.143, 95
Trd, 4319723.843, 128
Trd, 4319723.893, 94
Trd, 4319724.143, 127
Trd, 4319724.943, 116
Trd, 4319725.443, 101
Trd, 4319725.593, 99
Trd, 4319726.843, 91
Trd, 4319728.243, 114
Trd, 4319728.443, 97
Trd, 4319728.693, 91
Trd, 4319728.943, 104
Trd, 4319729.743, 128
Trd, 4319729.843, 128
Trd, 4319730.143, 108
Trd, 4319731.443, 133
Trd, 4319731.593, 63
Trd, 4319732.843, 122
Trd, 4319733.643, 98
Trd, 4319734.593, 114
Trd, 4319735.293, 87
Trd, 4319735.493, 86
Trd, 4319735.593, 97
Trd, 4319736.193, 97
Trd, 4319737.193, 138
Trd, 4319737.393, 92
Trd, 4319738.343, 78
Trd, 4319739.543, 109
Trd, 4319741.543, 84
Trd, 4319742.593, 111
Trd, 4319742.643, 75
Trd, 4319743.593, 64
Trd, 4319744.343, 78
Trd, 4319744.693, 67
Trd, 4319745.293, 96
Trd, 4319745.393, 95
Trd, 4319746.743, 95
Trd, 4319747.293, 123
Trd, 4319747.593, 127
Trd, 4319750.193, 71
Trd, 4319750.943, 84
Trd, 4319752.943, 77
Trd, 4319753.043, 72
Trd, 4319753.343, 107
Trd, 4319753.643, 71
Trd, 4319753.743, 70
Trd, 4319754.343, 75
Trd, 4319754.493, 99
Trd, 4319755.843, 104
Trd, 4319756.493, 83
Trd, 4319756.943, 75
Trd, 4319756.993, 71
Trd, 4319758.043, 109
Trd, 4319759.943, 108
Trd, 4319760.543, 118
Trd, 4319760.593, 118
Trd, 4319760.893, 99
Trd, 4319761.993, 130
Trd, 4319762.543, 98
Trd, 4319762.843, 68
Trd, 4319763.393, 106
Trd, 4319764.993, 89
Trd, 4319766.343, 60
Trd, 4319766.693, 61
Trd, 4319768.293, 72
Trd, 4319768.343, 65
Trd, 4319768.443, 76
Trd, 4319769.593, 61
Trd, 4319769.993, 60
Trd, 4319770.893, 67
Trd, 4319773.543, 108
Trd, 4319774.193, 120
Trd, 4319774.393, 116
Trd, 4319775.043, 135
Trd, 4319775.343, 106
Trd, 4319775.443, 105
Trd, 4319776.193, 106
Trd, 4319776.743, 73
Trd, 4319778.393, 99
Trd, 4319778.993, 82
Trd, 4319779.343, 110
Trd, 4319779.743, 115
Trd, 4319779.943, 85
Trd, 4319780.343, 125
Trd, 4319780.843, 69
Trd, 4319781.943, 109
Trd, 4319782.743, 132
Trd, 4319783.993, 96
Trd, 4319784.493, 135
Trd, 4319784.793, 80
Trd, 4319785.843, 81
Trd, 4319785.893, 76
Trd, 4319786.493, 62
Trd, 4319787.443, 61
Trd, 4319788.143, 60
Trd, 4319788.343, 74
Trd, 4319790.793, 64
Trd, 4319792.493, 71
Trd, 4319792.543, 70
Trd, 4319792.593, 76
Trd, 4319792.843, 127
Trd, 4319793.193, 84
Trd, 4319793.393, 129
Trd, 4319794.093, 140
Trd, 4319794.843, 139
Trd, 4319796.643, 80
Trd, 4319797.093, 88
Trd, 4319797.393, 96
Trd, 4319797.543, 76
Trd, 4319798.443, 107
Trd, 4319798.693, 110
Trd, 4319798.843, 108
Trd, 4319800.093, 140
Trd, 4319801.393, 135
Trd, 4319802.443, 130
Trd, 4319803.093, 124
Trd, 4319803.643, 132
Trd, 4319803.793, 131
Trd, 4319803.843, 116
Trd, 4319803.893, 110
Trd, 4319805.193, 95
Trd, 4319807.043, 69
Trd, 4319807.243, 88
Trd, 4319807.493, 65
Trd, 4319808.443, 108
Trd, 4319808.943, 98
Trd, 4319809.243, 96
Trd, 4319810.543, 116
Trd, 4319810.743, 113
Trd, 4319812.493, 64
Trd, 4319813.493, 60
Trd, 4319813.593, 61
Trd, 4319815.293, 61
Trd, 4319815.343, 76
Trd, 4319816.043, 90
Trd, 4319816.343, 69
Trd, 4319817.993, 77
Trd, 4319818.143, 85
Trd, 4319819.143, 72
Trd, 4319820.743, 113
Trd, 4319820.793, 99
Trd, 4319821.493, 73
Trd, 4319821.943, 61
Trd, 4319822.693, 70
Trd, 4319823.843, 81
Trd, 4319825.643, 116
Trd, 4319826.143, 81
Trd, 4319826.193, 68
Trd, 4319826.593, 101
Trd, 4319827.293, 93
Trd, 4319827.643, 106
Trd, 4319828.343, 109
Trd, 4319829.543, 87
Trd, 4319829.593, 103
Trd, 4319829.793, 73
Trd, 4319830.443, 131
Trd, 4319830.893, 95
Trd, 4319832.393, 88
Trd, 4319833.043, 111
Trd, 4319833.293, 88
Trd, 4319834.193, 86
Trd, 4319834.293, 86
Trd, 4319835.543, 123
Trd, 4319836.743, 99
Trd, 4319837.393, 94
Trd, 4319838.243, 115
Trd, 4319839.193, 109
Trd, 4319839.743, 127
Trd, 4319840.443, 127
Trd, 4319841.693, 97
Trd, 4319841.943, 96
Trd, 4319842.743, 95
Trd, 4319843.093, 67
Trd, 4319843.543, 124
Trd, 4319845.293, 81
Trd, 4319845.693, 84
Trd, 4319846.993, 108
Trd, 4319847.093, 109
Trd, 4319847.893, 110
Trd, 4319847.943, 108
Trd, 4319848.493, 93
Trd, 4319849.143, 70
Trd, 4319851.693, 63
Trd, 4319851.843, 61
Trd, 4319851.993, 67
Trd, 4319852.843, 127
Trd, 4319853.293, 121
Trd, 4319853.593, 121
Trd, 4319853.943, 128
Trd, 4319855.143, 113
Trd, 4319855.693, 113
Trd, 4319855.993, 83
Trd, 4319856.693, 129
Trd, 4319857.843, 117
Trd, 4319858.493, 116
Trd, 4319859.093, 117
Trd, 4319859.193, 112
Trd, 4319860.193, 87
Trd, 4319860.593, 87
Trd, 4319861.343, 95
Trd, 4319861.393, 88
Trd, 4319862.443, 107
Trd, 4319863.193, 65
Trd, 4319863.393, 77
Trd, 4319863.693, 69
Trd, 4319864.893, 96
Trd, 4319864.993, 88
Trd, 4319866.143, 130
Trd, 4319866.943, 102
Trd, 4319867.993, 121
Trd, 4319868.243, 114
Trd, 4319869.043, 106
Trd, 4319870.243, 120
Trd, 4319871.343, 95
Trd, 4319871.493, 130
Trd, 4319872.293, 125
Trd, 4319873.543, 129
Trd, 4319874.543, 124
Trd, 4319875.193, 81
Trd, 4319876.493, 76
Trd, 4319876.543, 74
Trd, 4319876.893, 62
Trd, 4319878.243, 89
Trd, 4319879.643, 91
Trd, 4319879.943, 85
Trd, 4319880.443, 117
Trd, 4319881.193, 86
Trd, 4319883.293, 119
Trd, 4319884.243, 138
Trd, 4319884.843, 135
Trd, 4319885.443, 134
Trd, 4319885.643, 79
Trd, 4319887.593, 128
Trd, 4319888.493, 101
Trd, 4319888.593, 131
Trd, 4319889.043, 96
Trd, 4319890.193, 106
Trd, 4319890.843, 104
Trd, 4319890.893, 95
Trd, 4319891.093, 73
Trd, 4319892.393, 84
Trd, 4319892.793, 123
Trd, 4319893.943, 118
Trd, 4319895.443, 117
Trd, 4319895.643, 139
Trd, 4319895.693, 139
Trd, 4319896.393, 111
Trd, 4319896.643, 112
Trd, 4319896.693, 111
Trd, 4319897.293, 113
Trd, 4319897.443, 90
Trd, 4319897.893, 72
Trd, 4319900.693, 103
Trd, 4319901.343, 105
Trd, 4319902.343, 85
Trd, 4319902.493, 81
Trd, 4319903.543, 100
Trd, 4319903.943, 92
Trd, 4319904.093, 116
Trd, 4319904.343, 76
Trd, 4319904.843, 71
Trd, 4319905.943, 133
Trd, 4319908.093, 116
Trd, 4319908.143, 113
Trd, 4319908.793, 117
Trd, 4319909.293, 96
Trd, 4319909.443, 136
Trd, 4319909.793, 83
Trd, 4319910.893, 94
Trd, 4319912.343, 104
Trd, 4319912.693, 103
Trd, 4319913.043, 101
Trd, 4319913.143, 101
Trd, 4319913.493, 71
Trd, 4319913.643, 97
Trd, 4319914.693, 121
Trd, 4319915.093, 67
Trd, 4319916.043, 65
Trd, 4319917.093, 102
Trd, 4319917.293, 72
Trd, 4319917.843, 86
Trd, 4319919.793, 68
Trd, 4319920.343, 81
Trd, 4319920.943, 96
Trd, 4319923.393, 110
Trd, 4319923.593, 110
Trd, 4319923.643, 134
Trd, 4319923.943, 105
Trd, 4319924.743, 124
Trd, 4319925.093, 89
Trd, 4319926.793, 104
Trd, 4319927.743, 109
Trd, 4319928.193, 122
Trd, 4319928.493, 121
Trd, 4319928.643, 120
Trd, 4319929.043, 91
Trd, 4319929.793, 65
Trd, 4319930.293, 61
Trd, 4319930.443, 91
Trd, 4319931.693, 79
Trd, 4319933.043, 88
Trd, 4319933.943, 85
Trd, 4319934.193, 76
Trd, 4319934.393, 117
Trd, 4319935.843, 127
Trd, 4319936.493, 119
Trd, 4319936.743, 126
Trd, 4319936.793, 115
Trd, 4319938.093, 126
Trd, 4319939.243, 112
Trd, 4319939.293, 99
Trd, 4319939.443, 129
Trd, 4319940.493, 79
Trd, 4319940.593, 76
Trd, 4319941.743, 60
Trd, 4319941.893, 67
Trd, 4319942.793, 72
Trd, 4319944.093, 90
Trd, 4319944.193, 90
Trd, 4319944.443, 93
Trd, 4319944.943, 81
Trd, 4319945.543, 130
Trd, 4319946.593, 104
Trd, 4319946.793, 77
Trd, 4319946.993, 100
Trd, 4319947.243, 94
Trd, 4319949.543, 126
Trd, 4319950.443, 127
Trd, 4319950.893, 127
Trd, 4319950.993, 126
Trd, 4319951.293, 121
Trd, 4319952.543, 79
Trd, 4319953.393, 70
Trd, 4319955.343, 78
Trd, 4319955.743, 110
Trd, 4319955.843, 99
Trd, 4319957.093, 84
Trd, 4319957.543, 77
Trd, 4319959.293, 66
Trd, 4319959.593, 60
Trd, 4319960.543, 60
Trd, 4319961.343, 79
Trd, 4319963.493, 67
Trd, 4319963.643, 66
Trd, 4319963.943, 60
Trd, 4319963.993, 65
Trd, 4319964.743, 120
Trd, 4319965.443, 112
Trd, 4319966.093, 85
Trd, 4319967.193, 96
Trd, 4319967.443, 63
Trd, 4319969.193, 68
Trd, 4319969.943, 68
Trd, 4319969.993, 94
Trd, 4319970.393, 63
Trd, 4319971.493, 70
Trd, 4319972.243, 80
Trd, 4319972.293, 67
Trd, 4319973.943, 107
Trd, 4319973.993, 105
Trd, 4319975.193, 107
Trd, 4319975.493, 116
Trd, 4319975.793, 106
Trd, 4319975.993, 84
Trd, 4319976.443, 85
Trd, 4319977.193, 97
Trd, 4319978.743, 67
Trd, 4319979.243, 67
Trd, 4319979.743, 104
Trd, 4319979.843, 64
Trd, 4319981.493, 90
Trd, 4319982.393, 91
Trd, 4319983.043, 117
Trd, 4319983.143, 88
Trd, 4319984.143, 121
Trd, 4319984.443, 82
Trd, 4319984.743, 81
Trd, 4319985.193, 71
Trd, 4319985.393, 73
Trd, 4319986.493, 128
Trd, 4319986.643, 116
Trd, 4319988.743, 75
Trd, 4319988.993, 71
Trd, 4319989.093, 76
Trd, 4319989.943, 70
Trd, 4319990.543, 60
Trd, 4319991.543, 61
Trd, 4319991.593, 85
Trd, 4319991.943, 104
Trd, 4319992.993, 62
Trd, 4319993.243, 89
Trd, 4319995.393, 86
Trd, 4319997.043, 81
Trd, 4319997.093, 79
Trd, 4319997.343, 93
Trd, 4319997.443, 79
Trd, 4319998.743, 121
Trd, 4319999.543, 82
Trd, 4319999.593, 81
