Trd, 4318012.493, 136
Trd, 4318012.993, 119
Trd, 4318013.393, 114
Trd, 4318014.693, 91
Trd, 4318015.293, 104
Trd, 4318015.943, 114
Trd, 4318016.343, 135
Trd, 4318017.243, 134
Trd, 4318017.393, 102
Trd, 4318017.643, 86
Trd, 4318019.443, 128
Trd, 4318020.843, 140
Trd, 4318021.743, 135
Trd, 4318023.593, 135
Trd, 4318024.143, 134
Trd, 4318025.243, 120
Trd, 4318026.343, 132
Trd, 4318026.793, 119
Trd, 4318027.993, 107
Trd, 4318028.393, 106
Trd, 4318028.443, 102
Trd, 4318028.743, 100
Trd, 4318029.193, 113
Trd, 4318032.043, 115
Trd, 4318032.093, 107
Trd, 4318033.593, 106
Trd, 4318034.043, 110
Trd, 4318034.793, 136
Trd, 4318035.693, 121
Trd, 4318036.493, 98
Trd, 4318036.543, 115
Trd, 4318037.443, 115
Trd, 4318037.993, 114
Trd, 4318038.093, 109
Trd, 4318039.743, 129
Trd, 4318040.993, 126
Trd, 4318042.293, 117
Trd, 4318044.393, 99
Trd, 4318044.493, 109
Trd, 4318045.143, 112
Trd, 4318046.743, 89
Trd, 4318047.393, 107
Trd, 4318047.643, 101
Trd, 4318047.843, 81
Trd, 4318047.893, 121
Trd, 4318048.043, 76
Trd, 4318048.743, 103
Trd, 4318048.893, 98
Trd, 4318050.393, 100
Trd, 4318052.743, 130
Trd, 4318053.543, 126
Trd, 4318053.893, 111
Trd, 4318054.843, 102
Trd, 4318055.693, 120
Trd, 4318055.993, 98
Trd, 4318057.543, 96
Trd, 4318058.743, 84
Trd, 4318060.143, 112
Trd, 4318060.343, 109
Trd, 4318060.593, 118
Trd, 4318063.293, 133
Trd, 4318063.893, 114
Trd, 4318064.143, 108
Trd, 4318065.843, 133
Trd, 4318066.493, 108
Trd, 4318069.893, 140
Trd, 4318070.143, 130
Trd, 4318071.243, 122
Trd, 4318071.343, 109
Trd, 4318071.943, 125
Trd, 4318073.643, 137
Trd, 4318073.743, 125
Trd, 4318073.843, 109
Trd, 4318076.193, 128
Trd, 4318077.893, 132
Trd, 4318078.943, 126
Trd, 4318079.393, 125
Trd, 4318079.643, 120
Trd, 4318081.693, 139
Trd, 4318081.843, 139
Trd, 4318084.643, 128
Trd, 4318084.793, 132
Trd, 4318087.943, 135
Trd, 4318088.093, 123
Trd, 4318088.443, 112
Trd, 4318090.143, 128
Trd, 4318090.393, 127
Trd, 4318091.443, 131
Trd, 4318091.893, 130
Trd, 4318092.393, 140
Trd, 4318093.093, 124
Trd, 4318093.493, 108
Trd, 4318093.593, 117
Trd, 4318093.993, 105
Trd, 4318094.893, 109
Trd, 4318095.693, 113
Trd, 4318096.793, 103
Trd, 4318098.193, 111
Trd, 4318100.893, 135
Trd, 4318101.693, 109
Trd, 4318102.293, 129
Trd, 4318102.793, 108
Trd, 4318103.893, 103
Trd, 4318104.043, 84
Trd, 4318104.693, 112
Trd, 4318106.493, 123
Trd, 4318107.293, 140
Trd, 4318107.343, 138
Trd, 4318108.793, 104
Trd, 4318109.643, 138
Trd, 4318110.143, 122
Trd, 4318110.343, 107
Trd, 4318110.393, 106
Trd, 4318110.893, 128
Trd, 4318112.843, 123
Trd, 4318113.393, 126
Trd, 4318117.043, 121
Trd, 4318117.893, 133
Trd, 4318118.443, 133
Trd, 4318119.043, 132
Trd, 4318120.093, 121
Trd, 4318120.143, 105
Trd, 4318121.593, 118
Trd, 4318122.693, 131
Trd, 4318122.743, 129
Trd, 4318123.043, 121
Trd, 4318123.993, 134
Trd, 4318124.793, 122
Trd, 4318125.043, 114
Trd, 4318126.993, 125
Trd, 4318127.093, 106
Trd, 4318127.193, 103
Trd, 4318128.343, 134
Trd, 4318129.693, 103
Trd, 4318131.343, 140
Trd, 4318131.443, 92
Trd, 4318133.643, 104
Trd, 4318133.743, 118
Trd, 4318135.243, 129
Trd, 4318135.443, 110
Trd, 4318136.243, 95
Trd, 4318137.143, 107
Trd, 4318138.493, 119
Trd, 4318139.343, 131
Trd, 4318140.343, 118
Trd, 4318140.393, 127
Trd, 4318142.243, 115
Trd, 4318143.243, 114
Trd, 4318143.543, 105
Trd, 4318144.743, 134
Trd, 4318146.543, 123
Trd, 4318147.293, 131
Trd, 4318148.193, 118
Trd, 4318149.193, 125
Trd, 4318150.093, 124
Trd, 4318150.293, 116
Trd, 4318151.393, 114
Trd, 4318151.443, 116
Trd, 4318151.793, 111
Trd, 4318153.693, 124
Trd, 4318154.093, 84
Trd, 4318154.443, 83
Trd, 4318155.643, 130
Trd, 4318155.943, 117
Trd, 4318156.093, 108
Trd, 4318158.343, 127
Trd, 4318159.893, 112
Trd, 4318160.193, 122
Trd, 4318160.593, 103
Trd, 4318161.793, 105
Trd, 4318163.943, 121
Trd, 4318164.043, 112
Trd, 4318164.643, 84
Trd, 4318164.843, 83
Trd, 4318164.943, 81
Trd, 4318166.043, 140
Trd, 4318166.143, 140
Trd, 4318169.143, 134
Trd, 4318169.443, 139
Trd, 4318169.993, 111
Trd, 4318171.693, 89
Trd, 4318172.593, 101
Trd, 4318172.793, 115
Trd, 4318173.093, 131
Trd, 4318175.493, 96
Trd, 4318176.343, 106
Trd, 4318177.243, 93
Trd, 4318177.493, 132
Trd, 4318178.343, 105
Trd, 4318178.443, 83
Trd, 4318179.593, 107
Trd, 4318180.293, 111
Trd, 4318181.443, 117
Trd, 4318182.643, 101
Trd, 4318183.893, 107
Trd, 4318184.843, 104
Trd, 4318185.643, 125
Trd, 4318187.943, 101
Trd, 4318187.993, 131
Trd, 4318189.343, 128
Trd, 4318190.193, 95
Trd, 4318190.943, 139
Trd, 4318192.243, 128
Trd, 4318192.543, 117
Trd, 4318192.743, 115
Trd, 4318192.793, 87
Trd, 4318193.543, 127
Trd, 4318196.093, 100
Trd, 4318196.793, 112
Trd, 4318199.043, 140
Trd, 4318199.393, 127
Trd, 4318200.193, 136
Trd, 4318202.293, 130
Trd, 4318202.743, 113
Trd, 4318202.843, 128
Trd, 4318204.243, 123
Trd, 4318204.543, 124
Trd, 4318206.243, 132
Trd, 4318206.693, 114
Trd, 4318207.093, 135
Trd, 4318209.093, 112
Trd, 4318209.193, 104
Trd, 4318209.443, 111
Trd, 4318210.393, 106
Trd, 4318211.093, 99
Trd, 4318211.893, 114
Trd, 4318212.243, 98
Trd, 4318212.493, 81
Trd, 4318213.693, 137
Trd, 4318214.193, 125
Trd, 4318215.693, 123
Trd, 4318216.743, 135
Trd, 4318217.643, 122
Trd, 4318219.843, 103
Trd, 4318220.093, 100
Trd, 4318220.793, 122
Trd, 4318221.243, 118
Trd, 4318221.343, 85
Trd, 4318223.243, 118
Trd, 4318223.443, 123
Trd, 4318223.493, 109
Trd, 4318224.343, 114
Trd, 4318224.793, 107
Trd, 4318225.793, 100
Trd, 4318228.093, 133
Trd, 4318230.043, 105
Trd, 4318230.893, 84
Trd, 4318230.993, 85
Trd, 4318231.893, 113
Trd, 4318232.843, 103
Trd, 4318234.693, 108
Trd, 4318234.743, 101
Trd, 4318235.393, 124
Trd, 4318235.943, 122
Trd, 4318236.043, 121
Trd, 4318238.343, 129
Trd, 4318239.793, 127
Trd, 4318239.893, 117
Trd, 4318240.243, 111
Trd, 4318242.493, 116
Trd, 4318242.543, 111
Trd, 4318244.043, 135
Trd, 4318244.693, 119
Trd, 4318245.443, 98
Trd, 4318245.793, 118
Trd, 4318246.093, 97
Trd, 4318248.493, 95
Trd, 4318248.743, 124
Trd, 4318249.193, 127
Trd, 4318249.843, 123
Trd, 4318250.493, 122
Trd, 4318251.393, 102
Trd, 4318252.293, 134
Trd, 4318253.843, 92
Trd, 4318255.843, 125
Trd, 4318256.543, 118
Trd, 4318258.243, 113
Trd, 4318258.893, 106
Trd, 4318259.493, 109
Trd, 4318260.743, 121
Trd, 4318261.193, 124
Trd, 4318261.293, 125
Trd, 4318262.393, 127
Trd, 4318262.743, 105
Trd, 4318265.693, 92
Trd, 4318266.543, 111
Trd, 4318266.643, 110
Trd, 4318267.143, 107
Trd, 4318269.293, 96
Trd, 4318269.493, 138
Trd, 4318269.793, 81
Trd, 4318270.843, 118
Trd, 4318271.393, 114
Trd, 4318272.793, 138
Trd, 4318273.393, 97
Trd, 4318274.443, 85
Trd, 4318275.393, 134
Trd, 4318275.893, 102
Trd, 4318276.243, 95
Trd, 4318277.043, 112
Trd, 4318278.793, 119
Trd, 4318279.993, 139
Trd, 4318280.693, 128
Trd, 4318280.843, 126
Trd, 4318281.193, 120
Trd, 4318281.693, 140
Trd, 4318282.743, 113
Trd, 4318283.743, 112
Trd, 4318283.793, 109
Trd, 4318287.443, 116
Trd, 4318287.693, 140
Trd, 4318287.943, 123
Trd, 4318288.993, 128
Trd, 4318289.443, 118
Trd, 4318290.093, 107
Trd, 4318291.743, 109
Trd, 4318291.793, 102
Trd, 4318293.843, 80
Trd, 4318293.993, 87
Trd, 4318294.493, 122
Trd, 4318294.793, 119
Trd, 4318295.093, 123
Trd, 4318295.543, 109
Trd, 4318296.743, 118
Trd, 4318296.793, 127
Trd, 4318297.693, 88
Trd, 4318299.293, 134
Trd, 4318299.743, 135
Trd, 4318299.793, 75
Trd, 4318301.643, 121
Trd, 4318302.143, 104
Trd, 4318303.593, 114
Trd, 4318304.243, 93
Trd, 4318308.093, 108
Trd, 4318308.293, 68
Trd, 4318309.793, 118
Trd, 4318310.843, 127
Trd, 4318311.443, 125
Trd, 4318311.493, 117
Trd, 4318311.693, 113
Trd, 4318314.893, 106
Trd, 4318315.093, 105
Trd, 4318315.693, 125
Trd, 4318316.593, 123
Trd, 4318316.843, 109
Trd, 4318318.393, 125
Trd, 4318318.693, 106
Trd, 4318320.793, 115
Trd, 4318321.443, 103
Trd, 4318321.743, 103
Trd, 4318322.143, 89
Trd, 4318322.643, 131
Trd, 4318325.143, 113
Trd, 4318325.443, 138
Trd, 4318326.093, 110
Trd, 4318327.743, 126
Trd, 4318328.793, 91
Trd, 4318329.293, 94
Trd, 4318329.543, 90
Trd, 4318330.593, 138
Trd, 4318330.843, 134
Trd, 4318332.793, 136
Trd, 4318333.443, 133
Trd, 4318334.193, 130
Trd, 4318334.293, 117
Trd, 4318334.743, 134
Trd, 4318335.193, 122
Trd, 4318335.243, 95
Trd, 4318338.693, 137
Trd, 4318338.943, 118
Trd, 4318340.143, 131
Trd, 4318341.543, 107
Trd, 4318342.043, 138
Trd, 4318343.043, 106
Trd, 4318344.443, 121
Trd, 4318346.043, 138
Trd, 4318346.193, 136
Trd, 4318346.693, 126
Trd, 4318347.393, 140
Trd, 4318347.693, 137
Trd, 4318347.743, 127
Trd, 4318349.193, 108
Trd, 4318350.893, 134
Trd, 4318351.093, 121
Trd, 4318351.343, 109
Trd, 4318351.643, 134
Trd, 4318352.343, 110
Trd, 4318353.593, 87
Trd, 4318354.193, 118
Trd, 4318355.093, 131
Trd, 4318355.643, 109
Trd, 4318355.893, 108
Trd, 4318356.443, 93
Trd, 4318358.143, 84
Trd, 4318358.943, 80
Trd, 4318359.093, 98
Trd, 4318360.643, 87
Trd, 4318363.343, 128
Trd, 4318363.643, 119
Trd, 4318364.543, 123
Trd, 4318365.143, 122
Trd, 4318365.543, 109
Trd, 4318366.343, 120
Trd, 4318367.743, 136
Trd, 4318369.493, 126
Trd, 4318370.043, 114
Trd, 4318370.193, 112
Trd, 4318370.893, 135
Trd, 4318373.093, 138
Trd, 4318373.443, 110
Trd, 4318373.793, 108
Trd, 4318374.543, 106
Trd, 4318374.893, 134
Trd, 4318377.493, 135
Trd, 4318377.943, 131
Trd, 4318378.693, 137
Trd, 4318380.093, 122
Trd, 4318381.043, 134
Trd, 4318381.643, 130
Trd, 4318381.693, 129
Trd, 4318383.493, 126
Trd, 4318384.043, 109
Trd, 4318387.193, 130
Trd, 4318387.343, 126
Trd, 4318388.593, 92
Trd, 4318389.993, 124
Trd, 4318390.493, 103
Trd, 4318391.493, 137
Trd, 4318391.893, 127
Trd, 4318392.593, 106
Trd, 4318394.043, 108
Trd, 4318394.293, 100
Trd, 4318395.493, 122
Trd, 4318395.543, 106
Trd, 4318397.293, 107
Trd, 4318398.043, 121
Trd, 4318398.343, 124
Trd, 4318398.943, 136
Trd, 4318399.643, 108
Trd, 4318400.093, 115
Trd, 4318400.393, 101
Trd, 4318401.543, 140
Trd, 4318402.193, 140
Trd, 4318404.993, 126
Trd, 4318405.543, 133
Trd, 4318406.293, 129
Trd, 4318406.793, 116
Trd, 4318407.343, 133
Trd, 4318407.493, 122
Trd, 4318407.743, 123
Trd, 4318408.743, 139
Trd, 4318409.643, 119
Trd, 4318409.743, 95
Trd, 4318410.793, 130
Trd, 4318412.143, 123
Trd, 4318412.543, 96
Trd, 4318413.793, 105
Trd, 4318415.343, 121
Trd, 4318416.193, 123
Trd, 4318417.493, 101
Trd, 4318418.993, 122
Trd, 4318420.293, 105
Trd, 4318421.543, 100
Trd, 4318421.693, 104
Trd, 4318422.843, 110
Trd, 4318423.193, 102
Trd, 4318424.443, 134
Trd, 4318424.843, 101
Trd, 4318426.893, 95
Trd, 4318427.843, 129
Trd, 4318429.593, 93
Trd, 4318429.693, 118
Trd, 4318430.843, 104
Trd, 4318431.443, 114
Trd, 4318431.943, 126
Trd, 4318435.543, 128
Trd, 4318435.643, 125
Trd, 4318436.843, 103
Trd, 4318438.093, 113
Trd, 4318438.843, 111
Trd, 4318440.543, 136
Trd, 4318440.593, 135
Trd, 4318440.643, 133
Trd, 4318440.793, 126
Trd, 4318441.493, 129
Trd, 4318442.343, 108
Trd, 4318442.743, 135
Trd, 4318442.893, 92
Trd, 4318443.593, 71
Trd, 4318444.843, 80
Trd, 4318445.943, 112
Trd, 4318446.443, 111
Trd, 4318446.493, 110
Trd, 4318448.243, 127
Trd, 4318448.543, 121
Trd, 4318449.443, 110
Trd, 4318453.043, 105
Trd, 4318453.543, 130
Trd, 4318454.043, 120
Trd, 4318454.593, 136
Trd, 4318454.793, 132
Trd, 4318455.493, 99
Trd, 4318456.343, 126
Trd, 4318457.293, 78
Trd, 4318458.043, 113
Trd, 4318458.493, 118
Trd, 4318459.043, 116
Trd, 4318460.293, 101
Trd, 4318463.593, 128
Trd, 4318463.793, 123
Trd, 4318465.393, 114
Trd, 4318465.693, 104
Trd, 4318466.393, 126
Trd, 4318467.593, 127
Trd, 4318468.343, 128
Trd, 4318469.143, 114
Trd, 4318469.343, 85
Trd, 4318470.593, 123
Trd, 4318471.893, 139
Trd, 4318473.743, 101
Trd, 4318474.193, 105
Trd, 4318475.393, 76
Trd, 4318476.043, 135
Trd, 4318476.893, 124
Trd, 4318477.293, 134
Trd, 4318477.393, 123
Trd, 4318478.243, 137
Trd, 4318478.743, 107
Trd, 4318478.843, 96
Trd, 4318479.293, 98
Trd, 4318480.643, 103
Trd, 4318481.193, 133
Trd, 4318482.493, 82
Trd, 4318483.343, 121
Trd, 4318485.693, 138
Trd, 4318485.893, 100
Trd, 4318487.143, 129
Trd, 4318487.243, 104
Trd, 4318488.243, 103
Trd, 4318488.393, 95
Trd, 4318490.593, 128
Trd, 4318490.993, 125
Trd, 4318491.943, 112
Trd, 4318492.143, 111
Trd, 4318493.043, 76
Trd, 4318493.893, 61
Trd, 4318494.043, 97
Trd, 4318494.443, 109
Trd, 4318495.543, 73
Trd, 4318495.643, 115
Trd, 4318498.143, 122
Trd, 4318498.443, 106
Trd, 4318499.293, 123
Trd, 4318499.343, 125
Trd, 4318499.443, 132
Trd, 4318500.543, 115
Trd, 4318501.643, 127
Trd, 4318504.093, 118
Trd, 4318505.093, 103
Trd, 4318505.793, 103
Trd, 4318506.443, 123
Trd, 4318506.543, 102
Trd, 4318508.643, 130
Trd, 4318508.893, 120
Trd, 4318510.393, 126
Trd, 4318510.993, 104
Trd, 4318512.493, 116
Trd, 4318512.993, 104
Trd, 4318514.643, 132
Trd, 4318514.693, 109
Trd, 4318515.293, 106
Trd, 4318516.343, 89
Trd, 4318518.493, 106
Trd, 4318518.643, 122
Trd, 4318519.043, 105
Trd, 4318519.093, 130
Trd, 4318520.043, 109
Trd, 4318521.043, 99
Trd, 4318521.793, 128
Trd, 4318523.643, 126
Trd, 4318524.793, 114
Trd, 4318525.593, 107
Trd, 4318526.193, 113
Trd, 4318526.743, 87
Trd, 4318529.143, 110
Trd, 4318529.393, 96
Trd, 4318530.943, 120
Trd, 4318531.393, 122
Trd, 4318533.193, 134
Trd, 4318534.493, 132
Trd, 4318535.043, 135
Trd, 4318536.943, 126
Trd, 4318537.993, 104
Trd, 4318539.093, 139
Trd, 4318539.393, 115
Trd, 4318539.693, 106
Trd, 4318539.893, 104
Trd, 4318540.293, 102
Trd, 4318540.393, 97
Trd, 4318542.443, 132
Trd, 4318542.593, 120
Trd, 4318543.743, 130
Trd, 4318543.943, 129
Trd, 4318544.643, 82
Trd, 4318545.393, 77
Trd, 4318545.643, 93
Trd, 4318545.843, 111
Trd, 4318548.493, 104
Trd, 4318548.893, 107
Trd, 4318550.843, 124
Trd, 4318552.043, 135
Trd, 4318552.293, 135
Trd, 4318552.693, 136
Trd, 4318555.293, 131
Trd, 4318556.743, 140
Trd, 4318557.343, 139
Trd, 4318557.693, 139
Trd, 4318558.243, 127
Trd, 4318558.943, 114
Trd, 4318559.343, 84
Trd, 4318559.793, 63
Trd, 4318560.193, 98
Trd, 4318562.743, 93
Trd, 4318563.143, 78
Trd, 4318564.243, 75
Trd, 4318565.443, 94
Trd, 4318566.993, 104
Trd, 4318568.543, 92
Trd, 4318568.993, 88
Trd, 4318570.093, 114
Trd, 4318570.443, 106
Trd, 4318571.043, 108
Trd, 4318572.193, 133
Trd, 4318573.993, 135
Trd, 4318574.943, 135
Trd, 4318576.843, 134
Trd, 4318577.293, 131
Trd, 4318578.093, 126
Trd, 4318578.643, 138
Trd, 4318580.643, 113
Trd, 4318580.743, 109
Trd, 4318582.093, 90
Trd, 4318582.293, 92
Trd, 4318583.993, 127
Trd, 4318585.743, 121
Trd, 4318585.993, 115
Trd, 4318587.343, 103
Trd, 4318587.843, 102
Trd, 4318589.093, 137
Trd, 4318589.443, 104
Trd, 4318590.493, 123
Trd, 4318592.543, 120
Trd, 4318592.893, 115
Trd, 4318593.943, 117
Trd, 4318595.643, 115
Trd, 4318596.543, 116
Trd, 4318597.143, 65
Trd, 4318599.493, 90
Trd, 4318599.843, 82
Trd, 4318601.743, 119
Trd, 4318602.443, 118
Trd, 4318603.193, 108
Trd, 4318603.393, 112
Trd, 4318603.543, 89
Trd, 4318607.243, 132
Trd, 4318607.993, 126
Trd, 4318608.143, 123
Trd, 4318608.793, 112
Trd, 4318609.893, 88
Trd, 4318610.393, 128
Trd, 4318611.343, 128
Trd, 4318612.693, 126
Trd, 4318614.593, 122
Trd, 4318615.493, 113
Trd, 4318615.693, 116
Trd, 4318616.043, 88
Trd, 4318616.743, 116
Trd, 4318617.243, 88
Trd, 4318620.043, 136
Trd, 4318620.693, 134
Trd, 4318620.743, 124
Trd, 4318623.293, 114
Trd, 4318623.743, 114
Trd, 4318625.893, 117
Trd, 4318626.393, 111
Trd, 4318626.893, 111
Trd, 4318627.743, 128
Trd, 4318628.693, 126
Trd, 4318629.193, 119
Trd, 4318629.543, 131
Trd, 4318630.043, 83
Trd, 4318630.193, 86
Trd, 4318630.793, 82
Trd, 4318632.693, 101
Trd, 4318633.293, 77
Trd, 4318634.043, 65
Trd, 4318634.693, 72
Trd, 4318636.193, 116
Trd, 4318637.493, 133
Trd, 4318637.593, 124
Trd, 4318638.743, 118
Trd, 4318639.843, 117
Trd, 4318642.543, 123
Trd, 4318642.843, 110
Trd, 4318643.593, 134
Trd, 4318644.493, 98
Trd, 4318644.593, 95
Trd, 4318647.043, 128
Trd, 4318647.593, 137
Trd, 4318648.043, 122
Trd, 4318650.893, 121
Trd, 4318651.243, 110
Trd, 4318652.743, 96
Trd, 4318652.893, 128
Trd, 4318653.893, 136
Trd, 4318654.393, 131
Trd, 4318654.543, 93
Trd, 4318655.993, 129
Trd, 4318656.143, 129
Trd, 4318656.443, 112
Trd, 4318657.293, 110
Trd, 4318657.393, 109
Trd, 4318658.243, 122
Trd, 4318658.693, 116
Trd, 4318658.743, 108
Trd, 4318660.243, 132
Trd, 4318660.293, 121
Trd, 4318660.793, 129
Trd, 4318661.693, 127
Trd, 4318661.843, 109
Trd, 4318662.143, 123
Trd, 4318662.643, 121
Trd, 4318664.393, 60
Trd, 4318666.843, 92
Trd, 4318667.643, 129
Trd, 4318669.343, 138
Trd, 4318670.093, 122
Trd, 4318670.993, 117
Trd, 4318671.443, 111
Trd, 4318672.893, 137
Trd, 4318674.493, 117
Trd, 4318675.343, 118
Trd, 4318675.393, 112
Trd, 4318675.743, 111
Trd, 4318676.843, 131
Trd, 4318678.493, 123
Trd, 4318678.843, 115
Trd, 4318680.343, 108
Trd, 4318680.693, 84
Trd, 4318681.843, 126
Trd, 4318682.943, 134
Trd, 4318682.993, 104
Trd, 4318684.693, 131
Trd, 4318685.993, 129
Trd, 4318686.693, 128
Trd, 4318686.993, 138
Trd, 4318688.493, 110
Trd, 4318689.493, 131
Trd, 4318690.493, 136
Trd, 4318690.993, 119
Trd, 4318691.843, 122
Trd, 4318694.643, 117
Trd, 4318694.943, 125
Trd, 4318696.293, 105
Trd, 4318696.693, 102
Trd, 4318696.993, 106
Trd, 4318697.943, 76
Trd, 4318698.343, 106
Trd, 4318698.393, 95
Trd, 4318699.993, 117
Trd, 4318700.193, 84
Trd, 4318700.643, 131
Trd, 4318701.343, 124
Trd, 4318702.493, 112
Trd, 4318703.393, 136
Trd, 4318704.093, 122
Trd, 4318705.343, 79
Trd, 4318705.943, 116
Trd, 4318708.943, 126
Trd, 4318709.843, 122
Trd, 4318709.943, 98
Trd, 4318710.643, 121
Trd, 4318711.193, 115
Trd, 4318712.743, 117
Trd, 4318713.193, 131
Trd, 4318714.193, 129
Trd, 4318716.243, 129
Trd, 4318720.293, 135
Trd, 4318720.993, 139
Trd, 4318722.693, 130
Trd, 4318723.393, 123
Trd, 4318723.493, 117
Trd, 4318724.243, 121
Trd, 4318724.493, 115
Trd, 4318724.643, 122
Trd, 4318726.243, 128
Trd, 4318727.243, 115
Trd, 4318727.893, 117
Trd, 4318728.443, 106
Trd, 4318728.793, 117
Trd, 4318729.393, 107
Trd, 4318729.793, 129
Trd, 4318732.093, 73
Trd, 4318732.443, 102
Trd, 4318732.593, 94
Trd, 4318734.793, 111
Trd, 4318735.393, 110
Trd, 4318736.293, 129
Trd, 4318736.543, 120
Trd, 4318736.693, 113
Trd, 4318737.043, 136
Trd, 4318737.993, 117
Trd, 4318738.793, 109
Trd, 4318742.943, 110
Trd, 4318743.993, 127
Trd, 4318744.243, 121
Trd, 4318744.743, 121
Trd, 4318745.143, 96
Trd, 4318745.743, 91
Trd, 4318748.593, 132
Trd, 4318749.693, 122
Trd, 4318749.893, 124
Trd, 4318751.093, 120
Trd, 4318751.793, 138
Trd, 4318752.743, 117
Trd, 4318753.493, 136
Trd, 4318755.343, 117
Trd, 4318755.743, 124
Trd, 4318756.193, 123
Trd, 4318758.793, 138
Trd, 4318760.043, 127
Trd, 4318761.043, 92
Trd, 4318761.093, 91
Trd, 4318762.543, 109
Trd, 4318764.143, 120
Trd, 4318764.443, 104
Trd, 4318765.393, 88
Trd, 4318765.443, 83
Trd, 4318766.493, 124
Trd, 4318767.443, 98
Trd, 4318769.443, 133
Trd, 4318769.793, 130
Trd, 4318770.843, 135
Trd, 4318771.593, 92
Trd, 4318772.093, 105
Trd, 4318772.643, 127
Trd, 4318773.893, 111
Trd, 4318774.343, 96
Trd, 4318775.743, 128
Trd, 4318775.943, 98
Trd, 4318776.143, 130
Trd, 4318776.643, 111
Trd, 4318778.443, 117
Trd, 4318778.543, 120
Trd, 4318779.643, 101
Trd, 4318780.043, 86
Trd, 4318780.693, 126
Trd, 4318781.893, 131
Trd, 4318783.293, 127
Trd, 4318784.643, 134
Trd, 4318787.293, 136
Trd, 4318787.543, 125
Trd, 4318788.793, 119
Trd, 4318789.343, 98
Trd, 4318790.593, 131
Trd, 4318790.843, 139
Trd, 4318790.893, 121
Trd, 4318791.993, 101
Trd, 4318792.143, 89
Trd, 4318792.743, 123
Trd, 4318792.793, 88
Trd, 4318794.743, 109
Trd, 4318796.993, 140
Trd, 4318797.043, 138
Trd, 4318797.243, 119
Trd, 4318797.543, 111
Trd, 4318797.743, 99
Trd, 4318800.393, 126
Trd, 4318800.643, 119
Trd, 4318801.743, 122
Trd, 4318801.893, 121
Trd, 4318802.393, 140
Trd, 4318803.243, 118
Trd, 4318806.343, 99
Trd, 4318806.843, 135
Trd, 4318807.243, 135
Trd, 4318808.193, 138
Trd, 4318809.643, 125
Trd, 4318810.393, 135
Trd, 4318813.143, 116
Trd, 4318813.843, 132
Trd, 4318814.343, 125
Trd, 4318815.643, 131
Trd, 4318816.893, 116
Trd, 4318817.293, 103
Trd, 4318818.843, 88
Trd, 4318819.093, 116
Trd, 4318821.243, 133
Trd, 4318821.893, 125
Trd, 4318822.193, 120
Trd, 4318822.543, 121
Trd, 4318822.943, 127
Trd, 4318825.093, 115
Trd, 4318825.543, 98
Trd, 4318826.443, 110
Trd, 4318826.543, 122
Trd, 4318827.493, 140
Trd, 4318828.693, 133
Trd, 4318830.243, 126
Trd, 4318831.193, 126
Trd, 4318831.943, 130
Trd, 4318833.593, 109
Trd, 4318833.793, 108
Trd, 4318834.093, 94
Trd, 4318835.193, 123
Trd, 4318836.593, 109
Trd, 4318838.043, 122
Trd, 4318838.943, 128
Trd, 4318840.593, 122
Trd, 4318841.143, 121
Trd, 4318841.393, 115
Trd, 4318843.393, 120
Trd, 4318844.293, 118
Trd, 4318845.543, 120
Trd, 4318845.843, 124
Trd, 4318846.493, 126
Trd, 4318846.643, 123
Trd, 4318848.543, 111
Trd, 4318849.743, 132
Trd, 4318850.593, 127
Trd, 4318851.893, 127
Trd, 4318853.143, 132
Trd, 4318853.693, 114
Trd, 4318854.943, 114
Trd, 4318857.293, 123
Trd, 4318857.493, 119
Trd, 4318857.593, 116
Trd, 4318858.493, 128
Trd, 4318859.043, 131
Trd, 4318859.343, 104
Trd, 4318859.843, 132
Trd, 4318861.593, 124
Trd, 4318863.493, 138
Trd, 4318863.693, 116
Trd, 4318864.543, 104
Trd, 4318865.193, 103
Trd, 4318865.543, 114
Trd, 4318866.143, 98
Trd, 4318866.393, 98
Trd, 4318867.193, 128
Trd, 4318869.143, 117
Trd, 4318869.393, 116
Trd, 4318870.793, 84
Trd, 4318871.193, 105
Trd, 4318873.493, 97
Trd, 4318873.593, 93
Trd, 4318873.793, 91
Trd, 4318875.193, 107
Trd, 4318876.043, 130
Trd, 4318876.493, 127
Trd, 4318877.843, 121
Trd, 4318878.893, 123
Trd, 4318881.343, 131
Trd, 4318882.093, 137
Trd, 4318882.393, 133
Trd, 4318882.693, 129
Trd, 4318882.893, 106
Trd, 4318883.543, 121
Trd, 4318885.943, 125
Trd, 4318885.993, 111
Trd, 4318887.093, 139
Trd, 4318887.243, 119
Trd, 4318887.643, 112
Trd, 4318888.843, 110
Trd, 4318889.693, 101
Trd, 4318890.393, 68
Trd, 4318890.843, 71
Trd, 4318890.943, 90
Trd, 4318891.993, 129
Trd, 4318892.443, 127
Trd, 4318895.843, 88
Trd, 4318896.043, 116
Trd, 4318896.193, 86
Trd, 4318898.343, 99
Trd, 4318899.543, 122
Trd, 4318899.593, 130
Trd, 4318900.043, 86
Trd, 4318900.643, 85
Trd, 4318901.043, 87
Trd, 4318901.143, 88
Trd, 4318901.543, 84
Trd, 4318902.343, 133
Trd, 4318903.593, 135
Trd, 4318903.793, 129
Trd, 4318905.643, 97
Trd, 4318905.943, 88
Trd, 4318908.193, 118
Trd, 4318908.893, 103
Trd, 4318909.093, 104
Trd, 4318912.243, 133
Trd, 4318912.543, 121
Trd, 4318913.443, 130
Trd, 4318914.243, 131
Trd, 4318915.843, 136
Trd, 4318915.993, 120
Trd, 4318916.093, 84
Trd, 4318917.193, 115
Trd, 4318919.293, 114
Trd, 4318919.743, 108
Trd, 4318920.043, 103
Trd, 4318922.143, 118
Trd, 4318924.393, 134
Trd, 4318924.543, 126
Trd, 4318926.543, 121
Trd, 4318928.043, 134
Trd, 4318928.343, 138
Trd, 4318929.443, 133
Trd, 4318930.243, 106
Trd, 4318930.343, 101
Trd, 4318931.443, 121
Trd, 4318932.693, 100
Trd, 4318933.493, 132
Trd, 4318933.993, 123
Trd, 4318935.043, 127
Trd, 4318935.493, 139
Trd, 4318936.293, 127
Trd, 4318937.093, 121
Trd, 4318937.793, 124
Trd, 4318937.893, 105
Trd, 4318938.743, 135
Trd, 4318939.043, 134
Trd, 4318940.843, 121
Trd, 4318942.493, 81
Trd, 4318943.793, 99
Trd, 4318944.143, 119
Trd, 4318944.843, 99
Trd, 4318945.093, 86
Trd, 4318945.493, 132
Trd, 4318947.943, 124
Trd, 4318948.943, 136
Trd, 4318949.643, 127
Trd, 4318950.293, 120
Trd, 4318951.043, 123
Trd, 4318952.293, 125
Trd, 4318953.043, 122
Trd, 4318954.093, 122
Trd, 4318954.243, 119
Trd, 4318955.093, 123
Trd, 4318955.293, 112
Trd, 4318956.443, 93
Trd, 4318957.693, 129
Trd, 4318958.793, 117
Trd, 4318959.693, 125
Trd, 4318960.043, 125
Trd, 4318960.843, 120
Trd, 4318961.193, 125
Trd, 4318961.243, 102
Trd, 4318961.643, 77
Trd, 4318961.693, 68
Trd, 4318962.443, 120
Trd, 4318962.893, 129
Trd, 4318963.143, 123
Trd, 4318963.343, 118
Trd, 4318966.343, 100
Trd, 4318966.393, 99
Trd, 4318966.693, 97
Trd, 4318968.243, 122
Trd, 4318969.643, 116
Trd, 4318969.943, 130
Trd, 4318970.493, 100
Trd, 4318972.393, 113
Trd, 4318973.143, 105
Trd, 4318974.993, 129
Trd, 4318975.743, 95
Trd, 4318977.193, 126
Trd, 4318977.793, 124
Trd, 4318978.243, 133
Trd, 4318979.043, 119
Trd, 4318980.943, 137
Trd, 4318981.243, 115
Trd, 4318981.693, 124
Trd, 4318981.993, 119
Trd, 4318983.093, 133
Trd, 4318983.593, 140
Trd, 4318984.893, 137
Trd, 4318984.993, 136
Trd, 4318985.443, 136
Trd, 4318985.593, 117
Trd, 4318987.093, 131
Trd, 4318989.243, 126
Trd, 4318989.843, 125
Trd, 4318990.093, 125
Trd, 4318990.143, 101
Trd, 4318990.843, 104
Trd, 4318991.743, 104
Trd, 4318994.043, 100
Trd, 4318995.443, 130
Trd, 4318995.693, 113
Trd, 4318996.443, 131
Trd, 4318997.793, 124
Trd, 4318998.993, 136
Trd, 4318999.293, 93
Trd, 4318999.843, 108
Trd, 4319000.193, 125
Trd, 4319002.043, 130
Trd, 4319002.443, 111
Trd, 4319002.493, 120
Trd, 4319003.593, 94
Trd, 4319004.193, 99
Trd, 4319004.893, 93
Trd, 4319007.043, 133
Trd, 4319007.493, 134
Trd, 4319008.093, 128
Trd, 4319009.293, 116
Trd, 4319010.293, 122
Trd, 4319011.443, 102
Trd, 4319011.993, 93
Trd, 4319013.593, 130
Trd, 4319014.093, 114
Trd, 4319015.043, 113
Trd, 4319016.143, 103
Trd, 4319016.193, 126
Trd, 4319016.393, 89
Trd, 4319016.843, 72
Trd, 4319020.093, 93
Trd, 4319020.843, 136
Trd, 4319021.043, 135
Trd, 4319021.743, 133
Trd, 4319022.393, 104
Trd, 4319023.243, 132
Trd, 4319024.143, 131
Trd, 4319024.293, 109
Trd, 4319024.743, 109
Trd, 4319025.593, 108
Trd, 4319026.043, 95
Trd, 4319026.993, 118
Trd, 4319028.293, 115
Trd, 4319029.543, 104
Trd, 4319030.493, 117
Trd, 4319032.893, 119
Trd, 4319033.043, 115
Trd, 4319034.643, 102
Trd, 4319035.593, 107
Trd, 4319036.093, 108
Trd, 4319040.243, 139
Trd, 4319041.543, 129
Trd, 4319041.643, 127
Trd, 4319042.143, 137
Trd, 4319045.343, 133
Trd, 4319045.843, 132
Trd, 4319047.093, 119
Trd, 4319048.443, 121
Trd, 4319048.543, 120
Trd, 4319052.843, 134
Trd, 4319052.993, 124
Trd, 4319053.243, 94
Trd, 4319054.943, 124
Trd, 4319055.743, 119
Trd, 4319057.493, 122
Trd, 4319057.743, 115
Trd, 4319058.143, 126
Trd, 4319059.443, 130
Trd, 4319061.943, 115
Trd, 4319062.093, 114
Trd, 4319062.343, 97
Trd, 4319063.593, 135
Trd, 4319064.443, 102
Trd, 4319065.693, 139
Trd, 4319066.393, 113
Trd, 4319066.743, 112
Trd, 4319068.393, 123
Trd, 4319070.093, 124
Trd, 4319070.693, 122
Trd, 4319070.893, 139
Trd, 4319071.643, 79
Trd, 4319073.243, 111
Trd, 4319073.493, 110
Trd, 4319073.843, 119
Trd, 4319076.743, 130
Trd, 4319076.993, 127
Trd, 4319079.893, 140
Trd, 4319080.093, 139
Trd, 4319080.143, 129
Trd, 4319081.343, 130
Trd, 4319081.793, 128
Trd, 4319083.493, 140
Trd, 4319083.793, 112
Trd, 4319084.493, 100
Trd, 4319085.643, 130
Trd, 4319085.743, 126
Trd, 4319087.993, 126
Trd, 4319089.093, 137
Trd, 4319089.493, 127
Trd, 4319091.093, 81
Trd, 4319091.393, 98
Trd, 4319092.593, 134
Trd, 4319094.793, 131
Trd, 4319096.793, 137
Trd, 4319098.893, 139
Trd, 4319100.293, 139
Trd, 4319101.093, 133
Trd, 4319101.343, 122
Trd, 4319102.243, 124
Trd, 4319102.393, 109
Trd, 4319102.743, 131
Trd, 4319104.243, 98
Trd, 4319104.343, 92
Trd, 4319104.793, 98
Trd, 4319107.393, 120
Trd, 4319108.443, 114
Trd, 4319109.493, 114
Trd, 4319111.243, 127
Trd, 4319111.693, 123
Trd, 4319113.893, 117
Trd, 4319113.993, 113
Trd, 4319115.043, 136
Trd, 4319115.293, 119
Trd, 4319115.543, 98
Trd, 4319116.343, 118
Trd, 4319116.643, 118
Trd, 4319118.143, 97
Trd, 4319118.193, 106
Trd, 4319119.793, 131
Trd, 4319122.043, 93
Trd, 4319122.393, 128
Trd, 4319123.593, 119
Trd, 4319124.643, 117
Trd, 4319125.043, 140
Trd, 4319125.293, 123
Trd, 4319125.543, 116
Trd, 4319127.143, 140
Trd, 4319128.043, 134
Trd, 4319128.193, 131
Trd, 4319128.493, 127
Trd, 4319129.293, 135
Trd, 4319129.743, 136
Trd, 4319132.043, 133
Trd, 4319132.643, 134
Trd, 4319135.343, 138
Trd, 4319135.593, 131
Trd, 4319136.093, 117
Trd, 4319136.443, 103
Trd, 4319138.593, 119
Trd, 4319139.143, 90
Trd, 4319139.343, 111
Trd, 4319139.643, 126
Trd, 4319140.243, 136
Trd, 4319140.843, 98
Trd, 4319142.193, 85
Trd, 4319142.393, 90
Trd, 4319143.493, 123
Trd, 4319144.093, 119
Trd, 4319144.193, 109
Trd, 4319144.593, 122
Trd, 4319146.143, 94
Trd, 4319146.343, 108
Trd, 4319146.543, 97
Trd, 4319147.143, 69
Trd, 4319148.393, 87
Trd, 4319148.543, 115
Trd, 4319151.543, 127
Trd, 4319152.193, 99
Trd, 4319152.443, 99
Trd, 4319156.693, 124
Trd, 4319157.343, 121
Trd, 4319157.843, 106
Trd, 4319157.943, 107
Trd, 4319158.943, 121
Trd, 4319160.993, 126
Trd, 4319161.843, 122
Trd, 4319162.093, 114
Trd, 4319162.693, 116
Trd, 4319162.993, 91
Trd, 4319163.493, 133
Trd, 4319165.093, 119
Trd, 4319166.943, 89
Trd, 4319167.993, 137
Trd, 4319168.093, 108
Trd, 4319168.593, 109
Trd, 4319169.343, 130
Trd, 4319169.443, 103
Trd, 4319170.643, 110
Trd, 4319171.793, 133
Trd, 4319173.443, 98
Trd, 4319174.043, 96
Trd, 4319174.743, 92
Trd, 4319177.243, 129
Trd, 4319178.543, 140
Trd, 4319178.943, 136
Trd, 4319179.393, 120
Trd, 4319179.593, 110
Trd, 4319179.993, 130
Trd, 4319181.693, 123
Trd, 4319182.843, 98
Trd, 4319183.043, 85
Trd, 4319183.643, 118
Trd, 4319184.893, 137
Trd, 4319186.143, 115
Trd, 4319186.293, 110
Trd, 4319186.343, 103
Trd, 4319187.343, 100
Trd, 4319188.793, 103
Trd, 4319189.343, 128
Trd, 4319190.643, 111
Trd, 4319191.593, 89
Trd, 4319192.093, 108
Trd, 4319193.293, 97
Trd, 4319196.843, 103
Trd, 4319197.393, 98
Trd, 4319197.843, 68
Trd, 4319198.593, 75
Trd, 4319198.943, 78
Trd, 4319199.243, 99
Trd, 4319199.593, 126
Trd, 4319201.293, 109
Trd, 4319202.393, 134
Trd, 4319203.293, 129
Trd, 4319203.393, 122
Trd, 4319204.343, 120
Trd, 4319205.343, 119
Trd, 4319205.743, 113
Trd, 4319205.893, 101
Trd, 4319206.993, 111
Trd, 4319207.493, 118
Trd, 4319209.593, 63
Trd, 4319210.293, 90
Trd, 4319210.843, 134
Trd, 4319211.143, 127
Trd, 4319211.593, 80
Trd, 4319211.943, 87
Trd, 4319212.993, 91
Trd, 4319215.193, 126
Trd, 4319216.743, 126
Trd, 4319216.893, 130
Trd, 4319219.593, 110
Trd, 4319219.643, 121
Trd, 4319220.143, 136
Trd, 4319220.693, 108
Trd, 4319221.643, 126
Trd, 4319222.893, 125
Trd, 4319223.443, 135
Trd, 4319225.643, 139
Trd, 4319227.293, 117
Trd, 4319227.393, 116
Trd, 4319228.643, 105
Trd, 4319229.443, 105
Trd, 4319231.643, 100
Trd, 4319234.493, 137
Trd, 4319235.043, 123
Trd, 4319235.743, 102
Trd, 4319236.743, 115
Trd, 4319237.793, 131
Trd, 4319238.143, 125
Trd, 4319238.743, 110
Trd, 4319239.043, 136
Trd, 4319239.093, 95
Trd, 4319239.343, 84
Trd, 4319242.143, 116
Trd, 4319242.593, 118
Trd, 4319243.243, 131
Trd, 4319243.893, 96
Trd, 4319244.693, 60
Trd, 4319245.793, 118
Trd, 4319245.843, 117
Trd, 4319247.643, 130
Trd, 4319248.743, 93
Trd, 4319250.093, 121
Trd, 4319252.193, 129
Trd, 4319253.093, 126
Trd, 4319253.493, 109
Trd, 4319253.543, 132
Trd, 4319254.443, 112
Trd, 4319255.343, 122
Trd, 4319255.543, 107
Trd, 4319256.393, 119
Trd, 4319258.593, 124
Trd, 4319258.693, 115
Trd, 4319258.893, 112
Trd, 4319259.043, 109
Trd, 4319261.493, 116
Trd, 4319261.593, 123
Trd, 4319262.893, 77
Trd, 4319263.093, 70
Trd, 4319263.893, 86
Trd, 4319264.643, 99
Trd, 4319266.093, 82
Trd, 4319266.593, 122
Trd, 4319267.343, 140
Trd, 4319268.093, 93
Trd, 4319268.593, 102
Trd, 4319269.743, 131
Trd, 4319271.093, 115
Trd, 4319271.193, 113
Trd, 4319274.293, 134
Trd, 4319274.543, 131
Trd, 4319275.143, 122
Trd, 4319276.293, 89
Trd, 4319277.293, 104
Trd, 4319281.693, 140
Trd, 4319282.193, 129
Trd, 4319282.293, 122
Trd, 4319282.893, 125
Trd, 4319283.443, 118
Trd, 4319284.943, 118
Trd, 4319285.443, 117
Trd, 4319286.293, 115
Trd, 4319287.843, 102
Trd, 4319290.343, 130
Trd, 4319290.943, 122
Trd, 4319291.243, 105
Trd, 4319292.893, 85
Trd, 4319293.393, 102
Trd, 4319294.593, 121
Trd, 4319297.393, 122
Trd, 4319297.693, 116
Trd, 4319298.143, 108
Trd, 4319298.693, 126
Trd, 4319300.743, 136
Trd, 4319301.193, 122
Trd, 4319301.693, 121
Trd, 4319301.843, 111
Trd, 4319305.543, 139
Trd, 4319306.793, 140
Trd, 4319306.943, 130
Trd, 4319308.893, 132
Trd, 4319309.193, 122
Trd, 4319309.593, 119
Trd, 4319309.843, 137
Trd, 4319310.243, 119
Trd, 4319311.843, 109
Trd, 4319312.243, 103
Trd, 4319313.243, 90
Trd, 4319313.993, 109
Trd, 4319314.343, 125
Trd, 4319314.743, 107
Trd, 4319316.243, 135
Trd, 4319316.293, 118
Trd, 4319316.643, 110
Trd, 4319318.593, 137
Trd, 4319320.293, 102
Trd, 4319321.193, 105
Trd, 4319321.243, 110
Trd, 4319321.643, 131
Trd, 4319322.043, 100
Trd, 4319322.493, 98
Trd, 4319324.893, 112
Trd, 4319324.943, 100
Trd, 4319328.843, 135
Trd, 4319328.993, 131
Trd, 4319329.093, 119
Trd, 4319329.993, 118
Trd, 4319330.143, 118
Trd, 4319330.943, 122
Trd, 4319332.343, 109
Trd, 4319332.443, 93
Trd, 4319332.993, 121
Trd, 4319333.393, 88
Trd, 4319335.293, 102
Trd, 4319335.493, 87
Trd, 4319336.293, 124
Trd, 4319337.493, 101
Trd, 4319338.193, 85
Trd, 4319338.443, 96
Trd, 4319338.743, 84
Trd, 4319340.793, 131
Trd, 4319341.943, 118
Trd, 4319342.343, 111
Trd, 4319343.143, 131
Trd, 4319343.443, 130
Trd, 4319343.843, 115
Trd, 4319345.193, 120
Trd, 4319346.593, 117
Trd, 4319347.693, 119
Trd, 4319347.843, 112
Trd, 4319348.293, 129
Trd, 4319349.243, 132
Trd, 4319349.743, 128
Trd, 4319353.243, 122
Trd, 4319353.393, 120
Trd, 4319353.543, 109
Trd, 4319354.293, 105
Trd, 4319355.643, 100
Trd, 4319355.743, 104
Trd, 4319356.293, 109
Trd, 4319358.543, 128
Trd, 4319358.693, 96
Trd, 4319359.593, 129
Trd, 4319361.593, 119
Trd, 4319362.993, 113
Trd, 4319365.043, 140
Trd, 4319366.443, 127
Trd, 4319366.593, 120
Trd, 4319366.893, 107
Trd, 4319367.143, 124
Trd, 4319368.443, 114
Trd, 4319368.693, 113
Trd, 4319368.893, 124
Trd, 4319370.143, 121
Trd, 4319371.093, 138
Trd, 4319371.393, 137
Trd, 4319372.493, 125
Trd, 4319373.893, 128
Trd, 4319374.193, 134
Trd, 4319374.493, 120
Trd, 4319375.043, 98
Trd, 4319376.493, 139
Trd, 4319377.243, 126
Trd, 4319378.943, 105
Trd, 4319383.293, 120
Trd, 4319383.543, 112
Trd, 4319384.093, 115
Trd, 4319385.043, 102
Trd, 4319385.793, 116
Trd, 4319387.293, 120
Trd, 4319387.443, 119
Trd, 4319387.693, 125
Trd, 4319388.643, 87
Trd, 4319388.693, 81
Trd, 4319391.493, 131
Trd, 4319392.243, 140
Trd, 4319392.593, 133
Trd, 4319392.743, 108
Trd, 4319393.243, 94
Trd, 4319394.243, 97
Trd, 4319394.593, 90
Trd, 4319395.093, 86
Trd, 4319395.593, 69
Trd, 4319397.693, 64
Trd, 4319399.243, 115
Trd, 4319399.393, 113
Trd, 4319399.693, 102
Trd, 4319400.193, 118
Trd, 4319401.043, 122
Trd, 4319401.693, 110
Trd, 4319403.643, 108
Trd, 4319403.743, 87
Trd, 4319405.243, 120
Trd, 4319405.893, 120
Trd, 4319406.143, 119
Trd, 4319406.843, 118
Trd, 4319407.793, 111
Trd, 4319410.843, 136
Trd, 4319412.993, 133
Trd, 4319413.293, 132
Trd, 4319414.593, 116
Trd, 4319414.693, 115
Trd, 4319416.093, 139
Trd, 4319416.693, 139
Trd, 4319417.543, 138
Trd, 4319417.793, 136
Trd, 4319419.193, 119
Trd, 4319420.193, 107
Trd, 4319420.343, 86
Trd, 4319420.943, 108
Trd, 4319421.593, 121
Trd, 4319422.893, 130
Trd, 4319425.743, 128
Trd, 4319426.093, 124
Trd, 4319427.093, 133
Trd, 4319427.693, 124
Trd, 4319428.293, 118
Trd, 4319428.893, 124
Trd, 4319429.843, 136
Trd, 4319430.143, 113
Trd, 4319432.543, 106
Trd, 4319432.643, 109
Trd, 4319434.393, 101
Trd, 4319436.843, 124
Trd, 4319436.893, 122
Trd, 4319438.193, 128
Trd, 4319438.943, 119
Trd, 4319439.193, 111
Trd, 4319443.643, 129
Trd, 4319444.593, 93
Trd, 4319444.843, 98
Trd, 4319444.993, 82
Trd, 4319445.743, 96
Trd, 4319445.943, 88
Trd, 4319447.193, 114
Trd, 4319447.443, 111
Trd, 4319447.593, 110
Trd, 4319448.443, 93
Trd, 4319449.793, 122
Trd, 4319450.243, 116
Trd, 4319452.893, 115
Trd, 4319453.393, 104
Trd, 4319453.493, 87
Trd, 4319454.893, 137
Trd, 4319455.743, 114
Trd, 4319456.993, 136
Trd, 4319457.243, 103
Trd, 4319458.593, 134
Trd, 4319459.593, 126
Trd, 4319461.443, 122
Trd, 4319461.743, 114
Trd, 4319462.393, 118
Trd, 4319462.843, 121
Trd, 4319463.543, 117
Trd, 4319464.243, 116
Trd, 4319466.093, 138
Trd, 4319466.193, 118
Trd, 4319466.493, 91
Trd, 4319468.693, 100
Trd, 4319469.343, 129
Trd, 4319470.343, 140
Trd, 4319470.843, 139
Trd, 4319472.793, 102
Trd, 4319473.143, 138
Trd, 4319475.343, 112
Trd, 4319475.793, 112
Trd, 4319475.893, 106
Trd, 4319478.243, 123
Trd, 4319479.343, 129
Trd, 4319479.543, 128
Trd, 4319479.743, 127
Trd, 4319480.193, 116
Trd, 4319481.893, 129
Trd, 4319482.743, 135
Trd, 4319484.043, 114
Trd, 4319484.943, 134
Trd, 4319485.193, 126
Trd, 4319485.393, 120
Trd, 4319486.043, 123
Trd, 4319487.593, 136
Trd, 4319488.643, 131
Trd, 4319488.743, 124
Trd, 4319488.793, 107
Trd, 4319489.793, 115
Trd, 4319491.293, 108
Trd, 4319491.643, 122
Trd, 4319491.893, 106
Trd, 4319492.693, 88
Trd, 4319496.093, 84
Trd, 4319496.443, 114
Trd, 4319497.143, 68
Trd, 4319497.993, 115
Trd, 4319498.043, 134
Trd, 4319499.193, 99
Trd, 4319499.593, 131
Trd, 4319499.743, 95
Trd, 4319500.093, 93
Trd, 4319500.443, 132
Trd, 4319501.743, 124
Trd, 4319502.543, 118
Trd, 4319503.193, 137
Trd, 4319505.093, 139
Trd, 4319505.743, 124
Trd, 4319506.893, 136
Trd, 4319507.193, 117
Trd, 4319507.693, 111
Trd, 4319508.943, 131
Trd, 4319509.843, 130
Trd, 4319509.893, 93
Trd, 4319510.393, 106
Trd, 4319511.443, 135
Trd, 4319513.243, 104
Trd, 4319513.443, 98
Trd, 4319513.943, 100
Trd, 4319515.543, 125
Trd, 4319516.293, 140
Trd, 4319516.393, 140
Trd, 4319516.693, 128
Trd, 4319517.143, 127
Trd, 4319519.043, 100
Trd, 4319520.493, 126
Trd, 4319522.443, 127
Trd, 4319522.793, 104
Trd, 4319523.393, 114
Trd, 4319525.443, 108
Trd, 4319525.943, 105
Trd, 4319526.643, 96
Trd, 4319526.993, 106
Trd, 4319527.793, 132
Trd, 4319527.943, 92
Trd, 4319528.543, 106
Trd, 4319530.743, 87
Trd, 4319531.493, 70
Trd, 4319532.593, 134
Trd, 4319533.643, 99
Trd, 4319533.793, 121
Trd, 4319534.593, 121
Trd, 4319536.243, 136
Trd, 4319536.393, 135
Trd, 4319537.043, 131
Trd, 4319537.093, 109
Trd, 4319540.443, 140
Trd, 4319541.193, 133
Trd, 4319541.743, 127
Trd, 4319542.143, 122
Trd, 4319543.393, 99
Trd, 4319543.893, 103
Trd, 4319546.443, 77
Trd, 4319546.693, 108
Trd, 4319547.243, 135
Trd, 4319548.193, 87
Trd, 4319548.543, 119
Trd, 4319550.093, 106
Trd, 4319551.143, 99
Trd, 4319551.893, 105
Trd, 4319552.643, 88
Trd, 4319552.743, 101
Trd, 4319553.593, 95
Trd, 4319553.843, 85
Trd, 4319554.293, 84
Trd, 4319555.493, 112
Trd, 4319555.993, 136
Trd, 4319556.943, 104
Trd, 4319558.293, 99
Trd, 4319559.293, 89
Trd, 4319559.543, 76
Trd, 4319560.643, 78
Trd, 4319561.143, 91
Trd, 4319561.793, 124
Trd, 4319563.443, 110
Trd, 4319564.093, 128
Trd, 4319564.293, 85
Trd, 4319564.593, 108
Trd, 4319565.493, 103
Trd, 4319565.743, 87
Trd, 4319566.943, 116
Trd, 4319570.243, 122
Trd, 4319570.443, 123
Trd, 4319572.043, 128
Trd, 4319572.243, 123
Trd, 4319572.643, 138
Trd, 4319573.043, 112
Trd, 4319575.843, 136
Trd, 4319577.193, 138
Trd, 4319577.943, 134
Trd, 4319578.443, 117
Trd, 4319578.993, 125
Trd, 4319581.493, 125
Trd, 4319582.243, 121
Trd, 4319583.293, 124
Trd, 4319583.593, 101
Trd, 4319584.593, 80
Trd, 4319585.343, 128
Trd, 4319585.643, 112
Trd, 4319586.043, 90
Trd, 4319586.443, 91
Trd, 4319589.093, 136
Trd, 4319589.593, 104
Trd, 4319589.743, 94
Trd, 4319590.993, 112
Trd, 4319592.693, 140
Trd, 4319593.343, 133
Trd, 4319593.543, 117
Trd, 4319594.793, 127
Trd, 4319595.443, 110
Trd, 4319595.893, 104
Trd, 4319596.443, 92
Trd, 4319597.943, 137
Trd, 4319598.893, 124
Trd, 4319599.743, 96
Trd, 4319600.693, 116
Trd, 4319602.493, 117
Trd, 4319604.193, 115
Trd, 4319604.293, 98
Trd, 4319606.393, 117
Trd, 4319608.093, 128
Trd, 4319608.293, 131
Trd, 4319608.593, 128
Trd, 4319609.593, 127
Trd, 4319610.643, 128
Trd, 4319611.993, 128
Trd, 4319612.293, 114
Trd, 4319613.343, 139
Trd, 4319613.543, 109
Trd, 4319615.593, 81
Trd, 4319616.093, 81
Trd, 4319617.793, 117
Trd, 4319619.793, 139
Trd, 4319619.843, 109
Trd, 4319620.893, 127
Trd, 4319622.493, 126
Trd, 4319622.743, 126
Trd, 4319623.643, 121
Trd, 4319624.893, 112
Trd, 4319627.093, 138
Trd, 4319627.493, 139
Trd, 4319627.943, 129
Trd, 4319628.493, 126
Trd, 4319629.893, 107
Trd, 4319630.443, 136
Trd, 4319632.043, 103
Trd, 4319634.543, 101
Trd, 4319635.493, 100
Trd, 4319636.693, 97
Trd, 4319636.793, 95
Trd, 4319636.943, 95
Trd, 4319637.043, 93
Trd, 4319638.743, 98
Trd, 4319639.093, 85
Trd, 4319641.593, 138
Trd, 4319641.893, 126
Trd, 4319642.043, 136
Trd, 4319642.093, 118
Trd, 4319644.593, 124
Trd, 4319645.893, 140
Trd, 4319647.143, 127
Trd, 4319647.243, 125
Trd, 4319648.693, 110
Trd, 4319649.593, 120
Trd, 4319651.393, 133
Trd, 4319651.893, 127
Trd, 4319653.793, 120
Trd, 4319654.493, 104
Trd, 4319654.893, 97
Trd, 4319655.393, 139
Trd, 4319655.693, 89
Trd, 4319656.093, 131
Trd, 4319658.143, 133
Trd, 4319659.543, 128
Trd, 4319659.743, 113
Trd, 4319660.893, 137
Trd, 4319661.043, 111
Trd, 4319661.493, 99
Trd, 4319661.693, 92
Trd, 4319662.393, 108
Trd, 4319663.843, 101
Trd, 4319664.093, 102
Trd, 4319665.343, 65
Trd, 4319666.393, 83
Trd, 4319667.893, 138
Trd, 4319668.343, 134
Trd, 4319670.293, 134
Trd, 4319671.943, 138
Trd, 4319672.743, 125
Trd, 4319673.443, 137
Trd, 4319673.793, 130
Trd, 4319675.743, 122
Trd, 4319675.893, 120
Trd, 4319677.993, 126
Trd, 4319678.143, 121
Trd, 4319678.593, 137
Trd, 4319680.493, 133
Trd, 4319681.343, 127
Trd, 4319681.893, 131
Trd, 4319683.143, 128
Trd, 4319683.543, 106
Trd, 4319683.793, 97
Trd, 4319685.593, 131
Trd, 4319687.343, 134
Trd, 4319687.393, 112
Trd, 4319689.093, 118
Trd, 4319689.343, 82
Trd, 4319691.643, 109
Trd, 4319691.993, 84
Trd, 4319692.243, 127
Trd, 4319694.243, 126
Trd, 4319695.493, 126
Trd, 4319696.393, 117
Trd, 4319696.743, 112
Trd, 4319698.693, 109
Trd, 4319698.793, 110
Trd, 4319699.043, 90
Trd, 4319699.443, 128
Trd, 4319700.443, 94
Trd, 4319701.243, 79
Trd, 4319701.293, 104
Trd, 4319702.893, 105
Trd, 4319703.393, 104
Trd, 4319704.743, 109
Trd, 4319705.843, 110
Trd, 4319706.443, 125
Trd, 4319707.043, 99
Trd, 4319708.793, 103
Trd, 4319709.593, 120
Trd, 4319710.093, 119
Trd, 4319710.943, 135
Trd, 4319711.143, 109
Trd, 4319711.693, 94
Trd, 4319713.343, 139
Trd, 4319715.193, 130
Trd, 4319715.993, 129
Trd, 4319717.693, 129
Trd, 4319719.593, 131
Trd, 4319719.743, 122
Trd, 4319719.793, 115
Trd, 4319720.143, 86
Trd, 4319720.893, 85
Trd, 4319721.143, 126
Trd, 4319721.493, 118
Trd, 4319723.193, 132
Trd, 4319723.543, 110
Trd, 4319724.993, 108
Trd, 4319726.443, 111
Trd, 4319728.793, 119
Trd, 4319728.943, 114
Trd, 4319729.893, 117
Trd, 4319730.493, 111
Trd, 4319730.943, 129
Trd, 4319731.243, 120
Trd, 4319731.743, 108
Trd, 4319733.193, 135
Trd, 4319733.343, 131
Trd, 4319734.043, 126
Trd, 4319734.693, 125
Trd, 4319736.543, 100
Trd, 4319736.843, 96
Trd, 4319736.943, 95
Trd, 4319737.993, 104
Trd, 4319738.293, 82
Trd, 4319738.843, 88
Trd, 4319739.743, 119
Trd, 4319740.693, 79
Trd, 4319742.293, 128
Trd, 4319743.393, 120
Trd, 4319743.843, 118
Trd, 4319744.143, 78
Trd, 4319744.443, 126
Trd, 4319745.143, 65
Trd, 4319746.293, 60
Trd, 4319746.643, 67
Trd, 4319746.843, 117
Trd, 4319747.793, 132
Trd, 4319749.243, 85
Trd, 4319753.143, 136
Trd, 4319754.193, 120
Trd, 4319754.993, 133
Trd, 4319755.843, 128
Trd, 4319756.543, 124
Trd, 4319757.093, 113
Trd, 4319757.293, 125
Trd, 4319760.193, 132
Trd, 4319760.243, 126
Trd, 4319760.693, 135
Trd, 4319763.843, 122
Trd, 4319764.393, 120
Trd, 4319764.843, 113
Trd, 4319765.793, 88
Trd, 4319768.443, 134
Trd, 4319768.943, 113
Trd, 4319769.043, 109
Trd, 4319769.493, 96
Trd, 4319770.643, 90
Trd, 4319771.843, 126
Trd, 4319771.943, 116
Trd, 4319772.193, 136
Trd, 4319773.143, 140
Trd, 4319775.143, 127
Trd, 4319776.843, 139
Trd, 4319776.893, 132
Trd, 4319777.943, 139
Trd, 4319778.543, 117
Trd, 4319778.793, 89
Trd, 4319780.743, 120
Trd, 4319781.843, 100
Trd, 4319782.043, 138
Trd, 4319783.843, 122
Trd, 4319784.393, 127
Trd, 4319784.443, 126
Trd, 4319785.793, 135
Trd, 4319786.693, 111
Trd, 4319786.743, 105
Trd, 4319787.093, 130
Trd, 4319788.193, 113
Trd, 4319788.693, 131
Trd, 4319789.643, 133
Trd, 4319789.893, 102
Trd, 4319791.143, 102
Trd, 4319792.993, 122
Trd, 4319794.493, 110
Trd, 4319794.943, 93
Trd, 4319795.493, 106
Trd, 4319796.443, 81
Trd, 4319796.943, 138
Trd, 4319797.543, 131
Trd, 4319798.693, 124
Trd, 4319798.743, 112
Trd, 4319801.043, 136
Trd, 4319801.693, 126
Trd, 4319801.843, 124
Trd, 4319802.393, 112
Trd, 4319803.143, 87
Trd, 4319805.643, 118
Trd, 4319805.793, 112
Trd, 4319806.093, 137
Trd, 4319806.843, 133
Trd, 4319806.893, 100
Trd, 4319807.943, 69
Trd, 4319808.293, 93
Trd, 4319809.893, 107
Trd, 4319810.393, 122
Trd, 4319813.343, 126
Trd, 4319813.493, 123
Trd, 4319813.543, 128
Trd, 4319813.793, 118
Trd, 4319814.693, 131
Trd, 4319815.493, 82
Trd, 4319815.593, 110
Trd, 4319817.443, 127
Trd, 4319817.793, 138
Trd, 4319818.843, 101
Trd, 4319820.243, 113
Trd, 4319821.943, 136
Trd, 4319822.243, 129
Trd, 4319822.443, 123
Trd, 4319823.043, 78
Trd, 4319824.493, 140
Trd, 4319825.243, 130
Trd, 4319826.993, 107
Trd, 4319827.793, 119
Trd, 4319828.793, 111
Trd, 4319829.293, 89
Trd, 4319829.493, 90
Trd, 4319830.193, 140
Trd, 4319831.293, 86
Trd, 4319834.393, 119
Trd, 4319834.743, 118
Trd, 4319835.343, 130
Trd, 4319836.543, 124
Trd, 4319837.343, 124
Trd, 4319839.443, 138
Trd, 4319839.693, 132
Trd, 4319840.243, 127
Trd, 4319841.143, 124
Trd, 4319841.593, 96
Trd, 4319842.343, 108
Trd, 4319843.643, 110
Trd, 4319843.843, 89
Trd, 4319845.943, 138
Trd, 4319846.293, 127
Trd, 4319847.993, 101
Trd, 4319850.343, 126
Trd, 4319852.043, 127
Trd, 4319853.943, 131
Trd, 4319854.093, 113
Trd, 4319854.293, 126
Trd, 4319854.443, 116
Trd, 4319854.993, 115
Trd, 4319856.443, 109
Trd, 4319856.793, 104
Trd, 4319857.593, 99
Trd, 4319858.243, 96
Trd, 4319859.243, 102
Trd, 4319859.893, 130
Trd, 4319861.043, 138
Trd, 4319862.843, 115
Trd, 4319863.643, 128
Trd, 4319864.543, 133
Trd, 4319865.493, 109
Trd, 4319866.443, 129
Trd, 4319868.893, 111
Trd, 4319871.443, 127
Trd, 4319871.743, 133
Trd, 4319872.193, 124
Trd, 4319872.443, 123
Trd, 4319873.943, 95
Trd, 4319874.343, 78
Trd, 4319875.893, 128
Trd, 4319876.243, 132
Trd, 4319877.343, 107
Trd, 4319877.593, 105
Trd, 4319878.193, 91
Trd, 4319879.343, 137
Trd, 4319880.043, 122
Trd, 4319880.993, 115
Trd, 4319881.443, 136
Trd, 4319882.693, 122
Trd, 4319882.793, 120
Trd, 4319883.193, 105
Trd, 4319883.843, 104
Trd, 4319884.343, 95
Trd, 4319884.743, 139
Trd, 4319885.893, 124
Trd, 4319887.443, 112
Trd, 4319888.493, 110
Trd, 4319888.793, 119
Trd, 4319890.843, 134
Trd, 4319890.993, 110
Trd, 4319891.393, 118
Trd, 4319894.543, 104
Trd, 4319895.343, 134
Trd, 4319896.193, 116
Trd, 4319898.393, 139
Trd, 4319899.593, 138
Trd, 4319900.243, 134
Trd, 4319901.143, 125
Trd, 4319901.443, 120
Trd, 4319901.793, 119
Trd, 4319902.943, 93
Trd, 4319903.993, 74
Trd, 4319904.093, 87
Trd, 4319905.593, 120
Trd, 4319905.893, 110
Trd, 4319906.893, 129
Trd, 4319907.093, 122
Trd, 4319907.543, 115
Trd, 4319908.893, 82
Trd, 4319909.693, 127
Trd, 4319912.293, 70
Trd, 4319912.643, 114
Trd, 4319912.843, 84
Trd, 4319913.243, 77
Trd, 4319913.843, 86
Trd, 4319914.143, 77
Trd, 4319915.043, 68
Trd, 4319915.843, 127
Trd, 4319916.043, 127
Trd, 4319916.443, 131
Trd, 4319916.693, 67
Trd, 4319919.193, 113
Trd, 4319919.243, 80
Trd, 4319919.743, 91
Trd, 4319921.443, 134
Trd, 4319922.443, 131
Trd, 4319922.493, 123
Trd, 4319922.893, 135
Trd, 4319923.143, 131
Trd, 4319924.443, 123
Trd, 4319925.343, 131
Trd, 4319925.993, 133
Trd, 4319926.493, 132
Trd, 4319926.843, 119
Trd, 4319927.843, 132
Trd, 4319930.343, 139
Trd, 4319931.043, 138
Trd, 4319932.093, 137
Trd, 4319932.593, 126
Trd, 4319933.143, 133
Trd, 4319934.193, 117
Trd, 4319935.893, 139
Trd, 4319936.343, 127
Trd, 4319937.193, 100
Trd, 4319939.393, 123
Trd, 4319939.793, 121
Trd, 4319939.893, 114
Trd, 4319940.193, 93
Trd, 4319942.343, 139
Trd, 4319942.793, 140
Trd, 4319943.143, 139
Trd, 4319945.293, 107
Trd, 4319945.343, 105
Trd, 4319945.843, 104
Trd, 4319946.193, 112
Trd, 4319948.393, 129
Trd, 4319948.693, 122
Trd, 4319950.443, 129
Trd, 4319950.543, 120
Trd, 4319950.743, 112
Trd, 4319951.843, 135
Trd, 4319952.893, 99
Trd, 4319952.943, 111
Trd, 4319953.993, 93
Trd, 4319955.593, 109
Trd, 4319955.793, 98
Trd, 4319957.243, 88
Trd, 4319957.493, 94
Trd, 4319957.593, 85
Trd, 4319958.243, 64
Trd, 4319959.793, 115
Trd, 4319961.543, 119
Trd, 4319961.943, 123
Trd, 4319963.143, 138
Trd, 4319963.443, 124
Trd, 4319964.743, 129
Trd, 4319965.643, 115
Trd, 4319966.543, 101
Trd, 4319967.543, 136
Trd, 4319968.593, 116
Trd, 4319968.943, 114
Trd, 4319968.993, 97
Trd, 4319969.243, 89
Trd, 4319970.793, 130
Trd, 4319971.593, 120
Trd, 4319972.293, 126
Trd, 4319972.393, 113
Trd, 4319975.343, 134
Trd, 4319975.643, 137
Trd, 4319975.743, 132
Trd, 4319977.593, 122
Trd, 4319978.693, 107
Trd, 4319979.143, 133
Trd, 4319979.443, 117
Trd, 4319981.093, 113
Trd, 4319982.143, 116
Trd, 4319982.293, 77
Trd, 4319983.543, 130
Trd, 4319984.893, 117
Trd, 4319985.893, 115
Trd, 4319986.043, 133
Trd, 4319986.543, 106
Trd, 4319988.443, 87
Trd, 4319988.543, 84
Trd, 4319988.643, 108
Trd, 4319990.293, 103
Trd, 4319991.293, 120
Trd, 4319992.143, 123
Trd, 4319992.843, 130
Trd, 4319994.193, 125
Trd, 4319994.243, 117
Trd, 4319995.243, 127
Trd, 4319996.593, 135
Trd, 4319997.793, 98
Trd, 4319997.843, 85
Trd, 4319999.043, 131
Trd, 4319999.093, 123
