Trd, 4318158.793, 61
Trd, 4318158.893, 75
Trd, 4318159.243, 64
Trd, 4318159.543, 117
Trd, 4318160.293, 125
Trd, 4318160.893, 111
Trd, 4318161.593, 62
Trd, 4318162.343, 62
Trd, 4318162.843, 60
Trd, 4318162.993, 65
Trd, 4318163.943, 90
Trd, 4318165.643, 60
Trd, 4318166.143, 61
Trd, 4318166.343, 61
Trd, 4318166.543, 64
Trd, 4318166.793, 61
Trd, 4318167.443, 62
Trd, 4318167.893, 96
Trd, 4318169.393, 106
Trd, 4318170.193, 135
Trd, 4318170.343, 104
Trd, 4318171.143, 137
Trd, 4318171.543, 107
Trd, 4318171.993, 63
Trd, 4318172.943, 89
Trd, 4318173.443, 85
Trd, 4318174.943, 60
Trd, 4318175.443, 61
Trd, 4318175.843, 82
Trd, 4318176.193, 62
Trd, 4318176.493, 84
Trd, 4318177.643, 81
Trd, 4318178.393, 93
Trd, 4318178.643, 80
Trd, 4318178.993, 73
Trd, 4318180.443, 110
Trd, 4318182.343, 128
Trd, 4318182.493, 87
Trd, 4318182.593, 85
Trd, 4318183.193, 138
Trd, 4318183.293, 110
Trd, 4318185.043, 61
Trd, 4318186.943, 60
Trd, 4318187.293, 60
Trd, 4318187.543, 62
Trd, 4318188.643, 60
Trd, 4318189.293, 60
Trd, 4318189.443, 60
Trd, 4318190.943, 61
Trd, 4318191.293, 61
Trd, 4318191.943, 60
Trd, 4318192.543, 60
Trd, 4318192.793, 60
Trd, 4318194.693, 60
Trd, 4318195.143, 61
Trd, 4318196.143, 63
Trd, 4318197.193, 61
Trd, 4318197.443, 62
Trd, 4318198.393, 60
Trd, 4318198.443, 69
Trd, 4318199.243, 64
Trd, 4318200.243, 61
Trd, 4318200.643, 62
Trd, 4318201.993, 63
Trd, 4318202.243, 68
Trd, 4318203.293, 67
Trd, 4318203.693, 95
Trd, 4318203.893, 129
Trd, 4318203.993, 118
Trd, 4318204.543, 67
Trd, 4318205.793, 140
Trd, 4318206.093, 140
Trd, 4318206.193, 140
Trd, 4318208.043, 91
Trd, 4318208.093, 90
Trd, 4318208.843, 94
Trd, 4318209.943, 138
Trd, 4318209.993, 88
Trd, 4318210.743, 86
Trd, 4318210.843, 82
Trd, 4318211.193, 89
Trd, 4318211.743, 114
Trd, 4318212.493, 79
Trd, 4318213.093, 105
Trd, 4318213.193, 100
Trd, 4318214.893, 61
Trd, 4318215.243, 63
Trd, 4318216.043, 130
Trd, 4318216.593, 129
Trd, 4318216.993, 77
Trd, 4318218.093, 92
Trd, 4318218.943, 94
Trd, 4318218.993, 90
Trd, 4318219.593, 87
Trd, 4318219.893, 86
Trd, 4318219.993, 77
Trd, 4318221.043, 60
Trd, 4318221.743, 113
Trd, 4318222.593, 140
Trd, 4318222.643, 112
Trd, 4318223.193, 131
Trd, 4318224.243, 95
Trd, 4318225.343, 96
Trd, 4318225.743, 107
Trd, 4318227.593, 61
Trd, 4318228.293, 63
Trd, 4318228.943, 137
Trd, 4318229.793, 68
Trd, 4318230.093, 140
Trd, 4318230.943, 95
Trd, 4318230.993, 94
Trd, 4318231.543, 93
Trd, 4318231.943, 86
Trd, 4318232.043, 84
Trd, 4318232.443, 82
Trd, 4318234.843, 137
Trd, 4318234.943, 101
Trd, 4318235.493, 140
Trd, 4318236.143, 65
Trd, 4318237.443, 69
Trd, 4318237.693, 69
Trd, 4318239.293, 62
Trd, 4318241.093, 60
Trd, 4318241.643, 61
Trd, 4318241.743, 62
Trd, 4318242.243, 67
Trd, 4318242.393, 63
Trd, 4318243.393, 64
Trd, 4318244.693, 70
Trd, 4318244.843, 68
Trd, 4318244.943, 67
Trd, 4318245.143, 140
Trd, 4318245.693, 62
Trd, 4318246.693, 78
Trd, 4318246.993, 61
Trd, 4318247.493, 61
Trd, 4318247.893, 62
Trd, 4318248.793, 60
Trd, 4318251.043, 61
Trd, 4318251.193, 61
Trd, 4318251.343, 62
Trd, 4318252.193, 61
Trd, 4318253.443, 61
Trd, 4318254.293, 60
Trd, 4318255.043, 61
Trd, 4318255.093, 61
Trd, 4318255.293, 137
Trd, 4318256.043, 88
Trd, 4318256.093, 82
Trd, 4318256.593, 72
Trd, 4318257.843, 64
Trd, 4318258.293, 71
Trd, 4318258.493, 68
Trd, 4318259.343, 61
Trd, 4318259.643, 92
Trd, 4318259.943, 119
Trd, 4318260.743, 63
Trd, 4318261.443, 60
Trd, 4318262.243, 79
Trd, 4318262.843, 82
Trd, 4318262.993, 112
Trd, 4318263.043, 69
Trd, 4318264.193, 106
Trd, 4318264.693, 105
Trd, 4318265.193, 61
Trd, 4318265.993, 60
Trd, 4318266.093, 83
Trd, 4318266.893, 73
Trd, 4318268.943, 61
Trd, 4318269.343, 61
Trd, 4318269.593, 62
Trd, 4318269.793, 62
Trd, 4318271.543, 60
Trd, 4318271.893, 61
Trd, 4318272.243, 61
Trd, 4318273.643, 64
Trd, 4318273.993, 63
Trd, 4318274.243, 75
Trd, 4318274.843, 140
Trd, 4318275.443, 139
Trd, 4318275.943, 101
Trd, 4318276.093, 95
Trd, 4318277.443, 138
Trd, 4318277.493, 127
Trd, 4318277.543, 82
Trd, 4318277.943, 126
Trd, 4318278.443, 78
Trd, 4318279.493, 79
Trd, 4318279.843, 109
Trd, 4318282.193, 103
Trd, 4318282.343, 98
Trd, 4318282.393, 86
Trd, 4318282.793, 80
Trd, 4318284.043, 140
Trd, 4318284.743, 140
Trd, 4318285.093, 140
Trd, 4318287.093, 140
Trd, 4318287.443, 122
Trd, 4318287.693, 102
Trd, 4318288.293, 100
Trd, 4318288.743, 139
Trd, 4318288.993, 103
Trd, 4318289.093, 80
Trd, 4318289.143, 72
Trd, 4318290.643, 60
Trd, 4318291.793, 60
Trd, 4318292.993, 60
Trd, 4318293.693, 61
Trd, 4318294.643, 60
Trd, 4318294.893, 61
Trd, 4318295.893, 61
Trd, 4318296.143, 62
Trd, 4318296.343, 62
Trd, 4318298.543, 61
Trd, 4318298.643, 63
Trd, 4318298.693, 64
Trd, 4318298.893, 65
Trd, 4318299.043, 61
Trd, 4318299.093, 70
Trd, 4318299.543, 61
Trd, 4318300.593, 61
Trd, 4318300.993, 60
Trd, 4318302.893, 62
Trd, 4318303.143, 62
Trd, 4318303.893, 71
Trd, 4318305.443, 60
Trd, 4318308.443, 60
Trd, 4318309.193, 62
Trd, 4318309.743, 62
Trd, 4318310.093, 71
Trd, 4318310.343, 128
Trd, 4318310.943, 62
Trd, 4318311.793, 70
Trd, 4318312.343, 116
Trd, 4318312.543, 84
Trd, 4318313.093, 72
Trd, 4318313.743, 113
Trd, 4318314.143, 95
Trd, 4318315.743, 101
Trd, 4318315.793, 96
Trd, 4318315.943, 94
Trd, 4318316.393, 139
Trd, 4318317.193, 117
Trd, 4318317.643, 114
Trd, 4318318.443, 70
Trd, 4318318.793, 103
Trd, 4318319.293, 69
Trd, 4318319.393, 68
Trd, 4318320.493, 139
Trd, 4318321.393, 134
Trd, 4318321.993, 133
Trd, 4318322.243, 93
Trd, 4318322.843, 69
Trd, 4318324.143, 139
Trd, 4318324.343, 94
Trd, 4318325.043, 94
Trd, 4318325.943, 90
Trd, 4318326.143, 91
Trd, 4318326.943, 85
Trd, 4318327.843, 87
Trd, 4318328.943, 62
Trd, 4318330.193, 66
Trd, 4318331.343, 94
Trd, 4318331.593, 93
Trd, 4318332.243, 68
Trd, 4318332.793, 62
Trd, 4318333.243, 61
Trd, 4318333.543, 70
Trd, 4318334.343, 61
Trd, 4318335.143, 113
Trd, 4318335.243, 77
Trd, 4318335.593, 75
Trd, 4318336.243, 101
Trd, 4318336.543, 136
Trd, 4318338.143, 85
Trd, 4318338.243, 84
Trd, 4318339.093, 84
Trd, 4318340.143, 60
Trd, 4318340.243, 60
Trd, 4318340.593, 62
Trd, 4318341.093, 62
Trd, 4318342.543, 62
Trd, 4318343.343, 60
Trd, 4318343.543, 77
Trd, 4318344.443, 71
Trd, 4318345.143, 140
Trd, 4318346.343, 61
Trd, 4318346.443, 61
Trd, 4318346.743, 61
Trd, 4318348.393, 61
Trd, 4318348.693, 68
Trd, 4318349.843, 118
Trd, 4318350.493, 140
Trd, 4318350.593, 118
Trd, 4318350.743, 130
Trd, 4318351.293, 116
Trd, 4318351.793, 108
Trd, 4318352.543, 97
Trd, 4318352.943, 93
Trd, 4318353.193, 92
Trd, 4318353.893, 133
Trd, 4318354.293, 132
Trd, 4318354.793, 65
Trd, 4318357.643, 62
Trd, 4318358.293, 63
Trd, 4318358.493, 62
Trd, 4318358.543, 63
Trd, 4318359.143, 66
Trd, 4318359.443, 75
Trd, 4318360.643, 112
Trd, 4318361.843, 140
Trd, 4318361.893, 111
Trd, 4318361.993, 102
Trd, 4318362.343, 119
Trd, 4318362.793, 140
Trd, 4318363.343, 139
Trd, 4318363.843, 86
Trd, 4318364.343, 68
Trd, 4318364.993, 67
Trd, 4318365.493, 71
Trd, 4318366.093, 135
Trd, 4318366.243, 94
Trd, 4318367.543, 60
Trd, 4318368.193, 60
Trd, 4318368.793, 61
Trd, 4318369.793, 63
Trd, 4318370.593, 62
Trd, 4318371.193, 65
Trd, 4318371.843, 117
Trd, 4318371.893, 63
Trd, 4318371.943, 62
Trd, 4318372.743, 62
Trd, 4318372.993, 64
Trd, 4318373.743, 62
Trd, 4318374.493, 138
Trd, 4318375.043, 136
Trd, 4318376.543, 103
Trd, 4318377.443, 77
Trd, 4318378.343, 140
Trd, 4318378.593, 86
Trd, 4318378.743, 83
Trd, 4318378.993, 78
Trd, 4318380.693, 91
Trd, 4318381.343, 88
Trd, 4318381.593, 89
Trd, 4318382.493, 126
Trd, 4318383.393, 110
Trd, 4318383.493, 109
Trd, 4318383.593, 88
Trd, 4318384.143, 140
Trd, 4318384.693, 100
Trd, 4318385.643, 140
Trd, 4318386.543, 126
Trd, 4318386.643, 125
Trd, 4318387.643, 113
Trd, 4318388.893, 100
Trd, 4318389.143, 88
Trd, 4318389.893, 68
Trd, 4318390.243, 68
Trd, 4318391.043, 139
Trd, 4318392.243, 139
Trd, 4318392.543, 106
Trd, 4318392.693, 100
Trd, 4318393.643, 134
Trd, 4318394.293, 93
Trd, 4318395.193, 114
Trd, 4318395.793, 83
Trd, 4318396.393, 82
Trd, 4318397.943, 140
Trd, 4318398.443, 140
Trd, 4318400.093, 139
Trd, 4318400.193, 137
Trd, 4318400.443, 136
Trd, 4318400.743, 129
Trd, 4318401.093, 105
Trd, 4318401.643, 119
Trd, 4318402.543, 99
Trd, 4318403.543, 64
Trd, 4318404.043, 63
Trd, 4318404.393, 62
Trd, 4318404.743, 62
Trd, 4318406.793, 79
Trd, 4318407.293, 62
Trd, 4318407.943, 64
Trd, 4318408.543, 63
Trd, 4318409.293, 65
Trd, 4318409.443, 89
Trd, 4318410.193, 60
Trd, 4318410.793, 61
Trd, 4318411.143, 62
Trd, 4318412.043, 137
Trd, 4318415.393, 60
Trd, 4318416.043, 60
Trd, 4318416.843, 60
Trd, 4318418.393, 63
Trd, 4318418.493, 66
Trd, 4318418.643, 70
Trd, 4318419.143, 60
Trd, 4318420.043, 62
Trd, 4318420.693, 63
Trd, 4318420.893, 64
Trd, 4318421.393, 127
Trd, 4318421.693, 86
Trd, 4318422.493, 120
Trd, 4318422.593, 82
Trd, 4318423.493, 63
Trd, 4318423.843, 66
Trd, 4318424.743, 62
Trd, 4318424.893, 140
Trd, 4318426.293, 71
Trd, 4318426.443, 67
Trd, 4318428.993, 60
Trd, 4318429.243, 60
Trd, 4318429.993, 72
Trd, 4318430.843, 139
Trd, 4318430.943, 102
Trd, 4318431.393, 122
Trd, 4318431.593, 121
Trd, 4318432.543, 94
Trd, 4318433.093, 60
Trd, 4318434.643, 60
Trd, 4318435.093, 62
Trd, 4318435.643, 108
Trd, 4318436.393, 61
Trd, 4318436.693, 116
Trd, 4318438.193, 63
Trd, 4318438.593, 60
Trd, 4318439.543, 105
Trd, 4318440.243, 116
Trd, 4318440.393, 108
Trd, 4318441.643, 122
Trd, 4318441.893, 140
Trd, 4318442.543, 111
Trd, 4318442.643, 110
Trd, 4318442.743, 115
Trd, 4318443.493, 60
Trd, 4318444.093, 60
Trd, 4318445.843, 60
Trd, 4318447.593, 61
Trd, 4318448.493, 60
Trd, 4318449.143, 64
Trd, 4318449.593, 60
Trd, 4318450.193, 60
Trd, 4318450.743, 63
Trd, 4318451.793, 67
Trd, 4318451.893, 61
Trd, 4318452.643, 69
Trd, 4318452.743, 72
Trd, 4318454.193, 90
Trd, 4318454.293, 89
Trd, 4318454.643, 101
Trd, 4318456.443, 140
Trd, 4318456.993, 117
Trd, 4318457.393, 140
Trd, 4318457.543, 92
Trd, 4318458.043, 107
Trd, 4318458.143, 79
Trd, 4318459.143, 129
Trd, 4318459.193, 128
Trd, 4318459.393, 108
Trd, 4318459.443, 107
Trd, 4318460.893, 60
Trd, 4318461.743, 60
Trd, 4318462.893, 140
Trd, 4318463.743, 137
Trd, 4318464.193, 117
Trd, 4318464.893, 83
Trd, 4318465.243, 82
Trd, 4318466.043, 72
Trd, 4318466.843, 68
Trd, 4318468.443, 139
Trd, 4318468.693, 132
Trd, 4318468.743, 91
Trd, 4318469.693, 60
Trd, 4318470.843, 62
Trd, 4318471.143, 63
Trd, 4318471.643, 76
Trd, 4318472.943, 140
Trd, 4318473.243, 119
Trd, 4318473.443, 101
Trd, 4318474.043, 111
Trd, 4318474.393, 110
Trd, 4318474.893, 80
Trd, 4318476.193, 86
Trd, 4318476.243, 85
Trd, 4318477.143, 119
Trd, 4318477.493, 91
Trd, 4318477.993, 87
Trd, 4318478.043, 86
Trd, 4318478.593, 85
Trd, 4318480.043, 139
Trd, 4318481.543, 65
Trd, 4318482.693, 82
Trd, 4318483.593, 82
Trd, 4318483.893, 81
Trd, 4318483.993, 75
Trd, 4318484.443, 105
Trd, 4318484.593, 115
Trd, 4318484.843, 97
Trd, 4318485.793, 73
Trd, 4318486.743, 138
Trd, 4318488.143, 60
Trd, 4318488.843, 62
Trd, 4318490.043, 65
Trd, 4318490.293, 77
Trd, 4318490.343, 61
Trd, 4318491.093, 68
Trd, 4318491.743, 63
Trd, 4318492.193, 62
Trd, 4318493.243, 60
Trd, 4318494.193, 66
Trd, 4318494.343, 65
Trd, 4318494.743, 69
Trd, 4318495.693, 65
Trd, 4318496.343, 102
Trd, 4318497.243, 66
Trd, 4318499.143, 123
Trd, 4318499.743, 107
Trd, 4318500.143, 101
Trd, 4318500.493, 90
Trd, 4318501.243, 140
Trd, 4318501.593, 125
Trd, 4318501.943, 123
Trd, 4318502.743, 85
Trd, 4318503.143, 79
Trd, 4318503.693, 140
Trd, 4318505.343, 129
Trd, 4318505.593, 127
Trd, 4318505.993, 93
Trd, 4318506.193, 70
Trd, 4318506.393, 67
Trd, 4318507.543, 61
Trd, 4318508.343, 61
Trd, 4318509.143, 66
Trd, 4318509.293, 75
Trd, 4318509.643, 124
Trd, 4318511.343, 124
Trd, 4318511.743, 110
Trd, 4318512.443, 94
Trd, 4318513.143, 93
Trd, 4318513.693, 63
Trd, 4318515.243, 140
Trd, 4318516.193, 140
Trd, 4318516.943, 139
Trd, 4318517.243, 107
Trd, 4318518.643, 61
Trd, 4318518.693, 63
Trd, 4318521.843, 60
Trd, 4318522.893, 60
Trd, 4318523.243, 60
Trd, 4318523.293, 61
Trd, 4318523.493, 63
Trd, 4318523.543, 63
Trd, 4318523.993, 61
Trd, 4318524.943, 63
Trd, 4318525.243, 62
Trd, 4318525.793, 64
Trd, 4318525.843, 69
Trd, 4318526.193, 84
Trd, 4318527.843, 62
Trd, 4318528.993, 60
Trd, 4318529.093, 60
Trd, 4318529.743, 70
Trd, 4318529.793, 72
Trd, 4318530.993, 140
Trd, 4318531.243, 140
Trd, 4318531.493, 140
Trd, 4318531.993, 109
Trd, 4318532.593, 67
Trd, 4318534.743, 60
Trd, 4318534.893, 61
Trd, 4318534.993, 67
Trd, 4318535.643, 139
Trd, 4318537.243, 60
Trd, 4318537.493, 62
Trd, 4318537.693, 66
Trd, 4318538.743, 62
Trd, 4318539.193, 60
Trd, 4318539.593, 60
Trd, 4318540.043, 63
Trd, 4318540.993, 61
Trd, 4318541.143, 61
Trd, 4318541.693, 61
Trd, 4318541.943, 61
Trd, 4318542.543, 140
Trd, 4318542.743, 90
Trd, 4318544.043, 68
Trd, 4318545.693, 63
Trd, 4318546.793, 60
Trd, 4318546.943, 62
Trd, 4318548.293, 68
Trd, 4318548.493, 69
Trd, 4318548.793, 65
Trd, 4318549.043, 87
Trd, 4318550.193, 60
Trd, 4318550.843, 60
Trd, 4318550.993, 62
Trd, 4318552.043, 61
Trd, 4318552.243, 61
Trd, 4318552.943, 71
Trd, 4318553.393, 60
Trd, 4318554.393, 70
Trd, 4318556.543, 131
Trd, 4318556.593, 94
Trd, 4318556.793, 93
Trd, 4318557.443, 69
Trd, 4318558.043, 140
Trd, 4318558.793, 128
Trd, 4318559.143, 129
Trd, 4318560.343, 80
Trd, 4318560.793, 68
Trd, 4318562.193, 63
Trd, 4318562.543, 61
Trd, 4318562.793, 62
Trd, 4318562.843, 67
Trd, 4318563.293, 61
Trd, 4318564.093, 61
Trd, 4318564.393, 105
Trd, 4318564.793, 60
Trd, 4318565.143, 140
Trd, 4318566.093, 62
Trd, 4318567.443, 60
Trd, 4318567.643, 99
Trd, 4318568.243, 61
Trd, 4318568.893, 61
Trd, 4318569.393, 139
Trd, 4318570.893, 132
Trd, 4318571.393, 139
Trd, 4318571.593, 116
Trd, 4318571.793, 106
Trd, 4318572.393, 94
Trd, 4318572.593, 91
Trd, 4318573.243, 74
Trd, 4318574.493, 61
Trd, 4318575.043, 60
Trd, 4318575.643, 74
Trd, 4318577.993, 60
Trd, 4318578.393, 67
Trd, 4318580.943, 113
Trd, 4318580.993, 112
Trd, 4318581.043, 111
Trd, 4318581.343, 65
Trd, 4318582.143, 67
Trd, 4318582.243, 66
Trd, 4318582.543, 117
Trd, 4318583.243, 63
Trd, 4318583.893, 63
Trd, 4318584.443, 99
Trd, 4318584.993, 109
Trd, 4318586.343, 117
Trd, 4318587.343, 63
Trd, 4318588.543, 64
Trd, 4318588.593, 68
Trd, 4318589.743, 61
Trd, 4318590.243, 60
Trd, 4318591.243, 60
Trd, 4318591.593, 62
Trd, 4318592.193, 65
Trd, 4318592.843, 66
Trd, 4318592.943, 62
Trd, 4318592.993, 76
Trd, 4318594.093, 104
Trd, 4318595.693, 63
Trd, 4318595.743, 64
Trd, 4318596.343, 60
Trd, 4318597.493, 60
Trd, 4318597.993, 60
Trd, 4318598.393, 65
Trd, 4318598.543, 65
Trd, 4318598.993, 68
Trd, 4318599.393, 91
Trd, 4318601.543, 62
Trd, 4318602.593, 60
Trd, 4318603.243, 61
Trd, 4318603.393, 60
Trd, 4318603.593, 61
Trd, 4318603.993, 64
Trd, 4318604.343, 67
Trd, 4318605.193, 126
Trd, 4318605.643, 60
Trd, 4318607.243, 95
Trd, 4318607.343, 90
Trd, 4318607.743, 86
Trd, 4318607.793, 84
Trd, 4318609.643, 62
Trd, 4318610.293, 68
Trd, 4318610.793, 78
Trd, 4318612.543, 63
Trd, 4318612.743, 67
Trd, 4318612.993, 63
Trd, 4318613.243, 78
Trd, 4318614.693, 82
Trd, 4318615.093, 82
Trd, 4318615.293, 138
Trd, 4318615.743, 133
Trd, 4318617.643, 96
Trd, 4318618.093, 81
Trd, 4318618.793, 87
Trd, 4318619.193, 76
Trd, 4318619.543, 73
Trd, 4318619.743, 91
Trd, 4318621.293, 115
Trd, 4318621.643, 122
Trd, 4318622.093, 113
Trd, 4318622.843, 113
Trd, 4318623.243, 140
Trd, 4318623.693, 112
Trd, 4318625.843, 122
Trd, 4318627.043, 97
Trd, 4318627.193, 96
Trd, 4318628.243, 139
Trd, 4318628.443, 119
Trd, 4318628.893, 118
Trd, 4318628.943, 93
Trd, 4318629.443, 75
Trd, 4318629.943, 61
Trd, 4318631.293, 63
Trd, 4318631.693, 65
Trd, 4318631.843, 66
Trd, 4318632.493, 61
Trd, 4318632.843, 64
Trd, 4318634.543, 61
Trd, 4318634.843, 63
Trd, 4318635.593, 65
Trd, 4318636.193, 64
Trd, 4318636.643, 63
Trd, 4318637.693, 137
Trd, 4318637.843, 135
Trd, 4318639.293, 117
Trd, 4318639.393, 91
Trd, 4318640.193, 103
Trd, 4318640.293, 74
Trd, 4318640.643, 131
Trd, 4318641.693, 100
Trd, 4318642.343, 66
Trd, 4318642.693, 139
Trd, 4318643.843, 66
Trd, 4318644.943, 62
Trd, 4318645.493, 64
Trd, 4318646.243, 63
Trd, 4318646.343, 68
Trd, 4318646.943, 140
Trd, 4318647.193, 139
Trd, 4318649.043, 62
Trd, 4318649.843, 60
Trd, 4318650.093, 126
Trd, 4318650.843, 115
Trd, 4318651.193, 69
Trd, 4318651.393, 73
Trd, 4318652.093, 69
Trd, 4318653.243, 61
Trd, 4318653.443, 64
Trd, 4318654.143, 61
Trd, 4318654.793, 60
Trd, 4318655.193, 72
Trd, 4318655.693, 135
Trd, 4318656.993, 140
Trd, 4318657.143, 140
Trd, 4318658.343, 140
Trd, 4318658.793, 116
Trd, 4318659.443, 113
Trd, 4318660.343, 94
Trd, 4318661.343, 68
Trd, 4318661.443, 66
Trd, 4318662.693, 84
Trd, 4318663.093, 80
Trd, 4318663.493, 60
Trd, 4318664.593, 139
Trd, 4318665.043, 138
Trd, 4318665.293, 103
Trd, 4318666.343, 101
Trd, 4318666.793, 100
Trd, 4318666.943, 111
Trd, 4318667.043, 60
Trd, 4318667.593, 74
Trd, 4318668.143, 61
Trd, 4318668.643, 124
Trd, 4318671.243, 62
Trd, 4318672.593, 60
Trd, 4318672.993, 60
Trd, 4318673.593, 60
Trd, 4318674.643, 62
Trd, 4318675.093, 69
Trd, 4318675.843, 70
Trd, 4318675.993, 102
Trd, 4318677.593, 83
Trd, 4318678.493, 72
Trd, 4318678.593, 111
Trd, 4318678.793, 72
Trd, 4318679.043, 132
Trd, 4318679.693, 71
Trd, 4318680.543, 138
Trd, 4318681.393, 103
Trd, 4318681.643, 82
Trd, 4318682.093, 62
Trd, 4318683.093, 62
Trd, 4318683.493, 60
Trd, 4318684.143, 64
Trd, 4318685.243, 122
Trd, 4318685.543, 62
Trd, 4318687.493, 120
Trd, 4318687.793, 120
Trd, 4318687.993, 119
Trd, 4318688.293, 112
Trd, 4318690.343, 138
Trd, 4318690.543, 94
Trd, 4318691.543, 107
Trd, 4318691.993, 97
Trd, 4318692.693, 103
Trd, 4318692.843, 93
Trd, 4318693.193, 62
Trd, 4318694.343, 64
Trd, 4318697.243, 60
Trd, 4318697.593, 63
Trd, 4318697.743, 60
Trd, 4318698.343, 60
Trd, 4318698.893, 60
Trd, 4318699.593, 61
Trd, 4318699.743, 61
Trd, 4318700.493, 61
Trd, 4318701.743, 64
Trd, 4318702.393, 107
Trd, 4318702.443, 78
Trd, 4318703.943, 61
Trd, 4318704.043, 61
Trd, 4318704.293, 62
Trd, 4318704.393, 62
Trd, 4318705.343, 64
Trd, 4318705.743, 78
Trd, 4318706.843, 61
Trd, 4318707.893, 63
Trd, 4318708.293, 67
Trd, 4318708.793, 69
Trd, 4318709.043, 65
Trd, 4318709.543, 63
Trd, 4318710.343, 67
Trd, 4318711.043, 73
Trd, 4318711.093, 72
Trd, 4318711.793, 71
Trd, 4318713.293, 61
Trd, 4318713.593, 61
Trd, 4318713.843, 63
Trd, 4318714.243, 64
Trd, 4318714.993, 118
Trd, 4318715.543, 99
Trd, 4318715.643, 93
Trd, 4318716.243, 63
Trd, 4318717.243, 94
Trd, 4318718.393, 75
Trd, 4318719.393, 118
Trd, 4318719.693, 93
Trd, 4318720.343, 91
Trd, 4318720.493, 91
Trd, 4318720.543, 113
Trd, 4318721.893, 61
Trd, 4318722.893, 63
Trd, 4318724.093, 61
Trd, 4318725.643, 61
Trd, 4318726.443, 61
Trd, 4318726.493, 62
Trd, 4318726.743, 65
Trd, 4318727.443, 77
Trd, 4318727.993, 114
Trd, 4318728.893, 82
Trd, 4318729.043, 74
Trd, 4318729.443, 64
Trd, 4318730.343, 128
Trd, 4318730.593, 61
Trd, 4318731.393, 74
Trd, 4318734.343, 60
Trd, 4318734.893, 60
Trd, 4318735.143, 61
Trd, 4318735.593, 62
Trd, 4318735.893, 62
Trd, 4318736.443, 64
Trd, 4318737.543, 60
Trd, 4318738.143, 61
Trd, 4318738.793, 62
Trd, 4318739.493, 61
Trd, 4318741.143, 136
Trd, 4318741.343, 134
Trd, 4318741.493, 140
Trd, 4318741.643, 131
Trd, 4318741.893, 114
Trd, 4318742.243, 113
Trd, 4318742.693, 134
Trd, 4318743.093, 110
Trd, 4318745.193, 114
Trd, 4318745.543, 134
Trd, 4318746.093, 140
Trd, 4318748.243, 120
Trd, 4318748.293, 118
Trd, 4318749.093, 140
Trd, 4318749.593, 140
Trd, 4318749.943, 140
Trd, 4318750.243, 122
Trd, 4318751.343, 65
Trd, 4318751.593, 61
Trd, 4318751.993, 108
Trd, 4318753.293, 140
Trd, 4318753.693, 139
Trd, 4318754.593, 140
Trd, 4318754.893, 140
Trd, 4318755.343, 117
Trd, 4318755.793, 88
Trd, 4318756.493, 80
Trd, 4318756.893, 63
Trd, 4318758.193, 60
Trd, 4318758.643, 61
Trd, 4318759.493, 109
Trd, 4318759.543, 106
Trd, 4318759.893, 64
Trd, 4318760.593, 102
Trd, 4318761.393, 98
Trd, 4318761.793, 91
Trd, 4318761.943, 138
Trd, 4318762.093, 126
Trd, 4318762.143, 69
Trd, 4318763.343, 112
Trd, 4318763.743, 111
Trd, 4318763.943, 103
Trd, 4318764.993, 62
Trd, 4318765.993, 60
Trd, 4318766.193, 68
Trd, 4318767.093, 112
Trd, 4318767.193, 111
Trd, 4318767.893, 60
Trd, 4318769.493, 96
Trd, 4318769.793, 69
Trd, 4318770.193, 126
Trd, 4318770.893, 101
Trd, 4318771.143, 62
Trd, 4318772.393, 112
Trd, 4318772.693, 117
Trd, 4318773.443, 63
Trd, 4318773.543, 62
Trd, 4318774.243, 60
Trd, 4318774.593, 90
Trd, 4318775.243, 61
Trd, 4318775.893, 60
Trd, 4318776.543, 123
Trd, 4318776.993, 60
Trd, 4318777.843, 62
Trd, 4318778.443, 67
Trd, 4318779.243, 106
Trd, 4318779.693, 130
Trd, 4318780.193, 136
Trd, 4318781.893, 114
Trd, 4318782.293, 139
Trd, 4318782.493, 139
Trd, 4318782.893, 139
Trd, 4318783.243, 138
Trd, 4318783.943, 71
Trd, 4318784.693, 60
Trd, 4318785.093, 104
Trd, 4318785.693, 139
Trd, 4318786.443, 138
Trd, 4318786.893, 92
Trd, 4318787.593, 100
Trd, 4318789.793, 117
Trd, 4318790.193, 79
Trd, 4318790.343, 79
Trd, 4318791.493, 123
Trd, 4318791.743, 97
Trd, 4318791.843, 79
Trd, 4318792.093, 140
Trd, 4318792.693, 96
Trd, 4318792.893, 72
Trd, 4318793.243, 71
Trd, 4318794.743, 132
Trd, 4318794.943, 61
Trd, 4318795.693, 60
Trd, 4318797.243, 116
Trd, 4318797.993, 71
Trd, 4318798.593, 66
Trd, 4318798.893, 64
Trd, 4318799.143, 63
Trd, 4318799.793, 118
Trd, 4318801.343, 62
Trd, 4318801.993, 61
Trd, 4318802.543, 119
Trd, 4318803.293, 63
Trd, 4318804.093, 66
Trd, 4318804.593, 66
Trd, 4318805.493, 63
Trd, 4318805.993, 67
Trd, 4318806.093, 65
Trd, 4318806.593, 65
Trd, 4318807.893, 140
Trd, 4318808.743, 140
Trd, 4318808.793, 140
Trd, 4318808.843, 93
Trd, 4318809.393, 65
Trd, 4318809.993, 77
Trd, 4318811.543, 61
Trd, 4318812.443, 62
Trd, 4318812.693, 64
Trd, 4318813.093, 82
Trd, 4318814.993, 86
Trd, 4318815.193, 94
Trd, 4318815.393, 86
Trd, 4318816.393, 87
Trd, 4318816.793, 74
Trd, 4318817.093, 65
Trd, 4318818.093, 65
Trd, 4318818.393, 65
Trd, 4318819.343, 62
Trd, 4318819.493, 72
Trd, 4318820.893, 60
Trd, 4318821.143, 62
Trd, 4318821.193, 62
Trd, 4318821.793, 73
Trd, 4318822.293, 72
Trd, 4318822.743, 117
Trd, 4318823.393, 140
Trd, 4318823.843, 115
Trd, 4318824.593, 138
Trd, 4318825.393, 101
Trd, 4318826.243, 88
Trd, 4318826.893, 139
Trd, 4318826.993, 95
Trd, 4318828.593, 66
Trd, 4318828.643, 65
Trd, 4318829.893, 114
Trd, 4318830.343, 81
Trd, 4318830.893, 115
Trd, 4318831.443, 134
Trd, 4318831.893, 108
Trd, 4318833.993, 107
Trd, 4318834.043, 89
Trd, 4318834.443, 136
Trd, 4318834.843, 66
Trd, 4318836.043, 60
Trd, 4318836.643, 61
Trd, 4318837.043, 63
Trd, 4318837.443, 103
Trd, 4318838.143, 62
Trd, 4318839.993, 101
Trd, 4318840.493, 100
Trd, 4318840.693, 82
Trd, 4318840.943, 79
Trd, 4318843.043, 61
Trd, 4318843.343, 60
Trd, 4318843.493, 64
Trd, 4318843.843, 60
Trd, 4318844.993, 62
Trd, 4318846.143, 65
Trd, 4318846.643, 61
Trd, 4318846.743, 64
Trd, 4318847.143, 64
Trd, 4318847.443, 80
Trd, 4318848.093, 138
Trd, 4318849.493, 61
Trd, 4318849.693, 60
Trd, 4318851.243, 62
Trd, 4318851.843, 62
Trd, 4318851.993, 65
Trd, 4318852.343, 68
Trd, 4318853.493, 75
Trd, 4318853.743, 111
Trd, 4318854.193, 140
Trd, 4318855.493, 61
Trd, 4318857.443, 62
Trd, 4318857.993, 61
Trd, 4318858.393, 68
Trd, 4318858.843, 62
Trd, 4318859.293, 73
Trd, 4318859.343, 63
Trd, 4318860.093, 60
Trd, 4318861.643, 60
Trd, 4318862.743, 60
Trd, 4318862.893, 61
Trd, 4318863.493, 71
Trd, 4318864.643, 60
Trd, 4318864.693, 65
Trd, 4318865.843, 63
Trd, 4318866.393, 122
Trd, 4318866.993, 104
Trd, 4318868.093, 61
Trd, 4318868.593, 60
Trd, 4318869.843, 60
Trd, 4318869.993, 63
Trd, 4318870.293, 64
Trd, 4318871.143, 65
Trd, 4318871.843, 60
Trd, 4318871.893, 64
Trd, 4318873.193, 140
Trd, 4318874.243, 62
Trd, 4318875.193, 140
Trd, 4318875.993, 128
Trd, 4318876.293, 127
Trd, 4318876.593, 84
Trd, 4318877.943, 140
Trd, 4318878.893, 129
Trd, 4318879.893, 120
Trd, 4318880.293, 134
Trd, 4318880.593, 100
Trd, 4318881.443, 61
Trd, 4318881.893, 139
Trd, 4318883.643, 65
Trd, 4318884.793, 61
Trd, 4318884.893, 64
Trd, 4318885.893, 61
Trd, 4318886.593, 91
Trd, 4318887.493, 98
Trd, 4318887.743, 129
Trd, 4318888.093, 88
Trd, 4318888.893, 140
Trd, 4318889.293, 134
Trd, 4318889.593, 133
Trd, 4318890.143, 112
Trd, 4318891.093, 91
Trd, 4318892.693, 140
Trd, 4318893.093, 89
Trd, 4318893.493, 87
Trd, 4318893.843, 86
Trd, 4318894.843, 72
Trd, 4318895.243, 62
Trd, 4318896.293, 60
Trd, 4318896.343, 61
Trd, 4318896.643, 61
Trd, 4318898.193, 65
Trd, 4318899.193, 140
Trd, 4318899.693, 125
Trd, 4318900.193, 118
Trd, 4318901.593, 79
Trd, 4318902.393, 66
Trd, 4318902.793, 71
Trd, 4318903.093, 72
Trd, 4318903.593, 67
Trd, 4318904.293, 138
Trd, 4318904.943, 138
Trd, 4318905.593, 132
Trd, 4318906.243, 140
Trd, 4318907.043, 113
Trd, 4318907.143, 112
Trd, 4318907.843, 111
Trd, 4318909.043, 97
Trd, 4318910.393, 129
Trd, 4318911.193, 136
Trd, 4318912.193, 130
Trd, 4318912.943, 119
Trd, 4318913.093, 89
Trd, 4318913.543, 117
Trd, 4318913.993, 84
Trd, 4318914.143, 72
Trd, 4318914.843, 140
Trd, 4318915.343, 140
Trd, 4318915.743, 140
Trd, 4318916.843, 139
Trd, 4318917.143, 102
Trd, 4318917.393, 95
Trd, 4318919.543, 133
Trd, 4318919.693, 116
Trd, 4318920.343, 121
Trd, 4318920.943, 96
Trd, 4318922.243, 140
Trd, 4318922.293, 139
Trd, 4318923.793, 95
Trd, 4318923.843, 85
Trd, 4318924.443, 106
Trd, 4318925.843, 104
Trd, 4318925.943, 101
Trd, 4318926.393, 100
Trd, 4318926.593, 98
Trd, 4318927.093, 126
Trd, 4318927.643, 80
Trd, 4318928.793, 140
Trd, 4318928.893, 85
Trd, 4318929.593, 62
Trd, 4318930.943, 72
Trd, 4318931.443, 61
Trd, 4318931.493, 69
Trd, 4318931.593, 70
Trd, 4318933.243, 75
Trd, 4318934.543, 111
Trd, 4318934.743, 75
Trd, 4318935.143, 62
Trd, 4318935.743, 66
Trd, 4318936.193, 66
Trd, 4318938.343, 124
Trd, 4318938.843, 140
Trd, 4318938.943, 123
Trd, 4318939.093, 100
Trd, 4318939.693, 100
Trd, 4318940.293, 98
Trd, 4318940.693, 139
Trd, 4318942.493, 100
Trd, 4318942.543, 77
Trd, 4318943.193, 63
Trd, 4318943.793, 64
Trd, 4318944.993, 63
Trd, 4318945.393, 84
Trd, 4318945.793, 61
Trd, 4318945.943, 60
Trd, 4318946.393, 64
Trd, 4318947.093, 60
Trd, 4318947.793, 63
Trd, 4318948.093, 77
Trd, 4318949.393, 84
Trd, 4318950.443, 91
Trd, 4318950.793, 90
Trd, 4318951.043, 83
Trd, 4318952.343, 69
Trd, 4318953.243, 69
Trd, 4318953.593, 85
Trd, 4318954.293, 107
Trd, 4318954.443, 103
Trd, 4318955.943, 60
Trd, 4318956.143, 61
Trd, 4318956.393, 88
Trd, 4318958.043, 63
Trd, 4318958.693, 106
Trd, 4318959.643, 140
Trd, 4318959.793, 140
Trd, 4318960.393, 98
Trd, 4318960.643, 95
Trd, 4318961.143, 93
Trd, 4318962.393, 91
Trd, 4318963.093, 90
Trd, 4318963.343, 89
Trd, 4318964.143, 65
Trd, 4318964.943, 66
Trd, 4318965.393, 84
Trd, 4318965.643, 82
Trd, 4318965.743, 67
Trd, 4318966.593, 64
Trd, 4318966.793, 108
Trd, 4318967.943, 138
Trd, 4318968.043, 67
Trd, 4318968.993, 80
Trd, 4318969.043, 71
Trd, 4318971.143, 113
Trd, 4318971.343, 79
Trd, 4318971.893, 92
Trd, 4318973.593, 60
Trd, 4318973.893, 60
Trd, 4318975.143, 101
Trd, 4318975.843, 140
Trd, 4318976.193, 102
Trd, 4318976.393, 102
Trd, 4318977.343, 64
Trd, 4318978.493, 73
Trd, 4318979.093, 69
Trd, 4318979.493, 60
Trd, 4318980.043, 62
Trd, 4318980.693, 73
Trd, 4318980.993, 127
Trd, 4318981.743, 107
Trd, 4318982.793, 107
Trd, 4318983.193, 87
Trd, 4318983.293, 85
Trd, 4318984.493, 140
Trd, 4318984.793, 102
Trd, 4318986.493, 111
Trd, 4318987.093, 109
Trd, 4318987.443, 110
Trd, 4318989.043, 140
Trd, 4318989.243, 140
Trd, 4318990.143, 140
Trd, 4318990.493, 140
Trd, 4318992.993, 136
Trd, 4318993.143, 135
Trd, 4318993.493, 134
Trd, 4318993.693, 93
Trd, 4318994.093, 105
Trd, 4318994.293, 93
Trd, 4318994.343, 90
Trd, 4318995.443, 140
Trd, 4318995.893, 93
Trd, 4318996.343, 64
Trd, 4318997.043, 73
Trd, 4318997.443, 140
Trd, 4318998.543, 79
Trd, 4319000.693, 61
Trd, 4319000.943, 61
Trd, 4319001.643, 61
Trd, 4319001.993, 65
Trd, 4319002.793, 60
Trd, 4319002.843, 63
Trd, 4319002.893, 74
Trd, 4319003.843, 66
Trd, 4319003.893, 66
Trd, 4319004.793, 71
Trd, 4319006.143, 62
Trd, 4319006.943, 106
Trd, 4319007.243, 106
Trd, 4319007.493, 78
Trd, 4319007.543, 70
Trd, 4319009.393, 60
Trd, 4319010.143, 64
Trd, 4319011.043, 140
Trd, 4319011.243, 92
Trd, 4319011.593, 61
Trd, 4319012.143, 81
Trd, 4319013.143, 105
Trd, 4319013.193, 83
Trd, 4319014.443, 69
Trd, 4319015.993, 61
Trd, 4319016.993, 63
Trd, 4319017.643, 103
Trd, 4319017.843, 98
Trd, 4319018.743, 139
Trd, 4319020.443, 89
Trd, 4319020.943, 101
Trd, 4319021.143, 140
Trd, 4319021.293, 140
Trd, 4319021.543, 119
Trd, 4319023.243, 94
Trd, 4319023.993, 64
Trd, 4319025.293, 60
Trd, 4319025.493, 61
Trd, 4319026.693, 61
Trd, 4319028.193, 61
Trd, 4319028.543, 60
Trd, 4319028.893, 60
Trd, 4319028.943, 61
Trd, 4319029.593, 61
Trd, 4319030.443, 62
Trd, 4319030.843, 61
Trd, 4319031.443, 64
Trd, 4319032.743, 69
Trd, 4319032.893, 112
Trd, 4319034.493, 61
Trd, 4319035.343, 60
Trd, 4319035.493, 65
Trd, 4319036.543, 61
Trd, 4319038.793, 61
Trd, 4319039.743, 61
Trd, 4319040.143, 73
Trd, 4319040.543, 64
Trd, 4319040.893, 67
Trd, 4319041.393, 83
Trd, 4319042.243, 82
Trd, 4319043.243, 122
Trd, 4319043.543, 106
Trd, 4319044.093, 140
Trd, 4319044.343, 134
Trd, 4319045.193, 106
Trd, 4319046.243, 132
Trd, 4319047.093, 93
Trd, 4319048.693, 137
Trd, 4319049.093, 89
Trd, 4319049.293, 87
Trd, 4319049.593, 80
Trd, 4319050.493, 100
Trd, 4319051.193, 62
Trd, 4319051.543, 140
Trd, 4319052.093, 69
Trd, 4319053.543, 61
Trd, 4319054.143, 62
Trd, 4319054.443, 64
Trd, 4319054.643, 67
Trd, 4319054.943, 62
Trd, 4319056.143, 117
Trd, 4319057.143, 103
Trd, 4319057.893, 102
Trd, 4319058.893, 108
Trd, 4319059.043, 80
Trd, 4319060.143, 115
Trd, 4319061.043, 103
Trd, 4319062.893, 140
Trd, 4319062.943, 140
Trd, 4319063.243, 139
Trd, 4319063.993, 105
Trd, 4319066.293, 140
Trd, 4319066.443, 140
Trd, 4319067.143, 137
Trd, 4319067.493, 137
Trd, 4319067.843, 140
Trd, 4319068.293, 120
Trd, 4319069.443, 140
Trd, 4319070.043, 140
Trd, 4319070.343, 114
Trd, 4319071.393, 77
Trd, 4319071.643, 68
Trd, 4319072.243, 64
Trd, 4319072.693, 109
Trd, 4319073.343, 86
Trd, 4319073.843, 111
Trd, 4319074.043, 74
Trd, 4319075.493, 82
Trd, 4319075.843, 62
Trd, 4319077.543, 67
Trd, 4319077.843, 63
Trd, 4319078.793, 98
Trd, 4319079.143, 112
Trd, 4319081.493, 111
Trd, 4319081.993, 107
Trd, 4319082.843, 119
Trd, 4319082.893, 116
Trd, 4319082.993, 115
Trd, 4319083.043, 89
Trd, 4319083.743, 138
Trd, 4319084.093, 106
Trd, 4319084.193, 83
Trd, 4319084.893, 140
Trd, 4319085.993, 118
Trd, 4319086.643, 61
Trd, 4319088.393, 139
Trd, 4319088.693, 139
Trd, 4319089.243, 106
Trd, 4319089.443, 62
Trd, 4319089.793, 120
Trd, 4319090.493, 62
Trd, 4319091.893, 66
Trd, 4319092.293, 66
Trd, 4319092.793, 68
Trd, 4319093.393, 70
Trd, 4319095.193, 106
Trd, 4319095.643, 125
Trd, 4319097.443, 64
Trd, 4319097.993, 139
Trd, 4319098.043, 106
Trd, 4319099.093, 139
Trd, 4319099.343, 83
Trd, 4319099.693, 76
Trd, 4319099.843, 73
Trd, 4319101.243, 63
Trd, 4319101.793, 64
Trd, 4319101.993, 61
Trd, 4319102.943, 61
Trd, 4319103.343, 61
Trd, 4319103.393, 69
Trd, 4319104.393, 61
Trd, 4319106.643, 71
Trd, 4319106.693, 70
Trd, 4319107.443, 71
Trd, 4319107.693, 71
Trd, 4319107.893, 67
Trd, 4319108.443, 67
Trd, 4319109.093, 72
Trd, 4319110.043, 61
Trd, 4319110.143, 88
Trd, 4319111.143, 62
Trd, 4319111.393, 72
Trd, 4319114.493, 61
Trd, 4319114.793, 62
Trd, 4319115.043, 63
Trd, 4319115.793, 60
Trd, 4319116.193, 60
Trd, 4319117.093, 63
Trd, 4319117.293, 60
Trd, 4319117.593, 63
Trd, 4319118.293, 63
Trd, 4319118.693, 69
Trd, 4319118.843, 64
Trd, 4319120.843, 61
Trd, 4319121.443, 63
Trd, 4319122.193, 62
Trd, 4319122.393, 60
Trd, 4319123.193, 61
Trd, 4319124.143, 60
Trd, 4319124.893, 129
Trd, 4319124.993, 118
Trd, 4319125.893, 116
Trd, 4319126.643, 107
Trd, 4319126.993, 139
Trd, 4319127.943, 107
Trd, 4319128.693, 107
Trd, 4319128.893, 81
Trd, 4319129.693, 128
Trd, 4319130.093, 64
Trd, 4319130.393, 63
Trd, 4319131.593, 60
Trd, 4319132.193, 61
Trd, 4319132.393, 62
Trd, 4319134.093, 63
Trd, 4319134.893, 97
Trd, 4319135.493, 96
Trd, 4319135.993, 96
Trd, 4319136.193, 95
Trd, 4319136.643, 95
Trd, 4319136.993, 64
Trd, 4319137.643, 87
Trd, 4319138.593, 116
Trd, 4319138.743, 92
Trd, 4319139.093, 140
Trd, 4319140.343, 65
Trd, 4319141.193, 61
Trd, 4319141.993, 66
Trd, 4319143.393, 108
Trd, 4319143.643, 64
Trd, 4319144.743, 62
Trd, 4319144.793, 71
Trd, 4319145.643, 84
Trd, 4319146.193, 62
Trd, 4319146.893, 127
Trd, 4319147.743, 68
Trd, 4319148.043, 118
Trd, 4319149.293, 62
Trd, 4319149.893, 61
Trd, 4319150.243, 65
Trd, 4319150.343, 60
Trd, 4319151.693, 90
Trd, 4319151.843, 89
Trd, 4319151.943, 84
Trd, 4319152.193, 135
Trd, 4319152.893, 65
Trd, 4319153.943, 132
Trd, 4319154.493, 60
Trd, 4319156.543, 63
Trd, 4319157.643, 61
Trd, 4319157.743, 64
Trd, 4319158.743, 63
Trd, 4319160.943, 61
Trd, 4319161.643, 61
Trd, 4319162.693, 63
Trd, 4319162.993, 60
Trd, 4319163.793, 61
Trd, 4319163.893, 62
Trd, 4319164.793, 63
Trd, 4319165.343, 73
Trd, 4319165.643, 133
Trd, 4319166.093, 93
Trd, 4319166.243, 92
Trd, 4319166.943, 94
Trd, 4319168.043, 118
Trd, 4319168.643, 115
Trd, 4319169.543, 60
Trd, 4319169.943, 62
Trd, 4319169.993, 63
Trd, 4319172.543, 111
Trd, 4319172.743, 83
Trd, 4319173.493, 97
Trd, 4319174.943, 101
Trd, 4319174.993, 93
Trd, 4319175.043, 92
Trd, 4319175.493, 139
Trd, 4319176.643, 60
Trd, 4319178.393, 61
Trd, 4319179.293, 60
Trd, 4319179.493, 65
Trd, 4319179.593, 70
Trd, 4319180.043, 61
Trd, 4319180.793, 64
Trd, 4319180.993, 64
Trd, 4319181.393, 127
Trd, 4319181.693, 99
Trd, 4319182.743, 108
Trd, 4319183.843, 88
Trd, 4319184.193, 77
Trd, 4319184.693, 125
Trd, 4319185.043, 101
Trd, 4319185.093, 100
Trd, 4319186.193, 64
Trd, 4319186.543, 64
Trd, 4319187.693, 94
Trd, 4319188.043, 92
Trd, 4319188.093, 88
Trd, 4319189.593, 140
Trd, 4319190.793, 140
Trd, 4319190.943, 139
Trd, 4319191.093, 81
Trd, 4319191.943, 130
Trd, 4319192.443, 129
Trd, 4319192.593, 90
Trd, 4319192.793, 122
Trd, 4319193.343, 63
Trd, 4319194.043, 68
Trd, 4319194.343, 61
Trd, 4319194.793, 104
Trd, 4319196.093, 65
Trd, 4319196.693, 61
Trd, 4319197.343, 60
Trd, 4319197.493, 76
Trd, 4319198.543, 137
Trd, 4319199.043, 122
Trd, 4319199.643, 121
Trd, 4319200.193, 69
Trd, 4319201.443, 62
Trd, 4319201.843, 65
Trd, 4319202.493, 70
Trd, 4319202.793, 120
Trd, 4319203.093, 68
Trd, 4319204.943, 60
Trd, 4319205.693, 61
Trd, 4319205.843, 60
Trd, 4319207.193, 60
Trd, 4319209.443, 61
Trd, 4319209.543, 62
Trd, 4319210.493, 66
Trd, 4319210.693, 68
Trd, 4319210.743, 83
Trd, 4319210.993, 75
Trd, 4319212.293, 61
Trd, 4319212.593, 64
Trd, 4319212.743, 65
Trd, 4319212.843, 65
Trd, 4319215.093, 112
Trd, 4319215.643, 136
Trd, 4319216.093, 61
Trd, 4319216.643, 62
Trd, 4319218.893, 67
Trd, 4319220.443, 60
Trd, 4319221.093, 61
Trd, 4319221.393, 60
Trd, 4319221.543, 66
Trd, 4319221.893, 60
Trd, 4319223.143, 60
Trd, 4319224.743, 63
Trd, 4319224.943, 64
Trd, 4319225.393, 61
Trd, 4319226.493, 62
Trd, 4319226.843, 62
Trd, 4319227.393, 69
Trd, 4319227.843, 64
Trd, 4319228.193, 113
Trd, 4319228.743, 126
Trd, 4319229.393, 67
Trd, 4319230.693, 126
Trd, 4319230.793, 105
Trd, 4319230.943, 95
Trd, 4319231.293, 61
Trd, 4319232.593, 60
Trd, 4319233.143, 60
Trd, 4319233.893, 60
Trd, 4319234.743, 61
Trd, 4319235.493, 61
Trd, 4319235.693, 63
Trd, 4319235.843, 67
Trd, 4319237.493, 60
Trd, 4319237.793, 60
Trd, 4319238.543, 62
Trd, 4319238.743, 64
Trd, 4319239.443, 69
Trd, 4319240.293, 63
Trd, 4319240.943, 65
Trd, 4319242.643, 63
Trd, 4319243.293, 60
Trd, 4319243.893, 63
Trd, 4319244.993, 61
Trd, 4319245.493, 62
Trd, 4319246.143, 63
Trd, 4319246.193, 65
Trd, 4319246.243, 78
Trd, 4319246.643, 140
Trd, 4319247.143, 139
Trd, 4319248.093, 63
Trd, 4319248.193, 70
Trd, 4319249.643, 66
Trd, 4319249.843, 69
Trd, 4319250.043, 92
Trd, 4319251.493, 66
Trd, 4319253.243, 60
Trd, 4319253.543, 64
Trd, 4319254.193, 65
Trd, 4319255.143, 63
Trd, 4319255.443, 70
Trd, 4319255.793, 60
Trd, 4319256.493, 61
Trd, 4319256.993, 61
Trd, 4319257.693, 64
Trd, 4319258.193, 61
Trd, 4319258.243, 61
Trd, 4319258.843, 61
Trd, 4319260.243, 61
Trd, 4319260.543, 66
Trd, 4319262.343, 60
Trd, 4319263.493, 61
Trd, 4319263.993, 60
Trd, 4319264.393, 61
Trd, 4319265.043, 65
Trd, 4319265.293, 62
Trd, 4319265.443, 66
Trd, 4319266.293, 64
Trd, 4319266.543, 65
Trd, 4319266.593, 67
Trd, 4319267.093, 63
Trd, 4319267.993, 61
Trd, 4319268.493, 65
Trd, 4319270.293, 60
Trd, 4319270.543, 62
Trd, 4319271.093, 62
Trd, 4319271.543, 64
Trd, 4319271.843, 61
Trd, 4319272.143, 68
Trd, 4319272.693, 79
Trd, 4319274.493, 60
Trd, 4319276.193, 60
Trd, 4319277.093, 61
Trd, 4319277.343, 68
Trd, 4319277.843, 60
Trd, 4319278.943, 135
Trd, 4319279.193, 134
Trd, 4319279.393, 133
Trd, 4319279.643, 67
Trd, 4319281.593, 61
Trd, 4319281.993, 82
Trd, 4319282.343, 66
Trd, 4319284.343, 62
Trd, 4319285.193, 61
Trd, 4319285.343, 67
Trd, 4319285.843, 67
Trd, 4319286.743, 62
Trd, 4319287.143, 103
Trd, 4319287.693, 138
Trd, 4319287.843, 126
Trd, 4319288.143, 125
Trd, 4319289.043, 132
Trd, 4319290.143, 132
Trd, 4319290.393, 104
Trd, 4319290.543, 71
Trd, 4319291.593, 104
Trd, 4319291.893, 103
Trd, 4319293.243, 131
Trd, 4319293.943, 97
Trd, 4319294.043, 84
Trd, 4319294.593, 71
Trd, 4319294.893, 67
Trd, 4319296.543, 72
Trd, 4319296.643, 70
Trd, 4319297.943, 61
Trd, 4319300.543, 63
Trd, 4319300.843, 60
Trd, 4319300.943, 64
Trd, 4319301.843, 61
Trd, 4319302.243, 60
Trd, 4319302.993, 60
Trd, 4319303.143, 64
Trd, 4319303.743, 61
Trd, 4319304.243, 61
Trd, 4319304.793, 63
Trd, 4319304.993, 65
Trd, 4319305.843, 63
Trd, 4319307.043, 61
Trd, 4319307.093, 61
Trd, 4319309.043, 61
Trd, 4319309.193, 63
Trd, 4319309.893, 62
Trd, 4319310.293, 61
Trd, 4319310.743, 61
Trd, 4319310.943, 65
Trd, 4319310.993, 68
Trd, 4319312.243, 62
Trd, 4319314.093, 63
Trd, 4319314.793, 64
Trd, 4319315.043, 82
Trd, 4319316.693, 61
Trd, 4319317.393, 63
Trd, 4319318.593, 64
Trd, 4319318.943, 60
Trd, 4319319.143, 66
Trd, 4319320.293, 73
Trd, 4319320.493, 92
Trd, 4319320.693, 88
Trd, 4319321.093, 64
Trd, 4319322.143, 63
Trd, 4319324.243, 61
Trd, 4319324.843, 62
Trd, 4319325.543, 60
Trd, 4319325.943, 61
Trd, 4319327.243, 60
Trd, 4319327.543, 61
Trd, 4319328.693, 60
Trd, 4319329.643, 60
Trd, 4319330.493, 61
Trd, 4319330.693, 64
Trd, 4319331.443, 62
Trd, 4319331.593, 66
Trd, 4319332.143, 63
Trd, 4319332.793, 62
Trd, 4319332.843, 61
Trd, 4319333.693, 138
Trd, 4319333.893, 86
Trd, 4319335.893, 131
Trd, 4319336.243, 104
Trd, 4319337.043, 73
Trd, 4319338.743, 131
Trd, 4319339.143, 110
Trd, 4319339.243, 97
Trd, 4319340.593, 139
Trd, 4319340.943, 116
Trd, 4319341.193, 116
Trd, 4319341.243, 114
Trd, 4319341.843, 97
Trd, 4319342.643, 114
Trd, 4319343.793, 118
Trd, 4319344.893, 81
Trd, 4319345.593, 93
Trd, 4319347.143, 129
Trd, 4319347.743, 123
Trd, 4319348.443, 140
Trd, 4319349.043, 126
Trd, 4319349.343, 116
Trd, 4319349.943, 107
Trd, 4319350.543, 107
Trd, 4319350.893, 74
Trd, 4319351.193, 75
Trd, 4319351.743, 61
Trd, 4319352.343, 91
Trd, 4319352.893, 117
Trd, 4319353.393, 65
Trd, 4319354.393, 134
Trd, 4319354.593, 131
Trd, 4319355.593, 62
Trd, 4319356.493, 61
Trd, 4319356.943, 64
Trd, 4319357.893, 62
Trd, 4319358.493, 61
Trd, 4319358.743, 65
Trd, 4319358.943, 74
Trd, 4319359.193, 136
Trd, 4319360.143, 76
Trd, 4319360.843, 60
Trd, 4319362.043, 68
Trd, 4319362.293, 105
Trd, 4319363.243, 72
Trd, 4319363.593, 119
Trd, 4319365.543, 123
Trd, 4319365.693, 107
Trd, 4319366.193, 139
Trd, 4319366.443, 138
Trd, 4319366.643, 137
Trd, 4319367.843, 139
Trd, 4319367.893, 99
Trd, 4319368.643, 84
Trd, 4319369.343, 64
Trd, 4319369.543, 69
Trd, 4319369.743, 134
Trd, 4319370.843, 64
Trd, 4319371.343, 60
Trd, 4319372.093, 80
Trd, 4319373.693, 60
Trd, 4319375.543, 61
Trd, 4319376.243, 62
Trd, 4319377.043, 61
Trd, 4319377.143, 61
Trd, 4319378.593, 60
Trd, 4319379.243, 60
Trd, 4319379.293, 61
Trd, 4319379.743, 60
Trd, 4319380.093, 61
Trd, 4319380.143, 62
Trd, 4319380.843, 66
Trd, 4319382.693, 61
Trd, 4319382.843, 61
Trd, 4319383.193, 70
Trd, 4319385.693, 60
Trd, 4319386.943, 61
Trd, 4319387.043, 63
Trd, 4319387.193, 68
Trd, 4319387.893, 60
Trd, 4319388.693, 62
Trd, 4319388.993, 63
Trd, 4319389.093, 63
Trd, 4319389.993, 66
Trd, 4319392.793, 60
Trd, 4319393.043, 64
Trd, 4319393.943, 60
Trd, 4319394.743, 61
Trd, 4319395.043, 62
Trd, 4319396.743, 60
Trd, 4319396.893, 60
Trd, 4319398.743, 60
Trd, 4319398.793, 60
Trd, 4319399.193, 66
Trd, 4319399.293, 68
Trd, 4319400.043, 66
Trd, 4319400.943, 63
Trd, 4319400.993, 71
Trd, 4319401.543, 72
Trd, 4319401.943, 124
Trd, 4319402.693, 124
Trd, 4319403.293, 139
Trd, 4319403.343, 123
Trd, 4319404.343, 122
Trd, 4319404.693, 122
Trd, 4319405.293, 122
Trd, 4319405.943, 75
Trd, 4319406.743, 79
Trd, 4319407.143, 88
Trd, 4319407.493, 68
Trd, 4319408.743, 70
Trd, 4319408.893, 70
Trd, 4319409.043, 102
Trd, 4319409.543, 68
Trd, 4319410.343, 102
Trd, 4319410.593, 71
Trd, 4319411.943, 76
Trd, 4319412.393, 87
Trd, 4319412.643, 75
Trd, 4319412.943, 60
Trd, 4319414.143, 133
Trd, 4319416.493, 65
Trd, 4319416.793, 60
Trd, 4319418.543, 60
Trd, 4319419.243, 61
Trd, 4319419.543, 62
Trd, 4319419.593, 62
Trd, 4319419.993, 63
Trd, 4319420.043, 62
Trd, 4319420.643, 62
Trd, 4319420.843, 62
Trd, 4319422.593, 140
Trd, 4319422.793, 138
Trd, 4319423.093, 119
Trd, 4319424.393, 119
Trd, 4319424.893, 133
Trd, 4319424.943, 116
Trd, 4319425.693, 112
Trd, 4319425.893, 84
Trd, 4319426.343, 124
Trd, 4319427.843, 138
Trd, 4319427.943, 139
Trd, 4319428.393, 137
Trd, 4319428.643, 138
Trd, 4319429.343, 115
Trd, 4319429.993, 62
Trd, 4319430.193, 66
Trd, 4319432.593, 61
Trd, 4319432.743, 62
Trd, 4319433.693, 135
Trd, 4319433.743, 117
Trd, 4319434.493, 115
Trd, 4319434.893, 98
Trd, 4319435.393, 97
Trd, 4319435.643, 86
Trd, 4319436.393, 140
Trd, 4319436.793, 140
Trd, 4319438.393, 115
Trd, 4319438.443, 113
Trd, 4319438.993, 108
Trd, 4319439.543, 114
Trd, 4319440.443, 122
Trd, 4319441.193, 122
Trd, 4319442.143, 140
Trd, 4319442.193, 97
Trd, 4319443.893, 97
Trd, 4319444.093, 134
Trd, 4319444.643, 121
Trd, 4319445.693, 83
Trd, 4319447.043, 61
Trd, 4319447.843, 64
Trd, 4319448.193, 67
Trd, 4319448.293, 82
Trd, 4319449.743, 110
Trd, 4319450.143, 81
Trd, 4319450.443, 63
Trd, 4319451.143, 134
Trd, 4319451.943, 139
Trd, 4319452.943, 135
Trd, 4319453.843, 123
Trd, 4319454.193, 116
Trd, 4319454.543, 96
Trd, 4319454.893, 99
Trd, 4319455.843, 90
Trd, 4319456.593, 69
Trd, 4319456.793, 67
Trd, 4319457.943, 140
Trd, 4319458.993, 112
Trd, 4319459.143, 106
Trd, 4319459.543, 108
Trd, 4319460.293, 126
Trd, 4319460.893, 125
Trd, 4319461.543, 125
Trd, 4319461.993, 85
Trd, 4319462.493, 118
Trd, 4319463.093, 126
Trd, 4319463.343, 120
Trd, 4319463.543, 131
Trd, 4319463.943, 87
Trd, 4319466.343, 98
Trd, 4319466.793, 98
Trd, 4319467.093, 78
Trd, 4319467.893, 76
Trd, 4319468.943, 64
Trd, 4319469.543, 63
Trd, 4319469.743, 67
Trd, 4319469.893, 62
Trd, 4319470.093, 61
Trd, 4319471.393, 72
Trd, 4319471.693, 70
Trd, 4319475.193, 60
Trd, 4319475.343, 67
Trd, 4319476.743, 60
Trd, 4319476.843, 60
Trd, 4319477.143, 62
Trd, 4319477.293, 64
Trd, 4319478.743, 64
Trd, 4319479.743, 72
Trd, 4319480.343, 60
Trd, 4319480.893, 62
Trd, 4319481.093, 63
Trd, 4319481.143, 61
Trd, 4319482.093, 65
Trd, 4319482.793, 62
Trd, 4319483.693, 60
Trd, 4319484.943, 60
Trd, 4319485.193, 62
Trd, 4319485.293, 62
Trd, 4319485.343, 63
Trd, 4319486.543, 65
Trd, 4319486.643, 67
Trd, 4319487.693, 67
Trd, 4319488.243, 67
Trd, 4319488.293, 69
Trd, 4319488.743, 65
Trd, 4319489.293, 67
Trd, 4319490.143, 62
Trd, 4319491.243, 60
Trd, 4319492.943, 61
Trd, 4319493.643, 60
Trd, 4319493.793, 63
Trd, 4319494.693, 60
Trd, 4319494.793, 73
Trd, 4319495.343, 60
Trd, 4319496.193, 63
Trd, 4319496.843, 62
Trd, 4319497.643, 65
Trd, 4319498.393, 64
Trd, 4319498.443, 63
Trd, 4319500.043, 81
Trd, 4319500.243, 105
Trd, 4319500.843, 81
Trd, 4319501.343, 101
Trd, 4319501.693, 135
Trd, 4319501.743, 73
Trd, 4319502.343, 61
Trd, 4319503.843, 140
Trd, 4319504.293, 140
Trd, 4319504.343, 112
Trd, 4319504.893, 84
Trd, 4319504.943, 83
Trd, 4319505.543, 64
Trd, 4319506.943, 131
Trd, 4319507.843, 104
Trd, 4319508.893, 102
Trd, 4319510.093, 139
Trd, 4319510.143, 110
Trd, 4319510.243, 87
Trd, 4319511.443, 60
Trd, 4319511.493, 61
Trd, 4319513.243, 60
Trd, 4319513.443, 63
Trd, 4319514.193, 62
Trd, 4319514.743, 69
Trd, 4319515.293, 65
Trd, 4319515.793, 62
Trd, 4319516.543, 72
Trd, 4319517.743, 62
Trd, 4319518.243, 60
Trd, 4319518.343, 66
Trd, 4319519.043, 62
Trd, 4319520.743, 61
Trd, 4319520.843, 90
Trd, 4319521.243, 105
Trd, 4319522.343, 108
Trd, 4319523.743, 138
Trd, 4319523.993, 137
Trd, 4319524.693, 136
Trd, 4319524.843, 89
Trd, 4319526.143, 89
Trd, 4319526.243, 63
Trd, 4319526.443, 73
Trd, 4319527.243, 65
Trd, 4319529.443, 60
Trd, 4319529.943, 61
Trd, 4319530.093, 61
Trd, 4319531.343, 63
Trd, 4319531.493, 64
Trd, 4319532.393, 60
Trd, 4319532.743, 62
Trd, 4319533.043, 62
Trd, 4319533.793, 65
Trd, 4319533.843, 68
Trd, 4319534.593, 140
Trd, 4319535.243, 89
Trd, 4319535.793, 85
Trd, 4319536.993, 101
Trd, 4319537.193, 84
Trd, 4319538.543, 96
Trd, 4319538.793, 135
Trd, 4319539.693, 139
Trd, 4319539.993, 130
Trd, 4319542.193, 120
Trd, 4319542.243, 89
Trd, 4319542.493, 76
Trd, 4319542.793, 63
Trd, 4319544.093, 134
Trd, 4319545.343, 132
Trd, 4319545.543, 129
Trd, 4319545.993, 129
Trd, 4319546.293, 140
Trd, 4319547.343, 68
Trd, 4319548.143, 131
Trd, 4319548.193, 75
Trd, 4319548.493, 61
Trd, 4319549.143, 60
Trd, 4319549.493, 65
Trd, 4319551.093, 62
Trd, 4319551.543, 84
Trd, 4319552.643, 66
Trd, 4319553.343, 66
Trd, 4319553.643, 63
Trd, 4319554.243, 140
Trd, 4319555.343, 139
Trd, 4319555.443, 105
Trd, 4319555.993, 70
Trd, 4319556.693, 95
Trd, 4319556.793, 63
Trd, 4319557.743, 82
Trd, 4319558.393, 82
Trd, 4319559.043, 88
Trd, 4319559.443, 88
Trd, 4319560.193, 87
Trd, 4319561.343, 139
Trd, 4319562.193, 112
Trd, 4319562.293, 111
Trd, 4319563.443, 120
Trd, 4319564.193, 133
Trd, 4319564.343, 131
Trd, 4319565.343, 79
Trd, 4319565.693, 76
Trd, 4319567.943, 69
Trd, 4319568.293, 63
Trd, 4319569.893, 63
Trd, 4319569.943, 65
Trd, 4319570.743, 62
Trd, 4319570.993, 62
Trd, 4319571.943, 140
Trd, 4319572.843, 140
Trd, 4319573.443, 140
Trd, 4319573.643, 137
Trd, 4319573.843, 92
Trd, 4319575.593, 65
Trd, 4319576.393, 60
Trd, 4319577.043, 61
Trd, 4319577.343, 62
Trd, 4319577.443, 65
Trd, 4319577.493, 69
Trd, 4319578.043, 116
Trd, 4319578.193, 87
Trd, 4319579.243, 63
Trd, 4319580.993, 130
Trd, 4319581.143, 129
Trd, 4319582.243, 130
Trd, 4319582.293, 109
Trd, 4319582.643, 84
Trd, 4319583.843, 139
Trd, 4319583.993, 136
Trd, 4319584.193, 94
Trd, 4319584.693, 140
Trd, 4319585.993, 62
Trd, 4319586.793, 61
Trd, 4319587.343, 86
Trd, 4319589.143, 68
Trd, 4319589.443, 71
Trd, 4319589.593, 67
Trd, 4319589.793, 63
Trd, 4319590.643, 139
Trd, 4319591.943, 85
Trd, 4319592.143, 83
Trd, 4319592.693, 108
Trd, 4319593.643, 83
Trd, 4319594.243, 83
Trd, 4319595.043, 100
Trd, 4319595.493, 74
Trd, 4319596.393, 61
Trd, 4319596.893, 138
Trd, 4319598.243, 136
Trd, 4319598.443, 115
Trd, 4319599.993, 69
Trd, 4319600.793, 68
Trd, 4319600.843, 73
Trd, 4319601.393, 71
Trd, 4319603.543, 60
Trd, 4319603.743, 140
Trd, 4319604.893, 61
Trd, 4319605.893, 60
Trd, 4319605.993, 60
Trd, 4319606.493, 60
Trd, 4319606.993, 60
Trd, 4319607.343, 60
Trd, 4319608.043, 60
Trd, 4319608.643, 60
Trd, 4319609.293, 60
Trd, 4319609.443, 61
Trd, 4319609.943, 60
Trd, 4319610.993, 61
Trd, 4319612.743, 60
Trd, 4319613.393, 60
Trd, 4319614.493, 60
Trd, 4319615.343, 62
Trd, 4319615.743, 61
Trd, 4319615.793, 63
Trd, 4319616.043, 75
Trd, 4319616.293, 62
Trd, 4319616.343, 61
Trd, 4319616.843, 64
Trd, 4319618.793, 79
Trd, 4319619.093, 95
Trd, 4319619.243, 78
Trd, 4319620.993, 62
Trd, 4319621.093, 66
Trd, 4319622.093, 60
Trd, 4319623.993, 60
Trd, 4319625.193, 60
Trd, 4319626.243, 64
Trd, 4319626.593, 60
Trd, 4319627.443, 63
Trd, 4319628.243, 63
Trd, 4319628.643, 64
Trd, 4319628.893, 66
Trd, 4319629.093, 68
Trd, 4319629.143, 69
Trd, 4319631.243, 138
Trd, 4319631.593, 137
Trd, 4319632.093, 104
Trd, 4319633.443, 118
Trd, 4319633.693, 139
Trd, 4319633.943, 103
Trd, 4319634.493, 117
Trd, 4319634.693, 66
Trd, 4319635.193, 60
Trd, 4319636.043, 140
Trd, 4319637.093, 134
Trd, 4319637.343, 133
Trd, 4319637.743, 129
Trd, 4319638.443, 114
Trd, 4319639.093, 120
Trd, 4319639.643, 110
Trd, 4319640.643, 103
Trd, 4319641.443, 81
Trd, 4319642.543, 124
Trd, 4319642.643, 121
Trd, 4319642.993, 87
Trd, 4319643.793, 140
Trd, 4319645.243, 61
Trd, 4319645.293, 62
Trd, 4319646.193, 62
Trd, 4319648.143, 140
Trd, 4319648.493, 140
Trd, 4319648.543, 140
Trd, 4319648.743, 138
Trd, 4319648.993, 116
Trd, 4319649.243, 134
Trd, 4319649.493, 121
Trd, 4319650.043, 63
Trd, 4319650.743, 62
Trd, 4319651.643, 60
Trd, 4319652.593, 60
Trd, 4319654.493, 63
Trd, 4319654.743, 63
Trd, 4319655.193, 69
Trd, 4319655.793, 72
Trd, 4319656.593, 102
Trd, 4319657.143, 101
Trd, 4319657.693, 86
Trd, 4319658.043, 80
Trd, 4319659.093, 107
Trd, 4319659.593, 61
Trd, 4319660.143, 60
Trd, 4319661.193, 60
Trd, 4319662.743, 61
Trd, 4319662.843, 66
Trd, 4319662.943, 104
Trd, 4319664.343, 126
Trd, 4319664.393, 83
Trd, 4319664.543, 82
Trd, 4319665.443, 60
Trd, 4319665.593, 69
Trd, 4319666.743, 63
Trd, 4319666.993, 78
Trd, 4319667.943, 67
Trd, 4319668.543, 66
Trd, 4319668.993, 67
Trd, 4319669.543, 65
Trd, 4319672.493, 60
Trd, 4319673.343, 63
Trd, 4319673.443, 65
Trd, 4319673.693, 63
Trd, 4319673.943, 60
Trd, 4319674.293, 60
Trd, 4319674.393, 71
Trd, 4319674.993, 64
Trd, 4319675.543, 64
Trd, 4319676.893, 70
Trd, 4319677.343, 63
Trd, 4319678.193, 64
Trd, 4319678.493, 63
Trd, 4319678.943, 61
Trd, 4319679.893, 92
Trd, 4319680.943, 86
Trd, 4319680.993, 85
Trd, 4319681.343, 61
Trd, 4319682.343, 69
Trd, 4319682.843, 93
Trd, 4319684.643, 140
Trd, 4319685.093, 140
Trd, 4319685.293, 140
Trd, 4319685.843, 65
Trd, 4319686.143, 62
Trd, 4319686.993, 65
Trd, 4319688.393, 63
Trd, 4319688.543, 61
Trd, 4319688.593, 66
Trd, 4319690.293, 106
Trd, 4319691.093, 122
Trd, 4319692.043, 139
Trd, 4319692.243, 126
Trd, 4319692.843, 89
Trd, 4319693.293, 80
Trd, 4319693.793, 130
Trd, 4319694.593, 99
Trd, 4319694.843, 80
Trd, 4319695.143, 79
Trd, 4319695.643, 67
Trd, 4319696.943, 139
Trd, 4319696.993, 73
Trd, 4319697.593, 99
Trd, 4319698.843, 120
Trd, 4319699.093, 89
Trd, 4319699.543, 90
Trd, 4319699.943, 106
Trd, 4319701.393, 61
Trd, 4319702.743, 62
Trd, 4319704.793, 60
Trd, 4319705.143, 61
Trd, 4319705.393, 62
Trd, 4319705.443, 60
Trd, 4319705.493, 63
Trd, 4319705.893, 125
Trd, 4319707.043, 70
Trd, 4319707.243, 69
Trd, 4319707.993, 62
Trd, 4319709.343, 140
Trd, 4319709.543, 140
Trd, 4319710.243, 93
Trd, 4319711.443, 65
Trd, 4319712.943, 64
Trd, 4319713.193, 60
Trd, 4319714.393, 61
Trd, 4319714.643, 62
Trd, 4319714.793, 62
Trd, 4319715.093, 64
Trd, 4319715.493, 86
Trd, 4319715.843, 135
Trd, 4319716.793, 63
Trd, 4319716.943, 116
Trd, 4319717.193, 115
Trd, 4319718.293, 140
Trd, 4319719.543, 69
Trd, 4319719.593, 61
Trd, 4319719.793, 60
Trd, 4319720.493, 98
Trd, 4319721.043, 64
Trd, 4319721.193, 87
Trd, 4319722.543, 84
Trd, 4319723.343, 66
Trd, 4319725.143, 62
Trd, 4319725.343, 68
Trd, 4319725.643, 122
Trd, 4319726.093, 64
Trd, 4319726.793, 62
Trd, 4319728.093, 62
Trd, 4319728.393, 84
Trd, 4319728.943, 61
Trd, 4319730.143, 60
Trd, 4319730.793, 64
Trd, 4319731.293, 127
Trd, 4319731.543, 120
Trd, 4319731.693, 119
Trd, 4319732.243, 136
Trd, 4319732.843, 118
Trd, 4319733.643, 140
Trd, 4319734.243, 64
Trd, 4319735.293, 107
Trd, 4319736.393, 63
Trd, 4319736.443, 66
Trd, 4319738.293, 70
Trd, 4319739.043, 95
Trd, 4319739.193, 80
Trd, 4319739.393, 79
Trd, 4319740.043, 74
Trd, 4319740.443, 91
Trd, 4319740.743, 85
Trd, 4319741.643, 139
Trd, 4319741.893, 98
Trd, 4319742.743, 140
Trd, 4319743.593, 140
Trd, 4319745.543, 98
Trd, 4319745.843, 105
Trd, 4319746.093, 98
Trd, 4319746.143, 97
Trd, 4319746.243, 113
Trd, 4319746.993, 82
Trd, 4319747.043, 79
Trd, 4319747.693, 107
Trd, 4319748.143, 74
Trd, 4319749.443, 140
Trd, 4319750.443, 140
Trd, 4319750.943, 140
Trd, 4319751.493, 102
Trd, 4319752.493, 139
Trd, 4319752.743, 102
Trd, 4319753.243, 95
Trd, 4319753.593, 93
Trd, 4319755.143, 140
Trd, 4319756.143, 139
Trd, 4319756.443, 107
Trd, 4319756.743, 84
Trd, 4319757.293, 137
Trd, 4319757.943, 81
Trd, 4319758.843, 86
Trd, 4319759.593, 123
Trd, 4319759.743, 81
Trd, 4319760.193, 74
Trd, 4319761.843, 62
Trd, 4319762.943, 62
Trd, 4319763.893, 60
Trd, 4319765.143, 60
Trd, 4319766.293, 60
Trd, 4319766.743, 62
Trd, 4319767.243, 61
Trd, 4319767.643, 64
Trd, 4319767.743, 72
Trd, 4319767.943, 60
Trd, 4319770.143, 140
Trd, 4319770.343, 140
Trd, 4319770.693, 140
Trd, 4319771.043, 103
Trd, 4319771.293, 104
Trd, 4319771.543, 103
Trd, 4319772.343, 118
Trd, 4319773.093, 90
Trd, 4319773.993, 64
Trd, 4319774.343, 60
Trd, 4319774.743, 139
Trd, 4319774.993, 99
Trd, 4319775.193, 97
Trd, 4319776.143, 108
Trd, 4319777.243, 63
Trd, 4319777.393, 67
Trd, 4319778.043, 62
Trd, 4319778.343, 65
Trd, 4319779.343, 63
Trd, 4319781.443, 60
Trd, 4319782.043, 61
Trd, 4319782.093, 63
Trd, 4319783.343, 61
Trd, 4319784.793, 61
Trd, 4319784.843, 79
Trd, 4319785.843, 60
Trd, 4319786.743, 62
Trd, 4319787.443, 62
Trd, 4319787.693, 61
Trd, 4319789.393, 123
Trd, 4319789.793, 98
Trd, 4319789.843, 97
Trd, 4319790.743, 119
Trd, 4319791.893, 140
Trd, 4319792.143, 128
Trd, 4319792.243, 82
Trd, 4319792.493, 126
Trd, 4319793.143, 103
Trd, 4319793.243, 119
Trd, 4319793.693, 79
Trd, 4319794.743, 61
Trd, 4319794.943, 60
Trd, 4319795.893, 62
Trd, 4319797.193, 62
Trd, 4319797.393, 62
Trd, 4319798.193, 76
Trd, 4319798.493, 63
Trd, 4319801.143, 99
Trd, 4319801.193, 98
Trd, 4319801.443, 64
Trd, 4319802.293, 132
Trd, 4319803.093, 98
Trd, 4319804.043, 81
Trd, 4319804.493, 79
Trd, 4319805.593, 140
Trd, 4319806.043, 139
Trd, 4319806.343, 139
Trd, 4319807.343, 68
Trd, 4319807.493, 69
Trd, 4319808.793, 60
Trd, 4319809.093, 64
Trd, 4319809.193, 75
Trd, 4319810.843, 60
Trd, 4319811.293, 60
Trd, 4319811.443, 65
Trd, 4319813.043, 65
Trd, 4319813.143, 66
Trd, 4319813.743, 64
Trd, 4319814.293, 69
Trd, 4319815.343, 60
Trd, 4319815.693, 74
Trd, 4319817.093, 66
Trd, 4319817.243, 68
Trd, 4319817.343, 131
Trd, 4319817.893, 130
Trd, 4319818.993, 111
Trd, 4319820.043, 119
Trd, 4319820.093, 76
Trd, 4319820.343, 71
Trd, 4319821.143, 87
Trd, 4319822.043, 140
Trd, 4319822.243, 139
Trd, 4319822.693, 109
Trd, 4319822.993, 122
Trd, 4319824.093, 65
Trd, 4319825.143, 60
Trd, 4319825.793, 60
Trd, 4319826.643, 60
Trd, 4319826.893, 61
Trd, 4319826.943, 70
Trd, 4319827.243, 127
Trd, 4319828.693, 65
Trd, 4319829.143, 134
Trd, 4319829.593, 75
Trd, 4319830.243, 123
Trd, 4319830.793, 113
Trd, 4319830.893, 84
Trd, 4319832.143, 60
Trd, 4319832.343, 76
Trd, 4319832.743, 134
Trd, 4319834.293, 140
Trd, 4319834.943, 139
Trd, 4319835.093, 105
Trd, 4319835.793, 75
Trd, 4319837.293, 68
Trd, 4319837.343, 69
Trd, 4319838.343, 118
Trd, 4319838.543, 125
Trd, 4319838.593, 75
Trd, 4319839.043, 116
Trd, 4319839.193, 77
Trd, 4319839.743, 60
Trd, 4319840.293, 113
Trd, 4319842.493, 60
Trd, 4319842.543, 61
Trd, 4319843.543, 63
Trd, 4319845.793, 60
Trd, 4319846.193, 60
Trd, 4319846.443, 60
Trd, 4319846.693, 61
Trd, 4319847.343, 62
Trd, 4319847.793, 66
Trd, 4319848.593, 71
Trd, 4319850.093, 63
Trd, 4319850.343, 64
Trd, 4319850.543, 67
Trd, 4319850.993, 71
Trd, 4319851.143, 140
Trd, 4319851.743, 65
Trd, 4319851.993, 64
Trd, 4319852.843, 62
Trd, 4319853.893, 84
Trd, 4319854.093, 62
Trd, 4319854.593, 68
Trd, 4319855.393, 63
Trd, 4319856.493, 111
Trd, 4319857.943, 140
Trd, 4319858.293, 82
Trd, 4319859.093, 81
Trd, 4319859.193, 75
Trd, 4319859.593, 89
Trd, 4319859.643, 73
Trd, 4319860.393, 114
Trd, 4319861.593, 66
Trd, 4319861.943, 68
Trd, 4319861.993, 62
Trd, 4319863.193, 60
Trd, 4319864.543, 93
Trd, 4319866.243, 93
Trd, 4319866.293, 92
Trd, 4319866.493, 69
Trd, 4319867.593, 79
Trd, 4319867.743, 77
Trd, 4319867.993, 67
Trd, 4319868.143, 97
Trd, 4319869.143, 62
Trd, 4319869.493, 63
Trd, 4319870.293, 140
Trd, 4319870.943, 62
Trd, 4319871.943, 61
Trd, 4319872.593, 63
Trd, 4319872.843, 86
Trd, 4319873.843, 63
Trd, 4319873.993, 98
Trd, 4319874.643, 62
Trd, 4319875.193, 61
Trd, 4319875.493, 63
Trd, 4319876.143, 61
Trd, 4319877.343, 139
Trd, 4319878.393, 139
Trd, 4319878.993, 117
Trd, 4319879.393, 116
Trd, 4319880.243, 130
Trd, 4319882.243, 140
Trd, 4319882.743, 140
Trd, 4319883.043, 140
Trd, 4319883.593, 117
Trd, 4319883.893, 116
Trd, 4319884.593, 75
Trd, 4319884.643, 60
Trd, 4319885.193, 72
Trd, 4319886.693, 122
Trd, 4319887.193, 121
Trd, 4319887.243, 92
Trd, 4319887.443, 62
Trd, 4319887.843, 139
Trd, 4319888.343, 74
Trd, 4319889.843, 140
Trd, 4319890.543, 114
Trd, 4319891.243, 109
Trd, 4319892.193, 121
Trd, 4319892.243, 120
Trd, 4319893.593, 108
Trd, 4319893.643, 97
Trd, 4319894.043, 138
Trd, 4319894.193, 89
Trd, 4319894.243, 88
Trd, 4319895.143, 139
Trd, 4319896.543, 70
Trd, 4319897.193, 60
Trd, 4319897.643, 78
Trd, 4319898.743, 79
Trd, 4319899.543, 140
Trd, 4319900.043, 140
Trd, 4319900.943, 140
Trd, 4319901.743, 124
Trd, 4319901.843, 120
Trd, 4319902.293, 60
Trd, 4319903.143, 97
Trd, 4319903.593, 98
Trd, 4319903.643, 92
Trd, 4319903.693, 75
Trd, 4319905.293, 82
Trd, 4319905.543, 78
Trd, 4319905.843, 79
Trd, 4319906.693, 133
Trd, 4319908.043, 140
Trd, 4319908.093, 131
Trd, 4319908.743, 85
Trd, 4319909.393, 84
Trd, 4319909.793, 140
Trd, 4319911.193, 116
Trd, 4319912.543, 127
Trd, 4319913.943, 126
Trd, 4319914.343, 115
Trd, 4319914.443, 99
Trd, 4319914.943, 82
Trd, 4319915.143, 80
Trd, 4319915.193, 71
Trd, 4319915.393, 74
Trd, 4319915.943, 104
Trd, 4319917.443, 140
Trd, 4319917.743, 65
Trd, 4319918.593, 89
Trd, 4319918.793, 87
Trd, 4319920.743, 103
Trd, 4319920.943, 104
Trd, 4319921.393, 97
Trd, 4319921.543, 86
Trd, 4319922.693, 98
Trd, 4319922.893, 88
Trd, 4319924.093, 140
Trd, 4319924.143, 140
Trd, 4319924.793, 97
Trd, 4319925.343, 96
Trd, 4319926.443, 79
Trd, 4319926.993, 73
Trd, 4319927.943, 140
Trd, 4319928.193, 95
Trd, 4319928.343, 94
Trd, 4319928.493, 62
Trd, 4319929.543, 70
Trd, 4319932.293, 128
Trd, 4319932.443, 75
Trd, 4319932.543, 140
Trd, 4319933.143, 71
Trd, 4319933.793, 62
Trd, 4319934.393, 63
Trd, 4319935.193, 61
Trd, 4319935.993, 71
Trd, 4319936.443, 63
Trd, 4319936.793, 140
Trd, 4319936.843, 140
Trd, 4319938.293, 77
Trd, 4319938.693, 111
Trd, 4319938.993, 67
Trd, 4319940.293, 60
Trd, 4319940.793, 61
Trd, 4319942.143, 62
Trd, 4319943.243, 60
Trd, 4319943.393, 60
Trd, 4319943.843, 61
Trd, 4319944.343, 61
Trd, 4319944.643, 68
Trd, 4319945.493, 60
Trd, 4319947.593, 60
Trd, 4319947.993, 60
Trd, 4319948.243, 63
Trd, 4319948.743, 61
Trd, 4319949.793, 60
Trd, 4319949.943, 62
Trd, 4319950.543, 63
Trd, 4319952.243, 60
Trd, 4319952.993, 64
Trd, 4319953.793, 61
Trd, 4319954.143, 72
Trd, 4319954.643, 140
Trd, 4319954.843, 140
Trd, 4319954.893, 102
Trd, 4319955.443, 68
Trd, 4319955.543, 60
Trd, 4319956.043, 62
Trd, 4319956.393, 140
Trd, 4319957.443, 127
Trd, 4319958.743, 128
Trd, 4319959.693, 133
Trd, 4319960.293, 133
Trd, 4319960.693, 114
Trd, 4319961.443, 91
Trd, 4319962.043, 72
Trd, 4319962.243, 71
Trd, 4319963.293, 104
Trd, 4319963.343, 102
Trd, 4319964.693, 125
Trd, 4319965.193, 122
Trd, 4319965.443, 128
Trd, 4319966.443, 63
Trd, 4319966.643, 77
Trd, 4319967.543, 140
Trd, 4319967.743, 122
Trd, 4319969.193, 129
Trd, 4319969.493, 95
Trd, 4319970.043, 62
Trd, 4319970.193, 63
Trd, 4319970.393, 61
Trd, 4319971.243, 62
Trd, 4319972.193, 67
Trd, 4319972.393, 65
Trd, 4319972.843, 114
Trd, 4319974.243, 134
Trd, 4319974.793, 130
Trd, 4319975.293, 132
Trd, 4319977.393, 140
Trd, 4319978.143, 139
Trd, 4319978.443, 138
Trd, 4319978.843, 102
Trd, 4319979.093, 97
Trd, 4319979.743, 95
Trd, 4319979.843, 94
Trd, 4319980.343, 133
Trd, 4319980.443, 91
Trd, 4319981.993, 61
Trd, 4319982.643, 60
Trd, 4319982.943, 61
Trd, 4319983.093, 85
Trd, 4319984.343, 64
Trd, 4319984.793, 68
Trd, 4319985.093, 60
Trd, 4319985.593, 60
Trd, 4319986.193, 66
Trd, 4319987.193, 71
Trd, 4319988.893, 75
Trd, 4319989.243, 73
Trd, 4319989.593, 61
Trd, 4319989.843, 65
Trd, 4319990.393, 139
Trd, 4319990.493, 135
Trd, 4319991.093, 113
Trd, 4319991.743, 123
Trd, 4319992.093, 69
Trd, 4319992.993, 76
Trd, 4319993.393, 61
Trd, 4319993.843, 61
Trd, 4319994.493, 72
Trd, 4319995.793, 62
Trd, 4319996.243, 62
Trd, 4319996.293, 64
Trd, 4319997.193, 74
Trd, 4319997.543, 64
Trd, 4319999.143, 78
Trd, 4319999.493, 137
Trd, 4319999.793, 133
