Trd, 4318053.843, 115
Trd, 4318055.143, 136
Trd, 4318055.193, 129
Trd, 4318056.893, 131
Trd, 4318056.993, 132
Trd, 4318058.693, 140
Trd, 4318059.343, 115
Trd, 4318060.193, 111
Trd, 4318060.243, 114
Trd, 4318060.393, 93
Trd, 4318060.993, 118
Trd, 4318061.643, 93
Trd, 4318061.693, 80
Trd, 4318062.193, 134
Trd, 4318062.343, 121
Trd, 4318066.293, 140
Trd, 4318066.943, 101
Trd, 4318067.493, 106
Trd, 4318067.893, 118
Trd, 4318068.343, 93
Trd, 4318069.943, 119
Trd, 4318070.143, 112
Trd, 4318070.843, 112
Trd, 4318071.043, 110
Trd, 4318071.343, 118
Trd, 4318071.593, 83
Trd, 4318072.343, 116
Trd, 4318072.843, 117
Trd, 4318073.343, 95
Trd, 4318073.843, 130
Trd, 4318073.943, 80
Trd, 4318075.893, 69
Trd, 4318076.893, 99
Trd, 4318078.543, 107
Trd, 4318079.243, 120
Trd, 4318080.643, 120
Trd, 4318081.893, 121
Trd, 4318082.293, 104
Trd, 4318082.893, 117
Trd, 4318083.793, 118
Trd, 4318083.993, 111
Trd, 4318084.593, 105
Trd, 4318085.793, 62
Trd, 4318086.143, 81
Trd, 4318087.843, 108
Trd, 4318088.643, 67
Trd, 4318088.943, 98
Trd, 4318089.343, 122
Trd, 4318090.143, 116
Trd, 4318090.893, 86
Trd, 4318092.443, 138
Trd, 4318092.893, 131
Trd, 4318094.693, 120
Trd, 4318097.843, 135
Trd, 4318098.243, 118
Trd, 4318099.143, 133
Trd, 4318099.743, 132
Trd, 4318099.943, 109
Trd, 4318100.393, 97
Trd, 4318100.793, 134
Trd, 4318101.293, 117
Trd, 4318102.643, 132
Trd, 4318103.043, 130
Trd, 4318103.343, 129
Trd, 4318103.393, 125
Trd, 4318104.093, 136
Trd, 4318105.343, 100
Trd, 4318107.293, 130
Trd, 4318107.693, 104
Trd, 4318108.393, 122
Trd, 4318108.593, 100
Trd, 4318112.393, 129
Trd, 4318113.443, 131
Trd, 4318113.793, 124
Trd, 4318114.993, 134
Trd, 4318115.293, 139
Trd, 4318115.643, 125
Trd, 4318115.993, 116
Trd, 4318116.693, 138
Trd, 4318118.193, 103
Trd, 4318118.993, 108
Trd, 4318121.493, 117
Trd, 4318121.743, 108
Trd, 4318122.193, 118
Trd, 4318123.043, 133
Trd, 4318123.293, 133
Trd, 4318123.393, 117
Trd, 4318123.443, 113
Trd, 4318125.593, 113
Trd, 4318126.593, 107
Trd, 4318127.193, 90
Trd, 4318127.843, 94
Trd, 4318129.593, 137
Trd, 4318130.643, 114
Trd, 4318131.793, 120
Trd, 4318132.493, 124
Trd, 4318132.993, 85
Trd, 4318133.293, 132
Trd, 4318133.843, 108
Trd, 4318134.393, 105
Trd, 4318134.443, 99
Trd, 4318135.143, 67
Trd, 4318135.943, 97
Trd, 4318135.993, 127
Trd, 4318138.143, 140
Trd, 4318138.743, 120
Trd, 4318138.993, 115
Trd, 4318139.093, 111
Trd, 4318139.393, 114
Trd, 4318140.393, 107
Trd, 4318140.743, 98
Trd, 4318140.943, 121
Trd, 4318140.993, 107
Trd, 4318142.443, 134
Trd, 4318143.543, 120
Trd, 4318145.743, 111
Trd, 4318145.843, 95
Trd, 4318146.643, 100
Trd, 4318146.793, 97
Trd, 4318149.043, 124
Trd, 4318150.393, 126
Trd, 4318150.543, 125
Trd, 4318151.143, 125
Trd, 4318151.343, 127
Trd, 4318152.243, 116
Trd, 4318152.293, 109
Trd, 4318152.443, 106
Trd, 4318154.643, 74
Trd, 4318156.643, 86
Trd, 4318157.993, 134
Trd, 4318159.393, 127
Trd, 4318159.693, 132
Trd, 4318160.193, 131
Trd, 4318161.693, 117
Trd, 4318162.393, 126
Trd, 4318162.743, 130
Trd, 4318163.593, 126
Trd, 4318163.743, 92
Trd, 4318163.943, 116
Trd, 4318166.243, 132
Trd, 4318167.193, 90
Trd, 4318167.393, 105
Trd, 4318168.893, 135
Trd, 4318169.243, 101
Trd, 4318170.443, 126
Trd, 4318170.493, 112
Trd, 4318172.393, 101
Trd, 4318173.193, 130
Trd, 4318174.193, 105
Trd, 4318175.493, 130
Trd, 4318175.993, 138
Trd, 4318178.243, 119
Trd, 4318178.993, 133
Trd, 4318179.193, 113
Trd, 4318180.243, 94
Trd, 4318180.743, 110
Trd, 4318181.843, 129
Trd, 4318182.393, 115
Trd, 4318183.993, 124
Trd, 4318184.993, 133
Trd, 4318185.793, 129
Trd, 4318186.343, 123
Trd, 4318186.643, 104
Trd, 4318187.643, 126
Trd, 4318189.193, 127
Trd, 4318190.043, 139
Trd, 4318190.743, 122
Trd, 4318191.093, 123
Trd, 4318191.743, 116
Trd, 4318195.043, 89
Trd, 4318195.093, 111
Trd, 4318195.593, 85
Trd, 4318196.193, 79
Trd, 4318197.943, 108
Trd, 4318198.543, 123
Trd, 4318199.543, 99
Trd, 4318200.493, 104
Trd, 4318200.693, 119
Trd, 4318201.293, 77
Trd, 4318201.793, 134
Trd, 4318202.393, 80
Trd, 4318204.043, 134
Trd, 4318204.593, 116
Trd, 4318205.293, 123
Trd, 4318207.643, 106
Trd, 4318208.093, 112
Trd, 4318208.943, 98
Trd, 4318209.743, 84
Trd, 4318210.693, 101
Trd, 4318210.793, 108
Trd, 4318211.493, 138
Trd, 4318211.843, 129
Trd, 4318211.893, 116
Trd, 4318212.843, 119
Trd, 4318214.543, 130
Trd, 4318214.593, 130
Trd, 4318215.693, 117
Trd, 4318217.693, 91
Trd, 4318218.143, 118
Trd, 4318219.193, 111
Trd, 4318219.593, 110
Trd, 4318220.093, 127
Trd, 4318220.643, 129
Trd, 4318221.143, 109
Trd, 4318222.343, 126
Trd, 4318223.543, 116
Trd, 4318224.043, 110
Trd, 4318224.443, 116
Trd, 4318225.043, 140
Trd, 4318225.393, 130
Trd, 4318225.593, 105
Trd, 4318229.243, 114
Trd, 4318229.943, 139
Trd, 4318229.993, 122
Trd, 4318230.643, 132
Trd, 4318231.093, 121
Trd, 4318232.343, 139
Trd, 4318232.593, 100
Trd, 4318233.843, 135
Trd, 4318234.743, 108
Trd, 4318236.493, 101
Trd, 4318237.443, 108
Trd, 4318238.993, 136
Trd, 4318239.343, 133
Trd, 4318239.593, 121
Trd, 4318240.943, 118
Trd, 4318241.193, 126
Trd, 4318242.243, 122
Trd, 4318242.293, 123
Trd, 4318243.993, 137
Trd, 4318244.393, 138
Trd, 4318246.693, 86
Trd, 4318246.943, 98
Trd, 4318247.843, 119
Trd, 4318249.543, 124
Trd, 4318249.593, 104
Trd, 4318251.393, 119
Trd, 4318251.793, 132
Trd, 4318253.093, 90
Trd, 4318253.143, 92
Trd, 4318253.493, 119
Trd, 4318254.693, 133
Trd, 4318256.343, 140
Trd, 4318257.093, 128
Trd, 4318257.293, 106
Trd, 4318257.643, 133
Trd, 4318258.143, 120
Trd, 4318258.543, 104
Trd, 4318259.593, 106
Trd, 4318260.093, 78
Trd, 4318260.393, 92
Trd, 4318261.643, 64
Trd, 4318262.443, 69
Trd, 4318263.743, 76
Trd, 4318265.243, 123
Trd, 4318265.343, 122
Trd, 4318267.593, 137
Trd, 4318267.893, 113
Trd, 4318268.393, 109
Trd, 4318268.493, 91
Trd, 4318268.693, 97
Trd, 4318269.393, 131
Trd, 4318270.993, 98
Trd, 4318272.293, 101
Trd, 4318272.443, 98
Trd, 4318273.093, 127
Trd, 4318273.993, 137
Trd, 4318274.093, 112
Trd, 4318274.893, 87
Trd, 4318277.543, 116
Trd, 4318277.893, 112
Trd, 4318279.443, 137
Trd, 4318281.443, 133
Trd, 4318281.643, 109
Trd, 4318282.843, 129
Trd, 4318283.393, 111
Trd, 4318284.543, 134
Trd, 4318284.843, 126
Trd, 4318285.293, 111
Trd, 4318285.893, 132
Trd, 4318288.193, 136
Trd, 4318288.443, 134
Trd, 4318290.293, 118
Trd, 4318290.593, 129
Trd, 4318291.393, 129
Trd, 4318291.743, 104
Trd, 4318291.993, 88
Trd, 4318292.343, 87
Trd, 4318293.993, 139
Trd, 4318294.693, 135
Trd, 4318295.243, 133
Trd, 4318296.343, 133
Trd, 4318296.493, 117
Trd, 4318296.593, 107
Trd, 4318297.093, 135
Trd, 4318297.443, 94
Trd, 4318298.443, 76
Trd, 4318300.443, 111
Trd, 4318300.843, 114
Trd, 4318302.643, 135
Trd, 4318303.593, 117
Trd, 4318304.193, 138
Trd, 4318304.943, 129
Trd, 4318305.243, 115
Trd, 4318305.943, 109
Trd, 4318306.143, 98
Trd, 4318306.293, 70
Trd, 4318306.843, 95
Trd, 4318308.443, 139
Trd, 4318309.343, 132
Trd, 4318311.243, 97
Trd, 4318311.593, 136
Trd, 4318313.343, 124
Trd, 4318313.793, 122
Trd, 4318314.143, 106
Trd, 4318314.793, 116
Trd, 4318315.443, 124
Trd, 4318316.093, 114
Trd, 4318316.693, 127
Trd, 4318317.943, 87
Trd, 4318318.193, 86
Trd, 4318318.693, 74
Trd, 4318319.193, 62
Trd, 4318320.143, 61
Trd, 4318320.593, 114
Trd, 4318321.343, 136
Trd, 4318322.343, 90
Trd, 4318323.393, 135
Trd, 4318324.693, 103
Trd, 4318326.743, 129
Trd, 4318326.793, 102
Trd, 4318328.193, 136
Trd, 4318330.143, 136
Trd, 4318330.893, 134
Trd, 4318333.143, 138
Trd, 4318333.393, 133
Trd, 4318333.843, 131
Trd, 4318335.143, 139
Trd, 4318338.143, 130
Trd, 4318339.143, 133
Trd, 4318339.793, 134
Trd, 4318340.593, 116
Trd, 4318341.343, 112
Trd, 4318341.443, 105
Trd, 4318341.543, 98
Trd, 4318341.593, 84
Trd, 4318342.793, 100
Trd, 4318344.493, 122
Trd, 4318345.543, 118
Trd, 4318345.593, 108
Trd, 4318346.643, 118
Trd, 4318347.293, 109
Trd, 4318348.043, 121
Trd, 4318348.493, 130
Trd, 4318349.793, 137
Trd, 4318349.893, 124
Trd, 4318350.293, 100
Trd, 4318350.743, 96
Trd, 4318352.093, 133
Trd, 4318352.643, 115
Trd, 4318354.493, 108
Trd, 4318354.893, 110
Trd, 4318355.743, 98
Trd, 4318356.593, 103
Trd, 4318357.543, 87
Trd, 4318358.843, 107
Trd, 4318358.993, 92
Trd, 4318359.743, 107
Trd, 4318360.043, 88
Trd, 4318361.943, 92
Trd, 4318362.793, 117
Trd, 4318362.893, 113
Trd, 4318363.493, 109
Trd, 4318363.643, 139
Trd, 4318363.943, 79
Trd, 4318366.843, 97
Trd, 4318366.893, 64
Trd, 4318367.093, 81
Trd, 4318367.343, 103
Trd, 4318368.443, 104
Trd, 4318368.743, 102
Trd, 4318370.893, 72
Trd, 4318370.993, 94
Trd, 4318371.543, 133
Trd, 4318372.943, 136
Trd, 4318373.193, 121
Trd, 4318373.693, 124
Trd, 4318374.193, 107
Trd, 4318376.743, 99
Trd, 4318376.993, 106
Trd, 4318377.243, 126
Trd, 4318377.793, 123
Trd, 4318377.993, 77
Trd, 4318379.493, 68
Trd, 4318381.843, 132
Trd, 4318382.543, 131
Trd, 4318382.793, 124
Trd, 4318382.893, 108
Trd, 4318384.793, 138
Trd, 4318386.343, 118
Trd, 4318387.193, 89
Trd, 4318387.743, 86
Trd, 4318388.193, 85
Trd, 4318389.093, 88
Trd, 4318389.543, 111
Trd, 4318390.393, 121
Trd, 4318391.093, 104
Trd, 4318391.993, 129
Trd, 4318393.393, 82
Trd, 4318396.343, 127
Trd, 4318396.493, 126
Trd, 4318397.993, 114
Trd, 4318398.043, 110
Trd, 4318398.593, 126
Trd, 4318400.843, 95
Trd, 4318401.093, 134
Trd, 4318401.843, 83
Trd, 4318402.093, 83
Trd, 4318403.643, 116
Trd, 4318404.793, 105
Trd, 4318406.043, 129
Trd, 4318406.993, 140
Trd, 4318407.043, 116
Trd, 4318409.243, 120
Trd, 4318409.943, 107
Trd, 4318411.293, 107
Trd, 4318411.943, 72
Trd, 4318412.093, 129
Trd, 4318412.893, 72
Trd, 4318414.243, 85
Trd, 4318416.393, 134
Trd, 4318416.643, 102
Trd, 4318417.093, 98
Trd, 4318417.343, 110
Trd, 4318417.443, 89
Trd, 4318418.143, 85
Trd, 4318419.443, 104
Trd, 4318419.693, 93
Trd, 4318422.093, 112
Trd, 4318422.293, 98
Trd, 4318423.093, 126
Trd, 4318423.393, 102
Trd, 4318423.943, 125
Trd, 4318424.993, 138
Trd, 4318427.443, 113
Trd, 4318427.893, 101
Trd, 4318429.843, 86
Trd, 4318430.093, 87
Trd, 4318430.493, 106
Trd, 4318431.193, 76
Trd, 4318431.343, 69
Trd, 4318433.043, 96
Trd, 4318433.093, 119
Trd, 4318433.743, 135
Trd, 4318433.793, 103
Trd, 4318434.343, 95
Trd, 4318434.893, 93
Trd, 4318437.543, 120
Trd, 4318437.693, 116
Trd, 4318438.293, 88
Trd, 4318439.143, 112
Trd, 4318439.443, 121
Trd, 4318440.843, 101
Trd, 4318441.993, 121
Trd, 4318444.243, 99
Trd, 4318444.993, 94
Trd, 4318445.293, 126
Trd, 4318445.843, 125
Trd, 4318447.443, 112
Trd, 4318449.943, 110
Trd, 4318450.343, 139
Trd, 4318450.893, 105
Trd, 4318451.443, 87
Trd, 4318451.493, 86
Trd, 4318451.643, 100
Trd, 4318452.193, 136
Trd, 4318452.743, 106
Trd, 4318454.393, 98
Trd, 4318455.043, 80
Trd, 4318455.293, 103
Trd, 4318455.693, 133
Trd, 4318456.143, 88
Trd, 4318458.193, 137
Trd, 4318458.893, 133
Trd, 4318459.043, 108
Trd, 4318459.393, 129
Trd, 4318459.843, 73
Trd, 4318461.143, 104
Trd, 4318462.993, 128
Trd, 4318463.293, 129
Trd, 4318463.943, 107
Trd, 4318465.493, 128
Trd, 4318465.643, 122
Trd, 4318465.693, 94
Trd, 4318466.093, 114
Trd, 4318466.743, 66
Trd, 4318467.593, 120
Trd, 4318468.143, 105
Trd, 4318468.993, 88
Trd, 4318470.043, 97
Trd, 4318470.193, 89
Trd, 4318470.993, 108
Trd, 4318472.093, 139
Trd, 4318473.793, 100
Trd, 4318475.043, 120
Trd, 4318475.493, 131
Trd, 4318476.593, 71
Trd, 4318476.693, 103
Trd, 4318477.843, 98
Trd, 4318478.293, 85
Trd, 4318479.643, 125
Trd, 4318480.093, 139
Trd, 4318482.193, 122
Trd, 4318483.343, 124
Trd, 4318484.843, 98
Trd, 4318485.193, 131
Trd, 4318485.893, 133
Trd, 4318486.143, 139
Trd, 4318486.343, 138
Trd, 4318488.493, 138
Trd, 4318488.843, 117
Trd, 4318489.143, 119
Trd, 4318489.243, 109
Trd, 4318491.093, 127
Trd, 4318492.843, 104
Trd, 4318493.493, 127
Trd, 4318495.193, 134
Trd, 4318495.693, 134
Trd, 4318495.793, 131
Trd, 4318495.893, 128
Trd, 4318496.143, 102
Trd, 4318496.993, 132
Trd, 4318497.643, 112
Trd, 4318497.843, 111
Trd, 4318498.293, 93
Trd, 4318499.193, 137
Trd, 4318499.993, 91
Trd, 4318500.243, 115
Trd, 4318501.093, 111
Trd, 4318502.243, 119
Trd, 4318502.743, 140
Trd, 4318503.943, 122
Trd, 4318504.343, 108
Trd, 4318504.993, 88
Trd, 4318505.193, 74
Trd, 4318506.943, 83
Trd, 4318507.343, 137
Trd, 4318508.093, 122
Trd, 4318508.793, 117
Trd, 4318509.293, 100
Trd, 4318510.893, 131
Trd, 4318511.393, 128
Trd, 4318513.043, 119
Trd, 4318513.643, 97
Trd, 4318513.943, 95
Trd, 4318514.393, 88
Trd, 4318514.593, 125
Trd, 4318514.893, 124
Trd, 4318515.693, 100
Trd, 4318516.593, 94
Trd, 4318519.343, 83
Trd, 4318521.493, 126
Trd, 4318521.743, 98
Trd, 4318521.943, 101
Trd, 4318522.943, 88
Trd, 4318523.293, 109
Trd, 4318524.193, 102
Trd, 4318524.793, 128
Trd, 4318526.193, 119
Trd, 4318527.143, 136
Trd, 4318528.193, 136
Trd, 4318528.493, 132
Trd, 4318529.293, 115
Trd, 4318530.393, 83
Trd, 4318530.643, 95
Trd, 4318530.893, 110
Trd, 4318531.943, 89
Trd, 4318532.343, 126
Trd, 4318532.693, 69
Trd, 4318534.593, 133
Trd, 4318534.643, 114
Trd, 4318535.243, 114
Trd, 4318535.693, 110
Trd, 4318537.243, 108
Trd, 4318538.243, 126
Trd, 4318539.543, 127
Trd, 4318539.943, 85
Trd, 4318540.593, 104
Trd, 4318541.993, 132
Trd, 4318542.543, 104
Trd, 4318543.443, 80
Trd, 4318543.743, 112
Trd, 4318544.443, 134
Trd, 4318544.893, 112
Trd, 4318545.343, 90
Trd, 4318546.893, 93
Trd, 4318547.893, 99
Trd, 4318548.093, 109
Trd, 4318549.743, 99
Trd, 4318550.443, 93
Trd, 4318551.243, 121
Trd, 4318551.793, 139
Trd, 4318552.543, 100
Trd, 4318553.093, 82
Trd, 4318553.143, 90
Trd, 4318554.393, 112
Trd, 4318554.693, 99
Trd, 4318555.493, 106
Trd, 4318558.943, 106
Trd, 4318559.293, 87
Trd, 4318560.543, 138
Trd, 4318560.643, 137
Trd, 4318560.743, 110
Trd, 4318562.893, 132
Trd, 4318563.143, 122
Trd, 4318563.443, 136
Trd, 4318566.193, 131
Trd, 4318566.693, 124
Trd, 4318567.143, 123
Trd, 4318567.293, 118
Trd, 4318567.643, 101
Trd, 4318567.843, 94
Trd, 4318568.543, 82
Trd, 4318568.843, 99
Trd, 4318569.493, 104
Trd, 4318571.193, 106
Trd, 4318571.743, 82
Trd, 4318572.343, 74
Trd, 4318572.893, 88
Trd, 4318573.593, 131
Trd, 4318573.993, 107
Trd, 4318574.493, 134
Trd, 4318575.393, 82
Trd, 4318576.893, 76
Trd, 4318577.043, 88
Trd, 4318577.693, 110
Trd, 4318577.893, 85
Trd, 4318579.693, 131
Trd, 4318579.993, 121
Trd, 4318580.143, 114
Trd, 4318582.343, 83
Trd, 4318582.743, 112
Trd, 4318583.343, 102
Trd, 4318584.593, 104
Trd, 4318584.893, 97
Trd, 4318586.593, 109
Trd, 4318587.693, 113
Trd, 4318588.093, 88
Trd, 4318589.043, 103
Trd, 4318589.243, 107
Trd, 4318590.193, 132
Trd, 4318590.343, 115
Trd, 4318591.693, 133
Trd, 4318593.443, 140
Trd, 4318593.743, 127
Trd, 4318593.893, 127
Trd, 4318594.843, 135
Trd, 4318595.093, 102
Trd, 4318597.393, 133
Trd, 4318598.993, 101
Trd, 4318599.093, 97
Trd, 4318600.243, 110
Trd, 4318600.843, 109
Trd, 4318601.943, 114
Trd, 4318602.493, 123
Trd, 4318602.743, 126
Trd, 4318602.943, 98
Trd, 4318603.143, 102
Trd, 4318604.943, 91
Trd, 4318605.093, 96
Trd, 4318606.693, 132
Trd, 4318607.043, 129
Trd, 4318607.243, 117
Trd, 4318607.793, 113
Trd, 4318607.843, 101
Trd, 4318608.743, 135
Trd, 4318609.393, 86
Trd, 4318612.093, 139
Trd, 4318612.293, 126
Trd, 4318612.593, 101
Trd, 4318612.943, 120
Trd, 4318613.593, 123
Trd, 4318614.243, 132
Trd, 4318615.043, 117
Trd, 4318615.293, 103
Trd, 4318616.543, 122
Trd, 4318616.593, 81
Trd, 4318617.043, 110
Trd, 4318619.443, 130
Trd, 4318619.843, 121
Trd, 4318620.043, 115
Trd, 4318621.693, 109
Trd, 4318622.643, 126
Trd, 4318623.593, 117
Trd, 4318623.643, 126
Trd, 4318624.843, 93
Trd, 4318625.943, 101
Trd, 4318627.643, 107
Trd, 4318628.193, 82
Trd, 4318628.793, 127
Trd, 4318629.793, 80
Trd, 4318629.993, 125
Trd, 4318632.443, 137
Trd, 4318632.643, 117
Trd, 4318633.893, 126
Trd, 4318634.343, 125
Trd, 4318635.493, 113
Trd, 4318635.893, 111
Trd, 4318635.993, 118
Trd, 4318636.193, 108
Trd, 4318636.693, 111
Trd, 4318637.143, 109
Trd, 4318637.693, 103
Trd, 4318638.843, 111
Trd, 4318639.643, 107
Trd, 4318640.393, 139
Trd, 4318641.243, 107
Trd, 4318641.443, 132
Trd, 4318643.943, 129
Trd, 4318644.343, 120
Trd, 4318645.193, 126
Trd, 4318646.043, 126
Trd, 4318646.543, 129
Trd, 4318647.293, 104
Trd, 4318647.493, 88
Trd, 4318647.993, 81
Trd, 4318649.093, 60
Trd, 4318651.093, 115
Trd, 4318651.743, 129
Trd, 4318651.843, 116
Trd, 4318652.493, 133
Trd, 4318653.543, 93
Trd, 4318654.893, 117
Trd, 4318655.143, 109
Trd, 4318656.943, 128
Trd, 4318658.193, 137
Trd, 4318659.093, 125
Trd, 4318660.343, 131
Trd, 4318661.543, 118
Trd, 4318662.593, 125
Trd, 4318662.893, 95
Trd, 4318663.693, 107
Trd, 4318665.743, 98
Trd, 4318666.393, 100
Trd, 4318667.093, 121
Trd, 4318667.543, 107
Trd, 4318668.343, 105
Trd, 4318670.393, 102
Trd, 4318670.543, 114
Trd, 4318670.743, 97
Trd, 4318672.593, 95
Trd, 4318673.293, 99
Trd, 4318673.393, 75
Trd, 4318673.593, 107
Trd, 4318674.393, 112
Trd, 4318675.543, 134
Trd, 4318677.293, 101
Trd, 4318678.193, 101
Trd, 4318680.043, 86
Trd, 4318680.293, 85
Trd, 4318680.493, 134
Trd, 4318681.243, 113
Trd, 4318682.293, 135
Trd, 4318683.043, 127
Trd, 4318683.293, 128
Trd, 4318683.843, 108
Trd, 4318685.843, 113
Trd, 4318686.093, 110
Trd, 4318686.643, 101
Trd, 4318687.643, 79
Trd, 4318687.993, 132
Trd, 4318690.443, 136
Trd, 4318692.093, 114
Trd, 4318693.443, 101
Trd, 4318693.743, 120
Trd, 4318693.843, 104
Trd, 4318695.543, 132
Trd, 4318695.793, 127
Trd, 4318697.243, 114
Trd, 4318697.593, 109
Trd, 4318698.243, 98
Trd, 4318698.993, 134
Trd, 4318699.043, 100
Trd, 4318699.943, 133
Trd, 4318701.743, 136
Trd, 4318702.093, 135
Trd, 4318702.243, 120
Trd, 4318702.443, 84
Trd, 4318703.743, 126
Trd, 4318704.093, 121
Trd, 4318705.393, 136
Trd, 4318706.793, 99
Trd, 4318707.043, 125
Trd, 4318707.393, 140
Trd, 4318708.043, 113
Trd, 4318708.693, 123
Trd, 4318709.843, 125
Trd, 4318710.493, 115
Trd, 4318710.693, 101
Trd, 4318711.593, 75
Trd, 4318712.493, 108
Trd, 4318713.893, 117
Trd, 4318714.593, 120
Trd, 4318715.593, 129
Trd, 4318715.693, 108
Trd, 4318716.293, 115
Trd, 4318719.193, 138
Trd, 4318719.793, 121
Trd, 4318719.893, 112
Trd, 4318720.143, 110
Trd, 4318720.493, 113
Trd, 4318721.293, 98
Trd, 4318722.693, 134
Trd, 4318723.543, 86
Trd, 4318725.143, 107
Trd, 4318726.293, 93
Trd, 4318727.143, 131
Trd, 4318728.443, 88
Trd, 4318728.893, 86
Trd, 4318729.493, 76
Trd, 4318729.793, 75
Trd, 4318731.743, 136
Trd, 4318732.243, 95
Trd, 4318735.193, 136
Trd, 4318735.643, 123
Trd, 4318735.693, 114
Trd, 4318737.793, 113
Trd, 4318738.343, 125
Trd, 4318738.993, 101
Trd, 4318740.643, 106
Trd, 4318741.793, 110
Trd, 4318742.393, 105
Trd, 4318742.593, 96
Trd, 4318743.743, 137
Trd, 4318743.793, 103
Trd, 4318745.593, 140
Trd, 4318745.893, 138
Trd, 4318746.493, 79
Trd, 4318746.843, 91
Trd, 4318748.893, 109
Trd, 4318748.943, 107
Trd, 4318749.193, 116
Trd, 4318749.243, 91
Trd, 4318751.243, 134
Trd, 4318752.343, 129
Trd, 4318752.893, 122
Trd, 4318753.093, 91
Trd, 4318753.593, 85
Trd, 4318754.093, 113
Trd, 4318754.893, 135
Trd, 4318756.043, 101
Trd, 4318757.493, 133
Trd, 4318758.393, 119
Trd, 4318759.093, 115
Trd, 4318759.543, 111
Trd, 4318760.593, 101
Trd, 4318761.443, 139
Trd, 4318762.043, 103
Trd, 4318764.193, 131
Trd, 4318764.893, 130
Trd, 4318765.493, 115
Trd, 4318765.943, 135
Trd, 4318766.443, 121
Trd, 4318767.093, 139
Trd, 4318768.443, 118
Trd, 4318769.443, 114
Trd, 4318771.343, 134
Trd, 4318772.093, 121
Trd, 4318772.693, 122
Trd, 4318773.393, 132
Trd, 4318774.143, 123
Trd, 4318774.193, 119
Trd, 4318775.093, 118
Trd, 4318775.393, 95
Trd, 4318776.743, 108
Trd, 4318777.393, 110
Trd, 4318777.893, 74
Trd, 4318779.593, 84
Trd, 4318779.843, 83
Trd, 4318779.993, 95
Trd, 4318781.193, 111
Trd, 4318782.293, 118
Trd, 4318783.243, 116
Trd, 4318783.993, 123
Trd, 4318785.143, 86
Trd, 4318785.443, 105
Trd, 4318785.493, 107
Trd, 4318785.643, 120
Trd, 4318786.593, 101
Trd, 4318787.243, 137
Trd, 4318787.593, 98
Trd, 4318787.943, 77
Trd, 4318789.693, 83
Trd, 4318792.043, 89
Trd, 4318792.443, 133
Trd, 4318793.693, 93
Trd, 4318793.843, 94
Trd, 4318794.293, 97
Trd, 4318795.993, 123
Trd, 4318796.993, 122
Trd, 4318797.593, 132
Trd, 4318798.643, 115
Trd, 4318798.793, 111
Trd, 4318798.893, 97
Trd, 4318799.043, 83
Trd, 4318801.143, 135
Trd, 4318801.843, 96
Trd, 4318801.943, 113
Trd, 4318802.393, 93
Trd, 4318803.543, 100
Trd, 4318803.693, 95
Trd, 4318804.693, 114
Trd, 4318806.093, 107
Trd, 4318806.993, 98
Trd, 4318808.143, 112
Trd, 4318808.493, 86
Trd, 4318809.043, 103
Trd, 4318809.293, 108
Trd, 4318810.143, 139
Trd, 4318810.743, 105
Trd, 4318811.043, 99
Trd, 4318811.493, 120
Trd, 4318811.843, 98
Trd, 4318813.093, 105
Trd, 4318813.593, 89
Trd, 4318814.943, 125
Trd, 4318815.293, 88
Trd, 4318816.843, 139
Trd, 4318818.193, 124
Trd, 4318818.343, 117
Trd, 4318818.893, 131
Trd, 4318820.493, 140
Trd, 4318820.743, 121
Trd, 4318821.193, 133
Trd, 4318821.243, 125
Trd, 4318821.793, 129
Trd, 4318822.393, 115
Trd, 4318822.593, 113
Trd, 4318823.443, 99
Trd, 4318823.543, 106
Trd, 4318824.493, 119
Trd, 4318825.593, 123
Trd, 4318825.743, 64
Trd, 4318826.543, 94
Trd, 4318826.843, 105
Trd, 4318827.593, 135
Trd, 4318829.143, 140
Trd, 4318831.093, 89
Trd, 4318831.993, 80
Trd, 4318832.593, 74
Trd, 4318832.643, 90
Trd, 4318833.143, 123
Trd, 4318833.893, 85
Trd, 4318834.293, 71
Trd, 4318834.743, 77
Trd, 4318835.693, 76
Trd, 4318836.393, 115
Trd, 4318836.593, 121
Trd, 4318837.643, 104
Trd, 4318837.893, 84
Trd, 4318839.693, 135
Trd, 4318839.943, 118
Trd, 4318841.093, 121
Trd, 4318841.443, 115
Trd, 4318843.043, 84
Trd, 4318843.393, 95
Trd, 4318846.793, 109
Trd, 4318847.143, 125
Trd, 4318848.693, 117
Trd, 4318848.743, 109
Trd, 4318849.743, 90
Trd, 4318850.843, 131
Trd, 4318850.943, 120
Trd, 4318851.143, 113
Trd, 4318851.643, 108
Trd, 4318852.643, 134
Trd, 4318854.993, 73
Trd, 4318855.293, 87
Trd, 4318855.643, 111
Trd, 4318856.393, 106
Trd, 4318856.793, 112
Trd, 4318856.993, 85
Trd, 4318857.693, 140
Trd, 4318858.243, 114
Trd, 4318860.743, 107
Trd, 4318860.943, 139
Trd, 4318861.943, 116
Trd, 4318862.393, 105
Trd, 4318863.343, 107
Trd, 4318864.643, 132
Trd, 4318865.143, 115
Trd, 4318865.943, 128
Trd, 4318866.943, 136
Trd, 4318869.243, 140
Trd, 4318870.293, 131
Trd, 4318871.243, 109
Trd, 4318871.593, 109
Trd, 4318872.143, 105
Trd, 4318872.493, 104
Trd, 4318872.843, 124
Trd, 4318874.043, 136
Trd, 4318874.943, 135
Trd, 4318875.143, 121
Trd, 4318875.443, 106
Trd, 4318875.843, 97
Trd, 4318876.293, 115
Trd, 4318877.443, 115
Trd, 4318879.293, 123
Trd, 4318881.143, 128
Trd, 4318881.593, 115
Trd, 4318882.393, 132
Trd, 4318883.143, 117
Trd, 4318883.943, 107
Trd, 4318884.993, 119
Trd, 4318886.293, 124
Trd, 4318887.693, 134
Trd, 4318888.143, 137
Trd, 4318889.993, 112
Trd, 4318890.493, 127
Trd, 4318890.693, 112
Trd, 4318892.843, 136
Trd, 4318894.443, 105
Trd, 4318895.543, 124
Trd, 4318895.743, 129
Trd, 4318896.693, 123
Trd, 4318896.893, 131
Trd, 4318897.893, 115
Trd, 4318899.593, 99
Trd, 4318900.743, 135
Trd, 4318900.793, 131
Trd, 4318901.093, 115
Trd, 4318901.193, 110
Trd, 4318901.743, 109
Trd, 4318903.693, 106
Trd, 4318903.743, 128
Trd, 4318904.843, 139
Trd, 4318906.743, 130
Trd, 4318906.943, 126
Trd, 4318907.943, 124
Trd, 4318908.243, 115
Trd, 4318908.943, 91
Trd, 4318909.043, 91
Trd, 4318910.743, 100
Trd, 4318910.893, 96
Trd, 4318911.093, 98
Trd, 4318912.293, 119
Trd, 4318914.393, 108
Trd, 4318914.693, 109
Trd, 4318915.943, 139
Trd, 4318916.493, 134
Trd, 4318917.543, 113
Trd, 4318919.393, 120
Trd, 4318920.193, 127
Trd, 4318921.093, 113
Trd, 4318921.293, 115
Trd, 4318922.093, 136
Trd, 4318923.893, 116
Trd, 4318924.093, 105
Trd, 4318924.893, 135
Trd, 4318925.843, 138
Trd, 4318926.543, 121
Trd, 4318926.743, 109
Trd, 4318929.593, 134
Trd, 4318929.643, 118
Trd, 4318930.543, 122
Trd, 4318932.243, 114
Trd, 4318933.393, 112
Trd, 4318933.443, 106
Trd, 4318934.493, 110
Trd, 4318935.043, 135
Trd, 4318936.243, 140
Trd, 4318937.993, 133
Trd, 4318938.543, 115
Trd, 4318939.493, 110
Trd, 4318939.543, 92
Trd, 4318939.593, 119
Trd, 4318940.043, 84
Trd, 4318940.193, 110
Trd, 4318940.893, 61
Trd, 4318942.143, 125
Trd, 4318943.093, 126
Trd, 4318943.543, 113
Trd, 4318943.593, 97
Trd, 4318944.093, 89
Trd, 4318944.293, 88
Trd, 4318944.443, 111
Trd, 4318945.093, 97
Trd, 4318946.893, 65
Trd, 4318947.093, 105
Trd, 4318947.243, 75
Trd, 4318948.243, 100
Trd, 4318948.993, 73
Trd, 4318950.493, 132
Trd, 4318952.643, 93
Trd, 4318953.393, 128
Trd, 4318953.743, 139
Trd, 4318954.543, 114
Trd, 4318955.293, 78
Trd, 4318955.543, 115
Trd, 4318955.943, 114
Trd, 4318957.443, 115
Trd, 4318958.143, 116
Trd, 4318958.493, 119
Trd, 4318958.643, 120
Trd, 4318959.943, 138
Trd, 4318961.093, 129
Trd, 4318961.693, 119
Trd, 4318962.543, 135
Trd, 4318962.643, 117
Trd, 4318963.043, 119
Trd, 4318963.493, 116
Trd, 4318963.643, 103
Trd, 4318966.393, 138
Trd, 4318966.593, 127
Trd, 4318966.893, 101
Trd, 4318968.093, 86
Trd, 4318968.143, 92
Trd, 4318968.243, 103
Trd, 4318968.993, 116
Trd, 4318969.093, 106
Trd, 4318969.193, 104
Trd, 4318970.843, 125
Trd, 4318971.343, 103
Trd, 4318971.893, 105
Trd, 4318974.143, 138
Trd, 4318974.543, 125
Trd, 4318977.843, 130
Trd, 4318979.043, 138
Trd, 4318979.593, 124
Trd, 4318979.643, 120
Trd, 4318979.943, 104
Trd, 4318980.293, 106
Trd, 4318982.493, 123
Trd, 4318983.243, 117
Trd, 4318983.493, 113
Trd, 4318986.393, 105
Trd, 4318986.493, 135
Trd, 4318987.193, 132
Trd, 4318987.643, 100
Trd, 4318988.093, 85
Trd, 4318988.243, 70
Trd, 4318988.493, 99
Trd, 4318989.593, 75
Trd, 4318991.643, 129
Trd, 4318994.393, 133
Trd, 4318997.293, 134
Trd, 4318998.593, 123
Trd, 4318998.793, 121
Trd, 4318999.143, 121
Trd, 4318999.343, 96
Trd, 4318999.443, 134
Trd, 4319002.043, 94
Trd, 4319002.393, 117
Trd, 4319003.193, 83
Trd, 4319003.493, 134
Trd, 4319003.593, 118
Trd, 4319004.693, 108
Trd, 4319005.843, 111
Trd, 4319006.143, 106
Trd, 4319007.493, 120
Trd, 4319008.743, 98
Trd, 4319008.943, 123
Trd, 4319009.743, 138
Trd, 4319009.793, 106
Trd, 4319010.343, 130
Trd, 4319011.193, 114
Trd, 4319011.943, 122
Trd, 4319012.543, 103
Trd, 4319013.793, 138
Trd, 4319015.393, 127
Trd, 4319015.993, 103
Trd, 4319016.193, 90
Trd, 4319016.743, 95
Trd, 4319017.643, 120
Trd, 4319018.193, 120
Trd, 4319018.443, 102
Trd, 4319019.193, 116
Trd, 4319019.293, 109
Trd, 4319019.343, 104
Trd, 4319020.393, 77
Trd, 4319021.393, 112
Trd, 4319022.643, 92
Trd, 4319023.343, 130
Trd, 4319024.443, 126
Trd, 4319025.793, 74
Trd, 4319026.143, 100
Trd, 4319027.193, 107
Trd, 4319028.193, 132
Trd, 4319028.743, 122
Trd, 4319029.893, 128
Trd, 4319030.393, 103
Trd, 4319031.493, 123
Trd, 4319031.643, 104
Trd, 4319032.493, 128
Trd, 4319034.293, 139
Trd, 4319035.243, 133
Trd, 4319035.743, 109
Trd, 4319036.243, 87
Trd, 4319036.393, 86
Trd, 4319037.643, 135
Trd, 4319038.843, 99
Trd, 4319039.643, 102
Trd, 4319039.843, 122
Trd, 4319040.943, 87
Trd, 4319041.143, 63
Trd, 4319042.393, 107
Trd, 4319042.493, 98
Trd, 4319043.143, 136
Trd, 4319044.193, 125
Trd, 4319044.393, 139
Trd, 4319044.793, 122
Trd, 4319045.643, 105
Trd, 4319047.043, 111
Trd, 4319047.093, 97
Trd, 4319047.993, 90
Trd, 4319048.243, 132
Trd, 4319049.343, 112
Trd, 4319050.243, 125
Trd, 4319051.393, 123
Trd, 4319051.893, 96
Trd, 4319052.693, 79
Trd, 4319052.893, 72
Trd, 4319053.343, 117
Trd, 4319054.543, 104
Trd, 4319054.993, 128
Trd, 4319056.243, 130
Trd, 4319056.443, 134
Trd, 4319056.843, 121
Trd, 4319057.393, 94
Trd, 4319058.043, 132
Trd, 4319059.243, 125
Trd, 4319059.993, 105
Trd, 4319060.843, 85
Trd, 4319061.343, 66
Trd, 4319061.493, 113
Trd, 4319062.043, 72
Trd, 4319062.743, 115
Trd, 4319063.543, 136
Trd, 4319064.243, 88
Trd, 4319065.143, 69
Trd, 4319065.743, 63
Trd, 4319066.843, 102
Trd, 4319067.093, 124
Trd, 4319068.343, 109
Trd, 4319069.393, 116
Trd, 4319070.093, 115
Trd, 4319070.493, 92
Trd, 4319070.993, 89
Trd, 4319071.543, 111
Trd, 4319072.393, 106
Trd, 4319073.293, 133
Trd, 4319073.343, 98
Trd, 4319075.193, 110
Trd, 4319075.393, 88
Trd, 4319076.443, 133
Trd, 4319076.893, 132
Trd, 4319078.293, 127
Trd, 4319079.243, 119
Trd, 4319080.843, 128
Trd, 4319082.243, 88
Trd, 4319082.493, 111
Trd, 4319084.643, 120
Trd, 4319085.493, 107
Trd, 4319085.543, 76
Trd, 4319085.793, 126
Trd, 4319086.793, 117
Trd, 4319087.943, 121
Trd, 4319088.143, 119
Trd, 4319089.443, 99
Trd, 4319089.693, 96
Trd, 4319090.693, 125
Trd, 4319092.543, 139
Trd, 4319093.343, 107
Trd, 4319094.093, 134
Trd, 4319094.593, 133
Trd, 4319094.793, 125
Trd, 4319095.793, 114
Trd, 4319096.243, 110
Trd, 4319096.793, 102
Trd, 4319097.043, 104
Trd, 4319097.843, 112
Trd, 4319098.293, 120
Trd, 4319099.293, 96
Trd, 4319099.893, 98
Trd, 4319102.143, 110
Trd, 4319102.793, 114
Trd, 4319103.093, 92
Trd, 4319103.943, 93
Trd, 4319104.493, 113
Trd, 4319104.943, 80
Trd, 4319105.993, 136
Trd, 4319106.893, 123
Trd, 4319107.793, 105
Trd, 4319109.093, 108
Trd, 4319109.193, 105
Trd, 4319110.893, 138
Trd, 4319111.293, 137
Trd, 4319111.443, 129
Trd, 4319112.343, 131
Trd, 4319112.543, 112
Trd, 4319113.643, 135
Trd, 4319113.793, 129
Trd, 4319114.043, 114
Trd, 4319115.643, 114
Trd, 4319116.143, 77
Trd, 4319118.143, 103
Trd, 4319119.243, 92
Trd, 4319119.493, 97
Trd, 4319120.943, 106
Trd, 4319121.043, 122
Trd, 4319124.043, 84
Trd, 4319124.493, 103
Trd, 4319124.993, 126
Trd, 4319125.043, 90
Trd, 4319125.593, 103
Trd, 4319125.993, 131
Trd, 4319127.143, 79
Trd, 4319127.843, 120
Trd, 4319129.893, 113
Trd, 4319131.993, 121
Trd, 4319132.343, 81
Trd, 4319132.793, 68
Trd, 4319133.693, 120
Trd, 4319133.843, 101
Trd, 4319135.593, 128
Trd, 4319135.643, 113
Trd, 4319136.193, 104
Trd, 4319136.643, 91
Trd, 4319137.593, 99
Trd, 4319137.643, 71
Trd, 4319139.293, 96
Trd, 4319140.093, 95
Trd, 4319140.343, 112
Trd, 4319140.943, 96
Trd, 4319142.093, 126
Trd, 4319142.193, 120
Trd, 4319142.643, 82
Trd, 4319143.143, 112
Trd, 4319143.643, 81
Trd, 4319143.843, 110
Trd, 4319143.993, 66
Trd, 4319145.393, 65
Trd, 4319147.993, 114
Trd, 4319148.343, 93
Trd, 4319148.793, 139
Trd, 4319149.943, 80
Trd, 4319149.993, 91
Trd, 4319151.243, 133
Trd, 4319152.443, 133
Trd, 4319153.843, 118
Trd, 4319154.443, 102
Trd, 4319155.343, 108
Trd, 4319155.443, 114
Trd, 4319155.593, 106
Trd, 4319156.143, 101
Trd, 4319156.643, 119
Trd, 4319156.943, 65
Trd, 4319157.443, 127
Trd, 4319158.143, 67
Trd, 4319158.693, 87
Trd, 4319159.893, 129
Trd, 4319160.943, 83
Trd, 4319162.393, 139
Trd, 4319162.943, 134
Trd, 4319163.593, 136
Trd, 4319166.143, 130
Trd, 4319166.343, 131
Trd, 4319166.993, 112
Trd, 4319167.543, 111
Trd, 4319169.143, 125
Trd, 4319169.593, 94
Trd, 4319170.543, 126
Trd, 4319172.143, 114
Trd, 4319173.093, 111
Trd, 4319173.743, 89
Trd, 4319174.193, 88
Trd, 4319175.893, 137
Trd, 4319177.093, 129
Trd, 4319177.293, 130
Trd, 4319177.693, 126
Trd, 4319178.393, 118
Trd, 4319179.643, 124
Trd, 4319179.743, 89
Trd, 4319180.243, 124
Trd, 4319182.193, 106
Trd, 4319183.193, 129
Trd, 4319183.693, 75
Trd, 4319184.943, 119
Trd, 4319185.093, 137
Trd, 4319185.143, 111
Trd, 4319185.993, 128
Trd, 4319186.043, 82
Trd, 4319186.793, 87
Trd, 4319187.793, 128
Trd, 4319188.743, 130
Trd, 4319189.143, 96
Trd, 4319189.943, 111
Trd, 4319191.643, 119
Trd, 4319191.843, 126
Trd, 4319195.243, 137
Trd, 4319195.793, 107
Trd, 4319196.143, 135
Trd, 4319196.493, 105
Trd, 4319198.943, 139
Trd, 4319199.643, 120
Trd, 4319199.843, 118
Trd, 4319201.093, 95
Trd, 4319202.243, 140
Trd, 4319203.493, 123
Trd, 4319204.543, 123
Trd, 4319205.093, 122
Trd, 4319207.143, 111
Trd, 4319207.493, 133
Trd, 4319207.693, 102
Trd, 4319207.743, 91
Trd, 4319209.793, 124
Trd, 4319210.493, 118
Trd, 4319210.593, 68
Trd, 4319210.693, 94
Trd, 4319212.643, 127
Trd, 4319213.243, 127
Trd, 4319213.543, 119
Trd, 4319214.543, 71
Trd, 4319215.293, 90
Trd, 4319215.843, 90
Trd, 4319218.043, 121
Trd, 4319218.843, 139
Trd, 4319219.843, 136
Trd, 4319220.143, 99
Trd, 4319220.943, 102
Trd, 4319221.643, 104
Trd, 4319221.743, 130
Trd, 4319222.543, 112
Trd, 4319223.043, 123
Trd, 4319224.393, 90
Trd, 4319224.943, 102
Trd, 4319226.043, 104
Trd, 4319227.793, 124
Trd, 4319228.443, 117
Trd, 4319229.393, 115
Trd, 4319230.143, 132
Trd, 4319230.193, 115
Trd, 4319230.893, 108
Trd, 4319232.143, 117
Trd, 4319232.243, 103
Trd, 4319232.993, 140
Trd, 4319233.193, 121
Trd, 4319234.193, 82
Trd, 4319235.293, 121
Trd, 4319235.943, 103
Trd, 4319236.343, 107
Trd, 4319239.293, 129
Trd, 4319239.493, 116
Trd, 4319239.943, 113
Trd, 4319240.143, 107
Trd, 4319241.343, 116
Trd, 4319243.493, 103
Trd, 4319243.543, 93
Trd, 4319244.243, 134
Trd, 4319244.643, 129
Trd, 4319245.393, 127
Trd, 4319247.593, 124
Trd, 4319248.593, 130
Trd, 4319248.943, 118
Trd, 4319248.993, 111
Trd, 4319249.943, 122
Trd, 4319250.593, 104
Trd, 4319251.593, 76
Trd, 4319251.643, 103
Trd, 4319253.443, 77
Trd, 4319253.843, 97
Trd, 4319254.843, 123
Trd, 4319255.493, 115
Trd, 4319256.393, 108
Trd, 4319256.693, 132
Trd, 4319257.993, 98
Trd, 4319258.643, 136
Trd, 4319258.843, 105
Trd, 4319258.943, 100
Trd, 4319259.893, 97
Trd, 4319261.293, 101
Trd, 4319261.893, 138
Trd, 4319261.943, 100
Trd, 4319262.543, 110
Trd, 4319263.793, 62
Trd, 4319263.843, 88
Trd, 4319264.593, 138
Trd, 4319265.393, 84
Trd, 4319266.743, 106
Trd, 4319267.843, 90
Trd, 4319269.343, 125
Trd, 4319269.793, 117
Trd, 4319270.243, 129
Trd, 4319272.043, 105
Trd, 4319272.493, 88
Trd, 4319272.543, 85
Trd, 4319273.093, 130
Trd, 4319273.293, 116
Trd, 4319274.093, 128
Trd, 4319274.743, 116
Trd, 4319275.743, 129
Trd, 4319275.843, 109
Trd, 4319276.793, 81
Trd, 4319277.893, 101
Trd, 4319278.443, 112
Trd, 4319279.043, 128
Trd, 4319279.593, 118
Trd, 4319280.193, 103
Trd, 4319280.543, 130
Trd, 4319280.743, 110
Trd, 4319281.993, 131
Trd, 4319282.243, 115
Trd, 4319283.643, 134
Trd, 4319284.243, 134
Trd, 4319284.743, 97
Trd, 4319284.993, 86
Trd, 4319285.243, 118
Trd, 4319285.993, 104
Trd, 4319287.543, 112
Trd, 4319287.793, 133
Trd, 4319288.693, 95
Trd, 4319289.593, 134
Trd, 4319290.693, 107
Trd, 4319290.743, 87
Trd, 4319290.793, 72
Trd, 4319292.993, 130
Trd, 4319293.693, 126
Trd, 4319294.043, 100
Trd, 4319294.693, 123
Trd, 4319297.793, 126
Trd, 4319299.693, 107
Trd, 4319301.093, 130
Trd, 4319302.193, 129
Trd, 4319302.443, 108
Trd, 4319303.693, 128
Trd, 4319304.093, 131
Trd, 4319304.543, 120
Trd, 4319305.293, 109
Trd, 4319305.543, 106
Trd, 4319308.943, 125
Trd, 4319309.393, 137
Trd, 4319309.743, 117
Trd, 4319311.593, 130
Trd, 4319312.243, 130
Trd, 4319312.843, 114
Trd, 4319313.743, 114
Trd, 4319314.893, 119
Trd, 4319315.393, 130
Trd, 4319316.393, 133
Trd, 4319316.793, 123
Trd, 4319316.943, 114
Trd, 4319317.493, 134
Trd, 4319318.993, 116
Trd, 4319319.643, 107
Trd, 4319320.893, 133
Trd, 4319321.243, 125
Trd, 4319323.593, 130
Trd, 4319324.193, 124
Trd, 4319324.293, 107
Trd, 4319325.243, 98
Trd, 4319326.193, 89
Trd, 4319326.343, 82
Trd, 4319326.493, 75
Trd, 4319327.843, 127
Trd, 4319327.993, 125
Trd, 4319328.243, 128
Trd, 4319329.243, 79
Trd, 4319331.243, 120
Trd, 4319331.743, 114
Trd, 4319331.843, 109
Trd, 4319331.943, 97
Trd, 4319332.043, 91
Trd, 4319333.043, 139
Trd, 4319334.293, 130
Trd, 4319334.493, 119
Trd, 4319335.543, 137
Trd, 4319337.193, 114
Trd, 4319337.543, 140
Trd, 4319339.393, 125
Trd, 4319340.743, 122
Trd, 4319341.193, 138
Trd, 4319341.243, 113
Trd, 4319341.493, 130
Trd, 4319342.093, 110
Trd, 4319342.843, 105
Trd, 4319344.093, 98
Trd, 4319345.743, 72
Trd, 4319346.893, 93
Trd, 4319347.443, 126
Trd, 4319347.593, 98
Trd, 4319347.793, 94
Trd, 4319348.743, 92
Trd, 4319350.143, 136
Trd, 4319351.293, 112
Trd, 4319352.843, 139
Trd, 4319353.643, 130
Trd, 4319354.593, 115
Trd, 4319355.993, 133
Trd, 4319356.343, 124
Trd, 4319357.993, 110
Trd, 4319359.093, 137
Trd, 4319359.143, 95
Trd, 4319359.243, 89
Trd, 4319360.493, 83
Trd, 4319361.893, 81
Trd, 4319363.593, 115
Trd, 4319363.893, 88
Trd, 4319364.143, 112
Trd, 4319364.243, 81
Trd, 4319365.443, 130
Trd, 4319367.393, 111
Trd, 4319367.893, 116
Trd, 4319367.943, 93
Trd, 4319368.443, 100
Trd, 4319369.493, 97
Trd, 4319370.293, 133
Trd, 4319371.343, 100
Trd, 4319371.443, 91
Trd, 4319372.443, 129
Trd, 4319373.893, 84
Trd, 4319374.243, 119
Trd, 4319374.843, 111
Trd, 4319375.593, 134
Trd, 4319375.643, 116
Trd, 4319375.843, 107
Trd, 4319378.493, 94
Trd, 4319378.593, 76
Trd, 4319379.443, 98
Trd, 4319379.493, 111
Trd, 4319381.043, 120
Trd, 4319381.693, 123
Trd, 4319382.193, 133
Trd, 4319382.743, 136
Trd, 4319382.793, 87
Trd, 4319383.843, 129
Trd, 4319384.793, 97
Trd, 4319384.843, 90
Trd, 4319386.493, 136
Trd, 4319387.893, 118
Trd, 4319388.193, 117
Trd, 4319388.343, 110
Trd, 4319389.743, 136
Trd, 4319390.193, 122
Trd, 4319390.693, 95
Trd, 4319391.193, 61
Trd, 4319392.593, 115
Trd, 4319393.343, 130
Trd, 4319393.593, 110
Trd, 4319394.243, 93
Trd, 4319394.593, 123
Trd, 4319395.143, 93
Trd, 4319395.943, 121
Trd, 4319396.893, 139
Trd, 4319398.293, 114
Trd, 4319399.493, 131
Trd, 4319399.793, 113
Trd, 4319400.093, 99
Trd, 4319400.793, 104
Trd, 4319401.543, 126
Trd, 4319401.843, 111
Trd, 4319401.993, 89
Trd, 4319402.793, 130
Trd, 4319404.943, 96
Trd, 4319407.043, 131
Trd, 4319407.493, 101
Trd, 4319407.593, 104
Trd, 4319408.243, 102
Trd, 4319409.943, 85
Trd, 4319411.143, 137
Trd, 4319411.393, 112
Trd, 4319412.593, 99
Trd, 4319412.743, 80
Trd, 4319413.343, 109
Trd, 4319413.643, 94
Trd, 4319414.543, 138
Trd, 4319414.643, 115
Trd, 4319415.043, 78
Trd, 4319416.193, 73
Trd, 4319416.593, 116
Trd, 4319417.143, 79
Trd, 4319417.243, 110
Trd, 4319417.493, 69
Trd, 4319417.743, 70
Trd, 4319418.743, 106
Trd, 4319420.393, 120
Trd, 4319422.493, 139
Trd, 4319423.043, 102
Trd, 4319424.743, 132
Trd, 4319425.293, 97
Trd, 4319427.243, 124
Trd, 4319427.493, 133
Trd, 4319428.543, 127
Trd, 4319428.943, 117
Trd, 4319429.993, 124
Trd, 4319430.393, 96
Trd, 4319431.443, 93
Trd, 4319432.243, 127
Trd, 4319433.343, 133
Trd, 4319434.093, 103
Trd, 4319434.543, 113
Trd, 4319434.843, 126
Trd, 4319435.493, 88
Trd, 4319436.843, 79
Trd, 4319437.543, 131
Trd, 4319439.293, 114
Trd, 4319439.843, 79
Trd, 4319439.943, 77
Trd, 4319440.193, 76
Trd, 4319441.493, 136
Trd, 4319443.193, 119
Trd, 4319443.743, 116
Trd, 4319443.943, 101
Trd, 4319444.593, 132
Trd, 4319444.643, 131
Trd, 4319445.993, 111
Trd, 4319447.543, 114
Trd, 4319448.193, 81
Trd, 4319448.743, 131
Trd, 4319449.293, 94
Trd, 4319449.343, 86
Trd, 4319449.993, 79
Trd, 4319450.743, 104
Trd, 4319451.693, 71
Trd, 4319452.543, 105
Trd, 4319453.993, 95
Trd, 4319455.893, 82
Trd, 4319457.193, 89
Trd, 4319458.443, 137
Trd, 4319458.643, 111
Trd, 4319459.543, 126
Trd, 4319459.793, 124
Trd, 4319460.143, 111
Trd, 4319460.793, 79
Trd, 4319461.443, 94
Trd, 4319463.243, 125
Trd, 4319463.493, 116
Trd, 4319464.293, 117
Trd, 4319464.443, 121
Trd, 4319465.693, 135
Trd, 4319469.393, 136
Trd, 4319469.943, 125
Trd, 4319470.843, 121
Trd, 4319470.993, 130
Trd, 4319471.243, 130
Trd, 4319471.693, 107
Trd, 4319472.943, 132
Trd, 4319473.193, 119
Trd, 4319473.793, 129
Trd, 4319475.543, 133
Trd, 4319476.843, 138
Trd, 4319476.893, 132
Trd, 4319477.793, 115
Trd, 4319478.093, 114
Trd, 4319478.443, 108
Trd, 4319479.743, 135
Trd, 4319481.043, 124
Trd, 4319481.693, 112
Trd, 4319482.793, 112
Trd, 4319483.193, 112
Trd, 4319484.693, 121
Trd, 4319484.743, 113
Trd, 4319484.793, 98
Trd, 4319486.493, 105
Trd, 4319486.993, 119
Trd, 4319490.743, 114
Trd, 4319491.093, 138
Trd, 4319491.143, 107
Trd, 4319492.593, 113
Trd, 4319492.693, 103
Trd, 4319493.243, 126
Trd, 4319493.393, 109
Trd, 4319493.493, 97
Trd, 4319494.143, 124
Trd, 4319494.943, 87
Trd, 4319496.493, 137
Trd, 4319497.443, 93
Trd, 4319498.643, 81
Trd, 4319499.343, 86
Trd, 4319499.893, 109
Trd, 4319500.143, 117
Trd, 4319500.393, 124
Trd, 4319500.893, 90
Trd, 4319502.693, 130
Trd, 4319503.593, 130
Trd, 4319504.743, 84
Trd, 4319505.093, 106
Trd, 4319505.343, 108
Trd, 4319506.293, 140
Trd, 4319507.493, 120
Trd, 4319508.193, 128
Trd, 4319509.243, 140
Trd, 4319510.843, 124
Trd, 4319513.093, 140
Trd, 4319513.493, 124
Trd, 4319513.793, 125
Trd, 4319514.643, 99
Trd, 4319515.043, 133
Trd, 4319516.393, 139
Trd, 4319517.343, 113
Trd, 4319519.843, 128
Trd, 4319520.443, 128
Trd, 4319521.393, 113
Trd, 4319522.293, 106
Trd, 4319522.643, 115
Trd, 4319523.293, 123
Trd, 4319525.993, 139
Trd, 4319526.093, 140
Trd, 4319526.993, 113
Trd, 4319527.793, 121
Trd, 4319528.343, 129
Trd, 4319528.743, 111
Trd, 4319528.843, 97
Trd, 4319531.193, 89
Trd, 4319531.443, 100
Trd, 4319531.593, 67
Trd, 4319533.693, 132
Trd, 4319534.493, 135
Trd, 4319535.993, 130
Trd, 4319536.893, 133
Trd, 4319538.143, 116
Trd, 4319538.693, 125
Trd, 4319539.843, 130
Trd, 4319539.993, 129
Trd, 4319540.793, 93
Trd, 4319540.993, 106
Trd, 4319542.243, 128
Trd, 4319542.893, 115
Trd, 4319542.993, 118
Trd, 4319543.293, 109
Trd, 4319543.743, 118
Trd, 4319545.193, 121
Trd, 4319546.293, 74
Trd, 4319548.643, 134
Trd, 4319548.793, 118
Trd, 4319549.843, 125
Trd, 4319551.643, 133
Trd, 4319552.043, 107
Trd, 4319553.043, 116
Trd, 4319553.293, 114
Trd, 4319554.993, 116
Trd, 4319555.943, 136
Trd, 4319556.193, 129
Trd, 4319556.343, 126
Trd, 4319557.243, 129
Trd, 4319557.293, 95
Trd, 4319558.893, 132
Trd, 4319560.943, 109
Trd, 4319561.593, 118
Trd, 4319561.643, 103
Trd, 4319561.793, 129
Trd, 4319563.143, 102
Trd, 4319563.543, 96
Trd, 4319563.943, 92
Trd, 4319564.243, 136
Trd, 4319564.843, 138
Trd, 4319565.493, 96
Trd, 4319566.293, 113
Trd, 4319566.643, 103
Trd, 4319567.943, 126
Trd, 4319568.243, 123
Trd, 4319570.293, 89
Trd, 4319571.343, 79
Trd, 4319572.493, 134
Trd, 4319572.793, 129
Trd, 4319573.393, 112
Trd, 4319573.593, 78
Trd, 4319574.143, 117
Trd, 4319574.443, 113
Trd, 4319575.793, 132
Trd, 4319576.743, 93
Trd, 4319577.093, 77
Trd, 4319577.693, 98
Trd, 4319581.243, 117
Trd, 4319582.593, 117
Trd, 4319583.643, 119
Trd, 4319584.243, 129
Trd, 4319585.193, 134
Trd, 4319585.293, 123
Trd, 4319587.243, 107
Trd, 4319587.743, 121
Trd, 4319587.793, 110
Trd, 4319588.243, 86
Trd, 4319588.643, 67
Trd, 4319588.793, 90
Trd, 4319590.293, 90
Trd, 4319592.243, 134
Trd, 4319592.343, 88
Trd, 4319592.943, 113
Trd, 4319593.093, 87
Trd, 4319593.393, 81
Trd, 4319594.293, 112
Trd, 4319594.443, 115
Trd, 4319597.393, 116
Trd, 4319598.793, 125
Trd, 4319598.843, 114
Trd, 4319599.293, 116
Trd, 4319599.393, 114
Trd, 4319599.593, 100
Trd, 4319600.143, 120
Trd, 4319601.743, 118
Trd, 4319601.793, 132
Trd, 4319602.193, 106
Trd, 4319602.993, 101
Trd, 4319603.093, 123
Trd, 4319606.593, 122
Trd, 4319608.293, 123
Trd, 4319608.343, 109
Trd, 4319608.843, 93
Trd, 4319608.893, 90
Trd, 4319609.093, 128
Trd, 4319609.493, 122
Trd, 4319611.343, 138
Trd, 4319612.093, 133
Trd, 4319612.343, 119
Trd, 4319613.393, 97
Trd, 4319613.793, 90
Trd, 4319614.543, 76
Trd, 4319615.043, 120
Trd, 4319616.793, 95
Trd, 4319617.343, 114
Trd, 4319618.693, 83
Trd, 4319619.193, 79
Trd, 4319619.543, 89
Trd, 4319619.893, 126
Trd, 4319619.993, 85
Trd, 4319620.993, 82
Trd, 4319621.293, 115
Trd, 4319621.643, 136
Trd, 4319621.993, 109
Trd, 4319625.293, 111
Trd, 4319626.843, 134
Trd, 4319627.193, 111
Trd, 4319628.293, 137
Trd, 4319628.493, 122
Trd, 4319629.443, 132
Trd, 4319629.693, 116
Trd, 4319630.043, 105
Trd, 4319632.693, 113
Trd, 4319632.843, 107
Trd, 4319633.793, 135
Trd, 4319634.143, 119
Trd, 4319634.943, 108
Trd, 4319635.643, 140
Trd, 4319638.243, 127
Trd, 4319638.843, 137
Trd, 4319638.943, 126
Trd, 4319642.493, 140
Trd, 4319642.793, 139
Trd, 4319643.643, 135
Trd, 4319643.993, 113
Trd, 4319644.093, 108
Trd, 4319644.593, 120
Trd, 4319646.143, 84
Trd, 4319648.893, 122
Trd, 4319650.293, 128
Trd, 4319650.743, 114
Trd, 4319651.993, 114
Trd, 4319653.143, 126
Trd, 4319653.593, 105
Trd, 4319653.693, 97
Trd, 4319654.993, 118
Trd, 4319656.343, 128
Trd, 4319657.143, 99
Trd, 4319658.293, 112
Trd, 4319658.493, 109
Trd, 4319659.043, 97
Trd, 4319659.143, 108
Trd, 4319663.043, 116
Trd, 4319663.243, 120
Trd, 4319664.143, 115
Trd, 4319665.643, 111
Trd, 4319665.793, 105
Trd, 4319666.293, 134
Trd, 4319667.343, 98
Trd, 4319667.543, 80
Trd, 4319667.643, 113
Trd, 4319667.943, 88
Trd, 4319668.343, 133
Trd, 4319668.593, 116
Trd, 4319669.393, 124
Trd, 4319669.643, 122
Trd, 4319671.743, 135
Trd, 4319672.293, 129
Trd, 4319672.893, 99
Trd, 4319673.443, 91
Trd, 4319674.043, 109
Trd, 4319674.893, 116
Trd, 4319675.143, 110
Trd, 4319675.743, 84
Trd, 4319678.743, 121
Trd, 4319679.043, 121
Trd, 4319679.143, 134
Trd, 4319681.043, 132
Trd, 4319681.093, 124
Trd, 4319681.343, 123
Trd, 4319682.993, 116
Trd, 4319683.393, 115
Trd, 4319683.593, 140
Trd, 4319685.893, 136
Trd, 4319685.943, 99
Trd, 4319686.343, 92
Trd, 4319687.693, 94
Trd, 4319690.143, 100
Trd, 4319691.743, 120
Trd, 4319692.143, 112
Trd, 4319692.243, 95
Trd, 4319692.893, 130
Trd, 4319693.143, 115
Trd, 4319694.543, 104
Trd, 4319695.493, 134
Trd, 4319696.243, 104
Trd, 4319696.493, 93
Trd, 4319699.493, 124
Trd, 4319699.593, 122
Trd, 4319699.743, 137
Trd, 4319700.693, 122
Trd, 4319701.293, 122
Trd, 4319701.793, 109
Trd, 4319702.943, 81
Trd, 4319703.893, 132
Trd, 4319704.243, 135
Trd, 4319704.493, 133
Trd, 4319704.693, 96
Trd, 4319705.893, 99
Trd, 4319706.093, 68
Trd, 4319706.693, 90
Trd, 4319707.043, 97
Trd, 4319707.293, 114
Trd, 4319709.693, 115
Trd, 4319710.093, 111
Trd, 4319710.343, 84
Trd, 4319711.143, 107
Trd, 4319711.393, 96
Trd, 4319711.693, 104
Trd, 4319712.693, 86
Trd, 4319713.893, 124
Trd, 4319714.093, 119
Trd, 4319715.143, 121
Trd, 4319715.743, 128
Trd, 4319717.393, 99
Trd, 4319717.693, 125
Trd, 4319717.893, 86
Trd, 4319718.593, 137
Trd, 4319720.443, 126
Trd, 4319721.243, 139
Trd, 4319721.593, 133
Trd, 4319721.793, 108
Trd, 4319723.193, 123
Trd, 4319723.593, 112
Trd, 4319725.693, 110
Trd, 4319727.543, 103
Trd, 4319728.743, 122
Trd, 4319728.993, 131
Trd, 4319729.293, 113
Trd, 4319731.993, 99
Trd, 4319732.143, 121
Trd, 4319733.843, 113
Trd, 4319734.593, 98
Trd, 4319736.393, 124
Trd, 4319737.243, 105
Trd, 4319738.193, 100
Trd, 4319740.843, 139
Trd, 4319740.893, 138
Trd, 4319741.243, 120
Trd, 4319742.443, 99
Trd, 4319742.793, 94
Trd, 4319743.793, 121
Trd, 4319744.643, 91
Trd, 4319745.193, 131
Trd, 4319746.693, 112
Trd, 4319748.443, 140
Trd, 4319749.393, 135
Trd, 4319750.843, 116
Trd, 4319752.693, 95
Trd, 4319753.743, 126
Trd, 4319754.893, 103
Trd, 4319755.043, 107
Trd, 4319755.193, 118
Trd, 4319755.243, 101
Trd, 4319755.393, 93
Trd, 4319755.793, 92
Trd, 4319756.293, 94
Trd, 4319758.943, 93
Trd, 4319758.993, 78
Trd, 4319759.293, 129
Trd, 4319759.343, 85
Trd, 4319759.943, 98
Trd, 4319760.943, 120
Trd, 4319761.243, 131
Trd, 4319762.743, 123
Trd, 4319762.943, 110
Trd, 4319763.193, 119
Trd, 4319763.893, 97
Trd, 4319765.643, 136
Trd, 4319766.043, 117
Trd, 4319766.993, 138
Trd, 4319768.593, 105
Trd, 4319769.343, 123
Trd, 4319770.643, 136
Trd, 4319771.143, 129
Trd, 4319771.793, 125
Trd, 4319773.743, 137
Trd, 4319773.893, 123
Trd, 4319775.343, 123
Trd, 4319775.443, 117
Trd, 4319776.493, 126
Trd, 4319776.643, 124
Trd, 4319778.243, 112
Trd, 4319778.793, 131
Trd, 4319779.593, 97
Trd, 4319780.043, 99
Trd, 4319780.393, 125
Trd, 4319780.943, 94
Trd, 4319781.693, 112
Trd, 4319782.493, 116
Trd, 4319784.193, 99
Trd, 4319785.143, 109
Trd, 4319785.393, 125
Trd, 4319785.993, 129
Trd, 4319786.593, 105
Trd, 4319788.043, 92
Trd, 4319788.343, 90
Trd, 4319788.543, 106
Trd, 4319788.743, 133
Trd, 4319789.493, 87
Trd, 4319790.343, 85
Trd, 4319791.393, 91
Trd, 4319791.443, 107
Trd, 4319791.643, 88
Trd, 4319791.793, 81
Trd, 4319794.343, 126
Trd, 4319794.443, 115
Trd, 4319795.243, 104
Trd, 4319797.643, 140
Trd, 4319798.293, 129
Trd, 4319799.443, 110
Trd, 4319799.493, 108
Trd, 4319800.493, 131
Trd, 4319801.143, 136
Trd, 4319803.143, 127
Trd, 4319804.393, 93
Trd, 4319804.943, 123
Trd, 4319805.443, 115
Trd, 4319807.443, 130
Trd, 4319809.043, 138
Trd, 4319809.393, 101
Trd, 4319809.693, 105
Trd, 4319810.543, 128
Trd, 4319812.143, 129
Trd, 4319813.043, 135
Trd, 4319814.393, 115
Trd, 4319816.043, 126
Trd, 4319816.493, 126
Trd, 4319817.693, 133
Trd, 4319817.993, 124
Trd, 4319818.743, 104
Trd, 4319820.693, 104
Trd, 4319820.893, 125
Trd, 4319821.993, 134
Trd, 4319823.443, 105
Trd, 4319825.543, 124
Trd, 4319826.193, 128
Trd, 4319826.943, 133
Trd, 4319827.693, 132
Trd, 4319829.093, 124
Trd, 4319829.293, 109
Trd, 4319829.993, 127
Trd, 4319830.193, 104
Trd, 4319830.793, 103
Trd, 4319830.893, 88
Trd, 4319831.843, 117
Trd, 4319833.293, 121
Trd, 4319834.393, 125
Trd, 4319834.793, 120
Trd, 4319835.443, 125
Trd, 4319835.743, 114
Trd, 4319836.643, 80
Trd, 4319839.193, 117
Trd, 4319839.943, 98
Trd, 4319840.693, 90
Trd, 4319840.893, 72
Trd, 4319841.893, 138
Trd, 4319841.943, 120
Trd, 4319844.093, 128
Trd, 4319844.493, 119
Trd, 4319846.193, 90
Trd, 4319846.593, 91
Trd, 4319846.793, 88
Trd, 4319847.093, 98
Trd, 4319847.193, 68
Trd, 4319848.793, 74
Trd, 4319848.893, 108
Trd, 4319849.893, 117
Trd, 4319850.443, 108
Trd, 4319851.543, 116
Trd, 4319853.893, 131
Trd, 4319855.243, 135
Trd, 4319856.393, 118
Trd, 4319857.443, 112
Trd, 4319857.993, 121
Trd, 4319859.043, 80
Trd, 4319861.143, 119
Trd, 4319862.843, 121
Trd, 4319863.293, 110
Trd, 4319864.143, 102
Trd, 4319865.343, 122
Trd, 4319865.993, 77
Trd, 4319867.543, 133
Trd, 4319867.643, 118
Trd, 4319868.393, 113
Trd, 4319869.043, 111
Trd, 4319869.393, 110
Trd, 4319869.993, 116
Trd, 4319870.093, 102
Trd, 4319870.993, 122
Trd, 4319871.293, 109
Trd, 4319873.393, 139
Trd, 4319873.743, 106
Trd, 4319873.943, 87
Trd, 4319874.193, 131
Trd, 4319874.993, 103
Trd, 4319876.393, 104
Trd, 4319876.993, 85
Trd, 4319877.443, 77
Trd, 4319879.343, 82
Trd, 4319880.843, 91
Trd, 4319881.693, 127
Trd, 4319882.593, 87
Trd, 4319883.393, 139
Trd, 4319885.293, 108
Trd, 4319885.793, 132
Trd, 4319886.193, 123
Trd, 4319886.643, 112
Trd, 4319886.743, 124
Trd, 4319886.793, 94
Trd, 4319888.743, 106
Trd, 4319889.443, 104
Trd, 4319890.393, 111
Trd, 4319891.843, 108
Trd, 4319892.293, 100
Trd, 4319892.543, 99
Trd, 4319893.143, 88
Trd, 4319893.343, 98
Trd, 4319897.393, 127
Trd, 4319897.693, 128
Trd, 4319898.443, 122
Trd, 4319899.693, 113
Trd, 4319900.393, 128
Trd, 4319901.593, 104
Trd, 4319902.543, 115
Trd, 4319903.443, 96
Trd, 4319903.543, 92
Trd, 4319903.993, 127
Trd, 4319905.043, 88
Trd, 4319906.843, 127
Trd, 4319907.543, 109
Trd, 4319908.043, 105
Trd, 4319908.743, 89
Trd, 4319909.893, 120
Trd, 4319910.193, 110
Trd, 4319911.393, 94
Trd, 4319913.093, 111
Trd, 4319914.043, 88
Trd, 4319914.243, 97
Trd, 4319915.743, 135
Trd, 4319916.193, 140
Trd, 4319916.693, 83
Trd, 4319916.993, 77
Trd, 4319917.893, 132
Trd, 4319918.843, 128
Trd, 4319920.343, 85
Trd, 4319921.643, 135
Trd, 4319922.743, 121
Trd, 4319923.393, 108
Trd, 4319924.243, 111
Trd, 4319924.643, 86
Trd, 4319925.943, 90
Trd, 4319926.193, 80
Trd, 4319927.843, 83
Trd, 4319928.043, 105
Trd, 4319928.843, 119
Trd, 4319930.093, 137
Trd, 4319930.293, 128
Trd, 4319932.693, 139
Trd, 4319934.393, 134
Trd, 4319934.443, 107
Trd, 4319935.143, 113
Trd, 4319935.643, 105
Trd, 4319936.043, 75
Trd, 4319936.793, 93
Trd, 4319938.643, 131
Trd, 4319938.693, 121
Trd, 4319938.893, 118
Trd, 4319941.343, 123
Trd, 4319942.243, 135
Trd, 4319942.993, 130
Trd, 4319944.943, 127
Trd, 4319946.443, 139
Trd, 4319946.943, 120
Trd, 4319947.843, 138
Trd, 4319947.893, 105
Trd, 4319949.743, 119
Trd, 4319950.243, 114
Trd, 4319950.993, 126
Trd, 4319952.293, 132
Trd, 4319952.943, 112
Trd, 4319954.093, 130
Trd, 4319956.493, 116
Trd, 4319957.093, 94
Trd, 4319957.543, 134
Trd, 4319958.193, 110
Trd, 4319958.943, 98
Trd, 4319959.543, 75
Trd, 4319960.293, 106
Trd, 4319960.643, 66
Trd, 4319961.493, 94
Trd, 4319961.993, 91
Trd, 4319963.243, 123
Trd, 4319964.893, 91
Trd, 4319965.393, 83
Trd, 4319965.493, 131
Trd, 4319965.943, 71
Trd, 4319968.043, 121
Trd, 4319968.193, 95
Trd, 4319968.693, 127
Trd, 4319969.193, 111
Trd, 4319970.293, 112
Trd, 4319971.293, 100
Trd, 4319971.943, 114
Trd, 4319972.943, 129
Trd, 4319973.443, 82
Trd, 4319973.943, 124
Trd, 4319974.043, 97
Trd, 4319974.993, 126
Trd, 4319977.193, 132
Trd, 4319977.793, 107
Trd, 4319977.993, 104
Trd, 4319978.143, 102
Trd, 4319978.593, 114
Trd, 4319979.093, 88
Trd, 4319979.643, 84
Trd, 4319980.543, 122
Trd, 4319980.693, 113
Trd, 4319981.343, 110
Trd, 4319982.043, 129
Trd, 4319983.443, 133
Trd, 4319983.743, 135
Trd, 4319984.093, 96
Trd, 4319985.243, 111
Trd, 4319987.693, 105
Trd, 4319988.593, 100
Trd, 4319988.993, 140
Trd, 4319989.193, 124
Trd, 4319989.993, 120
Trd, 4319990.943, 134
Trd, 4319993.543, 137
Trd, 4319994.393, 104
Trd, 4319994.543, 91
Trd, 4319994.993, 103
Trd, 4319996.093, 91
Trd, 4319996.143, 86
Trd, 4319996.543, 108
Trd, 4319996.843, 135
Trd, 4319998.343, 115
Trd, 4319999.643, 132
Trd, 4319999.993, 91
