Trd, 4318130.093, 140
Trd, 4318130.793, 140
Trd, 4318131.843, 139
Trd, 4318132.143, 115
Trd, 4318132.693, 140
Trd, 4318132.893, 140
Trd, 4318132.943, 140
Trd, 4318133.093, 137
Trd, 4318133.193, 114
Trd, 4318134.193, 85
Trd, 4318134.793, 109
Trd, 4318135.893, 62
Trd, 4318137.443, 140
Trd, 4318138.493, 140
Trd, 4318138.893, 140
Trd, 4318139.243, 140
Trd, 4318141.043, 139
Trd, 4318141.393, 139
Trd, 4318141.793, 140
Trd, 4318142.393, 139
Trd, 4318143.643, 140
Trd, 4318144.543, 140
Trd, 4318145.493, 140
Trd, 4318146.343, 140
Trd, 4318146.443, 140
Trd, 4318146.893, 140
Trd, 4318148.493, 138
Trd, 4318148.793, 139
Trd, 4318149.143, 140
Trd, 4318150.543, 140
Trd, 4318150.943, 118
Trd, 4318152.793, 60
Trd, 4318152.893, 60
Trd, 4318153.693, 61
Trd, 4318154.343, 60
Trd, 4318154.893, 60
Trd, 4318154.993, 60
Trd, 4318155.793, 64
Trd, 4318155.843, 66
Trd, 4318155.993, 68
Trd, 4318156.493, 131
Trd, 4318156.843, 106
Trd, 4318157.093, 132
Trd, 4318157.943, 68
Trd, 4318159.343, 81
Trd, 4318159.643, 140
Trd, 4318160.643, 140
Trd, 4318162.143, 140
Trd, 4318162.543, 75
Trd, 4318163.893, 140
Trd, 4318164.643, 140
Trd, 4318164.843, 140
Trd, 4318165.243, 140
Trd, 4318165.593, 140
Trd, 4318165.743, 140
Trd, 4318167.593, 140
Trd, 4318168.793, 139
Trd, 4318169.793, 140
Trd, 4318169.893, 140
Trd, 4318170.743, 140
Trd, 4318171.443, 140
Trd, 4318172.093, 140
Trd, 4318172.993, 140
Trd, 4318173.143, 140
Trd, 4318174.693, 140
Trd, 4318176.793, 140
Trd, 4318177.043, 140
Trd, 4318177.293, 139
Trd, 4318178.593, 140
Trd, 4318178.693, 140
Trd, 4318179.443, 140
Trd, 4318180.443, 139
Trd, 4318181.143, 140
Trd, 4318181.293, 140
Trd, 4318182.793, 140
Trd, 4318182.843, 140
Trd, 4318183.043, 138
Trd, 4318183.643, 135
Trd, 4318184.043, 129
Trd, 4318184.243, 111
Trd, 4318185.943, 140
Trd, 4318186.193, 140
Trd, 4318188.243, 140
Trd, 4318188.943, 140
Trd, 4318190.293, 140
Trd, 4318190.343, 140
Trd, 4318190.943, 140
Trd, 4318191.443, 140
Trd, 4318192.043, 140
Trd, 4318193.443, 140
Trd, 4318193.893, 140
Trd, 4318194.043, 139
Trd, 4318195.443, 140
Trd, 4318196.543, 140
Trd, 4318197.443, 140
Trd, 4318197.643, 139
Trd, 4318198.943, 140
Trd, 4318199.343, 140
Trd, 4318199.393, 76
Trd, 4318199.643, 69
Trd, 4318200.293, 105
Trd, 4318200.493, 140
Trd, 4318200.993, 70
Trd, 4318201.493, 140
Trd, 4318201.593, 101
Trd, 4318203.443, 140
Trd, 4318204.793, 140
Trd, 4318204.893, 140
Trd, 4318205.943, 140
Trd, 4318206.643, 140
Trd, 4318207.343, 135
Trd, 4318209.143, 140
Trd, 4318209.643, 140
Trd, 4318210.293, 140
Trd, 4318211.193, 140
Trd, 4318211.593, 140
Trd, 4318212.793, 140
Trd, 4318212.943, 140
Trd, 4318213.293, 139
Trd, 4318215.543, 140
Trd, 4318216.743, 140
Trd, 4318217.143, 140
Trd, 4318218.143, 140
Trd, 4318218.643, 139
Trd, 4318218.993, 139
Trd, 4318220.143, 140
Trd, 4318220.543, 140
Trd, 4318221.243, 139
Trd, 4318221.493, 139
Trd, 4318222.493, 140
Trd, 4318222.893, 140
Trd, 4318223.243, 140
Trd, 4318224.193, 60
Trd, 4318224.343, 60
Trd, 4318225.343, 68
Trd, 4318225.443, 66
Trd, 4318225.493, 132
Trd, 4318226.093, 65
Trd, 4318226.493, 140
Trd, 4318227.543, 139
Trd, 4318229.193, 140
Trd, 4318229.293, 139
Trd, 4318230.543, 139
Trd, 4318231.293, 140
Trd, 4318231.393, 140
Trd, 4318233.243, 140
Trd, 4318234.243, 140
Trd, 4318234.543, 140
Trd, 4318234.893, 140
Trd, 4318235.193, 140
Trd, 4318235.693, 140
Trd, 4318236.143, 140
Trd, 4318236.493, 139
Trd, 4318237.043, 140
Trd, 4318238.693, 140
Trd, 4318238.793, 140
Trd, 4318239.093, 140
Trd, 4318239.743, 138
Trd, 4318240.393, 140
Trd, 4318240.493, 116
Trd, 4318243.693, 140
Trd, 4318243.843, 140
Trd, 4318243.993, 140
Trd, 4318245.943, 140
Trd, 4318245.993, 140
Trd, 4318246.243, 140
Trd, 4318247.493, 140
Trd, 4318248.943, 140
Trd, 4318249.493, 140
Trd, 4318249.593, 138
Trd, 4318250.643, 138
Trd, 4318250.993, 140
Trd, 4318253.143, 140
Trd, 4318254.293, 140
Trd, 4318254.343, 140
Trd, 4318254.443, 138
Trd, 4318255.893, 140
Trd, 4318256.093, 121
Trd, 4318256.443, 140
Trd, 4318257.193, 139
Trd, 4318258.143, 60
Trd, 4318258.643, 60
Trd, 4318259.593, 62
Trd, 4318260.143, 61
Trd, 4318260.843, 62
Trd, 4318262.043, 62
Trd, 4318263.093, 60
Trd, 4318263.193, 60
Trd, 4318263.693, 60
Trd, 4318263.993, 60
Trd, 4318264.143, 60
Trd, 4318264.343, 64
Trd, 4318266.243, 140
Trd, 4318266.993, 140
Trd, 4318267.393, 139
Trd, 4318267.543, 120
Trd, 4318268.293, 139
Trd, 4318268.743, 88
Trd, 4318269.943, 140
Trd, 4318270.243, 140
Trd, 4318270.293, 140
Trd, 4318273.093, 140
Trd, 4318273.643, 140
Trd, 4318274.143, 140
Trd, 4318274.193, 140
Trd, 4318274.243, 139
Trd, 4318275.793, 139
Trd, 4318276.843, 140
Trd, 4318277.043, 140
Trd, 4318277.093, 140
Trd, 4318277.543, 136
Trd, 4318278.893, 140
Trd, 4318279.093, 140
Trd, 4318279.943, 133
Trd, 4318281.293, 106
Trd, 4318282.743, 140
Trd, 4318283.193, 140
Trd, 4318283.843, 139
Trd, 4318284.493, 140
Trd, 4318285.543, 140
Trd, 4318286.743, 140
Trd, 4318286.993, 140
Trd, 4318287.443, 140
Trd, 4318288.843, 140
Trd, 4318290.093, 140
Trd, 4318291.543, 140
Trd, 4318291.693, 140
Trd, 4318292.193, 140
Trd, 4318292.643, 140
Trd, 4318293.243, 140
Trd, 4318293.693, 64
Trd, 4318294.143, 140
Trd, 4318296.293, 140
Trd, 4318297.193, 140
Trd, 4318297.293, 140
Trd, 4318297.493, 139
Trd, 4318297.943, 139
Trd, 4318299.393, 140
Trd, 4318300.243, 140
Trd, 4318301.593, 140
Trd, 4318302.143, 139
Trd, 4318302.193, 140
Trd, 4318302.643, 139
Trd, 4318303.993, 140
Trd, 4318304.093, 140
Trd, 4318304.943, 140
Trd, 4318305.993, 140
Trd, 4318306.193, 140
Trd, 4318306.893, 140
Trd, 4318307.293, 139
Trd, 4318308.043, 140
Trd, 4318308.243, 137
Trd, 4318308.443, 118
Trd, 4318308.593, 140
Trd, 4318309.643, 65
Trd, 4318310.743, 60
Trd, 4318311.843, 60
Trd, 4318311.893, 60
Trd, 4318312.043, 60
Trd, 4318313.343, 60
Trd, 4318314.843, 60
Trd, 4318315.193, 60
Trd, 4318316.143, 60
Trd, 4318316.643, 60
Trd, 4318316.943, 61
Trd, 4318317.093, 63
Trd, 4318317.893, 61
Trd, 4318318.643, 60
Trd, 4318318.843, 67
Trd, 4318319.293, 63
Trd, 4318320.543, 60
Trd, 4318320.643, 60
Trd, 4318320.993, 72
Trd, 4318321.293, 76
Trd, 4318323.543, 60
Trd, 4318323.593, 62
Trd, 4318324.543, 62
Trd, 4318324.943, 63
Trd, 4318325.593, 64
Trd, 4318326.493, 60
Trd, 4318330.193, 60
Trd, 4318330.493, 60
Trd, 4318330.843, 60
Trd, 4318331.243, 60
Trd, 4318332.243, 62
Trd, 4318333.393, 62
Trd, 4318333.543, 63
Trd, 4318333.743, 60
Trd, 4318333.943, 71
Trd, 4318334.993, 61
Trd, 4318336.693, 61
Trd, 4318336.993, 61
Trd, 4318337.143, 63
Trd, 4318337.493, 62
Trd, 4318337.843, 91
Trd, 4318339.493, 140
Trd, 4318339.993, 139
Trd, 4318340.143, 139
Trd, 4318340.743, 140
Trd, 4318341.343, 128
Trd, 4318342.943, 140
Trd, 4318343.393, 140
Trd, 4318343.843, 140
Trd, 4318343.993, 140
Trd, 4318344.093, 139
Trd, 4318345.843, 140
Trd, 4318346.743, 140
Trd, 4318347.393, 139
Trd, 4318347.543, 139
Trd, 4318348.743, 140
Trd, 4318350.093, 139
Trd, 4318350.343, 139
Trd, 4318350.493, 137
Trd, 4318351.793, 140
Trd, 4318352.743, 140
Trd, 4318352.843, 139
Trd, 4318353.393, 139
Trd, 4318354.093, 140
Trd, 4318355.043, 140
Trd, 4318355.643, 137
Trd, 4318356.043, 140
Trd, 4318356.243, 123
Trd, 4318356.793, 71
Trd, 4318357.743, 140
Trd, 4318359.043, 140
Trd, 4318359.193, 140
Trd, 4318359.493, 140
Trd, 4318359.543, 75
Trd, 4318360.943, 60
Trd, 4318360.993, 62
Trd, 4318361.643, 63
Trd, 4318362.543, 61
Trd, 4318363.143, 60
Trd, 4318363.743, 60
Trd, 4318365.443, 60
Trd, 4318365.993, 60
Trd, 4318366.793, 60
Trd, 4318367.243, 60
Trd, 4318367.793, 60
Trd, 4318368.943, 60
Trd, 4318370.393, 60
Trd, 4318371.143, 60
Trd, 4318371.743, 60
Trd, 4318372.093, 63
Trd, 4318372.193, 63
Trd, 4318373.443, 62
Trd, 4318373.643, 60
Trd, 4318375.993, 60
Trd, 4318377.193, 60
Trd, 4318377.693, 60
Trd, 4318378.293, 60
Trd, 4318378.643, 60
Trd, 4318379.793, 63
Trd, 4318379.893, 64
Trd, 4318379.943, 65
Trd, 4318380.193, 62
Trd, 4318381.543, 63
Trd, 4318381.893, 62
Trd, 4318382.443, 62
Trd, 4318382.593, 63
Trd, 4318383.693, 62
Trd, 4318385.043, 63
Trd, 4318385.443, 61
Trd, 4318386.693, 64
Trd, 4318387.443, 61
Trd, 4318388.493, 60
Trd, 4318388.943, 62
Trd, 4318389.193, 62
Trd, 4318389.443, 67
Trd, 4318390.843, 60
Trd, 4318392.093, 61
Trd, 4318392.193, 62
Trd, 4318393.843, 60
Trd, 4318394.443, 60
Trd, 4318394.843, 60
Trd, 4318395.443, 60
Trd, 4318396.193, 60
Trd, 4318396.543, 60
Trd, 4318396.593, 66
Trd, 4318397.843, 71
Trd, 4318399.243, 60
Trd, 4318399.543, 62
Trd, 4318400.293, 61
Trd, 4318401.293, 63
Trd, 4318401.343, 64
Trd, 4318401.993, 65
Trd, 4318402.093, 103
Trd, 4318403.843, 61
Trd, 4318405.143, 60
Trd, 4318405.993, 60
Trd, 4318406.943, 60
Trd, 4318407.343, 61
Trd, 4318407.593, 61
Trd, 4318408.243, 60
Trd, 4318409.393, 60
Trd, 4318409.643, 64
Trd, 4318409.793, 60
Trd, 4318411.393, 61
Trd, 4318411.993, 63
Trd, 4318412.693, 61
Trd, 4318412.793, 63
Trd, 4318412.843, 72
Trd, 4318413.893, 65
Trd, 4318414.293, 66
Trd, 4318414.843, 66
Trd, 4318415.143, 60
Trd, 4318416.393, 140
Trd, 4318416.543, 140
Trd, 4318417.793, 140
Trd, 4318417.893, 137
Trd, 4318418.693, 98
Trd, 4318419.743, 129
Trd, 4318420.043, 140
Trd, 4318420.393, 139
Trd, 4318421.793, 140
Trd, 4318422.793, 140
Trd, 4318423.193, 140
Trd, 4318423.293, 138
Trd, 4318423.393, 140
Trd, 4318424.393, 62
Trd, 4318424.443, 63
Trd, 4318425.893, 60
Trd, 4318426.293, 60
Trd, 4318426.793, 60
Trd, 4318426.893, 60
Trd, 4318427.393, 61
Trd, 4318427.643, 62
Trd, 4318429.943, 61
Trd, 4318430.093, 67
Trd, 4318431.643, 60
Trd, 4318432.143, 63
Trd, 4318432.943, 64
Trd, 4318433.143, 63
Trd, 4318433.843, 63
Trd, 4318433.943, 67
Trd, 4318435.693, 63
Trd, 4318436.843, 139
Trd, 4318438.043, 140
Trd, 4318438.093, 140
Trd, 4318438.943, 139
Trd, 4318439.793, 88
Trd, 4318441.093, 71
Trd, 4318441.143, 65
Trd, 4318441.693, 60
Trd, 4318441.993, 60
Trd, 4318442.543, 60
Trd, 4318443.093, 70
Trd, 4318443.843, 66
Trd, 4318444.093, 74
Trd, 4318445.943, 60
Trd, 4318447.093, 64
Trd, 4318447.543, 60
Trd, 4318447.943, 140
Trd, 4318448.093, 138
Trd, 4318448.943, 60
Trd, 4318450.243, 68
Trd, 4318451.393, 72
Trd, 4318451.693, 60
Trd, 4318453.293, 60
Trd, 4318453.343, 61
Trd, 4318454.893, 61
Trd, 4318455.243, 62
Trd, 4318455.743, 65
Trd, 4318456.043, 66
Trd, 4318456.643, 110
Trd, 4318456.943, 63
Trd, 4318458.143, 101
Trd, 4318458.443, 63
Trd, 4318459.993, 140
Trd, 4318461.093, 140
Trd, 4318461.193, 140
Trd, 4318462.593, 140
Trd, 4318462.743, 140
Trd, 4318463.093, 140
Trd, 4318464.193, 137
Trd, 4318464.593, 140
Trd, 4318464.943, 139
Trd, 4318465.693, 76
Trd, 4318466.143, 140
Trd, 4318467.743, 140
Trd, 4318467.843, 140
Trd, 4318468.243, 140
Trd, 4318469.343, 140
Trd, 4318469.693, 140
Trd, 4318469.993, 140
Trd, 4318471.593, 140
Trd, 4318472.193, 140
Trd, 4318473.143, 140
Trd, 4318473.693, 140
Trd, 4318474.493, 140
Trd, 4318474.893, 140
Trd, 4318475.043, 139
Trd, 4318476.243, 137
Trd, 4318476.293, 116
Trd, 4318476.793, 139
Trd, 4318477.393, 63
Trd, 4318478.193, 139
Trd, 4318478.693, 91
Trd, 4318479.993, 140
Trd, 4318481.043, 140
Trd, 4318482.793, 140
Trd, 4318483.293, 140
Trd, 4318483.793, 140
Trd, 4318484.393, 140
Trd, 4318486.193, 140
Trd, 4318486.443, 140
Trd, 4318488.093, 140
Trd, 4318489.293, 140
Trd, 4318489.793, 140
Trd, 4318490.043, 140
Trd, 4318491.093, 140
Trd, 4318491.543, 140
Trd, 4318492.843, 140
Trd, 4318493.543, 138
Trd, 4318493.743, 136
Trd, 4318494.743, 140
Trd, 4318495.293, 140
Trd, 4318495.543, 139
Trd, 4318496.293, 139
Trd, 4318497.043, 138
Trd, 4318497.843, 140
Trd, 4318498.293, 140
Trd, 4318498.793, 139
Trd, 4318499.793, 140
Trd, 4318500.243, 140
Trd, 4318500.393, 128
Trd, 4318501.093, 128
Trd, 4318502.043, 139
Trd, 4318503.043, 140
Trd, 4318503.793, 133
Trd, 4318503.893, 120
Trd, 4318504.043, 136
Trd, 4318505.043, 140
Trd, 4318506.193, 139
Trd, 4318507.543, 139
Trd, 4318507.993, 140
Trd, 4318508.993, 140
Trd, 4318509.443, 139
Trd, 4318510.243, 140
Trd, 4318510.293, 140
Trd, 4318510.693, 140
Trd, 4318512.293, 139
Trd, 4318512.643, 138
Trd, 4318515.243, 140
Trd, 4318515.793, 140
Trd, 4318515.843, 140
Trd, 4318515.943, 140
Trd, 4318516.943, 140
Trd, 4318518.043, 140
Trd, 4318518.443, 140
Trd, 4318518.493, 140
Trd, 4318518.793, 140
Trd, 4318519.493, 139
Trd, 4318521.043, 140
Trd, 4318522.793, 140
Trd, 4318523.843, 140
Trd, 4318523.893, 140
Trd, 4318524.193, 138
Trd, 4318525.193, 76
Trd, 4318525.993, 138
Trd, 4318526.343, 139
Trd, 4318526.393, 128
Trd, 4318527.843, 140
Trd, 4318529.243, 140
Trd, 4318529.793, 140
Trd, 4318531.143, 140
Trd, 4318531.293, 140
Trd, 4318531.393, 140
Trd, 4318531.493, 140
Trd, 4318531.893, 139
Trd, 4318532.443, 140
Trd, 4318532.643, 95
Trd, 4318534.443, 140
Trd, 4318535.693, 140
Trd, 4318535.843, 140
Trd, 4318536.343, 140
Trd, 4318536.793, 140
Trd, 4318537.593, 140
Trd, 4318538.843, 140
Trd, 4318538.893, 140
Trd, 4318540.043, 140
Trd, 4318540.543, 140
Trd, 4318541.143, 138
Trd, 4318542.543, 140
Trd, 4318543.093, 140
Trd, 4318543.193, 139
Trd, 4318543.593, 140
Trd, 4318543.693, 70
Trd, 4318544.543, 65
Trd, 4318544.793, 135
Trd, 4318544.993, 112
Trd, 4318545.243, 136
Trd, 4318546.793, 97
Trd, 4318547.093, 131
Trd, 4318547.593, 94
Trd, 4318549.043, 140
Trd, 4318549.293, 140
Trd, 4318549.693, 140
Trd, 4318550.043, 140
Trd, 4318551.843, 140
Trd, 4318552.343, 140
Trd, 4318552.993, 140
Trd, 4318553.543, 140
Trd, 4318554.143, 140
Trd, 4318555.443, 140
Trd, 4318556.493, 140
Trd, 4318557.693, 140
Trd, 4318558.493, 140
Trd, 4318558.693, 140
Trd, 4318559.343, 140
Trd, 4318559.893, 140
Trd, 4318560.693, 140
Trd, 4318561.943, 140
Trd, 4318562.843, 140
Trd, 4318563.493, 140
Trd, 4318563.543, 140
Trd, 4318564.393, 140
Trd, 4318565.093, 140
Trd, 4318566.043, 140
Trd, 4318566.193, 140
Trd, 4318566.243, 140
Trd, 4318567.093, 140
Trd, 4318567.293, 140
Trd, 4318567.793, 91
Trd, 4318568.243, 139
Trd, 4318568.993, 61
Trd, 4318570.343, 133
Trd, 4318570.593, 138
Trd, 4318570.993, 119
Trd, 4318571.593, 137
Trd, 4318571.993, 118
Trd, 4318572.593, 74
Trd, 4318573.243, 140
Trd, 4318574.543, 140
Trd, 4318574.943, 140
Trd, 4318575.093, 140
Trd, 4318575.693, 140
Trd, 4318576.093, 139
Trd, 4318576.593, 138
Trd, 4318577.343, 87
Trd, 4318578.043, 140
Trd, 4318579.843, 140
Trd, 4318580.243, 140
Trd, 4318580.993, 140
Trd, 4318581.343, 140
Trd, 4318581.993, 140
Trd, 4318583.693, 140
Trd, 4318583.843, 140
Trd, 4318584.443, 138
Trd, 4318584.893, 99
Trd, 4318586.243, 140
Trd, 4318586.443, 140
Trd, 4318587.193, 140
Trd, 4318590.193, 140
Trd, 4318590.893, 140
Trd, 4318591.093, 140
Trd, 4318591.393, 140
Trd, 4318591.943, 139
Trd, 4318592.793, 60
Trd, 4318593.143, 60
Trd, 4318593.493, 60
Trd, 4318593.743, 60
Trd, 4318594.193, 64
Trd, 4318594.543, 138
Trd, 4318596.593, 140
Trd, 4318597.093, 140
Trd, 4318597.243, 140
Trd, 4318597.293, 140
Trd, 4318598.243, 137
Trd, 4318598.743, 139
Trd, 4318599.343, 72
Trd, 4318600.093, 68
Trd, 4318600.843, 60
Trd, 4318600.893, 61
Trd, 4318602.643, 130
Trd, 4318603.243, 130
Trd, 4318603.493, 99
Trd, 4318603.793, 133
Trd, 4318603.943, 132
Trd, 4318605.293, 140
Trd, 4318605.493, 140
Trd, 4318606.893, 140
Trd, 4318607.493, 140
Trd, 4318607.593, 140
Trd, 4318608.343, 140
Trd, 4318609.993, 140
Trd, 4318610.493, 140
Trd, 4318611.343, 139
Trd, 4318612.643, 140
Trd, 4318613.543, 140
Trd, 4318613.643, 140
Trd, 4318614.393, 140
Trd, 4318615.243, 64
Trd, 4318615.893, 64
Trd, 4318616.743, 140
Trd, 4318617.243, 140
Trd, 4318617.393, 140
Trd, 4318618.043, 139
Trd, 4318618.643, 140
Trd, 4318619.493, 140
Trd, 4318620.743, 60
Trd, 4318620.893, 60
Trd, 4318621.893, 60
Trd, 4318622.293, 62
Trd, 4318622.693, 63
Trd, 4318622.743, 64
Trd, 4318623.093, 69
Trd, 4318623.343, 63
Trd, 4318624.293, 140
Trd, 4318624.343, 139
Trd, 4318624.743, 66
Trd, 4318626.793, 139
Trd, 4318627.643, 138
Trd, 4318627.843, 138
Trd, 4318629.043, 140
Trd, 4318629.743, 138
Trd, 4318631.043, 140
Trd, 4318631.693, 140
Trd, 4318631.893, 140
Trd, 4318632.043, 140
Trd, 4318633.843, 139
Trd, 4318634.243, 140
Trd, 4318635.493, 140
Trd, 4318635.693, 140
Trd, 4318635.893, 139
Trd, 4318637.043, 140
Trd, 4318637.493, 140
Trd, 4318638.043, 140
Trd, 4318638.993, 140
Trd, 4318639.693, 140
Trd, 4318640.293, 139
Trd, 4318640.393, 136
Trd, 4318641.443, 139
Trd, 4318642.293, 140
Trd, 4318642.643, 97
Trd, 4318644.993, 140
Trd, 4318646.043, 140
Trd, 4318646.343, 140
Trd, 4318646.493, 140
Trd, 4318646.743, 140
Trd, 4318648.993, 140
Trd, 4318649.343, 139
Trd, 4318649.793, 140
Trd, 4318649.943, 139
Trd, 4318650.193, 140
Trd, 4318650.793, 140
Trd, 4318650.993, 139
Trd, 4318651.643, 140
Trd, 4318653.643, 140
Trd, 4318654.543, 139
Trd, 4318655.443, 140
Trd, 4318655.543, 139
Trd, 4318656.393, 140
Trd, 4318657.593, 140
Trd, 4318657.793, 140
Trd, 4318657.993, 140
Trd, 4318658.193, 102
Trd, 4318661.343, 139
Trd, 4318661.893, 140
Trd, 4318662.743, 140
Trd, 4318662.893, 140
Trd, 4318663.593, 63
Trd, 4318664.543, 60
Trd, 4318664.593, 62
Trd, 4318665.143, 62
Trd, 4318666.343, 60
Trd, 4318666.393, 61
Trd, 4318667.493, 60
Trd, 4318667.843, 67
Trd, 4318669.643, 60
Trd, 4318669.893, 60
Trd, 4318670.793, 62
Trd, 4318671.593, 62
Trd, 4318672.493, 60
Trd, 4318672.543, 61
Trd, 4318672.943, 62
Trd, 4318673.943, 66
Trd, 4318674.693, 140
Trd, 4318674.793, 140
Trd, 4318676.793, 140
Trd, 4318677.243, 140
Trd, 4318677.343, 139
Trd, 4318678.793, 140
Trd, 4318678.843, 140
Trd, 4318679.943, 140
Trd, 4318681.043, 140
Trd, 4318681.893, 140
Trd, 4318683.243, 140
Trd, 4318683.643, 140
Trd, 4318684.093, 140
Trd, 4318684.843, 140
Trd, 4318685.293, 140
Trd, 4318685.393, 140
Trd, 4318685.443, 139
Trd, 4318686.443, 140
Trd, 4318687.343, 140
Trd, 4318688.143, 140
Trd, 4318688.693, 140
Trd, 4318688.943, 140
Trd, 4318689.743, 140
Trd, 4318690.593, 140
Trd, 4318690.943, 138
Trd, 4318692.143, 140
Trd, 4318692.293, 140
Trd, 4318692.593, 119
Trd, 4318693.043, 140
Trd, 4318693.293, 82
Trd, 4318693.493, 138
Trd, 4318694.393, 60
Trd, 4318695.793, 61
Trd, 4318696.093, 61
Trd, 4318696.193, 62
Trd, 4318696.743, 63
Trd, 4318696.893, 67
Trd, 4318698.093, 67
Trd, 4318698.993, 61
Trd, 4318700.343, 139
Trd, 4318701.393, 140
Trd, 4318701.643, 140
Trd, 4318702.793, 140
Trd, 4318702.843, 140
Trd, 4318703.643, 140
Trd, 4318703.743, 140
Trd, 4318705.093, 140
Trd, 4318705.993, 140
Trd, 4318706.593, 140
Trd, 4318708.093, 140
Trd, 4318708.593, 140
Trd, 4318709.243, 140
Trd, 4318710.093, 140
Trd, 4318710.593, 140
Trd, 4318711.293, 139
Trd, 4318711.943, 140
Trd, 4318712.743, 140
Trd, 4318713.593, 140
Trd, 4318713.643, 139
Trd, 4318714.043, 139
Trd, 4318714.693, 140
Trd, 4318716.043, 140
Trd, 4318716.143, 140
Trd, 4318716.393, 140
Trd, 4318716.593, 135
Trd, 4318717.743, 140
Trd, 4318718.893, 139
Trd, 4318718.943, 128
Trd, 4318719.543, 138
Trd, 4318720.293, 120
Trd, 4318721.143, 122
Trd, 4318721.193, 130
Trd, 4318721.343, 121
Trd, 4318721.543, 132
Trd, 4318722.643, 75
Trd, 4318723.843, 64
Trd, 4318724.243, 112
Trd, 4318724.543, 108
Trd, 4318724.793, 105
Trd, 4318725.493, 140
Trd, 4318726.093, 60
Trd, 4318727.343, 139
Trd, 4318728.393, 140
Trd, 4318728.643, 140
Trd, 4318729.393, 140
Trd, 4318730.543, 137
Trd, 4318731.593, 140
Trd, 4318732.193, 139
Trd, 4318732.443, 140
Trd, 4318732.743, 140
Trd, 4318733.743, 138
Trd, 4318734.293, 139
Trd, 4318735.393, 140
Trd, 4318735.693, 140
Trd, 4318737.843, 140
Trd, 4318738.093, 140
Trd, 4318738.893, 140
Trd, 4318738.993, 139
Trd, 4318740.793, 140
Trd, 4318740.943, 140
Trd, 4318741.943, 136
Trd, 4318742.343, 140
Trd, 4318743.193, 140
Trd, 4318743.893, 140
Trd, 4318744.893, 136
Trd, 4318745.493, 121
Trd, 4318745.543, 139
Trd, 4318746.443, 140
Trd, 4318746.693, 139
Trd, 4318748.193, 64
Trd, 4318748.293, 66
Trd, 4318748.593, 64
Trd, 4318749.043, 69
Trd, 4318751.443, 60
Trd, 4318751.843, 60
Trd, 4318751.943, 63
Trd, 4318752.943, 61
Trd, 4318753.343, 63
Trd, 4318753.743, 64
Trd, 4318754.193, 64
Trd, 4318755.293, 63
Trd, 4318757.743, 140
Trd, 4318757.993, 140
Trd, 4318758.343, 140
Trd, 4318758.893, 140
Trd, 4318760.193, 140
Trd, 4318761.843, 140
Trd, 4318763.643, 140
Trd, 4318763.693, 140
Trd, 4318764.243, 140
Trd, 4318764.293, 140
Trd, 4318764.443, 140
Trd, 4318764.643, 79
Trd, 4318766.143, 140
Trd, 4318767.093, 140
Trd, 4318768.243, 140
Trd, 4318768.393, 140
Trd, 4318769.243, 140
Trd, 4318769.993, 140
Trd, 4318771.693, 139
Trd, 4318771.743, 139
Trd, 4318772.893, 140
Trd, 4318773.393, 137
Trd, 4318775.543, 140
Trd, 4318776.143, 140
Trd, 4318776.943, 140
Trd, 4318777.143, 140
Trd, 4318777.293, 140
Trd, 4318778.193, 140
Trd, 4318778.993, 140
Trd, 4318779.743, 140
Trd, 4318781.143, 140
Trd, 4318781.393, 140
Trd, 4318781.693, 140
Trd, 4318781.943, 139
Trd, 4318782.393, 140
Trd, 4318782.693, 113
Trd, 4318784.193, 94
Trd, 4318785.143, 140
Trd, 4318786.593, 140
Trd, 4318787.243, 140
Trd, 4318788.493, 140
Trd, 4318788.543, 140
Trd, 4318789.493, 140
Trd, 4318789.893, 140
Trd, 4318791.243, 140
Trd, 4318792.143, 140
Trd, 4318793.343, 140
Trd, 4318793.543, 140
Trd, 4318793.593, 140
Trd, 4318795.643, 140
Trd, 4318796.143, 140
Trd, 4318796.293, 139
Trd, 4318796.993, 139
Trd, 4318797.093, 137
Trd, 4318797.143, 128
Trd, 4318797.793, 140
Trd, 4318797.843, 137
Trd, 4318798.443, 85
Trd, 4318798.643, 83
Trd, 4318800.393, 114
Trd, 4318800.893, 140
Trd, 4318801.143, 114
Trd, 4318802.793, 140
Trd, 4318802.943, 140
Trd, 4318804.193, 140
Trd, 4318805.093, 140
Trd, 4318805.843, 140
Trd, 4318807.693, 140
Trd, 4318808.093, 140
Trd, 4318808.643, 139
Trd, 4318808.993, 139
Trd, 4318810.443, 140
Trd, 4318811.543, 140
Trd, 4318812.193, 140
Trd, 4318813.193, 140
Trd, 4318813.293, 140
Trd, 4318813.693, 140
Trd, 4318814.543, 140
Trd, 4318815.343, 140
Trd, 4318815.693, 140
Trd, 4318816.843, 140
Trd, 4318817.293, 140
Trd, 4318817.793, 139
Trd, 4318818.493, 88
Trd, 4318819.293, 60
Trd, 4318819.743, 60
Trd, 4318820.293, 62
Trd, 4318820.493, 64
Trd, 4318820.993, 60
Trd, 4318821.393, 72
Trd, 4318823.393, 60
Trd, 4318824.543, 60
Trd, 4318824.893, 60
Trd, 4318825.093, 62
Trd, 4318826.593, 63
Trd, 4318827.393, 63
Trd, 4318827.543, 61
Trd, 4318828.293, 61
Trd, 4318828.743, 62
Trd, 4318829.693, 60
Trd, 4318831.043, 60
Trd, 4318831.293, 60
Trd, 4318831.443, 61
Trd, 4318831.493, 62
Trd, 4318831.643, 63
Trd, 4318832.293, 61
Trd, 4318834.293, 60
Trd, 4318834.443, 60
Trd, 4318835.993, 60
Trd, 4318836.143, 61
Trd, 4318837.043, 61
Trd, 4318837.643, 64
Trd, 4318838.143, 62
Trd, 4318838.443, 70
Trd, 4318839.293, 140
Trd, 4318839.543, 140
Trd, 4318839.593, 73
Trd, 4318840.143, 140
Trd, 4318840.193, 70
Trd, 4318840.993, 70
Trd, 4318842.793, 140
Trd, 4318843.343, 140
Trd, 4318843.393, 140
Trd, 4318844.493, 140
Trd, 4318846.143, 140
Trd, 4318847.093, 140
Trd, 4318847.993, 140
Trd, 4318848.493, 140
Trd, 4318849.093, 140
Trd, 4318850.193, 140
Trd, 4318851.243, 140
Trd, 4318851.393, 140
Trd, 4318852.543, 140
Trd, 4318853.493, 140
Trd, 4318855.393, 140
Trd, 4318855.693, 139
Trd, 4318856.293, 139
Trd, 4318857.443, 140
Trd, 4318858.293, 140
Trd, 4318858.343, 140
Trd, 4318858.943, 140
Trd, 4318860.243, 139
Trd, 4318860.693, 140
Trd, 4318861.293, 140
Trd, 4318862.393, 140
Trd, 4318862.443, 140
Trd, 4318863.343, 140
Trd, 4318863.943, 139
Trd, 4318864.393, 139
Trd, 4318865.443, 102
Trd, 4318865.793, 94
Trd, 4318865.943, 93
Trd, 4318866.393, 140
Trd, 4318868.193, 140
Trd, 4318869.843, 140
Trd, 4318870.593, 140
Trd, 4318872.093, 140
Trd, 4318874.693, 140
Trd, 4318874.893, 140
Trd, 4318874.993, 140
Trd, 4318875.243, 140
Trd, 4318875.593, 140
Trd, 4318876.493, 140
Trd, 4318877.543, 140
Trd, 4318877.943, 140
Trd, 4318879.293, 140
Trd, 4318879.493, 140
Trd, 4318880.893, 140
Trd, 4318881.143, 140
Trd, 4318881.293, 139
Trd, 4318881.893, 138
Trd, 4318882.793, 138
Trd, 4318882.943, 90
Trd, 4318883.293, 137
Trd, 4318884.843, 138
Trd, 4318885.143, 112
Trd, 4318887.243, 140
Trd, 4318887.793, 140
Trd, 4318889.693, 140
Trd, 4318889.943, 140
Trd, 4318890.443, 140
Trd, 4318890.643, 140
Trd, 4318890.793, 139
Trd, 4318891.343, 140
Trd, 4318893.143, 140
Trd, 4318893.543, 140
Trd, 4318893.793, 139
Trd, 4318895.693, 140
Trd, 4318895.943, 140
Trd, 4318896.843, 140
Trd, 4318897.843, 63
Trd, 4318897.943, 64
Trd, 4318897.993, 65
Trd, 4318898.893, 140
Trd, 4318899.243, 119
Trd, 4318899.343, 95
Trd, 4318899.593, 74
Trd, 4318901.193, 63
Trd, 4318902.543, 61
Trd, 4318902.943, 61
Trd, 4318903.843, 60
Trd, 4318905.293, 60
Trd, 4318905.543, 60
Trd, 4318906.343, 60
Trd, 4318906.443, 62
Trd, 4318906.943, 60
Trd, 4318907.493, 64
Trd, 4318907.993, 63
Trd, 4318908.643, 62
Trd, 4318908.843, 63
Trd, 4318910.093, 67
Trd, 4318911.743, 65
Trd, 4318911.843, 67
Trd, 4318912.043, 64
Trd, 4318913.443, 140
Trd, 4318913.493, 139
Trd, 4318913.543, 133
Trd, 4318914.793, 140
Trd, 4318915.293, 138
Trd, 4318916.093, 60
Trd, 4318916.243, 60
Trd, 4318916.443, 62
Trd, 4318917.843, 60
Trd, 4318917.943, 60
Trd, 4318920.593, 60
Trd, 4318920.943, 60
Trd, 4318921.993, 60
Trd, 4318922.643, 60
Trd, 4318922.843, 61
Trd, 4318923.093, 60
Trd, 4318923.593, 80
Trd, 4318924.093, 63
Trd, 4318924.693, 139
Trd, 4318925.793, 140
Trd, 4318926.493, 140
Trd, 4318927.243, 140
Trd, 4318927.843, 139
Trd, 4318928.993, 140
Trd, 4318929.443, 138
Trd, 4318930.243, 137
Trd, 4318930.393, 129
Trd, 4318930.643, 140
Trd, 4318932.643, 110
Trd, 4318933.143, 83
Trd, 4318933.543, 140
Trd, 4318934.093, 97
Trd, 4318934.493, 125
Trd, 4318935.543, 140
Trd, 4318936.893, 140
Trd, 4318938.443, 140
Trd, 4318939.143, 140
Trd, 4318939.593, 140
Trd, 4318939.743, 140
Trd, 4318939.893, 138
Trd, 4318940.293, 140
Trd, 4318940.343, 137
Trd, 4318941.393, 140
Trd, 4318941.993, 140
Trd, 4318944.343, 140
Trd, 4318944.593, 140
Trd, 4318945.693, 140
Trd, 4318946.193, 140
Trd, 4318946.793, 140
Trd, 4318947.143, 140
Trd, 4318949.093, 140
Trd, 4318949.593, 140
Trd, 4318949.843, 138
Trd, 4318950.143, 138
Trd, 4318950.843, 138
Trd, 4318951.843, 140
Trd, 4318951.893, 140
Trd, 4318952.543, 140
Trd, 4318952.993, 140
Trd, 4318954.143, 91
Trd, 4318954.643, 137
Trd, 4318954.743, 90
Trd, 4318955.643, 139
Trd, 4318956.093, 61
Trd, 4318956.393, 64
Trd, 4318957.693, 61
Trd, 4318957.843, 68
Trd, 4318958.193, 140
Trd, 4318959.843, 63
Trd, 4318961.743, 140
Trd, 4318963.343, 140
Trd, 4318963.693, 140
Trd, 4318964.193, 140
Trd, 4318964.443, 140
Trd, 4318964.693, 140
Trd, 4318965.143, 140
Trd, 4318966.343, 140
Trd, 4318966.593, 139
Trd, 4318967.743, 138
Trd, 4318967.843, 138
Trd, 4318969.393, 140
Trd, 4318969.943, 140
Trd, 4318970.393, 140
Trd, 4318971.093, 140
Trd, 4318972.643, 140
Trd, 4318973.193, 140
Trd, 4318973.493, 140
Trd, 4318975.093, 140
Trd, 4318975.893, 140
Trd, 4318976.443, 139
Trd, 4318977.143, 140
Trd, 4318977.443, 140
Trd, 4318977.593, 139
Trd, 4318978.343, 140
Trd, 4318978.493, 139
Trd, 4318979.393, 140
Trd, 4318980.943, 139
Trd, 4318981.043, 138
Trd, 4318981.343, 137
Trd, 4318982.693, 119
Trd, 4318984.993, 140
Trd, 4318985.043, 140
Trd, 4318985.343, 140
Trd, 4318986.693, 140
Trd, 4318988.043, 140
Trd, 4318988.243, 140
Trd, 4318988.393, 139
Trd, 4318988.693, 135
Trd, 4318989.293, 60
Trd, 4318990.093, 65
Trd, 4318990.193, 67
Trd, 4318991.993, 140
Trd, 4318992.143, 140
Trd, 4318992.193, 140
Trd, 4318992.443, 138
Trd, 4318994.093, 139
Trd, 4318994.493, 140
Trd, 4318995.443, 140
Trd, 4318995.943, 122
Trd, 4318996.993, 140
Trd, 4318998.393, 139
Trd, 4318998.893, 140
Trd, 4318999.393, 140
Trd, 4318999.843, 139
Trd, 4319000.343, 134
Trd, 4319001.343, 140
Trd, 4319002.343, 140
Trd, 4319003.043, 140
Trd, 4319003.593, 140
Trd, 4319005.643, 140
Trd, 4319005.793, 140
Trd, 4319006.593, 136
Trd, 4319006.843, 96
Trd, 4319007.943, 140
Trd, 4319008.143, 140
Trd, 4319008.743, 139
Trd, 4319009.943, 140
Trd, 4319011.443, 140
Trd, 4319011.943, 140
Trd, 4319012.243, 140
Trd, 4319012.793, 140
Trd, 4319013.043, 140
Trd, 4319014.093, 140
Trd, 4319014.243, 140
Trd, 4319014.393, 140
Trd, 4319016.043, 140
Trd, 4319016.743, 139
Trd, 4319016.943, 120
Trd, 4319017.843, 140
Trd, 4319019.843, 140
Trd, 4319020.293, 140
Trd, 4319020.743, 140
Trd, 4319022.443, 140
Trd, 4319022.543, 140
Trd, 4319023.593, 140
Trd, 4319023.743, 139
Trd, 4319024.193, 139
Trd, 4319025.143, 139
Trd, 4319025.343, 138
Trd, 4319026.743, 140
Trd, 4319027.193, 140
Trd, 4319028.043, 140
Trd, 4319028.943, 140
Trd, 4319029.543, 140
Trd, 4319029.993, 140
Trd, 4319030.093, 139
Trd, 4319031.593, 140
Trd, 4319031.993, 140
Trd, 4319032.193, 140
Trd, 4319032.243, 94
Trd, 4319032.743, 108
Trd, 4319034.443, 60
Trd, 4319034.743, 60
Trd, 4319034.943, 60
Trd, 4319036.043, 60
Trd, 4319037.093, 60
Trd, 4319037.193, 60
Trd, 4319037.643, 63
Trd, 4319038.993, 119
Trd, 4319039.643, 140
Trd, 4319039.793, 139
Trd, 4319039.943, 131
Trd, 4319040.643, 136
Trd, 4319041.943, 119
Trd, 4319041.993, 118
Trd, 4319042.193, 134
Trd, 4319043.293, 140
Trd, 4319043.443, 140
Trd, 4319044.143, 138
Trd, 4319045.193, 140
Trd, 4319046.893, 140
Trd, 4319047.043, 140
Trd, 4319047.893, 140
Trd, 4319047.943, 140
Trd, 4319049.643, 140
Trd, 4319050.193, 140
Trd, 4319051.443, 140
Trd, 4319051.793, 140
Trd, 4319051.993, 140
Trd, 4319052.843, 140
Trd, 4319052.943, 140
Trd, 4319052.993, 139
Trd, 4319054.543, 140
Trd, 4319054.843, 140
Trd, 4319055.993, 140
Trd, 4319056.843, 140
Trd, 4319059.793, 140
Trd, 4319059.993, 140
Trd, 4319060.193, 140
Trd, 4319061.293, 140
Trd, 4319061.543, 140
Trd, 4319062.243, 140
Trd, 4319062.443, 140
Trd, 4319062.693, 140
Trd, 4319064.243, 140
Trd, 4319066.393, 140
Trd, 4319066.493, 140
Trd, 4319066.643, 140
Trd, 4319067.043, 140
Trd, 4319067.143, 139
Trd, 4319067.643, 140
Trd, 4319068.793, 140
Trd, 4319068.943, 108
Trd, 4319069.843, 140
Trd, 4319071.093, 140
Trd, 4319071.543, 140
Trd, 4319073.443, 140
Trd, 4319074.143, 140
Trd, 4319075.093, 140
Trd, 4319077.343, 140
Trd, 4319077.493, 140
Trd, 4319078.943, 140
Trd, 4319081.743, 140
Trd, 4319081.843, 140
Trd, 4319082.643, 140
Trd, 4319083.143, 140
Trd, 4319083.693, 140
Trd, 4319083.943, 140
Trd, 4319084.293, 140
Trd, 4319084.443, 139
Trd, 4319084.793, 139
Trd, 4319084.893, 138
Trd, 4319086.293, 139
Trd, 4319086.993, 133
Trd, 4319088.043, 140
Trd, 4319088.693, 139
Trd, 4319089.393, 140
Trd, 4319089.793, 129
Trd, 4319089.843, 140
Trd, 4319090.193, 140
Trd, 4319090.393, 101
Trd, 4319091.543, 129
Trd, 4319092.993, 61
Trd, 4319093.093, 66
Trd, 4319095.043, 60
Trd, 4319095.943, 60
Trd, 4319096.193, 61
Trd, 4319096.593, 63
Trd, 4319096.993, 63
Trd, 4319097.443, 70
Trd, 4319097.743, 61
Trd, 4319099.593, 60
Trd, 4319100.593, 60
Trd, 4319101.143, 60
Trd, 4319102.293, 60
Trd, 4319103.043, 62
Trd, 4319103.093, 63
Trd, 4319104.243, 60
Trd, 4319104.943, 60
Trd, 4319105.343, 78
Trd, 4319106.043, 132
Trd, 4319107.043, 140
Trd, 4319107.093, 139
Trd, 4319107.793, 60
Trd, 4319108.043, 61
Trd, 4319108.743, 140
Trd, 4319108.943, 140
Trd, 4319110.543, 140
Trd, 4319110.793, 140
Trd, 4319111.793, 140
Trd, 4319111.893, 140
Trd, 4319112.743, 83
Trd, 4319112.843, 72
Trd, 4319113.593, 74
Trd, 4319113.793, 74
Trd, 4319115.093, 134
Trd, 4319116.943, 60
Trd, 4319117.293, 61
Trd, 4319117.393, 62
Trd, 4319118.293, 61
Trd, 4319119.193, 61
Trd, 4319119.343, 139
Trd, 4319120.093, 62
Trd, 4319121.943, 60
Trd, 4319122.243, 61
Trd, 4319122.393, 61
Trd, 4319122.593, 62
Trd, 4319122.693, 60
Trd, 4319123.293, 67
Trd, 4319123.643, 80
Trd, 4319124.043, 133
Trd, 4319125.193, 66
Trd, 4319125.543, 71
Trd, 4319125.893, 64
Trd, 4319126.593, 70
Trd, 4319127.043, 70
Trd, 4319127.343, 60
Trd, 4319128.193, 71
Trd, 4319129.093, 60
Trd, 4319130.893, 60
Trd, 4319131.593, 60
Trd, 4319132.443, 60
Trd, 4319132.493, 62
Trd, 4319133.593, 61
Trd, 4319134.293, 60
Trd, 4319134.443, 60
Trd, 4319134.593, 61
Trd, 4319135.143, 62
Trd, 4319135.243, 61
Trd, 4319135.593, 68
Trd, 4319135.743, 60
Trd, 4319136.693, 60
Trd, 4319137.143, 84
Trd, 4319138.593, 106
Trd, 4319139.243, 137
Trd, 4319139.393, 101
Trd, 4319139.943, 65
Trd, 4319140.843, 66
Trd, 4319141.543, 69
Trd, 4319142.893, 140
Trd, 4319143.243, 139
Trd, 4319144.343, 140
Trd, 4319144.843, 139
Trd, 4319145.193, 138
Trd, 4319145.343, 120
Trd, 4319145.543, 119
Trd, 4319145.893, 70
Trd, 4319147.443, 78
Trd, 4319147.543, 73
Trd, 4319148.193, 74
Trd, 4319148.543, 78
Trd, 4319149.593, 66
Trd, 4319149.693, 140
Trd, 4319150.693, 63
Trd, 4319152.193, 140
Trd, 4319152.593, 140
Trd, 4319152.993, 140
Trd, 4319154.193, 140
Trd, 4319154.293, 139
Trd, 4319154.643, 139
Trd, 4319155.343, 124
Trd, 4319155.893, 62
Trd, 4319157.693, 140
Trd, 4319158.993, 140
Trd, 4319160.943, 140
Trd, 4319161.143, 140
Trd, 4319163.143, 140
Trd, 4319163.443, 140
Trd, 4319163.893, 140
Trd, 4319164.743, 140
Trd, 4319165.993, 140
Trd, 4319166.043, 140
Trd, 4319166.143, 139
Trd, 4319166.893, 140
Trd, 4319167.043, 140
Trd, 4319167.143, 140
Trd, 4319167.543, 140
Trd, 4319167.943, 140
Trd, 4319168.393, 139
Trd, 4319168.893, 124
Trd, 4319169.043, 139
Trd, 4319170.643, 140
Trd, 4319170.893, 140
Trd, 4319170.943, 140
Trd, 4319171.893, 140
Trd, 4319172.043, 110
Trd, 4319173.293, 140
Trd, 4319174.193, 140
Trd, 4319175.993, 140
Trd, 4319177.343, 140
Trd, 4319178.093, 140
Trd, 4319178.743, 140
Trd, 4319179.493, 140
Trd, 4319179.543, 139
Trd, 4319179.943, 137
Trd, 4319181.093, 140
Trd, 4319181.443, 139
Trd, 4319182.743, 135
Trd, 4319182.893, 107
Trd, 4319183.093, 87
Trd, 4319183.143, 135
Trd, 4319184.193, 106
Trd, 4319184.243, 84
Trd, 4319184.593, 139
Trd, 4319185.543, 137
Trd, 4319186.293, 66
Trd, 4319186.693, 76
Trd, 4319187.993, 60
Trd, 4319188.193, 60
Trd, 4319189.193, 60
Trd, 4319189.843, 60
Trd, 4319190.443, 60
Trd, 4319191.793, 60
Trd, 4319191.943, 60
Trd, 4319192.493, 60
Trd, 4319192.893, 60
Trd, 4319192.993, 68
Trd, 4319193.443, 140
Trd, 4319193.943, 120
Trd, 4319194.893, 140
Trd, 4319195.243, 139
Trd, 4319195.393, 140
Trd, 4319196.093, 66
Trd, 4319198.093, 62
Trd, 4319198.293, 60
Trd, 4319199.343, 61
Trd, 4319200.243, 62
Trd, 4319200.643, 62
Trd, 4319200.743, 62
Trd, 4319202.393, 60
Trd, 4319202.693, 60
Trd, 4319203.443, 60
Trd, 4319203.993, 60
Trd, 4319204.743, 60
Trd, 4319204.993, 62
Trd, 4319205.843, 60
Trd, 4319206.243, 63
Trd, 4319206.443, 61
Trd, 4319207.243, 81
Trd, 4319208.193, 140
Trd, 4319208.493, 66
Trd, 4319209.943, 140
Trd, 4319211.143, 140
Trd, 4319212.293, 140
Trd, 4319213.543, 140
Trd, 4319214.243, 140
Trd, 4319214.543, 140
Trd, 4319214.793, 139
Trd, 4319215.043, 139
Trd, 4319215.943, 140
Trd, 4319216.493, 140
Trd, 4319216.643, 125
Trd, 4319217.493, 63
Trd, 4319217.643, 60
Trd, 4319218.143, 64
Trd, 4319218.943, 140
Trd, 4319219.593, 140
Trd, 4319220.343, 137
Trd, 4319222.143, 140
Trd, 4319222.343, 140
Trd, 4319222.943, 139
Trd, 4319223.293, 75
Trd, 4319223.543, 140
Trd, 4319223.993, 140
Trd, 4319227.993, 140
Trd, 4319228.043, 140
Trd, 4319228.643, 140
Trd, 4319229.393, 140
Trd, 4319229.743, 140
Trd, 4319230.293, 140
Trd, 4319230.893, 140
Trd, 4319231.493, 139
Trd, 4319231.893, 140
Trd, 4319231.993, 140
Trd, 4319232.693, 139
Trd, 4319232.793, 139
Trd, 4319233.043, 60
Trd, 4319233.893, 61
Trd, 4319233.943, 62
Trd, 4319235.143, 62
Trd, 4319236.043, 62
Trd, 4319236.343, 62
Trd, 4319237.743, 64
Trd, 4319238.243, 70
Trd, 4319238.393, 63
Trd, 4319238.843, 60
Trd, 4319238.943, 60
Trd, 4319240.343, 65
Trd, 4319240.443, 66
Trd, 4319240.943, 61
Trd, 4319242.793, 60
Trd, 4319244.593, 60
Trd, 4319244.893, 63
Trd, 4319245.193, 66
Trd, 4319245.343, 68
Trd, 4319248.693, 140
Trd, 4319248.943, 140
Trd, 4319248.993, 140
Trd, 4319249.543, 140
Trd, 4319250.893, 140
Trd, 4319251.143, 140
Trd, 4319252.193, 140
Trd, 4319252.443, 140
Trd, 4319252.643, 140
Trd, 4319253.043, 140
Trd, 4319253.093, 139
Trd, 4319254.843, 91
Trd, 4319255.193, 128
Trd, 4319255.243, 127
Trd, 4319255.493, 139
Trd, 4319256.843, 75
Trd, 4319257.993, 60
Trd, 4319258.443, 61
Trd, 4319259.393, 60
Trd, 4319260.893, 60
Trd, 4319262.093, 60
Trd, 4319263.193, 60
Trd, 4319263.593, 60
Trd, 4319263.893, 62
Trd, 4319265.043, 60
Trd, 4319265.793, 60
Trd, 4319266.343, 61
Trd, 4319266.443, 65
Trd, 4319267.993, 61
Trd, 4319268.343, 61
Trd, 4319268.543, 60
Trd, 4319268.693, 60
Trd, 4319269.443, 60
Trd, 4319270.093, 60
Trd, 4319270.543, 61
Trd, 4319271.593, 65
Trd, 4319271.843, 64
Trd, 4319272.643, 62
Trd, 4319273.143, 60
Trd, 4319273.843, 61
Trd, 4319274.443, 64
Trd, 4319278.143, 60
Trd, 4319279.043, 60
Trd, 4319279.543, 60
Trd, 4319279.943, 61
Trd, 4319280.293, 60
Trd, 4319280.343, 68
Trd, 4319280.543, 70
Trd, 4319281.793, 60
Trd, 4319282.293, 60
Trd, 4319282.743, 60
Trd, 4319282.943, 62
Trd, 4319283.593, 64
Trd, 4319283.843, 60
Trd, 4319285.093, 60
Trd, 4319285.193, 61
Trd, 4319287.493, 60
Trd, 4319287.693, 67
Trd, 4319288.243, 65
Trd, 4319288.743, 60
Trd, 4319289.943, 140
Trd, 4319290.743, 140
Trd, 4319291.143, 139
Trd, 4319291.293, 137
Trd, 4319292.393, 69
Trd, 4319293.693, 60
Trd, 4319294.843, 60
Trd, 4319295.393, 64
Trd, 4319295.543, 64
Trd, 4319295.643, 64
Trd, 4319295.793, 68
Trd, 4319296.793, 60
Trd, 4319296.943, 60
Trd, 4319297.093, 60
Trd, 4319298.243, 62
Trd, 4319298.393, 60
Trd, 4319300.743, 63
Trd, 4319300.993, 61
Trd, 4319301.043, 66
Trd, 4319302.093, 137
Trd, 4319302.443, 135
Trd, 4319302.843, 139
Trd, 4319304.093, 140
Trd, 4319304.793, 140
Trd, 4319304.943, 140
Trd, 4319306.993, 140
Trd, 4319307.193, 140
Trd, 4319307.643, 140
Trd, 4319307.943, 140
Trd, 4319308.243, 139
Trd, 4319309.343, 139
Trd, 4319310.743, 140
Trd, 4319311.793, 140
Trd, 4319312.343, 140
Trd, 4319312.793, 140
Trd, 4319314.393, 140
Trd, 4319314.743, 140
Trd, 4319315.093, 140
Trd, 4319315.293, 140
Trd, 4319315.993, 140
Trd, 4319316.043, 116
Trd, 4319317.143, 140
Trd, 4319317.993, 139
Trd, 4319318.243, 108
Trd, 4319318.443, 115
Trd, 4319319.143, 139
Trd, 4319320.143, 139
Trd, 4319321.343, 140
Trd, 4319322.593, 140
Trd, 4319322.793, 140
Trd, 4319322.843, 140
Trd, 4319323.693, 140
Trd, 4319324.943, 140
Trd, 4319325.043, 140
Trd, 4319326.193, 140
Trd, 4319326.493, 140
Trd, 4319327.443, 140
Trd, 4319328.193, 140
Trd, 4319328.843, 140
Trd, 4319329.443, 140
Trd, 4319330.143, 140
Trd, 4319330.993, 140
Trd, 4319331.893, 140
Trd, 4319332.093, 140
Trd, 4319333.093, 140
Trd, 4319333.693, 138
Trd, 4319333.743, 134
Trd, 4319336.443, 140
Trd, 4319338.043, 140
Trd, 4319339.343, 140
Trd, 4319339.393, 140
Trd, 4319339.493, 140
Trd, 4319339.893, 140
Trd, 4319340.443, 139
Trd, 4319340.693, 140
Trd, 4319342.293, 140
Trd, 4319342.443, 140
Trd, 4319342.543, 139
Trd, 4319342.993, 118
Trd, 4319343.493, 138
Trd, 4319344.243, 140
Trd, 4319345.143, 60
Trd, 4319346.093, 61
Trd, 4319346.393, 65
Trd, 4319346.543, 63
Trd, 4319346.593, 135
Trd, 4319347.093, 138
Trd, 4319347.393, 60
Trd, 4319348.443, 138
Trd, 4319350.493, 140
Trd, 4319351.343, 140
Trd, 4319352.643, 140
Trd, 4319352.843, 140
Trd, 4319352.893, 140
Trd, 4319353.293, 140
Trd, 4319354.943, 140
Trd, 4319355.043, 140
Trd, 4319355.143, 139
Trd, 4319357.443, 140
Trd, 4319358.043, 140
Trd, 4319359.193, 139
Trd, 4319360.043, 140
Trd, 4319361.193, 140
Trd, 4319361.843, 140
Trd, 4319362.143, 140
Trd, 4319362.843, 140
Trd, 4319363.043, 140
Trd, 4319363.243, 139
Trd, 4319364.893, 140
Trd, 4319365.343, 140
Trd, 4319365.493, 140
Trd, 4319366.793, 135
Trd, 4319369.743, 140
Trd, 4319370.693, 140
Trd, 4319371.443, 140
Trd, 4319371.943, 140
Trd, 4319373.093, 140
Trd, 4319373.743, 140
Trd, 4319374.343, 140
Trd, 4319375.943, 140
Trd, 4319376.843, 140
Trd, 4319376.893, 140
Trd, 4319377.243, 140
Trd, 4319377.343, 140
Trd, 4319378.143, 139
Trd, 4319378.743, 71
Trd, 4319380.643, 140
Trd, 4319381.043, 140
Trd, 4319381.293, 140
Trd, 4319382.093, 140
Trd, 4319383.193, 140
Trd, 4319383.243, 140
Trd, 4319383.693, 139
Trd, 4319384.193, 60
Trd, 4319385.093, 139
Trd, 4319385.193, 128
Trd, 4319386.043, 139
Trd, 4319387.843, 140
Trd, 4319389.993, 140
Trd, 4319390.743, 140
Trd, 4319391.093, 137
Trd, 4319392.893, 140
Trd, 4319392.993, 140
Trd, 4319393.493, 139
Trd, 4319393.793, 140
Trd, 4319395.493, 140
Trd, 4319396.293, 140
Trd, 4319396.993, 140
Trd, 4319398.043, 140
Trd, 4319398.843, 140
Trd, 4319398.893, 140
Trd, 4319398.943, 138
Trd, 4319399.543, 140
Trd, 4319399.693, 140
Trd, 4319399.993, 136
Trd, 4319400.543, 61
Trd, 4319400.643, 62
Trd, 4319400.943, 74
Trd, 4319402.193, 60
Trd, 4319402.993, 63
Trd, 4319403.543, 70
Trd, 4319405.093, 140
Trd, 4319405.393, 139
Trd, 4319405.893, 69
Trd, 4319406.643, 67
Trd, 4319406.993, 101
Trd, 4319407.293, 100
Trd, 4319407.343, 79
Trd, 4319408.093, 132
Trd, 4319409.493, 140
Trd, 4319409.543, 140
Trd, 4319410.493, 140
Trd, 4319412.243, 140
Trd, 4319413.493, 140
Trd, 4319413.893, 140
Trd, 4319414.893, 140
Trd, 4319415.093, 140
Trd, 4319415.393, 140
Trd, 4319416.593, 140
Trd, 4319418.543, 140
Trd, 4319418.693, 140
Trd, 4319418.893, 140
Trd, 4319419.143, 139
Trd, 4319420.243, 140
Trd, 4319421.343, 140
Trd, 4319422.643, 140
Trd, 4319423.243, 140
Trd, 4319423.543, 139
Trd, 4319424.493, 140
Trd, 4319424.993, 140
Trd, 4319426.243, 138
Trd, 4319426.543, 97
Trd, 4319426.893, 92
Trd, 4319427.243, 134
Trd, 4319428.543, 140
Trd, 4319428.743, 140
Trd, 4319429.343, 140
Trd, 4319430.893, 140
Trd, 4319431.493, 140
Trd, 4319432.143, 140
Trd, 4319432.493, 140
Trd, 4319432.543, 139
Trd, 4319433.093, 60
Trd, 4319434.143, 60
Trd, 4319436.193, 60
Trd, 4319436.243, 61
Trd, 4319436.593, 62
Trd, 4319437.593, 62
Trd, 4319437.843, 139
Trd, 4319438.493, 74
Trd, 4319438.843, 76
Trd, 4319439.743, 74
Trd, 4319440.343, 69
Trd, 4319441.393, 72
Trd, 4319442.243, 140
Trd, 4319442.943, 140
Trd, 4319443.243, 140
Trd, 4319444.593, 140
Trd, 4319444.693, 140
Trd, 4319445.243, 140
Trd, 4319445.843, 139
Trd, 4319446.343, 140
Trd, 4319446.843, 140
Trd, 4319447.193, 140
Trd, 4319448.193, 140
Trd, 4319449.393, 140
Trd, 4319450.093, 140
Trd, 4319450.943, 140
Trd, 4319452.393, 140
Trd, 4319453.243, 140
Trd, 4319454.243, 140
Trd, 4319454.293, 140
Trd, 4319454.993, 140
Trd, 4319455.093, 140
Trd, 4319456.593, 140
Trd, 4319457.443, 140
Trd, 4319458.993, 140
Trd, 4319459.743, 140
Trd, 4319459.893, 140
Trd, 4319460.343, 140
Trd, 4319460.493, 139
Trd, 4319461.693, 64
Trd, 4319462.943, 140
Trd, 4319463.293, 139
Trd, 4319464.243, 140
Trd, 4319465.243, 140
Trd, 4319467.193, 140
Trd, 4319467.643, 140
Trd, 4319467.793, 140
Trd, 4319468.093, 139
Trd, 4319468.243, 139
Trd, 4319468.293, 138
Trd, 4319468.693, 120
Trd, 4319469.043, 139
Trd, 4319469.793, 139
Trd, 4319470.843, 139
Trd, 4319471.193, 138
Trd, 4319473.093, 140
Trd, 4319474.543, 140
Trd, 4319474.943, 140
Trd, 4319475.143, 140
Trd, 4319475.293, 139
Trd, 4319475.943, 139
Trd, 4319477.443, 140
Trd, 4319477.993, 140
Trd, 4319478.143, 140
Trd, 4319478.493, 139
Trd, 4319478.743, 139
Trd, 4319478.993, 80
Trd, 4319480.243, 64
Trd, 4319480.343, 65
Trd, 4319480.793, 65
Trd, 4319481.793, 60
Trd, 4319482.493, 60
Trd, 4319484.143, 60
Trd, 4319484.793, 60
Trd, 4319484.843, 61
Trd, 4319485.193, 63
Trd, 4319485.993, 64
Trd, 4319486.643, 67
Trd, 4319486.943, 60
Trd, 4319487.293, 61
Trd, 4319489.293, 60
Trd, 4319489.743, 60
Trd, 4319489.943, 60
Trd, 4319490.593, 60
Trd, 4319491.093, 60
Trd, 4319491.193, 62
Trd, 4319491.493, 63
Trd, 4319491.843, 64
Trd, 4319492.343, 94
Trd, 4319494.443, 102
Trd, 4319494.993, 87
Trd, 4319495.893, 60
Trd, 4319495.943, 60
Trd, 4319497.493, 60
Trd, 4319497.543, 60
Trd, 4319498.243, 60
Trd, 4319499.493, 60
Trd, 4319500.443, 60
Trd, 4319500.543, 60
Trd, 4319501.293, 60
Trd, 4319502.143, 61
Trd, 4319502.443, 60
Trd, 4319503.393, 60
Trd, 4319504.143, 61
Trd, 4319504.993, 60
Trd, 4319505.593, 60
Trd, 4319505.893, 60
Trd, 4319506.943, 60
Trd, 4319507.793, 60
Trd, 4319508.093, 60
Trd, 4319508.293, 68
Trd, 4319508.593, 60
Trd, 4319509.393, 60
Trd, 4319510.443, 62
Trd, 4319511.293, 63
Trd, 4319511.593, 62
Trd, 4319512.193, 61
Trd, 4319512.243, 61
Trd, 4319512.393, 84
Trd, 4319513.843, 64
Trd, 4319514.093, 62
Trd, 4319516.143, 63
Trd, 4319516.443, 65
Trd, 4319516.793, 65
Trd, 4319517.443, 64
Trd, 4319518.043, 65
Trd, 4319518.993, 70
Trd, 4319519.193, 138
Trd, 4319521.143, 67
Trd, 4319521.193, 68
Trd, 4319522.693, 60
Trd, 4319522.893, 60
Trd, 4319524.343, 60
Trd, 4319524.493, 60
Trd, 4319524.693, 61
Trd, 4319524.993, 63
Trd, 4319525.493, 60
Trd, 4319525.893, 61
Trd, 4319527.043, 60
Trd, 4319528.593, 60
Trd, 4319528.693, 62
Trd, 4319529.193, 75
Trd, 4319529.493, 60
Trd, 4319530.493, 67
Trd, 4319530.693, 62
Trd, 4319530.893, 67
Trd, 4319532.043, 60
Trd, 4319532.393, 60
Trd, 4319532.493, 60
Trd, 4319533.293, 140
Trd, 4319533.393, 140
Trd, 4319534.243, 140
Trd, 4319534.643, 140
Trd, 4319535.393, 60
Trd, 4319535.893, 61
Trd, 4319536.393, 63
Trd, 4319536.943, 140
Trd, 4319537.143, 140
Trd, 4319537.743, 61
Trd, 4319538.393, 71
Trd, 4319539.693, 64
Trd, 4319540.793, 60
Trd, 4319541.693, 60
Trd, 4319541.743, 60
Trd, 4319543.093, 60
Trd, 4319543.243, 62
Trd, 4319543.543, 71
Trd, 4319543.743, 87
Trd, 4319544.593, 140
Trd, 4319545.643, 140
Trd, 4319546.593, 140
Trd, 4319546.793, 140
Trd, 4319546.893, 140
Trd, 4319548.293, 117
Trd, 4319550.543, 140
Trd, 4319551.793, 140
Trd, 4319551.843, 140
Trd, 4319551.893, 140
Trd, 4319553.343, 140
Trd, 4319554.843, 140
Trd, 4319554.893, 140
Trd, 4319555.493, 140
Trd, 4319555.993, 137
Trd, 4319557.043, 140
Trd, 4319558.493, 140
Trd, 4319559.043, 139
Trd, 4319561.193, 140
Trd, 4319561.293, 140
Trd, 4319561.393, 140
Trd, 4319562.143, 139
Trd, 4319563.043, 140
Trd, 4319563.093, 139
Trd, 4319564.043, 123
Trd, 4319564.193, 100
Trd, 4319565.193, 88
Trd, 4319565.493, 136
Trd, 4319566.093, 135
Trd, 4319568.693, 140
Trd, 4319568.893, 140
Trd, 4319569.243, 140
Trd, 4319570.243, 140
Trd, 4319571.343, 140
Trd, 4319571.943, 140
Trd, 4319572.593, 140
Trd, 4319573.293, 140
Trd, 4319573.593, 135
Trd, 4319575.193, 61
Trd, 4319575.293, 62
Trd, 4319576.443, 60
Trd, 4319577.443, 60
Trd, 4319577.743, 62
Trd, 4319578.343, 62
Trd, 4319578.643, 68
Trd, 4319578.943, 62
Trd, 4319579.893, 140
Trd, 4319580.643, 62
Trd, 4319580.793, 63
Trd, 4319580.843, 69
Trd, 4319581.543, 140
Trd, 4319582.493, 140
Trd, 4319582.943, 139
Trd, 4319583.543, 122
Trd, 4319584.693, 97
Trd, 4319585.593, 94
Trd, 4319586.793, 140
Trd, 4319587.143, 140
Trd, 4319587.193, 139
Trd, 4319588.593, 140
Trd, 4319589.693, 140
Trd, 4319591.143, 140
Trd, 4319591.543, 140
Trd, 4319591.743, 140
Trd, 4319592.243, 140
Trd, 4319592.343, 139
Trd, 4319592.843, 140
Trd, 4319594.043, 121
Trd, 4319594.793, 140
Trd, 4319595.193, 139
Trd, 4319597.393, 140
Trd, 4319597.743, 140
Trd, 4319597.993, 140
Trd, 4319598.943, 140
Trd, 4319599.493, 140
Trd, 4319600.643, 140
Trd, 4319602.143, 140
Trd, 4319602.743, 140
Trd, 4319603.043, 140
Trd, 4319603.893, 140
Trd, 4319604.643, 140
Trd, 4319605.393, 140
Trd, 4319607.043, 140
Trd, 4319607.543, 140
Trd, 4319607.693, 140
Trd, 4319607.793, 140
Trd, 4319608.293, 140
Trd, 4319608.393, 139
Trd, 4319608.493, 112
Trd, 4319608.843, 91
Trd, 4319609.993, 140
Trd, 4319610.393, 139
Trd, 4319612.293, 140
Trd, 4319614.243, 140
Trd, 4319614.343, 140
Trd, 4319614.793, 140
Trd, 4319615.543, 140
Trd, 4319616.143, 140
Trd, 4319616.593, 140
Trd, 4319616.693, 139
Trd, 4319616.743, 101
Trd, 4319616.943, 140
Trd, 4319617.593, 138
Trd, 4319618.143, 67
Trd, 4319618.993, 60
Trd, 4319619.393, 60
Trd, 4319620.093, 60
Trd, 4319622.193, 60
Trd, 4319623.793, 60
Trd, 4319623.843, 60
Trd, 4319623.993, 60
Trd, 4319624.143, 61
Trd, 4319624.243, 62
Trd, 4319624.843, 63
Trd, 4319625.443, 64
Trd, 4319625.993, 64
Trd, 4319626.443, 74
Trd, 4319626.493, 75
Trd, 4319627.093, 140
Trd, 4319628.843, 69
Trd, 4319629.543, 61
Trd, 4319630.243, 60
Trd, 4319630.443, 64
Trd, 4319631.843, 90
Trd, 4319633.143, 60
Trd, 4319633.393, 60
Trd, 4319633.493, 60
Trd, 4319636.093, 60
Trd, 4319636.593, 60
Trd, 4319637.093, 60
Trd, 4319637.443, 63
Trd, 4319638.243, 60
Trd, 4319638.793, 60
Trd, 4319639.643, 62
Trd, 4319640.343, 62
Trd, 4319640.593, 69
Trd, 4319641.443, 140
Trd, 4319641.743, 69
Trd, 4319643.743, 140
Trd, 4319644.243, 140
Trd, 4319644.843, 140
Trd, 4319645.743, 140
Trd, 4319647.143, 140
Trd, 4319647.393, 140
Trd, 4319648.043, 140
Trd, 4319649.043, 140
Trd, 4319650.443, 140
Trd, 4319650.643, 140
Trd, 4319650.793, 140
Trd, 4319650.893, 140
Trd, 4319651.443, 140
Trd, 4319651.893, 140
Trd, 4319652.043, 140
Trd, 4319652.193, 139
Trd, 4319654.843, 136
Trd, 4319654.943, 135
Trd, 4319655.543, 140
Trd, 4319656.143, 139
Trd, 4319658.243, 139
Trd, 4319658.443, 138
Trd, 4319660.093, 140
Trd, 4319661.243, 140
Trd, 4319661.443, 140
Trd, 4319661.993, 140
Trd, 4319662.343, 139
Trd, 4319662.643, 138
Trd, 4319662.943, 138
Trd, 4319663.093, 109
Trd, 4319663.443, 139
Trd, 4319666.193, 140
Trd, 4319666.243, 140
Trd, 4319666.343, 138
Trd, 4319666.643, 140
Trd, 4319667.343, 62
Trd, 4319668.543, 140
Trd, 4319669.443, 140
Trd, 4319669.643, 139
Trd, 4319670.243, 140
Trd, 4319670.943, 140
Trd, 4319671.243, 140
Trd, 4319672.093, 131
Trd, 4319673.943, 140
Trd, 4319675.043, 140
Trd, 4319675.543, 140
Trd, 4319675.843, 140
Trd, 4319677.443, 140
Trd, 4319679.493, 140
Trd, 4319679.743, 140
Trd, 4319681.243, 140
Trd, 4319681.393, 140
Trd, 4319681.993, 140
Trd, 4319682.693, 140
Trd, 4319682.943, 140
Trd, 4319683.343, 140
Trd, 4319683.493, 140
Trd, 4319684.493, 140
Trd, 4319684.593, 138
Trd, 4319685.193, 138
Trd, 4319685.943, 140
Trd, 4319686.443, 140
Trd, 4319687.493, 140
Trd, 4319688.443, 140
Trd, 4319688.593, 140
Trd, 4319690.593, 140
Trd, 4319691.093, 140
Trd, 4319691.443, 140
Trd, 4319691.743, 81
Trd, 4319693.843, 140
Trd, 4319694.143, 140
Trd, 4319694.643, 139
Trd, 4319695.743, 140
Trd, 4319697.343, 140
Trd, 4319698.943, 140
Trd, 4319699.043, 140
Trd, 4319699.893, 140
Trd, 4319700.043, 140
Trd, 4319701.443, 140
Trd, 4319701.643, 140
Trd, 4319702.393, 140
Trd, 4319703.593, 140
Trd, 4319703.643, 140
Trd, 4319704.043, 140
Trd, 4319704.343, 140
Trd, 4319704.493, 139
Trd, 4319704.743, 137
Trd, 4319705.393, 140
Trd, 4319706.593, 83
Trd, 4319706.993, 83
Trd, 4319709.693, 140
Trd, 4319709.793, 140
Trd, 4319710.843, 140
Trd, 4319711.193, 140
Trd, 4319711.793, 140
Trd, 4319711.993, 140
Trd, 4319713.143, 140
Trd, 4319713.593, 140
Trd, 4319714.043, 140
Trd, 4319714.243, 137
Trd, 4319715.543, 137
Trd, 4319715.643, 135
Trd, 4319716.343, 119
Trd, 4319716.493, 118
Trd, 4319716.993, 62
Trd, 4319718.893, 140
Trd, 4319720.243, 140
Trd, 4319720.993, 140
Trd, 4319721.193, 140
Trd, 4319722.393, 140
Trd, 4319722.443, 140
Trd, 4319722.943, 140
Trd, 4319725.093, 140
Trd, 4319726.193, 140
Trd, 4319727.293, 140
Trd, 4319727.843, 140
Trd, 4319728.593, 140
Trd, 4319729.893, 140
Trd, 4319729.993, 140
Trd, 4319730.443, 140
Trd, 4319730.843, 140
Trd, 4319731.093, 139
Trd, 4319731.743, 140
Trd, 4319731.793, 140
Trd, 4319732.643, 139
Trd, 4319732.993, 135
Trd, 4319733.693, 133
Trd, 4319734.493, 91
Trd, 4319736.843, 140
Trd, 4319737.993, 140
Trd, 4319738.693, 140
Trd, 4319739.293, 140
Trd, 4319739.843, 140
Trd, 4319739.893, 140
Trd, 4319740.693, 138
Trd, 4319742.143, 140
Trd, 4319742.693, 139
Trd, 4319743.493, 140
Trd, 4319744.793, 140
Trd, 4319745.393, 140
Trd, 4319745.593, 140
Trd, 4319746.143, 140
Trd, 4319747.093, 140
Trd, 4319747.743, 140
Trd, 4319749.043, 140
Trd, 4319749.093, 140
Trd, 4319749.793, 140
Trd, 4319750.043, 140
Trd, 4319750.293, 140
Trd, 4319750.643, 96
Trd, 4319751.693, 140
Trd, 4319752.543, 140
Trd, 4319752.843, 140
Trd, 4319753.493, 81
Trd, 4319754.143, 140
Trd, 4319755.093, 140
Trd, 4319756.293, 140
Trd, 4319756.343, 139
Trd, 4319757.343, 140
Trd, 4319758.043, 140
Trd, 4319758.793, 140
Trd, 4319759.443, 140
Trd, 4319759.993, 140
Trd, 4319761.393, 140
Trd, 4319762.243, 140
Trd, 4319762.293, 138
Trd, 4319762.543, 111
Trd, 4319763.293, 140
Trd, 4319763.993, 70
Trd, 4319764.593, 140
Trd, 4319765.243, 64
Trd, 4319768.293, 140
Trd, 4319768.493, 140
Trd, 4319769.043, 138
Trd, 4319769.893, 140
Trd, 4319769.943, 140
Trd, 4319770.993, 137
Trd, 4319771.693, 137
Trd, 4319772.343, 60
Trd, 4319772.843, 60
Trd, 4319773.543, 139
Trd, 4319774.043, 122
Trd, 4319774.393, 139
Trd, 4319776.243, 61
Trd, 4319776.443, 64
Trd, 4319777.543, 140
Trd, 4319777.643, 140
Trd, 4319778.193, 140
Trd, 4319778.643, 77
Trd, 4319779.443, 140
Trd, 4319780.393, 83
Trd, 4319780.693, 140
Trd, 4319781.843, 140
Trd, 4319782.593, 140
Trd, 4319782.743, 140
Trd, 4319783.343, 140
Trd, 4319784.593, 140
Trd, 4319785.693, 140
Trd, 4319786.843, 140
Trd, 4319788.093, 140
Trd, 4319788.143, 140
Trd, 4319788.243, 140
Trd, 4319790.043, 140
Trd, 4319790.293, 140
Trd, 4319791.643, 140
Trd, 4319792.543, 140
Trd, 4319793.893, 140
Trd, 4319795.343, 140
Trd, 4319796.393, 140
Trd, 4319796.743, 140
Trd, 4319796.893, 140
Trd, 4319797.393, 136
Trd, 4319797.693, 96
Trd, 4319798.693, 138
Trd, 4319799.093, 139
Trd, 4319799.343, 136
Trd, 4319799.593, 135
Trd, 4319800.193, 135
Trd, 4319800.243, 73
Trd, 4319801.343, 71
Trd, 4319802.493, 140
Trd, 4319805.443, 140
Trd, 4319805.743, 140
Trd, 4319805.893, 140
Trd, 4319806.643, 140
Trd, 4319806.893, 140
Trd, 4319807.343, 138
Trd, 4319807.743, 140
Trd, 4319808.493, 140
Trd, 4319809.343, 140
Trd, 4319809.893, 140
Trd, 4319809.943, 140
Trd, 4319810.343, 139
Trd, 4319811.693, 140
Trd, 4319812.043, 139
Trd, 4319813.093, 140
Trd, 4319813.643, 140
Trd, 4319814.243, 140
Trd, 4319814.543, 138
Trd, 4319814.893, 137
Trd, 4319815.143, 94
Trd, 4319816.943, 140
Trd, 4319817.193, 139
Trd, 4319817.493, 139
Trd, 4319817.743, 130
Trd, 4319818.243, 130
Trd, 4319820.343, 140
Trd, 4319820.543, 140
Trd, 4319821.643, 140
Trd, 4319821.743, 140
Trd, 4319821.993, 139
Trd, 4319822.193, 104
Trd, 4319824.343, 140
Trd, 4319824.393, 140
Trd, 4319824.543, 138
Trd, 4319825.743, 140
Trd, 4319826.843, 136
Trd, 4319828.093, 137
Trd, 4319828.593, 139
Trd, 4319829.043, 124
Trd, 4319829.293, 135
Trd, 4319830.493, 138
Trd, 4319830.593, 139
Trd, 4319830.793, 103
Trd, 4319833.143, 140
Trd, 4319833.443, 140
Trd, 4319833.643, 140
Trd, 4319834.743, 140
Trd, 4319835.643, 81
Trd, 4319836.443, 140
Trd, 4319836.593, 134
Trd, 4319837.943, 140
Trd, 4319839.593, 140
Trd, 4319839.993, 140
Trd, 4319840.893, 140
Trd, 4319840.943, 140
Trd, 4319841.293, 140
Trd, 4319842.143, 129
Trd, 4319842.943, 139
Trd, 4319843.893, 140
Trd, 4319844.893, 140
Trd, 4319845.293, 140
Trd, 4319845.493, 139
Trd, 4319846.293, 140
Trd, 4319847.093, 140
Trd, 4319847.393, 96
Trd, 4319849.093, 140
Trd, 4319849.443, 140
Trd, 4319850.343, 140
Trd, 4319851.643, 140
Trd, 4319852.793, 140
Trd, 4319853.443, 140
Trd, 4319853.643, 140
Trd, 4319854.243, 140
Trd, 4319855.243, 108
Trd, 4319855.493, 108
Trd, 4319855.643, 101
Trd, 4319856.393, 139
Trd, 4319857.643, 140
Trd, 4319858.843, 140
Trd, 4319859.743, 140
Trd, 4319860.343, 140
Trd, 4319861.943, 140
Trd, 4319862.093, 139
Trd, 4319863.393, 140
Trd, 4319864.693, 140
Trd, 4319864.993, 140
Trd, 4319865.343, 140
Trd, 4319866.093, 64
Trd, 4319866.493, 140
Trd, 4319867.193, 88
Trd, 4319867.793, 62
Trd, 4319868.493, 118
Trd, 4319868.943, 118
Trd, 4319869.193, 119
Trd, 4319870.143, 60
Trd, 4319872.143, 60
Trd, 4319872.293, 61
Trd, 4319872.993, 60
Trd, 4319873.343, 61
Trd, 4319873.693, 60
Trd, 4319873.943, 60
Trd, 4319875.893, 60
Trd, 4319876.943, 61
Trd, 4319876.993, 61
Trd, 4319877.193, 62
Trd, 4319877.493, 60
Trd, 4319877.543, 62
Trd, 4319879.243, 60
Trd, 4319879.543, 61
Trd, 4319879.593, 64
Trd, 4319880.243, 60
Trd, 4319881.543, 140
Trd, 4319881.993, 140
Trd, 4319882.593, 136
Trd, 4319883.393, 60
Trd, 4319884.043, 62
Trd, 4319884.593, 63
Trd, 4319885.293, 60
Trd, 4319885.793, 60
Trd, 4319885.943, 61
Trd, 4319886.193, 61
Trd, 4319886.643, 62
Trd, 4319887.643, 62
Trd, 4319888.243, 68
Trd, 4319889.593, 63
Trd, 4319889.693, 64
Trd, 4319889.893, 65
Trd, 4319890.443, 62
Trd, 4319891.843, 66
Trd, 4319892.043, 64
Trd, 4319892.443, 73
Trd, 4319894.193, 60
Trd, 4319894.443, 60
Trd, 4319895.143, 65
Trd, 4319895.443, 74
Trd, 4319895.543, 75
Trd, 4319896.543, 94
Trd, 4319896.693, 112
Trd, 4319897.393, 61
Trd, 4319898.293, 140
Trd, 4319898.793, 140
Trd, 4319899.443, 140
Trd, 4319900.343, 140
Trd, 4319900.743, 140
Trd, 4319902.293, 140
Trd, 4319902.993, 140
Trd, 4319903.493, 140
Trd, 4319904.693, 140
Trd, 4319904.943, 140
Trd, 4319905.293, 140
Trd, 4319906.943, 140
Trd, 4319908.193, 140
Trd, 4319908.643, 140
Trd, 4319908.743, 140
Trd, 4319910.793, 140
Trd, 4319911.743, 140
Trd, 4319912.343, 140
Trd, 4319913.193, 140
Trd, 4319913.793, 140
Trd, 4319914.493, 139
Trd, 4319914.743, 139
Trd, 4319915.143, 140
Trd, 4319916.743, 140
Trd, 4319916.843, 140
Trd, 4319916.943, 117
Trd, 4319918.543, 140
Trd, 4319918.993, 140
Trd, 4319919.993, 140
Trd, 4319920.693, 140
Trd, 4319921.043, 140
Trd, 4319921.543, 140
Trd, 4319922.543, 140
Trd, 4319923.293, 140
Trd, 4319924.393, 140
Trd, 4319925.393, 140
Trd, 4319926.043, 139
Trd, 4319928.893, 140
Trd, 4319929.093, 140
Trd, 4319929.493, 140
Trd, 4319930.093, 140
Trd, 4319930.293, 140
Trd, 4319930.443, 140
Trd, 4319931.293, 140
Trd, 4319932.543, 140
Trd, 4319932.743, 140
Trd, 4319934.293, 140
Trd, 4319935.193, 140
Trd, 4319935.243, 140
Trd, 4319937.343, 140
Trd, 4319937.693, 140
Trd, 4319938.543, 138
Trd, 4319939.443, 140
Trd, 4319939.893, 140
Trd, 4319940.143, 140
Trd, 4319941.943, 139
Trd, 4319942.793, 140
Trd, 4319944.093, 139
Trd, 4319944.343, 139
Trd, 4319944.893, 88
Trd, 4319945.893, 140
Trd, 4319947.393, 140
Trd, 4319948.243, 140
Trd, 4319948.293, 140
Trd, 4319948.693, 140
Trd, 4319948.793, 139
Trd, 4319949.193, 136
Trd, 4319949.793, 138
Trd, 4319950.993, 112
Trd, 4319951.693, 140
Trd, 4319953.243, 140
Trd, 4319954.443, 140
Trd, 4319954.743, 140
Trd, 4319954.993, 140
Trd, 4319956.193, 140
Trd, 4319957.193, 140
Trd, 4319957.243, 139
Trd, 4319958.243, 61
Trd, 4319958.343, 62
Trd, 4319959.443, 139
Trd, 4319960.093, 140
Trd, 4319960.943, 140
Trd, 4319961.443, 139
Trd, 4319962.593, 140
Trd, 4319963.293, 140
Trd, 4319963.443, 140
Trd, 4319964.343, 140
Trd, 4319965.093, 140
Trd, 4319965.393, 140
Trd, 4319967.443, 140
Trd, 4319967.893, 140
Trd, 4319968.593, 139
Trd, 4319968.943, 139
Trd, 4319970.443, 140
Trd, 4319971.093, 140
Trd, 4319972.593, 140
Trd, 4319972.893, 140
Trd, 4319973.193, 140
Trd, 4319974.343, 140
Trd, 4319975.043, 140
Trd, 4319975.243, 140
Trd, 4319975.593, 140
Trd, 4319975.793, 140
Trd, 4319975.893, 140
Trd, 4319975.943, 140
Trd, 4319976.593, 62
Trd, 4319978.043, 72
Trd, 4319978.143, 73
Trd, 4319979.443, 60
Trd, 4319980.143, 61
Trd, 4319980.193, 73
Trd, 4319980.543, 98
Trd, 4319981.543, 62
Trd, 4319982.343, 60
Trd, 4319982.743, 61
Trd, 4319982.943, 61
Trd, 4319983.343, 79
Trd, 4319983.843, 140
Trd, 4319984.243, 93
Trd, 4319986.393, 140
Trd, 4319986.993, 140
Trd, 4319987.093, 140
Trd, 4319987.593, 140
Trd, 4319988.043, 112
Trd, 4319989.743, 140
Trd, 4319991.543, 140
Trd, 4319991.643, 140
Trd, 4319992.543, 140
Trd, 4319994.043, 140
Trd, 4319995.693, 140
Trd, 4319995.793, 140
Trd, 4319996.793, 139
Trd, 4319997.543, 140
Trd, 4319997.943, 140
Trd, 4319997.993, 140
Trd, 4319998.693, 140
