Trd, 4318133.843, 117
Trd, 4318134.393, 95
Trd, 4318135.293, 88
Trd, 4318135.693, 99
Trd, 4318136.643, 83
Trd, 4318137.493, 88
Trd, 4318138.543, 129
Trd, 4318139.043, 90
Trd, 4318139.493, 97
Trd, 4318139.843, 108
Trd, 4318140.693, 85
Trd, 4318141.593, 82
Trd, 4318141.643, 63
Trd, 4318141.993, 88
Trd, 4318142.693, 115
Trd, 4318143.193, 70
Trd, 4318144.043, 83
Trd, 4318144.843, 75
Trd, 4318145.743, 80
Trd, 4318146.193, 75
Trd, 4318148.443, 95
Trd, 4318148.993, 109
Trd, 4318149.293, 82
Trd, 4318149.593, 124
Trd, 4318149.643, 99
Trd, 4318150.543, 79
Trd, 4318151.493, 60
Trd, 4318151.893, 109
Trd, 4318152.743, 140
Trd, 4318152.793, 128
Trd, 4318154.243, 99
Trd, 4318154.543, 90
Trd, 4318155.043, 77
Trd, 4318155.293, 79
Trd, 4318155.343, 62
Trd, 4318156.093, 119
Trd, 4318157.043, 103
Trd, 4318160.243, 71
Trd, 4318160.643, 116
Trd, 4318161.093, 128
Trd, 4318161.193, 118
Trd, 4318162.643, 138
Trd, 4318164.093, 129
Trd, 4318165.293, 139
Trd, 4318165.643, 102
Trd, 4318166.093, 99
Trd, 4318166.593, 99
Trd, 4318167.243, 88
Trd, 4318167.643, 133
Trd, 4318169.593, 60
Trd, 4318169.993, 64
Trd, 4318170.493, 90
Trd, 4318172.093, 126
Trd, 4318172.943, 126
Trd, 4318173.393, 119
Trd, 4318173.643, 118
Trd, 4318173.893, 103
Trd, 4318174.743, 99
Trd, 4318174.943, 88
Trd, 4318175.293, 77
Trd, 4318177.343, 99
Trd, 4318177.743, 137
Trd, 4318178.143, 122
Trd, 4318179.993, 82
Trd, 4318180.443, 125
Trd, 4318181.243, 93
Trd, 4318181.693, 140
Trd, 4318182.443, 139
Trd, 4318183.543, 128
Trd, 4318184.193, 119
Trd, 4318184.393, 108
Trd, 4318184.943, 98
Trd, 4318184.993, 94
Trd, 4318186.093, 134
Trd, 4318186.643, 134
Trd, 4318186.993, 104
Trd, 4318187.693, 127
Trd, 4318188.093, 131
Trd, 4318188.993, 110
Trd, 4318189.343, 91
Trd, 4318189.543, 62
Trd, 4318190.793, 125
Trd, 4318191.793, 119
Trd, 4318192.693, 130
Trd, 4318193.093, 103
Trd, 4318193.543, 90
Trd, 4318193.793, 60
Trd, 4318193.943, 133
Trd, 4318194.393, 129
Trd, 4318195.843, 137
Trd, 4318198.043, 93
Trd, 4318198.443, 90
Trd, 4318199.543, 99
Trd, 4318199.843, 104
Trd, 4318200.793, 132
Trd, 4318201.343, 85
Trd, 4318202.243, 122
Trd, 4318202.693, 126
Trd, 4318203.593, 119
Trd, 4318203.893, 113
Trd, 4318204.843, 81
Trd, 4318205.293, 78
Trd, 4318206.343, 87
Trd, 4318206.693, 114
Trd, 4318208.493, 113
Trd, 4318209.493, 100
Trd, 4318210.693, 99
Trd, 4318211.293, 123
Trd, 4318211.393, 119
Trd, 4318211.693, 118
Trd, 4318213.243, 139
Trd, 4318213.543, 112
Trd, 4318213.943, 125
Trd, 4318214.193, 109
Trd, 4318214.243, 89
Trd, 4318215.143, 140
Trd, 4318217.643, 107
Trd, 4318217.993, 113
Trd, 4318218.543, 130
Trd, 4318218.643, 124
Trd, 4318218.893, 104
Trd, 4318219.143, 127
Trd, 4318220.893, 102
Trd, 4318222.443, 82
Trd, 4318222.643, 86
Trd, 4318222.693, 80
Trd, 4318222.893, 65
Trd, 4318224.993, 138
Trd, 4318225.743, 129
Trd, 4318225.993, 129
Trd, 4318227.593, 138
Trd, 4318229.093, 113
Trd, 4318229.593, 112
Trd, 4318229.643, 100
Trd, 4318230.393, 126
Trd, 4318230.543, 128
Trd, 4318230.793, 121
Trd, 4318230.993, 117
Trd, 4318232.043, 131
Trd, 4318232.893, 114
Trd, 4318233.143, 135
Trd, 4318233.593, 127
Trd, 4318233.943, 113
Trd, 4318234.393, 110
Trd, 4318234.443, 105
Trd, 4318235.693, 93
Trd, 4318235.843, 121
Trd, 4318236.543, 127
Trd, 4318237.243, 92
Trd, 4318237.843, 86
Trd, 4318239.293, 137
Trd, 4318240.093, 133
Trd, 4318240.193, 138
Trd, 4318240.943, 114
Trd, 4318241.643, 103
Trd, 4318242.843, 108
Trd, 4318243.243, 131
Trd, 4318243.393, 105
Trd, 4318243.643, 85
Trd, 4318243.893, 98
Trd, 4318245.193, 77
Trd, 4318245.293, 129
Trd, 4318246.593, 66
Trd, 4318248.043, 124
Trd, 4318248.393, 111
Trd, 4318248.843, 107
Trd, 4318248.893, 64
Trd, 4318249.643, 112
Trd, 4318250.143, 123
Trd, 4318251.393, 135
Trd, 4318251.643, 117
Trd, 4318252.043, 101
Trd, 4318252.593, 90
Trd, 4318253.043, 69
Trd, 4318253.993, 98
Trd, 4318254.543, 107
Trd, 4318255.043, 133
Trd, 4318256.093, 70
Trd, 4318257.043, 72
Trd, 4318257.993, 112
Trd, 4318258.593, 73
Trd, 4318258.943, 91
Trd, 4318260.943, 126
Trd, 4318260.993, 125
Trd, 4318262.293, 135
Trd, 4318262.393, 124
Trd, 4318262.443, 110
Trd, 4318263.593, 105
Trd, 4318264.743, 105
Trd, 4318265.043, 101
Trd, 4318265.943, 93
Trd, 4318266.443, 102
Trd, 4318266.493, 101
Trd, 4318267.243, 115
Trd, 4318268.093, 99
Trd, 4318269.093, 124
Trd, 4318269.493, 114
Trd, 4318269.893, 119
Trd, 4318270.043, 93
Trd, 4318270.843, 85
Trd, 4318271.193, 138
Trd, 4318271.643, 84
Trd, 4318272.643, 132
Trd, 4318272.793, 91
Trd, 4318273.943, 65
Trd, 4318274.593, 108
Trd, 4318275.543, 134
Trd, 4318276.793, 91
Trd, 4318276.843, 107
Trd, 4318279.043, 99
Trd, 4318279.293, 95
Trd, 4318279.943, 111
Trd, 4318280.243, 122
Trd, 4318280.443, 105
Trd, 4318281.143, 112
Trd, 4318282.743, 132
Trd, 4318284.093, 107
Trd, 4318284.193, 120
Trd, 4318284.443, 136
Trd, 4318284.843, 99
Trd, 4318285.593, 86
Trd, 4318286.993, 107
Trd, 4318288.193, 111
Trd, 4318288.693, 130
Trd, 4318288.843, 97
Trd, 4318289.543, 102
Trd, 4318289.943, 125
Trd, 4318291.393, 120
Trd, 4318292.393, 109
Trd, 4318292.893, 76
Trd, 4318294.443, 72
Trd, 4318294.993, 134
Trd, 4318295.743, 124
Trd, 4318296.593, 112
Trd, 4318296.893, 105
Trd, 4318297.043, 97
Trd, 4318297.693, 84
Trd, 4318299.293, 121
Trd, 4318300.393, 114
Trd, 4318301.343, 101
Trd, 4318302.443, 113
Trd, 4318302.593, 105
Trd, 4318303.843, 136
Trd, 4318303.893, 127
Trd, 4318303.993, 122
Trd, 4318304.093, 116
Trd, 4318306.143, 132
Trd, 4318306.943, 68
Trd, 4318307.293, 101
Trd, 4318309.193, 83
Trd, 4318309.593, 132
Trd, 4318310.393, 81
Trd, 4318310.443, 133
Trd, 4318310.943, 77
Trd, 4318311.943, 133
Trd, 4318312.793, 130
Trd, 4318313.843, 117
Trd, 4318313.993, 106
Trd, 4318314.993, 105
Trd, 4318315.143, 103
Trd, 4318315.343, 76
Trd, 4318315.943, 99
Trd, 4318317.193, 126
Trd, 4318317.943, 79
Trd, 4318318.793, 87
Trd, 4318319.293, 79
Trd, 4318320.243, 121
Trd, 4318321.193, 108
Trd, 4318322.393, 93
Trd, 4318323.143, 94
Trd, 4318324.243, 110
Trd, 4318324.543, 105
Trd, 4318324.893, 117
Trd, 4318325.243, 100
Trd, 4318326.493, 112
Trd, 4318326.843, 64
Trd, 4318327.643, 69
Trd, 4318328.143, 104
Trd, 4318328.643, 65
Trd, 4318329.043, 70
Trd, 4318329.593, 84
Trd, 4318329.643, 72
Trd, 4318331.643, 112
Trd, 4318332.193, 79
Trd, 4318332.343, 104
Trd, 4318332.493, 76
Trd, 4318333.343, 125
Trd, 4318335.393, 112
Trd, 4318336.843, 138
Trd, 4318336.943, 99
Trd, 4318337.793, 111
Trd, 4318338.043, 104
Trd, 4318338.593, 103
Trd, 4318338.693, 88
Trd, 4318339.293, 122
Trd, 4318340.443, 134
Trd, 4318340.793, 127
Trd, 4318341.393, 118
Trd, 4318341.793, 109
Trd, 4318342.593, 69
Trd, 4318342.793, 113
Trd, 4318344.843, 91
Trd, 4318345.993, 73
Trd, 4318346.743, 74
Trd, 4318347.843, 88
Trd, 4318347.993, 69
Trd, 4318348.193, 138
Trd, 4318348.693, 121
Trd, 4318349.893, 139
Trd, 4318351.043, 122
Trd, 4318351.093, 119
Trd, 4318351.343, 115
Trd, 4318352.743, 123
Trd, 4318353.093, 130
Trd, 4318353.493, 132
Trd, 4318353.693, 134
Trd, 4318353.993, 91
Trd, 4318354.693, 133
Trd, 4318357.243, 138
Trd, 4318357.943, 128
Trd, 4318359.093, 101
Trd, 4318359.193, 108
Trd, 4318359.393, 94
Trd, 4318359.593, 88
Trd, 4318360.793, 127
Trd, 4318361.193, 104
Trd, 4318361.393, 73
Trd, 4318362.193, 79
Trd, 4318364.193, 92
Trd, 4318365.093, 118
Trd, 4318365.993, 104
Trd, 4318366.793, 108
Trd, 4318366.893, 102
Trd, 4318367.143, 95
Trd, 4318367.193, 126
Trd, 4318367.543, 135
Trd, 4318368.643, 100
Trd, 4318369.293, 137
Trd, 4318369.993, 84
Trd, 4318370.843, 91
Trd, 4318371.993, 102
Trd, 4318372.693, 123
Trd, 4318372.743, 110
Trd, 4318372.993, 86
Trd, 4318373.293, 117
Trd, 4318375.293, 90
Trd, 4318375.893, 79
Trd, 4318377.093, 96
Trd, 4318377.243, 109
Trd, 4318378.243, 93
Trd, 4318378.893, 81
Trd, 4318379.693, 83
Trd, 4318380.643, 109
Trd, 4318380.943, 76
Trd, 4318381.643, 120
Trd, 4318382.043, 122
Trd, 4318382.243, 71
Trd, 4318382.843, 120
Trd, 4318385.243, 94
Trd, 4318385.693, 110
Trd, 4318386.293, 122
Trd, 4318386.743, 75
Trd, 4318387.193, 101
Trd, 4318388.393, 140
Trd, 4318388.543, 124
Trd, 4318388.643, 116
Trd, 4318390.193, 127
Trd, 4318390.243, 122
Trd, 4318390.543, 119
Trd, 4318392.043, 106
Trd, 4318393.593, 97
Trd, 4318393.843, 88
Trd, 4318394.543, 123
Trd, 4318395.693, 125
Trd, 4318396.193, 109
Trd, 4318396.593, 134
Trd, 4318396.843, 124
Trd, 4318397.743, 85
Trd, 4318398.193, 130
Trd, 4318398.793, 86
Trd, 4318400.343, 111
Trd, 4318400.893, 131
Trd, 4318401.343, 96
Trd, 4318402.043, 68
Trd, 4318402.643, 117
Trd, 4318403.293, 113
Trd, 4318403.593, 99
Trd, 4318404.393, 99
Trd, 4318405.343, 129
Trd, 4318405.843, 125
Trd, 4318406.693, 111
Trd, 4318407.293, 102
Trd, 4318409.093, 131
Trd, 4318409.243, 95
Trd, 4318409.493, 119
Trd, 4318411.043, 118
Trd, 4318411.293, 135
Trd, 4318411.393, 114
Trd, 4318411.593, 93
Trd, 4318412.343, 126
Trd, 4318413.143, 125
Trd, 4318413.293, 80
Trd, 4318414.943, 92
Trd, 4318415.593, 91
Trd, 4318417.093, 108
Trd, 4318417.193, 76
Trd, 4318418.093, 107
Trd, 4318418.593, 126
Trd, 4318418.793, 114
Trd, 4318419.693, 118
Trd, 4318421.393, 92
Trd, 4318421.593, 86
Trd, 4318422.893, 83
Trd, 4318423.293, 62
Trd, 4318423.343, 134
Trd, 4318425.593, 138
Trd, 4318426.143, 127
Trd, 4318426.443, 113
Trd, 4318426.493, 107
Trd, 4318427.393, 92
Trd, 4318427.643, 138
Trd, 4318428.043, 83
Trd, 4318430.143, 103
Trd, 4318430.843, 93
Trd, 4318431.993, 139
Trd, 4318432.493, 128
Trd, 4318432.943, 104
Trd, 4318433.743, 89
Trd, 4318434.793, 68
Trd, 4318434.943, 94
Trd, 4318435.743, 102
Trd, 4318435.793, 72
Trd, 4318436.543, 107
Trd, 4318437.593, 85
Trd, 4318438.343, 127
Trd, 4318438.943, 63
Trd, 4318441.043, 92
Trd, 4318441.093, 120
Trd, 4318441.343, 86
Trd, 4318441.843, 62
Trd, 4318443.493, 73
Trd, 4318444.043, 132
Trd, 4318444.593, 128
Trd, 4318445.193, 91
Trd, 4318445.693, 96
Trd, 4318445.943, 122
Trd, 4318446.443, 87
Trd, 4318447.643, 100
Trd, 4318448.043, 61
Trd, 4318448.343, 117
Trd, 4318449.493, 102
Trd, 4318450.043, 120
Trd, 4318450.093, 105
Trd, 4318451.193, 124
Trd, 4318452.593, 129
Trd, 4318453.493, 131
Trd, 4318454.243, 127
Trd, 4318454.643, 121
Trd, 4318454.793, 111
Trd, 4318454.843, 110
Trd, 4318455.243, 101
Trd, 4318455.643, 83
Trd, 4318457.193, 73
Trd, 4318457.993, 66
Trd, 4318458.843, 70
Trd, 4318458.943, 70
Trd, 4318460.043, 75
Trd, 4318460.343, 76
Trd, 4318460.843, 94
Trd, 4318462.093, 128
Trd, 4318463.243, 115
Trd, 4318464.093, 105
Trd, 4318464.393, 102
Trd, 4318464.443, 129
Trd, 4318465.143, 127
Trd, 4318465.293, 97
Trd, 4318465.943, 117
Trd, 4318466.743, 76
Trd, 4318466.943, 70
Trd, 4318466.993, 76
Trd, 4318468.293, 92
Trd, 4318469.643, 118
Trd, 4318470.843, 111
Trd, 4318472.843, 138
Trd, 4318473.343, 131
Trd, 4318474.543, 137
Trd, 4318474.593, 99
Trd, 4318474.743, 110
Trd, 4318475.243, 112
Trd, 4318475.343, 104
Trd, 4318477.043, 136
Trd, 4318477.393, 99
Trd, 4318477.743, 115
Trd, 4318479.993, 101
Trd, 4318480.093, 91
Trd, 4318480.593, 85
Trd, 4318481.093, 83
Trd, 4318481.243, 97
Trd, 4318481.293, 106
Trd, 4318482.393, 139
Trd, 4318482.793, 128
Trd, 4318482.943, 124
Trd, 4318484.443, 124
Trd, 4318484.693, 136
Trd, 4318485.243, 125
Trd, 4318486.093, 102
Trd, 4318487.393, 137
Trd, 4318487.443, 115
Trd, 4318487.643, 87
Trd, 4318488.743, 116
Trd, 4318489.343, 117
Trd, 4318489.693, 115
Trd, 4318490.143, 132
Trd, 4318491.793, 135
Trd, 4318492.243, 102
Trd, 4318492.643, 77
Trd, 4318492.693, 102
Trd, 4318493.743, 90
Trd, 4318495.843, 91
Trd, 4318496.443, 65
Trd, 4318496.593, 73
Trd, 4318496.793, 92
Trd, 4318497.293, 90
Trd, 4318499.193, 65
Trd, 4318499.943, 72
Trd, 4318500.193, 78
Trd, 4318501.243, 100
Trd, 4318501.593, 130
Trd, 4318501.693, 106
Trd, 4318502.393, 91
Trd, 4318504.093, 130
Trd, 4318505.143, 130
Trd, 4318505.743, 114
Trd, 4318505.843, 111
Trd, 4318507.143, 97
Trd, 4318508.593, 109
Trd, 4318511.093, 128
Trd, 4318511.343, 120
Trd, 4318511.793, 94
Trd, 4318512.193, 103
Trd, 4318512.543, 114
Trd, 4318513.293, 120
Trd, 4318514.193, 103
Trd, 4318515.793, 131
Trd, 4318516.493, 137
Trd, 4318517.243, 120
Trd, 4318517.443, 108
Trd, 4318517.693, 132
Trd, 4318518.943, 105
Trd, 4318519.193, 85
Trd, 4318519.943, 94
Trd, 4318520.493, 139
Trd, 4318521.143, 127
Trd, 4318521.643, 60
Trd, 4318523.493, 119
Trd, 4318524.993, 109
Trd, 4318525.243, 111
Trd, 4318525.893, 105
Trd, 4318526.043, 98
Trd, 4318526.543, 94
Trd, 4318527.693, 108
Trd, 4318529.443, 96
Trd, 4318530.743, 98
Trd, 4318530.943, 98
Trd, 4318531.293, 113
Trd, 4318531.343, 95
Trd, 4318531.743, 124
Trd, 4318531.793, 112
Trd, 4318532.543, 133
Trd, 4318533.743, 69
Trd, 4318534.793, 123
Trd, 4318534.993, 124
Trd, 4318535.343, 82
Trd, 4318536.793, 100
Trd, 4318537.643, 96
Trd, 4318538.593, 122
Trd, 4318539.743, 81
Trd, 4318540.193, 76
Trd, 4318540.293, 66
Trd, 4318540.893, 69
Trd, 4318541.943, 98
Trd, 4318542.343, 105
Trd, 4318542.893, 75
Trd, 4318543.343, 63
Trd, 4318544.043, 91
Trd, 4318544.343, 69
Trd, 4318545.243, 98
Trd, 4318547.043, 127
Trd, 4318547.493, 84
Trd, 4318548.093, 78
Trd, 4318548.143, 82
Trd, 4318548.243, 73
Trd, 4318548.943, 131
Trd, 4318549.193, 107
Trd, 4318550.843, 67
Trd, 4318551.943, 84
Trd, 4318552.143, 135
Trd, 4318552.593, 99
Trd, 4318553.493, 89
Trd, 4318554.243, 95
Trd, 4318554.293, 104
Trd, 4318554.743, 77
Trd, 4318554.993, 73
Trd, 4318556.593, 106
Trd, 4318557.193, 86
Trd, 4318557.293, 82
Trd, 4318558.143, 135
Trd, 4318559.893, 127
Trd, 4318559.943, 114
Trd, 4318560.943, 113
Trd, 4318561.193, 107
Trd, 4318561.343, 135
Trd, 4318562.243, 113
Trd, 4318562.693, 104
Trd, 4318564.593, 133
Trd, 4318565.643, 137
Trd, 4318565.693, 126
Trd, 4318565.943, 106
Trd, 4318566.893, 139
Trd, 4318567.543, 109
Trd, 4318567.693, 104
Trd, 4318568.293, 77
Trd, 4318569.343, 117
Trd, 4318570.243, 81
Trd, 4318570.643, 113
Trd, 4318571.593, 98
Trd, 4318571.793, 94
Trd, 4318572.143, 115
Trd, 4318572.743, 107
Trd, 4318573.743, 88
Trd, 4318575.343, 104
Trd, 4318575.443, 103
Trd, 4318575.893, 87
Trd, 4318577.743, 105
Trd, 4318578.393, 80
Trd, 4318579.643, 103
Trd, 4318579.693, 95
Trd, 4318579.843, 67
Trd, 4318580.293, 133
Trd, 4318580.943, 90
Trd, 4318583.743, 135
Trd, 4318584.043, 130
Trd, 4318584.243, 123
Trd, 4318585.143, 98
Trd, 4318586.643, 137
Trd, 4318586.893, 126
Trd, 4318587.343, 125
Trd, 4318587.893, 119
Trd, 4318588.343, 131
Trd, 4318589.793, 136
Trd, 4318589.993, 133
Trd, 4318590.493, 130
Trd, 4318590.743, 125
Trd, 4318591.693, 122
Trd, 4318591.743, 131
Trd, 4318594.343, 95
Trd, 4318594.593, 100
Trd, 4318594.793, 103
Trd, 4318595.243, 113
Trd, 4318595.793, 101
Trd, 4318596.393, 100
Trd, 4318596.743, 119
Trd, 4318597.143, 90
Trd, 4318597.393, 93
Trd, 4318598.843, 96
Trd, 4318599.693, 115
Trd, 4318600.093, 135
Trd, 4318601.343, 100
Trd, 4318601.893, 81
Trd, 4318602.493, 65
Trd, 4318602.643, 71
Trd, 4318603.793, 85
Trd, 4318604.293, 134
Trd, 4318605.293, 140
Trd, 4318605.943, 111
Trd, 4318607.443, 133
Trd, 4318607.593, 124
Trd, 4318607.693, 114
Trd, 4318608.193, 113
Trd, 4318608.393, 102
Trd, 4318609.143, 109
Trd, 4318609.793, 108
Trd, 4318609.943, 112
Trd, 4318610.293, 85
Trd, 4318611.293, 85
Trd, 4318611.543, 65
Trd, 4318613.093, 61
Trd, 4318614.143, 82
Trd, 4318614.693, 107
Trd, 4318615.243, 98
Trd, 4318616.393, 98
Trd, 4318616.643, 85
Trd, 4318617.043, 99
Trd, 4318617.793, 132
Trd, 4318618.143, 115
Trd, 4318619.193, 133
Trd, 4318619.893, 125
Trd, 4318620.843, 115
Trd, 4318621.593, 96
Trd, 4318621.993, 92
Trd, 4318622.043, 90
Trd, 4318622.293, 93
Trd, 4318623.493, 129
Trd, 4318623.843, 130
Trd, 4318626.993, 133
Trd, 4318627.743, 106
Trd, 4318628.343, 132
Trd, 4318628.993, 137
Trd, 4318629.793, 96
Trd, 4318630.543, 135
Trd, 4318630.843, 131
Trd, 4318631.893, 121
Trd, 4318632.193, 133
Trd, 4318633.093, 133
Trd, 4318633.343, 101
Trd, 4318634.143, 93
Trd, 4318634.543, 111
Trd, 4318635.493, 138
Trd, 4318635.743, 137
Trd, 4318635.993, 137
Trd, 4318636.393, 117
Trd, 4318636.443, 66
Trd, 4318636.793, 138
Trd, 4318637.043, 117
Trd, 4318638.793, 78
Trd, 4318639.643, 79
Trd, 4318640.393, 86
Trd, 4318640.843, 88
Trd, 4318641.093, 115
Trd, 4318641.893, 82
Trd, 4318642.593, 93
Trd, 4318642.843, 79
Trd, 4318644.043, 63
Trd, 4318644.843, 108
Trd, 4318647.193, 115
Trd, 4318647.243, 108
Trd, 4318647.493, 117
Trd, 4318647.643, 96
Trd, 4318648.043, 110
Trd, 4318649.343, 132
Trd, 4318649.793, 121
Trd, 4318650.743, 116
Trd, 4318650.843, 128
Trd, 4318652.143, 101
Trd, 4318652.293, 110
Trd, 4318652.743, 97
Trd, 4318653.693, 91
Trd, 4318654.193, 92
Trd, 4318654.443, 85
Trd, 4318654.743, 106
Trd, 4318655.443, 80
Trd, 4318656.043, 65
Trd, 4318656.343, 85
Trd, 4318656.893, 111
Trd, 4318657.543, 95
Trd, 4318658.693, 126
Trd, 4318659.393, 91
Trd, 4318659.893, 116
Trd, 4318660.743, 98
Trd, 4318660.843, 109
Trd, 4318661.043, 99
Trd, 4318661.293, 82
Trd, 4318662.993, 126
Trd, 4318665.043, 107
Trd, 4318665.293, 136
Trd, 4318666.593, 134
Trd, 4318666.843, 106
Trd, 4318667.143, 120
Trd, 4318667.893, 110
Trd, 4318668.193, 104
Trd, 4318669.143, 69
Trd, 4318669.243, 75
Trd, 4318669.793, 72
Trd, 4318670.493, 117
Trd, 4318670.743, 97
Trd, 4318671.043, 81
Trd, 4318671.193, 84
Trd, 4318673.493, 107
Trd, 4318673.693, 101
Trd, 4318674.093, 106
Trd, 4318674.593, 115
Trd, 4318675.043, 117
Trd, 4318675.243, 111
Trd, 4318677.193, 105
Trd, 4318677.543, 122
Trd, 4318678.043, 104
Trd, 4318678.293, 69
Trd, 4318678.443, 100
Trd, 4318679.643, 117
Trd, 4318679.843, 80
Trd, 4318681.043, 115
Trd, 4318681.593, 126
Trd, 4318681.793, 107
Trd, 4318683.243, 137
Trd, 4318683.293, 123
Trd, 4318683.693, 107
Trd, 4318684.543, 137
Trd, 4318685.393, 115
Trd, 4318686.043, 78
Trd, 4318686.893, 76
Trd, 4318688.093, 80
Trd, 4318688.293, 92
Trd, 4318689.443, 107
Trd, 4318689.943, 120
Trd, 4318690.493, 121
Trd, 4318690.743, 102
Trd, 4318691.143, 76
Trd, 4318691.543, 124
Trd, 4318691.993, 78
Trd, 4318692.443, 98
Trd, 4318692.693, 62
Trd, 4318693.593, 80
Trd, 4318694.043, 78
Trd, 4318694.193, 71
Trd, 4318696.543, 134
Trd, 4318696.743, 127
Trd, 4318698.193, 127
Trd, 4318698.393, 117
Trd, 4318698.743, 106
Trd, 4318698.943, 93
Trd, 4318700.093, 97
Trd, 4318700.493, 133
Trd, 4318701.243, 88
Trd, 4318701.743, 65
Trd, 4318702.793, 131
Trd, 4318702.893, 122
Trd, 4318703.243, 83
Trd, 4318703.693, 69
Trd, 4318704.793, 128
Trd, 4318706.493, 86
Trd, 4318707.643, 74
Trd, 4318708.443, 132
Trd, 4318708.693, 125
Trd, 4318708.943, 63
Trd, 4318709.693, 62
Trd, 4318711.243, 96
Trd, 4318711.493, 91
Trd, 4318711.793, 87
Trd, 4318713.043, 112
Trd, 4318713.393, 87
Trd, 4318713.443, 75
Trd, 4318715.543, 106
Trd, 4318717.543, 139
Trd, 4318718.443, 133
Trd, 4318718.543, 120
Trd, 4318719.393, 113
Trd, 4318719.543, 88
Trd, 4318720.093, 123
Trd, 4318720.593, 109
Trd, 4318720.793, 103
Trd, 4318721.193, 124
Trd, 4318721.693, 64
Trd, 4318722.193, 76
Trd, 4318723.293, 82
Trd, 4318723.943, 81
Trd, 4318724.143, 85
Trd, 4318725.193, 60
Trd, 4318726.043, 94
Trd, 4318726.293, 69
Trd, 4318727.343, 78
Trd, 4318727.943, 63
Trd, 4318728.843, 63
Trd, 4318730.293, 75
Trd, 4318731.193, 82
Trd, 4318731.643, 96
Trd, 4318732.143, 69
Trd, 4318732.693, 123
Trd, 4318733.193, 61
Trd, 4318733.643, 97
Trd, 4318734.993, 123
Trd, 4318736.193, 89
Trd, 4318737.693, 129
Trd, 4318738.543, 132
Trd, 4318738.943, 118
Trd, 4318739.393, 126
Trd, 4318739.893, 105
Trd, 4318740.743, 131
Trd, 4318741.493, 112
Trd, 4318741.943, 70
Trd, 4318743.093, 139
Trd, 4318743.543, 132
Trd, 4318744.293, 128
Trd, 4318744.993, 115
Trd, 4318745.393, 128
Trd, 4318747.643, 133
Trd, 4318747.843, 120
Trd, 4318748.193, 78
Trd, 4318748.843, 60
Trd, 4318748.943, 86
Trd, 4318749.093, 112
Trd, 4318751.643, 132
Trd, 4318751.743, 130
Trd, 4318752.443, 123
Trd, 4318752.543, 115
Trd, 4318752.743, 96
Trd, 4318753.393, 118
Trd, 4318755.143, 94
Trd, 4318755.643, 131
Trd, 4318755.793, 122
Trd, 4318756.443, 117
Trd, 4318756.643, 91
Trd, 4318756.793, 111
Trd, 4318758.693, 95
Trd, 4318759.043, 90
Trd, 4318759.693, 126
Trd, 4318760.293, 105
Trd, 4318760.643, 131
Trd, 4318761.943, 111
Trd, 4318762.693, 126
Trd, 4318762.943, 133
Trd, 4318763.243, 116
Trd, 4318763.843, 91
Trd, 4318764.893, 129
Trd, 4318765.543, 112
Trd, 4318766.143, 99
Trd, 4318766.443, 118
Trd, 4318766.543, 133
Trd, 4318767.943, 124
Trd, 4318768.693, 102
Trd, 4318769.343, 87
Trd, 4318769.593, 64
Trd, 4318770.593, 60
Trd, 4318770.943, 107
Trd, 4318771.343, 75
Trd, 4318771.843, 95
Trd, 4318772.943, 94
Trd, 4318773.493, 85
Trd, 4318773.943, 130
Trd, 4318774.943, 123
Trd, 4318775.943, 111
Trd, 4318776.543, 126
Trd, 4318776.643, 113
Trd, 4318777.793, 87
Trd, 4318778.743, 108
Trd, 4318779.893, 127
Trd, 4318779.943, 120
Trd, 4318780.193, 102
Trd, 4318780.443, 91
Trd, 4318780.643, 139
Trd, 4318782.093, 64
Trd, 4318782.293, 138
Trd, 4318782.793, 74
Trd, 4318785.093, 112
Trd, 4318785.343, 103
Trd, 4318786.243, 131
Trd, 4318787.093, 140
Trd, 4318787.693, 109
Trd, 4318788.043, 101
Trd, 4318788.243, 84
Trd, 4318788.893, 86
Trd, 4318789.643, 105
Trd, 4318792.293, 81
Trd, 4318792.943, 88
Trd, 4318793.293, 84
Trd, 4318793.443, 76
Trd, 4318793.843, 117
Trd, 4318794.993, 116
Trd, 4318795.393, 63
Trd, 4318795.743, 69
Trd, 4318796.093, 75
Trd, 4318796.793, 64
Trd, 4318797.293, 66
Trd, 4318798.543, 60
Trd, 4318801.193, 114
Trd, 4318801.493, 110
Trd, 4318801.543, 106
Trd, 4318801.743, 119
Trd, 4318802.343, 133
Trd, 4318803.543, 112
Trd, 4318803.843, 107
Trd, 4318804.543, 111
Trd, 4318805.243, 110
Trd, 4318806.643, 81
Trd, 4318806.793, 112
Trd, 4318807.593, 120
Trd, 4318808.493, 69
Trd, 4318809.043, 131
Trd, 4318809.493, 124
Trd, 4318810.843, 118
Trd, 4318811.043, 118
Trd, 4318812.443, 111
Trd, 4318812.643, 106
Trd, 4318812.943, 99
Trd, 4318813.343, 91
Trd, 4318813.893, 67
Trd, 4318814.893, 122
Trd, 4318815.193, 112
Trd, 4318815.243, 107
Trd, 4318815.843, 107
Trd, 4318819.193, 137
Trd, 4318819.993, 138
Trd, 4318820.443, 126
Trd, 4318820.893, 120
Trd, 4318820.943, 106
Trd, 4318821.743, 103
Trd, 4318822.293, 100
Trd, 4318822.393, 96
Trd, 4318823.343, 101
Trd, 4318823.393, 95
Trd, 4318823.693, 83
Trd, 4318826.343, 74
Trd, 4318826.993, 66
Trd, 4318828.343, 69
Trd, 4318829.393, 61
Trd, 4318829.493, 75
Trd, 4318829.693, 70
Trd, 4318831.043, 91
Trd, 4318831.943, 64
Trd, 4318832.443, 61
Trd, 4318833.243, 63
Trd, 4318833.843, 70
Trd, 4318834.093, 98
Trd, 4318834.343, 120
Trd, 4318836.093, 106
Trd, 4318837.593, 85
Trd, 4318838.393, 100
Trd, 4318838.493, 99
Trd, 4318838.593, 89
Trd, 4318840.543, 118
Trd, 4318840.793, 106
Trd, 4318841.343, 104
Trd, 4318841.843, 75
Trd, 4318841.893, 81
Trd, 4318842.893, 128
Trd, 4318843.093, 116
Trd, 4318843.993, 96
Trd, 4318848.093, 123
Trd, 4318848.293, 107
Trd, 4318848.593, 110
Trd, 4318848.743, 96
Trd, 4318849.643, 107
Trd, 4318850.293, 138
Trd, 4318851.593, 121
Trd, 4318851.843, 108
Trd, 4318852.593, 126
Trd, 4318853.243, 135
Trd, 4318853.443, 122
Trd, 4318853.993, 100
Trd, 4318855.443, 131
Trd, 4318855.493, 117
Trd, 4318855.893, 103
Trd, 4318856.693, 122
Trd, 4318857.293, 137
Trd, 4318857.593, 122
Trd, 4318858.643, 135
Trd, 4318861.093, 100
Trd, 4318861.193, 94
Trd, 4318862.643, 139
Trd, 4318862.793, 106
Trd, 4318862.893, 83
Trd, 4318863.693, 104
Trd, 4318866.093, 137
Trd, 4318866.443, 123
Trd, 4318868.343, 106
Trd, 4318868.493, 104
Trd, 4318868.793, 123
Trd, 4318869.443, 100
Trd, 4318869.493, 85
Trd, 4318869.793, 67
Trd, 4318870.393, 84
Trd, 4318871.193, 128
Trd, 4318872.843, 90
Trd, 4318873.393, 100
Trd, 4318873.743, 74
Trd, 4318874.043, 124
Trd, 4318875.293, 121
Trd, 4318876.793, 92
Trd, 4318876.893, 88
Trd, 4318876.993, 92
Trd, 4318877.193, 87
Trd, 4318878.543, 112
Trd, 4318879.143, 89
Trd, 4318879.893, 122
Trd, 4318880.193, 86
Trd, 4318880.543, 121
Trd, 4318881.293, 83
Trd, 4318882.293, 136
Trd, 4318882.343, 112
Trd, 4318882.993, 99
Trd, 4318883.693, 88
Trd, 4318884.393, 85
Trd, 4318885.243, 79
Trd, 4318885.793, 89
Trd, 4318887.543, 112
Trd, 4318887.693, 99
Trd, 4318888.443, 114
Trd, 4318888.943, 92
Trd, 4318889.343, 139
Trd, 4318889.943, 111
Trd, 4318890.143, 73
Trd, 4318890.643, 73
Trd, 4318892.893, 61
Trd, 4318892.993, 64
Trd, 4318893.193, 79
Trd, 4318893.243, 107
Trd, 4318894.693, 121
Trd, 4318894.743, 115
Trd, 4318896.293, 133
Trd, 4318896.743, 127
Trd, 4318897.793, 134
Trd, 4318898.493, 124
Trd, 4318898.543, 111
Trd, 4318898.793, 109
Trd, 4318899.643, 126
Trd, 4318899.693, 93
Trd, 4318900.593, 119
Trd, 4318901.293, 112
Trd, 4318901.443, 118
Trd, 4318902.443, 90
Trd, 4318903.793, 68
Trd, 4318905.243, 90
Trd, 4318905.793, 79
Trd, 4318905.993, 98
Trd, 4318906.943, 92
Trd, 4318907.443, 82
Trd, 4318908.693, 117
Trd, 4318909.743, 127
Trd, 4318910.043, 112
Trd, 4318910.893, 108
Trd, 4318912.043, 128
Trd, 4318912.693, 115
Trd, 4318914.143, 132
Trd, 4318914.243, 130
Trd, 4318914.643, 121
Trd, 4318915.143, 107
Trd, 4318915.193, 102
Trd, 4318915.943, 116
Trd, 4318916.243, 105
Trd, 4318916.893, 100
Trd, 4318917.743, 86
Trd, 4318917.843, 130
Trd, 4318919.193, 81
Trd, 4318919.543, 79
Trd, 4318920.043, 134
Trd, 4318920.243, 115
Trd, 4318921.043, 109
Trd, 4318922.243, 110
Trd, 4318923.393, 92
Trd, 4318923.643, 99
Trd, 4318923.893, 105
Trd, 4318924.543, 112
Trd, 4318924.693, 105
Trd, 4318925.543, 118
Trd, 4318925.843, 76
Trd, 4318926.593, 84
Trd, 4318926.943, 70
Trd, 4318927.493, 97
Trd, 4318928.893, 65
Trd, 4318928.943, 82
Trd, 4318931.443, 72
Trd, 4318931.843, 67
Trd, 4318932.793, 82
Trd, 4318933.043, 72
Trd, 4318933.293, 97
Trd, 4318934.543, 64
Trd, 4318934.993, 62
Trd, 4318935.443, 66
Trd, 4318936.343, 76
Trd, 4318936.893, 84
Trd, 4318937.343, 119
Trd, 4318937.693, 102
Trd, 4318939.293, 102
Trd, 4318939.893, 101
Trd, 4318940.493, 99
Trd, 4318940.743, 129
Trd, 4318941.943, 105
Trd, 4318942.043, 101
Trd, 4318942.793, 95
Trd, 4318944.593, 106
Trd, 4318944.743, 108
Trd, 4318944.793, 103
Trd, 4318944.943, 71
Trd, 4318945.693, 94
Trd, 4318948.893, 96
Trd, 4318948.993, 92
Trd, 4318949.743, 80
Trd, 4318949.943, 85
Trd, 4318950.493, 97
Trd, 4318950.693, 79
Trd, 4318950.843, 99
Trd, 4318951.543, 111
Trd, 4318951.843, 112
Trd, 4318952.243, 124
Trd, 4318953.843, 73
Trd, 4318954.393, 74
Trd, 4318955.443, 135
Trd, 4318956.943, 123
Trd, 4318956.993, 113
Trd, 4318957.143, 130
Trd, 4318958.993, 117
Trd, 4318959.093, 100
Trd, 4318959.593, 112
Trd, 4318960.093, 121
Trd, 4318960.343, 91
Trd, 4318961.993, 66
Trd, 4318962.543, 71
Trd, 4318963.343, 86
Trd, 4318963.693, 87
Trd, 4318963.793, 88
Trd, 4318964.693, 113
Trd, 4318965.493, 105
Trd, 4318965.593, 102
Trd, 4318965.893, 102
Trd, 4318967.293, 118
Trd, 4318967.343, 106
Trd, 4318967.393, 97
Trd, 4318968.693, 81
Trd, 4318969.643, 67
Trd, 4318970.693, 119
Trd, 4318971.743, 107
Trd, 4318972.493, 106
Trd, 4318972.893, 110
Trd, 4318973.293, 120
Trd, 4318974.093, 94
Trd, 4318974.893, 96
Trd, 4318975.343, 131
Trd, 4318975.843, 101
Trd, 4318976.343, 127
Trd, 4318977.043, 100
Trd, 4318977.743, 139
Trd, 4318979.743, 138
Trd, 4318979.893, 131
Trd, 4318980.243, 127
Trd, 4318981.343, 85
Trd, 4318981.543, 103
Trd, 4318983.593, 127
Trd, 4318983.793, 117
Trd, 4318985.043, 94
Trd, 4318985.343, 95
Trd, 4318985.843, 136
Trd, 4318986.443, 118
Trd, 4318986.493, 82
Trd, 4318987.193, 125
Trd, 4318988.893, 107
Trd, 4318989.993, 93
Trd, 4318990.143, 92
Trd, 4318990.193, 103
Trd, 4318990.493, 112
Trd, 4318991.143, 88
Trd, 4318991.643, 66
Trd, 4318991.743, 76
Trd, 4318992.643, 114
Trd, 4318992.743, 70
Trd, 4318994.643, 123
Trd, 4318994.843, 115
Trd, 4318995.343, 85
Trd, 4318995.693, 107
Trd, 4318995.743, 97
Trd, 4318995.893, 83
Trd, 4318996.393, 105
Trd, 4318996.793, 136
Trd, 4318998.143, 107
Trd, 4318998.393, 83
Trd, 4318999.743, 79
Trd, 4319000.993, 85
Trd, 4319001.993, 98
Trd, 4319002.143, 103
Trd, 4319002.743, 113
Trd, 4319003.193, 82
Trd, 4319005.693, 117
Trd, 4319006.143, 100
Trd, 4319006.243, 89
Trd, 4319007.493, 101
Trd, 4319007.643, 91
Trd, 4319008.093, 119
Trd, 4319008.893, 137
Trd, 4319008.993, 101
Trd, 4319009.693, 131
Trd, 4319010.293, 78
Trd, 4319012.593, 131
Trd, 4319012.893, 136
Trd, 4319013.043, 123
Trd, 4319013.443, 130
Trd, 4319013.693, 112
Trd, 4319013.943, 102
Trd, 4319014.243, 65
Trd, 4319015.493, 77
Trd, 4319015.843, 131
Trd, 4319015.943, 92
Trd, 4319016.393, 121
Trd, 4319017.893, 83
Trd, 4319018.193, 64
Trd, 4319018.643, 97
Trd, 4319020.543, 120
Trd, 4319020.643, 120
Trd, 4319021.243, 93
Trd, 4319021.693, 92
Trd, 4319022.843, 113
Trd, 4319023.893, 119
Trd, 4319024.593, 122
Trd, 4319025.243, 134
Trd, 4319026.643, 134
Trd, 4319026.993, 122
Trd, 4319027.443, 99
Trd, 4319027.693, 97
Trd, 4319027.993, 89
Trd, 4319028.193, 137
Trd, 4319028.643, 99
Trd, 4319029.443, 140
Trd, 4319029.993, 97
Trd, 4319031.043, 106
Trd, 4319031.943, 90
Trd, 4319032.143, 95
Trd, 4319032.293, 111
Trd, 4319034.343, 65
Trd, 4319034.643, 63
Trd, 4319034.793, 66
Trd, 4319037.143, 126
Trd, 4319037.243, 91
Trd, 4319038.243, 80
Trd, 4319038.743, 83
Trd, 4319040.143, 112
Trd, 4319040.643, 103
Trd, 4319040.793, 88
Trd, 4319041.343, 140
Trd, 4319041.893, 93
Trd, 4319042.343, 101
Trd, 4319043.243, 116
Trd, 4319043.493, 73
Trd, 4319043.743, 63
Trd, 4319046.293, 65
Trd, 4319046.343, 64
Trd, 4319046.443, 74
Trd, 4319046.743, 130
Trd, 4319048.193, 105
Trd, 4319048.993, 138
Trd, 4319049.143, 132
Trd, 4319049.193, 124
Trd, 4319050.643, 124
Trd, 4319050.943, 104
Trd, 4319051.993, 130
Trd, 4319052.343, 103
Trd, 4319052.893, 132
Trd, 4319054.243, 107
Trd, 4319054.343, 81
Trd, 4319055.543, 83
Trd, 4319055.793, 116
Trd, 4319056.293, 75
Trd, 4319056.693, 70
Trd, 4319056.893, 70
Trd, 4319058.843, 120
Trd, 4319059.193, 129
Trd, 4319059.343, 115
Trd, 4319059.843, 107
Trd, 4319059.943, 100
Trd, 4319060.493, 93
Trd, 4319061.993, 102
Trd, 4319063.593, 61
Trd, 4319065.793, 79
Trd, 4319065.993, 89
Trd, 4319066.043, 80
Trd, 4319066.243, 91
Trd, 4319066.643, 103
Trd, 4319066.793, 94
Trd, 4319069.043, 105
Trd, 4319069.443, 139
Trd, 4319069.793, 108
Trd, 4319070.943, 91
Trd, 4319071.993, 84
Trd, 4319072.843, 90
Trd, 4319073.043, 100
Trd, 4319073.493, 140
Trd, 4319074.793, 115
Trd, 4319076.343, 105
Trd, 4319077.493, 101
Trd, 4319077.843, 91
Trd, 4319078.943, 121
Trd, 4319079.443, 94
Trd, 4319079.743, 129
Trd, 4319080.343, 136
Trd, 4319081.443, 97
Trd, 4319081.893, 94
Trd, 4319081.993, 83
Trd, 4319083.493, 77
Trd, 4319084.793, 85
Trd, 4319085.343, 111
Trd, 4319085.543, 129
Trd, 4319086.893, 65
Trd, 4319087.393, 88
Trd, 4319087.793, 138
Trd, 4319088.393, 118
Trd, 4319089.393, 109
Trd, 4319090.693, 133
Trd, 4319091.093, 131
Trd, 4319091.893, 114
Trd, 4319092.393, 111
Trd, 4319093.443, 114
Trd, 4319094.093, 94
Trd, 4319094.343, 62
Trd, 4319094.793, 76
Trd, 4319095.143, 95
Trd, 4319095.993, 72
Trd, 4319096.293, 103
Trd, 4319096.493, 74
Trd, 4319098.043, 80
Trd, 4319099.243, 89
Trd, 4319100.143, 104
Trd, 4319100.343, 80
Trd, 4319100.943, 62
Trd, 4319101.443, 93
Trd, 4319103.693, 130
Trd, 4319104.343, 130
Trd, 4319104.493, 123
Trd, 4319104.693, 123
Trd, 4319104.943, 116
Trd, 4319105.543, 134
Trd, 4319107.593, 102
Trd, 4319107.743, 78
Trd, 4319108.743, 76
Trd, 4319109.093, 112
Trd, 4319111.493, 72
Trd, 4319111.843, 67
Trd, 4319112.643, 62
Trd, 4319113.943, 122
Trd, 4319114.043, 113
Trd, 4319114.293, 71
Trd, 4319114.893, 75
Trd, 4319115.993, 99
Trd, 4319116.143, 96
Trd, 4319118.793, 114
Trd, 4319120.293, 113
Trd, 4319121.793, 101
Trd, 4319121.943, 97
Trd, 4319122.193, 134
Trd, 4319123.043, 139
Trd, 4319123.243, 124
Trd, 4319123.693, 134
Trd, 4319124.343, 129
Trd, 4319124.493, 110
Trd, 4319126.843, 132
Trd, 4319127.593, 123
Trd, 4319127.643, 120
Trd, 4319127.943, 133
Trd, 4319127.993, 117
Trd, 4319128.743, 112
Trd, 4319129.643, 134
Trd, 4319131.893, 131
Trd, 4319132.043, 118
Trd, 4319132.393, 107
Trd, 4319132.893, 133
Trd, 4319133.743, 79
Trd, 4319134.343, 89
Trd, 4319134.843, 69
Trd, 4319136.293, 135
Trd, 4319137.093, 129
Trd, 4319137.693, 135
Trd, 4319138.043, 101
Trd, 4319138.243, 93
Trd, 4319139.643, 114
Trd, 4319141.043, 98
Trd, 4319141.293, 94
Trd, 4319141.743, 101
Trd, 4319142.293, 129
Trd, 4319142.693, 125
Trd, 4319143.143, 89
Trd, 4319143.593, 95
Trd, 4319145.443, 90
Trd, 4319145.643, 85
Trd, 4319147.143, 135
Trd, 4319147.193, 124
Trd, 4319148.243, 135
Trd, 4319148.443, 110
Trd, 4319149.693, 102
Trd, 4319149.793, 85
Trd, 4319151.143, 132
Trd, 4319151.343, 108
Trd, 4319151.843, 132
Trd, 4319152.693, 139
Trd, 4319153.193, 117
Trd, 4319153.543, 101
Trd, 4319153.593, 92
Trd, 4319154.993, 96
Trd, 4319156.143, 103
Trd, 4319156.793, 139
Trd, 4319157.843, 129
Trd, 4319158.143, 111
Trd, 4319158.843, 97
Trd, 4319159.243, 128
Trd, 4319159.743, 70
Trd, 4319161.843, 89
Trd, 4319162.343, 96
Trd, 4319162.393, 96
Trd, 4319162.493, 115
Trd, 4319163.193, 71
Trd, 4319164.043, 121
Trd, 4319164.493, 109
Trd, 4319165.243, 93
Trd, 4319166.343, 72
Trd, 4319167.443, 129
Trd, 4319168.393, 138
Trd, 4319168.493, 123
Trd, 4319169.143, 118
Trd, 4319170.043, 115
Trd, 4319170.343, 114
Trd, 4319171.993, 119
Trd, 4319172.743, 82
Trd, 4319173.943, 112
Trd, 4319174.293, 106
Trd, 4319175.593, 134
Trd, 4319175.993, 120
Trd, 4319176.343, 139
Trd, 4319176.443, 89
Trd, 4319176.993, 89
Trd, 4319177.193, 118
Trd, 4319177.743, 93
Trd, 4319178.993, 89
Trd, 4319179.043, 76
Trd, 4319182.993, 114
Trd, 4319183.443, 125
Trd, 4319183.743, 91
Trd, 4319183.943, 130
Trd, 4319184.243, 88
Trd, 4319184.443, 114
Trd, 4319184.693, 93
Trd, 4319185.093, 81
Trd, 4319186.593, 126
Trd, 4319186.693, 77
Trd, 4319186.843, 67
Trd, 4319188.343, 86
Trd, 4319189.643, 102
Trd, 4319189.793, 103
Trd, 4319190.343, 81
Trd, 4319190.543, 61
Trd, 4319191.093, 129
Trd, 4319193.343, 66
Trd, 4319193.793, 67
Trd, 4319194.543, 117
Trd, 4319194.593, 97
Trd, 4319195.693, 128
Trd, 4319195.993, 137
Trd, 4319196.043, 126
Trd, 4319196.193, 104
Trd, 4319196.593, 76
Trd, 4319196.943, 124
Trd, 4319199.393, 111
Trd, 4319199.943, 105
Trd, 4319200.093, 96
Trd, 4319201.243, 120
Trd, 4319201.493, 114
Trd, 4319203.543, 102
Trd, 4319204.193, 111
Trd, 4319204.643, 110
Trd, 4319204.793, 92
Trd, 4319205.843, 137
Trd, 4319205.993, 127
Trd, 4319207.393, 116
Trd, 4319207.743, 117
Trd, 4319209.943, 120
Trd, 4319210.993, 94
Trd, 4319211.493, 94
Trd, 4319211.943, 118
Trd, 4319212.743, 111
Trd, 4319213.193, 134
Trd, 4319213.843, 125
Trd, 4319215.143, 81
Trd, 4319216.093, 95
Trd, 4319216.293, 74
Trd, 4319216.543, 102
Trd, 4319217.893, 118
Trd, 4319218.693, 84
Trd, 4319218.943, 88
Trd, 4319219.343, 97
Trd, 4319220.993, 126
Trd, 4319221.143, 112
Trd, 4319221.293, 99
Trd, 4319222.743, 126
Trd, 4319222.993, 117
Trd, 4319223.343, 95
Trd, 4319223.393, 81
Trd, 4319223.843, 137
Trd, 4319224.443, 119
Trd, 4319225.193, 118
Trd, 4319225.843, 98
Trd, 4319226.893, 135
Trd, 4319227.493, 117
Trd, 4319229.243, 117
Trd, 4319229.493, 99
Trd, 4319229.593, 92
Trd, 4319230.093, 65
Trd, 4319230.793, 77
Trd, 4319232.293, 87
Trd, 4319232.743, 83
Trd, 4319233.143, 130
Trd, 4319233.543, 85
Trd, 4319234.643, 89
Trd, 4319236.793, 69
Trd, 4319236.993, 71
Trd, 4319237.043, 66
Trd, 4319237.493, 87
Trd, 4319239.393, 110
Trd, 4319239.493, 102
Trd, 4319240.143, 130
Trd, 4319241.043, 130
Trd, 4319242.393, 87
Trd, 4319242.493, 96
Trd, 4319242.543, 114
Trd, 4319243.943, 87
Trd, 4319244.593, 86
Trd, 4319245.993, 104
Trd, 4319246.293, 80
Trd, 4319247.493, 114
Trd, 4319249.193, 128
Trd, 4319249.443, 119
Trd, 4319249.593, 108
Trd, 4319250.043, 74
Trd, 4319250.193, 87
Trd, 4319250.993, 65
Trd, 4319251.243, 72
Trd, 4319253.593, 135
Trd, 4319253.643, 112
Trd, 4319254.193, 106
Trd, 4319254.943, 79
Trd, 4319255.543, 123
Trd, 4319255.943, 119
Trd, 4319256.243, 127
Trd, 4319256.543, 106
Trd, 4319257.443, 87
Trd, 4319258.043, 115
Trd, 4319258.443, 137
Trd, 4319258.493, 125
Trd, 4319258.943, 66
Trd, 4319260.943, 84
Trd, 4319262.493, 60
Trd, 4319262.593, 68
Trd, 4319262.743, 69
Trd, 4319263.693, 111
Trd, 4319264.443, 120
Trd, 4319265.393, 109
Trd, 4319265.593, 100
Trd, 4319267.093, 118
Trd, 4319267.943, 112
Trd, 4319268.093, 108
Trd, 4319268.243, 107
Trd, 4319269.193, 80
Trd, 4319269.743, 65
Trd, 4319270.693, 61
Trd, 4319270.943, 92
Trd, 4319273.793, 83
Trd, 4319275.143, 127
Trd, 4319275.493, 117
Trd, 4319275.743, 113
Trd, 4319275.993, 102
Trd, 4319276.843, 116
Trd, 4319277.193, 117
Trd, 4319278.943, 107
Trd, 4319279.593, 107
Trd, 4319280.243, 97
Trd, 4319280.443, 76
Trd, 4319281.243, 80
Trd, 4319281.693, 90
Trd, 4319283.293, 90
Trd, 4319284.043, 79
Trd, 4319284.243, 126
Trd, 4319284.393, 97
Trd, 4319286.043, 113
Trd, 4319286.143, 108
Trd, 4319286.443, 100
Trd, 4319286.793, 88
Trd, 4319288.243, 108
Trd, 4319288.343, 126
Trd, 4319288.843, 76
Trd, 4319290.043, 94
Trd, 4319290.793, 79
Trd, 4319290.943, 75
Trd, 4319291.693, 135
Trd, 4319291.943, 123
Trd, 4319292.043, 110
Trd, 4319293.143, 131
Trd, 4319293.693, 121
Trd, 4319294.743, 83
Trd, 4319294.893, 81
Trd, 4319295.393, 77
Trd, 4319295.943, 91
Trd, 4319297.343, 90
Trd, 4319297.993, 106
Trd, 4319299.343, 122
Trd, 4319299.893, 94
Trd, 4319299.943, 86
Trd, 4319300.793, 101
Trd, 4319301.743, 104
Trd, 4319303.643, 126
Trd, 4319304.143, 118
Trd, 4319304.843, 129
Trd, 4319305.443, 131
Trd, 4319305.993, 118
Trd, 4319306.993, 105
Trd, 4319307.343, 83
Trd, 4319309.093, 95
Trd, 4319309.193, 86
Trd, 4319309.493, 123
Trd, 4319309.943, 117
Trd, 4319311.093, 133
Trd, 4319312.893, 91
Trd, 4319313.043, 110
Trd, 4319313.393, 138
Trd, 4319314.443, 89
Trd, 4319315.393, 100
Trd, 4319315.743, 89
Trd, 4319315.943, 80
Trd, 4319316.193, 97
Trd, 4319316.843, 126
Trd, 4319317.493, 75
Trd, 4319319.343, 131
Trd, 4319320.793, 94
Trd, 4319320.993, 106
Trd, 4319321.243, 83
Trd, 4319322.043, 93
Trd, 4319322.543, 91
Trd, 4319323.343, 64
Trd, 4319323.743, 116
Trd, 4319324.843, 75
Trd, 4319325.393, 81
Trd, 4319325.943, 100
Trd, 4319326.493, 103
Trd, 4319327.193, 122
Trd, 4319328.043, 95
Trd, 4319329.393, 85
Trd, 4319330.293, 115
Trd, 4319331.493, 98
Trd, 4319331.843, 93
Trd, 4319332.493, 88
Trd, 4319333.193, 107
Trd, 4319333.343, 117
Trd, 4319333.893, 127
Trd, 4319334.643, 115
Trd, 4319335.393, 102
Trd, 4319336.193, 89
Trd, 4319336.443, 82
Trd, 4319337.143, 109
Trd, 4319338.243, 65
Trd, 4319338.593, 134
Trd, 4319338.943, 128
Trd, 4319339.143, 71
Trd, 4319340.093, 84
Trd, 4319341.043, 84
Trd, 4319341.343, 89
Trd, 4319341.693, 75
Trd, 4319342.843, 84
Trd, 4319343.993, 83
Trd, 4319344.793, 128
Trd, 4319344.893, 116
Trd, 4319345.043, 110
Trd, 4319345.943, 85
Trd, 4319346.043, 80
Trd, 4319346.793, 106
Trd, 4319347.193, 118
Trd, 4319349.543, 136
Trd, 4319350.243, 120
Trd, 4319350.793, 116
Trd, 4319351.143, 106
Trd, 4319352.693, 135
Trd, 4319353.693, 122
Trd, 4319353.843, 95
Trd, 4319354.343, 99
Trd, 4319354.893, 101
Trd, 4319355.643, 135
Trd, 4319356.093, 115
Trd, 4319356.193, 121
Trd, 4319357.893, 105
Trd, 4319358.193, 103
Trd, 4319359.043, 89
Trd, 4319359.843, 134
Trd, 4319360.393, 100
Trd, 4319360.993, 95
Trd, 4319361.843, 91
Trd, 4319363.243, 138
Trd, 4319363.543, 80
Trd, 4319364.293, 112
Trd, 4319364.393, 103
Trd, 4319366.293, 77
Trd, 4319367.043, 79
Trd, 4319367.943, 97
Trd, 4319368.093, 135
Trd, 4319368.343, 108
Trd, 4319368.593, 99
Trd, 4319369.843, 97
Trd, 4319370.043, 96
Trd, 4319371.843, 138
Trd, 4319372.243, 116
Trd, 4319372.843, 98
Trd, 4319373.893, 101
Trd, 4319374.743, 61
Trd, 4319375.193, 76
Trd, 4319376.343, 74
Trd, 4319376.643, 73
Trd, 4319380.043, 71
Trd, 4319380.243, 79
Trd, 4319380.593, 98
Trd, 4319380.943, 80
Trd, 4319381.643, 71
Trd, 4319383.243, 118
Trd, 4319383.593, 105
Trd, 4319384.593, 121
Trd, 4319385.543, 122
Trd, 4319386.743, 66
Trd, 4319387.093, 88
Trd, 4319387.193, 86
Trd, 4319389.243, 73
Trd, 4319389.343, 85
Trd, 4319389.543, 98
Trd, 4319390.243, 131
Trd, 4319390.343, 113
Trd, 4319390.493, 135
Trd, 4319391.293, 96
Trd, 4319392.343, 95
Trd, 4319394.243, 109
Trd, 4319394.693, 105
Trd, 4319396.393, 99
Trd, 4319397.343, 105
Trd, 4319397.693, 110
Trd, 4319397.993, 93
Trd, 4319398.843, 100
Trd, 4319399.343, 91
Trd, 4319399.693, 94
Trd, 4319399.893, 98
Trd, 4319399.993, 82
Trd, 4319400.493, 76
Trd, 4319402.143, 63
Trd, 4319402.493, 69
Trd, 4319402.843, 115
Trd, 4319403.643, 120
Trd, 4319404.143, 118
Trd, 4319405.643, 140
Trd, 4319405.743, 120
Trd, 4319406.093, 114
Trd, 4319406.293, 117
Trd, 4319406.693, 102
Trd, 4319408.593, 110
Trd, 4319408.693, 95
Trd, 4319409.343, 117
Trd, 4319409.543, 140
Trd, 4319409.743, 99
Trd, 4319410.643, 61
Trd, 4319411.993, 117
Trd, 4319412.043, 106
Trd, 4319413.093, 112
Trd, 4319413.493, 137
Trd, 4319413.993, 106
Trd, 4319414.193, 98
Trd, 4319414.243, 97
Trd, 4319416.243, 66
Trd, 4319417.093, 62
Trd, 4319418.143, 129
Trd, 4319418.193, 111
Trd, 4319418.693, 111
Trd, 4319419.893, 123
Trd, 4319420.193, 112
Trd, 4319420.793, 110
Trd, 4319421.443, 82
Trd, 4319421.543, 86
Trd, 4319421.993, 103
Trd, 4319422.893, 101
Trd, 4319424.293, 119
Trd, 4319424.893, 104
Trd, 4319425.193, 124
Trd, 4319425.843, 100
Trd, 4319425.943, 72
Trd, 4319426.743, 132
Trd, 4319427.243, 99
Trd, 4319427.793, 92
Trd, 4319428.643, 102
Trd, 4319429.293, 88
Trd, 4319429.893, 86
Trd, 4319430.293, 67
Trd, 4319431.143, 112
Trd, 4319432.543, 93
Trd, 4319433.993, 99
Trd, 4319434.193, 101
Trd, 4319434.643, 128
Trd, 4319434.693, 106
Trd, 4319434.893, 90
Trd, 4319435.893, 105
Trd, 4319436.693, 91
Trd, 4319438.143, 108
Trd, 4319439.693, 122
Trd, 4319440.093, 112
Trd, 4319440.393, 93
Trd, 4319440.943, 131
Trd, 4319441.143, 125
Trd, 4319441.943, 89
Trd, 4319442.793, 118
Trd, 4319443.093, 85
Trd, 4319444.993, 112
Trd, 4319445.843, 120
Trd, 4319446.293, 121
Trd, 4319446.593, 123
Trd, 4319447.593, 112
Trd, 4319448.293, 114
Trd, 4319448.743, 102
Trd, 4319448.793, 99
Trd, 4319449.943, 127
Trd, 4319451.043, 112
Trd, 4319451.443, 95
Trd, 4319453.243, 78
Trd, 4319454.443, 88
Trd, 4319454.543, 128
Trd, 4319455.343, 104
Trd, 4319455.843, 75
Trd, 4319457.193, 107
Trd, 4319458.043, 115
Trd, 4319458.643, 107
Trd, 4319459.143, 108
Trd, 4319459.743, 111
Trd, 4319460.393, 135
Trd, 4319460.943, 103
Trd, 4319461.993, 113
Trd, 4319462.293, 69
Trd, 4319463.943, 83
Trd, 4319464.643, 100
Trd, 4319464.743, 90
Trd, 4319465.493, 62
Trd, 4319465.793, 69
Trd, 4319466.093, 73
Trd, 4319467.043, 68
Trd, 4319467.593, 65
Trd, 4319469.743, 87
Trd, 4319470.393, 125
Trd, 4319470.593, 121
Trd, 4319471.493, 94
Trd, 4319472.293, 111
Trd, 4319472.643, 62
Trd, 4319473.393, 65
Trd, 4319474.393, 92
Trd, 4319474.943, 107
Trd, 4319476.443, 65
Trd, 4319476.843, 73
Trd, 4319477.893, 134
Trd, 4319478.193, 110
Trd, 4319478.293, 99
Trd, 4319479.243, 99
Trd, 4319479.293, 83
Trd, 4319479.893, 115
Trd, 4319480.093, 91
Trd, 4319482.043, 78
Trd, 4319482.343, 72
Trd, 4319483.193, 91
Trd, 4319484.543, 66
Trd, 4319485.093, 113
Trd, 4319486.693, 91
Trd, 4319487.393, 81
Trd, 4319488.043, 80
Trd, 4319488.493, 91
Trd, 4319488.693, 111
Trd, 4319488.943, 78
Trd, 4319489.793, 69
Trd, 4319491.193, 110
Trd, 4319491.593, 89
Trd, 4319492.193, 79
Trd, 4319493.443, 106
Trd, 4319493.893, 70
Trd, 4319494.893, 98
Trd, 4319495.893, 88
Trd, 4319496.693, 102
Trd, 4319497.143, 99
Trd, 4319497.393, 101
Trd, 4319498.293, 78
Trd, 4319500.393, 61
Trd, 4319500.443, 65
Trd, 4319500.693, 69
Trd, 4319502.293, 68
Trd, 4319503.293, 74
Trd, 4319503.943, 63
Trd, 4319504.243, 65
Trd, 4319504.993, 82
Trd, 4319505.393, 62
Trd, 4319505.993, 109
Trd, 4319506.543, 87
Trd, 4319506.743, 85
Trd, 4319506.943, 88
Trd, 4319507.193, 82
Trd, 4319508.543, 70
Trd, 4319509.193, 112
Trd, 4319510.593, 122
Trd, 4319510.943, 124
Trd, 4319511.243, 110
Trd, 4319511.343, 109
Trd, 4319512.543, 98
Trd, 4319513.093, 124
Trd, 4319514.343, 132
Trd, 4319515.643, 113
Trd, 4319515.893, 98
Trd, 4319516.343, 96
Trd, 4319516.443, 131
Trd, 4319516.993, 122
Trd, 4319517.593, 98
Trd, 4319517.893, 92
Trd, 4319518.293, 90
Trd, 4319519.843, 81
Trd, 4319519.993, 125
Trd, 4319521.393, 89
Trd, 4319522.243, 107
Trd, 4319522.543, 107
Trd, 4319522.943, 77
Trd, 4319523.193, 90
Trd, 4319523.443, 102
Trd, 4319524.743, 93
Trd, 4319525.793, 106
Trd, 4319526.543, 99
Trd, 4319527.243, 127
Trd, 4319527.893, 110
Trd, 4319529.093, 124
Trd, 4319529.843, 133
Trd, 4319530.193, 118
Trd, 4319530.943, 121
Trd, 4319531.293, 135
Trd, 4319531.593, 112
Trd, 4319531.743, 133
Trd, 4319532.043, 109
Trd, 4319532.793, 92
Trd, 4319533.193, 61
Trd, 4319534.643, 114
Trd, 4319535.043, 97
Trd, 4319536.393, 80
Trd, 4319537.443, 69
Trd, 4319537.943, 77
Trd, 4319538.593, 126
Trd, 4319539.343, 114
Trd, 4319539.543, 103
Trd, 4319540.793, 130
Trd, 4319541.293, 118
Trd, 4319541.793, 114
Trd, 4319544.543, 99
Trd, 4319544.593, 97
Trd, 4319544.693, 92
Trd, 4319544.993, 129
Trd, 4319546.143, 128
Trd, 4319546.343, 122
Trd, 4319547.243, 116
Trd, 4319547.893, 114
Trd, 4319548.393, 105
Trd, 4319548.693, 120
Trd, 4319549.943, 140
Trd, 4319550.843, 75
Trd, 4319551.343, 78
Trd, 4319551.743, 60
Trd, 4319552.593, 64
Trd, 4319553.043, 132
Trd, 4319553.843, 62
Trd, 4319555.693, 76
Trd, 4319556.093, 79
Trd, 4319556.493, 98
Trd, 4319557.143, 94
Trd, 4319558.493, 83
Trd, 4319559.043, 94
Trd, 4319560.543, 134
Trd, 4319560.643, 98
Trd, 4319561.393, 103
Trd, 4319561.493, 88
Trd, 4319562.493, 82
Trd, 4319562.993, 81
Trd, 4319563.893, 78
Trd, 4319565.993, 117
Trd, 4319566.293, 113
Trd, 4319567.143, 113
Trd, 4319568.343, 102
Trd, 4319568.593, 109
Trd, 4319568.643, 110
Trd, 4319568.943, 121
Trd, 4319569.593, 126
Trd, 4319569.843, 70
Trd, 4319570.743, 103
Trd, 4319571.793, 106
Trd, 4319572.593, 105
Trd, 4319573.093, 109
Trd, 4319574.743, 84
Trd, 4319575.243, 120
Trd, 4319575.993, 80
Trd, 4319576.193, 113
Trd, 4319577.193, 130
Trd, 4319577.243, 101
Trd, 4319578.643, 106
Trd, 4319579.243, 98
Trd, 4319579.593, 137
Trd, 4319580.293, 89
Trd, 4319580.643, 88
Trd, 4319581.343, 126
Trd, 4319581.893, 80
Trd, 4319582.543, 78
Trd, 4319583.593, 130
Trd, 4319583.943, 117
Trd, 4319584.443, 79
Trd, 4319585.243, 120
Trd, 4319586.343, 106
Trd, 4319587.143, 110
Trd, 4319587.393, 99
Trd, 4319588.843, 123
Trd, 4319589.543, 82
Trd, 4319589.593, 124
Trd, 4319590.693, 83
Trd, 4319591.543, 118
Trd, 4319591.693, 71
Trd, 4319592.093, 137
Trd, 4319592.743, 135
Trd, 4319594.543, 133
Trd, 4319595.293, 139
Trd, 4319595.743, 127
Trd, 4319596.043, 131
Trd, 4319596.193, 124
Trd, 4319596.393, 111
Trd, 4319597.743, 99
Trd, 4319598.393, 96
Trd, 4319598.693, 107
Trd, 4319598.993, 99
Trd, 4319599.293, 60
Trd, 4319601.693, 119
Trd, 4319602.693, 126
Trd, 4319603.193, 117
Trd, 4319604.293, 124
Trd, 4319604.743, 114
Trd, 4319605.093, 114
Trd, 4319606.843, 137
Trd, 4319607.693, 125
Trd, 4319608.443, 136
Trd, 4319608.593, 126
Trd, 4319609.443, 137
Trd, 4319609.693, 116
Trd, 4319610.143, 132
Trd, 4319611.343, 137
Trd, 4319611.443, 114
Trd, 4319612.443, 122
Trd, 4319612.843, 129
Trd, 4319613.843, 118
Trd, 4319615.143, 120
Trd, 4319615.243, 116
Trd, 4319615.843, 114
Trd, 4319617.743, 124
Trd, 4319617.793, 112
Trd, 4319617.943, 100
Trd, 4319619.243, 87
Trd, 4319619.643, 94
Trd, 4319619.793, 111
Trd, 4319620.043, 119
Trd, 4319620.643, 83
Trd, 4319622.143, 131
Trd, 4319622.843, 129
Trd, 4319623.293, 116
Trd, 4319623.643, 125
Trd, 4319623.743, 92
Trd, 4319623.993, 116
Trd, 4319624.843, 81
Trd, 4319625.693, 63
Trd, 4319626.393, 100
Trd, 4319626.643, 89
Trd, 4319626.843, 66
Trd, 4319629.393, 128
Trd, 4319629.843, 123
Trd, 4319630.543, 98
Trd, 4319630.993, 94
Trd, 4319631.793, 94
Trd, 4319632.093, 116
Trd, 4319633.143, 128
Trd, 4319633.693, 103
Trd, 4319633.743, 88
Trd, 4319633.843, 129
Trd, 4319635.343, 108
Trd, 4319636.043, 83
Trd, 4319637.193, 109
Trd, 4319637.443, 96
Trd, 4319637.743, 98
Trd, 4319638.243, 112
Trd, 4319638.443, 137
Trd, 4319639.093, 98
Trd, 4319639.893, 98
Trd, 4319640.193, 132
Trd, 4319640.943, 109
Trd, 4319641.893, 121
Trd, 4319642.293, 121
Trd, 4319642.693, 113
Trd, 4319642.843, 111
Trd, 4319645.843, 121
Trd, 4319646.193, 127
Trd, 4319646.643, 125
Trd, 4319647.093, 115
Trd, 4319647.193, 124
Trd, 4319647.593, 104
Trd, 4319648.193, 102
Trd, 4319649.793, 98
Trd, 4319650.393, 93
Trd, 4319650.543, 82
Trd, 4319650.643, 108
Trd, 4319651.093, 65
Trd, 4319652.493, 132
Trd, 4319653.893, 95
Trd, 4319654.493, 117
Trd, 4319655.193, 98
Trd, 4319656.443, 138
Trd, 4319656.943, 98
Trd, 4319657.693, 87
Trd, 4319657.993, 104
Trd, 4319658.143, 92
Trd, 4319658.993, 122
Trd, 4319659.943, 130
Trd, 4319660.343, 121
Trd, 4319660.593, 61
Trd, 4319661.793, 91
Trd, 4319662.593, 84
Trd, 4319663.643, 132
Trd, 4319664.843, 120
Trd, 4319665.643, 129
Trd, 4319666.743, 99
Trd, 4319667.093, 95
Trd, 4319668.493, 70
Trd, 4319669.143, 70
Trd, 4319669.643, 60
Trd, 4319670.243, 66
Trd, 4319671.893, 83
Trd, 4319672.043, 114
Trd, 4319672.493, 111
Trd, 4319674.043, 109
Trd, 4319674.143, 110
Trd, 4319674.343, 92
Trd, 4319675.093, 134
Trd, 4319675.643, 78
Trd, 4319676.943, 82
Trd, 4319677.993, 108
Trd, 4319678.793, 99
Trd, 4319678.943, 102
Trd, 4319680.143, 128
Trd, 4319680.193, 125
Trd, 4319680.343, 118
Trd, 4319680.593, 117
Trd, 4319681.793, 134
Trd, 4319681.843, 114
Trd, 4319682.043, 85
Trd, 4319682.843, 86
Trd, 4319684.793, 85
Trd, 4319685.393, 102
Trd, 4319685.693, 79
Trd, 4319686.393, 72
Trd, 4319687.643, 60
Trd, 4319687.793, 80
Trd, 4319687.843, 94
Trd, 4319688.893, 102
Trd, 4319691.893, 100
Trd, 4319691.993, 93
Trd, 4319692.893, 90
Trd, 4319693.343, 131
Trd, 4319694.593, 123
Trd, 4319694.743, 106
Trd, 4319695.393, 104
Trd, 4319695.893, 120
Trd, 4319696.793, 130
Trd, 4319697.543, 114
Trd, 4319697.993, 136
Trd, 4319698.443, 97
Trd, 4319698.543, 80
Trd, 4319699.293, 71
Trd, 4319699.643, 73
Trd, 4319699.993, 78
Trd, 4319701.343, 93
Trd, 4319702.093, 94
Trd, 4319703.643, 133
Trd, 4319703.943, 124
Trd, 4319704.693, 134
Trd, 4319705.843, 99
Trd, 4319706.143, 94
Trd, 4319707.093, 110
Trd, 4319707.893, 101
Trd, 4319708.393, 96
Trd, 4319708.443, 100
Trd, 4319708.643, 93
Trd, 4319708.793, 115
Trd, 4319709.343, 62
Trd, 4319710.443, 108
Trd, 4319710.893, 139
Trd, 4319712.693, 112
Trd, 4319713.493, 103
Trd, 4319713.693, 96
Trd, 4319714.493, 104
Trd, 4319714.943, 97
Trd, 4319715.243, 93
Trd, 4319715.643, 117
Trd, 4319716.593, 70
Trd, 4319717.193, 109
Trd, 4319718.243, 135
Trd, 4319718.543, 132
Trd, 4319719.343, 123
Trd, 4319719.693, 130
Trd, 4319720.693, 106
Trd, 4319721.093, 130
Trd, 4319721.143, 95
Trd, 4319721.493, 90
Trd, 4319723.143, 77
Trd, 4319723.893, 69
Trd, 4319724.193, 83
Trd, 4319724.343, 94
Trd, 4319724.843, 110
Trd, 4319725.193, 81
Trd, 4319726.143, 129
Trd, 4319727.843, 64
Trd, 4319728.093, 129
Trd, 4319728.343, 67
Trd, 4319728.693, 121
Trd, 4319729.093, 116
Trd, 4319729.643, 67
Trd, 4319731.143, 81
Trd, 4319731.943, 81
Trd, 4319732.493, 121
Trd, 4319732.993, 98
Trd, 4319733.443, 121
Trd, 4319734.143, 104
Trd, 4319734.443, 114
Trd, 4319735.043, 118
Trd, 4319736.543, 82
Trd, 4319737.343, 122
Trd, 4319737.993, 87
Trd, 4319738.393, 62
Trd, 4319739.243, 133
Trd, 4319740.243, 135
Trd, 4319740.943, 69
Trd, 4319741.193, 78
Trd, 4319741.593, 112
Trd, 4319741.893, 92
Trd, 4319743.793, 109
Trd, 4319743.893, 104
Trd, 4319744.343, 69
Trd, 4319744.443, 108
Trd, 4319745.543, 97
Trd, 4319748.193, 123
Trd, 4319748.793, 112
Trd, 4319748.893, 106
Trd, 4319749.493, 108
Trd, 4319749.893, 101
Trd, 4319750.243, 133
Trd, 4319750.593, 122
Trd, 4319751.343, 109
Trd, 4319753.193, 105
Trd, 4319753.243, 115
Trd, 4319753.393, 140
Trd, 4319753.493, 80
Trd, 4319753.843, 71
Trd, 4319755.393, 70
Trd, 4319756.343, 103
Trd, 4319756.393, 75
Trd, 4319757.293, 118
Trd, 4319757.343, 125
Trd, 4319757.793, 123
Trd, 4319759.593, 109
Trd, 4319760.643, 107
Trd, 4319761.293, 114
Trd, 4319761.993, 127
Trd, 4319762.093, 102
Trd, 4319762.143, 99
Trd, 4319763.843, 137
Trd, 4319763.893, 115
Trd, 4319763.993, 84
Trd, 4319765.043, 62
Trd, 4319765.993, 91
Trd, 4319766.793, 117
Trd, 4319767.843, 121
Trd, 4319768.443, 106
Trd, 4319768.593, 92
Trd, 4319770.043, 90
Trd, 4319770.493, 77
Trd, 4319771.443, 125
Trd, 4319771.493, 91
Trd, 4319771.893, 72
Trd, 4319772.593, 76
Trd, 4319774.143, 60
Trd, 4319775.143, 111
Trd, 4319775.793, 94
Trd, 4319776.393, 111
Trd, 4319778.293, 87
Trd, 4319778.493, 84
Trd, 4319778.793, 68
Trd, 4319779.143, 81
Trd, 4319779.743, 73
Trd, 4319780.293, 70
Trd, 4319780.343, 63
Trd, 4319780.793, 94
Trd, 4319781.893, 128
Trd, 4319783.543, 120
Trd, 4319784.193, 87
Trd, 4319785.043, 86
Trd, 4319785.393, 78
Trd, 4319785.943, 110
Trd, 4319786.643, 121
Trd, 4319786.993, 115
Trd, 4319788.093, 102
Trd, 4319789.143, 122
Trd, 4319789.293, 108
Trd, 4319790.493, 60
Trd, 4319790.743, 98
Trd, 4319791.343, 75
Trd, 4319792.143, 91
Trd, 4319792.343, 122
Trd, 4319792.843, 127
Trd, 4319793.643, 140
Trd, 4319795.643, 69
Trd, 4319797.443, 73
Trd, 4319797.843, 70
Trd, 4319799.143, 120
Trd, 4319799.693, 133
Trd, 4319799.943, 113
Trd, 4319800.143, 129
Trd, 4319801.143, 98
Trd, 4319801.393, 94
Trd, 4319802.693, 79
Trd, 4319803.993, 77
Trd, 4319804.643, 82
Trd, 4319804.793, 113
Trd, 4319806.293, 93
Trd, 4319806.543, 86
Trd, 4319807.193, 122
Trd, 4319808.193, 132
Trd, 4319808.843, 135
Trd, 4319810.343, 135
Trd, 4319811.043, 102
Trd, 4319811.193, 109
Trd, 4319811.443, 125
Trd, 4319811.793, 92
Trd, 4319812.943, 89
Trd, 4319814.793, 106
Trd, 4319815.843, 96
Trd, 4319816.093, 82
Trd, 4319816.643, 68
Trd, 4319817.993, 73
Trd, 4319819.693, 98
Trd, 4319820.193, 138
Trd, 4319821.443, 116
Trd, 4319821.543, 99
Trd, 4319821.643, 123
Trd, 4319822.243, 89
Trd, 4319823.993, 130
Trd, 4319824.743, 116
Trd, 4319825.193, 115
Trd, 4319825.243, 106
Trd, 4319825.593, 113
Trd, 4319826.293, 137
Trd, 4319827.743, 90
Trd, 4319828.643, 114
Trd, 4319828.993, 105
Trd, 4319829.793, 122
Trd, 4319829.943, 104
Trd, 4319830.193, 88
Trd, 4319831.093, 99
Trd, 4319831.943, 114
Trd, 4319832.093, 121
Trd, 4319832.143, 108
Trd, 4319835.193, 85
Trd, 4319835.943, 124
Trd, 4319835.993, 84
Trd, 4319837.193, 79
Trd, 4319837.843, 92
Trd, 4319837.943, 113
Trd, 4319838.093, 99
Trd, 4319838.343, 68
Trd, 4319840.493, 94
Trd, 4319840.643, 123
Trd, 4319840.743, 89
Trd, 4319842.293, 119
Trd, 4319842.343, 117
Trd, 4319843.043, 123
Trd, 4319843.843, 97
Trd, 4319844.243, 96
Trd, 4319845.793, 113
Trd, 4319846.043, 107
Trd, 4319846.243, 85
Trd, 4319847.043, 111
Trd, 4319847.343, 140
Trd, 4319849.093, 76
Trd, 4319849.743, 69
Trd, 4319850.543, 130
Trd, 4319850.693, 110
Trd, 4319850.893, 101
Trd, 4319851.693, 92
Trd, 4319851.943, 68
Trd, 4319853.143, 83
Trd, 4319854.343, 64
Trd, 4319854.743, 122
Trd, 4319855.643, 126
Trd, 4319856.093, 100
Trd, 4319857.493, 74
Trd, 4319858.093, 78
Trd, 4319858.393, 102
Trd, 4319858.593, 110
Trd, 4319859.643, 126
Trd, 4319860.893, 101
Trd, 4319861.643, 106
Trd, 4319861.693, 101
Trd, 4319861.993, 64
Trd, 4319862.593, 131
Trd, 4319863.693, 138
Trd, 4319864.243, 131
Trd, 4319864.643, 96
Trd, 4319864.893, 105
Trd, 4319865.193, 95
Trd, 4319866.243, 120
Trd, 4319866.543, 121
Trd, 4319867.843, 118
Trd, 4319868.293, 118
Trd, 4319869.243, 79
Trd, 4319869.793, 67
Trd, 4319869.893, 95
Trd, 4319870.243, 128
Trd, 4319870.343, 119
Trd, 4319871.743, 69
Trd, 4319872.243, 106
Trd, 4319872.943, 114
Trd, 4319875.393, 91
Trd, 4319876.793, 135
Trd, 4319877.193, 130
Trd, 4319877.243, 125
Trd, 4319877.843, 115
Trd, 4319879.693, 110
Trd, 4319880.193, 118
Trd, 4319880.543, 120
Trd, 4319880.743, 94
Trd, 4319880.943, 130
Trd, 4319882.343, 126
Trd, 4319882.643, 122
Trd, 4319882.843, 110
Trd, 4319884.493, 111
Trd, 4319884.843, 108
Trd, 4319884.993, 102
Trd, 4319885.243, 101
Trd, 4319886.443, 128
Trd, 4319887.243, 64
Trd, 4319887.443, 71
Trd, 4319888.093, 131
Trd, 4319888.643, 83
Trd, 4319890.093, 101
Trd, 4319890.543, 121
Trd, 4319890.643, 106
Trd, 4319891.043, 103
Trd, 4319891.793, 76
Trd, 4319893.093, 120
Trd, 4319894.143, 126
Trd, 4319894.793, 117
Trd, 4319895.393, 130
Trd, 4319897.243, 109
Trd, 4319897.693, 124
Trd, 4319898.343, 124
Trd, 4319898.693, 116
Trd, 4319898.893, 113
Trd, 4319899.593, 130
Trd, 4319900.343, 115
Trd, 4319901.093, 140
Trd, 4319901.343, 114
Trd, 4319901.443, 112
Trd, 4319902.993, 114
Trd, 4319903.993, 87
Trd, 4319904.893, 89
Trd, 4319905.593, 65
Trd, 4319907.043, 86
Trd, 4319907.443, 85
Trd, 4319908.043, 72
Trd, 4319908.743, 128
Trd, 4319909.043, 133
Trd, 4319909.293, 115
Trd, 4319910.593, 133
Trd, 4319911.793, 80
Trd, 4319912.143, 120
Trd, 4319912.343, 130
Trd, 4319912.443, 82
Trd, 4319913.693, 100
Trd, 4319914.043, 95
Trd, 4319915.843, 70
Trd, 4319916.643, 81
Trd, 4319916.743, 104
Trd, 4319917.143, 70
Trd, 4319918.193, 119
Trd, 4319918.643, 118
Trd, 4319919.593, 114
Trd, 4319919.743, 102
Trd, 4319920.243, 87
Trd, 4319921.293, 134
Trd, 4319922.143, 134
Trd, 4319922.643, 123
Trd, 4319922.743, 118
Trd, 4319922.943, 137
Trd, 4319923.643, 113
Trd, 4319923.793, 100
Trd, 4319924.543, 119
Trd, 4319926.293, 101
Trd, 4319926.443, 99
Trd, 4319927.043, 121
Trd, 4319928.243, 62
Trd, 4319928.643, 94
Trd, 4319929.593, 72
Trd, 4319929.843, 61
Trd, 4319929.993, 66
Trd, 4319930.593, 79
Trd, 4319930.893, 99
Trd, 4319930.993, 114
Trd, 4319933.093, 73
Trd, 4319933.543, 62
Trd, 4319934.093, 70
Trd, 4319934.293, 86
Trd, 4319934.343, 93
Trd, 4319936.643, 136
Trd, 4319937.593, 133
Trd, 4319937.893, 126
Trd, 4319939.693, 122
Trd, 4319940.393, 118
Trd, 4319940.893, 104
Trd, 4319941.693, 119
Trd, 4319941.843, 103
Trd, 4319943.193, 125
Trd, 4319944.143, 136
Trd, 4319944.243, 121
Trd, 4319946.493, 105
Trd, 4319946.543, 99
Trd, 4319947.043, 80
Trd, 4319947.293, 127
Trd, 4319948.543, 130
Trd, 4319948.893, 127
Trd, 4319949.343, 111
Trd, 4319949.593, 106
Trd, 4319951.343, 107
Trd, 4319951.893, 123
Trd, 4319951.993, 109
Trd, 4319952.293, 107
Trd, 4319952.693, 110
Trd, 4319953.243, 85
Trd, 4319953.443, 114
Trd, 4319955.143, 137
Trd, 4319955.493, 130
Trd, 4319956.543, 122
Trd, 4319957.643, 96
Trd, 4319958.593, 128
Trd, 4319959.443, 122
Trd, 4319959.543, 112
Trd, 4319960.843, 102
Trd, 4319960.993, 99
Trd, 4319961.093, 77
Trd, 4319961.893, 111
Trd, 4319962.243, 79
Trd, 4319962.743, 118
Trd, 4319964.493, 113
Trd, 4319965.243, 114
Trd, 4319966.293, 129
Trd, 4319966.693, 112
Trd, 4319967.493, 119
Trd, 4319967.893, 67
Trd, 4319968.293, 83
Trd, 4319970.843, 101
Trd, 4319971.443, 133
Trd, 4319972.193, 109
Trd, 4319972.543, 127
Trd, 4319973.643, 122
Trd, 4319973.943, 112
Trd, 4319974.243, 98
Trd, 4319975.043, 97
Trd, 4319975.293, 99
Trd, 4319976.043, 92
Trd, 4319977.343, 62
Trd, 4319978.043, 62
Trd, 4319978.293, 135
Trd, 4319979.743, 101
Trd, 4319980.943, 69
Trd, 4319981.493, 71
Trd, 4319982.243, 70
Trd, 4319982.693, 70
Trd, 4319983.293, 125
Trd, 4319984.643, 100
Trd, 4319985.243, 129
Trd, 4319985.593, 106
Trd, 4319986.393, 97
Trd, 4319986.943, 126
Trd, 4319987.543, 113
Trd, 4319988.093, 118
Trd, 4319988.343, 82
Trd, 4319989.193, 130
Trd, 4319989.243, 97
Trd, 4319990.393, 131
Trd, 4319991.743, 102
Trd, 4319992.643, 117
Trd, 4319992.793, 123
Trd, 4319993.443, 111
Trd, 4319993.643, 88
Trd, 4319993.843, 127
Trd, 4319994.443, 120
Trd, 4319996.343, 120
Trd, 4319996.693, 107
Trd, 4319997.143, 132
Trd, 4319997.493, 70
Trd, 4319999.093, 132
Trd, 4319999.443, 121
Trd, 4319999.643, 121
