Trd, 4318188.493, 140
Trd, 4318188.543, 140
Trd, 4318189.093, 63
Trd, 4318189.893, 64
Trd, 4318190.743, 67
Trd, 4318190.893, 140
Trd, 4318191.393, 137
Trd, 4318192.543, 140
Trd, 4318193.293, 140
Trd, 4318193.893, 139
Trd, 4318194.343, 140
Trd, 4318194.743, 139
Trd, 4318194.843, 138
Trd, 4318195.293, 134
Trd, 4318196.243, 139
Trd, 4318196.993, 140
Trd, 4318197.493, 92
Trd, 4318197.843, 86
Trd, 4318200.093, 60
Trd, 4318200.243, 67
Trd, 4318200.943, 76
Trd, 4318201.393, 65
Trd, 4318202.143, 89
Trd, 4318202.743, 68
Trd, 4318202.843, 73
Trd, 4318203.293, 92
Trd, 4318205.243, 140
Trd, 4318205.393, 140
Trd, 4318205.443, 138
Trd, 4318206.243, 61
Trd, 4318206.843, 92
Trd, 4318207.143, 64
Trd, 4318208.993, 63
Trd, 4318209.743, 61
Trd, 4318210.243, 62
Trd, 4318210.393, 64
Trd, 4318210.993, 61
Trd, 4318213.293, 60
Trd, 4318213.443, 61
Trd, 4318213.493, 61
Trd, 4318214.293, 63
Trd, 4318214.593, 71
Trd, 4318216.393, 60
Trd, 4318217.243, 60
Trd, 4318217.643, 66
Trd, 4318218.243, 93
Trd, 4318218.543, 65
Trd, 4318218.893, 63
Trd, 4318219.493, 129
Trd, 4318220.093, 140
Trd, 4318220.743, 140
Trd, 4318221.193, 140
Trd, 4318222.143, 140
Trd, 4318222.993, 140
Trd, 4318223.893, 140
Trd, 4318224.343, 140
Trd, 4318225.093, 140
Trd, 4318225.643, 140
Trd, 4318225.793, 140
Trd, 4318227.443, 140
Trd, 4318229.143, 140
Trd, 4318229.193, 140
Trd, 4318229.593, 139
Trd, 4318229.743, 139
Trd, 4318230.093, 139
Trd, 4318230.193, 138
Trd, 4318230.443, 138
Trd, 4318231.393, 138
Trd, 4318231.993, 139
Trd, 4318233.143, 140
Trd, 4318233.643, 138
Trd, 4318233.793, 109
Trd, 4318234.193, 61
Trd, 4318236.193, 140
Trd, 4318236.593, 140
Trd, 4318236.893, 140
Trd, 4318237.493, 138
Trd, 4318237.793, 137
Trd, 4318238.193, 139
Trd, 4318239.043, 62
Trd, 4318240.343, 77
Trd, 4318240.593, 137
Trd, 4318242.593, 60
Trd, 4318242.993, 65
Trd, 4318243.243, 60
Trd, 4318243.343, 138
Trd, 4318243.943, 138
Trd, 4318244.893, 75
Trd, 4318245.493, 140
Trd, 4318246.893, 66
Trd, 4318247.193, 139
Trd, 4318247.293, 62
Trd, 4318248.893, 69
Trd, 4318249.343, 99
Trd, 4318249.843, 60
Trd, 4318250.393, 60
Trd, 4318251.543, 62
Trd, 4318253.243, 68
Trd, 4318253.393, 60
Trd, 4318253.643, 140
Trd, 4318253.993, 140
Trd, 4318254.493, 138
Trd, 4318255.543, 140
Trd, 4318255.793, 140
Trd, 4318255.843, 140
Trd, 4318256.843, 140
Trd, 4318257.293, 140
Trd, 4318258.043, 139
Trd, 4318258.143, 129
Trd, 4318259.043, 140
Trd, 4318259.143, 140
Trd, 4318259.843, 140
Trd, 4318260.943, 140
Trd, 4318262.193, 140
Trd, 4318262.643, 140
Trd, 4318262.993, 139
Trd, 4318263.043, 115
Trd, 4318263.893, 65
Trd, 4318264.243, 61
Trd, 4318264.893, 60
Trd, 4318265.043, 139
Trd, 4318265.493, 140
Trd, 4318266.193, 139
Trd, 4318267.243, 66
Trd, 4318268.143, 139
Trd, 4318268.643, 65
Trd, 4318270.193, 63
Trd, 4318271.543, 140
Trd, 4318271.843, 140
Trd, 4318271.893, 139
Trd, 4318272.293, 140
Trd, 4318272.693, 140
Trd, 4318273.343, 140
Trd, 4318273.543, 138
Trd, 4318274.243, 139
Trd, 4318274.693, 139
Trd, 4318275.393, 139
Trd, 4318276.043, 125
Trd, 4318276.693, 140
Trd, 4318276.743, 114
Trd, 4318277.393, 139
Trd, 4318278.393, 72
Trd, 4318278.643, 139
Trd, 4318279.443, 121
Trd, 4318280.093, 60
Trd, 4318280.443, 138
Trd, 4318281.343, 140
Trd, 4318281.843, 138
Trd, 4318283.243, 140
Trd, 4318283.943, 140
Trd, 4318284.343, 140
Trd, 4318284.543, 139
Trd, 4318284.693, 139
Trd, 4318284.843, 137
Trd, 4318285.893, 79
Trd, 4318286.193, 135
Trd, 4318286.843, 140
Trd, 4318287.543, 140
Trd, 4318288.193, 140
Trd, 4318288.443, 140
Trd, 4318290.043, 140
Trd, 4318290.843, 140
Trd, 4318291.143, 140
Trd, 4318291.543, 140
Trd, 4318291.893, 139
Trd, 4318292.893, 140
Trd, 4318292.993, 139
Trd, 4318293.843, 110
Trd, 4318294.743, 140
Trd, 4318294.793, 140
Trd, 4318295.243, 70
Trd, 4318295.693, 139
Trd, 4318296.193, 140
Trd, 4318298.043, 125
Trd, 4318298.193, 140
Trd, 4318298.943, 139
Trd, 4318299.043, 70
Trd, 4318300.143, 60
Trd, 4318300.743, 60
Trd, 4318300.793, 132
Trd, 4318301.843, 64
Trd, 4318302.243, 65
Trd, 4318302.693, 63
Trd, 4318303.693, 139
Trd, 4318305.293, 71
Trd, 4318305.343, 73
Trd, 4318307.393, 60
Trd, 4318308.093, 62
Trd, 4318308.993, 64
Trd, 4318309.243, 62
Trd, 4318309.343, 64
Trd, 4318309.493, 61
Trd, 4318309.893, 61
Trd, 4318311.293, 64
Trd, 4318311.543, 60
Trd, 4318313.293, 71
Trd, 4318313.843, 61
Trd, 4318314.143, 61
Trd, 4318315.243, 62
Trd, 4318315.543, 64
Trd, 4318315.593, 129
Trd, 4318315.943, 67
Trd, 4318317.743, 60
Trd, 4318317.893, 60
Trd, 4318318.893, 61
Trd, 4318318.993, 65
Trd, 4318319.493, 132
Trd, 4318320.743, 64
Trd, 4318320.993, 61
Trd, 4318321.243, 65
Trd, 4318321.393, 65
Trd, 4318322.643, 62
Trd, 4318325.043, 66
Trd, 4318325.143, 66
Trd, 4318325.243, 89
Trd, 4318326.093, 60
Trd, 4318327.043, 61
Trd, 4318327.493, 60
Trd, 4318327.593, 64
Trd, 4318328.243, 84
Trd, 4318328.393, 64
Trd, 4318328.693, 60
Trd, 4318329.293, 64
Trd, 4318331.193, 61
Trd, 4318331.443, 62
Trd, 4318332.643, 60
Trd, 4318332.893, 62
Trd, 4318333.093, 65
Trd, 4318333.893, 65
Trd, 4318334.743, 63
Trd, 4318335.243, 60
Trd, 4318335.843, 61
Trd, 4318336.193, 65
Trd, 4318336.843, 65
Trd, 4318337.693, 60
Trd, 4318338.543, 60
Trd, 4318338.693, 70
Trd, 4318338.743, 71
Trd, 4318340.843, 60
Trd, 4318340.893, 61
Trd, 4318343.143, 60
Trd, 4318343.193, 60
Trd, 4318343.693, 140
Trd, 4318344.043, 61
Trd, 4318344.843, 68
Trd, 4318345.143, 139
Trd, 4318345.693, 62
Trd, 4318346.193, 60
Trd, 4318346.843, 104
Trd, 4318347.543, 67
Trd, 4318348.643, 140
Trd, 4318349.393, 60
Trd, 4318349.893, 65
Trd, 4318350.543, 60
Trd, 4318351.243, 64
Trd, 4318351.743, 60
Trd, 4318352.093, 63
Trd, 4318352.243, 63
Trd, 4318353.793, 140
Trd, 4318354.293, 140
Trd, 4318355.743, 61
Trd, 4318356.493, 65
Trd, 4318356.593, 65
Trd, 4318356.893, 62
Trd, 4318357.593, 137
Trd, 4318357.893, 62
Trd, 4318357.993, 61
Trd, 4318359.093, 122
Trd, 4318359.243, 138
Trd, 4318359.493, 115
Trd, 4318361.643, 61
Trd, 4318362.043, 65
Trd, 4318362.143, 130
Trd, 4318362.593, 138
Trd, 4318363.143, 137
Trd, 4318363.343, 136
Trd, 4318363.893, 62
Trd, 4318364.393, 139
Trd, 4318365.643, 140
Trd, 4318366.543, 140
Trd, 4318367.243, 139
Trd, 4318367.993, 140
Trd, 4318368.243, 140
Trd, 4318368.293, 105
Trd, 4318368.593, 137
Trd, 4318370.043, 61
Trd, 4318370.393, 60
Trd, 4318370.893, 62
Trd, 4318371.193, 67
Trd, 4318371.943, 71
Trd, 4318372.143, 139
Trd, 4318373.043, 74
Trd, 4318373.443, 107
Trd, 4318374.293, 140
Trd, 4318375.393, 66
Trd, 4318376.943, 140
Trd, 4318377.093, 140
Trd, 4318377.493, 140
Trd, 4318377.993, 140
Trd, 4318378.343, 140
Trd, 4318378.443, 139
Trd, 4318379.093, 140
Trd, 4318379.443, 140
Trd, 4318380.493, 140
Trd, 4318382.193, 140
Trd, 4318382.293, 140
Trd, 4318382.343, 137
Trd, 4318383.143, 140
Trd, 4318383.743, 140
Trd, 4318384.143, 140
Trd, 4318384.693, 140
Trd, 4318386.393, 140
Trd, 4318386.993, 136
Trd, 4318388.543, 140
Trd, 4318388.993, 135
Trd, 4318389.243, 138
Trd, 4318389.643, 128
Trd, 4318390.093, 125
Trd, 4318390.443, 125
Trd, 4318391.093, 124
Trd, 4318392.193, 140
Trd, 4318392.893, 140
Trd, 4318393.143, 140
Trd, 4318393.193, 139
Trd, 4318394.193, 140
Trd, 4318394.643, 134
Trd, 4318395.143, 140
Trd, 4318396.243, 139
Trd, 4318396.493, 69
Trd, 4318397.443, 140
Trd, 4318398.493, 140
Trd, 4318398.543, 140
Trd, 4318398.993, 140
Trd, 4318399.093, 140
Trd, 4318400.293, 139
Trd, 4318400.393, 136
Trd, 4318400.893, 140
Trd, 4318402.193, 140
Trd, 4318402.343, 112
Trd, 4318402.943, 138
Trd, 4318404.043, 140
Trd, 4318404.143, 138
Trd, 4318404.893, 121
Trd, 4318404.993, 77
Trd, 4318405.893, 76
Trd, 4318406.243, 98
Trd, 4318406.793, 62
Trd, 4318408.843, 61
Trd, 4318409.243, 63
Trd, 4318409.393, 140
Trd, 4318410.493, 60
Trd, 4318410.793, 70
Trd, 4318411.093, 140
Trd, 4318411.393, 140
Trd, 4318413.143, 140
Trd, 4318413.493, 140
Trd, 4318413.743, 138
Trd, 4318414.593, 140
Trd, 4318415.843, 137
Trd, 4318416.593, 139
Trd, 4318416.743, 137
Trd, 4318417.193, 129
Trd, 4318418.343, 140
Trd, 4318418.793, 140
Trd, 4318419.393, 139
Trd, 4318419.543, 139
Trd, 4318419.843, 131
Trd, 4318420.543, 140
Trd, 4318420.693, 138
Trd, 4318421.993, 140
Trd, 4318422.693, 140
Trd, 4318423.693, 140
Trd, 4318424.493, 140
Trd, 4318425.593, 139
Trd, 4318425.793, 139
Trd, 4318426.093, 137
Trd, 4318426.643, 113
Trd, 4318426.943, 112
Trd, 4318427.943, 140
Trd, 4318427.993, 139
Trd, 4318428.743, 138
Trd, 4318428.793, 68
Trd, 4318429.743, 137
Trd, 4318430.143, 103
Trd, 4318430.493, 140
Trd, 4318430.693, 139
Trd, 4318431.343, 140
Trd, 4318432.493, 140
Trd, 4318432.593, 140
Trd, 4318433.343, 140
Trd, 4318433.693, 139
Trd, 4318434.243, 126
Trd, 4318435.893, 140
Trd, 4318436.143, 140
Trd, 4318436.193, 137
Trd, 4318436.743, 140
Trd, 4318437.093, 100
Trd, 4318437.593, 90
Trd, 4318438.793, 140
Trd, 4318439.143, 139
Trd, 4318440.393, 140
Trd, 4318440.693, 140
Trd, 4318442.143, 140
Trd, 4318443.493, 140
Trd, 4318443.593, 140
Trd, 4318444.093, 140
Trd, 4318444.343, 139
Trd, 4318445.593, 140
Trd, 4318445.893, 133
Trd, 4318447.443, 140
Trd, 4318447.493, 140
Trd, 4318448.543, 140
Trd, 4318448.743, 140
Trd, 4318449.093, 139
Trd, 4318450.993, 140
Trd, 4318451.593, 140
Trd, 4318452.343, 139
Trd, 4318452.743, 139
Trd, 4318454.043, 140
Trd, 4318454.593, 140
Trd, 4318454.843, 138
Trd, 4318455.143, 136
Trd, 4318455.343, 135
Trd, 4318456.093, 137
Trd, 4318457.243, 139
Trd, 4318457.743, 139
Trd, 4318458.393, 140
Trd, 4318458.893, 140
Trd, 4318459.543, 140
Trd, 4318460.193, 140
Trd, 4318461.393, 140
Trd, 4318462.743, 140
Trd, 4318462.793, 140
Trd, 4318463.143, 140
Trd, 4318463.643, 140
Trd, 4318464.893, 140
Trd, 4318464.943, 140
Trd, 4318465.043, 139
Trd, 4318465.893, 140
Trd, 4318465.943, 134
Trd, 4318466.793, 139
Trd, 4318467.243, 140
Trd, 4318468.393, 140
Trd, 4318468.543, 138
Trd, 4318468.793, 137
Trd, 4318468.943, 77
Trd, 4318470.293, 140
Trd, 4318470.943, 140
Trd, 4318470.993, 140
Trd, 4318472.493, 140
Trd, 4318472.793, 103
Trd, 4318473.343, 140
Trd, 4318473.893, 139
Trd, 4318475.093, 140
Trd, 4318475.443, 140
Trd, 4318475.943, 140
Trd, 4318476.493, 139
Trd, 4318477.543, 60
Trd, 4318478.193, 60
Trd, 4318479.793, 60
Trd, 4318479.893, 60
Trd, 4318480.343, 62
Trd, 4318480.643, 140
Trd, 4318481.243, 140
Trd, 4318481.893, 140
Trd, 4318483.593, 140
Trd, 4318483.843, 140
Trd, 4318484.093, 140
Trd, 4318484.293, 140
Trd, 4318485.093, 140
Trd, 4318485.593, 140
Trd, 4318485.943, 75
Trd, 4318486.893, 138
Trd, 4318487.443, 114
Trd, 4318488.593, 140
Trd, 4318489.043, 139
Trd, 4318489.543, 138
Trd, 4318489.943, 112
Trd, 4318490.243, 68
Trd, 4318490.893, 140
Trd, 4318491.593, 140
Trd, 4318492.693, 140
Trd, 4318493.543, 136
Trd, 4318493.793, 140
Trd, 4318494.043, 65
Trd, 4318495.293, 140
Trd, 4318496.443, 138
Trd, 4318496.793, 137
Trd, 4318496.943, 137
Trd, 4318497.543, 140
Trd, 4318498.193, 64
Trd, 4318498.993, 134
Trd, 4318499.243, 85
Trd, 4318500.393, 60
Trd, 4318500.543, 66
Trd, 4318501.043, 140
Trd, 4318501.543, 140
Trd, 4318502.143, 140
Trd, 4318503.693, 67
Trd, 4318504.343, 139
Trd, 4318504.793, 140
Trd, 4318505.093, 140
Trd, 4318505.443, 140
Trd, 4318506.193, 140
Trd, 4318506.943, 139
Trd, 4318507.393, 139
Trd, 4318507.843, 60
Trd, 4318508.243, 68
Trd, 4318509.093, 60
Trd, 4318509.893, 61
Trd, 4318510.243, 105
Trd, 4318510.493, 127
Trd, 4318511.293, 139
Trd, 4318511.693, 61
Trd, 4318512.743, 78
Trd, 4318512.793, 65
Trd, 4318514.643, 73
Trd, 4318515.093, 64
Trd, 4318515.343, 91
Trd, 4318515.543, 62
Trd, 4318515.843, 128
Trd, 4318516.393, 140
Trd, 4318516.643, 139
Trd, 4318517.543, 63
Trd, 4318518.193, 139
Trd, 4318518.993, 140
Trd, 4318519.793, 134
Trd, 4318520.293, 139
Trd, 4318520.543, 114
Trd, 4318520.943, 64
Trd, 4318522.143, 140
Trd, 4318522.293, 139
Trd, 4318522.743, 140
Trd, 4318522.793, 140
Trd, 4318524.093, 139
Trd, 4318524.543, 140
Trd, 4318524.843, 140
Trd, 4318525.293, 136
Trd, 4318526.443, 140
Trd, 4318526.543, 92
Trd, 4318526.943, 139
Trd, 4318527.243, 118
Trd, 4318528.293, 140
Trd, 4318528.893, 140
Trd, 4318529.793, 140
Trd, 4318531.593, 140
Trd, 4318531.693, 140
Trd, 4318532.293, 139
Trd, 4318532.643, 139
Trd, 4318532.893, 139
Trd, 4318532.943, 138
Trd, 4318534.843, 140
Trd, 4318535.793, 140
Trd, 4318535.893, 140
Trd, 4318536.393, 140
Trd, 4318536.743, 140
Trd, 4318537.343, 139
Trd, 4318538.943, 139
Trd, 4318538.993, 139
Trd, 4318540.243, 140
Trd, 4318540.593, 139
Trd, 4318540.793, 138
Trd, 4318541.293, 140
Trd, 4318542.693, 140
Trd, 4318543.643, 140
Trd, 4318543.843, 138
Trd, 4318544.043, 138
Trd, 4318544.443, 140
Trd, 4318544.593, 137
Trd, 4318544.793, 137
Trd, 4318546.193, 139
Trd, 4318546.243, 139
Trd, 4318546.943, 138
Trd, 4318547.043, 140
Trd, 4318547.743, 138
Trd, 4318548.593, 140
Trd, 4318548.793, 137
Trd, 4318550.143, 140
Trd, 4318550.243, 139
Trd, 4318550.893, 140
Trd, 4318551.343, 135
Trd, 4318551.593, 139
Trd, 4318552.993, 61
Trd, 4318553.093, 64
Trd, 4318553.993, 60
Trd, 4318554.543, 70
Trd, 4318555.293, 62
Trd, 4318555.693, 63
Trd, 4318557.143, 140
Trd, 4318557.493, 62
Trd, 4318557.693, 137
Trd, 4318558.193, 61
Trd, 4318559.093, 60
Trd, 4318560.043, 60
Trd, 4318561.243, 60
Trd, 4318561.393, 60
Trd, 4318561.843, 60
Trd, 4318562.143, 140
Trd, 4318562.593, 140
Trd, 4318563.043, 60
Trd, 4318564.343, 62
Trd, 4318564.893, 70
Trd, 4318565.393, 62
Trd, 4318566.143, 66
Trd, 4318566.743, 60
Trd, 4318569.293, 140
Trd, 4318569.693, 140
Trd, 4318570.193, 140
Trd, 4318570.293, 140
Trd, 4318570.943, 140
Trd, 4318571.293, 140
Trd, 4318572.693, 140
Trd, 4318573.093, 140
Trd, 4318573.293, 140
Trd, 4318573.543, 137
Trd, 4318573.643, 61
Trd, 4318574.043, 76
Trd, 4318574.293, 138
Trd, 4318574.993, 140
Trd, 4318576.743, 140
Trd, 4318577.043, 139
Trd, 4318577.393, 115
Trd, 4318577.693, 139
Trd, 4318578.343, 105
Trd, 4318578.743, 140
Trd, 4318579.643, 62
Trd, 4318580.493, 63
Trd, 4318580.693, 81
Trd, 4318581.393, 137
Trd, 4318582.343, 61
Trd, 4318583.093, 97
Trd, 4318583.993, 95
Trd, 4318584.893, 120
Trd, 4318585.293, 140
Trd, 4318585.493, 128
Trd, 4318585.593, 127
Trd, 4318585.893, 106
Trd, 4318586.443, 104
Trd, 4318587.193, 65
Trd, 4318587.643, 140
Trd, 4318588.293, 140
Trd, 4318588.793, 138
Trd, 4318590.193, 138
Trd, 4318591.193, 140
Trd, 4318591.543, 140
Trd, 4318591.743, 140
Trd, 4318593.443, 140
Trd, 4318593.643, 139
Trd, 4318594.143, 137
Trd, 4318594.743, 138
Trd, 4318595.043, 140
Trd, 4318596.693, 140
Trd, 4318596.793, 140
Trd, 4318597.843, 98
Trd, 4318598.393, 140
Trd, 4318598.643, 140
Trd, 4318599.393, 140
Trd, 4318600.393, 140
Trd, 4318601.293, 140
Trd, 4318601.543, 140
Trd, 4318602.543, 140
Trd, 4318602.643, 138
Trd, 4318603.343, 137
Trd, 4318603.543, 136
Trd, 4318603.593, 123
Trd, 4318605.293, 140
Trd, 4318605.393, 139
Trd, 4318605.593, 119
Trd, 4318606.543, 139
Trd, 4318607.143, 65
Trd, 4318608.243, 140
Trd, 4318608.343, 140
Trd, 4318608.893, 138
Trd, 4318610.293, 140
Trd, 4318610.843, 140
Trd, 4318611.043, 137
Trd, 4318611.843, 140
Trd, 4318612.343, 71
Trd, 4318613.443, 140
Trd, 4318613.643, 140
Trd, 4318614.243, 140
Trd, 4318615.143, 140
Trd, 4318615.193, 139
Trd, 4318615.343, 119
Trd, 4318616.493, 140
Trd, 4318616.993, 60
Trd, 4318617.343, 139
Trd, 4318617.843, 140
Trd, 4318619.293, 140
Trd, 4318619.543, 140
Trd, 4318620.993, 140
Trd, 4318621.343, 139
Trd, 4318621.393, 137
Trd, 4318622.893, 136
Trd, 4318623.193, 120
Trd, 4318623.993, 60
Trd, 4318624.093, 81
Trd, 4318624.393, 63
Trd, 4318624.993, 66
Trd, 4318626.093, 66
Trd, 4318626.893, 63
Trd, 4318627.043, 101
Trd, 4318628.893, 60
Trd, 4318630.343, 61
Trd, 4318630.493, 61
Trd, 4318630.543, 66
Trd, 4318630.843, 70
Trd, 4318631.443, 62
Trd, 4318631.743, 129
Trd, 4318632.543, 63
Trd, 4318633.493, 60
Trd, 4318634.643, 140
Trd, 4318635.493, 140
Trd, 4318635.543, 140
Trd, 4318636.693, 140
Trd, 4318636.793, 140
Trd, 4318637.593, 137
Trd, 4318639.143, 140
Trd, 4318639.193, 140
Trd, 4318639.443, 137
Trd, 4318640.393, 139
Trd, 4318640.543, 140
Trd, 4318640.743, 140
Trd, 4318641.543, 140
Trd, 4318641.693, 139
Trd, 4318642.493, 66
Trd, 4318643.243, 62
Trd, 4318644.443, 140
Trd, 4318644.743, 140
Trd, 4318644.943, 73
Trd, 4318646.293, 139
Trd, 4318647.293, 140
Trd, 4318647.993, 140
Trd, 4318649.693, 140
Trd, 4318649.943, 139
Trd, 4318650.293, 138
Trd, 4318650.593, 140
Trd, 4318650.643, 131
Trd, 4318652.593, 140
Trd, 4318654.093, 140
Trd, 4318654.443, 140
Trd, 4318655.443, 140
Trd, 4318655.893, 140
Trd, 4318656.093, 140
Trd, 4318656.193, 139
Trd, 4318657.093, 139
Trd, 4318657.793, 138
Trd, 4318658.343, 140
Trd, 4318658.393, 140
Trd, 4318660.043, 140
Trd, 4318660.693, 140
Trd, 4318661.293, 139
Trd, 4318661.993, 140
Trd, 4318663.243, 139
Trd, 4318664.493, 140
Trd, 4318664.643, 140
Trd, 4318665.243, 138
Trd, 4318665.743, 140
Trd, 4318665.993, 95
Trd, 4318666.843, 140
Trd, 4318666.943, 139
Trd, 4318668.293, 140
Trd, 4318669.293, 139
Trd, 4318669.343, 139
Trd, 4318669.693, 140
Trd, 4318670.043, 105
Trd, 4318670.193, 140
Trd, 4318671.393, 140
Trd, 4318671.993, 140
Trd, 4318672.043, 127
Trd, 4318672.843, 64
Trd, 4318673.743, 107
Trd, 4318673.993, 77
Trd, 4318674.843, 138
Trd, 4318675.693, 140
Trd, 4318675.743, 138
Trd, 4318676.243, 64
Trd, 4318678.093, 60
Trd, 4318678.493, 63
Trd, 4318679.393, 140
Trd, 4318679.693, 139
Trd, 4318679.793, 139
Trd, 4318680.143, 140
Trd, 4318680.243, 137
Trd, 4318680.593, 64
Trd, 4318681.493, 140
Trd, 4318681.993, 60
Trd, 4318683.793, 135
Trd, 4318684.143, 137
Trd, 4318684.493, 140
Trd, 4318684.793, 140
Trd, 4318685.643, 140
Trd, 4318686.693, 140
Trd, 4318687.193, 140
Trd, 4318687.743, 139
Trd, 4318687.793, 126
Trd, 4318688.843, 139
Trd, 4318688.993, 108
Trd, 4318689.293, 77
Trd, 4318690.143, 66
Trd, 4318690.993, 140
Trd, 4318691.893, 140
Trd, 4318692.543, 140
Trd, 4318692.643, 140
Trd, 4318692.693, 140
Trd, 4318693.393, 140
Trd, 4318694.993, 139
Trd, 4318695.393, 132
Trd, 4318696.393, 139
Trd, 4318696.693, 140
Trd, 4318697.243, 114
Trd, 4318698.793, 140
Trd, 4318699.293, 140
Trd, 4318699.393, 140
Trd, 4318700.343, 61
Trd, 4318700.743, 140
Trd, 4318701.193, 138
Trd, 4318701.993, 139
Trd, 4318702.293, 61
Trd, 4318703.643, 65
Trd, 4318703.943, 61
Trd, 4318705.043, 64
Trd, 4318705.243, 63
Trd, 4318705.443, 61
Trd, 4318706.343, 81
Trd, 4318707.543, 60
Trd, 4318707.993, 63
Trd, 4318709.043, 62
Trd, 4318709.143, 62
Trd, 4318709.443, 66
Trd, 4318710.943, 61
Trd, 4318711.293, 63
Trd, 4318712.143, 60
Trd, 4318713.293, 60
Trd, 4318714.243, 68
Trd, 4318714.643, 71
Trd, 4318714.693, 93
Trd, 4318715.193, 61
Trd, 4318715.943, 65
Trd, 4318717.093, 82
Trd, 4318717.793, 129
Trd, 4318718.543, 67
Trd, 4318719.193, 60
Trd, 4318719.743, 61
Trd, 4318720.343, 60
Trd, 4318720.543, 63
Trd, 4318720.693, 64
Trd, 4318721.093, 119
Trd, 4318722.943, 64
Trd, 4318723.393, 140
Trd, 4318723.593, 139
Trd, 4318724.793, 140
Trd, 4318724.893, 139
Trd, 4318725.243, 139
Trd, 4318725.543, 138
Trd, 4318727.043, 62
Trd, 4318727.493, 63
Trd, 4318727.843, 77
Trd, 4318728.593, 80
Trd, 4318728.993, 117
Trd, 4318729.343, 63
Trd, 4318729.743, 62
Trd, 4318730.443, 62
Trd, 4318730.793, 63
Trd, 4318730.993, 60
Trd, 4318731.493, 93
Trd, 4318732.693, 140
Trd, 4318733.493, 139
Trd, 4318733.643, 140
Trd, 4318734.093, 139
Trd, 4318734.393, 140
Trd, 4318734.843, 112
Trd, 4318736.943, 140
Trd, 4318737.393, 140
Trd, 4318737.993, 139
Trd, 4318738.393, 132
Trd, 4318738.743, 131
Trd, 4318739.093, 140
Trd, 4318739.993, 140
Trd, 4318740.043, 140
Trd, 4318740.743, 140
Trd, 4318742.143, 139
Trd, 4318742.993, 140
Trd, 4318743.493, 62
Trd, 4318744.543, 140
Trd, 4318745.243, 140
Trd, 4318745.293, 140
Trd, 4318745.893, 140
Trd, 4318745.993, 140
Trd, 4318746.093, 140
Trd, 4318746.843, 140
Trd, 4318747.343, 140
Trd, 4318747.743, 139
Trd, 4318748.143, 134
Trd, 4318748.543, 138
Trd, 4318748.943, 64
Trd, 4318749.793, 140
Trd, 4318751.243, 140
Trd, 4318752.243, 122
Trd, 4318752.743, 140
Trd, 4318753.093, 62
Trd, 4318753.793, 68
Trd, 4318754.593, 140
Trd, 4318755.893, 140
Trd, 4318755.993, 140
Trd, 4318756.093, 140
Trd, 4318756.643, 140
Trd, 4318757.343, 140
Trd, 4318758.343, 140
Trd, 4318759.193, 140
Trd, 4318759.443, 140
Trd, 4318759.793, 137
Trd, 4318759.843, 136
Trd, 4318759.993, 102
Trd, 4318761.293, 140
Trd, 4318761.543, 139
Trd, 4318761.843, 137
Trd, 4318762.243, 140
Trd, 4318762.393, 140
Trd, 4318762.443, 140
Trd, 4318764.343, 60
Trd, 4318764.893, 82
Trd, 4318766.093, 63
Trd, 4318767.193, 60
Trd, 4318767.443, 63
Trd, 4318768.443, 61
Trd, 4318768.693, 63
Trd, 4318768.843, 76
Trd, 4318769.393, 94
Trd, 4318770.593, 140
Trd, 4318770.693, 140
Trd, 4318770.843, 140
Trd, 4318770.993, 109
Trd, 4318771.293, 137
Trd, 4318771.993, 101
Trd, 4318772.493, 132
Trd, 4318773.043, 140
Trd, 4318773.793, 139
Trd, 4318774.243, 140
Trd, 4318774.393, 137
Trd, 4318776.693, 140
Trd, 4318777.593, 107
Trd, 4318777.693, 67
Trd, 4318778.343, 139
Trd, 4318778.693, 116
Trd, 4318779.243, 73
Trd, 4318780.443, 140
Trd, 4318781.293, 140
Trd, 4318781.693, 140
Trd, 4318782.343, 140
Trd, 4318782.943, 140
Trd, 4318783.843, 140
Trd, 4318783.893, 140
Trd, 4318786.343, 139
Trd, 4318786.943, 140
Trd, 4318787.443, 140
Trd, 4318788.743, 140
Trd, 4318789.343, 140
Trd, 4318789.543, 140
Trd, 4318790.143, 140
Trd, 4318790.843, 140
Trd, 4318791.043, 139
Trd, 4318791.793, 138
Trd, 4318792.343, 140
Trd, 4318793.393, 140
Trd, 4318794.343, 140
Trd, 4318795.343, 140
Trd, 4318795.393, 140
Trd, 4318795.993, 139
Trd, 4318796.043, 136
Trd, 4318796.093, 114
Trd, 4318796.443, 140
Trd, 4318797.093, 60
Trd, 4318797.243, 62
Trd, 4318798.343, 86
Trd, 4318798.893, 139
Trd, 4318799.743, 139
Trd, 4318800.343, 140
Trd, 4318800.843, 140
Trd, 4318801.143, 138
Trd, 4318801.593, 77
Trd, 4318802.193, 138
Trd, 4318802.843, 135
Trd, 4318803.493, 116
Trd, 4318803.843, 140
Trd, 4318804.293, 139
Trd, 4318805.493, 60
Trd, 4318806.043, 61
Trd, 4318807.393, 140
Trd, 4318807.543, 139
Trd, 4318808.493, 140
Trd, 4318808.593, 140
Trd, 4318809.093, 140
Trd, 4318810.143, 139
Trd, 4318810.343, 136
Trd, 4318811.343, 140
Trd, 4318811.493, 140
Trd, 4318812.843, 140
Trd, 4318813.293, 140
Trd, 4318813.443, 138
Trd, 4318814.843, 140
Trd, 4318815.593, 140
Trd, 4318816.943, 140
Trd, 4318817.093, 140
Trd, 4318817.193, 139
Trd, 4318817.993, 140
Trd, 4318818.593, 140
Trd, 4318820.143, 140
Trd, 4318820.193, 140
Trd, 4318820.243, 140
Trd, 4318821.293, 140
Trd, 4318821.543, 140
Trd, 4318822.293, 140
Trd, 4318822.343, 138
Trd, 4318824.543, 139
Trd, 4318824.843, 139
Trd, 4318825.143, 139
Trd, 4318825.793, 140
Trd, 4318826.143, 112
Trd, 4318827.143, 128
Trd, 4318827.843, 140
Trd, 4318828.443, 140
Trd, 4318828.493, 140
Trd, 4318829.943, 136
Trd, 4318830.493, 66
Trd, 4318830.593, 140
Trd, 4318831.143, 62
Trd, 4318831.243, 87
Trd, 4318832.293, 60
Trd, 4318834.493, 140
Trd, 4318835.143, 140
Trd, 4318835.193, 140
Trd, 4318835.393, 140
Trd, 4318836.193, 139
Trd, 4318836.443, 103
Trd, 4318837.193, 140
Trd, 4318839.043, 65
Trd, 4318839.293, 66
Trd, 4318839.493, 60
Trd, 4318839.793, 136
Trd, 4318840.693, 139
Trd, 4318841.243, 140
Trd, 4318841.693, 139
Trd, 4318841.843, 138
Trd, 4318842.243, 60
Trd, 4318842.793, 139
Trd, 4318844.043, 139
Trd, 4318844.593, 99
Trd, 4318845.193, 61
Trd, 4318846.093, 120
Trd, 4318846.343, 61
Trd, 4318847.343, 66
Trd, 4318847.793, 66
Trd, 4318848.493, 140
Trd, 4318849.693, 61
Trd, 4318849.893, 138
Trd, 4318850.093, 140
Trd, 4318850.493, 140
Trd, 4318850.843, 140
Trd, 4318851.743, 60
Trd, 4318853.393, 140
Trd, 4318854.493, 140
Trd, 4318854.593, 140
Trd, 4318854.993, 138
Trd, 4318855.343, 140
Trd, 4318855.843, 139
Trd, 4318856.143, 139
Trd, 4318856.643, 73
Trd, 4318857.293, 60
Trd, 4318859.043, 140
Trd, 4318859.843, 140
Trd, 4318860.743, 140
Trd, 4318861.943, 140
Trd, 4318862.043, 140
Trd, 4318862.243, 139
Trd, 4318863.393, 140
Trd, 4318863.743, 139
Trd, 4318864.643, 140
Trd, 4318864.993, 140
Trd, 4318865.543, 140
Trd, 4318866.143, 140
Trd, 4318867.343, 139
Trd, 4318867.643, 139
Trd, 4318868.593, 139
Trd, 4318868.693, 139
Trd, 4318869.393, 138
Trd, 4318869.743, 138
Trd, 4318870.993, 140
Trd, 4318871.143, 138
Trd, 4318871.493, 113
Trd, 4318872.943, 140
Trd, 4318873.393, 140
Trd, 4318873.593, 139
Trd, 4318874.093, 140
Trd, 4318874.343, 139
Trd, 4318874.443, 65
Trd, 4318874.893, 140
Trd, 4318875.943, 140
Trd, 4318876.243, 137
Trd, 4318876.843, 139
Trd, 4318877.943, 140
Trd, 4318878.643, 140
Trd, 4318878.793, 140
Trd, 4318879.443, 130
Trd, 4318880.143, 140
Trd, 4318881.193, 140
Trd, 4318881.643, 139
Trd, 4318881.693, 139
Trd, 4318883.443, 140
Trd, 4318883.543, 140
Trd, 4318884.743, 139
Trd, 4318885.143, 139
Trd, 4318885.593, 138
Trd, 4318886.093, 140
Trd, 4318886.793, 140
Trd, 4318887.243, 140
Trd, 4318887.893, 96
Trd, 4318889.393, 140
Trd, 4318889.943, 140
Trd, 4318890.343, 140
Trd, 4318890.543, 128
Trd, 4318890.893, 140
Trd, 4318892.093, 140
Trd, 4318892.593, 140
Trd, 4318893.143, 140
Trd, 4318893.193, 137
Trd, 4318894.543, 139
Trd, 4318894.743, 140
Trd, 4318895.193, 140
Trd, 4318896.143, 139
Trd, 4318897.243, 138
Trd, 4318897.593, 140
Trd, 4318898.093, 81
Trd, 4318898.193, 95
Trd, 4318899.093, 140
Trd, 4318899.443, 138
Trd, 4318900.343, 140
Trd, 4318900.393, 77
Trd, 4318902.093, 139
Trd, 4318902.193, 139
Trd, 4318902.793, 140
Trd, 4318903.143, 140
Trd, 4318904.243, 140
Trd, 4318904.843, 140
Trd, 4318905.293, 140
Trd, 4318905.543, 140
Trd, 4318906.693, 140
Trd, 4318906.743, 140
Trd, 4318907.293, 140
Trd, 4318907.943, 140
Trd, 4318908.893, 140
Trd, 4318909.593, 138
Trd, 4318909.693, 137
Trd, 4318910.143, 140
Trd, 4318910.293, 71
Trd, 4318911.443, 124
Trd, 4318912.643, 97
Trd, 4318912.893, 117
Trd, 4318913.043, 80
Trd, 4318914.043, 111
Trd, 4318914.193, 101
Trd, 4318914.593, 140
Trd, 4318915.543, 140
Trd, 4318915.593, 140
Trd, 4318916.493, 67
Trd, 4318918.143, 67
Trd, 4318918.843, 62
Trd, 4318919.543, 64
Trd, 4318919.843, 63
Trd, 4318919.993, 60
Trd, 4318920.543, 60
Trd, 4318921.093, 71
Trd, 4318922.293, 139
Trd, 4318922.843, 61
Trd, 4318922.993, 62
Trd, 4318923.943, 60
Trd, 4318924.643, 140
Trd, 4318925.993, 140
Trd, 4318926.293, 140
Trd, 4318926.693, 140
Trd, 4318927.343, 139
Trd, 4318927.943, 139
Trd, 4318927.993, 105
Trd, 4318930.143, 140
Trd, 4318931.493, 140
Trd, 4318931.643, 140
Trd, 4318932.043, 140
Trd, 4318932.343, 139
Trd, 4318932.393, 136
Trd, 4318932.843, 131
Trd, 4318934.143, 139
Trd, 4318934.393, 140
Trd, 4318934.743, 138
Trd, 4318934.793, 135
Trd, 4318935.543, 140
Trd, 4318936.143, 137
Trd, 4318936.343, 140
Trd, 4318936.493, 135
Trd, 4318936.843, 138
Trd, 4318938.543, 138
Trd, 4318938.943, 67
Trd, 4318939.343, 140
Trd, 4318941.043, 60
Trd, 4318941.393, 60
Trd, 4318941.643, 139
Trd, 4318942.793, 140
Trd, 4318942.843, 136
Trd, 4318943.743, 140
Trd, 4318944.293, 140
Trd, 4318944.393, 140
Trd, 4318945.543, 140
Trd, 4318946.693, 140
Trd, 4318947.193, 118
Trd, 4318947.743, 140
Trd, 4318947.993, 104
Trd, 4318948.443, 77
Trd, 4318949.743, 60
Trd, 4318949.893, 74
Trd, 4318950.043, 62
Trd, 4318951.893, 61
Trd, 4318952.393, 61
Trd, 4318953.193, 64
Trd, 4318953.743, 73
Trd, 4318953.943, 111
Trd, 4318955.043, 139
Trd, 4318955.493, 139
Trd, 4318956.593, 129
Trd, 4318956.693, 128
Trd, 4318957.743, 68
Trd, 4318957.993, 139
Trd, 4318958.743, 60
Trd, 4318959.293, 140
Trd, 4318959.543, 140
Trd, 4318961.443, 61
Trd, 4318961.593, 140
Trd, 4318962.393, 138
Trd, 4318963.043, 135
Trd, 4318963.793, 63
Trd, 4318964.843, 140
Trd, 4318965.143, 140
Trd, 4318965.243, 137
Trd, 4318965.493, 137
Trd, 4318967.293, 139
Trd, 4318967.643, 139
Trd, 4318967.893, 138
Trd, 4318968.343, 139
Trd, 4318969.643, 138
Trd, 4318970.343, 140
Trd, 4318971.193, 139
Trd, 4318971.543, 133
Trd, 4318972.143, 140
Trd, 4318972.493, 136
Trd, 4318973.243, 60
Trd, 4318973.843, 62
Trd, 4318975.243, 62
Trd, 4318975.293, 81
Trd, 4318975.693, 61
Trd, 4318976.293, 66
Trd, 4318976.943, 60
Trd, 4318977.543, 61
Trd, 4318978.143, 60
Trd, 4318978.743, 60
Trd, 4318979.793, 62
Trd, 4318980.093, 63
Trd, 4318980.493, 65
Trd, 4318981.643, 90
Trd, 4318982.543, 140
Trd, 4318982.743, 140
Trd, 4318982.943, 139
Trd, 4318983.043, 139
Trd, 4318983.393, 138
Trd, 4318984.643, 140
Trd, 4318985.443, 140
Trd, 4318985.643, 140
Trd, 4318985.693, 140
Trd, 4318986.793, 140
Trd, 4318986.993, 140
Trd, 4318989.293, 140
Trd, 4318989.593, 140
Trd, 4318990.093, 140
Trd, 4318990.743, 140
Trd, 4318990.793, 140
Trd, 4318992.393, 140
Trd, 4318992.643, 139
Trd, 4318992.793, 139
Trd, 4318993.443, 120
Trd, 4318993.693, 104
Trd, 4318994.743, 61
Trd, 4318994.793, 64
Trd, 4318996.493, 140
Trd, 4318996.993, 140
Trd, 4318998.043, 140
Trd, 4318999.043, 140
Trd, 4319000.093, 140
Trd, 4319000.893, 140
Trd, 4319001.043, 140
Trd, 4319001.693, 140
Trd, 4319001.843, 140
Trd, 4319002.793, 140
Trd, 4319002.943, 139
Trd, 4319004.143, 137
Trd, 4319004.193, 79
Trd, 4319004.393, 140
Trd, 4319005.143, 60
Trd, 4319005.993, 139
Trd, 4319006.893, 140
Trd, 4319007.943, 140
Trd, 4319008.043, 139
Trd, 4319009.643, 140
Trd, 4319009.943, 140
Trd, 4319010.343, 133
Trd, 4319012.193, 140
Trd, 4319012.543, 140
Trd, 4319013.443, 139
Trd, 4319013.843, 138
Trd, 4319013.943, 131
Trd, 4319014.793, 139
Trd, 4319015.093, 140
Trd, 4319015.143, 138
Trd, 4319016.643, 140
Trd, 4319016.693, 139
Trd, 4319016.793, 139
Trd, 4319017.493, 136
Trd, 4319017.843, 137
Trd, 4319018.343, 122
Trd, 4319019.143, 139
Trd, 4319020.443, 140
Trd, 4319020.643, 65
Trd, 4319020.843, 70
Trd, 4319021.293, 61
Trd, 4319021.843, 139
Trd, 4319022.443, 60
Trd, 4319023.193, 65
Trd, 4319024.093, 140
Trd, 4319024.893, 140
Trd, 4319025.193, 139
Trd, 4319025.343, 139
Trd, 4319026.793, 140
Trd, 4319027.143, 140
Trd, 4319027.443, 140
Trd, 4319028.193, 139
Trd, 4319028.293, 139
Trd, 4319029.543, 138
Trd, 4319030.693, 140
Trd, 4319030.843, 140
Trd, 4319030.993, 133
Trd, 4319032.993, 137
Trd, 4319033.243, 127
Trd, 4319034.093, 140
Trd, 4319034.293, 139
Trd, 4319035.543, 140
Trd, 4319035.893, 63
Trd, 4319036.543, 64
Trd, 4319037.393, 140
Trd, 4319037.843, 140
Trd, 4319037.943, 139
Trd, 4319038.943, 63
Trd, 4319039.393, 60
Trd, 4319039.543, 62
Trd, 4319039.743, 124
Trd, 4319040.393, 65
Trd, 4319041.143, 75
Trd, 4319041.293, 140
Trd, 4319043.443, 63
Trd, 4319044.793, 60
Trd, 4319045.193, 60
Trd, 4319046.193, 60
Trd, 4319046.593, 60
Trd, 4319046.643, 62
Trd, 4319046.793, 64
Trd, 4319046.893, 110
Trd, 4319047.293, 63
Trd, 4319048.543, 140
Trd, 4319049.743, 138
Trd, 4319049.793, 112
Trd, 4319050.393, 86
Trd, 4319050.893, 125
Trd, 4319051.393, 66
Trd, 4319053.793, 126
Trd, 4319053.993, 65
Trd, 4319054.043, 66
Trd, 4319055.043, 64
Trd, 4319055.843, 61
Trd, 4319056.943, 73
Trd, 4319057.093, 75
Trd, 4319058.293, 60
Trd, 4319058.443, 61
Trd, 4319058.743, 66
Trd, 4319060.043, 60
Trd, 4319060.143, 64
Trd, 4319061.343, 140
Trd, 4319061.543, 139
Trd, 4319062.093, 138
Trd, 4319062.143, 137
Trd, 4319062.993, 139
Trd, 4319063.393, 62
Trd, 4319064.243, 140
Trd, 4319065.143, 140
Trd, 4319065.193, 139
Trd, 4319066.193, 140
Trd, 4319066.293, 140
Trd, 4319067.193, 140
Trd, 4319067.493, 139
Trd, 4319067.893, 138
Trd, 4319068.593, 139
Trd, 4319068.993, 140
Trd, 4319069.293, 107
Trd, 4319071.643, 140
Trd, 4319072.093, 140
Trd, 4319072.343, 140
Trd, 4319072.443, 140
Trd, 4319072.643, 140
Trd, 4319074.443, 140
Trd, 4319075.043, 140
Trd, 4319075.643, 140
Trd, 4319076.493, 140
Trd, 4319076.693, 140
Trd, 4319076.993, 135
Trd, 4319078.293, 140
Trd, 4319078.693, 140
Trd, 4319078.993, 140
Trd, 4319079.343, 136
Trd, 4319079.943, 138
Trd, 4319080.093, 136
Trd, 4319080.393, 139
Trd, 4319080.443, 122
Trd, 4319081.393, 140
Trd, 4319081.543, 140
Trd, 4319082.893, 66
Trd, 4319082.993, 92
Trd, 4319084.543, 140
Trd, 4319085.043, 140
Trd, 4319085.093, 139
Trd, 4319087.043, 140
Trd, 4319087.793, 140
Trd, 4319087.843, 140
Trd, 4319087.943, 140
Trd, 4319087.993, 137
Trd, 4319088.893, 62
Trd, 4319089.193, 72
Trd, 4319090.793, 68
Trd, 4319091.443, 61
Trd, 4319092.193, 64
Trd, 4319092.343, 65
Trd, 4319093.593, 60
Trd, 4319093.693, 63
Trd, 4319094.443, 61
Trd, 4319095.943, 60
Trd, 4319096.943, 63
Trd, 4319098.043, 81
Trd, 4319098.243, 140
Trd, 4319098.443, 137
Trd, 4319098.943, 90
Trd, 4319098.993, 87
Trd, 4319099.793, 140
Trd, 4319100.743, 138
Trd, 4319100.893, 136
Trd, 4319101.193, 61
Trd, 4319102.293, 62
Trd, 4319102.543, 68
Trd, 4319103.293, 116
Trd, 4319103.643, 115
Trd, 4319104.793, 140
Trd, 4319106.093, 138
Trd, 4319106.193, 128
Trd, 4319107.193, 140
Trd, 4319107.443, 140
Trd, 4319108.393, 138
Trd, 4319108.693, 139
Trd, 4319109.543, 69
Trd, 4319110.143, 60
Trd, 4319110.343, 88
Trd, 4319110.793, 66
Trd, 4319111.543, 63
Trd, 4319111.643, 60
Trd, 4319112.093, 63
Trd, 4319113.343, 66
Trd, 4319113.643, 139
Trd, 4319114.643, 62
Trd, 4319115.293, 138
Trd, 4319115.643, 140
Trd, 4319116.693, 140
Trd, 4319116.843, 140
Trd, 4319117.143, 139
Trd, 4319117.393, 140
Trd, 4319118.193, 136
Trd, 4319118.293, 75
Trd, 4319118.793, 140
Trd, 4319119.143, 60
Trd, 4319120.143, 60
Trd, 4319121.193, 140
Trd, 4319121.943, 62
Trd, 4319122.243, 139
Trd, 4319123.143, 72
Trd, 4319123.393, 140
Trd, 4319124.043, 140
Trd, 4319124.643, 139
Trd, 4319125.643, 140
Trd, 4319126.043, 80
Trd, 4319126.643, 62
Trd, 4319127.143, 70
Trd, 4319127.393, 110
Trd, 4319127.693, 62
Trd, 4319129.243, 140
Trd, 4319129.543, 140
Trd, 4319129.743, 140
Trd, 4319130.193, 140
Trd, 4319130.243, 139
Trd, 4319131.943, 83
Trd, 4319132.443, 139
Trd, 4319132.743, 81
Trd, 4319132.793, 71
Trd, 4319134.343, 140
Trd, 4319134.893, 140
Trd, 4319137.193, 140
Trd, 4319137.393, 140
Trd, 4319137.443, 138
Trd, 4319138.543, 140
Trd, 4319138.793, 140
Trd, 4319139.143, 122
Trd, 4319139.243, 99
Trd, 4319139.493, 64
Trd, 4319139.843, 140
Trd, 4319140.093, 140
Trd, 4319140.993, 140
Trd, 4319141.543, 139
Trd, 4319142.143, 140
Trd, 4319143.093, 140
Trd, 4319143.443, 140
Trd, 4319144.493, 140
Trd, 4319144.643, 129
Trd, 4319145.443, 131
Trd, 4319146.193, 140
Trd, 4319146.293, 140
Trd, 4319147.493, 140
Trd, 4319148.393, 140
Trd, 4319148.993, 140
Trd, 4319149.343, 140
Trd, 4319149.643, 140
Trd, 4319149.843, 120
Trd, 4319151.043, 140
Trd, 4319151.743, 62
Trd, 4319152.243, 61
Trd, 4319153.043, 140
Trd, 4319153.843, 140
Trd, 4319153.943, 140
Trd, 4319154.243, 140
Trd, 4319154.643, 139
Trd, 4319155.893, 140
Trd, 4319156.493, 140
Trd, 4319157.093, 140
Trd, 4319157.843, 140
Trd, 4319158.443, 140
Trd, 4319158.943, 140
Trd, 4319159.093, 139
Trd, 4319159.393, 139
Trd, 4319159.443, 106
Trd, 4319159.943, 140
Trd, 4319160.793, 140
Trd, 4319161.543, 140
Trd, 4319161.693, 95
Trd, 4319163.093, 140
Trd, 4319163.643, 140
Trd, 4319164.043, 139
Trd, 4319164.093, 139
Trd, 4319164.343, 122
Trd, 4319165.343, 139
Trd, 4319165.593, 139
Trd, 4319166.293, 61
Trd, 4319166.943, 63
Trd, 4319167.243, 140
Trd, 4319167.693, 139
Trd, 4319168.543, 64
Trd, 4319169.193, 140
Trd, 4319169.493, 137
Trd, 4319169.693, 139
Trd, 4319171.293, 140
Trd, 4319171.393, 140
Trd, 4319171.843, 140
Trd, 4319172.443, 140
Trd, 4319172.843, 140
Trd, 4319174.593, 139
Trd, 4319175.293, 140
Trd, 4319175.393, 140
Trd, 4319175.943, 140
Trd, 4319176.143, 139
Trd, 4319176.193, 104
Trd, 4319177.593, 138
Trd, 4319178.793, 140
Trd, 4319179.043, 62
Trd, 4319179.793, 140
Trd, 4319180.043, 140
Trd, 4319180.743, 139
Trd, 4319182.243, 140
Trd, 4319182.993, 140
Trd, 4319183.043, 137
Trd, 4319183.843, 140
Trd, 4319183.893, 140
Trd, 4319184.043, 60
Trd, 4319184.793, 75
Trd, 4319186.143, 139
Trd, 4319187.493, 140
Trd, 4319187.643, 140
Trd, 4319188.543, 140
Trd, 4319188.843, 140
Trd, 4319189.543, 137
Trd, 4319189.743, 136
Trd, 4319190.093, 139
Trd, 4319190.293, 136
Trd, 4319191.143, 140
Trd, 4319191.743, 130
Trd, 4319192.493, 140
Trd, 4319193.293, 140
Trd, 4319193.993, 140
Trd, 4319195.043, 140
Trd, 4319195.193, 139
Trd, 4319195.993, 140
Trd, 4319196.693, 61
Trd, 4319197.543, 60
Trd, 4319198.793, 140
Trd, 4319199.243, 140
Trd, 4319199.393, 140
Trd, 4319199.743, 140
Trd, 4319200.543, 140
Trd, 4319200.743, 140
Trd, 4319201.043, 137
Trd, 4319201.643, 131
Trd, 4319202.393, 61
Trd, 4319202.593, 137
Trd, 4319203.393, 139
Trd, 4319203.843, 139
Trd, 4319204.193, 140
Trd, 4319204.893, 90
Trd, 4319205.943, 96
Trd, 4319206.443, 107
Trd, 4319208.293, 60
Trd, 4319209.793, 62
Trd, 4319209.943, 67
Trd, 4319210.243, 68
Trd, 4319210.593, 72
Trd, 4319210.943, 61
Trd, 4319211.543, 61
Trd, 4319212.543, 65
Trd, 4319213.443, 68
Trd, 4319215.193, 61
Trd, 4319216.343, 60
Trd, 4319216.593, 60
Trd, 4319216.743, 60
Trd, 4319216.993, 60
Trd, 4319217.043, 62
Trd, 4319218.343, 60
Trd, 4319218.493, 61
Trd, 4319218.743, 66
Trd, 4319220.343, 60
Trd, 4319221.093, 61
Trd, 4319221.693, 60
Trd, 4319221.843, 60
Trd, 4319222.343, 62
Trd, 4319223.193, 61
Trd, 4319223.793, 61
Trd, 4319224.143, 65
Trd, 4319225.243, 62
Trd, 4319226.343, 60
Trd, 4319227.043, 63
Trd, 4319227.693, 60
Trd, 4319228.893, 60
Trd, 4319229.593, 64
Trd, 4319229.793, 140
Trd, 4319230.043, 138
Trd, 4319230.493, 138
Trd, 4319230.843, 139
Trd, 4319230.943, 136
Trd, 4319231.843, 60
Trd, 4319232.043, 60
Trd, 4319232.293, 70
Trd, 4319233.043, 75
Trd, 4319233.493, 65
Trd, 4319235.343, 77
Trd, 4319235.743, 63
Trd, 4319236.193, 60
Trd, 4319236.943, 69
Trd, 4319237.493, 61
Trd, 4319237.993, 140
Trd, 4319238.043, 139
Trd, 4319238.693, 68
Trd, 4319240.793, 62
Trd, 4319241.393, 61
Trd, 4319242.393, 60
Trd, 4319242.543, 61
Trd, 4319242.743, 89
Trd, 4319242.843, 61
Trd, 4319243.043, 93
Trd, 4319244.543, 65
Trd, 4319245.893, 61
Trd, 4319246.293, 70
Trd, 4319246.443, 63
Trd, 4319247.243, 63
Trd, 4319247.643, 140
Trd, 4319247.693, 139
Trd, 4319249.493, 140
Trd, 4319249.643, 140
Trd, 4319250.093, 139
Trd, 4319250.243, 137
Trd, 4319250.843, 112
Trd, 4319250.993, 111
Trd, 4319251.493, 132
Trd, 4319252.593, 60
Trd, 4319252.893, 93
Trd, 4319253.093, 140
Trd, 4319254.293, 60
Trd, 4319254.893, 70
Trd, 4319255.293, 76
Trd, 4319256.193, 140
Trd, 4319256.243, 140
Trd, 4319256.843, 140
Trd, 4319257.943, 138
Trd, 4319258.343, 136
Trd, 4319259.743, 139
Trd, 4319260.143, 140
Trd, 4319260.443, 139
Trd, 4319260.943, 138
Trd, 4319261.793, 140
Trd, 4319262.593, 110
Trd, 4319262.643, 69
Trd, 4319263.093, 66
Trd, 4319263.293, 61
Trd, 4319264.143, 61
Trd, 4319264.993, 140
Trd, 4319265.043, 139
Trd, 4319266.093, 139
Trd, 4319267.843, 140
Trd, 4319268.793, 140
Trd, 4319268.993, 140
Trd, 4319269.193, 140
Trd, 4319270.493, 139
Trd, 4319270.643, 138
Trd, 4319271.043, 138
Trd, 4319271.843, 140
Trd, 4319272.093, 140
Trd, 4319272.393, 71
Trd, 4319273.343, 140
Trd, 4319273.893, 140
Trd, 4319274.893, 140
Trd, 4319275.043, 139
Trd, 4319275.493, 128
Trd, 4319276.193, 137
Trd, 4319276.593, 139
Trd, 4319278.593, 140
Trd, 4319278.693, 140
Trd, 4319278.793, 140
Trd, 4319279.543, 140
Trd, 4319279.743, 140
Trd, 4319279.893, 139
Trd, 4319280.193, 137
Trd, 4319281.793, 138
Trd, 4319282.143, 137
Trd, 4319282.993, 140
Trd, 4319283.343, 140
Trd, 4319283.793, 139
Trd, 4319284.393, 139
Trd, 4319284.993, 140
Trd, 4319286.093, 140
Trd, 4319286.593, 140
Trd, 4319286.993, 140
Trd, 4319287.643, 122
Trd, 4319287.943, 139
Trd, 4319288.293, 60
Trd, 4319290.293, 107
Trd, 4319290.993, 140
Trd, 4319291.443, 139
Trd, 4319291.593, 139
Trd, 4319292.093, 139
Trd, 4319292.693, 62
Trd, 4319294.093, 137
Trd, 4319294.643, 137
Trd, 4319295.043, 65
Trd, 4319295.593, 65
Trd, 4319295.893, 84
Trd, 4319297.393, 83
Trd, 4319297.693, 83
Trd, 4319298.093, 138
Trd, 4319298.993, 62
Trd, 4319299.543, 63
Trd, 4319299.793, 125
Trd, 4319300.443, 62
Trd, 4319300.793, 62
Trd, 4319301.543, 64
Trd, 4319303.693, 60
Trd, 4319304.493, 61
Trd, 4319304.593, 61
Trd, 4319304.943, 66
Trd, 4319305.343, 140
Trd, 4319305.793, 138
Trd, 4319306.193, 140
Trd, 4319307.493, 60
Trd, 4319308.493, 60
Trd, 4319308.793, 63
Trd, 4319309.443, 69
Trd, 4319309.743, 93
Trd, 4319309.943, 70
Trd, 4319310.693, 61
Trd, 4319311.443, 61
Trd, 4319312.793, 60
Trd, 4319312.843, 63
Trd, 4319313.143, 140
Trd, 4319313.843, 140
Trd, 4319315.993, 140
Trd, 4319316.043, 139
Trd, 4319316.443, 138
Trd, 4319316.893, 140
Trd, 4319318.243, 140
Trd, 4319318.493, 140
Trd, 4319318.943, 140
Trd, 4319319.893, 140
Trd, 4319320.193, 140
Trd, 4319320.643, 140
Trd, 4319320.943, 140
Trd, 4319322.443, 140
Trd, 4319323.143, 140
Trd, 4319323.193, 140
Trd, 4319324.093, 139
Trd, 4319324.493, 136
Trd, 4319324.693, 76
Trd, 4319325.593, 136
Trd, 4319325.743, 74
Trd, 4319326.343, 89
Trd, 4319327.343, 139
Trd, 4319328.143, 140
Trd, 4319328.293, 140
Trd, 4319328.393, 139
Trd, 4319329.293, 138
Trd, 4319329.543, 138
Trd, 4319330.243, 140
Trd, 4319330.793, 140
Trd, 4319333.193, 67
Trd, 4319333.443, 60
Trd, 4319334.243, 140
Trd, 4319334.293, 139
Trd, 4319334.793, 140
Trd, 4319335.043, 128
Trd, 4319335.743, 60
Trd, 4319337.243, 140
Trd, 4319337.343, 140
Trd, 4319337.893, 140
Trd, 4319338.443, 140
Trd, 4319339.393, 140
Trd, 4319339.943, 139
Trd, 4319340.593, 140
Trd, 4319341.693, 140
Trd, 4319342.243, 140
Trd, 4319342.343, 139
Trd, 4319342.743, 140
Trd, 4319343.743, 140
Trd, 4319344.043, 139
Trd, 4319344.343, 139
Trd, 4319345.193, 139
Trd, 4319345.393, 138
Trd, 4319346.593, 140
Trd, 4319347.993, 140
Trd, 4319348.393, 139
Trd, 4319348.443, 138
Trd, 4319349.393, 140
Trd, 4319350.743, 140
Trd, 4319351.243, 138
Trd, 4319352.143, 140
Trd, 4319352.343, 139
Trd, 4319352.593, 67
Trd, 4319353.293, 138
Trd, 4319353.843, 74
Trd, 4319354.893, 60
Trd, 4319355.243, 72
Trd, 4319356.593, 66
Trd, 4319356.843, 60
Trd, 4319358.343, 60
Trd, 4319358.843, 82
Trd, 4319359.293, 124
Trd, 4319359.393, 123
Trd, 4319359.593, 134
Trd, 4319361.293, 60
Trd, 4319361.593, 60
Trd, 4319361.643, 62
Trd, 4319362.243, 61
Trd, 4319363.343, 60
Trd, 4319363.943, 60
Trd, 4319365.493, 60
Trd, 4319365.743, 60
Trd, 4319365.943, 63
Trd, 4319367.043, 63
Trd, 4319367.243, 130
Trd, 4319368.043, 60
Trd, 4319368.293, 60
Trd, 4319369.093, 61
Trd, 4319369.793, 65
Trd, 4319371.043, 63
Trd, 4319371.343, 65
Trd, 4319371.793, 60
Trd, 4319372.093, 139
Trd, 4319373.793, 61
Trd, 4319373.893, 65
Trd, 4319374.243, 120
Trd, 4319374.493, 132
Trd, 4319374.693, 62
Trd, 4319375.193, 60
Trd, 4319376.293, 67
Trd, 4319376.843, 62
Trd, 4319377.093, 61
Trd, 4319377.493, 63
Trd, 4319377.993, 60
Trd, 4319378.443, 66
Trd, 4319379.493, 140
Trd, 4319381.143, 62
Trd, 4319381.993, 60
Trd, 4319382.193, 62
Trd, 4319383.043, 61
Trd, 4319383.493, 62
Trd, 4319383.643, 64
Trd, 4319384.543, 63
Trd, 4319384.743, 138
Trd, 4319385.293, 60
Trd, 4319385.643, 140
Trd, 4319385.993, 61
Trd, 4319386.243, 136
Trd, 4319388.243, 61
Trd, 4319388.493, 63
Trd, 4319389.393, 60
Trd, 4319390.893, 60
Trd, 4319391.343, 61
Trd, 4319391.693, 64
Trd, 4319392.443, 67
Trd, 4319392.543, 64
Trd, 4319392.743, 70
Trd, 4319393.743, 60
Trd, 4319394.593, 140
Trd, 4319395.743, 140
Trd, 4319396.243, 140
Trd, 4319396.593, 140
Trd, 4319396.693, 140
Trd, 4319398.143, 140
Trd, 4319398.243, 139
Trd, 4319398.393, 137
Trd, 4319399.443, 140
Trd, 4319399.993, 139
Trd, 4319400.693, 138
Trd, 4319401.043, 112
Trd, 4319401.393, 75
Trd, 4319402.193, 139
Trd, 4319402.793, 140
Trd, 4319402.893, 139
Trd, 4319405.193, 60
Trd, 4319406.343, 61
Trd, 4319406.793, 77
Trd, 4319407.043, 103
Trd, 4319407.543, 60
Trd, 4319408.143, 60
Trd, 4319408.243, 64
Trd, 4319409.043, 140
Trd, 4319410.193, 60
Trd, 4319411.643, 64
Trd, 4319411.843, 67
Trd, 4319413.043, 60
Trd, 4319413.893, 61
Trd, 4319414.043, 60
Trd, 4319415.243, 65
Trd, 4319415.493, 65
Trd, 4319416.143, 64
Trd, 4319416.893, 86
Trd, 4319416.943, 104
Trd, 4319418.193, 140
Trd, 4319419.543, 60
Trd, 4319420.143, 63
Trd, 4319420.293, 64
Trd, 4319420.793, 61
Trd, 4319421.293, 79
Trd, 4319422.143, 69
Trd, 4319422.843, 62
Trd, 4319423.393, 64
Trd, 4319424.093, 63
Trd, 4319424.593, 139
Trd, 4319425.143, 140
Trd, 4319425.243, 76
Trd, 4319425.593, 140
Trd, 4319426.743, 140
Trd, 4319427.093, 140
Trd, 4319428.043, 140
Trd, 4319428.743, 140
Trd, 4319429.193, 140
Trd, 4319429.493, 140
Trd, 4319429.993, 140
Trd, 4319430.093, 138
Trd, 4319430.993, 140
Trd, 4319431.343, 140
Trd, 4319431.793, 138
Trd, 4319432.093, 140
Trd, 4319433.443, 140
Trd, 4319434.243, 140
Trd, 4319434.493, 140
Trd, 4319435.393, 140
Trd, 4319435.893, 140
Trd, 4319436.843, 140
Trd, 4319437.443, 140
Trd, 4319437.643, 140
Trd, 4319437.943, 137
Trd, 4319438.693, 139
Trd, 4319438.893, 132
Trd, 4319439.443, 139
Trd, 4319440.293, 135
Trd, 4319441.493, 139
Trd, 4319441.743, 139
Trd, 4319441.793, 72
Trd, 4319442.393, 60
Trd, 4319442.993, 61
Trd, 4319445.293, 140
Trd, 4319445.443, 139
Trd, 4319446.543, 127
Trd, 4319446.593, 130
Trd, 4319446.893, 139
Trd, 4319447.293, 110
Trd, 4319447.393, 109
Trd, 4319447.743, 139
Trd, 4319448.993, 60
Trd, 4319449.693, 65
Trd, 4319449.793, 99
Trd, 4319452.443, 140
Trd, 4319452.843, 137
Trd, 4319453.443, 139
Trd, 4319454.643, 139
Trd, 4319454.943, 136
Trd, 4319455.193, 140
Trd, 4319455.243, 131
Trd, 4319455.693, 69
Trd, 4319455.893, 73
Trd, 4319456.193, 140
Trd, 4319456.493, 137
Trd, 4319457.643, 140
Trd, 4319457.893, 112
Trd, 4319458.143, 111
Trd, 4319458.793, 60
Trd, 4319459.193, 63
Trd, 4319459.293, 60
Trd, 4319461.343, 66
Trd, 4319461.843, 70
Trd, 4319463.493, 61
Trd, 4319463.793, 124
Trd, 4319464.943, 140
Trd, 4319465.043, 139
Trd, 4319465.093, 100
Trd, 4319465.393, 69
Trd, 4319465.543, 63
Trd, 4319466.243, 69
Trd, 4319466.843, 140
Trd, 4319467.493, 67
Trd, 4319468.743, 140
Trd, 4319469.643, 140
Trd, 4319470.143, 140
Trd, 4319471.693, 140
Trd, 4319471.843, 140
Trd, 4319472.293, 140
Trd, 4319472.493, 140
Trd, 4319473.343, 140
Trd, 4319474.293, 140
Trd, 4319475.393, 140
Trd, 4319475.843, 140
Trd, 4319476.393, 140
Trd, 4319476.593, 140
Trd, 4319476.743, 139
Trd, 4319477.043, 126
Trd, 4319478.193, 139
Trd, 4319479.143, 140
Trd, 4319479.343, 140
Trd, 4319479.743, 140
Trd, 4319479.893, 138
Trd, 4319480.943, 140
Trd, 4319482.993, 140
Trd, 4319483.243, 140
Trd, 4319483.293, 140
Trd, 4319484.243, 140
Trd, 4319485.093, 139
Trd, 4319485.593, 140
Trd, 4319485.793, 140
Trd, 4319486.143, 104
Trd, 4319487.393, 140
Trd, 4319488.693, 101
Trd, 4319488.793, 140
Trd, 4319489.793, 104
Trd, 4319490.193, 140
Trd, 4319490.343, 140
Trd, 4319491.093, 63
Trd, 4319492.043, 138
Trd, 4319492.243, 137
Trd, 4319492.743, 102
Trd, 4319493.993, 140
Trd, 4319494.043, 139
Trd, 4319494.543, 135
Trd, 4319494.843, 61
Trd, 4319495.593, 70
Trd, 4319497.593, 64
Trd, 4319498.193, 66
Trd, 4319498.543, 65
Trd, 4319498.793, 63
Trd, 4319498.993, 133
Trd, 4319499.743, 73
Trd, 4319500.193, 63
Trd, 4319500.343, 96
Trd, 4319500.643, 64
Trd, 4319501.993, 139
Trd, 4319502.443, 136
Trd, 4319502.593, 70
Trd, 4319503.093, 140
Trd, 4319503.393, 121
Trd, 4319504.493, 60
Trd, 4319505.793, 137
Trd, 4319505.993, 140
Trd, 4319506.893, 140
Trd, 4319506.993, 135
Trd, 4319508.643, 140
Trd, 4319508.993, 139
Trd, 4319509.943, 140
Trd, 4319510.193, 140
Trd, 4319510.343, 138
Trd, 4319511.943, 140
Trd, 4319512.393, 140
Trd, 4319513.443, 140
Trd, 4319513.793, 140
Trd, 4319513.893, 138
Trd, 4319514.643, 140
Trd, 4319514.943, 118
Trd, 4319516.093, 140
Trd, 4319516.293, 95
Trd, 4319516.893, 140
Trd, 4319517.393, 140
Trd, 4319517.843, 140
Trd, 4319518.443, 60
Trd, 4319519.193, 72
Trd, 4319520.443, 139
Trd, 4319520.843, 138
Trd, 4319520.993, 138
Trd, 4319521.293, 140
Trd, 4319521.693, 61
Trd, 4319522.743, 61
Trd, 4319524.043, 94
Trd, 4319524.693, 140
Trd, 4319524.743, 140
Trd, 4319524.993, 139
Trd, 4319525.793, 60
Trd, 4319526.243, 61
Trd, 4319526.643, 65
Trd, 4319527.043, 75
Trd, 4319528.593, 61
Trd, 4319529.593, 60
Trd, 4319530.243, 140
Trd, 4319530.693, 64
Trd, 4319530.743, 102
Trd, 4319530.943, 68
Trd, 4319532.293, 62
Trd, 4319533.193, 62
Trd, 4319534.643, 63
Trd, 4319534.843, 71
Trd, 4319535.243, 65
Trd, 4319536.943, 63
Trd, 4319537.043, 86
Trd, 4319537.243, 84
Trd, 4319538.243, 140
Trd, 4319538.493, 137
Trd, 4319540.043, 93
Trd, 4319540.493, 138
Trd, 4319540.693, 75
Trd, 4319541.843, 108
Trd, 4319542.643, 61
Trd, 4319543.443, 60
Trd, 4319544.593, 62
Trd, 4319544.693, 67
Trd, 4319545.143, 63
Trd, 4319545.543, 68
Trd, 4319546.893, 109
Trd, 4319547.493, 64
Trd, 4319547.543, 135
Trd, 4319548.393, 60
Trd, 4319549.393, 60
Trd, 4319549.943, 64
Trd, 4319551.343, 60
Trd, 4319552.193, 61
Trd, 4319552.443, 85
Trd, 4319553.143, 64
Trd, 4319553.343, 67
Trd, 4319553.443, 71
Trd, 4319554.643, 60
Trd, 4319555.243, 60
Trd, 4319556.043, 62
Trd, 4319556.593, 64
Trd, 4319556.943, 72
Trd, 4319557.643, 60
Trd, 4319558.343, 66
Trd, 4319559.143, 62
Trd, 4319559.993, 68
Trd, 4319560.293, 85
Trd, 4319561.393, 140
Trd, 4319561.943, 140
Trd, 4319563.193, 61
Trd, 4319563.593, 67
Trd, 4319564.043, 140
Trd, 4319564.943, 139
Trd, 4319565.393, 60
Trd, 4319566.243, 65
Trd, 4319567.393, 140
Trd, 4319568.343, 72
Trd, 4319568.543, 69
Trd, 4319568.943, 64
Trd, 4319569.043, 63
Trd, 4319569.643, 140
Trd, 4319570.543, 140
Trd, 4319570.843, 140
Trd, 4319571.293, 139
Trd, 4319572.043, 140
Trd, 4319574.493, 140
Trd, 4319574.693, 138
Trd, 4319574.943, 138
Trd, 4319575.243, 139
Trd, 4319575.443, 138
Trd, 4319575.593, 131
Trd, 4319577.043, 140
Trd, 4319577.193, 140
Trd, 4319577.543, 71
Trd, 4319578.193, 66
Trd, 4319579.293, 138
Trd, 4319579.343, 95
Trd, 4319580.193, 67
Trd, 4319580.693, 140
Trd, 4319580.793, 66
Trd, 4319582.093, 140
Trd, 4319582.443, 138
Trd, 4319582.893, 137
Trd, 4319583.643, 139
Trd, 4319584.093, 102
Trd, 4319584.993, 140
Trd, 4319585.793, 67
Trd, 4319585.843, 95
Trd, 4319586.893, 140
Trd, 4319587.243, 139
Trd, 4319588.243, 140
Trd, 4319588.843, 140
Trd, 4319588.943, 139
Trd, 4319590.693, 139
Trd, 4319590.843, 140
Trd, 4319591.293, 137
Trd, 4319592.043, 136
Trd, 4319592.693, 140
Trd, 4319592.943, 139
Trd, 4319593.693, 139
Trd, 4319593.843, 136
Trd, 4319594.493, 139
Trd, 4319594.643, 121
Trd, 4319595.543, 62
Trd, 4319596.243, 62
Trd, 4319597.093, 140
Trd, 4319597.993, 136
Trd, 4319599.093, 140
Trd, 4319599.243, 140
Trd, 4319599.543, 140
Trd, 4319601.293, 62
Trd, 4319601.393, 73
Trd, 4319602.193, 75
Trd, 4319602.543, 140
Trd, 4319603.043, 137
Trd, 4319603.243, 137
Trd, 4319603.493, 129
Trd, 4319605.443, 63
Trd, 4319606.243, 60
Trd, 4319606.343, 61
Trd, 4319606.893, 64
Trd, 4319607.143, 82
Trd, 4319607.743, 61
Trd, 4319609.293, 60
Trd, 4319609.443, 66
Trd, 4319610.643, 139
Trd, 4319610.943, 139
Trd, 4319611.843, 140
Trd, 4319612.593, 140
Trd, 4319613.343, 140
Trd, 4319613.793, 140
Trd, 4319614.493, 140
Trd, 4319614.643, 140
Trd, 4319615.393, 140
Trd, 4319615.643, 139
Trd, 4319616.043, 140
Trd, 4319617.493, 140
Trd, 4319618.343, 140
Trd, 4319618.443, 139
Trd, 4319618.993, 138
Trd, 4319619.393, 106
Trd, 4319619.843, 139
Trd, 4319620.643, 106
Trd, 4319621.643, 137
Trd, 4319622.643, 140
Trd, 4319622.793, 140
Trd, 4319623.193, 140
Trd, 4319623.343, 61
Trd, 4319624.093, 140
Trd, 4319624.443, 140
Trd, 4319625.393, 138
Trd, 4319626.093, 140
Trd, 4319626.893, 135
Trd, 4319627.443, 138
Trd, 4319628.093, 138
Trd, 4319628.843, 133
Trd, 4319629.443, 137
Trd, 4319629.543, 132
Trd, 4319630.643, 140
Trd, 4319631.193, 124
Trd, 4319631.543, 140
Trd, 4319632.793, 137
Trd, 4319633.643, 140
Trd, 4319634.243, 140
Trd, 4319634.793, 140
Trd, 4319635.193, 140
Trd, 4319635.993, 140
Trd, 4319636.393, 117
Trd, 4319636.593, 131
Trd, 4319637.393, 140
Trd, 4319637.693, 140
Trd, 4319638.343, 140
Trd, 4319639.593, 139
Trd, 4319641.493, 140
Trd, 4319641.593, 140
Trd, 4319642.193, 139
Trd, 4319642.293, 138
Trd, 4319643.443, 140
Trd, 4319643.793, 140
Trd, 4319643.993, 139
Trd, 4319644.143, 112
Trd, 4319644.693, 103
Trd, 4319645.293, 140
Trd, 4319646.343, 140
Trd, 4319646.743, 140
Trd, 4319647.343, 140
Trd, 4319647.543, 139
Trd, 4319648.743, 140
Trd, 4319649.043, 139
Trd, 4319649.143, 139
Trd, 4319649.893, 140
Trd, 4319650.193, 130
Trd, 4319651.593, 140
Trd, 4319652.243, 138
Trd, 4319652.343, 137
Trd, 4319653.143, 68
Trd, 4319654.343, 140
Trd, 4319654.693, 140
Trd, 4319655.743, 140
Trd, 4319655.843, 138
Trd, 4319657.143, 140
Trd, 4319657.293, 140
Trd, 4319658.493, 139
Trd, 4319658.593, 138
Trd, 4319658.993, 139
Trd, 4319659.793, 140
Trd, 4319660.743, 140
Trd, 4319660.893, 140
Trd, 4319661.343, 139
Trd, 4319661.543, 139
Trd, 4319662.343, 138
Trd, 4319663.393, 127
Trd, 4319664.143, 140
Trd, 4319664.193, 139
Trd, 4319664.843, 140
Trd, 4319666.443, 139
Trd, 4319666.593, 139
Trd, 4319667.243, 140
Trd, 4319667.293, 139
Trd, 4319668.293, 139
Trd, 4319668.743, 128
Trd, 4319670.143, 139
Trd, 4319670.593, 139
Trd, 4319671.543, 140
Trd, 4319671.843, 139
Trd, 4319672.193, 140
Trd, 4319673.743, 140
Trd, 4319674.043, 140
Trd, 4319674.193, 140
Trd, 4319676.143, 140
Trd, 4319676.393, 140
Trd, 4319677.743, 140
Trd, 4319678.343, 140
Trd, 4319678.393, 140
Trd, 4319679.443, 140
Trd, 4319679.793, 140
Trd, 4319679.943, 139
Trd, 4319680.043, 137
Trd, 4319680.443, 122
Trd, 4319681.093, 83
Trd, 4319681.493, 140
Trd, 4319682.743, 140
Trd, 4319682.893, 140
Trd, 4319683.543, 139
Trd, 4319684.393, 140
Trd, 4319684.593, 139
Trd, 4319684.643, 138
Trd, 4319685.743, 138
Trd, 4319687.143, 137
Trd, 4319687.693, 117
Trd, 4319687.943, 139
Trd, 4319688.093, 140
Trd, 4319689.493, 140
Trd, 4319689.693, 140
Trd, 4319690.193, 140
Trd, 4319690.593, 140
Trd, 4319692.093, 140
Trd, 4319692.593, 140
Trd, 4319693.293, 139
Trd, 4319693.393, 138
Trd, 4319693.593, 140
Trd, 4319693.943, 137
Trd, 4319694.193, 103
Trd, 4319694.843, 139
Trd, 4319695.393, 139
Trd, 4319697.293, 62
Trd, 4319697.693, 106
Trd, 4319698.093, 64
Trd, 4319698.743, 62
Trd, 4319699.543, 60
Trd, 4319699.993, 138
Trd, 4319700.443, 127
Trd, 4319701.493, 61
Trd, 4319702.393, 140
Trd, 4319703.043, 140
Trd, 4319703.093, 140
Trd, 4319704.543, 140
Trd, 4319704.893, 140
Trd, 4319705.343, 140
Trd, 4319705.393, 136
Trd, 4319706.143, 139
Trd, 4319706.293, 125
Trd, 4319706.543, 101
Trd, 4319706.993, 138
Trd, 4319707.993, 66
Trd, 4319708.593, 64
Trd, 4319708.743, 75
Trd, 4319709.643, 69
Trd, 4319710.193, 63
Trd, 4319710.293, 89
Trd, 4319712.843, 62
Trd, 4319713.543, 61
Trd, 4319713.643, 70
Trd, 4319713.693, 72
Trd, 4319714.393, 61
Trd, 4319714.643, 60
Trd, 4319714.893, 99
Trd, 4319715.093, 61
Trd, 4319715.293, 133
Trd, 4319715.843, 140
Trd, 4319715.993, 139
Trd, 4319716.793, 138
Trd, 4319718.743, 60
Trd, 4319718.793, 62
Trd, 4319718.893, 124
Trd, 4319720.393, 65
Trd, 4319720.643, 65
Trd, 4319721.193, 95
Trd, 4319721.593, 93
Trd, 4319722.593, 66
Trd, 4319724.193, 140
Trd, 4319725.043, 140
Trd, 4319725.093, 140
Trd, 4319725.293, 140
Trd, 4319726.443, 140
Trd, 4319726.543, 140
Trd, 4319727.143, 140
Trd, 4319727.593, 140
Trd, 4319727.893, 140
Trd, 4319728.043, 81
Trd, 4319728.793, 113
Trd, 4319729.793, 61
Trd, 4319730.543, 107
Trd, 4319731.343, 140
Trd, 4319732.243, 139
Trd, 4319733.243, 140
Trd, 4319733.293, 140
Trd, 4319733.993, 139
Trd, 4319734.243, 140
Trd, 4319734.643, 134
Trd, 4319734.793, 71
Trd, 4319735.443, 140
Trd, 4319735.643, 139
Trd, 4319736.793, 140
Trd, 4319736.943, 75
Trd, 4319737.693, 140
Trd, 4319738.393, 140
Trd, 4319739.143, 140
Trd, 4319739.493, 140
Trd, 4319739.593, 139
Trd, 4319741.493, 140
Trd, 4319741.893, 140
Trd, 4319742.293, 140
Trd, 4319742.893, 139
Trd, 4319743.443, 140
Trd, 4319744.293, 60
Trd, 4319744.693, 139
Trd, 4319745.543, 140
Trd, 4319745.743, 139
Trd, 4319746.343, 97
Trd, 4319746.743, 140
Trd, 4319747.993, 139
Trd, 4319748.143, 107
Trd, 4319748.893, 139
Trd, 4319749.643, 140
Trd, 4319750.393, 140
Trd, 4319750.543, 140
Trd, 4319750.643, 134
Trd, 4319752.743, 140
Trd, 4319753.043, 140
Trd, 4319753.843, 140
Trd, 4319754.893, 139
Trd, 4319754.943, 138
Trd, 4319755.393, 137
Trd, 4319755.843, 138
Trd, 4319756.293, 140
Trd, 4319756.993, 140
Trd, 4319757.993, 140
Trd, 4319758.193, 140
Trd, 4319758.543, 140
Trd, 4319759.543, 140
Trd, 4319760.193, 140
Trd, 4319760.293, 140
Trd, 4319760.643, 140
Trd, 4319761.243, 137
Trd, 4319762.043, 63
Trd, 4319762.143, 63
Trd, 4319762.493, 60
Trd, 4319763.393, 60
Trd, 4319764.243, 67
Trd, 4319765.193, 64
Trd, 4319765.543, 97
Trd, 4319766.093, 139
Trd, 4319767.043, 140
Trd, 4319767.393, 139
Trd, 4319769.543, 140
Trd, 4319769.793, 140
Trd, 4319770.193, 140
Trd, 4319770.693, 140
Trd, 4319771.243, 140
Trd, 4319771.343, 140
Trd, 4319772.493, 139
Trd, 4319772.893, 138
Trd, 4319774.193, 140
Trd, 4319774.693, 140
Trd, 4319776.743, 140
Trd, 4319777.293, 140
Trd, 4319777.493, 140
Trd, 4319777.543, 139
Trd, 4319777.643, 139
Trd, 4319777.993, 140
Trd, 4319778.993, 138
Trd, 4319779.693, 134
Trd, 4319779.893, 134
Trd, 4319780.243, 62
Trd, 4319780.643, 70
Trd, 4319781.093, 64
Trd, 4319782.493, 140
Trd, 4319783.543, 140
Trd, 4319784.193, 140
Trd, 4319784.293, 140
Trd, 4319784.493, 139
Trd, 4319784.593, 85
Trd, 4319787.093, 60
Trd, 4319787.193, 62
Trd, 4319787.593, 66
Trd, 4319789.093, 60
Trd, 4319789.543, 68
Trd, 4319789.593, 82
Trd, 4319790.643, 139
Trd, 4319791.043, 60
Trd, 4319791.093, 62
Trd, 4319792.343, 61
Trd, 4319792.493, 73
Trd, 4319793.043, 60
Trd, 4319793.843, 61
Trd, 4319794.143, 63
Trd, 4319795.393, 61
Trd, 4319795.843, 63
Trd, 4319796.693, 62
Trd, 4319798.243, 61
Trd, 4319798.493, 64
Trd, 4319800.043, 62
Trd, 4319800.693, 62
Trd, 4319801.493, 60
Trd, 4319801.693, 60
Trd, 4319802.093, 63
Trd, 4319803.093, 61
Trd, 4319804.293, 69
Trd, 4319804.543, 61
Trd, 4319805.943, 62
Trd, 4319806.243, 61
Trd, 4319806.693, 63
Trd, 4319806.743, 66
Trd, 4319807.043, 140
Trd, 4319807.793, 135
Trd, 4319809.743, 62
Trd, 4319809.843, 63
Trd, 4319810.143, 65
Trd, 4319810.343, 67
Trd, 4319811.843, 62
Trd, 4319812.093, 66
Trd, 4319812.693, 140
Trd, 4319813.293, 138
Trd, 4319813.543, 136
Trd, 4319814.493, 62
Trd, 4319814.543, 66
Trd, 4319815.693, 64
Trd, 4319816.593, 66
Trd, 4319817.093, 64
Trd, 4319817.343, 122
Trd, 4319819.193, 140
Trd, 4319819.443, 140
Trd, 4319819.693, 140
Trd, 4319819.943, 140
Trd, 4319820.393, 140
Trd, 4319820.893, 137
Trd, 4319821.693, 140
Trd, 4319822.443, 137
Trd, 4319823.293, 139
Trd, 4319823.343, 136
Trd, 4319824.243, 140
Trd, 4319824.543, 140
Trd, 4319825.943, 140
Trd, 4319826.143, 140
Trd, 4319826.493, 134
Trd, 4319827.093, 135
Trd, 4319827.243, 106
Trd, 4319827.943, 60
Trd, 4319828.543, 62
Trd, 4319828.643, 62
Trd, 4319830.293, 62
Trd, 4319831.643, 60
Trd, 4319831.793, 62
Trd, 4319832.343, 60
Trd, 4319832.593, 65
Trd, 4319832.943, 104
Trd, 4319834.993, 60
Trd, 4319835.343, 60
Trd, 4319835.493, 75
Trd, 4319836.143, 68
Trd, 4319837.343, 63
Trd, 4319837.693, 64
Trd, 4319838.493, 140
Trd, 4319838.843, 140
Trd, 4319838.893, 139
Trd, 4319839.093, 138
Trd, 4319840.293, 140
Trd, 4319840.793, 140
Trd, 4319841.543, 140
Trd, 4319841.993, 140
Trd, 4319843.593, 140
Trd, 4319843.843, 140
Trd, 4319843.943, 140
Trd, 4319844.743, 140
Trd, 4319845.643, 140
Trd, 4319846.093, 140
Trd, 4319846.793, 140
Trd, 4319846.893, 139
Trd, 4319847.593, 140
Trd, 4319848.093, 139
Trd, 4319848.893, 128
Trd, 4319850.243, 140
Trd, 4319850.843, 112
Trd, 4319850.993, 78
Trd, 4319853.093, 140
Trd, 4319853.193, 140
Trd, 4319853.343, 140
Trd, 4319853.443, 138
Trd, 4319853.993, 140
Trd, 4319854.043, 140
Trd, 4319854.243, 126
Trd, 4319855.143, 62
Trd, 4319855.593, 140
Trd, 4319857.093, 140
Trd, 4319857.243, 140
Trd, 4319859.093, 140
Trd, 4319859.343, 139
Trd, 4319859.643, 140
Trd, 4319859.693, 117
Trd, 4319860.293, 60
Trd, 4319861.043, 61
Trd, 4319861.543, 62
Trd, 4319861.943, 65
Trd, 4319862.643, 70
Trd, 4319864.493, 61
Trd, 4319865.243, 61
Trd, 4319865.693, 62
Trd, 4319866.293, 133
Trd, 4319866.343, 111
Trd, 4319867.043, 140
Trd, 4319867.843, 140
Trd, 4319868.543, 140
Trd, 4319869.093, 60
Trd, 4319869.343, 140
Trd, 4319871.393, 60
Trd, 4319871.843, 63
Trd, 4319872.743, 94
Trd, 4319873.593, 140
Trd, 4319873.793, 140
Trd, 4319873.943, 137
Trd, 4319874.493, 61
Trd, 4319874.893, 64
Trd, 4319875.793, 61
Trd, 4319877.143, 74
Trd, 4319877.193, 107
Trd, 4319879.043, 60
Trd, 4319879.093, 66
Trd, 4319879.643, 139
Trd, 4319880.293, 60
Trd, 4319881.193, 79
Trd, 4319882.793, 60
Trd, 4319883.593, 60
Trd, 4319883.993, 60
Trd, 4319884.043, 61
Trd, 4319885.393, 74
Trd, 4319885.543, 140
Trd, 4319886.043, 98
Trd, 4319886.993, 62
Trd, 4319888.443, 61
Trd, 4319889.293, 60
Trd, 4319890.593, 60
Trd, 4319891.893, 60
Trd, 4319892.043, 60
Trd, 4319892.543, 71
Trd, 4319893.593, 140
Trd, 4319893.743, 139
Trd, 4319894.443, 140
Trd, 4319894.543, 140
Trd, 4319895.143, 135
Trd, 4319895.393, 105
Trd, 4319895.443, 94
Trd, 4319896.393, 138
Trd, 4319896.693, 61
Trd, 4319898.893, 140
Trd, 4319899.293, 140
Trd, 4319900.193, 140
Trd, 4319900.693, 140
Trd, 4319901.543, 138
Trd, 4319901.593, 114
Trd, 4319902.143, 65
Trd, 4319902.343, 64
Trd, 4319903.143, 140
Trd, 4319904.343, 140
Trd, 4319905.393, 140
Trd, 4319905.493, 140
Trd, 4319905.693, 140
Trd, 4319906.343, 140
Trd, 4319907.093, 140
Trd, 4319908.693, 140
Trd, 4319909.243, 138
Trd, 4319909.643, 139
Trd, 4319909.743, 137
Trd, 4319910.893, 139
Trd, 4319911.343, 138
Trd, 4319911.393, 85
Trd, 4319912.393, 140
Trd, 4319912.893, 140
Trd, 4319913.143, 140
Trd, 4319913.243, 139
Trd, 4319915.643, 139
Trd, 4319916.293, 140
Trd, 4319916.493, 140
Trd, 4319916.943, 139
Trd, 4319917.093, 139
Trd, 4319917.843, 139
Trd, 4319919.193, 140
Trd, 4319919.393, 140
Trd, 4319919.643, 139
Trd, 4319919.743, 116
Trd, 4319921.143, 62
Trd, 4319921.193, 87
Trd, 4319921.993, 140
Trd, 4319922.893, 140
Trd, 4319923.643, 140
Trd, 4319924.693, 140
Trd, 4319924.893, 140
Trd, 4319925.343, 140
Trd, 4319925.693, 140
Trd, 4319925.843, 137
Trd, 4319926.043, 131
Trd, 4319926.543, 60
Trd, 4319927.543, 62
Trd, 4319928.543, 67
Trd, 4319928.643, 64
Trd, 4319929.393, 100
Trd, 4319930.793, 69
Trd, 4319930.843, 128
Trd, 4319932.193, 63
Trd, 4319932.593, 63
Trd, 4319932.693, 64
Trd, 4319933.393, 65
Trd, 4319934.393, 60
Trd, 4319934.993, 69
Trd, 4319935.093, 70
Trd, 4319935.643, 61
Trd, 4319936.343, 63
Trd, 4319937.493, 61
Trd, 4319938.293, 64
Trd, 4319938.843, 65
Trd, 4319939.743, 63
Trd, 4319940.143, 65
Trd, 4319941.193, 62
Trd, 4319941.743, 61
Trd, 4319942.493, 71
Trd, 4319942.543, 136
Trd, 4319943.693, 64
Trd, 4319943.843, 66
Trd, 4319944.793, 138
Trd, 4319945.393, 63
Trd, 4319945.843, 140
Trd, 4319946.493, 140
Trd, 4319946.543, 139
Trd, 4319947.143, 60
Trd, 4319947.493, 71
Trd, 4319947.743, 107
Trd, 4319948.143, 138
Trd, 4319948.643, 140
Trd, 4319949.043, 60
Trd, 4319950.143, 65
Trd, 4319950.943, 61
Trd, 4319952.843, 60
Trd, 4319953.193, 63
Trd, 4319953.243, 65
Trd, 4319955.793, 62
Trd, 4319956.143, 61
Trd, 4319956.493, 65
Trd, 4319956.993, 60
Trd, 4319958.843, 61
Trd, 4319959.243, 60
Trd, 4319959.693, 60
Trd, 4319961.243, 60
Trd, 4319961.493, 60
Trd, 4319961.643, 60
Trd, 4319962.193, 60
Trd, 4319962.843, 63
Trd, 4319964.193, 60
Trd, 4319965.043, 65
Trd, 4319965.393, 61
Trd, 4319965.543, 115
Trd, 4319966.143, 61
Trd, 4319966.643, 140
Trd, 4319968.093, 140
Trd, 4319968.843, 140
Trd, 4319968.993, 140
Trd, 4319969.643, 140
Trd, 4319969.893, 139
Trd, 4319969.943, 138
Trd, 4319972.193, 64
Trd, 4319972.293, 114
Trd, 4319973.243, 60
Trd, 4319973.393, 138
Trd, 4319973.593, 140
Trd, 4319974.143, 140
Trd, 4319974.543, 130
Trd, 4319974.943, 77
Trd, 4319975.693, 64
Trd, 4319975.743, 135
Trd, 4319975.993, 61
Trd, 4319976.593, 61
Trd, 4319977.893, 61
Trd, 4319978.643, 140
Trd, 4319978.943, 137
Trd, 4319979.043, 105
Trd, 4319980.443, 140
Trd, 4319980.693, 73
Trd, 4319981.243, 66
Trd, 4319981.693, 139
Trd, 4319982.393, 65
Trd, 4319983.893, 62
Trd, 4319984.743, 60
Trd, 4319986.493, 60
Trd, 4319986.543, 65
Trd, 4319987.393, 63
Trd, 4319987.943, 70
Trd, 4319988.243, 63
Trd, 4319988.743, 61
Trd, 4319989.093, 60
Trd, 4319989.343, 88
Trd, 4319991.193, 63
Trd, 4319991.393, 70
Trd, 4319991.593, 61
Trd, 4319992.693, 140
Trd, 4319992.843, 140
Trd, 4319993.543, 140
Trd, 4319994.143, 140
Trd, 4319994.393, 140
Trd, 4319994.543, 136
Trd, 4319995.693, 140
Trd, 4319996.043, 139
Trd, 4319996.093, 87
Trd, 4319997.043, 139
Trd, 4319997.643, 138
Trd, 4319998.743, 140
Trd, 4319999.343, 140
