Trd, 4318146.893, 124
Trd, 4318147.293, 140
Trd, 4318148.493, 140
Trd, 4318148.843, 140
Trd, 4318149.293, 140
Trd, 4318149.543, 140
Trd, 4318150.143, 136
Trd, 4318150.743, 135
Trd, 4318151.543, 128
Trd, 4318151.893, 129
Trd, 4318152.893, 133
Trd, 4318152.943, 132
Trd, 4318153.543, 140
Trd, 4318154.443, 132
Trd, 4318154.493, 131
Trd, 4318155.293, 120
Trd, 4318156.993, 102
Trd, 4318157.043, 100
Trd, 4318157.093, 62
Trd, 4318157.493, 64
Trd, 4318159.243, 61
Trd, 4318160.593, 61
Trd, 4318161.943, 60
Trd, 4318162.143, 61
Trd, 4318163.943, 60
Trd, 4318164.493, 60
Trd, 4318165.043, 63
Trd, 4318166.793, 61
Trd, 4318166.893, 61
Trd, 4318167.743, 66
Trd, 4318168.443, 76
Trd, 4318168.793, 67
Trd, 4318169.293, 77
Trd, 4318169.543, 67
Trd, 4318170.443, 140
Trd, 4318170.793, 140
Trd, 4318170.893, 140
Trd, 4318170.993, 139
Trd, 4318171.993, 60
Trd, 4318173.443, 62
Trd, 4318173.743, 60
Trd, 4318174.593, 60
Trd, 4318174.743, 63
Trd, 4318175.243, 63
Trd, 4318175.943, 140
Trd, 4318175.993, 67
Trd, 4318176.893, 103
Trd, 4318176.943, 102
Trd, 4318177.493, 140
Trd, 4318177.843, 140
Trd, 4318177.943, 139
Trd, 4318178.443, 80
Trd, 4318179.943, 81
Trd, 4318179.993, 72
Trd, 4318180.943, 95
Trd, 4318181.593, 61
Trd, 4318182.843, 140
Trd, 4318183.293, 60
Trd, 4318184.843, 61
Trd, 4318184.943, 68
Trd, 4318185.093, 68
Trd, 4318186.393, 64
Trd, 4318186.843, 140
Trd, 4318187.193, 140
Trd, 4318187.543, 140
Trd, 4318187.793, 140
Trd, 4318188.443, 134
Trd, 4318189.993, 140
Trd, 4318190.643, 140
Trd, 4318190.743, 140
Trd, 4318191.593, 140
Trd, 4318192.093, 140
Trd, 4318192.193, 123
Trd, 4318192.943, 110
Trd, 4318193.393, 138
Trd, 4318193.843, 110
Trd, 4318194.493, 137
Trd, 4318194.543, 120
Trd, 4318196.043, 64
Trd, 4318196.293, 70
Trd, 4318198.993, 63
Trd, 4318199.143, 62
Trd, 4318199.243, 60
Trd, 4318199.793, 61
Trd, 4318200.243, 63
Trd, 4318200.643, 61
Trd, 4318201.643, 62
Trd, 4318202.093, 60
Trd, 4318202.393, 65
Trd, 4318203.343, 62
Trd, 4318203.443, 65
Trd, 4318203.793, 74
Trd, 4318204.693, 113
Trd, 4318205.043, 112
Trd, 4318205.093, 110
Trd, 4318207.943, 60
Trd, 4318208.793, 60
Trd, 4318209.743, 60
Trd, 4318210.593, 61
Trd, 4318210.893, 65
Trd, 4318213.093, 62
Trd, 4318213.893, 60
Trd, 4318214.493, 61
Trd, 4318214.543, 61
Trd, 4318214.843, 63
Trd, 4318215.543, 60
Trd, 4318216.143, 70
Trd, 4318216.293, 68
Trd, 4318217.493, 71
Trd, 4318217.543, 70
Trd, 4318217.993, 62
Trd, 4318218.943, 140
Trd, 4318219.143, 79
Trd, 4318219.293, 78
Trd, 4318220.643, 99
Trd, 4318221.393, 140
Trd, 4318221.493, 140
Trd, 4318222.093, 140
Trd, 4318222.943, 73
Trd, 4318224.443, 97
Trd, 4318224.993, 76
Trd, 4318225.043, 75
Trd, 4318225.543, 73
Trd, 4318226.093, 61
Trd, 4318226.843, 130
Trd, 4318227.143, 139
Trd, 4318228.143, 120
Trd, 4318228.843, 117
Trd, 4318229.793, 129
Trd, 4318230.193, 117
Trd, 4318231.593, 138
Trd, 4318231.643, 125
Trd, 4318232.493, 69
Trd, 4318235.543, 60
Trd, 4318236.493, 60
Trd, 4318236.643, 60
Trd, 4318237.343, 60
Trd, 4318238.243, 60
Trd, 4318238.443, 60
Trd, 4318238.893, 61
Trd, 4318239.143, 61
Trd, 4318239.543, 62
Trd, 4318239.793, 64
Trd, 4318240.543, 62
Trd, 4318240.843, 60
Trd, 4318243.643, 60
Trd, 4318243.743, 61
Trd, 4318244.693, 61
Trd, 4318245.093, 60
Trd, 4318246.243, 60
Trd, 4318247.893, 64
Trd, 4318248.343, 61
Trd, 4318249.993, 60
Trd, 4318250.543, 61
Trd, 4318250.593, 66
Trd, 4318250.993, 140
Trd, 4318251.493, 140
Trd, 4318251.593, 140
Trd, 4318252.743, 140
Trd, 4318253.043, 140
Trd, 4318253.343, 140
Trd, 4318253.393, 140
Trd, 4318254.043, 140
Trd, 4318254.193, 140
Trd, 4318255.343, 63
Trd, 4318255.793, 92
Trd, 4318256.343, 140
Trd, 4318256.843, 140
Trd, 4318256.943, 140
Trd, 4318259.243, 92
Trd, 4318259.543, 137
Trd, 4318259.593, 70
Trd, 4318260.893, 128
Trd, 4318261.293, 138
Trd, 4318261.593, 129
Trd, 4318262.143, 126
Trd, 4318262.643, 128
Trd, 4318262.743, 135
Trd, 4318263.793, 140
Trd, 4318263.943, 140
Trd, 4318264.643, 140
Trd, 4318265.093, 140
Trd, 4318265.993, 140
Trd, 4318267.443, 140
Trd, 4318267.643, 139
Trd, 4318268.043, 120
Trd, 4318268.143, 86
Trd, 4318270.143, 140
Trd, 4318270.343, 140
Trd, 4318270.493, 140
Trd, 4318270.743, 140
Trd, 4318272.743, 137
Trd, 4318273.593, 136
Trd, 4318273.643, 134
Trd, 4318273.743, 98
Trd, 4318274.193, 139
Trd, 4318274.943, 139
Trd, 4318276.743, 62
Trd, 4318277.543, 60
Trd, 4318279.143, 60
Trd, 4318280.343, 61
Trd, 4318280.743, 64
Trd, 4318280.943, 69
Trd, 4318281.893, 62
Trd, 4318282.243, 61
Trd, 4318282.293, 62
Trd, 4318282.443, 63
Trd, 4318282.543, 66
Trd, 4318283.593, 62
Trd, 4318283.993, 73
Trd, 4318285.093, 63
Trd, 4318286.143, 140
Trd, 4318286.493, 140
Trd, 4318287.443, 140
Trd, 4318287.593, 140
Trd, 4318288.293, 140
Trd, 4318288.743, 140
Trd, 4318289.643, 140
Trd, 4318290.343, 140
Trd, 4318292.593, 140
Trd, 4318292.743, 140
Trd, 4318293.143, 140
Trd, 4318293.743, 140
Trd, 4318294.643, 140
Trd, 4318294.943, 140
Trd, 4318295.493, 140
Trd, 4318296.343, 127
Trd, 4318296.493, 123
Trd, 4318296.593, 122
Trd, 4318297.093, 139
Trd, 4318297.943, 99
Trd, 4318298.743, 96
Trd, 4318299.043, 88
Trd, 4318299.443, 88
Trd, 4318299.993, 63
Trd, 4318301.493, 63
Trd, 4318302.793, 61
Trd, 4318303.843, 61
Trd, 4318303.943, 61
Trd, 4318304.243, 60
Trd, 4318304.543, 62
Trd, 4318304.593, 60
Trd, 4318305.543, 84
Trd, 4318306.393, 130
Trd, 4318306.443, 86
Trd, 4318306.943, 85
Trd, 4318307.493, 101
Trd, 4318307.743, 125
Trd, 4318310.543, 102
Trd, 4318310.843, 103
Trd, 4318311.793, 135
Trd, 4318312.193, 136
Trd, 4318312.543, 135
Trd, 4318312.643, 127
Trd, 4318312.893, 140
Trd, 4318313.893, 65
Trd, 4318315.593, 140
Trd, 4318315.843, 137
Trd, 4318316.043, 92
Trd, 4318316.443, 69
Trd, 4318317.093, 140
Trd, 4318317.443, 140
Trd, 4318318.243, 140
Trd, 4318318.443, 140
Trd, 4318318.493, 140
Trd, 4318319.293, 102
Trd, 4318319.593, 78
Trd, 4318320.643, 139
Trd, 4318321.393, 63
Trd, 4318323.093, 62
Trd, 4318325.693, 61
Trd, 4318326.693, 60
Trd, 4318326.893, 60
Trd, 4318326.993, 60
Trd, 4318327.793, 62
Trd, 4318328.843, 61
Trd, 4318329.743, 61
Trd, 4318330.343, 62
Trd, 4318330.443, 61
Trd, 4318331.593, 65
Trd, 4318332.243, 67
Trd, 4318332.993, 138
Trd, 4318333.743, 73
Trd, 4318334.243, 76
Trd, 4318334.393, 75
Trd, 4318334.443, 71
Trd, 4318335.893, 61
Trd, 4318336.243, 65
Trd, 4318336.443, 131
Trd, 4318337.393, 134
Trd, 4318337.443, 133
Trd, 4318338.893, 140
Trd, 4318339.093, 131
Trd, 4318339.643, 74
Trd, 4318340.193, 85
Trd, 4318343.243, 63
Trd, 4318343.493, 64
Trd, 4318343.743, 67
Trd, 4318344.193, 65
Trd, 4318344.293, 64
Trd, 4318344.893, 78
Trd, 4318346.193, 139
Trd, 4318346.243, 138
Trd, 4318346.843, 140
Trd, 4318349.093, 140
Trd, 4318349.143, 140
Trd, 4318349.193, 135
Trd, 4318350.093, 106
Trd, 4318350.493, 105
Trd, 4318350.793, 116
Trd, 4318350.993, 104
Trd, 4318351.493, 104
Trd, 4318352.143, 103
Trd, 4318352.443, 91
Trd, 4318353.843, 131
Trd, 4318354.943, 139
Trd, 4318355.393, 138
Trd, 4318355.443, 92
Trd, 4318356.443, 130
Trd, 4318357.093, 81
Trd, 4318357.243, 80
Trd, 4318358.343, 63
Trd, 4318359.293, 62
Trd, 4318359.543, 65
Trd, 4318359.693, 68
Trd, 4318360.343, 65
Trd, 4318361.643, 62
Trd, 4318362.393, 68
Trd, 4318363.043, 63
Trd, 4318363.143, 61
Trd, 4318363.393, 79
Trd, 4318365.093, 139
Trd, 4318365.393, 140
Trd, 4318365.943, 140
Trd, 4318366.093, 140
Trd, 4318367.043, 140
Trd, 4318367.643, 138
Trd, 4318368.143, 131
Trd, 4318368.693, 109
Trd, 4318369.193, 82
Trd, 4318370.943, 140
Trd, 4318371.543, 140
Trd, 4318371.743, 140
Trd, 4318372.343, 140
Trd, 4318372.943, 137
Trd, 4318374.043, 140
Trd, 4318374.243, 140
Trd, 4318374.493, 140
Trd, 4318374.993, 133
Trd, 4318375.893, 111
Trd, 4318377.193, 140
Trd, 4318377.243, 139
Trd, 4318377.543, 140
Trd, 4318378.793, 140
Trd, 4318378.893, 140
Trd, 4318378.943, 140
Trd, 4318379.493, 81
Trd, 4318380.943, 140
Trd, 4318380.993, 114
Trd, 4318381.743, 101
Trd, 4318382.293, 60
Trd, 4318382.843, 61
Trd, 4318383.893, 65
Trd, 4318386.593, 62
Trd, 4318388.393, 60
Trd, 4318389.043, 60
Trd, 4318389.143, 60
Trd, 4318389.543, 61
Trd, 4318389.943, 61
Trd, 4318390.643, 70
Trd, 4318390.793, 70
Trd, 4318391.093, 90
Trd, 4318392.993, 81
Trd, 4318393.093, 81
Trd, 4318393.643, 140
Trd, 4318393.693, 140
Trd, 4318394.593, 129
Trd, 4318394.643, 122
Trd, 4318395.443, 140
Trd, 4318396.493, 140
Trd, 4318396.643, 140
Trd, 4318397.443, 140
Trd, 4318398.343, 140
Trd, 4318398.993, 140
Trd, 4318400.143, 140
Trd, 4318400.743, 110
Trd, 4318401.493, 138
Trd, 4318401.543, 109
Trd, 4318401.643, 106
Trd, 4318403.043, 91
Trd, 4318403.243, 111
Trd, 4318403.593, 89
Trd, 4318404.843, 140
Trd, 4318405.443, 140
Trd, 4318405.993, 140
Trd, 4318406.993, 85
Trd, 4318407.093, 83
Trd, 4318408.493, 138
Trd, 4318408.793, 125
Trd, 4318409.543, 140
Trd, 4318410.343, 140
Trd, 4318410.443, 140
Trd, 4318410.843, 114
Trd, 4318411.743, 139
Trd, 4318413.593, 78
Trd, 4318414.843, 137
Trd, 4318416.543, 63
Trd, 4318417.693, 61
Trd, 4318418.143, 61
Trd, 4318418.893, 61
Trd, 4318419.343, 60
Trd, 4318419.643, 63
Trd, 4318419.843, 66
Trd, 4318420.193, 72
Trd, 4318421.443, 65
Trd, 4318421.543, 63
Trd, 4318421.593, 61
Trd, 4318422.093, 61
Trd, 4318422.693, 61
Trd, 4318423.543, 70
Trd, 4318425.043, 140
Trd, 4318425.843, 140
Trd, 4318426.193, 140
Trd, 4318426.793, 140
Trd, 4318427.493, 140
Trd, 4318427.793, 140
Trd, 4318427.943, 138
Trd, 4318428.443, 135
Trd, 4318429.193, 100
Trd, 4318431.443, 123
Trd, 4318431.743, 121
Trd, 4318432.143, 133
Trd, 4318432.893, 140
Trd, 4318433.493, 140
Trd, 4318434.443, 140
Trd, 4318434.893, 140
Trd, 4318435.093, 88
Trd, 4318436.793, 60
Trd, 4318437.143, 64
Trd, 4318437.693, 87
Trd, 4318438.593, 67
Trd, 4318439.093, 65
Trd, 4318439.243, 64
Trd, 4318440.993, 62
Trd, 4318441.243, 62
Trd, 4318442.743, 60
Trd, 4318443.143, 61
Trd, 4318443.443, 70
Trd, 4318444.243, 63
Trd, 4318444.393, 105
Trd, 4318445.793, 137
Trd, 4318446.343, 134
Trd, 4318446.993, 140
Trd, 4318447.443, 140
Trd, 4318448.143, 140
Trd, 4318448.293, 140
Trd, 4318449.343, 140
Trd, 4318450.093, 140
Trd, 4318452.243, 140
Trd, 4318452.343, 140
Trd, 4318452.393, 140
Trd, 4318452.693, 140
Trd, 4318452.893, 139
Trd, 4318453.493, 123
Trd, 4318453.743, 109
Trd, 4318453.893, 106
Trd, 4318455.693, 60
Trd, 4318458.793, 60
Trd, 4318458.993, 63
Trd, 4318459.443, 60
Trd, 4318459.643, 66
Trd, 4318460.793, 61
Trd, 4318461.143, 61
Trd, 4318461.493, 61
Trd, 4318461.993, 64
Trd, 4318462.293, 64
Trd, 4318462.643, 65
Trd, 4318463.943, 98
Trd, 4318464.643, 140
Trd, 4318464.793, 140
Trd, 4318464.843, 72
Trd, 4318465.793, 117
Trd, 4318466.943, 140
Trd, 4318467.193, 140
Trd, 4318467.743, 139
Trd, 4318468.143, 139
Trd, 4318468.643, 139
Trd, 4318469.443, 138
Trd, 4318469.793, 104
Trd, 4318470.443, 94
Trd, 4318471.643, 93
Trd, 4318471.993, 92
Trd, 4318472.543, 123
Trd, 4318473.193, 87
Trd, 4318473.493, 62
Trd, 4318474.593, 140
Trd, 4318475.143, 138
Trd, 4318475.343, 119
Trd, 4318475.393, 118
Trd, 4318477.043, 64
Trd, 4318477.293, 68
Trd, 4318477.743, 70
Trd, 4318477.893, 69
Trd, 4318478.343, 71
Trd, 4318479.643, 64
Trd, 4318480.843, 68
Trd, 4318482.593, 62
Trd, 4318482.993, 62
Trd, 4318483.943, 65
Trd, 4318485.893, 60
Trd, 4318485.993, 62
Trd, 4318486.393, 62
Trd, 4318486.843, 62
Trd, 4318486.943, 63
Trd, 4318486.993, 60
Trd, 4318487.093, 75
Trd, 4318487.643, 64
Trd, 4318487.993, 62
Trd, 4318488.393, 140
Trd, 4318490.293, 61
Trd, 4318490.743, 63
Trd, 4318491.643, 60
Trd, 4318491.893, 62
Trd, 4318493.143, 60
Trd, 4318493.843, 60
Trd, 4318493.943, 62
Trd, 4318494.193, 62
Trd, 4318494.543, 64
Trd, 4318496.043, 140
Trd, 4318496.093, 140
Trd, 4318496.643, 102
Trd, 4318496.793, 137
Trd, 4318497.293, 102
Trd, 4318498.293, 110
Trd, 4318498.493, 113
Trd, 4318499.293, 140
Trd, 4318499.693, 107
Trd, 4318500.993, 105
Trd, 4318501.343, 71
Trd, 4318501.793, 71
Trd, 4318502.943, 123
Trd, 4318503.943, 128
Trd, 4318504.443, 137
Trd, 4318504.993, 86
Trd, 4318505.043, 85
Trd, 4318506.143, 140
Trd, 4318507.543, 117
Trd, 4318507.843, 110
Trd, 4318508.093, 138
Trd, 4318508.293, 127
Trd, 4318509.093, 70
Trd, 4318510.743, 62
Trd, 4318511.093, 65
Trd, 4318511.443, 66
Trd, 4318512.493, 138
Trd, 4318512.943, 60
Trd, 4318513.843, 127
Trd, 4318513.943, 62
Trd, 4318514.243, 63
Trd, 4318515.043, 69
Trd, 4318516.143, 81
Trd, 4318516.843, 84
Trd, 4318517.193, 111
Trd, 4318518.143, 140
Trd, 4318518.843, 140
Trd, 4318519.043, 140
Trd, 4318519.543, 140
Trd, 4318520.443, 140
Trd, 4318521.043, 132
Trd, 4318521.443, 91
Trd, 4318521.893, 110
Trd, 4318522.693, 92
Trd, 4318523.293, 137
Trd, 4318523.493, 78
Trd, 4318525.893, 62
Trd, 4318527.243, 64
Trd, 4318527.693, 62
Trd, 4318527.743, 65
Trd, 4318527.793, 76
Trd, 4318528.293, 140
Trd, 4318529.843, 104
Trd, 4318529.943, 103
Trd, 4318530.943, 61
Trd, 4318531.193, 63
Trd, 4318532.893, 63
Trd, 4318533.243, 65
Trd, 4318534.493, 60
Trd, 4318534.893, 60
Trd, 4318535.043, 60
Trd, 4318535.143, 62
Trd, 4318535.543, 63
Trd, 4318536.393, 72
Trd, 4318536.793, 72
Trd, 4318537.893, 63
Trd, 4318538.843, 65
Trd, 4318538.943, 62
Trd, 4318539.893, 140
Trd, 4318539.943, 139
Trd, 4318540.793, 140
Trd, 4318540.993, 86
Trd, 4318542.043, 62
Trd, 4318542.793, 63
Trd, 4318543.093, 67
Trd, 4318544.193, 128
Trd, 4318544.543, 67
Trd, 4318545.493, 69
Trd, 4318545.893, 69
Trd, 4318546.293, 70
Trd, 4318547.343, 110
Trd, 4318547.993, 140
Trd, 4318548.143, 140
Trd, 4318549.043, 140
Trd, 4318552.493, 140
Trd, 4318552.543, 140
Trd, 4318552.743, 140
Trd, 4318553.043, 140
Trd, 4318553.943, 140
Trd, 4318555.293, 140
Trd, 4318555.493, 140
Trd, 4318556.093, 140
Trd, 4318556.393, 138
Trd, 4318556.443, 137
Trd, 4318557.193, 138
Trd, 4318557.693, 116
Trd, 4318557.943, 116
Trd, 4318558.043, 114
Trd, 4318558.443, 110
Trd, 4318559.893, 109
Trd, 4318560.093, 124
Trd, 4318560.343, 107
Trd, 4318561.543, 97
Trd, 4318562.393, 117
Trd, 4318562.993, 66
Trd, 4318563.643, 60
Trd, 4318566.093, 60
Trd, 4318566.793, 60
Trd, 4318568.343, 60
Trd, 4318568.793, 61
Trd, 4318570.193, 61
Trd, 4318570.443, 62
Trd, 4318571.793, 60
Trd, 4318572.743, 66
Trd, 4318572.793, 65
Trd, 4318575.043, 61
Trd, 4318576.693, 60
Trd, 4318578.043, 60
Trd, 4318578.293, 62
Trd, 4318578.493, 62
Trd, 4318579.743, 60
Trd, 4318580.093, 60
Trd, 4318581.343, 62
Trd, 4318581.643, 64
Trd, 4318581.743, 63
Trd, 4318581.893, 62
Trd, 4318582.843, 61
Trd, 4318584.643, 63
Trd, 4318584.793, 91
Trd, 4318585.693, 61
Trd, 4318585.793, 60
Trd, 4318585.893, 61
Trd, 4318586.893, 62
Trd, 4318587.393, 116
Trd, 4318587.943, 66
Trd, 4318588.793, 64
Trd, 4318589.393, 60
Trd, 4318589.893, 62
Trd, 4318591.093, 66
Trd, 4318591.593, 104
Trd, 4318593.643, 60
Trd, 4318595.443, 60
Trd, 4318595.943, 60
Trd, 4318596.193, 63
Trd, 4318598.393, 61
Trd, 4318598.593, 62
Trd, 4318598.793, 60
Trd, 4318598.843, 62
Trd, 4318600.093, 62
Trd, 4318600.193, 65
Trd, 4318600.393, 70
Trd, 4318600.793, 62
Trd, 4318601.393, 64
Trd, 4318602.543, 139
Trd, 4318603.693, 62
Trd, 4318604.593, 110
Trd, 4318605.343, 111
Trd, 4318605.593, 110
Trd, 4318605.643, 106
Trd, 4318606.293, 133
Trd, 4318606.793, 135
Trd, 4318607.793, 60
Trd, 4318608.643, 60
Trd, 4318609.243, 68
Trd, 4318609.843, 62
Trd, 4318610.443, 64
Trd, 4318613.193, 62
Trd, 4318613.393, 62
Trd, 4318613.593, 63
Trd, 4318614.093, 62
Trd, 4318614.343, 64
Trd, 4318616.493, 62
Trd, 4318616.543, 64
Trd, 4318616.793, 62
Trd, 4318617.843, 94
Trd, 4318618.343, 111
Trd, 4318618.693, 139
Trd, 4318618.993, 96
Trd, 4318619.043, 95
Trd, 4318619.493, 72
Trd, 4318619.843, 72
Trd, 4318621.343, 139
Trd, 4318621.393, 117
Trd, 4318621.793, 61
Trd, 4318622.943, 134
Trd, 4318624.543, 68
Trd, 4318625.193, 66
Trd, 4318625.593, 131
Trd, 4318626.393, 60
Trd, 4318627.893, 60
Trd, 4318630.543, 60
Trd, 4318631.443, 61
Trd, 4318631.893, 61
Trd, 4318632.093, 87
Trd, 4318633.543, 61
Trd, 4318633.743, 60
Trd, 4318634.243, 61
Trd, 4318634.393, 71
Trd, 4318634.693, 112
Trd, 4318634.893, 62
Trd, 4318635.543, 60
Trd, 4318636.043, 93
Trd, 4318636.743, 140
Trd, 4318637.543, 140
Trd, 4318637.643, 139
Trd, 4318638.543, 67
Trd, 4318638.843, 66
Trd, 4318639.443, 60
Trd, 4318640.393, 60
Trd, 4318642.293, 60
Trd, 4318643.393, 60
Trd, 4318643.543, 62
Trd, 4318643.843, 60
Trd, 4318643.993, 63
Trd, 4318644.393, 62
Trd, 4318644.593, 63
Trd, 4318644.643, 64
Trd, 4318646.293, 77
Trd, 4318646.793, 107
Trd, 4318646.843, 78
Trd, 4318647.043, 128
Trd, 4318648.243, 60
Trd, 4318648.693, 63
Trd, 4318649.043, 60
Trd, 4318650.293, 60
Trd, 4318650.893, 69
Trd, 4318651.043, 68
Trd, 4318652.243, 66
Trd, 4318652.693, 63
Trd, 4318653.043, 131
Trd, 4318653.693, 139
Trd, 4318655.343, 60
Trd, 4318655.643, 62
Trd, 4318656.243, 140
Trd, 4318657.143, 60
Trd, 4318657.843, 140
Trd, 4318658.093, 140
Trd, 4318658.393, 134
Trd, 4318659.293, 112
Trd, 4318659.793, 67
Trd, 4318660.743, 75
Trd, 4318661.743, 140
Trd, 4318661.843, 76
Trd, 4318662.043, 73
Trd, 4318663.443, 60
Trd, 4318663.943, 65
Trd, 4318665.043, 62
Trd, 4318665.593, 61
Trd, 4318665.643, 62
Trd, 4318666.993, 62
Trd, 4318667.793, 61
Trd, 4318667.943, 117
Trd, 4318668.843, 65
Trd, 4318669.443, 71
Trd, 4318670.243, 104
Trd, 4318670.343, 103
Trd, 4318670.443, 102
Trd, 4318671.093, 124
Trd, 4318671.593, 99
Trd, 4318672.093, 136
Trd, 4318673.343, 140
Trd, 4318673.793, 140
Trd, 4318674.143, 140
Trd, 4318674.493, 140
Trd, 4318675.443, 75
Trd, 4318676.393, 60
Trd, 4318678.393, 65
Trd, 4318678.693, 73
Trd, 4318679.343, 61
Trd, 4318680.293, 62
Trd, 4318681.193, 63
Trd, 4318683.443, 61
Trd, 4318683.693, 61
Trd, 4318684.893, 60
Trd, 4318685.443, 61
Trd, 4318685.543, 61
Trd, 4318685.643, 62
Trd, 4318685.743, 79
Trd, 4318686.143, 60
Trd, 4318686.843, 140
Trd, 4318687.543, 140
Trd, 4318687.693, 140
Trd, 4318689.493, 140
Trd, 4318691.093, 140
Trd, 4318691.293, 140
Trd, 4318692.093, 140
Trd, 4318692.193, 140
Trd, 4318692.943, 140
Trd, 4318693.193, 138
Trd, 4318693.843, 137
Trd, 4318694.493, 133
Trd, 4318695.243, 140
Trd, 4318695.793, 140
Trd, 4318695.893, 140
Trd, 4318697.093, 140
Trd, 4318697.693, 139
Trd, 4318697.743, 136
Trd, 4318698.493, 101
Trd, 4318698.693, 140
Trd, 4318699.343, 103
Trd, 4318701.593, 135
Trd, 4318702.293, 135
Trd, 4318702.393, 134
Trd, 4318702.743, 97
Trd, 4318703.693, 80
Trd, 4318703.743, 78
Trd, 4318704.893, 140
Trd, 4318706.493, 140
Trd, 4318706.793, 140
Trd, 4318707.643, 140
Trd, 4318707.743, 133
Trd, 4318708.393, 125
Trd, 4318709.393, 138
Trd, 4318709.893, 139
Trd, 4318710.393, 138
Trd, 4318710.643, 136
Trd, 4318710.993, 134
Trd, 4318712.193, 140
Trd, 4318712.643, 140
Trd, 4318712.793, 134
Trd, 4318713.043, 128
Trd, 4318714.493, 123
Trd, 4318715.093, 124
Trd, 4318715.543, 124
Trd, 4318715.743, 123
Trd, 4318715.793, 121
Trd, 4318716.293, 80
Trd, 4318717.343, 69
Trd, 4318718.143, 140
Trd, 4318718.193, 129
Trd, 4318718.543, 67
Trd, 4318719.293, 61
Trd, 4318720.743, 139
Trd, 4318721.293, 64
Trd, 4318722.343, 128
Trd, 4318723.143, 78
Trd, 4318723.243, 77
Trd, 4318723.743, 77
Trd, 4318724.143, 60
Trd, 4318725.393, 62
Trd, 4318725.643, 66
Trd, 4318726.843, 62
Trd, 4318726.943, 65
Trd, 4318728.643, 62
Trd, 4318729.743, 69
Trd, 4318730.143, 131
Trd, 4318730.443, 69
Trd, 4318730.693, 65
Trd, 4318731.493, 72
Trd, 4318731.543, 71
Trd, 4318732.143, 127
Trd, 4318732.643, 75
Trd, 4318733.493, 75
Trd, 4318733.943, 74
Trd, 4318734.643, 60
Trd, 4318735.793, 73
Trd, 4318737.493, 60
Trd, 4318737.693, 83
Trd, 4318737.843, 81
Trd, 4318739.493, 61
Trd, 4318739.743, 66
Trd, 4318739.943, 89
Trd, 4318740.343, 83
Trd, 4318740.443, 70
Trd, 4318741.543, 70
Trd, 4318741.693, 69
Trd, 4318742.243, 140
Trd, 4318743.293, 140
Trd, 4318744.043, 140
Trd, 4318745.043, 140
Trd, 4318745.093, 140
Trd, 4318746.743, 140
Trd, 4318746.843, 140
Trd, 4318747.943, 140
Trd, 4318748.043, 140
Trd, 4318748.493, 134
Trd, 4318749.543, 140
Trd, 4318749.943, 88
Trd, 4318751.343, 139
Trd, 4318752.143, 139
Trd, 4318752.593, 110
Trd, 4318753.143, 116
Trd, 4318754.243, 68
Trd, 4318754.343, 108
Trd, 4318755.193, 65
Trd, 4318755.393, 67
Trd, 4318755.943, 65
Trd, 4318757.393, 61
Trd, 4318757.693, 106
Trd, 4318758.093, 62
Trd, 4318758.893, 65
Trd, 4318759.993, 60
Trd, 4318760.843, 61
Trd, 4318761.043, 60
Trd, 4318761.193, 66
Trd, 4318761.543, 107
Trd, 4318761.993, 60
Trd, 4318764.093, 61
Trd, 4318765.343, 60
Trd, 4318766.443, 65
Trd, 4318767.643, 60
Trd, 4318768.443, 67
Trd, 4318768.993, 62
Trd, 4318769.093, 61
Trd, 4318769.443, 61
Trd, 4318769.793, 65
Trd, 4318770.193, 87
Trd, 4318770.593, 140
Trd, 4318770.843, 106
Trd, 4318771.243, 140
Trd, 4318771.643, 140
Trd, 4318772.493, 139
Trd, 4318772.843, 75
Trd, 4318774.043, 140
Trd, 4318774.093, 140
Trd, 4318774.243, 140
Trd, 4318775.393, 139
Trd, 4318776.243, 69
Trd, 4318778.743, 60
Trd, 4318779.643, 60
Trd, 4318780.093, 61
Trd, 4318781.593, 60
Trd, 4318781.943, 61
Trd, 4318782.443, 60
Trd, 4318782.543, 62
Trd, 4318783.543, 60
Trd, 4318784.343, 62
Trd, 4318785.343, 60
Trd, 4318786.143, 62
Trd, 4318786.643, 63
Trd, 4318786.943, 63
Trd, 4318786.993, 65
Trd, 4318787.293, 68
Trd, 4318787.943, 65
Trd, 4318788.643, 63
Trd, 4318789.793, 63
Trd, 4318790.343, 61
Trd, 4318791.693, 140
Trd, 4318791.893, 140
Trd, 4318792.443, 140
Trd, 4318792.543, 140
Trd, 4318793.793, 140
Trd, 4318793.993, 140
Trd, 4318795.093, 140
Trd, 4318795.643, 140
Trd, 4318795.943, 140
Trd, 4318797.543, 140
Trd, 4318797.993, 140
Trd, 4318799.743, 140
Trd, 4318799.943, 140
Trd, 4318800.093, 139
Trd, 4318800.543, 131
Trd, 4318802.093, 60
Trd, 4318802.643, 62
Trd, 4318802.843, 61
Trd, 4318804.893, 140
Trd, 4318805.393, 139
Trd, 4318805.543, 139
Trd, 4318805.743, 93
Trd, 4318806.193, 85
Trd, 4318806.293, 84
Trd, 4318807.493, 60
Trd, 4318807.593, 65
Trd, 4318809.093, 60
Trd, 4318809.143, 61
Trd, 4318809.893, 61
Trd, 4318810.243, 61
Trd, 4318811.493, 60
Trd, 4318811.843, 65
Trd, 4318812.293, 67
Trd, 4318813.493, 60
Trd, 4318814.593, 61
Trd, 4318815.793, 60
Trd, 4318816.293, 62
Trd, 4318816.993, 124
Trd, 4318817.543, 83
Trd, 4318817.793, 83
Trd, 4318818.593, 93
Trd, 4318819.693, 140
Trd, 4318819.843, 137
Trd, 4318820.443, 88
Trd, 4318820.743, 107
Trd, 4318820.943, 111
Trd, 4318821.643, 88
Trd, 4318822.643, 65
Trd, 4318823.393, 119
Trd, 4318824.093, 139
Trd, 4318824.793, 60
Trd, 4318826.243, 63
Trd, 4318826.693, 60
Trd, 4318827.443, 62
Trd, 4318827.643, 67
Trd, 4318827.693, 62
Trd, 4318827.793, 60
Trd, 4318828.543, 85
Trd, 4318828.993, 84
Trd, 4318830.093, 140
Trd, 4318830.143, 140
Trd, 4318831.493, 140
Trd, 4318831.643, 92
Trd, 4318832.293, 122
Trd, 4318833.793, 124
Trd, 4318834.493, 123
Trd, 4318834.743, 121
Trd, 4318835.493, 136
Trd, 4318835.593, 64
Trd, 4318836.893, 135
Trd, 4318837.693, 135
Trd, 4318837.743, 134
Trd, 4318837.793, 99
Trd, 4318837.993, 92
Trd, 4318838.943, 60
Trd, 4318839.143, 66
Trd, 4318840.043, 140
Trd, 4318840.343, 140
Trd, 4318840.593, 140
Trd, 4318841.143, 140
Trd, 4318841.443, 63
Trd, 4318842.843, 73
Trd, 4318843.893, 60
Trd, 4318845.443, 63
Trd, 4318846.693, 60
Trd, 4318847.343, 60
Trd, 4318849.793, 60
Trd, 4318850.743, 62
Trd, 4318850.893, 62
Trd, 4318851.243, 66
Trd, 4318851.443, 64
Trd, 4318851.843, 66
Trd, 4318852.543, 73
Trd, 4318852.843, 74
Trd, 4318852.993, 74
Trd, 4318853.943, 70
Trd, 4318855.443, 60
Trd, 4318855.993, 60
Trd, 4318858.843, 60
Trd, 4318859.193, 61
Trd, 4318859.343, 64
Trd, 4318859.743, 65
Trd, 4318860.793, 67
Trd, 4318861.193, 66
Trd, 4318861.343, 70
Trd, 4318861.743, 65
Trd, 4318862.493, 65
Trd, 4318863.993, 60
Trd, 4318865.343, 60
Trd, 4318865.743, 63
Trd, 4318866.443, 62
Trd, 4318867.393, 62
Trd, 4318868.293, 64
Trd, 4318868.693, 63
Trd, 4318869.243, 63
Trd, 4318870.493, 63
Trd, 4318871.393, 63
Trd, 4318871.443, 61
Trd, 4318871.943, 68
Trd, 4318872.193, 70
Trd, 4318872.643, 61
Trd, 4318873.443, 130
Trd, 4318874.943, 136
Trd, 4318875.243, 136
Trd, 4318875.393, 136
Trd, 4318875.593, 131
Trd, 4318876.943, 140
Trd, 4318877.743, 140
Trd, 4318877.893, 110
Trd, 4318878.793, 63
Trd, 4318879.193, 70
Trd, 4318881.643, 60
Trd, 4318881.893, 63
Trd, 4318882.093, 64
Trd, 4318882.593, 60
Trd, 4318883.043, 67
Trd, 4318883.793, 76
Trd, 4318883.893, 61
Trd, 4318884.393, 65
Trd, 4318885.993, 68
Trd, 4318886.393, 114
Trd, 4318886.593, 113
Trd, 4318887.193, 103
Trd, 4318888.543, 140
Trd, 4318888.993, 140
Trd, 4318889.093, 140
Trd, 4318889.393, 140
Trd, 4318890.343, 140
Trd, 4318891.993, 140
Trd, 4318892.093, 140
Trd, 4318892.693, 140
Trd, 4318892.743, 140
Trd, 4318893.293, 64
Trd, 4318894.443, 140
Trd, 4318895.093, 140
Trd, 4318895.343, 140
Trd, 4318896.093, 140
Trd, 4318896.443, 140
Trd, 4318898.143, 99
Trd, 4318898.493, 136
Trd, 4318899.343, 136
Trd, 4318899.743, 139
Trd, 4318899.893, 126
Trd, 4318900.243, 135
Trd, 4318900.793, 125
Trd, 4318901.143, 118
Trd, 4318901.943, 140
Trd, 4318903.293, 60
Trd, 4318904.643, 65
Trd, 4318905.193, 66
Trd, 4318905.243, 65
Trd, 4318905.693, 64
Trd, 4318906.443, 139
Trd, 4318906.993, 87
Trd, 4318907.393, 61
Trd, 4318907.943, 138
Trd, 4318909.393, 62
Trd, 4318910.493, 63
Trd, 4318911.243, 68
Trd, 4318911.793, 67
Trd, 4318912.293, 67
Trd, 4318912.543, 76
Trd, 4318914.143, 118
Trd, 4318914.293, 117
Trd, 4318914.993, 93
Trd, 4318915.193, 96
Trd, 4318916.243, 98
Trd, 4318916.593, 97
Trd, 4318917.293, 125
Trd, 4318917.493, 124
Trd, 4318918.393, 140
Trd, 4318919.293, 140
Trd, 4318919.343, 139
Trd, 4318919.693, 107
Trd, 4318920.443, 63
Trd, 4318921.043, 87
Trd, 4318922.943, 132
Trd, 4318923.293, 133
Trd, 4318923.843, 134
Trd, 4318923.893, 132
Trd, 4318924.243, 66
Trd, 4318925.193, 62
Trd, 4318926.093, 60
Trd, 4318926.593, 62
Trd, 4318927.493, 62
Trd, 4318928.693, 60
Trd, 4318929.593, 68
Trd, 4318929.893, 140
Trd, 4318930.143, 137
Trd, 4318930.843, 72
Trd, 4318931.543, 83
Trd, 4318932.043, 86
Trd, 4318932.943, 87
Trd, 4318933.243, 129
Trd, 4318933.993, 128
Trd, 4318934.843, 140
Trd, 4318934.893, 102
Trd, 4318934.993, 100
Trd, 4318935.443, 88
Trd, 4318936.093, 89
Trd, 4318936.843, 140
Trd, 4318937.443, 111
Trd, 4318938.193, 100
Trd, 4318939.143, 140
Trd, 4318939.543, 140
Trd, 4318939.843, 140
Trd, 4318940.193, 138
Trd, 4318940.543, 67
Trd, 4318940.793, 64
Trd, 4318943.243, 65
Trd, 4318944.743, 64
Trd, 4318945.343, 64
Trd, 4318945.543, 60
Trd, 4318946.193, 65
Trd, 4318946.843, 64
Trd, 4318947.193, 63
Trd, 4318947.293, 61
Trd, 4318947.843, 60
Trd, 4318947.893, 63
Trd, 4318949.543, 64
Trd, 4318952.743, 60
Trd, 4318953.343, 60
Trd, 4318953.593, 63
Trd, 4318953.843, 66
Trd, 4318953.943, 92
Trd, 4318954.343, 63
Trd, 4318955.093, 102
Trd, 4318955.543, 139
Trd, 4318955.593, 63
Trd, 4318956.143, 72
Trd, 4318958.393, 68
Trd, 4318959.893, 60
Trd, 4318962.193, 60
Trd, 4318962.943, 60
Trd, 4318963.493, 62
Trd, 4318963.593, 62
Trd, 4318963.843, 62
Trd, 4318963.893, 83
Trd, 4318964.693, 65
Trd, 4318965.143, 65
Trd, 4318965.293, 75
Trd, 4318966.193, 64
Trd, 4318966.643, 71
Trd, 4318967.643, 72
Trd, 4318968.093, 135
Trd, 4318970.043, 62
Trd, 4318970.543, 63
Trd, 4318972.243, 63
Trd, 4318972.593, 66
Trd, 4318972.893, 63
Trd, 4318973.343, 71
Trd, 4318974.043, 140
Trd, 4318974.243, 67
Trd, 4318974.693, 69
Trd, 4318975.593, 72
Trd, 4318976.093, 89
Trd, 4318976.543, 73
Trd, 4318976.793, 72
Trd, 4318977.693, 140
Trd, 4318977.943, 81
Trd, 4318978.293, 128
Trd, 4318979.443, 60
Trd, 4318979.943, 68
Trd, 4318982.193, 60
Trd, 4318982.893, 60
Trd, 4318983.993, 62
Trd, 4318984.493, 60
Trd, 4318984.793, 63
Trd, 4318986.643, 60
Trd, 4318988.793, 60
Trd, 4318988.893, 60
Trd, 4318989.143, 60
Trd, 4318989.493, 64
Trd, 4318989.593, 65
Trd, 4318990.043, 87
Trd, 4318990.693, 60
Trd, 4318991.143, 62
Trd, 4318992.043, 64
Trd, 4318992.443, 126
Trd, 4318993.443, 67
Trd, 4318993.543, 66
Trd, 4318994.193, 70
Trd, 4318995.093, 138
Trd, 4318995.393, 63
Trd, 4318996.443, 68
Trd, 4318997.343, 61
Trd, 4318998.093, 65
Trd, 4318998.443, 72
Trd, 4318999.043, 64
Trd, 4318999.543, 63
Trd, 4319001.493, 62
Trd, 4319001.593, 62
Trd, 4319001.743, 64
Trd, 4319002.243, 61
Trd, 4319003.143, 61
Trd, 4319004.193, 60
Trd, 4319004.893, 63
Trd, 4319005.593, 62
Trd, 4319006.043, 60
Trd, 4319007.093, 60
Trd, 4319007.893, 68
Trd, 4319008.343, 63
Trd, 4319008.743, 135
Trd, 4319009.193, 63
Trd, 4319009.593, 61
Trd, 4319010.593, 62
Trd, 4319011.043, 139
Trd, 4319011.243, 109
Trd, 4319011.393, 61
Trd, 4319014.043, 64
Trd, 4319014.593, 60
Trd, 4319015.143, 61
Trd, 4319015.693, 61
Trd, 4319016.743, 66
Trd, 4319018.293, 62
Trd, 4319019.493, 65
Trd, 4319019.543, 64
Trd, 4319020.143, 69
Trd, 4319021.043, 70
Trd, 4319021.293, 67
Trd, 4319021.693, 139
Trd, 4319022.393, 109
Trd, 4319022.543, 65
Trd, 4319023.093, 60
Trd, 4319024.643, 60
Trd, 4319026.643, 60
Trd, 4319026.893, 61
Trd, 4319027.893, 60
Trd, 4319028.593, 62
Trd, 4319029.143, 64
Trd, 4319029.493, 63
Trd, 4319029.743, 66
Trd, 4319029.793, 65
Trd, 4319030.793, 63
Trd, 4319031.643, 64
Trd, 4319032.293, 67
Trd, 4319032.893, 92
Trd, 4319033.193, 62
Trd, 4319034.643, 66
Trd, 4319035.543, 61
Trd, 4319035.793, 62
Trd, 4319036.393, 63
Trd, 4319037.693, 140
Trd, 4319037.993, 139
Trd, 4319038.643, 140
Trd, 4319039.593, 140
Trd, 4319039.693, 95
Trd, 4319040.243, 125
Trd, 4319040.393, 83
Trd, 4319040.493, 76
Trd, 4319042.043, 60
Trd, 4319042.893, 60
Trd, 4319044.693, 61
Trd, 4319046.843, 60
Trd, 4319046.943, 60
Trd, 4319047.393, 63
Trd, 4319047.593, 63
Trd, 4319048.693, 66
Trd, 4319049.393, 68
Trd, 4319049.793, 67
Trd, 4319050.093, 66
Trd, 4319050.593, 120
Trd, 4319050.943, 119
Trd, 4319051.293, 100
Trd, 4319051.893, 96
Trd, 4319052.693, 138
Trd, 4319053.143, 66
Trd, 4319053.793, 139
Trd, 4319053.843, 89
Trd, 4319055.443, 60
Trd, 4319055.493, 68
Trd, 4319056.793, 61
Trd, 4319057.193, 65
Trd, 4319059.043, 62
Trd, 4319061.093, 61
Trd, 4319061.593, 66
Trd, 4319062.143, 64
Trd, 4319062.243, 64
Trd, 4319062.343, 63
Trd, 4319062.693, 64
Trd, 4319063.143, 61
Trd, 4319065.443, 60
Trd, 4319065.943, 60
Trd, 4319066.093, 61
Trd, 4319066.443, 65
Trd, 4319067.293, 60
Trd, 4319068.193, 63
Trd, 4319068.693, 61
Trd, 4319068.743, 61
Trd, 4319069.193, 64
Trd, 4319070.193, 65
Trd, 4319071.793, 61
Trd, 4319073.093, 60
Trd, 4319073.643, 61
Trd, 4319073.893, 61
Trd, 4319074.393, 69
Trd, 4319074.443, 67
Trd, 4319074.793, 60
Trd, 4319075.293, 61
Trd, 4319077.293, 64
Trd, 4319077.393, 66
Trd, 4319079.293, 60
Trd, 4319080.193, 60
Trd, 4319080.293, 60
Trd, 4319080.693, 63
Trd, 4319081.193, 61
Trd, 4319081.393, 60
Trd, 4319082.493, 60
Trd, 4319083.193, 61
Trd, 4319084.043, 60
Trd, 4319084.593, 60
Trd, 4319085.193, 63
Trd, 4319086.243, 63
Trd, 4319087.543, 63
Trd, 4319087.593, 71
Trd, 4319088.193, 61
Trd, 4319088.343, 60
Trd, 4319088.843, 65
Trd, 4319089.693, 68
Trd, 4319090.143, 63
Trd, 4319091.243, 61
Trd, 4319092.143, 64
Trd, 4319092.293, 64
Trd, 4319092.543, 64
Trd, 4319092.843, 63
Trd, 4319094.143, 72
Trd, 4319094.593, 105
Trd, 4319094.693, 104
Trd, 4319095.143, 89
Trd, 4319096.743, 118
Trd, 4319097.043, 117
Trd, 4319097.243, 140
Trd, 4319097.493, 140
Trd, 4319098.393, 110
Trd, 4319099.143, 98
Trd, 4319099.943, 99
Trd, 4319100.443, 100
Trd, 4319102.243, 139
Trd, 4319103.293, 140
Trd, 4319103.493, 140
Trd, 4319103.843, 131
Trd, 4319104.243, 140
Trd, 4319104.443, 140
Trd, 4319104.943, 140
Trd, 4319105.493, 116
Trd, 4319107.293, 140
Trd, 4319107.593, 140
Trd, 4319107.643, 140
Trd, 4319108.843, 131
Trd, 4319109.043, 92
Trd, 4319109.243, 91
Trd, 4319111.493, 139
Trd, 4319111.943, 140
Trd, 4319113.293, 140
Trd, 4319113.893, 140
Trd, 4319114.143, 140
Trd, 4319114.493, 140
Trd, 4319114.543, 135
Trd, 4319114.943, 86
Trd, 4319115.393, 71
Trd, 4319116.393, 140
Trd, 4319117.993, 140
Trd, 4319118.443, 140
Trd, 4319119.093, 140
Trd, 4319119.543, 140
Trd, 4319120.393, 140
Trd, 4319120.443, 140
Trd, 4319121.293, 140
Trd, 4319122.243, 140
Trd, 4319122.343, 140
Trd, 4319123.343, 140
Trd, 4319123.493, 140
Trd, 4319123.543, 139
Trd, 4319124.443, 137
Trd, 4319124.793, 137
Trd, 4319124.943, 136
Trd, 4319125.293, 67
Trd, 4319126.793, 113
Trd, 4319126.943, 112
Trd, 4319127.243, 107
Trd, 4319127.943, 140
Trd, 4319128.393, 83
Trd, 4319130.643, 140
Trd, 4319131.343, 139
Trd, 4319131.493, 120
Trd, 4319132.043, 121
Trd, 4319132.243, 120
Trd, 4319132.443, 119
Trd, 4319133.693, 93
Trd, 4319133.943, 92
Trd, 4319134.143, 91
Trd, 4319135.843, 139
Trd, 4319136.343, 140
Trd, 4319137.893, 140
Trd, 4319138.393, 140
Trd, 4319138.493, 140
Trd, 4319138.843, 140
Trd, 4319139.443, 137
Trd, 4319140.143, 140
Trd, 4319140.793, 140
Trd, 4319141.843, 140
Trd, 4319142.393, 140
Trd, 4319142.643, 140
Trd, 4319142.843, 113
Trd, 4319142.943, 140
Trd, 4319143.643, 140
Trd, 4319143.743, 92
Trd, 4319144.293, 62
Trd, 4319145.043, 63
Trd, 4319146.193, 60
Trd, 4319147.443, 60
Trd, 4319148.593, 67
Trd, 4319151.493, 60
Trd, 4319152.243, 60
Trd, 4319153.593, 61
Trd, 4319153.993, 61
Trd, 4319154.093, 60
Trd, 4319155.143, 63
Trd, 4319155.243, 62
Trd, 4319155.493, 60
Trd, 4319156.043, 76
Trd, 4319156.343, 64
Trd, 4319157.093, 62
Trd, 4319160.243, 60
Trd, 4319160.393, 60
Trd, 4319161.593, 60
Trd, 4319161.693, 64
Trd, 4319162.043, 62
Trd, 4319162.693, 61
Trd, 4319162.893, 61
Trd, 4319163.543, 62
Trd, 4319163.843, 68
Trd, 4319165.243, 61
Trd, 4319165.993, 63
Trd, 4319167.343, 137
Trd, 4319167.993, 60
Trd, 4319169.343, 61
Trd, 4319170.743, 64
Trd, 4319171.343, 61
Trd, 4319171.743, 64
Trd, 4319172.343, 140
Trd, 4319172.393, 139
Trd, 4319172.993, 140
Trd, 4319173.693, 140
Trd, 4319174.243, 118
Trd, 4319174.943, 60
Trd, 4319175.343, 140
Trd, 4319175.443, 139
Trd, 4319176.293, 140
Trd, 4319176.343, 140
Trd, 4319177.093, 140
Trd, 4319177.243, 130
Trd, 4319178.343, 64
Trd, 4319180.743, 60
Trd, 4319181.293, 62
Trd, 4319182.143, 65
Trd, 4319182.343, 60
Trd, 4319182.793, 66
Trd, 4319183.093, 63
Trd, 4319184.143, 66
Trd, 4319184.543, 65
Trd, 4319185.043, 60
Trd, 4319185.793, 60
Trd, 4319186.743, 61
Trd, 4319187.743, 140
Trd, 4319188.643, 140
Trd, 4319188.693, 140
Trd, 4319188.793, 140
Trd, 4319189.893, 61
Trd, 4319190.293, 60
Trd, 4319190.993, 61
Trd, 4319191.593, 61
Trd, 4319192.043, 66
Trd, 4319192.893, 65
Trd, 4319193.643, 140
Trd, 4319193.893, 137
Trd, 4319193.993, 108
Trd, 4319194.993, 70
Trd, 4319196.293, 138
Trd, 4319196.493, 138
Trd, 4319197.093, 138
Trd, 4319197.493, 140
Trd, 4319199.243, 140
Trd, 4319199.343, 140
Trd, 4319200.243, 140
Trd, 4319200.293, 140
Trd, 4319200.843, 122
Trd, 4319202.493, 140
Trd, 4319204.093, 140
Trd, 4319204.193, 140
Trd, 4319204.243, 140
Trd, 4319205.043, 140
Trd, 4319205.793, 140
Trd, 4319206.293, 136
Trd, 4319207.193, 107
Trd, 4319207.793, 140
Trd, 4319208.093, 104
Trd, 4319208.843, 99
Trd, 4319209.293, 118
Trd, 4319209.443, 91
Trd, 4319210.643, 140
Trd, 4319211.593, 65
Trd, 4319212.843, 132
Trd, 4319213.143, 131
Trd, 4319213.243, 130
Trd, 4319213.343, 127
Trd, 4319213.593, 117
Trd, 4319215.493, 62
Trd, 4319215.943, 140
Trd, 4319217.043, 73
Trd, 4319218.493, 95
Trd, 4319218.643, 94
Trd, 4319218.793, 93
Trd, 4319219.193, 112
Trd, 4319219.343, 136
Trd, 4319219.643, 111
Trd, 4319220.193, 64
Trd, 4319220.493, 140
Trd, 4319222.043, 107
Trd, 4319222.143, 86
Trd, 4319223.243, 140
Trd, 4319223.543, 140
Trd, 4319223.593, 140
Trd, 4319224.193, 140
Trd, 4319224.643, 140
Trd, 4319225.693, 140
Trd, 4319226.343, 94
Trd, 4319226.443, 87
Trd, 4319227.543, 140
Trd, 4319228.293, 140
Trd, 4319228.443, 140
Trd, 4319228.593, 140
Trd, 4319228.893, 139
Trd, 4319230.593, 139
Trd, 4319230.793, 88
Trd, 4319231.393, 60
Trd, 4319232.043, 73
Trd, 4319233.343, 64
Trd, 4319233.993, 62
Trd, 4319234.593, 92
Trd, 4319235.443, 61
Trd, 4319237.643, 61
Trd, 4319238.943, 60
Trd, 4319239.343, 61
Trd, 4319239.793, 62
Trd, 4319240.693, 64
Trd, 4319240.893, 64
Trd, 4319241.093, 65
Trd, 4319241.993, 100
Trd, 4319242.843, 68
Trd, 4319244.493, 63
Trd, 4319244.743, 64
Trd, 4319244.993, 63
Trd, 4319245.143, 62
Trd, 4319245.193, 61
Trd, 4319246.193, 67
Trd, 4319246.843, 133
Trd, 4319247.943, 140
Trd, 4319248.243, 140
Trd, 4319249.643, 140
Trd, 4319250.343, 140
Trd, 4319250.543, 140
Trd, 4319250.743, 140
Trd, 4319250.943, 130
Trd, 4319250.993, 121
Trd, 4319252.243, 140
Trd, 4319252.543, 130
Trd, 4319254.093, 60
Trd, 4319254.843, 60
Trd, 4319255.743, 63
Trd, 4319255.793, 66
Trd, 4319256.043, 61
Trd, 4319256.843, 77
Trd, 4319258.043, 64
Trd, 4319258.143, 64
Trd, 4319261.043, 60
Trd, 4319262.293, 60
Trd, 4319262.393, 61
Trd, 4319262.943, 67
Trd, 4319263.343, 63
Trd, 4319263.643, 67
Trd, 4319263.893, 62
Trd, 4319264.493, 61
Trd, 4319265.543, 60
Trd, 4319265.843, 63
Trd, 4319266.693, 65
Trd, 4319266.943, 63
Trd, 4319268.093, 62
Trd, 4319269.743, 61
Trd, 4319269.893, 61
Trd, 4319270.593, 136
Trd, 4319271.293, 140
Trd, 4319271.793, 138
Trd, 4319271.893, 105
Trd, 4319272.393, 133
Trd, 4319272.843, 63
Trd, 4319273.793, 138
Trd, 4319275.843, 60
Trd, 4319278.993, 65
Trd, 4319279.343, 68
Trd, 4319279.743, 69
Trd, 4319279.993, 70
Trd, 4319280.093, 69
Trd, 4319280.893, 121
Trd, 4319280.943, 120
Trd, 4319281.093, 131
Trd, 4319283.193, 64
Trd, 4319283.993, 61
Trd, 4319284.443, 60
Trd, 4319284.743, 67
Trd, 4319284.793, 68
Trd, 4319285.293, 60
Trd, 4319286.443, 66
Trd, 4319287.793, 60
Trd, 4319287.943, 64
Trd, 4319288.543, 67
Trd, 4319288.643, 65
Trd, 4319289.243, 138
Trd, 4319290.193, 75
Trd, 4319290.693, 99
Trd, 4319290.843, 74
Trd, 4319292.593, 81
Trd, 4319292.943, 78
Trd, 4319294.293, 62
Trd, 4319294.893, 61
Trd, 4319295.693, 60
Trd, 4319296.593, 61
Trd, 4319297.343, 61
Trd, 4319297.543, 61
Trd, 4319298.043, 140
Trd, 4319299.093, 140
Trd, 4319299.393, 140
Trd, 4319299.593, 140
Trd, 4319299.743, 118
Trd, 4319300.543, 105
Trd, 4319301.493, 137
Trd, 4319301.743, 136
Trd, 4319302.443, 72
Trd, 4319302.643, 70
Trd, 4319302.993, 67
Trd, 4319306.893, 60
Trd, 4319307.393, 60
Trd, 4319307.443, 61
Trd, 4319308.443, 60
Trd, 4319309.543, 62
Trd, 4319311.643, 61
Trd, 4319312.093, 60
Trd, 4319313.743, 60
Trd, 4319314.143, 60
Trd, 4319314.243, 61
Trd, 4319314.293, 62
Trd, 4319315.493, 60
Trd, 4319315.943, 61
Trd, 4319316.593, 62
Trd, 4319316.843, 64
Trd, 4319318.793, 140
Trd, 4319319.043, 140
Trd, 4319319.243, 140
Trd, 4319319.693, 140
Trd, 4319320.393, 140
Trd, 4319320.793, 140
Trd, 4319321.393, 84
Trd, 4319322.643, 140
Trd, 4319323.843, 140
Trd, 4319324.893, 140
Trd, 4319325.493, 140
Trd, 4319325.993, 140
Trd, 4319326.593, 140
Trd, 4319326.643, 97
Trd, 4319326.993, 61
Trd, 4319327.793, 60
Trd, 4319328.093, 63
Trd, 4319329.193, 61
Trd, 4319330.143, 60
Trd, 4319331.993, 60
Trd, 4319332.943, 60
Trd, 4319333.393, 62
Trd, 4319333.543, 62
Trd, 4319334.593, 60
Trd, 4319336.993, 61
Trd, 4319337.493, 62
Trd, 4319338.143, 64
Trd, 4319339.743, 60
Trd, 4319339.793, 60
Trd, 4319340.443, 61
Trd, 4319341.543, 61
Trd, 4319341.993, 96
Trd, 4319342.193, 61
Trd, 4319342.643, 139
Trd, 4319343.393, 60
Trd, 4319343.593, 61
Trd, 4319345.093, 61
Trd, 4319345.143, 62
Trd, 4319345.943, 63
Trd, 4319346.443, 61
Trd, 4319347.093, 66
Trd, 4319349.293, 60
Trd, 4319349.443, 64
Trd, 4319349.793, 61
Trd, 4319350.943, 62
Trd, 4319351.793, 60
Trd, 4319352.343, 62
Trd, 4319352.593, 62
Trd, 4319352.943, 80
Trd, 4319353.793, 65
Trd, 4319354.243, 139
Trd, 4319354.743, 61
Trd, 4319355.643, 60
Trd, 4319357.243, 62
Trd, 4319357.843, 60
Trd, 4319358.393, 100
Trd, 4319360.143, 60
Trd, 4319360.593, 64
Trd, 4319361.093, 64
Trd, 4319361.393, 63
Trd, 4319361.943, 79
Trd, 4319363.243, 139
Trd, 4319364.593, 60
Trd, 4319364.743, 65
Trd, 4319365.443, 139
Trd, 4319367.443, 60
Trd, 4319367.843, 63
Trd, 4319369.743, 63
Trd, 4319369.843, 64
Trd, 4319371.293, 63
Trd, 4319371.443, 62
Trd, 4319371.893, 60
Trd, 4319373.393, 60
Trd, 4319373.693, 65
Trd, 4319374.043, 66
Trd, 4319374.243, 63
Trd, 4319374.343, 62
Trd, 4319374.593, 61
Trd, 4319374.793, 60
Trd, 4319375.543, 60
Trd, 4319376.793, 61
Trd, 4319378.443, 60
Trd, 4319378.543, 64
Trd, 4319378.893, 79
Trd, 4319380.343, 66
Trd, 4319380.843, 138
Trd, 4319381.493, 99
Trd, 4319381.643, 94
Trd, 4319381.943, 93
Trd, 4319382.743, 140
Trd, 4319382.793, 140
Trd, 4319383.743, 140
Trd, 4319383.793, 67
Trd, 4319384.293, 77
Trd, 4319384.943, 138
Trd, 4319385.993, 140
Trd, 4319386.943, 140
Trd, 4319387.793, 140
Trd, 4319388.493, 140
Trd, 4319388.643, 140
Trd, 4319388.893, 140
Trd, 4319389.943, 140
Trd, 4319390.543, 136
Trd, 4319391.143, 135
Trd, 4319391.593, 89
Trd, 4319392.393, 65
Trd, 4319392.793, 63
Trd, 4319395.293, 64
Trd, 4319396.993, 60
Trd, 4319397.743, 60
Trd, 4319398.243, 60
Trd, 4319398.493, 60
Trd, 4319399.343, 65
Trd, 4319399.393, 65
Trd, 4319399.543, 65
Trd, 4319400.393, 140
Trd, 4319401.693, 140
Trd, 4319401.793, 140
Trd, 4319402.093, 119
Trd, 4319403.193, 71
Trd, 4319403.443, 71
Trd, 4319404.043, 70
Trd, 4319404.293, 88
Trd, 4319404.743, 113
Trd, 4319405.543, 140
Trd, 4319406.393, 93
Trd, 4319407.143, 140
Trd, 4319408.293, 140
Trd, 4319408.743, 140
Trd, 4319409.343, 140
Trd, 4319409.743, 140
Trd, 4319410.393, 140
Trd, 4319410.743, 140
Trd, 4319410.993, 140
Trd, 4319412.193, 63
Trd, 4319412.743, 140
Trd, 4319413.293, 140
Trd, 4319414.293, 124
Trd, 4319414.893, 124
Trd, 4319415.543, 124
Trd, 4319416.143, 113
Trd, 4319416.493, 112
Trd, 4319416.543, 130
Trd, 4319418.193, 140
Trd, 4319419.343, 135
Trd, 4319419.943, 134
Trd, 4319419.993, 133
Trd, 4319420.193, 117
Trd, 4319420.293, 98
Trd, 4319421.693, 60
Trd, 4319421.793, 64
Trd, 4319423.593, 60
Trd, 4319424.393, 62
Trd, 4319425.343, 61
Trd, 4319426.193, 61
Trd, 4319426.643, 64
Trd, 4319426.693, 62
Trd, 4319427.943, 64
Trd, 4319428.893, 65
Trd, 4319428.943, 72
Trd, 4319429.243, 77
Trd, 4319429.693, 137
Trd, 4319430.493, 125
Trd, 4319430.543, 124
Trd, 4319430.643, 101
Trd, 4319430.693, 123
Trd, 4319432.543, 63
Trd, 4319434.593, 61
Trd, 4319435.743, 61
Trd, 4319436.543, 60
Trd, 4319436.943, 60
Trd, 4319437.243, 61
Trd, 4319437.493, 63
Trd, 4319438.243, 66
Trd, 4319438.693, 67
Trd, 4319438.943, 119
Trd, 4319439.993, 82
Trd, 4319440.093, 81
Trd, 4319440.893, 140
Trd, 4319441.893, 140
Trd, 4319442.443, 140
Trd, 4319443.243, 140
Trd, 4319443.793, 140
Trd, 4319444.293, 140
Trd, 4319444.643, 139
Trd, 4319444.793, 85
Trd, 4319445.793, 136
Trd, 4319446.493, 89
Trd, 4319446.743, 63
Trd, 4319447.043, 67
Trd, 4319447.843, 63
Trd, 4319448.843, 69
Trd, 4319449.843, 66
Trd, 4319450.793, 68
Trd, 4319451.293, 72
Trd, 4319451.643, 72
Trd, 4319452.593, 139
Trd, 4319453.243, 140
Trd, 4319453.293, 138
Trd, 4319453.543, 65
Trd, 4319454.793, 140
Trd, 4319454.893, 139
Trd, 4319456.093, 68
Trd, 4319456.393, 67
Trd, 4319457.843, 63
Trd, 4319458.243, 60
Trd, 4319459.043, 61
Trd, 4319460.243, 61
Trd, 4319460.343, 62
Trd, 4319460.893, 60
Trd, 4319461.693, 61
Trd, 4319462.143, 133
Trd, 4319463.543, 133
Trd, 4319463.693, 104
Trd, 4319464.093, 67
Trd, 4319464.793, 67
Trd, 4319464.893, 66
Trd, 4319464.993, 63
Trd, 4319465.793, 81
Trd, 4319466.643, 67
Trd, 4319467.493, 60
Trd, 4319468.143, 60
Trd, 4319468.843, 60
Trd, 4319469.743, 65
Trd, 4319470.293, 65
Trd, 4319470.893, 64
Trd, 4319471.793, 66
Trd, 4319472.593, 62
Trd, 4319472.793, 138
Trd, 4319474.043, 60
Trd, 4319474.643, 61
Trd, 4319474.793, 61
Trd, 4319475.243, 62
Trd, 4319475.693, 63
Trd, 4319476.443, 83
Trd, 4319476.543, 81
Trd, 4319477.843, 73
Trd, 4319478.593, 70
Trd, 4319479.143, 60
Trd, 4319479.693, 64
Trd, 4319480.343, 62
Trd, 4319480.543, 61
Trd, 4319481.293, 60
Trd, 4319482.093, 137
Trd, 4319483.593, 127
Trd, 4319484.293, 128
Trd, 4319484.443, 128
Trd, 4319484.543, 68
Trd, 4319485.193, 60
Trd, 4319485.593, 67
Trd, 4319486.693, 117
Trd, 4319488.193, 60
Trd, 4319489.043, 60
Trd, 4319489.343, 61
Trd, 4319490.893, 60
Trd, 4319491.393, 63
Trd, 4319492.443, 66
Trd, 4319492.993, 67
Trd, 4319493.343, 70
Trd, 4319493.593, 65
Trd, 4319493.943, 62
Trd, 4319494.493, 80
Trd, 4319495.243, 60
Trd, 4319495.643, 69
Trd, 4319496.043, 66
Trd, 4319496.493, 68
Trd, 4319497.043, 112
Trd, 4319497.243, 68
Trd, 4319499.493, 61
Trd, 4319499.793, 66
Trd, 4319501.543, 62
Trd, 4319502.093, 65
Trd, 4319502.293, 66
Trd, 4319502.493, 60
Trd, 4319503.543, 61
Trd, 4319503.893, 66
Trd, 4319504.243, 138
Trd, 4319504.793, 140
Trd, 4319505.043, 140
Trd, 4319505.643, 120
Trd, 4319506.043, 120
Trd, 4319506.193, 121
Trd, 4319506.893, 138
Trd, 4319509.143, 108
Trd, 4319509.243, 139
Trd, 4319509.393, 79
Trd, 4319510.693, 139
Trd, 4319510.943, 138
Trd, 4319511.193, 137
Trd, 4319512.493, 99
Trd, 4319513.193, 135
Trd, 4319514.143, 101
Trd, 4319514.643, 101
Trd, 4319514.843, 135
Trd, 4319515.193, 102
Trd, 4319515.293, 100
Trd, 4319515.793, 86
Trd, 4319516.043, 73
Trd, 4319516.293, 108
Trd, 4319517.643, 64
Trd, 4319518.093, 63
Trd, 4319518.893, 64
Trd, 4319520.193, 102
Trd, 4319520.643, 100
Trd, 4319521.243, 140
Trd, 4319521.443, 104
Trd, 4319521.543, 77
Trd, 4319523.043, 60
Trd, 4319523.843, 66
Trd, 4319524.243, 69
Trd, 4319525.593, 60
Trd, 4319526.093, 64
Trd, 4319526.143, 65
Trd, 4319526.493, 139
Trd, 4319527.193, 133
Trd, 4319527.493, 132
Trd, 4319527.543, 131
Trd, 4319527.743, 115
Trd, 4319528.593, 138
Trd, 4319530.093, 140
Trd, 4319530.343, 140
Trd, 4319531.393, 120
Trd, 4319531.743, 121
Trd, 4319532.793, 126
Trd, 4319533.493, 129
Trd, 4319533.893, 139
Trd, 4319534.043, 128
Trd, 4319534.393, 122
Trd, 4319534.843, 85
Trd, 4319536.043, 60
Trd, 4319537.343, 60
Trd, 4319538.493, 60
Trd, 4319538.543, 61
Trd, 4319540.243, 60
Trd, 4319540.543, 63
Trd, 4319543.093, 60
Trd, 4319543.393, 60
Trd, 4319543.593, 64
Trd, 4319544.243, 64
Trd, 4319544.393, 140
Trd, 4319544.843, 63
Trd, 4319545.043, 103
Trd, 4319545.243, 63
Trd, 4319546.393, 139
Trd, 4319546.443, 63
Trd, 4319547.043, 68
Trd, 4319547.893, 67
Trd, 4319548.493, 132
Trd, 4319548.993, 70
Trd, 4319550.693, 139
Trd, 4319550.743, 138
Trd, 4319551.593, 136
Trd, 4319552.293, 98
Trd, 4319552.343, 97
Trd, 4319552.743, 140
Trd, 4319553.693, 139
Trd, 4319555.293, 60
Trd, 4319555.793, 60
Trd, 4319557.593, 60
Trd, 4319557.893, 60
Trd, 4319560.443, 60
Trd, 4319560.593, 60
Trd, 4319562.493, 61
Trd, 4319562.593, 62
Trd, 4319562.993, 62
Trd, 4319563.193, 60
Trd, 4319564.243, 60
Trd, 4319565.493, 60
Trd, 4319565.593, 61
Trd, 4319565.943, 61
Trd, 4319566.093, 61
Trd, 4319566.343, 65
Trd, 4319566.593, 72
Trd, 4319568.943, 61
Trd, 4319569.493, 61
Trd, 4319570.193, 63
Trd, 4319570.643, 65
Trd, 4319572.293, 61
Trd, 4319572.643, 60
Trd, 4319575.743, 60
Trd, 4319576.093, 61
Trd, 4319576.193, 64
Trd, 4319576.893, 61
Trd, 4319577.243, 60
Trd, 4319577.543, 60
Trd, 4319578.243, 61
Trd, 4319578.693, 62
Trd, 4319579.043, 85
Trd, 4319579.243, 137
Trd, 4319580.843, 60
Trd, 4319581.093, 62
Trd, 4319581.543, 63
Trd, 4319582.093, 64
Trd, 4319582.193, 64
Trd, 4319582.843, 140
Trd, 4319583.093, 64
Trd, 4319585.443, 131
Trd, 4319585.493, 130
Trd, 4319585.643, 129
Trd, 4319586.393, 90
Trd, 4319588.243, 138
Trd, 4319588.343, 120
Trd, 4319588.543, 115
Trd, 4319588.793, 112
Trd, 4319589.793, 81
Trd, 4319590.443, 79
Trd, 4319591.143, 84
Trd, 4319592.543, 140
Trd, 4319593.143, 140
Trd, 4319593.243, 140
Trd, 4319593.593, 127
Trd, 4319593.893, 122
Trd, 4319595.243, 61
Trd, 4319596.143, 61
Trd, 4319596.193, 67
Trd, 4319596.993, 65
Trd, 4319598.293, 60
Trd, 4319598.493, 65
Trd, 4319598.843, 93
Trd, 4319598.893, 68
Trd, 4319600.693, 66
Trd, 4319600.893, 70
Trd, 4319601.143, 65
Trd, 4319601.343, 70
Trd, 4319601.493, 65
Trd, 4319603.893, 84
Trd, 4319603.993, 83
Trd, 4319604.293, 91
Trd, 4319604.343, 81
Trd, 4319606.643, 60
Trd, 4319608.043, 63
Trd, 4319608.743, 66
Trd, 4319608.793, 68
Trd, 4319609.143, 67
Trd, 4319609.293, 65
Trd, 4319610.243, 140
Trd, 4319610.343, 113
Trd, 4319610.693, 123
Trd, 4319612.243, 120
Trd, 4319612.393, 120
Trd, 4319613.493, 99
Trd, 4319614.143, 60
Trd, 4319615.893, 62
Trd, 4319616.143, 60
Trd, 4319617.343, 61
Trd, 4319619.193, 60
Trd, 4319620.393, 63
Trd, 4319620.493, 63
Trd, 4319621.443, 63
Trd, 4319622.493, 64
Trd, 4319622.593, 64
Trd, 4319622.743, 82
Trd, 4319623.143, 82
Trd, 4319623.493, 85
Trd, 4319624.443, 128
Trd, 4319625.143, 129
Trd, 4319625.343, 128
Trd, 4319626.593, 139
Trd, 4319627.093, 71
Trd, 4319627.643, 87
Trd, 4319628.193, 138
Trd, 4319629.243, 140
Trd, 4319629.643, 139
Trd, 4319629.943, 140
Trd, 4319630.943, 140
Trd, 4319630.993, 140
Trd, 4319631.343, 140
Trd, 4319632.743, 132
Trd, 4319633.643, 64
Trd, 4319633.943, 68
Trd, 4319635.193, 61
Trd, 4319635.293, 63
Trd, 4319637.843, 60
Trd, 4319638.293, 67
Trd, 4319639.593, 60
Trd, 4319640.243, 61
Trd, 4319640.393, 72
Trd, 4319640.693, 62
Trd, 4319641.293, 67
Trd, 4319642.293, 132
Trd, 4319643.443, 139
Trd, 4319644.193, 140
Trd, 4319644.293, 140
Trd, 4319644.493, 140
Trd, 4319645.693, 140
Trd, 4319645.843, 93
Trd, 4319645.943, 140
Trd, 4319647.293, 66
Trd, 4319650.043, 60
Trd, 4319650.943, 60
Trd, 4319652.743, 60
Trd, 4319653.293, 60
Trd, 4319653.643, 60
Trd, 4319653.693, 63
Trd, 4319653.893, 60
Trd, 4319654.293, 64
Trd, 4319654.543, 65
Trd, 4319654.893, 114
Trd, 4319655.293, 65
Trd, 4319656.143, 140
Trd, 4319656.893, 70
Trd, 4319658.793, 140
Trd, 4319658.993, 139
Trd, 4319659.393, 128
Trd, 4319659.543, 137
Trd, 4319660.143, 128
Trd, 4319660.793, 131
Trd, 4319661.043, 86
Trd, 4319661.993, 140
Trd, 4319662.393, 140
Trd, 4319663.243, 62
Trd, 4319664.343, 61
Trd, 4319666.393, 61
Trd, 4319667.343, 64
Trd, 4319667.393, 64
Trd, 4319667.743, 60
Trd, 4319667.943, 61
Trd, 4319668.893, 64
Trd, 4319669.143, 66
Trd, 4319669.593, 119
Trd, 4319670.493, 120
Trd, 4319670.793, 64
Trd, 4319670.943, 89
Trd, 4319672.043, 136
Trd, 4319672.193, 135
Trd, 4319673.443, 74
Trd, 4319673.643, 76
Trd, 4319674.293, 107
Trd, 4319674.393, 74
Trd, 4319674.793, 73
Trd, 4319676.693, 140
Trd, 4319677.543, 140
Trd, 4319677.593, 140
Trd, 4319677.893, 140
Trd, 4319678.193, 140
Trd, 4319678.693, 140
Trd, 4319679.243, 140
Trd, 4319679.543, 140
Trd, 4319680.493, 100
Trd, 4319680.843, 63
Trd, 4319682.493, 136
Trd, 4319683.343, 86
Trd, 4319684.243, 123
Trd, 4319684.743, 140
Trd, 4319684.843, 140
Trd, 4319684.943, 140
Trd, 4319685.743, 132
Trd, 4319686.243, 131
Trd, 4319686.743, 131
Trd, 4319687.243, 139
Trd, 4319688.893, 63
Trd, 4319689.193, 139
Trd, 4319689.393, 138
Trd, 4319690.893, 140
Trd, 4319691.143, 140
Trd, 4319691.193, 140
Trd, 4319691.843, 62
Trd, 4319693.693, 62
Trd, 4319694.193, 64
Trd, 4319694.593, 64
Trd, 4319696.893, 60
Trd, 4319697.693, 65
Trd, 4319697.893, 70
Trd, 4319697.943, 68
Trd, 4319698.643, 60
Trd, 4319698.843, 65
Trd, 4319699.693, 114
Trd, 4319700.543, 62
Trd, 4319700.793, 65
Trd, 4319701.943, 70
Trd, 4319702.843, 71
Trd, 4319703.943, 130
Trd, 4319704.093, 129
Trd, 4319704.843, 138
Trd, 4319704.993, 75
Trd, 4319705.043, 74
Trd, 4319705.943, 140
Trd, 4319707.643, 140
Trd, 4319708.193, 140
Trd, 4319708.643, 140
Trd, 4319708.843, 140
Trd, 4319709.243, 140
Trd, 4319710.743, 140
Trd, 4319712.493, 140
Trd, 4319712.893, 140
Trd, 4319713.093, 140
Trd, 4319713.893, 140
Trd, 4319714.043, 140
Trd, 4319714.443, 139
Trd, 4319714.843, 87
Trd, 4319715.643, 140
Trd, 4319716.043, 129
Trd, 4319716.193, 128
Trd, 4319716.943, 108
Trd, 4319718.193, 72
Trd, 4319719.293, 139
Trd, 4319719.443, 96
Trd, 4319719.843, 112
Trd, 4319720.143, 70
Trd, 4319720.943, 66
Trd, 4319721.843, 65
Trd, 4319723.543, 62
Trd, 4319723.693, 64
Trd, 4319724.393, 85
Trd, 4319725.843, 62
Trd, 4319726.793, 66
Trd, 4319726.943, 124
Trd, 4319727.093, 65
Trd, 4319727.993, 70
Trd, 4319728.393, 71
Trd, 4319729.343, 71
Trd, 4319729.543, 71
Trd, 4319729.593, 85
Trd, 4319730.293, 100
Trd, 4319730.893, 99
Trd, 4319731.893, 60
Trd, 4319732.593, 60
Trd, 4319733.393, 60
Trd, 4319734.193, 62
Trd, 4319735.443, 65
Trd, 4319735.693, 84
Trd, 4319736.143, 66
Trd, 4319737.193, 117
Trd, 4319737.493, 116
Trd, 4319738.143, 140
Trd, 4319738.693, 94
Trd, 4319739.443, 140
Trd, 4319739.743, 128
Trd, 4319739.843, 73
Trd, 4319741.793, 61
Trd, 4319742.193, 61
Trd, 4319743.843, 62
Trd, 4319745.993, 61
Trd, 4319747.143, 60
Trd, 4319747.343, 60
Trd, 4319748.043, 64
Trd, 4319749.843, 60
Trd, 4319750.293, 61
Trd, 4319750.343, 61
Trd, 4319750.743, 66
Trd, 4319751.893, 72
Trd, 4319751.943, 71
Trd, 4319753.443, 63
Trd, 4319754.143, 60
Trd, 4319755.043, 61
Trd, 4319756.143, 61
Trd, 4319756.493, 60
Trd, 4319756.643, 71
Trd, 4319756.993, 65
Trd, 4319758.243, 66
Trd, 4319758.493, 61
Trd, 4319760.793, 61
Trd, 4319761.393, 62
Trd, 4319762.043, 61
Trd, 4319764.193, 60
Trd, 4319764.993, 63
Trd, 4319765.543, 62
Trd, 4319766.843, 61
Trd, 4319766.943, 60
Trd, 4319767.643, 60
Trd, 4319768.243, 62
Trd, 4319769.293, 61
Trd, 4319769.543, 61
Trd, 4319769.693, 63
Trd, 4319770.443, 68
Trd, 4319770.743, 69
Trd, 4319771.293, 68
Trd, 4319771.893, 76
Trd, 4319771.943, 74
Trd, 4319772.243, 72
Trd, 4319773.193, 120
Trd, 4319774.243, 140
Trd, 4319774.593, 139
Trd, 4319774.693, 130
Trd, 4319775.343, 64
Trd, 4319776.043, 63
Trd, 4319776.793, 83
Trd, 4319777.593, 65
Trd, 4319778.693, 64
Trd, 4319779.293, 62
Trd, 4319780.743, 60
Trd, 4319781.393, 60
Trd, 4319781.843, 66
Trd, 4319782.343, 62
Trd, 4319782.893, 61
Trd, 4319784.693, 65
Trd, 4319785.743, 60
Trd, 4319787.543, 61
Trd, 4319787.693, 63
Trd, 4319787.943, 68
Trd, 4319788.693, 140
Trd, 4319788.993, 140
Trd, 4319789.093, 95
Trd, 4319790.193, 140
Trd, 4319792.343, 60
Trd, 4319793.093, 60
Trd, 4319794.893, 63
Trd, 4319795.793, 63
Trd, 4319795.943, 64
Trd, 4319796.093, 94
Trd, 4319797.193, 69
Trd, 4319797.293, 68
Trd, 4319797.893, 78
Trd, 4319798.043, 140
Trd, 4319798.293, 68
Trd, 4319801.293, 60
Trd, 4319802.393, 61
Trd, 4319803.243, 60
Trd, 4319804.193, 60
Trd, 4319805.793, 61
Trd, 4319806.093, 62
Trd, 4319807.243, 61
Trd, 4319807.393, 62
Trd, 4319807.643, 63
Trd, 4319808.193, 63
Trd, 4319808.643, 65
Trd, 4319809.493, 140
Trd, 4319809.893, 71
Trd, 4319810.193, 140
Trd, 4319810.643, 73
Trd, 4319810.943, 72
Trd, 4319812.943, 61
Trd, 4319814.043, 64
Trd, 4319814.493, 63
Trd, 4319814.943, 63
Trd, 4319815.043, 62
Trd, 4319815.443, 63
Trd, 4319815.593, 62
Trd, 4319815.943, 65
Trd, 4319816.993, 70
Trd, 4319817.993, 83
Trd, 4319818.743, 140
Trd, 4319818.943, 140
Trd, 4319818.993, 126
Trd, 4319822.793, 60
Trd, 4319823.343, 60
Trd, 4319824.593, 65
Trd, 4319824.643, 63
Trd, 4319824.943, 63
Trd, 4319825.093, 69
Trd, 4319826.093, 86
Trd, 4319826.843, 93
Trd, 4319827.443, 140
Trd, 4319827.493, 140
Trd, 4319827.743, 140
Trd, 4319827.993, 140
Trd, 4319829.443, 140
Trd, 4319830.493, 137
Trd, 4319830.643, 90
Trd, 4319831.243, 66
Trd, 4319832.693, 60
Trd, 4319833.343, 63
Trd, 4319833.643, 62
Trd, 4319835.143, 64
Trd, 4319835.293, 67
Trd, 4319835.643, 70
Trd, 4319835.893, 69
Trd, 4319836.943, 60
Trd, 4319837.443, 66
Trd, 4319839.093, 60
Trd, 4319842.593, 60
Trd, 4319842.843, 60
Trd, 4319844.593, 60
Trd, 4319845.093, 61
Trd, 4319845.243, 60
Trd, 4319846.093, 63
Trd, 4319846.343, 60
Trd, 4319846.993, 66
Trd, 4319847.493, 73
Trd, 4319847.743, 61
Trd, 4319848.443, 62
Trd, 4319848.843, 61
Trd, 4319850.243, 60
Trd, 4319850.893, 67
Trd, 4319851.943, 70
Trd, 4319851.993, 63
Trd, 4319852.543, 71
Trd, 4319852.843, 68
Trd, 4319853.393, 127
Trd, 4319853.493, 83
Trd, 4319854.593, 60
Trd, 4319856.443, 60
Trd, 4319857.693, 61
Trd, 4319857.943, 61
Trd, 4319857.993, 62
Trd, 4319858.393, 63
Trd, 4319858.443, 60
Trd, 4319858.593, 63
Trd, 4319859.943, 61
Trd, 4319860.193, 60
Trd, 4319860.393, 60
Trd, 4319861.643, 79
Trd, 4319862.843, 63
Trd, 4319862.893, 61
Trd, 4319863.743, 86
Trd, 4319865.493, 61
Trd, 4319865.943, 63
Trd, 4319867.093, 62
Trd, 4319867.743, 66
Trd, 4319867.943, 98
Trd, 4319868.043, 66
Trd, 4319869.143, 74
Trd, 4319869.243, 76
Trd, 4319869.393, 73
Trd, 4319870.143, 77
Trd, 4319871.393, 62
Trd, 4319874.493, 60
Trd, 4319874.743, 60
Trd, 4319874.793, 65
Trd, 4319874.893, 69
Trd, 4319875.693, 140
Trd, 4319876.043, 137
Trd, 4319876.793, 60
Trd, 4319877.093, 65
Trd, 4319878.243, 138
Trd, 4319878.493, 81
Trd, 4319879.343, 72
Trd, 4319879.943, 76
Trd, 4319880.043, 72
Trd, 4319880.443, 70
Trd, 4319881.443, 139
Trd, 4319882.043, 137
Trd, 4319882.793, 139
Trd, 4319883.743, 125
Trd, 4319884.393, 112
Trd, 4319886.143, 61
Trd, 4319887.443, 60
Trd, 4319888.643, 60
Trd, 4319889.343, 62
Trd, 4319889.593, 63
Trd, 4319889.643, 65
Trd, 4319889.793, 61
Trd, 4319890.543, 137
Trd, 4319892.043, 99
Trd, 4319892.293, 98
Trd, 4319892.843, 100
Trd, 4319892.893, 87
Trd, 4319893.043, 75
Trd, 4319894.093, 72
Trd, 4319895.093, 61
Trd, 4319895.193, 64
Trd, 4319898.393, 62
Trd, 4319898.793, 61
Trd, 4319898.893, 63
Trd, 4319899.493, 60
Trd, 4319901.043, 60
Trd, 4319901.243, 63
Trd, 4319902.243, 60
Trd, 4319902.593, 60
Trd, 4319903.343, 60
Trd, 4319904.493, 62
Trd, 4319904.743, 64
Trd, 4319905.043, 60
Trd, 4319905.693, 63
Trd, 4319906.893, 63
Trd, 4319907.143, 126
Trd, 4319908.843, 64
Trd, 4319908.893, 72
Trd, 4319909.343, 63
Trd, 4319909.593, 123
Trd, 4319910.493, 134
Trd, 4319910.693, 96
Trd, 4319912.343, 62
Trd, 4319915.393, 60
Trd, 4319915.743, 61
Trd, 4319917.143, 60
Trd, 4319917.643, 61
Trd, 4319917.743, 61
Trd, 4319917.893, 60
Trd, 4319918.393, 65
Trd, 4319918.993, 70
Trd, 4319919.393, 69
Trd, 4319919.593, 80
Trd, 4319920.343, 68
Trd, 4319921.043, 140
Trd, 4319921.493, 71
Trd, 4319921.743, 69
Trd, 4319923.093, 140
Trd, 4319924.343, 139
Trd, 4319924.543, 115
Trd, 4319924.893, 80
Trd, 4319925.343, 122
Trd, 4319926.493, 95
Trd, 4319927.093, 140
Trd, 4319927.143, 78
Trd, 4319927.443, 60
Trd, 4319929.293, 61
Trd, 4319929.843, 60
Trd, 4319930.593, 71
Trd, 4319932.793, 63
Trd, 4319934.043, 61
Trd, 4319934.443, 60
Trd, 4319935.343, 61
Trd, 4319935.743, 68
Trd, 4319936.043, 70
Trd, 4319936.393, 74
Trd, 4319936.593, 71
Trd, 4319936.893, 70
Trd, 4319937.793, 63
Trd, 4319938.793, 61
Trd, 4319940.793, 64
Trd, 4319942.443, 63
Trd, 4319942.643, 65
Trd, 4319943.493, 62
Trd, 4319943.943, 64
Trd, 4319944.643, 63
Trd, 4319945.543, 61
Trd, 4319945.593, 63
Trd, 4319946.543, 64
Trd, 4319946.643, 89
Trd, 4319947.193, 70
Trd, 4319947.993, 77
Trd, 4319948.043, 76
Trd, 4319948.743, 132
Trd, 4319949.093, 73
Trd, 4319949.793, 74
Trd, 4319951.193, 60
Trd, 4319952.143, 133
Trd, 4319952.693, 79
Trd, 4319953.493, 82
Trd, 4319953.743, 82
Trd, 4319954.643, 96
Trd, 4319954.793, 81
Trd, 4319955.493, 122
Trd, 4319955.793, 121
Trd, 4319955.893, 137
Trd, 4319956.393, 88
Trd, 4319956.793, 136
Trd, 4319957.043, 135
Trd, 4319958.493, 94
Trd, 4319959.643, 110
Trd, 4319959.943, 93
Trd, 4319961.093, 61
Trd, 4319962.293, 140
Trd, 4319962.593, 140
Trd, 4319962.693, 140
Trd, 4319963.043, 140
Trd, 4319963.893, 139
Trd, 4319965.043, 69
Trd, 4319967.893, 61
Trd, 4319968.793, 60
Trd, 4319968.993, 64
Trd, 4319969.543, 73
Trd, 4319971.193, 63
Trd, 4319971.443, 64
Trd, 4319971.743, 64
Trd, 4319972.993, 140
Trd, 4319973.243, 140
Trd, 4319973.393, 140
Trd, 4319973.493, 139
Trd, 4319973.643, 134
Trd, 4319973.743, 133
Trd, 4319976.343, 140
Trd, 4319977.093, 140
Trd, 4319977.443, 140
Trd, 4319977.893, 137
Trd, 4319978.443, 137
Trd, 4319980.293, 140
Trd, 4319980.343, 140
Trd, 4319980.643, 140
Trd, 4319981.193, 140
Trd, 4319981.393, 140
Trd, 4319981.443, 110
Trd, 4319982.743, 140
Trd, 4319982.843, 111
Trd, 4319983.293, 92
Trd, 4319983.893, 94
Trd, 4319984.443, 140
Trd, 4319985.943, 61
Trd, 4319986.143, 60
Trd, 4319987.593, 62
Trd, 4319987.793, 61
Trd, 4319988.643, 62
Trd, 4319990.443, 62
Trd, 4319990.743, 60
Trd, 4319990.793, 64
Trd, 4319991.243, 60
Trd, 4319991.993, 66
Trd, 4319992.443, 65
Trd, 4319992.743, 60
Trd, 4319993.093, 71
Trd, 4319993.943, 60
Trd, 4319994.943, 67
Trd, 4319997.193, 61
Trd, 4319998.093, 61
Trd, 4319998.243, 63
Trd, 4319998.343, 61
Trd, 4319998.543, 61
Trd, 4319998.943, 72
Trd, 4319999.793, 62
