Trd, 4318098.643, 61
Trd, 4318099.093, 61
Trd, 4318099.393, 64
Trd, 4318100.243, 60
Trd, 4318100.543, 60
Trd, 4318100.643, 60
Trd, 4318101.943, 63
Trd, 4318102.643, 60
Trd, 4318102.843, 70
Trd, 4318103.093, 66
Trd, 4318103.543, 67
Trd, 4318104.043, 66
Trd, 4318104.693, 67
Trd, 4318106.793, 140
Trd, 4318107.593, 140
Trd, 4318108.093, 140
Trd, 4318108.893, 123
Trd, 4318109.443, 140
Trd, 4318109.543, 121
Trd, 4318109.893, 115
Trd, 4318113.793, 140
Trd, 4318114.643, 140
Trd, 4318115.793, 140
Trd, 4318116.193, 124
Trd, 4318116.793, 140
Trd, 4318117.243, 130
Trd, 4318118.443, 135
Trd, 4318118.693, 107
Trd, 4318119.543, 103
Trd, 4318120.043, 131
Trd, 4318121.343, 140
Trd, 4318122.193, 140
Trd, 4318124.043, 139
Trd, 4318124.393, 114
Trd, 4318124.843, 136
Trd, 4318124.893, 134
Trd, 4318125.493, 140
Trd, 4318126.643, 122
Trd, 4318126.993, 104
Trd, 4318128.093, 137
Trd, 4318129.393, 140
Trd, 4318130.443, 140
Trd, 4318130.643, 127
Trd, 4318131.243, 117
Trd, 4318132.143, 140
Trd, 4318132.643, 140
Trd, 4318133.143, 139
Trd, 4318133.543, 111
Trd, 4318134.093, 78
Trd, 4318135.443, 138
Trd, 4318136.343, 139
Trd, 4318137.443, 140
Trd, 4318137.793, 138
Trd, 4318138.943, 137
Trd, 4318139.543, 139
Trd, 4318139.693, 139
Trd, 4318140.343, 139
Trd, 4318140.643, 140
Trd, 4318140.793, 124
Trd, 4318141.943, 137
Trd, 4318143.443, 119
Trd, 4318145.843, 140
Trd, 4318146.443, 140
Trd, 4318146.743, 139
Trd, 4318147.093, 116
Trd, 4318147.543, 113
Trd, 4318148.893, 139
Trd, 4318149.893, 138
Trd, 4318150.143, 137
Trd, 4318151.143, 106
Trd, 4318151.243, 103
Trd, 4318151.893, 134
Trd, 4318152.393, 61
Trd, 4318153.793, 140
Trd, 4318155.493, 140
Trd, 4318155.943, 140
Trd, 4318157.093, 140
Trd, 4318157.293, 140
Trd, 4318158.443, 125
Trd, 4318159.043, 140
Trd, 4318160.093, 139
Trd, 4318160.743, 140
Trd, 4318161.693, 140
Trd, 4318162.543, 140
Trd, 4318162.843, 135
Trd, 4318164.493, 140
Trd, 4318166.243, 140
Trd, 4318166.493, 140
Trd, 4318166.593, 140
Trd, 4318167.143, 123
Trd, 4318167.343, 122
Trd, 4318167.493, 103
Trd, 4318168.243, 127
Trd, 4318169.343, 140
Trd, 4318170.743, 126
Trd, 4318170.843, 101
Trd, 4318172.743, 99
Trd, 4318173.743, 140
Trd, 4318174.093, 140
Trd, 4318174.693, 133
Trd, 4318175.943, 136
Trd, 4318176.443, 135
Trd, 4318178.893, 140
Trd, 4318179.593, 140
Trd, 4318179.693, 140
Trd, 4318180.043, 139
Trd, 4318180.443, 104
Trd, 4318180.943, 140
Trd, 4318180.993, 140
Trd, 4318183.193, 140
Trd, 4318183.643, 140
Trd, 4318183.943, 127
Trd, 4318185.193, 140
Trd, 4318186.243, 134
Trd, 4318187.443, 140
Trd, 4318187.693, 139
Trd, 4318188.043, 139
Trd, 4318188.993, 138
Trd, 4318189.043, 137
Trd, 4318190.293, 117
Trd, 4318190.493, 99
Trd, 4318190.893, 140
Trd, 4318193.393, 140
Trd, 4318194.943, 140
Trd, 4318194.993, 140
Trd, 4318195.093, 139
Trd, 4318195.743, 138
Trd, 4318196.193, 132
Trd, 4318196.443, 99
Trd, 4318196.843, 73
Trd, 4318197.693, 66
Trd, 4318197.893, 67
Trd, 4318198.643, 130
Trd, 4318199.293, 140
Trd, 4318202.143, 140
Trd, 4318202.743, 140
Trd, 4318202.943, 140
Trd, 4318203.543, 139
Trd, 4318204.993, 140
Trd, 4318205.243, 138
Trd, 4318205.393, 119
Trd, 4318208.543, 140
Trd, 4318208.843, 140
Trd, 4318209.743, 140
Trd, 4318210.143, 140
Trd, 4318210.693, 140
Trd, 4318212.743, 140
Trd, 4318213.993, 140
Trd, 4318214.743, 140
Trd, 4318215.943, 126
Trd, 4318216.043, 124
Trd, 4318218.843, 140
Trd, 4318219.193, 140
Trd, 4318219.643, 140
Trd, 4318220.243, 140
Trd, 4318221.093, 140
Trd, 4318221.593, 104
Trd, 4318222.193, 137
Trd, 4318222.343, 139
Trd, 4318223.243, 105
Trd, 4318224.643, 103
Trd, 4318224.693, 78
Trd, 4318224.743, 104
Trd, 4318224.943, 77
Trd, 4318225.293, 63
Trd, 4318227.293, 139
Trd, 4318228.043, 138
Trd, 4318228.443, 98
Trd, 4318229.543, 140
Trd, 4318229.793, 139
Trd, 4318231.343, 140
Trd, 4318232.193, 140
Trd, 4318232.393, 140
Trd, 4318233.343, 140
Trd, 4318234.393, 139
Trd, 4318234.543, 138
Trd, 4318234.693, 136
Trd, 4318236.293, 138
Trd, 4318237.393, 121
Trd, 4318237.693, 97
Trd, 4318239.093, 138
Trd, 4318240.843, 140
Trd, 4318241.493, 139
Trd, 4318241.543, 138
Trd, 4318241.593, 133
Trd, 4318241.893, 119
Trd, 4318244.393, 139
Trd, 4318245.093, 140
Trd, 4318246.093, 140
Trd, 4318246.343, 138
Trd, 4318247.143, 133
Trd, 4318247.643, 140
Trd, 4318247.793, 132
Trd, 4318248.043, 131
Trd, 4318249.093, 139
Trd, 4318250.793, 132
Trd, 4318251.493, 140
Trd, 4318253.393, 140
Trd, 4318254.143, 140
Trd, 4318254.593, 138
Trd, 4318255.043, 138
Trd, 4318255.843, 138
Trd, 4318256.243, 113
Trd, 4318257.893, 139
Trd, 4318258.643, 117
Trd, 4318258.843, 116
Trd, 4318259.693, 139
Trd, 4318259.943, 138
Trd, 4318260.293, 140
Trd, 4318262.143, 131
Trd, 4318262.393, 131
Trd, 4318262.843, 140
Trd, 4318262.943, 139
Trd, 4318263.943, 139
Trd, 4318263.993, 137
Trd, 4318264.193, 100
Trd, 4318265.143, 94
Trd, 4318269.793, 140
Trd, 4318270.543, 140
Trd, 4318271.193, 140
Trd, 4318271.743, 140
Trd, 4318272.393, 136
Trd, 4318273.293, 140
Trd, 4318275.043, 140
Trd, 4318276.393, 140
Trd, 4318277.043, 140
Trd, 4318277.243, 140
Trd, 4318278.743, 132
Trd, 4318278.893, 98
Trd, 4318279.243, 140
Trd, 4318279.343, 91
Trd, 4318279.543, 85
Trd, 4318280.443, 60
Trd, 4318280.693, 60
Trd, 4318280.743, 61
Trd, 4318282.443, 60
Trd, 4318282.943, 61
Trd, 4318283.143, 61
Trd, 4318284.743, 63
Trd, 4318285.593, 60
Trd, 4318285.743, 64
Trd, 4318286.493, 60
Trd, 4318288.893, 62
Trd, 4318288.943, 63
Trd, 4318290.993, 105
Trd, 4318291.143, 93
Trd, 4318291.193, 127
Trd, 4318292.093, 92
Trd, 4318293.093, 67
Trd, 4318293.143, 66
Trd, 4318294.843, 140
Trd, 4318294.893, 140
Trd, 4318296.043, 140
Trd, 4318297.193, 140
Trd, 4318297.493, 140
Trd, 4318297.793, 124
Trd, 4318298.193, 104
Trd, 4318298.493, 93
Trd, 4318300.443, 140
Trd, 4318300.993, 140
Trd, 4318301.993, 140
Trd, 4318303.293, 140
Trd, 4318304.193, 140
Trd, 4318304.693, 140
Trd, 4318306.943, 140
Trd, 4318306.993, 139
Trd, 4318309.043, 140
Trd, 4318309.093, 138
Trd, 4318309.343, 126
Trd, 4318309.843, 72
Trd, 4318310.243, 129
Trd, 4318310.943, 122
Trd, 4318311.693, 103
Trd, 4318312.543, 104
Trd, 4318313.493, 103
Trd, 4318313.643, 134
Trd, 4318314.543, 135
Trd, 4318314.643, 82
Trd, 4318316.193, 136
Trd, 4318317.893, 140
Trd, 4318318.743, 140
Trd, 4318319.043, 138
Trd, 4318319.543, 138
Trd, 4318321.593, 140
Trd, 4318322.543, 140
Trd, 4318322.593, 140
Trd, 4318322.643, 139
Trd, 4318324.243, 139
Trd, 4318325.043, 117
Trd, 4318327.243, 140
Trd, 4318327.393, 140
Trd, 4318327.493, 139
Trd, 4318327.643, 108
Trd, 4318328.293, 139
Trd, 4318329.243, 140
Trd, 4318330.843, 140
Trd, 4318331.043, 140
Trd, 4318331.243, 140
Trd, 4318331.293, 111
Trd, 4318332.393, 136
Trd, 4318332.993, 140
Trd, 4318334.243, 88
Trd, 4318334.743, 135
Trd, 4318336.793, 60
Trd, 4318337.143, 60
Trd, 4318337.893, 62
Trd, 4318338.143, 60
Trd, 4318339.293, 60
Trd, 4318339.493, 61
Trd, 4318339.543, 63
Trd, 4318339.943, 63
Trd, 4318341.643, 61
Trd, 4318341.843, 66
Trd, 4318342.593, 124
Trd, 4318343.043, 63
Trd, 4318343.243, 62
Trd, 4318344.493, 67
Trd, 4318345.643, 61
Trd, 4318346.243, 65
Trd, 4318346.693, 63
Trd, 4318347.743, 78
Trd, 4318348.043, 133
Trd, 4318349.393, 62
Trd, 4318350.343, 61
Trd, 4318350.543, 64
Trd, 4318351.243, 62
Trd, 4318351.493, 63
Trd, 4318351.943, 62
Trd, 4318352.843, 66
Trd, 4318353.443, 65
Trd, 4318353.793, 66
Trd, 4318353.843, 68
Trd, 4318354.543, 65
Trd, 4318354.643, 66
Trd, 4318356.543, 140
Trd, 4318356.893, 140
Trd, 4318356.943, 136
Trd, 4318357.943, 112
Trd, 4318358.693, 140
Trd, 4318358.743, 140
Trd, 4318359.043, 96
Trd, 4318359.993, 61
Trd, 4318360.093, 62
Trd, 4318362.393, 140
Trd, 4318363.993, 140
Trd, 4318364.243, 140
Trd, 4318364.643, 139
Trd, 4318365.093, 140
Trd, 4318366.743, 140
Trd, 4318367.593, 140
Trd, 4318367.693, 140
Trd, 4318367.993, 139
Trd, 4318369.043, 112
Trd, 4318369.243, 109
Trd, 4318369.793, 111
Trd, 4318371.443, 139
Trd, 4318372.643, 140
Trd, 4318372.893, 140
Trd, 4318374.693, 140
Trd, 4318375.093, 140
Trd, 4318375.393, 140
Trd, 4318377.293, 140
Trd, 4318377.343, 140
Trd, 4318377.543, 139
Trd, 4318379.043, 138
Trd, 4318381.443, 140
Trd, 4318381.743, 140
Trd, 4318382.893, 140
Trd, 4318383.793, 140
Trd, 4318385.043, 140
Trd, 4318385.443, 140
Trd, 4318387.343, 140
Trd, 4318387.543, 140
Trd, 4318387.843, 139
Trd, 4318389.243, 139
Trd, 4318389.693, 105
Trd, 4318389.893, 103
Trd, 4318390.543, 140
Trd, 4318391.093, 136
Trd, 4318392.793, 140
Trd, 4318393.043, 140
Trd, 4318393.193, 140
Trd, 4318393.593, 138
Trd, 4318393.643, 93
Trd, 4318393.943, 70
Trd, 4318395.943, 140
Trd, 4318397.043, 97
Trd, 4318397.693, 137
Trd, 4318398.293, 61
Trd, 4318398.593, 64
Trd, 4318399.043, 63
Trd, 4318399.793, 63
Trd, 4318400.293, 63
Trd, 4318400.443, 61
Trd, 4318400.543, 60
Trd, 4318400.843, 63
Trd, 4318402.093, 115
Trd, 4318403.243, 140
Trd, 4318404.093, 140
Trd, 4318404.443, 140
Trd, 4318405.043, 140
Trd, 4318406.943, 100
Trd, 4318407.493, 99
Trd, 4318407.793, 124
Trd, 4318409.193, 138
Trd, 4318409.493, 140
Trd, 4318409.993, 140
Trd, 4318412.543, 138
Trd, 4318413.193, 140
Trd, 4318413.243, 139
Trd, 4318413.543, 136
Trd, 4318413.593, 117
Trd, 4318413.693, 140
Trd, 4318414.093, 140
Trd, 4318414.843, 139
Trd, 4318415.343, 138
Trd, 4318416.393, 139
Trd, 4318417.443, 123
Trd, 4318417.943, 103
Trd, 4318418.043, 73
Trd, 4318419.893, 60
Trd, 4318421.893, 111
Trd, 4318422.243, 101
Trd, 4318422.793, 111
Trd, 4318423.443, 106
Trd, 4318423.593, 104
Trd, 4318423.693, 100
Trd, 4318423.943, 110
Trd, 4318424.543, 91
Trd, 4318425.393, 66
Trd, 4318427.943, 61
Trd, 4318428.043, 101
Trd, 4318428.743, 102
Trd, 4318429.743, 62
Trd, 4318430.143, 60
Trd, 4318431.143, 60
Trd, 4318432.293, 60
Trd, 4318432.543, 60
Trd, 4318432.843, 61
Trd, 4318433.393, 60
Trd, 4318433.593, 64
Trd, 4318434.243, 62
Trd, 4318435.943, 60
Trd, 4318437.143, 60
Trd, 4318437.393, 61
Trd, 4318437.793, 60
Trd, 4318438.193, 62
Trd, 4318439.843, 61
Trd, 4318440.343, 60
Trd, 4318440.493, 61
Trd, 4318441.643, 60
Trd, 4318441.993, 60
Trd, 4318442.093, 61
Trd, 4318442.543, 61
Trd, 4318442.793, 62
Trd, 4318444.343, 140
Trd, 4318445.443, 106
Trd, 4318445.493, 105
Trd, 4318445.593, 96
Trd, 4318446.043, 109
Trd, 4318446.593, 140
Trd, 4318449.493, 140
Trd, 4318449.743, 140
Trd, 4318450.693, 140
Trd, 4318452.343, 140
Trd, 4318452.993, 140
Trd, 4318453.243, 140
Trd, 4318453.393, 139
Trd, 4318455.143, 140
Trd, 4318456.143, 140
Trd, 4318456.593, 140
Trd, 4318457.443, 140
Trd, 4318457.493, 139
Trd, 4318459.393, 140
Trd, 4318460.193, 138
Trd, 4318460.443, 140
Trd, 4318460.843, 122
Trd, 4318461.243, 123
Trd, 4318462.843, 120
Trd, 4318463.043, 94
Trd, 4318465.443, 140
Trd, 4318465.743, 140
Trd, 4318467.293, 140
Trd, 4318467.843, 140
Trd, 4318468.343, 140
Trd, 4318468.893, 103
Trd, 4318469.143, 81
Trd, 4318471.143, 60
Trd, 4318471.893, 60
Trd, 4318472.193, 60
Trd, 4318472.793, 61
Trd, 4318472.893, 63
Trd, 4318473.493, 60
Trd, 4318473.593, 61
Trd, 4318474.743, 60
Trd, 4318475.593, 60
Trd, 4318475.843, 61
Trd, 4318476.793, 68
Trd, 4318477.443, 69
Trd, 4318478.443, 61
Trd, 4318478.843, 140
Trd, 4318478.943, 140
Trd, 4318480.193, 140
Trd, 4318480.893, 140
Trd, 4318482.893, 96
Trd, 4318483.893, 140
Trd, 4318484.043, 139
Trd, 4318484.393, 137
Trd, 4318486.593, 89
Trd, 4318486.743, 109
Trd, 4318488.943, 140
Trd, 4318489.243, 140
Trd, 4318489.943, 140
Trd, 4318490.243, 140
Trd, 4318490.443, 135
Trd, 4318491.243, 115
Trd, 4318492.843, 60
Trd, 4318494.243, 60
Trd, 4318494.993, 60
Trd, 4318495.493, 60
Trd, 4318496.093, 61
Trd, 4318497.193, 60
Trd, 4318497.293, 60
Trd, 4318497.443, 60
Trd, 4318497.543, 61
Trd, 4318498.393, 60
Trd, 4318499.443, 66
Trd, 4318499.843, 60
Trd, 4318499.943, 62
Trd, 4318500.243, 102
Trd, 4318501.893, 140
Trd, 4318502.443, 133
Trd, 4318503.043, 135
Trd, 4318504.493, 139
Trd, 4318505.343, 140
Trd, 4318505.543, 139
Trd, 4318506.443, 138
Trd, 4318507.443, 139
Trd, 4318507.643, 133
Trd, 4318508.343, 139
Trd, 4318508.843, 116
Trd, 4318510.243, 125
Trd, 4318510.943, 140
Trd, 4318511.793, 140
Trd, 4318513.293, 140
Trd, 4318514.093, 140
Trd, 4318514.643, 140
Trd, 4318514.693, 140
Trd, 4318515.943, 140
Trd, 4318516.193, 139
Trd, 4318517.843, 140
Trd, 4318519.893, 140
Trd, 4318520.593, 140
Trd, 4318521.043, 140
Trd, 4318522.143, 140
Trd, 4318522.243, 140
Trd, 4318522.843, 140
Trd, 4318524.293, 140
Trd, 4318526.043, 140
Trd, 4318526.743, 140
Trd, 4318527.093, 140
Trd, 4318527.943, 140
Trd, 4318528.093, 140
Trd, 4318528.643, 140
Trd, 4318530.143, 134
Trd, 4318530.793, 132
Trd, 4318531.443, 116
Trd, 4318531.643, 116
Trd, 4318531.693, 96
Trd, 4318533.493, 129
Trd, 4318533.643, 131
Trd, 4318535.243, 82
Trd, 4318535.943, 71
Trd, 4318536.693, 71
Trd, 4318537.543, 139
Trd, 4318537.643, 138
Trd, 4318538.543, 111
Trd, 4318538.793, 131
Trd, 4318539.643, 140
Trd, 4318540.493, 136
Trd, 4318541.143, 139
Trd, 4318541.293, 140
Trd, 4318541.743, 79
Trd, 4318542.643, 69
Trd, 4318543.393, 137
Trd, 4318544.643, 123
Trd, 4318545.243, 122
Trd, 4318545.443, 121
Trd, 4318546.093, 129
Trd, 4318546.593, 73
Trd, 4318546.943, 130
Trd, 4318547.293, 84
Trd, 4318548.143, 139
Trd, 4318549.793, 139
Trd, 4318550.343, 140
Trd, 4318551.793, 140
Trd, 4318552.293, 140
Trd, 4318552.443, 140
Trd, 4318553.043, 140
Trd, 4318553.743, 115
Trd, 4318554.893, 84
Trd, 4318555.143, 140
Trd, 4318555.893, 113
Trd, 4318556.093, 140
Trd, 4318557.593, 140
Trd, 4318558.543, 140
Trd, 4318558.593, 140
Trd, 4318558.893, 120
Trd, 4318560.143, 131
Trd, 4318561.743, 83
Trd, 4318562.993, 140
Trd, 4318563.543, 140
Trd, 4318564.393, 139
Trd, 4318565.793, 140
Trd, 4318566.143, 140
Trd, 4318566.443, 140
Trd, 4318566.593, 139
Trd, 4318567.893, 129
Trd, 4318568.143, 123
Trd, 4318568.543, 140
Trd, 4318568.593, 117
Trd, 4318568.843, 102
Trd, 4318569.393, 95
Trd, 4318569.843, 94
Trd, 4318571.093, 95
Trd, 4318572.593, 140
Trd, 4318574.343, 140
Trd, 4318575.293, 140
Trd, 4318576.943, 140
Trd, 4318577.343, 140
Trd, 4318577.593, 140
Trd, 4318577.993, 140
Trd, 4318578.793, 137
Trd, 4318579.293, 136
Trd, 4318580.043, 140
Trd, 4318580.493, 139
Trd, 4318582.143, 140
Trd, 4318583.893, 140
Trd, 4318584.743, 138
Trd, 4318585.543, 140
Trd, 4318586.943, 133
Trd, 4318587.193, 109
Trd, 4318587.243, 89
Trd, 4318588.493, 140
Trd, 4318588.893, 140
Trd, 4318588.993, 76
Trd, 4318590.193, 60
Trd, 4318590.643, 60
Trd, 4318591.543, 85
Trd, 4318592.043, 87
Trd, 4318592.243, 60
Trd, 4318593.193, 60
Trd, 4318593.593, 61
Trd, 4318593.643, 65
Trd, 4318594.193, 61
Trd, 4318594.343, 65
Trd, 4318595.193, 140
Trd, 4318595.293, 96
Trd, 4318597.443, 140
Trd, 4318597.993, 140
Trd, 4318598.293, 140
Trd, 4318599.843, 140
Trd, 4318600.543, 140
Trd, 4318600.593, 139
Trd, 4318600.743, 137
Trd, 4318601.893, 133
Trd, 4318602.793, 104
Trd, 4318603.043, 102
Trd, 4318603.543, 133
Trd, 4318603.643, 83
Trd, 4318603.943, 78
Trd, 4318604.843, 139
Trd, 4318605.743, 139
Trd, 4318606.993, 140
Trd, 4318607.343, 140
Trd, 4318607.843, 138
Trd, 4318608.443, 137
Trd, 4318609.043, 129
Trd, 4318610.843, 140
Trd, 4318611.143, 130
Trd, 4318612.943, 123
Trd, 4318613.443, 140
Trd, 4318613.843, 140
Trd, 4318617.393, 140
Trd, 4318617.493, 140
Trd, 4318618.293, 140
Trd, 4318618.543, 140
Trd, 4318618.893, 136
Trd, 4318619.993, 138
Trd, 4318621.393, 140
Trd, 4318622.243, 140
Trd, 4318622.293, 110
Trd, 4318623.343, 140
Trd, 4318623.443, 116
Trd, 4318623.543, 98
Trd, 4318624.893, 138
Trd, 4318625.243, 86
Trd, 4318625.743, 72
Trd, 4318626.243, 138
Trd, 4318626.593, 70
Trd, 4318627.593, 63
Trd, 4318629.393, 140
Trd, 4318629.943, 139
Trd, 4318630.593, 137
Trd, 4318630.943, 106
Trd, 4318631.343, 100
Trd, 4318632.043, 137
Trd, 4318632.693, 126
Trd, 4318633.593, 126
Trd, 4318635.443, 132
Trd, 4318635.743, 138
Trd, 4318636.593, 139
Trd, 4318636.943, 132
Trd, 4318637.243, 132
Trd, 4318639.543, 140
Trd, 4318639.993, 140
Trd, 4318640.443, 140
Trd, 4318641.893, 140
Trd, 4318643.693, 140
Trd, 4318644.093, 140
Trd, 4318644.793, 135
Trd, 4318645.043, 133
Trd, 4318645.393, 135
Trd, 4318645.693, 133
Trd, 4318645.743, 132
Trd, 4318645.843, 83
Trd, 4318646.043, 135
Trd, 4318646.493, 92
Trd, 4318648.493, 62
Trd, 4318649.993, 140
Trd, 4318650.893, 100
Trd, 4318652.943, 140
Trd, 4318653.293, 140
Trd, 4318653.593, 139
Trd, 4318654.043, 137
Trd, 4318654.443, 139
Trd, 4318655.393, 131
Trd, 4318656.143, 103
Trd, 4318657.543, 140
Trd, 4318657.743, 139
Trd, 4318658.093, 140
Trd, 4318658.193, 137
Trd, 4318658.243, 97
Trd, 4318658.393, 94
Trd, 4318658.693, 68
Trd, 4318659.493, 140
Trd, 4318662.693, 140
Trd, 4318663.343, 140
Trd, 4318663.693, 140
Trd, 4318665.093, 140
Trd, 4318665.143, 140
Trd, 4318665.493, 140
Trd, 4318667.743, 140
Trd, 4318668.643, 140
Trd, 4318669.343, 140
Trd, 4318669.643, 140
Trd, 4318670.493, 140
Trd, 4318670.943, 140
Trd, 4318672.043, 140
Trd, 4318673.093, 139
Trd, 4318673.493, 116
Trd, 4318675.143, 139
Trd, 4318675.693, 129
Trd, 4318676.343, 138
Trd, 4318676.493, 99
Trd, 4318676.993, 93
Trd, 4318677.643, 137
Trd, 4318679.043, 62
Trd, 4318679.993, 140
Trd, 4318680.143, 132
Trd, 4318680.743, 115
Trd, 4318683.793, 140
Trd, 4318683.893, 140
Trd, 4318684.443, 140
Trd, 4318684.793, 140
Trd, 4318685.743, 140
Trd, 4318685.793, 140
Trd, 4318686.443, 140
Trd, 4318686.743, 138
Trd, 4318688.993, 128
Trd, 4318689.243, 140
Trd, 4318689.443, 140
Trd, 4318689.693, 125
Trd, 4318689.893, 107
Trd, 4318690.743, 97
Trd, 4318693.193, 140
Trd, 4318694.793, 140
Trd, 4318694.843, 140
Trd, 4318695.743, 140
Trd, 4318696.343, 139
Trd, 4318697.093, 132
Trd, 4318698.343, 140
Trd, 4318698.743, 137
Trd, 4318699.343, 139
Trd, 4318699.393, 118
Trd, 4318701.043, 98
Trd, 4318702.143, 140
Trd, 4318702.343, 140
Trd, 4318703.343, 140
Trd, 4318703.643, 140
Trd, 4318704.543, 140
Trd, 4318705.543, 92
Trd, 4318707.143, 140
Trd, 4318708.643, 140
Trd, 4318708.943, 140
Trd, 4318710.893, 140
Trd, 4318711.143, 140
Trd, 4318711.343, 140
Trd, 4318711.743, 140
Trd, 4318711.993, 140
Trd, 4318712.693, 140
Trd, 4318713.343, 131
Trd, 4318713.543, 140
Trd, 4318713.843, 105
Trd, 4318715.143, 115
Trd, 4318715.243, 87
Trd, 4318716.593, 140
Trd, 4318716.793, 136
Trd, 4318716.843, 91
Trd, 4318717.493, 63
Trd, 4318718.493, 131
Trd, 4318718.993, 133
Trd, 4318719.143, 60
Trd, 4318719.343, 109
Trd, 4318721.793, 103
Trd, 4318722.143, 85
Trd, 4318723.493, 140
Trd, 4318725.243, 140
Trd, 4318726.843, 140
Trd, 4318726.943, 140
Trd, 4318727.343, 140
Trd, 4318727.943, 140
Trd, 4318728.143, 138
Trd, 4318729.643, 140
Trd, 4318731.043, 140
Trd, 4318731.493, 140
Trd, 4318731.593, 139
Trd, 4318731.643, 140
Trd, 4318731.843, 140
Trd, 4318731.893, 139
Trd, 4318732.443, 109
Trd, 4318732.543, 101
Trd, 4318733.143, 60
Trd, 4318735.443, 104
Trd, 4318735.593, 93
Trd, 4318736.293, 139
Trd, 4318737.043, 140
Trd, 4318737.843, 139
Trd, 4318739.043, 140
Trd, 4318739.643, 140
Trd, 4318740.143, 140
Trd, 4318741.793, 140
Trd, 4318741.843, 140
Trd, 4318742.043, 140
Trd, 4318742.093, 139
Trd, 4318744.293, 140
Trd, 4318744.743, 140
Trd, 4318744.993, 140
Trd, 4318745.393, 140
Trd, 4318747.043, 140
Trd, 4318747.443, 139
Trd, 4318748.243, 138
Trd, 4318748.693, 140
Trd, 4318749.043, 140
Trd, 4318749.493, 127
Trd, 4318749.793, 111
Trd, 4318750.993, 139
Trd, 4318752.243, 113
Trd, 4318753.393, 112
Trd, 4318753.593, 129
Trd, 4318753.843, 87
Trd, 4318753.993, 67
Trd, 4318754.993, 124
Trd, 4318755.143, 137
Trd, 4318755.693, 97
Trd, 4318756.793, 129
Trd, 4318757.893, 99
Trd, 4318759.093, 140
Trd, 4318759.443, 139
Trd, 4318760.843, 140
Trd, 4318761.043, 140
Trd, 4318762.093, 140
Trd, 4318762.193, 135
Trd, 4318762.443, 98
Trd, 4318763.293, 91
Trd, 4318764.393, 129
Trd, 4318764.443, 128
Trd, 4318765.893, 140
Trd, 4318766.643, 139
Trd, 4318767.593, 124
Trd, 4318767.643, 107
Trd, 4318769.893, 95
Trd, 4318769.993, 93
Trd, 4318770.343, 92
Trd, 4318771.493, 71
Trd, 4318771.693, 88
Trd, 4318772.193, 72
Trd, 4318772.793, 88
Trd, 4318773.593, 89
Trd, 4318775.643, 60
Trd, 4318776.243, 60
Trd, 4318777.893, 60
Trd, 4318778.393, 60
Trd, 4318778.443, 61
Trd, 4318779.243, 60
Trd, 4318779.943, 60
Trd, 4318780.143, 60
Trd, 4318780.793, 62
Trd, 4318781.293, 80
Trd, 4318781.593, 115
Trd, 4318781.793, 139
Trd, 4318783.143, 100
Trd, 4318784.893, 60
Trd, 4318785.093, 60
Trd, 4318785.243, 60
Trd, 4318785.293, 69
Trd, 4318786.643, 140
Trd, 4318787.243, 140
Trd, 4318788.193, 140
Trd, 4318789.493, 140
Trd, 4318789.693, 140
Trd, 4318790.643, 137
Trd, 4318790.743, 137
Trd, 4318791.493, 137
Trd, 4318791.893, 137
Trd, 4318792.543, 116
Trd, 4318795.293, 140
Trd, 4318795.393, 140
Trd, 4318795.543, 140
Trd, 4318795.943, 139
Trd, 4318797.343, 140
Trd, 4318797.643, 140
Trd, 4318799.293, 140
Trd, 4318800.343, 140
Trd, 4318800.643, 140
Trd, 4318801.643, 140
Trd, 4318802.293, 140
Trd, 4318803.243, 137
Trd, 4318803.643, 106
Trd, 4318804.243, 104
Trd, 4318805.543, 60
Trd, 4318805.843, 60
Trd, 4318805.943, 65
Trd, 4318806.793, 137
Trd, 4318808.093, 140
Trd, 4318808.793, 71
Trd, 4318810.443, 86
Trd, 4318810.843, 74
Trd, 4318811.843, 140
Trd, 4318812.143, 112
Trd, 4318812.293, 104
Trd, 4318812.643, 103
Trd, 4318813.143, 103
Trd, 4318814.743, 140
Trd, 4318814.793, 140
Trd, 4318815.993, 115
Trd, 4318816.193, 140
Trd, 4318817.143, 119
Trd, 4318817.693, 118
Trd, 4318818.143, 112
Trd, 4318818.243, 135
Trd, 4318820.343, 135
Trd, 4318820.493, 80
Trd, 4318820.893, 139
Trd, 4318821.243, 140
Trd, 4318823.593, 120
Trd, 4318824.043, 129
Trd, 4318825.843, 140
Trd, 4318825.993, 140
Trd, 4318826.243, 140
Trd, 4318828.293, 140
Trd, 4318829.493, 140
Trd, 4318830.643, 139
Trd, 4318832.293, 140
Trd, 4318832.343, 140
Trd, 4318833.293, 135
Trd, 4318834.143, 121
Trd, 4318834.193, 102
Trd, 4318834.393, 97
Trd, 4318834.443, 134
Trd, 4318835.293, 98
Trd, 4318835.793, 107
Trd, 4318838.293, 140
Trd, 4318838.393, 140
Trd, 4318839.793, 140
Trd, 4318841.593, 140
Trd, 4318841.743, 140
Trd, 4318841.843, 140
Trd, 4318842.693, 140
Trd, 4318842.843, 140
Trd, 4318842.993, 140
Trd, 4318843.293, 123
Trd, 4318845.143, 139
Trd, 4318845.493, 140
Trd, 4318847.493, 140
Trd, 4318847.593, 140
Trd, 4318848.343, 140
Trd, 4318848.443, 140
Trd, 4318848.843, 140
Trd, 4318849.393, 139
Trd, 4318851.143, 140
Trd, 4318851.643, 140
Trd, 4318852.043, 110
Trd, 4318852.393, 104
Trd, 4318852.943, 86
Trd, 4318853.893, 60
Trd, 4318855.243, 60
Trd, 4318855.643, 60
Trd, 4318856.393, 60
Trd, 4318856.943, 60
Trd, 4318857.643, 62
Trd, 4318858.493, 60
Trd, 4318859.043, 61
Trd, 4318859.243, 63
Trd, 4318859.643, 69
Trd, 4318861.193, 115
Trd, 4318861.243, 63
Trd, 4318862.043, 61
Trd, 4318862.243, 62
Trd, 4318862.443, 134
Trd, 4318862.943, 60
Trd, 4318863.743, 62
Trd, 4318863.993, 63
Trd, 4318864.593, 67
Trd, 4318867.143, 60
Trd, 4318867.943, 60
Trd, 4318867.993, 60
Trd, 4318868.643, 72
Trd, 4318869.643, 60
Trd, 4318870.093, 61
Trd, 4318870.393, 70
Trd, 4318871.543, 62
Trd, 4318872.493, 63
Trd, 4318873.143, 68
Trd, 4318873.343, 69
Trd, 4318874.143, 90
Trd, 4318874.893, 105
Trd, 4318875.293, 114
Trd, 4318875.593, 129
Trd, 4318876.093, 67
Trd, 4318877.893, 140
Trd, 4318877.993, 140
Trd, 4318878.593, 140
Trd, 4318879.393, 139
Trd, 4318880.393, 140
Trd, 4318880.493, 138
Trd, 4318881.493, 140
Trd, 4318882.393, 140
Trd, 4318882.743, 140
Trd, 4318883.393, 140
Trd, 4318884.143, 140
Trd, 4318884.893, 140
Trd, 4318885.343, 116
Trd, 4318886.093, 107
Trd, 4318886.643, 140
Trd, 4318886.693, 111
Trd, 4318887.143, 110
Trd, 4318887.743, 65
Trd, 4318888.193, 60
Trd, 4318888.693, 60
Trd, 4318889.793, 66
Trd, 4318891.293, 140
Trd, 4318891.843, 139
Trd, 4318892.593, 134
Trd, 4318892.693, 100
Trd, 4318892.743, 135
Trd, 4318893.893, 77
Trd, 4318894.993, 92
Trd, 4318895.993, 137
Trd, 4318896.193, 137
Trd, 4318896.793, 131
Trd, 4318899.343, 117
Trd, 4318899.743, 116
Trd, 4318899.843, 114
Trd, 4318901.143, 69
Trd, 4318901.243, 70
Trd, 4318902.093, 91
Trd, 4318902.743, 75
Trd, 4318903.243, 124
Trd, 4318903.693, 104
Trd, 4318903.943, 103
Trd, 4318907.093, 140
Trd, 4318907.293, 139
Trd, 4318908.193, 140
Trd, 4318908.793, 140
Trd, 4318908.943, 134
Trd, 4318909.193, 101
Trd, 4318909.443, 101
Trd, 4318910.593, 132
Trd, 4318912.793, 140
Trd, 4318913.593, 137
Trd, 4318914.243, 140
Trd, 4318914.343, 139
Trd, 4318915.193, 139
Trd, 4318915.843, 140
Trd, 4318915.893, 140
Trd, 4318915.993, 128
Trd, 4318918.193, 130
Trd, 4318918.443, 131
Trd, 4318918.693, 128
Trd, 4318918.943, 127
Trd, 4318919.843, 119
Trd, 4318920.693, 132
Trd, 4318920.843, 121
Trd, 4318921.443, 62
Trd, 4318922.243, 140
Trd, 4318922.493, 139
Trd, 4318923.493, 137
Trd, 4318926.193, 139
Trd, 4318927.093, 139
Trd, 4318927.143, 138
Trd, 4318928.443, 135
Trd, 4318928.543, 87
Trd, 4318930.043, 140
Trd, 4318931.343, 140
Trd, 4318931.593, 125
Trd, 4318931.743, 85
Trd, 4318932.793, 86
Trd, 4318934.593, 140
Trd, 4318935.693, 139
Trd, 4318935.943, 136
Trd, 4318937.193, 139
Trd, 4318939.343, 140
Trd, 4318939.443, 140
Trd, 4318939.593, 140
Trd, 4318940.693, 138
Trd, 4318940.743, 137
Trd, 4318941.043, 140
Trd, 4318942.993, 140
Trd, 4318943.543, 135
Trd, 4318943.893, 140
Trd, 4318944.193, 140
Trd, 4318944.993, 140
Trd, 4318945.443, 140
Trd, 4318945.843, 100
Trd, 4318946.643, 134
Trd, 4318946.693, 74
Trd, 4318946.993, 135
Trd, 4318948.893, 130
Trd, 4318949.243, 131
Trd, 4318949.343, 130
Trd, 4318950.343, 136
Trd, 4318951.043, 139
Trd, 4318952.943, 140
Trd, 4318953.993, 140
Trd, 4318955.093, 140
Trd, 4318955.193, 136
Trd, 4318955.343, 128
Trd, 4318956.743, 135
Trd, 4318957.193, 106
Trd, 4318958.393, 140
Trd, 4318960.043, 140
Trd, 4318961.343, 140
Trd, 4318961.393, 140
Trd, 4318961.543, 140
Trd, 4318961.793, 140
Trd, 4318964.093, 140
Trd, 4318964.593, 140
Trd, 4318965.143, 140
Trd, 4318965.543, 140
Trd, 4318965.643, 123
Trd, 4318965.993, 114
Trd, 4318967.193, 140
Trd, 4318968.593, 140
Trd, 4318969.143, 140
Trd, 4318971.443, 140
Trd, 4318971.643, 140
Trd, 4318972.293, 140
Trd, 4318972.743, 140
Trd, 4318973.893, 140
Trd, 4318974.143, 140
Trd, 4318974.543, 133
Trd, 4318976.093, 139
Trd, 4318976.343, 115
Trd, 4318976.443, 140
Trd, 4318977.243, 98
Trd, 4318977.993, 140
Trd, 4318979.643, 66
Trd, 4318979.693, 67
Trd, 4318979.943, 62
Trd, 4318980.593, 139
Trd, 4318981.343, 101
Trd, 4318981.893, 100
Trd, 4318982.093, 91
Trd, 4318983.143, 85
Trd, 4318983.193, 86
Trd, 4318985.743, 140
Trd, 4318986.743, 140
Trd, 4318987.643, 140
Trd, 4318987.943, 139
Trd, 4318988.093, 138
Trd, 4318988.793, 139
Trd, 4318989.443, 122
Trd, 4318990.343, 135
Trd, 4318992.143, 96
Trd, 4318992.243, 94
Trd, 4318994.143, 79
Trd, 4318994.593, 91
Trd, 4318994.993, 66
Trd, 4318995.043, 65
Trd, 4318995.543, 90
Trd, 4318996.293, 92
Trd, 4318996.493, 65
Trd, 4318997.843, 140
Trd, 4318997.993, 139
Trd, 4318998.893, 61
Trd, 4319000.443, 140
Trd, 4319001.293, 140
Trd, 4319001.343, 140
Trd, 4319001.443, 136
Trd, 4319002.093, 102
Trd, 4319002.593, 100
Trd, 4319003.993, 140
Trd, 4319004.243, 140
Trd, 4319005.643, 140
Trd, 4319005.943, 140
Trd, 4319006.943, 135
Trd, 4319007.943, 140
Trd, 4319008.293, 68
Trd, 4319008.693, 61
Trd, 4319009.043, 108
Trd, 4319009.243, 140
Trd, 4319010.893, 140
Trd, 4319011.093, 140
Trd, 4319012.993, 140
Trd, 4319013.443, 140
Trd, 4319014.293, 140
Trd, 4319014.893, 139
Trd, 4319015.343, 140
Trd, 4319017.543, 140
Trd, 4319017.693, 140
Trd, 4319017.843, 140
Trd, 4319018.993, 96
Trd, 4319019.793, 63
Trd, 4319019.943, 123
Trd, 4319020.093, 123
Trd, 4319021.143, 125
Trd, 4319021.743, 68
Trd, 4319022.793, 119
Trd, 4319022.943, 117
Trd, 4319025.693, 140
Trd, 4319025.943, 140
Trd, 4319026.493, 140
Trd, 4319028.193, 140
Trd, 4319028.543, 139
Trd, 4319028.693, 136
Trd, 4319030.243, 139
Trd, 4319030.993, 140
Trd, 4319031.593, 133
Trd, 4319031.693, 108
Trd, 4319032.193, 132
Trd, 4319032.493, 94
Trd, 4319032.593, 76
Trd, 4319033.243, 135
Trd, 4319034.843, 60
Trd, 4319035.543, 114
Trd, 4319036.293, 108
Trd, 4319036.893, 95
Trd, 4319037.143, 94
Trd, 4319038.743, 140
Trd, 4319038.993, 140
Trd, 4319039.793, 135
Trd, 4319039.993, 101
Trd, 4319040.593, 117
Trd, 4319041.393, 98
Trd, 4319042.593, 131
Trd, 4319044.093, 140
Trd, 4319044.293, 140
Trd, 4319044.993, 140
Trd, 4319045.593, 140
Trd, 4319046.043, 139
Trd, 4319046.343, 137
Trd, 4319046.893, 140
Trd, 4319048.393, 77
Trd, 4319048.943, 74
Trd, 4319049.593, 137
Trd, 4319051.243, 140
Trd, 4319051.493, 140
Trd, 4319052.793, 140
Trd, 4319053.043, 95
Trd, 4319053.693, 139
Trd, 4319054.443, 138
Trd, 4319054.593, 121
Trd, 4319055.493, 136
Trd, 4319055.693, 135
Trd, 4319059.543, 140
Trd, 4319060.243, 140
Trd, 4319061.093, 140
Trd, 4319061.743, 140
Trd, 4319063.843, 140
Trd, 4319064.293, 140
Trd, 4319064.693, 140
Trd, 4319065.443, 140
Trd, 4319065.593, 140
Trd, 4319066.293, 131
Trd, 4319067.443, 70
Trd, 4319068.043, 68
Trd, 4319070.143, 113
Trd, 4319070.743, 137
Trd, 4319070.893, 138
Trd, 4319071.293, 119
Trd, 4319071.443, 95
Trd, 4319072.343, 81
Trd, 4319072.743, 140
Trd, 4319073.443, 140
Trd, 4319073.593, 140
Trd, 4319074.243, 125
Trd, 4319075.093, 68
Trd, 4319075.493, 84
Trd, 4319076.293, 84
Trd, 4319076.843, 117
Trd, 4319077.893, 102
Trd, 4319079.593, 118
Trd, 4319080.043, 140
Trd, 4319080.343, 139
Trd, 4319081.893, 140
Trd, 4319082.493, 139
Trd, 4319082.893, 127
Trd, 4319084.093, 139
Trd, 4319085.343, 140
Trd, 4319085.493, 137
Trd, 4319087.043, 140
Trd, 4319087.343, 139
Trd, 4319087.693, 136
Trd, 4319088.143, 128
Trd, 4319088.543, 128
Trd, 4319089.693, 67
Trd, 4319090.343, 72
Trd, 4319090.693, 105
Trd, 4319091.393, 137
Trd, 4319093.493, 140
Trd, 4319094.543, 140
Trd, 4319095.943, 140
Trd, 4319096.043, 140
Trd, 4319096.443, 131
Trd, 4319097.043, 140
Trd, 4319098.943, 140
Trd, 4319099.243, 139
Trd, 4319099.543, 111
Trd, 4319099.993, 113
Trd, 4319100.393, 80
Trd, 4319101.093, 137
Trd, 4319102.893, 98
Trd, 4319103.493, 132
Trd, 4319104.493, 133
Trd, 4319104.643, 62
Trd, 4319106.193, 132
Trd, 4319106.393, 123
Trd, 4319106.593, 66
Trd, 4319107.243, 60
Trd, 4319107.643, 61
Trd, 4319108.243, 64
Trd, 4319109.243, 74
Trd, 4319110.193, 61
Trd, 4319110.293, 66
Trd, 4319110.343, 69
Trd, 4319111.193, 68
Trd, 4319111.793, 69
Trd, 4319112.893, 136
Trd, 4319114.293, 139
Trd, 4319114.593, 140
Trd, 4319114.793, 140
Trd, 4319115.393, 140
Trd, 4319116.093, 139
Trd, 4319116.193, 108
Trd, 4319118.293, 140
Trd, 4319118.643, 138
Trd, 4319118.893, 121
Trd, 4319121.143, 140
Trd, 4319121.693, 140
Trd, 4319122.393, 140
Trd, 4319123.393, 140
Trd, 4319124.693, 140
Trd, 4319124.743, 140
Trd, 4319126.093, 140
Trd, 4319127.193, 140
Trd, 4319128.793, 140
Trd, 4319128.943, 140
Trd, 4319129.443, 85
Trd, 4319131.393, 129
Trd, 4319131.893, 138
Trd, 4319132.643, 98
Trd, 4319133.393, 95
Trd, 4319133.943, 134
Trd, 4319134.893, 138
Trd, 4319135.593, 137
Trd, 4319137.043, 140
Trd, 4319137.093, 139
Trd, 4319137.793, 128
Trd, 4319138.243, 127
Trd, 4319139.343, 103
Trd, 4319139.643, 108
Trd, 4319140.593, 139
Trd, 4319141.693, 140
Trd, 4319142.693, 140
Trd, 4319143.593, 140
Trd, 4319143.993, 138
Trd, 4319144.143, 137
Trd, 4319144.543, 96
Trd, 4319147.143, 140
Trd, 4319147.693, 140
Trd, 4319147.843, 134
Trd, 4319149.543, 139
Trd, 4319149.993, 140
Trd, 4319150.193, 137
Trd, 4319151.243, 94
Trd, 4319152.393, 79
Trd, 4319153.543, 140
Trd, 4319153.643, 96
Trd, 4319155.093, 129
Trd, 4319155.293, 128
Trd, 4319155.343, 99
Trd, 4319155.493, 85
Trd, 4319155.693, 83
Trd, 4319157.493, 74
Trd, 4319157.543, 75
Trd, 4319160.043, 140
Trd, 4319160.643, 140
Trd, 4319161.093, 139
Trd, 4319162.543, 140
Trd, 4319163.093, 140
Trd, 4319163.143, 140
Trd, 4319163.543, 112
Trd, 4319164.043, 93
Trd, 4319164.143, 137
Trd, 4319165.643, 134
Trd, 4319165.843, 133
Trd, 4319165.893, 137
Trd, 4319166.543, 70
Trd, 4319168.443, 62
Trd, 4319168.493, 63
Trd, 4319168.643, 113
Trd, 4319169.493, 140
Trd, 4319171.343, 60
Trd, 4319171.643, 61
Trd, 4319171.893, 60
Trd, 4319172.093, 62
Trd, 4319172.193, 65
Trd, 4319173.043, 65
Trd, 4319173.093, 76
Trd, 4319173.393, 139
Trd, 4319175.693, 111
Trd, 4319175.993, 110
Trd, 4319176.793, 140
Trd, 4319178.393, 140
Trd, 4319179.143, 140
Trd, 4319180.243, 139
Trd, 4319180.343, 129
Trd, 4319180.493, 109
Trd, 4319181.093, 139
Trd, 4319181.393, 138
Trd, 4319182.543, 60
Trd, 4319183.993, 60
Trd, 4319184.193, 60
Trd, 4319184.743, 61
Trd, 4319185.393, 62
Trd, 4319185.943, 60
Trd, 4319185.993, 63
Trd, 4319186.593, 70
Trd, 4319187.343, 140
Trd, 4319189.593, 140
Trd, 4319190.043, 140
Trd, 4319190.893, 139
Trd, 4319191.943, 139
Trd, 4319191.993, 108
Trd, 4319193.243, 140
Trd, 4319194.593, 140
Trd, 4319194.943, 140
Trd, 4319194.993, 140
Trd, 4319195.343, 139
Trd, 4319195.843, 135
Trd, 4319196.143, 96
Trd, 4319198.293, 140
Trd, 4319198.893, 133
Trd, 4319199.443, 140
Trd, 4319201.043, 135
Trd, 4319201.793, 62
Trd, 4319202.643, 136
Trd, 4319202.693, 92
Trd, 4319202.893, 91
Trd, 4319205.093, 140
Trd, 4319205.193, 140
Trd, 4319206.143, 131
Trd, 4319206.693, 89
Trd, 4319207.743, 138
Trd, 4319207.843, 83
Trd, 4319209.693, 140
Trd, 4319209.893, 107
Trd, 4319211.043, 139
Trd, 4319212.043, 140
Trd, 4319212.843, 140
Trd, 4319213.193, 138
Trd, 4319213.443, 137
Trd, 4319214.443, 105
Trd, 4319215.093, 139
Trd, 4319215.493, 140
Trd, 4319215.943, 101
Trd, 4319217.043, 107
Trd, 4319217.793, 140
Trd, 4319217.993, 140
Trd, 4319218.743, 112
Trd, 4319220.443, 108
Trd, 4319220.693, 108
Trd, 4319221.343, 94
Trd, 4319221.443, 133
Trd, 4319221.943, 85
Trd, 4319222.043, 78
Trd, 4319225.193, 140
Trd, 4319225.343, 140
Trd, 4319226.943, 140
Trd, 4319227.293, 140
Trd, 4319227.693, 140
Trd, 4319228.443, 139
Trd, 4319228.643, 138
Trd, 4319229.843, 140
Trd, 4319231.493, 103
Trd, 4319231.793, 111
Trd, 4319231.993, 68
Trd, 4319232.043, 114
Trd, 4319233.343, 74
Trd, 4319233.393, 73
Trd, 4319233.843, 79
Trd, 4319235.793, 140
Trd, 4319236.043, 134
Trd, 4319237.593, 134
Trd, 4319238.143, 140
Trd, 4319238.243, 121
Trd, 4319240.793, 140
Trd, 4319241.943, 140
Trd, 4319242.193, 140
Trd, 4319242.693, 140
Trd, 4319243.643, 140
Trd, 4319245.193, 140
Trd, 4319245.443, 140
Trd, 4319245.943, 140
Trd, 4319246.293, 114
Trd, 4319246.593, 113
Trd, 4319246.743, 122
Trd, 4319248.093, 110
Trd, 4319249.193, 140
Trd, 4319251.243, 140
Trd, 4319251.843, 140
Trd, 4319252.643, 132
Trd, 4319253.493, 135
Trd, 4319254.543, 140
Trd, 4319254.743, 140
Trd, 4319254.843, 139
Trd, 4319254.893, 140
Trd, 4319258.143, 140
Trd, 4319258.593, 140
Trd, 4319258.993, 139
Trd, 4319260.043, 140
Trd, 4319260.793, 136
Trd, 4319260.943, 114
Trd, 4319261.043, 93
Trd, 4319262.093, 140
Trd, 4319262.993, 140
Trd, 4319264.993, 140
Trd, 4319265.643, 140
Trd, 4319266.243, 140
Trd, 4319266.443, 140
Trd, 4319266.993, 140
Trd, 4319268.643, 140
Trd, 4319268.743, 121
Trd, 4319269.093, 107
Trd, 4319269.643, 117
Trd, 4319270.593, 119
Trd, 4319271.493, 121
Trd, 4319271.593, 120
Trd, 4319272.543, 116
Trd, 4319272.593, 101
Trd, 4319273.593, 140
Trd, 4319274.793, 137
Trd, 4319275.643, 103
Trd, 4319276.843, 127
Trd, 4319278.043, 138
Trd, 4319279.693, 139
Trd, 4319280.343, 140
Trd, 4319280.393, 140
Trd, 4319281.043, 140
Trd, 4319281.693, 140
Trd, 4319281.743, 100
Trd, 4319282.393, 97
Trd, 4319285.193, 140
Trd, 4319285.593, 140
Trd, 4319285.843, 140
Trd, 4319286.193, 137
Trd, 4319287.293, 134
Trd, 4319287.343, 138
Trd, 4319288.593, 127
Trd, 4319288.843, 114
Trd, 4319289.643, 88
Trd, 4319290.493, 140
Trd, 4319291.393, 140
Trd, 4319292.443, 140
Trd, 4319292.793, 140
Trd, 4319293.143, 80
Trd, 4319294.043, 131
Trd, 4319294.393, 117
Trd, 4319297.693, 140
Trd, 4319297.993, 140
Trd, 4319298.243, 140
Trd, 4319298.693, 139
Trd, 4319299.493, 108
Trd, 4319300.843, 139
Trd, 4319301.793, 102
Trd, 4319303.293, 140
Trd, 4319303.543, 140
Trd, 4319303.693, 140
Trd, 4319304.193, 139
Trd, 4319304.443, 117
Trd, 4319305.243, 111
Trd, 4319305.443, 117
Trd, 4319306.193, 112
Trd, 4319308.343, 140
Trd, 4319309.393, 140
Trd, 4319310.543, 140
Trd, 4319310.843, 140
Trd, 4319311.243, 139
Trd, 4319311.393, 139
Trd, 4319312.293, 125
Trd, 4319313.243, 140
Trd, 4319313.893, 91
Trd, 4319315.093, 139
Trd, 4319315.793, 138
Trd, 4319316.393, 117
Trd, 4319316.993, 137
Trd, 4319317.193, 117
Trd, 4319318.243, 140
Trd, 4319318.543, 140
Trd, 4319318.743, 140
Trd, 4319319.643, 140
Trd, 4319320.993, 112
Trd, 4319321.443, 97
Trd, 4319323.193, 140
Trd, 4319323.643, 140
Trd, 4319325.343, 140
Trd, 4319326.743, 140
Trd, 4319327.443, 140
Trd, 4319327.743, 135
Trd, 4319328.193, 137
Trd, 4319328.943, 104
Trd, 4319329.293, 137
Trd, 4319329.643, 124
Trd, 4319330.993, 133
Trd, 4319331.293, 88
Trd, 4319331.693, 140
Trd, 4319332.393, 96
Trd, 4319332.443, 95
Trd, 4319333.293, 67
Trd, 4319333.593, 68
Trd, 4319334.943, 139
Trd, 4319335.293, 138
Trd, 4319337.593, 134
Trd, 4319338.193, 136
Trd, 4319339.543, 140
Trd, 4319339.893, 136
Trd, 4319339.943, 105
Trd, 4319340.443, 140
Trd, 4319340.893, 127
Trd, 4319342.193, 100
Trd, 4319342.643, 132
Trd, 4319342.793, 99
Trd, 4319343.493, 115
Trd, 4319344.343, 126
Trd, 4319344.643, 126
Trd, 4319344.693, 86
Trd, 4319344.893, 90
Trd, 4319346.143, 124
Trd, 4319346.443, 92
Trd, 4319347.393, 140
Trd, 4319349.043, 140
Trd, 4319349.243, 140
Trd, 4319350.193, 140
Trd, 4319350.493, 139
Trd, 4319351.243, 140
Trd, 4319353.093, 140
Trd, 4319353.593, 140
Trd, 4319354.743, 140
Trd, 4319355.943, 140
Trd, 4319356.193, 140
Trd, 4319356.393, 140
Trd, 4319358.143, 140
Trd, 4319360.093, 140
Trd, 4319360.193, 140
Trd, 4319362.093, 140
Trd, 4319362.293, 139
Trd, 4319362.443, 139
Trd, 4319362.943, 138
Trd, 4319362.993, 106
Trd, 4319363.693, 98
Trd, 4319364.293, 129
Trd, 4319366.493, 129
Trd, 4319366.693, 125
Trd, 4319366.943, 140
Trd, 4319367.043, 124
Trd, 4319367.843, 139
Trd, 4319368.993, 140
Trd, 4319369.293, 139
Trd, 4319370.743, 138
Trd, 4319371.343, 105
Trd, 4319372.743, 139
Trd, 4319373.343, 140
Trd, 4319374.043, 126
Trd, 4319376.143, 140
Trd, 4319376.493, 140
Trd, 4319377.443, 140
Trd, 4319377.793, 138
Trd, 4319378.043, 137
Trd, 4319378.693, 140
Trd, 4319379.093, 106
Trd, 4319379.493, 140
Trd, 4319380.243, 140
Trd, 4319380.693, 130
Trd, 4319382.293, 104
Trd, 4319382.343, 89
Trd, 4319383.443, 100
Trd, 4319383.943, 134
Trd, 4319385.543, 104
Trd, 4319387.093, 104
Trd, 4319387.393, 123
Trd, 4319387.543, 104
Trd, 4319388.043, 125
Trd, 4319388.493, 86
Trd, 4319388.543, 125
Trd, 4319389.893, 140
Trd, 4319390.643, 140
Trd, 4319390.993, 95
Trd, 4319392.193, 140
Trd, 4319392.243, 140
Trd, 4319394.143, 140
Trd, 4319394.843, 140
Trd, 4319396.743, 140
Trd, 4319397.093, 140
Trd, 4319398.043, 140
Trd, 4319398.993, 139
Trd, 4319399.043, 138
Trd, 4319400.243, 131
Trd, 4319400.493, 126
Trd, 4319400.943, 134
Trd, 4319401.343, 120
Trd, 4319401.543, 117
Trd, 4319402.593, 139
Trd, 4319402.743, 83
Trd, 4319403.443, 73
Trd, 4319404.343, 70
Trd, 4319405.693, 69
Trd, 4319406.343, 70
Trd, 4319406.843, 64
Trd, 4319407.093, 66
Trd, 4319407.343, 63
Trd, 4319407.443, 70
Trd, 4319408.393, 62
Trd, 4319409.443, 60
Trd, 4319409.893, 69
Trd, 4319409.943, 70
Trd, 4319411.243, 60
Trd, 4319411.343, 60
Trd, 4319412.493, 61
Trd, 4319412.543, 61
Trd, 4319413.693, 62
Trd, 4319413.793, 106
Trd, 4319413.943, 61
Trd, 4319414.643, 60
Trd, 4319416.193, 139
Trd, 4319416.593, 91
Trd, 4319416.943, 83
Trd, 4319418.543, 140
Trd, 4319419.193, 127
Trd, 4319419.493, 104
Trd, 4319420.443, 140
Trd, 4319421.493, 81
Trd, 4319421.793, 116
Trd, 4319423.093, 139
Trd, 4319423.393, 84
Trd, 4319423.693, 65
Trd, 4319424.143, 126
Trd, 4319425.493, 66
Trd, 4319427.193, 137
Trd, 4319428.193, 132
Trd, 4319428.443, 104
Trd, 4319428.993, 105
Trd, 4319429.293, 105
Trd, 4319429.743, 131
Trd, 4319430.243, 132
Trd, 4319430.743, 95
Trd, 4319432.843, 139
Trd, 4319433.093, 139
Trd, 4319433.393, 98
Trd, 4319433.643, 93
Trd, 4319434.193, 129
Trd, 4319434.243, 128
Trd, 4319436.193, 140
Trd, 4319436.843, 140
Trd, 4319437.443, 140
Trd, 4319438.143, 104
Trd, 4319438.243, 88
Trd, 4319440.243, 138
Trd, 4319441.493, 138
Trd, 4319441.743, 137
Trd, 4319441.943, 105
Trd, 4319442.493, 88
Trd, 4319443.143, 140
Trd, 4319444.193, 139
Trd, 4319444.993, 60
Trd, 4319445.493, 68
Trd, 4319447.043, 100
Trd, 4319447.093, 99
Trd, 4319447.593, 140
Trd, 4319448.693, 140
Trd, 4319449.293, 140
Trd, 4319450.493, 140
Trd, 4319451.443, 140
Trd, 4319452.393, 140
Trd, 4319453.143, 140
Trd, 4319454.593, 140
Trd, 4319454.843, 140
Trd, 4319455.043, 136
Trd, 4319455.893, 140
Trd, 4319458.043, 140
Trd, 4319458.343, 139
Trd, 4319458.393, 116
Trd, 4319459.843, 139
Trd, 4319459.893, 102
Trd, 4319460.793, 100
Trd, 4319461.693, 137
Trd, 4319462.443, 140
Trd, 4319462.743, 103
Trd, 4319464.293, 140
Trd, 4319464.943, 140
Trd, 4319465.643, 138
Trd, 4319465.993, 116
Trd, 4319467.093, 128
Trd, 4319467.693, 121
Trd, 4319468.093, 135
Trd, 4319468.893, 122
Trd, 4319469.093, 137
Trd, 4319469.643, 139
Trd, 4319470.143, 112
Trd, 4319470.343, 97
Trd, 4319472.393, 139
Trd, 4319472.543, 111
Trd, 4319473.543, 140
Trd, 4319474.393, 101
Trd, 4319475.893, 140
Trd, 4319476.143, 140
Trd, 4319476.193, 140
Trd, 4319477.893, 133
Trd, 4319478.693, 107
Trd, 4319479.393, 140
Trd, 4319480.843, 140
Trd, 4319480.943, 140
Trd, 4319481.543, 140
Trd, 4319482.243, 140
Trd, 4319483.793, 136
Trd, 4319483.893, 134
Trd, 4319484.393, 102
Trd, 4319485.193, 140
Trd, 4319485.643, 95
Trd, 4319487.843, 140
Trd, 4319488.593, 140
Trd, 4319488.793, 140
Trd, 4319489.393, 138
Trd, 4319489.643, 140
Trd, 4319491.343, 129
Trd, 4319491.393, 95
Trd, 4319492.393, 115
Trd, 4319492.893, 106
Trd, 4319493.943, 111
Trd, 4319494.893, 132
Trd, 4319495.593, 133
Trd, 4319496.343, 131
Trd, 4319497.543, 140
Trd, 4319497.593, 74
Trd, 4319498.893, 140
Trd, 4319499.743, 140
Trd, 4319500.593, 140
Trd, 4319502.243, 108
Trd, 4319502.643, 101
Trd, 4319503.593, 134
Trd, 4319504.343, 96
Trd, 4319504.443, 94
Trd, 4319505.943, 140
Trd, 4319507.043, 140
Trd, 4319508.543, 140
Trd, 4319508.893, 140
Trd, 4319509.493, 140
Trd, 4319509.843, 140
Trd, 4319510.993, 132
Trd, 4319511.093, 102
Trd, 4319511.193, 101
Trd, 4319511.443, 90
Trd, 4319512.193, 140
Trd, 4319512.493, 140
Trd, 4319515.093, 140
Trd, 4319515.493, 140
Trd, 4319516.943, 140
Trd, 4319518.143, 140
Trd, 4319518.743, 140
Trd, 4319518.793, 140
Trd, 4319519.793, 131
Trd, 4319520.643, 93
Trd, 4319521.843, 140
Trd, 4319522.243, 140
Trd, 4319522.693, 139
Trd, 4319524.943, 140
Trd, 4319525.443, 140
Trd, 4319526.143, 139
Trd, 4319526.493, 140
Trd, 4319527.443, 137
Trd, 4319528.143, 140
Trd, 4319528.543, 140
Trd, 4319529.093, 140
Trd, 4319529.143, 112
Trd, 4319530.743, 115
Trd, 4319532.093, 140
Trd, 4319533.143, 140
Trd, 4319533.693, 140
Trd, 4319534.293, 140
Trd, 4319535.093, 139
Trd, 4319535.993, 140
Trd, 4319536.393, 82
Trd, 4319537.093, 86
Trd, 4319537.343, 80
Trd, 4319537.543, 79
Trd, 4319539.393, 139
Trd, 4319540.493, 137
Trd, 4319540.543, 137
Trd, 4319542.793, 140
Trd, 4319543.543, 140
Trd, 4319543.793, 139
Trd, 4319543.843, 138
Trd, 4319543.993, 133
Trd, 4319544.043, 120
Trd, 4319546.993, 140
Trd, 4319548.443, 140
Trd, 4319549.343, 140
Trd, 4319549.393, 140
Trd, 4319549.693, 140
Trd, 4319550.143, 139
Trd, 4319550.593, 139
Trd, 4319552.543, 126
Trd, 4319552.643, 139
Trd, 4319553.093, 126
Trd, 4319553.893, 140
Trd, 4319554.143, 140
Trd, 4319554.193, 117
Trd, 4319554.543, 137
Trd, 4319556.143, 89
Trd, 4319557.143, 92
Trd, 4319558.743, 139
Trd, 4319558.993, 138
Trd, 4319559.943, 137
Trd, 4319560.043, 139
Trd, 4319560.693, 135
Trd, 4319560.793, 101
Trd, 4319561.243, 69
Trd, 4319563.493, 62
Trd, 4319564.693, 140
Trd, 4319565.243, 140
Trd, 4319565.293, 140
Trd, 4319565.443, 101
Trd, 4319565.793, 92
Trd, 4319566.543, 90
Trd, 4319567.093, 138
Trd, 4319568.443, 140
Trd, 4319568.493, 92
Trd, 4319569.443, 63
Trd, 4319570.443, 60
Trd, 4319570.593, 61
Trd, 4319571.193, 63
Trd, 4319572.893, 140
Trd, 4319572.993, 140
Trd, 4319573.143, 140
Trd, 4319573.893, 140
Trd, 4319575.843, 139
Trd, 4319576.243, 140
Trd, 4319576.743, 139
Trd, 4319577.243, 140
Trd, 4319577.893, 138
Trd, 4319578.093, 118
Trd, 4319578.143, 110
Trd, 4319579.493, 138
Trd, 4319580.543, 140
Trd, 4319582.693, 140
Trd, 4319582.893, 140
Trd, 4319583.093, 140
Trd, 4319583.593, 140
Trd, 4319584.593, 140
Trd, 4319584.943, 138
Trd, 4319586.343, 139
Trd, 4319588.293, 136
Trd, 4319588.343, 135
Trd, 4319588.893, 140
Trd, 4319589.693, 130
Trd, 4319590.443, 140
Trd, 4319591.093, 139
Trd, 4319591.343, 140
Trd, 4319591.493, 135
Trd, 4319591.793, 82
Trd, 4319593.193, 139
Trd, 4319594.743, 139
Trd, 4319595.043, 137
Trd, 4319596.043, 120
Trd, 4319596.093, 118
Trd, 4319596.893, 61
Trd, 4319597.493, 61
Trd, 4319597.643, 62
Trd, 4319598.793, 140
Trd, 4319600.393, 140
Trd, 4319602.143, 140
Trd, 4319602.393, 140
Trd, 4319602.643, 140
Trd, 4319603.993, 140
Trd, 4319605.143, 140
Trd, 4319605.193, 140
Trd, 4319605.293, 140
Trd, 4319606.093, 96
Trd, 4319607.493, 137
Trd, 4319607.643, 124
Trd, 4319608.593, 137
Trd, 4319609.843, 140
Trd, 4319609.993, 135
Trd, 4319611.093, 140
Trd, 4319612.893, 140
Trd, 4319613.443, 140
Trd, 4319613.593, 140
Trd, 4319614.843, 140
Trd, 4319615.643, 140
Trd, 4319615.893, 134
Trd, 4319615.993, 104
Trd, 4319617.143, 60
Trd, 4319617.743, 62
Trd, 4319618.293, 76
Trd, 4319619.343, 63
Trd, 4319620.443, 63
Trd, 4319621.343, 61
Trd, 4319622.093, 64
Trd, 4319622.443, 63
Trd, 4319623.543, 60
Trd, 4319623.693, 62
Trd, 4319623.893, 64
Trd, 4319623.943, 64
Trd, 4319624.143, 68
Trd, 4319625.343, 62
Trd, 4319625.543, 75
Trd, 4319625.843, 76
Trd, 4319628.043, 140
Trd, 4319629.293, 140
Trd, 4319630.143, 140
Trd, 4319630.893, 139
Trd, 4319632.693, 139
Trd, 4319635.293, 140
Trd, 4319635.743, 140
Trd, 4319636.193, 140
Trd, 4319636.493, 140
Trd, 4319636.593, 140
Trd, 4319637.043, 124
Trd, 4319638.593, 123
Trd, 4319640.193, 123
Trd, 4319640.493, 104
Trd, 4319640.543, 96
Trd, 4319641.193, 128
Trd, 4319642.543, 63
Trd, 4319643.493, 61
Trd, 4319643.793, 60
Trd, 4319644.193, 62
Trd, 4319644.243, 63
Trd, 4319644.793, 66
Trd, 4319646.343, 89
Trd, 4319646.843, 127
Trd, 4319647.693, 118
Trd, 4319647.843, 91
Trd, 4319647.893, 74
Trd, 4319648.843, 140
Trd, 4319650.143, 139
Trd, 4319650.743, 140
Trd, 4319651.043, 139
Trd, 4319651.443, 104
Trd, 4319651.643, 86
Trd, 4319652.693, 60
Trd, 4319653.543, 60
Trd, 4319654.193, 60
Trd, 4319655.443, 61
Trd, 4319655.543, 63
Trd, 4319656.693, 137
Trd, 4319656.793, 139
Trd, 4319657.543, 140
Trd, 4319657.643, 137
Trd, 4319659.393, 140
Trd, 4319659.743, 140
Trd, 4319661.343, 140
Trd, 4319661.643, 140
Trd, 4319661.793, 135
Trd, 4319662.293, 140
Trd, 4319664.293, 140
Trd, 4319664.693, 139
Trd, 4319664.893, 138
Trd, 4319667.393, 140
Trd, 4319668.493, 140
Trd, 4319668.643, 140
Trd, 4319668.893, 139
Trd, 4319669.093, 118
Trd, 4319669.893, 113
Trd, 4319670.193, 138
Trd, 4319670.393, 123
Trd, 4319670.943, 130
Trd, 4319671.843, 132
Trd, 4319672.543, 122
Trd, 4319673.643, 114
Trd, 4319673.743, 113
Trd, 4319674.093, 123
Trd, 4319674.643, 123
Trd, 4319676.443, 140
Trd, 4319676.743, 140
Trd, 4319678.393, 140
Trd, 4319678.943, 140
Trd, 4319679.493, 140
Trd, 4319680.243, 140
Trd, 4319681.643, 137
Trd, 4319681.843, 97
Trd, 4319682.493, 140
Trd, 4319682.793, 103
Trd, 4319684.543, 140
Trd, 4319684.643, 140
Trd, 4319685.443, 140
Trd, 4319687.243, 140
Trd, 4319688.643, 140
Trd, 4319688.843, 140
Trd, 4319689.693, 129
Trd, 4319689.793, 137
Trd, 4319689.993, 116
Trd, 4319690.443, 104
Trd, 4319690.993, 130
Trd, 4319692.293, 124
Trd, 4319693.943, 140
Trd, 4319694.643, 140
Trd, 4319695.293, 140
Trd, 4319696.093, 139
Trd, 4319696.643, 139
Trd, 4319697.493, 140
Trd, 4319697.593, 140
Trd, 4319698.243, 111
Trd, 4319698.293, 103
Trd, 4319699.243, 82
Trd, 4319700.293, 88
Trd, 4319700.493, 89
Trd, 4319700.893, 91
Trd, 4319701.193, 72
Trd, 4319702.293, 140
Trd, 4319703.743, 111
Trd, 4319704.643, 126
Trd, 4319705.043, 139
Trd, 4319706.193, 95
Trd, 4319707.143, 139
Trd, 4319708.443, 140
Trd, 4319708.593, 114
Trd, 4319709.893, 127
Trd, 4319710.343, 140
Trd, 4319712.493, 140
Trd, 4319712.943, 140
Trd, 4319713.193, 139
Trd, 4319713.893, 112
Trd, 4319714.543, 140
Trd, 4319715.093, 140
Trd, 4319717.293, 123
Trd, 4319717.843, 123
Trd, 4319718.843, 138
Trd, 4319719.643, 139
Trd, 4319720.043, 139
Trd, 4319720.893, 140
Trd, 4319721.393, 139
Trd, 4319723.043, 140
Trd, 4319723.293, 67
Trd, 4319724.443, 140
Trd, 4319725.043, 117
Trd, 4319725.193, 139
Trd, 4319726.943, 126
Trd, 4319726.993, 120
Trd, 4319727.093, 100
Trd, 4319729.843, 140
Trd, 4319729.993, 140
Trd, 4319730.443, 140
Trd, 4319731.093, 140
Trd, 4319732.093, 140
Trd, 4319732.343, 119
Trd, 4319733.543, 140
Trd, 4319734.793, 137
Trd, 4319735.343, 139
Trd, 4319736.893, 140
Trd, 4319737.493, 139
Trd, 4319738.293, 138
Trd, 4319739.343, 140
Trd, 4319739.893, 126
Trd, 4319740.643, 138
Trd, 4319741.593, 140
Trd, 4319743.043, 140
Trd, 4319743.243, 140
Trd, 4319744.343, 140
Trd, 4319744.393, 140
Trd, 4319744.643, 111
Trd, 4319744.843, 81
Trd, 4319746.243, 140
Trd, 4319747.893, 140
Trd, 4319748.043, 140
Trd, 4319748.093, 139
Trd, 4319748.843, 140
Trd, 4319749.293, 139
Trd, 4319749.793, 139
Trd, 4319752.143, 137
Trd, 4319752.793, 138
Trd, 4319753.493, 128
Trd, 4319753.643, 89
Trd, 4319753.843, 139
Trd, 4319755.543, 137
Trd, 4319755.643, 139
Trd, 4319755.943, 139
Trd, 4319756.693, 140
Trd, 4319757.243, 140
Trd, 4319757.443, 118
Trd, 4319757.643, 102
Trd, 4319757.993, 119
Trd, 4319758.443, 139
Trd, 4319759.143, 113
Trd, 4319761.293, 131
Trd, 4319761.693, 131
Trd, 4319762.393, 140
Trd, 4319762.493, 126
Trd, 4319763.293, 140
Trd, 4319764.593, 140
Trd, 4319764.643, 139
Trd, 4319765.193, 123
Trd, 4319766.293, 137
Trd, 4319767.043, 113
Trd, 4319767.243, 135
Trd, 4319767.943, 94
Trd, 4319768.243, 90
Trd, 4319769.043, 87
Trd, 4319769.893, 126
Trd, 4319770.393, 110
Trd, 4319771.443, 84
Trd, 4319771.693, 119
Trd, 4319773.043, 61
Trd, 4319773.893, 61
Trd, 4319773.993, 62
Trd, 4319775.543, 60
Trd, 4319776.193, 61
Trd, 4319776.493, 62
Trd, 4319777.043, 78
Trd, 4319777.793, 64
Trd, 4319779.443, 64
Trd, 4319779.643, 73
Trd, 4319780.343, 62
Trd, 4319780.443, 66
Trd, 4319781.743, 62
Trd, 4319782.543, 66
Trd, 4319782.693, 61
Trd, 4319783.693, 73
Trd, 4319783.893, 73
Trd, 4319784.943, 72
Trd, 4319785.043, 97
Trd, 4319786.293, 139
Trd, 4319787.193, 140
Trd, 4319788.293, 140
Trd, 4319788.443, 140
Trd, 4319789.393, 140
Trd, 4319790.443, 139
Trd, 4319790.943, 136
Trd, 4319793.393, 138
Trd, 4319794.193, 124
Trd, 4319794.593, 117
Trd, 4319795.243, 64
Trd, 4319796.093, 68
Trd, 4319796.293, 82
Trd, 4319796.693, 63
Trd, 4319797.843, 82
Trd, 4319799.543, 60
Trd, 4319800.293, 60
Trd, 4319800.793, 60
Trd, 4319800.893, 60
Trd, 4319801.143, 60
Trd, 4319801.343, 61
Trd, 4319802.693, 60
Trd, 4319805.043, 60
Trd, 4319805.343, 61
Trd, 4319805.643, 61
Trd, 4319806.293, 62
Trd, 4319806.593, 61
Trd, 4319807.193, 60
Trd, 4319807.393, 69
Trd, 4319807.443, 60
Trd, 4319809.793, 60
Trd, 4319810.743, 63
Trd, 4319810.943, 66
Trd, 4319811.493, 64
Trd, 4319811.693, 60
Trd, 4319814.343, 119
Trd, 4319814.593, 119
Trd, 4319814.743, 95
Trd, 4319815.293, 140
Trd, 4319815.493, 139
Trd, 4319816.093, 139
Trd, 4319817.043, 110
Trd, 4319817.643, 140
Trd, 4319820.243, 140
Trd, 4319820.393, 140
Trd, 4319821.543, 140
Trd, 4319821.643, 139
Trd, 4319823.093, 140
Trd, 4319824.043, 140
Trd, 4319825.043, 140
Trd, 4319825.643, 140
Trd, 4319827.293, 140
Trd, 4319827.843, 140
Trd, 4319828.093, 122
Trd, 4319829.043, 72
Trd, 4319829.693, 61
Trd, 4319830.843, 60
Trd, 4319830.943, 60
Trd, 4319831.443, 60
Trd, 4319831.843, 62
Trd, 4319831.893, 66
Trd, 4319832.293, 64
Trd, 4319832.543, 66
Trd, 4319833.343, 64
Trd, 4319833.393, 62
Trd, 4319834.893, 140
Trd, 4319835.043, 140
Trd, 4319836.743, 140
Trd, 4319837.343, 140
Trd, 4319839.293, 140
Trd, 4319839.693, 139
Trd, 4319840.543, 139
Trd, 4319841.093, 140
Trd, 4319842.293, 140
Trd, 4319843.443, 138
Trd, 4319844.343, 140
Trd, 4319844.543, 139
Trd, 4319845.943, 140
Trd, 4319848.093, 140
Trd, 4319848.643, 140
Trd, 4319848.893, 140
Trd, 4319849.093, 140
Trd, 4319850.243, 130
Trd, 4319851.643, 140
Trd, 4319852.443, 140
Trd, 4319852.643, 140
Trd, 4319853.443, 140
Trd, 4319854.443, 140
Trd, 4319854.893, 136
Trd, 4319855.243, 106
Trd, 4319855.893, 88
Trd, 4319857.143, 69
Trd, 4319857.693, 60
Trd, 4319857.743, 61
Trd, 4319857.943, 95
Trd, 4319859.393, 83
Trd, 4319860.193, 102
Trd, 4319860.593, 140
Trd, 4319861.543, 140
Trd, 4319861.843, 140
Trd, 4319862.893, 138
Trd, 4319863.243, 90
Trd, 4319864.343, 140
Trd, 4319864.493, 140
Trd, 4319864.793, 112
Trd, 4319866.793, 127
Trd, 4319867.043, 127
Trd, 4319867.143, 111
Trd, 4319868.093, 124
Trd, 4319869.993, 140
Trd, 4319870.393, 138
Trd, 4319871.393, 108
Trd, 4319871.893, 137
Trd, 4319873.693, 140
Trd, 4319874.143, 140
Trd, 4319874.293, 140
Trd, 4319874.643, 140
Trd, 4319875.743, 140
Trd, 4319876.343, 139
Trd, 4319876.893, 137
Trd, 4319877.943, 117
Trd, 4319878.093, 94
Trd, 4319880.443, 140
Trd, 4319880.743, 140
Trd, 4319880.943, 139
Trd, 4319881.193, 115
Trd, 4319882.493, 140
Trd, 4319883.293, 140
Trd, 4319884.193, 140
Trd, 4319884.843, 140
Trd, 4319888.743, 140
Trd, 4319889.393, 140
Trd, 4319889.843, 140
Trd, 4319891.193, 140
Trd, 4319891.843, 140
Trd, 4319891.993, 139
Trd, 4319892.193, 140
Trd, 4319894.243, 140
Trd, 4319894.443, 140
Trd, 4319894.993, 139
Trd, 4319895.643, 140
Trd, 4319898.043, 140
Trd, 4319898.843, 140
Trd, 4319898.943, 139
Trd, 4319899.993, 140
Trd, 4319900.143, 136
Trd, 4319902.093, 139
Trd, 4319902.993, 133
Trd, 4319903.043, 132
Trd, 4319903.093, 132
Trd, 4319904.093, 138
Trd, 4319904.193, 139
Trd, 4319905.243, 140
Trd, 4319906.043, 132
Trd, 4319908.343, 119
Trd, 4319908.843, 139
Trd, 4319909.093, 85
Trd, 4319909.193, 83
Trd, 4319910.393, 61
Trd, 4319910.643, 137
Trd, 4319911.743, 140
Trd, 4319912.543, 80
Trd, 4319913.093, 140
Trd, 4319915.193, 140
Trd, 4319915.943, 140
Trd, 4319916.943, 140
Trd, 4319917.043, 140
Trd, 4319917.893, 140
Trd, 4319919.193, 140
Trd, 4319919.843, 140
Trd, 4319920.093, 139
Trd, 4319920.993, 128
Trd, 4319921.243, 120
Trd, 4319922.493, 140
Trd, 4319922.693, 138
Trd, 4319923.743, 112
Trd, 4319924.243, 125
Trd, 4319925.693, 140
Trd, 4319926.193, 140
Trd, 4319926.343, 140
Trd, 4319926.693, 138
Trd, 4319927.243, 139
Trd, 4319927.543, 108
Trd, 4319929.093, 140
Trd, 4319929.293, 137
Trd, 4319929.693, 140
Trd, 4319929.793, 106
Trd, 4319930.593, 94
Trd, 4319932.293, 140
Trd, 4319934.843, 140
Trd, 4319935.093, 140
Trd, 4319935.943, 140
Trd, 4319936.693, 140
Trd, 4319937.093, 139
Trd, 4319937.893, 138
Trd, 4319938.993, 119
Trd, 4319940.143, 140
Trd, 4319940.743, 140
Trd, 4319940.793, 140
Trd, 4319942.493, 140
Trd, 4319943.093, 140
Trd, 4319944.793, 140
Trd, 4319945.243, 140
Trd, 4319945.793, 140
Trd, 4319947.643, 140
Trd, 4319948.443, 140
Trd, 4319949.493, 140
Trd, 4319949.893, 140
Trd, 4319950.193, 140
Trd, 4319950.793, 139
Trd, 4319951.343, 136
Trd, 4319951.943, 140
Trd, 4319952.793, 140
Trd, 4319954.643, 140
Trd, 4319954.743, 140
Trd, 4319954.943, 131
Trd, 4319956.593, 140
Trd, 4319956.893, 140
Trd, 4319957.343, 140
Trd, 4319957.643, 140
Trd, 4319957.793, 106
Trd, 4319958.893, 62
Trd, 4319958.993, 63
Trd, 4319959.043, 64
Trd, 4319959.593, 63
Trd, 4319959.843, 98
Trd, 4319962.143, 60
Trd, 4319962.293, 62
Trd, 4319963.293, 95
Trd, 4319964.843, 60
Trd, 4319964.893, 60
Trd, 4319965.493, 64
Trd, 4319965.593, 69
Trd, 4319967.193, 62
Trd, 4319967.593, 63
Trd, 4319967.743, 62
Trd, 4319967.893, 63
Trd, 4319968.343, 140
Trd, 4319970.093, 139
Trd, 4319970.293, 138
Trd, 4319970.643, 136
Trd, 4319970.793, 133
Trd, 4319971.943, 140
Trd, 4319972.843, 140
Trd, 4319973.093, 140
Trd, 4319974.643, 115
Trd, 4319975.643, 139
Trd, 4319975.793, 126
Trd, 4319976.543, 103
Trd, 4319976.693, 120
Trd, 4319977.193, 120
Trd, 4319977.243, 126
Trd, 4319979.693, 140
Trd, 4319979.743, 140
Trd, 4319980.243, 140
Trd, 4319980.843, 140
Trd, 4319981.043, 140
Trd, 4319981.493, 140
Trd, 4319982.093, 138
Trd, 4319982.843, 94
Trd, 4319983.043, 87
Trd, 4319984.143, 117
Trd, 4319984.543, 63
Trd, 4319985.043, 117
Trd, 4319986.493, 107
Trd, 4319987.443, 108
Trd, 4319987.593, 90
Trd, 4319988.193, 110
Trd, 4319990.343, 135
Trd, 4319991.093, 140
Trd, 4319991.193, 140
Trd, 4319992.693, 140
Trd, 4319993.843, 140
Trd, 4319994.043, 140
Trd, 4319994.293, 137
Trd, 4319994.443, 133
Trd, 4319994.493, 103
Trd, 4319995.593, 93
Trd, 4319997.293, 140
Trd, 4319997.343, 139
Trd, 4319997.393, 90
Trd, 4319998.793, 63
