Trd, 4318094.743, 83
Trd, 4318095.343, 127
Trd, 4318095.943, 76
Trd, 4318098.443, 129
Trd, 4318098.693, 120
Trd, 4318099.893, 133
Trd, 4318100.393, 122
Trd, 4318102.193, 88
Trd, 4318103.043, 137
Trd, 4318103.093, 81
Trd, 4318103.543, 113
Trd, 4318104.443, 90
Trd, 4318106.243, 115
Trd, 4318107.393, 132
Trd, 4318107.893, 129
Trd, 4318109.843, 132
Trd, 4318110.393, 130
Trd, 4318111.093, 130
Trd, 4318111.293, 117
Trd, 4318111.643, 106
Trd, 4318111.993, 82
Trd, 4318113.143, 121
Trd, 4318113.743, 119
Trd, 4318114.093, 102
Trd, 4318114.793, 74
Trd, 4318115.093, 77
Trd, 4318115.743, 134
Trd, 4318116.043, 132
Trd, 4318116.193, 61
Trd, 4318117.643, 134
Trd, 4318119.443, 117
Trd, 4318119.993, 96
Trd, 4318120.343, 75
Trd, 4318121.943, 77
Trd, 4318123.643, 94
Trd, 4318123.993, 111
Trd, 4318124.093, 109
Trd, 4318124.493, 92
Trd, 4318124.993, 87
Trd, 4318125.843, 121
Trd, 4318126.643, 92
Trd, 4318126.993, 104
Trd, 4318128.043, 138
Trd, 4318128.543, 139
Trd, 4318128.643, 138
Trd, 4318131.193, 137
Trd, 4318131.443, 137
Trd, 4318132.243, 139
Trd, 4318133.143, 137
Trd, 4318133.843, 100
Trd, 4318135.143, 95
Trd, 4318135.343, 130
Trd, 4318137.443, 115
Trd, 4318137.643, 109
Trd, 4318137.943, 108
Trd, 4318139.293, 117
Trd, 4318139.493, 104
Trd, 4318140.793, 108
Trd, 4318141.943, 106
Trd, 4318143.443, 108
Trd, 4318144.493, 125
Trd, 4318144.593, 124
Trd, 4318145.443, 123
Trd, 4318146.343, 117
Trd, 4318147.493, 96
Trd, 4318147.993, 123
Trd, 4318148.393, 122
Trd, 4318149.293, 128
Trd, 4318149.543, 120
Trd, 4318150.093, 72
Trd, 4318150.793, 68
Trd, 4318151.843, 109
Trd, 4318152.193, 108
Trd, 4318153.343, 96
Trd, 4318153.543, 76
Trd, 4318154.593, 80
Trd, 4318154.943, 78
Trd, 4318155.243, 75
Trd, 4318157.143, 84
Trd, 4318157.343, 116
Trd, 4318158.743, 118
Trd, 4318158.993, 134
Trd, 4318160.043, 135
Trd, 4318160.443, 127
Trd, 4318160.943, 126
Trd, 4318161.343, 124
Trd, 4318162.543, 93
Trd, 4318162.843, 119
Trd, 4318163.593, 111
Trd, 4318163.793, 97
Trd, 4318165.243, 109
Trd, 4318167.743, 95
Trd, 4318168.693, 130
Trd, 4318169.293, 125
Trd, 4318170.193, 136
Trd, 4318170.243, 134
Trd, 4318170.643, 127
Trd, 4318170.843, 119
Trd, 4318172.893, 127
Trd, 4318172.993, 126
Trd, 4318173.043, 123
Trd, 4318173.493, 78
Trd, 4318174.043, 109
Trd, 4318174.943, 116
Trd, 4318176.093, 119
Trd, 4318176.793, 73
Trd, 4318178.743, 128
Trd, 4318179.093, 131
Trd, 4318180.093, 112
Trd, 4318180.743, 108
Trd, 4318181.493, 125
Trd, 4318182.943, 126
Trd, 4318183.293, 125
Trd, 4318184.543, 120
Trd, 4318185.743, 119
Trd, 4318185.793, 107
Trd, 4318186.843, 111
Trd, 4318187.043, 132
Trd, 4318187.143, 98
Trd, 4318187.693, 98
Trd, 4318188.593, 95
Trd, 4318190.993, 131
Trd, 4318192.243, 131
Trd, 4318193.393, 132
Trd, 4318193.943, 132
Trd, 4318194.043, 131
Trd, 4318194.493, 133
Trd, 4318194.693, 109
Trd, 4318195.643, 131
Trd, 4318195.843, 105
Trd, 4318196.943, 92
Trd, 4318197.193, 92
Trd, 4318198.593, 132
Trd, 4318198.893, 101
Trd, 4318199.443, 104
Trd, 4318200.893, 128
Trd, 4318201.593, 125
Trd, 4318202.393, 122
Trd, 4318202.493, 84
Trd, 4318203.093, 128
Trd, 4318203.643, 121
Trd, 4318204.493, 140
Trd, 4318205.243, 140
Trd, 4318205.443, 100
Trd, 4318207.643, 129
Trd, 4318208.043, 128
Trd, 4318209.143, 119
Trd, 4318209.543, 111
Trd, 4318210.643, 133
Trd, 4318211.593, 130
Trd, 4318211.943, 137
Trd, 4318212.193, 104
Trd, 4318212.443, 103
Trd, 4318213.593, 123
Trd, 4318213.943, 122
Trd, 4318214.343, 139
Trd, 4318215.793, 80
Trd, 4318216.493, 84
Trd, 4318217.293, 118
Trd, 4318217.543, 68
Trd, 4318217.993, 129
Trd, 4318218.193, 127
Trd, 4318219.143, 62
Trd, 4318220.593, 76
Trd, 4318222.843, 113
Trd, 4318224.443, 98
Trd, 4318224.743, 117
Trd, 4318224.893, 72
Trd, 4318225.043, 71
Trd, 4318226.093, 122
Trd, 4318226.493, 79
Trd, 4318227.543, 63
Trd, 4318229.843, 66
Trd, 4318230.793, 75
Trd, 4318230.943, 83
Trd, 4318231.093, 136
Trd, 4318231.893, 102
Trd, 4318232.393, 113
Trd, 4318234.893, 114
Trd, 4318236.293, 123
Trd, 4318236.493, 108
Trd, 4318236.543, 73
Trd, 4318238.293, 133
Trd, 4318239.343, 133
Trd, 4318240.743, 106
Trd, 4318240.793, 102
Trd, 4318240.843, 89
Trd, 4318241.393, 76
Trd, 4318241.893, 104
Trd, 4318242.443, 81
Trd, 4318243.693, 97
Trd, 4318243.843, 96
Trd, 4318244.443, 104
Trd, 4318245.593, 92
Trd, 4318245.743, 76
Trd, 4318247.043, 110
Trd, 4318248.743, 131
Trd, 4318249.393, 130
Trd, 4318249.693, 107
Trd, 4318249.843, 104
Trd, 4318250.193, 103
Trd, 4318250.893, 125
Trd, 4318251.343, 107
Trd, 4318252.643, 102
Trd, 4318254.393, 112
Trd, 4318255.193, 111
Trd, 4318255.293, 110
Trd, 4318255.943, 131
Trd, 4318256.943, 120
Trd, 4318257.643, 129
Trd, 4318259.393, 116
Trd, 4318259.493, 114
Trd, 4318259.843, 126
Trd, 4318261.843, 139
Trd, 4318262.143, 140
Trd, 4318262.293, 136
Trd, 4318262.393, 128
Trd, 4318263.243, 112
Trd, 4318264.793, 89
Trd, 4318265.743, 95
Trd, 4318265.843, 93
Trd, 4318267.293, 137
Trd, 4318268.193, 139
Trd, 4318268.893, 138
Trd, 4318269.993, 137
Trd, 4318270.693, 137
Trd, 4318271.593, 138
Trd, 4318271.843, 126
Trd, 4318272.243, 70
Trd, 4318272.943, 93
Trd, 4318273.943, 103
Trd, 4318275.243, 104
Trd, 4318275.443, 74
Trd, 4318276.293, 61
Trd, 4318277.043, 116
Trd, 4318277.193, 104
Trd, 4318278.393, 67
Trd, 4318278.993, 68
Trd, 4318280.893, 96
Trd, 4318281.043, 94
Trd, 4318283.443, 132
Trd, 4318283.643, 131
Trd, 4318284.443, 129
Trd, 4318284.693, 139
Trd, 4318284.743, 127
Trd, 4318284.993, 95
Trd, 4318286.043, 131
Trd, 4318287.443, 140
Trd, 4318289.443, 129
Trd, 4318289.943, 133
Trd, 4318291.143, 122
Trd, 4318293.093, 106
Trd, 4318294.143, 113
Trd, 4318294.993, 119
Trd, 4318295.443, 126
Trd, 4318295.593, 124
Trd, 4318295.643, 127
Trd, 4318295.993, 107
Trd, 4318297.293, 102
Trd, 4318297.643, 87
Trd, 4318299.043, 117
Trd, 4318299.943, 140
Trd, 4318300.343, 105
Trd, 4318300.493, 62
Trd, 4318301.093, 133
Trd, 4318302.543, 102
Trd, 4318304.943, 111
Trd, 4318305.093, 130
Trd, 4318306.993, 110
Trd, 4318307.343, 136
Trd, 4318309.243, 140
Trd, 4318309.943, 133
Trd, 4318310.143, 132
Trd, 4318311.243, 105
Trd, 4318312.693, 134
Trd, 4318312.743, 133
Trd, 4318312.793, 125
Trd, 4318314.393, 124
Trd, 4318314.493, 105
Trd, 4318314.643, 104
Trd, 4318315.543, 120
Trd, 4318315.743, 119
Trd, 4318316.693, 70
Trd, 4318317.693, 119
Trd, 4318317.893, 127
Trd, 4318319.243, 132
Trd, 4318319.893, 134
Trd, 4318319.943, 133
Trd, 4318320.593, 122
Trd, 4318321.043, 132
Trd, 4318321.543, 116
Trd, 4318322.143, 107
Trd, 4318323.893, 72
Trd, 4318324.743, 140
Trd, 4318325.343, 140
Trd, 4318326.543, 128
Trd, 4318327.143, 123
Trd, 4318327.693, 133
Trd, 4318327.993, 111
Trd, 4318328.543, 125
Trd, 4318329.193, 105
Trd, 4318329.243, 117
Trd, 4318332.193, 85
Trd, 4318332.693, 134
Trd, 4318333.093, 122
Trd, 4318333.343, 131
Trd, 4318333.443, 130
Trd, 4318333.693, 67
Trd, 4318333.793, 130
Trd, 4318335.943, 110
Trd, 4318337.293, 108
Trd, 4318338.143, 132
Trd, 4318338.293, 109
Trd, 4318339.593, 119
Trd, 4318340.143, 88
Trd, 4318340.293, 87
Trd, 4318340.693, 113
Trd, 4318342.043, 119
Trd, 4318342.093, 113
Trd, 4318342.393, 89
Trd, 4318342.993, 107
Trd, 4318343.643, 77
Trd, 4318344.793, 78
Trd, 4318345.993, 119
Trd, 4318346.093, 118
Trd, 4318346.143, 117
Trd, 4318348.393, 136
Trd, 4318349.243, 130
Trd, 4318350.343, 138
Trd, 4318350.543, 137
Trd, 4318351.243, 101
Trd, 4318352.043, 113
Trd, 4318352.693, 112
Trd, 4318353.893, 89
Trd, 4318354.243, 123
Trd, 4318355.143, 74
Trd, 4318355.943, 102
Trd, 4318356.393, 105
Trd, 4318357.893, 107
Trd, 4318358.493, 138
Trd, 4318358.593, 104
Trd, 4318358.693, 103
Trd, 4318359.093, 87
Trd, 4318359.893, 105
Trd, 4318361.143, 116
Trd, 4318362.343, 121
Trd, 4318364.093, 133
Trd, 4318364.543, 118
Trd, 4318365.293, 109
Trd, 4318366.343, 119
Trd, 4318366.843, 109
Trd, 4318367.343, 112
Trd, 4318367.993, 130
Trd, 4318368.893, 140
Trd, 4318369.243, 122
Trd, 4318369.743, 111
Trd, 4318371.093, 98
Trd, 4318371.593, 114
Trd, 4318371.643, 101
Trd, 4318373.443, 134
Trd, 4318373.543, 133
Trd, 4318376.493, 112
Trd, 4318376.893, 120
Trd, 4318377.143, 119
Trd, 4318377.193, 109
Trd, 4318377.993, 114
Trd, 4318378.143, 85
Trd, 4318379.693, 125
Trd, 4318381.193, 132
Trd, 4318381.393, 125
Trd, 4318381.743, 75
Trd, 4318381.893, 102
Trd, 4318382.643, 65
Trd, 4318383.193, 70
Trd, 4318384.693, 115
Trd, 4318387.093, 134
Trd, 4318387.343, 133
Trd, 4318387.593, 132
Trd, 4318388.943, 131
Trd, 4318390.243, 123
Trd, 4318390.543, 139
Trd, 4318391.343, 119
Trd, 4318393.243, 131
Trd, 4318394.243, 135
Trd, 4318394.593, 131
Trd, 4318394.993, 130
Trd, 4318395.693, 67
Trd, 4318396.193, 130
Trd, 4318397.443, 133
Trd, 4318397.843, 129
Trd, 4318398.343, 95
Trd, 4318399.193, 133
Trd, 4318401.543, 137
Trd, 4318402.093, 123
Trd, 4318402.293, 136
Trd, 4318402.443, 122
Trd, 4318402.793, 122
Trd, 4318403.293, 122
Trd, 4318403.843, 114
Trd, 4318405.393, 128
Trd, 4318407.193, 138
Trd, 4318407.393, 138
Trd, 4318407.593, 133
Trd, 4318407.843, 84
Trd, 4318408.693, 82
Trd, 4318409.093, 81
Trd, 4318409.643, 139
Trd, 4318411.043, 124
Trd, 4318411.693, 135
Trd, 4318411.893, 97
Trd, 4318412.193, 93
Trd, 4318413.393, 116
Trd, 4318414.593, 111
Trd, 4318415.543, 110
Trd, 4318416.543, 109
Trd, 4318416.943, 109
Trd, 4318417.193, 136
Trd, 4318417.793, 131
Trd, 4318418.443, 134
Trd, 4318419.293, 61
Trd, 4318419.693, 64
Trd, 4318421.243, 121
Trd, 4318422.093, 122
Trd, 4318423.693, 91
Trd, 4318424.143, 97
Trd, 4318424.393, 106
Trd, 4318425.593, 130
Trd, 4318425.843, 130
Trd, 4318426.243, 130
Trd, 4318426.593, 129
Trd, 4318426.993, 136
Trd, 4318428.993, 135
Trd, 4318429.443, 129
Trd, 4318429.793, 106
Trd, 4318430.043, 78
Trd, 4318430.693, 132
Trd, 4318433.693, 60
Trd, 4318434.043, 103
Trd, 4318435.693, 111
Trd, 4318435.743, 107
Trd, 4318435.793, 97
Trd, 4318436.243, 124
Trd, 4318437.793, 99
Trd, 4318439.143, 102
Trd, 4318440.043, 138
Trd, 4318440.443, 113
Trd, 4318440.743, 104
Trd, 4318441.293, 115
Trd, 4318442.143, 131
Trd, 4318443.243, 98
Trd, 4318443.593, 129
Trd, 4318443.843, 118
Trd, 4318444.643, 95
Trd, 4318445.593, 95
Trd, 4318446.893, 134
Trd, 4318447.043, 134
Trd, 4318448.093, 126
Trd, 4318448.443, 106
Trd, 4318450.493, 115
Trd, 4318451.393, 136
Trd, 4318451.493, 99
Trd, 4318452.093, 137
Trd, 4318452.743, 134
Trd, 4318453.843, 130
Trd, 4318454.543, 108
Trd, 4318456.343, 93
Trd, 4318457.393, 131
Trd, 4318457.893, 116
Trd, 4318458.743, 101
Trd, 4318460.043, 103
Trd, 4318461.543, 135
Trd, 4318462.393, 111
Trd, 4318463.993, 97
Trd, 4318464.543, 90
Trd, 4318464.793, 122
Trd, 4318465.243, 127
Trd, 4318465.693, 84
Trd, 4318465.893, 113
Trd, 4318466.793, 94
Trd, 4318467.093, 84
Trd, 4318469.493, 105
Trd, 4318469.743, 86
Trd, 4318470.843, 111
Trd, 4318470.893, 110
Trd, 4318471.393, 132
Trd, 4318471.693, 115
Trd, 4318472.143, 93
Trd, 4318472.593, 107
Trd, 4318474.843, 137
Trd, 4318474.943, 130
Trd, 4318475.193, 108
Trd, 4318477.393, 107
Trd, 4318478.793, 94
Trd, 4318478.943, 132
Trd, 4318480.193, 77
Trd, 4318480.443, 86
Trd, 4318480.943, 88
Trd, 4318480.993, 67
Trd, 4318482.543, 130
Trd, 4318483.243, 121
Trd, 4318484.293, 121
Trd, 4318484.693, 124
Trd, 4318484.893, 113
Trd, 4318486.043, 108
Trd, 4318486.093, 107
Trd, 4318486.993, 129
Trd, 4318488.543, 113
Trd, 4318488.743, 110
Trd, 4318488.843, 94
Trd, 4318488.943, 130
Trd, 4318491.393, 119
Trd, 4318491.743, 92
Trd, 4318492.693, 114
Trd, 4318493.043, 96
Trd, 4318494.343, 135
Trd, 4318494.593, 124
Trd, 4318495.493, 118
Trd, 4318497.793, 114
Trd, 4318498.893, 136
Trd, 4318499.593, 113
Trd, 4318500.393, 119
Trd, 4318500.893, 119
Trd, 4318501.593, 127
Trd, 4318501.943, 124
Trd, 4318502.543, 112
Trd, 4318503.643, 112
Trd, 4318504.043, 137
Trd, 4318504.193, 108
Trd, 4318507.593, 119
Trd, 4318507.893, 118
Trd, 4318507.993, 118
Trd, 4318508.643, 95
Trd, 4318509.593, 131
Trd, 4318509.793, 130
Trd, 4318510.543, 102
Trd, 4318510.943, 125
Trd, 4318511.493, 129
Trd, 4318512.043, 122
Trd, 4318512.243, 136
Trd, 4318513.343, 117
Trd, 4318514.543, 86
Trd, 4318516.243, 93
Trd, 4318516.443, 60
Trd, 4318516.543, 61
Trd, 4318517.243, 110
Trd, 4318517.693, 79
Trd, 4318519.593, 87
Trd, 4318519.743, 135
Trd, 4318520.943, 123
Trd, 4318521.993, 126
Trd, 4318523.093, 121
Trd, 4318523.443, 118
Trd, 4318523.693, 125
Trd, 4318523.943, 133
Trd, 4318524.843, 136
Trd, 4318525.093, 135
Trd, 4318525.593, 120
Trd, 4318527.093, 120
Trd, 4318528.243, 93
Trd, 4318529.843, 110
Trd, 4318530.643, 115
Trd, 4318531.393, 106
Trd, 4318531.493, 105
Trd, 4318531.793, 100
Trd, 4318531.843, 99
Trd, 4318533.243, 122
Trd, 4318533.493, 138
Trd, 4318534.643, 128
Trd, 4318534.693, 127
Trd, 4318536.293, 137
Trd, 4318537.393, 85
Trd, 4318537.643, 103
Trd, 4318538.443, 113
Trd, 4318539.693, 130
Trd, 4318539.793, 129
Trd, 4318540.193, 106
Trd, 4318540.893, 96
Trd, 4318541.693, 91
Trd, 4318543.143, 140
Trd, 4318544.643, 133
Trd, 4318546.093, 134
Trd, 4318546.493, 123
Trd, 4318548.143, 124
Trd, 4318548.293, 125
Trd, 4318548.493, 123
Trd, 4318548.893, 81
Trd, 4318549.843, 139
Trd, 4318550.293, 102
Trd, 4318550.443, 75
Trd, 4318551.243, 84
Trd, 4318551.493, 130
Trd, 4318553.043, 140
Trd, 4318553.393, 130
Trd, 4318554.243, 119
Trd, 4318555.093, 102
Trd, 4318555.393, 133
Trd, 4318556.693, 111
Trd, 4318557.893, 96
Trd, 4318559.093, 107
Trd, 4318559.193, 102
Trd, 4318561.193, 125
Trd, 4318561.943, 134
Trd, 4318562.743, 105
Trd, 4318563.293, 125
Trd, 4318564.843, 65
Trd, 4318565.193, 96
Trd, 4318565.593, 112
Trd, 4318565.843, 108
Trd, 4318566.993, 75
Trd, 4318568.193, 95
Trd, 4318570.143, 116
Trd, 4318570.543, 111
Trd, 4318570.893, 105
Trd, 4318572.243, 98
Trd, 4318572.293, 79
Trd, 4318572.443, 111
Trd, 4318572.943, 78
Trd, 4318574.543, 122
Trd, 4318575.193, 98
Trd, 4318575.893, 135
Trd, 4318576.243, 136
Trd, 4318578.193, 124
Trd, 4318578.693, 129
Trd, 4318578.893, 124
Trd, 4318579.243, 129
Trd, 4318581.443, 128
Trd, 4318581.743, 128
Trd, 4318582.143, 129
Trd, 4318582.293, 127
Trd, 4318582.843, 131
Trd, 4318583.193, 119
Trd, 4318584.093, 137
Trd, 4318584.443, 138
Trd, 4318584.543, 136
Trd, 4318585.743, 139
Trd, 4318586.093, 128
Trd, 4318586.543, 118
Trd, 4318587.243, 88
Trd, 4318587.893, 127
Trd, 4318589.843, 87
Trd, 4318591.143, 117
Trd, 4318591.743, 117
Trd, 4318592.143, 108
Trd, 4318593.093, 130
Trd, 4318593.493, 129
Trd, 4318594.693, 129
Trd, 4318596.593, 137
Trd, 4318596.943, 124
Trd, 4318597.443, 125
Trd, 4318597.693, 132
Trd, 4318598.493, 140
Trd, 4318599.243, 105
Trd, 4318600.193, 116
Trd, 4318600.693, 120
Trd, 4318601.843, 135
Trd, 4318602.193, 133
Trd, 4318603.093, 118
Trd, 4318604.043, 103
Trd, 4318604.793, 119
Trd, 4318605.643, 105
Trd, 4318606.443, 131
Trd, 4318606.643, 128
Trd, 4318608.243, 127
Trd, 4318608.893, 125
Trd, 4318609.443, 120
Trd, 4318609.893, 88
Trd, 4318610.343, 125
Trd, 4318611.243, 92
Trd, 4318611.893, 91
Trd, 4318613.743, 106
Trd, 4318614.693, 83
Trd, 4318615.343, 120
Trd, 4318616.143, 131
Trd, 4318616.393, 102
Trd, 4318616.443, 131
Trd, 4318616.943, 98
Trd, 4318617.893, 90
Trd, 4318620.043, 122
Trd, 4318620.293, 111
Trd, 4318620.943, 92
Trd, 4318621.293, 76
Trd, 4318622.343, 124
Trd, 4318623.743, 123
Trd, 4318624.443, 122
Trd, 4318625.043, 134
Trd, 4318625.993, 127
Trd, 4318627.043, 131
Trd, 4318628.143, 109
Trd, 4318628.193, 72
Trd, 4318628.843, 139
Trd, 4318629.493, 139
Trd, 4318630.043, 108
Trd, 4318630.393, 109
Trd, 4318631.593, 101
Trd, 4318632.343, 68
Trd, 4318633.093, 75
Trd, 4318633.343, 66
Trd, 4318634.143, 89
Trd, 4318634.393, 82
Trd, 4318635.493, 130
Trd, 4318635.843, 131
Trd, 4318637.293, 89
Trd, 4318638.043, 133
Trd, 4318638.393, 85
Trd, 4318638.993, 125
Trd, 4318642.443, 113
Trd, 4318642.543, 112
Trd, 4318642.993, 139
Trd, 4318643.343, 109
Trd, 4318643.793, 108
Trd, 4318644.193, 120
Trd, 4318644.893, 132
Trd, 4318645.543, 139
Trd, 4318646.593, 138
Trd, 4318646.943, 136
Trd, 4318647.443, 122
Trd, 4318647.593, 109
Trd, 4318648.543, 140
Trd, 4318649.843, 140
Trd, 4318650.043, 140
Trd, 4318650.193, 140
Trd, 4318652.843, 125
Trd, 4318652.993, 124
Trd, 4318655.543, 137
Trd, 4318657.193, 140
Trd, 4318657.443, 137
Trd, 4318657.593, 138
Trd, 4318659.193, 140
Trd, 4318659.293, 136
Trd, 4318659.393, 110
Trd, 4318659.743, 133
Trd, 4318660.643, 136
Trd, 4318662.893, 125
Trd, 4318662.993, 123
Trd, 4318663.393, 120
Trd, 4318664.043, 139
Trd, 4318665.093, 119
Trd, 4318665.243, 110
Trd, 4318665.943, 110
Trd, 4318666.343, 113
Trd, 4318668.943, 116
Trd, 4318669.693, 94
Trd, 4318669.993, 91
Trd, 4318670.143, 125
Trd, 4318670.243, 86
Trd, 4318670.793, 130
Trd, 4318671.293, 86
Trd, 4318671.643, 77
Trd, 4318673.343, 118
Trd, 4318673.493, 110
Trd, 4318673.593, 109
Trd, 4318674.143, 116
Trd, 4318674.793, 106
Trd, 4318677.593, 82
Trd, 4318677.793, 107
Trd, 4318677.943, 103
Trd, 4318681.093, 120
Trd, 4318681.143, 123
Trd, 4318681.193, 111
Trd, 4318681.643, 129
Trd, 4318681.693, 98
Trd, 4318682.393, 98
Trd, 4318682.793, 69
Trd, 4318683.493, 76
Trd, 4318684.393, 106
Trd, 4318685.043, 114
Trd, 4318686.743, 124
Trd, 4318688.543, 130
Trd, 4318688.693, 129
Trd, 4318689.643, 135
Trd, 4318690.993, 129
Trd, 4318691.243, 126
Trd, 4318691.393, 107
Trd, 4318691.893, 131
Trd, 4318693.293, 140
Trd, 4318693.543, 127
Trd, 4318693.893, 134
Trd, 4318695.243, 137
Trd, 4318695.493, 114
Trd, 4318695.943, 113
Trd, 4318697.293, 116
Trd, 4318697.793, 126
Trd, 4318697.943, 124
Trd, 4318699.693, 126
Trd, 4318699.793, 123
Trd, 4318700.143, 117
Trd, 4318700.393, 116
Trd, 4318700.743, 119
Trd, 4318701.943, 79
Trd, 4318702.843, 97
Trd, 4318703.393, 112
Trd, 4318704.443, 122
Trd, 4318704.843, 140
Trd, 4318707.393, 132
Trd, 4318707.493, 131
Trd, 4318708.593, 133
Trd, 4318709.043, 131
Trd, 4318710.393, 118
Trd, 4318710.743, 109
Trd, 4318711.493, 113
Trd, 4318711.543, 102
Trd, 4318712.143, 85
Trd, 4318712.843, 112
Trd, 4318714.143, 88
Trd, 4318715.643, 119
Trd, 4318715.843, 117
Trd, 4318716.143, 73
Trd, 4318717.243, 117
Trd, 4318718.193, 117
Trd, 4318718.343, 116
Trd, 4318718.593, 108
Trd, 4318718.843, 97
Trd, 4318719.193, 121
Trd, 4318719.443, 120
Trd, 4318720.693, 113
Trd, 4318720.793, 98
Trd, 4318721.293, 105
Trd, 4318722.943, 128
Trd, 4318723.843, 123
Trd, 4318725.243, 122
Trd, 4318726.943, 133
Trd, 4318727.493, 136
Trd, 4318727.893, 111
Trd, 4318728.743, 112
Trd, 4318729.743, 111
Trd, 4318730.543, 125
Trd, 4318730.793, 125
Trd, 4318731.193, 112
Trd, 4318731.593, 108
Trd, 4318732.193, 84
Trd, 4318732.843, 64
Trd, 4318733.293, 66
Trd, 4318734.093, 105
Trd, 4318734.293, 88
Trd, 4318735.093, 117
Trd, 4318735.343, 103
Trd, 4318735.743, 92
Trd, 4318737.293, 72
Trd, 4318738.643, 114
Trd, 4318739.743, 98
Trd, 4318740.993, 102
Trd, 4318741.443, 104
Trd, 4318741.493, 103
Trd, 4318741.843, 63
Trd, 4318742.243, 106
Trd, 4318743.893, 96
Trd, 4318744.843, 134
Trd, 4318745.143, 137
Trd, 4318746.043, 138
Trd, 4318746.443, 137
Trd, 4318747.143, 81
Trd, 4318748.993, 74
Trd, 4318749.743, 97
Trd, 4318750.293, 92
Trd, 4318750.343, 82
Trd, 4318751.593, 125
Trd, 4318751.843, 123
Trd, 4318753.193, 139
Trd, 4318753.893, 140
Trd, 4318754.193, 126
Trd, 4318754.393, 126
Trd, 4318756.143, 100
Trd, 4318756.493, 102
Trd, 4318756.593, 97
Trd, 4318757.643, 125
Trd, 4318758.993, 135
Trd, 4318759.293, 129
Trd, 4318759.843, 82
Trd, 4318760.843, 107
Trd, 4318761.193, 92
Trd, 4318763.493, 131
Trd, 4318764.693, 116
Trd, 4318764.943, 116
Trd, 4318766.443, 133
Trd, 4318766.593, 107
Trd, 4318767.643, 111
Trd, 4318768.543, 110
Trd, 4318768.943, 95
Trd, 4318769.193, 97
Trd, 4318770.843, 129
Trd, 4318771.193, 127
Trd, 4318772.243, 116
Trd, 4318772.643, 102
Trd, 4318774.043, 107
Trd, 4318774.393, 105
Trd, 4318775.793, 104
Trd, 4318776.393, 115
Trd, 4318776.443, 123
Trd, 4318777.343, 79
Trd, 4318777.943, 106
Trd, 4318778.343, 106
Trd, 4318779.443, 103
Trd, 4318779.793, 113
Trd, 4318780.093, 118
Trd, 4318780.143, 104
Trd, 4318780.193, 92
Trd, 4318781.743, 64
Trd, 4318782.143, 139
Trd, 4318782.793, 128
Trd, 4318783.993, 60
Trd, 4318785.193, 117
Trd, 4318786.893, 134
Trd, 4318787.243, 132
Trd, 4318788.543, 133
Trd, 4318789.293, 130
Trd, 4318790.243, 127
Trd, 4318790.293, 126
Trd, 4318792.193, 98
Trd, 4318792.293, 83
Trd, 4318793.143, 79
Trd, 4318793.293, 102
Trd, 4318794.543, 65
Trd, 4318796.343, 133
Trd, 4318797.443, 126
Trd, 4318797.543, 113
Trd, 4318797.643, 123
Trd, 4318799.193, 120
Trd, 4318800.493, 96
Trd, 4318801.643, 98
Trd, 4318802.693, 110
Trd, 4318804.143, 140
Trd, 4318804.493, 136
Trd, 4318804.543, 135
Trd, 4318804.693, 134
Trd, 4318805.043, 103
Trd, 4318806.243, 132
Trd, 4318807.143, 106
Trd, 4318807.893, 97
Trd, 4318808.843, 140
Trd, 4318810.243, 139
Trd, 4318810.893, 134
Trd, 4318811.093, 128
Trd, 4318811.293, 119
Trd, 4318812.393, 116
Trd, 4318813.293, 130
Trd, 4318815.243, 129
Trd, 4318815.293, 128
Trd, 4318815.743, 113
Trd, 4318816.443, 101
Trd, 4318817.743, 140
Trd, 4318817.843, 118
Trd, 4318818.193, 113
Trd, 4318818.543, 72
Trd, 4318819.793, 106
Trd, 4318820.393, 115
Trd, 4318820.443, 130
Trd, 4318820.693, 110
Trd, 4318822.893, 140
Trd, 4318824.393, 137
Trd, 4318824.493, 128
Trd, 4318825.643, 128
Trd, 4318826.043, 122
Trd, 4318826.993, 109
Trd, 4318828.093, 104
Trd, 4318828.343, 127
Trd, 4318828.493, 104
Trd, 4318828.893, 88
Trd, 4318830.743, 107
Trd, 4318831.893, 101
Trd, 4318833.343, 109
Trd, 4318834.443, 118
Trd, 4318835.193, 132
Trd, 4318835.743, 133
Trd, 4318836.343, 131
Trd, 4318837.193, 105
Trd, 4318837.243, 100
Trd, 4318837.743, 105
Trd, 4318838.843, 140
Trd, 4318838.943, 138
Trd, 4318839.043, 133
Trd, 4318840.943, 119
Trd, 4318842.043, 139
Trd, 4318842.443, 139
Trd, 4318843.193, 139
Trd, 4318843.643, 132
Trd, 4318843.693, 110
Trd, 4318843.793, 74
Trd, 4318844.293, 91
Trd, 4318845.243, 95
Trd, 4318846.393, 69
Trd, 4318846.693, 112
Trd, 4318848.343, 82
Trd, 4318850.143, 133
Trd, 4318850.643, 120
Trd, 4318850.943, 137
Trd, 4318851.243, 118
Trd, 4318852.293, 133
Trd, 4318853.143, 124
Trd, 4318853.793, 130
Trd, 4318854.143, 118
Trd, 4318854.593, 118
Trd, 4318856.143, 117
Trd, 4318856.443, 116
Trd, 4318856.743, 72
Trd, 4318857.943, 136
Trd, 4318858.193, 140
Trd, 4318858.393, 136
Trd, 4318858.843, 114
Trd, 4318859.193, 104
Trd, 4318859.493, 87
Trd, 4318860.293, 77
Trd, 4318863.343, 130
Trd, 4318863.743, 127
Trd, 4318863.843, 126
Trd, 4318863.943, 137
Trd, 4318864.093, 70
Trd, 4318866.493, 135
Trd, 4318866.793, 130
Trd, 4318866.893, 126
Trd, 4318867.743, 120
Trd, 4318868.193, 119
Trd, 4318869.993, 136
Trd, 4318870.593, 124
Trd, 4318871.043, 138
Trd, 4318871.193, 137
Trd, 4318871.943, 122
Trd, 4318872.393, 122
Trd, 4318873.543, 120
Trd, 4318874.093, 120
Trd, 4318874.843, 119
Trd, 4318875.893, 113
Trd, 4318875.943, 111
Trd, 4318876.293, 93
Trd, 4318876.643, 128
Trd, 4318877.343, 90
Trd, 4318878.393, 83
Trd, 4318878.543, 62
Trd, 4318879.793, 109
Trd, 4318880.043, 136
Trd, 4318880.543, 138
Trd, 4318880.693, 137
Trd, 4318880.893, 124
Trd, 4318882.693, 95
Trd, 4318883.093, 109
Trd, 4318883.393, 109
Trd, 4318883.693, 108
Trd, 4318884.493, 117
Trd, 4318884.893, 107
Trd, 4318885.293, 100
Trd, 4318887.543, 114
Trd, 4318888.893, 132
Trd, 4318889.943, 140
Trd, 4318890.093, 129
Trd, 4318890.593, 115
Trd, 4318891.393, 113
Trd, 4318892.193, 118
Trd, 4318893.193, 130
Trd, 4318894.943, 137
Trd, 4318895.143, 136
Trd, 4318895.493, 137
Trd, 4318895.793, 105
Trd, 4318896.243, 113
Trd, 4318897.043, 94
Trd, 4318897.143, 80
Trd, 4318897.743, 111
Trd, 4318899.943, 102
Trd, 4318900.043, 101
Trd, 4318900.193, 74
Trd, 4318901.843, 122
Trd, 4318902.043, 93
Trd, 4318902.393, 137
Trd, 4318903.143, 85
Trd, 4318903.443, 83
Trd, 4318906.643, 106
Trd, 4318906.893, 102
Trd, 4318907.443, 95
Trd, 4318907.893, 88
Trd, 4318908.293, 95
Trd, 4318909.543, 81
Trd, 4318909.643, 73
Trd, 4318910.893, 87
Trd, 4318911.943, 129
Trd, 4318912.093, 128
Trd, 4318912.443, 96
Trd, 4318914.343, 119
Trd, 4318914.543, 103
Trd, 4318915.093, 93
Trd, 4318915.443, 99
Trd, 4318915.943, 122
Trd, 4318917.643, 115
Trd, 4318918.093, 96
Trd, 4318918.593, 104
Trd, 4318918.743, 116
Trd, 4318920.243, 124
Trd, 4318920.343, 123
Trd, 4318920.493, 106
Trd, 4318921.243, 100
Trd, 4318922.943, 116
Trd, 4318923.793, 100
Trd, 4318924.343, 86
Trd, 4318925.293, 79
Trd, 4318925.693, 66
Trd, 4318925.893, 65
Trd, 4318927.343, 125
Trd, 4318927.493, 91
Trd, 4318927.743, 126
Trd, 4318930.893, 128
Trd, 4318931.343, 123
Trd, 4318931.743, 123
Trd, 4318931.793, 109
Trd, 4318934.143, 121
Trd, 4318935.043, 129
Trd, 4318935.143, 129
Trd, 4318935.643, 128
Trd, 4318935.993, 89
Trd, 4318937.343, 68
Trd, 4318937.693, 71
Trd, 4318938.093, 79
Trd, 4318938.243, 97
Trd, 4318938.393, 118
Trd, 4318939.493, 119
Trd, 4318941.243, 72
Trd, 4318942.443, 132
Trd, 4318942.693, 126
Trd, 4318944.993, 110
Trd, 4318946.393, 134
Trd, 4318947.143, 116
Trd, 4318947.443, 119
Trd, 4318948.793, 94
Trd, 4318949.943, 130
Trd, 4318951.393, 137
Trd, 4318951.993, 123
Trd, 4318954.193, 109
Trd, 4318954.543, 110
Trd, 4318954.693, 120
Trd, 4318955.493, 110
Trd, 4318955.743, 96
Trd, 4318956.093, 98
Trd, 4318957.193, 107
Trd, 4318957.293, 97
Trd, 4318959.393, 136
Trd, 4318959.643, 128
Trd, 4318959.743, 105
Trd, 4318961.143, 135
Trd, 4318961.293, 134
Trd, 4318961.543, 126
Trd, 4318961.643, 106
Trd, 4318962.243, 110
Trd, 4318963.093, 119
Trd, 4318963.843, 138
Trd, 4318965.243, 107
Trd, 4318965.293, 100
Trd, 4318965.393, 93
Trd, 4318966.593, 116
Trd, 4318967.493, 69
Trd, 4318968.043, 85
Trd, 4318969.493, 98
Trd, 4318970.343, 133
Trd, 4318970.593, 92
Trd, 4318971.143, 92
Trd, 4318972.193, 137
Trd, 4318972.743, 96
Trd, 4318972.793, 92
Trd, 4318973.393, 97
Trd, 4318975.543, 138
Trd, 4318975.643, 118
Trd, 4318976.343, 113
Trd, 4318976.543, 137
Trd, 4318977.493, 123
Trd, 4318978.843, 123
Trd, 4318979.693, 100
Trd, 4318980.843, 138
Trd, 4318981.443, 111
Trd, 4318982.643, 110
Trd, 4318982.743, 88
Trd, 4318983.343, 120
Trd, 4318983.943, 114
Trd, 4318985.193, 100
Trd, 4318985.493, 98
Trd, 4318985.593, 121
Trd, 4318986.643, 106
Trd, 4318987.393, 99
Trd, 4318987.743, 98
Trd, 4318988.393, 130
Trd, 4318989.443, 105
Trd, 4318990.143, 118
Trd, 4318991.393, 115
Trd, 4318992.293, 113
Trd, 4318992.943, 111
Trd, 4318993.643, 103
Trd, 4318994.593, 113
Trd, 4318995.643, 131
Trd, 4318995.843, 130
Trd, 4318996.393, 120
Trd, 4318996.443, 103
Trd, 4318997.743, 132
Trd, 4318998.593, 135
Trd, 4318999.293, 134
Trd, 4318999.943, 109
Trd, 4319000.493, 130
Trd, 4319000.743, 96
Trd, 4319001.843, 118
Trd, 4319002.043, 124
Trd, 4319002.993, 136
Trd, 4319004.593, 132
Trd, 4319004.743, 130
Trd, 4319005.443, 129
Trd, 4319005.943, 123
Trd, 4319006.393, 123
Trd, 4319006.943, 103
Trd, 4319007.843, 101
Trd, 4319008.493, 107
Trd, 4319010.193, 137
Trd, 4319010.343, 112
Trd, 4319011.493, 72
Trd, 4319011.843, 80
Trd, 4319012.293, 68
Trd, 4319013.993, 67
Trd, 4319015.143, 82
Trd, 4319015.393, 109
Trd, 4319015.543, 84
Trd, 4319016.593, 130
Trd, 4319016.643, 128
Trd, 4319017.193, 90
Trd, 4319019.043, 98
Trd, 4319020.043, 121
Trd, 4319020.093, 72
Trd, 4319020.843, 70
Trd, 4319022.243, 115
Trd, 4319022.393, 90
Trd, 4319022.843, 127
Trd, 4319023.243, 99
Trd, 4319024.443, 70
Trd, 4319024.943, 88
Trd, 4319027.593, 113
Trd, 4319028.393, 121
Trd, 4319030.293, 139
Trd, 4319030.393, 116
Trd, 4319032.143, 134
Trd, 4319032.343, 130
Trd, 4319032.393, 136
Trd, 4319032.493, 129
Trd, 4319033.743, 88
Trd, 4319034.343, 118
Trd, 4319035.493, 120
Trd, 4319036.093, 95
Trd, 4319036.543, 105
Trd, 4319036.843, 96
Trd, 4319038.143, 138
Trd, 4319039.493, 137
Trd, 4319039.793, 135
Trd, 4319041.093, 129
Trd, 4319041.993, 118
Trd, 4319042.443, 93
Trd, 4319043.293, 129
Trd, 4319044.143, 139
Trd, 4319044.593, 138
Trd, 4319044.893, 99
Trd, 4319045.993, 69
Trd, 4319046.393, 89
Trd, 4319046.543, 77
Trd, 4319047.993, 124
Trd, 4319048.743, 97
Trd, 4319050.193, 104
Trd, 4319050.293, 103
Trd, 4319051.693, 89
Trd, 4319051.843, 106
Trd, 4319052.393, 88
Trd, 4319052.993, 102
Trd, 4319053.143, 96
Trd, 4319054.643, 107
Trd, 4319054.893, 95
Trd, 4319055.493, 92
Trd, 4319055.793, 97
Trd, 4319056.443, 62
Trd, 4319056.543, 62
Trd, 4319057.993, 99
Trd, 4319058.593, 129
Trd, 4319058.743, 61
Trd, 4319059.093, 75
Trd, 4319059.743, 64
Trd, 4319059.993, 86
Trd, 4319060.443, 67
Trd, 4319062.593, 92
Trd, 4319063.293, 80
Trd, 4319063.493, 99
Trd, 4319063.893, 76
Trd, 4319064.943, 130
Trd, 4319066.343, 108
Trd, 4319066.793, 109
Trd, 4319067.493, 108
Trd, 4319067.643, 88
Trd, 4319067.743, 81
Trd, 4319069.093, 113
Trd, 4319069.643, 108
Trd, 4319070.043, 107
Trd, 4319071.493, 120
Trd, 4319071.793, 140
Trd, 4319073.093, 117
Trd, 4319073.243, 117
Trd, 4319073.593, 116
Trd, 4319074.143, 101
Trd, 4319074.343, 99
Trd, 4319075.993, 127
Trd, 4319076.693, 90
Trd, 4319077.093, 98
Trd, 4319078.793, 118
Trd, 4319079.043, 117
Trd, 4319079.693, 112
Trd, 4319081.093, 105
Trd, 4319082.693, 128
Trd, 4319082.993, 128
Trd, 4319083.993, 120
Trd, 4319084.193, 118
Trd, 4319084.243, 101
Trd, 4319084.693, 87
Trd, 4319085.293, 118
Trd, 4319085.643, 86
Trd, 4319086.093, 105
Trd, 4319086.593, 100
Trd, 4319087.893, 138
Trd, 4319088.293, 137
Trd, 4319090.093, 112
Trd, 4319091.043, 126
Trd, 4319092.093, 117
Trd, 4319092.843, 123
Trd, 4319093.293, 114
Trd, 4319093.693, 114
Trd, 4319094.243, 114
Trd, 4319094.543, 98
Trd, 4319096.793, 84
Trd, 4319097.093, 92
Trd, 4319097.493, 81
Trd, 4319098.593, 78
Trd, 4319098.843, 78
Trd, 4319099.193, 83
Trd, 4319099.343, 128
Trd, 4319100.093, 129
Trd, 4319100.993, 132
Trd, 4319101.593, 126
Trd, 4319102.543, 138
Trd, 4319103.093, 131
Trd, 4319103.443, 130
Trd, 4319103.793, 88
Trd, 4319106.443, 139
Trd, 4319106.943, 134
Trd, 4319107.093, 121
Trd, 4319107.243, 88
Trd, 4319108.343, 75
Trd, 4319108.393, 74
Trd, 4319109.193, 100
Trd, 4319110.043, 96
Trd, 4319110.743, 97
Trd, 4319111.793, 132
Trd, 4319112.193, 131
Trd, 4319112.493, 108
Trd, 4319112.843, 139
Trd, 4319113.843, 94
Trd, 4319114.593, 115
Trd, 4319115.143, 105
Trd, 4319115.993, 125
Trd, 4319116.193, 111
Trd, 4319117.043, 130
Trd, 4319118.193, 120
Trd, 4319118.643, 90
Trd, 4319120.393, 83
Trd, 4319120.843, 81
Trd, 4319120.893, 70
Trd, 4319123.593, 113
Trd, 4319124.443, 109
Trd, 4319125.143, 109
Trd, 4319126.143, 92
Trd, 4319126.193, 124
Trd, 4319127.143, 102
Trd, 4319128.343, 128
Trd, 4319128.443, 120
Trd, 4319130.343, 122
Trd, 4319130.643, 106
Trd, 4319131.193, 127
Trd, 4319131.743, 133
Trd, 4319133.743, 78
Trd, 4319134.293, 103
Trd, 4319134.643, 84
Trd, 4319136.193, 87
Trd, 4319136.743, 106
Trd, 4319137.943, 103
Trd, 4319138.093, 103
Trd, 4319138.943, 85
Trd, 4319139.893, 105
Trd, 4319141.243, 74
Trd, 4319142.293, 93
Trd, 4319143.393, 100
Trd, 4319143.743, 69
Trd, 4319146.093, 128
Trd, 4319146.143, 127
Trd, 4319148.293, 128
Trd, 4319148.393, 127
Trd, 4319148.893, 125
Trd, 4319148.993, 120
Trd, 4319149.393, 129
Trd, 4319149.643, 114
Trd, 4319149.993, 129
Trd, 4319150.943, 82
Trd, 4319151.243, 97
Trd, 4319152.793, 124
Trd, 4319152.893, 123
Trd, 4319153.443, 106
Trd, 4319153.693, 83
Trd, 4319154.193, 72
Trd, 4319154.343, 75
Trd, 4319156.343, 138
Trd, 4319156.743, 130
Trd, 4319157.293, 116
Trd, 4319157.593, 108
Trd, 4319158.743, 126
Trd, 4319159.893, 129
Trd, 4319160.143, 140
Trd, 4319160.593, 129
Trd, 4319161.443, 128
Trd, 4319161.743, 119
Trd, 4319162.493, 129
Trd, 4319162.993, 120
Trd, 4319164.893, 105
Trd, 4319166.293, 73
Trd, 4319166.543, 81
Trd, 4319166.793, 121
Trd, 4319167.443, 89
Trd, 4319168.343, 90
Trd, 4319168.893, 97
Trd, 4319169.693, 111
Trd, 4319170.343, 108
Trd, 4319171.343, 108
Trd, 4319171.493, 117
Trd, 4319173.193, 125
Trd, 4319173.543, 119
Trd, 4319173.743, 105
Trd, 4319174.743, 88
Trd, 4319175.243, 81
Trd, 4319176.343, 88
Trd, 4319178.043, 111
Trd, 4319178.343, 120
Trd, 4319178.893, 133
Trd, 4319180.043, 121
Trd, 4319181.143, 137
Trd, 4319183.293, 112
Trd, 4319183.643, 111
Trd, 4319183.743, 116
Trd, 4319183.943, 99
Trd, 4319184.543, 92
Trd, 4319185.343, 99
Trd, 4319186.743, 117
Trd, 4319187.343, 114
Trd, 4319187.693, 95
Trd, 4319189.793, 97
Trd, 4319189.893, 96
Trd, 4319190.743, 132
Trd, 4319190.793, 108
Trd, 4319192.243, 132
Trd, 4319192.443, 107
Trd, 4319194.493, 140
Trd, 4319194.943, 140
Trd, 4319195.943, 117
Trd, 4319196.593, 106
Trd, 4319196.693, 101
Trd, 4319197.593, 137
Trd, 4319198.743, 135
Trd, 4319198.943, 132
Trd, 4319199.043, 130
Trd, 4319200.143, 133
Trd, 4319200.693, 122
Trd, 4319201.143, 113
Trd, 4319203.543, 117
Trd, 4319203.793, 140
Trd, 4319204.043, 95
Trd, 4319204.443, 88
Trd, 4319204.793, 97
Trd, 4319205.543, 102
Trd, 4319205.893, 80
Trd, 4319207.293, 114
Trd, 4319207.943, 113
Trd, 4319209.143, 137
Trd, 4319210.343, 138
Trd, 4319210.693, 132
Trd, 4319210.893, 118
Trd, 4319212.093, 133
Trd, 4319212.743, 123
Trd, 4319213.443, 106
Trd, 4319214.043, 120
Trd, 4319214.343, 123
Trd, 4319214.693, 101
Trd, 4319215.093, 101
Trd, 4319216.543, 95
Trd, 4319216.693, 80
Trd, 4319218.843, 76
Trd, 4319218.943, 65
Trd, 4319220.293, 107
Trd, 4319221.393, 95
Trd, 4319222.443, 132
Trd, 4319222.543, 131
Trd, 4319223.043, 104
Trd, 4319223.593, 123
Trd, 4319225.793, 81
Trd, 4319227.193, 87
Trd, 4319227.243, 100
Trd, 4319227.893, 69
Trd, 4319228.493, 69
Trd, 4319228.543, 81
Trd, 4319231.593, 116
Trd, 4319231.643, 129
Trd, 4319232.093, 114
Trd, 4319233.193, 118
Trd, 4319233.293, 108
Trd, 4319234.193, 82
Trd, 4319235.493, 89
Trd, 4319236.043, 68
Trd, 4319236.143, 103
Trd, 4319237.743, 68
Trd, 4319238.043, 78
Trd, 4319238.943, 106
Trd, 4319239.493, 88
Trd, 4319241.793, 95
Trd, 4319242.793, 132
Trd, 4319242.893, 127
Trd, 4319244.193, 94
Trd, 4319245.843, 94
Trd, 4319246.093, 94
Trd, 4319246.893, 92
Trd, 4319247.993, 102
Trd, 4319248.243, 101
Trd, 4319250.343, 123
Trd, 4319250.843, 122
Trd, 4319251.893, 60
Trd, 4319252.193, 119
Trd, 4319252.293, 137
Trd, 4319253.993, 114
Trd, 4319255.543, 104
Trd, 4319255.793, 103
Trd, 4319255.993, 73
Trd, 4319256.243, 89
Trd, 4319257.243, 113
Trd, 4319257.493, 100
Trd, 4319258.293, 72
Trd, 4319258.643, 84
Trd, 4319259.393, 97
Trd, 4319259.643, 96
Trd, 4319260.393, 72
Trd, 4319262.593, 121
Trd, 4319262.643, 120
Trd, 4319263.793, 93
Trd, 4319263.893, 91
Trd, 4319266.443, 122
Trd, 4319266.593, 117
Trd, 4319266.793, 113
Trd, 4319266.943, 102
Trd, 4319268.443, 126
Trd, 4319269.593, 123
Trd, 4319270.343, 128
Trd, 4319270.793, 127
Trd, 4319270.893, 126
Trd, 4319271.443, 123
Trd, 4319272.143, 125
Trd, 4319272.493, 127
Trd, 4319272.793, 112
Trd, 4319273.543, 84
Trd, 4319274.643, 130
Trd, 4319274.793, 101
Trd, 4319276.943, 69
Trd, 4319276.993, 66
Trd, 4319277.543, 65
Trd, 4319277.993, 127
Trd, 4319278.993, 125
Trd, 4319279.193, 100
Trd, 4319280.843, 85
Trd, 4319281.293, 89
Trd, 4319284.693, 126
Trd, 4319284.893, 126
Trd, 4319284.993, 109
Trd, 4319285.643, 138
Trd, 4319285.893, 113
Trd, 4319286.543, 98
Trd, 4319286.943, 87
Trd, 4319287.243, 139
Trd, 4319287.493, 74
Trd, 4319289.143, 136
Trd, 4319289.243, 118
Trd, 4319290.243, 106
Trd, 4319290.493, 123
Trd, 4319290.893, 108
Trd, 4319291.843, 108
Trd, 4319292.343, 109
Trd, 4319292.743, 105
Trd, 4319294.793, 127
Trd, 4319295.043, 128
Trd, 4319295.193, 126
Trd, 4319296.243, 123
Trd, 4319296.293, 122
Trd, 4319297.393, 128
Trd, 4319297.643, 138
Trd, 4319299.543, 125
Trd, 4319299.693, 133
Trd, 4319300.043, 121
Trd, 4319302.043, 128
Trd, 4319303.343, 139
Trd, 4319303.493, 138
Trd, 4319303.593, 136
Trd, 4319305.293, 140
Trd, 4319306.293, 127
Trd, 4319306.643, 129
Trd, 4319306.743, 124
Trd, 4319307.143, 94
Trd, 4319308.693, 98
Trd, 4319309.143, 76
Trd, 4319310.843, 79
Trd, 4319312.043, 117
Trd, 4319312.143, 111
Trd, 4319312.643, 110
Trd, 4319313.293, 121
Trd, 4319314.193, 67
Trd, 4319315.043, 73
Trd, 4319315.943, 76
Trd, 4319316.993, 83
Trd, 4319317.143, 97
Trd, 4319317.243, 106
Trd, 4319317.643, 64
Trd, 4319318.143, 108
Trd, 4319319.393, 105
Trd, 4319320.243, 104
Trd, 4319320.643, 100
Trd, 4319322.193, 106
Trd, 4319322.293, 113
Trd, 4319322.693, 72
Trd, 4319323.143, 87
Trd, 4319325.493, 118
Trd, 4319325.993, 105
Trd, 4319326.593, 106
Trd, 4319326.943, 129
Trd, 4319326.993, 97
Trd, 4319330.093, 140
Trd, 4319330.343, 128
Trd, 4319330.543, 127
Trd, 4319330.843, 126
Trd, 4319331.043, 113
Trd, 4319332.543, 108
Trd, 4319332.893, 140
Trd, 4319335.143, 89
Trd, 4319335.393, 139
Trd, 4319336.493, 82
Trd, 4319337.443, 96
Trd, 4319337.493, 75
Trd, 4319338.093, 121
Trd, 4319338.543, 73
Trd, 4319339.143, 95
Trd, 4319340.743, 117
Trd, 4319341.443, 114
Trd, 4319341.693, 114
Trd, 4319342.193, 111
Trd, 4319343.843, 135
Trd, 4319344.093, 134
Trd, 4319344.293, 134
Trd, 4319345.643, 123
Trd, 4319345.743, 124
Trd, 4319346.343, 105
Trd, 4319346.843, 126
Trd, 4319347.043, 113
Trd, 4319347.743, 75
Trd, 4319348.493, 89
Trd, 4319348.893, 131
Trd, 4319350.443, 90
Trd, 4319351.393, 78
Trd, 4319351.543, 113
Trd, 4319353.093, 119
Trd, 4319353.843, 89
Trd, 4319354.093, 88
Trd, 4319354.543, 85
Trd, 4319355.893, 128
Trd, 4319356.043, 112
Trd, 4319357.393, 139
Trd, 4319358.043, 139
Trd, 4319358.093, 132
Trd, 4319358.943, 112
Trd, 4319359.393, 117
Trd, 4319360.443, 116
Trd, 4319361.443, 113
Trd, 4319361.543, 112
Trd, 4319361.643, 110
Trd, 4319362.593, 132
Trd, 4319362.993, 128
Trd, 4319363.943, 137
Trd, 4319364.493, 137
Trd, 4319364.643, 114
Trd, 4319365.893, 117
Trd, 4319365.993, 116
Trd, 4319367.093, 106
Trd, 4319367.593, 106
Trd, 4319369.443, 125
Trd, 4319369.743, 135
Trd, 4319370.993, 119
Trd, 4319371.543, 140
Trd, 4319371.643, 106
Trd, 4319371.943, 91
Trd, 4319372.743, 102
Trd, 4319374.093, 136
Trd, 4319374.443, 135
Trd, 4319376.043, 138
Trd, 4319377.793, 130
Trd, 4319377.843, 128
Trd, 4319378.043, 89
Trd, 4319378.543, 125
Trd, 4319378.943, 97
Trd, 4319380.243, 136
Trd, 4319380.443, 101
Trd, 4319382.143, 89
Trd, 4319382.693, 121
Trd, 4319382.843, 89
Trd, 4319383.043, 86
Trd, 4319384.393, 79
Trd, 4319384.943, 96
Trd, 4319385.593, 96
Trd, 4319385.843, 74
Trd, 4319388.993, 124
Trd, 4319389.143, 114
Trd, 4319390.693, 102
Trd, 4319390.943, 100
Trd, 4319392.343, 104
Trd, 4319392.593, 106
Trd, 4319393.093, 99
Trd, 4319393.493, 116
Trd, 4319394.293, 119
Trd, 4319395.893, 97
Trd, 4319396.093, 104
Trd, 4319396.743, 97
Trd, 4319398.093, 96
Trd, 4319398.243, 90
Trd, 4319398.493, 96
Trd, 4319398.543, 75
Trd, 4319398.593, 73
Trd, 4319399.343, 138
Trd, 4319400.393, 62
Trd, 4319401.543, 66
Trd, 4319401.843, 114
Trd, 4319402.693, 82
Trd, 4319402.993, 88
Trd, 4319403.443, 138
Trd, 4319404.443, 129
Trd, 4319404.543, 108
Trd, 4319405.443, 81
Trd, 4319406.693, 110
Trd, 4319406.843, 95
Trd, 4319407.243, 75
Trd, 4319410.043, 98
Trd, 4319410.893, 110
Trd, 4319412.593, 109
Trd, 4319412.893, 106
Trd, 4319413.393, 99
Trd, 4319413.943, 102
Trd, 4319415.043, 69
Trd, 4319416.093, 74
Trd, 4319416.443, 86
Trd, 4319416.693, 102
Trd, 4319417.393, 79
Trd, 4319418.393, 70
Trd, 4319419.143, 114
Trd, 4319419.893, 106
Trd, 4319420.893, 138
Trd, 4319420.943, 137
Trd, 4319421.093, 135
Trd, 4319421.593, 98
Trd, 4319423.043, 101
Trd, 4319423.193, 100
Trd, 4319424.693, 99
Trd, 4319425.743, 126
Trd, 4319425.793, 125
Trd, 4319426.543, 138
Trd, 4319427.493, 138
Trd, 4319429.693, 133
Trd, 4319430.043, 130
Trd, 4319430.443, 114
Trd, 4319430.643, 126
Trd, 4319431.843, 114
Trd, 4319432.043, 90
Trd, 4319432.443, 65
Trd, 4319432.743, 82
Trd, 4319433.893, 94
Trd, 4319435.943, 78
Trd, 4319436.293, 110
Trd, 4319436.543, 76
Trd, 4319436.593, 128
Trd, 4319437.593, 74
Trd, 4319437.893, 136
Trd, 4319438.743, 138
Trd, 4319439.443, 137
Trd, 4319439.943, 124
Trd, 4319441.393, 140
Trd, 4319441.743, 117
Trd, 4319442.993, 127
Trd, 4319443.443, 128
Trd, 4319444.243, 96
Trd, 4319445.493, 98
Trd, 4319445.943, 108
Trd, 4319446.843, 136
Trd, 4319448.043, 121
Trd, 4319449.293, 118
Trd, 4319449.843, 93
Trd, 4319450.293, 99
Trd, 4319450.893, 97
Trd, 4319451.293, 103
Trd, 4319451.493, 72
Trd, 4319451.743, 72
Trd, 4319453.843, 123
Trd, 4319453.893, 121
Trd, 4319454.143, 121
Trd, 4319455.393, 137
Trd, 4319455.493, 123
Trd, 4319457.143, 114
Trd, 4319458.393, 109
Trd, 4319458.593, 108
Trd, 4319458.993, 127
Trd, 4319459.743, 99
Trd, 4319459.943, 115
Trd, 4319460.093, 74
Trd, 4319460.743, 121
Trd, 4319461.843, 93
Trd, 4319464.143, 140
Trd, 4319464.193, 140
Trd, 4319464.293, 138
Trd, 4319466.893, 104
Trd, 4319467.543, 98
Trd, 4319468.093, 112
Trd, 4319468.793, 84
Trd, 4319470.543, 134
Trd, 4319470.593, 131
Trd, 4319471.193, 107
Trd, 4319473.193, 92
Trd, 4319474.243, 84
Trd, 4319474.943, 102
Trd, 4319475.443, 123
Trd, 4319475.493, 133
Trd, 4319476.543, 76
Trd, 4319477.243, 105
Trd, 4319478.193, 72
Trd, 4319478.793, 102
Trd, 4319479.293, 81
Trd, 4319479.893, 79
Trd, 4319483.293, 61
Trd, 4319483.893, 82
Trd, 4319484.643, 93
Trd, 4319485.443, 76
Trd, 4319485.593, 78
Trd, 4319486.393, 79
Trd, 4319486.643, 105
Trd, 4319486.743, 118
Trd, 4319487.543, 71
Trd, 4319488.043, 71
Trd, 4319488.493, 60
Trd, 4319490.893, 82
Trd, 4319491.343, 81
Trd, 4319491.743, 80
Trd, 4319492.993, 80
Trd, 4319493.343, 102
Trd, 4319493.543, 82
Trd, 4319494.893, 100
Trd, 4319496.043, 130
Trd, 4319496.243, 131
Trd, 4319497.643, 132
Trd, 4319497.993, 124
Trd, 4319498.443, 120
Trd, 4319499.293, 139
Trd, 4319499.393, 86
Trd, 4319501.893, 82
Trd, 4319502.243, 72
Trd, 4319502.643, 92
Trd, 4319502.793, 69
Trd, 4319503.993, 78
Trd, 4319505.143, 74
Trd, 4319506.443, 86
Trd, 4319508.043, 68
Trd, 4319509.793, 111
Trd, 4319510.143, 97
Trd, 4319510.743, 96
Trd, 4319512.243, 85
Trd, 4319512.343, 102
Trd, 4319513.243, 81
Trd, 4319513.343, 82
Trd, 4319513.443, 113
Trd, 4319514.943, 126
Trd, 4319514.993, 125
Trd, 4319515.293, 118
Trd, 4319515.793, 115
Trd, 4319516.793, 113
Trd, 4319517.093, 77
Trd, 4319517.493, 106
Trd, 4319518.693, 106
Trd, 4319518.893, 105
Trd, 4319520.493, 126
Trd, 4319520.693, 125
Trd, 4319521.343, 75
Trd, 4319524.243, 121
Trd, 4319524.493, 128
Trd, 4319525.193, 131
Trd, 4319525.343, 117
Trd, 4319525.643, 117
Trd, 4319526.293, 124
Trd, 4319526.893, 114
Trd, 4319527.443, 134
Trd, 4319527.693, 114
Trd, 4319528.693, 102
Trd, 4319529.943, 90
Trd, 4319531.393, 90
Trd, 4319531.543, 95
Trd, 4319531.843, 94
Trd, 4319532.493, 102
Trd, 4319534.243, 133
Trd, 4319534.493, 132
Trd, 4319535.043, 135
Trd, 4319535.193, 133
Trd, 4319535.243, 109
Trd, 4319535.693, 115
Trd, 4319537.593, 108
Trd, 4319538.343, 82
Trd, 4319539.143, 140
Trd, 4319539.793, 105
Trd, 4319540.093, 103
Trd, 4319540.243, 91
Trd, 4319541.043, 123
Trd, 4319541.543, 93
Trd, 4319542.143, 83
Trd, 4319543.543, 124
Trd, 4319543.793, 114
Trd, 4319544.343, 110
Trd, 4319545.193, 139
Trd, 4319545.843, 83
Trd, 4319546.493, 103
Trd, 4319547.093, 110
Trd, 4319547.843, 87
Trd, 4319548.593, 82
Trd, 4319549.043, 81
Trd, 4319549.743, 80
Trd, 4319550.893, 99
Trd, 4319551.943, 62
Trd, 4319553.493, 102
Trd, 4319553.543, 113
Trd, 4319553.843, 101
Trd, 4319553.993, 97
Trd, 4319555.393, 73
Trd, 4319556.843, 135
Trd, 4319558.293, 135
Trd, 4319558.893, 125
Trd, 4319559.193, 136
Trd, 4319559.293, 106
Trd, 4319559.593, 87
Trd, 4319561.093, 135
Trd, 4319561.943, 132
Trd, 4319562.893, 130
Trd, 4319563.443, 127
Trd, 4319563.543, 93
Trd, 4319563.943, 73
Trd, 4319564.993, 131
Trd, 4319565.293, 131
Trd, 4319566.493, 91
Trd, 4319567.243, 113
Trd, 4319568.943, 127
Trd, 4319569.043, 101
Trd, 4319570.093, 106
Trd, 4319572.393, 137
Trd, 4319572.493, 97
Trd, 4319573.093, 96
Trd, 4319574.393, 121
Trd, 4319574.593, 118
Trd, 4319574.693, 99
Trd, 4319575.043, 131
Trd, 4319575.193, 124
Trd, 4319575.843, 90
Trd, 4319577.593, 125
Trd, 4319578.643, 95
Trd, 4319578.743, 94
Trd, 4319579.093, 91
Trd, 4319579.543, 133
Trd, 4319579.693, 117
Trd, 4319580.843, 130
Trd, 4319581.393, 129
Trd, 4319581.493, 104
Trd, 4319581.793, 99
Trd, 4319582.593, 72
Trd, 4319583.393, 73
Trd, 4319584.093, 104
Trd, 4319584.643, 62
Trd, 4319586.843, 68
Trd, 4319586.893, 101
Trd, 4319587.643, 71
Trd, 4319588.543, 118
Trd, 4319588.843, 109
Trd, 4319589.443, 110
Trd, 4319589.493, 109
Trd, 4319590.043, 129
Trd, 4319590.543, 100
Trd, 4319590.993, 125
Trd, 4319591.643, 79
Trd, 4319594.443, 84
Trd, 4319594.693, 74
Trd, 4319594.793, 71
Trd, 4319595.543, 87
Trd, 4319596.093, 88
Trd, 4319596.293, 107
Trd, 4319597.343, 73
Trd, 4319598.943, 128
Trd, 4319599.393, 82
Trd, 4319599.643, 109
Trd, 4319600.393, 71
Trd, 4319600.443, 84
Trd, 4319600.793, 87
Trd, 4319601.943, 74
Trd, 4319604.143, 61
Trd, 4319605.943, 84
Trd, 4319606.993, 89
Trd, 4319607.393, 116
Trd, 4319608.043, 116
Trd, 4319609.593, 118
Trd, 4319610.643, 119
Trd, 4319610.743, 117
Trd, 4319611.243, 113
Trd, 4319611.343, 120
Trd, 4319611.393, 95
Trd, 4319612.193, 119
Trd, 4319612.843, 75
Trd, 4319613.293, 128
Trd, 4319613.943, 129
Trd, 4319614.843, 103
Trd, 4319614.943, 100
Trd, 4319615.593, 70
Trd, 4319616.043, 130
Trd, 4319616.593, 87
Trd, 4319616.693, 138
Trd, 4319618.343, 138
Trd, 4319618.593, 137
Trd, 4319620.393, 73
Trd, 4319621.043, 131
Trd, 4319621.643, 120
Trd, 4319622.143, 127
Trd, 4319622.893, 88
Trd, 4319624.993, 125
Trd, 4319625.643, 91
Trd, 4319625.793, 74
Trd, 4319626.843, 138
Trd, 4319627.643, 126
Trd, 4319627.743, 125
Trd, 4319629.843, 118
Trd, 4319630.093, 135
Trd, 4319630.343, 117
Trd, 4319630.393, 96
Trd, 4319631.593, 104
Trd, 4319635.093, 131
Trd, 4319636.193, 136
Trd, 4319636.943, 135
Trd, 4319637.343, 134
Trd, 4319637.693, 134
Trd, 4319639.093, 126
Trd, 4319639.843, 138
Trd, 4319639.893, 125
Trd, 4319639.943, 121
Trd, 4319641.243, 133
Trd, 4319641.843, 133
Trd, 4319641.993, 123
Trd, 4319643.043, 130
Trd, 4319643.693, 131
Trd, 4319643.793, 130
Trd, 4319644.243, 137
Trd, 4319645.743, 132
Trd, 4319646.243, 126
Trd, 4319647.493, 114
Trd, 4319647.693, 109
Trd, 4319647.843, 140
Trd, 4319649.193, 107
Trd, 4319649.543, 96
Trd, 4319650.543, 114
Trd, 4319651.343, 84
Trd, 4319652.643, 103
Trd, 4319653.093, 103
Trd, 4319653.893, 109
Trd, 4319653.993, 108
Trd, 4319655.043, 136
Trd, 4319655.593, 133
Trd, 4319656.193, 127
Trd, 4319656.943, 128
Trd, 4319657.493, 126
Trd, 4319658.043, 106
Trd, 4319659.743, 114
Trd, 4319661.393, 108
Trd, 4319662.093, 137
Trd, 4319663.243, 105
Trd, 4319663.593, 132
Trd, 4319663.643, 134
Trd, 4319665.093, 117
Trd, 4319665.993, 123
Trd, 4319666.443, 112
Trd, 4319667.093, 110
Trd, 4319667.893, 120
Trd, 4319668.293, 119
Trd, 4319668.343, 117
Trd, 4319670.093, 115
Trd, 4319670.143, 91
Trd, 4319670.843, 96
Trd, 4319670.993, 108
Trd, 4319671.043, 77
Trd, 4319672.543, 112
Trd, 4319673.743, 83
Trd, 4319674.093, 121
Trd, 4319675.793, 119
Trd, 4319676.393, 118
Trd, 4319677.293, 117
Trd, 4319677.343, 116
Trd, 4319679.143, 139
Trd, 4319679.393, 138
Trd, 4319680.043, 131
Trd, 4319680.593, 129
Trd, 4319680.693, 122
Trd, 4319681.293, 115
Trd, 4319682.293, 114
Trd, 4319682.393, 113
Trd, 4319684.693, 125
Trd, 4319685.143, 126
Trd, 4319686.093, 125
Trd, 4319686.393, 128
Trd, 4319687.693, 130
Trd, 4319688.093, 129
Trd, 4319688.593, 123
Trd, 4319689.293, 140
Trd, 4319692.843, 108
Trd, 4319693.293, 97
Trd, 4319693.543, 126
Trd, 4319693.893, 96
Trd, 4319693.943, 95
Trd, 4319694.643, 82
Trd, 4319695.093, 68
Trd, 4319697.043, 66
Trd, 4319698.893, 104
Trd, 4319699.343, 118
Trd, 4319699.743, 116
Trd, 4319700.143, 120
Trd, 4319701.543, 100
Trd, 4319701.943, 136
Trd, 4319702.643, 91
Trd, 4319702.693, 89
Trd, 4319703.343, 74
Trd, 4319706.043, 119
Trd, 4319706.293, 117
Trd, 4319708.143, 131
Trd, 4319708.793, 115
Trd, 4319709.093, 137
Trd, 4319710.643, 115
Trd, 4319710.993, 108
Trd, 4319711.943, 105
Trd, 4319712.693, 119
Trd, 4319713.343, 123
Trd, 4319713.643, 102
Trd, 4319713.743, 100
Trd, 4319714.543, 99
Trd, 4319715.543, 131
Trd, 4319715.593, 129
Trd, 4319716.493, 128
Trd, 4319717.143, 101
Trd, 4319718.843, 107
Trd, 4319720.443, 138
Trd, 4319721.243, 140
Trd, 4319721.793, 140
Trd, 4319722.093, 95
Trd, 4319722.443, 112
Trd, 4319723.693, 106
Trd, 4319723.943, 106
Trd, 4319724.193, 104
Trd, 4319724.643, 134
Trd, 4319727.093, 72
Trd, 4319727.343, 140
Trd, 4319727.843, 138
Trd, 4319728.043, 77
Trd, 4319729.143, 123
Trd, 4319729.243, 121
Trd, 4319730.893, 101
Trd, 4319731.693, 84
Trd, 4319731.893, 72
Trd, 4319732.043, 69
Trd, 4319732.743, 103
Trd, 4319733.993, 105
Trd, 4319734.243, 81
Trd, 4319734.543, 87
Trd, 4319735.543, 116
Trd, 4319736.093, 122
Trd, 4319737.543, 103
Trd, 4319738.943, 125
Trd, 4319739.543, 127
Trd, 4319739.943, 125
Trd, 4319740.093, 123
Trd, 4319740.493, 92
Trd, 4319742.593, 110
Trd, 4319742.843, 114
Trd, 4319744.193, 94
Trd, 4319744.543, 89
Trd, 4319744.693, 86
Trd, 4319745.393, 79
Trd, 4319746.693, 77
Trd, 4319747.093, 80
Trd, 4319747.643, 109
Trd, 4319747.793, 93
Trd, 4319749.393, 132
Trd, 4319749.443, 131
Trd, 4319751.143, 125
Trd, 4319751.843, 125
Trd, 4319752.993, 92
Trd, 4319753.593, 106
Trd, 4319754.293, 130
Trd, 4319754.443, 116
Trd, 4319755.793, 129
Trd, 4319756.293, 124
Trd, 4319756.793, 100
Trd, 4319757.743, 138
Trd, 4319757.843, 128
Trd, 4319758.743, 136
Trd, 4319760.593, 116
Trd, 4319760.793, 115
Trd, 4319760.843, 113
Trd, 4319761.093, 98
Trd, 4319763.043, 123
Trd, 4319763.743, 80
Trd, 4319764.943, 76
Trd, 4319765.343, 114
Trd, 4319765.693, 114
Trd, 4319767.343, 136
Trd, 4319768.293, 97
Trd, 4319770.393, 105
Trd, 4319770.693, 103
Trd, 4319771.143, 94
Trd, 4319772.643, 127
Trd, 4319772.943, 126
Trd, 4319773.643, 91
Trd, 4319774.293, 84
Trd, 4319774.543, 74
Trd, 4319775.043, 136
Trd, 4319775.993, 123
Trd, 4319777.143, 96
Trd, 4319777.243, 78
Trd, 4319778.293, 65
Trd, 4319778.343, 77
Trd, 4319778.643, 69
Trd, 4319778.993, 63
Trd, 4319781.693, 121
Trd, 4319781.943, 72
Trd, 4319782.493, 61
Trd, 4319782.843, 93
Trd, 4319784.993, 66
Trd, 4319785.293, 119
Trd, 4319785.493, 118
Trd, 4319785.993, 71
Trd, 4319787.143, 72
Trd, 4319787.793, 116
Trd, 4319788.793, 136
Trd, 4319789.693, 129
Trd, 4319791.693, 138
Trd, 4319792.043, 134
Trd, 4319792.293, 122
Trd, 4319792.793, 121
Trd, 4319793.593, 105
Trd, 4319794.293, 94
Trd, 4319796.493, 126
Trd, 4319798.193, 127
Trd, 4319798.643, 135
Trd, 4319798.893, 128
Trd, 4319800.043, 118
Trd, 4319800.393, 140
Trd, 4319802.343, 117
Trd, 4319803.743, 114
Trd, 4319804.593, 111
Trd, 4319805.193, 129
Trd, 4319806.393, 106
Trd, 4319806.443, 89
Trd, 4319806.943, 120
Trd, 4319808.593, 125
Trd, 4319809.793, 99
Trd, 4319810.143, 81
Trd, 4319810.243, 113
Trd, 4319810.443, 87
Trd, 4319810.943, 67
Trd, 4319811.543, 124
Trd, 4319813.293, 99
Trd, 4319814.243, 96
Trd, 4319815.393, 100
Trd, 4319815.793, 102
Trd, 4319815.893, 100
Trd, 4319816.943, 136
Trd, 4319817.343, 119
Trd, 4319817.643, 122
Trd, 4319817.843, 101
Trd, 4319818.543, 114
Trd, 4319819.643, 81
Trd, 4319820.293, 75
Trd, 4319820.443, 126
Trd, 4319821.043, 82
Trd, 4319823.193, 136
Trd, 4319823.843, 135
Trd, 4319824.493, 127
Trd, 4319825.093, 110
Trd, 4319825.293, 109
Trd, 4319825.393, 107
Trd, 4319825.593, 106
Trd, 4319826.143, 118
Trd, 4319826.893, 113
Trd, 4319828.043, 138
Trd, 4319828.143, 137
Trd, 4319828.943, 104
Trd, 4319830.593, 109
Trd, 4319830.793, 110
Trd, 4319830.843, 109
Trd, 4319832.943, 123
Trd, 4319833.543, 137
Trd, 4319834.193, 138
Trd, 4319834.743, 137
Trd, 4319834.993, 113
Trd, 4319836.543, 127
Trd, 4319836.593, 126
Trd, 4319836.993, 125
Trd, 4319838.093, 69
Trd, 4319838.943, 126
Trd, 4319839.243, 109
Trd, 4319839.893, 134
Trd, 4319840.893, 130
Trd, 4319842.993, 114
Trd, 4319843.743, 98
Trd, 4319844.093, 100
Trd, 4319844.443, 96
Trd, 4319844.643, 102
Trd, 4319845.793, 106
Trd, 4319845.993, 135
Trd, 4319846.193, 106
Trd, 4319847.843, 62
Trd, 4319848.843, 88
Trd, 4319849.343, 110
Trd, 4319849.543, 91
Trd, 4319850.193, 87
Trd, 4319850.943, 88
Trd, 4319852.393, 101
Trd, 4319852.443, 84
Trd, 4319853.543, 83
Trd, 4319855.093, 85
Trd, 4319856.393, 119
Trd, 4319856.693, 127
Trd, 4319857.793, 107
Trd, 4319857.993, 105
Trd, 4319858.393, 83
Trd, 4319858.593, 82
Trd, 4319859.043, 132
Trd, 4319859.493, 121
Trd, 4319861.343, 123
Trd, 4319862.293, 121
Trd, 4319863.843, 122
Trd, 4319864.543, 135
Trd, 4319865.743, 129
Trd, 4319866.843, 114
Trd, 4319867.193, 105
Trd, 4319867.443, 117
Trd, 4319867.993, 101
Trd, 4319868.543, 130
Trd, 4319869.043, 109
Trd, 4319869.193, 101
Trd, 4319869.693, 104
Trd, 4319871.043, 105
Trd, 4319871.493, 121
Trd, 4319871.843, 100
Trd, 4319873.493, 130
Trd, 4319873.693, 128
Trd, 4319874.593, 109
Trd, 4319875.093, 103
Trd, 4319875.543, 78
Trd, 4319875.993, 108
Trd, 4319876.393, 93
Trd, 4319877.043, 79
Trd, 4319878.493, 133
Trd, 4319878.593, 132
Trd, 4319878.843, 107
Trd, 4319880.343, 92
Trd, 4319880.743, 86
Trd, 4319881.143, 93
Trd, 4319881.693, 137
Trd, 4319884.993, 140
Trd, 4319885.143, 140
Trd, 4319885.443, 132
Trd, 4319885.593, 126
Trd, 4319886.593, 60
Trd, 4319886.843, 83
Trd, 4319887.943, 81
Trd, 4319888.543, 71
Trd, 4319889.143, 71
Trd, 4319890.093, 94
Trd, 4319890.443, 66
Trd, 4319891.043, 71
Trd, 4319891.743, 100
Trd, 4319892.443, 109
Trd, 4319894.593, 124
Trd, 4319894.993, 123
Trd, 4319895.943, 109
Trd, 4319898.043, 125
Trd, 4319898.243, 121
Trd, 4319898.493, 111
Trd, 4319898.693, 111
Trd, 4319898.843, 137
Trd, 4319900.043, 103
Trd, 4319900.643, 92
Trd, 4319900.893, 76
Trd, 4319902.193, 140
Trd, 4319902.443, 110
Trd, 4319902.643, 127
Trd, 4319905.043, 88
Trd, 4319905.643, 87
Trd, 4319906.143, 85
Trd, 4319906.243, 103
Trd, 4319907.493, 87
Trd, 4319908.343, 135
Trd, 4319908.743, 116
Trd, 4319909.293, 117
Trd, 4319910.843, 126
Trd, 4319910.993, 123
Trd, 4319911.493, 131
Trd, 4319911.793, 110
Trd, 4319912.093, 107
Trd, 4319913.393, 120
Trd, 4319914.343, 105
Trd, 4319914.493, 78
Trd, 4319914.693, 98
Trd, 4319916.043, 79
Trd, 4319916.393, 78
Trd, 4319916.543, 77
Trd, 4319916.743, 79
Trd, 4319918.843, 79
Trd, 4319920.043, 83
Trd, 4319920.143, 80
Trd, 4319920.493, 95
Trd, 4319921.243, 125
Trd, 4319923.193, 124
Trd, 4319923.643, 107
Trd, 4319924.693, 123
Trd, 4319925.443, 124
Trd, 4319925.893, 124
Trd, 4319926.743, 118
Trd, 4319927.193, 115
Trd, 4319927.893, 118
Trd, 4319928.943, 131
Trd, 4319929.243, 113
Trd, 4319930.393, 64
Trd, 4319931.293, 65
Trd, 4319932.143, 122
Trd, 4319932.793, 89
Trd, 4319932.943, 101
Trd, 4319933.393, 117
Trd, 4319933.743, 126
Trd, 4319934.843, 121
Trd, 4319934.893, 115
Trd, 4319934.993, 113
Trd, 4319936.943, 125
Trd, 4319937.043, 124
Trd, 4319937.443, 123
Trd, 4319938.093, 140
Trd, 4319938.243, 126
Trd, 4319939.193, 105
Trd, 4319940.693, 66
Trd, 4319941.493, 79
Trd, 4319942.443, 71
Trd, 4319942.993, 135
Trd, 4319943.143, 134
Trd, 4319943.293, 134
Trd, 4319943.543, 131
Trd, 4319945.443, 100
Trd, 4319945.993, 113
Trd, 4319946.993, 121
Trd, 4319947.643, 108
Trd, 4319947.793, 107
Trd, 4319949.043, 87
Trd, 4319950.043, 85
Trd, 4319950.893, 115
Trd, 4319953.443, 115
Trd, 4319953.543, 101
Trd, 4319954.443, 77
Trd, 4319955.143, 132
Trd, 4319955.893, 116
Trd, 4319956.643, 108
Trd, 4319958.493, 71
Trd, 4319958.593, 69
Trd, 4319958.693, 81
Trd, 4319959.343, 106
Trd, 4319960.543, 111
Trd, 4319960.693, 110
Trd, 4319961.043, 127
Trd, 4319962.643, 68
Trd, 4319964.843, 119
Trd, 4319965.143, 116
Trd, 4319965.593, 139
Trd, 4319966.043, 139
Trd, 4319966.343, 138
Trd, 4319966.593, 105
Trd, 4319967.493, 67
Trd, 4319968.343, 63
Trd, 4319968.693, 131
Trd, 4319971.043, 83
Trd, 4319971.493, 99
Trd, 4319973.943, 134
Trd, 4319974.143, 130
Trd, 4319974.593, 130
Trd, 4319975.243, 130
Trd, 4319976.093, 120
Trd, 4319976.493, 110
Trd, 4319977.243, 98
Trd, 4319977.393, 101
Trd, 4319977.593, 104
Trd, 4319978.243, 87
Trd, 4319978.643, 129
Trd, 4319979.443, 111
Trd, 4319981.243, 110
Trd, 4319981.343, 130
Trd, 4319982.493, 125
Trd, 4319983.943, 136
Trd, 4319984.193, 113
Trd, 4319984.593, 103
Trd, 4319985.243, 99
Trd, 4319985.943, 110
Trd, 4319987.643, 112
Trd, 4319987.993, 105
Trd, 4319989.593, 116
Trd, 4319989.693, 113
Trd, 4319989.793, 104
Trd, 4319991.093, 113
Trd, 4319991.493, 113
Trd, 4319991.593, 106
Trd, 4319991.943, 102
Trd, 4319992.343, 97
Trd, 4319993.293, 82
Trd, 4319994.743, 114
Trd, 4319996.593, 131
Trd, 4319996.943, 125
Trd, 4319997.543, 132
Trd, 4319998.593, 128
Trd, 4319999.193, 124
Trd, 4319999.693, 76
