Trd, 4318160.643, 77
Trd, 4318161.043, 73
Trd, 4318161.343, 63
Trd, 4318161.993, 69
Trd, 4318162.393, 85
Trd, 4318162.643, 85
Trd, 4318162.693, 91
Trd, 4318164.093, 85
Trd, 4318164.393, 113
Trd, 4318166.243, 92
Trd, 4318167.093, 78
Trd, 4318167.693, 103
Trd, 4318168.193, 67
Trd, 4318169.193, 103
Trd, 4318169.843, 89
Trd, 4318170.743, 95
Trd, 4318171.293, 140
Trd, 4318173.843, 73
Trd, 4318173.893, 75
Trd, 4318174.593, 71
Trd, 4318175.243, 107
Trd, 4318175.593, 96
Trd, 4318176.143, 81
Trd, 4318176.743, 73
Trd, 4318177.093, 106
Trd, 4318177.943, 76
Trd, 4318178.593, 81
Trd, 4318180.293, 114
Trd, 4318181.643, 115
Trd, 4318181.893, 105
Trd, 4318181.993, 89
Trd, 4318182.593, 111
Trd, 4318183.643, 108
Trd, 4318183.693, 99
Trd, 4318184.593, 96
Trd, 4318184.893, 90
Trd, 4318185.743, 87
Trd, 4318185.943, 63
Trd, 4318186.643, 65
Trd, 4318186.743, 101
Trd, 4318187.943, 136
Trd, 4318189.143, 94
Trd, 4318189.443, 89
Trd, 4318189.843, 115
Trd, 4318190.293, 125
Trd, 4318190.793, 121
Trd, 4318192.143, 100
Trd, 4318192.193, 70
Trd, 4318193.043, 129
Trd, 4318193.943, 128
Trd, 4318194.093, 97
Trd, 4318195.043, 74
Trd, 4318195.993, 76
Trd, 4318196.343, 95
Trd, 4318196.443, 66
Trd, 4318197.343, 62
Trd, 4318199.093, 106
Trd, 4318199.143, 101
Trd, 4318200.393, 76
Trd, 4318200.693, 70
Trd, 4318201.943, 88
Trd, 4318202.493, 108
Trd, 4318203.293, 130
Trd, 4318203.443, 104
Trd, 4318203.543, 73
Trd, 4318204.243, 96
Trd, 4318205.293, 63
Trd, 4318205.893, 103
Trd, 4318206.693, 84
Trd, 4318207.393, 108
Trd, 4318208.243, 104
Trd, 4318208.543, 92
Trd, 4318208.693, 91
Trd, 4318209.393, 75
Trd, 4318210.593, 60
Trd, 4318211.043, 139
Trd, 4318211.793, 77
Trd, 4318212.343, 118
Trd, 4318212.843, 98
Trd, 4318215.093, 114
Trd, 4318215.543, 111
Trd, 4318215.643, 94
Trd, 4318216.243, 121
Trd, 4318217.393, 133
Trd, 4318218.443, 134
Trd, 4318218.893, 113
Trd, 4318218.943, 103
Trd, 4318219.843, 63
Trd, 4318220.343, 61
Trd, 4318220.693, 85
Trd, 4318221.943, 60
Trd, 4318222.443, 65
Trd, 4318223.143, 138
Trd, 4318224.293, 127
Trd, 4318224.693, 109
Trd, 4318225.293, 115
Trd, 4318225.343, 93
Trd, 4318225.743, 112
Trd, 4318226.243, 86
Trd, 4318226.793, 119
Trd, 4318227.193, 135
Trd, 4318227.843, 116
Trd, 4318228.543, 113
Trd, 4318229.643, 100
Trd, 4318230.093, 98
Trd, 4318230.443, 97
Trd, 4318231.793, 87
Trd, 4318232.193, 81
Trd, 4318232.543, 94
Trd, 4318233.793, 131
Trd, 4318235.093, 129
Trd, 4318235.993, 116
Trd, 4318236.293, 99
Trd, 4318236.693, 115
Trd, 4318237.043, 87
Trd, 4318238.643, 127
Trd, 4318239.293, 136
Trd, 4318239.343, 107
Trd, 4318239.693, 138
Trd, 4318240.493, 83
Trd, 4318240.993, 89
Trd, 4318242.143, 125
Trd, 4318242.343, 105
Trd, 4318243.393, 125
Trd, 4318244.393, 91
Trd, 4318245.343, 125
Trd, 4318245.893, 74
Trd, 4318245.943, 68
Trd, 4318247.543, 96
Trd, 4318247.643, 114
Trd, 4318247.843, 105
Trd, 4318248.343, 70
Trd, 4318249.043, 135
Trd, 4318249.543, 60
Trd, 4318249.793, 124
Trd, 4318250.843, 93
Trd, 4318251.293, 63
Trd, 4318251.543, 101
Trd, 4318252.193, 89
Trd, 4318253.193, 70
Trd, 4318254.493, 92
Trd, 4318255.243, 95
Trd, 4318255.343, 97
Trd, 4318255.393, 103
Trd, 4318256.043, 107
Trd, 4318257.343, 63
Trd, 4318257.443, 73
Trd, 4318257.643, 85
Trd, 4318258.343, 73
Trd, 4318258.643, 77
Trd, 4318259.343, 66
Trd, 4318260.043, 77
Trd, 4318260.793, 60
Trd, 4318261.443, 80
Trd, 4318262.043, 73
Trd, 4318262.993, 133
Trd, 4318263.243, 90
Trd, 4318264.043, 125
Trd, 4318264.243, 120
Trd, 4318264.293, 103
Trd, 4318265.693, 99
Trd, 4318266.093, 135
Trd, 4318267.443, 135
Trd, 4318267.843, 62
Trd, 4318268.243, 119
Trd, 4318268.793, 120
Trd, 4318269.243, 88
Trd, 4318269.493, 115
Trd, 4318270.093, 60
Trd, 4318271.793, 102
Trd, 4318271.943, 69
Trd, 4318272.643, 105
Trd, 4318274.093, 113
Trd, 4318275.093, 82
Trd, 4318277.243, 128
Trd, 4318277.293, 97
Trd, 4318277.343, 78
Trd, 4318277.793, 102
Trd, 4318278.643, 117
Trd, 4318278.893, 109
Trd, 4318279.043, 122
Trd, 4318279.343, 139
Trd, 4318279.643, 122
Trd, 4318280.043, 89
Trd, 4318281.043, 117
Trd, 4318281.593, 124
Trd, 4318281.693, 89
Trd, 4318282.793, 102
Trd, 4318283.693, 85
Trd, 4318283.793, 130
Trd, 4318284.493, 62
Trd, 4318285.843, 63
Trd, 4318286.643, 99
Trd, 4318287.293, 74
Trd, 4318288.343, 71
Trd, 4318288.743, 73
Trd, 4318289.043, 114
Trd, 4318289.793, 86
Trd, 4318289.943, 87
Trd, 4318292.043, 139
Trd, 4318292.293, 132
Trd, 4318292.693, 112
Trd, 4318293.193, 138
Trd, 4318294.193, 81
Trd, 4318294.993, 65
Trd, 4318295.693, 69
Trd, 4318295.943, 70
Trd, 4318297.193, 120
Trd, 4318297.743, 103
Trd, 4318298.143, 98
Trd, 4318298.493, 103
Trd, 4318299.043, 111
Trd, 4318299.293, 68
Trd, 4318299.993, 113
Trd, 4318300.493, 87
Trd, 4318300.693, 122
Trd, 4318301.093, 93
Trd, 4318301.143, 100
Trd, 4318303.593, 129
Trd, 4318303.893, 67
Trd, 4318304.193, 100
Trd, 4318305.143, 82
Trd, 4318305.693, 88
Trd, 4318306.743, 119
Trd, 4318307.143, 102
Trd, 4318307.293, 89
Trd, 4318307.643, 136
Trd, 4318308.093, 89
Trd, 4318308.143, 66
Trd, 4318308.743, 123
Trd, 4318310.743, 64
Trd, 4318311.093, 67
Trd, 4318311.593, 98
Trd, 4318311.993, 104
Trd, 4318312.893, 85
Trd, 4318313.293, 111
Trd, 4318313.493, 104
Trd, 4318314.043, 138
Trd, 4318314.443, 92
Trd, 4318315.993, 83
Trd, 4318316.243, 99
Trd, 4318316.643, 71
Trd, 4318317.293, 67
Trd, 4318317.593, 88
Trd, 4318317.943, 74
Trd, 4318318.693, 60
Trd, 4318319.393, 63
Trd, 4318319.993, 69
Trd, 4318321.493, 106
Trd, 4318322.093, 130
Trd, 4318322.443, 97
Trd, 4318322.593, 128
Trd, 4318323.093, 85
Trd, 4318323.593, 129
Trd, 4318323.993, 86
Trd, 4318324.393, 61
Trd, 4318325.093, 93
Trd, 4318326.343, 70
Trd, 4318326.793, 95
Trd, 4318327.943, 117
Trd, 4318328.343, 138
Trd, 4318330.443, 127
Trd, 4318331.143, 133
Trd, 4318331.793, 132
Trd, 4318332.143, 112
Trd, 4318332.943, 103
Trd, 4318333.093, 102
Trd, 4318333.843, 138
Trd, 4318334.243, 119
Trd, 4318334.643, 121
Trd, 4318335.743, 119
Trd, 4318336.443, 99
Trd, 4318338.193, 129
Trd, 4318338.343, 123
Trd, 4318338.893, 134
Trd, 4318339.843, 133
Trd, 4318339.893, 123
Trd, 4318340.893, 123
Trd, 4318341.793, 121
Trd, 4318343.093, 125
Trd, 4318343.143, 109
Trd, 4318344.243, 112
Trd, 4318345.443, 106
Trd, 4318345.643, 106
Trd, 4318345.793, 96
Trd, 4318346.643, 126
Trd, 4318347.193, 82
Trd, 4318347.643, 89
Trd, 4318348.593, 82
Trd, 4318348.643, 81
Trd, 4318349.243, 67
Trd, 4318350.543, 78
Trd, 4318350.993, 79
Trd, 4318351.293, 86
Trd, 4318351.893, 117
Trd, 4318351.993, 86
Trd, 4318352.443, 89
Trd, 4318353.543, 89
Trd, 4318353.643, 93
Trd, 4318354.543, 122
Trd, 4318354.793, 97
Trd, 4318355.943, 85
Trd, 4318356.593, 113
Trd, 4318356.793, 109
Trd, 4318358.293, 121
Trd, 4318358.993, 97
Trd, 4318359.393, 125
Trd, 4318359.643, 68
Trd, 4318360.043, 62
Trd, 4318360.993, 126
Trd, 4318361.193, 80
Trd, 4318361.593, 61
Trd, 4318363.693, 136
Trd, 4318363.993, 127
Trd, 4318364.193, 107
Trd, 4318364.593, 61
Trd, 4318365.093, 116
Trd, 4318365.543, 104
Trd, 4318366.343, 81
Trd, 4318366.393, 110
Trd, 4318366.893, 90
Trd, 4318368.543, 87
Trd, 4318369.243, 77
Trd, 4318369.293, 76
Trd, 4318369.943, 136
Trd, 4318371.243, 69
Trd, 4318372.243, 77
Trd, 4318373.343, 64
Trd, 4318373.793, 61
Trd, 4318374.793, 68
Trd, 4318376.243, 63
Trd, 4318376.543, 64
Trd, 4318377.393, 92
Trd, 4318377.693, 77
Trd, 4318378.343, 102
Trd, 4318379.193, 68
Trd, 4318379.993, 72
Trd, 4318380.693, 94
Trd, 4318381.393, 94
Trd, 4318382.093, 120
Trd, 4318383.943, 109
Trd, 4318384.293, 96
Trd, 4318385.543, 63
Trd, 4318385.643, 114
Trd, 4318385.893, 130
Trd, 4318386.793, 130
Trd, 4318387.643, 113
Trd, 4318388.193, 78
Trd, 4318389.243, 117
Trd, 4318390.293, 88
Trd, 4318390.843, 76
Trd, 4318391.593, 98
Trd, 4318391.793, 81
Trd, 4318392.343, 79
Trd, 4318392.793, 97
Trd, 4318393.043, 66
Trd, 4318395.593, 75
Trd, 4318396.943, 77
Trd, 4318397.243, 89
Trd, 4318397.593, 84
Trd, 4318398.093, 66
Trd, 4318398.593, 90
Trd, 4318399.093, 72
Trd, 4318399.293, 70
Trd, 4318399.843, 121
Trd, 4318401.393, 124
Trd, 4318401.443, 110
Trd, 4318402.343, 135
Trd, 4318403.043, 92
Trd, 4318403.293, 108
Trd, 4318403.743, 84
Trd, 4318404.593, 91
Trd, 4318404.893, 71
Trd, 4318406.193, 137
Trd, 4318406.243, 118
Trd, 4318406.793, 127
Trd, 4318407.393, 102
Trd, 4318408.343, 102
Trd, 4318408.393, 131
Trd, 4318408.743, 128
Trd, 4318409.543, 81
Trd, 4318410.143, 93
Trd, 4318411.493, 109
Trd, 4318412.043, 112
Trd, 4318412.443, 121
Trd, 4318413.193, 114
Trd, 4318413.693, 78
Trd, 4318414.543, 99
Trd, 4318414.993, 129
Trd, 4318415.393, 81
Trd, 4318419.193, 119
Trd, 4318419.693, 113
Trd, 4318419.943, 98
Trd, 4318420.243, 91
Trd, 4318420.543, 84
Trd, 4318422.043, 120
Trd, 4318422.693, 110
Trd, 4318422.793, 124
Trd, 4318424.243, 84
Trd, 4318424.593, 105
Trd, 4318425.043, 79
Trd, 4318426.443, 68
Trd, 4318426.993, 121
Trd, 4318427.293, 77
Trd, 4318427.743, 110
Trd, 4318428.943, 92
Trd, 4318429.143, 76
Trd, 4318429.943, 70
Trd, 4318430.043, 68
Trd, 4318431.243, 102
Trd, 4318431.893, 78
Trd, 4318433.093, 91
Trd, 4318433.943, 74
Trd, 4318434.693, 92
Trd, 4318434.893, 111
Trd, 4318435.343, 98
Trd, 4318435.393, 106
Trd, 4318436.043, 88
Trd, 4318436.443, 121
Trd, 4318436.943, 82
Trd, 4318438.093, 93
Trd, 4318439.093, 85
Trd, 4318439.343, 74
Trd, 4318440.093, 63
Trd, 4318440.393, 75
Trd, 4318440.843, 73
Trd, 4318440.893, 123
Trd, 4318441.743, 66
Trd, 4318442.543, 80
Trd, 4318442.943, 83
Trd, 4318443.293, 92
Trd, 4318444.293, 62
Trd, 4318445.243, 122
Trd, 4318445.543, 117
Trd, 4318446.293, 80
Trd, 4318447.143, 64
Trd, 4318448.393, 138
Trd, 4318448.493, 126
Trd, 4318448.593, 107
Trd, 4318448.893, 90
Trd, 4318449.293, 84
Trd, 4318450.293, 103
Trd, 4318451.043, 101
Trd, 4318451.743, 139
Trd, 4318452.243, 83
Trd, 4318453.343, 113
Trd, 4318453.543, 98
Trd, 4318453.893, 138
Trd, 4318454.693, 99
Trd, 4318455.293, 110
Trd, 4318455.443, 89
Trd, 4318456.643, 61
Trd, 4318457.143, 136
Trd, 4318457.293, 128
Trd, 4318457.443, 138
Trd, 4318458.293, 116
Trd, 4318459.193, 123
Trd, 4318460.043, 97
Trd, 4318460.193, 81
Trd, 4318461.843, 137
Trd, 4318462.993, 130
Trd, 4318463.443, 115
Trd, 4318464.243, 115
Trd, 4318465.093, 71
Trd, 4318465.293, 105
Trd, 4318466.043, 113
Trd, 4318466.193, 111
Trd, 4318466.793, 109
Trd, 4318467.843, 81
Trd, 4318468.243, 102
Trd, 4318470.093, 137
Trd, 4318470.543, 86
Trd, 4318470.643, 69
Trd, 4318470.793, 84
Trd, 4318472.043, 115
Trd, 4318472.293, 96
Trd, 4318472.393, 94
Trd, 4318474.043, 90
Trd, 4318474.143, 78
Trd, 4318474.543, 80
Trd, 4318474.593, 111
Trd, 4318475.843, 71
Trd, 4318476.793, 84
Trd, 4318477.893, 104
Trd, 4318479.943, 127
Trd, 4318479.993, 119
Trd, 4318480.543, 85
Trd, 4318480.743, 81
Trd, 4318482.393, 80
Trd, 4318482.743, 105
Trd, 4318483.393, 128
Trd, 4318483.543, 122
Trd, 4318484.193, 60
Trd, 4318485.193, 135
Trd, 4318485.643, 111
Trd, 4318485.893, 107
Trd, 4318487.043, 125
Trd, 4318487.443, 86
Trd, 4318489.693, 136
Trd, 4318489.743, 135
Trd, 4318490.593, 99
Trd, 4318491.343, 86
Trd, 4318492.943, 83
Trd, 4318493.293, 66
Trd, 4318493.343, 88
Trd, 4318493.693, 108
Trd, 4318495.393, 132
Trd, 4318495.743, 109
Trd, 4318496.143, 97
Trd, 4318496.643, 119
Trd, 4318497.243, 84
Trd, 4318497.643, 95
Trd, 4318497.893, 92
Trd, 4318499.043, 74
Trd, 4318499.593, 100
Trd, 4318500.043, 97
Trd, 4318502.343, 133
Trd, 4318502.443, 101
Trd, 4318503.243, 123
Trd, 4318503.793, 119
Trd, 4318503.893, 94
Trd, 4318503.993, 103
Trd, 4318505.143, 102
Trd, 4318505.643, 100
Trd, 4318506.793, 83
Trd, 4318507.093, 95
Trd, 4318507.443, 109
Trd, 4318508.543, 100
Trd, 4318508.643, 88
Trd, 4318509.443, 68
Trd, 4318510.593, 124
Trd, 4318511.293, 121
Trd, 4318512.043, 86
Trd, 4318512.793, 107
Trd, 4318513.293, 132
Trd, 4318514.243, 133
Trd, 4318514.693, 130
Trd, 4318515.693, 114
Trd, 4318516.043, 113
Trd, 4318516.093, 108
Trd, 4318516.493, 95
Trd, 4318517.143, 97
Trd, 4318517.193, 119
Trd, 4318518.793, 112
Trd, 4318518.843, 91
Trd, 4318519.193, 83
Trd, 4318521.593, 82
Trd, 4318521.893, 92
Trd, 4318521.943, 98
Trd, 4318522.893, 137
Trd, 4318523.343, 130
Trd, 4318524.943, 117
Trd, 4318525.493, 123
Trd, 4318526.543, 116
Trd, 4318526.893, 126
Trd, 4318527.243, 112
Trd, 4318527.393, 86
Trd, 4318528.493, 106
Trd, 4318528.643, 85
Trd, 4318529.243, 77
Trd, 4318530.293, 80
Trd, 4318530.743, 90
Trd, 4318531.093, 77
Trd, 4318531.243, 75
Trd, 4318532.043, 117
Trd, 4318532.343, 140
Trd, 4318532.643, 120
Trd, 4318532.943, 101
Trd, 4318534.243, 69
Trd, 4318534.343, 71
Trd, 4318536.693, 84
Trd, 4318537.143, 114
Trd, 4318537.993, 99
Trd, 4318538.443, 108
Trd, 4318538.793, 62
Trd, 4318539.543, 109
Trd, 4318539.693, 115
Trd, 4318540.693, 112
Trd, 4318541.543, 136
Trd, 4318542.443, 111
Trd, 4318544.143, 110
Trd, 4318544.693, 133
Trd, 4318545.143, 91
Trd, 4318545.493, 127
Trd, 4318546.043, 67
Trd, 4318546.443, 70
Trd, 4318546.943, 81
Trd, 4318547.443, 63
Trd, 4318547.493, 77
Trd, 4318550.043, 95
Trd, 4318550.893, 88
Trd, 4318551.343, 63
Trd, 4318551.643, 95
Trd, 4318552.143, 71
Trd, 4318552.693, 78
Trd, 4318553.443, 66
Trd, 4318553.843, 69
Trd, 4318554.543, 71
Trd, 4318555.693, 119
Trd, 4318555.943, 103
Trd, 4318556.493, 74
Trd, 4318556.693, 121
Trd, 4318558.443, 109
Trd, 4318559.543, 67
Trd, 4318560.293, 96
Trd, 4318560.793, 73
Trd, 4318561.743, 68
Trd, 4318562.793, 104
Trd, 4318563.693, 105
Trd, 4318564.243, 115
Trd, 4318565.993, 134
Trd, 4318566.693, 94
Trd, 4318567.143, 98
Trd, 4318567.393, 97
Trd, 4318567.543, 127
Trd, 4318567.843, 118
Trd, 4318568.493, 118
Trd, 4318568.993, 123
Trd, 4318569.443, 117
Trd, 4318570.193, 61
Trd, 4318571.543, 61
Trd, 4318572.443, 83
Trd, 4318572.743, 131
Trd, 4318573.093, 134
Trd, 4318574.193, 91
Trd, 4318574.693, 75
Trd, 4318575.143, 91
Trd, 4318575.743, 114
Trd, 4318576.393, 61
Trd, 4318576.543, 75
Trd, 4318576.743, 72
Trd, 4318578.093, 83
Trd, 4318579.543, 105
Trd, 4318581.143, 131
Trd, 4318581.693, 111
Trd, 4318582.293, 116
Trd, 4318582.793, 128
Trd, 4318583.993, 125
Trd, 4318584.393, 94
Trd, 4318585.343, 106
Trd, 4318585.793, 86
Trd, 4318585.843, 117
Trd, 4318586.493, 91
Trd, 4318587.993, 97
Trd, 4318588.443, 122
Trd, 4318588.993, 113
Trd, 4318590.743, 115
Trd, 4318591.843, 94
Trd, 4318592.293, 112
Trd, 4318593.543, 96
Trd, 4318594.093, 118
Trd, 4318594.593, 111
Trd, 4318595.393, 120
Trd, 4318596.143, 100
Trd, 4318596.443, 114
Trd, 4318597.343, 98
Trd, 4318597.643, 99
Trd, 4318597.743, 77
Trd, 4318598.293, 90
Trd, 4318598.993, 130
Trd, 4318600.093, 139
Trd, 4318600.393, 92
Trd, 4318601.143, 114
Trd, 4318601.193, 100
Trd, 4318601.543, 91
Trd, 4318601.793, 123
Trd, 4318603.893, 135
Trd, 4318604.093, 131
Trd, 4318605.643, 74
Trd, 4318605.743, 67
Trd, 4318606.693, 102
Trd, 4318606.743, 69
Trd, 4318607.443, 119
Trd, 4318608.643, 106
Trd, 4318608.743, 84
Trd, 4318609.493, 102
Trd, 4318610.393, 76
Trd, 4318611.193, 123
Trd, 4318611.993, 94
Trd, 4318612.643, 75
Trd, 4318612.943, 78
Trd, 4318613.093, 100
Trd, 4318613.593, 123
Trd, 4318614.243, 106
Trd, 4318614.343, 66
Trd, 4318614.843, 78
Trd, 4318615.593, 71
Trd, 4318617.343, 99
Trd, 4318617.643, 89
Trd, 4318619.343, 77
Trd, 4318619.393, 80
Trd, 4318619.593, 72
Trd, 4318619.843, 93
Trd, 4318620.943, 81
Trd, 4318622.393, 98
Trd, 4318623.293, 68
Trd, 4318623.693, 79
Trd, 4318624.043, 109
Trd, 4318625.043, 64
Trd, 4318625.643, 134
Trd, 4318626.643, 94
Trd, 4318626.693, 88
Trd, 4318627.293, 76
Trd, 4318627.743, 63
Trd, 4318629.543, 87
Trd, 4318630.043, 67
Trd, 4318630.493, 93
Trd, 4318631.493, 113
Trd, 4318632.593, 121
Trd, 4318632.693, 105
Trd, 4318633.393, 89
Trd, 4318633.493, 82
Trd, 4318634.293, 65
Trd, 4318635.393, 87
Trd, 4318636.343, 85
Trd, 4318637.243, 130
Trd, 4318637.893, 103
Trd, 4318638.743, 61
Trd, 4318639.343, 98
Trd, 4318640.293, 132
Trd, 4318640.493, 108
Trd, 4318640.793, 116
Trd, 4318641.543, 88
Trd, 4318642.843, 64
Trd, 4318643.493, 80
Trd, 4318644.393, 71
Trd, 4318645.643, 83
Trd, 4318646.093, 108
Trd, 4318646.793, 104
Trd, 4318647.143, 116
Trd, 4318647.193, 108
Trd, 4318647.993, 78
Trd, 4318648.293, 73
Trd, 4318649.343, 87
Trd, 4318649.693, 89
Trd, 4318650.343, 90
Trd, 4318651.043, 60
Trd, 4318651.893, 139
Trd, 4318652.943, 67
Trd, 4318653.343, 70
Trd, 4318654.593, 68
Trd, 4318654.693, 80
Trd, 4318654.943, 76
Trd, 4318655.843, 133
Trd, 4318656.093, 88
Trd, 4318656.993, 84
Trd, 4318657.293, 85
Trd, 4318658.043, 68
Trd, 4318659.393, 69
Trd, 4318660.043, 95
Trd, 4318660.493, 94
Trd, 4318660.593, 123
Trd, 4318660.943, 90
Trd, 4318661.743, 115
Trd, 4318661.893, 114
Trd, 4318662.493, 123
Trd, 4318662.943, 121
Trd, 4318663.243, 97
Trd, 4318663.343, 110
Trd, 4318665.043, 109
Trd, 4318665.743, 97
Trd, 4318666.643, 94
Trd, 4318667.643, 60
Trd, 4318667.843, 64
Trd, 4318668.443, 65
Trd, 4318668.943, 73
Trd, 4318669.143, 86
Trd, 4318669.243, 71
Trd, 4318670.493, 129
Trd, 4318671.993, 63
Trd, 4318672.093, 71
Trd, 4318672.393, 74
Trd, 4318672.943, 61
Trd, 4318673.943, 60
Trd, 4318674.143, 79
Trd, 4318675.343, 67
Trd, 4318675.843, 123
Trd, 4318677.693, 132
Trd, 4318678.843, 89
Trd, 4318678.893, 65
Trd, 4318679.743, 93
Trd, 4318679.943, 91
Trd, 4318680.193, 127
Trd, 4318680.543, 106
Trd, 4318680.593, 94
Trd, 4318681.743, 61
Trd, 4318682.093, 92
Trd, 4318682.593, 90
Trd, 4318684.143, 95
Trd, 4318684.343, 125
Trd, 4318684.593, 86
Trd, 4318685.643, 113
Trd, 4318686.943, 130
Trd, 4318687.793, 117
Trd, 4318688.393, 128
Trd, 4318688.543, 128
Trd, 4318689.343, 134
Trd, 4318689.643, 109
Trd, 4318689.943, 112
Trd, 4318690.293, 137
Trd, 4318690.543, 135
Trd, 4318691.543, 92
Trd, 4318692.093, 105
Trd, 4318692.493, 106
Trd, 4318692.943, 79
Trd, 4318693.043, 83
Trd, 4318693.893, 123
Trd, 4318695.043, 118
Trd, 4318695.643, 104
Trd, 4318695.793, 83
Trd, 4318696.243, 99
Trd, 4318697.093, 104
Trd, 4318697.493, 129
Trd, 4318698.643, 79
Trd, 4318699.843, 70
Trd, 4318700.593, 81
Trd, 4318701.093, 139
Trd, 4318701.193, 97
Trd, 4318701.593, 95
Trd, 4318702.143, 90
Trd, 4318703.043, 94
Trd, 4318703.243, 88
Trd, 4318705.193, 100
Trd, 4318706.093, 89
Trd, 4318706.293, 69
Trd, 4318706.743, 63
Trd, 4318706.793, 67
Trd, 4318708.743, 120
Trd, 4318709.493, 110
Trd, 4318709.893, 128
Trd, 4318710.493, 106
Trd, 4318710.893, 72
Trd, 4318712.643, 138
Trd, 4318712.743, 108
Trd, 4318715.193, 125
Trd, 4318715.493, 89
Trd, 4318715.743, 83
Trd, 4318715.943, 89
Trd, 4318716.043, 81
Trd, 4318716.343, 94
Trd, 4318716.793, 137
Trd, 4318717.343, 76
Trd, 4318717.593, 121
Trd, 4318718.093, 124
Trd, 4318718.793, 98
Trd, 4318719.843, 137
Trd, 4318720.193, 85
Trd, 4318720.893, 87
Trd, 4318721.493, 74
Trd, 4318722.293, 86
Trd, 4318722.993, 98
Trd, 4318723.993, 97
Trd, 4318725.293, 72
Trd, 4318725.543, 101
Trd, 4318726.443, 76
Trd, 4318726.743, 111
Trd, 4318727.593, 71
Trd, 4318728.743, 66
Trd, 4318729.193, 67
Trd, 4318729.343, 92
Trd, 4318729.843, 120
Trd, 4318730.343, 91
Trd, 4318730.593, 87
Trd, 4318730.893, 83
Trd, 4318731.793, 115
Trd, 4318731.893, 109
Trd, 4318734.543, 139
Trd, 4318735.543, 137
Trd, 4318736.243, 97
Trd, 4318736.393, 87
Trd, 4318738.843, 121
Trd, 4318739.143, 103
Trd, 4318739.843, 110
Trd, 4318740.043, 111
Trd, 4318740.843, 103
Trd, 4318740.893, 86
Trd, 4318741.543, 121
Trd, 4318742.293, 107
Trd, 4318742.793, 96
Trd, 4318743.293, 121
Trd, 4318743.793, 89
Trd, 4318744.443, 91
Trd, 4318745.443, 101
Trd, 4318745.793, 86
Trd, 4318746.143, 92
Trd, 4318746.693, 64
Trd, 4318747.643, 78
Trd, 4318748.993, 106
Trd, 4318749.343, 88
Trd, 4318749.493, 84
Trd, 4318749.693, 102
Trd, 4318750.943, 73
Trd, 4318751.243, 96
Trd, 4318751.443, 88
Trd, 4318751.693, 137
Trd, 4318752.293, 72
Trd, 4318753.143, 90
Trd, 4318754.643, 117
Trd, 4318755.493, 105
Trd, 4318755.843, 124
Trd, 4318756.093, 96
Trd, 4318756.243, 93
Trd, 4318757.343, 124
Trd, 4318757.893, 92
Trd, 4318759.493, 105
Trd, 4318759.643, 124
Trd, 4318759.893, 135
Trd, 4318760.093, 87
Trd, 4318760.743, 92
Trd, 4318760.893, 80
Trd, 4318761.993, 128
Trd, 4318762.843, 119
Trd, 4318763.493, 97
Trd, 4318765.243, 101
Trd, 4318765.343, 113
Trd, 4318765.543, 93
Trd, 4318765.943, 103
Trd, 4318766.543, 96
Trd, 4318766.743, 108
Trd, 4318767.893, 95
Trd, 4318768.143, 68
Trd, 4318768.843, 102
Trd, 4318769.543, 106
Trd, 4318769.593, 84
Trd, 4318771.093, 75
Trd, 4318771.743, 80
Trd, 4318772.393, 107
Trd, 4318774.243, 91
Trd, 4318774.543, 85
Trd, 4318774.843, 77
Trd, 4318775.193, 69
Trd, 4318775.843, 93
Trd, 4318777.843, 76
Trd, 4318778.293, 120
Trd, 4318778.443, 116
Trd, 4318778.943, 83
Trd, 4318779.243, 111
Trd, 4318780.643, 119
Trd, 4318781.593, 111
Trd, 4318781.693, 101
Trd, 4318782.593, 117
Trd, 4318784.193, 105
Trd, 4318784.243, 99
Trd, 4318784.693, 125
Trd, 4318784.893, 126
Trd, 4318785.293, 94
Trd, 4318785.693, 112
Trd, 4318786.293, 85
Trd, 4318786.493, 104
Trd, 4318786.793, 92
Trd, 4318788.143, 96
Trd, 4318788.493, 72
Trd, 4318788.743, 81
Trd, 4318789.243, 114
Trd, 4318789.643, 139
Trd, 4318791.093, 63
Trd, 4318791.743, 62
Trd, 4318792.743, 111
Trd, 4318792.843, 74
Trd, 4318794.843, 63
Trd, 4318795.093, 63
Trd, 4318795.343, 68
Trd, 4318795.593, 127
Trd, 4318797.143, 78
Trd, 4318797.593, 103
Trd, 4318798.393, 137
Trd, 4318798.693, 109
Trd, 4318798.993, 81
Trd, 4318799.593, 104
Trd, 4318800.143, 94
Trd, 4318800.593, 81
Trd, 4318801.943, 110
Trd, 4318802.393, 112
Trd, 4318803.193, 96
Trd, 4318803.443, 108
Trd, 4318803.593, 78
Trd, 4318803.743, 105
Trd, 4318805.393, 128
Trd, 4318805.443, 111
Trd, 4318806.193, 62
Trd, 4318807.843, 104
Trd, 4318808.343, 136
Trd, 4318808.493, 97
Trd, 4318808.643, 94
Trd, 4318808.993, 102
Trd, 4318809.393, 67
Trd, 4318810.493, 98
Trd, 4318812.393, 112
Trd, 4318812.543, 111
Trd, 4318814.543, 113
Trd, 4318814.843, 61
Trd, 4318815.393, 91
Trd, 4318815.893, 125
Trd, 4318816.143, 60
Trd, 4318816.843, 130
Trd, 4318817.243, 102
Trd, 4318817.693, 83
Trd, 4318818.293, 109
Trd, 4318819.393, 119
Trd, 4318819.943, 104
Trd, 4318821.393, 111
Trd, 4318821.593, 128
Trd, 4318822.593, 134
Trd, 4318822.743, 109
Trd, 4318822.943, 99
Trd, 4318823.643, 98
Trd, 4318824.293, 98
Trd, 4318824.543, 99
Trd, 4318825.043, 109
Trd, 4318826.443, 131
Trd, 4318826.693, 99
Trd, 4318827.493, 108
Trd, 4318827.993, 95
Trd, 4318828.043, 91
Trd, 4318829.443, 66
Trd, 4318829.493, 72
Trd, 4318829.843, 77
Trd, 4318830.243, 101
Trd, 4318830.843, 76
Trd, 4318832.793, 93
Trd, 4318833.693, 124
Trd, 4318834.943, 117
Trd, 4318835.293, 88
Trd, 4318835.343, 80
Trd, 4318835.593, 96
Trd, 4318836.193, 90
Trd, 4318836.343, 101
Trd, 4318836.843, 82
Trd, 4318837.243, 70
Trd, 4318838.943, 84
Trd, 4318839.043, 68
Trd, 4318839.393, 109
Trd, 4318839.593, 80
Trd, 4318840.293, 88
Trd, 4318841.743, 119
Trd, 4318843.293, 102
Trd, 4318843.443, 97
Trd, 4318844.693, 136
Trd, 4318844.843, 135
Trd, 4318846.293, 118
Trd, 4318846.493, 94
Trd, 4318847.843, 85
Trd, 4318848.493, 108
Trd, 4318849.593, 87
Trd, 4318850.043, 78
Trd, 4318850.093, 101
Trd, 4318850.193, 73
Trd, 4318851.893, 139
Trd, 4318852.143, 135
Trd, 4318852.493, 69
Trd, 4318853.193, 68
Trd, 4318853.943, 100
Trd, 4318854.893, 126
Trd, 4318855.093, 121
Trd, 4318856.793, 99
Trd, 4318856.843, 84
Trd, 4318858.543, 96
Trd, 4318860.543, 134
Trd, 4318861.393, 133
Trd, 4318862.043, 129
Trd, 4318862.243, 110
Trd, 4318863.493, 130
Trd, 4318863.893, 110
Trd, 4318864.443, 95
Trd, 4318864.893, 85
Trd, 4318865.393, 61
Trd, 4318867.443, 74
Trd, 4318867.493, 77
Trd, 4318867.843, 91
Trd, 4318868.393, 73
Trd, 4318868.943, 81
Trd, 4318869.643, 96
Trd, 4318870.193, 71
Trd, 4318870.293, 106
Trd, 4318872.643, 90
Trd, 4318873.393, 100
Trd, 4318873.493, 92
Trd, 4318874.243, 75
Trd, 4318874.493, 80
Trd, 4318875.343, 64
Trd, 4318876.043, 117
Trd, 4318876.293, 75
Trd, 4318876.443, 70
Trd, 4318876.943, 89
Trd, 4318877.443, 81
Trd, 4318878.543, 94
Trd, 4318879.443, 98
Trd, 4318879.993, 127
Trd, 4318880.193, 123
Trd, 4318881.593, 110
Trd, 4318881.643, 93
Trd, 4318881.793, 124
Trd, 4318882.293, 125
Trd, 4318882.743, 107
Trd, 4318883.343, 101
Trd, 4318883.893, 99
Trd, 4318884.793, 91
Trd, 4318885.643, 76
Trd, 4318886.193, 93
Trd, 4318887.493, 79
Trd, 4318887.743, 68
Trd, 4318888.493, 96
Trd, 4318888.793, 120
Trd, 4318889.343, 99
Trd, 4318889.693, 123
Trd, 4318890.993, 130
Trd, 4318891.693, 119
Trd, 4318892.043, 110
Trd, 4318893.143, 97
Trd, 4318893.393, 89
Trd, 4318894.043, 120
Trd, 4318894.093, 99
Trd, 4318895.093, 111
Trd, 4318895.943, 131
Trd, 4318896.443, 126
Trd, 4318898.543, 104
Trd, 4318898.793, 126
Trd, 4318898.993, 114
Trd, 4318899.993, 87
Trd, 4318900.993, 100
Trd, 4318901.643, 81
Trd, 4318903.343, 64
Trd, 4318903.393, 65
Trd, 4318903.793, 122
Trd, 4318905.143, 96
Trd, 4318905.643, 110
Trd, 4318906.393, 115
Trd, 4318906.843, 111
Trd, 4318906.943, 86
Trd, 4318907.743, 110
Trd, 4318907.843, 124
Trd, 4318909.143, 82
Trd, 4318909.693, 78
Trd, 4318910.243, 123
Trd, 4318910.843, 118
Trd, 4318911.543, 121
Trd, 4318911.843, 128
Trd, 4318912.643, 99
Trd, 4318913.143, 135
Trd, 4318914.443, 101
Trd, 4318914.493, 60
Trd, 4318915.843, 91
Trd, 4318916.443, 82
Trd, 4318916.593, 67
Trd, 4318916.843, 81
Trd, 4318917.143, 105
Trd, 4318917.543, 80
Trd, 4318918.843, 116
Trd, 4318919.243, 132
Trd, 4318920.843, 135
Trd, 4318922.393, 84
Trd, 4318922.843, 129
Trd, 4318923.143, 70
Trd, 4318923.593, 94
Trd, 4318924.543, 112
Trd, 4318924.693, 108
Trd, 4318926.843, 85
Trd, 4318926.943, 110
Trd, 4318927.493, 97
Trd, 4318927.793, 121
Trd, 4318928.043, 120
Trd, 4318928.243, 133
Trd, 4318928.843, 94
Trd, 4318929.393, 98
Trd, 4318929.693, 70
Trd, 4318931.193, 134
Trd, 4318932.393, 131
Trd, 4318932.693, 115
Trd, 4318933.043, 107
Trd, 4318933.443, 139
Trd, 4318933.593, 95
Trd, 4318935.343, 100
Trd, 4318935.593, 61
Trd, 4318936.693, 111
Trd, 4318937.243, 87
Trd, 4318937.393, 77
Trd, 4318938.693, 99
Trd, 4318938.793, 80
Trd, 4318938.843, 74
Trd, 4318939.043, 90
Trd, 4318940.243, 98
Trd, 4318940.343, 97
Trd, 4318941.043, 76
Trd, 4318941.943, 104
Trd, 4318942.093, 106
Trd, 4318943.243, 136
Trd, 4318943.443, 108
Trd, 4318944.193, 90
Trd, 4318946.693, 90
Trd, 4318946.893, 99
Trd, 4318947.193, 83
Trd, 4318947.793, 99
Trd, 4318948.493, 86
Trd, 4318948.793, 97
Trd, 4318949.293, 123
Trd, 4318949.393, 87
Trd, 4318949.793, 85
Trd, 4318950.943, 111
Trd, 4318951.793, 112
Trd, 4318953.443, 125
Trd, 4318953.943, 98
Trd, 4318954.093, 91
Trd, 4318954.393, 119
Trd, 4318955.193, 97
Trd, 4318955.943, 103
Trd, 4318956.993, 135
Trd, 4318957.143, 123
Trd, 4318957.693, 99
Trd, 4318958.143, 113
Trd, 4318958.393, 98
Trd, 4318959.543, 104
Trd, 4318960.593, 112
Trd, 4318961.343, 112
Trd, 4318961.543, 98
Trd, 4318962.743, 110
Trd, 4318963.493, 115
Trd, 4318964.293, 83
Trd, 4318964.443, 89
Trd, 4318965.893, 139
Trd, 4318966.793, 117
Trd, 4318967.293, 95
Trd, 4318967.493, 83
Trd, 4318968.143, 135
Trd, 4318968.443, 131
Trd, 4318970.143, 123
Trd, 4318970.393, 86
Trd, 4318970.693, 84
Trd, 4318972.493, 117
Trd, 4318973.293, 93
Trd, 4318973.443, 94
Trd, 4318973.843, 85
Trd, 4318973.943, 88
Trd, 4318975.593, 122
Trd, 4318976.943, 134
Trd, 4318977.743, 139
Trd, 4318978.143, 93
Trd, 4318978.743, 139
Trd, 4318978.793, 70
Trd, 4318979.843, 69
Trd, 4318980.193, 82
Trd, 4318981.343, 83
Trd, 4318981.943, 81
Trd, 4318982.193, 108
Trd, 4318983.343, 79
Trd, 4318983.443, 73
Trd, 4318983.893, 84
Trd, 4318984.343, 66
Trd, 4318984.593, 82
Trd, 4318986.043, 79
Trd, 4318986.593, 129
Trd, 4318986.643, 106
Trd, 4318987.343, 62
Trd, 4318988.143, 106
Trd, 4318988.193, 93
Trd, 4318988.993, 109
Trd, 4318990.593, 81
Trd, 4318991.143, 69
Trd, 4318991.343, 108
Trd, 4318991.943, 111
Trd, 4318992.293, 126
Trd, 4318993.443, 117
Trd, 4318994.593, 125
Trd, 4318994.843, 131
Trd, 4318995.093, 125
Trd, 4318995.193, 86
Trd, 4318995.743, 137
Trd, 4318997.093, 72
Trd, 4318999.093, 115
Trd, 4318999.593, 140
Trd, 4319000.293, 137
Trd, 4319000.743, 101
Trd, 4319002.443, 123
Trd, 4319003.493, 105
Trd, 4319004.143, 115
Trd, 4319004.593, 135
Trd, 4319005.543, 97
Trd, 4319005.793, 64
Trd, 4319005.943, 98
Trd, 4319007.193, 84
Trd, 4319007.593, 111
Trd, 4319007.643, 103
Trd, 4319007.743, 79
Trd, 4319008.593, 80
Trd, 4319010.293, 132
Trd, 4319010.443, 104
Trd, 4319011.193, 79
Trd, 4319011.343, 76
Trd, 4319011.793, 140
Trd, 4319013.643, 63
Trd, 4319014.293, 104
Trd, 4319015.093, 87
Trd, 4319016.743, 124
Trd, 4319017.293, 118
Trd, 4319017.893, 82
Trd, 4319017.943, 89
Trd, 4319019.793, 78
Trd, 4319020.093, 72
Trd, 4319020.543, 100
Trd, 4319020.693, 104
Trd, 4319022.143, 93
Trd, 4319022.493, 133
Trd, 4319022.593, 124
Trd, 4319023.643, 126
Trd, 4319024.243, 77
Trd, 4319026.693, 138
Trd, 4319026.843, 138
Trd, 4319027.393, 119
Trd, 4319027.643, 118
Trd, 4319028.693, 99
Trd, 4319029.093, 123
Trd, 4319029.543, 132
Trd, 4319029.743, 105
Trd, 4319030.193, 92
Trd, 4319031.593, 91
Trd, 4319032.743, 90
Trd, 4319033.643, 81
Trd, 4319033.993, 107
Trd, 4319034.993, 107
Trd, 4319035.093, 82
Trd, 4319035.793, 100
Trd, 4319036.993, 85
Trd, 4319037.893, 88
Trd, 4319038.393, 82
Trd, 4319038.493, 77
Trd, 4319038.943, 111
Trd, 4319039.543, 72
Trd, 4319039.593, 61
Trd, 4319040.643, 118
Trd, 4319041.093, 62
Trd, 4319041.693, 113
Trd, 4319042.993, 131
Trd, 4319044.043, 126
Trd, 4319044.993, 119
Trd, 4319045.193, 73
Trd, 4319045.993, 69
Trd, 4319046.643, 108
Trd, 4319046.843, 75
Trd, 4319047.543, 122
Trd, 4319047.943, 123
Trd, 4319048.743, 82
Trd, 4319049.393, 60
Trd, 4319049.793, 103
Trd, 4319050.743, 134
Trd, 4319050.793, 121
Trd, 4319052.793, 77
Trd, 4319053.293, 71
Trd, 4319053.993, 80
Trd, 4319054.093, 74
Trd, 4319054.393, 101
Trd, 4319056.043, 114
Trd, 4319056.093, 112
Trd, 4319056.393, 118
Trd, 4319057.443, 111
Trd, 4319058.043, 117
Trd, 4319058.693, 130
Trd, 4319059.393, 128
Trd, 4319060.193, 135
Trd, 4319060.893, 96
Trd, 4319061.093, 115
Trd, 4319061.543, 89
Trd, 4319062.243, 134
Trd, 4319062.743, 120
Trd, 4319063.643, 124
Trd, 4319064.193, 97
Trd, 4319065.193, 132
Trd, 4319066.293, 137
Trd, 4319066.393, 134
Trd, 4319067.143, 123
Trd, 4319067.493, 118
Trd, 4319067.543, 112
Trd, 4319068.443, 111
Trd, 4319069.193, 123
Trd, 4319070.593, 85
Trd, 4319072.193, 113
Trd, 4319072.643, 138
Trd, 4319072.743, 104
Trd, 4319072.993, 98
Trd, 4319073.193, 80
Trd, 4319073.393, 93
Trd, 4319073.993, 121
Trd, 4319075.193, 100
Trd, 4319076.743, 89
Trd, 4319077.043, 132
Trd, 4319077.943, 82
Trd, 4319078.193, 84
Trd, 4319078.543, 120
Trd, 4319079.593, 132
Trd, 4319079.843, 103
Trd, 4319080.843, 114
Trd, 4319080.893, 91
Trd, 4319081.243, 85
Trd, 4319081.593, 138
Trd, 4319082.693, 130
Trd, 4319083.543, 136
Trd, 4319083.893, 125
Trd, 4319084.243, 124
Trd, 4319085.193, 109
Trd, 4319086.443, 139
Trd, 4319087.293, 128
Trd, 4319087.593, 126
Trd, 4319088.243, 130
Trd, 4319088.543, 117
Trd, 4319089.343, 76
Trd, 4319089.693, 61
Trd, 4319089.893, 72
Trd, 4319090.593, 61
Trd, 4319091.393, 62
Trd, 4319091.693, 63
Trd, 4319091.843, 82
Trd, 4319092.343, 108
Trd, 4319093.293, 133
Trd, 4319093.693, 135
Trd, 4319094.443, 67
Trd, 4319095.993, 112
Trd, 4319096.493, 85
Trd, 4319096.743, 85
Trd, 4319097.493, 132
Trd, 4319097.843, 130
Trd, 4319098.593, 104
Trd, 4319098.643, 117
Trd, 4319099.143, 94
Trd, 4319100.343, 61
Trd, 4319100.743, 70
Trd, 4319101.643, 62
Trd, 4319103.043, 64
Trd, 4319103.343, 65
Trd, 4319103.993, 96
Trd, 4319104.993, 68
Trd, 4319105.493, 112
Trd, 4319105.993, 111
Trd, 4319106.243, 86
Trd, 4319106.843, 126
Trd, 4319108.393, 123
Trd, 4319108.643, 93
Trd, 4319108.993, 129
Trd, 4319110.993, 136
Trd, 4319111.043, 128
Trd, 4319112.293, 108
Trd, 4319112.693, 105
Trd, 4319112.793, 96
Trd, 4319113.593, 87
Trd, 4319114.143, 131
Trd, 4319114.843, 93
Trd, 4319116.293, 78
Trd, 4319116.443, 71
Trd, 4319117.643, 97
Trd, 4319117.693, 108
Trd, 4319119.543, 121
Trd, 4319119.643, 120
Trd, 4319120.343, 101
Trd, 4319120.493, 97
Trd, 4319121.293, 119
Trd, 4319121.693, 111
Trd, 4319121.793, 91
Trd, 4319122.543, 118
Trd, 4319123.743, 70
Trd, 4319124.243, 62
Trd, 4319124.493, 84
Trd, 4319124.943, 73
Trd, 4319125.543, 73
Trd, 4319125.693, 75
Trd, 4319126.993, 135
Trd, 4319128.343, 72
Trd, 4319129.193, 132
Trd, 4319129.343, 89
Trd, 4319129.493, 88
Trd, 4319130.093, 84
Trd, 4319130.843, 74
Trd, 4319132.143, 84
Trd, 4319132.443, 65
Trd, 4319133.043, 139
Trd, 4319133.343, 72
Trd, 4319133.693, 63
Trd, 4319133.993, 70
Trd, 4319134.893, 107
Trd, 4319136.043, 139
Trd, 4319136.743, 125
Trd, 4319137.093, 104
Trd, 4319137.643, 132
Trd, 4319138.493, 81
Trd, 4319139.093, 133
Trd, 4319139.543, 122
Trd, 4319139.893, 111
Trd, 4319141.693, 102
Trd, 4319142.193, 97
Trd, 4319142.793, 69
Trd, 4319143.443, 108
Trd, 4319143.593, 92
Trd, 4319144.093, 92
Trd, 4319144.693, 68
Trd, 4319145.343, 63
Trd, 4319145.393, 68
Trd, 4319145.843, 80
Trd, 4319148.393, 100
Trd, 4319148.993, 134
Trd, 4319150.193, 132
Trd, 4319150.493, 107
Trd, 4319150.793, 86
Trd, 4319151.043, 99
Trd, 4319151.243, 117
Trd, 4319151.543, 119
Trd, 4319152.893, 130
Trd, 4319153.093, 124
Trd, 4319153.793, 115
Trd, 4319153.843, 95
Trd, 4319154.243, 85
Trd, 4319156.593, 62
Trd, 4319156.793, 84
Trd, 4319156.893, 98
Trd, 4319157.243, 101
Trd, 4319158.543, 106
Trd, 4319159.293, 125
Trd, 4319159.443, 129
Trd, 4319161.643, 86
Trd, 4319162.893, 105
Trd, 4319163.093, 80
Trd, 4319163.593, 131
Trd, 4319163.943, 97
Trd, 4319164.293, 85
Trd, 4319165.243, 80
Trd, 4319165.643, 76
Trd, 4319165.943, 110
Trd, 4319166.743, 62
Trd, 4319167.293, 92
Trd, 4319168.143, 95
Trd, 4319168.743, 132
Trd, 4319169.643, 82
Trd, 4319169.843, 136
Trd, 4319170.693, 125
Trd, 4319172.543, 64
Trd, 4319173.043, 80
Trd, 4319173.743, 100
Trd, 4319174.343, 90
Trd, 4319174.593, 102
Trd, 4319175.393, 61
Trd, 4319176.193, 125
Trd, 4319176.443, 126
Trd, 4319177.593, 120
Trd, 4319177.793, 103
Trd, 4319178.093, 85
Trd, 4319178.543, 74
Trd, 4319178.943, 64
Trd, 4319179.643, 88
Trd, 4319179.993, 118
Trd, 4319181.593, 74
Trd, 4319181.843, 80
Trd, 4319182.343, 72
Trd, 4319183.293, 76
Trd, 4319183.493, 78
Trd, 4319184.843, 89
Trd, 4319185.343, 127
Trd, 4319186.393, 105
Trd, 4319186.793, 109
Trd, 4319187.793, 99
Trd, 4319187.993, 100
Trd, 4319188.143, 97
Trd, 4319188.893, 119
Trd, 4319188.943, 115
Trd, 4319189.593, 60
Trd, 4319191.593, 119
Trd, 4319191.793, 120
Trd, 4319192.393, 119
Trd, 4319192.593, 112
Trd, 4319193.393, 65
Trd, 4319194.843, 90
Trd, 4319194.893, 89
Trd, 4319195.293, 123
Trd, 4319196.593, 136
Trd, 4319197.043, 106
Trd, 4319197.293, 80
Trd, 4319198.243, 133
Trd, 4319198.693, 139
Trd, 4319200.543, 130
Trd, 4319200.943, 117
Trd, 4319201.243, 103
Trd, 4319201.593, 123
Trd, 4319202.043, 109
Trd, 4319202.093, 101
Trd, 4319202.743, 134
Trd, 4319203.043, 94
Trd, 4319204.693, 139
Trd, 4319204.893, 108
Trd, 4319205.443, 104
Trd, 4319207.343, 124
Trd, 4319208.993, 131
Trd, 4319209.243, 112
Trd, 4319210.193, 106
Trd, 4319210.743, 122
Trd, 4319211.143, 86
Trd, 4319211.243, 81
Trd, 4319211.843, 80
Trd, 4319211.943, 95
Trd, 4319212.743, 135
Trd, 4319213.743, 121
Trd, 4319214.693, 127
Trd, 4319215.543, 98
Trd, 4319216.193, 114
Trd, 4319216.643, 93
Trd, 4319216.693, 73
Trd, 4319217.243, 115
Trd, 4319217.843, 110
Trd, 4319218.243, 84
Trd, 4319218.743, 71
Trd, 4319219.093, 131
Trd, 4319219.443, 108
Trd, 4319220.743, 105
Trd, 4319221.493, 78
Trd, 4319221.793, 103
Trd, 4319223.543, 62
Trd, 4319224.143, 68
Trd, 4319224.293, 98
Trd, 4319226.293, 114
Trd, 4319226.843, 127
Trd, 4319226.943, 119
Trd, 4319226.993, 105
Trd, 4319227.843, 135
Trd, 4319227.943, 134
Trd, 4319229.843, 86
Trd, 4319229.993, 70
Trd, 4319230.943, 87
Trd, 4319231.993, 81
Trd, 4319232.993, 125
Trd, 4319233.593, 128
Trd, 4319233.693, 132
Trd, 4319235.793, 115
Trd, 4319235.993, 95
Trd, 4319236.393, 93
Trd, 4319236.543, 91
Trd, 4319236.843, 104
Trd, 4319237.893, 73
Trd, 4319239.093, 71
Trd, 4319240.393, 84
Trd, 4319240.593, 87
Trd, 4319241.393, 113
Trd, 4319241.643, 86
Trd, 4319242.243, 126
Trd, 4319243.143, 96
Trd, 4319243.993, 91
Trd, 4319244.743, 115
Trd, 4319245.193, 120
Trd, 4319245.893, 127
Trd, 4319246.543, 113
Trd, 4319247.243, 117
Trd, 4319247.693, 100
Trd, 4319248.043, 127
Trd, 4319248.243, 100
Trd, 4319249.293, 88
Trd, 4319250.143, 78
Trd, 4319250.593, 114
Trd, 4319250.843, 81
Trd, 4319251.743, 64
Trd, 4319251.793, 79
Trd, 4319252.543, 114
Trd, 4319253.043, 136
Trd, 4319253.593, 63
Trd, 4319254.543, 93
Trd, 4319255.343, 127
Trd, 4319255.543, 107
Trd, 4319257.343, 107
Trd, 4319257.843, 105
Trd, 4319258.243, 83
Trd, 4319258.643, 123
Trd, 4319259.343, 76
Trd, 4319259.593, 130
Trd, 4319259.743, 139
Trd, 4319259.843, 127
Trd, 4319261.043, 101
Trd, 4319261.293, 99
Trd, 4319261.593, 118
Trd, 4319263.293, 97
Trd, 4319264.443, 70
Trd, 4319265.193, 72
Trd, 4319265.293, 65
Trd, 4319265.743, 77
Trd, 4319265.843, 98
Trd, 4319266.543, 90
Trd, 4319266.993, 103
Trd, 4319267.193, 75
Trd, 4319268.143, 80
Trd, 4319268.643, 71
Trd, 4319269.393, 70
Trd, 4319269.843, 93
Trd, 4319270.743, 62
Trd, 4319270.843, 110
Trd, 4319271.693, 77
Trd, 4319273.193, 118
Trd, 4319274.393, 115
Trd, 4319275.043, 84
Trd, 4319275.193, 65
Trd, 4319275.743, 101
Trd, 4319276.093, 98
Trd, 4319276.193, 98
Trd, 4319277.443, 115
Trd, 4319277.493, 114
Trd, 4319278.643, 93
Trd, 4319278.793, 109
Trd, 4319278.993, 127
Trd, 4319279.943, 86
Trd, 4319280.193, 79
Trd, 4319280.693, 78
Trd, 4319282.593, 100
Trd, 4319282.993, 92
Trd, 4319283.343, 107
Trd, 4319284.043, 100
Trd, 4319284.993, 112
Trd, 4319285.543, 126
Trd, 4319286.593, 136
Trd, 4319286.793, 124
Trd, 4319287.243, 127
Trd, 4319287.493, 114
Trd, 4319287.843, 101
Trd, 4319288.293, 99
Trd, 4319288.543, 128
Trd, 4319288.943, 86
Trd, 4319289.643, 86
Trd, 4319290.293, 91
Trd, 4319291.043, 106
Trd, 4319291.843, 127
Trd, 4319292.243, 95
Trd, 4319292.993, 80
Trd, 4319293.743, 136
Trd, 4319295.393, 119
Trd, 4319295.593, 99
Trd, 4319296.643, 103
Trd, 4319297.143, 107
Trd, 4319297.643, 106
Trd, 4319298.143, 101
Trd, 4319298.993, 109
Trd, 4319299.243, 69
Trd, 4319299.593, 113
Trd, 4319299.993, 65
Trd, 4319300.243, 91
Trd, 4319301.893, 91
Trd, 4319302.293, 128
Trd, 4319302.893, 84
Trd, 4319303.943, 114
Trd, 4319305.043, 135
Trd, 4319306.143, 120
Trd, 4319307.243, 118
Trd, 4319307.693, 104
Trd, 4319307.893, 93
Trd, 4319307.993, 87
Trd, 4319309.493, 131
Trd, 4319309.693, 111
Trd, 4319311.143, 70
Trd, 4319311.343, 82
Trd, 4319312.693, 117
Trd, 4319313.743, 136
Trd, 4319314.143, 109
Trd, 4319315.393, 128
Trd, 4319315.943, 114
Trd, 4319315.993, 93
Trd, 4319317.843, 138
Trd, 4319317.993, 107
Trd, 4319318.743, 115
Trd, 4319319.243, 70
Trd, 4319319.643, 68
Trd, 4319320.993, 97
Trd, 4319322.793, 75
Trd, 4319322.943, 102
Trd, 4319324.143, 108
Trd, 4319324.743, 89
Trd, 4319324.843, 106
Trd, 4319326.793, 89
Trd, 4319326.993, 98
Trd, 4319327.193, 115
Trd, 4319327.443, 102
Trd, 4319328.293, 106
Trd, 4319328.743, 78
Trd, 4319330.243, 130
Trd, 4319330.793, 109
Trd, 4319331.343, 112
Trd, 4319331.993, 119
Trd, 4319332.193, 119
Trd, 4319332.993, 104
Trd, 4319333.093, 103
Trd, 4319333.743, 114
Trd, 4319333.893, 61
Trd, 4319334.443, 109
Trd, 4319334.743, 104
Trd, 4319334.993, 98
Trd, 4319336.043, 66
Trd, 4319336.793, 104
Trd, 4319337.143, 89
Trd, 4319337.543, 79
Trd, 4319337.843, 84
Trd, 4319338.193, 114
Trd, 4319338.943, 112
Trd, 4319340.743, 80
Trd, 4319341.243, 69
Trd, 4319341.893, 71
Trd, 4319342.743, 83
Trd, 4319343.393, 137
Trd, 4319344.543, 102
Trd, 4319345.193, 69
Trd, 4319345.343, 74
Trd, 4319346.143, 83
Trd, 4319346.793, 87
Trd, 4319347.843, 84
Trd, 4319348.343, 78
Trd, 4319348.443, 107
Trd, 4319348.543, 109
Trd, 4319349.393, 67
Trd, 4319350.243, 69
Trd, 4319350.493, 73
Trd, 4319351.393, 78
Trd, 4319354.243, 124
Trd, 4319354.443, 133
Trd, 4319354.643, 87
Trd, 4319355.293, 113
Trd, 4319357.193, 115
Trd, 4319357.593, 98
Trd, 4319358.443, 116
Trd, 4319358.793, 104
Trd, 4319358.893, 94
Trd, 4319359.143, 109
Trd, 4319359.843, 87
Trd, 4319361.093, 88
Trd, 4319361.293, 78
Trd, 4319361.593, 100
Trd, 4319362.693, 125
Trd, 4319363.493, 69
Trd, 4319363.993, 80
Trd, 4319364.493, 65
Trd, 4319364.643, 69
Trd, 4319366.643, 108
Trd, 4319366.943, 76
Trd, 4319367.893, 75
Trd, 4319368.343, 79
Trd, 4319369.293, 112
Trd, 4319369.843, 130
Trd, 4319370.143, 115
Trd, 4319370.693, 122
Trd, 4319371.843, 61
Trd, 4319371.893, 78
Trd, 4319372.593, 96
Trd, 4319373.143, 72
Trd, 4319373.793, 109
Trd, 4319374.443, 112
Trd, 4319374.893, 98
Trd, 4319375.243, 87
Trd, 4319375.593, 80
Trd, 4319376.493, 93
Trd, 4319377.743, 139
Trd, 4319377.993, 94
Trd, 4319378.243, 105
Trd, 4319379.543, 131
Trd, 4319379.743, 138
Trd, 4319380.993, 138
Trd, 4319381.393, 81
Trd, 4319382.193, 61
Trd, 4319383.293, 83
Trd, 4319383.543, 127
Trd, 4319384.593, 99
Trd, 4319386.343, 109
Trd, 4319386.593, 99
Trd, 4319387.043, 128
Trd, 4319387.243, 98
Trd, 4319387.543, 129
Trd, 4319389.693, 89
Trd, 4319390.093, 115
Trd, 4319391.243, 115
Trd, 4319392.043, 115
Trd, 4319392.443, 76
Trd, 4319393.193, 67
Trd, 4319393.343, 116
Trd, 4319393.593, 133
Trd, 4319394.743, 78
Trd, 4319395.493, 127
Trd, 4319396.343, 96
Trd, 4319396.393, 79
Trd, 4319397.143, 136
Trd, 4319397.993, 131
Trd, 4319398.043, 125
Trd, 4319398.343, 101
Trd, 4319399.593, 126
Trd, 4319399.943, 112
Trd, 4319400.843, 131
Trd, 4319402.293, 95
Trd, 4319402.693, 73
Trd, 4319402.793, 116
Trd, 4319402.993, 70
Trd, 4319404.293, 73
Trd, 4319404.493, 65
Trd, 4319404.793, 119
Trd, 4319405.593, 80
Trd, 4319406.043, 64
Trd, 4319407.893, 75
Trd, 4319408.343, 93
Trd, 4319409.293, 88
Trd, 4319409.643, 87
Trd, 4319410.143, 93
Trd, 4319410.243, 85
Trd, 4319410.743, 110
Trd, 4319411.243, 94
Trd, 4319411.693, 140
Trd, 4319413.793, 65
Trd, 4319414.293, 106
Trd, 4319414.443, 98
Trd, 4319414.693, 97
Trd, 4319415.193, 80
Trd, 4319417.093, 86
Trd, 4319417.443, 81
Trd, 4319417.943, 115
Trd, 4319418.693, 112
Trd, 4319419.543, 109
Trd, 4319420.593, 96
Trd, 4319421.093, 102
Trd, 4319421.793, 113
Trd, 4319423.093, 128
Trd, 4319423.343, 119
Trd, 4319424.893, 98
Trd, 4319426.043, 64
Trd, 4319426.293, 60
Trd, 4319428.243, 114
Trd, 4319429.143, 105
Trd, 4319429.243, 108
Trd, 4319429.943, 110
Trd, 4319430.393, 103
Trd, 4319431.043, 81
Trd, 4319431.993, 74
Trd, 4319433.393, 109
Trd, 4319434.393, 107
Trd, 4319434.993, 91
Trd, 4319435.343, 87
Trd, 4319436.743, 131
Trd, 4319436.843, 105
Trd, 4319437.593, 92
Trd, 4319438.143, 102
Trd, 4319438.743, 125
Trd, 4319439.743, 75
Trd, 4319440.343, 98
Trd, 4319440.493, 76
Trd, 4319441.593, 65
Trd, 4319441.893, 74
Trd, 4319442.543, 82
Trd, 4319443.393, 127
Trd, 4319444.143, 76
Trd, 4319444.543, 72
Trd, 4319446.643, 60
Trd, 4319447.093, 69
Trd, 4319448.193, 93
Trd, 4319448.743, 120
Trd, 4319448.893, 126
Trd, 4319449.593, 88
Trd, 4319449.743, 128
Trd, 4319450.793, 137
Trd, 4319451.043, 86
Trd, 4319451.793, 88
Trd, 4319452.843, 100
Trd, 4319453.243, 100
Trd, 4319453.843, 112
Trd, 4319454.193, 96
Trd, 4319455.343, 72
Trd, 4319455.593, 83
Trd, 4319455.743, 96
Trd, 4319456.593, 118
Trd, 4319457.343, 92
Trd, 4319458.193, 107
Trd, 4319458.493, 78
Trd, 4319459.493, 92
Trd, 4319459.843, 103
Trd, 4319460.793, 76
Trd, 4319461.143, 105
Trd, 4319461.393, 68
Trd, 4319461.993, 99
Trd, 4319462.443, 60
Trd, 4319462.943, 129
Trd, 4319463.243, 140
Trd, 4319463.293, 119
Trd, 4319465.043, 100
Trd, 4319465.993, 102
Trd, 4319466.743, 64
Trd, 4319468.243, 62
Trd, 4319468.443, 94
Trd, 4319469.043, 90
Trd, 4319471.093, 63
Trd, 4319471.793, 93
Trd, 4319471.993, 80
Trd, 4319472.943, 77
Trd, 4319473.493, 92
Trd, 4319474.043, 72
Trd, 4319475.793, 82
Trd, 4319476.443, 77
Trd, 4319477.843, 100
Trd, 4319477.893, 98
Trd, 4319478.493, 101
Trd, 4319479.343, 115
Trd, 4319479.543, 95
Trd, 4319479.893, 73
Trd, 4319480.993, 83
Trd, 4319482.243, 73
Trd, 4319482.993, 140
Trd, 4319483.543, 108
Trd, 4319483.593, 98
Trd, 4319484.693, 139
Trd, 4319485.943, 133
Trd, 4319486.243, 118
Trd, 4319486.393, 137
Trd, 4319487.243, 95
Trd, 4319487.643, 95
Trd, 4319487.793, 106
Trd, 4319488.193, 74
Trd, 4319489.043, 118
Trd, 4319489.743, 83
Trd, 4319491.543, 66
Trd, 4319492.743, 107
Trd, 4319492.943, 136
Trd, 4319493.193, 81
Trd, 4319493.893, 129
Trd, 4319494.143, 111
Trd, 4319494.693, 112
Trd, 4319495.593, 135
Trd, 4319496.343, 102
Trd, 4319496.893, 93
Trd, 4319497.293, 117
Trd, 4319498.393, 95
Trd, 4319499.093, 73
Trd, 4319500.293, 97
Trd, 4319501.793, 114
Trd, 4319501.993, 69
Trd, 4319502.543, 71
Trd, 4319503.543, 61
Trd, 4319503.643, 81
Trd, 4319504.443, 95
Trd, 4319504.543, 89
Trd, 4319504.943, 77
Trd, 4319505.093, 116
Trd, 4319506.543, 135
Trd, 4319507.293, 83
Trd, 4319507.693, 79
Trd, 4319507.843, 70
Trd, 4319508.043, 121
Trd, 4319509.093, 66
Trd, 4319509.943, 78
Trd, 4319510.143, 83
Trd, 4319510.743, 87
Trd, 4319511.343, 106
Trd, 4319511.893, 66
Trd, 4319513.293, 83
Trd, 4319513.393, 105
Trd, 4319514.693, 119
Trd, 4319515.343, 125
Trd, 4319516.393, 108
Trd, 4319516.693, 97
Trd, 4319516.843, 88
Trd, 4319517.093, 98
Trd, 4319517.993, 76
Trd, 4319519.093, 89
Trd, 4319520.543, 112
Trd, 4319521.793, 114
Trd, 4319521.943, 111
Trd, 4319522.293, 100
Trd, 4319522.493, 72
Trd, 4319524.043, 108
Trd, 4319524.893, 81
Trd, 4319525.293, 112
Trd, 4319525.793, 95
Trd, 4319526.143, 113
Trd, 4319526.543, 91
Trd, 4319527.143, 90
Trd, 4319527.843, 82
Trd, 4319528.793, 77
Trd, 4319529.393, 125
Trd, 4319529.943, 129
Trd, 4319530.143, 116
Trd, 4319531.443, 110
Trd, 4319532.543, 96
Trd, 4319532.643, 90
Trd, 4319533.043, 103
Trd, 4319534.593, 130
Trd, 4319535.193, 131
Trd, 4319535.243, 121
Trd, 4319535.393, 102
Trd, 4319535.743, 107
Trd, 4319536.893, 93
Trd, 4319537.093, 90
Trd, 4319537.543, 60
Trd, 4319538.543, 76
Trd, 4319539.143, 68
Trd, 4319539.593, 68
Trd, 4319540.693, 89
Trd, 4319541.243, 75
Trd, 4319541.593, 131
Trd, 4319541.993, 122
Trd, 4319542.393, 113
Trd, 4319543.343, 102
Trd, 4319544.543, 94
Trd, 4319544.893, 137
Trd, 4319545.593, 134
Trd, 4319545.743, 121
Trd, 4319545.843, 101
Trd, 4319546.393, 123
Trd, 4319547.293, 75
Trd, 4319547.843, 82
Trd, 4319548.193, 77
Trd, 4319548.543, 73
Trd, 4319550.393, 137
Trd, 4319550.793, 133
Trd, 4319551.393, 103
Trd, 4319551.493, 84
Trd, 4319552.343, 116
Trd, 4319552.543, 125
Trd, 4319553.393, 89
Trd, 4319554.093, 77
Trd, 4319555.043, 70
Trd, 4319555.343, 63
Trd, 4319555.793, 72
Trd, 4319556.793, 64
Trd, 4319557.493, 61
Trd, 4319557.593, 64
Trd, 4319558.993, 83
Trd, 4319559.193, 115
Trd, 4319559.693, 80
Trd, 4319561.193, 111
Trd, 4319561.343, 103
Trd, 4319561.643, 111
Trd, 4319561.843, 127
Trd, 4319562.393, 85
Trd, 4319563.243, 140
Trd, 4319563.943, 131
Trd, 4319564.393, 111
Trd, 4319564.993, 123
Trd, 4319565.143, 116
Trd, 4319567.193, 115
Trd, 4319568.293, 127
Trd, 4319568.893, 95
Trd, 4319569.143, 81
Trd, 4319569.993, 72
Trd, 4319570.193, 61
Trd, 4319571.343, 88
Trd, 4319572.143, 81
Trd, 4319572.593, 103
Trd, 4319572.743, 115
Trd, 4319572.943, 69
Trd, 4319573.693, 67
Trd, 4319575.543, 120
Trd, 4319576.443, 120
Trd, 4319577.543, 88
Trd, 4319578.293, 129
Trd, 4319578.493, 122
Trd, 4319579.393, 108
Trd, 4319580.393, 85
Trd, 4319580.843, 120
Trd, 4319580.993, 92
Trd, 4319581.793, 85
Trd, 4319582.243, 125
Trd, 4319582.493, 120
Trd, 4319583.243, 86
Trd, 4319583.593, 101
Trd, 4319584.343, 126
Trd, 4319585.143, 140
Trd, 4319585.493, 121
Trd, 4319586.293, 108
Trd, 4319587.193, 102
Trd, 4319588.093, 111
Trd, 4319588.293, 88
Trd, 4319589.243, 118
Trd, 4319589.643, 122
Trd, 4319589.793, 87
Trd, 4319590.293, 109
Trd, 4319590.743, 119
Trd, 4319590.893, 86
Trd, 4319592.143, 67
Trd, 4319592.243, 77
Trd, 4319592.693, 72
Trd, 4319593.343, 112
Trd, 4319593.543, 75
Trd, 4319594.143, 91
Trd, 4319594.543, 90
Trd, 4319594.743, 112
Trd, 4319595.293, 132
Trd, 4319596.243, 84
Trd, 4319597.543, 117
Trd, 4319598.593, 115
Trd, 4319599.793, 128
Trd, 4319599.893, 118
Trd, 4319600.443, 140
Trd, 4319600.693, 116
Trd, 4319601.893, 136
Trd, 4319601.993, 110
Trd, 4319602.943, 110
Trd, 4319603.343, 83
Trd, 4319604.093, 98
Trd, 4319604.543, 72
Trd, 4319605.343, 133
Trd, 4319606.043, 124
Trd, 4319607.943, 139
Trd, 4319608.193, 125
Trd, 4319608.593, 137
Trd, 4319608.893, 123
Trd, 4319609.493, 137
Trd, 4319611.193, 129
Trd, 4319611.443, 124
Trd, 4319611.943, 121
Trd, 4319612.143, 115
Trd, 4319612.843, 85
Trd, 4319614.693, 136
Trd, 4319615.193, 120
Trd, 4319615.943, 113
Trd, 4319616.143, 83
Trd, 4319618.193, 123
Trd, 4319618.393, 130
Trd, 4319619.193, 128
Trd, 4319619.243, 103
Trd, 4319620.443, 128
Trd, 4319621.393, 96
Trd, 4319622.993, 112
Trd, 4319623.493, 98
Trd, 4319623.743, 92
Trd, 4319624.193, 125
Trd, 4319624.243, 110
Trd, 4319624.593, 93
Trd, 4319624.843, 86
Trd, 4319625.193, 90
Trd, 4319626.993, 103
Trd, 4319627.043, 83
Trd, 4319627.243, 105
Trd, 4319627.593, 84
Trd, 4319628.043, 98
Trd, 4319628.343, 75
Trd, 4319629.093, 65
Trd, 4319629.343, 107
Trd, 4319630.493, 81
Trd, 4319630.943, 85
Trd, 4319632.393, 129
Trd, 4319632.543, 123
Trd, 4319633.743, 101
Trd, 4319634.543, 94
Trd, 4319634.643, 80
Trd, 4319635.093, 111
Trd, 4319635.293, 109
Trd, 4319636.193, 117
Trd, 4319636.793, 67
Trd, 4319637.543, 71
Trd, 4319638.743, 116
Trd, 4319639.443, 118
Trd, 4319640.143, 139
Trd, 4319640.943, 117
Trd, 4319641.493, 114
Trd, 4319642.243, 75
Trd, 4319642.943, 74
Trd, 4319643.393, 77
Trd, 4319643.743, 90
Trd, 4319644.293, 120
Trd, 4319645.093, 120
Trd, 4319645.493, 106
Trd, 4319645.593, 76
Trd, 4319646.693, 130
Trd, 4319647.893, 63
Trd, 4319648.543, 61
Trd, 4319648.743, 64
Trd, 4319649.743, 69
Trd, 4319649.843, 82
Trd, 4319650.393, 101
Trd, 4319650.543, 91
Trd, 4319650.793, 78
Trd, 4319651.993, 80
Trd, 4319652.043, 81
Trd, 4319652.693, 83
Trd, 4319653.593, 79
Trd, 4319653.793, 101
Trd, 4319653.993, 76
Trd, 4319655.193, 80
Trd, 4319656.043, 90
Trd, 4319656.443, 73
Trd, 4319656.743, 82
Trd, 4319657.343, 91
Trd, 4319658.043, 74
Trd, 4319659.793, 72
Trd, 4319661.093, 118
Trd, 4319661.243, 126
Trd, 4319662.143, 78
Trd, 4319662.343, 126
Trd, 4319662.843, 115
Trd, 4319663.043, 80
Trd, 4319663.843, 60
Trd, 4319664.293, 62
Trd, 4319665.793, 78
Trd, 4319666.343, 94
Trd, 4319666.643, 114
Trd, 4319667.643, 110
Trd, 4319667.993, 81
Trd, 4319668.593, 72
Trd, 4319669.093, 70
Trd, 4319669.343, 89
Trd, 4319669.843, 88
Trd, 4319669.943, 60
Trd, 4319670.643, 77
Trd, 4319670.793, 106
Trd, 4319672.443, 66
Trd, 4319673.293, 129
Trd, 4319674.093, 85
Trd, 4319674.643, 81
Trd, 4319675.143, 96
Trd, 4319675.493, 68
Trd, 4319675.693, 95
Trd, 4319677.393, 73
Trd, 4319678.793, 97
Trd, 4319678.893, 91
Trd, 4319680.093, 60
Trd, 4319680.643, 116
Trd, 4319680.793, 105
Trd, 4319681.343, 137
Trd, 4319681.643, 136
Trd, 4319682.093, 137
Trd, 4319682.293, 127
Trd, 4319683.093, 108
Trd, 4319684.593, 125
Trd, 4319684.793, 121
Trd, 4319685.393, 61
Trd, 4319687.543, 69
Trd, 4319687.593, 90
Trd, 4319688.143, 96
Trd, 4319689.193, 64
Trd, 4319689.443, 84
Trd, 4319689.793, 129
Trd, 4319690.243, 127
Trd, 4319690.843, 132
Trd, 4319690.993, 134
Trd, 4319691.793, 107
Trd, 4319692.643, 110
Trd, 4319693.293, 92
Trd, 4319694.043, 79
Trd, 4319694.343, 103
Trd, 4319694.943, 134
Trd, 4319696.193, 124
Trd, 4319696.743, 105
Trd, 4319697.843, 75
Trd, 4319698.293, 137
Trd, 4319699.493, 117
Trd, 4319699.793, 67
Trd, 4319700.043, 62
Trd, 4319700.743, 90
Trd, 4319700.943, 76
Trd, 4319701.493, 113
Trd, 4319701.893, 102
Trd, 4319702.293, 123
Trd, 4319703.143, 67
Trd, 4319704.443, 129
Trd, 4319704.643, 106
Trd, 4319705.893, 90
Trd, 4319706.193, 86
Trd, 4319706.293, 92
Trd, 4319706.593, 121
Trd, 4319707.043, 128
Trd, 4319708.793, 121
Trd, 4319710.643, 100
Trd, 4319710.993, 114
Trd, 4319711.493, 66
Trd, 4319711.943, 120
Trd, 4319712.093, 101
Trd, 4319713.593, 92
Trd, 4319713.893, 94
Trd, 4319713.943, 92
Trd, 4319714.893, 73
Trd, 4319716.043, 97
Trd, 4319717.293, 119
Trd, 4319717.393, 88
Trd, 4319717.493, 70
Trd, 4319718.393, 133
Trd, 4319718.593, 88
Trd, 4319720.043, 62
Trd, 4319720.393, 84
Trd, 4319720.893, 124
Trd, 4319722.293, 103
Trd, 4319722.493, 103
Trd, 4319723.793, 82
Trd, 4319724.193, 116
Trd, 4319724.293, 131
Trd, 4319724.643, 82
Trd, 4319725.443, 96
Trd, 4319725.643, 120
Trd, 4319727.093, 85
Trd, 4319728.093, 88
Trd, 4319728.293, 115
Trd, 4319728.843, 70
Trd, 4319730.893, 110
Trd, 4319731.093, 101
Trd, 4319731.243, 134
Trd, 4319731.893, 74
Trd, 4319732.693, 138
Trd, 4319733.143, 94
Trd, 4319734.593, 111
Trd, 4319734.643, 108
Trd, 4319735.393, 74
Trd, 4319735.943, 65
Trd, 4319736.593, 119
Trd, 4319736.843, 61
Trd, 4319737.643, 100
Trd, 4319737.943, 87
Trd, 4319738.393, 112
Trd, 4319738.793, 123
Trd, 4319738.993, 89
Trd, 4319740.493, 134
Trd, 4319742.543, 136
Trd, 4319743.143, 139
Trd, 4319743.193, 110
Trd, 4319743.693, 133
Trd, 4319744.443, 134
Trd, 4319744.593, 93
Trd, 4319745.293, 128
Trd, 4319746.243, 94
Trd, 4319747.143, 93
Trd, 4319747.493, 104
Trd, 4319747.843, 83
Trd, 4319749.643, 105
Trd, 4319749.743, 77
Trd, 4319750.393, 124
Trd, 4319751.043, 113
Trd, 4319751.093, 98
Trd, 4319751.193, 92
Trd, 4319751.893, 81
Trd, 4319753.593, 61
Trd, 4319753.743, 63
Trd, 4319754.143, 72
Trd, 4319754.993, 119
Trd, 4319755.343, 79
Trd, 4319755.793, 63
Trd, 4319756.143, 112
Trd, 4319756.543, 111
Trd, 4319757.843, 96
Trd, 4319758.193, 84
Trd, 4319759.343, 116
Trd, 4319759.543, 108
Trd, 4319760.793, 132
Trd, 4319761.393, 131
Trd, 4319761.543, 129
Trd, 4319762.493, 115
Trd, 4319763.543, 118
Trd, 4319764.543, 110
Trd, 4319765.643, 106
Trd, 4319765.943, 112
Trd, 4319765.993, 98
Trd, 4319766.643, 102
Trd, 4319767.543, 120
Trd, 4319767.743, 61
Trd, 4319769.093, 64
Trd, 4319770.293, 85
Trd, 4319770.543, 119
Trd, 4319771.243, 113
Trd, 4319771.893, 95
Trd, 4319772.543, 87
Trd, 4319772.693, 90
Trd, 4319773.293, 114
Trd, 4319774.843, 99
Trd, 4319775.593, 120
Trd, 4319776.143, 118
Trd, 4319776.393, 99
Trd, 4319776.443, 92
Trd, 4319777.143, 81
Trd, 4319778.343, 95
Trd, 4319778.893, 98
Trd, 4319779.743, 99
Trd, 4319780.793, 140
Trd, 4319781.493, 102
Trd, 4319781.793, 119
Trd, 4319782.493, 75
Trd, 4319783.193, 63
Trd, 4319784.093, 62
Trd, 4319784.993, 99
Trd, 4319785.093, 101
Trd, 4319785.643, 131
Trd, 4319786.143, 135
Trd, 4319786.293, 79
Trd, 4319787.793, 72
Trd, 4319787.993, 101
Trd, 4319788.493, 108
Trd, 4319788.693, 82
Trd, 4319788.993, 118
Trd, 4319789.343, 115
Trd, 4319790.193, 90
Trd, 4319791.243, 68
Trd, 4319792.393, 66
Trd, 4319792.643, 90
Trd, 4319793.943, 65
Trd, 4319794.593, 76
Trd, 4319795.043, 86
Trd, 4319796.243, 83
Trd, 4319796.743, 134
Trd, 4319796.943, 111
Trd, 4319798.393, 104
Trd, 4319799.043, 118
Trd, 4319799.493, 109
Trd, 4319799.743, 99
Trd, 4319800.043, 84
Trd, 4319801.243, 71
Trd, 4319801.443, 87
Trd, 4319803.443, 129
Trd, 4319803.593, 105
Trd, 4319803.793, 102
Trd, 4319804.593, 95
Trd, 4319804.943, 109
Trd, 4319806.943, 116
Trd, 4319807.343, 77
Trd, 4319807.643, 76
Trd, 4319807.943, 74
Trd, 4319808.443, 109
Trd, 4319809.693, 113
Trd, 4319809.943, 87
Trd, 4319811.043, 100
Trd, 4319812.143, 77
Trd, 4319812.493, 87
Trd, 4319813.243, 64
Trd, 4319813.393, 96
Trd, 4319814.443, 106
Trd, 4319815.443, 61
Trd, 4319815.743, 84
Trd, 4319816.143, 112
Trd, 4319817.293, 123
Trd, 4319817.493, 107
Trd, 4319818.193, 113
Trd, 4319818.943, 107
Trd, 4319819.493, 97
Trd, 4319820.793, 119
Trd, 4319821.243, 64
Trd, 4319821.443, 95
Trd, 4319821.693, 105
Trd, 4319822.693, 66
Trd, 4319823.543, 139
Trd, 4319824.143, 109
Trd, 4319824.793, 86
Trd, 4319825.143, 87
Trd, 4319826.243, 125
Trd, 4319826.343, 67
Trd, 4319827.543, 91
Trd, 4319829.393, 133
Trd, 4319829.593, 131
Trd, 4319829.893, 130
Trd, 4319831.043, 115
Trd, 4319831.143, 77
Trd, 4319833.993, 98
Trd, 4319834.493, 114
Trd, 4319835.043, 122
Trd, 4319835.343, 101
Trd, 4319835.843, 91
Trd, 4319836.043, 67
Trd, 4319836.593, 117
Trd, 4319836.843, 98
Trd, 4319837.343, 140
Trd, 4319837.593, 118
Trd, 4319838.443, 78
Trd, 4319839.993, 93
Trd, 4319840.443, 76
Trd, 4319841.093, 72
Trd, 4319841.893, 105
Trd, 4319842.493, 104
Trd, 4319842.743, 79
Trd, 4319842.993, 118
Trd, 4319844.243, 92
Trd, 4319845.093, 87
Trd, 4319846.843, 113
Trd, 4319847.143, 124
Trd, 4319847.793, 83
Trd, 4319848.143, 133
Trd, 4319848.543, 129
Trd, 4319848.693, 83
Trd, 4319849.643, 140
Trd, 4319849.993, 113
Trd, 4319850.443, 100
Trd, 4319851.543, 82
Trd, 4319852.243, 67
Trd, 4319852.643, 84
Trd, 4319852.943, 83
Trd, 4319854.093, 107
Trd, 4319854.493, 85
Trd, 4319855.143, 132
Trd, 4319855.743, 137
Trd, 4319856.593, 115
Trd, 4319857.593, 89
Trd, 4319857.743, 118
Trd, 4319858.443, 89
Trd, 4319858.493, 83
Trd, 4319858.943, 113
Trd, 4319859.143, 113
Trd, 4319860.643, 119
Trd, 4319860.793, 105
Trd, 4319862.093, 70
Trd, 4319862.743, 75
Trd, 4319863.193, 63
Trd, 4319863.493, 112
Trd, 4319864.643, 135
Trd, 4319865.343, 88
Trd, 4319866.243, 120
Trd, 4319866.793, 69
Trd, 4319867.793, 105
Trd, 4319868.593, 135
Trd, 4319868.843, 111
Trd, 4319869.193, 99
Trd, 4319869.643, 88
Trd, 4319870.093, 85
Trd, 4319871.643, 76
Trd, 4319871.943, 66
Trd, 4319872.593, 64
Trd, 4319873.343, 67
Trd, 4319874.143, 95
Trd, 4319874.543, 89
Trd, 4319874.793, 116
Trd, 4319875.043, 88
Trd, 4319876.043, 120
Trd, 4319876.543, 115
Trd, 4319877.243, 91
Trd, 4319877.993, 78
Trd, 4319878.793, 76
Trd, 4319879.243, 130
Trd, 4319879.593, 82
Trd, 4319880.243, 73
Trd, 4319880.843, 68
Trd, 4319881.743, 86
Trd, 4319882.243, 139
Trd, 4319882.293, 80
Trd, 4319884.343, 133
Trd, 4319885.443, 139
Trd, 4319885.893, 93
Trd, 4319886.693, 129
Trd, 4319887.343, 125
Trd, 4319887.643, 135
Trd, 4319887.843, 111
Trd, 4319888.193, 127
Trd, 4319888.293, 77
Trd, 4319891.843, 111
Trd, 4319892.493, 121
Trd, 4319892.643, 113
Trd, 4319892.843, 108
Trd, 4319894.093, 128
Trd, 4319894.393, 133
Trd, 4319895.843, 103
Trd, 4319896.543, 110
Trd, 4319896.943, 99
Trd, 4319897.093, 101
Trd, 4319898.893, 116
Trd, 4319899.543, 120
Trd, 4319899.743, 112
Trd, 4319900.193, 107
Trd, 4319901.443, 106
Trd, 4319901.493, 122
Trd, 4319902.093, 109
Trd, 4319902.993, 100
Trd, 4319904.293, 112
Trd, 4319905.143, 132
Trd, 4319905.593, 121
Trd, 4319906.543, 83
Trd, 4319906.743, 127
Trd, 4319907.893, 140
Trd, 4319909.143, 97
Trd, 4319909.443, 119
Trd, 4319909.993, 91
Trd, 4319910.343, 101
Trd, 4319911.043, 80
Trd, 4319913.693, 109
Trd, 4319914.343, 112
Trd, 4319914.393, 93
Trd, 4319914.543, 73
Trd, 4319915.143, 125
Trd, 4319915.343, 97
Trd, 4319915.843, 96
Trd, 4319916.293, 95
Trd, 4319917.043, 103
Trd, 4319917.293, 86
Trd, 4319917.793, 102
Trd, 4319918.093, 60
Trd, 4319919.243, 119
Trd, 4319919.743, 111
Trd, 4319921.143, 90
Trd, 4319921.243, 80
Trd, 4319921.393, 110
Trd, 4319923.243, 128
Trd, 4319923.593, 125
Trd, 4319923.693, 87
Trd, 4319924.293, 140
Trd, 4319924.893, 140
Trd, 4319926.043, 70
Trd, 4319926.493, 76
Trd, 4319927.043, 90
Trd, 4319927.693, 114
Trd, 4319929.493, 129
Trd, 4319929.643, 103
Trd, 4319930.893, 110
Trd, 4319931.343, 112
Trd, 4319931.693, 116
Trd, 4319931.893, 107
Trd, 4319932.993, 134
Trd, 4319933.693, 108
Trd, 4319934.543, 116
Trd, 4319934.643, 135
Trd, 4319935.743, 76
Trd, 4319935.993, 80
Trd, 4319938.793, 118
Trd, 4319939.293, 115
Trd, 4319939.643, 128
Trd, 4319940.643, 115
Trd, 4319940.893, 114
Trd, 4319941.043, 97
Trd, 4319941.343, 103
Trd, 4319941.843, 129
Trd, 4319942.043, 120
Trd, 4319942.393, 119
Trd, 4319944.143, 130
Trd, 4319944.993, 129
Trd, 4319945.693, 128
Trd, 4319945.843, 108
Trd, 4319947.143, 105
Trd, 4319947.193, 91
Trd, 4319947.993, 83
Trd, 4319948.043, 92
Trd, 4319949.693, 117
Trd, 4319950.343, 95
Trd, 4319950.893, 95
Trd, 4319951.143, 67
Trd, 4319951.643, 139
Trd, 4319952.793, 125
Trd, 4319952.993, 122
Trd, 4319954.793, 121
Trd, 4319955.143, 117
Trd, 4319955.643, 104
Trd, 4319956.343, 137
Trd, 4319956.993, 104
Trd, 4319957.793, 76
Trd, 4319958.043, 86
Trd, 4319958.243, 101
Trd, 4319958.943, 115
Trd, 4319959.893, 109
Trd, 4319960.443, 110
Trd, 4319961.393, 84
Trd, 4319961.943, 102
Trd, 4319962.443, 101
Trd, 4319962.493, 67
Trd, 4319963.343, 120
Trd, 4319963.543, 66
Trd, 4319963.893, 88
Trd, 4319963.993, 102
Trd, 4319964.243, 116
Trd, 4319966.643, 95
Trd, 4319967.343, 76
Trd, 4319968.943, 99
Trd, 4319969.043, 91
Trd, 4319969.293, 92
Trd, 4319969.543, 103
Trd, 4319970.043, 102
Trd, 4319970.893, 108
Trd, 4319971.193, 76
Trd, 4319972.143, 110
Trd, 4319972.543, 103
Trd, 4319973.493, 100
Trd, 4319974.143, 103
Trd, 4319974.493, 96
Trd, 4319976.143, 133
Trd, 4319976.643, 96
Trd, 4319976.843, 100
Trd, 4319977.343, 139
Trd, 4319977.743, 68
Trd, 4319977.943, 61
Trd, 4319978.843, 91
Trd, 4319979.143, 92
Trd, 4319980.093, 87
Trd, 4319980.493, 83
Trd, 4319981.193, 134
Trd, 4319982.693, 116
Trd, 4319982.943, 87
Trd, 4319983.443, 130
Trd, 4319984.393, 69
Trd, 4319984.543, 88
Trd, 4319985.593, 98
Trd, 4319985.743, 78
Trd, 4319986.293, 65
Trd, 4319987.243, 82
Trd, 4319987.543, 104
Trd, 4319988.343, 115
Trd, 4319989.993, 88
Trd, 4319990.193, 80
Trd, 4319990.993, 130
Trd, 4319991.093, 102
Trd, 4319991.493, 112
Trd, 4319992.043, 132
Trd, 4319993.693, 83
Trd, 4319994.043, 110
Trd, 4319994.543, 130
Trd, 4319995.343, 128
Trd, 4319996.743, 99
Trd, 4319996.993, 101
Trd, 4319997.643, 97
Trd, 4319998.093, 79
Trd, 4319998.393, 79
Trd, 4319999.393, 137
Trd, 4319999.543, 121
