Trd, 4318137.393, 64
Trd, 4318139.443, 60
Trd, 4318139.893, 61
Trd, 4318140.093, 60
Trd, 4318140.193, 61
Trd, 4318140.643, 62
Trd, 4318143.193, 60
Trd, 4318143.593, 60
Trd, 4318144.293, 60
Trd, 4318144.543, 60
Trd, 4318145.143, 66
Trd, 4318145.693, 65
Trd, 4318146.693, 73
Trd, 4318146.943, 69
Trd, 4318147.293, 111
Trd, 4318147.643, 140
Trd, 4318148.593, 89
Trd, 4318150.493, 62
Trd, 4318150.643, 64
Trd, 4318151.443, 60
Trd, 4318153.343, 61
Trd, 4318154.293, 61
Trd, 4318155.193, 60
Trd, 4318156.343, 60
Trd, 4318157.093, 61
Trd, 4318157.643, 62
Trd, 4318158.643, 60
Trd, 4318158.793, 60
Trd, 4318159.593, 60
Trd, 4318160.793, 61
Trd, 4318162.843, 60
Trd, 4318163.043, 60
Trd, 4318163.093, 61
Trd, 4318163.843, 60
Trd, 4318165.243, 60
Trd, 4318165.543, 63
Trd, 4318167.993, 60
Trd, 4318168.143, 62
Trd, 4318168.743, 140
Trd, 4318168.993, 140
Trd, 4318169.293, 140
Trd, 4318169.593, 140
Trd, 4318170.243, 140
Trd, 4318170.993, 140
Trd, 4318171.193, 140
Trd, 4318171.293, 130
Trd, 4318172.243, 140
Trd, 4318172.593, 139
Trd, 4318173.243, 140
Trd, 4318173.343, 139
Trd, 4318174.393, 101
Trd, 4318175.693, 140
Trd, 4318175.843, 106
Trd, 4318175.893, 103
Trd, 4318178.043, 140
Trd, 4318178.143, 137
Trd, 4318178.293, 135
Trd, 4318178.493, 97
Trd, 4318178.943, 74
Trd, 4318179.343, 73
Trd, 4318180.843, 62
Trd, 4318181.793, 60
Trd, 4318181.993, 60
Trd, 4318183.243, 62
Trd, 4318183.343, 60
Trd, 4318183.693, 139
Trd, 4318184.643, 60
Trd, 4318185.743, 60
Trd, 4318185.843, 60
Trd, 4318185.993, 61
Trd, 4318186.343, 62
Trd, 4318188.693, 62
Trd, 4318188.893, 61
Trd, 4318189.443, 69
Trd, 4318189.743, 75
Trd, 4318192.293, 60
Trd, 4318192.943, 61
Trd, 4318193.543, 60
Trd, 4318193.693, 61
Trd, 4318193.743, 73
Trd, 4318194.043, 60
Trd, 4318194.893, 62
Trd, 4318195.243, 65
Trd, 4318195.643, 62
Trd, 4318196.993, 95
Trd, 4318198.043, 65
Trd, 4318199.293, 60
Trd, 4318199.993, 64
Trd, 4318200.143, 65
Trd, 4318201.193, 60
Trd, 4318203.493, 60
Trd, 4318203.943, 61
Trd, 4318203.993, 61
Trd, 4318204.743, 63
Trd, 4318204.993, 62
Trd, 4318205.293, 63
Trd, 4318205.793, 64
Trd, 4318206.893, 62
Trd, 4318207.693, 60
Trd, 4318207.843, 62
Trd, 4318209.543, 61
Trd, 4318209.793, 64
Trd, 4318209.943, 65
Trd, 4318212.093, 64
Trd, 4318212.343, 64
Trd, 4318212.843, 64
Trd, 4318213.093, 62
Trd, 4318213.293, 69
Trd, 4318213.693, 61
Trd, 4318213.793, 108
Trd, 4318215.143, 61
Trd, 4318215.793, 77
Trd, 4318217.443, 60
Trd, 4318218.843, 60
Trd, 4318220.093, 60
Trd, 4318220.193, 60
Trd, 4318223.393, 62
Trd, 4318224.343, 60
Trd, 4318224.743, 60
Trd, 4318225.243, 62
Trd, 4318225.393, 61
Trd, 4318225.643, 62
Trd, 4318226.043, 62
Trd, 4318226.443, 63
Trd, 4318226.493, 61
Trd, 4318226.543, 112
Trd, 4318227.343, 137
Trd, 4318227.593, 70
Trd, 4318228.243, 113
Trd, 4318229.293, 140
Trd, 4318229.593, 140
Trd, 4318229.693, 140
Trd, 4318230.093, 104
Trd, 4318230.743, 138
Trd, 4318232.443, 78
Trd, 4318232.493, 64
Trd, 4318233.093, 138
Trd, 4318234.143, 140
Trd, 4318234.443, 140
Trd, 4318235.393, 140
Trd, 4318235.443, 139
Trd, 4318235.643, 106
Trd, 4318235.793, 76
Trd, 4318237.043, 62
Trd, 4318238.293, 126
Trd, 4318238.343, 125
Trd, 4318239.393, 62
Trd, 4318240.593, 62
Trd, 4318241.393, 60
Trd, 4318241.693, 64
Trd, 4318242.193, 63
Trd, 4318242.243, 62
Trd, 4318242.593, 66
Trd, 4318244.343, 67
Trd, 4318244.593, 139
Trd, 4318244.993, 139
Trd, 4318245.143, 138
Trd, 4318246.493, 60
Trd, 4318247.193, 60
Trd, 4318247.893, 62
Trd, 4318248.343, 61
Trd, 4318249.443, 136
Trd, 4318249.493, 134
Trd, 4318249.593, 133
Trd, 4318250.443, 139
Trd, 4318251.093, 140
Trd, 4318252.543, 140
Trd, 4318252.893, 140
Trd, 4318252.993, 139
Trd, 4318253.993, 64
Trd, 4318254.043, 65
Trd, 4318254.843, 64
Trd, 4318256.093, 140
Trd, 4318256.843, 134
Trd, 4318257.343, 140
Trd, 4318257.443, 133
Trd, 4318257.543, 112
Trd, 4318259.043, 137
Trd, 4318259.843, 139
Trd, 4318260.643, 140
Trd, 4318261.243, 140
Trd, 4318261.343, 124
Trd, 4318261.943, 101
Trd, 4318262.243, 62
Trd, 4318262.643, 61
Trd, 4318263.993, 61
Trd, 4318265.143, 60
Trd, 4318265.393, 61
Trd, 4318267.943, 60
Trd, 4318268.743, 60
Trd, 4318269.443, 62
Trd, 4318269.693, 62
Trd, 4318269.793, 61
Trd, 4318269.943, 60
Trd, 4318270.043, 63
Trd, 4318270.793, 80
Trd, 4318271.493, 139
Trd, 4318273.493, 61
Trd, 4318274.943, 60
Trd, 4318275.793, 63
Trd, 4318275.893, 61
Trd, 4318275.993, 60
Trd, 4318276.543, 63
Trd, 4318277.393, 61
Trd, 4318278.643, 60
Trd, 4318280.243, 61
Trd, 4318280.443, 63
Trd, 4318280.993, 63
Trd, 4318281.093, 62
Trd, 4318281.593, 63
Trd, 4318281.993, 65
Trd, 4318284.893, 60
Trd, 4318284.943, 61
Trd, 4318285.143, 62
Trd, 4318285.743, 60
Trd, 4318287.193, 60
Trd, 4318288.193, 61
Trd, 4318289.443, 60
Trd, 4318289.893, 61
Trd, 4318290.193, 61
Trd, 4318290.343, 62
Trd, 4318291.343, 66
Trd, 4318291.793, 66
Trd, 4318292.193, 62
Trd, 4318292.243, 67
Trd, 4318292.493, 63
Trd, 4318293.243, 63
Trd, 4318293.693, 64
Trd, 4318294.393, 62
Trd, 4318294.643, 64
Trd, 4318296.743, 124
Trd, 4318296.843, 124
Trd, 4318297.093, 122
Trd, 4318297.643, 140
Trd, 4318298.293, 139
Trd, 4318299.693, 126
Trd, 4318300.893, 133
Trd, 4318301.693, 140
Trd, 4318301.993, 140
Trd, 4318302.093, 133
Trd, 4318302.543, 139
Trd, 4318303.643, 140
Trd, 4318304.493, 127
Trd, 4318304.943, 127
Trd, 4318305.143, 126
Trd, 4318305.293, 135
Trd, 4318306.593, 139
Trd, 4318307.193, 136
Trd, 4318307.343, 135
Trd, 4318307.543, 134
Trd, 4318308.493, 60
Trd, 4318309.293, 60
Trd, 4318310.293, 69
Trd, 4318310.843, 119
Trd, 4318311.793, 140
Trd, 4318311.993, 121
Trd, 4318312.143, 118
Trd, 4318313.993, 60
Trd, 4318314.193, 60
Trd, 4318315.843, 60
Trd, 4318317.893, 60
Trd, 4318318.043, 60
Trd, 4318319.143, 62
Trd, 4318319.543, 60
Trd, 4318319.643, 61
Trd, 4318319.743, 63
Trd, 4318320.493, 60
Trd, 4318320.593, 62
Trd, 4318321.893, 60
Trd, 4318323.843, 60
Trd, 4318324.143, 60
Trd, 4318324.893, 60
Trd, 4318325.093, 60
Trd, 4318326.043, 60
Trd, 4318326.543, 60
Trd, 4318326.643, 60
Trd, 4318328.193, 60
Trd, 4318328.893, 61
Trd, 4318329.843, 61
Trd, 4318332.143, 60
Trd, 4318332.993, 60
Trd, 4318333.143, 61
Trd, 4318334.193, 60
Trd, 4318334.793, 60
Trd, 4318335.643, 63
Trd, 4318336.393, 60
Trd, 4318336.993, 60
Trd, 4318337.143, 61
Trd, 4318340.893, 62
Trd, 4318341.093, 63
Trd, 4318341.543, 64
Trd, 4318341.593, 64
Trd, 4318342.243, 61
Trd, 4318342.993, 60
Trd, 4318343.643, 61
Trd, 4318344.193, 60
Trd, 4318344.443, 66
Trd, 4318346.743, 60
Trd, 4318346.943, 63
Trd, 4318348.643, 60
Trd, 4318348.693, 60
Trd, 4318351.443, 60
Trd, 4318352.093, 60
Trd, 4318352.193, 60
Trd, 4318352.293, 61
Trd, 4318352.393, 62
Trd, 4318353.193, 62
Trd, 4318353.293, 61
Trd, 4318353.693, 62
Trd, 4318355.143, 140
Trd, 4318356.043, 140
Trd, 4318356.243, 140
Trd, 4318356.843, 127
Trd, 4318358.343, 140
Trd, 4318358.543, 140
Trd, 4318358.593, 140
Trd, 4318358.743, 139
Trd, 4318358.843, 110
Trd, 4318359.593, 140
Trd, 4318360.443, 140
Trd, 4318360.893, 140
Trd, 4318361.643, 139
Trd, 4318362.993, 60
Trd, 4318363.943, 61
Trd, 4318364.443, 62
Trd, 4318364.593, 62
Trd, 4318365.493, 66
Trd, 4318367.593, 62
Trd, 4318368.093, 62
Trd, 4318368.393, 63
Trd, 4318368.493, 63
Trd, 4318368.893, 62
Trd, 4318369.043, 65
Trd, 4318369.093, 69
Trd, 4318369.843, 62
Trd, 4318370.093, 60
Trd, 4318372.043, 140
Trd, 4318372.643, 113
Trd, 4318373.543, 116
Trd, 4318373.693, 115
Trd, 4318374.243, 113
Trd, 4318374.493, 92
Trd, 4318375.093, 118
Trd, 4318376.693, 140
Trd, 4318377.343, 140
Trd, 4318378.043, 140
Trd, 4318378.193, 138
Trd, 4318378.843, 139
Trd, 4318378.943, 138
Trd, 4318379.543, 84
Trd, 4318381.093, 140
Trd, 4318381.443, 140
Trd, 4318382.193, 140
Trd, 4318382.243, 140
Trd, 4318382.593, 102
Trd, 4318384.093, 140
Trd, 4318384.193, 140
Trd, 4318384.293, 115
Trd, 4318385.043, 139
Trd, 4318385.993, 139
Trd, 4318386.543, 140
Trd, 4318386.693, 137
Trd, 4318387.843, 125
Trd, 4318387.993, 124
Trd, 4318388.043, 121
Trd, 4318389.243, 64
Trd, 4318390.093, 60
Trd, 4318390.243, 69
Trd, 4318391.643, 61
Trd, 4318391.693, 64
Trd, 4318392.843, 60
Trd, 4318393.793, 62
Trd, 4318394.193, 61
Trd, 4318394.993, 60
Trd, 4318396.793, 60
Trd, 4318397.793, 62
Trd, 4318398.493, 66
Trd, 4318398.643, 62
Trd, 4318399.243, 67
Trd, 4318399.343, 66
Trd, 4318399.393, 64
Trd, 4318399.493, 135
Trd, 4318401.143, 63
Trd, 4318402.193, 66
Trd, 4318402.593, 63
Trd, 4318402.843, 62
Trd, 4318403.493, 140
Trd, 4318403.543, 140
Trd, 4318404.143, 140
Trd, 4318404.543, 140
Trd, 4318404.993, 124
Trd, 4318405.193, 140
Trd, 4318406.543, 72
Trd, 4318408.043, 83
Trd, 4318408.893, 63
Trd, 4318408.943, 63
Trd, 4318409.693, 139
Trd, 4318409.793, 137
Trd, 4318410.193, 139
Trd, 4318410.343, 63
Trd, 4318411.743, 60
Trd, 4318412.893, 60
Trd, 4318414.343, 63
Trd, 4318414.593, 60
Trd, 4318415.343, 62
Trd, 4318416.043, 67
Trd, 4318418.193, 60
Trd, 4318418.293, 60
Trd, 4318418.543, 64
Trd, 4318418.843, 62
Trd, 4318418.943, 73
Trd, 4318419.093, 61
Trd, 4318419.243, 110
Trd, 4318420.243, 71
Trd, 4318422.143, 60
Trd, 4318422.893, 60
Trd, 4318424.543, 60
Trd, 4318425.343, 61
Trd, 4318425.543, 61
Trd, 4318427.643, 60
Trd, 4318428.343, 60
Trd, 4318428.493, 61
Trd, 4318428.643, 62
Trd, 4318428.993, 60
Trd, 4318430.943, 60
Trd, 4318431.343, 62
Trd, 4318431.693, 62
Trd, 4318432.393, 63
Trd, 4318432.793, 71
Trd, 4318433.443, 127
Trd, 4318433.493, 66
Trd, 4318434.443, 60
Trd, 4318435.493, 62
Trd, 4318435.843, 61
Trd, 4318437.393, 60
Trd, 4318439.093, 60
Trd, 4318440.043, 60
Trd, 4318440.643, 62
Trd, 4318440.943, 68
Trd, 4318441.193, 60
Trd, 4318441.543, 66
Trd, 4318442.743, 61
Trd, 4318443.193, 60
Trd, 4318443.443, 60
Trd, 4318443.543, 89
Trd, 4318444.093, 60
Trd, 4318444.993, 61
Trd, 4318446.043, 66
Trd, 4318447.143, 63
Trd, 4318448.943, 66
Trd, 4318449.443, 60
Trd, 4318450.293, 60
Trd, 4318451.393, 65
Trd, 4318452.843, 60
Trd, 4318453.293, 60
Trd, 4318453.593, 60
Trd, 4318453.793, 61
Trd, 4318453.943, 62
Trd, 4318454.643, 133
Trd, 4318455.993, 140
Trd, 4318456.793, 140
Trd, 4318457.343, 140
Trd, 4318457.393, 139
Trd, 4318458.143, 61
Trd, 4318460.293, 61
Trd, 4318460.543, 64
Trd, 4318461.093, 67
Trd, 4318461.393, 60
Trd, 4318462.893, 61
Trd, 4318463.393, 62
Trd, 4318463.643, 60
Trd, 4318464.243, 64
Trd, 4318465.893, 65
Trd, 4318466.993, 69
Trd, 4318467.543, 139
Trd, 4318468.143, 75
Trd, 4318468.793, 73
Trd, 4318469.293, 117
Trd, 4318469.543, 72
Trd, 4318470.143, 140
Trd, 4318470.543, 73
Trd, 4318471.643, 140
Trd, 4318472.543, 139
Trd, 4318472.593, 137
Trd, 4318473.343, 140
Trd, 4318475.043, 140
Trd, 4318475.843, 140
Trd, 4318476.043, 140
Trd, 4318476.993, 140
Trd, 4318477.443, 140
Trd, 4318478.143, 140
Trd, 4318479.043, 140
Trd, 4318479.243, 140
Trd, 4318479.643, 139
Trd, 4318479.893, 120
Trd, 4318480.093, 67
Trd, 4318481.493, 140
Trd, 4318481.843, 140
Trd, 4318482.493, 140
Trd, 4318483.843, 140
Trd, 4318484.143, 140
Trd, 4318484.743, 140
Trd, 4318485.343, 140
Trd, 4318485.693, 140
Trd, 4318486.243, 140
Trd, 4318486.543, 140
Trd, 4318487.593, 140
Trd, 4318488.543, 140
Trd, 4318489.143, 140
Trd, 4318490.043, 140
Trd, 4318490.993, 140
Trd, 4318491.493, 140
Trd, 4318491.843, 140
Trd, 4318492.643, 60
Trd, 4318492.843, 60
Trd, 4318493.443, 61
Trd, 4318494.893, 138
Trd, 4318495.043, 137
Trd, 4318495.743, 136
Trd, 4318496.143, 138
Trd, 4318496.243, 140
Trd, 4318496.793, 136
Trd, 4318496.893, 136
Trd, 4318497.843, 140
Trd, 4318499.543, 140
Trd, 4318499.793, 140
Trd, 4318500.643, 140
Trd, 4318500.943, 140
Trd, 4318501.193, 139
Trd, 4318501.393, 104
Trd, 4318501.593, 88
Trd, 4318502.593, 140
Trd, 4318503.393, 140
Trd, 4318504.493, 140
Trd, 4318504.843, 140
Trd, 4318505.043, 140
Trd, 4318505.943, 140
Trd, 4318506.193, 136
Trd, 4318508.793, 140
Trd, 4318509.043, 140
Trd, 4318509.343, 140
Trd, 4318510.043, 140
Trd, 4318510.393, 140
Trd, 4318511.393, 140
Trd, 4318511.543, 140
Trd, 4318513.793, 140
Trd, 4318513.843, 140
Trd, 4318515.143, 140
Trd, 4318516.193, 137
Trd, 4318516.793, 129
Trd, 4318517.093, 129
Trd, 4318517.143, 128
Trd, 4318517.493, 136
Trd, 4318517.743, 140
Trd, 4318518.143, 140
Trd, 4318518.543, 114
Trd, 4318519.193, 61
Trd, 4318520.593, 68
Trd, 4318523.793, 60
Trd, 4318523.943, 62
Trd, 4318524.943, 61
Trd, 4318525.093, 62
Trd, 4318525.993, 62
Trd, 4318526.093, 60
Trd, 4318526.293, 62
Trd, 4318526.843, 61
Trd, 4318526.993, 75
Trd, 4318528.443, 140
Trd, 4318529.343, 133
Trd, 4318530.693, 138
Trd, 4318530.743, 136
Trd, 4318530.893, 122
Trd, 4318531.043, 104
Trd, 4318533.343, 60
Trd, 4318534.243, 60
Trd, 4318534.493, 60
Trd, 4318535.343, 62
Trd, 4318535.593, 60
Trd, 4318535.743, 63
Trd, 4318536.043, 63
Trd, 4318536.843, 64
Trd, 4318537.693, 66
Trd, 4318540.743, 61
Trd, 4318541.493, 60
Trd, 4318541.843, 61
Trd, 4318541.893, 63
Trd, 4318543.143, 60
Trd, 4318544.943, 60
Trd, 4318545.593, 61
Trd, 4318545.943, 61
Trd, 4318546.293, 64
Trd, 4318546.393, 60
Trd, 4318547.543, 62
Trd, 4318547.843, 61
Trd, 4318550.143, 60
Trd, 4318550.243, 65
Trd, 4318550.343, 60
Trd, 4318550.993, 127
Trd, 4318552.593, 60
Trd, 4318552.743, 60
Trd, 4318553.293, 62
Trd, 4318553.593, 61
Trd, 4318553.743, 63
Trd, 4318554.143, 92
Trd, 4318554.843, 140
Trd, 4318556.193, 140
Trd, 4318556.443, 140
Trd, 4318556.993, 140
Trd, 4318557.493, 140
Trd, 4318557.643, 140
Trd, 4318557.793, 120
Trd, 4318557.993, 111
Trd, 4318559.993, 140
Trd, 4318560.193, 137
Trd, 4318560.493, 134
Trd, 4318560.843, 102
Trd, 4318561.593, 74
Trd, 4318562.143, 66
Trd, 4318562.993, 140
Trd, 4318563.093, 139
Trd, 4318563.693, 139
Trd, 4318565.393, 140
Trd, 4318565.543, 139
Trd, 4318565.693, 140
Trd, 4318566.843, 140
Trd, 4318566.893, 140
Trd, 4318568.043, 140
Trd, 4318568.193, 140
Trd, 4318569.493, 140
Trd, 4318570.043, 140
Trd, 4318571.093, 140
Trd, 4318572.493, 140
Trd, 4318573.793, 140
Trd, 4318573.893, 140
Trd, 4318574.543, 140
Trd, 4318574.893, 140
Trd, 4318575.293, 140
Trd, 4318575.693, 140
Trd, 4318576.893, 61
Trd, 4318577.093, 62
Trd, 4318577.143, 63
Trd, 4318577.493, 62
Trd, 4318578.043, 140
Trd, 4318578.443, 64
Trd, 4318579.393, 140
Trd, 4318579.593, 140
Trd, 4318581.443, 60
Trd, 4318583.393, 60
Trd, 4318583.743, 60
Trd, 4318584.543, 60
Trd, 4318585.943, 62
Trd, 4318585.993, 60
Trd, 4318587.293, 63
Trd, 4318587.393, 65
Trd, 4318587.843, 64
Trd, 4318587.943, 62
Trd, 4318588.093, 61
Trd, 4318588.393, 61
Trd, 4318588.993, 136
Trd, 4318589.693, 140
Trd, 4318590.493, 76
Trd, 4318590.593, 79
Trd, 4318590.843, 138
Trd, 4318592.893, 60
Trd, 4318594.043, 60
Trd, 4318594.643, 61
Trd, 4318595.243, 91
Trd, 4318595.343, 61
Trd, 4318595.543, 86
Trd, 4318596.243, 64
Trd, 4318596.443, 61
Trd, 4318596.843, 63
Trd, 4318597.693, 140
Trd, 4318599.443, 60
Trd, 4318600.293, 61
Trd, 4318600.793, 62
Trd, 4318601.693, 65
Trd, 4318601.943, 62
Trd, 4318604.743, 62
Trd, 4318604.843, 62
Trd, 4318605.593, 63
Trd, 4318605.693, 63
Trd, 4318606.093, 63
Trd, 4318607.393, 61
Trd, 4318608.293, 62
Trd, 4318608.743, 63
Trd, 4318609.293, 140
Trd, 4318609.693, 140
Trd, 4318610.493, 140
Trd, 4318610.693, 140
Trd, 4318611.293, 140
Trd, 4318611.343, 140
Trd, 4318612.093, 140
Trd, 4318612.193, 140
Trd, 4318612.643, 139
Trd, 4318613.893, 140
Trd, 4318614.643, 139
Trd, 4318614.893, 102
Trd, 4318615.443, 140
Trd, 4318616.493, 140
Trd, 4318617.243, 140
Trd, 4318617.393, 140
Trd, 4318617.543, 140
Trd, 4318619.143, 140
Trd, 4318619.293, 140
Trd, 4318619.393, 140
Trd, 4318620.943, 140
Trd, 4318622.193, 140
Trd, 4318622.793, 140
Trd, 4318622.993, 140
Trd, 4318624.143, 140
Trd, 4318624.243, 140
Trd, 4318624.493, 140
Trd, 4318625.143, 62
Trd, 4318626.143, 63
Trd, 4318626.593, 65
Trd, 4318626.993, 64
Trd, 4318628.543, 62
Trd, 4318630.093, 60
Trd, 4318630.493, 60
Trd, 4318630.843, 61
Trd, 4318632.893, 61
Trd, 4318633.643, 60
Trd, 4318634.143, 62
Trd, 4318634.343, 63
Trd, 4318634.943, 61
Trd, 4318636.143, 61
Trd, 4318636.543, 72
Trd, 4318637.243, 61
Trd, 4318638.043, 87
Trd, 4318639.893, 61
Trd, 4318640.043, 60
Trd, 4318640.443, 61
Trd, 4318640.893, 62
Trd, 4318641.243, 60
Trd, 4318642.793, 60
Trd, 4318643.993, 63
Trd, 4318644.293, 67
Trd, 4318644.993, 66
Trd, 4318645.093, 72
Trd, 4318646.493, 60
Trd, 4318647.393, 61
Trd, 4318647.693, 62
Trd, 4318647.943, 61
Trd, 4318648.293, 66
Trd, 4318649.243, 71
Trd, 4318649.943, 64
Trd, 4318650.093, 65
Trd, 4318650.593, 64
Trd, 4318651.043, 61
Trd, 4318652.693, 60
Trd, 4318653.593, 140
Trd, 4318654.093, 140
Trd, 4318654.393, 140
Trd, 4318654.443, 140
Trd, 4318655.793, 140
Trd, 4318655.843, 140
Trd, 4318656.793, 140
Trd, 4318656.893, 139
Trd, 4318656.943, 138
Trd, 4318657.343, 94
Trd, 4318657.743, 92
Trd, 4318658.193, 65
Trd, 4318659.643, 70
Trd, 4318661.093, 62
Trd, 4318662.343, 109
Trd, 4318663.293, 61
Trd, 4318664.343, 61
Trd, 4318664.543, 65
Trd, 4318667.093, 60
Trd, 4318667.993, 60
Trd, 4318668.293, 62
Trd, 4318669.043, 60
Trd, 4318670.393, 60
Trd, 4318670.893, 61
Trd, 4318671.043, 60
Trd, 4318671.193, 62
Trd, 4318671.793, 60
Trd, 4318672.793, 60
Trd, 4318673.793, 63
Trd, 4318675.393, 110
Trd, 4318675.693, 63
Trd, 4318676.693, 61
Trd, 4318677.393, 61
Trd, 4318677.893, 62
Trd, 4318678.843, 60
Trd, 4318679.143, 61
Trd, 4318679.793, 63
Trd, 4318680.143, 66
Trd, 4318680.343, 140
Trd, 4318680.893, 62
Trd, 4318681.943, 60
Trd, 4318682.443, 63
Trd, 4318683.493, 113
Trd, 4318683.643, 113
Trd, 4318683.793, 113
Trd, 4318684.043, 65
Trd, 4318685.543, 60
Trd, 4318685.593, 62
Trd, 4318687.693, 60
Trd, 4318688.093, 61
Trd, 4318688.143, 63
Trd, 4318688.293, 65
Trd, 4318689.243, 60
Trd, 4318689.993, 61
Trd, 4318690.093, 62
Trd, 4318691.793, 60
Trd, 4318691.943, 60
Trd, 4318692.143, 62
Trd, 4318692.493, 64
Trd, 4318693.043, 61
Trd, 4318693.793, 60
Trd, 4318694.343, 61
Trd, 4318694.593, 62
Trd, 4318694.943, 64
Trd, 4318696.493, 70
Trd, 4318697.743, 63
Trd, 4318698.143, 65
Trd, 4318699.993, 60
Trd, 4318702.143, 67
Trd, 4318702.693, 61
Trd, 4318702.743, 60
Trd, 4318703.993, 60
Trd, 4318704.293, 61
Trd, 4318704.343, 62
Trd, 4318704.443, 60
Trd, 4318704.643, 61
Trd, 4318706.743, 60
Trd, 4318707.043, 60
Trd, 4318707.843, 60
Trd, 4318708.893, 61
Trd, 4318709.543, 61
Trd, 4318711.393, 60
Trd, 4318712.143, 60
Trd, 4318712.843, 60
Trd, 4318714.293, 62
Trd, 4318714.593, 63
Trd, 4318714.743, 64
Trd, 4318714.893, 62
Trd, 4318715.793, 63
Trd, 4318716.843, 64
Trd, 4318717.643, 61
Trd, 4318717.793, 60
Trd, 4318718.193, 65
Trd, 4318718.743, 61
Trd, 4318719.293, 61
Trd, 4318719.343, 66
Trd, 4318719.793, 60
Trd, 4318721.143, 64
Trd, 4318721.293, 62
Trd, 4318721.393, 140
Trd, 4318722.793, 140
Trd, 4318723.493, 140
Trd, 4318724.243, 140
Trd, 4318724.493, 140
Trd, 4318725.993, 140
Trd, 4318726.493, 138
Trd, 4318727.143, 140
Trd, 4318727.543, 140
Trd, 4318728.693, 140
Trd, 4318729.293, 140
Trd, 4318729.343, 140
Trd, 4318729.493, 140
Trd, 4318730.993, 140
Trd, 4318731.693, 140
Trd, 4318731.943, 140
Trd, 4318732.393, 90
Trd, 4318734.743, 68
Trd, 4318735.543, 86
Trd, 4318735.693, 71
Trd, 4318735.843, 71
Trd, 4318736.093, 67
Trd, 4318737.193, 140
Trd, 4318737.543, 70
Trd, 4318738.343, 70
Trd, 4318738.593, 70
Trd, 4318738.993, 124
Trd, 4318739.643, 70
Trd, 4318740.043, 139
Trd, 4318740.743, 140
Trd, 4318740.993, 131
Trd, 4318742.143, 105
Trd, 4318742.593, 72
Trd, 4318743.393, 140
Trd, 4318743.443, 140
Trd, 4318743.893, 72
Trd, 4318744.743, 139
Trd, 4318745.143, 60
Trd, 4318747.443, 60
Trd, 4318747.743, 61
Trd, 4318748.993, 71
Trd, 4318749.543, 75
Trd, 4318750.043, 74
Trd, 4318750.943, 66
Trd, 4318751.193, 75
Trd, 4318751.743, 67
Trd, 4318751.993, 66
Trd, 4318754.443, 60
Trd, 4318754.593, 60
Trd, 4318755.993, 60
Trd, 4318756.193, 60
Trd, 4318756.643, 60
Trd, 4318758.443, 60
Trd, 4318758.943, 61
Trd, 4318759.243, 62
Trd, 4318759.893, 138
Trd, 4318760.743, 138
Trd, 4318760.893, 139
Trd, 4318761.293, 139
Trd, 4318761.843, 140
Trd, 4318762.743, 140
Trd, 4318763.693, 140
Trd, 4318764.343, 140
Trd, 4318764.893, 121
Trd, 4318766.493, 60
Trd, 4318766.593, 66
Trd, 4318767.093, 92
Trd, 4318768.393, 61
Trd, 4318769.493, 65
Trd, 4318770.193, 60
Trd, 4318770.793, 62
Trd, 4318771.793, 60
Trd, 4318772.993, 63
Trd, 4318773.393, 64
Trd, 4318773.793, 65
Trd, 4318774.243, 63
Trd, 4318775.193, 68
Trd, 4318775.293, 67
Trd, 4318776.093, 139
Trd, 4318777.293, 140
Trd, 4318778.393, 140
Trd, 4318778.643, 140
Trd, 4318779.443, 140
Trd, 4318779.593, 140
Trd, 4318779.743, 139
Trd, 4318780.393, 140
Trd, 4318781.593, 139
Trd, 4318782.093, 140
Trd, 4318782.543, 139
Trd, 4318783.043, 95
Trd, 4318783.393, 93
Trd, 4318783.943, 88
Trd, 4318784.093, 139
Trd, 4318784.243, 73
Trd, 4318786.643, 60
Trd, 4318787.343, 60
Trd, 4318787.593, 62
Trd, 4318788.293, 60
Trd, 4318789.693, 61
Trd, 4318789.993, 60
Trd, 4318790.443, 60
Trd, 4318790.843, 60
Trd, 4318792.793, 60
Trd, 4318792.943, 60
Trd, 4318793.143, 61
Trd, 4318793.943, 61
Trd, 4318794.093, 108
Trd, 4318794.293, 62
Trd, 4318796.143, 61
Trd, 4318796.843, 61
Trd, 4318797.393, 62
Trd, 4318797.893, 62
Trd, 4318799.793, 64
Trd, 4318801.193, 60
Trd, 4318801.793, 60
Trd, 4318803.643, 60
Trd, 4318803.943, 60
Trd, 4318805.293, 60
Trd, 4318805.543, 62
Trd, 4318805.643, 63
Trd, 4318805.743, 63
Trd, 4318805.843, 61
Trd, 4318806.393, 62
Trd, 4318808.493, 61
Trd, 4318808.793, 62
Trd, 4318809.693, 62
Trd, 4318812.693, 60
Trd, 4318813.293, 60
Trd, 4318813.543, 60
Trd, 4318816.393, 61
Trd, 4318816.643, 62
Trd, 4318817.243, 67
Trd, 4318817.843, 61
Trd, 4318818.143, 66
Trd, 4318818.993, 140
Trd, 4318819.143, 65
Trd, 4318819.693, 103
Trd, 4318820.093, 127
Trd, 4318820.893, 140
Trd, 4318821.443, 139
Trd, 4318822.343, 140
Trd, 4318822.443, 140
Trd, 4318823.143, 140
Trd, 4318823.593, 140
Trd, 4318824.343, 140
Trd, 4318824.543, 138
Trd, 4318825.843, 140
Trd, 4318826.643, 140
Trd, 4318827.993, 140
Trd, 4318828.043, 140
Trd, 4318828.143, 140
Trd, 4318828.743, 138
Trd, 4318829.143, 111
Trd, 4318829.443, 63
Trd, 4318830.243, 60
Trd, 4318831.693, 140
Trd, 4318831.843, 140
Trd, 4318832.193, 136
Trd, 4318833.143, 78
Trd, 4318833.193, 127
Trd, 4318833.943, 83
Trd, 4318834.493, 78
Trd, 4318835.693, 139
Trd, 4318835.743, 138
Trd, 4318836.593, 139
Trd, 4318837.343, 140
Trd, 4318837.443, 140
Trd, 4318837.943, 82
Trd, 4318838.893, 140
Trd, 4318839.993, 140
Trd, 4318840.693, 140
Trd, 4318840.943, 139
Trd, 4318841.843, 140
Trd, 4318843.343, 140
Trd, 4318843.393, 140
Trd, 4318844.043, 140
Trd, 4318844.943, 140
Trd, 4318845.543, 140
Trd, 4318846.493, 140
Trd, 4318846.743, 140
Trd, 4318846.793, 138
Trd, 4318847.243, 136
Trd, 4318847.543, 79
Trd, 4318848.293, 78
Trd, 4318848.643, 140
Trd, 4318850.043, 62
Trd, 4318851.893, 60
Trd, 4318852.243, 60
Trd, 4318853.493, 63
Trd, 4318854.043, 61
Trd, 4318854.393, 65
Trd, 4318855.143, 62
Trd, 4318855.443, 67
Trd, 4318856.043, 60
Trd, 4318856.093, 60
Trd, 4318857.143, 61
Trd, 4318857.593, 62
Trd, 4318858.793, 60
Trd, 4318860.243, 65
Trd, 4318860.343, 63
Trd, 4318861.593, 60
Trd, 4318864.293, 60
Trd, 4318865.043, 64
Trd, 4318865.943, 60
Trd, 4318866.743, 60
Trd, 4318867.693, 60
Trd, 4318868.293, 64
Trd, 4318869.293, 70
Trd, 4318869.643, 65
Trd, 4318870.843, 65
Trd, 4318871.343, 64
Trd, 4318871.843, 66
Trd, 4318871.943, 72
Trd, 4318872.493, 63
Trd, 4318873.343, 62
Trd, 4318877.243, 60
Trd, 4318877.493, 60
Trd, 4318877.893, 62
Trd, 4318878.843, 62
Trd, 4318879.493, 60
Trd, 4318880.893, 60
Trd, 4318883.443, 60
Trd, 4318883.543, 60
Trd, 4318883.643, 61
Trd, 4318883.693, 62
Trd, 4318883.993, 62
Trd, 4318884.643, 63
Trd, 4318885.893, 67
Trd, 4318885.993, 70
Trd, 4318886.543, 67
Trd, 4318886.893, 66
Trd, 4318888.343, 71
Trd, 4318889.643, 140
Trd, 4318889.793, 140
Trd, 4318890.093, 140
Trd, 4318890.593, 140
Trd, 4318890.793, 140
Trd, 4318891.843, 140
Trd, 4318892.043, 139
Trd, 4318892.243, 128
Trd, 4318893.093, 139
Trd, 4318893.943, 139
Trd, 4318894.593, 125
Trd, 4318895.043, 140
Trd, 4318895.193, 140
Trd, 4318897.343, 140
Trd, 4318897.493, 140
Trd, 4318898.143, 140
Trd, 4318898.243, 140
Trd, 4318899.393, 139
Trd, 4318900.243, 140
Trd, 4318900.293, 116
Trd, 4318900.493, 92
Trd, 4318900.743, 72
Trd, 4318904.143, 60
Trd, 4318904.743, 60
Trd, 4318904.893, 61
Trd, 4318905.493, 61
Trd, 4318908.893, 60
Trd, 4318909.943, 60
Trd, 4318910.193, 61
Trd, 4318910.543, 62
Trd, 4318911.343, 61
Trd, 4318911.693, 64
Trd, 4318913.143, 140
Trd, 4318913.193, 140
Trd, 4318913.393, 140
Trd, 4318913.443, 140
Trd, 4318913.643, 138
Trd, 4318915.093, 60
Trd, 4318916.593, 60
Trd, 4318918.043, 60
Trd, 4318918.093, 60
Trd, 4318918.243, 60
Trd, 4318918.393, 61
Trd, 4318918.643, 61
Trd, 4318920.743, 66
Trd, 4318921.243, 65
Trd, 4318921.943, 61
Trd, 4318921.993, 72
Trd, 4318922.793, 60
Trd, 4318923.243, 60
Trd, 4318924.443, 68
Trd, 4318925.193, 63
Trd, 4318925.593, 64
Trd, 4318926.343, 65
Trd, 4318928.043, 140
Trd, 4318928.243, 140
Trd, 4318928.843, 140
Trd, 4318928.943, 140
Trd, 4318929.893, 140
Trd, 4318929.943, 140
Trd, 4318930.243, 139
Trd, 4318930.293, 136
Trd, 4318930.393, 122
Trd, 4318932.543, 140
Trd, 4318933.093, 140
Trd, 4318933.793, 140
Trd, 4318933.993, 140
Trd, 4318934.743, 140
Trd, 4318935.643, 140
Trd, 4318935.743, 139
Trd, 4318936.843, 88
Trd, 4318937.193, 88
Trd, 4318937.443, 80
Trd, 4318938.593, 140
Trd, 4318938.993, 140
Trd, 4318939.143, 140
Trd, 4318940.393, 140
Trd, 4318940.493, 140
Trd, 4318941.293, 96
Trd, 4318942.193, 140
Trd, 4318942.293, 140
Trd, 4318942.743, 140
Trd, 4318944.393, 140
Trd, 4318944.793, 140
Trd, 4318944.893, 140
Trd, 4318945.843, 140
Trd, 4318946.193, 140
Trd, 4318946.343, 139
Trd, 4318947.993, 140
Trd, 4318948.843, 140
Trd, 4318949.143, 140
Trd, 4318949.643, 140
Trd, 4318949.993, 140
Trd, 4318950.493, 136
Trd, 4318950.843, 135
Trd, 4318952.793, 140
Trd, 4318953.493, 140
Trd, 4318954.443, 140
Trd, 4318954.543, 139
Trd, 4318954.993, 140
Trd, 4318955.843, 120
Trd, 4318956.393, 74
Trd, 4318957.193, 140
Trd, 4318957.543, 140
Trd, 4318957.893, 140
Trd, 4318958.693, 140
Trd, 4318958.893, 140
Trd, 4318960.143, 140
Trd, 4318960.343, 140
Trd, 4318961.643, 140
Trd, 4318961.893, 140
Trd, 4318962.443, 140
Trd, 4318963.093, 140
Trd, 4318963.743, 138
Trd, 4318963.843, 135
Trd, 4318964.143, 73
Trd, 4318965.093, 71
Trd, 4318966.693, 60
Trd, 4318966.993, 64
Trd, 4318967.943, 60
Trd, 4318969.393, 60
Trd, 4318970.043, 60
Trd, 4318970.843, 63
Trd, 4318972.593, 64
Trd, 4318972.893, 66
Trd, 4318974.143, 60
Trd, 4318974.293, 61
Trd, 4318974.843, 64
Trd, 4318975.843, 63
Trd, 4318976.343, 62
Trd, 4318976.593, 63
Trd, 4318977.143, 61
Trd, 4318977.893, 60
Trd, 4318980.043, 60
Trd, 4318980.593, 60
Trd, 4318981.293, 60
Trd, 4318981.993, 61
Trd, 4318982.293, 62
Trd, 4318983.393, 63
Trd, 4318983.543, 64
Trd, 4318983.793, 61
Trd, 4318983.993, 66
Trd, 4318984.143, 118
Trd, 4318985.143, 60
Trd, 4318985.793, 65
Trd, 4318985.943, 64
Trd, 4318985.993, 79
Trd, 4318987.893, 60
Trd, 4318989.493, 60
Trd, 4318989.943, 62
Trd, 4318990.643, 61
Trd, 4318991.943, 60
Trd, 4318993.343, 60
Trd, 4318994.143, 60
Trd, 4318994.443, 62
Trd, 4318994.793, 63
Trd, 4318995.093, 64
Trd, 4318995.993, 140
Trd, 4318997.243, 140
Trd, 4318997.393, 140
Trd, 4318997.493, 136
Trd, 4318999.393, 140
Trd, 4318999.743, 140
Trd, 4319000.143, 140
Trd, 4319000.893, 140
Trd, 4319001.043, 140
Trd, 4319001.393, 114
Trd, 4319002.293, 140
Trd, 4319003.693, 140
Trd, 4319004.243, 140
Trd, 4319004.843, 140
Trd, 4319005.593, 140
Trd, 4319006.143, 114
Trd, 4319007.793, 120
Trd, 4319008.093, 118
Trd, 4319008.193, 126
Trd, 4319008.293, 113
Trd, 4319008.893, 63
Trd, 4319009.243, 138
Trd, 4319009.543, 137
Trd, 4319010.093, 140
Trd, 4319010.593, 140
Trd, 4319011.593, 140
Trd, 4319012.893, 108
Trd, 4319013.143, 101
Trd, 4319013.793, 140
Trd, 4319014.243, 140
Trd, 4319014.293, 140
Trd, 4319015.393, 73
Trd, 4319015.543, 126
Trd, 4319016.243, 73
Trd, 4319016.893, 74
Trd, 4319017.243, 73
Trd, 4319017.743, 72
Trd, 4319018.693, 139
Trd, 4319019.193, 140
Trd, 4319019.693, 140
Trd, 4319019.843, 90
Trd, 4319021.293, 63
Trd, 4319022.693, 60
Trd, 4319022.743, 61
Trd, 4319023.693, 64
Trd, 4319023.943, 140
Trd, 4319024.693, 139
Trd, 4319024.743, 137
Trd, 4319025.643, 107
Trd, 4319026.193, 60
Trd, 4319026.443, 60
Trd, 4319027.243, 63
Trd, 4319027.393, 65
Trd, 4319027.743, 62
Trd, 4319028.193, 60
Trd, 4319028.243, 63
Trd, 4319029.293, 65
Trd, 4319030.193, 61
Trd, 4319032.143, 60
Trd, 4319033.143, 61
Trd, 4319033.293, 61
Trd, 4319033.493, 61
Trd, 4319033.843, 61
Trd, 4319034.143, 62
Trd, 4319036.143, 62
Trd, 4319038.793, 60
Trd, 4319039.093, 60
Trd, 4319039.743, 63
Trd, 4319040.243, 63
Trd, 4319040.593, 123
Trd, 4319040.793, 106
Trd, 4319044.993, 60
Trd, 4319045.093, 61
Trd, 4319045.493, 60
Trd, 4319046.143, 61
Trd, 4319046.243, 61
Trd, 4319046.893, 78
Trd, 4319047.193, 62
Trd, 4319048.043, 73
Trd, 4319048.193, 80
Trd, 4319048.243, 68
Trd, 4319048.693, 65
Trd, 4319049.393, 81
Trd, 4319050.393, 67
Trd, 4319050.943, 70
Trd, 4319051.543, 75
Trd, 4319052.293, 140
Trd, 4319052.593, 139
Trd, 4319053.143, 67
Trd, 4319054.493, 123
Trd, 4319054.793, 122
Trd, 4319056.093, 60
Trd, 4319056.293, 60
Trd, 4319056.993, 60
Trd, 4319058.443, 61
Trd, 4319058.743, 60
Trd, 4319059.993, 60
Trd, 4319060.593, 62
Trd, 4319060.643, 61
Trd, 4319060.993, 62
Trd, 4319061.693, 60
Trd, 4319062.243, 60
Trd, 4319062.293, 61
Trd, 4319063.693, 61
Trd, 4319064.193, 62
Trd, 4319064.493, 65
Trd, 4319066.743, 60
Trd, 4319067.243, 60
Trd, 4319069.043, 61
Trd, 4319069.693, 62
Trd, 4319069.843, 64
Trd, 4319071.043, 60
Trd, 4319072.093, 61
Trd, 4319072.393, 60
Trd, 4319073.693, 60
Trd, 4319073.793, 60
Trd, 4319073.843, 61
Trd, 4319074.393, 70
Trd, 4319075.343, 61
Trd, 4319076.243, 65
Trd, 4319076.843, 63
Trd, 4319077.243, 61
Trd, 4319077.793, 64
Trd, 4319078.193, 64
Trd, 4319078.543, 71
Trd, 4319079.393, 62
Trd, 4319080.993, 61
Trd, 4319081.143, 61
Trd, 4319081.593, 61
Trd, 4319082.093, 61
Trd, 4319082.293, 60
Trd, 4319083.043, 60
Trd, 4319084.143, 64
Trd, 4319084.543, 65
Trd, 4319085.193, 118
Trd, 4319085.493, 98
Trd, 4319085.593, 96
Trd, 4319086.443, 63
Trd, 4319087.243, 60
Trd, 4319090.293, 61
Trd, 4319090.543, 61
Trd, 4319091.993, 63
Trd, 4319092.693, 61
Trd, 4319093.543, 64
Trd, 4319094.543, 64
Trd, 4319094.943, 62
Trd, 4319094.993, 68
Trd, 4319095.493, 67
Trd, 4319095.593, 63
Trd, 4319095.893, 76
Trd, 4319096.843, 140
Trd, 4319097.793, 65
Trd, 4319098.943, 140
Trd, 4319099.293, 69
Trd, 4319100.293, 111
Trd, 4319101.443, 60
Trd, 4319102.593, 61
Trd, 4319104.493, 60
Trd, 4319104.993, 60
Trd, 4319105.593, 62
Trd, 4319106.443, 60
Trd, 4319107.193, 61
Trd, 4319107.993, 60
Trd, 4319108.143, 62
Trd, 4319108.443, 64
Trd, 4319108.693, 62
Trd, 4319109.243, 61
Trd, 4319109.543, 63
Trd, 4319111.143, 61
Trd, 4319112.543, 60
Trd, 4319113.493, 61
Trd, 4319114.143, 61
Trd, 4319115.293, 60
Trd, 4319115.393, 60
Trd, 4319115.493, 61
Trd, 4319116.143, 60
Trd, 4319116.443, 63
Trd, 4319117.293, 139
Trd, 4319117.443, 138
Trd, 4319118.093, 74
Trd, 4319119.193, 62
Trd, 4319120.693, 61
Trd, 4319121.343, 62
Trd, 4319121.843, 61
Trd, 4319122.243, 61
Trd, 4319122.343, 60
Trd, 4319123.393, 63
Trd, 4319125.243, 96
Trd, 4319125.643, 79
Trd, 4319126.693, 140
Trd, 4319127.193, 140
Trd, 4319127.293, 140
Trd, 4319127.493, 140
Trd, 4319127.643, 139
Trd, 4319129.443, 140
Trd, 4319129.693, 140
Trd, 4319130.093, 140
Trd, 4319130.543, 140
Trd, 4319131.443, 137
Trd, 4319132.193, 140
Trd, 4319132.693, 60
Trd, 4319133.993, 62
Trd, 4319134.843, 140
Trd, 4319135.193, 140
Trd, 4319135.943, 140
Trd, 4319136.943, 140
Trd, 4319137.293, 140
Trd, 4319137.743, 140
Trd, 4319138.293, 140
Trd, 4319138.843, 140
Trd, 4319139.593, 140
Trd, 4319140.743, 126
Trd, 4319141.093, 120
Trd, 4319142.143, 122
Trd, 4319142.343, 121
Trd, 4319143.143, 140
Trd, 4319143.543, 124
Trd, 4319145.293, 140
Trd, 4319145.493, 140
Trd, 4319146.393, 140
Trd, 4319146.743, 140
Trd, 4319147.193, 140
Trd, 4319147.243, 140
Trd, 4319148.043, 140
Trd, 4319148.143, 135
Trd, 4319148.343, 74
Trd, 4319148.743, 140
Trd, 4319149.293, 140
Trd, 4319150.693, 140
Trd, 4319151.693, 140
Trd, 4319151.943, 140
Trd, 4319152.193, 139
Trd, 4319152.893, 63
Trd, 4319153.293, 138
Trd, 4319154.043, 67
Trd, 4319155.543, 133
Trd, 4319155.893, 134
Trd, 4319156.043, 133
Trd, 4319156.093, 132
Trd, 4319157.743, 140
Trd, 4319157.843, 140
Trd, 4319160.043, 140
Trd, 4319160.593, 140
Trd, 4319161.243, 139
Trd, 4319162.493, 140
Trd, 4319162.593, 140
Trd, 4319163.993, 140
Trd, 4319164.143, 140
Trd, 4319164.743, 63
Trd, 4319165.143, 63
Trd, 4319165.593, 65
Trd, 4319166.143, 65
Trd, 4319167.043, 65
Trd, 4319167.193, 70
Trd, 4319167.393, 64
Trd, 4319167.693, 63
Trd, 4319169.043, 60
Trd, 4319169.693, 60
Trd, 4319170.243, 65
Trd, 4319171.143, 137
Trd, 4319171.593, 124
Trd, 4319172.343, 63
Trd, 4319173.893, 60
Trd, 4319173.943, 61
Trd, 4319174.893, 60
Trd, 4319175.643, 60
Trd, 4319176.093, 60
Trd, 4319176.143, 61
Trd, 4319176.743, 133
Trd, 4319176.843, 62
Trd, 4319177.143, 99
Trd, 4319178.643, 66
Trd, 4319180.293, 61
Trd, 4319180.993, 60
Trd, 4319182.843, 60
Trd, 4319183.043, 61
Trd, 4319183.493, 60
Trd, 4319183.893, 64
Trd, 4319184.393, 65
Trd, 4319184.493, 62
Trd, 4319184.693, 69
Trd, 4319185.193, 61
Trd, 4319185.693, 60
Trd, 4319185.943, 65
Trd, 4319187.043, 62
Trd, 4319187.443, 122
Trd, 4319188.893, 65
Trd, 4319189.343, 139
Trd, 4319189.743, 90
Trd, 4319189.893, 62
Trd, 4319190.193, 65
Trd, 4319191.143, 140
Trd, 4319191.343, 140
Trd, 4319191.493, 140
Trd, 4319192.643, 63
Trd, 4319192.743, 65
Trd, 4319193.543, 66
Trd, 4319196.493, 61
Trd, 4319198.343, 60
Trd, 4319198.393, 61
Trd, 4319200.093, 60
Trd, 4319200.743, 61
Trd, 4319200.993, 63
Trd, 4319201.193, 63
Trd, 4319201.793, 64
Trd, 4319202.393, 64
Trd, 4319202.943, 65
Trd, 4319204.443, 140
Trd, 4319204.643, 140
Trd, 4319204.743, 138
Trd, 4319205.093, 112
Trd, 4319205.943, 102
Trd, 4319206.143, 140
Trd, 4319207.143, 136
Trd, 4319207.443, 135
Trd, 4319209.043, 119
Trd, 4319209.143, 118
Trd, 4319209.593, 117
Trd, 4319209.943, 98
Trd, 4319210.193, 66
Trd, 4319211.643, 62
Trd, 4319212.343, 60
Trd, 4319214.143, 61
Trd, 4319214.343, 62
Trd, 4319214.643, 61
Trd, 4319214.693, 64
Trd, 4319214.843, 61
Trd, 4319216.093, 138
Trd, 4319216.193, 136
Trd, 4319216.743, 63
Trd, 4319217.293, 64
Trd, 4319217.593, 66
Trd, 4319219.243, 140
Trd, 4319220.193, 140
Trd, 4319220.593, 140
Trd, 4319220.993, 140
Trd, 4319221.443, 140
Trd, 4319221.843, 68
Trd, 4319222.993, 60
Trd, 4319223.393, 90
Trd, 4319223.793, 60
Trd, 4319223.893, 60
Trd, 4319225.243, 70
Trd, 4319225.893, 140
Trd, 4319226.393, 140
Trd, 4319226.993, 140
Trd, 4319227.993, 64
Trd, 4319228.143, 76
Trd, 4319228.393, 124
Trd, 4319228.843, 107
Trd, 4319229.743, 121
Trd, 4319231.243, 110
Trd, 4319231.293, 109
Trd, 4319231.693, 140
Trd, 4319233.093, 140
Trd, 4319233.793, 140
Trd, 4319235.093, 140
Trd, 4319235.493, 140
Trd, 4319236.143, 140
Trd, 4319236.493, 140
Trd, 4319236.693, 140
Trd, 4319236.743, 140
Trd, 4319237.093, 63
Trd, 4319237.643, 98
Trd, 4319237.893, 95
Trd, 4319239.143, 140
Trd, 4319240.843, 136
Trd, 4319241.393, 61
Trd, 4319242.343, 140
Trd, 4319242.493, 140
Trd, 4319244.343, 140
Trd, 4319244.493, 140
Trd, 4319244.693, 140
Trd, 4319245.043, 140
Trd, 4319245.743, 140
Trd, 4319246.493, 140
Trd, 4319246.743, 140
Trd, 4319246.793, 140
Trd, 4319247.093, 72
Trd, 4319247.493, 122
Trd, 4319248.193, 138
Trd, 4319248.593, 61
Trd, 4319249.943, 140
Trd, 4319251.743, 140
Trd, 4319251.843, 140
Trd, 4319252.893, 140
Trd, 4319253.393, 140
Trd, 4319253.743, 140
Trd, 4319254.943, 138
Trd, 4319254.993, 137
Trd, 4319256.993, 140
Trd, 4319257.293, 140
Trd, 4319258.093, 140
Trd, 4319258.243, 140
Trd, 4319258.793, 140
Trd, 4319259.743, 140
Trd, 4319259.993, 138
Trd, 4319260.093, 138
Trd, 4319261.343, 140
Trd, 4319261.693, 138
Trd, 4319262.243, 140
Trd, 4319263.443, 140
Trd, 4319264.743, 140
Trd, 4319265.043, 140
Trd, 4319265.093, 140
Trd, 4319265.543, 140
Trd, 4319265.893, 135
Trd, 4319266.543, 63
Trd, 4319267.243, 138
Trd, 4319269.093, 140
Trd, 4319269.743, 140
Trd, 4319270.143, 140
Trd, 4319270.193, 140
Trd, 4319270.343, 73
Trd, 4319271.543, 140
Trd, 4319271.743, 139
Trd, 4319272.843, 133
Trd, 4319272.943, 133
Trd, 4319274.143, 94
Trd, 4319274.493, 65
Trd, 4319275.093, 140
Trd, 4319275.643, 113
Trd, 4319275.693, 112
Trd, 4319276.593, 139
Trd, 4319278.193, 140
Trd, 4319278.343, 126
Trd, 4319279.843, 136
Trd, 4319279.943, 135
Trd, 4319280.543, 140
Trd, 4319280.693, 129
Trd, 4319281.193, 126
Trd, 4319281.593, 118
Trd, 4319282.393, 114
Trd, 4319283.143, 140
Trd, 4319283.193, 140
Trd, 4319283.693, 84
Trd, 4319285.543, 130
Trd, 4319286.443, 140
Trd, 4319286.893, 140
Trd, 4319286.993, 140
Trd, 4319287.393, 139
Trd, 4319288.443, 126
Trd, 4319288.893, 140
Trd, 4319289.043, 127
Trd, 4319289.593, 106
Trd, 4319289.743, 101
Trd, 4319290.693, 139
Trd, 4319290.943, 139
Trd, 4319291.643, 140
Trd, 4319291.693, 140
Trd, 4319293.343, 140
Trd, 4319293.593, 140
Trd, 4319293.993, 140
Trd, 4319294.343, 140
Trd, 4319294.793, 140
Trd, 4319295.793, 140
Trd, 4319296.343, 140
Trd, 4319296.743, 140
Trd, 4319298.143, 140
Trd, 4319298.293, 122
Trd, 4319299.943, 62
Trd, 4319301.293, 60
Trd, 4319302.043, 60
Trd, 4319302.543, 62
Trd, 4319303.293, 61
Trd, 4319303.843, 63
Trd, 4319303.993, 63
Trd, 4319304.143, 140
Trd, 4319304.393, 140
Trd, 4319305.693, 115
Trd, 4319305.793, 87
Trd, 4319306.443, 140
Trd, 4319306.493, 140
Trd, 4319309.293, 140
Trd, 4319309.693, 140
Trd, 4319309.893, 140
Trd, 4319310.043, 140
Trd, 4319312.043, 60
Trd, 4319312.143, 64
Trd, 4319312.693, 66
Trd, 4319313.143, 61
Trd, 4319313.643, 72
Trd, 4319315.143, 63
Trd, 4319315.643, 64
Trd, 4319315.893, 111
Trd, 4319316.043, 89
Trd, 4319316.643, 140
Trd, 4319317.193, 67
Trd, 4319317.993, 66
Trd, 4319318.093, 64
Trd, 4319318.493, 61
Trd, 4319319.093, 62
Trd, 4319320.643, 63
Trd, 4319322.393, 61
Trd, 4319322.993, 61
Trd, 4319325.443, 61
Trd, 4319327.443, 60
Trd, 4319328.093, 60
Trd, 4319328.593, 60
Trd, 4319329.293, 63
Trd, 4319329.893, 64
Trd, 4319330.093, 62
Trd, 4319330.193, 60
Trd, 4319330.993, 65
Trd, 4319331.493, 68
Trd, 4319333.143, 62
Trd, 4319333.193, 62
Trd, 4319333.443, 61
Trd, 4319336.393, 60
Trd, 4319337.193, 64
Trd, 4319337.393, 65
Trd, 4319338.143, 66
Trd, 4319338.843, 61
Trd, 4319339.743, 60
Trd, 4319339.893, 63
Trd, 4319340.793, 61
Trd, 4319343.443, 60
Trd, 4319343.493, 65
Trd, 4319343.693, 71
Trd, 4319343.993, 68
Trd, 4319344.643, 140
Trd, 4319345.193, 140
Trd, 4319345.243, 140
Trd, 4319345.443, 140
Trd, 4319345.543, 140
Trd, 4319345.643, 85
Trd, 4319348.543, 136
Trd, 4319348.593, 74
Trd, 4319350.893, 60
Trd, 4319350.943, 60
Trd, 4319351.143, 60
Trd, 4319351.193, 60
Trd, 4319351.443, 62
Trd, 4319353.593, 61
Trd, 4319353.743, 60
Trd, 4319354.043, 61
Trd, 4319354.943, 64
Trd, 4319355.043, 63
Trd, 4319355.993, 62
Trd, 4319357.693, 60
Trd, 4319358.093, 64
Trd, 4319360.043, 60
Trd, 4319361.493, 60
Trd, 4319361.593, 61
Trd, 4319361.693, 66
Trd, 4319361.793, 69
Trd, 4319362.193, 62
Trd, 4319362.393, 61
Trd, 4319362.943, 72
Trd, 4319363.193, 140
Trd, 4319363.493, 140
Trd, 4319363.693, 140
Trd, 4319364.043, 138
Trd, 4319365.593, 137
Trd, 4319365.943, 139
Trd, 4319367.943, 60
Trd, 4319370.093, 60
Trd, 4319372.243, 60
Trd, 4319372.443, 61
Trd, 4319372.943, 60
Trd, 4319373.693, 61
Trd, 4319373.893, 61
Trd, 4319374.093, 60
Trd, 4319375.043, 60
Trd, 4319375.393, 140
Trd, 4319376.343, 140
Trd, 4319376.743, 140
Trd, 4319376.893, 140
Trd, 4319377.043, 95
Trd, 4319378.043, 140
Trd, 4319378.943, 140
Trd, 4319379.343, 140
Trd, 4319379.543, 140
Trd, 4319380.793, 140
Trd, 4319380.843, 140
Trd, 4319380.893, 140
Trd, 4319381.243, 130
Trd, 4319382.993, 104
Trd, 4319383.643, 76
Trd, 4319384.793, 140
Trd, 4319385.993, 140
Trd, 4319386.143, 140
Trd, 4319386.293, 140
Trd, 4319386.593, 140
Trd, 4319386.793, 139
Trd, 4319388.343, 104
Trd, 4319389.393, 140
Trd, 4319389.593, 140
Trd, 4319389.743, 139
Trd, 4319390.343, 87
Trd, 4319391.543, 81
Trd, 4319391.893, 80
Trd, 4319392.243, 140
Trd, 4319394.293, 60
Trd, 4319394.793, 60
Trd, 4319395.093, 60
Trd, 4319396.743, 60
Trd, 4319396.843, 60
Trd, 4319398.943, 60
Trd, 4319399.693, 61
Trd, 4319400.393, 65
Trd, 4319400.543, 67
Trd, 4319400.693, 126
Trd, 4319401.493, 62
Trd, 4319402.293, 64
Trd, 4319403.543, 60
Trd, 4319405.593, 61
Trd, 4319406.843, 61
Trd, 4319407.293, 61
Trd, 4319407.343, 70
Trd, 4319408.543, 67
Trd, 4319410.893, 60
Trd, 4319411.293, 61
Trd, 4319411.443, 61
Trd, 4319412.493, 61
Trd, 4319412.643, 60
Trd, 4319412.693, 63
Trd, 4319414.443, 68
Trd, 4319414.643, 63
Trd, 4319415.093, 66
Trd, 4319415.943, 68
Trd, 4319417.143, 139
Trd, 4319417.543, 72
Trd, 4319418.243, 140
Trd, 4319418.643, 140
Trd, 4319419.543, 140
Trd, 4319421.793, 140
Trd, 4319422.093, 140
Trd, 4319423.293, 140
Trd, 4319423.393, 138
Trd, 4319423.793, 140
Trd, 4319424.343, 139
Trd, 4319424.543, 139
Trd, 4319425.343, 69
Trd, 4319426.693, 70
Trd, 4319427.593, 98
Trd, 4319428.243, 73
Trd, 4319428.393, 71
Trd, 4319428.843, 69
Trd, 4319429.943, 61
Trd, 4319430.843, 60
Trd, 4319432.093, 60
Trd, 4319432.793, 61
Trd, 4319433.443, 61
Trd, 4319434.893, 60
Trd, 4319435.593, 61
Trd, 4319436.043, 61
Trd, 4319436.493, 61
Trd, 4319437.943, 60
Trd, 4319438.443, 60
Trd, 4319438.943, 60
Trd, 4319439.543, 60
Trd, 4319440.493, 60
Trd, 4319441.043, 62
Trd, 4319441.093, 62
Trd, 4319441.643, 66
Trd, 4319442.643, 66
Trd, 4319443.243, 139
Trd, 4319443.493, 102
Trd, 4319443.543, 101
Trd, 4319444.193, 140
Trd, 4319444.293, 66
Trd, 4319447.543, 60
Trd, 4319448.293, 60
Trd, 4319449.443, 60
Trd, 4319449.843, 60
Trd, 4319450.393, 60
Trd, 4319451.443, 61
Trd, 4319451.493, 63
Trd, 4319452.793, 60
Trd, 4319452.843, 60
Trd, 4319452.993, 60
Trd, 4319453.343, 62
Trd, 4319453.943, 61
Trd, 4319454.043, 67
Trd, 4319454.943, 62
Trd, 4319455.793, 130
Trd, 4319456.393, 86
Trd, 4319456.793, 75
Trd, 4319457.643, 72
Trd, 4319458.043, 87
Trd, 4319458.093, 72
Trd, 4319458.993, 76
Trd, 4319459.443, 78
Trd, 4319459.893, 75
Trd, 4319460.193, 61
Trd, 4319460.543, 65
Trd, 4319461.893, 60
Trd, 4319463.643, 60
Trd, 4319464.143, 61
Trd, 4319465.593, 61
Trd, 4319466.043, 60
Trd, 4319466.593, 60
Trd, 4319468.043, 60
Trd, 4319470.643, 60
Trd, 4319470.693, 60
Trd, 4319470.993, 60
Trd, 4319471.643, 62
Trd, 4319471.993, 60
Trd, 4319472.443, 60
Trd, 4319472.593, 64
Trd, 4319473.493, 64
Trd, 4319474.493, 65
Trd, 4319475.143, 67
Trd, 4319475.493, 67
Trd, 4319477.443, 110
Trd, 4319477.493, 71
Trd, 4319477.543, 70
Trd, 4319477.693, 68
Trd, 4319478.293, 65
Trd, 4319479.393, 69
Trd, 4319480.243, 61
Trd, 4319481.493, 62
Trd, 4319483.793, 60
Trd, 4319484.343, 60
Trd, 4319485.543, 61
Trd, 4319486.043, 60
Trd, 4319486.493, 61
Trd, 4319486.793, 61
Trd, 4319487.193, 62
Trd, 4319487.743, 63
Trd, 4319488.243, 65
Trd, 4319489.043, 69
Trd, 4319489.543, 68
Trd, 4319490.543, 140
Trd, 4319490.993, 140
Trd, 4319491.843, 140
Trd, 4319492.443, 140
Trd, 4319493.243, 140
Trd, 4319493.443, 140
Trd, 4319494.043, 140
Trd, 4319494.093, 140
Trd, 4319494.443, 140
Trd, 4319495.443, 140
Trd, 4319496.293, 139
Trd, 4319496.493, 110
Trd, 4319497.443, 74
Trd, 4319497.693, 73
Trd, 4319498.443, 69
Trd, 4319500.393, 140
Trd, 4319501.093, 140
Trd, 4319501.343, 140
Trd, 4319501.893, 140
Trd, 4319502.393, 139
Trd, 4319503.343, 140
Trd, 4319503.943, 140
Trd, 4319504.143, 140
Trd, 4319504.393, 140
Trd, 4319506.143, 140
Trd, 4319506.843, 140
Trd, 4319507.793, 140
Trd, 4319508.043, 140
Trd, 4319508.693, 139
Trd, 4319509.293, 140
Trd, 4319509.443, 140
Trd, 4319509.793, 139
Trd, 4319510.943, 78
Trd, 4319512.343, 140
Trd, 4319512.893, 140
Trd, 4319512.993, 140
Trd, 4319514.593, 140
Trd, 4319514.643, 139
Trd, 4319515.093, 116
Trd, 4319515.393, 119
Trd, 4319515.893, 133
Trd, 4319516.193, 134
Trd, 4319516.793, 121
Trd, 4319517.843, 138
Trd, 4319518.193, 121
Trd, 4319519.193, 140
Trd, 4319519.543, 140
Trd, 4319519.793, 140
Trd, 4319520.243, 102
Trd, 4319520.643, 62
Trd, 4319521.893, 135
Trd, 4319522.743, 62
Trd, 4319522.843, 63
Trd, 4319523.493, 133
Trd, 4319525.293, 61
Trd, 4319526.643, 60
Trd, 4319527.943, 60
Trd, 4319528.493, 60
Trd, 4319528.743, 60
Trd, 4319528.843, 61
Trd, 4319529.493, 63
Trd, 4319529.943, 60
Trd, 4319530.343, 62
Trd, 4319531.593, 140
Trd, 4319532.143, 140
Trd, 4319532.393, 140
Trd, 4319532.893, 139
Trd, 4319532.943, 132
Trd, 4319533.793, 140
Trd, 4319534.643, 140
Trd, 4319535.143, 140
Trd, 4319535.193, 140
Trd, 4319535.543, 140
Trd, 4319536.243, 139
Trd, 4319536.593, 140
Trd, 4319539.143, 61
Trd, 4319539.393, 70
Trd, 4319539.443, 71
Trd, 4319540.893, 68
Trd, 4319541.443, 62
Trd, 4319542.243, 60
Trd, 4319542.843, 67
Trd, 4319544.643, 60
Trd, 4319544.793, 60
Trd, 4319546.193, 61
Trd, 4319547.293, 60
Trd, 4319547.843, 60
Trd, 4319547.893, 62
Trd, 4319548.293, 60
Trd, 4319549.943, 66
Trd, 4319550.543, 65
Trd, 4319552.243, 64
Trd, 4319553.343, 62
Trd, 4319555.993, 60
Trd, 4319556.093, 60
Trd, 4319556.143, 61
Trd, 4319556.193, 62
Trd, 4319556.443, 64
Trd, 4319556.943, 62
Trd, 4319558.193, 65
Trd, 4319558.843, 140
Trd, 4319559.343, 140
Trd, 4319559.693, 140
Trd, 4319560.143, 140
Trd, 4319561.293, 140
Trd, 4319561.993, 140
Trd, 4319562.543, 140
Trd, 4319562.993, 140
Trd, 4319563.043, 140
Trd, 4319563.293, 140
Trd, 4319563.343, 139
Trd, 4319564.493, 140
Trd, 4319565.443, 93
Trd, 4319565.693, 63
Trd, 4319569.443, 60
Trd, 4319569.743, 60
Trd, 4319570.143, 63
Trd, 4319570.743, 60
Trd, 4319571.343, 60
Trd, 4319572.393, 63
Trd, 4319572.693, 77
Trd, 4319572.893, 65
Trd, 4319573.543, 140
Trd, 4319574.643, 61
Trd, 4319575.593, 63
Trd, 4319576.143, 64
Trd, 4319576.493, 63
Trd, 4319576.743, 61
Trd, 4319577.343, 140
Trd, 4319577.643, 139
Trd, 4319578.193, 140
Trd, 4319578.593, 139
Trd, 4319579.143, 140
Trd, 4319580.943, 140
Trd, 4319581.293, 140
Trd, 4319581.543, 140
Trd, 4319582.343, 140
Trd, 4319582.493, 140
Trd, 4319582.643, 135
Trd, 4319583.443, 106
Trd, 4319584.743, 108
Trd, 4319584.993, 109
Trd, 4319585.343, 109
Trd, 4319585.643, 107
Trd, 4319586.043, 67
Trd, 4319586.543, 87
Trd, 4319588.643, 140
Trd, 4319589.743, 140
Trd, 4319591.093, 140
Trd, 4319591.293, 140
Trd, 4319591.543, 140
Trd, 4319591.743, 140
Trd, 4319592.793, 140
Trd, 4319593.493, 140
Trd, 4319593.643, 140
Trd, 4319594.293, 140
Trd, 4319594.693, 140
Trd, 4319595.393, 140
Trd, 4319596.293, 140
Trd, 4319596.693, 140
Trd, 4319596.793, 140
Trd, 4319597.693, 140
Trd, 4319598.343, 139
Trd, 4319599.493, 60
Trd, 4319599.643, 65
Trd, 4319600.993, 61
Trd, 4319601.143, 62
Trd, 4319601.243, 62
Trd, 4319601.993, 70
Trd, 4319602.843, 134
Trd, 4319603.393, 135
Trd, 4319603.443, 121
Trd, 4319604.043, 139
Trd, 4319604.443, 103
Trd, 4319605.743, 138
Trd, 4319606.343, 140
Trd, 4319607.443, 62
Trd, 4319608.143, 61
Trd, 4319608.443, 62
Trd, 4319609.093, 61
Trd, 4319610.593, 64
Trd, 4319612.593, 62
Trd, 4319613.593, 61
Trd, 4319615.243, 60
Trd, 4319615.343, 60
Trd, 4319615.843, 60
Trd, 4319616.093, 60
Trd, 4319616.243, 61
Trd, 4319616.393, 60
Trd, 4319616.643, 67
Trd, 4319616.693, 69
Trd, 4319617.293, 68
Trd, 4319618.193, 124
Trd, 4319620.293, 134
Trd, 4319620.593, 63
Trd, 4319621.593, 61
Trd, 4319621.843, 69
Trd, 4319622.593, 63
Trd, 4319623.093, 128
Trd, 4319623.843, 65
Trd, 4319624.393, 69
Trd, 4319624.693, 63
Trd, 4319626.893, 60
Trd, 4319627.143, 60
Trd, 4319627.943, 60
Trd, 4319628.243, 65
Trd, 4319628.793, 71
Trd, 4319629.343, 71
Trd, 4319629.793, 63
Trd, 4319630.443, 63
Trd, 4319631.643, 64
Trd, 4319632.493, 60
Trd, 4319633.343, 60
Trd, 4319633.393, 60
Trd, 4319635.893, 60
Trd, 4319636.193, 60
Trd, 4319638.743, 60
Trd, 4319638.993, 60
Trd, 4319639.193, 61
Trd, 4319639.593, 61
Trd, 4319639.743, 62
Trd, 4319639.793, 67
Trd, 4319640.043, 86
Trd, 4319640.443, 66
Trd, 4319640.893, 64
Trd, 4319642.243, 67
Trd, 4319642.643, 69
Trd, 4319642.993, 68
Trd, 4319643.793, 91
Trd, 4319645.243, 61
Trd, 4319646.493, 67
Trd, 4319646.793, 61
Trd, 4319647.293, 60
Trd, 4319648.243, 62
Trd, 4319649.643, 60
Trd, 4319650.043, 61
Trd, 4319650.343, 61
Trd, 4319650.743, 64
Trd, 4319651.543, 60
Trd, 4319651.943, 62
Trd, 4319652.643, 60
Trd, 4319652.743, 61
Trd, 4319653.143, 60
Trd, 4319654.143, 65
Trd, 4319654.243, 66
Trd, 4319655.043, 134
Trd, 4319655.293, 68
Trd, 4319655.893, 122
Trd, 4319657.643, 64
Trd, 4319658.293, 61
Trd, 4319659.593, 61
Trd, 4319660.393, 60
Trd, 4319660.643, 61
Trd, 4319662.693, 60
Trd, 4319663.493, 60
Trd, 4319664.043, 60
Trd, 4319664.993, 60
Trd, 4319665.593, 60
Trd, 4319666.243, 60
Trd, 4319666.343, 62
Trd, 4319666.543, 60
Trd, 4319666.843, 63
Trd, 4319668.743, 60
Trd, 4319668.943, 61
Trd, 4319672.443, 60
Trd, 4319673.643, 60
Trd, 4319673.993, 61
Trd, 4319674.643, 62
Trd, 4319675.243, 60
Trd, 4319676.143, 60
Trd, 4319676.193, 61
Trd, 4319676.593, 63
Trd, 4319678.443, 60
Trd, 4319678.743, 61
Trd, 4319679.193, 61
Trd, 4319679.243, 65
Trd, 4319680.343, 63
Trd, 4319681.093, 60
Trd, 4319682.743, 60
Trd, 4319683.693, 61
Trd, 4319684.743, 60
Trd, 4319686.293, 60
Trd, 4319686.543, 61
Trd, 4319687.143, 62
Trd, 4319687.293, 63
Trd, 4319688.143, 64
Trd, 4319688.193, 62
Trd, 4319688.743, 63
Trd, 4319691.143, 61
Trd, 4319691.493, 62
Trd, 4319692.243, 62
Trd, 4319693.393, 62
Trd, 4319693.793, 61
Trd, 4319695.593, 60
Trd, 4319695.943, 60
Trd, 4319696.593, 60
Trd, 4319697.043, 61
Trd, 4319697.243, 66
Trd, 4319697.893, 61
Trd, 4319698.793, 139
Trd, 4319699.143, 61
Trd, 4319699.843, 70
Trd, 4319701.443, 60
Trd, 4319701.643, 67
Trd, 4319702.693, 139
Trd, 4319705.043, 64
Trd, 4319705.493, 66
Trd, 4319705.793, 68
Trd, 4319707.243, 64
Trd, 4319708.643, 60
Trd, 4319708.693, 69
Trd, 4319709.443, 61
Trd, 4319709.693, 60
Trd, 4319710.743, 61
Trd, 4319710.793, 62
Trd, 4319711.043, 62
Trd, 4319711.293, 120
Trd, 4319711.843, 62
Trd, 4319712.843, 138
Trd, 4319712.893, 60
Trd, 4319715.543, 60
Trd, 4319716.343, 60
Trd, 4319716.693, 61
Trd, 4319718.143, 60
Trd, 4319718.493, 60
Trd, 4319720.143, 60
Trd, 4319720.193, 60
Trd, 4319721.143, 64
Trd, 4319721.343, 63
Trd, 4319721.393, 61
Trd, 4319723.193, 60
Trd, 4319723.243, 62
Trd, 4319724.543, 63
Trd, 4319724.843, 137
Trd, 4319725.543, 61
Trd, 4319726.343, 60
Trd, 4319727.293, 110
Trd, 4319727.793, 69
Trd, 4319728.843, 75
Trd, 4319728.993, 72
Trd, 4319729.293, 75
Trd, 4319729.393, 71
Trd, 4319730.543, 140
Trd, 4319731.093, 139
Trd, 4319733.493, 61
Trd, 4319733.743, 61
Trd, 4319733.793, 61
Trd, 4319734.343, 61
Trd, 4319734.393, 64
Trd, 4319734.693, 66
Trd, 4319735.293, 65
Trd, 4319735.943, 140
Trd, 4319736.843, 140
Trd, 4319736.893, 140
Trd, 4319737.293, 138
Trd, 4319737.943, 65
Trd, 4319738.943, 63
Trd, 4319740.393, 140
Trd, 4319740.593, 140
Trd, 4319741.193, 140
Trd, 4319741.693, 140
Trd, 4319741.843, 77
Trd, 4319742.643, 140
Trd, 4319745.193, 60
Trd, 4319745.493, 60
Trd, 4319746.593, 60
Trd, 4319746.793, 61
Trd, 4319747.293, 62
Trd, 4319747.793, 63
Trd, 4319747.993, 63
Trd, 4319748.193, 63
Trd, 4319748.443, 73
Trd, 4319750.093, 60
Trd, 4319750.143, 65
Trd, 4319750.543, 65
Trd, 4319750.643, 66
Trd, 4319751.093, 140
Trd, 4319751.343, 116
Trd, 4319751.743, 115
Trd, 4319752.743, 71
Trd, 4319753.943, 63
Trd, 4319755.793, 61
Trd, 4319756.793, 60
Trd, 4319756.843, 62
Trd, 4319757.893, 60
Trd, 4319758.143, 60
Trd, 4319758.293, 60
Trd, 4319758.393, 62
Trd, 4319760.043, 61
Trd, 4319760.443, 61
Trd, 4319760.793, 62
Trd, 4319760.893, 103
Trd, 4319761.193, 60
Trd, 4319763.693, 140
Trd, 4319763.843, 140
Trd, 4319763.993, 140
Trd, 4319764.093, 137
Trd, 4319765.543, 131
Trd, 4319766.893, 140
Trd, 4319768.493, 140
Trd, 4319769.193, 140
Trd, 4319770.493, 140
Trd, 4319770.693, 140
Trd, 4319771.543, 140
Trd, 4319771.593, 140
Trd, 4319772.743, 140
Trd, 4319774.143, 140
Trd, 4319774.693, 140
Trd, 4319774.793, 140
Trd, 4319774.943, 140
Trd, 4319776.343, 140
Trd, 4319776.593, 140
Trd, 4319776.743, 139
Trd, 4319777.893, 140
Trd, 4319778.493, 140
Trd, 4319779.093, 140
Trd, 4319779.593, 140
Trd, 4319780.243, 138
Trd, 4319780.643, 138
Trd, 4319781.293, 138
Trd, 4319783.793, 139
Trd, 4319784.093, 140
Trd, 4319784.843, 140
Trd, 4319785.993, 140
Trd, 4319786.243, 140
Trd, 4319786.443, 140
Trd, 4319786.693, 140
Trd, 4319787.293, 140
Trd, 4319788.243, 140
Trd, 4319788.743, 138
Trd, 4319789.493, 140
Trd, 4319789.593, 140
Trd, 4319790.993, 140
Trd, 4319791.343, 140
Trd, 4319791.643, 140
Trd, 4319792.443, 140
Trd, 4319792.893, 140
Trd, 4319793.443, 137
Trd, 4319793.593, 87
Trd, 4319793.943, 87
Trd, 4319795.843, 140
Trd, 4319795.893, 140
Trd, 4319796.243, 138
Trd, 4319796.793, 111
Trd, 4319796.893, 110
Trd, 4319798.643, 60
Trd, 4319798.993, 139
Trd, 4319799.743, 60
Trd, 4319800.693, 60
Trd, 4319800.843, 74
Trd, 4319802.043, 71
Trd, 4319802.193, 111
Trd, 4319803.943, 139
Trd, 4319804.293, 140
Trd, 4319804.543, 140
Trd, 4319804.893, 140
Trd, 4319804.943, 139
Trd, 4319806.093, 61
Trd, 4319808.493, 60
Trd, 4319808.643, 60
Trd, 4319808.893, 70
Trd, 4319809.893, 65
Trd, 4319810.393, 63
Trd, 4319810.643, 67
Trd, 4319811.193, 68
Trd, 4319811.543, 69
Trd, 4319812.193, 139
Trd, 4319812.593, 139
Trd, 4319813.593, 63
Trd, 4319814.193, 66
Trd, 4319817.993, 60
Trd, 4319818.043, 62
Trd, 4319819.943, 60
Trd, 4319820.243, 60
Trd, 4319820.493, 60
Trd, 4319821.143, 60
Trd, 4319821.393, 60
Trd, 4319822.093, 61
Trd, 4319822.293, 62
Trd, 4319823.693, 67
Trd, 4319823.843, 69
Trd, 4319826.693, 60
Trd, 4319828.243, 60
Trd, 4319829.893, 61
Trd, 4319829.993, 64
Trd, 4319830.893, 62
Trd, 4319832.043, 63
Trd, 4319833.643, 61
Trd, 4319833.793, 62
Trd, 4319834.143, 62
Trd, 4319834.693, 63
Trd, 4319835.243, 65
Trd, 4319835.343, 63
Trd, 4319836.093, 85
Trd, 4319836.243, 86
Trd, 4319836.793, 64
Trd, 4319837.343, 63
Trd, 4319837.443, 66
Trd, 4319838.793, 60
Trd, 4319838.993, 65
Trd, 4319839.743, 65
Trd, 4319841.543, 60
Trd, 4319843.093, 60
Trd, 4319843.843, 61
Trd, 4319846.243, 60
Trd, 4319847.693, 60
Trd, 4319847.993, 61
Trd, 4319848.843, 62
Trd, 4319848.993, 60
Trd, 4319850.093, 61
Trd, 4319850.293, 61
Trd, 4319850.843, 63
Trd, 4319851.443, 60
Trd, 4319851.893, 62
Trd, 4319852.143, 77
Trd, 4319852.643, 66
Trd, 4319853.293, 65
Trd, 4319854.143, 96
Trd, 4319854.193, 69
Trd, 4319854.293, 105
Trd, 4319854.343, 68
Trd, 4319856.443, 60
Trd, 4319857.693, 60
Trd, 4319857.993, 61
Trd, 4319858.343, 62
Trd, 4319861.493, 60
Trd, 4319861.793, 61
Trd, 4319861.943, 63
Trd, 4319862.743, 60
Trd, 4319862.943, 62
Trd, 4319863.043, 66
Trd, 4319863.143, 69
Trd, 4319864.093, 66
Trd, 4319865.143, 63
Trd, 4319865.243, 64
Trd, 4319866.043, 64
Trd, 4319866.293, 65
Trd, 4319867.143, 103
Trd, 4319867.243, 65
Trd, 4319868.393, 92
Trd, 4319868.893, 140
Trd, 4319869.693, 140
Trd, 4319869.993, 137
Trd, 4319870.493, 137
Trd, 4319870.943, 139
Trd, 4319871.243, 136
Trd, 4319872.693, 139
Trd, 4319874.493, 138
Trd, 4319874.593, 137
Trd, 4319874.693, 137
Trd, 4319877.493, 140
Trd, 4319877.543, 140
Trd, 4319877.743, 137
Trd, 4319878.093, 121
Trd, 4319878.493, 139
Trd, 4319878.943, 138
Trd, 4319880.093, 126
Trd, 4319880.243, 139
Trd, 4319880.443, 126
Trd, 4319881.243, 129
Trd, 4319882.093, 130
Trd, 4319883.793, 134
Trd, 4319884.093, 137
Trd, 4319884.143, 129
Trd, 4319885.043, 120
Trd, 4319885.593, 140
Trd, 4319886.043, 140
Trd, 4319886.093, 140
Trd, 4319886.143, 110
Trd, 4319887.543, 60
Trd, 4319888.243, 60
Trd, 4319888.743, 64
Trd, 4319891.543, 61
Trd, 4319892.293, 62
Trd, 4319892.593, 63
Trd, 4319893.193, 60
Trd, 4319895.193, 60
Trd, 4319895.393, 60
Trd, 4319895.643, 62
Trd, 4319895.793, 62
Trd, 4319896.093, 61
Trd, 4319896.443, 64
Trd, 4319896.493, 69
Trd, 4319897.543, 60
Trd, 4319901.393, 60
Trd, 4319901.493, 62
Trd, 4319901.643, 64
Trd, 4319902.043, 65
Trd, 4319902.243, 140
Trd, 4319902.743, 140
Trd, 4319903.093, 140
Trd, 4319904.143, 140
Trd, 4319904.693, 140
Trd, 4319906.043, 140
Trd, 4319906.143, 140
Trd, 4319906.693, 140
Trd, 4319907.793, 140
Trd, 4319908.093, 140
Trd, 4319908.393, 140
Trd, 4319909.093, 140
Trd, 4319910.343, 140
Trd, 4319911.343, 140
Trd, 4319912.843, 140
Trd, 4319913.193, 140
Trd, 4319913.543, 140
Trd, 4319913.693, 140
Trd, 4319914.593, 140
Trd, 4319914.843, 140
Trd, 4319914.943, 139
Trd, 4319915.643, 140
Trd, 4319915.893, 135
Trd, 4319917.893, 138
Trd, 4319919.443, 140
Trd, 4319920.193, 140
Trd, 4319920.393, 140
Trd, 4319920.643, 138
Trd, 4319920.843, 115
Trd, 4319921.143, 140
Trd, 4319922.793, 60
Trd, 4319922.893, 64
Trd, 4319923.993, 65
Trd, 4319926.743, 65
Trd, 4319928.343, 60
Trd, 4319929.193, 60
Trd, 4319929.793, 60
Trd, 4319929.893, 61
Trd, 4319930.043, 61
Trd, 4319930.293, 62
Trd, 4319931.293, 72
Trd, 4319931.393, 67
Trd, 4319931.493, 66
Trd, 4319931.943, 140
Trd, 4319932.143, 140
Trd, 4319932.843, 68
Trd, 4319934.693, 140
Trd, 4319935.593, 140
Trd, 4319935.843, 140
Trd, 4319936.143, 140
Trd, 4319937.593, 140
Trd, 4319938.043, 140
Trd, 4319938.843, 140
Trd, 4319939.543, 140
Trd, 4319939.743, 140
Trd, 4319940.293, 140
Trd, 4319941.493, 139
Trd, 4319941.543, 138
Trd, 4319941.893, 114
Trd, 4319942.743, 114
Trd, 4319944.393, 140
Trd, 4319944.693, 138
Trd, 4319945.043, 140
Trd, 4319945.593, 138
Trd, 4319946.243, 60
Trd, 4319946.343, 61
Trd, 4319947.093, 62
Trd, 4319948.543, 60
Trd, 4319949.193, 61
Trd, 4319949.993, 64
Trd, 4319950.193, 83
Trd, 4319951.293, 61
Trd, 4319952.043, 78
Trd, 4319953.743, 62
Trd, 4319956.043, 60
Trd, 4319956.343, 60
Trd, 4319956.793, 61
Trd, 4319956.993, 61
Trd, 4319957.843, 63
Trd, 4319958.393, 63
Trd, 4319958.893, 63
Trd, 4319959.393, 63
Trd, 4319960.243, 65
Trd, 4319960.643, 138
Trd, 4319961.293, 78
Trd, 4319961.743, 64
Trd, 4319962.543, 64
Trd, 4319963.443, 81
Trd, 4319964.043, 140
Trd, 4319964.193, 140
Trd, 4319964.493, 140
Trd, 4319964.843, 68
Trd, 4319966.093, 70
Trd, 4319966.943, 140
Trd, 4319967.093, 140
Trd, 4319968.443, 140
Trd, 4319968.493, 140
Trd, 4319970.693, 140
Trd, 4319970.893, 140
Trd, 4319971.143, 140
Trd, 4319971.193, 140
Trd, 4319971.593, 140
Trd, 4319971.643, 92
Trd, 4319971.693, 91
Trd, 4319972.593, 137
Trd, 4319973.943, 88
Trd, 4319974.493, 90
Trd, 4319975.993, 140
Trd, 4319976.243, 127
Trd, 4319976.893, 87
Trd, 4319977.493, 126
Trd, 4319977.743, 138
Trd, 4319977.843, 86
Trd, 4319978.593, 139
Trd, 4319980.543, 63
Trd, 4319981.643, 64
Trd, 4319982.143, 63
Trd, 4319982.493, 136
Trd, 4319983.293, 61
Trd, 4319983.493, 60
Trd, 4319984.043, 80
Trd, 4319984.693, 115
Trd, 4319984.943, 81
Trd, 4319985.393, 140
Trd, 4319985.993, 66
Trd, 4319986.593, 62
Trd, 4319988.343, 140
Trd, 4319988.843, 140
Trd, 4319990.193, 140
Trd, 4319990.543, 140
Trd, 4319990.693, 140
Trd, 4319990.743, 140
Trd, 4319991.143, 140
Trd, 4319992.743, 140
Trd, 4319992.893, 140
Trd, 4319993.093, 140
Trd, 4319993.593, 140
Trd, 4319993.943, 140
Trd, 4319994.343, 140
Trd, 4319996.193, 140
Trd, 4319996.643, 138
Trd, 4319997.693, 140
Trd, 4319997.843, 140
Trd, 4319997.943, 136
Trd, 4319998.493, 76
