Trd, 4318123.493, 62
Trd, 4318123.543, 76
Trd, 4318125.293, 60
Trd, 4318125.343, 108
Trd, 4318125.693, 61
Trd, 4318126.193, 115
Trd, 4318127.893, 62
Trd, 4318128.643, 78
Trd, 4318130.143, 122
Trd, 4318130.243, 123
Trd, 4318130.943, 126
Trd, 4318130.993, 100
Trd, 4318131.593, 139
Trd, 4318132.443, 140
Trd, 4318132.543, 122
Trd, 4318134.543, 125
Trd, 4318134.743, 124
Trd, 4318135.093, 61
Trd, 4318137.143, 65
Trd, 4318137.793, 61
Trd, 4318137.843, 61
Trd, 4318138.793, 89
Trd, 4318138.993, 91
Trd, 4318140.243, 109
Trd, 4318140.993, 137
Trd, 4318142.443, 124
Trd, 4318142.643, 110
Trd, 4318142.843, 108
Trd, 4318143.443, 107
Trd, 4318144.543, 115
Trd, 4318145.093, 130
Trd, 4318145.143, 129
Trd, 4318146.593, 64
Trd, 4318146.893, 131
Trd, 4318146.993, 66
Trd, 4318148.093, 126
Trd, 4318148.243, 116
Trd, 4318151.293, 60
Trd, 4318151.543, 61
Trd, 4318153.143, 61
Trd, 4318154.993, 60
Trd, 4318155.143, 60
Trd, 4318155.493, 65
Trd, 4318155.843, 105
Trd, 4318156.293, 65
Trd, 4318156.343, 75
Trd, 4318157.143, 68
Trd, 4318157.343, 67
Trd, 4318158.943, 92
Trd, 4318158.993, 81
Trd, 4318160.993, 104
Trd, 4318161.243, 95
Trd, 4318162.243, 94
Trd, 4318163.743, 60
Trd, 4318164.743, 61
Trd, 4318165.443, 60
Trd, 4318165.643, 61
Trd, 4318166.093, 62
Trd, 4318167.743, 62
Trd, 4318167.943, 63
Trd, 4318168.593, 130
Trd, 4318168.643, 110
Trd, 4318169.393, 86
Trd, 4318170.293, 140
Trd, 4318170.493, 140
Trd, 4318170.543, 140
Trd, 4318170.993, 113
Trd, 4318172.193, 122
Trd, 4318172.493, 140
Trd, 4318173.343, 139
Trd, 4318174.593, 131
Trd, 4318175.543, 133
Trd, 4318175.743, 132
Trd, 4318178.793, 140
Trd, 4318179.393, 140
Trd, 4318179.443, 138
Trd, 4318180.093, 117
Trd, 4318180.243, 113
Trd, 4318180.643, 130
Trd, 4318180.943, 127
Trd, 4318181.543, 126
Trd, 4318182.343, 125
Trd, 4318182.643, 130
Trd, 4318184.643, 100
Trd, 4318184.793, 99
Trd, 4318185.193, 96
Trd, 4318185.893, 139
Trd, 4318186.243, 109
Trd, 4318186.643, 67
Trd, 4318187.893, 139
Trd, 4318188.893, 134
Trd, 4318189.443, 112
Trd, 4318189.643, 110
Trd, 4318190.893, 60
Trd, 4318191.693, 68
Trd, 4318191.943, 126
Trd, 4318192.243, 71
Trd, 4318192.393, 132
Trd, 4318193.043, 63
Trd, 4318194.593, 64
Trd, 4318194.943, 69
Trd, 4318195.493, 60
Trd, 4318196.693, 61
Trd, 4318196.943, 87
Trd, 4318198.143, 108
Trd, 4318198.443, 118
Trd, 4318198.743, 90
Trd, 4318199.193, 140
Trd, 4318199.543, 140
Trd, 4318200.643, 140
Trd, 4318201.193, 140
Trd, 4318201.743, 60
Trd, 4318202.243, 62
Trd, 4318202.943, 61
Trd, 4318203.043, 62
Trd, 4318204.743, 81
Trd, 4318205.243, 85
Trd, 4318205.543, 140
Trd, 4318206.243, 140
Trd, 4318206.443, 140
Trd, 4318206.843, 140
Trd, 4318207.593, 140
Trd, 4318208.293, 129
Trd, 4318208.393, 128
Trd, 4318209.543, 126
Trd, 4318210.143, 60
Trd, 4318211.993, 100
Trd, 4318212.743, 93
Trd, 4318213.843, 77
Trd, 4318214.443, 116
Trd, 4318214.493, 115
Trd, 4318215.043, 98
Trd, 4318215.543, 105
Trd, 4318215.843, 60
Trd, 4318216.443, 60
Trd, 4318216.693, 62
Trd, 4318220.343, 65
Trd, 4318220.443, 117
Trd, 4318220.643, 118
Trd, 4318221.043, 140
Trd, 4318221.093, 140
Trd, 4318221.143, 68
Trd, 4318221.593, 61
Trd, 4318221.993, 69
Trd, 4318222.193, 115
Trd, 4318224.393, 60
Trd, 4318225.393, 60
Trd, 4318225.693, 62
Trd, 4318225.893, 63
Trd, 4318226.493, 66
Trd, 4318228.293, 60
Trd, 4318228.793, 118
Trd, 4318229.443, 105
Trd, 4318229.643, 138
Trd, 4318230.293, 108
Trd, 4318230.393, 107
Trd, 4318230.693, 136
Trd, 4318231.393, 137
Trd, 4318233.193, 86
Trd, 4318233.493, 90
Trd, 4318233.743, 65
Trd, 4318235.193, 123
Trd, 4318236.643, 116
Trd, 4318237.293, 115
Trd, 4318237.593, 112
Trd, 4318238.743, 117
Trd, 4318239.393, 118
Trd, 4318240.243, 121
Trd, 4318240.693, 120
Trd, 4318241.193, 116
Trd, 4318241.793, 125
Trd, 4318243.193, 93
Trd, 4318244.893, 127
Trd, 4318244.943, 107
Trd, 4318245.843, 105
Trd, 4318246.243, 106
Trd, 4318246.843, 104
Trd, 4318247.543, 102
Trd, 4318247.793, 136
Trd, 4318247.843, 74
Trd, 4318248.143, 118
Trd, 4318249.843, 79
Trd, 4318250.543, 92
Trd, 4318251.143, 140
Trd, 4318252.293, 140
Trd, 4318253.743, 140
Trd, 4318255.393, 140
Trd, 4318255.743, 140
Trd, 4318256.193, 140
Trd, 4318256.743, 140
Trd, 4318257.943, 140
Trd, 4318258.343, 140
Trd, 4318258.393, 126
Trd, 4318258.643, 93
Trd, 4318259.643, 122
Trd, 4318260.593, 140
Trd, 4318260.993, 140
Trd, 4318262.543, 140
Trd, 4318263.193, 140
Trd, 4318263.243, 139
Trd, 4318263.343, 97
Trd, 4318263.743, 118
Trd, 4318264.543, 93
Trd, 4318264.743, 84
Trd, 4318267.593, 117
Trd, 4318267.793, 116
Trd, 4318268.343, 133
Trd, 4318269.693, 137
Trd, 4318269.843, 125
Trd, 4318270.393, 140
Trd, 4318270.893, 140
Trd, 4318271.943, 140
Trd, 4318272.643, 140
Trd, 4318273.093, 140
Trd, 4318273.843, 140
Trd, 4318275.143, 140
Trd, 4318275.293, 119
Trd, 4318276.493, 91
Trd, 4318277.593, 139
Trd, 4318277.843, 140
Trd, 4318278.193, 139
Trd, 4318278.543, 124
Trd, 4318278.893, 85
Trd, 4318279.643, 74
Trd, 4318279.993, 66
Trd, 4318281.543, 139
Trd, 4318281.893, 137
Trd, 4318282.443, 139
Trd, 4318282.743, 138
Trd, 4318283.243, 136
Trd, 4318283.643, 108
Trd, 4318284.543, 110
Trd, 4318284.843, 89
Trd, 4318286.943, 139
Trd, 4318287.243, 72
Trd, 4318288.043, 94
Trd, 4318288.543, 60
Trd, 4318289.593, 90
Trd, 4318289.693, 88
Trd, 4318289.993, 107
Trd, 4318290.693, 140
Trd, 4318292.693, 140
Trd, 4318292.843, 140
Trd, 4318293.043, 140
Trd, 4318293.793, 107
Trd, 4318293.993, 99
Trd, 4318294.343, 70
Trd, 4318295.193, 133
Trd, 4318295.393, 92
Trd, 4318295.943, 136
Trd, 4318296.443, 139
Trd, 4318297.493, 72
Trd, 4318297.693, 72
Trd, 4318298.643, 82
Trd, 4318301.293, 137
Trd, 4318301.643, 112
Trd, 4318302.243, 89
Trd, 4318302.443, 89
Trd, 4318302.543, 88
Trd, 4318303.843, 95
Trd, 4318304.893, 68
Trd, 4318305.643, 66
Trd, 4318307.043, 94
Trd, 4318307.643, 140
Trd, 4318308.643, 140
Trd, 4318309.143, 140
Trd, 4318310.843, 140
Trd, 4318311.143, 140
Trd, 4318311.893, 140
Trd, 4318311.993, 130
Trd, 4318312.093, 114
Trd, 4318312.743, 89
Trd, 4318312.843, 118
Trd, 4318313.643, 140
Trd, 4318314.343, 140
Trd, 4318314.543, 126
Trd, 4318314.893, 125
Trd, 4318316.493, 130
Trd, 4318317.093, 130
Trd, 4318317.293, 138
Trd, 4318317.843, 127
Trd, 4318318.593, 98
Trd, 4318318.843, 100
Trd, 4318320.143, 104
Trd, 4318320.443, 116
Trd, 4318321.943, 84
Trd, 4318322.793, 81
Trd, 4318323.943, 132
Trd, 4318324.343, 129
Trd, 4318325.043, 60
Trd, 4318325.643, 60
Trd, 4318327.093, 64
Trd, 4318328.093, 61
Trd, 4318328.443, 61
Trd, 4318329.243, 66
Trd, 4318329.443, 132
Trd, 4318329.943, 105
Trd, 4318330.693, 75
Trd, 4318331.343, 88
Trd, 4318332.193, 140
Trd, 4318332.893, 140
Trd, 4318334.343, 80
Trd, 4318334.893, 81
Trd, 4318335.693, 92
Trd, 4318335.993, 81
Trd, 4318336.293, 116
Trd, 4318336.593, 88
Trd, 4318336.643, 80
Trd, 4318338.193, 64
Trd, 4318339.593, 60
Trd, 4318340.593, 60
Trd, 4318340.843, 60
Trd, 4318341.893, 82
Trd, 4318342.893, 88
Trd, 4318342.943, 108
Trd, 4318343.193, 110
Trd, 4318343.543, 95
Trd, 4318343.743, 128
Trd, 4318343.843, 93
Trd, 4318345.393, 106
Trd, 4318345.743, 105
Trd, 4318348.093, 63
Trd, 4318348.343, 65
Trd, 4318348.543, 61
Trd, 4318348.943, 78
Trd, 4318349.593, 66
Trd, 4318349.843, 63
Trd, 4318351.943, 60
Trd, 4318352.793, 60
Trd, 4318352.843, 66
Trd, 4318353.693, 64
Trd, 4318354.443, 64
Trd, 4318355.943, 62
Trd, 4318356.393, 62
Trd, 4318357.043, 65
Trd, 4318358.243, 65
Trd, 4318358.793, 132
Trd, 4318358.893, 76
Trd, 4318359.093, 96
Trd, 4318359.343, 100
Trd, 4318360.193, 64
Trd, 4318361.893, 71
Trd, 4318362.443, 74
Trd, 4318363.143, 74
Trd, 4318363.493, 72
Trd, 4318364.043, 61
Trd, 4318364.743, 139
Trd, 4318365.443, 115
Trd, 4318365.893, 68
Trd, 4318367.143, 68
Trd, 4318367.993, 140
Trd, 4318368.493, 80
Trd, 4318368.743, 80
Trd, 4318369.193, 118
Trd, 4318369.393, 70
Trd, 4318371.293, 140
Trd, 4318371.493, 140
Trd, 4318373.143, 101
Trd, 4318373.543, 100
Trd, 4318373.693, 89
Trd, 4318374.643, 120
Trd, 4318376.043, 80
Trd, 4318377.443, 138
Trd, 4318377.793, 135
Trd, 4318378.443, 135
Trd, 4318379.143, 137
Trd, 4318379.193, 117
Trd, 4318379.543, 82
Trd, 4318380.143, 140
Trd, 4318380.293, 140
Trd, 4318380.593, 140
Trd, 4318381.093, 108
Trd, 4318381.693, 79
Trd, 4318382.493, 63
Trd, 4318383.043, 101
Trd, 4318383.093, 102
Trd, 4318383.293, 116
Trd, 4318385.393, 70
Trd, 4318385.593, 65
Trd, 4318386.993, 140
Trd, 4318389.043, 140
Trd, 4318389.243, 140
Trd, 4318389.593, 140
Trd, 4318389.693, 140
Trd, 4318390.693, 140
Trd, 4318391.643, 121
Trd, 4318392.293, 81
Trd, 4318392.893, 96
Trd, 4318393.343, 111
Trd, 4318393.593, 78
Trd, 4318393.793, 120
Trd, 4318394.043, 75
Trd, 4318394.243, 67
Trd, 4318396.543, 86
Trd, 4318397.293, 89
Trd, 4318398.243, 60
Trd, 4318398.493, 60
Trd, 4318399.043, 60
Trd, 4318400.043, 61
Trd, 4318400.093, 63
Trd, 4318401.143, 70
Trd, 4318401.543, 60
Trd, 4318402.543, 60
Trd, 4318403.143, 60
Trd, 4318403.493, 62
Trd, 4318404.693, 99
Trd, 4318405.593, 73
Trd, 4318406.243, 101
Trd, 4318406.593, 72
Trd, 4318407.193, 82
Trd, 4318407.693, 72
Trd, 4318409.243, 103
Trd, 4318409.343, 102
Trd, 4318409.993, 140
Trd, 4318410.993, 140
Trd, 4318411.093, 140
Trd, 4318411.493, 113
Trd, 4318412.843, 138
Trd, 4318413.843, 96
Trd, 4318414.293, 140
Trd, 4318414.793, 140
Trd, 4318415.843, 133
Trd, 4318417.593, 140
Trd, 4318417.793, 139
Trd, 4318418.543, 108
Trd, 4318418.643, 107
Trd, 4318420.343, 126
Trd, 4318420.493, 125
Trd, 4318420.543, 110
Trd, 4318421.093, 62
Trd, 4318421.543, 103
Trd, 4318423.143, 63
Trd, 4318424.593, 139
Trd, 4318424.993, 63
Trd, 4318425.443, 71
Trd, 4318426.743, 60
Trd, 4318426.793, 74
Trd, 4318427.293, 60
Trd, 4318427.893, 60
Trd, 4318428.193, 135
Trd, 4318429.243, 84
Trd, 4318430.693, 128
Trd, 4318431.693, 131
Trd, 4318431.743, 130
Trd, 4318432.093, 61
Trd, 4318433.593, 139
Trd, 4318433.943, 137
Trd, 4318434.193, 135
Trd, 4318434.893, 135
Trd, 4318434.943, 105
Trd, 4318436.243, 133
Trd, 4318436.543, 121
Trd, 4318436.793, 106
Trd, 4318437.143, 70
Trd, 4318438.843, 87
Trd, 4318439.393, 83
Trd, 4318440.193, 67
Trd, 4318440.893, 77
Trd, 4318441.243, 77
Trd, 4318441.543, 76
Trd, 4318441.893, 77
Trd, 4318442.393, 76
Trd, 4318444.643, 139
Trd, 4318444.943, 105
Trd, 4318445.243, 104
Trd, 4318445.593, 104
Trd, 4318445.693, 96
Trd, 4318446.293, 62
Trd, 4318448.493, 61
Trd, 4318448.793, 67
Trd, 4318449.393, 61
Trd, 4318451.043, 60
Trd, 4318451.093, 61
Trd, 4318451.843, 67
Trd, 4318452.693, 112
Trd, 4318453.093, 114
Trd, 4318453.443, 114
Trd, 4318453.893, 112
Trd, 4318454.093, 111
Trd, 4318454.843, 107
Trd, 4318455.093, 72
Trd, 4318455.543, 71
Trd, 4318457.043, 83
Trd, 4318457.193, 81
Trd, 4318457.993, 92
Trd, 4318458.943, 71
Trd, 4318460.593, 61
Trd, 4318460.993, 61
Trd, 4318461.543, 140
Trd, 4318461.943, 130
Trd, 4318462.543, 90
Trd, 4318463.443, 123
Trd, 4318463.943, 133
Trd, 4318464.843, 125
Trd, 4318465.393, 123
Trd, 4318466.243, 124
Trd, 4318466.543, 123
Trd, 4318466.793, 122
Trd, 4318467.993, 140
Trd, 4318468.293, 139
Trd, 4318468.493, 93
Trd, 4318469.893, 138
Trd, 4318470.443, 94
Trd, 4318471.443, 129
Trd, 4318471.493, 133
Trd, 4318473.843, 112
Trd, 4318474.393, 111
Trd, 4318474.493, 109
Trd, 4318474.743, 91
Trd, 4318475.243, 127
Trd, 4318476.043, 71
Trd, 4318476.793, 107
Trd, 4318477.893, 107
Trd, 4318478.443, 108
Trd, 4318478.543, 140
Trd, 4318479.593, 90
Trd, 4318479.693, 90
Trd, 4318479.993, 111
Trd, 4318481.843, 88
Trd, 4318482.893, 140
Trd, 4318483.443, 139
Trd, 4318483.643, 116
Trd, 4318483.893, 68
Trd, 4318487.843, 60
Trd, 4318487.993, 64
Trd, 4318488.643, 62
Trd, 4318489.543, 66
Trd, 4318489.793, 65
Trd, 4318490.143, 64
Trd, 4318491.093, 131
Trd, 4318491.993, 62
Trd, 4318494.243, 60
Trd, 4318494.793, 60
Trd, 4318494.993, 61
Trd, 4318495.743, 62
Trd, 4318496.093, 69
Trd, 4318496.693, 77
Trd, 4318497.893, 63
Trd, 4318497.993, 66
Trd, 4318498.493, 64
Trd, 4318499.243, 83
Trd, 4318499.443, 68
Trd, 4318499.643, 67
Trd, 4318500.593, 64
Trd, 4318502.343, 107
Trd, 4318503.193, 109
Trd, 4318503.743, 113
Trd, 4318503.793, 109
Trd, 4318504.893, 109
Trd, 4318506.243, 137
Trd, 4318506.693, 115
Trd, 4318507.293, 132
Trd, 4318507.343, 131
Trd, 4318508.193, 77
Trd, 4318508.443, 75
Trd, 4318508.893, 64
Trd, 4318509.343, 60
Trd, 4318510.293, 60
Trd, 4318510.393, 60
Trd, 4318512.143, 66
Trd, 4318512.343, 131
Trd, 4318512.543, 131
Trd, 4318513.843, 137
Trd, 4318514.093, 136
Trd, 4318516.143, 140
Trd, 4318516.443, 137
Trd, 4318516.793, 129
Trd, 4318516.893, 128
Trd, 4318518.243, 128
Trd, 4318518.293, 127
Trd, 4318518.893, 98
Trd, 4318519.093, 71
Trd, 4318519.343, 70
Trd, 4318520.343, 140
Trd, 4318521.943, 76
Trd, 4318522.443, 114
Trd, 4318523.443, 101
Trd, 4318524.143, 103
Trd, 4318524.843, 105
Trd, 4318525.943, 140
Trd, 4318526.143, 140
Trd, 4318527.193, 112
Trd, 4318528.043, 111
Trd, 4318528.243, 110
Trd, 4318528.893, 97
Trd, 4318529.093, 107
Trd, 4318530.293, 116
Trd, 4318531.493, 140
Trd, 4318531.643, 140
Trd, 4318531.843, 112
Trd, 4318532.943, 92
Trd, 4318534.693, 97
Trd, 4318535.643, 79
Trd, 4318537.193, 140
Trd, 4318537.393, 140
Trd, 4318538.393, 140
Trd, 4318538.593, 139
Trd, 4318538.643, 137
Trd, 4318539.793, 101
Trd, 4318540.643, 68
Trd, 4318541.593, 116
Trd, 4318542.093, 124
Trd, 4318542.543, 93
Trd, 4318542.693, 103
Trd, 4318542.893, 68
Trd, 4318543.093, 67
Trd, 4318544.443, 134
Trd, 4318545.143, 66
Trd, 4318546.693, 61
Trd, 4318547.443, 72
Trd, 4318548.693, 107
Trd, 4318548.793, 88
Trd, 4318548.993, 87
Trd, 4318550.643, 135
Trd, 4318551.193, 93
Trd, 4318551.543, 86
Trd, 4318552.743, 86
Trd, 4318553.743, 92
Trd, 4318555.443, 91
Trd, 4318555.843, 113
Trd, 4318556.793, 115
Trd, 4318558.093, 119
Trd, 4318558.393, 140
Trd, 4318558.993, 109
Trd, 4318559.843, 134
Trd, 4318560.443, 110
Trd, 4318561.293, 117
Trd, 4318563.343, 140
Trd, 4318563.543, 140
Trd, 4318564.843, 77
Trd, 4318565.443, 140
Trd, 4318565.993, 77
Trd, 4318566.143, 74
Trd, 4318567.593, 60
Trd, 4318567.993, 62
Trd, 4318569.493, 66
Trd, 4318569.793, 69
Trd, 4318570.943, 65
Trd, 4318571.093, 63
Trd, 4318571.543, 100
Trd, 4318571.943, 140
Trd, 4318572.543, 139
Trd, 4318573.693, 61
Trd, 4318575.243, 60
Trd, 4318575.793, 62
Trd, 4318577.293, 60
Trd, 4318577.843, 61
Trd, 4318577.943, 60
Trd, 4318578.093, 64
Trd, 4318578.793, 94
Trd, 4318579.443, 110
Trd, 4318580.993, 121
Trd, 4318581.943, 140
Trd, 4318582.093, 140
Trd, 4318582.343, 140
Trd, 4318582.493, 139
Trd, 4318582.993, 123
Trd, 4318583.993, 97
Trd, 4318584.143, 95
Trd, 4318584.643, 102
Trd, 4318586.693, 61
Trd, 4318587.143, 61
Trd, 4318587.793, 62
Trd, 4318587.893, 62
Trd, 4318589.593, 75
Trd, 4318590.593, 123
Trd, 4318590.893, 121
Trd, 4318591.943, 61
Trd, 4318592.393, 65
Trd, 4318592.993, 65
Trd, 4318593.993, 140
Trd, 4318594.593, 100
Trd, 4318595.043, 62
Trd, 4318595.493, 67
Trd, 4318595.793, 61
Trd, 4318597.393, 108
Trd, 4318597.493, 107
Trd, 4318597.843, 86
Trd, 4318599.193, 112
Trd, 4318599.593, 87
Trd, 4318600.493, 90
Trd, 4318601.293, 105
Trd, 4318601.493, 104
Trd, 4318602.043, 97
Trd, 4318602.293, 102
Trd, 4318602.843, 103
Trd, 4318603.593, 104
Trd, 4318604.293, 126
Trd, 4318604.493, 109
Trd, 4318605.143, 108
Trd, 4318605.893, 63
Trd, 4318606.993, 66
Trd, 4318607.143, 73
Trd, 4318608.693, 68
Trd, 4318610.143, 60
Trd, 4318610.743, 61
Trd, 4318610.893, 64
Trd, 4318612.143, 93
Trd, 4318612.843, 66
Trd, 4318614.343, 67
Trd, 4318614.393, 66
Trd, 4318615.093, 60
Trd, 4318615.293, 68
Trd, 4318615.593, 95
Trd, 4318616.493, 140
Trd, 4318616.543, 61
Trd, 4318618.843, 114
Trd, 4318619.093, 112
Trd, 4318619.543, 62
Trd, 4318620.643, 121
Trd, 4318621.043, 120
Trd, 4318621.243, 128
Trd, 4318622.393, 66
Trd, 4318622.993, 70
Trd, 4318624.043, 140
Trd, 4318624.093, 140
Trd, 4318624.243, 140
Trd, 4318624.943, 140
Trd, 4318626.443, 140
Trd, 4318626.593, 140
Trd, 4318627.493, 62
Trd, 4318628.743, 68
Trd, 4318628.843, 90
Trd, 4318629.393, 95
Trd, 4318630.093, 95
Trd, 4318630.593, 95
Trd, 4318630.693, 87
Trd, 4318630.993, 61
Trd, 4318632.593, 69
Trd, 4318633.593, 77
Trd, 4318634.993, 140
Trd, 4318635.243, 140
Trd, 4318635.443, 136
Trd, 4318635.843, 135
Trd, 4318637.143, 139
Trd, 4318637.193, 128
Trd, 4318639.343, 137
Trd, 4318639.643, 82
Trd, 4318639.693, 86
Trd, 4318640.743, 81
Trd, 4318640.993, 80
Trd, 4318642.393, 119
Trd, 4318642.993, 137
Trd, 4318643.543, 121
Trd, 4318644.893, 121
Trd, 4318644.993, 108
Trd, 4318645.043, 86
Trd, 4318645.243, 86
Trd, 4318645.793, 97
Trd, 4318649.393, 128
Trd, 4318649.443, 105
Trd, 4318649.743, 104
Trd, 4318650.343, 140
Trd, 4318650.743, 109
Trd, 4318652.093, 110
Trd, 4318652.393, 102
Trd, 4318653.393, 135
Trd, 4318654.293, 110
Trd, 4318654.793, 110
Trd, 4318655.793, 140
Trd, 4318657.193, 112
Trd, 4318658.043, 100
Trd, 4318658.243, 99
Trd, 4318658.943, 122
Trd, 4318659.843, 96
Trd, 4318659.993, 92
Trd, 4318661.543, 91
Trd, 4318661.643, 61
Trd, 4318662.343, 61
Trd, 4318662.793, 99
Trd, 4318663.693, 84
Trd, 4318664.293, 72
Trd, 4318665.043, 85
Trd, 4318665.493, 72
Trd, 4318665.543, 68
Trd, 4318666.793, 82
Trd, 4318666.893, 135
Trd, 4318668.093, 97
Trd, 4318668.843, 80
Trd, 4318669.993, 65
Trd, 4318670.743, 60
Trd, 4318672.143, 62
Trd, 4318672.743, 66
Trd, 4318673.393, 64
Trd, 4318673.593, 63
Trd, 4318673.993, 68
Trd, 4318674.743, 78
Trd, 4318675.643, 131
Trd, 4318675.893, 129
Trd, 4318675.943, 71
Trd, 4318676.743, 112
Trd, 4318677.793, 132
Trd, 4318678.343, 133
Trd, 4318678.843, 133
Trd, 4318679.493, 139
Trd, 4318680.943, 136
Trd, 4318681.643, 61
Trd, 4318681.893, 61
Trd, 4318681.943, 87
Trd, 4318682.143, 131
Trd, 4318685.543, 60
Trd, 4318686.543, 60
Trd, 4318686.793, 60
Trd, 4318689.443, 61
Trd, 4318689.643, 63
Trd, 4318691.393, 62
Trd, 4318691.693, 64
Trd, 4318692.293, 63
Trd, 4318692.343, 72
Trd, 4318693.343, 61
Trd, 4318693.643, 66
Trd, 4318695.443, 139
Trd, 4318695.743, 138
Trd, 4318695.843, 87
Trd, 4318696.993, 131
Trd, 4318697.593, 137
Trd, 4318698.343, 138
Trd, 4318698.393, 129
Trd, 4318698.543, 85
Trd, 4318699.393, 121
Trd, 4318700.693, 132
Trd, 4318700.843, 97
Trd, 4318701.093, 90
Trd, 4318701.993, 68
Trd, 4318702.743, 63
Trd, 4318703.943, 106
Trd, 4318704.793, 61
Trd, 4318705.493, 68
Trd, 4318706.343, 60
Trd, 4318706.843, 60
Trd, 4318706.893, 67
Trd, 4318707.493, 63
Trd, 4318709.793, 112
Trd, 4318709.993, 110
Trd, 4318710.193, 129
Trd, 4318710.493, 122
Trd, 4318710.843, 110
Trd, 4318711.893, 134
Trd, 4318711.943, 109
Trd, 4318714.393, 100
Trd, 4318714.443, 98
Trd, 4318715.343, 140
Trd, 4318716.093, 140
Trd, 4318716.693, 140
Trd, 4318716.843, 121
Trd, 4318717.143, 115
Trd, 4318718.643, 101
Trd, 4318719.893, 140
Trd, 4318720.193, 140
Trd, 4318720.893, 140
Trd, 4318722.643, 140
Trd, 4318722.693, 140
Trd, 4318722.793, 140
Trd, 4318723.143, 115
Trd, 4318723.893, 115
Trd, 4318724.693, 91
Trd, 4318725.443, 92
Trd, 4318726.743, 109
Trd, 4318727.393, 108
Trd, 4318727.443, 107
Trd, 4318727.793, 70
Trd, 4318728.643, 69
Trd, 4318728.793, 82
Trd, 4318729.843, 139
Trd, 4318731.043, 134
Trd, 4318732.093, 131
Trd, 4318732.543, 132
Trd, 4318733.343, 121
Trd, 4318734.093, 99
Trd, 4318734.943, 85
Trd, 4318735.193, 130
Trd, 4318735.443, 103
Trd, 4318737.343, 73
Trd, 4318737.643, 138
Trd, 4318737.793, 72
Trd, 4318738.343, 89
Trd, 4318739.793, 117
Trd, 4318740.293, 116
Trd, 4318741.093, 111
Trd, 4318741.393, 135
Trd, 4318742.843, 111
Trd, 4318743.243, 110
Trd, 4318744.693, 140
Trd, 4318744.993, 107
Trd, 4318745.043, 106
Trd, 4318745.193, 98
Trd, 4318746.243, 105
Trd, 4318747.993, 117
Trd, 4318748.793, 62
Trd, 4318750.643, 61
Trd, 4318750.743, 66
Trd, 4318751.443, 65
Trd, 4318753.443, 61
Trd, 4318753.593, 72
Trd, 4318754.093, 81
Trd, 4318754.843, 84
Trd, 4318755.443, 66
Trd, 4318755.543, 67
Trd, 4318756.793, 88
Trd, 4318757.293, 72
Trd, 4318757.993, 67
Trd, 4318758.693, 65
Trd, 4318758.843, 66
Trd, 4318759.893, 60
Trd, 4318760.443, 61
Trd, 4318761.093, 63
Trd, 4318761.943, 87
Trd, 4318762.143, 140
Trd, 4318762.893, 133
Trd, 4318763.493, 133
Trd, 4318764.243, 132
Trd, 4318764.843, 139
Trd, 4318764.993, 139
Trd, 4318765.243, 138
Trd, 4318766.593, 127
Trd, 4318766.993, 95
Trd, 4318767.843, 77
Trd, 4318768.543, 132
Trd, 4318768.643, 130
Trd, 4318769.243, 109
Trd, 4318769.543, 99
Trd, 4318771.043, 140
Trd, 4318771.093, 140
Trd, 4318771.443, 140
Trd, 4318771.543, 140
Trd, 4318773.093, 120
Trd, 4318774.443, 129
Trd, 4318774.543, 140
Trd, 4318775.043, 128
Trd, 4318775.693, 132
Trd, 4318776.643, 125
Trd, 4318777.143, 73
Trd, 4318777.243, 71
Trd, 4318778.393, 60
Trd, 4318778.443, 62
Trd, 4318780.243, 61
Trd, 4318780.743, 70
Trd, 4318782.093, 98
Trd, 4318783.593, 71
Trd, 4318784.743, 77
Trd, 4318785.643, 78
Trd, 4318785.693, 77
Trd, 4318785.743, 76
Trd, 4318785.943, 97
Trd, 4318787.543, 138
Trd, 4318787.643, 97
Trd, 4318788.493, 121
Trd, 4318788.693, 96
Trd, 4318790.393, 101
Trd, 4318790.743, 101
Trd, 4318791.843, 102
Trd, 4318792.043, 101
Trd, 4318792.293, 116
Trd, 4318793.543, 140
Trd, 4318793.643, 60
Trd, 4318793.843, 85
Trd, 4318796.543, 140
Trd, 4318796.843, 140
Trd, 4318797.443, 140
Trd, 4318798.443, 140
Trd, 4318799.643, 140
Trd, 4318799.893, 140
Trd, 4318800.543, 139
Trd, 4318801.093, 139
Trd, 4318801.393, 137
Trd, 4318802.493, 140
Trd, 4318802.743, 138
Trd, 4318804.043, 90
Trd, 4318804.193, 87
Trd, 4318804.793, 124
Trd, 4318805.693, 140
Trd, 4318806.793, 84
Trd, 4318808.093, 62
Trd, 4318808.993, 140
Trd, 4318809.043, 140
Trd, 4318810.843, 113
Trd, 4318811.443, 96
Trd, 4318811.643, 76
Trd, 4318812.643, 67
Trd, 4318813.443, 65
Trd, 4318813.593, 71
Trd, 4318816.093, 60
Trd, 4318816.343, 66
Trd, 4318817.093, 61
Trd, 4318818.043, 60
Trd, 4318819.343, 60
Trd, 4318820.643, 86
Trd, 4318822.393, 91
Trd, 4318822.693, 91
Trd, 4318823.243, 104
Trd, 4318823.393, 93
Trd, 4318824.093, 128
Trd, 4318824.793, 91
Trd, 4318826.543, 114
Trd, 4318826.993, 70
Trd, 4318827.293, 61
Trd, 4318827.493, 75
Trd, 4318828.043, 87
Trd, 4318829.593, 65
Trd, 4318829.643, 79
Trd, 4318829.743, 62
Trd, 4318830.393, 72
Trd, 4318831.293, 68
Trd, 4318831.393, 63
Trd, 4318832.993, 128
Trd, 4318834.143, 139
Trd, 4318834.993, 85
Trd, 4318835.743, 97
Trd, 4318836.443, 89
Trd, 4318837.143, 120
Trd, 4318837.293, 66
Trd, 4318838.893, 77
Trd, 4318841.043, 61
Trd, 4318841.543, 64
Trd, 4318842.843, 105
Trd, 4318842.893, 104
Trd, 4318842.943, 103
Trd, 4318843.543, 140
Trd, 4318844.243, 102
Trd, 4318844.893, 71
Trd, 4318845.393, 63
Trd, 4318845.493, 62
Trd, 4318845.843, 140
Trd, 4318847.343, 108
Trd, 4318847.793, 110
Trd, 4318847.893, 103
Trd, 4318848.943, 103
Trd, 4318850.393, 105
Trd, 4318850.493, 104
Trd, 4318850.893, 133
Trd, 4318853.093, 62
Trd, 4318853.943, 63
Trd, 4318855.243, 60
Trd, 4318855.643, 61
Trd, 4318855.943, 62
Trd, 4318856.793, 74
Trd, 4318857.893, 80
Trd, 4318858.243, 97
Trd, 4318858.493, 82
Trd, 4318858.543, 81
Trd, 4318858.943, 110
Trd, 4318859.643, 103
Trd, 4318859.793, 102
Trd, 4318860.993, 134
Trd, 4318862.293, 139
Trd, 4318862.593, 138
Trd, 4318863.843, 60
Trd, 4318864.743, 60
Trd, 4318865.493, 130
Trd, 4318865.843, 130
Trd, 4318866.943, 135
Trd, 4318867.143, 130
Trd, 4318867.293, 129
Trd, 4318869.693, 77
Trd, 4318870.293, 77
Trd, 4318871.093, 108
Trd, 4318871.143, 107
Trd, 4318871.793, 102
Trd, 4318872.143, 97
Trd, 4318872.643, 63
Trd, 4318874.593, 140
Trd, 4318874.743, 140
Trd, 4318875.993, 140
Trd, 4318876.243, 100
Trd, 4318876.293, 85
Trd, 4318877.143, 101
Trd, 4318877.243, 61
Trd, 4318879.593, 88
Trd, 4318879.743, 86
Trd, 4318880.343, 89
Trd, 4318881.143, 62
Trd, 4318881.793, 121
Trd, 4318883.393, 121
Trd, 4318884.043, 112
Trd, 4318884.243, 109
Trd, 4318884.393, 136
Trd, 4318885.343, 139
Trd, 4318886.193, 138
Trd, 4318886.843, 138
Trd, 4318887.393, 131
Trd, 4318887.893, 135
Trd, 4318889.443, 96
Trd, 4318889.843, 112
Trd, 4318890.193, 112
Trd, 4318890.343, 111
Trd, 4318890.893, 101
Trd, 4318891.993, 140
Trd, 4318892.043, 131
Trd, 4318892.193, 83
Trd, 4318894.043, 122
Trd, 4318894.143, 121
Trd, 4318894.243, 83
Trd, 4318894.943, 77
Trd, 4318895.793, 123
Trd, 4318896.193, 68
Trd, 4318898.093, 140
Trd, 4318899.093, 138
Trd, 4318899.743, 83
Trd, 4318900.143, 69
Trd, 4318900.743, 62
Trd, 4318901.593, 67
Trd, 4318901.893, 65
Trd, 4318902.593, 62
Trd, 4318903.093, 128
Trd, 4318904.493, 61
Trd, 4318905.743, 82
Trd, 4318906.543, 128
Trd, 4318907.143, 107
Trd, 4318907.843, 117
Trd, 4318908.393, 119
Trd, 4318908.493, 116
Trd, 4318908.843, 108
Trd, 4318909.643, 80
Trd, 4318909.793, 76
Trd, 4318910.343, 126
Trd, 4318910.893, 104
Trd, 4318912.293, 60
Trd, 4318912.843, 64
Trd, 4318913.743, 60
Trd, 4318914.793, 92
Trd, 4318915.643, 60
Trd, 4318916.343, 62
Trd, 4318917.093, 74
Trd, 4318917.693, 69
Trd, 4318917.943, 68
Trd, 4318918.093, 63
Trd, 4318918.543, 66
Trd, 4318920.393, 89
Trd, 4318921.343, 131
Trd, 4318921.743, 131
Trd, 4318921.793, 130
Trd, 4318923.143, 62
Trd, 4318923.243, 61
Trd, 4318924.543, 82
Trd, 4318925.393, 138
Trd, 4318926.893, 92
Trd, 4318927.293, 62
Trd, 4318927.693, 117
Trd, 4318927.843, 66
Trd, 4318928.643, 102
Trd, 4318928.943, 77
Trd, 4318929.943, 60
Trd, 4318929.993, 65
Trd, 4318930.593, 60
Trd, 4318930.993, 61
Trd, 4318932.543, 65
Trd, 4318932.793, 72
Trd, 4318933.043, 79
Trd, 4318933.843, 65
Trd, 4318933.993, 61
Trd, 4318934.543, 67
Trd, 4318934.643, 68
Trd, 4318937.043, 61
Trd, 4318937.293, 60
Trd, 4318938.543, 74
Trd, 4318938.793, 71
Trd, 4318939.043, 76
Trd, 4318939.493, 140
Trd, 4318940.793, 82
Trd, 4318940.993, 96
Trd, 4318942.043, 85
Trd, 4318943.043, 84
Trd, 4318943.643, 140
Trd, 4318944.743, 140
Trd, 4318945.293, 140
Trd, 4318945.843, 140
Trd, 4318946.293, 117
Trd, 4318947.293, 117
Trd, 4318947.993, 91
Trd, 4318949.043, 60
Trd, 4318949.343, 61
Trd, 4318949.893, 63
Trd, 4318950.193, 66
Trd, 4318951.043, 140
Trd, 4318951.293, 140
Trd, 4318952.543, 79
Trd, 4318953.793, 110
Trd, 4318954.243, 80
Trd, 4318954.393, 109
Trd, 4318954.743, 75
Trd, 4318955.543, 115
Trd, 4318956.193, 121
Trd, 4318956.743, 138
Trd, 4318957.343, 103
Trd, 4318957.943, 85
Trd, 4318959.093, 89
Trd, 4318959.793, 140
Trd, 4318960.093, 137
Trd, 4318960.293, 124
Trd, 4318961.443, 140
Trd, 4318962.493, 140
Trd, 4318962.943, 139
Trd, 4318963.143, 138
Trd, 4318964.893, 140
Trd, 4318965.243, 140
Trd, 4318965.843, 132
Trd, 4318966.193, 111
Trd, 4318966.743, 93
Trd, 4318967.343, 113
Trd, 4318968.143, 109
Trd, 4318968.243, 95
Trd, 4318968.693, 129
Trd, 4318970.993, 140
Trd, 4318971.293, 129
Trd, 4318972.593, 60
Trd, 4318973.193, 125
Trd, 4318974.493, 140
Trd, 4318974.693, 140
Trd, 4318975.193, 140
Trd, 4318975.593, 140
Trd, 4318976.343, 119
Trd, 4318977.793, 99
Trd, 4318978.293, 120
Trd, 4318979.943, 113
Trd, 4318980.293, 109
Trd, 4318980.893, 106
Trd, 4318980.993, 75
Trd, 4318982.643, 140
Trd, 4318983.693, 140
Trd, 4318983.943, 125
Trd, 4318984.343, 118
Trd, 4318984.643, 64
Trd, 4318986.043, 64
Trd, 4318986.893, 116
Trd, 4318987.343, 112
Trd, 4318988.093, 60
Trd, 4318989.493, 61
Trd, 4318991.043, 60
Trd, 4318991.143, 60
Trd, 4318991.693, 137
Trd, 4318991.943, 113
Trd, 4318992.943, 61
Trd, 4318993.643, 60
Trd, 4318994.743, 61
Trd, 4318995.043, 62
Trd, 4318996.193, 60
Trd, 4318996.843, 77
Trd, 4318997.793, 105
Trd, 4318998.043, 104
Trd, 4318998.293, 104
Trd, 4318998.343, 103
Trd, 4318999.793, 66
Trd, 4319002.043, 140
Trd, 4319002.293, 140
Trd, 4319002.493, 140
Trd, 4319002.743, 76
Trd, 4319003.043, 71
Trd, 4319003.793, 121
Trd, 4319003.943, 105
Trd, 4319005.243, 140
Trd, 4319005.443, 140
Trd, 4319006.293, 122
Trd, 4319006.643, 113
Trd, 4319007.543, 112
Trd, 4319007.993, 140
Trd, 4319008.143, 86
Trd, 4319009.693, 60
Trd, 4319010.093, 60
Trd, 4319011.893, 115
Trd, 4319012.343, 76
Trd, 4319012.593, 75
Trd, 4319013.093, 80
Trd, 4319013.193, 117
Trd, 4319014.243, 86
Trd, 4319015.393, 140
Trd, 4319015.643, 139
Trd, 4319016.143, 138
Trd, 4319016.193, 115
Trd, 4319017.543, 129
Trd, 4319017.643, 128
Trd, 4319017.993, 94
Trd, 4319018.043, 87
Trd, 4319019.493, 124
Trd, 4319020.793, 60
Trd, 4319020.893, 74
Trd, 4319022.243, 63
Trd, 4319023.143, 70
Trd, 4319023.693, 71
Trd, 4319024.143, 140
Trd, 4319024.743, 70
Trd, 4319025.893, 117
Trd, 4319026.093, 139
Trd, 4319026.243, 138
Trd, 4319027.493, 140
Trd, 4319028.093, 140
Trd, 4319028.243, 140
Trd, 4319029.343, 132
Trd, 4319029.643, 138
Trd, 4319030.693, 104
Trd, 4319031.193, 62
Trd, 4319031.793, 73
Trd, 4319033.143, 60
Trd, 4319033.493, 61
Trd, 4319034.643, 64
Trd, 4319035.443, 65
Trd, 4319035.643, 62
Trd, 4319035.793, 81
Trd, 4319036.193, 62
Trd, 4319036.643, 64
Trd, 4319038.993, 61
Trd, 4319039.043, 63
Trd, 4319039.343, 73
Trd, 4319040.643, 113
Trd, 4319041.593, 70
Trd, 4319041.993, 70
Trd, 4319042.243, 101
Trd, 4319042.293, 72
Trd, 4319043.193, 62
Trd, 4319044.943, 60
Trd, 4319045.443, 61
Trd, 4319045.543, 67
Trd, 4319046.893, 137
Trd, 4319047.243, 136
Trd, 4319047.843, 136
Trd, 4319047.993, 86
Trd, 4319048.493, 140
Trd, 4319050.143, 140
Trd, 4319050.493, 140
Trd, 4319051.343, 112
Trd, 4319051.593, 106
Trd, 4319052.643, 93
Trd, 4319053.643, 140
Trd, 4319053.793, 140
Trd, 4319054.143, 101
Trd, 4319055.293, 114
Trd, 4319056.793, 120
Trd, 4319058.593, 123
Trd, 4319058.793, 122
Trd, 4319058.993, 113
Trd, 4319059.193, 110
Trd, 4319060.093, 140
Trd, 4319061.643, 132
Trd, 4319062.693, 136
Trd, 4319063.493, 139
Trd, 4319063.593, 138
Trd, 4319064.343, 136
Trd, 4319064.693, 75
Trd, 4319066.793, 140
Trd, 4319067.143, 140
Trd, 4319067.443, 104
Trd, 4319068.243, 126
Trd, 4319068.543, 108
Trd, 4319069.593, 125
Trd, 4319070.193, 126
Trd, 4319070.443, 125
Trd, 4319070.743, 124
Trd, 4319070.843, 107
Trd, 4319073.193, 140
Trd, 4319073.293, 135
Trd, 4319074.143, 125
Trd, 4319075.193, 109
Trd, 4319075.493, 79
Trd, 4319076.843, 63
Trd, 4319076.993, 80
Trd, 4319077.443, 94
Trd, 4319078.393, 127
Trd, 4319078.543, 87
Trd, 4319078.593, 86
Trd, 4319079.143, 128
Trd, 4319080.643, 99
Trd, 4319082.443, 110
Trd, 4319082.943, 61
Trd, 4319083.293, 77
Trd, 4319084.293, 62
Trd, 4319084.493, 137
Trd, 4319085.043, 136
Trd, 4319085.843, 136
Trd, 4319086.693, 138
Trd, 4319088.543, 64
Trd, 4319089.343, 140
Trd, 4319089.443, 136
Trd, 4319089.743, 84
Trd, 4319091.793, 95
Trd, 4319092.843, 116
Trd, 4319093.443, 118
Trd, 4319093.893, 93
Trd, 4319094.043, 120
Trd, 4319094.893, 129
Trd, 4319095.093, 96
Trd, 4319096.393, 107
Trd, 4319097.243, 107
Trd, 4319097.943, 87
Trd, 4319098.143, 71
Trd, 4319098.843, 124
Trd, 4319099.193, 121
Trd, 4319099.693, 140
Trd, 4319100.593, 130
Trd, 4319103.143, 130
Trd, 4319103.443, 133
Trd, 4319104.893, 140
Trd, 4319105.243, 140
Trd, 4319105.493, 140
Trd, 4319106.343, 118
Trd, 4319106.793, 80
Trd, 4319106.993, 106
Trd, 4319107.343, 79
Trd, 4319108.393, 139
Trd, 4319109.043, 139
Trd, 4319109.293, 136
Trd, 4319109.543, 107
Trd, 4319110.343, 139
Trd, 4319110.593, 126
Trd, 4319111.243, 108
Trd, 4319112.043, 125
Trd, 4319114.543, 127
Trd, 4319115.493, 97
Trd, 4319115.743, 62
Trd, 4319116.793, 140
Trd, 4319117.143, 140
Trd, 4319117.543, 140
Trd, 4319118.393, 132
Trd, 4319118.693, 112
Trd, 4319119.893, 61
Trd, 4319120.293, 61
Trd, 4319121.193, 60
Trd, 4319121.743, 62
Trd, 4319122.843, 70
Trd, 4319123.093, 66
Trd, 4319124.443, 69
Trd, 4319124.743, 71
Trd, 4319125.443, 73
Trd, 4319125.993, 140
Trd, 4319127.243, 78
Trd, 4319128.243, 122
Trd, 4319128.543, 112
Trd, 4319128.593, 78
Trd, 4319129.393, 87
Trd, 4319129.643, 77
Trd, 4319130.743, 110
Trd, 4319131.693, 123
Trd, 4319132.343, 124
Trd, 4319133.293, 140
Trd, 4319134.393, 126
Trd, 4319134.493, 124
Trd, 4319135.293, 113
Trd, 4319135.443, 112
Trd, 4319135.693, 111
Trd, 4319137.143, 66
Trd, 4319138.093, 79
Trd, 4319139.943, 139
Trd, 4319141.193, 140
Trd, 4319141.443, 71
Trd, 4319142.443, 117
Trd, 4319143.643, 94
Trd, 4319143.843, 90
Trd, 4319144.093, 86
Trd, 4319144.743, 63
Trd, 4319145.893, 80
Trd, 4319146.393, 80
Trd, 4319147.143, 114
Trd, 4319147.593, 99
Trd, 4319148.043, 85
Trd, 4319148.743, 110
Trd, 4319149.243, 62
Trd, 4319151.493, 60
Trd, 4319153.143, 63
Trd, 4319153.243, 65
Trd, 4319153.793, 60
Trd, 4319154.743, 61
Trd, 4319154.943, 61
Trd, 4319156.893, 60
Trd, 4319156.993, 61
Trd, 4319157.043, 68
Trd, 4319158.343, 64
Trd, 4319158.993, 60
Trd, 4319159.243, 90
Trd, 4319160.793, 84
Trd, 4319161.143, 81
Trd, 4319161.493, 83
Trd, 4319162.293, 121
Trd, 4319162.393, 81
Trd, 4319163.443, 61
Trd, 4319164.993, 60
Trd, 4319165.343, 62
Trd, 4319165.943, 65
Trd, 4319166.443, 76
Trd, 4319166.693, 71
Trd, 4319166.893, 80
Trd, 4319168.243, 137
Trd, 4319169.543, 98
Trd, 4319170.443, 111
Trd, 4319171.443, 116
Trd, 4319171.793, 119
Trd, 4319172.793, 119
Trd, 4319174.293, 122
Trd, 4319174.343, 121
Trd, 4319174.643, 97
Trd, 4319174.793, 86
Trd, 4319174.843, 129
Trd, 4319174.943, 80
Trd, 4319175.843, 122
Trd, 4319176.743, 62
Trd, 4319177.993, 60
Trd, 4319178.943, 60
Trd, 4319179.393, 66
Trd, 4319179.993, 60
Trd, 4319180.543, 140
Trd, 4319181.643, 132
Trd, 4319181.843, 113
Trd, 4319181.993, 111
Trd, 4319182.443, 82
Trd, 4319185.543, 140
Trd, 4319185.743, 140
Trd, 4319186.243, 140
Trd, 4319187.543, 127
Trd, 4319187.743, 119
Trd, 4319188.193, 129
Trd, 4319188.343, 128
Trd, 4319188.493, 92
Trd, 4319188.643, 77
Trd, 4319191.193, 140
Trd, 4319191.543, 139
Trd, 4319193.243, 134
Trd, 4319193.593, 132
Trd, 4319193.893, 116
Trd, 4319194.393, 112
Trd, 4319194.593, 66
Trd, 4319195.343, 126
Trd, 4319196.643, 137
Trd, 4319197.143, 138
Trd, 4319198.343, 140
Trd, 4319199.343, 140
Trd, 4319201.393, 140
Trd, 4319201.793, 109
Trd, 4319202.893, 134
Trd, 4319203.293, 134
Trd, 4319204.493, 140
Trd, 4319205.093, 140
Trd, 4319205.643, 140
Trd, 4319205.743, 139
Trd, 4319205.893, 111
Trd, 4319206.443, 100
Trd, 4319206.893, 96
Trd, 4319207.893, 102
Trd, 4319208.393, 115
Trd, 4319210.043, 109
Trd, 4319210.343, 101
Trd, 4319210.493, 113
Trd, 4319211.243, 133
Trd, 4319212.243, 79
Trd, 4319212.493, 103
Trd, 4319212.843, 79
Trd, 4319214.943, 116
Trd, 4319215.143, 102
Trd, 4319215.993, 75
Trd, 4319216.143, 69
Trd, 4319217.143, 69
Trd, 4319217.193, 82
Trd, 4319218.243, 69
Trd, 4319219.493, 84
Trd, 4319220.593, 139
Trd, 4319220.743, 138
Trd, 4319221.493, 126
Trd, 4319222.843, 98
Trd, 4319222.993, 97
Trd, 4319223.443, 84
Trd, 4319223.643, 69
Trd, 4319225.743, 140
Trd, 4319226.243, 140
Trd, 4319226.293, 138
Trd, 4319226.743, 140
Trd, 4319227.393, 78
Trd, 4319227.993, 124
Trd, 4319229.793, 135
Trd, 4319231.943, 132
Trd, 4319232.593, 110
Trd, 4319232.843, 108
Trd, 4319233.843, 63
Trd, 4319233.893, 133
Trd, 4319234.193, 80
Trd, 4319234.843, 60
Trd, 4319235.793, 60
Trd, 4319235.843, 74
Trd, 4319236.693, 66
Trd, 4319237.393, 65
Trd, 4319237.993, 69
Trd, 4319238.593, 61
Trd, 4319239.043, 66
Trd, 4319240.543, 60
Trd, 4319240.893, 101
Trd, 4319241.643, 60
Trd, 4319242.193, 119
Trd, 4319242.593, 120
Trd, 4319242.943, 136
Trd, 4319244.993, 123
Trd, 4319245.593, 134
Trd, 4319245.643, 131
Trd, 4319246.593, 123
Trd, 4319246.693, 85
Trd, 4319247.393, 119
Trd, 4319247.943, 130
Trd, 4319248.093, 116
Trd, 4319249.443, 87
Trd, 4319252.293, 140
Trd, 4319252.893, 140
Trd, 4319252.993, 140
Trd, 4319253.143, 136
Trd, 4319254.043, 121
Trd, 4319254.793, 70
Trd, 4319256.093, 96
Trd, 4319257.343, 117
Trd, 4319257.543, 117
Trd, 4319257.593, 116
Trd, 4319258.443, 78
Trd, 4319258.893, 100
Trd, 4319259.543, 110
Trd, 4319259.943, 109
Trd, 4319260.643, 131
Trd, 4319261.743, 92
Trd, 4319262.543, 138
Trd, 4319263.593, 70
Trd, 4319264.293, 106
Trd, 4319264.543, 106
Trd, 4319264.743, 98
Trd, 4319265.893, 71
Trd, 4319266.443, 70
Trd, 4319266.593, 72
Trd, 4319267.543, 109
Trd, 4319267.993, 139
Trd, 4319268.043, 138
Trd, 4319270.443, 112
Trd, 4319270.743, 111
Trd, 4319271.993, 140
Trd, 4319272.543, 140
Trd, 4319273.343, 133
Trd, 4319273.793, 140
Trd, 4319275.043, 120
Trd, 4319275.293, 119
Trd, 4319275.743, 136
Trd, 4319275.843, 135
Trd, 4319276.043, 135
Trd, 4319277.243, 105
Trd, 4319279.243, 108
Trd, 4319279.893, 109
Trd, 4319279.943, 108
Trd, 4319279.993, 92
Trd, 4319280.893, 139
Trd, 4319282.293, 139
Trd, 4319282.793, 109
Trd, 4319284.993, 74
Trd, 4319285.093, 97
Trd, 4319285.743, 73
Trd, 4319285.943, 101
Trd, 4319285.993, 68
Trd, 4319289.943, 60
Trd, 4319290.793, 64
Trd, 4319290.993, 67
Trd, 4319291.343, 64
Trd, 4319291.443, 117
Trd, 4319292.543, 61
Trd, 4319292.643, 62
Trd, 4319293.293, 63
Trd, 4319294.143, 61
Trd, 4319294.543, 68
Trd, 4319294.843, 62
Trd, 4319295.193, 66
Trd, 4319295.643, 63
Trd, 4319296.943, 63
Trd, 4319297.293, 63
Trd, 4319298.643, 64
Trd, 4319298.993, 62
Trd, 4319299.393, 91
Trd, 4319299.793, 102
Trd, 4319301.343, 104
Trd, 4319301.543, 103
Trd, 4319301.593, 89
Trd, 4319302.393, 62
Trd, 4319304.343, 66
Trd, 4319304.993, 111
Trd, 4319305.893, 63
Trd, 4319306.543, 61
Trd, 4319307.743, 60
Trd, 4319308.643, 131
Trd, 4319309.793, 63
Trd, 4319310.693, 61
Trd, 4319310.793, 62
Trd, 4319311.093, 126
Trd, 4319311.243, 86
Trd, 4319312.343, 124
Trd, 4319313.643, 80
Trd, 4319314.443, 105
Trd, 4319314.943, 88
Trd, 4319315.343, 119
Trd, 4319315.493, 90
Trd, 4319316.093, 80
Trd, 4319316.293, 130
Trd, 4319317.593, 70
Trd, 4319318.093, 94
Trd, 4319319.743, 63
Trd, 4319321.293, 64
Trd, 4319324.343, 62
Trd, 4319324.593, 61
Trd, 4319325.493, 61
Trd, 4319325.643, 61
Trd, 4319325.943, 60
Trd, 4319326.743, 61
Trd, 4319327.543, 60
Trd, 4319327.593, 73
Trd, 4319328.143, 117
Trd, 4319328.343, 86
Trd, 4319329.593, 104
Trd, 4319330.193, 103
Trd, 4319330.293, 102
Trd, 4319331.243, 67
Trd, 4319332.593, 70
Trd, 4319333.143, 119
Trd, 4319333.493, 104
Trd, 4319333.743, 70
Trd, 4319334.693, 60
Trd, 4319335.343, 86
Trd, 4319337.243, 60
Trd, 4319337.493, 60
Trd, 4319338.143, 61
Trd, 4319339.193, 81
Trd, 4319339.543, 68
Trd, 4319339.593, 67
Trd, 4319341.293, 140
Trd, 4319341.843, 140
Trd, 4319342.193, 140
Trd, 4319343.193, 121
Trd, 4319344.443, 127
Trd, 4319344.893, 115
Trd, 4319345.593, 60
Trd, 4319345.793, 61
Trd, 4319346.293, 61
Trd, 4319347.043, 61
Trd, 4319347.943, 61
Trd, 4319348.143, 60
Trd, 4319348.343, 65
Trd, 4319349.893, 65
Trd, 4319350.293, 65
Trd, 4319350.443, 64
Trd, 4319350.893, 64
Trd, 4319351.693, 66
Trd, 4319351.993, 97
Trd, 4319352.393, 92
Trd, 4319353.243, 88
Trd, 4319353.543, 89
Trd, 4319354.543, 85
Trd, 4319355.593, 87
Trd, 4319357.193, 70
Trd, 4319357.793, 82
Trd, 4319358.443, 86
Trd, 4319358.493, 85
Trd, 4319358.693, 83
Trd, 4319359.043, 140
Trd, 4319359.093, 68
Trd, 4319359.743, 134
Trd, 4319360.393, 97
Trd, 4319362.043, 140
Trd, 4319362.393, 135
Trd, 4319362.493, 104
Trd, 4319363.343, 72
Trd, 4319364.793, 104
Trd, 4319365.793, 97
Trd, 4319366.093, 74
Trd, 4319366.693, 62
Trd, 4319366.843, 61
Trd, 4319367.693, 68
Trd, 4319367.893, 74
Trd, 4319368.943, 63
Trd, 4319369.043, 64
Trd, 4319370.043, 102
Trd, 4319371.393, 124
Trd, 4319371.443, 123
Trd, 4319372.193, 123
Trd, 4319372.993, 123
Trd, 4319374.193, 125
Trd, 4319374.343, 124
Trd, 4319375.143, 83
Trd, 4319375.743, 81
Trd, 4319376.793, 117
Trd, 4319377.443, 115
Trd, 4319378.243, 135
Trd, 4319379.243, 101
Trd, 4319379.393, 89
Trd, 4319379.743, 77
Trd, 4319379.793, 101
Trd, 4319380.193, 73
Trd, 4319381.443, 80
Trd, 4319382.343, 79
Trd, 4319383.193, 62
Trd, 4319384.293, 69
Trd, 4319384.643, 63
Trd, 4319385.843, 63
Trd, 4319386.293, 66
Trd, 4319387.093, 65
Trd, 4319387.993, 68
Trd, 4319389.093, 140
Trd, 4319389.293, 140
Trd, 4319390.243, 97
Trd, 4319390.393, 97
Trd, 4319390.493, 99
Trd, 4319390.793, 73
Trd, 4319391.443, 77
Trd, 4319391.593, 97
Trd, 4319392.243, 117
Trd, 4319393.943, 86
Trd, 4319395.493, 137
Trd, 4319395.993, 140
Trd, 4319397.143, 138
Trd, 4319398.343, 60
Trd, 4319398.643, 60
Trd, 4319398.793, 64
Trd, 4319399.193, 67
Trd, 4319400.743, 61
Trd, 4319401.243, 61
Trd, 4319402.593, 60
Trd, 4319402.943, 61
Trd, 4319403.543, 61
Trd, 4319404.143, 109
Trd, 4319404.343, 108
Trd, 4319404.993, 117
Trd, 4319405.143, 92
Trd, 4319405.493, 91
Trd, 4319406.793, 125
Trd, 4319407.543, 77
Trd, 4319408.143, 77
Trd, 4319408.293, 76
Trd, 4319408.493, 85
Trd, 4319411.743, 90
Trd, 4319411.843, 89
Trd, 4319412.343, 87
Trd, 4319412.443, 61
Trd, 4319413.993, 60
Trd, 4319414.443, 60
Trd, 4319414.943, 64
Trd, 4319415.193, 60
Trd, 4319415.743, 60
Trd, 4319417.293, 74
Trd, 4319419.493, 60
Trd, 4319420.393, 60
Trd, 4319420.493, 72
Trd, 4319421.393, 64
Trd, 4319422.443, 68
Trd, 4319422.793, 112
Trd, 4319422.843, 125
Trd, 4319423.843, 84
Trd, 4319424.893, 81
Trd, 4319425.193, 133
Trd, 4319427.643, 70
Trd, 4319427.793, 71
Trd, 4319428.893, 60
Trd, 4319429.443, 60
Trd, 4319429.943, 60
Trd, 4319431.243, 60
Trd, 4319431.543, 60
Trd, 4319432.743, 62
Trd, 4319433.793, 64
Trd, 4319434.893, 62
Trd, 4319435.293, 63
Trd, 4319435.393, 64
Trd, 4319435.543, 68
Trd, 4319436.193, 89
Trd, 4319436.593, 63
Trd, 4319437.443, 71
Trd, 4319437.543, 76
Trd, 4319439.193, 116
Trd, 4319439.493, 82
Trd, 4319439.693, 88
Trd, 4319440.493, 97
Trd, 4319441.893, 140
Trd, 4319442.543, 140
Trd, 4319442.993, 140
Trd, 4319443.393, 140
Trd, 4319444.893, 140
Trd, 4319445.293, 140
Trd, 4319446.793, 99
Trd, 4319447.343, 109
Trd, 4319447.593, 83
Trd, 4319448.843, 139
Trd, 4319450.093, 128
Trd, 4319450.243, 125
Trd, 4319451.043, 65
Trd, 4319452.193, 134
Trd, 4319452.443, 132
Trd, 4319453.943, 140
Trd, 4319455.393, 140
Trd, 4319456.693, 140
Trd, 4319456.793, 140
Trd, 4319457.293, 140
Trd, 4319457.593, 138
Trd, 4319458.443, 73
Trd, 4319458.593, 74
Trd, 4319459.343, 72
Trd, 4319460.243, 82
Trd, 4319460.493, 92
Trd, 4319461.493, 81
Trd, 4319463.993, 106
Trd, 4319464.043, 102
Trd, 4319465.593, 135
Trd, 4319465.843, 128
Trd, 4319466.593, 120
Trd, 4319466.893, 119
Trd, 4319467.743, 101
Trd, 4319467.993, 101
Trd, 4319468.693, 98
Trd, 4319469.443, 106
Trd, 4319469.643, 124
Trd, 4319470.693, 139
Trd, 4319470.743, 108
Trd, 4319472.543, 60
Trd, 4319472.843, 60
Trd, 4319472.893, 62
Trd, 4319473.893, 123
Trd, 4319474.693, 65
Trd, 4319475.893, 65
Trd, 4319476.193, 64
Trd, 4319476.393, 68
Trd, 4319476.493, 73
Trd, 4319478.743, 120
Trd, 4319479.693, 121
Trd, 4319479.743, 118
Trd, 4319480.093, 75
Trd, 4319481.043, 128
Trd, 4319482.593, 132
Trd, 4319482.743, 120
Trd, 4319483.193, 138
Trd, 4319483.993, 140
Trd, 4319484.343, 140
Trd, 4319484.393, 140
Trd, 4319486.693, 61
Trd, 4319486.893, 64
Trd, 4319487.943, 139
Trd, 4319489.643, 135
Trd, 4319489.943, 135
Trd, 4319490.243, 138
Trd, 4319490.393, 136
Trd, 4319490.543, 83
Trd, 4319491.443, 60
Trd, 4319492.393, 81
Trd, 4319493.743, 61
Trd, 4319494.493, 70
Trd, 4319495.193, 63
Trd, 4319495.643, 105
Trd, 4319496.393, 133
Trd, 4319496.493, 132
Trd, 4319497.293, 90
Trd, 4319497.393, 88
Trd, 4319498.393, 138
Trd, 4319498.593, 120
Trd, 4319500.043, 62
Trd, 4319500.743, 60
Trd, 4319500.843, 81
Trd, 4319502.543, 61
Trd, 4319502.643, 63
Trd, 4319502.843, 115
Trd, 4319504.943, 60
Trd, 4319505.443, 61
Trd, 4319506.443, 61
Trd, 4319507.493, 64
Trd, 4319507.793, 60
Trd, 4319508.043, 64
Trd, 4319508.143, 60
Trd, 4319508.943, 63
Trd, 4319509.793, 93
Trd, 4319511.743, 115
Trd, 4319511.893, 115
Trd, 4319512.193, 115
Trd, 4319512.443, 114
Trd, 4319513.243, 78
Trd, 4319513.843, 76
Trd, 4319514.493, 79
Trd, 4319516.393, 115
Trd, 4319517.143, 140
Trd, 4319517.943, 131
Trd, 4319518.043, 130
Trd, 4319518.943, 137
Trd, 4319519.143, 123
Trd, 4319519.193, 110
Trd, 4319521.293, 64
Trd, 4319523.543, 136
Trd, 4319523.693, 134
Trd, 4319524.393, 140
Trd, 4319524.443, 139
Trd, 4319525.193, 132
Trd, 4319525.393, 94
Trd, 4319526.243, 128
Trd, 4319526.693, 94
Trd, 4319527.043, 93
Trd, 4319527.193, 78
Trd, 4319527.243, 112
Trd, 4319528.743, 92
Trd, 4319529.243, 61
Trd, 4319531.143, 60
Trd, 4319531.843, 60
Trd, 4319532.243, 60
Trd, 4319533.393, 60
Trd, 4319533.593, 61
Trd, 4319533.693, 61
Trd, 4319534.493, 73
Trd, 4319536.293, 92
Trd, 4319536.643, 72
Trd, 4319537.093, 68
Trd, 4319537.443, 117
Trd, 4319537.793, 63
Trd, 4319538.443, 62
Trd, 4319539.643, 100
Trd, 4319539.893, 107
Trd, 4319540.593, 62
Trd, 4319541.693, 63
Trd, 4319541.793, 89
Trd, 4319542.993, 61
Trd, 4319543.193, 82
Trd, 4319543.893, 123
Trd, 4319544.693, 140
Trd, 4319544.943, 140
Trd, 4319545.693, 140
Trd, 4319547.193, 140
Trd, 4319547.393, 140
Trd, 4319547.793, 140
Trd, 4319548.243, 99
Trd, 4319549.593, 135
Trd, 4319549.693, 128
Trd, 4319550.643, 62
Trd, 4319550.793, 70
Trd, 4319551.943, 71
Trd, 4319552.893, 71
Trd, 4319554.993, 60
Trd, 4319555.143, 61
Trd, 4319555.243, 64
Trd, 4319555.993, 63
Trd, 4319556.593, 65
Trd, 4319556.793, 103
Trd, 4319557.493, 139
Trd, 4319557.793, 65
Trd, 4319559.743, 66
Trd, 4319560.543, 60
Trd, 4319560.693, 101
Trd, 4319561.843, 67
Trd, 4319562.793, 69
Trd, 4319562.843, 75
Trd, 4319563.743, 68
Trd, 4319564.093, 68
Trd, 4319564.993, 126
Trd, 4319565.643, 61
Trd, 4319565.843, 69
Trd, 4319566.393, 84
Trd, 4319567.543, 95
Trd, 4319568.593, 127
Trd, 4319569.293, 139
Trd, 4319571.143, 125
Trd, 4319571.393, 125
Trd, 4319571.643, 124
Trd, 4319573.843, 99
Trd, 4319574.493, 92
Trd, 4319574.593, 91
Trd, 4319575.143, 73
Trd, 4319575.693, 63
Trd, 4319577.343, 62
Trd, 4319578.643, 64
Trd, 4319578.793, 75
Trd, 4319578.993, 80
Trd, 4319579.693, 92
Trd, 4319580.493, 97
Trd, 4319580.993, 94
Trd, 4319582.593, 140
Trd, 4319582.693, 140
Trd, 4319583.443, 99
Trd, 4319583.693, 82
Trd, 4319584.843, 72
Trd, 4319585.443, 140
Trd, 4319586.643, 118
Trd, 4319587.893, 117
Trd, 4319588.093, 134
Trd, 4319588.143, 103
Trd, 4319589.243, 111
Trd, 4319590.193, 62
Trd, 4319591.493, 74
Trd, 4319591.693, 80
Trd, 4319591.843, 72
Trd, 4319592.293, 94
Trd, 4319593.143, 68
Trd, 4319594.043, 81
Trd, 4319595.543, 115
Trd, 4319595.643, 140
Trd, 4319596.093, 112
Trd, 4319597.443, 118
Trd, 4319597.643, 126
Trd, 4319598.843, 140
Trd, 4319598.893, 140
Trd, 4319601.193, 60
Trd, 4319601.593, 60
Trd, 4319601.793, 60
Trd, 4319602.693, 61
Trd, 4319603.543, 126
Trd, 4319603.943, 126
Trd, 4319604.443, 125
Trd, 4319605.993, 140
Trd, 4319606.943, 140
Trd, 4319606.993, 137
Trd, 4319607.843, 133
Trd, 4319608.443, 98
Trd, 4319608.593, 97
Trd, 4319609.343, 116
Trd, 4319610.243, 113
Trd, 4319610.343, 112
Trd, 4319610.643, 112
Trd, 4319611.893, 113
Trd, 4319612.993, 93
Trd, 4319613.043, 65
Trd, 4319614.243, 139
Trd, 4319615.593, 136
Trd, 4319617.843, 140
Trd, 4319618.193, 140
Trd, 4319618.543, 140
Trd, 4319619.893, 112
Trd, 4319620.343, 140
Trd, 4319620.543, 138
Trd, 4319620.793, 132
Trd, 4319620.843, 83
Trd, 4319622.393, 61
Trd, 4319623.193, 120
Trd, 4319623.243, 66
Trd, 4319624.243, 87
Trd, 4319624.293, 79
Trd, 4319625.943, 60
Trd, 4319627.193, 60
Trd, 4319627.743, 62
Trd, 4319628.943, 60
Trd, 4319629.143, 80
Trd, 4319629.843, 114
Trd, 4319630.743, 75
Trd, 4319630.793, 118
Trd, 4319631.293, 74
Trd, 4319634.043, 60
Trd, 4319634.743, 61
Trd, 4319635.343, 65
Trd, 4319637.293, 68
Trd, 4319637.693, 60
Trd, 4319638.443, 60
Trd, 4319638.693, 63
Trd, 4319639.393, 60
Trd, 4319640.343, 65
Trd, 4319640.743, 137
Trd, 4319641.893, 65
Trd, 4319642.343, 67
Trd, 4319642.943, 65
Trd, 4319643.393, 138
Trd, 4319643.643, 103
Trd, 4319644.293, 110
Trd, 4319645.343, 111
Trd, 4319645.793, 111
Trd, 4319645.943, 111
Trd, 4319646.693, 65
Trd, 4319647.193, 119
Trd, 4319647.993, 102
Trd, 4319648.143, 105
Trd, 4319648.243, 85
Trd, 4319650.793, 136
Trd, 4319651.093, 98
Trd, 4319651.293, 98
Trd, 4319651.543, 97
Trd, 4319651.893, 136
Trd, 4319652.443, 140
Trd, 4319653.393, 98
Trd, 4319654.793, 140
Trd, 4319655.343, 140
Trd, 4319655.793, 140
Trd, 4319655.893, 140
Trd, 4319656.043, 79
Trd, 4319657.343, 91
Trd, 4319658.293, 107
Trd, 4319659.193, 107
Trd, 4319659.693, 107
Trd, 4319661.043, 101
Trd, 4319661.293, 100
Trd, 4319661.343, 97
Trd, 4319663.343, 112
Trd, 4319663.443, 60
Trd, 4319664.643, 140
Trd, 4319664.693, 140
Trd, 4319665.093, 140
Trd, 4319666.843, 85
Trd, 4319667.243, 93
Trd, 4319667.543, 60
Trd, 4319669.143, 60
Trd, 4319669.393, 62
Trd, 4319669.693, 62
Trd, 4319670.993, 60
Trd, 4319671.393, 63
Trd, 4319671.793, 62
Trd, 4319671.993, 63
Trd, 4319672.393, 62
Trd, 4319673.743, 61
Trd, 4319674.443, 106
Trd, 4319674.843, 96
Trd, 4319675.043, 95
Trd, 4319675.643, 112
Trd, 4319676.943, 98
Trd, 4319677.343, 140
Trd, 4319677.693, 97
Trd, 4319679.093, 104
Trd, 4319680.143, 125
Trd, 4319680.893, 110
Trd, 4319681.393, 140
Trd, 4319683.043, 133
Trd, 4319683.143, 130
Trd, 4319683.243, 129
Trd, 4319684.243, 138
Trd, 4319685.993, 125
Trd, 4319686.243, 90
Trd, 4319687.543, 81
Trd, 4319688.743, 93
Trd, 4319688.893, 92
Trd, 4319690.143, 115
Trd, 4319690.643, 121
Trd, 4319691.743, 139
Trd, 4319691.793, 117
Trd, 4319692.243, 116
Trd, 4319693.893, 62
Trd, 4319694.343, 88
Trd, 4319694.493, 121
Trd, 4319695.393, 62
Trd, 4319695.593, 61
Trd, 4319696.043, 72
Trd, 4319697.593, 67
Trd, 4319698.743, 87
Trd, 4319698.793, 86
Trd, 4319699.493, 79
Trd, 4319700.093, 62
Trd, 4319700.343, 63
Trd, 4319701.143, 65
Trd, 4319702.893, 60
Trd, 4319703.443, 62
Trd, 4319704.243, 73
Trd, 4319704.993, 84
Trd, 4319705.093, 69
Trd, 4319705.993, 74
Trd, 4319706.243, 73
Trd, 4319706.443, 124
Trd, 4319708.443, 123
Trd, 4319709.343, 137
Trd, 4319709.693, 103
Trd, 4319710.343, 105
Trd, 4319712.493, 117
Trd, 4319712.593, 116
Trd, 4319712.843, 111
Trd, 4319713.093, 110
Trd, 4319713.243, 107
Trd, 4319713.493, 101
Trd, 4319714.893, 139
Trd, 4319715.093, 138
Trd, 4319715.693, 114
Trd, 4319715.793, 113
Trd, 4319715.943, 61
Trd, 4319717.193, 139
Trd, 4319717.743, 62
Trd, 4319718.343, 119
Trd, 4319719.143, 114
Trd, 4319720.043, 60
Trd, 4319720.543, 62
Trd, 4319721.843, 136
Trd, 4319723.893, 140
Trd, 4319724.043, 140
Trd, 4319724.143, 140
Trd, 4319724.243, 140
Trd, 4319725.243, 138
Trd, 4319725.643, 107
Trd, 4319727.493, 131
Trd, 4319728.243, 140
Trd, 4319728.443, 127
Trd, 4319728.793, 126
Trd, 4319728.893, 85
Trd, 4319729.593, 105
Trd, 4319732.693, 63
Trd, 4319733.693, 60
Trd, 4319734.393, 62
Trd, 4319734.543, 63
Trd, 4319735.243, 62
Trd, 4319736.393, 61
Trd, 4319737.093, 66
Trd, 4319737.793, 70
Trd, 4319738.893, 73
Trd, 4319739.343, 89
Trd, 4319739.743, 139
Trd, 4319740.243, 104
Trd, 4319740.443, 88
Trd, 4319741.543, 80
Trd, 4319741.743, 78
Trd, 4319743.543, 63
Trd, 4319743.993, 107
Trd, 4319744.043, 105
Trd, 4319746.243, 60
Trd, 4319746.893, 60
Trd, 4319747.293, 60
Trd, 4319747.643, 61
Trd, 4319747.943, 69
Trd, 4319748.743, 60
Trd, 4319748.943, 61
Trd, 4319749.243, 107
Trd, 4319752.993, 60
Trd, 4319753.243, 61
Trd, 4319753.293, 68
Trd, 4319753.943, 65
Trd, 4319755.343, 66
Trd, 4319756.543, 68
Trd, 4319756.643, 67
Trd, 4319757.043, 140
Trd, 4319757.943, 136
Trd, 4319758.043, 91
Trd, 4319758.443, 71
Trd, 4319759.593, 115
Trd, 4319760.393, 90
Trd, 4319761.843, 91
Trd, 4319762.693, 113
Trd, 4319762.943, 120
Trd, 4319763.493, 140
Trd, 4319765.193, 140
Trd, 4319765.643, 140
Trd, 4319765.793, 140
Trd, 4319765.943, 138
Trd, 4319766.843, 117
Trd, 4319768.993, 139
Trd, 4319769.443, 105
Trd, 4319770.143, 135
Trd, 4319770.193, 92
Trd, 4319771.393, 104
Trd, 4319772.143, 118
Trd, 4319773.193, 131
Trd, 4319773.343, 130
Trd, 4319774.843, 116
Trd, 4319775.693, 121
Trd, 4319776.043, 107
Trd, 4319777.093, 129
Trd, 4319777.493, 117
Trd, 4319778.293, 130
Trd, 4319779.193, 140
Trd, 4319779.243, 140
Trd, 4319779.593, 124
Trd, 4319781.293, 128
Trd, 4319781.443, 96
Trd, 4319781.843, 100
Trd, 4319782.343, 96
Trd, 4319782.843, 112
Trd, 4319783.143, 95
Trd, 4319783.543, 70
Trd, 4319785.693, 60
Trd, 4319787.293, 60
Trd, 4319787.943, 60
Trd, 4319788.543, 61
Trd, 4319788.843, 71
Trd, 4319789.643, 63
Trd, 4319790.193, 113
Trd, 4319790.793, 113
Trd, 4319791.443, 87
Trd, 4319793.843, 92
Trd, 4319794.393, 137
Trd, 4319795.043, 135
Trd, 4319795.543, 135
Trd, 4319795.693, 135
Trd, 4319796.243, 134
Trd, 4319796.293, 108
Trd, 4319796.893, 97
Trd, 4319797.493, 127
Trd, 4319799.043, 123
Trd, 4319799.643, 93
Trd, 4319800.043, 125
Trd, 4319800.943, 116
Trd, 4319801.343, 115
Trd, 4319802.443, 116
Trd, 4319802.793, 115
Trd, 4319802.843, 114
Trd, 4319804.243, 60
Trd, 4319805.243, 72
Trd, 4319806.243, 136
Trd, 4319806.893, 114
Trd, 4319806.943, 113
Trd, 4319808.293, 140
Trd, 4319809.143, 140
Trd, 4319809.343, 139
Trd, 4319809.943, 64
Trd, 4319812.193, 60
Trd, 4319812.543, 60
Trd, 4319813.593, 61
Trd, 4319814.343, 60
Trd, 4319814.993, 60
Trd, 4319816.643, 60
Trd, 4319817.193, 61
Trd, 4319817.893, 62
Trd, 4319819.043, 60
Trd, 4319819.093, 68
Trd, 4319820.693, 137
Trd, 4319821.043, 136
Trd, 4319821.943, 71
Trd, 4319822.243, 136
Trd, 4319822.393, 71
Trd, 4319822.943, 64
Trd, 4319823.043, 61
Trd, 4319823.543, 78
Trd, 4319826.093, 98
Trd, 4319827.643, 99
Trd, 4319828.193, 139
Trd, 4319828.393, 137
Trd, 4319829.043, 100
Trd, 4319830.493, 128
Trd, 4319830.543, 127
Trd, 4319832.493, 102
Trd, 4319832.843, 104
Trd, 4319833.043, 103
Trd, 4319833.843, 140
Trd, 4319834.143, 140
Trd, 4319834.593, 140
Trd, 4319835.643, 94
Trd, 4319835.943, 99
Trd, 4319836.993, 62
Trd, 4319838.343, 102
Trd, 4319839.593, 95
Trd, 4319839.743, 93
Trd, 4319839.793, 92
Trd, 4319839.843, 100
Trd, 4319841.243, 66
Trd, 4319841.343, 61
Trd, 4319841.693, 60
Trd, 4319842.043, 62
Trd, 4319844.143, 122
Trd, 4319844.743, 89
Trd, 4319845.743, 64
Trd, 4319846.043, 77
Trd, 4319846.643, 117
Trd, 4319846.693, 119
Trd, 4319847.693, 61
Trd, 4319849.493, 62
Trd, 4319849.693, 90
Trd, 4319850.443, 109
Trd, 4319851.893, 140
Trd, 4319852.893, 140
Trd, 4319853.593, 140
Trd, 4319853.643, 140
Trd, 4319853.843, 140
Trd, 4319853.943, 137
Trd, 4319853.993, 137
Trd, 4319855.743, 133
Trd, 4319856.593, 130
Trd, 4319857.743, 97
Trd, 4319858.193, 137
Trd, 4319859.343, 140
Trd, 4319859.993, 140
Trd, 4319860.143, 131
Trd, 4319860.193, 85
Trd, 4319860.693, 85
Trd, 4319861.493, 140
Trd, 4319861.543, 107
Trd, 4319863.193, 82
Trd, 4319863.843, 136
Trd, 4319864.193, 81
Trd, 4319866.343, 85
Trd, 4319866.493, 85
Trd, 4319867.043, 135
Trd, 4319867.243, 84
Trd, 4319868.093, 110
Trd, 4319869.143, 94
Trd, 4319869.543, 104
Trd, 4319870.943, 97
Trd, 4319871.393, 96
Trd, 4319871.943, 127
Trd, 4319872.193, 96
Trd, 4319873.393, 116
Trd, 4319874.743, 116
Trd, 4319874.793, 112
Trd, 4319875.643, 93
Trd, 4319876.693, 93
Trd, 4319876.943, 82
Trd, 4319877.943, 140
Trd, 4319878.793, 105
Trd, 4319878.993, 89
Trd, 4319880.743, 140
Trd, 4319881.093, 78
Trd, 4319881.493, 122
Trd, 4319882.043, 102
Trd, 4319883.943, 84
Trd, 4319884.943, 113
Trd, 4319885.343, 112
Trd, 4319886.143, 110
Trd, 4319886.243, 128
Trd, 4319887.293, 133
Trd, 4319888.093, 140
Trd, 4319889.943, 139
Trd, 4319890.343, 137
Trd, 4319891.443, 128
Trd, 4319892.843, 136
Trd, 4319893.093, 111
Trd, 4319894.143, 113
Trd, 4319894.493, 112
Trd, 4319895.843, 102
Trd, 4319896.943, 96
Trd, 4319897.193, 64
Trd, 4319898.093, 64
Trd, 4319899.293, 140
Trd, 4319899.393, 140
Trd, 4319900.643, 121
Trd, 4319901.493, 109
Trd, 4319901.943, 110
Trd, 4319901.993, 93
Trd, 4319902.443, 106
Trd, 4319903.143, 67
Trd, 4319903.343, 69
Trd, 4319903.893, 140
Trd, 4319904.293, 140
Trd, 4319905.443, 140
Trd, 4319905.593, 67
Trd, 4319906.443, 63
Trd, 4319908.593, 90
Trd, 4319908.843, 92
Trd, 4319908.993, 91
Trd, 4319910.293, 86
Trd, 4319910.793, 116
Trd, 4319911.843, 113
Trd, 4319913.043, 135
Trd, 4319913.193, 117
Trd, 4319913.643, 124
Trd, 4319913.943, 86
Trd, 4319914.243, 60
Trd, 4319915.193, 82
Trd, 4319916.093, 119
Trd, 4319916.843, 111
Trd, 4319917.043, 133
Trd, 4319917.743, 137
Trd, 4319918.593, 140
Trd, 4319919.243, 138
Trd, 4319919.293, 107
Trd, 4319921.243, 114
Trd, 4319921.593, 121
Trd, 4319921.693, 112
Trd, 4319922.043, 124
Trd, 4319922.543, 82
Trd, 4319922.993, 80
Trd, 4319924.143, 62
Trd, 4319924.243, 78
Trd, 4319924.393, 74
Trd, 4319925.993, 66
Trd, 4319927.243, 140
Trd, 4319927.793, 124
Trd, 4319928.143, 120
Trd, 4319928.193, 119
Trd, 4319929.343, 79
Trd, 4319930.093, 63
Trd, 4319930.443, 71
Trd, 4319931.593, 127
Trd, 4319931.643, 81
Trd, 4319933.043, 60
Trd, 4319933.093, 70
Trd, 4319934.143, 71
Trd, 4319935.193, 76
Trd, 4319937.293, 61
Trd, 4319937.343, 61
Trd, 4319937.543, 104
Trd, 4319938.793, 60
Trd, 4319939.443, 64
Trd, 4319939.943, 67
Trd, 4319940.093, 66
Trd, 4319940.693, 65
Trd, 4319941.143, 74
Trd, 4319942.393, 66
Trd, 4319942.643, 92
Trd, 4319942.693, 102
Trd, 4319943.343, 60
Trd, 4319944.243, 80
Trd, 4319945.993, 63
Trd, 4319946.443, 60
Trd, 4319946.843, 60
Trd, 4319947.093, 63
Trd, 4319947.493, 63
Trd, 4319947.943, 80
Trd, 4319948.593, 89
Trd, 4319948.943, 95
Trd, 4319950.143, 63
Trd, 4319951.093, 62
Trd, 4319951.743, 88
Trd, 4319952.543, 112
Trd, 4319952.993, 94
Trd, 4319954.393, 137
Trd, 4319954.543, 115
Trd, 4319954.693, 114
Trd, 4319955.643, 139
Trd, 4319957.193, 89
Trd, 4319957.993, 91
Trd, 4319958.243, 92
Trd, 4319959.243, 95
Trd, 4319960.393, 130
Trd, 4319960.943, 130
Trd, 4319961.493, 130
Trd, 4319961.643, 129
Trd, 4319962.243, 86
Trd, 4319962.993, 140
Trd, 4319963.043, 124
Trd, 4319964.093, 110
Trd, 4319964.393, 109
Trd, 4319965.343, 135
Trd, 4319966.343, 104
Trd, 4319966.593, 102
Trd, 4319967.893, 85
Trd, 4319968.193, 139
Trd, 4319968.493, 107
Trd, 4319969.643, 140
Trd, 4319970.193, 140
Trd, 4319970.393, 140
Trd, 4319970.893, 123
Trd, 4319971.343, 123
Trd, 4319972.343, 135
Trd, 4319972.993, 130
Trd, 4319973.993, 133
Trd, 4319974.993, 140
Trd, 4319975.393, 132
Trd, 4319975.543, 84
Trd, 4319976.643, 95
Trd, 4319976.943, 117
Trd, 4319978.593, 137
Trd, 4319978.993, 136
Trd, 4319979.293, 107
Trd, 4319979.693, 139
Trd, 4319979.743, 82
Trd, 4319980.393, 93
Trd, 4319982.493, 128
Trd, 4319983.293, 139
Trd, 4319984.543, 129
Trd, 4319985.043, 65
Trd, 4319985.143, 65
Trd, 4319985.993, 62
Trd, 4319986.693, 62
Trd, 4319986.793, 60
Trd, 4319987.543, 77
Trd, 4319987.893, 70
Trd, 4319988.393, 64
Trd, 4319988.643, 65
Trd, 4319990.993, 98
Trd, 4319991.493, 104
Trd, 4319991.943, 102
Trd, 4319992.143, 101
Trd, 4319992.993, 102
Trd, 4319993.043, 105
Trd, 4319994.793, 140
Trd, 4319996.043, 87
Trd, 4319996.593, 93
Trd, 4319996.693, 86
Trd, 4319997.493, 87
Trd, 4319997.943, 62
Trd, 4319999.893, 62
Trd, 4319999.993, 61
