Trd, 4318136.343, 123
Trd, 4318137.843, 114
Trd, 4318140.043, 96
Trd, 4318140.343, 93
Trd, 4318141.493, 85
Trd, 4318141.843, 75
Trd, 4318142.043, 73
Trd, 4318142.193, 95
Trd, 4318143.043, 91
Trd, 4318143.193, 101
Trd, 4318144.543, 112
Trd, 4318144.843, 111
Trd, 4318145.993, 87
Trd, 4318146.343, 84
Trd, 4318146.743, 94
Trd, 4318147.343, 98
Trd, 4318148.043, 91
Trd, 4318148.993, 134
Trd, 4318149.893, 112
Trd, 4318150.993, 82
Trd, 4318151.043, 72
Trd, 4318151.193, 96
Trd, 4318151.743, 68
Trd, 4318152.393, 125
Trd, 4318152.893, 134
Trd, 4318153.593, 107
Trd, 4318155.293, 91
Trd, 4318156.143, 104
Trd, 4318156.793, 137
Trd, 4318156.843, 124
Trd, 4318157.443, 136
Trd, 4318157.643, 118
Trd, 4318157.743, 108
Trd, 4318159.693, 68
Trd, 4318160.593, 71
Trd, 4318160.693, 96
Trd, 4318162.593, 89
Trd, 4318164.493, 90
Trd, 4318164.543, 126
Trd, 4318164.943, 78
Trd, 4318165.843, 130
Trd, 4318167.293, 125
Trd, 4318168.193, 93
Trd, 4318168.293, 93
Trd, 4318169.693, 86
Trd, 4318170.343, 132
Trd, 4318171.543, 134
Trd, 4318171.843, 110
Trd, 4318172.593, 99
Trd, 4318174.043, 82
Trd, 4318174.093, 90
Trd, 4318174.243, 118
Trd, 4318174.443, 81
Trd, 4318174.893, 67
Trd, 4318175.243, 63
Trd, 4318175.743, 119
Trd, 4318176.193, 117
Trd, 4318177.443, 125
Trd, 4318178.143, 137
Trd, 4318179.593, 132
Trd, 4318179.643, 115
Trd, 4318180.493, 109
Trd, 4318181.893, 97
Trd, 4318182.343, 87
Trd, 4318182.443, 86
Trd, 4318183.543, 99
Trd, 4318184.693, 130
Trd, 4318184.943, 112
Trd, 4318185.343, 124
Trd, 4318185.843, 103
Trd, 4318187.193, 119
Trd, 4318187.893, 137
Trd, 4318188.343, 94
Trd, 4318188.843, 102
Trd, 4318189.443, 135
Trd, 4318189.843, 92
Trd, 4318190.393, 78
Trd, 4318190.593, 86
Trd, 4318191.243, 95
Trd, 4318192.543, 91
Trd, 4318192.743, 84
Trd, 4318193.193, 114
Trd, 4318193.793, 133
Trd, 4318194.193, 97
Trd, 4318196.043, 81
Trd, 4318196.893, 85
Trd, 4318197.243, 74
Trd, 4318197.743, 103
Trd, 4318198.593, 80
Trd, 4318199.893, 102
Trd, 4318200.043, 136
Trd, 4318200.293, 65
Trd, 4318201.293, 112
Trd, 4318201.443, 79
Trd, 4318201.543, 76
Trd, 4318202.843, 89
Trd, 4318203.243, 120
Trd, 4318204.593, 104
Trd, 4318205.393, 135
Trd, 4318206.093, 137
Trd, 4318206.293, 139
Trd, 4318206.443, 112
Trd, 4318208.043, 92
Trd, 4318208.393, 92
Trd, 4318208.793, 126
Trd, 4318209.643, 95
Trd, 4318209.693, 82
Trd, 4318210.193, 94
Trd, 4318211.743, 116
Trd, 4318212.243, 89
Trd, 4318213.443, 115
Trd, 4318214.143, 99
Trd, 4318214.293, 96
Trd, 4318214.593, 83
Trd, 4318214.943, 90
Trd, 4318215.243, 105
Trd, 4318216.593, 77
Trd, 4318217.443, 62
Trd, 4318218.393, 117
Trd, 4318218.493, 94
Trd, 4318219.443, 130
Trd, 4318219.743, 99
Trd, 4318221.143, 92
Trd, 4318221.443, 79
Trd, 4318222.443, 77
Trd, 4318224.743, 64
Trd, 4318224.893, 132
Trd, 4318225.493, 62
Trd, 4318225.643, 75
Trd, 4318225.993, 120
Trd, 4318226.443, 123
Trd, 4318227.243, 138
Trd, 4318227.993, 128
Trd, 4318229.193, 84
Trd, 4318229.493, 126
Trd, 4318229.593, 75
Trd, 4318231.593, 60
Trd, 4318231.693, 88
Trd, 4318232.693, 108
Trd, 4318233.793, 102
Trd, 4318234.243, 118
Trd, 4318234.993, 121
Trd, 4318235.093, 99
Trd, 4318235.493, 72
Trd, 4318235.793, 65
Trd, 4318236.343, 88
Trd, 4318238.093, 68
Trd, 4318238.993, 120
Trd, 4318240.393, 65
Trd, 4318241.193, 68
Trd, 4318241.293, 85
Trd, 4318241.543, 78
Trd, 4318241.993, 72
Trd, 4318242.343, 60
Trd, 4318243.293, 72
Trd, 4318243.493, 69
Trd, 4318244.643, 103
Trd, 4318245.443, 60
Trd, 4318247.093, 80
Trd, 4318248.943, 62
Trd, 4318249.093, 64
Trd, 4318249.793, 79
Trd, 4318249.943, 108
Trd, 4318251.143, 106
Trd, 4318251.293, 138
Trd, 4318251.943, 90
Trd, 4318252.843, 89
Trd, 4318252.893, 78
Trd, 4318253.343, 110
Trd, 4318254.193, 135
Trd, 4318254.793, 132
Trd, 4318256.293, 125
Trd, 4318256.343, 106
Trd, 4318258.293, 128
Trd, 4318258.993, 107
Trd, 4318259.243, 82
Trd, 4318259.693, 61
Trd, 4318260.443, 66
Trd, 4318260.543, 102
Trd, 4318261.493, 132
Trd, 4318261.993, 136
Trd, 4318262.243, 113
Trd, 4318262.993, 96
Trd, 4318263.593, 103
Trd, 4318264.693, 71
Trd, 4318265.193, 66
Trd, 4318265.293, 110
Trd, 4318266.493, 119
Trd, 4318266.743, 117
Trd, 4318266.893, 105
Trd, 4318267.293, 130
Trd, 4318268.993, 62
Trd, 4318269.093, 69
Trd, 4318269.143, 99
Trd, 4318270.793, 64
Trd, 4318270.943, 68
Trd, 4318271.643, 61
Trd, 4318271.693, 91
Trd, 4318273.093, 60
Trd, 4318273.943, 88
Trd, 4318274.493, 64
Trd, 4318274.743, 63
Trd, 4318275.393, 71
Trd, 4318276.393, 71
Trd, 4318276.893, 63
Trd, 4318277.543, 119
Trd, 4318277.743, 114
Trd, 4318278.393, 86
Trd, 4318279.393, 134
Trd, 4318280.393, 97
Trd, 4318280.693, 90
Trd, 4318281.593, 63
Trd, 4318282.393, 138
Trd, 4318284.093, 111
Trd, 4318284.843, 132
Trd, 4318285.843, 125
Trd, 4318286.193, 112
Trd, 4318287.343, 134
Trd, 4318287.493, 131
Trd, 4318287.843, 106
Trd, 4318288.493, 118
Trd, 4318288.843, 111
Trd, 4318289.243, 84
Trd, 4318289.293, 100
Trd, 4318289.743, 76
Trd, 4318291.343, 100
Trd, 4318292.093, 129
Trd, 4318293.343, 136
Trd, 4318294.193, 116
Trd, 4318294.743, 118
Trd, 4318295.143, 100
Trd, 4318295.443, 92
Trd, 4318295.943, 71
Trd, 4318296.943, 123
Trd, 4318297.193, 106
Trd, 4318297.993, 64
Trd, 4318299.993, 92
Trd, 4318300.243, 81
Trd, 4318300.493, 82
Trd, 4318300.593, 123
Trd, 4318300.943, 68
Trd, 4318302.543, 61
Trd, 4318302.893, 102
Trd, 4318303.293, 71
Trd, 4318303.993, 65
Trd, 4318304.643, 96
Trd, 4318304.693, 107
Trd, 4318306.243, 98
Trd, 4318306.593, 94
Trd, 4318306.843, 111
Trd, 4318307.943, 60
Trd, 4318309.393, 84
Trd, 4318310.293, 116
Trd, 4318311.143, 128
Trd, 4318311.943, 116
Trd, 4318312.393, 103
Trd, 4318312.843, 96
Trd, 4318313.993, 114
Trd, 4318314.343, 84
Trd, 4318315.743, 138
Trd, 4318315.893, 118
Trd, 4318316.293, 109
Trd, 4318316.643, 122
Trd, 4318316.693, 88
Trd, 4318317.843, 123
Trd, 4318318.493, 112
Trd, 4318318.693, 121
Trd, 4318319.293, 107
Trd, 4318320.743, 109
Trd, 4318321.443, 98
Trd, 4318321.893, 84
Trd, 4318322.843, 78
Trd, 4318323.043, 87
Trd, 4318323.393, 110
Trd, 4318324.993, 89
Trd, 4318325.793, 126
Trd, 4318326.793, 110
Trd, 4318326.993, 108
Trd, 4318327.593, 131
Trd, 4318328.143, 119
Trd, 4318328.693, 79
Trd, 4318329.443, 137
Trd, 4318329.643, 119
Trd, 4318331.143, 60
Trd, 4318332.193, 96
Trd, 4318333.193, 71
Trd, 4318333.643, 134
Trd, 4318334.443, 117
Trd, 4318334.693, 117
Trd, 4318335.843, 126
Trd, 4318336.543, 139
Trd, 4318336.643, 114
Trd, 4318337.443, 131
Trd, 4318338.193, 104
Trd, 4318338.393, 103
Trd, 4318338.693, 97
Trd, 4318338.893, 79
Trd, 4318339.793, 138
Trd, 4318340.393, 120
Trd, 4318341.743, 131
Trd, 4318342.093, 127
Trd, 4318342.493, 113
Trd, 4318343.293, 92
Trd, 4318344.343, 126
Trd, 4318344.893, 103
Trd, 4318345.093, 102
Trd, 4318345.793, 81
Trd, 4318346.593, 88
Trd, 4318347.443, 121
Trd, 4318348.443, 115
Trd, 4318348.543, 105
Trd, 4318349.443, 119
Trd, 4318349.993, 95
Trd, 4318350.743, 98
Trd, 4318350.793, 84
Trd, 4318352.243, 78
Trd, 4318352.343, 97
Trd, 4318353.743, 93
Trd, 4318354.193, 90
Trd, 4318354.643, 122
Trd, 4318354.793, 96
Trd, 4318355.443, 115
Trd, 4318356.893, 139
Trd, 4318357.543, 131
Trd, 4318357.693, 114
Trd, 4318358.393, 83
Trd, 4318360.093, 118
Trd, 4318361.293, 124
Trd, 4318362.043, 108
Trd, 4318362.143, 106
Trd, 4318362.293, 135
Trd, 4318362.443, 136
Trd, 4318362.593, 92
Trd, 4318363.543, 74
Trd, 4318363.993, 67
Trd, 4318364.443, 75
Trd, 4318364.893, 69
Trd, 4318364.993, 99
Trd, 4318365.393, 133
Trd, 4318366.793, 128
Trd, 4318368.193, 115
Trd, 4318368.643, 127
Trd, 4318368.943, 60
Trd, 4318369.843, 93
Trd, 4318370.793, 133
Trd, 4318371.093, 88
Trd, 4318372.493, 62
Trd, 4318372.943, 66
Trd, 4318374.143, 76
Trd, 4318374.793, 66
Trd, 4318375.093, 67
Trd, 4318375.493, 71
Trd, 4318375.693, 115
Trd, 4318377.043, 123
Trd, 4318377.893, 105
Trd, 4318377.993, 98
Trd, 4318378.543, 125
Trd, 4318379.543, 137
Trd, 4318380.493, 133
Trd, 4318380.693, 120
Trd, 4318380.993, 119
Trd, 4318381.243, 85
Trd, 4318381.443, 99
Trd, 4318383.093, 131
Trd, 4318383.443, 124
Trd, 4318385.043, 129
Trd, 4318385.143, 91
Trd, 4318386.043, 87
Trd, 4318386.493, 93
Trd, 4318387.293, 133
Trd, 4318387.643, 127
Trd, 4318388.493, 89
Trd, 4318388.843, 69
Trd, 4318390.243, 103
Trd, 4318390.943, 82
Trd, 4318391.093, 114
Trd, 4318391.643, 69
Trd, 4318391.693, 112
Trd, 4318392.893, 134
Trd, 4318393.293, 118
Trd, 4318394.943, 140
Trd, 4318395.443, 69
Trd, 4318395.843, 139
Trd, 4318397.143, 89
Trd, 4318398.043, 102
Trd, 4318398.543, 61
Trd, 4318398.693, 64
Trd, 4318399.993, 64
Trd, 4318400.843, 71
Trd, 4318402.393, 121
Trd, 4318402.693, 102
Trd, 4318402.843, 123
Trd, 4318403.043, 86
Trd, 4318404.993, 98
Trd, 4318406.093, 126
Trd, 4318406.493, 130
Trd, 4318407.743, 115
Trd, 4318407.993, 106
Trd, 4318409.493, 86
Trd, 4318410.143, 106
Trd, 4318410.393, 97
Trd, 4318412.343, 130
Trd, 4318412.493, 122
Trd, 4318413.443, 127
Trd, 4318413.493, 108
Trd, 4318414.243, 111
Trd, 4318414.893, 69
Trd, 4318414.993, 83
Trd, 4318416.193, 95
Trd, 4318417.743, 135
Trd, 4318418.293, 113
Trd, 4318418.793, 102
Trd, 4318419.843, 130
Trd, 4318420.243, 108
Trd, 4318422.143, 86
Trd, 4318423.143, 128
Trd, 4318423.243, 90
Trd, 4318423.393, 74
Trd, 4318424.043, 65
Trd, 4318424.893, 109
Trd, 4318426.243, 106
Trd, 4318426.693, 104
Trd, 4318428.143, 96
Trd, 4318428.493, 113
Trd, 4318429.193, 109
Trd, 4318430.443, 104
Trd, 4318430.693, 96
Trd, 4318430.843, 97
Trd, 4318431.243, 96
Trd, 4318431.643, 82
Trd, 4318432.843, 112
Trd, 4318433.793, 102
Trd, 4318434.343, 104
Trd, 4318435.643, 135
Trd, 4318436.943, 124
Trd, 4318437.593, 93
Trd, 4318439.593, 64
Trd, 4318439.693, 69
Trd, 4318439.943, 78
Trd, 4318440.893, 102
Trd, 4318441.393, 120
Trd, 4318442.693, 71
Trd, 4318443.093, 84
Trd, 4318443.843, 124
Trd, 4318444.843, 127
Trd, 4318445.393, 116
Trd, 4318445.843, 115
Trd, 4318446.143, 111
Trd, 4318447.243, 111
Trd, 4318448.293, 90
Trd, 4318448.993, 140
Trd, 4318449.193, 99
Trd, 4318449.893, 114
Trd, 4318451.743, 133
Trd, 4318452.343, 131
Trd, 4318453.043, 110
Trd, 4318453.493, 93
Trd, 4318453.693, 101
Trd, 4318455.393, 129
Trd, 4318455.993, 105
Trd, 4318456.243, 102
Trd, 4318456.293, 101
Trd, 4318457.693, 139
Trd, 4318457.743, 136
Trd, 4318458.543, 132
Trd, 4318459.343, 121
Trd, 4318460.243, 101
Trd, 4318460.793, 130
Trd, 4318460.993, 99
Trd, 4318461.543, 87
Trd, 4318462.293, 78
Trd, 4318463.643, 140
Trd, 4318464.393, 131
Trd, 4318464.543, 95
Trd, 4318464.943, 119
Trd, 4318465.393, 116
Trd, 4318466.393, 140
Trd, 4318467.043, 133
Trd, 4318467.543, 112
Trd, 4318468.643, 99
Trd, 4318468.693, 96
Trd, 4318469.143, 93
Trd, 4318470.893, 107
Trd, 4318471.993, 129
Trd, 4318472.543, 119
Trd, 4318472.793, 96
Trd, 4318473.693, 99
Trd, 4318473.743, 78
Trd, 4318474.093, 74
Trd, 4318475.743, 133
Trd, 4318475.943, 114
Trd, 4318477.043, 70
Trd, 4318477.843, 63
Trd, 4318479.593, 109
Trd, 4318479.993, 137
Trd, 4318480.793, 119
Trd, 4318480.943, 121
Trd, 4318481.093, 71
Trd, 4318481.243, 130
Trd, 4318482.343, 64
Trd, 4318482.843, 96
Trd, 4318483.443, 137
Trd, 4318483.593, 79
Trd, 4318485.293, 135
Trd, 4318485.393, 133
Trd, 4318486.043, 124
Trd, 4318486.143, 110
Trd, 4318486.993, 121
Trd, 4318487.543, 96
Trd, 4318488.243, 132
Trd, 4318488.393, 119
Trd, 4318488.843, 135
Trd, 4318489.143, 90
Trd, 4318490.643, 115
Trd, 4318491.743, 85
Trd, 4318491.793, 74
Trd, 4318493.043, 129
Trd, 4318493.593, 125
Trd, 4318493.893, 121
Trd, 4318496.893, 112
Trd, 4318497.193, 87
Trd, 4318497.493, 136
Trd, 4318497.743, 95
Trd, 4318498.643, 100
Trd, 4318499.093, 118
Trd, 4318499.193, 121
Trd, 4318499.543, 63
Trd, 4318500.643, 136
Trd, 4318502.243, 125
Trd, 4318503.543, 118
Trd, 4318504.093, 125
Trd, 4318504.743, 104
Trd, 4318505.993, 112
Trd, 4318506.593, 84
Trd, 4318507.343, 91
Trd, 4318508.543, 117
Trd, 4318508.893, 98
Trd, 4318509.943, 98
Trd, 4318510.343, 96
Trd, 4318511.393, 100
Trd, 4318511.893, 127
Trd, 4318512.193, 103
Trd, 4318513.093, 140
Trd, 4318513.193, 122
Trd, 4318513.843, 114
Trd, 4318513.993, 71
Trd, 4318514.293, 122
Trd, 4318514.993, 87
Trd, 4318516.043, 81
Trd, 4318517.943, 136
Trd, 4318518.093, 111
Trd, 4318519.243, 86
Trd, 4318520.193, 133
Trd, 4318520.643, 76
Trd, 4318521.343, 113
Trd, 4318521.943, 121
Trd, 4318522.193, 97
Trd, 4318522.643, 118
Trd, 4318524.043, 129
Trd, 4318524.193, 113
Trd, 4318525.543, 107
Trd, 4318527.943, 114
Trd, 4318528.993, 71
Trd, 4318529.393, 139
Trd, 4318530.343, 127
Trd, 4318531.993, 62
Trd, 4318532.693, 73
Trd, 4318532.943, 66
Trd, 4318532.993, 79
Trd, 4318534.393, 76
Trd, 4318535.443, 101
Trd, 4318536.493, 137
Trd, 4318536.593, 135
Trd, 4318537.343, 129
Trd, 4318538.593, 97
Trd, 4318539.193, 129
Trd, 4318539.793, 117
Trd, 4318540.443, 122
Trd, 4318540.593, 81
Trd, 4318540.843, 75
Trd, 4318541.793, 116
Trd, 4318542.243, 112
Trd, 4318543.243, 133
Trd, 4318544.043, 119
Trd, 4318546.243, 137
Trd, 4318546.393, 133
Trd, 4318546.743, 117
Trd, 4318547.093, 135
Trd, 4318547.843, 113
Trd, 4318548.743, 124
Trd, 4318549.243, 100
Trd, 4318550.143, 74
Trd, 4318550.593, 73
Trd, 4318550.893, 118
Trd, 4318551.993, 133
Trd, 4318552.243, 110
Trd, 4318552.743, 119
Trd, 4318552.843, 106
Trd, 4318553.443, 77
Trd, 4318554.843, 80
Trd, 4318555.443, 67
Trd, 4318556.593, 70
Trd, 4318557.493, 60
Trd, 4318559.043, 81
Trd, 4318559.393, 131
Trd, 4318559.993, 119
Trd, 4318560.993, 98
Trd, 4318561.493, 132
Trd, 4318561.843, 126
Trd, 4318563.443, 120
Trd, 4318564.343, 103
Trd, 4318564.843, 83
Trd, 4318565.443, 119
Trd, 4318565.543, 67
Trd, 4318565.643, 70
Trd, 4318566.843, 79
Trd, 4318567.093, 102
Trd, 4318567.493, 134
Trd, 4318567.793, 102
Trd, 4318568.543, 74
Trd, 4318571.243, 116
Trd, 4318571.443, 135
Trd, 4318572.443, 104
Trd, 4318572.693, 90
Trd, 4318573.343, 128
Trd, 4318573.993, 109
Trd, 4318574.843, 127
Trd, 4318575.693, 93
Trd, 4318576.793, 115
Trd, 4318576.843, 82
Trd, 4318577.243, 77
Trd, 4318577.643, 103
Trd, 4318578.343, 70
Trd, 4318578.843, 79
Trd, 4318580.343, 82
Trd, 4318581.093, 88
Trd, 4318582.843, 92
Trd, 4318583.143, 123
Trd, 4318584.043, 136
Trd, 4318584.493, 119
Trd, 4318584.793, 123
Trd, 4318585.193, 84
Trd, 4318586.043, 138
Trd, 4318586.743, 99
Trd, 4318587.193, 83
Trd, 4318587.593, 127
Trd, 4318589.293, 108
Trd, 4318590.543, 101
Trd, 4318590.693, 117
Trd, 4318591.643, 133
Trd, 4318591.793, 129
Trd, 4318592.693, 113
Trd, 4318592.993, 91
Trd, 4318593.543, 122
Trd, 4318593.743, 119
Trd, 4318594.043, 85
Trd, 4318594.643, 104
Trd, 4318595.493, 120
Trd, 4318597.043, 86
Trd, 4318597.243, 108
Trd, 4318597.293, 101
Trd, 4318598.043, 98
Trd, 4318599.643, 120
Trd, 4318599.843, 116
Trd, 4318600.993, 105
Trd, 4318601.393, 115
Trd, 4318601.593, 139
Trd, 4318601.793, 100
Trd, 4318602.593, 96
Trd, 4318603.243, 79
Trd, 4318603.393, 79
Trd, 4318604.043, 65
Trd, 4318605.843, 86
Trd, 4318605.993, 91
Trd, 4318607.193, 113
Trd, 4318607.343, 88
Trd, 4318607.593, 123
Trd, 4318609.243, 73
Trd, 4318609.743, 87
Trd, 4318611.143, 114
Trd, 4318611.493, 100
Trd, 4318613.593, 129
Trd, 4318613.843, 106
Trd, 4318613.993, 81
Trd, 4318614.693, 67
Trd, 4318615.193, 72
Trd, 4318615.293, 80
Trd, 4318617.093, 118
Trd, 4318617.993, 103
Trd, 4318618.443, 100
Trd, 4318618.493, 98
Trd, 4318618.843, 135
Trd, 4318619.393, 133
Trd, 4318619.543, 132
Trd, 4318619.943, 116
Trd, 4318620.143, 115
Trd, 4318620.893, 64
Trd, 4318621.443, 140
Trd, 4318622.343, 71
Trd, 4318622.993, 94
Trd, 4318624.993, 124
Trd, 4318626.043, 100
Trd, 4318626.193, 77
Trd, 4318627.693, 136
Trd, 4318627.843, 117
Trd, 4318629.243, 121
Trd, 4318629.893, 98
Trd, 4318630.543, 111
Trd, 4318630.743, 95
Trd, 4318630.793, 82
Trd, 4318631.693, 104
Trd, 4318632.793, 131
Trd, 4318633.343, 107
Trd, 4318633.643, 103
Trd, 4318634.493, 99
Trd, 4318635.143, 85
Trd, 4318636.143, 137
Trd, 4318637.443, 109
Trd, 4318638.243, 108
Trd, 4318639.093, 91
Trd, 4318640.043, 94
Trd, 4318640.093, 109
Trd, 4318641.293, 123
Trd, 4318642.843, 101
Trd, 4318643.743, 137
Trd, 4318644.693, 129
Trd, 4318644.993, 128
Trd, 4318645.643, 129
Trd, 4318645.993, 120
Trd, 4318646.693, 114
Trd, 4318646.943, 96
Trd, 4318647.593, 78
Trd, 4318648.643, 136
Trd, 4318648.743, 127
Trd, 4318648.893, 115
Trd, 4318649.143, 100
Trd, 4318649.593, 102
Trd, 4318650.293, 102
Trd, 4318651.643, 134
Trd, 4318653.193, 92
Trd, 4318654.043, 75
Trd, 4318654.393, 99
Trd, 4318655.043, 115
Trd, 4318656.043, 114
Trd, 4318656.543, 85
Trd, 4318656.643, 132
Trd, 4318656.743, 79
Trd, 4318657.643, 83
Trd, 4318657.843, 61
Trd, 4318658.743, 118
Trd, 4318659.193, 122
Trd, 4318659.793, 118
Trd, 4318660.443, 106
Trd, 4318661.293, 83
Trd, 4318662.043, 105
Trd, 4318662.193, 124
Trd, 4318664.443, 84
Trd, 4318664.493, 101
Trd, 4318665.293, 136
Trd, 4318665.593, 82
Trd, 4318665.643, 84
Trd, 4318666.293, 109
Trd, 4318667.593, 137
Trd, 4318667.893, 137
Trd, 4318667.993, 135
Trd, 4318668.243, 76
Trd, 4318669.193, 87
Trd, 4318670.993, 69
Trd, 4318672.043, 136
Trd, 4318673.493, 115
Trd, 4318673.743, 115
Trd, 4318673.893, 118
Trd, 4318674.793, 116
Trd, 4318674.893, 91
Trd, 4318675.393, 99
Trd, 4318676.043, 135
Trd, 4318676.643, 95
Trd, 4318676.743, 85
Trd, 4318677.893, 115
Trd, 4318678.443, 89
Trd, 4318680.043, 78
Trd, 4318680.643, 80
Trd, 4318682.493, 123
Trd, 4318682.593, 119
Trd, 4318682.643, 70
Trd, 4318682.943, 112
Trd, 4318683.193, 80
Trd, 4318683.393, 69
Trd, 4318684.493, 121
Trd, 4318684.843, 89
Trd, 4318685.993, 94
Trd, 4318686.893, 108
Trd, 4318687.193, 102
Trd, 4318687.543, 140
Trd, 4318687.593, 123
Trd, 4318688.143, 124
Trd, 4318689.893, 91
Trd, 4318690.993, 131
Trd, 4318691.493, 122
Trd, 4318691.793, 120
Trd, 4318692.093, 112
Trd, 4318692.143, 107
Trd, 4318692.393, 86
Trd, 4318692.643, 80
Trd, 4318693.993, 81
Trd, 4318694.693, 83
Trd, 4318696.343, 103
Trd, 4318697.193, 134
Trd, 4318697.993, 83
Trd, 4318699.093, 81
Trd, 4318700.293, 92
Trd, 4318700.593, 80
Trd, 4318700.643, 111
Trd, 4318701.193, 64
Trd, 4318701.543, 138
Trd, 4318702.593, 74
Trd, 4318704.293, 65
Trd, 4318704.843, 61
Trd, 4318705.193, 77
Trd, 4318705.343, 98
Trd, 4318707.143, 107
Trd, 4318708.193, 128
Trd, 4318708.543, 139
Trd, 4318708.593, 117
Trd, 4318709.693, 123
Trd, 4318710.043, 112
Trd, 4318711.643, 92
Trd, 4318711.743, 86
Trd, 4318712.093, 73
Trd, 4318712.593, 119
Trd, 4318713.293, 102
Trd, 4318713.893, 120
Trd, 4318715.243, 101
Trd, 4318715.443, 134
Trd, 4318715.943, 101
Trd, 4318716.643, 135
Trd, 4318716.843, 109
Trd, 4318717.493, 102
Trd, 4318718.393, 91
Trd, 4318718.943, 84
Trd, 4318719.793, 127
Trd, 4318719.943, 98
Trd, 4318720.993, 133
Trd, 4318723.243, 111
Trd, 4318724.243, 119
Trd, 4318724.493, 101
Trd, 4318724.543, 101
Trd, 4318724.593, 88
Trd, 4318725.343, 95
Trd, 4318726.893, 73
Trd, 4318726.993, 76
Trd, 4318727.093, 81
Trd, 4318727.543, 138
Trd, 4318728.293, 102
Trd, 4318728.743, 105
Trd, 4318729.943, 91
Trd, 4318730.143, 62
Trd, 4318730.293, 100
Trd, 4318731.343, 60
Trd, 4318732.143, 74
Trd, 4318732.393, 108
Trd, 4318733.543, 82
Trd, 4318734.643, 64
Trd, 4318735.943, 67
Trd, 4318736.393, 63
Trd, 4318736.493, 102
Trd, 4318736.743, 80
Trd, 4318737.343, 82
Trd, 4318738.843, 121
Trd, 4318739.643, 109
Trd, 4318739.793, 105
Trd, 4318740.493, 74
Trd, 4318740.643, 71
Trd, 4318741.243, 131
Trd, 4318742.043, 72
Trd, 4318742.593, 61
Trd, 4318743.243, 134
Trd, 4318743.543, 72
Trd, 4318744.493, 86
Trd, 4318744.993, 81
Trd, 4318746.793, 134
Trd, 4318746.893, 118
Trd, 4318747.643, 123
Trd, 4318749.293, 121
Trd, 4318750.093, 140
Trd, 4318750.293, 95
Trd, 4318750.743, 90
Trd, 4318751.143, 84
Trd, 4318751.443, 128
Trd, 4318751.793, 118
Trd, 4318752.243, 64
Trd, 4318753.143, 71
Trd, 4318755.043, 102
Trd, 4318755.293, 132
Trd, 4318755.443, 77
Trd, 4318755.843, 115
Trd, 4318756.893, 92
Trd, 4318757.143, 134
Trd, 4318757.393, 138
Trd, 4318757.943, 112
Trd, 4318758.993, 116
Trd, 4318759.793, 66
Trd, 4318761.043, 65
Trd, 4318761.543, 63
Trd, 4318762.243, 112
Trd, 4318762.393, 110
Trd, 4318762.593, 106
Trd, 4318762.743, 137
Trd, 4318763.393, 81
Trd, 4318764.193, 132
Trd, 4318765.943, 127
Trd, 4318766.443, 108
Trd, 4318766.543, 92
Trd, 4318767.443, 95
Trd, 4318768.443, 62
Trd, 4318768.693, 87
Trd, 4318770.693, 65
Trd, 4318771.193, 69
Trd, 4318771.343, 84
Trd, 4318771.893, 61
Trd, 4318772.393, 60
Trd, 4318772.593, 65
Trd, 4318773.093, 61
Trd, 4318774.343, 133
Trd, 4318775.343, 71
Trd, 4318775.743, 125
Trd, 4318775.993, 120
Trd, 4318776.643, 94
Trd, 4318777.793, 81
Trd, 4318778.443, 82
Trd, 4318779.393, 86
Trd, 4318779.493, 77
Trd, 4318779.893, 68
Trd, 4318780.493, 67
Trd, 4318782.193, 102
Trd, 4318782.793, 111
Trd, 4318785.093, 133
Trd, 4318785.393, 132
Trd, 4318786.493, 112
Trd, 4318786.743, 107
Trd, 4318787.343, 103
Trd, 4318787.893, 102
Trd, 4318788.043, 97
Trd, 4318788.793, 112
Trd, 4318789.093, 107
Trd, 4318789.543, 115
Trd, 4318789.843, 106
Trd, 4318790.293, 88
Trd, 4318791.393, 113
Trd, 4318792.743, 132
Trd, 4318792.843, 124
Trd, 4318793.643, 119
Trd, 4318793.843, 61
Trd, 4318794.343, 138
Trd, 4318795.093, 117
Trd, 4318796.643, 132
Trd, 4318796.793, 109
Trd, 4318797.193, 86
Trd, 4318798.293, 96
Trd, 4318799.393, 120
Trd, 4318799.793, 109
Trd, 4318800.043, 122
Trd, 4318801.043, 109
Trd, 4318801.093, 104
Trd, 4318801.693, 66
Trd, 4318802.493, 132
Trd, 4318802.793, 87
Trd, 4318803.193, 97
Trd, 4318804.493, 131
Trd, 4318804.893, 128
Trd, 4318805.943, 96
Trd, 4318807.093, 102
Trd, 4318807.393, 128
Trd, 4318810.143, 140
Trd, 4318811.293, 140
Trd, 4318811.793, 111
Trd, 4318812.043, 117
Trd, 4318812.443, 115
Trd, 4318812.893, 137
Trd, 4318813.343, 102
Trd, 4318814.193, 84
Trd, 4318814.443, 117
Trd, 4318815.793, 134
Trd, 4318815.843, 123
Trd, 4318815.943, 113
Trd, 4318816.643, 113
Trd, 4318818.993, 139
Trd, 4318819.443, 126
Trd, 4318820.243, 95
Trd, 4318820.843, 79
Trd, 4318821.743, 61
Trd, 4318822.543, 130
Trd, 4318823.743, 101
Trd, 4318824.843, 136
Trd, 4318826.793, 88
Trd, 4318826.893, 82
Trd, 4318827.243, 116
Trd, 4318828.193, 101
Trd, 4318828.393, 106
Trd, 4318829.443, 114
Trd, 4318830.493, 114
Trd, 4318831.043, 112
Trd, 4318831.393, 109
Trd, 4318831.593, 127
Trd, 4318832.993, 93
Trd, 4318833.343, 77
Trd, 4318835.243, 140
Trd, 4318836.793, 107
Trd, 4318837.293, 92
Trd, 4318838.343, 109
Trd, 4318838.643, 110
Trd, 4318838.843, 117
Trd, 4318839.193, 140
Trd, 4318840.043, 83
Trd, 4318840.743, 135
Trd, 4318842.343, 68
Trd, 4318844.343, 101
Trd, 4318844.643, 102
Trd, 4318845.093, 129
Trd, 4318846.593, 126
Trd, 4318847.793, 125
Trd, 4318848.193, 88
Trd, 4318848.493, 85
Trd, 4318850.093, 113
Trd, 4318851.293, 132
Trd, 4318851.593, 136
Trd, 4318851.793, 104
Trd, 4318852.693, 130
Trd, 4318852.893, 113
Trd, 4318852.943, 98
Trd, 4318853.593, 103
Trd, 4318853.843, 89
Trd, 4318854.193, 88
Trd, 4318854.393, 124
Trd, 4318855.943, 111
Trd, 4318856.243, 111
Trd, 4318856.643, 119
Trd, 4318856.943, 115
Trd, 4318857.143, 106
Trd, 4318857.743, 86
Trd, 4318860.593, 114
Trd, 4318860.643, 112
Trd, 4318861.093, 109
Trd, 4318861.443, 123
Trd, 4318862.243, 85
Trd, 4318862.393, 66
Trd, 4318862.743, 95
Trd, 4318864.343, 110
Trd, 4318865.093, 110
Trd, 4318865.843, 126
Trd, 4318866.293, 119
Trd, 4318866.543, 126
Trd, 4318866.643, 107
Trd, 4318867.393, 107
Trd, 4318868.443, 121
Trd, 4318870.943, 92
Trd, 4318871.093, 84
Trd, 4318871.293, 71
Trd, 4318872.193, 140
Trd, 4318872.643, 126
Trd, 4318873.193, 113
Trd, 4318874.243, 133
Trd, 4318874.993, 126
Trd, 4318875.343, 107
Trd, 4318875.893, 99
Trd, 4318876.643, 98
Trd, 4318877.343, 73
Trd, 4318877.543, 70
Trd, 4318877.793, 75
Trd, 4318878.093, 84
Trd, 4318878.343, 95
Trd, 4318878.793, 109
Trd, 4318879.343, 140
Trd, 4318882.243, 128
Trd, 4318882.343, 120
Trd, 4318883.043, 107
Trd, 4318883.843, 104
Trd, 4318884.393, 113
Trd, 4318885.443, 139
Trd, 4318885.943, 114
Trd, 4318886.043, 100
Trd, 4318887.043, 131
Trd, 4318887.743, 128
Trd, 4318888.693, 109
Trd, 4318888.993, 104
Trd, 4318889.743, 135
Trd, 4318890.293, 71
Trd, 4318891.293, 103
Trd, 4318891.743, 98
Trd, 4318892.143, 90
Trd, 4318893.343, 129
Trd, 4318893.993, 136
Trd, 4318894.893, 135
Trd, 4318896.293, 132
Trd, 4318896.643, 105
Trd, 4318896.843, 103
Trd, 4318897.693, 136
Trd, 4318898.493, 69
Trd, 4318899.643, 71
Trd, 4318900.343, 62
Trd, 4318901.093, 104
Trd, 4318901.393, 111
Trd, 4318901.943, 137
Trd, 4318903.093, 87
Trd, 4318903.643, 87
Trd, 4318904.693, 117
Trd, 4318904.893, 84
Trd, 4318906.143, 140
Trd, 4318906.643, 117
Trd, 4318908.193, 92
Trd, 4318908.743, 119
Trd, 4318909.193, 124
Trd, 4318909.843, 105
Trd, 4318910.693, 103
Trd, 4318910.743, 92
Trd, 4318911.143, 94
Trd, 4318911.893, 90
Trd, 4318911.943, 79
Trd, 4318913.693, 126
Trd, 4318913.793, 126
Trd, 4318914.293, 134
Trd, 4318914.493, 113
Trd, 4318914.843, 135
Trd, 4318914.893, 118
Trd, 4318914.943, 104
Trd, 4318916.893, 133
Trd, 4318917.643, 108
Trd, 4318918.443, 108
Trd, 4318918.543, 87
Trd, 4318919.293, 134
Trd, 4318919.943, 134
Trd, 4318920.393, 127
Trd, 4318922.043, 61
Trd, 4318923.093, 140
Trd, 4318924.693, 126
Trd, 4318924.943, 101
Trd, 4318925.543, 103
Trd, 4318925.943, 79
Trd, 4318926.493, 82
Trd, 4318927.243, 136
Trd, 4318927.743, 102
Trd, 4318928.743, 99
Trd, 4318928.993, 128
Trd, 4318929.343, 99
Trd, 4318929.693, 79
Trd, 4318930.543, 124
Trd, 4318931.493, 139
Trd, 4318931.943, 117
Trd, 4318933.643, 127
Trd, 4318933.993, 115
Trd, 4318934.293, 99
Trd, 4318935.493, 127
Trd, 4318936.243, 103
Trd, 4318936.443, 74
Trd, 4318937.693, 102
Trd, 4318938.143, 100
Trd, 4318938.743, 132
Trd, 4318940.143, 112
Trd, 4318941.093, 99
Trd, 4318941.843, 116
Trd, 4318942.193, 103
Trd, 4318942.643, 114
Trd, 4318943.843, 101
Trd, 4318944.593, 110
Trd, 4318944.693, 109
Trd, 4318946.093, 129
Trd, 4318946.793, 133
Trd, 4318946.843, 117
Trd, 4318947.443, 107
Trd, 4318948.343, 104
Trd, 4318948.643, 75
Trd, 4318949.243, 121
Trd, 4318949.393, 79
Trd, 4318950.693, 83
Trd, 4318950.943, 115
Trd, 4318951.643, 71
Trd, 4318951.793, 63
Trd, 4318951.993, 64
Trd, 4318953.343, 114
Trd, 4318953.893, 114
Trd, 4318955.543, 123
Trd, 4318955.743, 90
Trd, 4318956.093, 120
Trd, 4318957.193, 128
Trd, 4318957.343, 104
Trd, 4318957.443, 94
Trd, 4318958.743, 96
Trd, 4318959.293, 76
Trd, 4318959.393, 74
Trd, 4318959.743, 66
Trd, 4318960.943, 128
Trd, 4318961.493, 79
Trd, 4318961.543, 87
Trd, 4318963.393, 105
Trd, 4318963.593, 115
Trd, 4318964.243, 71
Trd, 4318965.493, 116
Trd, 4318966.193, 94
Trd, 4318966.543, 110
Trd, 4318967.793, 84
Trd, 4318968.643, 73
Trd, 4318969.743, 117
Trd, 4318970.543, 134
Trd, 4318970.793, 132
Trd, 4318971.643, 117
Trd, 4318972.493, 99
Trd, 4318973.993, 92
Trd, 4318974.243, 112
Trd, 4318974.443, 84
Trd, 4318975.043, 69
Trd, 4318975.843, 100
Trd, 4318976.943, 80
Trd, 4318977.393, 73
Trd, 4318977.893, 72
Trd, 4318978.043, 68
Trd, 4318978.843, 60
Trd, 4318979.443, 77
Trd, 4318980.343, 102
Trd, 4318981.643, 61
Trd, 4318981.843, 69
Trd, 4318982.743, 138
Trd, 4318983.543, 122
Trd, 4318984.343, 81
Trd, 4318984.793, 117
Trd, 4318986.643, 125
Trd, 4318986.843, 111
Trd, 4318988.293, 101
Trd, 4318988.593, 61
Trd, 4318990.043, 116
Trd, 4318990.293, 96
Trd, 4318991.193, 140
Trd, 4318991.343, 117
Trd, 4318992.643, 131
Trd, 4318993.743, 103
Trd, 4318993.893, 120
Trd, 4318994.543, 96
Trd, 4318994.693, 73
Trd, 4318995.143, 73
Trd, 4318995.593, 61
Trd, 4318996.043, 139
Trd, 4318996.993, 63
Trd, 4318997.543, 84
Trd, 4318998.243, 66
Trd, 4318999.743, 103
Trd, 4319000.593, 136
Trd, 4319000.843, 120
Trd, 4319001.493, 96
Trd, 4319001.993, 96
Trd, 4319002.043, 82
Trd, 4319002.543, 69
Trd, 4319003.243, 85
Trd, 4319003.393, 90
Trd, 4319003.643, 101
Trd, 4319004.193, 67
Trd, 4319006.243, 113
Trd, 4319006.793, 97
Trd, 4319006.943, 65
Trd, 4319008.043, 117
Trd, 4319008.643, 108
Trd, 4319009.293, 96
Trd, 4319010.343, 122
Trd, 4319010.443, 119
Trd, 4319011.493, 107
Trd, 4319012.743, 96
Trd, 4319012.943, 120
Trd, 4319012.993, 104
Trd, 4319013.243, 72
Trd, 4319013.793, 66
Trd, 4319014.593, 103
Trd, 4319015.043, 101
Trd, 4319016.543, 60
Trd, 4319017.993, 67
Trd, 4319018.293, 72
Trd, 4319018.843, 95
Trd, 4319020.193, 137
Trd, 4319020.393, 139
Trd, 4319021.643, 129
Trd, 4319021.743, 125
Trd, 4319022.893, 102
Trd, 4319023.543, 117
Trd, 4319024.143, 101
Trd, 4319024.793, 110
Trd, 4319025.543, 112
Trd, 4319025.693, 98
Trd, 4319027.143, 89
Trd, 4319027.393, 103
Trd, 4319027.793, 101
Trd, 4319028.343, 134
Trd, 4319028.643, 133
Trd, 4319028.693, 120
Trd, 4319031.443, 127
Trd, 4319031.743, 124
Trd, 4319031.843, 126
Trd, 4319034.293, 132
Trd, 4319034.743, 133
Trd, 4319034.843, 130
Trd, 4319035.143, 104
Trd, 4319035.343, 68
Trd, 4319038.093, 133
Trd, 4319038.293, 123
Trd, 4319038.693, 103
Trd, 4319039.743, 110
Trd, 4319041.043, 112
Trd, 4319041.493, 84
Trd, 4319042.543, 138
Trd, 4319043.493, 110
Trd, 4319044.443, 124
Trd, 4319044.643, 98
Trd, 4319045.393, 137
Trd, 4319045.443, 83
Trd, 4319046.793, 114
Trd, 4319047.343, 130
Trd, 4319049.093, 116
Trd, 4319050.393, 131
Trd, 4319050.493, 115
Trd, 4319051.593, 91
Trd, 4319051.793, 89
Trd, 4319051.843, 88
Trd, 4319052.543, 137
Trd, 4319053.293, 119
Trd, 4319053.343, 105
Trd, 4319053.593, 72
Trd, 4319054.543, 93
Trd, 4319054.693, 99
Trd, 4319055.143, 87
Trd, 4319055.393, 115
Trd, 4319055.893, 106
Trd, 4319056.643, 78
Trd, 4319057.493, 129
Trd, 4319057.993, 136
Trd, 4319058.893, 117
Trd, 4319059.193, 116
Trd, 4319060.893, 106
Trd, 4319061.343, 100
Trd, 4319062.143, 96
Trd, 4319062.743, 140
Trd, 4319063.043, 81
Trd, 4319064.143, 83
Trd, 4319064.643, 79
Trd, 4319065.493, 128
Trd, 4319065.743, 98
Trd, 4319066.343, 63
Trd, 4319067.143, 112
Trd, 4319067.793, 125
Trd, 4319068.143, 126
Trd, 4319068.343, 114
Trd, 4319068.843, 101
Trd, 4319069.543, 103
Trd, 4319070.843, 114
Trd, 4319071.793, 68
Trd, 4319071.943, 86
Trd, 4319072.243, 85
Trd, 4319072.943, 63
Trd, 4319073.893, 121
Trd, 4319075.293, 128
Trd, 4319076.693, 90
Trd, 4319077.593, 82
Trd, 4319078.393, 97
Trd, 4319078.793, 87
Trd, 4319079.593, 82
Trd, 4319080.093, 92
Trd, 4319080.693, 113
Trd, 4319082.143, 125
Trd, 4319082.643, 91
Trd, 4319082.893, 89
Trd, 4319083.543, 61
Trd, 4319084.643, 64
Trd, 4319085.593, 64
Trd, 4319086.093, 118
Trd, 4319086.443, 64
Trd, 4319088.193, 135
Trd, 4319088.443, 130
Trd, 4319088.743, 124
Trd, 4319089.943, 101
Trd, 4319091.793, 124
Trd, 4319092.293, 86
Trd, 4319092.443, 85
Trd, 4319092.993, 78
Trd, 4319093.243, 66
Trd, 4319093.593, 107
Trd, 4319093.993, 63
Trd, 4319095.543, 115
Trd, 4319095.743, 111
Trd, 4319096.493, 130
Trd, 4319097.743, 114
Trd, 4319097.893, 86
Trd, 4319098.093, 85
Trd, 4319098.393, 79
Trd, 4319098.793, 124
Trd, 4319099.143, 99
Trd, 4319099.293, 112
Trd, 4319101.693, 127
Trd, 4319102.443, 120
Trd, 4319102.893, 123
Trd, 4319102.943, 91
Trd, 4319104.743, 114
Trd, 4319104.993, 107
Trd, 4319105.043, 91
Trd, 4319106.093, 134
Trd, 4319106.793, 117
Trd, 4319106.893, 116
Trd, 4319108.493, 125
Trd, 4319109.593, 122
Trd, 4319110.093, 109
Trd, 4319110.843, 127
Trd, 4319112.493, 104
Trd, 4319112.693, 110
Trd, 4319113.043, 61
Trd, 4319113.543, 134
Trd, 4319114.443, 88
Trd, 4319115.293, 132
Trd, 4319115.493, 115
Trd, 4319116.043, 136
Trd, 4319117.693, 137
Trd, 4319117.943, 133
Trd, 4319119.143, 134
Trd, 4319119.793, 137
Trd, 4319120.293, 107
Trd, 4319120.343, 95
Trd, 4319121.743, 60
Trd, 4319121.893, 70
Trd, 4319122.143, 76
Trd, 4319123.493, 93
Trd, 4319124.443, 139
Trd, 4319126.643, 105
Trd, 4319126.693, 101
Trd, 4319128.043, 93
Trd, 4319128.093, 96
Trd, 4319128.593, 107
Trd, 4319129.943, 140
Trd, 4319130.143, 140
Trd, 4319130.593, 124
Trd, 4319130.893, 123
Trd, 4319132.393, 122
Trd, 4319132.793, 109
Trd, 4319132.993, 104
Trd, 4319133.593, 120
Trd, 4319134.443, 138
Trd, 4319134.743, 102
Trd, 4319134.993, 121
Trd, 4319135.143, 103
Trd, 4319137.493, 129
Trd, 4319137.743, 140
Trd, 4319139.093, 93
Trd, 4319139.193, 89
Trd, 4319139.693, 86
Trd, 4319139.943, 80
Trd, 4319140.193, 87
Trd, 4319140.493, 93
Trd, 4319141.743, 76
Trd, 4319142.893, 74
Trd, 4319142.993, 102
Trd, 4319143.143, 111
Trd, 4319144.443, 64
Trd, 4319145.393, 129
Trd, 4319145.943, 63
Trd, 4319146.843, 98
Trd, 4319147.443, 101
Trd, 4319147.993, 101
Trd, 4319149.093, 119
Trd, 4319149.743, 109
Trd, 4319150.093, 108
Trd, 4319150.943, 106
Trd, 4319151.043, 102
Trd, 4319151.143, 101
Trd, 4319151.893, 123
Trd, 4319151.943, 89
Trd, 4319152.793, 104
Trd, 4319153.593, 82
Trd, 4319153.943, 83
Trd, 4319154.543, 109
Trd, 4319158.193, 126
Trd, 4319158.693, 118
Trd, 4319158.793, 110
Trd, 4319159.543, 94
Trd, 4319161.793, 138
Trd, 4319162.243, 120
Trd, 4319162.443, 131
Trd, 4319162.793, 116
Trd, 4319164.043, 137
Trd, 4319164.193, 109
Trd, 4319164.543, 106
Trd, 4319164.593, 93
Trd, 4319165.143, 90
Trd, 4319166.743, 103
Trd, 4319167.543, 76
Trd, 4319167.843, 136
Trd, 4319168.593, 120
Trd, 4319168.743, 69
Trd, 4319171.993, 96
Trd, 4319172.043, 106
Trd, 4319172.993, 137
Trd, 4319173.993, 133
Trd, 4319174.193, 128
Trd, 4319175.143, 101
Trd, 4319175.543, 93
Trd, 4319176.043, 135
Trd, 4319177.343, 86
Trd, 4319178.993, 67
Trd, 4319179.743, 72
Trd, 4319180.343, 82
Trd, 4319181.043, 87
Trd, 4319181.793, 90
Trd, 4319181.993, 101
Trd, 4319182.143, 103
Trd, 4319183.143, 68
Trd, 4319183.743, 82
Trd, 4319183.993, 93
Trd, 4319184.543, 98
Trd, 4319186.193, 122
Trd, 4319186.843, 138
Trd, 4319186.993, 106
Trd, 4319188.143, 132
Trd, 4319188.243, 130
Trd, 4319188.843, 86
Trd, 4319189.993, 110
Trd, 4319190.243, 137
Trd, 4319191.043, 93
Trd, 4319191.793, 82
Trd, 4319192.643, 84
Trd, 4319193.243, 104
Trd, 4319194.443, 125
Trd, 4319195.443, 106
Trd, 4319195.943, 102
Trd, 4319196.543, 112
Trd, 4319197.393, 76
Trd, 4319197.993, 140
Trd, 4319198.143, 101
Trd, 4319198.643, 98
Trd, 4319199.093, 73
Trd, 4319200.493, 98
Trd, 4319200.793, 93
Trd, 4319201.043, 67
Trd, 4319202.143, 131
Trd, 4319203.243, 123
Trd, 4319203.493, 105
Trd, 4319203.593, 104
Trd, 4319203.643, 70
Trd, 4319205.943, 112
Trd, 4319206.443, 106
Trd, 4319207.443, 134
Trd, 4319207.593, 121
Trd, 4319207.893, 95
Trd, 4319208.743, 114
Trd, 4319209.293, 99
Trd, 4319209.493, 139
Trd, 4319209.843, 117
Trd, 4319210.043, 94
Trd, 4319210.593, 103
Trd, 4319212.343, 126
Trd, 4319213.043, 117
Trd, 4319213.093, 83
Trd, 4319213.543, 76
Trd, 4319214.693, 74
Trd, 4319215.043, 84
Trd, 4319215.093, 72
Trd, 4319216.493, 132
Trd, 4319217.293, 137
Trd, 4319218.293, 117
Trd, 4319218.543, 107
Trd, 4319220.643, 62
Trd, 4319220.993, 69
Trd, 4319221.443, 93
Trd, 4319221.743, 101
Trd, 4319222.143, 94
Trd, 4319222.843, 67
Trd, 4319223.993, 64
Trd, 4319224.143, 125
Trd, 4319224.893, 90
Trd, 4319225.843, 128
Trd, 4319226.243, 139
Trd, 4319226.593, 96
Trd, 4319226.643, 84
Trd, 4319227.693, 65
Trd, 4319228.143, 122
Trd, 4319228.893, 78
Trd, 4319229.743, 62
Trd, 4319230.893, 80
Trd, 4319230.993, 89
Trd, 4319231.093, 69
Trd, 4319231.843, 108
Trd, 4319232.243, 69
Trd, 4319233.243, 65
Trd, 4319233.543, 111
Trd, 4319234.593, 92
Trd, 4319234.943, 87
Trd, 4319235.643, 114
Trd, 4319236.293, 99
Trd, 4319236.893, 105
Trd, 4319238.143, 140
Trd, 4319238.243, 135
Trd, 4319239.893, 119
Trd, 4319240.043, 102
Trd, 4319241.143, 118
Trd, 4319241.793, 119
Trd, 4319241.843, 117
Trd, 4319242.343, 130
Trd, 4319243.643, 99
Trd, 4319243.943, 81
Trd, 4319244.243, 82
Trd, 4319244.943, 108
Trd, 4319245.343, 88
Trd, 4319247.143, 133
Trd, 4319248.543, 94
Trd, 4319249.843, 75
Trd, 4319250.143, 107
Trd, 4319250.293, 116
Trd, 4319250.743, 103
Trd, 4319250.943, 109
Trd, 4319251.093, 96
Trd, 4319252.293, 109
Trd, 4319252.443, 121
Trd, 4319255.193, 134
Trd, 4319255.893, 133
Trd, 4319256.093, 113
Trd, 4319256.193, 112
Trd, 4319256.893, 106
Trd, 4319258.093, 138
Trd, 4319258.193, 133
Trd, 4319258.293, 120
Trd, 4319258.393, 109
Trd, 4319259.593, 108
Trd, 4319260.243, 134
Trd, 4319260.393, 110
Trd, 4319260.943, 105
Trd, 4319262.243, 115
Trd, 4319262.643, 113
Trd, 4319263.593, 128
Trd, 4319265.093, 132
Trd, 4319265.743, 139
Trd, 4319266.443, 113
Trd, 4319266.793, 101
Trd, 4319267.093, 100
Trd, 4319267.193, 87
Trd, 4319267.743, 77
Trd, 4319268.593, 112
Trd, 4319269.393, 103
Trd, 4319269.693, 105
Trd, 4319270.493, 137
Trd, 4319271.093, 131
Trd, 4319272.393, 123
Trd, 4319273.193, 98
Trd, 4319273.743, 88
Trd, 4319273.793, 92
Trd, 4319275.243, 136
Trd, 4319275.593, 104
Trd, 4319275.743, 131
Trd, 4319276.343, 96
Trd, 4319276.643, 129
Trd, 4319277.093, 101
Trd, 4319277.843, 109
Trd, 4319280.193, 98
Trd, 4319280.693, 138
Trd, 4319281.093, 107
Trd, 4319281.143, 101
Trd, 4319281.643, 137
Trd, 4319281.943, 104
Trd, 4319283.093, 108
Trd, 4319283.943, 87
Trd, 4319286.043, 78
Trd, 4319286.093, 113
Trd, 4319286.243, 119
Trd, 4319287.393, 97
Trd, 4319287.943, 93
Trd, 4319288.093, 127
Trd, 4319288.543, 83
Trd, 4319288.893, 77
Trd, 4319289.543, 132
Trd, 4319291.643, 118
Trd, 4319291.943, 135
Trd, 4319292.143, 100
Trd, 4319293.493, 115
Trd, 4319293.743, 114
Trd, 4319294.293, 79
Trd, 4319295.093, 101
Trd, 4319296.643, 105
Trd, 4319296.943, 115
Trd, 4319297.793, 102
Trd, 4319298.343, 131
Trd, 4319298.643, 140
Trd, 4319298.943, 122
Trd, 4319299.493, 129
Trd, 4319300.493, 100
Trd, 4319301.943, 132
Trd, 4319301.993, 126
Trd, 4319303.043, 131
Trd, 4319303.193, 85
Trd, 4319303.993, 99
Trd, 4319305.293, 132
Trd, 4319305.343, 73
Trd, 4319306.193, 66
Trd, 4319306.943, 67
Trd, 4319307.393, 132
Trd, 4319307.643, 119
Trd, 4319308.543, 131
Trd, 4319308.693, 97
Trd, 4319310.893, 89
Trd, 4319311.043, 77
Trd, 4319311.543, 82
Trd, 4319311.793, 140
Trd, 4319312.393, 107
Trd, 4319313.143, 62
Trd, 4319313.943, 89
Trd, 4319314.043, 97
Trd, 4319314.293, 89
Trd, 4319316.093, 83
Trd, 4319316.293, 73
Trd, 4319317.343, 140
Trd, 4319318.143, 92
Trd, 4319318.693, 94
Trd, 4319318.893, 105
Trd, 4319319.043, 92
Trd, 4319319.493, 81
Trd, 4319321.193, 102
Trd, 4319321.693, 70
Trd, 4319322.043, 60
Trd, 4319322.443, 135
Trd, 4319322.493, 134
Trd, 4319323.293, 64
Trd, 4319324.043, 92
Trd, 4319324.743, 97
Trd, 4319325.393, 135
Trd, 4319326.593, 97
Trd, 4319326.793, 114
Trd, 4319327.243, 113
Trd, 4319327.343, 90
Trd, 4319331.293, 135
Trd, 4319331.793, 132
Trd, 4319331.943, 110
Trd, 4319332.743, 100
Trd, 4319332.893, 93
Trd, 4319333.093, 92
Trd, 4319333.543, 135
Trd, 4319334.593, 135
Trd, 4319334.793, 118
Trd, 4319335.993, 114
Trd, 4319336.093, 92
Trd, 4319336.593, 81
Trd, 4319336.943, 122
Trd, 4319338.143, 104
Trd, 4319339.293, 88
Trd, 4319339.593, 82
Trd, 4319341.393, 116
Trd, 4319342.943, 91
Trd, 4319343.143, 130
Trd, 4319344.893, 140
Trd, 4319345.293, 110
Trd, 4319345.793, 116
Trd, 4319346.093, 92
Trd, 4319346.493, 61
Trd, 4319347.493, 103
Trd, 4319347.593, 101
Trd, 4319347.843, 83
Trd, 4319349.643, 75
Trd, 4319350.593, 115
Trd, 4319350.943, 110
Trd, 4319351.943, 139
Trd, 4319353.393, 133
Trd, 4319354.143, 138
Trd, 4319355.593, 106
Trd, 4319355.943, 101
Trd, 4319356.043, 99
Trd, 4319357.593, 138
Trd, 4319357.643, 130
Trd, 4319357.743, 109
Trd, 4319357.993, 81
Trd, 4319358.593, 83
Trd, 4319358.643, 72
Trd, 4319359.743, 137
Trd, 4319360.243, 118
Trd, 4319360.743, 78
Trd, 4319361.093, 90
Trd, 4319361.493, 93
Trd, 4319363.143, 136
Trd, 4319363.393, 121
Trd, 4319363.543, 99
Trd, 4319364.493, 96
Trd, 4319364.693, 119
Trd, 4319366.193, 73
Trd, 4319366.643, 69
Trd, 4319366.893, 81
Trd, 4319367.993, 63
Trd, 4319368.043, 91
Trd, 4319368.093, 125
Trd, 4319368.843, 61
Trd, 4319368.943, 134
Trd, 4319369.193, 105
Trd, 4319369.493, 133
Trd, 4319370.443, 63
Trd, 4319373.843, 61
Trd, 4319374.443, 60
Trd, 4319375.443, 88
Trd, 4319375.843, 100
Trd, 4319376.143, 90
Trd, 4319377.093, 111
Trd, 4319377.193, 105
Trd, 4319377.243, 77
Trd, 4319378.443, 65
Trd, 4319379.393, 83
Trd, 4319381.143, 133
Trd, 4319381.243, 119
Trd, 4319382.343, 113
Trd, 4319382.743, 113
Trd, 4319383.843, 124
Trd, 4319384.343, 115
Trd, 4319384.393, 101
Trd, 4319385.093, 97
Trd, 4319385.793, 100
Trd, 4319387.193, 107
Trd, 4319387.443, 128
Trd, 4319387.893, 89
Trd, 4319388.893, 88
Trd, 4319390.393, 106
Trd, 4319390.993, 90
Trd, 4319391.843, 89
Trd, 4319392.493, 117
Trd, 4319392.693, 76
Trd, 4319392.793, 130
Trd, 4319394.193, 61
Trd, 4319395.243, 100
Trd, 4319395.943, 134
Trd, 4319396.393, 129
Trd, 4319397.593, 71
Trd, 4319398.943, 110
Trd, 4319399.093, 107
Trd, 4319399.193, 97
Trd, 4319399.493, 109
Trd, 4319399.843, 83
Trd, 4319400.793, 75
Trd, 4319400.843, 66
Trd, 4319401.243, 67
Trd, 4319402.093, 140
Trd, 4319402.743, 105
Trd, 4319404.443, 120
Trd, 4319404.643, 118
Trd, 4319405.143, 133
Trd, 4319406.293, 111
Trd, 4319406.943, 114
Trd, 4319408.243, 97
Trd, 4319408.843, 93
Trd, 4319409.543, 127
Trd, 4319410.043, 119
Trd, 4319410.193, 102
Trd, 4319411.293, 111
Trd, 4319411.793, 101
Trd, 4319412.043, 138
Trd, 4319412.243, 92
Trd, 4319413.593, 107
Trd, 4319414.293, 112
Trd, 4319415.393, 115
Trd, 4319415.693, 106
Trd, 4319416.193, 128
Trd, 4319417.043, 101
Trd, 4319418.193, 114
Trd, 4319418.793, 110
Trd, 4319419.393, 103
Trd, 4319419.643, 89
Trd, 4319420.143, 129
Trd, 4319420.893, 71
Trd, 4319422.293, 90
Trd, 4319422.593, 98
Trd, 4319422.943, 72
Trd, 4319423.143, 94
Trd, 4319424.343, 62
Trd, 4319424.993, 65
Trd, 4319426.343, 74
Trd, 4319426.443, 68
Trd, 4319426.993, 84
Trd, 4319427.293, 108
Trd, 4319427.893, 131
Trd, 4319428.093, 112
Trd, 4319430.143, 77
Trd, 4319430.993, 132
Trd, 4319431.343, 125
Trd, 4319431.643, 104
Trd, 4319432.993, 101
Trd, 4319433.343, 103
Trd, 4319434.193, 115
Trd, 4319434.343, 104
Trd, 4319434.393, 98
Trd, 4319434.493, 74
Trd, 4319437.143, 114
Trd, 4319437.293, 116
Trd, 4319437.993, 106
Trd, 4319438.543, 88
Trd, 4319439.443, 110
Trd, 4319439.843, 88
Trd, 4319441.043, 80
Trd, 4319441.343, 85
Trd, 4319441.443, 127
Trd, 4319441.843, 94
Trd, 4319442.193, 91
Trd, 4319442.543, 65
Trd, 4319443.743, 108
Trd, 4319444.093, 68
Trd, 4319444.743, 84
Trd, 4319445.693, 71
Trd, 4319446.493, 68
Trd, 4319446.743, 69
Trd, 4319447.143, 71
Trd, 4319449.293, 140
Trd, 4319449.643, 124
Trd, 4319449.693, 106
Trd, 4319450.343, 86
Trd, 4319451.793, 77
Trd, 4319452.043, 75
Trd, 4319452.393, 72
Trd, 4319453.943, 133
Trd, 4319454.393, 129
Trd, 4319455.093, 138
Trd, 4319456.193, 138
Trd, 4319456.643, 108
Trd, 4319457.243, 120
Trd, 4319457.543, 97
Trd, 4319457.943, 122
Trd, 4319459.643, 109
Trd, 4319460.643, 92
Trd, 4319460.793, 77
Trd, 4319461.593, 120
Trd, 4319461.843, 105
Trd, 4319462.143, 99
Trd, 4319462.743, 105
Trd, 4319463.943, 102
Trd, 4319464.293, 125
Trd, 4319465.143, 138
Trd, 4319465.593, 121
Trd, 4319465.743, 114
Trd, 4319466.043, 94
Trd, 4319466.893, 100
Trd, 4319468.093, 80
Trd, 4319468.493, 136
Trd, 4319468.793, 113
Trd, 4319469.293, 85
Trd, 4319469.393, 76
Trd, 4319469.593, 126
Trd, 4319470.993, 63
Trd, 4319471.643, 139
Trd, 4319472.243, 133
Trd, 4319473.843, 130
Trd, 4319474.143, 119
Trd, 4319475.193, 135
Trd, 4319475.843, 113
Trd, 4319477.243, 74
Trd, 4319477.743, 104
Trd, 4319478.243, 112
Trd, 4319478.893, 117
Trd, 4319479.043, 109
Trd, 4319479.843, 77
Trd, 4319480.093, 111
Trd, 4319480.243, 134
Trd, 4319481.893, 70
Trd, 4319482.293, 65
Trd, 4319482.493, 62
Trd, 4319483.743, 64
Trd, 4319484.093, 63
Trd, 4319485.743, 82
Trd, 4319487.043, 62
Trd, 4319487.543, 84
Trd, 4319487.943, 119
Trd, 4319488.693, 91
Trd, 4319490.293, 124
Trd, 4319490.343, 111
Trd, 4319490.593, 95
Trd, 4319490.643, 68
Trd, 4319490.993, 69
Trd, 4319491.843, 100
Trd, 4319492.043, 64
Trd, 4319492.943, 121
Trd, 4319493.243, 85
Trd, 4319494.343, 62
Trd, 4319495.393, 84
Trd, 4319495.943, 86
Trd, 4319496.543, 130
Trd, 4319497.543, 105
Trd, 4319497.843, 90
Trd, 4319498.043, 81
Trd, 4319499.843, 60
Trd, 4319499.943, 64
Trd, 4319501.293, 121
Trd, 4319502.093, 97
Trd, 4319502.593, 132
Trd, 4319502.843, 103
Trd, 4319504.043, 139
Trd, 4319504.193, 140
Trd, 4319504.343, 125
Trd, 4319504.593, 120
Trd, 4319506.243, 108
Trd, 4319506.743, 82
Trd, 4319507.743, 134
Trd, 4319508.543, 133
Trd, 4319509.493, 116
Trd, 4319510.043, 107
Trd, 4319510.593, 139
Trd, 4319510.743, 129
Trd, 4319511.393, 140
Trd, 4319511.543, 102
Trd, 4319511.593, 87
Trd, 4319513.343, 100
Trd, 4319513.543, 96
Trd, 4319514.343, 68
Trd, 4319514.943, 106
Trd, 4319515.843, 113
Trd, 4319516.393, 135
Trd, 4319517.593, 136
Trd, 4319517.643, 132
Trd, 4319518.193, 116
Trd, 4319519.093, 105
Trd, 4319520.043, 75
Trd, 4319520.743, 117
Trd, 4319521.393, 129
Trd, 4319522.593, 104
Trd, 4319523.293, 62
Trd, 4319523.943, 61
Trd, 4319525.493, 90
Trd, 4319525.593, 120
Trd, 4319525.893, 110
Trd, 4319526.593, 111
Trd, 4319526.843, 123
Trd, 4319528.143, 60
Trd, 4319529.993, 132
Trd, 4319530.543, 82
Trd, 4319530.593, 107
Trd, 4319531.743, 83
Trd, 4319531.793, 78
Trd, 4319532.843, 73
Trd, 4319532.893, 68
Trd, 4319533.693, 82
Trd, 4319534.693, 112
Trd, 4319535.643, 61
Trd, 4319536.943, 96
Trd, 4319537.243, 85
Trd, 4319537.893, 116
Trd, 4319538.993, 139
Trd, 4319539.143, 132
Trd, 4319539.243, 119
Trd, 4319539.793, 99
Trd, 4319540.543, 60
Trd, 4319542.343, 70
Trd, 4319542.993, 63
Trd, 4319543.443, 124
Trd, 4319544.443, 136
Trd, 4319544.493, 135
Trd, 4319545.693, 123
Trd, 4319547.043, 112
Trd, 4319548.743, 98
Trd, 4319548.993, 106
Trd, 4319549.193, 94
Trd, 4319549.343, 107
Trd, 4319550.893, 86
Trd, 4319551.243, 73
Trd, 4319552.193, 95
Trd, 4319552.593, 119
Trd, 4319552.943, 71
Trd, 4319553.693, 68
Trd, 4319553.993, 110
Trd, 4319554.793, 138
Trd, 4319554.843, 117
Trd, 4319557.443, 83
Trd, 4319557.593, 89
Trd, 4319559.843, 97
Trd, 4319560.193, 134
Trd, 4319560.743, 134
Trd, 4319560.993, 123
Trd, 4319561.443, 106
Trd, 4319561.793, 88
Trd, 4319565.443, 116
Trd, 4319565.843, 84
Trd, 4319566.093, 105
Trd, 4319566.143, 70
Trd, 4319566.193, 61
Trd, 4319566.543, 119
Trd, 4319568.493, 119
Trd, 4319568.693, 114
Trd, 4319568.743, 86
Trd, 4319569.543, 99
Trd, 4319570.343, 138
Trd, 4319571.093, 115
Trd, 4319571.243, 74
Trd, 4319571.693, 74
Trd, 4319572.543, 86
Trd, 4319573.343, 100
Trd, 4319574.293, 107
Trd, 4319574.393, 85
Trd, 4319575.493, 82
Trd, 4319576.293, 93
Trd, 4319576.493, 111
Trd, 4319576.693, 106
Trd, 4319577.193, 74
Trd, 4319577.493, 70
Trd, 4319577.643, 67
Trd, 4319578.643, 140
Trd, 4319578.693, 120
Trd, 4319579.593, 85
Trd, 4319580.693, 101
Trd, 4319581.243, 89
Trd, 4319581.393, 108
Trd, 4319582.343, 134
Trd, 4319583.593, 139
Trd, 4319583.743, 61
Trd, 4319584.993, 66
Trd, 4319585.943, 105
Trd, 4319586.043, 87
Trd, 4319586.993, 132
Trd, 4319588.093, 105
Trd, 4319588.143, 99
Trd, 4319589.093, 98
Trd, 4319589.743, 111
Trd, 4319590.293, 85
Trd, 4319590.343, 81
Trd, 4319590.943, 75
Trd, 4319592.143, 79
Trd, 4319592.443, 75
Trd, 4319592.793, 117
Trd, 4319593.593, 138
Trd, 4319593.943, 137
Trd, 4319596.093, 97
Trd, 4319596.743, 137
Trd, 4319596.993, 117
Trd, 4319597.793, 117
Trd, 4319598.093, 102
Trd, 4319598.593, 89
Trd, 4319599.693, 118
Trd, 4319600.393, 113
Trd, 4319601.643, 123
Trd, 4319601.793, 85
Trd, 4319603.493, 101
Trd, 4319603.643, 94
Trd, 4319603.793, 106
Trd, 4319605.843, 121
Trd, 4319606.043, 117
Trd, 4319607.143, 116
Trd, 4319608.843, 118
Trd, 4319608.893, 108
Trd, 4319609.493, 100
Trd, 4319610.793, 113
Trd, 4319610.993, 101
Trd, 4319612.243, 138
Trd, 4319612.443, 124
Trd, 4319612.943, 133
Trd, 4319613.243, 113
Trd, 4319613.293, 90
Trd, 4319614.993, 120
Trd, 4319615.693, 71
Trd, 4319615.943, 83
Trd, 4319616.443, 70
Trd, 4319616.843, 61
Trd, 4319617.193, 118
Trd, 4319617.643, 134
Trd, 4319618.943, 100
Trd, 4319619.343, 119
Trd, 4319619.993, 77
Trd, 4319621.443, 62
Trd, 4319622.243, 69
Trd, 4319622.393, 91
Trd, 4319623.343, 96
Trd, 4319624.443, 99
Trd, 4319624.743, 81
Trd, 4319625.193, 67
Trd, 4319625.643, 69
Trd, 4319626.043, 67
Trd, 4319626.293, 67
Trd, 4319626.893, 61
Trd, 4319627.743, 105
Trd, 4319628.343, 129
Trd, 4319628.643, 97
Trd, 4319628.893, 124
Trd, 4319629.793, 74
Trd, 4319629.943, 73
Trd, 4319632.043, 79
Trd, 4319632.393, 99
Trd, 4319633.243, 127
Trd, 4319633.393, 125
Trd, 4319634.643, 111
Trd, 4319635.843, 73
Trd, 4319637.043, 136
Trd, 4319637.393, 119
Trd, 4319637.443, 110
Trd, 4319638.093, 137
Trd, 4319638.643, 135
Trd, 4319640.593, 103
Trd, 4319641.093, 86
Trd, 4319641.743, 84
Trd, 4319642.343, 92
Trd, 4319643.893, 125
Trd, 4319644.943, 111
Trd, 4319646.693, 76
Trd, 4319647.293, 86
Trd, 4319647.643, 70
Trd, 4319648.643, 100
Trd, 4319648.943, 95
Trd, 4319649.643, 133
Trd, 4319650.643, 103
Trd, 4319650.743, 99
Trd, 4319650.893, 120
Trd, 4319651.293, 132
Trd, 4319652.393, 131
Trd, 4319652.643, 73
Trd, 4319654.043, 135
Trd, 4319654.193, 124
Trd, 4319655.243, 84
Trd, 4319655.393, 78
Trd, 4319656.093, 128
Trd, 4319656.243, 93
Trd, 4319657.993, 96
Trd, 4319658.943, 99
Trd, 4319659.543, 94
Trd, 4319659.843, 126
Trd, 4319660.193, 77
Trd, 4319660.693, 138
Trd, 4319660.793, 65
Trd, 4319662.893, 67
Trd, 4319663.193, 68
Trd, 4319663.293, 75
Trd, 4319664.893, 111
Trd, 4319665.493, 95
Trd, 4319667.193, 122
Trd, 4319667.643, 120
Trd, 4319667.743, 110
Trd, 4319667.793, 99
Trd, 4319667.893, 99
Trd, 4319669.093, 139
Trd, 4319669.643, 127
Trd, 4319670.143, 112
Trd, 4319671.343, 129
Trd, 4319671.593, 122
Trd, 4319672.343, 78
Trd, 4319672.443, 77
Trd, 4319674.143, 66
Trd, 4319674.793, 72
Trd, 4319675.143, 85
Trd, 4319676.443, 139
Trd, 4319676.593, 115
Trd, 4319676.743, 97
Trd, 4319676.893, 91
Trd, 4319678.943, 100
Trd, 4319679.093, 112
Trd, 4319679.943, 136
Trd, 4319680.193, 95
Trd, 4319680.993, 134
Trd, 4319681.143, 127
Trd, 4319682.643, 87
Trd, 4319683.343, 85
Trd, 4319683.543, 74
Trd, 4319683.893, 69
Trd, 4319684.543, 76
Trd, 4319684.893, 81
Trd, 4319685.643, 116
Trd, 4319687.393, 138
Trd, 4319687.793, 119
Trd, 4319687.943, 93
Trd, 4319688.793, 130
Trd, 4319689.393, 108
Trd, 4319689.543, 101
Trd, 4319691.793, 106
Trd, 4319692.843, 140
Trd, 4319693.593, 136
Trd, 4319695.193, 105
Trd, 4319696.043, 91
Trd, 4319696.393, 91
Trd, 4319696.743, 115
Trd, 4319698.043, 107
Trd, 4319698.943, 84
Trd, 4319699.043, 109
Trd, 4319700.543, 71
Trd, 4319701.193, 129
Trd, 4319701.793, 113
Trd, 4319701.993, 105
Trd, 4319702.243, 60
Trd, 4319703.443, 80
Trd, 4319704.693, 116
Trd, 4319704.993, 139
Trd, 4319705.443, 81
Trd, 4319706.093, 100
Trd, 4319707.343, 128
Trd, 4319707.593, 82
Trd, 4319707.843, 72
Trd, 4319709.093, 136
Trd, 4319709.393, 110
Trd, 4319709.743, 102
Trd, 4319710.193, 61
Trd, 4319712.043, 113
Trd, 4319712.343, 105
Trd, 4319712.593, 140
Trd, 4319713.443, 76
Trd, 4319714.043, 138
Trd, 4319715.743, 124
Trd, 4319716.093, 108
Trd, 4319716.393, 69
Trd, 4319717.643, 96
Trd, 4319719.493, 136
Trd, 4319720.193, 99
Trd, 4319720.543, 95
Trd, 4319720.743, 93
Trd, 4319721.743, 93
Trd, 4319721.843, 77
Trd, 4319721.993, 86
Trd, 4319723.793, 108
Trd, 4319723.843, 129
Trd, 4319724.343, 75
Trd, 4319725.293, 130
Trd, 4319725.843, 100
Trd, 4319726.343, 92
Trd, 4319726.943, 90
Trd, 4319727.093, 106
Trd, 4319728.293, 107
Trd, 4319729.543, 139
Trd, 4319731.043, 115
Trd, 4319731.443, 113
Trd, 4319731.543, 86
Trd, 4319731.743, 119
Trd, 4319731.843, 112
Trd, 4319733.543, 98
Trd, 4319734.393, 101
Trd, 4319735.043, 89
Trd, 4319735.093, 109
Trd, 4319735.893, 139
Trd, 4319736.243, 135
Trd, 4319737.143, 110
Trd, 4319737.793, 98
Trd, 4319737.943, 93
Trd, 4319739.393, 133
Trd, 4319739.643, 112
Trd, 4319740.043, 136
Trd, 4319740.493, 113
Trd, 4319742.243, 90
Trd, 4319742.643, 87
Trd, 4319742.793, 110
Trd, 4319743.293, 113
Trd, 4319743.543, 85
Trd, 4319744.243, 127
Trd, 4319744.643, 125
Trd, 4319745.193, 121
Trd, 4319746.343, 131
Trd, 4319746.993, 111
Trd, 4319747.593, 119
Trd, 4319747.993, 87
Trd, 4319748.443, 137
Trd, 4319748.843, 137
Trd, 4319749.543, 103
Trd, 4319749.643, 114
Trd, 4319750.343, 70
Trd, 4319751.093, 79
Trd, 4319751.393, 99
Trd, 4319751.943, 128
Trd, 4319752.543, 127
Trd, 4319754.243, 78
Trd, 4319754.693, 90
Trd, 4319755.643, 136
Trd, 4319756.493, 109
Trd, 4319756.793, 112
Trd, 4319757.593, 138
Trd, 4319757.643, 111
Trd, 4319759.143, 118
Trd, 4319759.643, 90
Trd, 4319760.593, 86
Trd, 4319760.893, 61
Trd, 4319762.643, 119
Trd, 4319762.743, 132
Trd, 4319762.843, 84
Trd, 4319763.443, 70
Trd, 4319763.843, 117
Trd, 4319764.143, 122
Trd, 4319764.743, 94
Trd, 4319765.443, 68
Trd, 4319766.293, 100
Trd, 4319768.993, 72
Trd, 4319769.443, 63
Trd, 4319769.593, 85
Trd, 4319770.743, 63
Trd, 4319771.493, 63
Trd, 4319771.793, 127
Trd, 4319772.093, 117
Trd, 4319772.843, 123
Trd, 4319773.343, 100
Trd, 4319773.443, 99
Trd, 4319773.893, 108
Trd, 4319775.043, 86
Trd, 4319775.843, 90
Trd, 4319776.343, 107
Trd, 4319776.893, 95
Trd, 4319777.243, 84
Trd, 4319777.343, 103
Trd, 4319780.443, 139
Trd, 4319781.543, 122
Trd, 4319782.393, 116
Trd, 4319784.093, 97
Trd, 4319784.493, 135
Trd, 4319784.643, 98
Trd, 4319786.143, 139
Trd, 4319786.243, 131
Trd, 4319786.443, 110
Trd, 4319786.943, 136
Trd, 4319787.243, 139
Trd, 4319788.093, 137
Trd, 4319789.143, 129
Trd, 4319789.243, 86
Trd, 4319790.043, 78
Trd, 4319790.343, 130
Trd, 4319792.643, 139
Trd, 4319793.043, 137
Trd, 4319793.293, 109
Trd, 4319793.593, 69
Trd, 4319794.643, 61
Trd, 4319795.243, 77
Trd, 4319795.343, 79
Trd, 4319797.293, 61
Trd, 4319798.143, 61
Trd, 4319798.743, 136
Trd, 4319800.143, 128
Trd, 4319800.993, 89
Trd, 4319801.443, 81
Trd, 4319802.293, 77
Trd, 4319803.443, 70
Trd, 4319804.043, 135
Trd, 4319804.943, 79
Trd, 4319805.443, 92
Trd, 4319805.643, 96
Trd, 4319806.493, 93
Trd, 4319808.293, 126
Trd, 4319809.093, 128
Trd, 4319809.343, 108
Trd, 4319809.893, 104
Trd, 4319810.743, 130
Trd, 4319812.693, 124
Trd, 4319813.093, 136
Trd, 4319814.093, 110
Trd, 4319814.843, 102
Trd, 4319814.993, 98
Trd, 4319815.193, 115
Trd, 4319815.993, 96
Trd, 4319816.243, 89
Trd, 4319816.893, 132
Trd, 4319817.643, 120
Trd, 4319817.843, 113
Trd, 4319820.093, 138
Trd, 4319820.143, 122
Trd, 4319820.643, 116
Trd, 4319821.243, 112
Trd, 4319821.443, 113
Trd, 4319821.993, 138
Trd, 4319822.593, 95
Trd, 4319822.643, 91
Trd, 4319823.243, 100
Trd, 4319824.243, 79
Trd, 4319825.843, 109
Trd, 4319826.543, 63
Trd, 4319827.293, 90
Trd, 4319827.493, 91
Trd, 4319827.793, 90
Trd, 4319828.143, 76
Trd, 4319829.693, 83
Trd, 4319830.043, 139
Trd, 4319830.843, 85
Trd, 4319831.643, 84
Trd, 4319833.593, 113
Trd, 4319833.793, 124
Trd, 4319834.393, 61
Trd, 4319835.143, 132
Trd, 4319836.143, 106
Trd, 4319837.243, 103
Trd, 4319837.843, 96
Trd, 4319838.193, 87
Trd, 4319838.693, 100
Trd, 4319840.543, 101
Trd, 4319841.893, 63
Trd, 4319842.193, 139
Trd, 4319843.243, 81
Trd, 4319844.293, 137
Trd, 4319844.493, 137
Trd, 4319845.643, 121
Trd, 4319846.143, 107
Trd, 4319846.993, 75
Trd, 4319847.693, 93
Trd, 4319847.993, 79
Trd, 4319848.343, 76
Trd, 4319848.993, 126
Trd, 4319849.943, 129
Trd, 4319850.293, 107
Trd, 4319851.743, 84
Trd, 4319852.193, 117
Trd, 4319852.993, 116
Trd, 4319854.493, 130
Trd, 4319854.943, 97
Trd, 4319855.693, 101
Trd, 4319856.443, 124
Trd, 4319857.343, 106
Trd, 4319857.493, 90
Trd, 4319858.093, 74
Trd, 4319858.343, 92
Trd, 4319858.693, 123
Trd, 4319859.893, 83
Trd, 4319860.093, 66
Trd, 4319860.893, 71
Trd, 4319861.893, 70
Trd, 4319862.143, 87
Trd, 4319862.193, 107
Trd, 4319863.143, 123
Trd, 4319863.993, 107
Trd, 4319864.493, 140
Trd, 4319865.643, 85
Trd, 4319865.793, 81
Trd, 4319867.093, 127
Trd, 4319867.443, 79
Trd, 4319869.193, 126
Trd, 4319870.043, 98
Trd, 4319870.993, 130
Trd, 4319871.143, 135
Trd, 4319871.293, 70
Trd, 4319871.593, 60
Trd, 4319872.293, 64
Trd, 4319872.393, 73
Trd, 4319874.143, 136
Trd, 4319874.243, 119
Trd, 4319875.893, 107
Trd, 4319876.543, 136
Trd, 4319877.093, 113
Trd, 4319877.843, 125
Trd, 4319878.293, 112
Trd, 4319879.093, 101
Trd, 4319879.243, 78
Trd, 4319880.793, 139
Trd, 4319882.393, 123
Trd, 4319882.793, 97
Trd, 4319883.493, 94
Trd, 4319883.593, 87
Trd, 4319883.943, 113
Trd, 4319884.743, 79
Trd, 4319884.793, 89
Trd, 4319885.043, 125
Trd, 4319886.243, 103
Trd, 4319886.493, 88
Trd, 4319887.243, 108
Trd, 4319887.543, 85
Trd, 4319888.693, 128
Trd, 4319890.193, 66
Trd, 4319890.693, 79
Trd, 4319892.243, 78
Trd, 4319892.393, 110
Trd, 4319893.443, 109
Trd, 4319893.793, 108
Trd, 4319894.093, 118
Trd, 4319894.493, 140
Trd, 4319894.943, 120
Trd, 4319895.193, 92
Trd, 4319895.793, 74
Trd, 4319897.243, 90
Trd, 4319897.443, 84
Trd, 4319898.243, 136
Trd, 4319899.543, 136
Trd, 4319900.343, 122
Trd, 4319900.593, 117
Trd, 4319900.993, 87
Trd, 4319901.893, 94
Trd, 4319903.993, 140
Trd, 4319905.043, 103
Trd, 4319905.493, 83
Trd, 4319906.143, 140
Trd, 4319906.593, 96
Trd, 4319906.643, 82
Trd, 4319906.843, 76
Trd, 4319907.343, 69
Trd, 4319907.643, 112
Trd, 4319908.293, 139
Trd, 4319908.843, 125
Trd, 4319910.843, 135
Trd, 4319911.893, 128
Trd, 4319912.243, 136
Trd, 4319912.743, 130
Trd, 4319913.193, 106
Trd, 4319913.243, 100
Trd, 4319914.043, 103
Trd, 4319914.643, 99
Trd, 4319916.443, 136
Trd, 4319917.793, 138
Trd, 4319918.243, 122
Trd, 4319918.343, 120
Trd, 4319918.693, 105
Trd, 4319918.893, 93
Trd, 4319918.943, 81
Trd, 4319919.693, 98
Trd, 4319919.943, 69
Trd, 4319921.343, 89
Trd, 4319923.093, 136
Trd, 4319923.593, 118
Trd, 4319923.843, 105
Trd, 4319924.393, 101
Trd, 4319925.043, 134
Trd, 4319925.243, 103
Trd, 4319925.343, 99
Trd, 4319927.243, 131
Trd, 4319928.493, 136
Trd, 4319928.893, 124
Trd, 4319928.993, 120
Trd, 4319929.043, 119
Trd, 4319929.343, 111
Trd, 4319931.543, 133
Trd, 4319931.943, 125
Trd, 4319932.193, 110
Trd, 4319932.593, 137
Trd, 4319933.743, 135
Trd, 4319934.593, 140
Trd, 4319935.643, 137
Trd, 4319935.943, 127
Trd, 4319937.193, 133
Trd, 4319937.393, 127
Trd, 4319938.043, 127
Trd, 4319938.243, 117
Trd, 4319939.593, 85
Trd, 4319940.643, 86
Trd, 4319940.943, 116
Trd, 4319942.893, 94
Trd, 4319943.343, 103
Trd, 4319943.843, 119
Trd, 4319944.093, 136
Trd, 4319944.393, 110
Trd, 4319944.643, 89
Trd, 4319946.093, 64
Trd, 4319947.793, 136
Trd, 4319948.093, 79
Trd, 4319949.493, 99
Trd, 4319950.293, 127
Trd, 4319951.943, 129
Trd, 4319952.393, 109
Trd, 4319952.743, 105
Trd, 4319952.943, 102
Trd, 4319953.593, 102
Trd, 4319954.693, 87
Trd, 4319954.843, 74
Trd, 4319955.143, 135
Trd, 4319955.993, 114
Trd, 4319957.243, 95
Trd, 4319958.443, 92
Trd, 4319958.643, 96
Trd, 4319958.743, 84
Trd, 4319959.193, 137
Trd, 4319959.943, 130
Trd, 4319961.243, 140
Trd, 4319962.093, 135
Trd, 4319962.993, 115
Trd, 4319963.493, 107
Trd, 4319964.343, 131
Trd, 4319964.743, 127
Trd, 4319964.943, 113
Trd, 4319966.193, 132
Trd, 4319967.293, 123
Trd, 4319967.493, 101
Trd, 4319968.543, 103
Trd, 4319968.743, 86
Trd, 4319969.393, 83
Trd, 4319969.593, 73
Trd, 4319970.843, 62
Trd, 4319971.243, 105
Trd, 4319971.343, 97
Trd, 4319971.993, 106
Trd, 4319973.943, 107
Trd, 4319974.193, 116
Trd, 4319974.493, 65
Trd, 4319974.743, 75
Trd, 4319976.493, 61
Trd, 4319976.893, 87
Trd, 4319979.943, 110
Trd, 4319980.143, 100
Trd, 4319980.293, 124
Trd, 4319980.643, 91
Trd, 4319980.943, 81
Trd, 4319980.993, 99
Trd, 4319982.343, 138
Trd, 4319984.143, 136
Trd, 4319984.393, 128
Trd, 4319984.693, 110
Trd, 4319985.643, 110
Trd, 4319986.943, 101
Trd, 4319988.093, 87
Trd, 4319988.393, 81
Trd, 4319989.693, 129
Trd, 4319990.093, 128
Trd, 4319990.593, 130
Trd, 4319991.093, 113
Trd, 4319991.193, 103
Trd, 4319991.543, 130
Trd, 4319992.893, 133
Trd, 4319993.143, 84
Trd, 4319994.243, 63
Trd, 4319995.693, 70
Trd, 4319995.843, 68
Trd, 4319996.193, 90
Trd, 4319996.443, 121
Trd, 4319997.593, 61
Trd, 4319997.693, 62
Trd, 4319998.643, 77
