Trd, 4318148.343, 140
Trd, 4318148.993, 140
Trd, 4318149.143, 139
Trd, 4318149.943, 140
Trd, 4318150.693, 140
Trd, 4318150.743, 140
Trd, 4318150.793, 140
Trd, 4318152.543, 140
Trd, 4318153.593, 140
Trd, 4318153.643, 139
Trd, 4318154.993, 140
Trd, 4318155.843, 140
Trd, 4318156.343, 140
Trd, 4318156.693, 140
Trd, 4318157.993, 77
Trd, 4318158.343, 116
Trd, 4318159.143, 60
Trd, 4318159.293, 63
Trd, 4318159.593, 66
Trd, 4318161.543, 62
Trd, 4318162.343, 63
Trd, 4318162.943, 63
Trd, 4318163.493, 67
Trd, 4318164.393, 61
Trd, 4318164.643, 66
Trd, 4318164.993, 60
Trd, 4318165.343, 69
Trd, 4318165.593, 140
Trd, 4318166.143, 137
Trd, 4318167.993, 140
Trd, 4318168.293, 140
Trd, 4318169.093, 140
Trd, 4318169.593, 140
Trd, 4318169.943, 140
Trd, 4318171.593, 65
Trd, 4318173.243, 60
Trd, 4318173.693, 61
Trd, 4318174.093, 61
Trd, 4318174.243, 60
Trd, 4318174.893, 61
Trd, 4318175.693, 140
Trd, 4318176.343, 139
Trd, 4318176.643, 137
Trd, 4318177.193, 139
Trd, 4318177.943, 140
Trd, 4318178.143, 137
Trd, 4318178.343, 136
Trd, 4318178.893, 118
Trd, 4318179.843, 138
Trd, 4318180.993, 140
Trd, 4318181.093, 138
Trd, 4318183.293, 140
Trd, 4318183.493, 140
Trd, 4318184.443, 140
Trd, 4318184.843, 139
Trd, 4318186.243, 140
Trd, 4318187.043, 140
Trd, 4318187.143, 140
Trd, 4318187.343, 140
Trd, 4318188.193, 140
Trd, 4318188.293, 139
Trd, 4318188.493, 140
Trd, 4318189.443, 117
Trd, 4318190.193, 140
Trd, 4318192.393, 64
Trd, 4318192.993, 64
Trd, 4318193.143, 60
Trd, 4318193.443, 139
Trd, 4318194.593, 62
Trd, 4318195.143, 67
Trd, 4318196.043, 60
Trd, 4318196.293, 62
Trd, 4318197.893, 83
Trd, 4318198.993, 64
Trd, 4318199.693, 73
Trd, 4318199.993, 68
Trd, 4318200.393, 63
Trd, 4318202.043, 67
Trd, 4318202.343, 95
Trd, 4318202.693, 106
Trd, 4318203.743, 140
Trd, 4318203.943, 140
Trd, 4318204.093, 107
Trd, 4318205.543, 140
Trd, 4318205.593, 139
Trd, 4318206.593, 103
Trd, 4318206.693, 84
Trd, 4318207.593, 104
Trd, 4318208.743, 138
Trd, 4318209.693, 140
Trd, 4318210.743, 139
Trd, 4318211.993, 140
Trd, 4318212.393, 140
Trd, 4318213.043, 140
Trd, 4318213.093, 140
Trd, 4318214.393, 75
Trd, 4318214.693, 106
Trd, 4318215.943, 140
Trd, 4318216.093, 138
Trd, 4318216.643, 98
Trd, 4318216.843, 140
Trd, 4318217.043, 103
Trd, 4318217.543, 140
Trd, 4318218.793, 65
Trd, 4318219.393, 63
Trd, 4318221.493, 62
Trd, 4318222.243, 64
Trd, 4318223.643, 140
Trd, 4318224.343, 140
Trd, 4318224.593, 140
Trd, 4318225.293, 140
Trd, 4318226.043, 140
Trd, 4318226.943, 140
Trd, 4318227.543, 140
Trd, 4318227.943, 138
Trd, 4318228.193, 124
Trd, 4318228.393, 139
Trd, 4318228.943, 96
Trd, 4318230.893, 140
Trd, 4318231.193, 140
Trd, 4318231.843, 140
Trd, 4318233.043, 140
Trd, 4318233.393, 140
Trd, 4318233.643, 140
Trd, 4318234.243, 78
Trd, 4318235.643, 60
Trd, 4318235.843, 62
Trd, 4318235.993, 60
Trd, 4318236.543, 63
Trd, 4318236.593, 85
Trd, 4318237.593, 140
Trd, 4318238.293, 140
Trd, 4318238.443, 140
Trd, 4318239.143, 139
Trd, 4318240.143, 140
Trd, 4318240.793, 120
Trd, 4318242.493, 61
Trd, 4318242.843, 66
Trd, 4318243.343, 61
Trd, 4318243.393, 67
Trd, 4318244.093, 60
Trd, 4318244.593, 63
Trd, 4318244.893, 120
Trd, 4318245.493, 64
Trd, 4318248.093, 60
Trd, 4318248.443, 60
Trd, 4318248.493, 62
Trd, 4318250.543, 65
Trd, 4318250.843, 66
Trd, 4318251.393, 64
Trd, 4318252.543, 60
Trd, 4318252.643, 61
Trd, 4318253.143, 63
Trd, 4318253.693, 62
Trd, 4318253.743, 62
Trd, 4318255.193, 139
Trd, 4318255.593, 139
Trd, 4318255.843, 108
Trd, 4318256.143, 107
Trd, 4318257.543, 126
Trd, 4318259.243, 61
Trd, 4318259.743, 66
Trd, 4318261.043, 66
Trd, 4318261.093, 70
Trd, 4318261.693, 61
Trd, 4318261.993, 62
Trd, 4318262.843, 98
Trd, 4318264.393, 140
Trd, 4318265.043, 140
Trd, 4318265.243, 140
Trd, 4318265.693, 140
Trd, 4318266.493, 139
Trd, 4318266.793, 137
Trd, 4318267.193, 137
Trd, 4318267.893, 137
Trd, 4318268.093, 133
Trd, 4318268.593, 118
Trd, 4318269.293, 140
Trd, 4318269.743, 139
Trd, 4318270.693, 140
Trd, 4318271.843, 140
Trd, 4318272.543, 135
Trd, 4318272.943, 103
Trd, 4318273.543, 137
Trd, 4318273.943, 119
Trd, 4318274.493, 78
Trd, 4318276.243, 140
Trd, 4318276.293, 140
Trd, 4318276.593, 138
Trd, 4318279.843, 140
Trd, 4318279.893, 140
Trd, 4318280.193, 140
Trd, 4318280.343, 140
Trd, 4318280.643, 140
Trd, 4318281.843, 139
Trd, 4318281.943, 138
Trd, 4318282.293, 140
Trd, 4318282.643, 92
Trd, 4318283.493, 84
Trd, 4318286.043, 140
Trd, 4318286.143, 140
Trd, 4318286.843, 140
Trd, 4318287.093, 140
Trd, 4318287.193, 140
Trd, 4318287.943, 139
Trd, 4318288.543, 137
Trd, 4318290.343, 140
Trd, 4318290.443, 138
Trd, 4318290.693, 137
Trd, 4318291.393, 95
Trd, 4318292.193, 61
Trd, 4318293.343, 77
Trd, 4318293.393, 61
Trd, 4318293.893, 140
Trd, 4318294.843, 64
Trd, 4318296.693, 140
Trd, 4318297.093, 140
Trd, 4318297.743, 140
Trd, 4318298.343, 140
Trd, 4318299.293, 140
Trd, 4318300.093, 140
Trd, 4318300.593, 140
Trd, 4318301.443, 140
Trd, 4318301.593, 140
Trd, 4318302.543, 140
Trd, 4318302.593, 139
Trd, 4318303.093, 140
Trd, 4318303.593, 140
Trd, 4318304.743, 140
Trd, 4318305.143, 138
Trd, 4318305.793, 101
Trd, 4318306.643, 117
Trd, 4318308.043, 140
Trd, 4318308.993, 140
Trd, 4318309.493, 140
Trd, 4318309.693, 139
Trd, 4318310.243, 95
Trd, 4318310.743, 140
Trd, 4318312.143, 140
Trd, 4318312.193, 140
Trd, 4318312.493, 138
Trd, 4318312.643, 137
Trd, 4318313.193, 138
Trd, 4318313.643, 138
Trd, 4318315.993, 140
Trd, 4318316.543, 140
Trd, 4318316.693, 140
Trd, 4318316.843, 69
Trd, 4318317.543, 139
Trd, 4318318.293, 139
Trd, 4318318.643, 140
Trd, 4318318.843, 138
Trd, 4318320.293, 140
Trd, 4318320.543, 140
Trd, 4318320.843, 136
Trd, 4318321.793, 139
Trd, 4318321.993, 138
Trd, 4318322.693, 140
Trd, 4318324.793, 139
Trd, 4318325.643, 140
Trd, 4318326.493, 138
Trd, 4318327.093, 140
Trd, 4318327.693, 140
Trd, 4318328.243, 140
Trd, 4318328.893, 138
Trd, 4318329.443, 103
Trd, 4318329.693, 100
Trd, 4318329.993, 140
Trd, 4318330.343, 74
Trd, 4318331.443, 140
Trd, 4318331.793, 139
Trd, 4318333.293, 136
Trd, 4318333.543, 120
Trd, 4318335.093, 139
Trd, 4318335.693, 125
Trd, 4318335.993, 75
Trd, 4318336.943, 137
Trd, 4318337.093, 136
Trd, 4318337.943, 138
Trd, 4318338.143, 108
Trd, 4318338.893, 94
Trd, 4318340.093, 140
Trd, 4318340.993, 140
Trd, 4318341.293, 140
Trd, 4318341.343, 140
Trd, 4318341.443, 138
Trd, 4318342.443, 140
Trd, 4318343.543, 140
Trd, 4318343.693, 140
Trd, 4318344.143, 99
Trd, 4318344.393, 139
Trd, 4318345.443, 140
Trd, 4318346.993, 140
Trd, 4318347.093, 140
Trd, 4318347.243, 139
Trd, 4318348.093, 138
Trd, 4318348.543, 140
Trd, 4318349.243, 139
Trd, 4318350.593, 60
Trd, 4318352.143, 60
Trd, 4318352.493, 68
Trd, 4318352.743, 74
Trd, 4318353.643, 61
Trd, 4318355.443, 62
Trd, 4318355.993, 62
Trd, 4318356.293, 107
Trd, 4318356.743, 61
Trd, 4318357.693, 64
Trd, 4318358.093, 63
Trd, 4318358.343, 137
Trd, 4318358.493, 133
Trd, 4318359.343, 140
Trd, 4318360.143, 81
Trd, 4318360.793, 60
Trd, 4318361.093, 89
Trd, 4318362.393, 140
Trd, 4318362.443, 140
Trd, 4318362.643, 140
Trd, 4318362.893, 84
Trd, 4318363.943, 140
Trd, 4318365.093, 139
Trd, 4318366.293, 138
Trd, 4318367.443, 140
Trd, 4318367.943, 140
Trd, 4318368.043, 140
Trd, 4318368.343, 140
Trd, 4318368.493, 140
Trd, 4318368.593, 62
Trd, 4318370.593, 140
Trd, 4318371.543, 140
Trd, 4318372.093, 140
Trd, 4318372.543, 140
Trd, 4318372.643, 140
Trd, 4318372.993, 140
Trd, 4318373.893, 75
Trd, 4318374.893, 139
Trd, 4318375.143, 73
Trd, 4318375.993, 66
Trd, 4318377.493, 61
Trd, 4318377.893, 140
Trd, 4318378.293, 140
Trd, 4318379.293, 140
Trd, 4318379.693, 140
Trd, 4318380.143, 138
Trd, 4318380.293, 136
Trd, 4318381.443, 140
Trd, 4318382.343, 140
Trd, 4318382.893, 137
Trd, 4318383.143, 114
Trd, 4318383.543, 67
Trd, 4318383.893, 66
Trd, 4318384.343, 69
Trd, 4318384.443, 70
Trd, 4318385.543, 62
Trd, 4318385.743, 65
Trd, 4318386.093, 83
Trd, 4318387.143, 140
Trd, 4318388.093, 140
Trd, 4318391.443, 63
Trd, 4318391.543, 60
Trd, 4318393.243, 60
Trd, 4318393.943, 62
Trd, 4318394.443, 62
Trd, 4318395.293, 61
Trd, 4318395.593, 62
Trd, 4318395.993, 66
Trd, 4318397.043, 140
Trd, 4318398.093, 140
Trd, 4318398.193, 140
Trd, 4318398.243, 138
Trd, 4318398.393, 119
Trd, 4318399.793, 140
Trd, 4318400.293, 140
Trd, 4318400.793, 61
Trd, 4318402.343, 140
Trd, 4318402.893, 140
Trd, 4318403.743, 140
Trd, 4318403.793, 140
Trd, 4318403.993, 137
Trd, 4318404.543, 84
Trd, 4318404.943, 139
Trd, 4318405.393, 68
Trd, 4318406.893, 140
Trd, 4318407.243, 140
Trd, 4318408.093, 140
Trd, 4318408.243, 137
Trd, 4318408.793, 140
Trd, 4318409.293, 111
Trd, 4318410.693, 140
Trd, 4318411.393, 140
Trd, 4318411.493, 140
Trd, 4318412.793, 139
Trd, 4318414.143, 139
Trd, 4318414.243, 135
Trd, 4318414.743, 138
Trd, 4318416.593, 140
Trd, 4318416.793, 140
Trd, 4318416.993, 139
Trd, 4318417.543, 140
Trd, 4318420.443, 140
Trd, 4318420.593, 140
Trd, 4318420.893, 140
Trd, 4318422.793, 140
Trd, 4318422.843, 140
Trd, 4318422.943, 139
Trd, 4318422.993, 115
Trd, 4318423.343, 138
Trd, 4318424.793, 140
Trd, 4318425.693, 140
Trd, 4318426.043, 139
Trd, 4318427.493, 140
Trd, 4318427.743, 140
Trd, 4318428.343, 140
Trd, 4318429.343, 140
Trd, 4318429.743, 102
Trd, 4318429.793, 76
Trd, 4318430.593, 60
Trd, 4318430.993, 139
Trd, 4318432.293, 140
Trd, 4318433.143, 140
Trd, 4318434.293, 140
Trd, 4318434.443, 140
Trd, 4318434.543, 136
Trd, 4318435.443, 96
Trd, 4318435.793, 140
Trd, 4318437.693, 140
Trd, 4318438.143, 139
Trd, 4318438.293, 138
Trd, 4318438.893, 140
Trd, 4318439.893, 140
Trd, 4318440.793, 105
Trd, 4318440.993, 99
Trd, 4318441.393, 140
Trd, 4318442.043, 136
Trd, 4318443.843, 140
Trd, 4318443.993, 140
Trd, 4318444.493, 140
Trd, 4318444.893, 140
Trd, 4318445.243, 140
Trd, 4318445.293, 140
Trd, 4318447.093, 140
Trd, 4318447.193, 139
Trd, 4318448.143, 140
Trd, 4318449.043, 140
Trd, 4318449.243, 140
Trd, 4318449.393, 139
Trd, 4318449.993, 140
Trd, 4318450.493, 138
Trd, 4318451.943, 140
Trd, 4318452.243, 139
Trd, 4318453.543, 140
Trd, 4318453.743, 140
Trd, 4318454.093, 139
Trd, 4318454.593, 137
Trd, 4318455.443, 84
Trd, 4318456.143, 61
Trd, 4318456.493, 62
Trd, 4318456.893, 64
Trd, 4318458.593, 60
Trd, 4318458.993, 60
Trd, 4318460.143, 60
Trd, 4318460.293, 64
Trd, 4318460.693, 70
Trd, 4318461.843, 61
Trd, 4318463.593, 60
Trd, 4318463.843, 60
Trd, 4318463.893, 63
Trd, 4318464.293, 60
Trd, 4318465.943, 66
Trd, 4318466.843, 67
Trd, 4318467.743, 65
Trd, 4318468.443, 65
Trd, 4318469.393, 60
Trd, 4318470.693, 60
Trd, 4318470.743, 61
Trd, 4318471.143, 60
Trd, 4318471.193, 67
Trd, 4318471.543, 75
Trd, 4318473.393, 62
Trd, 4318474.993, 60
Trd, 4318475.293, 60
Trd, 4318475.643, 72
Trd, 4318476.443, 67
Trd, 4318476.943, 70
Trd, 4318477.643, 67
Trd, 4318479.093, 140
Trd, 4318479.543, 138
Trd, 4318480.543, 140
Trd, 4318481.243, 135
Trd, 4318481.743, 140
Trd, 4318482.793, 100
Trd, 4318483.343, 60
Trd, 4318483.543, 60
Trd, 4318484.693, 62
Trd, 4318484.943, 67
Trd, 4318484.993, 64
Trd, 4318485.543, 137
Trd, 4318486.943, 136
Trd, 4318487.143, 60
Trd, 4318487.643, 60
Trd, 4318488.293, 61
Trd, 4318489.143, 140
Trd, 4318490.093, 138
Trd, 4318490.943, 62
Trd, 4318491.743, 61
Trd, 4318492.043, 62
Trd, 4318492.443, 68
Trd, 4318493.493, 64
Trd, 4318493.793, 65
Trd, 4318495.943, 61
Trd, 4318497.543, 61
Trd, 4318498.743, 60
Trd, 4318499.193, 61
Trd, 4318500.293, 61
Trd, 4318500.543, 65
Trd, 4318501.093, 115
Trd, 4318501.643, 62
Trd, 4318502.343, 139
Trd, 4318502.393, 65
Trd, 4318503.093, 140
Trd, 4318504.193, 140
Trd, 4318505.193, 140
Trd, 4318505.993, 140
Trd, 4318506.043, 140
Trd, 4318507.293, 140
Trd, 4318507.493, 140
Trd, 4318508.293, 140
Trd, 4318509.143, 140
Trd, 4318510.043, 140
Trd, 4318510.693, 140
Trd, 4318511.293, 140
Trd, 4318511.593, 139
Trd, 4318511.943, 137
Trd, 4318512.343, 104
Trd, 4318512.693, 138
Trd, 4318513.343, 87
Trd, 4318513.743, 140
Trd, 4318514.243, 107
Trd, 4318515.893, 140
Trd, 4318516.093, 140
Trd, 4318518.843, 140
Trd, 4318518.993, 140
Trd, 4318519.543, 140
Trd, 4318520.143, 140
Trd, 4318520.543, 140
Trd, 4318521.693, 139
Trd, 4318523.143, 140
Trd, 4318524.293, 140
Trd, 4318524.843, 140
Trd, 4318525.693, 140
Trd, 4318526.193, 140
Trd, 4318526.293, 140
Trd, 4318526.443, 138
Trd, 4318526.843, 140
Trd, 4318527.443, 138
Trd, 4318528.343, 70
Trd, 4318529.043, 70
Trd, 4318529.693, 66
Trd, 4318530.293, 87
Trd, 4318530.943, 66
Trd, 4318531.643, 140
Trd, 4318533.093, 140
Trd, 4318533.443, 140
Trd, 4318533.493, 139
Trd, 4318533.843, 140
Trd, 4318534.493, 137
Trd, 4318534.743, 122
Trd, 4318535.243, 71
Trd, 4318535.793, 61
Trd, 4318536.643, 140
Trd, 4318537.993, 140
Trd, 4318538.343, 140
Trd, 4318538.793, 136
Trd, 4318539.693, 107
Trd, 4318540.843, 60
Trd, 4318541.643, 63
Trd, 4318542.293, 66
Trd, 4318542.393, 66
Trd, 4318542.743, 62
Trd, 4318543.093, 60
Trd, 4318543.493, 60
Trd, 4318543.543, 90
Trd, 4318545.493, 63
Trd, 4318545.593, 60
Trd, 4318546.293, 78
Trd, 4318547.143, 68
Trd, 4318548.193, 60
Trd, 4318548.443, 60
Trd, 4318549.293, 67
Trd, 4318550.243, 64
Trd, 4318551.393, 60
Trd, 4318552.293, 68
Trd, 4318553.743, 64
Trd, 4318554.243, 64
Trd, 4318555.143, 61
Trd, 4318555.393, 60
Trd, 4318555.543, 63
Trd, 4318555.843, 64
Trd, 4318556.693, 138
Trd, 4318556.843, 139
Trd, 4318557.893, 140
Trd, 4318558.393, 140
Trd, 4318558.693, 140
Trd, 4318559.643, 140
Trd, 4318559.943, 140
Trd, 4318560.043, 140
Trd, 4318561.743, 111
Trd, 4318562.343, 119
Trd, 4318562.893, 126
Trd, 4318563.243, 110
Trd, 4318564.443, 140
Trd, 4318564.493, 140
Trd, 4318564.743, 139
Trd, 4318564.943, 82
Trd, 4318566.093, 138
Trd, 4318566.843, 139
Trd, 4318568.293, 140
Trd, 4318569.993, 140
Trd, 4318571.893, 140
Trd, 4318572.393, 140
Trd, 4318572.443, 140
Trd, 4318573.043, 140
Trd, 4318573.593, 140
Trd, 4318574.293, 140
Trd, 4318575.293, 140
Trd, 4318575.893, 140
Trd, 4318576.643, 140
Trd, 4318578.693, 140
Trd, 4318578.793, 140
Trd, 4318579.343, 139
Trd, 4318579.593, 139
Trd, 4318580.343, 140
Trd, 4318580.693, 140
Trd, 4318581.693, 139
Trd, 4318581.843, 137
Trd, 4318582.093, 111
Trd, 4318582.793, 140
Trd, 4318583.343, 61
Trd, 4318584.393, 95
Trd, 4318586.093, 140
Trd, 4318586.243, 140
Trd, 4318587.143, 140
Trd, 4318587.993, 140
Trd, 4318588.043, 140
Trd, 4318588.243, 140
Trd, 4318588.393, 140
Trd, 4318588.643, 139
Trd, 4318589.893, 140
Trd, 4318590.093, 140
Trd, 4318591.343, 140
Trd, 4318591.593, 140
Trd, 4318591.793, 140
Trd, 4318592.193, 140
Trd, 4318592.943, 139
Trd, 4318593.043, 111
Trd, 4318594.293, 139
Trd, 4318595.143, 139
Trd, 4318596.043, 138
Trd, 4318596.793, 65
Trd, 4318596.843, 65
Trd, 4318598.293, 60
Trd, 4318598.343, 115
Trd, 4318599.343, 60
Trd, 4318599.743, 62
Trd, 4318599.893, 63
Trd, 4318600.143, 88
Trd, 4318601.243, 140
Trd, 4318601.743, 139
Trd, 4318602.943, 139
Trd, 4318603.393, 140
Trd, 4318603.543, 138
Trd, 4318604.543, 82
Trd, 4318604.893, 139
Trd, 4318605.743, 83
Trd, 4318606.293, 67
Trd, 4318606.893, 65
Trd, 4318607.993, 60
Trd, 4318609.693, 60
Trd, 4318609.793, 60
Trd, 4318610.493, 61
Trd, 4318611.293, 61
Trd, 4318612.493, 61
Trd, 4318613.193, 61
Trd, 4318613.643, 64
Trd, 4318613.743, 64
Trd, 4318614.293, 65
Trd, 4318614.443, 140
Trd, 4318614.543, 140
Trd, 4318615.493, 137
Trd, 4318616.393, 137
Trd, 4318616.893, 124
Trd, 4318617.043, 139
Trd, 4318618.943, 140
Trd, 4318619.093, 140
Trd, 4318620.093, 140
Trd, 4318620.843, 140
Trd, 4318621.143, 140
Trd, 4318621.393, 140
Trd, 4318621.793, 100
Trd, 4318622.293, 68
Trd, 4318622.493, 69
Trd, 4318622.843, 69
Trd, 4318624.293, 63
Trd, 4318624.343, 114
Trd, 4318625.343, 64
Trd, 4318626.343, 62
Trd, 4318628.693, 60
Trd, 4318628.943, 61
Trd, 4318629.093, 63
Trd, 4318630.443, 60
Trd, 4318630.593, 60
Trd, 4318632.693, 100
Trd, 4318632.743, 99
Trd, 4318632.893, 119
Trd, 4318633.443, 98
Trd, 4318633.743, 121
Trd, 4318633.993, 96
Trd, 4318634.093, 127
Trd, 4318634.993, 100
Trd, 4318635.143, 62
Trd, 4318637.493, 62
Trd, 4318638.593, 66
Trd, 4318638.693, 129
Trd, 4318639.243, 60
Trd, 4318639.343, 60
Trd, 4318640.443, 140
Trd, 4318641.993, 140
Trd, 4318642.443, 140
Trd, 4318642.793, 140
Trd, 4318643.393, 140
Trd, 4318643.643, 139
Trd, 4318643.693, 138
Trd, 4318644.243, 140
Trd, 4318645.393, 140
Trd, 4318645.443, 140
Trd, 4318646.493, 140
Trd, 4318646.843, 140
Trd, 4318647.393, 140
Trd, 4318648.643, 97
Trd, 4318649.193, 99
Trd, 4318649.443, 96
Trd, 4318650.343, 86
Trd, 4318650.443, 88
Trd, 4318651.443, 138
Trd, 4318652.043, 140
Trd, 4318652.193, 112
Trd, 4318652.793, 101
Trd, 4318652.993, 136
Trd, 4318653.793, 63
Trd, 4318654.793, 62
Trd, 4318657.243, 60
Trd, 4318657.493, 61
Trd, 4318658.793, 61
Trd, 4318659.243, 63
Trd, 4318659.843, 60
Trd, 4318660.643, 61
Trd, 4318661.193, 82
Trd, 4318661.743, 140
Trd, 4318663.493, 68
Trd, 4318663.893, 116
Trd, 4318664.643, 140
Trd, 4318664.793, 140
Trd, 4318665.543, 140
Trd, 4318665.593, 139
Trd, 4318666.543, 121
Trd, 4318668.893, 60
Trd, 4318669.343, 61
Trd, 4318669.393, 64
Trd, 4318669.893, 61
Trd, 4318670.043, 63
Trd, 4318671.243, 140
Trd, 4318672.143, 140
Trd, 4318672.743, 140
Trd, 4318673.393, 140
Trd, 4318673.543, 140
Trd, 4318674.543, 140
Trd, 4318675.243, 140
Trd, 4318675.393, 139
Trd, 4318675.443, 115
Trd, 4318677.443, 61
Trd, 4318678.293, 79
Trd, 4318678.393, 70
Trd, 4318679.043, 66
Trd, 4318679.943, 78
Trd, 4318680.393, 92
Trd, 4318681.943, 62
Trd, 4318683.043, 63
Trd, 4318683.393, 65
Trd, 4318684.843, 61
Trd, 4318684.943, 82
Trd, 4318685.543, 124
Trd, 4318686.293, 62
Trd, 4318687.243, 140
Trd, 4318687.543, 140
Trd, 4318689.243, 140
Trd, 4318689.793, 140
Trd, 4318690.043, 140
Trd, 4318690.243, 138
Trd, 4318691.043, 140
Trd, 4318691.593, 140
Trd, 4318692.043, 140
Trd, 4318693.793, 140
Trd, 4318694.043, 140
Trd, 4318694.093, 140
Trd, 4318694.693, 139
Trd, 4318694.743, 139
Trd, 4318696.243, 139
Trd, 4318698.343, 140
Trd, 4318698.593, 140
Trd, 4318699.043, 140
Trd, 4318699.593, 140
Trd, 4318700.143, 140
Trd, 4318701.993, 140
Trd, 4318702.943, 140
Trd, 4318703.593, 140
Trd, 4318704.293, 140
Trd, 4318704.993, 140
Trd, 4318705.943, 140
Trd, 4318706.443, 140
Trd, 4318708.093, 140
Trd, 4318708.593, 140
Trd, 4318708.993, 140
Trd, 4318709.143, 140
Trd, 4318709.543, 140
Trd, 4318710.343, 140
Trd, 4318711.493, 137
Trd, 4318711.793, 101
Trd, 4318712.443, 140
Trd, 4318713.693, 140
Trd, 4318713.793, 140
Trd, 4318713.993, 139
Trd, 4318715.543, 138
Trd, 4318717.843, 140
Trd, 4318718.443, 140
Trd, 4318718.693, 139
Trd, 4318719.793, 140
Trd, 4318720.093, 140
Trd, 4318721.093, 140
Trd, 4318721.493, 140
Trd, 4318721.743, 140
Trd, 4318722.193, 140
Trd, 4318722.493, 140
Trd, 4318724.193, 140
Trd, 4318725.743, 140
Trd, 4318726.393, 140
Trd, 4318727.343, 140
Trd, 4318727.993, 140
Trd, 4318729.043, 140
Trd, 4318729.293, 140
Trd, 4318729.643, 140
Trd, 4318729.943, 140
Trd, 4318730.643, 140
Trd, 4318731.243, 138
Trd, 4318732.243, 139
Trd, 4318732.393, 64
Trd, 4318732.743, 137
Trd, 4318732.893, 140
Trd, 4318733.693, 71
Trd, 4318734.293, 113
Trd, 4318734.943, 139
Trd, 4318735.143, 76
Trd, 4318736.493, 73
Trd, 4318736.693, 74
Trd, 4318738.243, 140
Trd, 4318739.043, 140
Trd, 4318739.243, 139
Trd, 4318740.443, 140
Trd, 4318740.693, 140
Trd, 4318741.393, 140
Trd, 4318741.493, 140
Trd, 4318741.793, 139
Trd, 4318741.943, 138
Trd, 4318742.393, 140
Trd, 4318742.593, 114
Trd, 4318743.493, 88
Trd, 4318744.693, 63
Trd, 4318745.243, 60
Trd, 4318745.943, 139
Trd, 4318746.643, 71
Trd, 4318746.993, 65
Trd, 4318747.493, 68
Trd, 4318749.043, 140
Trd, 4318749.493, 140
Trd, 4318750.093, 140
Trd, 4318751.393, 138
Trd, 4318751.893, 130
Trd, 4318751.943, 106
Trd, 4318752.493, 140
Trd, 4318754.393, 140
Trd, 4318754.443, 140
Trd, 4318754.793, 140
Trd, 4318755.443, 140
Trd, 4318755.693, 139
Trd, 4318756.793, 140
Trd, 4318757.493, 140
Trd, 4318758.943, 140
Trd, 4318760.043, 140
Trd, 4318760.343, 140
Trd, 4318760.593, 140
Trd, 4318761.093, 140
Trd, 4318761.893, 140
Trd, 4318762.093, 140
Trd, 4318762.193, 138
Trd, 4318764.993, 140
Trd, 4318765.043, 140
Trd, 4318765.343, 140
Trd, 4318765.493, 140
Trd, 4318765.593, 139
Trd, 4318767.543, 140
Trd, 4318768.043, 140
Trd, 4318768.393, 140
Trd, 4318770.043, 140
Trd, 4318770.093, 138
Trd, 4318770.593, 139
Trd, 4318771.493, 140
Trd, 4318772.243, 140
Trd, 4318772.493, 140
Trd, 4318772.743, 140
Trd, 4318773.493, 138
Trd, 4318774.093, 68
Trd, 4318775.643, 140
Trd, 4318776.143, 140
Trd, 4318776.243, 90
Trd, 4318776.593, 139
Trd, 4318776.893, 63
Trd, 4318777.843, 139
Trd, 4318778.443, 103
Trd, 4318778.643, 137
Trd, 4318780.293, 140
Trd, 4318780.893, 140
Trd, 4318781.493, 140
Trd, 4318781.793, 140
Trd, 4318781.943, 140
Trd, 4318782.943, 138
Trd, 4318783.543, 113
Trd, 4318785.993, 140
Trd, 4318786.193, 140
Trd, 4318786.443, 140
Trd, 4318786.693, 140
Trd, 4318787.793, 140
Trd, 4318788.743, 140
Trd, 4318789.293, 140
Trd, 4318789.493, 140
Trd, 4318789.643, 137
Trd, 4318790.693, 139
Trd, 4318791.093, 139
Trd, 4318791.143, 136
Trd, 4318791.393, 61
Trd, 4318792.643, 138
Trd, 4318793.493, 67
Trd, 4318793.693, 68
Trd, 4318794.993, 65
Trd, 4318795.343, 61
Trd, 4318796.093, 65
Trd, 4318797.443, 60
Trd, 4318797.693, 61
Trd, 4318798.343, 61
Trd, 4318798.593, 62
Trd, 4318799.443, 64
Trd, 4318799.893, 65
Trd, 4318800.343, 65
Trd, 4318801.043, 64
Trd, 4318801.843, 140
Trd, 4318801.943, 139
Trd, 4318802.143, 135
Trd, 4318804.143, 61
Trd, 4318805.143, 64
Trd, 4318805.193, 65
Trd, 4318806.243, 140
Trd, 4318806.643, 140
Trd, 4318806.843, 140
Trd, 4318807.343, 140
Trd, 4318808.193, 140
Trd, 4318808.243, 140
Trd, 4318808.893, 140
Trd, 4318809.043, 140
Trd, 4318810.443, 62
Trd, 4318811.793, 140
Trd, 4318812.393, 140
Trd, 4318812.443, 140
Trd, 4318813.043, 140
Trd, 4318813.193, 140
Trd, 4318814.593, 140
Trd, 4318815.093, 140
Trd, 4318815.143, 140
Trd, 4318815.643, 140
Trd, 4318816.643, 101
Trd, 4318818.243, 140
Trd, 4318818.393, 140
Trd, 4318818.893, 140
Trd, 4318819.793, 135
Trd, 4318820.443, 139
Trd, 4318821.043, 80
Trd, 4318822.443, 140
Trd, 4318822.543, 138
Trd, 4318823.243, 140
Trd, 4318824.143, 140
Trd, 4318824.443, 140
Trd, 4318824.493, 138
Trd, 4318826.443, 140
Trd, 4318826.593, 140
Trd, 4318827.843, 140
Trd, 4318828.343, 140
Trd, 4318828.493, 140
Trd, 4318828.543, 138
Trd, 4318828.893, 129
Trd, 4318829.593, 140
Trd, 4318830.293, 140
Trd, 4318830.593, 140
Trd, 4318831.293, 140
Trd, 4318831.793, 140
Trd, 4318833.993, 140
Trd, 4318834.493, 140
Trd, 4318835.093, 138
Trd, 4318836.943, 140
Trd, 4318837.093, 124
Trd, 4318837.843, 127
Trd, 4318838.543, 62
Trd, 4318838.693, 82
Trd, 4318839.393, 140
Trd, 4318841.043, 63
Trd, 4318842.743, 60
Trd, 4318842.893, 104
Trd, 4318843.843, 122
Trd, 4318844.043, 140
Trd, 4318844.393, 60
Trd, 4318844.893, 63
Trd, 4318844.993, 66
Trd, 4318845.843, 127
Trd, 4318847.143, 68
Trd, 4318847.543, 61
Trd, 4318847.943, 62
Trd, 4318848.543, 61
Trd, 4318850.043, 140
Trd, 4318851.193, 140
Trd, 4318851.443, 139
Trd, 4318851.643, 139
Trd, 4318851.893, 138
Trd, 4318852.493, 140
Trd, 4318853.043, 140
Trd, 4318853.443, 140
Trd, 4318854.043, 140
Trd, 4318855.643, 140
Trd, 4318856.543, 140
Trd, 4318856.743, 140
Trd, 4318856.893, 140
Trd, 4318857.643, 107
Trd, 4318857.893, 136
Trd, 4318858.643, 139
Trd, 4318859.243, 140
Trd, 4318859.893, 139
Trd, 4318860.143, 139
Trd, 4318860.793, 138
Trd, 4318861.143, 105
Trd, 4318861.493, 127
Trd, 4318861.743, 128
Trd, 4318863.743, 68
Trd, 4318864.743, 61
Trd, 4318865.993, 60
Trd, 4318866.043, 60
Trd, 4318867.093, 60
Trd, 4318867.993, 60
Trd, 4318869.293, 60
Trd, 4318869.493, 60
Trd, 4318869.743, 60
Trd, 4318871.043, 60
Trd, 4318871.393, 60
Trd, 4318871.493, 60
Trd, 4318872.593, 67
Trd, 4318873.593, 70
Trd, 4318873.643, 66
Trd, 4318873.843, 137
Trd, 4318873.893, 64
Trd, 4318874.743, 61
Trd, 4318876.043, 140
Trd, 4318876.843, 140
Trd, 4318876.943, 139
Trd, 4318877.193, 138
Trd, 4318877.793, 116
Trd, 4318879.393, 140
Trd, 4318879.643, 139
Trd, 4318879.943, 112
Trd, 4318880.143, 140
Trd, 4318881.343, 63
Trd, 4318884.193, 60
Trd, 4318884.443, 61
Trd, 4318884.543, 62
Trd, 4318884.743, 62
Trd, 4318885.593, 64
Trd, 4318886.493, 61
Trd, 4318887.893, 60
Trd, 4318888.043, 61
Trd, 4318888.743, 66
Trd, 4318889.543, 67
Trd, 4318890.043, 62
Trd, 4318890.243, 123
Trd, 4318891.393, 61
Trd, 4318892.093, 60
Trd, 4318893.143, 60
Trd, 4318893.193, 71
Trd, 4318893.393, 139
Trd, 4318894.393, 62
Trd, 4318895.993, 60
Trd, 4318896.793, 134
Trd, 4318897.143, 140
Trd, 4318897.943, 140
Trd, 4318898.093, 140
Trd, 4318898.293, 139
Trd, 4318898.693, 63
Trd, 4318900.143, 75
Trd, 4318900.643, 99
Trd, 4318900.693, 122
Trd, 4318900.843, 98
Trd, 4318902.143, 61
Trd, 4318903.043, 66
Trd, 4318903.143, 66
Trd, 4318903.943, 60
Trd, 4318904.643, 60
Trd, 4318905.093, 60
Trd, 4318905.643, 65
Trd, 4318907.043, 60
Trd, 4318907.743, 82
Trd, 4318907.943, 77
Trd, 4318907.993, 75
Trd, 4318908.193, 140
Trd, 4318908.743, 140
Trd, 4318909.943, 64
Trd, 4318910.643, 65
Trd, 4318910.893, 140
Trd, 4318911.893, 138
Trd, 4318912.943, 140
Trd, 4318914.093, 139
Trd, 4318914.493, 140
Trd, 4318914.593, 140
Trd, 4318916.443, 110
Trd, 4318916.543, 109
Trd, 4318916.643, 136
Trd, 4318916.893, 109
Trd, 4318917.943, 109
Trd, 4318919.143, 137
Trd, 4318919.193, 137
Trd, 4318920.293, 136
Trd, 4318920.343, 135
Trd, 4318920.943, 140
Trd, 4318923.693, 140
Trd, 4318923.843, 140
Trd, 4318923.893, 140
Trd, 4318924.843, 140
Trd, 4318925.843, 140
Trd, 4318925.993, 139
Trd, 4318927.393, 140
Trd, 4318927.493, 140
Trd, 4318928.843, 140
Trd, 4318928.993, 140
Trd, 4318929.343, 140
Trd, 4318929.993, 140
Trd, 4318930.243, 139
Trd, 4318930.843, 83
Trd, 4318931.643, 63
Trd, 4318932.443, 67
Trd, 4318932.743, 68
Trd, 4318933.243, 139
Trd, 4318935.293, 60
Trd, 4318935.843, 60
Trd, 4318936.643, 60
Trd, 4318936.893, 61
Trd, 4318937.443, 66
Trd, 4318937.643, 118
Trd, 4318937.793, 66
Trd, 4318939.193, 61
Trd, 4318939.393, 60
Trd, 4318939.693, 63
Trd, 4318941.993, 60
Trd, 4318942.243, 60
Trd, 4318942.493, 62
Trd, 4318943.293, 65
Trd, 4318943.843, 67
Trd, 4318944.293, 140
Trd, 4318944.543, 64
Trd, 4318945.093, 66
Trd, 4318945.343, 99
Trd, 4318945.693, 138
Trd, 4318946.843, 140
Trd, 4318947.693, 140
Trd, 4318947.843, 139
Trd, 4318948.793, 140
Trd, 4318949.343, 140
Trd, 4318949.793, 140
Trd, 4318951.543, 140
Trd, 4318952.243, 139
Trd, 4318952.593, 103
Trd, 4318952.693, 68
Trd, 4318953.393, 140
Trd, 4318954.743, 140
Trd, 4318955.143, 140
Trd, 4318955.343, 67
Trd, 4318956.793, 140
Trd, 4318956.843, 140
Trd, 4318956.943, 137
Trd, 4318958.393, 140
Trd, 4318959.793, 140
Trd, 4318960.743, 140
Trd, 4318961.093, 140
Trd, 4318961.393, 139
Trd, 4318961.743, 107
Trd, 4318962.143, 129
Trd, 4318963.843, 140
Trd, 4318964.643, 140
Trd, 4318964.943, 140
Trd, 4318966.443, 140
Trd, 4318966.643, 140
Trd, 4318966.843, 140
Trd, 4318967.293, 140
Trd, 4318967.893, 140
Trd, 4318969.193, 140
Trd, 4318969.643, 140
Trd, 4318970.093, 140
Trd, 4318971.293, 140
Trd, 4318971.443, 140
Trd, 4318971.743, 140
Trd, 4318972.743, 140
Trd, 4318974.193, 140
Trd, 4318974.243, 140
Trd, 4318974.443, 140
Trd, 4318974.593, 113
Trd, 4318976.493, 140
Trd, 4318976.593, 140
Trd, 4318978.843, 140
Trd, 4318978.993, 140
Trd, 4318980.043, 140
Trd, 4318980.793, 140
Trd, 4318981.643, 139
Trd, 4318981.893, 140
Trd, 4318982.443, 139
Trd, 4318983.043, 140
Trd, 4318983.793, 62
Trd, 4318983.893, 104
Trd, 4318985.193, 138
Trd, 4318985.543, 137
Trd, 4318985.643, 117
Trd, 4318986.843, 140
Trd, 4318987.093, 139
Trd, 4318987.243, 102
Trd, 4318989.193, 140
Trd, 4318989.343, 140
Trd, 4318989.393, 113
Trd, 4318990.743, 140
Trd, 4318991.043, 140
Trd, 4318991.593, 139
Trd, 4318992.243, 139
Trd, 4318994.443, 140
Trd, 4318994.693, 140
Trd, 4318995.543, 140
Trd, 4318997.343, 140
Trd, 4318997.393, 140
Trd, 4318997.843, 140
Trd, 4318998.193, 140
Trd, 4318999.043, 140
Trd, 4318999.093, 140
Trd, 4319000.843, 139
Trd, 4319000.943, 139
Trd, 4319002.293, 140
Trd, 4319002.493, 140
Trd, 4319002.743, 140
Trd, 4319002.943, 140
Trd, 4319003.143, 137
Trd, 4319005.043, 140
Trd, 4319005.643, 139
Trd, 4319006.393, 140
Trd, 4319006.443, 139
Trd, 4319007.343, 140
Trd, 4319008.493, 140
Trd, 4319008.643, 140
Trd, 4319009.893, 131
Trd, 4319010.043, 130
Trd, 4319010.443, 102
Trd, 4319011.193, 140
Trd, 4319012.243, 140
Trd, 4319012.843, 139
Trd, 4319013.993, 140
Trd, 4319014.643, 137
Trd, 4319015.043, 98
Trd, 4319015.443, 138
Trd, 4319017.243, 140
Trd, 4319017.743, 140
Trd, 4319018.943, 138
Trd, 4319019.293, 75
Trd, 4319020.293, 105
Trd, 4319021.493, 60
Trd, 4319022.293, 60
Trd, 4319023.243, 60
Trd, 4319024.443, 60
Trd, 4319024.593, 70
Trd, 4319025.343, 61
Trd, 4319025.543, 135
Trd, 4319026.043, 95
Trd, 4319026.493, 63
Trd, 4319026.593, 60
Trd, 4319028.093, 86
Trd, 4319028.743, 68
Trd, 4319029.393, 86
Trd, 4319029.493, 69
Trd, 4319030.493, 140
Trd, 4319031.043, 140
Trd, 4319031.093, 140
Trd, 4319032.143, 140
Trd, 4319033.093, 138
Trd, 4319034.293, 137
Trd, 4319034.393, 136
Trd, 4319035.193, 137
Trd, 4319035.543, 140
Trd, 4319035.893, 102
Trd, 4319037.343, 61
Trd, 4319038.643, 140
Trd, 4319039.793, 140
Trd, 4319040.393, 140
Trd, 4319040.593, 139
Trd, 4319041.193, 139
Trd, 4319041.493, 140
Trd, 4319042.143, 67
Trd, 4319043.493, 67
Trd, 4319044.743, 139
Trd, 4319045.493, 134
Trd, 4319045.943, 140
Trd, 4319046.393, 140
Trd, 4319046.443, 140
Trd, 4319046.693, 140
Trd, 4319047.043, 108
Trd, 4319047.593, 107
Trd, 4319047.993, 116
Trd, 4319048.143, 139
Trd, 4319050.143, 140
Trd, 4319050.343, 139
Trd, 4319050.593, 73
Trd, 4319052.393, 64
Trd, 4319052.493, 72
Trd, 4319053.343, 60
Trd, 4319054.393, 63
Trd, 4319055.543, 65
Trd, 4319056.343, 61
Trd, 4319056.693, 60
Trd, 4319056.893, 65
Trd, 4319057.193, 77
Trd, 4319058.493, 67
Trd, 4319058.643, 60
Trd, 4319059.143, 140
Trd, 4319059.343, 140
Trd, 4319061.793, 140
Trd, 4319062.793, 140
Trd, 4319063.993, 137
Trd, 4319064.543, 140
Trd, 4319065.293, 140
Trd, 4319065.393, 140
Trd, 4319066.743, 140
Trd, 4319067.193, 140
Trd, 4319067.593, 140
Trd, 4319068.243, 140
Trd, 4319068.743, 140
Trd, 4319069.393, 139
Trd, 4319069.643, 136
Trd, 4319069.793, 140
Trd, 4319069.893, 109
Trd, 4319071.343, 61
Trd, 4319072.293, 69
Trd, 4319072.843, 70
Trd, 4319073.243, 67
Trd, 4319073.993, 65
Trd, 4319074.443, 69
Trd, 4319075.093, 70
Trd, 4319075.843, 65
Trd, 4319076.593, 62
Trd, 4319077.193, 63
Trd, 4319078.893, 60
Trd, 4319079.243, 60
Trd, 4319080.243, 140
Trd, 4319081.493, 140
Trd, 4319081.543, 140
Trd, 4319081.843, 140
Trd, 4319082.293, 140
Trd, 4319083.243, 140
Trd, 4319083.543, 140
Trd, 4319083.693, 87
Trd, 4319084.743, 140
Trd, 4319085.193, 138
Trd, 4319085.843, 118
Trd, 4319085.893, 119
Trd, 4319087.093, 63
Trd, 4319087.393, 64
Trd, 4319089.293, 60
Trd, 4319089.343, 62
Trd, 4319089.693, 63
Trd, 4319090.893, 65
Trd, 4319090.993, 66
Trd, 4319091.943, 63
Trd, 4319092.893, 60
Trd, 4319093.943, 68
Trd, 4319094.593, 63
Trd, 4319095.143, 79
Trd, 4319095.393, 110
Trd, 4319095.493, 63
Trd, 4319095.993, 140
Trd, 4319096.193, 139
Trd, 4319097.493, 140
Trd, 4319097.943, 140
Trd, 4319098.193, 140
Trd, 4319100.443, 140
Trd, 4319100.493, 140
Trd, 4319100.893, 140
Trd, 4319101.343, 140
Trd, 4319101.793, 140
Trd, 4319102.393, 137
Trd, 4319103.093, 115
Trd, 4319103.743, 103
Trd, 4319104.293, 139
Trd, 4319104.893, 139
Trd, 4319105.343, 139
Trd, 4319105.443, 92
Trd, 4319106.943, 76
Trd, 4319107.393, 92
Trd, 4319108.393, 97
Trd, 4319109.043, 74
Trd, 4319109.293, 62
Trd, 4319110.693, 140
Trd, 4319110.843, 140
Trd, 4319110.943, 63
Trd, 4319112.893, 65
Trd, 4319113.743, 60
Trd, 4319114.343, 60
Trd, 4319115.493, 64
Trd, 4319116.693, 60
Trd, 4319117.193, 61
Trd, 4319117.693, 61
Trd, 4319118.393, 64
Trd, 4319118.693, 64
Trd, 4319119.893, 60
Trd, 4319120.593, 60
Trd, 4319121.693, 61
Trd, 4319121.843, 60
Trd, 4319121.943, 64
Trd, 4319122.893, 60
Trd, 4319123.743, 62
Trd, 4319124.643, 60
Trd, 4319124.693, 72
Trd, 4319124.843, 109
Trd, 4319125.843, 118
Trd, 4319125.893, 120
Trd, 4319126.043, 87
Trd, 4319126.443, 139
Trd, 4319126.493, 82
Trd, 4319127.493, 62
Trd, 4319128.043, 140
Trd, 4319129.793, 60
Trd, 4319130.443, 62
Trd, 4319131.443, 65
Trd, 4319132.593, 60
Trd, 4319133.343, 61
Trd, 4319133.693, 61
Trd, 4319134.543, 65
Trd, 4319136.193, 63
Trd, 4319137.043, 60
Trd, 4319137.593, 63
Trd, 4319137.693, 66
Trd, 4319137.793, 60
Trd, 4319138.793, 60
Trd, 4319139.093, 61
Trd, 4319139.993, 67
Trd, 4319140.293, 136
Trd, 4319141.093, 60
Trd, 4319141.293, 140
Trd, 4319141.693, 69
Trd, 4319141.943, 140
Trd, 4319142.993, 70
Trd, 4319143.893, 140
Trd, 4319144.143, 104
Trd, 4319144.693, 67
Trd, 4319146.943, 140
Trd, 4319147.143, 140
Trd, 4319147.543, 138
Trd, 4319148.193, 137
Trd, 4319149.493, 140
Trd, 4319149.543, 140
Trd, 4319149.943, 140
Trd, 4319149.993, 140
Trd, 4319150.193, 108
Trd, 4319151.293, 65
Trd, 4319151.443, 114
Trd, 4319152.243, 140
Trd, 4319152.693, 113
Trd, 4319153.443, 140
Trd, 4319155.143, 60
Trd, 4319156.193, 67
Trd, 4319156.743, 60
Trd, 4319157.293, 61
Trd, 4319158.243, 61
Trd, 4319159.143, 140
Trd, 4319159.893, 140
Trd, 4319161.243, 140
Trd, 4319162.293, 140
Trd, 4319162.393, 138
Trd, 4319162.443, 137
Trd, 4319163.343, 140
Trd, 4319164.093, 140
Trd, 4319164.543, 140
Trd, 4319164.693, 140
Trd, 4319166.593, 140
Trd, 4319167.043, 139
Trd, 4319167.143, 106
Trd, 4319167.793, 62
Trd, 4319168.143, 137
Trd, 4319168.493, 65
Trd, 4319168.593, 104
Trd, 4319170.043, 136
Trd, 4319170.543, 66
Trd, 4319171.443, 63
Trd, 4319172.393, 140
Trd, 4319173.543, 140
Trd, 4319173.843, 140
Trd, 4319174.893, 140
Trd, 4319175.043, 140
Trd, 4319175.093, 140
Trd, 4319175.793, 139
Trd, 4319177.393, 139
Trd, 4319178.443, 109
Trd, 4319179.443, 139
Trd, 4319179.893, 139
Trd, 4319180.243, 137
Trd, 4319180.643, 140
Trd, 4319182.143, 140
Trd, 4319182.193, 140
Trd, 4319183.143, 140
Trd, 4319183.843, 140
Trd, 4319183.893, 139
Trd, 4319184.493, 140
Trd, 4319184.993, 140
Trd, 4319187.043, 140
Trd, 4319187.543, 140
Trd, 4319188.043, 140
Trd, 4319188.643, 140
Trd, 4319188.843, 117
Trd, 4319188.943, 73
Trd, 4319190.893, 140
Trd, 4319191.693, 140
Trd, 4319192.393, 140
Trd, 4319192.843, 140
Trd, 4319193.593, 140
Trd, 4319193.743, 138
Trd, 4319194.293, 100
Trd, 4319195.043, 62
Trd, 4319195.893, 64
Trd, 4319197.243, 60
Trd, 4319197.293, 64
Trd, 4319198.893, 61
Trd, 4319199.093, 62
Trd, 4319199.693, 77
Trd, 4319199.743, 79
Trd, 4319200.043, 81
Trd, 4319200.493, 61
Trd, 4319200.743, 121
Trd, 4319201.443, 65
Trd, 4319201.793, 138
Trd, 4319202.443, 60
Trd, 4319204.043, 61
Trd, 4319204.843, 60
Trd, 4319205.293, 71
Trd, 4319205.343, 74
Trd, 4319205.493, 79
Trd, 4319206.493, 129
Trd, 4319206.743, 127
Trd, 4319208.693, 140
Trd, 4319208.743, 139
Trd, 4319208.993, 137
Trd, 4319210.143, 64
Trd, 4319210.693, 63
Trd, 4319211.643, 140
Trd, 4319211.843, 140
Trd, 4319212.193, 140
Trd, 4319212.393, 140
Trd, 4319213.393, 64
Trd, 4319213.693, 72
Trd, 4319214.393, 139
Trd, 4319214.643, 139
Trd, 4319215.593, 140
Trd, 4319216.193, 140
Trd, 4319216.743, 61
Trd, 4319217.793, 140
Trd, 4319218.143, 140
Trd, 4319218.943, 140
Trd, 4319218.993, 140
Trd, 4319219.343, 120
Trd, 4319221.193, 139
Trd, 4319221.793, 140
Trd, 4319222.543, 140
Trd, 4319223.493, 139
Trd, 4319223.893, 139
Trd, 4319224.793, 139
Trd, 4319225.843, 140
Trd, 4319226.443, 140
Trd, 4319226.993, 140
Trd, 4319227.493, 139
Trd, 4319227.793, 138
Trd, 4319230.543, 140
Trd, 4319230.593, 140
Trd, 4319230.843, 140
Trd, 4319231.143, 138
Trd, 4319232.043, 140
Trd, 4319232.393, 140
Trd, 4319232.893, 140
Trd, 4319234.143, 140
Trd, 4319235.893, 140
Trd, 4319236.043, 140
Trd, 4319236.293, 140
Trd, 4319236.993, 140
Trd, 4319237.293, 140
Trd, 4319238.393, 140
Trd, 4319239.743, 140
Trd, 4319240.093, 126
Trd, 4319240.843, 127
Trd, 4319241.143, 105
Trd, 4319241.693, 96
Trd, 4319241.843, 109
Trd, 4319243.343, 98
Trd, 4319243.493, 97
Trd, 4319244.143, 106
Trd, 4319244.893, 140
Trd, 4319245.293, 94
Trd, 4319246.243, 140
Trd, 4319246.393, 139
Trd, 4319246.993, 61
Trd, 4319247.643, 136
Trd, 4319248.543, 140
Trd, 4319249.743, 140
Trd, 4319249.843, 140
Trd, 4319250.993, 140
Trd, 4319251.093, 140
Trd, 4319251.693, 137
Trd, 4319252.093, 114
Trd, 4319253.293, 140
Trd, 4319253.543, 140
Trd, 4319254.093, 140
Trd, 4319254.443, 137
Trd, 4319254.643, 65
Trd, 4319256.243, 140
Trd, 4319256.993, 140
Trd, 4319257.443, 139
Trd, 4319257.893, 139
Trd, 4319259.993, 140
Trd, 4319260.793, 140
Trd, 4319261.243, 140
Trd, 4319262.393, 140
Trd, 4319262.443, 140
Trd, 4319262.543, 139
Trd, 4319262.843, 140
Trd, 4319262.943, 99
Trd, 4319264.243, 60
Trd, 4319264.343, 62
Trd, 4319264.693, 62
Trd, 4319265.693, 63
Trd, 4319266.093, 62
Trd, 4319266.193, 72
Trd, 4319267.643, 140
Trd, 4319269.743, 140
Trd, 4319269.843, 140
Trd, 4319270.493, 140
Trd, 4319270.643, 114
Trd, 4319270.693, 90
Trd, 4319270.993, 139
Trd, 4319272.493, 140
Trd, 4319272.743, 139
Trd, 4319273.443, 125
Trd, 4319276.193, 140
Trd, 4319276.793, 140
Trd, 4319277.093, 140
Trd, 4319277.243, 138
Trd, 4319278.543, 140
Trd, 4319279.193, 140
Trd, 4319279.843, 140
Trd, 4319280.293, 139
Trd, 4319280.343, 115
Trd, 4319281.893, 134
Trd, 4319281.993, 140
Trd, 4319283.643, 60
Trd, 4319284.793, 60
Trd, 4319285.393, 61
Trd, 4319286.793, 61
Trd, 4319286.843, 63
Trd, 4319286.993, 62
Trd, 4319287.543, 63
Trd, 4319288.943, 140
Trd, 4319288.993, 140
Trd, 4319289.543, 74
Trd, 4319290.093, 65
Trd, 4319290.193, 62
Trd, 4319290.643, 140
Trd, 4319291.343, 140
Trd, 4319292.143, 139
Trd, 4319293.593, 140
Trd, 4319293.643, 140
Trd, 4319294.043, 140
Trd, 4319294.593, 139
Trd, 4319295.293, 126
Trd, 4319295.443, 87
Trd, 4319296.093, 140
Trd, 4319297.093, 140
Trd, 4319297.493, 140
Trd, 4319298.843, 140
Trd, 4319299.493, 60
Trd, 4319299.993, 140
Trd, 4319301.193, 140
Trd, 4319301.743, 140
Trd, 4319301.943, 139
Trd, 4319302.493, 140
Trd, 4319304.593, 140
Trd, 4319305.043, 140
Trd, 4319305.143, 103
Trd, 4319306.193, 140
Trd, 4319306.743, 140
Trd, 4319306.893, 139
Trd, 4319307.143, 140
Trd, 4319309.793, 140
Trd, 4319309.843, 140
Trd, 4319309.893, 140
Trd, 4319310.443, 140
Trd, 4319310.893, 99
Trd, 4319311.893, 61
Trd, 4319312.693, 61
Trd, 4319313.643, 60
Trd, 4319314.093, 60
Trd, 4319316.643, 60
Trd, 4319317.743, 61
Trd, 4319318.543, 61
Trd, 4319318.593, 64
Trd, 4319319.493, 60
Trd, 4319320.543, 60
Trd, 4319321.143, 61
Trd, 4319321.443, 65
Trd, 4319322.643, 61
Trd, 4319322.993, 64
Trd, 4319324.643, 61
Trd, 4319325.693, 61
Trd, 4319326.193, 61
Trd, 4319326.893, 63
Trd, 4319327.593, 60
Trd, 4319327.893, 65
Trd, 4319329.143, 60
Trd, 4319329.343, 61
Trd, 4319330.043, 138
Trd, 4319332.793, 140
Trd, 4319332.843, 140
Trd, 4319333.043, 137
Trd, 4319334.243, 140
Trd, 4319334.493, 140
Trd, 4319335.593, 140
Trd, 4319335.943, 139
Trd, 4319336.093, 140
Trd, 4319336.693, 107
Trd, 4319336.743, 106
Trd, 4319338.743, 140
Trd, 4319338.793, 140
Trd, 4319339.493, 140
Trd, 4319340.843, 140
Trd, 4319340.893, 139
Trd, 4319341.093, 140
Trd, 4319342.493, 105
Trd, 4319342.893, 140
Trd, 4319343.093, 139
Trd, 4319343.593, 140
Trd, 4319344.743, 113
Trd, 4319345.443, 140
Trd, 4319346.093, 139
Trd, 4319346.843, 140
Trd, 4319347.243, 140
Trd, 4319347.443, 140
Trd, 4319348.043, 140
Trd, 4319348.693, 127
Trd, 4319349.743, 68
Trd, 4319350.143, 140
Trd, 4319351.243, 139
Trd, 4319351.743, 101
Trd, 4319351.993, 140
Trd, 4319352.393, 95
Trd, 4319353.593, 138
Trd, 4319354.143, 99
Trd, 4319355.593, 140
Trd, 4319355.643, 140
Trd, 4319356.193, 140
Trd, 4319356.743, 140
Trd, 4319357.093, 140
Trd, 4319357.243, 140
Trd, 4319358.743, 128
Trd, 4319359.093, 140
Trd, 4319359.243, 140
Trd, 4319359.343, 117
Trd, 4319360.193, 140
Trd, 4319362.093, 140
Trd, 4319363.343, 138
Trd, 4319363.693, 137
Trd, 4319364.193, 139
Trd, 4319364.793, 140
Trd, 4319366.293, 140
Trd, 4319366.743, 140
Trd, 4319367.593, 140
Trd, 4319368.293, 97
Trd, 4319368.543, 140
Trd, 4319369.243, 109
Trd, 4319369.693, 60
Trd, 4319370.843, 61
Trd, 4319371.893, 60
Trd, 4319372.693, 60
Trd, 4319372.893, 60
Trd, 4319373.243, 61
Trd, 4319373.743, 140
Trd, 4319373.993, 63
Trd, 4319376.343, 63
Trd, 4319376.743, 62
Trd, 4319377.343, 108
Trd, 4319377.593, 60
Trd, 4319378.043, 137
Trd, 4319380.043, 138
Trd, 4319380.943, 139
Trd, 4319381.043, 138
Trd, 4319381.393, 140
Trd, 4319382.593, 140
Trd, 4319383.343, 140
Trd, 4319383.393, 136
Trd, 4319384.343, 140
Trd, 4319385.243, 140
Trd, 4319386.193, 136
Trd, 4319387.643, 140
Trd, 4319388.493, 140
Trd, 4319388.693, 139
Trd, 4319390.393, 140
Trd, 4319390.743, 140
Trd, 4319391.043, 140
Trd, 4319391.743, 140
Trd, 4319392.043, 140
Trd, 4319392.843, 140
Trd, 4319395.543, 140
Trd, 4319395.643, 140
Trd, 4319396.793, 140
Trd, 4319397.193, 140
Trd, 4319397.243, 139
Trd, 4319398.293, 140
Trd, 4319398.643, 140
Trd, 4319399.243, 139
Trd, 4319399.393, 140
Trd, 4319402.193, 140
Trd, 4319402.893, 140
Trd, 4319403.193, 140
Trd, 4319403.893, 140
Trd, 4319404.143, 140
Trd, 4319405.043, 140
Trd, 4319405.093, 139
Trd, 4319406.743, 91
Trd, 4319407.193, 93
Trd, 4319407.293, 91
Trd, 4319407.543, 76
Trd, 4319407.593, 101
Trd, 4319408.443, 64
Trd, 4319410.543, 60
Trd, 4319410.743, 60
Trd, 4319411.743, 60
Trd, 4319412.393, 63
Trd, 4319413.293, 60
Trd, 4319413.343, 132
Trd, 4319413.643, 138
Trd, 4319414.143, 62
Trd, 4319415.543, 140
Trd, 4319415.593, 140
Trd, 4319415.843, 140
Trd, 4319416.293, 140
Trd, 4319416.743, 106
Trd, 4319417.893, 63
Trd, 4319418.543, 64
Trd, 4319418.893, 74
Trd, 4319420.343, 61
Trd, 4319420.943, 78
Trd, 4319421.443, 62
Trd, 4319422.043, 74
Trd, 4319422.093, 114
Trd, 4319422.993, 61
Trd, 4319423.993, 65
Trd, 4319424.593, 140
Trd, 4319424.893, 60
Trd, 4319425.843, 139
Trd, 4319426.293, 60
Trd, 4319426.693, 60
Trd, 4319427.743, 100
Trd, 4319428.193, 140
Trd, 4319428.493, 63
Trd, 4319429.943, 77
Trd, 4319430.943, 64
Trd, 4319431.843, 65
Trd, 4319432.193, 70
Trd, 4319434.193, 62
Trd, 4319434.293, 64
Trd, 4319434.743, 60
Trd, 4319436.843, 65
Trd, 4319437.193, 65
Trd, 4319437.243, 64
Trd, 4319437.993, 67
Trd, 4319438.093, 123
Trd, 4319438.643, 65
Trd, 4319439.493, 140
Trd, 4319439.893, 138
Trd, 4319440.443, 65
Trd, 4319441.343, 63
Trd, 4319441.593, 101
Trd, 4319442.993, 68
Trd, 4319443.143, 63
Trd, 4319443.193, 61
Trd, 4319444.043, 124
Trd, 4319444.893, 140
Trd, 4319445.993, 140
Trd, 4319447.543, 140
Trd, 4319447.643, 140
Trd, 4319448.243, 139
Trd, 4319449.043, 138
Trd, 4319449.893, 140
Trd, 4319450.593, 140
Trd, 4319450.943, 140
Trd, 4319451.943, 140
Trd, 4319452.593, 140
Trd, 4319453.243, 140
Trd, 4319453.893, 140
Trd, 4319455.393, 140
Trd, 4319456.143, 140
Trd, 4319456.193, 140
Trd, 4319457.193, 140
Trd, 4319457.343, 87
Trd, 4319458.893, 60
Trd, 4319459.343, 60
Trd, 4319459.693, 62
Trd, 4319459.893, 140
Trd, 4319460.843, 60
Trd, 4319462.593, 68
Trd, 4319463.143, 114
Trd, 4319463.593, 140
Trd, 4319463.693, 140
Trd, 4319465.243, 140
Trd, 4319466.793, 140
Trd, 4319466.943, 140
Trd, 4319467.543, 140
Trd, 4319469.393, 140
Trd, 4319469.543, 140
Trd, 4319471.193, 140
Trd, 4319472.143, 140
Trd, 4319472.343, 139
Trd, 4319472.943, 140
Trd, 4319473.443, 137
Trd, 4319474.143, 140
Trd, 4319474.393, 139
Trd, 4319477.793, 140
Trd, 4319477.893, 140
Trd, 4319477.943, 140
Trd, 4319478.193, 140
Trd, 4319478.893, 139
Trd, 4319479.243, 100
Trd, 4319480.493, 140
Trd, 4319480.843, 140
Trd, 4319481.443, 140
Trd, 4319481.593, 140
Trd, 4319481.693, 93
Trd, 4319483.243, 140
Trd, 4319483.643, 140
Trd, 4319483.793, 140
Trd, 4319484.193, 103
Trd, 4319485.343, 139
Trd, 4319486.493, 140
Trd, 4319487.293, 139
Trd, 4319487.643, 140
Trd, 4319488.943, 140
Trd, 4319489.843, 140
Trd, 4319489.993, 140
Trd, 4319490.243, 140
Trd, 4319490.643, 140
Trd, 4319491.443, 140
Trd, 4319492.593, 93
Trd, 4319493.493, 110
Trd, 4319493.593, 109
Trd, 4319493.793, 89
Trd, 4319494.243, 140
Trd, 4319494.293, 140
Trd, 4319495.643, 140
Trd, 4319495.843, 139
Trd, 4319496.543, 139
Trd, 4319497.593, 135
Trd, 4319497.893, 137
Trd, 4319499.393, 139
Trd, 4319500.793, 140
Trd, 4319500.893, 140
Trd, 4319501.343, 140
Trd, 4319501.443, 139
Trd, 4319501.593, 133
Trd, 4319504.243, 140
Trd, 4319505.343, 140
Trd, 4319505.493, 140
Trd, 4319505.693, 139
Trd, 4319505.843, 138
Trd, 4319506.443, 140
Trd, 4319507.543, 140
Trd, 4319508.093, 102
Trd, 4319508.543, 118
Trd, 4319508.893, 136
Trd, 4319509.293, 120
Trd, 4319510.693, 126
Trd, 4319511.993, 140
Trd, 4319512.293, 138
Trd, 4319512.443, 109
Trd, 4319513.593, 140
Trd, 4319514.943, 68
Trd, 4319515.193, 61
Trd, 4319515.343, 140
Trd, 4319517.243, 140
Trd, 4319517.893, 140
Trd, 4319518.193, 140
Trd, 4319518.643, 140
Trd, 4319518.793, 138
Trd, 4319519.843, 140
Trd, 4319520.143, 138
Trd, 4319520.343, 98
Trd, 4319521.793, 140
Trd, 4319522.293, 140
Trd, 4319522.993, 139
Trd, 4319523.493, 97
Trd, 4319524.443, 60
Trd, 4319526.493, 60
Trd, 4319526.843, 67
Trd, 4319527.993, 63
Trd, 4319528.293, 65
Trd, 4319529.593, 63
Trd, 4319530.643, 65
Trd, 4319530.693, 87
Trd, 4319530.743, 113
Trd, 4319531.643, 69
Trd, 4319531.793, 64
Trd, 4319532.393, 60
Trd, 4319532.643, 60
Trd, 4319534.843, 62
Trd, 4319534.893, 65
Trd, 4319536.343, 63
Trd, 4319536.643, 63
Trd, 4319536.693, 63
Trd, 4319537.293, 67
Trd, 4319537.593, 77
Trd, 4319538.193, 63
Trd, 4319538.393, 140
Trd, 4319539.043, 65
Trd, 4319541.243, 140
Trd, 4319541.393, 138
Trd, 4319541.593, 139
Trd, 4319542.443, 139
Trd, 4319542.593, 103
Trd, 4319544.143, 65
Trd, 4319544.193, 64
Trd, 4319544.243, 63
Trd, 4319544.343, 65
Trd, 4319544.793, 64
Trd, 4319545.743, 139
Trd, 4319546.443, 62
Trd, 4319547.143, 70
Trd, 4319548.693, 90
Trd, 4319549.543, 140
Trd, 4319549.893, 140
Trd, 4319549.993, 140
Trd, 4319550.493, 137
Trd, 4319551.143, 62
Trd, 4319551.343, 68
Trd, 4319552.043, 62
Trd, 4319552.743, 64
Trd, 4319553.143, 63
Trd, 4319554.993, 67
Trd, 4319555.143, 80
Trd, 4319556.143, 61
Trd, 4319556.643, 74
Trd, 4319557.293, 100
Trd, 4319557.693, 99
Trd, 4319558.543, 140
Trd, 4319559.993, 140
Trd, 4319561.043, 140
Trd, 4319561.193, 140
Trd, 4319561.243, 140
Trd, 4319561.893, 140
Trd, 4319564.943, 140
Trd, 4319564.993, 140
Trd, 4319565.343, 140
Trd, 4319565.393, 139
Trd, 4319566.643, 140
Trd, 4319566.743, 140
Trd, 4319567.043, 137
Trd, 4319568.043, 80
Trd, 4319568.193, 79
Trd, 4319569.293, 140
Trd, 4319569.593, 139
Trd, 4319570.693, 140
Trd, 4319570.843, 139
Trd, 4319572.043, 139
Trd, 4319573.393, 140
Trd, 4319573.643, 140
Trd, 4319573.693, 138
Trd, 4319574.293, 132
Trd, 4319575.093, 140
Trd, 4319575.293, 140
Trd, 4319575.893, 87
Trd, 4319577.043, 89
Trd, 4319577.093, 66
Trd, 4319577.393, 140
Trd, 4319577.543, 62
Trd, 4319577.943, 66
Trd, 4319579.843, 140
Trd, 4319580.243, 140
Trd, 4319580.893, 109
Trd, 4319582.793, 140
Trd, 4319582.843, 140
Trd, 4319582.993, 140
Trd, 4319583.143, 138
Trd, 4319584.093, 104
Trd, 4319584.793, 103
Trd, 4319584.843, 102
Trd, 4319586.393, 138
Trd, 4319586.893, 140
Trd, 4319587.243, 140
Trd, 4319588.093, 69
Trd, 4319588.243, 70
Trd, 4319588.643, 103
Trd, 4319589.043, 61
Trd, 4319590.043, 61
Trd, 4319590.643, 64
Trd, 4319592.443, 63
Trd, 4319592.893, 65
Trd, 4319593.093, 65
Trd, 4319593.843, 62
Trd, 4319594.793, 64
Trd, 4319594.993, 65
Trd, 4319595.093, 66
Trd, 4319595.693, 63
Trd, 4319595.793, 80
Trd, 4319598.193, 60
Trd, 4319598.243, 64
Trd, 4319598.343, 65
Trd, 4319599.793, 64
Trd, 4319599.893, 61
Trd, 4319601.543, 67
Trd, 4319601.593, 98
Trd, 4319602.293, 62
Trd, 4319602.443, 113
Trd, 4319602.793, 62
Trd, 4319603.193, 67
Trd, 4319603.743, 140
Trd, 4319604.293, 139
Trd, 4319604.493, 139
Trd, 4319604.893, 93
Trd, 4319606.543, 66
Trd, 4319607.193, 60
Trd, 4319607.393, 81
Trd, 4319608.643, 133
Trd, 4319609.193, 102
Trd, 4319609.593, 75
Trd, 4319611.343, 60
Trd, 4319611.443, 74
Trd, 4319612.843, 60
Trd, 4319613.193, 61
Trd, 4319613.293, 63
Trd, 4319613.793, 129
Trd, 4319615.543, 61
Trd, 4319616.893, 62
Trd, 4319616.943, 65
Trd, 4319617.293, 62
Trd, 4319618.393, 139
Trd, 4319618.643, 138
Trd, 4319618.693, 137
Trd, 4319619.243, 140
Trd, 4319620.993, 140
Trd, 4319621.643, 140
Trd, 4319621.943, 140
Trd, 4319622.843, 140
Trd, 4319623.193, 140
Trd, 4319624.643, 140
Trd, 4319625.443, 140
Trd, 4319625.693, 140
Trd, 4319625.793, 136
Trd, 4319626.193, 104
Trd, 4319626.443, 102
Trd, 4319626.843, 136
Trd, 4319628.443, 140
Trd, 4319629.193, 140
Trd, 4319630.343, 140
Trd, 4319630.543, 139
Trd, 4319630.643, 138
Trd, 4319630.793, 113
Trd, 4319631.643, 65
Trd, 4319632.893, 60
Trd, 4319633.243, 61
Trd, 4319633.893, 70
Trd, 4319633.993, 69
Trd, 4319635.143, 65
Trd, 4319635.793, 66
Trd, 4319636.543, 65
Trd, 4319637.143, 66
Trd, 4319637.693, 139
Trd, 4319639.143, 64
Trd, 4319639.643, 62
Trd, 4319639.793, 67
Trd, 4319640.393, 60
Trd, 4319641.793, 70
Trd, 4319643.043, 140
Trd, 4319643.243, 140
Trd, 4319643.493, 140
Trd, 4319643.693, 140
Trd, 4319643.993, 140
Trd, 4319645.043, 140
Trd, 4319646.043, 140
Trd, 4319646.143, 140
Trd, 4319646.993, 140
Trd, 4319647.143, 140
Trd, 4319647.193, 140
Trd, 4319647.543, 140
Trd, 4319649.393, 140
Trd, 4319649.443, 140
Trd, 4319651.543, 140
Trd, 4319652.493, 140
Trd, 4319653.493, 140
Trd, 4319654.443, 140
Trd, 4319655.093, 140
Trd, 4319655.143, 140
Trd, 4319655.793, 140
Trd, 4319657.243, 140
Trd, 4319658.093, 140
Trd, 4319658.193, 109
Trd, 4319658.543, 108
Trd, 4319658.943, 140
Trd, 4319659.143, 135
Trd, 4319659.693, 140
Trd, 4319659.743, 107
Trd, 4319661.193, 60
Trd, 4319661.793, 60
Trd, 4319661.993, 64
Trd, 4319663.293, 63
Trd, 4319664.243, 60
Trd, 4319664.343, 61
Trd, 4319664.843, 64
Trd, 4319666.193, 103
Trd, 4319666.343, 103
Trd, 4319666.993, 139
Trd, 4319667.743, 101
Trd, 4319667.943, 100
Trd, 4319670.243, 140
Trd, 4319670.393, 140
Trd, 4319670.543, 140
Trd, 4319670.643, 137
Trd, 4319671.193, 68
Trd, 4319672.993, 88
Trd, 4319673.243, 67
Trd, 4319673.343, 67
Trd, 4319674.293, 89
Trd, 4319675.043, 63
Trd, 4319676.193, 140
Trd, 4319676.543, 140
Trd, 4319676.843, 140
Trd, 4319677.593, 140
Trd, 4319678.393, 140
Trd, 4319678.643, 140
Trd, 4319679.143, 61
Trd, 4319679.593, 61
Trd, 4319679.843, 66
Trd, 4319680.093, 67
Trd, 4319680.493, 60
Trd, 4319683.143, 63
Trd, 4319683.193, 63
Trd, 4319683.743, 63
Trd, 4319684.143, 79
Trd, 4319684.243, 81
Trd, 4319684.993, 61
Trd, 4319685.693, 82
Trd, 4319687.443, 60
Trd, 4319687.843, 62
Trd, 4319688.193, 62
Trd, 4319688.543, 61
Trd, 4319688.643, 60
Trd, 4319688.693, 63
Trd, 4319689.193, 140
Trd, 4319690.343, 140
Trd, 4319690.443, 139
Trd, 4319690.743, 135
Trd, 4319692.043, 61
Trd, 4319693.093, 61
Trd, 4319694.443, 62
Trd, 4319695.693, 65
Trd, 4319695.793, 75
Trd, 4319696.893, 62
Trd, 4319697.043, 62
Trd, 4319697.393, 63
Trd, 4319698.193, 69
Trd, 4319698.443, 73
Trd, 4319698.693, 71
Trd, 4319700.643, 61
Trd, 4319700.743, 72
Trd, 4319701.943, 72
Trd, 4319703.043, 64
Trd, 4319704.893, 62
Trd, 4319705.293, 63
Trd, 4319705.843, 64
Trd, 4319705.893, 71
Trd, 4319707.043, 140
Trd, 4319707.543, 140
Trd, 4319708.293, 140
Trd, 4319708.993, 140
Trd, 4319709.543, 140
Trd, 4319709.593, 140
Trd, 4319710.143, 103
Trd, 4319710.193, 83
Trd, 4319710.843, 138
Trd, 4319711.843, 140
Trd, 4319712.443, 60
Trd, 4319712.643, 71
Trd, 4319713.843, 139
Trd, 4319714.743, 140
Trd, 4319715.793, 140
Trd, 4319716.143, 140
Trd, 4319717.343, 140
Trd, 4319718.343, 140
Trd, 4319718.493, 140
Trd, 4319719.143, 139
Trd, 4319719.843, 140
Trd, 4319720.893, 140
Trd, 4319721.143, 135
Trd, 4319722.243, 140
Trd, 4319723.243, 140
Trd, 4319723.343, 138
Trd, 4319724.443, 116
Trd, 4319724.593, 115
Trd, 4319724.693, 112
Trd, 4319725.493, 139
Trd, 4319726.043, 111
Trd, 4319726.193, 74
Trd, 4319726.993, 140
Trd, 4319727.543, 140
Trd, 4319728.293, 138
Trd, 4319728.793, 138
Trd, 4319729.793, 140
Trd, 4319730.293, 140
Trd, 4319731.443, 140
Trd, 4319731.793, 139
Trd, 4319732.293, 139
Trd, 4319732.993, 136
Trd, 4319733.993, 137
Trd, 4319734.893, 140
Trd, 4319735.543, 139
Trd, 4319736.243, 139
Trd, 4319736.543, 103
Trd, 4319737.493, 140
Trd, 4319737.593, 140
Trd, 4319737.943, 140
Trd, 4319738.593, 98
Trd, 4319739.243, 140
Trd, 4319739.443, 140
Trd, 4319740.343, 140
Trd, 4319740.593, 140
Trd, 4319741.943, 140
Trd, 4319742.593, 140
Trd, 4319743.093, 139
Trd, 4319744.343, 139
Trd, 4319744.393, 138
Trd, 4319744.793, 69
Trd, 4319745.543, 62
Trd, 4319747.043, 65
Trd, 4319747.693, 66
Trd, 4319747.993, 140
Trd, 4319750.093, 60
Trd, 4319750.993, 64
Trd, 4319751.043, 72
Trd, 4319751.793, 60
Trd, 4319753.193, 65
Trd, 4319753.893, 60
Trd, 4319754.243, 62
Trd, 4319755.443, 60
Trd, 4319755.643, 60
Trd, 4319755.793, 63
Trd, 4319756.793, 63
Trd, 4319757.893, 63
Trd, 4319758.643, 61
Trd, 4319758.693, 61
Trd, 4319758.943, 66
Trd, 4319760.043, 67
Trd, 4319760.493, 62
Trd, 4319760.793, 66
Trd, 4319761.443, 60
Trd, 4319761.743, 96
Trd, 4319762.043, 139
Trd, 4319762.593, 63
Trd, 4319763.093, 139
Trd, 4319763.493, 140
Trd, 4319765.893, 123
Trd, 4319766.043, 122
Trd, 4319766.293, 120
Trd, 4319766.993, 140
Trd, 4319768.093, 140
Trd, 4319770.093, 140
Trd, 4319770.143, 140
Trd, 4319770.493, 140
Trd, 4319771.093, 140
Trd, 4319771.393, 140
Trd, 4319771.743, 136
Trd, 4319772.893, 63
Trd, 4319773.393, 61
Trd, 4319773.643, 60
Trd, 4319773.793, 61
Trd, 4319774.943, 64
Trd, 4319775.893, 97
Trd, 4319776.293, 139
Trd, 4319777.193, 134
Trd, 4319777.293, 113
Trd, 4319777.443, 97
Trd, 4319778.443, 140
Trd, 4319779.243, 139
Trd, 4319781.793, 140
Trd, 4319782.143, 140
Trd, 4319782.293, 140
Trd, 4319782.443, 140
Trd, 4319783.393, 120
Trd, 4319784.043, 140
Trd, 4319784.543, 138
Trd, 4319785.293, 140
Trd, 4319785.443, 138
Trd, 4319785.793, 108
Trd, 4319786.293, 106
Trd, 4319787.043, 60
Trd, 4319787.243, 107
Trd, 4319788.343, 139
Trd, 4319789.443, 140
Trd, 4319790.243, 140
Trd, 4319790.293, 139
Trd, 4319790.793, 137
Trd, 4319791.643, 140
Trd, 4319793.693, 140
Trd, 4319793.943, 140
Trd, 4319794.293, 140
Trd, 4319794.843, 140
Trd, 4319795.243, 140
Trd, 4319796.843, 140
Trd, 4319796.993, 140
Trd, 4319797.243, 126
Trd, 4319798.043, 125
Trd, 4319799.343, 140
Trd, 4319799.443, 139
Trd, 4319800.143, 140
Trd, 4319801.543, 139
Trd, 4319801.843, 139
Trd, 4319803.143, 140
Trd, 4319803.693, 139
Trd, 4319804.943, 140
Trd, 4319806.243, 140
Trd, 4319806.743, 140
Trd, 4319806.793, 139
Trd, 4319807.293, 136
Trd, 4319809.393, 140
Trd, 4319809.493, 140
Trd, 4319809.793, 140
Trd, 4319809.943, 111
Trd, 4319810.543, 100
Trd, 4319811.143, 73
Trd, 4319812.243, 138
Trd, 4319812.293, 113
Trd, 4319813.993, 140
Trd, 4319814.193, 140
Trd, 4319815.443, 140
Trd, 4319815.543, 139
Trd, 4319815.793, 140
Trd, 4319816.743, 139
Trd, 4319817.193, 137
Trd, 4319817.593, 140
Trd, 4319818.743, 140
Trd, 4319819.493, 112
Trd, 4319820.343, 118
Trd, 4319820.543, 139
Trd, 4319821.043, 139
Trd, 4319821.293, 139
Trd, 4319822.043, 140
Trd, 4319822.793, 100
Trd, 4319824.193, 140
Trd, 4319825.093, 140
Trd, 4319825.193, 140
Trd, 4319826.643, 140
Trd, 4319826.843, 140
Trd, 4319827.093, 140
Trd, 4319827.593, 140
Trd, 4319828.343, 111
Trd, 4319829.443, 140
Trd, 4319830.093, 140
Trd, 4319830.793, 140
Trd, 4319831.043, 140
Trd, 4319832.793, 140
Trd, 4319832.943, 140
Trd, 4319833.643, 140
Trd, 4319833.893, 140
Trd, 4319835.093, 140
Trd, 4319835.743, 139
Trd, 4319836.143, 140
Trd, 4319837.593, 140
Trd, 4319838.043, 140
Trd, 4319838.143, 140
Trd, 4319838.893, 105
Trd, 4319839.343, 139
Trd, 4319840.893, 139
Trd, 4319841.893, 140
Trd, 4319842.893, 140
Trd, 4319843.443, 140
Trd, 4319843.493, 140
Trd, 4319843.793, 139
Trd, 4319845.443, 140
Trd, 4319845.793, 139
Trd, 4319846.393, 133
Trd, 4319846.743, 114
Trd, 4319847.643, 116
Trd, 4319848.593, 140
Trd, 4319849.043, 139
Trd, 4319849.793, 60
Trd, 4319850.043, 69
Trd, 4319852.643, 62
Trd, 4319852.943, 61
Trd, 4319853.193, 62
Trd, 4319854.493, 63
Trd, 4319855.293, 61
Trd, 4319855.493, 68
Trd, 4319855.643, 137
Trd, 4319856.143, 60
Trd, 4319856.843, 66
Trd, 4319858.643, 140
Trd, 4319858.743, 139
Trd, 4319859.193, 140
Trd, 4319860.093, 115
Trd, 4319861.493, 130
Trd, 4319861.943, 65
Trd, 4319862.293, 63
Trd, 4319863.293, 67
Trd, 4319863.593, 81
Trd, 4319864.943, 60
Trd, 4319865.143, 60
Trd, 4319865.243, 64
Trd, 4319867.093, 122
Trd, 4319867.793, 140
Trd, 4319867.843, 139
Trd, 4319868.243, 106
Trd, 4319868.393, 105
Trd, 4319869.993, 140
Trd, 4319870.793, 61
Trd, 4319871.493, 70
Trd, 4319872.293, 66
Trd, 4319872.793, 140
Trd, 4319873.043, 70
Trd, 4319874.193, 64
Trd, 4319875.243, 61
Trd, 4319875.293, 62
Trd, 4319875.693, 62
Trd, 4319875.743, 64
Trd, 4319876.343, 61
Trd, 4319877.143, 140
Trd, 4319878.743, 140
Trd, 4319880.143, 140
Trd, 4319880.243, 140
Trd, 4319880.593, 140
Trd, 4319880.993, 140
Trd, 4319882.043, 140
Trd, 4319883.293, 140
Trd, 4319883.443, 140
Trd, 4319883.493, 140
Trd, 4319884.043, 139
Trd, 4319884.243, 135
Trd, 4319886.393, 140
Trd, 4319886.743, 140
Trd, 4319887.043, 140
Trd, 4319888.093, 138
Trd, 4319888.893, 140
Trd, 4319888.943, 139
Trd, 4319889.043, 138
Trd, 4319890.193, 62
Trd, 4319891.643, 60
Trd, 4319892.143, 140
Trd, 4319893.143, 139
Trd, 4319893.543, 139
Trd, 4319893.793, 140
Trd, 4319894.643, 140
Trd, 4319895.693, 140
Trd, 4319896.493, 139
Trd, 4319897.543, 139
Trd, 4319898.593, 140
Trd, 4319898.743, 140
Trd, 4319899.493, 140
Trd, 4319899.643, 140
Trd, 4319899.693, 140
Trd, 4319900.193, 140
Trd, 4319901.293, 140
Trd, 4319901.543, 74
Trd, 4319902.493, 139
Trd, 4319903.343, 140
Trd, 4319904.743, 140
Trd, 4319904.843, 140
Trd, 4319905.493, 140
Trd, 4319907.143, 140
Trd, 4319907.493, 140
Trd, 4319908.393, 140
Trd, 4319908.493, 140
Trd, 4319908.943, 139
Trd, 4319910.543, 138
Trd, 4319910.993, 78
Trd, 4319911.293, 62
Trd, 4319911.893, 84
Trd, 4319913.543, 140
Trd, 4319914.243, 140
Trd, 4319914.743, 140
Trd, 4319914.793, 140
Trd, 4319915.543, 140
Trd, 4319916.643, 140
Trd, 4319916.693, 140
Trd, 4319917.093, 140
Trd, 4319917.543, 76
Trd, 4319917.993, 65
Trd, 4319918.193, 64
Trd, 4319919.043, 137
Trd, 4319919.793, 138
Trd, 4319920.393, 140
Trd, 4319921.693, 139
Trd, 4319922.793, 140
Trd, 4319923.243, 139
Trd, 4319923.443, 133
Trd, 4319925.743, 140
Trd, 4319925.893, 140
Trd, 4319926.943, 140
Trd, 4319927.043, 139
Trd, 4319927.543, 139
Trd, 4319927.693, 139
Trd, 4319927.843, 118
Trd, 4319929.243, 140
Trd, 4319929.293, 140
Trd, 4319929.493, 140
Trd, 4319929.843, 105
Trd, 4319930.393, 140
Trd, 4319930.893, 140
Trd, 4319931.593, 60
Trd, 4319932.643, 70
Trd, 4319933.993, 60
Trd, 4319934.493, 61
Trd, 4319935.043, 63
Trd, 4319936.043, 61
Trd, 4319936.143, 68
Trd, 4319937.793, 104
Trd, 4319938.093, 139
Trd, 4319939.743, 140
Trd, 4319939.993, 140
Trd, 4319940.393, 140
Trd, 4319941.043, 121
Trd, 4319941.743, 127
Trd, 4319942.443, 108
Trd, 4319942.643, 105
Trd, 4319942.743, 66
Trd, 4319944.693, 61
Trd, 4319944.843, 62
Trd, 4319945.943, 62
Trd, 4319946.943, 139
Trd, 4319947.593, 140
Trd, 4319948.743, 140
Trd, 4319948.843, 140
Trd, 4319949.393, 138
Trd, 4319950.593, 96
Trd, 4319951.793, 113
Trd, 4319952.293, 106
Trd, 4319953.593, 140
Trd, 4319953.793, 139
Trd, 4319953.943, 139
Trd, 4319954.843, 140
Trd, 4319955.543, 140
Trd, 4319955.643, 140
Trd, 4319956.693, 138
Trd, 4319956.893, 140
Trd, 4319957.493, 140
Trd, 4319958.193, 106
Trd, 4319958.343, 116
Trd, 4319958.643, 83
Trd, 4319958.693, 82
Trd, 4319960.393, 140
Trd, 4319960.743, 140
Trd, 4319961.193, 139
Trd, 4319962.643, 140
Trd, 4319964.193, 140
Trd, 4319964.493, 140
Trd, 4319965.043, 140
Trd, 4319966.493, 140
Trd, 4319967.593, 140
Trd, 4319968.943, 140
Trd, 4319969.043, 140
Trd, 4319969.093, 140
Trd, 4319969.193, 139
Trd, 4319969.543, 140
Trd, 4319970.243, 139
Trd, 4319970.893, 81
Trd, 4319972.493, 60
Trd, 4319972.643, 61
Trd, 4319972.993, 60
Trd, 4319973.643, 138
Trd, 4319973.893, 84
Trd, 4319974.193, 136
Trd, 4319974.493, 139
Trd, 4319974.793, 111
Trd, 4319975.643, 140
Trd, 4319976.893, 140
Trd, 4319977.243, 140
Trd, 4319977.543, 140
Trd, 4319978.443, 65
Trd, 4319980.193, 61
Trd, 4319980.293, 63
Trd, 4319982.043, 77
Trd, 4319982.593, 71
Trd, 4319982.893, 62
Trd, 4319983.293, 67
Trd, 4319983.643, 103
Trd, 4319983.743, 104
Trd, 4319984.293, 61
Trd, 4319985.393, 69
Trd, 4319986.143, 66
Trd, 4319986.443, 73
Trd, 4319988.643, 140
Trd, 4319990.343, 140
Trd, 4319990.393, 140
Trd, 4319990.743, 140
Trd, 4319990.843, 139
Trd, 4319991.143, 136
Trd, 4319992.143, 140
Trd, 4319992.393, 139
Trd, 4319992.643, 137
Trd, 4319992.793, 103
Trd, 4319993.543, 140
Trd, 4319994.843, 140
Trd, 4319995.843, 140
Trd, 4319996.043, 137
Trd, 4319997.243, 140
Trd, 4319997.543, 139
Trd, 4319997.893, 138
Trd, 4319998.143, 135
Trd, 4319999.593, 140
