Trd, 4318149.093, 121
Trd, 4318149.143, 119
Trd, 4318149.493, 107
Trd, 4318150.743, 137
Trd, 4318151.693, 61
Trd, 4318151.893, 64
Trd, 4318153.693, 140
Trd, 4318153.943, 140
Trd, 4318153.993, 140
Trd, 4318154.493, 139
Trd, 4318154.593, 123
Trd, 4318155.043, 89
Trd, 4318155.243, 69
Trd, 4318155.293, 98
Trd, 4318156.293, 111
Trd, 4318157.443, 94
Trd, 4318158.393, 134
Trd, 4318159.193, 115
Trd, 4318161.593, 131
Trd, 4318162.493, 97
Trd, 4318162.843, 115
Trd, 4318163.043, 118
Trd, 4318164.343, 97
Trd, 4318164.643, 83
Trd, 4318165.593, 139
Trd, 4318166.193, 140
Trd, 4318167.143, 140
Trd, 4318167.543, 125
Trd, 4318168.343, 121
Trd, 4318168.843, 99
Trd, 4318169.043, 89
Trd, 4318169.493, 135
Trd, 4318170.843, 82
Trd, 4318171.443, 88
Trd, 4318171.693, 109
Trd, 4318173.193, 119
Trd, 4318173.293, 109
Trd, 4318174.193, 111
Trd, 4318174.393, 94
Trd, 4318174.793, 93
Trd, 4318176.393, 63
Trd, 4318177.293, 70
Trd, 4318177.793, 138
Trd, 4318177.993, 140
Trd, 4318178.193, 138
Trd, 4318178.293, 103
Trd, 4318179.293, 140
Trd, 4318179.993, 77
Trd, 4318180.943, 130
Trd, 4318182.243, 135
Trd, 4318182.793, 140
Trd, 4318183.193, 140
Trd, 4318184.943, 140
Trd, 4318185.493, 140
Trd, 4318185.793, 138
Trd, 4318186.493, 119
Trd, 4318186.743, 111
Trd, 4318187.093, 110
Trd, 4318188.043, 139
Trd, 4318188.493, 140
Trd, 4318188.993, 106
Trd, 4318190.143, 140
Trd, 4318190.343, 118
Trd, 4318191.993, 123
Trd, 4318192.293, 124
Trd, 4318193.793, 132
Trd, 4318194.093, 110
Trd, 4318195.643, 140
Trd, 4318195.993, 140
Trd, 4318196.093, 123
Trd, 4318196.293, 140
Trd, 4318196.993, 64
Trd, 4318197.543, 81
Trd, 4318198.393, 115
Trd, 4318199.893, 139
Trd, 4318200.843, 140
Trd, 4318202.893, 140
Trd, 4318203.493, 138
Trd, 4318203.643, 131
Trd, 4318203.943, 128
Trd, 4318204.393, 112
Trd, 4318204.793, 140
Trd, 4318205.693, 122
Trd, 4318206.843, 93
Trd, 4318207.793, 138
Trd, 4318208.893, 124
Trd, 4318209.493, 118
Trd, 4318209.743, 107
Trd, 4318210.193, 106
Trd, 4318210.443, 98
Trd, 4318210.743, 140
Trd, 4318211.843, 98
Trd, 4318212.343, 97
Trd, 4318212.643, 86
Trd, 4318213.343, 70
Trd, 4318213.743, 77
Trd, 4318214.593, 140
Trd, 4318215.093, 140
Trd, 4318215.443, 133
Trd, 4318216.693, 140
Trd, 4318217.043, 104
Trd, 4318217.993, 140
Trd, 4318218.293, 103
Trd, 4318218.843, 87
Trd, 4318219.643, 122
Trd, 4318219.693, 102
Trd, 4318220.193, 121
Trd, 4318221.793, 72
Trd, 4318221.943, 78
Trd, 4318222.543, 100
Trd, 4318222.743, 91
Trd, 4318223.893, 131
Trd, 4318224.393, 72
Trd, 4318224.493, 62
Trd, 4318224.743, 73
Trd, 4318227.093, 138
Trd, 4318228.143, 63
Trd, 4318228.543, 63
Trd, 4318229.243, 89
Trd, 4318230.443, 140
Trd, 4318231.093, 140
Trd, 4318231.343, 140
Trd, 4318231.543, 135
Trd, 4318232.643, 119
Trd, 4318232.843, 131
Trd, 4318233.293, 114
Trd, 4318233.943, 102
Trd, 4318234.193, 91
Trd, 4318235.793, 140
Trd, 4318236.093, 105
Trd, 4318236.193, 99
Trd, 4318236.943, 82
Trd, 4318237.743, 65
Trd, 4318238.843, 137
Trd, 4318240.493, 140
Trd, 4318241.243, 138
Trd, 4318241.593, 107
Trd, 4318242.543, 129
Trd, 4318243.093, 134
Trd, 4318243.743, 106
Trd, 4318244.093, 140
Trd, 4318244.293, 140
Trd, 4318244.743, 123
Trd, 4318245.493, 118
Trd, 4318246.493, 111
Trd, 4318246.643, 109
Trd, 4318247.143, 82
Trd, 4318247.543, 97
Trd, 4318247.943, 99
Trd, 4318249.143, 140
Trd, 4318250.593, 115
Trd, 4318251.043, 111
Trd, 4318251.393, 108
Trd, 4318251.593, 87
Trd, 4318252.043, 120
Trd, 4318252.443, 135
Trd, 4318253.293, 137
Trd, 4318255.043, 140
Trd, 4318255.093, 140
Trd, 4318256.393, 128
Trd, 4318256.893, 136
Trd, 4318257.443, 110
Trd, 4318258.293, 103
Trd, 4318259.193, 136
Trd, 4318259.593, 62
Trd, 4318259.893, 70
Trd, 4318261.043, 70
Trd, 4318261.193, 80
Trd, 4318262.443, 140
Trd, 4318264.243, 140
Trd, 4318264.943, 140
Trd, 4318265.793, 140
Trd, 4318265.993, 140
Trd, 4318266.393, 134
Trd, 4318266.543, 123
Trd, 4318267.093, 109
Trd, 4318267.843, 132
Trd, 4318268.693, 140
Trd, 4318268.843, 127
Trd, 4318269.793, 105
Trd, 4318270.393, 140
Trd, 4318270.943, 132
Trd, 4318272.543, 104
Trd, 4318272.693, 104
Trd, 4318272.993, 66
Trd, 4318274.443, 64
Trd, 4318274.543, 65
Trd, 4318275.393, 66
Trd, 4318275.943, 72
Trd, 4318276.643, 123
Trd, 4318277.343, 68
Trd, 4318278.043, 140
Trd, 4318278.893, 140
Trd, 4318278.993, 138
Trd, 4318279.343, 74
Trd, 4318280.343, 60
Trd, 4318281.793, 62
Trd, 4318282.043, 124
Trd, 4318282.643, 106
Trd, 4318282.793, 103
Trd, 4318283.193, 125
Trd, 4318283.493, 124
Trd, 4318284.143, 71
Trd, 4318285.043, 120
Trd, 4318286.393, 140
Trd, 4318286.593, 140
Trd, 4318286.693, 140
Trd, 4318287.043, 61
Trd, 4318287.893, 63
Trd, 4318288.793, 89
Trd, 4318289.543, 80
Trd, 4318291.193, 139
Trd, 4318291.593, 77
Trd, 4318292.543, 61
Trd, 4318292.693, 63
Trd, 4318293.643, 84
Trd, 4318293.843, 136
Trd, 4318294.843, 140
Trd, 4318294.943, 119
Trd, 4318295.193, 82
Trd, 4318296.593, 69
Trd, 4318297.893, 140
Trd, 4318298.393, 140
Trd, 4318298.793, 140
Trd, 4318299.093, 125
Trd, 4318299.393, 115
Trd, 4318299.743, 111
Trd, 4318301.893, 136
Trd, 4318302.043, 135
Trd, 4318302.843, 128
Trd, 4318304.643, 136
Trd, 4318305.443, 133
Trd, 4318305.543, 114
Trd, 4318305.693, 105
Trd, 4318306.743, 139
Trd, 4318307.443, 139
Trd, 4318307.493, 139
Trd, 4318308.093, 129
Trd, 4318308.543, 119
Trd, 4318308.843, 94
Trd, 4318309.043, 92
Trd, 4318309.393, 100
Trd, 4318311.243, 135
Trd, 4318311.293, 116
Trd, 4318312.493, 104
Trd, 4318312.943, 91
Trd, 4318313.843, 140
Trd, 4318314.143, 140
Trd, 4318314.743, 109
Trd, 4318315.143, 140
Trd, 4318315.343, 137
Trd, 4318316.493, 139
Trd, 4318317.943, 136
Trd, 4318318.043, 126
Trd, 4318319.093, 140
Trd, 4318319.593, 71
Trd, 4318320.043, 107
Trd, 4318320.843, 140
Trd, 4318321.693, 121
Trd, 4318323.643, 139
Trd, 4318324.593, 125
Trd, 4318324.893, 124
Trd, 4318325.243, 118
Trd, 4318325.293, 114
Trd, 4318325.443, 103
Trd, 4318325.943, 61
Trd, 4318326.993, 67
Trd, 4318328.193, 122
Trd, 4318328.793, 127
Trd, 4318329.493, 140
Trd, 4318329.743, 137
Trd, 4318330.693, 140
Trd, 4318332.743, 130
Trd, 4318333.343, 113
Trd, 4318334.293, 110
Trd, 4318334.393, 120
Trd, 4318334.643, 93
Trd, 4318334.893, 97
Trd, 4318335.643, 104
Trd, 4318336.043, 92
Trd, 4318336.193, 123
Trd, 4318337.493, 73
Trd, 4318338.693, 140
Trd, 4318339.893, 101
Trd, 4318340.093, 100
Trd, 4318341.043, 90
Trd, 4318341.343, 108
Trd, 4318341.643, 113
Trd, 4318342.593, 90
Trd, 4318343.243, 63
Trd, 4318344.593, 130
Trd, 4318345.043, 102
Trd, 4318345.093, 84
Trd, 4318345.593, 60
Trd, 4318345.843, 80
Trd, 4318348.893, 133
Trd, 4318349.243, 138
Trd, 4318350.293, 140
Trd, 4318350.343, 140
Trd, 4318350.993, 124
Trd, 4318352.043, 140
Trd, 4318352.693, 140
Trd, 4318353.243, 121
Trd, 4318353.293, 102
Trd, 4318355.093, 121
Trd, 4318355.343, 137
Trd, 4318355.843, 87
Trd, 4318356.143, 79
Trd, 4318356.543, 74
Trd, 4318357.243, 79
Trd, 4318357.443, 135
Trd, 4318357.793, 79
Trd, 4318358.393, 80
Trd, 4318360.493, 87
Trd, 4318360.793, 140
Trd, 4318361.043, 131
Trd, 4318361.993, 123
Trd, 4318362.193, 81
Trd, 4318363.843, 137
Trd, 4318364.793, 140
Trd, 4318364.993, 140
Trd, 4318365.093, 140
Trd, 4318365.593, 119
Trd, 4318366.343, 140
Trd, 4318366.743, 140
Trd, 4318368.743, 80
Trd, 4318368.893, 78
Trd, 4318369.943, 73
Trd, 4318370.993, 90
Trd, 4318372.543, 140
Trd, 4318372.993, 121
Trd, 4318373.243, 94
Trd, 4318373.343, 77
Trd, 4318375.293, 140
Trd, 4318376.143, 140
Trd, 4318376.443, 140
Trd, 4318376.543, 106
Trd, 4318377.543, 140
Trd, 4318377.793, 140
Trd, 4318378.193, 140
Trd, 4318378.893, 140
Trd, 4318379.393, 110
Trd, 4318379.943, 98
Trd, 4318380.393, 102
Trd, 4318380.693, 63
Trd, 4318381.543, 84
Trd, 4318382.243, 92
Trd, 4318382.943, 140
Trd, 4318383.043, 91
Trd, 4318383.993, 138
Trd, 4318384.643, 126
Trd, 4318386.093, 109
Trd, 4318386.543, 67
Trd, 4318387.893, 107
Trd, 4318387.943, 65
Trd, 4318389.793, 62
Trd, 4318390.043, 63
Trd, 4318390.543, 134
Trd, 4318391.743, 140
Trd, 4318391.793, 140
Trd, 4318391.993, 140
Trd, 4318392.543, 95
Trd, 4318392.743, 106
Trd, 4318394.293, 112
Trd, 4318394.943, 134
Trd, 4318395.393, 111
Trd, 4318395.543, 110
Trd, 4318397.743, 140
Trd, 4318399.493, 140
Trd, 4318400.093, 139
Trd, 4318400.843, 140
Trd, 4318401.993, 140
Trd, 4318402.093, 134
Trd, 4318403.543, 137
Trd, 4318403.793, 112
Trd, 4318404.543, 107
Trd, 4318404.643, 81
Trd, 4318406.493, 100
Trd, 4318407.143, 102
Trd, 4318408.793, 139
Trd, 4318408.843, 117
Trd, 4318408.993, 138
Trd, 4318409.243, 126
Trd, 4318409.543, 107
Trd, 4318409.843, 106
Trd, 4318410.593, 107
Trd, 4318413.043, 140
Trd, 4318414.043, 138
Trd, 4318414.543, 140
Trd, 4318414.943, 130
Trd, 4318415.043, 129
Trd, 4318415.093, 112
Trd, 4318415.293, 109
Trd, 4318416.493, 98
Trd, 4318416.743, 89
Trd, 4318418.393, 72
Trd, 4318418.893, 105
Trd, 4318420.093, 72
Trd, 4318420.793, 61
Trd, 4318422.143, 140
Trd, 4318422.643, 140
Trd, 4318423.193, 139
Trd, 4318423.343, 119
Trd, 4318424.143, 137
Trd, 4318424.793, 137
Trd, 4318425.243, 139
Trd, 4318426.393, 139
Trd, 4318426.893, 122
Trd, 4318427.043, 121
Trd, 4318428.343, 136
Trd, 4318428.443, 136
Trd, 4318429.943, 132
Trd, 4318430.143, 138
Trd, 4318430.543, 139
Trd, 4318430.743, 117
Trd, 4318431.743, 138
Trd, 4318432.293, 140
Trd, 4318432.543, 130
Trd, 4318432.893, 118
Trd, 4318433.043, 93
Trd, 4318433.743, 137
Trd, 4318434.293, 121
Trd, 4318435.293, 73
Trd, 4318435.993, 64
Trd, 4318436.343, 113
Trd, 4318437.543, 129
Trd, 4318438.943, 119
Trd, 4318439.893, 63
Trd, 4318440.643, 68
Trd, 4318440.943, 85
Trd, 4318441.443, 139
Trd, 4318441.593, 67
Trd, 4318442.043, 140
Trd, 4318443.093, 140
Trd, 4318444.243, 97
Trd, 4318444.593, 90
Trd, 4318444.793, 88
Trd, 4318445.143, 139
Trd, 4318445.693, 103
Trd, 4318446.343, 140
Trd, 4318446.793, 122
Trd, 4318447.393, 68
Trd, 4318448.793, 134
Trd, 4318448.843, 114
Trd, 4318449.643, 85
Trd, 4318449.893, 103
Trd, 4318450.293, 88
Trd, 4318451.043, 118
Trd, 4318452.193, 115
Trd, 4318453.143, 85
Trd, 4318453.293, 82
Trd, 4318453.743, 62
Trd, 4318455.043, 61
Trd, 4318456.143, 60
Trd, 4318456.443, 93
Trd, 4318456.693, 61
Trd, 4318457.543, 84
Trd, 4318458.293, 73
Trd, 4318458.943, 140
Trd, 4318459.243, 62
Trd, 4318460.043, 86
Trd, 4318460.393, 69
Trd, 4318461.393, 62
Trd, 4318462.193, 74
Trd, 4318462.243, 64
Trd, 4318462.893, 114
Trd, 4318463.393, 106
Trd, 4318464.493, 67
Trd, 4318466.093, 140
Trd, 4318468.193, 140
Trd, 4318469.043, 140
Trd, 4318469.493, 140
Trd, 4318469.593, 138
Trd, 4318469.843, 136
Trd, 4318470.893, 118
Trd, 4318472.143, 140
Trd, 4318472.943, 140
Trd, 4318473.993, 140
Trd, 4318475.343, 140
Trd, 4318475.743, 129
Trd, 4318476.593, 139
Trd, 4318477.193, 117
Trd, 4318478.443, 95
Trd, 4318478.843, 98
Trd, 4318479.343, 91
Trd, 4318479.943, 63
Trd, 4318480.993, 140
Trd, 4318481.393, 129
Trd, 4318481.443, 128
Trd, 4318481.793, 107
Trd, 4318482.093, 140
Trd, 4318483.343, 131
Trd, 4318484.693, 63
Trd, 4318485.743, 96
Trd, 4318486.093, 105
Trd, 4318486.343, 70
Trd, 4318486.643, 89
Trd, 4318487.643, 69
Trd, 4318487.743, 70
Trd, 4318488.293, 66
Trd, 4318488.543, 139
Trd, 4318488.843, 123
Trd, 4318489.893, 63
Trd, 4318491.043, 66
Trd, 4318491.643, 140
Trd, 4318492.193, 140
Trd, 4318493.143, 106
Trd, 4318494.293, 138
Trd, 4318496.143, 140
Trd, 4318497.293, 140
Trd, 4318497.443, 138
Trd, 4318498.243, 136
Trd, 4318499.193, 98
Trd, 4318499.443, 118
Trd, 4318500.193, 82
Trd, 4318500.393, 60
Trd, 4318502.043, 140
Trd, 4318503.393, 140
Trd, 4318503.593, 138
Trd, 4318504.393, 140
Trd, 4318504.843, 112
Trd, 4318504.993, 107
Trd, 4318505.943, 106
Trd, 4318506.393, 106
Trd, 4318507.693, 80
Trd, 4318508.693, 66
Trd, 4318508.743, 87
Trd, 4318509.493, 69
Trd, 4318511.393, 61
Trd, 4318512.793, 68
Trd, 4318512.943, 91
Trd, 4318513.393, 76
Trd, 4318513.643, 74
Trd, 4318514.293, 77
Trd, 4318514.693, 63
Trd, 4318515.193, 61
Trd, 4318517.343, 116
Trd, 4318517.443, 111
Trd, 4318518.543, 130
Trd, 4318519.843, 140
Trd, 4318520.793, 117
Trd, 4318520.943, 101
Trd, 4318521.243, 86
Trd, 4318521.593, 75
Trd, 4318522.143, 61
Trd, 4318522.343, 109
Trd, 4318523.293, 138
Trd, 4318523.343, 129
Trd, 4318524.293, 62
Trd, 4318525.793, 140
Trd, 4318526.443, 108
Trd, 4318527.293, 77
Trd, 4318527.793, 97
Trd, 4318528.043, 75
Trd, 4318528.793, 140
Trd, 4318529.093, 89
Trd, 4318529.643, 136
Trd, 4318530.443, 136
Trd, 4318531.793, 140
Trd, 4318532.193, 134
Trd, 4318532.943, 139
Trd, 4318534.293, 140
Trd, 4318534.743, 120
Trd, 4318536.093, 140
Trd, 4318536.293, 109
Trd, 4318536.793, 100
Trd, 4318537.443, 99
Trd, 4318538.243, 89
Trd, 4318539.243, 88
Trd, 4318539.293, 122
Trd, 4318542.243, 139
Trd, 4318542.843, 140
Trd, 4318543.193, 140
Trd, 4318544.293, 121
Trd, 4318544.643, 136
Trd, 4318544.943, 139
Trd, 4318545.293, 133
Trd, 4318545.843, 113
Trd, 4318546.943, 136
Trd, 4318547.043, 135
Trd, 4318548.193, 107
Trd, 4318548.593, 121
Trd, 4318548.943, 139
Trd, 4318549.493, 105
Trd, 4318550.143, 136
Trd, 4318550.543, 139
Trd, 4318550.793, 107
Trd, 4318551.243, 90
Trd, 4318553.443, 89
Trd, 4318553.893, 60
Trd, 4318555.643, 77
Trd, 4318556.143, 115
Trd, 4318556.793, 139
Trd, 4318556.893, 98
Trd, 4318557.943, 99
Trd, 4318558.043, 100
Trd, 4318558.193, 89
Trd, 4318558.643, 114
Trd, 4318559.243, 63
Trd, 4318560.043, 139
Trd, 4318560.593, 121
Trd, 4318561.493, 139
Trd, 4318562.193, 139
Trd, 4318562.793, 133
Trd, 4318563.343, 123
Trd, 4318563.893, 86
Trd, 4318563.943, 109
Trd, 4318564.893, 74
Trd, 4318565.193, 102
Trd, 4318565.493, 63
Trd, 4318567.293, 103
Trd, 4318568.593, 138
Trd, 4318568.843, 137
Trd, 4318569.243, 125
Trd, 4318569.443, 117
Trd, 4318570.193, 98
Trd, 4318570.443, 140
Trd, 4318570.543, 114
Trd, 4318571.443, 126
Trd, 4318571.643, 88
Trd, 4318572.743, 94
Trd, 4318574.143, 140
Trd, 4318574.693, 136
Trd, 4318574.893, 110
Trd, 4318575.343, 86
Trd, 4318576.843, 133
Trd, 4318577.693, 132
Trd, 4318579.043, 140
Trd, 4318579.493, 138
Trd, 4318579.943, 126
Trd, 4318580.293, 137
Trd, 4318580.943, 108
Trd, 4318581.343, 102
Trd, 4318582.193, 132
Trd, 4318582.643, 114
Trd, 4318583.943, 140
Trd, 4318584.293, 120
Trd, 4318585.443, 140
Trd, 4318585.543, 112
Trd, 4318585.843, 110
Trd, 4318586.393, 140
Trd, 4318587.193, 140
Trd, 4318588.293, 115
Trd, 4318589.643, 135
Trd, 4318590.293, 132
Trd, 4318591.093, 96
Trd, 4318593.693, 140
Trd, 4318593.993, 139
Trd, 4318594.793, 137
Trd, 4318595.193, 136
Trd, 4318595.393, 139
Trd, 4318596.043, 140
Trd, 4318596.543, 137
Trd, 4318597.593, 128
Trd, 4318597.643, 120
Trd, 4318597.943, 125
Trd, 4318598.843, 96
Trd, 4318599.393, 103
Trd, 4318600.443, 95
Trd, 4318600.693, 139
Trd, 4318602.143, 139
Trd, 4318603.943, 109
Trd, 4318604.493, 114
Trd, 4318604.843, 140
Trd, 4318606.293, 105
Trd, 4318607.793, 129
Trd, 4318608.393, 140
Trd, 4318608.443, 139
Trd, 4318608.743, 124
Trd, 4318609.193, 109
Trd, 4318609.243, 85
Trd, 4318609.343, 65
Trd, 4318609.743, 71
Trd, 4318610.793, 102
Trd, 4318611.343, 117
Trd, 4318612.193, 62
Trd, 4318612.393, 65
Trd, 4318614.143, 69
Trd, 4318614.943, 66
Trd, 4318615.143, 71
Trd, 4318616.693, 121
Trd, 4318616.843, 117
Trd, 4318616.993, 98
Trd, 4318617.893, 70
Trd, 4318618.743, 140
Trd, 4318619.293, 140
Trd, 4318619.793, 140
Trd, 4318620.343, 120
Trd, 4318620.593, 125
Trd, 4318621.543, 61
Trd, 4318621.793, 83
Trd, 4318622.693, 140
Trd, 4318623.693, 140
Trd, 4318624.443, 140
Trd, 4318624.593, 130
Trd, 4318625.893, 139
Trd, 4318627.193, 139
Trd, 4318627.793, 138
Trd, 4318627.893, 138
Trd, 4318628.143, 82
Trd, 4318628.343, 140
Trd, 4318629.043, 140
Trd, 4318629.543, 104
Trd, 4318630.293, 121
Trd, 4318630.643, 136
Trd, 4318631.593, 139
Trd, 4318631.993, 139
Trd, 4318632.643, 127
Trd, 4318633.093, 80
Trd, 4318634.143, 113
Trd, 4318634.243, 77
Trd, 4318636.393, 140
Trd, 4318638.593, 140
Trd, 4318638.893, 140
Trd, 4318638.943, 140
Trd, 4318639.093, 131
Trd, 4318640.993, 140
Trd, 4318642.193, 140
Trd, 4318642.243, 139
Trd, 4318642.693, 137
Trd, 4318643.093, 136
Trd, 4318644.143, 117
Trd, 4318644.843, 113
Trd, 4318646.043, 111
Trd, 4318646.643, 129
Trd, 4318646.943, 139
Trd, 4318648.343, 138
Trd, 4318648.693, 118
Trd, 4318649.243, 139
Trd, 4318650.443, 114
Trd, 4318651.143, 115
Trd, 4318651.493, 102
Trd, 4318651.743, 101
Trd, 4318651.993, 140
Trd, 4318653.093, 106
Trd, 4318653.343, 94
Trd, 4318653.443, 93
Trd, 4318654.343, 119
Trd, 4318655.493, 60
Trd, 4318656.093, 66
Trd, 4318657.143, 61
Trd, 4318657.243, 60
Trd, 4318658.093, 113
Trd, 4318660.143, 78
Trd, 4318660.393, 72
Trd, 4318661.043, 127
Trd, 4318661.243, 111
Trd, 4318662.143, 140
Trd, 4318662.343, 138
Trd, 4318662.993, 91
Trd, 4318664.243, 121
Trd, 4318664.643, 100
Trd, 4318664.943, 129
Trd, 4318664.993, 125
Trd, 4318665.343, 110
Trd, 4318665.543, 99
Trd, 4318666.993, 131
Trd, 4318667.493, 95
Trd, 4318668.393, 139
Trd, 4318669.543, 81
Trd, 4318670.093, 114
Trd, 4318671.043, 140
Trd, 4318671.143, 139
Trd, 4318671.693, 140
Trd, 4318672.493, 112
Trd, 4318672.593, 99
Trd, 4318672.793, 78
Trd, 4318674.543, 139
Trd, 4318675.443, 138
Trd, 4318675.843, 77
Trd, 4318677.843, 139
Trd, 4318677.993, 138
Trd, 4318678.043, 132
Trd, 4318678.393, 131
Trd, 4318678.943, 125
Trd, 4318679.443, 62
Trd, 4318681.093, 62
Trd, 4318682.443, 115
Trd, 4318682.793, 122
Trd, 4318683.993, 140
Trd, 4318684.893, 140
Trd, 4318685.193, 140
Trd, 4318685.293, 138
Trd, 4318685.993, 134
Trd, 4318686.443, 100
Trd, 4318686.943, 139
Trd, 4318687.693, 91
Trd, 4318689.943, 140
Trd, 4318690.293, 139
Trd, 4318690.343, 125
Trd, 4318691.193, 120
Trd, 4318692.093, 111
Trd, 4318693.393, 121
Trd, 4318694.443, 139
Trd, 4318695.343, 140
Trd, 4318696.793, 140
Trd, 4318697.443, 140
Trd, 4318697.493, 120
Trd, 4318698.093, 105
Trd, 4318698.843, 76
Trd, 4318699.643, 139
Trd, 4318700.293, 117
Trd, 4318700.643, 106
Trd, 4318701.343, 136
Trd, 4318702.243, 67
Trd, 4318702.993, 62
Trd, 4318703.493, 66
Trd, 4318703.693, 82
Trd, 4318705.443, 129
Trd, 4318705.693, 121
Trd, 4318706.393, 136
Trd, 4318706.493, 107
Trd, 4318707.293, 110
Trd, 4318707.743, 135
Trd, 4318708.443, 108
Trd, 4318708.743, 85
Trd, 4318709.143, 95
Trd, 4318710.393, 140
Trd, 4318710.793, 140
Trd, 4318711.293, 140
Trd, 4318711.743, 139
Trd, 4318712.193, 138
Trd, 4318713.493, 65
Trd, 4318714.343, 72
Trd, 4318715.143, 117
Trd, 4318716.393, 133
Trd, 4318718.143, 135
Trd, 4318718.243, 133
Trd, 4318718.343, 130
Trd, 4318719.093, 134
Trd, 4318719.793, 115
Trd, 4318721.193, 140
Trd, 4318722.093, 139
Trd, 4318722.543, 127
Trd, 4318722.943, 119
Trd, 4318723.293, 140
Trd, 4318724.143, 140
Trd, 4318724.893, 138
Trd, 4318725.793, 129
Trd, 4318725.943, 92
Trd, 4318726.393, 60
Trd, 4318726.643, 112
Trd, 4318727.093, 60
Trd, 4318729.243, 133
Trd, 4318729.993, 138
Trd, 4318730.543, 90
Trd, 4318730.743, 87
Trd, 4318731.593, 82
Trd, 4318731.793, 70
Trd, 4318732.593, 91
Trd, 4318733.043, 140
Trd, 4318733.443, 140
Trd, 4318733.493, 114
Trd, 4318734.743, 98
Trd, 4318735.643, 85
Trd, 4318736.793, 140
Trd, 4318736.993, 140
Trd, 4318737.443, 140
Trd, 4318737.643, 139
Trd, 4318738.293, 128
Trd, 4318738.343, 125
Trd, 4318738.843, 91
Trd, 4318740.343, 133
Trd, 4318740.743, 140
Trd, 4318742.243, 123
Trd, 4318742.743, 122
Trd, 4318744.343, 140
Trd, 4318744.793, 140
Trd, 4318745.193, 95
Trd, 4318746.043, 116
Trd, 4318746.393, 111
Trd, 4318747.843, 137
Trd, 4318748.543, 137
Trd, 4318748.593, 86
Trd, 4318749.343, 140
Trd, 4318751.393, 130
Trd, 4318751.443, 80
Trd, 4318752.343, 139
Trd, 4318752.943, 140
Trd, 4318753.093, 126
Trd, 4318753.143, 118
Trd, 4318753.593, 62
Trd, 4318754.193, 69
Trd, 4318754.743, 137
Trd, 4318755.843, 130
Trd, 4318755.993, 106
Trd, 4318757.393, 139
Trd, 4318757.993, 126
Trd, 4318758.143, 110
Trd, 4318758.343, 82
Trd, 4318760.043, 61
Trd, 4318761.493, 140
Trd, 4318761.593, 140
Trd, 4318761.793, 138
Trd, 4318762.043, 128
Trd, 4318762.143, 110
Trd, 4318762.943, 60
Trd, 4318763.193, 62
Trd, 4318764.493, 139
Trd, 4318764.843, 138
Trd, 4318764.943, 137
Trd, 4318766.293, 130
Trd, 4318767.343, 140
Trd, 4318768.043, 140
Trd, 4318768.543, 140
Trd, 4318768.893, 125
Trd, 4318769.043, 120
Trd, 4318771.693, 140
Trd, 4318772.143, 140
Trd, 4318772.393, 140
Trd, 4318772.443, 135
Trd, 4318773.293, 136
Trd, 4318773.993, 138
Trd, 4318774.693, 103
Trd, 4318775.393, 130
Trd, 4318776.593, 138
Trd, 4318777.693, 115
Trd, 4318778.243, 135
Trd, 4318778.743, 134
Trd, 4318779.193, 83
Trd, 4318779.343, 140
Trd, 4318779.943, 127
Trd, 4318780.743, 137
Trd, 4318781.043, 139
Trd, 4318781.693, 111
Trd, 4318782.393, 90
Trd, 4318782.643, 74
Trd, 4318782.893, 92
Trd, 4318783.193, 115
Trd, 4318784.693, 139
Trd, 4318785.043, 140
Trd, 4318786.993, 122
Trd, 4318787.543, 120
Trd, 4318787.793, 119
Trd, 4318789.893, 139
Trd, 4318790.293, 140
Trd, 4318790.543, 140
Trd, 4318790.793, 136
Trd, 4318790.893, 116
Trd, 4318790.993, 96
Trd, 4318791.293, 95
Trd, 4318791.993, 101
Trd, 4318792.543, 64
Trd, 4318793.043, 86
Trd, 4318795.143, 61
Trd, 4318795.243, 109
Trd, 4318796.243, 62
Trd, 4318798.043, 135
Trd, 4318798.193, 134
Trd, 4318798.893, 139
Trd, 4318798.943, 138
Trd, 4318799.493, 140
Trd, 4318801.293, 140
Trd, 4318801.393, 127
Trd, 4318801.543, 120
Trd, 4318802.543, 72
Trd, 4318802.693, 71
Trd, 4318803.193, 61
Trd, 4318803.243, 80
Trd, 4318803.343, 98
Trd, 4318804.243, 64
Trd, 4318804.343, 78
Trd, 4318804.993, 63
Trd, 4318807.593, 140
Trd, 4318807.743, 139
Trd, 4318807.793, 97
Trd, 4318808.493, 61
Trd, 4318810.643, 80
Trd, 4318810.843, 73
Trd, 4318811.543, 63
Trd, 4318811.743, 136
Trd, 4318812.343, 140
Trd, 4318813.493, 140
Trd, 4318813.743, 140
Trd, 4318815.143, 140
Trd, 4318815.343, 139
Trd, 4318815.393, 139
Trd, 4318816.443, 132
Trd, 4318816.593, 120
Trd, 4318816.993, 134
Trd, 4318817.343, 104
Trd, 4318817.393, 101
Trd, 4318817.593, 65
Trd, 4318819.693, 126
Trd, 4318820.793, 136
Trd, 4318820.843, 116
Trd, 4318820.993, 115
Trd, 4318821.143, 81
Trd, 4318821.843, 67
Trd, 4318821.943, 89
Trd, 4318822.893, 96
Trd, 4318825.143, 121
Trd, 4318825.793, 116
Trd, 4318826.043, 117
Trd, 4318826.243, 116
Trd, 4318827.443, 139
Trd, 4318828.043, 115
Trd, 4318828.143, 84
Trd, 4318829.443, 138
Trd, 4318830.143, 70
Trd, 4318831.693, 140
Trd, 4318832.243, 140
Trd, 4318832.693, 139
Trd, 4318833.293, 140
Trd, 4318833.443, 100
Trd, 4318833.743, 99
Trd, 4318834.143, 122
Trd, 4318835.893, 112
Trd, 4318836.693, 134
Trd, 4318836.793, 134
Trd, 4318837.143, 63
Trd, 4318838.093, 97
Trd, 4318838.543, 140
Trd, 4318838.593, 108
Trd, 4318839.193, 140
Trd, 4318839.243, 140
Trd, 4318839.693, 140
Trd, 4318839.743, 120
Trd, 4318840.543, 123
Trd, 4318841.343, 140
Trd, 4318841.643, 139
Trd, 4318841.743, 138
Trd, 4318842.343, 133
Trd, 4318844.593, 116
Trd, 4318845.293, 138
Trd, 4318845.343, 112
Trd, 4318847.143, 133
Trd, 4318848.243, 133
Trd, 4318848.293, 127
Trd, 4318848.843, 120
Trd, 4318849.143, 114
Trd, 4318849.193, 99
Trd, 4318850.143, 120
Trd, 4318850.793, 95
Trd, 4318851.243, 140
Trd, 4318851.643, 70
Trd, 4318852.693, 93
Trd, 4318853.043, 127
Trd, 4318853.143, 71
Trd, 4318854.493, 140
Trd, 4318856.343, 87
Trd, 4318856.643, 138
Trd, 4318858.043, 66
Trd, 4318858.243, 129
Trd, 4318858.643, 122
Trd, 4318859.493, 140
Trd, 4318859.793, 139
Trd, 4318861.493, 120
Trd, 4318861.593, 116
Trd, 4318861.943, 64
Trd, 4318863.343, 138
Trd, 4318863.743, 114
Trd, 4318864.743, 78
Trd, 4318865.743, 71
Trd, 4318866.593, 140
Trd, 4318866.843, 131
Trd, 4318867.293, 102
Trd, 4318868.093, 125
Trd, 4318868.293, 93
Trd, 4318868.893, 109
Trd, 4318869.643, 62
Trd, 4318870.393, 99
Trd, 4318870.943, 75
Trd, 4318872.443, 140
Trd, 4318873.493, 110
Trd, 4318873.993, 140
Trd, 4318874.493, 139
Trd, 4318874.593, 97
Trd, 4318874.643, 93
Trd, 4318875.843, 97
Trd, 4318876.243, 127
Trd, 4318876.593, 105
Trd, 4318877.343, 139
Trd, 4318877.993, 122
Trd, 4318879.193, 138
Trd, 4318879.543, 126
Trd, 4318881.243, 137
Trd, 4318881.993, 133
Trd, 4318882.393, 140
Trd, 4318882.443, 133
Trd, 4318883.643, 126
Trd, 4318883.743, 114
Trd, 4318884.143, 123
Trd, 4318884.593, 140
Trd, 4318886.093, 134
Trd, 4318886.493, 104
Trd, 4318887.193, 122
Trd, 4318887.843, 117
Trd, 4318888.243, 139
Trd, 4318888.343, 139
Trd, 4318888.793, 94
Trd, 4318890.343, 107
Trd, 4318890.443, 92
Trd, 4318890.643, 111
Trd, 4318890.693, 89
Trd, 4318891.393, 77
Trd, 4318893.443, 60
Trd, 4318893.893, 63
Trd, 4318895.343, 63
Trd, 4318896.643, 63
Trd, 4318897.693, 60
Trd, 4318898.043, 64
Trd, 4318898.193, 66
Trd, 4318898.493, 74
Trd, 4318899.643, 123
Trd, 4318900.893, 127
Trd, 4318901.043, 100
Trd, 4318902.593, 140
Trd, 4318902.793, 139
Trd, 4318903.893, 120
Trd, 4318904.143, 119
Trd, 4318904.193, 109
Trd, 4318904.993, 93
Trd, 4318905.543, 137
Trd, 4318905.643, 123
Trd, 4318906.293, 135
Trd, 4318908.193, 71
Trd, 4318909.143, 68
Trd, 4318909.393, 76
Trd, 4318909.493, 79
Trd, 4318909.693, 64
Trd, 4318911.443, 76
Trd, 4318912.243, 123
Trd, 4318912.743, 80
Trd, 4318912.793, 140
Trd, 4318913.043, 79
Trd, 4318914.293, 140
Trd, 4318914.893, 107
Trd, 4318916.143, 60
Trd, 4318916.743, 63
Trd, 4318917.343, 72
Trd, 4318918.593, 136
Trd, 4318919.443, 135
Trd, 4318920.243, 133
Trd, 4318920.893, 118
Trd, 4318920.993, 105
Trd, 4318921.993, 96
Trd, 4318922.593, 112
Trd, 4318923.343, 132
Trd, 4318923.793, 131
Trd, 4318925.543, 140
Trd, 4318926.093, 129
Trd, 4318926.143, 119
Trd, 4318927.093, 140
Trd, 4318928.493, 116
Trd, 4318929.293, 129
Trd, 4318929.543, 131
Trd, 4318930.043, 140
Trd, 4318930.343, 99
Trd, 4318930.393, 87
Trd, 4318931.293, 120
Trd, 4318931.493, 95
Trd, 4318932.293, 65
Trd, 4318933.043, 63
Trd, 4318933.843, 61
Trd, 4318934.093, 87
Trd, 4318935.043, 140
Trd, 4318936.393, 60
Trd, 4318936.443, 72
Trd, 4318936.993, 66
Trd, 4318937.393, 66
Trd, 4318937.693, 118
Trd, 4318937.943, 134
Trd, 4318939.243, 128
Trd, 4318940.143, 129
Trd, 4318940.743, 139
Trd, 4318941.243, 109
Trd, 4318943.943, 134
Trd, 4318944.693, 139
Trd, 4318944.743, 119
Trd, 4318945.193, 133
Trd, 4318945.693, 128
Trd, 4318946.843, 117
Trd, 4318947.193, 103
Trd, 4318947.693, 94
Trd, 4318948.343, 140
Trd, 4318948.693, 106
Trd, 4318949.193, 133
Trd, 4318950.443, 140
Trd, 4318951.093, 123
Trd, 4318951.143, 115
Trd, 4318952.043, 140
Trd, 4318952.593, 140
Trd, 4318952.943, 85
Trd, 4318953.343, 84
Trd, 4318953.643, 140
Trd, 4318954.443, 60
Trd, 4318955.293, 133
Trd, 4318956.543, 64
Trd, 4318957.343, 125
Trd, 4318958.243, 114
Trd, 4318959.893, 68
Trd, 4318960.493, 65
Trd, 4318960.943, 67
Trd, 4318962.393, 138
Trd, 4318962.993, 139
Trd, 4318963.193, 137
Trd, 4318963.243, 118
Trd, 4318963.393, 77
Trd, 4318963.443, 76
Trd, 4318964.393, 124
Trd, 4318964.693, 122
Trd, 4318965.193, 136
Trd, 4318967.143, 137
Trd, 4318967.193, 132
Trd, 4318967.293, 119
Trd, 4318969.293, 137
Trd, 4318969.693, 136
Trd, 4318970.243, 135
Trd, 4318971.643, 136
Trd, 4318972.243, 140
Trd, 4318972.443, 111
Trd, 4318973.043, 76
Trd, 4318973.893, 62
Trd, 4318974.343, 98
Trd, 4318974.693, 94
Trd, 4318974.843, 74
Trd, 4318975.893, 102
Trd, 4318976.543, 140
Trd, 4318977.193, 138
Trd, 4318978.043, 114
Trd, 4318979.043, 60
Trd, 4318979.093, 106
Trd, 4318980.643, 138
Trd, 4318981.193, 134
Trd, 4318981.543, 137
Trd, 4318981.693, 120
Trd, 4318982.443, 117
Trd, 4318983.543, 114
Trd, 4318984.093, 140
Trd, 4318984.843, 121
Trd, 4318985.193, 121
Trd, 4318985.393, 140
Trd, 4318986.343, 129
Trd, 4318987.343, 139
Trd, 4318987.593, 104
Trd, 4318988.193, 140
Trd, 4318989.043, 100
Trd, 4318989.693, 128
Trd, 4318990.443, 126
Trd, 4318991.293, 94
Trd, 4318991.343, 93
Trd, 4318993.443, 72
Trd, 4318995.093, 126
Trd, 4318995.743, 140
Trd, 4318995.893, 140
Trd, 4318996.793, 138
Trd, 4318996.893, 76
Trd, 4318998.043, 140
Trd, 4318998.693, 110
Trd, 4318999.243, 108
Trd, 4318999.693, 135
Trd, 4319000.243, 119
Trd, 4319000.293, 102
Trd, 4319001.443, 131
Trd, 4319001.743, 118
Trd, 4319002.443, 106
Trd, 4319002.743, 74
Trd, 4319003.293, 65
Trd, 4319004.993, 137
Trd, 4319005.143, 110
Trd, 4319007.493, 140
Trd, 4319007.893, 140
Trd, 4319008.593, 139
Trd, 4319009.493, 112
Trd, 4319009.543, 100
Trd, 4319009.843, 109
Trd, 4319010.843, 138
Trd, 4319011.393, 113
Trd, 4319012.543, 138
Trd, 4319012.743, 118
Trd, 4319013.843, 131
Trd, 4319013.993, 128
Trd, 4319014.393, 115
Trd, 4319014.743, 63
Trd, 4319016.343, 132
Trd, 4319017.193, 131
Trd, 4319017.643, 100
Trd, 4319017.793, 99
Trd, 4319018.143, 140
Trd, 4319018.893, 140
Trd, 4319019.293, 140
Trd, 4319020.693, 130
Trd, 4319021.243, 135
Trd, 4319022.093, 136
Trd, 4319022.143, 134
Trd, 4319022.343, 116
Trd, 4319023.193, 96
Trd, 4319024.143, 103
Trd, 4319024.543, 103
Trd, 4319025.543, 139
Trd, 4319026.543, 139
Trd, 4319026.693, 112
Trd, 4319026.843, 78
Trd, 4319027.993, 140
Trd, 4319028.293, 100
Trd, 4319030.043, 65
Trd, 4319031.393, 62
Trd, 4319032.243, 68
Trd, 4319032.693, 60
Trd, 4319033.193, 64
Trd, 4319035.043, 64
Trd, 4319035.643, 140
Trd, 4319035.843, 120
Trd, 4319036.393, 107
Trd, 4319037.393, 108
Trd, 4319037.643, 131
Trd, 4319037.843, 99
Trd, 4319040.043, 140
Trd, 4319040.743, 139
Trd, 4319041.343, 140
Trd, 4319042.243, 140
Trd, 4319042.593, 113
Trd, 4319042.793, 103
Trd, 4319043.393, 116
Trd, 4319044.093, 113
Trd, 4319045.943, 140
Trd, 4319048.193, 140
Trd, 4319049.143, 140
Trd, 4319049.443, 138
Trd, 4319049.843, 134
Trd, 4319050.693, 140
Trd, 4319051.143, 129
Trd, 4319051.443, 128
Trd, 4319052.343, 126
Trd, 4319052.643, 140
Trd, 4319053.593, 123
Trd, 4319053.843, 94
Trd, 4319054.893, 116
Trd, 4319055.493, 115
Trd, 4319056.843, 115
Trd, 4319057.443, 137
Trd, 4319057.943, 112
Trd, 4319059.943, 139
Trd, 4319060.443, 140
Trd, 4319061.543, 139
Trd, 4319062.443, 138
Trd, 4319062.893, 124
Trd, 4319062.943, 86
Trd, 4319064.943, 140
Trd, 4319065.143, 119
Trd, 4319066.493, 114
Trd, 4319066.593, 106
Trd, 4319067.393, 104
Trd, 4319067.543, 101
Trd, 4319067.693, 136
Trd, 4319068.793, 79
Trd, 4319069.943, 120
Trd, 4319070.343, 66
Trd, 4319070.393, 123
Trd, 4319071.243, 139
Trd, 4319072.593, 64
Trd, 4319073.193, 140
Trd, 4319073.693, 140
Trd, 4319074.293, 140
Trd, 4319074.843, 97
Trd, 4319075.543, 76
Trd, 4319076.893, 124
Trd, 4319077.293, 123
Trd, 4319077.643, 122
Trd, 4319077.693, 116
Trd, 4319079.193, 140
Trd, 4319079.743, 140
Trd, 4319080.043, 137
Trd, 4319080.593, 114
Trd, 4319081.443, 64
Trd, 4319081.593, 115
Trd, 4319082.243, 81
Trd, 4319082.393, 91
Trd, 4319082.743, 136
Trd, 4319083.393, 139
Trd, 4319084.593, 103
Trd, 4319084.793, 95
Trd, 4319085.343, 88
Trd, 4319086.643, 135
Trd, 4319086.743, 116
Trd, 4319087.393, 118
Trd, 4319088.893, 140
Trd, 4319089.243, 140
Trd, 4319089.493, 140
Trd, 4319090.043, 140
Trd, 4319090.993, 135
Trd, 4319091.493, 127
Trd, 4319092.843, 138
Trd, 4319092.943, 122
Trd, 4319093.043, 105
Trd, 4319093.443, 140
Trd, 4319093.593, 100
Trd, 4319095.543, 124
Trd, 4319095.943, 138
Trd, 4319096.093, 137
Trd, 4319097.143, 134
Trd, 4319097.393, 123
Trd, 4319098.993, 134
Trd, 4319099.193, 133
Trd, 4319099.243, 130
Trd, 4319099.543, 61
Trd, 4319100.193, 80
Trd, 4319101.343, 140
Trd, 4319102.443, 122
Trd, 4319103.343, 140
Trd, 4319104.443, 140
Trd, 4319104.543, 121
Trd, 4319105.393, 140
Trd, 4319106.593, 115
Trd, 4319107.093, 127
Trd, 4319108.293, 140
Trd, 4319109.093, 132
Trd, 4319109.243, 128
Trd, 4319109.943, 126
Trd, 4319111.093, 125
Trd, 4319112.693, 137
Trd, 4319112.893, 120
Trd, 4319113.743, 140
Trd, 4319115.343, 134
Trd, 4319115.743, 116
Trd, 4319116.043, 113
Trd, 4319116.693, 127
Trd, 4319117.093, 130
Trd, 4319117.443, 136
Trd, 4319117.843, 136
Trd, 4319119.043, 140
Trd, 4319120.093, 140
Trd, 4319120.743, 139
Trd, 4319121.143, 139
Trd, 4319121.293, 139
Trd, 4319122.243, 62
Trd, 4319122.643, 101
Trd, 4319123.143, 68
Trd, 4319123.543, 62
Trd, 4319124.243, 138
Trd, 4319124.743, 137
Trd, 4319124.893, 117
Trd, 4319125.693, 103
Trd, 4319126.193, 139
Trd, 4319127.493, 140
Trd, 4319127.843, 140
Trd, 4319128.543, 139
Trd, 4319130.143, 139
Trd, 4319130.693, 138
Trd, 4319131.043, 132
Trd, 4319131.343, 128
Trd, 4319132.093, 134
Trd, 4319132.493, 133
Trd, 4319134.093, 119
Trd, 4319135.193, 140
Trd, 4319135.393, 134
Trd, 4319136.993, 125
Trd, 4319137.443, 119
Trd, 4319137.743, 106
Trd, 4319138.693, 140
Trd, 4319138.893, 140
Trd, 4319139.493, 121
Trd, 4319139.643, 139
Trd, 4319140.193, 79
Trd, 4319140.793, 98
Trd, 4319141.193, 71
Trd, 4319141.293, 103
Trd, 4319142.443, 101
Trd, 4319142.843, 139
Trd, 4319142.893, 87
Trd, 4319143.543, 140
Trd, 4319145.993, 140
Trd, 4319146.093, 103
Trd, 4319146.193, 101
Trd, 4319147.693, 117
Trd, 4319149.143, 61
Trd, 4319149.293, 75
Trd, 4319149.543, 76
Trd, 4319149.843, 74
Trd, 4319150.743, 98
Trd, 4319150.793, 83
Trd, 4319152.393, 140
Trd, 4319152.643, 140
Trd, 4319153.143, 93
Trd, 4319153.393, 104
Trd, 4319155.193, 137
Trd, 4319156.643, 135
Trd, 4319156.943, 134
Trd, 4319156.993, 125
Trd, 4319157.193, 122
Trd, 4319157.743, 138
Trd, 4319158.293, 133
Trd, 4319158.993, 63
Trd, 4319160.993, 133
Trd, 4319161.393, 139
Trd, 4319161.993, 114
Trd, 4319162.293, 99
Trd, 4319162.993, 140
Trd, 4319163.643, 101
Trd, 4319164.743, 60
Trd, 4319165.093, 72
Trd, 4319165.443, 64
Trd, 4319167.293, 115
Trd, 4319168.093, 140
Trd, 4319168.743, 140
Trd, 4319169.393, 140
Trd, 4319169.793, 136
Trd, 4319170.293, 139
Trd, 4319170.493, 123
Trd, 4319172.143, 140
Trd, 4319172.293, 139
Trd, 4319172.943, 136
Trd, 4319173.143, 97
Trd, 4319173.593, 79
Trd, 4319175.343, 70
Trd, 4319175.693, 71
Trd, 4319175.893, 138
Trd, 4319176.793, 138
Trd, 4319177.343, 125
Trd, 4319178.093, 71
Trd, 4319178.443, 64
Trd, 4319178.843, 89
Trd, 4319180.993, 119
Trd, 4319181.043, 118
Trd, 4319181.343, 138
Trd, 4319182.293, 68
Trd, 4319182.693, 65
Trd, 4319183.443, 139
Trd, 4319183.593, 124
Trd, 4319184.443, 113
Trd, 4319186.493, 129
Trd, 4319188.643, 140
Trd, 4319188.943, 140
Trd, 4319189.743, 140
Trd, 4319190.043, 139
Trd, 4319190.493, 106
Trd, 4319191.643, 133
Trd, 4319191.743, 130
Trd, 4319191.793, 129
Trd, 4319192.443, 129
Trd, 4319192.793, 139
Trd, 4319193.343, 126
Trd, 4319193.543, 108
Trd, 4319194.243, 116
Trd, 4319194.793, 75
Trd, 4319195.093, 74
Trd, 4319196.843, 107
Trd, 4319197.493, 129
Trd, 4319197.843, 110
Trd, 4319198.043, 76
Trd, 4319199.743, 140
Trd, 4319200.493, 140
Trd, 4319200.643, 140
Trd, 4319200.693, 133
Trd, 4319200.743, 89
Trd, 4319201.343, 62
Trd, 4319201.593, 66
Trd, 4319202.893, 70
Trd, 4319204.193, 61
Trd, 4319204.693, 78
Trd, 4319204.943, 92
Trd, 4319205.143, 77
Trd, 4319206.193, 116
Trd, 4319206.943, 129
Trd, 4319207.443, 137
Trd, 4319207.793, 118
Trd, 4319208.343, 140
Trd, 4319208.493, 103
Trd, 4319208.893, 79
Trd, 4319209.943, 90
Trd, 4319210.193, 67
Trd, 4319212.543, 140
Trd, 4319212.693, 140
Trd, 4319213.043, 140
Trd, 4319213.593, 128
Trd, 4319214.193, 136
Trd, 4319214.543, 110
Trd, 4319214.793, 140
Trd, 4319215.843, 134
Trd, 4319217.343, 103
Trd, 4319217.943, 103
Trd, 4319218.493, 92
Trd, 4319218.693, 134
Trd, 4319219.243, 132
Trd, 4319219.943, 121
Trd, 4319220.443, 120
Trd, 4319221.343, 92
Trd, 4319221.943, 77
Trd, 4319224.643, 140
Trd, 4319225.193, 140
Trd, 4319225.243, 140
Trd, 4319225.593, 125
Trd, 4319226.243, 112
Trd, 4319226.643, 106
Trd, 4319226.893, 139
Trd, 4319227.793, 139
Trd, 4319228.043, 128
Trd, 4319229.193, 134
Trd, 4319229.443, 134
Trd, 4319229.493, 133
Trd, 4319230.693, 95
Trd, 4319232.043, 119
Trd, 4319232.193, 76
Trd, 4319232.293, 68
Trd, 4319233.243, 86
Trd, 4319234.093, 128
Trd, 4319235.943, 140
Trd, 4319236.243, 140
Trd, 4319236.843, 140
Trd, 4319237.143, 67
Trd, 4319237.843, 114
Trd, 4319237.993, 97
Trd, 4319239.043, 61
Trd, 4319239.743, 110
Trd, 4319241.493, 140
Trd, 4319241.593, 137
Trd, 4319241.693, 119
Trd, 4319241.993, 106
Trd, 4319242.693, 140
Trd, 4319244.093, 137
Trd, 4319244.493, 126
Trd, 4319245.893, 116
Trd, 4319245.993, 115
Trd, 4319247.693, 113
Trd, 4319248.393, 140
Trd, 4319248.743, 112
Trd, 4319249.543, 132
Trd, 4319250.343, 73
Trd, 4319250.643, 140
Trd, 4319251.493, 140
Trd, 4319251.893, 72
Trd, 4319252.293, 140
Trd, 4319253.443, 128
Trd, 4319253.493, 127
Trd, 4319254.493, 140
Trd, 4319254.843, 128
Trd, 4319256.243, 128
Trd, 4319256.743, 124
Trd, 4319257.043, 107
Trd, 4319258.193, 127
Trd, 4319259.243, 117
Trd, 4319259.443, 102
Trd, 4319259.593, 101
Trd, 4319260.093, 103
Trd, 4319260.393, 61
Trd, 4319261.743, 137
Trd, 4319261.893, 135
Trd, 4319262.993, 140
Trd, 4319263.693, 140
Trd, 4319263.893, 93
Trd, 4319264.393, 140
Trd, 4319265.043, 83
Trd, 4319266.093, 127
Trd, 4319266.343, 130
Trd, 4319266.693, 138
Trd, 4319267.443, 92
Trd, 4319268.543, 125
Trd, 4319269.293, 111
Trd, 4319269.793, 138
Trd, 4319269.843, 129
Trd, 4319270.493, 139
Trd, 4319270.793, 84
Trd, 4319272.143, 140
Trd, 4319273.043, 140
Trd, 4319273.543, 128
Trd, 4319275.943, 140
Trd, 4319276.343, 138
Trd, 4319276.593, 137
Trd, 4319277.043, 125
Trd, 4319279.643, 133
Trd, 4319279.793, 132
Trd, 4319281.043, 140
Trd, 4319281.093, 139
Trd, 4319281.493, 132
Trd, 4319282.143, 131
Trd, 4319282.843, 129
Trd, 4319283.243, 127
Trd, 4319283.343, 109
Trd, 4319284.093, 75
Trd, 4319285.393, 108
Trd, 4319285.443, 79
Trd, 4319285.543, 78
Trd, 4319286.093, 75
Trd, 4319286.743, 140
Trd, 4319287.593, 133
Trd, 4319287.893, 119
Trd, 4319290.943, 140
Trd, 4319291.393, 140
Trd, 4319291.643, 140
Trd, 4319292.543, 137
Trd, 4319293.343, 137
Trd, 4319293.593, 140
Trd, 4319293.993, 131
Trd, 4319294.293, 117
Trd, 4319294.393, 85
Trd, 4319295.693, 140
Trd, 4319295.843, 139
Trd, 4319295.893, 138
Trd, 4319296.143, 129
Trd, 4319298.393, 140
Trd, 4319298.893, 128
Trd, 4319299.693, 63
Trd, 4319300.193, 108
Trd, 4319301.443, 140
Trd, 4319302.293, 110
Trd, 4319302.793, 140
Trd, 4319303.043, 140
Trd, 4319303.143, 133
Trd, 4319303.193, 114
Trd, 4319303.493, 96
Trd, 4319305.093, 62
Trd, 4319305.193, 71
Trd, 4319306.443, 102
Trd, 4319306.593, 138
Trd, 4319306.893, 72
Trd, 4319307.693, 113
Trd, 4319308.193, 67
Trd, 4319309.393, 137
Trd, 4319309.593, 136
Trd, 4319309.793, 106
Trd, 4319311.793, 100
Trd, 4319312.843, 80
Trd, 4319312.993, 139
Trd, 4319313.493, 138
Trd, 4319314.793, 138
Trd, 4319315.493, 126
Trd, 4319316.143, 118
Trd, 4319316.193, 112
Trd, 4319317.393, 140
Trd, 4319317.493, 118
Trd, 4319319.143, 140
Trd, 4319319.693, 115
Trd, 4319320.493, 139
Trd, 4319321.643, 138
Trd, 4319321.893, 116
Trd, 4319322.593, 112
Trd, 4319322.643, 96
Trd, 4319323.993, 140
Trd, 4319324.193, 139
Trd, 4319325.443, 130
Trd, 4319325.743, 115
Trd, 4319326.743, 140
Trd, 4319326.843, 135
Trd, 4319327.393, 109
Trd, 4319329.243, 140
Trd, 4319330.093, 139
Trd, 4319330.393, 139
Trd, 4319330.593, 135
Trd, 4319331.243, 116
Trd, 4319332.843, 140
Trd, 4319333.393, 140
Trd, 4319334.893, 140
Trd, 4319334.943, 140
Trd, 4319335.093, 137
Trd, 4319335.293, 123
Trd, 4319335.543, 123
Trd, 4319335.993, 122
Trd, 4319336.193, 95
Trd, 4319337.893, 115
Trd, 4319338.093, 139
Trd, 4319338.743, 75
Trd, 4319339.143, 75
Trd, 4319339.343, 62
Trd, 4319341.493, 140
Trd, 4319342.743, 133
Trd, 4319343.243, 119
Trd, 4319343.943, 127
Trd, 4319345.793, 128
Trd, 4319345.993, 127
Trd, 4319346.493, 129
Trd, 4319347.993, 140
Trd, 4319348.093, 140
Trd, 4319348.193, 140
Trd, 4319348.593, 116
Trd, 4319349.293, 108
Trd, 4319349.993, 140
Trd, 4319350.893, 126
Trd, 4319351.093, 99
Trd, 4319351.893, 113
Trd, 4319352.043, 90
Trd, 4319353.243, 140
Trd, 4319353.793, 130
Trd, 4319354.043, 90
Trd, 4319354.543, 140
Trd, 4319354.793, 64
Trd, 4319356.693, 124
Trd, 4319357.343, 122
Trd, 4319357.593, 114
Trd, 4319359.143, 107
Trd, 4319359.193, 106
Trd, 4319360.343, 140
Trd, 4319361.143, 122
Trd, 4319361.993, 122
Trd, 4319362.243, 122
Trd, 4319362.543, 121
Trd, 4319363.143, 139
Trd, 4319363.843, 140
Trd, 4319364.143, 123
Trd, 4319364.193, 118
Trd, 4319366.243, 140
Trd, 4319367.293, 140
Trd, 4319367.543, 140
Trd, 4319369.193, 124
Trd, 4319369.543, 61
Trd, 4319370.043, 114
Trd, 4319370.593, 140
Trd, 4319371.093, 136
Trd, 4319371.343, 138
Trd, 4319372.493, 131
Trd, 4319373.193, 114
Trd, 4319373.393, 115
Trd, 4319373.843, 123
Trd, 4319374.093, 112
Trd, 4319374.243, 98
Trd, 4319375.743, 139
Trd, 4319376.543, 110
Trd, 4319376.643, 109
Trd, 4319379.043, 84
Trd, 4319379.743, 118
Trd, 4319381.243, 140
Trd, 4319381.393, 139
Trd, 4319381.543, 110
Trd, 4319384.293, 137
Trd, 4319384.443, 100
Trd, 4319384.893, 140
Trd, 4319384.993, 138
Trd, 4319385.393, 124
Trd, 4319385.643, 110
Trd, 4319387.743, 140
Trd, 4319387.793, 92
Trd, 4319388.293, 86
Trd, 4319389.343, 107
Trd, 4319390.243, 78
Trd, 4319391.493, 140
Trd, 4319391.893, 140
Trd, 4319392.043, 139
Trd, 4319392.093, 138
Trd, 4319392.893, 114
Trd, 4319393.543, 72
Trd, 4319394.843, 62
Trd, 4319395.093, 70
Trd, 4319395.593, 81
Trd, 4319396.693, 61
Trd, 4319397.043, 85
Trd, 4319398.043, 81
Trd, 4319398.743, 121
Trd, 4319399.543, 105
Trd, 4319399.843, 96
Trd, 4319400.993, 99
Trd, 4319401.193, 98
Trd, 4319402.093, 139
Trd, 4319403.693, 140
Trd, 4319403.743, 139
Trd, 4319403.943, 119
Trd, 4319404.193, 74
Trd, 4319404.443, 140
Trd, 4319405.343, 105
Trd, 4319406.793, 137
Trd, 4319406.943, 136
Trd, 4319407.043, 98
Trd, 4319407.743, 140
Trd, 4319407.943, 140
Trd, 4319409.643, 122
Trd, 4319410.593, 139
Trd, 4319411.043, 106
Trd, 4319411.593, 121
Trd, 4319412.143, 100
Trd, 4319412.943, 139
Trd, 4319413.343, 112
Trd, 4319413.993, 101
Trd, 4319414.043, 100
Trd, 4319414.493, 85
Trd, 4319416.943, 62
Trd, 4319418.043, 99
Trd, 4319418.493, 90
Trd, 4319418.543, 89
Trd, 4319418.943, 99
Trd, 4319419.693, 140
Trd, 4319420.193, 133
Trd, 4319421.243, 120
Trd, 4319421.593, 63
Trd, 4319422.043, 61
Trd, 4319422.843, 139
Trd, 4319422.893, 126
Trd, 4319423.493, 77
Trd, 4319424.143, 76
Trd, 4319424.443, 72
Trd, 4319424.893, 90
Trd, 4319426.543, 62
Trd, 4319426.843, 60
Trd, 4319426.893, 71
Trd, 4319428.193, 63
Trd, 4319428.493, 92
Trd, 4319429.193, 108
Trd, 4319429.843, 140
Trd, 4319431.593, 116
Trd, 4319432.493, 140
Trd, 4319432.543, 112
Trd, 4319432.943, 136
Trd, 4319433.893, 126
Trd, 4319435.043, 125
Trd, 4319435.093, 123
Trd, 4319435.343, 119
Trd, 4319436.393, 140
Trd, 4319437.143, 140
Trd, 4319437.343, 132
Trd, 4319437.593, 120
Trd, 4319439.343, 138
Trd, 4319439.493, 112
Trd, 4319439.693, 93
Trd, 4319440.743, 121
Trd, 4319442.093, 140
Trd, 4319442.843, 116
Trd, 4319443.643, 140
Trd, 4319443.743, 134
Trd, 4319444.693, 101
Trd, 4319445.193, 101
Trd, 4319445.743, 140
Trd, 4319445.793, 127
Trd, 4319446.793, 94
Trd, 4319446.943, 92
Trd, 4319448.043, 105
Trd, 4319449.443, 127
Trd, 4319449.543, 107
Trd, 4319449.693, 98
Trd, 4319449.793, 97
Trd, 4319450.943, 114
Trd, 4319451.593, 140
Trd, 4319453.593, 136
Trd, 4319453.793, 127
Trd, 4319455.043, 139
Trd, 4319455.693, 132
Trd, 4319455.793, 123
Trd, 4319457.993, 140
Trd, 4319458.143, 119
Trd, 4319458.843, 140
Trd, 4319458.893, 137
Trd, 4319458.993, 85
Trd, 4319459.943, 116
Trd, 4319460.093, 97
Trd, 4319460.893, 114
Trd, 4319461.043, 111
Trd, 4319461.193, 110
Trd, 4319463.193, 125
Trd, 4319463.443, 124
Trd, 4319463.793, 118
Trd, 4319464.993, 139
Trd, 4319465.543, 140
Trd, 4319465.593, 140
Trd, 4319465.993, 140
Trd, 4319466.943, 121
Trd, 4319468.143, 106
Trd, 4319469.693, 140
Trd, 4319471.193, 140
Trd, 4319472.893, 140
Trd, 4319473.343, 140
Trd, 4319473.793, 138
Trd, 4319474.143, 140
Trd, 4319474.193, 133
Trd, 4319474.393, 123
Trd, 4319474.843, 104
Trd, 4319475.843, 95
Trd, 4319478.443, 140
Trd, 4319479.793, 140
Trd, 4319479.993, 140
Trd, 4319480.393, 129
Trd, 4319480.993, 111
Trd, 4319481.443, 137
Trd, 4319482.943, 140
Trd, 4319483.693, 140
Trd, 4319484.243, 140
Trd, 4319484.893, 132
Trd, 4319484.993, 114
Trd, 4319485.693, 129
Trd, 4319485.993, 140
Trd, 4319486.643, 132
Trd, 4319488.043, 102
Trd, 4319488.693, 73
Trd, 4319490.043, 86
Trd, 4319490.243, 63
Trd, 4319490.543, 75
Trd, 4319491.693, 66
Trd, 4319492.593, 84
Trd, 4319492.643, 87
Trd, 4319493.843, 93
Trd, 4319494.643, 130
Trd, 4319494.693, 129
Trd, 4319495.743, 140
Trd, 4319496.043, 128
Trd, 4319496.343, 140
Trd, 4319497.343, 77
Trd, 4319497.843, 72
Trd, 4319498.543, 67
Trd, 4319498.743, 97
Trd, 4319499.193, 89
Trd, 4319500.143, 115
Trd, 4319502.193, 125
Trd, 4319502.393, 124
Trd, 4319502.743, 111
Trd, 4319503.343, 131
Trd, 4319504.493, 76
Trd, 4319505.193, 93
Trd, 4319505.543, 121
Trd, 4319506.193, 77
Trd, 4319506.343, 101
Trd, 4319507.743, 140
Trd, 4319508.743, 140
Trd, 4319508.793, 137
Trd, 4319509.893, 134
Trd, 4319510.093, 110
Trd, 4319510.143, 95
Trd, 4319510.243, 91
Trd, 4319510.393, 90
Trd, 4319511.043, 140
Trd, 4319511.943, 138
Trd, 4319513.493, 64
Trd, 4319514.343, 60
Trd, 4319514.443, 75
Trd, 4319514.843, 95
Trd, 4319516.343, 140
Trd, 4319516.493, 140
Trd, 4319517.143, 140
Trd, 4319517.193, 140
Trd, 4319519.293, 138
Trd, 4319519.843, 137
Trd, 4319519.993, 132
Trd, 4319520.043, 116
Trd, 4319520.243, 113
Trd, 4319520.343, 126
Trd, 4319522.093, 140
Trd, 4319522.393, 62
Trd, 4319523.893, 137
Trd, 4319524.893, 116
Trd, 4319525.043, 98
Trd, 4319525.293, 140
Trd, 4319525.393, 97
Trd, 4319525.893, 70
Trd, 4319526.343, 66
Trd, 4319526.493, 61
Trd, 4319527.343, 64
Trd, 4319527.743, 139
Trd, 4319529.443, 140
Trd, 4319530.243, 99
Trd, 4319530.343, 78
Trd, 4319530.743, 65
Trd, 4319532.343, 65
Trd, 4319532.843, 67
Trd, 4319533.443, 60
Trd, 4319533.943, 61
Trd, 4319534.193, 95
Trd, 4319535.493, 66
Trd, 4319535.893, 77
Trd, 4319536.093, 140
Trd, 4319536.693, 64
Trd, 4319537.893, 140
Trd, 4319537.993, 140
Trd, 4319538.093, 61
Trd, 4319539.093, 120
Trd, 4319539.443, 60
Trd, 4319539.693, 94
Trd, 4319540.243, 140
Trd, 4319541.193, 78
Trd, 4319542.093, 91
Trd, 4319543.093, 84
Trd, 4319543.593, 112
Trd, 4319544.193, 83
Trd, 4319544.643, 71
Trd, 4319545.643, 71
Trd, 4319546.693, 134
Trd, 4319547.093, 139
Trd, 4319547.293, 140
Trd, 4319548.643, 107
Trd, 4319549.643, 139
Trd, 4319549.693, 138
Trd, 4319550.443, 137
Trd, 4319550.643, 119
Trd, 4319551.043, 137
Trd, 4319551.443, 111
Trd, 4319552.643, 117
Trd, 4319553.293, 122
Trd, 4319554.143, 100
Trd, 4319554.643, 102
Trd, 4319554.793, 96
Trd, 4319555.693, 127
Trd, 4319557.043, 120
Trd, 4319557.293, 140
Trd, 4319558.493, 133
Trd, 4319559.543, 140
Trd, 4319559.843, 113
Trd, 4319560.443, 110
Trd, 4319561.443, 140
Trd, 4319562.443, 121
Trd, 4319562.893, 95
Trd, 4319563.793, 81
Trd, 4319564.043, 61
Trd, 4319564.343, 73
Trd, 4319565.493, 116
Trd, 4319565.843, 116
Trd, 4319565.993, 115
Trd, 4319566.393, 102
Trd, 4319568.043, 139
Trd, 4319568.143, 120
Trd, 4319568.493, 87
Trd, 4319570.243, 139
Trd, 4319571.643, 137
Trd, 4319572.343, 128
Trd, 4319572.443, 126
Trd, 4319573.093, 136
Trd, 4319574.793, 120
Trd, 4319575.443, 140
Trd, 4319575.693, 117
Trd, 4319575.993, 106
Trd, 4319577.493, 140
Trd, 4319577.593, 130
Trd, 4319578.193, 113
Trd, 4319578.643, 106
Trd, 4319578.943, 140
Trd, 4319579.943, 115
Trd, 4319581.243, 138
Trd, 4319581.793, 140
Trd, 4319582.193, 124
Trd, 4319582.293, 120
Trd, 4319582.743, 113
Trd, 4319583.443, 103
Trd, 4319585.693, 127
Trd, 4319586.843, 138
Trd, 4319587.493, 139
Trd, 4319587.843, 137
Trd, 4319588.293, 137
Trd, 4319588.743, 123
Trd, 4319589.793, 135
Trd, 4319590.893, 82
Trd, 4319591.093, 63
Trd, 4319593.143, 140
Trd, 4319593.593, 140
Trd, 4319594.443, 140
Trd, 4319594.643, 139
Trd, 4319595.043, 134
Trd, 4319595.293, 133
Trd, 4319596.093, 73
Trd, 4319597.093, 140
Trd, 4319597.243, 115
Trd, 4319598.693, 121
Trd, 4319600.693, 135
Trd, 4319600.893, 117
Trd, 4319601.843, 87
Trd, 4319602.043, 86
Trd, 4319602.443, 72
Trd, 4319602.743, 90
Trd, 4319603.493, 140
Trd, 4319603.893, 60
Trd, 4319604.143, 62
Trd, 4319604.943, 140
Trd, 4319605.193, 118
Trd, 4319606.393, 135
Trd, 4319607.293, 127
Trd, 4319607.443, 113
Trd, 4319608.293, 125
Trd, 4319608.443, 89
Trd, 4319609.043, 78
Trd, 4319609.643, 64
Trd, 4319610.093, 105
Trd, 4319610.793, 81
Trd, 4319611.343, 99
Trd, 4319612.343, 72
Trd, 4319613.043, 72
Trd, 4319613.243, 77
Trd, 4319614.343, 122
Trd, 4319614.793, 121
Trd, 4319616.143, 140
Trd, 4319616.393, 138
Trd, 4319617.743, 138
Trd, 4319618.993, 135
Trd, 4319619.893, 106
Trd, 4319620.143, 128
Trd, 4319620.993, 140
Trd, 4319621.143, 140
Trd, 4319621.693, 139
Trd, 4319622.193, 87
Trd, 4319623.543, 101
Trd, 4319623.693, 89
Trd, 4319623.943, 121
Trd, 4319624.093, 74
Trd, 4319625.993, 140
Trd, 4319626.193, 140
Trd, 4319626.393, 140
Trd, 4319627.093, 133
Trd, 4319627.843, 140
Trd, 4319628.943, 130
Trd, 4319629.493, 140
Trd, 4319630.643, 121
Trd, 4319631.343, 128
Trd, 4319632.043, 104
Trd, 4319632.643, 103
Trd, 4319633.343, 61
Trd, 4319633.793, 139
Trd, 4319634.093, 97
Trd, 4319634.393, 98
Trd, 4319634.793, 134
Trd, 4319634.843, 122
Trd, 4319635.793, 111
Trd, 4319636.243, 136
Trd, 4319636.493, 120
Trd, 4319637.343, 75
Trd, 4319638.343, 120
Trd, 4319639.243, 65
Trd, 4319639.293, 74
Trd, 4319639.793, 61
Trd, 4319640.943, 96
Trd, 4319642.143, 124
Trd, 4319642.943, 140
Trd, 4319643.143, 140
Trd, 4319643.543, 140
Trd, 4319643.893, 96
Trd, 4319645.193, 126
Trd, 4319645.343, 77
Trd, 4319646.593, 140
Trd, 4319646.693, 140
Trd, 4319647.043, 82
Trd, 4319648.143, 99
Trd, 4319649.643, 123
Trd, 4319649.993, 109
Trd, 4319650.893, 91
Trd, 4319651.893, 67
Trd, 4319652.843, 140
Trd, 4319652.943, 140
Trd, 4319653.243, 140
Trd, 4319654.293, 140
Trd, 4319654.393, 128
Trd, 4319654.593, 113
Trd, 4319655.543, 111
Trd, 4319656.193, 110
Trd, 4319656.543, 109
Trd, 4319657.543, 135
Trd, 4319657.893, 106
Trd, 4319659.643, 124
Trd, 4319660.243, 102
Trd, 4319661.043, 111
Trd, 4319661.993, 122
Trd, 4319662.193, 112
Trd, 4319662.893, 140
Trd, 4319663.343, 66
Trd, 4319663.793, 60
Trd, 4319664.243, 87
Trd, 4319665.293, 115
Trd, 4319666.243, 137
Trd, 4319667.093, 135
Trd, 4319667.243, 124
Trd, 4319667.543, 118
Trd, 4319668.493, 118
Trd, 4319668.943, 117
Trd, 4319669.443, 120
Trd, 4319669.993, 85
Trd, 4319670.593, 76
Trd, 4319670.843, 140
Trd, 4319671.443, 117
Trd, 4319672.493, 140
Trd, 4319673.243, 91
Trd, 4319673.493, 89
Trd, 4319673.943, 136
Trd, 4319673.993, 136
Trd, 4319674.143, 88
Trd, 4319674.993, 107
Trd, 4319675.793, 140
Trd, 4319676.843, 139
Trd, 4319677.793, 97
Trd, 4319677.943, 140
Trd, 4319678.043, 112
Trd, 4319678.793, 101
Trd, 4319680.143, 107
Trd, 4319680.693, 105
Trd, 4319681.143, 109
Trd, 4319682.143, 116
Trd, 4319682.493, 99
Trd, 4319683.393, 140
Trd, 4319684.043, 140
Trd, 4319684.543, 138
Trd, 4319684.893, 120
Trd, 4319684.943, 110
Trd, 4319685.593, 90
Trd, 4319685.693, 89
Trd, 4319686.793, 63
Trd, 4319687.893, 140
Trd, 4319688.793, 97
Trd, 4319689.643, 137
Trd, 4319690.493, 140
Trd, 4319691.443, 140
Trd, 4319691.493, 140
Trd, 4319693.343, 119
Trd, 4319693.543, 113
Trd, 4319694.493, 115
Trd, 4319694.693, 111
Trd, 4319695.243, 100
Trd, 4319695.593, 92
Trd, 4319697.843, 139
Trd, 4319698.393, 140
Trd, 4319698.643, 131
Trd, 4319698.943, 81
Trd, 4319700.143, 62
Trd, 4319700.493, 77
Trd, 4319701.893, 130
Trd, 4319702.043, 120
Trd, 4319702.643, 72
Trd, 4319703.493, 80
Trd, 4319704.393, 132
Trd, 4319704.843, 103
Trd, 4319705.593, 75
Trd, 4319705.743, 71
Trd, 4319706.393, 126
Trd, 4319706.593, 124
Trd, 4319706.943, 81
Trd, 4319707.893, 136
Trd, 4319708.443, 139
Trd, 4319708.793, 87
Trd, 4319709.793, 135
Trd, 4319710.193, 129
Trd, 4319711.543, 140
Trd, 4319711.893, 135
Trd, 4319712.193, 120
Trd, 4319712.443, 124
Trd, 4319713.093, 135
Trd, 4319713.743, 138
Trd, 4319713.893, 130
Trd, 4319714.243, 121
Trd, 4319715.193, 96
Trd, 4319716.093, 69
Trd, 4319716.593, 128
Trd, 4319717.843, 97
Trd, 4319719.343, 115
Trd, 4319719.593, 111
Trd, 4319719.743, 130
Trd, 4319720.543, 140
Trd, 4319720.593, 130
Trd, 4319722.193, 111
Trd, 4319722.343, 104
Trd, 4319723.543, 133
Trd, 4319724.693, 125
Trd, 4319724.793, 113
Trd, 4319725.093, 139
Trd, 4319725.943, 137
Trd, 4319726.143, 140
Trd, 4319726.243, 104
Trd, 4319727.793, 137
Trd, 4319728.243, 93
Trd, 4319729.793, 138
Trd, 4319729.843, 103
Trd, 4319729.943, 94
Trd, 4319730.693, 140
Trd, 4319733.393, 140
Trd, 4319733.693, 139
Trd, 4319733.943, 109
Trd, 4319734.043, 97
Trd, 4319735.193, 105
Trd, 4319735.443, 139
Trd, 4319737.443, 138
Trd, 4319737.793, 120
Trd, 4319738.393, 103
Trd, 4319738.843, 139
Trd, 4319739.443, 89
Trd, 4319739.693, 87
Trd, 4319740.393, 75
Trd, 4319741.393, 97
Trd, 4319742.543, 139
Trd, 4319743.043, 120
Trd, 4319743.193, 134
Trd, 4319743.443, 111
Trd, 4319744.393, 140
Trd, 4319745.493, 140
Trd, 4319745.793, 140
Trd, 4319747.093, 138
Trd, 4319747.843, 140
Trd, 4319748.043, 139
Trd, 4319748.693, 139
Trd, 4319748.793, 123
Trd, 4319749.443, 115
Trd, 4319750.593, 119
Trd, 4319750.693, 112
Trd, 4319751.843, 123
Trd, 4319752.493, 140
Trd, 4319753.043, 140
Trd, 4319753.143, 139
Trd, 4319753.343, 104
Trd, 4319753.793, 140
Trd, 4319755.193, 114
Trd, 4319756.143, 101
Trd, 4319757.293, 99
Trd, 4319758.043, 138
Trd, 4319758.143, 120
Trd, 4319758.843, 100
Trd, 4319759.443, 97
Trd, 4319759.993, 140
Trd, 4319760.893, 132
Trd, 4319761.993, 131
Trd, 4319762.193, 112
Trd, 4319762.693, 99
Trd, 4319763.093, 81
Trd, 4319764.443, 140
Trd, 4319764.543, 132
Trd, 4319765.543, 138
Trd, 4319765.743, 102
Trd, 4319765.943, 94
Trd, 4319766.993, 90
Trd, 4319767.443, 83
Trd, 4319767.643, 99
Trd, 4319768.443, 140
Trd, 4319768.693, 108
Trd, 4319770.343, 128
Trd, 4319771.643, 134
Trd, 4319773.093, 140
Trd, 4319773.243, 115
Trd, 4319773.993, 115
Trd, 4319774.093, 136
Trd, 4319775.093, 113
Trd, 4319775.493, 115
Trd, 4319775.593, 114
Trd, 4319776.543, 140
Trd, 4319776.593, 139
Trd, 4319778.893, 122
Trd, 4319779.193, 130
Trd, 4319779.243, 117
Trd, 4319779.593, 113
Trd, 4319779.743, 132
Trd, 4319781.443, 140
Trd, 4319781.793, 139
Trd, 4319782.043, 137
Trd, 4319782.893, 133
Trd, 4319784.093, 133
Trd, 4319784.193, 109
Trd, 4319785.943, 140
Trd, 4319786.743, 137
Trd, 4319786.843, 131
Trd, 4319788.043, 101
Trd, 4319790.443, 138
Trd, 4319790.893, 114
Trd, 4319791.193, 122
Trd, 4319791.343, 121
Trd, 4319791.393, 112
Trd, 4319792.393, 140
Trd, 4319792.893, 140
Trd, 4319794.193, 140
Trd, 4319794.693, 140
Trd, 4319794.743, 135
Trd, 4319796.143, 104
Trd, 4319796.593, 100
Trd, 4319796.643, 124
Trd, 4319796.743, 98
Trd, 4319797.193, 99
Trd, 4319797.293, 87
Trd, 4319797.693, 127
Trd, 4319798.493, 119
Trd, 4319799.543, 88
Trd, 4319800.093, 136
Trd, 4319800.643, 74
Trd, 4319801.343, 139
Trd, 4319802.843, 140
Trd, 4319803.243, 134
Trd, 4319803.993, 119
Trd, 4319804.693, 74
Trd, 4319805.543, 81
Trd, 4319805.843, 140
Trd, 4319806.093, 114
Trd, 4319807.893, 140
Trd, 4319808.243, 140
Trd, 4319808.993, 139
Trd, 4319809.093, 133
Trd, 4319809.593, 119
Trd, 4319809.993, 116
Trd, 4319810.893, 95
Trd, 4319810.993, 84
Trd, 4319811.093, 119
Trd, 4319811.993, 140
Trd, 4319812.693, 138
Trd, 4319813.143, 127
Trd, 4319813.493, 63
Trd, 4319814.393, 64
Trd, 4319815.293, 130
Trd, 4319816.093, 105
Trd, 4319816.693, 104
Trd, 4319816.843, 140
Trd, 4319817.043, 125
Trd, 4319818.543, 113
Trd, 4319819.593, 61
Trd, 4319819.893, 117
Trd, 4319820.543, 111
Trd, 4319820.593, 99
Trd, 4319821.093, 74
Trd, 4319821.793, 64
Trd, 4319822.843, 74
Trd, 4319824.543, 65
Trd, 4319825.293, 65
Trd, 4319826.093, 140
Trd, 4319827.043, 124
Trd, 4319827.093, 123
Trd, 4319827.893, 140
Trd, 4319827.943, 127
Trd, 4319828.193, 114
Trd, 4319828.793, 62
Trd, 4319830.543, 140
Trd, 4319830.843, 139
Trd, 4319831.343, 140
Trd, 4319832.493, 98
Trd, 4319833.443, 136
Trd, 4319834.643, 118
Trd, 4319835.343, 123
Trd, 4319835.493, 122
Trd, 4319835.943, 89
Trd, 4319836.143, 114
Trd, 4319836.693, 79
Trd, 4319837.643, 140
Trd, 4319837.793, 139
Trd, 4319838.293, 64
Trd, 4319839.093, 68
Trd, 4319840.143, 92
Trd, 4319840.243, 66
Trd, 4319842.443, 139
Trd, 4319842.743, 136
Trd, 4319843.343, 125
Trd, 4319844.143, 140
Trd, 4319844.193, 122
Trd, 4319844.693, 112
Trd, 4319845.343, 140
Trd, 4319845.393, 99
Trd, 4319846.943, 121
Trd, 4319847.043, 89
Trd, 4319847.943, 64
Trd, 4319848.593, 60
Trd, 4319849.843, 108
Trd, 4319850.243, 134
Trd, 4319850.393, 108
Trd, 4319850.843, 107
Trd, 4319851.343, 60
Trd, 4319852.343, 137
Trd, 4319853.643, 136
Trd, 4319853.793, 132
Trd, 4319855.243, 65
Trd, 4319855.793, 70
Trd, 4319855.993, 101
Trd, 4319856.893, 108
Trd, 4319857.743, 88
Trd, 4319858.643, 140
Trd, 4319859.293, 140
Trd, 4319860.043, 140
Trd, 4319860.593, 121
Trd, 4319861.293, 137
Trd, 4319862.743, 140
Trd, 4319862.843, 140
Trd, 4319863.643, 122
Trd, 4319865.993, 140
Trd, 4319866.243, 134
Trd, 4319866.543, 138
Trd, 4319866.593, 130
Trd, 4319867.843, 135
Trd, 4319868.693, 128
Trd, 4319869.893, 124
Trd, 4319870.443, 123
Trd, 4319871.043, 121
Trd, 4319871.943, 139
Trd, 4319871.993, 139
Trd, 4319872.643, 113
Trd, 4319873.293, 107
Trd, 4319873.543, 120
Trd, 4319873.893, 108
Trd, 4319874.893, 86
Trd, 4319876.043, 64
Trd, 4319876.343, 65
Trd, 4319877.643, 60
Trd, 4319877.943, 60
Trd, 4319878.943, 69
Trd, 4319880.093, 114
Trd, 4319880.493, 140
Trd, 4319881.093, 102
Trd, 4319881.293, 122
Trd, 4319882.143, 140
Trd, 4319882.493, 140
Trd, 4319883.643, 124
Trd, 4319883.893, 116
Trd, 4319884.543, 138
Trd, 4319885.943, 140
Trd, 4319886.143, 140
Trd, 4319886.493, 108
Trd, 4319886.793, 107
Trd, 4319887.193, 140
Trd, 4319888.093, 140
Trd, 4319888.293, 136
Trd, 4319888.893, 84
Trd, 4319890.143, 138
Trd, 4319891.193, 140
Trd, 4319891.293, 130
Trd, 4319891.743, 133
Trd, 4319892.443, 64
Trd, 4319893.043, 65
Trd, 4319894.093, 123
Trd, 4319894.743, 119
Trd, 4319894.843, 96
Trd, 4319896.143, 140
Trd, 4319896.743, 140
Trd, 4319897.593, 140
Trd, 4319897.643, 140
Trd, 4319898.693, 138
Trd, 4319899.193, 121
Trd, 4319899.493, 120
Trd, 4319900.393, 128
Trd, 4319901.843, 136
Trd, 4319902.093, 109
Trd, 4319902.443, 125
Trd, 4319903.343, 139
Trd, 4319903.543, 129
Trd, 4319904.443, 140
Trd, 4319904.893, 137
Trd, 4319905.993, 106
Trd, 4319906.293, 140
Trd, 4319907.293, 107
Trd, 4319907.793, 85
Trd, 4319908.293, 87
Trd, 4319909.093, 87
Trd, 4319909.193, 129
Trd, 4319910.243, 62
Trd, 4319911.443, 140
Trd, 4319911.593, 96
Trd, 4319912.993, 60
Trd, 4319913.893, 60
Trd, 4319915.643, 114
Trd, 4319915.843, 118
Trd, 4319916.293, 139
Trd, 4319916.393, 128
Trd, 4319917.043, 105
Trd, 4319917.293, 120
Trd, 4319918.143, 87
Trd, 4319919.093, 88
Trd, 4319919.893, 83
Trd, 4319920.243, 128
Trd, 4319920.793, 127
Trd, 4319922.093, 121
Trd, 4319922.343, 106
Trd, 4319922.943, 105
Trd, 4319923.093, 104
Trd, 4319923.993, 140
Trd, 4319924.993, 139
Trd, 4319926.093, 108
Trd, 4319926.743, 117
Trd, 4319926.893, 114
Trd, 4319927.893, 110
Trd, 4319928.343, 77
Trd, 4319929.793, 140
Trd, 4319929.893, 140
Trd, 4319930.993, 118
Trd, 4319931.393, 119
Trd, 4319932.793, 119
Trd, 4319933.293, 100
Trd, 4319934.643, 135
Trd, 4319934.993, 121
Trd, 4319935.243, 118
Trd, 4319935.643, 62
Trd, 4319937.143, 80
Trd, 4319937.493, 139
Trd, 4319937.593, 79
Trd, 4319938.743, 121
Trd, 4319941.993, 140
Trd, 4319942.093, 140
Trd, 4319942.693, 139
Trd, 4319943.493, 140
Trd, 4319943.943, 138
Trd, 4319944.793, 136
Trd, 4319945.293, 140
Trd, 4319946.543, 122
Trd, 4319947.643, 105
Trd, 4319947.893, 123
Trd, 4319948.193, 120
Trd, 4319948.893, 139
Trd, 4319949.993, 139
Trd, 4319950.643, 120
Trd, 4319951.193, 130
Trd, 4319952.643, 140
Trd, 4319952.843, 140
Trd, 4319953.843, 111
Trd, 4319954.543, 111
Trd, 4319954.893, 90
Trd, 4319954.943, 81
Trd, 4319956.193, 140
Trd, 4319957.343, 135
Trd, 4319957.493, 134
Trd, 4319958.093, 117
Trd, 4319958.793, 139
Trd, 4319959.993, 138
Trd, 4319961.793, 131
Trd, 4319961.843, 125
Trd, 4319962.543, 129
Trd, 4319963.293, 140
Trd, 4319963.343, 124
Trd, 4319963.493, 124
Trd, 4319964.093, 132
Trd, 4319964.643, 138
Trd, 4319964.743, 94
Trd, 4319966.593, 129
Trd, 4319967.393, 140
Trd, 4319969.693, 60
Trd, 4319969.743, 67
Trd, 4319970.193, 77
Trd, 4319970.393, 68
Trd, 4319970.443, 81
Trd, 4319970.693, 66
Trd, 4319971.093, 97
Trd, 4319972.243, 60
Trd, 4319973.293, 99
Trd, 4319974.693, 116
Trd, 4319975.043, 115
Trd, 4319975.143, 110
Trd, 4319975.393, 105
Trd, 4319976.143, 140
Trd, 4319976.393, 118
Trd, 4319977.293, 108
Trd, 4319977.393, 104
Trd, 4319977.893, 83
Trd, 4319978.243, 80
Trd, 4319979.443, 140
Trd, 4319979.693, 140
Trd, 4319980.443, 140
Trd, 4319981.443, 140
Trd, 4319983.693, 140
Trd, 4319983.943, 140
Trd, 4319984.143, 123
Trd, 4319984.793, 140
Trd, 4319985.493, 113
Trd, 4319986.293, 127
Trd, 4319986.943, 99
Trd, 4319987.243, 96
Trd, 4319987.643, 79
Trd, 4319988.093, 94
Trd, 4319988.693, 72
Trd, 4319989.493, 97
Trd, 4319989.943, 90
Trd, 4319990.293, 74
Trd, 4319990.843, 72
Trd, 4319991.693, 61
Trd, 4319991.893, 64
Trd, 4319992.693, 64
Trd, 4319992.893, 88
Trd, 4319993.593, 100
Trd, 4319994.793, 136
Trd, 4319996.043, 133
Trd, 4319996.143, 138
Trd, 4319996.293, 111
Trd, 4319997.393, 120
Trd, 4319997.643, 114
Trd, 4319997.993, 109
Trd, 4319998.393, 90
Trd, 4319998.793, 73
Trd, 4319999.643, 60
