Trd, 4318065.493, 98
Trd, 4318066.393, 87
Trd, 4318067.993, 100
Trd, 4318068.643, 94
Trd, 4318069.993, 107
Trd, 4318070.393, 106
Trd, 4318070.593, 91
Trd, 4318070.843, 90
Trd, 4318074.343, 115
Trd, 4318075.293, 140
Trd, 4318075.543, 116
Trd, 4318075.693, 98
Trd, 4318076.443, 62
Trd, 4318078.693, 64
Trd, 4318080.193, 76
Trd, 4318080.943, 79
Trd, 4318082.043, 77
Trd, 4318084.793, 140
Trd, 4318084.943, 140
Trd, 4318085.043, 122
Trd, 4318085.793, 82
Trd, 4318087.393, 140
Trd, 4318087.693, 139
Trd, 4318090.343, 124
Trd, 4318090.993, 126
Trd, 4318092.143, 127
Trd, 4318092.343, 123
Trd, 4318092.593, 139
Trd, 4318092.943, 113
Trd, 4318093.493, 105
Trd, 4318094.093, 103
Trd, 4318095.043, 87
Trd, 4318095.193, 102
Trd, 4318095.893, 84
Trd, 4318098.143, 80
Trd, 4318098.743, 75
Trd, 4318099.093, 81
Trd, 4318099.243, 80
Trd, 4318099.843, 79
Trd, 4318102.543, 103
Trd, 4318103.893, 140
Trd, 4318103.943, 108
Trd, 4318104.593, 112
Trd, 4318104.693, 108
Trd, 4318105.793, 111
Trd, 4318106.093, 110
Trd, 4318107.693, 116
Trd, 4318108.093, 115
Trd, 4318108.693, 127
Trd, 4318109.393, 114
Trd, 4318111.043, 115
Trd, 4318111.143, 108
Trd, 4318112.493, 132
Trd, 4318114.143, 127
Trd, 4318115.293, 140
Trd, 4318115.643, 140
Trd, 4318116.243, 140
Trd, 4318117.943, 140
Trd, 4318118.443, 140
Trd, 4318118.943, 140
Trd, 4318119.943, 119
Trd, 4318120.193, 115
Trd, 4318120.293, 98
Trd, 4318121.043, 83
Trd, 4318121.793, 121
Trd, 4318123.193, 140
Trd, 4318123.243, 140
Trd, 4318123.393, 140
Trd, 4318123.843, 140
Trd, 4318124.743, 112
Trd, 4318125.793, 109
Trd, 4318127.143, 140
Trd, 4318127.243, 140
Trd, 4318127.293, 117
Trd, 4318128.143, 103
Trd, 4318130.243, 123
Trd, 4318130.293, 120
Trd, 4318130.493, 106
Trd, 4318132.443, 60
Trd, 4318132.993, 68
Trd, 4318133.793, 87
Trd, 4318136.743, 74
Trd, 4318136.893, 106
Trd, 4318137.543, 75
Trd, 4318137.843, 74
Trd, 4318138.093, 105
Trd, 4318138.693, 69
Trd, 4318139.943, 77
Trd, 4318141.993, 136
Trd, 4318142.643, 136
Trd, 4318143.593, 140
Trd, 4318144.143, 129
Trd, 4318144.393, 128
Trd, 4318144.443, 126
Trd, 4318145.693, 118
Trd, 4318145.943, 116
Trd, 4318146.893, 96
Trd, 4318147.943, 140
Trd, 4318148.193, 109
Trd, 4318148.743, 95
Trd, 4318149.943, 85
Trd, 4318150.643, 94
Trd, 4318151.193, 87
Trd, 4318151.243, 84
Trd, 4318153.343, 117
Trd, 4318153.593, 113
Trd, 4318154.843, 140
Trd, 4318155.243, 140
Trd, 4318156.393, 140
Trd, 4318157.693, 140
Trd, 4318158.593, 140
Trd, 4318160.543, 140
Trd, 4318161.393, 140
Trd, 4318162.293, 140
Trd, 4318163.493, 140
Trd, 4318163.993, 140
Trd, 4318164.293, 140
Trd, 4318165.443, 140
Trd, 4318165.593, 130
Trd, 4318165.693, 129
Trd, 4318166.193, 115
Trd, 4318166.743, 114
Trd, 4318166.793, 92
Trd, 4318169.393, 61
Trd, 4318169.943, 140
Trd, 4318170.093, 139
Trd, 4318170.393, 102
Trd, 4318171.493, 101
Trd, 4318172.993, 134
Trd, 4318173.093, 94
Trd, 4318173.793, 96
Trd, 4318174.393, 85
Trd, 4318177.143, 102
Trd, 4318178.043, 124
Trd, 4318179.643, 117
Trd, 4318179.943, 116
Trd, 4318179.993, 115
Trd, 4318180.743, 114
Trd, 4318180.993, 108
Trd, 4318182.343, 138
Trd, 4318183.493, 114
Trd, 4318184.593, 116
Trd, 4318184.643, 113
Trd, 4318184.743, 109
Trd, 4318184.893, 106
Trd, 4318184.943, 128
Trd, 4318185.793, 64
Trd, 4318186.693, 66
Trd, 4318189.743, 98
Trd, 4318190.393, 99
Trd, 4318190.443, 119
Trd, 4318191.593, 127
Trd, 4318191.843, 124
Trd, 4318193.443, 115
Trd, 4318193.793, 102
Trd, 4318194.293, 94
Trd, 4318194.793, 112
Trd, 4318196.193, 113
Trd, 4318197.843, 99
Trd, 4318198.193, 111
Trd, 4318199.343, 125
Trd, 4318199.693, 125
Trd, 4318199.993, 125
Trd, 4318201.393, 126
Trd, 4318202.043, 111
Trd, 4318202.593, 110
Trd, 4318203.543, 101
Trd, 4318204.043, 100
Trd, 4318204.443, 139
Trd, 4318205.543, 123
Trd, 4318205.693, 135
Trd, 4318207.093, 111
Trd, 4318207.743, 86
Trd, 4318207.793, 78
Trd, 4318208.893, 97
Trd, 4318210.693, 69
Trd, 4318213.093, 115
Trd, 4318213.193, 113
Trd, 4318213.493, 126
Trd, 4318214.643, 117
Trd, 4318215.043, 112
Trd, 4318215.543, 140
Trd, 4318217.293, 116
Trd, 4318218.343, 137
Trd, 4318218.443, 98
Trd, 4318219.243, 94
Trd, 4318220.993, 80
Trd, 4318221.093, 64
Trd, 4318221.743, 85
Trd, 4318222.493, 83
Trd, 4318223.243, 97
Trd, 4318224.993, 68
Trd, 4318226.393, 61
Trd, 4318226.443, 60
Trd, 4318226.993, 105
Trd, 4318227.593, 91
Trd, 4318228.093, 101
Trd, 4318230.543, 105
Trd, 4318230.843, 105
Trd, 4318230.943, 104
Trd, 4318231.393, 122
Trd, 4318232.143, 114
Trd, 4318233.143, 91
Trd, 4318233.793, 92
Trd, 4318234.593, 117
Trd, 4318235.893, 99
Trd, 4318236.043, 138
Trd, 4318236.993, 140
Trd, 4318238.143, 118
Trd, 4318238.593, 71
Trd, 4318239.743, 76
Trd, 4318240.693, 93
Trd, 4318240.993, 71
Trd, 4318241.193, 69
Trd, 4318242.243, 102
Trd, 4318242.443, 79
Trd, 4318242.543, 78
Trd, 4318244.093, 129
Trd, 4318245.643, 112
Trd, 4318246.543, 113
Trd, 4318248.293, 140
Trd, 4318248.543, 139
Trd, 4318248.743, 124
Trd, 4318251.193, 95
Trd, 4318251.393, 99
Trd, 4318252.193, 140
Trd, 4318252.543, 109
Trd, 4318253.393, 97
Trd, 4318254.043, 96
Trd, 4318254.793, 126
Trd, 4318254.893, 91
Trd, 4318255.593, 101
Trd, 4318256.893, 99
Trd, 4318258.393, 129
Trd, 4318258.793, 104
Trd, 4318259.043, 140
Trd, 4318260.193, 86
Trd, 4318260.643, 85
Trd, 4318261.743, 74
Trd, 4318262.743, 62
Trd, 4318263.193, 117
Trd, 4318263.893, 64
Trd, 4318264.793, 60
Trd, 4318265.493, 115
Trd, 4318267.143, 72
Trd, 4318267.543, 72
Trd, 4318267.593, 71
Trd, 4318269.093, 140
Trd, 4318270.393, 140
Trd, 4318271.243, 122
Trd, 4318271.943, 124
Trd, 4318272.193, 123
Trd, 4318272.293, 113
Trd, 4318272.443, 133
Trd, 4318273.843, 82
Trd, 4318274.893, 62
Trd, 4318275.693, 108
Trd, 4318276.943, 130
Trd, 4318277.993, 132
Trd, 4318278.843, 134
Trd, 4318278.943, 134
Trd, 4318279.343, 129
Trd, 4318280.193, 117
Trd, 4318280.643, 130
Trd, 4318280.893, 106
Trd, 4318281.293, 105
Trd, 4318281.943, 117
Trd, 4318283.193, 109
Trd, 4318285.493, 113
Trd, 4318286.143, 113
Trd, 4318286.693, 112
Trd, 4318287.143, 98
Trd, 4318288.943, 140
Trd, 4318290.943, 140
Trd, 4318291.193, 140
Trd, 4318291.243, 140
Trd, 4318292.743, 140
Trd, 4318292.893, 138
Trd, 4318293.193, 118
Trd, 4318293.293, 127
Trd, 4318294.793, 109
Trd, 4318294.893, 108
Trd, 4318295.293, 113
Trd, 4318295.643, 107
Trd, 4318297.493, 70
Trd, 4318298.793, 75
Trd, 4318299.693, 90
Trd, 4318300.443, 87
Trd, 4318300.993, 78
Trd, 4318303.143, 140
Trd, 4318303.193, 138
Trd, 4318303.943, 115
Trd, 4318304.143, 120
Trd, 4318304.843, 109
Trd, 4318306.093, 81
Trd, 4318307.243, 79
Trd, 4318307.443, 78
Trd, 4318307.593, 78
Trd, 4318308.993, 93
Trd, 4318309.643, 140
Trd, 4318311.243, 129
Trd, 4318312.343, 132
Trd, 4318312.393, 131
Trd, 4318312.593, 136
Trd, 4318312.793, 117
Trd, 4318313.293, 110
Trd, 4318314.493, 139
Trd, 4318316.193, 140
Trd, 4318316.493, 140
Trd, 4318317.493, 122
Trd, 4318317.693, 121
Trd, 4318317.943, 119
Trd, 4318320.043, 140
Trd, 4318321.193, 90
Trd, 4318321.343, 89
Trd, 4318321.393, 114
Trd, 4318323.193, 123
Trd, 4318323.493, 80
Trd, 4318323.543, 78
Trd, 4318324.193, 61
Trd, 4318326.043, 98
Trd, 4318326.443, 72
Trd, 4318326.993, 138
Trd, 4318328.443, 93
Trd, 4318328.493, 86
Trd, 4318328.593, 85
Trd, 4318330.493, 140
Trd, 4318333.693, 140
Trd, 4318333.743, 140
Trd, 4318333.943, 140
Trd, 4318334.343, 140
Trd, 4318334.743, 116
Trd, 4318334.893, 114
Trd, 4318335.543, 114
Trd, 4318335.693, 128
Trd, 4318338.643, 119
Trd, 4318338.993, 121
Trd, 4318340.093, 138
Trd, 4318341.143, 120
Trd, 4318342.443, 110
Trd, 4318343.743, 137
Trd, 4318345.743, 120
Trd, 4318347.143, 132
Trd, 4318347.443, 120
Trd, 4318348.193, 122
Trd, 4318348.643, 100
Trd, 4318349.343, 129
Trd, 4318350.543, 140
Trd, 4318351.393, 119
Trd, 4318353.093, 127
Trd, 4318353.443, 125
Trd, 4318353.493, 114
Trd, 4318353.843, 112
Trd, 4318354.043, 110
Trd, 4318356.243, 140
Trd, 4318356.643, 140
Trd, 4318357.443, 140
Trd, 4318358.343, 140
Trd, 4318358.843, 138
Trd, 4318359.193, 113
Trd, 4318359.243, 111
Trd, 4318359.793, 103
Trd, 4318362.443, 61
Trd, 4318362.493, 64
Trd, 4318363.593, 101
Trd, 4318364.093, 61
Trd, 4318365.343, 62
Trd, 4318366.043, 114
Trd, 4318366.893, 100
Trd, 4318367.943, 98
Trd, 4318368.293, 105
Trd, 4318368.593, 99
Trd, 4318369.543, 99
Trd, 4318370.943, 102
Trd, 4318371.243, 101
Trd, 4318372.843, 80
Trd, 4318372.893, 78
Trd, 4318373.843, 72
Trd, 4318373.943, 71
Trd, 4318374.643, 140
Trd, 4318375.793, 108
Trd, 4318376.093, 96
Trd, 4318376.443, 105
Trd, 4318377.143, 139
Trd, 4318377.993, 119
Trd, 4318378.893, 118
Trd, 4318380.243, 119
Trd, 4318383.093, 105
Trd, 4318383.393, 128
Trd, 4318383.693, 123
Trd, 4318383.993, 139
Trd, 4318384.593, 107
Trd, 4318385.043, 107
Trd, 4318386.693, 105
Trd, 4318387.193, 105
Trd, 4318387.343, 94
Trd, 4318387.943, 89
Trd, 4318390.493, 89
Trd, 4318391.293, 113
Trd, 4318391.393, 99
Trd, 4318392.043, 63
Trd, 4318392.743, 60
Trd, 4318393.143, 75
Trd, 4318394.143, 137
Trd, 4318394.943, 62
Trd, 4318396.343, 140
Trd, 4318396.943, 66
Trd, 4318398.643, 93
Trd, 4318399.443, 69
Trd, 4318400.843, 105
Trd, 4318401.143, 103
Trd, 4318401.643, 114
Trd, 4318402.143, 108
Trd, 4318402.743, 99
Trd, 4318404.693, 140
Trd, 4318404.743, 139
Trd, 4318406.393, 115
Trd, 4318406.843, 116
Trd, 4318406.893, 115
Trd, 4318407.193, 139
Trd, 4318408.193, 93
Trd, 4318409.493, 82
Trd, 4318411.543, 114
Trd, 4318411.593, 88
Trd, 4318411.643, 87
Trd, 4318412.343, 85
Trd, 4318413.143, 111
Trd, 4318414.393, 118
Trd, 4318414.643, 101
Trd, 4318415.593, 121
Trd, 4318415.643, 101
Trd, 4318416.093, 73
Trd, 4318418.493, 64
Trd, 4318419.443, 95
Trd, 4318421.693, 93
Trd, 4318421.843, 92
Trd, 4318422.343, 104
Trd, 4318423.843, 85
Trd, 4318424.993, 107
Trd, 4318425.293, 87
Trd, 4318425.543, 69
Trd, 4318425.943, 86
Trd, 4318428.193, 78
Trd, 4318428.343, 76
Trd, 4318429.543, 140
Trd, 4318430.493, 140
Trd, 4318430.943, 118
Trd, 4318431.143, 118
Trd, 4318431.693, 116
Trd, 4318431.743, 102
Trd, 4318433.843, 139
Trd, 4318434.293, 138
Trd, 4318434.843, 138
Trd, 4318435.543, 132
Trd, 4318437.193, 140
Trd, 4318438.743, 140
Trd, 4318438.993, 140
Trd, 4318439.443, 140
Trd, 4318440.093, 118
Trd, 4318440.593, 117
Trd, 4318440.793, 101
Trd, 4318442.993, 88
Trd, 4318443.193, 103
Trd, 4318444.943, 113
Trd, 4318445.293, 113
Trd, 4318445.843, 119
Trd, 4318447.043, 130
Trd, 4318447.393, 128
Trd, 4318448.493, 119
Trd, 4318450.593, 134
Trd, 4318451.643, 135
Trd, 4318451.943, 133
Trd, 4318453.193, 132
Trd, 4318453.543, 132
Trd, 4318454.793, 117
Trd, 4318455.393, 109
Trd, 4318455.493, 106
Trd, 4318457.793, 110
Trd, 4318459.793, 115
Trd, 4318460.193, 140
Trd, 4318460.343, 114
Trd, 4318460.693, 106
Trd, 4318460.843, 86
Trd, 4318461.443, 67
Trd, 4318462.143, 75
Trd, 4318462.893, 108
Trd, 4318463.393, 83
Trd, 4318464.293, 139
Trd, 4318464.693, 99
Trd, 4318466.043, 104
Trd, 4318466.943, 117
Trd, 4318468.593, 107
Trd, 4318469.243, 108
Trd, 4318470.343, 140
Trd, 4318470.693, 140
Trd, 4318470.993, 140
Trd, 4318471.093, 140
Trd, 4318471.893, 107
Trd, 4318472.143, 103
Trd, 4318472.793, 102
Trd, 4318474.443, 140
Trd, 4318475.093, 104
Trd, 4318475.643, 98
Trd, 4318475.793, 102
Trd, 4318475.993, 92
Trd, 4318477.743, 129
Trd, 4318478.393, 85
Trd, 4318479.143, 85
Trd, 4318480.743, 111
Trd, 4318480.943, 105
Trd, 4318481.393, 104
Trd, 4318482.443, 108
Trd, 4318482.793, 89
Trd, 4318483.193, 73
Trd, 4318483.393, 71
Trd, 4318483.793, 65
Trd, 4318485.743, 138
Trd, 4318487.843, 139
Trd, 4318487.893, 122
Trd, 4318488.943, 101
Trd, 4318489.143, 118
Trd, 4318491.393, 107
Trd, 4318491.643, 106
Trd, 4318493.293, 115
Trd, 4318493.593, 111
Trd, 4318495.743, 140
Trd, 4318495.793, 140
Trd, 4318496.043, 140
Trd, 4318496.193, 140
Trd, 4318496.693, 140
Trd, 4318497.743, 100
Trd, 4318497.943, 97
Trd, 4318499.143, 76
Trd, 4318499.593, 78
Trd, 4318499.693, 118
Trd, 4318502.293, 83
Trd, 4318502.593, 82
Trd, 4318503.043, 102
Trd, 4318503.993, 96
Trd, 4318505.743, 96
Trd, 4318506.643, 140
Trd, 4318506.893, 140
Trd, 4318507.493, 140
Trd, 4318508.243, 140
Trd, 4318508.543, 138
Trd, 4318508.743, 137
Trd, 4318509.243, 119
Trd, 4318510.143, 106
Trd, 4318511.443, 119
Trd, 4318511.793, 103
Trd, 4318512.893, 105
Trd, 4318514.543, 121
Trd, 4318515.943, 124
Trd, 4318516.493, 114
Trd, 4318516.993, 128
Trd, 4318518.393, 122
Trd, 4318518.893, 115
Trd, 4318519.293, 108
Trd, 4318519.443, 117
Trd, 4318521.643, 110
Trd, 4318522.043, 109
Trd, 4318522.093, 108
Trd, 4318522.743, 99
Trd, 4318524.343, 102
Trd, 4318524.543, 100
Trd, 4318525.893, 110
Trd, 4318525.993, 97
Trd, 4318526.243, 96
Trd, 4318527.393, 99
Trd, 4318530.593, 117
Trd, 4318530.643, 111
Trd, 4318531.093, 112
Trd, 4318531.243, 110
Trd, 4318531.343, 108
Trd, 4318532.743, 95
Trd, 4318532.993, 90
Trd, 4318533.743, 81
Trd, 4318534.243, 140
Trd, 4318536.893, 118
Trd, 4318537.043, 117
Trd, 4318538.193, 140
Trd, 4318538.243, 140
Trd, 4318539.093, 140
Trd, 4318539.693, 126
Trd, 4318540.143, 124
Trd, 4318540.193, 108
Trd, 4318540.943, 110
Trd, 4318541.993, 109
Trd, 4318543.193, 119
Trd, 4318543.593, 114
Trd, 4318543.843, 113
Trd, 4318545.293, 140
Trd, 4318546.943, 124
Trd, 4318547.793, 103
Trd, 4318549.093, 140
Trd, 4318549.143, 116
Trd, 4318549.243, 114
Trd, 4318550.643, 124
Trd, 4318550.693, 123
Trd, 4318552.593, 126
Trd, 4318552.743, 102
Trd, 4318554.993, 105
Trd, 4318557.193, 140
Trd, 4318557.493, 131
Trd, 4318557.993, 126
Trd, 4318558.043, 124
Trd, 4318558.243, 134
Trd, 4318558.793, 118
Trd, 4318561.343, 118
Trd, 4318561.643, 118
Trd, 4318562.093, 107
Trd, 4318562.843, 107
Trd, 4318563.893, 98
Trd, 4318564.243, 116
Trd, 4318564.543, 89
Trd, 4318565.193, 91
Trd, 4318565.293, 90
Trd, 4318566.693, 102
Trd, 4318566.843, 93
Trd, 4318567.693, 89
Trd, 4318568.293, 85
Trd, 4318569.793, 78
Trd, 4318570.543, 106
Trd, 4318571.243, 75
Trd, 4318571.293, 74
Trd, 4318571.593, 140
Trd, 4318572.193, 102
Trd, 4318573.693, 75
Trd, 4318574.043, 133
Trd, 4318574.243, 62
Trd, 4318576.443, 105
Trd, 4318576.693, 87
Trd, 4318577.243, 87
Trd, 4318577.543, 74
Trd, 4318578.443, 83
Trd, 4318578.593, 78
Trd, 4318578.793, 112
Trd, 4318579.143, 67
Trd, 4318579.343, 98
Trd, 4318579.843, 98
Trd, 4318580.043, 97
Trd, 4318582.643, 62
Trd, 4318582.793, 64
Trd, 4318584.343, 140
Trd, 4318584.443, 122
Trd, 4318584.643, 103
Trd, 4318586.043, 105
Trd, 4318586.393, 107
Trd, 4318587.293, 109
Trd, 4318588.643, 111
Trd, 4318589.693, 124
Trd, 4318589.993, 123
Trd, 4318590.243, 117
Trd, 4318590.843, 117
Trd, 4318592.343, 140
Trd, 4318593.393, 140
Trd, 4318593.543, 116
Trd, 4318594.343, 122
Trd, 4318594.693, 112
Trd, 4318595.693, 113
Trd, 4318596.443, 115
Trd, 4318597.143, 112
Trd, 4318598.343, 93
Trd, 4318599.593, 109
Trd, 4318599.993, 74
Trd, 4318600.843, 113
Trd, 4318601.993, 121
Trd, 4318602.443, 121
Trd, 4318602.593, 120
Trd, 4318603.393, 127
Trd, 4318603.443, 105
Trd, 4318604.443, 105
Trd, 4318605.743, 136
Trd, 4318606.493, 101
Trd, 4318606.543, 86
Trd, 4318607.493, 99
Trd, 4318610.243, 120
Trd, 4318610.293, 104
Trd, 4318610.793, 104
Trd, 4318611.193, 113
Trd, 4318611.493, 103
Trd, 4318611.693, 91
Trd, 4318612.993, 96
Trd, 4318613.243, 97
Trd, 4318614.243, 105
Trd, 4318614.893, 96
Trd, 4318615.193, 92
Trd, 4318615.493, 96
Trd, 4318615.543, 91
Trd, 4318615.843, 85
Trd, 4318618.593, 140
Trd, 4318618.843, 140
Trd, 4318619.093, 139
Trd, 4318620.193, 75
Trd, 4318620.543, 102
Trd, 4318622.493, 140
Trd, 4318622.743, 140
Trd, 4318623.643, 126
Trd, 4318623.993, 127
Trd, 4318624.643, 132
Trd, 4318624.943, 127
Trd, 4318625.893, 140
Trd, 4318626.943, 140
Trd, 4318627.843, 140
Trd, 4318628.043, 119
Trd, 4318629.943, 140
Trd, 4318630.343, 140
Trd, 4318630.693, 140
Trd, 4318630.843, 140
Trd, 4318631.543, 140
Trd, 4318632.293, 113
Trd, 4318632.893, 107
Trd, 4318633.143, 95
Trd, 4318634.743, 140
Trd, 4318635.243, 77
Trd, 4318635.443, 75
Trd, 4318636.243, 69
Trd, 4318637.293, 60
Trd, 4318638.893, 63
Trd, 4318639.993, 63
Trd, 4318640.193, 62
Trd, 4318641.093, 102
Trd, 4318642.343, 105
Trd, 4318642.493, 103
Trd, 4318643.243, 84
Trd, 4318644.343, 133
Trd, 4318644.843, 106
Trd, 4318645.143, 94
Trd, 4318645.993, 87
Trd, 4318646.143, 87
Trd, 4318646.593, 78
Trd, 4318647.643, 85
Trd, 4318649.293, 61
Trd, 4318650.143, 82
Trd, 4318650.193, 79
Trd, 4318651.143, 85
Trd, 4318652.843, 140
Trd, 4318653.993, 140
Trd, 4318654.043, 140
Trd, 4318654.093, 112
Trd, 4318654.593, 90
Trd, 4318655.193, 77
Trd, 4318656.343, 76
Trd, 4318657.393, 62
Trd, 4318658.793, 106
Trd, 4318658.993, 107
Trd, 4318659.143, 111
Trd, 4318659.493, 106
Trd, 4318660.393, 100
Trd, 4318660.943, 130
Trd, 4318661.593, 101
Trd, 4318663.243, 140
Trd, 4318663.893, 140
Trd, 4318664.893, 139
Trd, 4318664.943, 128
Trd, 4318665.543, 107
Trd, 4318666.693, 88
Trd, 4318667.193, 83
Trd, 4318669.243, 136
Trd, 4318670.243, 136
Trd, 4318670.643, 138
Trd, 4318670.743, 118
Trd, 4318672.643, 118
Trd, 4318673.493, 106
Trd, 4318675.093, 108
Trd, 4318675.693, 118
Trd, 4318675.843, 107
Trd, 4318677.093, 109
Trd, 4318677.193, 107
Trd, 4318677.943, 113
Trd, 4318678.943, 85
Trd, 4318680.193, 82
Trd, 4318680.593, 92
Trd, 4318681.143, 72
Trd, 4318682.293, 98
Trd, 4318682.493, 97
Trd, 4318683.293, 138
Trd, 4318683.993, 108
Trd, 4318685.493, 128
Trd, 4318685.593, 127
Trd, 4318685.893, 110
Trd, 4318686.243, 107
Trd, 4318687.193, 107
Trd, 4318687.343, 115
Trd, 4318688.843, 121
Trd, 4318689.843, 98
Trd, 4318690.243, 72
Trd, 4318691.193, 138
Trd, 4318691.543, 118
Trd, 4318693.593, 118
Trd, 4318694.093, 131
Trd, 4318694.593, 91
Trd, 4318696.043, 94
Trd, 4318696.793, 97
Trd, 4318698.343, 98
Trd, 4318698.793, 96
Trd, 4318699.093, 94
Trd, 4318700.193, 104
Trd, 4318700.393, 82
Trd, 4318700.993, 62
Trd, 4318702.693, 62
Trd, 4318702.843, 78
Trd, 4318702.943, 105
Trd, 4318704.943, 120
Trd, 4318706.293, 125
Trd, 4318707.193, 127
Trd, 4318707.443, 125
Trd, 4318707.993, 140
Trd, 4318710.243, 113
Trd, 4318710.943, 112
Trd, 4318711.043, 112
Trd, 4318713.043, 111
Trd, 4318713.143, 111
Trd, 4318714.893, 113
Trd, 4318715.793, 140
Trd, 4318716.043, 122
Trd, 4318717.393, 120
Trd, 4318719.393, 93
Trd, 4318719.643, 84
Trd, 4318721.243, 109
Trd, 4318721.543, 109
Trd, 4318723.143, 130
Trd, 4318723.593, 113
Trd, 4318724.543, 119
Trd, 4318725.843, 139
Trd, 4318725.943, 123
Trd, 4318727.393, 139
Trd, 4318727.993, 109
Trd, 4318728.043, 95
Trd, 4318730.243, 79
Trd, 4318730.893, 79
Trd, 4318731.093, 138
Trd, 4318733.343, 100
Trd, 4318734.593, 106
Trd, 4318734.693, 105
Trd, 4318735.643, 113
Trd, 4318735.743, 101
Trd, 4318737.893, 132
Trd, 4318737.993, 107
Trd, 4318738.093, 105
Trd, 4318738.793, 112
Trd, 4318739.793, 105
Trd, 4318741.443, 120
Trd, 4318741.693, 103
Trd, 4318742.093, 102
Trd, 4318742.743, 100
Trd, 4318742.843, 105
Trd, 4318744.343, 98
Trd, 4318744.943, 125
Trd, 4318745.793, 117
Trd, 4318746.043, 116
Trd, 4318746.493, 101
Trd, 4318747.143, 96
Trd, 4318747.393, 83
Trd, 4318747.843, 73
Trd, 4318748.193, 63
Trd, 4318748.293, 139
Trd, 4318749.743, 108
Trd, 4318753.743, 110
Trd, 4318753.893, 106
Trd, 4318754.493, 108
Trd, 4318754.893, 108
Trd, 4318755.043, 107
Trd, 4318755.593, 116
Trd, 4318756.693, 96
Trd, 4318757.993, 140
Trd, 4318758.243, 140
Trd, 4318758.393, 117
Trd, 4318758.793, 109
Trd, 4318760.743, 106
Trd, 4318760.793, 91
Trd, 4318762.443, 140
Trd, 4318762.943, 106
Trd, 4318762.993, 104
Trd, 4318763.943, 106
Trd, 4318764.093, 105
Trd, 4318765.243, 124
Trd, 4318765.843, 127
Trd, 4318766.943, 128
Trd, 4318767.143, 112
Trd, 4318768.343, 102
Trd, 4318768.643, 89
Trd, 4318770.143, 140
Trd, 4318770.793, 140
Trd, 4318772.293, 140
Trd, 4318772.493, 140
Trd, 4318773.693, 140
Trd, 4318775.543, 121
Trd, 4318776.143, 120
Trd, 4318777.143, 117
Trd, 4318778.143, 140
Trd, 4318778.543, 140
Trd, 4318780.093, 60
Trd, 4318781.443, 91
Trd, 4318782.293, 96
Trd, 4318782.993, 89
Trd, 4318783.093, 84
Trd, 4318783.243, 71
Trd, 4318784.343, 86
Trd, 4318786.793, 113
Trd, 4318787.193, 108
Trd, 4318789.093, 126
Trd, 4318789.493, 126
Trd, 4318790.243, 124
Trd, 4318790.593, 124
Trd, 4318791.093, 124
Trd, 4318792.043, 140
Trd, 4318792.193, 128
Trd, 4318792.443, 104
Trd, 4318793.993, 120
Trd, 4318794.093, 109
Trd, 4318794.193, 100
Trd, 4318797.093, 140
Trd, 4318797.893, 140
Trd, 4318798.393, 140
Trd, 4318798.643, 119
Trd, 4318799.243, 135
Trd, 4318799.843, 135
Trd, 4318802.043, 95
Trd, 4318802.243, 94
Trd, 4318803.193, 118
Trd, 4318803.343, 116
Trd, 4318803.993, 100
Trd, 4318805.643, 140
Trd, 4318805.843, 135
Trd, 4318807.543, 117
Trd, 4318808.493, 105
Trd, 4318808.843, 102
Trd, 4318810.143, 137
Trd, 4318810.643, 111
Trd, 4318811.343, 112
Trd, 4318811.893, 134
Trd, 4318812.693, 124
Trd, 4318813.243, 108
Trd, 4318814.593, 104
Trd, 4318814.893, 100
Trd, 4318814.993, 99
Trd, 4318816.143, 86
Trd, 4318818.543, 139
Trd, 4318819.693, 111
Trd, 4318819.843, 127
Trd, 4318821.743, 122
Trd, 4318821.843, 113
Trd, 4318821.893, 100
Trd, 4318821.993, 97
Trd, 4318825.393, 140
Trd, 4318825.843, 140
Trd, 4318828.143, 140
Trd, 4318828.443, 140
Trd, 4318830.243, 140
Trd, 4318831.043, 140
Trd, 4318831.443, 140
Trd, 4318831.493, 130
Trd, 4318831.693, 124
Trd, 4318831.843, 107
Trd, 4318832.143, 105
Trd, 4318833.743, 63
Trd, 4318835.493, 140
Trd, 4318835.743, 140
Trd, 4318836.143, 139
Trd, 4318836.643, 117
Trd, 4318837.293, 104
Trd, 4318837.743, 76
Trd, 4318838.893, 66
Trd, 4318839.443, 78
Trd, 4318840.443, 78
Trd, 4318840.843, 82
Trd, 4318842.593, 65
Trd, 4318843.543, 67
Trd, 4318845.493, 78
Trd, 4318845.743, 74
Trd, 4318846.193, 113
Trd, 4318846.593, 99
Trd, 4318847.543, 127
Trd, 4318847.743, 126
Trd, 4318847.793, 106
Trd, 4318849.343, 84
Trd, 4318850.843, 85
Trd, 4318850.893, 82
Trd, 4318853.843, 140
Trd, 4318853.893, 140
Trd, 4318854.843, 140
Trd, 4318855.643, 115
Trd, 4318855.993, 113
Trd, 4318856.593, 139
Trd, 4318857.093, 130
Trd, 4318857.643, 98
Trd, 4318861.643, 115
Trd, 4318861.793, 115
Trd, 4318862.343, 117
Trd, 4318863.493, 136
Trd, 4318863.593, 117
Trd, 4318863.693, 128
Trd, 4318864.943, 103
Trd, 4318866.043, 74
Trd, 4318866.293, 127
Trd, 4318867.393, 110
Trd, 4318867.743, 93
Trd, 4318868.893, 89
Trd, 4318869.293, 131
Trd, 4318869.943, 132
Trd, 4318871.593, 140
Trd, 4318872.343, 140
Trd, 4318873.093, 140
Trd, 4318873.293, 139
Trd, 4318874.793, 102
Trd, 4318875.343, 113
Trd, 4318875.543, 129
Trd, 4318877.093, 85
Trd, 4318877.193, 82
Trd, 4318877.643, 72
Trd, 4318878.643, 113
Trd, 4318880.493, 79
Trd, 4318881.043, 67
Trd, 4318881.743, 113
Trd, 4318882.343, 140
Trd, 4318882.543, 113
Trd, 4318883.543, 105
Trd, 4318885.693, 100
Trd, 4318886.243, 99
Trd, 4318887.043, 139
Trd, 4318888.543, 106
Trd, 4318889.043, 112
Trd, 4318889.843, 110
Trd, 4318890.043, 108
Trd, 4318890.943, 115
Trd, 4318893.443, 140
Trd, 4318893.493, 140
Trd, 4318893.943, 140
Trd, 4318894.593, 139
Trd, 4318894.643, 129
Trd, 4318894.993, 118
Trd, 4318895.843, 121
Trd, 4318896.393, 117
Trd, 4318896.493, 111
Trd, 4318896.543, 84
Trd, 4318896.943, 104
Trd, 4318898.193, 87
Trd, 4318898.593, 80
Trd, 4318899.643, 92
Trd, 4318901.693, 140
Trd, 4318902.193, 140
Trd, 4318902.343, 139
Trd, 4318902.793, 138
Trd, 4318903.193, 133
Trd, 4318904.093, 132
Trd, 4318905.243, 116
Trd, 4318906.293, 110
Trd, 4318906.543, 94
Trd, 4318907.793, 94
Trd, 4318909.493, 99
Trd, 4318910.043, 98
Trd, 4318910.243, 95
Trd, 4318911.093, 88
Trd, 4318911.593, 87
Trd, 4318911.843, 71
Trd, 4318913.193, 101
Trd, 4318913.693, 65
Trd, 4318914.043, 114
Trd, 4318914.543, 94
Trd, 4318915.543, 127
Trd, 4318917.593, 81
Trd, 4318918.243, 87
Trd, 4318919.043, 105
Trd, 4318919.943, 92
Trd, 4318920.643, 128
Trd, 4318921.243, 118
Trd, 4318921.793, 95
Trd, 4318921.993, 87
Trd, 4318922.793, 126
Trd, 4318922.943, 82
Trd, 4318924.593, 93
Trd, 4318927.093, 140
Trd, 4318927.143, 140
Trd, 4318927.593, 139
Trd, 4318927.993, 138
Trd, 4318928.893, 126
Trd, 4318929.243, 112
Trd, 4318929.343, 110
Trd, 4318929.693, 109
Trd, 4318930.193, 138
Trd, 4318931.793, 131
Trd, 4318933.593, 116
Trd, 4318933.843, 113
Trd, 4318934.293, 103
Trd, 4318935.443, 125
Trd, 4318936.393, 127
Trd, 4318936.543, 114
Trd, 4318939.143, 134
Trd, 4318939.243, 133
Trd, 4318939.343, 132
Trd, 4318942.043, 72
Trd, 4318942.193, 71
Trd, 4318942.643, 138
Trd, 4318944.443, 107
Trd, 4318944.493, 104
Trd, 4318945.343, 105
Trd, 4318946.943, 111
Trd, 4318947.493, 94
Trd, 4318948.843, 79
Trd, 4318949.593, 119
Trd, 4318949.793, 118
Trd, 4318950.443, 102
Trd, 4318950.993, 113
Trd, 4318951.293, 140
Trd, 4318953.543, 115
Trd, 4318954.343, 113
Trd, 4318954.443, 96
Trd, 4318955.943, 104
Trd, 4318956.143, 125
Trd, 4318957.193, 109
Trd, 4318957.243, 108
Trd, 4318957.893, 112
Trd, 4318958.943, 140
Trd, 4318960.543, 139
Trd, 4318960.793, 117
Trd, 4318961.143, 140
Trd, 4318963.093, 122
Trd, 4318963.343, 99
Trd, 4318963.743, 100
Trd, 4318965.093, 103
Trd, 4318965.343, 101
Trd, 4318965.743, 99
Trd, 4318965.993, 98
Trd, 4318966.393, 93
Trd, 4318967.043, 74
Trd, 4318968.543, 110
Trd, 4318968.943, 136
Trd, 4318969.493, 97
Trd, 4318970.243, 95
Trd, 4318970.993, 90
Trd, 4318972.093, 125
Trd, 4318973.393, 117
Trd, 4318973.743, 96
Trd, 4318974.593, 138
Trd, 4318974.793, 137
Trd, 4318976.193, 94
Trd, 4318976.393, 131
Trd, 4318977.293, 97
Trd, 4318978.943, 140
Trd, 4318980.093, 140
Trd, 4318980.793, 140
Trd, 4318981.843, 136
Trd, 4318983.243, 138
Trd, 4318984.543, 113
Trd, 4318985.293, 140
Trd, 4318985.943, 102
Trd, 4318987.343, 90
Trd, 4318988.243, 102
Trd, 4318989.643, 122
Trd, 4318989.743, 127
Trd, 4318990.193, 112
Trd, 4318990.993, 113
Trd, 4318991.893, 101
Trd, 4318992.893, 97
Trd, 4318994.043, 97
Trd, 4318994.793, 113
Trd, 4318996.243, 140
Trd, 4318997.443, 140
Trd, 4318997.743, 99
Trd, 4318998.293, 106
Trd, 4318999.593, 105
Trd, 4319001.043, 117
Trd, 4319001.093, 117
Trd, 4319001.493, 118
Trd, 4319001.793, 117
Trd, 4319002.593, 124
Trd, 4319004.043, 140
Trd, 4319004.193, 139
Trd, 4319004.843, 115
Trd, 4319004.943, 109
Trd, 4319005.343, 101
Trd, 4319006.943, 63
Trd, 4319007.793, 98
Trd, 4319007.993, 103
Trd, 4319009.093, 98
Trd, 4319009.143, 88
Trd, 4319010.143, 79
Trd, 4319011.443, 140
Trd, 4319013.243, 140
Trd, 4319013.643, 139
Trd, 4319013.843, 138
Trd, 4319014.543, 105
Trd, 4319014.693, 95
Trd, 4319016.143, 80
Trd, 4319017.043, 113
Trd, 4319017.493, 140
Trd, 4319018.843, 69
Trd, 4319019.693, 69
Trd, 4319021.043, 138
Trd, 4319021.443, 110
Trd, 4319021.593, 108
Trd, 4319022.143, 107
Trd, 4319022.443, 87
Trd, 4319022.993, 84
Trd, 4319024.643, 130
Trd, 4319024.793, 122
Trd, 4319027.093, 101
Trd, 4319029.293, 140
Trd, 4319029.443, 140
Trd, 4319029.593, 139
Trd, 4319030.143, 105
Trd, 4319030.193, 96
Trd, 4319030.943, 103
Trd, 4319032.443, 106
Trd, 4319032.943, 137
Trd, 4319033.093, 106
Trd, 4319033.393, 105
Trd, 4319034.193, 84
Trd, 4319035.043, 135
Trd, 4319035.293, 132
Trd, 4319036.643, 106
Trd, 4319037.043, 105
Trd, 4319038.043, 104
Trd, 4319040.543, 124
Trd, 4319040.693, 109
Trd, 4319042.593, 140
Trd, 4319043.343, 140
Trd, 4319043.593, 140
Trd, 4319044.093, 118
Trd, 4319044.643, 140
Trd, 4319047.243, 120
Trd, 4319047.443, 103
Trd, 4319048.243, 101
Trd, 4319048.943, 102
Trd, 4319050.093, 140
Trd, 4319050.793, 140
Trd, 4319052.293, 140
Trd, 4319052.743, 140
Trd, 4319053.543, 95
Trd, 4319055.143, 133
Trd, 4319055.743, 134
Trd, 4319055.943, 134
Trd, 4319056.193, 114
Trd, 4319057.493, 140
Trd, 4319057.843, 140
Trd, 4319058.793, 120
Trd, 4319060.593, 134
Trd, 4319060.993, 134
Trd, 4319061.343, 125
Trd, 4319061.543, 140
Trd, 4319062.393, 113
Trd, 4319062.693, 112
Trd, 4319064.193, 126
Trd, 4319064.993, 112
Trd, 4319066.993, 140
Trd, 4319067.243, 140
Trd, 4319067.293, 139
Trd, 4319067.343, 130
Trd, 4319068.093, 102
Trd, 4319068.793, 96
Trd, 4319068.993, 96
Trd, 4319069.293, 83
Trd, 4319070.643, 139
Trd, 4319072.043, 114
Trd, 4319074.543, 116
Trd, 4319075.593, 119
Trd, 4319075.693, 101
Trd, 4319076.493, 86
Trd, 4319076.643, 85
Trd, 4319076.893, 90
Trd, 4319077.943, 83
Trd, 4319080.093, 62
Trd, 4319081.243, 72
Trd, 4319081.993, 111
Trd, 4319082.143, 115
Trd, 4319082.593, 60
Trd, 4319083.593, 127
Trd, 4319084.093, 115
Trd, 4319085.443, 138
Trd, 4319085.543, 124
Trd, 4319086.343, 99
Trd, 4319086.993, 79
Trd, 4319088.293, 102
Trd, 4319088.843, 124
Trd, 4319089.143, 80
Trd, 4319089.243, 79
Trd, 4319089.393, 89
Trd, 4319092.143, 62
Trd, 4319092.443, 64
Trd, 4319093.243, 95
Trd, 4319093.393, 71
Trd, 4319094.493, 117
Trd, 4319095.193, 109
Trd, 4319096.843, 119
Trd, 4319097.543, 120
Trd, 4319098.293, 96
Trd, 4319098.443, 95
Trd, 4319098.543, 132
Trd, 4319098.693, 107
Trd, 4319101.543, 103
Trd, 4319101.843, 105
Trd, 4319102.793, 106
Trd, 4319102.843, 103
Trd, 4319102.993, 102
Trd, 4319103.893, 89
Trd, 4319105.093, 88
Trd, 4319106.743, 105
Trd, 4319107.493, 89
Trd, 4319108.143, 93
Trd, 4319108.443, 116
Trd, 4319108.493, 89
Trd, 4319109.343, 139
Trd, 4319109.393, 83
Trd, 4319109.743, 83
Trd, 4319112.193, 61
Trd, 4319112.393, 60
Trd, 4319113.493, 61
Trd, 4319114.543, 113
Trd, 4319115.993, 108
Trd, 4319116.143, 117
Trd, 4319116.393, 109
Trd, 4319116.643, 97
Trd, 4319116.693, 93
Trd, 4319117.443, 91
Trd, 4319117.543, 90
Trd, 4319119.943, 60
Trd, 4319121.293, 64
Trd, 4319121.643, 60
Trd, 4319122.793, 140
Trd, 4319124.043, 121
Trd, 4319124.793, 121
Trd, 4319125.643, 110
Trd, 4319126.093, 140
Trd, 4319127.593, 119
Trd, 4319127.743, 118
Trd, 4319128.693, 125
Trd, 4319129.393, 118
Trd, 4319130.093, 112
Trd, 4319130.843, 112
Trd, 4319132.493, 103
Trd, 4319133.643, 105
Trd, 4319135.143, 112
Trd, 4319135.343, 110
Trd, 4319135.693, 112
Trd, 4319136.793, 112
Trd, 4319136.843, 109
Trd, 4319136.893, 96
Trd, 4319138.143, 140
Trd, 4319138.793, 140
Trd, 4319139.893, 140
Trd, 4319141.143, 140
Trd, 4319141.493, 139
Trd, 4319141.843, 138
Trd, 4319142.343, 122
Trd, 4319144.543, 133
Trd, 4319144.993, 134
Trd, 4319145.693, 118
Trd, 4319146.043, 137
Trd, 4319146.093, 117
Trd, 4319146.243, 115
Trd, 4319147.743, 102
Trd, 4319148.093, 99
Trd, 4319148.793, 99
Trd, 4319149.543, 90
Trd, 4319149.643, 78
Trd, 4319150.893, 140
Trd, 4319153.893, 102
Trd, 4319154.893, 109
Trd, 4319155.043, 108
Trd, 4319155.443, 104
Trd, 4319157.243, 140
Trd, 4319157.543, 140
Trd, 4319158.943, 140
Trd, 4319159.743, 140
Trd, 4319160.993, 116
Trd, 4319161.143, 113
Trd, 4319161.743, 76
Trd, 4319162.943, 116
Trd, 4319163.593, 134
Trd, 4319164.843, 65
Trd, 4319164.893, 62
Trd, 4319165.693, 74
Trd, 4319165.793, 112
Trd, 4319166.743, 76
Trd, 4319167.093, 66
Trd, 4319168.593, 140
Trd, 4319169.293, 140
Trd, 4319170.893, 140
Trd, 4319171.293, 117
Trd, 4319173.243, 98
Trd, 4319173.593, 140
Trd, 4319174.643, 140
Trd, 4319174.943, 120
Trd, 4319176.243, 91
Trd, 4319176.793, 94
Trd, 4319176.843, 91
Trd, 4319178.243, 106
Trd, 4319178.343, 96
Trd, 4319179.543, 67
Trd, 4319180.393, 69
Trd, 4319181.743, 71
Trd, 4319182.193, 74
Trd, 4319182.643, 73
Trd, 4319183.393, 73
Trd, 4319183.443, 72
Trd, 4319183.543, 132
Trd, 4319184.493, 116
Trd, 4319186.493, 98
Trd, 4319186.793, 140
Trd, 4319187.093, 96
Trd, 4319188.293, 107
Trd, 4319188.643, 118
Trd, 4319190.893, 127
Trd, 4319193.043, 137
Trd, 4319193.143, 136
Trd, 4319194.043, 140
Trd, 4319194.143, 140
Trd, 4319195.293, 140
Trd, 4319196.693, 138
Trd, 4319196.743, 119
Trd, 4319197.693, 115
Trd, 4319198.793, 112
Trd, 4319200.043, 140
Trd, 4319200.343, 140
Trd, 4319200.393, 112
Trd, 4319200.593, 98
Trd, 4319200.843, 86
Trd, 4319201.943, 62
Trd, 4319202.043, 78
Trd, 4319203.793, 139
Trd, 4319204.643, 97
Trd, 4319205.043, 97
Trd, 4319205.593, 92
Trd, 4319205.743, 91
Trd, 4319207.243, 89
Trd, 4319207.993, 87
Trd, 4319210.743, 140
Trd, 4319210.943, 140
Trd, 4319211.443, 140
Trd, 4319211.493, 140
Trd, 4319211.943, 114
Trd, 4319213.843, 112
Trd, 4319214.193, 111
Trd, 4319214.343, 110
Trd, 4319214.793, 102
Trd, 4319215.943, 94
Trd, 4319216.893, 104
Trd, 4319218.193, 140
Trd, 4319218.493, 70
Trd, 4319219.493, 71
Trd, 4319219.643, 71
Trd, 4319220.243, 127
Trd, 4319220.993, 120
Trd, 4319221.843, 122
Trd, 4319221.893, 121
Trd, 4319221.943, 100
Trd, 4319224.493, 140
Trd, 4319224.993, 140
Trd, 4319225.093, 140
Trd, 4319225.593, 96
Trd, 4319225.843, 72
Trd, 4319226.843, 110
Trd, 4319227.593, 115
Trd, 4319228.593, 117
Trd, 4319229.093, 94
Trd, 4319230.243, 140
Trd, 4319230.393, 140
Trd, 4319230.693, 140
Trd, 4319232.693, 121
Trd, 4319234.643, 140
Trd, 4319235.743, 126
Trd, 4319235.943, 121
Trd, 4319236.593, 113
Trd, 4319238.543, 111
Trd, 4319238.993, 111
Trd, 4319239.693, 94
Trd, 4319240.743, 108
Trd, 4319240.893, 93
Trd, 4319242.693, 140
Trd, 4319242.893, 140
Trd, 4319242.943, 140
Trd, 4319243.143, 140
Trd, 4319243.343, 112
Trd, 4319245.443, 107
Trd, 4319245.793, 99
Trd, 4319246.493, 123
Trd, 4319246.943, 85
Trd, 4319248.243, 75
Trd, 4319248.543, 63
Trd, 4319249.743, 110
Trd, 4319251.593, 103
Trd, 4319252.093, 102
Trd, 4319252.993, 140
Trd, 4319253.093, 140
Trd, 4319253.193, 140
Trd, 4319254.193, 86
Trd, 4319255.543, 80
Trd, 4319256.543, 125
Trd, 4319256.593, 106
Trd, 4319256.643, 75
Trd, 4319256.893, 140
Trd, 4319258.693, 112
Trd, 4319260.493, 105
Trd, 4319260.643, 103
Trd, 4319260.843, 105
Trd, 4319261.843, 104
Trd, 4319262.143, 91
Trd, 4319263.793, 114
Trd, 4319263.843, 100
Trd, 4319264.043, 99
Trd, 4319264.543, 97
Trd, 4319265.243, 96
Trd, 4319265.743, 140
Trd, 4319269.393, 98
Trd, 4319269.443, 95
Trd, 4319270.693, 99
Trd, 4319270.943, 98
Trd, 4319271.093, 97
Trd, 4319272.293, 120
Trd, 4319272.693, 98
Trd, 4319275.193, 110
Trd, 4319276.043, 123
Trd, 4319277.243, 119
Trd, 4319277.343, 115
Trd, 4319278.443, 130
Trd, 4319278.643, 110
Trd, 4319279.693, 64
Trd, 4319280.893, 97
Trd, 4319281.543, 100
Trd, 4319282.193, 135
Trd, 4319282.843, 125
Trd, 4319283.493, 115
Trd, 4319284.943, 117
Trd, 4319285.793, 129
Trd, 4319285.943, 119
Trd, 4319286.493, 116
Trd, 4319286.743, 107
Trd, 4319289.093, 140
Trd, 4319289.343, 140
Trd, 4319289.543, 139
Trd, 4319290.943, 140
Trd, 4319291.443, 123
Trd, 4319294.093, 140
Trd, 4319294.593, 140
Trd, 4319295.143, 138
Trd, 4319296.243, 113
Trd, 4319297.293, 111
Trd, 4319297.893, 110
Trd, 4319299.093, 139
Trd, 4319300.343, 102
Trd, 4319301.143, 102
Trd, 4319303.693, 91
Trd, 4319303.743, 103
Trd, 4319304.043, 91
Trd, 4319304.293, 96
Trd, 4319305.193, 98
Trd, 4319305.693, 107
Trd, 4319306.043, 106
Trd, 4319306.443, 100
Trd, 4319307.893, 120
Trd, 4319308.343, 126
Trd, 4319309.243, 127
Trd, 4319310.343, 126
Trd, 4319310.843, 122
Trd, 4319311.093, 121
Trd, 4319313.393, 103
Trd, 4319313.793, 87
Trd, 4319314.243, 139
Trd, 4319314.793, 89
Trd, 4319315.243, 86
Trd, 4319316.143, 77
Trd, 4319316.743, 70
Trd, 4319318.543, 86
Trd, 4319320.343, 140
Trd, 4319320.943, 140
Trd, 4319321.993, 140
Trd, 4319322.443, 140
Trd, 4319322.493, 140
Trd, 4319322.593, 122
Trd, 4319323.843, 109
Trd, 4319324.543, 110
Trd, 4319325.143, 124
Trd, 4319325.643, 96
Trd, 4319327.193, 87
Trd, 4319328.043, 114
Trd, 4319329.493, 83
Trd, 4319330.393, 133
Trd, 4319330.493, 132
Trd, 4319331.693, 109
Trd, 4319331.943, 104
Trd, 4319332.043, 103
Trd, 4319333.193, 86
Trd, 4319334.043, 140
Trd, 4319334.593, 85
Trd, 4319335.193, 84
Trd, 4319335.443, 93
Trd, 4319336.443, 84
Trd, 4319336.843, 81
Trd, 4319338.593, 126
Trd, 4319338.843, 125
Trd, 4319339.593, 139
Trd, 4319340.793, 128
Trd, 4319341.093, 127
Trd, 4319341.993, 118
Trd, 4319343.343, 95
Trd, 4319344.543, 108
Trd, 4319345.693, 105
Trd, 4319345.893, 104
Trd, 4319345.993, 69
Trd, 4319346.843, 60
Trd, 4319348.843, 126
Trd, 4319349.293, 138
Trd, 4319350.143, 116
Trd, 4319350.243, 123
Trd, 4319352.593, 130
Trd, 4319354.743, 133
Trd, 4319354.843, 131
Trd, 4319354.993, 130
Trd, 4319355.293, 111
Trd, 4319355.743, 124
Trd, 4319356.593, 111
Trd, 4319358.193, 104
Trd, 4319358.493, 99
Trd, 4319359.993, 94
Trd, 4319360.843, 93
Trd, 4319361.243, 96
Trd, 4319361.493, 92
Trd, 4319361.643, 89
Trd, 4319363.093, 93
Trd, 4319363.143, 122
Trd, 4319364.593, 60
Trd, 4319366.643, 89
Trd, 4319367.443, 66
Trd, 4319367.543, 96
Trd, 4319368.543, 63
Trd, 4319369.143, 86
Trd, 4319370.543, 67
Trd, 4319370.993, 97
Trd, 4319371.193, 62
Trd, 4319372.993, 121
Trd, 4319373.293, 120
Trd, 4319373.793, 102
Trd, 4319374.143, 101
Trd, 4319374.793, 91
Trd, 4319376.293, 140
Trd, 4319376.493, 140
Trd, 4319377.043, 140
Trd, 4319377.543, 120
Trd, 4319378.893, 98
Trd, 4319379.093, 98
Trd, 4319379.393, 97
Trd, 4319380.893, 82
Trd, 4319381.043, 77
Trd, 4319381.743, 71
Trd, 4319382.443, 70
Trd, 4319383.293, 68
Trd, 4319383.793, 140
Trd, 4319383.993, 111
Trd, 4319384.393, 110
Trd, 4319385.943, 74
Trd, 4319386.293, 98
Trd, 4319387.193, 61
Trd, 4319388.043, 119
Trd, 4319388.943, 117
Trd, 4319390.993, 128
Trd, 4319391.043, 114
Trd, 4319391.643, 140
Trd, 4319392.593, 140
Trd, 4319393.043, 140
Trd, 4319394.043, 114
Trd, 4319394.793, 115
Trd, 4319396.193, 112
Trd, 4319396.743, 106
Trd, 4319397.593, 101
Trd, 4319397.793, 89
Trd, 4319398.293, 88
Trd, 4319399.393, 140
Trd, 4319399.943, 140
Trd, 4319399.993, 140
Trd, 4319400.343, 116
Trd, 4319402.193, 136
Trd, 4319403.443, 104
Trd, 4319403.543, 113
Trd, 4319404.193, 115
Trd, 4319405.093, 109
Trd, 4319405.393, 80
Trd, 4319405.843, 111
Trd, 4319406.343, 75
Trd, 4319407.643, 86
Trd, 4319409.693, 75
Trd, 4319412.343, 86
Trd, 4319413.293, 134
Trd, 4319413.743, 84
Trd, 4319413.943, 72
Trd, 4319414.143, 111
Trd, 4319414.643, 97
Trd, 4319415.993, 118
Trd, 4319416.443, 88
Trd, 4319419.043, 88
Trd, 4319419.893, 139
Trd, 4319420.343, 137
Trd, 4319420.443, 97
Trd, 4319421.243, 87
Trd, 4319421.693, 95
Trd, 4319423.143, 140
Trd, 4319424.093, 140
Trd, 4319424.493, 140
Trd, 4319424.693, 115
Trd, 4319426.243, 105
Trd, 4319427.843, 116
Trd, 4319429.543, 124
Trd, 4319429.793, 126
Trd, 4319430.093, 140
Trd, 4319430.243, 139
Trd, 4319430.393, 130
Trd, 4319430.643, 122
Trd, 4319430.993, 108
Trd, 4319432.843, 114
Trd, 4319433.093, 113
Trd, 4319434.793, 113
Trd, 4319435.843, 137
Trd, 4319436.043, 103
Trd, 4319436.343, 62
Trd, 4319438.793, 91
Trd, 4319439.493, 75
Trd, 4319439.543, 74
Trd, 4319441.243, 92
Trd, 4319442.093, 93
Trd, 4319442.293, 92
Trd, 4319443.443, 140
Trd, 4319444.643, 106
Trd, 4319445.443, 140
Trd, 4319446.193, 140
Trd, 4319447.343, 117
Trd, 4319447.393, 105
Trd, 4319449.593, 130
Trd, 4319450.093, 130
Trd, 4319450.193, 128
Trd, 4319450.743, 79
Trd, 4319452.393, 115
Trd, 4319452.443, 109
Trd, 4319453.493, 118
Trd, 4319453.543, 110
Trd, 4319454.993, 140
Trd, 4319455.043, 140
Trd, 4319455.143, 110
Trd, 4319456.143, 96
Trd, 4319456.343, 95
Trd, 4319457.843, 98
Trd, 4319458.743, 105
Trd, 4319459.243, 99
Trd, 4319459.793, 111
Trd, 4319460.193, 110
Trd, 4319462.293, 103
Trd, 4319462.793, 100
Trd, 4319463.343, 140
Trd, 4319463.843, 111
Trd, 4319464.043, 110
Trd, 4319465.193, 112
Trd, 4319465.493, 110
Trd, 4319466.343, 112
Trd, 4319468.043, 121
Trd, 4319468.093, 119
Trd, 4319468.293, 125
Trd, 4319469.143, 113
Trd, 4319469.493, 114
Trd, 4319470.393, 139
Trd, 4319470.993, 135
Trd, 4319472.743, 116
Trd, 4319475.043, 110
Trd, 4319475.443, 111
Trd, 4319475.843, 110
Trd, 4319475.943, 109
Trd, 4319476.043, 96
Trd, 4319478.443, 108
Trd, 4319478.593, 132
Trd, 4319479.293, 92
Trd, 4319479.343, 91
Trd, 4319481.543, 124
Trd, 4319481.593, 104
Trd, 4319482.143, 140
Trd, 4319482.393, 101
Trd, 4319484.293, 124
Trd, 4319484.693, 125
Trd, 4319486.193, 103
Trd, 4319486.443, 99
Trd, 4319487.593, 100
Trd, 4319488.993, 100
Trd, 4319489.393, 100
Trd, 4319490.343, 138
Trd, 4319490.543, 123
Trd, 4319490.943, 123
Trd, 4319490.993, 122
Trd, 4319491.193, 122
Trd, 4319491.393, 111
Trd, 4319493.243, 91
Trd, 4319493.843, 93
Trd, 4319495.643, 105
Trd, 4319496.443, 112
Trd, 4319497.093, 140
Trd, 4319497.243, 137
Trd, 4319498.693, 102
Trd, 4319499.793, 132
Trd, 4319500.443, 113
Trd, 4319501.543, 137
Trd, 4319502.993, 122
Trd, 4319504.543, 140
Trd, 4319504.593, 140
Trd, 4319504.843, 122
Trd, 4319505.743, 122
Trd, 4319506.093, 102
Trd, 4319507.393, 140
Trd, 4319507.493, 97
Trd, 4319508.643, 93
Trd, 4319511.643, 96
Trd, 4319512.543, 96
Trd, 4319512.893, 140
Trd, 4319513.943, 131
Trd, 4319514.843, 113
Trd, 4319516.493, 130
Trd, 4319517.243, 131
Trd, 4319518.093, 140
Trd, 4319519.643, 103
Trd, 4319520.493, 102
Trd, 4319522.093, 102
Trd, 4319523.243, 118
Trd, 4319524.543, 102
Trd, 4319524.793, 98
Trd, 4319525.243, 140
Trd, 4319525.793, 121
Trd, 4319526.543, 104
Trd, 4319526.893, 103
Trd, 4319528.943, 114
Trd, 4319528.993, 129
Trd, 4319529.393, 105
Trd, 4319529.643, 104
Trd, 4319530.043, 88
Trd, 4319530.593, 67
Trd, 4319532.643, 65
Trd, 4319533.643, 136
Trd, 4319533.893, 113
Trd, 4319534.193, 97
Trd, 4319534.943, 87
Trd, 4319535.193, 87
Trd, 4319536.993, 106
Trd, 4319538.243, 105
Trd, 4319538.943, 84
Trd, 4319539.393, 102
Trd, 4319540.593, 97
Trd, 4319541.143, 130
Trd, 4319541.793, 120
Trd, 4319542.193, 110
Trd, 4319542.743, 113
Trd, 4319543.093, 111
Trd, 4319543.943, 98
Trd, 4319544.043, 97
Trd, 4319544.843, 65
Trd, 4319546.793, 140
Trd, 4319548.343, 140
Trd, 4319549.643, 140
Trd, 4319550.243, 140
Trd, 4319551.093, 140
Trd, 4319551.343, 140
Trd, 4319552.043, 139
Trd, 4319553.793, 140
Trd, 4319554.143, 140
Trd, 4319554.443, 139
Trd, 4319555.143, 120
Trd, 4319556.243, 114
Trd, 4319556.843, 96
Trd, 4319560.693, 140
Trd, 4319561.293, 140
Trd, 4319561.493, 140
Trd, 4319561.943, 140
Trd, 4319563.043, 117
Trd, 4319563.093, 116
Trd, 4319563.993, 115
Trd, 4319566.143, 106
Trd, 4319566.843, 123
Trd, 4319567.893, 105
Trd, 4319568.493, 105
Trd, 4319569.343, 92
Trd, 4319569.543, 73
Trd, 4319570.393, 97
Trd, 4319570.943, 74
Trd, 4319571.143, 85
Trd, 4319571.693, 73
Trd, 4319573.693, 65
Trd, 4319574.843, 115
Trd, 4319575.793, 122
Trd, 4319576.243, 116
Trd, 4319577.043, 140
Trd, 4319577.643, 140
Trd, 4319577.793, 139
Trd, 4319577.943, 127
Trd, 4319578.543, 118
Trd, 4319578.893, 115
Trd, 4319580.993, 127
Trd, 4319581.343, 123
Trd, 4319583.143, 129
Trd, 4319583.443, 126
Trd, 4319585.143, 131
Trd, 4319585.343, 130
Trd, 4319587.443, 139
Trd, 4319587.593, 130
Trd, 4319587.743, 126
Trd, 4319588.243, 140
Trd, 4319588.943, 108
Trd, 4319589.443, 95
Trd, 4319593.143, 111
Trd, 4319593.193, 101
Trd, 4319593.993, 103
Trd, 4319594.093, 99
Trd, 4319595.293, 83
Trd, 4319595.493, 122
Trd, 4319597.093, 113
Trd, 4319597.743, 112
Trd, 4319597.793, 109
Trd, 4319599.393, 122
Trd, 4319600.593, 134
Trd, 4319600.893, 127
Trd, 4319601.343, 118
Trd, 4319601.793, 140
Trd, 4319602.443, 110
Trd, 4319605.543, 114
Trd, 4319605.993, 70
Trd, 4319607.643, 60
Trd, 4319607.693, 62
Trd, 4319608.293, 60
Trd, 4319608.543, 67
Trd, 4319608.693, 77
Trd, 4319609.343, 81
Trd, 4319609.693, 72
Trd, 4319609.793, 117
Trd, 4319610.943, 140
Trd, 4319611.543, 65
Trd, 4319612.243, 62
Trd, 4319613.243, 67
Trd, 4319613.343, 69
Trd, 4319616.393, 126
Trd, 4319618.243, 118
Trd, 4319618.543, 117
Trd, 4319618.793, 116
Trd, 4319618.993, 115
Trd, 4319620.293, 106
Trd, 4319620.943, 105
Trd, 4319621.593, 130
Trd, 4319622.643, 116
Trd, 4319623.293, 102
Trd, 4319623.993, 105
Trd, 4319624.593, 107
Trd, 4319625.443, 106
Trd, 4319625.543, 105
Trd, 4319626.993, 139
Trd, 4319627.343, 138
Trd, 4319627.693, 137
Trd, 4319628.043, 65
Trd, 4319630.543, 130
Trd, 4319631.243, 126
Trd, 4319631.343, 125
Trd, 4319632.443, 91
Trd, 4319632.993, 138
Trd, 4319633.243, 91
Trd, 4319633.343, 83
Trd, 4319634.543, 111
Trd, 4319636.493, 110
Trd, 4319636.543, 109
Trd, 4319636.843, 91
Trd, 4319638.843, 106
Trd, 4319639.243, 71
Trd, 4319639.743, 71
Trd, 4319640.943, 96
Trd, 4319641.143, 84
Trd, 4319642.043, 140
Trd, 4319644.543, 140
Trd, 4319644.693, 139
Trd, 4319644.743, 128
Trd, 4319646.093, 118
Trd, 4319646.943, 122
Trd, 4319647.793, 138
Trd, 4319647.843, 101
Trd, 4319649.643, 114
Trd, 4319650.043, 115
Trd, 4319650.593, 114
Trd, 4319651.243, 113
Trd, 4319652.743, 128
Trd, 4319653.593, 140
Trd, 4319653.743, 127
Trd, 4319654.243, 107
Trd, 4319654.993, 108
Trd, 4319655.393, 105
Trd, 4319656.093, 140
Trd, 4319656.443, 106
Trd, 4319656.943, 90
Trd, 4319659.793, 124
Trd, 4319660.043, 119
Trd, 4319661.093, 108
Trd, 4319662.093, 139
Trd, 4319662.743, 105
Trd, 4319662.893, 99
Trd, 4319663.143, 98
Trd, 4319664.543, 77
Trd, 4319664.643, 79
Trd, 4319665.493, 125
Trd, 4319665.943, 140
Trd, 4319666.193, 124
Trd, 4319666.343, 106
Trd, 4319666.443, 94
Trd, 4319668.943, 112
Trd, 4319669.143, 111
Trd, 4319670.643, 118
Trd, 4319671.043, 118
Trd, 4319671.243, 98
Trd, 4319671.593, 83
Trd, 4319671.643, 73
Trd, 4319672.793, 139
Trd, 4319674.993, 60
Trd, 4319676.693, 140
Trd, 4319677.243, 139
Trd, 4319678.143, 108
Trd, 4319678.543, 101
Trd, 4319679.543, 99
Trd, 4319679.643, 94
Trd, 4319681.093, 118
Trd, 4319682.193, 109
Trd, 4319683.543, 112
Trd, 4319683.943, 112
Trd, 4319684.093, 88
Trd, 4319685.193, 110
Trd, 4319685.593, 95
Trd, 4319686.193, 94
Trd, 4319688.043, 119
Trd, 4319688.693, 103
Trd, 4319689.093, 125
Trd, 4319689.893, 131
Trd, 4319690.243, 106
Trd, 4319691.493, 121
Trd, 4319692.143, 138
Trd, 4319692.743, 116
Trd, 4319693.693, 104
Trd, 4319694.893, 96
Trd, 4319695.543, 122
Trd, 4319695.993, 98
Trd, 4319696.343, 98
Trd, 4319696.643, 112
Trd, 4319698.443, 140
Trd, 4319698.643, 118
Trd, 4319699.393, 105
Trd, 4319700.093, 104
Trd, 4319700.193, 100
Trd, 4319701.543, 106
Trd, 4319702.893, 101
Trd, 4319703.143, 100
Trd, 4319704.093, 82
Trd, 4319704.293, 102
Trd, 4319704.393, 109
Trd, 4319706.093, 84
Trd, 4319706.743, 78
Trd, 4319709.343, 99
Trd, 4319709.693, 99
Trd, 4319710.093, 103
Trd, 4319711.143, 137
Trd, 4319711.443, 139
Trd, 4319711.693, 126
Trd, 4319712.193, 119
Trd, 4319714.293, 106
Trd, 4319714.943, 127
Trd, 4319715.043, 126
Trd, 4319715.343, 92
Trd, 4319716.293, 99
Trd, 4319716.943, 106
Trd, 4319718.093, 93
Trd, 4319718.343, 92
Trd, 4319720.193, 140
Trd, 4319721.193, 140
Trd, 4319722.593, 140
Trd, 4319723.043, 140
Trd, 4319723.343, 122
Trd, 4319725.093, 113
Trd, 4319726.193, 112
Trd, 4319726.593, 124
Trd, 4319727.993, 80
Trd, 4319729.293, 75
Trd, 4319729.793, 67
Trd, 4319729.843, 63
Trd, 4319731.193, 67
Trd, 4319731.643, 135
Trd, 4319732.643, 138
Trd, 4319733.043, 140
Trd, 4319734.193, 125
Trd, 4319734.793, 107
Trd, 4319737.643, 115
Trd, 4319738.443, 140
Trd, 4319738.693, 116
Trd, 4319739.193, 98
Trd, 4319739.693, 98
Trd, 4319740.243, 61
Trd, 4319742.443, 140
Trd, 4319744.193, 140
Trd, 4319744.243, 140
Trd, 4319744.993, 140
Trd, 4319745.393, 140
Trd, 4319745.543, 121
Trd, 4319747.743, 121
Trd, 4319749.193, 138
Trd, 4319750.493, 124
Trd, 4319751.143, 125
Trd, 4319751.793, 137
Trd, 4319752.293, 136
Trd, 4319752.693, 121
Trd, 4319753.343, 120
Trd, 4319754.843, 110
Trd, 4319755.293, 81
Trd, 4319755.443, 80
Trd, 4319758.243, 98
Trd, 4319758.343, 117
Trd, 4319759.043, 99
Trd, 4319759.543, 121
Trd, 4319759.643, 98
Trd, 4319760.293, 98
Trd, 4319760.793, 86
Trd, 4319761.593, 75
Trd, 4319764.543, 140
Trd, 4319764.593, 140
Trd, 4319765.843, 140
Trd, 4319765.993, 140
Trd, 4319766.293, 138
Trd, 4319766.493, 137
Trd, 4319766.743, 117
Trd, 4319768.093, 140
Trd, 4319768.643, 115
Trd, 4319769.593, 115
Trd, 4319770.743, 115
Trd, 4319771.493, 105
Trd, 4319772.093, 106
Trd, 4319773.843, 140
Trd, 4319774.243, 140
Trd, 4319775.093, 102
Trd, 4319775.543, 103
Trd, 4319776.543, 104
Trd, 4319776.643, 102
Trd, 4319778.243, 107
Trd, 4319778.843, 91
Trd, 4319780.143, 112
Trd, 4319781.243, 113
Trd, 4319782.393, 130
Trd, 4319783.693, 140
Trd, 4319785.443, 140
Trd, 4319785.493, 140
Trd, 4319785.543, 118
Trd, 4319786.243, 106
Trd, 4319786.293, 104
Trd, 4319788.293, 91
Trd, 4319790.093, 118
Trd, 4319790.243, 119
Trd, 4319791.043, 119
Trd, 4319792.043, 116
Trd, 4319792.393, 115
Trd, 4319795.293, 140
Trd, 4319796.493, 140
Trd, 4319796.893, 140
Trd, 4319797.143, 140
Trd, 4319797.693, 66
Trd, 4319798.193, 138
Trd, 4319799.043, 89
Trd, 4319799.793, 112
Trd, 4319800.593, 89
Trd, 4319802.493, 96
Trd, 4319803.093, 138
Trd, 4319803.143, 93
Trd, 4319803.593, 102
Trd, 4319804.693, 114
Trd, 4319805.043, 101
Trd, 4319805.343, 95
Trd, 4319806.293, 96
Trd, 4319807.693, 108
Trd, 4319807.993, 67
Trd, 4319808.043, 66
Trd, 4319809.193, 74
Trd, 4319809.243, 119
Trd, 4319810.893, 60
Trd, 4319811.243, 61
Trd, 4319812.243, 72
Trd, 4319812.493, 71
Trd, 4319814.243, 73
Trd, 4319814.493, 72
Trd, 4319814.693, 64
Trd, 4319815.793, 85
Trd, 4319816.293, 72
Trd, 4319817.593, 87
Trd, 4319818.293, 95
Trd, 4319818.893, 92
Trd, 4319820.443, 102
Trd, 4319820.693, 97
Trd, 4319820.743, 85
Trd, 4319821.143, 131
Trd, 4319821.443, 140
Trd, 4319823.893, 63
Trd, 4319824.893, 70
Trd, 4319825.893, 60
Trd, 4319825.943, 61
Trd, 4319826.993, 92
Trd, 4319827.243, 65
Trd, 4319829.243, 81
Trd, 4319829.493, 140
Trd, 4319829.793, 68
Trd, 4319831.793, 120
Trd, 4319831.843, 123
Trd, 4319833.093, 128
Trd, 4319833.993, 129
Trd, 4319834.643, 130
Trd, 4319834.893, 129
Trd, 4319835.143, 126
Trd, 4319836.193, 128
Trd, 4319836.543, 118
Trd, 4319838.043, 140
Trd, 4319838.143, 140
Trd, 4319838.243, 121
Trd, 4319840.893, 123
Trd, 4319840.993, 114
Trd, 4319841.593, 114
Trd, 4319841.843, 113
Trd, 4319842.743, 97
Trd, 4319843.143, 90
Trd, 4319843.893, 115
Trd, 4319845.043, 96
Trd, 4319846.293, 121
Trd, 4319846.443, 105
Trd, 4319847.293, 118
Trd, 4319848.243, 88
Trd, 4319849.343, 112
Trd, 4319849.843, 109
Trd, 4319850.493, 104
Trd, 4319851.843, 104
Trd, 4319852.893, 60
Trd, 4319853.443, 78
Trd, 4319854.643, 97
Trd, 4319854.793, 96
Trd, 4319856.093, 97
Trd, 4319856.243, 97
Trd, 4319856.293, 86
Trd, 4319856.343, 126
Trd, 4319857.743, 60
Trd, 4319858.893, 84
Trd, 4319860.343, 93
Trd, 4319861.443, 87
Trd, 4319861.893, 87
Trd, 4319862.693, 89
Trd, 4319863.793, 101
Trd, 4319865.093, 140
Trd, 4319865.493, 139
Trd, 4319865.943, 138
Trd, 4319865.993, 115
Trd, 4319867.693, 121
Trd, 4319868.043, 119
Trd, 4319868.743, 106
Trd, 4319869.143, 95
Trd, 4319871.543, 122
Trd, 4319871.693, 121
Trd, 4319871.743, 100
Trd, 4319872.193, 139
Trd, 4319874.043, 97
Trd, 4319874.843, 87
Trd, 4319875.293, 87
Trd, 4319875.393, 86
Trd, 4319876.193, 97
Trd, 4319878.293, 140
Trd, 4319879.043, 140
Trd, 4319879.093, 140
Trd, 4319879.243, 117
Trd, 4319881.293, 118
Trd, 4319881.693, 98
Trd, 4319883.143, 85
Trd, 4319883.793, 109
Trd, 4319884.643, 95
Trd, 4319885.043, 101
Trd, 4319885.343, 93
Trd, 4319886.643, 99
Trd, 4319887.543, 137
Trd, 4319888.093, 113
Trd, 4319889.493, 108
Trd, 4319889.943, 107
Trd, 4319890.193, 106
Trd, 4319890.443, 108
Trd, 4319891.893, 114
Trd, 4319892.093, 124
Trd, 4319892.193, 114
Trd, 4319893.893, 104
Trd, 4319895.193, 101
Trd, 4319895.893, 77
Trd, 4319896.343, 75
Trd, 4319896.643, 95
Trd, 4319896.693, 72
Trd, 4319896.893, 140
Trd, 4319898.943, 62
Trd, 4319900.693, 85
Trd, 4319900.843, 84
Trd, 4319901.443, 83
Trd, 4319902.593, 85
Trd, 4319902.943, 60
Trd, 4319903.443, 115
Trd, 4319904.243, 111
Trd, 4319904.743, 99
Trd, 4319904.943, 112
Trd, 4319907.393, 135
Trd, 4319908.793, 130
Trd, 4319908.993, 128
Trd, 4319909.093, 127
Trd, 4319909.393, 114
Trd, 4319910.043, 114
Trd, 4319910.193, 108
Trd, 4319911.943, 92
Trd, 4319912.143, 95
Trd, 4319912.193, 92
Trd, 4319913.543, 120
Trd, 4319913.743, 106
Trd, 4319914.493, 92
Trd, 4319915.793, 132
Trd, 4319915.993, 131
Trd, 4319916.193, 129
Trd, 4319917.443, 140
Trd, 4319917.943, 140
Trd, 4319918.293, 95
Trd, 4319918.893, 82
Trd, 4319921.393, 103
Trd, 4319921.443, 102
Trd, 4319921.893, 110
Trd, 4319922.243, 104
Trd, 4319922.943, 91
Trd, 4319923.043, 118
Trd, 4319923.643, 85
Trd, 4319925.443, 82
Trd, 4319925.843, 65
Trd, 4319926.443, 137
Trd, 4319927.643, 140
Trd, 4319928.493, 140
Trd, 4319930.093, 110
Trd, 4319930.193, 109
Trd, 4319931.343, 103
Trd, 4319932.693, 126
Trd, 4319932.993, 101
Trd, 4319934.143, 139
Trd, 4319934.443, 116
Trd, 4319936.843, 122
Trd, 4319937.393, 129
Trd, 4319937.643, 128
Trd, 4319937.993, 122
Trd, 4319938.393, 140
Trd, 4319938.943, 121
Trd, 4319940.543, 116
Trd, 4319941.193, 116
Trd, 4319941.793, 115
Trd, 4319942.393, 95
Trd, 4319943.143, 91
Trd, 4319943.593, 135
Trd, 4319945.193, 103
Trd, 4319947.343, 113
Trd, 4319947.493, 112
Trd, 4319949.643, 140
Trd, 4319949.893, 140
Trd, 4319950.643, 140
Trd, 4319951.493, 117
Trd, 4319952.843, 127
Trd, 4319953.843, 135
Trd, 4319954.293, 130
Trd, 4319954.493, 129
Trd, 4319954.843, 128
Trd, 4319956.243, 140
Trd, 4319957.293, 126
Trd, 4319957.693, 99
Trd, 4319958.543, 107
Trd, 4319958.593, 133
Trd, 4319958.693, 85
Trd, 4319959.343, 96
Trd, 4319960.843, 90
Trd, 4319960.993, 89
Trd, 4319962.293, 108
Trd, 4319963.043, 137
Trd, 4319963.143, 136
Trd, 4319963.343, 137
Trd, 4319964.093, 117
Trd, 4319965.193, 111
Trd, 4319967.293, 111
Trd, 4319968.793, 113
Trd, 4319969.493, 82
Trd, 4319970.793, 81
Trd, 4319971.393, 71
Trd, 4319972.393, 137
Trd, 4319972.993, 71
Trd, 4319973.143, 70
Trd, 4319974.893, 122
Trd, 4319976.093, 132
Trd, 4319978.543, 140
Trd, 4319978.693, 130
Trd, 4319979.093, 109
Trd, 4319979.643, 96
Trd, 4319979.993, 85
Trd, 4319983.193, 140
Trd, 4319983.443, 140
Trd, 4319983.593, 124
Trd, 4319983.693, 113
Trd, 4319984.793, 101
Trd, 4319985.093, 102
Trd, 4319985.143, 101
Trd, 4319986.793, 126
Trd, 4319988.543, 140
Trd, 4319988.593, 140
Trd, 4319990.093, 115
Trd, 4319990.893, 118
Trd, 4319991.393, 117
Trd, 4319992.193, 140
Trd, 4319992.443, 124
Trd, 4319992.843, 115
Trd, 4319993.043, 97
Trd, 4319994.493, 101
Trd, 4319995.943, 117
Trd, 4319996.393, 116
Trd, 4319996.793, 115
Trd, 4319997.543, 133
Trd, 4319998.893, 138
Trd, 4319998.943, 111
