Trd, 4318096.493, 136
Trd, 4318097.643, 139
Trd, 4318098.193, 127
Trd, 4318099.293, 121
Trd, 4318099.493, 114
Trd, 4318100.093, 102
Trd, 4318101.093, 106
Trd, 4318101.693, 130
Trd, 4318102.693, 114
Trd, 4318103.343, 120
Trd, 4318103.393, 105
Trd, 4318104.143, 120
Trd, 4318105.993, 104
Trd, 4318106.693, 114
Trd, 4318107.343, 98
Trd, 4318107.593, 89
Trd, 4318107.743, 91
Trd, 4318107.893, 80
Trd, 4318110.843, 128
Trd, 4318111.443, 121
Trd, 4318111.593, 111
Trd, 4318113.043, 102
Trd, 4318113.693, 108
Trd, 4318113.993, 89
Trd, 4318114.443, 129
Trd, 4318114.993, 94
Trd, 4318116.393, 129
Trd, 4318117.393, 99
Trd, 4318117.543, 117
Trd, 4318117.793, 99
Trd, 4318118.193, 92
Trd, 4318118.543, 79
Trd, 4318119.093, 107
Trd, 4318120.593, 81
Trd, 4318122.743, 118
Trd, 4318123.793, 117
Trd, 4318124.093, 116
Trd, 4318124.143, 109
Trd, 4318124.343, 87
Trd, 4318125.343, 76
Trd, 4318125.693, 75
Trd, 4318126.943, 65
Trd, 4318127.493, 74
Trd, 4318127.643, 135
Trd, 4318130.193, 82
Trd, 4318130.443, 76
Trd, 4318130.943, 74
Trd, 4318131.293, 104
Trd, 4318132.943, 128
Trd, 4318134.543, 135
Trd, 4318134.643, 125
Trd, 4318135.193, 102
Trd, 4318135.393, 78
Trd, 4318137.043, 140
Trd, 4318137.793, 84
Trd, 4318138.443, 119
Trd, 4318138.943, 112
Trd, 4318139.093, 125
Trd, 4318139.343, 104
Trd, 4318141.343, 69
Trd, 4318141.593, 73
Trd, 4318143.243, 92
Trd, 4318143.293, 94
Trd, 4318143.643, 126
Trd, 4318144.643, 86
Trd, 4318145.643, 119
Trd, 4318146.043, 75
Trd, 4318146.443, 67
Trd, 4318147.843, 89
Trd, 4318148.693, 137
Trd, 4318150.693, 130
Trd, 4318150.793, 125
Trd, 4318152.293, 118
Trd, 4318152.493, 102
Trd, 4318152.993, 89
Trd, 4318154.143, 135
Trd, 4318154.443, 110
Trd, 4318155.893, 103
Trd, 4318157.093, 95
Trd, 4318157.643, 116
Trd, 4318159.643, 130
Trd, 4318160.093, 121
Trd, 4318160.693, 114
Trd, 4318161.193, 103
Trd, 4318162.093, 93
Trd, 4318162.243, 88
Trd, 4318163.493, 96
Trd, 4318164.993, 126
Trd, 4318166.443, 125
Trd, 4318166.693, 124
Trd, 4318166.993, 116
Trd, 4318167.693, 115
Trd, 4318168.593, 94
Trd, 4318168.893, 126
Trd, 4318169.993, 92
Trd, 4318171.693, 100
Trd, 4318172.093, 93
Trd, 4318172.843, 85
Trd, 4318173.593, 115
Trd, 4318173.893, 96
Trd, 4318173.993, 98
Trd, 4318174.093, 125
Trd, 4318176.093, 122
Trd, 4318176.743, 110
Trd, 4318176.843, 105
Trd, 4318177.993, 133
Trd, 4318178.443, 83
Trd, 4318179.693, 112
Trd, 4318180.093, 139
Trd, 4318181.293, 97
Trd, 4318182.843, 139
Trd, 4318183.143, 135
Trd, 4318183.293, 127
Trd, 4318183.843, 110
Trd, 4318185.743, 123
Trd, 4318185.793, 99
Trd, 4318186.443, 86
Trd, 4318188.293, 140
Trd, 4318188.693, 73
Trd, 4318189.643, 102
Trd, 4318189.993, 67
Trd, 4318190.243, 93
Trd, 4318192.693, 121
Trd, 4318192.943, 119
Trd, 4318193.193, 113
Trd, 4318193.343, 111
Trd, 4318193.943, 134
Trd, 4318194.393, 100
Trd, 4318195.193, 101
Trd, 4318195.343, 81
Trd, 4318196.443, 102
Trd, 4318197.643, 107
Trd, 4318197.943, 110
Trd, 4318198.593, 126
Trd, 4318199.843, 112
Trd, 4318200.143, 105
Trd, 4318201.993, 136
Trd, 4318202.543, 129
Trd, 4318203.643, 124
Trd, 4318205.493, 139
Trd, 4318206.093, 128
Trd, 4318206.393, 126
Trd, 4318206.943, 113
Trd, 4318208.743, 135
Trd, 4318208.793, 118
Trd, 4318209.543, 113
Trd, 4318210.593, 138
Trd, 4318213.293, 122
Trd, 4318213.693, 109
Trd, 4318213.893, 108
Trd, 4318214.093, 105
Trd, 4318214.643, 121
Trd, 4318216.193, 118
Trd, 4318216.243, 117
Trd, 4318217.043, 98
Trd, 4318217.093, 99
Trd, 4318218.043, 139
Trd, 4318219.443, 97
Trd, 4318219.943, 106
Trd, 4318220.843, 117
Trd, 4318221.693, 84
Trd, 4318223.093, 100
Trd, 4318223.993, 122
Trd, 4318224.343, 113
Trd, 4318224.693, 118
Trd, 4318225.693, 109
Trd, 4318226.293, 128
Trd, 4318226.443, 126
Trd, 4318226.593, 112
Trd, 4318227.593, 106
Trd, 4318229.493, 128
Trd, 4318231.193, 118
Trd, 4318232.143, 114
Trd, 4318232.843, 116
Trd, 4318233.093, 137
Trd, 4318234.343, 82
Trd, 4318234.593, 97
Trd, 4318236.793, 83
Trd, 4318237.793, 85
Trd, 4318238.543, 118
Trd, 4318239.243, 97
Trd, 4318239.793, 113
Trd, 4318239.893, 96
Trd, 4318240.143, 94
Trd, 4318241.493, 116
Trd, 4318243.543, 133
Trd, 4318245.643, 89
Trd, 4318246.393, 90
Trd, 4318247.643, 86
Trd, 4318248.243, 79
Trd, 4318248.643, 84
Trd, 4318249.143, 75
Trd, 4318249.843, 97
Trd, 4318250.643, 98
Trd, 4318250.743, 97
Trd, 4318252.293, 128
Trd, 4318252.793, 137
Trd, 4318254.843, 121
Trd, 4318254.943, 113
Trd, 4318255.093, 101
Trd, 4318255.243, 95
Trd, 4318256.343, 128
Trd, 4318256.593, 120
Trd, 4318257.093, 117
Trd, 4318257.643, 117
Trd, 4318258.293, 88
Trd, 4318259.743, 99
Trd, 4318260.843, 81
Trd, 4318261.493, 92
Trd, 4318262.693, 81
Trd, 4318264.093, 71
Trd, 4318265.643, 62
Trd, 4318265.743, 81
Trd, 4318266.043, 82
Trd, 4318266.593, 120
Trd, 4318266.693, 112
Trd, 4318267.043, 105
Trd, 4318268.493, 110
Trd, 4318269.693, 66
Trd, 4318269.843, 109
Trd, 4318271.043, 68
Trd, 4318271.193, 76
Trd, 4318272.543, 64
Trd, 4318273.243, 74
Trd, 4318273.743, 80
Trd, 4318274.643, 73
Trd, 4318275.643, 137
Trd, 4318276.343, 128
Trd, 4318277.093, 91
Trd, 4318277.693, 136
Trd, 4318278.293, 132
Trd, 4318278.493, 123
Trd, 4318278.593, 93
Trd, 4318278.743, 80
Trd, 4318279.593, 106
Trd, 4318279.743, 103
Trd, 4318281.893, 124
Trd, 4318282.093, 117
Trd, 4318282.543, 105
Trd, 4318284.243, 140
Trd, 4318286.443, 138
Trd, 4318286.793, 134
Trd, 4318286.943, 119
Trd, 4318289.493, 130
Trd, 4318289.643, 127
Trd, 4318289.743, 97
Trd, 4318289.843, 91
Trd, 4318290.693, 126
Trd, 4318290.843, 114
Trd, 4318291.643, 87
Trd, 4318291.843, 81
Trd, 4318293.993, 104
Trd, 4318294.143, 101
Trd, 4318294.493, 101
Trd, 4318294.993, 96
Trd, 4318295.793, 68
Trd, 4318296.543, 86
Trd, 4318297.093, 66
Trd, 4318297.693, 78
Trd, 4318297.743, 96
Trd, 4318298.743, 63
Trd, 4318299.343, 82
Trd, 4318301.493, 69
Trd, 4318303.193, 92
Trd, 4318303.743, 91
Trd, 4318304.293, 119
Trd, 4318304.393, 106
Trd, 4318304.443, 90
Trd, 4318305.343, 89
Trd, 4318306.143, 61
Trd, 4318307.093, 71
Trd, 4318307.943, 114
Trd, 4318310.143, 70
Trd, 4318310.393, 71
Trd, 4318311.143, 98
Trd, 4318311.793, 78
Trd, 4318312.693, 129
Trd, 4318312.793, 68
Trd, 4318313.193, 134
Trd, 4318313.393, 86
Trd, 4318314.243, 84
Trd, 4318315.343, 60
Trd, 4318318.493, 78
Trd, 4318319.793, 95
Trd, 4318320.543, 101
Trd, 4318320.743, 97
Trd, 4318321.793, 92
Trd, 4318321.993, 82
Trd, 4318322.443, 78
Trd, 4318322.893, 118
Trd, 4318324.593, 92
Trd, 4318325.593, 82
Trd, 4318326.143, 68
Trd, 4318326.443, 104
Trd, 4318327.543, 107
Trd, 4318327.843, 104
Trd, 4318327.893, 99
Trd, 4318328.193, 88
Trd, 4318328.593, 71
Trd, 4318329.643, 109
Trd, 4318330.993, 91
Trd, 4318331.543, 80
Trd, 4318331.693, 99
Trd, 4318333.693, 97
Trd, 4318335.143, 105
Trd, 4318335.593, 66
Trd, 4318335.743, 68
Trd, 4318337.293, 139
Trd, 4318338.493, 99
Trd, 4318338.893, 92
Trd, 4318340.143, 138
Trd, 4318340.293, 134
Trd, 4318341.693, 60
Trd, 4318343.343, 85
Trd, 4318343.443, 79
Trd, 4318343.843, 72
Trd, 4318344.793, 95
Trd, 4318344.943, 83
Trd, 4318345.593, 120
Trd, 4318346.093, 92
Trd, 4318347.193, 121
Trd, 4318347.693, 106
Trd, 4318349.143, 61
Trd, 4318349.293, 69
Trd, 4318349.493, 89
Trd, 4318349.943, 78
Trd, 4318350.243, 77
Trd, 4318350.393, 124
Trd, 4318351.843, 120
Trd, 4318353.043, 120
Trd, 4318353.143, 100
Trd, 4318354.543, 107
Trd, 4318355.493, 106
Trd, 4318355.643, 99
Trd, 4318355.693, 93
Trd, 4318356.793, 108
Trd, 4318357.893, 140
Trd, 4318357.993, 131
Trd, 4318358.143, 74
Trd, 4318358.443, 71
Trd, 4318360.093, 112
Trd, 4318361.343, 99
Trd, 4318361.793, 96
Trd, 4318362.393, 91
Trd, 4318362.593, 80
Trd, 4318363.593, 76
Trd, 4318365.343, 116
Trd, 4318365.943, 124
Trd, 4318366.093, 112
Trd, 4318366.993, 124
Trd, 4318368.743, 137
Trd, 4318369.343, 127
Trd, 4318370.843, 122
Trd, 4318371.243, 121
Trd, 4318371.643, 113
Trd, 4318371.743, 103
Trd, 4318373.593, 110
Trd, 4318373.693, 102
Trd, 4318374.543, 111
Trd, 4318376.293, 139
Trd, 4318378.193, 125
Trd, 4318378.293, 117
Trd, 4318378.843, 117
Trd, 4318379.193, 104
Trd, 4318379.543, 101
Trd, 4318379.943, 121
Trd, 4318380.893, 137
Trd, 4318380.993, 127
Trd, 4318381.493, 103
Trd, 4318383.193, 97
Trd, 4318383.293, 93
Trd, 4318383.493, 91
Trd, 4318384.843, 72
Trd, 4318386.093, 119
Trd, 4318388.193, 106
Trd, 4318388.443, 77
Trd, 4318388.493, 76
Trd, 4318388.643, 73
Trd, 4318388.993, 122
Trd, 4318389.343, 98
Trd, 4318389.793, 132
Trd, 4318390.443, 138
Trd, 4318390.543, 131
Trd, 4318392.243, 117
Trd, 4318394.293, 138
Trd, 4318394.693, 134
Trd, 4318394.793, 128
Trd, 4318396.343, 120
Trd, 4318397.543, 106
Trd, 4318397.643, 129
Trd, 4318398.693, 104
Trd, 4318398.843, 94
Trd, 4318399.893, 89
Trd, 4318400.643, 111
Trd, 4318401.293, 86
Trd, 4318402.843, 93
Trd, 4318403.693, 83
Trd, 4318403.793, 71
Trd, 4318404.643, 66
Trd, 4318405.593, 75
Trd, 4318406.243, 121
Trd, 4318407.393, 123
Trd, 4318408.243, 129
Trd, 4318408.293, 102
Trd, 4318408.393, 79
Trd, 4318410.093, 69
Trd, 4318411.893, 63
Trd, 4318412.893, 75
Trd, 4318414.043, 90
Trd, 4318414.893, 103
Trd, 4318415.743, 100
Trd, 4318416.043, 99
Trd, 4318416.893, 119
Trd, 4318417.693, 98
Trd, 4318417.743, 91
Trd, 4318418.843, 69
Trd, 4318419.143, 65
Trd, 4318421.543, 72
Trd, 4318421.793, 77
Trd, 4318423.693, 77
Trd, 4318424.243, 87
Trd, 4318424.443, 76
Trd, 4318425.293, 102
Trd, 4318425.793, 91
Trd, 4318425.943, 63
Trd, 4318426.993, 85
Trd, 4318427.493, 112
Trd, 4318429.143, 105
Trd, 4318429.193, 102
Trd, 4318431.293, 82
Trd, 4318431.543, 110
Trd, 4318432.143, 106
Trd, 4318433.043, 127
Trd, 4318436.243, 127
Trd, 4318436.543, 114
Trd, 4318436.593, 111
Trd, 4318438.293, 115
Trd, 4318439.743, 120
Trd, 4318439.993, 119
Trd, 4318440.643, 102
Trd, 4318441.443, 94
Trd, 4318442.193, 123
Trd, 4318442.293, 121
Trd, 4318443.443, 108
Trd, 4318443.543, 98
Trd, 4318444.093, 94
Trd, 4318444.393, 89
Trd, 4318445.243, 98
Trd, 4318445.743, 92
Trd, 4318447.443, 89
Trd, 4318447.643, 110
Trd, 4318448.543, 87
Trd, 4318448.993, 80
Trd, 4318449.493, 78
Trd, 4318451.343, 115
Trd, 4318451.793, 107
Trd, 4318451.843, 101
Trd, 4318453.093, 128
Trd, 4318453.343, 119
Trd, 4318454.243, 132
Trd, 4318454.643, 125
Trd, 4318455.293, 124
Trd, 4318456.743, 126
Trd, 4318456.893, 120
Trd, 4318457.243, 109
Trd, 4318458.493, 73
Trd, 4318458.893, 68
Trd, 4318459.643, 80
Trd, 4318460.143, 74
Trd, 4318460.643, 67
Trd, 4318461.443, 88
Trd, 4318461.593, 66
Trd, 4318462.643, 127
Trd, 4318465.343, 82
Trd, 4318466.043, 83
Trd, 4318467.143, 127
Trd, 4318467.293, 120
Trd, 4318467.543, 81
Trd, 4318468.543, 90
Trd, 4318468.943, 120
Trd, 4318469.793, 106
Trd, 4318470.043, 129
Trd, 4318472.843, 126
Trd, 4318473.143, 99
Trd, 4318473.643, 97
Trd, 4318473.693, 96
Trd, 4318474.193, 126
Trd, 4318474.893, 123
Trd, 4318475.643, 124
Trd, 4318475.743, 82
Trd, 4318476.693, 114
Trd, 4318478.443, 124
Trd, 4318479.393, 106
Trd, 4318479.593, 125
Trd, 4318480.943, 129
Trd, 4318481.993, 133
Trd, 4318482.543, 133
Trd, 4318483.543, 115
Trd, 4318483.643, 115
Trd, 4318485.293, 123
Trd, 4318486.543, 122
Trd, 4318487.593, 134
Trd, 4318487.893, 130
Trd, 4318487.943, 110
Trd, 4318488.693, 111
Trd, 4318489.793, 108
Trd, 4318489.993, 102
Trd, 4318490.193, 101
Trd, 4318491.343, 99
Trd, 4318492.093, 98
Trd, 4318493.443, 121
Trd, 4318494.643, 126
Trd, 4318495.993, 131
Trd, 4318496.393, 125
Trd, 4318497.193, 129
Trd, 4318497.243, 119
Trd, 4318497.943, 111
Trd, 4318498.693, 110
Trd, 4318499.043, 104
Trd, 4318499.443, 98
Trd, 4318501.293, 89
Trd, 4318501.593, 94
Trd, 4318501.743, 92
Trd, 4318503.143, 113
Trd, 4318503.843, 86
Trd, 4318504.043, 86
Trd, 4318505.393, 93
Trd, 4318505.543, 98
Trd, 4318507.043, 119
Trd, 4318507.293, 108
Trd, 4318508.093, 88
Trd, 4318509.093, 125
Trd, 4318509.393, 131
Trd, 4318509.743, 119
Trd, 4318509.993, 103
Trd, 4318510.593, 110
Trd, 4318512.893, 104
Trd, 4318514.593, 109
Trd, 4318516.143, 124
Trd, 4318516.443, 122
Trd, 4318517.593, 120
Trd, 4318517.743, 117
Trd, 4318518.193, 134
Trd, 4318518.643, 124
Trd, 4318519.443, 116
Trd, 4318520.143, 123
Trd, 4318520.393, 120
Trd, 4318520.543, 113
Trd, 4318520.743, 106
Trd, 4318521.993, 111
Trd, 4318524.593, 93
Trd, 4318525.443, 128
Trd, 4318525.693, 133
Trd, 4318526.243, 122
Trd, 4318526.493, 118
Trd, 4318526.643, 99
Trd, 4318527.243, 131
Trd, 4318528.443, 136
Trd, 4318529.843, 118
Trd, 4318531.093, 104
Trd, 4318531.993, 99
Trd, 4318532.243, 93
Trd, 4318532.693, 85
Trd, 4318533.143, 108
Trd, 4318535.593, 127
Trd, 4318535.643, 108
Trd, 4318536.243, 140
Trd, 4318536.393, 130
Trd, 4318537.393, 101
Trd, 4318537.643, 100
Trd, 4318537.943, 98
Trd, 4318540.793, 127
Trd, 4318540.943, 127
Trd, 4318541.943, 101
Trd, 4318543.093, 97
Trd, 4318543.393, 93
Trd, 4318543.693, 92
Trd, 4318544.093, 136
Trd, 4318545.393, 133
Trd, 4318545.443, 129
Trd, 4318545.543, 124
Trd, 4318546.143, 88
Trd, 4318547.243, 90
Trd, 4318548.693, 101
Trd, 4318548.793, 106
Trd, 4318549.193, 118
Trd, 4318549.993, 98
Trd, 4318551.843, 97
Trd, 4318552.293, 95
Trd, 4318552.793, 99
Trd, 4318552.943, 93
Trd, 4318554.193, 91
Trd, 4318554.393, 99
Trd, 4318556.593, 77
Trd, 4318557.093, 90
Trd, 4318558.043, 80
Trd, 4318558.893, 95
Trd, 4318560.143, 140
Trd, 4318560.393, 127
Trd, 4318560.693, 132
Trd, 4318561.443, 118
Trd, 4318561.893, 115
Trd, 4318562.893, 117
Trd, 4318563.543, 113
Trd, 4318563.693, 97
Trd, 4318565.593, 116
Trd, 4318565.943, 94
Trd, 4318566.593, 105
Trd, 4318568.843, 100
Trd, 4318568.993, 139
Trd, 4318569.293, 82
Trd, 4318569.993, 68
Trd, 4318570.593, 62
Trd, 4318571.393, 111
Trd, 4318572.143, 103
Trd, 4318574.193, 79
Trd, 4318574.493, 111
Trd, 4318575.793, 126
Trd, 4318576.243, 120
Trd, 4318577.293, 124
Trd, 4318577.343, 120
Trd, 4318577.743, 102
Trd, 4318577.993, 82
Trd, 4318579.143, 118
Trd, 4318581.193, 114
Trd, 4318581.843, 109
Trd, 4318582.343, 106
Trd, 4318583.243, 129
Trd, 4318583.443, 124
Trd, 4318583.493, 113
Trd, 4318584.043, 121
Trd, 4318584.243, 113
Trd, 4318585.743, 65
Trd, 4318586.343, 91
Trd, 4318587.343, 98
Trd, 4318587.793, 111
Trd, 4318589.743, 118
Trd, 4318590.043, 115
Trd, 4318590.543, 124
Trd, 4318590.743, 116
Trd, 4318591.693, 115
Trd, 4318594.043, 113
Trd, 4318595.443, 137
Trd, 4318597.343, 123
Trd, 4318597.393, 115
Trd, 4318597.443, 114
Trd, 4318598.893, 108
Trd, 4318599.043, 107
Trd, 4318600.093, 114
Trd, 4318600.643, 108
Trd, 4318601.443, 110
Trd, 4318601.743, 103
Trd, 4318602.343, 100
Trd, 4318602.443, 123
Trd, 4318603.043, 115
Trd, 4318605.093, 66
Trd, 4318605.193, 97
Trd, 4318605.343, 97
Trd, 4318606.043, 90
Trd, 4318606.593, 87
Trd, 4318608.593, 131
Trd, 4318608.993, 128
Trd, 4318609.493, 139
Trd, 4318610.943, 114
Trd, 4318611.293, 136
Trd, 4318611.443, 125
Trd, 4318612.843, 123
Trd, 4318612.993, 122
Trd, 4318613.193, 107
Trd, 4318613.993, 116
Trd, 4318614.493, 94
Trd, 4318615.143, 95
Trd, 4318616.543, 140
Trd, 4318617.593, 129
Trd, 4318618.593, 138
Trd, 4318619.093, 128
Trd, 4318620.943, 117
Trd, 4318621.393, 106
Trd, 4318621.643, 100
Trd, 4318622.343, 88
Trd, 4318623.593, 128
Trd, 4318624.893, 133
Trd, 4318625.693, 133
Trd, 4318625.943, 118
Trd, 4318626.793, 125
Trd, 4318627.143, 120
Trd, 4318627.743, 128
Trd, 4318628.643, 123
Trd, 4318628.943, 114
Trd, 4318630.843, 136
Trd, 4318632.793, 102
Trd, 4318633.543, 115
Trd, 4318633.893, 110
Trd, 4318633.993, 97
Trd, 4318634.443, 95
Trd, 4318635.593, 132
Trd, 4318636.893, 108
Trd, 4318638.343, 131
Trd, 4318640.243, 127
Trd, 4318640.643, 121
Trd, 4318641.293, 123
Trd, 4318641.993, 114
Trd, 4318642.093, 113
Trd, 4318642.893, 108
Trd, 4318643.693, 105
Trd, 4318644.543, 99
Trd, 4318644.793, 128
Trd, 4318645.893, 136
Trd, 4318645.993, 123
Trd, 4318647.293, 123
Trd, 4318647.743, 115
Trd, 4318648.043, 121
Trd, 4318649.093, 108
Trd, 4318650.443, 111
Trd, 4318651.143, 138
Trd, 4318651.443, 126
Trd, 4318651.793, 117
Trd, 4318652.393, 112
Trd, 4318653.293, 109
Trd, 4318654.043, 139
Trd, 4318654.593, 114
Trd, 4318654.993, 132
Trd, 4318655.543, 111
Trd, 4318655.993, 134
Trd, 4318657.143, 100
Trd, 4318657.993, 123
Trd, 4318659.593, 100
Trd, 4318659.643, 82
Trd, 4318660.243, 100
Trd, 4318661.243, 75
Trd, 4318662.943, 78
Trd, 4318663.893, 139
Trd, 4318664.593, 135
Trd, 4318664.843, 129
Trd, 4318665.443, 124
Trd, 4318665.743, 133
Trd, 4318665.893, 116
Trd, 4318666.393, 78
Trd, 4318666.593, 98
Trd, 4318668.343, 64
Trd, 4318668.743, 93
Trd, 4318671.143, 134
Trd, 4318671.243, 130
Trd, 4318671.493, 110
Trd, 4318671.543, 108
Trd, 4318672.743, 140
Trd, 4318672.943, 130
Trd, 4318673.843, 133
Trd, 4318674.343, 118
Trd, 4318674.843, 75
Trd, 4318676.393, 76
Trd, 4318676.943, 73
Trd, 4318677.143, 119
Trd, 4318677.543, 87
Trd, 4318680.193, 91
Trd, 4318681.443, 126
Trd, 4318682.493, 120
Trd, 4318683.343, 113
Trd, 4318683.493, 108
Trd, 4318683.643, 105
Trd, 4318684.143, 90
Trd, 4318685.043, 103
Trd, 4318685.143, 121
Trd, 4318685.443, 139
Trd, 4318686.393, 89
Trd, 4318687.593, 112
Trd, 4318688.543, 97
Trd, 4318688.893, 104
Trd, 4318689.443, 95
Trd, 4318690.193, 122
Trd, 4318691.593, 116
Trd, 4318692.143, 119
Trd, 4318693.143, 127
Trd, 4318694.143, 107
Trd, 4318694.543, 115
Trd, 4318695.143, 119
Trd, 4318695.393, 126
Trd, 4318696.193, 115
Trd, 4318696.343, 135
Trd, 4318696.993, 113
Trd, 4318698.043, 136
Trd, 4318698.893, 114
Trd, 4318699.293, 117
Trd, 4318699.943, 111
Trd, 4318701.293, 133
Trd, 4318703.743, 85
Trd, 4318703.893, 84
Trd, 4318704.193, 84
Trd, 4318704.793, 98
Trd, 4318705.293, 114
Trd, 4318705.643, 106
Trd, 4318706.193, 111
Trd, 4318706.893, 131
Trd, 4318707.293, 125
Trd, 4318707.793, 95
Trd, 4318708.893, 117
Trd, 4318709.843, 118
Trd, 4318710.043, 114
Trd, 4318710.143, 111
Trd, 4318710.993, 97
Trd, 4318711.743, 129
Trd, 4318713.093, 88
Trd, 4318713.243, 78
Trd, 4318714.943, 127
Trd, 4318715.093, 94
Trd, 4318715.243, 87
Trd, 4318717.643, 132
Trd, 4318717.793, 126
Trd, 4318719.443, 111
Trd, 4318719.593, 110
Trd, 4318720.343, 112
Trd, 4318720.543, 116
Trd, 4318720.593, 109
Trd, 4318722.043, 108
Trd, 4318722.243, 102
Trd, 4318723.643, 116
Trd, 4318723.993, 123
Trd, 4318725.243, 107
Trd, 4318725.643, 90
Trd, 4318726.093, 122
Trd, 4318726.393, 87
Trd, 4318726.693, 114
Trd, 4318726.943, 86
Trd, 4318729.143, 111
Trd, 4318729.293, 106
Trd, 4318731.343, 101
Trd, 4318734.343, 137
Trd, 4318734.943, 119
Trd, 4318735.143, 111
Trd, 4318736.593, 106
Trd, 4318737.293, 121
Trd, 4318737.543, 111
Trd, 4318737.993, 106
Trd, 4318739.293, 139
Trd, 4318740.643, 116
Trd, 4318740.743, 111
Trd, 4318740.843, 110
Trd, 4318741.093, 138
Trd, 4318741.943, 117
Trd, 4318742.093, 115
Trd, 4318742.543, 88
Trd, 4318744.593, 93
Trd, 4318744.693, 87
Trd, 4318745.793, 85
Trd, 4318746.043, 90
Trd, 4318746.643, 85
Trd, 4318748.193, 101
Trd, 4318751.293, 93
Trd, 4318752.193, 103
Trd, 4318752.393, 94
Trd, 4318752.893, 85
Trd, 4318753.243, 93
Trd, 4318753.793, 108
Trd, 4318754.943, 105
Trd, 4318755.043, 97
Trd, 4318756.493, 116
Trd, 4318756.743, 94
Trd, 4318756.893, 89
Trd, 4318757.593, 139
Trd, 4318758.143, 132
Trd, 4318758.293, 128
Trd, 4318758.593, 139
Trd, 4318759.493, 119
Trd, 4318759.993, 139
Trd, 4318761.193, 114
Trd, 4318761.343, 110
Trd, 4318762.743, 129
Trd, 4318762.843, 107
Trd, 4318764.243, 94
Trd, 4318764.343, 104
Trd, 4318766.443, 103
Trd, 4318766.493, 100
Trd, 4318766.543, 99
Trd, 4318766.843, 99
Trd, 4318767.293, 89
Trd, 4318769.143, 132
Trd, 4318769.743, 88
Trd, 4318770.993, 110
Trd, 4318771.543, 84
Trd, 4318772.043, 125
Trd, 4318772.643, 125
Trd, 4318773.143, 116
Trd, 4318773.893, 125
Trd, 4318776.543, 137
Trd, 4318777.443, 132
Trd, 4318778.793, 137
Trd, 4318779.193, 123
Trd, 4318779.743, 120
Trd, 4318779.843, 117
Trd, 4318781.443, 111
Trd, 4318781.593, 109
Trd, 4318782.043, 135
Trd, 4318782.593, 110
Trd, 4318782.943, 128
Trd, 4318783.493, 120
Trd, 4318783.593, 110
Trd, 4318785.693, 114
Trd, 4318785.943, 101
Trd, 4318786.993, 98
Trd, 4318787.093, 91
Trd, 4318787.893, 111
Trd, 4318789.443, 122
Trd, 4318789.993, 96
Trd, 4318790.243, 106
Trd, 4318790.593, 92
Trd, 4318792.443, 105
Trd, 4318793.043, 95
Trd, 4318795.293, 102
Trd, 4318797.393, 97
Trd, 4318797.893, 99
Trd, 4318798.143, 121
Trd, 4318798.293, 88
Trd, 4318799.743, 125
Trd, 4318800.593, 100
Trd, 4318800.943, 95
Trd, 4318801.043, 99
Trd, 4318802.043, 60
Trd, 4318803.593, 75
Trd, 4318804.743, 130
Trd, 4318805.443, 104
Trd, 4318805.793, 102
Trd, 4318806.843, 139
Trd, 4318807.893, 122
Trd, 4318808.543, 114
Trd, 4318808.793, 126
Trd, 4318808.943, 113
Trd, 4318810.443, 138
Trd, 4318811.243, 110
Trd, 4318812.143, 108
Trd, 4318812.393, 118
Trd, 4318812.943, 101
Trd, 4318813.393, 106
Trd, 4318814.293, 90
Trd, 4318814.393, 81
Trd, 4318814.843, 115
Trd, 4318815.293, 111
Trd, 4318815.893, 102
Trd, 4318816.543, 127
Trd, 4318817.293, 121
Trd, 4318819.043, 101
Trd, 4318819.993, 67
Trd, 4318820.443, 110
Trd, 4318821.843, 84
Trd, 4318822.093, 66
Trd, 4318822.693, 118
Trd, 4318823.293, 111
Trd, 4318823.643, 96
Trd, 4318824.393, 71
Trd, 4318824.693, 74
Trd, 4318826.193, 137
Trd, 4318826.543, 133
Trd, 4318828.293, 140
Trd, 4318829.493, 134
Trd, 4318829.843, 125
Trd, 4318829.943, 117
Trd, 4318830.793, 139
Trd, 4318831.293, 111
Trd, 4318831.793, 107
Trd, 4318831.943, 103
Trd, 4318832.943, 103
Trd, 4318833.543, 101
Trd, 4318833.993, 123
Trd, 4318834.243, 114
Trd, 4318834.443, 101
Trd, 4318834.493, 92
Trd, 4318835.593, 131
Trd, 4318836.143, 76
Trd, 4318836.443, 60
Trd, 4318839.243, 74
Trd, 4318839.943, 93
Trd, 4318840.193, 88
Trd, 4318840.543, 87
Trd, 4318841.193, 117
Trd, 4318841.743, 94
Trd, 4318842.093, 135
Trd, 4318842.943, 107
Trd, 4318843.493, 85
Trd, 4318844.593, 97
Trd, 4318845.393, 62
Trd, 4318846.493, 132
Trd, 4318847.343, 124
Trd, 4318847.793, 114
Trd, 4318848.193, 110
Trd, 4318848.943, 93
Trd, 4318850.193, 134
Trd, 4318850.693, 130
Trd, 4318851.493, 117
Trd, 4318853.793, 118
Trd, 4318854.093, 128
Trd, 4318854.393, 119
Trd, 4318855.493, 102
Trd, 4318855.693, 100
Trd, 4318855.743, 120
Trd, 4318857.393, 103
Trd, 4318857.743, 94
Trd, 4318859.243, 126
Trd, 4318859.693, 107
Trd, 4318860.093, 105
Trd, 4318860.343, 115
Trd, 4318861.993, 76
Trd, 4318863.643, 95
Trd, 4318864.893, 95
Trd, 4318865.193, 89
Trd, 4318865.693, 88
Trd, 4318865.893, 78
Trd, 4318866.443, 85
Trd, 4318866.793, 105
Trd, 4318867.393, 77
Trd, 4318867.943, 75
Trd, 4318870.243, 99
Trd, 4318870.793, 98
Trd, 4318871.843, 96
Trd, 4318872.243, 89
Trd, 4318872.393, 83
Trd, 4318874.093, 111
Trd, 4318875.343, 115
Trd, 4318876.943, 128
Trd, 4318877.043, 123
Trd, 4318877.643, 140
Trd, 4318877.793, 120
Trd, 4318878.793, 108
Trd, 4318879.843, 132
Trd, 4318880.843, 109
Trd, 4318881.493, 122
Trd, 4318882.643, 89
Trd, 4318883.143, 106
Trd, 4318883.493, 83
Trd, 4318884.293, 127
Trd, 4318885.043, 108
Trd, 4318886.593, 104
Trd, 4318887.943, 95
Trd, 4318888.143, 95
Trd, 4318888.293, 110
Trd, 4318889.493, 124
Trd, 4318889.693, 121
Trd, 4318890.393, 101
Trd, 4318891.243, 100
Trd, 4318891.643, 110
Trd, 4318893.593, 138
Trd, 4318894.293, 134
Trd, 4318894.343, 114
Trd, 4318894.693, 111
Trd, 4318895.493, 75
Trd, 4318896.143, 105
Trd, 4318898.393, 96
Trd, 4318898.493, 94
Trd, 4318898.643, 93
Trd, 4318899.043, 138
Trd, 4318899.193, 129
Trd, 4318900.043, 90
Trd, 4318900.093, 86
Trd, 4318900.143, 72
Trd, 4318901.393, 69
Trd, 4318903.493, 65
Trd, 4318903.893, 71
Trd, 4318904.143, 73
Trd, 4318905.343, 72
Trd, 4318905.493, 110
Trd, 4318905.593, 67
Trd, 4318907.193, 76
Trd, 4318907.543, 74
Trd, 4318907.893, 73
Trd, 4318908.793, 121
Trd, 4318908.893, 116
Trd, 4318909.143, 126
Trd, 4318909.193, 109
Trd, 4318909.993, 128
Trd, 4318911.993, 125
Trd, 4318912.243, 114
Trd, 4318913.243, 100
Trd, 4318913.343, 103
Trd, 4318913.393, 113
Trd, 4318914.943, 105
Trd, 4318916.493, 112
Trd, 4318916.893, 129
Trd, 4318917.893, 105
Trd, 4318918.493, 94
Trd, 4318918.993, 125
Trd, 4318919.593, 123
Trd, 4318919.843, 117
Trd, 4318921.143, 134
Trd, 4318921.193, 130
Trd, 4318921.743, 100
Trd, 4318922.843, 122
Trd, 4318923.493, 116
Trd, 4318924.343, 103
Trd, 4318924.793, 97
Trd, 4318926.143, 109
Trd, 4318927.793, 135
Trd, 4318929.243, 137
Trd, 4318929.293, 135
Trd, 4318929.343, 122
Trd, 4318929.593, 138
Trd, 4318929.893, 108
Trd, 4318930.943, 97
Trd, 4318931.493, 95
Trd, 4318932.393, 132
Trd, 4318933.743, 125
Trd, 4318934.093, 128
Trd, 4318936.443, 133
Trd, 4318937.143, 123
Trd, 4318937.593, 122
Trd, 4318938.193, 120
Trd, 4318938.293, 134
Trd, 4318938.593, 111
Trd, 4318939.443, 83
Trd, 4318939.543, 111
Trd, 4318941.043, 111
Trd, 4318942.943, 103
Trd, 4318943.093, 101
Trd, 4318943.943, 103
Trd, 4318944.043, 96
Trd, 4318944.643, 132
Trd, 4318944.993, 135
Trd, 4318948.093, 118
Trd, 4318948.743, 125
Trd, 4318949.843, 115
Trd, 4318950.093, 116
Trd, 4318951.043, 118
Trd, 4318951.093, 116
Trd, 4318952.493, 130
Trd, 4318954.193, 110
Trd, 4318954.743, 106
Trd, 4318955.193, 97
Trd, 4318955.993, 95
Trd, 4318956.243, 95
Trd, 4318956.643, 116
Trd, 4318956.843, 94
Trd, 4318957.793, 99
Trd, 4318958.443, 85
Trd, 4318958.593, 70
Trd, 4318960.193, 98
Trd, 4318960.693, 114
Trd, 4318961.393, 81
Trd, 4318962.543, 104
Trd, 4318963.493, 121
Trd, 4318963.543, 113
Trd, 4318963.743, 104
Trd, 4318963.943, 119
Trd, 4318965.343, 124
Trd, 4318965.643, 123
Trd, 4318966.043, 103
Trd, 4318967.393, 136
Trd, 4318967.843, 120
Trd, 4318968.593, 124
Trd, 4318968.793, 118
Trd, 4318969.343, 133
Trd, 4318969.643, 96
Trd, 4318970.093, 76
Trd, 4318972.693, 127
Trd, 4318972.943, 116
Trd, 4318974.993, 133
Trd, 4318975.093, 126
Trd, 4318975.893, 112
Trd, 4318976.493, 105
Trd, 4318977.793, 123
Trd, 4318979.043, 136
Trd, 4318979.743, 116
Trd, 4318980.293, 108
Trd, 4318980.543, 105
Trd, 4318980.693, 123
Trd, 4318980.743, 103
Trd, 4318980.893, 94
Trd, 4318981.493, 74
Trd, 4318981.993, 105
Trd, 4318982.393, 111
Trd, 4318982.693, 123
Trd, 4318984.143, 82
Trd, 4318984.593, 139
Trd, 4318985.793, 67
Trd, 4318985.993, 81
Trd, 4318987.543, 139
Trd, 4318988.593, 118
Trd, 4318989.343, 117
Trd, 4318989.643, 110
Trd, 4318989.993, 110
Trd, 4318990.443, 107
Trd, 4318991.893, 135
Trd, 4318992.043, 125
Trd, 4318995.943, 128
Trd, 4318996.193, 115
Trd, 4318996.493, 112
Trd, 4318996.993, 122
Trd, 4318998.043, 104
Trd, 4318998.593, 133
Trd, 4318998.693, 101
Trd, 4318998.743, 97
Trd, 4318999.743, 120
Trd, 4319000.293, 131
Trd, 4319000.893, 98
Trd, 4319001.693, 80
Trd, 4319001.843, 76
Trd, 4319002.343, 78
Trd, 4319004.193, 130
Trd, 4319006.393, 129
Trd, 4319006.543, 121
Trd, 4319007.193, 115
Trd, 4319007.393, 140
Trd, 4319007.693, 106
Trd, 4319007.743, 91
Trd, 4319008.493, 86
Trd, 4319009.143, 111
Trd, 4319009.543, 72
Trd, 4319011.943, 110
Trd, 4319012.093, 113
Trd, 4319012.243, 129
Trd, 4319013.743, 108
Trd, 4319014.293, 101
Trd, 4319015.343, 98
Trd, 4319015.493, 95
Trd, 4319015.693, 103
Trd, 4319016.593, 112
Trd, 4319017.193, 88
Trd, 4319017.843, 129
Trd, 4319018.093, 85
Trd, 4319018.843, 128
Trd, 4319020.693, 86
Trd, 4319021.593, 102
Trd, 4319021.743, 103
Trd, 4319021.843, 99
Trd, 4319022.993, 139
Trd, 4319023.143, 129
Trd, 4319024.193, 119
Trd, 4319025.143, 130
Trd, 4319025.843, 121
Trd, 4319026.493, 88
Trd, 4319027.143, 94
Trd, 4319027.293, 130
Trd, 4319027.493, 86
Trd, 4319028.443, 84
Trd, 4319030.343, 106
Trd, 4319030.993, 83
Trd, 4319031.193, 87
Trd, 4319031.443, 94
Trd, 4319032.993, 110
Trd, 4319033.293, 105
Trd, 4319034.393, 100
Trd, 4319035.093, 105
Trd, 4319035.293, 122
Trd, 4319035.543, 110
Trd, 4319036.143, 114
Trd, 4319036.243, 107
Trd, 4319036.443, 102
Trd, 4319036.693, 97
Trd, 4319039.093, 126
Trd, 4319039.293, 114
Trd, 4319041.443, 140
Trd, 4319042.193, 129
Trd, 4319042.993, 130
Trd, 4319043.293, 127
Trd, 4319043.943, 105
Trd, 4319043.993, 100
Trd, 4319045.343, 119
Trd, 4319045.793, 104
Trd, 4319046.793, 69
Trd, 4319047.093, 83
Trd, 4319048.993, 126
Trd, 4319050.543, 131
Trd, 4319051.043, 125
Trd, 4319051.843, 123
Trd, 4319051.893, 122
Trd, 4319051.943, 120
Trd, 4319053.493, 136
Trd, 4319054.643, 125
Trd, 4319055.143, 121
Trd, 4319055.593, 118
Trd, 4319055.693, 113
Trd, 4319055.893, 102
Trd, 4319055.943, 97
Trd, 4319057.443, 131
Trd, 4319058.143, 97
Trd, 4319058.443, 107
Trd, 4319058.793, 101
Trd, 4319059.843, 128
Trd, 4319060.343, 119
Trd, 4319060.493, 106
Trd, 4319062.243, 116
Trd, 4319062.843, 77
Trd, 4319063.643, 69
Trd, 4319063.693, 70
Trd, 4319064.193, 104
Trd, 4319067.093, 86
Trd, 4319067.393, 85
Trd, 4319067.793, 77
Trd, 4319068.243, 93
Trd, 4319069.093, 76
Trd, 4319069.693, 103
Trd, 4319070.543, 125
Trd, 4319070.593, 118
Trd, 4319071.643, 140
Trd, 4319072.643, 99
Trd, 4319073.943, 97
Trd, 4319074.493, 97
Trd, 4319075.243, 138
Trd, 4319075.293, 129
Trd, 4319075.693, 98
Trd, 4319077.293, 95
Trd, 4319077.593, 99
Trd, 4319078.543, 94
Trd, 4319078.743, 93
Trd, 4319078.793, 91
Trd, 4319079.793, 90
Trd, 4319080.093, 96
Trd, 4319080.543, 93
Trd, 4319081.593, 125
Trd, 4319081.743, 105
Trd, 4319082.793, 125
Trd, 4319084.293, 140
Trd, 4319085.243, 122
Trd, 4319086.193, 132
Trd, 4319086.443, 128
Trd, 4319088.243, 139
Trd, 4319088.343, 135
Trd, 4319088.893, 130
Trd, 4319089.193, 122
Trd, 4319089.493, 113
Trd, 4319092.093, 131
Trd, 4319092.793, 126
Trd, 4319093.343, 123
Trd, 4319093.793, 120
Trd, 4319095.043, 124
Trd, 4319095.143, 121
Trd, 4319095.693, 118
Trd, 4319096.993, 120
Trd, 4319097.043, 111
Trd, 4319097.393, 107
Trd, 4319098.793, 129
Trd, 4319099.393, 114
Trd, 4319099.893, 106
Trd, 4319101.793, 131
Trd, 4319101.993, 123
Trd, 4319103.593, 112
Trd, 4319104.743, 108
Trd, 4319104.793, 104
Trd, 4319104.943, 101
Trd, 4319105.443, 93
Trd, 4319106.193, 90
Trd, 4319108.293, 105
Trd, 4319108.493, 106
Trd, 4319110.393, 132
Trd, 4319111.293, 108
Trd, 4319111.343, 105
Trd, 4319111.643, 116
Trd, 4319112.593, 104
Trd, 4319113.293, 94
Trd, 4319113.793, 88
Trd, 4319114.743, 131
Trd, 4319115.193, 114
Trd, 4319116.093, 105
Trd, 4319116.343, 107
Trd, 4319118.393, 121
Trd, 4319118.493, 102
Trd, 4319118.843, 96
Trd, 4319119.543, 116
Trd, 4319121.343, 127
Trd, 4319123.193, 110
Trd, 4319123.743, 108
Trd, 4319123.993, 102
Trd, 4319124.093, 100
Trd, 4319124.893, 82
Trd, 4319125.193, 122
Trd, 4319125.443, 107
Trd, 4319125.543, 98
Trd, 4319125.943, 81
Trd, 4319126.193, 138
Trd, 4319127.943, 121
Trd, 4319129.543, 108
Trd, 4319130.243, 123
Trd, 4319130.343, 106
Trd, 4319130.543, 102
Trd, 4319132.193, 134
Trd, 4319132.443, 83
Trd, 4319133.843, 105
Trd, 4319135.093, 80
Trd, 4319135.293, 76
Trd, 4319136.343, 74
Trd, 4319136.393, 107
Trd, 4319137.343, 103
Trd, 4319138.993, 131
Trd, 4319139.343, 123
Trd, 4319139.393, 116
Trd, 4319139.793, 116
Trd, 4319139.893, 112
Trd, 4319141.593, 128
Trd, 4319142.793, 128
Trd, 4319143.293, 122
Trd, 4319143.993, 113
Trd, 4319144.243, 108
Trd, 4319145.443, 130
Trd, 4319146.143, 131
Trd, 4319147.093, 131
Trd, 4319147.193, 122
Trd, 4319147.593, 112
Trd, 4319149.343, 127
Trd, 4319150.093, 132
Trd, 4319152.093, 135
Trd, 4319152.393, 120
Trd, 4319153.093, 110
Trd, 4319153.393, 106
Trd, 4319155.743, 137
Trd, 4319155.893, 131
Trd, 4319156.493, 119
Trd, 4319156.543, 113
Trd, 4319157.043, 135
Trd, 4319157.193, 106
Trd, 4319158.443, 129
Trd, 4319159.843, 121
Trd, 4319160.293, 117
Trd, 4319162.143, 92
Trd, 4319163.293, 89
Trd, 4319163.993, 138
Trd, 4319164.243, 131
Trd, 4319165.593, 93
Trd, 4319166.693, 86
Trd, 4319166.993, 74
Trd, 4319168.443, 138
Trd, 4319168.793, 121
Trd, 4319169.243, 113
Trd, 4319169.843, 102
Trd, 4319170.393, 79
Trd, 4319171.293, 121
Trd, 4319172.043, 122
Trd, 4319172.243, 104
Trd, 4319173.343, 103
Trd, 4319174.143, 99
Trd, 4319174.743, 116
Trd, 4319175.443, 111
Trd, 4319177.293, 133
Trd, 4319177.743, 130
Trd, 4319178.543, 118
Trd, 4319178.693, 110
Trd, 4319178.893, 94
Trd, 4319180.543, 126
Trd, 4319180.993, 100
Trd, 4319181.543, 88
Trd, 4319183.543, 96
Trd, 4319183.693, 101
Trd, 4319183.793, 116
Trd, 4319185.493, 61
Trd, 4319186.043, 124
Trd, 4319186.293, 76
Trd, 4319187.093, 109
Trd, 4319188.843, 86
Trd, 4319189.543, 70
Trd, 4319191.443, 126
Trd, 4319192.943, 123
Trd, 4319193.043, 106
Trd, 4319193.393, 103
Trd, 4319193.993, 92
Trd, 4319194.343, 95
Trd, 4319195.243, 90
Trd, 4319195.493, 88
Trd, 4319195.793, 140
Trd, 4319197.043, 133
Trd, 4319197.193, 124
Trd, 4319198.293, 120
Trd, 4319198.743, 117
Trd, 4319199.193, 124
Trd, 4319200.793, 117
Trd, 4319201.393, 131
Trd, 4319202.093, 107
Trd, 4319203.193, 127
Trd, 4319203.543, 103
Trd, 4319203.993, 101
Trd, 4319204.543, 112
Trd, 4319206.343, 106
Trd, 4319206.893, 87
Trd, 4319208.043, 93
Trd, 4319208.593, 129
Trd, 4319208.893, 129
Trd, 4319209.743, 122
Trd, 4319210.543, 114
Trd, 4319211.443, 97
Trd, 4319212.443, 130
Trd, 4319212.893, 107
Trd, 4319212.943, 81
Trd, 4319213.543, 80
Trd, 4319215.343, 70
Trd, 4319215.793, 89
Trd, 4319215.993, 108
Trd, 4319217.843, 120
Trd, 4319218.693, 119
Trd, 4319220.543, 109
Trd, 4319221.293, 104
Trd, 4319221.593, 104
Trd, 4319221.943, 101
Trd, 4319222.043, 106
Trd, 4319222.643, 114
Trd, 4319223.443, 135
Trd, 4319224.543, 122
Trd, 4319224.743, 117
Trd, 4319225.093, 117
Trd, 4319226.443, 100
Trd, 4319227.143, 124
Trd, 4319227.243, 117
Trd, 4319227.943, 123
Trd, 4319228.043, 104
Trd, 4319228.293, 95
Trd, 4319230.793, 139
Trd, 4319231.793, 128
Trd, 4319231.993, 126
Trd, 4319232.693, 119
Trd, 4319233.593, 128
Trd, 4319235.693, 106
Trd, 4319236.293, 116
Trd, 4319236.343, 113
Trd, 4319237.093, 108
Trd, 4319237.343, 79
Trd, 4319238.193, 132
Trd, 4319238.543, 125
Trd, 4319241.143, 140
Trd, 4319241.193, 139
Trd, 4319242.343, 91
Trd, 4319242.943, 110
Trd, 4319242.993, 101
Trd, 4319243.293, 87
Trd, 4319245.493, 132
Trd, 4319245.743, 131
Trd, 4319245.943, 123
Trd, 4319247.993, 115
Trd, 4319248.443, 128
Trd, 4319248.643, 125
Trd, 4319249.543, 100
Trd, 4319250.593, 102
Trd, 4319251.343, 120
Trd, 4319252.243, 129
Trd, 4319252.793, 104
Trd, 4319253.943, 111
Trd, 4319254.043, 106
Trd, 4319254.243, 103
Trd, 4319254.543, 101
Trd, 4319256.493, 135
Trd, 4319256.743, 131
Trd, 4319258.343, 137
Trd, 4319258.743, 131
Trd, 4319259.693, 137
Trd, 4319260.743, 107
Trd, 4319260.993, 97
Trd, 4319261.493, 94
Trd, 4319263.893, 130
Trd, 4319264.743, 128
Trd, 4319265.143, 120
Trd, 4319265.693, 109
Trd, 4319266.043, 107
Trd, 4319266.743, 68
Trd, 4319267.343, 85
Trd, 4319268.243, 112
Trd, 4319270.493, 70
Trd, 4319270.943, 69
Trd, 4319271.143, 64
Trd, 4319272.193, 73
Trd, 4319272.243, 99
Trd, 4319273.393, 92
Trd, 4319274.043, 93
Trd, 4319274.093, 80
Trd, 4319275.193, 95
Trd, 4319275.543, 119
Trd, 4319275.593, 94
Trd, 4319277.293, 88
Trd, 4319278.193, 93
Trd, 4319279.193, 128
Trd, 4319279.893, 121
Trd, 4319279.943, 113
Trd, 4319280.143, 73
Trd, 4319280.893, 76
Trd, 4319282.893, 134
Trd, 4319284.793, 134
Trd, 4319284.843, 130
Trd, 4319284.943, 125
Trd, 4319285.693, 139
Trd, 4319285.843, 122
Trd, 4319286.193, 112
Trd, 4319287.243, 127
Trd, 4319287.493, 119
Trd, 4319287.943, 132
Trd, 4319288.843, 121
Trd, 4319289.243, 124
Trd, 4319289.893, 136
Trd, 4319289.993, 93
Trd, 4319291.643, 86
Trd, 4319291.943, 86
Trd, 4319292.893, 98
Trd, 4319293.193, 83
Trd, 4319293.643, 77
Trd, 4319295.493, 110
Trd, 4319295.793, 109
Trd, 4319296.543, 108
Trd, 4319297.193, 107
Trd, 4319298.443, 119
Trd, 4319299.143, 126
Trd, 4319299.993, 122
Trd, 4319300.543, 109
Trd, 4319301.593, 108
Trd, 4319303.243, 100
Trd, 4319303.993, 133
Trd, 4319304.843, 133
Trd, 4319306.843, 132
Trd, 4319306.943, 133
Trd, 4319307.093, 120
Trd, 4319307.193, 111
Trd, 4319307.943, 85
Trd, 4319309.743, 82
Trd, 4319309.893, 77
Trd, 4319310.793, 86
Trd, 4319311.493, 64
Trd, 4319312.893, 71
Trd, 4319314.443, 77
Trd, 4319314.843, 66
Trd, 4319315.093, 85
Trd, 4319316.693, 63
Trd, 4319317.143, 82
Trd, 4319318.843, 92
Trd, 4319320.143, 117
Trd, 4319321.143, 94
Trd, 4319321.943, 110
Trd, 4319322.143, 92
Trd, 4319323.393, 114
Trd, 4319323.893, 118
Trd, 4319324.143, 116
Trd, 4319324.193, 109
Trd, 4319325.443, 99
Trd, 4319326.593, 108
Trd, 4319327.943, 140
Trd, 4319328.143, 131
Trd, 4319328.943, 130
Trd, 4319329.093, 111
Trd, 4319329.543, 103
Trd, 4319330.393, 77
Trd, 4319331.843, 94
Trd, 4319332.793, 128
Trd, 4319333.793, 119
Trd, 4319335.243, 110
Trd, 4319335.743, 121
Trd, 4319335.843, 107
Trd, 4319336.293, 95
Trd, 4319337.143, 113
Trd, 4319339.743, 94
Trd, 4319339.893, 92
Trd, 4319340.043, 91
Trd, 4319340.543, 85
Trd, 4319341.843, 135
Trd, 4319343.543, 129
Trd, 4319343.993, 138
Trd, 4319344.393, 128
Trd, 4319345.543, 108
Trd, 4319345.743, 106
Trd, 4319345.843, 105
Trd, 4319345.993, 101
Trd, 4319346.593, 64
Trd, 4319346.843, 71
Trd, 4319347.943, 78
Trd, 4319349.443, 100
Trd, 4319350.143, 84
Trd, 4319350.993, 77
Trd, 4319351.893, 139
Trd, 4319353.443, 128
Trd, 4319353.593, 111
Trd, 4319354.893, 126
Trd, 4319355.093, 124
Trd, 4319355.793, 120
Trd, 4319357.493, 113
Trd, 4319357.743, 81
Trd, 4319358.543, 79
Trd, 4319359.093, 120
Trd, 4319359.343, 75
Trd, 4319359.893, 76
Trd, 4319361.643, 80
Trd, 4319361.743, 69
Trd, 4319362.843, 78
Trd, 4319363.243, 96
Trd, 4319364.193, 117
Trd, 4319364.743, 113
Trd, 4319364.843, 111
Trd, 4319366.743, 100
Trd, 4319367.343, 89
Trd, 4319368.393, 104
Trd, 4319368.793, 97
Trd, 4319369.543, 91
Trd, 4319370.193, 90
Trd, 4319370.893, 75
Trd, 4319371.243, 93
Trd, 4319371.543, 112
Trd, 4319371.793, 96
Trd, 4319372.993, 89
Trd, 4319374.043, 129
Trd, 4319375.193, 111
Trd, 4319376.143, 127
Trd, 4319376.493, 99
Trd, 4319376.543, 98
Trd, 4319377.793, 76
Trd, 4319378.443, 79
Trd, 4319379.193, 71
Trd, 4319379.843, 82
Trd, 4319380.093, 68
Trd, 4319380.343, 72
Trd, 4319382.243, 88
Trd, 4319382.743, 114
Trd, 4319383.893, 136
Trd, 4319384.543, 110
Trd, 4319384.593, 109
Trd, 4319384.793, 104
Trd, 4319385.593, 123
Trd, 4319385.943, 105
Trd, 4319387.193, 124
Trd, 4319388.893, 100
Trd, 4319390.543, 122
Trd, 4319390.743, 109
Trd, 4319391.593, 108
Trd, 4319392.443, 104
Trd, 4319393.043, 103
Trd, 4319393.343, 112
Trd, 4319394.293, 106
Trd, 4319394.493, 106
Trd, 4319394.993, 119
Trd, 4319395.893, 101
Trd, 4319396.293, 96
Trd, 4319396.793, 123
Trd, 4319397.943, 114
Trd, 4319399.593, 98
Trd, 4319401.293, 107
Trd, 4319403.393, 136
Trd, 4319403.843, 130
Trd, 4319403.893, 123
Trd, 4319404.093, 112
Trd, 4319404.943, 108
Trd, 4319405.643, 140
Trd, 4319406.343, 116
Trd, 4319406.593, 129
Trd, 4319407.443, 103
Trd, 4319407.543, 101
Trd, 4319409.243, 111
Trd, 4319409.443, 98
Trd, 4319410.393, 133
Trd, 4319412.343, 118
Trd, 4319412.943, 94
Trd, 4319413.493, 107
Trd, 4319413.793, 105
Trd, 4319413.943, 86
Trd, 4319413.993, 86
Trd, 4319414.843, 120
Trd, 4319416.293, 137
Trd, 4319416.593, 123
Trd, 4319418.793, 135
Trd, 4319419.143, 128
Trd, 4319419.343, 133
Trd, 4319420.643, 117
Trd, 4319421.843, 116
Trd, 4319421.993, 113
Trd, 4319422.243, 109
Trd, 4319422.743, 130
Trd, 4319422.893, 109
Trd, 4319423.443, 91
Trd, 4319424.193, 130
Trd, 4319425.243, 107
Trd, 4319425.693, 90
Trd, 4319427.393, 65
Trd, 4319428.043, 85
Trd, 4319429.193, 131
Trd, 4319431.243, 115
Trd, 4319431.443, 114
Trd, 4319432.393, 113
Trd, 4319432.693, 107
Trd, 4319432.993, 105
Trd, 4319433.893, 110
Trd, 4319433.943, 109
Trd, 4319434.943, 128
Trd, 4319436.193, 105
Trd, 4319436.793, 111
Trd, 4319437.543, 121
Trd, 4319439.693, 132
Trd, 4319439.743, 125
Trd, 4319440.793, 121
Trd, 4319441.093, 115
Trd, 4319441.393, 124
Trd, 4319441.643, 109
Trd, 4319442.193, 110
Trd, 4319442.993, 97
Trd, 4319443.293, 133
Trd, 4319443.693, 67
Trd, 4319444.893, 97
Trd, 4319446.593, 135
Trd, 4319447.093, 129
Trd, 4319447.943, 101
Trd, 4319448.993, 122
Trd, 4319449.043, 91
Trd, 4319449.443, 91
Trd, 4319449.843, 99
Trd, 4319450.243, 86
Trd, 4319450.593, 87
Trd, 4319451.843, 113
Trd, 4319453.143, 130
Trd, 4319453.243, 129
Trd, 4319454.693, 124
Trd, 4319454.893, 118
Trd, 4319456.593, 134
Trd, 4319456.843, 108
Trd, 4319457.143, 109
Trd, 4319458.443, 134
Trd, 4319458.943, 116
Trd, 4319461.443, 97
Trd, 4319462.743, 120
Trd, 4319462.893, 118
Trd, 4319463.543, 107
Trd, 4319464.093, 129
Trd, 4319464.443, 120
Trd, 4319465.243, 99
Trd, 4319465.293, 95
Trd, 4319466.443, 109
Trd, 4319467.093, 123
Trd, 4319467.393, 92
Trd, 4319469.143, 103
Trd, 4319469.993, 82
Trd, 4319470.693, 96
Trd, 4319471.243, 96
Trd, 4319473.193, 128
Trd, 4319473.443, 126
Trd, 4319473.843, 117
Trd, 4319474.093, 139
Trd, 4319474.243, 137
Trd, 4319475.343, 123
Trd, 4319476.143, 109
Trd, 4319477.693, 131
Trd, 4319477.793, 95
Trd, 4319478.643, 129
Trd, 4319479.093, 107
Trd, 4319479.393, 97
Trd, 4319480.843, 92
Trd, 4319482.743, 136
Trd, 4319483.043, 86
Trd, 4319483.693, 129
Trd, 4319484.593, 136
Trd, 4319485.143, 107
Trd, 4319485.493, 107
Trd, 4319486.243, 104
Trd, 4319487.143, 127
Trd, 4319487.193, 126
Trd, 4319487.593, 98
Trd, 4319488.993, 105
Trd, 4319489.293, 92
Trd, 4319489.743, 92
Trd, 4319490.893, 91
Trd, 4319491.293, 105
Trd, 4319492.143, 83
Trd, 4319493.443, 73
Trd, 4319494.093, 110
Trd, 4319494.193, 95
Trd, 4319494.593, 118
Trd, 4319494.693, 93
Trd, 4319494.993, 88
Trd, 4319496.743, 77
Trd, 4319497.393, 114
Trd, 4319497.843, 114
Trd, 4319499.493, 106
Trd, 4319499.893, 131
Trd, 4319500.793, 122
Trd, 4319500.943, 120
Trd, 4319501.043, 96
Trd, 4319502.243, 94
Trd, 4319502.343, 90
Trd, 4319503.443, 64
Trd, 4319503.893, 73
Trd, 4319505.893, 68
Trd, 4319507.043, 83
Trd, 4319507.693, 95
Trd, 4319507.743, 79
Trd, 4319508.043, 69
Trd, 4319508.443, 96
Trd, 4319508.743, 96
Trd, 4319509.293, 130
Trd, 4319509.643, 109
Trd, 4319510.493, 109
Trd, 4319510.743, 109
Trd, 4319512.493, 113
Trd, 4319512.893, 102
Trd, 4319513.243, 101
Trd, 4319513.643, 110
Trd, 4319514.293, 136
Trd, 4319515.293, 90
Trd, 4319515.543, 105
Trd, 4319516.593, 97
Trd, 4319517.293, 93
Trd, 4319517.643, 91
Trd, 4319518.393, 97
Trd, 4319518.493, 95
Trd, 4319518.943, 91
Trd, 4319519.793, 75
Trd, 4319520.693, 65
Trd, 4319521.343, 102
Trd, 4319523.243, 129
Trd, 4319523.793, 126
Trd, 4319525.443, 111
Trd, 4319526.943, 124
Trd, 4319527.443, 129
Trd, 4319528.043, 117
Trd, 4319529.193, 133
Trd, 4319529.393, 129
Trd, 4319530.093, 119
Trd, 4319530.893, 134
Trd, 4319531.393, 133
Trd, 4319533.093, 108
Trd, 4319533.393, 108
Trd, 4319533.693, 103
Trd, 4319533.743, 85
Trd, 4319534.843, 74
Trd, 4319535.393, 77
Trd, 4319537.043, 132
Trd, 4319538.793, 123
Trd, 4319539.093, 125
Trd, 4319539.143, 121
Trd, 4319539.493, 116
Trd, 4319539.843, 109
Trd, 4319540.043, 128
Trd, 4319540.643, 105
Trd, 4319542.043, 75
Trd, 4319542.493, 133
Trd, 4319543.043, 103
Trd, 4319545.343, 92
Trd, 4319545.543, 91
Trd, 4319545.793, 136
Trd, 4319545.893, 120
Trd, 4319546.743, 138
Trd, 4319546.843, 90
Trd, 4319548.293, 107
Trd, 4319550.393, 127
Trd, 4319551.493, 120
Trd, 4319551.743, 118
Trd, 4319551.893, 114
Trd, 4319552.043, 111
Trd, 4319552.543, 126
Trd, 4319552.793, 83
Trd, 4319554.143, 108
Trd, 4319554.843, 109
Trd, 4319556.343, 89
Trd, 4319556.693, 85
Trd, 4319557.043, 100
Trd, 4319557.243, 83
Trd, 4319557.693, 111
Trd, 4319558.343, 79
Trd, 4319560.043, 134
Trd, 4319560.643, 125
Trd, 4319561.093, 98
Trd, 4319562.093, 74
Trd, 4319562.743, 70
Trd, 4319563.693, 118
Trd, 4319563.843, 106
Trd, 4319563.893, 103
Trd, 4319565.093, 139
Trd, 4319565.793, 134
Trd, 4319565.943, 129
Trd, 4319566.293, 125
Trd, 4319566.443, 102
Trd, 4319567.893, 104
Trd, 4319568.343, 71
Trd, 4319570.693, 126
Trd, 4319571.443, 115
Trd, 4319572.143, 115
Trd, 4319572.593, 133
Trd, 4319572.693, 124
Trd, 4319572.943, 124
Trd, 4319573.293, 112
Trd, 4319574.243, 120
Trd, 4319574.543, 106
Trd, 4319575.193, 109
Trd, 4319576.343, 114
Trd, 4319576.943, 133
Trd, 4319577.643, 119
Trd, 4319580.043, 107
Trd, 4319580.793, 130
Trd, 4319580.943, 127
Trd, 4319582.443, 105
Trd, 4319582.493, 97
Trd, 4319582.593, 92
Trd, 4319583.143, 82
Trd, 4319583.393, 97
Trd, 4319584.543, 95
Trd, 4319586.843, 84
Trd, 4319587.193, 88
Trd, 4319587.443, 79
Trd, 4319588.143, 91
Trd, 4319588.943, 117
Trd, 4319589.393, 90
Trd, 4319591.343, 91
Trd, 4319591.593, 121
Trd, 4319591.993, 88
Trd, 4319592.243, 85
Trd, 4319593.643, 137
Trd, 4319594.893, 126
Trd, 4319596.543, 130
Trd, 4319596.593, 127
Trd, 4319597.143, 138
Trd, 4319597.793, 105
Trd, 4319598.443, 91
Trd, 4319598.743, 86
Trd, 4319599.243, 95
Trd, 4319599.993, 109
Trd, 4319600.343, 113
Trd, 4319600.743, 88
Trd, 4319601.793, 96
Trd, 4319602.193, 91
Trd, 4319602.493, 90
Trd, 4319602.593, 82
Trd, 4319603.643, 72
Trd, 4319604.993, 136
Trd, 4319606.593, 102
Trd, 4319607.043, 101
Trd, 4319608.393, 96
Trd, 4319608.693, 97
Trd, 4319608.943, 110
Trd, 4319609.093, 115
Trd, 4319609.143, 106
Trd, 4319610.293, 134
Trd, 4319610.843, 127
Trd, 4319611.043, 120
Trd, 4319612.193, 110
Trd, 4319612.693, 119
Trd, 4319612.843, 92
Trd, 4319613.793, 71
Trd, 4319614.743, 80
Trd, 4319617.043, 103
Trd, 4319617.393, 100
Trd, 4319618.293, 100
Trd, 4319619.543, 97
Trd, 4319620.193, 106
Trd, 4319620.343, 105
Trd, 4319620.843, 96
Trd, 4319621.043, 87
Trd, 4319621.393, 84
Trd, 4319622.393, 133
Trd, 4319623.243, 87
Trd, 4319624.243, 92
Trd, 4319625.643, 115
Trd, 4319626.343, 89
Trd, 4319626.593, 73
Trd, 4319626.743, 72
Trd, 4319627.593, 78
Trd, 4319629.343, 133
Trd, 4319629.743, 129
Trd, 4319630.093, 122
Trd, 4319633.093, 94
Trd, 4319633.193, 121
Trd, 4319633.693, 98
Trd, 4319633.893, 92
Trd, 4319635.393, 92
Trd, 4319636.093, 90
Trd, 4319636.393, 85
Trd, 4319637.043, 136
Trd, 4319637.643, 137
Trd, 4319637.793, 131
Trd, 4319639.393, 115
Trd, 4319639.693, 113
Trd, 4319640.643, 112
Trd, 4319641.543, 113
Trd, 4319642.693, 104
Trd, 4319643.543, 97
Trd, 4319643.743, 100
Trd, 4319645.643, 104
Trd, 4319645.743, 101
Trd, 4319647.493, 102
Trd, 4319648.743, 91
Trd, 4319648.893, 78
Trd, 4319649.393, 77
Trd, 4319649.593, 68
Trd, 4319649.843, 79
Trd, 4319652.143, 69
Trd, 4319652.543, 104
Trd, 4319653.543, 90
Trd, 4319654.893, 109
Trd, 4319655.143, 128
Trd, 4319655.193, 109
Trd, 4319655.293, 108
Trd, 4319655.493, 91
Trd, 4319656.243, 82
Trd, 4319658.393, 114
Trd, 4319659.043, 89
Trd, 4319660.893, 101
Trd, 4319661.143, 96
Trd, 4319661.293, 108
Trd, 4319661.493, 122
Trd, 4319662.393, 94
Trd, 4319663.293, 91
Trd, 4319664.743, 110
Trd, 4319665.093, 101
Trd, 4319665.843, 111
Trd, 4319666.593, 99
Trd, 4319667.493, 129
Trd, 4319668.393, 125
Trd, 4319668.793, 116
Trd, 4319670.343, 106
Trd, 4319670.543, 105
Trd, 4319670.593, 119
Trd, 4319672.343, 104
Trd, 4319673.393, 120
Trd, 4319673.593, 104
Trd, 4319673.693, 97
Trd, 4319674.743, 85
Trd, 4319675.143, 82
Trd, 4319675.443, 101
Trd, 4319675.593, 76
Trd, 4319676.393, 140
Trd, 4319676.993, 101
Trd, 4319678.043, 74
Trd, 4319678.743, 112
Trd, 4319679.393, 84
Trd, 4319680.843, 105
Trd, 4319681.143, 133
Trd, 4319681.793, 129
Trd, 4319682.443, 111
Trd, 4319683.093, 131
Trd, 4319683.293, 122
Trd, 4319685.243, 102
Trd, 4319686.843, 109
Trd, 4319687.193, 101
Trd, 4319687.743, 118
Trd, 4319688.293, 116
Trd, 4319689.143, 115
Trd, 4319689.843, 130
Trd, 4319690.093, 118
Trd, 4319690.343, 106
Trd, 4319693.293, 109
Trd, 4319695.143, 135
Trd, 4319695.293, 125
Trd, 4319695.643, 124
Trd, 4319696.093, 122
Trd, 4319696.243, 121
Trd, 4319696.643, 133
Trd, 4319696.793, 111
Trd, 4319698.093, 114
Trd, 4319699.043, 115
Trd, 4319699.643, 114
Trd, 4319700.243, 121
Trd, 4319700.843, 115
Trd, 4319702.093, 129
Trd, 4319702.243, 121
Trd, 4319702.393, 117
Trd, 4319703.593, 67
Trd, 4319703.993, 106
Trd, 4319704.043, 107
Trd, 4319705.393, 65
Trd, 4319705.493, 99
Trd, 4319707.643, 131
Trd, 4319708.243, 92
Trd, 4319708.743, 78
Trd, 4319708.843, 73
Trd, 4319709.143, 87
Trd, 4319710.743, 119
Trd, 4319711.093, 114
Trd, 4319711.993, 134
Trd, 4319712.443, 95
Trd, 4319713.393, 122
Trd, 4319714.543, 119
Trd, 4319714.643, 116
Trd, 4319715.493, 109
Trd, 4319716.193, 135
Trd, 4319716.393, 128
Trd, 4319717.893, 120
Trd, 4319719.343, 103
Trd, 4319720.343, 103
Trd, 4319721.093, 100
Trd, 4319721.393, 100
Trd, 4319722.443, 105
Trd, 4319722.943, 73
Trd, 4319723.143, 120
Trd, 4319723.593, 109
Trd, 4319724.443, 105
Trd, 4319725.493, 122
Trd, 4319725.893, 133
Trd, 4319726.543, 136
Trd, 4319726.893, 121
Trd, 4319729.293, 129
Trd, 4319731.543, 135
Trd, 4319732.193, 137
Trd, 4319732.393, 133
Trd, 4319732.743, 116
Trd, 4319732.843, 109
Trd, 4319733.043, 81
Trd, 4319735.543, 88
Trd, 4319735.693, 105
Trd, 4319736.093, 107
Trd, 4319736.243, 73
Trd, 4319737.143, 130
Trd, 4319737.393, 83
Trd, 4319738.693, 130
Trd, 4319739.093, 133
Trd, 4319739.243, 124
Trd, 4319739.543, 115
Trd, 4319740.143, 121
Trd, 4319741.493, 60
Trd, 4319742.343, 60
Trd, 4319742.643, 60
Trd, 4319743.093, 98
Trd, 4319744.593, 88
Trd, 4319745.343, 79
Trd, 4319745.693, 87
Trd, 4319746.893, 80
Trd, 4319748.843, 139
Trd, 4319749.943, 120
Trd, 4319750.143, 114
Trd, 4319750.793, 108
Trd, 4319751.943, 106
Trd, 4319753.343, 100
Trd, 4319753.943, 136
Trd, 4319754.143, 123
Trd, 4319755.443, 123
Trd, 4319755.943, 122
Trd, 4319756.043, 120
Trd, 4319757.493, 134
Trd, 4319758.693, 121
Trd, 4319759.043, 118
Trd, 4319759.443, 109
Trd, 4319759.643, 99
Trd, 4319759.893, 104
Trd, 4319760.593, 97
Trd, 4319762.243, 106
Trd, 4319762.893, 116
Trd, 4319762.943, 91
Trd, 4319764.093, 114
Trd, 4319764.143, 101
Trd, 4319764.543, 100
Trd, 4319765.193, 89
Trd, 4319766.543, 83
Trd, 4319766.593, 83
Trd, 4319768.193, 84
Trd, 4319768.643, 79
Trd, 4319768.793, 86
Trd, 4319768.993, 98
Trd, 4319769.693, 77
Trd, 4319769.793, 93
Trd, 4319771.943, 83
Trd, 4319772.693, 120
Trd, 4319772.943, 122
Trd, 4319773.743, 103
Trd, 4319774.893, 127
Trd, 4319775.243, 121
Trd, 4319775.443, 119
Trd, 4319776.043, 108
Trd, 4319776.643, 136
Trd, 4319777.243, 115
Trd, 4319778.393, 75
Trd, 4319778.943, 78
Trd, 4319780.643, 73
Trd, 4319781.193, 136
Trd, 4319783.293, 104
Trd, 4319783.443, 104
Trd, 4319783.743, 115
Trd, 4319785.243, 121
Trd, 4319785.493, 95
Trd, 4319785.543, 94
Trd, 4319786.393, 75
Trd, 4319786.443, 105
Trd, 4319786.693, 66
Trd, 4319789.443, 83
Trd, 4319790.293, 108
Trd, 4319791.993, 108
Trd, 4319792.043, 107
Trd, 4319792.243, 104
Trd, 4319792.293, 104
Trd, 4319792.393, 90
Trd, 4319793.093, 87
Trd, 4319794.693, 120
Trd, 4319795.743, 100
Trd, 4319796.443, 110
Trd, 4319796.893, 89
Trd, 4319797.843, 88
Trd, 4319798.293, 110
Trd, 4319798.893, 130
Trd, 4319800.893, 124
Trd, 4319801.043, 105
Trd, 4319801.193, 133
Trd, 4319801.343, 118
Trd, 4319802.543, 93
Trd, 4319802.693, 127
Trd, 4319802.843, 74
Trd, 4319803.443, 123
Trd, 4319806.643, 71
Trd, 4319806.843, 75
Trd, 4319807.293, 139
Trd, 4319807.593, 129
Trd, 4319808.043, 126
Trd, 4319809.943, 115
Trd, 4319810.093, 108
Trd, 4319810.743, 106
Trd, 4319810.793, 100
Trd, 4319811.043, 129
Trd, 4319812.193, 128
Trd, 4319812.643, 93
Trd, 4319814.093, 118
Trd, 4319814.443, 102
Trd, 4319815.093, 133
Trd, 4319815.593, 123
Trd, 4319815.643, 111
Trd, 4319816.993, 135
Trd, 4319817.343, 126
Trd, 4319819.743, 96
Trd, 4319821.143, 124
Trd, 4319821.693, 100
Trd, 4319823.593, 89
Trd, 4319824.343, 89
Trd, 4319825.593, 111
Trd, 4319826.193, 95
Trd, 4319826.293, 94
Trd, 4319828.293, 129
Trd, 4319828.593, 113
Trd, 4319829.343, 109
Trd, 4319829.943, 106
Trd, 4319830.943, 116
Trd, 4319831.543, 135
Trd, 4319831.943, 109
Trd, 4319832.693, 101
Trd, 4319833.043, 99
Trd, 4319833.493, 115
Trd, 4319835.693, 129
Trd, 4319836.693, 119
Trd, 4319837.343, 112
Trd, 4319837.593, 107
Trd, 4319838.543, 113
Trd, 4319838.893, 97
Trd, 4319838.943, 81
Trd, 4319839.243, 74
Trd, 4319839.743, 100
Trd, 4319841.343, 62
Trd, 4319842.843, 72
Trd, 4319844.193, 100
Trd, 4319844.393, 98
Trd, 4319845.443, 126
Trd, 4319845.593, 124
Trd, 4319845.693, 119
Trd, 4319846.543, 124
Trd, 4319847.043, 122
Trd, 4319847.893, 124
Trd, 4319848.243, 117
Trd, 4319849.143, 115
Trd, 4319849.443, 99
Trd, 4319849.943, 78
Trd, 4319850.493, 136
Trd, 4319850.943, 120
Trd, 4319851.043, 117
Trd, 4319851.343, 109
Trd, 4319853.443, 131
Trd, 4319853.593, 129
Trd, 4319853.643, 122
Trd, 4319855.143, 127
Trd, 4319855.593, 120
Trd, 4319857.043, 120
Trd, 4319857.643, 119
Trd, 4319858.143, 117
Trd, 4319858.393, 107
Trd, 4319860.993, 102
Trd, 4319861.693, 132
Trd, 4319862.693, 102
Trd, 4319863.143, 125
Trd, 4319863.293, 92
Trd, 4319863.443, 92
Trd, 4319865.193, 110
Trd, 4319866.593, 125
Trd, 4319866.893, 118
Trd, 4319867.943, 111
Trd, 4319868.543, 125
Trd, 4319869.093, 135
Trd, 4319869.493, 129
Trd, 4319869.843, 110
Trd, 4319871.993, 93
Trd, 4319872.143, 92
Trd, 4319872.643, 85
Trd, 4319873.543, 123
Trd, 4319874.243, 83
Trd, 4319875.193, 106
Trd, 4319875.343, 83
Trd, 4319878.843, 132
Trd, 4319879.143, 123
Trd, 4319879.693, 117
Trd, 4319879.793, 112
Trd, 4319880.393, 109
Trd, 4319880.893, 112
Trd, 4319881.593, 96
Trd, 4319882.343, 87
Trd, 4319883.443, 134
Trd, 4319883.493, 128
Trd, 4319884.243, 117
Trd, 4319886.993, 126
Trd, 4319887.893, 115
Trd, 4319888.193, 122
Trd, 4319888.743, 111
Trd, 4319888.893, 105
Trd, 4319888.993, 99
Trd, 4319889.143, 90
Trd, 4319890.993, 138
Trd, 4319891.493, 124
Trd, 4319892.143, 121
Trd, 4319892.943, 104
Trd, 4319893.593, 101
Trd, 4319893.843, 101
Trd, 4319893.943, 73
Trd, 4319894.543, 112
Trd, 4319896.143, 61
Trd, 4319897.043, 109
Trd, 4319898.543, 134
Trd, 4319898.743, 130
Trd, 4319898.893, 126
Trd, 4319901.343, 105
Trd, 4319901.593, 113
Trd, 4319902.993, 117
Trd, 4319903.943, 136
Trd, 4319904.193, 126
Trd, 4319905.343, 91
Trd, 4319905.793, 101
Trd, 4319906.493, 118
Trd, 4319906.543, 110
Trd, 4319907.293, 135
Trd, 4319908.743, 126
Trd, 4319908.843, 124
Trd, 4319910.093, 118
Trd, 4319910.493, 112
Trd, 4319913.043, 117
Trd, 4319913.143, 127
Trd, 4319913.743, 131
Trd, 4319914.243, 114
Trd, 4319914.493, 90
Trd, 4319915.093, 88
Trd, 4319916.443, 130
Trd, 4319916.843, 122
Trd, 4319916.943, 121
Trd, 4319917.343, 138
Trd, 4319918.393, 70
Trd, 4319919.243, 73
Trd, 4319920.143, 129
Trd, 4319922.193, 105
Trd, 4319922.593, 101
Trd, 4319922.943, 101
Trd, 4319923.193, 117
Trd, 4319924.943, 136
Trd, 4319925.343, 132
Trd, 4319925.993, 107
Trd, 4319926.193, 102
Trd, 4319927.993, 95
Trd, 4319929.093, 94
Trd, 4319929.393, 98
Trd, 4319930.093, 133
Trd, 4319930.843, 74
Trd, 4319931.993, 124
Trd, 4319932.993, 103
Trd, 4319933.393, 86
Trd, 4319933.693, 140
Trd, 4319934.243, 78
Trd, 4319935.343, 99
Trd, 4319937.893, 125
Trd, 4319938.343, 117
Trd, 4319938.593, 116
Trd, 4319938.643, 115
Trd, 4319938.893, 91
Trd, 4319940.943, 132
Trd, 4319941.043, 120
Trd, 4319942.043, 124
Trd, 4319942.443, 119
Trd, 4319943.993, 122
Trd, 4319944.493, 108
Trd, 4319944.593, 102
Trd, 4319945.643, 137
Trd, 4319946.243, 135
Trd, 4319947.993, 103
Trd, 4319948.793, 90
Trd, 4319949.393, 110
Trd, 4319950.443, 93
Trd, 4319950.943, 107
Trd, 4319952.393, 130
Trd, 4319952.643, 128
Trd, 4319953.243, 118
Trd, 4319954.493, 113
Trd, 4319954.693, 109
Trd, 4319955.193, 108
Trd, 4319955.543, 106
Trd, 4319956.393, 80
Trd, 4319956.643, 128
Trd, 4319957.443, 130
Trd, 4319958.143, 124
Trd, 4319959.543, 74
Trd, 4319960.393, 76
Trd, 4319962.293, 74
Trd, 4319963.243, 77
Trd, 4319963.643, 92
Trd, 4319964.443, 78
Trd, 4319964.743, 82
Trd, 4319965.893, 98
Trd, 4319966.143, 95
Trd, 4319967.493, 128
Trd, 4319967.743, 125
Trd, 4319968.443, 118
Trd, 4319968.793, 116
Trd, 4319970.093, 127
Trd, 4319970.193, 126
Trd, 4319971.493, 123
Trd, 4319972.143, 78
Trd, 4319972.243, 104
Trd, 4319972.593, 80
Trd, 4319973.843, 87
Trd, 4319974.693, 122
Trd, 4319975.443, 122
Trd, 4319975.493, 82
Trd, 4319976.193, 82
Trd, 4319976.593, 72
Trd, 4319977.093, 132
Trd, 4319978.093, 86
Trd, 4319978.893, 76
Trd, 4319979.343, 74
Trd, 4319979.393, 100
Trd, 4319979.743, 103
Trd, 4319980.043, 74
Trd, 4319981.093, 82
Trd, 4319982.293, 97
Trd, 4319982.343, 92
Trd, 4319982.993, 63
Trd, 4319985.793, 117
Trd, 4319986.193, 105
Trd, 4319986.893, 106
Trd, 4319987.843, 106
Trd, 4319988.193, 105
Trd, 4319988.293, 109
Trd, 4319988.893, 119
Trd, 4319990.343, 130
Trd, 4319991.643, 95
Trd, 4319991.793, 94
Trd, 4319992.343, 105
Trd, 4319993.293, 120
Trd, 4319993.643, 106
Trd, 4319993.693, 101
Trd, 4319993.893, 99
Trd, 4319994.593, 93
Trd, 4319995.593, 136
Trd, 4319997.193, 137
Trd, 4319997.743, 133
Trd, 4319997.893, 126
Trd, 4319998.193, 119
Trd, 4319998.693, 105
Trd, 4319999.493, 71
