Trd, 4318150.643, 99
Trd, 4318150.843, 87
Trd, 4318151.143, 68
Trd, 4318152.543, 82
Trd, 4318152.693, 73
Trd, 4318153.643, 106
Trd, 4318154.493, 139
Trd, 4318155.293, 84
Trd, 4318155.643, 75
Trd, 4318157.393, 72
Trd, 4318157.693, 68
Trd, 4318158.093, 115
Trd, 4318158.843, 92
Trd, 4318159.343, 140
Trd, 4318161.093, 139
Trd, 4318161.243, 118
Trd, 4318162.443, 132
Trd, 4318162.543, 112
Trd, 4318162.743, 87
Trd, 4318163.893, 110
Trd, 4318164.093, 97
Trd, 4318164.393, 81
Trd, 4318164.693, 140
Trd, 4318164.993, 81
Trd, 4318167.043, 121
Trd, 4318167.193, 133
Trd, 4318167.443, 120
Trd, 4318167.693, 117
Trd, 4318168.543, 108
Trd, 4318169.093, 100
Trd, 4318169.243, 114
Trd, 4318169.393, 111
Trd, 4318169.793, 100
Trd, 4318169.993, 91
Trd, 4318172.393, 140
Trd, 4318172.793, 100
Trd, 4318172.843, 84
Trd, 4318173.593, 78
Trd, 4318174.643, 133
Trd, 4318174.893, 100
Trd, 4318175.393, 139
Trd, 4318175.993, 138
Trd, 4318177.993, 111
Trd, 4318179.143, 101
Trd, 4318179.243, 103
Trd, 4318179.893, 80
Trd, 4318179.943, 77
Trd, 4318179.993, 71
Trd, 4318180.393, 89
Trd, 4318180.793, 67
Trd, 4318182.143, 74
Trd, 4318182.743, 60
Trd, 4318182.843, 66
Trd, 4318184.293, 63
Trd, 4318184.743, 65
Trd, 4318184.943, 95
Trd, 4318186.143, 66
Trd, 4318186.793, 81
Trd, 4318187.193, 60
Trd, 4318188.293, 72
Trd, 4318189.043, 71
Trd, 4318189.543, 80
Trd, 4318189.793, 90
Trd, 4318190.343, 84
Trd, 4318190.793, 140
Trd, 4318191.393, 124
Trd, 4318192.993, 124
Trd, 4318193.343, 118
Trd, 4318193.643, 101
Trd, 4318194.243, 92
Trd, 4318195.093, 129
Trd, 4318195.693, 94
Trd, 4318195.993, 120
Trd, 4318196.143, 137
Trd, 4318197.043, 82
Trd, 4318198.893, 74
Trd, 4318198.993, 80
Trd, 4318200.193, 86
Trd, 4318200.243, 80
Trd, 4318201.043, 95
Trd, 4318201.293, 102
Trd, 4318201.643, 96
Trd, 4318202.443, 74
Trd, 4318203.093, 84
Trd, 4318203.443, 64
Trd, 4318204.493, 127
Trd, 4318205.443, 140
Trd, 4318205.543, 114
Trd, 4318207.593, 140
Trd, 4318207.893, 106
Trd, 4318208.793, 118
Trd, 4318209.043, 113
Trd, 4318209.643, 100
Trd, 4318210.743, 97
Trd, 4318211.093, 84
Trd, 4318211.843, 74
Trd, 4318213.093, 120
Trd, 4318214.193, 120
Trd, 4318214.443, 105
Trd, 4318214.893, 119
Trd, 4318215.093, 114
Trd, 4318216.293, 91
Trd, 4318216.393, 79
Trd, 4318216.693, 66
Trd, 4318217.193, 87
Trd, 4318217.843, 99
Trd, 4318218.943, 69
Trd, 4318219.093, 139
Trd, 4318219.393, 110
Trd, 4318219.743, 92
Trd, 4318220.243, 105
Trd, 4318221.743, 69
Trd, 4318221.843, 140
Trd, 4318222.893, 93
Trd, 4318223.893, 130
Trd, 4318224.043, 104
Trd, 4318224.843, 103
Trd, 4318224.943, 62
Trd, 4318226.193, 108
Trd, 4318226.443, 69
Trd, 4318227.943, 94
Trd, 4318228.243, 116
Trd, 4318229.393, 94
Trd, 4318229.693, 78
Trd, 4318230.643, 86
Trd, 4318231.343, 140
Trd, 4318231.493, 109
Trd, 4318232.293, 97
Trd, 4318233.393, 80
Trd, 4318234.343, 85
Trd, 4318235.043, 97
Trd, 4318235.343, 80
Trd, 4318236.143, 86
Trd, 4318236.343, 106
Trd, 4318237.393, 108
Trd, 4318237.793, 83
Trd, 4318239.143, 88
Trd, 4318239.393, 78
Trd, 4318240.293, 134
Trd, 4318240.343, 109
Trd, 4318240.393, 93
Trd, 4318240.893, 70
Trd, 4318241.193, 129
Trd, 4318244.093, 75
Trd, 4318244.193, 74
Trd, 4318244.893, 75
Trd, 4318244.943, 75
Trd, 4318245.493, 112
Trd, 4318245.743, 102
Trd, 4318246.243, 116
Trd, 4318246.493, 76
Trd, 4318246.893, 137
Trd, 4318247.093, 90
Trd, 4318247.943, 74
Trd, 4318249.643, 93
Trd, 4318250.193, 101
Trd, 4318251.693, 116
Trd, 4318252.093, 95
Trd, 4318252.693, 128
Trd, 4318252.993, 84
Trd, 4318253.443, 71
Trd, 4318254.193, 78
Trd, 4318255.043, 63
Trd, 4318255.543, 74
Trd, 4318256.693, 87
Trd, 4318257.343, 69
Trd, 4318257.993, 95
Trd, 4318259.843, 110
Trd, 4318260.093, 100
Trd, 4318260.143, 94
Trd, 4318260.293, 84
Trd, 4318260.493, 117
Trd, 4318262.393, 111
Trd, 4318262.743, 99
Trd, 4318264.143, 139
Trd, 4318264.193, 122
Trd, 4318264.743, 113
Trd, 4318265.093, 113
Trd, 4318266.093, 83
Trd, 4318266.943, 82
Trd, 4318267.243, 73
Trd, 4318267.543, 78
Trd, 4318267.743, 132
Trd, 4318268.393, 106
Trd, 4318268.543, 72
Trd, 4318269.543, 113
Trd, 4318271.043, 94
Trd, 4318271.693, 89
Trd, 4318272.343, 109
Trd, 4318272.393, 106
Trd, 4318273.243, 126
Trd, 4318273.493, 101
Trd, 4318274.143, 120
Trd, 4318275.143, 86
Trd, 4318275.943, 70
Trd, 4318276.043, 75
Trd, 4318277.443, 106
Trd, 4318278.093, 117
Trd, 4318279.243, 89
Trd, 4318279.393, 73
Trd, 4318279.993, 61
Trd, 4318280.793, 71
Trd, 4318281.993, 65
Trd, 4318282.143, 65
Trd, 4318282.743, 83
Trd, 4318283.643, 89
Trd, 4318284.443, 119
Trd, 4318284.843, 96
Trd, 4318286.493, 80
Trd, 4318286.743, 76
Trd, 4318286.943, 90
Trd, 4318287.543, 121
Trd, 4318289.093, 101
Trd, 4318289.293, 106
Trd, 4318289.343, 101
Trd, 4318289.643, 98
Trd, 4318290.143, 97
Trd, 4318290.293, 108
Trd, 4318291.943, 139
Trd, 4318292.393, 122
Trd, 4318293.593, 119
Trd, 4318294.193, 104
Trd, 4318294.243, 101
Trd, 4318294.293, 109
Trd, 4318295.343, 117
Trd, 4318296.543, 138
Trd, 4318296.643, 124
Trd, 4318296.893, 93
Trd, 4318297.343, 83
Trd, 4318299.143, 103
Trd, 4318299.993, 136
Trd, 4318300.543, 108
Trd, 4318300.593, 95
Trd, 4318301.843, 140
Trd, 4318301.943, 106
Trd, 4318303.193, 97
Trd, 4318303.643, 103
Trd, 4318303.793, 86
Trd, 4318304.643, 104
Trd, 4318305.293, 107
Trd, 4318306.043, 99
Trd, 4318306.543, 85
Trd, 4318307.693, 107
Trd, 4318308.093, 113
Trd, 4318308.793, 139
Trd, 4318309.193, 102
Trd, 4318310.793, 82
Trd, 4318312.243, 71
Trd, 4318312.343, 79
Trd, 4318312.493, 86
Trd, 4318313.293, 64
Trd, 4318313.693, 61
Trd, 4318314.393, 103
Trd, 4318314.543, 72
Trd, 4318315.443, 85
Trd, 4318315.743, 106
Trd, 4318316.293, 103
Trd, 4318316.893, 102
Trd, 4318317.293, 96
Trd, 4318320.693, 101
Trd, 4318320.743, 89
Trd, 4318321.143, 105
Trd, 4318321.593, 125
Trd, 4318321.743, 110
Trd, 4318321.893, 95
Trd, 4318323.543, 102
Trd, 4318325.543, 116
Trd, 4318325.693, 120
Trd, 4318325.943, 105
Trd, 4318326.343, 79
Trd, 4318326.843, 65
Trd, 4318327.193, 82
Trd, 4318328.443, 138
Trd, 4318328.793, 86
Trd, 4318329.043, 127
Trd, 4318329.693, 136
Trd, 4318329.743, 103
Trd, 4318330.193, 140
Trd, 4318331.243, 65
Trd, 4318332.393, 76
Trd, 4318333.643, 72
Trd, 4318334.893, 78
Trd, 4318334.943, 83
Trd, 4318335.943, 84
Trd, 4318336.743, 97
Trd, 4318336.893, 78
Trd, 4318337.693, 92
Trd, 4318338.093, 136
Trd, 4318338.143, 126
Trd, 4318338.443, 108
Trd, 4318339.693, 102
Trd, 4318340.043, 91
Trd, 4318340.943, 130
Trd, 4318341.343, 116
Trd, 4318341.643, 99
Trd, 4318343.693, 140
Trd, 4318343.993, 123
Trd, 4318344.143, 115
Trd, 4318344.243, 111
Trd, 4318344.393, 121
Trd, 4318345.843, 82
Trd, 4318346.543, 94
Trd, 4318347.243, 69
Trd, 4318347.543, 63
Trd, 4318348.593, 87
Trd, 4318348.793, 79
Trd, 4318349.293, 79
Trd, 4318349.743, 113
Trd, 4318350.993, 99
Trd, 4318352.843, 76
Trd, 4318353.143, 78
Trd, 4318354.193, 71
Trd, 4318354.743, 90
Trd, 4318355.243, 109
Trd, 4318355.443, 115
Trd, 4318356.143, 85
Trd, 4318356.743, 93
Trd, 4318356.843, 120
Trd, 4318356.943, 84
Trd, 4318358.143, 105
Trd, 4318358.443, 140
Trd, 4318359.393, 116
Trd, 4318359.643, 134
Trd, 4318360.393, 135
Trd, 4318361.543, 121
Trd, 4318363.243, 120
Trd, 4318363.343, 110
Trd, 4318363.443, 102
Trd, 4318363.693, 123
Trd, 4318365.393, 139
Trd, 4318365.493, 113
Trd, 4318366.343, 106
Trd, 4318366.793, 96
Trd, 4318366.993, 92
Trd, 4318368.143, 97
Trd, 4318369.393, 74
Trd, 4318369.493, 73
Trd, 4318369.843, 107
Trd, 4318370.343, 96
Trd, 4318370.543, 111
Trd, 4318371.943, 137
Trd, 4318373.293, 76
Trd, 4318374.093, 121
Trd, 4318374.343, 100
Trd, 4318376.043, 101
Trd, 4318376.443, 108
Trd, 4318377.093, 137
Trd, 4318377.243, 79
Trd, 4318377.943, 105
Trd, 4318378.743, 106
Trd, 4318380.243, 136
Trd, 4318381.093, 120
Trd, 4318381.393, 118
Trd, 4318382.193, 130
Trd, 4318383.093, 140
Trd, 4318383.343, 129
Trd, 4318384.043, 109
Trd, 4318384.343, 99
Trd, 4318384.943, 91
Trd, 4318386.393, 128
Trd, 4318386.643, 139
Trd, 4318387.443, 138
Trd, 4318388.693, 115
Trd, 4318388.893, 103
Trd, 4318389.043, 99
Trd, 4318390.643, 136
Trd, 4318391.293, 137
Trd, 4318391.743, 118
Trd, 4318392.043, 84
Trd, 4318393.043, 109
Trd, 4318393.593, 139
Trd, 4318393.743, 112
Trd, 4318393.793, 111
Trd, 4318395.443, 127
Trd, 4318395.593, 98
Trd, 4318396.793, 79
Trd, 4318396.993, 77
Trd, 4318397.543, 77
Trd, 4318399.143, 81
Trd, 4318399.293, 98
Trd, 4318400.993, 78
Trd, 4318401.043, 71
Trd, 4318401.493, 109
Trd, 4318402.193, 109
Trd, 4318404.093, 78
Trd, 4318405.043, 118
Trd, 4318405.443, 103
Trd, 4318405.943, 89
Trd, 4318406.443, 140
Trd, 4318407.043, 65
Trd, 4318407.143, 82
Trd, 4318407.793, 83
Trd, 4318408.043, 91
Trd, 4318410.243, 134
Trd, 4318411.143, 131
Trd, 4318411.593, 92
Trd, 4318413.143, 92
Trd, 4318413.443, 90
Trd, 4318414.043, 139
Trd, 4318414.393, 103
Trd, 4318414.543, 113
Trd, 4318415.193, 125
Trd, 4318416.243, 126
Trd, 4318416.643, 78
Trd, 4318417.993, 112
Trd, 4318418.043, 110
Trd, 4318418.393, 94
Trd, 4318419.493, 94
Trd, 4318420.293, 98
Trd, 4318421.243, 100
Trd, 4318421.943, 117
Trd, 4318422.243, 120
Trd, 4318422.343, 90
Trd, 4318424.443, 88
Trd, 4318424.943, 65
Trd, 4318425.093, 86
Trd, 4318425.943, 105
Trd, 4318426.243, 101
Trd, 4318426.893, 124
Trd, 4318427.043, 102
Trd, 4318428.793, 140
Trd, 4318428.943, 121
Trd, 4318429.743, 131
Trd, 4318429.893, 113
Trd, 4318430.393, 103
Trd, 4318430.743, 83
Trd, 4318432.693, 98
Trd, 4318432.993, 103
Trd, 4318433.593, 135
Trd, 4318434.243, 112
Trd, 4318434.543, 118
Trd, 4318434.943, 94
Trd, 4318435.693, 105
Trd, 4318435.993, 140
Trd, 4318437.693, 115
Trd, 4318437.943, 103
Trd, 4318438.093, 102
Trd, 4318438.943, 83
Trd, 4318440.343, 109
Trd, 4318441.093, 90
Trd, 4318441.493, 79
Trd, 4318441.743, 96
Trd, 4318441.943, 107
Trd, 4318443.943, 115
Trd, 4318444.643, 109
Trd, 4318444.693, 97
Trd, 4318444.743, 92
Trd, 4318445.243, 107
Trd, 4318445.843, 77
Trd, 4318446.243, 117
Trd, 4318446.793, 96
Trd, 4318448.693, 83
Trd, 4318449.243, 98
Trd, 4318449.543, 83
Trd, 4318450.593, 140
Trd, 4318451.243, 104
Trd, 4318452.193, 119
Trd, 4318452.493, 120
Trd, 4318453.743, 139
Trd, 4318454.493, 115
Trd, 4318454.593, 105
Trd, 4318455.193, 95
Trd, 4318455.993, 85
Trd, 4318456.243, 77
Trd, 4318456.443, 105
Trd, 4318457.093, 83
Trd, 4318457.643, 79
Trd, 4318458.543, 108
Trd, 4318458.843, 82
Trd, 4318459.493, 74
Trd, 4318459.543, 77
Trd, 4318459.693, 70
Trd, 4318460.393, 76
Trd, 4318460.543, 69
Trd, 4318462.543, 90
Trd, 4318462.793, 68
Trd, 4318463.543, 100
Trd, 4318464.343, 95
Trd, 4318464.543, 76
Trd, 4318464.793, 77
Trd, 4318465.693, 104
Trd, 4318466.393, 65
Trd, 4318466.943, 140
Trd, 4318466.993, 139
Trd, 4318467.393, 102
Trd, 4318468.143, 71
Trd, 4318469.743, 71
Trd, 4318470.543, 81
Trd, 4318470.693, 101
Trd, 4318471.493, 96
Trd, 4318472.343, 84
Trd, 4318473.193, 115
Trd, 4318473.393, 78
Trd, 4318474.343, 132
Trd, 4318475.943, 110
Trd, 4318476.193, 125
Trd, 4318477.543, 86
Trd, 4318477.893, 85
Trd, 4318477.943, 90
Trd, 4318478.143, 81
Trd, 4318480.543, 99
Trd, 4318481.243, 96
Trd, 4318481.893, 96
Trd, 4318482.093, 95
Trd, 4318483.093, 92
Trd, 4318483.243, 116
Trd, 4318483.843, 95
Trd, 4318486.193, 140
Trd, 4318487.093, 106
Trd, 4318487.543, 97
Trd, 4318488.743, 108
Trd, 4318489.043, 133
Trd, 4318489.293, 140
Trd, 4318489.643, 85
Trd, 4318490.243, 124
Trd, 4318490.543, 95
Trd, 4318490.693, 109
Trd, 4318492.143, 76
Trd, 4318493.793, 131
Trd, 4318493.843, 97
Trd, 4318494.843, 90
Trd, 4318495.443, 93
Trd, 4318495.843, 85
Trd, 4318495.943, 85
Trd, 4318497.143, 140
Trd, 4318497.493, 89
Trd, 4318497.693, 70
Trd, 4318497.993, 68
Trd, 4318498.343, 82
Trd, 4318499.443, 101
Trd, 4318499.743, 82
Trd, 4318500.943, 84
Trd, 4318502.343, 77
Trd, 4318502.543, 69
Trd, 4318503.593, 69
Trd, 4318504.093, 73
Trd, 4318505.243, 100
Trd, 4318505.293, 92
Trd, 4318505.443, 105
Trd, 4318505.893, 70
Trd, 4318506.643, 136
Trd, 4318507.343, 118
Trd, 4318508.243, 106
Trd, 4318508.593, 93
Trd, 4318508.943, 103
Trd, 4318509.393, 95
Trd, 4318509.543, 71
Trd, 4318509.893, 82
Trd, 4318512.293, 102
Trd, 4318513.093, 88
Trd, 4318513.593, 85
Trd, 4318513.793, 72
Trd, 4318513.943, 113
Trd, 4318515.993, 66
Trd, 4318516.393, 81
Trd, 4318516.593, 83
Trd, 4318517.243, 127
Trd, 4318517.293, 89
Trd, 4318518.043, 62
Trd, 4318518.943, 79
Trd, 4318519.543, 89
Trd, 4318520.993, 89
Trd, 4318521.043, 109
Trd, 4318521.493, 71
Trd, 4318521.943, 76
Trd, 4318522.793, 80
Trd, 4318523.193, 65
Trd, 4318523.443, 70
Trd, 4318523.843, 95
Trd, 4318523.893, 86
Trd, 4318525.493, 76
Trd, 4318525.643, 99
Trd, 4318526.143, 140
Trd, 4318526.693, 123
Trd, 4318527.093, 89
Trd, 4318527.243, 80
Trd, 4318528.543, 126
Trd, 4318531.043, 115
Trd, 4318531.843, 139
Trd, 4318532.143, 102
Trd, 4318532.343, 102
Trd, 4318534.393, 139
Trd, 4318534.693, 81
Trd, 4318535.193, 120
Trd, 4318536.143, 99
Trd, 4318536.193, 95
Trd, 4318537.093, 112
Trd, 4318537.143, 93
Trd, 4318537.743, 140
Trd, 4318538.643, 92
Trd, 4318538.893, 88
Trd, 4318539.193, 116
Trd, 4318539.793, 107
Trd, 4318540.943, 125
Trd, 4318541.793, 94
Trd, 4318542.793, 83
Trd, 4318543.643, 89
Trd, 4318544.343, 84
Trd, 4318545.093, 83
Trd, 4318545.643, 129
Trd, 4318545.843, 94
Trd, 4318545.893, 91
Trd, 4318546.493, 69
Trd, 4318548.543, 84
Trd, 4318549.793, 74
Trd, 4318549.893, 118
Trd, 4318552.043, 73
Trd, 4318552.443, 77
Trd, 4318552.493, 79
Trd, 4318554.393, 85
Trd, 4318554.793, 85
Trd, 4318555.043, 91
Trd, 4318556.143, 96
Trd, 4318556.343, 120
Trd, 4318557.443, 100
Trd, 4318557.543, 86
Trd, 4318558.343, 88
Trd, 4318558.443, 91
Trd, 4318558.943, 83
Trd, 4318561.143, 81
Trd, 4318561.293, 79
Trd, 4318562.343, 90
Trd, 4318562.693, 122
Trd, 4318563.093, 126
Trd, 4318563.193, 97
Trd, 4318563.493, 90
Trd, 4318563.843, 99
Trd, 4318564.993, 80
Trd, 4318566.293, 93
Trd, 4318567.143, 116
Trd, 4318567.343, 92
Trd, 4318567.743, 77
Trd, 4318568.293, 107
Trd, 4318568.393, 98
Trd, 4318568.543, 84
Trd, 4318569.193, 95
Trd, 4318570.493, 114
Trd, 4318570.743, 113
Trd, 4318572.343, 98
Trd, 4318572.693, 87
Trd, 4318572.743, 83
Trd, 4318573.143, 69
Trd, 4318573.543, 122
Trd, 4318574.293, 136
Trd, 4318574.843, 120
Trd, 4318575.293, 128
Trd, 4318577.193, 93
Trd, 4318577.293, 85
Trd, 4318578.243, 106
Trd, 4318578.443, 129
Trd, 4318578.893, 102
Trd, 4318579.043, 83
Trd, 4318580.043, 90
Trd, 4318580.443, 106
Trd, 4318582.393, 85
Trd, 4318582.843, 90
Trd, 4318582.993, 80
Trd, 4318583.343, 64
Trd, 4318584.243, 91
Trd, 4318585.693, 99
Trd, 4318586.193, 90
Trd, 4318586.293, 90
Trd, 4318587.293, 106
Trd, 4318588.193, 83
Trd, 4318588.343, 92
Trd, 4318588.643, 62
Trd, 4318589.243, 77
Trd, 4318589.593, 138
Trd, 4318591.443, 96
Trd, 4318593.143, 139
Trd, 4318593.443, 127
Trd, 4318593.593, 123
Trd, 4318593.693, 106
Trd, 4318594.693, 126
Trd, 4318595.243, 104
Trd, 4318595.643, 78
Trd, 4318596.793, 114
Trd, 4318597.093, 108
Trd, 4318597.893, 84
Trd, 4318599.093, 94
Trd, 4318599.293, 139
Trd, 4318599.543, 140
Trd, 4318600.543, 106
Trd, 4318600.743, 97
Trd, 4318601.443, 114
Trd, 4318601.843, 99
Trd, 4318601.943, 120
Trd, 4318603.243, 68
Trd, 4318603.693, 86
Trd, 4318605.493, 74
Trd, 4318606.043, 78
Trd, 4318606.343, 86
Trd, 4318606.593, 91
Trd, 4318607.593, 67
Trd, 4318607.893, 99
Trd, 4318608.443, 78
Trd, 4318608.843, 73
Trd, 4318609.293, 140
Trd, 4318610.893, 80
Trd, 4318611.243, 84
Trd, 4318612.343, 104
Trd, 4318613.893, 102
Trd, 4318613.993, 101
Trd, 4318614.443, 126
Trd, 4318614.743, 81
Trd, 4318615.393, 107
Trd, 4318616.193, 103
Trd, 4318616.593, 129
Trd, 4318616.993, 69
Trd, 4318618.093, 116
Trd, 4318619.193, 89
Trd, 4318619.443, 85
Trd, 4318619.743, 104
Trd, 4318620.793, 91
Trd, 4318621.493, 122
Trd, 4318622.193, 95
Trd, 4318622.393, 93
Trd, 4318622.543, 113
Trd, 4318622.793, 87
Trd, 4318623.143, 81
Trd, 4318623.343, 75
Trd, 4318625.593, 116
Trd, 4318626.593, 129
Trd, 4318626.693, 112
Trd, 4318627.043, 104
Trd, 4318627.093, 102
Trd, 4318628.243, 138
Trd, 4318628.543, 105
Trd, 4318629.043, 99
Trd, 4318630.643, 117
Trd, 4318630.793, 102
Trd, 4318631.243, 120
Trd, 4318631.543, 91
Trd, 4318631.743, 88
Trd, 4318633.543, 62
Trd, 4318634.693, 75
Trd, 4318635.143, 78
Trd, 4318636.893, 87
Trd, 4318637.543, 85
Trd, 4318638.843, 67
Trd, 4318638.893, 71
Trd, 4318640.143, 92
Trd, 4318640.743, 124
Trd, 4318641.343, 132
Trd, 4318641.893, 105
Trd, 4318641.993, 98
Trd, 4318643.343, 140
Trd, 4318643.643, 118
Trd, 4318643.943, 76
Trd, 4318645.293, 96
Trd, 4318645.543, 90
Trd, 4318645.993, 65
Trd, 4318647.393, 76
Trd, 4318648.043, 115
Trd, 4318648.293, 105
Trd, 4318648.693, 110
Trd, 4318649.393, 105
Trd, 4318650.043, 104
Trd, 4318650.793, 138
Trd, 4318651.343, 115
Trd, 4318651.943, 103
Trd, 4318652.843, 102
Trd, 4318652.893, 98
Trd, 4318653.643, 83
Trd, 4318654.543, 82
Trd, 4318655.043, 92
Trd, 4318655.993, 77
Trd, 4318656.343, 103
Trd, 4318657.043, 98
Trd, 4318657.293, 98
Trd, 4318657.343, 102
Trd, 4318657.743, 129
Trd, 4318659.293, 87
Trd, 4318659.743, 111
Trd, 4318660.393, 86
Trd, 4318660.643, 117
Trd, 4318661.093, 120
Trd, 4318662.193, 80
Trd, 4318662.893, 85
Trd, 4318663.893, 71
Trd, 4318664.393, 111
Trd, 4318664.993, 112
Trd, 4318665.643, 109
Trd, 4318665.693, 104
Trd, 4318667.243, 101
Trd, 4318667.343, 91
Trd, 4318667.743, 129
Trd, 4318668.693, 83
Trd, 4318668.743, 111
Trd, 4318669.493, 79
Trd, 4318669.743, 90
Trd, 4318669.793, 130
Trd, 4318670.243, 115
Trd, 4318670.493, 72
Trd, 4318672.643, 117
Trd, 4318672.893, 91
Trd, 4318673.443, 126
Trd, 4318674.043, 140
Trd, 4318674.693, 99
Trd, 4318675.443, 100
Trd, 4318676.043, 96
Trd, 4318676.593, 92
Trd, 4318678.143, 139
Trd, 4318678.893, 87
Trd, 4318679.043, 76
Trd, 4318679.693, 131
Trd, 4318679.793, 100
Trd, 4318680.693, 119
Trd, 4318681.593, 124
Trd, 4318683.243, 124
Trd, 4318683.993, 113
Trd, 4318684.493, 129
Trd, 4318685.343, 94
Trd, 4318685.643, 94
Trd, 4318685.693, 135
Trd, 4318686.743, 79
Trd, 4318687.543, 82
Trd, 4318688.443, 118
Trd, 4318690.693, 75
Trd, 4318691.843, 90
Trd, 4318692.293, 140
Trd, 4318692.543, 121
Trd, 4318692.643, 117
Trd, 4318693.193, 101
Trd, 4318695.043, 113
Trd, 4318695.943, 109
Trd, 4318695.993, 95
Trd, 4318696.743, 80
Trd, 4318699.193, 140
Trd, 4318699.843, 107
Trd, 4318700.143, 82
Trd, 4318700.393, 78
Trd, 4318701.043, 121
Trd, 4318701.693, 74
Trd, 4318701.893, 107
Trd, 4318702.243, 95
Trd, 4318703.293, 120
Trd, 4318703.393, 92
Trd, 4318703.443, 83
Trd, 4318704.143, 88
Trd, 4318704.543, 124
Trd, 4318704.943, 81
Trd, 4318705.243, 104
Trd, 4318705.893, 70
Trd, 4318706.243, 92
Trd, 4318706.443, 93
Trd, 4318708.643, 115
Trd, 4318709.143, 117
Trd, 4318709.443, 93
Trd, 4318709.593, 87
Trd, 4318710.993, 66
Trd, 4318712.143, 79
Trd, 4318712.693, 95
Trd, 4318712.943, 139
Trd, 4318714.493, 113
Trd, 4318715.243, 102
Trd, 4318715.393, 100
Trd, 4318715.843, 123
Trd, 4318716.743, 114
Trd, 4318717.093, 113
Trd, 4318717.743, 127
Trd, 4318718.343, 101
Trd, 4318718.693, 87
Trd, 4318718.843, 79
Trd, 4318719.193, 101
Trd, 4318719.243, 100
Trd, 4318719.643, 123
Trd, 4318720.093, 140
Trd, 4318722.743, 136
Trd, 4318723.093, 96
Trd, 4318723.443, 96
Trd, 4318723.543, 86
Trd, 4318724.543, 139
Trd, 4318725.043, 119
Trd, 4318725.243, 127
Trd, 4318725.993, 125
Trd, 4318726.193, 105
Trd, 4318726.993, 74
Trd, 4318728.543, 131
Trd, 4318729.693, 75
Trd, 4318730.043, 85
Trd, 4318730.793, 140
Trd, 4318730.893, 85
Trd, 4318731.243, 80
Trd, 4318732.193, 129
Trd, 4318732.443, 92
Trd, 4318733.793, 103
Trd, 4318734.093, 98
Trd, 4318735.543, 96
Trd, 4318736.093, 79
Trd, 4318736.343, 72
Trd, 4318737.243, 83
Trd, 4318738.043, 77
Trd, 4318739.093, 96
Trd, 4318739.493, 63
Trd, 4318740.343, 104
Trd, 4318740.643, 107
Trd, 4318740.893, 78
Trd, 4318743.193, 108
Trd, 4318743.243, 124
Trd, 4318743.643, 104
Trd, 4318743.843, 102
Trd, 4318744.493, 102
Trd, 4318744.843, 98
Trd, 4318744.943, 86
Trd, 4318745.543, 71
Trd, 4318746.343, 74
Trd, 4318749.643, 74
Trd, 4318749.743, 74
Trd, 4318749.993, 80
Trd, 4318750.193, 127
Trd, 4318750.393, 67
Trd, 4318751.093, 96
Trd, 4318751.593, 76
Trd, 4318753.043, 84
Trd, 4318754.293, 67
Trd, 4318754.543, 135
Trd, 4318755.243, 65
Trd, 4318756.543, 114
Trd, 4318757.193, 138
Trd, 4318757.593, 74
Trd, 4318759.543, 73
Trd, 4318759.593, 66
Trd, 4318760.393, 78
Trd, 4318760.443, 105
Trd, 4318761.043, 111
Trd, 4318761.593, 140
Trd, 4318763.893, 109
Trd, 4318764.843, 124
Trd, 4318765.243, 101
Trd, 4318765.343, 90
Trd, 4318765.393, 88
Trd, 4318767.193, 97
Trd, 4318767.393, 101
Trd, 4318767.593, 73
Trd, 4318768.543, 80
Trd, 4318771.193, 86
Trd, 4318772.343, 95
Trd, 4318773.293, 118
Trd, 4318773.693, 81
Trd, 4318774.143, 134
Trd, 4318774.193, 83
Trd, 4318775.693, 110
Trd, 4318775.843, 140
Trd, 4318776.343, 105
Trd, 4318776.493, 104
Trd, 4318777.193, 113
Trd, 4318778.393, 130
Trd, 4318778.993, 109
Trd, 4318779.393, 128
Trd, 4318780.093, 134
Trd, 4318780.793, 99
Trd, 4318781.593, 88
Trd, 4318782.243, 67
Trd, 4318784.093, 64
Trd, 4318784.943, 65
Trd, 4318785.293, 67
Trd, 4318785.443, 74
Trd, 4318785.643, 74
Trd, 4318786.243, 125
Trd, 4318786.393, 100
Trd, 4318787.593, 88
Trd, 4318789.243, 137
Trd, 4318789.443, 98
Trd, 4318789.693, 92
Trd, 4318790.393, 140
Trd, 4318790.993, 103
Trd, 4318791.793, 103
Trd, 4318793.093, 88
Trd, 4318793.793, 117
Trd, 4318794.093, 110
Trd, 4318795.093, 109
Trd, 4318795.193, 82
Trd, 4318795.893, 130
Trd, 4318796.043, 96
Trd, 4318796.393, 92
Trd, 4318797.093, 138
Trd, 4318797.743, 127
Trd, 4318799.793, 65
Trd, 4318800.143, 84
Trd, 4318801.093, 72
Trd, 4318801.543, 78
Trd, 4318802.293, 81
Trd, 4318802.793, 86
Trd, 4318803.043, 124
Trd, 4318803.893, 90
Trd, 4318805.343, 92
Trd, 4318805.943, 65
Trd, 4318806.493, 77
Trd, 4318806.793, 101
Trd, 4318807.193, 99
Trd, 4318807.843, 89
Trd, 4318808.693, 138
Trd, 4318809.093, 140
Trd, 4318810.293, 124
Trd, 4318811.093, 118
Trd, 4318811.643, 97
Trd, 4318812.043, 88
Trd, 4318812.343, 95
Trd, 4318813.143, 95
Trd, 4318813.943, 109
Trd, 4318814.243, 119
Trd, 4318814.593, 107
Trd, 4318815.093, 75
Trd, 4318817.193, 80
Trd, 4318817.593, 68
Trd, 4318818.643, 95
Trd, 4318818.693, 88
Trd, 4318819.493, 95
Trd, 4318820.693, 83
Trd, 4318821.743, 115
Trd, 4318821.943, 95
Trd, 4318822.093, 127
Trd, 4318822.843, 85
Trd, 4318824.843, 105
Trd, 4318825.443, 123
Trd, 4318825.843, 84
Trd, 4318826.493, 139
Trd, 4318826.993, 139
Trd, 4318827.243, 124
Trd, 4318828.593, 113
Trd, 4318828.843, 103
Trd, 4318828.893, 90
Trd, 4318830.193, 78
Trd, 4318830.443, 91
Trd, 4318830.893, 138
Trd, 4318832.843, 132
Trd, 4318833.143, 129
Trd, 4318833.793, 116
Trd, 4318834.393, 71
Trd, 4318834.843, 87
Trd, 4318835.493, 98
Trd, 4318836.543, 126
Trd, 4318838.693, 140
Trd, 4318838.743, 122
Trd, 4318838.843, 100
Trd, 4318840.893, 98
Trd, 4318841.243, 89
Trd, 4318841.443, 79
Trd, 4318842.043, 98
Trd, 4318842.093, 97
Trd, 4318843.443, 67
Trd, 4318843.943, 120
Trd, 4318844.493, 79
Trd, 4318846.193, 99
Trd, 4318846.293, 130
Trd, 4318846.593, 84
Trd, 4318848.243, 103
Trd, 4318848.743, 95
Trd, 4318849.993, 104
Trd, 4318850.193, 123
Trd, 4318850.893, 140
Trd, 4318850.943, 126
Trd, 4318850.993, 122
Trd, 4318851.243, 131
Trd, 4318851.943, 115
Trd, 4318852.943, 124
Trd, 4318855.043, 107
Trd, 4318855.143, 118
Trd, 4318856.643, 140
Trd, 4318857.393, 122
Trd, 4318858.043, 113
Trd, 4318858.343, 130
Trd, 4318858.643, 109
Trd, 4318858.893, 121
Trd, 4318858.943, 106
Trd, 4318859.143, 106
Trd, 4318860.443, 80
Trd, 4318860.843, 89
Trd, 4318861.693, 106
Trd, 4318863.493, 93
Trd, 4318863.693, 78
Trd, 4318864.243, 88
Trd, 4318865.343, 98
Trd, 4318866.243, 79
Trd, 4318866.293, 94
Trd, 4318868.293, 64
Trd, 4318869.543, 120
Trd, 4318869.693, 125
Trd, 4318869.743, 106
Trd, 4318870.493, 79
Trd, 4318871.193, 73
Trd, 4318871.593, 67
Trd, 4318871.693, 69
Trd, 4318873.393, 139
Trd, 4318873.593, 121
Trd, 4318873.843, 105
Trd, 4318874.643, 100
Trd, 4318874.693, 85
Trd, 4318875.593, 97
Trd, 4318877.693, 91
Trd, 4318877.893, 71
Trd, 4318879.443, 79
Trd, 4318879.593, 95
Trd, 4318880.243, 109
Trd, 4318880.643, 104
Trd, 4318881.093, 92
Trd, 4318881.193, 73
Trd, 4318882.343, 91
Trd, 4318882.643, 71
Trd, 4318883.643, 70
Trd, 4318883.943, 71
Trd, 4318884.393, 102
Trd, 4318885.493, 63
Trd, 4318886.993, 74
Trd, 4318887.143, 81
Trd, 4318887.493, 91
Trd, 4318888.643, 70
Trd, 4318889.343, 123
Trd, 4318889.543, 95
Trd, 4318890.993, 90
Trd, 4318891.043, 74
Trd, 4318891.643, 107
Trd, 4318891.743, 98
Trd, 4318892.243, 86
Trd, 4318894.093, 74
Trd, 4318894.443, 77
Trd, 4318895.293, 100
Trd, 4318896.343, 102
Trd, 4318896.893, 95
Trd, 4318897.093, 88
Trd, 4318897.843, 115
Trd, 4318898.943, 94
Trd, 4318900.743, 99
Trd, 4318900.943, 126
Trd, 4318901.143, 84
Trd, 4318902.693, 72
Trd, 4318903.043, 76
Trd, 4318903.143, 98
Trd, 4318903.893, 124
Trd, 4318904.093, 74
Trd, 4318905.293, 103
Trd, 4318905.593, 81
Trd, 4318907.393, 64
Trd, 4318907.593, 78
Trd, 4318908.443, 83
Trd, 4318908.843, 88
Trd, 4318909.793, 67
Trd, 4318911.043, 95
Trd, 4318911.193, 95
Trd, 4318911.543, 92
Trd, 4318913.243, 103
Trd, 4318913.293, 83
Trd, 4318913.493, 76
Trd, 4318913.943, 90
Trd, 4318914.943, 76
Trd, 4318915.443, 97
Trd, 4318917.393, 68
Trd, 4318917.543, 101
Trd, 4318917.943, 78
Trd, 4318918.443, 79
Trd, 4318919.243, 75
Trd, 4318919.893, 88
Trd, 4318920.643, 60
Trd, 4318921.293, 112
Trd, 4318921.843, 103
Trd, 4318922.243, 96
Trd, 4318922.743, 97
Trd, 4318923.093, 113
Trd, 4318923.193, 88
Trd, 4318923.993, 69
Trd, 4318925.043, 106
Trd, 4318925.293, 83
Trd, 4318925.343, 109
Trd, 4318927.343, 69
Trd, 4318927.393, 80
Trd, 4318927.843, 117
Trd, 4318929.593, 129
Trd, 4318929.793, 139
Trd, 4318931.143, 96
Trd, 4318931.643, 125
Trd, 4318932.643, 86
Trd, 4318933.343, 75
Trd, 4318933.493, 62
Trd, 4318935.043, 60
Trd, 4318935.943, 61
Trd, 4318936.193, 76
Trd, 4318936.543, 129
Trd, 4318937.193, 140
Trd, 4318937.293, 111
Trd, 4318937.893, 95
Trd, 4318938.043, 88
Trd, 4318938.443, 69
Trd, 4318940.093, 68
Trd, 4318940.193, 71
Trd, 4318941.093, 92
Trd, 4318942.743, 80
Trd, 4318942.843, 105
Trd, 4318944.143, 72
Trd, 4318944.643, 75
Trd, 4318945.293, 86
Trd, 4318945.993, 68
Trd, 4318946.843, 72
Trd, 4318946.893, 79
Trd, 4318948.043, 69
Trd, 4318948.843, 74
Trd, 4318949.343, 120
Trd, 4318951.793, 129
Trd, 4318951.843, 113
Trd, 4318952.443, 112
Trd, 4318952.793, 96
Trd, 4318953.343, 97
Trd, 4318954.043, 95
Trd, 4318954.443, 140
Trd, 4318955.143, 123
Trd, 4318955.393, 108
Trd, 4318955.443, 117
Trd, 4318956.193, 140
Trd, 4318957.443, 80
Trd, 4318957.543, 77
Trd, 4318958.993, 136
Trd, 4318959.193, 97
Trd, 4318960.493, 87
Trd, 4318960.643, 84
Trd, 4318960.843, 97
Trd, 4318961.193, 73
Trd, 4318962.743, 116
Trd, 4318964.143, 90
Trd, 4318965.093, 79
Trd, 4318965.893, 97
Trd, 4318966.393, 86
Trd, 4318967.293, 118
Trd, 4318967.743, 116
Trd, 4318968.143, 101
Trd, 4318968.293, 139
Trd, 4318969.493, 75
Trd, 4318970.193, 140
Trd, 4318970.393, 90
Trd, 4318971.743, 132
Trd, 4318973.193, 91
Trd, 4318973.643, 74
Trd, 4318974.643, 114
Trd, 4318974.693, 84
Trd, 4318975.043, 100
Trd, 4318975.343, 72
Trd, 4318977.493, 76
Trd, 4318977.593, 107
Trd, 4318978.543, 119
Trd, 4318979.593, 100
Trd, 4318979.693, 105
Trd, 4318980.243, 109
Trd, 4318980.993, 95
Trd, 4318981.143, 130
Trd, 4318982.293, 137
Trd, 4318983.343, 137
Trd, 4318983.493, 121
Trd, 4318984.393, 132
Trd, 4318984.543, 118
Trd, 4318985.193, 139
Trd, 4318985.643, 83
Trd, 4318987.393, 94
Trd, 4318987.743, 99
Trd, 4318987.893, 127
Trd, 4318989.093, 133
Trd, 4318989.293, 91
Trd, 4318990.593, 92
Trd, 4318991.043, 74
Trd, 4318991.143, 64
Trd, 4318991.293, 101
Trd, 4318992.293, 75
Trd, 4318992.893, 69
Trd, 4318993.593, 106
Trd, 4318994.443, 124
Trd, 4318995.193, 101
Trd, 4318995.843, 86
Trd, 4318995.943, 99
Trd, 4318997.493, 112
Trd, 4318997.593, 122
Trd, 4318998.343, 121
Trd, 4318999.293, 120
Trd, 4318999.443, 112
Trd, 4319000.793, 139
Trd, 4319001.043, 124
Trd, 4319001.393, 106
Trd, 4319002.943, 121
Trd, 4319003.293, 117
Trd, 4319003.643, 106
Trd, 4319004.593, 106
Trd, 4319005.043, 82
Trd, 4319005.793, 133
Trd, 4319006.093, 101
Trd, 4319006.343, 75
Trd, 4319006.443, 72
Trd, 4319008.243, 138
Trd, 4319008.443, 121
Trd, 4319008.743, 132
Trd, 4319009.893, 101
Trd, 4319010.843, 92
Trd, 4319011.293, 72
Trd, 4319011.343, 98
Trd, 4319012.193, 135
Trd, 4319012.243, 125
Trd, 4319013.843, 117
Trd, 4319014.543, 117
Trd, 4319014.793, 103
Trd, 4319014.893, 92
Trd, 4319015.443, 115
Trd, 4319016.843, 140
Trd, 4319017.593, 104
Trd, 4319017.693, 85
Trd, 4319018.443, 124
Trd, 4319020.043, 138
Trd, 4319020.493, 108
Trd, 4319021.843, 99
Trd, 4319023.043, 136
Trd, 4319023.793, 112
Trd, 4319024.093, 113
Trd, 4319024.293, 109
Trd, 4319024.343, 103
Trd, 4319026.393, 135
Trd, 4319026.593, 120
Trd, 4319026.843, 137
Trd, 4319027.543, 98
Trd, 4319027.943, 80
Trd, 4319028.243, 81
Trd, 4319028.293, 95
Trd, 4319028.893, 98
Trd, 4319030.393, 102
Trd, 4319030.443, 95
Trd, 4319030.593, 89
Trd, 4319030.993, 110
Trd, 4319032.393, 127
Trd, 4319034.143, 139
Trd, 4319034.343, 125
Trd, 4319034.943, 103
Trd, 4319036.143, 97
Trd, 4319036.893, 113
Trd, 4319037.043, 134
Trd, 4319037.443, 95
Trd, 4319037.943, 140
Trd, 4319038.393, 89
Trd, 4319038.943, 98
Trd, 4319039.443, 79
Trd, 4319040.293, 71
Trd, 4319040.343, 77
Trd, 4319040.693, 88
Trd, 4319041.343, 103
Trd, 4319043.893, 97
Trd, 4319045.193, 127
Trd, 4319045.743, 102
Trd, 4319046.343, 140
Trd, 4319046.393, 96
Trd, 4319046.893, 106
Trd, 4319047.193, 78
Trd, 4319048.343, 109
Trd, 4319048.643, 127
Trd, 4319049.493, 96
Trd, 4319049.743, 82
Trd, 4319049.943, 140
Trd, 4319050.393, 76
Trd, 4319050.743, 65
Trd, 4319051.693, 68
Trd, 4319053.243, 76
Trd, 4319053.293, 75
Trd, 4319055.193, 75
Trd, 4319055.593, 63
Trd, 4319056.243, 80
Trd, 4319056.843, 73
Trd, 4319057.043, 80
Trd, 4319057.093, 93
Trd, 4319057.693, 108
Trd, 4319058.743, 63
Trd, 4319059.343, 97
Trd, 4319060.193, 139
Trd, 4319060.643, 79
Trd, 4319061.543, 84
Trd, 4319061.693, 129
Trd, 4319062.743, 85
Trd, 4319063.393, 82
Trd, 4319064.643, 132
Trd, 4319065.043, 136
Trd, 4319065.393, 110
Trd, 4319065.743, 93
Trd, 4319066.043, 69
Trd, 4319066.743, 86
Trd, 4319066.793, 85
Trd, 4319068.343, 79
Trd, 4319069.743, 84
Trd, 4319069.993, 92
Trd, 4319070.043, 104
Trd, 4319070.793, 87
Trd, 4319071.243, 76
Trd, 4319071.393, 99
Trd, 4319072.793, 82
Trd, 4319073.293, 111
Trd, 4319073.343, 77
Trd, 4319075.243, 83
Trd, 4319076.393, 115
Trd, 4319076.643, 114
Trd, 4319077.093, 91
Trd, 4319077.843, 88
Trd, 4319077.893, 73
Trd, 4319078.793, 88
Trd, 4319079.043, 100
Trd, 4319079.343, 81
Trd, 4319080.093, 60
Trd, 4319080.893, 78
Trd, 4319082.093, 61
Trd, 4319082.843, 63
Trd, 4319084.643, 91
Trd, 4319085.293, 112
Trd, 4319085.593, 124
Trd, 4319086.643, 127
Trd, 4319087.493, 105
Trd, 4319087.743, 94
Trd, 4319087.893, 88
Trd, 4319088.643, 78
Trd, 4319088.693, 74
Trd, 4319089.393, 140
Trd, 4319090.793, 131
Trd, 4319090.943, 94
Trd, 4319091.143, 93
Trd, 4319091.393, 66
Trd, 4319093.343, 71
Trd, 4319094.293, 125
Trd, 4319095.593, 94
Trd, 4319096.343, 101
Trd, 4319097.043, 129
Trd, 4319097.193, 139
Trd, 4319097.243, 109
Trd, 4319098.693, 85
Trd, 4319099.143, 107
Trd, 4319100.143, 77
Trd, 4319101.693, 92
Trd, 4319103.343, 116
Trd, 4319103.393, 121
Trd, 4319103.793, 119
Trd, 4319103.893, 102
Trd, 4319104.843, 136
Trd, 4319105.493, 138
Trd, 4319106.393, 103
Trd, 4319106.943, 97
Trd, 4319107.393, 91
Trd, 4319107.543, 88
Trd, 4319108.543, 118
Trd, 4319109.143, 115
Trd, 4319109.443, 81
Trd, 4319109.593, 135
Trd, 4319110.743, 70
Trd, 4319110.993, 60
Trd, 4319111.593, 140
Trd, 4319111.843, 100
Trd, 4319112.943, 60
Trd, 4319113.693, 107
Trd, 4319114.243, 94
Trd, 4319114.393, 81
Trd, 4319115.893, 123
Trd, 4319116.143, 137
Trd, 4319117.693, 130
Trd, 4319117.793, 129
Trd, 4319118.143, 110
Trd, 4319118.593, 99
Trd, 4319118.643, 77
Trd, 4319119.893, 131
Trd, 4319120.393, 101
Trd, 4319121.043, 108
Trd, 4319121.243, 125
Trd, 4319121.593, 130
Trd, 4319122.143, 100
Trd, 4319124.093, 85
Trd, 4319125.343, 72
Trd, 4319125.543, 82
Trd, 4319126.993, 140
Trd, 4319127.143, 127
Trd, 4319127.343, 104
Trd, 4319127.893, 117
Trd, 4319129.143, 73
Trd, 4319129.693, 84
Trd, 4319129.743, 88
Trd, 4319130.893, 111
Trd, 4319132.293, 82
Trd, 4319132.443, 100
Trd, 4319132.843, 93
Trd, 4319133.093, 73
Trd, 4319133.593, 107
Trd, 4319134.993, 114
Trd, 4319136.143, 94
Trd, 4319136.493, 93
Trd, 4319137.093, 110
Trd, 4319137.993, 82
Trd, 4319138.693, 61
Trd, 4319139.343, 63
Trd, 4319140.543, 86
Trd, 4319140.943, 77
Trd, 4319141.243, 123
Trd, 4319141.493, 111
Trd, 4319142.093, 111
Trd, 4319142.793, 124
Trd, 4319143.743, 97
Trd, 4319144.243, 95
Trd, 4319145.043, 138
Trd, 4319145.293, 75
Trd, 4319146.643, 65
Trd, 4319148.393, 69
Trd, 4319148.893, 73
Trd, 4319148.943, 111
Trd, 4319149.943, 68
Trd, 4319150.193, 67
Trd, 4319150.743, 95
Trd, 4319153.143, 140
Trd, 4319153.593, 133
Trd, 4319153.793, 117
Trd, 4319154.143, 130
Trd, 4319154.743, 122
Trd, 4319155.443, 138
Trd, 4319155.493, 106
Trd, 4319155.843, 124
Trd, 4319155.943, 82
Trd, 4319156.443, 133
Trd, 4319157.193, 103
Trd, 4319157.443, 93
Trd, 4319160.143, 134
Trd, 4319160.743, 138
Trd, 4319161.843, 139
Trd, 4319162.443, 129
Trd, 4319162.643, 110
Trd, 4319162.943, 109
Trd, 4319163.093, 102
Trd, 4319163.793, 101
Trd, 4319164.093, 97
Trd, 4319166.043, 138
Trd, 4319166.543, 112
Trd, 4319168.193, 79
Trd, 4319168.443, 80
Trd, 4319168.793, 106
Trd, 4319169.293, 106
Trd, 4319169.393, 82
Trd, 4319169.893, 86
Trd, 4319170.293, 140
Trd, 4319170.943, 78
Trd, 4319171.593, 84
Trd, 4319171.843, 76
Trd, 4319172.893, 66
Trd, 4319173.243, 68
Trd, 4319173.293, 90
Trd, 4319174.343, 120
Trd, 4319175.743, 71
Trd, 4319176.293, 93
Trd, 4319176.493, 79
Trd, 4319176.843, 131
Trd, 4319177.993, 129
Trd, 4319179.243, 103
Trd, 4319180.093, 103
Trd, 4319181.443, 86
Trd, 4319181.493, 82
Trd, 4319181.943, 97
Trd, 4319183.343, 82
Trd, 4319183.843, 70
Trd, 4319183.993, 78
Trd, 4319184.293, 87
Trd, 4319184.443, 111
Trd, 4319186.743, 113
Trd, 4319187.193, 130
Trd, 4319187.643, 115
Trd, 4319188.193, 102
Trd, 4319188.493, 100
Trd, 4319189.093, 108
Trd, 4319189.193, 81
Trd, 4319191.743, 60
Trd, 4319192.243, 69
Trd, 4319192.643, 70
Trd, 4319192.893, 76
Trd, 4319193.193, 102
Trd, 4319194.543, 69
Trd, 4319195.043, 74
Trd, 4319195.343, 93
Trd, 4319196.043, 74
Trd, 4319196.143, 84
Trd, 4319196.543, 126
Trd, 4319197.243, 76
Trd, 4319198.443, 138
Trd, 4319198.993, 92
Trd, 4319199.643, 94
Trd, 4319199.843, 113
Trd, 4319202.243, 112
Trd, 4319202.393, 107
Trd, 4319202.843, 132
Trd, 4319203.143, 91
Trd, 4319203.343, 78
Trd, 4319203.443, 77
Trd, 4319204.543, 87
Trd, 4319205.043, 95
Trd, 4319206.093, 78
Trd, 4319206.493, 103
Trd, 4319206.743, 138
Trd, 4319207.343, 99
Trd, 4319207.843, 140
Trd, 4319208.243, 134
Trd, 4319208.293, 105
Trd, 4319209.443, 95
Trd, 4319209.593, 68
Trd, 4319210.693, 103
Trd, 4319211.093, 106
Trd, 4319211.393, 106
Trd, 4319212.193, 127
Trd, 4319212.793, 96
Trd, 4319212.993, 88
Trd, 4319213.693, 85
Trd, 4319213.993, 124
Trd, 4319214.043, 108
Trd, 4319215.293, 140
Trd, 4319216.643, 109
Trd, 4319217.493, 137
Trd, 4319218.593, 120
Trd, 4319218.993, 127
Trd, 4319220.993, 102
Trd, 4319221.193, 92
Trd, 4319221.543, 92
Trd, 4319221.793, 100
Trd, 4319223.493, 93
Trd, 4319223.743, 104
Trd, 4319223.843, 122
Trd, 4319224.243, 82
Trd, 4319224.493, 88
Trd, 4319225.543, 67
Trd, 4319226.793, 71
Trd, 4319227.443, 97
Trd, 4319227.493, 107
Trd, 4319227.843, 84
Trd, 4319228.643, 138
Trd, 4319229.693, 127
Trd, 4319230.143, 108
Trd, 4319230.643, 72
Trd, 4319231.293, 74
Trd, 4319231.943, 140
Trd, 4319232.843, 125
Trd, 4319234.493, 103
Trd, 4319234.643, 102
Trd, 4319234.743, 93
Trd, 4319236.743, 95
Trd, 4319236.793, 133
Trd, 4319236.843, 88
Trd, 4319237.093, 135
Trd, 4319237.393, 75
Trd, 4319238.493, 79
Trd, 4319239.143, 105
Trd, 4319239.293, 95
Trd, 4319240.293, 132
Trd, 4319240.493, 101
Trd, 4319240.643, 92
Trd, 4319241.143, 71
Trd, 4319242.993, 124
Trd, 4319243.843, 109
Trd, 4319244.393, 85
Trd, 4319245.393, 135
Trd, 4319245.693, 140
Trd, 4319245.743, 135
Trd, 4319246.243, 102
Trd, 4319246.443, 121
Trd, 4319246.743, 96
Trd, 4319246.993, 82
Trd, 4319247.593, 79
Trd, 4319249.193, 92
Trd, 4319249.343, 120
Trd, 4319251.093, 92
Trd, 4319251.193, 99
Trd, 4319251.443, 73
Trd, 4319251.793, 71
Trd, 4319253.243, 109
Trd, 4319253.493, 95
Trd, 4319254.293, 106
Trd, 4319254.843, 138
Trd, 4319257.193, 99
Trd, 4319257.343, 93
Trd, 4319257.693, 86
Trd, 4319258.393, 103
Trd, 4319259.393, 137
Trd, 4319260.243, 122
Trd, 4319260.343, 95
Trd, 4319261.243, 88
Trd, 4319261.793, 118
Trd, 4319261.843, 85
Trd, 4319262.593, 85
Trd, 4319263.943, 80
Trd, 4319265.093, 99
Trd, 4319265.993, 102
Trd, 4319266.343, 84
Trd, 4319267.243, 100
Trd, 4319267.343, 95
Trd, 4319267.543, 88
Trd, 4319268.243, 84
Trd, 4319269.693, 135
Trd, 4319270.293, 114
Trd, 4319272.493, 119
Trd, 4319273.243, 95
Trd, 4319273.493, 127
Trd, 4319273.543, 91
Trd, 4319274.093, 89
Trd, 4319274.143, 75
Trd, 4319275.143, 84
Trd, 4319276.493, 70
Trd, 4319277.293, 60
Trd, 4319277.943, 91
Trd, 4319278.343, 88
Trd, 4319279.893, 65
Trd, 4319280.393, 65
Trd, 4319280.443, 84
Trd, 4319281.743, 118
Trd, 4319282.343, 116
Trd, 4319282.693, 84
Trd, 4319283.343, 102
Trd, 4319283.693, 111
Trd, 4319284.393, 88
Trd, 4319285.643, 114
Trd, 4319285.793, 111
Trd, 4319287.143, 81
Trd, 4319287.243, 87
Trd, 4319287.643, 110
Trd, 4319287.793, 96
Trd, 4319288.443, 96
Trd, 4319288.793, 77
Trd, 4319289.693, 95
Trd, 4319290.893, 118
Trd, 4319291.143, 97
Trd, 4319291.343, 84
Trd, 4319291.743, 70
Trd, 4319292.343, 100
Trd, 4319293.043, 85
Trd, 4319293.593, 124
Trd, 4319294.093, 100
Trd, 4319294.593, 139
Trd, 4319295.043, 88
Trd, 4319295.793, 75
Trd, 4319297.493, 111
Trd, 4319298.293, 102
Trd, 4319298.393, 97
Trd, 4319299.493, 138
Trd, 4319300.643, 113
Trd, 4319300.843, 100
Trd, 4319301.293, 108
Trd, 4319301.943, 99
Trd, 4319302.143, 92
Trd, 4319302.793, 73
Trd, 4319302.893, 74
Trd, 4319303.693, 81
Trd, 4319304.243, 72
Trd, 4319304.843, 116
Trd, 4319306.293, 60
Trd, 4319306.793, 81
Trd, 4319307.143, 95
Trd, 4319308.643, 97
Trd, 4319308.793, 100
Trd, 4319308.843, 65
Trd, 4319310.293, 139
Trd, 4319310.843, 81
Trd, 4319311.593, 129
Trd, 4319312.593, 139
Trd, 4319312.643, 109
Trd, 4319312.893, 112
Trd, 4319314.493, 100
Trd, 4319315.343, 79
Trd, 4319315.843, 118
Trd, 4319316.593, 140
Trd, 4319317.743, 120
Trd, 4319317.893, 112
Trd, 4319318.143, 108
Trd, 4319319.243, 133
Trd, 4319319.543, 124
Trd, 4319320.243, 129
Trd, 4319320.643, 115
Trd, 4319321.793, 139
Trd, 4319322.143, 126
Trd, 4319322.443, 105
Trd, 4319323.043, 104
Trd, 4319324.243, 120
Trd, 4319324.693, 119
Trd, 4319324.743, 108
Trd, 4319325.193, 118
Trd, 4319325.343, 118
Trd, 4319326.093, 97
Trd, 4319326.543, 120
Trd, 4319327.493, 87
Trd, 4319328.593, 139
Trd, 4319329.493, 139
Trd, 4319329.643, 130
Trd, 4319329.943, 104
Trd, 4319330.293, 103
Trd, 4319331.093, 125
Trd, 4319331.643, 113
Trd, 4319331.893, 111
Trd, 4319332.243, 95
Trd, 4319333.793, 88
Trd, 4319333.843, 77
Trd, 4319334.193, 85
Trd, 4319334.493, 72
Trd, 4319337.193, 78
Trd, 4319337.743, 68
Trd, 4319338.143, 62
Trd, 4319338.343, 84
Trd, 4319338.643, 80
Trd, 4319341.793, 92
Trd, 4319342.143, 96
Trd, 4319342.943, 77
Trd, 4319342.993, 87
Trd, 4319343.493, 85
Trd, 4319343.543, 103
Trd, 4319343.693, 73
Trd, 4319344.193, 104
Trd, 4319344.643, 108
Trd, 4319345.043, 130
Trd, 4319345.543, 85
Trd, 4319345.943, 111
Trd, 4319346.343, 125
Trd, 4319347.943, 140
Trd, 4319348.343, 110
Trd, 4319349.193, 109
Trd, 4319349.343, 102
Trd, 4319349.643, 95
Trd, 4319351.343, 117
Trd, 4319351.743, 68
Trd, 4319353.543, 140
Trd, 4319354.293, 120
Trd, 4319355.793, 90
Trd, 4319356.043, 95
Trd, 4319356.143, 84
Trd, 4319357.393, 139
Trd, 4319357.843, 104
Trd, 4319358.293, 91
Trd, 4319359.493, 119
Trd, 4319360.043, 93
Trd, 4319360.593, 91
Trd, 4319360.793, 109
Trd, 4319361.693, 96
Trd, 4319362.093, 121
Trd, 4319362.793, 128
Trd, 4319363.643, 109
Trd, 4319364.243, 107
Trd, 4319365.193, 113
Trd, 4319365.543, 121
Trd, 4319366.243, 98
Trd, 4319366.743, 123
Trd, 4319366.893, 106
Trd, 4319367.593, 79
Trd, 4319369.393, 115
Trd, 4319369.943, 74
Trd, 4319370.693, 71
Trd, 4319371.493, 95
Trd, 4319371.793, 85
Trd, 4319372.743, 138
Trd, 4319373.093, 113
Trd, 4319374.143, 82
Trd, 4319374.943, 99
Trd, 4319375.343, 140
Trd, 4319376.443, 71
Trd, 4319376.643, 102
Trd, 4319376.843, 90
Trd, 4319377.293, 67
Trd, 4319378.243, 88
Trd, 4319378.743, 83
Trd, 4319378.993, 105
Trd, 4319380.143, 64
Trd, 4319382.943, 67
Trd, 4319383.693, 64
Trd, 4319383.793, 74
Trd, 4319384.493, 71
Trd, 4319384.593, 73
Trd, 4319386.293, 120
Trd, 4319386.443, 77
Trd, 4319386.593, 76
Trd, 4319386.793, 140
Trd, 4319387.093, 137
Trd, 4319387.593, 119
Trd, 4319389.093, 72
Trd, 4319390.793, 71
Trd, 4319391.243, 62
Trd, 4319391.293, 75
Trd, 4319393.143, 71
Trd, 4319394.593, 63
Trd, 4319394.893, 70
Trd, 4319395.193, 132
Trd, 4319395.843, 112
Trd, 4319396.643, 108
Trd, 4319396.743, 96
Trd, 4319397.843, 103
Trd, 4319399.093, 82
Trd, 4319399.143, 122
Trd, 4319399.843, 109
Trd, 4319400.493, 117
Trd, 4319402.293, 140
Trd, 4319402.593, 121
Trd, 4319403.243, 76
Trd, 4319404.243, 83
Trd, 4319406.193, 92
Trd, 4319406.243, 116
Trd, 4319406.743, 100
Trd, 4319406.843, 138
Trd, 4319406.993, 80
Trd, 4319407.643, 69
Trd, 4319408.443, 76
Trd, 4319409.893, 111
Trd, 4319410.643, 111
Trd, 4319411.543, 140
Trd, 4319411.643, 133
Trd, 4319411.943, 138
Trd, 4319412.793, 130
Trd, 4319414.993, 131
Trd, 4319415.143, 120
Trd, 4319415.943, 134
Trd, 4319416.643, 140
Trd, 4319417.393, 117
Trd, 4319417.493, 108
Trd, 4319418.443, 91
Trd, 4319419.493, 139
Trd, 4319419.543, 89
Trd, 4319420.893, 78
Trd, 4319421.693, 88
Trd, 4319421.993, 72
Trd, 4319423.293, 81
Trd, 4319423.543, 78
Trd, 4319424.743, 82
Trd, 4319425.143, 90
Trd, 4319425.593, 138
Trd, 4319426.893, 60
Trd, 4319427.743, 108
Trd, 4319428.093, 101
Trd, 4319428.193, 110
Trd, 4319428.743, 111
Trd, 4319429.593, 98
Trd, 4319430.093, 133
Trd, 4319431.143, 98
Trd, 4319431.993, 73
Trd, 4319433.243, 73
Trd, 4319433.693, 71
Trd, 4319435.343, 130
Trd, 4319435.543, 129
Trd, 4319436.893, 131
Trd, 4319437.693, 140
Trd, 4319438.343, 130
Trd, 4319438.443, 125
Trd, 4319438.543, 117
Trd, 4319438.893, 113
Trd, 4319439.993, 116
Trd, 4319441.593, 87
Trd, 4319442.493, 140
Trd, 4319442.943, 139
Trd, 4319444.043, 107
Trd, 4319444.943, 118
Trd, 4319445.593, 107
Trd, 4319445.943, 100
Trd, 4319446.543, 136
Trd, 4319447.243, 107
Trd, 4319447.443, 111
Trd, 4319447.743, 89
Trd, 4319448.193, 140
Trd, 4319449.943, 85
Trd, 4319450.443, 93
Trd, 4319450.743, 75
Trd, 4319450.893, 71
Trd, 4319451.443, 118
Trd, 4319451.893, 116
Trd, 4319452.393, 116
Trd, 4319453.343, 107
Trd, 4319454.393, 82
Trd, 4319454.693, 89
Trd, 4319455.393, 85
Trd, 4319456.143, 67
Trd, 4319458.293, 113
Trd, 4319458.443, 92
Trd, 4319458.793, 139
Trd, 4319459.093, 119
Trd, 4319460.093, 126
Trd, 4319460.293, 107
Trd, 4319460.343, 95
Trd, 4319461.043, 109
Trd, 4319461.443, 76
Trd, 4319462.143, 139
Trd, 4319462.293, 91
Trd, 4319463.443, 114
Trd, 4319464.143, 104
Trd, 4319465.543, 115
Trd, 4319466.593, 83
Trd, 4319467.793, 94
Trd, 4319467.943, 96
Trd, 4319468.043, 84
Trd, 4319468.543, 139
Trd, 4319469.493, 115
Trd, 4319469.993, 119
Trd, 4319470.093, 123
Trd, 4319470.293, 109
Trd, 4319470.993, 128
Trd, 4319471.193, 114
Trd, 4319472.893, 101
Trd, 4319472.943, 98
Trd, 4319473.693, 97
Trd, 4319473.743, 94
Trd, 4319474.643, 77
Trd, 4319475.443, 98
Trd, 4319476.143, 126
Trd, 4319476.193, 93
Trd, 4319477.343, 79
Trd, 4319478.193, 70
Trd, 4319478.343, 64
Trd, 4319479.193, 84
Trd, 4319479.593, 92
Trd, 4319481.243, 91
Trd, 4319482.143, 103
Trd, 4319482.343, 131
Trd, 4319482.543, 104
Trd, 4319483.143, 93
Trd, 4319483.393, 78
Trd, 4319484.843, 91
Trd, 4319485.793, 78
Trd, 4319486.343, 62
Trd, 4319486.943, 68
Trd, 4319487.043, 72
Trd, 4319488.743, 116
Trd, 4319490.393, 121
Trd, 4319490.643, 131
Trd, 4319491.543, 71
Trd, 4319492.743, 71
Trd, 4319493.743, 74
Trd, 4319494.093, 95
Trd, 4319494.693, 138
Trd, 4319495.493, 100
Trd, 4319496.543, 116
Trd, 4319497.393, 91
Trd, 4319498.793, 134
Trd, 4319499.543, 125
Trd, 4319499.893, 113
Trd, 4319500.193, 94
Trd, 4319501.343, 140
Trd, 4319502.743, 111
Trd, 4319503.293, 104
Trd, 4319503.443, 92
Trd, 4319504.093, 110
Trd, 4319504.393, 82
Trd, 4319504.743, 64
Trd, 4319506.943, 96
Trd, 4319507.193, 77
Trd, 4319508.493, 64
Trd, 4319509.543, 92
Trd, 4319509.743, 126
Trd, 4319510.943, 138
Trd, 4319512.193, 90
Trd, 4319512.793, 96
Trd, 4319512.843, 75
Trd, 4319513.693, 130
Trd, 4319513.843, 62
Trd, 4319514.393, 82
Trd, 4319515.293, 63
Trd, 4319515.993, 140
Trd, 4319517.793, 77
Trd, 4319517.843, 92
Trd, 4319520.193, 74
Trd, 4319520.493, 75
Trd, 4319520.943, 71
Trd, 4319521.693, 137
Trd, 4319521.943, 126
Trd, 4319522.243, 140
Trd, 4319523.343, 111
Trd, 4319523.493, 140
Trd, 4319524.093, 133
Trd, 4319524.243, 118
Trd, 4319526.493, 97
Trd, 4319528.093, 92
Trd, 4319528.243, 86
Trd, 4319529.393, 81
Trd, 4319529.443, 78
Trd, 4319530.293, 73
Trd, 4319530.343, 82
Trd, 4319530.593, 108
Trd, 4319532.093, 118
Trd, 4319532.943, 103
Trd, 4319533.643, 131
Trd, 4319535.443, 140
Trd, 4319535.493, 103
Trd, 4319535.993, 98
Trd, 4319536.343, 126
Trd, 4319536.443, 116
Trd, 4319537.543, 128
Trd, 4319538.643, 138
Trd, 4319538.993, 121
Trd, 4319539.743, 79
Trd, 4319539.893, 98
Trd, 4319540.343, 115
Trd, 4319541.043, 67
Trd, 4319542.143, 72
Trd, 4319542.243, 80
Trd, 4319542.693, 112
Trd, 4319544.193, 113
Trd, 4319545.193, 122
Trd, 4319545.543, 111
Trd, 4319545.743, 101
Trd, 4319546.793, 100
Trd, 4319547.893, 100
Trd, 4319549.493, 78
Trd, 4319550.943, 138
Trd, 4319551.043, 120
Trd, 4319551.143, 112
Trd, 4319551.243, 110
Trd, 4319551.393, 140
Trd, 4319552.243, 119
Trd, 4319552.343, 109
Trd, 4319552.593, 104
Trd, 4319553.843, 134
Trd, 4319554.293, 88
Trd, 4319554.643, 133
Trd, 4319554.743, 89
Trd, 4319555.743, 64
Trd, 4319557.093, 93
Trd, 4319557.293, 138
Trd, 4319558.143, 80
Trd, 4319558.443, 71
Trd, 4319558.893, 64
Trd, 4319558.993, 63
Trd, 4319559.843, 120
Trd, 4319560.843, 68
Trd, 4319561.893, 83
Trd, 4319561.943, 95
Trd, 4319563.793, 107
Trd, 4319564.193, 120
Trd, 4319565.493, 75
Trd, 4319566.343, 78
Trd, 4319566.643, 72
Trd, 4319566.793, 88
Trd, 4319567.243, 75
Trd, 4319568.793, 89
Trd, 4319570.343, 95
Trd, 4319570.493, 126
Trd, 4319570.993, 93
Trd, 4319571.593, 140
Trd, 4319571.693, 103
Trd, 4319572.393, 136
Trd, 4319574.293, 67
Trd, 4319574.593, 84
Trd, 4319575.193, 126
Trd, 4319575.943, 136
Trd, 4319575.993, 109
Trd, 4319576.043, 64
Trd, 4319577.543, 65
Trd, 4319577.893, 69
Trd, 4319578.043, 70
Trd, 4319578.293, 60
Trd, 4319579.243, 77
Trd, 4319580.843, 75
Trd, 4319581.493, 72
Trd, 4319582.393, 74
Trd, 4319582.493, 70
Trd, 4319583.043, 94
Trd, 4319583.093, 82
Trd, 4319583.743, 139
Trd, 4319584.943, 126
Trd, 4319586.493, 103
Trd, 4319586.793, 130
Trd, 4319587.493, 109
Trd, 4319588.543, 61
Trd, 4319590.743, 73
Trd, 4319590.843, 68
Trd, 4319591.493, 82
Trd, 4319592.043, 76
Trd, 4319592.843, 107
Trd, 4319593.243, 98
Trd, 4319593.793, 83
Trd, 4319593.893, 91
Trd, 4319594.243, 139
Trd, 4319595.393, 111
Trd, 4319596.193, 86
Trd, 4319597.893, 110
Trd, 4319597.943, 76
Trd, 4319598.943, 118
Trd, 4319599.793, 104
Trd, 4319599.993, 102
Trd, 4319600.743, 140
Trd, 4319601.593, 113
Trd, 4319601.643, 104
Trd, 4319602.693, 80
Trd, 4319602.893, 139
Trd, 4319604.493, 129
Trd, 4319606.243, 102
Trd, 4319606.443, 111
Trd, 4319607.443, 96
Trd, 4319607.643, 112
Trd, 4319608.843, 127
Trd, 4319609.043, 125
Trd, 4319609.243, 114
Trd, 4319609.893, 114
Trd, 4319610.793, 71
Trd, 4319611.093, 64
Trd, 4319611.143, 83
Trd, 4319611.993, 80
Trd, 4319612.593, 68
Trd, 4319613.043, 69
Trd, 4319613.993, 128
Trd, 4319614.793, 106
Trd, 4319614.843, 106
Trd, 4319615.693, 112
Trd, 4319616.343, 110
Trd, 4319616.993, 84
Trd, 4319618.093, 110
Trd, 4319618.893, 78
Trd, 4319619.793, 140
Trd, 4319619.843, 105
Trd, 4319620.843, 132
Trd, 4319621.093, 60
Trd, 4319621.393, 71
Trd, 4319622.343, 84
Trd, 4319623.343, 103
Trd, 4319624.043, 107
Trd, 4319625.193, 123
Trd, 4319625.893, 104
Trd, 4319626.043, 102
Trd, 4319626.393, 94
Trd, 4319626.993, 94
Trd, 4319627.593, 101
Trd, 4319628.743, 110
Trd, 4319629.593, 105
Trd, 4319630.293, 71
Trd, 4319630.443, 69
Trd, 4319631.893, 98
Trd, 4319632.543, 87
Trd, 4319633.143, 108
Trd, 4319633.193, 90
Trd, 4319633.943, 96
Trd, 4319634.043, 113
Trd, 4319634.793, 139
Trd, 4319635.043, 69
Trd, 4319635.393, 140
Trd, 4319636.443, 66
Trd, 4319636.843, 99
Trd, 4319638.493, 69
Trd, 4319638.843, 71
Trd, 4319639.643, 67
Trd, 4319639.893, 108
Trd, 4319640.293, 109
Trd, 4319640.693, 90
Trd, 4319641.093, 99
Trd, 4319642.093, 76
Trd, 4319642.343, 124
Trd, 4319644.143, 69
Trd, 4319644.393, 66
Trd, 4319644.443, 80
Trd, 4319644.943, 138
Trd, 4319646.143, 65
Trd, 4319647.543, 93
Trd, 4319648.343, 85
Trd, 4319649.143, 73
Trd, 4319650.243, 87
Trd, 4319650.343, 97
Trd, 4319651.093, 66
Trd, 4319651.293, 74
Trd, 4319651.893, 92
Trd, 4319653.493, 77
Trd, 4319653.543, 84
Trd, 4319654.043, 89
Trd, 4319655.243, 68
Trd, 4319656.343, 102
Trd, 4319656.593, 89
Trd, 4319657.543, 88
Trd, 4319657.893, 78
Trd, 4319658.243, 91
Trd, 4319658.493, 98
Trd, 4319660.043, 84
Trd, 4319660.143, 118
Trd, 4319661.393, 92
Trd, 4319662.343, 116
Trd, 4319662.543, 111
Trd, 4319663.393, 102
Trd, 4319664.693, 102
Trd, 4319665.743, 138
Trd, 4319665.843, 135
Trd, 4319665.893, 112
Trd, 4319666.143, 96
Trd, 4319667.543, 128
Trd, 4319667.693, 113
Trd, 4319667.843, 101
Trd, 4319668.743, 77
Trd, 4319669.393, 139
Trd, 4319669.843, 106
Trd, 4319670.843, 128
Trd, 4319672.193, 137
Trd, 4319673.343, 112
Trd, 4319673.493, 87
Trd, 4319673.793, 87
Trd, 4319674.043, 92
Trd, 4319674.843, 100
Trd, 4319675.393, 79
Trd, 4319675.843, 107
Trd, 4319675.993, 82
Trd, 4319678.243, 105
Trd, 4319678.893, 105
Trd, 4319679.143, 85
Trd, 4319679.193, 85
Trd, 4319680.543, 89
Trd, 4319681.143, 81
Trd, 4319682.093, 106
Trd, 4319682.343, 92
Trd, 4319683.243, 99
Trd, 4319684.443, 98
Trd, 4319684.643, 95
Trd, 4319685.093, 92
Trd, 4319685.593, 134
Trd, 4319686.393, 139
Trd, 4319686.443, 87
Trd, 4319686.793, 111
Trd, 4319688.593, 108
Trd, 4319689.693, 138
Trd, 4319689.793, 111
Trd, 4319690.143, 96
Trd, 4319690.793, 103
Trd, 4319692.643, 77
Trd, 4319693.143, 63
Trd, 4319693.543, 93
Trd, 4319693.843, 96
Trd, 4319694.843, 67
Trd, 4319695.793, 81
Trd, 4319696.243, 76
Trd, 4319697.293, 101
Trd, 4319697.343, 123
Trd, 4319697.893, 70
Trd, 4319698.643, 80
Trd, 4319699.193, 102
Trd, 4319699.843, 91
Trd, 4319700.143, 132
Trd, 4319702.293, 66
Trd, 4319702.443, 108
Trd, 4319703.443, 62
Trd, 4319703.993, 64
Trd, 4319705.993, 75
Trd, 4319706.193, 111
Trd, 4319706.743, 75
Trd, 4319707.693, 106
Trd, 4319708.243, 127
Trd, 4319708.693, 117
Trd, 4319708.843, 137
Trd, 4319709.043, 116
Trd, 4319709.993, 88
Trd, 4319710.993, 91
Trd, 4319711.493, 139
Trd, 4319711.643, 96
Trd, 4319711.793, 91
Trd, 4319713.143, 67
Trd, 4319713.343, 67
Trd, 4319713.693, 87
Trd, 4319714.393, 129
Trd, 4319714.993, 89
Trd, 4319716.343, 60
Trd, 4319717.543, 82
Trd, 4319718.093, 117
Trd, 4319719.343, 135
Trd, 4319719.443, 105
Trd, 4319719.793, 90
Trd, 4319721.593, 82
Trd, 4319721.843, 94
Trd, 4319723.043, 124
Trd, 4319723.093, 122
Trd, 4319723.343, 110
Trd, 4319724.243, 79
Trd, 4319725.593, 71
Trd, 4319725.693, 75
Trd, 4319726.693, 115
Trd, 4319727.493, 94
Trd, 4319727.793, 87
Trd, 4319728.443, 108
Trd, 4319728.743, 71
Trd, 4319729.543, 67
Trd, 4319731.893, 123
Trd, 4319732.393, 140
Trd, 4319732.443, 126
Trd, 4319732.793, 88
Trd, 4319733.043, 76
Trd, 4319736.293, 86
Trd, 4319736.893, 71
Trd, 4319737.843, 81
Trd, 4319737.943, 89
Trd, 4319738.143, 107
Trd, 4319738.293, 75
Trd, 4319739.093, 75
Trd, 4319740.843, 123
Trd, 4319741.493, 107
Trd, 4319741.893, 107
Trd, 4319743.093, 98
Trd, 4319744.193, 111
Trd, 4319744.693, 104
Trd, 4319744.893, 103
Trd, 4319745.943, 117
Trd, 4319746.143, 102
Trd, 4319746.443, 96
Trd, 4319747.593, 120
Trd, 4319748.043, 91
Trd, 4319748.443, 122
Trd, 4319749.193, 116
Trd, 4319749.243, 120
Trd, 4319749.843, 96
Trd, 4319750.343, 111
Trd, 4319751.343, 89
Trd, 4319752.493, 73
Trd, 4319753.793, 94
Trd, 4319754.393, 80
Trd, 4319754.793, 106
Trd, 4319755.843, 92
Trd, 4319756.093, 124
Trd, 4319756.493, 138
Trd, 4319757.093, 136
Trd, 4319758.543, 98
Trd, 4319758.693, 107
Trd, 4319760.193, 112
Trd, 4319761.643, 85
Trd, 4319762.093, 74
Trd, 4319762.543, 72
Trd, 4319762.793, 98
Trd, 4319763.643, 65
Trd, 4319763.943, 140
Trd, 4319764.843, 89
Trd, 4319765.493, 87
Trd, 4319765.943, 94
Trd, 4319766.493, 83
Trd, 4319767.143, 95
Trd, 4319767.893, 108
Trd, 4319768.293, 134
Trd, 4319769.043, 97
Trd, 4319769.843, 93
Trd, 4319770.393, 90
Trd, 4319770.493, 100
Trd, 4319772.243, 138
Trd, 4319772.643, 124
Trd, 4319773.143, 103
Trd, 4319774.393, 91
Trd, 4319774.443, 87
Trd, 4319774.743, 108
Trd, 4319774.843, 85
Trd, 4319774.893, 73
Trd, 4319776.593, 120
Trd, 4319776.893, 140
Trd, 4319777.743, 84
Trd, 4319778.643, 95
Trd, 4319779.543, 140
Trd, 4319779.643, 88
Trd, 4319780.343, 79
Trd, 4319781.393, 71
Trd, 4319781.643, 114
Trd, 4319784.043, 139
Trd, 4319784.093, 115
Trd, 4319784.143, 97
Trd, 4319785.293, 76
Trd, 4319785.993, 76
Trd, 4319786.593, 70
Trd, 4319786.693, 79
Trd, 4319787.493, 74
Trd, 4319787.843, 135
Trd, 4319788.793, 140
Trd, 4319789.543, 84
Trd, 4319791.743, 72
Trd, 4319791.993, 73
Trd, 4319792.493, 73
Trd, 4319792.943, 119
Trd, 4319794.093, 71
Trd, 4319794.193, 118
Trd, 4319794.893, 69
Trd, 4319796.993, 109
Trd, 4319797.293, 140
Trd, 4319797.393, 102
Trd, 4319798.193, 87
Trd, 4319800.243, 94
Trd, 4319801.243, 127
Trd, 4319801.643, 113
Trd, 4319801.743, 87
Trd, 4319801.793, 79
Trd, 4319802.093, 77
Trd, 4319802.243, 65
Trd, 4319803.193, 117
Trd, 4319804.343, 101
Trd, 4319805.193, 109
Trd, 4319805.293, 65
Trd, 4319806.893, 74
Trd, 4319807.293, 80
Trd, 4319808.293, 63
Trd, 4319808.393, 68
Trd, 4319808.593, 90
Trd, 4319809.993, 99
Trd, 4319810.643, 104
Trd, 4319810.793, 75
Trd, 4319811.143, 71
Trd, 4319812.493, 110
Trd, 4319813.643, 95
Trd, 4319814.543, 92
Trd, 4319814.793, 86
Trd, 4319814.843, 75
Trd, 4319815.493, 73
Trd, 4319815.893, 117
Trd, 4319817.043, 81
Trd, 4319817.443, 109
Trd, 4319818.693, 111
Trd, 4319819.093, 128
Trd, 4319819.493, 139
Trd, 4319819.593, 114
Trd, 4319819.793, 97
Trd, 4319820.793, 122
Trd, 4319822.343, 133
Trd, 4319823.943, 104
Trd, 4319824.393, 98
Trd, 4319824.693, 91
Trd, 4319825.193, 113
Trd, 4319826.343, 129
Trd, 4319826.543, 112
Trd, 4319826.943, 100
Trd, 4319827.993, 101
Trd, 4319829.843, 120
Trd, 4319830.293, 108
Trd, 4319831.093, 93
Trd, 4319831.593, 131
Trd, 4319832.043, 88
Trd, 4319832.193, 78
Trd, 4319833.043, 99
Trd, 4319833.243, 94
Trd, 4319833.793, 70
Trd, 4319834.693, 96
Trd, 4319835.543, 101
Trd, 4319836.793, 84
Trd, 4319836.993, 102
Trd, 4319837.843, 92
Trd, 4319838.143, 72
Trd, 4319838.543, 132
Trd, 4319839.243, 108
Trd, 4319840.593, 82
Trd, 4319841.193, 99
Trd, 4319841.493, 88
Trd, 4319841.893, 127
Trd, 4319843.593, 81
Trd, 4319843.743, 79
Trd, 4319844.343, 77
Trd, 4319844.643, 98
Trd, 4319845.243, 73
Trd, 4319845.843, 110
Trd, 4319846.893, 85
Trd, 4319847.793, 72
Trd, 4319848.093, 73
Trd, 4319848.493, 119
Trd, 4319849.043, 75
Trd, 4319850.093, 72
Trd, 4319851.343, 98
Trd, 4319851.743, 92
Trd, 4319852.543, 115
Trd, 4319852.643, 73
Trd, 4319853.343, 74
Trd, 4319855.293, 62
Trd, 4319855.493, 74
Trd, 4319856.693, 100
Trd, 4319857.443, 88
Trd, 4319858.443, 81
Trd, 4319858.793, 90
Trd, 4319858.993, 91
Trd, 4319860.393, 131
Trd, 4319860.693, 128
Trd, 4319860.943, 89
Trd, 4319861.443, 74
Trd, 4319861.693, 108
Trd, 4319862.643, 123
Trd, 4319863.643, 109
Trd, 4319864.743, 100
Trd, 4319865.393, 83
Trd, 4319866.243, 83
Trd, 4319866.293, 87
Trd, 4319866.893, 99
Trd, 4319866.943, 99
Trd, 4319867.443, 138
Trd, 4319868.343, 79
Trd, 4319869.243, 75
Trd, 4319870.643, 79
Trd, 4319870.843, 84
Trd, 4319871.143, 77
Trd, 4319871.643, 124
Trd, 4319872.793, 95
Trd, 4319873.143, 135
Trd, 4319873.543, 91
Trd, 4319874.293, 83
Trd, 4319874.543, 70
Trd, 4319875.843, 103
Trd, 4319876.393, 111
Trd, 4319876.443, 84
Trd, 4319878.443, 117
Trd, 4319878.543, 97
Trd, 4319879.793, 88
Trd, 4319880.793, 97
Trd, 4319880.943, 86
Trd, 4319881.743, 131
Trd, 4319881.943, 131
Trd, 4319882.443, 75
Trd, 4319883.543, 60
Trd, 4319884.693, 94
Trd, 4319885.243, 136
Trd, 4319886.543, 111
Trd, 4319886.593, 95
Trd, 4319887.193, 90
Trd, 4319887.843, 86
Trd, 4319890.193, 94
Trd, 4319891.143, 97
Trd, 4319891.343, 82
Trd, 4319891.993, 118
Trd, 4319892.593, 102
Trd, 4319893.193, 85
Trd, 4319893.293, 140
Trd, 4319894.193, 137
Trd, 4319894.443, 127
Trd, 4319894.993, 69
Trd, 4319895.843, 126
Trd, 4319896.693, 74
Trd, 4319896.943, 62
Trd, 4319898.243, 105
Trd, 4319898.793, 140
Trd, 4319898.893, 96
Trd, 4319899.493, 131
Trd, 4319899.693, 69
Trd, 4319900.643, 140
Trd, 4319900.993, 133
Trd, 4319901.343, 113
Trd, 4319901.843, 106
Trd, 4319902.143, 94
Trd, 4319902.743, 98
Trd, 4319903.143, 78
Trd, 4319904.543, 135
Trd, 4319905.043, 119
Trd, 4319905.943, 90
Trd, 4319906.543, 61
Trd, 4319906.793, 89
Trd, 4319908.243, 90
Trd, 4319909.443, 88
Trd, 4319910.743, 82
Trd, 4319911.093, 78
Trd, 4319911.543, 70
Trd, 4319911.943, 92
Trd, 4319912.043, 110
Trd, 4319912.643, 79
Trd, 4319913.293, 87
Trd, 4319914.593, 96
Trd, 4319914.993, 98
Trd, 4319915.143, 89
Trd, 4319915.793, 83
Trd, 4319915.893, 99
Trd, 4319917.243, 122
Trd, 4319917.343, 114
Trd, 4319917.543, 111
Trd, 4319917.843, 94
Trd, 4319919.043, 93
Trd, 4319920.543, 91
Trd, 4319921.843, 98
Trd, 4319922.193, 91
Trd, 4319922.293, 83
Trd, 4319922.643, 74
Trd, 4319923.693, 100
Trd, 4319924.043, 81
Trd, 4319924.443, 75
Trd, 4319924.593, 73
Trd, 4319924.893, 72
Trd, 4319925.493, 61
Trd, 4319925.693, 123
Trd, 4319926.593, 76
Trd, 4319930.793, 63
Trd, 4319930.943, 68
Trd, 4319931.093, 106
Trd, 4319931.243, 85
Trd, 4319931.793, 138
Trd, 4319932.493, 81
Trd, 4319933.643, 90
Trd, 4319933.793, 98
Trd, 4319934.643, 119
Trd, 4319935.043, 133
Trd, 4319935.493, 111
Trd, 4319936.143, 140
Trd, 4319936.693, 118
Trd, 4319937.343, 118
Trd, 4319937.643, 106
Trd, 4319938.293, 133
Trd, 4319938.893, 132
Trd, 4319938.943, 113
Trd, 4319939.393, 131
Trd, 4319939.643, 116
Trd, 4319940.993, 91
Trd, 4319941.643, 128
Trd, 4319942.193, 127
Trd, 4319942.593, 71
Trd, 4319943.743, 93
Trd, 4319944.243, 105
Trd, 4319944.843, 122
Trd, 4319945.843, 70
Trd, 4319946.843, 69
Trd, 4319948.093, 63
Trd, 4319948.743, 61
Trd, 4319949.543, 60
Trd, 4319950.143, 101
Trd, 4319950.493, 72
Trd, 4319951.393, 127
Trd, 4319952.593, 123
Trd, 4319953.343, 109
Trd, 4319954.143, 91
Trd, 4319955.043, 93
Trd, 4319955.143, 84
Trd, 4319955.193, 96
Trd, 4319955.993, 78
Trd, 4319956.543, 76
Trd, 4319956.693, 80
Trd, 4319956.943, 140
Trd, 4319958.293, 82
Trd, 4319958.393, 76
Trd, 4319959.643, 66
Trd, 4319960.693, 68
Trd, 4319962.493, 69
Trd, 4319962.943, 83
Trd, 4319963.443, 115
Trd, 4319964.393, 92
Trd, 4319964.643, 76
Trd, 4319964.743, 77
Trd, 4319965.793, 140
Trd, 4319966.343, 83
Trd, 4319966.843, 62
Trd, 4319967.693, 71
Trd, 4319967.993, 69
Trd, 4319968.643, 83
Trd, 4319968.943, 83
Trd, 4319971.493, 108
Trd, 4319972.143, 116
Trd, 4319972.993, 110
Trd, 4319973.143, 140
Trd, 4319974.293, 103
Trd, 4319975.493, 114
Trd, 4319975.993, 131
Trd, 4319976.343, 109
Trd, 4319977.543, 97
Trd, 4319978.743, 95
Trd, 4319979.343, 95
Trd, 4319980.243, 71
Trd, 4319981.093, 67
Trd, 4319981.993, 63
Trd, 4319982.693, 60
Trd, 4319983.843, 128
Trd, 4319983.943, 104
Trd, 4319984.693, 68
Trd, 4319985.093, 65
Trd, 4319986.493, 93
Trd, 4319986.643, 81
Trd, 4319987.443, 76
Trd, 4319987.943, 102
Trd, 4319989.143, 112
Trd, 4319990.093, 69
Trd, 4319990.543, 79
Trd, 4319990.593, 132
Trd, 4319990.943, 72
Trd, 4319992.993, 83
Trd, 4319993.543, 86
Trd, 4319993.693, 68
Trd, 4319994.093, 62
Trd, 4319995.243, 79
Trd, 4319995.593, 106
Trd, 4319996.093, 83
Trd, 4319997.343, 93
Trd, 4319997.693, 124
Trd, 4319998.143, 84
Trd, 4319998.543, 68
Trd, 4319999.143, 98
Trd, 4319999.543, 96
