Trd, 4318164.943, 140
Trd, 4318165.893, 140
Trd, 4318166.143, 139
Trd, 4318166.793, 140
Trd, 4318167.643, 140
Trd, 4318168.693, 140
Trd, 4318168.993, 140
Trd, 4318169.493, 140
Trd, 4318171.043, 140
Trd, 4318171.693, 140
Trd, 4318172.143, 140
Trd, 4318172.543, 140
Trd, 4318173.243, 140
Trd, 4318173.843, 140
Trd, 4318174.243, 139
Trd, 4318174.443, 139
Trd, 4318175.493, 140
Trd, 4318175.993, 138
Trd, 4318176.193, 107
Trd, 4318176.493, 60
Trd, 4318176.693, 69
Trd, 4318177.743, 140
Trd, 4318178.593, 140
Trd, 4318179.443, 140
Trd, 4318180.393, 140
Trd, 4318181.693, 140
Trd, 4318181.793, 140
Trd, 4318181.893, 139
Trd, 4318183.693, 140
Trd, 4318185.043, 140
Trd, 4318185.143, 140
Trd, 4318185.243, 140
Trd, 4318186.043, 140
Trd, 4318186.143, 140
Trd, 4318186.493, 140
Trd, 4318188.043, 140
Trd, 4318188.243, 140
Trd, 4318188.493, 140
Trd, 4318188.693, 137
Trd, 4318189.943, 140
Trd, 4318190.943, 140
Trd, 4318192.593, 140
Trd, 4318192.743, 140
Trd, 4318192.793, 140
Trd, 4318194.243, 140
Trd, 4318194.693, 140
Trd, 4318195.843, 140
Trd, 4318195.993, 140
Trd, 4318196.443, 140
Trd, 4318197.193, 140
Trd, 4318197.643, 140
Trd, 4318198.193, 139
Trd, 4318198.243, 133
Trd, 4318198.743, 140
Trd, 4318199.443, 140
Trd, 4318201.393, 140
Trd, 4318202.093, 140
Trd, 4318203.193, 139
Trd, 4318203.543, 140
Trd, 4318204.043, 139
Trd, 4318204.643, 140
Trd, 4318205.343, 140
Trd, 4318206.143, 140
Trd, 4318206.493, 140
Trd, 4318206.543, 139
Trd, 4318207.843, 140
Trd, 4318209.093, 140
Trd, 4318209.143, 140
Trd, 4318210.093, 140
Trd, 4318210.143, 139
Trd, 4318210.543, 140
Trd, 4318211.243, 140
Trd, 4318212.043, 140
Trd, 4318212.443, 140
Trd, 4318212.743, 139
Trd, 4318213.893, 140
Trd, 4318214.943, 139
Trd, 4318215.893, 140
Trd, 4318217.343, 139
Trd, 4318217.693, 138
Trd, 4318218.393, 140
Trd, 4318218.593, 140
Trd, 4318218.693, 138
Trd, 4318218.943, 137
Trd, 4318220.243, 139
Trd, 4318220.393, 140
Trd, 4318221.443, 140
Trd, 4318222.043, 140
Trd, 4318223.593, 140
Trd, 4318223.643, 140
Trd, 4318224.393, 140
Trd, 4318225.343, 140
Trd, 4318225.793, 140
Trd, 4318227.043, 140
Trd, 4318227.643, 137
Trd, 4318228.743, 139
Trd, 4318230.843, 140
Trd, 4318231.893, 140
Trd, 4318232.243, 140
Trd, 4318232.643, 140
Trd, 4318233.243, 140
Trd, 4318233.843, 140
Trd, 4318233.943, 140
Trd, 4318234.393, 107
Trd, 4318235.293, 138
Trd, 4318235.593, 64
Trd, 4318236.393, 134
Trd, 4318236.643, 140
Trd, 4318237.893, 138
Trd, 4318238.443, 113
Trd, 4318238.593, 85
Trd, 4318239.643, 140
Trd, 4318240.093, 140
Trd, 4318240.393, 140
Trd, 4318241.093, 140
Trd, 4318241.743, 140
Trd, 4318242.793, 140
Trd, 4318243.443, 140
Trd, 4318243.693, 139
Trd, 4318244.593, 140
Trd, 4318246.043, 140
Trd, 4318246.443, 140
Trd, 4318247.743, 140
Trd, 4318248.493, 140
Trd, 4318249.493, 140
Trd, 4318249.743, 140
Trd, 4318250.243, 140
Trd, 4318250.893, 140
Trd, 4318251.393, 139
Trd, 4318251.493, 136
Trd, 4318251.643, 132
Trd, 4318252.143, 137
Trd, 4318253.893, 140
Trd, 4318253.943, 98
Trd, 4318254.443, 97
Trd, 4318255.143, 65
Trd, 4318255.793, 140
Trd, 4318257.743, 140
Trd, 4318257.993, 140
Trd, 4318258.193, 140
Trd, 4318258.243, 139
Trd, 4318259.593, 140
Trd, 4318260.393, 140
Trd, 4318260.693, 140
Trd, 4318260.893, 140
Trd, 4318262.393, 140
Trd, 4318262.743, 140
Trd, 4318263.393, 140
Trd, 4318263.443, 140
Trd, 4318264.043, 140
Trd, 4318265.393, 140
Trd, 4318265.543, 140
Trd, 4318267.493, 140
Trd, 4318267.893, 140
Trd, 4318268.043, 140
Trd, 4318269.143, 140
Trd, 4318270.143, 140
Trd, 4318270.893, 140
Trd, 4318271.143, 140
Trd, 4318271.543, 139
Trd, 4318271.943, 140
Trd, 4318272.793, 140
Trd, 4318272.843, 139
Trd, 4318273.643, 140
Trd, 4318275.543, 140
Trd, 4318276.243, 140
Trd, 4318277.643, 139
Trd, 4318278.243, 140
Trd, 4318278.343, 140
Trd, 4318278.993, 140
Trd, 4318279.393, 140
Trd, 4318279.443, 140
Trd, 4318280.493, 140
Trd, 4318281.293, 140
Trd, 4318283.143, 140
Trd, 4318283.893, 140
Trd, 4318284.493, 140
Trd, 4318285.093, 140
Trd, 4318285.543, 140
Trd, 4318285.593, 138
Trd, 4318286.393, 140
Trd, 4318287.193, 140
Trd, 4318287.493, 140
Trd, 4318287.693, 111
Trd, 4318288.393, 139
Trd, 4318288.993, 140
Trd, 4318290.893, 140
Trd, 4318291.293, 140
Trd, 4318291.493, 139
Trd, 4318291.843, 61
Trd, 4318292.293, 64
Trd, 4318293.043, 64
Trd, 4318293.493, 64
Trd, 4318295.143, 60
Trd, 4318295.643, 60
Trd, 4318296.243, 61
Trd, 4318297.543, 60
Trd, 4318297.793, 62
Trd, 4318298.293, 64
Trd, 4318298.543, 70
Trd, 4318298.693, 102
Trd, 4318300.443, 61
Trd, 4318301.543, 60
Trd, 4318301.893, 61
Trd, 4318302.393, 60
Trd, 4318303.293, 62
Trd, 4318303.943, 61
Trd, 4318304.643, 61
Trd, 4318304.993, 62
Trd, 4318305.143, 62
Trd, 4318305.393, 61
Trd, 4318307.343, 62
Trd, 4318307.543, 63
Trd, 4318308.393, 61
Trd, 4318308.443, 62
Trd, 4318309.243, 60
Trd, 4318309.543, 60
Trd, 4318309.993, 61
Trd, 4318310.643, 60
Trd, 4318311.543, 131
Trd, 4318312.193, 60
Trd, 4318314.093, 62
Trd, 4318315.293, 62
Trd, 4318316.293, 60
Trd, 4318316.593, 61
Trd, 4318317.043, 60
Trd, 4318317.343, 61
Trd, 4318318.493, 61
Trd, 4318318.893, 62
Trd, 4318319.093, 63
Trd, 4318320.593, 62
Trd, 4318321.343, 63
Trd, 4318322.043, 61
Trd, 4318322.143, 64
Trd, 4318322.743, 63
Trd, 4318323.143, 72
Trd, 4318324.643, 66
Trd, 4318324.943, 60
Trd, 4318326.893, 60
Trd, 4318327.093, 60
Trd, 4318328.043, 61
Trd, 4318328.093, 63
Trd, 4318328.793, 60
Trd, 4318328.843, 60
Trd, 4318329.543, 60
Trd, 4318331.493, 61
Trd, 4318332.393, 63
Trd, 4318332.993, 61
Trd, 4318333.693, 61
Trd, 4318334.593, 60
Trd, 4318335.143, 60
Trd, 4318337.043, 60
Trd, 4318337.193, 60
Trd, 4318337.793, 61
Trd, 4318337.843, 63
Trd, 4318338.243, 61
Trd, 4318338.493, 60
Trd, 4318338.843, 134
Trd, 4318339.893, 61
Trd, 4318340.043, 63
Trd, 4318341.493, 60
Trd, 4318342.143, 60
Trd, 4318342.243, 60
Trd, 4318343.443, 60
Trd, 4318343.493, 62
Trd, 4318344.993, 101
Trd, 4318345.293, 140
Trd, 4318346.143, 62
Trd, 4318346.743, 62
Trd, 4318347.193, 63
Trd, 4318347.443, 65
Trd, 4318348.743, 63
Trd, 4318348.943, 71
Trd, 4318349.343, 70
Trd, 4318349.993, 66
Trd, 4318351.043, 60
Trd, 4318352.093, 61
Trd, 4318352.543, 62
Trd, 4318353.693, 64
Trd, 4318355.143, 60
Trd, 4318355.843, 60
Trd, 4318356.243, 63
Trd, 4318356.643, 60
Trd, 4318356.743, 61
Trd, 4318357.993, 64
Trd, 4318358.393, 60
Trd, 4318358.593, 64
Trd, 4318358.743, 69
Trd, 4318359.693, 71
Trd, 4318359.943, 78
Trd, 4318360.393, 79
Trd, 4318360.793, 140
Trd, 4318362.493, 140
Trd, 4318362.693, 139
Trd, 4318363.193, 140
Trd, 4318364.493, 140
Trd, 4318364.593, 140
Trd, 4318365.093, 140
Trd, 4318366.193, 140
Trd, 4318366.243, 140
Trd, 4318366.693, 140
Trd, 4318367.093, 140
Trd, 4318367.293, 140
Trd, 4318368.343, 140
Trd, 4318369.243, 140
Trd, 4318369.693, 138
Trd, 4318370.243, 139
Trd, 4318370.543, 140
Trd, 4318370.693, 140
Trd, 4318371.293, 140
Trd, 4318372.493, 140
Trd, 4318373.543, 140
Trd, 4318374.093, 140
Trd, 4318374.343, 140
Trd, 4318374.593, 139
Trd, 4318375.143, 140
Trd, 4318375.693, 140
Trd, 4318377.693, 140
Trd, 4318378.243, 140
Trd, 4318378.443, 140
Trd, 4318379.043, 140
Trd, 4318379.143, 140
Trd, 4318379.493, 140
Trd, 4318379.993, 140
Trd, 4318380.543, 104
Trd, 4318381.793, 140
Trd, 4318381.843, 138
Trd, 4318382.693, 63
Trd, 4318383.393, 63
Trd, 4318384.693, 65
Trd, 4318385.743, 140
Trd, 4318386.043, 140
Trd, 4318386.793, 140
Trd, 4318388.443, 140
Trd, 4318388.993, 140
Trd, 4318389.343, 140
Trd, 4318390.093, 140
Trd, 4318390.343, 140
Trd, 4318390.893, 140
Trd, 4318390.993, 140
Trd, 4318393.043, 139
Trd, 4318394.843, 140
Trd, 4318394.893, 140
Trd, 4318396.043, 140
Trd, 4318396.343, 140
Trd, 4318396.443, 140
Trd, 4318396.543, 140
Trd, 4318397.443, 139
Trd, 4318397.493, 138
Trd, 4318397.843, 99
Trd, 4318398.893, 69
Trd, 4318398.993, 70
Trd, 4318399.893, 140
Trd, 4318400.643, 140
Trd, 4318402.043, 140
Trd, 4318402.193, 140
Trd, 4318402.243, 140
Trd, 4318402.993, 140
Trd, 4318403.243, 140
Trd, 4318403.693, 139
Trd, 4318404.793, 140
Trd, 4318404.943, 140
Trd, 4318406.543, 140
Trd, 4318407.393, 140
Trd, 4318407.743, 140
Trd, 4318408.593, 140
Trd, 4318408.793, 139
Trd, 4318409.493, 140
Trd, 4318410.343, 140
Trd, 4318410.493, 140
Trd, 4318411.393, 140
Trd, 4318411.543, 139
Trd, 4318412.093, 140
Trd, 4318413.543, 140
Trd, 4318413.643, 60
Trd, 4318414.893, 140
Trd, 4318416.243, 140
Trd, 4318416.393, 140
Trd, 4318417.093, 140
Trd, 4318417.293, 139
Trd, 4318417.943, 139
Trd, 4318418.093, 139
Trd, 4318419.993, 140
Trd, 4318420.793, 140
Trd, 4318421.343, 140
Trd, 4318422.293, 140
Trd, 4318422.793, 140
Trd, 4318423.093, 140
Trd, 4318423.943, 140
Trd, 4318425.393, 140
Trd, 4318425.593, 140
Trd, 4318425.743, 140
Trd, 4318426.243, 76
Trd, 4318426.793, 139
Trd, 4318427.343, 140
Trd, 4318427.693, 136
Trd, 4318428.293, 140
Trd, 4318428.743, 140
Trd, 4318430.593, 140
Trd, 4318431.493, 140
Trd, 4318432.143, 139
Trd, 4318432.843, 140
Trd, 4318432.893, 140
Trd, 4318435.643, 140
Trd, 4318435.743, 140
Trd, 4318436.243, 140
Trd, 4318436.543, 140
Trd, 4318437.393, 140
Trd, 4318437.693, 140
Trd, 4318438.193, 140
Trd, 4318439.093, 140
Trd, 4318439.743, 140
Trd, 4318439.843, 140
Trd, 4318440.093, 140
Trd, 4318440.343, 136
Trd, 4318441.293, 66
Trd, 4318441.793, 139
Trd, 4318442.893, 61
Trd, 4318444.093, 140
Trd, 4318445.443, 140
Trd, 4318445.593, 140
Trd, 4318445.643, 139
Trd, 4318446.143, 140
Trd, 4318446.393, 139
Trd, 4318447.493, 140
Trd, 4318447.743, 140
Trd, 4318448.393, 140
Trd, 4318448.943, 139
Trd, 4318449.693, 140
Trd, 4318450.143, 140
Trd, 4318450.943, 140
Trd, 4318452.743, 140
Trd, 4318452.793, 140
Trd, 4318454.143, 140
Trd, 4318454.443, 139
Trd, 4318454.893, 140
Trd, 4318455.993, 140
Trd, 4318456.043, 135
Trd, 4318456.343, 70
Trd, 4318457.193, 140
Trd, 4318457.243, 139
Trd, 4318459.293, 140
Trd, 4318459.343, 139
Trd, 4318459.693, 140
Trd, 4318460.693, 140
Trd, 4318461.043, 140
Trd, 4318462.143, 140
Trd, 4318462.493, 140
Trd, 4318463.593, 140
Trd, 4318463.893, 140
Trd, 4318465.343, 140
Trd, 4318465.943, 139
Trd, 4318465.993, 139
Trd, 4318466.843, 140
Trd, 4318466.893, 139
Trd, 4318467.193, 139
Trd, 4318467.343, 138
Trd, 4318468.643, 140
Trd, 4318469.293, 140
Trd, 4318471.093, 140
Trd, 4318471.543, 140
Trd, 4318471.893, 140
Trd, 4318472.693, 140
Trd, 4318474.093, 140
Trd, 4318474.543, 140
Trd, 4318474.893, 140
Trd, 4318475.043, 140
Trd, 4318475.543, 140
Trd, 4318476.393, 140
Trd, 4318476.443, 140
Trd, 4318478.743, 140
Trd, 4318478.943, 140
Trd, 4318479.943, 140
Trd, 4318480.243, 140
Trd, 4318480.543, 140
Trd, 4318480.743, 140
Trd, 4318481.943, 140
Trd, 4318481.993, 140
Trd, 4318483.443, 140
Trd, 4318484.093, 138
Trd, 4318484.243, 138
Trd, 4318484.643, 140
Trd, 4318484.743, 137
Trd, 4318485.293, 78
Trd, 4318486.143, 139
Trd, 4318487.443, 140
Trd, 4318488.043, 140
Trd, 4318489.293, 140
Trd, 4318489.993, 140
Trd, 4318490.043, 140
Trd, 4318490.193, 140
Trd, 4318491.243, 140
Trd, 4318492.243, 140
Trd, 4318492.493, 140
Trd, 4318494.093, 140
Trd, 4318494.143, 140
Trd, 4318495.793, 140
Trd, 4318496.043, 140
Trd, 4318496.343, 140
Trd, 4318496.393, 139
Trd, 4318497.893, 140
Trd, 4318499.593, 140
Trd, 4318499.643, 140
Trd, 4318500.343, 140
Trd, 4318500.493, 140
Trd, 4318500.693, 140
Trd, 4318501.943, 139
Trd, 4318502.693, 140
Trd, 4318503.093, 140
Trd, 4318503.393, 140
Trd, 4318504.593, 140
Trd, 4318504.743, 140
Trd, 4318506.493, 140
Trd, 4318506.793, 140
Trd, 4318507.093, 136
Trd, 4318509.543, 140
Trd, 4318509.993, 140
Trd, 4318510.043, 140
Trd, 4318510.393, 140
Trd, 4318510.643, 140
Trd, 4318511.043, 140
Trd, 4318511.693, 140
Trd, 4318512.593, 140
Trd, 4318512.693, 139
Trd, 4318513.943, 140
Trd, 4318514.343, 140
Trd, 4318514.793, 60
Trd, 4318514.943, 62
Trd, 4318515.393, 60
Trd, 4318515.543, 101
Trd, 4318516.493, 140
Trd, 4318516.893, 140
Trd, 4318517.243, 65
Trd, 4318518.393, 66
Trd, 4318520.293, 140
Trd, 4318521.343, 140
Trd, 4318521.743, 140
Trd, 4318521.893, 140
Trd, 4318522.093, 140
Trd, 4318522.143, 140
Trd, 4318522.243, 139
Trd, 4318524.293, 139
Trd, 4318526.043, 140
Trd, 4318527.293, 140
Trd, 4318527.693, 139
Trd, 4318528.393, 140
Trd, 4318528.493, 140
Trd, 4318529.243, 140
Trd, 4318529.643, 140
Trd, 4318529.793, 140
Trd, 4318530.243, 140
Trd, 4318531.293, 140
Trd, 4318532.093, 140
Trd, 4318532.343, 140
Trd, 4318534.243, 140
Trd, 4318535.043, 140
Trd, 4318535.643, 140
Trd, 4318535.843, 139
Trd, 4318536.193, 140
Trd, 4318536.593, 140
Trd, 4318537.243, 136
Trd, 4318537.343, 133
Trd, 4318537.743, 140
Trd, 4318540.293, 140
Trd, 4318540.793, 140
Trd, 4318541.093, 140
Trd, 4318541.543, 140
Trd, 4318542.293, 140
Trd, 4318543.893, 139
Trd, 4318544.093, 139
Trd, 4318544.643, 140
Trd, 4318544.993, 139
Trd, 4318545.643, 140
Trd, 4318545.793, 140
Trd, 4318546.893, 140
Trd, 4318547.243, 140
Trd, 4318548.143, 140
Trd, 4318548.393, 140
Trd, 4318548.993, 139
Trd, 4318550.343, 140
Trd, 4318550.443, 140
Trd, 4318550.493, 140
Trd, 4318552.293, 140
Trd, 4318553.093, 138
Trd, 4318553.743, 140
Trd, 4318554.243, 140
Trd, 4318554.493, 140
Trd, 4318555.593, 140
Trd, 4318555.793, 139
Trd, 4318556.043, 140
Trd, 4318556.643, 140
Trd, 4318557.793, 140
Trd, 4318559.643, 140
Trd, 4318559.943, 140
Trd, 4318560.593, 140
Trd, 4318560.693, 140
Trd, 4318560.743, 136
Trd, 4318562.193, 140
Trd, 4318562.943, 140
Trd, 4318563.493, 140
Trd, 4318564.493, 140
Trd, 4318565.243, 140
Trd, 4318565.393, 140
Trd, 4318566.493, 140
Trd, 4318566.893, 139
Trd, 4318567.143, 139
Trd, 4318568.393, 140
Trd, 4318568.643, 140
Trd, 4318568.693, 139
Trd, 4318568.793, 139
Trd, 4318569.293, 109
Trd, 4318571.093, 140
Trd, 4318571.143, 140
Trd, 4318571.993, 140
Trd, 4318572.493, 140
Trd, 4318573.043, 140
Trd, 4318574.193, 140
Trd, 4318574.343, 140
Trd, 4318575.843, 140
Trd, 4318575.993, 140
Trd, 4318576.743, 140
Trd, 4318577.093, 140
Trd, 4318577.593, 140
Trd, 4318578.543, 139
Trd, 4318578.693, 137
Trd, 4318580.543, 140
Trd, 4318580.643, 140
Trd, 4318581.393, 140
Trd, 4318581.743, 140
Trd, 4318582.543, 140
Trd, 4318584.043, 140
Trd, 4318584.093, 140
Trd, 4318584.593, 140
Trd, 4318585.393, 140
Trd, 4318585.493, 139
Trd, 4318585.543, 138
Trd, 4318586.543, 81
Trd, 4318587.693, 140
Trd, 4318588.893, 140
Trd, 4318589.443, 140
Trd, 4318590.243, 140
Trd, 4318590.493, 139
Trd, 4318591.093, 140
Trd, 4318591.493, 140
Trd, 4318592.543, 140
Trd, 4318592.893, 140
Trd, 4318593.543, 140
Trd, 4318594.693, 140
Trd, 4318594.943, 140
Trd, 4318595.643, 140
Trd, 4318596.943, 139
Trd, 4318597.043, 139
Trd, 4318597.093, 137
Trd, 4318598.043, 140
Trd, 4318598.793, 140
Trd, 4318600.693, 140
Trd, 4318601.043, 140
Trd, 4318602.093, 140
Trd, 4318602.893, 140
Trd, 4318604.143, 140
Trd, 4318604.443, 140
Trd, 4318604.593, 140
Trd, 4318605.143, 140
Trd, 4318605.343, 140
Trd, 4318606.043, 140
Trd, 4318606.243, 140
Trd, 4318608.043, 140
Trd, 4318608.743, 140
Trd, 4318608.893, 140
Trd, 4318609.443, 140
Trd, 4318609.743, 140
Trd, 4318610.643, 139
Trd, 4318611.393, 139
Trd, 4318611.493, 137
Trd, 4318612.943, 60
Trd, 4318613.143, 61
Trd, 4318613.443, 66
Trd, 4318615.193, 140
Trd, 4318615.493, 140
Trd, 4318615.543, 139
Trd, 4318615.893, 137
Trd, 4318616.993, 140
Trd, 4318617.343, 140
Trd, 4318618.043, 140
Trd, 4318619.643, 140
Trd, 4318619.943, 140
Trd, 4318620.393, 140
Trd, 4318620.693, 140
Trd, 4318622.443, 140
Trd, 4318622.543, 140
Trd, 4318623.193, 140
Trd, 4318624.343, 140
Trd, 4318624.593, 139
Trd, 4318624.993, 140
Trd, 4318625.743, 139
Trd, 4318626.943, 139
Trd, 4318628.443, 140
Trd, 4318628.543, 139
Trd, 4318628.743, 137
Trd, 4318628.943, 136
Trd, 4318629.043, 131
Trd, 4318630.093, 86
Trd, 4318630.993, 95
Trd, 4318631.543, 63
Trd, 4318632.443, 140
Trd, 4318632.693, 139
Trd, 4318634.043, 140
Trd, 4318634.193, 139
Trd, 4318635.143, 140
Trd, 4318635.493, 140
Trd, 4318636.643, 140
Trd, 4318636.793, 140
Trd, 4318637.943, 140
Trd, 4318639.193, 140
Trd, 4318639.643, 140
Trd, 4318640.143, 140
Trd, 4318641.093, 140
Trd, 4318641.143, 140
Trd, 4318643.243, 140
Trd, 4318643.293, 139
Trd, 4318644.043, 140
Trd, 4318644.243, 139
Trd, 4318645.593, 140
Trd, 4318645.793, 140
Trd, 4318647.143, 140
Trd, 4318647.243, 140
Trd, 4318648.543, 140
Trd, 4318648.643, 140
Trd, 4318649.243, 139
Trd, 4318649.793, 140
Trd, 4318650.693, 140
Trd, 4318651.093, 140
Trd, 4318651.393, 139
Trd, 4318652.943, 140
Trd, 4318654.393, 140
Trd, 4318654.793, 140
Trd, 4318655.243, 140
Trd, 4318656.643, 140
Trd, 4318657.293, 140
Trd, 4318657.543, 140
Trd, 4318657.743, 140
Trd, 4318658.043, 139
Trd, 4318658.493, 140
Trd, 4318659.243, 140
Trd, 4318659.493, 139
Trd, 4318660.293, 140
Trd, 4318661.343, 138
Trd, 4318661.393, 137
Trd, 4318663.293, 140
Trd, 4318663.643, 140
Trd, 4318663.993, 140
Trd, 4318664.743, 140
Trd, 4318664.943, 140
Trd, 4318665.793, 139
Trd, 4318666.293, 139
Trd, 4318666.643, 139
Trd, 4318667.243, 139
Trd, 4318668.993, 140
Trd, 4318669.643, 140
Trd, 4318670.293, 140
Trd, 4318670.393, 140
Trd, 4318671.343, 140
Trd, 4318671.743, 134
Trd, 4318672.843, 60
Trd, 4318672.993, 66
Trd, 4318673.543, 101
Trd, 4318673.643, 102
Trd, 4318674.593, 60
Trd, 4318674.743, 62
Trd, 4318675.643, 65
Trd, 4318675.843, 63
Trd, 4318676.543, 60
Trd, 4318676.793, 97
Trd, 4318677.643, 60
Trd, 4318677.693, 66
Trd, 4318679.043, 60
Trd, 4318679.143, 62
Trd, 4318680.543, 60
Trd, 4318680.893, 60
Trd, 4318681.693, 60
Trd, 4318682.393, 60
Trd, 4318682.893, 60
Trd, 4318683.343, 61
Trd, 4318684.093, 62
Trd, 4318684.593, 65
Trd, 4318685.543, 76
Trd, 4318687.243, 64
Trd, 4318687.393, 60
Trd, 4318688.443, 63
Trd, 4318689.893, 60
Trd, 4318690.843, 61
Trd, 4318690.893, 66
Trd, 4318690.943, 82
Trd, 4318691.143, 64
Trd, 4318691.243, 87
Trd, 4318692.293, 62
Trd, 4318692.743, 62
Trd, 4318693.143, 60
Trd, 4318693.343, 64
Trd, 4318695.443, 63
Trd, 4318695.793, 67
Trd, 4318696.493, 60
Trd, 4318697.043, 61
Trd, 4318697.293, 67
Trd, 4318697.343, 99
Trd, 4318697.743, 62
Trd, 4318698.393, 69
Trd, 4318698.693, 61
Trd, 4318699.543, 62
Trd, 4318700.643, 65
Trd, 4318702.243, 60
Trd, 4318702.743, 62
Trd, 4318703.093, 67
Trd, 4318703.943, 69
Trd, 4318705.343, 60
Trd, 4318705.893, 61
Trd, 4318705.993, 61
Trd, 4318706.343, 60
Trd, 4318707.293, 62
Trd, 4318708.293, 60
Trd, 4318708.693, 61
Trd, 4318709.043, 61
Trd, 4318709.343, 66
Trd, 4318710.643, 140
Trd, 4318711.043, 140
Trd, 4318711.993, 140
Trd, 4318712.593, 140
Trd, 4318712.693, 139
Trd, 4318712.893, 120
Trd, 4318714.643, 61
Trd, 4318714.893, 67
Trd, 4318715.293, 68
Trd, 4318715.593, 90
Trd, 4318716.143, 87
Trd, 4318717.143, 140
Trd, 4318717.993, 140
Trd, 4318718.143, 101
Trd, 4318719.193, 140
Trd, 4318720.293, 140
Trd, 4318720.493, 140
Trd, 4318721.593, 140
Trd, 4318721.793, 139
Trd, 4318721.993, 140
Trd, 4318722.743, 139
Trd, 4318723.143, 139
Trd, 4318723.693, 109
Trd, 4318724.043, 140
Trd, 4318724.693, 139
Trd, 4318726.093, 140
Trd, 4318726.693, 138
Trd, 4318727.443, 60
Trd, 4318729.143, 61
Trd, 4318729.693, 60
Trd, 4318729.843, 64
Trd, 4318730.793, 72
Trd, 4318731.093, 60
Trd, 4318731.943, 140
Trd, 4318732.193, 140
Trd, 4318733.243, 140
Trd, 4318733.443, 140
Trd, 4318735.293, 140
Trd, 4318735.393, 140
Trd, 4318735.493, 140
Trd, 4318735.643, 139
Trd, 4318737.243, 140
Trd, 4318737.843, 140
Trd, 4318738.593, 140
Trd, 4318739.193, 140
Trd, 4318739.593, 138
Trd, 4318740.643, 140
Trd, 4318740.693, 138
Trd, 4318742.393, 140
Trd, 4318742.643, 139
Trd, 4318742.693, 107
Trd, 4318744.093, 140
Trd, 4318745.143, 140
Trd, 4318746.243, 140
Trd, 4318746.593, 140
Trd, 4318746.943, 140
Trd, 4318747.443, 140
Trd, 4318747.993, 140
Trd, 4318748.393, 140
Trd, 4318749.493, 140
Trd, 4318750.543, 140
Trd, 4318751.243, 140
Trd, 4318751.293, 140
Trd, 4318751.343, 140
Trd, 4318752.043, 140
Trd, 4318752.193, 139
Trd, 4318752.793, 139
Trd, 4318752.993, 116
Trd, 4318755.593, 140
Trd, 4318757.393, 140
Trd, 4318757.493, 140
Trd, 4318757.643, 140
Trd, 4318758.043, 140
Trd, 4318758.243, 140
Trd, 4318759.243, 140
Trd, 4318759.993, 140
Trd, 4318760.393, 140
Trd, 4318761.393, 140
Trd, 4318761.593, 140
Trd, 4318762.443, 140
Trd, 4318762.493, 109
Trd, 4318763.643, 140
Trd, 4318763.843, 140
Trd, 4318764.243, 140
Trd, 4318765.793, 140
Trd, 4318766.193, 140
Trd, 4318766.793, 138
Trd, 4318767.143, 140
Trd, 4318767.693, 103
Trd, 4318768.593, 139
Trd, 4318770.193, 140
Trd, 4318770.443, 140
Trd, 4318771.093, 140
Trd, 4318771.293, 140
Trd, 4318771.693, 139
Trd, 4318772.143, 139
Trd, 4318773.393, 140
Trd, 4318774.593, 140
Trd, 4318774.993, 139
Trd, 4318775.193, 139
Trd, 4318776.493, 140
Trd, 4318777.043, 140
Trd, 4318777.593, 140
Trd, 4318777.943, 140
Trd, 4318779.743, 140
Trd, 4318780.293, 140
Trd, 4318780.593, 140
Trd, 4318780.793, 140
Trd, 4318781.443, 138
Trd, 4318782.393, 140
Trd, 4318782.493, 140
Trd, 4318782.893, 140
Trd, 4318783.193, 139
Trd, 4318784.293, 139
Trd, 4318784.443, 138
Trd, 4318784.793, 138
Trd, 4318786.543, 140
Trd, 4318786.793, 140
Trd, 4318788.143, 140
Trd, 4318788.743, 140
Trd, 4318788.943, 140
Trd, 4318789.293, 139
Trd, 4318790.993, 140
Trd, 4318791.643, 140
Trd, 4318792.393, 140
Trd, 4318792.593, 140
Trd, 4318792.843, 140
Trd, 4318794.193, 140
Trd, 4318795.043, 140
Trd, 4318795.093, 140
Trd, 4318795.393, 140
Trd, 4318796.143, 140
Trd, 4318797.093, 140
Trd, 4318797.543, 140
Trd, 4318797.743, 140
Trd, 4318798.243, 140
Trd, 4318798.893, 139
Trd, 4318800.193, 140
Trd, 4318800.593, 139
Trd, 4318800.643, 136
Trd, 4318801.143, 140
Trd, 4318802.393, 140
Trd, 4318803.193, 140
Trd, 4318803.743, 140
Trd, 4318804.193, 140
Trd, 4318805.343, 140
Trd, 4318805.993, 140
Trd, 4318806.093, 140
Trd, 4318806.643, 140
Trd, 4318807.193, 139
Trd, 4318808.493, 67
Trd, 4318808.943, 60
Trd, 4318809.243, 94
Trd, 4318809.893, 95
Trd, 4318810.493, 140
Trd, 4318810.693, 140
Trd, 4318811.493, 65
Trd, 4318811.593, 62
Trd, 4318813.443, 140
Trd, 4318814.643, 140
Trd, 4318815.193, 140
Trd, 4318815.493, 140
Trd, 4318815.643, 140
Trd, 4318816.443, 140
Trd, 4318817.143, 140
Trd, 4318817.543, 140
Trd, 4318818.043, 140
Trd, 4318819.093, 140
Trd, 4318819.393, 140
Trd, 4318820.143, 140
Trd, 4318820.493, 140
Trd, 4318820.993, 140
Trd, 4318822.093, 140
Trd, 4318822.193, 140
Trd, 4318822.843, 140
Trd, 4318823.493, 140
Trd, 4318823.743, 140
Trd, 4318824.043, 140
Trd, 4318824.943, 140
Trd, 4318825.293, 140
Trd, 4318827.893, 140
Trd, 4318827.993, 140
Trd, 4318828.893, 140
Trd, 4318829.143, 140
Trd, 4318830.343, 140
Trd, 4318830.493, 140
Trd, 4318831.343, 140
Trd, 4318832.243, 140
Trd, 4318832.593, 140
Trd, 4318832.743, 139
Trd, 4318833.643, 140
Trd, 4318834.893, 140
Trd, 4318835.943, 140
Trd, 4318836.093, 140
Trd, 4318837.093, 138
Trd, 4318837.493, 140
Trd, 4318838.043, 140
Trd, 4318838.293, 140
Trd, 4318838.343, 140
Trd, 4318838.893, 139
Trd, 4318840.243, 140
Trd, 4318840.343, 140
Trd, 4318840.543, 139
Trd, 4318842.343, 140
Trd, 4318842.793, 140
Trd, 4318843.393, 140
Trd, 4318843.593, 140
Trd, 4318844.243, 139
Trd, 4318845.643, 140
Trd, 4318846.043, 140
Trd, 4318846.093, 140
Trd, 4318846.243, 137
Trd, 4318847.993, 140
Trd, 4318848.543, 140
Trd, 4318849.393, 140
Trd, 4318850.543, 140
Trd, 4318850.943, 140
Trd, 4318851.993, 140
Trd, 4318852.343, 140
Trd, 4318853.043, 140
Trd, 4318853.843, 140
Trd, 4318853.993, 140
Trd, 4318854.893, 140
Trd, 4318854.943, 140
Trd, 4318855.493, 135
Trd, 4318855.993, 139
Trd, 4318856.543, 136
Trd, 4318856.943, 135
Trd, 4318857.543, 140
Trd, 4318858.693, 140
Trd, 4318858.743, 140
Trd, 4318858.993, 140
Trd, 4318860.193, 140
Trd, 4318861.343, 140
Trd, 4318863.093, 140
Trd, 4318863.193, 139
Trd, 4318863.243, 139
Trd, 4318863.643, 140
Trd, 4318864.343, 140
Trd, 4318864.793, 140
Trd, 4318866.043, 140
Trd, 4318866.793, 140
Trd, 4318866.993, 139
Trd, 4318867.943, 140
Trd, 4318868.393, 140
Trd, 4318869.293, 140
Trd, 4318869.343, 139
Trd, 4318870.993, 140
Trd, 4318871.193, 140
Trd, 4318872.143, 140
Trd, 4318872.393, 138
Trd, 4318872.493, 138
Trd, 4318872.693, 137
Trd, 4318874.543, 140
Trd, 4318874.743, 140
Trd, 4318875.143, 139
Trd, 4318875.693, 140
Trd, 4318877.193, 140
Trd, 4318877.493, 139
Trd, 4318877.743, 138
Trd, 4318878.493, 139
Trd, 4318878.593, 138
Trd, 4318880.093, 140
Trd, 4318880.543, 140
Trd, 4318880.693, 139
Trd, 4318881.843, 140
Trd, 4318882.193, 139
Trd, 4318882.693, 137
Trd, 4318883.093, 115
Trd, 4318883.593, 114
Trd, 4318884.493, 139
Trd, 4318885.093, 139
Trd, 4318886.543, 62
Trd, 4318887.193, 60
Trd, 4318887.343, 60
Trd, 4318887.393, 67
Trd, 4318888.093, 61
Trd, 4318888.693, 139
Trd, 4318889.743, 138
Trd, 4318889.893, 138
Trd, 4318890.743, 139
Trd, 4318891.743, 140
Trd, 4318892.143, 140
Trd, 4318892.743, 140
Trd, 4318892.793, 139
Trd, 4318893.443, 140
Trd, 4318894.693, 140
Trd, 4318895.243, 140
Trd, 4318895.743, 137
Trd, 4318896.043, 110
Trd, 4318897.143, 71
Trd, 4318897.293, 109
Trd, 4318897.643, 139
Trd, 4318897.943, 67
Trd, 4318898.293, 60
Trd, 4318900.093, 140
Trd, 4318900.193, 140
Trd, 4318901.093, 140
Trd, 4318901.443, 140
Trd, 4318902.243, 140
Trd, 4318902.493, 139
Trd, 4318903.093, 138
Trd, 4318903.543, 140
Trd, 4318904.393, 76
Trd, 4318904.643, 140
Trd, 4318907.193, 140
Trd, 4318907.243, 140
Trd, 4318907.793, 140
Trd, 4318908.293, 139
Trd, 4318909.593, 140
Trd, 4318909.743, 140
Trd, 4318911.693, 140
Trd, 4318912.193, 140
Trd, 4318912.893, 140
Trd, 4318912.993, 140
Trd, 4318913.393, 140
Trd, 4318913.443, 140
Trd, 4318915.143, 140
Trd, 4318916.193, 140
Trd, 4318916.343, 140
Trd, 4318917.493, 140
Trd, 4318918.193, 140
Trd, 4318919.293, 140
Trd, 4318919.493, 140
Trd, 4318920.243, 140
Trd, 4318921.193, 140
Trd, 4318921.593, 140
Trd, 4318922.643, 140
Trd, 4318923.543, 140
Trd, 4318923.593, 139
Trd, 4318924.443, 140
Trd, 4318925.543, 61
Trd, 4318926.343, 63
Trd, 4318926.493, 126
Trd, 4318926.743, 70
Trd, 4318927.143, 61
Trd, 4318928.193, 140
Trd, 4318928.993, 140
Trd, 4318929.943, 140
Trd, 4318930.043, 140
Trd, 4318930.343, 137
Trd, 4318931.493, 70
Trd, 4318931.593, 60
Trd, 4318932.093, 63
Trd, 4318932.543, 105
Trd, 4318934.043, 64
Trd, 4318935.993, 60
Trd, 4318936.293, 60
Trd, 4318936.593, 61
Trd, 4318936.943, 60
Trd, 4318937.243, 63
Trd, 4318937.343, 69
Trd, 4318938.693, 60
Trd, 4318940.693, 60
Trd, 4318940.893, 60
Trd, 4318941.043, 60
Trd, 4318941.293, 63
Trd, 4318941.843, 62
Trd, 4318942.193, 62
Trd, 4318942.793, 60
Trd, 4318943.343, 60
Trd, 4318944.043, 60
Trd, 4318944.393, 61
Trd, 4318944.493, 64
Trd, 4318944.593, 65
Trd, 4318945.393, 62
Trd, 4318945.593, 67
Trd, 4318947.093, 61
Trd, 4318948.293, 140
Trd, 4318948.993, 140
Trd, 4318949.143, 62
Trd, 4318949.843, 139
Trd, 4318950.193, 140
Trd, 4318951.393, 140
Trd, 4318951.493, 138
Trd, 4318953.593, 140
Trd, 4318953.843, 140
Trd, 4318954.543, 140
Trd, 4318955.143, 140
Trd, 4318955.643, 140
Trd, 4318955.993, 138
Trd, 4318956.493, 140
Trd, 4318956.843, 139
Trd, 4318957.093, 137
Trd, 4318957.243, 137
Trd, 4318958.493, 140
Trd, 4318959.443, 139
Trd, 4318960.743, 139
Trd, 4318961.343, 140
Trd, 4318961.743, 140
Trd, 4318961.893, 139
Trd, 4318963.693, 140
Trd, 4318965.243, 140
Trd, 4318965.493, 139
Trd, 4318966.143, 140
Trd, 4318966.193, 140
Trd, 4318966.343, 138
Trd, 4318967.093, 137
Trd, 4318967.443, 112
Trd, 4318969.493, 140
Trd, 4318969.543, 140
Trd, 4318970.643, 140
Trd, 4318970.793, 140
Trd, 4318971.743, 140
Trd, 4318972.393, 140
Trd, 4318972.593, 140
Trd, 4318973.993, 140
Trd, 4318974.543, 140
Trd, 4318974.943, 140
Trd, 4318975.093, 140
Trd, 4318975.243, 139
Trd, 4318977.243, 140
Trd, 4318977.343, 139
Trd, 4318977.543, 90
Trd, 4318978.093, 140
Trd, 4318978.693, 140
Trd, 4318978.843, 140
Trd, 4318980.343, 140
Trd, 4318981.243, 140
Trd, 4318981.493, 140
Trd, 4318982.143, 140
Trd, 4318984.093, 140
Trd, 4318984.443, 140
Trd, 4318984.543, 140
Trd, 4318984.643, 139
Trd, 4318985.943, 140
Trd, 4318986.093, 140
Trd, 4318987.193, 67
Trd, 4318987.993, 139
Trd, 4318988.493, 60
Trd, 4318989.743, 60
Trd, 4318989.843, 62
Trd, 4318990.443, 61
Trd, 4318990.693, 60
Trd, 4318990.993, 70
Trd, 4318992.293, 60
Trd, 4318993.293, 60
Trd, 4318993.393, 61
Trd, 4318994.893, 60
Trd, 4318995.343, 60
Trd, 4318995.443, 62
Trd, 4318995.643, 64
Trd, 4318995.993, 64
Trd, 4318998.493, 60
Trd, 4318999.243, 60
Trd, 4318999.843, 61
Trd, 4319000.143, 63
Trd, 4319000.243, 62
Trd, 4319000.743, 60
Trd, 4319001.043, 61
Trd, 4319001.343, 65
Trd, 4319001.693, 61
Trd, 4319002.643, 62
Trd, 4319005.043, 60
Trd, 4319005.293, 60
Trd, 4319005.593, 61
Trd, 4319006.343, 60
Trd, 4319006.543, 61
Trd, 4319006.593, 63
Trd, 4319007.243, 67
Trd, 4319007.743, 65
Trd, 4319008.243, 67
Trd, 4319009.443, 66
Trd, 4319009.493, 68
Trd, 4319010.243, 60
Trd, 4319010.493, 60
Trd, 4319010.593, 83
Trd, 4319012.093, 63
Trd, 4319012.143, 63
Trd, 4319013.193, 140
Trd, 4319014.093, 140
Trd, 4319014.293, 140
Trd, 4319014.343, 139
Trd, 4319014.493, 103
Trd, 4319015.843, 140
Trd, 4319016.293, 140
Trd, 4319017.793, 60
Trd, 4319017.943, 63
Trd, 4319018.343, 69
Trd, 4319018.543, 106
Trd, 4319019.193, 140
Trd, 4319019.643, 140
Trd, 4319019.893, 139
Trd, 4319021.293, 140
Trd, 4319021.643, 101
Trd, 4319022.643, 140
Trd, 4319023.143, 140
Trd, 4319024.743, 140
Trd, 4319025.993, 140
Trd, 4319026.193, 140
Trd, 4319026.443, 138
Trd, 4319026.743, 96
Trd, 4319027.043, 140
Trd, 4319027.943, 139
Trd, 4319028.393, 138
Trd, 4319028.543, 140
Trd, 4319029.743, 62
Trd, 4319030.643, 60
Trd, 4319030.943, 60
Trd, 4319031.543, 63
Trd, 4319031.993, 68
Trd, 4319033.093, 60
Trd, 4319033.643, 61
Trd, 4319033.693, 62
Trd, 4319034.343, 62
Trd, 4319035.893, 60
Trd, 4319036.443, 60
Trd, 4319036.643, 60
Trd, 4319038.043, 60
Trd, 4319038.193, 61
Trd, 4319039.693, 60
Trd, 4319040.343, 60
Trd, 4319040.693, 60
Trd, 4319040.793, 62
Trd, 4319042.243, 62
Trd, 4319043.193, 63
Trd, 4319043.443, 63
Trd, 4319043.493, 61
Trd, 4319044.743, 61
Trd, 4319045.243, 62
Trd, 4319045.843, 60
Trd, 4319046.943, 60
Trd, 4319047.543, 60
Trd, 4319047.993, 60
Trd, 4319048.443, 65
Trd, 4319049.543, 61
Trd, 4319049.643, 63
Trd, 4319050.043, 66
Trd, 4319051.493, 61
Trd, 4319051.643, 62
Trd, 4319052.043, 62
Trd, 4319052.893, 62
Trd, 4319052.993, 63
Trd, 4319053.093, 65
Trd, 4319055.343, 60
Trd, 4319055.543, 61
Trd, 4319057.493, 60
Trd, 4319058.443, 61
Trd, 4319058.593, 66
Trd, 4319059.393, 60
Trd, 4319059.843, 61
Trd, 4319059.943, 61
Trd, 4319060.393, 60
Trd, 4319060.993, 61
Trd, 4319062.043, 61
Trd, 4319063.693, 60
Trd, 4319064.143, 62
Trd, 4319066.243, 60
Trd, 4319067.093, 60
Trd, 4319067.293, 61
Trd, 4319067.343, 62
Trd, 4319068.593, 62
Trd, 4319068.793, 61
Trd, 4319068.993, 61
Trd, 4319069.293, 61
Trd, 4319070.643, 62
Trd, 4319072.293, 61
Trd, 4319072.593, 61
Trd, 4319073.443, 63
Trd, 4319073.493, 66
Trd, 4319073.793, 61
Trd, 4319074.393, 60
Trd, 4319075.493, 61
Trd, 4319075.843, 60
Trd, 4319076.343, 67
Trd, 4319076.743, 104
Trd, 4319078.943, 60
Trd, 4319079.843, 60
Trd, 4319079.993, 62
Trd, 4319080.893, 61
Trd, 4319080.993, 61
Trd, 4319081.493, 62
Trd, 4319081.643, 63
Trd, 4319082.393, 62
Trd, 4319083.693, 61
Trd, 4319084.593, 60
Trd, 4319085.093, 61
Trd, 4319085.593, 63
Trd, 4319085.843, 68
Trd, 4319086.543, 60
Trd, 4319086.993, 64
Trd, 4319087.843, 61
Trd, 4319088.143, 64
Trd, 4319088.593, 138
Trd, 4319090.643, 62
Trd, 4319091.243, 60
Trd, 4319091.543, 80
Trd, 4319092.393, 60
Trd, 4319093.443, 60
Trd, 4319093.593, 60
Trd, 4319094.443, 60
Trd, 4319094.993, 64
Trd, 4319096.393, 60
Trd, 4319097.293, 60
Trd, 4319097.443, 60
Trd, 4319097.793, 60
Trd, 4319098.193, 62
Trd, 4319098.443, 64
Trd, 4319098.993, 65
Trd, 4319100.593, 140
Trd, 4319100.943, 140
Trd, 4319102.443, 140
Trd, 4319103.043, 140
Trd, 4319103.143, 140
Trd, 4319103.493, 140
Trd, 4319103.993, 140
Trd, 4319104.793, 140
Trd, 4319106.693, 140
Trd, 4319107.293, 140
Trd, 4319107.793, 140
Trd, 4319107.893, 140
Trd, 4319109.193, 140
Trd, 4319109.243, 140
Trd, 4319109.343, 139
Trd, 4319109.493, 140
Trd, 4319110.343, 140
Trd, 4319110.943, 140
Trd, 4319111.143, 140
Trd, 4319112.443, 140
Trd, 4319113.993, 140
Trd, 4319114.243, 140
Trd, 4319115.143, 140
Trd, 4319116.293, 140
Trd, 4319117.243, 140
Trd, 4319117.293, 140
Trd, 4319117.443, 140
Trd, 4319117.543, 139
Trd, 4319117.893, 140
Trd, 4319119.343, 140
Trd, 4319119.943, 140
Trd, 4319122.243, 140
Trd, 4319122.543, 140
Trd, 4319123.543, 140
Trd, 4319123.793, 140
Trd, 4319124.143, 140
Trd, 4319124.293, 140
Trd, 4319125.343, 140
Trd, 4319126.843, 140
Trd, 4319127.243, 140
Trd, 4319127.493, 140
Trd, 4319128.143, 140
Trd, 4319128.493, 139
Trd, 4319128.793, 140
Trd, 4319128.893, 69
Trd, 4319130.693, 61
Trd, 4319131.193, 70
Trd, 4319131.293, 78
Trd, 4319131.343, 91
Trd, 4319132.193, 72
Trd, 4319132.443, 140
Trd, 4319132.543, 102
Trd, 4319133.593, 140
Trd, 4319133.643, 140
Trd, 4319133.993, 60
Trd, 4319134.093, 60
Trd, 4319135.443, 140
Trd, 4319136.943, 140
Trd, 4319137.593, 140
Trd, 4319137.643, 140
Trd, 4319137.993, 135
Trd, 4319138.593, 99
Trd, 4319138.893, 137
Trd, 4319139.443, 66
Trd, 4319140.343, 64
Trd, 4319141.543, 60
Trd, 4319141.943, 60
Trd, 4319142.593, 60
Trd, 4319143.993, 60
Trd, 4319144.543, 61
Trd, 4319144.893, 60
Trd, 4319145.243, 61
Trd, 4319145.843, 63
Trd, 4319146.043, 63
Trd, 4319147.643, 140
Trd, 4319149.143, 140
Trd, 4319149.293, 140
Trd, 4319149.343, 140
Trd, 4319149.893, 139
Trd, 4319150.893, 139
Trd, 4319151.243, 138
Trd, 4319151.643, 140
Trd, 4319152.493, 138
Trd, 4319152.693, 102
Trd, 4319153.793, 139
Trd, 4319153.943, 138
Trd, 4319155.243, 140
Trd, 4319155.943, 138
Trd, 4319156.343, 140
Trd, 4319156.443, 140
Trd, 4319156.593, 134
Trd, 4319156.943, 140
Trd, 4319159.693, 140
Trd, 4319159.943, 140
Trd, 4319160.243, 140
Trd, 4319160.643, 139
Trd, 4319160.793, 138
Trd, 4319160.893, 112
Trd, 4319161.993, 63
Trd, 4319162.143, 139
Trd, 4319162.943, 69
Trd, 4319163.193, 95
Trd, 4319163.693, 77
Trd, 4319164.893, 63
Trd, 4319165.143, 123
Trd, 4319166.543, 140
Trd, 4319166.943, 140
Trd, 4319167.443, 140
Trd, 4319167.543, 139
Trd, 4319167.643, 134
Trd, 4319168.693, 139
Trd, 4319168.843, 105
Trd, 4319169.943, 140
Trd, 4319170.693, 140
Trd, 4319171.543, 140
Trd, 4319171.793, 140
Trd, 4319172.593, 140
Trd, 4319173.193, 140
Trd, 4319174.593, 140
Trd, 4319174.743, 140
Trd, 4319176.843, 140
Trd, 4319177.593, 140
Trd, 4319177.893, 140
Trd, 4319177.993, 140
Trd, 4319178.243, 139
Trd, 4319180.093, 140
Trd, 4319180.343, 136
Trd, 4319180.543, 116
Trd, 4319181.093, 60
Trd, 4319181.193, 127
Trd, 4319182.093, 63
Trd, 4319182.743, 69
Trd, 4319182.893, 75
Trd, 4319183.843, 61
Trd, 4319184.893, 64
Trd, 4319185.043, 105
Trd, 4319185.843, 140
Trd, 4319185.893, 139
Trd, 4319186.293, 110
Trd, 4319187.643, 140
Trd, 4319187.843, 137
Trd, 4319187.943, 92
Trd, 4319189.193, 140
Trd, 4319189.393, 139
Trd, 4319189.943, 140
Trd, 4319191.443, 140
Trd, 4319191.643, 140
Trd, 4319192.793, 140
Trd, 4319193.993, 140
Trd, 4319194.243, 139
Trd, 4319195.293, 140
Trd, 4319195.493, 138
Trd, 4319196.543, 72
Trd, 4319197.493, 110
Trd, 4319197.693, 137
Trd, 4319198.393, 140
Trd, 4319198.543, 140
Trd, 4319199.193, 140
Trd, 4319199.493, 139
Trd, 4319200.093, 140
Trd, 4319201.343, 140
Trd, 4319201.843, 140
Trd, 4319201.943, 138
Trd, 4319202.043, 102
Trd, 4319202.443, 138
Trd, 4319203.943, 140
Trd, 4319204.443, 140
Trd, 4319205.893, 140
Trd, 4319206.643, 140
Trd, 4319206.843, 140
Trd, 4319208.693, 140
Trd, 4319209.543, 140
Trd, 4319209.793, 140
Trd, 4319210.693, 140
Trd, 4319211.693, 140
Trd, 4319211.843, 140
Trd, 4319212.243, 140
Trd, 4319212.843, 140
Trd, 4319213.893, 140
Trd, 4319215.243, 140
Trd, 4319216.843, 140
Trd, 4319217.793, 140
Trd, 4319217.943, 140
Trd, 4319218.643, 140
Trd, 4319219.643, 140
Trd, 4319219.793, 140
Trd, 4319220.393, 140
Trd, 4319220.593, 139
Trd, 4319220.843, 138
Trd, 4319221.843, 139
Trd, 4319223.343, 140
Trd, 4319223.493, 140
Trd, 4319223.693, 140
Trd, 4319224.443, 140
Trd, 4319226.443, 140
Trd, 4319226.643, 140
Trd, 4319226.693, 138
Trd, 4319227.243, 138
Trd, 4319227.793, 137
Trd, 4319227.843, 117
Trd, 4319228.443, 140
Trd, 4319230.393, 140
Trd, 4319230.443, 139
Trd, 4319230.593, 138
Trd, 4319231.493, 138
Trd, 4319233.143, 140
Trd, 4319233.193, 140
Trd, 4319233.493, 140
Trd, 4319234.143, 140
Trd, 4319235.343, 140
Trd, 4319235.793, 139
Trd, 4319236.643, 140
Trd, 4319237.393, 140
Trd, 4319238.043, 140
Trd, 4319240.193, 140
Trd, 4319240.343, 140
Trd, 4319240.493, 140
Trd, 4319240.793, 140
Trd, 4319241.893, 140
Trd, 4319241.993, 140
Trd, 4319243.543, 140
Trd, 4319243.693, 140
Trd, 4319244.943, 140
Trd, 4319245.793, 140
Trd, 4319245.993, 140
Trd, 4319246.943, 140
Trd, 4319247.443, 140
Trd, 4319247.943, 140
Trd, 4319248.793, 139
Trd, 4319249.143, 140
Trd, 4319249.693, 140
Trd, 4319250.543, 140
Trd, 4319250.843, 140
Trd, 4319251.593, 139
Trd, 4319253.393, 140
Trd, 4319253.593, 139
Trd, 4319254.243, 139
Trd, 4319254.793, 79
Trd, 4319255.293, 140
Trd, 4319256.443, 140
Trd, 4319256.543, 140
Trd, 4319257.193, 139
Trd, 4319257.593, 74
Trd, 4319258.143, 140
Trd, 4319258.693, 140
Trd, 4319258.993, 61
Trd, 4319260.993, 140
Trd, 4319261.243, 140
Trd, 4319261.893, 140
Trd, 4319263.193, 140
Trd, 4319263.843, 140
Trd, 4319264.693, 140
Trd, 4319265.043, 140
Trd, 4319265.943, 139
Trd, 4319266.193, 138
Trd, 4319266.843, 140
Trd, 4319267.343, 139
Trd, 4319267.943, 137
Trd, 4319268.693, 81
Trd, 4319269.843, 139
Trd, 4319270.243, 137
Trd, 4319270.593, 137
Trd, 4319271.093, 139
Trd, 4319273.043, 139
Trd, 4319273.643, 139
Trd, 4319274.793, 140
Trd, 4319275.093, 140
Trd, 4319275.193, 140
Trd, 4319277.243, 140
Trd, 4319277.943, 140
Trd, 4319278.043, 140
Trd, 4319278.193, 140
Trd, 4319279.243, 140
Trd, 4319279.693, 140
Trd, 4319280.143, 140
Trd, 4319281.093, 140
Trd, 4319281.443, 140
Trd, 4319282.343, 140
Trd, 4319283.393, 140
Trd, 4319284.243, 139
Trd, 4319284.693, 140
Trd, 4319284.993, 136
Trd, 4319285.643, 140
Trd, 4319286.193, 138
Trd, 4319287.043, 140
Trd, 4319287.143, 140
Trd, 4319287.993, 139
Trd, 4319288.893, 140
Trd, 4319290.043, 140
Trd, 4319290.593, 140
Trd, 4319291.743, 140
Trd, 4319292.093, 140
Trd, 4319292.443, 140
Trd, 4319293.793, 140
Trd, 4319294.043, 140
Trd, 4319294.243, 140
Trd, 4319295.693, 140
Trd, 4319295.893, 139
Trd, 4319296.143, 139
Trd, 4319296.593, 140
Trd, 4319297.743, 140
Trd, 4319298.393, 140
Trd, 4319298.893, 140
Trd, 4319299.043, 139
Trd, 4319300.243, 138
Trd, 4319300.343, 100
Trd, 4319301.993, 140
Trd, 4319302.793, 138
Trd, 4319302.893, 137
Trd, 4319303.343, 139
Trd, 4319305.143, 140
Trd, 4319305.943, 139
Trd, 4319306.193, 140
Trd, 4319307.043, 140
Trd, 4319307.143, 140
Trd, 4319307.243, 138
Trd, 4319308.293, 139
Trd, 4319308.493, 139
Trd, 4319309.493, 119
Trd, 4319310.043, 60
Trd, 4319310.593, 61
Trd, 4319310.643, 64
Trd, 4319311.543, 138
Trd, 4319312.593, 140
Trd, 4319312.743, 140
Trd, 4319312.793, 138
Trd, 4319313.493, 76
Trd, 4319314.293, 61
Trd, 4319314.843, 60
Trd, 4319315.243, 100
Trd, 4319316.193, 65
Trd, 4319317.493, 62
Trd, 4319319.443, 60
Trd, 4319319.843, 60
Trd, 4319320.243, 63
Trd, 4319320.543, 62
Trd, 4319320.743, 63
Trd, 4319322.493, 60
Trd, 4319322.593, 60
Trd, 4319322.943, 60
Trd, 4319323.993, 63
Trd, 4319324.093, 72
Trd, 4319324.293, 60
Trd, 4319325.143, 63
Trd, 4319327.443, 61
Trd, 4319327.643, 63
Trd, 4319327.693, 63
Trd, 4319328.643, 61
Trd, 4319328.843, 62
Trd, 4319329.993, 64
Trd, 4319330.143, 65
Trd, 4319330.443, 140
Trd, 4319331.293, 60
Trd, 4319332.743, 60
Trd, 4319332.843, 61
Trd, 4319333.493, 63
Trd, 4319335.543, 60
Trd, 4319336.343, 60
Trd, 4319336.393, 60
Trd, 4319336.743, 64
Trd, 4319336.843, 70
Trd, 4319337.693, 62
Trd, 4319338.643, 60
Trd, 4319339.493, 60
Trd, 4319340.893, 61
Trd, 4319341.443, 63
Trd, 4319342.243, 63
Trd, 4319343.593, 61
Trd, 4319344.493, 60
Trd, 4319345.393, 60
Trd, 4319345.443, 63
Trd, 4319345.593, 64
Trd, 4319345.693, 65
Trd, 4319347.543, 60
Trd, 4319347.943, 60
Trd, 4319348.093, 64
Trd, 4319348.893, 63
Trd, 4319348.943, 64
Trd, 4319349.293, 100
Trd, 4319349.493, 137
Trd, 4319349.943, 63
Trd, 4319350.093, 63
Trd, 4319350.893, 60
Trd, 4319351.043, 60
Trd, 4319353.343, 62
Trd, 4319354.143, 62
Trd, 4319354.543, 64
Trd, 4319355.593, 60
Trd, 4319355.893, 60
Trd, 4319356.593, 60
Trd, 4319358.743, 60
Trd, 4319358.943, 60
Trd, 4319359.043, 61
Trd, 4319359.393, 63
Trd, 4319360.143, 60
Trd, 4319360.193, 60
Trd, 4319361.293, 60
Trd, 4319362.443, 61
Trd, 4319363.193, 60
Trd, 4319363.743, 60
Trd, 4319363.993, 61
Trd, 4319364.693, 60
Trd, 4319365.593, 61
Trd, 4319365.993, 62
Trd, 4319366.093, 67
Trd, 4319366.643, 60
Trd, 4319369.293, 60
Trd, 4319369.643, 69
Trd, 4319369.843, 67
Trd, 4319369.893, 70
Trd, 4319370.243, 61
Trd, 4319371.693, 60
Trd, 4319372.993, 60
Trd, 4319373.043, 61
Trd, 4319373.893, 60
Trd, 4319373.943, 60
Trd, 4319374.343, 132
Trd, 4319374.943, 61
Trd, 4319375.843, 62
Trd, 4319376.093, 62
Trd, 4319376.893, 139
Trd, 4319377.343, 66
Trd, 4319377.643, 61
Trd, 4319378.493, 98
Trd, 4319378.843, 110
Trd, 4319380.393, 60
Trd, 4319380.993, 62
Trd, 4319381.093, 63
Trd, 4319382.393, 60
Trd, 4319382.943, 60
Trd, 4319383.093, 61
Trd, 4319383.643, 62
Trd, 4319384.043, 60
Trd, 4319384.293, 63
Trd, 4319384.893, 60
Trd, 4319384.943, 63
Trd, 4319386.493, 61
Trd, 4319386.843, 60
Trd, 4319387.143, 62
Trd, 4319388.593, 60
Trd, 4319388.643, 60
Trd, 4319389.643, 61
Trd, 4319390.093, 140
Trd, 4319390.243, 139
Trd, 4319390.743, 62
Trd, 4319391.093, 140
Trd, 4319391.493, 60
Trd, 4319392.293, 68
Trd, 4319393.343, 60
Trd, 4319393.843, 60
Trd, 4319394.443, 60
Trd, 4319394.643, 62
Trd, 4319395.943, 60
Trd, 4319397.043, 61
Trd, 4319397.343, 62
Trd, 4319397.693, 64
Trd, 4319397.843, 72
Trd, 4319398.793, 63
Trd, 4319399.593, 63
Trd, 4319399.793, 65
Trd, 4319401.343, 60
Trd, 4319402.393, 61
Trd, 4319402.543, 61
Trd, 4319403.093, 63
Trd, 4319404.443, 60
Trd, 4319404.743, 65
Trd, 4319404.843, 66
Trd, 4319405.193, 70
Trd, 4319406.493, 60
Trd, 4319406.793, 62
Trd, 4319406.943, 73
Trd, 4319407.843, 61
Trd, 4319407.893, 64
Trd, 4319408.293, 138
Trd, 4319409.693, 62
Trd, 4319409.993, 66
Trd, 4319411.643, 60
Trd, 4319412.493, 60
Trd, 4319412.843, 61
Trd, 4319413.043, 66
Trd, 4319413.793, 85
Trd, 4319414.193, 140
Trd, 4319414.443, 140
Trd, 4319414.793, 65
Trd, 4319416.443, 140
Trd, 4319416.793, 140
Trd, 4319417.193, 140
Trd, 4319418.393, 140
Trd, 4319419.493, 140
Trd, 4319419.543, 139
Trd, 4319419.743, 139
Trd, 4319419.793, 139
Trd, 4319420.043, 104
Trd, 4319420.543, 140
Trd, 4319422.293, 140
Trd, 4319422.843, 140
Trd, 4319423.393, 140
Trd, 4319423.943, 140
Trd, 4319424.443, 140
Trd, 4319425.443, 140
Trd, 4319426.393, 140
Trd, 4319426.543, 140
Trd, 4319426.593, 138
Trd, 4319427.443, 140
Trd, 4319428.843, 140
Trd, 4319429.343, 140
Trd, 4319430.743, 140
Trd, 4319430.793, 140
Trd, 4319431.093, 139
Trd, 4319431.243, 139
Trd, 4319431.593, 138
Trd, 4319431.843, 119
Trd, 4319433.293, 140
Trd, 4319434.243, 140
Trd, 4319434.743, 139
Trd, 4319434.993, 140
Trd, 4319436.243, 140
Trd, 4319437.043, 139
Trd, 4319437.743, 140
Trd, 4319438.093, 140
Trd, 4319438.243, 139
Trd, 4319439.393, 140
Trd, 4319441.093, 140
Trd, 4319442.843, 140
Trd, 4319443.593, 140
Trd, 4319444.093, 140
Trd, 4319444.443, 140
Trd, 4319444.843, 140
Trd, 4319445.693, 140
Trd, 4319445.793, 139
Trd, 4319447.143, 140
Trd, 4319447.593, 140
Trd, 4319448.143, 140
Trd, 4319448.743, 140
Trd, 4319449.743, 140
Trd, 4319450.293, 140
Trd, 4319450.743, 140
Trd, 4319452.143, 140
Trd, 4319452.943, 140
Trd, 4319453.643, 140
Trd, 4319454.143, 140
Trd, 4319454.343, 140
Trd, 4319454.593, 137
Trd, 4319454.943, 140
Trd, 4319454.993, 140
Trd, 4319455.693, 140
Trd, 4319456.143, 139
Trd, 4319457.243, 140
Trd, 4319458.493, 140
Trd, 4319459.043, 140
Trd, 4319459.893, 140
Trd, 4319460.493, 137
Trd, 4319461.143, 140
Trd, 4319461.793, 140
Trd, 4319462.493, 140
Trd, 4319463.043, 140
Trd, 4319463.743, 139
Trd, 4319463.993, 138
Trd, 4319464.743, 137
Trd, 4319464.893, 140
Trd, 4319465.593, 135
Trd, 4319465.993, 107
Trd, 4319466.693, 139
Trd, 4319467.143, 140
Trd, 4319468.643, 140
Trd, 4319469.643, 140
Trd, 4319470.943, 140
Trd, 4319471.043, 140
Trd, 4319471.243, 140
Trd, 4319471.293, 140
Trd, 4319471.943, 101
Trd, 4319472.193, 61
Trd, 4319474.593, 140
Trd, 4319475.093, 140
Trd, 4319475.493, 140
Trd, 4319475.843, 140
Trd, 4319477.043, 140
Trd, 4319477.343, 140
Trd, 4319477.643, 140
Trd, 4319477.893, 139
Trd, 4319479.143, 140
Trd, 4319479.193, 140
Trd, 4319480.393, 139
Trd, 4319480.543, 104
Trd, 4319482.393, 140
Trd, 4319482.443, 140
Trd, 4319482.593, 139
Trd, 4319482.793, 140
Trd, 4319483.243, 140
Trd, 4319484.143, 136
Trd, 4319485.543, 137
Trd, 4319486.443, 139
Trd, 4319486.593, 138
Trd, 4319487.343, 140
Trd, 4319487.693, 139
Trd, 4319489.643, 140
Trd, 4319490.543, 140
Trd, 4319490.693, 140
Trd, 4319491.043, 140
Trd, 4319491.643, 140
Trd, 4319492.393, 140
Trd, 4319492.493, 140
Trd, 4319493.843, 140
Trd, 4319495.093, 140
Trd, 4319495.343, 140
Trd, 4319495.993, 140
Trd, 4319497.143, 140
Trd, 4319497.243, 140
Trd, 4319497.543, 140
Trd, 4319497.993, 139
Trd, 4319498.643, 139
Trd, 4319499.193, 137
Trd, 4319499.743, 139
Trd, 4319500.693, 139
Trd, 4319502.843, 140
Trd, 4319503.493, 140
Trd, 4319503.793, 140
Trd, 4319504.043, 140
Trd, 4319504.743, 140
Trd, 4319505.593, 140
Trd, 4319506.393, 138
Trd, 4319506.493, 137
Trd, 4319507.443, 124
Trd, 4319508.043, 140
Trd, 4319508.743, 138
Trd, 4319508.943, 140
Trd, 4319509.093, 99
Trd, 4319510.093, 140
Trd, 4319510.293, 140
Trd, 4319510.993, 137
Trd, 4319512.593, 140
Trd, 4319512.843, 140
Trd, 4319513.243, 139
Trd, 4319513.743, 140
Trd, 4319514.493, 138
Trd, 4319515.143, 139
Trd, 4319515.793, 63
Trd, 4319516.893, 67
Trd, 4319517.493, 140
Trd, 4319520.243, 140
Trd, 4319520.393, 139
Trd, 4319520.443, 139
Trd, 4319521.143, 140
Trd, 4319521.443, 138
Trd, 4319521.693, 100
Trd, 4319522.293, 140
Trd, 4319522.443, 140
Trd, 4319523.843, 140
Trd, 4319524.293, 140
Trd, 4319524.643, 140
Trd, 4319524.743, 140
Trd, 4319525.043, 64
Trd, 4319525.643, 136
Trd, 4319527.693, 139
Trd, 4319528.193, 140
Trd, 4319528.743, 140
Trd, 4319530.943, 140
Trd, 4319531.343, 140
Trd, 4319531.693, 140
Trd, 4319532.643, 140
Trd, 4319533.043, 140
Trd, 4319533.193, 139
Trd, 4319533.993, 140
Trd, 4319535.043, 140
Trd, 4319535.293, 139
Trd, 4319535.493, 140
Trd, 4319535.743, 139
Trd, 4319536.443, 140
Trd, 4319537.643, 139
Trd, 4319537.993, 99
Trd, 4319538.243, 139
Trd, 4319539.043, 140
Trd, 4319539.893, 139
Trd, 4319540.193, 139
Trd, 4319540.793, 138
Trd, 4319541.243, 139
Trd, 4319541.543, 140
Trd, 4319544.093, 140
Trd, 4319544.443, 140
Trd, 4319544.993, 140
Trd, 4319545.143, 140
Trd, 4319545.943, 140
Trd, 4319546.843, 140
Trd, 4319546.893, 140
Trd, 4319547.593, 140
Trd, 4319548.943, 140
Trd, 4319549.943, 140
Trd, 4319551.193, 140
Trd, 4319551.243, 140
Trd, 4319551.493, 139
Trd, 4319552.493, 140
Trd, 4319552.843, 140
Trd, 4319553.343, 140
Trd, 4319553.743, 140
Trd, 4319554.443, 140
Trd, 4319554.743, 140
Trd, 4319556.743, 140
Trd, 4319557.293, 140
Trd, 4319557.543, 140
Trd, 4319557.743, 140
Trd, 4319559.543, 140
Trd, 4319560.043, 140
Trd, 4319560.293, 140
Trd, 4319560.493, 140
Trd, 4319561.043, 140
Trd, 4319561.993, 140
Trd, 4319563.143, 139
Trd, 4319563.593, 140
Trd, 4319565.343, 140
Trd, 4319565.743, 140
Trd, 4319565.843, 139
Trd, 4319566.543, 140
Trd, 4319566.893, 140
Trd, 4319567.043, 139
Trd, 4319567.343, 139
Trd, 4319568.593, 140
Trd, 4319569.743, 140
Trd, 4319570.493, 140
Trd, 4319570.893, 140
Trd, 4319571.143, 140
Trd, 4319571.443, 140
Trd, 4319572.643, 140
Trd, 4319574.243, 140
Trd, 4319574.393, 140
Trd, 4319575.393, 139
Trd, 4319575.593, 140
Trd, 4319576.343, 140
Trd, 4319576.893, 65
Trd, 4319577.493, 69
Trd, 4319577.693, 70
Trd, 4319577.793, 61
Trd, 4319579.393, 139
Trd, 4319579.443, 135
Trd, 4319580.143, 140
Trd, 4319580.743, 140
Trd, 4319581.793, 140
Trd, 4319582.343, 140
Trd, 4319582.443, 140
Trd, 4319584.793, 140
Trd, 4319585.143, 140
Trd, 4319585.293, 140
Trd, 4319585.993, 139
Trd, 4319587.543, 64
Trd, 4319587.893, 63
Trd, 4319588.643, 64
Trd, 4319588.943, 60
Trd, 4319589.093, 65
Trd, 4319590.193, 61
Trd, 4319590.943, 60
Trd, 4319591.293, 60
Trd, 4319591.543, 67
Trd, 4319592.593, 62
Trd, 4319592.993, 64
Trd, 4319593.343, 60
Trd, 4319594.043, 64
Trd, 4319594.743, 69
Trd, 4319595.293, 61
Trd, 4319595.743, 140
Trd, 4319596.043, 60
Trd, 4319597.393, 139
Trd, 4319597.893, 102
Trd, 4319597.993, 101
Trd, 4319598.493, 67
Trd, 4319599.693, 64
Trd, 4319600.693, 63
Trd, 4319601.843, 60
Trd, 4319602.443, 62
Trd, 4319602.993, 61
Trd, 4319603.043, 68
Trd, 4319604.643, 60
Trd, 4319605.043, 60
Trd, 4319605.093, 61
Trd, 4319605.343, 64
Trd, 4319605.593, 60
Trd, 4319607.293, 60
Trd, 4319607.743, 62
Trd, 4319607.893, 95
Trd, 4319608.293, 140
Trd, 4319608.793, 140
Trd, 4319608.893, 140
Trd, 4319610.093, 140
Trd, 4319610.793, 61
Trd, 4319611.643, 61
Trd, 4319612.543, 60
Trd, 4319612.893, 62
Trd, 4319613.593, 60
Trd, 4319613.643, 64
Trd, 4319614.343, 60
Trd, 4319614.543, 60
Trd, 4319614.693, 61
Trd, 4319615.643, 60
Trd, 4319615.993, 63
Trd, 4319617.043, 68
Trd, 4319617.793, 61
Trd, 4319619.793, 60
Trd, 4319619.943, 63
Trd, 4319620.543, 60
Trd, 4319620.843, 69
Trd, 4319621.193, 60
Trd, 4319622.443, 61
Trd, 4319623.093, 61
Trd, 4319623.943, 60
Trd, 4319624.043, 63
Trd, 4319625.243, 63
Trd, 4319625.443, 102
Trd, 4319627.643, 60
Trd, 4319627.993, 61
Trd, 4319628.293, 62
Trd, 4319628.593, 60
Trd, 4319629.043, 63
Trd, 4319629.743, 70
Trd, 4319630.193, 62
Trd, 4319630.293, 60
Trd, 4319630.743, 61
Trd, 4319632.643, 60
Trd, 4319633.243, 64
Trd, 4319633.493, 60
Trd, 4319634.793, 60
Trd, 4319635.643, 60
Trd, 4319636.093, 63
Trd, 4319636.293, 66
Trd, 4319637.043, 61
Trd, 4319637.243, 67
Trd, 4319637.593, 70
Trd, 4319638.643, 61
Trd, 4319639.743, 61
Trd, 4319639.793, 61
Trd, 4319640.293, 77
Trd, 4319641.393, 60
Trd, 4319641.543, 62
Trd, 4319641.993, 62
Trd, 4319643.543, 61
Trd, 4319644.193, 60
Trd, 4319644.543, 60
Trd, 4319646.043, 60
Trd, 4319646.443, 60
Trd, 4319646.943, 64
Trd, 4319647.543, 70
Trd, 4319647.643, 77
Trd, 4319649.443, 61
Trd, 4319651.043, 60
Trd, 4319651.093, 62
Trd, 4319652.493, 60
Trd, 4319652.893, 60
Trd, 4319653.243, 61
Trd, 4319653.993, 61
Trd, 4319654.543, 60
Trd, 4319655.293, 62
Trd, 4319655.443, 65
Trd, 4319656.343, 62
Trd, 4319656.443, 61
Trd, 4319658.343, 61
Trd, 4319658.943, 62
Trd, 4319659.243, 61
Trd, 4319659.443, 60
Trd, 4319659.643, 63
Trd, 4319660.193, 64
Trd, 4319661.093, 62
Trd, 4319661.493, 93
Trd, 4319661.743, 139
Trd, 4319663.043, 140
Trd, 4319663.193, 140
Trd, 4319663.243, 139
Trd, 4319663.893, 140
Trd, 4319665.043, 60
Trd, 4319665.893, 140
Trd, 4319665.993, 140
Trd, 4319666.893, 60
Trd, 4319667.043, 63
Trd, 4319667.743, 63
Trd, 4319668.143, 60
Trd, 4319668.643, 60
Trd, 4319669.843, 72
Trd, 4319670.993, 61
Trd, 4319671.443, 63
Trd, 4319672.493, 61
Trd, 4319672.943, 66
Trd, 4319674.343, 60
Trd, 4319674.393, 60
Trd, 4319674.993, 62
Trd, 4319676.493, 60
Trd, 4319676.993, 65
Trd, 4319678.793, 60
Trd, 4319678.943, 60
Trd, 4319679.093, 60
Trd, 4319679.143, 65
Trd, 4319679.193, 67
Trd, 4319680.193, 140
Trd, 4319680.343, 140
Trd, 4319681.443, 140
Trd, 4319681.643, 137
Trd, 4319681.743, 87
Trd, 4319682.993, 140
Trd, 4319683.943, 139
Trd, 4319684.443, 140
Trd, 4319685.093, 140
Trd, 4319686.093, 140
Trd, 4319686.843, 140
Trd, 4319687.143, 85
Trd, 4319687.743, 68
Trd, 4319688.043, 61
Trd, 4319688.793, 64
Trd, 4319690.893, 140
Trd, 4319691.093, 140
Trd, 4319692.093, 140
Trd, 4319692.393, 140
Trd, 4319692.643, 140
Trd, 4319693.543, 140
Trd, 4319694.343, 140
Trd, 4319694.443, 138
Trd, 4319695.043, 140
Trd, 4319695.593, 140
Trd, 4319696.393, 140
Trd, 4319697.743, 140
Trd, 4319698.043, 140
Trd, 4319698.143, 139
Trd, 4319698.193, 137
Trd, 4319699.993, 140
Trd, 4319700.893, 140
Trd, 4319700.943, 139
Trd, 4319701.193, 138
Trd, 4319701.993, 140
Trd, 4319702.543, 139
Trd, 4319704.143, 140
Trd, 4319704.243, 140
Trd, 4319704.293, 139
Trd, 4319704.643, 140
Trd, 4319705.493, 140
Trd, 4319706.543, 140
Trd, 4319707.093, 140
Trd, 4319708.093, 140
Trd, 4319708.193, 140
Trd, 4319709.593, 140
Trd, 4319710.243, 140
Trd, 4319711.643, 140
Trd, 4319711.793, 140
Trd, 4319712.193, 138
Trd, 4319713.593, 140
Trd, 4319713.743, 121
Trd, 4319713.893, 139
Trd, 4319715.193, 140
Trd, 4319716.243, 140
Trd, 4319716.543, 140
Trd, 4319717.593, 139
Trd, 4319717.693, 137
Trd, 4319718.443, 140
Trd, 4319718.793, 139
Trd, 4319718.993, 136
Trd, 4319719.543, 67
Trd, 4319721.343, 140
Trd, 4319721.893, 140
Trd, 4319722.843, 140
Trd, 4319724.143, 140
Trd, 4319724.543, 140
Trd, 4319724.593, 138
Trd, 4319724.793, 116
Trd, 4319725.593, 140
Trd, 4319726.693, 140
Trd, 4319726.793, 140
Trd, 4319727.893, 140
Trd, 4319728.243, 140
Trd, 4319729.693, 140
Trd, 4319730.043, 140
Trd, 4319730.143, 140
Trd, 4319730.343, 140
Trd, 4319730.393, 139
Trd, 4319730.593, 88
Trd, 4319731.343, 140
Trd, 4319732.193, 140
Trd, 4319733.843, 140
Trd, 4319734.293, 140
Trd, 4319734.443, 140
Trd, 4319736.293, 140
Trd, 4319737.243, 140
Trd, 4319737.893, 140
Trd, 4319737.943, 140
Trd, 4319738.793, 140
Trd, 4319740.043, 140
Trd, 4319740.393, 140
Trd, 4319740.693, 140
Trd, 4319741.643, 140
Trd, 4319742.493, 140
Trd, 4319743.093, 139
Trd, 4319744.743, 140
Trd, 4319745.093, 140
Trd, 4319745.893, 140
Trd, 4319746.193, 140
Trd, 4319746.293, 140
Trd, 4319746.343, 139
Trd, 4319748.743, 140
Trd, 4319748.993, 140
Trd, 4319749.943, 140
Trd, 4319750.643, 140
Trd, 4319750.693, 140
Trd, 4319751.093, 140
Trd, 4319752.543, 140
Trd, 4319753.393, 140
Trd, 4319753.943, 140
Trd, 4319754.093, 140
Trd, 4319755.043, 140
Trd, 4319755.493, 140
Trd, 4319755.693, 140
Trd, 4319756.143, 95
Trd, 4319756.793, 140
Trd, 4319757.193, 139
Trd, 4319757.393, 140
Trd, 4319757.643, 137
Trd, 4319759.093, 140
Trd, 4319759.193, 140
Trd, 4319759.243, 140
Trd, 4319760.043, 140
Trd, 4319761.393, 139
Trd, 4319762.543, 137
Trd, 4319763.943, 140
Trd, 4319764.243, 140
Trd, 4319764.293, 140
Trd, 4319764.893, 139
Trd, 4319765.293, 140
Trd, 4319766.393, 140
Trd, 4319767.193, 140
Trd, 4319768.043, 140
Trd, 4319768.243, 140
Trd, 4319769.643, 140
Trd, 4319769.793, 140
Trd, 4319771.143, 140
Trd, 4319771.593, 140
Trd, 4319772.293, 139
Trd, 4319772.643, 138
Trd, 4319773.443, 140
Trd, 4319773.593, 139
Trd, 4319774.593, 139
Trd, 4319775.343, 140
Trd, 4319775.693, 140
Trd, 4319775.893, 140
Trd, 4319776.593, 140
Trd, 4319777.043, 140
Trd, 4319777.743, 138
Trd, 4319778.493, 139
Trd, 4319780.293, 140
Trd, 4319780.943, 140
Trd, 4319781.743, 140
Trd, 4319782.543, 140
Trd, 4319782.643, 140
Trd, 4319782.743, 140
Trd, 4319782.943, 139
Trd, 4319783.943, 78
Trd, 4319784.043, 71
Trd, 4319784.143, 62
Trd, 4319785.593, 140
Trd, 4319786.243, 140
Trd, 4319787.043, 140
Trd, 4319787.193, 139
Trd, 4319788.693, 140
Trd, 4319788.943, 140
Trd, 4319789.143, 107
Trd, 4319789.943, 137
Trd, 4319790.893, 66
Trd, 4319791.243, 138
Trd, 4319793.343, 140
Trd, 4319793.443, 140
Trd, 4319793.943, 140
Trd, 4319794.143, 139
Trd, 4319794.543, 137
Trd, 4319795.493, 135
Trd, 4319795.993, 140
Trd, 4319796.943, 140
Trd, 4319797.643, 140
Trd, 4319797.793, 139
Trd, 4319798.393, 138
Trd, 4319799.543, 140
Trd, 4319800.193, 140
Trd, 4319800.743, 140
Trd, 4319801.443, 140
Trd, 4319801.793, 140
Trd, 4319802.593, 140
Trd, 4319802.693, 139
Trd, 4319803.493, 140
Trd, 4319805.543, 140
Trd, 4319805.693, 140
Trd, 4319805.793, 140
Trd, 4319807.443, 140
Trd, 4319808.143, 140
Trd, 4319808.343, 140
Trd, 4319809.143, 140
Trd, 4319809.293, 140
Trd, 4319809.893, 139
Trd, 4319811.193, 139
Trd, 4319811.593, 138
Trd, 4319812.143, 140
Trd, 4319812.793, 140
Trd, 4319812.993, 139
Trd, 4319813.493, 140
Trd, 4319814.843, 61
Trd, 4319815.093, 94
Trd, 4319815.743, 66
Trd, 4319816.543, 60
Trd, 4319817.043, 101
Trd, 4319817.243, 140
Trd, 4319817.493, 63
Trd, 4319818.893, 140
Trd, 4319819.493, 140
Trd, 4319820.293, 140
Trd, 4319820.393, 140
Trd, 4319820.493, 139
Trd, 4319822.793, 140
Trd, 4319823.293, 140
Trd, 4319824.193, 140
Trd, 4319825.143, 140
Trd, 4319825.293, 140
Trd, 4319825.543, 139
Trd, 4319825.743, 137
Trd, 4319827.493, 140
Trd, 4319827.893, 139
Trd, 4319827.993, 139
Trd, 4319828.093, 138
Trd, 4319828.693, 87
Trd, 4319829.193, 140
Trd, 4319829.743, 139
Trd, 4319831.093, 138
Trd, 4319831.643, 137
Trd, 4319832.393, 140
Trd, 4319832.443, 139
Trd, 4319833.243, 138
Trd, 4319834.243, 140
Trd, 4319834.643, 140
Trd, 4319836.043, 140
Trd, 4319836.593, 139
Trd, 4319836.893, 123
Trd, 4319837.243, 140
Trd, 4319837.843, 139
Trd, 4319839.143, 140
Trd, 4319839.743, 140
Trd, 4319839.843, 140
Trd, 4319840.493, 140
Trd, 4319841.243, 140
Trd, 4319841.393, 79
Trd, 4319842.993, 140
Trd, 4319843.143, 140
Trd, 4319843.243, 138
Trd, 4319845.093, 140
Trd, 4319845.343, 140
Trd, 4319845.693, 140
Trd, 4319846.243, 100
Trd, 4319846.743, 140
Trd, 4319847.193, 140
Trd, 4319847.843, 140
Trd, 4319848.043, 140
Trd, 4319850.393, 138
Trd, 4319851.043, 140
Trd, 4319851.093, 139
Trd, 4319851.443, 140
Trd, 4319852.043, 138
Trd, 4319852.293, 140
Trd, 4319852.693, 137
Trd, 4319853.893, 140
Trd, 4319854.093, 140
Trd, 4319854.443, 140
Trd, 4319856.993, 140
Trd, 4319857.093, 140
Trd, 4319857.593, 140
Trd, 4319857.943, 140
Trd, 4319858.443, 140
Trd, 4319858.543, 137
Trd, 4319858.593, 134
Trd, 4319858.993, 140
Trd, 4319861.093, 139
Trd, 4319861.343, 140
Trd, 4319862.143, 140
Trd, 4319862.843, 139
Trd, 4319863.793, 140
Trd, 4319864.343, 140
Trd, 4319864.393, 140
Trd, 4319865.393, 140
Trd, 4319865.993, 140
Trd, 4319866.143, 140
Trd, 4319868.143, 140
Trd, 4319869.043, 140
Trd, 4319869.443, 140
Trd, 4319870.293, 140
Trd, 4319870.943, 140
Trd, 4319872.143, 140
Trd, 4319872.693, 140
Trd, 4319872.743, 140
Trd, 4319873.343, 140
Trd, 4319873.743, 140
Trd, 4319874.343, 139
Trd, 4319874.493, 138
Trd, 4319875.593, 140
Trd, 4319875.693, 140
Trd, 4319876.743, 140
Trd, 4319877.543, 140
Trd, 4319877.893, 140
Trd, 4319878.443, 140
Trd, 4319879.243, 140
Trd, 4319879.643, 139
Trd, 4319879.693, 138
Trd, 4319881.293, 60
Trd, 4319881.743, 60
Trd, 4319881.943, 61
Trd, 4319882.243, 60
Trd, 4319883.393, 140
Trd, 4319883.793, 140
Trd, 4319884.193, 140
Trd, 4319884.543, 140
Trd, 4319885.243, 140
Trd, 4319886.393, 140
Trd, 4319887.043, 137
Trd, 4319887.743, 139
Trd, 4319887.843, 90
Trd, 4319889.643, 140
Trd, 4319889.993, 139
Trd, 4319890.493, 140
Trd, 4319892.043, 140
Trd, 4319892.443, 140
Trd, 4319893.043, 140
Trd, 4319893.743, 139
Trd, 4319894.543, 140
Trd, 4319895.143, 140
Trd, 4319895.643, 140
Trd, 4319895.693, 140
Trd, 4319896.243, 140
Trd, 4319897.293, 140
Trd, 4319897.343, 140
Trd, 4319898.393, 140
Trd, 4319898.493, 140
Trd, 4319900.343, 140
Trd, 4319900.693, 139
Trd, 4319901.743, 140
Trd, 4319902.143, 140
Trd, 4319902.643, 135
Trd, 4319903.643, 140
Trd, 4319903.893, 140
Trd, 4319904.993, 140
Trd, 4319905.443, 140
Trd, 4319905.493, 140
Trd, 4319905.643, 138
Trd, 4319906.493, 140
Trd, 4319907.093, 140
Trd, 4319907.243, 140
Trd, 4319907.793, 100
Trd, 4319908.093, 71
Trd, 4319909.593, 140
Trd, 4319909.843, 139
Trd, 4319910.043, 138
Trd, 4319911.893, 140
Trd, 4319912.793, 140
Trd, 4319912.993, 140
Trd, 4319913.793, 140
Trd, 4319914.943, 140
Trd, 4319915.193, 140
Trd, 4319915.243, 140
Trd, 4319915.843, 138
Trd, 4319916.243, 140
Trd, 4319917.043, 140
Trd, 4319917.443, 61
Trd, 4319917.543, 62
Trd, 4319918.943, 97
Trd, 4319919.343, 137
Trd, 4319920.443, 61
Trd, 4319920.693, 60
Trd, 4319921.443, 61
Trd, 4319922.543, 61
Trd, 4319922.693, 69
Trd, 4319923.093, 73
Trd, 4319923.293, 134
Trd, 4319924.243, 139
Trd, 4319925.343, 66
Trd, 4319926.043, 139
Trd, 4319926.793, 115
Trd, 4319927.693, 139
Trd, 4319927.743, 138
Trd, 4319929.043, 139
Trd, 4319929.293, 140
Trd, 4319930.243, 60
Trd, 4319931.293, 60
Trd, 4319931.343, 64
Trd, 4319932.293, 66
Trd, 4319933.643, 62
Trd, 4319934.543, 60
Trd, 4319935.293, 65
Trd, 4319936.593, 61
Trd, 4319937.393, 61
Trd, 4319937.693, 64
Trd, 4319938.043, 62
Trd, 4319938.243, 65
Trd, 4319938.393, 104
Trd, 4319939.393, 140
Trd, 4319939.543, 61
Trd, 4319940.743, 65
Trd, 4319941.743, 60
Trd, 4319942.743, 63
Trd, 4319942.943, 60
Trd, 4319943.243, 60
Trd, 4319943.393, 60
Trd, 4319944.193, 69
Trd, 4319944.543, 62
Trd, 4319945.343, 139
Trd, 4319946.543, 61
Trd, 4319946.793, 61
Trd, 4319947.993, 61
Trd, 4319948.293, 139
Trd, 4319949.243, 60
Trd, 4319949.493, 61
Trd, 4319949.593, 66
Trd, 4319950.893, 60
Trd, 4319950.943, 61
Trd, 4319951.193, 61
Trd, 4319951.943, 60
Trd, 4319952.143, 63
Trd, 4319952.643, 72
Trd, 4319954.843, 61
Trd, 4319955.093, 60
Trd, 4319956.743, 60
Trd, 4319957.243, 61
Trd, 4319957.493, 140
Trd, 4319958.193, 64
Trd, 4319959.043, 60
Trd, 4319959.243, 60
Trd, 4319959.893, 60
Trd, 4319960.293, 63
Trd, 4319960.943, 62
Trd, 4319961.993, 60
Trd, 4319962.743, 60
Trd, 4319963.243, 61
Trd, 4319963.743, 64
Trd, 4319965.193, 60
Trd, 4319966.693, 60
Trd, 4319966.993, 60
Trd, 4319967.393, 60
Trd, 4319967.593, 61
Trd, 4319967.993, 64
Trd, 4319969.093, 62
Trd, 4319969.293, 62
Trd, 4319969.693, 61
Trd, 4319969.943, 62
Trd, 4319971.043, 61
Trd, 4319971.143, 62
Trd, 4319971.243, 66
Trd, 4319971.543, 101
Trd, 4319973.143, 63
Trd, 4319973.243, 64
Trd, 4319973.543, 68
Trd, 4319974.043, 135
Trd, 4319974.243, 63
Trd, 4319976.593, 60
Trd, 4319976.943, 61
Trd, 4319977.993, 60
Trd, 4319978.143, 61
Trd, 4319978.293, 62
Trd, 4319979.793, 61
Trd, 4319979.843, 63
Trd, 4319980.593, 61
Trd, 4319980.643, 63
Trd, 4319982.043, 60
Trd, 4319982.293, 61
Trd, 4319982.443, 62
Trd, 4319982.543, 64
Trd, 4319982.693, 60
Trd, 4319983.643, 125
Trd, 4319984.443, 60
Trd, 4319985.143, 64
Trd, 4319986.443, 61
Trd, 4319987.943, 60
Trd, 4319988.743, 63
Trd, 4319989.943, 65
Trd, 4319990.193, 63
Trd, 4319990.643, 65
Trd, 4319990.993, 66
Trd, 4319991.943, 60
Trd, 4319993.343, 60
Trd, 4319994.093, 60
Trd, 4319994.393, 60
Trd, 4319994.993, 61
Trd, 4319995.893, 60
Trd, 4319996.243, 60
Trd, 4319996.643, 60
Trd, 4319996.793, 60
Trd, 4319996.893, 61
Trd, 4319998.193, 60
Trd, 4319998.793, 60
Trd, 4319999.243, 62
