Trd, 4318104.243, 140
Trd, 4318105.893, 140
Trd, 4318106.043, 140
Trd, 4318106.243, 140
Trd, 4318106.543, 139
Trd, 4318106.993, 140
Trd, 4318107.343, 138
Trd, 4318108.193, 140
Trd, 4318110.093, 140
Trd, 4318110.143, 140
Trd, 4318110.393, 139
Trd, 4318110.693, 136
Trd, 4318112.993, 140
Trd, 4318113.243, 140
Trd, 4318113.693, 139
Trd, 4318114.093, 140
Trd, 4318114.193, 119
Trd, 4318115.743, 140
Trd, 4318116.393, 140
Trd, 4318117.493, 140
Trd, 4318118.293, 140
Trd, 4318118.943, 140
Trd, 4318119.093, 140
Trd, 4318119.793, 140
Trd, 4318119.993, 140
Trd, 4318120.943, 140
Trd, 4318120.993, 140
Trd, 4318123.293, 140
Trd, 4318124.043, 140
Trd, 4318124.193, 140
Trd, 4318125.943, 140
Trd, 4318126.293, 140
Trd, 4318126.543, 140
Trd, 4318126.943, 140
Trd, 4318129.493, 140
Trd, 4318131.043, 140
Trd, 4318131.093, 140
Trd, 4318132.393, 140
Trd, 4318133.443, 140
Trd, 4318134.043, 140
Trd, 4318134.393, 140
Trd, 4318135.093, 140
Trd, 4318136.493, 140
Trd, 4318137.093, 140
Trd, 4318137.643, 140
Trd, 4318138.343, 140
Trd, 4318139.343, 140
Trd, 4318139.843, 140
Trd, 4318140.443, 140
Trd, 4318140.593, 140
Trd, 4318141.593, 140
Trd, 4318141.893, 138
Trd, 4318142.993, 139
Trd, 4318143.143, 137
Trd, 4318143.793, 140
Trd, 4318146.443, 140
Trd, 4318146.593, 140
Trd, 4318146.743, 140
Trd, 4318147.743, 140
Trd, 4318149.543, 140
Trd, 4318149.743, 140
Trd, 4318150.493, 140
Trd, 4318152.143, 140
Trd, 4318152.343, 140
Trd, 4318153.593, 140
Trd, 4318154.743, 140
Trd, 4318156.843, 140
Trd, 4318157.143, 140
Trd, 4318157.643, 140
Trd, 4318158.443, 140
Trd, 4318158.543, 140
Trd, 4318159.193, 140
Trd, 4318159.443, 140
Trd, 4318160.243, 140
Trd, 4318161.143, 140
Trd, 4318161.293, 140
Trd, 4318162.243, 74
Trd, 4318164.493, 140
Trd, 4318165.143, 140
Trd, 4318165.693, 140
Trd, 4318165.743, 140
Trd, 4318167.743, 140
Trd, 4318168.843, 140
Trd, 4318168.893, 140
Trd, 4318171.093, 140
Trd, 4318171.243, 140
Trd, 4318172.043, 140
Trd, 4318172.143, 140
Trd, 4318172.293, 140
Trd, 4318172.743, 140
Trd, 4318173.193, 140
Trd, 4318173.443, 139
Trd, 4318175.593, 140
Trd, 4318177.743, 140
Trd, 4318177.943, 140
Trd, 4318179.143, 140
Trd, 4318181.193, 140
Trd, 4318181.593, 140
Trd, 4318183.143, 140
Trd, 4318184.143, 140
Trd, 4318184.343, 140
Trd, 4318184.493, 139
Trd, 4318184.593, 139
Trd, 4318184.643, 139
Trd, 4318187.193, 140
Trd, 4318187.493, 140
Trd, 4318187.943, 140
Trd, 4318188.943, 140
Trd, 4318189.143, 140
Trd, 4318190.543, 140
Trd, 4318190.943, 140
Trd, 4318191.143, 140
Trd, 4318191.493, 140
Trd, 4318192.093, 139
Trd, 4318193.593, 60
Trd, 4318193.943, 65
Trd, 4318195.243, 60
Trd, 4318196.443, 60
Trd, 4318196.493, 60
Trd, 4318197.093, 62
Trd, 4318197.293, 62
Trd, 4318197.893, 61
Trd, 4318198.493, 137
Trd, 4318199.743, 140
Trd, 4318201.243, 140
Trd, 4318201.543, 140
Trd, 4318202.443, 140
Trd, 4318202.793, 140
Trd, 4318203.293, 140
Trd, 4318203.793, 140
Trd, 4318205.393, 140
Trd, 4318206.743, 140
Trd, 4318207.343, 140
Trd, 4318207.593, 140
Trd, 4318208.293, 140
Trd, 4318208.743, 140
Trd, 4318210.093, 140
Trd, 4318210.793, 140
Trd, 4318211.093, 140
Trd, 4318211.543, 140
Trd, 4318211.593, 140
Trd, 4318211.943, 140
Trd, 4318212.593, 140
Trd, 4318213.693, 140
Trd, 4318213.793, 140
Trd, 4318215.793, 140
Trd, 4318216.293, 140
Trd, 4318216.393, 140
Trd, 4318217.293, 139
Trd, 4318218.143, 140
Trd, 4318219.443, 140
Trd, 4318219.643, 140
Trd, 4318220.593, 140
Trd, 4318221.593, 140
Trd, 4318221.993, 140
Trd, 4318222.743, 140
Trd, 4318223.743, 140
Trd, 4318224.143, 140
Trd, 4318224.843, 140
Trd, 4318226.393, 140
Trd, 4318226.893, 140
Trd, 4318227.143, 139
Trd, 4318227.543, 138
Trd, 4318229.443, 140
Trd, 4318230.293, 140
Trd, 4318230.793, 140
Trd, 4318231.493, 140
Trd, 4318231.793, 140
Trd, 4318232.893, 140
Trd, 4318234.143, 140
Trd, 4318234.493, 140
Trd, 4318235.743, 139
Trd, 4318235.943, 140
Trd, 4318236.493, 140
Trd, 4318236.893, 70
Trd, 4318237.993, 69
Trd, 4318238.543, 81
Trd, 4318238.893, 64
Trd, 4318239.743, 140
Trd, 4318240.193, 140
Trd, 4318240.693, 140
Trd, 4318241.493, 140
Trd, 4318243.243, 140
Trd, 4318243.643, 140
Trd, 4318244.343, 140
Trd, 4318244.543, 140
Trd, 4318244.593, 139
Trd, 4318245.393, 140
Trd, 4318246.193, 140
Trd, 4318246.693, 140
Trd, 4318247.443, 140
Trd, 4318249.043, 140
Trd, 4318249.443, 140
Trd, 4318250.593, 140
Trd, 4318250.743, 139
Trd, 4318250.793, 139
Trd, 4318251.493, 67
Trd, 4318252.293, 139
Trd, 4318252.643, 140
Trd, 4318254.143, 140
Trd, 4318254.743, 140
Trd, 4318255.993, 140
Trd, 4318256.143, 140
Trd, 4318256.493, 139
Trd, 4318257.743, 140
Trd, 4318258.493, 140
Trd, 4318260.193, 140
Trd, 4318261.093, 140
Trd, 4318262.493, 140
Trd, 4318263.143, 140
Trd, 4318263.993, 140
Trd, 4318264.643, 140
Trd, 4318264.893, 140
Trd, 4318265.443, 140
Trd, 4318265.743, 140
Trd, 4318266.193, 140
Trd, 4318266.443, 140
Trd, 4318266.793, 138
Trd, 4318267.143, 109
Trd, 4318267.793, 74
Trd, 4318270.293, 140
Trd, 4318270.793, 140
Trd, 4318271.543, 140
Trd, 4318272.693, 140
Trd, 4318273.193, 140
Trd, 4318273.593, 140
Trd, 4318274.543, 140
Trd, 4318275.093, 140
Trd, 4318276.743, 140
Trd, 4318277.243, 140
Trd, 4318278.043, 140
Trd, 4318278.193, 140
Trd, 4318279.843, 140
Trd, 4318280.443, 140
Trd, 4318281.093, 140
Trd, 4318281.143, 140
Trd, 4318281.893, 140
Trd, 4318282.543, 140
Trd, 4318283.593, 140
Trd, 4318284.593, 140
Trd, 4318285.243, 140
Trd, 4318285.993, 140
Trd, 4318286.743, 140
Trd, 4318287.393, 140
Trd, 4318287.943, 140
Trd, 4318288.343, 140
Trd, 4318289.343, 140
Trd, 4318289.993, 140
Trd, 4318291.793, 140
Trd, 4318292.543, 140
Trd, 4318292.593, 140
Trd, 4318292.843, 140
Trd, 4318293.643, 140
Trd, 4318296.743, 140
Trd, 4318297.143, 140
Trd, 4318298.093, 140
Trd, 4318299.093, 140
Trd, 4318300.193, 140
Trd, 4318300.443, 140
Trd, 4318301.343, 140
Trd, 4318301.543, 140
Trd, 4318301.843, 140
Trd, 4318302.443, 140
Trd, 4318302.543, 140
Trd, 4318302.943, 140
Trd, 4318303.493, 140
Trd, 4318303.843, 140
Trd, 4318304.793, 140
Trd, 4318306.443, 140
Trd, 4318306.893, 140
Trd, 4318307.343, 140
Trd, 4318308.443, 140
Trd, 4318308.843, 140
Trd, 4318309.293, 140
Trd, 4318309.893, 139
Trd, 4318310.993, 140
Trd, 4318311.643, 140
Trd, 4318311.893, 140
Trd, 4318313.843, 140
Trd, 4318314.043, 140
Trd, 4318314.343, 140
Trd, 4318316.093, 140
Trd, 4318316.143, 140
Trd, 4318317.493, 140
Trd, 4318319.193, 140
Trd, 4318320.943, 140
Trd, 4318321.043, 140
Trd, 4318321.193, 140
Trd, 4318321.393, 140
Trd, 4318322.843, 140
Trd, 4318323.943, 140
Trd, 4318324.243, 140
Trd, 4318324.393, 140
Trd, 4318324.543, 140
Trd, 4318324.843, 140
Trd, 4318326.693, 140
Trd, 4318328.093, 140
Trd, 4318330.193, 140
Trd, 4318331.493, 140
Trd, 4318331.543, 140
Trd, 4318331.643, 140
Trd, 4318332.243, 140
Trd, 4318333.493, 140
Trd, 4318334.493, 140
Trd, 4318335.293, 140
Trd, 4318336.843, 140
Trd, 4318337.543, 140
Trd, 4318338.343, 140
Trd, 4318338.493, 140
Trd, 4318338.843, 140
Trd, 4318340.193, 140
Trd, 4318340.593, 140
Trd, 4318340.643, 136
Trd, 4318341.143, 135
Trd, 4318341.193, 78
Trd, 4318342.743, 140
Trd, 4318342.993, 140
Trd, 4318346.493, 140
Trd, 4318347.043, 140
Trd, 4318347.543, 140
Trd, 4318347.693, 140
Trd, 4318348.143, 140
Trd, 4318349.293, 140
Trd, 4318349.493, 140
Trd, 4318349.843, 140
Trd, 4318351.493, 140
Trd, 4318351.593, 140
Trd, 4318351.893, 139
Trd, 4318352.143, 97
Trd, 4318352.893, 140
Trd, 4318354.243, 140
Trd, 4318355.243, 140
Trd, 4318355.293, 138
Trd, 4318356.393, 140
Trd, 4318357.643, 140
Trd, 4318358.143, 140
Trd, 4318358.343, 140
Trd, 4318358.943, 140
Trd, 4318359.943, 140
Trd, 4318360.543, 134
Trd, 4318361.043, 61
Trd, 4318362.143, 140
Trd, 4318364.193, 140
Trd, 4318364.393, 140
Trd, 4318364.793, 140
Trd, 4318365.043, 140
Trd, 4318365.193, 139
Trd, 4318365.893, 137
Trd, 4318367.243, 139
Trd, 4318369.443, 140
Trd, 4318369.543, 140
Trd, 4318369.993, 140
Trd, 4318370.093, 139
Trd, 4318371.743, 140
Trd, 4318372.893, 140
Trd, 4318372.993, 140
Trd, 4318373.293, 140
Trd, 4318374.343, 140
Trd, 4318375.143, 140
Trd, 4318376.143, 140
Trd, 4318376.743, 140
Trd, 4318377.893, 140
Trd, 4318378.543, 140
Trd, 4318378.643, 140
Trd, 4318379.043, 140
Trd, 4318380.393, 140
Trd, 4318381.643, 140
Trd, 4318381.743, 140
Trd, 4318382.143, 140
Trd, 4318382.743, 140
Trd, 4318384.493, 140
Trd, 4318384.643, 140
Trd, 4318386.143, 140
Trd, 4318387.343, 140
Trd, 4318387.693, 140
Trd, 4318388.193, 140
Trd, 4318388.893, 140
Trd, 4318389.343, 140
Trd, 4318389.693, 140
Trd, 4318389.993, 140
Trd, 4318390.493, 140
Trd, 4318390.693, 140
Trd, 4318391.893, 140
Trd, 4318392.393, 140
Trd, 4318393.293, 140
Trd, 4318395.143, 140
Trd, 4318395.593, 140
Trd, 4318396.443, 140
Trd, 4318397.293, 140
Trd, 4318397.393, 140
Trd, 4318398.293, 140
Trd, 4318398.943, 140
Trd, 4318399.143, 139
Trd, 4318399.693, 140
Trd, 4318400.443, 140
Trd, 4318400.693, 137
Trd, 4318403.893, 140
Trd, 4318403.993, 140
Trd, 4318404.243, 140
Trd, 4318404.643, 140
Trd, 4318404.993, 140
Trd, 4318406.093, 140
Trd, 4318406.643, 140
Trd, 4318408.693, 140
Trd, 4318409.543, 140
Trd, 4318410.293, 140
Trd, 4318410.443, 140
Trd, 4318410.643, 140
Trd, 4318411.193, 140
Trd, 4318412.743, 140
Trd, 4318413.993, 140
Trd, 4318414.043, 140
Trd, 4318415.243, 140
Trd, 4318416.893, 140
Trd, 4318417.393, 140
Trd, 4318417.893, 140
Trd, 4318418.043, 140
Trd, 4318418.443, 140
Trd, 4318418.743, 140
Trd, 4318418.793, 140
Trd, 4318420.293, 140
Trd, 4318420.393, 139
Trd, 4318421.193, 140
Trd, 4318422.443, 140
Trd, 4318423.143, 62
Trd, 4318423.593, 65
Trd, 4318425.093, 139
Trd, 4318425.243, 139
Trd, 4318426.143, 140
Trd, 4318426.493, 140
Trd, 4318426.643, 140
Trd, 4318427.893, 140
Trd, 4318428.443, 140
Trd, 4318428.593, 140
Trd, 4318428.943, 140
Trd, 4318429.093, 139
Trd, 4318430.493, 60
Trd, 4318430.593, 60
Trd, 4318431.843, 140
Trd, 4318433.043, 140
Trd, 4318433.493, 140
Trd, 4318434.193, 140
Trd, 4318434.793, 140
Trd, 4318435.043, 140
Trd, 4318435.543, 140
Trd, 4318436.093, 140
Trd, 4318436.843, 140
Trd, 4318437.943, 140
Trd, 4318438.893, 140
Trd, 4318439.943, 140
Trd, 4318440.493, 140
Trd, 4318440.593, 140
Trd, 4318441.393, 140
Trd, 4318442.093, 140
Trd, 4318443.393, 140
Trd, 4318443.793, 140
Trd, 4318444.143, 140
Trd, 4318445.443, 140
Trd, 4318445.493, 140
Trd, 4318446.743, 140
Trd, 4318447.193, 140
Trd, 4318447.543, 137
Trd, 4318448.593, 140
Trd, 4318449.093, 140
Trd, 4318449.293, 140
Trd, 4318449.893, 140
Trd, 4318450.393, 140
Trd, 4318451.793, 140
Trd, 4318453.643, 140
Trd, 4318453.793, 140
Trd, 4318454.643, 140
Trd, 4318455.443, 140
Trd, 4318456.743, 140
Trd, 4318459.343, 140
Trd, 4318459.593, 140
Trd, 4318459.993, 140
Trd, 4318460.593, 140
Trd, 4318460.843, 140
Trd, 4318461.243, 140
Trd, 4318464.143, 140
Trd, 4318464.543, 140
Trd, 4318465.593, 140
Trd, 4318465.993, 140
Trd, 4318466.293, 140
Trd, 4318466.693, 140
Trd, 4318468.793, 140
Trd, 4318469.593, 140
Trd, 4318470.393, 140
Trd, 4318470.743, 140
Trd, 4318471.493, 140
Trd, 4318471.993, 140
Trd, 4318472.493, 140
Trd, 4318472.643, 139
Trd, 4318473.743, 140
Trd, 4318475.143, 140
Trd, 4318475.893, 140
Trd, 4318476.543, 140
Trd, 4318476.843, 140
Trd, 4318477.693, 140
Trd, 4318477.893, 78
Trd, 4318478.143, 137
Trd, 4318478.743, 140
Trd, 4318480.343, 140
Trd, 4318480.793, 140
Trd, 4318481.243, 139
Trd, 4318481.543, 140
Trd, 4318482.443, 136
Trd, 4318482.893, 135
Trd, 4318485.843, 140
Trd, 4318486.043, 140
Trd, 4318486.143, 140
Trd, 4318486.843, 140
Trd, 4318487.343, 140
Trd, 4318488.293, 140
Trd, 4318488.993, 140
Trd, 4318489.543, 139
Trd, 4318489.743, 138
Trd, 4318490.893, 140
Trd, 4318491.493, 140
Trd, 4318492.843, 140
Trd, 4318493.393, 140
Trd, 4318494.243, 140
Trd, 4318494.393, 140
Trd, 4318495.693, 140
Trd, 4318496.893, 140
Trd, 4318497.243, 140
Trd, 4318497.593, 140
Trd, 4318498.393, 140
Trd, 4318498.493, 139
Trd, 4318500.443, 140
Trd, 4318501.843, 140
Trd, 4318502.293, 140
Trd, 4318503.193, 140
Trd, 4318503.643, 140
Trd, 4318504.843, 140
Trd, 4318505.093, 139
Trd, 4318505.243, 139
Trd, 4318506.293, 140
Trd, 4318506.743, 140
Trd, 4318508.143, 140
Trd, 4318508.943, 140
Trd, 4318509.043, 140
Trd, 4318509.743, 62
Trd, 4318510.143, 140
Trd, 4318510.843, 140
Trd, 4318511.143, 139
Trd, 4318511.393, 139
Trd, 4318512.543, 140
Trd, 4318512.993, 140
Trd, 4318514.743, 140
Trd, 4318515.543, 140
Trd, 4318516.043, 140
Trd, 4318516.993, 140
Trd, 4318518.043, 140
Trd, 4318518.093, 140
Trd, 4318520.543, 140
Trd, 4318521.493, 140
Trd, 4318521.893, 140
Trd, 4318524.643, 140
Trd, 4318524.843, 140
Trd, 4318526.493, 140
Trd, 4318526.543, 140
Trd, 4318526.893, 140
Trd, 4318527.843, 140
Trd, 4318527.943, 140
Trd, 4318529.143, 140
Trd, 4318531.343, 140
Trd, 4318531.493, 140
Trd, 4318532.493, 140
Trd, 4318533.793, 140
Trd, 4318535.043, 140
Trd, 4318535.093, 140
Trd, 4318535.543, 140
Trd, 4318536.093, 140
Trd, 4318537.143, 140
Trd, 4318537.743, 140
Trd, 4318537.943, 140
Trd, 4318539.593, 140
Trd, 4318540.793, 140
Trd, 4318541.193, 140
Trd, 4318541.543, 140
Trd, 4318541.743, 140
Trd, 4318542.043, 140
Trd, 4318542.593, 140
Trd, 4318543.743, 140
Trd, 4318543.793, 140
Trd, 4318544.893, 140
Trd, 4318545.493, 140
Trd, 4318546.243, 140
Trd, 4318546.393, 139
Trd, 4318547.443, 140
Trd, 4318547.693, 140
Trd, 4318550.043, 140
Trd, 4318550.243, 140
Trd, 4318550.793, 140
Trd, 4318551.443, 140
Trd, 4318552.093, 140
Trd, 4318552.493, 140
Trd, 4318553.293, 140
Trd, 4318553.393, 139
Trd, 4318554.193, 140
Trd, 4318554.393, 139
Trd, 4318555.643, 140
Trd, 4318555.843, 139
Trd, 4318557.043, 139
Trd, 4318557.643, 140
Trd, 4318557.993, 140
Trd, 4318559.743, 140
Trd, 4318560.993, 140
Trd, 4318561.143, 140
Trd, 4318561.493, 140
Trd, 4318562.993, 140
Trd, 4318563.293, 140
Trd, 4318564.243, 140
Trd, 4318564.543, 140
Trd, 4318565.043, 140
Trd, 4318565.693, 140
Trd, 4318566.543, 140
Trd, 4318567.393, 140
Trd, 4318567.643, 140
Trd, 4318569.743, 140
Trd, 4318570.393, 140
Trd, 4318571.093, 140
Trd, 4318572.493, 140
Trd, 4318572.543, 140
Trd, 4318573.043, 140
Trd, 4318573.093, 140
Trd, 4318573.493, 140
Trd, 4318573.643, 140
Trd, 4318575.893, 140
Trd, 4318576.043, 140
Trd, 4318576.243, 140
Trd, 4318577.693, 140
Trd, 4318577.943, 140
Trd, 4318578.093, 140
Trd, 4318578.543, 140
Trd, 4318578.893, 140
Trd, 4318579.993, 140
Trd, 4318580.643, 140
Trd, 4318581.493, 140
Trd, 4318582.093, 140
Trd, 4318583.493, 140
Trd, 4318583.643, 140
Trd, 4318583.943, 140
Trd, 4318584.643, 140
Trd, 4318585.693, 140
Trd, 4318586.093, 138
Trd, 4318587.843, 140
Trd, 4318588.243, 139
Trd, 4318590.893, 140
Trd, 4318591.243, 140
Trd, 4318591.793, 140
Trd, 4318592.593, 140
Trd, 4318593.243, 140
Trd, 4318593.843, 140
Trd, 4318594.243, 140
Trd, 4318594.293, 140
Trd, 4318594.843, 140
Trd, 4318596.043, 140
Trd, 4318597.143, 140
Trd, 4318597.643, 140
Trd, 4318599.843, 140
Trd, 4318600.243, 140
Trd, 4318600.343, 140
Trd, 4318601.843, 140
Trd, 4318602.043, 140
Trd, 4318602.643, 140
Trd, 4318602.893, 139
Trd, 4318603.193, 139
Trd, 4318603.243, 137
Trd, 4318603.843, 140
Trd, 4318605.443, 140
Trd, 4318606.143, 140
Trd, 4318608.243, 140
Trd, 4318608.343, 140
Trd, 4318608.393, 140
Trd, 4318610.043, 140
Trd, 4318611.243, 140
Trd, 4318611.543, 140
Trd, 4318611.743, 140
Trd, 4318611.943, 140
Trd, 4318612.243, 140
Trd, 4318612.743, 139
Trd, 4318613.793, 139
Trd, 4318614.843, 139
Trd, 4318615.343, 140
Trd, 4318615.743, 140
Trd, 4318615.843, 140
Trd, 4318616.043, 139
Trd, 4318616.293, 139
Trd, 4318616.593, 140
Trd, 4318617.593, 140
Trd, 4318619.743, 140
Trd, 4318620.743, 140
Trd, 4318621.643, 140
Trd, 4318621.693, 140
Trd, 4318624.493, 140
Trd, 4318625.493, 140
Trd, 4318625.693, 140
Trd, 4318625.743, 140
Trd, 4318626.643, 140
Trd, 4318627.293, 140
Trd, 4318627.493, 140
Trd, 4318627.693, 140
Trd, 4318628.143, 140
Trd, 4318628.493, 140
Trd, 4318628.793, 139
Trd, 4318630.543, 140
Trd, 4318631.343, 140
Trd, 4318632.193, 140
Trd, 4318632.993, 140
Trd, 4318633.143, 140
Trd, 4318633.743, 140
Trd, 4318634.443, 140
Trd, 4318637.693, 140
Trd, 4318637.843, 140
Trd, 4318638.343, 140
Trd, 4318638.493, 140
Trd, 4318639.043, 137
Trd, 4318639.193, 136
Trd, 4318639.293, 135
Trd, 4318639.843, 138
Trd, 4318641.643, 140
Trd, 4318642.593, 140
Trd, 4318642.893, 140
Trd, 4318642.993, 140
Trd, 4318643.393, 140
Trd, 4318644.893, 140
Trd, 4318645.743, 140
Trd, 4318647.143, 140
Trd, 4318647.893, 140
Trd, 4318648.093, 140
Trd, 4318648.343, 140
Trd, 4318648.643, 139
Trd, 4318648.943, 139
Trd, 4318649.043, 138
Trd, 4318651.193, 140
Trd, 4318651.393, 140
Trd, 4318652.793, 140
Trd, 4318654.543, 140
Trd, 4318655.493, 140
Trd, 4318655.693, 140
Trd, 4318656.493, 140
Trd, 4318657.643, 140
Trd, 4318659.543, 140
Trd, 4318659.843, 140
Trd, 4318659.943, 140
Trd, 4318660.843, 140
Trd, 4318660.943, 140
Trd, 4318661.543, 140
Trd, 4318661.943, 140
Trd, 4318662.093, 140
Trd, 4318662.143, 139
Trd, 4318662.793, 140
Trd, 4318663.493, 140
Trd, 4318664.393, 140
Trd, 4318665.293, 140
Trd, 4318665.593, 139
Trd, 4318666.493, 140
Trd, 4318666.793, 140
Trd, 4318668.843, 140
Trd, 4318668.943, 140
Trd, 4318669.393, 140
Trd, 4318670.643, 140
Trd, 4318671.093, 140
Trd, 4318672.093, 140
Trd, 4318672.143, 140
Trd, 4318672.243, 140
Trd, 4318673.093, 140
Trd, 4318674.543, 140
Trd, 4318674.843, 140
Trd, 4318675.793, 139
Trd, 4318677.143, 140
Trd, 4318677.693, 140
Trd, 4318678.043, 139
Trd, 4318678.443, 138
Trd, 4318679.543, 140
Trd, 4318680.243, 140
Trd, 4318681.193, 140
Trd, 4318681.393, 140
Trd, 4318681.843, 139
Trd, 4318682.393, 139
Trd, 4318682.543, 138
Trd, 4318683.293, 140
Trd, 4318684.193, 140
Trd, 4318684.743, 140
Trd, 4318686.543, 140
Trd, 4318686.743, 134
Trd, 4318688.193, 60
Trd, 4318688.293, 62
Trd, 4318689.493, 61
Trd, 4318689.993, 132
Trd, 4318690.943, 60
Trd, 4318691.843, 61
Trd, 4318693.343, 63
Trd, 4318693.593, 70
Trd, 4318694.043, 64
Trd, 4318694.593, 62
Trd, 4318695.093, 61
Trd, 4318695.793, 60
Trd, 4318695.893, 63
Trd, 4318697.043, 62
Trd, 4318698.093, 62
Trd, 4318698.593, 70
Trd, 4318698.693, 62
Trd, 4318699.793, 62
Trd, 4318700.593, 140
Trd, 4318701.093, 140
Trd, 4318702.743, 140
Trd, 4318702.893, 140
Trd, 4318703.743, 140
Trd, 4318705.043, 140
Trd, 4318705.543, 140
Trd, 4318706.593, 140
Trd, 4318706.693, 140
Trd, 4318707.193, 140
Trd, 4318707.393, 140
Trd, 4318708.093, 140
Trd, 4318708.343, 139
Trd, 4318708.993, 139
Trd, 4318709.693, 64
Trd, 4318709.793, 140
Trd, 4318710.693, 139
Trd, 4318710.843, 139
Trd, 4318711.193, 138
Trd, 4318711.993, 140
Trd, 4318713.293, 61
Trd, 4318714.093, 61
Trd, 4318715.793, 61
Trd, 4318716.493, 60
Trd, 4318717.143, 61
Trd, 4318717.893, 69
Trd, 4318718.193, 70
Trd, 4318719.143, 60
Trd, 4318719.593, 60
Trd, 4318720.993, 61
Trd, 4318721.293, 60
Trd, 4318721.493, 66
Trd, 4318722.193, 68
Trd, 4318723.543, 60
Trd, 4318724.293, 60
Trd, 4318725.093, 73
Trd, 4318725.343, 64
Trd, 4318726.293, 62
Trd, 4318727.543, 60
Trd, 4318728.643, 61
Trd, 4318729.443, 61
Trd, 4318730.443, 61
Trd, 4318731.493, 60
Trd, 4318731.543, 62
Trd, 4318731.643, 90
Trd, 4318732.093, 121
Trd, 4318732.743, 61
Trd, 4318733.443, 139
Trd, 4318733.643, 138
Trd, 4318733.993, 140
Trd, 4318734.793, 140
Trd, 4318736.293, 140
Trd, 4318737.193, 140
Trd, 4318737.493, 140
Trd, 4318737.593, 140
Trd, 4318738.993, 140
Trd, 4318739.843, 140
Trd, 4318740.943, 140
Trd, 4318741.443, 140
Trd, 4318741.643, 140
Trd, 4318742.593, 140
Trd, 4318743.143, 140
Trd, 4318743.393, 140
Trd, 4318743.543, 139
Trd, 4318744.143, 138
Trd, 4318746.343, 139
Trd, 4318746.393, 137
Trd, 4318746.793, 61
Trd, 4318747.343, 60
Trd, 4318747.543, 61
Trd, 4318749.093, 140
Trd, 4318749.193, 140
Trd, 4318749.443, 140
Trd, 4318749.643, 72
Trd, 4318750.793, 140
Trd, 4318751.743, 140
Trd, 4318751.893, 139
Trd, 4318752.793, 64
Trd, 4318753.593, 140
Trd, 4318755.993, 140
Trd, 4318757.693, 140
Trd, 4318757.743, 140
Trd, 4318758.793, 140
Trd, 4318760.193, 140
Trd, 4318760.493, 140
Trd, 4318761.193, 140
Trd, 4318761.443, 140
Trd, 4318762.693, 140
Trd, 4318762.893, 140
Trd, 4318763.343, 140
Trd, 4318763.693, 139
Trd, 4318764.243, 140
Trd, 4318765.243, 140
Trd, 4318766.693, 140
Trd, 4318767.493, 140
Trd, 4318768.093, 140
Trd, 4318768.343, 140
Trd, 4318769.693, 140
Trd, 4318770.343, 140
Trd, 4318771.043, 140
Trd, 4318772.843, 140
Trd, 4318773.093, 140
Trd, 4318773.893, 140
Trd, 4318774.643, 140
Trd, 4318774.943, 140
Trd, 4318775.293, 140
Trd, 4318776.143, 137
Trd, 4318777.193, 140
Trd, 4318777.993, 140
Trd, 4318778.193, 140
Trd, 4318779.343, 140
Trd, 4318779.893, 140
Trd, 4318781.093, 140
Trd, 4318781.443, 140
Trd, 4318783.743, 140
Trd, 4318784.493, 140
Trd, 4318784.893, 140
Trd, 4318785.143, 140
Trd, 4318785.693, 139
Trd, 4318785.893, 139
Trd, 4318787.193, 140
Trd, 4318787.393, 140
Trd, 4318789.093, 140
Trd, 4318789.693, 140
Trd, 4318789.993, 140
Trd, 4318790.243, 140
Trd, 4318792.393, 140
Trd, 4318793.643, 140
Trd, 4318793.843, 140
Trd, 4318793.993, 140
Trd, 4318794.943, 140
Trd, 4318795.443, 140
Trd, 4318798.293, 140
Trd, 4318798.993, 140
Trd, 4318799.443, 140
Trd, 4318800.393, 140
Trd, 4318800.493, 140
Trd, 4318801.443, 140
Trd, 4318804.193, 140
Trd, 4318805.243, 140
Trd, 4318806.143, 140
Trd, 4318806.843, 140
Trd, 4318807.493, 140
Trd, 4318807.543, 140
Trd, 4318807.693, 139
Trd, 4318809.593, 140
Trd, 4318809.793, 140
Trd, 4318810.293, 140
Trd, 4318810.393, 138
Trd, 4318810.643, 139
Trd, 4318811.143, 60
Trd, 4318812.793, 140
Trd, 4318813.593, 140
Trd, 4318813.643, 140
Trd, 4318814.893, 140
Trd, 4318815.643, 139
Trd, 4318816.693, 140
Trd, 4318816.743, 140
Trd, 4318817.693, 140
Trd, 4318818.443, 140
Trd, 4318819.043, 140
Trd, 4318819.093, 140
Trd, 4318819.343, 137
Trd, 4318819.993, 116
Trd, 4318820.193, 69
Trd, 4318822.043, 60
Trd, 4318822.093, 60
Trd, 4318822.243, 60
Trd, 4318822.643, 60
Trd, 4318822.943, 61
Trd, 4318824.243, 60
Trd, 4318824.443, 114
Trd, 4318826.643, 140
Trd, 4318826.743, 140
Trd, 4318826.993, 140
Trd, 4318827.493, 140
Trd, 4318827.743, 140
Trd, 4318828.143, 133
Trd, 4318828.543, 135
Trd, 4318828.893, 74
Trd, 4318829.043, 66
Trd, 4318829.993, 62
Trd, 4318831.243, 60
Trd, 4318831.593, 60
Trd, 4318833.693, 60
Trd, 4318834.243, 60
Trd, 4318834.343, 61
Trd, 4318834.993, 62
Trd, 4318837.143, 60
Trd, 4318837.843, 60
Trd, 4318838.643, 61
Trd, 4318838.693, 61
Trd, 4318839.243, 65
Trd, 4318840.743, 60
Trd, 4318840.993, 60
Trd, 4318841.243, 62
Trd, 4318841.643, 60
Trd, 4318842.993, 60
Trd, 4318843.893, 60
Trd, 4318843.943, 61
Trd, 4318845.143, 60
Trd, 4318845.243, 60
Trd, 4318845.393, 60
Trd, 4318845.893, 61
Trd, 4318846.093, 61
Trd, 4318849.243, 61
Trd, 4318851.843, 60
Trd, 4318852.293, 60
Trd, 4318853.393, 60
Trd, 4318853.943, 61
Trd, 4318854.093, 63
Trd, 4318854.493, 62
Trd, 4318854.543, 63
Trd, 4318854.893, 72
Trd, 4318855.143, 61
Trd, 4318855.943, 140
Trd, 4318857.393, 69
Trd, 4318857.593, 68
Trd, 4318857.893, 66
Trd, 4318858.343, 122
Trd, 4318859.193, 140
Trd, 4318859.243, 139
Trd, 4318860.043, 60
Trd, 4318862.293, 60
Trd, 4318863.343, 60
Trd, 4318864.093, 63
Trd, 4318864.143, 63
Trd, 4318864.193, 64
Trd, 4318864.693, 60
Trd, 4318865.043, 140
Trd, 4318866.543, 61
Trd, 4318866.643, 62
Trd, 4318867.143, 72
Trd, 4318867.343, 71
Trd, 4318867.993, 113
Trd, 4318868.593, 140
Trd, 4318869.543, 140
Trd, 4318870.393, 140
Trd, 4318870.943, 140
Trd, 4318872.793, 140
Trd, 4318872.943, 140
Trd, 4318873.293, 140
Trd, 4318875.143, 140
Trd, 4318876.743, 140
Trd, 4318877.743, 140
Trd, 4318877.893, 140
Trd, 4318878.493, 140
Trd, 4318878.993, 140
Trd, 4318879.393, 140
Trd, 4318879.493, 140
Trd, 4318879.893, 140
Trd, 4318879.993, 140
Trd, 4318881.643, 140
Trd, 4318881.843, 140
Trd, 4318882.543, 140
Trd, 4318883.493, 140
Trd, 4318884.043, 140
Trd, 4318884.443, 140
Trd, 4318885.543, 140
Trd, 4318885.693, 140
Trd, 4318887.993, 140
Trd, 4318888.043, 140
Trd, 4318888.393, 140
Trd, 4318888.793, 140
Trd, 4318889.493, 140
Trd, 4318890.343, 140
Trd, 4318890.793, 140
Trd, 4318891.393, 140
Trd, 4318891.593, 140
Trd, 4318895.093, 140
Trd, 4318895.393, 140
Trd, 4318895.493, 140
Trd, 4318895.543, 140
Trd, 4318897.043, 140
Trd, 4318898.343, 140
Trd, 4318898.993, 140
Trd, 4318899.543, 140
Trd, 4318899.993, 140
Trd, 4318900.843, 140
Trd, 4318901.293, 140
Trd, 4318902.443, 140
Trd, 4318904.143, 140
Trd, 4318904.193, 140
Trd, 4318905.443, 140
Trd, 4318907.043, 140
Trd, 4318907.293, 140
Trd, 4318907.343, 139
Trd, 4318908.693, 140
Trd, 4318908.993, 140
Trd, 4318910.843, 139
Trd, 4318911.043, 138
Trd, 4318912.493, 140
Trd, 4318912.943, 117
Trd, 4318913.793, 139
Trd, 4318914.993, 140
Trd, 4318915.543, 140
Trd, 4318915.793, 140
Trd, 4318916.293, 140
Trd, 4318916.893, 139
Trd, 4318918.843, 140
Trd, 4318919.793, 140
Trd, 4318919.943, 140
Trd, 4318920.893, 140
Trd, 4318921.293, 140
Trd, 4318922.193, 140
Trd, 4318922.743, 140
Trd, 4318924.193, 140
Trd, 4318924.293, 140
Trd, 4318924.643, 140
Trd, 4318925.043, 140
Trd, 4318925.443, 88
Trd, 4318926.543, 66
Trd, 4318928.643, 60
Trd, 4318928.993, 60
Trd, 4318930.343, 61
Trd, 4318931.143, 60
Trd, 4318932.493, 62
Trd, 4318932.943, 66
Trd, 4318933.143, 69
Trd, 4318933.243, 63
Trd, 4318934.243, 61
Trd, 4318935.243, 62
Trd, 4318935.943, 64
Trd, 4318935.993, 63
Trd, 4318937.043, 140
Trd, 4318938.093, 140
Trd, 4318938.393, 140
Trd, 4318938.793, 140
Trd, 4318939.643, 140
Trd, 4318940.543, 140
Trd, 4318940.793, 140
Trd, 4318940.843, 140
Trd, 4318941.743, 140
Trd, 4318943.993, 140
Trd, 4318944.243, 140
Trd, 4318944.343, 140
Trd, 4318945.193, 140
Trd, 4318945.293, 140
Trd, 4318945.593, 139
Trd, 4318946.743, 140
Trd, 4318947.343, 140
Trd, 4318947.443, 140
Trd, 4318947.993, 60
Trd, 4318948.743, 61
Trd, 4318949.043, 139
Trd, 4318949.743, 92
Trd, 4318950.743, 66
Trd, 4318951.293, 67
Trd, 4318952.443, 140
Trd, 4318953.643, 140
Trd, 4318953.743, 140
Trd, 4318954.493, 140
Trd, 4318954.643, 140
Trd, 4318955.093, 140
Trd, 4318957.143, 140
Trd, 4318957.643, 140
Trd, 4318957.993, 140
Trd, 4318958.193, 140
Trd, 4318959.943, 140
Trd, 4318959.993, 140
Trd, 4318960.643, 140
Trd, 4318961.993, 140
Trd, 4318962.343, 140
Trd, 4318962.643, 140
Trd, 4318962.743, 140
Trd, 4318963.793, 140
Trd, 4318963.993, 140
Trd, 4318964.543, 140
Trd, 4318966.193, 140
Trd, 4318966.693, 140
Trd, 4318966.743, 140
Trd, 4318967.543, 140
Trd, 4318968.193, 140
Trd, 4318968.393, 140
Trd, 4318969.293, 140
Trd, 4318970.193, 140
Trd, 4318971.093, 140
Trd, 4318972.243, 140
Trd, 4318974.243, 140
Trd, 4318974.793, 140
Trd, 4318974.893, 140
Trd, 4318975.343, 140
Trd, 4318975.843, 139
Trd, 4318978.743, 140
Trd, 4318978.943, 140
Trd, 4318978.993, 140
Trd, 4318979.143, 140
Trd, 4318979.593, 139
Trd, 4318980.593, 140
Trd, 4318981.143, 140
Trd, 4318982.243, 140
Trd, 4318982.543, 140
Trd, 4318983.293, 87
Trd, 4318985.143, 140
Trd, 4318985.793, 140
Trd, 4318986.893, 140
Trd, 4318988.243, 140
Trd, 4318988.593, 140
Trd, 4318988.793, 140
Trd, 4318990.393, 140
Trd, 4318990.893, 140
Trd, 4318991.243, 140
Trd, 4318991.693, 140
Trd, 4318991.843, 140
Trd, 4318991.993, 140
Trd, 4318992.943, 139
Trd, 4318993.943, 140
Trd, 4318994.143, 140
Trd, 4318994.443, 140
Trd, 4318995.393, 140
Trd, 4318995.593, 140
Trd, 4318996.743, 140
Trd, 4318997.643, 140
Trd, 4318997.993, 140
Trd, 4318999.093, 140
Trd, 4318999.243, 140
Trd, 4319000.593, 140
Trd, 4319001.893, 140
Trd, 4319002.743, 140
Trd, 4319003.293, 140
Trd, 4319003.543, 140
Trd, 4319003.993, 140
Trd, 4319005.943, 140
Trd, 4319006.243, 140
Trd, 4319006.493, 140
Trd, 4319006.993, 140
Trd, 4319007.593, 140
Trd, 4319007.843, 140
Trd, 4319008.093, 140
Trd, 4319008.643, 140
Trd, 4319008.793, 140
Trd, 4319010.093, 61
Trd, 4319011.243, 139
Trd, 4319011.593, 139
Trd, 4319011.893, 140
Trd, 4319013.943, 140
Trd, 4319014.143, 140
Trd, 4319014.843, 140
Trd, 4319015.243, 140
Trd, 4319016.243, 140
Trd, 4319017.543, 140
Trd, 4319018.043, 140
Trd, 4319018.193, 139
Trd, 4319019.443, 139
Trd, 4319020.043, 140
Trd, 4319020.893, 138
Trd, 4319021.943, 140
Trd, 4319022.093, 140
Trd, 4319025.243, 140
Trd, 4319025.343, 140
Trd, 4319025.443, 140
Trd, 4319025.493, 140
Trd, 4319025.593, 140
Trd, 4319026.843, 140
Trd, 4319028.593, 140
Trd, 4319028.843, 138
Trd, 4319030.043, 140
Trd, 4319031.443, 140
Trd, 4319031.893, 140
Trd, 4319032.493, 140
Trd, 4319032.843, 140
Trd, 4319033.743, 140
Trd, 4319034.443, 140
Trd, 4319035.643, 140
Trd, 4319035.943, 140
Trd, 4319037.093, 140
Trd, 4319037.493, 140
Trd, 4319038.293, 140
Trd, 4319038.943, 140
Trd, 4319038.993, 140
Trd, 4319039.693, 140
Trd, 4319041.093, 140
Trd, 4319041.343, 140
Trd, 4319042.243, 140
Trd, 4319042.493, 140
Trd, 4319043.243, 140
Trd, 4319043.693, 140
Trd, 4319044.493, 140
Trd, 4319046.443, 140
Trd, 4319047.143, 140
Trd, 4319047.793, 140
Trd, 4319048.293, 140
Trd, 4319049.243, 140
Trd, 4319051.693, 140
Trd, 4319052.643, 140
Trd, 4319052.843, 140
Trd, 4319053.993, 140
Trd, 4319054.093, 140
Trd, 4319054.443, 140
Trd, 4319054.843, 139
Trd, 4319056.243, 139
Trd, 4319057.043, 140
Trd, 4319058.543, 140
Trd, 4319059.043, 140
Trd, 4319059.843, 140
Trd, 4319059.993, 138
Trd, 4319060.493, 65
Trd, 4319060.843, 140
Trd, 4319061.543, 140
Trd, 4319061.993, 140
Trd, 4319063.193, 140
Trd, 4319064.893, 140
Trd, 4319064.943, 140
Trd, 4319065.543, 140
Trd, 4319066.093, 140
Trd, 4319066.593, 140
Trd, 4319066.693, 140
Trd, 4319067.293, 140
Trd, 4319068.893, 140
Trd, 4319071.993, 140
Trd, 4319072.543, 140
Trd, 4319072.943, 140
Trd, 4319073.493, 140
Trd, 4319075.143, 140
Trd, 4319075.443, 140
Trd, 4319076.093, 140
Trd, 4319076.593, 140
Trd, 4319078.343, 140
Trd, 4319079.843, 140
Trd, 4319080.343, 140
Trd, 4319080.593, 140
Trd, 4319080.793, 140
Trd, 4319081.143, 140
Trd, 4319082.143, 140
Trd, 4319084.393, 140
Trd, 4319084.743, 140
Trd, 4319085.293, 140
Trd, 4319085.993, 140
Trd, 4319087.043, 140
Trd, 4319087.543, 140
Trd, 4319088.093, 140
Trd, 4319088.843, 140
Trd, 4319089.043, 140
Trd, 4319089.643, 140
Trd, 4319091.093, 140
Trd, 4319091.293, 140
Trd, 4319091.643, 140
Trd, 4319092.593, 140
Trd, 4319092.693, 140
Trd, 4319093.143, 139
Trd, 4319094.243, 140
Trd, 4319096.793, 140
Trd, 4319097.893, 140
Trd, 4319097.943, 140
Trd, 4319098.243, 140
Trd, 4319098.643, 140
Trd, 4319098.693, 140
Trd, 4319099.243, 140
Trd, 4319099.743, 140
Trd, 4319100.593, 140
Trd, 4319101.843, 140
Trd, 4319102.243, 140
Trd, 4319103.343, 140
Trd, 4319104.293, 140
Trd, 4319105.143, 140
Trd, 4319105.393, 140
Trd, 4319105.643, 139
Trd, 4319105.993, 139
Trd, 4319106.093, 117
Trd, 4319107.893, 140
Trd, 4319108.193, 140
Trd, 4319108.943, 140
Trd, 4319109.843, 140
Trd, 4319109.943, 140
Trd, 4319110.593, 140
Trd, 4319111.293, 139
Trd, 4319111.343, 139
Trd, 4319112.643, 140
Trd, 4319114.643, 140
Trd, 4319115.043, 140
Trd, 4319115.393, 140
Trd, 4319116.143, 140
Trd, 4319116.843, 140
Trd, 4319117.243, 140
Trd, 4319118.893, 140
Trd, 4319119.093, 140
Trd, 4319119.143, 139
Trd, 4319119.493, 60
Trd, 4319119.643, 68
Trd, 4319120.943, 140
Trd, 4319121.143, 140
Trd, 4319121.543, 139
Trd, 4319123.693, 140
Trd, 4319124.293, 140
Trd, 4319124.793, 140
Trd, 4319127.293, 140
Trd, 4319127.443, 140
Trd, 4319128.243, 140
Trd, 4319128.893, 140
Trd, 4319129.293, 140
Trd, 4319130.393, 140
Trd, 4319130.543, 140
Trd, 4319130.643, 137
Trd, 4319130.743, 136
Trd, 4319132.343, 60
Trd, 4319132.443, 63
Trd, 4319133.193, 73
Trd, 4319133.593, 73
Trd, 4319134.693, 61
Trd, 4319134.843, 62
Trd, 4319135.493, 63
Trd, 4319136.743, 60
Trd, 4319137.193, 61
Trd, 4319138.643, 60
Trd, 4319139.193, 60
Trd, 4319140.343, 60
Trd, 4319140.943, 61
Trd, 4319141.293, 62
Trd, 4319141.743, 61
Trd, 4319143.043, 63
Trd, 4319143.793, 80
Trd, 4319144.093, 73
Trd, 4319147.793, 60
Trd, 4319147.843, 60
Trd, 4319147.993, 60
Trd, 4319148.043, 65
Trd, 4319148.143, 67
Trd, 4319148.193, 67
Trd, 4319148.593, 60
Trd, 4319149.493, 140
Trd, 4319150.943, 140
Trd, 4319151.143, 139
Trd, 4319152.193, 136
Trd, 4319154.043, 60
Trd, 4319154.443, 140
Trd, 4319154.893, 62
Trd, 4319156.593, 60
Trd, 4319156.793, 62
Trd, 4319156.943, 60
Trd, 4319157.443, 62
Trd, 4319157.793, 63
Trd, 4319158.193, 71
Trd, 4319159.093, 65
Trd, 4319159.943, 138
Trd, 4319160.593, 139
Trd, 4319161.793, 140
Trd, 4319162.793, 140
Trd, 4319163.343, 140
Trd, 4319163.593, 140
Trd, 4319166.443, 140
Trd, 4319167.193, 140
Trd, 4319168.493, 140
Trd, 4319168.893, 140
Trd, 4319169.093, 140
Trd, 4319169.593, 140
Trd, 4319169.743, 140
Trd, 4319169.993, 140
Trd, 4319171.093, 140
Trd, 4319172.243, 140
Trd, 4319172.393, 140
Trd, 4319172.893, 140
Trd, 4319175.143, 140
Trd, 4319175.343, 140
Trd, 4319176.043, 140
Trd, 4319176.293, 140
Trd, 4319176.943, 140
Trd, 4319177.093, 140
Trd, 4319177.493, 140
Trd, 4319180.993, 140
Trd, 4319181.343, 140
Trd, 4319181.893, 140
Trd, 4319182.943, 140
Trd, 4319183.193, 140
Trd, 4319184.443, 140
Trd, 4319184.793, 140
Trd, 4319186.543, 140
Trd, 4319187.193, 140
Trd, 4319187.693, 140
Trd, 4319188.193, 139
Trd, 4319189.043, 140
Trd, 4319190.043, 140
Trd, 4319190.243, 139
Trd, 4319190.443, 140
Trd, 4319191.593, 140
Trd, 4319191.693, 140
Trd, 4319192.043, 140
Trd, 4319192.943, 68
Trd, 4319193.043, 67
Trd, 4319193.793, 140
Trd, 4319195.143, 140
Trd, 4319195.343, 140
Trd, 4319197.143, 140
Trd, 4319197.893, 140
Trd, 4319197.993, 140
Trd, 4319199.443, 140
Trd, 4319200.193, 140
Trd, 4319200.643, 140
Trd, 4319200.843, 140
Trd, 4319201.843, 140
Trd, 4319202.143, 140
Trd, 4319202.193, 136
Trd, 4319204.393, 140
Trd, 4319204.493, 140
Trd, 4319204.893, 140
Trd, 4319205.943, 140
Trd, 4319207.943, 140
Trd, 4319208.843, 140
Trd, 4319209.493, 140
Trd, 4319209.843, 140
Trd, 4319210.393, 140
Trd, 4319211.093, 140
Trd, 4319211.293, 140
Trd, 4319213.193, 140
Trd, 4319213.943, 140
Trd, 4319214.143, 140
Trd, 4319215.443, 140
Trd, 4319216.943, 140
Trd, 4319217.243, 140
Trd, 4319218.143, 140
Trd, 4319219.693, 140
Trd, 4319220.793, 140
Trd, 4319222.043, 140
Trd, 4319222.293, 140
Trd, 4319222.893, 140
Trd, 4319224.543, 140
Trd, 4319225.543, 140
Trd, 4319226.093, 140
Trd, 4319226.543, 140
Trd, 4319227.143, 140
Trd, 4319227.893, 140
Trd, 4319229.243, 140
Trd, 4319229.543, 140
Trd, 4319231.643, 140
Trd, 4319232.293, 140
Trd, 4319233.893, 140
Trd, 4319234.043, 140
Trd, 4319234.793, 140
Trd, 4319235.093, 140
Trd, 4319235.843, 140
Trd, 4319236.343, 140
Trd, 4319237.343, 140
Trd, 4319237.643, 140
Trd, 4319237.793, 140
Trd, 4319239.443, 140
Trd, 4319241.193, 140
Trd, 4319241.243, 140
Trd, 4319241.893, 140
Trd, 4319242.893, 140
Trd, 4319244.343, 140
Trd, 4319244.393, 140
Trd, 4319245.693, 140
Trd, 4319245.943, 140
Trd, 4319247.443, 140
Trd, 4319250.493, 140
Trd, 4319250.643, 140
Trd, 4319250.943, 140
Trd, 4319251.293, 140
Trd, 4319251.843, 140
Trd, 4319251.943, 140
Trd, 4319253.493, 140
Trd, 4319253.893, 140
Trd, 4319254.493, 140
Trd, 4319254.643, 139
Trd, 4319254.943, 140
Trd, 4319256.243, 140
Trd, 4319256.943, 140
Trd, 4319258.193, 140
Trd, 4319258.343, 140
Trd, 4319258.743, 68
Trd, 4319259.843, 140
Trd, 4319261.243, 140
Trd, 4319261.743, 140
Trd, 4319263.043, 140
Trd, 4319263.143, 140
Trd, 4319264.643, 140
Trd, 4319265.243, 140
Trd, 4319265.893, 140
Trd, 4319266.593, 140
Trd, 4319267.043, 139
Trd, 4319267.593, 139
Trd, 4319269.293, 139
Trd, 4319269.643, 138
Trd, 4319269.893, 139
Trd, 4319269.993, 138
Trd, 4319270.393, 137
Trd, 4319270.693, 139
Trd, 4319271.143, 109
Trd, 4319271.493, 140
Trd, 4319273.643, 140
Trd, 4319274.543, 140
Trd, 4319274.593, 139
Trd, 4319274.993, 135
Trd, 4319276.093, 138
Trd, 4319276.643, 82
Trd, 4319276.843, 81
Trd, 4319278.593, 140
Trd, 4319278.993, 140
Trd, 4319279.043, 140
Trd, 4319280.043, 140
Trd, 4319282.293, 140
Trd, 4319284.293, 140
Trd, 4319285.143, 140
Trd, 4319285.593, 140
Trd, 4319285.843, 140
Trd, 4319286.093, 140
Trd, 4319286.543, 140
Trd, 4319286.843, 140
Trd, 4319287.043, 140
Trd, 4319287.593, 140
Trd, 4319288.543, 140
Trd, 4319289.493, 140
Trd, 4319289.543, 140
Trd, 4319291.693, 140
Trd, 4319293.393, 140
Trd, 4319293.943, 140
Trd, 4319294.143, 140
Trd, 4319294.843, 140
Trd, 4319296.643, 140
Trd, 4319297.443, 140
Trd, 4319297.693, 138
Trd, 4319298.043, 140
Trd, 4319298.243, 140
Trd, 4319298.643, 140
Trd, 4319299.593, 140
Trd, 4319300.093, 140
Trd, 4319300.793, 140
Trd, 4319304.193, 140
Trd, 4319305.143, 140
Trd, 4319305.243, 140
Trd, 4319305.293, 140
Trd, 4319305.843, 140
Trd, 4319307.193, 140
Trd, 4319307.743, 140
Trd, 4319309.243, 140
Trd, 4319309.743, 140
Trd, 4319310.143, 140
Trd, 4319310.343, 140
Trd, 4319310.593, 140
Trd, 4319313.593, 140
Trd, 4319314.393, 140
Trd, 4319314.893, 140
Trd, 4319315.693, 140
Trd, 4319316.693, 140
Trd, 4319316.743, 140
Trd, 4319317.543, 140
Trd, 4319318.243, 140
Trd, 4319318.543, 140
Trd, 4319320.693, 140
Trd, 4319322.093, 140
Trd, 4319322.493, 140
Trd, 4319322.943, 140
Trd, 4319323.143, 140
Trd, 4319324.093, 140
Trd, 4319324.293, 140
Trd, 4319325.993, 140
Trd, 4319326.443, 140
Trd, 4319327.893, 140
Trd, 4319328.043, 140
Trd, 4319328.493, 140
Trd, 4319330.743, 140
Trd, 4319331.693, 140
Trd, 4319331.893, 140
Trd, 4319332.143, 139
Trd, 4319332.943, 140
Trd, 4319334.393, 140
Trd, 4319335.443, 140
Trd, 4319335.743, 140
Trd, 4319336.493, 140
Trd, 4319337.893, 140
Trd, 4319337.943, 140
Trd, 4319337.993, 140
Trd, 4319338.343, 139
Trd, 4319339.243, 140
Trd, 4319339.893, 140
Trd, 4319340.143, 140
Trd, 4319340.193, 140
Trd, 4319340.493, 137
Trd, 4319341.943, 69
Trd, 4319342.893, 133
Trd, 4319343.693, 64
Trd, 4319343.743, 93
Trd, 4319344.643, 68
Trd, 4319344.693, 69
Trd, 4319345.193, 65
Trd, 4319346.393, 140
Trd, 4319347.093, 140
Trd, 4319347.393, 101
Trd, 4319348.393, 140
Trd, 4319349.793, 140
Trd, 4319350.593, 140
Trd, 4319351.143, 140
Trd, 4319352.443, 140
Trd, 4319352.793, 140
Trd, 4319353.143, 140
Trd, 4319354.343, 140
Trd, 4319355.093, 140
Trd, 4319356.443, 140
Trd, 4319356.893, 140
Trd, 4319357.343, 140
Trd, 4319357.943, 140
Trd, 4319358.393, 140
Trd, 4319360.143, 140
Trd, 4319360.893, 140
Trd, 4319361.293, 140
Trd, 4319361.393, 140
Trd, 4319362.643, 140
Trd, 4319362.943, 139
Trd, 4319363.993, 140
Trd, 4319365.493, 140
Trd, 4319365.543, 140
Trd, 4319367.593, 140
Trd, 4319367.843, 140
Trd, 4319368.893, 140
Trd, 4319368.993, 140
Trd, 4319369.143, 140
Trd, 4319369.393, 140
Trd, 4319369.793, 97
Trd, 4319371.443, 140
Trd, 4319372.943, 140
Trd, 4319373.443, 138
Trd, 4319374.543, 140
Trd, 4319374.943, 140
Trd, 4319375.443, 140
Trd, 4319376.543, 140
Trd, 4319376.943, 140
Trd, 4319377.393, 140
Trd, 4319379.393, 140
Trd, 4319379.843, 140
Trd, 4319380.843, 140
Trd, 4319380.943, 140
Trd, 4319381.343, 140
Trd, 4319382.293, 140
Trd, 4319383.543, 140
Trd, 4319384.043, 140
Trd, 4319385.093, 140
Trd, 4319385.393, 140
Trd, 4319385.493, 140
Trd, 4319386.143, 140
Trd, 4319386.743, 140
Trd, 4319386.843, 139
Trd, 4319389.093, 140
Trd, 4319389.193, 139
Trd, 4319391.093, 140
Trd, 4319391.993, 140
Trd, 4319392.043, 139
Trd, 4319392.643, 140
Trd, 4319392.943, 140
Trd, 4319393.343, 140
Trd, 4319394.793, 140
Trd, 4319395.043, 140
Trd, 4319395.693, 140
Trd, 4319396.793, 140
Trd, 4319397.043, 140
Trd, 4319397.243, 139
Trd, 4319397.693, 136
Trd, 4319399.193, 140
Trd, 4319399.493, 140
Trd, 4319399.593, 139
Trd, 4319401.443, 140
Trd, 4319402.443, 140
Trd, 4319402.643, 140
Trd, 4319402.693, 138
Trd, 4319403.393, 140
Trd, 4319403.793, 138
Trd, 4319404.943, 140
Trd, 4319405.343, 139
Trd, 4319406.693, 140
Trd, 4319408.593, 140
Trd, 4319408.843, 140
Trd, 4319409.843, 140
Trd, 4319410.043, 140
Trd, 4319411.093, 140
Trd, 4319412.143, 140
Trd, 4319412.643, 140
Trd, 4319413.743, 140
Trd, 4319414.293, 140
Trd, 4319415.243, 140
Trd, 4319415.893, 140
Trd, 4319417.443, 140
Trd, 4319418.043, 140
Trd, 4319418.743, 140
Trd, 4319419.443, 140
Trd, 4319419.793, 140
Trd, 4319419.943, 140
Trd, 4319421.043, 140
Trd, 4319421.243, 139
Trd, 4319421.743, 139
Trd, 4319423.393, 140
Trd, 4319423.843, 140
Trd, 4319425.943, 140
Trd, 4319426.293, 140
Trd, 4319427.393, 140
Trd, 4319427.493, 140
Trd, 4319428.443, 140
Trd, 4319429.743, 140
Trd, 4319430.893, 140
Trd, 4319430.993, 139
Trd, 4319431.393, 138
Trd, 4319431.993, 139
Trd, 4319432.643, 140
Trd, 4319433.093, 138
Trd, 4319433.443, 60
Trd, 4319433.943, 61
Trd, 4319435.393, 140
Trd, 4319435.593, 140
Trd, 4319438.043, 140
Trd, 4319438.093, 140
Trd, 4319439.393, 140
Trd, 4319439.643, 140
Trd, 4319441.243, 140
Trd, 4319441.793, 140
Trd, 4319442.943, 140
Trd, 4319444.093, 140
Trd, 4319444.143, 140
Trd, 4319444.593, 140
Trd, 4319444.743, 140
Trd, 4319445.043, 140
Trd, 4319445.293, 140
Trd, 4319445.393, 139
Trd, 4319445.843, 140
Trd, 4319445.993, 140
Trd, 4319446.693, 139
Trd, 4319446.893, 140
Trd, 4319447.293, 72
Trd, 4319447.593, 140
Trd, 4319449.393, 60
Trd, 4319449.943, 140
Trd, 4319451.543, 140
Trd, 4319452.493, 140
Trd, 4319452.543, 140
Trd, 4319452.743, 139
Trd, 4319453.493, 60
Trd, 4319453.743, 60
Trd, 4319454.893, 60
Trd, 4319455.193, 60
Trd, 4319456.543, 61
Trd, 4319456.593, 62
Trd, 4319457.543, 140
Trd, 4319459.693, 60
Trd, 4319460.343, 60
Trd, 4319460.693, 60
Trd, 4319461.193, 60
Trd, 4319462.993, 60
Trd, 4319463.093, 60
Trd, 4319463.743, 60
Trd, 4319463.843, 60
Trd, 4319465.493, 61
Trd, 4319466.543, 61
Trd, 4319466.993, 62
Trd, 4319467.143, 64
Trd, 4319467.343, 66
Trd, 4319468.093, 61
Trd, 4319468.993, 64
Trd, 4319469.093, 63
Trd, 4319469.743, 69
Trd, 4319470.793, 74
Trd, 4319471.393, 63
Trd, 4319472.043, 63
Trd, 4319472.843, 140
Trd, 4319473.543, 140
Trd, 4319474.893, 140
Trd, 4319474.943, 140
Trd, 4319475.093, 140
Trd, 4319477.943, 140
Trd, 4319479.243, 140
Trd, 4319479.743, 140
Trd, 4319479.993, 140
Trd, 4319480.743, 140
Trd, 4319480.893, 140
Trd, 4319480.993, 140
Trd, 4319481.343, 74
Trd, 4319482.293, 140
Trd, 4319482.543, 140
Trd, 4319483.493, 140
Trd, 4319484.093, 140
Trd, 4319485.993, 140
Trd, 4319486.693, 140
Trd, 4319487.393, 140
Trd, 4319488.643, 140
Trd, 4319490.493, 140
Trd, 4319490.693, 140
Trd, 4319490.943, 140
Trd, 4319492.343, 140
Trd, 4319492.593, 140
Trd, 4319492.693, 138
Trd, 4319493.293, 140
Trd, 4319493.643, 140
Trd, 4319494.293, 91
Trd, 4319495.443, 139
Trd, 4319495.593, 138
Trd, 4319495.993, 111
Trd, 4319496.193, 75
Trd, 4319496.793, 110
Trd, 4319497.943, 109
Trd, 4319499.793, 62
Trd, 4319500.093, 61
Trd, 4319500.193, 61
Trd, 4319500.493, 61
Trd, 4319500.693, 61
Trd, 4319501.693, 61
Trd, 4319502.193, 61
Trd, 4319502.793, 60
Trd, 4319503.943, 66
Trd, 4319504.143, 66
Trd, 4319504.343, 68
Trd, 4319505.093, 140
Trd, 4319507.343, 140
Trd, 4319507.543, 140
Trd, 4319507.993, 138
Trd, 4319509.393, 139
Trd, 4319509.993, 139
Trd, 4319510.493, 140
Trd, 4319512.693, 138
Trd, 4319512.893, 138
Trd, 4319514.843, 140
Trd, 4319515.743, 140
Trd, 4319516.043, 140
Trd, 4319516.343, 140
Trd, 4319516.893, 140
Trd, 4319517.593, 140
Trd, 4319517.893, 140
Trd, 4319519.893, 140
Trd, 4319520.293, 140
Trd, 4319520.343, 140
Trd, 4319520.693, 140
Trd, 4319521.143, 140
Trd, 4319522.943, 140
Trd, 4319524.143, 140
Trd, 4319525.493, 140
Trd, 4319525.943, 140
Trd, 4319526.143, 140
Trd, 4319526.243, 140
Trd, 4319526.443, 140
Trd, 4319526.543, 140
Trd, 4319526.843, 140
Trd, 4319527.643, 140
Trd, 4319527.793, 140
Trd, 4319528.143, 108
Trd, 4319528.693, 106
Trd, 4319529.093, 140
Trd, 4319529.993, 140
Trd, 4319531.343, 140
Trd, 4319533.043, 140
Trd, 4319533.243, 140
Trd, 4319533.343, 140
Trd, 4319534.093, 140
Trd, 4319534.643, 140
Trd, 4319535.843, 140
Trd, 4319536.893, 140
Trd, 4319537.193, 140
Trd, 4319538.543, 140
Trd, 4319540.543, 140
Trd, 4319540.743, 140
Trd, 4319542.093, 140
Trd, 4319542.293, 140
Trd, 4319542.343, 140
Trd, 4319544.743, 140
Trd, 4319544.943, 140
Trd, 4319546.043, 140
Trd, 4319546.243, 140
Trd, 4319546.743, 140
Trd, 4319546.843, 140
Trd, 4319547.493, 140
Trd, 4319547.743, 137
Trd, 4319549.943, 140
Trd, 4319551.693, 140
Trd, 4319553.143, 140
Trd, 4319553.393, 140
Trd, 4319553.543, 140
Trd, 4319553.743, 140
Trd, 4319553.993, 140
Trd, 4319554.493, 140
Trd, 4319555.093, 140
Trd, 4319556.943, 140
Trd, 4319557.793, 140
Trd, 4319558.343, 140
Trd, 4319559.093, 140
Trd, 4319559.493, 140
Trd, 4319560.993, 140
Trd, 4319561.943, 140
Trd, 4319564.093, 140
Trd, 4319564.543, 140
Trd, 4319564.693, 140
Trd, 4319564.743, 140
Trd, 4319565.143, 139
Trd, 4319566.043, 140
Trd, 4319566.943, 140
Trd, 4319567.043, 140
Trd, 4319568.243, 140
Trd, 4319569.393, 140
Trd, 4319571.443, 140
Trd, 4319571.493, 140
Trd, 4319571.593, 140
Trd, 4319571.993, 140
Trd, 4319573.093, 140
Trd, 4319574.493, 140
Trd, 4319574.893, 140
Trd, 4319575.093, 140
Trd, 4319576.743, 140
Trd, 4319577.243, 140
Trd, 4319577.393, 140
Trd, 4319578.293, 140
Trd, 4319579.443, 140
Trd, 4319580.743, 140
Trd, 4319581.193, 140
Trd, 4319581.643, 140
Trd, 4319583.143, 140
Trd, 4319584.343, 140
Trd, 4319584.593, 140
Trd, 4319585.343, 140
Trd, 4319585.593, 140
Trd, 4319585.693, 139
Trd, 4319586.343, 106
Trd, 4319586.893, 139
Trd, 4319587.343, 140
Trd, 4319588.393, 140
Trd, 4319588.993, 140
Trd, 4319590.193, 140
Trd, 4319591.093, 140
Trd, 4319591.443, 140
Trd, 4319592.443, 140
Trd, 4319592.643, 140
Trd, 4319594.143, 140
Trd, 4319594.693, 140
Trd, 4319595.793, 140
Trd, 4319596.693, 140
Trd, 4319597.243, 140
Trd, 4319597.443, 140
Trd, 4319598.143, 140
Trd, 4319598.293, 140
Trd, 4319598.543, 135
Trd, 4319599.393, 140
Trd, 4319600.343, 140
Trd, 4319600.993, 140
Trd, 4319603.493, 140
Trd, 4319604.093, 140
Trd, 4319604.843, 140
Trd, 4319605.093, 139
Trd, 4319605.543, 139
Trd, 4319607.043, 119
Trd, 4319607.093, 92
Trd, 4319607.393, 139
Trd, 4319608.743, 92
Trd, 4319608.943, 91
Trd, 4319609.093, 138
Trd, 4319610.043, 68
Trd, 4319611.243, 69
Trd, 4319611.843, 111
Trd, 4319612.143, 60
Trd, 4319612.543, 121
Trd, 4319613.993, 74
Trd, 4319616.093, 140
Trd, 4319616.243, 140
Trd, 4319616.293, 139
Trd, 4319617.143, 140
Trd, 4319617.443, 140
Trd, 4319617.793, 140
Trd, 4319618.243, 140
Trd, 4319618.693, 140
Trd, 4319619.193, 61
Trd, 4319619.643, 137
Trd, 4319621.993, 140
Trd, 4319622.143, 140
Trd, 4319623.193, 140
Trd, 4319623.993, 140
Trd, 4319624.043, 140
Trd, 4319624.593, 140
Trd, 4319625.893, 140
Trd, 4319626.193, 138
Trd, 4319626.343, 86
Trd, 4319626.743, 140
Trd, 4319627.243, 120
Trd, 4319629.393, 60
Trd, 4319629.443, 60
Trd, 4319629.493, 63
Trd, 4319631.193, 138
Trd, 4319633.293, 60
Trd, 4319633.743, 60
Trd, 4319635.043, 60
Trd, 4319635.743, 61
Trd, 4319635.993, 63
Trd, 4319636.193, 63
Trd, 4319636.593, 64
Trd, 4319637.443, 140
Trd, 4319638.643, 139
Trd, 4319639.043, 90
Trd, 4319639.093, 91
Trd, 4319640.493, 62
Trd, 4319641.593, 61
Trd, 4319642.493, 60
Trd, 4319643.293, 60
Trd, 4319644.293, 60
Trd, 4319645.193, 60
Trd, 4319646.393, 60
Trd, 4319647.293, 60
Trd, 4319647.343, 61
Trd, 4319647.743, 138
Trd, 4319648.443, 140
Trd, 4319649.093, 140
Trd, 4319649.843, 140
Trd, 4319652.943, 60
Trd, 4319653.043, 60
Trd, 4319654.693, 61
Trd, 4319654.843, 62
Trd, 4319657.043, 60
Trd, 4319657.143, 60
Trd, 4319657.493, 63
Trd, 4319657.693, 62
Trd, 4319658.493, 60
Trd, 4319659.293, 61
Trd, 4319659.793, 63
Trd, 4319659.843, 61
Trd, 4319660.193, 69
Trd, 4319660.243, 83
Trd, 4319661.493, 140
Trd, 4319661.893, 140
Trd, 4319662.043, 65
Trd, 4319663.443, 62
Trd, 4319664.093, 68
Trd, 4319664.643, 125
Trd, 4319665.243, 122
Trd, 4319665.343, 113
Trd, 4319666.943, 60
Trd, 4319667.093, 60
Trd, 4319667.643, 139
Trd, 4319668.943, 140
Trd, 4319670.493, 140
Trd, 4319671.843, 140
Trd, 4319671.943, 140
Trd, 4319672.393, 140
Trd, 4319674.493, 140
Trd, 4319674.543, 140
Trd, 4319674.993, 140
Trd, 4319675.343, 140
Trd, 4319675.493, 140
Trd, 4319675.693, 140
Trd, 4319677.143, 140
Trd, 4319677.443, 140
Trd, 4319677.643, 140
Trd, 4319679.693, 140
Trd, 4319680.793, 140
Trd, 4319681.143, 140
Trd, 4319682.343, 140
Trd, 4319682.793, 140
Trd, 4319683.843, 140
Trd, 4319684.293, 140
Trd, 4319684.343, 140
Trd, 4319685.743, 140
Trd, 4319685.993, 140
Trd, 4319686.393, 140
Trd, 4319687.893, 140
Trd, 4319688.543, 140
Trd, 4319689.393, 140
Trd, 4319689.693, 140
Trd, 4319690.943, 140
Trd, 4319691.843, 140
Trd, 4319692.243, 140
Trd, 4319693.443, 140
Trd, 4319694.693, 140
Trd, 4319694.993, 140
Trd, 4319697.543, 140
Trd, 4319697.743, 140
Trd, 4319697.843, 140
Trd, 4319698.743, 140
Trd, 4319698.943, 140
Trd, 4319699.593, 140
Trd, 4319699.793, 140
Trd, 4319700.243, 140
Trd, 4319701.393, 140
Trd, 4319701.843, 140
Trd, 4319702.193, 140
Trd, 4319702.543, 140
Trd, 4319705.193, 140
Trd, 4319705.793, 140
Trd, 4319706.893, 140
Trd, 4319708.243, 140
Trd, 4319708.443, 140
Trd, 4319710.543, 140
Trd, 4319710.593, 140
Trd, 4319710.893, 140
Trd, 4319711.593, 140
Trd, 4319712.243, 140
Trd, 4319714.593, 140
Trd, 4319715.593, 140
Trd, 4319716.293, 140
Trd, 4319717.093, 140
Trd, 4319717.943, 140
Trd, 4319718.293, 140
Trd, 4319718.693, 140
Trd, 4319720.143, 140
Trd, 4319720.393, 140
Trd, 4319720.493, 140
Trd, 4319720.943, 140
Trd, 4319722.743, 140
Trd, 4319722.993, 140
Trd, 4319723.393, 140
Trd, 4319724.943, 140
Trd, 4319725.043, 140
Trd, 4319725.193, 140
Trd, 4319725.343, 140
Trd, 4319725.643, 140
Trd, 4319726.193, 140
Trd, 4319726.293, 139
Trd, 4319727.143, 140
Trd, 4319728.643, 140
Trd, 4319729.593, 140
Trd, 4319729.743, 140
Trd, 4319730.993, 140
Trd, 4319731.993, 140
Trd, 4319732.943, 140
Trd, 4319733.093, 140
Trd, 4319735.743, 140
Trd, 4319735.793, 140
Trd, 4319735.893, 140
Trd, 4319736.093, 140
Trd, 4319736.793, 140
Trd, 4319737.343, 140
Trd, 4319737.593, 140
Trd, 4319738.993, 140
Trd, 4319739.543, 140
Trd, 4319739.993, 140
Trd, 4319740.943, 140
Trd, 4319741.043, 140
Trd, 4319742.493, 140
Trd, 4319742.743, 140
Trd, 4319744.493, 140
Trd, 4319745.143, 140
Trd, 4319745.443, 140
Trd, 4319746.493, 140
Trd, 4319746.693, 140
Trd, 4319747.193, 140
Trd, 4319748.193, 140
Trd, 4319748.493, 140
Trd, 4319749.243, 140
Trd, 4319750.193, 140
Trd, 4319750.743, 140
Trd, 4319751.143, 140
Trd, 4319751.843, 140
Trd, 4319752.393, 140
Trd, 4319753.143, 140
Trd, 4319753.793, 140
Trd, 4319755.643, 140
Trd, 4319755.893, 140
Trd, 4319756.693, 140
Trd, 4319757.293, 140
Trd, 4319758.693, 140
Trd, 4319759.643, 140
Trd, 4319760.943, 140
Trd, 4319761.243, 140
Trd, 4319761.843, 140
Trd, 4319762.243, 140
Trd, 4319764.543, 140
Trd, 4319765.343, 140
Trd, 4319765.443, 140
Trd, 4319766.693, 140
Trd, 4319766.893, 140
Trd, 4319767.443, 140
Trd, 4319768.643, 140
Trd, 4319769.243, 140
Trd, 4319769.793, 140
Trd, 4319770.293, 140
Trd, 4319770.943, 140
Trd, 4319771.293, 140
Trd, 4319772.243, 140
Trd, 4319773.393, 140
Trd, 4319773.593, 140
Trd, 4319774.143, 140
Trd, 4319774.993, 140
Trd, 4319776.243, 140
Trd, 4319776.493, 140
Trd, 4319777.893, 140
Trd, 4319778.093, 140
Trd, 4319778.343, 140
Trd, 4319779.743, 140
Trd, 4319781.343, 140
Trd, 4319781.643, 140
Trd, 4319781.743, 140
Trd, 4319782.993, 140
Trd, 4319783.543, 140
Trd, 4319784.593, 140
Trd, 4319785.093, 140
Trd, 4319785.743, 140
Trd, 4319785.893, 139
Trd, 4319785.943, 139
Trd, 4319787.043, 137
Trd, 4319787.993, 140
Trd, 4319788.143, 140
Trd, 4319788.293, 140
Trd, 4319792.393, 140
Trd, 4319792.543, 140
Trd, 4319792.593, 140
Trd, 4319793.293, 140
Trd, 4319793.743, 140
Trd, 4319795.043, 140
Trd, 4319795.543, 140
Trd, 4319796.193, 140
Trd, 4319796.693, 140
Trd, 4319797.743, 140
Trd, 4319798.593, 140
Trd, 4319798.793, 140
Trd, 4319799.893, 140
Trd, 4319800.443, 140
Trd, 4319800.593, 140
Trd, 4319802.243, 140
Trd, 4319802.993, 140
Trd, 4319803.343, 140
Trd, 4319803.943, 140
Trd, 4319804.543, 140
Trd, 4319805.043, 139
Trd, 4319805.243, 139
Trd, 4319806.893, 140
Trd, 4319807.093, 135
Trd, 4319808.543, 140
Trd, 4319809.543, 140
Trd, 4319809.593, 140
Trd, 4319809.943, 140
Trd, 4319811.093, 140
Trd, 4319812.843, 140
Trd, 4319813.693, 140
Trd, 4319813.943, 140
Trd, 4319814.593, 140
Trd, 4319816.143, 140
Trd, 4319816.193, 140
Trd, 4319817.593, 140
Trd, 4319817.893, 140
Trd, 4319819.543, 140
Trd, 4319819.593, 140
Trd, 4319820.093, 140
Trd, 4319820.793, 139
Trd, 4319821.243, 140
Trd, 4319821.993, 140
Trd, 4319822.493, 140
Trd, 4319823.093, 140
Trd, 4319823.743, 138
Trd, 4319824.243, 140
Trd, 4319825.143, 139
Trd, 4319825.193, 137
Trd, 4319825.393, 140
Trd, 4319827.193, 60
Trd, 4319829.343, 60
Trd, 4319830.143, 62
Trd, 4319831.393, 63
Trd, 4319831.493, 60
Trd, 4319831.743, 67
Trd, 4319832.093, 69
Trd, 4319832.443, 140
Trd, 4319833.343, 61
Trd, 4319834.693, 140
Trd, 4319836.093, 140
Trd, 4319836.143, 140
Trd, 4319836.843, 140
Trd, 4319837.543, 140
Trd, 4319840.043, 140
Trd, 4319840.143, 140
Trd, 4319840.643, 140
Trd, 4319841.743, 140
Trd, 4319841.793, 140
Trd, 4319841.843, 140
Trd, 4319843.193, 140
Trd, 4319843.543, 139
Trd, 4319843.743, 140
Trd, 4319844.293, 140
Trd, 4319844.693, 140
Trd, 4319845.443, 140
Trd, 4319846.593, 140
Trd, 4319849.043, 140
Trd, 4319849.243, 140
Trd, 4319850.443, 140
Trd, 4319850.843, 140
Trd, 4319851.543, 140
Trd, 4319851.693, 140
Trd, 4319852.593, 92
Trd, 4319854.443, 140
Trd, 4319854.843, 140
Trd, 4319855.593, 140
Trd, 4319855.793, 140
Trd, 4319856.293, 140
Trd, 4319856.743, 140
Trd, 4319857.193, 140
Trd, 4319859.093, 140
Trd, 4319859.193, 139
Trd, 4319859.893, 140
Trd, 4319861.593, 140
Trd, 4319861.693, 140
Trd, 4319862.893, 140
Trd, 4319865.193, 140
Trd, 4319866.193, 140
Trd, 4319866.593, 140
Trd, 4319866.643, 140
Trd, 4319867.793, 140
Trd, 4319868.143, 140
Trd, 4319868.643, 140
Trd, 4319869.393, 140
Trd, 4319870.193, 140
Trd, 4319870.243, 140
Trd, 4319870.943, 140
Trd, 4319871.543, 140
Trd, 4319872.093, 140
Trd, 4319873.793, 140
Trd, 4319874.643, 140
Trd, 4319875.843, 140
Trd, 4319876.093, 140
Trd, 4319877.343, 140
Trd, 4319878.243, 140
Trd, 4319879.143, 140
Trd, 4319880.393, 140
Trd, 4319880.593, 140
Trd, 4319881.343, 140
Trd, 4319881.593, 140
Trd, 4319881.643, 140
Trd, 4319882.693, 140
Trd, 4319883.743, 140
Trd, 4319884.393, 140
Trd, 4319885.443, 140
Trd, 4319885.493, 140
Trd, 4319886.743, 140
Trd, 4319887.793, 140
Trd, 4319887.843, 140
Trd, 4319888.393, 140
Trd, 4319889.143, 140
Trd, 4319889.493, 140
Trd, 4319889.593, 140
Trd, 4319891.443, 140
Trd, 4319892.043, 140
Trd, 4319892.493, 140
Trd, 4319893.443, 140
Trd, 4319894.193, 140
Trd, 4319894.743, 140
Trd, 4319895.043, 140
Trd, 4319897.043, 140
Trd, 4319897.093, 140
Trd, 4319897.693, 140
Trd, 4319897.993, 140
Trd, 4319898.443, 140
Trd, 4319899.193, 140
Trd, 4319900.343, 140
Trd, 4319900.693, 140
Trd, 4319901.543, 140
Trd, 4319903.643, 140
Trd, 4319906.143, 140
Trd, 4319906.543, 140
Trd, 4319906.643, 140
Trd, 4319907.593, 140
Trd, 4319908.193, 140
Trd, 4319908.643, 140
Trd, 4319909.043, 140
Trd, 4319910.193, 140
Trd, 4319911.743, 140
Trd, 4319911.843, 140
Trd, 4319913.443, 140
Trd, 4319914.443, 139
Trd, 4319915.093, 140
Trd, 4319915.993, 140
Trd, 4319916.943, 140
Trd, 4319917.243, 140
Trd, 4319917.293, 140
Trd, 4319918.143, 110
Trd, 4319918.993, 60
Trd, 4319920.293, 60
Trd, 4319921.143, 60
Trd, 4319921.943, 66
Trd, 4319922.543, 60
Trd, 4319922.893, 60
Trd, 4319923.943, 140
Trd, 4319924.343, 140
Trd, 4319924.743, 140
Trd, 4319924.793, 140
Trd, 4319926.193, 140
Trd, 4319926.743, 140
Trd, 4319926.943, 140
Trd, 4319927.143, 139
Trd, 4319929.093, 140
Trd, 4319930.443, 140
Trd, 4319930.793, 140
Trd, 4319931.043, 140
Trd, 4319931.293, 140
Trd, 4319931.993, 140
Trd, 4319933.443, 140
Trd, 4319933.693, 140
Trd, 4319934.593, 140
Trd, 4319934.943, 140
Trd, 4319935.593, 65
Trd, 4319935.993, 66
Trd, 4319936.943, 69
Trd, 4319938.643, 140
Trd, 4319939.393, 140
Trd, 4319939.593, 140
Trd, 4319939.643, 140
Trd, 4319940.993, 140
Trd, 4319942.443, 140
Trd, 4319943.143, 140
Trd, 4319945.193, 140
Trd, 4319945.343, 140
Trd, 4319945.643, 140
Trd, 4319946.093, 139
Trd, 4319947.193, 140
Trd, 4319949.193, 140
Trd, 4319949.493, 140
Trd, 4319949.793, 140
Trd, 4319950.743, 140
Trd, 4319951.043, 140
Trd, 4319951.343, 140
Trd, 4319951.443, 138
Trd, 4319953.193, 140
Trd, 4319953.593, 140
Trd, 4319956.043, 140
Trd, 4319956.493, 140
Trd, 4319956.993, 140
Trd, 4319957.543, 140
Trd, 4319958.293, 140
Trd, 4319959.143, 139
Trd, 4319959.293, 139
Trd, 4319960.143, 140
Trd, 4319960.643, 139
Trd, 4319961.043, 137
Trd, 4319961.293, 89
Trd, 4319962.793, 140
Trd, 4319963.143, 136
Trd, 4319964.143, 60
Trd, 4319964.193, 60
Trd, 4319964.443, 139
Trd, 4319965.893, 140
Trd, 4319966.493, 63
Trd, 4319967.493, 65
Trd, 4319967.843, 60
Trd, 4319968.943, 138
Trd, 4319969.793, 60
Trd, 4319970.493, 110
Trd, 4319970.943, 72
Trd, 4319972.343, 60
Trd, 4319972.543, 109
Trd, 4319974.943, 62
Trd, 4319975.393, 60
Trd, 4319975.793, 63
Trd, 4319976.143, 63
Trd, 4319976.393, 64
Trd, 4319977.593, 60
Trd, 4319978.343, 61
Trd, 4319978.493, 61
Trd, 4319978.943, 61
Trd, 4319980.093, 63
Trd, 4319980.543, 63
Trd, 4319981.043, 63
Trd, 4319981.893, 63
Trd, 4319983.943, 63
Trd, 4319984.743, 64
Trd, 4319985.493, 64
Trd, 4319985.543, 65
Trd, 4319986.643, 61
Trd, 4319986.943, 64
Trd, 4319987.943, 140
Trd, 4319988.543, 140
Trd, 4319988.693, 140
Trd, 4319990.643, 140
Trd, 4319991.293, 140
Trd, 4319991.993, 140
Trd, 4319992.543, 140
Trd, 4319993.693, 140
Trd, 4319995.293, 140
Trd, 4319996.043, 140
Trd, 4319996.443, 140
Trd, 4319996.493, 140
Trd, 4319996.893, 139
Trd, 4319997.843, 140
Trd, 4319998.043, 140
