Trd, 4318156.443, 61
Trd, 4318157.243, 61
Trd, 4318157.543, 78
Trd, 4318159.143, 68
Trd, 4318159.443, 80
Trd, 4318159.843, 90
Trd, 4318160.593, 140
Trd, 4318161.243, 72
Trd, 4318162.593, 117
Trd, 4318162.843, 125
Trd, 4318163.393, 110
Trd, 4318163.943, 118
Trd, 4318164.043, 102
Trd, 4318164.193, 95
Trd, 4318165.093, 114
Trd, 4318166.093, 90
Trd, 4318166.843, 85
Trd, 4318167.093, 85
Trd, 4318167.943, 84
Trd, 4318169.193, 72
Trd, 4318169.643, 89
Trd, 4318169.993, 93
Trd, 4318171.693, 81
Trd, 4318172.093, 90
Trd, 4318173.343, 60
Trd, 4318174.743, 73
Trd, 4318175.293, 69
Trd, 4318175.593, 72
Trd, 4318176.293, 92
Trd, 4318176.393, 112
Trd, 4318176.593, 91
Trd, 4318176.793, 87
Trd, 4318177.843, 69
Trd, 4318178.943, 76
Trd, 4318179.343, 138
Trd, 4318180.443, 112
Trd, 4318181.443, 86
Trd, 4318181.793, 90
Trd, 4318182.193, 82
Trd, 4318182.643, 127
Trd, 4318182.693, 80
Trd, 4318183.743, 90
Trd, 4318185.393, 81
Trd, 4318186.043, 140
Trd, 4318186.393, 112
Trd, 4318187.143, 81
Trd, 4318188.143, 140
Trd, 4318188.193, 87
Trd, 4318188.993, 137
Trd, 4318189.543, 120
Trd, 4318189.693, 104
Trd, 4318190.493, 119
Trd, 4318191.143, 88
Trd, 4318191.393, 82
Trd, 4318192.093, 76
Trd, 4318193.243, 134
Trd, 4318194.293, 140
Trd, 4318194.493, 140
Trd, 4318196.593, 122
Trd, 4318196.893, 120
Trd, 4318197.293, 132
Trd, 4318197.643, 130
Trd, 4318197.743, 129
Trd, 4318198.543, 100
Trd, 4318198.593, 97
Trd, 4318200.643, 118
Trd, 4318200.693, 127
Trd, 4318201.093, 119
Trd, 4318202.543, 115
Trd, 4318204.243, 94
Trd, 4318204.643, 70
Trd, 4318204.743, 126
Trd, 4318205.993, 104
Trd, 4318207.043, 87
Trd, 4318207.293, 93
Trd, 4318207.643, 134
Trd, 4318207.743, 80
Trd, 4318208.643, 71
Trd, 4318209.093, 116
Trd, 4318209.643, 72
Trd, 4318210.493, 69
Trd, 4318211.893, 69
Trd, 4318211.993, 64
Trd, 4318212.093, 137
Trd, 4318212.293, 121
Trd, 4318214.843, 140
Trd, 4318214.943, 140
Trd, 4318215.093, 139
Trd, 4318216.343, 116
Trd, 4318216.493, 112
Trd, 4318216.693, 110
Trd, 4318217.193, 105
Trd, 4318219.343, 127
Trd, 4318219.893, 124
Trd, 4318220.343, 124
Trd, 4318220.743, 114
Trd, 4318221.493, 106
Trd, 4318221.993, 134
Trd, 4318222.043, 70
Trd, 4318222.993, 76
Trd, 4318223.343, 139
Trd, 4318224.043, 94
Trd, 4318224.543, 63
Trd, 4318226.593, 60
Trd, 4318227.293, 89
Trd, 4318227.843, 95
Trd, 4318228.243, 95
Trd, 4318228.343, 91
Trd, 4318228.493, 128
Trd, 4318228.693, 86
Trd, 4318230.593, 71
Trd, 4318232.593, 88
Trd, 4318232.943, 116
Trd, 4318233.793, 94
Trd, 4318234.043, 104
Trd, 4318235.143, 79
Trd, 4318235.843, 82
Trd, 4318236.243, 102
Trd, 4318236.343, 79
Trd, 4318236.893, 76
Trd, 4318236.993, 76
Trd, 4318237.843, 108
Trd, 4318239.143, 123
Trd, 4318240.293, 129
Trd, 4318240.543, 121
Trd, 4318240.743, 119
Trd, 4318241.043, 118
Trd, 4318241.443, 82
Trd, 4318243.143, 112
Trd, 4318243.943, 102
Trd, 4318244.843, 139
Trd, 4318245.243, 129
Trd, 4318246.043, 139
Trd, 4318246.393, 128
Trd, 4318247.043, 115
Trd, 4318247.593, 98
Trd, 4318248.043, 79
Trd, 4318248.943, 134
Trd, 4318249.393, 124
Trd, 4318251.593, 134
Trd, 4318251.643, 88
Trd, 4318251.893, 123
Trd, 4318251.943, 87
Trd, 4318252.543, 78
Trd, 4318253.143, 102
Trd, 4318254.093, 92
Trd, 4318254.243, 88
Trd, 4318254.793, 80
Trd, 4318255.393, 96
Trd, 4318256.443, 70
Trd, 4318257.393, 62
Trd, 4318258.493, 140
Trd, 4318258.893, 112
Trd, 4318259.093, 87
Trd, 4318259.693, 107
Trd, 4318261.343, 80
Trd, 4318264.293, 62
Trd, 4318265.293, 76
Trd, 4318266.193, 63
Trd, 4318266.793, 113
Trd, 4318267.493, 63
Trd, 4318269.193, 75
Trd, 4318269.693, 66
Trd, 4318270.893, 84
Trd, 4318270.943, 86
Trd, 4318271.793, 84
Trd, 4318271.843, 82
Trd, 4318272.093, 93
Trd, 4318272.143, 80
Trd, 4318273.493, 77
Trd, 4318273.743, 119
Trd, 4318275.193, 85
Trd, 4318276.443, 127
Trd, 4318276.643, 123
Trd, 4318277.143, 129
Trd, 4318277.343, 117
Trd, 4318278.193, 93
Trd, 4318279.043, 90
Trd, 4318279.943, 92
Trd, 4318280.093, 77
Trd, 4318280.793, 80
Trd, 4318280.893, 132
Trd, 4318281.993, 88
Trd, 4318282.543, 98
Trd, 4318283.393, 90
Trd, 4318285.493, 140
Trd, 4318285.593, 118
Trd, 4318285.993, 126
Trd, 4318286.043, 115
Trd, 4318287.193, 140
Trd, 4318287.293, 140
Trd, 4318287.343, 127
Trd, 4318289.193, 119
Trd, 4318289.343, 113
Trd, 4318290.043, 104
Trd, 4318290.193, 99
Trd, 4318291.293, 119
Trd, 4318292.293, 140
Trd, 4318292.593, 138
Trd, 4318292.843, 109
Trd, 4318293.593, 87
Trd, 4318294.293, 101
Trd, 4318296.093, 140
Trd, 4318296.143, 131
Trd, 4318296.643, 99
Trd, 4318297.043, 98
Trd, 4318297.093, 114
Trd, 4318297.243, 96
Trd, 4318298.243, 96
Trd, 4318299.843, 110
Trd, 4318300.543, 97
Trd, 4318300.943, 91
Trd, 4318301.943, 140
Trd, 4318302.393, 140
Trd, 4318302.843, 106
Trd, 4318303.393, 80
Trd, 4318303.843, 75
Trd, 4318304.393, 115
Trd, 4318304.493, 88
Trd, 4318305.193, 101
Trd, 4318305.843, 138
Trd, 4318306.093, 135
Trd, 4318307.293, 133
Trd, 4318307.443, 114
Trd, 4318308.993, 107
Trd, 4318310.193, 139
Trd, 4318310.243, 139
Trd, 4318310.643, 127
Trd, 4318310.993, 125
Trd, 4318311.393, 116
Trd, 4318312.743, 140
Trd, 4318312.943, 114
Trd, 4318313.593, 93
Trd, 4318313.993, 83
Trd, 4318314.843, 60
Trd, 4318314.893, 91
Trd, 4318315.993, 135
Trd, 4318317.293, 61
Trd, 4318317.443, 82
Trd, 4318318.643, 60
Trd, 4318318.993, 70
Trd, 4318319.993, 122
Trd, 4318320.443, 113
Trd, 4318320.793, 111
Trd, 4318322.193, 105
Trd, 4318322.893, 120
Trd, 4318323.143, 89
Trd, 4318323.593, 123
Trd, 4318324.043, 113
Trd, 4318324.193, 88
Trd, 4318325.493, 138
Trd, 4318325.843, 138
Trd, 4318326.593, 131
Trd, 4318327.093, 102
Trd, 4318328.143, 79
Trd, 4318328.693, 124
Trd, 4318329.693, 139
Trd, 4318330.143, 137
Trd, 4318330.993, 109
Trd, 4318331.043, 94
Trd, 4318331.893, 78
Trd, 4318333.443, 71
Trd, 4318334.343, 83
Trd, 4318334.593, 110
Trd, 4318335.243, 83
Trd, 4318335.543, 108
Trd, 4318335.793, 140
Trd, 4318335.943, 127
Trd, 4318336.843, 97
Trd, 4318337.093, 94
Trd, 4318338.343, 126
Trd, 4318339.643, 60
Trd, 4318340.543, 104
Trd, 4318341.193, 63
Trd, 4318341.293, 92
Trd, 4318342.243, 70
Trd, 4318342.543, 77
Trd, 4318343.493, 91
Trd, 4318345.093, 88
Trd, 4318345.743, 82
Trd, 4318346.043, 132
Trd, 4318346.343, 75
Trd, 4318347.093, 73
Trd, 4318347.443, 73
Trd, 4318348.143, 140
Trd, 4318349.043, 102
Trd, 4318349.343, 102
Trd, 4318349.743, 92
Trd, 4318350.443, 62
Trd, 4318351.593, 90
Trd, 4318351.893, 60
Trd, 4318352.343, 108
Trd, 4318352.393, 107
Trd, 4318353.843, 89
Trd, 4318354.093, 83
Trd, 4318354.693, 64
Trd, 4318355.093, 131
Trd, 4318356.543, 69
Trd, 4318357.743, 115
Trd, 4318358.443, 115
Trd, 4318358.693, 134
Trd, 4318359.593, 125
Trd, 4318359.893, 124
Trd, 4318360.393, 138
Trd, 4318360.893, 131
Trd, 4318361.643, 135
Trd, 4318361.993, 140
Trd, 4318362.343, 128
Trd, 4318362.743, 125
Trd, 4318363.043, 124
Trd, 4318363.343, 104
Trd, 4318364.843, 82
Trd, 4318365.443, 127
Trd, 4318365.543, 98
Trd, 4318365.693, 134
Trd, 4318367.293, 132
Trd, 4318367.543, 127
Trd, 4318368.143, 85
Trd, 4318368.343, 73
Trd, 4318369.843, 120
Trd, 4318370.193, 110
Trd, 4318371.743, 111
Trd, 4318373.193, 138
Trd, 4318373.243, 127
Trd, 4318373.943, 123
Trd, 4318373.993, 100
Trd, 4318374.893, 119
Trd, 4318375.143, 84
Trd, 4318375.343, 103
Trd, 4318376.393, 139
Trd, 4318377.043, 118
Trd, 4318377.543, 113
Trd, 4318377.593, 110
Trd, 4318378.693, 118
Trd, 4318378.843, 91
Trd, 4318378.993, 86
Trd, 4318380.893, 115
Trd, 4318381.193, 103
Trd, 4318382.893, 138
Trd, 4318383.593, 82
Trd, 4318383.743, 81
Trd, 4318383.793, 75
Trd, 4318384.243, 106
Trd, 4318384.443, 72
Trd, 4318384.843, 71
Trd, 4318385.093, 116
Trd, 4318385.993, 136
Trd, 4318388.043, 122
Trd, 4318388.493, 140
Trd, 4318388.643, 137
Trd, 4318388.993, 97
Trd, 4318389.843, 106
Trd, 4318391.243, 119
Trd, 4318391.643, 110
Trd, 4318391.893, 106
Trd, 4318392.143, 105
Trd, 4318392.693, 87
Trd, 4318393.043, 139
Trd, 4318393.493, 97
Trd, 4318395.243, 139
Trd, 4318395.393, 76
Trd, 4318396.493, 103
Trd, 4318397.443, 110
Trd, 4318397.893, 105
Trd, 4318398.143, 104
Trd, 4318398.543, 100
Trd, 4318398.993, 101
Trd, 4318400.093, 117
Trd, 4318401.493, 104
Trd, 4318401.893, 118
Trd, 4318403.943, 108
Trd, 4318404.043, 119
Trd, 4318404.193, 104
Trd, 4318404.693, 89
Trd, 4318405.393, 100
Trd, 4318406.393, 93
Trd, 4318407.393, 88
Trd, 4318408.193, 109
Trd, 4318409.043, 98
Trd, 4318409.243, 106
Trd, 4318409.593, 116
Trd, 4318409.693, 99
Trd, 4318409.843, 89
Trd, 4318409.943, 72
Trd, 4318410.293, 69
Trd, 4318411.693, 97
Trd, 4318412.393, 90
Trd, 4318412.993, 122
Trd, 4318413.143, 94
Trd, 4318413.393, 89
Trd, 4318414.193, 138
Trd, 4318415.193, 78
Trd, 4318415.893, 62
Trd, 4318416.843, 65
Trd, 4318418.393, 66
Trd, 4318418.893, 72
Trd, 4318419.743, 92
Trd, 4318419.793, 88
Trd, 4318419.993, 87
Trd, 4318420.893, 140
Trd, 4318421.193, 139
Trd, 4318421.343, 127
Trd, 4318421.393, 120
Trd, 4318423.943, 63
Trd, 4318424.643, 122
Trd, 4318424.693, 97
Trd, 4318425.143, 102
Trd, 4318426.193, 136
Trd, 4318426.493, 120
Trd, 4318428.243, 80
Trd, 4318429.043, 124
Trd, 4318429.293, 71
Trd, 4318429.993, 61
Trd, 4318430.643, 84
Trd, 4318431.343, 61
Trd, 4318431.993, 73
Trd, 4318432.843, 73
Trd, 4318433.693, 83
Trd, 4318434.393, 72
Trd, 4318434.793, 64
Trd, 4318435.043, 103
Trd, 4318435.343, 112
Trd, 4318435.593, 103
Trd, 4318435.643, 97
Trd, 4318437.193, 68
Trd, 4318438.943, 76
Trd, 4318439.593, 125
Trd, 4318439.843, 136
Trd, 4318441.843, 81
Trd, 4318442.993, 89
Trd, 4318443.143, 118
Trd, 4318443.593, 85
Trd, 4318444.693, 76
Trd, 4318445.193, 112
Trd, 4318445.443, 102
Trd, 4318447.143, 104
Trd, 4318447.443, 121
Trd, 4318448.643, 89
Trd, 4318448.743, 87
Trd, 4318449.493, 89
Trd, 4318449.543, 120
Trd, 4318450.043, 80
Trd, 4318450.143, 79
Trd, 4318450.443, 90
Trd, 4318452.393, 97
Trd, 4318452.993, 78
Trd, 4318453.843, 99
Trd, 4318456.293, 90
Trd, 4318456.593, 84
Trd, 4318456.843, 92
Trd, 4318458.093, 140
Trd, 4318458.493, 97
Trd, 4318459.643, 87
Trd, 4318459.793, 85
Trd, 4318460.893, 64
Trd, 4318461.193, 64
Trd, 4318461.343, 75
Trd, 4318462.643, 68
Trd, 4318462.893, 67
Trd, 4318462.943, 64
Trd, 4318463.093, 82
Trd, 4318463.643, 117
Trd, 4318464.543, 120
Trd, 4318465.843, 89
Trd, 4318466.093, 96
Trd, 4318466.293, 74
Trd, 4318466.743, 98
Trd, 4318467.593, 69
Trd, 4318468.093, 97
Trd, 4318469.843, 101
Trd, 4318470.843, 107
Trd, 4318471.243, 101
Trd, 4318471.593, 99
Trd, 4318472.793, 92
Trd, 4318474.493, 60
Trd, 4318474.643, 68
Trd, 4318474.743, 122
Trd, 4318475.193, 67
Trd, 4318475.643, 75
Trd, 4318477.193, 75
Trd, 4318477.593, 121
Trd, 4318478.843, 140
Trd, 4318479.293, 140
Trd, 4318479.693, 117
Trd, 4318480.543, 76
Trd, 4318481.093, 95
Trd, 4318482.493, 127
Trd, 4318482.943, 113
Trd, 4318483.793, 105
Trd, 4318484.993, 98
Trd, 4318485.793, 138
Trd, 4318486.143, 117
Trd, 4318486.443, 110
Trd, 4318487.893, 106
Trd, 4318488.193, 97
Trd, 4318489.093, 115
Trd, 4318489.593, 139
Trd, 4318489.643, 125
Trd, 4318491.193, 110
Trd, 4318491.443, 109
Trd, 4318491.793, 106
Trd, 4318492.543, 102
Trd, 4318492.993, 100
Trd, 4318493.993, 115
Trd, 4318494.143, 109
Trd, 4318494.493, 118
Trd, 4318495.043, 73
Trd, 4318495.243, 116
Trd, 4318496.643, 60
Trd, 4318496.793, 78
Trd, 4318498.243, 74
Trd, 4318499.743, 68
Trd, 4318500.993, 67
Trd, 4318501.343, 77
Trd, 4318501.393, 79
Trd, 4318502.043, 75
Trd, 4318502.193, 90
Trd, 4318502.593, 131
Trd, 4318503.843, 85
Trd, 4318504.543, 75
Trd, 4318504.893, 85
Trd, 4318506.043, 60
Trd, 4318507.443, 89
Trd, 4318507.893, 87
Trd, 4318508.743, 89
Trd, 4318509.043, 105
Trd, 4318509.793, 119
Trd, 4318509.843, 118
Trd, 4318510.493, 98
Trd, 4318510.793, 109
Trd, 4318511.343, 96
Trd, 4318512.793, 94
Trd, 4318512.943, 93
Trd, 4318513.293, 86
Trd, 4318513.743, 108
Trd, 4318514.393, 133
Trd, 4318515.993, 134
Trd, 4318516.343, 115
Trd, 4318517.093, 95
Trd, 4318517.393, 135
Trd, 4318518.343, 135
Trd, 4318518.593, 104
Trd, 4318520.893, 114
Trd, 4318520.993, 108
Trd, 4318522.093, 106
Trd, 4318522.943, 108
Trd, 4318524.343, 116
Trd, 4318524.593, 86
Trd, 4318525.293, 119
Trd, 4318526.093, 140
Trd, 4318526.243, 118
Trd, 4318526.343, 114
Trd, 4318526.893, 109
Trd, 4318528.193, 118
Trd, 4318528.243, 128
Trd, 4318528.343, 91
Trd, 4318529.893, 132
Trd, 4318530.693, 91
Trd, 4318531.593, 102
Trd, 4318531.643, 84
Trd, 4318532.243, 100
Trd, 4318533.243, 84
Trd, 4318535.793, 64
Trd, 4318536.193, 68
Trd, 4318536.493, 74
Trd, 4318536.943, 72
Trd, 4318537.043, 63
Trd, 4318538.093, 112
Trd, 4318538.943, 100
Trd, 4318539.193, 96
Trd, 4318540.293, 71
Trd, 4318540.793, 122
Trd, 4318540.943, 65
Trd, 4318541.393, 83
Trd, 4318542.143, 71
Trd, 4318543.543, 75
Trd, 4318544.043, 80
Trd, 4318545.093, 89
Trd, 4318545.793, 71
Trd, 4318546.443, 118
Trd, 4318547.293, 77
Trd, 4318548.543, 60
Trd, 4318548.593, 62
Trd, 4318549.743, 63
Trd, 4318549.843, 64
Trd, 4318550.243, 87
Trd, 4318551.243, 64
Trd, 4318551.393, 66
Trd, 4318552.043, 64
Trd, 4318552.393, 88
Trd, 4318552.743, 85
Trd, 4318552.993, 63
Trd, 4318554.043, 136
Trd, 4318554.093, 128
Trd, 4318554.943, 95
Trd, 4318555.593, 135
Trd, 4318556.193, 128
Trd, 4318556.593, 126
Trd, 4318556.693, 120
Trd, 4318557.343, 103
Trd, 4318557.543, 128
Trd, 4318558.543, 109
Trd, 4318558.743, 100
Trd, 4318559.793, 89
Trd, 4318560.743, 67
Trd, 4318560.943, 72
Trd, 4318562.393, 68
Trd, 4318563.893, 93
Trd, 4318564.093, 120
Trd, 4318564.693, 128
Trd, 4318565.743, 108
Trd, 4318566.093, 140
Trd, 4318566.743, 135
Trd, 4318566.793, 125
Trd, 4318567.193, 123
Trd, 4318567.443, 125
Trd, 4318567.543, 118
Trd, 4318568.143, 115
Trd, 4318569.893, 61
Trd, 4318571.193, 101
Trd, 4318572.243, 140
Trd, 4318572.593, 135
Trd, 4318572.743, 132
Trd, 4318573.143, 138
Trd, 4318573.793, 129
Trd, 4318574.193, 117
Trd, 4318575.993, 94
Trd, 4318576.043, 89
Trd, 4318577.443, 132
Trd, 4318577.493, 126
Trd, 4318578.243, 125
Trd, 4318578.343, 116
Trd, 4318578.843, 124
Trd, 4318579.593, 69
Trd, 4318581.043, 89
Trd, 4318581.543, 72
Trd, 4318581.793, 68
Trd, 4318583.043, 93
Trd, 4318583.543, 80
Trd, 4318583.893, 113
Trd, 4318585.343, 116
Trd, 4318585.393, 108
Trd, 4318586.143, 88
Trd, 4318587.243, 68
Trd, 4318587.843, 70
Trd, 4318588.943, 140
Trd, 4318589.143, 136
Trd, 4318589.943, 122
Trd, 4318590.193, 99
Trd, 4318592.393, 72
Trd, 4318592.693, 137
Trd, 4318593.093, 72
Trd, 4318593.493, 80
Trd, 4318594.143, 75
Trd, 4318594.893, 124
Trd, 4318595.143, 129
Trd, 4318596.493, 132
Trd, 4318597.243, 106
Trd, 4318598.993, 134
Trd, 4318599.043, 102
Trd, 4318599.693, 91
Trd, 4318600.643, 139
Trd, 4318600.843, 127
Trd, 4318601.593, 93
Trd, 4318602.593, 101
Trd, 4318603.143, 92
Trd, 4318603.393, 88
Trd, 4318603.443, 75
Trd, 4318603.643, 83
Trd, 4318605.243, 60
Trd, 4318605.643, 75
Trd, 4318605.893, 72
Trd, 4318606.093, 127
Trd, 4318606.793, 92
Trd, 4318608.243, 127
Trd, 4318608.593, 86
Trd, 4318609.743, 93
Trd, 4318609.843, 83
Trd, 4318611.543, 137
Trd, 4318611.693, 136
Trd, 4318611.743, 109
Trd, 4318612.243, 116
Trd, 4318612.493, 119
Trd, 4318613.043, 113
Trd, 4318613.743, 99
Trd, 4318613.943, 95
Trd, 4318614.743, 140
Trd, 4318616.443, 127
Trd, 4318616.593, 106
Trd, 4318617.143, 97
Trd, 4318617.643, 90
Trd, 4318618.493, 120
Trd, 4318618.543, 128
Trd, 4318619.143, 127
Trd, 4318620.143, 94
Trd, 4318620.393, 128
Trd, 4318620.643, 82
Trd, 4318622.443, 139
Trd, 4318622.543, 138
Trd, 4318622.593, 110
Trd, 4318623.093, 107
Trd, 4318625.193, 138
Trd, 4318625.393, 129
Trd, 4318625.593, 125
Trd, 4318625.843, 108
Trd, 4318627.443, 66
Trd, 4318627.493, 87
Trd, 4318627.543, 87
Trd, 4318628.243, 66
Trd, 4318628.693, 75
Trd, 4318630.393, 61
Trd, 4318631.193, 82
Trd, 4318631.493, 77
Trd, 4318632.393, 127
Trd, 4318632.593, 109
Trd, 4318634.193, 107
Trd, 4318634.893, 67
Trd, 4318635.043, 65
Trd, 4318636.943, 77
Trd, 4318637.393, 64
Trd, 4318637.643, 88
Trd, 4318638.693, 69
Trd, 4318639.093, 78
Trd, 4318639.493, 61
Trd, 4318641.443, 60
Trd, 4318641.593, 82
Trd, 4318642.243, 67
Trd, 4318643.643, 82
Trd, 4318644.443, 81
Trd, 4318645.243, 73
Trd, 4318645.393, 67
Trd, 4318645.943, 73
Trd, 4318646.193, 66
Trd, 4318646.693, 73
Trd, 4318648.493, 122
Trd, 4318649.043, 90
Trd, 4318650.043, 74
Trd, 4318650.143, 97
Trd, 4318650.793, 99
Trd, 4318650.993, 110
Trd, 4318652.143, 84
Trd, 4318652.493, 136
Trd, 4318653.493, 72
Trd, 4318653.743, 122
Trd, 4318654.093, 136
Trd, 4318654.343, 64
Trd, 4318656.043, 133
Trd, 4318656.093, 123
Trd, 4318657.143, 123
Trd, 4318657.293, 103
Trd, 4318658.343, 104
Trd, 4318659.093, 102
Trd, 4318659.143, 100
Trd, 4318660.743, 140
Trd, 4318660.843, 121
Trd, 4318661.043, 81
Trd, 4318661.643, 87
Trd, 4318662.493, 61
Trd, 4318662.793, 84
Trd, 4318663.493, 87
Trd, 4318663.843, 126
Trd, 4318663.943, 97
Trd, 4318665.143, 128
Trd, 4318665.743, 119
Trd, 4318666.993, 120
Trd, 4318668.093, 116
Trd, 4318669.693, 140
Trd, 4318669.843, 129
Trd, 4318670.293, 125
Trd, 4318670.793, 115
Trd, 4318670.993, 127
Trd, 4318671.393, 105
Trd, 4318672.493, 94
Trd, 4318672.893, 138
Trd, 4318673.293, 117
Trd, 4318673.793, 74
Trd, 4318673.943, 70
Trd, 4318675.093, 140
Trd, 4318675.143, 110
Trd, 4318676.793, 84
Trd, 4318677.343, 94
Trd, 4318677.443, 82
Trd, 4318678.543, 93
Trd, 4318678.843, 71
Trd, 4318679.293, 124
Trd, 4318679.693, 72
Trd, 4318681.043, 102
Trd, 4318681.143, 68
Trd, 4318683.443, 118
Trd, 4318683.843, 138
Trd, 4318683.893, 112
Trd, 4318683.943, 102
Trd, 4318685.843, 60
Trd, 4318686.193, 139
Trd, 4318687.993, 91
Trd, 4318688.493, 120
Trd, 4318688.593, 84
Trd, 4318688.743, 140
Trd, 4318689.743, 84
Trd, 4318690.793, 139
Trd, 4318691.143, 138
Trd, 4318691.793, 69
Trd, 4318692.893, 102
Trd, 4318693.243, 92
Trd, 4318693.593, 89
Trd, 4318695.993, 125
Trd, 4318696.843, 103
Trd, 4318697.193, 84
Trd, 4318697.643, 96
Trd, 4318698.893, 106
Trd, 4318699.393, 105
Trd, 4318700.193, 61
Trd, 4318700.293, 61
Trd, 4318701.043, 138
Trd, 4318701.943, 140
Trd, 4318702.993, 133
Trd, 4318703.043, 132
Trd, 4318704.493, 127
Trd, 4318705.093, 114
Trd, 4318705.393, 108
Trd, 4318706.693, 99
Trd, 4318706.793, 83
Trd, 4318708.143, 69
Trd, 4318708.843, 108
Trd, 4318709.243, 125
Trd, 4318710.443, 140
Trd, 4318710.843, 138
Trd, 4318710.993, 136
Trd, 4318711.343, 104
Trd, 4318711.393, 109
Trd, 4318712.143, 89
Trd, 4318712.943, 99
Trd, 4318713.743, 107
Trd, 4318714.243, 128
Trd, 4318715.143, 132
Trd, 4318715.243, 97
Trd, 4318715.643, 123
Trd, 4318716.343, 80
Trd, 4318716.893, 78
Trd, 4318719.193, 140
Trd, 4318719.443, 122
Trd, 4318719.743, 108
Trd, 4318720.543, 130
Trd, 4318720.693, 93
Trd, 4318721.593, 135
Trd, 4318722.943, 104
Trd, 4318722.993, 121
Trd, 4318723.193, 103
Trd, 4318723.743, 111
Trd, 4318724.193, 138
Trd, 4318724.593, 131
Trd, 4318724.793, 106
Trd, 4318725.793, 110
Trd, 4318727.743, 140
Trd, 4318728.093, 140
Trd, 4318728.143, 136
Trd, 4318729.243, 140
Trd, 4318730.093, 139
Trd, 4318730.143, 138
Trd, 4318730.943, 128
Trd, 4318731.343, 135
Trd, 4318731.643, 119
Trd, 4318731.743, 104
Trd, 4318732.493, 127
Trd, 4318733.043, 114
Trd, 4318733.343, 122
Trd, 4318733.743, 69
Trd, 4318734.543, 140
Trd, 4318735.993, 135
Trd, 4318736.443, 134
Trd, 4318736.643, 132
Trd, 4318736.943, 121
Trd, 4318737.793, 112
Trd, 4318738.293, 86
Trd, 4318738.543, 60
Trd, 4318738.793, 65
Trd, 4318740.243, 140
Trd, 4318741.093, 140
Trd, 4318741.193, 129
Trd, 4318741.293, 91
Trd, 4318742.393, 104
Trd, 4318744.293, 60
Trd, 4318745.343, 73
Trd, 4318745.943, 117
Trd, 4318746.093, 111
Trd, 4318746.143, 127
Trd, 4318746.243, 97
Trd, 4318747.343, 108
Trd, 4318747.943, 128
Trd, 4318748.143, 127
Trd, 4318749.093, 98
Trd, 4318749.293, 80
Trd, 4318749.793, 61
Trd, 4318750.143, 83
Trd, 4318751.693, 61
Trd, 4318752.143, 83
Trd, 4318754.293, 71
Trd, 4318754.643, 92
Trd, 4318755.043, 69
Trd, 4318755.593, 86
Trd, 4318756.693, 96
Trd, 4318758.443, 67
Trd, 4318760.443, 136
Trd, 4318760.693, 117
Trd, 4318761.143, 111
Trd, 4318762.043, 103
Trd, 4318762.943, 101
Trd, 4318763.293, 108
Trd, 4318763.393, 96
Trd, 4318764.943, 88
Trd, 4318765.643, 81
Trd, 4318766.743, 105
Trd, 4318767.093, 96
Trd, 4318767.243, 107
Trd, 4318767.543, 114
Trd, 4318767.643, 139
Trd, 4318767.843, 100
Trd, 4318768.993, 75
Trd, 4318769.443, 66
Trd, 4318770.593, 79
Trd, 4318770.643, 104
Trd, 4318771.993, 84
Trd, 4318772.893, 91
Trd, 4318773.793, 83
Trd, 4318774.393, 106
Trd, 4318774.943, 78
Trd, 4318775.893, 111
Trd, 4318776.543, 85
Trd, 4318777.643, 90
Trd, 4318778.043, 65
Trd, 4318778.843, 60
Trd, 4318778.993, 67
Trd, 4318779.243, 76
Trd, 4318779.893, 119
Trd, 4318780.093, 120
Trd, 4318782.393, 67
Trd, 4318783.993, 84
Trd, 4318785.043, 64
Trd, 4318785.443, 63
Trd, 4318785.843, 66
Trd, 4318786.093, 67
Trd, 4318786.493, 69
Trd, 4318786.793, 61
Trd, 4318788.593, 73
Trd, 4318789.393, 71
Trd, 4318790.543, 96
Trd, 4318790.793, 116
Trd, 4318791.243, 105
Trd, 4318791.593, 104
Trd, 4318791.843, 114
Trd, 4318792.043, 105
Trd, 4318792.543, 76
Trd, 4318794.293, 140
Trd, 4318795.243, 76
Trd, 4318796.043, 86
Trd, 4318797.143, 108
Trd, 4318797.243, 106
Trd, 4318797.743, 97
Trd, 4318797.943, 88
Trd, 4318798.443, 86
Trd, 4318798.743, 64
Trd, 4318799.393, 129
Trd, 4318800.193, 88
Trd, 4318800.793, 107
Trd, 4318801.243, 103
Trd, 4318802.193, 133
Trd, 4318802.643, 108
Trd, 4318803.893, 131
Trd, 4318805.293, 140
Trd, 4318805.643, 98
Trd, 4318806.193, 132
Trd, 4318806.593, 131
Trd, 4318807.043, 122
Trd, 4318807.393, 105
Trd, 4318807.743, 94
Trd, 4318807.943, 85
Trd, 4318808.743, 84
Trd, 4318809.493, 87
Trd, 4318810.043, 130
Trd, 4318812.043, 62
Trd, 4318812.293, 93
Trd, 4318813.293, 99
Trd, 4318814.643, 75
Trd, 4318814.843, 81
Trd, 4318814.993, 96
Trd, 4318815.393, 82
Trd, 4318815.593, 117
Trd, 4318816.443, 72
Trd, 4318817.143, 140
Trd, 4318817.593, 133
Trd, 4318817.643, 132
Trd, 4318818.293, 80
Trd, 4318819.393, 77
Trd, 4318819.893, 114
Trd, 4318820.993, 86
Trd, 4318821.493, 74
Trd, 4318822.193, 140
Trd, 4318822.243, 114
Trd, 4318822.543, 113
Trd, 4318823.493, 103
Trd, 4318824.943, 85
Trd, 4318825.443, 85
Trd, 4318825.843, 89
Trd, 4318826.893, 86
Trd, 4318826.943, 83
Trd, 4318827.643, 108
Trd, 4318828.793, 83
Trd, 4318829.693, 140
Trd, 4318830.043, 136
Trd, 4318830.343, 132
Trd, 4318830.593, 132
Trd, 4318830.643, 121
Trd, 4318832.143, 112
Trd, 4318833.143, 81
Trd, 4318833.543, 85
Trd, 4318834.843, 99
Trd, 4318835.243, 68
Trd, 4318836.343, 80
Trd, 4318836.543, 87
Trd, 4318837.143, 124
Trd, 4318837.793, 131
Trd, 4318838.043, 140
Trd, 4318838.943, 140
Trd, 4318839.293, 103
Trd, 4318839.993, 115
Trd, 4318840.143, 100
Trd, 4318843.043, 72
Trd, 4318843.593, 93
Trd, 4318843.893, 69
Trd, 4318844.243, 77
Trd, 4318845.143, 60
Trd, 4318845.493, 62
Trd, 4318846.243, 76
Trd, 4318847.443, 83
Trd, 4318847.693, 70
Trd, 4318847.943, 82
Trd, 4318848.293, 64
Trd, 4318848.493, 65
Trd, 4318848.993, 62
Trd, 4318850.193, 104
Trd, 4318850.793, 100
Trd, 4318850.843, 86
Trd, 4318851.343, 100
Trd, 4318851.593, 67
Trd, 4318852.193, 69
Trd, 4318853.043, 131
Trd, 4318854.293, 104
Trd, 4318854.443, 96
Trd, 4318855.243, 60
Trd, 4318856.943, 62
Trd, 4318857.293, 113
Trd, 4318857.643, 100
Trd, 4318858.193, 105
Trd, 4318858.293, 95
Trd, 4318858.393, 90
Trd, 4318860.343, 126
Trd, 4318860.693, 83
Trd, 4318861.043, 67
Trd, 4318862.793, 103
Trd, 4318863.493, 85
Trd, 4318863.993, 80
Trd, 4318865.193, 120
Trd, 4318865.943, 140
Trd, 4318866.093, 111
Trd, 4318866.293, 103
Trd, 4318868.693, 114
Trd, 4318869.293, 111
Trd, 4318869.743, 114
Trd, 4318869.793, 109
Trd, 4318869.943, 105
Trd, 4318870.393, 93
Trd, 4318870.543, 70
Trd, 4318871.843, 110
Trd, 4318872.943, 86
Trd, 4318873.593, 80
Trd, 4318873.643, 79
Trd, 4318873.843, 69
Trd, 4318874.293, 140
Trd, 4318874.643, 132
Trd, 4318875.793, 133
Trd, 4318876.393, 112
Trd, 4318877.143, 73
Trd, 4318877.493, 72
Trd, 4318877.743, 106
Trd, 4318880.093, 95
Trd, 4318880.443, 82
Trd, 4318880.493, 93
Trd, 4318880.843, 76
Trd, 4318881.943, 79
Trd, 4318882.743, 103
Trd, 4318882.943, 71
Trd, 4318883.243, 79
Trd, 4318883.793, 71
Trd, 4318886.093, 82
Trd, 4318886.393, 87
Trd, 4318887.393, 60
Trd, 4318887.443, 62
Trd, 4318887.943, 71
Trd, 4318888.193, 67
Trd, 4318890.043, 65
Trd, 4318891.793, 61
Trd, 4318892.243, 66
Trd, 4318892.843, 92
Trd, 4318893.493, 120
Trd, 4318893.693, 110
Trd, 4318893.843, 89
Trd, 4318895.243, 62
Trd, 4318896.343, 93
Trd, 4318896.493, 78
Trd, 4318896.593, 60
Trd, 4318896.693, 93
Trd, 4318899.143, 116
Trd, 4318899.393, 115
Trd, 4318900.143, 127
Trd, 4318900.393, 98
Trd, 4318900.493, 95
Trd, 4318901.543, 129
Trd, 4318901.843, 76
Trd, 4318902.493, 122
Trd, 4318902.643, 121
Trd, 4318904.043, 96
Trd, 4318904.693, 109
Trd, 4318905.543, 102
Trd, 4318905.993, 95
Trd, 4318906.793, 135
Trd, 4318907.243, 128
Trd, 4318908.443, 99
Trd, 4318910.193, 88
Trd, 4318910.393, 128
Trd, 4318911.143, 140
Trd, 4318911.493, 132
Trd, 4318911.593, 131
Trd, 4318913.043, 116
Trd, 4318913.643, 118
Trd, 4318914.193, 100
Trd, 4318914.243, 125
Trd, 4318914.443, 129
Trd, 4318914.493, 96
Trd, 4318915.343, 96
Trd, 4318915.993, 102
Trd, 4318916.343, 74
Trd, 4318918.693, 140
Trd, 4318919.143, 136
Trd, 4318919.593, 115
Trd, 4318920.093, 92
Trd, 4318920.293, 91
Trd, 4318920.443, 87
Trd, 4318920.943, 138
Trd, 4318921.393, 132
Trd, 4318921.743, 77
Trd, 4318923.143, 112
Trd, 4318923.643, 135
Trd, 4318924.343, 91
Trd, 4318924.493, 85
Trd, 4318924.643, 75
Trd, 4318925.293, 134
Trd, 4318925.343, 122
Trd, 4318925.993, 72
Trd, 4318927.843, 101
Trd, 4318928.243, 95
Trd, 4318928.493, 88
Trd, 4318929.043, 77
Trd, 4318929.193, 111
Trd, 4318929.643, 123
Trd, 4318932.393, 104
Trd, 4318932.843, 100
Trd, 4318933.143, 92
Trd, 4318934.193, 88
Trd, 4318934.843, 82
Trd, 4318935.143, 97
Trd, 4318935.243, 127
Trd, 4318935.293, 81
Trd, 4318935.393, 140
Trd, 4318935.793, 139
Trd, 4318937.793, 87
Trd, 4318938.093, 76
Trd, 4318938.943, 77
Trd, 4318939.793, 129
Trd, 4318940.193, 117
Trd, 4318940.243, 112
Trd, 4318940.293, 131
Trd, 4318940.893, 109
Trd, 4318942.793, 94
Trd, 4318942.893, 93
Trd, 4318943.543, 87
Trd, 4318944.393, 73
Trd, 4318945.193, 76
Trd, 4318945.243, 90
Trd, 4318945.643, 64
Trd, 4318945.793, 98
Trd, 4318947.843, 75
Trd, 4318947.943, 63
Trd, 4318948.243, 64
Trd, 4318949.143, 112
Trd, 4318950.643, 95
Trd, 4318951.293, 112
Trd, 4318951.693, 115
Trd, 4318952.393, 117
Trd, 4318952.593, 116
Trd, 4318952.943, 91
Trd, 4318953.043, 84
Trd, 4318954.593, 80
Trd, 4318955.443, 64
Trd, 4318957.143, 89
Trd, 4318957.243, 108
Trd, 4318957.343, 87
Trd, 4318957.643, 140
Trd, 4318957.793, 114
Trd, 4318958.693, 76
Trd, 4318959.643, 69
Trd, 4318960.093, 80
Trd, 4318960.543, 68
Trd, 4318961.993, 75
Trd, 4318962.343, 107
Trd, 4318963.043, 69
Trd, 4318964.793, 121
Trd, 4318964.843, 96
Trd, 4318964.993, 88
Trd, 4318966.643, 99
Trd, 4318966.793, 95
Trd, 4318967.343, 104
Trd, 4318967.443, 113
Trd, 4318968.493, 140
Trd, 4318968.743, 132
Trd, 4318969.693, 97
Trd, 4318970.093, 90
Trd, 4318971.593, 99
Trd, 4318973.043, 100
Trd, 4318973.093, 112
Trd, 4318973.793, 138
Trd, 4318974.443, 128
Trd, 4318974.493, 118
Trd, 4318974.893, 111
Trd, 4318974.943, 86
Trd, 4318975.893, 70
Trd, 4318977.093, 102
Trd, 4318977.593, 138
Trd, 4318977.843, 136
Trd, 4318980.143, 131
Trd, 4318980.243, 124
Trd, 4318980.293, 123
Trd, 4318980.543, 110
Trd, 4318980.643, 107
Trd, 4318981.443, 129
Trd, 4318981.693, 128
Trd, 4318982.093, 116
Trd, 4318983.143, 140
Trd, 4318984.143, 113
Trd, 4318984.893, 117
Trd, 4318985.043, 113
Trd, 4318985.493, 84
Trd, 4318986.543, 94
Trd, 4318987.343, 90
Trd, 4318987.643, 114
Trd, 4318987.943, 85
Trd, 4318988.543, 81
Trd, 4318988.943, 79
Trd, 4318989.543, 101
Trd, 4318990.493, 99
Trd, 4318990.793, 131
Trd, 4318990.993, 132
Trd, 4318991.743, 106
Trd, 4318992.393, 123
Trd, 4318994.043, 140
Trd, 4318994.193, 90
Trd, 4318994.393, 85
Trd, 4318994.743, 122
Trd, 4318994.943, 103
Trd, 4318996.193, 87
Trd, 4318998.343, 71
Trd, 4318999.193, 100
Trd, 4318999.493, 140
Trd, 4318999.693, 139
Trd, 4319000.593, 136
Trd, 4319001.093, 124
Trd, 4319001.393, 118
Trd, 4319003.743, 97
Trd, 4319004.093, 121
Trd, 4319004.343, 90
Trd, 4319004.543, 98
Trd, 4319005.593, 104
Trd, 4319006.043, 100
Trd, 4319006.393, 95
Trd, 4319006.443, 117
Trd, 4319007.793, 101
Trd, 4319008.343, 98
Trd, 4319008.943, 140
Trd, 4319009.343, 92
Trd, 4319009.593, 88
Trd, 4319010.343, 75
Trd, 4319011.243, 95
Trd, 4319011.993, 122
Trd, 4319012.293, 103
Trd, 4319012.893, 99
Trd, 4319014.543, 62
Trd, 4319016.343, 79
Trd, 4319016.843, 77
Trd, 4319017.093, 126
Trd, 4319017.743, 90
Trd, 4319018.293, 74
Trd, 4319018.793, 75
Trd, 4319019.343, 70
Trd, 4319019.493, 113
Trd, 4319020.143, 65
Trd, 4319021.593, 84
Trd, 4319021.643, 103
Trd, 4319021.793, 81
Trd, 4319022.593, 108
Trd, 4319023.093, 139
Trd, 4319023.543, 123
Trd, 4319024.143, 140
Trd, 4319025.243, 110
Trd, 4319025.643, 104
Trd, 4319025.793, 100
Trd, 4319026.543, 93
Trd, 4319027.243, 89
Trd, 4319027.743, 65
Trd, 4319028.843, 60
Trd, 4319029.493, 69
Trd, 4319030.643, 67
Trd, 4319030.993, 117
Trd, 4319031.643, 69
Trd, 4319033.393, 63
Trd, 4319033.643, 62
Trd, 4319034.043, 77
Trd, 4319034.143, 61
Trd, 4319035.393, 99
Trd, 4319035.693, 98
Trd, 4319036.243, 92
Trd, 4319036.643, 113
Trd, 4319037.293, 112
Trd, 4319037.743, 86
Trd, 4319037.943, 91
Trd, 4319038.293, 80
Trd, 4319039.643, 91
Trd, 4319040.743, 85
Trd, 4319041.393, 140
Trd, 4319041.743, 104
Trd, 4319043.193, 76
Trd, 4319043.743, 116
Trd, 4319045.093, 82
Trd, 4319045.443, 90
Trd, 4319045.543, 80
Trd, 4319046.343, 139
Trd, 4319047.193, 107
Trd, 4319047.793, 129
Trd, 4319047.843, 102
Trd, 4319047.993, 99
Trd, 4319048.043, 95
Trd, 4319048.593, 71
Trd, 4319050.043, 114
Trd, 4319050.093, 69
Trd, 4319051.693, 102
Trd, 4319052.943, 98
Trd, 4319053.793, 97
Trd, 4319054.443, 86
Trd, 4319054.543, 91
Trd, 4319054.643, 82
Trd, 4319055.143, 82
Trd, 4319056.543, 98
Trd, 4319057.043, 93
Trd, 4319057.693, 137
Trd, 4319058.343, 95
Trd, 4319058.943, 112
Trd, 4319059.443, 139
Trd, 4319060.243, 138
Trd, 4319061.643, 107
Trd, 4319061.743, 103
Trd, 4319061.943, 94
Trd, 4319061.993, 81
Trd, 4319062.293, 85
Trd, 4319063.043, 140
Trd, 4319063.493, 109
Trd, 4319064.293, 140
Trd, 4319065.843, 123
Trd, 4319066.343, 103
Trd, 4319066.993, 102
Trd, 4319067.893, 103
Trd, 4319068.093, 101
Trd, 4319068.793, 70
Trd, 4319069.843, 66
Trd, 4319070.093, 93
Trd, 4319070.943, 67
Trd, 4319071.093, 79
Trd, 4319072.793, 126
Trd, 4319072.893, 125
Trd, 4319072.943, 113
Trd, 4319073.443, 107
Trd, 4319074.193, 101
Trd, 4319074.843, 91
Trd, 4319075.843, 88
Trd, 4319076.243, 84
Trd, 4319076.343, 124
Trd, 4319077.043, 71
Trd, 4319077.893, 79
Trd, 4319078.493, 118
Trd, 4319078.743, 116
Trd, 4319079.343, 114
Trd, 4319079.843, 109
Trd, 4319081.043, 68
Trd, 4319081.293, 74
Trd, 4319081.443, 75
Trd, 4319082.243, 68
Trd, 4319082.793, 114
Trd, 4319084.843, 68
Trd, 4319085.093, 112
Trd, 4319085.443, 65
Trd, 4319086.043, 107
Trd, 4319086.743, 91
Trd, 4319087.393, 130
Trd, 4319087.793, 120
Trd, 4319088.843, 132
Trd, 4319089.093, 125
Trd, 4319089.143, 117
Trd, 4319089.293, 97
Trd, 4319090.093, 140
Trd, 4319090.743, 91
Trd, 4319091.993, 140
Trd, 4319092.043, 138
Trd, 4319092.143, 72
Trd, 4319092.893, 108
Trd, 4319094.393, 129
Trd, 4319094.443, 128
Trd, 4319095.593, 80
Trd, 4319096.243, 82
Trd, 4319096.543, 89
Trd, 4319096.743, 75
Trd, 4319098.343, 71
Trd, 4319099.093, 60
Trd, 4319100.343, 79
Trd, 4319102.043, 73
Trd, 4319102.293, 92
Trd, 4319102.693, 94
Trd, 4319102.793, 69
Trd, 4319103.743, 72
Trd, 4319104.243, 71
Trd, 4319104.893, 75
Trd, 4319106.543, 140
Trd, 4319106.943, 129
Trd, 4319107.493, 125
Trd, 4319107.993, 119
Trd, 4319108.343, 120
Trd, 4319108.843, 115
Trd, 4319108.893, 97
Trd, 4319111.043, 138
Trd, 4319111.143, 135
Trd, 4319113.543, 71
Trd, 4319113.593, 72
Trd, 4319113.993, 68
Trd, 4319114.643, 92
Trd, 4319114.993, 88
Trd, 4319115.193, 102
Trd, 4319116.943, 140
Trd, 4319117.043, 140
Trd, 4319118.443, 95
Trd, 4319118.843, 107
Trd, 4319118.993, 103
Trd, 4319119.593, 85
Trd, 4319119.993, 89
Trd, 4319120.293, 132
Trd, 4319120.743, 84
Trd, 4319121.993, 84
Trd, 4319122.643, 94
Trd, 4319124.593, 96
Trd, 4319126.093, 126
Trd, 4319126.193, 121
Trd, 4319127.043, 99
Trd, 4319127.443, 140
Trd, 4319127.943, 129
Trd, 4319127.993, 85
Trd, 4319128.343, 76
Trd, 4319128.793, 94
Trd, 4319129.243, 117
Trd, 4319129.893, 138
Trd, 4319130.043, 62
Trd, 4319130.893, 68
Trd, 4319130.993, 73
Trd, 4319132.843, 99
Trd, 4319133.043, 62
Trd, 4319133.293, 61
Trd, 4319135.043, 81
Trd, 4319135.743, 140
Trd, 4319136.643, 113
Trd, 4319136.793, 100
Trd, 4319138.143, 109
Trd, 4319138.943, 102
Trd, 4319139.193, 93
Trd, 4319139.243, 74
Trd, 4319139.743, 116
Trd, 4319140.043, 130
Trd, 4319140.543, 68
Trd, 4319142.043, 75
Trd, 4319142.793, 83
Trd, 4319143.593, 93
Trd, 4319144.493, 80
Trd, 4319144.893, 79
Trd, 4319145.393, 73
Trd, 4319146.243, 81
Trd, 4319147.593, 89
Trd, 4319147.693, 92
Trd, 4319149.693, 128
Trd, 4319150.043, 121
Trd, 4319150.493, 87
Trd, 4319150.593, 87
Trd, 4319150.943, 71
Trd, 4319152.143, 100
Trd, 4319153.093, 138
Trd, 4319153.343, 137
Trd, 4319154.243, 68
Trd, 4319154.943, 140
Trd, 4319155.393, 89
Trd, 4319155.593, 88
Trd, 4319156.993, 115
Trd, 4319157.293, 113
Trd, 4319157.443, 111
Trd, 4319159.043, 127
Trd, 4319159.193, 118
Trd, 4319159.593, 114
Trd, 4319160.543, 93
Trd, 4319160.693, 90
Trd, 4319161.243, 114
Trd, 4319161.843, 97
Trd, 4319162.543, 115
Trd, 4319162.943, 126
Trd, 4319164.843, 73
Trd, 4319165.293, 85
Trd, 4319165.443, 90
Trd, 4319165.993, 88
Trd, 4319166.043, 81
Trd, 4319166.593, 92
Trd, 4319168.393, 64
Trd, 4319169.543, 74
Trd, 4319169.843, 103
Trd, 4319170.043, 93
Trd, 4319170.093, 72
Trd, 4319170.493, 65
Trd, 4319170.543, 106
Trd, 4319171.393, 116
Trd, 4319173.693, 85
Trd, 4319174.543, 78
Trd, 4319174.693, 71
Trd, 4319175.793, 119
Trd, 4319176.893, 70
Trd, 4319177.243, 122
Trd, 4319177.593, 140
Trd, 4319178.443, 96
Trd, 4319178.543, 91
Trd, 4319179.193, 90
Trd, 4319179.743, 64
Trd, 4319180.093, 75
Trd, 4319180.443, 81
Trd, 4319180.743, 140
Trd, 4319180.993, 117
Trd, 4319183.293, 66
Trd, 4319184.243, 91
Trd, 4319184.743, 136
Trd, 4319185.493, 60
Trd, 4319186.393, 62
Trd, 4319186.943, 105
Trd, 4319187.793, 85
Trd, 4319187.893, 78
Trd, 4319189.243, 101
Trd, 4319191.293, 96
Trd, 4319191.393, 104
Trd, 4319191.443, 95
Trd, 4319192.043, 136
Trd, 4319192.893, 124
Trd, 4319193.693, 121
Trd, 4319194.343, 140
Trd, 4319194.793, 115
Trd, 4319195.943, 93
Trd, 4319196.293, 92
Trd, 4319197.193, 95
Trd, 4319197.543, 87
Trd, 4319198.793, 84
Trd, 4319198.843, 75
Trd, 4319200.543, 140
Trd, 4319200.843, 121
Trd, 4319200.993, 121
Trd, 4319201.393, 92
Trd, 4319201.843, 137
Trd, 4319203.243, 110
Trd, 4319203.293, 109
Trd, 4319203.943, 108
Trd, 4319205.043, 103
Trd, 4319205.693, 138
Trd, 4319205.793, 109
Trd, 4319207.743, 127
Trd, 4319207.893, 95
Trd, 4319208.443, 91
Trd, 4319208.943, 87
Trd, 4319209.743, 132
Trd, 4319209.943, 125
Trd, 4319210.493, 111
Trd, 4319211.343, 73
Trd, 4319212.343, 102
Trd, 4319212.393, 65
Trd, 4319214.593, 63
Trd, 4319214.743, 80
Trd, 4319215.893, 77
Trd, 4319216.093, 66
Trd, 4319216.393, 80
Trd, 4319217.243, 79
Trd, 4319217.593, 63
Trd, 4319219.293, 68
Trd, 4319219.343, 66
Trd, 4319220.493, 96
Trd, 4319221.543, 89
Trd, 4319221.593, 88
Trd, 4319221.793, 92
Trd, 4319222.443, 94
Trd, 4319222.843, 102
Trd, 4319222.993, 78
Trd, 4319223.293, 95
Trd, 4319223.693, 82
Trd, 4319224.343, 115
Trd, 4319224.543, 106
Trd, 4319225.893, 60
Trd, 4319227.493, 60
Trd, 4319227.993, 69
Trd, 4319229.043, 97
Trd, 4319229.893, 89
Trd, 4319229.943, 78
Trd, 4319231.843, 66
Trd, 4319232.593, 85
Trd, 4319232.793, 89
Trd, 4319232.993, 97
Trd, 4319233.043, 83
Trd, 4319233.143, 80
Trd, 4319233.393, 110
Trd, 4319233.843, 79
Trd, 4319235.493, 135
Trd, 4319236.693, 69
Trd, 4319237.743, 112
Trd, 4319238.643, 94
Trd, 4319240.443, 75
Trd, 4319240.793, 112
Trd, 4319242.143, 87
Trd, 4319242.693, 90
Trd, 4319243.493, 77
Trd, 4319243.993, 98
Trd, 4319244.193, 72
Trd, 4319244.643, 72
Trd, 4319244.843, 74
Trd, 4319245.393, 97
Trd, 4319246.693, 67
Trd, 4319247.293, 138
Trd, 4319247.893, 97
Trd, 4319248.343, 88
Trd, 4319248.693, 75
Trd, 4319249.793, 85
Trd, 4319250.193, 65
Trd, 4319250.793, 66
Trd, 4319251.193, 81
Trd, 4319251.843, 66
Trd, 4319253.143, 67
Trd, 4319253.693, 69
Trd, 4319253.893, 74
Trd, 4319254.293, 79
Trd, 4319254.843, 92
Trd, 4319256.993, 74
Trd, 4319257.293, 81
Trd, 4319258.143, 89
Trd, 4319258.593, 72
Trd, 4319259.493, 95
Trd, 4319260.293, 104
Trd, 4319260.443, 103
Trd, 4319260.493, 98
Trd, 4319261.193, 75
Trd, 4319261.493, 102
Trd, 4319262.843, 136
Trd, 4319263.793, 65
Trd, 4319264.193, 71
Trd, 4319265.793, 74
Trd, 4319266.393, 83
Trd, 4319266.493, 77
Trd, 4319266.893, 104
Trd, 4319267.093, 71
Trd, 4319268.143, 126
Trd, 4319268.343, 115
Trd, 4319269.493, 115
Trd, 4319271.293, 88
Trd, 4319271.643, 86
Trd, 4319271.743, 79
Trd, 4319273.143, 106
Trd, 4319273.893, 121
Trd, 4319273.993, 94
Trd, 4319274.193, 92
Trd, 4319274.443, 122
Trd, 4319274.993, 126
Trd, 4319275.943, 87
Trd, 4319276.043, 83
Trd, 4319277.793, 88
Trd, 4319279.393, 116
Trd, 4319279.493, 89
Trd, 4319279.793, 86
Trd, 4319279.993, 85
Trd, 4319280.293, 84
Trd, 4319280.893, 83
Trd, 4319281.093, 87
Trd, 4319281.143, 71
Trd, 4319282.693, 68
Trd, 4319283.043, 75
Trd, 4319283.243, 121
Trd, 4319284.693, 72
Trd, 4319284.743, 83
Trd, 4319286.043, 140
Trd, 4319286.243, 139
Trd, 4319287.193, 128
Trd, 4319287.693, 118
Trd, 4319288.843, 107
Trd, 4319289.293, 140
Trd, 4319290.343, 102
Trd, 4319290.693, 130
Trd, 4319291.393, 87
Trd, 4319292.093, 85
Trd, 4319292.393, 83
Trd, 4319292.743, 103
Trd, 4319293.593, 117
Trd, 4319293.693, 91
Trd, 4319294.343, 137
Trd, 4319296.193, 138
Trd, 4319296.493, 119
Trd, 4319298.093, 93
Trd, 4319298.743, 96
Trd, 4319299.243, 136
Trd, 4319299.443, 119
Trd, 4319299.993, 91
Trd, 4319300.643, 90
Trd, 4319301.093, 140
Trd, 4319301.943, 84
Trd, 4319302.843, 88
Trd, 4319304.043, 139
Trd, 4319304.093, 116
Trd, 4319304.543, 87
Trd, 4319305.193, 76
Trd, 4319305.993, 72
Trd, 4319306.443, 99
Trd, 4319306.593, 109
Trd, 4319306.793, 126
Trd, 4319308.843, 112
Trd, 4319308.943, 103
Trd, 4319310.243, 106
Trd, 4319310.693, 99
Trd, 4319310.893, 90
Trd, 4319311.143, 140
Trd, 4319311.393, 88
Trd, 4319313.243, 81
Trd, 4319314.643, 140
Trd, 4319315.143, 127
Trd, 4319315.443, 126
Trd, 4319315.843, 120
Trd, 4319316.493, 106
Trd, 4319317.143, 89
Trd, 4319317.493, 101
Trd, 4319318.643, 61
Trd, 4319318.993, 62
Trd, 4319320.893, 84
Trd, 4319321.693, 72
Trd, 4319322.393, 88
Trd, 4319322.843, 87
Trd, 4319322.993, 105
Trd, 4319323.343, 84
Trd, 4319323.743, 83
Trd, 4319326.043, 86
Trd, 4319326.393, 134
Trd, 4319327.043, 122
Trd, 4319327.393, 120
Trd, 4319327.443, 96
Trd, 4319327.993, 103
Trd, 4319328.243, 104
Trd, 4319328.893, 102
Trd, 4319329.043, 94
Trd, 4319329.543, 84
Trd, 4319331.343, 74
Trd, 4319331.843, 104
Trd, 4319332.543, 126
Trd, 4319332.743, 128
Trd, 4319333.193, 111
Trd, 4319333.643, 109
Trd, 4319334.443, 106
Trd, 4319335.193, 60
Trd, 4319336.343, 113
Trd, 4319337.343, 112
Trd, 4319338.393, 67
Trd, 4319338.743, 68
Trd, 4319339.893, 80
Trd, 4319340.393, 87
Trd, 4319340.643, 88
Trd, 4319340.843, 84
Trd, 4319342.093, 70
Trd, 4319343.343, 70
Trd, 4319343.693, 73
Trd, 4319343.893, 102
Trd, 4319344.743, 60
Trd, 4319344.943, 62
Trd, 4319345.693, 72
Trd, 4319346.143, 78
Trd, 4319348.093, 102
Trd, 4319348.293, 108
Trd, 4319349.493, 61
Trd, 4319349.943, 88
Trd, 4319350.943, 68
Trd, 4319351.593, 79
Trd, 4319352.043, 124
Trd, 4319353.793, 87
Trd, 4319353.993, 79
Trd, 4319354.193, 71
Trd, 4319354.893, 125
Trd, 4319355.193, 136
Trd, 4319356.043, 97
Trd, 4319356.543, 74
Trd, 4319357.393, 137
Trd, 4319358.393, 61
Trd, 4319358.743, 69
Trd, 4319358.993, 140
Trd, 4319359.643, 84
Trd, 4319360.493, 85
Trd, 4319360.693, 79
Trd, 4319362.593, 80
Trd, 4319363.243, 134
Trd, 4319363.343, 133
Trd, 4319363.443, 127
Trd, 4319365.243, 79
Trd, 4319366.193, 69
Trd, 4319366.693, 64
Trd, 4319367.643, 64
Trd, 4319368.743, 83
Trd, 4319369.493, 85
Trd, 4319369.993, 84
Trd, 4319370.443, 135
Trd, 4319370.993, 103
Trd, 4319371.593, 95
Trd, 4319371.993, 78
Trd, 4319373.043, 72
Trd, 4319374.443, 130
Trd, 4319375.043, 115
Trd, 4319375.193, 114
Trd, 4319375.593, 113
Trd, 4319376.843, 77
Trd, 4319378.393, 113
Trd, 4319378.793, 84
Trd, 4319379.093, 83
Trd, 4319380.093, 98
Trd, 4319380.743, 94
Trd, 4319380.893, 117
Trd, 4319382.093, 140
Trd, 4319382.543, 105
Trd, 4319383.343, 99
Trd, 4319383.893, 140
Trd, 4319384.243, 127
Trd, 4319384.593, 119
Trd, 4319385.393, 94
Trd, 4319387.543, 65
Trd, 4319388.093, 75
Trd, 4319388.993, 140
Trd, 4319389.043, 139
Trd, 4319389.243, 139
Trd, 4319389.993, 125
Trd, 4319390.143, 121
Trd, 4319390.693, 94
Trd, 4319391.493, 138
Trd, 4319391.643, 87
Trd, 4319392.443, 128
Trd, 4319392.493, 127
Trd, 4319393.343, 101
Trd, 4319394.593, 114
Trd, 4319395.893, 115
Trd, 4319396.543, 83
Trd, 4319396.643, 82
Trd, 4319397.193, 138
Trd, 4319397.693, 68
Trd, 4319398.643, 78
Trd, 4319398.893, 78
Trd, 4319399.593, 71
Trd, 4319399.893, 99
Trd, 4319401.343, 85
Trd, 4319402.143, 139
Trd, 4319402.193, 133
Trd, 4319402.943, 130
Trd, 4319403.343, 107
Trd, 4319404.343, 104
Trd, 4319405.343, 125
Trd, 4319405.643, 117
Trd, 4319405.793, 101
Trd, 4319406.893, 66
Trd, 4319407.443, 98
Trd, 4319408.743, 70
Trd, 4319410.293, 81
Trd, 4319411.143, 83
Trd, 4319411.193, 68
Trd, 4319411.843, 91
Trd, 4319413.243, 123
Trd, 4319413.393, 74
Trd, 4319413.743, 78
Trd, 4319414.243, 97
Trd, 4319414.743, 84
Trd, 4319414.843, 65
Trd, 4319415.693, 139
Trd, 4319416.143, 93
Trd, 4319418.193, 139
Trd, 4319418.293, 138
Trd, 4319418.993, 104
Trd, 4319419.243, 68
Trd, 4319419.893, 69
Trd, 4319420.343, 114
Trd, 4319421.843, 132
Trd, 4319421.943, 125
Trd, 4319422.893, 99
Trd, 4319423.743, 102
Trd, 4319423.843, 101
Trd, 4319424.043, 98
Trd, 4319424.693, 111
Trd, 4319425.693, 140
Trd, 4319426.793, 82
Trd, 4319426.943, 82
Trd, 4319428.343, 81
Trd, 4319429.043, 99
Trd, 4319429.493, 79
Trd, 4319429.643, 77
Trd, 4319429.893, 72
Trd, 4319430.143, 74
Trd, 4319430.393, 96
Trd, 4319430.943, 100
Trd, 4319431.693, 77
Trd, 4319432.843, 131
Trd, 4319433.543, 102
Trd, 4319434.543, 104
Trd, 4319435.193, 101
Trd, 4319435.443, 99
Trd, 4319435.743, 62
Trd, 4319437.043, 94
Trd, 4319437.293, 95
Trd, 4319438.043, 84
Trd, 4319439.243, 139
Trd, 4319439.693, 126
Trd, 4319440.043, 110
Trd, 4319441.143, 114
Trd, 4319441.893, 120
Trd, 4319442.743, 102
Trd, 4319443.043, 104
Trd, 4319443.343, 106
Trd, 4319444.043, 89
Trd, 4319444.293, 123
Trd, 4319444.593, 90
Trd, 4319444.793, 90
Trd, 4319444.843, 88
Trd, 4319445.943, 130
Trd, 4319446.393, 110
Trd, 4319446.743, 96
Trd, 4319448.993, 137
Trd, 4319449.043, 132
Trd, 4319449.593, 124
Trd, 4319450.493, 124
Trd, 4319450.843, 123
Trd, 4319451.343, 107
Trd, 4319451.693, 95
Trd, 4319453.643, 140
Trd, 4319454.093, 119
Trd, 4319454.193, 118
Trd, 4319456.193, 137
Trd, 4319456.493, 139
Trd, 4319456.543, 128
Trd, 4319457.993, 140
Trd, 4319458.293, 133
Trd, 4319458.793, 119
Trd, 4319459.593, 78
Trd, 4319460.793, 116
Trd, 4319461.543, 109
Trd, 4319461.743, 85
Trd, 4319463.393, 86
Trd, 4319463.943, 90
Trd, 4319464.393, 73
Trd, 4319465.043, 94
Trd, 4319465.093, 79
Trd, 4319465.193, 73
Trd, 4319465.443, 72
Trd, 4319466.793, 72
Trd, 4319467.693, 95
Trd, 4319468.843, 69
Trd, 4319469.043, 94
Trd, 4319469.293, 81
Trd, 4319470.843, 138
Trd, 4319471.143, 131
Trd, 4319471.443, 125
Trd, 4319471.743, 123
Trd, 4319472.093, 103
Trd, 4319472.843, 140
Trd, 4319473.593, 140
Trd, 4319475.043, 91
Trd, 4319475.793, 86
Trd, 4319476.543, 82
Trd, 4319477.243, 77
Trd, 4319477.443, 71
Trd, 4319477.793, 71
Trd, 4319478.193, 68
Trd, 4319479.593, 71
Trd, 4319479.843, 65
Trd, 4319480.243, 75
Trd, 4319480.493, 86
Trd, 4319480.793, 95
Trd, 4319481.843, 128
Trd, 4319482.893, 89
Trd, 4319483.343, 89
Trd, 4319484.643, 107
Trd, 4319485.243, 138
Trd, 4319485.343, 101
Trd, 4319485.393, 83
Trd, 4319486.643, 103
Trd, 4319486.893, 135
Trd, 4319486.943, 98
Trd, 4319488.293, 130
Trd, 4319488.643, 137
Trd, 4319489.043, 106
Trd, 4319490.093, 98
Trd, 4319490.243, 99
Trd, 4319490.493, 125
Trd, 4319491.893, 139
Trd, 4319491.993, 114
Trd, 4319493.243, 109
Trd, 4319493.793, 85
Trd, 4319494.693, 92
Trd, 4319495.443, 88
Trd, 4319496.443, 133
Trd, 4319497.143, 124
Trd, 4319497.443, 120
Trd, 4319497.493, 117
Trd, 4319497.743, 78
Trd, 4319498.443, 123
Trd, 4319498.843, 128
Trd, 4319499.393, 91
Trd, 4319500.493, 81
Trd, 4319500.843, 84
Trd, 4319501.093, 76
Trd, 4319501.943, 140
Trd, 4319502.993, 93
Trd, 4319503.393, 90
Trd, 4319503.443, 80
Trd, 4319503.943, 134
Trd, 4319504.043, 110
Trd, 4319506.943, 93
Trd, 4319507.043, 82
Trd, 4319507.143, 86
Trd, 4319508.293, 88
Trd, 4319509.243, 84
Trd, 4319510.093, 98
Trd, 4319510.693, 130
Trd, 4319511.043, 136
Trd, 4319512.093, 100
Trd, 4319512.293, 129
Trd, 4319512.543, 115
Trd, 4319512.643, 92
Trd, 4319512.793, 85
Trd, 4319513.343, 134
Trd, 4319514.893, 139
Trd, 4319515.143, 133
Trd, 4319515.543, 109
Trd, 4319515.893, 101
Trd, 4319518.443, 140
Trd, 4319519.193, 140
Trd, 4319519.243, 132
Trd, 4319520.043, 127
Trd, 4319521.543, 111
Trd, 4319521.943, 117
Trd, 4319522.193, 114
Trd, 4319522.743, 137
Trd, 4319523.143, 140
Trd, 4319523.443, 126
Trd, 4319525.343, 129
Trd, 4319525.443, 119
Trd, 4319525.643, 117
Trd, 4319525.993, 116
Trd, 4319526.493, 112
Trd, 4319527.293, 111
Trd, 4319528.743, 139
Trd, 4319529.593, 140
Trd, 4319529.993, 127
Trd, 4319530.243, 126
Trd, 4319530.793, 134
Trd, 4319531.693, 113
Trd, 4319532.643, 93
Trd, 4319533.193, 91
Trd, 4319533.443, 115
Trd, 4319534.043, 111
Trd, 4319534.393, 78
Trd, 4319534.993, 125
Trd, 4319536.093, 137
Trd, 4319536.343, 125
Trd, 4319536.443, 113
Trd, 4319536.543, 81
Trd, 4319537.543, 99
Trd, 4319538.993, 61
Trd, 4319539.993, 66
Trd, 4319540.393, 66
Trd, 4319540.493, 63
Trd, 4319541.543, 63
Trd, 4319542.343, 65
Trd, 4319542.793, 65
Trd, 4319543.093, 107
Trd, 4319544.143, 71
Trd, 4319545.243, 71
Trd, 4319545.993, 96
Trd, 4319546.193, 94
Trd, 4319547.393, 77
Trd, 4319547.693, 114
Trd, 4319547.843, 105
Trd, 4319548.093, 98
Trd, 4319548.143, 96
Trd, 4319549.793, 64
Trd, 4319550.793, 61
Trd, 4319551.393, 133
Trd, 4319551.893, 135
Trd, 4319552.393, 110
Trd, 4319552.843, 125
Trd, 4319553.743, 70
Trd, 4319553.993, 96
Trd, 4319555.743, 97
Trd, 4319556.893, 108
Trd, 4319557.193, 109
Trd, 4319558.143, 116
Trd, 4319558.193, 96
Trd, 4319558.943, 100
Trd, 4319559.893, 102
Trd, 4319560.293, 85
Trd, 4319561.493, 123
Trd, 4319561.543, 117
Trd, 4319561.693, 132
Trd, 4319562.493, 99
Trd, 4319562.943, 132
Trd, 4319564.643, 61
Trd, 4319565.643, 61
Trd, 4319565.993, 65
Trd, 4319566.393, 66
Trd, 4319566.943, 81
Trd, 4319568.193, 83
Trd, 4319570.043, 137
Trd, 4319570.093, 126
Trd, 4319570.593, 122
Trd, 4319570.943, 113
Trd, 4319571.443, 121
Trd, 4319572.293, 103
Trd, 4319573.043, 106
Trd, 4319573.243, 101
Trd, 4319573.343, 97
Trd, 4319573.543, 72
Trd, 4319573.843, 60
Trd, 4319574.793, 64
Trd, 4319576.593, 140
Trd, 4319576.743, 129
Trd, 4319577.643, 128
Trd, 4319578.543, 113
Trd, 4319578.793, 108
Trd, 4319578.843, 88
Trd, 4319579.093, 84
Trd, 4319579.893, 121
Trd, 4319580.993, 79
Trd, 4319581.493, 80
Trd, 4319582.893, 140
Trd, 4319583.993, 131
Trd, 4319584.843, 105
Trd, 4319585.293, 138
Trd, 4319585.593, 123
Trd, 4319587.843, 99
Trd, 4319587.893, 94
Trd, 4319588.643, 123
Trd, 4319589.143, 120
Trd, 4319590.293, 103
Trd, 4319590.593, 98
Trd, 4319591.193, 87
Trd, 4319591.593, 124
Trd, 4319591.693, 85
Trd, 4319592.443, 140
Trd, 4319593.193, 97
Trd, 4319593.643, 99
Trd, 4319593.793, 95
Trd, 4319594.693, 92
Trd, 4319595.243, 89
Trd, 4319595.443, 88
Trd, 4319595.493, 87
Trd, 4319597.143, 65
Trd, 4319597.193, 94
Trd, 4319598.793, 90
Trd, 4319599.143, 99
Trd, 4319599.193, 100
Trd, 4319600.443, 60
Trd, 4319601.193, 60
Trd, 4319601.643, 61
Trd, 4319602.493, 85
Trd, 4319603.793, 69
Trd, 4319603.993, 72
Trd, 4319604.093, 100
Trd, 4319604.893, 67
Trd, 4319605.843, 65
Trd, 4319606.243, 71
Trd, 4319607.593, 123
Trd, 4319608.143, 113
Trd, 4319608.493, 112
Trd, 4319608.893, 109
Trd, 4319608.943, 105
Trd, 4319609.193, 134
Trd, 4319610.643, 72
Trd, 4319611.093, 128
Trd, 4319611.843, 133
Trd, 4319612.443, 140
Trd, 4319613.393, 111
Trd, 4319613.893, 97
Trd, 4319615.143, 100
Trd, 4319615.343, 63
Trd, 4319615.793, 136
Trd, 4319615.943, 135
Trd, 4319617.793, 76
Trd, 4319619.093, 82
Trd, 4319621.093, 131
Trd, 4319621.543, 134
Trd, 4319622.193, 99
Trd, 4319622.343, 95
Trd, 4319622.493, 94
Trd, 4319622.593, 91
Trd, 4319623.543, 72
Trd, 4319624.193, 64
Trd, 4319624.543, 133
Trd, 4319625.243, 60
Trd, 4319625.643, 136
Trd, 4319626.293, 96
Trd, 4319627.543, 95
Trd, 4319627.743, 96
Trd, 4319628.893, 114
Trd, 4319629.043, 74
Trd, 4319629.943, 112
Trd, 4319630.043, 106
Trd, 4319630.543, 87
Trd, 4319630.943, 69
Trd, 4319633.493, 60
Trd, 4319635.893, 65
Trd, 4319636.143, 68
Trd, 4319636.743, 75
Trd, 4319637.993, 128
Trd, 4319638.143, 138
Trd, 4319638.293, 121
Trd, 4319638.893, 123
Trd, 4319639.443, 105
Trd, 4319639.543, 102
Trd, 4319640.043, 80
Trd, 4319640.443, 82
Trd, 4319641.143, 65
Trd, 4319642.843, 86
Trd, 4319643.793, 113
Trd, 4319644.243, 84
Trd, 4319644.293, 81
Trd, 4319645.093, 75
Trd, 4319646.143, 119
Trd, 4319646.443, 113
Trd, 4319647.743, 140
Trd, 4319647.993, 139
Trd, 4319648.893, 84
Trd, 4319648.993, 64
Trd, 4319650.143, 115
Trd, 4319650.793, 99
Trd, 4319651.993, 107
Trd, 4319652.693, 77
Trd, 4319653.993, 140
Trd, 4319654.543, 118
Trd, 4319655.793, 88
Trd, 4319655.893, 87
Trd, 4319656.443, 90
Trd, 4319656.643, 86
Trd, 4319656.693, 85
Trd, 4319656.843, 79
Trd, 4319657.143, 82
Trd, 4319658.143, 104
Trd, 4319660.593, 66
Trd, 4319661.393, 64
Trd, 4319661.443, 79
Trd, 4319661.643, 100
Trd, 4319662.843, 73
Trd, 4319662.993, 123
Trd, 4319665.043, 134
Trd, 4319665.793, 117
Trd, 4319665.993, 99
Trd, 4319666.243, 98
Trd, 4319666.443, 87
Trd, 4319666.643, 83
Trd, 4319668.593, 86
Trd, 4319669.693, 128
Trd, 4319670.343, 128
Trd, 4319671.993, 116
Trd, 4319672.293, 112
Trd, 4319673.043, 125
Trd, 4319673.693, 107
Trd, 4319673.893, 101
Trd, 4319674.243, 114
Trd, 4319674.343, 73
Trd, 4319674.593, 73
Trd, 4319674.993, 92
Trd, 4319676.193, 100
Trd, 4319677.443, 67
Trd, 4319677.593, 87
Trd, 4319678.143, 65
Trd, 4319678.293, 64
Trd, 4319679.493, 63
Trd, 4319679.993, 85
Trd, 4319680.393, 139
Trd, 4319682.093, 75
Trd, 4319682.643, 79
Trd, 4319684.293, 92
Trd, 4319684.743, 90
Trd, 4319686.193, 102
Trd, 4319686.393, 98
Trd, 4319687.293, 84
Trd, 4319688.143, 81
Trd, 4319688.193, 90
Trd, 4319688.693, 106
Trd, 4319688.993, 67
Trd, 4319689.143, 61
Trd, 4319689.593, 76
Trd, 4319690.493, 76
Trd, 4319692.193, 94
Trd, 4319692.543, 62
Trd, 4319693.393, 71
Trd, 4319694.193, 83
Trd, 4319695.343, 60
Trd, 4319695.443, 69
Trd, 4319695.643, 73
Trd, 4319696.543, 74
Trd, 4319698.793, 70
Trd, 4319699.193, 76
Trd, 4319699.693, 67
Trd, 4319700.743, 68
Trd, 4319700.943, 69
Trd, 4319702.493, 71
Trd, 4319703.693, 134
Trd, 4319703.993, 123
Trd, 4319704.093, 111
Trd, 4319704.193, 114
Trd, 4319704.993, 95
Trd, 4319705.393, 99
Trd, 4319707.043, 133
Trd, 4319707.793, 101
Trd, 4319708.493, 112
Trd, 4319709.243, 89
Trd, 4319710.193, 136
Trd, 4319711.143, 128
Trd, 4319712.743, 122
Trd, 4319713.093, 112
Trd, 4319713.693, 97
Trd, 4319713.793, 79
Trd, 4319713.993, 66
Trd, 4319714.343, 95
Trd, 4319715.593, 78
Trd, 4319715.843, 77
Trd, 4319717.093, 76
Trd, 4319718.043, 76
Trd, 4319719.393, 103
Trd, 4319719.593, 83
Trd, 4319720.093, 104
Trd, 4319720.643, 89
Trd, 4319721.543, 94
Trd, 4319722.343, 89
Trd, 4319722.543, 104
Trd, 4319723.543, 92
Trd, 4319723.793, 88
Trd, 4319725.293, 126
Trd, 4319725.343, 84
Trd, 4319725.443, 82
Trd, 4319725.593, 107
Trd, 4319726.543, 139
Trd, 4319727.493, 111
Trd, 4319728.143, 72
Trd, 4319728.593, 98
Trd, 4319729.643, 91
Trd, 4319729.693, 84
Trd, 4319730.543, 133
Trd, 4319732.243, 108
Trd, 4319733.843, 111
Trd, 4319734.243, 128
Trd, 4319734.393, 105
Trd, 4319735.543, 65
Trd, 4319735.743, 139
Trd, 4319736.643, 70
Trd, 4319737.093, 88
Trd, 4319737.193, 97
Trd, 4319737.593, 117
Trd, 4319737.793, 79
Trd, 4319739.093, 90
Trd, 4319739.243, 85
Trd, 4319739.593, 106
Trd, 4319741.043, 113
Trd, 4319741.843, 76
Trd, 4319741.943, 81
Trd, 4319742.793, 129
Trd, 4319743.443, 62
Trd, 4319745.293, 60
Trd, 4319746.243, 80
Trd, 4319746.343, 80
Trd, 4319746.693, 74
Trd, 4319747.443, 84
Trd, 4319747.843, 102
Trd, 4319749.693, 63
Trd, 4319749.843, 121
Trd, 4319750.743, 102
Trd, 4319751.193, 91
Trd, 4319751.543, 74
Trd, 4319753.493, 66
Trd, 4319754.343, 60
Trd, 4319754.593, 68
Trd, 4319755.143, 73
Trd, 4319755.293, 74
Trd, 4319755.943, 74
Trd, 4319756.643, 89
Trd, 4319756.893, 91
Trd, 4319757.043, 86
Trd, 4319757.843, 61
Trd, 4319758.493, 62
Trd, 4319760.043, 65
Trd, 4319761.043, 72
Trd, 4319761.643, 66
Trd, 4319762.593, 140
Trd, 4319763.043, 125
Trd, 4319763.943, 78
Trd, 4319763.993, 74
Trd, 4319764.243, 107
Trd, 4319764.893, 74
Trd, 4319765.443, 95
Trd, 4319766.493, 80
Trd, 4319767.243, 96
Trd, 4319768.543, 74
Trd, 4319768.643, 72
Trd, 4319768.993, 82
Trd, 4319770.443, 91
Trd, 4319771.593, 97
Trd, 4319771.743, 68
Trd, 4319772.093, 103
Trd, 4319772.743, 83
Trd, 4319773.393, 83
Trd, 4319774.243, 84
Trd, 4319775.543, 78
Trd, 4319776.093, 75
Trd, 4319776.243, 72
Trd, 4319776.793, 139
Trd, 4319778.093, 135
Trd, 4319778.493, 137
Trd, 4319779.193, 110
Trd, 4319779.793, 106
Trd, 4319780.093, 76
Trd, 4319781.093, 112
Trd, 4319781.193, 88
Trd, 4319781.293, 72
Trd, 4319781.443, 72
Trd, 4319782.643, 140
Trd, 4319784.193, 116
Trd, 4319786.193, 140
Trd, 4319786.243, 132
Trd, 4319786.293, 128
Trd, 4319787.443, 132
Trd, 4319788.443, 90
Trd, 4319788.643, 111
Trd, 4319788.843, 101
Trd, 4319790.793, 85
Trd, 4319790.943, 76
Trd, 4319791.843, 66
Trd, 4319792.293, 61
Trd, 4319792.443, 105
Trd, 4319793.593, 65
Trd, 4319793.893, 66
Trd, 4319795.043, 84
Trd, 4319795.393, 70
Trd, 4319796.443, 66
Trd, 4319798.143, 60
Trd, 4319798.393, 81
Trd, 4319798.893, 72
Trd, 4319799.793, 63
Trd, 4319800.043, 65
Trd, 4319800.743, 62
Trd, 4319800.893, 106
Trd, 4319801.943, 62
Trd, 4319802.093, 60
Trd, 4319802.493, 63
Trd, 4319805.793, 85
Trd, 4319805.843, 78
Trd, 4319806.193, 113
Trd, 4319806.693, 78
Trd, 4319806.943, 119
Trd, 4319807.093, 118
Trd, 4319807.743, 129
Trd, 4319808.843, 133
Trd, 4319809.043, 125
Trd, 4319809.093, 120
Trd, 4319809.593, 104
Trd, 4319809.793, 81
Trd, 4319809.843, 85
Trd, 4319813.193, 102
Trd, 4319813.443, 76
Trd, 4319814.093, 80
Trd, 4319814.293, 71
Trd, 4319814.843, 103
Trd, 4319815.593, 78
Trd, 4319815.993, 73
Trd, 4319816.293, 88
Trd, 4319816.343, 108
Trd, 4319817.293, 75
Trd, 4319817.643, 75
Trd, 4319818.143, 138
Trd, 4319818.543, 74
Trd, 4319819.793, 71
Trd, 4319820.143, 81
Trd, 4319821.793, 86
Trd, 4319821.843, 81
Trd, 4319824.043, 76
Trd, 4319825.143, 77
Trd, 4319825.743, 139
Trd, 4319825.893, 88
Trd, 4319826.493, 97
Trd, 4319826.743, 84
Trd, 4319827.043, 79
Trd, 4319827.593, 119
Trd, 4319828.143, 84
Trd, 4319829.043, 93
Trd, 4319829.493, 104
Trd, 4319829.893, 140
Trd, 4319830.993, 106
Trd, 4319832.993, 67
Trd, 4319833.343, 76
Trd, 4319834.443, 63
Trd, 4319834.543, 63
Trd, 4319834.743, 65
Trd, 4319834.893, 78
Trd, 4319837.293, 71
Trd, 4319837.593, 73
Trd, 4319837.693, 68
Trd, 4319838.743, 60
Trd, 4319838.893, 100
Trd, 4319840.343, 96
Trd, 4319840.893, 104
Trd, 4319841.843, 89
Trd, 4319841.893, 122
Trd, 4319842.493, 84
Trd, 4319842.593, 123
Trd, 4319843.643, 139
Trd, 4319844.293, 93
Trd, 4319845.143, 72
Trd, 4319846.243, 89
Trd, 4319846.343, 82
Trd, 4319846.393, 62
Trd, 4319847.193, 131
Trd, 4319847.393, 126
Trd, 4319847.743, 110
Trd, 4319847.993, 107
Trd, 4319849.593, 133
Trd, 4319849.843, 89
Trd, 4319849.993, 85
Trd, 4319850.993, 73
Trd, 4319851.893, 85
Trd, 4319852.293, 126
Trd, 4319852.643, 62
Trd, 4319853.243, 139
Trd, 4319855.793, 66
Trd, 4319855.943, 74
Trd, 4319857.143, 77
Trd, 4319857.243, 80
Trd, 4319858.193, 80
Trd, 4319858.743, 82
Trd, 4319859.093, 79
Trd, 4319859.143, 78
Trd, 4319859.193, 106
Trd, 4319860.393, 112
Trd, 4319861.893, 137
Trd, 4319862.343, 112
Trd, 4319862.543, 93
Trd, 4319863.093, 67
Trd, 4319863.393, 63
Trd, 4319864.393, 73
Trd, 4319864.593, 126
Trd, 4319865.593, 78
Trd, 4319866.243, 75
Trd, 4319867.543, 79
Trd, 4319867.793, 104
Trd, 4319867.943, 116
Trd, 4319869.043, 76
Trd, 4319870.343, 113
Trd, 4319870.643, 112
Trd, 4319871.093, 72
Trd, 4319871.893, 86
Trd, 4319872.043, 66
Trd, 4319872.693, 139
Trd, 4319872.893, 101
Trd, 4319873.093, 139
Trd, 4319874.193, 105
Trd, 4319874.543, 62
Trd, 4319874.643, 71
Trd, 4319876.243, 63
Trd, 4319876.443, 95
Trd, 4319877.293, 65
Trd, 4319877.693, 69
Trd, 4319878.143, 71
Trd, 4319878.943, 75
Trd, 4319880.843, 91
Trd, 4319881.193, 140
Trd, 4319882.043, 62
Trd, 4319882.693, 67
Trd, 4319882.743, 72
Trd, 4319883.843, 80
Trd, 4319884.143, 112
Trd, 4319884.243, 79
Trd, 4319886.743, 72
Trd, 4319888.493, 76
Trd, 4319889.093, 112
Trd, 4319889.243, 76
Trd, 4319889.593, 103
Trd, 4319889.943, 93
Trd, 4319890.593, 78
Trd, 4319891.243, 140
Trd, 4319892.593, 60
Trd, 4319893.243, 103
Trd, 4319894.043, 97
Trd, 4319894.093, 94
Trd, 4319894.143, 93
Trd, 4319895.893, 82
Trd, 4319898.093, 75
Trd, 4319898.443, 72
Trd, 4319899.593, 87
Trd, 4319899.743, 72
Trd, 4319900.943, 98
Trd, 4319901.043, 101
Trd, 4319901.543, 93
Trd, 4319902.093, 72
Trd, 4319902.843, 63
Trd, 4319903.443, 66
Trd, 4319904.443, 65
Trd, 4319904.493, 62
Trd, 4319905.543, 75
Trd, 4319906.743, 76
Trd, 4319906.943, 94
Trd, 4319907.643, 62
Trd, 4319908.243, 131
Trd, 4319909.593, 65
Trd, 4319909.693, 123
Trd, 4319910.643, 127
Trd, 4319910.843, 118
Trd, 4319910.893, 130
Trd, 4319911.943, 95
Trd, 4319913.543, 88
Trd, 4319913.943, 84
Trd, 4319914.293, 69
Trd, 4319914.693, 100
Trd, 4319915.793, 60
Trd, 4319915.843, 86
Trd, 4319916.143, 91
Trd, 4319918.843, 67
Trd, 4319919.593, 65
Trd, 4319919.643, 63
Trd, 4319919.843, 73
Trd, 4319920.843, 104
Trd, 4319921.793, 69
Trd, 4319922.193, 65
Trd, 4319922.893, 88
Trd, 4319924.593, 103
Trd, 4319924.793, 96
Trd, 4319924.943, 85
Trd, 4319925.343, 99
Trd, 4319926.643, 114
Trd, 4319927.393, 110
Trd, 4319927.693, 95
Trd, 4319928.293, 67
Trd, 4319929.893, 105
Trd, 4319931.193, 132
Trd, 4319931.493, 119
Trd, 4319931.643, 109
Trd, 4319931.693, 102
Trd, 4319932.393, 108
Trd, 4319932.993, 135
Trd, 4319935.543, 133
Trd, 4319935.693, 122
Trd, 4319935.943, 116
Trd, 4319936.943, 128
Trd, 4319938.043, 114
Trd, 4319938.093, 112
Trd, 4319939.893, 139
Trd, 4319941.043, 129
Trd, 4319941.293, 116
Trd, 4319941.643, 100
Trd, 4319942.493, 88
Trd, 4319942.593, 92
Trd, 4319943.293, 85
Trd, 4319943.593, 101
Trd, 4319943.693, 75
Trd, 4319944.143, 85
Trd, 4319945.043, 88
Trd, 4319945.443, 95
Trd, 4319948.193, 62
Trd, 4319948.243, 63
Trd, 4319949.043, 60
Trd, 4319949.693, 74
Trd, 4319950.243, 75
Trd, 4319950.693, 76
Trd, 4319951.293, 76
Trd, 4319951.593, 67
Trd, 4319952.343, 90
Trd, 4319953.743, 106
Trd, 4319953.843, 104
Trd, 4319954.043, 87
Trd, 4319954.093, 137
Trd, 4319954.443, 115
Trd, 4319954.693, 82
Trd, 4319954.993, 72
Trd, 4319955.143, 68
Trd, 4319956.143, 100
Trd, 4319956.343, 60
Trd, 4319957.993, 67
Trd, 4319959.543, 108
Trd, 4319960.443, 65
Trd, 4319961.143, 69
Trd, 4319962.093, 87
Trd, 4319962.493, 91
Trd, 4319962.743, 79
Trd, 4319962.793, 74
Trd, 4319963.143, 62
Trd, 4319964.143, 62
Trd, 4319966.043, 62
Trd, 4319967.043, 62
Trd, 4319967.093, 69
Trd, 4319967.793, 104
Trd, 4319968.693, 71
Trd, 4319968.993, 87
Trd, 4319969.893, 102
Trd, 4319971.143, 111
Trd, 4319971.393, 91
Trd, 4319971.593, 91
Trd, 4319971.843, 90
Trd, 4319972.743, 140
Trd, 4319972.943, 136
Trd, 4319973.943, 134
Trd, 4319974.443, 124
Trd, 4319974.843, 110
Trd, 4319976.643, 104
Trd, 4319976.893, 103
Trd, 4319977.043, 98
Trd, 4319977.093, 85
Trd, 4319978.593, 107
Trd, 4319979.143, 104
Trd, 4319980.343, 132
Trd, 4319981.093, 92
Trd, 4319981.293, 97
Trd, 4319981.793, 76
Trd, 4319983.793, 134
Trd, 4319984.593, 129
Trd, 4319984.693, 127
Trd, 4319985.093, 126
Trd, 4319985.393, 139
Trd, 4319985.493, 125
Trd, 4319987.343, 140
Trd, 4319987.493, 132
Trd, 4319988.693, 133
Trd, 4319988.943, 107
Trd, 4319989.943, 138
Trd, 4319990.043, 127
Trd, 4319991.493, 123
Trd, 4319992.143, 113
Trd, 4319992.893, 93
Trd, 4319993.043, 124
Trd, 4319995.443, 79
Trd, 4319996.593, 123
Trd, 4319996.993, 126
Trd, 4319997.943, 94
Trd, 4319998.143, 81
Trd, 4319998.793, 139
