Trd, 4318146.393, 140
Trd, 4318147.693, 140
Trd, 4318147.943, 140
Trd, 4318148.693, 140
Trd, 4318149.943, 140
Trd, 4318150.143, 139
Trd, 4318151.093, 139
Trd, 4318152.843, 66
Trd, 4318153.543, 63
Trd, 4318153.893, 103
Trd, 4318154.743, 115
Trd, 4318156.193, 60
Trd, 4318157.843, 64
Trd, 4318158.193, 61
Trd, 4318158.693, 68
Trd, 4318158.843, 69
Trd, 4318159.693, 62
Trd, 4318160.093, 65
Trd, 4318160.343, 67
Trd, 4318160.643, 64
Trd, 4318160.743, 69
Trd, 4318161.293, 64
Trd, 4318162.193, 87
Trd, 4318162.743, 81
Trd, 4318164.493, 78
Trd, 4318164.843, 100
Trd, 4318164.893, 106
Trd, 4318165.093, 140
Trd, 4318165.393, 79
Trd, 4318165.793, 80
Trd, 4318166.043, 78
Trd, 4318167.343, 140
Trd, 4318167.743, 139
Trd, 4318169.193, 140
Trd, 4318169.593, 140
Trd, 4318170.943, 140
Trd, 4318171.143, 140
Trd, 4318172.393, 140
Trd, 4318172.443, 140
Trd, 4318172.493, 140
Trd, 4318173.543, 140
Trd, 4318173.643, 140
Trd, 4318174.043, 140
Trd, 4318175.543, 137
Trd, 4318176.843, 140
Trd, 4318177.243, 140
Trd, 4318177.543, 140
Trd, 4318178.143, 140
Trd, 4318178.543, 139
Trd, 4318179.093, 140
Trd, 4318179.893, 140
Trd, 4318179.943, 140
Trd, 4318180.893, 139
Trd, 4318181.543, 140
Trd, 4318181.893, 140
Trd, 4318183.243, 67
Trd, 4318183.393, 70
Trd, 4318184.393, 140
Trd, 4318184.543, 79
Trd, 4318185.543, 139
Trd, 4318186.693, 140
Trd, 4318187.093, 140
Trd, 4318188.043, 71
Trd, 4318189.293, 140
Trd, 4318189.343, 140
Trd, 4318190.393, 140
Trd, 4318190.543, 140
Trd, 4318190.993, 72
Trd, 4318191.343, 136
Trd, 4318191.593, 140
Trd, 4318192.743, 75
Trd, 4318193.643, 61
Trd, 4318193.993, 69
Trd, 4318195.093, 61
Trd, 4318195.593, 107
Trd, 4318196.593, 62
Trd, 4318198.143, 70
Trd, 4318198.293, 107
Trd, 4318199.743, 61
Trd, 4318200.643, 65
Trd, 4318200.693, 66
Trd, 4318201.993, 62
Trd, 4318202.593, 62
Trd, 4318203.193, 62
Trd, 4318203.343, 71
Trd, 4318203.793, 73
Trd, 4318203.943, 77
Trd, 4318204.543, 62
Trd, 4318205.193, 63
Trd, 4318205.993, 60
Trd, 4318207.093, 78
Trd, 4318207.943, 61
Trd, 4318208.393, 60
Trd, 4318208.543, 80
Trd, 4318210.143, 61
Trd, 4318210.893, 65
Trd, 4318211.343, 66
Trd, 4318212.393, 62
Trd, 4318213.043, 136
Trd, 4318214.493, 68
Trd, 4318215.893, 69
Trd, 4318216.043, 99
Trd, 4318216.443, 64
Trd, 4318218.543, 140
Trd, 4318218.893, 140
Trd, 4318219.893, 140
Trd, 4318219.943, 140
Trd, 4318220.693, 140
Trd, 4318220.743, 140
Trd, 4318221.243, 140
Trd, 4318221.593, 140
Trd, 4318222.793, 140
Trd, 4318223.043, 140
Trd, 4318223.393, 140
Trd, 4318225.293, 140
Trd, 4318225.443, 140
Trd, 4318225.793, 140
Trd, 4318226.093, 140
Trd, 4318226.943, 76
Trd, 4318227.393, 85
Trd, 4318227.893, 138
Trd, 4318231.293, 62
Trd, 4318231.693, 62
Trd, 4318232.043, 68
Trd, 4318232.743, 140
Trd, 4318232.893, 140
Trd, 4318233.193, 140
Trd, 4318235.093, 140
Trd, 4318235.393, 140
Trd, 4318236.543, 140
Trd, 4318236.893, 140
Trd, 4318237.043, 140
Trd, 4318237.443, 140
Trd, 4318237.543, 140
Trd, 4318238.293, 140
Trd, 4318238.993, 140
Trd, 4318239.693, 140
Trd, 4318240.193, 140
Trd, 4318240.843, 140
Trd, 4318241.043, 140
Trd, 4318241.193, 139
Trd, 4318243.293, 140
Trd, 4318244.443, 140
Trd, 4318244.793, 140
Trd, 4318245.143, 140
Trd, 4318245.843, 140
Trd, 4318246.343, 140
Trd, 4318246.493, 140
Trd, 4318246.693, 140
Trd, 4318247.943, 140
Trd, 4318249.643, 140
Trd, 4318249.793, 140
Trd, 4318250.293, 140
Trd, 4318250.393, 139
Trd, 4318250.493, 137
Trd, 4318251.893, 140
Trd, 4318252.543, 140
Trd, 4318252.593, 138
Trd, 4318253.893, 140
Trd, 4318254.143, 140
Trd, 4318254.543, 140
Trd, 4318254.993, 140
Trd, 4318256.293, 140
Trd, 4318256.393, 140
Trd, 4318257.043, 139
Trd, 4318257.443, 138
Trd, 4318258.543, 60
Trd, 4318258.993, 62
Trd, 4318260.193, 69
Trd, 4318260.993, 88
Trd, 4318261.443, 94
Trd, 4318264.443, 60
Trd, 4318264.743, 61
Trd, 4318265.293, 62
Trd, 4318265.393, 104
Trd, 4318265.593, 60
Trd, 4318266.793, 69
Trd, 4318267.993, 61
Trd, 4318268.493, 140
Trd, 4318269.393, 140
Trd, 4318269.543, 140
Trd, 4318270.143, 137
Trd, 4318271.443, 140
Trd, 4318272.143, 140
Trd, 4318272.743, 140
Trd, 4318273.293, 140
Trd, 4318273.743, 140
Trd, 4318275.493, 140
Trd, 4318275.593, 140
Trd, 4318276.093, 140
Trd, 4318276.293, 140
Trd, 4318276.743, 140
Trd, 4318276.793, 140
Trd, 4318277.843, 140
Trd, 4318279.893, 140
Trd, 4318280.493, 139
Trd, 4318280.843, 139
Trd, 4318280.893, 139
Trd, 4318281.393, 139
Trd, 4318281.893, 139
Trd, 4318281.943, 138
Trd, 4318283.743, 140
Trd, 4318284.493, 140
Trd, 4318285.093, 140
Trd, 4318286.993, 140
Trd, 4318287.093, 140
Trd, 4318287.693, 140
Trd, 4318287.993, 140
Trd, 4318288.693, 140
Trd, 4318288.743, 140
Trd, 4318289.093, 140
Trd, 4318289.293, 140
Trd, 4318289.493, 140
Trd, 4318290.843, 138
Trd, 4318291.443, 138
Trd, 4318292.393, 139
Trd, 4318293.393, 140
Trd, 4318293.543, 140
Trd, 4318294.243, 140
Trd, 4318294.993, 139
Trd, 4318295.543, 134
Trd, 4318296.493, 69
Trd, 4318296.993, 125
Trd, 4318298.293, 62
Trd, 4318300.643, 60
Trd, 4318301.043, 61
Trd, 4318301.243, 60
Trd, 4318302.493, 63
Trd, 4318304.043, 61
Trd, 4318304.293, 61
Trd, 4318304.543, 68
Trd, 4318304.593, 111
Trd, 4318304.793, 64
Trd, 4318305.193, 140
Trd, 4318306.593, 60
Trd, 4318306.643, 61
Trd, 4318307.443, 140
Trd, 4318308.893, 140
Trd, 4318309.143, 136
Trd, 4318310.243, 139
Trd, 4318310.293, 135
Trd, 4318311.493, 61
Trd, 4318311.543, 62
Trd, 4318311.893, 65
Trd, 4318313.343, 76
Trd, 4318313.893, 140
Trd, 4318314.743, 140
Trd, 4318315.293, 140
Trd, 4318315.343, 140
Trd, 4318316.243, 63
Trd, 4318317.743, 62
Trd, 4318318.843, 61
Trd, 4318319.093, 63
Trd, 4318320.143, 60
Trd, 4318321.593, 64
Trd, 4318322.893, 61
Trd, 4318323.993, 64
Trd, 4318324.443, 62
Trd, 4318324.943, 139
Trd, 4318325.393, 139
Trd, 4318325.543, 140
Trd, 4318326.343, 140
Trd, 4318327.493, 62
Trd, 4318327.543, 64
Trd, 4318329.243, 60
Trd, 4318329.293, 67
Trd, 4318330.443, 62
Trd, 4318330.793, 138
Trd, 4318331.943, 63
Trd, 4318333.843, 62
Trd, 4318333.893, 65
Trd, 4318334.793, 64
Trd, 4318335.293, 65
Trd, 4318336.443, 130
Trd, 4318337.443, 67
Trd, 4318338.593, 60
Trd, 4318339.793, 63
Trd, 4318340.193, 62
Trd, 4318340.643, 61
Trd, 4318341.593, 61
Trd, 4318342.493, 68
Trd, 4318343.093, 74
Trd, 4318343.443, 84
Trd, 4318344.043, 139
Trd, 4318344.543, 140
Trd, 4318344.693, 140
Trd, 4318344.893, 140
Trd, 4318346.243, 140
Trd, 4318346.743, 140
Trd, 4318346.893, 140
Trd, 4318346.993, 139
Trd, 4318347.693, 140
Trd, 4318348.093, 140
Trd, 4318348.243, 138
Trd, 4318350.793, 140
Trd, 4318351.093, 139
Trd, 4318351.143, 139
Trd, 4318351.393, 138
Trd, 4318351.843, 140
Trd, 4318352.593, 140
Trd, 4318352.943, 140
Trd, 4318354.093, 139
Trd, 4318354.693, 140
Trd, 4318355.143, 140
Trd, 4318355.693, 61
Trd, 4318355.893, 79
Trd, 4318357.693, 60
Trd, 4318358.193, 60
Trd, 4318358.943, 61
Trd, 4318359.243, 72
Trd, 4318360.993, 140
Trd, 4318361.393, 140
Trd, 4318361.493, 140
Trd, 4318362.243, 140
Trd, 4318362.343, 140
Trd, 4318362.543, 140
Trd, 4318362.743, 140
Trd, 4318364.043, 139
Trd, 4318364.293, 69
Trd, 4318364.743, 60
Trd, 4318365.093, 140
Trd, 4318365.293, 139
Trd, 4318366.793, 62
Trd, 4318368.393, 65
Trd, 4318369.193, 69
Trd, 4318369.593, 140
Trd, 4318369.643, 139
Trd, 4318370.843, 140
Trd, 4318370.893, 139
Trd, 4318371.593, 87
Trd, 4318372.243, 140
Trd, 4318374.293, 140
Trd, 4318375.243, 140
Trd, 4318375.293, 140
Trd, 4318375.843, 140
Trd, 4318376.093, 140
Trd, 4318376.543, 140
Trd, 4318376.693, 140
Trd, 4318378.043, 140
Trd, 4318378.343, 140
Trd, 4318379.093, 140
Trd, 4318380.443, 140
Trd, 4318381.193, 140
Trd, 4318381.443, 140
Trd, 4318382.043, 140
Trd, 4318382.793, 140
Trd, 4318383.393, 140
Trd, 4318383.543, 140
Trd, 4318383.743, 140
Trd, 4318384.593, 74
Trd, 4318385.543, 61
Trd, 4318386.743, 70
Trd, 4318386.943, 62
Trd, 4318386.993, 71
Trd, 4318388.493, 83
Trd, 4318390.793, 139
Trd, 4318391.043, 140
Trd, 4318391.643, 61
Trd, 4318392.643, 83
Trd, 4318393.743, 62
Trd, 4318394.093, 127
Trd, 4318395.393, 60
Trd, 4318396.143, 61
Trd, 4318396.243, 65
Trd, 4318396.493, 140
Trd, 4318396.643, 62
Trd, 4318397.293, 139
Trd, 4318397.993, 62
Trd, 4318400.693, 80
Trd, 4318400.843, 87
Trd, 4318400.993, 116
Trd, 4318401.393, 140
Trd, 4318403.093, 140
Trd, 4318403.543, 140
Trd, 4318404.343, 140
Trd, 4318404.393, 140
Trd, 4318404.443, 140
Trd, 4318404.843, 140
Trd, 4318404.893, 140
Trd, 4318405.143, 140
Trd, 4318405.543, 139
Trd, 4318406.543, 140
Trd, 4318407.143, 140
Trd, 4318407.243, 139
Trd, 4318409.693, 140
Trd, 4318409.843, 140
Trd, 4318410.943, 140
Trd, 4318411.043, 140
Trd, 4318411.293, 139
Trd, 4318411.643, 139
Trd, 4318412.843, 139
Trd, 4318413.193, 140
Trd, 4318413.443, 138
Trd, 4318414.443, 60
Trd, 4318414.793, 61
Trd, 4318415.743, 60
Trd, 4318416.793, 128
Trd, 4318417.843, 60
Trd, 4318418.543, 60
Trd, 4318419.043, 60
Trd, 4318419.543, 63
Trd, 4318421.693, 60
Trd, 4318421.943, 60
Trd, 4318422.543, 138
Trd, 4318422.593, 135
Trd, 4318424.093, 62
Trd, 4318424.743, 63
Trd, 4318425.543, 62
Trd, 4318425.843, 61
Trd, 4318425.893, 63
Trd, 4318428.043, 61
Trd, 4318428.643, 65
Trd, 4318429.293, 66
Trd, 4318429.493, 112
Trd, 4318429.793, 63
Trd, 4318431.593, 65
Trd, 4318432.093, 85
Trd, 4318432.143, 108
Trd, 4318432.743, 113
Trd, 4318433.193, 136
Trd, 4318433.393, 135
Trd, 4318434.043, 136
Trd, 4318434.443, 136
Trd, 4318434.493, 135
Trd, 4318435.043, 60
Trd, 4318437.493, 61
Trd, 4318438.193, 60
Trd, 4318438.493, 72
Trd, 4318438.843, 106
Trd, 4318439.843, 63
Trd, 4318441.043, 61
Trd, 4318441.793, 78
Trd, 4318441.993, 60
Trd, 4318442.693, 60
Trd, 4318443.893, 60
Trd, 4318444.043, 66
Trd, 4318444.593, 140
Trd, 4318445.393, 140
Trd, 4318445.593, 140
Trd, 4318445.693, 140
Trd, 4318445.743, 140
Trd, 4318446.993, 140
Trd, 4318447.793, 140
Trd, 4318447.943, 139
Trd, 4318448.793, 140
Trd, 4318449.893, 140
Trd, 4318449.993, 140
Trd, 4318451.343, 140
Trd, 4318452.243, 140
Trd, 4318452.293, 140
Trd, 4318452.393, 140
Trd, 4318453.543, 140
Trd, 4318454.243, 140
Trd, 4318454.493, 140
Trd, 4318455.693, 140
Trd, 4318455.893, 140
Trd, 4318456.743, 140
Trd, 4318457.543, 140
Trd, 4318457.743, 139
Trd, 4318460.043, 140
Trd, 4318460.643, 140
Trd, 4318460.743, 140
Trd, 4318460.893, 140
Trd, 4318461.393, 140
Trd, 4318461.843, 140
Trd, 4318462.643, 140
Trd, 4318462.993, 140
Trd, 4318465.343, 140
Trd, 4318466.043, 140
Trd, 4318467.393, 140
Trd, 4318468.193, 140
Trd, 4318468.643, 140
Trd, 4318468.893, 140
Trd, 4318469.743, 140
Trd, 4318470.793, 140
Trd, 4318470.893, 140
Trd, 4318471.593, 140
Trd, 4318471.643, 140
Trd, 4318473.143, 140
Trd, 4318474.193, 140
Trd, 4318475.693, 140
Trd, 4318475.743, 140
Trd, 4318475.843, 140
Trd, 4318476.543, 140
Trd, 4318477.043, 140
Trd, 4318477.593, 140
Trd, 4318478.793, 140
Trd, 4318479.293, 140
Trd, 4318479.843, 140
Trd, 4318480.493, 139
Trd, 4318480.943, 140
Trd, 4318481.993, 140
Trd, 4318483.193, 140
Trd, 4318483.543, 140
Trd, 4318483.693, 140
Trd, 4318483.843, 140
Trd, 4318483.993, 139
Trd, 4318486.043, 140
Trd, 4318487.743, 140
Trd, 4318488.043, 140
Trd, 4318488.293, 140
Trd, 4318488.343, 140
Trd, 4318488.543, 140
Trd, 4318489.643, 63
Trd, 4318489.793, 64
Trd, 4318490.643, 71
Trd, 4318490.893, 140
Trd, 4318491.043, 138
Trd, 4318492.593, 61
Trd, 4318493.293, 61
Trd, 4318494.443, 140
Trd, 4318495.493, 140
Trd, 4318495.543, 140
Trd, 4318495.743, 140
Trd, 4318496.193, 140
Trd, 4318497.043, 140
Trd, 4318497.493, 140
Trd, 4318497.693, 140
Trd, 4318499.343, 140
Trd, 4318499.543, 140
Trd, 4318500.293, 140
Trd, 4318500.393, 139
Trd, 4318502.293, 140
Trd, 4318502.993, 140
Trd, 4318503.743, 140
Trd, 4318504.493, 140
Trd, 4318504.943, 140
Trd, 4318505.393, 140
Trd, 4318505.493, 139
Trd, 4318506.143, 139
Trd, 4318507.493, 140
Trd, 4318508.393, 139
Trd, 4318508.443, 138
Trd, 4318509.443, 140
Trd, 4318510.193, 140
Trd, 4318511.393, 140
Trd, 4318511.443, 140
Trd, 4318511.993, 140
Trd, 4318513.093, 140
Trd, 4318514.343, 140
Trd, 4318514.993, 140
Trd, 4318516.293, 140
Trd, 4318516.343, 139
Trd, 4318517.193, 140
Trd, 4318518.093, 140
Trd, 4318518.493, 140
Trd, 4318519.193, 140
Trd, 4318519.593, 140
Trd, 4318520.243, 140
Trd, 4318520.593, 140
Trd, 4318521.493, 140
Trd, 4318522.043, 140
Trd, 4318523.643, 140
Trd, 4318524.143, 140
Trd, 4318525.193, 140
Trd, 4318525.693, 140
Trd, 4318526.243, 140
Trd, 4318526.793, 140
Trd, 4318527.743, 140
Trd, 4318527.843, 140
Trd, 4318527.943, 140
Trd, 4318528.543, 139
Trd, 4318528.693, 139
Trd, 4318529.643, 140
Trd, 4318530.193, 140
Trd, 4318531.643, 140
Trd, 4318532.593, 140
Trd, 4318533.193, 140
Trd, 4318534.093, 140
Trd, 4318535.293, 140
Trd, 4318535.793, 140
Trd, 4318535.943, 140
Trd, 4318536.493, 140
Trd, 4318537.693, 140
Trd, 4318537.743, 140
Trd, 4318537.893, 140
Trd, 4318538.443, 140
Trd, 4318540.193, 140
Trd, 4318540.243, 140
Trd, 4318540.493, 140
Trd, 4318540.643, 140
Trd, 4318542.893, 140
Trd, 4318543.143, 140
Trd, 4318543.343, 140
Trd, 4318543.893, 140
Trd, 4318544.243, 112
Trd, 4318544.643, 138
Trd, 4318545.093, 140
Trd, 4318545.293, 137
Trd, 4318547.743, 140
Trd, 4318548.343, 140
Trd, 4318548.493, 140
Trd, 4318549.243, 140
Trd, 4318550.493, 140
Trd, 4318550.593, 140
Trd, 4318550.993, 140
Trd, 4318552.793, 140
Trd, 4318553.593, 140
Trd, 4318553.743, 140
Trd, 4318554.343, 140
Trd, 4318555.093, 140
Trd, 4318555.743, 140
Trd, 4318556.243, 140
Trd, 4318556.993, 140
Trd, 4318557.043, 140
Trd, 4318558.593, 140
Trd, 4318559.093, 140
Trd, 4318560.143, 140
Trd, 4318560.243, 139
Trd, 4318560.793, 138
Trd, 4318560.893, 137
Trd, 4318561.793, 140
Trd, 4318561.943, 140
Trd, 4318562.443, 140
Trd, 4318563.893, 140
Trd, 4318563.943, 140
Trd, 4318564.943, 140
Trd, 4318565.143, 140
Trd, 4318565.293, 140
Trd, 4318565.443, 136
Trd, 4318566.193, 60
Trd, 4318567.243, 140
Trd, 4318570.193, 140
Trd, 4318570.393, 140
Trd, 4318571.043, 140
Trd, 4318571.243, 140
Trd, 4318572.493, 140
Trd, 4318572.993, 140
Trd, 4318573.743, 140
Trd, 4318573.793, 140
Trd, 4318574.593, 140
Trd, 4318574.643, 140
Trd, 4318575.793, 140
Trd, 4318576.643, 140
Trd, 4318577.493, 140
Trd, 4318578.543, 140
Trd, 4318578.743, 140
Trd, 4318578.793, 140
Trd, 4318580.043, 140
Trd, 4318580.793, 140
Trd, 4318581.093, 140
Trd, 4318581.143, 140
Trd, 4318582.993, 140
Trd, 4318583.393, 140
Trd, 4318584.593, 140
Trd, 4318586.243, 140
Trd, 4318586.343, 140
Trd, 4318586.693, 140
Trd, 4318587.143, 140
Trd, 4318587.293, 140
Trd, 4318588.443, 140
Trd, 4318588.793, 139
Trd, 4318589.593, 140
Trd, 4318589.793, 140
Trd, 4318589.843, 138
Trd, 4318591.343, 140
Trd, 4318592.243, 140
Trd, 4318593.143, 140
Trd, 4318593.743, 140
Trd, 4318594.793, 140
Trd, 4318595.193, 140
Trd, 4318595.443, 140
Trd, 4318595.843, 139
Trd, 4318597.093, 140
Trd, 4318597.243, 140
Trd, 4318597.543, 139
Trd, 4318597.993, 139
Trd, 4318599.193, 140
Trd, 4318599.643, 140
Trd, 4318601.743, 140
Trd, 4318602.743, 140
Trd, 4318603.793, 140
Trd, 4318604.043, 140
Trd, 4318604.743, 140
Trd, 4318604.993, 140
Trd, 4318605.193, 140
Trd, 4318605.493, 140
Trd, 4318606.393, 140
Trd, 4318606.543, 140
Trd, 4318606.993, 140
Trd, 4318607.793, 140
Trd, 4318608.793, 140
Trd, 4318609.043, 140
Trd, 4318609.693, 140
Trd, 4318611.193, 140
Trd, 4318611.693, 140
Trd, 4318612.293, 140
Trd, 4318613.043, 140
Trd, 4318613.093, 139
Trd, 4318613.993, 140
Trd, 4318614.443, 139
Trd, 4318615.043, 140
Trd, 4318615.093, 139
Trd, 4318616.943, 140
Trd, 4318617.143, 140
Trd, 4318617.693, 140
Trd, 4318618.143, 140
Trd, 4318618.743, 137
Trd, 4318620.043, 140
Trd, 4318620.443, 140
Trd, 4318621.393, 139
Trd, 4318621.843, 140
Trd, 4318621.993, 140
Trd, 4318622.743, 139
Trd, 4318623.193, 137
Trd, 4318624.193, 140
Trd, 4318624.893, 140
Trd, 4318624.943, 140
Trd, 4318625.593, 140
Trd, 4318626.493, 140
Trd, 4318626.643, 140
Trd, 4318627.443, 140
Trd, 4318628.643, 140
Trd, 4318629.493, 140
Trd, 4318629.793, 140
Trd, 4318630.293, 140
Trd, 4318632.093, 140
Trd, 4318633.143, 140
Trd, 4318633.493, 140
Trd, 4318633.693, 140
Trd, 4318634.443, 140
Trd, 4318635.043, 140
Trd, 4318636.243, 140
Trd, 4318637.143, 140
Trd, 4318637.193, 139
Trd, 4318637.643, 140
Trd, 4318637.843, 138
Trd, 4318638.943, 140
Trd, 4318640.243, 140
Trd, 4318640.393, 140
Trd, 4318641.693, 140
Trd, 4318642.593, 140
Trd, 4318642.693, 140
Trd, 4318643.743, 140
Trd, 4318644.343, 140
Trd, 4318644.393, 140
Trd, 4318644.493, 140
Trd, 4318645.543, 137
Trd, 4318645.843, 140
Trd, 4318646.993, 140
Trd, 4318648.643, 140
Trd, 4318648.893, 140
Trd, 4318649.493, 140
Trd, 4318650.343, 140
Trd, 4318650.543, 140
Trd, 4318650.743, 140
Trd, 4318651.393, 140
Trd, 4318651.443, 139
Trd, 4318651.743, 140
Trd, 4318652.643, 140
Trd, 4318652.943, 139
Trd, 4318653.743, 139
Trd, 4318654.943, 140
Trd, 4318655.343, 140
Trd, 4318655.843, 139
Trd, 4318656.393, 140
Trd, 4318656.643, 139
Trd, 4318657.743, 140
Trd, 4318659.543, 140
Trd, 4318659.693, 140
Trd, 4318660.393, 140
Trd, 4318660.493, 140
Trd, 4318661.043, 140
Trd, 4318661.893, 140
Trd, 4318662.393, 139
Trd, 4318664.393, 140
Trd, 4318664.493, 140
Trd, 4318664.793, 140
Trd, 4318665.543, 140
Trd, 4318666.243, 140
Trd, 4318666.493, 140
Trd, 4318666.543, 140
Trd, 4318667.193, 139
Trd, 4318668.893, 140
Trd, 4318670.293, 140
Trd, 4318670.443, 140
Trd, 4318670.693, 140
Trd, 4318670.743, 139
Trd, 4318671.593, 140
Trd, 4318671.943, 140
Trd, 4318673.643, 140
Trd, 4318674.293, 140
Trd, 4318674.743, 140
Trd, 4318675.143, 140
Trd, 4318675.643, 140
Trd, 4318675.843, 140
Trd, 4318676.793, 140
Trd, 4318676.843, 140
Trd, 4318677.093, 139
Trd, 4318677.893, 62
Trd, 4318678.193, 63
Trd, 4318678.693, 67
Trd, 4318678.843, 88
Trd, 4318680.893, 140
Trd, 4318681.393, 139
Trd, 4318681.543, 138
Trd, 4318682.043, 140
Trd, 4318682.143, 140
Trd, 4318683.493, 63
Trd, 4318683.743, 71
Trd, 4318685.443, 61
Trd, 4318686.743, 140
Trd, 4318687.843, 140
Trd, 4318687.893, 140
Trd, 4318688.443, 140
Trd, 4318689.443, 140
Trd, 4318690.343, 140
Trd, 4318690.393, 140
Trd, 4318691.143, 140
Trd, 4318691.793, 140
Trd, 4318692.243, 140
Trd, 4318692.843, 140
Trd, 4318694.143, 140
Trd, 4318695.393, 140
Trd, 4318695.493, 140
Trd, 4318695.843, 140
Trd, 4318696.043, 140
Trd, 4318696.943, 140
Trd, 4318698.443, 140
Trd, 4318698.643, 139
Trd, 4318699.293, 138
Trd, 4318699.543, 139
Trd, 4318699.943, 139
Trd, 4318700.743, 140
Trd, 4318700.843, 140
Trd, 4318701.293, 140
Trd, 4318701.393, 140
Trd, 4318702.843, 140
Trd, 4318703.493, 140
Trd, 4318704.193, 140
Trd, 4318705.093, 140
Trd, 4318705.993, 140
Trd, 4318706.143, 140
Trd, 4318706.693, 140
Trd, 4318707.243, 140
Trd, 4318708.893, 140
Trd, 4318709.093, 140
Trd, 4318709.343, 140
Trd, 4318710.743, 140
Trd, 4318710.893, 140
Trd, 4318711.593, 140
Trd, 4318711.943, 140
Trd, 4318711.993, 140
Trd, 4318713.093, 140
Trd, 4318713.343, 140
Trd, 4318714.343, 140
Trd, 4318716.043, 140
Trd, 4318716.143, 140
Trd, 4318716.843, 140
Trd, 4318717.443, 140
Trd, 4318717.793, 140
Trd, 4318718.193, 140
Trd, 4318718.443, 140
Trd, 4318718.793, 140
Trd, 4318719.093, 140
Trd, 4318719.843, 138
Trd, 4318720.943, 60
Trd, 4318720.993, 60
Trd, 4318723.093, 140
Trd, 4318723.543, 140
Trd, 4318723.693, 140
Trd, 4318724.743, 140
Trd, 4318724.993, 140
Trd, 4318725.143, 137
Trd, 4318725.643, 140
Trd, 4318726.643, 140
Trd, 4318726.893, 140
Trd, 4318727.193, 140
Trd, 4318727.743, 140
Trd, 4318727.943, 139
Trd, 4318728.993, 140
Trd, 4318729.443, 140
Trd, 4318730.943, 140
Trd, 4318731.193, 139
Trd, 4318731.593, 140
Trd, 4318732.093, 139
Trd, 4318732.343, 140
Trd, 4318733.293, 139
Trd, 4318733.393, 133
Trd, 4318734.493, 140
Trd, 4318736.193, 140
Trd, 4318736.293, 140
Trd, 4318736.393, 140
Trd, 4318737.093, 140
Trd, 4318738.343, 140
Trd, 4318739.243, 140
Trd, 4318739.343, 140
Trd, 4318739.793, 140
Trd, 4318740.493, 140
Trd, 4318740.593, 140
Trd, 4318740.943, 139
Trd, 4318741.093, 139
Trd, 4318741.543, 140
Trd, 4318742.843, 140
Trd, 4318743.793, 140
Trd, 4318745.093, 140
Trd, 4318745.843, 140
Trd, 4318746.543, 140
Trd, 4318747.343, 140
Trd, 4318747.643, 140
Trd, 4318747.693, 140
Trd, 4318747.893, 138
Trd, 4318748.843, 140
Trd, 4318749.543, 140
Trd, 4318749.693, 140
Trd, 4318750.643, 140
Trd, 4318751.293, 140
Trd, 4318752.693, 140
Trd, 4318752.893, 140
Trd, 4318753.093, 140
Trd, 4318754.593, 140
Trd, 4318754.943, 140
Trd, 4318755.793, 140
Trd, 4318756.043, 140
Trd, 4318756.293, 140
Trd, 4318757.093, 140
Trd, 4318757.243, 140
Trd, 4318758.143, 140
Trd, 4318758.943, 140
Trd, 4318760.043, 140
Trd, 4318760.393, 140
Trd, 4318760.593, 140
Trd, 4318760.793, 140
Trd, 4318761.843, 140
Trd, 4318764.493, 140
Trd, 4318765.093, 140
Trd, 4318765.143, 140
Trd, 4318765.243, 140
Trd, 4318766.243, 140
Trd, 4318766.493, 140
Trd, 4318767.743, 140
Trd, 4318767.793, 140
Trd, 4318768.043, 140
Trd, 4318769.643, 140
Trd, 4318769.743, 140
Trd, 4318770.943, 140
Trd, 4318771.443, 140
Trd, 4318771.993, 140
Trd, 4318773.643, 140
Trd, 4318775.193, 140
Trd, 4318775.343, 140
Trd, 4318775.893, 140
Trd, 4318776.243, 140
Trd, 4318776.493, 140
Trd, 4318777.943, 140
Trd, 4318778.643, 140
Trd, 4318778.993, 140
Trd, 4318779.993, 140
Trd, 4318780.343, 140
Trd, 4318781.293, 140
Trd, 4318781.443, 140
Trd, 4318781.493, 140
Trd, 4318781.743, 140
Trd, 4318782.993, 140
Trd, 4318783.343, 140
Trd, 4318784.243, 140
Trd, 4318784.943, 140
Trd, 4318785.493, 139
Trd, 4318785.693, 140
Trd, 4318787.643, 140
Trd, 4318787.943, 140
Trd, 4318788.043, 140
Trd, 4318788.243, 140
Trd, 4318789.993, 140
Trd, 4318790.293, 139
Trd, 4318791.293, 140
Trd, 4318792.093, 140
Trd, 4318792.193, 140
Trd, 4318793.343, 140
Trd, 4318793.993, 140
Trd, 4318794.543, 140
Trd, 4318795.193, 140
Trd, 4318795.993, 140
Trd, 4318796.393, 140
Trd, 4318797.543, 140
Trd, 4318798.243, 140
Trd, 4318799.543, 140
Trd, 4318800.793, 140
Trd, 4318800.993, 140
Trd, 4318801.443, 140
Trd, 4318801.693, 140
Trd, 4318803.743, 140
Trd, 4318805.643, 140
Trd, 4318805.793, 140
Trd, 4318805.893, 140
Trd, 4318806.443, 139
Trd, 4318806.743, 140
Trd, 4318807.693, 140
Trd, 4318808.093, 140
Trd, 4318808.193, 140
Trd, 4318809.043, 138
Trd, 4318809.293, 137
Trd, 4318810.243, 91
Trd, 4318811.693, 131
Trd, 4318812.143, 60
Trd, 4318812.493, 72
Trd, 4318813.293, 60
Trd, 4318815.693, 60
Trd, 4318816.093, 60
Trd, 4318816.393, 60
Trd, 4318817.243, 62
Trd, 4318819.293, 60
Trd, 4318819.893, 61
Trd, 4318820.543, 61
Trd, 4318820.743, 63
Trd, 4318821.343, 62
Trd, 4318821.993, 63
Trd, 4318823.193, 68
Trd, 4318823.843, 65
Trd, 4318823.993, 66
Trd, 4318824.043, 65
Trd, 4318824.393, 62
Trd, 4318825.143, 74
Trd, 4318826.493, 140
Trd, 4318826.593, 140
Trd, 4318827.343, 140
Trd, 4318828.343, 140
Trd, 4318828.493, 140
Trd, 4318828.693, 139
Trd, 4318829.293, 89
Trd, 4318829.493, 92
Trd, 4318829.693, 112
Trd, 4318831.093, 140
Trd, 4318831.293, 139
Trd, 4318832.743, 60
Trd, 4318833.243, 61
Trd, 4318833.843, 86
Trd, 4318834.893, 60
Trd, 4318837.293, 60
Trd, 4318838.493, 60
Trd, 4318838.793, 60
Trd, 4318839.643, 65
Trd, 4318840.743, 88
Trd, 4318841.093, 60
Trd, 4318842.343, 80
Trd, 4318843.543, 62
Trd, 4318843.593, 99
Trd, 4318844.043, 63
Trd, 4318844.493, 99
Trd, 4318844.843, 64
Trd, 4318845.243, 62
Trd, 4318845.343, 105
Trd, 4318845.443, 135
Trd, 4318847.193, 76
Trd, 4318848.393, 61
Trd, 4318850.043, 60
Trd, 4318850.843, 60
Trd, 4318850.993, 61
Trd, 4318851.193, 63
Trd, 4318852.743, 62
Trd, 4318853.693, 66
Trd, 4318853.893, 71
Trd, 4318854.193, 62
Trd, 4318855.543, 60
Trd, 4318855.793, 111
Trd, 4318858.043, 60
Trd, 4318858.143, 60
Trd, 4318858.493, 60
Trd, 4318858.643, 137
Trd, 4318858.993, 140
Trd, 4318859.143, 60
Trd, 4318860.093, 78
Trd, 4318861.443, 61
Trd, 4318861.743, 77
Trd, 4318863.293, 60
Trd, 4318863.743, 63
Trd, 4318864.343, 64
Trd, 4318865.493, 63
Trd, 4318866.293, 71
Trd, 4318866.643, 127
Trd, 4318869.993, 60
Trd, 4318870.243, 61
Trd, 4318871.143, 60
Trd, 4318871.393, 60
Trd, 4318871.843, 62
Trd, 4318871.943, 63
Trd, 4318872.543, 140
Trd, 4318873.043, 68
Trd, 4318873.393, 83
Trd, 4318873.893, 140
Trd, 4318874.493, 140
Trd, 4318875.643, 63
Trd, 4318876.743, 140
Trd, 4318878.743, 140
Trd, 4318878.893, 140
Trd, 4318878.993, 140
Trd, 4318879.093, 139
Trd, 4318879.443, 139
Trd, 4318880.143, 140
Trd, 4318880.793, 140
Trd, 4318881.543, 140
Trd, 4318881.943, 140
Trd, 4318882.893, 140
Trd, 4318883.543, 140
Trd, 4318883.593, 140
Trd, 4318883.743, 139
Trd, 4318884.993, 140
Trd, 4318886.693, 140
Trd, 4318886.843, 140
Trd, 4318887.143, 140
Trd, 4318889.043, 140
Trd, 4318889.243, 140
Trd, 4318889.843, 140
Trd, 4318889.893, 140
Trd, 4318891.093, 61
Trd, 4318891.143, 62
Trd, 4318891.343, 67
Trd, 4318892.343, 140
Trd, 4318893.043, 140
Trd, 4318893.893, 140
Trd, 4318894.993, 140
Trd, 4318895.043, 140
Trd, 4318895.193, 140
Trd, 4318895.743, 140
Trd, 4318896.293, 140
Trd, 4318897.743, 140
Trd, 4318897.993, 140
Trd, 4318899.943, 140
Trd, 4318901.093, 140
Trd, 4318901.993, 140
Trd, 4318903.193, 140
Trd, 4318903.343, 140
Trd, 4318903.393, 140
Trd, 4318903.843, 140
Trd, 4318904.993, 140
Trd, 4318905.093, 140
Trd, 4318905.243, 140
Trd, 4318906.293, 140
Trd, 4318906.343, 139
Trd, 4318906.993, 139
Trd, 4318907.943, 140
Trd, 4318909.043, 140
Trd, 4318909.543, 140
Trd, 4318910.343, 140
Trd, 4318910.793, 140
Trd, 4318913.243, 140
Trd, 4318913.493, 140
Trd, 4318913.743, 140
Trd, 4318913.793, 140
Trd, 4318913.943, 140
Trd, 4318915.343, 140
Trd, 4318916.493, 140
Trd, 4318916.593, 140
Trd, 4318916.693, 140
Trd, 4318916.843, 139
Trd, 4318917.043, 137
Trd, 4318918.143, 140
Trd, 4318918.843, 140
Trd, 4318919.693, 140
Trd, 4318919.743, 140
Trd, 4318920.443, 139
Trd, 4318920.693, 140
Trd, 4318921.443, 139
Trd, 4318922.593, 140
Trd, 4318924.543, 140
Trd, 4318925.093, 140
Trd, 4318925.993, 140
Trd, 4318927.143, 140
Trd, 4318927.493, 140
Trd, 4318927.593, 140
Trd, 4318927.743, 140
Trd, 4318928.043, 140
Trd, 4318928.693, 140
Trd, 4318928.743, 140
Trd, 4318929.393, 140
Trd, 4318930.893, 140
Trd, 4318931.893, 139
Trd, 4318932.043, 139
Trd, 4318932.643, 138
Trd, 4318933.693, 140
Trd, 4318933.993, 140
Trd, 4318934.843, 140
Trd, 4318935.343, 140
Trd, 4318937.193, 140
Trd, 4318937.993, 140
Trd, 4318938.743, 140
Trd, 4318939.093, 140
Trd, 4318939.493, 140
Trd, 4318940.143, 140
Trd, 4318940.543, 140
Trd, 4318941.193, 140
Trd, 4318941.843, 140
Trd, 4318942.193, 140
Trd, 4318942.893, 63
Trd, 4318943.843, 63
Trd, 4318944.993, 60
Trd, 4318945.893, 62
Trd, 4318946.543, 60
Trd, 4318946.743, 63
Trd, 4318946.993, 87
Trd, 4318947.693, 96
Trd, 4318948.993, 63
Trd, 4318951.593, 60
Trd, 4318951.643, 73
Trd, 4318951.943, 68
Trd, 4318952.043, 74
Trd, 4318952.693, 65
Trd, 4318953.293, 62
Trd, 4318954.843, 62
Trd, 4318955.793, 61
Trd, 4318956.343, 61
Trd, 4318956.393, 62
Trd, 4318956.943, 140
Trd, 4318957.993, 64
Trd, 4318958.943, 71
Trd, 4318959.743, 140
Trd, 4318960.693, 140
Trd, 4318961.043, 140
Trd, 4318961.093, 139
Trd, 4318961.243, 139
Trd, 4318961.943, 67
Trd, 4318962.193, 133
Trd, 4318963.093, 139
Trd, 4318965.943, 60
Trd, 4318966.393, 62
Trd, 4318966.693, 68
Trd, 4318967.493, 63
Trd, 4318968.243, 66
Trd, 4318968.793, 60
Trd, 4318969.593, 86
Trd, 4318970.243, 74
Trd, 4318972.093, 60
Trd, 4318972.293, 60
Trd, 4318972.543, 66
Trd, 4318972.643, 63
Trd, 4318974.143, 65
Trd, 4318974.193, 67
Trd, 4318974.343, 130
Trd, 4318975.593, 60
Trd, 4318976.293, 65
Trd, 4318977.593, 106
Trd, 4318978.693, 61
Trd, 4318979.493, 67
Trd, 4318980.493, 61
Trd, 4318981.693, 64
Trd, 4318983.043, 67
Trd, 4318983.893, 66
Trd, 4318983.993, 69
Trd, 4318984.643, 65
Trd, 4318985.493, 68
Trd, 4318986.993, 60
Trd, 4318987.443, 61
Trd, 4318988.093, 65
Trd, 4318988.793, 62
Trd, 4318988.893, 96
Trd, 4318989.293, 139
Trd, 4318990.393, 140
Trd, 4318990.843, 140
Trd, 4318991.293, 140
Trd, 4318991.593, 140
Trd, 4318992.143, 140
Trd, 4318993.943, 140
Trd, 4318994.193, 140
Trd, 4318994.693, 139
Trd, 4318994.843, 139
Trd, 4318995.193, 140
Trd, 4318996.043, 140
Trd, 4318996.243, 60
Trd, 4318996.693, 140
Trd, 4318997.193, 132
Trd, 4318999.443, 60
Trd, 4319000.493, 63
Trd, 4319000.543, 69
Trd, 4319001.493, 65
Trd, 4319003.193, 140
Trd, 4319003.293, 140
Trd, 4319004.493, 140
Trd, 4319005.393, 140
Trd, 4319005.893, 140
Trd, 4319006.443, 140
Trd, 4319006.793, 140
Trd, 4319007.343, 140
Trd, 4319008.143, 140
Trd, 4319008.943, 140
Trd, 4319008.993, 140
Trd, 4319009.493, 139
Trd, 4319010.393, 139
Trd, 4319010.643, 137
Trd, 4319010.743, 140
Trd, 4319012.143, 140
Trd, 4319012.643, 140
Trd, 4319012.793, 140
Trd, 4319013.493, 140
Trd, 4319013.893, 140
Trd, 4319014.593, 140
Trd, 4319014.893, 140
Trd, 4319015.293, 140
Trd, 4319016.793, 140
Trd, 4319016.993, 140
Trd, 4319017.093, 140
Trd, 4319018.493, 138
Trd, 4319020.093, 140
Trd, 4319020.143, 140
Trd, 4319020.243, 140
Trd, 4319020.293, 139
Trd, 4319021.243, 140
Trd, 4319022.743, 140
Trd, 4319022.793, 140
Trd, 4319023.393, 140
Trd, 4319023.893, 133
Trd, 4319025.593, 60
Trd, 4319026.693, 140
Trd, 4319027.193, 139
Trd, 4319027.343, 138
Trd, 4319027.593, 138
Trd, 4319027.793, 138
Trd, 4319028.893, 138
Trd, 4319029.743, 140
Trd, 4319030.843, 140
Trd, 4319030.893, 140
Trd, 4319031.143, 140
Trd, 4319032.893, 140
Trd, 4319033.093, 140
Trd, 4319033.143, 139
Trd, 4319034.143, 140
Trd, 4319034.593, 140
Trd, 4319034.843, 139
Trd, 4319034.943, 139
Trd, 4319035.793, 61
Trd, 4319036.743, 62
Trd, 4319037.993, 129
Trd, 4319038.543, 140
Trd, 4319038.893, 140
Trd, 4319040.093, 140
Trd, 4319041.293, 140
Trd, 4319042.793, 140
Trd, 4319043.193, 140
Trd, 4319043.243, 139
Trd, 4319043.843, 140
Trd, 4319044.643, 140
Trd, 4319044.843, 140
Trd, 4319045.693, 140
Trd, 4319047.093, 140
Trd, 4319047.843, 140
Trd, 4319047.943, 139
Trd, 4319048.093, 139
Trd, 4319048.143, 136
Trd, 4319050.443, 60
Trd, 4319051.093, 61
Trd, 4319051.643, 65
Trd, 4319052.343, 72
Trd, 4319053.343, 63
Trd, 4319054.743, 62
Trd, 4319054.993, 63
Trd, 4319055.343, 64
Trd, 4319056.343, 63
Trd, 4319057.343, 60
Trd, 4319057.943, 60
Trd, 4319058.443, 63
Trd, 4319058.843, 63
Trd, 4319058.893, 72
Trd, 4319059.893, 140
Trd, 4319060.143, 140
Trd, 4319061.093, 140
Trd, 4319061.593, 140
Trd, 4319062.993, 140
Trd, 4319064.343, 140
Trd, 4319064.593, 140
Trd, 4319064.943, 140
Trd, 4319065.243, 140
Trd, 4319065.693, 140
Trd, 4319067.143, 140
Trd, 4319068.243, 140
Trd, 4319068.543, 140
Trd, 4319068.593, 140
Trd, 4319070.243, 140
Trd, 4319070.393, 140
Trd, 4319071.343, 140
Trd, 4319072.593, 140
Trd, 4319072.843, 140
Trd, 4319073.193, 140
Trd, 4319074.293, 140
Trd, 4319074.793, 140
Trd, 4319075.493, 140
Trd, 4319075.593, 140
Trd, 4319075.993, 140
Trd, 4319076.143, 139
Trd, 4319077.643, 140
Trd, 4319078.393, 140
Trd, 4319079.493, 140
Trd, 4319079.843, 140
Trd, 4319080.243, 140
Trd, 4319081.293, 140
Trd, 4319081.843, 140
Trd, 4319082.543, 140
Trd, 4319082.643, 140
Trd, 4319083.093, 140
Trd, 4319083.543, 122
Trd, 4319084.493, 139
Trd, 4319086.243, 60
Trd, 4319086.393, 69
Trd, 4319086.743, 113
Trd, 4319088.993, 60
Trd, 4319091.393, 61
Trd, 4319092.393, 60
Trd, 4319093.143, 61
Trd, 4319093.243, 62
Trd, 4319093.943, 65
Trd, 4319094.393, 71
Trd, 4319095.793, 60
Trd, 4319095.943, 65
Trd, 4319097.793, 139
Trd, 4319097.843, 139
Trd, 4319098.043, 140
Trd, 4319098.243, 140
Trd, 4319099.693, 140
Trd, 4319100.593, 140
Trd, 4319100.743, 140
Trd, 4319101.493, 140
Trd, 4319101.543, 140
Trd, 4319101.793, 140
Trd, 4319102.343, 139
Trd, 4319102.893, 139
Trd, 4319102.943, 138
Trd, 4319103.893, 71
Trd, 4319104.393, 72
Trd, 4319104.843, 92
Trd, 4319105.243, 62
Trd, 4319107.293, 60
Trd, 4319108.193, 60
Trd, 4319109.193, 105
Trd, 4319109.893, 61
Trd, 4319111.543, 73
Trd, 4319112.593, 60
Trd, 4319113.593, 60
Trd, 4319114.143, 61
Trd, 4319114.793, 65
Trd, 4319114.943, 64
Trd, 4319115.243, 69
Trd, 4319116.093, 140
Trd, 4319117.243, 140
Trd, 4319117.943, 140
Trd, 4319118.743, 140
Trd, 4319118.993, 140
Trd, 4319119.093, 139
Trd, 4319119.693, 140
Trd, 4319120.493, 140
Trd, 4319121.193, 140
Trd, 4319121.843, 140
Trd, 4319122.493, 140
Trd, 4319123.093, 140
Trd, 4319123.393, 140
Trd, 4319124.143, 140
Trd, 4319125.143, 140
Trd, 4319126.993, 140
Trd, 4319127.043, 140
Trd, 4319127.393, 140
Trd, 4319127.943, 140
Trd, 4319128.193, 140
Trd, 4319128.393, 140
Trd, 4319130.043, 140
Trd, 4319130.443, 140
Trd, 4319130.593, 140
Trd, 4319130.943, 140
Trd, 4319131.693, 140
Trd, 4319132.143, 140
Trd, 4319132.243, 140
Trd, 4319133.993, 140
Trd, 4319134.293, 140
Trd, 4319135.693, 140
Trd, 4319136.143, 140
Trd, 4319136.943, 140
Trd, 4319137.643, 140
Trd, 4319137.893, 140
Trd, 4319138.543, 140
Trd, 4319138.593, 140
Trd, 4319139.443, 140
Trd, 4319139.693, 140
Trd, 4319139.843, 140
Trd, 4319140.843, 140
Trd, 4319141.443, 140
Trd, 4319141.543, 140
Trd, 4319141.593, 140
Trd, 4319143.743, 140
Trd, 4319143.793, 140
Trd, 4319145.443, 140
Trd, 4319145.893, 140
Trd, 4319145.993, 140
Trd, 4319146.143, 140
Trd, 4319146.343, 140
Trd, 4319149.243, 140
Trd, 4319149.393, 140
Trd, 4319149.593, 140
Trd, 4319149.793, 140
Trd, 4319150.193, 140
Trd, 4319152.143, 140
Trd, 4319153.043, 140
Trd, 4319153.093, 140
Trd, 4319153.943, 140
Trd, 4319154.243, 140
Trd, 4319155.493, 140
Trd, 4319155.643, 140
Trd, 4319155.943, 140
Trd, 4319156.143, 140
Trd, 4319156.393, 109
Trd, 4319156.593, 137
Trd, 4319158.843, 60
Trd, 4319159.593, 140
Trd, 4319160.743, 140
Trd, 4319160.843, 140
Trd, 4319161.043, 140
Trd, 4319161.943, 139
Trd, 4319162.293, 140
Trd, 4319162.743, 140
Trd, 4319163.843, 140
Trd, 4319164.393, 140
Trd, 4319164.643, 140
Trd, 4319164.793, 140
Trd, 4319165.493, 140
Trd, 4319165.593, 140
Trd, 4319165.943, 140
Trd, 4319167.993, 140
Trd, 4319169.643, 140
Trd, 4319170.143, 140
Trd, 4319170.193, 140
Trd, 4319170.393, 140
Trd, 4319173.143, 140
Trd, 4319173.443, 140
Trd, 4319173.493, 140
Trd, 4319174.243, 140
Trd, 4319174.293, 139
Trd, 4319175.493, 140
Trd, 4319177.643, 140
Trd, 4319177.693, 140
Trd, 4319177.793, 140
Trd, 4319178.093, 140
Trd, 4319178.943, 140
Trd, 4319179.993, 140
Trd, 4319180.093, 140
Trd, 4319180.943, 72
Trd, 4319181.043, 137
Trd, 4319181.443, 62
Trd, 4319182.843, 105
Trd, 4319185.343, 60
Trd, 4319185.743, 61
Trd, 4319186.843, 61
Trd, 4319187.393, 60
Trd, 4319188.143, 65
Trd, 4319188.543, 75
Trd, 4319189.143, 62
Trd, 4319190.093, 61
Trd, 4319191.793, 60
Trd, 4319191.943, 60
Trd, 4319192.693, 63
Trd, 4319193.293, 63
Trd, 4319193.893, 62
Trd, 4319193.993, 63
Trd, 4319194.093, 64
Trd, 4319194.443, 139
Trd, 4319195.043, 140
Trd, 4319195.643, 60
Trd, 4319196.293, 69
Trd, 4319196.743, 124
Trd, 4319197.393, 65
Trd, 4319197.793, 62
Trd, 4319198.043, 100
Trd, 4319201.343, 61
Trd, 4319202.093, 60
Trd, 4319202.693, 62
Trd, 4319203.143, 69
Trd, 4319203.843, 140
Trd, 4319205.693, 60
Trd, 4319205.793, 60
Trd, 4319206.493, 61
Trd, 4319207.343, 61
Trd, 4319207.993, 60
Trd, 4319208.243, 60
Trd, 4319208.943, 60
Trd, 4319209.293, 62
Trd, 4319210.093, 104
Trd, 4319210.893, 62
Trd, 4319211.193, 139
Trd, 4319211.443, 140
Trd, 4319212.843, 66
Trd, 4319213.093, 64
Trd, 4319213.243, 69
Trd, 4319214.343, 61
Trd, 4319215.493, 60
Trd, 4319216.993, 140
Trd, 4319217.793, 140
Trd, 4319217.893, 140
Trd, 4319218.193, 140
Trd, 4319218.743, 140
Trd, 4319218.793, 140
Trd, 4319218.943, 140
Trd, 4319221.193, 140
Trd, 4319223.843, 140
Trd, 4319223.893, 140
Trd, 4319224.193, 140
Trd, 4319225.093, 140
Trd, 4319225.243, 140
Trd, 4319226.293, 140
Trd, 4319226.843, 138
Trd, 4319226.893, 138
Trd, 4319227.443, 140
Trd, 4319228.293, 140
Trd, 4319229.743, 140
Trd, 4319230.493, 140
Trd, 4319230.643, 140
Trd, 4319231.243, 140
Trd, 4319231.293, 140
Trd, 4319231.693, 140
Trd, 4319232.993, 140
Trd, 4319233.543, 140
Trd, 4319234.243, 140
Trd, 4319235.743, 140
Trd, 4319235.993, 140
Trd, 4319237.293, 140
Trd, 4319237.493, 140
Trd, 4319237.943, 140
Trd, 4319238.343, 140
Trd, 4319239.643, 140
Trd, 4319240.193, 140
Trd, 4319240.293, 140
Trd, 4319240.893, 140
Trd, 4319241.293, 140
Trd, 4319241.993, 140
Trd, 4319242.093, 140
Trd, 4319244.193, 140
Trd, 4319244.543, 140
Trd, 4319245.293, 140
Trd, 4319245.743, 140
Trd, 4319246.243, 140
Trd, 4319246.393, 140
Trd, 4319246.443, 140
Trd, 4319247.593, 140
Trd, 4319250.693, 140
Trd, 4319250.943, 140
Trd, 4319251.443, 140
Trd, 4319251.493, 140
Trd, 4319251.593, 140
Trd, 4319253.893, 140
Trd, 4319254.293, 140
Trd, 4319254.443, 140
Trd, 4319254.543, 140
Trd, 4319254.943, 140
Trd, 4319255.093, 139
Trd, 4319255.393, 140
Trd, 4319256.043, 140
Trd, 4319256.493, 139
Trd, 4319258.793, 140
Trd, 4319259.093, 140
Trd, 4319259.893, 140
Trd, 4319260.243, 140
Trd, 4319260.343, 140
Trd, 4319261.493, 140
Trd, 4319263.193, 140
Trd, 4319263.543, 140
Trd, 4319263.793, 140
Trd, 4319264.043, 140
Trd, 4319264.493, 140
Trd, 4319265.543, 139
Trd, 4319267.393, 140
Trd, 4319267.543, 140
Trd, 4319268.693, 140
Trd, 4319269.043, 140
Trd, 4319269.393, 140
Trd, 4319269.893, 140
Trd, 4319270.943, 140
Trd, 4319271.393, 140
Trd, 4319271.893, 140
Trd, 4319272.943, 140
Trd, 4319273.043, 140
Trd, 4319273.143, 140
Trd, 4319273.893, 140
Trd, 4319274.643, 140
Trd, 4319276.843, 140
Trd, 4319277.243, 140
Trd, 4319277.443, 140
Trd, 4319278.493, 140
Trd, 4319278.743, 140
Trd, 4319279.943, 140
Trd, 4319280.343, 140
Trd, 4319281.693, 140
Trd, 4319281.993, 140
Trd, 4319282.793, 140
Trd, 4319283.443, 140
Trd, 4319283.843, 140
Trd, 4319284.243, 140
Trd, 4319284.343, 140
Trd, 4319285.293, 140
Trd, 4319286.443, 140
Trd, 4319286.743, 140
Trd, 4319287.693, 139
Trd, 4319288.293, 140
Trd, 4319289.493, 140
Trd, 4319289.793, 140
Trd, 4319290.793, 140
Trd, 4319291.393, 140
Trd, 4319291.593, 140
Trd, 4319292.193, 140
Trd, 4319292.543, 140
Trd, 4319292.943, 140
Trd, 4319295.643, 140
Trd, 4319295.843, 140
Trd, 4319295.993, 140
Trd, 4319296.293, 140
Trd, 4319296.393, 140
Trd, 4319296.793, 138
Trd, 4319297.993, 140
Trd, 4319298.993, 140
Trd, 4319299.793, 140
Trd, 4319301.743, 140
Trd, 4319301.993, 140
Trd, 4319302.793, 140
Trd, 4319303.393, 140
Trd, 4319303.593, 140
Trd, 4319304.493, 140
Trd, 4319304.893, 140
Trd, 4319306.093, 140
Trd, 4319307.043, 140
Trd, 4319307.243, 140
Trd, 4319307.443, 140
Trd, 4319307.893, 140
Trd, 4319308.343, 140
Trd, 4319308.643, 140
Trd, 4319308.893, 140
Trd, 4319310.993, 140
Trd, 4319311.443, 140
Trd, 4319312.493, 140
Trd, 4319312.643, 140
Trd, 4319312.843, 140
Trd, 4319312.993, 140
Trd, 4319314.943, 140
Trd, 4319315.043, 140
Trd, 4319316.693, 140
Trd, 4319318.093, 140
Trd, 4319319.293, 140
Trd, 4319320.343, 140
Trd, 4319320.743, 140
Trd, 4319322.043, 140
Trd, 4319322.393, 140
Trd, 4319322.693, 140
Trd, 4319322.893, 140
Trd, 4319322.943, 140
Trd, 4319323.893, 140
Trd, 4319324.043, 140
Trd, 4319324.343, 140
Trd, 4319325.843, 140
Trd, 4319326.193, 140
Trd, 4319328.143, 140
Trd, 4319328.343, 140
Trd, 4319328.543, 140
Trd, 4319328.693, 140
Trd, 4319329.393, 140
Trd, 4319330.893, 140
Trd, 4319331.093, 139
Trd, 4319331.593, 140
Trd, 4319331.693, 140
Trd, 4319331.793, 140
Trd, 4319332.293, 140
Trd, 4319332.393, 139
Trd, 4319332.743, 139
Trd, 4319333.843, 62
Trd, 4319334.343, 140
Trd, 4319335.543, 140
Trd, 4319336.293, 140
Trd, 4319336.793, 140
Trd, 4319336.943, 140
Trd, 4319339.193, 140
Trd, 4319339.393, 140
Trd, 4319340.143, 140
Trd, 4319341.293, 140
Trd, 4319341.393, 140
Trd, 4319342.893, 140
Trd, 4319343.243, 140
Trd, 4319344.243, 140
Trd, 4319345.343, 140
Trd, 4319345.393, 140
Trd, 4319345.543, 140
Trd, 4319345.593, 140
Trd, 4319347.943, 140
Trd, 4319348.043, 140
Trd, 4319348.743, 140
Trd, 4319349.593, 140
Trd, 4319349.643, 140
Trd, 4319350.093, 139
Trd, 4319350.943, 140
Trd, 4319352.143, 140
Trd, 4319353.243, 140
Trd, 4319353.543, 140
Trd, 4319353.943, 140
Trd, 4319354.543, 140
Trd, 4319356.343, 140
Trd, 4319357.243, 60
Trd, 4319357.493, 61
Trd, 4319357.593, 113
Trd, 4319358.343, 139
Trd, 4319358.943, 140
Trd, 4319359.343, 140
Trd, 4319359.793, 140
Trd, 4319360.193, 136
Trd, 4319360.643, 139
Trd, 4319360.893, 136
Trd, 4319361.443, 62
Trd, 4319363.743, 101
Trd, 4319364.793, 63
Trd, 4319364.893, 63
Trd, 4319365.893, 124
Trd, 4319366.993, 63
Trd, 4319367.443, 140
Trd, 4319367.643, 140
Trd, 4319367.793, 139
Trd, 4319367.843, 138
Trd, 4319368.193, 134
Trd, 4319369.243, 65
Trd, 4319370.493, 140
Trd, 4319370.693, 138
Trd, 4319372.643, 140
Trd, 4319373.143, 140
Trd, 4319373.593, 140
Trd, 4319374.693, 140
Trd, 4319375.393, 140
Trd, 4319375.843, 140
Trd, 4319376.193, 140
Trd, 4319376.343, 140
Trd, 4319377.493, 140
Trd, 4319378.743, 140
Trd, 4319379.693, 140
Trd, 4319380.193, 140
Trd, 4319380.693, 140
Trd, 4319382.643, 140
Trd, 4319382.743, 140
Trd, 4319383.743, 140
Trd, 4319383.943, 140
Trd, 4319384.443, 140
Trd, 4319386.443, 140
Trd, 4319386.543, 140
Trd, 4319387.193, 140
Trd, 4319387.693, 140
Trd, 4319388.043, 140
Trd, 4319388.393, 140
Trd, 4319388.493, 140
Trd, 4319388.843, 140
Trd, 4319388.943, 139
Trd, 4319389.943, 140
Trd, 4319390.893, 140
Trd, 4319391.143, 139
Trd, 4319391.193, 139
Trd, 4319392.293, 140
Trd, 4319393.343, 137
Trd, 4319393.543, 139
Trd, 4319393.643, 130
Trd, 4319396.043, 140
Trd, 4319396.143, 140
Trd, 4319398.293, 140
Trd, 4319398.793, 140
Trd, 4319399.443, 140
Trd, 4319399.543, 140
Trd, 4319399.743, 140
Trd, 4319400.443, 140
Trd, 4319400.993, 140
Trd, 4319401.643, 140
Trd, 4319402.543, 140
Trd, 4319402.843, 140
Trd, 4319403.743, 60
Trd, 4319404.643, 62
Trd, 4319405.043, 66
Trd, 4319405.493, 138
Trd, 4319407.093, 140
Trd, 4319407.343, 140
Trd, 4319407.393, 140
Trd, 4319408.493, 104
Trd, 4319409.093, 135
Trd, 4319409.493, 140
Trd, 4319410.843, 139
Trd, 4319411.593, 140
Trd, 4319411.893, 140
Trd, 4319412.843, 140
Trd, 4319413.893, 140
Trd, 4319414.743, 140
Trd, 4319414.843, 140
Trd, 4319414.943, 140
Trd, 4319415.343, 140
Trd, 4319415.643, 140
Trd, 4319415.743, 140
Trd, 4319416.943, 140
Trd, 4319417.543, 139
Trd, 4319418.443, 81
Trd, 4319418.493, 124
Trd, 4319419.943, 140
Trd, 4319420.293, 140
Trd, 4319420.643, 140
Trd, 4319420.793, 140
Trd, 4319421.143, 139
Trd, 4319421.343, 137
Trd, 4319423.293, 140
Trd, 4319423.443, 140
Trd, 4319423.943, 140
Trd, 4319424.193, 138
Trd, 4319424.893, 139
Trd, 4319425.043, 138
Trd, 4319426.743, 140
Trd, 4319428.143, 140
Trd, 4319428.943, 140
Trd, 4319429.693, 140
Trd, 4319429.843, 140
Trd, 4319430.293, 140
Trd, 4319431.393, 140
Trd, 4319431.843, 140
Trd, 4319432.693, 140
Trd, 4319433.393, 140
Trd, 4319434.193, 140
Trd, 4319434.993, 140
Trd, 4319435.343, 140
Trd, 4319436.143, 140
Trd, 4319437.093, 140
Trd, 4319438.293, 140
Trd, 4319438.593, 140
Trd, 4319439.443, 140
Trd, 4319439.743, 140
Trd, 4319440.443, 140
Trd, 4319440.743, 140
Trd, 4319440.793, 140
Trd, 4319441.743, 140
Trd, 4319443.543, 140
Trd, 4319444.293, 140
Trd, 4319444.543, 140
Trd, 4319444.993, 140
Trd, 4319445.143, 140
Trd, 4319445.493, 140
Trd, 4319446.043, 140
Trd, 4319446.943, 140
Trd, 4319448.343, 140
Trd, 4319448.743, 140
Trd, 4319450.743, 140
Trd, 4319451.643, 140
Trd, 4319452.143, 140
Trd, 4319452.443, 140
Trd, 4319452.493, 140
Trd, 4319453.293, 140
Trd, 4319453.493, 140
Trd, 4319454.443, 140
Trd, 4319455.243, 140
Trd, 4319455.793, 140
Trd, 4319455.943, 140
Trd, 4319456.693, 140
Trd, 4319458.543, 140
Trd, 4319458.893, 140
Trd, 4319460.343, 140
Trd, 4319460.993, 140
Trd, 4319461.093, 140
Trd, 4319461.143, 140
Trd, 4319462.643, 140
Trd, 4319463.143, 140
Trd, 4319464.143, 140
Trd, 4319465.193, 140
Trd, 4319465.693, 140
Trd, 4319467.043, 140
Trd, 4319467.593, 140
Trd, 4319468.243, 140
Trd, 4319469.143, 140
Trd, 4319469.543, 140
Trd, 4319469.743, 138
Trd, 4319470.643, 140
Trd, 4319471.093, 140
Trd, 4319471.143, 136
Trd, 4319471.393, 139
Trd, 4319472.093, 60
Trd, 4319472.593, 68
Trd, 4319474.243, 60
Trd, 4319474.743, 60
Trd, 4319475.243, 60
Trd, 4319476.493, 64
Trd, 4319477.293, 62
Trd, 4319480.043, 60
Trd, 4319480.143, 61
Trd, 4319481.093, 63
Trd, 4319481.193, 72
Trd, 4319481.443, 75
Trd, 4319481.843, 62
Trd, 4319483.593, 68
Trd, 4319484.143, 64
Trd, 4319484.243, 64
Trd, 4319484.893, 140
Trd, 4319485.793, 140
Trd, 4319485.893, 140
Trd, 4319486.093, 140
Trd, 4319487.543, 140
Trd, 4319488.093, 140
Trd, 4319488.693, 140
Trd, 4319489.143, 140
Trd, 4319489.343, 140
Trd, 4319489.493, 140
Trd, 4319490.743, 140
Trd, 4319491.193, 139
Trd, 4319492.393, 140
Trd, 4319492.743, 140
Trd, 4319493.043, 140
Trd, 4319493.893, 140
Trd, 4319493.993, 140
Trd, 4319494.343, 139
Trd, 4319495.543, 140
Trd, 4319497.293, 140
Trd, 4319497.493, 140
Trd, 4319497.893, 140
Trd, 4319498.543, 140
Trd, 4319500.243, 140
Trd, 4319500.343, 140
Trd, 4319500.743, 139
Trd, 4319501.643, 140
Trd, 4319502.143, 140
Trd, 4319502.693, 140
Trd, 4319503.193, 140
Trd, 4319504.443, 140
Trd, 4319504.793, 140
Trd, 4319506.093, 140
Trd, 4319506.293, 140
Trd, 4319506.343, 140
Trd, 4319507.193, 140
Trd, 4319507.243, 140
Trd, 4319507.693, 140
Trd, 4319508.143, 139
Trd, 4319508.893, 139
Trd, 4319510.443, 140
Trd, 4319511.443, 140
Trd, 4319511.593, 140
Trd, 4319511.843, 140
Trd, 4319514.593, 140
Trd, 4319514.743, 140
Trd, 4319515.893, 140
Trd, 4319515.943, 139
Trd, 4319516.343, 140
Trd, 4319517.493, 140
Trd, 4319517.593, 140
Trd, 4319518.693, 140
Trd, 4319519.243, 140
Trd, 4319519.293, 140
Trd, 4319519.693, 140
Trd, 4319520.443, 140
Trd, 4319521.943, 140
Trd, 4319522.243, 140
Trd, 4319523.893, 140
Trd, 4319524.043, 140
Trd, 4319525.393, 140
Trd, 4319525.793, 140
Trd, 4319527.143, 140
Trd, 4319527.193, 140
Trd, 4319528.043, 140
Trd, 4319529.043, 140
Trd, 4319529.693, 140
Trd, 4319529.793, 140
Trd, 4319530.293, 140
Trd, 4319530.493, 140
Trd, 4319531.443, 140
Trd, 4319531.743, 140
Trd, 4319532.643, 140
Trd, 4319533.193, 140
Trd, 4319534.543, 140
Trd, 4319534.893, 140
Trd, 4319534.943, 140
Trd, 4319535.443, 140
Trd, 4319536.243, 139
Trd, 4319536.693, 139
Trd, 4319537.643, 140
Trd, 4319538.393, 140
Trd, 4319538.843, 140
Trd, 4319539.043, 140
Trd, 4319539.543, 139
Trd, 4319542.043, 140
Trd, 4319542.193, 140
Trd, 4319542.693, 140
Trd, 4319543.143, 140
Trd, 4319544.293, 140
Trd, 4319544.693, 140
Trd, 4319546.143, 140
Trd, 4319546.393, 140
Trd, 4319546.843, 140
Trd, 4319547.993, 140
Trd, 4319549.243, 140
Trd, 4319549.393, 140
Trd, 4319549.943, 140
Trd, 4319550.093, 140
Trd, 4319550.243, 140
Trd, 4319550.593, 140
Trd, 4319551.893, 140
Trd, 4319552.893, 140
Trd, 4319553.043, 140
Trd, 4319553.493, 140
Trd, 4319553.893, 140
Trd, 4319554.543, 140
Trd, 4319554.943, 64
Trd, 4319556.943, 140
Trd, 4319557.343, 140
Trd, 4319558.393, 140
Trd, 4319558.843, 140
Trd, 4319558.943, 140
Trd, 4319561.043, 140
Trd, 4319561.143, 140
Trd, 4319562.793, 140
Trd, 4319562.943, 140
Trd, 4319563.243, 140
Trd, 4319563.843, 140
Trd, 4319563.993, 140
Trd, 4319565.343, 140
Trd, 4319565.643, 140
Trd, 4319566.143, 140
Trd, 4319566.543, 140
Trd, 4319567.543, 140
Trd, 4319569.093, 140
Trd, 4319569.843, 140
Trd, 4319570.493, 140
Trd, 4319571.143, 140
Trd, 4319571.543, 140
Trd, 4319572.293, 140
Trd, 4319572.443, 139
Trd, 4319573.043, 140
Trd, 4319573.343, 140
Trd, 4319573.393, 139
Trd, 4319574.143, 140
Trd, 4319574.793, 98
Trd, 4319575.393, 140
Trd, 4319576.493, 140
Trd, 4319576.693, 140
Trd, 4319576.843, 138
Trd, 4319578.393, 63
Trd, 4319578.443, 64
Trd, 4319580.893, 61
Trd, 4319581.293, 140
Trd, 4319583.043, 61
Trd, 4319583.243, 63
Trd, 4319584.893, 60
Trd, 4319585.193, 60
Trd, 4319586.093, 63
Trd, 4319586.743, 65
Trd, 4319587.043, 66
Trd, 4319587.693, 61
Trd, 4319589.743, 140
Trd, 4319589.993, 140
Trd, 4319590.043, 139
Trd, 4319590.893, 60
Trd, 4319591.043, 66
Trd, 4319591.293, 78
Trd, 4319592.193, 74
Trd, 4319593.193, 71
Trd, 4319593.693, 65
Trd, 4319593.743, 87
Trd, 4319595.093, 140
Trd, 4319595.293, 139
Trd, 4319596.943, 62
Trd, 4319596.993, 67
Trd, 4319597.343, 76
Trd, 4319597.893, 62
Trd, 4319598.243, 67
Trd, 4319599.993, 139
Trd, 4319600.293, 65
Trd, 4319600.543, 135
Trd, 4319600.943, 140
Trd, 4319601.343, 64
Trd, 4319602.393, 140
Trd, 4319603.043, 140
Trd, 4319605.793, 140
Trd, 4319606.193, 140
Trd, 4319606.543, 140
Trd, 4319606.893, 140
Trd, 4319607.293, 140
Trd, 4319608.543, 140
Trd, 4319608.593, 140
Trd, 4319609.443, 140
Trd, 4319610.093, 140
Trd, 4319611.143, 140
Trd, 4319611.493, 140
Trd, 4319612.893, 140
Trd, 4319613.193, 140
Trd, 4319613.443, 140
Trd, 4319613.643, 140
Trd, 4319614.543, 140
Trd, 4319614.993, 140
Trd, 4319615.443, 140
Trd, 4319615.743, 140
Trd, 4319617.093, 138
Trd, 4319617.693, 140
Trd, 4319617.793, 140
Trd, 4319617.993, 139
Trd, 4319619.543, 140
Trd, 4319620.343, 140
Trd, 4319621.043, 140
Trd, 4319622.043, 140
Trd, 4319622.093, 140
Trd, 4319623.343, 140
Trd, 4319623.543, 140
Trd, 4319624.093, 140
Trd, 4319625.143, 140
Trd, 4319625.543, 140
Trd, 4319625.893, 140
Trd, 4319626.043, 140
Trd, 4319626.693, 140
Trd, 4319629.043, 140
Trd, 4319629.193, 140
Trd, 4319629.843, 140
Trd, 4319630.493, 140
Trd, 4319631.193, 140
Trd, 4319632.293, 140
Trd, 4319632.793, 140
Trd, 4319633.743, 140
Trd, 4319634.143, 140
Trd, 4319634.393, 140
Trd, 4319635.343, 140
Trd, 4319635.993, 140
Trd, 4319636.493, 140
Trd, 4319637.093, 140
Trd, 4319637.643, 140
Trd, 4319640.193, 140
Trd, 4319640.543, 140
Trd, 4319642.593, 140
Trd, 4319643.093, 140
Trd, 4319643.693, 140
Trd, 4319643.793, 140
Trd, 4319644.143, 140
Trd, 4319645.143, 140
Trd, 4319645.593, 140
Trd, 4319645.993, 140
Trd, 4319646.943, 140
Trd, 4319647.943, 140
Trd, 4319648.393, 140
Trd, 4319648.993, 140
Trd, 4319649.043, 140
Trd, 4319649.593, 140
Trd, 4319649.993, 140
Trd, 4319650.893, 140
Trd, 4319651.093, 140
Trd, 4319651.593, 137
Trd, 4319652.343, 140
Trd, 4319653.293, 140
Trd, 4319653.743, 140
Trd, 4319654.993, 140
Trd, 4319655.043, 140
Trd, 4319655.443, 140
Trd, 4319655.493, 140
Trd, 4319656.043, 139
Trd, 4319656.993, 139
Trd, 4319658.293, 140
Trd, 4319659.093, 140
Trd, 4319659.593, 140
Trd, 4319660.543, 140
Trd, 4319661.093, 140
Trd, 4319661.193, 140
Trd, 4319661.893, 140
Trd, 4319662.343, 140
Trd, 4319663.243, 140
Trd, 4319664.143, 140
Trd, 4319665.243, 140
Trd, 4319666.543, 140
Trd, 4319666.743, 140
Trd, 4319666.943, 139
Trd, 4319668.443, 140
Trd, 4319669.293, 140
Trd, 4319669.593, 140
Trd, 4319669.693, 140
Trd, 4319670.043, 140
Trd, 4319670.693, 140
Trd, 4319671.593, 140
Trd, 4319671.843, 140
Trd, 4319672.543, 139
Trd, 4319673.443, 140
Trd, 4319674.093, 140
Trd, 4319674.543, 140
Trd, 4319674.743, 139
Trd, 4319675.193, 60
Trd, 4319675.593, 61
Trd, 4319676.243, 81
Trd, 4319677.343, 65
Trd, 4319677.693, 61
Trd, 4319680.093, 60
Trd, 4319680.743, 61
Trd, 4319680.943, 61
Trd, 4319681.043, 67
Trd, 4319682.543, 61
Trd, 4319683.293, 65
Trd, 4319684.043, 60
Trd, 4319685.643, 62
Trd, 4319686.093, 73
Trd, 4319687.793, 61
Trd, 4319687.993, 62
Trd, 4319688.193, 62
Trd, 4319689.043, 62
Trd, 4319689.943, 64
Trd, 4319690.693, 64
Trd, 4319691.243, 60
Trd, 4319692.243, 67
Trd, 4319692.693, 70
Trd, 4319693.993, 67
Trd, 4319694.293, 67
Trd, 4319694.343, 132
Trd, 4319694.893, 60
Trd, 4319695.893, 60
Trd, 4319697.743, 60
Trd, 4319698.693, 60
Trd, 4319698.943, 60
Trd, 4319699.593, 60
Trd, 4319701.743, 60
Trd, 4319702.743, 61
Trd, 4319702.893, 65
Trd, 4319703.343, 62
Trd, 4319703.843, 61
Trd, 4319704.243, 63
Trd, 4319704.343, 83
Trd, 4319705.043, 139
Trd, 4319705.393, 140
Trd, 4319706.543, 140
Trd, 4319707.543, 140
Trd, 4319707.793, 140
Trd, 4319708.143, 140
Trd, 4319708.643, 140
Trd, 4319709.143, 61
Trd, 4319709.693, 62
Trd, 4319710.543, 69
Trd, 4319710.693, 80
Trd, 4319712.093, 137
Trd, 4319713.343, 140
Trd, 4319713.543, 140
Trd, 4319713.843, 140
Trd, 4319713.993, 140
Trd, 4319714.343, 139
Trd, 4319714.993, 138
Trd, 4319715.693, 140
Trd, 4319717.093, 140
Trd, 4319717.293, 140
Trd, 4319718.543, 140
Trd, 4319718.643, 139
Trd, 4319719.043, 139
Trd, 4319719.493, 68
Trd, 4319720.143, 74
Trd, 4319720.193, 113
Trd, 4319721.793, 140
Trd, 4319723.543, 140
Trd, 4319723.593, 140
Trd, 4319724.343, 140
Trd, 4319724.393, 140
Trd, 4319724.893, 140
Trd, 4319725.843, 140
Trd, 4319726.843, 140
Trd, 4319726.893, 140
Trd, 4319727.143, 140
Trd, 4319727.193, 139
Trd, 4319727.893, 140
Trd, 4319728.193, 140
Trd, 4319728.593, 140
Trd, 4319728.643, 140
Trd, 4319729.743, 140
Trd, 4319730.643, 140
Trd, 4319731.543, 140
Trd, 4319731.943, 140
Trd, 4319732.093, 140
Trd, 4319732.993, 140
Trd, 4319733.243, 139
Trd, 4319734.743, 140
Trd, 4319735.193, 138
Trd, 4319736.193, 140
Trd, 4319737.043, 140
Trd, 4319737.293, 140
Trd, 4319737.543, 138
Trd, 4319738.793, 140
Trd, 4319739.093, 140
Trd, 4319740.493, 140
Trd, 4319740.693, 140
Trd, 4319741.243, 140
Trd, 4319741.393, 140
Trd, 4319741.893, 140
Trd, 4319742.993, 140
Trd, 4319743.443, 140
Trd, 4319743.593, 140
Trd, 4319743.643, 139
Trd, 4319743.843, 139
Trd, 4319745.943, 61
Trd, 4319746.343, 63
Trd, 4319746.843, 139
Trd, 4319747.093, 62
Trd, 4319748.093, 60
Trd, 4319748.993, 62
Trd, 4319750.243, 65
Trd, 4319750.893, 60
Trd, 4319752.043, 65
Trd, 4319752.643, 67
Trd, 4319753.793, 61
Trd, 4319755.793, 62
Trd, 4319756.043, 61
Trd, 4319756.293, 63
Trd, 4319758.293, 60
Trd, 4319758.393, 61
Trd, 4319758.543, 63
Trd, 4319758.743, 61
Trd, 4319758.893, 61
Trd, 4319759.693, 64
Trd, 4319759.893, 71
Trd, 4319760.393, 64
Trd, 4319763.243, 60
Trd, 4319764.443, 60
Trd, 4319764.893, 63
Trd, 4319765.643, 60
Trd, 4319765.843, 60
Trd, 4319766.393, 66
Trd, 4319767.493, 140
Trd, 4319768.743, 140
Trd, 4319768.793, 140
Trd, 4319769.293, 140
Trd, 4319769.393, 136
Trd, 4319770.293, 60
Trd, 4319770.643, 63
Trd, 4319771.443, 136
Trd, 4319773.643, 140
Trd, 4319773.843, 140
Trd, 4319774.393, 139
Trd, 4319774.743, 140
Trd, 4319774.843, 139
Trd, 4319775.593, 138
Trd, 4319776.493, 140
Trd, 4319777.293, 67
Trd, 4319778.193, 140
Trd, 4319779.443, 139
Trd, 4319779.843, 138
Trd, 4319779.993, 137
Trd, 4319781.043, 139
Trd, 4319781.343, 137
Trd, 4319781.393, 136
Trd, 4319781.943, 112
Trd, 4319783.343, 140
Trd, 4319784.893, 140
Trd, 4319784.943, 140
Trd, 4319786.143, 140
Trd, 4319786.943, 140
Trd, 4319787.393, 140
Trd, 4319788.443, 140
Trd, 4319788.493, 139
Trd, 4319788.943, 138
Trd, 4319789.843, 139
Trd, 4319790.393, 62
Trd, 4319790.793, 63
Trd, 4319791.193, 140
Trd, 4319792.793, 61
Trd, 4319793.343, 60
Trd, 4319794.493, 62
Trd, 4319795.193, 123
Trd, 4319796.543, 69
Trd, 4319798.443, 60
Trd, 4319800.243, 60
Trd, 4319800.593, 60
Trd, 4319800.693, 61
Trd, 4319801.993, 65
Trd, 4319803.343, 68
Trd, 4319803.443, 69
Trd, 4319803.993, 70
Trd, 4319804.243, 66
Trd, 4319804.893, 137
Trd, 4319805.443, 87
Trd, 4319805.993, 140
Trd, 4319806.043, 140
Trd, 4319806.343, 69
Trd, 4319807.793, 60
Trd, 4319809.393, 60
Trd, 4319810.643, 60
Trd, 4319811.743, 62
Trd, 4319811.893, 62
Trd, 4319812.293, 63
Trd, 4319813.443, 60
Trd, 4319813.643, 61
Trd, 4319814.093, 108
Trd, 4319815.643, 60
Trd, 4319816.043, 60
Trd, 4319816.393, 62
Trd, 4319817.043, 62
Trd, 4319817.443, 80
Trd, 4319818.293, 63
Trd, 4319818.743, 62
Trd, 4319818.993, 63
Trd, 4319819.443, 128
Trd, 4319819.893, 140
Trd, 4319820.693, 140
Trd, 4319822.043, 140
Trd, 4319822.643, 140
Trd, 4319823.543, 140
Trd, 4319825.143, 140
Trd, 4319826.543, 140
Trd, 4319826.693, 140
Trd, 4319827.593, 140
Trd, 4319828.093, 140
Trd, 4319829.093, 140
Trd, 4319829.243, 140
Trd, 4319829.493, 140
Trd, 4319829.943, 140
Trd, 4319830.643, 140
Trd, 4319833.143, 140
Trd, 4319833.193, 140
Trd, 4319833.593, 140
Trd, 4319834.693, 140
Trd, 4319834.743, 140
Trd, 4319835.043, 140
Trd, 4319835.693, 140
Trd, 4319836.093, 140
Trd, 4319836.693, 140
Trd, 4319837.343, 140
Trd, 4319838.943, 140
Trd, 4319839.693, 140
Trd, 4319839.943, 140
Trd, 4319840.043, 140
Trd, 4319840.093, 139
Trd, 4319840.343, 104
Trd, 4319840.443, 105
Trd, 4319840.893, 140
Trd, 4319842.043, 140
Trd, 4319842.143, 140
Trd, 4319842.743, 139
Trd, 4319845.243, 140
Trd, 4319845.793, 140
Trd, 4319847.143, 140
Trd, 4319847.293, 140
Trd, 4319847.693, 140
Trd, 4319847.943, 140
Trd, 4319849.893, 140
Trd, 4319850.893, 140
Trd, 4319851.143, 140
Trd, 4319851.593, 140
Trd, 4319851.943, 139
Trd, 4319852.093, 139
Trd, 4319853.143, 140
Trd, 4319855.993, 140
Trd, 4319856.193, 140
Trd, 4319856.343, 140
Trd, 4319856.543, 140
Trd, 4319856.593, 139
Trd, 4319858.043, 140
Trd, 4319859.143, 61
Trd, 4319859.893, 63
Trd, 4319860.193, 138
Trd, 4319860.743, 60
Trd, 4319861.843, 72
Trd, 4319863.043, 62
Trd, 4319863.343, 60
Trd, 4319863.893, 97
Trd, 4319864.243, 84
Trd, 4319865.193, 95
Trd, 4319866.893, 62
Trd, 4319867.343, 68
Trd, 4319868.143, 60
Trd, 4319868.493, 64
Trd, 4319868.793, 62
Trd, 4319869.393, 61
Trd, 4319869.443, 68
Trd, 4319870.343, 63
Trd, 4319870.693, 65
Trd, 4319871.093, 66
Trd, 4319871.143, 67
Trd, 4319872.343, 60
Trd, 4319872.593, 61
Trd, 4319874.793, 60
Trd, 4319875.693, 60
Trd, 4319875.893, 61
Trd, 4319876.593, 62
Trd, 4319878.193, 61
Trd, 4319878.243, 64
Trd, 4319879.993, 60
Trd, 4319880.143, 63
Trd, 4319881.543, 66
Trd, 4319883.043, 60
Trd, 4319883.543, 60
Trd, 4319883.643, 61
Trd, 4319884.993, 62
Trd, 4319885.893, 60
Trd, 4319886.093, 61
Trd, 4319887.043, 62
Trd, 4319887.093, 65
Trd, 4319887.143, 65
Trd, 4319887.443, 61
Trd, 4319889.593, 140
Trd, 4319890.493, 140
Trd, 4319890.593, 140
Trd, 4319890.843, 76
Trd, 4319891.243, 62
Trd, 4319893.593, 64
Trd, 4319893.693, 66
Trd, 4319893.993, 67
Trd, 4319894.943, 61
Trd, 4319896.293, 60
Trd, 4319897.093, 65
Trd, 4319897.593, 64
Trd, 4319897.793, 139
Trd, 4319899.443, 140
Trd, 4319899.743, 140
Trd, 4319900.143, 140
Trd, 4319900.643, 139
Trd, 4319901.643, 140
Trd, 4319902.143, 140
Trd, 4319902.243, 140
Trd, 4319903.043, 140
Trd, 4319903.743, 140
Trd, 4319903.993, 140
Trd, 4319905.893, 140
Trd, 4319906.343, 140
Trd, 4319906.443, 140
Trd, 4319906.643, 140
Trd, 4319906.893, 140
Trd, 4319907.393, 140
Trd, 4319908.743, 140
Trd, 4319911.093, 140
Trd, 4319911.493, 140
Trd, 4319911.543, 140
Trd, 4319911.593, 139
Trd, 4319911.793, 139
Trd, 4319912.993, 139
Trd, 4319914.193, 140
Trd, 4319914.743, 140
Trd, 4319915.193, 140
Trd, 4319915.493, 140
Trd, 4319916.643, 140
Trd, 4319916.993, 140
Trd, 4319917.293, 140
Trd, 4319918.393, 140
Trd, 4319918.643, 140
Trd, 4319918.843, 140
Trd, 4319919.643, 140
Trd, 4319920.043, 140
Trd, 4319920.193, 140
Trd, 4319920.443, 136
Trd, 4319920.993, 63
Trd, 4319922.093, 140
Trd, 4319922.143, 138
Trd, 4319923.793, 78
Trd, 4319924.943, 140
Trd, 4319925.193, 140
Trd, 4319926.093, 140
Trd, 4319926.293, 140
Trd, 4319926.743, 140
Trd, 4319926.993, 140
Trd, 4319927.043, 140
Trd, 4319928.543, 140
Trd, 4319928.693, 140
Trd, 4319930.043, 140
Trd, 4319930.293, 140
Trd, 4319931.293, 140
Trd, 4319931.793, 140
Trd, 4319932.393, 140
Trd, 4319932.593, 140
Trd, 4319934.993, 140
Trd, 4319935.143, 140
Trd, 4319935.193, 140
Trd, 4319935.693, 140
Trd, 4319937.393, 140
Trd, 4319937.843, 140
Trd, 4319937.993, 140
Trd, 4319938.843, 140
Trd, 4319939.393, 140
Trd, 4319940.643, 140
Trd, 4319940.793, 140
Trd, 4319941.343, 140
Trd, 4319941.643, 140
Trd, 4319943.643, 140
Trd, 4319944.443, 140
Trd, 4319944.893, 139
Trd, 4319945.393, 140
Trd, 4319946.143, 140
Trd, 4319946.443, 140
Trd, 4319946.593, 140
Trd, 4319949.043, 140
Trd, 4319949.643, 140
Trd, 4319950.093, 140
Trd, 4319950.493, 140
Trd, 4319950.693, 140
Trd, 4319951.593, 140
Trd, 4319953.693, 140
Trd, 4319954.193, 140
Trd, 4319954.743, 140
Trd, 4319955.643, 140
Trd, 4319955.843, 140
Trd, 4319955.893, 140
Trd, 4319957.393, 140
Trd, 4319957.993, 140
Trd, 4319958.193, 140
Trd, 4319958.543, 140
Trd, 4319958.993, 140
Trd, 4319959.493, 140
Trd, 4319959.893, 139
Trd, 4319959.993, 140
Trd, 4319961.193, 140
Trd, 4319961.543, 140
Trd, 4319963.043, 140
Trd, 4319963.643, 140
Trd, 4319964.093, 140
Trd, 4319964.993, 140
Trd, 4319965.243, 140
Trd, 4319965.843, 140
Trd, 4319966.943, 140
Trd, 4319967.093, 140
Trd, 4319968.243, 140
Trd, 4319969.143, 140
Trd, 4319969.993, 140
Trd, 4319970.493, 140
Trd, 4319970.993, 140
Trd, 4319971.243, 140
Trd, 4319971.893, 140
Trd, 4319973.543, 140
Trd, 4319973.893, 140
Trd, 4319974.693, 140
Trd, 4319974.943, 140
Trd, 4319976.593, 140
Trd, 4319976.843, 140
Trd, 4319977.793, 140
Trd, 4319978.043, 140
Trd, 4319978.643, 140
Trd, 4319979.393, 140
Trd, 4319979.843, 140
Trd, 4319981.043, 140
Trd, 4319981.893, 140
Trd, 4319982.043, 140
Trd, 4319983.443, 140
Trd, 4319983.943, 140
Trd, 4319984.643, 140
Trd, 4319985.443, 140
Trd, 4319986.693, 140
Trd, 4319986.743, 139
Trd, 4319988.943, 140
Trd, 4319989.193, 140
Trd, 4319989.943, 140
Trd, 4319990.043, 140
Trd, 4319990.343, 140
Trd, 4319990.493, 140
Trd, 4319991.193, 140
Trd, 4319991.543, 140
Trd, 4319992.193, 140
Trd, 4319992.693, 140
Trd, 4319992.893, 140
Trd, 4319993.543, 140
Trd, 4319994.943, 140
Trd, 4319995.443, 140
Trd, 4319996.593, 140
Trd, 4319998.293, 140
Trd, 4319998.793, 140
Trd, 4319999.493, 140
Trd, 4319999.643, 140
Trd, 4319999.743, 140
