Trd, 4318072.043, 92
Trd, 4318072.743, 129
Trd, 4318072.893, 80
Trd, 4318073.343, 102
Trd, 4318073.793, 97
Trd, 4318075.493, 122
Trd, 4318077.593, 83
Trd, 4318077.743, 103
Trd, 4318078.093, 115
Trd, 4318078.243, 86
Trd, 4318080.243, 89
Trd, 4318080.443, 73
Trd, 4318082.143, 132
Trd, 4318082.193, 93
Trd, 4318083.793, 140
Trd, 4318084.243, 125
Trd, 4318084.693, 96
Trd, 4318085.043, 85
Trd, 4318085.593, 69
Trd, 4318088.343, 140
Trd, 4318088.443, 127
Trd, 4318088.893, 124
Trd, 4318088.943, 117
Trd, 4318089.543, 130
Trd, 4318089.943, 134
Trd, 4318091.743, 120
Trd, 4318091.993, 114
Trd, 4318092.593, 88
Trd, 4318092.993, 115
Trd, 4318094.393, 136
Trd, 4318095.093, 83
Trd, 4318095.993, 124
Trd, 4318096.493, 123
Trd, 4318098.393, 131
Trd, 4318098.443, 100
Trd, 4318100.643, 122
Trd, 4318101.293, 106
Trd, 4318101.693, 131
Trd, 4318101.943, 105
Trd, 4318103.443, 131
Trd, 4318104.243, 139
Trd, 4318104.293, 112
Trd, 4318104.643, 128
Trd, 4318104.793, 110
Trd, 4318105.843, 70
Trd, 4318107.343, 70
Trd, 4318107.693, 138
Trd, 4318108.543, 109
Trd, 4318109.643, 73
Trd, 4318110.143, 113
Trd, 4318111.593, 101
Trd, 4318113.993, 87
Trd, 4318114.043, 85
Trd, 4318114.193, 90
Trd, 4318114.743, 105
Trd, 4318115.143, 106
Trd, 4318117.593, 104
Trd, 4318118.043, 140
Trd, 4318118.293, 126
Trd, 4318119.493, 114
Trd, 4318119.943, 112
Trd, 4318120.293, 101
Trd, 4318121.693, 105
Trd, 4318122.043, 87
Trd, 4318122.943, 83
Trd, 4318124.193, 109
Trd, 4318124.793, 104
Trd, 4318125.443, 99
Trd, 4318125.843, 107
Trd, 4318128.043, 120
Trd, 4318128.643, 117
Trd, 4318129.293, 140
Trd, 4318129.343, 92
Trd, 4318129.843, 92
Trd, 4318130.593, 130
Trd, 4318130.993, 119
Trd, 4318132.193, 95
Trd, 4318133.243, 129
Trd, 4318134.393, 104
Trd, 4318136.093, 132
Trd, 4318136.343, 121
Trd, 4318136.493, 118
Trd, 4318138.143, 114
Trd, 4318140.093, 135
Trd, 4318140.393, 123
Trd, 4318140.693, 105
Trd, 4318141.093, 137
Trd, 4318142.843, 115
Trd, 4318143.193, 135
Trd, 4318143.843, 96
Trd, 4318144.343, 112
Trd, 4318144.543, 109
Trd, 4318145.543, 90
Trd, 4318146.693, 110
Trd, 4318147.693, 72
Trd, 4318148.543, 115
Trd, 4318148.793, 127
Trd, 4318149.143, 114
Trd, 4318150.343, 127
Trd, 4318151.993, 116
Trd, 4318153.093, 122
Trd, 4318153.793, 112
Trd, 4318154.843, 109
Trd, 4318155.093, 93
Trd, 4318155.843, 73
Trd, 4318156.043, 66
Trd, 4318157.543, 109
Trd, 4318158.293, 85
Trd, 4318159.193, 93
Trd, 4318159.593, 123
Trd, 4318160.243, 103
Trd, 4318161.243, 88
Trd, 4318163.293, 113
Trd, 4318163.543, 122
Trd, 4318163.743, 111
Trd, 4318164.793, 96
Trd, 4318165.593, 100
Trd, 4318165.643, 87
Trd, 4318165.793, 100
Trd, 4318166.193, 70
Trd, 4318167.343, 72
Trd, 4318167.943, 64
Trd, 4318168.093, 94
Trd, 4318170.243, 90
Trd, 4318171.043, 76
Trd, 4318171.593, 93
Trd, 4318172.443, 70
Trd, 4318172.543, 94
Trd, 4318173.693, 79
Trd, 4318174.043, 72
Trd, 4318174.093, 95
Trd, 4318174.743, 77
Trd, 4318175.043, 61
Trd, 4318175.893, 113
Trd, 4318176.943, 135
Trd, 4318177.743, 130
Trd, 4318178.193, 118
Trd, 4318179.593, 128
Trd, 4318180.043, 133
Trd, 4318181.043, 103
Trd, 4318181.393, 110
Trd, 4318182.893, 107
Trd, 4318182.993, 102
Trd, 4318185.143, 104
Trd, 4318185.493, 133
Trd, 4318186.593, 111
Trd, 4318187.143, 117
Trd, 4318187.993, 117
Trd, 4318188.193, 110
Trd, 4318188.343, 94
Trd, 4318189.643, 127
Trd, 4318189.943, 132
Trd, 4318190.143, 116
Trd, 4318190.543, 123
Trd, 4318191.643, 92
Trd, 4318193.293, 140
Trd, 4318194.143, 99
Trd, 4318194.543, 93
Trd, 4318194.843, 75
Trd, 4318196.243, 66
Trd, 4318196.493, 66
Trd, 4318196.793, 77
Trd, 4318196.893, 63
Trd, 4318198.493, 63
Trd, 4318199.693, 95
Trd, 4318200.943, 85
Trd, 4318201.843, 89
Trd, 4318201.993, 95
Trd, 4318203.593, 68
Trd, 4318204.243, 75
Trd, 4318204.493, 104
Trd, 4318205.193, 118
Trd, 4318206.393, 81
Trd, 4318206.443, 81
Trd, 4318208.243, 78
Trd, 4318209.393, 124
Trd, 4318209.443, 124
Trd, 4318210.043, 78
Trd, 4318210.693, 112
Trd, 4318211.243, 65
Trd, 4318212.743, 60
Trd, 4318213.343, 61
Trd, 4318213.493, 88
Trd, 4318214.843, 92
Trd, 4318215.493, 113
Trd, 4318217.643, 138
Trd, 4318217.843, 136
Trd, 4318217.993, 129
Trd, 4318218.943, 101
Trd, 4318219.043, 100
Trd, 4318219.143, 84
Trd, 4318219.743, 93
Trd, 4318219.793, 78
Trd, 4318220.893, 99
Trd, 4318222.593, 62
Trd, 4318222.693, 67
Trd, 4318223.293, 129
Trd, 4318224.993, 114
Trd, 4318226.243, 93
Trd, 4318226.593, 96
Trd, 4318228.293, 132
Trd, 4318229.293, 130
Trd, 4318229.643, 136
Trd, 4318230.043, 117
Trd, 4318230.843, 116
Trd, 4318232.093, 120
Trd, 4318233.043, 99
Trd, 4318233.093, 95
Trd, 4318233.293, 85
Trd, 4318233.993, 90
Trd, 4318236.543, 91
Trd, 4318236.593, 98
Trd, 4318237.843, 122
Trd, 4318238.293, 128
Trd, 4318238.593, 110
Trd, 4318239.143, 138
Trd, 4318240.293, 128
Trd, 4318241.193, 137
Trd, 4318241.343, 115
Trd, 4318241.993, 126
Trd, 4318242.943, 130
Trd, 4318244.543, 119
Trd, 4318244.943, 119
Trd, 4318248.493, 139
Trd, 4318248.543, 139
Trd, 4318248.693, 119
Trd, 4318248.793, 108
Trd, 4318249.043, 88
Trd, 4318250.893, 84
Trd, 4318252.043, 140
Trd, 4318253.793, 94
Trd, 4318254.093, 127
Trd, 4318254.243, 95
Trd, 4318254.343, 71
Trd, 4318254.843, 100
Trd, 4318254.993, 128
Trd, 4318256.743, 134
Trd, 4318256.843, 103
Trd, 4318257.193, 87
Trd, 4318258.093, 89
Trd, 4318259.893, 64
Trd, 4318260.443, 83
Trd, 4318263.743, 130
Trd, 4318264.443, 91
Trd, 4318264.593, 85
Trd, 4318265.043, 120
Trd, 4318265.393, 140
Trd, 4318267.543, 136
Trd, 4318268.943, 108
Trd, 4318269.543, 89
Trd, 4318270.593, 88
Trd, 4318271.343, 93
Trd, 4318272.043, 94
Trd, 4318272.093, 78
Trd, 4318273.143, 80
Trd, 4318274.543, 98
Trd, 4318275.243, 105
Trd, 4318275.943, 138
Trd, 4318276.643, 120
Trd, 4318277.143, 118
Trd, 4318277.793, 86
Trd, 4318278.043, 82
Trd, 4318278.893, 113
Trd, 4318278.943, 137
Trd, 4318279.443, 139
Trd, 4318281.443, 135
Trd, 4318281.643, 117
Trd, 4318284.493, 116
Trd, 4318284.993, 109
Trd, 4318285.193, 109
Trd, 4318286.043, 139
Trd, 4318286.693, 123
Trd, 4318287.143, 104
Trd, 4318287.693, 112
Trd, 4318288.843, 115
Trd, 4318289.093, 114
Trd, 4318289.743, 114
Trd, 4318291.093, 121
Trd, 4318292.193, 114
Trd, 4318292.793, 126
Trd, 4318292.843, 104
Trd, 4318294.743, 108
Trd, 4318296.843, 122
Trd, 4318297.043, 90
Trd, 4318297.593, 98
Trd, 4318298.193, 106
Trd, 4318298.443, 106
Trd, 4318299.693, 137
Trd, 4318300.743, 115
Trd, 4318301.693, 140
Trd, 4318303.843, 131
Trd, 4318304.243, 121
Trd, 4318304.443, 113
Trd, 4318305.043, 122
Trd, 4318305.093, 112
Trd, 4318305.843, 124
Trd, 4318307.243, 138
Trd, 4318308.243, 101
Trd, 4318308.943, 78
Trd, 4318309.143, 66
Trd, 4318309.343, 87
Trd, 4318309.493, 87
Trd, 4318310.393, 118
Trd, 4318312.443, 111
Trd, 4318312.943, 111
Trd, 4318313.343, 101
Trd, 4318313.693, 124
Trd, 4318314.293, 110
Trd, 4318314.493, 92
Trd, 4318315.193, 98
Trd, 4318316.293, 92
Trd, 4318316.393, 98
Trd, 4318317.493, 138
Trd, 4318317.743, 88
Trd, 4318318.143, 86
Trd, 4318319.143, 117
Trd, 4318319.643, 98
Trd, 4318319.993, 134
Trd, 4318320.443, 117
Trd, 4318320.693, 72
Trd, 4318321.443, 97
Trd, 4318321.793, 112
Trd, 4318323.093, 93
Trd, 4318323.493, 99
Trd, 4318324.543, 138
Trd, 4318325.193, 137
Trd, 4318325.493, 136
Trd, 4318326.043, 113
Trd, 4318326.343, 140
Trd, 4318327.943, 124
Trd, 4318328.243, 97
Trd, 4318328.943, 131
Trd, 4318329.093, 117
Trd, 4318330.543, 90
Trd, 4318331.943, 122
Trd, 4318333.243, 96
Trd, 4318333.593, 107
Trd, 4318333.743, 75
Trd, 4318334.193, 108
Trd, 4318334.293, 88
Trd, 4318334.343, 80
Trd, 4318334.893, 67
Trd, 4318335.543, 72
Trd, 4318337.343, 68
Trd, 4318337.443, 68
Trd, 4318337.493, 87
Trd, 4318340.543, 126
Trd, 4318340.843, 103
Trd, 4318341.643, 94
Trd, 4318341.993, 89
Trd, 4318342.643, 84
Trd, 4318344.493, 126
Trd, 4318346.293, 104
Trd, 4318346.893, 98
Trd, 4318346.993, 95
Trd, 4318348.343, 116
Trd, 4318349.943, 115
Trd, 4318350.093, 99
Trd, 4318350.493, 119
Trd, 4318351.143, 91
Trd, 4318351.693, 65
Trd, 4318352.893, 78
Trd, 4318353.693, 81
Trd, 4318354.493, 136
Trd, 4318355.343, 125
Trd, 4318355.543, 115
Trd, 4318356.843, 137
Trd, 4318356.943, 126
Trd, 4318357.393, 97
Trd, 4318357.793, 139
Trd, 4318359.343, 125
Trd, 4318360.943, 86
Trd, 4318361.893, 120
Trd, 4318362.793, 108
Trd, 4318364.493, 133
Trd, 4318364.593, 123
Trd, 4318365.143, 135
Trd, 4318365.993, 91
Trd, 4318366.143, 114
Trd, 4318366.793, 105
Trd, 4318369.743, 84
Trd, 4318370.193, 98
Trd, 4318370.793, 103
Trd, 4318370.993, 111
Trd, 4318372.093, 64
Trd, 4318372.343, 68
Trd, 4318373.893, 78
Trd, 4318374.093, 73
Trd, 4318374.593, 83
Trd, 4318376.093, 127
Trd, 4318376.743, 130
Trd, 4318376.943, 129
Trd, 4318378.593, 95
Trd, 4318378.943, 91
Trd, 4318379.543, 92
Trd, 4318380.043, 111
Trd, 4318380.743, 109
Trd, 4318381.293, 91
Trd, 4318381.593, 97
Trd, 4318382.043, 89
Trd, 4318383.443, 122
Trd, 4318383.493, 120
Trd, 4318384.743, 111
Trd, 4318384.993, 98
Trd, 4318385.743, 70
Trd, 4318385.993, 123
Trd, 4318387.993, 136
Trd, 4318388.493, 113
Trd, 4318388.893, 112
Trd, 4318389.043, 109
Trd, 4318389.443, 84
Trd, 4318390.193, 128
Trd, 4318390.943, 107
Trd, 4318392.043, 98
Trd, 4318392.293, 131
Trd, 4318394.543, 140
Trd, 4318395.193, 139
Trd, 4318395.493, 122
Trd, 4318396.593, 113
Trd, 4318397.093, 99
Trd, 4318397.343, 127
Trd, 4318398.193, 88
Trd, 4318399.393, 124
Trd, 4318401.243, 124
Trd, 4318402.743, 136
Trd, 4318402.793, 128
Trd, 4318403.093, 126
Trd, 4318403.593, 111
Trd, 4318405.143, 103
Trd, 4318406.543, 123
Trd, 4318407.493, 103
Trd, 4318409.143, 133
Trd, 4318409.643, 137
Trd, 4318409.743, 126
Trd, 4318410.143, 106
Trd, 4318410.543, 105
Trd, 4318411.643, 136
Trd, 4318411.843, 99
Trd, 4318414.193, 106
Trd, 4318415.293, 128
Trd, 4318415.893, 98
Trd, 4318417.893, 120
Trd, 4318418.143, 109
Trd, 4318418.843, 134
Trd, 4318419.543, 122
Trd, 4318421.393, 120
Trd, 4318421.993, 88
Trd, 4318422.093, 88
Trd, 4318422.293, 97
Trd, 4318422.443, 60
Trd, 4318422.593, 100
Trd, 4318423.443, 105
Trd, 4318423.543, 78
Trd, 4318424.343, 68
Trd, 4318424.993, 85
Trd, 4318426.343, 63
Trd, 4318428.243, 65
Trd, 4318428.443, 67
Trd, 4318428.493, 112
Trd, 4318429.143, 87
Trd, 4318430.493, 114
Trd, 4318431.543, 80
Trd, 4318431.943, 86
Trd, 4318432.793, 66
Trd, 4318433.193, 95
Trd, 4318434.543, 73
Trd, 4318434.943, 88
Trd, 4318435.843, 95
Trd, 4318435.943, 84
Trd, 4318436.843, 75
Trd, 4318437.393, 117
Trd, 4318438.743, 87
Trd, 4318440.393, 115
Trd, 4318440.743, 108
Trd, 4318441.093, 97
Trd, 4318442.193, 135
Trd, 4318443.293, 121
Trd, 4318443.643, 113
Trd, 4318444.543, 111
Trd, 4318445.143, 119
Trd, 4318445.893, 65
Trd, 4318446.643, 90
Trd, 4318448.093, 111
Trd, 4318449.793, 123
Trd, 4318449.843, 120
Trd, 4318451.143, 106
Trd, 4318451.993, 110
Trd, 4318452.793, 108
Trd, 4318454.043, 134
Trd, 4318456.343, 98
Trd, 4318456.593, 98
Trd, 4318457.743, 100
Trd, 4318458.443, 126
Trd, 4318459.943, 112
Trd, 4318460.143, 97
Trd, 4318460.793, 125
Trd, 4318462.693, 104
Trd, 4318462.893, 91
Trd, 4318463.093, 90
Trd, 4318464.193, 138
Trd, 4318464.693, 127
Trd, 4318465.643, 125
Trd, 4318465.793, 94
Trd, 4318469.443, 127
Trd, 4318469.993, 83
Trd, 4318470.493, 92
Trd, 4318471.043, 94
Trd, 4318471.193, 90
Trd, 4318471.693, 81
Trd, 4318471.843, 94
Trd, 4318473.443, 87
Trd, 4318474.743, 76
Trd, 4318475.643, 79
Trd, 4318475.693, 92
Trd, 4318476.143, 122
Trd, 4318476.393, 117
Trd, 4318476.793, 104
Trd, 4318478.443, 65
Trd, 4318478.693, 60
Trd, 4318479.743, 65
Trd, 4318480.093, 87
Trd, 4318480.843, 60
Trd, 4318481.943, 137
Trd, 4318482.393, 121
Trd, 4318484.043, 138
Trd, 4318484.193, 126
Trd, 4318484.993, 78
Trd, 4318486.443, 96
Trd, 4318487.893, 102
Trd, 4318487.993, 100
Trd, 4318489.293, 103
Trd, 4318489.743, 136
Trd, 4318490.193, 104
Trd, 4318492.593, 122
Trd, 4318493.093, 126
Trd, 4318493.143, 117
Trd, 4318494.743, 113
Trd, 4318494.793, 106
Trd, 4318495.043, 95
Trd, 4318496.293, 112
Trd, 4318497.693, 138
Trd, 4318498.093, 112
Trd, 4318499.093, 100
Trd, 4318499.993, 110
Trd, 4318500.493, 113
Trd, 4318500.943, 130
Trd, 4318501.393, 115
Trd, 4318502.093, 84
Trd, 4318503.293, 99
Trd, 4318503.493, 136
Trd, 4318506.593, 130
Trd, 4318506.843, 124
Trd, 4318507.293, 120
Trd, 4318507.693, 93
Trd, 4318508.943, 125
Trd, 4318509.243, 140
Trd, 4318509.843, 114
Trd, 4318510.143, 89
Trd, 4318511.793, 94
Trd, 4318513.443, 120
Trd, 4318514.043, 118
Trd, 4318515.393, 96
Trd, 4318515.643, 114
Trd, 4318516.943, 100
Trd, 4318517.343, 89
Trd, 4318517.493, 68
Trd, 4318518.643, 139
Trd, 4318518.943, 86
Trd, 4318519.393, 103
Trd, 4318520.093, 89
Trd, 4318520.693, 64
Trd, 4318522.443, 135
Trd, 4318522.993, 104
Trd, 4318523.293, 109
Trd, 4318523.343, 84
Trd, 4318524.243, 63
Trd, 4318524.393, 109
Trd, 4318524.693, 68
Trd, 4318526.243, 84
Trd, 4318527.243, 95
Trd, 4318527.993, 111
Trd, 4318528.593, 104
Trd, 4318528.793, 119
Trd, 4318529.493, 87
Trd, 4318529.993, 104
Trd, 4318530.743, 117
Trd, 4318531.343, 77
Trd, 4318531.443, 61
Trd, 4318533.593, 87
Trd, 4318533.793, 97
Trd, 4318534.293, 95
Trd, 4318535.243, 87
Trd, 4318535.693, 94
Trd, 4318536.043, 90
Trd, 4318536.293, 103
Trd, 4318537.493, 86
Trd, 4318538.643, 86
Trd, 4318538.943, 90
Trd, 4318539.293, 65
Trd, 4318540.443, 71
Trd, 4318541.943, 102
Trd, 4318542.293, 96
Trd, 4318542.793, 110
Trd, 4318542.893, 90
Trd, 4318543.343, 103
Trd, 4318544.143, 134
Trd, 4318544.693, 139
Trd, 4318544.793, 108
Trd, 4318545.843, 65
Trd, 4318546.293, 65
Trd, 4318548.343, 83
Trd, 4318548.893, 132
Trd, 4318549.143, 111
Trd, 4318549.943, 106
Trd, 4318550.043, 127
Trd, 4318551.043, 127
Trd, 4318551.943, 102
Trd, 4318553.243, 123
Trd, 4318553.843, 130
Trd, 4318554.093, 119
Trd, 4318554.693, 85
Trd, 4318555.843, 127
Trd, 4318556.393, 79
Trd, 4318557.193, 98
Trd, 4318558.793, 126
Trd, 4318559.593, 136
Trd, 4318559.843, 133
Trd, 4318560.593, 132
Trd, 4318561.243, 121
Trd, 4318561.543, 111
Trd, 4318562.543, 96
Trd, 4318563.293, 80
Trd, 4318563.543, 80
Trd, 4318564.043, 104
Trd, 4318565.493, 92
Trd, 4318567.093, 111
Trd, 4318567.593, 138
Trd, 4318569.393, 110
Trd, 4318569.493, 104
Trd, 4318569.543, 96
Trd, 4318570.543, 94
Trd, 4318571.043, 86
Trd, 4318571.343, 113
Trd, 4318572.343, 133
Trd, 4318572.843, 79
Trd, 4318573.293, 61
Trd, 4318574.193, 114
Trd, 4318574.793, 89
Trd, 4318575.793, 83
Trd, 4318577.593, 107
Trd, 4318578.893, 94
Trd, 4318578.943, 131
Trd, 4318579.043, 135
Trd, 4318579.393, 116
Trd, 4318580.643, 81
Trd, 4318582.043, 87
Trd, 4318582.093, 87
Trd, 4318582.593, 84
Trd, 4318583.743, 116
Trd, 4318584.343, 116
Trd, 4318584.693, 105
Trd, 4318584.893, 100
Trd, 4318585.943, 137
Trd, 4318586.243, 133
Trd, 4318587.493, 84
Trd, 4318588.393, 84
Trd, 4318588.543, 84
Trd, 4318588.693, 68
Trd, 4318589.243, 94
Trd, 4318589.493, 95
Trd, 4318592.293, 127
Trd, 4318592.793, 108
Trd, 4318592.993, 90
Trd, 4318593.043, 88
Trd, 4318593.643, 105
Trd, 4318594.093, 121
Trd, 4318595.393, 129
Trd, 4318595.943, 77
Trd, 4318597.593, 85
Trd, 4318598.093, 99
Trd, 4318598.293, 96
Trd, 4318601.343, 90
Trd, 4318601.943, 126
Trd, 4318602.143, 90
Trd, 4318603.093, 122
Trd, 4318604.243, 118
Trd, 4318605.643, 115
Trd, 4318606.243, 116
Trd, 4318606.593, 111
Trd, 4318606.993, 138
Trd, 4318607.193, 99
Trd, 4318608.143, 97
Trd, 4318608.543, 81
Trd, 4318609.943, 117
Trd, 4318610.343, 138
Trd, 4318611.693, 101
Trd, 4318611.893, 96
Trd, 4318612.593, 107
Trd, 4318612.993, 130
Trd, 4318614.443, 133
Trd, 4318615.993, 131
Trd, 4318616.043, 100
Trd, 4318616.793, 67
Trd, 4318617.143, 70
Trd, 4318618.043, 129
Trd, 4318618.493, 108
Trd, 4318619.093, 120
Trd, 4318620.443, 109
Trd, 4318622.293, 108
Trd, 4318622.443, 100
Trd, 4318622.643, 85
Trd, 4318623.393, 81
Trd, 4318623.943, 136
Trd, 4318624.693, 110
Trd, 4318626.143, 100
Trd, 4318626.293, 95
Trd, 4318626.543, 76
Trd, 4318626.743, 95
Trd, 4318627.243, 116
Trd, 4318627.893, 117
Trd, 4318629.393, 125
Trd, 4318630.643, 108
Trd, 4318631.243, 127
Trd, 4318632.043, 120
Trd, 4318632.643, 120
Trd, 4318632.943, 100
Trd, 4318633.943, 138
Trd, 4318635.443, 98
Trd, 4318635.643, 82
Trd, 4318635.743, 100
Trd, 4318636.643, 121
Trd, 4318637.593, 118
Trd, 4318638.143, 93
Trd, 4318639.543, 117
Trd, 4318639.793, 102
Trd, 4318641.043, 118
Trd, 4318642.543, 108
Trd, 4318642.993, 137
Trd, 4318643.443, 102
Trd, 4318643.993, 120
Trd, 4318644.393, 95
Trd, 4318646.243, 131
Trd, 4318646.743, 83
Trd, 4318648.643, 117
Trd, 4318649.043, 101
Trd, 4318650.293, 133
Trd, 4318651.943, 111
Trd, 4318653.043, 130
Trd, 4318653.193, 139
Trd, 4318654.043, 131
Trd, 4318654.593, 127
Trd, 4318654.943, 123
Trd, 4318656.893, 125
Trd, 4318657.243, 123
Trd, 4318657.843, 107
Trd, 4318658.393, 133
Trd, 4318659.043, 118
Trd, 4318659.593, 102
Trd, 4318660.943, 102
Trd, 4318661.193, 72
Trd, 4318663.093, 103
Trd, 4318663.293, 96
Trd, 4318663.693, 122
Trd, 4318663.943, 125
Trd, 4318665.893, 112
Trd, 4318666.493, 87
Trd, 4318667.593, 139
Trd, 4318667.993, 126
Trd, 4318668.543, 99
Trd, 4318669.343, 101
Trd, 4318669.843, 129
Trd, 4318670.593, 135
Trd, 4318671.743, 78
Trd, 4318673.093, 114
Trd, 4318673.743, 123
Trd, 4318675.143, 92
Trd, 4318675.893, 104
Trd, 4318676.343, 84
Trd, 4318677.643, 95
Trd, 4318677.993, 95
Trd, 4318679.243, 107
Trd, 4318679.443, 105
Trd, 4318679.543, 103
Trd, 4318680.343, 97
Trd, 4318681.043, 87
Trd, 4318682.343, 140
Trd, 4318683.943, 124
Trd, 4318684.093, 128
Trd, 4318684.443, 137
Trd, 4318685.293, 108
Trd, 4318685.343, 108
Trd, 4318685.393, 86
Trd, 4318686.093, 128
Trd, 4318686.343, 92
Trd, 4318686.443, 84
Trd, 4318690.043, 113
Trd, 4318690.843, 136
Trd, 4318691.293, 119
Trd, 4318692.843, 131
Trd, 4318692.993, 121
Trd, 4318693.793, 111
Trd, 4318695.393, 132
Trd, 4318695.543, 132
Trd, 4318696.793, 120
Trd, 4318696.993, 120
Trd, 4318697.593, 112
Trd, 4318699.543, 120
Trd, 4318699.893, 115
Trd, 4318700.493, 112
Trd, 4318700.943, 114
Trd, 4318702.543, 110
Trd, 4318703.043, 127
Trd, 4318703.593, 127
Trd, 4318704.343, 101
Trd, 4318705.443, 121
Trd, 4318705.943, 130
Trd, 4318706.143, 99
Trd, 4318706.343, 71
Trd, 4318706.393, 67
Trd, 4318706.543, 93
Trd, 4318707.443, 131
Trd, 4318710.343, 114
Trd, 4318711.243, 98
Trd, 4318711.743, 107
Trd, 4318712.443, 116
Trd, 4318713.193, 129
Trd, 4318713.243, 121
Trd, 4318713.293, 93
Trd, 4318714.343, 114
Trd, 4318714.693, 100
Trd, 4318714.793, 93
Trd, 4318716.093, 107
Trd, 4318716.393, 99
Trd, 4318717.893, 111
Trd, 4318719.293, 80
Trd, 4318720.043, 94
Trd, 4318720.643, 88
Trd, 4318721.593, 125
Trd, 4318721.643, 98
Trd, 4318723.893, 113
Trd, 4318726.093, 106
Trd, 4318726.293, 127
Trd, 4318726.443, 93
Trd, 4318726.943, 85
Trd, 4318728.443, 123
Trd, 4318730.593, 137
Trd, 4318731.343, 134
Trd, 4318732.193, 127
Trd, 4318732.343, 119
Trd, 4318733.243, 105
Trd, 4318733.393, 118
Trd, 4318734.743, 129
Trd, 4318735.543, 109
Trd, 4318736.643, 115
Trd, 4318737.793, 109
Trd, 4318738.193, 119
Trd, 4318739.143, 95
Trd, 4318739.443, 90
Trd, 4318740.793, 140
Trd, 4318741.243, 132
Trd, 4318741.793, 134
Trd, 4318741.943, 118
Trd, 4318744.593, 127
Trd, 4318745.343, 121
Trd, 4318746.393, 120
Trd, 4318747.693, 114
Trd, 4318748.143, 93
Trd, 4318748.543, 135
Trd, 4318748.993, 92
Trd, 4318750.093, 127
Trd, 4318750.243, 120
Trd, 4318751.193, 115
Trd, 4318751.793, 111
Trd, 4318752.843, 135
Trd, 4318754.043, 122
Trd, 4318754.593, 122
Trd, 4318754.743, 135
Trd, 4318754.843, 105
Trd, 4318755.293, 74
Trd, 4318755.343, 88
Trd, 4318757.143, 62
Trd, 4318757.393, 63
Trd, 4318757.893, 111
Trd, 4318758.793, 126
Trd, 4318760.093, 92
Trd, 4318760.543, 124
Trd, 4318761.293, 94
Trd, 4318761.443, 90
Trd, 4318762.093, 88
Trd, 4318763.493, 81
Trd, 4318764.093, 68
Trd, 4318765.943, 117
Trd, 4318766.043, 129
Trd, 4318766.993, 100
Trd, 4318768.693, 90
Trd, 4318769.793, 89
Trd, 4318769.943, 89
Trd, 4318770.243, 104
Trd, 4318770.593, 119
Trd, 4318771.543, 107
Trd, 4318772.693, 130
Trd, 4318772.893, 119
Trd, 4318773.093, 97
Trd, 4318774.443, 94
Trd, 4318776.343, 136
Trd, 4318777.243, 114
Trd, 4318778.093, 98
Trd, 4318778.143, 91
Trd, 4318781.043, 130
Trd, 4318781.193, 123
Trd, 4318781.843, 105
Trd, 4318782.393, 104
Trd, 4318782.543, 97
Trd, 4318782.693, 133
Trd, 4318785.343, 139
Trd, 4318786.593, 124
Trd, 4318786.643, 109
Trd, 4318786.793, 102
Trd, 4318787.693, 123
Trd, 4318788.493, 107
Trd, 4318789.693, 125
Trd, 4318789.993, 96
Trd, 4318790.943, 140
Trd, 4318792.043, 117
Trd, 4318794.243, 115
Trd, 4318794.543, 102
Trd, 4318795.443, 89
Trd, 4318796.093, 120
Trd, 4318796.293, 98
Trd, 4318797.393, 131
Trd, 4318797.793, 125
Trd, 4318798.043, 121
Trd, 4318798.493, 112
Trd, 4318799.893, 129
Trd, 4318801.793, 139
Trd, 4318801.893, 131
Trd, 4318802.493, 132
Trd, 4318802.993, 80
Trd, 4318805.043, 112
Trd, 4318806.793, 138
Trd, 4318807.043, 128
Trd, 4318807.693, 139
Trd, 4318807.993, 104
Trd, 4318808.793, 120
Trd, 4318809.843, 105
Trd, 4318810.093, 104
Trd, 4318811.543, 96
Trd, 4318811.693, 90
Trd, 4318811.793, 86
Trd, 4318811.993, 66
Trd, 4318812.393, 104
Trd, 4318813.993, 84
Trd, 4318814.693, 76
Trd, 4318815.143, 64
Trd, 4318816.893, 118
Trd, 4318817.093, 67
Trd, 4318817.893, 77
Trd, 4318819.193, 94
Trd, 4318819.643, 90
Trd, 4318821.543, 129
Trd, 4318821.643, 107
Trd, 4318822.193, 87
Trd, 4318824.943, 131
Trd, 4318825.393, 133
Trd, 4318825.743, 119
Trd, 4318826.043, 103
Trd, 4318827.593, 100
Trd, 4318829.743, 122
Trd, 4318830.093, 110
Trd, 4318831.143, 104
Trd, 4318831.693, 68
Trd, 4318832.243, 67
Trd, 4318833.493, 132
Trd, 4318833.543, 120
Trd, 4318833.643, 113
Trd, 4318833.893, 112
Trd, 4318834.743, 100
Trd, 4318837.343, 116
Trd, 4318838.143, 130
Trd, 4318838.293, 117
Trd, 4318838.943, 99
Trd, 4318840.493, 70
Trd, 4318840.543, 124
Trd, 4318843.643, 119
Trd, 4318843.693, 113
Trd, 4318843.893, 110
Trd, 4318844.243, 128
Trd, 4318844.943, 105
Trd, 4318845.343, 65
Trd, 4318846.193, 88
Trd, 4318847.193, 127
Trd, 4318847.743, 137
Trd, 4318849.043, 124
Trd, 4318850.943, 108
Trd, 4318851.143, 100
Trd, 4318851.193, 118
Trd, 4318852.143, 111
Trd, 4318852.993, 130
Trd, 4318854.393, 105
Trd, 4318854.693, 117
Trd, 4318854.793, 98
Trd, 4318855.093, 138
Trd, 4318856.043, 77
Trd, 4318856.393, 98
Trd, 4318857.193, 113
Trd, 4318859.193, 127
Trd, 4318859.343, 118
Trd, 4318859.493, 116
Trd, 4318860.793, 136
Trd, 4318860.943, 134
Trd, 4318860.993, 93
Trd, 4318863.593, 109
Trd, 4318863.843, 111
Trd, 4318865.443, 116
Trd, 4318867.643, 127
Trd, 4318868.293, 139
Trd, 4318868.643, 133
Trd, 4318869.443, 131
Trd, 4318869.493, 105
Trd, 4318870.243, 98
Trd, 4318871.643, 119
Trd, 4318871.893, 90
Trd, 4318873.893, 138
Trd, 4318874.093, 127
Trd, 4318874.393, 92
Trd, 4318874.893, 92
Trd, 4318875.743, 82
Trd, 4318876.943, 101
Trd, 4318877.343, 132
Trd, 4318877.543, 138
Trd, 4318877.593, 80
Trd, 4318877.893, 77
Trd, 4318878.943, 126
Trd, 4318879.793, 132
Trd, 4318880.693, 97
Trd, 4318880.893, 118
Trd, 4318882.343, 104
Trd, 4318882.393, 82
Trd, 4318885.643, 135
Trd, 4318886.393, 107
Trd, 4318886.543, 99
Trd, 4318888.093, 128
Trd, 4318888.593, 132
Trd, 4318888.693, 132
Trd, 4318891.593, 111
Trd, 4318891.993, 107
Trd, 4318893.043, 82
Trd, 4318893.093, 84
Trd, 4318893.443, 79
Trd, 4318894.493, 103
Trd, 4318894.743, 99
Trd, 4318894.993, 140
Trd, 4318896.293, 97
Trd, 4318896.993, 72
Trd, 4318897.843, 111
Trd, 4318897.993, 96
Trd, 4318898.993, 100
Trd, 4318899.193, 95
Trd, 4318900.843, 86
Trd, 4318901.543, 100
Trd, 4318901.743, 94
Trd, 4318902.693, 127
Trd, 4318903.543, 101
Trd, 4318905.043, 115
Trd, 4318905.693, 100
Trd, 4318905.943, 100
Trd, 4318906.993, 64
Trd, 4318907.543, 61
Trd, 4318908.943, 81
Trd, 4318909.643, 138
Trd, 4318910.643, 90
Trd, 4318910.793, 84
Trd, 4318911.393, 90
Trd, 4318912.443, 115
Trd, 4318912.743, 79
Trd, 4318913.193, 108
Trd, 4318914.593, 126
Trd, 4318916.993, 113
Trd, 4318917.093, 103
Trd, 4318917.893, 131
Trd, 4318919.243, 109
Trd, 4318920.143, 134
Trd, 4318920.193, 139
Trd, 4318920.393, 123
Trd, 4318920.593, 104
Trd, 4318920.943, 97
Trd, 4318920.993, 86
Trd, 4318921.243, 70
Trd, 4318922.393, 110
Trd, 4318923.693, 128
Trd, 4318925.043, 128
Trd, 4318925.993, 138
Trd, 4318927.093, 109
Trd, 4318928.743, 82
Trd, 4318928.943, 76
Trd, 4318929.343, 74
Trd, 4318930.293, 138
Trd, 4318930.793, 135
Trd, 4318931.543, 136
Trd, 4318932.443, 140
Trd, 4318933.043, 132
Trd, 4318934.843, 126
Trd, 4318935.843, 140
Trd, 4318935.943, 114
Trd, 4318936.993, 135
Trd, 4318938.293, 119
Trd, 4318938.343, 109
Trd, 4318938.943, 132
Trd, 4318939.343, 136
Trd, 4318940.893, 119
Trd, 4318940.943, 104
Trd, 4318942.843, 116
Trd, 4318943.793, 95
Trd, 4318944.193, 87
Trd, 4318944.593, 86
Trd, 4318944.943, 84
Trd, 4318945.643, 109
Trd, 4318946.693, 107
Trd, 4318947.593, 134
Trd, 4318947.693, 118
Trd, 4318947.793, 116
Trd, 4318949.393, 113
Trd, 4318949.493, 101
Trd, 4318950.793, 122
Trd, 4318951.493, 94
Trd, 4318951.793, 130
Trd, 4318953.243, 124
Trd, 4318954.093, 113
Trd, 4318955.443, 137
Trd, 4318955.693, 139
Trd, 4318955.743, 111
Trd, 4318956.193, 119
Trd, 4318957.193, 131
Trd, 4318957.293, 121
Trd, 4318959.643, 138
Trd, 4318960.443, 116
Trd, 4318960.743, 114
Trd, 4318963.393, 135
Trd, 4318964.693, 98
Trd, 4318965.243, 86
Trd, 4318965.593, 112
Trd, 4318965.943, 117
Trd, 4318966.343, 137
Trd, 4318967.443, 128
Trd, 4318968.193, 118
Trd, 4318969.443, 102
Trd, 4318971.143, 126
Trd, 4318971.293, 124
Trd, 4318971.993, 106
Trd, 4318972.943, 89
Trd, 4318973.193, 96
Trd, 4318973.343, 96
Trd, 4318973.793, 97
Trd, 4318974.093, 125
Trd, 4318974.193, 80
Trd, 4318974.993, 80
Trd, 4318976.893, 108
Trd, 4318977.343, 104
Trd, 4318977.943, 101
Trd, 4318978.643, 89
Trd, 4318979.893, 98
Trd, 4318981.493, 113
Trd, 4318981.743, 134
Trd, 4318981.993, 112
Trd, 4318982.593, 96
Trd, 4318983.293, 93
Trd, 4318984.743, 89
Trd, 4318984.993, 118
Trd, 4318985.593, 69
Trd, 4318986.693, 79
Trd, 4318987.293, 124
Trd, 4318987.893, 109
Trd, 4318989.893, 136
Trd, 4318990.693, 114
Trd, 4318991.193, 98
Trd, 4318991.443, 92
Trd, 4318992.543, 135
Trd, 4318992.693, 77
Trd, 4318994.443, 110
Trd, 4318995.843, 96
Trd, 4318995.893, 95
Trd, 4318996.293, 106
Trd, 4318996.793, 92
Trd, 4318996.943, 112
Trd, 4318997.943, 112
Trd, 4318998.143, 86
Trd, 4319000.243, 135
Trd, 4319001.093, 122
Trd, 4319001.793, 119
Trd, 4319001.993, 119
Trd, 4319002.493, 98
Trd, 4319003.593, 70
Trd, 4319003.743, 96
Trd, 4319004.343, 96
Trd, 4319005.393, 93
Trd, 4319005.793, 92
Trd, 4319007.243, 138
Trd, 4319007.443, 133
Trd, 4319008.243, 136
Trd, 4319008.393, 117
Trd, 4319009.643, 115
Trd, 4319009.843, 95
Trd, 4319010.043, 127
Trd, 4319010.693, 77
Trd, 4319011.543, 81
Trd, 4319012.843, 75
Trd, 4319013.943, 118
Trd, 4319014.493, 129
Trd, 4319016.143, 118
Trd, 4319016.193, 109
Trd, 4319016.443, 87
Trd, 4319016.843, 126
Trd, 4319017.343, 117
Trd, 4319017.443, 86
Trd, 4319019.293, 98
Trd, 4319019.393, 81
Trd, 4319019.993, 60
Trd, 4319021.393, 135
Trd, 4319022.493, 126
Trd, 4319023.043, 136
Trd, 4319023.093, 113
Trd, 4319023.243, 109
Trd, 4319026.243, 125
Trd, 4319026.543, 118
Trd, 4319027.093, 93
Trd, 4319028.193, 132
Trd, 4319028.243, 99
Trd, 4319028.843, 123
Trd, 4319030.693, 125
Trd, 4319030.843, 121
Trd, 4319031.843, 133
Trd, 4319032.043, 114
Trd, 4319032.743, 139
Trd, 4319034.293, 105
Trd, 4319034.743, 112
Trd, 4319034.893, 86
Trd, 4319035.143, 114
Trd, 4319035.943, 113
Trd, 4319038.843, 132
Trd, 4319038.993, 131
Trd, 4319039.543, 119
Trd, 4319039.843, 119
Trd, 4319042.393, 94
Trd, 4319043.593, 89
Trd, 4319044.443, 103
Trd, 4319044.593, 101
Trd, 4319045.043, 132
Trd, 4319045.993, 99
Trd, 4319046.243, 88
Trd, 4319046.393, 105
Trd, 4319047.143, 93
Trd, 4319047.543, 90
Trd, 4319048.143, 130
Trd, 4319049.593, 109
Trd, 4319051.093, 130
Trd, 4319051.393, 124
Trd, 4319051.643, 113
Trd, 4319052.093, 120
Trd, 4319052.743, 82
Trd, 4319053.743, 131
Trd, 4319054.443, 107
Trd, 4319054.643, 126
Trd, 4319056.693, 125
Trd, 4319057.643, 124
Trd, 4319057.693, 122
Trd, 4319057.793, 114
Trd, 4319060.843, 109
Trd, 4319061.243, 98
Trd, 4319062.243, 139
Trd, 4319062.493, 126
Trd, 4319063.543, 109
Trd, 4319063.793, 126
Trd, 4319064.793, 66
Trd, 4319064.943, 71
Trd, 4319065.543, 103
Trd, 4319066.293, 69
Trd, 4319066.393, 85
Trd, 4319067.243, 123
Trd, 4319067.793, 123
Trd, 4319069.643, 117
Trd, 4319070.343, 112
Trd, 4319070.543, 102
Trd, 4319071.493, 134
Trd, 4319072.493, 134
Trd, 4319073.343, 92
Trd, 4319073.843, 117
Trd, 4319074.743, 83
Trd, 4319076.593, 130
Trd, 4319076.993, 113
Trd, 4319077.093, 111
Trd, 4319078.593, 132
Trd, 4319079.593, 133
Trd, 4319079.643, 110
Trd, 4319080.843, 85
Trd, 4319080.993, 109
Trd, 4319081.643, 121
Trd, 4319083.293, 134
Trd, 4319084.793, 105
Trd, 4319085.293, 98
Trd, 4319086.093, 94
Trd, 4319086.643, 93
Trd, 4319087.093, 95
Trd, 4319087.193, 131
Trd, 4319087.293, 85
Trd, 4319088.993, 123
Trd, 4319090.693, 72
Trd, 4319090.743, 89
Trd, 4319090.943, 97
Trd, 4319091.593, 108
Trd, 4319092.043, 113
Trd, 4319092.343, 133
Trd, 4319093.693, 125
Trd, 4319095.193, 117
Trd, 4319096.193, 127
Trd, 4319096.693, 123
Trd, 4319097.343, 115
Trd, 4319099.043, 128
Trd, 4319099.093, 93
Trd, 4319099.943, 119
Trd, 4319101.093, 122
Trd, 4319102.093, 111
Trd, 4319102.943, 133
Trd, 4319103.393, 126
Trd, 4319105.693, 116
Trd, 4319105.943, 111
Trd, 4319106.043, 86
Trd, 4319106.693, 126
Trd, 4319107.543, 84
Trd, 4319107.743, 77
Trd, 4319109.193, 77
Trd, 4319109.443, 63
Trd, 4319110.243, 121
Trd, 4319111.693, 119
Trd, 4319113.843, 139
Trd, 4319114.093, 132
Trd, 4319114.843, 127
Trd, 4319117.293, 139
Trd, 4319117.393, 134
Trd, 4319118.693, 123
Trd, 4319119.143, 99
Trd, 4319119.593, 88
Trd, 4319119.743, 128
Trd, 4319119.943, 88
Trd, 4319120.593, 121
Trd, 4319121.293, 117
Trd, 4319121.793, 90
Trd, 4319122.143, 76
Trd, 4319122.543, 101
Trd, 4319122.943, 96
Trd, 4319124.743, 140
Trd, 4319124.893, 122
Trd, 4319126.543, 101
Trd, 4319128.393, 119
Trd, 4319128.593, 116
Trd, 4319129.143, 101
Trd, 4319130.343, 135
Trd, 4319130.493, 127
Trd, 4319130.843, 99
Trd, 4319133.943, 132
Trd, 4319134.343, 121
Trd, 4319134.893, 125
Trd, 4319135.193, 124
Trd, 4319136.293, 115
Trd, 4319136.493, 113
Trd, 4319137.993, 107
Trd, 4319138.093, 108
Trd, 4319139.093, 100
Trd, 4319139.843, 133
Trd, 4319140.193, 65
Trd, 4319140.743, 70
Trd, 4319140.843, 112
Trd, 4319144.543, 106
Trd, 4319144.643, 105
Trd, 4319146.293, 140
Trd, 4319148.043, 138
Trd, 4319148.193, 121
Trd, 4319148.493, 110
Trd, 4319149.543, 110
Trd, 4319149.693, 109
Trd, 4319150.893, 126
Trd, 4319151.143, 109
Trd, 4319151.443, 74
Trd, 4319153.193, 108
Trd, 4319153.693, 130
Trd, 4319155.093, 119
Trd, 4319156.143, 119
Trd, 4319156.743, 127
Trd, 4319157.643, 91
Trd, 4319158.443, 81
Trd, 4319159.143, 81
Trd, 4319161.243, 132
Trd, 4319161.893, 110
Trd, 4319162.443, 95
Trd, 4319163.193, 97
Trd, 4319163.293, 93
Trd, 4319163.943, 72
Trd, 4319164.743, 92
Trd, 4319166.193, 118
Trd, 4319166.893, 137
Trd, 4319166.943, 115
Trd, 4319167.743, 125
Trd, 4319168.993, 140
Trd, 4319169.243, 126
Trd, 4319169.393, 94
Trd, 4319169.893, 97
Trd, 4319170.593, 112
Trd, 4319172.243, 125
Trd, 4319174.043, 136
Trd, 4319174.193, 135
Trd, 4319174.493, 122
Trd, 4319175.393, 115
Trd, 4319175.943, 128
Trd, 4319176.943, 112
Trd, 4319178.893, 109
Trd, 4319179.043, 105
Trd, 4319179.193, 122
Trd, 4319179.743, 84
Trd, 4319180.793, 92
Trd, 4319181.293, 82
Trd, 4319181.793, 125
Trd, 4319181.893, 125
Trd, 4319184.093, 123
Trd, 4319184.293, 97
Trd, 4319184.443, 86
Trd, 4319185.193, 104
Trd, 4319186.943, 122
Trd, 4319187.243, 96
Trd, 4319187.743, 123
Trd, 4319187.843, 89
Trd, 4319188.493, 113
Trd, 4319188.543, 123
Trd, 4319189.643, 96
Trd, 4319189.743, 87
Trd, 4319189.843, 114
Trd, 4319191.393, 75
Trd, 4319192.293, 106
Trd, 4319192.793, 88
Trd, 4319193.193, 69
Trd, 4319195.943, 92
Trd, 4319196.743, 116
Trd, 4319196.843, 111
Trd, 4319198.143, 127
Trd, 4319198.643, 92
Trd, 4319198.793, 88
Trd, 4319200.143, 99
Trd, 4319200.243, 112
Trd, 4319200.293, 96
Trd, 4319202.293, 129
Trd, 4319202.393, 129
Trd, 4319202.593, 140
Trd, 4319202.893, 116
Trd, 4319203.443, 87
Trd, 4319204.243, 87
Trd, 4319205.893, 115
Trd, 4319206.593, 131
Trd, 4319207.843, 124
Trd, 4319208.843, 126
Trd, 4319209.693, 109
Trd, 4319210.243, 103
Trd, 4319210.443, 136
Trd, 4319211.493, 104
Trd, 4319212.493, 115
Trd, 4319213.243, 125
Trd, 4319213.693, 94
Trd, 4319214.443, 138
Trd, 4319214.543, 97
Trd, 4319215.243, 102
Trd, 4319216.043, 105
Trd, 4319216.793, 137
Trd, 4319217.593, 116
Trd, 4319218.043, 76
Trd, 4319218.593, 122
Trd, 4319219.343, 104
Trd, 4319220.143, 122
Trd, 4319221.043, 98
Trd, 4319221.093, 91
Trd, 4319222.893, 127
Trd, 4319223.343, 109
Trd, 4319223.543, 107
Trd, 4319224.893, 131
Trd, 4319225.093, 114
Trd, 4319227.293, 133
Trd, 4319228.143, 127
Trd, 4319229.293, 118
Trd, 4319230.043, 138
Trd, 4319230.343, 112
Trd, 4319230.493, 111
Trd, 4319232.643, 120
Trd, 4319232.843, 88
Trd, 4319233.843, 94
Trd, 4319233.943, 80
Trd, 4319234.943, 126
Trd, 4319235.493, 78
Trd, 4319236.543, 68
Trd, 4319236.643, 98
Trd, 4319237.043, 77
Trd, 4319238.743, 85
Trd, 4319239.993, 70
Trd, 4319240.143, 78
Trd, 4319240.743, 60
Trd, 4319241.143, 71
Trd, 4319243.143, 76
Trd, 4319243.193, 77
Trd, 4319244.743, 60
Trd, 4319245.743, 60
Trd, 4319246.643, 91
Trd, 4319247.943, 80
Trd, 4319248.893, 131
Trd, 4319249.593, 131
Trd, 4319251.543, 105
Trd, 4319251.843, 101
Trd, 4319251.893, 99
Trd, 4319252.343, 105
Trd, 4319252.393, 94
Trd, 4319254.043, 101
Trd, 4319255.693, 120
Trd, 4319256.093, 126
Trd, 4319256.543, 84
Trd, 4319257.693, 97
Trd, 4319258.443, 92
Trd, 4319258.643, 79
Trd, 4319260.693, 98
Trd, 4319261.443, 135
Trd, 4319263.943, 100
Trd, 4319264.393, 93
Trd, 4319264.543, 82
Trd, 4319265.343, 100
Trd, 4319266.193, 122
Trd, 4319267.993, 92
Trd, 4319268.693, 114
Trd, 4319270.243, 139
Trd, 4319271.893, 140
Trd, 4319271.993, 139
Trd, 4319272.043, 119
Trd, 4319272.943, 109
Trd, 4319273.993, 83
Trd, 4319274.493, 91
Trd, 4319274.693, 133
Trd, 4319277.043, 139
Trd, 4319277.243, 100
Trd, 4319277.693, 109
Trd, 4319277.843, 111
Trd, 4319278.343, 84
Trd, 4319278.493, 98
Trd, 4319279.643, 135
Trd, 4319280.843, 83
Trd, 4319282.293, 117
Trd, 4319282.943, 113
Trd, 4319283.443, 113
Trd, 4319283.593, 109
Trd, 4319284.243, 138
Trd, 4319285.693, 134
Trd, 4319286.143, 130
Trd, 4319286.893, 123
Trd, 4319287.843, 130
Trd, 4319289.993, 94
Trd, 4319291.193, 107
Trd, 4319292.043, 137
Trd, 4319292.643, 125
Trd, 4319293.093, 108
Trd, 4319294.193, 92
Trd, 4319294.793, 107
Trd, 4319295.243, 138
Trd, 4319295.993, 103
Trd, 4319296.493, 110
Trd, 4319296.543, 102
Trd, 4319297.143, 109
Trd, 4319298.043, 80
Trd, 4319298.543, 75
Trd, 4319300.493, 78
Trd, 4319300.943, 99
Trd, 4319301.043, 115
Trd, 4319301.543, 119
Trd, 4319302.443, 131
Trd, 4319302.993, 119
Trd, 4319304.293, 126
Trd, 4319306.393, 97
Trd, 4319306.693, 103
Trd, 4319306.893, 90
Trd, 4319307.043, 104
Trd, 4319307.843, 92
Trd, 4319308.243, 79
Trd, 4319309.893, 115
Trd, 4319310.343, 107
Trd, 4319310.443, 92
Trd, 4319311.443, 126
Trd, 4319311.743, 86
Trd, 4319312.543, 133
Trd, 4319313.743, 107
Trd, 4319314.293, 104
Trd, 4319317.793, 138
Trd, 4319318.193, 119
Trd, 4319318.493, 83
Trd, 4319319.443, 126
Trd, 4319320.093, 139
Trd, 4319320.743, 118
Trd, 4319321.643, 119
Trd, 4319321.693, 101
Trd, 4319323.243, 84
Trd, 4319325.593, 94
Trd, 4319325.743, 94
Trd, 4319325.943, 74
Trd, 4319325.993, 61
Trd, 4319326.793, 76
Trd, 4319327.393, 105
Trd, 4319327.443, 105
Trd, 4319328.743, 138
Trd, 4319329.093, 84
Trd, 4319329.743, 80
Trd, 4319331.643, 85
Trd, 4319332.043, 72
Trd, 4319332.193, 72
Trd, 4319332.393, 68
Trd, 4319333.543, 68
Trd, 4319333.643, 100
Trd, 4319334.643, 135
Trd, 4319337.543, 99
Trd, 4319338.043, 99
Trd, 4319338.343, 137
Trd, 4319339.243, 109
Trd, 4319339.443, 104
Trd, 4319340.743, 103
Trd, 4319341.343, 110
Trd, 4319341.893, 111
Trd, 4319342.443, 116
Trd, 4319343.993, 75
Trd, 4319344.143, 97
Trd, 4319344.743, 61
Trd, 4319345.193, 61
Trd, 4319345.943, 108
Trd, 4319346.993, 122
Trd, 4319347.543, 103
Trd, 4319348.193, 134
Trd, 4319349.043, 116
Trd, 4319350.393, 102
Trd, 4319350.843, 110
Trd, 4319351.543, 134
Trd, 4319351.693, 114
Trd, 4319352.093, 113
Trd, 4319353.143, 129
Trd, 4319353.343, 94
Trd, 4319354.743, 76
Trd, 4319354.843, 75
Trd, 4319356.493, 124
Trd, 4319358.043, 135
Trd, 4319358.493, 107
Trd, 4319360.293, 114
Trd, 4319360.443, 100
Trd, 4319360.893, 136
Trd, 4319361.193, 106
Trd, 4319361.643, 86
Trd, 4319362.443, 63
Trd, 4319362.993, 71
Trd, 4319363.243, 77
Trd, 4319363.793, 85
Trd, 4319365.893, 92
Trd, 4319366.293, 118
Trd, 4319367.043, 115
Trd, 4319367.443, 119
Trd, 4319368.243, 109
Trd, 4319369.193, 139
Trd, 4319369.243, 98
Trd, 4319371.093, 122
Trd, 4319372.293, 85
Trd, 4319372.693, 96
Trd, 4319372.893, 101
Trd, 4319373.493, 111
Trd, 4319373.843, 103
Trd, 4319375.443, 136
Trd, 4319375.893, 91
Trd, 4319377.243, 120
Trd, 4319377.943, 103
Trd, 4319378.343, 122
Trd, 4319379.193, 133
Trd, 4319379.693, 137
Trd, 4319380.093, 136
Trd, 4319383.443, 112
Trd, 4319383.543, 108
Trd, 4319384.443, 78
Trd, 4319384.593, 130
Trd, 4319385.093, 112
Trd, 4319385.343, 91
Trd, 4319386.093, 125
Trd, 4319386.343, 91
Trd, 4319387.943, 111
Trd, 4319389.293, 132
Trd, 4319389.793, 87
Trd, 4319389.893, 64
Trd, 4319391.093, 112
Trd, 4319391.693, 118
Trd, 4319391.843, 102
Trd, 4319392.293, 73
Trd, 4319392.743, 94
Trd, 4319394.443, 128
Trd, 4319394.543, 116
Trd, 4319394.793, 110
Trd, 4319397.243, 134
Trd, 4319397.293, 111
Trd, 4319397.893, 102
Trd, 4319398.493, 99
Trd, 4319398.543, 100
Trd, 4319399.193, 110
Trd, 4319399.593, 116
Trd, 4319401.093, 126
Trd, 4319402.643, 136
Trd, 4319403.443, 114
Trd, 4319404.343, 117
Trd, 4319404.393, 108
Trd, 4319404.593, 78
Trd, 4319405.993, 92
Trd, 4319407.193, 95
Trd, 4319407.493, 129
Trd, 4319407.593, 122
Trd, 4319407.643, 86
Trd, 4319408.643, 133
Trd, 4319410.243, 113
Trd, 4319412.293, 128
Trd, 4319412.343, 117
Trd, 4319412.993, 105
Trd, 4319413.593, 90
Trd, 4319413.943, 114
Trd, 4319415.443, 122
Trd, 4319415.643, 98
Trd, 4319416.043, 109
Trd, 4319417.193, 76
Trd, 4319417.843, 74
Trd, 4319418.293, 125
Trd, 4319419.243, 123
Trd, 4319420.693, 117
Trd, 4319421.943, 133
Trd, 4319422.193, 122
Trd, 4319424.843, 130
Trd, 4319424.943, 103
Trd, 4319425.043, 96
Trd, 4319425.493, 94
Trd, 4319426.443, 128
Trd, 4319426.843, 98
Trd, 4319428.193, 92
Trd, 4319428.743, 113
Trd, 4319430.243, 111
Trd, 4319431.793, 132
Trd, 4319432.093, 83
Trd, 4319432.193, 82
Trd, 4319433.343, 122
Trd, 4319435.343, 89
Trd, 4319435.793, 129
Trd, 4319435.893, 127
Trd, 4319436.243, 103
Trd, 4319437.193, 107
Trd, 4319438.193, 93
Trd, 4319440.543, 118
Trd, 4319440.593, 113
Trd, 4319442.243, 97
Trd, 4319443.493, 93
Trd, 4319445.143, 138
Trd, 4319445.643, 125
Trd, 4319445.843, 106
Trd, 4319446.643, 92
Trd, 4319447.443, 128
Trd, 4319447.643, 111
Trd, 4319449.043, 90
Trd, 4319449.543, 136
Trd, 4319450.943, 84
Trd, 4319451.643, 71
Trd, 4319452.143, 82
Trd, 4319453.443, 132
Trd, 4319453.843, 138
Trd, 4319455.443, 100
Trd, 4319456.043, 90
Trd, 4319457.343, 75
Trd, 4319457.993, 85
Trd, 4319459.143, 89
Trd, 4319459.243, 75
Trd, 4319459.893, 138
Trd, 4319460.793, 118
Trd, 4319461.593, 71
Trd, 4319462.793, 129
Trd, 4319463.243, 115
Trd, 4319464.993, 93
Trd, 4319465.793, 79
Trd, 4319466.743, 89
Trd, 4319467.093, 125
Trd, 4319467.493, 121
Trd, 4319467.643, 112
Trd, 4319469.243, 134
Trd, 4319471.443, 125
Trd, 4319472.793, 112
Trd, 4319472.843, 105
Trd, 4319473.243, 134
Trd, 4319473.743, 127
Trd, 4319476.093, 105
Trd, 4319476.243, 98
Trd, 4319476.643, 107
Trd, 4319478.443, 127
Trd, 4319480.293, 117
Trd, 4319480.793, 94
Trd, 4319481.393, 104
Trd, 4319481.593, 80
Trd, 4319482.093, 94
Trd, 4319482.293, 110
Trd, 4319483.093, 98
Trd, 4319485.143, 136
Trd, 4319485.443, 136
Trd, 4319485.543, 125
Trd, 4319485.993, 135
Trd, 4319486.143, 79
Trd, 4319488.293, 133
Trd, 4319489.193, 97
Trd, 4319490.793, 129
Trd, 4319490.843, 117
Trd, 4319491.243, 129
Trd, 4319491.993, 96
Trd, 4319492.193, 96
Trd, 4319492.543, 109
Trd, 4319492.743, 91
Trd, 4319492.993, 128
Trd, 4319495.293, 83
Trd, 4319495.593, 65
Trd, 4319495.793, 93
Trd, 4319497.293, 117
Trd, 4319497.443, 117
Trd, 4319497.943, 112
Trd, 4319498.193, 103
Trd, 4319498.443, 117
Trd, 4319499.893, 132
Trd, 4319502.743, 115
Trd, 4319505.643, 126
Trd, 4319505.743, 113
Trd, 4319505.943, 111
Trd, 4319507.343, 98
Trd, 4319508.693, 119
Trd, 4319509.293, 133
Trd, 4319509.793, 127
Trd, 4319510.393, 98
Trd, 4319511.293, 89
Trd, 4319512.943, 95
Trd, 4319513.043, 109
Trd, 4319514.593, 106
Trd, 4319515.943, 117
Trd, 4319518.643, 106
Trd, 4319518.743, 85
Trd, 4319518.843, 80
Trd, 4319520.093, 93
Trd, 4319520.343, 114
Trd, 4319520.793, 129
Trd, 4319520.993, 129
Trd, 4319521.093, 93
Trd, 4319522.643, 130
Trd, 4319524.643, 102
Trd, 4319525.243, 102
Trd, 4319526.143, 88
Trd, 4319526.343, 69
Trd, 4319526.993, 84
Trd, 4319527.393, 109
Trd, 4319528.293, 74
Trd, 4319529.693, 105
Trd, 4319530.593, 105
Trd, 4319530.743, 96
Trd, 4319531.093, 118
Trd, 4319532.243, 86
Trd, 4319532.743, 138
Trd, 4319533.993, 111
Trd, 4319534.043, 106
Trd, 4319534.543, 97
Trd, 4319536.293, 107
Trd, 4319537.243, 91
Trd, 4319537.443, 90
Trd, 4319537.793, 95
Trd, 4319538.043, 96
Trd, 4319538.843, 121
Trd, 4319539.343, 106
Trd, 4319542.693, 113
Trd, 4319543.093, 111
Trd, 4319544.543, 125
Trd, 4319546.593, 135
Trd, 4319546.843, 126
Trd, 4319547.693, 111
Trd, 4319548.593, 137
Trd, 4319548.793, 125
Trd, 4319549.243, 130
Trd, 4319549.943, 129
Trd, 4319551.143, 130
Trd, 4319552.293, 102
Trd, 4319552.893, 93
Trd, 4319554.243, 102
Trd, 4319554.843, 127
Trd, 4319555.693, 117
Trd, 4319556.643, 104
Trd, 4319557.043, 88
Trd, 4319557.793, 60
Trd, 4319557.843, 90
Trd, 4319558.343, 70
Trd, 4319558.993, 70
Trd, 4319559.943, 123
Trd, 4319561.043, 114
Trd, 4319561.293, 110
Trd, 4319561.993, 84
Trd, 4319562.593, 122
Trd, 4319563.693, 73
Trd, 4319565.843, 129
Trd, 4319567.443, 124
Trd, 4319567.493, 115
Trd, 4319568.093, 121
Trd, 4319569.043, 134
Trd, 4319570.043, 112
Trd, 4319570.743, 126
Trd, 4319571.643, 137
Trd, 4319571.693, 117
Trd, 4319572.043, 105
Trd, 4319572.993, 128
Trd, 4319573.193, 78
Trd, 4319573.643, 90
Trd, 4319574.193, 135
Trd, 4319575.643, 63
Trd, 4319575.693, 123
Trd, 4319578.593, 90
Trd, 4319579.043, 104
Trd, 4319580.443, 102
Trd, 4319580.893, 77
Trd, 4319582.543, 123
Trd, 4319582.943, 134
Trd, 4319582.993, 115
Trd, 4319583.343, 133
Trd, 4319583.393, 105
Trd, 4319586.043, 113
Trd, 4319586.393, 134
Trd, 4319586.493, 135
Trd, 4319586.543, 121
Trd, 4319586.943, 71
Trd, 4319587.343, 110
Trd, 4319587.793, 106
Trd, 4319587.943, 90
Trd, 4319588.693, 85
Trd, 4319591.443, 123
Trd, 4319591.693, 123
Trd, 4319592.093, 115
Trd, 4319593.243, 104
Trd, 4319593.443, 113
Trd, 4319593.893, 120
Trd, 4319595.093, 111
Trd, 4319596.043, 99
Trd, 4319596.743, 115
Trd, 4319596.943, 112
Trd, 4319597.493, 139
Trd, 4319598.343, 121
Trd, 4319599.043, 82
Trd, 4319599.343, 92
Trd, 4319601.143, 96
Trd, 4319601.843, 92
Trd, 4319601.893, 90
Trd, 4319603.843, 117
Trd, 4319604.343, 121
Trd, 4319604.543, 112
Trd, 4319605.843, 111
Trd, 4319606.293, 134
Trd, 4319606.743, 134
Trd, 4319609.093, 139
Trd, 4319609.493, 125
Trd, 4319610.643, 131
Trd, 4319611.543, 92
Trd, 4319612.143, 114
Trd, 4319612.193, 79
Trd, 4319613.493, 106
Trd, 4319614.593, 112
Trd, 4319615.293, 138
Trd, 4319615.993, 112
Trd, 4319616.943, 127
Trd, 4319617.643, 97
Trd, 4319618.943, 137
Trd, 4319619.393, 111
Trd, 4319619.893, 96
Trd, 4319620.143, 94
Trd, 4319621.793, 110
Trd, 4319622.443, 89
Trd, 4319623.693, 101
Trd, 4319624.343, 62
Trd, 4319624.543, 92
Trd, 4319626.593, 103
Trd, 4319628.143, 122
Trd, 4319628.543, 119
Trd, 4319629.943, 104
Trd, 4319631.143, 104
Trd, 4319632.293, 115
Trd, 4319632.693, 117
Trd, 4319633.093, 86
Trd, 4319635.193, 134
Trd, 4319636.443, 125
Trd, 4319637.043, 122
Trd, 4319637.693, 109
Trd, 4319637.943, 103
Trd, 4319638.443, 132
Trd, 4319639.493, 88
Trd, 4319640.593, 135
Trd, 4319640.943, 118
Trd, 4319642.743, 133
Trd, 4319643.793, 131
Trd, 4319643.893, 113
Trd, 4319644.043, 113
Trd, 4319644.443, 112
Trd, 4319646.843, 120
Trd, 4319646.893, 109
Trd, 4319647.643, 105
Trd, 4319648.093, 104
Trd, 4319648.243, 126
Trd, 4319649.593, 99
Trd, 4319650.043, 106
Trd, 4319650.293, 109
Trd, 4319650.343, 82
Trd, 4319652.243, 125
Trd, 4319653.193, 135
Trd, 4319655.743, 133
Trd, 4319656.093, 129
Trd, 4319656.243, 93
Trd, 4319656.443, 84
Trd, 4319657.143, 85
Trd, 4319658.793, 113
Trd, 4319660.793, 132
Trd, 4319661.943, 117
Trd, 4319662.193, 96
Trd, 4319662.643, 117
Trd, 4319662.743, 131
Trd, 4319663.443, 131
Trd, 4319663.843, 94
Trd, 4319665.593, 121
Trd, 4319666.993, 110
Trd, 4319667.293, 94
Trd, 4319669.143, 104
Trd, 4319669.643, 132
Trd, 4319670.543, 89
Trd, 4319672.393, 68
Trd, 4319672.593, 92
Trd, 4319672.843, 65
Trd, 4319673.043, 95
Trd, 4319673.443, 95
Trd, 4319673.693, 107
Trd, 4319675.343, 134
Trd, 4319677.043, 134
Trd, 4319678.143, 127
Trd, 4319678.193, 123
Trd, 4319680.093, 119
Trd, 4319680.393, 115
Trd, 4319680.743, 87
Trd, 4319680.843, 70
Trd, 4319683.093, 70
Trd, 4319683.793, 71
Trd, 4319683.943, 71
Trd, 4319685.043, 113
Trd, 4319685.093, 103
Trd, 4319685.543, 130
Trd, 4319686.293, 133
Trd, 4319687.093, 140
Trd, 4319687.343, 127
Trd, 4319689.993, 130
Trd, 4319690.193, 124
Trd, 4319690.343, 114
Trd, 4319691.393, 119
Trd, 4319692.693, 84
Trd, 4319692.893, 68
Trd, 4319692.943, 71
Trd, 4319694.493, 103
Trd, 4319695.393, 61
Trd, 4319696.243, 133
Trd, 4319696.593, 123
Trd, 4319697.593, 111
Trd, 4319698.893, 96
Trd, 4319699.643, 121
Trd, 4319699.793, 119
Trd, 4319701.093, 122
Trd, 4319701.143, 90
Trd, 4319703.643, 137
Trd, 4319703.693, 126
Trd, 4319704.293, 110
Trd, 4319705.143, 108
Trd, 4319705.443, 119
Trd, 4319706.343, 135
Trd, 4319707.693, 123
Trd, 4319709.293, 140
Trd, 4319710.293, 115
Trd, 4319710.843, 136
Trd, 4319711.093, 104
Trd, 4319711.693, 109
Trd, 4319714.193, 111
Trd, 4319714.793, 112
Trd, 4319716.043, 100
Trd, 4319716.143, 91
Trd, 4319717.343, 92
Trd, 4319717.793, 78
Trd, 4319719.793, 112
Trd, 4319720.043, 99
Trd, 4319720.993, 93
Trd, 4319721.293, 85
Trd, 4319721.843, 88
Trd, 4319721.943, 65
Trd, 4319722.443, 88
Trd, 4319723.293, 74
Trd, 4319724.893, 74
Trd, 4319726.243, 114
Trd, 4319726.943, 120
Trd, 4319727.293, 96
Trd, 4319728.093, 109
Trd, 4319728.593, 108
Trd, 4319728.693, 93
Trd, 4319728.943, 128
Trd, 4319730.093, 135
Trd, 4319730.593, 132
Trd, 4319731.343, 131
Trd, 4319732.343, 105
Trd, 4319732.893, 97
Trd, 4319734.393, 106
Trd, 4319735.043, 96
Trd, 4319735.143, 88
Trd, 4319737.893, 139
Trd, 4319737.993, 133
Trd, 4319738.043, 133
Trd, 4319738.893, 118
Trd, 4319741.143, 131
Trd, 4319742.693, 133
Trd, 4319743.293, 131
Trd, 4319743.443, 121
Trd, 4319744.343, 113
Trd, 4319744.643, 104
Trd, 4319746.793, 114
Trd, 4319747.893, 124
Trd, 4319748.543, 99
Trd, 4319748.743, 125
Trd, 4319749.393, 99
Trd, 4319749.793, 99
Trd, 4319751.093, 120
Trd, 4319751.993, 135
Trd, 4319753.093, 135
Trd, 4319753.243, 132
Trd, 4319753.393, 124
Trd, 4319754.843, 92
Trd, 4319755.193, 108
Trd, 4319758.143, 132
Trd, 4319758.343, 102
Trd, 4319759.043, 123
Trd, 4319759.443, 96
Trd, 4319760.043, 103
Trd, 4319760.243, 89
Trd, 4319761.243, 112
Trd, 4319762.043, 122
Trd, 4319763.093, 137
Trd, 4319765.193, 132
Trd, 4319765.843, 110
Trd, 4319765.993, 126
Trd, 4319766.043, 95
Trd, 4319766.093, 85
Trd, 4319767.743, 136
Trd, 4319767.993, 124
Trd, 4319769.043, 106
Trd, 4319769.293, 103
Trd, 4319769.893, 78
Trd, 4319770.043, 74
Trd, 4319770.793, 91
Trd, 4319770.943, 121
Trd, 4319772.993, 135
Trd, 4319773.243, 132
Trd, 4319773.393, 132
Trd, 4319773.793, 91
Trd, 4319774.193, 72
Trd, 4319775.193, 78
Trd, 4319775.443, 107
Trd, 4319775.893, 135
Trd, 4319776.943, 105
Trd, 4319778.093, 123
Trd, 4319779.093, 119
Trd, 4319779.593, 109
Trd, 4319780.243, 115
Trd, 4319780.343, 86
Trd, 4319781.243, 139
Trd, 4319782.293, 111
Trd, 4319784.543, 132
Trd, 4319785.093, 120
Trd, 4319785.493, 126
Trd, 4319786.243, 89
Trd, 4319786.343, 86
Trd, 4319786.693, 86
Trd, 4319787.343, 94
Trd, 4319788.043, 107
Trd, 4319789.393, 113
Trd, 4319789.793, 125
Trd, 4319790.693, 87
Trd, 4319790.943, 85
Trd, 4319792.243, 130
Trd, 4319793.993, 125
Trd, 4319795.543, 116
Trd, 4319795.793, 125
Trd, 4319796.293, 123
Trd, 4319797.193, 124
Trd, 4319798.493, 140
Trd, 4319799.043, 130
Trd, 4319799.343, 126
Trd, 4319799.743, 129
Trd, 4319800.043, 127
Trd, 4319801.143, 100
Trd, 4319802.143, 100
Trd, 4319802.543, 74
Trd, 4319802.943, 100
Trd, 4319804.343, 118
Trd, 4319804.693, 82
Trd, 4319805.843, 113
Trd, 4319806.093, 103
Trd, 4319807.893, 113
Trd, 4319808.243, 122
Trd, 4319809.293, 134
Trd, 4319810.093, 136
Trd, 4319810.193, 107
Trd, 4319810.693, 102
Trd, 4319812.743, 107
Trd, 4319813.743, 108
Trd, 4319814.543, 138
Trd, 4319814.843, 115
Trd, 4319815.043, 114
Trd, 4319816.343, 113
Trd, 4319816.893, 97
Trd, 4319818.093, 66
Trd, 4319819.093, 62
Trd, 4319819.143, 67
Trd, 4319820.193, 64
Trd, 4319820.543, 67
Trd, 4319820.593, 70
Trd, 4319821.093, 71
Trd, 4319822.793, 128
Trd, 4319823.943, 121
Trd, 4319826.293, 96
Trd, 4319826.443, 92
Trd, 4319826.643, 85
Trd, 4319827.193, 127
Trd, 4319827.843, 116
Trd, 4319827.993, 92
Trd, 4319828.743, 137
Trd, 4319829.943, 116
Trd, 4319830.793, 68
Trd, 4319832.943, 114
Trd, 4319833.343, 117
Trd, 4319834.443, 112
Trd, 4319835.143, 121
Trd, 4319836.293, 107
Trd, 4319836.343, 100
Trd, 4319836.443, 95
Trd, 4319836.743, 81
Trd, 4319837.293, 64
Trd, 4319838.393, 128
Trd, 4319838.493, 119
Trd, 4319838.543, 90
Trd, 4319841.243, 136
Trd, 4319841.393, 135
Trd, 4319841.793, 90
Trd, 4319842.243, 83
Trd, 4319843.693, 121
Trd, 4319845.493, 109
Trd, 4319845.543, 91
Trd, 4319845.743, 87
Trd, 4319845.893, 86
Trd, 4319846.943, 109
Trd, 4319847.193, 98
Trd, 4319849.343, 127
Trd, 4319849.943, 131
Trd, 4319850.893, 136
Trd, 4319850.943, 124
Trd, 4319851.693, 116
Trd, 4319851.993, 109
Trd, 4319853.393, 113
Trd, 4319854.443, 138
Trd, 4319855.043, 101
Trd, 4319855.543, 91
Trd, 4319856.143, 97
Trd, 4319858.093, 66
Trd, 4319858.643, 101
Trd, 4319858.943, 65
Trd, 4319859.593, 61
Trd, 4319859.943, 83
Trd, 4319861.893, 106
Trd, 4319862.293, 125
Trd, 4319863.993, 132
Trd, 4319864.293, 102
Trd, 4319866.893, 115
Trd, 4319867.343, 116
Trd, 4319867.493, 99
Trd, 4319867.743, 95
Trd, 4319868.293, 95
Trd, 4319869.043, 100
Trd, 4319870.093, 95
Trd, 4319870.143, 78
Trd, 4319872.043, 132
Trd, 4319872.093, 121
Trd, 4319872.593, 115
Trd, 4319873.843, 135
Trd, 4319874.693, 86
Trd, 4319874.993, 97
Trd, 4319875.693, 117
Trd, 4319877.743, 103
Trd, 4319878.043, 99
Trd, 4319878.543, 134
Trd, 4319878.793, 61
Trd, 4319880.393, 136
Trd, 4319880.993, 104
Trd, 4319882.043, 118
Trd, 4319883.743, 116
Trd, 4319883.793, 120
Trd, 4319885.143, 136
Trd, 4319885.793, 98
Trd, 4319886.093, 93
Trd, 4319887.643, 109
Trd, 4319888.293, 97
Trd, 4319889.393, 115
Trd, 4319890.743, 120
Trd, 4319890.843, 120
Trd, 4319891.443, 112
Trd, 4319892.993, 108
Trd, 4319893.093, 121
Trd, 4319893.493, 100
Trd, 4319894.943, 67
Trd, 4319894.993, 65
Trd, 4319895.393, 140
Trd, 4319895.793, 110
Trd, 4319896.893, 100
Trd, 4319897.293, 94
Trd, 4319899.143, 90
Trd, 4319899.543, 105
Trd, 4319899.843, 77
Trd, 4319900.143, 116
Trd, 4319901.143, 123
Trd, 4319901.393, 112
Trd, 4319902.793, 115
Trd, 4319903.943, 109
Trd, 4319903.993, 108
Trd, 4319904.093, 94
Trd, 4319905.343, 112
Trd, 4319905.793, 109
Trd, 4319907.043, 115
Trd, 4319907.143, 92
Trd, 4319908.343, 109
Trd, 4319909.143, 122
Trd, 4319909.943, 102
Trd, 4319910.793, 87
Trd, 4319912.443, 64
Trd, 4319912.593, 64
Trd, 4319914.293, 82
Trd, 4319915.743, 128
Trd, 4319916.293, 118
Trd, 4319916.643, 104
Trd, 4319918.293, 120
Trd, 4319918.643, 114
Trd, 4319919.593, 129
Trd, 4319920.193, 94
Trd, 4319922.893, 113
Trd, 4319924.493, 119
Trd, 4319924.793, 101
Trd, 4319925.143, 124
Trd, 4319926.693, 125
Trd, 4319927.043, 138
Trd, 4319927.793, 116
Trd, 4319928.093, 135
Trd, 4319929.243, 93
Trd, 4319929.343, 122
Trd, 4319930.493, 101
Trd, 4319931.743, 97
Trd, 4319932.843, 92
Trd, 4319934.243, 109
Trd, 4319934.493, 89
Trd, 4319934.893, 129
Trd, 4319935.093, 128
Trd, 4319936.543, 129
Trd, 4319936.893, 118
Trd, 4319937.293, 80
Trd, 4319938.543, 80
Trd, 4319940.893, 128
Trd, 4319941.943, 140
Trd, 4319943.193, 124
Trd, 4319943.643, 114
Trd, 4319944.693, 126
Trd, 4319944.743, 90
Trd, 4319945.743, 114
Trd, 4319947.393, 125
Trd, 4319948.893, 135
Trd, 4319949.643, 128
Trd, 4319950.443, 96
Trd, 4319951.143, 126
Trd, 4319951.443, 109
Trd, 4319952.693, 138
Trd, 4319953.043, 131
Trd, 4319953.393, 132
Trd, 4319953.993, 120
Trd, 4319954.093, 96
Trd, 4319955.393, 134
Trd, 4319956.693, 117
Trd, 4319957.693, 107
Trd, 4319958.843, 138
Trd, 4319960.343, 112
Trd, 4319961.393, 126
Trd, 4319962.143, 109
Trd, 4319963.343, 140
Trd, 4319963.693, 108
Trd, 4319964.043, 102
Trd, 4319964.093, 103
Trd, 4319964.443, 104
Trd, 4319964.943, 72
Trd, 4319965.543, 120
Trd, 4319966.443, 88
Trd, 4319968.393, 119
Trd, 4319969.143, 107
Trd, 4319970.393, 140
Trd, 4319970.443, 104
Trd, 4319973.093, 78
Trd, 4319974.943, 139
Trd, 4319975.493, 120
Trd, 4319976.093, 115
Trd, 4319977.293, 120
Trd, 4319977.343, 110
Trd, 4319977.443, 123
Trd, 4319978.643, 107
Trd, 4319980.593, 136
Trd, 4319982.043, 114
Trd, 4319982.943, 122
Trd, 4319983.543, 118
Trd, 4319984.143, 110
Trd, 4319984.643, 102
Trd, 4319984.943, 90
Trd, 4319986.193, 91
Trd, 4319986.743, 131
Trd, 4319987.543, 102
Trd, 4319988.893, 99
Trd, 4319989.293, 100
Trd, 4319990.593, 114
Trd, 4319990.693, 77
Trd, 4319991.743, 119
Trd, 4319992.943, 104
Trd, 4319993.293, 117
Trd, 4319994.043, 130
Trd, 4319996.643, 131
Trd, 4319997.643, 109
Trd, 4319997.743, 96
Trd, 4319997.843, 92
Trd, 4319998.343, 132
Trd, 4319999.493, 94
Trd, 4319999.543, 80
