Trd, 4318119.593, 130
Trd, 4318119.993, 130
Trd, 4318122.693, 140
Trd, 4318122.993, 138
Trd, 4318124.193, 127
Trd, 4318124.843, 129
Trd, 4318125.343, 120
Trd, 4318126.643, 140
Trd, 4318127.593, 140
Trd, 4318127.793, 139
Trd, 4318128.143, 122
Trd, 4318128.793, 117
Trd, 4318129.243, 115
Trd, 4318130.493, 137
Trd, 4318131.943, 109
Trd, 4318132.943, 102
Trd, 4318133.543, 139
Trd, 4318134.743, 98
Trd, 4318135.143, 104
Trd, 4318135.943, 103
Trd, 4318136.343, 115
Trd, 4318137.093, 102
Trd, 4318137.293, 133
Trd, 4318137.743, 96
Trd, 4318139.043, 140
Trd, 4318139.293, 138
Trd, 4318140.293, 113
Trd, 4318141.793, 139
Trd, 4318142.043, 137
Trd, 4318142.493, 113
Trd, 4318143.293, 139
Trd, 4318143.993, 140
Trd, 4318144.043, 140
Trd, 4318144.893, 60
Trd, 4318145.343, 60
Trd, 4318146.093, 62
Trd, 4318148.343, 67
Trd, 4318148.793, 71
Trd, 4318149.893, 83
Trd, 4318151.293, 117
Trd, 4318151.943, 118
Trd, 4318152.043, 117
Trd, 4318152.843, 140
Trd, 4318153.193, 140
Trd, 4318153.243, 135
Trd, 4318154.393, 85
Trd, 4318157.043, 85
Trd, 4318157.143, 111
Trd, 4318157.943, 61
Trd, 4318157.993, 60
Trd, 4318158.393, 69
Trd, 4318160.293, 140
Trd, 4318160.643, 140
Trd, 4318160.743, 140
Trd, 4318162.243, 140
Trd, 4318162.843, 140
Trd, 4318163.243, 140
Trd, 4318163.693, 139
Trd, 4318163.743, 103
Trd, 4318164.193, 100
Trd, 4318164.643, 63
Trd, 4318166.443, 140
Trd, 4318166.543, 140
Trd, 4318166.943, 124
Trd, 4318167.243, 61
Trd, 4318168.143, 89
Trd, 4318168.693, 90
Trd, 4318169.043, 89
Trd, 4318171.693, 140
Trd, 4318173.393, 140
Trd, 4318173.443, 140
Trd, 4318173.493, 140
Trd, 4318173.743, 139
Trd, 4318173.943, 119
Trd, 4318174.743, 140
Trd, 4318175.193, 116
Trd, 4318177.443, 140
Trd, 4318177.593, 138
Trd, 4318178.393, 132
Trd, 4318179.443, 140
Trd, 4318179.693, 133
Trd, 4318182.243, 140
Trd, 4318183.243, 140
Trd, 4318183.293, 140
Trd, 4318183.443, 140
Trd, 4318185.043, 138
Trd, 4318186.743, 108
Trd, 4318186.993, 107
Trd, 4318187.043, 86
Trd, 4318187.593, 67
Trd, 4318187.993, 139
Trd, 4318188.643, 70
Trd, 4318188.943, 91
Trd, 4318189.043, 101
Trd, 4318189.493, 69
Trd, 4318190.443, 69
Trd, 4318192.743, 70
Trd, 4318193.243, 140
Trd, 4318193.593, 109
Trd, 4318194.093, 110
Trd, 4318194.893, 138
Trd, 4318195.793, 108
Trd, 4318196.143, 114
Trd, 4318196.343, 91
Trd, 4318196.743, 65
Trd, 4318197.343, 140
Trd, 4318198.293, 61
Trd, 4318199.143, 98
Trd, 4318199.593, 98
Trd, 4318201.293, 73
Trd, 4318201.743, 76
Trd, 4318202.093, 78
Trd, 4318202.443, 73
Trd, 4318202.993, 131
Trd, 4318203.093, 130
Trd, 4318203.393, 113
Trd, 4318203.993, 133
Trd, 4318205.343, 140
Trd, 4318205.443, 140
Trd, 4318205.543, 110
Trd, 4318207.443, 60
Trd, 4318208.293, 140
Trd, 4318208.343, 140
Trd, 4318209.443, 85
Trd, 4318210.693, 140
Trd, 4318210.793, 140
Trd, 4318211.043, 139
Trd, 4318213.043, 92
Trd, 4318213.293, 128
Trd, 4318214.093, 92
Trd, 4318214.443, 91
Trd, 4318215.193, 140
Trd, 4318215.793, 94
Trd, 4318217.043, 140
Trd, 4318217.643, 119
Trd, 4318218.043, 115
Trd, 4318218.543, 113
Trd, 4318219.093, 140
Trd, 4318219.393, 112
Trd, 4318220.593, 138
Trd, 4318221.993, 70
Trd, 4318222.943, 99
Trd, 4318223.243, 99
Trd, 4318223.743, 99
Trd, 4318224.393, 98
Trd, 4318224.543, 80
Trd, 4318225.543, 76
Trd, 4318225.693, 81
Trd, 4318227.293, 63
Trd, 4318230.343, 140
Trd, 4318230.893, 140
Trd, 4318231.043, 137
Trd, 4318231.393, 136
Trd, 4318231.443, 88
Trd, 4318231.643, 84
Trd, 4318231.893, 80
Trd, 4318233.293, 63
Trd, 4318234.443, 103
Trd, 4318235.993, 66
Trd, 4318236.193, 94
Trd, 4318236.343, 104
Trd, 4318239.343, 115
Trd, 4318239.793, 97
Trd, 4318240.343, 96
Trd, 4318240.943, 101
Trd, 4318241.043, 100
Trd, 4318242.443, 139
Trd, 4318243.443, 139
Trd, 4318243.693, 138
Trd, 4318244.193, 61
Trd, 4318244.443, 128
Trd, 4318244.643, 60
Trd, 4318245.093, 140
Trd, 4318246.543, 140
Trd, 4318246.693, 140
Trd, 4318247.543, 140
Trd, 4318248.093, 140
Trd, 4318248.293, 87
Trd, 4318248.943, 133
Trd, 4318250.043, 62
Trd, 4318250.243, 95
Trd, 4318251.043, 66
Trd, 4318252.293, 105
Trd, 4318253.293, 136
Trd, 4318254.443, 138
Trd, 4318255.643, 126
Trd, 4318256.243, 117
Trd, 4318256.393, 116
Trd, 4318256.493, 105
Trd, 4318256.843, 94
Trd, 4318258.693, 139
Trd, 4318258.993, 118
Trd, 4318259.843, 140
Trd, 4318260.093, 140
Trd, 4318260.793, 140
Trd, 4318261.243, 140
Trd, 4318262.193, 140
Trd, 4318262.943, 140
Trd, 4318263.093, 138
Trd, 4318264.193, 138
Trd, 4318264.493, 121
Trd, 4318264.693, 120
Trd, 4318266.093, 139
Trd, 4318266.693, 128
Trd, 4318267.743, 97
Trd, 4318269.993, 140
Trd, 4318270.093, 140
Trd, 4318270.693, 140
Trd, 4318271.043, 140
Trd, 4318271.843, 67
Trd, 4318272.443, 140
Trd, 4318273.643, 140
Trd, 4318273.793, 139
Trd, 4318274.443, 130
Trd, 4318274.493, 129
Trd, 4318276.643, 137
Trd, 4318276.793, 133
Trd, 4318276.993, 133
Trd, 4318277.493, 135
Trd, 4318278.493, 140
Trd, 4318278.543, 140
Trd, 4318279.343, 130
Trd, 4318279.993, 108
Trd, 4318280.793, 64
Trd, 4318281.143, 82
Trd, 4318282.293, 94
Trd, 4318283.043, 62
Trd, 4318285.143, 69
Trd, 4318286.243, 74
Trd, 4318286.493, 74
Trd, 4318286.893, 125
Trd, 4318287.243, 91
Trd, 4318288.243, 74
Trd, 4318288.593, 132
Trd, 4318289.793, 115
Trd, 4318289.943, 124
Trd, 4318291.843, 104
Trd, 4318292.193, 60
Trd, 4318292.343, 140
Trd, 4318294.293, 140
Trd, 4318294.593, 140
Trd, 4318296.593, 140
Trd, 4318297.343, 140
Trd, 4318297.793, 140
Trd, 4318297.843, 138
Trd, 4318298.243, 140
Trd, 4318299.343, 105
Trd, 4318300.693, 119
Trd, 4318301.093, 105
Trd, 4318301.493, 72
Trd, 4318302.043, 73
Trd, 4318302.093, 90
Trd, 4318302.143, 71
Trd, 4318302.643, 60
Trd, 4318303.393, 96
Trd, 4318304.543, 140
Trd, 4318305.143, 140
Trd, 4318305.243, 140
Trd, 4318305.593, 140
Trd, 4318306.143, 131
Trd, 4318306.743, 127
Trd, 4318307.543, 90
Trd, 4318308.743, 88
Trd, 4318309.343, 108
Trd, 4318310.243, 140
Trd, 4318311.043, 140
Trd, 4318312.143, 140
Trd, 4318313.843, 140
Trd, 4318314.043, 140
Trd, 4318315.393, 140
Trd, 4318315.693, 140
Trd, 4318316.093, 140
Trd, 4318316.393, 140
Trd, 4318316.693, 138
Trd, 4318316.943, 123
Trd, 4318317.993, 133
Trd, 4318318.193, 133
Trd, 4318318.243, 132
Trd, 4318318.993, 102
Trd, 4318320.293, 135
Trd, 4318321.193, 140
Trd, 4318322.293, 140
Trd, 4318322.793, 139
Trd, 4318323.193, 128
Trd, 4318323.393, 138
Trd, 4318323.843, 62
Trd, 4318325.293, 82
Trd, 4318325.593, 114
Trd, 4318326.093, 113
Trd, 4318326.243, 111
Trd, 4318327.193, 68
Trd, 4318328.393, 117
Trd, 4318328.743, 76
Trd, 4318329.493, 140
Trd, 4318329.643, 140
Trd, 4318331.393, 140
Trd, 4318331.593, 140
Trd, 4318331.743, 140
Trd, 4318332.443, 69
Trd, 4318333.243, 137
Trd, 4318335.143, 133
Trd, 4318335.493, 140
Trd, 4318335.743, 140
Trd, 4318336.143, 140
Trd, 4318336.793, 60
Trd, 4318336.943, 65
Trd, 4318337.343, 132
Trd, 4318338.743, 99
Trd, 4318339.443, 69
Trd, 4318339.793, 75
Trd, 4318340.793, 102
Trd, 4318341.743, 103
Trd, 4318341.843, 99
Trd, 4318342.243, 139
Trd, 4318343.743, 69
Trd, 4318345.143, 60
Trd, 4318346.143, 61
Trd, 4318347.843, 67
Trd, 4318347.943, 91
Trd, 4318348.143, 136
Trd, 4318349.893, 115
Trd, 4318350.593, 94
Trd, 4318350.793, 92
Trd, 4318350.893, 67
Trd, 4318350.993, 98
Trd, 4318351.493, 67
Trd, 4318354.543, 128
Trd, 4318355.143, 139
Trd, 4318355.593, 139
Trd, 4318357.093, 138
Trd, 4318357.843, 138
Trd, 4318358.493, 140
Trd, 4318358.943, 103
Trd, 4318359.643, 139
Trd, 4318360.093, 128
Trd, 4318360.493, 116
Trd, 4318360.793, 140
Trd, 4318362.543, 130
Trd, 4318362.743, 130
Trd, 4318363.443, 140
Trd, 4318365.193, 140
Trd, 4318365.893, 140
Trd, 4318365.993, 140
Trd, 4318366.343, 133
Trd, 4318366.843, 108
Trd, 4318367.793, 71
Trd, 4318368.143, 70
Trd, 4318369.743, 140
Trd, 4318370.193, 140
Trd, 4318370.593, 139
Trd, 4318371.243, 80
Trd, 4318371.893, 93
Trd, 4318372.193, 83
Trd, 4318374.093, 77
Trd, 4318374.293, 102
Trd, 4318374.593, 140
Trd, 4318374.893, 109
Trd, 4318375.943, 82
Trd, 4318376.793, 93
Trd, 4318377.243, 62
Trd, 4318378.093, 125
Trd, 4318378.543, 125
Trd, 4318379.493, 108
Trd, 4318381.293, 91
Trd, 4318382.293, 140
Trd, 4318382.393, 136
Trd, 4318382.443, 135
Trd, 4318384.293, 140
Trd, 4318384.443, 140
Trd, 4318385.043, 140
Trd, 4318385.593, 140
Trd, 4318386.193, 140
Trd, 4318386.543, 133
Trd, 4318386.843, 93
Trd, 4318387.443, 82
Trd, 4318389.143, 77
Trd, 4318389.543, 73
Trd, 4318390.443, 90
Trd, 4318390.743, 92
Trd, 4318392.193, 120
Trd, 4318392.593, 118
Trd, 4318393.143, 120
Trd, 4318393.193, 118
Trd, 4318393.693, 84
Trd, 4318394.643, 140
Trd, 4318395.343, 139
Trd, 4318395.493, 138
Trd, 4318396.243, 128
Trd, 4318396.993, 127
Trd, 4318397.593, 113
Trd, 4318398.143, 136
Trd, 4318400.143, 140
Trd, 4318401.143, 140
Trd, 4318401.643, 140
Trd, 4318401.993, 140
Trd, 4318402.493, 140
Trd, 4318402.693, 140
Trd, 4318404.493, 139
Trd, 4318405.193, 94
Trd, 4318405.993, 111
Trd, 4318406.693, 99
Trd, 4318407.043, 140
Trd, 4318407.793, 111
Trd, 4318408.143, 108
Trd, 4318408.243, 98
Trd, 4318408.693, 97
Trd, 4318410.843, 124
Trd, 4318412.343, 119
Trd, 4318412.443, 119
Trd, 4318412.643, 115
Trd, 4318412.793, 132
Trd, 4318413.993, 62
Trd, 4318414.843, 140
Trd, 4318415.093, 140
Trd, 4318415.393, 128
Trd, 4318416.093, 140
Trd, 4318417.543, 64
Trd, 4318417.893, 134
Trd, 4318418.143, 120
Trd, 4318419.043, 119
Trd, 4318419.143, 80
Trd, 4318420.643, 85
Trd, 4318421.843, 78
Trd, 4318422.043, 77
Trd, 4318422.443, 140
Trd, 4318422.493, 75
Trd, 4318424.093, 130
Trd, 4318425.143, 138
Trd, 4318425.643, 120
Trd, 4318426.093, 121
Trd, 4318426.493, 79
Trd, 4318426.643, 130
Trd, 4318427.543, 140
Trd, 4318427.843, 140
Trd, 4318428.893, 115
Trd, 4318430.093, 131
Trd, 4318430.843, 118
Trd, 4318431.243, 140
Trd, 4318431.943, 122
Trd, 4318432.643, 119
Trd, 4318433.693, 80
Trd, 4318434.943, 136
Trd, 4318435.393, 135
Trd, 4318435.693, 76
Trd, 4318437.543, 140
Trd, 4318437.893, 140
Trd, 4318438.643, 140
Trd, 4318438.693, 140
Trd, 4318438.893, 138
Trd, 4318439.093, 132
Trd, 4318439.743, 139
Trd, 4318440.793, 95
Trd, 4318441.693, 86
Trd, 4318442.193, 91
Trd, 4318443.543, 89
Trd, 4318443.693, 112
Trd, 4318444.043, 85
Trd, 4318445.393, 64
Trd, 4318446.093, 60
Trd, 4318448.193, 111
Trd, 4318449.093, 77
Trd, 4318449.243, 92
Trd, 4318449.393, 112
Trd, 4318450.093, 70
Trd, 4318451.293, 140
Trd, 4318452.193, 140
Trd, 4318453.043, 98
Trd, 4318453.643, 84
Trd, 4318453.893, 74
Trd, 4318454.043, 95
Trd, 4318454.443, 72
Trd, 4318455.743, 133
Trd, 4318455.943, 93
Trd, 4318456.343, 128
Trd, 4318457.443, 136
Trd, 4318457.893, 75
Trd, 4318458.893, 66
Trd, 4318460.143, 62
Trd, 4318461.343, 69
Trd, 4318462.043, 140
Trd, 4318462.343, 140
Trd, 4318462.943, 140
Trd, 4318465.493, 75
Trd, 4318465.893, 86
Trd, 4318466.243, 110
Trd, 4318466.293, 134
Trd, 4318466.543, 109
Trd, 4318467.543, 139
Trd, 4318468.693, 84
Trd, 4318468.993, 106
Trd, 4318470.443, 83
Trd, 4318470.493, 82
Trd, 4318471.343, 140
Trd, 4318471.643, 140
Trd, 4318472.143, 137
Trd, 4318473.693, 140
Trd, 4318473.793, 140
Trd, 4318474.693, 60
Trd, 4318475.843, 81
Trd, 4318476.443, 140
Trd, 4318476.593, 140
Trd, 4318479.293, 140
Trd, 4318479.493, 140
Trd, 4318480.493, 140
Trd, 4318481.343, 140
Trd, 4318482.243, 140
Trd, 4318482.843, 140
Trd, 4318483.093, 139
Trd, 4318483.993, 140
Trd, 4318485.143, 140
Trd, 4318485.543, 140
Trd, 4318486.243, 140
Trd, 4318487.443, 140
Trd, 4318488.193, 139
Trd, 4318489.393, 139
Trd, 4318489.493, 138
Trd, 4318489.743, 138
Trd, 4318489.893, 137
Trd, 4318490.043, 98
Trd, 4318491.043, 91
Trd, 4318492.893, 140
Trd, 4318493.543, 140
Trd, 4318493.593, 140
Trd, 4318494.443, 95
Trd, 4318496.493, 125
Trd, 4318496.993, 126
Trd, 4318497.043, 125
Trd, 4318497.343, 137
Trd, 4318497.543, 128
Trd, 4318497.993, 95
Trd, 4318498.393, 79
Trd, 4318499.043, 136
Trd, 4318499.643, 129
Trd, 4318500.343, 133
Trd, 4318501.543, 85
Trd, 4318501.593, 83
Trd, 4318502.493, 137
Trd, 4318503.193, 138
Trd, 4318503.543, 123
Trd, 4318504.643, 122
Trd, 4318505.343, 140
Trd, 4318505.693, 112
Trd, 4318507.093, 138
Trd, 4318508.543, 140
Trd, 4318510.143, 140
Trd, 4318510.243, 140
Trd, 4318511.343, 140
Trd, 4318511.743, 140
Trd, 4318512.343, 140
Trd, 4318514.943, 140
Trd, 4318515.343, 140
Trd, 4318516.093, 100
Trd, 4318516.193, 98
Trd, 4318516.543, 99
Trd, 4318516.643, 96
Trd, 4318517.343, 131
Trd, 4318519.043, 84
Trd, 4318519.643, 84
Trd, 4318520.293, 101
Trd, 4318521.043, 85
Trd, 4318521.343, 95
Trd, 4318521.543, 98
Trd, 4318522.243, 138
Trd, 4318523.193, 140
Trd, 4318523.293, 140
Trd, 4318524.743, 140
Trd, 4318524.993, 98
Trd, 4318525.093, 79
Trd, 4318526.293, 81
Trd, 4318527.243, 100
Trd, 4318528.343, 61
Trd, 4318528.743, 65
Trd, 4318529.843, 66
Trd, 4318530.193, 65
Trd, 4318532.293, 87
Trd, 4318532.743, 86
Trd, 4318532.893, 83
Trd, 4318532.943, 66
Trd, 4318534.393, 97
Trd, 4318534.743, 95
Trd, 4318535.243, 139
Trd, 4318537.493, 140
Trd, 4318538.043, 140
Trd, 4318538.643, 140
Trd, 4318538.893, 140
Trd, 4318539.393, 140
Trd, 4318540.093, 139
Trd, 4318540.593, 114
Trd, 4318541.293, 121
Trd, 4318542.243, 139
Trd, 4318542.643, 138
Trd, 4318544.193, 140
Trd, 4318544.643, 140
Trd, 4318545.043, 107
Trd, 4318546.193, 107
Trd, 4318546.993, 114
Trd, 4318548.143, 115
Trd, 4318548.543, 122
Trd, 4318548.943, 140
Trd, 4318549.443, 96
Trd, 4318550.193, 89
Trd, 4318550.593, 90
Trd, 4318552.493, 128
Trd, 4318553.393, 140
Trd, 4318554.343, 140
Trd, 4318554.643, 140
Trd, 4318554.793, 140
Trd, 4318555.943, 140
Trd, 4318556.443, 140
Trd, 4318557.843, 140
Trd, 4318558.643, 140
Trd, 4318558.793, 140
Trd, 4318558.843, 139
Trd, 4318559.493, 131
Trd, 4318560.593, 109
Trd, 4318561.343, 110
Trd, 4318562.193, 140
Trd, 4318562.543, 109
Trd, 4318562.643, 108
Trd, 4318562.743, 95
Trd, 4318564.093, 89
Trd, 4318564.493, 135
Trd, 4318565.293, 138
Trd, 4318565.843, 82
Trd, 4318567.393, 140
Trd, 4318568.343, 140
Trd, 4318568.393, 140
Trd, 4318569.043, 140
Trd, 4318570.043, 139
Trd, 4318570.143, 107
Trd, 4318571.393, 77
Trd, 4318571.943, 75
Trd, 4318572.043, 122
Trd, 4318572.893, 127
Trd, 4318573.943, 139
Trd, 4318574.143, 109
Trd, 4318574.993, 99
Trd, 4318575.293, 96
Trd, 4318576.093, 140
Trd, 4318577.693, 132
Trd, 4318579.793, 131
Trd, 4318581.193, 140
Trd, 4318581.793, 140
Trd, 4318582.493, 139
Trd, 4318582.843, 91
Trd, 4318583.093, 90
Trd, 4318583.693, 98
Trd, 4318583.893, 140
Trd, 4318584.393, 70
Trd, 4318585.093, 76
Trd, 4318586.043, 116
Trd, 4318587.393, 116
Trd, 4318588.443, 118
Trd, 4318588.793, 119
Trd, 4318589.243, 121
Trd, 4318589.993, 139
Trd, 4318590.443, 120
Trd, 4318591.743, 140
Trd, 4318591.843, 140
Trd, 4318593.293, 135
Trd, 4318594.393, 117
Trd, 4318596.143, 63
Trd, 4318596.443, 66
Trd, 4318597.343, 140
Trd, 4318597.643, 98
Trd, 4318598.093, 98
Trd, 4318598.393, 98
Trd, 4318599.043, 98
Trd, 4318599.693, 112
Trd, 4318601.793, 93
Trd, 4318601.993, 115
Trd, 4318603.843, 140
Trd, 4318603.893, 128
Trd, 4318604.943, 116
Trd, 4318605.943, 118
Trd, 4318605.993, 117
Trd, 4318606.643, 115
Trd, 4318606.843, 96
Trd, 4318607.643, 97
Trd, 4318608.143, 78
Trd, 4318608.293, 125
Trd, 4318609.043, 137
Trd, 4318610.493, 60
Trd, 4318611.143, 83
Trd, 4318611.243, 87
Trd, 4318612.043, 86
Trd, 4318613.543, 83
Trd, 4318614.193, 69
Trd, 4318614.843, 64
Trd, 4318616.343, 71
Trd, 4318617.393, 108
Trd, 4318618.093, 94
Trd, 4318618.993, 140
Trd, 4318619.243, 76
Trd, 4318619.393, 75
Trd, 4318619.493, 80
Trd, 4318620.493, 140
Trd, 4318620.993, 140
Trd, 4318622.243, 140
Trd, 4318622.643, 125
Trd, 4318623.143, 97
Trd, 4318624.793, 140
Trd, 4318625.343, 140
Trd, 4318625.643, 116
Trd, 4318625.993, 119
Trd, 4318627.393, 102
Trd, 4318628.093, 112
Trd, 4318629.293, 139
Trd, 4318629.893, 104
Trd, 4318630.093, 101
Trd, 4318632.043, 140
Trd, 4318632.693, 120
Trd, 4318633.843, 98
Trd, 4318634.343, 99
Trd, 4318634.393, 97
Trd, 4318634.893, 92
Trd, 4318636.093, 71
Trd, 4318636.993, 60
Trd, 4318637.043, 73
Trd, 4318637.693, 123
Trd, 4318639.143, 60
Trd, 4318639.893, 70
Trd, 4318640.243, 73
Trd, 4318643.793, 60
Trd, 4318645.293, 65
Trd, 4318645.793, 63
Trd, 4318645.943, 77
Trd, 4318646.743, 136
Trd, 4318646.793, 134
Trd, 4318647.593, 60
Trd, 4318648.993, 100
Trd, 4318650.093, 140
Trd, 4318650.893, 140
Trd, 4318651.693, 140
Trd, 4318652.543, 140
Trd, 4318654.193, 140
Trd, 4318654.293, 140
Trd, 4318654.593, 139
Trd, 4318654.843, 95
Trd, 4318656.193, 140
Trd, 4318656.243, 140
Trd, 4318656.893, 133
Trd, 4318657.543, 137
Trd, 4318658.593, 139
Trd, 4318659.893, 140
Trd, 4318660.593, 140
Trd, 4318660.843, 140
Trd, 4318661.893, 140
Trd, 4318662.093, 140
Trd, 4318662.293, 140
Trd, 4318662.993, 137
Trd, 4318663.143, 134
Trd, 4318665.193, 112
Trd, 4318665.493, 76
Trd, 4318666.993, 112
Trd, 4318668.493, 98
Trd, 4318668.593, 110
Trd, 4318668.943, 111
Trd, 4318669.043, 96
Trd, 4318669.843, 140
Trd, 4318669.893, 95
Trd, 4318671.093, 100
Trd, 4318672.043, 86
Trd, 4318672.693, 139
Trd, 4318673.643, 93
Trd, 4318674.743, 62
Trd, 4318674.993, 109
Trd, 4318675.593, 105
Trd, 4318675.893, 65
Trd, 4318676.343, 125
Trd, 4318677.593, 61
Trd, 4318678.893, 81
Trd, 4318679.493, 87
Trd, 4318679.843, 81
Trd, 4318680.043, 67
Trd, 4318681.143, 68
Trd, 4318682.143, 140
Trd, 4318683.793, 84
Trd, 4318684.793, 69
Trd, 4318684.993, 80
Trd, 4318685.893, 72
Trd, 4318686.243, 69
Trd, 4318686.643, 94
Trd, 4318686.843, 92
Trd, 4318687.393, 140
Trd, 4318687.893, 102
Trd, 4318690.143, 100
Trd, 4318692.143, 140
Trd, 4318692.843, 140
Trd, 4318693.693, 140
Trd, 4318694.593, 140
Trd, 4318694.693, 140
Trd, 4318694.943, 140
Trd, 4318695.993, 121
Trd, 4318697.093, 140
Trd, 4318697.693, 140
Trd, 4318697.743, 140
Trd, 4318698.193, 107
Trd, 4318698.393, 122
Trd, 4318700.393, 61
Trd, 4318701.143, 61
Trd, 4318701.493, 62
Trd, 4318702.593, 93
Trd, 4318703.843, 135
Trd, 4318705.043, 60
Trd, 4318705.093, 61
Trd, 4318706.693, 62
Trd, 4318708.493, 61
Trd, 4318709.043, 63
Trd, 4318709.493, 71
Trd, 4318709.793, 104
Trd, 4318713.043, 140
Trd, 4318713.093, 140
Trd, 4318713.293, 140
Trd, 4318713.493, 137
Trd, 4318714.193, 135
Trd, 4318714.843, 87
Trd, 4318715.693, 140
Trd, 4318715.843, 140
Trd, 4318718.293, 140
Trd, 4318718.493, 140
Trd, 4318718.643, 139
Trd, 4318718.943, 130
Trd, 4318720.293, 137
Trd, 4318721.493, 137
Trd, 4318722.393, 139
Trd, 4318722.693, 112
Trd, 4318723.343, 113
Trd, 4318724.593, 115
Trd, 4318724.793, 91
Trd, 4318724.843, 116
Trd, 4318726.893, 108
Trd, 4318728.143, 121
Trd, 4318728.593, 138
Trd, 4318728.743, 105
Trd, 4318728.943, 102
Trd, 4318729.493, 101
Trd, 4318730.543, 91
Trd, 4318731.943, 108
Trd, 4318732.193, 107
Trd, 4318733.693, 134
Trd, 4318734.493, 104
Trd, 4318734.693, 102
Trd, 4318735.493, 140
Trd, 4318735.843, 130
Trd, 4318736.393, 140
Trd, 4318737.643, 105
Trd, 4318737.693, 96
Trd, 4318737.993, 96
Trd, 4318738.693, 96
Trd, 4318739.093, 95
Trd, 4318739.293, 84
Trd, 4318739.793, 64
Trd, 4318740.293, 79
Trd, 4318741.943, 139
Trd, 4318742.443, 100
Trd, 4318742.943, 139
Trd, 4318743.943, 99
Trd, 4318744.343, 140
Trd, 4318745.193, 90
Trd, 4318745.793, 80
Trd, 4318746.693, 63
Trd, 4318746.843, 77
Trd, 4318748.793, 119
Trd, 4318749.843, 128
Trd, 4318750.043, 122
Trd, 4318750.243, 121
Trd, 4318751.243, 140
Trd, 4318751.393, 140
Trd, 4318751.543, 139
Trd, 4318752.793, 91
Trd, 4318753.943, 93
Trd, 4318754.343, 88
Trd, 4318754.393, 94
Trd, 4318755.343, 140
Trd, 4318755.793, 140
Trd, 4318756.193, 93
Trd, 4318756.943, 120
Trd, 4318757.293, 119
Trd, 4318757.543, 107
Trd, 4318758.043, 106
Trd, 4318759.343, 95
Trd, 4318761.193, 140
Trd, 4318763.143, 140
Trd, 4318764.043, 140
Trd, 4318764.243, 140
Trd, 4318764.393, 140
Trd, 4318765.043, 140
Trd, 4318765.893, 136
Trd, 4318765.993, 80
Trd, 4318766.143, 85
Trd, 4318767.343, 106
Trd, 4318768.543, 107
Trd, 4318768.943, 106
Trd, 4318770.193, 139
Trd, 4318771.193, 129
Trd, 4318771.493, 128
Trd, 4318772.093, 109
Trd, 4318773.843, 139
Trd, 4318773.943, 106
Trd, 4318775.043, 112
Trd, 4318775.743, 140
Trd, 4318775.793, 106
Trd, 4318776.943, 69
Trd, 4318777.543, 131
Trd, 4318778.293, 68
Trd, 4318778.493, 127
Trd, 4318778.593, 103
Trd, 4318779.393, 136
Trd, 4318779.443, 135
Trd, 4318780.343, 96
Trd, 4318781.193, 128
Trd, 4318783.693, 122
Trd, 4318784.393, 119
Trd, 4318784.643, 117
Trd, 4318785.093, 129
Trd, 4318785.693, 140
Trd, 4318785.743, 117
Trd, 4318786.943, 76
Trd, 4318788.643, 80
Trd, 4318788.793, 79
Trd, 4318789.593, 97
Trd, 4318789.893, 126
Trd, 4318791.093, 139
Trd, 4318791.393, 79
Trd, 4318791.843, 140
Trd, 4318792.793, 90
Trd, 4318795.043, 140
Trd, 4318795.393, 140
Trd, 4318795.493, 140
Trd, 4318795.743, 139
Trd, 4318797.743, 140
Trd, 4318797.993, 140
Trd, 4318799.243, 65
Trd, 4318799.443, 68
Trd, 4318799.643, 64
Trd, 4318800.693, 84
Trd, 4318801.793, 123
Trd, 4318803.193, 119
Trd, 4318803.243, 116
Trd, 4318804.993, 139
Trd, 4318805.593, 91
Trd, 4318806.093, 116
Trd, 4318806.243, 140
Trd, 4318807.293, 89
Trd, 4318807.343, 77
Trd, 4318807.693, 62
Trd, 4318810.443, 63
Trd, 4318810.843, 63
Trd, 4318811.243, 74
Trd, 4318812.843, 98
Trd, 4318813.443, 74
Trd, 4318813.693, 102
Trd, 4318814.293, 74
Trd, 4318814.593, 93
Trd, 4318815.243, 77
Trd, 4318815.293, 105
Trd, 4318815.743, 112
Trd, 4318816.193, 140
Trd, 4318817.143, 94
Trd, 4318817.993, 63
Trd, 4318819.193, 139
Trd, 4318819.393, 91
Trd, 4318819.543, 72
Trd, 4318820.143, 81
Trd, 4318820.643, 72
Trd, 4318820.943, 73
Trd, 4318822.193, 126
Trd, 4318822.643, 127
Trd, 4318822.743, 126
Trd, 4318823.443, 67
Trd, 4318824.443, 62
Trd, 4318824.643, 83
Trd, 4318825.593, 80
Trd, 4318826.593, 61
Trd, 4318828.243, 83
Trd, 4318829.193, 108
Trd, 4318829.343, 118
Trd, 4318830.743, 121
Trd, 4318831.393, 121
Trd, 4318831.643, 120
Trd, 4318832.143, 82
Trd, 4318832.343, 83
Trd, 4318833.693, 87
Trd, 4318833.793, 86
Trd, 4318834.743, 104
Trd, 4318834.843, 135
Trd, 4318836.243, 106
Trd, 4318836.743, 87
Trd, 4318837.243, 77
Trd, 4318839.643, 107
Trd, 4318840.043, 139
Trd, 4318840.193, 106
Trd, 4318840.693, 76
Trd, 4318841.093, 114
Trd, 4318841.443, 107
Trd, 4318842.343, 111
Trd, 4318843.443, 98
Trd, 4318843.593, 97
Trd, 4318844.243, 93
Trd, 4318844.643, 92
Trd, 4318844.843, 135
Trd, 4318845.643, 102
Trd, 4318846.093, 98
Trd, 4318846.943, 138
Trd, 4318848.293, 97
Trd, 4318848.643, 95
Trd, 4318848.943, 92
Trd, 4318850.243, 140
Trd, 4318850.693, 140
Trd, 4318851.443, 139
Trd, 4318852.493, 138
Trd, 4318853.293, 99
Trd, 4318853.793, 100
Trd, 4318854.493, 104
Trd, 4318854.593, 140
Trd, 4318854.893, 98
Trd, 4318855.993, 93
Trd, 4318856.443, 61
Trd, 4318856.843, 112
Trd, 4318857.443, 87
Trd, 4318857.593, 79
Trd, 4318858.343, 140
Trd, 4318860.443, 140
Trd, 4318860.743, 140
Trd, 4318861.993, 140
Trd, 4318862.593, 138
Trd, 4318863.643, 135
Trd, 4318863.993, 86
Trd, 4318864.543, 60
Trd, 4318864.793, 65
Trd, 4318866.243, 120
Trd, 4318866.493, 105
Trd, 4318868.093, 139
Trd, 4318868.693, 140
Trd, 4318869.993, 140
Trd, 4318870.793, 140
Trd, 4318871.043, 140
Trd, 4318871.393, 140
Trd, 4318872.393, 140
Trd, 4318873.093, 139
Trd, 4318873.343, 139
Trd, 4318873.593, 107
Trd, 4318875.343, 65
Trd, 4318876.543, 62
Trd, 4318878.393, 140
Trd, 4318878.493, 140
Trd, 4318879.843, 140
Trd, 4318880.393, 140
Trd, 4318880.443, 140
Trd, 4318881.043, 95
Trd, 4318881.543, 62
Trd, 4318881.693, 140
Trd, 4318882.393, 128
Trd, 4318882.943, 129
Trd, 4318883.393, 99
Trd, 4318884.143, 115
Trd, 4318884.843, 60
Trd, 4318885.293, 63
Trd, 4318886.593, 111
Trd, 4318886.943, 110
Trd, 4318886.993, 109
Trd, 4318887.493, 127
Trd, 4318889.143, 70
Trd, 4318890.443, 140
Trd, 4318890.843, 140
Trd, 4318890.943, 140
Trd, 4318891.293, 140
Trd, 4318891.843, 140
Trd, 4318891.993, 139
Trd, 4318892.443, 78
Trd, 4318893.393, 140
Trd, 4318893.543, 117
Trd, 4318893.793, 112
Trd, 4318894.743, 105
Trd, 4318895.193, 92
Trd, 4318896.593, 129
Trd, 4318896.693, 118
Trd, 4318897.793, 96
Trd, 4318898.393, 84
Trd, 4318899.043, 106
Trd, 4318900.543, 90
Trd, 4318901.293, 92
Trd, 4318901.893, 93
Trd, 4318902.543, 93
Trd, 4318902.943, 119
Trd, 4318903.093, 74
Trd, 4318904.193, 140
Trd, 4318906.043, 67
Trd, 4318906.343, 138
Trd, 4318906.743, 104
Trd, 4318907.243, 101
Trd, 4318907.443, 63
Trd, 4318909.043, 140
Trd, 4318909.243, 92
Trd, 4318911.043, 140
Trd, 4318911.343, 140
Trd, 4318911.793, 140
Trd, 4318911.843, 140
Trd, 4318912.943, 111
Trd, 4318913.143, 75
Trd, 4318913.643, 82
Trd, 4318914.043, 114
Trd, 4318915.343, 138
Trd, 4318915.743, 137
Trd, 4318917.493, 140
Trd, 4318917.543, 140
Trd, 4318918.243, 140
Trd, 4318919.193, 139
Trd, 4318919.243, 98
Trd, 4318920.393, 91
Trd, 4318920.743, 108
Trd, 4318920.843, 107
Trd, 4318922.343, 72
Trd, 4318922.793, 82
Trd, 4318923.643, 107
Trd, 4318925.843, 140
Trd, 4318926.093, 138
Trd, 4318926.193, 112
Trd, 4318926.293, 105
Trd, 4318927.243, 84
Trd, 4318928.243, 61
Trd, 4318928.893, 73
Trd, 4318929.793, 85
Trd, 4318930.543, 96
Trd, 4318932.143, 71
Trd, 4318932.743, 90
Trd, 4318933.643, 139
Trd, 4318933.693, 67
Trd, 4318934.843, 84
Trd, 4318935.893, 140
Trd, 4318935.943, 140
Trd, 4318936.043, 116
Trd, 4318936.843, 71
Trd, 4318938.893, 64
Trd, 4318939.543, 64
Trd, 4318939.943, 71
Trd, 4318940.793, 60
Trd, 4318941.293, 63
Trd, 4318941.543, 104
Trd, 4318941.793, 140
Trd, 4318942.293, 139
Trd, 4318943.143, 65
Trd, 4318944.293, 138
Trd, 4318946.193, 137
Trd, 4318946.243, 126
Trd, 4318946.793, 118
Trd, 4318946.843, 117
Trd, 4318948.093, 140
Trd, 4318948.293, 140
Trd, 4318949.743, 139
Trd, 4318950.193, 136
Trd, 4318950.493, 109
Trd, 4318952.143, 114
Trd, 4318953.493, 114
Trd, 4318953.993, 112
Trd, 4318954.643, 112
Trd, 4318955.093, 140
Trd, 4318955.893, 113
Trd, 4318956.893, 140
Trd, 4318956.943, 140
Trd, 4318957.843, 139
Trd, 4318959.343, 140
Trd, 4318960.343, 140
Trd, 4318960.793, 140
Trd, 4318961.293, 124
Trd, 4318961.393, 113
Trd, 4318962.493, 74
Trd, 4318965.093, 140
Trd, 4318965.493, 140
Trd, 4318965.843, 140
Trd, 4318965.943, 139
Trd, 4318966.943, 124
Trd, 4318967.693, 106
Trd, 4318967.843, 105
Trd, 4318968.593, 86
Trd, 4318968.993, 140
Trd, 4318970.393, 85
Trd, 4318970.493, 129
Trd, 4318972.093, 140
Trd, 4318972.893, 137
Trd, 4318973.443, 140
Trd, 4318973.643, 135
Trd, 4318973.743, 134
Trd, 4318975.643, 66
Trd, 4318975.893, 74
Trd, 4318976.293, 74
Trd, 4318976.943, 75
Trd, 4318977.093, 130
Trd, 4318977.393, 74
Trd, 4318979.793, 136
Trd, 4318980.543, 116
Trd, 4318981.243, 139
Trd, 4318981.893, 139
Trd, 4318982.293, 116
Trd, 4318983.843, 138
Trd, 4318983.993, 121
Trd, 4318984.393, 66
Trd, 4318985.443, 67
Trd, 4318987.043, 90
Trd, 4318987.093, 79
Trd, 4318987.243, 78
Trd, 4318987.593, 78
Trd, 4318988.343, 110
Trd, 4318989.793, 61
Trd, 4318989.843, 100
Trd, 4318990.343, 92
Trd, 4318990.593, 131
Trd, 4318991.093, 140
Trd, 4318991.243, 139
Trd, 4318991.743, 65
Trd, 4318993.443, 63
Trd, 4318993.743, 74
Trd, 4318995.643, 71
Trd, 4318996.043, 84
Trd, 4318997.143, 123
Trd, 4318998.043, 125
Trd, 4318998.693, 139
Trd, 4318999.093, 127
Trd, 4318999.193, 126
Trd, 4318999.243, 119
Trd, 4319000.493, 120
Trd, 4319000.943, 78
Trd, 4319002.143, 140
Trd, 4319002.243, 117
Trd, 4319003.143, 134
Trd, 4319003.843, 100
Trd, 4319004.043, 84
Trd, 4319005.993, 140
Trd, 4319006.193, 140
Trd, 4319006.593, 140
Trd, 4319006.743, 116
Trd, 4319008.143, 70
Trd, 4319008.943, 62
Trd, 4319010.893, 65
Trd, 4319011.293, 63
Trd, 4319011.393, 66
Trd, 4319011.443, 140
Trd, 4319012.843, 61
Trd, 4319013.693, 135
Trd, 4319015.643, 140
Trd, 4319015.993, 140
Trd, 4319016.043, 140
Trd, 4319016.193, 118
Trd, 4319017.793, 125
Trd, 4319018.193, 122
Trd, 4319020.343, 118
Trd, 4319021.243, 102
Trd, 4319021.693, 140
Trd, 4319022.143, 140
Trd, 4319022.743, 140
Trd, 4319023.043, 140
Trd, 4319023.543, 130
Trd, 4319024.043, 92
Trd, 4319024.593, 140
Trd, 4319025.093, 140
Trd, 4319025.843, 140
Trd, 4319026.043, 72
Trd, 4319026.643, 109
Trd, 4319027.543, 140
Trd, 4319027.693, 140
Trd, 4319029.743, 62
Trd, 4319030.393, 68
Trd, 4319030.693, 88
Trd, 4319031.293, 93
Trd, 4319033.093, 75
Trd, 4319033.593, 98
Trd, 4319033.893, 118
Trd, 4319033.993, 76
Trd, 4319035.843, 140
Trd, 4319035.893, 138
Trd, 4319036.393, 140
Trd, 4319036.793, 140
Trd, 4319038.043, 140
Trd, 4319038.393, 138
Trd, 4319038.743, 140
Trd, 4319038.843, 137
Trd, 4319039.293, 140
Trd, 4319040.143, 120
Trd, 4319040.343, 94
Trd, 4319041.393, 140
Trd, 4319041.543, 120
Trd, 4319042.943, 124
Trd, 4319044.193, 125
Trd, 4319045.293, 140
Trd, 4319046.993, 140
Trd, 4319047.543, 140
Trd, 4319047.593, 140
Trd, 4319048.143, 139
Trd, 4319050.293, 140
Trd, 4319051.143, 140
Trd, 4319052.293, 137
Trd, 4319053.043, 93
Trd, 4319053.943, 133
Trd, 4319054.093, 131
Trd, 4319054.393, 69
Trd, 4319055.393, 79
Trd, 4319056.043, 95
Trd, 4319056.693, 91
Trd, 4319057.243, 100
Trd, 4319057.793, 62
Trd, 4319059.093, 63
Trd, 4319060.143, 140
Trd, 4319061.093, 83
Trd, 4319062.093, 140
Trd, 4319063.743, 140
Trd, 4319064.943, 140
Trd, 4319065.393, 140
Trd, 4319065.693, 140
Trd, 4319065.893, 140
Trd, 4319067.393, 140
Trd, 4319067.443, 140
Trd, 4319067.743, 79
Trd, 4319069.793, 106
Trd, 4319069.893, 115
Trd, 4319070.043, 100
Trd, 4319071.093, 101
Trd, 4319071.343, 99
Trd, 4319071.943, 133
Trd, 4319072.993, 139
Trd, 4319073.893, 140
Trd, 4319076.093, 140
Trd, 4319076.493, 140
Trd, 4319076.793, 140
Trd, 4319077.493, 140
Trd, 4319077.593, 139
Trd, 4319078.293, 139
Trd, 4319079.793, 140
Trd, 4319079.843, 125
Trd, 4319081.143, 138
Trd, 4319081.193, 79
Trd, 4319082.443, 69
Trd, 4319083.993, 63
Trd, 4319084.743, 103
Trd, 4319085.293, 106
Trd, 4319085.843, 106
Trd, 4319085.893, 100
Trd, 4319086.743, 82
Trd, 4319086.893, 107
Trd, 4319087.443, 84
Trd, 4319087.593, 96
Trd, 4319088.593, 140
Trd, 4319089.643, 92
Trd, 4319090.643, 91
Trd, 4319091.343, 139
Trd, 4319091.793, 92
Trd, 4319093.143, 93
Trd, 4319094.493, 100
Trd, 4319094.643, 91
Trd, 4319095.093, 94
Trd, 4319095.943, 92
Trd, 4319096.093, 87
Trd, 4319097.743, 140
Trd, 4319098.093, 117
Trd, 4319098.543, 112
Trd, 4319098.693, 110
Trd, 4319099.143, 76
Trd, 4319099.943, 140
Trd, 4319101.143, 139
Trd, 4319102.343, 79
Trd, 4319103.243, 122
Trd, 4319103.543, 121
Trd, 4319103.593, 120
Trd, 4319104.393, 103
Trd, 4319106.043, 124
Trd, 4319106.093, 123
Trd, 4319106.393, 137
Trd, 4319106.443, 122
Trd, 4319107.593, 62
Trd, 4319108.243, 82
Trd, 4319108.443, 112
Trd, 4319109.043, 81
Trd, 4319110.643, 140
Trd, 4319110.743, 81
Trd, 4319112.293, 79
Trd, 4319114.043, 140
Trd, 4319114.443, 140
Trd, 4319114.993, 140
Trd, 4319115.493, 139
Trd, 4319115.793, 138
Trd, 4319116.593, 139
Trd, 4319116.993, 127
Trd, 4319117.543, 109
Trd, 4319118.393, 95
Trd, 4319118.693, 139
Trd, 4319118.993, 76
Trd, 4319119.643, 100
Trd, 4319120.893, 140
Trd, 4319121.193, 140
Trd, 4319121.543, 140
Trd, 4319122.743, 105
Trd, 4319125.143, 96
Trd, 4319125.193, 95
Trd, 4319125.493, 94
Trd, 4319126.043, 93
Trd, 4319127.393, 87
Trd, 4319127.643, 81
Trd, 4319127.843, 79
Trd, 4319128.493, 138
Trd, 4319128.793, 109
Trd, 4319130.093, 140
Trd, 4319131.193, 126
Trd, 4319131.693, 93
Trd, 4319132.893, 129
Trd, 4319133.043, 91
Trd, 4319133.793, 134
Trd, 4319133.893, 136
Trd, 4319134.043, 133
Trd, 4319135.043, 132
Trd, 4319136.393, 68
Trd, 4319136.643, 127
Trd, 4319137.293, 68
Trd, 4319139.343, 129
Trd, 4319139.393, 118
Trd, 4319140.043, 125
Trd, 4319140.143, 124
Trd, 4319140.443, 110
Trd, 4319141.993, 140
Trd, 4319142.693, 139
Trd, 4319143.093, 140
Trd, 4319143.243, 140
Trd, 4319143.843, 140
Trd, 4319145.493, 140
Trd, 4319146.393, 140
Trd, 4319146.443, 140
Trd, 4319147.993, 129
Trd, 4319148.193, 86
Trd, 4319148.443, 121
Trd, 4319149.093, 138
Trd, 4319149.893, 63
Trd, 4319150.343, 137
Trd, 4319150.393, 109
Trd, 4319151.593, 140
Trd, 4319152.193, 140
Trd, 4319152.743, 140
Trd, 4319153.293, 140
Trd, 4319153.343, 140
Trd, 4319154.893, 62
Trd, 4319156.643, 140
Trd, 4319157.143, 140
Trd, 4319157.193, 139
Trd, 4319157.843, 140
Trd, 4319157.943, 132
Trd, 4319158.143, 132
Trd, 4319160.043, 60
Trd, 4319160.793, 135
Trd, 4319161.643, 82
Trd, 4319162.643, 107
Trd, 4319163.293, 140
Trd, 4319163.493, 119
Trd, 4319164.193, 140
Trd, 4319164.543, 70
Trd, 4319165.543, 97
Trd, 4319165.643, 91
Trd, 4319166.293, 91
Trd, 4319168.043, 130
Trd, 4319168.143, 99
Trd, 4319168.643, 102
Trd, 4319168.743, 98
Trd, 4319168.943, 92
Trd, 4319170.393, 140
Trd, 4319170.993, 66
Trd, 4319172.343, 64
Trd, 4319174.393, 83
Trd, 4319176.143, 77
Trd, 4319176.593, 101
Trd, 4319177.143, 118
Trd, 4319177.993, 116
Trd, 4319178.143, 92
Trd, 4319179.193, 94
Trd, 4319179.843, 97
Trd, 4319180.443, 140
Trd, 4319181.943, 140
Trd, 4319183.093, 140
Trd, 4319183.143, 137
Trd, 4319184.093, 134
Trd, 4319184.243, 134
Trd, 4319184.643, 134
Trd, 4319184.793, 133
Trd, 4319186.643, 139
Trd, 4319186.693, 133
Trd, 4319188.593, 139
Trd, 4319188.643, 105
Trd, 4319189.093, 107
Trd, 4319189.743, 105
Trd, 4319190.393, 106
Trd, 4319191.443, 137
Trd, 4319193.243, 119
Trd, 4319194.293, 121
Trd, 4319195.643, 139
Trd, 4319195.743, 138
Trd, 4319195.893, 118
Trd, 4319196.193, 113
Trd, 4319196.493, 112
Trd, 4319196.893, 102
Trd, 4319197.743, 75
Trd, 4319197.993, 70
Trd, 4319201.243, 140
Trd, 4319201.393, 139
Trd, 4319201.443, 136
Trd, 4319201.793, 122
Trd, 4319201.893, 66
Trd, 4319202.943, 104
Trd, 4319204.793, 140
Trd, 4319204.843, 140
Trd, 4319206.493, 104
Trd, 4319206.643, 113
Trd, 4319207.093, 109
Trd, 4319207.693, 140
Trd, 4319209.693, 80
Trd, 4319210.093, 140
Trd, 4319210.293, 140
Trd, 4319210.843, 140
Trd, 4319211.393, 91
Trd, 4319211.893, 70
Trd, 4319212.443, 93
Trd, 4319213.643, 135
Trd, 4319215.943, 140
Trd, 4319217.343, 140
Trd, 4319217.643, 140
Trd, 4319217.693, 140
Trd, 4319217.893, 138
Trd, 4319219.293, 129
Trd, 4319219.443, 129
Trd, 4319219.843, 128
Trd, 4319220.693, 117
Trd, 4319221.593, 140
Trd, 4319221.943, 114
Trd, 4319222.193, 63
Trd, 4319222.493, 77
Trd, 4319224.193, 85
Trd, 4319225.843, 60
Trd, 4319225.893, 66
Trd, 4319226.743, 74
Trd, 4319227.193, 73
Trd, 4319227.643, 70
Trd, 4319227.943, 96
Trd, 4319228.743, 99
Trd, 4319229.443, 98
Trd, 4319230.143, 78
Trd, 4319232.543, 98
Trd, 4319233.543, 136
Trd, 4319234.043, 133
Trd, 4319234.493, 124
Trd, 4319234.593, 113
Trd, 4319234.843, 89
Trd, 4319235.093, 87
Trd, 4319235.743, 139
Trd, 4319237.893, 87
Trd, 4319238.843, 64
Trd, 4319239.493, 82
Trd, 4319240.143, 75
Trd, 4319240.493, 65
Trd, 4319240.843, 64
Trd, 4319242.993, 115
Trd, 4319243.193, 116
Trd, 4319244.143, 115
Trd, 4319245.043, 107
Trd, 4319245.643, 136
Trd, 4319246.043, 122
Trd, 4319246.443, 97
Trd, 4319247.443, 140
Trd, 4319248.143, 120
Trd, 4319248.693, 120
Trd, 4319249.043, 80
Trd, 4319250.043, 120
Trd, 4319250.243, 135
Trd, 4319251.393, 129
Trd, 4319252.593, 129
Trd, 4319252.643, 136
Trd, 4319252.943, 105
Trd, 4319253.943, 62
Trd, 4319255.493, 60
Trd, 4319256.693, 126
Trd, 4319257.093, 140
Trd, 4319257.243, 140
Trd, 4319257.393, 140
Trd, 4319257.643, 139
Trd, 4319258.893, 139
Trd, 4319259.393, 114
Trd, 4319259.743, 100
Trd, 4319259.893, 99
Trd, 4319261.243, 99
Trd, 4319262.143, 96
Trd, 4319262.243, 92
Trd, 4319264.743, 102
Trd, 4319264.893, 138
Trd, 4319264.993, 90
Trd, 4319265.793, 94
Trd, 4319267.243, 97
Trd, 4319267.993, 99
Trd, 4319268.143, 98
Trd, 4319268.243, 106
Trd, 4319268.493, 93
Trd, 4319269.643, 97
Trd, 4319270.343, 140
Trd, 4319270.543, 138
Trd, 4319272.143, 87
Trd, 4319272.193, 86
Trd, 4319272.393, 81
Trd, 4319273.043, 139
Trd, 4319273.543, 140
Trd, 4319273.743, 139
Trd, 4319274.693, 138
Trd, 4319275.093, 83
Trd, 4319277.443, 119
Trd, 4319277.893, 127
Trd, 4319278.343, 126
Trd, 4319278.843, 137
Trd, 4319279.193, 133
Trd, 4319280.843, 140
Trd, 4319280.893, 138
Trd, 4319280.993, 101
Trd, 4319281.743, 133
Trd, 4319282.643, 116
Trd, 4319283.793, 84
Trd, 4319283.843, 105
Trd, 4319284.943, 136
Trd, 4319285.243, 125
Trd, 4319285.393, 124
Trd, 4319286.243, 65
Trd, 4319286.593, 66
Trd, 4319286.643, 79
Trd, 4319287.543, 67
Trd, 4319288.193, 93
Trd, 4319288.593, 66
Trd, 4319290.893, 64
Trd, 4319291.693, 67
Trd, 4319292.293, 72
Trd, 4319292.443, 73
Trd, 4319292.643, 97
Trd, 4319292.893, 123
Trd, 4319293.993, 68
Trd, 4319294.143, 74
Trd, 4319294.293, 64
Trd, 4319296.643, 60
Trd, 4319296.993, 90
Trd, 4319298.443, 63
Trd, 4319298.993, 67
Trd, 4319299.943, 93
Trd, 4319301.193, 77
Trd, 4319301.843, 104
Trd, 4319301.893, 103
Trd, 4319301.993, 84
Trd, 4319302.543, 94
Trd, 4319302.743, 72
Trd, 4319304.793, 81
Trd, 4319305.393, 61
Trd, 4319305.443, 122
Trd, 4319307.043, 66
Trd, 4319307.143, 69
Trd, 4319308.193, 69
Trd, 4319308.943, 97
Trd, 4319309.593, 68
Trd, 4319309.793, 76
Trd, 4319310.593, 77
Trd, 4319311.043, 68
Trd, 4319311.393, 108
Trd, 4319311.443, 107
Trd, 4319312.143, 98
Trd, 4319313.843, 96
Trd, 4319314.443, 118
Trd, 4319315.393, 76
Trd, 4319315.443, 74
Trd, 4319316.493, 118
Trd, 4319316.693, 118
Trd, 4319316.793, 111
Trd, 4319317.343, 139
Trd, 4319318.443, 139
Trd, 4319319.093, 87
Trd, 4319319.293, 121
Trd, 4319319.693, 85
Trd, 4319320.093, 126
Trd, 4319321.193, 83
Trd, 4319321.693, 140
Trd, 4319322.893, 140
Trd, 4319322.993, 140
Trd, 4319323.493, 93
Trd, 4319323.543, 87
Trd, 4319324.543, 140
Trd, 4319324.693, 139
Trd, 4319325.493, 138
Trd, 4319325.943, 68
Trd, 4319326.693, 83
Trd, 4319327.193, 64
Trd, 4319328.943, 69
Trd, 4319329.043, 64
Trd, 4319329.643, 62
Trd, 4319331.293, 70
Trd, 4319332.043, 140
Trd, 4319332.443, 140
Trd, 4319333.443, 140
Trd, 4319333.493, 140
Trd, 4319334.143, 136
Trd, 4319334.243, 135
Trd, 4319335.443, 115
Trd, 4319335.943, 103
Trd, 4319336.793, 61
Trd, 4319336.893, 72
Trd, 4319337.443, 79
Trd, 4319337.593, 139
Trd, 4319339.093, 138
Trd, 4319340.643, 133
Trd, 4319341.143, 133
Trd, 4319341.193, 115
Trd, 4319341.293, 130
Trd, 4319341.543, 82
Trd, 4319342.693, 108
Trd, 4319342.943, 76
Trd, 4319343.743, 140
Trd, 4319346.793, 64
Trd, 4319347.043, 60
Trd, 4319348.443, 80
Trd, 4319348.743, 103
Trd, 4319349.243, 95
Trd, 4319349.393, 90
Trd, 4319349.643, 84
Trd, 4319350.093, 98
Trd, 4319350.643, 127
Trd, 4319351.993, 129
Trd, 4319352.293, 119
Trd, 4319352.993, 121
Trd, 4319353.243, 65
Trd, 4319353.493, 103
Trd, 4319354.393, 109
Trd, 4319355.343, 77
Trd, 4319355.943, 82
Trd, 4319357.193, 60
Trd, 4319358.593, 68
Trd, 4319358.893, 78
Trd, 4319359.443, 107
Trd, 4319360.593, 65
Trd, 4319361.043, 69
Trd, 4319361.593, 60
Trd, 4319364.093, 110
Trd, 4319364.143, 109
Trd, 4319364.293, 79
Trd, 4319364.643, 122
Trd, 4319364.793, 121
Trd, 4319366.043, 90
Trd, 4319366.393, 131
Trd, 4319369.193, 68
Trd, 4319369.343, 71
Trd, 4319369.693, 110
Trd, 4319370.143, 98
Trd, 4319370.393, 96
Trd, 4319371.093, 63
Trd, 4319373.243, 140
Trd, 4319373.393, 120
Trd, 4319373.443, 119
Trd, 4319373.993, 76
Trd, 4319374.843, 120
Trd, 4319376.243, 81
Trd, 4319377.043, 68
Trd, 4319377.293, 87
Trd, 4319377.593, 71
Trd, 4319377.943, 88
Trd, 4319377.993, 72
Trd, 4319378.943, 140
Trd, 4319379.493, 94
Trd, 4319380.143, 85
Trd, 4319382.143, 78
Trd, 4319382.693, 140
Trd, 4319383.143, 140
Trd, 4319383.443, 140
Trd, 4319384.243, 100
Trd, 4319384.393, 99
Trd, 4319385.343, 140
Trd, 4319385.943, 74
Trd, 4319386.193, 69
Trd, 4319386.843, 122
Trd, 4319387.443, 103
Trd, 4319388.843, 135
Trd, 4319389.843, 134
Trd, 4319390.043, 139
Trd, 4319391.043, 140
Trd, 4319392.543, 140
Trd, 4319393.043, 140
Trd, 4319393.093, 140
Trd, 4319393.293, 140
Trd, 4319393.843, 140
Trd, 4319394.493, 116
Trd, 4319394.943, 107
Trd, 4319396.043, 109
Trd, 4319396.343, 108
Trd, 4319398.093, 95
Trd, 4319398.843, 112
Trd, 4319398.943, 92
Trd, 4319399.793, 139
Trd, 4319400.943, 138
Trd, 4319401.043, 129
Trd, 4319402.593, 128
Trd, 4319402.943, 126
Trd, 4319403.143, 125
Trd, 4319403.743, 113
Trd, 4319405.343, 140
Trd, 4319405.943, 140
Trd, 4319405.993, 140
Trd, 4319406.543, 140
Trd, 4319406.843, 68
Trd, 4319407.893, 140
Trd, 4319408.993, 90
Trd, 4319412.093, 140
Trd, 4319413.143, 140
Trd, 4319413.393, 140
Trd, 4319414.343, 140
Trd, 4319414.793, 140
Trd, 4319415.043, 137
Trd, 4319415.343, 99
Trd, 4319416.393, 101
Trd, 4319417.743, 129
Trd, 4319418.043, 129
Trd, 4319418.093, 109
Trd, 4319419.693, 140
Trd, 4319420.293, 140
Trd, 4319420.343, 139
Trd, 4319421.093, 139
Trd, 4319421.793, 139
Trd, 4319423.293, 139
Trd, 4319423.893, 140
Trd, 4319424.643, 132
Trd, 4319424.743, 127
Trd, 4319426.493, 65
Trd, 4319426.743, 94
Trd, 4319428.543, 140
Trd, 4319429.443, 140
Trd, 4319430.093, 140
Trd, 4319430.443, 140
Trd, 4319430.593, 139
Trd, 4319430.643, 132
Trd, 4319431.493, 140
Trd, 4319432.493, 136
Trd, 4319432.643, 123
Trd, 4319434.093, 107
Trd, 4319435.693, 90
Trd, 4319436.243, 107
Trd, 4319436.993, 116
Trd, 4319437.093, 138
Trd, 4319437.493, 97
Trd, 4319438.243, 97
Trd, 4319438.493, 96
Trd, 4319439.593, 120
Trd, 4319439.943, 140
Trd, 4319440.293, 139
Trd, 4319441.443, 77
Trd, 4319441.643, 76
Trd, 4319442.293, 66
Trd, 4319442.493, 108
Trd, 4319444.193, 60
Trd, 4319445.143, 75
Trd, 4319445.943, 76
Trd, 4319446.243, 75
Trd, 4319446.543, 65
Trd, 4319448.793, 66
Trd, 4319449.243, 78
Trd, 4319449.793, 73
Trd, 4319450.143, 73
Trd, 4319450.243, 61
Trd, 4319450.993, 97
Trd, 4319451.793, 103
Trd, 4319452.443, 140
Trd, 4319452.993, 140
Trd, 4319453.093, 132
Trd, 4319453.843, 76
Trd, 4319454.243, 97
Trd, 4319456.393, 98
Trd, 4319457.543, 77
Trd, 4319457.893, 79
Trd, 4319458.193, 60
Trd, 4319458.693, 84
Trd, 4319459.993, 62
Trd, 4319460.793, 60
Trd, 4319461.843, 136
Trd, 4319462.493, 116
Trd, 4319463.093, 140
Trd, 4319463.293, 116
Trd, 4319463.993, 135
Trd, 4319464.143, 115
Trd, 4319464.193, 70
Trd, 4319466.293, 122
Trd, 4319466.543, 82
Trd, 4319467.093, 62
Trd, 4319467.293, 64
Trd, 4319468.943, 140
Trd, 4319469.293, 140
Trd, 4319469.543, 140
Trd, 4319470.043, 140
Trd, 4319470.243, 64
Trd, 4319472.243, 62
Trd, 4319473.243, 66
Trd, 4319474.093, 72
Trd, 4319474.443, 71
Trd, 4319474.593, 91
Trd, 4319475.443, 86
Trd, 4319475.743, 75
Trd, 4319476.093, 123
Trd, 4319476.843, 140
Trd, 4319477.093, 140
Trd, 4319477.593, 140
Trd, 4319477.893, 128
Trd, 4319478.793, 140
Trd, 4319479.293, 111
Trd, 4319479.593, 91
Trd, 4319480.443, 74
Trd, 4319481.193, 71
Trd, 4319482.793, 79
Trd, 4319483.193, 82
Trd, 4319483.493, 81
Trd, 4319483.543, 108
Trd, 4319485.543, 87
Trd, 4319486.543, 139
Trd, 4319486.793, 110
Trd, 4319486.993, 90
Trd, 4319488.293, 61
Trd, 4319488.893, 64
Trd, 4319489.343, 75
Trd, 4319491.893, 85
Trd, 4319492.293, 108
Trd, 4319492.793, 109
Trd, 4319492.993, 86
Trd, 4319493.143, 129
Trd, 4319493.443, 87
Trd, 4319495.643, 88
Trd, 4319496.543, 99
Trd, 4319496.793, 101
Trd, 4319496.893, 75
Trd, 4319498.893, 76
Trd, 4319498.943, 84
Trd, 4319500.893, 140
Trd, 4319501.093, 140
Trd, 4319501.543, 140
Trd, 4319501.893, 140
Trd, 4319502.093, 140
Trd, 4319502.693, 103
Trd, 4319502.743, 102
Trd, 4319504.593, 135
Trd, 4319504.743, 131
Trd, 4319504.943, 98
Trd, 4319505.543, 140
Trd, 4319506.243, 139
Trd, 4319506.743, 65
Trd, 4319507.993, 67
Trd, 4319508.293, 87
Trd, 4319509.493, 90
Trd, 4319510.293, 74
Trd, 4319510.493, 81
Trd, 4319512.493, 65
Trd, 4319512.643, 81
Trd, 4319513.743, 80
Trd, 4319515.243, 76
Trd, 4319515.843, 113
Trd, 4319516.143, 111
Trd, 4319516.993, 79
Trd, 4319517.443, 140
Trd, 4319517.543, 139
Trd, 4319519.093, 62
Trd, 4319519.843, 120
Trd, 4319520.443, 85
Trd, 4319521.343, 99
Trd, 4319521.543, 97
Trd, 4319522.893, 127
Trd, 4319523.443, 98
Trd, 4319523.943, 99
Trd, 4319524.193, 98
Trd, 4319525.493, 128
Trd, 4319525.743, 92
Trd, 4319526.043, 87
Trd, 4319526.143, 121
Trd, 4319526.193, 87
Trd, 4319527.543, 140
Trd, 4319528.393, 139
Trd, 4319528.943, 140
Trd, 4319529.043, 140
Trd, 4319530.193, 140
Trd, 4319530.443, 140
Trd, 4319530.993, 79
Trd, 4319531.043, 87
Trd, 4319532.143, 60
Trd, 4319533.793, 60
Trd, 4319534.843, 70
Trd, 4319535.693, 106
Trd, 4319536.143, 91
Trd, 4319536.593, 80
Trd, 4319537.743, 64
Trd, 4319538.593, 64
Trd, 4319540.393, 72
Trd, 4319541.043, 140
Trd, 4319541.693, 140
Trd, 4319542.743, 136
Trd, 4319544.093, 140
Trd, 4319544.143, 138
Trd, 4319544.493, 131
Trd, 4319544.993, 133
Trd, 4319545.393, 108
Trd, 4319545.943, 86
Trd, 4319546.493, 83
Trd, 4319547.093, 139
Trd, 4319548.343, 73
Trd, 4319548.693, 96
Trd, 4319549.743, 139
Trd, 4319551.493, 61
Trd, 4319551.543, 67
Trd, 4319551.893, 72
Trd, 4319553.793, 100
Trd, 4319554.893, 89
Trd, 4319555.143, 89
Trd, 4319555.493, 89
Trd, 4319555.843, 87
Trd, 4319556.743, 100
Trd, 4319557.343, 140
Trd, 4319557.543, 140
Trd, 4319558.193, 140
Trd, 4319559.043, 127
Trd, 4319559.793, 70
Trd, 4319561.143, 84
Trd, 4319561.193, 93
Trd, 4319562.543, 67
Trd, 4319563.043, 67
Trd, 4319563.443, 73
Trd, 4319563.493, 82
Trd, 4319564.343, 60
Trd, 4319565.243, 74
Trd, 4319565.293, 124
Trd, 4319566.243, 95
Trd, 4319566.393, 93
Trd, 4319567.043, 68
Trd, 4319567.843, 102
Trd, 4319568.143, 101
Trd, 4319569.993, 105
Trd, 4319570.493, 140
Trd, 4319570.843, 140
Trd, 4319571.243, 140
Trd, 4319571.293, 140
Trd, 4319573.943, 137
Trd, 4319575.193, 109
Trd, 4319575.343, 108
Trd, 4319575.593, 73
Trd, 4319576.243, 115
Trd, 4319576.643, 114
Trd, 4319577.493, 118
Trd, 4319578.143, 138
Trd, 4319578.943, 137
Trd, 4319579.643, 120
Trd, 4319581.593, 140
Trd, 4319581.643, 140
Trd, 4319581.993, 138
Trd, 4319582.293, 128
Trd, 4319582.543, 139
Trd, 4319583.393, 85
Trd, 4319584.193, 122
Trd, 4319584.543, 129
Trd, 4319586.143, 140
Trd, 4319586.243, 140
Trd, 4319586.293, 138
Trd, 4319587.343, 113
Trd, 4319587.993, 116
Trd, 4319588.193, 99
Trd, 4319589.093, 65
Trd, 4319591.393, 101
Trd, 4319591.443, 116
Trd, 4319591.893, 104
Trd, 4319592.393, 102
Trd, 4319592.943, 126
Trd, 4319593.193, 140
Trd, 4319593.543, 118
Trd, 4319595.093, 66
Trd, 4319595.743, 66
Trd, 4319595.893, 76
Trd, 4319596.293, 71
Trd, 4319596.493, 83
Trd, 4319598.743, 106
Trd, 4319598.793, 105
Trd, 4319599.343, 140
Trd, 4319599.793, 104
Trd, 4319601.043, 113
Trd, 4319602.793, 115
Trd, 4319603.843, 140
Trd, 4319604.793, 126
Trd, 4319606.093, 140
Trd, 4319606.193, 140
Trd, 4319606.643, 128
Trd, 4319607.393, 128
Trd, 4319607.793, 93
Trd, 4319607.943, 97
Trd, 4319608.893, 140
Trd, 4319609.093, 84
Trd, 4319609.593, 96
Trd, 4319610.443, 121
Trd, 4319611.393, 139
Trd, 4319613.643, 72
Trd, 4319614.093, 124
Trd, 4319614.293, 114
Trd, 4319614.993, 90
Trd, 4319615.193, 89
Trd, 4319615.893, 89
Trd, 4319616.293, 92
Trd, 4319616.693, 92
Trd, 4319617.343, 137
Trd, 4319617.743, 90
Trd, 4319618.543, 66
Trd, 4319619.693, 139
Trd, 4319620.993, 112
Trd, 4319621.343, 110
Trd, 4319622.243, 140
Trd, 4319622.443, 140
Trd, 4319623.693, 139
Trd, 4319624.293, 140
Trd, 4319625.093, 140
Trd, 4319625.193, 140
Trd, 4319626.043, 140
Trd, 4319626.443, 140
Trd, 4319626.493, 140
Trd, 4319627.593, 94
Trd, 4319628.593, 119
Trd, 4319629.893, 138
Trd, 4319631.543, 118
Trd, 4319631.793, 117
Trd, 4319631.943, 117
Trd, 4319632.243, 116
Trd, 4319632.893, 139
Trd, 4319634.293, 140
Trd, 4319634.443, 134
Trd, 4319634.543, 131
Trd, 4319635.293, 101
Trd, 4319635.743, 140
Trd, 4319636.893, 74
Trd, 4319637.193, 70
Trd, 4319640.293, 140
Trd, 4319641.693, 140
Trd, 4319641.743, 140
Trd, 4319642.243, 140
Trd, 4319642.443, 140
Trd, 4319643.543, 104
Trd, 4319644.443, 129
Trd, 4319646.143, 140
Trd, 4319646.893, 140
Trd, 4319647.493, 140
Trd, 4319648.543, 140
Trd, 4319648.793, 140
Trd, 4319648.943, 140
Trd, 4319649.243, 140
Trd, 4319649.993, 137
Trd, 4319651.243, 140
Trd, 4319652.693, 140
Trd, 4319654.093, 140
Trd, 4319654.243, 140
Trd, 4319654.843, 138
Trd, 4319656.193, 104
Trd, 4319657.043, 61
Trd, 4319657.543, 64
Trd, 4319657.693, 71
Trd, 4319657.893, 63
Trd, 4319658.893, 86
Trd, 4319659.293, 106
Trd, 4319660.043, 103
Trd, 4319660.193, 86
Trd, 4319660.293, 74
Trd, 4319660.893, 74
Trd, 4319661.693, 140
Trd, 4319663.843, 64
Trd, 4319664.343, 106
Trd, 4319666.343, 68
Trd, 4319667.243, 66
Trd, 4319667.543, 62
Trd, 4319667.943, 72
Trd, 4319668.993, 99
Trd, 4319669.193, 99
Trd, 4319669.943, 100
Trd, 4319670.093, 109
Trd, 4319670.743, 101
Trd, 4319671.543, 102
Trd, 4319672.393, 104
Trd, 4319672.843, 119
Trd, 4319673.643, 140
Trd, 4319674.643, 140
Trd, 4319674.993, 108
Trd, 4319675.693, 98
Trd, 4319676.493, 94
Trd, 4319677.143, 91
Trd, 4319677.593, 80
Trd, 4319678.543, 78
Trd, 4319679.343, 137
Trd, 4319679.843, 130
Trd, 4319680.043, 120
Trd, 4319682.093, 140
Trd, 4319683.443, 115
Trd, 4319683.643, 115
Trd, 4319683.893, 116
Trd, 4319684.193, 128
Trd, 4319684.443, 123
Trd, 4319684.843, 116
Trd, 4319686.243, 119
Trd, 4319686.643, 140
Trd, 4319687.693, 140
Trd, 4319688.393, 140
Trd, 4319689.043, 140
Trd, 4319690.093, 140
Trd, 4319691.393, 139
Trd, 4319691.593, 117
Trd, 4319691.843, 116
Trd, 4319692.293, 117
Trd, 4319692.643, 97
Trd, 4319692.993, 101
Trd, 4319693.193, 96
Trd, 4319693.843, 120
Trd, 4319694.843, 96
Trd, 4319694.993, 100
Trd, 4319695.643, 100
Trd, 4319695.793, 113
Trd, 4319695.943, 62
Trd, 4319697.143, 140
Trd, 4319697.793, 140
Trd, 4319698.493, 140
Trd, 4319698.943, 140
Trd, 4319700.143, 135
Trd, 4319700.493, 140
Trd, 4319700.993, 140
Trd, 4319701.193, 140
Trd, 4319701.993, 134
Trd, 4319702.293, 134
Trd, 4319703.093, 140
Trd, 4319704.743, 135
Trd, 4319704.893, 121
Trd, 4319705.543, 90
Trd, 4319705.843, 82
Trd, 4319706.293, 60
Trd, 4319707.293, 77
Trd, 4319709.293, 85
Trd, 4319709.443, 126
Trd, 4319710.043, 85
Trd, 4319710.193, 107
Trd, 4319712.093, 140
Trd, 4319712.193, 140
Trd, 4319712.243, 140
Trd, 4319712.543, 110
Trd, 4319712.943, 140
Trd, 4319713.493, 140
Trd, 4319713.743, 140
Trd, 4319714.043, 139
Trd, 4319718.093, 61
Trd, 4319718.643, 74
Trd, 4319719.893, 60
Trd, 4319720.243, 61
Trd, 4319721.643, 63
Trd, 4319722.693, 139
Trd, 4319723.743, 139
Trd, 4319724.243, 138
Trd, 4319725.943, 128
Trd, 4319725.993, 136
Trd, 4319726.593, 125
Trd, 4319727.693, 97
Trd, 4319727.843, 85
Trd, 4319728.043, 85
Trd, 4319729.093, 139
Trd, 4319729.243, 125
Trd, 4319730.043, 118
Trd, 4319732.143, 124
Trd, 4319732.793, 127
Trd, 4319732.893, 125
Trd, 4319733.343, 140
Trd, 4319733.743, 115
Trd, 4319734.243, 73
Trd, 4319735.993, 82
Trd, 4319736.393, 140
Trd, 4319736.843, 138
Trd, 4319738.343, 123
Trd, 4319738.793, 123
Trd, 4319739.093, 123
Trd, 4319739.193, 74
Trd, 4319739.443, 75
Trd, 4319741.143, 88
Trd, 4319741.793, 100
Trd, 4319742.093, 64
Trd, 4319743.493, 69
Trd, 4319743.943, 78
Trd, 4319745.043, 78
Trd, 4319745.393, 77
Trd, 4319745.793, 89
Trd, 4319745.893, 106
Trd, 4319746.043, 76
Trd, 4319747.593, 73
Trd, 4319747.693, 81
Trd, 4319748.943, 60
Trd, 4319749.893, 62
Trd, 4319750.043, 136
Trd, 4319750.943, 140
Trd, 4319751.893, 140
Trd, 4319752.093, 140
Trd, 4319752.543, 140
Trd, 4319752.793, 140
Trd, 4319753.493, 140
Trd, 4319754.393, 140
Trd, 4319755.843, 140
Trd, 4319756.543, 106
Trd, 4319756.943, 137
Trd, 4319756.993, 87
Trd, 4319757.843, 108
Trd, 4319758.143, 139
Trd, 4319759.143, 114
Trd, 4319760.293, 63
Trd, 4319762.193, 71
Trd, 4319763.043, 70
Trd, 4319763.393, 106
Trd, 4319763.543, 117
Trd, 4319763.643, 132
Trd, 4319764.393, 101
Trd, 4319766.193, 140
Trd, 4319766.343, 140
Trd, 4319767.793, 140
Trd, 4319767.843, 139
Trd, 4319768.843, 115
Trd, 4319771.193, 131
Trd, 4319771.593, 111
Trd, 4319772.893, 139
Trd, 4319773.593, 140
Trd, 4319773.643, 140
Trd, 4319773.993, 138
Trd, 4319774.393, 115
Trd, 4319774.443, 95
Trd, 4319775.393, 87
Trd, 4319775.493, 136
Trd, 4319776.393, 140
Trd, 4319777.093, 96
Trd, 4319779.443, 60
Trd, 4319780.143, 72
Trd, 4319780.293, 79
Trd, 4319781.843, 106
Trd, 4319781.893, 69
Trd, 4319782.293, 96
Trd, 4319782.843, 72
Trd, 4319783.343, 69
Trd, 4319783.943, 89
Trd, 4319784.093, 106
Trd, 4319785.193, 121
Trd, 4319786.193, 140
Trd, 4319786.593, 121
Trd, 4319787.093, 121
Trd, 4319789.843, 140
Trd, 4319790.243, 140
Trd, 4319791.143, 140
Trd, 4319791.693, 140
Trd, 4319792.393, 131
Trd, 4319793.793, 96
Trd, 4319794.243, 106
Trd, 4319795.243, 138
Trd, 4319795.943, 117
Trd, 4319796.493, 140
Trd, 4319796.593, 116
Trd, 4319796.943, 93
Trd, 4319797.593, 140
Trd, 4319797.643, 127
Trd, 4319798.393, 134
Trd, 4319798.643, 125
Trd, 4319799.643, 60
Trd, 4319801.493, 138
Trd, 4319802.743, 140
Trd, 4319802.943, 140
Trd, 4319803.543, 140
Trd, 4319803.793, 101
Trd, 4319804.393, 101
Trd, 4319806.943, 140
Trd, 4319807.893, 140
Trd, 4319808.243, 140
Trd, 4319809.343, 72
Trd, 4319809.943, 120
Trd, 4319810.043, 118
Trd, 4319811.193, 140
Trd, 4319811.643, 126
Trd, 4319811.693, 122
Trd, 4319812.043, 61
Trd, 4319812.893, 140
Trd, 4319814.343, 140
Trd, 4319814.743, 140
Trd, 4319814.793, 91
Trd, 4319815.343, 138
Trd, 4319817.093, 96
Trd, 4319817.943, 77
Trd, 4319818.693, 63
Trd, 4319818.943, 64
Trd, 4319820.243, 64
Trd, 4319820.693, 65
Trd, 4319821.093, 67
Trd, 4319821.743, 83
Trd, 4319822.643, 140
Trd, 4319824.893, 140
Trd, 4319825.393, 140
Trd, 4319825.993, 140
Trd, 4319826.543, 140
Trd, 4319826.593, 108
Trd, 4319827.943, 140
Trd, 4319828.093, 140
Trd, 4319829.893, 140
Trd, 4319830.293, 140
Trd, 4319830.793, 140
Trd, 4319831.343, 140
Trd, 4319831.493, 140
Trd, 4319832.393, 110
Trd, 4319834.693, 140
Trd, 4319835.193, 140
Trd, 4319835.443, 140
Trd, 4319835.593, 140
Trd, 4319836.393, 95
Trd, 4319836.843, 121
Trd, 4319838.143, 127
Trd, 4319838.443, 79
Trd, 4319839.393, 140
Trd, 4319840.393, 140
Trd, 4319840.593, 140
Trd, 4319841.143, 140
Trd, 4319842.493, 93
Trd, 4319843.643, 99
Trd, 4319843.893, 140
Trd, 4319844.693, 140
Trd, 4319844.743, 92
Trd, 4319845.893, 62
Trd, 4319847.043, 111
Trd, 4319847.593, 104
Trd, 4319848.193, 106
Trd, 4319848.343, 105
Trd, 4319848.543, 117
Trd, 4319848.843, 67
Trd, 4319850.193, 97
Trd, 4319851.143, 140
Trd, 4319851.193, 140
Trd, 4319851.443, 140
Trd, 4319852.143, 140
Trd, 4319853.643, 140
Trd, 4319853.693, 115
Trd, 4319854.193, 82
Trd, 4319856.543, 111
Trd, 4319857.243, 139
Trd, 4319857.493, 138
Trd, 4319857.793, 73
Trd, 4319858.493, 125
Trd, 4319859.193, 119
Trd, 4319860.193, 66
Trd, 4319860.443, 88
Trd, 4319860.993, 81
Trd, 4319861.443, 140
Trd, 4319862.093, 140
Trd, 4319862.643, 140
Trd, 4319862.943, 80
Trd, 4319863.943, 60
Trd, 4319865.993, 80
Trd, 4319866.093, 72
Trd, 4319866.343, 71
Trd, 4319867.243, 140
Trd, 4319867.743, 138
Trd, 4319867.893, 91
Trd, 4319868.343, 140
Trd, 4319870.543, 130
Trd, 4319870.693, 129
Trd, 4319871.393, 129
Trd, 4319872.093, 140
Trd, 4319872.743, 138
Trd, 4319873.843, 139
Trd, 4319874.793, 139
Trd, 4319875.393, 107
Trd, 4319875.493, 105
Trd, 4319876.343, 121
Trd, 4319877.743, 137
Trd, 4319878.093, 84
Trd, 4319880.143, 140
Trd, 4319881.593, 140
Trd, 4319881.943, 140
Trd, 4319882.343, 140
Trd, 4319882.843, 140
Trd, 4319883.593, 134
Trd, 4319886.743, 140
Trd, 4319886.843, 140
Trd, 4319887.393, 136
Trd, 4319888.393, 139
Trd, 4319889.343, 103
Trd, 4319889.643, 105
Trd, 4319890.393, 115
Trd, 4319890.993, 139
Trd, 4319891.443, 139
Trd, 4319892.543, 140
Trd, 4319892.643, 140
Trd, 4319893.343, 139
Trd, 4319894.643, 95
Trd, 4319894.893, 113
Trd, 4319895.043, 91
Trd, 4319896.293, 140
Trd, 4319896.393, 140
Trd, 4319897.593, 140
Trd, 4319898.443, 140
Trd, 4319900.143, 114
Trd, 4319900.293, 115
Trd, 4319900.593, 112
Trd, 4319902.243, 140
Trd, 4319902.443, 132
Trd, 4319902.493, 126
Trd, 4319903.243, 140
Trd, 4319903.393, 140
Trd, 4319903.743, 77
Trd, 4319904.993, 101
Trd, 4319905.993, 69
Trd, 4319906.393, 68
Trd, 4319907.843, 129
Trd, 4319908.743, 100
Trd, 4319909.243, 98
Trd, 4319910.343, 98
Trd, 4319910.443, 87
Trd, 4319911.793, 108
Trd, 4319912.743, 123
Trd, 4319914.543, 129
Trd, 4319914.593, 123
Trd, 4319914.793, 97
Trd, 4319914.843, 127
Trd, 4319915.943, 140
Trd, 4319916.693, 140
Trd, 4319917.043, 140
Trd, 4319917.443, 140
Trd, 4319917.493, 140
Trd, 4319919.293, 97
Trd, 4319919.743, 79
Trd, 4319919.943, 78
Trd, 4319921.343, 136
Trd, 4319921.493, 92
Trd, 4319921.843, 140
Trd, 4319924.793, 140
Trd, 4319925.193, 140
Trd, 4319925.393, 140
Trd, 4319925.493, 140
Trd, 4319925.893, 126
Trd, 4319925.993, 105
Trd, 4319927.593, 140
Trd, 4319928.093, 140
Trd, 4319928.843, 138
Trd, 4319928.993, 137
Trd, 4319929.893, 138
Trd, 4319931.143, 136
Trd, 4319931.493, 132
Trd, 4319931.943, 103
Trd, 4319932.293, 91
Trd, 4319932.843, 137
Trd, 4319934.343, 107
Trd, 4319935.343, 69
Trd, 4319936.043, 64
Trd, 4319936.143, 90
Trd, 4319936.443, 63
Trd, 4319936.643, 64
Trd, 4319938.843, 130
Trd, 4319938.943, 129
Trd, 4319940.243, 130
Trd, 4319940.693, 129
Trd, 4319941.393, 140
Trd, 4319942.043, 129
Trd, 4319942.693, 94
Trd, 4319942.843, 88
Trd, 4319945.393, 140
Trd, 4319945.443, 139
Trd, 4319946.043, 137
Trd, 4319947.343, 140
Trd, 4319948.893, 140
Trd, 4319948.993, 92
Trd, 4319949.693, 90
Trd, 4319950.043, 88
Trd, 4319950.143, 83
Trd, 4319951.193, 115
Trd, 4319951.243, 114
Trd, 4319952.293, 103
Trd, 4319953.093, 73
Trd, 4319953.443, 63
Trd, 4319953.843, 140
Trd, 4319954.243, 140
Trd, 4319955.543, 140
Trd, 4319956.443, 110
Trd, 4319957.743, 140
Trd, 4319958.343, 115
Trd, 4319958.443, 114
Trd, 4319958.693, 112
Trd, 4319959.143, 105
Trd, 4319960.393, 97
Trd, 4319962.593, 122
Trd, 4319962.643, 77
Trd, 4319964.193, 131
Trd, 4319964.893, 84
Trd, 4319965.193, 103
Trd, 4319965.993, 100
Trd, 4319966.093, 79
Trd, 4319966.693, 81
Trd, 4319968.493, 107
Trd, 4319970.043, 130
Trd, 4319970.243, 106
Trd, 4319970.493, 116
Trd, 4319970.643, 139
Trd, 4319971.643, 115
Trd, 4319972.293, 125
Trd, 4319972.843, 113
Trd, 4319972.943, 112
Trd, 4319974.293, 139
Trd, 4319976.543, 138
Trd, 4319976.843, 109
Trd, 4319977.343, 109
Trd, 4319978.043, 105
Trd, 4319978.143, 108
Trd, 4319979.593, 140
Trd, 4319979.893, 138
Trd, 4319980.243, 93
Trd, 4319980.743, 92
Trd, 4319981.743, 138
Trd, 4319982.393, 124
Trd, 4319982.493, 108
Trd, 4319983.443, 60
Trd, 4319986.043, 73
Trd, 4319987.443, 139
Trd, 4319987.493, 138
Trd, 4319988.493, 95
Trd, 4319990.293, 71
Trd, 4319990.843, 123
Trd, 4319991.093, 68
Trd, 4319991.343, 74
Trd, 4319992.543, 140
Trd, 4319992.643, 140
Trd, 4319993.243, 128
Trd, 4319994.093, 139
Trd, 4319994.643, 130
Trd, 4319994.943, 104
Trd, 4319995.293, 91
Trd, 4319995.743, 135
Trd, 4319996.643, 140
Trd, 4319998.393, 130
