Trd, 4318078.193, 140
Trd, 4318078.293, 140
Trd, 4318078.843, 140
Trd, 4318079.093, 139
Trd, 4318079.193, 118
Trd, 4318081.693, 140
Trd, 4318082.443, 140
Trd, 4318083.493, 140
Trd, 4318083.593, 140
Trd, 4318084.293, 137
Trd, 4318085.343, 139
Trd, 4318086.643, 140
Trd, 4318086.743, 140
Trd, 4318088.443, 140
Trd, 4318088.643, 140
Trd, 4318089.143, 139
Trd, 4318090.693, 129
Trd, 4318091.593, 129
Trd, 4318091.943, 140
Trd, 4318092.943, 118
Trd, 4318093.143, 86
Trd, 4318093.293, 119
Trd, 4318094.243, 72
Trd, 4318095.043, 79
Trd, 4318095.893, 106
Trd, 4318095.993, 121
Trd, 4318098.093, 127
Trd, 4318098.643, 125
Trd, 4318100.593, 139
Trd, 4318101.243, 127
Trd, 4318101.443, 125
Trd, 4318101.893, 138
Trd, 4318102.143, 140
Trd, 4318102.493, 139
Trd, 4318103.793, 106
Trd, 4318104.093, 95
Trd, 4318104.393, 74
Trd, 4318105.693, 93
Trd, 4318105.793, 115
Trd, 4318106.743, 92
Trd, 4318106.893, 84
Trd, 4318107.393, 82
Trd, 4318108.443, 106
Trd, 4318109.293, 138
Trd, 4318109.393, 131
Trd, 4318109.793, 140
Trd, 4318113.143, 140
Trd, 4318113.343, 140
Trd, 4318113.943, 140
Trd, 4318114.693, 140
Trd, 4318115.893, 140
Trd, 4318115.993, 140
Trd, 4318116.243, 139
Trd, 4318116.443, 139
Trd, 4318117.593, 133
Trd, 4318121.043, 140
Trd, 4318121.243, 108
Trd, 4318121.593, 102
Trd, 4318122.093, 101
Trd, 4318122.493, 133
Trd, 4318122.793, 136
Trd, 4318124.243, 140
Trd, 4318124.443, 131
Trd, 4318125.943, 140
Trd, 4318126.043, 139
Trd, 4318127.993, 140
Trd, 4318128.293, 139
Trd, 4318129.143, 140
Trd, 4318129.943, 139
Trd, 4318131.443, 139
Trd, 4318131.893, 138
Trd, 4318132.243, 122
Trd, 4318133.543, 103
Trd, 4318133.843, 113
Trd, 4318134.093, 140
Trd, 4318134.743, 140
Trd, 4318135.693, 140
Trd, 4318136.643, 140
Trd, 4318137.943, 137
Trd, 4318138.943, 137
Trd, 4318139.643, 140
Trd, 4318140.593, 140
Trd, 4318140.993, 138
Trd, 4318141.543, 139
Trd, 4318143.143, 102
Trd, 4318145.293, 140
Trd, 4318145.943, 140
Trd, 4318147.143, 140
Trd, 4318147.343, 139
Trd, 4318147.593, 134
Trd, 4318149.943, 140
Trd, 4318150.543, 140
Trd, 4318150.593, 140
Trd, 4318151.693, 140
Trd, 4318152.993, 140
Trd, 4318153.043, 140
Trd, 4318153.893, 109
Trd, 4318154.243, 103
Trd, 4318154.493, 97
Trd, 4318155.843, 139
Trd, 4318156.693, 140
Trd, 4318157.143, 70
Trd, 4318158.093, 105
Trd, 4318158.893, 139
Trd, 4318159.343, 140
Trd, 4318160.993, 60
Trd, 4318161.293, 60
Trd, 4318162.743, 110
Trd, 4318163.093, 129
Trd, 4318163.343, 130
Trd, 4318163.593, 93
Trd, 4318164.593, 140
Trd, 4318165.543, 126
Trd, 4318166.693, 135
Trd, 4318167.093, 140
Trd, 4318167.393, 140
Trd, 4318167.743, 138
Trd, 4318168.643, 110
Trd, 4318170.893, 116
Trd, 4318172.593, 136
Trd, 4318173.193, 113
Trd, 4318173.243, 121
Trd, 4318173.393, 112
Trd, 4318175.143, 140
Trd, 4318175.243, 138
Trd, 4318176.843, 140
Trd, 4318177.043, 140
Trd, 4318178.143, 140
Trd, 4318178.843, 105
Trd, 4318179.293, 104
Trd, 4318179.793, 139
Trd, 4318180.143, 139
Trd, 4318180.443, 117
Trd, 4318181.293, 126
Trd, 4318182.193, 84
Trd, 4318183.943, 140
Trd, 4318186.393, 140
Trd, 4318186.543, 140
Trd, 4318187.543, 140
Trd, 4318187.643, 140
Trd, 4318187.693, 139
Trd, 4318189.343, 140
Trd, 4318189.693, 138
Trd, 4318191.243, 139
Trd, 4318191.293, 119
Trd, 4318191.793, 112
Trd, 4318192.043, 140
Trd, 4318192.443, 140
Trd, 4318193.093, 138
Trd, 4318193.393, 140
Trd, 4318195.743, 60
Trd, 4318195.793, 60
Trd, 4318197.493, 132
Trd, 4318198.943, 140
Trd, 4318199.793, 140
Trd, 4318200.743, 140
Trd, 4318201.093, 140
Trd, 4318202.643, 138
Trd, 4318202.743, 138
Trd, 4318203.343, 138
Trd, 4318204.293, 139
Trd, 4318204.793, 134
Trd, 4318204.943, 134
Trd, 4318206.893, 118
Trd, 4318206.993, 140
Trd, 4318209.093, 117
Trd, 4318209.193, 134
Trd, 4318209.243, 106
Trd, 4318209.443, 137
Trd, 4318210.343, 113
Trd, 4318211.093, 139
Trd, 4318212.993, 137
Trd, 4318214.743, 139
Trd, 4318215.293, 136
Trd, 4318216.493, 134
Trd, 4318217.043, 140
Trd, 4318217.643, 117
Trd, 4318217.693, 108
Trd, 4318218.293, 139
Trd, 4318219.543, 140
Trd, 4318219.943, 140
Trd, 4318220.293, 114
Trd, 4318221.693, 140
Trd, 4318222.243, 140
Trd, 4318222.343, 137
Trd, 4318223.593, 140
Trd, 4318223.643, 139
Trd, 4318224.343, 140
Trd, 4318225.543, 140
Trd, 4318226.493, 140
Trd, 4318227.343, 140
Trd, 4318227.843, 140
Trd, 4318228.043, 124
Trd, 4318228.993, 65
Trd, 4318229.943, 65
Trd, 4318230.093, 123
Trd, 4318230.143, 124
Trd, 4318231.043, 90
Trd, 4318231.293, 130
Trd, 4318232.143, 139
Trd, 4318232.493, 129
Trd, 4318232.893, 140
Trd, 4318233.843, 140
Trd, 4318234.493, 119
Trd, 4318236.143, 140
Trd, 4318236.543, 140
Trd, 4318237.443, 117
Trd, 4318238.293, 100
Trd, 4318239.043, 140
Trd, 4318239.493, 136
Trd, 4318239.843, 112
Trd, 4318240.893, 74
Trd, 4318241.093, 73
Trd, 4318241.493, 139
Trd, 4318242.593, 81
Trd, 4318243.293, 132
Trd, 4318243.393, 134
Trd, 4318243.643, 72
Trd, 4318245.493, 61
Trd, 4318245.843, 60
Trd, 4318246.543, 118
Trd, 4318248.293, 140
Trd, 4318249.743, 140
Trd, 4318251.043, 140
Trd, 4318251.193, 140
Trd, 4318251.293, 139
Trd, 4318252.593, 139
Trd, 4318253.943, 139
Trd, 4318254.043, 105
Trd, 4318254.443, 137
Trd, 4318254.693, 138
Trd, 4318254.943, 105
Trd, 4318256.843, 115
Trd, 4318257.243, 140
Trd, 4318258.443, 81
Trd, 4318258.843, 92
Trd, 4318259.743, 64
Trd, 4318259.843, 64
Trd, 4318260.743, 70
Trd, 4318261.293, 60
Trd, 4318261.993, 60
Trd, 4318263.443, 117
Trd, 4318263.743, 139
Trd, 4318264.293, 140
Trd, 4318264.443, 139
Trd, 4318265.543, 83
Trd, 4318265.643, 74
Trd, 4318266.593, 60
Trd, 4318267.343, 60
Trd, 4318267.443, 60
Trd, 4318268.043, 136
Trd, 4318268.643, 132
Trd, 4318269.843, 64
Trd, 4318271.143, 62
Trd, 4318271.793, 122
Trd, 4318272.843, 105
Trd, 4318273.043, 104
Trd, 4318273.543, 121
Trd, 4318273.993, 90
Trd, 4318275.343, 139
Trd, 4318276.093, 128
Trd, 4318276.693, 118
Trd, 4318276.943, 80
Trd, 4318277.043, 77
Trd, 4318278.743, 119
Trd, 4318279.143, 109
Trd, 4318279.243, 111
Trd, 4318279.993, 85
Trd, 4318280.993, 76
Trd, 4318281.693, 90
Trd, 4318282.243, 91
Trd, 4318282.743, 88
Trd, 4318283.143, 88
Trd, 4318284.043, 140
Trd, 4318285.443, 140
Trd, 4318286.043, 131
Trd, 4318287.743, 140
Trd, 4318288.343, 140
Trd, 4318289.243, 139
Trd, 4318289.593, 115
Trd, 4318291.243, 140
Trd, 4318291.943, 140
Trd, 4318291.993, 140
Trd, 4318292.543, 107
Trd, 4318294.043, 128
Trd, 4318294.493, 82
Trd, 4318295.743, 140
Trd, 4318295.993, 140
Trd, 4318296.843, 140
Trd, 4318298.843, 140
Trd, 4318299.493, 140
Trd, 4318299.693, 137
Trd, 4318300.193, 136
Trd, 4318300.393, 100
Trd, 4318301.393, 129
Trd, 4318301.493, 132
Trd, 4318302.043, 134
Trd, 4318302.443, 96
Trd, 4318306.043, 93
Trd, 4318306.193, 94
Trd, 4318306.843, 140
Trd, 4318307.243, 119
Trd, 4318307.693, 87
Trd, 4318308.793, 136
Trd, 4318308.893, 114
Trd, 4318308.943, 108
Trd, 4318309.593, 74
Trd, 4318309.643, 62
Trd, 4318310.743, 62
Trd, 4318311.593, 105
Trd, 4318314.293, 140
Trd, 4318314.343, 140
Trd, 4318315.443, 140
Trd, 4318316.143, 140
Trd, 4318316.243, 111
Trd, 4318317.693, 139
Trd, 4318317.993, 139
Trd, 4318320.593, 140
Trd, 4318320.843, 138
Trd, 4318321.793, 105
Trd, 4318322.643, 95
Trd, 4318323.293, 139
Trd, 4318324.693, 140
Trd, 4318325.093, 137
Trd, 4318326.693, 139
Trd, 4318327.493, 140
Trd, 4318328.193, 140
Trd, 4318328.493, 138
Trd, 4318328.643, 117
Trd, 4318329.843, 140
Trd, 4318331.243, 113
Trd, 4318332.743, 140
Trd, 4318333.043, 112
Trd, 4318333.393, 136
Trd, 4318333.593, 139
Trd, 4318336.443, 140
Trd, 4318337.043, 140
Trd, 4318337.893, 140
Trd, 4318338.143, 140
Trd, 4318339.693, 140
Trd, 4318340.043, 140
Trd, 4318342.243, 140
Trd, 4318342.293, 140
Trd, 4318342.593, 140
Trd, 4318344.293, 140
Trd, 4318344.843, 140
Trd, 4318345.193, 139
Trd, 4318345.243, 137
Trd, 4318345.843, 109
Trd, 4318346.493, 106
Trd, 4318349.043, 140
Trd, 4318349.893, 140
Trd, 4318349.943, 139
Trd, 4318351.493, 140
Trd, 4318352.443, 140
Trd, 4318352.593, 139
Trd, 4318352.793, 139
Trd, 4318353.293, 140
Trd, 4318354.593, 139
Trd, 4318355.093, 119
Trd, 4318356.093, 118
Trd, 4318356.793, 117
Trd, 4318358.693, 140
Trd, 4318359.093, 140
Trd, 4318359.243, 125
Trd, 4318359.743, 121
Trd, 4318360.393, 122
Trd, 4318361.993, 140
Trd, 4318362.543, 140
Trd, 4318362.693, 140
Trd, 4318362.993, 138
Trd, 4318363.393, 138
Trd, 4318363.593, 113
Trd, 4318364.193, 138
Trd, 4318364.593, 140
Trd, 4318365.043, 106
Trd, 4318366.043, 112
Trd, 4318366.093, 104
Trd, 4318367.893, 140
Trd, 4318369.293, 140
Trd, 4318369.993, 138
Trd, 4318370.593, 140
Trd, 4318371.293, 128
Trd, 4318371.643, 117
Trd, 4318371.993, 85
Trd, 4318373.243, 138
Trd, 4318373.693, 140
Trd, 4318374.543, 108
Trd, 4318374.843, 132
Trd, 4318374.893, 83
Trd, 4318376.993, 140
Trd, 4318377.643, 139
Trd, 4318377.993, 138
Trd, 4318381.543, 140
Trd, 4318382.093, 140
Trd, 4318382.393, 139
Trd, 4318383.093, 139
Trd, 4318383.843, 139
Trd, 4318384.093, 138
Trd, 4318384.693, 100
Trd, 4318384.993, 94
Trd, 4318386.593, 140
Trd, 4318386.943, 140
Trd, 4318387.193, 139
Trd, 4318387.343, 107
Trd, 4318388.343, 110
Trd, 4318390.143, 61
Trd, 4318390.293, 111
Trd, 4318390.793, 60
Trd, 4318392.293, 136
Trd, 4318393.943, 140
Trd, 4318394.143, 138
Trd, 4318395.043, 140
Trd, 4318395.393, 137
Trd, 4318395.743, 119
Trd, 4318397.593, 139
Trd, 4318398.943, 140
Trd, 4318399.293, 139
Trd, 4318399.943, 139
Trd, 4318400.243, 131
Trd, 4318400.643, 137
Trd, 4318402.093, 121
Trd, 4318403.343, 139
Trd, 4318404.593, 138
Trd, 4318405.093, 138
Trd, 4318405.793, 140
Trd, 4318407.693, 139
Trd, 4318407.743, 115
Trd, 4318409.793, 140
Trd, 4318409.993, 139
Trd, 4318410.093, 110
Trd, 4318410.793, 137
Trd, 4318411.243, 125
Trd, 4318411.343, 125
Trd, 4318411.943, 99
Trd, 4318413.843, 140
Trd, 4318415.193, 140
Trd, 4318415.943, 138
Trd, 4318416.243, 114
Trd, 4318416.643, 97
Trd, 4318418.443, 140
Trd, 4318419.293, 140
Trd, 4318419.843, 140
Trd, 4318420.243, 140
Trd, 4318422.043, 140
Trd, 4318423.543, 140
Trd, 4318423.743, 140
Trd, 4318424.193, 140
Trd, 4318424.343, 140
Trd, 4318425.443, 138
Trd, 4318425.743, 137
Trd, 4318427.643, 97
Trd, 4318429.293, 137
Trd, 4318429.343, 100
Trd, 4318429.593, 90
Trd, 4318429.993, 140
Trd, 4318430.743, 138
Trd, 4318432.693, 139
Trd, 4318434.643, 140
Trd, 4318434.993, 140
Trd, 4318435.793, 140
Trd, 4318435.993, 140
Trd, 4318436.343, 140
Trd, 4318437.443, 104
Trd, 4318439.043, 138
Trd, 4318440.843, 140
Trd, 4318440.893, 140
Trd, 4318441.643, 140
Trd, 4318441.893, 137
Trd, 4318443.293, 109
Trd, 4318443.393, 82
Trd, 4318444.893, 139
Trd, 4318445.393, 140
Trd, 4318446.993, 120
Trd, 4318447.343, 84
Trd, 4318447.393, 93
Trd, 4318447.593, 94
Trd, 4318449.243, 64
Trd, 4318450.143, 138
Trd, 4318450.493, 71
Trd, 4318451.343, 140
Trd, 4318451.943, 140
Trd, 4318452.143, 139
Trd, 4318453.693, 140
Trd, 4318454.043, 137
Trd, 4318455.293, 134
Trd, 4318457.693, 139
Trd, 4318457.843, 140
Trd, 4318458.043, 118
Trd, 4318459.443, 75
Trd, 4318460.443, 140
Trd, 4318461.143, 140
Trd, 4318461.793, 139
Trd, 4318462.843, 123
Trd, 4318463.893, 138
Trd, 4318464.193, 139
Trd, 4318464.443, 140
Trd, 4318464.793, 126
Trd, 4318465.743, 127
Trd, 4318466.393, 139
Trd, 4318467.793, 95
Trd, 4318468.243, 69
Trd, 4318470.443, 100
Trd, 4318470.693, 115
Trd, 4318470.943, 116
Trd, 4318470.993, 103
Trd, 4318471.293, 86
Trd, 4318473.443, 140
Trd, 4318473.893, 139
Trd, 4318474.443, 140
Trd, 4318474.693, 140
Trd, 4318474.993, 99
Trd, 4318475.493, 140
Trd, 4318476.943, 139
Trd, 4318478.243, 139
Trd, 4318478.793, 139
Trd, 4318478.993, 138
Trd, 4318479.693, 132
Trd, 4318482.593, 140
Trd, 4318482.643, 140
Trd, 4318483.293, 139
Trd, 4318484.093, 140
Trd, 4318484.443, 140
Trd, 4318484.593, 129
Trd, 4318486.543, 140
Trd, 4318487.993, 140
Trd, 4318488.043, 140
Trd, 4318488.193, 140
Trd, 4318489.143, 139
Trd, 4318489.343, 115
Trd, 4318490.593, 108
Trd, 4318491.443, 140
Trd, 4318491.643, 139
Trd, 4318492.493, 120
Trd, 4318494.093, 138
Trd, 4318494.793, 117
Trd, 4318495.643, 140
Trd, 4318496.593, 140
Trd, 4318497.343, 140
Trd, 4318497.643, 140
Trd, 4318497.793, 140
Trd, 4318498.443, 107
Trd, 4318498.893, 93
Trd, 4318500.793, 125
Trd, 4318500.993, 127
Trd, 4318501.443, 119
Trd, 4318502.093, 110
Trd, 4318502.193, 109
Trd, 4318502.443, 139
Trd, 4318503.893, 123
Trd, 4318504.693, 77
Trd, 4318505.593, 139
Trd, 4318505.743, 124
Trd, 4318506.693, 138
Trd, 4318507.243, 110
Trd, 4318508.093, 87
Trd, 4318509.443, 140
Trd, 4318509.943, 140
Trd, 4318511.193, 140
Trd, 4318511.293, 140
Trd, 4318511.643, 137
Trd, 4318511.993, 99
Trd, 4318513.643, 90
Trd, 4318513.793, 78
Trd, 4318514.693, 83
Trd, 4318514.793, 85
Trd, 4318515.343, 138
Trd, 4318515.693, 81
Trd, 4318516.043, 65
Trd, 4318518.793, 140
Trd, 4318519.893, 140
Trd, 4318521.293, 140
Trd, 4318521.843, 140
Trd, 4318521.943, 140
Trd, 4318522.043, 133
Trd, 4318523.193, 139
Trd, 4318523.493, 139
Trd, 4318523.993, 102
Trd, 4318525.543, 140
Trd, 4318525.743, 140
Trd, 4318527.143, 140
Trd, 4318527.193, 139
Trd, 4318528.343, 140
Trd, 4318529.043, 125
Trd, 4318530.443, 139
Trd, 4318530.593, 138
Trd, 4318530.643, 140
Trd, 4318531.343, 138
Trd, 4318532.243, 120
Trd, 4318532.443, 113
Trd, 4318532.693, 105
Trd, 4318534.343, 140
Trd, 4318534.793, 139
Trd, 4318535.593, 119
Trd, 4318537.843, 140
Trd, 4318538.343, 123
Trd, 4318538.743, 121
Trd, 4318538.943, 140
Trd, 4318539.193, 121
Trd, 4318540.243, 108
Trd, 4318541.543, 98
Trd, 4318541.893, 129
Trd, 4318542.243, 123
Trd, 4318542.693, 97
Trd, 4318543.093, 119
Trd, 4318543.393, 124
Trd, 4318543.693, 139
Trd, 4318544.093, 66
Trd, 4318544.843, 65
Trd, 4318546.293, 140
Trd, 4318546.493, 140
Trd, 4318548.593, 140
Trd, 4318548.993, 140
Trd, 4318549.743, 140
Trd, 4318551.093, 139
Trd, 4318552.143, 140
Trd, 4318552.943, 140
Trd, 4318554.743, 140
Trd, 4318554.993, 138
Trd, 4318555.143, 140
Trd, 4318555.493, 120
Trd, 4318557.193, 98
Trd, 4318557.343, 84
Trd, 4318557.393, 122
Trd, 4318557.593, 109
Trd, 4318558.093, 122
Trd, 4318558.793, 109
Trd, 4318559.743, 88
Trd, 4318560.193, 140
Trd, 4318560.943, 114
Trd, 4318561.293, 139
Trd, 4318561.993, 60
Trd, 4318562.243, 76
Trd, 4318563.893, 93
Trd, 4318565.693, 140
Trd, 4318565.893, 140
Trd, 4318566.993, 140
Trd, 4318567.443, 140
Trd, 4318567.593, 140
Trd, 4318568.843, 140
Trd, 4318569.293, 138
Trd, 4318570.193, 89
Trd, 4318572.193, 140
Trd, 4318574.293, 139
Trd, 4318574.493, 139
Trd, 4318574.543, 123
Trd, 4318575.093, 118
Trd, 4318575.193, 122
Trd, 4318575.443, 140
Trd, 4318577.043, 140
Trd, 4318577.243, 140
Trd, 4318578.993, 140
Trd, 4318579.643, 140
Trd, 4318581.043, 140
Trd, 4318582.193, 140
Trd, 4318582.793, 140
Trd, 4318584.043, 140
Trd, 4318585.593, 140
Trd, 4318585.843, 140
Trd, 4318586.393, 140
Trd, 4318586.843, 140
Trd, 4318587.043, 117
Trd, 4318587.693, 89
Trd, 4318587.943, 87
Trd, 4318589.493, 140
Trd, 4318590.693, 140
Trd, 4318591.543, 140
Trd, 4318591.643, 140
Trd, 4318593.893, 140
Trd, 4318593.993, 140
Trd, 4318595.093, 140
Trd, 4318596.643, 140
Trd, 4318597.593, 140
Trd, 4318598.093, 140
Trd, 4318599.293, 140
Trd, 4318599.743, 115
Trd, 4318599.843, 105
Trd, 4318600.543, 140
Trd, 4318600.743, 87
Trd, 4318601.693, 68
Trd, 4318602.493, 64
Trd, 4318602.543, 65
Trd, 4318602.793, 66
Trd, 4318603.293, 133
Trd, 4318605.193, 98
Trd, 4318606.893, 140
Trd, 4318607.443, 140
Trd, 4318607.493, 138
Trd, 4318608.543, 140
Trd, 4318608.843, 135
Trd, 4318609.793, 104
Trd, 4318610.443, 89
Trd, 4318610.693, 86
Trd, 4318610.893, 113
Trd, 4318612.343, 68
Trd, 4318614.293, 140
Trd, 4318614.693, 140
Trd, 4318616.093, 139
Trd, 4318616.643, 139
Trd, 4318616.893, 140
Trd, 4318617.143, 139
Trd, 4318617.743, 135
Trd, 4318619.043, 126
Trd, 4318620.893, 138
Trd, 4318620.943, 137
Trd, 4318621.293, 134
Trd, 4318621.943, 126
Trd, 4318622.693, 133
Trd, 4318623.193, 97
Trd, 4318624.693, 140
Trd, 4318625.593, 140
Trd, 4318625.843, 140
Trd, 4318626.143, 140
Trd, 4318626.543, 114
Trd, 4318627.793, 140
Trd, 4318628.893, 140
Trd, 4318630.943, 140
Trd, 4318631.943, 140
Trd, 4318631.993, 140
Trd, 4318632.243, 139
Trd, 4318632.493, 136
Trd, 4318632.793, 140
Trd, 4318633.143, 140
Trd, 4318633.193, 104
Trd, 4318634.393, 60
Trd, 4318635.843, 89
Trd, 4318636.143, 140
Trd, 4318636.343, 106
Trd, 4318636.893, 106
Trd, 4318637.193, 128
Trd, 4318637.793, 99
Trd, 4318637.993, 118
Trd, 4318638.343, 98
Trd, 4318641.493, 140
Trd, 4318641.743, 140
Trd, 4318642.043, 140
Trd, 4318642.393, 140
Trd, 4318643.643, 140
Trd, 4318644.643, 137
Trd, 4318646.143, 111
Trd, 4318646.893, 140
Trd, 4318647.743, 140
Trd, 4318648.893, 140
Trd, 4318649.493, 140
Trd, 4318650.343, 140
Trd, 4318650.443, 140
Trd, 4318651.193, 140
Trd, 4318651.393, 140
Trd, 4318652.543, 140
Trd, 4318652.643, 140
Trd, 4318654.043, 139
Trd, 4318654.543, 140
Trd, 4318655.343, 140
Trd, 4318657.143, 140
Trd, 4318657.343, 117
Trd, 4318657.443, 138
Trd, 4318658.493, 122
Trd, 4318660.443, 117
Trd, 4318661.493, 140
Trd, 4318661.593, 140
Trd, 4318662.543, 140
Trd, 4318662.843, 140
Trd, 4318663.493, 140
Trd, 4318663.593, 138
Trd, 4318666.193, 140
Trd, 4318667.293, 140
Trd, 4318668.993, 140
Trd, 4318669.043, 140
Trd, 4318669.143, 139
Trd, 4318669.693, 138
Trd, 4318669.893, 112
Trd, 4318670.343, 109
Trd, 4318672.143, 101
Trd, 4318672.443, 86
Trd, 4318672.543, 138
Trd, 4318673.393, 140
Trd, 4318674.893, 140
Trd, 4318676.493, 140
Trd, 4318676.543, 140
Trd, 4318676.643, 140
Trd, 4318677.693, 140
Trd, 4318678.743, 139
Trd, 4318679.893, 140
Trd, 4318680.543, 114
Trd, 4318680.893, 70
Trd, 4318682.543, 139
Trd, 4318682.593, 115
Trd, 4318683.343, 60
Trd, 4318683.493, 60
Trd, 4318684.993, 60
Trd, 4318685.893, 60
Trd, 4318686.193, 62
Trd, 4318687.243, 80
Trd, 4318689.393, 107
Trd, 4318689.443, 109
Trd, 4318689.743, 65
Trd, 4318690.193, 60
Trd, 4318691.043, 132
Trd, 4318691.943, 140
Trd, 4318692.343, 138
Trd, 4318693.493, 140
Trd, 4318693.543, 139
Trd, 4318693.593, 119
Trd, 4318694.243, 107
Trd, 4318694.793, 95
Trd, 4318695.293, 61
Trd, 4318695.893, 140
Trd, 4318695.993, 68
Trd, 4318696.743, 65
Trd, 4318697.993, 65
Trd, 4318698.293, 66
Trd, 4318698.443, 101
Trd, 4318699.393, 140
Trd, 4318700.893, 140
Trd, 4318701.793, 140
Trd, 4318703.243, 140
Trd, 4318703.943, 140
Trd, 4318705.843, 140
Trd, 4318707.543, 140
Trd, 4318707.993, 140
Trd, 4318708.393, 140
Trd, 4318710.043, 140
Trd, 4318710.343, 140
Trd, 4318711.193, 139
Trd, 4318711.343, 115
Trd, 4318712.943, 140
Trd, 4318714.393, 140
Trd, 4318714.543, 139
Trd, 4318714.743, 114
Trd, 4318715.093, 106
Trd, 4318715.193, 121
Trd, 4318716.043, 140
Trd, 4318716.443, 114
Trd, 4318717.593, 138
Trd, 4318719.543, 140
Trd, 4318719.643, 139
Trd, 4318719.893, 140
Trd, 4318720.843, 117
Trd, 4318721.443, 117
Trd, 4318721.793, 112
Trd, 4318722.143, 89
Trd, 4318722.543, 75
Trd, 4318724.043, 140
Trd, 4318724.743, 139
Trd, 4318725.843, 115
Trd, 4318726.343, 60
Trd, 4318727.093, 60
Trd, 4318727.193, 64
Trd, 4318728.393, 62
Trd, 4318729.343, 65
Trd, 4318729.543, 62
Trd, 4318730.593, 61
Trd, 4318731.543, 67
Trd, 4318732.293, 64
Trd, 4318732.343, 126
Trd, 4318733.443, 61
Trd, 4318733.943, 61
Trd, 4318734.843, 93
Trd, 4318735.943, 128
Trd, 4318738.793, 138
Trd, 4318739.393, 131
Trd, 4318739.943, 116
Trd, 4318741.193, 140
Trd, 4318743.243, 140
Trd, 4318743.643, 140
Trd, 4318743.743, 137
Trd, 4318744.043, 140
Trd, 4318744.843, 137
Trd, 4318746.193, 91
Trd, 4318746.793, 140
Trd, 4318747.643, 115
Trd, 4318748.493, 105
Trd, 4318749.293, 140
Trd, 4318749.543, 140
Trd, 4318749.743, 116
Trd, 4318750.993, 140
Trd, 4318751.493, 140
Trd, 4318752.843, 140
Trd, 4318753.593, 140
Trd, 4318756.793, 140
Trd, 4318757.293, 140
Trd, 4318757.843, 120
Trd, 4318758.393, 138
Trd, 4318758.593, 138
Trd, 4318759.843, 136
Trd, 4318760.743, 79
Trd, 4318762.993, 140
Trd, 4318763.493, 140
Trd, 4318764.493, 140
Trd, 4318764.793, 137
Trd, 4318765.193, 96
Trd, 4318765.793, 97
Trd, 4318767.293, 137
Trd, 4318767.593, 116
Trd, 4318768.493, 114
Trd, 4318770.043, 140
Trd, 4318770.143, 140
Trd, 4318770.443, 138
Trd, 4318770.743, 120
Trd, 4318770.943, 119
Trd, 4318772.643, 140
Trd, 4318772.843, 140
Trd, 4318774.243, 140
Trd, 4318774.893, 139
Trd, 4318775.843, 140
Trd, 4318777.593, 140
Trd, 4318777.743, 140
Trd, 4318779.143, 140
Trd, 4318779.643, 139
Trd, 4318779.693, 139
Trd, 4318780.993, 140
Trd, 4318781.993, 138
Trd, 4318782.693, 106
Trd, 4318784.293, 139
Trd, 4318784.693, 138
Trd, 4318785.593, 66
Trd, 4318785.693, 108
Trd, 4318785.793, 109
Trd, 4318786.593, 138
Trd, 4318786.993, 138
Trd, 4318787.293, 140
Trd, 4318788.343, 114
Trd, 4318788.543, 103
Trd, 4318790.143, 65
Trd, 4318790.693, 131
Trd, 4318792.243, 140
Trd, 4318793.693, 139
Trd, 4318793.743, 139
Trd, 4318795.443, 140
Trd, 4318795.743, 140
Trd, 4318796.693, 140
Trd, 4318798.093, 140
Trd, 4318799.893, 140
Trd, 4318800.043, 140
Trd, 4318800.893, 140
Trd, 4318802.143, 140
Trd, 4318803.643, 140
Trd, 4318803.993, 140
Trd, 4318805.443, 140
Trd, 4318806.193, 140
Trd, 4318806.343, 139
Trd, 4318806.693, 138
Trd, 4318809.393, 140
Trd, 4318809.693, 79
Trd, 4318810.493, 73
Trd, 4318810.743, 129
Trd, 4318811.443, 62
Trd, 4318812.743, 139
Trd, 4318813.093, 140
Trd, 4318813.393, 140
Trd, 4318815.593, 139
Trd, 4318816.643, 140
Trd, 4318817.493, 140
Trd, 4318818.043, 140
Trd, 4318818.993, 108
Trd, 4318819.243, 126
Trd, 4318819.593, 107
Trd, 4318821.993, 140
Trd, 4318822.793, 140
Trd, 4318823.093, 140
Trd, 4318823.743, 139
Trd, 4318824.843, 91
Trd, 4318824.893, 90
Trd, 4318825.093, 93
Trd, 4318825.343, 61
Trd, 4318826.693, 140
Trd, 4318827.143, 139
Trd, 4318829.893, 140
Trd, 4318830.443, 140
Trd, 4318831.043, 140
Trd, 4318831.543, 140
Trd, 4318831.793, 138
Trd, 4318832.143, 139
Trd, 4318832.393, 125
Trd, 4318832.593, 138
Trd, 4318835.843, 131
Trd, 4318835.943, 73
Trd, 4318836.343, 134
Trd, 4318837.093, 87
Trd, 4318837.643, 86
Trd, 4318837.693, 78
Trd, 4318837.843, 104
Trd, 4318838.393, 63
Trd, 4318838.443, 134
Trd, 4318839.643, 138
Trd, 4318842.093, 140
Trd, 4318842.143, 140
Trd, 4318843.443, 140
Trd, 4318843.693, 140
Trd, 4318843.843, 140
Trd, 4318844.943, 138
Trd, 4318845.793, 139
Trd, 4318846.293, 124
Trd, 4318847.493, 125
Trd, 4318847.943, 139
Trd, 4318849.243, 140
Trd, 4318849.993, 140
Trd, 4318850.743, 140
Trd, 4318852.543, 140
Trd, 4318852.943, 140
Trd, 4318853.293, 139
Trd, 4318853.943, 140
Trd, 4318855.393, 137
Trd, 4318856.993, 140
Trd, 4318859.643, 140
Trd, 4318860.893, 140
Trd, 4318860.943, 140
Trd, 4318861.393, 139
Trd, 4318862.743, 119
Trd, 4318863.393, 120
Trd, 4318865.343, 140
Trd, 4318865.443, 140
Trd, 4318865.593, 139
Trd, 4318865.893, 122
Trd, 4318868.093, 140
Trd, 4318868.943, 140
Trd, 4318869.193, 140
Trd, 4318869.743, 140
Trd, 4318870.093, 138
Trd, 4318870.193, 110
Trd, 4318870.243, 99
Trd, 4318872.743, 140
Trd, 4318873.843, 140
Trd, 4318874.443, 140
Trd, 4318875.893, 140
Trd, 4318876.493, 140
Trd, 4318877.993, 140
Trd, 4318878.143, 140
Trd, 4318878.443, 138
Trd, 4318878.943, 110
Trd, 4318879.143, 140
Trd, 4318879.343, 93
Trd, 4318881.443, 140
Trd, 4318882.693, 140
Trd, 4318882.893, 140
Trd, 4318884.093, 136
Trd, 4318884.393, 112
Trd, 4318886.643, 140
Trd, 4318886.743, 140
Trd, 4318887.343, 140
Trd, 4318889.093, 140
Trd, 4318889.393, 140
Trd, 4318890.393, 138
Trd, 4318892.043, 106
Trd, 4318892.343, 104
Trd, 4318893.893, 139
Trd, 4318894.293, 119
Trd, 4318894.943, 140
Trd, 4318895.943, 125
Trd, 4318896.243, 124
Trd, 4318897.243, 111
Trd, 4318897.543, 125
Trd, 4318898.293, 140
Trd, 4318899.193, 111
Trd, 4318900.243, 105
Trd, 4318901.543, 62
Trd, 4318902.593, 61
Trd, 4318903.093, 67
Trd, 4318903.743, 78
Trd, 4318904.193, 90
Trd, 4318904.493, 63
Trd, 4318905.243, 140
Trd, 4318905.393, 124
Trd, 4318905.843, 129
Trd, 4318907.093, 140
Trd, 4318908.893, 125
Trd, 4318909.743, 106
Trd, 4318909.843, 98
Trd, 4318910.893, 60
Trd, 4318911.543, 73
Trd, 4318912.043, 74
Trd, 4318912.393, 66
Trd, 4318913.543, 116
Trd, 4318915.093, 76
Trd, 4318916.643, 140
Trd, 4318917.643, 140
Trd, 4318918.793, 140
Trd, 4318919.043, 114
Trd, 4318919.343, 140
Trd, 4318919.443, 107
Trd, 4318919.593, 94
Trd, 4318921.093, 140
Trd, 4318921.743, 140
Trd, 4318922.493, 139
Trd, 4318922.843, 82
Trd, 4318923.843, 129
Trd, 4318924.343, 102
Trd, 4318924.893, 133
Trd, 4318925.193, 92
Trd, 4318925.843, 135
Trd, 4318927.193, 140
Trd, 4318927.493, 96
Trd, 4318928.143, 140
Trd, 4318928.193, 126
Trd, 4318928.293, 115
Trd, 4318929.143, 139
Trd, 4318930.043, 72
Trd, 4318930.843, 126
Trd, 4318931.843, 84
Trd, 4318932.443, 104
Trd, 4318933.993, 140
Trd, 4318934.793, 140
Trd, 4318935.293, 140
Trd, 4318936.893, 140
Trd, 4318937.243, 138
Trd, 4318938.143, 124
Trd, 4318939.193, 140
Trd, 4318939.943, 137
Trd, 4318940.493, 139
Trd, 4318941.193, 140
Trd, 4318943.143, 140
Trd, 4318943.843, 140
Trd, 4318945.993, 140
Trd, 4318946.543, 140
Trd, 4318947.893, 140
Trd, 4318948.843, 140
Trd, 4318949.743, 140
Trd, 4318949.843, 139
Trd, 4318950.543, 140
Trd, 4318951.543, 140
Trd, 4318953.093, 140
Trd, 4318953.793, 140
Trd, 4318954.393, 140
Trd, 4318955.493, 140
Trd, 4318956.193, 140
Trd, 4318956.743, 116
Trd, 4318957.493, 138
Trd, 4318958.943, 140
Trd, 4318959.443, 140
Trd, 4318959.793, 136
Trd, 4318960.843, 140
Trd, 4318961.043, 96
Trd, 4318961.593, 91
Trd, 4318963.043, 104
Trd, 4318963.193, 139
Trd, 4318964.093, 72
Trd, 4318964.393, 89
Trd, 4318964.443, 136
Trd, 4318966.693, 82
Trd, 4318967.093, 82
Trd, 4318967.943, 101
Trd, 4318968.443, 73
Trd, 4318969.493, 61
Trd, 4318969.893, 140
Trd, 4318971.343, 140
Trd, 4318971.393, 140
Trd, 4318971.443, 138
Trd, 4318972.093, 106
Trd, 4318974.743, 140
Trd, 4318975.543, 140
Trd, 4318975.643, 139
Trd, 4318976.443, 118
Trd, 4318977.393, 136
Trd, 4318979.043, 140
Trd, 4318979.343, 124
Trd, 4318979.993, 140
Trd, 4318980.093, 139
Trd, 4318981.743, 96
Trd, 4318981.943, 95
Trd, 4318982.143, 92
Trd, 4318982.943, 105
Trd, 4318983.343, 83
Trd, 4318984.093, 101
Trd, 4318984.443, 140
Trd, 4318986.443, 140
Trd, 4318989.593, 140
Trd, 4318989.693, 140
Trd, 4318989.893, 140
Trd, 4318990.343, 140
Trd, 4318990.643, 140
Trd, 4318990.793, 131
Trd, 4318992.143, 137
Trd, 4318992.443, 119
Trd, 4318993.043, 119
Trd, 4318993.643, 109
Trd, 4318993.693, 104
Trd, 4318994.743, 140
Trd, 4318996.093, 140
Trd, 4318997.493, 140
Trd, 4318998.293, 140
Trd, 4318998.643, 134
Trd, 4318998.943, 97
Trd, 4318999.693, 140
Trd, 4318999.843, 140
Trd, 4319000.843, 140
Trd, 4319001.743, 140
Trd, 4319002.193, 140
Trd, 4319002.993, 139
Trd, 4319003.343, 135
Trd, 4319004.193, 80
Trd, 4319004.693, 140
Trd, 4319005.993, 140
Trd, 4319006.493, 139
Trd, 4319006.693, 139
Trd, 4319007.843, 119
Trd, 4319008.193, 118
Trd, 4319008.443, 140
Trd, 4319009.343, 140
Trd, 4319010.793, 140
Trd, 4319011.143, 121
Trd, 4319011.293, 100
Trd, 4319014.043, 140
Trd, 4319014.393, 139
Trd, 4319014.943, 95
Trd, 4319015.493, 105
Trd, 4319015.593, 138
Trd, 4319016.143, 139
Trd, 4319016.293, 119
Trd, 4319018.243, 140
Trd, 4319019.943, 140
Trd, 4319019.993, 138
Trd, 4319020.693, 138
Trd, 4319020.743, 117
Trd, 4319021.293, 140
Trd, 4319021.693, 121
Trd, 4319021.843, 139
Trd, 4319022.843, 70
Trd, 4319024.593, 105
Trd, 4319025.493, 93
Trd, 4319025.693, 125
Trd, 4319026.093, 69
Trd, 4319027.593, 140
Trd, 4319027.993, 140
Trd, 4319028.693, 140
Trd, 4319029.843, 140
Trd, 4319031.993, 140
Trd, 4319032.093, 140
Trd, 4319033.793, 140
Trd, 4319034.543, 105
Trd, 4319035.493, 109
Trd, 4319035.593, 87
Trd, 4319036.893, 140
Trd, 4319038.143, 140
Trd, 4319038.943, 140
Trd, 4319039.843, 140
Trd, 4319041.493, 140
Trd, 4319041.793, 140
Trd, 4319042.293, 139
Trd, 4319043.393, 137
Trd, 4319043.643, 117
Trd, 4319046.393, 140
Trd, 4319046.593, 140
Trd, 4319046.943, 121
Trd, 4319048.743, 140
Trd, 4319049.693, 140
Trd, 4319050.593, 138
Trd, 4319051.293, 138
Trd, 4319052.043, 139
Trd, 4319052.143, 122
Trd, 4319052.443, 140
Trd, 4319054.443, 140
Trd, 4319054.793, 140
Trd, 4319055.243, 140
Trd, 4319055.993, 140
Trd, 4319057.093, 140
Trd, 4319057.993, 140
Trd, 4319059.043, 140
Trd, 4319059.693, 127
Trd, 4319060.343, 140
Trd, 4319060.843, 140
Trd, 4319061.543, 140
Trd, 4319061.693, 127
Trd, 4319063.793, 87
Trd, 4319063.993, 127
Trd, 4319065.393, 76
Trd, 4319065.443, 83
Trd, 4319066.793, 100
Trd, 4319067.593, 68
Trd, 4319068.643, 103
Trd, 4319068.743, 103
Trd, 4319068.893, 109
Trd, 4319069.843, 101
Trd, 4319070.793, 124
Trd, 4319070.843, 89
Trd, 4319071.493, 74
Trd, 4319071.743, 98
Trd, 4319074.243, 140
Trd, 4319074.793, 139
Trd, 4319074.843, 138
Trd, 4319075.543, 122
Trd, 4319076.393, 121
Trd, 4319076.993, 114
Trd, 4319080.293, 140
Trd, 4319082.143, 140
Trd, 4319083.493, 140
Trd, 4319083.943, 140
Trd, 4319084.393, 140
Trd, 4319085.293, 140
Trd, 4319085.393, 140
Trd, 4319085.893, 139
Trd, 4319088.093, 111
Trd, 4319088.243, 105
Trd, 4319088.643, 138
Trd, 4319090.893, 139
Trd, 4319091.493, 130
Trd, 4319092.243, 130
Trd, 4319092.443, 85
Trd, 4319092.743, 84
Trd, 4319092.793, 95
Trd, 4319092.843, 83
Trd, 4319094.093, 140
Trd, 4319094.993, 140
Trd, 4319095.093, 139
Trd, 4319095.193, 124
Trd, 4319095.493, 113
Trd, 4319096.643, 138
Trd, 4319098.543, 140
Trd, 4319098.993, 140
Trd, 4319099.093, 140
Trd, 4319099.143, 139
Trd, 4319100.993, 139
Trd, 4319102.543, 139
Trd, 4319102.843, 115
Trd, 4319103.343, 140
Trd, 4319104.243, 140
Trd, 4319104.293, 140
Trd, 4319105.643, 140
Trd, 4319107.093, 140
Trd, 4319107.943, 140
Trd, 4319108.443, 139
Trd, 4319109.093, 138
Trd, 4319109.493, 138
Trd, 4319109.543, 136
Trd, 4319109.793, 118
Trd, 4319110.593, 62
Trd, 4319112.243, 81
Trd, 4319112.493, 82
Trd, 4319113.293, 64
Trd, 4319113.343, 99
Trd, 4319113.893, 136
Trd, 4319114.293, 135
Trd, 4319114.643, 65
Trd, 4319115.893, 89
Trd, 4319117.043, 93
Trd, 4319117.793, 100
Trd, 4319118.393, 102
Trd, 4319119.243, 93
Trd, 4319121.943, 140
Trd, 4319122.093, 140
Trd, 4319122.893, 140
Trd, 4319123.193, 138
Trd, 4319123.993, 137
Trd, 4319124.093, 120
Trd, 4319124.443, 117
Trd, 4319126.093, 140
Trd, 4319127.393, 140
Trd, 4319128.293, 140
Trd, 4319128.793, 140
Trd, 4319129.193, 139
Trd, 4319129.543, 138
Trd, 4319130.393, 140
Trd, 4319130.593, 105
Trd, 4319132.693, 134
Trd, 4319132.793, 136
Trd, 4319132.893, 105
Trd, 4319133.743, 78
Trd, 4319135.243, 86
Trd, 4319135.293, 92
Trd, 4319135.393, 65
Trd, 4319137.043, 112
Trd, 4319137.493, 88
Trd, 4319138.393, 120
Trd, 4319139.393, 140
Trd, 4319140.393, 140
Trd, 4319140.693, 140
Trd, 4319140.743, 140
Trd, 4319141.143, 102
Trd, 4319143.843, 122
Trd, 4319144.243, 117
Trd, 4319144.893, 140
Trd, 4319145.043, 140
Trd, 4319146.193, 140
Trd, 4319146.943, 140
Trd, 4319147.343, 133
Trd, 4319149.293, 139
Trd, 4319150.293, 140
Trd, 4319152.443, 140
Trd, 4319153.143, 140
Trd, 4319153.693, 138
Trd, 4319154.343, 116
Trd, 4319155.193, 100
Trd, 4319155.243, 134
Trd, 4319156.493, 64
Trd, 4319157.143, 65
Trd, 4319157.243, 76
Trd, 4319157.293, 105
Trd, 4319157.693, 68
Trd, 4319158.643, 140
Trd, 4319160.143, 140
Trd, 4319160.943, 140
Trd, 4319161.093, 139
Trd, 4319161.143, 135
Trd, 4319162.093, 140
Trd, 4319162.443, 117
Trd, 4319163.093, 139
Trd, 4319164.593, 139
Trd, 4319166.493, 140
Trd, 4319168.393, 140
Trd, 4319168.643, 140
Trd, 4319169.193, 140
Trd, 4319169.743, 140
Trd, 4319170.093, 140
Trd, 4319170.943, 140
Trd, 4319171.393, 140
Trd, 4319171.493, 139
Trd, 4319172.343, 117
Trd, 4319173.343, 139
Trd, 4319173.543, 138
Trd, 4319174.343, 114
Trd, 4319174.743, 140
Trd, 4319174.943, 113
Trd, 4319175.693, 139
Trd, 4319176.143, 139
Trd, 4319178.293, 140
Trd, 4319180.243, 140
Trd, 4319181.493, 140
Trd, 4319181.993, 139
Trd, 4319184.293, 139
Trd, 4319185.143, 140
Trd, 4319186.593, 140
Trd, 4319186.743, 140
Trd, 4319187.043, 116
Trd, 4319188.493, 140
Trd, 4319188.893, 140
Trd, 4319189.143, 140
Trd, 4319192.593, 140
Trd, 4319192.643, 140
Trd, 4319193.193, 140
Trd, 4319193.593, 140
Trd, 4319194.043, 119
Trd, 4319194.343, 99
Trd, 4319194.843, 135
Trd, 4319195.543, 105
Trd, 4319196.043, 122
Trd, 4319197.343, 97
Trd, 4319198.043, 79
Trd, 4319198.893, 83
Trd, 4319199.243, 84
Trd, 4319200.143, 140
Trd, 4319202.043, 140
Trd, 4319202.193, 140
Trd, 4319202.593, 140
Trd, 4319203.593, 140
Trd, 4319205.143, 140
Trd, 4319205.543, 140
Trd, 4319205.643, 140
Trd, 4319206.043, 139
Trd, 4319206.793, 118
Trd, 4319207.893, 140
Trd, 4319210.193, 140
Trd, 4319210.643, 140
Trd, 4319210.743, 140
Trd, 4319210.893, 116
Trd, 4319211.443, 138
Trd, 4319212.243, 136
Trd, 4319212.343, 101
Trd, 4319216.843, 140
Trd, 4319216.993, 140
Trd, 4319217.843, 140
Trd, 4319218.743, 140
Trd, 4319219.143, 138
Trd, 4319220.093, 139
Trd, 4319221.593, 140
Trd, 4319221.943, 140
Trd, 4319222.693, 140
Trd, 4319224.193, 140
Trd, 4319224.543, 140
Trd, 4319227.243, 140
Trd, 4319227.643, 140
Trd, 4319227.843, 140
Trd, 4319229.343, 140
Trd, 4319229.443, 140
Trd, 4319230.343, 140
Trd, 4319231.043, 140
Trd, 4319232.293, 140
Trd, 4319232.843, 139
Trd, 4319233.343, 115
Trd, 4319233.943, 107
Trd, 4319233.993, 105
Trd, 4319235.243, 140
Trd, 4319236.693, 140
Trd, 4319237.193, 140
Trd, 4319237.643, 139
Trd, 4319237.893, 133
Trd, 4319238.243, 107
Trd, 4319239.043, 63
Trd, 4319240.293, 139
Trd, 4319241.293, 140
Trd, 4319241.643, 140
Trd, 4319242.093, 140
Trd, 4319242.743, 140
Trd, 4319243.093, 122
Trd, 4319244.893, 140
Trd, 4319245.643, 140
Trd, 4319246.293, 140
Trd, 4319246.343, 140
Trd, 4319248.543, 140
Trd, 4319249.093, 140
Trd, 4319250.043, 140
Trd, 4319250.243, 139
Trd, 4319251.743, 140
Trd, 4319252.043, 140
Trd, 4319252.343, 138
Trd, 4319253.243, 121
Trd, 4319254.543, 140
Trd, 4319254.843, 120
Trd, 4319255.143, 119
Trd, 4319256.243, 88
Trd, 4319256.393, 86
Trd, 4319256.693, 132
Trd, 4319258.843, 136
Trd, 4319259.293, 136
Trd, 4319259.393, 111
Trd, 4319259.843, 109
Trd, 4319260.843, 139
Trd, 4319260.993, 138
Trd, 4319263.693, 140
Trd, 4319264.343, 140
Trd, 4319264.493, 140
Trd, 4319264.643, 128
Trd, 4319265.143, 140
Trd, 4319265.643, 111
Trd, 4319266.193, 140
Trd, 4319266.493, 103
Trd, 4319267.243, 115
Trd, 4319267.893, 140
Trd, 4319268.343, 86
Trd, 4319268.743, 139
Trd, 4319269.743, 139
Trd, 4319270.093, 137
Trd, 4319270.293, 123
Trd, 4319270.893, 71
Trd, 4319272.093, 60
Trd, 4319273.293, 64
Trd, 4319273.393, 65
Trd, 4319274.193, 62
Trd, 4319274.643, 71
Trd, 4319275.693, 74
Trd, 4319276.893, 74
Trd, 4319277.493, 67
Trd, 4319277.943, 76
Trd, 4319278.293, 140
Trd, 4319279.143, 140
Trd, 4319280.493, 124
Trd, 4319280.743, 107
Trd, 4319280.993, 97
Trd, 4319281.343, 71
Trd, 4319281.543, 117
Trd, 4319282.343, 139
Trd, 4319284.043, 139
Trd, 4319284.543, 140
Trd, 4319285.093, 139
Trd, 4319286.093, 140
Trd, 4319286.243, 140
Trd, 4319287.043, 140
Trd, 4319287.443, 103
Trd, 4319289.793, 140
Trd, 4319292.493, 140
Trd, 4319293.893, 140
Trd, 4319294.093, 140
Trd, 4319294.643, 139
Trd, 4319294.943, 136
Trd, 4319295.093, 139
Trd, 4319297.143, 140
Trd, 4319297.343, 140
Trd, 4319298.193, 139
Trd, 4319301.143, 140
Trd, 4319301.743, 140
Trd, 4319302.693, 140
Trd, 4319303.393, 139
Trd, 4319304.593, 140
Trd, 4319305.643, 140
Trd, 4319306.793, 137
Trd, 4319306.943, 116
Trd, 4319307.943, 138
Trd, 4319308.343, 103
Trd, 4319308.443, 102
Trd, 4319309.043, 140
Trd, 4319309.693, 94
Trd, 4319310.493, 140
Trd, 4319310.693, 140
Trd, 4319311.043, 139
Trd, 4319312.143, 60
Trd, 4319312.493, 60
Trd, 4319312.893, 60
Trd, 4319313.243, 60
Trd, 4319314.393, 62
Trd, 4319314.643, 61
Trd, 4319315.493, 70
Trd, 4319315.643, 82
Trd, 4319317.643, 84
Trd, 4319318.743, 108
Trd, 4319319.993, 60
Trd, 4319320.293, 60
Trd, 4319321.043, 61
Trd, 4319322.143, 61
Trd, 4319322.443, 70
Trd, 4319323.093, 140
Trd, 4319324.543, 65
Trd, 4319324.643, 66
Trd, 4319325.343, 140
Trd, 4319326.193, 76
Trd, 4319327.393, 80
Trd, 4319328.293, 135
Trd, 4319328.593, 73
Trd, 4319328.693, 72
Trd, 4319329.093, 112
Trd, 4319329.443, 140
Trd, 4319331.043, 73
Trd, 4319332.443, 140
Trd, 4319332.793, 110
Trd, 4319334.993, 140
Trd, 4319335.493, 140
Trd, 4319337.293, 140
Trd, 4319337.993, 140
Trd, 4319339.293, 140
Trd, 4319339.793, 140
Trd, 4319340.143, 138
Trd, 4319341.443, 135
Trd, 4319342.143, 125
Trd, 4319342.643, 132
Trd, 4319342.793, 87
Trd, 4319343.443, 65
Trd, 4319344.043, 140
Trd, 4319344.943, 60
Trd, 4319346.443, 140
Trd, 4319347.343, 140
Trd, 4319348.243, 140
Trd, 4319349.893, 137
Trd, 4319350.043, 136
Trd, 4319352.043, 140
Trd, 4319352.193, 139
Trd, 4319352.293, 124
Trd, 4319352.743, 102
Trd, 4319353.193, 137
Trd, 4319354.543, 127
Trd, 4319355.993, 140
Trd, 4319356.393, 140
Trd, 4319357.393, 140
Trd, 4319357.643, 140
Trd, 4319358.493, 106
Trd, 4319358.693, 137
Trd, 4319359.043, 136
Trd, 4319360.743, 140
Trd, 4319360.893, 136
Trd, 4319360.993, 136
Trd, 4319362.243, 138
Trd, 4319364.343, 138
Trd, 4319364.593, 137
Trd, 4319367.093, 140
Trd, 4319367.693, 140
Trd, 4319368.043, 92
Trd, 4319368.543, 133
Trd, 4319368.743, 134
Trd, 4319368.793, 84
Trd, 4319369.143, 136
Trd, 4319369.743, 107
Trd, 4319370.893, 139
Trd, 4319372.493, 139
Trd, 4319372.593, 138
Trd, 4319373.393, 140
Trd, 4319373.543, 95
Trd, 4319374.993, 140
Trd, 4319376.643, 140
Trd, 4319377.293, 138
Trd, 4319379.143, 140
Trd, 4319379.343, 105
Trd, 4319382.643, 140
Trd, 4319383.393, 140
Trd, 4319383.643, 140
Trd, 4319383.743, 140
Trd, 4319383.793, 140
Trd, 4319384.293, 140
Trd, 4319385.093, 116
Trd, 4319385.693, 107
Trd, 4319386.893, 137
Trd, 4319387.243, 136
Trd, 4319387.293, 138
Trd, 4319388.243, 90
Trd, 4319388.993, 121
Trd, 4319390.093, 127
Trd, 4319392.793, 140
Trd, 4319392.843, 140
Trd, 4319392.993, 140
Trd, 4319393.243, 140
Trd, 4319395.393, 140
Trd, 4319396.593, 140
Trd, 4319396.793, 140
Trd, 4319397.443, 140
Trd, 4319397.843, 138
Trd, 4319397.993, 137
Trd, 4319398.193, 105
Trd, 4319399.793, 140
Trd, 4319400.693, 108
Trd, 4319401.543, 124
Trd, 4319402.293, 140
Trd, 4319404.993, 140
Trd, 4319405.243, 140
Trd, 4319405.293, 140
Trd, 4319405.593, 127
Trd, 4319406.243, 137
Trd, 4319406.343, 90
Trd, 4319408.743, 60
Trd, 4319409.343, 60
Trd, 4319410.543, 67
Trd, 4319411.143, 79
Trd, 4319412.143, 64
Trd, 4319412.443, 60
Trd, 4319412.993, 61
Trd, 4319413.643, 62
Trd, 4319413.893, 84
Trd, 4319414.043, 63
Trd, 4319415.243, 140
Trd, 4319416.343, 78
Trd, 4319416.693, 63
Trd, 4319417.143, 140
Trd, 4319418.743, 61
Trd, 4319419.743, 80
Trd, 4319420.443, 79
Trd, 4319420.493, 92
Trd, 4319420.643, 96
Trd, 4319421.443, 85
Trd, 4319423.093, 63
Trd, 4319423.243, 124
Trd, 4319424.043, 137
Trd, 4319424.143, 136
Trd, 4319424.293, 120
Trd, 4319424.493, 101
Trd, 4319425.893, 66
Trd, 4319426.493, 81
Trd, 4319426.793, 67
Trd, 4319427.993, 64
Trd, 4319428.543, 78
Trd, 4319429.193, 113
Trd, 4319431.693, 140
Trd, 4319431.893, 140
Trd, 4319431.943, 140
Trd, 4319432.043, 140
Trd, 4319433.393, 86
Trd, 4319433.793, 82
Trd, 4319434.393, 79
Trd, 4319435.893, 140
Trd, 4319435.993, 138
Trd, 4319436.893, 140
Trd, 4319439.943, 140
Trd, 4319440.543, 140
Trd, 4319440.793, 140
Trd, 4319442.593, 140
Trd, 4319442.943, 140
Trd, 4319444.093, 140
Trd, 4319444.543, 140
Trd, 4319445.343, 140
Trd, 4319445.693, 140
Trd, 4319446.243, 140
Trd, 4319446.893, 140
Trd, 4319448.893, 140
Trd, 4319449.593, 140
Trd, 4319450.693, 139
Trd, 4319451.893, 139
Trd, 4319452.643, 138
Trd, 4319453.743, 104
Trd, 4319453.793, 103
Trd, 4319454.493, 82
Trd, 4319454.743, 122
Trd, 4319456.093, 85
Trd, 4319456.743, 140
Trd, 4319457.943, 140
Trd, 4319458.393, 140
Trd, 4319458.543, 139
Trd, 4319459.193, 136
Trd, 4319459.743, 91
Trd, 4319460.293, 102
Trd, 4319461.543, 139
Trd, 4319462.143, 114
Trd, 4319463.243, 140
Trd, 4319464.593, 138
Trd, 4319464.993, 139
Trd, 4319465.793, 140
Trd, 4319466.893, 84
Trd, 4319467.393, 77
Trd, 4319467.793, 139
Trd, 4319468.443, 67
Trd, 4319469.643, 74
Trd, 4319470.643, 72
Trd, 4319471.293, 76
Trd, 4319472.543, 73
Trd, 4319472.843, 60
Trd, 4319473.393, 63
Trd, 4319474.143, 110
Trd, 4319475.793, 140
Trd, 4319476.093, 140
Trd, 4319476.243, 139
Trd, 4319477.593, 138
Trd, 4319478.543, 140
Trd, 4319478.943, 139
Trd, 4319480.393, 129
Trd, 4319480.493, 138
Trd, 4319481.043, 113
Trd, 4319481.743, 135
Trd, 4319482.143, 140
Trd, 4319485.393, 140
Trd, 4319486.043, 140
Trd, 4319486.193, 139
Trd, 4319487.643, 138
Trd, 4319487.993, 121
Trd, 4319489.743, 140
Trd, 4319490.143, 140
Trd, 4319490.243, 140
Trd, 4319490.493, 139
Trd, 4319491.193, 120
Trd, 4319491.343, 137
Trd, 4319492.393, 116
Trd, 4319493.293, 115
Trd, 4319494.443, 139
Trd, 4319494.893, 137
Trd, 4319495.793, 139
Trd, 4319497.393, 118
Trd, 4319497.593, 111
Trd, 4319497.843, 138
Trd, 4319498.143, 103
Trd, 4319500.043, 137
Trd, 4319500.093, 138
Trd, 4319500.893, 106
Trd, 4319501.043, 96
Trd, 4319501.293, 71
Trd, 4319501.743, 140
Trd, 4319504.293, 140
Trd, 4319504.643, 140
Trd, 4319504.793, 139
Trd, 4319505.343, 138
Trd, 4319505.893, 140
Trd, 4319506.843, 102
Trd, 4319508.843, 133
Trd, 4319509.143, 111
Trd, 4319511.193, 140
Trd, 4319512.143, 140
Trd, 4319512.393, 140
Trd, 4319513.043, 140
Trd, 4319513.343, 138
Trd, 4319514.243, 140
Trd, 4319515.243, 139
Trd, 4319515.743, 109
Trd, 4319516.293, 140
Trd, 4319516.393, 109
Trd, 4319518.043, 140
Trd, 4319519.343, 140
Trd, 4319519.693, 140
Trd, 4319520.643, 128
Trd, 4319520.693, 137
Trd, 4319520.743, 139
Trd, 4319520.843, 106
Trd, 4319522.693, 135
Trd, 4319523.293, 133
Trd, 4319524.143, 140
Trd, 4319524.493, 140
Trd, 4319526.043, 140
Trd, 4319526.193, 136
Trd, 4319527.843, 109
Trd, 4319527.893, 92
Trd, 4319528.043, 86
Trd, 4319528.643, 140
Trd, 4319529.143, 140
Trd, 4319529.243, 128
Trd, 4319529.443, 128
Trd, 4319530.743, 62
Trd, 4319531.143, 63
Trd, 4319531.293, 123
Trd, 4319531.843, 122
Trd, 4319532.643, 60
Trd, 4319533.193, 72
Trd, 4319534.143, 69
Trd, 4319535.343, 96
Trd, 4319535.493, 86
Trd, 4319536.893, 138
Trd, 4319537.143, 137
Trd, 4319537.693, 85
Trd, 4319538.093, 112
Trd, 4319538.843, 120
Trd, 4319539.793, 62
Trd, 4319540.393, 62
Trd, 4319540.543, 66
Trd, 4319542.943, 140
Trd, 4319542.993, 140
Trd, 4319543.643, 140
Trd, 4319544.093, 138
Trd, 4319545.543, 130
Trd, 4319546.393, 123
Trd, 4319547.893, 103
Trd, 4319548.843, 139
Trd, 4319548.993, 112
Trd, 4319550.493, 140
Trd, 4319551.493, 140
Trd, 4319552.143, 140
Trd, 4319552.743, 140
Trd, 4319552.943, 140
Trd, 4319553.393, 116
Trd, 4319553.843, 115
Trd, 4319553.943, 101
Trd, 4319553.993, 118
Trd, 4319554.943, 118
Trd, 4319555.193, 99
Trd, 4319556.893, 140
Trd, 4319558.593, 140
Trd, 4319558.693, 140
Trd, 4319560.843, 140
Trd, 4319562.043, 140
Trd, 4319563.143, 140
Trd, 4319563.293, 140
Trd, 4319563.443, 140
Trd, 4319564.043, 115
Trd, 4319564.843, 138
Trd, 4319568.243, 140
Trd, 4319568.743, 140
Trd, 4319568.943, 140
Trd, 4319569.743, 116
Trd, 4319570.393, 139
Trd, 4319572.043, 137
Trd, 4319572.343, 138
Trd, 4319572.593, 63
Trd, 4319573.043, 107
Trd, 4319573.443, 124
Trd, 4319574.493, 125
Trd, 4319575.143, 139
Trd, 4319575.343, 140
Trd, 4319577.793, 140
Trd, 4319578.193, 140
Trd, 4319578.693, 138
Trd, 4319580.093, 140
Trd, 4319580.193, 139
Trd, 4319581.793, 140
Trd, 4319581.843, 139
Trd, 4319582.243, 101
Trd, 4319582.943, 122
Trd, 4319583.893, 98
Trd, 4319584.243, 120
Trd, 4319585.843, 137
Trd, 4319586.243, 140
Trd, 4319586.643, 140
Trd, 4319587.293, 140
Trd, 4319587.743, 140
Trd, 4319588.293, 139
Trd, 4319588.743, 115
Trd, 4319589.093, 140
Trd, 4319589.293, 139
Trd, 4319590.093, 114
Trd, 4319591.493, 136
Trd, 4319591.843, 134
Trd, 4319593.243, 117
Trd, 4319594.843, 116
Trd, 4319595.043, 115
Trd, 4319595.593, 140
Trd, 4319595.743, 140
Trd, 4319596.843, 100
Trd, 4319598.143, 119
Trd, 4319599.693, 140
Trd, 4319600.193, 123
Trd, 4319600.593, 84
Trd, 4319601.693, 140
Trd, 4319602.643, 140
Trd, 4319603.793, 140
Trd, 4319606.093, 140
Trd, 4319606.843, 140
Trd, 4319607.193, 138
Trd, 4319607.593, 137
Trd, 4319608.793, 140
Trd, 4319609.243, 139
Trd, 4319609.343, 138
Trd, 4319610.893, 140
Trd, 4319611.093, 140
Trd, 4319612.143, 139
Trd, 4319612.493, 115
Trd, 4319613.893, 140
Trd, 4319614.093, 140
Trd, 4319614.343, 138
Trd, 4319615.543, 139
Trd, 4319615.993, 104
Trd, 4319616.343, 139
Trd, 4319618.293, 140
Trd, 4319618.543, 140
Trd, 4319618.743, 138
Trd, 4319619.293, 138
Trd, 4319620.093, 97
Trd, 4319621.593, 121
Trd, 4319623.393, 101
Trd, 4319623.843, 140
Trd, 4319624.843, 140
Trd, 4319625.143, 138
Trd, 4319625.693, 138
Trd, 4319627.493, 140
Trd, 4319627.543, 89
Trd, 4319628.893, 140
Trd, 4319629.993, 140
Trd, 4319630.093, 140
Trd, 4319632.143, 140
Trd, 4319633.093, 140
Trd, 4319634.643, 140
Trd, 4319634.793, 140
Trd, 4319635.093, 139
Trd, 4319636.293, 100
Trd, 4319637.393, 139
Trd, 4319638.393, 93
Trd, 4319639.493, 140
Trd, 4319639.643, 140
Trd, 4319640.593, 140
Trd, 4319641.293, 140
Trd, 4319641.543, 140
Trd, 4319642.743, 140
Trd, 4319643.093, 140
Trd, 4319644.493, 140
Trd, 4319644.843, 140
Trd, 4319645.543, 140
Trd, 4319646.043, 125
Trd, 4319648.493, 87
Trd, 4319648.743, 88
Trd, 4319649.043, 87
Trd, 4319649.893, 78
Trd, 4319649.943, 89
Trd, 4319650.893, 137
Trd, 4319651.093, 104
Trd, 4319651.643, 138
Trd, 4319652.243, 138
Trd, 4319652.343, 96
Trd, 4319653.343, 124
Trd, 4319654.793, 140
Trd, 4319655.693, 140
Trd, 4319656.043, 140
Trd, 4319656.893, 139
Trd, 4319657.243, 138
Trd, 4319659.393, 140
Trd, 4319659.643, 140
Trd, 4319659.843, 114
Trd, 4319660.393, 92
Trd, 4319661.743, 60
Trd, 4319661.843, 60
Trd, 4319661.893, 65
Trd, 4319662.093, 65
Trd, 4319663.143, 140
Trd, 4319664.843, 140
Trd, 4319665.493, 138
Trd, 4319667.693, 140
Trd, 4319668.093, 140
Trd, 4319668.943, 140
Trd, 4319669.493, 140
Trd, 4319669.993, 114
Trd, 4319670.643, 140
Trd, 4319670.793, 139
Trd, 4319671.043, 108
Trd, 4319672.243, 106
Trd, 4319672.993, 139
Trd, 4319674.393, 140
Trd, 4319675.443, 140
Trd, 4319675.643, 140
Trd, 4319676.793, 137
Trd, 4319677.293, 115
Trd, 4319678.193, 140
Trd, 4319678.443, 136
Trd, 4319679.493, 140
Trd, 4319681.943, 137
Trd, 4319682.693, 125
Trd, 4319683.443, 125
Trd, 4319683.493, 125
Trd, 4319684.093, 124
Trd, 4319684.743, 118
Trd, 4319684.843, 136
Trd, 4319685.243, 100
Trd, 4319687.443, 140
Trd, 4319689.643, 140
Trd, 4319689.893, 140
Trd, 4319690.243, 140
Trd, 4319690.943, 140
Trd, 4319690.993, 139
Trd, 4319692.543, 139
Trd, 4319693.193, 136
Trd, 4319693.393, 138
Trd, 4319693.843, 139
Trd, 4319694.743, 117
Trd, 4319695.493, 135
Trd, 4319695.543, 116
Trd, 4319696.893, 63
Trd, 4319697.393, 62
Trd, 4319697.943, 63
Trd, 4319698.093, 139
Trd, 4319700.143, 140
Trd, 4319702.543, 140
Trd, 4319702.793, 140
Trd, 4319703.593, 140
Trd, 4319704.243, 140
Trd, 4319705.043, 140
Trd, 4319705.093, 140
Trd, 4319705.493, 140
Trd, 4319706.243, 101
Trd, 4319707.093, 140
Trd, 4319709.293, 140
Trd, 4319709.643, 140
Trd, 4319710.093, 126
Trd, 4319710.293, 135
Trd, 4319712.393, 139
Trd, 4319712.643, 138
Trd, 4319713.293, 140
Trd, 4319713.393, 86
Trd, 4319714.443, 130
Trd, 4319715.193, 137
Trd, 4319715.793, 110
Trd, 4319717.443, 139
Trd, 4319718.543, 140
Trd, 4319719.693, 140
Trd, 4319719.893, 140
Trd, 4319720.093, 139
Trd, 4319720.343, 138
Trd, 4319721.193, 115
Trd, 4319721.843, 104
Trd, 4319723.043, 88
Trd, 4319725.393, 140
Trd, 4319725.843, 140
Trd, 4319725.993, 140
Trd, 4319726.143, 140
Trd, 4319726.893, 139
Trd, 4319727.943, 137
Trd, 4319728.293, 116
Trd, 4319729.243, 140
Trd, 4319731.293, 140
Trd, 4319732.443, 140
Trd, 4319733.293, 140
Trd, 4319735.393, 140
Trd, 4319735.643, 140
Trd, 4319736.343, 140
Trd, 4319736.443, 139
Trd, 4319739.943, 140
Trd, 4319739.993, 139
Trd, 4319740.443, 136
Trd, 4319740.743, 120
Trd, 4319740.793, 134
Trd, 4319740.893, 137
Trd, 4319741.093, 115
Trd, 4319741.843, 96
Trd, 4319742.243, 139
Trd, 4319742.743, 140
Trd, 4319744.093, 140
Trd, 4319744.593, 140
Trd, 4319745.543, 140
Trd, 4319746.593, 140
Trd, 4319747.093, 140
Trd, 4319747.493, 140
Trd, 4319749.043, 140
Trd, 4319749.343, 115
Trd, 4319750.843, 111
Trd, 4319752.143, 75
Trd, 4319752.943, 140
Trd, 4319753.743, 140
Trd, 4319754.093, 139
Trd, 4319754.393, 140
Trd, 4319757.093, 126
Trd, 4319757.143, 124
Trd, 4319758.293, 140
Trd, 4319759.593, 140
Trd, 4319759.893, 140
Trd, 4319760.293, 140
Trd, 4319760.493, 119
Trd, 4319762.743, 140
Trd, 4319763.243, 140
Trd, 4319763.293, 137
Trd, 4319764.393, 106
Trd, 4319764.793, 139
Trd, 4319765.993, 139
Trd, 4319766.043, 136
Trd, 4319768.243, 140
Trd, 4319768.343, 140
Trd, 4319768.793, 140
Trd, 4319769.943, 140
Trd, 4319770.293, 140
Trd, 4319770.493, 140
Trd, 4319771.393, 137
Trd, 4319772.343, 139
Trd, 4319772.493, 138
Trd, 4319772.993, 131
Trd, 4319773.393, 107
Trd, 4319773.993, 94
Trd, 4319775.393, 63
Trd, 4319776.243, 64
Trd, 4319776.843, 140
Trd, 4319779.343, 60
Trd, 4319779.593, 60
Trd, 4319779.993, 61
Trd, 4319780.243, 62
Trd, 4319780.343, 140
Trd, 4319781.643, 91
Trd, 4319782.043, 80
Trd, 4319782.543, 77
Trd, 4319782.793, 99
Trd, 4319782.843, 103
Trd, 4319784.193, 63
Trd, 4319784.593, 109
Trd, 4319785.243, 140
Trd, 4319786.593, 139
Trd, 4319786.793, 139
Trd, 4319787.493, 114
Trd, 4319787.543, 103
Trd, 4319788.843, 133
Trd, 4319789.293, 140
Trd, 4319790.293, 140
Trd, 4319793.143, 140
Trd, 4319793.543, 140
Trd, 4319793.943, 140
Trd, 4319794.093, 139
Trd, 4319795.143, 133
Trd, 4319795.493, 132
Trd, 4319795.943, 123
Trd, 4319796.493, 137
Trd, 4319798.043, 140
Trd, 4319798.293, 135
Trd, 4319798.543, 104
Trd, 4319798.593, 102
Trd, 4319799.293, 129
Trd, 4319800.093, 111
Trd, 4319800.343, 129
Trd, 4319801.743, 79
Trd, 4319802.893, 140
Trd, 4319804.293, 139
Trd, 4319804.843, 139
Trd, 4319805.043, 137
Trd, 4319806.293, 138
Trd, 4319806.543, 137
Trd, 4319807.293, 78
Trd, 4319807.493, 121
Trd, 4319807.693, 120
Trd, 4319809.543, 140
Trd, 4319809.893, 140
Trd, 4319811.993, 140
Trd, 4319812.443, 139
Trd, 4319812.693, 121
Trd, 4319813.143, 118
Trd, 4319814.143, 111
Trd, 4319814.293, 93
Trd, 4319815.843, 140
Trd, 4319816.043, 140
Trd, 4319816.193, 114
Trd, 4319817.143, 60
Trd, 4319817.493, 60
Trd, 4319817.843, 65
Trd, 4319818.343, 67
Trd, 4319819.593, 140
Trd, 4319820.693, 90
Trd, 4319822.543, 140
Trd, 4319822.793, 139
Trd, 4319825.043, 140
Trd, 4319825.093, 138
Trd, 4319825.343, 134
Trd, 4319826.843, 139
Trd, 4319827.193, 140
Trd, 4319830.393, 140
Trd, 4319830.593, 140
Trd, 4319831.443, 139
Trd, 4319831.543, 119
Trd, 4319832.343, 137
Trd, 4319832.443, 115
Trd, 4319832.793, 101
Trd, 4319833.793, 139
Trd, 4319834.743, 109
Trd, 4319834.893, 103
Trd, 4319835.493, 61
Trd, 4319836.593, 140
Trd, 4319837.043, 139
Trd, 4319837.393, 138
Trd, 4319840.143, 140
Trd, 4319840.593, 140
Trd, 4319840.793, 134
Trd, 4319842.293, 140
Trd, 4319842.343, 139
Trd, 4319842.543, 140
Trd, 4319843.143, 137
Trd, 4319844.093, 140
Trd, 4319846.943, 101
Trd, 4319847.193, 130
Trd, 4319847.543, 132
Trd, 4319847.593, 133
Trd, 4319848.543, 94
Trd, 4319848.893, 138
Trd, 4319849.093, 83
Trd, 4319849.293, 82
Trd, 4319850.643, 112
Trd, 4319852.243, 140
Trd, 4319853.143, 140
Trd, 4319853.693, 140
Trd, 4319853.893, 140
Trd, 4319854.693, 140
Trd, 4319855.993, 139
Trd, 4319856.493, 139
Trd, 4319859.543, 140
Trd, 4319859.793, 140
Trd, 4319859.943, 140
Trd, 4319860.043, 139
Trd, 4319860.693, 139
Trd, 4319861.743, 139
Trd, 4319863.393, 139
Trd, 4319865.593, 140
Trd, 4319866.193, 140
Trd, 4319866.893, 140
Trd, 4319867.893, 140
Trd, 4319868.293, 140
Trd, 4319869.593, 140
Trd, 4319869.993, 139
Trd, 4319871.243, 140
Trd, 4319871.393, 111
Trd, 4319871.443, 109
Trd, 4319872.043, 139
Trd, 4319874.243, 140
Trd, 4319874.393, 140
Trd, 4319875.593, 137
Trd, 4319876.443, 139
Trd, 4319877.193, 97
Trd, 4319878.343, 140
Trd, 4319879.393, 139
Trd, 4319879.693, 119
Trd, 4319880.443, 113
Trd, 4319881.293, 106
Trd, 4319883.293, 140
Trd, 4319883.443, 140
Trd, 4319885.793, 140
Trd, 4319885.843, 140
Trd, 4319885.893, 120
Trd, 4319886.343, 140
Trd, 4319888.243, 140
Trd, 4319889.443, 140
Trd, 4319889.793, 140
Trd, 4319890.193, 139
Trd, 4319891.393, 120
Trd, 4319891.743, 122
Trd, 4319891.793, 103
Trd, 4319894.193, 139
Trd, 4319894.793, 110
Trd, 4319894.943, 103
Trd, 4319895.493, 98
Trd, 4319895.643, 99
Trd, 4319898.093, 140
Trd, 4319898.843, 140
Trd, 4319899.143, 139
Trd, 4319900.393, 135
Trd, 4319900.593, 108
Trd, 4319901.143, 89
Trd, 4319902.343, 140
Trd, 4319903.293, 140
Trd, 4319905.043, 140
Trd, 4319905.493, 139
Trd, 4319907.043, 139
Trd, 4319907.593, 119
Trd, 4319907.893, 86
Trd, 4319908.693, 132
Trd, 4319908.943, 136
Trd, 4319910.193, 140
Trd, 4319910.243, 140
Trd, 4319911.643, 139
Trd, 4319913.143, 140
Trd, 4319913.343, 140
Trd, 4319913.393, 138
Trd, 4319913.793, 139
Trd, 4319915.593, 122
Trd, 4319916.093, 106
Trd, 4319916.543, 139
Trd, 4319918.793, 139
Trd, 4319919.093, 140
Trd, 4319919.393, 131
Trd, 4319919.693, 113
Trd, 4319919.793, 135
Trd, 4319921.893, 69
Trd, 4319922.143, 71
Trd, 4319922.193, 72
Trd, 4319922.443, 106
Trd, 4319924.643, 67
Trd, 4319924.743, 69
Trd, 4319924.843, 69
Trd, 4319926.243, 137
Trd, 4319926.893, 66
Trd, 4319927.593, 138
Trd, 4319928.443, 140
Trd, 4319930.093, 127
Trd, 4319930.593, 126
Trd, 4319931.043, 138
Trd, 4319931.393, 77
Trd, 4319933.243, 62
Trd, 4319933.693, 63
Trd, 4319933.943, 64
Trd, 4319935.243, 89
Trd, 4319935.543, 70
Trd, 4319936.893, 140
Trd, 4319937.293, 137
Trd, 4319938.243, 139
Trd, 4319938.743, 140
Trd, 4319939.843, 140
Trd, 4319940.393, 134
Trd, 4319940.693, 98
Trd, 4319941.593, 132
Trd, 4319942.243, 131
Trd, 4319943.743, 140
Trd, 4319944.793, 139
Trd, 4319945.693, 139
Trd, 4319946.293, 118
Trd, 4319946.893, 83
Trd, 4319947.843, 140
Trd, 4319948.693, 117
Trd, 4319948.743, 119
Trd, 4319949.243, 124
Trd, 4319949.793, 140
Trd, 4319951.193, 139
Trd, 4319951.343, 136
Trd, 4319953.293, 140
Trd, 4319953.393, 140
Trd, 4319953.493, 119
Trd, 4319955.143, 123
Trd, 4319956.193, 138
Trd, 4319957.593, 139
Trd, 4319958.143, 140
Trd, 4319958.343, 139
Trd, 4319958.393, 114
Trd, 4319958.543, 104
Trd, 4319959.493, 60
Trd, 4319960.343, 60
Trd, 4319960.593, 60
Trd, 4319962.293, 64
Trd, 4319964.193, 140
Trd, 4319964.993, 140
Trd, 4319965.543, 140
Trd, 4319966.243, 139
Trd, 4319968.593, 140
Trd, 4319969.243, 140
Trd, 4319969.293, 140
Trd, 4319970.643, 140
Trd, 4319972.143, 140
Trd, 4319972.593, 140
Trd, 4319974.843, 140
Trd, 4319975.993, 140
Trd, 4319976.343, 140
Trd, 4319976.643, 140
Trd, 4319978.093, 140
Trd, 4319979.893, 140
Trd, 4319980.143, 139
Trd, 4319980.693, 140
Trd, 4319981.743, 140
Trd, 4319982.193, 140
Trd, 4319982.543, 140
Trd, 4319982.993, 140
Trd, 4319983.243, 137
Trd, 4319985.593, 140
Trd, 4319986.343, 140
Trd, 4319986.493, 139
Trd, 4319986.943, 139
Trd, 4319987.293, 128
Trd, 4319987.643, 128
Trd, 4319988.343, 114
Trd, 4319990.243, 140
Trd, 4319990.893, 139
Trd, 4319991.293, 138
Trd, 4319992.343, 139
Trd, 4319992.693, 138
Trd, 4319994.093, 138
Trd, 4319994.343, 117
Trd, 4319994.593, 140
Trd, 4319995.493, 140
Trd, 4319996.743, 114
Trd, 4319999.243, 140
Trd, 4319999.293, 140
