Trd, 4318153.443, 90
Trd, 4318153.493, 90
Trd, 4318153.993, 106
Trd, 4318154.193, 88
Trd, 4318154.543, 86
Trd, 4318154.793, 100
Trd, 4318155.943, 81
Trd, 4318156.393, 62
Trd, 4318157.493, 66
Trd, 4318157.943, 88
Trd, 4318159.393, 68
Trd, 4318159.643, 92
Trd, 4318160.893, 91
Trd, 4318161.393, 90
Trd, 4318161.643, 83
Trd, 4318162.293, 60
Trd, 4318162.993, 76
Trd, 4318164.043, 61
Trd, 4318164.393, 67
Trd, 4318164.643, 66
Trd, 4318165.093, 62
Trd, 4318166.593, 62
Trd, 4318168.193, 60
Trd, 4318168.293, 60
Trd, 4318168.643, 60
Trd, 4318169.843, 60
Trd, 4318169.993, 65
Trd, 4318173.093, 66
Trd, 4318173.243, 78
Trd, 4318174.343, 67
Trd, 4318174.443, 81
Trd, 4318174.893, 65
Trd, 4318175.443, 139
Trd, 4318175.743, 103
Trd, 4318176.293, 71
Trd, 4318176.693, 117
Trd, 4318176.993, 139
Trd, 4318177.043, 68
Trd, 4318177.793, 62
Trd, 4318179.193, 62
Trd, 4318180.143, 68
Trd, 4318180.343, 63
Trd, 4318180.493, 136
Trd, 4318181.493, 84
Trd, 4318181.593, 75
Trd, 4318182.293, 89
Trd, 4318183.143, 110
Trd, 4318183.493, 62
Trd, 4318183.693, 80
Trd, 4318184.543, 60
Trd, 4318185.493, 62
Trd, 4318186.893, 97
Trd, 4318188.243, 111
Trd, 4318188.343, 110
Trd, 4318188.543, 94
Trd, 4318188.843, 89
Trd, 4318188.993, 81
Trd, 4318189.443, 101
Trd, 4318190.643, 114
Trd, 4318190.943, 126
Trd, 4318191.293, 136
Trd, 4318191.693, 66
Trd, 4318193.193, 72
Trd, 4318193.943, 77
Trd, 4318194.893, 140
Trd, 4318195.093, 78
Trd, 4318195.343, 77
Trd, 4318195.593, 74
Trd, 4318195.993, 64
Trd, 4318196.843, 88
Trd, 4318197.393, 90
Trd, 4318197.493, 89
Trd, 4318198.393, 61
Trd, 4318199.593, 140
Trd, 4318199.993, 140
Trd, 4318200.893, 132
Trd, 4318200.993, 120
Trd, 4318201.893, 119
Trd, 4318202.193, 92
Trd, 4318202.393, 88
Trd, 4318202.443, 86
Trd, 4318203.193, 90
Trd, 4318203.793, 60
Trd, 4318204.293, 64
Trd, 4318205.143, 70
Trd, 4318205.843, 61
Trd, 4318207.893, 60
Trd, 4318208.143, 68
Trd, 4318209.243, 60
Trd, 4318210.293, 62
Trd, 4318212.193, 85
Trd, 4318212.293, 129
Trd, 4318212.743, 89
Trd, 4318212.843, 87
Trd, 4318214.393, 116
Trd, 4318215.243, 102
Trd, 4318215.693, 96
Trd, 4318216.643, 140
Trd, 4318217.443, 140
Trd, 4318217.793, 139
Trd, 4318219.843, 118
Trd, 4318220.243, 114
Trd, 4318220.293, 83
Trd, 4318220.393, 82
Trd, 4318220.843, 118
Trd, 4318221.643, 105
Trd, 4318222.193, 113
Trd, 4318223.943, 140
Trd, 4318223.993, 140
Trd, 4318224.793, 136
Trd, 4318224.943, 103
Trd, 4318225.543, 129
Trd, 4318226.093, 130
Trd, 4318227.693, 96
Trd, 4318227.843, 103
Trd, 4318228.193, 95
Trd, 4318228.543, 90
Trd, 4318229.493, 100
Trd, 4318229.893, 80
Trd, 4318230.193, 139
Trd, 4318230.893, 79
Trd, 4318231.093, 80
Trd, 4318231.693, 104
Trd, 4318232.843, 136
Trd, 4318233.343, 78
Trd, 4318233.393, 65
Trd, 4318233.993, 83
Trd, 4318234.993, 105
Trd, 4318235.343, 95
Trd, 4318235.643, 94
Trd, 4318236.843, 110
Trd, 4318237.293, 84
Trd, 4318238.193, 92
Trd, 4318238.743, 67
Trd, 4318238.843, 66
Trd, 4318238.943, 83
Trd, 4318240.093, 75
Trd, 4318240.943, 104
Trd, 4318241.743, 61
Trd, 4318242.143, 89
Trd, 4318242.593, 63
Trd, 4318243.543, 71
Trd, 4318245.593, 94
Trd, 4318245.743, 90
Trd, 4318245.793, 89
Trd, 4318247.043, 60
Trd, 4318247.093, 90
Trd, 4318248.443, 60
Trd, 4318249.343, 60
Trd, 4318250.743, 61
Trd, 4318250.843, 62
Trd, 4318251.143, 62
Trd, 4318251.343, 61
Trd, 4318252.943, 103
Trd, 4318253.543, 68
Trd, 4318253.593, 60
Trd, 4318254.493, 84
Trd, 4318256.343, 140
Trd, 4318257.243, 126
Trd, 4318257.293, 124
Trd, 4318257.393, 116
Trd, 4318258.793, 133
Trd, 4318259.393, 132
Trd, 4318260.243, 91
Trd, 4318260.393, 89
Trd, 4318260.993, 78
Trd, 4318261.343, 101
Trd, 4318262.093, 140
Trd, 4318262.193, 130
Trd, 4318262.343, 88
Trd, 4318263.443, 63
Trd, 4318265.043, 63
Trd, 4318265.843, 60
Trd, 4318265.943, 64
Trd, 4318266.143, 84
Trd, 4318266.893, 69
Trd, 4318267.293, 70
Trd, 4318267.793, 125
Trd, 4318268.693, 81
Trd, 4318269.093, 87
Trd, 4318270.943, 83
Trd, 4318271.593, 140
Trd, 4318272.343, 101
Trd, 4318273.293, 95
Trd, 4318273.743, 93
Trd, 4318273.793, 107
Trd, 4318274.393, 121
Trd, 4318274.693, 88
Trd, 4318274.793, 79
Trd, 4318275.043, 60
Trd, 4318276.293, 62
Trd, 4318278.193, 80
Trd, 4318278.493, 67
Trd, 4318278.793, 95
Trd, 4318279.343, 67
Trd, 4318279.993, 65
Trd, 4318280.443, 95
Trd, 4318281.343, 94
Trd, 4318281.643, 93
Trd, 4318282.443, 93
Trd, 4318283.393, 113
Trd, 4318283.943, 140
Trd, 4318284.793, 87
Trd, 4318285.243, 61
Trd, 4318285.293, 65
Trd, 4318286.793, 73
Trd, 4318286.993, 63
Trd, 4318288.043, 96
Trd, 4318288.293, 73
Trd, 4318289.543, 60
Trd, 4318289.743, 91
Trd, 4318291.343, 79
Trd, 4318291.593, 79
Trd, 4318291.843, 78
Trd, 4318292.693, 66
Trd, 4318293.043, 123
Trd, 4318293.193, 102
Trd, 4318293.643, 106
Trd, 4318293.843, 94
Trd, 4318295.643, 65
Trd, 4318296.293, 78
Trd, 4318298.343, 77
Trd, 4318298.643, 72
Trd, 4318298.893, 80
Trd, 4318298.993, 86
Trd, 4318299.243, 73
Trd, 4318300.143, 77
Trd, 4318300.443, 70
Trd, 4318302.193, 60
Trd, 4318302.293, 66
Trd, 4318302.543, 66
Trd, 4318303.843, 91
Trd, 4318305.393, 86
Trd, 4318305.543, 86
Trd, 4318305.693, 76
Trd, 4318306.493, 134
Trd, 4318306.893, 118
Trd, 4318306.993, 72
Trd, 4318308.943, 66
Trd, 4318309.893, 65
Trd, 4318310.093, 75
Trd, 4318310.793, 67
Trd, 4318310.843, 60
Trd, 4318310.993, 108
Trd, 4318312.543, 60
Trd, 4318313.043, 86
Trd, 4318313.543, 85
Trd, 4318313.893, 85
Trd, 4318314.543, 73
Trd, 4318315.043, 86
Trd, 4318315.343, 87
Trd, 4318315.793, 77
Trd, 4318316.843, 75
Trd, 4318317.993, 102
Trd, 4318318.543, 96
Trd, 4318318.743, 93
Trd, 4318318.893, 96
Trd, 4318320.243, 63
Trd, 4318320.593, 64
Trd, 4318322.593, 76
Trd, 4318322.793, 139
Trd, 4318323.243, 71
Trd, 4318323.643, 75
Trd, 4318323.793, 70
Trd, 4318323.843, 79
Trd, 4318325.343, 139
Trd, 4318326.593, 67
Trd, 4318328.043, 92
Trd, 4318328.693, 97
Trd, 4318329.593, 119
Trd, 4318329.793, 118
Trd, 4318329.843, 90
Trd, 4318329.893, 76
Trd, 4318331.593, 133
Trd, 4318332.193, 94
Trd, 4318334.093, 139
Trd, 4318334.593, 89
Trd, 4318335.143, 95
Trd, 4318335.793, 128
Trd, 4318336.093, 125
Trd, 4318336.343, 108
Trd, 4318337.243, 123
Trd, 4318337.493, 85
Trd, 4318338.093, 75
Trd, 4318338.143, 86
Trd, 4318339.043, 118
Trd, 4318339.193, 127
Trd, 4318340.343, 101
Trd, 4318340.693, 112
Trd, 4318340.743, 110
Trd, 4318341.393, 99
Trd, 4318342.143, 90
Trd, 4318342.193, 94
Trd, 4318342.343, 97
Trd, 4318343.193, 101
Trd, 4318344.143, 140
Trd, 4318344.743, 140
Trd, 4318345.493, 134
Trd, 4318345.543, 115
Trd, 4318346.743, 102
Trd, 4318347.043, 79
Trd, 4318347.693, 60
Trd, 4318348.693, 92
Trd, 4318350.043, 98
Trd, 4318350.093, 97
Trd, 4318351.893, 64
Trd, 4318352.143, 64
Trd, 4318352.493, 101
Trd, 4318354.293, 64
Trd, 4318355.043, 104
Trd, 4318355.743, 93
Trd, 4318355.843, 89
Trd, 4318355.993, 73
Trd, 4318356.243, 97
Trd, 4318356.993, 64
Trd, 4318358.243, 139
Trd, 4318358.593, 138
Trd, 4318359.043, 137
Trd, 4318360.493, 70
Trd, 4318361.143, 66
Trd, 4318361.743, 95
Trd, 4318361.943, 63
Trd, 4318362.943, 60
Trd, 4318363.343, 64
Trd, 4318364.243, 84
Trd, 4318364.843, 92
Trd, 4318365.443, 61
Trd, 4318365.993, 64
Trd, 4318366.143, 73
Trd, 4318366.843, 78
Trd, 4318367.593, 83
Trd, 4318368.843, 70
Trd, 4318369.443, 66
Trd, 4318370.893, 140
Trd, 4318372.043, 138
Trd, 4318372.293, 117
Trd, 4318372.643, 87
Trd, 4318374.043, 133
Trd, 4318374.793, 124
Trd, 4318375.243, 115
Trd, 4318375.943, 86
Trd, 4318377.043, 126
Trd, 4318378.143, 122
Trd, 4318378.393, 107
Trd, 4318378.593, 111
Trd, 4318379.593, 83
Trd, 4318379.693, 82
Trd, 4318380.993, 97
Trd, 4318382.693, 115
Trd, 4318382.943, 140
Trd, 4318384.243, 122
Trd, 4318384.443, 107
Trd, 4318384.593, 108
Trd, 4318384.893, 108
Trd, 4318386.593, 90
Trd, 4318387.793, 140
Trd, 4318387.943, 92
Trd, 4318388.893, 71
Trd, 4318389.243, 73
Trd, 4318389.593, 62
Trd, 4318390.043, 116
Trd, 4318390.393, 102
Trd, 4318390.743, 66
Trd, 4318391.993, 109
Trd, 4318392.093, 125
Trd, 4318392.193, 108
Trd, 4318393.593, 101
Trd, 4318394.893, 60
Trd, 4318396.493, 60
Trd, 4318396.843, 61
Trd, 4318397.843, 61
Trd, 4318399.243, 68
Trd, 4318400.493, 61
Trd, 4318401.243, 75
Trd, 4318401.843, 76
Trd, 4318402.543, 63
Trd, 4318402.743, 74
Trd, 4318404.193, 85
Trd, 4318404.543, 70
Trd, 4318406.243, 60
Trd, 4318406.843, 65
Trd, 4318407.793, 94
Trd, 4318407.943, 101
Trd, 4318408.843, 139
Trd, 4318409.043, 127
Trd, 4318409.193, 93
Trd, 4318410.143, 60
Trd, 4318410.193, 98
Trd, 4318410.593, 117
Trd, 4318411.693, 65
Trd, 4318412.243, 61
Trd, 4318412.643, 76
Trd, 4318414.293, 60
Trd, 4318415.243, 117
Trd, 4318415.443, 111
Trd, 4318415.843, 110
Trd, 4318416.143, 108
Trd, 4318416.243, 102
Trd, 4318417.043, 117
Trd, 4318418.193, 95
Trd, 4318418.843, 93
Trd, 4318418.943, 106
Trd, 4318419.643, 76
Trd, 4318420.343, 109
Trd, 4318420.693, 86
Trd, 4318421.143, 68
Trd, 4318422.643, 125
Trd, 4318423.993, 140
Trd, 4318424.543, 121
Trd, 4318425.243, 122
Trd, 4318425.893, 121
Trd, 4318426.193, 120
Trd, 4318426.943, 116
Trd, 4318427.193, 114
Trd, 4318428.193, 111
Trd, 4318428.443, 111
Trd, 4318429.143, 83
Trd, 4318429.593, 71
Trd, 4318429.643, 67
Trd, 4318430.243, 86
Trd, 4318431.943, 61
Trd, 4318431.993, 63
Trd, 4318432.493, 77
Trd, 4318432.693, 62
Trd, 4318433.293, 70
Trd, 4318434.243, 115
Trd, 4318434.293, 84
Trd, 4318434.543, 127
Trd, 4318436.243, 129
Trd, 4318436.643, 119
Trd, 4318436.693, 96
Trd, 4318437.193, 73
Trd, 4318438.193, 63
Trd, 4318438.943, 66
Trd, 4318439.893, 67
Trd, 4318440.893, 95
Trd, 4318441.243, 138
Trd, 4318441.443, 94
Trd, 4318443.843, 94
Trd, 4318444.493, 114
Trd, 4318444.893, 91
Trd, 4318446.193, 120
Trd, 4318446.343, 140
Trd, 4318446.393, 105
Trd, 4318446.643, 92
Trd, 4318447.843, 104
Trd, 4318449.093, 110
Trd, 4318449.143, 100
Trd, 4318450.193, 74
Trd, 4318450.693, 114
Trd, 4318450.893, 95
Trd, 4318451.443, 104
Trd, 4318452.993, 110
Trd, 4318454.143, 116
Trd, 4318454.193, 115
Trd, 4318454.493, 109
Trd, 4318454.743, 100
Trd, 4318455.043, 94
Trd, 4318455.543, 92
Trd, 4318456.543, 62
Trd, 4318457.893, 140
Trd, 4318459.043, 100
Trd, 4318459.593, 119
Trd, 4318459.743, 106
Trd, 4318460.093, 61
Trd, 4318461.493, 127
Trd, 4318462.343, 90
Trd, 4318462.843, 81
Trd, 4318464.043, 112
Trd, 4318464.343, 129
Trd, 4318464.443, 98
Trd, 4318464.943, 96
Trd, 4318465.143, 75
Trd, 4318465.793, 105
Trd, 4318465.943, 101
Trd, 4318466.543, 109
Trd, 4318467.193, 86
Trd, 4318468.093, 139
Trd, 4318469.543, 116
Trd, 4318470.143, 109
Trd, 4318470.543, 113
Trd, 4318470.643, 110
Trd, 4318471.443, 131
Trd, 4318471.643, 109
Trd, 4318472.043, 123
Trd, 4318472.243, 76
Trd, 4318472.843, 75
Trd, 4318473.443, 70
Trd, 4318473.643, 67
Trd, 4318474.143, 70
Trd, 4318475.293, 69
Trd, 4318476.843, 61
Trd, 4318476.993, 140
Trd, 4318478.493, 71
Trd, 4318479.743, 62
Trd, 4318480.143, 62
Trd, 4318480.743, 62
Trd, 4318481.643, 127
Trd, 4318481.743, 126
Trd, 4318481.843, 122
Trd, 4318482.243, 110
Trd, 4318483.643, 80
Trd, 4318484.793, 139
Trd, 4318485.893, 108
Trd, 4318486.343, 113
Trd, 4318486.643, 107
Trd, 4318487.093, 106
Trd, 4318487.193, 104
Trd, 4318488.593, 95
Trd, 4318488.893, 72
Trd, 4318489.343, 140
Trd, 4318489.893, 105
Trd, 4318489.943, 101
Trd, 4318491.143, 61
Trd, 4318492.093, 63
Trd, 4318492.193, 70
Trd, 4318492.993, 112
Trd, 4318493.443, 138
Trd, 4318495.293, 66
Trd, 4318495.343, 74
Trd, 4318495.643, 60
Trd, 4318495.843, 66
Trd, 4318496.593, 60
Trd, 4318497.193, 60
Trd, 4318497.343, 60
Trd, 4318498.693, 60
Trd, 4318499.493, 66
Trd, 4318501.143, 60
Trd, 4318501.543, 61
Trd, 4318501.993, 76
Trd, 4318502.943, 69
Trd, 4318503.343, 133
Trd, 4318504.193, 82
Trd, 4318505.993, 131
Trd, 4318506.193, 130
Trd, 4318506.593, 123
Trd, 4318506.743, 119
Trd, 4318507.843, 89
Trd, 4318508.043, 67
Trd, 4318508.743, 60
Trd, 4318509.893, 61
Trd, 4318510.093, 67
Trd, 4318510.293, 71
Trd, 4318511.093, 85
Trd, 4318511.343, 127
Trd, 4318513.593, 92
Trd, 4318513.693, 96
Trd, 4318514.143, 108
Trd, 4318515.343, 72
Trd, 4318515.993, 81
Trd, 4318516.443, 67
Trd, 4318516.743, 67
Trd, 4318517.893, 139
Trd, 4318518.243, 125
Trd, 4318518.993, 106
Trd, 4318519.693, 80
Trd, 4318520.343, 60
Trd, 4318520.593, 87
Trd, 4318523.143, 140
Trd, 4318523.243, 131
Trd, 4318523.293, 125
Trd, 4318524.793, 87
Trd, 4318525.293, 125
Trd, 4318526.243, 64
Trd, 4318526.843, 95
Trd, 4318527.943, 74
Trd, 4318528.693, 77
Trd, 4318529.643, 70
Trd, 4318530.493, 67
Trd, 4318530.593, 62
Trd, 4318531.193, 140
Trd, 4318532.243, 139
Trd, 4318532.393, 100
Trd, 4318533.693, 84
Trd, 4318534.743, 71
Trd, 4318534.943, 65
Trd, 4318536.043, 137
Trd, 4318536.743, 135
Trd, 4318536.993, 123
Trd, 4318537.243, 110
Trd, 4318537.693, 98
Trd, 4318539.093, 100
Trd, 4318540.443, 61
Trd, 4318540.543, 76
Trd, 4318542.193, 91
Trd, 4318542.543, 79
Trd, 4318542.793, 96
Trd, 4318543.443, 131
Trd, 4318543.893, 110
Trd, 4318544.543, 110
Trd, 4318544.793, 66
Trd, 4318544.993, 63
Trd, 4318545.243, 115
Trd, 4318546.493, 120
Trd, 4318546.643, 94
Trd, 4318547.593, 104
Trd, 4318547.943, 100
Trd, 4318549.943, 60
Trd, 4318550.493, 65
Trd, 4318551.443, 135
Trd, 4318551.693, 73
Trd, 4318553.993, 84
Trd, 4318554.143, 83
Trd, 4318554.693, 118
Trd, 4318554.793, 102
Trd, 4318554.843, 76
Trd, 4318555.593, 70
Trd, 4318556.543, 110
Trd, 4318556.693, 108
Trd, 4318557.543, 63
Trd, 4318557.843, 103
Trd, 4318557.893, 90
Trd, 4318558.943, 85
Trd, 4318559.343, 118
Trd, 4318559.843, 101
Trd, 4318561.593, 138
Trd, 4318562.093, 105
Trd, 4318564.593, 136
Trd, 4318564.693, 135
Trd, 4318565.643, 133
Trd, 4318566.193, 109
Trd, 4318566.543, 111
Trd, 4318566.893, 67
Trd, 4318567.593, 115
Trd, 4318567.893, 93
Trd, 4318568.593, 126
Trd, 4318568.943, 84
Trd, 4318569.343, 88
Trd, 4318569.593, 70
Trd, 4318569.993, 69
Trd, 4318570.193, 68
Trd, 4318571.093, 76
Trd, 4318571.293, 102
Trd, 4318573.293, 76
Trd, 4318574.343, 72
Trd, 4318574.493, 119
Trd, 4318575.443, 63
Trd, 4318576.243, 69
Trd, 4318577.193, 61
Trd, 4318578.743, 79
Trd, 4318578.993, 82
Trd, 4318580.543, 100
Trd, 4318581.293, 135
Trd, 4318581.443, 117
Trd, 4318581.693, 88
Trd, 4318582.493, 112
Trd, 4318582.743, 111
Trd, 4318583.943, 96
Trd, 4318584.393, 96
Trd, 4318584.993, 90
Trd, 4318586.243, 106
Trd, 4318586.393, 88
Trd, 4318586.593, 87
Trd, 4318587.243, 123
Trd, 4318587.693, 110
Trd, 4318589.293, 104
Trd, 4318589.693, 103
Trd, 4318590.093, 92
Trd, 4318590.693, 121
Trd, 4318592.493, 123
Trd, 4318593.043, 111
Trd, 4318593.343, 98
Trd, 4318594.493, 140
Trd, 4318595.243, 140
Trd, 4318595.393, 107
Trd, 4318595.943, 134
Trd, 4318596.193, 124
Trd, 4318596.693, 102
Trd, 4318597.093, 91
Trd, 4318599.293, 103
Trd, 4318599.643, 92
Trd, 4318600.093, 96
Trd, 4318600.393, 95
Trd, 4318601.043, 75
Trd, 4318601.943, 69
Trd, 4318602.143, 66
Trd, 4318603.143, 67
Trd, 4318604.193, 83
Trd, 4318605.243, 117
Trd, 4318605.643, 78
Trd, 4318605.693, 77
Trd, 4318606.393, 86
Trd, 4318607.143, 78
Trd, 4318607.893, 65
Trd, 4318608.293, 65
Trd, 4318609.593, 70
Trd, 4318609.943, 78
Trd, 4318610.493, 73
Trd, 4318610.943, 90
Trd, 4318611.143, 93
Trd, 4318611.543, 71
Trd, 4318612.993, 108
Trd, 4318613.193, 107
Trd, 4318613.793, 72
Trd, 4318614.043, 104
Trd, 4318614.593, 138
Trd, 4318615.143, 107
Trd, 4318615.593, 101
Trd, 4318615.643, 100
Trd, 4318616.143, 60
Trd, 4318617.093, 106
Trd, 4318617.893, 64
Trd, 4318618.443, 91
Trd, 4318619.593, 72
Trd, 4318620.393, 77
Trd, 4318620.693, 133
Trd, 4318620.943, 76
Trd, 4318621.743, 118
Trd, 4318622.393, 120
Trd, 4318622.443, 69
Trd, 4318623.693, 63
Trd, 4318623.843, 61
Trd, 4318625.643, 60
Trd, 4318626.943, 60
Trd, 4318627.593, 67
Trd, 4318628.593, 64
Trd, 4318628.843, 117
Trd, 4318629.393, 106
Trd, 4318629.593, 85
Trd, 4318630.293, 60
Trd, 4318631.843, 70
Trd, 4318632.493, 76
Trd, 4318632.593, 87
Trd, 4318632.893, 83
Trd, 4318633.343, 61
Trd, 4318634.193, 76
Trd, 4318634.893, 71
Trd, 4318635.343, 105
Trd, 4318635.893, 70
Trd, 4318637.193, 74
Trd, 4318637.343, 73
Trd, 4318637.393, 116
Trd, 4318637.493, 67
Trd, 4318638.593, 90
Trd, 4318638.893, 76
Trd, 4318639.143, 62
Trd, 4318639.843, 60
Trd, 4318640.393, 118
Trd, 4318641.293, 83
Trd, 4318641.393, 76
Trd, 4318641.843, 76
Trd, 4318642.393, 139
Trd, 4318643.893, 63
Trd, 4318643.943, 64
Trd, 4318644.343, 115
Trd, 4318644.743, 139
Trd, 4318644.893, 62
Trd, 4318647.243, 61
Trd, 4318648.193, 115
Trd, 4318648.993, 115
Trd, 4318649.093, 113
Trd, 4318649.743, 102
Trd, 4318650.293, 93
Trd, 4318650.893, 100
Trd, 4318651.093, 123
Trd, 4318651.143, 79
Trd, 4318652.043, 109
Trd, 4318652.093, 72
Trd, 4318652.693, 140
Trd, 4318653.893, 102
Trd, 4318654.093, 96
Trd, 4318654.493, 126
Trd, 4318655.693, 82
Trd, 4318656.643, 70
Trd, 4318657.243, 67
Trd, 4318657.293, 74
Trd, 4318658.043, 65
Trd, 4318660.443, 85
Trd, 4318660.743, 85
Trd, 4318661.043, 88
Trd, 4318661.993, 63
Trd, 4318663.643, 65
Trd, 4318663.943, 123
Trd, 4318664.943, 109
Trd, 4318665.343, 98
Trd, 4318665.493, 85
Trd, 4318665.643, 83
Trd, 4318666.693, 61
Trd, 4318667.793, 93
Trd, 4318668.593, 98
Trd, 4318669.443, 138
Trd, 4318670.843, 139
Trd, 4318671.443, 123
Trd, 4318671.793, 137
Trd, 4318671.843, 86
Trd, 4318672.593, 61
Trd, 4318672.943, 61
Trd, 4318673.593, 76
Trd, 4318676.193, 96
Trd, 4318676.543, 81
Trd, 4318676.993, 138
Trd, 4318677.393, 135
Trd, 4318678.243, 107
Trd, 4318679.693, 111
Trd, 4318680.193, 89
Trd, 4318680.693, 85
Trd, 4318680.893, 72
Trd, 4318681.443, 81
Trd, 4318682.843, 70
Trd, 4318683.243, 82
Trd, 4318683.793, 60
Trd, 4318686.043, 60
Trd, 4318686.493, 140
Trd, 4318686.843, 60
Trd, 4318687.593, 74
Trd, 4318688.243, 65
Trd, 4318689.893, 91
Trd, 4318690.543, 75
Trd, 4318690.593, 107
Trd, 4318691.543, 140
Trd, 4318691.593, 101
Trd, 4318692.143, 77
Trd, 4318693.543, 140
Trd, 4318693.693, 109
Trd, 4318693.893, 75
Trd, 4318694.093, 114
Trd, 4318694.743, 74
Trd, 4318695.343, 79
Trd, 4318697.043, 117
Trd, 4318697.293, 114
Trd, 4318697.493, 88
Trd, 4318698.343, 86
Trd, 4318698.593, 65
Trd, 4318699.193, 79
Trd, 4318700.043, 110
Trd, 4318701.743, 104
Trd, 4318701.943, 114
Trd, 4318702.743, 101
Trd, 4318703.143, 100
Trd, 4318703.743, 88
Trd, 4318704.843, 139
Trd, 4318705.143, 105
Trd, 4318705.643, 84
Trd, 4318705.843, 74
Trd, 4318706.993, 60
Trd, 4318708.343, 65
Trd, 4318708.643, 66
Trd, 4318709.043, 66
Trd, 4318709.843, 65
Trd, 4318710.143, 114
Trd, 4318711.193, 74
Trd, 4318711.743, 69
Trd, 4318712.793, 119
Trd, 4318713.243, 88
Trd, 4318713.393, 88
Trd, 4318713.443, 87
Trd, 4318715.393, 125
Trd, 4318715.743, 123
Trd, 4318715.843, 97
Trd, 4318716.293, 130
Trd, 4318716.443, 106
Trd, 4318717.743, 64
Trd, 4318718.293, 73
Trd, 4318718.843, 67
Trd, 4318719.793, 140
Trd, 4318719.993, 119
Trd, 4318720.593, 98
Trd, 4318721.493, 79
Trd, 4318723.043, 76
Trd, 4318723.593, 63
Trd, 4318723.843, 76
Trd, 4318724.443, 114
Trd, 4318724.993, 122
Trd, 4318725.293, 85
Trd, 4318725.543, 82
Trd, 4318725.643, 63
Trd, 4318726.593, 128
Trd, 4318727.093, 64
Trd, 4318727.143, 77
Trd, 4318728.143, 83
Trd, 4318729.193, 60
Trd, 4318730.493, 63
Trd, 4318731.193, 140
Trd, 4318731.243, 140
Trd, 4318731.743, 97
Trd, 4318732.143, 95
Trd, 4318732.393, 85
Trd, 4318733.143, 106
Trd, 4318734.293, 122
Trd, 4318734.443, 104
Trd, 4318735.643, 89
Trd, 4318736.043, 132
Trd, 4318736.843, 86
Trd, 4318737.693, 95
Trd, 4318738.393, 93
Trd, 4318738.693, 93
Trd, 4318739.093, 119
Trd, 4318739.243, 84
Trd, 4318739.693, 74
Trd, 4318739.943, 107
Trd, 4318740.843, 72
Trd, 4318741.343, 65
Trd, 4318741.843, 65
Trd, 4318742.193, 110
Trd, 4318742.593, 109
Trd, 4318743.643, 65
Trd, 4318744.093, 74
Trd, 4318745.193, 137
Trd, 4318745.443, 136
Trd, 4318745.643, 132
Trd, 4318746.893, 135
Trd, 4318747.343, 120
Trd, 4318747.443, 113
Trd, 4318747.793, 110
Trd, 4318747.893, 108
Trd, 4318748.343, 90
Trd, 4318749.443, 86
Trd, 4318749.743, 109
Trd, 4318750.043, 111
Trd, 4318750.493, 62
Trd, 4318752.043, 65
Trd, 4318752.343, 125
Trd, 4318753.643, 138
Trd, 4318754.443, 109
Trd, 4318754.743, 106
Trd, 4318754.993, 83
Trd, 4318755.943, 60
Trd, 4318756.343, 90
Trd, 4318756.943, 137
Trd, 4318759.343, 62
Trd, 4318759.593, 60
Trd, 4318760.143, 62
Trd, 4318761.143, 107
Trd, 4318761.893, 106
Trd, 4318763.743, 108
Trd, 4318764.693, 104
Trd, 4318764.993, 107
Trd, 4318765.293, 96
Trd, 4318765.393, 92
Trd, 4318765.693, 91
Trd, 4318767.293, 140
Trd, 4318768.943, 114
Trd, 4318769.343, 113
Trd, 4318769.493, 76
Trd, 4318770.143, 68
Trd, 4318770.193, 95
Trd, 4318771.093, 83
Trd, 4318771.143, 69
Trd, 4318773.093, 100
Trd, 4318773.293, 100
Trd, 4318773.343, 123
Trd, 4318774.393, 93
Trd, 4318775.093, 60
Trd, 4318775.893, 132
Trd, 4318777.643, 62
Trd, 4318778.593, 122
Trd, 4318778.893, 110
Trd, 4318779.493, 109
Trd, 4318779.743, 93
Trd, 4318780.443, 97
Trd, 4318781.093, 83
Trd, 4318782.193, 140
Trd, 4318782.693, 66
Trd, 4318782.943, 63
Trd, 4318783.693, 140
Trd, 4318785.393, 73
Trd, 4318786.443, 61
Trd, 4318787.193, 63
Trd, 4318788.093, 65
Trd, 4318788.893, 63
Trd, 4318789.093, 77
Trd, 4318789.343, 60
Trd, 4318789.493, 71
Trd, 4318790.543, 63
Trd, 4318790.943, 64
Trd, 4318791.443, 75
Trd, 4318792.293, 125
Trd, 4318793.043, 71
Trd, 4318793.543, 62
Trd, 4318794.893, 69
Trd, 4318795.443, 63
Trd, 4318796.793, 60
Trd, 4318796.993, 62
Trd, 4318798.393, 80
Trd, 4318798.893, 102
Trd, 4318799.593, 76
Trd, 4318800.393, 114
Trd, 4318800.893, 75
Trd, 4318801.343, 64
Trd, 4318801.993, 104
Trd, 4318802.693, 84
Trd, 4318802.843, 83
Trd, 4318804.443, 60
Trd, 4318805.093, 61
Trd, 4318805.443, 70
Trd, 4318806.043, 70
Trd, 4318806.593, 82
Trd, 4318807.493, 77
Trd, 4318807.843, 98
Trd, 4318808.143, 75
Trd, 4318808.293, 76
Trd, 4318808.843, 72
Trd, 4318809.143, 74
Trd, 4318809.743, 71
Trd, 4318810.143, 139
Trd, 4318810.643, 79
Trd, 4318811.493, 96
Trd, 4318812.693, 113
Trd, 4318813.093, 69
Trd, 4318815.043, 92
Trd, 4318815.143, 77
Trd, 4318816.143, 93
Trd, 4318816.643, 92
Trd, 4318817.443, 83
Trd, 4318817.993, 95
Trd, 4318818.343, 104
Trd, 4318820.143, 135
Trd, 4318821.393, 114
Trd, 4318821.443, 113
Trd, 4318821.693, 110
Trd, 4318822.243, 98
Trd, 4318822.643, 106
Trd, 4318822.943, 64
Trd, 4318823.793, 140
Trd, 4318824.293, 61
Trd, 4318826.293, 60
Trd, 4318827.043, 64
Trd, 4318827.193, 69
Trd, 4318827.243, 70
Trd, 4318827.843, 66
Trd, 4318829.743, 63
Trd, 4318830.193, 64
Trd, 4318830.993, 74
Trd, 4318832.193, 107
Trd, 4318832.643, 101
Trd, 4318833.143, 119
Trd, 4318834.993, 138
Trd, 4318835.443, 130
Trd, 4318835.543, 129
Trd, 4318836.593, 116
Trd, 4318837.393, 112
Trd, 4318837.793, 111
Trd, 4318838.143, 84
Trd, 4318838.493, 93
Trd, 4318839.243, 71
Trd, 4318839.843, 66
Trd, 4318841.843, 128
Trd, 4318841.893, 127
Trd, 4318842.093, 84
Trd, 4318842.993, 92
Trd, 4318843.643, 131
Trd, 4318844.993, 139
Trd, 4318845.693, 97
Trd, 4318846.893, 106
Trd, 4318847.143, 92
Trd, 4318848.093, 82
Trd, 4318848.793, 68
Trd, 4318848.893, 60
Trd, 4318849.293, 137
Trd, 4318851.243, 67
Trd, 4318851.443, 70
Trd, 4318852.493, 74
Trd, 4318853.443, 103
Trd, 4318853.943, 136
Trd, 4318854.243, 122
Trd, 4318854.643, 73
Trd, 4318855.243, 137
Trd, 4318855.593, 140
Trd, 4318856.743, 87
Trd, 4318857.493, 73
Trd, 4318857.893, 65
Trd, 4318858.743, 116
Trd, 4318858.993, 74
Trd, 4318859.493, 72
Trd, 4318860.193, 124
Trd, 4318860.393, 71
Trd, 4318860.693, 110
Trd, 4318861.143, 60
Trd, 4318862.593, 82
Trd, 4318863.293, 69
Trd, 4318863.743, 87
Trd, 4318864.893, 123
Trd, 4318865.393, 69
Trd, 4318866.243, 90
Trd, 4318867.593, 140
Trd, 4318867.843, 120
Trd, 4318868.243, 95
Trd, 4318869.693, 63
Trd, 4318870.193, 99
Trd, 4318870.693, 71
Trd, 4318871.493, 140
Trd, 4318871.943, 138
Trd, 4318872.043, 120
Trd, 4318872.093, 119
Trd, 4318872.843, 127
Trd, 4318873.293, 86
Trd, 4318873.643, 87
Trd, 4318874.343, 66
Trd, 4318875.193, 97
Trd, 4318875.443, 119
Trd, 4318875.893, 65
Trd, 4318877.043, 83
Trd, 4318878.593, 60
Trd, 4318878.643, 61
Trd, 4318878.943, 60
Trd, 4318880.493, 61
Trd, 4318880.643, 72
Trd, 4318880.943, 140
Trd, 4318881.843, 62
Trd, 4318883.843, 66
Trd, 4318883.893, 93
Trd, 4318884.043, 67
Trd, 4318884.193, 64
Trd, 4318885.193, 65
Trd, 4318886.093, 61
Trd, 4318887.293, 63
Trd, 4318887.593, 75
Trd, 4318889.143, 97
Trd, 4318890.443, 135
Trd, 4318890.493, 123
Trd, 4318890.693, 64
Trd, 4318891.243, 99
Trd, 4318891.893, 78
Trd, 4318892.143, 75
Trd, 4318892.343, 75
Trd, 4318892.693, 84
Trd, 4318893.643, 75
Trd, 4318895.093, 74
Trd, 4318895.193, 74
Trd, 4318895.893, 74
Trd, 4318895.943, 72
Trd, 4318897.493, 60
Trd, 4318898.143, 61
Trd, 4318898.593, 60
Trd, 4318898.643, 70
Trd, 4318898.843, 68
Trd, 4318900.793, 61
Trd, 4318901.443, 62
Trd, 4318902.493, 70
Trd, 4318902.543, 83
Trd, 4318903.343, 100
Trd, 4318903.893, 130
Trd, 4318904.693, 124
Trd, 4318906.093, 125
Trd, 4318906.443, 123
Trd, 4318906.593, 90
Trd, 4318906.793, 77
Trd, 4318906.943, 80
Trd, 4318907.893, 128
Trd, 4318908.943, 140
Trd, 4318910.793, 60
Trd, 4318911.143, 61
Trd, 4318911.243, 66
Trd, 4318913.093, 61
Trd, 4318913.793, 62
Trd, 4318914.943, 64
Trd, 4318916.193, 68
Trd, 4318916.293, 134
Trd, 4318916.743, 65
Trd, 4318916.943, 135
Trd, 4318918.693, 62
Trd, 4318919.443, 69
Trd, 4318919.743, 63
Trd, 4318920.293, 65
Trd, 4318921.143, 86
Trd, 4318921.393, 64
Trd, 4318921.443, 62
Trd, 4318923.643, 66
Trd, 4318924.293, 83
Trd, 4318924.943, 134
Trd, 4318925.043, 120
Trd, 4318925.643, 113
Trd, 4318925.793, 97
Trd, 4318927.193, 128
Trd, 4318927.643, 119
Trd, 4318927.793, 103
Trd, 4318928.343, 106
Trd, 4318928.693, 63
Trd, 4318929.243, 103
Trd, 4318930.043, 61
Trd, 4318930.993, 66
Trd, 4318931.893, 66
Trd, 4318932.743, 60
Trd, 4318933.393, 65
Trd, 4318934.693, 140
Trd, 4318935.043, 139
Trd, 4318935.143, 122
Trd, 4318935.793, 139
Trd, 4318936.793, 128
Trd, 4318937.293, 126
Trd, 4318937.393, 110
Trd, 4318938.593, 99
Trd, 4318938.693, 94
Trd, 4318939.293, 109
Trd, 4318939.843, 83
Trd, 4318941.043, 107
Trd, 4318941.393, 123
Trd, 4318941.443, 106
Trd, 4318942.493, 80
Trd, 4318943.143, 96
Trd, 4318943.343, 74
Trd, 4318943.643, 81
Trd, 4318944.243, 108
Trd, 4318944.343, 93
Trd, 4318946.093, 88
Trd, 4318946.943, 83
Trd, 4318947.193, 81
Trd, 4318947.393, 80
Trd, 4318947.993, 68
Trd, 4318948.893, 102
Trd, 4318949.143, 133
Trd, 4318949.243, 79
Trd, 4318949.943, 137
Trd, 4318950.793, 97
Trd, 4318952.193, 98
Trd, 4318952.743, 98
Trd, 4318953.243, 104
Trd, 4318953.493, 118
Trd, 4318953.793, 119
Trd, 4318953.843, 97
Trd, 4318954.243, 139
Trd, 4318955.443, 129
Trd, 4318955.543, 94
Trd, 4318956.143, 94
Trd, 4318956.843, 80
Trd, 4318957.193, 93
Trd, 4318958.993, 69
Trd, 4318959.393, 77
Trd, 4318960.193, 78
Trd, 4318960.493, 105
Trd, 4318961.993, 140
Trd, 4318962.793, 140
Trd, 4318962.993, 140
Trd, 4318963.493, 136
Trd, 4318963.893, 105
Trd, 4318964.843, 123
Trd, 4318965.543, 76
Trd, 4318965.643, 69
Trd, 4318966.343, 76
Trd, 4318967.393, 93
Trd, 4318967.743, 70
Trd, 4318968.193, 70
Trd, 4318969.243, 90
Trd, 4318969.893, 74
Trd, 4318969.993, 84
Trd, 4318970.593, 139
Trd, 4318970.893, 102
Trd, 4318971.643, 74
Trd, 4318972.143, 140
Trd, 4318973.493, 60
Trd, 4318973.793, 109
Trd, 4318974.743, 64
Trd, 4318976.243, 83
Trd, 4318976.993, 115
Trd, 4318977.193, 131
Trd, 4318977.543, 110
Trd, 4318977.943, 105
Trd, 4318977.993, 104
Trd, 4318978.893, 107
Trd, 4318979.993, 103
Trd, 4318980.543, 91
Trd, 4318982.443, 71
Trd, 4318983.393, 94
Trd, 4318983.793, 67
Trd, 4318984.243, 139
Trd, 4318984.643, 126
Trd, 4318984.693, 117
Trd, 4318985.643, 100
Trd, 4318985.743, 65
Trd, 4318986.143, 60
Trd, 4318986.193, 62
Trd, 4318988.493, 60
Trd, 4318989.343, 71
Trd, 4318989.493, 99
Trd, 4318990.093, 60
Trd, 4318990.693, 74
Trd, 4318991.343, 98
Trd, 4318991.493, 103
Trd, 4318992.093, 82
Trd, 4318993.093, 111
Trd, 4318993.293, 71
Trd, 4318993.793, 71
Trd, 4318993.993, 69
Trd, 4318994.643, 91
Trd, 4318994.743, 90
Trd, 4318996.593, 73
Trd, 4318997.643, 60
Trd, 4318999.893, 60
Trd, 4319000.143, 61
Trd, 4319000.543, 62
Trd, 4319000.893, 64
Trd, 4319001.243, 70
Trd, 4319002.043, 63
Trd, 4319002.393, 104
Trd, 4319003.143, 61
Trd, 4319004.093, 60
Trd, 4319004.593, 63
Trd, 4319004.743, 67
Trd, 4319005.393, 94
Trd, 4319006.293, 81
Trd, 4319006.743, 80
Trd, 4319006.993, 78
Trd, 4319007.943, 63
Trd, 4319009.543, 62
Trd, 4319009.893, 70
Trd, 4319009.993, 112
Trd, 4319011.193, 97
Trd, 4319013.093, 140
Trd, 4319013.443, 140
Trd, 4319014.493, 115
Trd, 4319014.643, 89
Trd, 4319015.293, 68
Trd, 4319016.343, 121
Trd, 4319016.793, 137
Trd, 4319016.843, 118
Trd, 4319016.993, 88
Trd, 4319018.143, 90
Trd, 4319018.843, 124
Trd, 4319019.043, 72
Trd, 4319020.243, 60
Trd, 4319020.343, 63
Trd, 4319021.893, 64
Trd, 4319022.193, 67
Trd, 4319022.543, 71
Trd, 4319024.093, 64
Trd, 4319024.643, 109
Trd, 4319025.043, 80
Trd, 4319026.093, 125
Trd, 4319026.343, 81
Trd, 4319026.993, 138
Trd, 4319028.243, 120
Trd, 4319028.293, 109
Trd, 4319028.643, 104
Trd, 4319029.743, 76
Trd, 4319030.093, 69
Trd, 4319030.643, 61
Trd, 4319031.143, 65
Trd, 4319032.543, 86
Trd, 4319033.743, 73
Trd, 4319034.493, 60
Trd, 4319034.543, 61
Trd, 4319036.093, 94
Trd, 4319036.743, 71
Trd, 4319037.043, 140
Trd, 4319038.093, 60
Trd, 4319038.443, 60
Trd, 4319039.293, 74
Trd, 4319041.493, 71
Trd, 4319042.043, 77
Trd, 4319042.343, 76
Trd, 4319043.143, 140
Trd, 4319043.793, 122
Trd, 4319043.993, 73
Trd, 4319045.293, 65
Trd, 4319049.243, 61
Trd, 4319049.893, 68
Trd, 4319050.243, 62
Trd, 4319050.493, 64
Trd, 4319051.893, 88
Trd, 4319051.993, 82
Trd, 4319052.993, 61
Trd, 4319053.243, 64
Trd, 4319053.543, 60
Trd, 4319054.343, 62
Trd, 4319055.543, 64
Trd, 4319056.393, 75
Trd, 4319058.093, 116
Trd, 4319058.293, 115
Trd, 4319058.393, 113
Trd, 4319058.993, 120
Trd, 4319059.493, 100
Trd, 4319059.593, 98
Trd, 4319060.743, 99
Trd, 4319061.393, 81
Trd, 4319062.243, 140
Trd, 4319062.743, 140
Trd, 4319063.093, 122
Trd, 4319063.543, 110
Trd, 4319064.543, 89
Trd, 4319065.493, 118
Trd, 4319065.643, 140
Trd, 4319066.343, 76
Trd, 4319066.943, 117
Trd, 4319067.593, 95
Trd, 4319067.843, 87
Trd, 4319069.643, 61
Trd, 4319069.893, 73
Trd, 4319071.343, 98
Trd, 4319071.443, 97
Trd, 4319071.493, 97
Trd, 4319072.393, 129
Trd, 4319072.643, 118
Trd, 4319072.893, 87
Trd, 4319074.643, 119
Trd, 4319074.693, 114
Trd, 4319075.093, 96
Trd, 4319075.193, 82
Trd, 4319076.293, 81
Trd, 4319076.843, 69
Trd, 4319077.043, 81
Trd, 4319077.893, 66
Trd, 4319079.693, 92
Trd, 4319080.143, 67
Trd, 4319080.793, 79
Trd, 4319081.493, 124
Trd, 4319081.893, 118
Trd, 4319082.793, 105
Trd, 4319082.893, 104
Trd, 4319083.043, 94
Trd, 4319083.793, 70
Trd, 4319084.343, 106
Trd, 4319085.443, 140
Trd, 4319085.493, 119
Trd, 4319086.093, 105
Trd, 4319086.593, 104
Trd, 4319086.943, 93
Trd, 4319087.293, 80
Trd, 4319087.543, 94
Trd, 4319088.143, 138
Trd, 4319089.993, 92
Trd, 4319090.393, 72
Trd, 4319090.943, 77
Trd, 4319091.193, 61
Trd, 4319091.393, 91
Trd, 4319091.643, 60
Trd, 4319091.993, 67
Trd, 4319093.293, 61
Trd, 4319094.343, 61
Trd, 4319095.343, 65
Trd, 4319096.343, 60
Trd, 4319096.593, 63
Trd, 4319097.943, 63
Trd, 4319098.393, 62
Trd, 4319098.643, 95
Trd, 4319098.743, 119
Trd, 4319099.243, 109
Trd, 4319099.793, 63
Trd, 4319100.893, 68
Trd, 4319101.893, 121
Trd, 4319101.943, 120
Trd, 4319102.093, 138
Trd, 4319102.843, 90
Trd, 4319103.493, 92
Trd, 4319104.093, 113
Trd, 4319104.143, 60
Trd, 4319106.193, 65
Trd, 4319106.393, 60
Trd, 4319107.543, 64
Trd, 4319107.743, 76
Trd, 4319108.843, 87
Trd, 4319109.543, 79
Trd, 4319110.143, 61
Trd, 4319110.243, 61
Trd, 4319110.493, 61
Trd, 4319111.393, 74
Trd, 4319112.843, 60
Trd, 4319112.993, 60
Trd, 4319113.493, 98
Trd, 4319115.243, 107
Trd, 4319115.343, 86
Trd, 4319115.843, 73
Trd, 4319117.193, 69
Trd, 4319117.793, 71
Trd, 4319118.143, 106
Trd, 4319119.043, 91
Trd, 4319119.543, 106
Trd, 4319119.593, 92
Trd, 4319119.743, 93
Trd, 4319120.543, 72
Trd, 4319120.943, 133
Trd, 4319121.193, 96
Trd, 4319122.443, 129
Trd, 4319123.793, 112
Trd, 4319123.943, 92
Trd, 4319124.393, 82
Trd, 4319125.093, 66
Trd, 4319126.443, 62
Trd, 4319126.493, 83
Trd, 4319127.193, 104
Trd, 4319127.443, 119
Trd, 4319127.893, 101
Trd, 4319128.193, 96
Trd, 4319129.143, 60
Trd, 4319130.443, 81
Trd, 4319131.343, 93
Trd, 4319131.693, 92
Trd, 4319131.793, 104
Trd, 4319132.343, 103
Trd, 4319133.043, 69
Trd, 4319133.843, 69
Trd, 4319134.793, 121
Trd, 4319135.193, 118
Trd, 4319135.593, 84
Trd, 4319135.843, 118
Trd, 4319136.293, 73
Trd, 4319136.393, 98
Trd, 4319137.643, 140
Trd, 4319139.593, 140
Trd, 4319139.943, 140
Trd, 4319140.093, 127
Trd, 4319140.143, 121
Trd, 4319140.493, 100
Trd, 4319141.243, 82
Trd, 4319142.193, 78
Trd, 4319142.243, 93
Trd, 4319143.543, 119
Trd, 4319144.593, 114
Trd, 4319144.943, 94
Trd, 4319145.593, 140
Trd, 4319146.893, 98
Trd, 4319147.543, 105
Trd, 4319147.693, 89
Trd, 4319148.743, 118
Trd, 4319149.093, 80
Trd, 4319149.293, 90
Trd, 4319149.843, 79
Trd, 4319150.293, 78
Trd, 4319150.893, 84
Trd, 4319152.143, 139
Trd, 4319152.993, 112
Trd, 4319154.393, 132
Trd, 4319154.643, 138
Trd, 4319154.843, 120
Trd, 4319155.143, 92
Trd, 4319155.693, 138
Trd, 4319156.693, 130
Trd, 4319156.843, 121
Trd, 4319157.143, 105
Trd, 4319157.343, 137
Trd, 4319157.443, 100
Trd, 4319157.843, 93
Trd, 4319158.943, 138
Trd, 4319160.093, 134
Trd, 4319160.793, 133
Trd, 4319160.993, 127
Trd, 4319161.343, 92
Trd, 4319162.193, 74
Trd, 4319162.393, 65
Trd, 4319163.543, 137
Trd, 4319164.093, 129
Trd, 4319166.443, 62
Trd, 4319166.693, 63
Trd, 4319167.393, 65
Trd, 4319168.043, 125
Trd, 4319168.693, 100
Trd, 4319168.893, 121
Trd, 4319169.543, 100
Trd, 4319170.393, 97
Trd, 4319170.793, 71
Trd, 4319171.193, 139
Trd, 4319171.793, 80
Trd, 4319172.693, 80
Trd, 4319175.043, 140
Trd, 4319175.093, 140
Trd, 4319175.343, 124
Trd, 4319175.443, 130
Trd, 4319175.893, 130
Trd, 4319175.993, 129
Trd, 4319176.043, 89
Trd, 4319176.443, 72
Trd, 4319178.043, 140
Trd, 4319178.193, 124
Trd, 4319178.443, 123
Trd, 4319179.093, 122
Trd, 4319181.293, 135
Trd, 4319181.793, 133
Trd, 4319182.193, 101
Trd, 4319183.393, 132
Trd, 4319183.843, 127
Trd, 4319184.393, 126
Trd, 4319185.243, 132
Trd, 4319185.493, 111
Trd, 4319186.143, 105
Trd, 4319186.643, 80
Trd, 4319187.193, 84
Trd, 4319188.493, 63
Trd, 4319189.093, 63
Trd, 4319189.493, 72
Trd, 4319190.043, 83
Trd, 4319191.343, 140
Trd, 4319192.193, 93
Trd, 4319193.243, 90
Trd, 4319194.993, 113
Trd, 4319195.343, 99
Trd, 4319195.393, 98
Trd, 4319196.593, 95
Trd, 4319197.193, 100
Trd, 4319198.043, 76
Trd, 4319198.993, 92
Trd, 4319199.443, 111
Trd, 4319200.093, 122
Trd, 4319200.593, 139
Trd, 4319201.243, 78
Trd, 4319201.643, 92
Trd, 4319201.843, 85
Trd, 4319202.093, 140
Trd, 4319202.843, 88
Trd, 4319203.443, 71
Trd, 4319204.543, 83
Trd, 4319205.243, 81
Trd, 4319205.943, 136
Trd, 4319205.993, 113
Trd, 4319206.293, 81
Trd, 4319207.693, 111
Trd, 4319207.993, 130
Trd, 4319208.243, 105
Trd, 4319208.843, 85
Trd, 4319209.893, 62
Trd, 4319210.743, 139
Trd, 4319211.543, 82
Trd, 4319212.043, 119
Trd, 4319212.093, 83
Trd, 4319213.043, 76
Trd, 4319214.693, 83
Trd, 4319215.093, 93
Trd, 4319215.593, 68
Trd, 4319215.943, 86
Trd, 4319216.293, 71
Trd, 4319217.643, 125
Trd, 4319217.893, 130
Trd, 4319218.093, 126
Trd, 4319218.793, 109
Trd, 4319220.143, 140
Trd, 4319221.393, 140
Trd, 4319221.693, 123
Trd, 4319222.193, 106
Trd, 4319222.793, 102
Trd, 4319223.643, 77
Trd, 4319224.793, 138
Trd, 4319225.343, 116
Trd, 4319225.793, 96
Trd, 4319226.743, 60
Trd, 4319227.743, 109
Trd, 4319228.293, 90
Trd, 4319229.043, 140
Trd, 4319229.343, 127
Trd, 4319229.593, 110
Trd, 4319230.293, 102
Trd, 4319231.143, 61
Trd, 4319231.293, 85
Trd, 4319232.593, 104
Trd, 4319233.743, 64
Trd, 4319233.943, 101
Trd, 4319234.893, 63
Trd, 4319235.643, 65
Trd, 4319237.993, 70
Trd, 4319238.343, 67
Trd, 4319239.093, 65
Trd, 4319239.343, 91
Trd, 4319239.693, 140
Trd, 4319240.243, 104
Trd, 4319240.743, 94
Trd, 4319241.043, 140
Trd, 4319241.443, 101
Trd, 4319242.093, 132
Trd, 4319242.693, 97
Trd, 4319242.893, 133
Trd, 4319243.543, 101
Trd, 4319244.143, 138
Trd, 4319244.543, 97
Trd, 4319245.393, 118
Trd, 4319247.193, 68
Trd, 4319247.393, 104
Trd, 4319248.043, 102
Trd, 4319248.693, 95
Trd, 4319249.343, 129
Trd, 4319249.443, 93
Trd, 4319249.993, 82
Trd, 4319250.393, 140
Trd, 4319250.693, 140
Trd, 4319251.443, 70
Trd, 4319252.593, 61
Trd, 4319252.843, 67
Trd, 4319253.093, 101
Trd, 4319254.293, 91
Trd, 4319255.193, 75
Trd, 4319255.643, 71
Trd, 4319256.643, 97
Trd, 4319256.943, 114
Trd, 4319257.993, 112
Trd, 4319258.543, 138
Trd, 4319258.643, 110
Trd, 4319259.693, 108
Trd, 4319260.043, 117
Trd, 4319260.793, 109
Trd, 4319261.193, 127
Trd, 4319261.643, 115
Trd, 4319262.243, 115
Trd, 4319262.793, 96
Trd, 4319263.293, 122
Trd, 4319264.093, 65
Trd, 4319265.543, 127
Trd, 4319265.993, 94
Trd, 4319267.743, 136
Trd, 4319267.893, 119
Trd, 4319268.593, 114
Trd, 4319268.743, 111
Trd, 4319270.393, 77
Trd, 4319271.293, 114
Trd, 4319271.893, 102
Trd, 4319272.093, 87
Trd, 4319272.693, 85
Trd, 4319273.443, 77
Trd, 4319273.843, 94
Trd, 4319273.893, 75
Trd, 4319274.243, 74
Trd, 4319274.893, 83
Trd, 4319276.193, 98
Trd, 4319276.543, 85
Trd, 4319276.693, 107
Trd, 4319277.043, 69
Trd, 4319277.243, 62
Trd, 4319278.543, 140
Trd, 4319279.143, 126
Trd, 4319279.293, 124
Trd, 4319280.243, 93
Trd, 4319280.743, 112
Trd, 4319281.343, 92
Trd, 4319282.193, 103
Trd, 4319282.793, 107
Trd, 4319283.193, 106
Trd, 4319283.393, 113
Trd, 4319283.793, 95
Trd, 4319284.193, 74
Trd, 4319284.843, 69
Trd, 4319285.493, 63
Trd, 4319287.743, 104
Trd, 4319288.993, 110
Trd, 4319289.343, 99
Trd, 4319290.693, 138
Trd, 4319291.793, 140
Trd, 4319292.293, 133
Trd, 4319292.343, 120
Trd, 4319293.093, 77
Trd, 4319293.393, 65
Trd, 4319293.543, 90
Trd, 4319294.243, 82
Trd, 4319296.493, 126
Trd, 4319296.693, 125
Trd, 4319297.543, 109
Trd, 4319297.893, 127
Trd, 4319298.343, 112
Trd, 4319298.693, 103
Trd, 4319299.143, 72
Trd, 4319299.793, 94
Trd, 4319301.343, 139
Trd, 4319301.793, 121
Trd, 4319301.943, 90
Trd, 4319302.693, 93
Trd, 4319303.293, 62
Trd, 4319303.743, 60
Trd, 4319303.943, 105
Trd, 4319305.643, 71
Trd, 4319305.743, 71
Trd, 4319307.743, 60
Trd, 4319308.643, 61
Trd, 4319309.043, 64
Trd, 4319311.243, 140
Trd, 4319311.443, 140
Trd, 4319312.093, 140
Trd, 4319312.293, 123
Trd, 4319312.693, 107
Trd, 4319313.543, 100
Trd, 4319313.943, 60
Trd, 4319315.193, 84
Trd, 4319315.593, 106
Trd, 4319316.793, 91
Trd, 4319317.993, 114
Trd, 4319318.093, 106
Trd, 4319319.543, 137
Trd, 4319319.793, 119
Trd, 4319319.893, 110
Trd, 4319321.393, 103
Trd, 4319321.643, 98
Trd, 4319322.243, 86
Trd, 4319322.343, 85
Trd, 4319323.193, 75
Trd, 4319325.443, 67
Trd, 4319325.943, 63
Trd, 4319326.393, 71
Trd, 4319327.093, 80
Trd, 4319327.443, 81
Trd, 4319327.893, 64
Trd, 4319328.693, 60
Trd, 4319329.743, 63
Trd, 4319330.543, 61
Trd, 4319330.943, 65
Trd, 4319332.343, 67
Trd, 4319333.043, 64
Trd, 4319333.193, 113
Trd, 4319334.443, 115
Trd, 4319334.493, 114
Trd, 4319334.593, 99
Trd, 4319335.143, 140
Trd, 4319336.143, 115
Trd, 4319337.243, 106
Trd, 4319337.693, 106
Trd, 4319338.243, 115
Trd, 4319338.793, 128
Trd, 4319339.993, 99
Trd, 4319340.393, 98
Trd, 4319340.643, 94
Trd, 4319340.793, 83
Trd, 4319340.893, 87
Trd, 4319340.993, 127
Trd, 4319342.293, 66
Trd, 4319342.543, 124
Trd, 4319342.893, 99
Trd, 4319345.593, 63
Trd, 4319347.143, 60
Trd, 4319347.843, 66
Trd, 4319347.943, 71
Trd, 4319348.493, 60
Trd, 4319349.543, 61
Trd, 4319350.493, 61
Trd, 4319351.043, 62
Trd, 4319351.943, 60
Trd, 4319352.693, 74
Trd, 4319353.493, 75
Trd, 4319353.943, 87
Trd, 4319354.343, 89
Trd, 4319356.493, 62
Trd, 4319356.643, 62
Trd, 4319356.893, 65
Trd, 4319357.893, 62
Trd, 4319359.143, 124
Trd, 4319360.593, 77
Trd, 4319360.693, 76
Trd, 4319361.093, 101
Trd, 4319361.493, 84
Trd, 4319362.493, 101
Trd, 4319362.743, 96
Trd, 4319362.793, 95
Trd, 4319362.943, 118
Trd, 4319363.793, 111
Trd, 4319364.143, 119
Trd, 4319365.993, 106
Trd, 4319366.043, 89
Trd, 4319366.843, 118
Trd, 4319368.043, 63
Trd, 4319368.093, 63
Trd, 4319369.093, 65
Trd, 4319370.093, 119
Trd, 4319370.293, 118
Trd, 4319371.793, 116
Trd, 4319372.193, 127
Trd, 4319372.543, 140
Trd, 4319372.743, 124
Trd, 4319372.993, 89
Trd, 4319374.793, 103
Trd, 4319376.393, 140
Trd, 4319376.743, 66
Trd, 4319377.293, 76
Trd, 4319378.193, 60
Trd, 4319378.593, 73
Trd, 4319380.143, 88
Trd, 4319381.243, 74
Trd, 4319381.293, 65
Trd, 4319381.843, 140
Trd, 4319382.693, 140
Trd, 4319383.793, 103
Trd, 4319384.343, 109
Trd, 4319384.993, 60
Trd, 4319385.243, 71
Trd, 4319385.493, 128
Trd, 4319385.843, 67
Trd, 4319385.993, 119
Trd, 4319386.293, 139
Trd, 4319388.543, 60
Trd, 4319388.993, 62
Trd, 4319389.093, 76
Trd, 4319390.493, 86
Trd, 4319391.943, 70
Trd, 4319392.393, 69
Trd, 4319392.843, 67
Trd, 4319393.093, 71
Trd, 4319393.543, 68
Trd, 4319394.143, 73
Trd, 4319394.293, 107
Trd, 4319394.393, 83
Trd, 4319395.193, 77
Trd, 4319396.243, 60
Trd, 4319398.243, 63
Trd, 4319398.493, 60
Trd, 4319398.843, 61
Trd, 4319399.593, 66
Trd, 4319400.493, 88
Trd, 4319401.493, 101
Trd, 4319402.343, 89
Trd, 4319403.293, 89
Trd, 4319404.093, 94
Trd, 4319404.743, 108
Trd, 4319404.943, 93
Trd, 4319405.243, 85
Trd, 4319406.443, 83
Trd, 4319406.643, 109
Trd, 4319407.243, 82
Trd, 4319408.543, 113
Trd, 4319408.643, 131
Trd, 4319409.043, 74
Trd, 4319409.443, 68
Trd, 4319409.593, 105
Trd, 4319410.393, 66
Trd, 4319410.993, 63
Trd, 4319411.793, 80
Trd, 4319413.793, 95
Trd, 4319414.093, 87
Trd, 4319414.743, 84
Trd, 4319415.693, 93
Trd, 4319415.793, 81
Trd, 4319416.543, 74
Trd, 4319417.493, 139
Trd, 4319418.093, 116
Trd, 4319418.643, 115
Trd, 4319418.843, 87
Trd, 4319419.393, 127
Trd, 4319421.043, 89
Trd, 4319421.443, 112
Trd, 4319423.293, 140
Trd, 4319423.343, 123
Trd, 4319423.543, 108
Trd, 4319423.693, 105
Trd, 4319425.393, 60
Trd, 4319427.093, 60
Trd, 4319427.993, 61
Trd, 4319428.543, 64
Trd, 4319428.593, 65
Trd, 4319429.493, 62
Trd, 4319430.193, 71
Trd, 4319430.893, 122
Trd, 4319432.093, 66
Trd, 4319432.643, 86
Trd, 4319433.893, 65
Trd, 4319434.043, 67
Trd, 4319434.993, 88
Trd, 4319435.093, 100
Trd, 4319435.293, 128
Trd, 4319435.693, 64
Trd, 4319436.393, 98
Trd, 4319437.143, 64
Trd, 4319437.543, 67
Trd, 4319438.393, 74
Trd, 4319438.643, 73
Trd, 4319439.193, 103
Trd, 4319439.893, 66
Trd, 4319440.093, 67
Trd, 4319440.343, 67
Trd, 4319440.943, 75
Trd, 4319442.393, 65
Trd, 4319442.893, 89
Trd, 4319443.593, 60
Trd, 4319444.493, 68
Trd, 4319444.543, 91
Trd, 4319446.493, 137
Trd, 4319446.643, 120
Trd, 4319447.243, 71
Trd, 4319447.443, 83
Trd, 4319449.143, 103
Trd, 4319449.343, 91
Trd, 4319449.543, 84
Trd, 4319450.393, 90
Trd, 4319451.243, 98
Trd, 4319451.593, 68
Trd, 4319452.193, 71
Trd, 4319452.893, 77
Trd, 4319453.243, 89
Trd, 4319453.943, 93
Trd, 4319454.343, 136
Trd, 4319454.543, 91
Trd, 4319454.793, 100
Trd, 4319455.693, 90
Trd, 4319456.693, 61
Trd, 4319458.843, 60
Trd, 4319459.243, 62
Trd, 4319459.493, 70
Trd, 4319460.293, 80
Trd, 4319460.493, 79
Trd, 4319460.843, 138
Trd, 4319461.243, 91
Trd, 4319461.343, 83
Trd, 4319462.093, 63
Trd, 4319463.443, 64
Trd, 4319463.993, 64
Trd, 4319464.443, 106
Trd, 4319465.043, 109
Trd, 4319466.093, 98
Trd, 4319467.143, 79
Trd, 4319467.643, 60
Trd, 4319468.093, 136
Trd, 4319468.793, 60
Trd, 4319471.643, 110
Trd, 4319471.943, 108
Trd, 4319472.093, 104
Trd, 4319472.893, 92
Trd, 4319473.043, 135
Trd, 4319475.543, 69
Trd, 4319476.293, 67
Trd, 4319476.693, 69
Trd, 4319476.893, 84
Trd, 4319477.493, 70
Trd, 4319477.643, 65
Trd, 4319478.543, 66
Trd, 4319479.193, 63
Trd, 4319480.093, 61
Trd, 4319480.793, 61
Trd, 4319481.493, 66
Trd, 4319482.643, 68
Trd, 4319483.993, 60
Trd, 4319484.093, 79
Trd, 4319485.193, 100
Trd, 4319485.693, 132
Trd, 4319485.943, 131
Trd, 4319486.393, 105
Trd, 4319486.443, 100
Trd, 4319486.843, 65
Trd, 4319489.093, 71
Trd, 4319490.143, 62
Trd, 4319490.543, 65
Trd, 4319492.043, 108
Trd, 4319492.343, 98
Trd, 4319493.893, 91
Trd, 4319494.143, 94
Trd, 4319494.293, 90
Trd, 4319494.543, 81
Trd, 4319495.143, 78
Trd, 4319495.593, 99
Trd, 4319495.743, 62
Trd, 4319495.943, 62
Trd, 4319497.243, 140
Trd, 4319498.393, 140
Trd, 4319498.443, 112
Trd, 4319499.143, 83
Trd, 4319499.693, 62
Trd, 4319499.993, 131
Trd, 4319500.843, 107
Trd, 4319501.593, 60
Trd, 4319501.893, 62
Trd, 4319503.243, 105
Trd, 4319504.643, 125
Trd, 4319505.743, 99
Trd, 4319507.193, 60
Trd, 4319507.643, 77
Trd, 4319508.143, 104
Trd, 4319508.593, 83
Trd, 4319508.643, 82
Trd, 4319509.293, 106
Trd, 4319510.493, 81
Trd, 4319510.693, 76
Trd, 4319511.043, 67
Trd, 4319512.693, 62
Trd, 4319513.193, 80
Trd, 4319513.393, 98
Trd, 4319514.043, 78
Trd, 4319514.693, 114
Trd, 4319514.843, 67
Trd, 4319515.043, 61
Trd, 4319516.443, 109
Trd, 4319516.843, 115
Trd, 4319517.693, 108
Trd, 4319517.843, 107
Trd, 4319519.143, 140
Trd, 4319519.443, 61
Trd, 4319519.593, 62
Trd, 4319520.743, 61
Trd, 4319522.743, 118
Trd, 4319524.043, 62
Trd, 4319524.793, 140
Trd, 4319525.443, 140
Trd, 4319525.793, 139
Trd, 4319525.943, 121
Trd, 4319525.993, 106
Trd, 4319526.793, 115
Trd, 4319526.993, 106
Trd, 4319527.493, 101
Trd, 4319527.843, 101
Trd, 4319528.593, 96
Trd, 4319528.893, 140
Trd, 4319530.143, 140
Trd, 4319530.943, 102
Trd, 4319532.343, 114
Trd, 4319532.643, 113
Trd, 4319533.693, 125
Trd, 4319533.943, 95
Trd, 4319534.043, 94
Trd, 4319534.793, 136
Trd, 4319535.843, 113
Trd, 4319536.843, 140
Trd, 4319537.093, 138
Trd, 4319537.143, 75
Trd, 4319538.043, 138
Trd, 4319540.193, 67
Trd, 4319541.143, 88
Trd, 4319541.443, 99
Trd, 4319541.543, 98
Trd, 4319542.393, 73
Trd, 4319542.543, 136
Trd, 4319543.443, 102
Trd, 4319544.093, 63
Trd, 4319545.393, 77
Trd, 4319545.743, 86
Trd, 4319546.593, 68
Trd, 4319546.693, 64
Trd, 4319547.743, 65
Trd, 4319548.243, 64
Trd, 4319548.393, 63
Trd, 4319549.493, 106
Trd, 4319549.793, 140
Trd, 4319550.293, 64
Trd, 4319551.843, 61
Trd, 4319551.943, 69
Trd, 4319553.493, 65
Trd, 4319553.543, 83
Trd, 4319553.893, 119
Trd, 4319554.593, 61
Trd, 4319555.343, 61
Trd, 4319555.493, 63
Trd, 4319556.293, 88
Trd, 4319556.393, 61
Trd, 4319557.693, 112
Trd, 4319557.893, 99
Trd, 4319558.043, 78
Trd, 4319558.543, 114
Trd, 4319559.843, 67
Trd, 4319559.943, 67
Trd, 4319560.143, 65
Trd, 4319560.993, 91
Trd, 4319562.193, 121
Trd, 4319562.693, 110
Trd, 4319563.593, 140
Trd, 4319564.193, 139
Trd, 4319565.393, 137
Trd, 4319565.993, 107
Trd, 4319566.293, 62
Trd, 4319567.843, 61
Trd, 4319568.143, 62
Trd, 4319568.343, 63
Trd, 4319569.043, 74
Trd, 4319569.343, 93
Trd, 4319569.743, 66
Trd, 4319572.193, 60
Trd, 4319573.243, 61
Trd, 4319573.793, 65
Trd, 4319574.693, 60
Trd, 4319575.793, 60
Trd, 4319577.593, 60
Trd, 4319578.993, 61
Trd, 4319579.443, 62
Trd, 4319579.593, 65
Trd, 4319580.793, 119
Trd, 4319581.143, 66
Trd, 4319582.743, 64
Trd, 4319582.943, 65
Trd, 4319583.793, 80
Trd, 4319584.443, 67
Trd, 4319585.143, 65
Trd, 4319585.443, 70
Trd, 4319586.043, 65
Trd, 4319587.543, 119
Trd, 4319587.643, 118
Trd, 4319587.743, 99
Trd, 4319587.993, 91
Trd, 4319588.093, 84
Trd, 4319589.743, 129
Trd, 4319590.043, 97
Trd, 4319590.543, 104
Trd, 4319591.443, 117
Trd, 4319592.693, 101
Trd, 4319592.843, 98
Trd, 4319593.693, 81
Trd, 4319594.443, 67
Trd, 4319595.043, 61
Trd, 4319595.293, 66
Trd, 4319595.943, 137
Trd, 4319596.743, 94
Trd, 4319597.093, 82
Trd, 4319597.643, 79
Trd, 4319599.243, 128
Trd, 4319599.793, 126
Trd, 4319600.093, 109
Trd, 4319600.243, 108
Trd, 4319600.293, 91
Trd, 4319602.393, 96
Trd, 4319604.193, 140
Trd, 4319606.293, 132
Trd, 4319606.643, 140
Trd, 4319606.743, 138
Trd, 4319607.343, 126
Trd, 4319607.493, 116
Trd, 4319607.593, 116
Trd, 4319607.993, 107
Trd, 4319608.293, 84
Trd, 4319608.893, 113
Trd, 4319609.443, 61
Trd, 4319610.343, 139
Trd, 4319611.493, 60
Trd, 4319612.943, 104
Trd, 4319614.293, 102
Trd, 4319614.493, 85
Trd, 4319614.743, 90
Trd, 4319614.893, 72
Trd, 4319615.893, 77
Trd, 4319616.443, 88
Trd, 4319618.443, 61
Trd, 4319618.543, 63
Trd, 4319618.943, 67
Trd, 4319620.143, 60
Trd, 4319620.593, 66
Trd, 4319621.043, 63
Trd, 4319621.293, 63
Trd, 4319621.543, 74
Trd, 4319622.243, 138
Trd, 4319622.643, 137
Trd, 4319623.293, 140
Trd, 4319623.693, 69
Trd, 4319625.393, 110
Trd, 4319625.843, 109
Trd, 4319625.993, 107
Trd, 4319627.493, 112
Trd, 4319627.593, 105
Trd, 4319627.993, 103
Trd, 4319628.293, 135
Trd, 4319628.343, 122
Trd, 4319628.943, 66
Trd, 4319630.243, 68
Trd, 4319631.443, 108
Trd, 4319631.943, 81
Trd, 4319632.693, 76
Trd, 4319633.443, 63
Trd, 4319633.793, 115
Trd, 4319633.843, 93
Trd, 4319634.093, 61
Trd, 4319634.893, 73
Trd, 4319635.143, 86
Trd, 4319636.193, 111
Trd, 4319638.143, 63
Trd, 4319638.643, 139
Trd, 4319639.293, 118
Trd, 4319639.443, 94
Trd, 4319639.893, 97
Trd, 4319640.043, 93
Trd, 4319641.093, 72
Trd, 4319641.293, 139
Trd, 4319642.543, 106
Trd, 4319642.643, 104
Trd, 4319642.993, 88
Trd, 4319643.243, 98
Trd, 4319644.243, 62
Trd, 4319644.843, 123
Trd, 4319645.993, 78
Trd, 4319646.943, 86
Trd, 4319647.993, 139
Trd, 4319649.093, 120
Trd, 4319649.493, 119
Trd, 4319650.743, 120
Trd, 4319650.843, 74
Trd, 4319651.643, 140
Trd, 4319651.993, 121
Trd, 4319652.093, 113
Trd, 4319652.343, 89
Trd, 4319654.643, 61
Trd, 4319654.893, 68
Trd, 4319656.593, 64
Trd, 4319656.843, 67
Trd, 4319657.043, 68
Trd, 4319657.193, 87
Trd, 4319658.143, 62
Trd, 4319658.993, 63
Trd, 4319659.193, 119
Trd, 4319659.693, 112
Trd, 4319659.793, 65
Trd, 4319660.793, 66
Trd, 4319661.343, 97
Trd, 4319661.893, 63
Trd, 4319662.943, 132
Trd, 4319663.243, 63
Trd, 4319663.893, 101
Trd, 4319664.293, 83
Trd, 4319664.343, 80
Trd, 4319665.043, 69
Trd, 4319665.443, 67
Trd, 4319665.693, 66
Trd, 4319667.243, 108
Trd, 4319667.543, 75
Trd, 4319668.193, 108
Trd, 4319668.793, 82
Trd, 4319669.293, 61
Trd, 4319669.443, 96
Trd, 4319669.543, 70
Trd, 4319671.193, 74
Trd, 4319671.593, 84
Trd, 4319672.643, 86
Trd, 4319672.993, 73
Trd, 4319673.043, 72
Trd, 4319673.843, 140
Trd, 4319674.043, 138
Trd, 4319675.543, 102
Trd, 4319675.793, 108
Trd, 4319676.193, 132
Trd, 4319676.643, 140
Trd, 4319676.993, 67
Trd, 4319677.993, 70
Trd, 4319679.093, 69
Trd, 4319679.993, 69
Trd, 4319680.543, 66
Trd, 4319680.793, 82
Trd, 4319681.543, 61
Trd, 4319682.393, 110
Trd, 4319682.893, 95
Trd, 4319683.043, 100
Trd, 4319684.393, 105
Trd, 4319684.443, 97
Trd, 4319685.743, 63
Trd, 4319686.643, 78
Trd, 4319687.093, 93
Trd, 4319687.143, 87
Trd, 4319688.493, 80
Trd, 4319689.043, 64
Trd, 4319689.593, 60
Trd, 4319691.043, 90
Trd, 4319692.343, 63
Trd, 4319692.393, 64
Trd, 4319693.843, 62
Trd, 4319694.243, 64
Trd, 4319695.793, 103
Trd, 4319695.843, 102
Trd, 4319695.893, 62
Trd, 4319697.093, 100
Trd, 4319698.193, 81
Trd, 4319698.793, 77
Trd, 4319698.943, 74
Trd, 4319699.043, 71
Trd, 4319700.243, 140
Trd, 4319700.393, 97
Trd, 4319701.093, 126
Trd, 4319701.793, 66
Trd, 4319702.293, 60
Trd, 4319703.393, 65
Trd, 4319704.093, 93
Trd, 4319704.743, 128
Trd, 4319705.543, 91
Trd, 4319706.343, 77
Trd, 4319706.443, 70
Trd, 4319707.143, 104
Trd, 4319707.693, 116
Trd, 4319707.893, 115
Trd, 4319710.393, 114
Trd, 4319710.493, 113
Trd, 4319711.043, 104
Trd, 4319711.443, 108
Trd, 4319711.493, 107
Trd, 4319712.393, 95
Trd, 4319714.593, 139
Trd, 4319715.443, 129
Trd, 4319715.743, 127
Trd, 4319716.443, 111
Trd, 4319716.893, 98
Trd, 4319717.293, 70
Trd, 4319717.993, 138
Trd, 4319719.243, 64
Trd, 4319719.843, 60
Trd, 4319720.393, 88
Trd, 4319720.743, 90
Trd, 4319721.543, 65
Trd, 4319722.243, 62
Trd, 4319722.543, 67
Trd, 4319722.993, 68
Trd, 4319725.893, 91
Trd, 4319726.493, 85
Trd, 4319726.993, 100
Trd, 4319728.093, 139
Trd, 4319728.243, 92
Trd, 4319728.443, 139
Trd, 4319729.093, 83
Trd, 4319729.993, 98
Trd, 4319731.093, 89
Trd, 4319732.043, 140
Trd, 4319732.543, 139
Trd, 4319732.743, 138
Trd, 4319733.093, 120
Trd, 4319733.493, 78
Trd, 4319735.443, 67
Trd, 4319735.543, 124
Trd, 4319735.643, 109
Trd, 4319736.543, 106
Trd, 4319737.243, 108
Trd, 4319738.393, 93
Trd, 4319738.493, 110
Trd, 4319740.243, 87
Trd, 4319740.843, 86
Trd, 4319741.393, 74
Trd, 4319741.493, 73
Trd, 4319741.693, 115
Trd, 4319743.193, 60
Trd, 4319743.543, 60
Trd, 4319744.343, 119
Trd, 4319744.693, 110
Trd, 4319745.643, 140
Trd, 4319746.193, 137
Trd, 4319746.393, 136
Trd, 4319746.443, 123
Trd, 4319746.693, 104
Trd, 4319749.343, 63
Trd, 4319750.293, 105
Trd, 4319750.393, 104
Trd, 4319750.643, 102
Trd, 4319750.743, 97
Trd, 4319751.443, 137
Trd, 4319752.243, 88
Trd, 4319753.093, 109
Trd, 4319753.443, 140
Trd, 4319753.593, 122
Trd, 4319754.043, 105
Trd, 4319754.843, 82
Trd, 4319755.493, 91
Trd, 4319756.393, 100
Trd, 4319756.843, 62
Trd, 4319758.243, 62
Trd, 4319759.293, 61
Trd, 4319759.343, 63
Trd, 4319761.043, 72
Trd, 4319762.543, 93
Trd, 4319763.293, 92
Trd, 4319764.143, 114
Trd, 4319764.393, 81
Trd, 4319765.343, 62
Trd, 4319766.043, 90
Trd, 4319766.343, 84
Trd, 4319766.393, 104
Trd, 4319767.793, 62
Trd, 4319768.643, 64
Trd, 4319769.343, 76
Trd, 4319769.443, 78
Trd, 4319769.793, 76
Trd, 4319770.743, 103
Trd, 4319770.943, 71
Trd, 4319771.843, 72
Trd, 4319772.093, 73
Trd, 4319772.893, 80
Trd, 4319773.493, 72
Trd, 4319773.943, 95
Trd, 4319775.293, 140
Trd, 4319775.693, 139
Trd, 4319775.993, 94
Trd, 4319777.393, 110
Trd, 4319777.543, 84
Trd, 4319777.793, 89
Trd, 4319777.843, 75
Trd, 4319779.343, 140
Trd, 4319779.793, 140
Trd, 4319781.743, 132
Trd, 4319782.343, 113
Trd, 4319782.743, 112
Trd, 4319782.843, 94
Trd, 4319784.593, 140
Trd, 4319785.093, 140
Trd, 4319785.593, 115
Trd, 4319785.693, 105
Trd, 4319786.593, 86
Trd, 4319786.893, 69
Trd, 4319787.543, 62
Trd, 4319788.993, 62
Trd, 4319789.193, 83
Trd, 4319790.593, 62
Trd, 4319790.893, 62
Trd, 4319791.293, 82
Trd, 4319791.993, 115
Trd, 4319792.293, 89
Trd, 4319793.543, 74
Trd, 4319793.593, 66
Trd, 4319794.093, 140
Trd, 4319796.393, 108
Trd, 4319796.993, 60
Trd, 4319797.143, 61
Trd, 4319797.393, 63
Trd, 4319797.843, 63
Trd, 4319800.093, 60
Trd, 4319800.143, 88
Trd, 4319801.693, 87
Trd, 4319801.743, 86
Trd, 4319802.943, 91
Trd, 4319803.993, 62
Trd, 4319804.693, 69
Trd, 4319804.743, 69
Trd, 4319805.343, 119
Trd, 4319805.593, 93
Trd, 4319805.693, 84
Trd, 4319808.393, 140
Trd, 4319808.493, 140
Trd, 4319808.993, 112
Trd, 4319810.143, 125
Trd, 4319810.993, 112
Trd, 4319811.243, 110
Trd, 4319811.743, 90
Trd, 4319811.943, 127
Trd, 4319812.993, 89
Trd, 4319813.293, 126
Trd, 4319813.993, 73
Trd, 4319814.893, 138
Trd, 4319815.043, 64
Trd, 4319815.943, 75
Trd, 4319817.043, 132
Trd, 4319817.093, 121
Trd, 4319817.793, 117
Trd, 4319818.743, 96
Trd, 4319819.293, 73
Trd, 4319820.393, 82
Trd, 4319821.943, 61
Trd, 4319822.693, 140
Trd, 4319822.893, 133
Trd, 4319823.993, 109
Trd, 4319824.193, 108
Trd, 4319824.543, 107
Trd, 4319824.943, 96
Trd, 4319825.343, 93
Trd, 4319825.543, 84
Trd, 4319825.993, 68
Trd, 4319827.393, 139
Trd, 4319828.443, 140
Trd, 4319828.793, 106
Trd, 4319828.943, 71
Trd, 4319830.043, 106
Trd, 4319830.843, 134
Trd, 4319831.393, 119
Trd, 4319831.793, 110
Trd, 4319831.943, 86
Trd, 4319833.293, 75
Trd, 4319833.743, 76
Trd, 4319834.393, 79
Trd, 4319835.043, 135
Trd, 4319835.143, 72
Trd, 4319835.743, 94
Trd, 4319836.143, 137
Trd, 4319836.693, 111
Trd, 4319836.793, 87
Trd, 4319837.743, 71
Trd, 4319837.993, 64
Trd, 4319838.993, 128
Trd, 4319840.843, 111
Trd, 4319841.243, 140
Trd, 4319841.993, 140
Trd, 4319842.193, 108
Trd, 4319842.493, 110
Trd, 4319843.043, 140
Trd, 4319843.293, 140
Trd, 4319845.693, 84
Trd, 4319845.993, 106
Trd, 4319846.643, 79
Trd, 4319847.593, 60
Trd, 4319847.643, 62
Trd, 4319848.593, 64
Trd, 4319849.093, 60
Trd, 4319850.743, 69
Trd, 4319850.793, 66
Trd, 4319850.843, 65
Trd, 4319852.643, 84
Trd, 4319852.893, 109
Trd, 4319854.443, 71
Trd, 4319855.643, 62
Trd, 4319856.543, 68
Trd, 4319856.843, 113
Trd, 4319857.393, 69
Trd, 4319857.993, 140
Trd, 4319859.643, 60
Trd, 4319860.693, 60
Trd, 4319861.443, 75
Trd, 4319862.743, 118
Trd, 4319862.893, 104
Trd, 4319863.393, 75
Trd, 4319864.293, 140
Trd, 4319864.843, 91
Trd, 4319865.943, 123
Trd, 4319866.143, 103
Trd, 4319866.743, 89
Trd, 4319867.043, 77
Trd, 4319867.793, 140
Trd, 4319868.043, 102
Trd, 4319870.593, 69
Trd, 4319871.093, 84
Trd, 4319872.043, 66
Trd, 4319872.743, 80
Trd, 4319874.193, 108
Trd, 4319874.493, 115
Trd, 4319875.143, 114
Trd, 4319875.293, 92
Trd, 4319875.593, 88
Trd, 4319876.843, 63
Trd, 4319877.293, 61
Trd, 4319878.843, 64
Trd, 4319880.343, 61
Trd, 4319880.743, 87
Trd, 4319880.843, 79
Trd, 4319881.143, 113
Trd, 4319881.543, 83
Trd, 4319883.393, 64
Trd, 4319883.493, 75
Trd, 4319884.243, 60
Trd, 4319884.443, 60
Trd, 4319885.193, 61
Trd, 4319886.343, 81
Trd, 4319886.543, 67
Trd, 4319887.843, 83
Trd, 4319888.293, 138
Trd, 4319889.443, 88
Trd, 4319889.993, 104
Trd, 4319890.743, 75
Trd, 4319891.693, 88
Trd, 4319891.893, 76
Trd, 4319892.243, 82
Trd, 4319892.443, 76
Trd, 4319893.343, 106
Trd, 4319894.193, 66
Trd, 4319895.593, 77
Trd, 4319895.743, 139
Trd, 4319896.093, 76
Trd, 4319896.293, 108
Trd, 4319896.843, 70
Trd, 4319897.643, 84
Trd, 4319897.693, 75
Trd, 4319900.193, 100
Trd, 4319900.793, 99
Trd, 4319901.693, 94
Trd, 4319902.093, 138
Trd, 4319902.393, 84
Trd, 4319902.643, 79
Trd, 4319904.293, 101
Trd, 4319904.343, 83
Trd, 4319904.493, 82
Trd, 4319905.293, 61
Trd, 4319906.893, 84
Trd, 4319907.243, 112
Trd, 4319907.293, 83
Trd, 4319908.593, 87
Trd, 4319909.893, 103
Trd, 4319909.993, 76
Trd, 4319911.743, 101
Trd, 4319912.743, 84
Trd, 4319912.893, 83
Trd, 4319913.143, 90
Trd, 4319913.493, 74
Trd, 4319914.143, 140
Trd, 4319914.793, 138
Trd, 4319915.293, 78
Trd, 4319915.493, 72
Trd, 4319916.543, 107
Trd, 4319917.593, 94
Trd, 4319918.543, 73
Trd, 4319918.793, 90
Trd, 4319919.443, 138
Trd, 4319919.493, 90
Trd, 4319919.543, 66
Trd, 4319920.443, 60
Trd, 4319921.743, 103
Trd, 4319922.643, 92
Trd, 4319922.693, 81
Trd, 4319922.793, 123
Trd, 4319923.993, 76
Trd, 4319924.943, 75
Trd, 4319925.443, 140
Trd, 4319927.843, 99
Trd, 4319927.943, 92
Trd, 4319928.443, 97
Trd, 4319928.593, 89
Trd, 4319928.743, 82
Trd, 4319929.193, 61
Trd, 4319931.343, 61
Trd, 4319931.943, 61
Trd, 4319932.693, 70
Trd, 4319933.343, 63
Trd, 4319933.493, 72
Trd, 4319933.743, 63
Trd, 4319934.693, 63
Trd, 4319935.843, 66
Trd, 4319937.243, 119
Trd, 4319937.593, 105
Trd, 4319937.643, 96
Trd, 4319938.043, 120
Trd, 4319938.193, 119
Trd, 4319939.493, 77
Trd, 4319939.893, 92
Trd, 4319940.843, 140
Trd, 4319941.143, 139
Trd, 4319942.143, 76
Trd, 4319943.143, 92
Trd, 4319943.343, 106
Trd, 4319943.893, 103
Trd, 4319943.993, 69
Trd, 4319944.093, 60
Trd, 4319945.593, 62
Trd, 4319945.643, 66
Trd, 4319946.293, 140
Trd, 4319946.643, 121
Trd, 4319949.493, 63
Trd, 4319949.643, 77
Trd, 4319950.343, 62
Trd, 4319951.093, 112
Trd, 4319951.843, 97
Trd, 4319952.893, 124
Trd, 4319953.843, 124
Trd, 4319954.693, 140
Trd, 4319955.093, 140
Trd, 4319955.193, 140
Trd, 4319955.343, 102
Trd, 4319956.893, 80
Trd, 4319956.943, 77
Trd, 4319957.093, 85
Trd, 4319957.443, 65
Trd, 4319958.393, 65
Trd, 4319959.293, 61
Trd, 4319959.593, 60
Trd, 4319960.343, 91
Trd, 4319960.643, 61
Trd, 4319960.793, 91
Trd, 4319962.193, 71
Trd, 4319962.693, 73
Trd, 4319963.693, 76
Trd, 4319964.493, 75
Trd, 4319964.543, 99
Trd, 4319964.893, 81
Trd, 4319966.043, 95
Trd, 4319966.843, 112
Trd, 4319966.943, 72
Trd, 4319968.593, 95
Trd, 4319968.743, 95
Trd, 4319969.093, 95
Trd, 4319969.943, 89
Trd, 4319970.893, 82
Trd, 4319971.493, 139
Trd, 4319971.743, 120
Trd, 4319972.143, 73
Trd, 4319974.143, 63
Trd, 4319974.243, 76
Trd, 4319975.293, 101
Trd, 4319975.543, 80
Trd, 4319975.893, 118
Trd, 4319977.243, 64
Trd, 4319977.793, 66
Trd, 4319978.043, 87
Trd, 4319978.993, 87
Trd, 4319979.293, 78
Trd, 4319979.643, 135
Trd, 4319980.343, 91
Trd, 4319981.793, 105
Trd, 4319982.043, 92
Trd, 4319982.343, 97
Trd, 4319984.393, 79
Trd, 4319984.593, 100
Trd, 4319984.943, 104
Trd, 4319985.143, 73
Trd, 4319985.893, 97
Trd, 4319986.393, 136
Trd, 4319987.093, 107
Trd, 4319987.243, 103
Trd, 4319989.593, 140
Trd, 4319990.193, 127
Trd, 4319990.243, 120
Trd, 4319990.743, 106
Trd, 4319991.143, 75
Trd, 4319991.843, 61
Trd, 4319992.443, 64
Trd, 4319992.943, 140
Trd, 4319994.743, 100
Trd, 4319995.743, 118
Trd, 4319996.443, 91
Trd, 4319997.393, 140
Trd, 4319997.743, 140
Trd, 4319997.793, 139
Trd, 4319998.193, 107
Trd, 4319998.843, 100
Trd, 4319999.843, 135
