Trd, 4318043.493, 140
Trd, 4318044.443, 140
Trd, 4318044.543, 140
Trd, 4318044.743, 140
Trd, 4318046.193, 140
Trd, 4318046.293, 140
Trd, 4318047.693, 98
Trd, 4318050.443, 109
Trd, 4318051.143, 138
Trd, 4318051.293, 114
Trd, 4318051.643, 114
Trd, 4318052.393, 113
Trd, 4318053.193, 120
Trd, 4318055.393, 140
Trd, 4318055.493, 140
Trd, 4318056.143, 140
Trd, 4318056.493, 136
Trd, 4318057.143, 128
Trd, 4318057.493, 130
Trd, 4318058.793, 131
Trd, 4318059.643, 132
Trd, 4318060.893, 122
Trd, 4318062.343, 140
Trd, 4318062.543, 93
Trd, 4318064.193, 119
Trd, 4318065.043, 133
Trd, 4318065.943, 120
Trd, 4318066.043, 119
Trd, 4318066.593, 124
Trd, 4318066.643, 138
Trd, 4318066.893, 120
Trd, 4318067.943, 130
Trd, 4318068.043, 130
Trd, 4318068.843, 131
Trd, 4318069.843, 140
Trd, 4318070.043, 121
Trd, 4318071.343, 121
Trd, 4318072.943, 118
Trd, 4318074.093, 62
Trd, 4318075.943, 124
Trd, 4318076.193, 125
Trd, 4318076.493, 124
Trd, 4318077.843, 60
Trd, 4318079.843, 60
Trd, 4318080.243, 60
Trd, 4318080.793, 60
Trd, 4318081.093, 60
Trd, 4318082.343, 62
Trd, 4318083.193, 117
Trd, 4318084.043, 73
Trd, 4318086.993, 95
Trd, 4318087.593, 108
Trd, 4318088.143, 140
Trd, 4318088.793, 120
Trd, 4318090.193, 114
Trd, 4318090.793, 137
Trd, 4318091.593, 120
Trd, 4318093.093, 124
Trd, 4318093.743, 122
Trd, 4318094.193, 123
Trd, 4318094.343, 122
Trd, 4318094.643, 119
Trd, 4318097.093, 140
Trd, 4318097.243, 140
Trd, 4318098.493, 140
Trd, 4318098.793, 140
Trd, 4318098.893, 140
Trd, 4318099.493, 139
Trd, 4318100.743, 140
Trd, 4318101.793, 140
Trd, 4318102.043, 140
Trd, 4318103.693, 140
Trd, 4318104.343, 140
Trd, 4318105.593, 140
Trd, 4318106.143, 140
Trd, 4318106.443, 140
Trd, 4318107.343, 140
Trd, 4318107.993, 140
Trd, 4318108.693, 140
Trd, 4318110.143, 140
Trd, 4318110.393, 140
Trd, 4318111.693, 140
Trd, 4318113.593, 140
Trd, 4318113.693, 140
Trd, 4318113.993, 139
Trd, 4318115.393, 97
Trd, 4318116.893, 61
Trd, 4318117.443, 140
Trd, 4318118.143, 140
Trd, 4318118.243, 125
Trd, 4318119.893, 75
Trd, 4318120.093, 74
Trd, 4318121.743, 63
Trd, 4318123.043, 71
Trd, 4318123.443, 89
Trd, 4318126.043, 140
Trd, 4318126.843, 140
Trd, 4318127.543, 140
Trd, 4318127.693, 139
Trd, 4318128.443, 140
Trd, 4318130.593, 140
Trd, 4318131.293, 140
Trd, 4318131.743, 140
Trd, 4318132.543, 140
Trd, 4318132.943, 140
Trd, 4318133.043, 139
Trd, 4318134.843, 140
Trd, 4318136.343, 140
Trd, 4318136.943, 140
Trd, 4318137.893, 140
Trd, 4318138.643, 140
Trd, 4318139.043, 140
Trd, 4318139.743, 140
Trd, 4318139.843, 139
Trd, 4318141.943, 110
Trd, 4318142.893, 101
Trd, 4318144.293, 140
Trd, 4318144.343, 102
Trd, 4318144.943, 105
Trd, 4318145.293, 105
Trd, 4318145.543, 106
Trd, 4318146.243, 105
Trd, 4318146.843, 116
Trd, 4318150.743, 130
Trd, 4318151.343, 93
Trd, 4318152.243, 97
Trd, 4318152.543, 97
Trd, 4318152.943, 97
Trd, 4318153.543, 64
Trd, 4318154.793, 86
Trd, 4318155.443, 82
Trd, 4318157.193, 126
Trd, 4318157.243, 125
Trd, 4318157.593, 124
Trd, 4318158.493, 127
Trd, 4318159.143, 119
Trd, 4318159.293, 118
Trd, 4318160.143, 140
Trd, 4318162.493, 140
Trd, 4318163.193, 140
Trd, 4318163.593, 140
Trd, 4318164.443, 140
Trd, 4318165.293, 140
Trd, 4318165.343, 139
Trd, 4318165.993, 139
Trd, 4318167.843, 128
Trd, 4318168.593, 138
Trd, 4318169.343, 140
Trd, 4318170.593, 140
Trd, 4318171.593, 140
Trd, 4318172.193, 140
Trd, 4318172.493, 126
Trd, 4318173.243, 113
Trd, 4318174.743, 116
Trd, 4318176.243, 118
Trd, 4318176.343, 115
Trd, 4318176.643, 136
Trd, 4318177.193, 116
Trd, 4318177.343, 116
Trd, 4318177.393, 104
Trd, 4318177.793, 136
Trd, 4318178.843, 63
Trd, 4318179.093, 64
Trd, 4318182.593, 60
Trd, 4318184.493, 60
Trd, 4318184.793, 62
Trd, 4318184.893, 62
Trd, 4318185.343, 105
Trd, 4318185.893, 71
Trd, 4318189.393, 91
Trd, 4318189.693, 91
Trd, 4318190.143, 92
Trd, 4318190.843, 94
Trd, 4318193.193, 124
Trd, 4318193.493, 100
Trd, 4318193.943, 102
Trd, 4318194.393, 101
Trd, 4318194.543, 100
Trd, 4318195.793, 113
Trd, 4318196.343, 107
Trd, 4318197.643, 105
Trd, 4318198.793, 110
Trd, 4318199.493, 108
Trd, 4318200.143, 113
Trd, 4318200.193, 112
Trd, 4318200.343, 111
Trd, 4318201.793, 128
Trd, 4318201.843, 126
Trd, 4318203.593, 139
Trd, 4318205.793, 140
Trd, 4318205.943, 140
Trd, 4318206.193, 139
Trd, 4318206.243, 125
Trd, 4318206.293, 98
Trd, 4318207.343, 140
Trd, 4318207.893, 139
Trd, 4318208.093, 139
Trd, 4318209.343, 140
Trd, 4318209.993, 140
Trd, 4318210.793, 139
Trd, 4318211.993, 133
Trd, 4318212.143, 132
Trd, 4318212.443, 133
Trd, 4318214.143, 140
Trd, 4318215.093, 140
Trd, 4318215.693, 140
Trd, 4318218.193, 140
Trd, 4318218.593, 140
Trd, 4318218.643, 140
Trd, 4318218.743, 140
Trd, 4318220.143, 140
Trd, 4318221.093, 140
Trd, 4318221.543, 140
Trd, 4318221.793, 133
Trd, 4318223.743, 131
Trd, 4318224.193, 132
Trd, 4318225.143, 134
Trd, 4318225.243, 132
Trd, 4318226.843, 139
Trd, 4318227.593, 138
Trd, 4318228.743, 89
Trd, 4318228.793, 88
Trd, 4318229.793, 140
Trd, 4318231.693, 140
Trd, 4318232.793, 140
Trd, 4318232.843, 140
Trd, 4318233.393, 140
Trd, 4318233.643, 140
Trd, 4318234.443, 136
Trd, 4318235.793, 136
Trd, 4318236.493, 140
Trd, 4318236.843, 140
Trd, 4318238.293, 140
Trd, 4318238.893, 140
Trd, 4318239.543, 140
Trd, 4318239.643, 140
Trd, 4318240.943, 140
Trd, 4318242.393, 140
Trd, 4318244.043, 140
Trd, 4318245.743, 140
Trd, 4318246.443, 140
Trd, 4318247.393, 140
Trd, 4318248.443, 140
Trd, 4318248.943, 140
Trd, 4318249.243, 140
Trd, 4318250.193, 126
Trd, 4318251.043, 126
Trd, 4318251.243, 111
Trd, 4318251.543, 65
Trd, 4318254.443, 100
Trd, 4318254.543, 99
Trd, 4318254.693, 97
Trd, 4318255.293, 131
Trd, 4318255.743, 84
Trd, 4318256.293, 85
Trd, 4318258.093, 140
Trd, 4318258.293, 140
Trd, 4318258.493, 140
Trd, 4318258.693, 136
Trd, 4318259.393, 109
Trd, 4318259.543, 96
Trd, 4318261.243, 88
Trd, 4318262.143, 92
Trd, 4318264.693, 134
Trd, 4318265.193, 134
Trd, 4318265.243, 120
Trd, 4318265.893, 101
Trd, 4318265.993, 100
Trd, 4318266.143, 78
Trd, 4318267.093, 140
Trd, 4318267.643, 139
Trd, 4318268.293, 140
Trd, 4318269.343, 140
Trd, 4318271.443, 140
Trd, 4318272.143, 140
Trd, 4318272.293, 140
Trd, 4318273.643, 140
Trd, 4318274.193, 140
Trd, 4318274.293, 140
Trd, 4318274.543, 139
Trd, 4318275.243, 125
Trd, 4318277.493, 63
Trd, 4318279.593, 90
Trd, 4318279.643, 89
Trd, 4318280.693, 95
Trd, 4318282.093, 140
Trd, 4318283.493, 140
Trd, 4318283.643, 140
Trd, 4318283.943, 140
Trd, 4318284.343, 140
Trd, 4318286.293, 140
Trd, 4318287.493, 140
Trd, 4318288.493, 140
Trd, 4318290.593, 140
Trd, 4318291.593, 140
Trd, 4318291.893, 140
Trd, 4318292.143, 140
Trd, 4318292.293, 140
Trd, 4318292.943, 139
Trd, 4318293.593, 140
Trd, 4318293.843, 138
Trd, 4318295.193, 140
Trd, 4318295.693, 139
Trd, 4318296.393, 125
Trd, 4318296.793, 125
Trd, 4318299.693, 140
Trd, 4318299.793, 139
Trd, 4318299.993, 137
Trd, 4318300.143, 133
Trd, 4318300.543, 129
Trd, 4318302.943, 112
Trd, 4318304.643, 121
Trd, 4318305.293, 117
Trd, 4318305.443, 116
Trd, 4318305.893, 116
Trd, 4318306.693, 140
Trd, 4318308.093, 140
Trd, 4318308.243, 140
Trd, 4318308.293, 140
Trd, 4318309.043, 139
Trd, 4318309.793, 140
Trd, 4318310.893, 140
Trd, 4318312.543, 140
Trd, 4318313.493, 140
Trd, 4318313.593, 140
Trd, 4318314.893, 140
Trd, 4318314.993, 139
Trd, 4318315.343, 139
Trd, 4318316.943, 121
Trd, 4318317.643, 85
Trd, 4318319.193, 89
Trd, 4318319.443, 89
Trd, 4318320.693, 108
Trd, 4318321.443, 109
Trd, 4318321.543, 108
Trd, 4318321.893, 107
Trd, 4318322.543, 80
Trd, 4318322.743, 79
Trd, 4318322.943, 81
Trd, 4318323.943, 136
Trd, 4318324.093, 135
Trd, 4318324.293, 135
Trd, 4318325.843, 81
Trd, 4318326.793, 82
Trd, 4318329.393, 87
Trd, 4318329.743, 87
Trd, 4318330.693, 140
Trd, 4318331.543, 140
Trd, 4318332.143, 140
Trd, 4318332.293, 140
Trd, 4318332.693, 140
Trd, 4318334.393, 140
Trd, 4318335.393, 139
Trd, 4318335.793, 139
Trd, 4318336.043, 127
Trd, 4318337.543, 60
Trd, 4318337.693, 60
Trd, 4318340.193, 63
Trd, 4318340.793, 60
Trd, 4318341.093, 60
Trd, 4318341.843, 61
Trd, 4318342.093, 63
Trd, 4318342.543, 65
Trd, 4318344.643, 140
Trd, 4318345.293, 116
Trd, 4318346.643, 118
Trd, 4318347.543, 140
Trd, 4318347.743, 118
Trd, 4318348.643, 120
Trd, 4318349.793, 125
Trd, 4318349.943, 124
Trd, 4318350.843, 127
Trd, 4318350.943, 126
Trd, 4318352.793, 140
Trd, 4318353.093, 140
Trd, 4318353.543, 140
Trd, 4318353.693, 139
Trd, 4318355.043, 108
Trd, 4318355.693, 107
Trd, 4318355.893, 107
Trd, 4318356.543, 108
Trd, 4318357.893, 139
Trd, 4318358.643, 107
Trd, 4318359.143, 140
Trd, 4318359.793, 105
Trd, 4318360.143, 105
Trd, 4318360.793, 97
Trd, 4318362.543, 62
Trd, 4318363.393, 60
Trd, 4318363.793, 60
Trd, 4318364.843, 60
Trd, 4318366.543, 78
Trd, 4318367.093, 77
Trd, 4318367.743, 76
Trd, 4318368.543, 92
Trd, 4318369.243, 108
Trd, 4318369.643, 82
Trd, 4318370.243, 107
Trd, 4318371.293, 88
Trd, 4318372.743, 116
Trd, 4318373.443, 117
Trd, 4318374.393, 121
Trd, 4318374.643, 119
Trd, 4318374.693, 118
Trd, 4318376.043, 110
Trd, 4318377.693, 140
Trd, 4318379.843, 140
Trd, 4318380.243, 140
Trd, 4318380.293, 140
Trd, 4318380.393, 139
Trd, 4318380.893, 140
Trd, 4318382.043, 140
Trd, 4318382.893, 140
Trd, 4318383.393, 140
Trd, 4318384.043, 140
Trd, 4318384.443, 139
Trd, 4318385.043, 139
Trd, 4318385.443, 135
Trd, 4318386.043, 132
Trd, 4318387.343, 140
Trd, 4318388.843, 133
Trd, 4318389.643, 133
Trd, 4318389.843, 132
Trd, 4318392.093, 134
Trd, 4318392.893, 136
Trd, 4318393.043, 140
Trd, 4318393.443, 136
Trd, 4318394.393, 138
Trd, 4318395.693, 140
Trd, 4318397.343, 140
Trd, 4318397.943, 140
Trd, 4318398.043, 140
Trd, 4318399.293, 140
Trd, 4318400.043, 140
Trd, 4318401.093, 140
Trd, 4318401.243, 140
Trd, 4318402.343, 140
Trd, 4318403.043, 128
Trd, 4318403.193, 127
Trd, 4318405.193, 132
Trd, 4318405.643, 132
Trd, 4318405.693, 134
Trd, 4318406.593, 131
Trd, 4318407.193, 112
Trd, 4318407.643, 111
Trd, 4318409.243, 139
Trd, 4318410.793, 140
Trd, 4318412.143, 140
Trd, 4318413.643, 140
Trd, 4318413.743, 140
Trd, 4318414.293, 140
Trd, 4318414.543, 140
Trd, 4318415.593, 140
Trd, 4318416.193, 138
Trd, 4318416.943, 139
Trd, 4318417.893, 140
Trd, 4318418.293, 140
Trd, 4318419.543, 140
Trd, 4318419.593, 139
Trd, 4318420.893, 108
Trd, 4318422.143, 88
Trd, 4318423.293, 107
Trd, 4318424.493, 88
Trd, 4318425.643, 140
Trd, 4318425.693, 88
Trd, 4318427.393, 126
Trd, 4318427.493, 125
Trd, 4318429.843, 140
Trd, 4318429.893, 140
Trd, 4318430.793, 140
Trd, 4318431.493, 140
Trd, 4318432.093, 140
Trd, 4318433.143, 140
Trd, 4318434.093, 140
Trd, 4318435.643, 140
Trd, 4318436.243, 140
Trd, 4318437.993, 140
Trd, 4318439.193, 140
Trd, 4318439.293, 140
Trd, 4318439.643, 125
Trd, 4318440.393, 129
Trd, 4318440.943, 137
Trd, 4318442.593, 133
Trd, 4318442.643, 117
Trd, 4318442.993, 140
Trd, 4318444.493, 76
Trd, 4318445.193, 76
Trd, 4318447.043, 88
Trd, 4318447.193, 88
Trd, 4318449.343, 95
Trd, 4318449.643, 131
Trd, 4318450.693, 105
Trd, 4318451.093, 104
Trd, 4318453.093, 123
Trd, 4318453.393, 123
Trd, 4318453.693, 139
Trd, 4318455.143, 140
Trd, 4318455.243, 138
Trd, 4318455.393, 137
Trd, 4318457.743, 134
Trd, 4318458.043, 134
Trd, 4318459.243, 120
Trd, 4318459.343, 100
Trd, 4318461.743, 140
Trd, 4318462.193, 140
Trd, 4318462.343, 97
Trd, 4318463.293, 139
Trd, 4318465.743, 62
Trd, 4318466.143, 65
Trd, 4318466.693, 71
Trd, 4318467.943, 64
Trd, 4318469.043, 69
Trd, 4318469.593, 68
Trd, 4318469.693, 65
Trd, 4318469.793, 72
Trd, 4318471.993, 62
Trd, 4318472.693, 60
Trd, 4318472.993, 65
Trd, 4318473.243, 64
Trd, 4318476.143, 100
Trd, 4318476.593, 119
Trd, 4318477.343, 102
Trd, 4318477.543, 100
Trd, 4318478.193, 92
Trd, 4318478.493, 107
Trd, 4318479.843, 106
Trd, 4318481.043, 70
Trd, 4318481.093, 68
Trd, 4318482.243, 72
Trd, 4318483.443, 140
Trd, 4318485.243, 140
Trd, 4318485.743, 140
Trd, 4318486.643, 140
Trd, 4318486.693, 140
Trd, 4318487.843, 140
Trd, 4318488.493, 140
Trd, 4318488.843, 140
Trd, 4318489.693, 140
Trd, 4318491.043, 139
Trd, 4318491.193, 127
Trd, 4318494.593, 140
Trd, 4318494.693, 140
Trd, 4318495.893, 140
Trd, 4318496.993, 140
Trd, 4318497.243, 140
Trd, 4318497.543, 140
Trd, 4318498.093, 140
Trd, 4318499.393, 110
Trd, 4318499.743, 115
Trd, 4318500.093, 110
Trd, 4318500.293, 109
Trd, 4318500.743, 115
Trd, 4318500.793, 104
Trd, 4318503.543, 60
Trd, 4318504.493, 65
Trd, 4318505.043, 64
Trd, 4318505.243, 65
Trd, 4318505.293, 63
Trd, 4318506.443, 94
Trd, 4318506.993, 74
Trd, 4318507.593, 106
Trd, 4318510.693, 63
Trd, 4318511.043, 140
Trd, 4318511.743, 98
Trd, 4318512.093, 98
Trd, 4318512.243, 98
Trd, 4318512.493, 96
Trd, 4318513.643, 114
Trd, 4318514.543, 105
Trd, 4318516.943, 126
Trd, 4318516.993, 120
Trd, 4318517.443, 114
Trd, 4318520.543, 115
Trd, 4318520.743, 116
Trd, 4318520.893, 115
Trd, 4318521.693, 116
Trd, 4318522.293, 115
Trd, 4318522.493, 140
Trd, 4318523.243, 102
Trd, 4318524.393, 122
Trd, 4318525.193, 126
Trd, 4318526.693, 130
Trd, 4318528.893, 139
Trd, 4318529.093, 133
Trd, 4318530.493, 140
Trd, 4318530.543, 135
Trd, 4318530.893, 136
Trd, 4318531.393, 136
Trd, 4318531.443, 124
Trd, 4318531.543, 70
Trd, 4318534.793, 60
Trd, 4318534.893, 70
Trd, 4318535.693, 66
Trd, 4318536.843, 62
Trd, 4318537.393, 64
Trd, 4318539.393, 117
Trd, 4318539.493, 116
Trd, 4318539.893, 115
Trd, 4318541.193, 115
Trd, 4318541.293, 124
Trd, 4318541.943, 116
Trd, 4318542.743, 118
Trd, 4318544.893, 120
Trd, 4318545.543, 121
Trd, 4318546.743, 140
Trd, 4318547.593, 140
Trd, 4318547.643, 140
Trd, 4318547.793, 140
Trd, 4318548.343, 140
Trd, 4318549.543, 140
Trd, 4318551.943, 140
Trd, 4318552.293, 140
Trd, 4318552.593, 140
Trd, 4318552.943, 140
Trd, 4318555.593, 140
Trd, 4318557.993, 140
Trd, 4318559.493, 140
Trd, 4318560.143, 140
Trd, 4318560.193, 140
Trd, 4318561.293, 140
Trd, 4318562.743, 140
Trd, 4318563.193, 140
Trd, 4318563.443, 139
Trd, 4318564.343, 127
Trd, 4318565.143, 127
Trd, 4318565.693, 139
Trd, 4318566.593, 129
Trd, 4318567.143, 129
Trd, 4318567.343, 129
Trd, 4318567.743, 126
Trd, 4318568.593, 121
Trd, 4318569.593, 122
Trd, 4318569.643, 122
Trd, 4318571.893, 140
Trd, 4318572.143, 140
Trd, 4318572.643, 139
Trd, 4318573.243, 139
Trd, 4318573.493, 109
Trd, 4318573.843, 102
Trd, 4318574.343, 103
Trd, 4318575.893, 105
Trd, 4318576.193, 99
Trd, 4318576.543, 140
Trd, 4318577.193, 139
Trd, 4318577.843, 138
Trd, 4318579.443, 97
Trd, 4318580.793, 119
Trd, 4318581.143, 105
Trd, 4318581.343, 95
Trd, 4318582.843, 140
Trd, 4318583.443, 140
Trd, 4318584.293, 140
Trd, 4318585.693, 140
Trd, 4318585.793, 140
Trd, 4318587.793, 64
Trd, 4318588.043, 66
Trd, 4318588.193, 83
Trd, 4318588.593, 107
Trd, 4318588.743, 70
Trd, 4318589.893, 73
Trd, 4318590.743, 68
Trd, 4318591.543, 71
Trd, 4318593.593, 90
Trd, 4318594.443, 117
Trd, 4318594.693, 106
Trd, 4318596.593, 109
Trd, 4318596.843, 130
Trd, 4318598.043, 110
Trd, 4318598.143, 109
Trd, 4318598.493, 109
Trd, 4318599.093, 109
Trd, 4318599.393, 110
Trd, 4318599.443, 108
Trd, 4318601.243, 98
Trd, 4318602.343, 95
Trd, 4318602.893, 97
Trd, 4318603.193, 107
Trd, 4318603.543, 98
Trd, 4318603.943, 98
Trd, 4318604.843, 109
Trd, 4318605.843, 102
Trd, 4318606.643, 114
Trd, 4318607.293, 138
Trd, 4318607.793, 126
Trd, 4318608.093, 126
Trd, 4318609.693, 126
Trd, 4318610.493, 128
Trd, 4318612.093, 129
Trd, 4318612.393, 140
Trd, 4318612.643, 139
Trd, 4318612.893, 128
Trd, 4318613.043, 127
Trd, 4318614.343, 110
Trd, 4318615.643, 113
Trd, 4318616.243, 112
Trd, 4318616.793, 138
Trd, 4318618.443, 93
Trd, 4318620.193, 93
Trd, 4318620.493, 93
Trd, 4318620.943, 86
Trd, 4318621.443, 97
Trd, 4318622.693, 104
Trd, 4318622.893, 103
Trd, 4318624.243, 130
Trd, 4318624.393, 129
Trd, 4318624.743, 64
Trd, 4318626.543, 121
Trd, 4318627.093, 121
Trd, 4318627.343, 120
Trd, 4318629.543, 140
Trd, 4318629.693, 140
Trd, 4318629.793, 140
Trd, 4318630.043, 139
Trd, 4318630.243, 139
Trd, 4318631.193, 105
Trd, 4318631.443, 91
Trd, 4318631.943, 118
Trd, 4318633.243, 128
Trd, 4318634.343, 125
Trd, 4318634.893, 104
Trd, 4318635.493, 140
Trd, 4318637.343, 64
Trd, 4318637.693, 97
Trd, 4318638.343, 61
Trd, 4318640.193, 72
Trd, 4318640.443, 74
Trd, 4318641.843, 140
Trd, 4318643.543, 140
Trd, 4318643.793, 140
Trd, 4318644.893, 140
Trd, 4318645.293, 140
Trd, 4318646.143, 140
Trd, 4318646.743, 140
Trd, 4318647.093, 140
Trd, 4318647.143, 139
Trd, 4318647.643, 140
Trd, 4318650.843, 140
Trd, 4318651.193, 140
Trd, 4318652.493, 140
Trd, 4318652.993, 140
Trd, 4318653.493, 140
Trd, 4318654.443, 140
Trd, 4318654.693, 139
Trd, 4318655.243, 139
Trd, 4318656.243, 124
Trd, 4318656.343, 69
Trd, 4318657.893, 87
Trd, 4318657.993, 87
Trd, 4318658.343, 82
Trd, 4318659.393, 88
Trd, 4318660.043, 87
Trd, 4318662.143, 140
Trd, 4318663.693, 140
Trd, 4318664.293, 140
Trd, 4318664.393, 140
Trd, 4318664.743, 140
Trd, 4318665.043, 139
Trd, 4318665.693, 129
Trd, 4318666.043, 128
Trd, 4318668.693, 135
Trd, 4318670.243, 140
Trd, 4318670.643, 140
Trd, 4318670.893, 140
Trd, 4318671.693, 140
Trd, 4318673.043, 140
Trd, 4318673.693, 139
Trd, 4318673.843, 131
Trd, 4318675.743, 140
Trd, 4318676.343, 133
Trd, 4318676.493, 129
Trd, 4318676.793, 124
Trd, 4318678.943, 139
Trd, 4318679.393, 137
Trd, 4318679.493, 123
Trd, 4318680.743, 110
Trd, 4318681.993, 79
Trd, 4318682.393, 81
Trd, 4318684.093, 140
Trd, 4318684.293, 140
Trd, 4318686.343, 140
Trd, 4318688.593, 140
Trd, 4318688.893, 140
Trd, 4318689.943, 140
Trd, 4318690.143, 140
Trd, 4318691.393, 139
Trd, 4318692.693, 140
Trd, 4318692.943, 139
Trd, 4318693.343, 129
Trd, 4318695.193, 116
Trd, 4318695.643, 117
Trd, 4318695.993, 77
Trd, 4318696.743, 65
Trd, 4318698.393, 140
Trd, 4318699.243, 140
Trd, 4318699.293, 139
Trd, 4318700.693, 118
Trd, 4318702.893, 126
Trd, 4318702.993, 126
Trd, 4318705.093, 132
Trd, 4318705.893, 140
Trd, 4318706.393, 138
Trd, 4318706.793, 139
Trd, 4318707.043, 138
Trd, 4318707.543, 127
Trd, 4318707.893, 126
Trd, 4318709.143, 126
Trd, 4318710.793, 133
Trd, 4318711.193, 132
Trd, 4318711.343, 120
Trd, 4318712.143, 114
Trd, 4318713.043, 129
Trd, 4318713.143, 132
Trd, 4318713.493, 115
Trd, 4318713.943, 115
Trd, 4318715.943, 134
Trd, 4318717.243, 140
Trd, 4318718.193, 140
Trd, 4318718.493, 140
Trd, 4318719.993, 140
Trd, 4318720.593, 140
Trd, 4318720.793, 140
Trd, 4318724.243, 140
Trd, 4318724.693, 140
Trd, 4318725.243, 140
Trd, 4318725.393, 140
Trd, 4318725.643, 140
Trd, 4318727.193, 140
Trd, 4318727.393, 139
Trd, 4318729.493, 60
Trd, 4318729.593, 67
Trd, 4318730.943, 61
Trd, 4318731.993, 99
Trd, 4318733.343, 102
Trd, 4318735.543, 138
Trd, 4318735.843, 139
Trd, 4318736.093, 138
Trd, 4318736.193, 140
Trd, 4318736.243, 137
Trd, 4318736.543, 120
Trd, 4318736.793, 100
Trd, 4318738.293, 105
Trd, 4318738.443, 102
Trd, 4318739.243, 101
Trd, 4318741.143, 140
Trd, 4318741.943, 140
Trd, 4318742.343, 140
Trd, 4318744.093, 140
Trd, 4318744.193, 139
Trd, 4318744.393, 112
Trd, 4318744.743, 84
Trd, 4318745.393, 82
Trd, 4318747.043, 62
Trd, 4318749.393, 73
Trd, 4318750.443, 81
Trd, 4318751.093, 81
Trd, 4318751.193, 80
Trd, 4318752.093, 84
Trd, 4318752.193, 82
Trd, 4318752.793, 140
Trd, 4318753.893, 140
Trd, 4318753.993, 140
Trd, 4318755.493, 108
Trd, 4318755.793, 123
Trd, 4318757.093, 140
Trd, 4318758.843, 97
Trd, 4318759.893, 122
Trd, 4318760.293, 122
Trd, 4318761.293, 125
Trd, 4318762.293, 127
Trd, 4318762.893, 140
Trd, 4318763.393, 140
Trd, 4318763.743, 140
Trd, 4318764.293, 140
Trd, 4318764.493, 125
Trd, 4318765.593, 97
Trd, 4318767.543, 103
Trd, 4318767.693, 102
Trd, 4318769.893, 122
Trd, 4318770.493, 121
Trd, 4318772.793, 123
Trd, 4318773.593, 140
Trd, 4318773.893, 140
Trd, 4318774.793, 139
Trd, 4318775.393, 139
Trd, 4318776.493, 140
Trd, 4318777.043, 140
Trd, 4318777.443, 140
Trd, 4318778.943, 140
Trd, 4318780.843, 140
Trd, 4318782.193, 140
Trd, 4318782.543, 140
Trd, 4318783.643, 140
Trd, 4318783.893, 140
Trd, 4318786.943, 140
Trd, 4318787.143, 140
Trd, 4318787.193, 104
Trd, 4318787.843, 139
Trd, 4318788.043, 138
Trd, 4318788.193, 126
Trd, 4318789.643, 109
Trd, 4318790.543, 99
Trd, 4318791.443, 138
Trd, 4318792.193, 140
Trd, 4318792.893, 140
Trd, 4318793.143, 140
Trd, 4318793.643, 139
Trd, 4318794.143, 140
Trd, 4318795.293, 125
Trd, 4318795.793, 112
Trd, 4318797.543, 123
Trd, 4318797.893, 123
Trd, 4318798.893, 111
Trd, 4318799.343, 111
Trd, 4318801.243, 118
Trd, 4318801.893, 105
Trd, 4318802.093, 104
Trd, 4318802.793, 104
Trd, 4318804.843, 140
Trd, 4318804.993, 140
Trd, 4318805.293, 115
Trd, 4318805.643, 112
Trd, 4318806.793, 121
Trd, 4318807.293, 85
Trd, 4318809.343, 128
Trd, 4318809.643, 116
Trd, 4318809.743, 84
Trd, 4318811.343, 140
Trd, 4318813.393, 140
Trd, 4318813.743, 140
Trd, 4318813.943, 140
Trd, 4318814.043, 124
Trd, 4318814.543, 116
Trd, 4318816.443, 136
Trd, 4318816.493, 111
Trd, 4318817.293, 118
Trd, 4318818.593, 118
Trd, 4318818.693, 117
Trd, 4318819.493, 118
Trd, 4318819.943, 119
Trd, 4318821.593, 140
Trd, 4318823.843, 140
Trd, 4318824.343, 140
Trd, 4318824.843, 140
Trd, 4318825.243, 140
Trd, 4318825.393, 140
Trd, 4318825.643, 140
Trd, 4318825.943, 140
Trd, 4318828.243, 140
Trd, 4318828.643, 140
Trd, 4318829.943, 139
Trd, 4318831.743, 140
Trd, 4318832.343, 140
Trd, 4318832.893, 140
Trd, 4318833.443, 140
Trd, 4318834.093, 128
Trd, 4318834.443, 127
Trd, 4318834.543, 127
Trd, 4318835.993, 139
Trd, 4318836.243, 138
Trd, 4318836.393, 127
Trd, 4318837.443, 123
Trd, 4318840.593, 62
Trd, 4318840.793, 60
Trd, 4318841.393, 64
Trd, 4318842.593, 69
Trd, 4318843.393, 76
Trd, 4318843.593, 74
Trd, 4318844.493, 79
Trd, 4318844.593, 103
Trd, 4318845.643, 140
Trd, 4318846.643, 140
Trd, 4318847.143, 140
Trd, 4318848.243, 140
Trd, 4318848.493, 140
Trd, 4318849.993, 113
Trd, 4318851.343, 125
Trd, 4318851.693, 131
Trd, 4318853.793, 134
Trd, 4318853.943, 134
Trd, 4318853.993, 132
Trd, 4318855.043, 121
Trd, 4318855.743, 85
Trd, 4318856.643, 135
Trd, 4318857.243, 132
Trd, 4318857.743, 78
Trd, 4318858.343, 64
Trd, 4318860.343, 113
Trd, 4318861.043, 113
Trd, 4318861.393, 87
Trd, 4318863.793, 84
Trd, 4318863.943, 60
Trd, 4318865.443, 60
Trd, 4318865.693, 60
Trd, 4318867.593, 109
Trd, 4318868.993, 89
Trd, 4318870.293, 96
Trd, 4318870.543, 95
Trd, 4318870.743, 92
Trd, 4318873.093, 127
Trd, 4318873.343, 105
Trd, 4318873.943, 139
Trd, 4318874.243, 107
Trd, 4318875.143, 103
Trd, 4318877.143, 116
Trd, 4318877.293, 115
Trd, 4318879.493, 140
Trd, 4318879.943, 140
Trd, 4318881.193, 140
Trd, 4318881.843, 140
Trd, 4318881.993, 139
Trd, 4318883.593, 140
Trd, 4318884.043, 140
Trd, 4318884.143, 140
Trd, 4318885.093, 140
Trd, 4318885.443, 129
Trd, 4318886.193, 116
Trd, 4318887.343, 116
Trd, 4318889.043, 113
Trd, 4318889.943, 113
Trd, 4318890.893, 139
Trd, 4318893.043, 117
Trd, 4318893.993, 122
Trd, 4318894.293, 123
Trd, 4318896.043, 130
Trd, 4318897.243, 131
Trd, 4318897.543, 132
Trd, 4318898.193, 132
Trd, 4318898.293, 131
Trd, 4318898.943, 132
Trd, 4318899.393, 138
Trd, 4318899.543, 137
Trd, 4318901.543, 140
Trd, 4318902.943, 140
Trd, 4318903.593, 140
Trd, 4318903.693, 140
Trd, 4318905.593, 140
Trd, 4318906.043, 140
Trd, 4318906.093, 140
Trd, 4318907.793, 140
Trd, 4318908.243, 138
Trd, 4318908.543, 126
Trd, 4318908.893, 125
Trd, 4318908.993, 125
Trd, 4318910.593, 92
Trd, 4318910.793, 91
Trd, 4318911.143, 99
Trd, 4318914.493, 140
Trd, 4318915.493, 140
Trd, 4318916.593, 140
Trd, 4318916.943, 140
Trd, 4318917.643, 140
Trd, 4318918.643, 140
Trd, 4318919.143, 140
Trd, 4318919.293, 140
Trd, 4318920.343, 139
Trd, 4318920.943, 140
Trd, 4318921.793, 114
Trd, 4318921.993, 113
Trd, 4318923.693, 132
Trd, 4318924.893, 134
Trd, 4318926.293, 137
Trd, 4318927.593, 140
Trd, 4318927.893, 140
Trd, 4318927.993, 140
Trd, 4318929.243, 139
Trd, 4318929.643, 71
Trd, 4318932.243, 139
Trd, 4318932.293, 124
Trd, 4318932.543, 117
Trd, 4318932.843, 117
Trd, 4318933.343, 115
Trd, 4318936.043, 140
Trd, 4318936.093, 140
Trd, 4318936.243, 140
Trd, 4318936.743, 140
Trd, 4318937.043, 139
Trd, 4318938.493, 62
Trd, 4318938.743, 63
Trd, 4318938.943, 61
Trd, 4318939.643, 63
Trd, 4318942.793, 78
Trd, 4318943.543, 127
Trd, 4318944.093, 83
Trd, 4318944.193, 99
Trd, 4318944.993, 82
Trd, 4318946.043, 140
Trd, 4318946.393, 140
Trd, 4318946.843, 140
Trd, 4318948.443, 129
Trd, 4318950.743, 132
Trd, 4318950.943, 131
Trd, 4318951.043, 131
Trd, 4318952.043, 134
Trd, 4318953.993, 140
Trd, 4318954.993, 140
Trd, 4318955.243, 140
Trd, 4318955.593, 140
Trd, 4318955.743, 140
Trd, 4318956.943, 139
Trd, 4318957.543, 133
Trd, 4318958.693, 138
Trd, 4318959.793, 140
Trd, 4318961.143, 140
Trd, 4318961.643, 140
Trd, 4318961.943, 140
Trd, 4318962.593, 139
Trd, 4318963.093, 139
Trd, 4318963.343, 125
Trd, 4318966.793, 61
Trd, 4318966.893, 61
Trd, 4318967.343, 61
Trd, 4318967.993, 124
Trd, 4318968.293, 138
Trd, 4318969.293, 126
Trd, 4318969.843, 126
Trd, 4318970.043, 125
Trd, 4318971.643, 119
Trd, 4318972.293, 140
Trd, 4318972.643, 118
Trd, 4318974.793, 138
Trd, 4318975.343, 140
Trd, 4318975.443, 140
Trd, 4318976.393, 138
Trd, 4318976.693, 136
Trd, 4318977.593, 123
Trd, 4318979.143, 125
Trd, 4318979.393, 123
Trd, 4318981.293, 140
Trd, 4318981.343, 140
Trd, 4318981.793, 140
Trd, 4318981.843, 139
Trd, 4318981.893, 125
Trd, 4318983.343, 99
Trd, 4318985.993, 140
Trd, 4318986.243, 140
Trd, 4318987.893, 140
Trd, 4318989.193, 140
Trd, 4318989.243, 140
Trd, 4318989.643, 140
Trd, 4318990.843, 140
Trd, 4318991.393, 140
Trd, 4318991.643, 140
Trd, 4318991.843, 139
Trd, 4318992.143, 69
Trd, 4318992.393, 66
Trd, 4318994.193, 120
Trd, 4318995.293, 122
Trd, 4318995.393, 121
Trd, 4318996.893, 123
Trd, 4318998.593, 140
Trd, 4318998.993, 140
Trd, 4318999.493, 140
Trd, 4319002.293, 140
Trd, 4319002.643, 140
Trd, 4319003.093, 140
Trd, 4319005.593, 140
Trd, 4319006.093, 140
Trd, 4319006.293, 140
Trd, 4319006.893, 140
Trd, 4319008.843, 140
Trd, 4319009.143, 140
Trd, 4319009.793, 140
Trd, 4319010.693, 140
Trd, 4319011.143, 140
Trd, 4319011.993, 140
Trd, 4319012.893, 140
Trd, 4319014.243, 140
Trd, 4319014.343, 140
Trd, 4319014.793, 140
Trd, 4319015.993, 123
Trd, 4319016.293, 123
Trd, 4319016.343, 122
Trd, 4319017.043, 121
Trd, 4319017.893, 112
Trd, 4319018.693, 114
Trd, 4319019.693, 140
Trd, 4319019.993, 140
Trd, 4319020.993, 126
Trd, 4319021.093, 124
Trd, 4319021.843, 113
Trd, 4319023.193, 114
Trd, 4319024.493, 118
Trd, 4319025.043, 121
Trd, 4319026.293, 123
Trd, 4319027.293, 125
Trd, 4319027.393, 125
Trd, 4319027.443, 130
Trd, 4319028.893, 140
Trd, 4319029.743, 131
Trd, 4319030.393, 132
Trd, 4319033.843, 140
Trd, 4319035.243, 140
Trd, 4319035.893, 140
Trd, 4319036.443, 140
Trd, 4319036.743, 140
Trd, 4319037.543, 140
Trd, 4319037.693, 139
Trd, 4319038.193, 140
Trd, 4319038.693, 140
Trd, 4319038.943, 139
Trd, 4319039.843, 140
Trd, 4319040.043, 125
Trd, 4319042.093, 106
Trd, 4319043.493, 108
Trd, 4319046.043, 140
Trd, 4319046.093, 139
Trd, 4319047.243, 127
Trd, 4319047.943, 127
Trd, 4319048.943, 120
Trd, 4319049.393, 122
Trd, 4319051.043, 126
Trd, 4319051.343, 124
Trd, 4319051.443, 132
Trd, 4319052.443, 125
Trd, 4319052.693, 108
Trd, 4319053.093, 96
Trd, 4319055.193, 79
Trd, 4319055.693, 116
Trd, 4319057.093, 114
Trd, 4319058.793, 115
Trd, 4319059.093, 113
Trd, 4319059.143, 103
Trd, 4319059.893, 78
Trd, 4319060.043, 77
Trd, 4319060.343, 81
Trd, 4319063.393, 118
Trd, 4319065.343, 138
Trd, 4319067.143, 140
Trd, 4319067.593, 140
Trd, 4319067.743, 140
Trd, 4319067.993, 124
Trd, 4319070.493, 131
Trd, 4319070.543, 131
Trd, 4319070.643, 129
Trd, 4319071.493, 81
Trd, 4319072.893, 93
Trd, 4319073.143, 99
Trd, 4319075.593, 105
Trd, 4319076.193, 107
Trd, 4319076.643, 109
Trd, 4319076.943, 113
Trd, 4319078.443, 114
Trd, 4319079.093, 114
Trd, 4319080.593, 140
Trd, 4319081.343, 140
Trd, 4319082.593, 140
Trd, 4319082.793, 140
Trd, 4319082.893, 140
Trd, 4319083.043, 126
Trd, 4319084.693, 137
Trd, 4319085.543, 140
Trd, 4319085.993, 140
Trd, 4319086.443, 137
Trd, 4319086.743, 124
Trd, 4319087.843, 137
Trd, 4319088.093, 136
Trd, 4319088.243, 135
Trd, 4319089.693, 60
Trd, 4319089.993, 61
Trd, 4319092.143, 62
Trd, 4319092.893, 82
Trd, 4319093.393, 140
Trd, 4319094.743, 119
Trd, 4319095.243, 118
Trd, 4319095.793, 120
Trd, 4319096.443, 121
Trd, 4319096.843, 140
Trd, 4319097.893, 122
Trd, 4319099.543, 126
Trd, 4319099.643, 125
Trd, 4319099.693, 124
Trd, 4319100.243, 123
Trd, 4319100.293, 116
Trd, 4319100.843, 100
Trd, 4319102.743, 140
Trd, 4319103.793, 140
Trd, 4319104.043, 140
Trd, 4319105.593, 140
Trd, 4319106.993, 140
Trd, 4319108.393, 140
Trd, 4319108.993, 140
Trd, 4319109.443, 140
Trd, 4319109.993, 60
Trd, 4319110.443, 126
Trd, 4319112.343, 140
Trd, 4319112.993, 140
Trd, 4319113.793, 140
Trd, 4319115.043, 140
Trd, 4319115.993, 140
Trd, 4319116.043, 139
Trd, 4319117.593, 140
Trd, 4319118.993, 140
Trd, 4319120.643, 140
Trd, 4319121.243, 140
Trd, 4319122.143, 140
Trd, 4319122.393, 139
Trd, 4319123.843, 140
Trd, 4319124.593, 140
Trd, 4319124.793, 140
Trd, 4319124.943, 139
Trd, 4319125.093, 125
Trd, 4319127.343, 73
Trd, 4319127.493, 72
Trd, 4319128.093, 101
Trd, 4319129.993, 119
Trd, 4319130.943, 124
Trd, 4319131.393, 125
Trd, 4319132.093, 127
Trd, 4319133.743, 129
Trd, 4319134.743, 130
Trd, 4319136.243, 140
Trd, 4319136.743, 140
Trd, 4319136.943, 140
Trd, 4319136.993, 140
Trd, 4319137.593, 126
Trd, 4319139.493, 140
Trd, 4319139.743, 140
Trd, 4319141.143, 140
Trd, 4319141.593, 140
Trd, 4319142.593, 140
Trd, 4319143.043, 140
Trd, 4319143.493, 140
Trd, 4319144.743, 128
Trd, 4319145.643, 89
Trd, 4319147.693, 90
Trd, 4319148.443, 140
Trd, 4319149.043, 96
Trd, 4319149.543, 96
Trd, 4319150.543, 111
Trd, 4319150.643, 110
Trd, 4319151.993, 113
Trd, 4319153.143, 107
Trd, 4319153.593, 138
Trd, 4319154.743, 103
Trd, 4319154.943, 96
Trd, 4319155.893, 140
Trd, 4319156.093, 140
Trd, 4319156.243, 140
Trd, 4319158.093, 137
Trd, 4319159.393, 132
Trd, 4319159.493, 131
Trd, 4319160.543, 135
Trd, 4319161.043, 137
Trd, 4319161.843, 137
Trd, 4319163.043, 139
Trd, 4319164.243, 139
Trd, 4319164.893, 139
Trd, 4319166.143, 140
Trd, 4319166.293, 140
Trd, 4319166.693, 126
Trd, 4319167.043, 140
Trd, 4319167.643, 127
Trd, 4319170.443, 136
Trd, 4319171.243, 130
Trd, 4319172.843, 131
Trd, 4319173.043, 131
Trd, 4319173.793, 118
Trd, 4319174.593, 140
Trd, 4319174.793, 140
Trd, 4319175.143, 140
Trd, 4319175.943, 139
Trd, 4319177.093, 133
Trd, 4319178.593, 136
Trd, 4319179.093, 138
Trd, 4319179.343, 137
Trd, 4319179.743, 137
Trd, 4319183.343, 140
Trd, 4319183.643, 140
Trd, 4319184.493, 140
Trd, 4319184.543, 140
Trd, 4319185.593, 140
Trd, 4319186.393, 140
Trd, 4319188.593, 139
Trd, 4319189.043, 140
Trd, 4319189.343, 140
Trd, 4319189.743, 139
Trd, 4319190.343, 138
Trd, 4319190.543, 137
Trd, 4319190.993, 123
Trd, 4319193.193, 104
Trd, 4319193.393, 115
Trd, 4319194.043, 140
Trd, 4319195.593, 140
Trd, 4319196.343, 140
Trd, 4319197.343, 140
Trd, 4319198.493, 140
Trd, 4319198.943, 140
Trd, 4319199.093, 139
Trd, 4319199.143, 125
Trd, 4319202.343, 134
Trd, 4319203.143, 135
Trd, 4319204.643, 140
Trd, 4319205.843, 140
Trd, 4319206.293, 140
Trd, 4319206.593, 139
Trd, 4319207.493, 140
Trd, 4319207.743, 140
Trd, 4319208.993, 140
Trd, 4319209.543, 140
Trd, 4319210.993, 140
Trd, 4319211.093, 140
Trd, 4319211.943, 140
Trd, 4319212.143, 140
Trd, 4319213.093, 139
Trd, 4319214.643, 139
Trd, 4319215.443, 139
Trd, 4319215.943, 125
Trd, 4319216.243, 125
Trd, 4319217.243, 126
Trd, 4319217.493, 117
Trd, 4319217.543, 111
Trd, 4319218.993, 124
Trd, 4319219.743, 140
Trd, 4319219.793, 139
Trd, 4319220.943, 140
Trd, 4319221.193, 139
Trd, 4319222.593, 127
Trd, 4319223.843, 119
Trd, 4319224.243, 117
Trd, 4319224.993, 117
Trd, 4319225.043, 117
Trd, 4319226.843, 140
Trd, 4319226.943, 140
Trd, 4319227.343, 140
Trd, 4319228.943, 140
Trd, 4319229.093, 139
Trd, 4319230.543, 139
Trd, 4319231.243, 140
Trd, 4319232.593, 140
Trd, 4319232.893, 140
Trd, 4319233.543, 140
Trd, 4319235.093, 140
Trd, 4319235.993, 140
Trd, 4319236.193, 139
Trd, 4319237.093, 140
Trd, 4319238.793, 140
Trd, 4319239.393, 140
Trd, 4319239.993, 140
Trd, 4319240.043, 140
Trd, 4319240.543, 139
Trd, 4319240.893, 137
Trd, 4319241.443, 124
Trd, 4319242.443, 126
Trd, 4319244.293, 118
Trd, 4319245.143, 122
Trd, 4319245.693, 121
Trd, 4319246.793, 125
Trd, 4319246.993, 122
Trd, 4319249.243, 126
Trd, 4319249.493, 122
Trd, 4319250.093, 128
Trd, 4319251.593, 132
Trd, 4319252.043, 118
Trd, 4319252.343, 118
Trd, 4319253.493, 63
Trd, 4319255.843, 140
Trd, 4319256.343, 140
Trd, 4319256.693, 140
Trd, 4319257.093, 139
Trd, 4319259.143, 140
Trd, 4319259.943, 140
Trd, 4319261.593, 140
Trd, 4319262.343, 140
Trd, 4319262.393, 140
Trd, 4319262.593, 140
Trd, 4319264.343, 139
Trd, 4319264.443, 124
Trd, 4319265.543, 140
Trd, 4319267.343, 140
Trd, 4319267.393, 140
Trd, 4319268.043, 140
Trd, 4319268.593, 140
Trd, 4319269.443, 140
Trd, 4319270.043, 124
Trd, 4319270.743, 126
Trd, 4319272.143, 140
Trd, 4319272.943, 140
Trd, 4319273.143, 140
Trd, 4319274.493, 140
Trd, 4319274.943, 140
Trd, 4319277.893, 140
Trd, 4319278.243, 140
Trd, 4319278.443, 125
Trd, 4319278.843, 129
Trd, 4319281.443, 105
Trd, 4319282.043, 102
Trd, 4319282.243, 105
Trd, 4319283.393, 106
Trd, 4319283.593, 106
Trd, 4319283.893, 105
Trd, 4319286.943, 108
Trd, 4319287.243, 88
Trd, 4319288.143, 140
Trd, 4319289.693, 135
Trd, 4319289.993, 135
Trd, 4319290.343, 134
Trd, 4319291.193, 99
Trd, 4319292.943, 135
Trd, 4319293.743, 136
Trd, 4319294.743, 137
Trd, 4319294.843, 136
Trd, 4319295.943, 139
Trd, 4319297.243, 139
Trd, 4319297.293, 139
Trd, 4319298.693, 140
Trd, 4319299.243, 140
Trd, 4319300.143, 140
Trd, 4319300.993, 138
Trd, 4319302.093, 140
Trd, 4319302.293, 139
Trd, 4319303.343, 140
Trd, 4319303.393, 139
Trd, 4319304.143, 140
Trd, 4319304.793, 139
Trd, 4319305.443, 138
Trd, 4319305.493, 138
Trd, 4319307.043, 128
Trd, 4319310.093, 111
Trd, 4319310.843, 112
Trd, 4319311.043, 111
Trd, 4319311.543, 132
Trd, 4319311.593, 131
Trd, 4319313.093, 105
Trd, 4319313.443, 112
Trd, 4319313.643, 94
Trd, 4319313.693, 93
Trd, 4319315.293, 101
Trd, 4319316.743, 127
Trd, 4319317.143, 131
Trd, 4319318.893, 140
Trd, 4319319.193, 137
Trd, 4319320.143, 140
Trd, 4319321.543, 140
Trd, 4319321.643, 140
Trd, 4319322.593, 140
Trd, 4319322.743, 140
Trd, 4319323.243, 140
Trd, 4319324.293, 139
Trd, 4319325.893, 140
Trd, 4319326.193, 140
Trd, 4319327.643, 140
Trd, 4319328.993, 140
Trd, 4319329.293, 140
Trd, 4319330.843, 140
Trd, 4319330.893, 139
Trd, 4319331.593, 140
Trd, 4319332.143, 129
Trd, 4319332.393, 128
Trd, 4319333.543, 107
Trd, 4319335.293, 127
Trd, 4319336.343, 100
Trd, 4319336.543, 96
Trd, 4319337.843, 114
Trd, 4319338.243, 113
Trd, 4319338.293, 113
Trd, 4319338.593, 90
Trd, 4319340.193, 93
Trd, 4319340.243, 96
Trd, 4319341.143, 123
Trd, 4319342.943, 116
Trd, 4319344.343, 121
Trd, 4319344.993, 121
Trd, 4319345.643, 134
Trd, 4319345.793, 132
Trd, 4319346.993, 140
Trd, 4319347.093, 140
Trd, 4319348.043, 119
Trd, 4319348.943, 140
Trd, 4319351.093, 140
Trd, 4319351.493, 140
Trd, 4319351.743, 140
Trd, 4319353.093, 140
Trd, 4319353.793, 140
Trd, 4319353.893, 139
Trd, 4319354.993, 82
Trd, 4319357.493, 140
Trd, 4319357.993, 140
Trd, 4319358.543, 140
Trd, 4319358.893, 139
Trd, 4319360.343, 140
Trd, 4319361.143, 140
Trd, 4319362.093, 140
Trd, 4319362.493, 140
Trd, 4319363.843, 124
Trd, 4319364.193, 138
Trd, 4319365.893, 126
Trd, 4319366.893, 140
Trd, 4319367.293, 140
Trd, 4319367.593, 140
Trd, 4319367.693, 139
Trd, 4319368.343, 140
Trd, 4319369.343, 139
Trd, 4319370.243, 127
Trd, 4319370.493, 126
Trd, 4319372.093, 129
Trd, 4319372.143, 115
Trd, 4319372.443, 115
Trd, 4319374.093, 120
Trd, 4319374.693, 119
Trd, 4319375.743, 139
Trd, 4319376.543, 120
Trd, 4319377.243, 120
Trd, 4319378.093, 121
Trd, 4319378.843, 128
Trd, 4319379.293, 123
Trd, 4319381.243, 125
Trd, 4319381.593, 125
Trd, 4319381.993, 138
Trd, 4319382.393, 124
Trd, 4319384.193, 68
Trd, 4319384.693, 108
Trd, 4319385.693, 104
Trd, 4319388.493, 114
Trd, 4319388.593, 114
Trd, 4319388.793, 110
Trd, 4319389.093, 106
Trd, 4319390.093, 104
Trd, 4319390.893, 103
Trd, 4319392.143, 82
Trd, 4319393.543, 140
Trd, 4319393.993, 140
Trd, 4319394.643, 140
Trd, 4319394.693, 140
Trd, 4319395.993, 140
Trd, 4319397.943, 140
Trd, 4319399.693, 140
Trd, 4319402.693, 140
Trd, 4319402.743, 140
Trd, 4319403.093, 139
Trd, 4319404.493, 140
Trd, 4319405.043, 140
Trd, 4319406.193, 140
Trd, 4319406.893, 140
Trd, 4319408.143, 140
Trd, 4319408.693, 140
Trd, 4319409.343, 140
Trd, 4319410.143, 140
Trd, 4319410.243, 140
Trd, 4319410.493, 140
Trd, 4319411.293, 95
Trd, 4319412.343, 123
Trd, 4319412.693, 122
Trd, 4319413.493, 140
Trd, 4319414.443, 108
Trd, 4319415.543, 96
Trd, 4319415.893, 83
Trd, 4319417.093, 76
Trd, 4319419.093, 114
Trd, 4319419.443, 113
Trd, 4319420.243, 140
Trd, 4319420.293, 140
Trd, 4319421.993, 140
Trd, 4319422.793, 140
Trd, 4319423.493, 140
Trd, 4319424.543, 140
Trd, 4319424.893, 140
Trd, 4319428.443, 140
Trd, 4319428.893, 140
Trd, 4319429.243, 140
Trd, 4319430.143, 140
Trd, 4319430.543, 140
Trd, 4319430.793, 140
Trd, 4319432.943, 140
Trd, 4319432.993, 140
Trd, 4319434.043, 140
Trd, 4319434.193, 140
Trd, 4319434.443, 139
Trd, 4319435.443, 127
Trd, 4319436.293, 126
Trd, 4319437.193, 123
Trd, 4319438.043, 124
Trd, 4319438.743, 124
Trd, 4319438.993, 123
Trd, 4319440.443, 140
Trd, 4319442.843, 140
Trd, 4319443.843, 140
Trd, 4319443.993, 140
Trd, 4319444.193, 140
Trd, 4319445.993, 139
Trd, 4319446.343, 139
Trd, 4319449.243, 84
Trd, 4319449.593, 89
Trd, 4319449.793, 88
Trd, 4319452.293, 99
Trd, 4319453.243, 127
Trd, 4319453.593, 126
Trd, 4319453.993, 135
Trd, 4319454.743, 129
Trd, 4319455.093, 129
Trd, 4319457.543, 140
Trd, 4319459.343, 140
Trd, 4319459.443, 140
Trd, 4319460.443, 140
Trd, 4319460.643, 140
Trd, 4319460.693, 139
Trd, 4319460.793, 126
Trd, 4319461.293, 102
Trd, 4319464.343, 60
Trd, 4319464.843, 64
Trd, 4319465.193, 63
Trd, 4319465.293, 73
Trd, 4319465.343, 62
Trd, 4319466.043, 65
Trd, 4319467.543, 97
Trd, 4319467.893, 72
Trd, 4319468.593, 140
Trd, 4319468.793, 140
Trd, 4319468.893, 140
Trd, 4319469.543, 140
Trd, 4319469.943, 140
Trd, 4319470.393, 140
Trd, 4319472.043, 140
Trd, 4319472.643, 140
Trd, 4319473.243, 140
Trd, 4319475.043, 140
Trd, 4319475.093, 139
Trd, 4319475.993, 126
Trd, 4319476.793, 132
Trd, 4319477.143, 131
Trd, 4319479.043, 130
Trd, 4319479.893, 115
Trd, 4319480.393, 128
Trd, 4319480.643, 104
Trd, 4319480.993, 104
Trd, 4319481.243, 104
Trd, 4319482.793, 103
Trd, 4319483.043, 93
Trd, 4319484.643, 68
Trd, 4319485.043, 126
Trd, 4319486.443, 140
Trd, 4319486.693, 137
Trd, 4319487.143, 136
Trd, 4319487.943, 107
Trd, 4319488.043, 106
Trd, 4319489.693, 140
Trd, 4319489.743, 140
Trd, 4319491.593, 140
Trd, 4319491.793, 139
Trd, 4319494.243, 139
Trd, 4319494.343, 121
Trd, 4319494.443, 120
Trd, 4319495.543, 119
Trd, 4319496.643, 119
Trd, 4319497.943, 122
Trd, 4319498.543, 124
Trd, 4319498.643, 122
Trd, 4319499.343, 137
Trd, 4319499.593, 71
Trd, 4319500.943, 98
Trd, 4319501.793, 121
Trd, 4319502.693, 101
Trd, 4319503.143, 100
Trd, 4319504.993, 139
Trd, 4319505.693, 139
Trd, 4319506.293, 140
Trd, 4319506.593, 140
Trd, 4319506.743, 139
Trd, 4319506.943, 136
Trd, 4319507.143, 125
Trd, 4319508.543, 120
Trd, 4319509.793, 133
Trd, 4319509.993, 113
Trd, 4319511.093, 115
Trd, 4319512.443, 126
Trd, 4319512.593, 139
Trd, 4319513.643, 128
Trd, 4319513.893, 127
Trd, 4319514.643, 96
Trd, 4319515.493, 96
Trd, 4319515.643, 84
Trd, 4319516.093, 66
Trd, 4319519.843, 62
Trd, 4319520.143, 63
Trd, 4319521.743, 61
Trd, 4319522.593, 62
Trd, 4319523.093, 61
Trd, 4319523.893, 64
Trd, 4319523.993, 75
Trd, 4319524.843, 66
Trd, 4319526.193, 77
Trd, 4319526.343, 108
Trd, 4319527.043, 113
Trd, 4319528.443, 61
Trd, 4319530.443, 123
Trd, 4319531.793, 130
Trd, 4319531.993, 130
Trd, 4319532.143, 130
Trd, 4319532.493, 128
Trd, 4319533.643, 133
Trd, 4319534.293, 135
Trd, 4319534.443, 130
Trd, 4319535.993, 140
Trd, 4319536.093, 127
Trd, 4319538.193, 127
Trd, 4319538.493, 126
Trd, 4319538.543, 112
Trd, 4319540.143, 113
Trd, 4319540.343, 112
Trd, 4319540.793, 60
Trd, 4319541.943, 87
Trd, 4319542.743, 114
Trd, 4319544.043, 100
Trd, 4319544.643, 106
Trd, 4319545.293, 106
Trd, 4319545.343, 104
Trd, 4319548.993, 60
Trd, 4319549.393, 61
Trd, 4319549.593, 71
Trd, 4319550.093, 62
Trd, 4319551.143, 94
Trd, 4319551.743, 66
Trd, 4319554.343, 140
Trd, 4319555.143, 140
Trd, 4319555.293, 140
Trd, 4319556.093, 140
Trd, 4319557.643, 140
Trd, 4319557.693, 140
Trd, 4319557.793, 140
Trd, 4319558.243, 140
Trd, 4319559.743, 140
Trd, 4319561.843, 140
Trd, 4319562.743, 140
Trd, 4319564.193, 140
Trd, 4319564.293, 140
Trd, 4319564.843, 140
Trd, 4319566.043, 140
Trd, 4319566.643, 140
Trd, 4319568.743, 140
Trd, 4319569.543, 125
Trd, 4319571.243, 93
Trd, 4319572.843, 140
Trd, 4319572.993, 140
Trd, 4319573.193, 139
Trd, 4319573.743, 140
Trd, 4319573.993, 140
Trd, 4319576.793, 140
Trd, 4319576.843, 140
Trd, 4319578.293, 140
Trd, 4319580.143, 140
Trd, 4319580.493, 140
Trd, 4319581.893, 140
Trd, 4319582.143, 140
Trd, 4319583.243, 140
Trd, 4319584.793, 140
Trd, 4319585.793, 140
Trd, 4319586.793, 140
Trd, 4319586.993, 140
Trd, 4319587.093, 139
Trd, 4319588.843, 140
Trd, 4319588.993, 140
Trd, 4319590.893, 100
Trd, 4319591.693, 102
Trd, 4319593.293, 129
Trd, 4319593.393, 128
Trd, 4319593.443, 109
Trd, 4319594.293, 140
Trd, 4319594.593, 140
Trd, 4319594.993, 139
Trd, 4319597.043, 87
Trd, 4319597.843, 84
Trd, 4319598.193, 83
Trd, 4319598.793, 81
Trd, 4319599.143, 85
Trd, 4319601.243, 97
Trd, 4319601.743, 64
Trd, 4319602.593, 101
Trd, 4319603.743, 81
Trd, 4319604.893, 85
Trd, 4319605.593, 77
Trd, 4319606.843, 82
Trd, 4319608.493, 91
Trd, 4319608.793, 138
Trd, 4319609.193, 94
Trd, 4319611.493, 108
Trd, 4319612.293, 138
Trd, 4319612.443, 138
Trd, 4319612.893, 138
Trd, 4319613.443, 140
Trd, 4319614.643, 140
Trd, 4319615.543, 140
Trd, 4319616.543, 140
Trd, 4319617.793, 140
Trd, 4319618.643, 140
Trd, 4319619.043, 140
Trd, 4319619.993, 140
Trd, 4319621.693, 140
Trd, 4319622.043, 140
Trd, 4319623.943, 140
Trd, 4319624.843, 140
Trd, 4319625.493, 140
Trd, 4319625.643, 140
Trd, 4319626.193, 140
Trd, 4319626.243, 139
Trd, 4319627.343, 140
Trd, 4319628.643, 140
Trd, 4319628.693, 139
Trd, 4319628.793, 125
Trd, 4319632.193, 140
Trd, 4319632.243, 140
Trd, 4319632.693, 140
Trd, 4319632.743, 139
Trd, 4319633.643, 140
Trd, 4319634.293, 125
Trd, 4319634.693, 124
Trd, 4319637.643, 140
Trd, 4319637.743, 140
Trd, 4319638.643, 140
Trd, 4319639.143, 140
Trd, 4319640.593, 140
Trd, 4319640.643, 139
Trd, 4319641.993, 140
Trd, 4319643.093, 140
Trd, 4319643.543, 127
Trd, 4319643.943, 126
Trd, 4319645.843, 140
Trd, 4319645.893, 140
Trd, 4319647.793, 140
Trd, 4319647.843, 139
Trd, 4319649.243, 118
Trd, 4319650.143, 140
Trd, 4319651.443, 140
Trd, 4319651.793, 140
Trd, 4319651.943, 124
Trd, 4319652.243, 129
Trd, 4319653.243, 113
Trd, 4319655.443, 116
Trd, 4319656.643, 120
Trd, 4319659.193, 140
Trd, 4319659.593, 140
Trd, 4319660.193, 140
Trd, 4319660.893, 140
Trd, 4319661.343, 140
Trd, 4319661.893, 140
Trd, 4319661.993, 139
Trd, 4319663.043, 140
Trd, 4319663.293, 140
Trd, 4319663.943, 140
Trd, 4319665.893, 140
Trd, 4319666.743, 140
Trd, 4319666.943, 140
Trd, 4319666.993, 140
Trd, 4319667.143, 139
Trd, 4319667.393, 125
Trd, 4319670.443, 139
Trd, 4319670.643, 138
Trd, 4319671.143, 128
Trd, 4319671.693, 128
Trd, 4319672.293, 128
Trd, 4319673.693, 131
Trd, 4319673.993, 132
Trd, 4319674.493, 132
Trd, 4319675.343, 138
Trd, 4319676.543, 132
Trd, 4319678.293, 130
Trd, 4319679.743, 140
Trd, 4319680.543, 140
Trd, 4319680.743, 139
Trd, 4319682.443, 131
Trd, 4319683.043, 133
Trd, 4319684.343, 140
Trd, 4319685.293, 137
Trd, 4319685.643, 138
Trd, 4319686.193, 138
Trd, 4319687.343, 138
Trd, 4319688.093, 127
Trd, 4319688.543, 115
Trd, 4319689.343, 139
Trd, 4319690.543, 116
Trd, 4319691.043, 116
Trd, 4319692.143, 115
Trd, 4319692.493, 123
Trd, 4319693.793, 105
Trd, 4319695.193, 96
Trd, 4319695.843, 94
Trd, 4319696.293, 93
Trd, 4319696.993, 130
Trd, 4319698.493, 70
Trd, 4319699.293, 138
Trd, 4319700.343, 128
Trd, 4319700.393, 127
Trd, 4319700.693, 126
Trd, 4319702.993, 132
Trd, 4319703.143, 131
Trd, 4319703.893, 132
Trd, 4319705.443, 139
Trd, 4319706.693, 140
Trd, 4319707.543, 140
Trd, 4319708.043, 140
Trd, 4319708.193, 140
Trd, 4319712.243, 140
Trd, 4319712.643, 140
Trd, 4319713.593, 140
Trd, 4319714.343, 140
Trd, 4319715.193, 138
Trd, 4319716.343, 140
Trd, 4319717.093, 140
Trd, 4319717.343, 140
Trd, 4319717.693, 140
Trd, 4319717.743, 139
Trd, 4319719.343, 122
Trd, 4319720.743, 120
Trd, 4319721.693, 120
Trd, 4319723.243, 140
Trd, 4319723.743, 140
Trd, 4319723.943, 140
Trd, 4319724.943, 140
Trd, 4319726.343, 140
Trd, 4319726.443, 140
Trd, 4319726.743, 140
Trd, 4319726.993, 140
Trd, 4319727.993, 127
Trd, 4319728.343, 126
Trd, 4319731.343, 140
Trd, 4319731.543, 140
Trd, 4319733.393, 140
Trd, 4319735.993, 140
Trd, 4319736.293, 140
Trd, 4319736.593, 140
Trd, 4319736.943, 140
Trd, 4319737.893, 140
Trd, 4319738.543, 140
Trd, 4319739.393, 140
Trd, 4319739.993, 140
Trd, 4319740.243, 140
Trd, 4319740.493, 140
Trd, 4319741.393, 139
Trd, 4319743.593, 140
Trd, 4319745.143, 140
Trd, 4319745.343, 140
Trd, 4319745.493, 140
Trd, 4319745.843, 140
Trd, 4319745.993, 139
Trd, 4319746.043, 127
Trd, 4319749.343, 96
Trd, 4319751.493, 139
Trd, 4319751.593, 111
Trd, 4319753.143, 113
Trd, 4319753.293, 111
Trd, 4319753.593, 112
Trd, 4319753.743, 112
Trd, 4319754.593, 111
Trd, 4319755.043, 113
Trd, 4319757.193, 62
Trd, 4319758.393, 61
Trd, 4319758.893, 64
Trd, 4319760.143, 66
Trd, 4319761.093, 67
Trd, 4319761.643, 85
Trd, 4319761.793, 67
Trd, 4319762.043, 122
Trd, 4319762.343, 107
Trd, 4319762.443, 124
Trd, 4319764.443, 62
Trd, 4319767.943, 68
Trd, 4319768.543, 60
Trd, 4319768.643, 60
Trd, 4319768.693, 60
Trd, 4319769.543, 64
Trd, 4319770.343, 139
Trd, 4319771.043, 117
Trd, 4319771.843, 116
Trd, 4319772.993, 117
Trd, 4319774.943, 125
Trd, 4319776.543, 140
Trd, 4319776.743, 129
Trd, 4319777.143, 126
Trd, 4319777.343, 126
Trd, 4319779.493, 99
Trd, 4319780.143, 115
Trd, 4319780.443, 98
Trd, 4319780.993, 103
Trd, 4319781.443, 98
Trd, 4319781.793, 103
Trd, 4319782.443, 92
Trd, 4319783.193, 94
Trd, 4319783.343, 140
Trd, 4319783.643, 92
Trd, 4319785.243, 122
Trd, 4319787.493, 74
Trd, 4319787.793, 116
Trd, 4319788.293, 140
Trd, 4319790.593, 140
Trd, 4319790.693, 140
Trd, 4319790.943, 140
Trd, 4319792.643, 140
Trd, 4319793.143, 140
Trd, 4319794.043, 140
Trd, 4319795.593, 140
Trd, 4319795.993, 140
Trd, 4319796.893, 140
Trd, 4319797.443, 140
Trd, 4319798.093, 111
Trd, 4319799.343, 140
Trd, 4319799.593, 124
Trd, 4319800.693, 70
Trd, 4319802.793, 92
Trd, 4319803.693, 88
Trd, 4319804.093, 132
Trd, 4319804.393, 85
Trd, 4319805.793, 127
Trd, 4319807.393, 133
Trd, 4319807.843, 133
Trd, 4319810.593, 140
Trd, 4319810.943, 140
Trd, 4319811.393, 140
Trd, 4319812.493, 140
Trd, 4319813.293, 140
Trd, 4319813.743, 140
Trd, 4319815.693, 140
Trd, 4319816.343, 140
Trd, 4319816.843, 140
Trd, 4319817.343, 140
Trd, 4319818.743, 140
Trd, 4319819.643, 140
Trd, 4319819.943, 140
Trd, 4319821.193, 140
Trd, 4319821.943, 140
Trd, 4319822.343, 140
Trd, 4319824.493, 140
Trd, 4319824.893, 140
Trd, 4319825.193, 140
Trd, 4319825.243, 139
Trd, 4319825.393, 140
Trd, 4319828.993, 103
Trd, 4319829.393, 104
Trd, 4319829.543, 103
Trd, 4319829.843, 118
Trd, 4319830.093, 102
Trd, 4319833.193, 134
Trd, 4319833.943, 136
Trd, 4319834.193, 133
Trd, 4319834.543, 75
Trd, 4319834.743, 82
Trd, 4319836.393, 115
Trd, 4319837.293, 117
Trd, 4319838.993, 140
Trd, 4319839.393, 140
Trd, 4319840.343, 140
Trd, 4319840.493, 140
Trd, 4319840.593, 140
Trd, 4319842.843, 139
Trd, 4319843.393, 140
Trd, 4319844.743, 140
Trd, 4319845.143, 140
Trd, 4319845.443, 140
Trd, 4319845.993, 125
Trd, 4319846.243, 90
Trd, 4319848.193, 60
Trd, 4319848.443, 62
Trd, 4319848.893, 64
Trd, 4319850.293, 138
Trd, 4319852.193, 119
Trd, 4319852.943, 122
Trd, 4319853.193, 122
Trd, 4319854.493, 123
Trd, 4319855.443, 99
Trd, 4319855.893, 106
Trd, 4319856.043, 98
Trd, 4319858.193, 101
Trd, 4319858.693, 96
Trd, 4319859.343, 96
Trd, 4319859.943, 106
Trd, 4319860.343, 92
Trd, 4319862.243, 64
Trd, 4319864.593, 86
Trd, 4319864.893, 85
Trd, 4319865.243, 87
Trd, 4319865.593, 126
Trd, 4319866.543, 125
Trd, 4319866.643, 101
Trd, 4319866.993, 102
Trd, 4319869.443, 106
Trd, 4319869.643, 106
Trd, 4319870.943, 140
Trd, 4319871.443, 107
Trd, 4319871.793, 107
Trd, 4319872.343, 107
Trd, 4319874.743, 112
Trd, 4319875.393, 113
Trd, 4319876.993, 117
Trd, 4319877.093, 116
Trd, 4319877.193, 115
Trd, 4319878.443, 140
Trd, 4319879.893, 140
Trd, 4319880.243, 140
Trd, 4319880.643, 140
Trd, 4319881.593, 140
Trd, 4319882.393, 140
Trd, 4319882.893, 140
Trd, 4319883.243, 124
Trd, 4319884.993, 136
Trd, 4319886.393, 120
Trd, 4319887.543, 122
Trd, 4319888.093, 121
Trd, 4319888.543, 140
Trd, 4319889.093, 125
Trd, 4319889.493, 140
Trd, 4319890.093, 129
Trd, 4319890.493, 129
Trd, 4319892.743, 135
Trd, 4319893.793, 135
Trd, 4319893.993, 135
Trd, 4319894.093, 134
Trd, 4319895.893, 140
Trd, 4319896.243, 140
Trd, 4319896.343, 139
Trd, 4319896.393, 139
Trd, 4319898.493, 140
Trd, 4319900.493, 140
Trd, 4319900.943, 140
Trd, 4319901.893, 139
Trd, 4319902.793, 135
Trd, 4319903.493, 140
Trd, 4319904.243, 140
Trd, 4319904.843, 140
Trd, 4319905.493, 140
Trd, 4319906.643, 140
Trd, 4319907.443, 119
Trd, 4319908.993, 139
Trd, 4319910.393, 140
Trd, 4319910.443, 140
Trd, 4319910.743, 89
Trd, 4319912.093, 90
Trd, 4319913.293, 95
Trd, 4319913.943, 95
Trd, 4319913.993, 94
Trd, 4319914.243, 93
Trd, 4319914.793, 72
Trd, 4319918.143, 109
Trd, 4319918.243, 119
Trd, 4319919.243, 112
Trd, 4319919.343, 108
Trd, 4319920.193, 134
Trd, 4319920.493, 134
Trd, 4319921.843, 133
Trd, 4319922.343, 119
Trd, 4319923.493, 114
Trd, 4319923.893, 115
Trd, 4319925.393, 140
Trd, 4319928.493, 140
Trd, 4319928.693, 140
Trd, 4319928.893, 140
Trd, 4319929.243, 140
Trd, 4319930.743, 140
Trd, 4319931.743, 140
Trd, 4319932.093, 139
Trd, 4319933.293, 140
Trd, 4319934.093, 140
Trd, 4319934.843, 140
Trd, 4319935.243, 139
Trd, 4319938.143, 140
Trd, 4319938.943, 140
Trd, 4319941.093, 140
Trd, 4319941.243, 140
Trd, 4319941.843, 140
Trd, 4319942.043, 140
Trd, 4319942.093, 139
Trd, 4319943.843, 140
Trd, 4319943.993, 124
Trd, 4319944.393, 120
Trd, 4319945.243, 140
Trd, 4319945.843, 140
Trd, 4319947.043, 140
Trd, 4319947.343, 140
Trd, 4319947.443, 140
Trd, 4319948.443, 139
Trd, 4319948.643, 111
Trd, 4319950.193, 140
Trd, 4319950.393, 75
Trd, 4319952.293, 75
Trd, 4319952.393, 75
Trd, 4319953.693, 121
Trd, 4319954.593, 121
Trd, 4319955.243, 140
Trd, 4319955.793, 140
Trd, 4319956.143, 140
Trd, 4319956.743, 126
Trd, 4319957.443, 136
Trd, 4319958.043, 125
Trd, 4319958.593, 112
Trd, 4319960.443, 133
Trd, 4319963.593, 140
Trd, 4319964.143, 140
Trd, 4319964.243, 140
Trd, 4319964.993, 139
Trd, 4319968.193, 132
Trd, 4319968.743, 134
Trd, 4319968.943, 133
Trd, 4319969.343, 134
Trd, 4319970.493, 136
Trd, 4319971.343, 138
Trd, 4319971.643, 137
Trd, 4319972.143, 135
Trd, 4319973.943, 79
Trd, 4319975.743, 140
Trd, 4319976.993, 140
Trd, 4319977.093, 140
Trd, 4319977.743, 140
Trd, 4319978.143, 140
Trd, 4319980.443, 140
Trd, 4319981.793, 140
Trd, 4319982.543, 140
Trd, 4319982.893, 140
Trd, 4319983.243, 140
Trd, 4319983.443, 140
Trd, 4319984.643, 140
Trd, 4319985.543, 140
Trd, 4319987.143, 140
Trd, 4319987.293, 140
Trd, 4319988.993, 140
Trd, 4319989.043, 140
Trd, 4319989.943, 140
Trd, 4319990.143, 140
Trd, 4319990.193, 140
Trd, 4319991.993, 140
Trd, 4319992.493, 140
Trd, 4319992.893, 139
Trd, 4319993.543, 100
Trd, 4319994.893, 84
Trd, 4319995.393, 87
Trd, 4319997.493, 60
Trd, 4319997.693, 60
Trd, 4319998.393, 60
Trd, 4319999.743, 64
Trd, 4319999.893, 119
