Trd, 4318076.193, 140
Trd, 4318076.293, 140
Trd, 4318076.493, 140
Trd, 4318076.993, 139
Trd, 4318077.593, 134
Trd, 4318078.343, 140
Trd, 4318079.293, 140
Trd, 4318081.143, 140
Trd, 4318081.693, 127
Trd, 4318082.393, 140
Trd, 4318082.593, 140
Trd, 4318082.943, 139
Trd, 4318083.093, 133
Trd, 4318083.143, 85
Trd, 4318083.793, 140
Trd, 4318083.843, 140
Trd, 4318084.893, 72
Trd, 4318085.843, 138
Trd, 4318087.043, 140
Trd, 4318088.743, 135
Trd, 4318089.043, 138
Trd, 4318089.143, 139
Trd, 4318089.443, 134
Trd, 4318089.493, 133
Trd, 4318092.243, 140
Trd, 4318092.593, 140
Trd, 4318092.793, 140
Trd, 4318095.093, 140
Trd, 4318095.543, 140
Trd, 4318097.193, 140
Trd, 4318097.243, 140
Trd, 4318098.143, 140
Trd, 4318098.393, 140
Trd, 4318098.843, 140
Trd, 4318099.693, 139
Trd, 4318100.643, 140
Trd, 4318101.093, 139
Trd, 4318102.893, 140
Trd, 4318103.343, 140
Trd, 4318104.093, 139
Trd, 4318104.293, 138
Trd, 4318105.093, 140
Trd, 4318105.193, 140
Trd, 4318106.243, 138
Trd, 4318107.293, 60
Trd, 4318107.793, 126
Trd, 4318110.243, 140
Trd, 4318111.343, 140
Trd, 4318111.593, 140
Trd, 4318112.043, 140
Trd, 4318112.393, 140
Trd, 4318112.943, 140
Trd, 4318114.393, 140
Trd, 4318115.093, 138
Trd, 4318115.793, 140
Trd, 4318116.043, 140
Trd, 4318117.593, 140
Trd, 4318118.993, 140
Trd, 4318119.443, 140
Trd, 4318120.343, 140
Trd, 4318120.393, 140
Trd, 4318120.843, 140
Trd, 4318121.143, 140
Trd, 4318121.293, 138
Trd, 4318122.493, 139
Trd, 4318123.093, 140
Trd, 4318124.393, 127
Trd, 4318125.843, 140
Trd, 4318126.943, 140
Trd, 4318127.993, 140
Trd, 4318128.143, 140
Trd, 4318129.243, 140
Trd, 4318129.593, 140
Trd, 4318129.793, 140
Trd, 4318131.843, 140
Trd, 4318132.093, 140
Trd, 4318132.493, 140
Trd, 4318132.793, 140
Trd, 4318134.543, 140
Trd, 4318136.043, 140
Trd, 4318136.943, 140
Trd, 4318137.243, 140
Trd, 4318138.293, 140
Trd, 4318140.043, 140
Trd, 4318140.943, 140
Trd, 4318141.193, 140
Trd, 4318141.543, 140
Trd, 4318143.143, 140
Trd, 4318144.143, 140
Trd, 4318145.993, 140
Trd, 4318146.143, 140
Trd, 4318146.993, 140
Trd, 4318147.693, 140
Trd, 4318148.093, 140
Trd, 4318148.943, 140
Trd, 4318150.043, 140
Trd, 4318151.493, 140
Trd, 4318152.393, 140
Trd, 4318152.743, 140
Trd, 4318152.843, 139
Trd, 4318154.243, 140
Trd, 4318154.643, 140
Trd, 4318155.293, 140
Trd, 4318155.343, 140
Trd, 4318156.093, 140
Trd, 4318156.843, 140
Trd, 4318159.143, 140
Trd, 4318159.243, 140
Trd, 4318159.793, 140
Trd, 4318159.843, 139
Trd, 4318160.743, 140
Trd, 4318162.193, 140
Trd, 4318162.793, 140
Trd, 4318164.843, 140
Trd, 4318165.443, 140
Trd, 4318166.393, 140
Trd, 4318166.593, 140
Trd, 4318166.893, 140
Trd, 4318167.293, 123
Trd, 4318168.393, 139
Trd, 4318168.543, 139
Trd, 4318171.543, 140
Trd, 4318171.693, 140
Trd, 4318172.443, 140
Trd, 4318174.643, 140
Trd, 4318175.493, 140
Trd, 4318176.543, 140
Trd, 4318176.743, 140
Trd, 4318177.643, 140
Trd, 4318177.893, 140
Trd, 4318179.893, 140
Trd, 4318180.343, 140
Trd, 4318181.943, 140
Trd, 4318183.193, 140
Trd, 4318183.443, 140
Trd, 4318184.393, 140
Trd, 4318185.093, 139
Trd, 4318185.943, 140
Trd, 4318186.243, 139
Trd, 4318186.343, 134
Trd, 4318187.093, 140
Trd, 4318187.293, 139
Trd, 4318187.993, 105
Trd, 4318189.843, 85
Trd, 4318190.043, 95
Trd, 4318190.143, 96
Trd, 4318191.193, 132
Trd, 4318192.093, 140
Trd, 4318193.493, 140
Trd, 4318193.843, 140
Trd, 4318194.443, 139
Trd, 4318195.793, 140
Trd, 4318196.643, 140
Trd, 4318197.293, 139
Trd, 4318199.093, 60
Trd, 4318199.693, 64
Trd, 4318199.793, 70
Trd, 4318200.193, 73
Trd, 4318200.643, 63
Trd, 4318201.393, 62
Trd, 4318203.893, 140
Trd, 4318204.193, 140
Trd, 4318204.293, 138
Trd, 4318204.543, 140
Trd, 4318205.743, 140
Trd, 4318205.943, 140
Trd, 4318206.043, 139
Trd, 4318207.493, 113
Trd, 4318208.043, 139
Trd, 4318210.743, 140
Trd, 4318211.293, 140
Trd, 4318211.443, 140
Trd, 4318211.743, 140
Trd, 4318211.843, 139
Trd, 4318212.643, 140
Trd, 4318212.943, 139
Trd, 4318213.593, 140
Trd, 4318214.193, 102
Trd, 4318216.243, 140
Trd, 4318216.743, 140
Trd, 4318217.043, 139
Trd, 4318218.743, 134
Trd, 4318218.843, 133
Trd, 4318219.743, 139
Trd, 4318219.993, 120
Trd, 4318221.043, 138
Trd, 4318221.893, 123
Trd, 4318223.293, 140
Trd, 4318223.543, 140
Trd, 4318224.293, 140
Trd, 4318224.393, 140
Trd, 4318224.643, 140
Trd, 4318226.443, 140
Trd, 4318226.693, 140
Trd, 4318227.343, 140
Trd, 4318228.143, 140
Trd, 4318228.943, 139
Trd, 4318230.393, 140
Trd, 4318231.043, 140
Trd, 4318231.993, 140
Trd, 4318232.043, 139
Trd, 4318232.793, 135
Trd, 4318233.493, 140
Trd, 4318234.743, 140
Trd, 4318235.593, 140
Trd, 4318236.093, 140
Trd, 4318237.193, 140
Trd, 4318237.943, 140
Trd, 4318238.693, 140
Trd, 4318239.593, 140
Trd, 4318239.843, 140
Trd, 4318239.943, 96
Trd, 4318241.043, 126
Trd, 4318242.793, 140
Trd, 4318243.293, 140
Trd, 4318244.343, 140
Trd, 4318244.493, 140
Trd, 4318244.643, 140
Trd, 4318244.793, 139
Trd, 4318246.993, 140
Trd, 4318247.493, 140
Trd, 4318247.843, 140
Trd, 4318248.743, 140
Trd, 4318248.843, 140
Trd, 4318249.743, 140
Trd, 4318250.043, 140
Trd, 4318252.093, 140
Trd, 4318252.143, 140
Trd, 4318252.693, 140
Trd, 4318254.243, 140
Trd, 4318255.493, 140
Trd, 4318256.343, 140
Trd, 4318257.243, 140
Trd, 4318258.293, 140
Trd, 4318258.843, 140
Trd, 4318260.493, 140
Trd, 4318261.093, 140
Trd, 4318261.293, 140
Trd, 4318261.593, 140
Trd, 4318261.943, 140
Trd, 4318262.293, 140
Trd, 4318264.343, 138
Trd, 4318264.393, 136
Trd, 4318266.843, 140
Trd, 4318267.143, 139
Trd, 4318267.193, 136
Trd, 4318267.943, 140
Trd, 4318267.993, 140
Trd, 4318268.193, 138
Trd, 4318269.293, 140
Trd, 4318269.443, 140
Trd, 4318271.243, 140
Trd, 4318271.643, 140
Trd, 4318271.893, 140
Trd, 4318272.993, 139
Trd, 4318274.293, 140
Trd, 4318274.693, 140
Trd, 4318275.493, 140
Trd, 4318276.193, 140
Trd, 4318276.743, 140
Trd, 4318276.793, 140
Trd, 4318277.043, 140
Trd, 4318277.393, 140
Trd, 4318278.443, 140
Trd, 4318279.743, 140
Trd, 4318280.043, 140
Trd, 4318280.643, 140
Trd, 4318283.593, 140
Trd, 4318284.393, 140
Trd, 4318284.993, 140
Trd, 4318285.443, 140
Trd, 4318285.893, 140
Trd, 4318286.043, 140
Trd, 4318289.193, 140
Trd, 4318289.243, 140
Trd, 4318290.443, 140
Trd, 4318290.493, 140
Trd, 4318291.593, 140
Trd, 4318293.043, 140
Trd, 4318293.643, 140
Trd, 4318295.443, 140
Trd, 4318295.643, 140
Trd, 4318295.893, 140
Trd, 4318296.593, 140
Trd, 4318297.293, 140
Trd, 4318297.693, 139
Trd, 4318297.843, 135
Trd, 4318299.093, 140
Trd, 4318299.393, 140
Trd, 4318299.693, 140
Trd, 4318301.193, 140
Trd, 4318302.043, 140
Trd, 4318302.843, 140
Trd, 4318302.893, 140
Trd, 4318303.293, 140
Trd, 4318304.893, 140
Trd, 4318306.093, 140
Trd, 4318306.593, 140
Trd, 4318307.493, 140
Trd, 4318307.993, 140
Trd, 4318308.743, 140
Trd, 4318310.093, 140
Trd, 4318310.243, 140
Trd, 4318311.343, 140
Trd, 4318311.893, 140
Trd, 4318312.643, 140
Trd, 4318313.393, 140
Trd, 4318314.193, 140
Trd, 4318314.793, 140
Trd, 4318315.043, 140
Trd, 4318315.293, 140
Trd, 4318318.193, 140
Trd, 4318318.543, 140
Trd, 4318319.143, 140
Trd, 4318320.693, 139
Trd, 4318322.893, 140
Trd, 4318322.993, 140
Trd, 4318323.193, 140
Trd, 4318324.043, 140
Trd, 4318324.393, 140
Trd, 4318326.843, 140
Trd, 4318326.893, 140
Trd, 4318327.843, 140
Trd, 4318329.043, 140
Trd, 4318329.493, 140
Trd, 4318330.993, 140
Trd, 4318332.743, 140
Trd, 4318333.043, 140
Trd, 4318333.393, 140
Trd, 4318333.643, 140
Trd, 4318334.043, 138
Trd, 4318335.943, 140
Trd, 4318336.293, 140
Trd, 4318336.643, 140
Trd, 4318337.043, 140
Trd, 4318339.893, 140
Trd, 4318340.193, 140
Trd, 4318340.843, 139
Trd, 4318341.743, 140
Trd, 4318343.393, 140
Trd, 4318344.443, 140
Trd, 4318344.543, 140
Trd, 4318344.893, 140
Trd, 4318345.043, 140
Trd, 4318345.093, 140
Trd, 4318347.043, 140
Trd, 4318347.243, 139
Trd, 4318348.593, 140
Trd, 4318348.693, 140
Trd, 4318349.843, 140
Trd, 4318350.293, 139
Trd, 4318350.393, 119
Trd, 4318351.243, 84
Trd, 4318351.993, 139
Trd, 4318353.493, 140
Trd, 4318353.793, 140
Trd, 4318354.343, 140
Trd, 4318355.093, 140
Trd, 4318355.993, 140
Trd, 4318356.293, 140
Trd, 4318357.743, 140
Trd, 4318358.293, 140
Trd, 4318359.443, 140
Trd, 4318360.843, 140
Trd, 4318361.393, 140
Trd, 4318361.893, 140
Trd, 4318362.743, 140
Trd, 4318363.593, 140
Trd, 4318364.643, 140
Trd, 4318365.093, 138
Trd, 4318365.493, 130
Trd, 4318365.793, 130
Trd, 4318366.543, 115
Trd, 4318367.593, 140
Trd, 4318368.293, 140
Trd, 4318369.493, 140
Trd, 4318369.993, 140
Trd, 4318370.793, 140
Trd, 4318371.093, 140
Trd, 4318372.443, 140
Trd, 4318373.043, 140
Trd, 4318373.193, 140
Trd, 4318373.843, 140
Trd, 4318374.493, 139
Trd, 4318375.393, 140
Trd, 4318377.693, 140
Trd, 4318377.993, 140
Trd, 4318378.493, 140
Trd, 4318379.093, 140
Trd, 4318379.843, 139
Trd, 4318381.093, 140
Trd, 4318382.793, 140
Trd, 4318383.043, 140
Trd, 4318383.093, 140
Trd, 4318383.443, 140
Trd, 4318384.943, 140
Trd, 4318385.293, 140
Trd, 4318385.593, 140
Trd, 4318386.693, 140
Trd, 4318387.593, 140
Trd, 4318387.793, 140
Trd, 4318388.593, 140
Trd, 4318388.843, 140
Trd, 4318388.993, 140
Trd, 4318390.343, 140
Trd, 4318390.543, 140
Trd, 4318391.493, 139
Trd, 4318391.593, 139
Trd, 4318393.143, 139
Trd, 4318393.743, 140
Trd, 4318393.843, 140
Trd, 4318394.393, 140
Trd, 4318395.143, 140
Trd, 4318395.493, 140
Trd, 4318396.043, 140
Trd, 4318397.193, 140
Trd, 4318397.343, 140
Trd, 4318398.093, 139
Trd, 4318399.143, 63
Trd, 4318400.393, 114
Trd, 4318400.693, 137
Trd, 4318400.893, 81
Trd, 4318401.393, 139
Trd, 4318402.343, 95
Trd, 4318403.093, 78
Trd, 4318403.143, 85
Trd, 4318405.193, 138
Trd, 4318407.393, 140
Trd, 4318407.693, 140
Trd, 4318407.843, 140
Trd, 4318407.993, 140
Trd, 4318409.043, 140
Trd, 4318409.543, 140
Trd, 4318410.743, 140
Trd, 4318411.343, 140
Trd, 4318412.943, 140
Trd, 4318413.593, 140
Trd, 4318414.043, 140
Trd, 4318414.443, 140
Trd, 4318414.843, 139
Trd, 4318415.393, 139
Trd, 4318416.143, 140
Trd, 4318417.043, 140
Trd, 4318418.043, 140
Trd, 4318418.793, 140
Trd, 4318419.393, 139
Trd, 4318420.093, 140
Trd, 4318420.243, 139
Trd, 4318420.343, 99
Trd, 4318421.893, 140
Trd, 4318421.993, 140
Trd, 4318422.693, 140
Trd, 4318423.343, 138
Trd, 4318423.893, 116
Trd, 4318425.843, 140
Trd, 4318426.293, 140
Trd, 4318426.743, 140
Trd, 4318427.443, 135
Trd, 4318428.893, 140
Trd, 4318429.193, 140
Trd, 4318429.243, 140
Trd, 4318429.693, 140
Trd, 4318431.943, 140
Trd, 4318432.143, 140
Trd, 4318433.043, 140
Trd, 4318434.093, 140
Trd, 4318434.793, 140
Trd, 4318435.843, 139
Trd, 4318435.993, 139
Trd, 4318436.793, 138
Trd, 4318439.393, 140
Trd, 4318439.593, 140
Trd, 4318439.943, 140
Trd, 4318440.093, 140
Trd, 4318441.943, 140
Trd, 4318441.993, 136
Trd, 4318442.343, 140
Trd, 4318443.543, 140
Trd, 4318443.643, 140
Trd, 4318444.593, 140
Trd, 4318444.643, 140
Trd, 4318445.043, 139
Trd, 4318446.143, 140
Trd, 4318448.243, 140
Trd, 4318448.593, 140
Trd, 4318449.093, 140
Trd, 4318449.193, 140
Trd, 4318450.793, 140
Trd, 4318451.743, 140
Trd, 4318453.343, 140
Trd, 4318453.493, 140
Trd, 4318454.643, 140
Trd, 4318455.443, 140
Trd, 4318456.793, 140
Trd, 4318456.893, 140
Trd, 4318457.843, 140
Trd, 4318458.993, 140
Trd, 4318459.093, 140
Trd, 4318459.593, 140
Trd, 4318460.193, 140
Trd, 4318460.393, 140
Trd, 4318461.343, 140
Trd, 4318461.443, 140
Trd, 4318462.943, 140
Trd, 4318464.043, 140
Trd, 4318464.493, 140
Trd, 4318466.043, 140
Trd, 4318468.143, 140
Trd, 4318468.393, 140
Trd, 4318468.493, 140
Trd, 4318468.643, 139
Trd, 4318470.743, 140
Trd, 4318471.143, 140
Trd, 4318471.493, 140
Trd, 4318473.393, 140
Trd, 4318474.443, 140
Trd, 4318477.443, 140
Trd, 4318477.993, 140
Trd, 4318478.593, 140
Trd, 4318479.943, 140
Trd, 4318479.993, 140
Trd, 4318480.193, 140
Trd, 4318481.793, 140
Trd, 4318483.443, 140
Trd, 4318483.593, 140
Trd, 4318484.293, 140
Trd, 4318485.043, 140
Trd, 4318485.193, 140
Trd, 4318485.443, 140
Trd, 4318486.693, 140
Trd, 4318486.993, 140
Trd, 4318487.093, 139
Trd, 4318487.593, 138
Trd, 4318488.993, 127
Trd, 4318489.593, 139
Trd, 4318490.943, 140
Trd, 4318491.093, 140
Trd, 4318492.043, 140
Trd, 4318492.243, 139
Trd, 4318494.243, 140
Trd, 4318496.393, 140
Trd, 4318496.543, 139
Trd, 4318497.143, 139
Trd, 4318498.843, 140
Trd, 4318500.393, 140
Trd, 4318501.043, 140
Trd, 4318502.743, 140
Trd, 4318504.393, 140
Trd, 4318504.643, 140
Trd, 4318506.393, 140
Trd, 4318506.593, 140
Trd, 4318506.793, 140
Trd, 4318506.843, 137
Trd, 4318509.393, 140
Trd, 4318509.593, 140
Trd, 4318510.293, 140
Trd, 4318511.793, 140
Trd, 4318512.743, 140
Trd, 4318513.243, 140
Trd, 4318513.943, 140
Trd, 4318515.443, 140
Trd, 4318516.493, 140
Trd, 4318517.593, 140
Trd, 4318518.643, 140
Trd, 4318518.843, 139
Trd, 4318520.343, 140
Trd, 4318520.693, 140
Trd, 4318520.943, 140
Trd, 4318522.493, 140
Trd, 4318522.943, 140
Trd, 4318524.393, 140
Trd, 4318524.993, 140
Trd, 4318525.543, 140
Trd, 4318525.743, 140
Trd, 4318525.843, 140
Trd, 4318526.593, 136
Trd, 4318526.943, 137
Trd, 4318527.543, 135
Trd, 4318528.543, 123
Trd, 4318528.593, 65
Trd, 4318531.293, 140
Trd, 4318531.743, 139
Trd, 4318532.293, 140
Trd, 4318532.393, 140
Trd, 4318532.793, 139
Trd, 4318533.293, 137
Trd, 4318535.043, 125
Trd, 4318535.193, 124
Trd, 4318537.393, 140
Trd, 4318540.293, 140
Trd, 4318540.793, 140
Trd, 4318541.243, 140
Trd, 4318542.993, 140
Trd, 4318543.193, 140
Trd, 4318544.093, 140
Trd, 4318544.343, 140
Trd, 4318544.493, 140
Trd, 4318544.743, 140
Trd, 4318547.293, 140
Trd, 4318547.893, 140
Trd, 4318547.993, 140
Trd, 4318548.193, 140
Trd, 4318549.043, 138
Trd, 4318549.093, 138
Trd, 4318550.093, 137
Trd, 4318550.943, 67
Trd, 4318552.143, 140
Trd, 4318553.893, 140
Trd, 4318554.093, 140
Trd, 4318555.093, 140
Trd, 4318555.293, 140
Trd, 4318556.243, 117
Trd, 4318558.793, 140
Trd, 4318559.093, 140
Trd, 4318559.843, 140
Trd, 4318560.143, 140
Trd, 4318561.043, 140
Trd, 4318562.143, 140
Trd, 4318564.343, 140
Trd, 4318564.893, 140
Trd, 4318566.093, 140
Trd, 4318566.143, 140
Trd, 4318566.443, 140
Trd, 4318567.793, 140
Trd, 4318567.843, 140
Trd, 4318569.143, 140
Trd, 4318569.193, 140
Trd, 4318569.493, 140
Trd, 4318570.693, 140
Trd, 4318572.093, 140
Trd, 4318573.143, 140
Trd, 4318574.293, 140
Trd, 4318575.893, 140
Trd, 4318576.293, 140
Trd, 4318576.343, 140
Trd, 4318577.493, 131
Trd, 4318577.843, 66
Trd, 4318578.143, 61
Trd, 4318579.543, 140
Trd, 4318579.793, 140
Trd, 4318579.993, 140
Trd, 4318580.043, 140
Trd, 4318580.693, 128
Trd, 4318582.443, 140
Trd, 4318583.343, 140
Trd, 4318583.843, 140
Trd, 4318583.943, 91
Trd, 4318586.393, 140
Trd, 4318587.343, 140
Trd, 4318587.693, 140
Trd, 4318589.093, 140
Trd, 4318589.193, 140
Trd, 4318590.093, 140
Trd, 4318591.193, 140
Trd, 4318591.393, 140
Trd, 4318591.893, 140
Trd, 4318593.043, 140
Trd, 4318594.243, 140
Trd, 4318595.093, 140
Trd, 4318595.443, 140
Trd, 4318596.893, 140
Trd, 4318597.793, 140
Trd, 4318598.893, 140
Trd, 4318599.443, 140
Trd, 4318600.593, 140
Trd, 4318600.643, 140
Trd, 4318601.493, 140
Trd, 4318602.843, 140
Trd, 4318603.743, 140
Trd, 4318604.043, 140
Trd, 4318604.193, 140
Trd, 4318605.193, 139
Trd, 4318605.843, 140
Trd, 4318606.493, 140
Trd, 4318607.293, 140
Trd, 4318608.393, 140
Trd, 4318608.543, 140
Trd, 4318609.143, 140
Trd, 4318609.393, 140
Trd, 4318609.443, 140
Trd, 4318609.643, 139
Trd, 4318611.193, 140
Trd, 4318611.743, 140
Trd, 4318613.743, 139
Trd, 4318614.993, 140
Trd, 4318615.243, 140
Trd, 4318615.593, 140
Trd, 4318616.543, 140
Trd, 4318618.643, 140
Trd, 4318618.843, 140
Trd, 4318618.993, 140
Trd, 4318619.293, 140
Trd, 4318619.993, 140
Trd, 4318620.093, 139
Trd, 4318621.693, 140
Trd, 4318622.193, 140
Trd, 4318622.943, 140
Trd, 4318623.493, 140
Trd, 4318624.593, 140
Trd, 4318625.393, 140
Trd, 4318625.643, 140
Trd, 4318626.043, 139
Trd, 4318627.293, 140
Trd, 4318628.593, 140
Trd, 4318629.693, 140
Trd, 4318630.193, 140
Trd, 4318630.843, 140
Trd, 4318631.893, 67
Trd, 4318632.643, 128
Trd, 4318633.293, 83
Trd, 4318633.793, 83
Trd, 4318634.093, 82
Trd, 4318634.793, 140
Trd, 4318636.593, 117
Trd, 4318636.843, 94
Trd, 4318637.943, 140
Trd, 4318638.393, 139
Trd, 4318638.743, 94
Trd, 4318640.643, 140
Trd, 4318641.543, 140
Trd, 4318641.643, 140
Trd, 4318642.243, 140
Trd, 4318642.843, 140
Trd, 4318644.243, 140
Trd, 4318644.843, 140
Trd, 4318644.993, 139
Trd, 4318645.643, 122
Trd, 4318648.743, 140
Trd, 4318649.243, 140
Trd, 4318649.393, 140
Trd, 4318649.493, 140
Trd, 4318650.143, 140
Trd, 4318651.193, 140
Trd, 4318652.043, 140
Trd, 4318652.293, 140
Trd, 4318652.743, 140
Trd, 4318652.793, 140
Trd, 4318654.293, 140
Trd, 4318655.593, 140
Trd, 4318655.793, 140
Trd, 4318655.893, 140
Trd, 4318657.043, 140
Trd, 4318657.743, 140
Trd, 4318658.343, 140
Trd, 4318659.693, 140
Trd, 4318661.593, 140
Trd, 4318663.193, 140
Trd, 4318663.943, 140
Trd, 4318664.493, 140
Trd, 4318665.193, 140
Trd, 4318665.843, 140
Trd, 4318665.893, 140
Trd, 4318667.643, 140
Trd, 4318667.693, 140
Trd, 4318668.843, 140
Trd, 4318669.093, 140
Trd, 4318670.393, 140
Trd, 4318672.593, 140
Trd, 4318673.393, 140
Trd, 4318673.543, 140
Trd, 4318674.243, 140
Trd, 4318675.893, 140
Trd, 4318676.343, 140
Trd, 4318677.093, 140
Trd, 4318677.743, 140
Trd, 4318678.443, 140
Trd, 4318678.793, 140
Trd, 4318680.143, 140
Trd, 4318680.393, 140
Trd, 4318681.293, 140
Trd, 4318681.593, 140
Trd, 4318682.443, 140
Trd, 4318684.093, 140
Trd, 4318684.343, 140
Trd, 4318684.493, 140
Trd, 4318684.843, 140
Trd, 4318685.443, 140
Trd, 4318685.643, 140
Trd, 4318685.843, 136
Trd, 4318687.293, 140
Trd, 4318689.993, 140
Trd, 4318690.543, 140
Trd, 4318690.643, 140
Trd, 4318690.793, 140
Trd, 4318690.893, 140
Trd, 4318692.043, 140
Trd, 4318693.543, 140
Trd, 4318694.393, 140
Trd, 4318694.643, 140
Trd, 4318694.693, 140
Trd, 4318695.843, 140
Trd, 4318696.043, 140
Trd, 4318697.743, 140
Trd, 4318698.443, 140
Trd, 4318699.393, 140
Trd, 4318699.993, 140
Trd, 4318700.543, 140
Trd, 4318701.643, 140
Trd, 4318703.443, 140
Trd, 4318704.643, 140
Trd, 4318705.093, 140
Trd, 4318705.343, 140
Trd, 4318706.193, 140
Trd, 4318706.443, 140
Trd, 4318706.893, 140
Trd, 4318707.593, 140
Trd, 4318708.393, 140
Trd, 4318708.743, 140
Trd, 4318709.093, 140
Trd, 4318709.143, 139
Trd, 4318710.543, 139
Trd, 4318711.643, 138
Trd, 4318713.543, 140
Trd, 4318713.593, 140
Trd, 4318713.843, 140
Trd, 4318714.643, 140
Trd, 4318715.993, 139
Trd, 4318716.893, 138
Trd, 4318717.893, 139
Trd, 4318718.843, 140
Trd, 4318719.943, 140
Trd, 4318721.243, 140
Trd, 4318722.443, 140
Trd, 4318722.643, 140
Trd, 4318723.393, 140
Trd, 4318723.543, 140
Trd, 4318723.743, 140
Trd, 4318724.593, 140
Trd, 4318725.493, 140
Trd, 4318726.693, 140
Trd, 4318727.843, 140
Trd, 4318728.193, 140
Trd, 4318728.543, 140
Trd, 4318728.693, 139
Trd, 4318728.843, 123
Trd, 4318730.243, 140
Trd, 4318732.993, 140
Trd, 4318733.643, 140
Trd, 4318734.643, 140
Trd, 4318735.643, 140
Trd, 4318735.843, 140
Trd, 4318736.793, 140
Trd, 4318738.743, 140
Trd, 4318738.843, 140
Trd, 4318738.943, 140
Trd, 4318739.593, 140
Trd, 4318740.043, 140
Trd, 4318740.293, 140
Trd, 4318741.093, 140
Trd, 4318742.143, 140
Trd, 4318744.393, 140
Trd, 4318744.493, 140
Trd, 4318744.543, 139
Trd, 4318744.643, 111
Trd, 4318747.093, 140
Trd, 4318747.293, 140
Trd, 4318747.643, 140
Trd, 4318748.693, 140
Trd, 4318749.093, 140
Trd, 4318749.443, 140
Trd, 4318749.493, 138
Trd, 4318751.743, 140
Trd, 4318753.743, 140
Trd, 4318754.593, 140
Trd, 4318755.793, 140
Trd, 4318756.343, 140
Trd, 4318756.543, 140
Trd, 4318756.893, 140
Trd, 4318756.993, 139
Trd, 4318757.793, 137
Trd, 4318759.993, 140
Trd, 4318760.693, 140
Trd, 4318760.843, 140
Trd, 4318761.543, 140
Trd, 4318763.643, 140
Trd, 4318764.293, 140
Trd, 4318764.343, 140
Trd, 4318765.493, 140
Trd, 4318765.643, 140
Trd, 4318765.943, 140
Trd, 4318768.793, 140
Trd, 4318769.393, 140
Trd, 4318769.493, 140
Trd, 4318769.693, 133
Trd, 4318770.793, 140
Trd, 4318770.893, 140
Trd, 4318772.043, 140
Trd, 4318772.893, 140
Trd, 4318774.443, 140
Trd, 4318774.943, 140
Trd, 4318774.993, 140
Trd, 4318775.193, 137
Trd, 4318776.793, 140
Trd, 4318776.943, 137
Trd, 4318777.543, 140
Trd, 4318778.043, 139
Trd, 4318779.843, 140
Trd, 4318781.593, 140
Trd, 4318783.943, 140
Trd, 4318784.193, 140
Trd, 4318784.393, 140
Trd, 4318786.093, 140
Trd, 4318786.993, 140
Trd, 4318787.193, 140
Trd, 4318788.943, 140
Trd, 4318789.043, 140
Trd, 4318789.193, 139
Trd, 4318790.493, 140
Trd, 4318791.193, 140
Trd, 4318792.643, 140
Trd, 4318792.793, 140
Trd, 4318793.143, 140
Trd, 4318795.393, 140
Trd, 4318795.743, 140
Trd, 4318796.293, 140
Trd, 4318798.143, 140
Trd, 4318798.293, 140
Trd, 4318799.393, 140
Trd, 4318799.893, 140
Trd, 4318800.093, 140
Trd, 4318800.643, 137
Trd, 4318801.543, 140
Trd, 4318802.193, 139
Trd, 4318802.643, 83
Trd, 4318804.193, 139
Trd, 4318804.243, 132
Trd, 4318805.543, 139
Trd, 4318806.343, 140
Trd, 4318807.243, 140
Trd, 4318807.643, 140
Trd, 4318809.693, 140
Trd, 4318810.493, 140
Trd, 4318810.593, 138
Trd, 4318811.743, 62
Trd, 4318812.243, 64
Trd, 4318812.393, 65
Trd, 4318813.443, 140
Trd, 4318813.493, 140
Trd, 4318814.743, 140
Trd, 4318815.043, 139
Trd, 4318815.193, 137
Trd, 4318817.543, 140
Trd, 4318817.743, 140
Trd, 4318818.243, 140
Trd, 4318820.743, 140
Trd, 4318820.843, 140
Trd, 4318821.043, 140
Trd, 4318821.543, 140
Trd, 4318821.743, 139
Trd, 4318823.293, 140
Trd, 4318823.643, 140
Trd, 4318824.693, 140
Trd, 4318826.043, 140
Trd, 4318826.343, 140
Trd, 4318827.543, 140
Trd, 4318827.693, 140
Trd, 4318829.143, 140
Trd, 4318829.843, 140
Trd, 4318830.093, 140
Trd, 4318830.893, 140
Trd, 4318831.343, 140
Trd, 4318833.093, 140
Trd, 4318833.193, 140
Trd, 4318834.493, 140
Trd, 4318834.993, 140
Trd, 4318835.143, 140
Trd, 4318836.993, 140
Trd, 4318837.193, 140
Trd, 4318837.243, 140
Trd, 4318838.143, 140
Trd, 4318839.393, 140
Trd, 4318839.693, 140
Trd, 4318840.593, 140
Trd, 4318843.493, 140
Trd, 4318843.643, 140
Trd, 4318843.743, 140
Trd, 4318844.343, 140
Trd, 4318845.493, 140
Trd, 4318846.843, 140
Trd, 4318847.293, 140
Trd, 4318847.743, 140
Trd, 4318848.893, 140
Trd, 4318849.093, 140
Trd, 4318849.443, 140
Trd, 4318849.693, 140
Trd, 4318850.493, 140
Trd, 4318850.843, 138
Trd, 4318851.093, 123
Trd, 4318852.193, 140
Trd, 4318853.093, 139
Trd, 4318853.543, 138
Trd, 4318853.643, 87
Trd, 4318855.893, 140
Trd, 4318856.643, 140
Trd, 4318857.443, 140
Trd, 4318857.543, 139
Trd, 4318857.993, 140
Trd, 4318858.543, 140
Trd, 4318858.843, 140
Trd, 4318861.993, 140
Trd, 4318862.043, 139
Trd, 4318862.543, 140
Trd, 4318862.943, 140
Trd, 4318864.393, 140
Trd, 4318864.493, 140
Trd, 4318865.093, 140
Trd, 4318867.243, 140
Trd, 4318867.893, 140
Trd, 4318869.643, 140
Trd, 4318870.193, 140
Trd, 4318871.143, 140
Trd, 4318871.793, 140
Trd, 4318872.043, 140
Trd, 4318872.993, 140
Trd, 4318874.593, 140
Trd, 4318874.643, 140
Trd, 4318874.843, 140
Trd, 4318875.393, 140
Trd, 4318875.893, 140
Trd, 4318876.093, 140
Trd, 4318877.293, 140
Trd, 4318878.493, 140
Trd, 4318878.643, 140
Trd, 4318879.493, 140
Trd, 4318880.743, 140
Trd, 4318881.793, 140
Trd, 4318882.343, 140
Trd, 4318883.293, 140
Trd, 4318883.793, 140
Trd, 4318884.293, 139
Trd, 4318884.443, 130
Trd, 4318884.843, 68
Trd, 4318886.193, 61
Trd, 4318887.743, 140
Trd, 4318888.293, 140
Trd, 4318890.593, 140
Trd, 4318891.543, 140
Trd, 4318891.693, 140
Trd, 4318891.943, 140
Trd, 4318892.793, 140
Trd, 4318893.443, 140
Trd, 4318893.893, 140
Trd, 4318894.893, 140
Trd, 4318895.143, 140
Trd, 4318895.193, 136
Trd, 4318895.893, 140
Trd, 4318896.393, 138
Trd, 4318896.993, 140
Trd, 4318897.943, 140
Trd, 4318898.993, 140
Trd, 4318899.393, 140
Trd, 4318900.093, 140
Trd, 4318900.293, 140
Trd, 4318903.493, 140
Trd, 4318904.793, 140
Trd, 4318906.243, 140
Trd, 4318906.343, 140
Trd, 4318907.293, 140
Trd, 4318908.593, 140
Trd, 4318908.793, 140
Trd, 4318908.893, 140
Trd, 4318909.693, 140
Trd, 4318909.743, 140
Trd, 4318910.693, 140
Trd, 4318910.893, 140
Trd, 4318912.293, 140
Trd, 4318913.493, 140
Trd, 4318914.443, 140
Trd, 4318914.593, 140
Trd, 4318914.743, 139
Trd, 4318916.093, 140
Trd, 4318916.943, 140
Trd, 4318917.443, 139
Trd, 4318917.643, 140
Trd, 4318919.043, 140
Trd, 4318919.793, 140
Trd, 4318920.193, 136
Trd, 4318922.993, 140
Trd, 4318923.743, 140
Trd, 4318923.893, 140
Trd, 4318924.893, 140
Trd, 4318925.093, 140
Trd, 4318926.343, 138
Trd, 4318926.693, 132
Trd, 4318927.243, 140
Trd, 4318927.393, 140
Trd, 4318929.193, 140
Trd, 4318930.343, 140
Trd, 4318930.743, 140
Trd, 4318931.493, 139
Trd, 4318932.593, 140
Trd, 4318933.693, 140
Trd, 4318934.643, 140
Trd, 4318936.293, 140
Trd, 4318936.743, 140
Trd, 4318937.143, 140
Trd, 4318940.743, 140
Trd, 4318940.893, 140
Trd, 4318942.043, 140
Trd, 4318942.393, 140
Trd, 4318943.643, 140
Trd, 4318943.793, 140
Trd, 4318945.793, 140
Trd, 4318946.843, 140
Trd, 4318949.893, 140
Trd, 4318950.543, 140
Trd, 4318951.043, 140
Trd, 4318951.393, 140
Trd, 4318952.193, 140
Trd, 4318952.593, 139
Trd, 4318953.243, 140
Trd, 4318955.193, 140
Trd, 4318955.693, 140
Trd, 4318955.993, 140
Trd, 4318957.793, 140
Trd, 4318959.043, 140
Trd, 4318959.143, 140
Trd, 4318959.393, 140
Trd, 4318960.043, 140
Trd, 4318961.293, 140
Trd, 4318961.743, 140
Trd, 4318962.543, 140
Trd, 4318963.843, 140
Trd, 4318964.693, 140
Trd, 4318964.993, 139
Trd, 4318965.243, 139
Trd, 4318966.343, 140
Trd, 4318966.693, 140
Trd, 4318967.943, 140
Trd, 4318968.193, 140
Trd, 4318968.643, 140
Trd, 4318969.043, 139
Trd, 4318971.193, 140
Trd, 4318971.843, 140
Trd, 4318973.643, 140
Trd, 4318974.493, 140
Trd, 4318974.693, 140
Trd, 4318976.543, 140
Trd, 4318978.243, 140
Trd, 4318978.293, 140
Trd, 4318978.743, 140
Trd, 4318978.793, 140
Trd, 4318980.893, 140
Trd, 4318981.043, 140
Trd, 4318981.993, 140
Trd, 4318982.493, 140
Trd, 4318982.943, 140
Trd, 4318983.893, 140
Trd, 4318985.243, 139
Trd, 4318985.543, 120
Trd, 4318986.393, 140
Trd, 4318986.743, 140
Trd, 4318987.343, 140
Trd, 4318989.893, 140
Trd, 4318990.643, 140
Trd, 4318990.693, 140
Trd, 4318990.943, 140
Trd, 4318991.693, 140
Trd, 4318992.093, 140
Trd, 4318993.043, 140
Trd, 4318994.443, 140
Trd, 4318994.743, 140
Trd, 4318994.793, 140
Trd, 4318996.843, 140
Trd, 4318997.293, 140
Trd, 4318999.093, 140
Trd, 4318999.793, 140
Trd, 4319000.793, 140
Trd, 4319001.393, 140
Trd, 4319001.943, 140
Trd, 4319002.593, 140
Trd, 4319003.093, 140
Trd, 4319003.593, 140
Trd, 4319004.393, 140
Trd, 4319004.643, 140
Trd, 4319006.143, 140
Trd, 4319006.193, 140
Trd, 4319006.293, 140
Trd, 4319007.193, 140
Trd, 4319007.443, 140
Trd, 4319008.843, 140
Trd, 4319009.093, 139
Trd, 4319009.343, 125
Trd, 4319010.293, 139
Trd, 4319011.743, 140
Trd, 4319012.693, 140
Trd, 4319012.743, 139
Trd, 4319013.293, 138
Trd, 4319014.093, 140
Trd, 4319014.143, 133
Trd, 4319014.893, 121
Trd, 4319015.193, 123
Trd, 4319017.043, 140
Trd, 4319017.743, 137
Trd, 4319018.243, 140
Trd, 4319019.443, 140
Trd, 4319020.493, 140
Trd, 4319021.643, 140
Trd, 4319021.793, 139
Trd, 4319022.093, 138
Trd, 4319022.943, 138
Trd, 4319023.043, 137
Trd, 4319023.093, 83
Trd, 4319024.593, 138
Trd, 4319025.243, 140
Trd, 4319025.943, 129
Trd, 4319026.243, 126
Trd, 4319027.743, 101
Trd, 4319028.193, 100
Trd, 4319029.693, 140
Trd, 4319030.243, 140
Trd, 4319031.293, 140
Trd, 4319032.343, 140
Trd, 4319033.043, 140
Trd, 4319034.593, 140
Trd, 4319034.793, 140
Trd, 4319034.993, 140
Trd, 4319035.293, 140
Trd, 4319036.193, 140
Trd, 4319036.343, 138
Trd, 4319037.743, 140
Trd, 4319038.093, 139
Trd, 4319038.293, 139
Trd, 4319039.643, 118
Trd, 4319039.793, 99
Trd, 4319040.793, 63
Trd, 4319042.893, 140
Trd, 4319042.993, 139
Trd, 4319043.893, 140
Trd, 4319044.343, 140
Trd, 4319045.393, 140
Trd, 4319045.693, 127
Trd, 4319046.693, 138
Trd, 4319049.193, 140
Trd, 4319049.643, 140
Trd, 4319049.693, 140
Trd, 4319049.943, 140
Trd, 4319050.043, 136
Trd, 4319051.493, 140
Trd, 4319051.743, 140
Trd, 4319052.193, 124
Trd, 4319053.293, 140
Trd, 4319053.443, 140
Trd, 4319055.143, 140
Trd, 4319055.843, 140
Trd, 4319056.593, 138
Trd, 4319057.243, 140
Trd, 4319057.443, 138
Trd, 4319059.043, 117
Trd, 4319059.643, 140
Trd, 4319060.043, 138
Trd, 4319060.743, 139
Trd, 4319061.143, 140
Trd, 4319062.093, 140
Trd, 4319062.693, 140
Trd, 4319062.943, 140
Trd, 4319063.393, 140
Trd, 4319063.893, 138
Trd, 4319064.793, 80
Trd, 4319065.293, 131
Trd, 4319066.243, 140
Trd, 4319067.893, 83
Trd, 4319068.943, 139
Trd, 4319069.393, 140
Trd, 4319070.393, 140
Trd, 4319070.693, 140
Trd, 4319071.043, 140
Trd, 4319071.093, 139
Trd, 4319071.793, 139
Trd, 4319072.143, 133
Trd, 4319072.693, 86
Trd, 4319074.493, 140
Trd, 4319074.943, 140
Trd, 4319075.893, 140
Trd, 4319076.743, 140
Trd, 4319077.393, 140
Trd, 4319078.443, 140
Trd, 4319079.243, 140
Trd, 4319079.993, 140
Trd, 4319080.243, 140
Trd, 4319081.243, 140
Trd, 4319081.443, 140
Trd, 4319082.043, 128
Trd, 4319085.893, 139
Trd, 4319085.943, 139
Trd, 4319086.593, 140
Trd, 4319086.643, 140
Trd, 4319087.693, 140
Trd, 4319088.143, 140
Trd, 4319090.643, 140
Trd, 4319091.143, 140
Trd, 4319092.193, 140
Trd, 4319092.743, 140
Trd, 4319092.793, 140
Trd, 4319092.893, 140
Trd, 4319094.543, 140
Trd, 4319094.793, 140
Trd, 4319095.843, 140
Trd, 4319096.043, 140
Trd, 4319096.243, 140
Trd, 4319096.543, 140
Trd, 4319097.193, 140
Trd, 4319097.843, 139
Trd, 4319098.343, 138
Trd, 4319098.393, 133
Trd, 4319101.843, 140
Trd, 4319103.143, 140
Trd, 4319103.243, 140
Trd, 4319104.043, 140
Trd, 4319104.593, 140
Trd, 4319105.143, 140
Trd, 4319105.793, 140
Trd, 4319105.993, 140
Trd, 4319106.193, 107
Trd, 4319107.793, 140
Trd, 4319108.243, 140
Trd, 4319108.343, 140
Trd, 4319109.093, 140
Trd, 4319109.893, 140
Trd, 4319111.043, 140
Trd, 4319112.543, 140
Trd, 4319113.093, 140
Trd, 4319113.643, 140
Trd, 4319114.443, 140
Trd, 4319114.693, 140
Trd, 4319114.743, 140
Trd, 4319115.093, 138
Trd, 4319115.843, 61
Trd, 4319116.893, 140
Trd, 4319118.193, 140
Trd, 4319119.293, 140
Trd, 4319119.343, 140
Trd, 4319119.493, 140
Trd, 4319120.093, 140
Trd, 4319120.343, 140
Trd, 4319123.793, 140
Trd, 4319123.843, 140
Trd, 4319124.293, 140
Trd, 4319125.293, 140
Trd, 4319126.493, 140
Trd, 4319127.843, 140
Trd, 4319127.993, 140
Trd, 4319128.543, 140
Trd, 4319129.043, 140
Trd, 4319130.843, 140
Trd, 4319130.943, 140
Trd, 4319132.443, 140
Trd, 4319132.943, 140
Trd, 4319133.643, 140
Trd, 4319134.043, 140
Trd, 4319134.343, 140
Trd, 4319134.993, 140
Trd, 4319135.843, 140
Trd, 4319137.293, 140
Trd, 4319137.793, 140
Trd, 4319137.843, 140
Trd, 4319138.193, 140
Trd, 4319139.743, 140
Trd, 4319140.993, 140
Trd, 4319141.693, 140
Trd, 4319141.793, 140
Trd, 4319142.493, 140
Trd, 4319142.993, 140
Trd, 4319143.043, 140
Trd, 4319143.093, 140
Trd, 4319144.043, 139
Trd, 4319144.593, 137
Trd, 4319145.743, 60
Trd, 4319146.693, 61
Trd, 4319146.893, 63
Trd, 4319147.143, 66
Trd, 4319147.743, 62
Trd, 4319148.943, 60
Trd, 4319150.743, 70
Trd, 4319151.093, 137
Trd, 4319151.593, 68
Trd, 4319152.443, 127
Trd, 4319152.843, 137
Trd, 4319153.443, 127
Trd, 4319155.193, 140
Trd, 4319155.793, 140
Trd, 4319156.043, 140
Trd, 4319156.793, 140
Trd, 4319158.543, 140
Trd, 4319159.043, 140
Trd, 4319160.543, 140
Trd, 4319161.293, 140
Trd, 4319161.443, 140
Trd, 4319161.593, 140
Trd, 4319161.893, 140
Trd, 4319161.993, 106
Trd, 4319162.443, 140
Trd, 4319163.443, 140
Trd, 4319164.443, 140
Trd, 4319164.843, 61
Trd, 4319165.593, 140
Trd, 4319166.243, 140
Trd, 4319167.793, 140
Trd, 4319168.493, 140
Trd, 4319169.743, 140
Trd, 4319170.193, 140
Trd, 4319171.493, 140
Trd, 4319172.043, 140
Trd, 4319172.843, 140
Trd, 4319174.243, 140
Trd, 4319174.543, 140
Trd, 4319174.593, 140
Trd, 4319176.493, 140
Trd, 4319177.443, 140
Trd, 4319177.743, 140
Trd, 4319180.343, 140
Trd, 4319180.543, 140
Trd, 4319181.543, 140
Trd, 4319182.593, 140
Trd, 4319183.043, 140
Trd, 4319183.243, 140
Trd, 4319183.643, 140
Trd, 4319183.893, 140
Trd, 4319184.743, 138
Trd, 4319184.993, 140
Trd, 4319185.643, 136
Trd, 4319186.293, 139
Trd, 4319186.443, 94
Trd, 4319187.043, 121
Trd, 4319189.543, 140
Trd, 4319191.043, 140
Trd, 4319191.743, 140
Trd, 4319192.243, 140
Trd, 4319195.743, 140
Trd, 4319195.843, 140
Trd, 4319196.343, 140
Trd, 4319196.743, 140
Trd, 4319197.243, 140
Trd, 4319197.293, 140
Trd, 4319197.543, 137
Trd, 4319197.943, 137
Trd, 4319199.443, 140
Trd, 4319202.543, 140
Trd, 4319203.193, 140
Trd, 4319203.493, 140
Trd, 4319203.743, 140
Trd, 4319204.893, 140
Trd, 4319205.793, 140
Trd, 4319206.343, 140
Trd, 4319208.493, 140
Trd, 4319208.743, 140
Trd, 4319209.393, 140
Trd, 4319209.593, 139
Trd, 4319209.943, 140
Trd, 4319210.493, 139
Trd, 4319211.193, 139
Trd, 4319212.493, 139
Trd, 4319212.693, 138
Trd, 4319212.943, 109
Trd, 4319214.043, 107
Trd, 4319214.393, 92
Trd, 4319215.693, 60
Trd, 4319216.943, 93
Trd, 4319217.493, 136
Trd, 4319218.193, 138
Trd, 4319218.343, 96
Trd, 4319220.243, 140
Trd, 4319220.843, 140
Trd, 4319221.243, 140
Trd, 4319221.593, 140
Trd, 4319222.293, 140
Trd, 4319224.143, 140
Trd, 4319224.393, 140
Trd, 4319225.093, 140
Trd, 4319225.443, 140
Trd, 4319225.893, 81
Trd, 4319226.743, 140
Trd, 4319226.943, 140
Trd, 4319229.543, 140
Trd, 4319229.893, 140
Trd, 4319230.693, 140
Trd, 4319231.343, 138
Trd, 4319231.843, 138
Trd, 4319232.893, 140
Trd, 4319233.043, 140
Trd, 4319234.043, 140
Trd, 4319234.093, 140
Trd, 4319234.443, 140
Trd, 4319234.643, 140
Trd, 4319235.843, 140
Trd, 4319237.243, 140
Trd, 4319238.243, 140
Trd, 4319240.093, 140
Trd, 4319240.193, 140
Trd, 4319240.243, 140
Trd, 4319241.593, 140
Trd, 4319241.743, 139
Trd, 4319241.993, 140
Trd, 4319243.393, 140
Trd, 4319244.443, 140
Trd, 4319244.743, 140
Trd, 4319244.993, 139
Trd, 4319245.843, 140
Trd, 4319247.393, 140
Trd, 4319248.993, 134
Trd, 4319250.993, 140
Trd, 4319251.093, 140
Trd, 4319251.593, 140
Trd, 4319252.143, 140
Trd, 4319252.443, 139
Trd, 4319253.793, 140
Trd, 4319254.743, 140
Trd, 4319254.843, 140
Trd, 4319255.043, 139
Trd, 4319256.993, 140
Trd, 4319257.693, 140
Trd, 4319258.293, 140
Trd, 4319259.093, 140
Trd, 4319260.693, 140
Trd, 4319263.643, 140
Trd, 4319263.943, 140
Trd, 4319265.393, 140
Trd, 4319265.593, 140
Trd, 4319267.443, 140
Trd, 4319268.143, 140
Trd, 4319268.393, 140
Trd, 4319269.093, 140
Trd, 4319269.293, 138
Trd, 4319270.543, 140
Trd, 4319271.493, 140
Trd, 4319272.093, 140
Trd, 4319272.543, 140
Trd, 4319272.743, 140
Trd, 4319273.243, 140
Trd, 4319273.643, 139
Trd, 4319275.093, 140
Trd, 4319275.393, 140
Trd, 4319275.743, 140
Trd, 4319276.743, 140
Trd, 4319277.193, 140
Trd, 4319279.393, 140
Trd, 4319279.743, 140
Trd, 4319280.593, 140
Trd, 4319280.943, 140
Trd, 4319282.043, 140
Trd, 4319283.293, 140
Trd, 4319284.393, 140
Trd, 4319285.243, 140
Trd, 4319285.843, 140
Trd, 4319286.443, 140
Trd, 4319287.593, 140
Trd, 4319288.143, 140
Trd, 4319288.393, 140
Trd, 4319288.593, 140
Trd, 4319288.643, 138
Trd, 4319290.093, 137
Trd, 4319290.993, 140
Trd, 4319291.893, 140
Trd, 4319293.093, 140
Trd, 4319293.243, 140
Trd, 4319293.793, 140
Trd, 4319294.543, 140
Trd, 4319294.593, 140
Trd, 4319295.943, 140
Trd, 4319296.943, 140
Trd, 4319297.393, 140
Trd, 4319298.393, 140
Trd, 4319299.143, 140
Trd, 4319300.943, 140
Trd, 4319302.943, 140
Trd, 4319303.493, 140
Trd, 4319303.693, 140
Trd, 4319303.793, 140
Trd, 4319304.043, 139
Trd, 4319304.443, 140
Trd, 4319306.193, 140
Trd, 4319306.693, 140
Trd, 4319307.243, 140
Trd, 4319307.793, 140
Trd, 4319307.943, 138
Trd, 4319308.243, 137
Trd, 4319311.793, 138
Trd, 4319311.843, 137
Trd, 4319312.643, 140
Trd, 4319313.193, 140
Trd, 4319313.293, 140
Trd, 4319313.443, 140
Trd, 4319314.093, 140
Trd, 4319315.143, 140
Trd, 4319315.493, 140
Trd, 4319315.543, 140
Trd, 4319315.893, 106
Trd, 4319317.193, 61
Trd, 4319317.893, 140
Trd, 4319317.993, 140
Trd, 4319318.593, 60
Trd, 4319319.943, 140
Trd, 4319320.143, 140
Trd, 4319320.943, 140
Trd, 4319321.443, 61
Trd, 4319322.543, 60
Trd, 4319322.893, 71
Trd, 4319323.493, 63
Trd, 4319324.243, 62
Trd, 4319325.193, 63
Trd, 4319326.643, 62
Trd, 4319328.043, 66
Trd, 4319329.243, 61
Trd, 4319330.043, 99
Trd, 4319331.493, 140
Trd, 4319331.543, 139
Trd, 4319331.593, 138
Trd, 4319332.493, 140
Trd, 4319333.143, 140
Trd, 4319333.743, 140
Trd, 4319333.793, 140
Trd, 4319334.493, 140
Trd, 4319337.943, 140
Trd, 4319338.293, 140
Trd, 4319338.793, 140
Trd, 4319339.293, 140
Trd, 4319339.843, 140
Trd, 4319340.343, 140
Trd, 4319341.693, 140
Trd, 4319341.743, 140
Trd, 4319341.843, 138
Trd, 4319342.643, 140
Trd, 4319343.043, 140
Trd, 4319344.543, 140
Trd, 4319344.893, 140
Trd, 4319346.493, 140
Trd, 4319346.793, 140
Trd, 4319346.843, 140
Trd, 4319347.543, 64
Trd, 4319348.743, 140
Trd, 4319351.043, 140
Trd, 4319351.443, 140
Trd, 4319351.893, 140
Trd, 4319352.593, 140
Trd, 4319353.393, 140
Trd, 4319355.443, 140
Trd, 4319355.643, 140
Trd, 4319356.793, 140
Trd, 4319356.843, 140
Trd, 4319357.243, 140
Trd, 4319358.593, 140
Trd, 4319358.643, 140
Trd, 4319358.693, 139
Trd, 4319359.293, 137
Trd, 4319360.593, 140
Trd, 4319360.943, 140
Trd, 4319361.893, 140
Trd, 4319362.593, 140
Trd, 4319362.793, 139
Trd, 4319364.793, 140
Trd, 4319365.243, 140
Trd, 4319366.193, 140
Trd, 4319367.843, 140
Trd, 4319368.643, 140
Trd, 4319368.743, 140
Trd, 4319369.143, 140
Trd, 4319369.793, 140
Trd, 4319371.343, 137
Trd, 4319371.843, 140
Trd, 4319374.093, 140
Trd, 4319374.793, 140
Trd, 4319375.393, 140
Trd, 4319375.693, 140
Trd, 4319375.943, 140
Trd, 4319376.093, 140
Trd, 4319378.193, 140
Trd, 4319379.993, 140
Trd, 4319383.093, 140
Trd, 4319383.693, 140
Trd, 4319383.743, 140
Trd, 4319384.443, 140
Trd, 4319385.143, 140
Trd, 4319385.293, 140
Trd, 4319385.693, 140
Trd, 4319386.643, 140
Trd, 4319386.743, 140
Trd, 4319386.943, 140
Trd, 4319389.043, 140
Trd, 4319389.143, 140
Trd, 4319390.593, 140
Trd, 4319390.693, 140
Trd, 4319391.393, 140
Trd, 4319392.143, 140
Trd, 4319392.743, 140
Trd, 4319393.543, 140
Trd, 4319394.043, 138
Trd, 4319394.843, 137
Trd, 4319395.893, 139
Trd, 4319397.993, 140
Trd, 4319399.543, 140
Trd, 4319399.643, 140
Trd, 4319401.043, 140
Trd, 4319402.293, 140
Trd, 4319403.293, 140
Trd, 4319405.043, 140
Trd, 4319405.643, 140
Trd, 4319407.643, 140
Trd, 4319408.393, 140
Trd, 4319408.893, 140
Trd, 4319409.093, 140
Trd, 4319409.643, 140
Trd, 4319409.743, 140
Trd, 4319412.543, 139
Trd, 4319412.593, 136
Trd, 4319412.793, 135
Trd, 4319413.043, 135
Trd, 4319413.293, 133
Trd, 4319414.393, 137
Trd, 4319414.593, 136
Trd, 4319415.143, 140
Trd, 4319415.893, 137
Trd, 4319416.493, 137
Trd, 4319416.743, 138
Trd, 4319417.843, 140
Trd, 4319418.693, 140
Trd, 4319419.893, 140
Trd, 4319420.343, 140
Trd, 4319420.993, 140
Trd, 4319421.143, 140
Trd, 4319423.093, 140
Trd, 4319423.543, 140
Trd, 4319423.943, 140
Trd, 4319423.993, 137
Trd, 4319424.643, 60
Trd, 4319425.393, 123
Trd, 4319425.493, 121
Trd, 4319426.543, 138
Trd, 4319428.243, 140
Trd, 4319429.743, 140
Trd, 4319432.593, 140
Trd, 4319432.843, 140
Trd, 4319433.293, 140
Trd, 4319434.243, 140
Trd, 4319434.493, 140
Trd, 4319434.743, 140
Trd, 4319435.243, 140
Trd, 4319435.843, 140
Trd, 4319436.093, 139
Trd, 4319436.743, 66
Trd, 4319437.793, 139
Trd, 4319439.243, 140
Trd, 4319440.843, 140
Trd, 4319441.093, 139
Trd, 4319442.943, 140
Trd, 4319444.293, 140
Trd, 4319444.343, 140
Trd, 4319445.193, 140
Trd, 4319445.443, 136
Trd, 4319446.443, 140
Trd, 4319446.993, 140
Trd, 4319448.143, 140
Trd, 4319448.443, 139
Trd, 4319449.793, 130
Trd, 4319450.243, 81
Trd, 4319450.893, 61
Trd, 4319452.343, 82
Trd, 4319452.643, 126
Trd, 4319453.743, 84
Trd, 4319454.793, 140
Trd, 4319455.643, 140
Trd, 4319456.393, 140
Trd, 4319456.793, 140
Trd, 4319456.993, 140
Trd, 4319457.093, 139
Trd, 4319457.593, 139
Trd, 4319458.693, 139
Trd, 4319460.193, 140
Trd, 4319460.293, 140
Trd, 4319462.193, 140
Trd, 4319462.793, 140
Trd, 4319462.893, 140
Trd, 4319463.543, 140
Trd, 4319464.343, 140
Trd, 4319465.043, 140
Trd, 4319465.593, 140
Trd, 4319466.493, 140
Trd, 4319466.793, 139
Trd, 4319468.393, 124
Trd, 4319469.293, 140
Trd, 4319469.343, 139
Trd, 4319470.043, 140
Trd, 4319470.693, 140
Trd, 4319471.293, 140
Trd, 4319471.693, 140
Trd, 4319471.993, 140
Trd, 4319472.543, 95
Trd, 4319472.993, 140
Trd, 4319475.043, 60
Trd, 4319476.343, 60
Trd, 4319476.543, 61
Trd, 4319476.893, 62
Trd, 4319478.143, 67
Trd, 4319478.243, 114
Trd, 4319478.593, 140
Trd, 4319479.493, 99
Trd, 4319481.293, 93
Trd, 4319482.343, 96
Trd, 4319483.643, 140
Trd, 4319484.493, 140
Trd, 4319484.893, 140
Trd, 4319485.143, 140
Trd, 4319486.093, 140
Trd, 4319486.843, 140
Trd, 4319487.243, 138
Trd, 4319487.743, 140
Trd, 4319488.343, 139
Trd, 4319490.693, 140
Trd, 4319491.343, 140
Trd, 4319493.243, 140
Trd, 4319493.743, 140
Trd, 4319494.743, 140
Trd, 4319494.843, 140
Trd, 4319495.793, 140
Trd, 4319496.793, 140
Trd, 4319497.893, 140
Trd, 4319499.493, 140
Trd, 4319499.643, 139
Trd, 4319501.143, 140
Trd, 4319501.493, 139
Trd, 4319502.343, 129
Trd, 4319502.493, 108
Trd, 4319502.793, 128
Trd, 4319504.143, 60
Trd, 4319504.293, 61
Trd, 4319506.543, 72
Trd, 4319506.593, 133
Trd, 4319508.243, 91
Trd, 4319508.443, 90
Trd, 4319509.443, 140
Trd, 4319509.743, 140
Trd, 4319511.593, 140
Trd, 4319513.143, 140
Trd, 4319513.643, 140
Trd, 4319514.593, 140
Trd, 4319515.143, 140
Trd, 4319515.693, 140
Trd, 4319515.893, 140
Trd, 4319516.443, 137
Trd, 4319519.143, 140
Trd, 4319519.293, 140
Trd, 4319519.543, 140
Trd, 4319520.143, 140
Trd, 4319520.393, 139
Trd, 4319522.743, 140
Trd, 4319525.243, 140
Trd, 4319525.493, 140
Trd, 4319526.143, 140
Trd, 4319526.293, 140
Trd, 4319526.343, 140
Trd, 4319528.593, 140
Trd, 4319528.693, 140
Trd, 4319528.843, 140
Trd, 4319528.943, 139
Trd, 4319529.443, 139
Trd, 4319530.093, 138
Trd, 4319532.243, 140
Trd, 4319532.693, 140
Trd, 4319532.843, 140
Trd, 4319532.893, 140
Trd, 4319533.693, 140
Trd, 4319534.393, 139
Trd, 4319536.643, 140
Trd, 4319537.043, 140
Trd, 4319538.193, 140
Trd, 4319538.443, 140
Trd, 4319539.493, 140
Trd, 4319539.943, 140
Trd, 4319540.643, 140
Trd, 4319541.443, 140
Trd, 4319542.443, 140
Trd, 4319542.743, 140
Trd, 4319543.593, 140
Trd, 4319544.193, 140
Trd, 4319544.943, 140
Trd, 4319545.293, 138
Trd, 4319546.043, 140
Trd, 4319546.743, 140
Trd, 4319547.293, 140
Trd, 4319548.243, 140
Trd, 4319549.693, 140
Trd, 4319550.393, 140
Trd, 4319550.443, 140
Trd, 4319552.093, 140
Trd, 4319552.293, 140
Trd, 4319553.493, 140
Trd, 4319554.743, 140
Trd, 4319555.943, 140
Trd, 4319556.093, 140
Trd, 4319556.143, 140
Trd, 4319556.293, 140
Trd, 4319556.443, 137
Trd, 4319558.593, 140
Trd, 4319558.893, 139
Trd, 4319559.543, 140
Trd, 4319560.993, 140
Trd, 4319561.343, 140
Trd, 4319561.993, 140
Trd, 4319562.243, 140
Trd, 4319565.043, 140
Trd, 4319566.193, 140
Trd, 4319566.943, 140
Trd, 4319566.993, 140
Trd, 4319567.743, 140
Trd, 4319567.793, 140
Trd, 4319568.793, 140
Trd, 4319570.743, 140
Trd, 4319571.293, 140
Trd, 4319572.543, 140
Trd, 4319572.843, 140
Trd, 4319573.043, 140
Trd, 4319573.243, 140
Trd, 4319574.443, 140
Trd, 4319575.093, 140
Trd, 4319575.943, 140
Trd, 4319576.243, 140
Trd, 4319576.443, 140
Trd, 4319576.843, 140
Trd, 4319578.743, 140
Trd, 4319578.943, 140
Trd, 4319579.093, 140
Trd, 4319579.793, 128
Trd, 4319580.193, 137
Trd, 4319580.593, 140
Trd, 4319582.343, 105
Trd, 4319582.393, 87
Trd, 4319584.593, 140
Trd, 4319586.643, 140
Trd, 4319587.243, 140
Trd, 4319587.443, 140
Trd, 4319587.693, 140
Trd, 4319588.943, 140
Trd, 4319589.093, 140
Trd, 4319589.193, 140
Trd, 4319589.243, 140
Trd, 4319590.693, 140
Trd, 4319590.743, 140
Trd, 4319592.593, 140
Trd, 4319593.393, 140
Trd, 4319593.593, 139
Trd, 4319595.643, 140
Trd, 4319596.993, 140
Trd, 4319597.093, 140
Trd, 4319598.493, 140
Trd, 4319599.093, 140
Trd, 4319599.543, 139
Trd, 4319599.893, 140
Trd, 4319600.543, 140
Trd, 4319602.243, 140
Trd, 4319603.943, 140
Trd, 4319604.293, 140
Trd, 4319604.693, 140
Trd, 4319604.993, 139
Trd, 4319605.293, 82
Trd, 4319605.843, 137
Trd, 4319606.143, 114
Trd, 4319609.243, 140
Trd, 4319611.093, 140
Trd, 4319611.193, 140
Trd, 4319611.543, 140
Trd, 4319612.193, 140
Trd, 4319614.143, 140
Trd, 4319614.843, 140
Trd, 4319615.643, 140
Trd, 4319616.693, 140
Trd, 4319616.793, 139
Trd, 4319617.193, 139
Trd, 4319617.743, 140
Trd, 4319619.143, 140
Trd, 4319619.193, 139
Trd, 4319620.493, 140
Trd, 4319620.693, 139
Trd, 4319621.143, 139
Trd, 4319622.743, 140
Trd, 4319623.093, 140
Trd, 4319624.693, 140
Trd, 4319625.493, 140
Trd, 4319626.593, 140
Trd, 4319626.793, 140
Trd, 4319627.693, 140
Trd, 4319628.143, 140
Trd, 4319629.493, 140
Trd, 4319630.093, 140
Trd, 4319630.543, 140
Trd, 4319630.843, 140
Trd, 4319631.243, 137
Trd, 4319631.393, 88
Trd, 4319632.843, 140
Trd, 4319634.393, 139
Trd, 4319634.593, 140
Trd, 4319635.643, 121
Trd, 4319635.793, 136
Trd, 4319635.843, 118
Trd, 4319635.993, 137
Trd, 4319637.343, 62
Trd, 4319638.893, 138
Trd, 4319639.193, 109
Trd, 4319639.293, 140
Trd, 4319642.993, 140
Trd, 4319643.093, 140
Trd, 4319643.943, 140
Trd, 4319644.543, 140
Trd, 4319645.143, 139
Trd, 4319647.093, 140
Trd, 4319648.293, 140
Trd, 4319648.543, 140
Trd, 4319648.943, 138
Trd, 4319652.093, 140
Trd, 4319652.193, 140
Trd, 4319653.193, 140
Trd, 4319653.293, 140
Trd, 4319653.743, 140
Trd, 4319655.293, 140
Trd, 4319656.143, 140
Trd, 4319657.743, 140
Trd, 4319657.893, 140
Trd, 4319657.993, 140
Trd, 4319658.743, 140
Trd, 4319659.043, 140
Trd, 4319659.243, 124
Trd, 4319660.193, 63
Trd, 4319661.593, 137
Trd, 4319661.943, 138
Trd, 4319662.243, 140
Trd, 4319663.993, 140
Trd, 4319664.993, 140
Trd, 4319665.393, 140
Trd, 4319666.543, 140
Trd, 4319666.593, 140
Trd, 4319666.693, 139
Trd, 4319667.643, 140
Trd, 4319667.943, 140
Trd, 4319669.243, 140
Trd, 4319670.343, 140
Trd, 4319670.893, 140
Trd, 4319671.393, 140
Trd, 4319672.643, 140
Trd, 4319672.893, 139
Trd, 4319673.093, 139
Trd, 4319675.493, 140
Trd, 4319676.743, 140
Trd, 4319677.343, 140
Trd, 4319677.743, 140
Trd, 4319678.593, 140
Trd, 4319679.743, 140
Trd, 4319680.393, 140
Trd, 4319681.093, 140
Trd, 4319681.943, 140
Trd, 4319682.543, 140
Trd, 4319683.243, 138
Trd, 4319684.093, 140
Trd, 4319685.143, 140
Trd, 4319686.593, 140
Trd, 4319686.943, 140
Trd, 4319687.193, 140
Trd, 4319687.443, 140
Trd, 4319687.893, 140
Trd, 4319689.043, 140
Trd, 4319689.643, 140
Trd, 4319690.243, 139
Trd, 4319692.143, 140
Trd, 4319692.743, 140
Trd, 4319693.793, 140
Trd, 4319693.993, 139
Trd, 4319694.143, 61
Trd, 4319695.193, 140
Trd, 4319695.593, 140
Trd, 4319695.693, 140
Trd, 4319695.793, 123
Trd, 4319698.543, 140
Trd, 4319698.593, 140
Trd, 4319698.693, 140
Trd, 4319699.793, 140
Trd, 4319701.293, 140
Trd, 4319701.593, 140
Trd, 4319701.843, 140
Trd, 4319704.293, 140
Trd, 4319705.443, 140
Trd, 4319705.643, 140
Trd, 4319705.743, 140
Trd, 4319706.693, 140
Trd, 4319708.493, 140
Trd, 4319708.843, 139
Trd, 4319708.893, 139
Trd, 4319709.043, 140
Trd, 4319709.843, 139
Trd, 4319711.243, 140
Trd, 4319711.843, 140
Trd, 4319712.093, 140
Trd, 4319713.193, 140
Trd, 4319715.343, 140
Trd, 4319715.493, 140
Trd, 4319715.993, 140
Trd, 4319716.193, 140
Trd, 4319716.543, 140
Trd, 4319719.043, 140
Trd, 4319719.093, 140
Trd, 4319719.943, 140
Trd, 4319720.743, 140
Trd, 4319721.243, 140
Trd, 4319721.993, 140
Trd, 4319723.693, 140
Trd, 4319724.393, 140
Trd, 4319726.693, 140
Trd, 4319727.393, 140
Trd, 4319728.493, 140
Trd, 4319729.693, 140
Trd, 4319730.443, 140
Trd, 4319730.843, 140
Trd, 4319731.143, 140
Trd, 4319731.293, 140
Trd, 4319731.443, 140
Trd, 4319733.943, 140
Trd, 4319734.093, 139
Trd, 4319735.443, 140
Trd, 4319735.543, 140
Trd, 4319735.743, 140
Trd, 4319736.293, 140
Trd, 4319736.743, 140
Trd, 4319737.793, 140
Trd, 4319738.993, 140
Trd, 4319739.293, 140
Trd, 4319740.793, 140
Trd, 4319741.743, 140
Trd, 4319742.693, 140
Trd, 4319742.943, 140
Trd, 4319744.693, 140
Trd, 4319744.843, 140
Trd, 4319745.493, 140
Trd, 4319747.143, 140
Trd, 4319747.293, 140
Trd, 4319747.343, 140
Trd, 4319748.593, 96
Trd, 4319752.043, 140
Trd, 4319752.593, 140
Trd, 4319752.643, 140
Trd, 4319753.843, 140
Trd, 4319753.893, 140
Trd, 4319756.343, 140
Trd, 4319756.393, 139
Trd, 4319756.543, 139
Trd, 4319756.643, 140
Trd, 4319759.593, 140
Trd, 4319759.943, 140
Trd, 4319760.143, 140
Trd, 4319760.893, 140
Trd, 4319761.043, 140
Trd, 4319762.243, 140
Trd, 4319763.843, 140
Trd, 4319764.643, 140
Trd, 4319764.793, 140
Trd, 4319765.293, 140
Trd, 4319765.943, 140
Trd, 4319768.293, 140
Trd, 4319768.343, 140
Trd, 4319768.893, 140
Trd, 4319769.543, 140
Trd, 4319770.643, 140
Trd, 4319770.943, 140
Trd, 4319773.643, 140
Trd, 4319774.343, 125
Trd, 4319774.793, 137
Trd, 4319775.493, 61
Trd, 4319775.643, 69
Trd, 4319777.293, 140
Trd, 4319778.043, 62
Trd, 4319778.293, 62
Trd, 4319778.443, 63
Trd, 4319779.643, 73
Trd, 4319782.243, 140
Trd, 4319783.193, 140
Trd, 4319783.793, 140
Trd, 4319784.643, 140
Trd, 4319784.893, 139
Trd, 4319785.293, 138
Trd, 4319787.143, 140
Trd, 4319788.493, 140
Trd, 4319789.193, 140
Trd, 4319789.393, 140
Trd, 4319789.593, 140
Trd, 4319791.593, 140
Trd, 4319793.293, 140
Trd, 4319794.593, 140
Trd, 4319794.643, 140
Trd, 4319794.943, 140
Trd, 4319795.943, 140
Trd, 4319796.093, 140
Trd, 4319796.593, 137
Trd, 4319796.743, 136
Trd, 4319797.193, 140
Trd, 4319799.593, 140
Trd, 4319800.093, 140
Trd, 4319800.693, 140
Trd, 4319801.293, 140
Trd, 4319801.993, 140
Trd, 4319802.493, 140
Trd, 4319802.743, 140
Trd, 4319803.093, 140
Trd, 4319803.693, 140
Trd, 4319805.043, 139
Trd, 4319806.993, 140
Trd, 4319808.243, 140
Trd, 4319808.943, 140
Trd, 4319810.793, 140
Trd, 4319810.893, 139
Trd, 4319811.243, 129
Trd, 4319812.293, 140
Trd, 4319813.243, 140
Trd, 4319813.343, 140
Trd, 4319815.143, 140
Trd, 4319815.443, 140
Trd, 4319815.893, 139
Trd, 4319816.143, 139
Trd, 4319817.343, 140
Trd, 4319818.293, 140
Trd, 4319818.593, 123
Trd, 4319818.693, 88
Trd, 4319819.893, 140
Trd, 4319821.543, 140
Trd, 4319821.843, 140
Trd, 4319822.043, 140
Trd, 4319824.343, 140
Trd, 4319824.543, 140
Trd, 4319824.993, 140
Trd, 4319825.593, 140
Trd, 4319825.793, 140
Trd, 4319826.693, 140
Trd, 4319826.943, 140
Trd, 4319827.343, 140
Trd, 4319827.443, 140
Trd, 4319828.943, 140
Trd, 4319829.493, 139
Trd, 4319830.543, 140
Trd, 4319831.543, 140
Trd, 4319832.343, 140
Trd, 4319832.393, 140
Trd, 4319832.893, 140
Trd, 4319834.293, 140
Trd, 4319834.543, 140
Trd, 4319834.893, 139
Trd, 4319835.793, 98
Trd, 4319836.643, 100
Trd, 4319837.293, 137
Trd, 4319838.293, 137
Trd, 4319838.993, 139
Trd, 4319840.143, 140
Trd, 4319840.443, 140
Trd, 4319841.343, 140
Trd, 4319841.893, 140
Trd, 4319842.443, 140
Trd, 4319843.993, 140
Trd, 4319844.593, 140
Trd, 4319845.243, 140
Trd, 4319846.843, 140
Trd, 4319846.943, 140
Trd, 4319846.993, 140
Trd, 4319847.593, 140
Trd, 4319848.193, 140
Trd, 4319848.943, 140
Trd, 4319850.643, 140
Trd, 4319850.693, 140
Trd, 4319850.793, 140
Trd, 4319852.093, 140
Trd, 4319853.843, 140
Trd, 4319853.993, 140
Trd, 4319854.243, 140
Trd, 4319855.293, 140
Trd, 4319855.343, 140
Trd, 4319856.393, 138
Trd, 4319857.143, 136
Trd, 4319859.643, 140
Trd, 4319859.993, 140
Trd, 4319861.093, 140
Trd, 4319861.443, 140
Trd, 4319861.843, 140
Trd, 4319862.493, 140
Trd, 4319863.643, 140
Trd, 4319864.143, 140
Trd, 4319864.193, 140
Trd, 4319864.943, 134
Trd, 4319865.293, 88
Trd, 4319866.293, 139
Trd, 4319867.293, 140
Trd, 4319867.643, 138
Trd, 4319868.093, 101
Trd, 4319871.593, 140
Trd, 4319872.893, 140
Trd, 4319872.943, 140
Trd, 4319872.993, 140
Trd, 4319873.393, 140
Trd, 4319873.743, 140
Trd, 4319874.093, 136
Trd, 4319874.243, 135
Trd, 4319874.793, 135
Trd, 4319877.093, 140
Trd, 4319877.993, 140
Trd, 4319878.493, 140
Trd, 4319878.643, 140
Trd, 4319878.793, 86
Trd, 4319879.743, 140
Trd, 4319880.593, 140
Trd, 4319881.243, 140
Trd, 4319881.693, 140
Trd, 4319882.693, 140
Trd, 4319883.593, 140
Trd, 4319883.643, 140
Trd, 4319885.093, 140
Trd, 4319886.043, 140
Trd, 4319886.493, 140
Trd, 4319888.243, 140
Trd, 4319888.493, 140
Trd, 4319888.743, 140
Trd, 4319888.893, 140
Trd, 4319889.893, 140
Trd, 4319890.443, 140
Trd, 4319890.943, 86
Trd, 4319892.043, 135
Trd, 4319892.593, 113
Trd, 4319892.643, 85
Trd, 4319892.793, 83
Trd, 4319894.043, 85
Trd, 4319894.793, 139
Trd, 4319895.943, 140
Trd, 4319896.593, 140
Trd, 4319897.093, 140
Trd, 4319897.593, 140
Trd, 4319898.643, 140
Trd, 4319898.693, 140
Trd, 4319901.393, 140
Trd, 4319901.643, 140
Trd, 4319903.743, 140
Trd, 4319903.843, 140
Trd, 4319903.943, 140
Trd, 4319905.093, 140
Trd, 4319905.143, 140
Trd, 4319907.893, 140
Trd, 4319907.993, 140
Trd, 4319908.293, 140
Trd, 4319908.743, 139
Trd, 4319910.743, 140
Trd, 4319912.143, 140
Trd, 4319912.193, 140
Trd, 4319913.293, 140
Trd, 4319913.843, 140
Trd, 4319914.743, 140
Trd, 4319914.843, 140
Trd, 4319915.043, 139
Trd, 4319916.293, 140
Trd, 4319918.393, 140
Trd, 4319918.493, 140
Trd, 4319918.843, 140
Trd, 4319919.593, 140
Trd, 4319919.893, 140
Trd, 4319920.843, 140
Trd, 4319922.093, 140
Trd, 4319922.193, 140
Trd, 4319923.543, 140
Trd, 4319924.343, 140
Trd, 4319925.193, 140
Trd, 4319925.393, 140
Trd, 4319926.393, 140
Trd, 4319926.643, 140
Trd, 4319927.093, 136
Trd, 4319929.343, 140
Trd, 4319929.793, 140
Trd, 4319930.393, 139
Trd, 4319931.143, 140
Trd, 4319932.093, 140
Trd, 4319932.293, 140
Trd, 4319932.643, 140
Trd, 4319933.143, 139
Trd, 4319933.293, 139
Trd, 4319935.093, 81
Trd, 4319936.293, 139
Trd, 4319937.843, 140
Trd, 4319937.943, 140
Trd, 4319938.443, 139
Trd, 4319939.343, 140
Trd, 4319940.893, 140
Trd, 4319941.093, 140
Trd, 4319941.543, 140
Trd, 4319942.243, 140
Trd, 4319944.243, 140
Trd, 4319944.493, 140
Trd, 4319945.043, 140
Trd, 4319946.143, 140
Trd, 4319948.093, 140
Trd, 4319948.493, 140
Trd, 4319949.193, 140
Trd, 4319949.793, 139
Trd, 4319950.293, 138
Trd, 4319950.643, 124
Trd, 4319951.193, 121
Trd, 4319952.093, 124
Trd, 4319952.593, 139
Trd, 4319953.043, 139
Trd, 4319953.693, 84
Trd, 4319954.043, 116
Trd, 4319955.793, 140
Trd, 4319957.643, 140
Trd, 4319958.093, 140
Trd, 4319959.143, 140
Trd, 4319959.493, 140
Trd, 4319960.443, 140
Trd, 4319960.893, 140
Trd, 4319961.393, 140
Trd, 4319962.443, 140
Trd, 4319962.793, 140
Trd, 4319963.343, 140
Trd, 4319964.493, 140
Trd, 4319964.943, 140
Trd, 4319965.393, 140
Trd, 4319965.793, 140
Trd, 4319966.593, 140
Trd, 4319968.593, 140
Trd, 4319969.093, 140
Trd, 4319970.293, 140
Trd, 4319971.443, 140
Trd, 4319971.593, 140
Trd, 4319973.343, 140
Trd, 4319973.493, 140
Trd, 4319973.993, 140
Trd, 4319975.043, 140
Trd, 4319975.893, 140
Trd, 4319976.093, 140
Trd, 4319976.143, 139
Trd, 4319976.393, 138
Trd, 4319977.393, 140
Trd, 4319978.043, 140
Trd, 4319978.443, 139
Trd, 4319980.343, 140
Trd, 4319980.393, 140
Trd, 4319982.293, 140
Trd, 4319982.643, 140
Trd, 4319982.843, 140
Trd, 4319984.293, 140
Trd, 4319984.993, 140
Trd, 4319985.843, 140
Trd, 4319986.293, 140
Trd, 4319987.043, 140
Trd, 4319988.243, 140
Trd, 4319988.443, 140
Trd, 4319990.043, 140
Trd, 4319990.493, 140
Trd, 4319991.093, 140
Trd, 4319991.643, 140
Trd, 4319991.993, 140
Trd, 4319993.243, 140
Trd, 4319994.493, 140
Trd, 4319994.843, 140
Trd, 4319995.293, 140
Trd, 4319995.843, 139
Trd, 4319996.543, 140
Trd, 4319998.193, 140
Trd, 4319998.593, 140
Trd, 4319999.193, 140
Trd, 4319999.293, 138
