Trd, 4318100.693, 139
Trd, 4318102.443, 140
Trd, 4318102.493, 139
Trd, 4318102.743, 139
Trd, 4318103.043, 138
Trd, 4318103.943, 140
Trd, 4318104.743, 140
Trd, 4318104.893, 139
Trd, 4318105.893, 132
Trd, 4318106.193, 138
Trd, 4318107.293, 127
Trd, 4318107.943, 140
Trd, 4318108.143, 69
Trd, 4318109.193, 140
Trd, 4318111.693, 60
Trd, 4318112.143, 60
Trd, 4318112.743, 60
Trd, 4318113.293, 60
Trd, 4318113.493, 61
Trd, 4318114.493, 60
Trd, 4318116.093, 60
Trd, 4318116.543, 60
Trd, 4318117.843, 60
Trd, 4318118.243, 60
Trd, 4318118.293, 61
Trd, 4318120.893, 60
Trd, 4318121.393, 60
Trd, 4318121.493, 60
Trd, 4318122.343, 62
Trd, 4318122.693, 63
Trd, 4318122.743, 63
Trd, 4318123.043, 63
Trd, 4318123.493, 64
Trd, 4318123.743, 63
Trd, 4318123.843, 66
Trd, 4318124.593, 62
Trd, 4318125.893, 67
Trd, 4318126.093, 128
Trd, 4318127.793, 124
Trd, 4318128.343, 125
Trd, 4318130.493, 140
Trd, 4318130.543, 140
Trd, 4318131.693, 140
Trd, 4318132.143, 139
Trd, 4318133.693, 140
Trd, 4318134.043, 140
Trd, 4318134.643, 140
Trd, 4318136.443, 140
Trd, 4318137.993, 140
Trd, 4318138.543, 140
Trd, 4318139.393, 140
Trd, 4318139.443, 140
Trd, 4318140.043, 140
Trd, 4318140.443, 140
Trd, 4318141.793, 140
Trd, 4318141.943, 140
Trd, 4318143.743, 140
Trd, 4318144.743, 140
Trd, 4318145.843, 140
Trd, 4318145.893, 140
Trd, 4318146.043, 140
Trd, 4318146.643, 140
Trd, 4318148.193, 140
Trd, 4318148.743, 140
Trd, 4318149.193, 140
Trd, 4318150.543, 140
Trd, 4318151.643, 140
Trd, 4318152.093, 140
Trd, 4318152.243, 140
Trd, 4318152.893, 140
Trd, 4318155.093, 140
Trd, 4318155.443, 140
Trd, 4318155.593, 140
Trd, 4318156.543, 140
Trd, 4318157.693, 140
Trd, 4318158.693, 140
Trd, 4318159.593, 140
Trd, 4318160.093, 140
Trd, 4318160.443, 140
Trd, 4318160.793, 140
Trd, 4318161.343, 140
Trd, 4318161.443, 140
Trd, 4318162.143, 140
Trd, 4318162.893, 140
Trd, 4318164.393, 138
Trd, 4318165.543, 140
Trd, 4318165.593, 140
Trd, 4318166.343, 140
Trd, 4318167.743, 131
Trd, 4318168.493, 129
Trd, 4318168.993, 140
Trd, 4318171.593, 140
Trd, 4318171.943, 140
Trd, 4318172.043, 140
Trd, 4318173.843, 140
Trd, 4318173.943, 140
Trd, 4318174.643, 140
Trd, 4318176.543, 140
Trd, 4318176.793, 140
Trd, 4318176.893, 140
Trd, 4318177.443, 140
Trd, 4318177.543, 140
Trd, 4318177.793, 139
Trd, 4318179.293, 140
Trd, 4318180.193, 140
Trd, 4318180.643, 140
Trd, 4318180.743, 140
Trd, 4318182.343, 140
Trd, 4318182.793, 140
Trd, 4318182.893, 138
Trd, 4318183.043, 138
Trd, 4318184.943, 140
Trd, 4318185.793, 140
Trd, 4318186.593, 140
Trd, 4318187.543, 140
Trd, 4318188.643, 140
Trd, 4318188.893, 140
Trd, 4318190.243, 140
Trd, 4318191.043, 140
Trd, 4318191.093, 139
Trd, 4318192.893, 140
Trd, 4318193.793, 140
Trd, 4318195.043, 140
Trd, 4318195.193, 140
Trd, 4318195.893, 140
Trd, 4318197.343, 140
Trd, 4318198.293, 140
Trd, 4318198.543, 140
Trd, 4318199.293, 140
Trd, 4318201.193, 140
Trd, 4318201.343, 139
Trd, 4318202.493, 140
Trd, 4318202.693, 140
Trd, 4318203.893, 140
Trd, 4318204.843, 140
Trd, 4318205.243, 140
Trd, 4318205.293, 139
Trd, 4318206.493, 139
Trd, 4318206.843, 139
Trd, 4318208.343, 140
Trd, 4318208.893, 139
Trd, 4318208.993, 139
Trd, 4318210.693, 140
Trd, 4318210.793, 140
Trd, 4318213.493, 140
Trd, 4318213.843, 140
Trd, 4318214.343, 140
Trd, 4318215.593, 140
Trd, 4318216.243, 140
Trd, 4318217.293, 140
Trd, 4318217.943, 140
Trd, 4318219.093, 140
Trd, 4318219.793, 140
Trd, 4318220.543, 140
Trd, 4318221.293, 140
Trd, 4318221.443, 140
Trd, 4318221.793, 138
Trd, 4318221.943, 137
Trd, 4318223.493, 139
Trd, 4318224.143, 140
Trd, 4318224.693, 124
Trd, 4318224.893, 110
Trd, 4318225.593, 67
Trd, 4318226.993, 60
Trd, 4318227.143, 60
Trd, 4318228.493, 60
Trd, 4318228.793, 60
Trd, 4318230.143, 61
Trd, 4318231.343, 60
Trd, 4318232.193, 60
Trd, 4318233.243, 62
Trd, 4318233.443, 62
Trd, 4318233.793, 63
Trd, 4318235.343, 62
Trd, 4318235.693, 63
Trd, 4318235.843, 62
Trd, 4318236.193, 64
Trd, 4318237.043, 63
Trd, 4318238.343, 61
Trd, 4318238.643, 63
Trd, 4318238.743, 62
Trd, 4318239.143, 63
Trd, 4318239.793, 61
Trd, 4318240.793, 69
Trd, 4318241.493, 63
Trd, 4318241.893, 69
Trd, 4318242.043, 91
Trd, 4318242.443, 66
Trd, 4318243.943, 60
Trd, 4318246.093, 60
Trd, 4318246.243, 60
Trd, 4318246.293, 60
Trd, 4318248.843, 60
Trd, 4318249.543, 60
Trd, 4318249.793, 60
Trd, 4318251.343, 60
Trd, 4318251.793, 60
Trd, 4318251.943, 62
Trd, 4318252.243, 65
Trd, 4318252.643, 63
Trd, 4318253.043, 61
Trd, 4318253.343, 65
Trd, 4318253.943, 60
Trd, 4318255.643, 60
Trd, 4318256.143, 60
Trd, 4318256.893, 61
Trd, 4318257.393, 62
Trd, 4318257.693, 64
Trd, 4318258.343, 140
Trd, 4318260.243, 140
Trd, 4318260.643, 140
Trd, 4318261.043, 140
Trd, 4318262.043, 140
Trd, 4318262.343, 140
Trd, 4318264.043, 140
Trd, 4318264.093, 140
Trd, 4318264.393, 140
Trd, 4318265.943, 125
Trd, 4318266.193, 83
Trd, 4318267.243, 66
Trd, 4318268.993, 60
Trd, 4318269.193, 60
Trd, 4318269.743, 60
Trd, 4318270.943, 60
Trd, 4318271.343, 60
Trd, 4318271.543, 60
Trd, 4318272.093, 62
Trd, 4318272.543, 66
Trd, 4318274.293, 60
Trd, 4318274.343, 61
Trd, 4318275.243, 60
Trd, 4318275.443, 61
Trd, 4318275.493, 61
Trd, 4318275.893, 66
Trd, 4318276.493, 60
Trd, 4318277.193, 61
Trd, 4318277.243, 83
Trd, 4318277.543, 86
Trd, 4318279.893, 140
Trd, 4318280.393, 138
Trd, 4318280.643, 68
Trd, 4318282.093, 140
Trd, 4318283.393, 140
Trd, 4318283.493, 140
Trd, 4318283.543, 140
Trd, 4318284.743, 139
Trd, 4318286.893, 140
Trd, 4318287.143, 140
Trd, 4318287.243, 140
Trd, 4318288.793, 140
Trd, 4318289.493, 140
Trd, 4318290.893, 140
Trd, 4318292.543, 140
Trd, 4318292.843, 140
Trd, 4318292.943, 140
Trd, 4318293.393, 140
Trd, 4318293.543, 140
Trd, 4318294.293, 140
Trd, 4318294.843, 140
Trd, 4318295.443, 140
Trd, 4318295.893, 139
Trd, 4318296.743, 137
Trd, 4318297.543, 101
Trd, 4318297.793, 140
Trd, 4318298.193, 140
Trd, 4318299.793, 120
Trd, 4318301.743, 135
Trd, 4318301.943, 134
Trd, 4318302.543, 63
Trd, 4318302.643, 72
Trd, 4318303.143, 132
Trd, 4318304.493, 66
Trd, 4318304.593, 65
Trd, 4318304.993, 65
Trd, 4318305.493, 64
Trd, 4318305.593, 65
Trd, 4318305.893, 76
Trd, 4318307.743, 60
Trd, 4318307.943, 60
Trd, 4318308.243, 71
Trd, 4318309.893, 61
Trd, 4318310.543, 60
Trd, 4318310.793, 60
Trd, 4318311.243, 82
Trd, 4318311.443, 62
Trd, 4318312.793, 138
Trd, 4318313.243, 140
Trd, 4318313.743, 140
Trd, 4318314.993, 140
Trd, 4318316.343, 140
Trd, 4318316.893, 140
Trd, 4318317.693, 140
Trd, 4318318.143, 140
Trd, 4318318.393, 140
Trd, 4318319.843, 140
Trd, 4318320.593, 137
Trd, 4318321.693, 140
Trd, 4318322.643, 140
Trd, 4318322.693, 140
Trd, 4318324.743, 140
Trd, 4318325.293, 140
Trd, 4318325.693, 140
Trd, 4318327.893, 140
Trd, 4318328.293, 140
Trd, 4318328.743, 140
Trd, 4318330.593, 140
Trd, 4318331.093, 140
Trd, 4318331.193, 140
Trd, 4318331.243, 140
Trd, 4318332.093, 140
Trd, 4318333.693, 140
Trd, 4318333.793, 140
Trd, 4318334.693, 140
Trd, 4318335.043, 139
Trd, 4318335.093, 139
Trd, 4318336.543, 139
Trd, 4318336.643, 113
Trd, 4318338.343, 139
Trd, 4318338.743, 139
Trd, 4318339.293, 140
Trd, 4318340.393, 140
Trd, 4318342.293, 140
Trd, 4318343.993, 140
Trd, 4318344.793, 140
Trd, 4318345.043, 140
Trd, 4318346.793, 140
Trd, 4318347.593, 140
Trd, 4318347.793, 140
Trd, 4318349.343, 140
Trd, 4318349.993, 140
Trd, 4318350.143, 140
Trd, 4318351.293, 140
Trd, 4318351.943, 140
Trd, 4318352.393, 140
Trd, 4318354.143, 140
Trd, 4318354.193, 140
Trd, 4318354.793, 140
Trd, 4318355.693, 140
Trd, 4318356.243, 140
Trd, 4318357.543, 139
Trd, 4318358.243, 140
Trd, 4318358.693, 140
Trd, 4318358.893, 138
Trd, 4318359.043, 94
Trd, 4318359.243, 80
Trd, 4318359.343, 139
Trd, 4318360.493, 139
Trd, 4318362.243, 140
Trd, 4318362.693, 140
Trd, 4318363.143, 138
Trd, 4318363.943, 139
Trd, 4318366.143, 140
Trd, 4318366.843, 140
Trd, 4318368.543, 140
Trd, 4318368.593, 140
Trd, 4318368.643, 140
Trd, 4318368.993, 139
Trd, 4318369.393, 112
Trd, 4318370.693, 137
Trd, 4318370.743, 133
Trd, 4318372.093, 130
Trd, 4318372.293, 66
Trd, 4318373.293, 69
Trd, 4318373.643, 68
Trd, 4318373.893, 130
Trd, 4318374.143, 131
Trd, 4318375.693, 139
Trd, 4318375.793, 109
Trd, 4318377.093, 140
Trd, 4318377.293, 140
Trd, 4318377.443, 139
Trd, 4318378.643, 140
Trd, 4318379.793, 137
Trd, 4318381.693, 140
Trd, 4318382.043, 140
Trd, 4318382.643, 139
Trd, 4318382.793, 139
Trd, 4318383.093, 140
Trd, 4318386.493, 140
Trd, 4318387.293, 140
Trd, 4318387.393, 140
Trd, 4318387.643, 140
Trd, 4318388.993, 140
Trd, 4318389.093, 139
Trd, 4318390.143, 140
Trd, 4318392.993, 140
Trd, 4318393.893, 140
Trd, 4318393.993, 140
Trd, 4318394.043, 140
Trd, 4318394.793, 140
Trd, 4318395.043, 140
Trd, 4318395.393, 140
Trd, 4318395.843, 139
Trd, 4318397.193, 60
Trd, 4318397.443, 138
Trd, 4318398.093, 80
Trd, 4318398.593, 81
Trd, 4318399.793, 84
Trd, 4318400.993, 139
Trd, 4318401.393, 112
Trd, 4318401.743, 115
Trd, 4318402.843, 139
Trd, 4318403.193, 139
Trd, 4318404.343, 138
Trd, 4318404.693, 139
Trd, 4318404.943, 140
Trd, 4318405.893, 140
Trd, 4318406.893, 140
Trd, 4318408.243, 138
Trd, 4318409.443, 140
Trd, 4318411.993, 140
Trd, 4318412.343, 140
Trd, 4318412.743, 140
Trd, 4318413.193, 140
Trd, 4318413.343, 140
Trd, 4318413.893, 140
Trd, 4318414.043, 140
Trd, 4318415.193, 140
Trd, 4318415.343, 140
Trd, 4318415.893, 140
Trd, 4318416.343, 140
Trd, 4318417.343, 140
Trd, 4318417.393, 140
Trd, 4318417.643, 139
Trd, 4318418.343, 137
Trd, 4318418.843, 140
Trd, 4318419.293, 139
Trd, 4318421.193, 140
Trd, 4318422.093, 140
Trd, 4318423.693, 140
Trd, 4318424.043, 140
Trd, 4318424.643, 140
Trd, 4318424.693, 140
Trd, 4318424.743, 140
Trd, 4318425.193, 79
Trd, 4318425.343, 139
Trd, 4318427.893, 140
Trd, 4318428.393, 140
Trd, 4318428.643, 140
Trd, 4318428.993, 139
Trd, 4318429.343, 139
Trd, 4318430.743, 118
Trd, 4318433.143, 140
Trd, 4318433.243, 140
Trd, 4318434.243, 140
Trd, 4318434.743, 140
Trd, 4318434.993, 140
Trd, 4318435.393, 140
Trd, 4318435.593, 139
Trd, 4318435.693, 139
Trd, 4318437.493, 140
Trd, 4318438.193, 140
Trd, 4318439.443, 140
Trd, 4318439.743, 140
Trd, 4318440.143, 140
Trd, 4318440.993, 140
Trd, 4318441.643, 140
Trd, 4318441.693, 139
Trd, 4318442.093, 85
Trd, 4318442.843, 111
Trd, 4318443.593, 137
Trd, 4318444.693, 123
Trd, 4318445.993, 140
Trd, 4318446.593, 140
Trd, 4318447.143, 138
Trd, 4318448.093, 138
Trd, 4318448.443, 139
Trd, 4318450.893, 140
Trd, 4318450.993, 140
Trd, 4318453.293, 140
Trd, 4318453.693, 140
Trd, 4318453.743, 140
Trd, 4318454.893, 140
Trd, 4318455.043, 139
Trd, 4318456.543, 140
Trd, 4318457.443, 140
Trd, 4318458.243, 140
Trd, 4318458.743, 140
Trd, 4318459.243, 140
Trd, 4318459.893, 140
Trd, 4318459.943, 140
Trd, 4318461.543, 140
Trd, 4318461.793, 140
Trd, 4318463.443, 140
Trd, 4318463.843, 140
Trd, 4318464.043, 140
Trd, 4318464.293, 140
Trd, 4318464.943, 140
Trd, 4318465.093, 140
Trd, 4318465.893, 140
Trd, 4318466.593, 139
Trd, 4318466.843, 115
Trd, 4318468.943, 140
Trd, 4318470.043, 140
Trd, 4318470.293, 140
Trd, 4318471.093, 140
Trd, 4318471.843, 140
Trd, 4318473.643, 140
Trd, 4318474.543, 140
Trd, 4318475.193, 140
Trd, 4318475.243, 140
Trd, 4318475.593, 140
Trd, 4318475.893, 140
Trd, 4318476.343, 140
Trd, 4318477.743, 138
Trd, 4318478.143, 140
Trd, 4318478.493, 140
Trd, 4318480.793, 140
Trd, 4318481.643, 140
Trd, 4318482.143, 140
Trd, 4318482.943, 138
Trd, 4318483.243, 130
Trd, 4318484.393, 140
Trd, 4318484.893, 139
Trd, 4318484.943, 139
Trd, 4318486.693, 140
Trd, 4318486.743, 140
Trd, 4318487.393, 139
Trd, 4318488.193, 140
Trd, 4318488.793, 139
Trd, 4318488.843, 126
Trd, 4318489.243, 74
Trd, 4318490.093, 140
Trd, 4318490.243, 139
Trd, 4318492.893, 65
Trd, 4318493.343, 66
Trd, 4318493.443, 66
Trd, 4318493.943, 65
Trd, 4318494.793, 60
Trd, 4318495.643, 65
Trd, 4318495.993, 60
Trd, 4318496.393, 60
Trd, 4318496.543, 60
Trd, 4318496.943, 61
Trd, 4318497.893, 63
Trd, 4318498.943, 60
Trd, 4318500.193, 63
Trd, 4318501.043, 63
Trd, 4318501.793, 60
Trd, 4318503.393, 60
Trd, 4318503.993, 60
Trd, 4318504.093, 63
Trd, 4318505.293, 60
Trd, 4318505.343, 63
Trd, 4318505.843, 62
Trd, 4318506.043, 61
Trd, 4318506.593, 66
Trd, 4318506.943, 62
Trd, 4318507.293, 63
Trd, 4318509.243, 60
Trd, 4318510.143, 60
Trd, 4318510.193, 60
Trd, 4318512.193, 63
Trd, 4318512.543, 64
Trd, 4318512.643, 66
Trd, 4318512.743, 63
Trd, 4318513.793, 60
Trd, 4318514.693, 65
Trd, 4318515.143, 66
Trd, 4318515.743, 65
Trd, 4318516.243, 60
Trd, 4318518.743, 60
Trd, 4318519.293, 60
Trd, 4318519.993, 60
Trd, 4318520.643, 60
Trd, 4318520.743, 61
Trd, 4318521.793, 63
Trd, 4318521.993, 62
Trd, 4318522.393, 62
Trd, 4318522.893, 63
Trd, 4318523.943, 60
Trd, 4318525.643, 60
Trd, 4318526.043, 60
Trd, 4318526.443, 60
Trd, 4318527.793, 60
Trd, 4318529.843, 60
Trd, 4318530.043, 60
Trd, 4318530.143, 62
Trd, 4318530.243, 64
Trd, 4318530.993, 61
Trd, 4318532.593, 61
Trd, 4318532.693, 62
Trd, 4318533.343, 60
Trd, 4318534.693, 61
Trd, 4318534.793, 61
Trd, 4318535.143, 60
Trd, 4318535.793, 61
Trd, 4318535.843, 62
Trd, 4318536.443, 62
Trd, 4318536.793, 63
Trd, 4318536.943, 62
Trd, 4318537.993, 140
Trd, 4318539.643, 140
Trd, 4318541.143, 140
Trd, 4318541.443, 140
Trd, 4318542.443, 140
Trd, 4318542.643, 140
Trd, 4318543.543, 140
Trd, 4318544.293, 140
Trd, 4318544.343, 139
Trd, 4318544.743, 107
Trd, 4318545.243, 139
Trd, 4318545.993, 140
Trd, 4318547.193, 140
Trd, 4318548.043, 139
Trd, 4318548.543, 137
Trd, 4318551.293, 140
Trd, 4318551.393, 140
Trd, 4318552.493, 140
Trd, 4318553.193, 140
Trd, 4318553.493, 140
Trd, 4318553.993, 140
Trd, 4318554.093, 140
Trd, 4318554.393, 140
Trd, 4318554.843, 114
Trd, 4318555.893, 76
Trd, 4318556.343, 140
Trd, 4318556.393, 140
Trd, 4318558.093, 140
Trd, 4318558.243, 140
Trd, 4318559.093, 139
Trd, 4318559.743, 114
Trd, 4318560.993, 139
Trd, 4318561.193, 68
Trd, 4318561.743, 60
Trd, 4318562.543, 60
Trd, 4318563.093, 64
Trd, 4318563.343, 65
Trd, 4318564.493, 60
Trd, 4318566.693, 60
Trd, 4318566.793, 60
Trd, 4318567.043, 60
Trd, 4318568.043, 60
Trd, 4318568.343, 60
Trd, 4318568.693, 60
Trd, 4318569.093, 60
Trd, 4318570.593, 60
Trd, 4318570.793, 61
Trd, 4318570.993, 61
Trd, 4318572.343, 60
Trd, 4318574.443, 60
Trd, 4318574.543, 60
Trd, 4318574.993, 60
Trd, 4318577.143, 60
Trd, 4318577.343, 60
Trd, 4318577.593, 60
Trd, 4318578.843, 60
Trd, 4318579.743, 60
Trd, 4318580.143, 60
Trd, 4318580.593, 60
Trd, 4318580.993, 60
Trd, 4318581.143, 60
Trd, 4318581.793, 60
Trd, 4318582.043, 64
Trd, 4318582.393, 62
Trd, 4318582.943, 60
Trd, 4318585.793, 140
Trd, 4318586.043, 140
Trd, 4318586.493, 140
Trd, 4318586.743, 140
Trd, 4318588.143, 140
Trd, 4318589.343, 140
Trd, 4318590.843, 140
Trd, 4318591.143, 140
Trd, 4318591.193, 140
Trd, 4318592.343, 140
Trd, 4318592.393, 140
Trd, 4318592.493, 138
Trd, 4318592.993, 129
Trd, 4318593.743, 138
Trd, 4318594.393, 60
Trd, 4318595.043, 60
Trd, 4318595.293, 60
Trd, 4318595.393, 60
Trd, 4318597.243, 61
Trd, 4318598.143, 60
Trd, 4318599.193, 60
Trd, 4318600.243, 60
Trd, 4318600.293, 61
Trd, 4318600.343, 61
Trd, 4318601.193, 77
Trd, 4318602.593, 62
Trd, 4318603.243, 63
Trd, 4318605.393, 60
Trd, 4318605.443, 61
Trd, 4318605.993, 60
Trd, 4318606.943, 64
Trd, 4318608.293, 60
Trd, 4318608.743, 60
Trd, 4318608.993, 60
Trd, 4318609.193, 60
Trd, 4318610.193, 61
Trd, 4318610.543, 60
Trd, 4318611.043, 62
Trd, 4318611.593, 62
Trd, 4318611.843, 63
Trd, 4318612.743, 62
Trd, 4318613.393, 62
Trd, 4318613.543, 60
Trd, 4318614.893, 64
Trd, 4318614.943, 64
Trd, 4318615.093, 65
Trd, 4318616.243, 60
Trd, 4318617.243, 76
Trd, 4318617.543, 75
Trd, 4318617.643, 76
Trd, 4318618.893, 68
Trd, 4318621.293, 60
Trd, 4318621.643, 60
Trd, 4318622.543, 60
Trd, 4318622.943, 60
Trd, 4318623.143, 60
Trd, 4318623.493, 62
Trd, 4318624.743, 140
Trd, 4318624.893, 140
Trd, 4318625.193, 140
Trd, 4318626.993, 64
Trd, 4318627.893, 139
Trd, 4318628.543, 129
Trd, 4318628.993, 126
Trd, 4318629.793, 136
Trd, 4318630.243, 127
Trd, 4318630.493, 126
Trd, 4318630.693, 131
Trd, 4318630.943, 132
Trd, 4318632.693, 140
Trd, 4318633.243, 140
Trd, 4318633.343, 139
Trd, 4318633.893, 140
Trd, 4318635.393, 140
Trd, 4318635.993, 138
Trd, 4318636.793, 140
Trd, 4318638.043, 140
Trd, 4318639.593, 139
Trd, 4318640.543, 139
Trd, 4318641.593, 140
Trd, 4318641.643, 140
Trd, 4318642.743, 140
Trd, 4318643.193, 140
Trd, 4318643.243, 140
Trd, 4318643.343, 140
Trd, 4318646.643, 140
Trd, 4318646.693, 140
Trd, 4318646.893, 140
Trd, 4318648.143, 140
Trd, 4318649.093, 140
Trd, 4318649.443, 140
Trd, 4318649.793, 140
Trd, 4318652.093, 140
Trd, 4318652.493, 140
Trd, 4318653.493, 140
Trd, 4318653.543, 140
Trd, 4318654.943, 140
Trd, 4318655.943, 140
Trd, 4318655.993, 140
Trd, 4318657.493, 140
Trd, 4318657.993, 140
Trd, 4318658.193, 140
Trd, 4318658.843, 140
Trd, 4318659.093, 140
Trd, 4318659.243, 139
Trd, 4318660.943, 140
Trd, 4318661.243, 140
Trd, 4318661.593, 136
Trd, 4318662.543, 140
Trd, 4318663.443, 139
Trd, 4318663.593, 138
Trd, 4318664.193, 137
Trd, 4318664.293, 132
Trd, 4318665.493, 138
Trd, 4318666.393, 140
Trd, 4318666.943, 140
Trd, 4318668.093, 124
Trd, 4318668.743, 139
Trd, 4318671.843, 140
Trd, 4318672.143, 140
Trd, 4318672.543, 140
Trd, 4318673.443, 140
Trd, 4318674.693, 140
Trd, 4318675.743, 139
Trd, 4318677.993, 140
Trd, 4318678.093, 140
Trd, 4318678.393, 140
Trd, 4318679.093, 139
Trd, 4318679.493, 140
Trd, 4318679.643, 139
Trd, 4318680.843, 140
Trd, 4318682.343, 140
Trd, 4318683.493, 140
Trd, 4318683.993, 140
Trd, 4318684.343, 140
Trd, 4318685.393, 140
Trd, 4318686.093, 140
Trd, 4318686.543, 139
Trd, 4318687.043, 138
Trd, 4318687.493, 137
Trd, 4318687.843, 106
Trd, 4318689.293, 140
Trd, 4318690.343, 140
Trd, 4318690.543, 140
Trd, 4318691.393, 140
Trd, 4318691.543, 140
Trd, 4318692.543, 140
Trd, 4318695.293, 140
Trd, 4318696.443, 140
Trd, 4318696.543, 140
Trd, 4318696.793, 140
Trd, 4318698.693, 140
Trd, 4318699.543, 140
Trd, 4318699.993, 140
Trd, 4318701.043, 140
Trd, 4318701.243, 140
Trd, 4318702.093, 140
Trd, 4318702.443, 140
Trd, 4318703.693, 140
Trd, 4318703.893, 140
Trd, 4318704.743, 140
Trd, 4318705.393, 140
Trd, 4318706.943, 140
Trd, 4318707.593, 140
Trd, 4318708.443, 140
Trd, 4318708.543, 140
Trd, 4318708.593, 140
Trd, 4318710.343, 137
Trd, 4318710.493, 137
Trd, 4318711.343, 140
Trd, 4318712.543, 139
Trd, 4318713.493, 140
Trd, 4318713.643, 140
Trd, 4318713.693, 139
Trd, 4318714.993, 140
Trd, 4318715.893, 140
Trd, 4318716.393, 140
Trd, 4318717.593, 140
Trd, 4318717.793, 140
Trd, 4318718.493, 139
Trd, 4318718.993, 139
Trd, 4318719.193, 139
Trd, 4318719.593, 134
Trd, 4318721.243, 140
Trd, 4318721.343, 140
Trd, 4318722.343, 140
Trd, 4318724.143, 140
Trd, 4318725.443, 140
Trd, 4318726.193, 140
Trd, 4318726.443, 140
Trd, 4318726.743, 139
Trd, 4318727.693, 140
Trd, 4318728.193, 139
Trd, 4318730.293, 140
Trd, 4318730.593, 140
Trd, 4318731.593, 140
Trd, 4318732.543, 140
Trd, 4318733.293, 140
Trd, 4318734.443, 140
Trd, 4318735.293, 140
Trd, 4318735.543, 139
Trd, 4318735.993, 137
Trd, 4318736.393, 140
Trd, 4318736.893, 140
Trd, 4318737.443, 140
Trd, 4318737.593, 113
Trd, 4318738.943, 140
Trd, 4318739.293, 138
Trd, 4318739.343, 135
Trd, 4318741.293, 140
Trd, 4318742.093, 140
Trd, 4318744.043, 140
Trd, 4318745.343, 140
Trd, 4318746.193, 140
Trd, 4318746.843, 140
Trd, 4318746.893, 140
Trd, 4318747.443, 140
Trd, 4318747.643, 140
Trd, 4318747.743, 140
Trd, 4318750.143, 140
Trd, 4318750.543, 140
Trd, 4318751.593, 140
Trd, 4318752.043, 140
Trd, 4318754.443, 140
Trd, 4318756.143, 140
Trd, 4318756.443, 140
Trd, 4318757.043, 140
Trd, 4318757.093, 140
Trd, 4318758.243, 140
Trd, 4318759.893, 140
Trd, 4318760.243, 140
Trd, 4318760.293, 140
Trd, 4318760.693, 139
Trd, 4318762.843, 140
Trd, 4318763.143, 139
Trd, 4318763.443, 138
Trd, 4318763.943, 140
Trd, 4318764.143, 133
Trd, 4318764.343, 140
Trd, 4318764.593, 60
Trd, 4318765.143, 60
Trd, 4318765.893, 60
Trd, 4318766.543, 60
Trd, 4318769.343, 140
Trd, 4318769.443, 140
Trd, 4318770.493, 140
Trd, 4318770.543, 140
Trd, 4318771.293, 139
Trd, 4318771.843, 139
Trd, 4318773.593, 140
Trd, 4318773.693, 140
Trd, 4318774.593, 140
Trd, 4318774.743, 139
Trd, 4318774.793, 90
Trd, 4318775.593, 89
Trd, 4318776.893, 140
Trd, 4318777.993, 140
Trd, 4318778.843, 140
Trd, 4318779.393, 140
Trd, 4318780.043, 139
Trd, 4318781.693, 140
Trd, 4318782.093, 140
Trd, 4318782.993, 138
Trd, 4318783.543, 62
Trd, 4318784.443, 140
Trd, 4318785.393, 140
Trd, 4318785.793, 140
Trd, 4318786.443, 136
Trd, 4318788.043, 140
Trd, 4318788.293, 140
Trd, 4318788.493, 140
Trd, 4318790.993, 140
Trd, 4318791.943, 140
Trd, 4318791.993, 140
Trd, 4318792.143, 140
Trd, 4318792.343, 140
Trd, 4318792.843, 132
Trd, 4318793.043, 139
Trd, 4318794.043, 140
Trd, 4318794.243, 139
Trd, 4318795.143, 140
Trd, 4318795.243, 140
Trd, 4318795.943, 139
Trd, 4318796.293, 140
Trd, 4318796.893, 139
Trd, 4318797.843, 117
Trd, 4318798.543, 136
Trd, 4318801.343, 60
Trd, 4318801.943, 60
Trd, 4318802.193, 63
Trd, 4318802.493, 63
Trd, 4318802.693, 64
Trd, 4318802.793, 61
Trd, 4318803.943, 60
Trd, 4318806.093, 140
Trd, 4318806.193, 140
Trd, 4318806.893, 140
Trd, 4318807.193, 140
Trd, 4318807.393, 140
Trd, 4318807.743, 139
Trd, 4318808.193, 132
Trd, 4318809.943, 139
Trd, 4318810.143, 65
Trd, 4318810.843, 69
Trd, 4318811.093, 70
Trd, 4318811.693, 71
Trd, 4318812.343, 68
Trd, 4318812.593, 71
Trd, 4318812.793, 72
Trd, 4318814.243, 140
Trd, 4318815.093, 140
Trd, 4318815.343, 140
Trd, 4318815.393, 139
Trd, 4318816.493, 140
Trd, 4318817.093, 140
Trd, 4318817.993, 140
Trd, 4318818.843, 140
Trd, 4318819.443, 140
Trd, 4318820.293, 140
Trd, 4318821.943, 140
Trd, 4318822.693, 140
Trd, 4318824.343, 140
Trd, 4318824.443, 140
Trd, 4318826.643, 140
Trd, 4318826.893, 140
Trd, 4318827.393, 140
Trd, 4318827.593, 140
Trd, 4318827.693, 140
Trd, 4318829.043, 140
Trd, 4318830.493, 140
Trd, 4318831.093, 140
Trd, 4318831.343, 140
Trd, 4318831.593, 140
Trd, 4318832.943, 140
Trd, 4318833.793, 140
Trd, 4318834.843, 140
Trd, 4318836.293, 140
Trd, 4318836.793, 140
Trd, 4318838.843, 140
Trd, 4318839.843, 140
Trd, 4318839.993, 140
Trd, 4318840.093, 140
Trd, 4318841.943, 140
Trd, 4318842.293, 140
Trd, 4318842.943, 140
Trd, 4318843.093, 139
Trd, 4318843.643, 138
Trd, 4318843.993, 92
Trd, 4318844.343, 135
Trd, 4318844.893, 134
Trd, 4318845.043, 76
Trd, 4318846.193, 61
Trd, 4318847.593, 63
Trd, 4318849.243, 60
Trd, 4318849.293, 60
Trd, 4318849.843, 61
Trd, 4318850.943, 62
Trd, 4318851.043, 62
Trd, 4318851.393, 61
Trd, 4318852.193, 61
Trd, 4318852.443, 60
Trd, 4318853.093, 60
Trd, 4318853.293, 63
Trd, 4318853.443, 67
Trd, 4318855.043, 140
Trd, 4318855.493, 140
Trd, 4318856.293, 60
Trd, 4318857.593, 139
Trd, 4318858.343, 140
Trd, 4318858.543, 140
Trd, 4318858.893, 140
Trd, 4318859.043, 73
Trd, 4318859.793, 140
Trd, 4318860.243, 140
Trd, 4318861.093, 140
Trd, 4318861.343, 140
Trd, 4318861.493, 140
Trd, 4318863.243, 140
Trd, 4318863.293, 140
Trd, 4318865.493, 140
Trd, 4318867.043, 140
Trd, 4318867.143, 140
Trd, 4318867.543, 140
Trd, 4318868.993, 140
Trd, 4318869.043, 140
Trd, 4318869.343, 140
Trd, 4318870.493, 140
Trd, 4318870.893, 140
Trd, 4318872.443, 140
Trd, 4318872.793, 140
Trd, 4318875.243, 140
Trd, 4318875.443, 140
Trd, 4318876.193, 122
Trd, 4318876.493, 101
Trd, 4318877.143, 140
Trd, 4318878.393, 140
Trd, 4318879.493, 140
Trd, 4318880.843, 140
Trd, 4318881.943, 140
Trd, 4318883.593, 140
Trd, 4318883.793, 140
Trd, 4318883.993, 139
Trd, 4318884.043, 138
Trd, 4318884.643, 140
Trd, 4318885.543, 138
Trd, 4318885.743, 106
Trd, 4318887.093, 120
Trd, 4318887.443, 119
Trd, 4318887.543, 139
Trd, 4318888.643, 140
Trd, 4318889.293, 140
Trd, 4318890.093, 140
Trd, 4318891.093, 140
Trd, 4318891.543, 140
Trd, 4318893.843, 140
Trd, 4318894.443, 140
Trd, 4318894.843, 140
Trd, 4318895.393, 140
Trd, 4318896.443, 140
Trd, 4318896.593, 140
Trd, 4318897.293, 140
Trd, 4318897.843, 140
Trd, 4318898.093, 140
Trd, 4318898.393, 140
Trd, 4318898.543, 140
Trd, 4318898.743, 91
Trd, 4318899.043, 138
Trd, 4318900.343, 140
Trd, 4318900.443, 140
Trd, 4318900.543, 140
Trd, 4318901.043, 140
Trd, 4318902.193, 61
Trd, 4318902.493, 62
Trd, 4318903.193, 60
Trd, 4318904.593, 63
Trd, 4318904.693, 71
Trd, 4318905.493, 139
Trd, 4318905.993, 140
Trd, 4318906.693, 140
Trd, 4318907.443, 140
Trd, 4318908.343, 140
Trd, 4318911.043, 140
Trd, 4318911.993, 140
Trd, 4318912.593, 140
Trd, 4318913.393, 140
Trd, 4318914.293, 140
Trd, 4318914.393, 140
Trd, 4318915.643, 140
Trd, 4318916.193, 140
Trd, 4318917.543, 140
Trd, 4318917.593, 140
Trd, 4318919.343, 140
Trd, 4318920.443, 140
Trd, 4318920.693, 140
Trd, 4318921.243, 140
Trd, 4318922.243, 139
Trd, 4318922.793, 140
Trd, 4318922.843, 139
Trd, 4318922.893, 134
Trd, 4318923.943, 139
Trd, 4318924.293, 140
Trd, 4318924.393, 74
Trd, 4318926.093, 140
Trd, 4318926.893, 140
Trd, 4318927.543, 117
Trd, 4318928.593, 140
Trd, 4318928.943, 139
Trd, 4318930.993, 140
Trd, 4318931.843, 140
Trd, 4318931.893, 140
Trd, 4318931.943, 140
Trd, 4318933.743, 140
Trd, 4318934.343, 140
Trd, 4318934.943, 140
Trd, 4318935.893, 140
Trd, 4318936.593, 140
Trd, 4318936.793, 140
Trd, 4318937.693, 140
Trd, 4318937.793, 140
Trd, 4318940.343, 140
Trd, 4318940.543, 140
Trd, 4318940.693, 140
Trd, 4318941.793, 140
Trd, 4318943.593, 140
Trd, 4318943.893, 140
Trd, 4318944.043, 140
Trd, 4318944.293, 140
Trd, 4318944.493, 140
Trd, 4318944.893, 140
Trd, 4318945.893, 140
Trd, 4318946.593, 140
Trd, 4318947.293, 140
Trd, 4318948.293, 140
Trd, 4318948.343, 140
Trd, 4318948.393, 140
Trd, 4318948.943, 140
Trd, 4318949.343, 96
Trd, 4318950.343, 140
Trd, 4318950.493, 121
Trd, 4318951.843, 140
Trd, 4318953.093, 140
Trd, 4318953.793, 140
Trd, 4318954.293, 140
Trd, 4318954.543, 140
Trd, 4318955.543, 138
Trd, 4318956.143, 138
Trd, 4318956.543, 140
Trd, 4318957.093, 140
Trd, 4318959.143, 140
Trd, 4318960.243, 140
Trd, 4318962.393, 140
Trd, 4318962.543, 140
Trd, 4318962.943, 91
Trd, 4318963.043, 90
Trd, 4318964.443, 60
Trd, 4318964.493, 61
Trd, 4318965.593, 140
Trd, 4318966.643, 139
Trd, 4318966.943, 138
Trd, 4318967.843, 94
Trd, 4318968.643, 64
Trd, 4318970.143, 60
Trd, 4318970.493, 60
Trd, 4318972.193, 61
Trd, 4318973.143, 60
Trd, 4318973.643, 63
Trd, 4318974.243, 63
Trd, 4318974.393, 63
Trd, 4318975.343, 63
Trd, 4318975.693, 62
Trd, 4318975.943, 63
Trd, 4318976.343, 61
Trd, 4318976.993, 61
Trd, 4318977.543, 140
Trd, 4318977.893, 61
Trd, 4318979.293, 61
Trd, 4318980.343, 60
Trd, 4318980.643, 62
Trd, 4318981.893, 60
Trd, 4318982.693, 61
Trd, 4318983.243, 63
Trd, 4318984.143, 61
Trd, 4318986.293, 60
Trd, 4318986.643, 60
Trd, 4318987.543, 60
Trd, 4318989.243, 60
Trd, 4318989.643, 60
Trd, 4318990.643, 60
Trd, 4318991.393, 60
Trd, 4318991.643, 63
Trd, 4318992.793, 61
Trd, 4318993.793, 61
Trd, 4318993.993, 62
Trd, 4318994.093, 63
Trd, 4318994.143, 65
Trd, 4318995.043, 65
Trd, 4318995.243, 63
Trd, 4318996.693, 63
Trd, 4318996.993, 65
Trd, 4318997.443, 140
Trd, 4318997.693, 70
Trd, 4318999.993, 60
Trd, 4319001.093, 60
Trd, 4319001.393, 60
Trd, 4319002.443, 61
Trd, 4319002.893, 61
Trd, 4319003.343, 60
Trd, 4319004.693, 60
Trd, 4319005.743, 60
Trd, 4319006.093, 60
Trd, 4319007.193, 60
Trd, 4319007.443, 62
Trd, 4319007.543, 63
Trd, 4319008.393, 61
Trd, 4319009.343, 60
Trd, 4319009.493, 60
Trd, 4319009.893, 63
Trd, 4319009.993, 66
Trd, 4319010.793, 137
Trd, 4319011.043, 67
Trd, 4319012.893, 60
Trd, 4319013.443, 60
Trd, 4319014.443, 60
Trd, 4319015.543, 60
Trd, 4319015.893, 62
Trd, 4319016.543, 65
Trd, 4319018.543, 60
Trd, 4319019.493, 60
Trd, 4319020.293, 60
Trd, 4319020.743, 61
Trd, 4319020.893, 61
Trd, 4319021.293, 63
Trd, 4319022.043, 64
Trd, 4319022.493, 140
Trd, 4319022.543, 135
Trd, 4319023.893, 62
Trd, 4319025.143, 60
Trd, 4319025.443, 60
Trd, 4319025.643, 60
Trd, 4319027.393, 62
Trd, 4319028.893, 61
Trd, 4319029.243, 62
Trd, 4319029.543, 63
Trd, 4319029.943, 61
Trd, 4319030.743, 60
Trd, 4319032.343, 60
Trd, 4319033.043, 61
Trd, 4319033.493, 60
Trd, 4319035.293, 61
Trd, 4319035.943, 60
Trd, 4319036.643, 60
Trd, 4319037.243, 60
Trd, 4319037.293, 60
Trd, 4319038.293, 62
Trd, 4319039.493, 60
Trd, 4319039.743, 60
Trd, 4319041.643, 60
Trd, 4319043.193, 60
Trd, 4319043.643, 60
Trd, 4319044.143, 60
Trd, 4319044.693, 61
Trd, 4319044.793, 63
Trd, 4319045.543, 63
Trd, 4319046.343, 63
Trd, 4319046.443, 62
Trd, 4319046.843, 60
Trd, 4319046.943, 64
Trd, 4319048.093, 60
Trd, 4319048.843, 62
Trd, 4319048.893, 63
Trd, 4319050.693, 60
Trd, 4319052.393, 60
Trd, 4319052.793, 60
Trd, 4319052.843, 62
Trd, 4319055.743, 60
Trd, 4319055.893, 60
Trd, 4319056.793, 60
Trd, 4319057.743, 60
Trd, 4319058.293, 60
Trd, 4319059.893, 60
Trd, 4319060.143, 60
Trd, 4319060.243, 60
Trd, 4319060.443, 62
Trd, 4319060.843, 80
Trd, 4319061.393, 66
Trd, 4319062.393, 140
Trd, 4319062.693, 70
Trd, 4319063.193, 138
Trd, 4319063.993, 136
Trd, 4319065.493, 130
Trd, 4319067.243, 140
Trd, 4319068.143, 140
Trd, 4319068.443, 140
Trd, 4319068.643, 140
Trd, 4319070.893, 140
Trd, 4319071.943, 140
Trd, 4319072.493, 140
Trd, 4319072.543, 140
Trd, 4319072.943, 140
Trd, 4319074.193, 140
Trd, 4319074.893, 140
Trd, 4319076.693, 140
Trd, 4319077.293, 140
Trd, 4319077.893, 140
Trd, 4319078.293, 140
Trd, 4319078.993, 140
Trd, 4319079.393, 140
Trd, 4319081.243, 140
Trd, 4319081.293, 140
Trd, 4319081.343, 140
Trd, 4319081.593, 140
Trd, 4319081.743, 136
Trd, 4319081.943, 119
Trd, 4319083.393, 140
Trd, 4319083.943, 140
Trd, 4319084.943, 140
Trd, 4319085.293, 140
Trd, 4319086.743, 140
Trd, 4319086.993, 140
Trd, 4319088.593, 140
Trd, 4319089.493, 140
Trd, 4319089.743, 140
Trd, 4319090.043, 140
Trd, 4319091.693, 140
Trd, 4319091.793, 140
Trd, 4319091.943, 140
Trd, 4319092.943, 140
Trd, 4319093.943, 140
Trd, 4319094.393, 140
Trd, 4319094.543, 140
Trd, 4319095.243, 140
Trd, 4319095.293, 140
Trd, 4319095.843, 140
Trd, 4319096.893, 136
Trd, 4319097.093, 134
Trd, 4319097.893, 140
Trd, 4319098.493, 139
Trd, 4319099.543, 140
Trd, 4319100.093, 139
Trd, 4319101.193, 70
Trd, 4319101.793, 140
Trd, 4319103.093, 140
Trd, 4319103.943, 140
Trd, 4319104.543, 139
Trd, 4319105.293, 140
Trd, 4319106.943, 140
Trd, 4319107.893, 140
Trd, 4319108.293, 140
Trd, 4319108.393, 139
Trd, 4319111.243, 140
Trd, 4319111.293, 140
Trd, 4319111.543, 140
Trd, 4319112.243, 140
Trd, 4319112.643, 140
Trd, 4319114.343, 140
Trd, 4319115.843, 140
Trd, 4319116.543, 140
Trd, 4319117.293, 140
Trd, 4319118.243, 140
Trd, 4319118.393, 140
Trd, 4319119.743, 140
Trd, 4319119.843, 140
Trd, 4319120.043, 140
Trd, 4319120.943, 140
Trd, 4319121.793, 140
Trd, 4319122.343, 140
Trd, 4319122.443, 139
Trd, 4319122.993, 140
Trd, 4319123.093, 140
Trd, 4319125.293, 137
Trd, 4319126.043, 131
Trd, 4319126.393, 139
Trd, 4319126.543, 130
Trd, 4319127.643, 140
Trd, 4319127.693, 130
Trd, 4319128.243, 130
Trd, 4319128.743, 90
Trd, 4319129.943, 140
Trd, 4319130.443, 137
Trd, 4319131.343, 66
Trd, 4319132.693, 140
Trd, 4319133.543, 140
Trd, 4319133.693, 140
Trd, 4319133.893, 140
Trd, 4319134.143, 140
Trd, 4319135.093, 140
Trd, 4319136.593, 140
Trd, 4319137.093, 140
Trd, 4319138.193, 140
Trd, 4319140.843, 140
Trd, 4319140.993, 140
Trd, 4319142.443, 140
Trd, 4319142.643, 140
Trd, 4319143.443, 140
Trd, 4319143.743, 140
Trd, 4319144.443, 140
Trd, 4319144.543, 140
Trd, 4319146.843, 140
Trd, 4319146.943, 140
Trd, 4319148.293, 140
Trd, 4319148.493, 140
Trd, 4319148.593, 140
Trd, 4319150.243, 140
Trd, 4319150.643, 140
Trd, 4319153.043, 140
Trd, 4319153.343, 140
Trd, 4319153.993, 140
Trd, 4319155.343, 140
Trd, 4319155.593, 140
Trd, 4319155.943, 140
Trd, 4319156.443, 140
Trd, 4319157.543, 61
Trd, 4319157.943, 61
Trd, 4319158.243, 65
Trd, 4319158.943, 62
Trd, 4319159.243, 61
Trd, 4319159.893, 129
Trd, 4319161.143, 140
Trd, 4319161.743, 140
Trd, 4319162.143, 139
Trd, 4319162.193, 67
Trd, 4319163.093, 80
Trd, 4319163.693, 140
Trd, 4319163.943, 140
Trd, 4319164.743, 140
Trd, 4319164.793, 139
Trd, 4319167.093, 140
Trd, 4319167.243, 140
Trd, 4319167.993, 140
Trd, 4319168.343, 140
Trd, 4319169.743, 140
Trd, 4319170.793, 140
Trd, 4319171.143, 135
Trd, 4319171.993, 139
Trd, 4319173.093, 140
Trd, 4319173.693, 140
Trd, 4319176.243, 140
Trd, 4319176.543, 140
Trd, 4319176.643, 140
Trd, 4319177.093, 140
Trd, 4319177.693, 140
Trd, 4319178.693, 140
Trd, 4319178.843, 140
Trd, 4319179.743, 140
Trd, 4319180.493, 140
Trd, 4319181.943, 140
Trd, 4319182.243, 140
Trd, 4319183.693, 140
Trd, 4319184.143, 140
Trd, 4319185.743, 140
Trd, 4319187.543, 140
Trd, 4319188.193, 140
Trd, 4319189.143, 140
Trd, 4319190.043, 140
Trd, 4319190.193, 140
Trd, 4319190.393, 140
Trd, 4319192.343, 140
Trd, 4319194.393, 140
Trd, 4319194.643, 140
Trd, 4319194.893, 140
Trd, 4319194.993, 140
Trd, 4319196.643, 140
Trd, 4319197.293, 139
Trd, 4319198.093, 140
Trd, 4319198.993, 140
Trd, 4319199.493, 140
Trd, 4319199.793, 140
Trd, 4319200.293, 138
Trd, 4319200.743, 119
Trd, 4319201.893, 140
Trd, 4319202.043, 140
Trd, 4319203.593, 140
Trd, 4319204.793, 140
Trd, 4319205.243, 140
Trd, 4319205.793, 140
Trd, 4319206.793, 140
Trd, 4319207.793, 140
Trd, 4319208.293, 140
Trd, 4319208.843, 140
Trd, 4319208.993, 140
Trd, 4319209.293, 140
Trd, 4319210.543, 140
Trd, 4319211.343, 140
Trd, 4319211.943, 139
Trd, 4319212.393, 139
Trd, 4319213.093, 140
Trd, 4319213.243, 118
Trd, 4319214.243, 140
Trd, 4319214.493, 139
Trd, 4319215.543, 139
Trd, 4319216.343, 140
Trd, 4319217.893, 140
Trd, 4319219.143, 140
Trd, 4319219.243, 140
Trd, 4319220.843, 140
Trd, 4319221.393, 140
Trd, 4319222.843, 140
Trd, 4319224.543, 140
Trd, 4319225.193, 140
Trd, 4319225.543, 140
Trd, 4319226.943, 140
Trd, 4319228.243, 140
Trd, 4319228.943, 140
Trd, 4319229.343, 140
Trd, 4319229.543, 140
Trd, 4319229.593, 140
Trd, 4319229.893, 140
Trd, 4319230.693, 140
Trd, 4319231.393, 139
Trd, 4319231.593, 140
Trd, 4319232.843, 140
Trd, 4319233.243, 140
Trd, 4319235.543, 140
Trd, 4319235.593, 140
Trd, 4319235.943, 140
Trd, 4319237.093, 140
Trd, 4319238.943, 140
Trd, 4319239.243, 140
Trd, 4319239.393, 140
Trd, 4319240.693, 140
Trd, 4319241.293, 140
Trd, 4319241.843, 140
Trd, 4319243.443, 140
Trd, 4319244.443, 140
Trd, 4319244.643, 140
Trd, 4319245.643, 140
Trd, 4319246.343, 140
Trd, 4319246.593, 132
Trd, 4319247.743, 140
Trd, 4319248.243, 140
Trd, 4319249.543, 140
Trd, 4319250.093, 140
Trd, 4319251.343, 140
Trd, 4319251.943, 140
Trd, 4319251.993, 139
Trd, 4319253.843, 140
Trd, 4319254.243, 140
Trd, 4319254.593, 140
Trd, 4319256.443, 140
Trd, 4319257.443, 140
Trd, 4319258.793, 140
Trd, 4319258.993, 140
Trd, 4319259.793, 140
Trd, 4319261.343, 140
Trd, 4319261.693, 140
Trd, 4319261.843, 140
Trd, 4319261.893, 140
Trd, 4319263.043, 140
Trd, 4319263.343, 140
Trd, 4319264.443, 140
Trd, 4319264.743, 131
Trd, 4319266.393, 140
Trd, 4319266.493, 140
Trd, 4319268.193, 140
Trd, 4319268.943, 140
Trd, 4319270.543, 140
Trd, 4319270.743, 140
Trd, 4319271.243, 140
Trd, 4319271.743, 140
Trd, 4319272.643, 140
Trd, 4319273.293, 140
Trd, 4319273.443, 140
Trd, 4319274.143, 140
Trd, 4319274.243, 140
Trd, 4319275.243, 140
Trd, 4319277.343, 140
Trd, 4319278.893, 139
Trd, 4319280.793, 140
Trd, 4319280.993, 140
Trd, 4319281.443, 140
Trd, 4319282.443, 140
Trd, 4319283.143, 140
Trd, 4319283.193, 140
Trd, 4319283.293, 139
Trd, 4319285.543, 140
Trd, 4319285.793, 140
Trd, 4319285.843, 140
Trd, 4319285.993, 139
Trd, 4319286.643, 121
Trd, 4319288.493, 140
Trd, 4319289.193, 140
Trd, 4319289.843, 140
Trd, 4319290.543, 140
Trd, 4319291.543, 140
Trd, 4319292.293, 140
Trd, 4319292.693, 140
Trd, 4319293.043, 140
Trd, 4319293.493, 140
Trd, 4319293.793, 140
Trd, 4319294.793, 140
Trd, 4319296.043, 140
Trd, 4319296.143, 140
Trd, 4319297.143, 140
Trd, 4319298.593, 140
Trd, 4319298.743, 140
Trd, 4319299.893, 140
Trd, 4319300.943, 140
Trd, 4319301.743, 140
Trd, 4319303.043, 140
Trd, 4319304.143, 140
Trd, 4319304.693, 140
Trd, 4319304.843, 140
Trd, 4319304.893, 140
Trd, 4319305.193, 140
Trd, 4319305.943, 140
Trd, 4319305.993, 140
Trd, 4319307.193, 140
Trd, 4319307.493, 137
Trd, 4319308.393, 104
Trd, 4319309.143, 139
Trd, 4319310.343, 139
Trd, 4319310.443, 128
Trd, 4319313.193, 140
Trd, 4319313.243, 140
Trd, 4319314.193, 140
Trd, 4319315.193, 140
Trd, 4319315.293, 140
Trd, 4319316.093, 140
Trd, 4319316.393, 140
Trd, 4319319.143, 140
Trd, 4319320.293, 140
Trd, 4319321.043, 140
Trd, 4319322.443, 140
Trd, 4319322.743, 140
Trd, 4319322.843, 140
Trd, 4319323.443, 140
Trd, 4319325.543, 140
Trd, 4319325.843, 140
Trd, 4319326.043, 140
Trd, 4319327.543, 140
Trd, 4319327.693, 137
Trd, 4319330.443, 140
Trd, 4319330.643, 140
Trd, 4319330.943, 140
Trd, 4319331.093, 140
Trd, 4319332.093, 140
Trd, 4319332.843, 140
Trd, 4319334.043, 140
Trd, 4319334.843, 140
Trd, 4319334.943, 102
Trd, 4319336.193, 140
Trd, 4319336.343, 140
Trd, 4319336.443, 140
Trd, 4319336.843, 140
Trd, 4319338.093, 140
Trd, 4319338.343, 140
Trd, 4319338.393, 139
Trd, 4319339.093, 137
Trd, 4319339.143, 112
Trd, 4319339.993, 140
Trd, 4319340.243, 139
Trd, 4319342.693, 60
Trd, 4319344.093, 60
Trd, 4319344.293, 60
Trd, 4319344.393, 62
Trd, 4319344.693, 64
Trd, 4319345.993, 60
Trd, 4319346.943, 60
Trd, 4319348.193, 60
Trd, 4319348.243, 64
Trd, 4319350.543, 60
Trd, 4319352.393, 60
Trd, 4319352.493, 60
Trd, 4319352.593, 63
Trd, 4319353.043, 65
Trd, 4319353.143, 64
Trd, 4319353.643, 62
Trd, 4319353.693, 65
Trd, 4319354.043, 140
Trd, 4319355.793, 62
Trd, 4319356.993, 60
Trd, 4319357.293, 60
Trd, 4319357.343, 60
Trd, 4319358.493, 60
Trd, 4319358.743, 61
Trd, 4319359.343, 60
Trd, 4319361.343, 60
Trd, 4319361.793, 60
Trd, 4319362.393, 61
Trd, 4319364.243, 60
Trd, 4319364.743, 61
Trd, 4319366.043, 61
Trd, 4319367.543, 60
Trd, 4319367.843, 60
Trd, 4319368.193, 60
Trd, 4319369.943, 60
Trd, 4319370.193, 60
Trd, 4319371.893, 60
Trd, 4319372.093, 60
Trd, 4319372.593, 60
Trd, 4319372.693, 61
Trd, 4319372.993, 60
Trd, 4319373.693, 61
Trd, 4319374.243, 61
Trd, 4319375.043, 133
Trd, 4319375.343, 139
Trd, 4319375.943, 140
Trd, 4319376.593, 140
Trd, 4319378.693, 140
Trd, 4319378.893, 140
Trd, 4319379.893, 140
Trd, 4319381.043, 140
Trd, 4319381.243, 140
Trd, 4319382.493, 140
Trd, 4319383.043, 140
Trd, 4319384.343, 140
Trd, 4319384.793, 140
Trd, 4319384.943, 140
Trd, 4319386.043, 140
Trd, 4319386.293, 140
Trd, 4319387.043, 136
Trd, 4319388.143, 140
Trd, 4319390.043, 140
Trd, 4319391.443, 140
Trd, 4319391.893, 140
Trd, 4319392.143, 140
Trd, 4319392.393, 140
Trd, 4319393.693, 140
Trd, 4319393.743, 140
Trd, 4319394.593, 140
Trd, 4319395.143, 137
Trd, 4319396.143, 134
Trd, 4319396.893, 140
Trd, 4319398.293, 140
Trd, 4319398.643, 139
Trd, 4319398.743, 139
Trd, 4319399.243, 140
Trd, 4319399.893, 123
Trd, 4319401.093, 118
Trd, 4319402.293, 129
Trd, 4319402.693, 130
Trd, 4319402.793, 128
Trd, 4319402.943, 121
Trd, 4319403.243, 134
Trd, 4319403.343, 121
Trd, 4319404.093, 140
Trd, 4319404.543, 119
Trd, 4319406.193, 140
Trd, 4319406.743, 140
Trd, 4319407.093, 140
Trd, 4319407.443, 140
Trd, 4319409.693, 140
Trd, 4319410.643, 140
Trd, 4319411.243, 140
Trd, 4319411.543, 140
Trd, 4319412.393, 140
Trd, 4319413.493, 140
Trd, 4319414.143, 140
Trd, 4319414.493, 140
Trd, 4319415.843, 140
Trd, 4319416.593, 140
Trd, 4319416.793, 140
Trd, 4319417.043, 140
Trd, 4319417.593, 140
Trd, 4319417.993, 139
Trd, 4319418.293, 75
Trd, 4319419.343, 139
Trd, 4319420.993, 140
Trd, 4319421.343, 138
Trd, 4319421.993, 102
Trd, 4319422.943, 140
Trd, 4319423.993, 140
Trd, 4319424.693, 140
Trd, 4319424.943, 140
Trd, 4319425.693, 140
Trd, 4319426.043, 140
Trd, 4319426.393, 140
Trd, 4319427.143, 140
Trd, 4319428.293, 139
Trd, 4319428.793, 65
Trd, 4319428.893, 66
Trd, 4319429.043, 138
Trd, 4319430.243, 139
Trd, 4319431.793, 140
Trd, 4319431.943, 140
Trd, 4319431.993, 139
Trd, 4319432.293, 140
Trd, 4319432.343, 138
Trd, 4319433.243, 140
Trd, 4319434.093, 140
Trd, 4319435.193, 140
Trd, 4319437.093, 140
Trd, 4319438.043, 140
Trd, 4319438.843, 140
Trd, 4319439.693, 140
Trd, 4319440.293, 140
Trd, 4319440.843, 140
Trd, 4319442.193, 140
Trd, 4319444.543, 140
Trd, 4319444.793, 140
Trd, 4319445.043, 140
Trd, 4319445.843, 140
Trd, 4319445.893, 140
Trd, 4319446.243, 140
Trd, 4319446.743, 140
Trd, 4319447.193, 140
Trd, 4319447.343, 117
Trd, 4319449.793, 140
Trd, 4319450.893, 140
Trd, 4319451.543, 140
Trd, 4319452.393, 140
Trd, 4319453.343, 140
Trd, 4319453.443, 140
Trd, 4319453.693, 138
Trd, 4319453.843, 138
Trd, 4319456.343, 140
Trd, 4319457.043, 140
Trd, 4319457.143, 140
Trd, 4319457.493, 138
Trd, 4319458.843, 134
Trd, 4319459.943, 140
Trd, 4319460.443, 140
Trd, 4319461.343, 140
Trd, 4319462.343, 140
Trd, 4319462.943, 140
Trd, 4319463.043, 140
Trd, 4319463.493, 139
Trd, 4319465.443, 140
Trd, 4319465.743, 140
Trd, 4319465.943, 140
Trd, 4319466.443, 140
Trd, 4319466.843, 140
Trd, 4319466.943, 139
Trd, 4319467.293, 139
Trd, 4319468.343, 140
Trd, 4319469.443, 140
Trd, 4319469.693, 140
Trd, 4319470.293, 139
Trd, 4319470.493, 138
Trd, 4319472.493, 138
Trd, 4319472.593, 122
Trd, 4319472.893, 139
Trd, 4319473.793, 121
Trd, 4319474.493, 122
Trd, 4319474.693, 121
Trd, 4319475.743, 140
Trd, 4319476.093, 139
Trd, 4319476.443, 128
Trd, 4319476.493, 120
Trd, 4319477.693, 140
Trd, 4319480.143, 140
Trd, 4319480.893, 140
Trd, 4319481.843, 140
Trd, 4319483.343, 140
Trd, 4319483.793, 140
Trd, 4319484.093, 140
Trd, 4319484.343, 140
Trd, 4319484.643, 140
Trd, 4319484.793, 140
Trd, 4319486.943, 140
Trd, 4319488.243, 140
Trd, 4319488.293, 140
Trd, 4319488.343, 140
Trd, 4319488.793, 139
Trd, 4319490.343, 140
Trd, 4319490.593, 140
Trd, 4319491.593, 140
Trd, 4319491.793, 140
Trd, 4319493.093, 140
Trd, 4319493.443, 140
Trd, 4319493.943, 140
Trd, 4319496.193, 140
Trd, 4319496.643, 140
Trd, 4319499.343, 140
Trd, 4319499.643, 140
Trd, 4319499.943, 140
Trd, 4319500.393, 140
Trd, 4319500.693, 140
Trd, 4319502.443, 140
Trd, 4319503.043, 140
Trd, 4319503.393, 140
Trd, 4319503.743, 140
Trd, 4319504.743, 140
Trd, 4319504.843, 140
Trd, 4319505.293, 140
Trd, 4319506.293, 140
Trd, 4319506.643, 140
Trd, 4319508.643, 140
Trd, 4319508.943, 140
Trd, 4319509.393, 139
Trd, 4319509.493, 140
Trd, 4319510.143, 134
Trd, 4319511.443, 133
Trd, 4319512.443, 122
Trd, 4319512.643, 103
Trd, 4319513.743, 140
Trd, 4319516.243, 140
Trd, 4319516.743, 140
Trd, 4319517.143, 140
Trd, 4319517.293, 139
Trd, 4319518.593, 140
Trd, 4319519.143, 140
Trd, 4319520.093, 140
Trd, 4319520.193, 140
Trd, 4319520.293, 138
Trd, 4319520.643, 139
Trd, 4319521.693, 140
Trd, 4319521.993, 140
Trd, 4319522.443, 125
Trd, 4319522.743, 64
Trd, 4319524.393, 140
Trd, 4319524.693, 140
Trd, 4319525.843, 140
Trd, 4319526.093, 140
Trd, 4319526.443, 136
Trd, 4319528.543, 140
Trd, 4319528.693, 140
Trd, 4319529.143, 140
Trd, 4319530.993, 140
Trd, 4319531.043, 140
Trd, 4319531.193, 140
Trd, 4319531.493, 139
Trd, 4319532.393, 136
Trd, 4319534.093, 140
Trd, 4319534.193, 139
Trd, 4319535.393, 140
Trd, 4319537.193, 140
Trd, 4319537.843, 140
Trd, 4319538.743, 140
Trd, 4319539.393, 140
Trd, 4319539.943, 140
Trd, 4319540.543, 140
Trd, 4319542.943, 140
Trd, 4319543.543, 140
Trd, 4319544.943, 140
Trd, 4319545.443, 140
Trd, 4319545.893, 140
Trd, 4319546.293, 140
Trd, 4319547.143, 140
Trd, 4319547.293, 140
Trd, 4319549.143, 140
Trd, 4319549.343, 140
Trd, 4319550.643, 140
Trd, 4319551.243, 140
Trd, 4319551.393, 140
Trd, 4319552.143, 140
Trd, 4319552.493, 140
Trd, 4319555.643, 140
Trd, 4319555.793, 140
Trd, 4319555.943, 140
Trd, 4319556.043, 140
Trd, 4319556.393, 140
Trd, 4319556.793, 140
Trd, 4319556.943, 138
Trd, 4319557.143, 140
Trd, 4319558.793, 140
Trd, 4319559.293, 135
Trd, 4319559.793, 137
Trd, 4319559.993, 79
Trd, 4319560.643, 138
Trd, 4319560.893, 74
Trd, 4319561.943, 75
Trd, 4319562.393, 137
Trd, 4319563.193, 101
Trd, 4319564.143, 136
Trd, 4319565.393, 60
Trd, 4319565.493, 61
Trd, 4319566.593, 60
Trd, 4319567.243, 140
Trd, 4319567.543, 61
Trd, 4319568.243, 140
Trd, 4319568.943, 139
Trd, 4319569.493, 140
Trd, 4319571.143, 140
Trd, 4319572.193, 140
Trd, 4319572.443, 140
Trd, 4319573.493, 140
Trd, 4319573.943, 140
Trd, 4319574.643, 140
Trd, 4319574.993, 140
Trd, 4319575.093, 140
Trd, 4319575.693, 137
Trd, 4319576.943, 134
Trd, 4319578.293, 63
Trd, 4319579.193, 65
Trd, 4319580.243, 60
Trd, 4319580.793, 60
Trd, 4319581.143, 60
Trd, 4319581.343, 61
Trd, 4319581.443, 63
Trd, 4319581.793, 62
Trd, 4319582.693, 140
Trd, 4319583.143, 140
Trd, 4319584.043, 140
Trd, 4319584.093, 140
Trd, 4319585.093, 140
Trd, 4319586.693, 140
Trd, 4319586.743, 140
Trd, 4319589.193, 140
Trd, 4319589.993, 140
Trd, 4319590.743, 140
Trd, 4319592.393, 140
Trd, 4319593.293, 140
Trd, 4319593.693, 140
Trd, 4319595.643, 140
Trd, 4319595.843, 140
Trd, 4319596.443, 140
Trd, 4319597.093, 140
Trd, 4319597.643, 140
Trd, 4319598.893, 140
Trd, 4319599.043, 139
Trd, 4319599.493, 139
Trd, 4319600.243, 131
Trd, 4319600.893, 140
Trd, 4319602.043, 139
Trd, 4319602.193, 138
Trd, 4319603.393, 138
Trd, 4319603.643, 140
Trd, 4319604.093, 140
Trd, 4319605.243, 140
Trd, 4319606.193, 140
Trd, 4319606.593, 140
Trd, 4319608.043, 140
Trd, 4319608.693, 140
Trd, 4319609.343, 140
Trd, 4319610.143, 140
Trd, 4319611.043, 140
Trd, 4319611.643, 140
Trd, 4319611.993, 140
Trd, 4319612.193, 140
Trd, 4319614.693, 140
Trd, 4319615.443, 140
Trd, 4319615.743, 140
Trd, 4319617.193, 140
Trd, 4319617.393, 140
Trd, 4319618.243, 140
Trd, 4319618.443, 140
Trd, 4319619.843, 140
Trd, 4319620.343, 140
Trd, 4319622.343, 140
Trd, 4319622.493, 140
Trd, 4319623.343, 140
Trd, 4319624.493, 140
Trd, 4319624.743, 140
Trd, 4319625.193, 140
Trd, 4319625.643, 140
Trd, 4319625.993, 140
Trd, 4319627.193, 140
Trd, 4319627.493, 140
Trd, 4319628.893, 140
Trd, 4319628.943, 140
Trd, 4319629.443, 119
Trd, 4319629.743, 135
Trd, 4319631.243, 140
Trd, 4319631.393, 140
Trd, 4319633.293, 140
Trd, 4319633.443, 140
Trd, 4319634.093, 139
Trd, 4319634.443, 139
Trd, 4319635.493, 87
Trd, 4319636.193, 89
Trd, 4319636.243, 86
Trd, 4319636.793, 103
Trd, 4319637.743, 139
Trd, 4319638.043, 138
Trd, 4319638.793, 140
Trd, 4319639.543, 138
Trd, 4319640.343, 140
Trd, 4319641.443, 67
Trd, 4319642.493, 64
Trd, 4319643.593, 140
Trd, 4319645.543, 140
Trd, 4319645.593, 140
Trd, 4319646.643, 140
Trd, 4319646.743, 140
Trd, 4319647.443, 140
Trd, 4319647.743, 140
Trd, 4319649.643, 140
Trd, 4319649.793, 140
Trd, 4319649.993, 140
Trd, 4319650.493, 137
Trd, 4319651.743, 140
Trd, 4319652.643, 140
Trd, 4319653.343, 138
Trd, 4319653.593, 139
Trd, 4319653.843, 140
Trd, 4319654.093, 132
Trd, 4319654.293, 131
Trd, 4319655.143, 133
Trd, 4319656.793, 140
Trd, 4319657.743, 140
Trd, 4319658.343, 140
Trd, 4319658.693, 140
Trd, 4319658.993, 138
Trd, 4319659.343, 136
Trd, 4319660.843, 137
Trd, 4319662.243, 140
Trd, 4319662.643, 140
Trd, 4319663.043, 140
Trd, 4319664.893, 140
Trd, 4319665.293, 140
Trd, 4319666.193, 140
Trd, 4319666.893, 140
Trd, 4319667.393, 140
Trd, 4319667.543, 140
Trd, 4319668.293, 140
Trd, 4319668.493, 140
Trd, 4319669.843, 140
Trd, 4319670.343, 140
Trd, 4319671.493, 139
Trd, 4319672.193, 139
Trd, 4319673.343, 140
Trd, 4319673.493, 139
Trd, 4319674.493, 140
Trd, 4319677.043, 140
Trd, 4319677.793, 140
Trd, 4319677.843, 140
Trd, 4319677.993, 138
Trd, 4319678.893, 140
Trd, 4319678.993, 140
Trd, 4319679.693, 140
Trd, 4319679.893, 140
Trd, 4319679.993, 140
Trd, 4319680.143, 140
Trd, 4319681.793, 138
Trd, 4319682.043, 83
Trd, 4319683.293, 111
Trd, 4319683.493, 125
Trd, 4319683.643, 133
Trd, 4319684.293, 140
Trd, 4319685.193, 140
Trd, 4319685.593, 140
Trd, 4319686.443, 140
Trd, 4319687.993, 140
Trd, 4319688.443, 140
Trd, 4319689.593, 140
Trd, 4319690.343, 140
Trd, 4319691.343, 140
Trd, 4319692.543, 140
Trd, 4319692.643, 140
Trd, 4319693.643, 139
Trd, 4319695.293, 140
Trd, 4319695.443, 140
Trd, 4319695.993, 140
Trd, 4319698.793, 140
Trd, 4319699.893, 140
Trd, 4319699.943, 140
Trd, 4319700.743, 140
Trd, 4319700.893, 140
Trd, 4319701.343, 137
Trd, 4319701.893, 129
Trd, 4319701.993, 136
Trd, 4319702.243, 127
Trd, 4319702.693, 138
Trd, 4319703.593, 137
Trd, 4319704.743, 95
Trd, 4319705.093, 97
Trd, 4319705.643, 98
Trd, 4319706.243, 115
Trd, 4319707.543, 140
Trd, 4319708.293, 140
Trd, 4319708.493, 140
Trd, 4319708.743, 140
Trd, 4319708.793, 140
Trd, 4319708.943, 138
Trd, 4319710.293, 140
Trd, 4319711.393, 140
Trd, 4319712.143, 139
Trd, 4319713.593, 139
Trd, 4319714.843, 130
Trd, 4319716.293, 140
Trd, 4319716.893, 140
Trd, 4319717.143, 140
Trd, 4319717.793, 140
Trd, 4319718.593, 140
Trd, 4319720.793, 140
Trd, 4319721.293, 140
Trd, 4319721.743, 140
Trd, 4319722.743, 140
Trd, 4319722.793, 140
Trd, 4319723.793, 140
Trd, 4319725.593, 140
Trd, 4319726.243, 140
Trd, 4319727.293, 140
Trd, 4319728.543, 140
Trd, 4319729.143, 140
Trd, 4319729.193, 140
Trd, 4319730.043, 140
Trd, 4319730.143, 140
Trd, 4319731.543, 140
Trd, 4319731.593, 140
Trd, 4319732.143, 140
Trd, 4319732.743, 140
Trd, 4319733.093, 63
Trd, 4319734.543, 140
Trd, 4319735.643, 140
Trd, 4319736.993, 140
Trd, 4319737.493, 140
Trd, 4319737.593, 139
Trd, 4319738.343, 108
Trd, 4319739.543, 140
Trd, 4319739.693, 140
Trd, 4319740.293, 140
Trd, 4319740.643, 140
Trd, 4319741.093, 137
Trd, 4319741.893, 140
Trd, 4319742.193, 140
Trd, 4319742.293, 127
Trd, 4319743.193, 140
Trd, 4319743.493, 140
Trd, 4319744.993, 130
Trd, 4319745.843, 140
Trd, 4319745.893, 140
Trd, 4319746.243, 124
Trd, 4319747.043, 139
Trd, 4319747.543, 137
Trd, 4319749.893, 138
Trd, 4319751.443, 140
Trd, 4319752.093, 140
Trd, 4319752.543, 140
Trd, 4319752.843, 140
Trd, 4319753.293, 140
Trd, 4319753.693, 140
Trd, 4319754.743, 140
Trd, 4319756.543, 140
Trd, 4319757.043, 140
Trd, 4319757.993, 140
Trd, 4319758.343, 140
Trd, 4319758.743, 140
Trd, 4319759.393, 140
Trd, 4319759.593, 140
Trd, 4319761.543, 140
Trd, 4319763.593, 140
Trd, 4319764.443, 140
Trd, 4319765.193, 140
Trd, 4319765.943, 140
Trd, 4319767.093, 140
Trd, 4319767.293, 140
Trd, 4319767.593, 140
Trd, 4319767.643, 140
Trd, 4319767.693, 125
Trd, 4319769.693, 140
Trd, 4319771.493, 140
Trd, 4319771.743, 140
Trd, 4319771.793, 140
Trd, 4319772.193, 139
Trd, 4319772.893, 140
Trd, 4319774.043, 140
Trd, 4319775.193, 140
Trd, 4319776.093, 140
Trd, 4319778.293, 140
Trd, 4319778.343, 140
Trd, 4319779.393, 140
Trd, 4319779.493, 140
Trd, 4319780.343, 140
Trd, 4319781.093, 140
Trd, 4319781.693, 140
Trd, 4319782.293, 140
Trd, 4319783.343, 140
Trd, 4319784.543, 140
Trd, 4319785.243, 140
Trd, 4319786.243, 140
Trd, 4319786.643, 140
Trd, 4319786.743, 140
Trd, 4319787.843, 140
Trd, 4319788.143, 140
Trd, 4319788.543, 140
Trd, 4319788.843, 140
Trd, 4319789.043, 140
Trd, 4319790.343, 60
Trd, 4319790.593, 62
Trd, 4319790.643, 64
Trd, 4319791.093, 63
Trd, 4319791.593, 64
Trd, 4319793.243, 60
Trd, 4319794.893, 60
Trd, 4319794.993, 61
Trd, 4319795.393, 62
Trd, 4319796.693, 60
Trd, 4319798.043, 60
Trd, 4319798.193, 61
Trd, 4319798.743, 66
Trd, 4319798.993, 67
Trd, 4319799.343, 63
Trd, 4319799.943, 62
Trd, 4319801.043, 65
Trd, 4319801.143, 66
Trd, 4319801.443, 64
Trd, 4319802.643, 60
Trd, 4319802.793, 64
Trd, 4319803.693, 62
Trd, 4319805.093, 140
Trd, 4319805.893, 140
Trd, 4319806.143, 140
Trd, 4319806.193, 140
Trd, 4319806.743, 139
Trd, 4319808.443, 140
Trd, 4319808.543, 140
Trd, 4319810.243, 140
Trd, 4319810.393, 129
Trd, 4319811.843, 140
Trd, 4319812.043, 140
Trd, 4319812.943, 140
Trd, 4319814.193, 140
Trd, 4319814.943, 140
Trd, 4319815.443, 139
Trd, 4319815.493, 137
Trd, 4319816.493, 97
Trd, 4319818.143, 140
Trd, 4319818.893, 140
Trd, 4319819.293, 140
Trd, 4319820.693, 140
Trd, 4319821.593, 140
Trd, 4319821.743, 140
Trd, 4319822.043, 140
Trd, 4319822.543, 140
Trd, 4319823.943, 140
Trd, 4319824.243, 140
Trd, 4319824.593, 140
Trd, 4319826.593, 140
Trd, 4319827.943, 140
Trd, 4319828.393, 140
Trd, 4319829.293, 140
Trd, 4319829.343, 140
Trd, 4319829.493, 140
Trd, 4319831.693, 140
Trd, 4319832.193, 140
Trd, 4319832.443, 140
Trd, 4319832.693, 138
Trd, 4319832.743, 136
Trd, 4319835.443, 140
Trd, 4319835.593, 140
Trd, 4319836.243, 140
Trd, 4319836.693, 140
Trd, 4319837.043, 140
Trd, 4319837.943, 140
Trd, 4319838.843, 140
Trd, 4319839.943, 140
Trd, 4319840.043, 140
Trd, 4319840.293, 139
Trd, 4319841.443, 140
Trd, 4319841.993, 93
Trd, 4319842.593, 137
Trd, 4319843.493, 60
Trd, 4319843.943, 61
Trd, 4319844.593, 61
Trd, 4319845.493, 140
Trd, 4319845.693, 140
Trd, 4319847.443, 140
Trd, 4319848.543, 140
Trd, 4319848.893, 140
Trd, 4319849.593, 140
Trd, 4319851.643, 140
Trd, 4319851.793, 140
Trd, 4319852.043, 140
Trd, 4319852.643, 140
Trd, 4319853.393, 140
Trd, 4319853.743, 140
Trd, 4319854.193, 140
Trd, 4319854.793, 140
Trd, 4319856.143, 139
Trd, 4319856.843, 140
Trd, 4319858.293, 140
Trd, 4319859.693, 140
Trd, 4319860.993, 140
Trd, 4319861.843, 140
Trd, 4319862.093, 140
Trd, 4319862.893, 140
Trd, 4319865.793, 140
Trd, 4319866.193, 140
Trd, 4319866.843, 140
Trd, 4319867.243, 140
Trd, 4319867.393, 139
Trd, 4319867.893, 140
Trd, 4319868.543, 139
Trd, 4319869.943, 125
Trd, 4319870.143, 138
Trd, 4319871.243, 140
Trd, 4319871.593, 133
Trd, 4319873.143, 140
Trd, 4319873.393, 140
Trd, 4319874.293, 140
Trd, 4319875.243, 115
Trd, 4319876.693, 138
Trd, 4319878.493, 140
Trd, 4319878.743, 140
Trd, 4319879.593, 140
Trd, 4319880.693, 140
Trd, 4319880.793, 140
Trd, 4319881.193, 139
Trd, 4319881.893, 138
Trd, 4319882.643, 139
Trd, 4319883.093, 140
Trd, 4319883.693, 61
Trd, 4319884.293, 134
Trd, 4319884.593, 126
Trd, 4319885.743, 140
Trd, 4319886.993, 140
Trd, 4319887.393, 140
Trd, 4319887.793, 140
Trd, 4319887.993, 140
Trd, 4319888.743, 139
Trd, 4319890.093, 140
Trd, 4319891.043, 140
Trd, 4319891.343, 124
Trd, 4319893.343, 140
Trd, 4319893.643, 140
Trd, 4319893.843, 140
Trd, 4319894.493, 140
Trd, 4319895.543, 140
Trd, 4319895.593, 140
Trd, 4319896.943, 140
Trd, 4319897.193, 140
Trd, 4319899.643, 140
Trd, 4319900.443, 140
Trd, 4319900.493, 140
Trd, 4319901.393, 140
Trd, 4319903.543, 140
Trd, 4319903.693, 140
Trd, 4319905.793, 140
Trd, 4319906.493, 140
Trd, 4319906.593, 140
Trd, 4319906.693, 140
Trd, 4319907.593, 140
Trd, 4319908.893, 140
Trd, 4319909.193, 140
Trd, 4319909.343, 140
Trd, 4319910.093, 140
Trd, 4319910.493, 115
Trd, 4319910.693, 140
Trd, 4319911.443, 140
Trd, 4319912.993, 140
Trd, 4319913.543, 140
Trd, 4319914.243, 140
Trd, 4319915.193, 140
Trd, 4319915.743, 140
Trd, 4319916.343, 139
Trd, 4319916.643, 135
Trd, 4319916.743, 119
Trd, 4319917.643, 133
Trd, 4319918.493, 129
Trd, 4319918.993, 80
Trd, 4319919.143, 78
Trd, 4319920.493, 138
Trd, 4319922.993, 140
Trd, 4319923.293, 139
Trd, 4319923.393, 139
Trd, 4319924.343, 140
Trd, 4319924.793, 140
Trd, 4319925.043, 140
Trd, 4319925.443, 140
Trd, 4319926.343, 140
Trd, 4319927.643, 140
Trd, 4319927.693, 140
Trd, 4319927.743, 138
Trd, 4319929.443, 140
Trd, 4319930.693, 140
Trd, 4319931.093, 140
Trd, 4319931.143, 140
Trd, 4319931.993, 140
Trd, 4319932.143, 138
Trd, 4319933.143, 140
Trd, 4319934.143, 139
Trd, 4319934.693, 140
Trd, 4319936.843, 140
Trd, 4319937.243, 140
Trd, 4319937.443, 140
Trd, 4319938.293, 140
Trd, 4319939.793, 140
Trd, 4319940.143, 140
Trd, 4319940.643, 140
Trd, 4319941.943, 140
Trd, 4319942.343, 140
Trd, 4319943.893, 140
Trd, 4319945.443, 140
Trd, 4319945.643, 140
Trd, 4319946.543, 140
Trd, 4319947.243, 140
Trd, 4319947.543, 140
Trd, 4319947.793, 139
Trd, 4319948.693, 126
Trd, 4319949.243, 127
Trd, 4319951.343, 140
Trd, 4319951.593, 140
Trd, 4319952.293, 140
Trd, 4319952.793, 140
Trd, 4319953.743, 140
Trd, 4319954.093, 140
Trd, 4319954.693, 140
Trd, 4319956.643, 140
Trd, 4319957.343, 140
Trd, 4319958.243, 140
Trd, 4319959.993, 140
Trd, 4319960.393, 140
Trd, 4319960.593, 140
Trd, 4319961.493, 140
Trd, 4319963.093, 140
Trd, 4319964.643, 140
Trd, 4319965.443, 140
Trd, 4319966.893, 140
Trd, 4319967.493, 140
Trd, 4319967.643, 140
Trd, 4319967.843, 140
Trd, 4319971.243, 140
Trd, 4319972.143, 140
Trd, 4319972.343, 140
Trd, 4319972.393, 140
Trd, 4319972.843, 140
Trd, 4319973.043, 139
Trd, 4319973.893, 139
Trd, 4319974.293, 138
Trd, 4319975.293, 140
Trd, 4319976.093, 140
Trd, 4319980.393, 140
Trd, 4319980.843, 140
Trd, 4319980.893, 140
Trd, 4319981.443, 140
Trd, 4319981.693, 139
Trd, 4319982.543, 136
Trd, 4319982.843, 136
Trd, 4319983.543, 136
Trd, 4319983.643, 138
Trd, 4319984.043, 69
Trd, 4319984.893, 80
Trd, 4319985.393, 137
Trd, 4319985.543, 138
Trd, 4319986.243, 140
Trd, 4319986.443, 140
Trd, 4319987.643, 140
Trd, 4319989.043, 140
Trd, 4319989.593, 140
Trd, 4319989.643, 139
Trd, 4319990.993, 140
Trd, 4319991.193, 136
Trd, 4319992.443, 140
Trd, 4319992.643, 140
Trd, 4319995.193, 140
Trd, 4319995.643, 140
Trd, 4319996.543, 140
Trd, 4319997.593, 140
Trd, 4319997.743, 140
Trd, 4319997.793, 140
Trd, 4319997.843, 138
Trd, 4319999.693, 139
