Trd, 4318158.193, 140
Trd, 4318158.543, 124
Trd, 4318159.993, 120
Trd, 4318160.193, 110
Trd, 4318160.843, 125
Trd, 4318161.243, 125
Trd, 4318162.193, 128
Trd, 4318162.843, 108
Trd, 4318163.243, 68
Trd, 4318164.193, 91
Trd, 4318164.693, 110
Trd, 4318165.943, 95
Trd, 4318166.093, 77
Trd, 4318166.943, 128
Trd, 4318167.393, 132
Trd, 4318167.793, 98
Trd, 4318168.143, 110
Trd, 4318168.293, 65
Trd, 4318169.843, 112
Trd, 4318170.143, 101
Trd, 4318170.393, 98
Trd, 4318171.193, 134
Trd, 4318171.343, 127
Trd, 4318171.893, 130
Trd, 4318173.143, 127
Trd, 4318173.343, 76
Trd, 4318174.443, 119
Trd, 4318174.543, 103
Trd, 4318175.793, 132
Trd, 4318177.043, 109
Trd, 4318177.243, 92
Trd, 4318178.593, 140
Trd, 4318180.093, 138
Trd, 4318180.143, 138
Trd, 4318180.393, 131
Trd, 4318180.893, 131
Trd, 4318181.593, 127
Trd, 4318182.793, 111
Trd, 4318183.793, 87
Trd, 4318184.443, 108
Trd, 4318184.693, 138
Trd, 4318185.343, 83
Trd, 4318186.543, 125
Trd, 4318186.593, 125
Trd, 4318187.593, 105
Trd, 4318188.493, 97
Trd, 4318189.493, 123
Trd, 4318189.993, 117
Trd, 4318190.293, 128
Trd, 4318190.943, 106
Trd, 4318191.443, 99
Trd, 4318191.643, 126
Trd, 4318192.043, 131
Trd, 4318192.293, 138
Trd, 4318192.893, 84
Trd, 4318194.593, 131
Trd, 4318195.443, 115
Trd, 4318195.693, 78
Trd, 4318196.393, 92
Trd, 4318197.443, 135
Trd, 4318197.843, 131
Trd, 4318198.343, 102
Trd, 4318198.843, 94
Trd, 4318199.143, 72
Trd, 4318199.543, 129
Trd, 4318199.843, 72
Trd, 4318201.193, 114
Trd, 4318202.193, 61
Trd, 4318203.443, 134
Trd, 4318204.093, 82
Trd, 4318204.143, 81
Trd, 4318204.643, 104
Trd, 4318204.843, 112
Trd, 4318205.943, 79
Trd, 4318206.443, 117
Trd, 4318206.593, 124
Trd, 4318206.943, 116
Trd, 4318207.893, 71
Trd, 4318208.843, 80
Trd, 4318208.943, 99
Trd, 4318210.393, 60
Trd, 4318211.393, 95
Trd, 4318211.793, 67
Trd, 4318211.943, 76
Trd, 4318213.193, 60
Trd, 4318213.443, 61
Trd, 4318214.343, 129
Trd, 4318214.893, 72
Trd, 4318216.743, 140
Trd, 4318216.843, 131
Trd, 4318217.843, 126
Trd, 4318218.593, 107
Trd, 4318218.793, 90
Trd, 4318218.943, 88
Trd, 4318219.543, 86
Trd, 4318220.193, 125
Trd, 4318220.843, 82
Trd, 4318221.543, 70
Trd, 4318222.043, 91
Trd, 4318222.443, 92
Trd, 4318223.393, 138
Trd, 4318223.493, 118
Trd, 4318224.243, 64
Trd, 4318226.393, 72
Trd, 4318226.543, 94
Trd, 4318227.643, 108
Trd, 4318227.693, 88
Trd, 4318228.443, 132
Trd, 4318228.543, 103
Trd, 4318228.743, 95
Trd, 4318229.393, 89
Trd, 4318229.943, 82
Trd, 4318230.343, 110
Trd, 4318233.293, 127
Trd, 4318233.343, 122
Trd, 4318233.693, 108
Trd, 4318234.293, 100
Trd, 4318234.543, 100
Trd, 4318236.393, 120
Trd, 4318236.693, 109
Trd, 4318236.843, 95
Trd, 4318237.143, 136
Trd, 4318237.543, 110
Trd, 4318237.843, 99
Trd, 4318238.793, 103
Trd, 4318239.243, 111
Trd, 4318241.093, 92
Trd, 4318241.993, 123
Trd, 4318242.843, 90
Trd, 4318243.293, 122
Trd, 4318243.493, 102
Trd, 4318244.343, 140
Trd, 4318245.143, 130
Trd, 4318245.493, 123
Trd, 4318246.343, 125
Trd, 4318246.993, 127
Trd, 4318247.643, 106
Trd, 4318248.193, 97
Trd, 4318249.693, 115
Trd, 4318250.393, 86
Trd, 4318250.743, 128
Trd, 4318251.793, 133
Trd, 4318252.093, 101
Trd, 4318253.093, 97
Trd, 4318253.243, 125
Trd, 4318253.693, 92
Trd, 4318254.793, 134
Trd, 4318255.243, 126
Trd, 4318255.793, 137
Trd, 4318257.593, 137
Trd, 4318257.843, 125
Trd, 4318257.993, 136
Trd, 4318258.143, 123
Trd, 4318258.393, 134
Trd, 4318260.393, 135
Trd, 4318260.693, 126
Trd, 4318260.993, 108
Trd, 4318261.693, 120
Trd, 4318262.593, 129
Trd, 4318264.143, 134
Trd, 4318264.993, 101
Trd, 4318265.143, 92
Trd, 4318265.443, 78
Trd, 4318266.293, 83
Trd, 4318266.893, 138
Trd, 4318268.043, 140
Trd, 4318268.493, 130
Trd, 4318269.043, 119
Trd, 4318269.543, 111
Trd, 4318270.493, 134
Trd, 4318270.643, 101
Trd, 4318270.843, 119
Trd, 4318271.093, 89
Trd, 4318271.393, 68
Trd, 4318272.643, 93
Trd, 4318272.943, 91
Trd, 4318273.643, 76
Trd, 4318274.893, 66
Trd, 4318275.743, 137
Trd, 4318276.043, 103
Trd, 4318277.843, 136
Trd, 4318278.293, 119
Trd, 4318279.793, 118
Trd, 4318280.143, 105
Trd, 4318280.393, 86
Trd, 4318281.293, 125
Trd, 4318281.493, 75
Trd, 4318281.543, 73
Trd, 4318281.993, 67
Trd, 4318282.393, 67
Trd, 4318282.443, 126
Trd, 4318283.493, 77
Trd, 4318284.343, 61
Trd, 4318285.943, 94
Trd, 4318286.043, 118
Trd, 4318286.843, 86
Trd, 4318287.593, 93
Trd, 4318288.293, 107
Trd, 4318288.543, 93
Trd, 4318290.243, 118
Trd, 4318290.343, 111
Trd, 4318290.493, 139
Trd, 4318291.743, 138
Trd, 4318292.293, 129
Trd, 4318292.643, 67
Trd, 4318292.943, 107
Trd, 4318293.743, 87
Trd, 4318295.843, 124
Trd, 4318296.093, 120
Trd, 4318296.293, 119
Trd, 4318296.543, 108
Trd, 4318297.343, 135
Trd, 4318297.593, 133
Trd, 4318298.093, 132
Trd, 4318298.393, 115
Trd, 4318299.243, 77
Trd, 4318300.243, 95
Trd, 4318300.993, 139
Trd, 4318301.843, 136
Trd, 4318302.643, 69
Trd, 4318303.443, 77
Trd, 4318303.643, 104
Trd, 4318304.193, 88
Trd, 4318305.993, 138
Trd, 4318306.543, 120
Trd, 4318307.343, 117
Trd, 4318308.443, 109
Trd, 4318308.593, 94
Trd, 4318309.793, 128
Trd, 4318310.293, 131
Trd, 4318310.393, 117
Trd, 4318310.893, 122
Trd, 4318310.993, 104
Trd, 4318312.943, 138
Trd, 4318313.043, 129
Trd, 4318313.793, 134
Trd, 4318313.943, 109
Trd, 4318314.943, 139
Trd, 4318316.143, 140
Trd, 4318316.793, 112
Trd, 4318318.593, 135
Trd, 4318320.243, 128
Trd, 4318321.243, 128
Trd, 4318321.693, 135
Trd, 4318321.893, 138
Trd, 4318322.243, 119
Trd, 4318322.693, 99
Trd, 4318323.593, 80
Trd, 4318323.843, 87
Trd, 4318324.193, 75
Trd, 4318324.943, 82
Trd, 4318324.993, 86
Trd, 4318325.243, 133
Trd, 4318327.293, 130
Trd, 4318327.343, 121
Trd, 4318328.693, 140
Trd, 4318328.793, 133
Trd, 4318329.593, 95
Trd, 4318330.193, 139
Trd, 4318330.843, 69
Trd, 4318331.693, 61
Trd, 4318332.193, 80
Trd, 4318333.343, 65
Trd, 4318334.043, 65
Trd, 4318335.193, 63
Trd, 4318335.443, 66
Trd, 4318335.943, 97
Trd, 4318336.243, 110
Trd, 4318336.493, 100
Trd, 4318337.443, 94
Trd, 4318339.143, 129
Trd, 4318340.393, 119
Trd, 4318340.443, 118
Trd, 4318340.743, 122
Trd, 4318341.793, 138
Trd, 4318342.043, 120
Trd, 4318342.493, 112
Trd, 4318343.143, 89
Trd, 4318344.543, 137
Trd, 4318345.493, 79
Trd, 4318346.093, 138
Trd, 4318347.543, 137
Trd, 4318348.793, 126
Trd, 4318349.043, 115
Trd, 4318350.143, 107
Trd, 4318350.443, 91
Trd, 4318350.643, 79
Trd, 4318350.693, 111
Trd, 4318351.593, 104
Trd, 4318352.293, 125
Trd, 4318354.293, 76
Trd, 4318354.693, 68
Trd, 4318354.743, 84
Trd, 4318355.843, 63
Trd, 4318356.393, 126
Trd, 4318356.843, 118
Trd, 4318357.393, 115
Trd, 4318358.593, 114
Trd, 4318359.943, 132
Trd, 4318360.993, 123
Trd, 4318361.743, 133
Trd, 4318361.943, 105
Trd, 4318362.093, 71
Trd, 4318362.793, 68
Trd, 4318363.543, 65
Trd, 4318363.993, 104
Trd, 4318365.443, 140
Trd, 4318366.343, 135
Trd, 4318366.743, 110
Trd, 4318367.143, 103
Trd, 4318367.593, 102
Trd, 4318367.743, 121
Trd, 4318367.793, 101
Trd, 4318368.643, 103
Trd, 4318369.243, 136
Trd, 4318369.543, 66
Trd, 4318371.743, 129
Trd, 4318371.943, 107
Trd, 4318372.143, 104
Trd, 4318372.393, 107
Trd, 4318372.593, 85
Trd, 4318373.443, 117
Trd, 4318373.493, 92
Trd, 4318374.643, 132
Trd, 4318375.343, 127
Trd, 4318375.793, 104
Trd, 4318377.243, 120
Trd, 4318378.093, 80
Trd, 4318378.643, 64
Trd, 4318379.893, 83
Trd, 4318379.993, 125
Trd, 4318380.443, 129
Trd, 4318380.843, 111
Trd, 4318381.593, 128
Trd, 4318382.193, 112
Trd, 4318382.593, 133
Trd, 4318383.443, 68
Trd, 4318383.993, 70
Trd, 4318384.443, 131
Trd, 4318384.893, 68
Trd, 4318385.643, 63
Trd, 4318385.943, 74
Trd, 4318386.643, 69
Trd, 4318388.943, 84
Trd, 4318389.243, 67
Trd, 4318389.393, 98
Trd, 4318389.743, 98
Trd, 4318390.343, 60
Trd, 4318391.243, 113
Trd, 4318392.143, 75
Trd, 4318392.693, 74
Trd, 4318394.293, 104
Trd, 4318394.493, 115
Trd, 4318395.243, 119
Trd, 4318395.843, 84
Trd, 4318395.993, 111
Trd, 4318396.243, 127
Trd, 4318396.743, 62
Trd, 4318397.593, 133
Trd, 4318398.943, 129
Trd, 4318399.593, 138
Trd, 4318399.943, 105
Trd, 4318401.143, 139
Trd, 4318401.493, 130
Trd, 4318401.993, 131
Trd, 4318402.593, 130
Trd, 4318402.893, 91
Trd, 4318403.593, 70
Trd, 4318404.343, 99
Trd, 4318405.093, 100
Trd, 4318405.893, 89
Trd, 4318406.293, 92
Trd, 4318406.743, 90
Trd, 4318407.493, 96
Trd, 4318408.843, 129
Trd, 4318409.593, 134
Trd, 4318410.243, 131
Trd, 4318410.293, 106
Trd, 4318410.743, 100
Trd, 4318411.043, 82
Trd, 4318411.343, 122
Trd, 4318411.743, 60
Trd, 4318411.793, 75
Trd, 4318413.243, 62
Trd, 4318413.993, 72
Trd, 4318415.693, 127
Trd, 4318416.643, 137
Trd, 4318418.293, 122
Trd, 4318419.193, 140
Trd, 4318419.393, 126
Trd, 4318419.493, 112
Trd, 4318419.593, 86
Trd, 4318419.893, 68
Trd, 4318420.943, 140
Trd, 4318422.043, 101
Trd, 4318422.693, 67
Trd, 4318423.593, 79
Trd, 4318424.243, 137
Trd, 4318425.343, 115
Trd, 4318426.593, 108
Trd, 4318427.193, 111
Trd, 4318427.643, 140
Trd, 4318429.643, 111
Trd, 4318430.093, 124
Trd, 4318430.443, 106
Trd, 4318430.993, 120
Trd, 4318431.743, 65
Trd, 4318432.643, 68
Trd, 4318433.093, 76
Trd, 4318433.343, 112
Trd, 4318433.593, 93
Trd, 4318434.143, 121
Trd, 4318434.493, 106
Trd, 4318435.243, 113
Trd, 4318435.743, 105
Trd, 4318436.543, 129
Trd, 4318437.243, 132
Trd, 4318438.543, 102
Trd, 4318439.243, 106
Trd, 4318439.343, 79
Trd, 4318439.693, 78
Trd, 4318439.743, 71
Trd, 4318440.593, 133
Trd, 4318442.143, 136
Trd, 4318442.193, 128
Trd, 4318442.593, 122
Trd, 4318443.943, 78
Trd, 4318444.643, 63
Trd, 4318444.893, 81
Trd, 4318445.243, 92
Trd, 4318445.993, 133
Trd, 4318446.843, 139
Trd, 4318447.443, 104
Trd, 4318448.193, 115
Trd, 4318449.193, 117
Trd, 4318449.943, 132
Trd, 4318450.643, 123
Trd, 4318450.993, 97
Trd, 4318451.193, 92
Trd, 4318452.843, 89
Trd, 4318453.093, 79
Trd, 4318453.593, 93
Trd, 4318454.393, 76
Trd, 4318454.543, 79
Trd, 4318455.543, 136
Trd, 4318456.593, 138
Trd, 4318456.993, 133
Trd, 4318457.643, 122
Trd, 4318458.043, 117
Trd, 4318458.193, 116
Trd, 4318458.543, 103
Trd, 4318458.893, 137
Trd, 4318459.343, 95
Trd, 4318459.743, 71
Trd, 4318460.293, 130
Trd, 4318460.643, 107
Trd, 4318461.543, 83
Trd, 4318462.543, 131
Trd, 4318463.243, 99
Trd, 4318463.793, 117
Trd, 4318464.343, 94
Trd, 4318465.493, 130
Trd, 4318465.643, 89
Trd, 4318465.893, 87
Trd, 4318466.293, 91
Trd, 4318466.743, 85
Trd, 4318467.243, 92
Trd, 4318468.143, 127
Trd, 4318469.243, 130
Trd, 4318469.293, 121
Trd, 4318469.893, 126
Trd, 4318470.993, 76
Trd, 4318471.493, 110
Trd, 4318472.093, 93
Trd, 4318472.893, 96
Trd, 4318473.293, 64
Trd, 4318475.193, 90
Trd, 4318475.343, 84
Trd, 4318475.593, 96
Trd, 4318477.143, 114
Trd, 4318477.393, 64
Trd, 4318477.743, 67
Trd, 4318479.543, 140
Trd, 4318480.443, 137
Trd, 4318480.743, 134
Trd, 4318480.993, 134
Trd, 4318481.093, 129
Trd, 4318483.043, 138
Trd, 4318483.693, 116
Trd, 4318484.443, 117
Trd, 4318484.943, 119
Trd, 4318485.693, 115
Trd, 4318486.043, 94
Trd, 4318486.543, 90
Trd, 4318487.893, 107
Trd, 4318488.293, 107
Trd, 4318488.543, 105
Trd, 4318489.893, 85
Trd, 4318490.343, 69
Trd, 4318490.993, 71
Trd, 4318491.993, 79
Trd, 4318492.043, 112
Trd, 4318492.643, 75
Trd, 4318493.243, 119
Trd, 4318493.743, 138
Trd, 4318494.143, 138
Trd, 4318494.293, 123
Trd, 4318495.343, 124
Trd, 4318495.693, 121
Trd, 4318496.693, 131
Trd, 4318497.193, 124
Trd, 4318498.593, 110
Trd, 4318499.843, 125
Trd, 4318500.643, 121
Trd, 4318500.893, 124
Trd, 4318500.943, 102
Trd, 4318501.243, 125
Trd, 4318501.643, 116
Trd, 4318502.243, 126
Trd, 4318503.043, 132
Trd, 4318503.993, 60
Trd, 4318505.243, 120
Trd, 4318505.693, 110
Trd, 4318506.393, 85
Trd, 4318507.493, 110
Trd, 4318508.243, 107
Trd, 4318510.193, 115
Trd, 4318510.793, 126
Trd, 4318511.743, 136
Trd, 4318511.893, 127
Trd, 4318513.593, 117
Trd, 4318514.143, 111
Trd, 4318514.343, 136
Trd, 4318514.593, 102
Trd, 4318515.743, 123
Trd, 4318515.843, 95
Trd, 4318516.043, 77
Trd, 4318516.543, 80
Trd, 4318518.493, 140
Trd, 4318518.743, 138
Trd, 4318519.043, 132
Trd, 4318519.593, 94
Trd, 4318519.793, 88
Trd, 4318520.043, 117
Trd, 4318521.843, 137
Trd, 4318522.293, 110
Trd, 4318522.993, 96
Trd, 4318523.993, 124
Trd, 4318524.343, 93
Trd, 4318525.443, 126
Trd, 4318525.693, 118
Trd, 4318525.893, 83
Trd, 4318526.143, 118
Trd, 4318526.493, 132
Trd, 4318527.093, 133
Trd, 4318527.943, 123
Trd, 4318529.693, 131
Trd, 4318530.193, 128
Trd, 4318530.293, 120
Trd, 4318531.543, 112
Trd, 4318532.343, 87
Trd, 4318533.993, 133
Trd, 4318534.843, 139
Trd, 4318534.993, 117
Trd, 4318535.443, 129
Trd, 4318536.293, 99
Trd, 4318536.693, 69
Trd, 4318536.843, 81
Trd, 4318537.193, 140
Trd, 4318538.293, 88
Trd, 4318538.743, 123
Trd, 4318538.943, 135
Trd, 4318540.693, 131
Trd, 4318541.143, 100
Trd, 4318541.393, 98
Trd, 4318542.693, 140
Trd, 4318544.993, 140
Trd, 4318545.193, 139
Trd, 4318546.143, 129
Trd, 4318546.243, 119
Trd, 4318546.593, 111
Trd, 4318546.993, 101
Trd, 4318547.143, 97
Trd, 4318549.193, 122
Trd, 4318549.443, 119
Trd, 4318549.493, 134
Trd, 4318549.543, 112
Trd, 4318549.593, 111
Trd, 4318549.843, 75
Trd, 4318550.743, 68
Trd, 4318550.943, 82
Trd, 4318552.693, 68
Trd, 4318552.843, 98
Trd, 4318554.393, 73
Trd, 4318554.593, 92
Trd, 4318556.193, 115
Trd, 4318556.593, 124
Trd, 4318556.993, 113
Trd, 4318557.293, 99
Trd, 4318557.993, 127
Trd, 4318558.793, 128
Trd, 4318559.093, 76
Trd, 4318560.293, 82
Trd, 4318560.943, 69
Trd, 4318561.243, 115
Trd, 4318562.193, 110
Trd, 4318562.543, 136
Trd, 4318563.843, 111
Trd, 4318564.143, 93
Trd, 4318564.793, 71
Trd, 4318565.543, 101
Trd, 4318566.043, 111
Trd, 4318566.743, 125
Trd, 4318567.543, 109
Trd, 4318567.593, 105
Trd, 4318568.343, 101
Trd, 4318569.243, 78
Trd, 4318569.793, 84
Trd, 4318570.643, 74
Trd, 4318571.093, 64
Trd, 4318572.643, 62
Trd, 4318573.143, 72
Trd, 4318573.193, 77
Trd, 4318574.443, 65
Trd, 4318574.843, 113
Trd, 4318575.143, 63
Trd, 4318575.693, 71
Trd, 4318575.793, 73
Trd, 4318576.043, 95
Trd, 4318576.593, 61
Trd, 4318577.743, 64
Trd, 4318577.943, 64
Trd, 4318578.093, 68
Trd, 4318578.543, 62
Trd, 4318578.993, 76
Trd, 4318580.243, 68
Trd, 4318581.043, 107
Trd, 4318581.943, 113
Trd, 4318582.843, 74
Trd, 4318583.293, 138
Trd, 4318584.393, 89
Trd, 4318584.943, 65
Trd, 4318585.193, 65
Trd, 4318585.493, 99
Trd, 4318585.793, 135
Trd, 4318587.793, 76
Trd, 4318588.593, 124
Trd, 4318589.043, 133
Trd, 4318589.393, 137
Trd, 4318589.643, 122
Trd, 4318591.593, 138
Trd, 4318592.343, 134
Trd, 4318592.643, 102
Trd, 4318593.643, 135
Trd, 4318594.693, 136
Trd, 4318594.993, 118
Trd, 4318595.593, 132
Trd, 4318595.893, 138
Trd, 4318597.493, 90
Trd, 4318598.443, 92
Trd, 4318598.693, 89
Trd, 4318599.443, 81
Trd, 4318600.043, 106
Trd, 4318600.993, 60
Trd, 4318602.443, 139
Trd, 4318602.893, 134
Trd, 4318603.593, 97
Trd, 4318604.143, 117
Trd, 4318604.693, 122
Trd, 4318604.793, 95
Trd, 4318605.293, 134
Trd, 4318606.093, 123
Trd, 4318606.643, 133
Trd, 4318606.993, 118
Trd, 4318607.643, 127
Trd, 4318608.093, 132
Trd, 4318608.593, 113
Trd, 4318610.193, 140
Trd, 4318610.743, 124
Trd, 4318610.793, 118
Trd, 4318610.843, 96
Trd, 4318611.843, 140
Trd, 4318611.893, 132
Trd, 4318613.243, 89
Trd, 4318613.593, 110
Trd, 4318614.843, 101
Trd, 4318615.593, 115
Trd, 4318616.493, 128
Trd, 4318616.593, 84
Trd, 4318617.393, 91
Trd, 4318617.593, 65
Trd, 4318617.793, 121
Trd, 4318619.243, 84
Trd, 4318619.693, 118
Trd, 4318620.793, 65
Trd, 4318620.893, 69
Trd, 4318621.493, 66
Trd, 4318622.243, 111
Trd, 4318624.293, 118
Trd, 4318624.543, 99
Trd, 4318624.743, 94
Trd, 4318624.943, 95
Trd, 4318625.393, 130
Trd, 4318626.143, 77
Trd, 4318627.393, 109
Trd, 4318629.193, 138
Trd, 4318630.193, 138
Trd, 4318631.143, 129
Trd, 4318631.943, 129
Trd, 4318632.093, 116
Trd, 4318632.593, 99
Trd, 4318632.693, 96
Trd, 4318633.643, 134
Trd, 4318633.793, 123
Trd, 4318633.993, 134
Trd, 4318634.243, 120
Trd, 4318634.793, 114
Trd, 4318636.993, 140
Trd, 4318638.043, 131
Trd, 4318638.743, 127
Trd, 4318638.943, 119
Trd, 4318639.243, 116
Trd, 4318639.943, 117
Trd, 4318640.093, 103
Trd, 4318640.343, 133
Trd, 4318640.743, 79
Trd, 4318641.493, 92
Trd, 4318641.743, 115
Trd, 4318643.193, 96
Trd, 4318643.943, 110
Trd, 4318645.093, 113
Trd, 4318646.093, 73
Trd, 4318646.393, 108
Trd, 4318647.393, 113
Trd, 4318647.843, 87
Trd, 4318649.793, 109
Trd, 4318649.993, 102
Trd, 4318651.093, 113
Trd, 4318651.993, 137
Trd, 4318652.043, 128
Trd, 4318652.443, 106
Trd, 4318653.993, 123
Trd, 4318655.043, 107
Trd, 4318656.843, 121
Trd, 4318656.943, 138
Trd, 4318657.143, 106
Trd, 4318657.593, 136
Trd, 4318657.743, 118
Trd, 4318658.493, 124
Trd, 4318658.993, 130
Trd, 4318659.543, 121
Trd, 4318659.743, 119
Trd, 4318660.243, 74
Trd, 4318660.643, 101
Trd, 4318661.393, 60
Trd, 4318662.093, 140
Trd, 4318662.543, 88
Trd, 4318662.793, 109
Trd, 4318663.693, 84
Trd, 4318664.593, 103
Trd, 4318666.393, 138
Trd, 4318666.643, 127
Trd, 4318667.043, 72
Trd, 4318667.593, 74
Trd, 4318668.643, 116
Trd, 4318669.043, 99
Trd, 4318670.093, 94
Trd, 4318670.143, 90
Trd, 4318670.643, 110
Trd, 4318672.043, 72
Trd, 4318672.093, 70
Trd, 4318672.393, 112
Trd, 4318672.543, 69
Trd, 4318673.693, 127
Trd, 4318673.893, 108
Trd, 4318674.843, 135
Trd, 4318675.393, 70
Trd, 4318675.793, 121
Trd, 4318676.443, 87
Trd, 4318676.893, 94
Trd, 4318678.393, 77
Trd, 4318679.393, 106
Trd, 4318679.543, 100
Trd, 4318680.293, 94
Trd, 4318680.443, 93
Trd, 4318681.543, 111
Trd, 4318681.693, 69
Trd, 4318682.093, 78
Trd, 4318683.093, 71
Trd, 4318684.843, 138
Trd, 4318685.743, 97
Trd, 4318685.843, 84
Trd, 4318686.243, 126
Trd, 4318686.293, 130
Trd, 4318686.943, 137
Trd, 4318687.193, 77
Trd, 4318688.443, 67
Trd, 4318689.743, 103
Trd, 4318689.893, 103
Trd, 4318690.043, 85
Trd, 4318690.543, 95
Trd, 4318691.243, 91
Trd, 4318692.443, 79
Trd, 4318693.693, 65
Trd, 4318694.993, 92
Trd, 4318695.043, 78
Trd, 4318695.593, 136
Trd, 4318695.893, 105
Trd, 4318697.893, 105
Trd, 4318699.443, 115
Trd, 4318699.493, 107
Trd, 4318699.743, 113
Trd, 4318700.743, 122
Trd, 4318701.443, 103
Trd, 4318701.693, 101
Trd, 4318702.593, 140
Trd, 4318703.443, 113
Trd, 4318704.193, 96
Trd, 4318704.643, 117
Trd, 4318705.143, 87
Trd, 4318706.393, 93
Trd, 4318706.693, 70
Trd, 4318707.243, 77
Trd, 4318707.393, 106
Trd, 4318709.143, 134
Trd, 4318709.243, 125
Trd, 4318710.793, 110
Trd, 4318711.243, 110
Trd, 4318711.593, 116
Trd, 4318711.943, 98
Trd, 4318713.093, 138
Trd, 4318714.293, 129
Trd, 4318715.343, 124
Trd, 4318715.493, 123
Trd, 4318715.643, 122
Trd, 4318716.593, 131
Trd, 4318716.843, 139
Trd, 4318718.393, 112
Trd, 4318718.843, 88
Trd, 4318719.093, 119
Trd, 4318719.293, 76
Trd, 4318719.843, 75
Trd, 4318720.543, 90
Trd, 4318721.593, 138
Trd, 4318721.643, 110
Trd, 4318722.043, 114
Trd, 4318722.693, 124
Trd, 4318722.993, 137
Trd, 4318723.643, 66
Trd, 4318724.143, 97
Trd, 4318725.043, 134
Trd, 4318725.393, 115
Trd, 4318726.343, 63
Trd, 4318728.243, 97
Trd, 4318728.843, 130
Trd, 4318728.893, 64
Trd, 4318730.493, 121
Trd, 4318730.693, 113
Trd, 4318730.793, 113
Trd, 4318731.243, 103
Trd, 4318732.143, 114
Trd, 4318732.843, 119
Trd, 4318733.043, 123
Trd, 4318733.843, 129
Trd, 4318734.593, 114
Trd, 4318735.243, 105
Trd, 4318736.193, 124
Trd, 4318737.543, 125
Trd, 4318737.993, 135
Trd, 4318738.443, 114
Trd, 4318740.143, 112
Trd, 4318740.543, 107
Trd, 4318740.793, 100
Trd, 4318742.743, 127
Trd, 4318742.893, 106
Trd, 4318743.043, 96
Trd, 4318744.693, 136
Trd, 4318745.393, 140
Trd, 4318746.243, 139
Trd, 4318747.793, 139
Trd, 4318748.493, 129
Trd, 4318748.793, 110
Trd, 4318748.993, 109
Trd, 4318749.343, 109
Trd, 4318749.693, 99
Trd, 4318749.843, 79
Trd, 4318750.743, 78
Trd, 4318750.893, 72
Trd, 4318751.443, 121
Trd, 4318752.693, 129
Trd, 4318753.293, 117
Trd, 4318753.843, 138
Trd, 4318754.093, 139
Trd, 4318755.143, 83
Trd, 4318756.393, 118
Trd, 4318757.593, 111
Trd, 4318757.643, 121
Trd, 4318758.743, 102
Trd, 4318758.943, 117
Trd, 4318759.543, 128
Trd, 4318760.643, 131
Trd, 4318761.743, 91
Trd, 4318762.443, 127
Trd, 4318762.743, 116
Trd, 4318762.793, 86
Trd, 4318763.043, 73
Trd, 4318763.093, 117
Trd, 4318764.043, 98
Trd, 4318764.843, 129
Trd, 4318765.193, 88
Trd, 4318765.893, 127
Trd, 4318766.343, 133
Trd, 4318767.843, 130
Trd, 4318768.343, 100
Trd, 4318769.443, 74
Trd, 4318769.543, 63
Trd, 4318770.343, 113
Trd, 4318770.893, 125
Trd, 4318771.993, 128
Trd, 4318772.343, 107
Trd, 4318774.093, 97
Trd, 4318774.343, 93
Trd, 4318775.143, 102
Trd, 4318775.843, 131
Trd, 4318776.543, 130
Trd, 4318776.893, 109
Trd, 4318778.493, 134
Trd, 4318778.893, 114
Trd, 4318779.243, 129
Trd, 4318780.893, 127
Trd, 4318781.443, 124
Trd, 4318781.643, 100
Trd, 4318782.493, 139
Trd, 4318782.943, 113
Trd, 4318783.043, 109
Trd, 4318783.193, 65
Trd, 4318784.443, 78
Trd, 4318784.893, 129
Trd, 4318786.443, 94
Trd, 4318786.543, 72
Trd, 4318786.793, 107
Trd, 4318788.293, 129
Trd, 4318789.193, 110
Trd, 4318789.693, 128
Trd, 4318789.993, 129
Trd, 4318790.343, 137
Trd, 4318790.793, 130
Trd, 4318792.143, 108
Trd, 4318792.493, 98
Trd, 4318792.593, 98
Trd, 4318793.693, 102
Trd, 4318794.043, 138
Trd, 4318795.643, 61
Trd, 4318795.743, 78
Trd, 4318797.093, 96
Trd, 4318798.343, 62
Trd, 4318798.543, 83
Trd, 4318798.993, 100
Trd, 4318800.593, 66
Trd, 4318800.743, 75
Trd, 4318800.793, 112
Trd, 4318802.343, 70
Trd, 4318802.743, 66
Trd, 4318803.143, 70
Trd, 4318803.193, 97
Trd, 4318804.943, 139
Trd, 4318805.043, 130
Trd, 4318805.093, 110
Trd, 4318805.543, 110
Trd, 4318806.393, 89
Trd, 4318806.793, 128
Trd, 4318807.193, 91
Trd, 4318807.593, 131
Trd, 4318808.593, 95
Trd, 4318809.843, 102
Trd, 4318811.943, 136
Trd, 4318812.143, 125
Trd, 4318813.493, 132
Trd, 4318813.893, 125
Trd, 4318814.243, 110
Trd, 4318814.443, 107
Trd, 4318815.393, 122
Trd, 4318816.193, 110
Trd, 4318816.393, 140
Trd, 4318818.043, 126
Trd, 4318819.293, 86
Trd, 4318819.393, 78
Trd, 4318819.493, 137
Trd, 4318819.943, 92
Trd, 4318820.593, 103
Trd, 4318821.443, 118
Trd, 4318821.993, 138
Trd, 4318822.343, 132
Trd, 4318822.893, 105
Trd, 4318824.193, 70
Trd, 4318824.443, 93
Trd, 4318824.943, 89
Trd, 4318826.093, 103
Trd, 4318826.293, 96
Trd, 4318826.343, 133
Trd, 4318826.993, 85
Trd, 4318827.643, 74
Trd, 4318828.043, 97
Trd, 4318828.743, 113
Trd, 4318828.893, 70
Trd, 4318831.093, 86
Trd, 4318831.243, 87
Trd, 4318832.143, 61
Trd, 4318832.543, 124
Trd, 4318832.893, 65
Trd, 4318833.193, 82
Trd, 4318833.943, 97
Trd, 4318834.943, 93
Trd, 4318835.043, 134
Trd, 4318835.993, 60
Trd, 4318837.543, 133
Trd, 4318837.643, 124
Trd, 4318838.243, 61
Trd, 4318838.893, 94
Trd, 4318839.393, 101
Trd, 4318840.443, 139
Trd, 4318841.093, 137
Trd, 4318841.293, 132
Trd, 4318841.893, 134
Trd, 4318841.943, 126
Trd, 4318845.243, 128
Trd, 4318845.793, 108
Trd, 4318846.043, 105
Trd, 4318846.143, 92
Trd, 4318846.743, 101
Trd, 4318847.093, 107
Trd, 4318847.893, 140
Trd, 4318848.343, 129
Trd, 4318849.693, 135
Trd, 4318849.743, 133
Trd, 4318850.543, 124
Trd, 4318850.993, 111
Trd, 4318852.443, 125
Trd, 4318852.793, 94
Trd, 4318853.243, 89
Trd, 4318853.593, 113
Trd, 4318855.043, 112
Trd, 4318856.093, 138
Trd, 4318857.643, 125
Trd, 4318857.843, 118
Trd, 4318857.893, 110
Trd, 4318860.043, 130
Trd, 4318860.193, 97
Trd, 4318860.343, 91
Trd, 4318860.943, 118
Trd, 4318861.293, 98
Trd, 4318861.843, 101
Trd, 4318862.543, 81
Trd, 4318863.643, 102
Trd, 4318864.593, 83
Trd, 4318864.893, 64
Trd, 4318864.993, 77
Trd, 4318865.343, 99
Trd, 4318866.093, 132
Trd, 4318868.043, 130
Trd, 4318868.893, 135
Trd, 4318869.243, 132
Trd, 4318869.393, 134
Trd, 4318869.893, 123
Trd, 4318871.343, 135
Trd, 4318871.643, 105
Trd, 4318873.893, 140
Trd, 4318874.093, 129
Trd, 4318874.643, 114
Trd, 4318875.143, 104
Trd, 4318875.643, 134
Trd, 4318876.643, 89
Trd, 4318877.093, 100
Trd, 4318877.643, 128
Trd, 4318877.993, 135
Trd, 4318879.093, 70
Trd, 4318879.643, 94
Trd, 4318879.993, 127
Trd, 4318880.043, 133
Trd, 4318880.693, 133
Trd, 4318882.143, 134
Trd, 4318882.443, 120
Trd, 4318883.193, 119
Trd, 4318884.293, 103
Trd, 4318884.993, 139
Trd, 4318885.243, 139
Trd, 4318887.743, 122
Trd, 4318888.143, 110
Trd, 4318888.393, 128
Trd, 4318888.593, 67
Trd, 4318889.743, 135
Trd, 4318890.893, 140
Trd, 4318891.393, 124
Trd, 4318891.443, 124
Trd, 4318891.643, 97
Trd, 4318892.593, 132
Trd, 4318893.993, 111
Trd, 4318894.193, 69
Trd, 4318894.593, 83
Trd, 4318894.743, 113
Trd, 4318896.543, 113
Trd, 4318896.693, 105
Trd, 4318898.193, 109
Trd, 4318898.393, 100
Trd, 4318898.993, 93
Trd, 4318899.193, 82
Trd, 4318899.293, 83
Trd, 4318900.043, 116
Trd, 4318900.543, 125
Trd, 4318900.843, 77
Trd, 4318902.593, 134
Trd, 4318902.693, 138
Trd, 4318903.043, 99
Trd, 4318904.243, 60
Trd, 4318904.543, 68
Trd, 4318905.043, 129
Trd, 4318905.493, 104
Trd, 4318905.943, 80
Trd, 4318908.443, 96
Trd, 4318909.143, 118
Trd, 4318909.443, 138
Trd, 4318909.893, 132
Trd, 4318910.493, 75
Trd, 4318910.793, 105
Trd, 4318911.043, 86
Trd, 4318912.743, 82
Trd, 4318912.993, 64
Trd, 4318913.393, 123
Trd, 4318914.593, 131
Trd, 4318914.793, 130
Trd, 4318915.443, 128
Trd, 4318915.593, 110
Trd, 4318915.643, 81
Trd, 4318916.843, 103
Trd, 4318917.443, 63
Trd, 4318917.843, 71
Trd, 4318917.993, 104
Trd, 4318919.143, 118
Trd, 4318920.043, 128
Trd, 4318920.493, 140
Trd, 4318920.793, 122
Trd, 4318921.193, 91
Trd, 4318922.593, 132
Trd, 4318923.093, 139
Trd, 4318924.493, 131
Trd, 4318925.093, 122
Trd, 4318925.343, 92
Trd, 4318926.043, 80
Trd, 4318926.493, 79
Trd, 4318926.693, 72
Trd, 4318926.993, 81
Trd, 4318927.093, 98
Trd, 4318927.643, 117
Trd, 4318930.443, 129
Trd, 4318930.943, 128
Trd, 4318931.543, 125
Trd, 4318931.893, 93
Trd, 4318932.143, 139
Trd, 4318934.293, 65
Trd, 4318934.393, 62
Trd, 4318934.943, 100
Trd, 4318935.693, 126
Trd, 4318936.043, 123
Trd, 4318936.643, 66
Trd, 4318936.993, 95
Trd, 4318937.993, 63
Trd, 4318938.693, 66
Trd, 4318939.193, 71
Trd, 4318939.993, 68
Trd, 4318940.093, 80
Trd, 4318940.343, 86
Trd, 4318940.543, 134
Trd, 4318941.793, 82
Trd, 4318943.143, 98
Trd, 4318943.543, 83
Trd, 4318944.543, 82
Trd, 4318944.843, 76
Trd, 4318945.643, 100
Trd, 4318946.793, 92
Trd, 4318947.043, 135
Trd, 4318947.993, 76
Trd, 4318948.293, 107
Trd, 4318948.793, 96
Trd, 4318950.443, 137
Trd, 4318950.543, 138
Trd, 4318950.893, 121
Trd, 4318951.593, 111
Trd, 4318951.743, 106
Trd, 4318952.043, 100
Trd, 4318953.143, 71
Trd, 4318953.493, 104
Trd, 4318954.493, 124
Trd, 4318954.643, 73
Trd, 4318956.043, 136
Trd, 4318956.943, 122
Trd, 4318957.043, 138
Trd, 4318957.443, 140
Trd, 4318957.743, 129
Trd, 4318959.193, 61
Trd, 4318959.643, 61
Trd, 4318959.743, 64
Trd, 4318960.743, 64
Trd, 4318961.143, 81
Trd, 4318961.793, 78
Trd, 4318962.793, 132
Trd, 4318963.543, 134
Trd, 4318964.243, 116
Trd, 4318964.843, 98
Trd, 4318965.843, 129
Trd, 4318965.993, 127
Trd, 4318966.543, 125
Trd, 4318966.743, 122
Trd, 4318967.343, 126
Trd, 4318968.193, 66
Trd, 4318968.743, 113
Trd, 4318968.893, 107
Trd, 4318970.293, 117
Trd, 4318970.643, 131
Trd, 4318971.993, 128
Trd, 4318972.343, 121
Trd, 4318973.543, 103
Trd, 4318973.693, 121
Trd, 4318974.743, 135
Trd, 4318975.243, 127
Trd, 4318975.843, 132
Trd, 4318975.893, 116
Trd, 4318976.293, 130
Trd, 4318977.393, 126
Trd, 4318977.793, 128
Trd, 4318979.343, 139
Trd, 4318980.393, 136
Trd, 4318980.793, 131
Trd, 4318981.393, 129
Trd, 4318982.443, 126
Trd, 4318984.443, 102
Trd, 4318985.043, 135
Trd, 4318985.193, 127
Trd, 4318985.243, 119
Trd, 4318985.593, 113
Trd, 4318985.693, 120
Trd, 4318987.993, 134
Trd, 4318989.043, 140
Trd, 4318989.093, 129
Trd, 4318989.843, 91
Trd, 4318989.893, 90
Trd, 4318990.193, 118
Trd, 4318991.093, 92
Trd, 4318991.593, 83
Trd, 4318991.943, 100
Trd, 4318991.993, 78
Trd, 4318993.493, 87
Trd, 4318994.443, 133
Trd, 4318995.243, 125
Trd, 4318995.793, 65
Trd, 4318996.943, 80
Trd, 4318998.143, 112
Trd, 4318998.543, 132
Trd, 4318999.043, 92
Trd, 4319000.243, 137
Trd, 4319000.843, 134
Trd, 4319001.193, 93
Trd, 4319001.243, 92
Trd, 4319001.593, 81
Trd, 4319003.043, 126
Trd, 4319003.693, 133
Trd, 4319003.743, 126
Trd, 4319004.793, 89
Trd, 4319004.943, 125
Trd, 4319005.693, 139
Trd, 4319006.743, 133
Trd, 4319006.843, 102
Trd, 4319007.443, 136
Trd, 4319007.593, 111
Trd, 4319008.193, 90
Trd, 4319010.293, 129
Trd, 4319010.543, 119
Trd, 4319010.843, 108
Trd, 4319011.093, 97
Trd, 4319011.543, 117
Trd, 4319011.743, 113
Trd, 4319012.043, 104
Trd, 4319012.893, 137
Trd, 4319013.743, 104
Trd, 4319014.943, 88
Trd, 4319014.993, 87
Trd, 4319015.343, 99
Trd, 4319015.843, 105
Trd, 4319017.693, 126
Trd, 4319018.643, 140
Trd, 4319019.293, 136
Trd, 4319019.393, 123
Trd, 4319019.593, 123
Trd, 4319020.043, 87
Trd, 4319020.543, 88
Trd, 4319021.193, 89
Trd, 4319021.443, 122
Trd, 4319021.993, 88
Trd, 4319022.293, 62
Trd, 4319023.343, 87
Trd, 4319025.243, 62
Trd, 4319025.793, 100
Trd, 4319026.143, 106
Trd, 4319026.893, 90
Trd, 4319026.993, 85
Trd, 4319027.793, 128
Trd, 4319027.943, 112
Trd, 4319028.343, 120
Trd, 4319030.243, 91
Trd, 4319030.493, 129
Trd, 4319030.643, 124
Trd, 4319030.693, 89
Trd, 4319031.093, 118
Trd, 4319031.343, 68
Trd, 4319032.243, 136
Trd, 4319032.643, 128
Trd, 4319033.143, 88
Trd, 4319033.943, 126
Trd, 4319034.143, 97
Trd, 4319035.293, 64
Trd, 4319035.793, 87
Trd, 4319036.193, 91
Trd, 4319037.043, 108
Trd, 4319039.343, 115
Trd, 4319040.243, 95
Trd, 4319040.343, 123
Trd, 4319042.443, 133
Trd, 4319042.693, 118
Trd, 4319042.843, 115
Trd, 4319043.043, 108
Trd, 4319043.443, 104
Trd, 4319044.443, 96
Trd, 4319045.493, 125
Trd, 4319045.743, 134
Trd, 4319046.193, 104
Trd, 4319047.543, 136
Trd, 4319047.793, 127
Trd, 4319048.343, 74
Trd, 4319049.493, 114
Trd, 4319050.343, 62
Trd, 4319050.893, 92
Trd, 4319051.293, 92
Trd, 4319051.893, 60
Trd, 4319051.993, 124
Trd, 4319052.143, 136
Trd, 4319052.993, 121
Trd, 4319053.343, 113
Trd, 4319054.393, 60
Trd, 4319054.443, 95
Trd, 4319055.643, 115
Trd, 4319056.793, 137
Trd, 4319056.843, 136
Trd, 4319058.193, 80
Trd, 4319060.043, 127
Trd, 4319061.343, 102
Trd, 4319061.693, 117
Trd, 4319062.293, 133
Trd, 4319064.693, 118
Trd, 4319064.843, 113
Trd, 4319065.293, 90
Trd, 4319065.593, 125
Trd, 4319066.643, 88
Trd, 4319067.343, 137
Trd, 4319067.893, 65
Trd, 4319068.493, 135
Trd, 4319069.793, 137
Trd, 4319070.093, 137
Trd, 4319070.643, 114
Trd, 4319070.843, 64
Trd, 4319071.543, 69
Trd, 4319072.443, 129
Trd, 4319073.093, 132
Trd, 4319074.093, 136
Trd, 4319074.193, 130
Trd, 4319074.793, 125
Trd, 4319076.493, 131
Trd, 4319076.743, 135
Trd, 4319077.893, 134
Trd, 4319078.443, 132
Trd, 4319078.543, 127
Trd, 4319078.693, 126
Trd, 4319079.443, 119
Trd, 4319079.693, 95
Trd, 4319080.593, 86
Trd, 4319081.643, 130
Trd, 4319082.593, 70
Trd, 4319084.443, 140
Trd, 4319085.293, 127
Trd, 4319085.443, 112
Trd, 4319085.843, 125
Trd, 4319086.943, 135
Trd, 4319087.743, 108
Trd, 4319088.493, 140
Trd, 4319088.893, 113
Trd, 4319089.143, 104
Trd, 4319090.793, 113
Trd, 4319090.943, 94
Trd, 4319091.493, 135
Trd, 4319091.793, 134
Trd, 4319092.643, 129
Trd, 4319093.393, 120
Trd, 4319094.293, 140
Trd, 4319094.843, 132
Trd, 4319095.643, 122
Trd, 4319096.743, 112
Trd, 4319097.493, 133
Trd, 4319097.693, 137
Trd, 4319097.793, 112
Trd, 4319098.093, 90
Trd, 4319098.893, 69
Trd, 4319099.743, 63
Trd, 4319100.093, 74
Trd, 4319102.843, 117
Trd, 4319103.043, 117
Trd, 4319103.643, 107
Trd, 4319103.893, 77
Trd, 4319104.843, 126
Trd, 4319105.043, 126
Trd, 4319105.343, 113
Trd, 4319106.543, 65
Trd, 4319107.293, 74
Trd, 4319107.343, 72
Trd, 4319108.543, 115
Trd, 4319109.493, 121
Trd, 4319110.243, 102
Trd, 4319110.543, 87
Trd, 4319111.193, 90
Trd, 4319111.943, 125
Trd, 4319112.293, 130
Trd, 4319112.693, 102
Trd, 4319112.993, 129
Trd, 4319113.043, 90
Trd, 4319113.293, 136
Trd, 4319114.893, 135
Trd, 4319116.693, 135
Trd, 4319117.043, 126
Trd, 4319117.743, 125
Trd, 4319117.793, 108
Trd, 4319118.243, 110
Trd, 4319118.593, 126
Trd, 4319118.643, 73
Trd, 4319119.043, 140
Trd, 4319120.093, 115
Trd, 4319121.093, 123
Trd, 4319121.693, 125
Trd, 4319122.343, 110
Trd, 4319122.743, 136
Trd, 4319122.943, 112
Trd, 4319123.243, 132
Trd, 4319123.543, 69
Trd, 4319124.393, 68
Trd, 4319125.093, 72
Trd, 4319126.743, 125
Trd, 4319126.843, 122
Trd, 4319126.893, 118
Trd, 4319127.343, 100
Trd, 4319128.643, 88
Trd, 4319129.743, 85
Trd, 4319130.193, 93
Trd, 4319130.793, 127
Trd, 4319132.143, 88
Trd, 4319132.643, 112
Trd, 4319133.193, 85
Trd, 4319134.143, 122
Trd, 4319134.293, 118
Trd, 4319134.643, 106
Trd, 4319135.043, 89
Trd, 4319135.743, 110
Trd, 4319135.793, 78
Trd, 4319136.543, 140
Trd, 4319137.343, 90
Trd, 4319137.543, 91
Trd, 4319137.643, 122
Trd, 4319140.393, 81
Trd, 4319140.993, 116
Trd, 4319141.743, 63
Trd, 4319141.993, 66
Trd, 4319143.493, 67
Trd, 4319144.093, 92
Trd, 4319144.193, 98
Trd, 4319144.743, 131
Trd, 4319145.043, 67
Trd, 4319146.243, 62
Trd, 4319146.743, 90
Trd, 4319147.593, 61
Trd, 4319147.693, 82
Trd, 4319147.893, 137
Trd, 4319149.193, 121
Trd, 4319150.293, 128
Trd, 4319151.043, 136
Trd, 4319151.593, 121
Trd, 4319152.043, 105
Trd, 4319152.593, 71
Trd, 4319152.793, 96
Trd, 4319152.993, 61
Trd, 4319153.893, 62
Trd, 4319155.193, 70
Trd, 4319155.643, 134
Trd, 4319155.793, 115
Trd, 4319156.693, 84
Trd, 4319157.793, 71
Trd, 4319158.893, 106
Trd, 4319159.493, 93
Trd, 4319160.793, 117
Trd, 4319161.993, 134
Trd, 4319162.593, 107
Trd, 4319163.393, 88
Trd, 4319164.093, 64
Trd, 4319164.243, 75
Trd, 4319164.643, 135
Trd, 4319164.943, 123
Trd, 4319165.143, 117
Trd, 4319165.893, 66
Trd, 4319166.843, 78
Trd, 4319169.093, 66
Trd, 4319169.543, 78
Trd, 4319169.943, 123
Trd, 4319170.343, 128
Trd, 4319171.193, 124
Trd, 4319171.893, 108
Trd, 4319172.743, 90
Trd, 4319173.493, 64
Trd, 4319173.693, 109
Trd, 4319174.893, 131
Trd, 4319175.093, 135
Trd, 4319175.243, 125
Trd, 4319176.743, 140
Trd, 4319177.543, 134
Trd, 4319177.793, 119
Trd, 4319178.693, 83
Trd, 4319179.243, 82
Trd, 4319180.593, 69
Trd, 4319180.793, 71
Trd, 4319181.143, 81
Trd, 4319182.193, 102
Trd, 4319182.393, 89
Trd, 4319182.743, 135
Trd, 4319183.843, 122
Trd, 4319184.243, 114
Trd, 4319185.093, 129
Trd, 4319185.343, 112
Trd, 4319185.893, 139
Trd, 4319186.993, 132
Trd, 4319187.093, 129
Trd, 4319187.843, 113
Trd, 4319189.493, 92
Trd, 4319190.043, 87
Trd, 4319190.093, 85
Trd, 4319191.593, 83
Trd, 4319191.743, 106
Trd, 4319192.893, 122
Trd, 4319192.993, 109
Trd, 4319193.043, 95
Trd, 4319194.943, 137
Trd, 4319195.043, 128
Trd, 4319195.643, 86
Trd, 4319196.193, 135
Trd, 4319197.143, 134
Trd, 4319198.293, 107
Trd, 4319198.843, 100
Trd, 4319199.543, 139
Trd, 4319200.043, 129
Trd, 4319200.543, 98
Trd, 4319200.843, 114
Trd, 4319201.543, 82
Trd, 4319201.643, 105
Trd, 4319202.293, 124
Trd, 4319203.093, 105
Trd, 4319203.393, 121
Trd, 4319204.243, 137
Trd, 4319204.443, 117
Trd, 4319204.893, 71
Trd, 4319205.293, 136
Trd, 4319206.393, 121
Trd, 4319207.243, 127
Trd, 4319207.343, 126
Trd, 4319208.793, 121
Trd, 4319209.093, 116
Trd, 4319209.443, 105
Trd, 4319210.093, 131
Trd, 4319210.943, 102
Trd, 4319211.293, 136
Trd, 4319212.443, 136
Trd, 4319212.693, 124
Trd, 4319212.743, 116
Trd, 4319214.193, 140
Trd, 4319214.543, 121
Trd, 4319214.743, 95
Trd, 4319215.093, 86
Trd, 4319216.593, 69
Trd, 4319217.293, 124
Trd, 4319217.893, 103
Trd, 4319219.243, 69
Trd, 4319219.893, 67
Trd, 4319220.143, 68
Trd, 4319220.593, 62
Trd, 4319221.593, 65
Trd, 4319222.543, 75
Trd, 4319223.493, 102
Trd, 4319224.293, 140
Trd, 4319225.243, 138
Trd, 4319225.343, 127
Trd, 4319225.443, 109
Trd, 4319227.293, 120
Trd, 4319227.843, 121
Trd, 4319227.943, 116
Trd, 4319227.993, 97
Trd, 4319228.743, 118
Trd, 4319229.193, 72
Trd, 4319230.193, 128
Trd, 4319230.793, 119
Trd, 4319232.193, 123
Trd, 4319232.543, 121
Trd, 4319233.693, 98
Trd, 4319234.043, 139
Trd, 4319234.393, 122
Trd, 4319235.843, 92
Trd, 4319236.593, 133
Trd, 4319236.643, 127
Trd, 4319236.943, 78
Trd, 4319238.043, 120
Trd, 4319238.893, 92
Trd, 4319239.493, 100
Trd, 4319240.893, 131
Trd, 4319240.993, 125
Trd, 4319241.943, 134
Trd, 4319242.743, 134
Trd, 4319243.393, 125
Trd, 4319244.693, 139
Trd, 4319245.143, 115
Trd, 4319245.293, 121
Trd, 4319246.043, 134
Trd, 4319246.593, 119
Trd, 4319246.693, 99
Trd, 4319247.693, 101
Trd, 4319247.993, 138
Trd, 4319248.243, 125
Trd, 4319249.643, 88
Trd, 4319249.693, 97
Trd, 4319250.143, 94
Trd, 4319250.593, 133
Trd, 4319250.843, 112
Trd, 4319252.943, 123
Trd, 4319253.743, 134
Trd, 4319254.143, 125
Trd, 4319254.493, 132
Trd, 4319255.093, 99
Trd, 4319255.943, 93
Trd, 4319256.593, 107
Trd, 4319257.393, 109
Trd, 4319257.593, 106
Trd, 4319257.893, 98
Trd, 4319257.993, 92
Trd, 4319258.993, 64
Trd, 4319260.593, 98
Trd, 4319260.843, 80
Trd, 4319261.343, 122
Trd, 4319262.243, 127
Trd, 4319263.493, 135
Trd, 4319263.643, 127
Trd, 4319264.193, 113
Trd, 4319264.293, 98
Trd, 4319264.893, 140
Trd, 4319266.243, 97
Trd, 4319266.293, 99
Trd, 4319267.843, 131
Trd, 4319268.143, 139
Trd, 4319269.243, 103
Trd, 4319269.943, 111
Trd, 4319270.393, 108
Trd, 4319270.493, 108
Trd, 4319271.043, 119
Trd, 4319271.693, 140
Trd, 4319272.343, 134
Trd, 4319272.693, 90
Trd, 4319273.393, 95
Trd, 4319273.443, 84
Trd, 4319274.493, 75
Trd, 4319275.143, 90
Trd, 4319275.743, 136
Trd, 4319279.193, 137
Trd, 4319279.493, 132
Trd, 4319279.943, 130
Trd, 4319280.293, 126
Trd, 4319280.593, 121
Trd, 4319281.143, 124
Trd, 4319281.693, 130
Trd, 4319281.993, 81
Trd, 4319282.043, 76
Trd, 4319282.743, 96
Trd, 4319283.443, 89
Trd, 4319283.843, 91
Trd, 4319284.093, 138
Trd, 4319284.293, 130
Trd, 4319284.393, 88
Trd, 4319286.043, 129
Trd, 4319286.443, 114
Trd, 4319286.743, 108
Trd, 4319287.443, 124
Trd, 4319287.843, 131
Trd, 4319288.843, 104
Trd, 4319289.693, 85
Trd, 4319290.293, 118
Trd, 4319290.693, 123
Trd, 4319292.093, 121
Trd, 4319292.693, 139
Trd, 4319294.443, 136
Trd, 4319294.543, 140
Trd, 4319295.243, 94
Trd, 4319296.743, 136
Trd, 4319296.943, 124
Trd, 4319297.893, 120
Trd, 4319299.443, 114
Trd, 4319300.043, 115
Trd, 4319300.143, 106
Trd, 4319300.293, 67
Trd, 4319300.693, 140
Trd, 4319300.893, 122
Trd, 4319301.893, 129
Trd, 4319302.793, 90
Trd, 4319303.593, 69
Trd, 4319304.093, 103
Trd, 4319305.843, 82
Trd, 4319306.643, 87
Trd, 4319306.893, 98
Trd, 4319306.993, 83
Trd, 4319307.993, 99
Trd, 4319308.293, 90
Trd, 4319308.643, 84
Trd, 4319309.343, 140
Trd, 4319310.243, 131
Trd, 4319310.543, 122
Trd, 4319310.893, 79
Trd, 4319312.743, 108
Trd, 4319314.743, 128
Trd, 4319315.093, 135
Trd, 4319315.793, 131
Trd, 4319316.093, 116
Trd, 4319316.243, 96
Trd, 4319316.893, 130
Trd, 4319316.993, 77
Trd, 4319317.143, 90
Trd, 4319318.493, 134
Trd, 4319319.143, 76
Trd, 4319320.193, 119
Trd, 4319320.393, 101
Trd, 4319321.893, 138
Trd, 4319322.693, 135
Trd, 4319322.993, 113
Trd, 4319323.693, 140
Trd, 4319323.843, 129
Trd, 4319324.243, 95
Trd, 4319324.743, 83
Trd, 4319325.193, 135
Trd, 4319326.343, 124
Trd, 4319326.993, 113
Trd, 4319327.143, 111
Trd, 4319327.543, 114
Trd, 4319328.143, 89
Trd, 4319329.293, 120
Trd, 4319329.343, 95
Trd, 4319330.043, 138
Trd, 4319330.643, 136
Trd, 4319330.993, 120
Trd, 4319332.293, 88
Trd, 4319332.943, 80
Trd, 4319334.443, 112
Trd, 4319335.243, 108
Trd, 4319335.493, 92
Trd, 4319335.693, 121
Trd, 4319336.643, 108
Trd, 4319337.043, 140
Trd, 4319338.443, 137
Trd, 4319338.543, 129
Trd, 4319339.893, 91
Trd, 4319340.243, 81
Trd, 4319341.193, 112
Trd, 4319341.393, 74
Trd, 4319341.993, 133
Trd, 4319342.193, 96
Trd, 4319342.793, 88
Trd, 4319343.043, 118
Trd, 4319343.293, 72
Trd, 4319343.793, 96
Trd, 4319345.393, 139
Trd, 4319346.193, 138
Trd, 4319347.343, 135
Trd, 4319347.393, 135
Trd, 4319347.793, 126
Trd, 4319348.593, 121
Trd, 4319350.193, 134
Trd, 4319350.943, 140
Trd, 4319351.243, 136
Trd, 4319351.293, 108
Trd, 4319351.793, 136
Trd, 4319352.593, 99
Trd, 4319352.743, 90
Trd, 4319353.743, 110
Trd, 4319354.893, 126
Trd, 4319355.393, 102
Trd, 4319356.093, 126
Trd, 4319356.393, 88
Trd, 4319356.993, 132
Trd, 4319357.293, 138
Trd, 4319358.093, 83
Trd, 4319358.643, 80
Trd, 4319359.343, 81
Trd, 4319359.593, 136
Trd, 4319359.643, 72
Trd, 4319359.893, 65
Trd, 4319360.693, 65
Trd, 4319360.843, 71
Trd, 4319363.343, 64
Trd, 4319363.793, 65
Trd, 4319364.093, 125
Trd, 4319365.193, 69
Trd, 4319365.593, 133
Trd, 4319367.843, 135
Trd, 4319368.143, 126
Trd, 4319368.243, 114
Trd, 4319368.493, 113
Trd, 4319368.743, 124
Trd, 4319370.193, 132
Trd, 4319370.493, 129
Trd, 4319371.993, 124
Trd, 4319372.793, 121
Trd, 4319372.893, 108
Trd, 4319373.693, 92
Trd, 4319373.743, 105
Trd, 4319374.993, 102
Trd, 4319375.393, 111
Trd, 4319375.643, 139
Trd, 4319376.093, 128
Trd, 4319376.393, 120
Trd, 4319377.143, 132
Trd, 4319377.343, 65
Trd, 4319378.443, 64
Trd, 4319378.543, 80
Trd, 4319379.043, 104
Trd, 4319379.993, 135
Trd, 4319380.443, 115
Trd, 4319381.593, 72
Trd, 4319382.543, 65
Trd, 4319383.643, 65
Trd, 4319384.493, 61
Trd, 4319384.643, 63
Trd, 4319384.793, 73
Trd, 4319386.243, 129
Trd, 4319386.743, 128
Trd, 4319386.993, 128
Trd, 4319387.143, 122
Trd, 4319387.843, 113
Trd, 4319388.093, 85
Trd, 4319389.143, 75
Trd, 4319389.193, 90
Trd, 4319389.543, 134
Trd, 4319389.843, 130
Trd, 4319389.943, 108
Trd, 4319391.393, 115
Trd, 4319392.093, 109
Trd, 4319392.543, 86
Trd, 4319394.693, 103
Trd, 4319394.843, 88
Trd, 4319395.093, 66
Trd, 4319395.893, 66
Trd, 4319397.293, 133
Trd, 4319397.743, 114
Trd, 4319398.743, 112
Trd, 4319398.793, 75
Trd, 4319399.543, 115
Trd, 4319399.643, 138
Trd, 4319400.843, 94
Trd, 4319401.093, 91
Trd, 4319402.243, 77
Trd, 4319403.193, 123
Trd, 4319403.543, 103
Trd, 4319404.493, 131
Trd, 4319405.243, 135
Trd, 4319405.543, 127
Trd, 4319405.793, 93
Trd, 4319405.943, 94
Trd, 4319406.543, 136
Trd, 4319406.643, 131
Trd, 4319407.043, 69
Trd, 4319408.093, 87
Trd, 4319408.543, 82
Trd, 4319408.893, 110
Trd, 4319410.693, 140
Trd, 4319411.793, 135
Trd, 4319412.343, 132
Trd, 4319412.643, 139
Trd, 4319414.393, 134
Trd, 4319414.593, 125
Trd, 4319414.893, 119
Trd, 4319415.293, 107
Trd, 4319415.343, 101
Trd, 4319415.943, 100
Trd, 4319416.493, 62
Trd, 4319417.543, 132
Trd, 4319417.593, 87
Trd, 4319418.743, 125
Trd, 4319420.443, 134
Trd, 4319421.593, 127
Trd, 4319422.093, 130
Trd, 4319422.943, 88
Trd, 4319423.643, 111
Trd, 4319424.243, 138
Trd, 4319424.393, 137
Trd, 4319425.443, 111
Trd, 4319426.393, 109
Trd, 4319426.793, 106
Trd, 4319427.193, 84
Trd, 4319427.993, 112
Trd, 4319428.243, 101
Trd, 4319428.743, 74
Trd, 4319429.693, 82
Trd, 4319430.743, 84
Trd, 4319430.843, 99
Trd, 4319430.893, 70
Trd, 4319431.493, 81
Trd, 4319431.793, 76
Trd, 4319432.543, 67
Trd, 4319433.243, 126
Trd, 4319435.043, 133
Trd, 4319435.193, 125
Trd, 4319435.493, 64
Trd, 4319436.143, 108
Trd, 4319436.593, 72
Trd, 4319436.793, 108
Trd, 4319437.043, 114
Trd, 4319438.293, 106
Trd, 4319439.143, 92
Trd, 4319439.493, 138
Trd, 4319440.243, 124
Trd, 4319441.093, 115
Trd, 4319441.993, 135
Trd, 4319442.393, 109
Trd, 4319442.843, 129
Trd, 4319443.343, 138
Trd, 4319444.343, 96
Trd, 4319444.493, 122
Trd, 4319444.893, 82
Trd, 4319445.393, 95
Trd, 4319446.693, 78
Trd, 4319446.943, 70
Trd, 4319448.943, 83
Trd, 4319449.743, 136
Trd, 4319449.843, 132
Trd, 4319449.993, 116
Trd, 4319450.043, 102
Trd, 4319450.593, 120
Trd, 4319452.243, 125
Trd, 4319452.443, 125
Trd, 4319452.993, 118
Trd, 4319453.543, 134
Trd, 4319453.793, 95
Trd, 4319453.943, 85
Trd, 4319454.793, 83
Trd, 4319456.243, 66
Trd, 4319457.043, 72
Trd, 4319457.743, 60
Trd, 4319458.043, 92
Trd, 4319459.443, 114
Trd, 4319460.593, 91
Trd, 4319461.443, 137
Trd, 4319462.243, 100
Trd, 4319463.193, 139
Trd, 4319464.493, 137
Trd, 4319464.843, 128
Trd, 4319465.343, 118
Trd, 4319465.493, 117
Trd, 4319466.093, 127
Trd, 4319466.293, 140
Trd, 4319466.743, 96
Trd, 4319466.793, 90
Trd, 4319467.343, 128
Trd, 4319467.693, 127
Trd, 4319468.793, 133
Trd, 4319469.043, 124
Trd, 4319469.743, 137
Trd, 4319471.493, 130
Trd, 4319471.643, 69
Trd, 4319472.643, 73
Trd, 4319472.743, 85
Trd, 4319473.193, 71
Trd, 4319474.743, 119
Trd, 4319475.143, 65
Trd, 4319475.493, 126
Trd, 4319475.643, 107
Trd, 4319476.693, 131
Trd, 4319476.793, 123
Trd, 4319478.543, 136
Trd, 4319478.893, 139
Trd, 4319479.043, 127
Trd, 4319480.493, 136
Trd, 4319480.793, 129
Trd, 4319481.243, 140
Trd, 4319482.193, 133
Trd, 4319483.443, 129
Trd, 4319483.743, 131
Trd, 4319484.143, 131
Trd, 4319485.043, 134
Trd, 4319485.193, 137
Trd, 4319486.043, 108
Trd, 4319487.193, 123
Trd, 4319487.343, 136
Trd, 4319488.243, 135
Trd, 4319489.493, 95
Trd, 4319490.893, 87
Trd, 4319491.493, 65
Trd, 4319491.843, 95
Trd, 4319492.493, 103
Trd, 4319493.593, 91
Trd, 4319493.743, 111
Trd, 4319494.243, 129
Trd, 4319494.543, 60
Trd, 4319494.843, 90
Trd, 4319496.443, 129
Trd, 4319497.043, 116
Trd, 4319497.193, 116
Trd, 4319497.393, 103
Trd, 4319497.993, 108
Trd, 4319499.043, 94
Trd, 4319499.193, 129
Trd, 4319499.443, 65
Trd, 4319500.093, 71
Trd, 4319500.743, 137
Trd, 4319501.093, 109
Trd, 4319501.743, 83
Trd, 4319503.243, 71
Trd, 4319503.793, 81
Trd, 4319503.843, 83
Trd, 4319503.893, 103
Trd, 4319504.993, 74
Trd, 4319505.893, 82
Trd, 4319505.943, 93
Trd, 4319506.043, 99
Trd, 4319508.393, 140
Trd, 4319508.793, 104
Trd, 4319510.093, 101
Trd, 4319510.443, 96
Trd, 4319510.543, 93
Trd, 4319510.843, 91
Trd, 4319511.393, 67
Trd, 4319511.443, 106
Trd, 4319512.893, 63
Trd, 4319513.593, 69
Trd, 4319514.343, 64
Trd, 4319515.193, 81
Trd, 4319515.943, 98
Trd, 4319516.693, 129
Trd, 4319517.193, 81
Trd, 4319517.543, 124
Trd, 4319517.593, 116
Trd, 4319518.743, 82
Trd, 4319518.843, 81
Trd, 4319520.243, 74
Trd, 4319521.193, 121
Trd, 4319521.343, 111
Trd, 4319521.893, 120
Trd, 4319522.393, 106
Trd, 4319522.643, 114
Trd, 4319523.643, 108
Trd, 4319524.243, 132
Trd, 4319525.693, 134
Trd, 4319526.593, 119
Trd, 4319526.793, 140
Trd, 4319527.243, 113
Trd, 4319527.293, 97
Trd, 4319527.443, 93
Trd, 4319528.893, 127
Trd, 4319529.543, 127
Trd, 4319529.793, 133
Trd, 4319531.343, 139
Trd, 4319531.393, 135
Trd, 4319531.643, 127
Trd, 4319532.143, 129
Trd, 4319533.243, 120
Trd, 4319533.893, 125
Trd, 4319534.243, 117
Trd, 4319534.443, 79
Trd, 4319534.793, 138
Trd, 4319535.693, 140
Trd, 4319536.293, 111
Trd, 4319536.593, 60
Trd, 4319537.443, 81
Trd, 4319538.143, 138
Trd, 4319539.893, 82
Trd, 4319540.843, 140
Trd, 4319541.893, 139
Trd, 4319542.443, 118
Trd, 4319543.093, 130
Trd, 4319543.993, 135
Trd, 4319544.843, 123
Trd, 4319544.893, 135
Trd, 4319545.743, 107
Trd, 4319546.143, 131
Trd, 4319548.893, 112
Trd, 4319550.043, 132
Trd, 4319550.493, 125
Trd, 4319550.893, 105
Trd, 4319551.343, 115
Trd, 4319552.593, 136
Trd, 4319553.093, 129
Trd, 4319553.693, 137
Trd, 4319553.943, 128
Trd, 4319554.043, 112
Trd, 4319554.743, 126
Trd, 4319555.743, 93
Trd, 4319555.993, 96
Trd, 4319556.043, 117
Trd, 4319556.593, 106
Trd, 4319557.693, 109
Trd, 4319558.193, 76
Trd, 4319559.143, 63
Trd, 4319559.393, 80
Trd, 4319560.043, 67
Trd, 4319560.993, 134
Trd, 4319561.443, 118
Trd, 4319562.993, 97
Trd, 4319564.443, 110
Trd, 4319565.393, 103
Trd, 4319565.993, 122
Trd, 4319567.093, 139
Trd, 4319567.343, 123
Trd, 4319567.493, 122
Trd, 4319568.443, 140
Trd, 4319568.743, 124
Trd, 4319568.993, 103
Trd, 4319570.143, 109
Trd, 4319571.493, 136
Trd, 4319571.943, 110
Trd, 4319571.993, 109
Trd, 4319572.543, 130
Trd, 4319572.743, 133
Trd, 4319573.543, 87
Trd, 4319573.843, 79
Trd, 4319575.343, 129
Trd, 4319576.193, 86
Trd, 4319576.543, 126
Trd, 4319577.343, 80
Trd, 4319577.743, 96
Trd, 4319578.193, 108
Trd, 4319578.893, 116
Trd, 4319579.993, 68
Trd, 4319580.943, 63
Trd, 4319581.043, 70
Trd, 4319582.043, 99
Trd, 4319582.243, 81
Trd, 4319582.743, 130
Trd, 4319583.793, 129
Trd, 4319584.743, 128
Trd, 4319586.293, 111
Trd, 4319586.443, 106
Trd, 4319587.443, 130
Trd, 4319587.493, 108
Trd, 4319587.893, 129
Trd, 4319588.593, 94
Trd, 4319589.093, 132
Trd, 4319589.593, 80
Trd, 4319591.143, 111
Trd, 4319592.043, 127
Trd, 4319592.343, 136
Trd, 4319592.443, 80
Trd, 4319593.793, 98
Trd, 4319594.093, 97
Trd, 4319594.243, 81
Trd, 4319594.843, 67
Trd, 4319595.693, 113
Trd, 4319596.743, 136
Trd, 4319596.993, 84
Trd, 4319597.943, 120
Trd, 4319598.143, 116
Trd, 4319599.893, 130
Trd, 4319600.143, 120
Trd, 4319600.593, 131
Trd, 4319601.243, 122
Trd, 4319601.343, 102
Trd, 4319602.443, 114
Trd, 4319602.993, 133
Trd, 4319603.543, 103
Trd, 4319603.743, 80
Trd, 4319603.943, 63
Trd, 4319604.593, 94
Trd, 4319605.293, 133
Trd, 4319605.643, 135
Trd, 4319606.643, 104
Trd, 4319607.893, 96
Trd, 4319608.443, 84
Trd, 4319609.493, 63
Trd, 4319609.743, 71
Trd, 4319611.143, 85
Trd, 4319611.593, 83
Trd, 4319611.943, 127
Trd, 4319612.143, 131
Trd, 4319612.543, 104
Trd, 4319613.393, 97
Trd, 4319613.693, 71
Trd, 4319613.893, 107
Trd, 4319615.443, 130
Trd, 4319615.493, 119
Trd, 4319616.043, 134
Trd, 4319617.293, 137
Trd, 4319617.443, 136
Trd, 4319618.543, 108
Trd, 4319619.093, 101
Trd, 4319619.293, 94
Trd, 4319619.543, 124
Trd, 4319619.843, 98
Trd, 4319622.093, 135
Trd, 4319622.443, 132
Trd, 4319622.943, 138
Trd, 4319623.243, 139
Trd, 4319623.493, 113
Trd, 4319623.843, 105
Trd, 4319625.893, 115
Trd, 4319626.743, 98
Trd, 4319627.293, 98
Trd, 4319628.343, 91
Trd, 4319628.393, 79
Trd, 4319628.843, 94
Trd, 4319629.043, 90
Trd, 4319629.393, 103
Trd, 4319630.493, 70
Trd, 4319631.843, 68
Trd, 4319632.343, 90
Trd, 4319633.443, 97
Trd, 4319634.243, 124
Trd, 4319634.293, 117
Trd, 4319634.993, 104
Trd, 4319635.143, 93
Trd, 4319636.193, 125
Trd, 4319636.793, 83
Trd, 4319637.193, 79
Trd, 4319638.093, 132
Trd, 4319638.293, 119
Trd, 4319638.843, 115
Trd, 4319639.943, 91
Trd, 4319641.093, 128
Trd, 4319641.293, 104
Trd, 4319642.343, 130
Trd, 4319643.443, 131
Trd, 4319644.393, 122
Trd, 4319645.393, 138
Trd, 4319645.443, 137
Trd, 4319645.893, 135
Trd, 4319646.293, 119
Trd, 4319646.843, 101
Trd, 4319647.343, 88
Trd, 4319648.043, 120
Trd, 4319648.993, 102
Trd, 4319649.543, 120
Trd, 4319649.593, 131
Trd, 4319650.893, 127
Trd, 4319652.843, 140
Trd, 4319653.243, 131
Trd, 4319653.643, 120
Trd, 4319653.693, 95
Trd, 4319654.593, 113
Trd, 4319655.793, 139
Trd, 4319657.743, 102
Trd, 4319657.843, 93
Trd, 4319658.193, 137
Trd, 4319658.743, 90
Trd, 4319659.243, 79
Trd, 4319659.843, 68
Trd, 4319660.293, 67
Trd, 4319660.893, 68
Trd, 4319661.743, 140
Trd, 4319663.293, 133
Trd, 4319663.343, 131
Trd, 4319663.993, 138
Trd, 4319664.043, 97
Trd, 4319664.643, 137
Trd, 4319665.693, 87
Trd, 4319666.893, 138
Trd, 4319667.493, 131
Trd, 4319667.893, 126
Trd, 4319668.393, 87
Trd, 4319669.393, 118
Trd, 4319669.893, 90
Trd, 4319670.593, 128
Trd, 4319671.393, 131
Trd, 4319671.743, 115
Trd, 4319672.443, 129
Trd, 4319672.693, 110
Trd, 4319673.093, 109
Trd, 4319674.343, 126
Trd, 4319674.893, 93
Trd, 4319675.143, 91
Trd, 4319676.043, 66
Trd, 4319676.793, 139
Trd, 4319676.893, 113
Trd, 4319678.593, 96
Trd, 4319678.943, 90
Trd, 4319679.543, 117
Trd, 4319680.393, 80
Trd, 4319681.093, 128
Trd, 4319681.693, 74
Trd, 4319682.693, 114
Trd, 4319682.793, 99
Trd, 4319683.243, 131
Trd, 4319684.843, 138
Trd, 4319685.593, 133
Trd, 4319685.793, 124
Trd, 4319685.993, 103
Trd, 4319686.593, 83
Trd, 4319686.943, 102
Trd, 4319687.193, 78
Trd, 4319687.293, 84
Trd, 4319688.093, 119
Trd, 4319690.043, 138
Trd, 4319690.593, 122
Trd, 4319690.793, 111
Trd, 4319691.143, 94
Trd, 4319691.543, 139
Trd, 4319692.493, 89
Trd, 4319693.693, 136
Trd, 4319694.043, 130
Trd, 4319695.293, 101
Trd, 4319695.993, 139
Trd, 4319696.843, 125
Trd, 4319696.993, 90
Trd, 4319697.343, 135
Trd, 4319697.743, 71
Trd, 4319698.943, 96
Trd, 4319699.793, 92
Trd, 4319701.543, 87
Trd, 4319701.593, 83
Trd, 4319702.043, 100
Trd, 4319702.243, 108
Trd, 4319704.093, 129
Trd, 4319704.493, 119
Trd, 4319704.743, 111
Trd, 4319705.093, 110
Trd, 4319707.443, 82
Trd, 4319707.543, 71
Trd, 4319707.843, 61
Trd, 4319707.993, 62
Trd, 4319708.393, 124
Trd, 4319709.393, 72
Trd, 4319710.843, 137
Trd, 4319711.043, 126
Trd, 4319711.193, 123
Trd, 4319712.293, 139
Trd, 4319713.493, 92
Trd, 4319714.593, 95
Trd, 4319715.143, 90
Trd, 4319715.993, 109
Trd, 4319716.093, 76
Trd, 4319717.643, 79
Trd, 4319718.443, 135
Trd, 4319719.893, 132
Trd, 4319720.243, 125
Trd, 4319720.993, 122
Trd, 4319721.143, 140
Trd, 4319721.243, 139
Trd, 4319721.343, 129
Trd, 4319721.743, 126
Trd, 4319722.593, 131
Trd, 4319723.493, 97
Trd, 4319723.643, 134
Trd, 4319723.943, 131
Trd, 4319725.093, 132
Trd, 4319726.293, 139
Trd, 4319727.993, 118
Trd, 4319728.343, 124
Trd, 4319729.493, 130
Trd, 4319729.543, 112
Trd, 4319730.743, 109
Trd, 4319732.293, 137
Trd, 4319732.343, 128
Trd, 4319732.943, 135
Trd, 4319733.243, 106
Trd, 4319735.193, 80
Trd, 4319735.493, 92
Trd, 4319735.743, 140
Trd, 4319736.243, 138
Trd, 4319736.493, 119
Trd, 4319736.843, 130
Trd, 4319738.393, 125
Trd, 4319738.893, 78
Trd, 4319739.143, 90
Trd, 4319739.343, 90
Trd, 4319739.793, 117
Trd, 4319740.993, 98
Trd, 4319741.193, 76
Trd, 4319742.593, 113
Trd, 4319744.093, 120
Trd, 4319744.143, 116
Trd, 4319744.193, 104
Trd, 4319744.393, 92
Trd, 4319744.943, 137
Trd, 4319745.793, 106
Trd, 4319745.893, 128
Trd, 4319746.893, 121
Trd, 4319747.743, 104
Trd, 4319749.643, 119
Trd, 4319750.043, 96
Trd, 4319750.393, 100
Trd, 4319750.493, 85
Trd, 4319751.143, 75
Trd, 4319753.193, 140
Trd, 4319753.443, 131
Trd, 4319754.593, 123
Trd, 4319755.093, 116
Trd, 4319755.643, 111
Trd, 4319756.643, 131
Trd, 4319757.593, 121
Trd, 4319758.193, 97
Trd, 4319759.193, 137
Trd, 4319759.743, 89
Trd, 4319760.493, 138
Trd, 4319760.743, 102
Trd, 4319762.243, 139
Trd, 4319763.043, 129
Trd, 4319763.093, 123
Trd, 4319763.343, 131
Trd, 4319763.943, 115
Trd, 4319764.443, 110
Trd, 4319764.793, 96
Trd, 4319764.943, 115
Trd, 4319765.443, 125
Trd, 4319765.943, 66
Trd, 4319767.693, 121
Trd, 4319767.893, 131
Trd, 4319768.743, 140
Trd, 4319769.193, 138
Trd, 4319772.543, 132
Trd, 4319772.743, 126
Trd, 4319773.393, 114
Trd, 4319773.643, 112
Trd, 4319774.643, 123
Trd, 4319776.393, 117
Trd, 4319777.193, 135
Trd, 4319777.443, 139
Trd, 4319778.893, 132
Trd, 4319779.293, 111
Trd, 4319779.543, 91
Trd, 4319780.743, 128
Trd, 4319780.943, 112
Trd, 4319781.993, 138
Trd, 4319782.293, 110
Trd, 4319783.543, 140
Trd, 4319783.693, 117
Trd, 4319784.343, 89
Trd, 4319786.443, 132
Trd, 4319786.643, 123
Trd, 4319787.143, 131
Trd, 4319787.393, 98
Trd, 4319787.843, 87
Trd, 4319788.243, 71
Trd, 4319789.293, 85
Trd, 4319789.993, 117
Trd, 4319791.293, 102
Trd, 4319791.893, 133
Trd, 4319792.093, 127
Trd, 4319792.743, 108
Trd, 4319793.343, 128
Trd, 4319794.093, 113
Trd, 4319795.943, 130
Trd, 4319796.143, 140
Trd, 4319796.443, 122
Trd, 4319796.543, 120
Trd, 4319796.893, 106
Trd, 4319797.593, 128
Trd, 4319798.543, 94
Trd, 4319799.993, 120
Trd, 4319800.143, 132
Trd, 4319801.443, 116
Trd, 4319801.493, 108
Trd, 4319802.243, 77
Trd, 4319802.393, 66
Trd, 4319803.493, 114
Trd, 4319803.993, 115
Trd, 4319804.143, 87
Trd, 4319804.493, 127
Trd, 4319805.293, 132
Trd, 4319806.143, 120
Trd, 4319806.193, 111
Trd, 4319806.493, 74
Trd, 4319806.993, 130
Trd, 4319808.143, 116
Trd, 4319809.143, 139
Trd, 4319809.393, 136
Trd, 4319810.993, 129
Trd, 4319811.493, 127
Trd, 4319812.093, 102
Trd, 4319812.693, 120
Trd, 4319813.193, 135
Trd, 4319814.143, 108
Trd, 4319814.893, 89
Trd, 4319815.843, 126
Trd, 4319816.593, 112
Trd, 4319816.793, 93
Trd, 4319817.043, 121
Trd, 4319817.293, 98
Trd, 4319817.893, 72
Trd, 4319818.543, 126
Trd, 4319820.693, 136
Trd, 4319821.093, 133
Trd, 4319821.243, 124
Trd, 4319822.293, 134
Trd, 4319822.893, 124
Trd, 4319822.993, 125
Trd, 4319823.443, 76
Trd, 4319823.643, 97
Trd, 4319825.743, 140
Trd, 4319826.343, 131
Trd, 4319826.543, 121
Trd, 4319827.593, 94
Trd, 4319828.893, 128
Trd, 4319829.193, 124
Trd, 4319829.543, 136
Trd, 4319830.143, 131
Trd, 4319830.493, 113
Trd, 4319830.743, 112
Trd, 4319831.443, 138
Trd, 4319832.643, 117
Trd, 4319833.243, 135
Trd, 4319833.593, 100
Trd, 4319835.193, 91
Trd, 4319835.293, 106
Trd, 4319835.643, 89
Trd, 4319836.343, 113
Trd, 4319837.443, 129
Trd, 4319837.893, 117
Trd, 4319838.043, 97
Trd, 4319838.343, 107
Trd, 4319838.593, 93
Trd, 4319839.593, 126
Trd, 4319840.543, 130
Trd, 4319840.893, 129
Trd, 4319842.193, 138
Trd, 4319842.393, 138
Trd, 4319842.593, 129
Trd, 4319843.443, 116
Trd, 4319843.693, 133
Trd, 4319843.743, 100
Trd, 4319844.593, 131
Trd, 4319844.843, 97
Trd, 4319845.343, 74
Trd, 4319846.043, 137
Trd, 4319847.443, 128
Trd, 4319848.393, 108
Trd, 4319848.543, 128
Trd, 4319849.293, 128
Trd, 4319849.443, 127
Trd, 4319850.043, 68
Trd, 4319851.143, 126
Trd, 4319851.543, 108
Trd, 4319852.193, 112
Trd, 4319853.093, 91
Trd, 4319854.643, 138
Trd, 4319855.443, 135
Trd, 4319855.593, 131
Trd, 4319855.993, 126
Trd, 4319856.343, 113
Trd, 4319857.993, 127
Trd, 4319858.843, 82
Trd, 4319858.943, 80
Trd, 4319859.093, 88
Trd, 4319860.293, 130
Trd, 4319860.343, 123
Trd, 4319860.743, 109
Trd, 4319862.243, 82
Trd, 4319862.643, 138
Trd, 4319862.743, 120
Trd, 4319863.693, 130
Trd, 4319863.793, 127
Trd, 4319865.193, 77
Trd, 4319866.443, 130
Trd, 4319866.943, 110
Trd, 4319867.593, 126
Trd, 4319868.293, 134
Trd, 4319868.393, 126
Trd, 4319869.993, 135
Trd, 4319870.343, 130
Trd, 4319870.543, 120
Trd, 4319871.343, 132
Trd, 4319871.593, 125
Trd, 4319873.143, 137
Trd, 4319873.343, 108
Trd, 4319874.543, 108
Trd, 4319875.743, 135
Trd, 4319876.443, 138
Trd, 4319876.743, 136
Trd, 4319879.393, 136
Trd, 4319879.543, 134
Trd, 4319879.843, 134
Trd, 4319880.343, 112
Trd, 4319880.493, 114
Trd, 4319881.143, 100
Trd, 4319881.443, 108
Trd, 4319883.593, 126
Trd, 4319883.743, 117
Trd, 4319883.893, 117
Trd, 4319884.143, 102
Trd, 4319884.243, 110
Trd, 4319886.293, 109
Trd, 4319888.043, 125
Trd, 4319888.193, 137
Trd, 4319888.493, 123
Trd, 4319888.643, 112
Trd, 4319889.293, 100
Trd, 4319890.043, 104
Trd, 4319890.293, 87
Trd, 4319891.343, 132
Trd, 4319891.893, 80
Trd, 4319891.993, 69
Trd, 4319892.393, 61
Trd, 4319893.443, 139
Trd, 4319893.493, 129
Trd, 4319894.293, 116
Trd, 4319895.393, 101
Trd, 4319895.593, 96
Trd, 4319896.793, 63
Trd, 4319898.143, 84
Trd, 4319898.393, 125
Trd, 4319899.293, 111
Trd, 4319900.693, 104
Trd, 4319901.193, 99
Trd, 4319901.393, 95
Trd, 4319901.493, 88
Trd, 4319902.243, 97
Trd, 4319903.393, 100
Trd, 4319903.793, 128
Trd, 4319904.593, 123
Trd, 4319904.743, 109
Trd, 4319905.493, 119
Trd, 4319907.143, 79
Trd, 4319908.093, 107
Trd, 4319908.643, 95
Trd, 4319909.193, 113
Trd, 4319909.693, 109
Trd, 4319910.293, 101
Trd, 4319910.493, 85
Trd, 4319910.843, 80
Trd, 4319912.243, 93
Trd, 4319912.793, 99
Trd, 4319912.993, 126
Trd, 4319913.843, 108
Trd, 4319914.093, 125
Trd, 4319915.093, 96
Trd, 4319915.143, 84
Trd, 4319915.743, 69
Trd, 4319915.893, 85
Trd, 4319916.193, 77
Trd, 4319916.543, 99
Trd, 4319917.143, 129
Trd, 4319918.043, 129
Trd, 4319918.443, 103
Trd, 4319918.743, 140
Trd, 4319920.643, 140
Trd, 4319920.693, 106
Trd, 4319921.643, 128
Trd, 4319922.143, 130
Trd, 4319922.543, 117
Trd, 4319923.343, 139
Trd, 4319923.393, 87
Trd, 4319924.743, 61
Trd, 4319924.893, 81
Trd, 4319925.793, 78
Trd, 4319926.993, 64
Trd, 4319927.693, 76
Trd, 4319928.143, 74
Trd, 4319928.793, 90
Trd, 4319929.293, 66
Trd, 4319930.393, 77
Trd, 4319931.043, 71
Trd, 4319931.543, 90
Trd, 4319932.443, 129
Trd, 4319932.543, 122
Trd, 4319932.643, 76
Trd, 4319933.893, 75
Trd, 4319934.643, 91
Trd, 4319935.743, 78
Trd, 4319936.643, 115
Trd, 4319937.393, 122
Trd, 4319938.393, 107
Trd, 4319938.593, 102
Trd, 4319939.193, 124
Trd, 4319939.293, 101
Trd, 4319939.543, 95
Trd, 4319941.193, 135
Trd, 4319942.443, 116
Trd, 4319942.893, 130
Trd, 4319943.893, 136
Trd, 4319943.993, 109
Trd, 4319945.093, 85
Trd, 4319945.693, 127
Trd, 4319947.443, 100
Trd, 4319947.593, 107
Trd, 4319948.393, 121
Trd, 4319948.793, 136
Trd, 4319949.943, 120
Trd, 4319952.093, 139
Trd, 4319952.243, 129
Trd, 4319952.743, 118
Trd, 4319953.943, 62
Trd, 4319954.843, 133
Trd, 4319955.543, 135
Trd, 4319955.893, 135
Trd, 4319956.243, 125
Trd, 4319956.543, 119
Trd, 4319956.893, 107
Trd, 4319957.043, 82
Trd, 4319957.443, 77
Trd, 4319958.943, 104
Trd, 4319959.143, 76
Trd, 4319959.243, 136
Trd, 4319959.993, 75
Trd, 4319960.493, 123
Trd, 4319962.243, 125
Trd, 4319963.293, 118
Trd, 4319963.643, 105
Trd, 4319963.793, 103
Trd, 4319964.693, 93
Trd, 4319965.043, 117
Trd, 4319965.093, 113
Trd, 4319965.343, 132
Trd, 4319965.543, 85
Trd, 4319965.993, 115
Trd, 4319967.093, 68
Trd, 4319967.593, 83
Trd, 4319969.243, 87
Trd, 4319969.843, 101
Trd, 4319970.443, 91
Trd, 4319971.243, 102
Trd, 4319971.643, 74
Trd, 4319972.093, 86
Trd, 4319972.693, 135
Trd, 4319973.543, 104
Trd, 4319973.693, 85
Trd, 4319974.193, 79
Trd, 4319975.143, 123
Trd, 4319975.343, 97
Trd, 4319976.293, 93
Trd, 4319976.543, 83
Trd, 4319976.693, 85
Trd, 4319978.143, 75
Trd, 4319978.693, 110
Trd, 4319978.993, 104
Trd, 4319980.193, 124
Trd, 4319980.743, 117
Trd, 4319980.843, 97
Trd, 4319981.493, 95
Trd, 4319984.193, 139
Trd, 4319984.343, 137
Trd, 4319984.993, 132
Trd, 4319985.193, 129
Trd, 4319985.393, 83
Trd, 4319985.793, 127
Trd, 4319986.043, 99
Trd, 4319986.543, 103
Trd, 4319986.593, 94
Trd, 4319986.893, 119
Trd, 4319987.743, 133
Trd, 4319988.293, 127
Trd, 4319988.443, 88
Trd, 4319989.993, 133
Trd, 4319990.343, 115
Trd, 4319991.143, 137
Trd, 4319992.143, 80
Trd, 4319992.243, 80
Trd, 4319992.693, 62
Trd, 4319993.993, 71
Trd, 4319995.393, 107
Trd, 4319995.443, 131
Trd, 4319996.043, 73
Trd, 4319996.593, 89
Trd, 4319998.343, 61
Trd, 4319998.543, 73
Trd, 4319998.893, 78
Trd, 4319999.293, 100
Trd, 4319999.443, 77
