Trd, 4318099.693, 72
Trd, 4318100.643, 66
Trd, 4318100.893, 65
Trd, 4318101.393, 126
Trd, 4318104.343, 122
Trd, 4318104.643, 122
Trd, 4318104.743, 125
Trd, 4318104.843, 120
Trd, 4318105.693, 104
Trd, 4318106.493, 121
Trd, 4318106.543, 120
Trd, 4318107.143, 113
Trd, 4318107.293, 115
Trd, 4318109.493, 119
Trd, 4318109.543, 99
Trd, 4318110.543, 137
Trd, 4318110.843, 134
Trd, 4318111.193, 130
Trd, 4318111.643, 89
Trd, 4318113.893, 82
Trd, 4318114.143, 75
Trd, 4318114.443, 134
Trd, 4318116.243, 92
Trd, 4318117.143, 96
Trd, 4318117.193, 73
Trd, 4318117.343, 111
Trd, 4318117.743, 134
Trd, 4318118.243, 71
Trd, 4318119.543, 126
Trd, 4318119.793, 103
Trd, 4318121.793, 120
Trd, 4318122.443, 140
Trd, 4318124.293, 135
Trd, 4318124.643, 135
Trd, 4318124.743, 134
Trd, 4318125.193, 139
Trd, 4318125.543, 109
Trd, 4318125.793, 101
Trd, 4318126.993, 130
Trd, 4318128.643, 105
Trd, 4318129.143, 109
Trd, 4318130.393, 125
Trd, 4318132.243, 138
Trd, 4318133.093, 113
Trd, 4318133.343, 128
Trd, 4318133.643, 106
Trd, 4318134.593, 116
Trd, 4318135.093, 115
Trd, 4318135.243, 114
Trd, 4318137.143, 101
Trd, 4318138.293, 112
Trd, 4318139.093, 96
Trd, 4318139.293, 101
Trd, 4318140.043, 111
Trd, 4318141.143, 137
Trd, 4318142.443, 105
Trd, 4318143.243, 104
Trd, 4318143.643, 67
Trd, 4318143.943, 68
Trd, 4318145.143, 92
Trd, 4318145.543, 82
Trd, 4318146.643, 140
Trd, 4318147.043, 106
Trd, 4318147.593, 89
Trd, 4318148.243, 73
Trd, 4318149.543, 84
Trd, 4318149.793, 87
Trd, 4318149.943, 91
Trd, 4318150.793, 135
Trd, 4318153.993, 113
Trd, 4318154.443, 103
Trd, 4318154.893, 103
Trd, 4318154.943, 102
Trd, 4318156.043, 137
Trd, 4318156.593, 84
Trd, 4318158.243, 99
Trd, 4318158.743, 96
Trd, 4318159.443, 118
Trd, 4318160.693, 137
Trd, 4318161.193, 92
Trd, 4318161.943, 108
Trd, 4318162.693, 140
Trd, 4318164.193, 137
Trd, 4318164.643, 136
Trd, 4318164.693, 122
Trd, 4318165.443, 116
Trd, 4318166.543, 100
Trd, 4318167.943, 109
Trd, 4318168.493, 62
Trd, 4318171.293, 78
Trd, 4318171.393, 106
Trd, 4318171.443, 117
Trd, 4318172.143, 127
Trd, 4318172.243, 124
Trd, 4318172.993, 75
Trd, 4318174.693, 117
Trd, 4318174.893, 131
Trd, 4318175.693, 91
Trd, 4318176.843, 131
Trd, 4318177.293, 79
Trd, 4318179.843, 137
Trd, 4318180.093, 123
Trd, 4318180.143, 111
Trd, 4318181.043, 138
Trd, 4318181.893, 120
Trd, 4318183.843, 136
Trd, 4318184.043, 111
Trd, 4318184.643, 135
Trd, 4318184.943, 109
Trd, 4318185.393, 86
Trd, 4318186.093, 96
Trd, 4318187.243, 135
Trd, 4318188.243, 82
Trd, 4318189.643, 125
Trd, 4318189.693, 106
Trd, 4318189.993, 110
Trd, 4318192.743, 140
Trd, 4318192.843, 132
Trd, 4318193.243, 125
Trd, 4318193.543, 110
Trd, 4318193.893, 106
Trd, 4318194.343, 93
Trd, 4318196.443, 91
Trd, 4318197.093, 99
Trd, 4318197.893, 70
Trd, 4318198.593, 112
Trd, 4318198.993, 122
Trd, 4318199.093, 121
Trd, 4318200.243, 88
Trd, 4318200.993, 118
Trd, 4318201.543, 87
Trd, 4318202.393, 80
Trd, 4318202.743, 108
Trd, 4318202.843, 132
Trd, 4318203.843, 102
Trd, 4318203.893, 101
Trd, 4318205.393, 102
Trd, 4318206.443, 93
Trd, 4318206.493, 85
Trd, 4318207.093, 90
Trd, 4318209.193, 99
Trd, 4318210.993, 115
Trd, 4318212.293, 82
Trd, 4318212.943, 78
Trd, 4318213.043, 76
Trd, 4318213.543, 81
Trd, 4318214.043, 84
Trd, 4318215.343, 135
Trd, 4318215.493, 68
Trd, 4318215.893, 82
Trd, 4318216.743, 104
Trd, 4318218.143, 119
Trd, 4318219.893, 119
Trd, 4318219.993, 107
Trd, 4318220.293, 93
Trd, 4318220.543, 105
Trd, 4318220.843, 121
Trd, 4318222.493, 107
Trd, 4318222.843, 98
Trd, 4318223.293, 108
Trd, 4318223.843, 91
Trd, 4318224.493, 71
Trd, 4318224.693, 84
Trd, 4318225.293, 105
Trd, 4318226.143, 115
Trd, 4318226.493, 137
Trd, 4318230.143, 129
Trd, 4318230.493, 125
Trd, 4318230.843, 108
Trd, 4318232.343, 139
Trd, 4318232.943, 99
Trd, 4318232.993, 80
Trd, 4318233.943, 104
Trd, 4318235.043, 140
Trd, 4318235.843, 100
Trd, 4318236.193, 128
Trd, 4318236.493, 126
Trd, 4318236.743, 108
Trd, 4318237.893, 102
Trd, 4318238.143, 104
Trd, 4318238.243, 100
Trd, 4318238.843, 96
Trd, 4318239.293, 88
Trd, 4318240.193, 84
Trd, 4318240.643, 108
Trd, 4318241.343, 67
Trd, 4318243.043, 85
Trd, 4318243.293, 78
Trd, 4318243.443, 75
Trd, 4318244.443, 137
Trd, 4318246.993, 110
Trd, 4318247.543, 97
Trd, 4318247.993, 113
Trd, 4318248.143, 88
Trd, 4318248.543, 100
Trd, 4318249.043, 98
Trd, 4318249.693, 92
Trd, 4318251.393, 93
Trd, 4318252.343, 128
Trd, 4318253.293, 108
Trd, 4318253.943, 111
Trd, 4318254.293, 124
Trd, 4318254.643, 111
Trd, 4318255.593, 126
Trd, 4318255.743, 115
Trd, 4318256.443, 109
Trd, 4318256.743, 91
Trd, 4318257.943, 90
Trd, 4318259.143, 90
Trd, 4318259.743, 104
Trd, 4318261.043, 140
Trd, 4318261.143, 140
Trd, 4318262.193, 124
Trd, 4318262.293, 125
Trd, 4318263.893, 137
Trd, 4318264.493, 87
Trd, 4318264.843, 113
Trd, 4318265.093, 112
Trd, 4318265.143, 111
Trd, 4318266.943, 75
Trd, 4318267.893, 86
Trd, 4318268.043, 104
Trd, 4318268.143, 103
Trd, 4318268.393, 66
Trd, 4318269.643, 95
Trd, 4318270.493, 68
Trd, 4318270.943, 75
Trd, 4318271.743, 130
Trd, 4318272.943, 91
Trd, 4318273.693, 128
Trd, 4318274.893, 138
Trd, 4318275.193, 128
Trd, 4318276.143, 135
Trd, 4318277.143, 77
Trd, 4318277.543, 76
Trd, 4318277.843, 138
Trd, 4318278.193, 93
Trd, 4318280.793, 138
Trd, 4318280.893, 107
Trd, 4318282.293, 101
Trd, 4318282.643, 106
Trd, 4318283.343, 99
Trd, 4318284.993, 138
Trd, 4318285.093, 137
Trd, 4318285.593, 135
Trd, 4318286.443, 138
Trd, 4318289.043, 90
Trd, 4318289.243, 88
Trd, 4318289.443, 105
Trd, 4318290.143, 140
Trd, 4318291.043, 108
Trd, 4318292.093, 103
Trd, 4318292.393, 118
Trd, 4318292.893, 117
Trd, 4318293.793, 140
Trd, 4318293.893, 140
Trd, 4318295.593, 125
Trd, 4318296.493, 122
Trd, 4318296.893, 111
Trd, 4318297.143, 140
Trd, 4318298.143, 140
Trd, 4318298.593, 93
Trd, 4318299.043, 73
Trd, 4318299.843, 91
Trd, 4318300.443, 78
Trd, 4318300.993, 120
Trd, 4318302.943, 114
Trd, 4318303.493, 100
Trd, 4318304.193, 119
Trd, 4318304.543, 74
Trd, 4318304.643, 84
Trd, 4318305.493, 76
Trd, 4318306.943, 78
Trd, 4318307.593, 93
Trd, 4318307.693, 92
Trd, 4318309.743, 139
Trd, 4318310.693, 111
Trd, 4318311.443, 137
Trd, 4318311.793, 117
Trd, 4318313.193, 86
Trd, 4318313.243, 65
Trd, 4318313.543, 140
Trd, 4318315.843, 108
Trd, 4318316.093, 108
Trd, 4318317.743, 71
Trd, 4318318.093, 121
Trd, 4318318.243, 87
Trd, 4318319.093, 87
Trd, 4318319.993, 136
Trd, 4318321.243, 121
Trd, 4318321.393, 87
Trd, 4318321.493, 73
Trd, 4318321.693, 92
Trd, 4318321.943, 93
Trd, 4318323.843, 101
Trd, 4318323.893, 93
Trd, 4318325.793, 126
Trd, 4318326.043, 129
Trd, 4318326.543, 124
Trd, 4318327.493, 116
Trd, 4318329.093, 117
Trd, 4318329.693, 103
Trd, 4318330.343, 116
Trd, 4318330.443, 127
Trd, 4318331.143, 140
Trd, 4318331.693, 140
Trd, 4318333.943, 138
Trd, 4318334.543, 96
Trd, 4318335.293, 102
Trd, 4318335.943, 96
Trd, 4318336.293, 106
Trd, 4318337.143, 124
Trd, 4318337.193, 123
Trd, 4318337.943, 73
Trd, 4318338.293, 91
Trd, 4318339.543, 85
Trd, 4318340.093, 65
Trd, 4318341.143, 118
Trd, 4318341.193, 123
Trd, 4318342.193, 107
Trd, 4318343.393, 118
Trd, 4318344.293, 103
Trd, 4318344.643, 118
Trd, 4318345.843, 113
Trd, 4318345.993, 79
Trd, 4318346.243, 135
Trd, 4318347.493, 88
Trd, 4318348.543, 101
Trd, 4318348.593, 99
Trd, 4318348.693, 98
Trd, 4318348.743, 87
Trd, 4318349.593, 138
Trd, 4318350.343, 125
Trd, 4318351.543, 87
Trd, 4318352.443, 103
Trd, 4318352.793, 102
Trd, 4318353.693, 99
Trd, 4318353.793, 99
Trd, 4318354.793, 98
Trd, 4318355.893, 140
Trd, 4318356.593, 140
Trd, 4318356.843, 90
Trd, 4318357.393, 104
Trd, 4318358.193, 108
Trd, 4318358.293, 132
Trd, 4318358.693, 71
Trd, 4318359.943, 102
Trd, 4318360.143, 84
Trd, 4318361.493, 78
Trd, 4318361.993, 98
Trd, 4318363.193, 119
Trd, 4318363.593, 104
Trd, 4318363.943, 67
Trd, 4318364.543, 139
Trd, 4318366.643, 98
Trd, 4318368.893, 107
Trd, 4318369.593, 80
Trd, 4318370.043, 84
Trd, 4318371.543, 90
Trd, 4318372.643, 138
Trd, 4318373.643, 137
Trd, 4318373.893, 110
Trd, 4318374.093, 99
Trd, 4318374.243, 86
Trd, 4318374.443, 79
Trd, 4318377.793, 139
Trd, 4318377.893, 123
Trd, 4318378.293, 102
Trd, 4318378.693, 116
Trd, 4318378.793, 62
Trd, 4318379.443, 89
Trd, 4318380.693, 108
Trd, 4318381.643, 115
Trd, 4318382.493, 122
Trd, 4318383.193, 106
Trd, 4318383.743, 135
Trd, 4318385.643, 140
Trd, 4318385.793, 140
Trd, 4318387.443, 135
Trd, 4318387.643, 134
Trd, 4318388.343, 111
Trd, 4318388.893, 111
Trd, 4318389.343, 136
Trd, 4318390.243, 62
Trd, 4318391.743, 65
Trd, 4318392.243, 120
Trd, 4318392.643, 74
Trd, 4318393.143, 75
Trd, 4318393.743, 77
Trd, 4318394.093, 125
Trd, 4318394.193, 89
Trd, 4318394.443, 90
Trd, 4318394.643, 138
Trd, 4318394.993, 122
Trd, 4318395.493, 80
Trd, 4318398.993, 87
Trd, 4318400.943, 116
Trd, 4318401.643, 115
Trd, 4318401.943, 111
Trd, 4318402.393, 96
Trd, 4318403.643, 140
Trd, 4318403.943, 139
Trd, 4318404.443, 134
Trd, 4318405.493, 133
Trd, 4318405.943, 131
Trd, 4318407.243, 98
Trd, 4318407.393, 127
Trd, 4318407.993, 92
Trd, 4318408.643, 81
Trd, 4318409.543, 87
Trd, 4318409.993, 140
Trd, 4318410.943, 88
Trd, 4318411.293, 87
Trd, 4318412.493, 135
Trd, 4318413.243, 135
Trd, 4318413.693, 134
Trd, 4318414.243, 91
Trd, 4318415.293, 112
Trd, 4318415.793, 86
Trd, 4318416.693, 83
Trd, 4318418.693, 134
Trd, 4318419.093, 130
Trd, 4318419.243, 119
Trd, 4318419.543, 97
Trd, 4318420.193, 95
Trd, 4318421.443, 94
Trd, 4318421.993, 120
Trd, 4318422.993, 88
Trd, 4318423.293, 109
Trd, 4318424.043, 115
Trd, 4318425.193, 130
Trd, 4318425.843, 97
Trd, 4318426.943, 122
Trd, 4318426.993, 80
Trd, 4318427.443, 135
Trd, 4318428.493, 122
Trd, 4318428.743, 113
Trd, 4318428.893, 79
Trd, 4318430.843, 106
Trd, 4318431.143, 107
Trd, 4318431.293, 110
Trd, 4318431.593, 105
Trd, 4318431.643, 101
Trd, 4318432.493, 81
Trd, 4318433.543, 119
Trd, 4318434.293, 137
Trd, 4318435.793, 109
Trd, 4318436.043, 108
Trd, 4318437.593, 130
Trd, 4318437.643, 105
Trd, 4318437.943, 106
Trd, 4318438.693, 94
Trd, 4318439.193, 119
Trd, 4318439.493, 89
Trd, 4318440.543, 140
Trd, 4318440.593, 140
Trd, 4318441.243, 98
Trd, 4318444.443, 140
Trd, 4318444.493, 137
Trd, 4318444.843, 112
Trd, 4318445.643, 128
Trd, 4318446.143, 122
Trd, 4318446.243, 122
Trd, 4318446.593, 121
Trd, 4318448.193, 101
Trd, 4318449.043, 61
Trd, 4318449.393, 136
Trd, 4318450.093, 83
Trd, 4318450.193, 61
Trd, 4318451.193, 115
Trd, 4318451.743, 96
Trd, 4318454.293, 140
Trd, 4318454.543, 140
Trd, 4318454.743, 139
Trd, 4318455.443, 130
Trd, 4318456.993, 101
Trd, 4318457.293, 107
Trd, 4318457.893, 92
Trd, 4318459.243, 70
Trd, 4318459.443, 62
Trd, 4318461.343, 100
Trd, 4318461.593, 106
Trd, 4318462.093, 117
Trd, 4318463.443, 90
Trd, 4318464.893, 61
Trd, 4318465.393, 69
Trd, 4318465.643, 110
Trd, 4318466.393, 97
Trd, 4318466.943, 135
Trd, 4318467.093, 101
Trd, 4318467.293, 82
Trd, 4318468.093, 66
Trd, 4318468.993, 61
Trd, 4318470.143, 76
Trd, 4318470.393, 82
Trd, 4318470.643, 70
Trd, 4318471.643, 97
Trd, 4318473.893, 91
Trd, 4318474.243, 125
Trd, 4318474.943, 111
Trd, 4318477.093, 137
Trd, 4318477.193, 136
Trd, 4318477.793, 115
Trd, 4318478.443, 103
Trd, 4318478.543, 115
Trd, 4318479.943, 126
Trd, 4318480.193, 123
Trd, 4318482.393, 102
Trd, 4318483.443, 80
Trd, 4318483.543, 82
Trd, 4318484.493, 101
Trd, 4318485.393, 135
Trd, 4318485.543, 128
Trd, 4318486.043, 101
Trd, 4318487.093, 136
Trd, 4318488.093, 119
Trd, 4318489.293, 124
Trd, 4318489.693, 120
Trd, 4318490.043, 97
Trd, 4318490.293, 77
Trd, 4318490.393, 127
Trd, 4318491.193, 99
Trd, 4318492.543, 81
Trd, 4318492.643, 127
Trd, 4318493.943, 83
Trd, 4318494.043, 91
Trd, 4318494.643, 101
Trd, 4318494.743, 136
Trd, 4318495.843, 100
Trd, 4318495.993, 100
Trd, 4318496.143, 102
Trd, 4318496.793, 94
Trd, 4318499.093, 99
Trd, 4318499.443, 70
Trd, 4318501.043, 81
Trd, 4318501.643, 112
Trd, 4318502.043, 100
Trd, 4318502.143, 98
Trd, 4318503.493, 113
Trd, 4318503.643, 110
Trd, 4318505.043, 139
Trd, 4318505.843, 120
Trd, 4318508.143, 136
Trd, 4318509.193, 133
Trd, 4318509.343, 132
Trd, 4318509.593, 119
Trd, 4318509.893, 103
Trd, 4318512.143, 113
Trd, 4318514.193, 134
Trd, 4318516.243, 140
Trd, 4318516.293, 136
Trd, 4318516.593, 106
Trd, 4318517.143, 118
Trd, 4318517.343, 137
Trd, 4318517.843, 105
Trd, 4318518.043, 101
Trd, 4318518.793, 121
Trd, 4318520.943, 107
Trd, 4318522.293, 102
Trd, 4318522.543, 97
Trd, 4318522.743, 68
Trd, 4318522.943, 127
Trd, 4318523.393, 90
Trd, 4318523.593, 99
Trd, 4318524.443, 111
Trd, 4318526.243, 127
Trd, 4318526.343, 120
Trd, 4318527.443, 88
Trd, 4318528.393, 111
Trd, 4318528.743, 126
Trd, 4318530.143, 93
Trd, 4318531.393, 109
Trd, 4318531.693, 105
Trd, 4318531.993, 136
Trd, 4318532.493, 135
Trd, 4318532.743, 106
Trd, 4318534.393, 122
Trd, 4318534.643, 121
Trd, 4318534.743, 74
Trd, 4318535.443, 68
Trd, 4318537.793, 80
Trd, 4318538.193, 71
Trd, 4318539.343, 118
Trd, 4318539.943, 122
Trd, 4318540.843, 95
Trd, 4318540.993, 84
Trd, 4318543.943, 83
Trd, 4318544.093, 95
Trd, 4318544.293, 82
Trd, 4318546.093, 140
Trd, 4318546.443, 139
Trd, 4318548.293, 123
Trd, 4318550.243, 127
Trd, 4318550.643, 121
Trd, 4318550.893, 101
Trd, 4318552.493, 66
Trd, 4318553.193, 97
Trd, 4318553.243, 93
Trd, 4318553.843, 103
Trd, 4318554.393, 137
Trd, 4318554.693, 78
Trd, 4318554.943, 88
Trd, 4318555.693, 107
Trd, 4318556.593, 119
Trd, 4318557.893, 107
Trd, 4318558.793, 91
Trd, 4318559.193, 91
Trd, 4318559.843, 88
Trd, 4318561.543, 107
Trd, 4318561.743, 109
Trd, 4318561.893, 106
Trd, 4318562.743, 114
Trd, 4318563.693, 101
Trd, 4318566.293, 140
Trd, 4318566.843, 140
Trd, 4318567.743, 130
Trd, 4318568.043, 136
Trd, 4318568.143, 129
Trd, 4318568.993, 104
Trd, 4318570.193, 86
Trd, 4318570.343, 82
Trd, 4318570.493, 69
Trd, 4318571.243, 92
Trd, 4318572.443, 77
Trd, 4318572.693, 105
Trd, 4318572.993, 61
Trd, 4318573.893, 73
Trd, 4318574.793, 60
Trd, 4318575.243, 111
Trd, 4318575.643, 140
Trd, 4318575.793, 139
Trd, 4318576.843, 132
Trd, 4318577.493, 99
Trd, 4318577.843, 88
Trd, 4318578.943, 92
Trd, 4318579.293, 91
Trd, 4318579.793, 99
Trd, 4318580.893, 88
Trd, 4318581.493, 91
Trd, 4318581.593, 108
Trd, 4318582.143, 103
Trd, 4318583.893, 133
Trd, 4318584.393, 112
Trd, 4318585.143, 99
Trd, 4318586.143, 86
Trd, 4318586.193, 117
Trd, 4318586.393, 68
Trd, 4318587.243, 87
Trd, 4318587.443, 99
Trd, 4318589.543, 90
Trd, 4318590.393, 89
Trd, 4318591.843, 113
Trd, 4318592.043, 94
Trd, 4318592.543, 89
Trd, 4318594.393, 92
Trd, 4318594.543, 98
Trd, 4318594.993, 61
Trd, 4318595.543, 64
Trd, 4318596.593, 116
Trd, 4318597.343, 68
Trd, 4318598.043, 64
Trd, 4318598.243, 63
Trd, 4318599.193, 76
Trd, 4318600.143, 129
Trd, 4318600.393, 127
Trd, 4318600.643, 77
Trd, 4318603.193, 138
Trd, 4318604.443, 140
Trd, 4318604.793, 121
Trd, 4318606.143, 110
Trd, 4318606.343, 66
Trd, 4318606.993, 128
Trd, 4318607.293, 127
Trd, 4318607.793, 140
Trd, 4318608.443, 140
Trd, 4318608.543, 88
Trd, 4318609.493, 121
Trd, 4318611.043, 140
Trd, 4318613.093, 135
Trd, 4318613.593, 134
Trd, 4318614.743, 63
Trd, 4318615.343, 86
Trd, 4318616.693, 139
Trd, 4318616.993, 93
Trd, 4318617.443, 92
Trd, 4318617.693, 87
Trd, 4318617.843, 85
Trd, 4318618.843, 134
Trd, 4318620.493, 78
Trd, 4318620.543, 105
Trd, 4318621.643, 110
Trd, 4318622.493, 104
Trd, 4318622.993, 106
Trd, 4318624.393, 104
Trd, 4318625.343, 105
Trd, 4318626.543, 134
Trd, 4318627.393, 128
Trd, 4318627.593, 113
Trd, 4318628.543, 102
Trd, 4318628.893, 85
Trd, 4318628.943, 105
Trd, 4318630.143, 110
Trd, 4318630.543, 85
Trd, 4318630.893, 107
Trd, 4318632.043, 101
Trd, 4318632.443, 120
Trd, 4318632.893, 110
Trd, 4318633.393, 113
Trd, 4318633.643, 99
Trd, 4318634.843, 105
Trd, 4318635.993, 112
Trd, 4318636.243, 128
Trd, 4318636.893, 98
Trd, 4318637.443, 78
Trd, 4318638.893, 140
Trd, 4318639.443, 97
Trd, 4318639.943, 140
Trd, 4318640.843, 136
Trd, 4318641.143, 135
Trd, 4318641.643, 119
Trd, 4318642.443, 108
Trd, 4318643.443, 116
Trd, 4318643.743, 65
Trd, 4318644.793, 129
Trd, 4318645.093, 81
Trd, 4318645.993, 72
Trd, 4318646.493, 101
Trd, 4318648.343, 92
Trd, 4318649.193, 110
Trd, 4318649.393, 97
Trd, 4318651.593, 107
Trd, 4318651.693, 106
Trd, 4318652.043, 96
Trd, 4318652.443, 75
Trd, 4318653.043, 62
Trd, 4318653.293, 70
Trd, 4318653.593, 94
Trd, 4318654.843, 139
Trd, 4318655.693, 111
Trd, 4318656.843, 103
Trd, 4318657.243, 133
Trd, 4318658.893, 100
Trd, 4318658.993, 118
Trd, 4318659.143, 85
Trd, 4318659.743, 106
Trd, 4318660.793, 131
Trd, 4318661.143, 80
Trd, 4318661.743, 75
Trd, 4318661.943, 94
Trd, 4318662.393, 119
Trd, 4318663.243, 72
Trd, 4318663.843, 99
Trd, 4318667.443, 134
Trd, 4318668.243, 129
Trd, 4318668.493, 128
Trd, 4318668.643, 112
Trd, 4318668.893, 96
Trd, 4318669.093, 96
Trd, 4318669.243, 70
Trd, 4318669.493, 61
Trd, 4318669.693, 140
Trd, 4318671.593, 87
Trd, 4318671.993, 98
Trd, 4318672.243, 103
Trd, 4318672.343, 95
Trd, 4318672.443, 121
Trd, 4318674.143, 82
Trd, 4318675.293, 98
Trd, 4318675.543, 87
Trd, 4318677.193, 99
Trd, 4318677.993, 103
Trd, 4318679.543, 107
Trd, 4318680.443, 90
Trd, 4318681.143, 115
Trd, 4318681.443, 110
Trd, 4318681.993, 139
Trd, 4318682.343, 104
Trd, 4318682.643, 89
Trd, 4318682.943, 98
Trd, 4318685.793, 115
Trd, 4318685.893, 138
Trd, 4318686.843, 133
Trd, 4318688.843, 119
Trd, 4318688.993, 118
Trd, 4318689.593, 93
Trd, 4318690.243, 72
Trd, 4318690.743, 115
Trd, 4318691.743, 107
Trd, 4318691.893, 100
Trd, 4318694.493, 136
Trd, 4318694.843, 123
Trd, 4318695.093, 122
Trd, 4318695.393, 92
Trd, 4318696.493, 132
Trd, 4318696.843, 77
Trd, 4318697.843, 80
Trd, 4318698.693, 108
Trd, 4318699.243, 70
Trd, 4318700.293, 110
Trd, 4318700.593, 104
Trd, 4318702.393, 140
Trd, 4318702.493, 140
Trd, 4318702.793, 114
Trd, 4318702.893, 118
Trd, 4318705.443, 134
Trd, 4318705.943, 134
Trd, 4318706.693, 131
Trd, 4318707.493, 105
Trd, 4318708.843, 96
Trd, 4318708.943, 95
Trd, 4318709.543, 125
Trd, 4318710.493, 100
Trd, 4318711.393, 135
Trd, 4318711.643, 137
Trd, 4318711.693, 126
Trd, 4318712.243, 101
Trd, 4318712.843, 63
Trd, 4318715.143, 93
Trd, 4318715.293, 82
Trd, 4318717.243, 118
Trd, 4318718.143, 88
Trd, 4318718.193, 108
Trd, 4318720.343, 125
Trd, 4318720.493, 122
Trd, 4318720.593, 121
Trd, 4318721.093, 110
Trd, 4318721.543, 135
Trd, 4318722.043, 135
Trd, 4318722.093, 100
Trd, 4318724.693, 111
Trd, 4318726.043, 105
Trd, 4318726.593, 132
Trd, 4318727.243, 96
Trd, 4318727.693, 108
Trd, 4318728.943, 133
Trd, 4318729.243, 99
Trd, 4318730.743, 91
Trd, 4318730.843, 90
Trd, 4318731.243, 64
Trd, 4318731.693, 105
Trd, 4318732.893, 139
Trd, 4318733.443, 78
Trd, 4318733.943, 67
Trd, 4318734.843, 92
Trd, 4318735.143, 71
Trd, 4318735.893, 94
Trd, 4318737.093, 114
Trd, 4318737.243, 134
Trd, 4318737.943, 102
Trd, 4318738.343, 78
Trd, 4318739.193, 81
Trd, 4318739.543, 60
Trd, 4318739.993, 73
Trd, 4318741.193, 96
Trd, 4318742.093, 111
Trd, 4318742.643, 77
Trd, 4318742.993, 77
Trd, 4318743.293, 80
Trd, 4318743.543, 67
Trd, 4318744.643, 105
Trd, 4318745.993, 140
Trd, 4318746.393, 139
Trd, 4318747.393, 101
Trd, 4318747.743, 96
Trd, 4318748.543, 124
Trd, 4318748.993, 90
Trd, 4318750.843, 97
Trd, 4318751.043, 133
Trd, 4318751.293, 88
Trd, 4318751.543, 87
Trd, 4318752.793, 137
Trd, 4318755.093, 123
Trd, 4318755.343, 107
Trd, 4318755.793, 124
Trd, 4318756.243, 83
Trd, 4318757.043, 79
Trd, 4318759.093, 130
Trd, 4318760.193, 123
Trd, 4318761.493, 116
Trd, 4318761.693, 112
Trd, 4318762.043, 126
Trd, 4318762.193, 98
Trd, 4318762.543, 61
Trd, 4318762.743, 88
Trd, 4318763.643, 119
Trd, 4318764.343, 88
Trd, 4318764.943, 79
Trd, 4318765.343, 75
Trd, 4318766.293, 73
Trd, 4318767.743, 105
Trd, 4318768.693, 97
Trd, 4318769.893, 108
Trd, 4318770.243, 95
Trd, 4318770.443, 89
Trd, 4318770.793, 70
Trd, 4318771.543, 94
Trd, 4318772.693, 81
Trd, 4318773.293, 121
Trd, 4318774.543, 90
Trd, 4318774.943, 77
Trd, 4318775.893, 78
Trd, 4318776.193, 60
Trd, 4318777.393, 101
Trd, 4318777.543, 84
Trd, 4318779.143, 65
Trd, 4318779.543, 71
Trd, 4318780.493, 104
Trd, 4318780.693, 83
Trd, 4318780.793, 82
Trd, 4318780.993, 116
Trd, 4318781.943, 112
Trd, 4318782.093, 71
Trd, 4318783.793, 65
Trd, 4318784.593, 113
Trd, 4318785.093, 98
Trd, 4318785.543, 97
Trd, 4318786.443, 76
Trd, 4318786.943, 75
Trd, 4318787.393, 72
Trd, 4318787.893, 139
Trd, 4318787.993, 72
Trd, 4318788.943, 104
Trd, 4318790.543, 131
Trd, 4318790.793, 77
Trd, 4318791.893, 84
Trd, 4318792.593, 139
Trd, 4318792.743, 89
Trd, 4318793.093, 89
Trd, 4318794.093, 113
Trd, 4318794.143, 93
Trd, 4318794.893, 98
Trd, 4318795.343, 66
Trd, 4318796.893, 139
Trd, 4318797.143, 116
Trd, 4318797.693, 116
Trd, 4318799.943, 128
Trd, 4318799.993, 95
Trd, 4318800.493, 103
Trd, 4318801.393, 109
Trd, 4318802.093, 140
Trd, 4318802.393, 85
Trd, 4318802.643, 78
Trd, 4318804.293, 121
Trd, 4318804.793, 119
Trd, 4318805.343, 138
Trd, 4318805.643, 100
Trd, 4318806.493, 121
Trd, 4318807.393, 125
Trd, 4318809.543, 135
Trd, 4318810.343, 130
Trd, 4318811.143, 93
Trd, 4318811.843, 140
Trd, 4318812.193, 117
Trd, 4318812.893, 84
Trd, 4318813.093, 94
Trd, 4318813.593, 64
Trd, 4318814.843, 130
Trd, 4318815.643, 134
Trd, 4318815.993, 133
Trd, 4318816.793, 111
Trd, 4318817.543, 122
Trd, 4318817.793, 81
Trd, 4318818.143, 91
Trd, 4318818.443, 107
Trd, 4318819.743, 123
Trd, 4318820.993, 63
Trd, 4318821.243, 64
Trd, 4318822.943, 84
Trd, 4318824.443, 119
Trd, 4318824.793, 118
Trd, 4318824.943, 118
Trd, 4318825.643, 102
Trd, 4318826.393, 112
Trd, 4318826.543, 99
Trd, 4318827.593, 140
Trd, 4318827.643, 110
Trd, 4318828.043, 101
Trd, 4318829.243, 98
Trd, 4318829.693, 130
Trd, 4318830.493, 136
Trd, 4318831.243, 139
Trd, 4318831.293, 116
Trd, 4318832.193, 86
Trd, 4318832.993, 74
Trd, 4318833.643, 127
Trd, 4318834.293, 104
Trd, 4318834.893, 130
Trd, 4318835.943, 100
Trd, 4318836.043, 99
Trd, 4318836.943, 100
Trd, 4318838.343, 134
Trd, 4318838.493, 126
Trd, 4318839.293, 120
Trd, 4318840.093, 119
Trd, 4318840.443, 94
Trd, 4318840.643, 103
Trd, 4318840.793, 135
Trd, 4318841.493, 134
Trd, 4318844.293, 110
Trd, 4318844.593, 97
Trd, 4318846.443, 138
Trd, 4318846.693, 137
Trd, 4318846.743, 120
Trd, 4318847.893, 120
Trd, 4318848.743, 96
Trd, 4318848.793, 112
Trd, 4318848.943, 75
Trd, 4318850.243, 97
Trd, 4318850.493, 140
Trd, 4318850.893, 86
Trd, 4318853.143, 97
Trd, 4318853.593, 93
Trd, 4318855.293, 140
Trd, 4318855.793, 139
Trd, 4318857.543, 99
Trd, 4318858.193, 75
Trd, 4318858.893, 70
Trd, 4318860.593, 103
Trd, 4318861.043, 131
Trd, 4318861.243, 122
Trd, 4318861.893, 103
Trd, 4318862.043, 99
Trd, 4318862.693, 140
Trd, 4318863.793, 85
Trd, 4318864.193, 138
Trd, 4318865.143, 133
Trd, 4318865.593, 111
Trd, 4318865.793, 110
Trd, 4318866.693, 115
Trd, 4318867.793, 73
Trd, 4318868.093, 64
Trd, 4318868.843, 87
Trd, 4318869.493, 128
Trd, 4318870.443, 137
Trd, 4318870.593, 136
Trd, 4318871.793, 106
Trd, 4318872.693, 138
Trd, 4318873.543, 137
Trd, 4318874.093, 74
Trd, 4318875.443, 124
Trd, 4318876.793, 73
Trd, 4318877.393, 110
Trd, 4318878.243, 97
Trd, 4318878.543, 116
Trd, 4318878.693, 133
Trd, 4318879.243, 139
Trd, 4318879.593, 96
Trd, 4318880.043, 121
Trd, 4318880.743, 115
Trd, 4318881.243, 92
Trd, 4318883.393, 93
Trd, 4318885.543, 121
Trd, 4318885.743, 113
Trd, 4318886.093, 106
Trd, 4318886.693, 94
Trd, 4318887.343, 140
Trd, 4318888.243, 99
Trd, 4318888.843, 84
Trd, 4318889.243, 61
Trd, 4318890.893, 79
Trd, 4318891.393, 107
Trd, 4318892.743, 80
Trd, 4318893.143, 80
Trd, 4318893.843, 89
Trd, 4318894.693, 101
Trd, 4318895.093, 93
Trd, 4318895.143, 72
Trd, 4318896.793, 124
Trd, 4318897.043, 82
Trd, 4318897.893, 135
Trd, 4318897.993, 137
Trd, 4318898.343, 116
Trd, 4318899.943, 121
Trd, 4318900.243, 120
Trd, 4318900.843, 138
Trd, 4318900.943, 98
Trd, 4318901.093, 84
Trd, 4318901.493, 108
Trd, 4318902.193, 87
Trd, 4318903.543, 115
Trd, 4318903.593, 114
Trd, 4318903.993, 76
Trd, 4318904.343, 98
Trd, 4318905.543, 68
Trd, 4318906.693, 73
Trd, 4318906.743, 64
Trd, 4318907.493, 130
Trd, 4318907.843, 138
Trd, 4318908.393, 137
Trd, 4318908.593, 92
Trd, 4318909.293, 98
Trd, 4318911.293, 104
Trd, 4318912.993, 111
Trd, 4318913.343, 95
Trd, 4318913.843, 132
Trd, 4318914.193, 139
Trd, 4318914.543, 101
Trd, 4318914.793, 97
Trd, 4318914.843, 94
Trd, 4318917.193, 95
Trd, 4318917.793, 94
Trd, 4318918.943, 139
Trd, 4318919.443, 110
Trd, 4318920.993, 112
Trd, 4318921.643, 124
Trd, 4318922.593, 124
Trd, 4318923.043, 111
Trd, 4318923.093, 102
Trd, 4318923.543, 131
Trd, 4318923.993, 78
Trd, 4318924.993, 88
Trd, 4318925.843, 86
Trd, 4318925.943, 90
Trd, 4318927.193, 71
Trd, 4318927.743, 100
Trd, 4318929.043, 82
Trd, 4318929.543, 81
Trd, 4318929.843, 119
Trd, 4318931.093, 102
Trd, 4318931.443, 96
Trd, 4318931.693, 96
Trd, 4318932.293, 82
Trd, 4318933.043, 68
Trd, 4318934.443, 85
Trd, 4318936.393, 110
Trd, 4318936.743, 122
Trd, 4318937.143, 110
Trd, 4318937.193, 124
Trd, 4318937.893, 103
Trd, 4318938.793, 119
Trd, 4318940.343, 78
Trd, 4318940.693, 106
Trd, 4318941.243, 101
Trd, 4318942.543, 86
Trd, 4318942.593, 91
Trd, 4318943.843, 131
Trd, 4318944.093, 90
Trd, 4318945.043, 136
Trd, 4318945.343, 117
Trd, 4318945.643, 119
Trd, 4318945.993, 115
Trd, 4318948.393, 111
Trd, 4318949.693, 88
Trd, 4318950.043, 88
Trd, 4318950.643, 87
Trd, 4318951.093, 82
Trd, 4318951.393, 102
Trd, 4318954.443, 89
Trd, 4318955.543, 75
Trd, 4318958.043, 140
Trd, 4318958.543, 139
Trd, 4318958.893, 110
Trd, 4318960.043, 132
Trd, 4318960.293, 134
Trd, 4318960.743, 127
Trd, 4318960.993, 131
Trd, 4318961.793, 99
Trd, 4318962.193, 60
Trd, 4318963.693, 94
Trd, 4318963.893, 113
Trd, 4318965.393, 60
Trd, 4318966.043, 92
Trd, 4318966.743, 72
Trd, 4318967.293, 130
Trd, 4318968.343, 123
Trd, 4318969.193, 130
Trd, 4318969.243, 121
Trd, 4318970.243, 82
Trd, 4318970.543, 101
Trd, 4318971.293, 112
Trd, 4318971.393, 91
Trd, 4318971.943, 118
Trd, 4318972.493, 139
Trd, 4318975.093, 108
Trd, 4318975.243, 106
Trd, 4318975.993, 104
Trd, 4318976.393, 126
Trd, 4318977.593, 136
Trd, 4318977.793, 131
Trd, 4318978.443, 122
Trd, 4318978.643, 120
Trd, 4318978.693, 101
Trd, 4318979.093, 88
Trd, 4318980.643, 140
Trd, 4318981.993, 126
Trd, 4318982.493, 103
Trd, 4318982.693, 104
Trd, 4318983.043, 74
Trd, 4318983.843, 61
Trd, 4318985.043, 94
Trd, 4318985.343, 80
Trd, 4318985.843, 87
Trd, 4318986.043, 100
Trd, 4318986.293, 82
Trd, 4318987.293, 137
Trd, 4318987.343, 136
Trd, 4318989.093, 119
Trd, 4318989.393, 131
Trd, 4318990.243, 121
Trd, 4318992.143, 125
Trd, 4318993.493, 62
Trd, 4318994.643, 92
Trd, 4318994.793, 88
Trd, 4318995.393, 111
Trd, 4318995.643, 65
Trd, 4318995.743, 91
Trd, 4318996.393, 83
Trd, 4318997.043, 107
Trd, 4318997.593, 98
Trd, 4318998.043, 98
Trd, 4318998.343, 140
Trd, 4318998.443, 133
Trd, 4318999.193, 98
Trd, 4319000.393, 80
Trd, 4319001.443, 88
Trd, 4319001.693, 68
Trd, 4319002.693, 99
Trd, 4319003.143, 96
Trd, 4319004.443, 138
Trd, 4319004.493, 111
Trd, 4319005.643, 113
Trd, 4319006.193, 105
Trd, 4319006.243, 118
Trd, 4319007.843, 85
Trd, 4319008.343, 84
Trd, 4319009.793, 139
Trd, 4319010.543, 133
Trd, 4319010.643, 104
Trd, 4319011.193, 97
Trd, 4319012.293, 127
Trd, 4319012.743, 96
Trd, 4319013.643, 83
Trd, 4319014.443, 89
Trd, 4319014.993, 88
Trd, 4319015.243, 82
Trd, 4319015.443, 94
Trd, 4319015.793, 115
Trd, 4319016.343, 63
Trd, 4319017.143, 113
Trd, 4319019.343, 140
Trd, 4319019.893, 106
Trd, 4319020.443, 60
Trd, 4319022.143, 114
Trd, 4319022.893, 102
Trd, 4319024.493, 120
Trd, 4319024.643, 104
Trd, 4319024.943, 86
Trd, 4319025.143, 109
Trd, 4319025.693, 140
Trd, 4319027.893, 129
Trd, 4319028.393, 111
Trd, 4319030.043, 137
Trd, 4319031.793, 135
Trd, 4319032.193, 134
Trd, 4319032.393, 130
Trd, 4319032.843, 94
Trd, 4319032.943, 69
Trd, 4319033.793, 95
Trd, 4319034.293, 137
Trd, 4319034.993, 140
Trd, 4319036.943, 132
Trd, 4319037.893, 130
Trd, 4319038.143, 117
Trd, 4319038.243, 113
Trd, 4319038.293, 92
Trd, 4319041.443, 140
Trd, 4319041.493, 139
Trd, 4319043.093, 101
Trd, 4319043.443, 108
Trd, 4319043.543, 99
Trd, 4319044.593, 105
Trd, 4319045.643, 140
Trd, 4319045.793, 139
Trd, 4319046.743, 105
Trd, 4319048.043, 120
Trd, 4319050.193, 93
Trd, 4319050.393, 106
Trd, 4319050.543, 119
Trd, 4319050.643, 104
Trd, 4319051.093, 79
Trd, 4319051.993, 114
Trd, 4319052.543, 103
Trd, 4319054.543, 112
Trd, 4319055.293, 106
Trd, 4319055.593, 98
Trd, 4319056.943, 140
Trd, 4319057.743, 114
Trd, 4319057.793, 92
Trd, 4319058.693, 89
Trd, 4319058.943, 80
Trd, 4319059.343, 60
Trd, 4319059.493, 96
Trd, 4319062.093, 104
Trd, 4319062.343, 101
Trd, 4319063.793, 100
Trd, 4319063.893, 99
Trd, 4319064.543, 116
Trd, 4319065.143, 87
Trd, 4319065.443, 78
Trd, 4319066.593, 89
Trd, 4319067.143, 96
Trd, 4319067.193, 102
Trd, 4319067.693, 93
Trd, 4319068.793, 112
Trd, 4319070.243, 116
Trd, 4319071.043, 136
Trd, 4319071.843, 114
Trd, 4319073.393, 109
Trd, 4319074.943, 106
Trd, 4319075.443, 110
Trd, 4319075.843, 130
Trd, 4319075.993, 130
Trd, 4319077.193, 129
Trd, 4319077.243, 128
Trd, 4319077.743, 82
Trd, 4319078.543, 139
Trd, 4319079.493, 131
Trd, 4319079.693, 130
Trd, 4319079.943, 129
Trd, 4319081.793, 67
Trd, 4319081.993, 104
Trd, 4319082.643, 92
Trd, 4319083.293, 137
Trd, 4319084.243, 132
Trd, 4319084.293, 131
Trd, 4319084.643, 80
Trd, 4319084.793, 63
Trd, 4319085.843, 99
Trd, 4319086.443, 87
Trd, 4319087.093, 74
Trd, 4319088.743, 99
Trd, 4319088.943, 67
Trd, 4319089.943, 132
Trd, 4319090.743, 103
Trd, 4319091.543, 98
Trd, 4319092.243, 97
Trd, 4319093.243, 127
Trd, 4319093.543, 85
Trd, 4319095.093, 103
Trd, 4319096.043, 119
Trd, 4319096.393, 118
Trd, 4319098.093, 140
Trd, 4319099.943, 124
Trd, 4319101.043, 116
Trd, 4319101.193, 93
Trd, 4319101.343, 91
Trd, 4319101.443, 126
Trd, 4319102.893, 64
Trd, 4319102.993, 68
Trd, 4319103.743, 102
Trd, 4319105.043, 134
Trd, 4319105.643, 60
Trd, 4319106.043, 130
Trd, 4319106.343, 103
Trd, 4319106.993, 73
Trd, 4319107.893, 89
Trd, 4319108.193, 95
Trd, 4319110.043, 101
Trd, 4319110.293, 100
Trd, 4319111.043, 87
Trd, 4319111.593, 89
Trd, 4319111.693, 92
Trd, 4319112.143, 72
Trd, 4319112.193, 102
Trd, 4319113.193, 61
Trd, 4319113.593, 90
Trd, 4319115.393, 116
Trd, 4319116.043, 115
Trd, 4319116.893, 101
Trd, 4319117.593, 86
Trd, 4319119.193, 140
Trd, 4319119.993, 140
Trd, 4319121.143, 85
Trd, 4319121.193, 88
Trd, 4319121.943, 122
Trd, 4319122.943, 91
Trd, 4319123.443, 123
Trd, 4319124.843, 66
Trd, 4319124.893, 70
Trd, 4319126.093, 72
Trd, 4319126.343, 103
Trd, 4319127.543, 90
Trd, 4319127.693, 89
Trd, 4319128.293, 104
Trd, 4319128.893, 61
Trd, 4319131.493, 140
Trd, 4319132.293, 139
Trd, 4319132.493, 117
Trd, 4319132.893, 99
Trd, 4319133.193, 94
Trd, 4319134.543, 116
Trd, 4319135.743, 78
Trd, 4319135.993, 113
Trd, 4319137.443, 85
Trd, 4319138.093, 105
Trd, 4319138.493, 77
Trd, 4319139.293, 107
Trd, 4319139.343, 128
Trd, 4319140.893, 100
Trd, 4319141.543, 82
Trd, 4319142.393, 98
Trd, 4319143.393, 99
Trd, 4319143.443, 68
Trd, 4319145.193, 81
Trd, 4319145.843, 83
Trd, 4319146.093, 97
Trd, 4319146.293, 128
Trd, 4319147.043, 121
Trd, 4319147.493, 82
Trd, 4319149.143, 77
Trd, 4319149.593, 77
Trd, 4319149.843, 103
Trd, 4319150.743, 74
Trd, 4319150.793, 79
Trd, 4319151.243, 74
Trd, 4319153.843, 105
Trd, 4319154.393, 103
Trd, 4319154.593, 90
Trd, 4319154.743, 99
Trd, 4319157.093, 128
Trd, 4319158.043, 139
Trd, 4319158.443, 138
Trd, 4319158.493, 110
Trd, 4319159.343, 107
Trd, 4319159.943, 113
Trd, 4319160.343, 107
Trd, 4319162.543, 140
Trd, 4319163.593, 101
Trd, 4319163.643, 95
Trd, 4319164.093, 112
Trd, 4319164.343, 128
Trd, 4319165.693, 121
Trd, 4319165.993, 79
Trd, 4319167.043, 116
Trd, 4319167.943, 73
Trd, 4319168.393, 138
Trd, 4319169.793, 79
Trd, 4319171.843, 79
Trd, 4319171.943, 78
Trd, 4319172.993, 82
Trd, 4319173.243, 131
Trd, 4319174.143, 65
Trd, 4319174.543, 101
Trd, 4319174.893, 97
Trd, 4319175.393, 79
Trd, 4319175.693, 124
Trd, 4319176.793, 130
Trd, 4319178.243, 124
Trd, 4319178.543, 116
Trd, 4319178.743, 97
Trd, 4319179.093, 128
Trd, 4319180.343, 115
Trd, 4319180.743, 100
Trd, 4319181.143, 99
Trd, 4319181.793, 117
Trd, 4319182.093, 105
Trd, 4319183.243, 96
Trd, 4319184.043, 99
Trd, 4319184.993, 139
Trd, 4319186.893, 117
Trd, 4319187.243, 118
Trd, 4319187.693, 98
Trd, 4319187.743, 84
Trd, 4319189.143, 107
Trd, 4319189.543, 99
Trd, 4319190.093, 133
Trd, 4319190.443, 126
Trd, 4319191.593, 127
Trd, 4319192.343, 93
Trd, 4319193.593, 68
Trd, 4319194.793, 89
Trd, 4319195.043, 132
Trd, 4319195.343, 94
Trd, 4319195.693, 89
Trd, 4319196.343, 89
Trd, 4319196.693, 91
Trd, 4319197.393, 89
Trd, 4319198.043, 110
Trd, 4319199.843, 92
Trd, 4319199.893, 86
Trd, 4319200.793, 88
Trd, 4319201.293, 132
Trd, 4319201.643, 75
Trd, 4319203.043, 97
Trd, 4319204.193, 108
Trd, 4319205.393, 94
Trd, 4319205.643, 93
Trd, 4319207.043, 119
Trd, 4319207.093, 114
Trd, 4319209.693, 103
Trd, 4319210.593, 95
Trd, 4319210.643, 94
Trd, 4319210.843, 105
Trd, 4319211.343, 132
Trd, 4319211.443, 103
Trd, 4319211.843, 112
Trd, 4319213.393, 105
Trd, 4319213.843, 72
Trd, 4319215.043, 135
Trd, 4319215.543, 100
Trd, 4319216.793, 97
Trd, 4319217.393, 75
Trd, 4319219.243, 77
Trd, 4319220.643, 68
Trd, 4319221.243, 68
Trd, 4319221.593, 80
Trd, 4319222.593, 79
Trd, 4319223.293, 74
Trd, 4319223.893, 140
Trd, 4319225.343, 98
Trd, 4319225.393, 97
Trd, 4319225.593, 89
Trd, 4319227.493, 127
Trd, 4319227.593, 133
Trd, 4319229.243, 119
Trd, 4319230.043, 100
Trd, 4319230.843, 115
Trd, 4319230.893, 114
Trd, 4319231.693, 106
Trd, 4319232.643, 136
Trd, 4319233.343, 107
Trd, 4319233.443, 105
Trd, 4319233.543, 78
Trd, 4319234.393, 84
Trd, 4319235.993, 102
Trd, 4319236.243, 64
Trd, 4319237.743, 105
Trd, 4319237.843, 100
Trd, 4319238.493, 134
Trd, 4319239.343, 98
Trd, 4319239.993, 116
Trd, 4319241.543, 118
Trd, 4319242.193, 123
Trd, 4319242.343, 119
Trd, 4319242.443, 119
Trd, 4319242.743, 118
Trd, 4319243.693, 105
Trd, 4319244.393, 84
Trd, 4319245.843, 121
Trd, 4319246.493, 81
Trd, 4319247.993, 116
Trd, 4319248.243, 114
Trd, 4319248.293, 97
Trd, 4319250.243, 140
Trd, 4319250.893, 89
Trd, 4319251.293, 133
Trd, 4319251.493, 60
Trd, 4319252.643, 131
Trd, 4319253.743, 90
Trd, 4319253.893, 100
Trd, 4319255.593, 102
Trd, 4319256.793, 90
Trd, 4319257.793, 96
Trd, 4319258.543, 85
Trd, 4319258.893, 91
Trd, 4319259.343, 93
Trd, 4319259.593, 83
Trd, 4319260.143, 88
Trd, 4319262.043, 101
Trd, 4319262.493, 119
Trd, 4319263.043, 73
Trd, 4319264.043, 72
Trd, 4319267.193, 92
Trd, 4319267.243, 79
Trd, 4319267.743, 99
Trd, 4319268.193, 111
Trd, 4319268.443, 109
Trd, 4319269.043, 93
Trd, 4319269.643, 135
Trd, 4319269.793, 92
Trd, 4319271.443, 71
Trd, 4319272.043, 130
Trd, 4319272.643, 138
Trd, 4319272.693, 137
Trd, 4319273.743, 73
Trd, 4319275.093, 72
Trd, 4319275.893, 112
Trd, 4319278.093, 127
Trd, 4319278.193, 126
Trd, 4319278.643, 97
Trd, 4319280.493, 135
Trd, 4319280.693, 107
Trd, 4319280.793, 117
Trd, 4319281.643, 121
Trd, 4319282.193, 125
Trd, 4319282.343, 94
Trd, 4319283.193, 116
Trd, 4319283.893, 108
Trd, 4319284.293, 93
Trd, 4319285.543, 90
Trd, 4319285.643, 73
Trd, 4319286.993, 108
Trd, 4319288.193, 102
Trd, 4319288.493, 87
Trd, 4319289.043, 118
Trd, 4319291.043, 136
Trd, 4319292.143, 133
Trd, 4319292.543, 120
Trd, 4319293.243, 115
Trd, 4319293.393, 92
Trd, 4319294.693, 125
Trd, 4319294.943, 110
Trd, 4319295.843, 119
Trd, 4319296.143, 105
Trd, 4319296.493, 101
Trd, 4319298.143, 114
Trd, 4319298.493, 108
Trd, 4319298.643, 121
Trd, 4319299.493, 126
Trd, 4319300.343, 121
Trd, 4319300.443, 133
Trd, 4319300.893, 114
Trd, 4319303.293, 115
Trd, 4319304.093, 123
Trd, 4319305.043, 133
Trd, 4319305.293, 132
Trd, 4319306.393, 129
Trd, 4319306.543, 67
Trd, 4319307.743, 101
Trd, 4319308.543, 122
Trd, 4319309.043, 100
Trd, 4319309.343, 120
Trd, 4319309.843, 74
Trd, 4319310.793, 90
Trd, 4319311.393, 140
Trd, 4319311.743, 88
Trd, 4319312.843, 64
Trd, 4319312.893, 65
Trd, 4319315.193, 76
Trd, 4319315.643, 101
Trd, 4319316.443, 119
Trd, 4319317.393, 114
Trd, 4319317.743, 133
Trd, 4319318.043, 118
Trd, 4319318.443, 82
Trd, 4319318.643, 78
Trd, 4319319.343, 69
Trd, 4319320.193, 74
Trd, 4319321.493, 80
Trd, 4319322.193, 84
Trd, 4319322.543, 133
Trd, 4319322.843, 136
Trd, 4319322.943, 120
Trd, 4319323.343, 110
Trd, 4319325.093, 83
Trd, 4319325.743, 84
Trd, 4319327.293, 115
Trd, 4319327.593, 115
Trd, 4319327.693, 95
Trd, 4319327.893, 98
Trd, 4319330.393, 106
Trd, 4319330.943, 111
Trd, 4319331.693, 135
Trd, 4319332.443, 121
Trd, 4319333.693, 131
Trd, 4319333.743, 130
Trd, 4319333.843, 61
Trd, 4319335.093, 107
Trd, 4319338.093, 140
Trd, 4319338.293, 134
Trd, 4319338.593, 107
Trd, 4319340.343, 114
Trd, 4319341.043, 128
Trd, 4319342.093, 84
Trd, 4319342.993, 109
Trd, 4319343.693, 81
Trd, 4319344.593, 140
Trd, 4319345.193, 131
Trd, 4319345.743, 111
Trd, 4319347.543, 98
Trd, 4319347.743, 74
Trd, 4319348.393, 94
Trd, 4319348.843, 135
Trd, 4319349.093, 137
Trd, 4319350.393, 107
Trd, 4319351.043, 103
Trd, 4319351.393, 102
Trd, 4319351.693, 74
Trd, 4319352.043, 114
Trd, 4319352.943, 108
Trd, 4319355.143, 60
Trd, 4319357.793, 136
Trd, 4319358.793, 115
Trd, 4319359.043, 123
Trd, 4319359.493, 114
Trd, 4319359.993, 113
Trd, 4319360.693, 100
Trd, 4319360.793, 120
Trd, 4319360.893, 129
Trd, 4319361.293, 138
Trd, 4319361.493, 105
Trd, 4319362.443, 67
Trd, 4319363.243, 78
Trd, 4319363.743, 104
Trd, 4319364.093, 119
Trd, 4319365.293, 103
Trd, 4319365.943, 103
Trd, 4319365.993, 84
Trd, 4319366.193, 96
Trd, 4319368.143, 100
Trd, 4319368.443, 102
Trd, 4319368.743, 112
Trd, 4319369.043, 76
Trd, 4319371.743, 137
Trd, 4319371.843, 135
Trd, 4319372.093, 96
Trd, 4319373.743, 92
Trd, 4319374.093, 92
Trd, 4319374.393, 97
Trd, 4319374.793, 73
Trd, 4319375.693, 91
Trd, 4319376.793, 105
Trd, 4319377.243, 87
Trd, 4319377.793, 95
Trd, 4319378.043, 110
Trd, 4319378.543, 140
Trd, 4319379.643, 137
Trd, 4319380.043, 104
Trd, 4319381.043, 138
Trd, 4319381.143, 121
Trd, 4319381.293, 102
Trd, 4319382.993, 100
Trd, 4319383.543, 119
Trd, 4319384.043, 90
Trd, 4319385.093, 93
Trd, 4319386.393, 130
Trd, 4319387.443, 111
Trd, 4319388.593, 139
Trd, 4319389.193, 97
Trd, 4319389.393, 125
Trd, 4319392.443, 118
Trd, 4319392.893, 127
Trd, 4319393.093, 87
Trd, 4319393.393, 128
Trd, 4319394.543, 113
Trd, 4319394.993, 84
Trd, 4319395.443, 68
Trd, 4319396.343, 60
Trd, 4319396.793, 94
Trd, 4319397.643, 130
Trd, 4319398.693, 88
Trd, 4319398.893, 99
Trd, 4319399.493, 74
Trd, 4319401.193, 121
Trd, 4319402.493, 97
Trd, 4319402.643, 95
Trd, 4319403.443, 81
Trd, 4319405.443, 93
Trd, 4319405.793, 87
Trd, 4319405.943, 76
Trd, 4319406.543, 120
Trd, 4319407.743, 119
Trd, 4319407.893, 104
Trd, 4319409.043, 64
Trd, 4319409.993, 69
Trd, 4319410.693, 138
Trd, 4319411.693, 140
Trd, 4319411.743, 139
Trd, 4319412.093, 110
Trd, 4319412.243, 82
Trd, 4319415.593, 110
Trd, 4319416.093, 139
Trd, 4319416.993, 99
Trd, 4319417.293, 86
Trd, 4319418.643, 100
Trd, 4319418.843, 127
Trd, 4319419.093, 99
Trd, 4319419.493, 96
Trd, 4319420.993, 140
Trd, 4319421.543, 125
Trd, 4319423.843, 134
Trd, 4319424.393, 119
Trd, 4319425.793, 118
Trd, 4319426.893, 128
Trd, 4319427.543, 119
Trd, 4319428.693, 70
Trd, 4319428.793, 101
Trd, 4319428.943, 102
Trd, 4319429.643, 107
Trd, 4319430.743, 76
Trd, 4319430.993, 81
Trd, 4319431.643, 67
Trd, 4319431.693, 71
Trd, 4319432.943, 82
Trd, 4319433.093, 95
Trd, 4319436.193, 81
Trd, 4319436.493, 110
Trd, 4319436.593, 79
Trd, 4319437.993, 117
Trd, 4319438.093, 123
Trd, 4319438.993, 86
Trd, 4319440.193, 101
Trd, 4319440.843, 88
Trd, 4319442.493, 89
Trd, 4319443.593, 123
Trd, 4319444.493, 110
Trd, 4319445.493, 138
Trd, 4319445.793, 108
Trd, 4319446.093, 122
Trd, 4319446.593, 108
Trd, 4319446.843, 94
Trd, 4319447.443, 110
Trd, 4319447.743, 116
Trd, 4319449.043, 112
Trd, 4319449.643, 136
Trd, 4319450.243, 103
Trd, 4319450.393, 103
Trd, 4319452.093, 128
Trd, 4319452.743, 94
Trd, 4319453.693, 116
Trd, 4319454.693, 85
Trd, 4319455.243, 103
Trd, 4319455.493, 105
Trd, 4319456.643, 83
Trd, 4319457.693, 139
Trd, 4319457.943, 83
Trd, 4319458.843, 94
Trd, 4319459.043, 93
Trd, 4319460.643, 109
Trd, 4319460.893, 113
Trd, 4319461.143, 133
Trd, 4319461.893, 126
Trd, 4319462.493, 99
Trd, 4319462.843, 126
Trd, 4319462.893, 86
Trd, 4319463.493, 137
Trd, 4319465.693, 92
Trd, 4319466.343, 128
Trd, 4319467.793, 78
Trd, 4319467.993, 108
Trd, 4319469.693, 133
Trd, 4319470.143, 91
Trd, 4319470.993, 82
Trd, 4319471.393, 84
Trd, 4319471.643, 75
Trd, 4319473.243, 104
Trd, 4319473.743, 107
Trd, 4319474.243, 101
Trd, 4319475.093, 140
Trd, 4319475.793, 73
Trd, 4319476.843, 140
Trd, 4319477.593, 122
Trd, 4319479.093, 92
Trd, 4319479.493, 101
Trd, 4319481.093, 104
Trd, 4319482.793, 110
Trd, 4319483.093, 97
Trd, 4319483.343, 96
Trd, 4319483.543, 136
Trd, 4319484.193, 68
Trd, 4319485.343, 116
Trd, 4319485.593, 83
Trd, 4319487.043, 98
Trd, 4319487.993, 72
Trd, 4319488.943, 65
Trd, 4319489.193, 76
Trd, 4319489.643, 125
Trd, 4319490.643, 94
Trd, 4319490.793, 119
Trd, 4319490.943, 129
Trd, 4319491.093, 93
Trd, 4319492.043, 125
Trd, 4319492.593, 83
Trd, 4319493.443, 113
Trd, 4319493.493, 78
Trd, 4319494.393, 98
Trd, 4319496.343, 92
Trd, 4319496.943, 107
Trd, 4319497.643, 70
Trd, 4319497.743, 71
Trd, 4319498.343, 120
Trd, 4319498.943, 102
Trd, 4319499.793, 94
Trd, 4319500.393, 93
Trd, 4319500.793, 67
Trd, 4319502.643, 61
Trd, 4319503.193, 97
Trd, 4319504.243, 85
Trd, 4319504.843, 84
Trd, 4319504.943, 100
Trd, 4319506.893, 105
Trd, 4319507.743, 108
Trd, 4319508.343, 62
Trd, 4319508.643, 75
Trd, 4319509.093, 90
Trd, 4319509.393, 123
Trd, 4319510.293, 79
Trd, 4319511.343, 99
Trd, 4319511.843, 90
Trd, 4319512.293, 81
Trd, 4319513.893, 133
Trd, 4319514.393, 98
Trd, 4319514.993, 103
Trd, 4319515.643, 87
Trd, 4319516.193, 94
Trd, 4319516.543, 98
Trd, 4319518.343, 115
Trd, 4319519.993, 140
Trd, 4319520.143, 101
Trd, 4319521.193, 97
Trd, 4319521.793, 85
Trd, 4319522.293, 92
Trd, 4319522.393, 84
Trd, 4319522.693, 105
Trd, 4319523.193, 121
Trd, 4319524.393, 140
Trd, 4319524.943, 109
Trd, 4319525.743, 105
Trd, 4319526.093, 94
Trd, 4319527.043, 116
Trd, 4319527.743, 135
Trd, 4319528.593, 120
Trd, 4319529.243, 94
Trd, 4319530.093, 105
Trd, 4319530.643, 87
Trd, 4319530.743, 86
Trd, 4319531.043, 116
Trd, 4319531.343, 127
Trd, 4319532.093, 129
Trd, 4319534.143, 76
Trd, 4319534.793, 80
Trd, 4319535.743, 113
Trd, 4319536.043, 140
Trd, 4319536.543, 113
Trd, 4319536.693, 112
Trd, 4319537.093, 87
Trd, 4319537.293, 82
Trd, 4319538.543, 125
Trd, 4319539.893, 136
Trd, 4319541.443, 115
Trd, 4319541.593, 114
Trd, 4319541.943, 83
Trd, 4319543.643, 129
Trd, 4319544.843, 96
Trd, 4319545.043, 120
Trd, 4319545.493, 105
Trd, 4319545.943, 122
Trd, 4319546.443, 111
Trd, 4319546.943, 119
Trd, 4319547.093, 83
Trd, 4319547.193, 120
Trd, 4319548.193, 121
Trd, 4319550.093, 138
Trd, 4319550.143, 111
Trd, 4319550.343, 66
Trd, 4319550.793, 103
Trd, 4319551.793, 131
Trd, 4319551.893, 128
Trd, 4319552.643, 103
Trd, 4319553.443, 102
Trd, 4319554.243, 140
Trd, 4319555.643, 121
Trd, 4319556.743, 71
Trd, 4319557.193, 78
Trd, 4319558.643, 136
Trd, 4319559.693, 93
Trd, 4319560.043, 85
Trd, 4319561.143, 130
Trd, 4319562.143, 92
Trd, 4319562.193, 138
Trd, 4319562.643, 97
Trd, 4319562.693, 84
Trd, 4319563.443, 76
Trd, 4319563.943, 99
Trd, 4319564.243, 75
Trd, 4319565.943, 85
Trd, 4319566.093, 80
Trd, 4319566.443, 76
Trd, 4319566.493, 88
Trd, 4319567.043, 64
Trd, 4319568.493, 98
Trd, 4319568.543, 84
Trd, 4319570.043, 111
Trd, 4319571.043, 65
Trd, 4319572.043, 73
Trd, 4319572.493, 100
Trd, 4319572.793, 92
Trd, 4319573.993, 90
Trd, 4319574.043, 101
Trd, 4319574.993, 111
Trd, 4319575.343, 132
Trd, 4319575.493, 84
Trd, 4319576.243, 68
Trd, 4319577.443, 112
Trd, 4319578.443, 73
Trd, 4319581.243, 134
Trd, 4319581.443, 94
Trd, 4319582.043, 63
Trd, 4319582.543, 73
Trd, 4319582.693, 77
Trd, 4319583.393, 82
Trd, 4319584.193, 87
Trd, 4319585.543, 78
Trd, 4319585.743, 91
Trd, 4319585.843, 77
Trd, 4319587.093, 112
Trd, 4319587.593, 126
Trd, 4319588.493, 126
Trd, 4319589.743, 112
Trd, 4319589.893, 82
Trd, 4319590.643, 118
Trd, 4319590.943, 79
Trd, 4319592.293, 129
Trd, 4319593.543, 110
Trd, 4319593.743, 109
Trd, 4319594.593, 134
Trd, 4319595.593, 91
Trd, 4319596.843, 116
Trd, 4319597.543, 96
Trd, 4319598.093, 140
Trd, 4319598.843, 140
Trd, 4319600.243, 111
Trd, 4319600.393, 101
Trd, 4319600.493, 101
Trd, 4319602.543, 110
Trd, 4319602.993, 107
Trd, 4319603.443, 74
Trd, 4319605.343, 64
Trd, 4319605.993, 90
Trd, 4319606.443, 96
Trd, 4319606.593, 95
Trd, 4319606.843, 72
Trd, 4319606.943, 62
Trd, 4319608.443, 60
Trd, 4319609.393, 87
Trd, 4319610.043, 107
Trd, 4319610.543, 106
Trd, 4319611.393, 67
Trd, 4319613.693, 82
Trd, 4319614.543, 96
Trd, 4319615.093, 93
Trd, 4319615.243, 92
Trd, 4319617.293, 137
Trd, 4319617.343, 136
Trd, 4319618.443, 137
Trd, 4319618.593, 128
Trd, 4319619.143, 93
Trd, 4319619.993, 83
Trd, 4319620.943, 95
Trd, 4319621.493, 87
Trd, 4319621.693, 88
Trd, 4319622.193, 112
Trd, 4319622.393, 86
Trd, 4319623.643, 83
Trd, 4319623.893, 79
Trd, 4319623.993, 90
Trd, 4319624.793, 139
Trd, 4319624.893, 132
Trd, 4319626.593, 108
Trd, 4319627.543, 94
Trd, 4319627.743, 106
Trd, 4319627.843, 93
Trd, 4319630.143, 96
Trd, 4319630.543, 100
Trd, 4319631.493, 115
Trd, 4319632.443, 99
Trd, 4319633.243, 89
Trd, 4319633.493, 101
Trd, 4319634.093, 61
Trd, 4319635.593, 74
Trd, 4319635.743, 69
Trd, 4319636.343, 87
Trd, 4319637.193, 126
Trd, 4319638.143, 96
Trd, 4319638.293, 94
Trd, 4319639.193, 130
Trd, 4319639.593, 112
Trd, 4319640.893, 133
Trd, 4319641.343, 87
Trd, 4319643.043, 137
Trd, 4319643.543, 138
Trd, 4319645.293, 137
Trd, 4319645.343, 86
Trd, 4319645.893, 89
Trd, 4319645.993, 98
Trd, 4319647.093, 96
Trd, 4319648.643, 140
Trd, 4319648.893, 140
Trd, 4319649.443, 140
Trd, 4319649.643, 137
Trd, 4319649.843, 97
Trd, 4319650.143, 85
Trd, 4319651.343, 133
Trd, 4319652.943, 140
Trd, 4319653.243, 139
Trd, 4319653.493, 117
Trd, 4319654.693, 80
Trd, 4319658.393, 113
Trd, 4319659.043, 111
Trd, 4319659.443, 117
Trd, 4319659.893, 100
Trd, 4319660.243, 91
Trd, 4319660.593, 122
Trd, 4319661.043, 85
Trd, 4319661.593, 73
Trd, 4319662.143, 61
Trd, 4319662.893, 77
Trd, 4319664.443, 66
Trd, 4319665.193, 78
Trd, 4319666.243, 73
Trd, 4319666.993, 69
Trd, 4319667.793, 82
Trd, 4319668.093, 84
Trd, 4319668.993, 134
Trd, 4319669.543, 90
Trd, 4319669.743, 133
Trd, 4319670.993, 73
Trd, 4319671.643, 71
Trd, 4319672.043, 86
Trd, 4319672.943, 136
Trd, 4319674.143, 82
Trd, 4319674.293, 93
Trd, 4319675.743, 109
Trd, 4319676.443, 140
Trd, 4319677.143, 100
Trd, 4319677.643, 95
Trd, 4319678.593, 103
Trd, 4319679.493, 115
Trd, 4319680.643, 84
Trd, 4319680.993, 95
Trd, 4319681.593, 105
Trd, 4319681.843, 79
Trd, 4319682.593, 136
Trd, 4319686.543, 123
Trd, 4319687.593, 103
Trd, 4319687.893, 115
Trd, 4319688.243, 102
Trd, 4319688.393, 132
Trd, 4319688.793, 95
Trd, 4319688.843, 89
Trd, 4319689.093, 80
Trd, 4319689.993, 119
Trd, 4319691.393, 99
Trd, 4319691.443, 102
Trd, 4319692.293, 137
Trd, 4319692.443, 100
Trd, 4319693.293, 116
Trd, 4319694.793, 101
Trd, 4319695.793, 117
Trd, 4319696.243, 114
Trd, 4319696.593, 107
Trd, 4319698.143, 77
Trd, 4319699.443, 69
Trd, 4319699.593, 88
Trd, 4319699.793, 62
Trd, 4319700.543, 63
Trd, 4319701.293, 63
Trd, 4319702.293, 64
Trd, 4319702.493, 96
Trd, 4319703.393, 126
Trd, 4319703.743, 116
Trd, 4319703.843, 117
Trd, 4319703.943, 115
Trd, 4319706.093, 134
Trd, 4319707.193, 76
Trd, 4319707.293, 109
Trd, 4319708.743, 77
Trd, 4319709.143, 78
Trd, 4319709.293, 85
Trd, 4319712.293, 108
Trd, 4319712.493, 130
Trd, 4319712.593, 100
Trd, 4319713.343, 109
Trd, 4319714.843, 131
Trd, 4319715.493, 108
Trd, 4319715.793, 108
Trd, 4319715.893, 106
Trd, 4319716.443, 124
Trd, 4319717.593, 87
Trd, 4319719.743, 137
Trd, 4319719.943, 102
Trd, 4319720.693, 135
Trd, 4319721.393, 135
Trd, 4319721.693, 86
Trd, 4319721.943, 97
Trd, 4319722.193, 99
Trd, 4319722.393, 92
Trd, 4319723.943, 129
Trd, 4319724.293, 90
Trd, 4319725.193, 120
Trd, 4319725.443, 96
Trd, 4319725.943, 81
Trd, 4319726.693, 75
Trd, 4319726.843, 128
Trd, 4319727.693, 66
Trd, 4319728.543, 90
Trd, 4319728.593, 112
Trd, 4319730.893, 80
Trd, 4319731.443, 79
Trd, 4319731.593, 78
Trd, 4319732.943, 125
Trd, 4319735.243, 140
Trd, 4319736.093, 140
Trd, 4319736.893, 140
Trd, 4319737.143, 140
Trd, 4319738.293, 131
Trd, 4319738.993, 118
Trd, 4319739.393, 115
Trd, 4319740.043, 115
Trd, 4319740.893, 103
Trd, 4319741.543, 123
Trd, 4319742.593, 89
Trd, 4319743.693, 122
Trd, 4319744.043, 98
Trd, 4319744.993, 88
Trd, 4319745.493, 114
Trd, 4319746.393, 75
Trd, 4319746.643, 92
Trd, 4319747.993, 107
Trd, 4319748.293, 63
Trd, 4319749.143, 118
Trd, 4319749.293, 93
Trd, 4319749.593, 92
Trd, 4319750.843, 138
Trd, 4319752.043, 64
Trd, 4319752.693, 112
Trd, 4319753.193, 114
Trd, 4319753.443, 69
Trd, 4319753.693, 140
Trd, 4319756.143, 137
Trd, 4319757.293, 114
Trd, 4319757.693, 111
Trd, 4319757.943, 128
Trd, 4319758.493, 106
Trd, 4319758.893, 90
Trd, 4319759.943, 125
Trd, 4319760.843, 122
Trd, 4319761.243, 120
Trd, 4319761.493, 116
Trd, 4319761.843, 102
Trd, 4319763.243, 68
Trd, 4319764.243, 105
Trd, 4319764.593, 100
Trd, 4319764.843, 93
Trd, 4319765.193, 131
Trd, 4319765.893, 108
Trd, 4319766.243, 98
Trd, 4319767.843, 67
Trd, 4319768.393, 94
Trd, 4319768.893, 123
Trd, 4319769.693, 60
Trd, 4319770.443, 82
Trd, 4319770.843, 123
Trd, 4319772.143, 123
Trd, 4319772.443, 121
Trd, 4319772.993, 120
Trd, 4319773.243, 119
Trd, 4319773.543, 97
Trd, 4319774.543, 139
Trd, 4319775.343, 77
Trd, 4319778.143, 125
Trd, 4319778.193, 124
Trd, 4319778.993, 118
Trd, 4319780.343, 100
Trd, 4319780.443, 92
Trd, 4319781.293, 110
Trd, 4319781.493, 127
Trd, 4319781.593, 133
Trd, 4319782.693, 140
Trd, 4319783.393, 78
Trd, 4319784.443, 108
Trd, 4319784.793, 88
Trd, 4319785.593, 85
Trd, 4319787.093, 120
Trd, 4319787.743, 137
Trd, 4319788.243, 115
Trd, 4319788.293, 114
Trd, 4319788.993, 114
Trd, 4319789.443, 75
Trd, 4319790.293, 75
Trd, 4319790.893, 103
Trd, 4319791.293, 136
Trd, 4319792.293, 114
Trd, 4319792.493, 95
Trd, 4319793.093, 123
Trd, 4319794.743, 139
Trd, 4319794.993, 115
Trd, 4319795.143, 116
Trd, 4319795.793, 94
Trd, 4319796.693, 101
Trd, 4319796.893, 93
Trd, 4319799.143, 83
Trd, 4319799.743, 85
Trd, 4319800.843, 124
Trd, 4319801.743, 125
Trd, 4319803.343, 116
Trd, 4319803.693, 98
Trd, 4319805.493, 104
Trd, 4319805.543, 85
Trd, 4319806.243, 110
Trd, 4319806.943, 135
Trd, 4319807.243, 134
Trd, 4319807.943, 133
Trd, 4319809.043, 129
Trd, 4319809.543, 124
Trd, 4319810.093, 121
Trd, 4319811.343, 135
Trd, 4319812.343, 115
Trd, 4319813.693, 138
Trd, 4319814.493, 137
Trd, 4319814.843, 117
Trd, 4319814.893, 116
Trd, 4319816.543, 138
Trd, 4319817.043, 135
Trd, 4319817.093, 107
Trd, 4319817.643, 106
Trd, 4319817.993, 96
Trd, 4319819.343, 87
Trd, 4319820.443, 67
Trd, 4319821.493, 68
Trd, 4319821.843, 103
Trd, 4319822.393, 72
Trd, 4319822.693, 71
Trd, 4319822.743, 83
Trd, 4319825.443, 140
Trd, 4319825.493, 140
Trd, 4319825.693, 139
Trd, 4319825.993, 110
Trd, 4319826.643, 128
Trd, 4319827.343, 106
Trd, 4319827.643, 95
Trd, 4319828.343, 98
Trd, 4319828.793, 99
Trd, 4319829.193, 67
Trd, 4319831.193, 101
Trd, 4319831.343, 112
Trd, 4319831.893, 110
Trd, 4319832.593, 124
Trd, 4319832.793, 74
Trd, 4319834.343, 138
Trd, 4319837.093, 118
Trd, 4319837.643, 107
Trd, 4319837.893, 131
Trd, 4319839.043, 99
Trd, 4319839.193, 74
Trd, 4319839.893, 91
Trd, 4319839.993, 126
Trd, 4319840.193, 139
Trd, 4319841.743, 137
Trd, 4319843.343, 117
Trd, 4319843.493, 110
Trd, 4319844.993, 140
Trd, 4319845.943, 137
Trd, 4319846.093, 114
Trd, 4319846.643, 111
Trd, 4319847.093, 109
Trd, 4319850.343, 123
Trd, 4319850.393, 116
Trd, 4319851.243, 117
Trd, 4319851.343, 92
Trd, 4319852.593, 138
Trd, 4319852.743, 135
Trd, 4319853.293, 117
Trd, 4319854.893, 127
Trd, 4319854.943, 118
Trd, 4319855.543, 136
Trd, 4319856.293, 131
Trd, 4319857.393, 97
Trd, 4319857.643, 133
Trd, 4319858.343, 135
Trd, 4319858.543, 115
Trd, 4319858.893, 98
Trd, 4319860.093, 135
Trd, 4319860.243, 138
Trd, 4319861.143, 105
Trd, 4319861.543, 89
Trd, 4319862.043, 110
Trd, 4319864.193, 132
Trd, 4319865.743, 92
Trd, 4319865.793, 99
Trd, 4319866.743, 83
Trd, 4319868.093, 110
Trd, 4319868.593, 115
Trd, 4319869.943, 105
Trd, 4319870.893, 138
Trd, 4319871.843, 138
Trd, 4319872.793, 140
Trd, 4319873.993, 117
Trd, 4319875.693, 92
Trd, 4319876.143, 92
Trd, 4319876.243, 111
Trd, 4319876.543, 106
Trd, 4319876.793, 125
Trd, 4319877.293, 126
Trd, 4319877.393, 125
Trd, 4319878.093, 112
Trd, 4319878.543, 79
Trd, 4319878.843, 84
Trd, 4319880.243, 61
Trd, 4319880.893, 81
Trd, 4319881.543, 79
Trd, 4319882.443, 75
Trd, 4319883.643, 111
Trd, 4319884.243, 109
Trd, 4319884.343, 72
Trd, 4319884.643, 71
Trd, 4319886.093, 63
Trd, 4319887.943, 112
Trd, 4319888.093, 127
Trd, 4319889.343, 122
Trd, 4319890.543, 129
Trd, 4319890.593, 128
Trd, 4319891.843, 99
Trd, 4319893.093, 119
Trd, 4319893.793, 118
Trd, 4319893.993, 111
Trd, 4319894.893, 84
Trd, 4319894.993, 83
Trd, 4319895.093, 96
Trd, 4319896.243, 90
Trd, 4319897.893, 133
Trd, 4319897.943, 132
Trd, 4319898.593, 90
Trd, 4319899.443, 120
Trd, 4319901.143, 133
Trd, 4319902.693, 135
Trd, 4319902.743, 131
Trd, 4319903.593, 139
Trd, 4319904.043, 123
Trd, 4319904.893, 99
Trd, 4319906.043, 114
Trd, 4319906.693, 120
Trd, 4319907.793, 137
Trd, 4319909.093, 111
Trd, 4319909.293, 109
Trd, 4319910.193, 107
Trd, 4319911.343, 92
Trd, 4319911.393, 105
Trd, 4319911.493, 136
Trd, 4319912.993, 99
Trd, 4319913.043, 103
Trd, 4319913.193, 87
Trd, 4319914.443, 129
Trd, 4319915.593, 98
Trd, 4319915.693, 104
Trd, 4319916.493, 92
Trd, 4319916.843, 139
Trd, 4319918.243, 85
Trd, 4319919.243, 92
Trd, 4319920.993, 130
Trd, 4319922.093, 125
Trd, 4319922.943, 107
Trd, 4319923.643, 136
Trd, 4319924.093, 117
Trd, 4319924.493, 130
Trd, 4319925.043, 90
Trd, 4319925.243, 85
Trd, 4319925.693, 121
Trd, 4319926.393, 140
Trd, 4319928.443, 126
Trd, 4319929.343, 128
Trd, 4319930.593, 131
Trd, 4319931.093, 126
Trd, 4319931.193, 115
Trd, 4319931.993, 71
Trd, 4319933.943, 140
Trd, 4319934.643, 98
Trd, 4319935.343, 110
Trd, 4319936.443, 108
Trd, 4319936.993, 109
Trd, 4319937.693, 80
Trd, 4319937.943, 99
Trd, 4319938.243, 133
Trd, 4319938.443, 132
Trd, 4319939.493, 139
Trd, 4319940.093, 131
Trd, 4319940.193, 102
Trd, 4319941.893, 72
Trd, 4319942.943, 64
Trd, 4319943.093, 71
Trd, 4319944.743, 102
Trd, 4319944.993, 108
Trd, 4319945.993, 92
Trd, 4319946.693, 109
Trd, 4319949.093, 114
Trd, 4319949.443, 137
Trd, 4319949.543, 104
Trd, 4319949.643, 103
Trd, 4319950.043, 81
Trd, 4319951.193, 83
Trd, 4319951.293, 87
Trd, 4319951.643, 103
Trd, 4319953.893, 64
Trd, 4319954.543, 67
Trd, 4319955.293, 80
Trd, 4319957.093, 109
Trd, 4319958.043, 110
Trd, 4319958.093, 101
Trd, 4319959.743, 111
Trd, 4319959.843, 85
Trd, 4319961.493, 86
Trd, 4319961.543, 83
Trd, 4319961.693, 87
Trd, 4319963.193, 109
Trd, 4319963.693, 138
Trd, 4319963.893, 138
Trd, 4319964.493, 139
Trd, 4319966.043, 119
Trd, 4319966.693, 85
Trd, 4319967.093, 100
Trd, 4319969.243, 104
Trd, 4319969.293, 103
Trd, 4319970.093, 122
Trd, 4319970.793, 125
Trd, 4319971.243, 113
Trd, 4319971.293, 108
Trd, 4319971.943, 135
Trd, 4319973.793, 140
Trd, 4319973.943, 140
Trd, 4319974.893, 140
Trd, 4319975.443, 82
Trd, 4319976.043, 83
Trd, 4319976.493, 77
Trd, 4319977.543, 101
Trd, 4319978.193, 124
Trd, 4319978.893, 97
Trd, 4319980.043, 139
Trd, 4319980.293, 138
Trd, 4319981.293, 128
Trd, 4319981.743, 121
Trd, 4319982.943, 108
Trd, 4319983.243, 109
Trd, 4319983.643, 67
Trd, 4319984.043, 136
Trd, 4319984.193, 73
Trd, 4319984.743, 87
Trd, 4319985.443, 82
Trd, 4319987.093, 86
Trd, 4319989.043, 108
Trd, 4319989.143, 104
Trd, 4319989.193, 114
Trd, 4319989.643, 103
Trd, 4319989.793, 113
Trd, 4319991.093, 71
Trd, 4319991.293, 64
Trd, 4319991.843, 90
Trd, 4319992.393, 65
Trd, 4319993.943, 137
Trd, 4319995.343, 130
Trd, 4319995.643, 112
Trd, 4319996.243, 90
Trd, 4319996.393, 98
Trd, 4319997.543, 100
Trd, 4319998.243, 82
Trd, 4319998.843, 66
Trd, 4319998.943, 107
