Trd, 4318111.293, 118
Trd, 4318112.493, 140
Trd, 4318112.893, 107
Trd, 4318113.243, 90
Trd, 4318113.743, 109
Trd, 4318114.543, 89
Trd, 4318115.393, 90
Trd, 4318116.043, 78
Trd, 4318116.143, 70
Trd, 4318116.943, 139
Trd, 4318117.743, 139
Trd, 4318117.793, 131
Trd, 4318119.693, 124
Trd, 4318120.193, 113
Trd, 4318121.543, 138
Trd, 4318122.143, 134
Trd, 4318122.743, 138
Trd, 4318123.343, 131
Trd, 4318124.443, 126
Trd, 4318125.693, 128
Trd, 4318125.843, 140
Trd, 4318126.143, 122
Trd, 4318126.493, 120
Trd, 4318126.693, 116
Trd, 4318127.743, 105
Trd, 4318129.143, 83
Trd, 4318129.593, 121
Trd, 4318129.743, 113
Trd, 4318130.443, 80
Trd, 4318131.643, 108
Trd, 4318132.293, 114
Trd, 4318133.043, 126
Trd, 4318133.443, 117
Trd, 4318134.743, 94
Trd, 4318135.543, 134
Trd, 4318136.243, 108
Trd, 4318136.293, 86
Trd, 4318137.043, 61
Trd, 4318137.543, 106
Trd, 4318138.393, 76
Trd, 4318139.393, 138
Trd, 4318139.543, 135
Trd, 4318140.143, 123
Trd, 4318140.593, 115
Trd, 4318140.943, 106
Trd, 4318141.693, 92
Trd, 4318142.643, 136
Trd, 4318144.793, 135
Trd, 4318145.143, 138
Trd, 4318147.343, 140
Trd, 4318147.693, 100
Trd, 4318147.893, 96
Trd, 4318148.993, 130
Trd, 4318149.493, 119
Trd, 4318149.743, 109
Trd, 4318151.143, 112
Trd, 4318152.093, 123
Trd, 4318152.543, 110
Trd, 4318153.943, 125
Trd, 4318155.043, 132
Trd, 4318155.243, 113
Trd, 4318155.793, 101
Trd, 4318156.143, 128
Trd, 4318158.243, 121
Trd, 4318158.693, 97
Trd, 4318158.893, 89
Trd, 4318160.443, 91
Trd, 4318162.193, 135
Trd, 4318163.243, 139
Trd, 4318163.643, 122
Trd, 4318164.443, 118
Trd, 4318164.793, 99
Trd, 4318165.443, 125
Trd, 4318165.843, 112
Trd, 4318166.743, 137
Trd, 4318167.543, 119
Trd, 4318167.943, 135
Trd, 4318169.493, 90
Trd, 4318169.693, 88
Trd, 4318169.993, 81
Trd, 4318170.493, 136
Trd, 4318171.743, 128
Trd, 4318172.793, 123
Trd, 4318172.843, 116
Trd, 4318172.893, 81
Trd, 4318173.843, 124
Trd, 4318174.243, 112
Trd, 4318175.543, 138
Trd, 4318175.993, 109
Trd, 4318176.193, 102
Trd, 4318177.543, 86
Trd, 4318177.693, 104
Trd, 4318179.393, 99
Trd, 4318179.993, 103
Trd, 4318180.793, 131
Trd, 4318182.143, 117
Trd, 4318182.543, 140
Trd, 4318182.693, 130
Trd, 4318183.243, 123
Trd, 4318183.493, 106
Trd, 4318184.643, 117
Trd, 4318184.793, 104
Trd, 4318186.493, 117
Trd, 4318187.243, 137
Trd, 4318187.543, 124
Trd, 4318187.743, 101
Trd, 4318188.293, 98
Trd, 4318189.343, 139
Trd, 4318189.543, 116
Trd, 4318191.943, 135
Trd, 4318192.793, 131
Trd, 4318193.643, 118
Trd, 4318194.893, 115
Trd, 4318195.543, 107
Trd, 4318195.943, 130
Trd, 4318195.993, 128
Trd, 4318196.543, 114
Trd, 4318196.593, 90
Trd, 4318197.293, 124
Trd, 4318197.693, 131
Trd, 4318199.343, 109
Trd, 4318199.493, 104
Trd, 4318199.993, 107
Trd, 4318200.343, 95
Trd, 4318201.993, 137
Trd, 4318202.643, 129
Trd, 4318202.693, 117
Trd, 4318203.593, 136
Trd, 4318203.693, 116
Trd, 4318204.343, 120
Trd, 4318205.093, 121
Trd, 4318205.243, 116
Trd, 4318205.543, 107
Trd, 4318206.693, 98
Trd, 4318206.993, 140
Trd, 4318207.243, 92
Trd, 4318207.993, 106
Trd, 4318208.243, 92
Trd, 4318209.293, 114
Trd, 4318210.093, 138
Trd, 4318210.693, 137
Trd, 4318211.043, 127
Trd, 4318212.193, 85
Trd, 4318212.593, 139
Trd, 4318212.843, 83
Trd, 4318213.593, 80
Trd, 4318213.743, 73
Trd, 4318215.443, 133
Trd, 4318216.193, 136
Trd, 4318216.993, 111
Trd, 4318217.643, 122
Trd, 4318217.843, 135
Trd, 4318218.993, 124
Trd, 4318219.243, 134
Trd, 4318220.693, 100
Trd, 4318220.893, 140
Trd, 4318221.043, 136
Trd, 4318221.743, 95
Trd, 4318221.943, 90
Trd, 4318222.393, 87
Trd, 4318223.193, 81
Trd, 4318223.893, 116
Trd, 4318225.343, 97
Trd, 4318226.943, 122
Trd, 4318227.493, 132
Trd, 4318227.793, 124
Trd, 4318227.943, 124
Trd, 4318228.643, 119
Trd, 4318228.943, 112
Trd, 4318230.443, 100
Trd, 4318230.893, 132
Trd, 4318231.343, 132
Trd, 4318231.643, 104
Trd, 4318233.193, 115
Trd, 4318233.693, 105
Trd, 4318234.043, 95
Trd, 4318235.443, 113
Trd, 4318235.843, 107
Trd, 4318235.993, 132
Trd, 4318236.793, 134
Trd, 4318237.243, 101
Trd, 4318237.993, 117
Trd, 4318239.143, 136
Trd, 4318239.793, 134
Trd, 4318240.193, 129
Trd, 4318240.893, 135
Trd, 4318240.943, 122
Trd, 4318240.993, 119
Trd, 4318241.943, 122
Trd, 4318242.093, 119
Trd, 4318243.043, 110
Trd, 4318244.143, 105
Trd, 4318244.793, 114
Trd, 4318244.843, 115
Trd, 4318244.993, 103
Trd, 4318248.093, 85
Trd, 4318248.593, 70
Trd, 4318249.943, 87
Trd, 4318251.143, 117
Trd, 4318251.943, 114
Trd, 4318252.443, 121
Trd, 4318252.493, 123
Trd, 4318252.743, 115
Trd, 4318253.893, 96
Trd, 4318254.043, 109
Trd, 4318254.343, 102
Trd, 4318254.693, 103
Trd, 4318256.243, 139
Trd, 4318256.443, 125
Trd, 4318256.743, 122
Trd, 4318258.593, 116
Trd, 4318258.993, 101
Trd, 4318260.493, 133
Trd, 4318261.343, 132
Trd, 4318261.893, 122
Trd, 4318262.193, 118
Trd, 4318262.893, 113
Trd, 4318265.243, 137
Trd, 4318265.393, 121
Trd, 4318265.943, 86
Trd, 4318266.293, 69
Trd, 4318266.443, 71
Trd, 4318266.993, 122
Trd, 4318267.743, 126
Trd, 4318268.643, 130
Trd, 4318268.993, 122
Trd, 4318269.993, 117
Trd, 4318271.593, 136
Trd, 4318271.843, 131
Trd, 4318272.993, 117
Trd, 4318273.293, 109
Trd, 4318274.143, 106
Trd, 4318274.643, 104
Trd, 4318275.193, 98
Trd, 4318275.693, 71
Trd, 4318276.693, 138
Trd, 4318277.343, 135
Trd, 4318278.243, 123
Trd, 4318279.793, 132
Trd, 4318280.143, 120
Trd, 4318280.493, 104
Trd, 4318281.693, 95
Trd, 4318281.893, 111
Trd, 4318282.693, 106
Trd, 4318283.193, 85
Trd, 4318283.393, 133
Trd, 4318283.943, 80
Trd, 4318285.343, 107
Trd, 4318285.743, 118
Trd, 4318286.593, 68
Trd, 4318286.793, 139
Trd, 4318287.093, 97
Trd, 4318287.243, 95
Trd, 4318288.143, 120
Trd, 4318288.943, 132
Trd, 4318289.443, 127
Trd, 4318290.793, 123
Trd, 4318291.293, 112
Trd, 4318291.343, 108
Trd, 4318292.293, 117
Trd, 4318292.493, 91
Trd, 4318293.193, 91
Trd, 4318294.093, 128
Trd, 4318294.693, 113
Trd, 4318295.693, 103
Trd, 4318295.993, 122
Trd, 4318296.443, 114
Trd, 4318297.143, 118
Trd, 4318298.343, 116
Trd, 4318299.093, 122
Trd, 4318299.243, 121
Trd, 4318299.893, 102
Trd, 4318300.493, 115
Trd, 4318301.193, 101
Trd, 4318301.793, 100
Trd, 4318302.293, 104
Trd, 4318303.643, 103
Trd, 4318304.943, 124
Trd, 4318305.543, 84
Trd, 4318305.893, 74
Trd, 4318306.043, 86
Trd, 4318306.843, 108
Trd, 4318307.093, 93
Trd, 4318307.393, 127
Trd, 4318308.943, 118
Trd, 4318309.343, 127
Trd, 4318310.793, 135
Trd, 4318311.693, 140
Trd, 4318312.693, 89
Trd, 4318313.643, 87
Trd, 4318313.693, 104
Trd, 4318314.443, 125
Trd, 4318315.143, 98
Trd, 4318315.643, 128
Trd, 4318317.143, 129
Trd, 4318317.293, 104
Trd, 4318317.993, 108
Trd, 4318318.143, 97
Trd, 4318318.743, 80
Trd, 4318319.693, 103
Trd, 4318320.043, 84
Trd, 4318320.443, 131
Trd, 4318321.593, 76
Trd, 4318322.293, 101
Trd, 4318322.543, 86
Trd, 4318323.043, 118
Trd, 4318323.943, 112
Trd, 4318324.193, 96
Trd, 4318324.643, 94
Trd, 4318325.343, 109
Trd, 4318325.993, 95
Trd, 4318327.243, 78
Trd, 4318328.143, 128
Trd, 4318328.293, 100
Trd, 4318329.093, 77
Trd, 4318329.443, 95
Trd, 4318330.193, 83
Trd, 4318330.393, 84
Trd, 4318331.943, 63
Trd, 4318332.593, 116
Trd, 4318333.593, 87
Trd, 4318335.143, 119
Trd, 4318335.393, 136
Trd, 4318335.693, 112
Trd, 4318335.893, 103
Trd, 4318335.993, 100
Trd, 4318336.193, 108
Trd, 4318337.143, 69
Trd, 4318338.343, 102
Trd, 4318339.193, 135
Trd, 4318340.693, 127
Trd, 4318341.043, 115
Trd, 4318341.143, 109
Trd, 4318341.293, 102
Trd, 4318342.743, 123
Trd, 4318343.343, 138
Trd, 4318344.043, 107
Trd, 4318344.643, 74
Trd, 4318347.093, 140
Trd, 4318347.543, 122
Trd, 4318349.043, 119
Trd, 4318349.243, 135
Trd, 4318349.793, 132
Trd, 4318350.743, 106
Trd, 4318351.043, 83
Trd, 4318352.093, 128
Trd, 4318353.293, 109
Trd, 4318353.493, 100
Trd, 4318353.843, 122
Trd, 4318355.443, 72
Trd, 4318355.643, 89
Trd, 4318356.843, 110
Trd, 4318358.393, 87
Trd, 4318359.343, 120
Trd, 4318360.593, 124
Trd, 4318362.493, 137
Trd, 4318362.843, 135
Trd, 4318363.793, 126
Trd, 4318363.843, 121
Trd, 4318364.643, 117
Trd, 4318367.193, 138
Trd, 4318368.843, 112
Trd, 4318369.243, 110
Trd, 4318369.793, 106
Trd, 4318371.193, 128
Trd, 4318371.443, 136
Trd, 4318371.843, 122
Trd, 4318371.943, 109
Trd, 4318372.943, 132
Trd, 4318373.493, 131
Trd, 4318374.143, 111
Trd, 4318375.043, 102
Trd, 4318375.743, 93
Trd, 4318376.393, 117
Trd, 4318376.543, 107
Trd, 4318377.143, 121
Trd, 4318377.843, 100
Trd, 4318379.093, 127
Trd, 4318379.843, 121
Trd, 4318380.843, 81
Trd, 4318380.943, 137
Trd, 4318381.293, 107
Trd, 4318382.993, 138
Trd, 4318383.893, 122
Trd, 4318383.993, 116
Trd, 4318384.943, 115
Trd, 4318385.143, 105
Trd, 4318385.343, 76
Trd, 4318386.193, 97
Trd, 4318387.243, 123
Trd, 4318387.493, 108
Trd, 4318387.993, 121
Trd, 4318388.943, 134
Trd, 4318389.043, 102
Trd, 4318390.043, 71
Trd, 4318390.093, 66
Trd, 4318390.393, 64
Trd, 4318391.243, 116
Trd, 4318391.793, 106
Trd, 4318392.693, 120
Trd, 4318393.043, 101
Trd, 4318393.943, 103
Trd, 4318394.693, 101
Trd, 4318395.343, 118
Trd, 4318396.843, 125
Trd, 4318397.643, 104
Trd, 4318397.893, 135
Trd, 4318397.993, 82
Trd, 4318399.793, 88
Trd, 4318400.543, 93
Trd, 4318401.493, 69
Trd, 4318402.043, 69
Trd, 4318402.443, 98
Trd, 4318402.693, 103
Trd, 4318403.693, 138
Trd, 4318404.843, 125
Trd, 4318405.943, 111
Trd, 4318406.193, 127
Trd, 4318407.043, 75
Trd, 4318407.293, 105
Trd, 4318407.893, 117
Trd, 4318409.043, 98
Trd, 4318409.593, 97
Trd, 4318409.643, 90
Trd, 4318410.093, 125
Trd, 4318410.943, 108
Trd, 4318411.093, 84
Trd, 4318412.393, 112
Trd, 4318412.443, 103
Trd, 4318412.693, 85
Trd, 4318413.793, 135
Trd, 4318414.993, 106
Trd, 4318416.243, 117
Trd, 4318416.843, 101
Trd, 4318417.743, 110
Trd, 4318417.793, 101
Trd, 4318418.843, 102
Trd, 4318418.943, 95
Trd, 4318420.393, 137
Trd, 4318420.993, 122
Trd, 4318421.043, 90
Trd, 4318422.043, 133
Trd, 4318422.393, 99
Trd, 4318423.143, 113
Trd, 4318424.243, 84
Trd, 4318424.543, 107
Trd, 4318424.943, 80
Trd, 4318425.343, 107
Trd, 4318425.443, 81
Trd, 4318425.593, 125
Trd, 4318426.593, 120
Trd, 4318429.193, 100
Trd, 4318429.393, 122
Trd, 4318429.693, 106
Trd, 4318430.593, 90
Trd, 4318431.043, 80
Trd, 4318431.593, 106
Trd, 4318434.193, 91
Trd, 4318435.743, 127
Trd, 4318435.993, 126
Trd, 4318436.443, 139
Trd, 4318437.093, 117
Trd, 4318437.343, 117
Trd, 4318438.093, 94
Trd, 4318438.443, 119
Trd, 4318438.743, 121
Trd, 4318440.193, 100
Trd, 4318442.043, 121
Trd, 4318442.393, 118
Trd, 4318442.693, 111
Trd, 4318442.793, 76
Trd, 4318443.093, 97
Trd, 4318443.443, 84
Trd, 4318444.693, 119
Trd, 4318444.943, 113
Trd, 4318445.043, 111
Trd, 4318446.743, 134
Trd, 4318446.993, 130
Trd, 4318447.593, 112
Trd, 4318448.693, 136
Trd, 4318449.193, 134
Trd, 4318449.393, 121
Trd, 4318449.843, 110
Trd, 4318450.293, 108
Trd, 4318450.843, 92
Trd, 4318452.643, 131
Trd, 4318454.093, 137
Trd, 4318454.593, 129
Trd, 4318455.443, 127
Trd, 4318457.243, 129
Trd, 4318457.343, 117
Trd, 4318458.193, 97
Trd, 4318459.243, 102
Trd, 4318459.793, 118
Trd, 4318460.143, 93
Trd, 4318460.393, 124
Trd, 4318461.843, 103
Trd, 4318462.393, 84
Trd, 4318464.343, 95
Trd, 4318465.443, 83
Trd, 4318465.493, 122
Trd, 4318465.743, 77
Trd, 4318466.293, 105
Trd, 4318466.593, 105
Trd, 4318467.143, 120
Trd, 4318467.193, 92
Trd, 4318468.943, 91
Trd, 4318469.293, 134
Trd, 4318470.143, 85
Trd, 4318470.643, 100
Trd, 4318471.893, 106
Trd, 4318472.843, 93
Trd, 4318473.743, 105
Trd, 4318475.143, 102
Trd, 4318476.043, 119
Trd, 4318477.493, 131
Trd, 4318478.443, 109
Trd, 4318479.243, 102
Trd, 4318479.293, 128
Trd, 4318479.743, 109
Trd, 4318481.643, 127
Trd, 4318481.693, 99
Trd, 4318483.193, 121
Trd, 4318484.043, 134
Trd, 4318485.243, 126
Trd, 4318486.043, 126
Trd, 4318487.093, 137
Trd, 4318487.293, 108
Trd, 4318488.043, 132
Trd, 4318488.643, 107
Trd, 4318488.693, 104
Trd, 4318489.193, 68
Trd, 4318489.793, 66
Trd, 4318490.243, 69
Trd, 4318490.343, 92
Trd, 4318490.693, 134
Trd, 4318492.693, 139
Trd, 4318493.843, 132
Trd, 4318494.743, 127
Trd, 4318496.243, 126
Trd, 4318496.393, 125
Trd, 4318496.593, 124
Trd, 4318496.693, 110
Trd, 4318497.393, 102
Trd, 4318498.443, 89
Trd, 4318498.793, 129
Trd, 4318499.193, 99
Trd, 4318499.743, 82
Trd, 4318501.793, 92
Trd, 4318501.993, 109
Trd, 4318502.443, 89
Trd, 4318502.693, 72
Trd, 4318503.193, 71
Trd, 4318503.343, 114
Trd, 4318504.043, 103
Trd, 4318504.193, 103
Trd, 4318506.093, 99
Trd, 4318507.893, 61
Trd, 4318508.343, 72
Trd, 4318508.693, 96
Trd, 4318509.243, 131
Trd, 4318510.343, 96
Trd, 4318510.593, 93
Trd, 4318512.743, 138
Trd, 4318513.143, 135
Trd, 4318513.593, 115
Trd, 4318513.743, 107
Trd, 4318513.993, 77
Trd, 4318515.693, 78
Trd, 4318515.793, 91
Trd, 4318515.843, 69
Trd, 4318516.893, 102
Trd, 4318518.393, 72
Trd, 4318518.893, 106
Trd, 4318519.093, 90
Trd, 4318519.493, 74
Trd, 4318521.693, 136
Trd, 4318522.243, 139
Trd, 4318522.343, 133
Trd, 4318525.093, 135
Trd, 4318525.693, 131
Trd, 4318525.743, 127
Trd, 4318527.893, 126
Trd, 4318528.843, 107
Trd, 4318529.393, 135
Trd, 4318529.743, 129
Trd, 4318529.793, 127
Trd, 4318530.143, 115
Trd, 4318531.643, 114
Trd, 4318532.543, 108
Trd, 4318533.043, 99
Trd, 4318533.193, 125
Trd, 4318536.593, 128
Trd, 4318536.643, 117
Trd, 4318536.693, 132
Trd, 4318536.893, 112
Trd, 4318537.393, 107
Trd, 4318537.643, 117
Trd, 4318537.993, 87
Trd, 4318538.193, 140
Trd, 4318539.543, 74
Trd, 4318539.893, 95
Trd, 4318540.043, 66
Trd, 4318542.543, 130
Trd, 4318542.593, 120
Trd, 4318543.093, 115
Trd, 4318543.543, 94
Trd, 4318545.393, 127
Trd, 4318545.693, 106
Trd, 4318545.993, 139
Trd, 4318547.143, 85
Trd, 4318547.943, 93
Trd, 4318548.793, 137
Trd, 4318548.893, 130
Trd, 4318549.743, 95
Trd, 4318551.293, 96
Trd, 4318551.743, 80
Trd, 4318553.093, 70
Trd, 4318553.793, 129
Trd, 4318554.743, 96
Trd, 4318555.043, 90
Trd, 4318555.793, 133
Trd, 4318556.843, 118
Trd, 4318557.093, 140
Trd, 4318558.643, 117
Trd, 4318558.743, 107
Trd, 4318559.193, 100
Trd, 4318559.793, 123
Trd, 4318561.143, 136
Trd, 4318561.493, 121
Trd, 4318561.643, 110
Trd, 4318562.393, 88
Trd, 4318562.643, 116
Trd, 4318563.043, 134
Trd, 4318563.993, 76
Trd, 4318566.343, 125
Trd, 4318566.993, 118
Trd, 4318567.043, 111
Trd, 4318567.143, 89
Trd, 4318568.243, 94
Trd, 4318570.093, 136
Trd, 4318570.943, 122
Trd, 4318571.543, 87
Trd, 4318572.243, 98
Trd, 4318573.743, 137
Trd, 4318574.693, 116
Trd, 4318574.843, 114
Trd, 4318575.643, 109
Trd, 4318576.343, 110
Trd, 4318576.743, 101
Trd, 4318577.343, 127
Trd, 4318577.643, 107
Trd, 4318577.943, 106
Trd, 4318580.043, 105
Trd, 4318580.543, 108
Trd, 4318581.643, 139
Trd, 4318581.843, 117
Trd, 4318582.743, 128
Trd, 4318583.493, 131
Trd, 4318584.193, 138
Trd, 4318585.343, 123
Trd, 4318585.593, 109
Trd, 4318586.093, 86
Trd, 4318586.993, 140
Trd, 4318587.643, 108
Trd, 4318587.743, 103
Trd, 4318589.493, 124
Trd, 4318589.543, 121
Trd, 4318590.293, 124
Trd, 4318591.543, 139
Trd, 4318592.493, 129
Trd, 4318593.493, 117
Trd, 4318593.793, 116
Trd, 4318594.593, 96
Trd, 4318595.193, 84
Trd, 4318595.793, 97
Trd, 4318595.993, 85
Trd, 4318598.493, 63
Trd, 4318598.593, 91
Trd, 4318598.943, 82
Trd, 4318599.693, 123
Trd, 4318600.193, 133
Trd, 4318600.693, 132
Trd, 4318601.193, 124
Trd, 4318602.193, 121
Trd, 4318602.243, 99
Trd, 4318602.393, 95
Trd, 4318602.943, 134
Trd, 4318603.893, 83
Trd, 4318604.043, 100
Trd, 4318604.293, 104
Trd, 4318605.643, 110
Trd, 4318606.043, 101
Trd, 4318606.093, 92
Trd, 4318606.193, 89
Trd, 4318608.843, 102
Trd, 4318609.493, 122
Trd, 4318609.543, 116
Trd, 4318610.043, 127
Trd, 4318610.893, 136
Trd, 4318614.243, 125
Trd, 4318614.343, 121
Trd, 4318614.893, 112
Trd, 4318615.693, 121
Trd, 4318616.643, 129
Trd, 4318616.693, 116
Trd, 4318617.693, 138
Trd, 4318618.143, 127
Trd, 4318618.343, 114
Trd, 4318620.293, 112
Trd, 4318620.993, 102
Trd, 4318621.393, 101
Trd, 4318621.593, 104
Trd, 4318622.493, 137
Trd, 4318622.943, 133
Trd, 4318624.243, 131
Trd, 4318624.393, 129
Trd, 4318627.293, 137
Trd, 4318627.593, 137
Trd, 4318628.043, 126
Trd, 4318628.343, 121
Trd, 4318630.743, 138
Trd, 4318630.943, 108
Trd, 4318632.693, 106
Trd, 4318633.343, 126
Trd, 4318635.043, 131
Trd, 4318635.393, 123
Trd, 4318635.793, 121
Trd, 4318637.043, 135
Trd, 4318637.093, 123
Trd, 4318638.043, 132
Trd, 4318639.443, 118
Trd, 4318639.793, 107
Trd, 4318640.293, 107
Trd, 4318642.093, 119
Trd, 4318642.493, 131
Trd, 4318642.593, 123
Trd, 4318642.993, 108
Trd, 4318644.893, 123
Trd, 4318644.943, 131
Trd, 4318646.093, 118
Trd, 4318648.543, 124
Trd, 4318648.643, 113
Trd, 4318649.493, 131
Trd, 4318649.893, 121
Trd, 4318650.993, 129
Trd, 4318651.543, 113
Trd, 4318652.593, 131
Trd, 4318653.093, 95
Trd, 4318653.543, 112
Trd, 4318654.043, 94
Trd, 4318654.293, 92
Trd, 4318654.843, 135
Trd, 4318654.943, 117
Trd, 4318655.043, 79
Trd, 4318655.643, 90
Trd, 4318656.593, 74
Trd, 4318657.893, 83
Trd, 4318658.643, 105
Trd, 4318659.193, 98
Trd, 4318659.593, 117
Trd, 4318661.543, 91
Trd, 4318662.343, 133
Trd, 4318662.793, 136
Trd, 4318664.193, 112
Trd, 4318664.493, 111
Trd, 4318665.143, 107
Trd, 4318666.693, 121
Trd, 4318667.243, 100
Trd, 4318668.343, 111
Trd, 4318668.393, 131
Trd, 4318668.743, 129
Trd, 4318669.443, 109
Trd, 4318670.693, 99
Trd, 4318672.093, 120
Trd, 4318673.293, 140
Trd, 4318673.443, 136
Trd, 4318673.693, 136
Trd, 4318674.243, 109
Trd, 4318674.793, 98
Trd, 4318675.293, 70
Trd, 4318675.843, 125
Trd, 4318676.593, 128
Trd, 4318678.343, 132
Trd, 4318678.643, 120
Trd, 4318678.943, 116
Trd, 4318679.693, 129
Trd, 4318680.093, 134
Trd, 4318680.193, 117
Trd, 4318681.593, 98
Trd, 4318681.993, 79
Trd, 4318682.843, 83
Trd, 4318684.293, 117
Trd, 4318685.243, 99
Trd, 4318685.593, 109
Trd, 4318685.843, 70
Trd, 4318685.943, 134
Trd, 4318687.293, 136
Trd, 4318687.543, 139
Trd, 4318687.893, 117
Trd, 4318689.093, 106
Trd, 4318690.093, 123
Trd, 4318690.543, 117
Trd, 4318690.793, 94
Trd, 4318692.743, 121
Trd, 4318693.493, 104
Trd, 4318693.943, 129
Trd, 4318696.093, 131
Trd, 4318696.393, 130
Trd, 4318696.443, 129
Trd, 4318697.293, 131
Trd, 4318697.543, 96
Trd, 4318698.243, 94
Trd, 4318698.843, 93
Trd, 4318699.393, 84
Trd, 4318699.843, 103
Trd, 4318700.943, 116
Trd, 4318703.543, 115
Trd, 4318703.843, 125
Trd, 4318704.193, 124
Trd, 4318704.743, 121
Trd, 4318705.093, 110
Trd, 4318706.493, 139
Trd, 4318707.493, 126
Trd, 4318707.543, 123
Trd, 4318707.693, 115
Trd, 4318708.543, 110
Trd, 4318708.743, 103
Trd, 4318708.793, 100
Trd, 4318710.343, 137
Trd, 4318712.493, 125
Trd, 4318712.643, 117
Trd, 4318714.343, 114
Trd, 4318714.693, 110
Trd, 4318714.743, 118
Trd, 4318715.043, 109
Trd, 4318715.243, 97
Trd, 4318716.193, 124
Trd, 4318716.793, 134
Trd, 4318717.993, 83
Trd, 4318718.843, 101
Trd, 4318719.943, 103
Trd, 4318720.393, 91
Trd, 4318720.793, 127
Trd, 4318721.543, 138
Trd, 4318722.793, 94
Trd, 4318723.343, 96
Trd, 4318723.393, 93
Trd, 4318725.243, 60
Trd, 4318725.993, 78
Trd, 4318726.243, 129
Trd, 4318726.343, 130
Trd, 4318726.793, 132
Trd, 4318727.193, 110
Trd, 4318727.443, 99
Trd, 4318728.693, 98
Trd, 4318729.693, 131
Trd, 4318730.393, 105
Trd, 4318732.843, 134
Trd, 4318732.943, 124
Trd, 4318733.093, 123
Trd, 4318733.293, 118
Trd, 4318733.593, 115
Trd, 4318734.943, 130
Trd, 4318736.543, 135
Trd, 4318737.193, 114
Trd, 4318737.543, 102
Trd, 4318738.443, 139
Trd, 4318739.593, 115
Trd, 4318740.343, 128
Trd, 4318741.693, 130
Trd, 4318742.143, 115
Trd, 4318742.493, 111
Trd, 4318742.543, 138
Trd, 4318744.543, 125
Trd, 4318744.643, 103
Trd, 4318745.193, 122
Trd, 4318745.893, 102
Trd, 4318746.843, 120
Trd, 4318747.393, 95
Trd, 4318748.443, 113
Trd, 4318748.543, 113
Trd, 4318748.743, 107
Trd, 4318750.993, 89
Trd, 4318751.093, 81
Trd, 4318751.443, 75
Trd, 4318753.293, 94
Trd, 4318754.893, 105
Trd, 4318755.293, 116
Trd, 4318755.543, 92
Trd, 4318755.943, 88
Trd, 4318756.243, 115
Trd, 4318757.693, 134
Trd, 4318758.243, 112
Trd, 4318758.643, 104
Trd, 4318758.793, 96
Trd, 4318760.693, 128
Trd, 4318760.793, 135
Trd, 4318760.943, 119
Trd, 4318763.143, 112
Trd, 4318763.293, 107
Trd, 4318764.393, 138
Trd, 4318764.493, 125
Trd, 4318764.543, 88
Trd, 4318765.243, 76
Trd, 4318766.093, 78
Trd, 4318767.093, 63
Trd, 4318767.693, 133
Trd, 4318767.743, 128
Trd, 4318768.493, 109
Trd, 4318769.393, 114
Trd, 4318770.043, 102
Trd, 4318770.593, 87
Trd, 4318772.143, 73
Trd, 4318772.843, 123
Trd, 4318773.793, 125
Trd, 4318773.993, 113
Trd, 4318777.193, 135
Trd, 4318777.443, 118
Trd, 4318778.093, 109
Trd, 4318778.493, 104
Trd, 4318779.093, 125
Trd, 4318780.293, 123
Trd, 4318781.693, 133
Trd, 4318781.993, 107
Trd, 4318782.343, 106
Trd, 4318783.243, 102
Trd, 4318783.743, 98
Trd, 4318783.843, 88
Trd, 4318784.293, 129
Trd, 4318785.393, 90
Trd, 4318785.943, 129
Trd, 4318788.393, 134
Trd, 4318789.443, 126
Trd, 4318789.993, 136
Trd, 4318790.443, 115
Trd, 4318790.543, 110
Trd, 4318791.443, 109
Trd, 4318791.543, 136
Trd, 4318792.593, 124
Trd, 4318793.543, 118
Trd, 4318794.443, 114
Trd, 4318795.143, 137
Trd, 4318795.893, 117
Trd, 4318796.193, 125
Trd, 4318797.193, 101
Trd, 4318798.343, 99
Trd, 4318798.543, 98
Trd, 4318799.143, 120
Trd, 4318800.443, 123
Trd, 4318800.943, 138
Trd, 4318801.543, 123
Trd, 4318803.443, 134
Trd, 4318804.443, 140
Trd, 4318804.643, 126
Trd, 4318805.893, 121
Trd, 4318806.343, 113
Trd, 4318806.843, 131
Trd, 4318807.393, 133
Trd, 4318808.443, 117
Trd, 4318808.943, 106
Trd, 4318809.243, 115
Trd, 4318809.593, 122
Trd, 4318809.693, 90
Trd, 4318811.693, 97
Trd, 4318813.893, 139
Trd, 4318814.043, 123
Trd, 4318814.993, 132
Trd, 4318817.643, 135
Trd, 4318818.893, 119
Trd, 4318820.043, 94
Trd, 4318820.443, 92
Trd, 4318821.293, 100
Trd, 4318821.443, 92
Trd, 4318821.993, 111
Trd, 4318822.143, 89
Trd, 4318822.543, 105
Trd, 4318823.093, 125
Trd, 4318824.093, 127
Trd, 4318824.793, 125
Trd, 4318824.843, 111
Trd, 4318824.893, 84
Trd, 4318826.443, 140
Trd, 4318826.893, 132
Trd, 4318828.293, 127
Trd, 4318829.243, 123
Trd, 4318829.293, 118
Trd, 4318829.843, 118
Trd, 4318829.893, 114
Trd, 4318830.043, 126
Trd, 4318831.193, 132
Trd, 4318831.993, 75
Trd, 4318832.593, 96
Trd, 4318832.743, 99
Trd, 4318833.693, 82
Trd, 4318836.493, 63
Trd, 4318837.443, 90
Trd, 4318837.993, 63
Trd, 4318838.143, 77
Trd, 4318838.393, 102
Trd, 4318840.143, 122
Trd, 4318840.593, 102
Trd, 4318841.343, 138
Trd, 4318841.543, 123
Trd, 4318842.293, 135
Trd, 4318842.443, 122
Trd, 4318842.543, 104
Trd, 4318842.643, 94
Trd, 4318844.443, 124
Trd, 4318844.543, 84
Trd, 4318845.493, 127
Trd, 4318846.043, 65
Trd, 4318847.843, 133
Trd, 4318849.343, 122
Trd, 4318849.493, 95
Trd, 4318849.993, 126
Trd, 4318850.543, 104
Trd, 4318850.943, 90
Trd, 4318852.543, 106
Trd, 4318854.243, 128
Trd, 4318855.493, 128
Trd, 4318856.943, 101
Trd, 4318857.143, 96
Trd, 4318857.193, 92
Trd, 4318857.543, 102
Trd, 4318858.393, 124
Trd, 4318859.843, 140
Trd, 4318859.993, 126
Trd, 4318860.393, 126
Trd, 4318860.943, 132
Trd, 4318861.043, 115
Trd, 4318861.943, 139
Trd, 4318862.243, 108
Trd, 4318862.693, 97
Trd, 4318864.343, 103
Trd, 4318864.393, 93
Trd, 4318864.743, 110
Trd, 4318865.943, 117
Trd, 4318865.993, 105
Trd, 4318866.343, 115
Trd, 4318866.543, 105
Trd, 4318868.493, 108
Trd, 4318868.893, 131
Trd, 4318869.543, 117
Trd, 4318869.593, 83
Trd, 4318869.943, 105
Trd, 4318871.043, 120
Trd, 4318871.093, 91
Trd, 4318873.293, 125
Trd, 4318873.693, 82
Trd, 4318874.543, 136
Trd, 4318875.993, 120
Trd, 4318876.193, 124
Trd, 4318876.943, 113
Trd, 4318877.543, 138
Trd, 4318878.193, 139
Trd, 4318878.743, 106
Trd, 4318879.593, 82
Trd, 4318880.043, 122
Trd, 4318881.793, 102
Trd, 4318881.893, 131
Trd, 4318882.743, 117
Trd, 4318883.093, 107
Trd, 4318883.693, 81
Trd, 4318884.293, 104
Trd, 4318885.243, 135
Trd, 4318885.493, 119
Trd, 4318885.893, 129
Trd, 4318886.593, 99
Trd, 4318888.093, 131
Trd, 4318888.243, 113
Trd, 4318888.693, 110
Trd, 4318888.993, 134
Trd, 4318890.193, 129
Trd, 4318890.543, 128
Trd, 4318890.693, 125
Trd, 4318891.043, 95
Trd, 4318892.093, 138
Trd, 4318892.493, 137
Trd, 4318894.943, 129
Trd, 4318895.293, 121
Trd, 4318896.043, 136
Trd, 4318897.193, 136
Trd, 4318897.843, 127
Trd, 4318897.893, 125
Trd, 4318898.743, 130
Trd, 4318898.893, 123
Trd, 4318899.143, 120
Trd, 4318899.443, 113
Trd, 4318900.093, 120
Trd, 4318900.243, 111
Trd, 4318900.693, 107
Trd, 4318901.493, 121
Trd, 4318902.843, 136
Trd, 4318903.493, 125
Trd, 4318903.793, 99
Trd, 4318904.243, 96
Trd, 4318904.293, 97
Trd, 4318905.793, 120
Trd, 4318906.593, 113
Trd, 4318907.743, 101
Trd, 4318908.593, 124
Trd, 4318910.343, 136
Trd, 4318910.493, 135
Trd, 4318911.543, 123
Trd, 4318912.143, 118
Trd, 4318912.793, 111
Trd, 4318913.493, 123
Trd, 4318914.143, 112
Trd, 4318915.793, 132
Trd, 4318916.743, 113
Trd, 4318919.043, 139
Trd, 4318919.593, 131
Trd, 4318919.693, 130
Trd, 4318919.993, 128
Trd, 4318921.193, 137
Trd, 4318922.543, 121
Trd, 4318922.593, 105
Trd, 4318924.793, 97
Trd, 4318925.193, 105
Trd, 4318926.043, 104
Trd, 4318927.793, 133
Trd, 4318927.943, 104
Trd, 4318929.793, 127
Trd, 4318930.193, 123
Trd, 4318930.643, 139
Trd, 4318931.443, 76
Trd, 4318932.293, 139
Trd, 4318932.643, 126
Trd, 4318933.793, 140
Trd, 4318934.343, 131
Trd, 4318935.943, 139
Trd, 4318936.043, 123
Trd, 4318937.893, 123
Trd, 4318938.293, 134
Trd, 4318940.043, 127
Trd, 4318940.593, 120
Trd, 4318941.093, 118
Trd, 4318941.293, 108
Trd, 4318941.443, 106
Trd, 4318941.993, 136
Trd, 4318942.193, 123
Trd, 4318944.093, 103
Trd, 4318944.943, 70
Trd, 4318945.393, 72
Trd, 4318947.693, 102
Trd, 4318948.143, 120
Trd, 4318948.993, 138
Trd, 4318950.243, 111
Trd, 4318950.343, 111
Trd, 4318950.743, 92
Trd, 4318951.243, 126
Trd, 4318952.493, 106
Trd, 4318953.443, 92
Trd, 4318953.493, 86
Trd, 4318954.843, 91
Trd, 4318955.993, 119
Trd, 4318957.193, 95
Trd, 4318958.243, 92
Trd, 4318959.193, 140
Trd, 4318959.743, 110
Trd, 4318960.543, 138
Trd, 4318960.943, 125
Trd, 4318961.893, 116
Trd, 4318962.543, 98
Trd, 4318963.143, 77
Trd, 4318964.043, 126
Trd, 4318964.543, 125
Trd, 4318965.043, 119
Trd, 4318965.443, 134
Trd, 4318965.843, 128
Trd, 4318966.343, 120
Trd, 4318967.143, 124
Trd, 4318968.743, 140
Trd, 4318968.943, 138
Trd, 4318971.193, 105
Trd, 4318971.543, 94
Trd, 4318973.093, 77
Trd, 4318973.493, 127
Trd, 4318973.743, 113
Trd, 4318974.643, 107
Trd, 4318974.793, 90
Trd, 4318975.043, 137
Trd, 4318976.443, 134
Trd, 4318976.743, 136
Trd, 4318980.043, 132
Trd, 4318980.093, 122
Trd, 4318980.443, 106
Trd, 4318981.693, 134
Trd, 4318982.943, 103
Trd, 4318983.493, 84
Trd, 4318984.043, 105
Trd, 4318984.993, 120
Trd, 4318985.643, 133
Trd, 4318985.743, 134
Trd, 4318986.493, 104
Trd, 4318986.543, 129
Trd, 4318987.293, 90
Trd, 4318989.243, 74
Trd, 4318989.293, 82
Trd, 4318990.643, 114
Trd, 4318991.093, 102
Trd, 4318991.793, 94
Trd, 4318992.693, 83
Trd, 4318993.243, 71
Trd, 4318994.043, 106
Trd, 4318994.493, 84
Trd, 4318995.043, 129
Trd, 4318995.343, 113
Trd, 4318996.993, 138
Trd, 4318998.993, 121
Trd, 4318999.443, 131
Trd, 4318999.993, 128
Trd, 4319000.043, 114
Trd, 4319000.543, 104
Trd, 4319000.893, 108
Trd, 4319002.693, 108
Trd, 4319003.143, 116
Trd, 4319003.343, 118
Trd, 4319004.743, 81
Trd, 4319004.843, 111
Trd, 4319005.193, 123
Trd, 4319005.693, 108
Trd, 4319006.293, 85
Trd, 4319007.643, 61
Trd, 4319007.993, 83
Trd, 4319010.043, 77
Trd, 4319010.393, 84
Trd, 4319010.843, 75
Trd, 4319011.093, 90
Trd, 4319013.093, 75
Trd, 4319013.743, 89
Trd, 4319013.843, 82
Trd, 4319014.443, 101
Trd, 4319015.343, 90
Trd, 4319015.993, 104
Trd, 4319016.893, 126
Trd, 4319016.993, 106
Trd, 4319017.993, 140
Trd, 4319018.293, 113
Trd, 4319019.793, 101
Trd, 4319020.143, 115
Trd, 4319020.593, 122
Trd, 4319021.593, 114
Trd, 4319021.893, 104
Trd, 4319022.343, 134
Trd, 4319023.593, 116
Trd, 4319023.693, 100
Trd, 4319023.943, 95
Trd, 4319024.093, 69
Trd, 4319024.993, 131
Trd, 4319026.343, 60
Trd, 4319026.543, 90
Trd, 4319027.143, 128
Trd, 4319028.093, 126
Trd, 4319028.293, 110
Trd, 4319029.443, 123
Trd, 4319030.093, 106
Trd, 4319030.643, 96
Trd, 4319031.543, 137
Trd, 4319032.043, 126
Trd, 4319032.093, 125
Trd, 4319032.143, 119
Trd, 4319032.343, 118
Trd, 4319032.843, 81
Trd, 4319034.443, 77
Trd, 4319036.043, 69
Trd, 4319036.743, 130
Trd, 4319036.893, 93
Trd, 4319037.843, 132
Trd, 4319039.143, 115
Trd, 4319039.493, 113
Trd, 4319040.443, 127
Trd, 4319041.743, 139
Trd, 4319041.843, 137
Trd, 4319042.143, 104
Trd, 4319042.793, 137
Trd, 4319043.493, 125
Trd, 4319044.543, 89
Trd, 4319045.143, 121
Trd, 4319045.193, 97
Trd, 4319046.793, 138
Trd, 4319047.693, 103
Trd, 4319048.093, 139
Trd, 4319048.843, 115
Trd, 4319050.193, 121
Trd, 4319050.643, 109
Trd, 4319050.943, 90
Trd, 4319053.093, 135
Trd, 4319053.843, 122
Trd, 4319054.393, 105
Trd, 4319054.943, 118
Trd, 4319057.243, 104
Trd, 4319057.443, 125
Trd, 4319057.743, 124
Trd, 4319058.093, 121
Trd, 4319058.893, 106
Trd, 4319060.493, 87
Trd, 4319062.193, 101
Trd, 4319062.543, 93
Trd, 4319062.893, 82
Trd, 4319063.093, 80
Trd, 4319063.743, 90
Trd, 4319064.043, 83
Trd, 4319064.743, 78
Trd, 4319065.793, 69
Trd, 4319066.843, 136
Trd, 4319067.343, 117
Trd, 4319067.993, 136
Trd, 4319068.393, 107
Trd, 4319069.743, 134
Trd, 4319070.543, 120
Trd, 4319070.643, 96
Trd, 4319071.343, 123
Trd, 4319072.443, 131
Trd, 4319073.093, 117
Trd, 4319073.193, 115
Trd, 4319073.493, 87
Trd, 4319074.143, 95
Trd, 4319075.493, 140
Trd, 4319075.593, 139
Trd, 4319076.743, 130
Trd, 4319077.293, 110
Trd, 4319077.393, 106
Trd, 4319079.643, 105
Trd, 4319079.793, 118
Trd, 4319080.093, 115
Trd, 4319080.443, 103
Trd, 4319080.693, 103
Trd, 4319081.743, 88
Trd, 4319082.193, 83
Trd, 4319082.543, 71
Trd, 4319083.593, 138
Trd, 4319084.443, 125
Trd, 4319084.843, 93
Trd, 4319084.943, 76
Trd, 4319086.643, 111
Trd, 4319086.893, 91
Trd, 4319087.343, 140
Trd, 4319087.393, 126
Trd, 4319089.593, 140
Trd, 4319089.943, 140
Trd, 4319090.743, 104
Trd, 4319091.993, 137
Trd, 4319092.093, 121
Trd, 4319092.393, 126
Trd, 4319093.143, 111
Trd, 4319094.243, 101
Trd, 4319094.693, 93
Trd, 4319095.443, 62
Trd, 4319095.793, 60
Trd, 4319096.193, 77
Trd, 4319096.943, 69
Trd, 4319097.793, 72
Trd, 4319098.993, 82
Trd, 4319099.043, 106
Trd, 4319099.543, 70
Trd, 4319099.643, 104
Trd, 4319103.693, 134
Trd, 4319105.843, 127
Trd, 4319105.943, 130
Trd, 4319106.143, 126
Trd, 4319106.193, 118
Trd, 4319107.793, 135
Trd, 4319107.843, 119
Trd, 4319108.193, 108
Trd, 4319108.743, 103
Trd, 4319110.143, 79
Trd, 4319110.793, 135
Trd, 4319112.143, 126
Trd, 4319113.693, 138
Trd, 4319114.443, 140
Trd, 4319114.843, 134
Trd, 4319115.093, 131
Trd, 4319115.193, 121
Trd, 4319115.693, 103
Trd, 4319115.843, 132
Trd, 4319117.493, 138
Trd, 4319117.643, 131
Trd, 4319119.843, 129
Trd, 4319119.893, 118
Trd, 4319120.043, 104
Trd, 4319120.443, 81
Trd, 4319120.743, 136
Trd, 4319121.093, 90
Trd, 4319122.293, 120
Trd, 4319123.193, 115
Trd, 4319123.643, 134
Trd, 4319124.943, 117
Trd, 4319126.493, 107
Trd, 4319127.843, 134
Trd, 4319127.893, 122
Trd, 4319128.543, 139
Trd, 4319129.043, 140
Trd, 4319130.693, 107
Trd, 4319130.793, 111
Trd, 4319132.693, 140
Trd, 4319132.843, 139
Trd, 4319133.293, 128
Trd, 4319134.143, 131
Trd, 4319135.593, 115
Trd, 4319135.893, 136
Trd, 4319135.993, 106
Trd, 4319137.093, 98
Trd, 4319137.443, 139
Trd, 4319137.943, 97
Trd, 4319137.993, 87
Trd, 4319138.793, 126
Trd, 4319140.193, 126
Trd, 4319140.543, 130
Trd, 4319140.843, 119
Trd, 4319141.593, 94
Trd, 4319142.293, 93
Trd, 4319142.943, 124
Trd, 4319143.293, 135
Trd, 4319145.043, 99
Trd, 4319145.643, 98
Trd, 4319146.893, 122
Trd, 4319147.243, 104
Trd, 4319148.693, 131
Trd, 4319149.543, 133
Trd, 4319151.693, 104
Trd, 4319152.943, 130
Trd, 4319153.593, 134
Trd, 4319153.743, 128
Trd, 4319153.793, 108
Trd, 4319154.943, 88
Trd, 4319156.743, 121
Trd, 4319158.893, 131
Trd, 4319159.743, 124
Trd, 4319160.443, 124
Trd, 4319160.643, 96
Trd, 4319160.943, 130
Trd, 4319162.243, 138
Trd, 4319162.593, 128
Trd, 4319164.443, 140
Trd, 4319165.043, 127
Trd, 4319165.193, 126
Trd, 4319165.793, 139
Trd, 4319167.093, 140
Trd, 4319167.493, 128
Trd, 4319167.593, 121
Trd, 4319167.793, 116
Trd, 4319168.493, 122
Trd, 4319169.093, 134
Trd, 4319170.193, 75
Trd, 4319170.343, 74
Trd, 4319170.593, 80
Trd, 4319171.593, 71
Trd, 4319172.143, 88
Trd, 4319173.543, 125
Trd, 4319174.443, 129
Trd, 4319174.693, 80
Trd, 4319174.743, 83
Trd, 4319175.943, 82
Trd, 4319177.493, 77
Trd, 4319177.843, 121
Trd, 4319177.893, 71
Trd, 4319178.543, 127
Trd, 4319179.193, 99
Trd, 4319180.193, 99
Trd, 4319180.743, 129
Trd, 4319181.593, 84
Trd, 4319181.943, 80
Trd, 4319183.193, 105
Trd, 4319183.593, 111
Trd, 4319184.193, 124
Trd, 4319184.343, 92
Trd, 4319185.443, 119
Trd, 4319186.593, 71
Trd, 4319186.693, 85
Trd, 4319187.443, 132
Trd, 4319187.893, 109
Trd, 4319188.743, 137
Trd, 4319189.343, 112
Trd, 4319189.593, 135
Trd, 4319190.693, 109
Trd, 4319191.243, 100
Trd, 4319192.793, 140
Trd, 4319192.993, 128
Trd, 4319193.043, 120
Trd, 4319193.493, 130
Trd, 4319197.393, 119
Trd, 4319197.693, 134
Trd, 4319197.793, 108
Trd, 4319198.893, 118
Trd, 4319199.093, 116
Trd, 4319199.693, 84
Trd, 4319201.693, 137
Trd, 4319201.793, 124
Trd, 4319203.343, 135
Trd, 4319203.443, 134
Trd, 4319203.593, 139
Trd, 4319205.443, 137
Trd, 4319205.943, 139
Trd, 4319207.243, 126
Trd, 4319207.543, 107
Trd, 4319207.743, 97
Trd, 4319208.393, 136
Trd, 4319208.743, 115
Trd, 4319208.993, 111
Trd, 4319209.793, 114
Trd, 4319209.893, 110
Trd, 4319210.443, 120
Trd, 4319211.443, 98
Trd, 4319212.143, 129
Trd, 4319212.893, 131
Trd, 4319215.593, 119
Trd, 4319215.693, 127
Trd, 4319216.143, 115
Trd, 4319216.343, 111
Trd, 4319216.443, 110
Trd, 4319218.343, 127
Trd, 4319218.893, 83
Trd, 4319218.993, 107
Trd, 4319220.593, 117
Trd, 4319220.793, 94
Trd, 4319221.643, 139
Trd, 4319221.893, 111
Trd, 4319222.643, 89
Trd, 4319222.843, 114
Trd, 4319222.993, 85
Trd, 4319223.943, 99
Trd, 4319224.243, 92
Trd, 4319224.993, 82
Trd, 4319227.943, 136
Trd, 4319228.843, 132
Trd, 4319229.593, 123
Trd, 4319229.693, 117
Trd, 4319229.993, 107
Trd, 4319230.543, 122
Trd, 4319231.193, 102
Trd, 4319231.693, 77
Trd, 4319233.193, 106
Trd, 4319233.343, 95
Trd, 4319234.043, 92
Trd, 4319234.293, 107
Trd, 4319234.743, 120
Trd, 4319237.193, 122
Trd, 4319237.493, 112
Trd, 4319237.943, 140
Trd, 4319238.643, 116
Trd, 4319239.093, 97
Trd, 4319239.193, 112
Trd, 4319240.943, 125
Trd, 4319241.193, 115
Trd, 4319242.493, 122
Trd, 4319243.443, 124
Trd, 4319243.843, 111
Trd, 4319244.643, 106
Trd, 4319245.343, 117
Trd, 4319245.893, 117
Trd, 4319246.643, 117
Trd, 4319247.143, 137
Trd, 4319248.293, 97
Trd, 4319250.043, 125
Trd, 4319250.143, 119
Trd, 4319250.893, 86
Trd, 4319251.093, 74
Trd, 4319252.193, 62
Trd, 4319252.793, 82
Trd, 4319253.493, 103
Trd, 4319254.243, 120
Trd, 4319255.643, 129
Trd, 4319256.493, 139
Trd, 4319256.743, 124
Trd, 4319256.793, 113
Trd, 4319257.493, 134
Trd, 4319260.693, 138
Trd, 4319261.243, 133
Trd, 4319261.643, 129
Trd, 4319261.793, 119
Trd, 4319261.893, 119
Trd, 4319262.493, 115
Trd, 4319263.693, 88
Trd, 4319263.993, 82
Trd, 4319264.593, 108
Trd, 4319264.843, 76
Trd, 4319266.643, 109
Trd, 4319267.343, 116
Trd, 4319267.793, 115
Trd, 4319267.893, 79
Trd, 4319268.843, 97
Trd, 4319269.293, 111
Trd, 4319269.993, 96
Trd, 4319271.143, 122
Trd, 4319271.993, 118
Trd, 4319272.843, 105
Trd, 4319273.193, 92
Trd, 4319273.493, 87
Trd, 4319274.043, 118
Trd, 4319274.193, 88
Trd, 4319274.493, 75
Trd, 4319276.243, 69
Trd, 4319277.193, 96
Trd, 4319279.393, 106
Trd, 4319279.993, 110
Trd, 4319280.493, 102
Trd, 4319281.493, 97
Trd, 4319281.593, 99
Trd, 4319281.743, 100
Trd, 4319282.593, 127
Trd, 4319283.093, 128
Trd, 4319283.243, 78
Trd, 4319284.243, 109
Trd, 4319284.993, 111
Trd, 4319285.443, 136
Trd, 4319286.043, 107
Trd, 4319286.393, 135
Trd, 4319286.593, 110
Trd, 4319286.993, 97
Trd, 4319287.243, 99
Trd, 4319287.893, 136
Trd, 4319288.943, 118
Trd, 4319290.593, 134
Trd, 4319292.143, 138
Trd, 4319292.343, 121
Trd, 4319292.393, 117
Trd, 4319292.493, 110
Trd, 4319294.893, 140
Trd, 4319295.793, 129
Trd, 4319297.193, 119
Trd, 4319298.093, 122
Trd, 4319298.193, 117
Trd, 4319298.293, 138
Trd, 4319298.493, 115
Trd, 4319298.743, 137
Trd, 4319300.393, 140
Trd, 4319300.843, 128
Trd, 4319301.243, 96
Trd, 4319303.743, 119
Trd, 4319304.643, 108
Trd, 4319305.093, 105
Trd, 4319305.443, 100
Trd, 4319306.793, 139
Trd, 4319307.093, 118
Trd, 4319307.343, 103
Trd, 4319308.193, 106
Trd, 4319308.693, 104
Trd, 4319308.843, 120
Trd, 4319309.393, 127
Trd, 4319309.693, 96
Trd, 4319310.793, 120
Trd, 4319312.793, 123
Trd, 4319312.843, 120
Trd, 4319313.243, 121
Trd, 4319314.093, 129
Trd, 4319315.743, 120
Trd, 4319316.543, 119
Trd, 4319317.393, 93
Trd, 4319318.243, 106
Trd, 4319318.943, 112
Trd, 4319319.693, 117
Trd, 4319320.943, 94
Trd, 4319321.893, 118
Trd, 4319322.593, 97
Trd, 4319323.593, 97
Trd, 4319324.543, 140
Trd, 4319325.243, 126
Trd, 4319325.743, 131
Trd, 4319326.043, 127
Trd, 4319326.543, 120
Trd, 4319327.143, 113
Trd, 4319327.243, 108
Trd, 4319327.893, 125
Trd, 4319328.093, 115
Trd, 4319328.643, 130
Trd, 4319330.243, 139
Trd, 4319331.343, 125
Trd, 4319331.543, 124
Trd, 4319333.293, 83
Trd, 4319335.043, 117
Trd, 4319335.093, 104
Trd, 4319335.843, 125
Trd, 4319336.293, 106
Trd, 4319336.493, 120
Trd, 4319337.493, 125
Trd, 4319337.743, 130
Trd, 4319337.943, 96
Trd, 4319338.643, 133
Trd, 4319339.293, 102
Trd, 4319339.793, 139
Trd, 4319340.443, 115
Trd, 4319342.043, 115
Trd, 4319342.843, 113
Trd, 4319343.543, 132
Trd, 4319344.093, 92
Trd, 4319344.793, 104
Trd, 4319345.443, 90
Trd, 4319345.843, 139
Trd, 4319346.293, 124
Trd, 4319348.443, 137
Trd, 4319348.843, 121
Trd, 4319350.043, 133
Trd, 4319350.893, 118
Trd, 4319351.793, 112
Trd, 4319351.843, 110
Trd, 4319352.293, 113
Trd, 4319352.393, 100
Trd, 4319353.443, 99
Trd, 4319355.193, 113
Trd, 4319355.993, 120
Trd, 4319356.743, 130
Trd, 4319357.043, 114
Trd, 4319357.993, 96
Trd, 4319359.143, 119
Trd, 4319359.743, 119
Trd, 4319360.543, 139
Trd, 4319362.443, 125
Trd, 4319363.693, 131
Trd, 4319363.743, 127
Trd, 4319365.543, 132
Trd, 4319365.593, 123
Trd, 4319366.293, 114
Trd, 4319368.393, 104
Trd, 4319368.493, 94
Trd, 4319369.393, 133
Trd, 4319370.093, 127
Trd, 4319370.843, 79
Trd, 4319372.143, 134
Trd, 4319372.343, 121
Trd, 4319373.993, 113
Trd, 4319374.143, 108
Trd, 4319375.293, 101
Trd, 4319376.893, 78
Trd, 4319376.993, 102
Trd, 4319377.743, 133
Trd, 4319377.993, 124
Trd, 4319379.493, 134
Trd, 4319380.093, 126
Trd, 4319380.143, 120
Trd, 4319380.543, 114
Trd, 4319380.593, 111
Trd, 4319380.893, 130
Trd, 4319383.593, 138
Trd, 4319383.843, 128
Trd, 4319385.293, 140
Trd, 4319386.243, 139
Trd, 4319386.993, 127
Trd, 4319387.643, 128
Trd, 4319388.493, 116
Trd, 4319388.593, 112
Trd, 4319388.893, 119
Trd, 4319388.993, 100
Trd, 4319390.743, 134
Trd, 4319391.093, 120
Trd, 4319391.443, 123
Trd, 4319392.193, 109
Trd, 4319393.243, 80
Trd, 4319393.443, 87
Trd, 4319393.743, 69
Trd, 4319394.393, 69
Trd, 4319396.393, 75
Trd, 4319396.493, 92
Trd, 4319396.543, 114
Trd, 4319398.693, 133
Trd, 4319399.443, 136
Trd, 4319400.643, 98
Trd, 4319400.893, 124
Trd, 4319401.593, 93
Trd, 4319401.743, 114
Trd, 4319401.893, 82
Trd, 4319402.443, 74
Trd, 4319402.543, 95
Trd, 4319403.793, 119
Trd, 4319404.093, 77
Trd, 4319404.493, 113
Trd, 4319405.243, 76
Trd, 4319406.443, 68
Trd, 4319406.593, 80
Trd, 4319407.293, 108
Trd, 4319407.643, 114
Trd, 4319407.743, 109
Trd, 4319408.443, 134
Trd, 4319410.543, 112
Trd, 4319410.843, 128
Trd, 4319413.143, 138
Trd, 4319413.193, 135
Trd, 4319413.793, 125
Trd, 4319413.843, 124
Trd, 4319414.143, 115
Trd, 4319414.593, 114
Trd, 4319415.343, 123
Trd, 4319416.393, 129
Trd, 4319416.643, 126
Trd, 4319416.693, 116
Trd, 4319417.543, 80
Trd, 4319418.793, 95
Trd, 4319419.443, 114
Trd, 4319420.243, 135
Trd, 4319420.693, 129
Trd, 4319421.993, 112
Trd, 4319422.893, 102
Trd, 4319422.943, 124
Trd, 4319423.093, 96
Trd, 4319424.493, 139
Trd, 4319425.743, 126
Trd, 4319426.443, 112
Trd, 4319426.793, 117
Trd, 4319427.693, 85
Trd, 4319427.993, 108
Trd, 4319429.093, 116
Trd, 4319430.843, 109
Trd, 4319430.993, 116
Trd, 4319431.693, 108
Trd, 4319431.743, 107
Trd, 4319432.743, 126
Trd, 4319433.443, 111
Trd, 4319434.743, 136
Trd, 4319435.043, 101
Trd, 4319435.693, 122
Trd, 4319436.343, 115
Trd, 4319436.593, 97
Trd, 4319437.193, 128
Trd, 4319437.393, 108
Trd, 4319438.343, 113
Trd, 4319438.793, 140
Trd, 4319439.693, 124
Trd, 4319440.143, 110
Trd, 4319440.943, 109
Trd, 4319441.343, 107
Trd, 4319441.943, 103
Trd, 4319442.893, 112
Trd, 4319443.843, 95
Trd, 4319444.593, 118
Trd, 4319445.293, 137
Trd, 4319445.393, 125
Trd, 4319445.643, 106
Trd, 4319446.593, 139
Trd, 4319448.793, 136
Trd, 4319451.293, 138
Trd, 4319451.793, 130
Trd, 4319452.343, 140
Trd, 4319452.643, 114
Trd, 4319453.393, 113
Trd, 4319453.943, 134
Trd, 4319454.443, 121
Trd, 4319455.343, 125
Trd, 4319455.393, 89
Trd, 4319455.493, 91
Trd, 4319456.643, 112
Trd, 4319457.943, 129
Trd, 4319457.993, 118
Trd, 4319459.543, 136
Trd, 4319460.043, 140
Trd, 4319460.143, 136
Trd, 4319460.643, 114
Trd, 4319461.693, 116
Trd, 4319462.693, 105
Trd, 4319463.093, 132
Trd, 4319463.993, 124
Trd, 4319464.693, 118
Trd, 4319465.243, 107
Trd, 4319465.593, 88
Trd, 4319466.293, 108
Trd, 4319466.543, 107
Trd, 4319466.743, 133
Trd, 4319468.093, 86
Trd, 4319468.293, 113
Trd, 4319468.343, 114
Trd, 4319469.043, 94
Trd, 4319469.843, 109
Trd, 4319471.043, 116
Trd, 4319471.143, 98
Trd, 4319471.493, 97
Trd, 4319472.793, 115
Trd, 4319473.493, 127
Trd, 4319474.793, 102
Trd, 4319475.543, 108
Trd, 4319476.193, 124
Trd, 4319478.143, 137
Trd, 4319478.193, 72
Trd, 4319480.443, 67
Trd, 4319482.193, 124
Trd, 4319482.393, 114
Trd, 4319482.893, 90
Trd, 4319483.943, 108
Trd, 4319484.143, 137
Trd, 4319484.993, 121
Trd, 4319486.043, 133
Trd, 4319486.793, 130
Trd, 4319487.143, 135
Trd, 4319488.093, 113
Trd, 4319489.193, 130
Trd, 4319489.443, 104
Trd, 4319490.143, 98
Trd, 4319490.843, 83
Trd, 4319491.593, 82
Trd, 4319491.943, 89
Trd, 4319492.443, 93
Trd, 4319493.993, 116
Trd, 4319494.293, 126
Trd, 4319495.293, 89
Trd, 4319495.793, 84
Trd, 4319496.393, 81
Trd, 4319497.693, 116
Trd, 4319498.143, 81
Trd, 4319499.043, 126
Trd, 4319499.893, 137
Trd, 4319501.193, 102
Trd, 4319501.493, 132
Trd, 4319503.993, 134
Trd, 4319504.193, 127
Trd, 4319504.843, 140
Trd, 4319504.893, 123
Trd, 4319504.943, 103
Trd, 4319505.593, 95
Trd, 4319505.793, 103
Trd, 4319506.843, 123
Trd, 4319507.393, 132
Trd, 4319508.343, 73
Trd, 4319509.293, 106
Trd, 4319510.743, 103
Trd, 4319511.493, 127
Trd, 4319512.093, 99
Trd, 4319512.793, 108
Trd, 4319512.993, 115
Trd, 4319514.143, 133
Trd, 4319515.143, 111
Trd, 4319516.193, 130
Trd, 4319516.343, 123
Trd, 4319516.793, 115
Trd, 4319516.893, 88
Trd, 4319517.843, 102
Trd, 4319518.243, 94
Trd, 4319519.893, 134
Trd, 4319520.393, 129
Trd, 4319520.843, 138
Trd, 4319521.143, 120
Trd, 4319523.543, 134
Trd, 4319523.693, 121
Trd, 4319523.743, 118
Trd, 4319524.643, 120
Trd, 4319524.743, 109
Trd, 4319525.543, 114
Trd, 4319525.843, 128
Trd, 4319526.693, 112
Trd, 4319526.893, 130
Trd, 4319526.993, 100
Trd, 4319528.193, 130
Trd, 4319529.793, 135
Trd, 4319530.943, 108
Trd, 4319531.393, 101
Trd, 4319531.693, 98
Trd, 4319531.843, 87
Trd, 4319533.143, 125
Trd, 4319533.593, 96
Trd, 4319534.743, 98
Trd, 4319535.793, 135
Trd, 4319536.143, 91
Trd, 4319536.543, 90
Trd, 4319538.243, 130
Trd, 4319538.893, 94
Trd, 4319539.893, 106
Trd, 4319540.143, 110
Trd, 4319541.243, 114
Trd, 4319541.293, 111
Trd, 4319541.443, 94
Trd, 4319543.393, 137
Trd, 4319543.593, 116
Trd, 4319544.893, 135
Trd, 4319545.193, 85
Trd, 4319545.893, 101
Trd, 4319546.393, 103
Trd, 4319547.293, 82
Trd, 4319547.943, 128
Trd, 4319548.893, 121
Trd, 4319549.943, 98
Trd, 4319550.543, 96
Trd, 4319551.093, 138
Trd, 4319551.643, 124
Trd, 4319551.693, 112
Trd, 4319551.893, 91
Trd, 4319553.793, 123
Trd, 4319553.843, 120
Trd, 4319554.043, 117
Trd, 4319554.343, 102
Trd, 4319555.093, 108
Trd, 4319557.093, 98
Trd, 4319557.443, 95
Trd, 4319559.243, 103
Trd, 4319559.443, 84
Trd, 4319560.043, 90
Trd, 4319560.143, 107
Trd, 4319560.693, 90
Trd, 4319561.093, 78
Trd, 4319561.843, 101
Trd, 4319562.993, 95
Trd, 4319563.293, 102
Trd, 4319564.693, 139
Trd, 4319565.643, 87
Trd, 4319566.393, 88
Trd, 4319567.643, 106
Trd, 4319569.043, 72
Trd, 4319569.743, 83
Trd, 4319570.593, 68
Trd, 4319570.893, 75
Trd, 4319571.093, 67
Trd, 4319571.193, 93
Trd, 4319572.043, 69
Trd, 4319572.143, 105
Trd, 4319572.493, 61
Trd, 4319573.593, 60
Trd, 4319574.593, 99
Trd, 4319575.143, 106
Trd, 4319575.393, 102
Trd, 4319576.893, 133
Trd, 4319577.043, 124
Trd, 4319578.393, 124
Trd, 4319578.643, 131
Trd, 4319579.243, 110
Trd, 4319581.293, 132
Trd, 4319583.093, 119
Trd, 4319583.493, 130
Trd, 4319584.443, 136
Trd, 4319585.493, 127
Trd, 4319586.243, 135
Trd, 4319586.893, 134
Trd, 4319586.943, 128
Trd, 4319587.793, 113
Trd, 4319587.943, 127
Trd, 4319588.243, 112
Trd, 4319590.493, 115
Trd, 4319590.843, 113
Trd, 4319591.643, 122
Trd, 4319591.943, 77
Trd, 4319592.543, 139
Trd, 4319594.793, 114
Trd, 4319594.893, 108
Trd, 4319595.243, 101
Trd, 4319595.543, 130
Trd, 4319595.793, 125
Trd, 4319596.343, 127
Trd, 4319598.043, 95
Trd, 4319598.293, 77
Trd, 4319599.593, 77
Trd, 4319599.693, 132
Trd, 4319600.943, 61
Trd, 4319601.193, 119
Trd, 4319601.793, 113
Trd, 4319603.693, 111
Trd, 4319603.743, 100
Trd, 4319605.393, 105
Trd, 4319605.443, 111
Trd, 4319606.643, 132
Trd, 4319607.193, 121
Trd, 4319607.243, 118
Trd, 4319608.393, 97
Trd, 4319608.743, 111
Trd, 4319608.793, 118
Trd, 4319608.843, 97
Trd, 4319609.693, 84
Trd, 4319611.943, 102
Trd, 4319612.193, 124
Trd, 4319612.293, 95
Trd, 4319612.493, 79
Trd, 4319612.843, 104
Trd, 4319613.543, 74
Trd, 4319614.543, 62
Trd, 4319615.893, 70
Trd, 4319616.543, 72
Trd, 4319616.743, 132
Trd, 4319617.893, 127
Trd, 4319618.443, 108
Trd, 4319619.193, 114
Trd, 4319619.393, 99
Trd, 4319619.893, 131
Trd, 4319620.693, 79
Trd, 4319621.543, 117
Trd, 4319622.193, 110
Trd, 4319622.993, 126
Trd, 4319623.093, 115
Trd, 4319624.093, 140
Trd, 4319624.243, 123
Trd, 4319626.043, 124
Trd, 4319627.343, 121
Trd, 4319628.143, 109
Trd, 4319628.493, 100
Trd, 4319628.743, 112
Trd, 4319629.093, 131
Trd, 4319630.043, 91
Trd, 4319631.043, 107
Trd, 4319631.643, 91
Trd, 4319631.943, 110
Trd, 4319632.143, 114
Trd, 4319632.493, 137
Trd, 4319633.993, 102
Trd, 4319634.593, 119
Trd, 4319635.943, 103
Trd, 4319636.343, 99
Trd, 4319636.543, 98
Trd, 4319637.143, 82
Trd, 4319639.593, 126
Trd, 4319640.193, 111
Trd, 4319641.593, 105
Trd, 4319642.843, 98
Trd, 4319642.893, 125
Trd, 4319643.443, 130
Trd, 4319643.843, 133
Trd, 4319644.993, 131
Trd, 4319645.243, 118
Trd, 4319646.593, 113
Trd, 4319647.193, 137
Trd, 4319648.243, 117
Trd, 4319648.743, 130
Trd, 4319649.493, 136
Trd, 4319649.993, 124
Trd, 4319651.443, 131
Trd, 4319651.493, 113
Trd, 4319652.293, 128
Trd, 4319652.593, 119
Trd, 4319653.143, 96
Trd, 4319654.643, 104
Trd, 4319655.693, 105
Trd, 4319656.543, 118
Trd, 4319656.593, 119
Trd, 4319658.193, 126
Trd, 4319659.093, 91
Trd, 4319659.793, 140
Trd, 4319662.443, 140
Trd, 4319662.893, 123
Trd, 4319662.943, 122
Trd, 4319663.293, 116
Trd, 4319663.693, 116
Trd, 4319663.993, 117
Trd, 4319665.993, 135
Trd, 4319666.743, 111
Trd, 4319666.793, 100
Trd, 4319668.043, 124
Trd, 4319668.143, 135
Trd, 4319668.943, 130
Trd, 4319669.243, 104
Trd, 4319670.693, 68
Trd, 4319671.043, 109
Trd, 4319672.043, 64
Trd, 4319673.893, 104
Trd, 4319674.093, 115
Trd, 4319674.393, 101
Trd, 4319674.593, 100
Trd, 4319675.593, 132
Trd, 4319676.493, 98
Trd, 4319677.043, 104
Trd, 4319677.343, 136
Trd, 4319678.443, 132
Trd, 4319680.093, 130
Trd, 4319680.343, 121
Trd, 4319680.693, 107
Trd, 4319682.043, 109
Trd, 4319683.543, 111
Trd, 4319684.243, 98
Trd, 4319684.493, 98
Trd, 4319685.243, 116
Trd, 4319685.343, 91
Trd, 4319685.543, 101
Trd, 4319687.643, 125
Trd, 4319689.343, 135
Trd, 4319689.943, 92
Trd, 4319690.493, 120
Trd, 4319691.143, 110
Trd, 4319691.543, 108
Trd, 4319691.693, 102
Trd, 4319691.843, 100
Trd, 4319692.643, 90
Trd, 4319693.643, 119
Trd, 4319695.643, 119
Trd, 4319696.643, 126
Trd, 4319696.943, 120
Trd, 4319697.943, 102
Trd, 4319698.743, 98
Trd, 4319699.043, 89
Trd, 4319701.143, 126
Trd, 4319701.743, 117
Trd, 4319702.343, 105
Trd, 4319702.493, 99
Trd, 4319703.793, 93
Trd, 4319705.443, 135
Trd, 4319706.193, 137
Trd, 4319706.543, 124
Trd, 4319708.993, 129
Trd, 4319709.693, 106
Trd, 4319710.493, 123
Trd, 4319710.793, 83
Trd, 4319711.143, 120
Trd, 4319712.343, 73
Trd, 4319713.043, 75
Trd, 4319713.543, 97
Trd, 4319713.693, 116
Trd, 4319715.043, 91
Trd, 4319716.043, 113
Trd, 4319716.793, 138
Trd, 4319716.843, 106
Trd, 4319718.143, 129
Trd, 4319718.743, 97
Trd, 4319718.793, 125
Trd, 4319719.893, 131
Trd, 4319720.343, 134
Trd, 4319720.493, 112
Trd, 4319720.943, 99
Trd, 4319722.843, 133
Trd, 4319723.243, 118
Trd, 4319724.593, 122
Trd, 4319724.993, 110
Trd, 4319725.943, 132
Trd, 4319726.643, 132
Trd, 4319727.143, 129
Trd, 4319727.593, 121
Trd, 4319729.143, 135
Trd, 4319729.493, 109
Trd, 4319729.893, 138
Trd, 4319730.043, 104
Trd, 4319730.743, 140
Trd, 4319730.793, 126
Trd, 4319731.443, 110
Trd, 4319731.693, 99
Trd, 4319732.343, 92
Trd, 4319733.043, 105
Trd, 4319734.443, 95
Trd, 4319736.393, 131
Trd, 4319736.593, 123
Trd, 4319736.893, 114
Trd, 4319737.343, 124
Trd, 4319737.593, 84
Trd, 4319738.893, 128
Trd, 4319740.193, 140
Trd, 4319740.743, 136
Trd, 4319740.793, 124
Trd, 4319741.143, 121
Trd, 4319741.693, 131
Trd, 4319741.943, 116
Trd, 4319743.943, 136
Trd, 4319744.043, 133
Trd, 4319744.093, 123
Trd, 4319744.143, 104
Trd, 4319744.993, 131
Trd, 4319746.243, 101
Trd, 4319746.743, 95
Trd, 4319747.243, 101
Trd, 4319748.243, 87
Trd, 4319749.143, 94
Trd, 4319749.493, 115
Trd, 4319749.743, 133
Trd, 4319751.243, 65
Trd, 4319751.793, 79
Trd, 4319752.143, 86
Trd, 4319752.243, 87
Trd, 4319753.143, 78
Trd, 4319753.643, 77
Trd, 4319753.893, 128
Trd, 4319755.393, 114
Trd, 4319755.943, 111
Trd, 4319756.993, 139
Trd, 4319757.943, 137
Trd, 4319758.743, 114
Trd, 4319758.843, 128
Trd, 4319758.943, 110
Trd, 4319759.243, 92
Trd, 4319760.793, 112
Trd, 4319761.193, 99
Trd, 4319761.243, 117
Trd, 4319762.393, 137
Trd, 4319763.443, 128
Trd, 4319765.043, 139
Trd, 4319765.193, 124
Trd, 4319766.993, 135
Trd, 4319767.143, 123
Trd, 4319767.343, 116
Trd, 4319767.443, 130
Trd, 4319768.493, 115
Trd, 4319769.043, 132
Trd, 4319770.043, 140
Trd, 4319771.343, 84
Trd, 4319772.243, 98
Trd, 4319772.943, 93
Trd, 4319774.343, 108
Trd, 4319775.043, 98
Trd, 4319776.493, 70
Trd, 4319776.693, 130
Trd, 4319777.843, 80
Trd, 4319779.493, 98
Trd, 4319779.543, 83
Trd, 4319779.843, 136
Trd, 4319781.543, 105
Trd, 4319781.743, 128
Trd, 4319782.243, 132
Trd, 4319782.643, 122
Trd, 4319784.743, 99
Trd, 4319785.193, 93
Trd, 4319786.343, 111
Trd, 4319787.043, 117
Trd, 4319787.193, 92
Trd, 4319788.643, 134
Trd, 4319789.343, 138
Trd, 4319790.043, 127
Trd, 4319790.793, 118
Trd, 4319791.093, 132
Trd, 4319792.343, 108
Trd, 4319793.093, 126
Trd, 4319794.193, 113
Trd, 4319794.793, 107
Trd, 4319795.393, 116
Trd, 4319795.543, 102
Trd, 4319797.693, 125
Trd, 4319798.143, 93
Trd, 4319798.693, 122
Trd, 4319799.793, 65
Trd, 4319800.593, 133
Trd, 4319800.893, 124
Trd, 4319801.093, 102
Trd, 4319801.743, 110
Trd, 4319802.443, 117
Trd, 4319802.543, 133
Trd, 4319802.593, 108
Trd, 4319805.393, 101
Trd, 4319805.693, 131
Trd, 4319805.893, 127
Trd, 4319807.343, 94
Trd, 4319807.843, 108
Trd, 4319808.893, 131
Trd, 4319808.943, 119
Trd, 4319809.343, 118
Trd, 4319809.493, 116
Trd, 4319811.493, 116
Trd, 4319811.743, 109
Trd, 4319812.843, 137
Trd, 4319813.193, 125
Trd, 4319813.693, 135
Trd, 4319813.993, 104
Trd, 4319814.843, 139
Trd, 4319815.293, 123
Trd, 4319815.743, 111
Trd, 4319815.793, 107
Trd, 4319816.293, 134
Trd, 4319816.793, 121
Trd, 4319818.143, 128
Trd, 4319818.243, 83
Trd, 4319819.493, 108
Trd, 4319820.243, 132
Trd, 4319820.343, 117
Trd, 4319821.143, 62
Trd, 4319822.093, 63
Trd, 4319822.443, 67
Trd, 4319822.543, 68
Trd, 4319823.093, 126
Trd, 4319823.443, 128
Trd, 4319824.593, 117
Trd, 4319825.493, 109
Trd, 4319826.843, 121
Trd, 4319827.693, 124
Trd, 4319828.143, 129
Trd, 4319828.493, 123
Trd, 4319829.143, 118
Trd, 4319829.493, 106
Trd, 4319830.993, 82
Trd, 4319831.693, 115
Trd, 4319833.193, 133
Trd, 4319833.293, 120
Trd, 4319835.043, 125
Trd, 4319835.493, 114
Trd, 4319835.543, 104
Trd, 4319836.743, 117
Trd, 4319837.193, 110
Trd, 4319837.643, 103
Trd, 4319838.093, 138
Trd, 4319839.543, 91
Trd, 4319839.593, 89
Trd, 4319840.143, 92
Trd, 4319841.193, 108
Trd, 4319841.543, 140
Trd, 4319841.793, 89
Trd, 4319843.293, 137
Trd, 4319843.343, 132
Trd, 4319845.693, 117
Trd, 4319846.293, 111
Trd, 4319846.643, 121
Trd, 4319847.093, 132
Trd, 4319847.643, 108
Trd, 4319848.243, 114
Trd, 4319848.593, 92
Trd, 4319849.993, 130
Trd, 4319851.343, 139
Trd, 4319851.693, 130
Trd, 4319852.093, 121
Trd, 4319852.343, 117
Trd, 4319852.493, 113
Trd, 4319852.743, 111
Trd, 4319853.993, 126
Trd, 4319855.393, 133
Trd, 4319856.943, 135
Trd, 4319857.743, 138
Trd, 4319857.943, 134
Trd, 4319858.543, 105
Trd, 4319859.143, 107
Trd, 4319859.293, 114
Trd, 4319860.943, 93
Trd, 4319861.293, 97
Trd, 4319862.093, 75
Trd, 4319862.993, 114
Trd, 4319863.243, 105
Trd, 4319863.593, 127
Trd, 4319863.843, 122
Trd, 4319866.093, 86
Trd, 4319866.243, 121
Trd, 4319866.293, 79
Trd, 4319866.993, 101
Trd, 4319867.643, 125
Trd, 4319868.443, 83
Trd, 4319868.593, 90
Trd, 4319870.093, 127
Trd, 4319870.793, 137
Trd, 4319871.443, 115
Trd, 4319872.393, 117
Trd, 4319873.193, 90
Trd, 4319873.293, 89
Trd, 4319873.393, 120
Trd, 4319874.143, 74
Trd, 4319874.493, 132
Trd, 4319875.293, 135
Trd, 4319876.093, 121
Trd, 4319876.443, 108
Trd, 4319876.693, 115
Trd, 4319877.343, 136
Trd, 4319878.043, 137
Trd, 4319878.743, 123
Trd, 4319878.993, 116
Trd, 4319880.493, 139
Trd, 4319880.743, 104
Trd, 4319882.193, 138
Trd, 4319883.193, 128
Trd, 4319883.643, 117
Trd, 4319884.043, 113
Trd, 4319885.643, 132
Trd, 4319885.943, 125
Trd, 4319887.143, 124
Trd, 4319887.393, 88
Trd, 4319887.993, 83
Trd, 4319888.143, 68
Trd, 4319888.943, 85
Trd, 4319890.093, 69
Trd, 4319890.543, 122
Trd, 4319891.693, 107
Trd, 4319891.793, 101
Trd, 4319892.493, 103
Trd, 4319894.043, 133
Trd, 4319894.743, 127
Trd, 4319895.993, 117
Trd, 4319896.743, 118
Trd, 4319896.793, 112
Trd, 4319897.093, 98
Trd, 4319897.143, 76
Trd, 4319897.893, 112
Trd, 4319899.243, 122
Trd, 4319899.593, 122
Trd, 4319900.593, 123
Trd, 4319901.743, 99
Trd, 4319902.143, 106
Trd, 4319903.043, 127
Trd, 4319903.693, 120
Trd, 4319904.643, 133
Trd, 4319905.393, 124
Trd, 4319905.793, 108
Trd, 4319906.093, 89
Trd, 4319906.993, 83
Trd, 4319908.443, 107
Trd, 4319909.243, 91
Trd, 4319909.543, 121
Trd, 4319910.393, 119
Trd, 4319911.293, 105
Trd, 4319911.743, 100
Trd, 4319911.943, 97
Trd, 4319913.743, 85
Trd, 4319914.193, 135
Trd, 4319915.543, 84
Trd, 4319915.943, 112
Trd, 4319917.193, 119
Trd, 4319917.493, 113
Trd, 4319918.593, 138
Trd, 4319918.943, 125
Trd, 4319919.493, 114
Trd, 4319920.243, 116
Trd, 4319920.743, 128
Trd, 4319921.493, 104
Trd, 4319921.643, 94
Trd, 4319923.443, 132
Trd, 4319923.893, 129
Trd, 4319923.943, 116
Trd, 4319924.843, 92
Trd, 4319925.193, 112
Trd, 4319925.743, 92
Trd, 4319927.093, 119
Trd, 4319927.593, 131
Trd, 4319927.743, 131
Trd, 4319928.443, 82
Trd, 4319928.893, 80
Trd, 4319929.543, 81
Trd, 4319930.993, 123
Trd, 4319931.543, 138
Trd, 4319932.543, 130
Trd, 4319932.893, 88
Trd, 4319933.343, 134
Trd, 4319934.143, 82
Trd, 4319935.393, 101
Trd, 4319936.193, 106
Trd, 4319936.643, 80
Trd, 4319938.043, 118
Trd, 4319938.693, 63
Trd, 4319939.193, 101
Trd, 4319940.343, 102
Trd, 4319941.343, 139
Trd, 4319942.893, 113
Trd, 4319943.043, 126
Trd, 4319945.093, 109
Trd, 4319945.343, 117
Trd, 4319945.543, 105
Trd, 4319945.993, 114
Trd, 4319946.443, 94
Trd, 4319947.093, 109
Trd, 4319947.393, 92
Trd, 4319947.993, 84
Trd, 4319948.193, 117
Trd, 4319949.043, 87
Trd, 4319949.443, 92
Trd, 4319949.943, 80
Trd, 4319950.093, 74
Trd, 4319950.793, 130
Trd, 4319951.643, 102
Trd, 4319952.893, 96
Trd, 4319953.593, 119
Trd, 4319954.843, 133
Trd, 4319955.193, 127
Trd, 4319956.193, 133
Trd, 4319957.043, 116
Trd, 4319957.143, 93
Trd, 4319958.043, 140
Trd, 4319958.293, 101
Trd, 4319959.193, 124
Trd, 4319961.843, 95
Trd, 4319963.343, 118
Trd, 4319963.643, 127
Trd, 4319963.993, 108
Trd, 4319964.143, 97
Trd, 4319964.943, 106
Trd, 4319964.993, 92
Trd, 4319965.893, 91
Trd, 4319966.143, 86
Trd, 4319966.743, 82
Trd, 4319967.143, 124
Trd, 4319968.193, 112
Trd, 4319969.193, 125
Trd, 4319969.893, 136
Trd, 4319971.343, 137
Trd, 4319971.393, 133
Trd, 4319971.493, 102
Trd, 4319972.543, 104
Trd, 4319972.893, 99
Trd, 4319973.693, 113
Trd, 4319974.293, 105
Trd, 4319974.743, 109
Trd, 4319975.293, 82
Trd, 4319975.393, 100
Trd, 4319975.743, 115
Trd, 4319976.143, 103
Trd, 4319977.843, 87
Trd, 4319978.043, 78
Trd, 4319979.343, 129
Trd, 4319979.993, 97
Trd, 4319981.193, 133
Trd, 4319983.643, 140
Trd, 4319984.443, 140
Trd, 4319984.743, 136
Trd, 4319984.893, 127
Trd, 4319985.143, 88
Trd, 4319985.243, 86
Trd, 4319985.893, 110
Trd, 4319986.543, 129
Trd, 4319987.693, 65
Trd, 4319987.743, 91
Trd, 4319988.293, 83
Trd, 4319990.293, 140
Trd, 4319990.343, 127
Trd, 4319990.543, 130
Trd, 4319990.693, 126
Trd, 4319990.943, 124
Trd, 4319991.943, 135
Trd, 4319993.843, 118
Trd, 4319994.593, 124
Trd, 4319995.143, 111
Trd, 4319995.343, 123
Trd, 4319995.493, 106
Trd, 4319996.193, 83
Trd, 4319996.543, 116
Trd, 4319997.843, 73
Trd, 4319998.393, 96
Trd, 4319999.643, 94
Trd, 4319999.743, 87
