Trd, 4318111.393, 139
Trd, 4318115.743, 63
Trd, 4318115.893, 64
Trd, 4318116.243, 66
Trd, 4318116.393, 65
Trd, 4318116.893, 66
Trd, 4318117.643, 72
Trd, 4318117.793, 64
Trd, 4318118.243, 64
Trd, 4318119.143, 67
Trd, 4318119.343, 66
Trd, 4318119.943, 66
Trd, 4318120.543, 60
Trd, 4318121.093, 136
Trd, 4318121.493, 139
Trd, 4318123.343, 67
Trd, 4318123.743, 64
Trd, 4318123.793, 81
Trd, 4318124.243, 95
Trd, 4318124.593, 95
Trd, 4318125.393, 95
Trd, 4318125.693, 94
Trd, 4318126.343, 139
Trd, 4318126.943, 65
Trd, 4318127.593, 136
Trd, 4318129.143, 139
Trd, 4318129.693, 140
Trd, 4318130.143, 140
Trd, 4318130.493, 140
Trd, 4318131.393, 139
Trd, 4318131.493, 131
Trd, 4318132.693, 98
Trd, 4318132.743, 97
Trd, 4318133.443, 104
Trd, 4318133.993, 103
Trd, 4318134.443, 102
Trd, 4318135.393, 140
Trd, 4318135.643, 135
Trd, 4318137.743, 63
Trd, 4318139.943, 61
Trd, 4318140.693, 62
Trd, 4318141.043, 66
Trd, 4318142.093, 60
Trd, 4318144.343, 60
Trd, 4318144.543, 60
Trd, 4318145.243, 60
Trd, 4318145.793, 60
Trd, 4318145.943, 61
Trd, 4318146.843, 76
Trd, 4318147.443, 65
Trd, 4318147.893, 139
Trd, 4318148.843, 67
Trd, 4318149.143, 74
Trd, 4318149.193, 66
Trd, 4318149.693, 65
Trd, 4318149.993, 64
Trd, 4318151.443, 61
Trd, 4318153.093, 60
Trd, 4318154.043, 60
Trd, 4318155.543, 62
Trd, 4318155.943, 63
Trd, 4318156.443, 62
Trd, 4318157.043, 140
Trd, 4318157.393, 140
Trd, 4318158.243, 140
Trd, 4318158.493, 135
Trd, 4318159.793, 140
Trd, 4318160.543, 139
Trd, 4318160.643, 138
Trd, 4318160.793, 138
Trd, 4318160.843, 101
Trd, 4318161.143, 68
Trd, 4318162.493, 78
Trd, 4318164.043, 62
Trd, 4318166.343, 60
Trd, 4318166.593, 60
Trd, 4318166.643, 62
Trd, 4318166.943, 60
Trd, 4318167.543, 62
Trd, 4318168.793, 61
Trd, 4318169.493, 60
Trd, 4318169.893, 62
Trd, 4318171.343, 139
Trd, 4318172.543, 79
Trd, 4318173.393, 80
Trd, 4318173.693, 79
Trd, 4318174.543, 140
Trd, 4318174.743, 140
Trd, 4318174.893, 139
Trd, 4318175.593, 136
Trd, 4318176.193, 127
Trd, 4318177.243, 68
Trd, 4318177.793, 68
Trd, 4318178.043, 138
Trd, 4318178.943, 64
Trd, 4318179.143, 66
Trd, 4318181.843, 60
Trd, 4318182.093, 62
Trd, 4318182.343, 71
Trd, 4318182.593, 62
Trd, 4318182.893, 61
Trd, 4318184.843, 115
Trd, 4318184.993, 115
Trd, 4318185.143, 114
Trd, 4318185.493, 112
Trd, 4318185.793, 110
Trd, 4318186.443, 110
Trd, 4318187.893, 66
Trd, 4318190.093, 60
Trd, 4318190.593, 60
Trd, 4318190.643, 61
Trd, 4318191.093, 62
Trd, 4318191.493, 63
Trd, 4318191.843, 66
Trd, 4318191.993, 62
Trd, 4318194.943, 60
Trd, 4318197.093, 61
Trd, 4318198.943, 61
Trd, 4318199.093, 61
Trd, 4318199.543, 60
Trd, 4318199.943, 61
Trd, 4318200.393, 60
Trd, 4318200.693, 60
Trd, 4318201.243, 63
Trd, 4318201.693, 64
Trd, 4318201.843, 65
Trd, 4318202.293, 65
Trd, 4318202.843, 63
Trd, 4318207.793, 61
Trd, 4318208.093, 60
Trd, 4318208.693, 62
Trd, 4318208.943, 60
Trd, 4318209.393, 63
Trd, 4318209.443, 62
Trd, 4318210.643, 67
Trd, 4318210.893, 65
Trd, 4318211.293, 68
Trd, 4318211.493, 73
Trd, 4318212.393, 63
Trd, 4318214.743, 60
Trd, 4318215.693, 60
Trd, 4318216.643, 60
Trd, 4318217.043, 62
Trd, 4318217.193, 62
Trd, 4318217.643, 63
Trd, 4318217.843, 62
Trd, 4318218.243, 62
Trd, 4318219.093, 140
Trd, 4318219.543, 139
Trd, 4318219.943, 62
Trd, 4318220.793, 60
Trd, 4318223.593, 63
Trd, 4318224.193, 60
Trd, 4318225.593, 64
Trd, 4318225.793, 67
Trd, 4318225.943, 63
Trd, 4318226.143, 63
Trd, 4318226.493, 66
Trd, 4318227.543, 66
Trd, 4318228.093, 65
Trd, 4318229.093, 63
Trd, 4318231.593, 60
Trd, 4318232.893, 62
Trd, 4318232.993, 65
Trd, 4318233.093, 61
Trd, 4318234.193, 61
Trd, 4318234.843, 62
Trd, 4318235.843, 62
Trd, 4318235.943, 63
Trd, 4318236.243, 61
Trd, 4318236.793, 62
Trd, 4318237.493, 61
Trd, 4318238.793, 139
Trd, 4318239.193, 140
Trd, 4318239.343, 62
Trd, 4318240.243, 65
Trd, 4318241.193, 63
Trd, 4318241.393, 61
Trd, 4318242.393, 61
Trd, 4318243.793, 60
Trd, 4318244.093, 60
Trd, 4318249.193, 61
Trd, 4318249.543, 61
Trd, 4318250.193, 60
Trd, 4318250.293, 62
Trd, 4318251.193, 62
Trd, 4318251.393, 62
Trd, 4318251.643, 64
Trd, 4318252.543, 68
Trd, 4318252.793, 67
Trd, 4318254.143, 140
Trd, 4318254.693, 140
Trd, 4318255.343, 140
Trd, 4318255.443, 139
Trd, 4318255.493, 131
Trd, 4318257.943, 60
Trd, 4318258.093, 61
Trd, 4318258.993, 61
Trd, 4318261.243, 61
Trd, 4318262.593, 63
Trd, 4318262.693, 63
Trd, 4318263.193, 64
Trd, 4318263.743, 62
Trd, 4318264.443, 63
Trd, 4318264.593, 64
Trd, 4318264.693, 62
Trd, 4318265.343, 62
Trd, 4318267.893, 61
Trd, 4318268.043, 65
Trd, 4318269.543, 63
Trd, 4318271.543, 62
Trd, 4318271.793, 61
Trd, 4318272.193, 63
Trd, 4318272.443, 64
Trd, 4318272.493, 60
Trd, 4318273.993, 63
Trd, 4318274.343, 62
Trd, 4318274.593, 65
Trd, 4318274.793, 60
Trd, 4318275.443, 64
Trd, 4318276.743, 60
Trd, 4318277.493, 60
Trd, 4318278.693, 62
Trd, 4318279.043, 63
Trd, 4318279.143, 63
Trd, 4318279.193, 62
Trd, 4318279.743, 69
Trd, 4318281.743, 60
Trd, 4318281.893, 61
Trd, 4318282.693, 65
Trd, 4318282.893, 73
Trd, 4318285.143, 60
Trd, 4318287.093, 60
Trd, 4318287.593, 62
Trd, 4318288.443, 63
Trd, 4318288.893, 63
Trd, 4318288.943, 64
Trd, 4318290.343, 62
Trd, 4318290.393, 61
Trd, 4318290.693, 64
Trd, 4318291.593, 62
Trd, 4318292.643, 62
Trd, 4318296.243, 61
Trd, 4318296.543, 62
Trd, 4318297.193, 61
Trd, 4318297.543, 60
Trd, 4318297.843, 60
Trd, 4318298.293, 62
Trd, 4318298.743, 61
Trd, 4318298.843, 62
Trd, 4318299.493, 61
Trd, 4318300.293, 62
Trd, 4318300.793, 66
Trd, 4318303.343, 60
Trd, 4318305.243, 60
Trd, 4318305.893, 61
Trd, 4318305.993, 61
Trd, 4318306.693, 85
Trd, 4318307.693, 73
Trd, 4318307.993, 140
Trd, 4318308.293, 140
Trd, 4318308.543, 140
Trd, 4318309.493, 140
Trd, 4318309.943, 139
Trd, 4318310.443, 140
Trd, 4318311.193, 132
Trd, 4318312.043, 134
Trd, 4318312.143, 131
Trd, 4318312.893, 111
Trd, 4318313.193, 110
Trd, 4318313.593, 62
Trd, 4318313.743, 61
Trd, 4318315.843, 60
Trd, 4318318.893, 60
Trd, 4318319.043, 60
Trd, 4318319.693, 62
Trd, 4318319.843, 62
Trd, 4318319.893, 62
Trd, 4318321.343, 62
Trd, 4318321.493, 62
Trd, 4318321.893, 60
Trd, 4318322.993, 60
Trd, 4318323.093, 65
Trd, 4318324.493, 67
Trd, 4318325.593, 63
Trd, 4318326.393, 60
Trd, 4318328.543, 60
Trd, 4318329.143, 60
Trd, 4318329.593, 62
Trd, 4318329.893, 63
Trd, 4318330.443, 63
Trd, 4318330.543, 62
Trd, 4318330.693, 64
Trd, 4318331.743, 140
Trd, 4318332.193, 140
Trd, 4318332.593, 140
Trd, 4318334.643, 60
Trd, 4318336.093, 61
Trd, 4318338.393, 60
Trd, 4318339.643, 60
Trd, 4318339.943, 61
Trd, 4318339.993, 61
Trd, 4318340.043, 60
Trd, 4318340.243, 62
Trd, 4318340.693, 61
Trd, 4318340.793, 73
Trd, 4318340.943, 64
Trd, 4318341.443, 61
Trd, 4318342.143, 61
Trd, 4318343.043, 62
Trd, 4318343.243, 61
Trd, 4318343.643, 107
Trd, 4318343.943, 65
Trd, 4318345.043, 67
Trd, 4318345.293, 64
Trd, 4318347.943, 60
Trd, 4318348.443, 61
Trd, 4318351.643, 61
Trd, 4318352.093, 61
Trd, 4318352.543, 62
Trd, 4318352.993, 60
Trd, 4318353.243, 60
Trd, 4318354.193, 61
Trd, 4318354.593, 60
Trd, 4318354.993, 62
Trd, 4318355.593, 60
Trd, 4318356.043, 68
Trd, 4318356.693, 67
Trd, 4318356.893, 66
Trd, 4318357.093, 67
Trd, 4318360.593, 62
Trd, 4318360.743, 61
Trd, 4318364.093, 61
Trd, 4318364.193, 60
Trd, 4318364.443, 66
Trd, 4318364.693, 64
Trd, 4318365.043, 62
Trd, 4318365.343, 65
Trd, 4318366.193, 65
Trd, 4318366.893, 61
Trd, 4318367.643, 63
Trd, 4318368.743, 66
Trd, 4318370.093, 76
Trd, 4318370.493, 75
Trd, 4318371.543, 81
Trd, 4318371.993, 134
Trd, 4318372.443, 138
Trd, 4318372.543, 137
Trd, 4318372.843, 134
Trd, 4318373.393, 132
Trd, 4318373.593, 124
Trd, 4318374.943, 140
Trd, 4318375.093, 137
Trd, 4318375.743, 136
Trd, 4318378.343, 60
Trd, 4318378.843, 61
Trd, 4318379.343, 61
Trd, 4318382.293, 60
Trd, 4318382.493, 63
Trd, 4318382.543, 64
Trd, 4318383.143, 65
Trd, 4318383.343, 66
Trd, 4318383.443, 64
Trd, 4318383.793, 62
Trd, 4318384.443, 60
Trd, 4318385.343, 62
Trd, 4318387.243, 60
Trd, 4318388.693, 60
Trd, 4318389.843, 63
Trd, 4318391.493, 60
Trd, 4318391.743, 64
Trd, 4318391.843, 65
Trd, 4318391.993, 63
Trd, 4318392.943, 61
Trd, 4318393.393, 63
Trd, 4318393.793, 62
Trd, 4318393.993, 61
Trd, 4318394.393, 61
Trd, 4318398.093, 60
Trd, 4318398.893, 61
Trd, 4318399.393, 60
Trd, 4318399.443, 61
Trd, 4318400.693, 61
Trd, 4318401.043, 63
Trd, 4318402.093, 62
Trd, 4318402.193, 66
Trd, 4318402.293, 64
Trd, 4318402.843, 62
Trd, 4318403.093, 62
Trd, 4318404.843, 65
Trd, 4318405.593, 66
Trd, 4318405.793, 67
Trd, 4318406.293, 68
Trd, 4318406.843, 70
Trd, 4318407.243, 70
Trd, 4318407.343, 69
Trd, 4318407.393, 68
Trd, 4318408.393, 61
Trd, 4318409.793, 65
Trd, 4318410.093, 68
Trd, 4318413.893, 60
Trd, 4318414.193, 62
Trd, 4318414.493, 60
Trd, 4318415.593, 60
Trd, 4318415.893, 60
Trd, 4318416.793, 60
Trd, 4318416.843, 60
Trd, 4318417.193, 67
Trd, 4318417.643, 62
Trd, 4318418.093, 69
Trd, 4318418.193, 61
Trd, 4318420.793, 60
Trd, 4318421.593, 61
Trd, 4318424.443, 60
Trd, 4318424.993, 67
Trd, 4318425.043, 66
Trd, 4318425.243, 62
Trd, 4318425.593, 67
Trd, 4318425.843, 66
Trd, 4318426.593, 61
Trd, 4318426.743, 63
Trd, 4318427.643, 67
Trd, 4318428.143, 65
Trd, 4318428.643, 102
Trd, 4318429.293, 60
Trd, 4318431.993, 61
Trd, 4318434.443, 61
Trd, 4318435.393, 60
Trd, 4318436.143, 60
Trd, 4318436.293, 60
Trd, 4318436.443, 61
Trd, 4318436.593, 62
Trd, 4318436.693, 60
Trd, 4318437.243, 66
Trd, 4318437.293, 68
Trd, 4318438.043, 63
Trd, 4318439.943, 61
Trd, 4318440.243, 64
Trd, 4318442.443, 62
Trd, 4318444.543, 60
Trd, 4318445.293, 62
Trd, 4318445.443, 61
Trd, 4318445.793, 62
Trd, 4318446.243, 64
Trd, 4318446.393, 65
Trd, 4318446.593, 62
Trd, 4318447.043, 131
Trd, 4318448.643, 77
Trd, 4318449.043, 82
Trd, 4318450.143, 84
Trd, 4318450.193, 82
Trd, 4318450.393, 80
Trd, 4318451.793, 63
Trd, 4318454.293, 60
Trd, 4318454.743, 60
Trd, 4318455.093, 62
Trd, 4318455.743, 61
Trd, 4318456.193, 63
Trd, 4318456.393, 65
Trd, 4318457.143, 60
Trd, 4318459.893, 60
Trd, 4318461.943, 61
Trd, 4318462.493, 60
Trd, 4318462.893, 60
Trd, 4318463.693, 60
Trd, 4318464.043, 61
Trd, 4318464.193, 60
Trd, 4318464.393, 62
Trd, 4318465.693, 61
Trd, 4318466.143, 64
Trd, 4318466.193, 63
Trd, 4318466.743, 63
Trd, 4318466.843, 61
Trd, 4318468.493, 61
Trd, 4318470.093, 60
Trd, 4318470.243, 60
Trd, 4318472.693, 60
Trd, 4318475.593, 61
Trd, 4318476.143, 62
Trd, 4318476.593, 63
Trd, 4318476.793, 61
Trd, 4318477.243, 61
Trd, 4318478.293, 62
Trd, 4318478.543, 62
Trd, 4318479.093, 69
Trd, 4318479.243, 72
Trd, 4318479.643, 63
Trd, 4318483.193, 60
Trd, 4318483.293, 60
Trd, 4318484.343, 61
Trd, 4318485.343, 63
Trd, 4318485.593, 63
Trd, 4318485.643, 62
Trd, 4318485.943, 63
Trd, 4318485.993, 68
Trd, 4318486.843, 63
Trd, 4318487.593, 139
Trd, 4318488.993, 60
Trd, 4318491.693, 60
Trd, 4318492.093, 65
Trd, 4318492.193, 66
Trd, 4318494.343, 61
Trd, 4318494.793, 61
Trd, 4318494.993, 64
Trd, 4318495.193, 65
Trd, 4318495.593, 70
Trd, 4318495.693, 69
Trd, 4318496.143, 66
Trd, 4318496.193, 65
Trd, 4318496.893, 73
Trd, 4318496.943, 72
Trd, 4318498.093, 83
Trd, 4318498.543, 86
Trd, 4318498.893, 85
Trd, 4318499.643, 139
Trd, 4318500.443, 64
Trd, 4318500.793, 139
Trd, 4318502.093, 60
Trd, 4318502.393, 61
Trd, 4318503.193, 61
Trd, 4318505.393, 61
Trd, 4318506.293, 60
Trd, 4318507.593, 61
Trd, 4318507.793, 62
Trd, 4318507.993, 62
Trd, 4318508.443, 62
Trd, 4318509.843, 60
Trd, 4318513.093, 60
Trd, 4318513.793, 60
Trd, 4318513.893, 60
Trd, 4318514.043, 61
Trd, 4318515.393, 60
Trd, 4318515.643, 63
Trd, 4318515.893, 67
Trd, 4318516.793, 66
Trd, 4318517.243, 76
Trd, 4318518.093, 77
Trd, 4318518.393, 76
Trd, 4318518.743, 66
Trd, 4318519.943, 68
Trd, 4318521.293, 63
Trd, 4318521.643, 64
Trd, 4318521.993, 140
Trd, 4318522.043, 139
Trd, 4318523.493, 63
Trd, 4318524.643, 69
Trd, 4318525.093, 68
Trd, 4318525.293, 77
Trd, 4318526.143, 75
Trd, 4318526.543, 111
Trd, 4318527.643, 85
Trd, 4318527.843, 84
Trd, 4318529.293, 66
Trd, 4318532.293, 60
Trd, 4318532.943, 60
Trd, 4318533.093, 61
Trd, 4318533.243, 61
Trd, 4318533.893, 65
Trd, 4318534.043, 64
Trd, 4318534.943, 65
Trd, 4318535.043, 66
Trd, 4318535.243, 64
Trd, 4318536.043, 64
Trd, 4318536.443, 90
Trd, 4318538.193, 64
Trd, 4318539.893, 74
Trd, 4318540.943, 62
Trd, 4318541.143, 63
Trd, 4318541.743, 63
Trd, 4318541.793, 62
Trd, 4318541.843, 61
Trd, 4318542.093, 62
Trd, 4318542.493, 140
Trd, 4318543.643, 140
Trd, 4318544.093, 140
Trd, 4318545.143, 140
Trd, 4318545.493, 140
Trd, 4318546.343, 92
Trd, 4318546.543, 89
Trd, 4318546.993, 137
Trd, 4318548.343, 92
Trd, 4318550.443, 140
Trd, 4318550.643, 139
Trd, 4318551.243, 140
Trd, 4318551.343, 138
Trd, 4318551.393, 135
Trd, 4318552.493, 73
Trd, 4318553.193, 71
Trd, 4318556.193, 63
Trd, 4318556.543, 66
Trd, 4318557.643, 60
Trd, 4318558.193, 62
Trd, 4318558.443, 61
Trd, 4318559.093, 140
Trd, 4318560.243, 139
Trd, 4318560.493, 138
Trd, 4318560.993, 140
Trd, 4318561.643, 139
Trd, 4318561.843, 139
Trd, 4318562.143, 138
Trd, 4318563.343, 140
Trd, 4318563.943, 139
Trd, 4318564.243, 135
Trd, 4318564.743, 66
Trd, 4318566.743, 60
Trd, 4318567.443, 60
Trd, 4318568.293, 61
Trd, 4318571.093, 60
Trd, 4318571.293, 61
Trd, 4318571.393, 62
Trd, 4318571.443, 63
Trd, 4318572.043, 65
Trd, 4318572.193, 69
Trd, 4318572.843, 65
Trd, 4318573.093, 64
Trd, 4318573.493, 64
Trd, 4318574.093, 67
Trd, 4318575.893, 60
Trd, 4318578.693, 60
Trd, 4318578.943, 60
Trd, 4318579.443, 61
Trd, 4318581.193, 61
Trd, 4318581.743, 61
Trd, 4318582.793, 61
Trd, 4318583.043, 60
Trd, 4318583.743, 66
Trd, 4318584.493, 67
Trd, 4318585.843, 67
Trd, 4318586.843, 125
Trd, 4318587.143, 136
Trd, 4318587.193, 125
Trd, 4318587.243, 124
Trd, 4318587.543, 123
Trd, 4318587.743, 120
Trd, 4318588.443, 140
Trd, 4318588.943, 60
Trd, 4318590.093, 60
Trd, 4318593.643, 61
Trd, 4318595.393, 60
Trd, 4318595.793, 61
Trd, 4318595.843, 62
Trd, 4318596.143, 60
Trd, 4318597.243, 61
Trd, 4318597.343, 139
Trd, 4318598.393, 64
Trd, 4318599.543, 64
Trd, 4318599.943, 64
Trd, 4318600.543, 66
Trd, 4318600.893, 67
Trd, 4318601.343, 67
Trd, 4318601.443, 64
Trd, 4318603.143, 140
Trd, 4318603.543, 140
Trd, 4318604.043, 140
Trd, 4318604.243, 72
Trd, 4318604.393, 71
Trd, 4318605.193, 94
Trd, 4318608.443, 62
Trd, 4318608.493, 63
Trd, 4318610.143, 60
Trd, 4318612.693, 60
Trd, 4318613.243, 61
Trd, 4318613.793, 61
Trd, 4318613.843, 61
Trd, 4318613.893, 63
Trd, 4318614.693, 61
Trd, 4318615.093, 63
Trd, 4318615.293, 62
Trd, 4318617.043, 140
Trd, 4318617.143, 140
Trd, 4318617.593, 140
Trd, 4318617.843, 140
Trd, 4318620.743, 140
Trd, 4318622.393, 140
Trd, 4318622.493, 140
Trd, 4318622.793, 139
Trd, 4318623.193, 139
Trd, 4318623.293, 138
Trd, 4318623.343, 135
Trd, 4318623.443, 118
Trd, 4318624.193, 140
Trd, 4318624.243, 139
Trd, 4318628.243, 60
Trd, 4318628.543, 60
Trd, 4318628.843, 64
Trd, 4318628.993, 63
Trd, 4318629.643, 62
Trd, 4318632.143, 62
Trd, 4318633.793, 60
Trd, 4318634.343, 60
Trd, 4318634.643, 61
Trd, 4318635.193, 63
Trd, 4318635.443, 63
Trd, 4318635.493, 61
Trd, 4318635.743, 62
Trd, 4318636.543, 60
Trd, 4318638.493, 61
Trd, 4318638.993, 61
Trd, 4318639.143, 77
Trd, 4318640.043, 62
Trd, 4318642.943, 64
Trd, 4318643.093, 62
Trd, 4318643.693, 62
Trd, 4318643.843, 61
Trd, 4318644.343, 64
Trd, 4318644.643, 140
Trd, 4318644.693, 64
Trd, 4318646.243, 61
Trd, 4318648.793, 64
Trd, 4318649.443, 63
Trd, 4318649.643, 60
Trd, 4318652.293, 60
Trd, 4318653.093, 61
Trd, 4318653.293, 61
Trd, 4318653.643, 61
Trd, 4318654.393, 65
Trd, 4318654.493, 64
Trd, 4318654.643, 61
Trd, 4318655.193, 61
Trd, 4318655.893, 61
Trd, 4318656.343, 64
Trd, 4318656.593, 65
Trd, 4318656.893, 62
Trd, 4318657.793, 65
Trd, 4318659.193, 66
Trd, 4318659.693, 140
Trd, 4318659.793, 68
Trd, 4318660.643, 140
Trd, 4318661.093, 140
Trd, 4318661.243, 140
Trd, 4318663.243, 140
Trd, 4318663.593, 140
Trd, 4318664.293, 140
Trd, 4318664.843, 140
Trd, 4318664.893, 140
Trd, 4318665.043, 136
Trd, 4318666.143, 139
Trd, 4318666.693, 138
Trd, 4318667.293, 138
Trd, 4318667.393, 135
Trd, 4318667.493, 135
Trd, 4318668.493, 140
Trd, 4318670.343, 61
Trd, 4318670.743, 61
Trd, 4318673.093, 60
Trd, 4318673.293, 60
Trd, 4318673.493, 60
Trd, 4318674.143, 60
Trd, 4318674.593, 62
Trd, 4318674.993, 61
Trd, 4318675.343, 104
Trd, 4318678.043, 60
Trd, 4318680.293, 62
Trd, 4318680.393, 63
Trd, 4318680.643, 62
Trd, 4318680.743, 61
Trd, 4318680.893, 64
Trd, 4318681.093, 65
Trd, 4318682.093, 69
Trd, 4318682.743, 108
Trd, 4318683.243, 74
Trd, 4318683.893, 73
Trd, 4318684.193, 139
Trd, 4318684.293, 65
Trd, 4318684.343, 64
Trd, 4318684.993, 61
Trd, 4318686.443, 64
Trd, 4318688.593, 62
Trd, 4318690.393, 60
Trd, 4318691.993, 61
Trd, 4318692.243, 61
Trd, 4318692.793, 62
Trd, 4318693.193, 63
Trd, 4318693.493, 64
Trd, 4318694.893, 68
Trd, 4318695.043, 66
Trd, 4318697.193, 61
Trd, 4318698.543, 60
Trd, 4318700.593, 60
Trd, 4318701.293, 61
Trd, 4318701.543, 60
Trd, 4318701.593, 61
Trd, 4318701.693, 61
Trd, 4318702.293, 67
Trd, 4318702.693, 67
Trd, 4318703.043, 68
Trd, 4318703.393, 67
Trd, 4318703.943, 68
Trd, 4318704.743, 69
Trd, 4318705.293, 70
Trd, 4318705.443, 68
Trd, 4318706.993, 61
Trd, 4318707.343, 61
Trd, 4318709.093, 61
Trd, 4318710.843, 64
Trd, 4318711.243, 62
Trd, 4318712.243, 71
Trd, 4318712.593, 71
Trd, 4318713.143, 77
Trd, 4318713.493, 67
Trd, 4318714.143, 72
Trd, 4318714.593, 71
Trd, 4318715.493, 60
Trd, 4318716.243, 64
Trd, 4318716.943, 61
Trd, 4318717.693, 63
Trd, 4318717.993, 61
Trd, 4318718.393, 60
Trd, 4318721.443, 60
Trd, 4318723.193, 60
Trd, 4318723.343, 60
Trd, 4318723.893, 60
Trd, 4318724.493, 63
Trd, 4318724.843, 62
Trd, 4318725.043, 63
Trd, 4318725.093, 61
Trd, 4318726.043, 62
Trd, 4318726.943, 62
Trd, 4318727.093, 66
Trd, 4318727.493, 62
Trd, 4318728.643, 140
Trd, 4318728.743, 140
Trd, 4318729.093, 87
Trd, 4318729.193, 86
Trd, 4318731.243, 128
Trd, 4318731.393, 123
Trd, 4318731.743, 123
Trd, 4318731.843, 122
Trd, 4318733.293, 140
Trd, 4318734.393, 140
Trd, 4318734.443, 140
Trd, 4318735.443, 140
Trd, 4318735.993, 140
Trd, 4318736.093, 138
Trd, 4318736.443, 140
Trd, 4318737.093, 137
Trd, 4318737.743, 132
Trd, 4318738.693, 127
Trd, 4318739.543, 117
Trd, 4318740.393, 135
Trd, 4318740.843, 140
Trd, 4318741.243, 131
Trd, 4318741.743, 120
Trd, 4318741.893, 119
Trd, 4318742.143, 82
Trd, 4318743.143, 140
Trd, 4318744.643, 140
Trd, 4318744.743, 140
Trd, 4318746.093, 140
Trd, 4318746.343, 140
Trd, 4318746.543, 140
Trd, 4318747.793, 60
Trd, 4318749.643, 60
Trd, 4318749.693, 63
Trd, 4318750.843, 73
Trd, 4318750.943, 100
Trd, 4318751.343, 63
Trd, 4318751.543, 62
Trd, 4318751.943, 64
Trd, 4318752.743, 65
Trd, 4318753.143, 68
Trd, 4318754.593, 74
Trd, 4318754.993, 74
Trd, 4318755.593, 140
Trd, 4318755.793, 140
Trd, 4318756.493, 137
Trd, 4318757.093, 135
Trd, 4318758.143, 138
Trd, 4318758.593, 138
Trd, 4318759.593, 140
Trd, 4318760.743, 140
Trd, 4318761.143, 140
Trd, 4318761.743, 140
Trd, 4318762.043, 139
Trd, 4318762.293, 135
Trd, 4318766.243, 60
Trd, 4318766.343, 60
Trd, 4318766.743, 66
Trd, 4318769.193, 60
Trd, 4318769.593, 61
Trd, 4318770.093, 61
Trd, 4318770.743, 62
Trd, 4318771.293, 66
Trd, 4318771.593, 62
Trd, 4318771.843, 78
Trd, 4318771.993, 63
Trd, 4318772.643, 69
Trd, 4318773.093, 71
Trd, 4318773.643, 74
Trd, 4318773.993, 75
Trd, 4318775.293, 85
Trd, 4318776.543, 93
Trd, 4318776.743, 92
Trd, 4318777.543, 93
Trd, 4318778.093, 140
Trd, 4318778.193, 140
Trd, 4318778.243, 138
Trd, 4318778.293, 90
Trd, 4318780.043, 140
Trd, 4318780.793, 107
Trd, 4318781.643, 108
Trd, 4318781.693, 106
Trd, 4318782.143, 111
Trd, 4318782.893, 109
Trd, 4318783.493, 109
Trd, 4318783.543, 108
Trd, 4318784.193, 104
Trd, 4318784.493, 103
Trd, 4318786.793, 140
Trd, 4318787.293, 140
Trd, 4318787.993, 140
Trd, 4318788.993, 140
Trd, 4318789.893, 140
Trd, 4318790.593, 140
Trd, 4318790.793, 140
Trd, 4318791.743, 140
Trd, 4318791.943, 140
Trd, 4318792.743, 140
Trd, 4318793.493, 140
Trd, 4318794.043, 140
Trd, 4318795.243, 140
Trd, 4318795.293, 140
Trd, 4318795.593, 140
Trd, 4318795.893, 140
Trd, 4318796.143, 135
Trd, 4318796.943, 139
Trd, 4318797.743, 140
Trd, 4318797.993, 140
Trd, 4318798.893, 140
Trd, 4318798.993, 140
Trd, 4318800.293, 140
Trd, 4318801.343, 140
Trd, 4318801.693, 140
Trd, 4318802.043, 140
Trd, 4318802.893, 138
Trd, 4318803.793, 140
Trd, 4318803.993, 139
Trd, 4318805.943, 62
Trd, 4318807.093, 62
Trd, 4318807.843, 60
Trd, 4318807.993, 60
Trd, 4318808.143, 60
Trd, 4318808.343, 60
Trd, 4318808.643, 65
Trd, 4318809.193, 62
Trd, 4318810.643, 67
Trd, 4318811.443, 69
Trd, 4318811.493, 68
Trd, 4318812.343, 63
Trd, 4318812.493, 140
Trd, 4318812.893, 65
Trd, 4318813.243, 63
Trd, 4318813.543, 140
Trd, 4318813.943, 139
Trd, 4318815.193, 62
Trd, 4318818.693, 60
Trd, 4318819.843, 60
Trd, 4318820.593, 61
Trd, 4318820.693, 62
Trd, 4318821.143, 61
Trd, 4318821.193, 62
Trd, 4318821.543, 62
Trd, 4318821.893, 65
Trd, 4318822.593, 67
Trd, 4318822.793, 92
Trd, 4318823.043, 74
Trd, 4318823.343, 65
Trd, 4318826.193, 63
Trd, 4318826.943, 60
Trd, 4318828.243, 60
Trd, 4318829.893, 63
Trd, 4318830.143, 64
Trd, 4318830.243, 62
Trd, 4318830.593, 60
Trd, 4318830.993, 60
Trd, 4318831.193, 61
Trd, 4318831.443, 61
Trd, 4318831.693, 60
Trd, 4318833.243, 74
Trd, 4318833.693, 62
Trd, 4318834.893, 140
Trd, 4318835.293, 140
Trd, 4318835.793, 136
Trd, 4318836.743, 140
Trd, 4318837.143, 138
Trd, 4318837.743, 139
Trd, 4318838.143, 138
Trd, 4318838.493, 137
Trd, 4318838.843, 72
Trd, 4318839.893, 61
Trd, 4318844.043, 61
Trd, 4318845.043, 61
Trd, 4318845.193, 61
Trd, 4318845.493, 65
Trd, 4318845.743, 140
Trd, 4318846.343, 140
Trd, 4318847.293, 66
Trd, 4318847.993, 140
Trd, 4318848.093, 140
Trd, 4318848.643, 67
Trd, 4318849.093, 87
Trd, 4318850.643, 140
Trd, 4318851.243, 140
Trd, 4318852.493, 140
Trd, 4318852.593, 139
Trd, 4318853.993, 94
Trd, 4318854.493, 92
Trd, 4318855.643, 95
Trd, 4318856.243, 137
Trd, 4318856.443, 133
Trd, 4318857.093, 140
Trd, 4318858.143, 140
Trd, 4318858.743, 140
Trd, 4318859.193, 140
Trd, 4318859.393, 140
Trd, 4318860.093, 140
Trd, 4318860.693, 140
Trd, 4318861.143, 140
Trd, 4318861.243, 139
Trd, 4318861.593, 109
Trd, 4318865.743, 60
Trd, 4318865.843, 61
Trd, 4318867.343, 60
Trd, 4318867.393, 61
Trd, 4318867.893, 60
Trd, 4318868.443, 63
Trd, 4318869.493, 64
Trd, 4318869.643, 63
Trd, 4318870.093, 64
Trd, 4318870.343, 64
Trd, 4318870.793, 99
Trd, 4318871.993, 72
Trd, 4318872.493, 74
Trd, 4318873.393, 73
Trd, 4318873.493, 72
Trd, 4318873.643, 70
Trd, 4318874.693, 140
Trd, 4318874.843, 140
Trd, 4318875.443, 61
Trd, 4318876.643, 64
Trd, 4318879.143, 60
Trd, 4318879.943, 60
Trd, 4318881.393, 61
Trd, 4318881.543, 61
Trd, 4318882.393, 63
Trd, 4318882.543, 62
Trd, 4318883.043, 74
Trd, 4318883.393, 136
Trd, 4318884.843, 107
Trd, 4318885.293, 82
Trd, 4318885.943, 87
Trd, 4318886.193, 86
Trd, 4318886.243, 84
Trd, 4318886.543, 83
Trd, 4318887.293, 140
Trd, 4318888.193, 140
Trd, 4318888.543, 140
Trd, 4318889.843, 140
Trd, 4318890.843, 140
Trd, 4318891.243, 140
Trd, 4318891.443, 140
Trd, 4318892.293, 140
Trd, 4318892.443, 140
Trd, 4318893.243, 140
Trd, 4318893.443, 137
Trd, 4318894.243, 60
Trd, 4318898.843, 61
Trd, 4318899.843, 60
Trd, 4318900.443, 60
Trd, 4318900.643, 60
Trd, 4318900.793, 60
Trd, 4318901.243, 63
Trd, 4318901.543, 62
Trd, 4318901.793, 69
Trd, 4318902.293, 66
Trd, 4318902.843, 69
Trd, 4318903.193, 68
Trd, 4318903.593, 69
Trd, 4318903.843, 68
Trd, 4318906.443, 64
Trd, 4318906.843, 60
Trd, 4318907.243, 66
Trd, 4318907.293, 71
Trd, 4318907.693, 73
Trd, 4318908.443, 74
Trd, 4318909.293, 75
Trd, 4318909.743, 140
Trd, 4318910.243, 85
Trd, 4318910.493, 75
Trd, 4318911.543, 140
Trd, 4318911.793, 80
Trd, 4318914.443, 63
Trd, 4318914.593, 68
Trd, 4318916.343, 60
Trd, 4318917.493, 60
Trd, 4318918.743, 62
Trd, 4318919.143, 60
Trd, 4318919.643, 62
Trd, 4318919.743, 61
Trd, 4318920.243, 61
Trd, 4318920.443, 60
Trd, 4318920.593, 61
Trd, 4318921.143, 65
Trd, 4318921.393, 63
Trd, 4318922.143, 61
Trd, 4318924.593, 60
Trd, 4318926.443, 60
Trd, 4318926.793, 61
Trd, 4318927.293, 61
Trd, 4318927.843, 62
Trd, 4318927.893, 72
Trd, 4318928.393, 68
Trd, 4318929.043, 68
Trd, 4318930.093, 61
Trd, 4318930.143, 60
Trd, 4318931.493, 63
Trd, 4318932.243, 65
Trd, 4318933.293, 60
Trd, 4318934.743, 61
Trd, 4318934.793, 60
Trd, 4318936.043, 62
Trd, 4318936.643, 61
Trd, 4318936.993, 63
Trd, 4318937.043, 62
Trd, 4318938.943, 61
Trd, 4318939.093, 62
Trd, 4318940.543, 62
Trd, 4318941.793, 63
Trd, 4318942.243, 64
Trd, 4318943.193, 60
Trd, 4318943.343, 61
Trd, 4318943.593, 61
Trd, 4318943.793, 60
Trd, 4318944.643, 61
Trd, 4318945.043, 64
Trd, 4318945.143, 75
Trd, 4318945.843, 63
Trd, 4318946.193, 62
Trd, 4318947.343, 121
Trd, 4318948.093, 60
Trd, 4318951.243, 60
Trd, 4318952.343, 60
Trd, 4318952.543, 61
Trd, 4318952.743, 60
Trd, 4318952.843, 63
Trd, 4318953.843, 64
Trd, 4318954.243, 62
Trd, 4318954.643, 62
Trd, 4318955.743, 63
Trd, 4318958.043, 60
Trd, 4318959.043, 60
Trd, 4318959.993, 61
Trd, 4318960.193, 62
Trd, 4318960.443, 62
Trd, 4318960.493, 61
Trd, 4318960.743, 63
Trd, 4318961.393, 136
Trd, 4318961.443, 135
Trd, 4318962.993, 60
Trd, 4318963.243, 99
Trd, 4318963.593, 70
Trd, 4318965.643, 61
Trd, 4318967.843, 60
Trd, 4318968.393, 61
Trd, 4318969.143, 61
Trd, 4318969.393, 62
Trd, 4318969.593, 62
Trd, 4318969.943, 63
Trd, 4318969.993, 61
Trd, 4318970.943, 67
Trd, 4318971.993, 69
Trd, 4318972.243, 88
Trd, 4318972.493, 68
Trd, 4318973.143, 69
Trd, 4318973.193, 67
Trd, 4318975.343, 60
Trd, 4318975.443, 61
Trd, 4318976.843, 61
Trd, 4318977.243, 62
Trd, 4318978.993, 62
Trd, 4318979.443, 62
Trd, 4318979.843, 63
Trd, 4318979.993, 62
Trd, 4318980.543, 63
Trd, 4318980.593, 64
Trd, 4318981.243, 65
Trd, 4318981.343, 62
Trd, 4318983.543, 63
Trd, 4318983.843, 61
Trd, 4318984.193, 62
Trd, 4318984.443, 60
Trd, 4318984.843, 61
Trd, 4318985.493, 62
Trd, 4318986.843, 67
Trd, 4318987.543, 60
Trd, 4318988.543, 61
Trd, 4318989.793, 60
Trd, 4318989.943, 61
Trd, 4318990.293, 63
Trd, 4318990.643, 60
Trd, 4318991.443, 61
Trd, 4318991.543, 61
Trd, 4318992.193, 62
Trd, 4318993.793, 60
Trd, 4318994.993, 63
Trd, 4318997.793, 63
Trd, 4318997.943, 63
Trd, 4318998.343, 62
Trd, 4318998.993, 68
Trd, 4318999.343, 71
Trd, 4318999.693, 71
Trd, 4318999.793, 69
Trd, 4319001.043, 67
Trd, 4319001.143, 66
Trd, 4319001.243, 65
Trd, 4319002.293, 64
Trd, 4319003.543, 139
Trd, 4319004.243, 67
Trd, 4319006.943, 61
Trd, 4319007.543, 60
Trd, 4319008.093, 63
Trd, 4319008.243, 64
Trd, 4319008.343, 64
Trd, 4319008.493, 64
Trd, 4319009.093, 67
Trd, 4319009.843, 69
Trd, 4319010.243, 63
Trd, 4319011.743, 68
Trd, 4319012.543, 140
Trd, 4319013.143, 140
Trd, 4319014.293, 134
Trd, 4319014.643, 134
Trd, 4319015.093, 134
Trd, 4319015.343, 129
Trd, 4319015.443, 94
Trd, 4319016.193, 63
Trd, 4319019.743, 63
Trd, 4319020.343, 62
Trd, 4319020.393, 61
Trd, 4319020.943, 60
Trd, 4319023.043, 60
Trd, 4319023.093, 61
Trd, 4319023.493, 64
Trd, 4319024.243, 65
Trd, 4319024.443, 68
Trd, 4319025.243, 71
Trd, 4319025.443, 66
Trd, 4319025.643, 66
Trd, 4319026.143, 68
Trd, 4319026.343, 96
Trd, 4319026.693, 67
Trd, 4319029.243, 63
Trd, 4319029.293, 63
Trd, 4319029.793, 79
Trd, 4319033.393, 60
Trd, 4319034.393, 63
Trd, 4319034.793, 62
Trd, 4319035.293, 64
Trd, 4319035.343, 63
Trd, 4319035.743, 66
Trd, 4319036.043, 65
Trd, 4319036.443, 67
Trd, 4319036.543, 65
Trd, 4319036.893, 72
Trd, 4319037.743, 66
Trd, 4319039.543, 140
Trd, 4319039.593, 139
Trd, 4319040.493, 82
Trd, 4319040.693, 71
Trd, 4319041.143, 70
Trd, 4319041.443, 72
Trd, 4319042.593, 78
Trd, 4319042.793, 139
Trd, 4319043.893, 140
Trd, 4319043.943, 138
Trd, 4319044.443, 136
Trd, 4319045.693, 136
Trd, 4319045.743, 133
Trd, 4319045.793, 132
Trd, 4319045.843, 131
Trd, 4319047.443, 120
Trd, 4319048.243, 65
Trd, 4319049.843, 60
Trd, 4319051.293, 66
Trd, 4319052.543, 60
Trd, 4319054.643, 60
Trd, 4319054.743, 62
Trd, 4319054.893, 62
Trd, 4319055.393, 60
Trd, 4319055.693, 61
Trd, 4319056.193, 64
Trd, 4319056.243, 65
Trd, 4319056.393, 60
Trd, 4319057.243, 140
Trd, 4319058.393, 60
Trd, 4319059.793, 64
Trd, 4319062.293, 60
Trd, 4319063.293, 60
Trd, 4319063.943, 60
Trd, 4319065.493, 60
Trd, 4319065.893, 62
Trd, 4319066.593, 63
Trd, 4319066.643, 61
Trd, 4319066.893, 63
Trd, 4319067.143, 61
Trd, 4319067.643, 61
Trd, 4319068.093, 138
Trd, 4319068.493, 66
Trd, 4319069.893, 79
Trd, 4319070.293, 87
Trd, 4319070.593, 87
Trd, 4319070.693, 85
Trd, 4319071.843, 60
Trd, 4319075.043, 61
Trd, 4319076.343, 62
Trd, 4319076.643, 63
Trd, 4319077.943, 62
Trd, 4319077.993, 61
Trd, 4319078.393, 62
Trd, 4319078.943, 65
Trd, 4319079.043, 63
Trd, 4319079.493, 62
Trd, 4319080.093, 105
Trd, 4319080.793, 95
Trd, 4319080.843, 92
Trd, 4319080.943, 60
Trd, 4319081.843, 140
Trd, 4319082.393, 140
Trd, 4319084.093, 140
Trd, 4319084.193, 140
Trd, 4319084.343, 139
Trd, 4319088.643, 60
Trd, 4319089.543, 60
Trd, 4319089.593, 60
Trd, 4319090.743, 60
Trd, 4319091.043, 61
Trd, 4319091.293, 62
Trd, 4319091.743, 61
Trd, 4319091.993, 60
Trd, 4319092.593, 63
Trd, 4319092.693, 63
Trd, 4319092.993, 140
Trd, 4319093.593, 64
Trd, 4319095.993, 60
Trd, 4319096.293, 61
Trd, 4319099.143, 61
Trd, 4319100.393, 60
Trd, 4319101.943, 60
Trd, 4319102.793, 60
Trd, 4319103.143, 62
Trd, 4319103.543, 62
Trd, 4319103.693, 61
Trd, 4319103.793, 62
Trd, 4319104.193, 60
Trd, 4319106.293, 63
Trd, 4319106.893, 60
Trd, 4319108.543, 61
Trd, 4319109.843, 62
Trd, 4319110.043, 61
Trd, 4319110.743, 60
Trd, 4319111.743, 65
Trd, 4319112.243, 64
Trd, 4319112.343, 65
Trd, 4319113.743, 70
Trd, 4319113.943, 69
Trd, 4319114.243, 67
Trd, 4319114.893, 70
Trd, 4319116.293, 139
Trd, 4319117.293, 128
Trd, 4319117.593, 128
Trd, 4319117.793, 71
Trd, 4319118.043, 72
Trd, 4319118.293, 70
Trd, 4319120.693, 140
Trd, 4319120.743, 140
Trd, 4319120.843, 140
Trd, 4319121.193, 135
Trd, 4319122.143, 140
Trd, 4319122.593, 139
Trd, 4319123.043, 140
Trd, 4319123.793, 137
Trd, 4319124.243, 136
Trd, 4319124.343, 95
Trd, 4319126.143, 60
Trd, 4319126.443, 60
Trd, 4319128.693, 61
Trd, 4319129.343, 60
Trd, 4319129.793, 61
Trd, 4319129.993, 60
Trd, 4319130.093, 62
Trd, 4319130.543, 62
Trd, 4319131.943, 140
Trd, 4319132.693, 140
Trd, 4319133.093, 140
Trd, 4319133.743, 140
Trd, 4319133.843, 138
Trd, 4319133.893, 135
Trd, 4319135.393, 60
Trd, 4319137.193, 60
Trd, 4319138.743, 60
Trd, 4319139.443, 60
Trd, 4319139.693, 61
Trd, 4319139.993, 62
Trd, 4319140.043, 64
Trd, 4319140.393, 62
Trd, 4319140.893, 67
Trd, 4319141.493, 71
Trd, 4319141.593, 123
Trd, 4319142.093, 140
Trd, 4319142.393, 137
Trd, 4319142.493, 137
Trd, 4319143.093, 136
Trd, 4319144.293, 140
Trd, 4319144.643, 140
Trd, 4319145.043, 140
Trd, 4319145.093, 135
Trd, 4319146.893, 66
Trd, 4319147.943, 71
Trd, 4319148.643, 61
Trd, 4319150.743, 62
Trd, 4319151.193, 63
Trd, 4319151.993, 61
Trd, 4319153.093, 63
Trd, 4319153.293, 62
Trd, 4319153.693, 63
Trd, 4319154.043, 70
Trd, 4319155.193, 74
Trd, 4319155.243, 72
Trd, 4319156.493, 68
Trd, 4319156.593, 140
Trd, 4319157.693, 60
Trd, 4319159.443, 64
Trd, 4319161.093, 62
Trd, 4319161.343, 63
Trd, 4319162.393, 68
Trd, 4319162.643, 69
Trd, 4319162.743, 71
Trd, 4319162.843, 69
Trd, 4319164.543, 62
Trd, 4319165.043, 61
Trd, 4319165.743, 61
Trd, 4319165.843, 62
Trd, 4319167.193, 66
Trd, 4319169.343, 60
Trd, 4319169.543, 60
Trd, 4319171.443, 60
Trd, 4319172.643, 60
Trd, 4319173.493, 60
Trd, 4319173.893, 63
Trd, 4319174.043, 61
Trd, 4319174.243, 60
Trd, 4319175.093, 60
Trd, 4319176.593, 60
Trd, 4319176.893, 60
Trd, 4319177.193, 62
Trd, 4319178.543, 61
Trd, 4319180.243, 61
Trd, 4319180.693, 61
Trd, 4319182.293, 61
Trd, 4319182.393, 61
Trd, 4319182.493, 61
Trd, 4319182.543, 67
Trd, 4319183.193, 68
Trd, 4319183.243, 64
Trd, 4319183.393, 63
Trd, 4319184.393, 68
Trd, 4319185.943, 60
Trd, 4319186.593, 60
Trd, 4319187.393, 61
Trd, 4319191.593, 60
Trd, 4319192.093, 62
Trd, 4319192.393, 62
Trd, 4319192.743, 63
Trd, 4319193.293, 64
Trd, 4319194.393, 140
Trd, 4319194.493, 140
Trd, 4319195.443, 139
Trd, 4319196.593, 65
Trd, 4319199.793, 61
Trd, 4319200.443, 64
Trd, 4319200.843, 60
Trd, 4319200.993, 62
Trd, 4319201.193, 64
Trd, 4319201.243, 61
Trd, 4319202.943, 140
Trd, 4319203.043, 65
Trd, 4319203.593, 66
Trd, 4319204.393, 66
Trd, 4319204.893, 140
Trd, 4319206.143, 69
Trd, 4319206.643, 70
Trd, 4319206.993, 67
Trd, 4319207.543, 76
Trd, 4319209.743, 60
Trd, 4319210.693, 60
Trd, 4319211.593, 60
Trd, 4319214.393, 60
Trd, 4319214.743, 60
Trd, 4319214.943, 61
Trd, 4319215.293, 63
Trd, 4319215.343, 66
Trd, 4319215.443, 60
Trd, 4319216.093, 63
Trd, 4319216.293, 61
Trd, 4319217.093, 61
Trd, 4319217.693, 63
Trd, 4319217.993, 66
Trd, 4319218.093, 63
Trd, 4319218.993, 64
Trd, 4319219.143, 63
Trd, 4319223.793, 60
Trd, 4319224.243, 60
Trd, 4319224.543, 60
Trd, 4319224.743, 62
Trd, 4319226.693, 60
Trd, 4319227.343, 60
Trd, 4319227.393, 60
Trd, 4319227.593, 61
Trd, 4319228.643, 140
Trd, 4319228.943, 140
Trd, 4319229.543, 139
Trd, 4319229.893, 135
Trd, 4319230.643, 140
Trd, 4319230.743, 136
Trd, 4319230.843, 132
Trd, 4319233.743, 61
Trd, 4319235.993, 60
Trd, 4319236.693, 60
Trd, 4319237.543, 61
Trd, 4319237.993, 60
Trd, 4319238.493, 62
Trd, 4319238.593, 62
Trd, 4319238.693, 63
Trd, 4319238.793, 62
Trd, 4319239.243, 62
Trd, 4319241.893, 60
Trd, 4319243.643, 60
Trd, 4319243.943, 61
Trd, 4319245.243, 60
Trd, 4319245.593, 60
Trd, 4319245.893, 62
Trd, 4319246.093, 63
Trd, 4319246.393, 63
Trd, 4319247.293, 67
Trd, 4319247.443, 66
Trd, 4319247.543, 134
Trd, 4319247.643, 64
Trd, 4319248.893, 140
Trd, 4319249.743, 140
Trd, 4319250.543, 140
Trd, 4319250.793, 140
Trd, 4319251.443, 140
Trd, 4319252.243, 135
Trd, 4319253.143, 110
Trd, 4319256.443, 60
Trd, 4319257.043, 61
Trd, 4319258.993, 62
Trd, 4319259.543, 62
Trd, 4319259.993, 65
Trd, 4319260.143, 71
Trd, 4319260.293, 65
Trd, 4319260.393, 64
Trd, 4319260.693, 72
Trd, 4319261.293, 60
Trd, 4319262.993, 140
Trd, 4319263.393, 140
Trd, 4319263.443, 140
Trd, 4319264.093, 71
Trd, 4319267.143, 60
Trd, 4319267.343, 60
Trd, 4319270.093, 60
Trd, 4319270.793, 67
Trd, 4319271.443, 60
Trd, 4319271.493, 65
Trd, 4319271.893, 63
Trd, 4319272.093, 65
Trd, 4319272.543, 64
Trd, 4319273.193, 65
Trd, 4319273.793, 65
Trd, 4319274.393, 115
Trd, 4319274.793, 66
Trd, 4319274.993, 111
Trd, 4319275.243, 66
Trd, 4319275.943, 69
Trd, 4319276.993, 73
Trd, 4319277.243, 75
Trd, 4319278.093, 75
Trd, 4319278.843, 68
Trd, 4319280.043, 61
Trd, 4319282.843, 60
Trd, 4319283.843, 60
Trd, 4319284.493, 61
Trd, 4319285.393, 60
Trd, 4319285.943, 60
Trd, 4319286.343, 60
Trd, 4319286.543, 64
Trd, 4319286.843, 63
Trd, 4319287.243, 67
Trd, 4319287.943, 68
Trd, 4319288.093, 79
Trd, 4319288.393, 67
Trd, 4319288.443, 65
Trd, 4319289.993, 66
Trd, 4319290.243, 68
Trd, 4319292.093, 61
Trd, 4319292.843, 62
Trd, 4319294.393, 61
Trd, 4319295.843, 60
Trd, 4319297.843, 60
Trd, 4319298.043, 60
Trd, 4319298.193, 60
Trd, 4319298.493, 60
Trd, 4319299.043, 60
Trd, 4319299.293, 64
Trd, 4319299.893, 60
Trd, 4319300.043, 61
Trd, 4319301.193, 63
Trd, 4319301.593, 64
Trd, 4319302.893, 140
Trd, 4319303.093, 140
Trd, 4319303.243, 140
Trd, 4319303.343, 139
Trd, 4319303.593, 66
Trd, 4319305.993, 140
Trd, 4319306.443, 140
Trd, 4319306.593, 140
Trd, 4319308.093, 140
Trd, 4319308.693, 140
Trd, 4319309.393, 140
Trd, 4319311.143, 140
Trd, 4319311.193, 140
Trd, 4319311.243, 140
Trd, 4319311.593, 140
Trd, 4319311.693, 139
Trd, 4319311.943, 129
Trd, 4319313.593, 72
Trd, 4319314.793, 63
Trd, 4319316.743, 65
Trd, 4319317.043, 67
Trd, 4319317.093, 66
Trd, 4319317.593, 68
Trd, 4319318.293, 69
Trd, 4319318.993, 62
Trd, 4319320.493, 65
Trd, 4319320.593, 64
Trd, 4319321.093, 65
Trd, 4319321.343, 64
Trd, 4319322.493, 62
Trd, 4319322.593, 64
Trd, 4319322.793, 82
Trd, 4319324.693, 62
Trd, 4319326.143, 63
Trd, 4319326.993, 62
Trd, 4319327.243, 64
Trd, 4319327.393, 66
Trd, 4319327.743, 71
Trd, 4319327.993, 68
Trd, 4319328.293, 67
Trd, 4319329.143, 78
Trd, 4319331.643, 60
Trd, 4319331.893, 63
Trd, 4319332.443, 62
Trd, 4319332.743, 61
Trd, 4319333.343, 60
Trd, 4319333.593, 64
Trd, 4319333.893, 65
Trd, 4319333.943, 65
Trd, 4319334.443, 68
Trd, 4319334.643, 69
Trd, 4319335.893, 74
Trd, 4319335.943, 69
Trd, 4319336.143, 65
Trd, 4319338.393, 63
Trd, 4319339.893, 63
Trd, 4319340.243, 71
Trd, 4319340.993, 63
Trd, 4319343.243, 60
Trd, 4319343.393, 61
Trd, 4319344.443, 65
Trd, 4319344.593, 63
Trd, 4319345.043, 140
Trd, 4319345.143, 140
Trd, 4319346.243, 61
Trd, 4319347.043, 61
Trd, 4319347.793, 62
Trd, 4319347.993, 65
Trd, 4319348.793, 140
Trd, 4319348.993, 140
Trd, 4319349.643, 140
Trd, 4319350.443, 140
Trd, 4319350.693, 140
Trd, 4319351.093, 140
Trd, 4319352.243, 133
Trd, 4319352.643, 133
Trd, 4319352.893, 133
Trd, 4319353.193, 133
Trd, 4319354.593, 61
Trd, 4319355.793, 125
Trd, 4319355.843, 124
Trd, 4319358.643, 60
Trd, 4319361.543, 60
Trd, 4319361.693, 60
Trd, 4319362.543, 62
Trd, 4319363.193, 63
Trd, 4319363.393, 65
Trd, 4319363.643, 140
Trd, 4319364.043, 65
Trd, 4319364.243, 64
Trd, 4319366.043, 60
Trd, 4319366.193, 60
Trd, 4319368.943, 61
Trd, 4319371.243, 60
Trd, 4319371.993, 60
Trd, 4319373.193, 60
Trd, 4319373.293, 60
Trd, 4319373.393, 60
Trd, 4319373.643, 62
Trd, 4319374.443, 66
Trd, 4319374.493, 63
Trd, 4319374.993, 61
Trd, 4319375.793, 62
Trd, 4319376.543, 63
Trd, 4319376.843, 67
Trd, 4319377.293, 62
Trd, 4319377.743, 62
Trd, 4319378.693, 61
Trd, 4319380.193, 61
Trd, 4319381.043, 66
Trd, 4319383.943, 62
Trd, 4319384.093, 64
Trd, 4319384.293, 76
Trd, 4319384.343, 62
Trd, 4319384.943, 140
Trd, 4319384.993, 140
Trd, 4319386.793, 68
Trd, 4319387.293, 67
Trd, 4319387.893, 140
Trd, 4319388.293, 139
Trd, 4319389.043, 140
Trd, 4319389.493, 140
Trd, 4319390.393, 140
Trd, 4319390.693, 140
Trd, 4319391.193, 136
Trd, 4319391.893, 130
Trd, 4319392.743, 140
Trd, 4319392.993, 131
Trd, 4319393.743, 122
Trd, 4319395.943, 63
Trd, 4319396.193, 61
Trd, 4319396.493, 64
Trd, 4319397.143, 60
Trd, 4319397.743, 62
Trd, 4319398.093, 61
Trd, 4319399.743, 60
Trd, 4319400.143, 64
Trd, 4319400.293, 68
Trd, 4319400.893, 69
Trd, 4319401.093, 64
Trd, 4319401.243, 62
Trd, 4319401.993, 62
Trd, 4319403.293, 68
Trd, 4319404.443, 71
Trd, 4319404.543, 70
Trd, 4319405.643, 73
Trd, 4319405.993, 67
Trd, 4319406.293, 65
Trd, 4319406.343, 70
Trd, 4319406.443, 64
Trd, 4319407.243, 140
Trd, 4319407.843, 139
Trd, 4319410.393, 60
Trd, 4319411.593, 61
Trd, 4319413.193, 64
Trd, 4319415.143, 60
Trd, 4319415.343, 62
Trd, 4319415.443, 63
Trd, 4319416.293, 63
Trd, 4319416.843, 64
Trd, 4319417.243, 65
Trd, 4319417.643, 65
Trd, 4319418.543, 64
Trd, 4319418.943, 66
Trd, 4319419.143, 64
Trd, 4319419.343, 119
Trd, 4319422.443, 60
Trd, 4319422.543, 61
Trd, 4319423.093, 61
Trd, 4319423.243, 62
Trd, 4319423.593, 61
Trd, 4319423.793, 63
Trd, 4319424.443, 65
Trd, 4319425.543, 61
Trd, 4319427.143, 60
Trd, 4319430.043, 60
Trd, 4319430.093, 60
Trd, 4319430.643, 60
Trd, 4319430.943, 60
Trd, 4319431.243, 61
Trd, 4319431.743, 63
Trd, 4319431.893, 63
Trd, 4319432.243, 61
Trd, 4319432.443, 60
Trd, 4319432.993, 60
Trd, 4319434.593, 60
Trd, 4319436.993, 61
Trd, 4319437.193, 61
Trd, 4319438.293, 60
Trd, 4319439.743, 60
Trd, 4319440.043, 60
Trd, 4319440.543, 62
Trd, 4319440.793, 67
Trd, 4319441.143, 65
Trd, 4319442.343, 140
Trd, 4319442.693, 140
Trd, 4319443.143, 140
Trd, 4319443.443, 140
Trd, 4319443.493, 139
Trd, 4319444.593, 139
Trd, 4319444.943, 140
Trd, 4319445.043, 71
Trd, 4319446.293, 60
Trd, 4319447.543, 62
Trd, 4319449.693, 62
Trd, 4319450.093, 60
Trd, 4319450.193, 61
Trd, 4319450.493, 62
Trd, 4319451.943, 61
Trd, 4319451.993, 61
Trd, 4319452.093, 61
Trd, 4319452.443, 61
Trd, 4319453.143, 64
Trd, 4319453.193, 80
Trd, 4319453.593, 62
Trd, 4319454.643, 68
Trd, 4319454.993, 63
Trd, 4319456.243, 140
Trd, 4319456.543, 140
Trd, 4319457.193, 140
Trd, 4319457.343, 140
Trd, 4319458.393, 140
Trd, 4319458.793, 140
Trd, 4319459.293, 140
Trd, 4319460.893, 60
Trd, 4319461.593, 60
Trd, 4319461.843, 64
Trd, 4319463.293, 62
Trd, 4319463.893, 66
Trd, 4319464.393, 65
Trd, 4319464.643, 64
Trd, 4319465.043, 98
Trd, 4319465.143, 98
Trd, 4319465.543, 124
Trd, 4319465.743, 123
Trd, 4319467.643, 140
Trd, 4319467.693, 140
Trd, 4319468.193, 140
Trd, 4319468.843, 140
Trd, 4319469.393, 140
Trd, 4319469.843, 127
Trd, 4319470.843, 60
Trd, 4319472.293, 64
Trd, 4319473.143, 60
Trd, 4319473.243, 62
Trd, 4319473.593, 63
Trd, 4319473.643, 62
Trd, 4319474.293, 64
Trd, 4319474.743, 62
Trd, 4319475.443, 62
Trd, 4319476.593, 64
Trd, 4319477.893, 69
Trd, 4319477.943, 68
Trd, 4319478.393, 68
Trd, 4319478.643, 67
Trd, 4319479.843, 63
Trd, 4319480.443, 61
Trd, 4319481.243, 93
Trd, 4319481.993, 66
Trd, 4319484.393, 67
Trd, 4319487.293, 60
Trd, 4319487.593, 60
Trd, 4319487.693, 61
Trd, 4319487.793, 61
Trd, 4319488.043, 64
Trd, 4319488.643, 63
Trd, 4319489.693, 68
Trd, 4319489.893, 75
Trd, 4319490.393, 70
Trd, 4319490.443, 69
Trd, 4319490.793, 67
Trd, 4319493.843, 60
Trd, 4319494.243, 61
Trd, 4319495.943, 60
Trd, 4319496.543, 62
Trd, 4319496.643, 60
Trd, 4319497.593, 63
Trd, 4319497.943, 63
Trd, 4319498.693, 65
Trd, 4319498.943, 63
Trd, 4319500.043, 64
Trd, 4319501.143, 140
Trd, 4319501.193, 135
Trd, 4319501.643, 140
Trd, 4319502.443, 140
Trd, 4319502.643, 140
Trd, 4319502.743, 137
Trd, 4319502.843, 135
Trd, 4319503.743, 139
Trd, 4319504.793, 64
Trd, 4319506.343, 60
Trd, 4319508.393, 60
Trd, 4319509.143, 60
Trd, 4319509.293, 60
Trd, 4319510.093, 63
Trd, 4319510.293, 63
Trd, 4319510.443, 64
Trd, 4319510.643, 64
Trd, 4319511.293, 61
Trd, 4319512.943, 61
Trd, 4319513.293, 61
Trd, 4319513.693, 61
Trd, 4319515.243, 63
Trd, 4319515.543, 62
Trd, 4319515.743, 60
Trd, 4319516.293, 64
Trd, 4319516.843, 140
Trd, 4319516.893, 139
Trd, 4319518.443, 139
Trd, 4319519.093, 140
Trd, 4319519.593, 137
Trd, 4319519.943, 134
Trd, 4319519.993, 133
Trd, 4319520.193, 139
Trd, 4319521.043, 119
Trd, 4319525.793, 61
Trd, 4319526.043, 61
Trd, 4319526.793, 60
Trd, 4319527.843, 61
Trd, 4319528.543, 61
Trd, 4319528.943, 62
Trd, 4319529.293, 60
Trd, 4319529.343, 62
Trd, 4319529.393, 63
Trd, 4319531.343, 60
Trd, 4319531.593, 62
Trd, 4319532.593, 61
Trd, 4319534.193, 62
Trd, 4319534.393, 60
Trd, 4319534.443, 63
Trd, 4319535.543, 90
Trd, 4319535.943, 61
Trd, 4319536.743, 75
Trd, 4319536.843, 63
Trd, 4319539.893, 60
Trd, 4319540.843, 60
Trd, 4319541.693, 60
Trd, 4319542.543, 60
Trd, 4319543.343, 60
Trd, 4319543.843, 60
Trd, 4319544.043, 60
Trd, 4319544.443, 60
Trd, 4319544.793, 62
Trd, 4319545.443, 61
Trd, 4319545.593, 60
Trd, 4319546.793, 63
Trd, 4319547.443, 64
Trd, 4319547.843, 68
Trd, 4319549.143, 67
Trd, 4319549.393, 66
Trd, 4319550.093, 65
Trd, 4319550.593, 62
Trd, 4319551.493, 138
Trd, 4319552.093, 67
Trd, 4319552.493, 66
Trd, 4319553.193, 68
Trd, 4319553.343, 70
Trd, 4319553.593, 68
Trd, 4319555.093, 86
Trd, 4319555.193, 84
Trd, 4319555.993, 140
Trd, 4319556.093, 140
Trd, 4319556.893, 140
Trd, 4319556.993, 140
Trd, 4319557.043, 135
Trd, 4319557.993, 130
Trd, 4319558.143, 129
Trd, 4319560.093, 63
Trd, 4319560.693, 61
Trd, 4319561.043, 61
Trd, 4319561.993, 60
Trd, 4319562.593, 61
Trd, 4319562.743, 60
Trd, 4319563.643, 67
Trd, 4319564.743, 75
Trd, 4319564.793, 74
Trd, 4319564.993, 72
Trd, 4319566.143, 130
Trd, 4319566.943, 128
Trd, 4319566.993, 127
Trd, 4319568.093, 140
Trd, 4319568.393, 140
Trd, 4319568.493, 140
Trd, 4319569.643, 60
Trd, 4319575.243, 60
Trd, 4319575.343, 60
Trd, 4319575.443, 61
Trd, 4319575.493, 64
Trd, 4319575.743, 60
Trd, 4319576.293, 61
Trd, 4319576.743, 62
Trd, 4319576.943, 64
Trd, 4319577.193, 80
Trd, 4319578.243, 73
Trd, 4319578.793, 96
Trd, 4319579.243, 71
Trd, 4319580.693, 60
Trd, 4319583.143, 63
Trd, 4319584.743, 60
Trd, 4319585.193, 60
Trd, 4319586.343, 63
Trd, 4319586.543, 65
Trd, 4319586.643, 67
Trd, 4319586.693, 63
Trd, 4319586.743, 61
Trd, 4319587.643, 77
Trd, 4319589.093, 102
Trd, 4319589.343, 101
Trd, 4319589.793, 100
Trd, 4319590.343, 73
Trd, 4319590.993, 140
Trd, 4319591.043, 139
Trd, 4319592.693, 72
Trd, 4319592.743, 71
Trd, 4319593.443, 140
Trd, 4319595.293, 60
Trd, 4319596.343, 60
Trd, 4319597.493, 61
Trd, 4319597.643, 62
Trd, 4319598.093, 62
Trd, 4319598.343, 62
Trd, 4319598.693, 61
Trd, 4319599.493, 61
Trd, 4319600.093, 62
Trd, 4319600.593, 95
Trd, 4319602.793, 61
Trd, 4319602.943, 60
Trd, 4319603.743, 60
Trd, 4319603.943, 60
Trd, 4319605.293, 60
Trd, 4319605.443, 60
Trd, 4319605.643, 60
Trd, 4319605.793, 62
Trd, 4319605.893, 61
Trd, 4319607.643, 60
Trd, 4319608.993, 60
Trd, 4319609.493, 61
Trd, 4319609.693, 62
Trd, 4319612.893, 60
Trd, 4319613.243, 61
Trd, 4319613.593, 61
Trd, 4319614.093, 62
Trd, 4319614.643, 64
Trd, 4319614.993, 64
Trd, 4319615.043, 70
Trd, 4319618.243, 60
Trd, 4319618.943, 61
Trd, 4319619.143, 70
Trd, 4319619.393, 62
Trd, 4319619.493, 60
Trd, 4319620.993, 61
Trd, 4319621.193, 140
Trd, 4319624.743, 60
Trd, 4319625.343, 60
Trd, 4319625.543, 62
Trd, 4319625.693, 62
Trd, 4319626.093, 68
Trd, 4319626.393, 67
Trd, 4319626.943, 66
Trd, 4319627.193, 66
Trd, 4319628.193, 65
Trd, 4319628.893, 61
Trd, 4319629.293, 66
Trd, 4319630.543, 71
Trd, 4319630.793, 70
Trd, 4319630.843, 68
Trd, 4319631.293, 68
Trd, 4319631.893, 137
Trd, 4319631.993, 68
Trd, 4319634.643, 63
Trd, 4319635.093, 67
Trd, 4319635.743, 62
Trd, 4319636.693, 68
Trd, 4319636.943, 67
Trd, 4319637.093, 84
Trd, 4319638.343, 65
Trd, 4319638.643, 66
Trd, 4319638.993, 68
Trd, 4319639.543, 72
Trd, 4319640.593, 70
Trd, 4319641.043, 67
Trd, 4319642.943, 64
Trd, 4319643.593, 61
Trd, 4319643.843, 68
Trd, 4319644.543, 61
Trd, 4319645.043, 67
Trd, 4319646.643, 65
Trd, 4319647.143, 66
Trd, 4319647.493, 66
Trd, 4319647.543, 65
Trd, 4319648.693, 81
Trd, 4319649.493, 61
Trd, 4319651.293, 60
Trd, 4319654.293, 60
Trd, 4319654.643, 61
Trd, 4319654.943, 60
Trd, 4319655.143, 60
Trd, 4319656.193, 62
Trd, 4319657.543, 60
Trd, 4319658.093, 60
Trd, 4319660.893, 61
Trd, 4319661.043, 61
Trd, 4319663.593, 60
Trd, 4319663.893, 61
Trd, 4319664.393, 63
Trd, 4319664.793, 65
Trd, 4319664.843, 70
Trd, 4319665.393, 68
Trd, 4319666.443, 140
Trd, 4319666.693, 72
Trd, 4319667.343, 75
Trd, 4319668.093, 75
Trd, 4319668.193, 74
Trd, 4319668.943, 79
Trd, 4319669.443, 79
Trd, 4319669.493, 76
Trd, 4319671.443, 140
Trd, 4319671.843, 140
Trd, 4319672.493, 140
Trd, 4319673.143, 140
Trd, 4319673.293, 136
Trd, 4319674.143, 137
Trd, 4319674.193, 133
Trd, 4319674.493, 68
Trd, 4319675.293, 140
Trd, 4319676.343, 61
Trd, 4319676.893, 62
Trd, 4319678.293, 60
Trd, 4319681.193, 60
Trd, 4319681.293, 61
Trd, 4319681.343, 60
Trd, 4319681.793, 60
Trd, 4319683.743, 60
Trd, 4319684.543, 60
Trd, 4319685.493, 60
Trd, 4319686.193, 61
Trd, 4319686.843, 63
Trd, 4319687.193, 63
Trd, 4319687.243, 63
Trd, 4319688.693, 60
Trd, 4319692.743, 60
Trd, 4319693.343, 60
Trd, 4319694.093, 62
Trd, 4319694.443, 62
Trd, 4319694.493, 60
Trd, 4319694.743, 60
Trd, 4319695.093, 67
Trd, 4319695.343, 62
Trd, 4319695.543, 63
Trd, 4319696.593, 64
Trd, 4319697.943, 62
Trd, 4319698.793, 62
Trd, 4319701.993, 60
Trd, 4319702.693, 61
Trd, 4319704.143, 60
Trd, 4319704.493, 63
Trd, 4319704.743, 65
Trd, 4319704.893, 64
Trd, 4319704.993, 63
Trd, 4319706.193, 62
Trd, 4319707.243, 60
Trd, 4319707.343, 61
Trd, 4319708.593, 60
Trd, 4319709.543, 62
Trd, 4319709.993, 62
Trd, 4319710.293, 65
Trd, 4319712.243, 60
Trd, 4319712.743, 62
Trd, 4319713.593, 61
Trd, 4319714.043, 64
Trd, 4319714.293, 64
Trd, 4319714.393, 62
Trd, 4319714.893, 66
Trd, 4319714.993, 65
Trd, 4319715.493, 63
Trd, 4319716.143, 64
Trd, 4319717.643, 140
Trd, 4319717.693, 140
Trd, 4319717.943, 140
Trd, 4319718.293, 140
Trd, 4319719.343, 140
Trd, 4319719.493, 139
Trd, 4319720.593, 133
Trd, 4319720.943, 136
Trd, 4319721.193, 132
Trd, 4319723.693, 62
Trd, 4319724.943, 60
Trd, 4319725.093, 62
Trd, 4319725.293, 61
Trd, 4319725.693, 61
Trd, 4319726.343, 61
Trd, 4319727.143, 60
Trd, 4319727.643, 61
Trd, 4319730.443, 67
Trd, 4319732.193, 60
Trd, 4319732.843, 61
Trd, 4319733.793, 64
Trd, 4319733.943, 66
Trd, 4319734.593, 69
Trd, 4319734.893, 69
Trd, 4319735.243, 64
Trd, 4319735.743, 134
Trd, 4319737.343, 69
Trd, 4319737.643, 123
Trd, 4319737.793, 122
Trd, 4319738.293, 140
Trd, 4319739.693, 140
Trd, 4319740.693, 140
Trd, 4319740.793, 135
Trd, 4319741.143, 140
Trd, 4319742.043, 139
Trd, 4319743.493, 140
Trd, 4319743.643, 140
Trd, 4319743.793, 135
Trd, 4319745.843, 63
Trd, 4319746.393, 61
Trd, 4319748.893, 60
Trd, 4319749.793, 60
Trd, 4319750.093, 61
Trd, 4319750.143, 61
Trd, 4319750.393, 60
Trd, 4319751.293, 61
Trd, 4319751.543, 63
Trd, 4319751.743, 61
Trd, 4319754.743, 60
Trd, 4319755.993, 60
Trd, 4319756.443, 60
Trd, 4319758.143, 62
Trd, 4319758.193, 62
Trd, 4319758.393, 62
Trd, 4319758.743, 61
Trd, 4319759.743, 62
Trd, 4319760.093, 61
Trd, 4319760.143, 60
Trd, 4319761.193, 60
Trd, 4319762.243, 60
Trd, 4319762.343, 63
Trd, 4319763.743, 67
Trd, 4319763.993, 65
Trd, 4319764.843, 140
Trd, 4319765.443, 140
Trd, 4319765.793, 140
Trd, 4319765.843, 139
Trd, 4319766.343, 140
Trd, 4319767.593, 140
Trd, 4319767.893, 139
Trd, 4319768.843, 140
Trd, 4319769.493, 139
Trd, 4319770.943, 139
Trd, 4319771.243, 140
Trd, 4319771.543, 140
Trd, 4319771.743, 140
Trd, 4319771.843, 140
Trd, 4319772.443, 140
Trd, 4319772.893, 140
Trd, 4319773.743, 140
Trd, 4319774.143, 140
Trd, 4319774.643, 140
Trd, 4319775.193, 140
Trd, 4319776.143, 140
Trd, 4319777.443, 140
Trd, 4319777.743, 140
Trd, 4319777.843, 140
Trd, 4319778.193, 124
Trd, 4319779.893, 62
Trd, 4319781.193, 61
Trd, 4319784.893, 60
Trd, 4319784.943, 60
Trd, 4319784.993, 61
Trd, 4319785.193, 60
Trd, 4319785.793, 61
Trd, 4319785.843, 108
Trd, 4319786.243, 65
Trd, 4319786.843, 63
Trd, 4319787.193, 74
Trd, 4319787.493, 68
Trd, 4319788.493, 140
Trd, 4319788.943, 140
Trd, 4319789.143, 140
Trd, 4319789.693, 136
Trd, 4319791.143, 137
Trd, 4319791.193, 136
Trd, 4319791.393, 134
Trd, 4319791.493, 133
Trd, 4319793.593, 66
Trd, 4319796.443, 60
Trd, 4319797.543, 60
Trd, 4319798.143, 62
Trd, 4319798.993, 62
Trd, 4319799.543, 62
Trd, 4319799.793, 64
Trd, 4319800.043, 63
Trd, 4319800.143, 63
Trd, 4319801.193, 140
Trd, 4319802.243, 140
Trd, 4319802.343, 135
Trd, 4319803.593, 65
Trd, 4319804.743, 113
Trd, 4319807.043, 60
Trd, 4319809.443, 60
Trd, 4319810.243, 60
Trd, 4319810.343, 60
Trd, 4319810.393, 62
Trd, 4319811.793, 63
Trd, 4319812.093, 63
Trd, 4319812.793, 65
Trd, 4319813.343, 75
Trd, 4319813.593, 75
Trd, 4319813.743, 140
Trd, 4319814.093, 74
Trd, 4319815.793, 64
Trd, 4319816.843, 61
Trd, 4319818.393, 61
Trd, 4319818.493, 60
Trd, 4319819.643, 68
Trd, 4319819.843, 69
Trd, 4319819.943, 67
Trd, 4319820.143, 65
Trd, 4319820.593, 65
Trd, 4319823.443, 61
Trd, 4319823.843, 61
Trd, 4319825.193, 60
Trd, 4319827.493, 61
Trd, 4319827.643, 61
Trd, 4319829.643, 64
Trd, 4319830.443, 64
Trd, 4319830.693, 65
Trd, 4319831.493, 69
Trd, 4319831.643, 71
Trd, 4319831.693, 70
Trd, 4319832.543, 71
Trd, 4319832.843, 69
Trd, 4319833.243, 69
Trd, 4319833.693, 68
Trd, 4319833.943, 140
Trd, 4319835.343, 67
Trd, 4319836.843, 140
Trd, 4319837.443, 140
Trd, 4319837.493, 140
Trd, 4319837.743, 140
Trd, 4319838.043, 140
Trd, 4319838.143, 140
Trd, 4319839.293, 140
Trd, 4319840.243, 140
Trd, 4319840.843, 140
Trd, 4319841.143, 140
Trd, 4319842.243, 140
Trd, 4319842.293, 138
Trd, 4319842.443, 137
Trd, 4319843.443, 135
Trd, 4319843.493, 134
Trd, 4319844.193, 133
Trd, 4319845.093, 140
Trd, 4319845.543, 139
Trd, 4319846.193, 133
Trd, 4319846.393, 132
Trd, 4319846.943, 124
Trd, 4319848.243, 64
Trd, 4319849.493, 63
Trd, 4319849.693, 64
Trd, 4319851.143, 60
Trd, 4319851.293, 60
Trd, 4319851.393, 60
Trd, 4319852.393, 61
Trd, 4319852.693, 70
Trd, 4319853.143, 62
Trd, 4319853.843, 65
Trd, 4319853.893, 70
Trd, 4319854.343, 68
Trd, 4319855.743, 70
Trd, 4319856.143, 68
Trd, 4319856.193, 71
Trd, 4319858.143, 61
Trd, 4319859.493, 62
Trd, 4319862.443, 62
Trd, 4319862.843, 65
Trd, 4319862.893, 67
Trd, 4319863.093, 64
Trd, 4319863.493, 63
Trd, 4319864.043, 66
Trd, 4319864.293, 66
Trd, 4319864.993, 72
Trd, 4319865.043, 68
Trd, 4319865.493, 73
Trd, 4319867.943, 60
Trd, 4319867.993, 61
Trd, 4319869.543, 60
Trd, 4319871.093, 60
Trd, 4319871.243, 61
Trd, 4319871.893, 63
Trd, 4319872.443, 72
Trd, 4319872.693, 65
Trd, 4319872.843, 65
Trd, 4319873.693, 64
Trd, 4319874.993, 61
Trd, 4319875.043, 65
Trd, 4319877.593, 60
Trd, 4319878.743, 60
Trd, 4319878.943, 61
Trd, 4319879.293, 60
Trd, 4319880.143, 65
Trd, 4319880.243, 63
Trd, 4319881.343, 62
Trd, 4319881.393, 62
Trd, 4319881.593, 60
Trd, 4319883.593, 62
Trd, 4319883.893, 63
Trd, 4319886.143, 60
Trd, 4319887.343, 60
Trd, 4319887.843, 61
Trd, 4319888.043, 61
Trd, 4319888.693, 63
Trd, 4319888.993, 64
Trd, 4319889.493, 67
Trd, 4319889.693, 69
Trd, 4319889.843, 68
Trd, 4319891.593, 60
Trd, 4319891.893, 63
Trd, 4319892.793, 61
Trd, 4319893.593, 65
Trd, 4319893.843, 67
Trd, 4319893.943, 67
Trd, 4319894.393, 67
Trd, 4319895.143, 68
Trd, 4319896.693, 139
Trd, 4319896.993, 140
Trd, 4319897.143, 137
Trd, 4319897.543, 137
Trd, 4319897.593, 136
Trd, 4319897.893, 134
Trd, 4319898.243, 140
Trd, 4319898.843, 134
Trd, 4319900.943, 140
Trd, 4319901.443, 137
Trd, 4319901.893, 140
Trd, 4319903.043, 139
Trd, 4319903.093, 138
Trd, 4319903.343, 137
Trd, 4319903.993, 137
Trd, 4319904.843, 127
Trd, 4319905.193, 139
Trd, 4319906.343, 131
Trd, 4319906.893, 131
Trd, 4319906.993, 130
Trd, 4319907.543, 140
Trd, 4319908.043, 130
Trd, 4319908.343, 125
Trd, 4319910.443, 66
Trd, 4319910.693, 68
Trd, 4319911.743, 73
Trd, 4319912.143, 71
Trd, 4319912.243, 70
Trd, 4319913.343, 70
Trd, 4319914.493, 140
Trd, 4319914.943, 139
Trd, 4319915.993, 140
Trd, 4319916.643, 140
Trd, 4319916.743, 140
Trd, 4319917.293, 140
Trd, 4319918.043, 140
Trd, 4319918.243, 140
Trd, 4319918.893, 140
Trd, 4319919.793, 140
Trd, 4319920.143, 140
Trd, 4319921.093, 140
Trd, 4319922.093, 140
Trd, 4319922.643, 140
Trd, 4319923.143, 140
Trd, 4319924.193, 140
Trd, 4319924.493, 140
Trd, 4319924.693, 135
Trd, 4319925.493, 140
Trd, 4319926.493, 88
Trd, 4319927.143, 79
Trd, 4319928.193, 81
Trd, 4319928.543, 80
Trd, 4319928.593, 78
Trd, 4319929.193, 140
Trd, 4319930.793, 60
Trd, 4319933.093, 60
Trd, 4319933.243, 60
Trd, 4319934.943, 60
Trd, 4319935.943, 60
Trd, 4319936.393, 60
Trd, 4319936.893, 61
Trd, 4319937.093, 60
Trd, 4319937.593, 63
Trd, 4319937.743, 62
Trd, 4319937.893, 63
Trd, 4319938.543, 61
Trd, 4319939.143, 61
Trd, 4319941.443, 61
Trd, 4319943.643, 60
Trd, 4319944.843, 61
Trd, 4319945.143, 60
Trd, 4319945.993, 61
Trd, 4319946.443, 63
Trd, 4319946.493, 62
Trd, 4319946.543, 64
Trd, 4319947.093, 62
Trd, 4319947.793, 98
Trd, 4319948.093, 99
Trd, 4319948.243, 98
Trd, 4319949.943, 140
Trd, 4319950.143, 140
Trd, 4319951.243, 140
Trd, 4319951.593, 140
Trd, 4319952.443, 140
Trd, 4319953.043, 137
Trd, 4319953.093, 136
Trd, 4319953.143, 135
Trd, 4319955.493, 71
Trd, 4319955.793, 70
Trd, 4319955.943, 67
Trd, 4319956.243, 138
Trd, 4319957.343, 95
Trd, 4319957.643, 94
Trd, 4319957.893, 94
Trd, 4319958.393, 137
Trd, 4319958.843, 116
Trd, 4319959.343, 124
Trd, 4319960.143, 110
Trd, 4319961.643, 139
Trd, 4319963.393, 61
Trd, 4319965.393, 63
Trd, 4319965.893, 66
Trd, 4319966.093, 64
Trd, 4319966.593, 62
Trd, 4319967.343, 65
Trd, 4319967.443, 64
Trd, 4319969.543, 61
Trd, 4319972.193, 60
Trd, 4319972.293, 61
Trd, 4319972.743, 62
Trd, 4319972.993, 62
Trd, 4319973.043, 61
Trd, 4319973.093, 67
Trd, 4319973.193, 61
Trd, 4319974.993, 61
Trd, 4319976.493, 60
Trd, 4319978.493, 61
Trd, 4319978.893, 60
Trd, 4319981.143, 60
Trd, 4319981.243, 60
Trd, 4319981.343, 60
Trd, 4319982.493, 61
Trd, 4319983.193, 62
Trd, 4319983.693, 61
Trd, 4319983.743, 68
Trd, 4319983.993, 62
Trd, 4319985.293, 72
Trd, 4319985.443, 70
Trd, 4319985.843, 69
Trd, 4319986.393, 73
Trd, 4319988.293, 140
Trd, 4319988.443, 140
Trd, 4319989.143, 80
Trd, 4319989.243, 78
Trd, 4319990.193, 140
Trd, 4319990.693, 140
Trd, 4319991.343, 140
Trd, 4319991.593, 140
Trd, 4319992.993, 140
Trd, 4319993.693, 140
Trd, 4319994.493, 140
Trd, 4319994.793, 140
Trd, 4319995.393, 140
Trd, 4319995.743, 136
Trd, 4319998.293, 140
Trd, 4319998.343, 140
Trd, 4319998.993, 140
Trd, 4319999.443, 140
