Trd, 4318143.443, 61
Trd, 4318144.343, 65
Trd, 4318144.593, 62
Trd, 4318144.693, 63
Trd, 4318144.793, 60
Trd, 4318145.843, 62
Trd, 4318145.893, 118
Trd, 4318146.643, 62
Trd, 4318147.693, 66
Trd, 4318148.043, 61
Trd, 4318149.743, 140
Trd, 4318149.993, 125
Trd, 4318150.593, 139
Trd, 4318150.943, 114
Trd, 4318151.193, 126
Trd, 4318151.293, 110
Trd, 4318151.643, 102
Trd, 4318153.093, 64
Trd, 4318153.493, 81
Trd, 4318155.193, 137
Trd, 4318155.493, 129
Trd, 4318155.693, 128
Trd, 4318157.093, 109
Trd, 4318158.093, 113
Trd, 4318158.793, 139
Trd, 4318161.543, 140
Trd, 4318161.943, 139
Trd, 4318162.043, 126
Trd, 4318162.093, 125
Trd, 4318163.543, 73
Trd, 4318164.293, 67
Trd, 4318164.943, 139
Trd, 4318165.793, 123
Trd, 4318166.593, 137
Trd, 4318167.993, 120
Trd, 4318168.393, 113
Trd, 4318168.493, 112
Trd, 4318168.793, 109
Trd, 4318169.843, 140
Trd, 4318170.243, 116
Trd, 4318172.343, 60
Trd, 4318172.893, 68
Trd, 4318173.043, 75
Trd, 4318173.693, 71
Trd, 4318175.343, 139
Trd, 4318176.243, 89
Trd, 4318176.393, 88
Trd, 4318176.793, 64
Trd, 4318178.193, 79
Trd, 4318178.693, 140
Trd, 4318178.793, 134
Trd, 4318178.943, 73
Trd, 4318180.043, 113
Trd, 4318180.743, 118
Trd, 4318180.893, 106
Trd, 4318181.843, 66
Trd, 4318182.443, 61
Trd, 4318182.843, 106
Trd, 4318183.443, 105
Trd, 4318185.043, 115
Trd, 4318185.093, 102
Trd, 4318185.193, 80
Trd, 4318185.543, 140
Trd, 4318186.593, 138
Trd, 4318187.343, 62
Trd, 4318188.843, 97
Trd, 4318189.293, 107
Trd, 4318190.043, 68
Trd, 4318190.143, 138
Trd, 4318191.543, 66
Trd, 4318192.193, 140
Trd, 4318192.243, 133
Trd, 4318193.793, 62
Trd, 4318194.693, 83
Trd, 4318195.343, 109
Trd, 4318195.443, 97
Trd, 4318196.943, 60
Trd, 4318197.443, 63
Trd, 4318198.343, 106
Trd, 4318198.443, 83
Trd, 4318199.043, 77
Trd, 4318199.543, 108
Trd, 4318199.993, 68
Trd, 4318200.743, 139
Trd, 4318201.543, 102
Trd, 4318202.643, 140
Trd, 4318204.043, 139
Trd, 4318204.393, 133
Trd, 4318204.693, 128
Trd, 4318205.193, 113
Trd, 4318206.093, 106
Trd, 4318206.293, 97
Trd, 4318206.543, 112
Trd, 4318207.743, 133
Trd, 4318210.043, 140
Trd, 4318210.093, 140
Trd, 4318210.393, 110
Trd, 4318210.893, 85
Trd, 4318211.893, 108
Trd, 4318213.393, 98
Trd, 4318213.593, 96
Trd, 4318214.593, 139
Trd, 4318214.793, 136
Trd, 4318215.243, 123
Trd, 4318215.793, 125
Trd, 4318216.093, 100
Trd, 4318216.393, 86
Trd, 4318216.893, 61
Trd, 4318218.193, 91
Trd, 4318218.643, 108
Trd, 4318219.593, 114
Trd, 4318219.743, 107
Trd, 4318221.343, 90
Trd, 4318221.543, 83
Trd, 4318221.743, 64
Trd, 4318221.793, 95
Trd, 4318222.293, 124
Trd, 4318223.493, 134
Trd, 4318224.493, 114
Trd, 4318224.843, 113
Trd, 4318224.943, 92
Trd, 4318225.693, 107
Trd, 4318225.793, 101
Trd, 4318227.393, 64
Trd, 4318227.993, 140
Trd, 4318229.143, 140
Trd, 4318229.393, 134
Trd, 4318229.943, 120
Trd, 4318230.243, 87
Trd, 4318231.543, 140
Trd, 4318231.993, 111
Trd, 4318232.293, 113
Trd, 4318233.293, 63
Trd, 4318233.443, 77
Trd, 4318234.593, 139
Trd, 4318234.893, 97
Trd, 4318235.843, 65
Trd, 4318236.543, 73
Trd, 4318237.693, 140
Trd, 4318239.493, 139
Trd, 4318239.793, 140
Trd, 4318239.893, 139
Trd, 4318240.093, 123
Trd, 4318240.143, 116
Trd, 4318241.143, 126
Trd, 4318242.193, 102
Trd, 4318242.493, 120
Trd, 4318242.793, 92
Trd, 4318243.443, 140
Trd, 4318244.293, 109
Trd, 4318244.793, 100
Trd, 4318247.043, 61
Trd, 4318248.543, 64
Trd, 4318249.093, 60
Trd, 4318249.193, 65
Trd, 4318249.943, 70
Trd, 4318250.443, 120
Trd, 4318251.443, 69
Trd, 4318252.393, 140
Trd, 4318252.843, 138
Trd, 4318253.193, 140
Trd, 4318253.543, 83
Trd, 4318254.193, 120
Trd, 4318254.843, 75
Trd, 4318257.143, 63
Trd, 4318257.343, 71
Trd, 4318258.693, 140
Trd, 4318259.443, 140
Trd, 4318259.893, 138
Trd, 4318260.493, 125
Trd, 4318260.593, 99
Trd, 4318260.693, 89
Trd, 4318262.293, 85
Trd, 4318262.393, 62
Trd, 4318262.843, 69
Trd, 4318264.093, 65
Trd, 4318264.243, 82
Trd, 4318264.393, 60
Trd, 4318264.493, 103
Trd, 4318265.043, 138
Trd, 4318266.343, 60
Trd, 4318268.643, 88
Trd, 4318268.893, 124
Trd, 4318269.193, 121
Trd, 4318269.593, 116
Trd, 4318270.243, 115
Trd, 4318270.493, 104
Trd, 4318270.993, 104
Trd, 4318271.493, 103
Trd, 4318272.193, 85
Trd, 4318274.093, 140
Trd, 4318274.593, 137
Trd, 4318275.893, 60
Trd, 4318276.493, 116
Trd, 4318276.893, 138
Trd, 4318277.193, 63
Trd, 4318277.343, 71
Trd, 4318278.443, 90
Trd, 4318278.693, 129
Trd, 4318279.243, 82
Trd, 4318281.093, 140
Trd, 4318281.393, 140
Trd, 4318281.793, 123
Trd, 4318282.493, 139
Trd, 4318282.993, 140
Trd, 4318283.343, 139
Trd, 4318283.593, 95
Trd, 4318284.293, 83
Trd, 4318284.993, 107
Trd, 4318286.143, 139
Trd, 4318286.943, 116
Trd, 4318287.443, 83
Trd, 4318288.293, 107
Trd, 4318288.793, 140
Trd, 4318289.093, 100
Trd, 4318289.343, 65
Trd, 4318289.743, 65
Trd, 4318290.743, 98
Trd, 4318291.493, 105
Trd, 4318292.693, 139
Trd, 4318294.143, 72
Trd, 4318294.693, 80
Trd, 4318294.843, 79
Trd, 4318295.793, 124
Trd, 4318297.093, 140
Trd, 4318297.793, 140
Trd, 4318298.143, 137
Trd, 4318298.743, 105
Trd, 4318299.543, 71
Trd, 4318299.793, 108
Trd, 4318300.093, 140
Trd, 4318300.843, 89
Trd, 4318303.043, 60
Trd, 4318303.143, 65
Trd, 4318303.443, 66
Trd, 4318304.993, 102
Trd, 4318305.143, 96
Trd, 4318305.643, 139
Trd, 4318305.793, 138
Trd, 4318306.043, 125
Trd, 4318307.293, 67
Trd, 4318308.993, 60
Trd, 4318310.243, 63
Trd, 4318310.893, 74
Trd, 4318311.693, 140
Trd, 4318311.743, 94
Trd, 4318312.843, 87
Trd, 4318313.643, 68
Trd, 4318314.543, 99
Trd, 4318315.093, 108
Trd, 4318315.693, 117
Trd, 4318315.893, 87
Trd, 4318316.393, 125
Trd, 4318317.143, 70
Trd, 4318317.693, 63
Trd, 4318318.543, 87
Trd, 4318320.193, 140
Trd, 4318320.443, 139
Trd, 4318320.593, 125
Trd, 4318320.743, 108
Trd, 4318321.793, 84
Trd, 4318322.543, 96
Trd, 4318324.343, 81
Trd, 4318325.643, 98
Trd, 4318325.693, 131
Trd, 4318326.393, 91
Trd, 4318326.443, 83
Trd, 4318327.043, 139
Trd, 4318327.693, 106
Trd, 4318328.093, 126
Trd, 4318328.293, 68
Trd, 4318328.743, 115
Trd, 4318328.993, 108
Trd, 4318330.193, 140
Trd, 4318331.343, 60
Trd, 4318331.643, 67
Trd, 4318332.493, 72
Trd, 4318332.893, 125
Trd, 4318333.193, 124
Trd, 4318334.293, 66
Trd, 4318335.893, 139
Trd, 4318336.493, 100
Trd, 4318337.193, 136
Trd, 4318338.243, 64
Trd, 4318338.343, 62
Trd, 4318339.543, 135
Trd, 4318340.443, 131
Trd, 4318340.993, 130
Trd, 4318341.143, 82
Trd, 4318341.693, 132
Trd, 4318341.943, 131
Trd, 4318343.243, 63
Trd, 4318343.993, 104
Trd, 4318344.093, 61
Trd, 4318345.443, 137
Trd, 4318346.093, 70
Trd, 4318346.543, 65
Trd, 4318347.393, 68
Trd, 4318347.493, 72
Trd, 4318347.543, 86
Trd, 4318348.343, 108
Trd, 4318348.993, 62
Trd, 4318349.443, 65
Trd, 4318349.893, 61
Trd, 4318351.043, 61
Trd, 4318351.443, 65
Trd, 4318352.993, 139
Trd, 4318353.743, 94
Trd, 4318354.293, 129
Trd, 4318355.393, 115
Trd, 4318355.443, 114
Trd, 4318355.793, 78
Trd, 4318357.143, 96
Trd, 4318357.943, 61
Trd, 4318358.343, 64
Trd, 4318359.443, 139
Trd, 4318359.593, 116
Trd, 4318360.093, 135
Trd, 4318361.743, 123
Trd, 4318363.093, 140
Trd, 4318363.393, 140
Trd, 4318364.493, 140
Trd, 4318364.643, 133
Trd, 4318364.943, 132
Trd, 4318366.243, 118
Trd, 4318367.143, 124
Trd, 4318367.593, 119
Trd, 4318367.893, 109
Trd, 4318368.243, 91
Trd, 4318368.493, 90
Trd, 4318368.943, 139
Trd, 4318369.593, 110
Trd, 4318370.143, 102
Trd, 4318370.993, 140
Trd, 4318371.543, 123
Trd, 4318372.343, 119
Trd, 4318373.693, 139
Trd, 4318374.243, 121
Trd, 4318374.643, 94
Trd, 4318375.093, 76
Trd, 4318376.343, 136
Trd, 4318376.743, 84
Trd, 4318377.893, 140
Trd, 4318378.143, 125
Trd, 4318378.343, 68
Trd, 4318381.043, 140
Trd, 4318381.093, 80
Trd, 4318381.443, 98
Trd, 4318383.043, 137
Trd, 4318383.093, 111
Trd, 4318384.293, 94
Trd, 4318385.093, 132
Trd, 4318385.143, 131
Trd, 4318386.443, 126
Trd, 4318387.693, 137
Trd, 4318388.243, 110
Trd, 4318388.593, 134
Trd, 4318389.143, 140
Trd, 4318389.393, 120
Trd, 4318389.543, 104
Trd, 4318390.293, 89
Trd, 4318390.343, 88
Trd, 4318391.893, 139
Trd, 4318392.043, 119
Trd, 4318393.093, 131
Trd, 4318393.243, 97
Trd, 4318393.343, 80
Trd, 4318394.143, 66
Trd, 4318394.593, 63
Trd, 4318395.393, 61
Trd, 4318395.993, 89
Trd, 4318397.293, 107
Trd, 4318398.293, 103
Trd, 4318398.493, 102
Trd, 4318398.943, 137
Trd, 4318400.243, 76
Trd, 4318400.643, 117
Trd, 4318400.993, 74
Trd, 4318401.843, 84
Trd, 4318401.943, 122
Trd, 4318402.443, 139
Trd, 4318403.293, 116
Trd, 4318403.793, 67
Trd, 4318404.843, 140
Trd, 4318404.943, 136
Trd, 4318406.093, 82
Trd, 4318406.893, 87
Trd, 4318408.193, 140
Trd, 4318408.493, 139
Trd, 4318409.293, 117
Trd, 4318409.793, 140
Trd, 4318409.943, 131
Trd, 4318410.493, 88
Trd, 4318411.193, 80
Trd, 4318412.343, 139
Trd, 4318413.393, 122
Trd, 4318414.443, 139
Trd, 4318414.743, 99
Trd, 4318415.043, 79
Trd, 4318416.293, 66
Trd, 4318416.893, 115
Trd, 4318417.293, 63
Trd, 4318418.243, 87
Trd, 4318418.843, 113
Trd, 4318418.893, 110
Trd, 4318419.943, 73
Trd, 4318420.193, 137
Trd, 4318421.793, 140
Trd, 4318421.943, 104
Trd, 4318422.443, 129
Trd, 4318424.543, 139
Trd, 4318425.293, 140
Trd, 4318425.793, 123
Trd, 4318425.943, 115
Trd, 4318426.443, 106
Trd, 4318426.543, 112
Trd, 4318427.693, 94
Trd, 4318427.993, 108
Trd, 4318428.493, 108
Trd, 4318429.943, 107
Trd, 4318430.393, 100
Trd, 4318431.593, 79
Trd, 4318431.743, 70
Trd, 4318432.443, 137
Trd, 4318433.143, 140
Trd, 4318434.793, 140
Trd, 4318434.943, 139
Trd, 4318435.293, 109
Trd, 4318435.593, 101
Trd, 4318436.143, 139
Trd, 4318436.693, 76
Trd, 4318437.993, 69
Trd, 4318439.143, 73
Trd, 4318440.093, 140
Trd, 4318440.443, 121
Trd, 4318440.943, 118
Trd, 4318441.593, 92
Trd, 4318441.643, 77
Trd, 4318442.543, 140
Trd, 4318443.343, 126
Trd, 4318444.343, 128
Trd, 4318444.993, 115
Trd, 4318445.893, 140
Trd, 4318446.543, 109
Trd, 4318447.543, 131
Trd, 4318448.243, 139
Trd, 4318448.343, 118
Trd, 4318448.643, 118
Trd, 4318448.693, 104
Trd, 4318449.893, 130
Trd, 4318450.893, 140
Trd, 4318451.093, 139
Trd, 4318451.193, 72
Trd, 4318451.893, 74
Trd, 4318452.493, 106
Trd, 4318453.193, 79
Trd, 4318453.693, 62
Trd, 4318455.543, 85
Trd, 4318455.893, 93
Trd, 4318456.193, 138
Trd, 4318456.293, 87
Trd, 4318457.193, 102
Trd, 4318458.493, 140
Trd, 4318458.593, 84
Trd, 4318460.093, 83
Trd, 4318460.493, 126
Trd, 4318460.793, 108
Trd, 4318461.043, 77
Trd, 4318461.993, 73
Trd, 4318462.093, 70
Trd, 4318464.743, 140
Trd, 4318465.093, 140
Trd, 4318465.543, 138
Trd, 4318465.743, 124
Trd, 4318467.093, 118
Trd, 4318468.443, 100
Trd, 4318469.443, 119
Trd, 4318469.643, 140
Trd, 4318469.743, 119
Trd, 4318470.593, 99
Trd, 4318471.193, 138
Trd, 4318471.243, 137
Trd, 4318471.743, 137
Trd, 4318472.043, 98
Trd, 4318473.143, 93
Trd, 4318473.793, 71
Trd, 4318474.743, 140
Trd, 4318475.743, 95
Trd, 4318476.943, 82
Trd, 4318477.543, 118
Trd, 4318478.943, 140
Trd, 4318479.643, 120
Trd, 4318480.043, 129
Trd, 4318480.243, 114
Trd, 4318480.693, 104
Trd, 4318481.243, 102
Trd, 4318481.793, 83
Trd, 4318482.043, 69
Trd, 4318482.243, 136
Trd, 4318483.493, 139
Trd, 4318483.543, 128
Trd, 4318484.693, 63
Trd, 4318485.243, 119
Trd, 4318485.593, 107
Trd, 4318486.343, 140
Trd, 4318486.743, 115
Trd, 4318488.043, 97
Trd, 4318488.193, 96
Trd, 4318489.393, 140
Trd, 4318489.843, 128
Trd, 4318490.293, 136
Trd, 4318490.943, 115
Trd, 4318492.043, 136
Trd, 4318492.743, 66
Trd, 4318493.393, 122
Trd, 4318493.993, 106
Trd, 4318495.443, 76
Trd, 4318495.893, 140
Trd, 4318496.443, 76
Trd, 4318497.843, 140
Trd, 4318498.993, 108
Trd, 4318500.093, 121
Trd, 4318500.643, 103
Trd, 4318503.043, 120
Trd, 4318503.093, 103
Trd, 4318503.343, 65
Trd, 4318504.243, 75
Trd, 4318504.543, 124
Trd, 4318505.293, 140
Trd, 4318505.693, 140
Trd, 4318506.843, 75
Trd, 4318507.993, 62
Trd, 4318508.093, 82
Trd, 4318508.543, 137
Trd, 4318510.043, 117
Trd, 4318510.543, 76
Trd, 4318510.743, 139
Trd, 4318511.343, 85
Trd, 4318511.793, 84
Trd, 4318512.693, 111
Trd, 4318513.443, 60
Trd, 4318513.943, 68
Trd, 4318514.643, 130
Trd, 4318514.693, 85
Trd, 4318517.443, 135
Trd, 4318517.493, 80
Trd, 4318518.293, 92
Trd, 4318518.343, 81
Trd, 4318519.593, 97
Trd, 4318519.693, 78
Trd, 4318520.293, 81
Trd, 4318521.593, 137
Trd, 4318521.793, 100
Trd, 4318522.143, 110
Trd, 4318523.393, 113
Trd, 4318524.643, 137
Trd, 4318525.943, 115
Trd, 4318526.193, 109
Trd, 4318526.243, 108
Trd, 4318526.993, 121
Trd, 4318527.793, 109
Trd, 4318527.943, 127
Trd, 4318528.193, 99
Trd, 4318529.743, 94
Trd, 4318530.593, 94
Trd, 4318530.893, 132
Trd, 4318531.843, 101
Trd, 4318532.243, 137
Trd, 4318533.343, 69
Trd, 4318533.993, 135
Trd, 4318534.043, 127
Trd, 4318535.243, 132
Trd, 4318536.193, 128
Trd, 4318536.393, 126
Trd, 4318536.643, 119
Trd, 4318537.643, 140
Trd, 4318538.093, 140
Trd, 4318538.293, 138
Trd, 4318538.493, 62
Trd, 4318539.643, 90
Trd, 4318539.843, 69
Trd, 4318540.643, 60
Trd, 4318540.943, 61
Trd, 4318541.493, 88
Trd, 4318542.093, 140
Trd, 4318543.743, 122
Trd, 4318543.843, 111
Trd, 4318544.093, 114
Trd, 4318544.143, 101
Trd, 4318545.043, 140
Trd, 4318545.293, 124
Trd, 4318546.293, 64
Trd, 4318547.643, 107
Trd, 4318548.543, 63
Trd, 4318548.593, 68
Trd, 4318549.243, 77
Trd, 4318549.543, 91
Trd, 4318550.743, 64
Trd, 4318551.043, 102
Trd, 4318551.943, 139
Trd, 4318552.793, 101
Trd, 4318554.643, 140
Trd, 4318554.793, 127
Trd, 4318556.693, 139
Trd, 4318556.793, 102
Trd, 4318557.243, 126
Trd, 4318557.293, 93
Trd, 4318557.893, 87
Trd, 4318558.443, 99
Trd, 4318558.893, 82
Trd, 4318561.443, 140
Trd, 4318561.843, 124
Trd, 4318561.943, 80
Trd, 4318562.443, 140
Trd, 4318562.693, 102
Trd, 4318562.843, 92
Trd, 4318563.193, 84
Trd, 4318564.643, 81
Trd, 4318564.843, 119
Trd, 4318565.493, 122
Trd, 4318565.793, 95
Trd, 4318566.343, 65
Trd, 4318567.193, 65
Trd, 4318568.593, 140
Trd, 4318569.393, 125
Trd, 4318570.293, 80
Trd, 4318571.093, 140
Trd, 4318571.293, 110
Trd, 4318572.643, 110
Trd, 4318573.093, 90
Trd, 4318573.893, 137
Trd, 4318575.193, 139
Trd, 4318575.243, 123
Trd, 4318575.643, 138
Trd, 4318575.693, 93
Trd, 4318575.843, 85
Trd, 4318577.393, 94
Trd, 4318577.593, 109
Trd, 4318578.193, 64
Trd, 4318579.243, 140
Trd, 4318580.693, 113
Trd, 4318580.793, 112
Trd, 4318581.043, 97
Trd, 4318581.493, 79
Trd, 4318581.993, 139
Trd, 4318583.543, 63
Trd, 4318585.193, 123
Trd, 4318585.743, 127
Trd, 4318585.893, 118
Trd, 4318585.993, 117
Trd, 4318586.043, 114
Trd, 4318586.543, 139
Trd, 4318587.743, 138
Trd, 4318588.143, 126
Trd, 4318590.143, 128
Trd, 4318590.493, 138
Trd, 4318590.543, 106
Trd, 4318593.043, 140
Trd, 4318593.743, 119
Trd, 4318594.843, 139
Trd, 4318595.693, 114
Trd, 4318596.443, 137
Trd, 4318596.743, 87
Trd, 4318597.043, 136
Trd, 4318597.193, 97
Trd, 4318597.643, 99
Trd, 4318598.143, 63
Trd, 4318599.593, 99
Trd, 4318600.993, 123
Trd, 4318601.393, 122
Trd, 4318601.793, 123
Trd, 4318602.493, 132
Trd, 4318602.743, 118
Trd, 4318602.843, 116
Trd, 4318604.043, 139
Trd, 4318604.643, 104
Trd, 4318605.093, 140
Trd, 4318605.893, 85
Trd, 4318606.593, 76
Trd, 4318607.243, 95
Trd, 4318607.343, 108
Trd, 4318608.193, 61
Trd, 4318608.693, 112
Trd, 4318609.043, 61
Trd, 4318609.693, 68
Trd, 4318609.893, 138
Trd, 4318611.443, 92
Trd, 4318612.593, 113
Trd, 4318612.893, 90
Trd, 4318613.393, 130
Trd, 4318614.743, 140
Trd, 4318614.793, 139
Trd, 4318614.893, 121
Trd, 4318615.693, 139
Trd, 4318615.893, 131
Trd, 4318617.143, 140
Trd, 4318617.543, 140
Trd, 4318618.443, 115
Trd, 4318618.943, 140
Trd, 4318619.493, 93
Trd, 4318620.093, 61
Trd, 4318621.693, 140
Trd, 4318622.093, 139
Trd, 4318622.543, 89
Trd, 4318622.943, 66
Trd, 4318624.293, 113
Trd, 4318624.393, 103
Trd, 4318625.793, 91
Trd, 4318627.343, 106
Trd, 4318627.393, 96
Trd, 4318627.743, 66
Trd, 4318628.843, 116
Trd, 4318628.893, 114
Trd, 4318629.143, 123
Trd, 4318630.393, 140
Trd, 4318631.393, 112
Trd, 4318631.543, 96
Trd, 4318632.043, 91
Trd, 4318633.493, 124
Trd, 4318633.893, 140
Trd, 4318634.393, 140
Trd, 4318634.793, 108
Trd, 4318636.143, 67
Trd, 4318637.193, 60
Trd, 4318637.293, 102
Trd, 4318638.443, 104
Trd, 4318638.593, 88
Trd, 4318639.493, 128
Trd, 4318639.643, 110
Trd, 4318641.043, 60
Trd, 4318641.993, 62
Trd, 4318642.543, 61
Trd, 4318643.093, 63
Trd, 4318643.593, 139
Trd, 4318643.643, 126
Trd, 4318645.643, 63
Trd, 4318646.293, 103
Trd, 4318646.393, 89
Trd, 4318647.293, 91
Trd, 4318648.343, 138
Trd, 4318648.393, 87
Trd, 4318648.843, 68
Trd, 4318649.693, 140
Trd, 4318650.043, 97
Trd, 4318650.393, 63
Trd, 4318651.293, 62
Trd, 4318652.743, 137
Trd, 4318653.443, 116
Trd, 4318654.143, 114
Trd, 4318654.493, 120
Trd, 4318654.693, 111
Trd, 4318655.393, 111
Trd, 4318655.693, 99
Trd, 4318656.693, 139
Trd, 4318656.793, 135
Trd, 4318657.693, 123
Trd, 4318658.393, 138
Trd, 4318659.393, 140
Trd, 4318659.643, 126
Trd, 4318660.093, 71
Trd, 4318661.093, 60
Trd, 4318661.843, 67
Trd, 4318662.093, 65
Trd, 4318663.643, 63
Trd, 4318664.343, 72
Trd, 4318665.143, 136
Trd, 4318665.243, 125
Trd, 4318667.343, 140
Trd, 4318667.393, 139
Trd, 4318667.593, 126
Trd, 4318667.643, 102
Trd, 4318668.243, 69
Trd, 4318669.843, 139
Trd, 4318670.943, 62
Trd, 4318671.143, 65
Trd, 4318671.943, 60
Trd, 4318671.993, 62
Trd, 4318672.343, 140
Trd, 4318673.743, 135
Trd, 4318674.493, 138
Trd, 4318674.543, 128
Trd, 4318676.693, 136
Trd, 4318676.943, 138
Trd, 4318677.493, 101
Trd, 4318679.343, 67
Trd, 4318679.593, 84
Trd, 4318679.643, 87
Trd, 4318679.993, 69
Trd, 4318680.493, 139
Trd, 4318680.743, 137
Trd, 4318681.193, 61
Trd, 4318682.243, 61
Trd, 4318682.993, 69
Trd, 4318684.093, 95
Trd, 4318685.043, 138
Trd, 4318687.093, 140
Trd, 4318687.343, 128
Trd, 4318687.693, 122
Trd, 4318689.343, 120
Trd, 4318689.793, 117
Trd, 4318690.543, 123
Trd, 4318690.593, 109
Trd, 4318691.143, 112
Trd, 4318692.243, 91
Trd, 4318692.943, 63
Trd, 4318693.293, 73
Trd, 4318694.943, 139
Trd, 4318695.043, 132
Trd, 4318695.643, 112
Trd, 4318697.043, 101
Trd, 4318698.493, 108
Trd, 4318698.893, 95
Trd, 4318699.493, 139
Trd, 4318699.693, 87
Trd, 4318700.593, 126
Trd, 4318701.093, 139
Trd, 4318702.143, 102
Trd, 4318702.343, 95
Trd, 4318703.243, 74
Trd, 4318703.393, 103
Trd, 4318703.693, 119
Trd, 4318706.593, 120
Trd, 4318706.793, 118
Trd, 4318706.893, 107
Trd, 4318707.093, 105
Trd, 4318708.543, 137
Trd, 4318710.343, 106
Trd, 4318710.693, 76
Trd, 4318710.943, 140
Trd, 4318711.043, 67
Trd, 4318712.093, 61
Trd, 4318712.493, 64
Trd, 4318712.843, 76
Trd, 4318713.093, 72
Trd, 4318713.843, 117
Trd, 4318714.993, 116
Trd, 4318715.593, 109
Trd, 4318716.143, 136
Trd, 4318716.843, 137
Trd, 4318718.043, 139
Trd, 4318718.543, 139
Trd, 4318719.243, 140
Trd, 4318719.293, 125
Trd, 4318721.343, 102
Trd, 4318721.493, 102
Trd, 4318721.993, 104
Trd, 4318722.193, 131
Trd, 4318722.893, 113
Trd, 4318723.393, 140
Trd, 4318724.393, 114
Trd, 4318724.543, 113
Trd, 4318724.693, 108
Trd, 4318725.043, 112
Trd, 4318725.143, 129
Trd, 4318726.693, 91
Trd, 4318727.443, 60
Trd, 4318729.493, 62
Trd, 4318729.543, 87
Trd, 4318730.193, 138
Trd, 4318731.593, 65
Trd, 4318732.043, 128
Trd, 4318732.243, 72
Trd, 4318733.143, 63
Trd, 4318733.243, 68
Trd, 4318733.443, 132
Trd, 4318733.643, 62
Trd, 4318735.393, 139
Trd, 4318735.943, 125
Trd, 4318736.093, 105
Trd, 4318736.793, 124
Trd, 4318737.843, 140
Trd, 4318738.343, 97
Trd, 4318738.393, 133
Trd, 4318739.893, 66
Trd, 4318740.893, 84
Trd, 4318741.543, 139
Trd, 4318742.093, 128
Trd, 4318743.793, 78
Trd, 4318744.343, 102
Trd, 4318744.843, 98
Trd, 4318745.093, 138
Trd, 4318745.193, 90
Trd, 4318746.193, 139
Trd, 4318746.293, 128
Trd, 4318746.843, 120
Trd, 4318748.993, 70
Trd, 4318749.543, 136
Trd, 4318751.343, 124
Trd, 4318751.443, 122
Trd, 4318751.643, 110
Trd, 4318752.193, 98
Trd, 4318752.993, 140
Trd, 4318753.043, 138
Trd, 4318753.543, 125
Trd, 4318754.893, 139
Trd, 4318755.293, 97
Trd, 4318755.443, 83
Trd, 4318756.043, 108
Trd, 4318758.143, 119
Trd, 4318758.443, 110
Trd, 4318758.793, 140
Trd, 4318759.443, 66
Trd, 4318760.343, 98
Trd, 4318762.043, 130
Trd, 4318762.493, 83
Trd, 4318763.393, 62
Trd, 4318763.943, 75
Trd, 4318765.943, 119
Trd, 4318767.143, 122
Trd, 4318767.643, 105
Trd, 4318767.693, 93
Trd, 4318768.593, 93
Trd, 4318768.743, 85
Trd, 4318769.193, 140
Trd, 4318769.343, 113
Trd, 4318770.643, 140
Trd, 4318771.193, 139
Trd, 4318771.343, 113
Trd, 4318771.743, 105
Trd, 4318771.843, 130
Trd, 4318773.093, 133
Trd, 4318774.193, 140
Trd, 4318774.693, 139
Trd, 4318776.093, 128
Trd, 4318776.243, 102
Trd, 4318776.843, 122
Trd, 4318777.543, 84
Trd, 4318778.493, 75
Trd, 4318780.443, 139
Trd, 4318781.093, 138
Trd, 4318781.443, 124
Trd, 4318781.993, 75
Trd, 4318783.743, 140
Trd, 4318784.843, 140
Trd, 4318784.893, 139
Trd, 4318785.593, 137
Trd, 4318786.593, 124
Trd, 4318786.993, 101
Trd, 4318787.893, 140
Trd, 4318787.993, 128
Trd, 4318788.843, 137
Trd, 4318789.143, 92
Trd, 4318789.443, 84
Trd, 4318789.893, 65
Trd, 4318791.893, 63
Trd, 4318792.143, 136
Trd, 4318792.893, 90
Trd, 4318793.343, 98
Trd, 4318794.593, 139
Trd, 4318794.793, 101
Trd, 4318795.393, 100
Trd, 4318795.493, 95
Trd, 4318795.793, 83
Trd, 4318796.293, 84
Trd, 4318796.793, 138
Trd, 4318798.293, 98
Trd, 4318798.493, 117
Trd, 4318799.643, 138
Trd, 4318799.793, 137
Trd, 4318799.993, 84
Trd, 4318800.643, 60
Trd, 4318802.543, 111
Trd, 4318803.043, 61
Trd, 4318803.743, 67
Trd, 4318805.243, 81
Trd, 4318805.443, 70
Trd, 4318806.893, 60
Trd, 4318807.443, 65
Trd, 4318808.193, 60
Trd, 4318809.043, 61
Trd, 4318810.193, 61
Trd, 4318810.443, 70
Trd, 4318812.043, 91
Trd, 4318812.443, 82
Trd, 4318812.593, 120
Trd, 4318813.793, 140
Trd, 4318814.693, 139
Trd, 4318815.393, 129
Trd, 4318815.543, 115
Trd, 4318816.793, 111
Trd, 4318817.343, 79
Trd, 4318819.193, 108
Trd, 4318819.793, 93
Trd, 4318820.193, 64
Trd, 4318820.243, 66
Trd, 4318820.393, 132
Trd, 4318820.693, 139
Trd, 4318821.293, 63
Trd, 4318821.343, 64
Trd, 4318824.243, 140
Trd, 4318824.593, 139
Trd, 4318825.243, 127
Trd, 4318825.293, 126
Trd, 4318825.793, 140
Trd, 4318826.643, 139
Trd, 4318826.793, 91
Trd, 4318827.993, 129
Trd, 4318828.293, 63
Trd, 4318829.493, 84
Trd, 4318829.693, 68
Trd, 4318830.743, 120
Trd, 4318832.343, 140
Trd, 4318833.193, 78
Trd, 4318833.693, 128
Trd, 4318833.893, 118
Trd, 4318834.643, 119
Trd, 4318835.293, 123
Trd, 4318836.293, 82
Trd, 4318836.943, 73
Trd, 4318837.043, 72
Trd, 4318837.693, 71
Trd, 4318837.743, 100
Trd, 4318838.643, 132
Trd, 4318839.943, 76
Trd, 4318840.593, 104
Trd, 4318840.693, 75
Trd, 4318840.743, 80
Trd, 4318840.993, 71
Trd, 4318841.543, 98
Trd, 4318842.393, 81
Trd, 4318844.143, 105
Trd, 4318844.843, 140
Trd, 4318845.043, 136
Trd, 4318845.793, 135
Trd, 4318846.293, 118
Trd, 4318846.993, 104
Trd, 4318848.743, 140
Trd, 4318849.543, 127
Trd, 4318850.043, 114
Trd, 4318850.593, 109
Trd, 4318851.443, 140
Trd, 4318851.843, 138
Trd, 4318852.843, 105
Trd, 4318852.943, 100
Trd, 4318853.043, 121
Trd, 4318853.193, 91
Trd, 4318853.543, 77
Trd, 4318855.343, 123
Trd, 4318857.093, 138
Trd, 4318857.143, 125
Trd, 4318857.393, 120
Trd, 4318857.893, 140
Trd, 4318858.343, 102
Trd, 4318859.093, 93
Trd, 4318859.843, 122
Trd, 4318860.343, 100
Trd, 4318860.493, 108
Trd, 4318861.693, 138
Trd, 4318862.843, 114
Trd, 4318863.843, 105
Trd, 4318864.443, 140
Trd, 4318865.893, 123
Trd, 4318866.393, 103
Trd, 4318867.893, 104
Trd, 4318868.043, 93
Trd, 4318868.143, 128
Trd, 4318868.293, 91
Trd, 4318868.993, 85
Trd, 4318870.393, 140
Trd, 4318870.993, 140
Trd, 4318871.243, 138
Trd, 4318872.193, 102
Trd, 4318872.893, 86
Trd, 4318873.843, 85
Trd, 4318874.943, 126
Trd, 4318875.693, 139
Trd, 4318877.143, 125
Trd, 4318877.693, 122
Trd, 4318878.543, 115
Trd, 4318878.593, 137
Trd, 4318878.643, 103
Trd, 4318879.093, 77
Trd, 4318879.443, 135
Trd, 4318880.143, 78
Trd, 4318880.693, 129
Trd, 4318881.743, 103
Trd, 4318883.093, 140
Trd, 4318883.593, 140
Trd, 4318884.093, 137
Trd, 4318884.943, 95
Trd, 4318885.393, 88
Trd, 4318886.443, 79
Trd, 4318886.693, 65
Trd, 4318887.493, 62
Trd, 4318888.643, 135
Trd, 4318889.693, 60
Trd, 4318890.493, 139
Trd, 4318891.293, 119
Trd, 4318891.393, 118
Trd, 4318892.593, 80
Trd, 4318893.443, 139
Trd, 4318893.743, 140
Trd, 4318894.743, 140
Trd, 4318894.993, 97
Trd, 4318895.643, 109
Trd, 4318895.843, 105
Trd, 4318896.093, 129
Trd, 4318897.043, 80
Trd, 4318898.493, 140
Trd, 4318898.993, 79
Trd, 4318900.093, 130
Trd, 4318901.693, 100
Trd, 4318902.543, 109
Trd, 4318903.243, 118
Trd, 4318903.693, 86
Trd, 4318904.943, 140
Trd, 4318905.293, 140
Trd, 4318905.593, 133
Trd, 4318906.343, 138
Trd, 4318906.693, 130
Trd, 4318906.993, 116
Trd, 4318907.393, 103
Trd, 4318907.693, 139
Trd, 4318907.893, 102
Trd, 4318909.043, 122
Trd, 4318909.693, 134
Trd, 4318910.793, 137
Trd, 4318911.443, 81
Trd, 4318911.643, 80
Trd, 4318913.993, 133
Trd, 4318914.143, 138
Trd, 4318914.993, 87
Trd, 4318915.043, 82
Trd, 4318915.143, 71
Trd, 4318915.793, 101
Trd, 4318916.493, 85
Trd, 4318918.843, 140
Trd, 4318919.193, 125
Trd, 4318919.443, 113
Trd, 4318919.693, 102
Trd, 4318920.643, 140
Trd, 4318920.743, 122
Trd, 4318921.843, 107
Trd, 4318922.693, 122
Trd, 4318923.793, 97
Trd, 4318923.843, 95
Trd, 4318924.393, 60
Trd, 4318926.293, 97
Trd, 4318926.893, 97
Trd, 4318928.893, 140
Trd, 4318928.993, 140
Trd, 4318929.043, 126
Trd, 4318929.343, 112
Trd, 4318930.543, 80
Trd, 4318931.143, 61
Trd, 4318931.543, 68
Trd, 4318931.793, 69
Trd, 4318932.443, 69
Trd, 4318933.543, 113
Trd, 4318933.793, 94
Trd, 4318934.543, 140
Trd, 4318935.743, 111
Trd, 4318937.143, 98
Trd, 4318937.393, 93
Trd, 4318937.943, 121
Trd, 4318938.743, 140
Trd, 4318939.143, 93
Trd, 4318940.593, 93
Trd, 4318941.193, 123
Trd, 4318941.793, 139
Trd, 4318942.343, 130
Trd, 4318942.943, 117
Trd, 4318944.843, 100
Trd, 4318945.493, 134
Trd, 4318945.693, 98
Trd, 4318946.343, 90
Trd, 4318947.043, 64
Trd, 4318947.193, 111
Trd, 4318948.143, 60
Trd, 4318948.643, 134
Trd, 4318949.043, 64
Trd, 4318949.543, 140
Trd, 4318949.693, 140
Trd, 4318950.993, 128
Trd, 4318951.293, 130
Trd, 4318952.593, 111
Trd, 4318952.943, 103
Trd, 4318953.643, 70
Trd, 4318954.193, 61
Trd, 4318954.293, 130
Trd, 4318955.293, 140
Trd, 4318955.543, 140
Trd, 4318956.843, 139
Trd, 4318957.893, 129
Trd, 4318960.393, 136
Trd, 4318961.593, 140
Trd, 4318961.643, 140
Trd, 4318962.643, 119
Trd, 4318962.743, 108
Trd, 4318963.193, 111
Trd, 4318965.393, 63
Trd, 4318965.693, 62
Trd, 4318966.493, 137
Trd, 4318966.593, 68
Trd, 4318967.693, 137
Trd, 4318967.893, 95
Trd, 4318968.243, 112
Trd, 4318968.593, 63
Trd, 4318969.593, 60
Trd, 4318971.343, 64
Trd, 4318971.443, 62
Trd, 4318972.193, 60
Trd, 4318972.243, 60
Trd, 4318974.143, 71
Trd, 4318975.093, 70
Trd, 4318975.143, 68
Trd, 4318975.743, 88
Trd, 4318975.993, 122
Trd, 4318976.843, 121
Trd, 4318977.143, 136
Trd, 4318978.143, 67
Trd, 4318978.793, 118
Trd, 4318979.243, 117
Trd, 4318980.143, 138
Trd, 4318980.843, 117
Trd, 4318981.293, 99
Trd, 4318982.093, 137
Trd, 4318982.543, 64
Trd, 4318983.093, 96
Trd, 4318984.393, 134
Trd, 4318986.043, 139
Trd, 4318986.993, 138
Trd, 4318987.943, 138
Trd, 4318988.043, 137
Trd, 4318988.243, 130
Trd, 4318989.593, 62
Trd, 4318991.143, 60
Trd, 4318991.193, 99
Trd, 4318993.893, 137
Trd, 4318994.193, 135
Trd, 4318994.393, 136
Trd, 4318994.793, 137
Trd, 4318995.293, 128
Trd, 4318995.393, 123
Trd, 4318996.143, 98
Trd, 4318996.443, 71
Trd, 4318996.543, 78
Trd, 4318996.993, 130
Trd, 4318998.443, 66
Trd, 4318999.893, 140
Trd, 4319000.343, 140
Trd, 4319001.043, 140
Trd, 4319002.493, 136
Trd, 4319002.593, 98
Trd, 4319003.143, 86
Trd, 4319003.793, 111
Trd, 4319004.993, 90
Trd, 4319006.093, 140
Trd, 4319006.893, 140
Trd, 4319007.093, 125
Trd, 4319007.943, 140
Trd, 4319008.993, 116
Trd, 4319009.143, 88
Trd, 4319009.793, 67
Trd, 4319011.093, 61
Trd, 4319011.143, 80
Trd, 4319012.443, 62
Trd, 4319013.793, 60
Trd, 4319014.193, 60
Trd, 4319014.493, 64
Trd, 4319014.593, 68
Trd, 4319016.293, 60
Trd, 4319017.393, 60
Trd, 4319017.843, 66
Trd, 4319018.293, 140
Trd, 4319018.993, 140
Trd, 4319019.793, 136
Trd, 4319020.893, 103
Trd, 4319021.843, 100
Trd, 4319022.193, 95
Trd, 4319022.643, 86
Trd, 4319023.043, 65
Trd, 4319023.593, 66
Trd, 4319024.393, 62
Trd, 4319025.043, 64
Trd, 4319026.243, 135
Trd, 4319026.393, 89
Trd, 4319027.843, 116
Trd, 4319028.293, 121
Trd, 4319028.693, 130
Trd, 4319028.843, 78
Trd, 4319029.393, 140
Trd, 4319030.243, 63
Trd, 4319031.043, 98
Trd, 4319032.193, 63
Trd, 4319032.743, 63
Trd, 4319033.393, 84
Trd, 4319034.293, 64
Trd, 4319034.493, 62
Trd, 4319035.093, 77
Trd, 4319035.693, 62
Trd, 4319036.343, 137
Trd, 4319036.793, 112
Trd, 4319038.693, 140
Trd, 4319038.793, 88
Trd, 4319038.893, 88
Trd, 4319041.043, 140
Trd, 4319041.143, 126
Trd, 4319041.293, 91
Trd, 4319042.243, 85
Trd, 4319043.943, 96
Trd, 4319045.343, 138
Trd, 4319045.543, 136
Trd, 4319046.743, 138
Trd, 4319046.843, 128
Trd, 4319047.243, 125
Trd, 4319048.393, 126
Trd, 4319049.193, 94
Trd, 4319049.543, 95
Trd, 4319050.643, 86
Trd, 4319051.343, 85
Trd, 4319051.843, 138
Trd, 4319052.193, 99
Trd, 4319052.393, 76
Trd, 4319053.893, 116
Trd, 4319053.943, 89
Trd, 4319054.043, 85
Trd, 4319054.143, 99
Trd, 4319055.693, 67
Trd, 4319056.593, 62
Trd, 4319056.693, 68
Trd, 4319057.393, 116
Trd, 4319057.843, 63
Trd, 4319058.243, 64
Trd, 4319058.943, 64
Trd, 4319060.093, 140
Trd, 4319061.493, 140
Trd, 4319061.593, 129
Trd, 4319061.693, 96
Trd, 4319062.093, 117
Trd, 4319063.343, 140
Trd, 4319063.793, 110
Trd, 4319064.443, 91
Trd, 4319066.093, 92
Trd, 4319066.143, 89
Trd, 4319066.843, 62
Trd, 4319068.093, 64
Trd, 4319068.893, 110
Trd, 4319069.043, 79
Trd, 4319069.143, 78
Trd, 4319069.893, 106
Trd, 4319070.393, 86
Trd, 4319070.543, 77
Trd, 4319071.493, 62
Trd, 4319072.843, 140
Trd, 4319073.093, 140
Trd, 4319074.043, 140
Trd, 4319074.143, 138
Trd, 4319074.993, 114
Trd, 4319075.143, 77
Trd, 4319077.293, 107
Trd, 4319078.393, 140
Trd, 4319078.643, 137
Trd, 4319079.693, 101
Trd, 4319080.293, 139
Trd, 4319080.443, 137
Trd, 4319081.393, 107
Trd, 4319082.093, 82
Trd, 4319082.543, 119
Trd, 4319084.493, 74
Trd, 4319084.593, 100
Trd, 4319085.843, 63
Trd, 4319087.293, 61
Trd, 4319087.493, 64
Trd, 4319088.143, 91
Trd, 4319089.493, 60
Trd, 4319089.743, 64
Trd, 4319089.843, 99
Trd, 4319090.643, 108
Trd, 4319090.893, 98
Trd, 4319091.443, 120
Trd, 4319091.643, 98
Trd, 4319092.793, 132
Trd, 4319093.043, 109
Trd, 4319095.093, 99
Trd, 4319095.243, 65
Trd, 4319095.493, 107
Trd, 4319095.693, 71
Trd, 4319096.243, 69
Trd, 4319097.493, 74
Trd, 4319098.143, 120
Trd, 4319098.593, 140
Trd, 4319098.993, 108
Trd, 4319099.393, 140
Trd, 4319099.943, 140
Trd, 4319101.243, 115
Trd, 4319102.143, 113
Trd, 4319102.393, 80
Trd, 4319103.143, 68
Trd, 4319103.693, 119
Trd, 4319103.843, 121
Trd, 4319104.043, 63
Trd, 4319104.693, 137
Trd, 4319105.093, 99
Trd, 4319106.793, 139
Trd, 4319106.893, 123
Trd, 4319106.993, 120
Trd, 4319108.443, 109
Trd, 4319108.693, 97
Trd, 4319109.493, 77
Trd, 4319110.143, 62
Trd, 4319110.593, 65
Trd, 4319112.293, 89
Trd, 4319112.543, 139
Trd, 4319113.443, 111
Trd, 4319113.643, 110
Trd, 4319114.943, 62
Trd, 4319115.093, 70
Trd, 4319116.093, 96
Trd, 4319117.043, 139
Trd, 4319117.693, 137
Trd, 4319118.043, 133
Trd, 4319118.343, 110
Trd, 4319119.243, 140
Trd, 4319120.293, 136
Trd, 4319120.493, 119
Trd, 4319121.243, 105
Trd, 4319121.443, 104
Trd, 4319122.293, 116
Trd, 4319122.843, 77
Trd, 4319123.243, 64
Trd, 4319123.393, 116
Trd, 4319124.493, 119
Trd, 4319124.793, 64
Trd, 4319125.143, 94
Trd, 4319127.043, 61
Trd, 4319127.193, 66
Trd, 4319127.643, 64
Trd, 4319128.843, 64
Trd, 4319128.943, 66
Trd, 4319129.043, 69
Trd, 4319130.593, 62
Trd, 4319130.743, 60
Trd, 4319131.443, 105
Trd, 4319131.993, 139
Trd, 4319132.043, 82
Trd, 4319133.143, 92
Trd, 4319134.143, 74
Trd, 4319134.543, 134
Trd, 4319134.643, 77
Trd, 4319135.493, 63
Trd, 4319136.293, 64
Trd, 4319137.143, 68
Trd, 4319138.093, 140
Trd, 4319138.893, 139
Trd, 4319139.793, 81
Trd, 4319141.943, 139
Trd, 4319142.943, 140
Trd, 4319143.443, 136
Trd, 4319144.093, 127
Trd, 4319145.043, 125
Trd, 4319146.193, 127
Trd, 4319146.343, 125
Trd, 4319146.643, 137
Trd, 4319146.993, 111
Trd, 4319147.743, 104
Trd, 4319148.543, 140
Trd, 4319149.543, 110
Trd, 4319150.493, 99
Trd, 4319151.043, 140
Trd, 4319151.243, 96
Trd, 4319151.993, 126
Trd, 4319152.793, 125
Trd, 4319153.593, 124
Trd, 4319154.443, 138
Trd, 4319155.293, 125
Trd, 4319156.393, 119
Trd, 4319156.893, 111
Trd, 4319157.043, 76
Trd, 4319157.593, 62
Trd, 4319158.343, 124
Trd, 4319159.493, 73
Trd, 4319159.743, 122
Trd, 4319159.893, 63
Trd, 4319160.643, 60
Trd, 4319160.843, 62
Trd, 4319161.993, 60
Trd, 4319163.043, 78
Trd, 4319163.593, 66
Trd, 4319163.793, 80
Trd, 4319164.143, 102
Trd, 4319164.843, 115
Trd, 4319166.043, 135
Trd, 4319167.143, 140
Trd, 4319168.243, 123
Trd, 4319168.293, 116
Trd, 4319168.443, 99
Trd, 4319168.993, 140
Trd, 4319169.393, 140
Trd, 4319170.243, 112
Trd, 4319170.543, 92
Trd, 4319171.993, 140
Trd, 4319172.393, 113
Trd, 4319172.743, 103
Trd, 4319174.393, 82
Trd, 4319175.043, 111
Trd, 4319176.293, 123
Trd, 4319176.943, 137
Trd, 4319177.443, 124
Trd, 4319177.593, 135
Trd, 4319177.693, 98
Trd, 4319178.743, 140
Trd, 4319179.043, 60
Trd, 4319179.743, 100
Trd, 4319180.343, 81
Trd, 4319180.993, 102
Trd, 4319181.293, 102
Trd, 4319182.393, 140
Trd, 4319183.243, 112
Trd, 4319185.243, 138
Trd, 4319186.843, 125
Trd, 4319187.043, 124
Trd, 4319187.493, 137
Trd, 4319187.843, 90
Trd, 4319188.343, 92
Trd, 4319189.493, 113
Trd, 4319189.743, 112
Trd, 4319190.793, 139
Trd, 4319190.993, 100
Trd, 4319192.343, 60
Trd, 4319193.593, 62
Trd, 4319194.243, 140
Trd, 4319195.393, 77
Trd, 4319196.293, 100
Trd, 4319196.893, 78
Trd, 4319197.743, 77
Trd, 4319198.443, 133
Trd, 4319198.593, 109
Trd, 4319199.343, 140
Trd, 4319200.493, 139
Trd, 4319201.443, 89
Trd, 4319201.793, 137
Trd, 4319202.143, 121
Trd, 4319202.293, 83
Trd, 4319203.193, 139
Trd, 4319203.543, 68
Trd, 4319204.443, 68
Trd, 4319205.143, 134
Trd, 4319206.093, 126
Trd, 4319206.743, 116
Trd, 4319207.293, 81
Trd, 4319208.343, 121
Trd, 4319208.543, 140
Trd, 4319209.443, 68
Trd, 4319209.743, 102
Trd, 4319210.293, 117
Trd, 4319211.143, 93
Trd, 4319212.443, 103
Trd, 4319212.843, 123
Trd, 4319213.093, 120
Trd, 4319214.743, 111
Trd, 4319214.793, 88
Trd, 4319214.893, 122
Trd, 4319215.393, 60
Trd, 4319215.643, 140
Trd, 4319216.143, 65
Trd, 4319217.193, 81
Trd, 4319217.543, 65
Trd, 4319217.843, 140
Trd, 4319219.643, 140
Trd, 4319219.943, 108
Trd, 4319220.843, 62
Trd, 4319221.293, 118
Trd, 4319222.493, 67
Trd, 4319222.743, 112
Trd, 4319224.443, 139
Trd, 4319225.993, 139
Trd, 4319226.193, 135
Trd, 4319227.193, 117
Trd, 4319227.943, 139
Trd, 4319229.193, 116
Trd, 4319229.643, 121
Trd, 4319229.793, 136
Trd, 4319231.093, 118
Trd, 4319231.243, 90
Trd, 4319232.143, 86
Trd, 4319233.493, 140
Trd, 4319233.543, 100
Trd, 4319235.043, 127
Trd, 4319235.393, 140
Trd, 4319235.543, 140
Trd, 4319236.143, 115
Trd, 4319236.593, 111
Trd, 4319236.793, 90
Trd, 4319237.393, 73
Trd, 4319238.793, 121
Trd, 4319238.943, 120
Trd, 4319240.043, 127
Trd, 4319240.293, 139
Trd, 4319240.343, 123
Trd, 4319241.093, 140
Trd, 4319242.493, 113
Trd, 4319243.243, 77
Trd, 4319243.693, 113
Trd, 4319244.743, 140
Trd, 4319245.043, 115
Trd, 4319245.293, 139
Trd, 4319245.643, 94
Trd, 4319248.643, 101
Trd, 4319248.993, 140
Trd, 4319250.493, 90
Trd, 4319250.843, 140
Trd, 4319250.943, 92
Trd, 4319251.193, 95
Trd, 4319251.543, 84
Trd, 4319251.943, 84
Trd, 4319252.893, 140
Trd, 4319252.993, 112
Trd, 4319253.243, 74
Trd, 4319253.693, 92
Trd, 4319253.893, 60
Trd, 4319254.843, 89
Trd, 4319255.243, 76
Trd, 4319256.143, 60
Trd, 4319257.043, 140
Trd, 4319257.693, 129
Trd, 4319257.793, 116
Trd, 4319258.843, 66
Trd, 4319259.243, 60
Trd, 4319259.543, 140
Trd, 4319261.443, 135
Trd, 4319262.793, 140
Trd, 4319262.893, 140
Trd, 4319263.443, 140
Trd, 4319263.793, 115
Trd, 4319264.893, 133
Trd, 4319265.443, 125
Trd, 4319265.543, 106
Trd, 4319266.493, 66
Trd, 4319266.893, 72
Trd, 4319267.093, 93
Trd, 4319268.393, 71
Trd, 4319269.693, 140
Trd, 4319271.193, 140
Trd, 4319271.593, 139
Trd, 4319271.693, 128
Trd, 4319271.743, 127
Trd, 4319272.943, 61
Trd, 4319273.743, 65
Trd, 4319273.843, 84
Trd, 4319274.893, 111
Trd, 4319275.793, 105
Trd, 4319276.543, 137
Trd, 4319276.943, 136
Trd, 4319277.243, 106
Trd, 4319277.343, 127
Trd, 4319278.193, 131
Trd, 4319279.043, 76
Trd, 4319279.493, 67
Trd, 4319279.893, 73
Trd, 4319280.043, 99
Trd, 4319280.793, 67
Trd, 4319281.393, 135
Trd, 4319282.043, 62
Trd, 4319282.293, 60
Trd, 4319283.693, 60
Trd, 4319284.793, 66
Trd, 4319285.593, 62
Trd, 4319286.093, 80
Trd, 4319286.343, 94
Trd, 4319286.543, 120
Trd, 4319286.893, 109
Trd, 4319287.593, 140
Trd, 4319287.993, 63
Trd, 4319289.243, 62
Trd, 4319289.643, 127
Trd, 4319291.093, 140
Trd, 4319291.243, 140
Trd, 4319291.393, 107
Trd, 4319291.593, 106
Trd, 4319292.093, 60
Trd, 4319292.793, 61
Trd, 4319293.293, 138
Trd, 4319295.243, 112
Trd, 4319295.493, 111
Trd, 4319296.043, 128
Trd, 4319297.343, 127
Trd, 4319297.793, 88
Trd, 4319297.993, 71
Trd, 4319298.593, 94
Trd, 4319300.043, 116
Trd, 4319301.043, 107
Trd, 4319301.143, 99
Trd, 4319301.843, 140
Trd, 4319303.143, 140
Trd, 4319304.993, 140
Trd, 4319305.543, 138
Trd, 4319305.893, 134
Trd, 4319306.893, 133
Trd, 4319307.343, 128
Trd, 4319308.543, 127
Trd, 4319309.193, 129
Trd, 4319309.393, 140
Trd, 4319309.743, 128
Trd, 4319311.043, 118
Trd, 4319312.043, 138
Trd, 4319312.743, 111
Trd, 4319312.943, 110
Trd, 4319313.293, 139
Trd, 4319313.693, 139
Trd, 4319314.043, 138
Trd, 4319315.843, 133
Trd, 4319316.643, 109
Trd, 4319316.843, 109
Trd, 4319317.043, 106
Trd, 4319318.843, 98
Trd, 4319320.743, 114
Trd, 4319320.793, 116
Trd, 4319320.893, 108
Trd, 4319321.143, 96
Trd, 4319322.193, 140
Trd, 4319322.393, 83
Trd, 4319322.693, 97
Trd, 4319323.293, 86
Trd, 4319325.593, 137
Trd, 4319326.043, 122
Trd, 4319326.393, 137
Trd, 4319326.493, 110
Trd, 4319327.393, 115
Trd, 4319327.743, 140
Trd, 4319328.493, 139
Trd, 4319328.793, 130
Trd, 4319328.993, 83
Trd, 4319330.593, 140
Trd, 4319331.393, 117
Trd, 4319331.643, 90
Trd, 4319331.893, 113
Trd, 4319332.593, 60
Trd, 4319333.093, 78
Trd, 4319334.393, 107
Trd, 4319334.593, 140
Trd, 4319334.993, 86
Trd, 4319335.893, 82
Trd, 4319337.493, 140
Trd, 4319337.893, 119
Trd, 4319339.143, 138
Trd, 4319339.193, 126
Trd, 4319340.493, 102
Trd, 4319341.393, 110
Trd, 4319342.143, 116
Trd, 4319342.393, 139
Trd, 4319343.443, 117
Trd, 4319343.943, 113
Trd, 4319344.193, 111
Trd, 4319344.543, 86
Trd, 4319345.093, 140
Trd, 4319345.343, 114
Trd, 4319346.343, 139
Trd, 4319347.193, 128
Trd, 4319347.843, 125
Trd, 4319348.343, 121
Trd, 4319349.093, 104
Trd, 4319349.393, 140
Trd, 4319349.793, 97
Trd, 4319351.543, 122
Trd, 4319351.593, 114
Trd, 4319352.543, 116
Trd, 4319352.693, 118
Trd, 4319352.793, 79
Trd, 4319354.793, 140
Trd, 4319355.293, 140
Trd, 4319355.943, 139
Trd, 4319355.993, 125
Trd, 4319356.493, 140
Trd, 4319357.593, 120
Trd, 4319357.643, 108
Trd, 4319357.793, 81
Trd, 4319359.843, 99
Trd, 4319360.543, 91
Trd, 4319361.193, 99
Trd, 4319361.293, 126
Trd, 4319361.793, 139
Trd, 4319363.093, 137
Trd, 4319363.993, 126
Trd, 4319364.143, 137
Trd, 4319365.443, 113
Trd, 4319366.543, 103
Trd, 4319366.993, 75
Trd, 4319368.293, 140
Trd, 4319368.593, 115
Trd, 4319369.493, 116
Trd, 4319369.593, 107
Trd, 4319369.893, 80
Trd, 4319370.243, 129
Trd, 4319370.893, 97
Trd, 4319371.843, 101
Trd, 4319371.993, 89
Trd, 4319372.393, 76
Trd, 4319372.493, 138
Trd, 4319373.693, 61
Trd, 4319373.743, 114
Trd, 4319374.943, 74
Trd, 4319376.043, 69
Trd, 4319376.143, 62
Trd, 4319377.143, 64
Trd, 4319377.343, 75
Trd, 4319378.243, 113
Trd, 4319379.143, 137
Trd, 4319380.043, 126
Trd, 4319380.493, 138
Trd, 4319380.843, 126
Trd, 4319381.743, 92
Trd, 4319382.543, 140
Trd, 4319382.693, 135
Trd, 4319383.743, 60
Trd, 4319383.843, 132
Trd, 4319384.093, 60
Trd, 4319384.393, 73
Trd, 4319385.643, 139
Trd, 4319386.493, 104
Trd, 4319386.543, 101
Trd, 4319386.943, 60
Trd, 4319386.993, 63
Trd, 4319387.593, 62
Trd, 4319387.643, 62
Trd, 4319389.343, 136
Trd, 4319389.693, 107
Trd, 4319391.393, 112
Trd, 4319393.193, 135
Trd, 4319394.393, 139
Trd, 4319394.993, 139
Trd, 4319395.093, 125
Trd, 4319395.343, 132
Trd, 4319397.543, 138
Trd, 4319398.143, 140
Trd, 4319398.543, 140
Trd, 4319399.343, 86
Trd, 4319400.493, 140
Trd, 4319400.643, 126
Trd, 4319401.143, 122
Trd, 4319402.343, 120
Trd, 4319403.393, 128
Trd, 4319403.743, 135
Trd, 4319404.593, 137
Trd, 4319405.393, 109
Trd, 4319406.243, 108
Trd, 4319406.743, 106
Trd, 4319407.143, 139
Trd, 4319407.393, 131
Trd, 4319407.793, 128
Trd, 4319408.043, 102
Trd, 4319408.193, 95
Trd, 4319409.343, 91
Trd, 4319409.793, 140
Trd, 4319410.743, 123
Trd, 4319411.543, 90
Trd, 4319412.343, 60
Trd, 4319412.543, 127
Trd, 4319412.893, 98
Trd, 4319413.943, 60
Trd, 4319414.393, 60
Trd, 4319415.693, 76
Trd, 4319416.343, 114
Trd, 4319416.443, 63
Trd, 4319417.343, 140
Trd, 4319417.743, 62
Trd, 4319419.293, 62
Trd, 4319419.343, 68
Trd, 4319420.493, 99
Trd, 4319420.843, 65
Trd, 4319420.993, 130
Trd, 4319421.493, 67
Trd, 4319422.693, 89
Trd, 4319422.893, 72
Trd, 4319423.593, 130
Trd, 4319424.293, 78
Trd, 4319424.393, 81
Trd, 4319424.593, 79
Trd, 4319426.293, 61
Trd, 4319426.643, 61
Trd, 4319427.043, 122
Trd, 4319428.943, 80
Trd, 4319429.343, 140
Trd, 4319429.793, 104
Trd, 4319429.893, 76
Trd, 4319430.293, 63
Trd, 4319431.143, 136
Trd, 4319431.643, 62
Trd, 4319431.993, 70
Trd, 4319432.193, 69
Trd, 4319433.793, 61
Trd, 4319434.493, 73
Trd, 4319434.993, 81
Trd, 4319435.543, 77
Trd, 4319436.793, 98
Trd, 4319437.193, 66
Trd, 4319437.943, 140
Trd, 4319438.843, 127
Trd, 4319440.143, 63
Trd, 4319441.243, 113
Trd, 4319441.643, 136
Trd, 4319441.843, 89
Trd, 4319442.293, 92
Trd, 4319443.043, 133
Trd, 4319443.843, 139
Trd, 4319443.943, 140
Trd, 4319444.893, 121
Trd, 4319445.093, 101
Trd, 4319445.993, 137
Trd, 4319447.043, 74
Trd, 4319448.843, 64
Trd, 4319449.143, 140
Trd, 4319449.843, 139
Trd, 4319450.293, 118
Trd, 4319450.993, 140
Trd, 4319451.093, 107
Trd, 4319451.293, 85
Trd, 4319451.743, 81
Trd, 4319452.493, 101
Trd, 4319453.093, 66
Trd, 4319454.593, 140
Trd, 4319455.093, 140
Trd, 4319457.043, 131
Trd, 4319457.243, 108
Trd, 4319457.293, 114
Trd, 4319458.893, 135
Trd, 4319458.993, 86
Trd, 4319460.343, 61
Trd, 4319460.693, 61
Trd, 4319460.993, 68
Trd, 4319462.043, 80
Trd, 4319462.293, 137
Trd, 4319464.043, 61
Trd, 4319464.093, 62
Trd, 4319464.193, 63
Trd, 4319464.343, 74
Trd, 4319464.943, 95
Trd, 4319465.643, 116
Trd, 4319466.343, 112
Trd, 4319467.193, 69
Trd, 4319467.993, 66
Trd, 4319468.343, 68
Trd, 4319469.443, 131
Trd, 4319469.843, 99
Trd, 4319470.693, 139
Trd, 4319471.243, 118
Trd, 4319471.293, 125
Trd, 4319471.743, 127
Trd, 4319472.143, 82
Trd, 4319473.043, 136
Trd, 4319473.793, 97
Trd, 4319474.193, 87
Trd, 4319475.193, 86
Trd, 4319476.043, 87
Trd, 4319476.943, 64
Trd, 4319477.143, 65
Trd, 4319478.043, 60
Trd, 4319478.243, 62
Trd, 4319479.993, 139
Trd, 4319480.593, 139
Trd, 4319480.793, 127
Trd, 4319481.243, 140
Trd, 4319482.943, 67
Trd, 4319484.443, 79
Trd, 4319484.943, 60
Trd, 4319485.143, 139
Trd, 4319485.743, 99
Trd, 4319486.843, 78
Trd, 4319487.393, 136
Trd, 4319487.443, 116
Trd, 4319489.193, 140
Trd, 4319489.593, 137
Trd, 4319489.943, 139
Trd, 4319490.643, 105
Trd, 4319491.843, 124
Trd, 4319491.893, 103
Trd, 4319492.793, 137
Trd, 4319492.993, 139
Trd, 4319493.293, 136
Trd, 4319493.493, 108
Trd, 4319495.893, 91
Trd, 4319496.543, 139
Trd, 4319497.893, 88
Trd, 4319498.543, 140
Trd, 4319498.693, 95
Trd, 4319499.393, 120
Trd, 4319500.093, 82
Trd, 4319501.543, 66
Trd, 4319501.593, 65
Trd, 4319502.093, 124
Trd, 4319502.943, 138
Trd, 4319503.893, 77
Trd, 4319504.943, 139
Trd, 4319505.043, 86
Trd, 4319505.493, 86
Trd, 4319505.993, 77
Trd, 4319506.293, 69
Trd, 4319507.743, 140
Trd, 4319507.943, 69
Trd, 4319510.643, 140
Trd, 4319510.843, 139
Trd, 4319510.893, 120
Trd, 4319512.143, 80
Trd, 4319512.743, 96
Trd, 4319513.443, 118
Trd, 4319513.643, 117
Trd, 4319513.893, 123
Trd, 4319514.743, 140
Trd, 4319515.343, 139
Trd, 4319516.393, 121
Trd, 4319516.593, 102
Trd, 4319516.993, 139
Trd, 4319517.543, 98
Trd, 4319518.343, 125
Trd, 4319519.043, 102
Trd, 4319519.943, 89
Trd, 4319520.093, 85
Trd, 4319520.693, 84
Trd, 4319521.543, 140
Trd, 4319521.693, 140
Trd, 4319521.993, 96
Trd, 4319522.093, 113
Trd, 4319523.193, 62
Trd, 4319524.493, 82
Trd, 4319525.043, 123
Trd, 4319525.993, 140
Trd, 4319526.843, 140
Trd, 4319527.793, 140
Trd, 4319528.393, 127
Trd, 4319528.443, 126
Trd, 4319529.393, 126
Trd, 4319529.893, 137
Trd, 4319530.143, 131
Trd, 4319530.893, 127
Trd, 4319531.693, 126
Trd, 4319531.893, 76
Trd, 4319532.693, 71
Trd, 4319534.243, 131
Trd, 4319534.643, 127
Trd, 4319536.393, 140
Trd, 4319536.443, 138
Trd, 4319536.543, 125
Trd, 4319537.243, 114
Trd, 4319538.143, 122
Trd, 4319538.193, 99
Trd, 4319539.343, 140
Trd, 4319539.643, 118
Trd, 4319540.343, 140
Trd, 4319541.993, 101
Trd, 4319542.293, 138
Trd, 4319542.443, 113
Trd, 4319543.743, 93
Trd, 4319544.343, 89
Trd, 4319545.243, 115
Trd, 4319545.893, 138
Trd, 4319546.693, 67
Trd, 4319547.243, 60
Trd, 4319547.693, 140
Trd, 4319547.743, 136
Trd, 4319547.793, 91
Trd, 4319548.543, 114
Trd, 4319549.593, 133
Trd, 4319550.343, 119
Trd, 4319550.693, 106
Trd, 4319551.643, 107
Trd, 4319552.243, 105
Trd, 4319554.193, 137
Trd, 4319554.793, 134
Trd, 4319555.043, 108
Trd, 4319555.793, 95
Trd, 4319556.193, 133
Trd, 4319556.943, 115
Trd, 4319556.993, 107
Trd, 4319557.193, 73
Trd, 4319558.193, 123
Trd, 4319558.593, 60
Trd, 4319559.293, 96
Trd, 4319559.443, 109
Trd, 4319559.793, 112
Trd, 4319560.743, 64
Trd, 4319561.643, 138
Trd, 4319563.143, 126
Trd, 4319563.293, 123
Trd, 4319563.493, 122
Trd, 4319564.643, 64
Trd, 4319565.793, 99
Trd, 4319565.993, 73
Trd, 4319566.343, 129
Trd, 4319567.893, 140
Trd, 4319568.193, 140
Trd, 4319568.293, 123
Trd, 4319568.693, 90
Trd, 4319570.393, 65
Trd, 4319571.193, 66
Trd, 4319571.493, 115
Trd, 4319572.093, 115
Trd, 4319572.493, 112
Trd, 4319573.943, 86
Trd, 4319574.143, 83
Trd, 4319575.543, 61
Trd, 4319576.143, 62
Trd, 4319576.443, 61
Trd, 4319576.943, 140
Trd, 4319578.993, 111
Trd, 4319579.093, 109
Trd, 4319579.543, 99
Trd, 4319580.093, 114
Trd, 4319580.593, 140
Trd, 4319580.943, 65
Trd, 4319582.343, 63
Trd, 4319582.393, 62
Trd, 4319582.793, 75
Trd, 4319583.093, 101
Trd, 4319583.693, 71
Trd, 4319584.193, 64
Trd, 4319584.743, 68
Trd, 4319585.443, 60
Trd, 4319585.693, 73
Trd, 4319586.593, 88
Trd, 4319587.493, 109
Trd, 4319587.793, 108
Trd, 4319589.143, 139
Trd, 4319589.643, 125
Trd, 4319589.743, 78
Trd, 4319590.693, 63
Trd, 4319591.193, 88
Trd, 4319592.793, 140
Trd, 4319593.043, 139
Trd, 4319593.193, 111
Trd, 4319593.693, 105
Trd, 4319595.743, 140
Trd, 4319595.843, 138
Trd, 4319596.593, 108
Trd, 4319597.543, 102
Trd, 4319598.343, 121
Trd, 4319598.493, 140
Trd, 4319598.693, 126
Trd, 4319599.943, 108
Trd, 4319600.443, 90
Trd, 4319601.093, 127
Trd, 4319602.443, 115
Trd, 4319602.943, 100
Trd, 4319603.193, 82
Trd, 4319603.993, 126
Trd, 4319605.893, 139
Trd, 4319606.443, 126
Trd, 4319607.243, 124
Trd, 4319607.643, 138
Trd, 4319609.393, 138
Trd, 4319609.543, 138
Trd, 4319610.043, 113
Trd, 4319610.643, 128
Trd, 4319611.693, 106
Trd, 4319612.293, 139
Trd, 4319612.693, 125
Trd, 4319613.993, 77
Trd, 4319614.093, 74
Trd, 4319615.493, 65
Trd, 4319616.543, 60
Trd, 4319616.893, 140
Trd, 4319617.043, 114
Trd, 4319617.293, 113
Trd, 4319617.943, 61
Trd, 4319619.643, 140
Trd, 4319619.693, 140
Trd, 4319620.193, 126
Trd, 4319620.343, 100
Trd, 4319621.543, 64
Trd, 4319623.643, 109
Trd, 4319623.893, 99
Trd, 4319625.343, 140
Trd, 4319625.443, 138
Trd, 4319625.793, 128
Trd, 4319625.843, 126
Trd, 4319626.393, 91
Trd, 4319627.293, 85
Trd, 4319627.543, 139
Trd, 4319629.043, 81
Trd, 4319629.143, 80
Trd, 4319629.293, 60
Trd, 4319631.493, 140
Trd, 4319631.593, 140
Trd, 4319631.943, 125
Trd, 4319632.093, 115
Trd, 4319632.293, 96
Trd, 4319633.493, 140
Trd, 4319633.943, 61
Trd, 4319634.093, 71
Trd, 4319634.193, 93
Trd, 4319635.493, 72
Trd, 4319636.543, 60
Trd, 4319637.543, 81
Trd, 4319637.893, 65
Trd, 4319638.893, 62
Trd, 4319638.993, 62
Trd, 4319640.643, 113
Trd, 4319640.843, 130
Trd, 4319641.393, 85
Trd, 4319641.843, 79
Trd, 4319642.143, 89
Trd, 4319643.143, 74
Trd, 4319643.243, 64
Trd, 4319643.843, 61
Trd, 4319643.943, 61
Trd, 4319644.343, 93
Trd, 4319646.493, 61
Trd, 4319647.043, 62
Trd, 4319647.743, 61
Trd, 4319648.343, 63
Trd, 4319648.693, 137
Trd, 4319650.143, 68
Trd, 4319650.593, 62
Trd, 4319650.793, 65
Trd, 4319652.843, 64
Trd, 4319653.193, 66
Trd, 4319653.443, 71
Trd, 4319653.793, 83
Trd, 4319654.593, 60
Trd, 4319655.293, 63
Trd, 4319655.643, 67
Trd, 4319656.943, 60
Trd, 4319657.093, 62
Trd, 4319657.843, 60
Trd, 4319658.793, 139
Trd, 4319660.593, 139
Trd, 4319660.943, 138
Trd, 4319661.193, 61
Trd, 4319661.543, 61
Trd, 4319662.243, 62
Trd, 4319662.493, 75
Trd, 4319664.043, 140
Trd, 4319664.543, 124
Trd, 4319665.893, 107
Trd, 4319666.293, 105
Trd, 4319667.393, 107
Trd, 4319668.093, 71
Trd, 4319668.393, 64
Trd, 4319668.843, 66
Trd, 4319669.193, 139
Trd, 4319669.543, 139
Trd, 4319670.043, 109
Trd, 4319671.043, 60
Trd, 4319671.593, 61
Trd, 4319673.093, 63
Trd, 4319673.193, 63
Trd, 4319673.993, 138
Trd, 4319674.343, 71
Trd, 4319676.043, 140
Trd, 4319677.093, 139
Trd, 4319677.593, 138
Trd, 4319677.843, 125
Trd, 4319678.143, 111
Trd, 4319678.193, 88
Trd, 4319679.143, 121
Trd, 4319679.543, 103
Trd, 4319681.493, 132
Trd, 4319681.993, 61
Trd, 4319682.193, 60
Trd, 4319682.943, 85
Trd, 4319683.043, 78
Trd, 4319683.593, 140
Trd, 4319684.393, 117
Trd, 4319684.893, 110
Trd, 4319686.393, 84
Trd, 4319686.493, 83
Trd, 4319687.093, 88
Trd, 4319688.043, 63
Trd, 4319688.243, 61
Trd, 4319689.193, 70
Trd, 4319689.793, 138
Trd, 4319691.693, 61
Trd, 4319691.943, 63
Trd, 4319692.993, 62
Trd, 4319693.893, 62
Trd, 4319694.243, 68
Trd, 4319695.393, 117
Trd, 4319695.843, 64
Trd, 4319696.293, 63
Trd, 4319697.143, 108
Trd, 4319697.243, 92
Trd, 4319698.343, 79
Trd, 4319698.543, 124
Trd, 4319699.293, 112
Trd, 4319699.493, 102
Trd, 4319699.943, 140
Trd, 4319700.243, 65
Trd, 4319700.693, 63
Trd, 4319701.993, 94
Trd, 4319703.043, 98
Trd, 4319703.193, 79
Trd, 4319704.143, 138
Trd, 4319705.443, 61
Trd, 4319706.343, 63
Trd, 4319707.843, 139
Trd, 4319708.693, 102
Trd, 4319709.093, 98
Trd, 4319709.593, 131
Trd, 4319710.093, 94
Trd, 4319710.593, 99
Trd, 4319711.193, 95
Trd, 4319711.293, 65
Trd, 4319711.493, 129
Trd, 4319711.893, 135
Trd, 4319711.943, 134
Trd, 4319712.943, 119
Trd, 4319713.443, 63
Trd, 4319714.843, 117
Trd, 4319715.893, 112
Trd, 4319716.643, 113
Trd, 4319717.193, 140
Trd, 4319717.843, 140
Trd, 4319718.243, 105
Trd, 4319719.543, 126
Trd, 4319720.193, 110
Trd, 4319720.643, 94
Trd, 4319722.843, 60
Trd, 4319722.893, 64
Trd, 4319723.443, 111
Trd, 4319724.043, 140
Trd, 4319724.293, 62
Trd, 4319724.643, 61
Trd, 4319725.693, 96
Trd, 4319726.593, 100
Trd, 4319726.743, 87
Trd, 4319727.543, 71
Trd, 4319728.243, 87
Trd, 4319728.443, 84
Trd, 4319728.543, 136
Trd, 4319728.843, 114
Trd, 4319729.893, 62
Trd, 4319730.443, 63
Trd, 4319731.593, 140
Trd, 4319732.543, 97
Trd, 4319733.343, 60
Trd, 4319734.043, 60
Trd, 4319734.543, 60
Trd, 4319734.743, 69
Trd, 4319736.093, 62
Trd, 4319737.243, 116
Trd, 4319737.943, 140
Trd, 4319738.993, 62
Trd, 4319739.093, 70
Trd, 4319740.843, 60
Trd, 4319741.043, 61
Trd, 4319741.193, 63
Trd, 4319741.543, 77
Trd, 4319741.843, 92
Trd, 4319743.193, 121
Trd, 4319743.843, 109
Trd, 4319745.293, 140
Trd, 4319745.443, 139
Trd, 4319745.593, 116
Trd, 4319746.943, 110
Trd, 4319747.093, 70
Trd, 4319748.143, 136
Trd, 4319748.643, 120
Trd, 4319748.893, 87
Trd, 4319748.943, 85
Trd, 4319749.493, 131
Trd, 4319750.893, 138
Trd, 4319751.543, 130
Trd, 4319752.093, 115
Trd, 4319752.343, 101
Trd, 4319752.943, 115
Trd, 4319753.493, 106
Trd, 4319753.943, 77
Trd, 4319755.443, 82
Trd, 4319756.043, 113
Trd, 4319756.893, 69
Trd, 4319757.443, 132
Trd, 4319758.093, 73
Trd, 4319759.343, 137
Trd, 4319759.893, 108
Trd, 4319760.793, 140
Trd, 4319761.143, 140
Trd, 4319761.643, 80
Trd, 4319761.943, 117
Trd, 4319761.993, 75
Trd, 4319762.493, 83
Trd, 4319763.593, 72
Trd, 4319764.493, 89
Trd, 4319765.243, 60
Trd, 4319765.943, 67
Trd, 4319766.393, 74
Trd, 4319766.993, 140
Trd, 4319768.043, 140
Trd, 4319768.293, 140
Trd, 4319768.643, 140
Trd, 4319769.793, 139
Trd, 4319769.843, 126
Trd, 4319770.643, 139
Trd, 4319770.743, 113
Trd, 4319771.243, 89
Trd, 4319771.743, 61
Trd, 4319772.443, 60
Trd, 4319773.243, 140
Trd, 4319773.793, 139
Trd, 4319774.243, 127
Trd, 4319774.943, 108
Trd, 4319775.843, 140
Trd, 4319776.593, 92
Trd, 4319777.393, 115
Trd, 4319777.793, 104
Trd, 4319778.143, 81
Trd, 4319778.493, 74
Trd, 4319778.593, 63
Trd, 4319779.493, 67
Trd, 4319780.943, 60
Trd, 4319781.293, 60
Trd, 4319781.943, 130
Trd, 4319782.993, 129
Trd, 4319783.193, 98
Trd, 4319785.343, 60
Trd, 4319785.393, 60
Trd, 4319785.993, 63
Trd, 4319786.143, 65
Trd, 4319786.343, 64
Trd, 4319787.443, 63
Trd, 4319787.943, 88
Trd, 4319788.743, 140
Trd, 4319789.293, 109
Trd, 4319789.793, 86
Trd, 4319790.493, 113
Trd, 4319791.043, 100
Trd, 4319791.593, 94
Trd, 4319792.543, 107
Trd, 4319793.043, 89
Trd, 4319793.293, 70
Trd, 4319794.193, 115
Trd, 4319795.493, 140
Trd, 4319795.743, 139
Trd, 4319796.643, 126
Trd, 4319797.993, 138
Trd, 4319798.693, 112
Trd, 4319798.793, 109
Trd, 4319799.293, 109
Trd, 4319800.143, 104
Trd, 4319800.243, 90
Trd, 4319800.443, 75
Trd, 4319801.443, 61
Trd, 4319801.893, 62
Trd, 4319802.843, 137
Trd, 4319803.743, 71
Trd, 4319804.343, 63
Trd, 4319804.493, 97
Trd, 4319805.793, 134
Trd, 4319806.143, 125
Trd, 4319806.193, 124
Trd, 4319806.343, 79
Trd, 4319806.843, 77
Trd, 4319807.043, 70
Trd, 4319807.793, 140
Trd, 4319809.193, 116
Trd, 4319809.543, 108
Trd, 4319810.793, 130
Trd, 4319811.043, 83
Trd, 4319811.093, 131
Trd, 4319813.193, 140
Trd, 4319813.243, 122
Trd, 4319814.393, 94
Trd, 4319815.443, 139
Trd, 4319816.543, 136
Trd, 4319816.893, 137
Trd, 4319817.793, 124
Trd, 4319817.993, 100
Trd, 4319818.043, 95
Trd, 4319819.243, 139
Trd, 4319819.493, 90
Trd, 4319820.143, 116
Trd, 4319820.743, 102
Trd, 4319821.593, 139
Trd, 4319822.143, 77
Trd, 4319822.343, 83
Trd, 4319822.843, 70
Trd, 4319823.793, 140
Trd, 4319824.193, 112
Trd, 4319824.293, 109
Trd, 4319824.543, 102
Trd, 4319825.243, 134
Trd, 4319826.193, 112
Trd, 4319826.743, 138
Trd, 4319827.393, 125
Trd, 4319828.443, 106
Trd, 4319828.543, 140
Trd, 4319830.093, 87
Trd, 4319830.893, 126
Trd, 4319831.043, 102
Trd, 4319831.843, 61
Trd, 4319832.543, 138
Trd, 4319833.093, 125
Trd, 4319834.643, 122
Trd, 4319835.543, 113
Trd, 4319835.993, 106
Trd, 4319836.493, 80
Trd, 4319837.493, 140
Trd, 4319837.593, 140
Trd, 4319837.643, 98
Trd, 4319838.543, 100
Trd, 4319839.493, 140
Trd, 4319840.043, 131
Trd, 4319840.193, 113
Trd, 4319840.743, 83
Trd, 4319841.843, 74
Trd, 4319841.943, 71
Trd, 4319842.793, 64
Trd, 4319844.793, 99
Trd, 4319844.943, 98
Trd, 4319846.793, 140
Trd, 4319847.193, 140
Trd, 4319847.893, 140
Trd, 4319848.293, 140
Trd, 4319848.843, 136
Trd, 4319851.693, 131
Trd, 4319852.093, 127
Trd, 4319852.543, 84
Trd, 4319854.343, 140
Trd, 4319854.743, 100
Trd, 4319854.843, 95
Trd, 4319854.993, 91
Trd, 4319856.793, 140
Trd, 4319856.843, 139
Trd, 4319858.143, 64
Trd, 4319858.993, 118
Trd, 4319860.043, 104
Trd, 4319860.293, 85
Trd, 4319861.243, 81
Trd, 4319861.543, 103
Trd, 4319862.843, 140
Trd, 4319862.893, 140
Trd, 4319862.993, 122
Trd, 4319863.243, 120
Trd, 4319864.143, 140
Trd, 4319864.243, 81
Trd, 4319865.193, 94
Trd, 4319865.293, 107
Trd, 4319866.793, 65
Trd, 4319867.743, 61
Trd, 4319868.193, 70
Trd, 4319868.743, 60
Trd, 4319869.893, 88
Trd, 4319870.693, 64
Trd, 4319871.793, 66
Trd, 4319872.343, 139
Trd, 4319873.143, 103
Trd, 4319873.543, 108
Trd, 4319873.743, 97
Trd, 4319873.993, 90
Trd, 4319874.243, 122
Trd, 4319875.143, 88
Trd, 4319875.743, 120
Trd, 4319877.243, 65
Trd, 4319878.043, 122
Trd, 4319878.843, 140
Trd, 4319879.443, 139
Trd, 4319879.493, 104
Trd, 4319880.193, 98
Trd, 4319882.193, 137
Trd, 4319882.393, 123
Trd, 4319883.293, 136
Trd, 4319884.443, 116
Trd, 4319884.493, 125
Trd, 4319885.793, 97
Trd, 4319886.493, 62
Trd, 4319886.993, 91
Trd, 4319888.643, 140
Trd, 4319889.243, 140
Trd, 4319889.293, 138
Trd, 4319889.893, 133
Trd, 4319891.643, 120
Trd, 4319892.443, 109
Trd, 4319892.843, 139
Trd, 4319892.943, 91
Trd, 4319893.193, 68
Trd, 4319894.293, 66
Trd, 4319895.343, 68
Trd, 4319895.443, 70
Trd, 4319895.743, 83
Trd, 4319897.193, 61
Trd, 4319897.293, 83
Trd, 4319897.543, 139
Trd, 4319897.893, 62
Trd, 4319899.093, 140
Trd, 4319900.143, 72
Trd, 4319900.843, 63
Trd, 4319901.093, 64
Trd, 4319901.543, 86
Trd, 4319904.093, 99
Trd, 4319904.443, 64
Trd, 4319905.193, 61
Trd, 4319905.343, 137
Trd, 4319906.593, 75
Trd, 4319907.343, 64
Trd, 4319909.743, 139
Trd, 4319909.993, 128
Trd, 4319910.143, 115
Trd, 4319910.343, 139
Trd, 4319910.993, 80
Trd, 4319912.093, 65
Trd, 4319912.393, 137
Trd, 4319913.043, 138
Trd, 4319914.493, 102
Trd, 4319914.793, 112
Trd, 4319915.243, 135
Trd, 4319916.643, 93
Trd, 4319917.593, 121
Trd, 4319917.643, 103
Trd, 4319917.943, 94
Trd, 4319918.193, 93
Trd, 4319919.343, 76
Trd, 4319919.893, 109
Trd, 4319920.543, 105
Trd, 4319920.693, 84
Trd, 4319922.343, 116
Trd, 4319923.093, 140
Trd, 4319923.993, 71
Trd, 4319924.343, 111
Trd, 4319925.293, 71
Trd, 4319925.593, 69
Trd, 4319925.843, 140
Trd, 4319926.893, 98
Trd, 4319927.693, 78
Trd, 4319929.343, 140
Trd, 4319929.693, 73
Trd, 4319929.893, 64
Trd, 4319931.343, 138
Trd, 4319931.593, 136
Trd, 4319932.543, 101
Trd, 4319933.543, 120
Trd, 4319933.893, 117
Trd, 4319934.243, 111
Trd, 4319934.443, 86
Trd, 4319935.543, 140
Trd, 4319936.993, 140
Trd, 4319937.043, 110
Trd, 4319937.093, 105
Trd, 4319937.593, 101
Trd, 4319938.143, 140
Trd, 4319938.593, 83
Trd, 4319939.143, 139
Trd, 4319939.193, 87
Trd, 4319940.893, 137
Trd, 4319942.243, 77
Trd, 4319942.993, 127
Trd, 4319943.293, 103
Trd, 4319943.643, 91
Trd, 4319943.843, 90
Trd, 4319944.243, 140
Trd, 4319945.243, 128
Trd, 4319945.843, 66
Trd, 4319946.093, 129
Trd, 4319946.443, 92
Trd, 4319947.143, 140
Trd, 4319947.393, 125
Trd, 4319947.893, 123
Trd, 4319948.243, 69
Trd, 4319948.743, 63
Trd, 4319950.393, 139
Trd, 4319950.943, 71
Trd, 4319951.493, 68
Trd, 4319952.393, 68
Trd, 4319953.043, 101
Trd, 4319954.193, 63
Trd, 4319954.493, 101
Trd, 4319954.943, 72
Trd, 4319957.043, 140
Trd, 4319958.093, 108
Trd, 4319958.493, 106
Trd, 4319959.093, 138
Trd, 4319959.293, 125
Trd, 4319959.543, 121
Trd, 4319959.893, 99
Trd, 4319961.293, 60
Trd, 4319962.193, 74
Trd, 4319962.543, 72
Trd, 4319962.893, 113
Trd, 4319964.643, 62
Trd, 4319965.743, 86
Trd, 4319965.893, 61
Trd, 4319966.293, 139
Trd, 4319967.393, 73
Trd, 4319967.543, 69
Trd, 4319968.343, 67
Trd, 4319969.693, 74
Trd, 4319970.243, 100
Trd, 4319971.943, 140
Trd, 4319972.143, 71
Trd, 4319972.693, 117
Trd, 4319972.743, 107
Trd, 4319973.393, 140
Trd, 4319973.693, 131
Trd, 4319976.493, 139
Trd, 4319977.143, 124
Trd, 4319977.593, 136
Trd, 4319979.243, 88
Trd, 4319979.793, 140
Trd, 4319979.993, 117
Trd, 4319980.893, 88
Trd, 4319981.243, 120
Trd, 4319981.993, 81
Trd, 4319982.893, 77
Trd, 4319984.093, 114
Trd, 4319984.343, 61
Trd, 4319985.443, 60
Trd, 4319985.493, 60
Trd, 4319985.843, 63
Trd, 4319986.143, 60
Trd, 4319986.843, 64
Trd, 4319987.243, 98
Trd, 4319987.443, 117
Trd, 4319989.143, 105
Trd, 4319989.693, 71
Trd, 4319990.493, 63
Trd, 4319991.093, 117
Trd, 4319991.793, 119
Trd, 4319992.793, 102
Trd, 4319993.593, 118
Trd, 4319994.193, 117
Trd, 4319994.543, 113
Trd, 4319995.643, 140
Trd, 4319996.343, 103
Trd, 4319996.693, 128
Trd, 4319997.493, 139
Trd, 4319997.893, 108
Trd, 4319999.093, 132
Trd, 4319999.143, 87
Trd, 4319999.793, 74
