Trd, 4318115.393, 127
Trd, 4318116.093, 128
Trd, 4318116.493, 131
Trd, 4318118.043, 137
Trd, 4318118.193, 138
Trd, 4318119.193, 136
Trd, 4318119.393, 120
Trd, 4318119.543, 106
Trd, 4318120.643, 91
Trd, 4318121.093, 120
Trd, 4318122.743, 73
Trd, 4318122.793, 72
Trd, 4318123.243, 140
Trd, 4318123.743, 135
Trd, 4318124.293, 63
Trd, 4318126.543, 60
Trd, 4318127.093, 60
Trd, 4318128.143, 60
Trd, 4318128.643, 60
Trd, 4318129.793, 65
Trd, 4318129.993, 65
Trd, 4318131.243, 60
Trd, 4318131.943, 62
Trd, 4318132.143, 63
Trd, 4318132.993, 92
Trd, 4318133.493, 93
Trd, 4318133.543, 122
Trd, 4318133.893, 114
Trd, 4318134.293, 105
Trd, 4318135.993, 129
Trd, 4318136.643, 127
Trd, 4318137.193, 104
Trd, 4318137.393, 115
Trd, 4318137.993, 140
Trd, 4318138.193, 103
Trd, 4318138.943, 103
Trd, 4318140.843, 140
Trd, 4318141.493, 140
Trd, 4318141.943, 140
Trd, 4318141.993, 140
Trd, 4318142.693, 140
Trd, 4318145.443, 140
Trd, 4318145.493, 140
Trd, 4318145.643, 140
Trd, 4318146.393, 140
Trd, 4318147.393, 140
Trd, 4318147.793, 140
Trd, 4318148.993, 126
Trd, 4318151.143, 140
Trd, 4318151.443, 140
Trd, 4318151.643, 140
Trd, 4318152.343, 140
Trd, 4318153.593, 140
Trd, 4318154.543, 140
Trd, 4318154.893, 140
Trd, 4318154.993, 140
Trd, 4318156.043, 140
Trd, 4318157.493, 140
Trd, 4318157.543, 140
Trd, 4318157.793, 140
Trd, 4318160.493, 140
Trd, 4318161.693, 140
Trd, 4318162.393, 140
Trd, 4318162.593, 140
Trd, 4318163.293, 140
Trd, 4318163.593, 131
Trd, 4318164.343, 140
Trd, 4318166.593, 136
Trd, 4318167.593, 132
Trd, 4318168.243, 140
Trd, 4318168.393, 139
Trd, 4318169.343, 140
Trd, 4318169.743, 139
Trd, 4318170.243, 134
Trd, 4318170.693, 129
Trd, 4318171.293, 135
Trd, 4318171.843, 135
Trd, 4318172.243, 133
Trd, 4318172.393, 140
Trd, 4318172.843, 96
Trd, 4318173.743, 62
Trd, 4318174.193, 65
Trd, 4318175.193, 60
Trd, 4318176.443, 61
Trd, 4318176.793, 139
Trd, 4318177.493, 65
Trd, 4318177.843, 63
Trd, 4318178.743, 140
Trd, 4318179.693, 140
Trd, 4318180.793, 140
Trd, 4318181.593, 140
Trd, 4318181.643, 140
Trd, 4318182.493, 140
Trd, 4318183.643, 140
Trd, 4318183.943, 140
Trd, 4318184.543, 140
Trd, 4318184.943, 140
Trd, 4318184.993, 139
Trd, 4318185.593, 131
Trd, 4318186.743, 132
Trd, 4318187.243, 132
Trd, 4318187.943, 132
Trd, 4318189.043, 139
Trd, 4318189.293, 138
Trd, 4318189.393, 131
Trd, 4318190.193, 132
Trd, 4318190.743, 133
Trd, 4318191.393, 133
Trd, 4318193.143, 140
Trd, 4318193.243, 140
Trd, 4318193.843, 140
Trd, 4318194.093, 140
Trd, 4318194.443, 139
Trd, 4318195.443, 118
Trd, 4318196.793, 133
Trd, 4318197.343, 107
Trd, 4318197.543, 98
Trd, 4318198.593, 60
Trd, 4318198.993, 63
Trd, 4318199.243, 69
Trd, 4318201.443, 64
Trd, 4318201.993, 64
Trd, 4318202.043, 65
Trd, 4318202.743, 65
Trd, 4318203.193, 68
Trd, 4318206.543, 60
Trd, 4318207.593, 60
Trd, 4318207.793, 61
Trd, 4318207.993, 61
Trd, 4318208.693, 63
Trd, 4318208.843, 64
Trd, 4318209.293, 61
Trd, 4318211.793, 140
Trd, 4318212.293, 140
Trd, 4318212.543, 140
Trd, 4318213.743, 140
Trd, 4318213.993, 140
Trd, 4318214.743, 140
Trd, 4318216.143, 140
Trd, 4318217.893, 140
Trd, 4318218.493, 140
Trd, 4318218.743, 140
Trd, 4318218.893, 140
Trd, 4318219.643, 140
Trd, 4318220.343, 140
Trd, 4318221.993, 140
Trd, 4318222.193, 140
Trd, 4318222.293, 140
Trd, 4318222.393, 140
Trd, 4318223.493, 140
Trd, 4318223.843, 140
Trd, 4318224.243, 140
Trd, 4318225.693, 140
Trd, 4318226.193, 131
Trd, 4318226.493, 131
Trd, 4318226.593, 106
Trd, 4318227.143, 138
Trd, 4318228.743, 140
Trd, 4318229.493, 140
Trd, 4318230.193, 140
Trd, 4318232.443, 140
Trd, 4318233.443, 140
Trd, 4318234.143, 140
Trd, 4318234.793, 140
Trd, 4318236.643, 140
Trd, 4318237.443, 140
Trd, 4318238.293, 140
Trd, 4318238.443, 140
Trd, 4318238.493, 140
Trd, 4318241.393, 140
Trd, 4318241.793, 140
Trd, 4318242.143, 140
Trd, 4318242.293, 140
Trd, 4318242.643, 140
Trd, 4318242.943, 139
Trd, 4318243.393, 112
Trd, 4318244.493, 136
Trd, 4318246.893, 136
Trd, 4318246.993, 135
Trd, 4318247.343, 133
Trd, 4318247.593, 127
Trd, 4318249.793, 140
Trd, 4318251.193, 140
Trd, 4318251.393, 140
Trd, 4318251.493, 140
Trd, 4318252.093, 140
Trd, 4318252.893, 133
Trd, 4318252.993, 123
Trd, 4318253.493, 138
Trd, 4318254.493, 138
Trd, 4318254.843, 139
Trd, 4318256.893, 138
Trd, 4318257.143, 131
Trd, 4318258.243, 140
Trd, 4318259.393, 140
Trd, 4318260.143, 140
Trd, 4318260.243, 140
Trd, 4318260.343, 139
Trd, 4318261.143, 140
Trd, 4318261.293, 122
Trd, 4318264.343, 61
Trd, 4318265.993, 61
Trd, 4318266.193, 60
Trd, 4318266.493, 64
Trd, 4318266.793, 62
Trd, 4318267.443, 63
Trd, 4318268.393, 63
Trd, 4318269.193, 60
Trd, 4318269.893, 64
Trd, 4318270.643, 127
Trd, 4318271.493, 63
Trd, 4318272.043, 138
Trd, 4318273.893, 140
Trd, 4318274.293, 140
Trd, 4318274.643, 140
Trd, 4318274.793, 140
Trd, 4318275.443, 140
Trd, 4318276.293, 139
Trd, 4318277.493, 140
Trd, 4318278.243, 140
Trd, 4318279.393, 140
Trd, 4318280.843, 140
Trd, 4318281.393, 140
Trd, 4318282.443, 140
Trd, 4318283.093, 140
Trd, 4318283.593, 140
Trd, 4318283.843, 140
Trd, 4318284.243, 136
Trd, 4318284.493, 137
Trd, 4318285.843, 140
Trd, 4318286.243, 140
Trd, 4318286.343, 125
Trd, 4318287.443, 140
Trd, 4318289.093, 140
Trd, 4318289.193, 140
Trd, 4318291.293, 140
Trd, 4318292.693, 140
Trd, 4318292.943, 140
Trd, 4318293.943, 140
Trd, 4318294.193, 140
Trd, 4318294.593, 123
Trd, 4318295.843, 138
Trd, 4318295.893, 137
Trd, 4318296.243, 136
Trd, 4318297.193, 131
Trd, 4318298.243, 139
Trd, 4318299.043, 136
Trd, 4318299.393, 139
Trd, 4318299.893, 140
Trd, 4318300.193, 139
Trd, 4318300.993, 127
Trd, 4318301.593, 127
Trd, 4318302.443, 126
Trd, 4318302.593, 110
Trd, 4318303.543, 71
Trd, 4318305.093, 135
Trd, 4318305.343, 135
Trd, 4318306.093, 140
Trd, 4318306.493, 139
Trd, 4318306.693, 139
Trd, 4318308.443, 140
Trd, 4318308.993, 140
Trd, 4318309.693, 140
Trd, 4318309.843, 140
Trd, 4318311.293, 140
Trd, 4318311.393, 140
Trd, 4318311.593, 140
Trd, 4318312.293, 140
Trd, 4318313.343, 140
Trd, 4318313.893, 135
Trd, 4318314.893, 132
Trd, 4318314.993, 121
Trd, 4318316.043, 140
Trd, 4318316.793, 139
Trd, 4318317.693, 140
Trd, 4318319.193, 140
Trd, 4318319.493, 140
Trd, 4318321.293, 140
Trd, 4318321.843, 140
Trd, 4318322.243, 140
Trd, 4318322.593, 140
Trd, 4318324.343, 140
Trd, 4318325.043, 140
Trd, 4318325.093, 140
Trd, 4318325.143, 140
Trd, 4318326.093, 140
Trd, 4318326.843, 140
Trd, 4318327.993, 126
Trd, 4318329.393, 140
Trd, 4318329.893, 138
Trd, 4318330.293, 134
Trd, 4318331.343, 136
Trd, 4318332.193, 137
Trd, 4318332.693, 137
Trd, 4318332.843, 137
Trd, 4318333.793, 123
Trd, 4318333.843, 114
Trd, 4318334.093, 112
Trd, 4318334.993, 140
Trd, 4318335.143, 103
Trd, 4318337.243, 135
Trd, 4318337.993, 140
Trd, 4318339.193, 140
Trd, 4318339.243, 140
Trd, 4318340.293, 140
Trd, 4318341.043, 140
Trd, 4318342.993, 140
Trd, 4318343.293, 140
Trd, 4318343.893, 140
Trd, 4318344.243, 140
Trd, 4318344.343, 140
Trd, 4318344.743, 140
Trd, 4318344.993, 131
Trd, 4318345.643, 138
Trd, 4318347.293, 140
Trd, 4318347.493, 133
Trd, 4318348.643, 139
Trd, 4318349.743, 140
Trd, 4318349.893, 139
Trd, 4318350.743, 140
Trd, 4318352.143, 140
Trd, 4318352.293, 140
Trd, 4318352.593, 140
Trd, 4318352.793, 140
Trd, 4318354.343, 140
Trd, 4318354.543, 140
Trd, 4318354.793, 140
Trd, 4318355.043, 132
Trd, 4318357.093, 130
Trd, 4318357.793, 140
Trd, 4318358.643, 140
Trd, 4318359.243, 140
Trd, 4318359.543, 140
Trd, 4318360.093, 140
Trd, 4318360.543, 140
Trd, 4318361.893, 80
Trd, 4318361.993, 100
Trd, 4318363.343, 138
Trd, 4318363.793, 138
Trd, 4318364.543, 134
Trd, 4318364.843, 139
Trd, 4318365.143, 60
Trd, 4318365.493, 100
Trd, 4318366.093, 64
Trd, 4318366.793, 139
Trd, 4318367.193, 106
Trd, 4318369.693, 61
Trd, 4318371.343, 60
Trd, 4318371.543, 61
Trd, 4318371.643, 64
Trd, 4318372.893, 66
Trd, 4318373.343, 68
Trd, 4318373.893, 69
Trd, 4318374.793, 71
Trd, 4318375.143, 69
Trd, 4318375.593, 62
Trd, 4318376.693, 66
Trd, 4318377.343, 67
Trd, 4318379.543, 60
Trd, 4318380.243, 60
Trd, 4318380.543, 70
Trd, 4318381.493, 126
Trd, 4318381.643, 126
Trd, 4318381.843, 125
Trd, 4318382.193, 124
Trd, 4318383.093, 60
Trd, 4318384.043, 66
Trd, 4318386.143, 60
Trd, 4318387.093, 67
Trd, 4318387.193, 133
Trd, 4318388.893, 60
Trd, 4318389.143, 60
Trd, 4318389.293, 60
Trd, 4318389.443, 60
Trd, 4318390.143, 134
Trd, 4318391.193, 136
Trd, 4318391.693, 140
Trd, 4318392.143, 137
Trd, 4318392.543, 128
Trd, 4318393.343, 129
Trd, 4318393.593, 61
Trd, 4318395.193, 125
Trd, 4318395.743, 138
Trd, 4318396.693, 127
Trd, 4318396.743, 125
Trd, 4318396.793, 123
Trd, 4318397.843, 117
Trd, 4318398.893, 140
Trd, 4318399.043, 132
Trd, 4318400.993, 132
Trd, 4318401.493, 134
Trd, 4318402.043, 134
Trd, 4318402.943, 138
Trd, 4318403.693, 140
Trd, 4318403.793, 138
Trd, 4318403.993, 140
Trd, 4318404.093, 139
Trd, 4318404.943, 140
Trd, 4318405.293, 140
Trd, 4318407.693, 140
Trd, 4318407.743, 136
Trd, 4318408.093, 129
Trd, 4318409.243, 140
Trd, 4318409.843, 140
Trd, 4318410.943, 140
Trd, 4318411.243, 140
Trd, 4318412.493, 140
Trd, 4318412.593, 138
Trd, 4318412.893, 140
Trd, 4318413.943, 140
Trd, 4318414.643, 140
Trd, 4318416.243, 140
Trd, 4318416.793, 139
Trd, 4318417.093, 136
Trd, 4318417.443, 140
Trd, 4318417.543, 130
Trd, 4318418.893, 62
Trd, 4318419.393, 93
Trd, 4318419.693, 61
Trd, 4318420.243, 64
Trd, 4318421.043, 104
Trd, 4318422.143, 115
Trd, 4318422.593, 108
Trd, 4318423.793, 140
Trd, 4318424.193, 140
Trd, 4318425.493, 140
Trd, 4318426.043, 140
Trd, 4318426.143, 140
Trd, 4318427.143, 140
Trd, 4318427.693, 140
Trd, 4318428.593, 140
Trd, 4318428.793, 140
Trd, 4318428.843, 140
Trd, 4318429.793, 140
Trd, 4318431.543, 140
Trd, 4318431.993, 140
Trd, 4318432.693, 139
Trd, 4318435.243, 140
Trd, 4318435.343, 140
Trd, 4318436.793, 140
Trd, 4318437.193, 140
Trd, 4318437.843, 140
Trd, 4318438.293, 140
Trd, 4318439.293, 134
Trd, 4318440.093, 140
Trd, 4318440.243, 128
Trd, 4318440.443, 128
Trd, 4318440.643, 126
Trd, 4318441.943, 60
Trd, 4318441.993, 60
Trd, 4318443.243, 140
Trd, 4318443.643, 140
Trd, 4318444.993, 140
Trd, 4318445.243, 140
Trd, 4318445.293, 140
Trd, 4318446.543, 112
Trd, 4318446.993, 105
Trd, 4318447.593, 60
Trd, 4318447.693, 61
Trd, 4318447.943, 107
Trd, 4318448.543, 138
Trd, 4318450.393, 72
Trd, 4318451.143, 107
Trd, 4318452.043, 114
Trd, 4318452.093, 113
Trd, 4318452.293, 112
Trd, 4318452.843, 107
Trd, 4318453.493, 137
Trd, 4318453.593, 132
Trd, 4318454.093, 124
Trd, 4318454.893, 139
Trd, 4318456.543, 139
Trd, 4318457.393, 129
Trd, 4318457.543, 120
Trd, 4318459.243, 60
Trd, 4318460.293, 130
Trd, 4318460.843, 131
Trd, 4318461.493, 134
Trd, 4318462.393, 139
Trd, 4318463.343, 136
Trd, 4318465.093, 139
Trd, 4318465.593, 140
Trd, 4318465.793, 140
Trd, 4318466.543, 137
Trd, 4318467.093, 130
Trd, 4318467.193, 130
Trd, 4318467.293, 129
Trd, 4318468.993, 124
Trd, 4318469.693, 123
Trd, 4318471.093, 64
Trd, 4318471.143, 66
Trd, 4318471.593, 62
Trd, 4318471.893, 138
Trd, 4318473.693, 140
Trd, 4318474.443, 140
Trd, 4318474.643, 140
Trd, 4318476.493, 133
Trd, 4318477.793, 140
Trd, 4318478.543, 140
Trd, 4318479.143, 140
Trd, 4318479.493, 140
Trd, 4318480.543, 140
Trd, 4318480.893, 140
Trd, 4318481.143, 139
Trd, 4318482.593, 140
Trd, 4318482.993, 139
Trd, 4318484.293, 138
Trd, 4318485.043, 140
Trd, 4318485.993, 140
Trd, 4318486.893, 140
Trd, 4318487.493, 140
Trd, 4318488.243, 140
Trd, 4318488.493, 140
Trd, 4318488.743, 140
Trd, 4318489.343, 140
Trd, 4318490.843, 140
Trd, 4318491.043, 140
Trd, 4318492.643, 139
Trd, 4318492.693, 138
Trd, 4318492.993, 115
Trd, 4318493.193, 115
Trd, 4318494.293, 119
Trd, 4318494.993, 138
Trd, 4318496.043, 140
Trd, 4318496.543, 139
Trd, 4318499.093, 140
Trd, 4318499.993, 140
Trd, 4318500.243, 140
Trd, 4318500.393, 140
Trd, 4318500.593, 140
Trd, 4318501.543, 140
Trd, 4318501.843, 132
Trd, 4318502.143, 123
Trd, 4318503.143, 112
Trd, 4318503.943, 60
Trd, 4318504.493, 140
Trd, 4318504.843, 60
Trd, 4318506.393, 61
Trd, 4318507.343, 60
Trd, 4318507.593, 60
Trd, 4318508.043, 95
Trd, 4318509.693, 78
Trd, 4318510.743, 140
Trd, 4318511.593, 140
Trd, 4318512.893, 140
Trd, 4318513.743, 140
Trd, 4318514.293, 134
Trd, 4318515.293, 125
Trd, 4318515.743, 135
Trd, 4318516.493, 137
Trd, 4318516.593, 135
Trd, 4318516.643, 134
Trd, 4318516.793, 105
Trd, 4318517.893, 132
Trd, 4318518.293, 62
Trd, 4318520.843, 60
Trd, 4318521.493, 61
Trd, 4318522.893, 64
Trd, 4318523.943, 64
Trd, 4318524.393, 95
Trd, 4318525.093, 65
Trd, 4318525.693, 114
Trd, 4318526.093, 115
Trd, 4318526.243, 112
Trd, 4318526.943, 140
Trd, 4318527.143, 124
Trd, 4318528.493, 127
Trd, 4318529.343, 138
Trd, 4318529.793, 127
Trd, 4318530.343, 127
Trd, 4318530.393, 126
Trd, 4318531.043, 140
Trd, 4318531.343, 140
Trd, 4318532.343, 140
Trd, 4318532.443, 140
Trd, 4318533.543, 65
Trd, 4318534.143, 81
Trd, 4318534.643, 65
Trd, 4318536.943, 67
Trd, 4318537.043, 69
Trd, 4318538.493, 65
Trd, 4318538.693, 71
Trd, 4318538.993, 64
Trd, 4318540.743, 140
Trd, 4318540.793, 140
Trd, 4318540.843, 140
Trd, 4318541.543, 138
Trd, 4318543.743, 127
Trd, 4318544.793, 60
Trd, 4318544.893, 60
Trd, 4318545.043, 62
Trd, 4318546.943, 63
Trd, 4318547.243, 134
Trd, 4318548.393, 70
Trd, 4318549.643, 61
Trd, 4318550.643, 60
Trd, 4318551.293, 62
Trd, 4318552.493, 63
Trd, 4318553.293, 61
Trd, 4318553.393, 67
Trd, 4318554.493, 60
Trd, 4318554.843, 60
Trd, 4318555.093, 101
Trd, 4318555.793, 65
Trd, 4318556.443, 60
Trd, 4318556.493, 64
Trd, 4318557.843, 140
Trd, 4318558.193, 140
Trd, 4318559.093, 117
Trd, 4318560.243, 140
Trd, 4318560.843, 140
Trd, 4318561.343, 140
Trd, 4318562.343, 140
Trd, 4318562.643, 119
Trd, 4318564.293, 140
Trd, 4318564.943, 140
Trd, 4318565.243, 140
Trd, 4318565.743, 140
Trd, 4318566.143, 140
Trd, 4318566.593, 138
Trd, 4318566.843, 140
Trd, 4318567.393, 103
Trd, 4318567.493, 102
Trd, 4318568.193, 133
Trd, 4318568.643, 63
Trd, 4318569.643, 64
Trd, 4318571.093, 140
Trd, 4318571.143, 140
Trd, 4318571.243, 139
Trd, 4318572.593, 140
Trd, 4318572.893, 140
Trd, 4318573.643, 139
Trd, 4318574.093, 138
Trd, 4318574.493, 135
Trd, 4318576.093, 94
Trd, 4318577.343, 140
Trd, 4318579.093, 140
Trd, 4318579.143, 128
Trd, 4318579.793, 138
Trd, 4318580.243, 140
Trd, 4318580.343, 130
Trd, 4318581.543, 132
Trd, 4318581.643, 131
Trd, 4318582.943, 139
Trd, 4318583.743, 130
Trd, 4318584.093, 129
Trd, 4318584.443, 112
Trd, 4318586.593, 140
Trd, 4318587.093, 140
Trd, 4318587.443, 140
Trd, 4318588.743, 140
Trd, 4318589.043, 139
Trd, 4318589.543, 140
Trd, 4318589.593, 138
Trd, 4318590.343, 116
Trd, 4318591.193, 140
Trd, 4318591.293, 140
Trd, 4318591.993, 140
Trd, 4318592.143, 140
Trd, 4318593.193, 140
Trd, 4318594.293, 140
Trd, 4318594.493, 140
Trd, 4318595.543, 133
Trd, 4318597.743, 139
Trd, 4318598.093, 138
Trd, 4318598.643, 138
Trd, 4318599.193, 137
Trd, 4318599.693, 108
Trd, 4318600.093, 66
Trd, 4318600.593, 65
Trd, 4318601.693, 62
Trd, 4318603.993, 140
Trd, 4318604.193, 140
Trd, 4318604.693, 140
Trd, 4318604.843, 140
Trd, 4318605.543, 140
Trd, 4318606.243, 138
Trd, 4318607.243, 131
Trd, 4318607.743, 130
Trd, 4318608.793, 124
Trd, 4318610.593, 140
Trd, 4318612.443, 140
Trd, 4318612.793, 140
Trd, 4318613.143, 140
Trd, 4318613.593, 140
Trd, 4318614.093, 140
Trd, 4318614.543, 140
Trd, 4318616.893, 140
Trd, 4318616.943, 140
Trd, 4318617.493, 140
Trd, 4318617.893, 136
Trd, 4318618.493, 132
Trd, 4318619.043, 129
Trd, 4318619.643, 137
Trd, 4318619.893, 138
Trd, 4318621.343, 133
Trd, 4318621.493, 127
Trd, 4318621.593, 84
Trd, 4318622.493, 139
Trd, 4318623.343, 97
Trd, 4318623.493, 97
Trd, 4318624.293, 123
Trd, 4318624.993, 99
Trd, 4318625.393, 100
Trd, 4318625.943, 103
Trd, 4318626.793, 135
Trd, 4318627.843, 140
Trd, 4318628.043, 140
Trd, 4318628.243, 139
Trd, 4318628.343, 101
Trd, 4318629.293, 111
Trd, 4318630.893, 139
Trd, 4318631.943, 140
Trd, 4318632.693, 140
Trd, 4318632.943, 140
Trd, 4318633.843, 140
Trd, 4318635.093, 140
Trd, 4318635.193, 133
Trd, 4318635.293, 105
Trd, 4318635.593, 140
Trd, 4318638.093, 140
Trd, 4318638.143, 140
Trd, 4318638.393, 140
Trd, 4318640.243, 140
Trd, 4318641.393, 140
Trd, 4318641.543, 140
Trd, 4318642.443, 140
Trd, 4318643.143, 140
Trd, 4318643.693, 140
Trd, 4318644.393, 139
Trd, 4318644.893, 136
Trd, 4318645.993, 140
Trd, 4318646.243, 140
Trd, 4318646.393, 140
Trd, 4318647.243, 139
Trd, 4318647.543, 139
Trd, 4318648.693, 140
Trd, 4318649.093, 140
Trd, 4318649.393, 139
Trd, 4318650.293, 140
Trd, 4318651.193, 116
Trd, 4318651.593, 116
Trd, 4318653.243, 133
Trd, 4318654.193, 140
Trd, 4318655.343, 138
Trd, 4318655.743, 136
Trd, 4318656.393, 137
Trd, 4318658.343, 140
Trd, 4318658.443, 140
Trd, 4318659.593, 140
Trd, 4318660.093, 140
Trd, 4318660.693, 140
Trd, 4318661.943, 140
Trd, 4318662.043, 140
Trd, 4318662.093, 139
Trd, 4318663.793, 140
Trd, 4318664.593, 140
Trd, 4318665.393, 140
Trd, 4318666.243, 140
Trd, 4318666.343, 140
Trd, 4318667.143, 131
Trd, 4318668.193, 139
Trd, 4318668.743, 140
Trd, 4318669.143, 139
Trd, 4318670.443, 140
Trd, 4318670.793, 138
Trd, 4318671.343, 127
Trd, 4318672.243, 140
Trd, 4318672.743, 119
Trd, 4318674.093, 140
Trd, 4318674.593, 140
Trd, 4318675.393, 140
Trd, 4318675.443, 139
Trd, 4318676.343, 139
Trd, 4318676.843, 123
Trd, 4318677.093, 122
Trd, 4318678.043, 134
Trd, 4318678.743, 140
Trd, 4318678.993, 140
Trd, 4318680.493, 116
Trd, 4318680.593, 115
Trd, 4318681.193, 137
Trd, 4318682.043, 140
Trd, 4318682.343, 113
Trd, 4318683.543, 140
Trd, 4318684.243, 140
Trd, 4318684.343, 140
Trd, 4318687.293, 140
Trd, 4318688.493, 140
Trd, 4318688.643, 140
Trd, 4318689.243, 140
Trd, 4318689.343, 140
Trd, 4318689.793, 140
Trd, 4318690.743, 140
Trd, 4318691.143, 138
Trd, 4318694.343, 140
Trd, 4318694.393, 140
Trd, 4318695.993, 140
Trd, 4318696.043, 140
Trd, 4318696.243, 140
Trd, 4318696.343, 139
Trd, 4318696.893, 125
Trd, 4318697.793, 94
Trd, 4318698.493, 133
Trd, 4318698.543, 95
Trd, 4318699.243, 134
Trd, 4318701.443, 133
Trd, 4318701.643, 126
Trd, 4318701.893, 80
Trd, 4318702.243, 140
Trd, 4318703.443, 62
Trd, 4318705.543, 119
Trd, 4318706.143, 121
Trd, 4318707.443, 140
Trd, 4318708.043, 140
Trd, 4318708.393, 140
Trd, 4318709.093, 140
Trd, 4318709.143, 139
Trd, 4318709.843, 133
Trd, 4318710.643, 140
Trd, 4318710.843, 140
Trd, 4318711.093, 140
Trd, 4318711.193, 140
Trd, 4318712.143, 140
Trd, 4318712.443, 140
Trd, 4318713.293, 139
Trd, 4318713.643, 139
Trd, 4318713.943, 140
Trd, 4318715.843, 140
Trd, 4318717.093, 138
Trd, 4318717.393, 122
Trd, 4318719.993, 139
Trd, 4318720.093, 129
Trd, 4318720.143, 128
Trd, 4318720.593, 140
Trd, 4318722.393, 140
Trd, 4318724.443, 140
Trd, 4318724.993, 140
Trd, 4318725.943, 140
Trd, 4318725.993, 140
Trd, 4318726.093, 140
Trd, 4318726.643, 140
Trd, 4318726.743, 134
Trd, 4318726.843, 104
Trd, 4318728.643, 140
Trd, 4318728.993, 140
Trd, 4318729.443, 140
Trd, 4318730.593, 140
Trd, 4318731.143, 140
Trd, 4318731.443, 140
Trd, 4318732.193, 140
Trd, 4318732.693, 140
Trd, 4318733.843, 140
Trd, 4318735.943, 140
Trd, 4318737.293, 140
Trd, 4318737.393, 140
Trd, 4318737.893, 140
Trd, 4318738.443, 139
Trd, 4318738.543, 138
Trd, 4318738.893, 128
Trd, 4318740.093, 140
Trd, 4318740.143, 134
Trd, 4318740.493, 115
Trd, 4318742.043, 79
Trd, 4318742.093, 81
Trd, 4318742.193, 78
Trd, 4318742.243, 76
Trd, 4318743.843, 108
Trd, 4318744.043, 112
Trd, 4318744.793, 140
Trd, 4318745.093, 140
Trd, 4318745.243, 140
Trd, 4318746.093, 62
Trd, 4318748.793, 60
Trd, 4318749.543, 60
Trd, 4318749.843, 65
Trd, 4318749.943, 68
Trd, 4318751.393, 63
Trd, 4318751.893, 66
Trd, 4318752.843, 137
Trd, 4318753.743, 140
Trd, 4318754.043, 140
Trd, 4318754.893, 140
Trd, 4318755.593, 140
Trd, 4318756.093, 140
Trd, 4318756.493, 140
Trd, 4318757.043, 140
Trd, 4318757.543, 136
Trd, 4318759.043, 140
Trd, 4318759.443, 140
Trd, 4318759.843, 140
Trd, 4318760.443, 134
Trd, 4318761.843, 136
Trd, 4318762.643, 134
Trd, 4318763.693, 138
Trd, 4318764.043, 125
Trd, 4318764.143, 119
Trd, 4318765.193, 102
Trd, 4318766.893, 60
Trd, 4318767.093, 60
Trd, 4318767.693, 64
Trd, 4318768.243, 60
Trd, 4318768.843, 60
Trd, 4318771.293, 61
Trd, 4318771.343, 66
Trd, 4318772.743, 62
Trd, 4318773.043, 65
Trd, 4318774.843, 139
Trd, 4318775.293, 140
Trd, 4318775.993, 140
Trd, 4318776.493, 140
Trd, 4318778.043, 140
Trd, 4318778.543, 140
Trd, 4318779.093, 140
Trd, 4318779.593, 140
Trd, 4318779.743, 140
Trd, 4318780.143, 140
Trd, 4318780.993, 138
Trd, 4318781.143, 98
Trd, 4318782.093, 60
Trd, 4318782.393, 60
Trd, 4318784.543, 63
Trd, 4318785.293, 62
Trd, 4318785.943, 60
Trd, 4318787.193, 60
Trd, 4318788.793, 61
Trd, 4318789.093, 62
Trd, 4318789.943, 63
Trd, 4318790.043, 65
Trd, 4318791.443, 122
Trd, 4318791.693, 67
Trd, 4318791.843, 66
Trd, 4318792.293, 65
Trd, 4318793.043, 61
Trd, 4318793.793, 102
Trd, 4318793.943, 140
Trd, 4318794.243, 140
Trd, 4318794.343, 140
Trd, 4318796.243, 63
Trd, 4318796.293, 103
Trd, 4318798.843, 74
Trd, 4318800.243, 61
Trd, 4318801.293, 60
Trd, 4318802.643, 61
Trd, 4318803.643, 66
Trd, 4318804.293, 75
Trd, 4318804.943, 124
Trd, 4318805.343, 74
Trd, 4318805.943, 139
Trd, 4318806.543, 117
Trd, 4318806.893, 109
Trd, 4318808.593, 140
Trd, 4318809.143, 140
Trd, 4318809.843, 140
Trd, 4318809.943, 140
Trd, 4318810.893, 140
Trd, 4318811.193, 140
Trd, 4318811.243, 140
Trd, 4318811.943, 140
Trd, 4318812.843, 66
Trd, 4318814.243, 140
Trd, 4318814.993, 140
Trd, 4318817.093, 140
Trd, 4318817.193, 140
Trd, 4318817.793, 140
Trd, 4318817.893, 140
Trd, 4318818.743, 140
Trd, 4318818.793, 140
Trd, 4318819.043, 135
Trd, 4318820.493, 140
Trd, 4318820.793, 140
Trd, 4318821.743, 140
Trd, 4318822.593, 140
Trd, 4318823.643, 138
Trd, 4318824.193, 138
Trd, 4318824.793, 137
Trd, 4318826.043, 140
Trd, 4318827.343, 140
Trd, 4318827.443, 139
Trd, 4318829.143, 128
Trd, 4318829.493, 127
Trd, 4318831.043, 140
Trd, 4318831.643, 140
Trd, 4318831.893, 140
Trd, 4318833.043, 140
Trd, 4318833.393, 140
Trd, 4318834.043, 140
Trd, 4318834.093, 140
Trd, 4318834.193, 88
Trd, 4318835.793, 140
Trd, 4318836.893, 140
Trd, 4318837.243, 140
Trd, 4318837.893, 140
Trd, 4318838.793, 140
Trd, 4318839.493, 140
Trd, 4318840.743, 140
Trd, 4318840.793, 140
Trd, 4318841.343, 140
Trd, 4318842.293, 140
Trd, 4318842.943, 140
Trd, 4318843.293, 140
Trd, 4318843.493, 128
Trd, 4318844.543, 132
Trd, 4318845.543, 140
Trd, 4318847.143, 140
Trd, 4318847.193, 140
Trd, 4318848.343, 140
Trd, 4318849.293, 140
Trd, 4318849.443, 139
Trd, 4318850.043, 124
Trd, 4318851.093, 140
Trd, 4318851.793, 139
Trd, 4318853.293, 140
Trd, 4318853.793, 140
Trd, 4318854.443, 135
Trd, 4318856.143, 140
Trd, 4318857.093, 140
Trd, 4318857.143, 140
Trd, 4318857.393, 139
Trd, 4318857.493, 139
Trd, 4318857.893, 129
Trd, 4318859.343, 135
Trd, 4318859.893, 134
Trd, 4318860.943, 139
Trd, 4318861.543, 140
Trd, 4318861.743, 139
Trd, 4318861.843, 136
Trd, 4318863.343, 140
Trd, 4318864.343, 140
Trd, 4318864.693, 140
Trd, 4318866.193, 140
Trd, 4318867.043, 140
Trd, 4318867.293, 140
Trd, 4318867.893, 140
Trd, 4318869.293, 140
Trd, 4318869.493, 140
Trd, 4318869.593, 140
Trd, 4318871.043, 140
Trd, 4318871.143, 140
Trd, 4318872.543, 140
Trd, 4318873.493, 140
Trd, 4318873.793, 140
Trd, 4318873.893, 140
Trd, 4318875.243, 140
Trd, 4318875.443, 138
Trd, 4318877.093, 140
Trd, 4318877.893, 140
Trd, 4318878.093, 140
Trd, 4318879.743, 140
Trd, 4318880.243, 140
Trd, 4318881.243, 124
Trd, 4318881.493, 123
Trd, 4318881.643, 122
Trd, 4318881.693, 116
Trd, 4318884.393, 140
Trd, 4318884.543, 140
Trd, 4318885.293, 139
Trd, 4318885.643, 101
Trd, 4318886.643, 138
Trd, 4318886.793, 138
Trd, 4318886.843, 132
Trd, 4318889.193, 79
Trd, 4318889.243, 77
Trd, 4318889.343, 73
Trd, 4318889.443, 72
Trd, 4318891.443, 62
Trd, 4318891.943, 64
Trd, 4318892.043, 66
Trd, 4318892.393, 123
Trd, 4318893.793, 140
Trd, 4318895.343, 140
Trd, 4318895.693, 140
Trd, 4318895.743, 140
Trd, 4318896.493, 140
Trd, 4318896.643, 140
Trd, 4318897.993, 140
Trd, 4318898.593, 140
Trd, 4318899.143, 140
Trd, 4318899.843, 140
Trd, 4318900.543, 140
Trd, 4318900.693, 104
Trd, 4318901.543, 140
Trd, 4318902.393, 125
Trd, 4318902.693, 88
Trd, 4318903.543, 126
Trd, 4318903.593, 124
Trd, 4318904.643, 140
Trd, 4318905.043, 140
Trd, 4318906.243, 139
Trd, 4318906.643, 140
Trd, 4318906.793, 130
Trd, 4318907.293, 134
Trd, 4318907.643, 132
Trd, 4318909.293, 139
Trd, 4318909.593, 140
Trd, 4318909.943, 115
Trd, 4318911.993, 140
Trd, 4318912.143, 140
Trd, 4318912.793, 140
Trd, 4318913.743, 140
Trd, 4318913.793, 140
Trd, 4318914.093, 139
Trd, 4318914.793, 130
Trd, 4318915.843, 101
Trd, 4318915.893, 100
Trd, 4318916.793, 128
Trd, 4318917.543, 91
Trd, 4318918.893, 140
Trd, 4318919.843, 140
Trd, 4318919.993, 140
Trd, 4318920.343, 138
Trd, 4318920.793, 140
Trd, 4318920.843, 140
Trd, 4318921.843, 137
Trd, 4318922.743, 136
Trd, 4318923.293, 137
Trd, 4318924.343, 140
Trd, 4318924.593, 69
Trd, 4318925.193, 119
Trd, 4318925.843, 108
Trd, 4318927.493, 60
Trd, 4318928.343, 62
Trd, 4318928.493, 63
Trd, 4318930.093, 140
Trd, 4318930.343, 80
Trd, 4318931.843, 67
Trd, 4318932.243, 125
Trd, 4318934.543, 61
Trd, 4318935.343, 64
Trd, 4318936.043, 60
Trd, 4318936.793, 63
Trd, 4318937.043, 61
Trd, 4318937.293, 62
Trd, 4318938.143, 68
Trd, 4318938.293, 90
Trd, 4318938.843, 120
Trd, 4318938.993, 133
Trd, 4318939.293, 67
Trd, 4318940.793, 62
Trd, 4318941.043, 76
Trd, 4318941.743, 61
Trd, 4318941.993, 62
Trd, 4318943.043, 60
Trd, 4318944.193, 140
Trd, 4318944.543, 140
Trd, 4318945.493, 140
Trd, 4318946.543, 140
Trd, 4318947.043, 140
Trd, 4318947.093, 139
Trd, 4318947.493, 120
Trd, 4318947.693, 97
Trd, 4318949.943, 60
Trd, 4318950.293, 62
Trd, 4318950.943, 63
Trd, 4318951.493, 62
Trd, 4318952.593, 62
Trd, 4318953.293, 63
Trd, 4318954.343, 132
Trd, 4318954.543, 131
Trd, 4318954.593, 105
Trd, 4318955.843, 128
Trd, 4318956.093, 105
Trd, 4318956.643, 105
Trd, 4318958.193, 140
Trd, 4318958.943, 140
Trd, 4318960.943, 140
Trd, 4318961.143, 140
Trd, 4318961.593, 140
Trd, 4318961.743, 140
Trd, 4318963.343, 140
Trd, 4318964.043, 130
Trd, 4318964.393, 139
Trd, 4318964.793, 104
Trd, 4318966.193, 134
Trd, 4318966.343, 134
Trd, 4318966.693, 133
Trd, 4318966.793, 132
Trd, 4318967.443, 114
Trd, 4318969.043, 140
Trd, 4318969.143, 124
Trd, 4318969.243, 99
Trd, 4318970.593, 63
Trd, 4318970.893, 74
Trd, 4318971.293, 67
Trd, 4318972.243, 140
Trd, 4318974.543, 140
Trd, 4318975.093, 140
Trd, 4318975.493, 140
Trd, 4318977.493, 140
Trd, 4318978.743, 140
Trd, 4318978.843, 140
Trd, 4318979.543, 140
Trd, 4318980.543, 140
Trd, 4318980.643, 140
Trd, 4318981.243, 140
Trd, 4318982.243, 98
Trd, 4318982.693, 130
Trd, 4318983.543, 139
Trd, 4318984.593, 140
Trd, 4318984.943, 138
Trd, 4318985.143, 134
Trd, 4318985.643, 133
Trd, 4318986.143, 140
Trd, 4318986.193, 140
Trd, 4318986.843, 112
Trd, 4318987.893, 113
Trd, 4318989.343, 140
Trd, 4318989.743, 137
Trd, 4318990.943, 140
Trd, 4318990.993, 140
Trd, 4318993.393, 140
Trd, 4318993.593, 138
Trd, 4318994.743, 137
Trd, 4318995.143, 139
Trd, 4318995.693, 140
Trd, 4318996.393, 137
Trd, 4318997.943, 140
Trd, 4318999.143, 140
Trd, 4318999.643, 140
Trd, 4318999.893, 140
Trd, 4319000.693, 140
Trd, 4319000.943, 140
Trd, 4319001.243, 139
Trd, 4319001.643, 140
Trd, 4319001.893, 139
Trd, 4319003.893, 60
Trd, 4319004.093, 60
Trd, 4319005.293, 67
Trd, 4319005.343, 83
Trd, 4319008.593, 60
Trd, 4319008.843, 63
Trd, 4319009.943, 60
Trd, 4319010.093, 61
Trd, 4319010.893, 73
Trd, 4319011.743, 73
Trd, 4319012.293, 71
Trd, 4319013.043, 71
Trd, 4319013.943, 110
Trd, 4319014.743, 95
Trd, 4319014.943, 95
Trd, 4319015.393, 93
Trd, 4319016.093, 97
Trd, 4319016.343, 131
Trd, 4319016.543, 140
Trd, 4319016.793, 140
Trd, 4319018.193, 100
Trd, 4319018.293, 73
Trd, 4319019.393, 140
Trd, 4319020.193, 140
Trd, 4319020.543, 140
Trd, 4319021.593, 140
Trd, 4319023.943, 140
Trd, 4319024.243, 140
Trd, 4319024.343, 140
Trd, 4319026.143, 140
Trd, 4319026.393, 140
Trd, 4319026.893, 140
Trd, 4319027.143, 140
Trd, 4319027.393, 140
Trd, 4319028.093, 130
Trd, 4319029.343, 140
Trd, 4319029.443, 140
Trd, 4319029.843, 132
Trd, 4319030.643, 138
Trd, 4319031.193, 137
Trd, 4319032.843, 140
Trd, 4319033.393, 140
Trd, 4319033.543, 139
Trd, 4319034.043, 133
Trd, 4319035.293, 62
Trd, 4319035.743, 139
Trd, 4319037.443, 140
Trd, 4319037.643, 140
Trd, 4319038.293, 132
Trd, 4319039.393, 126
Trd, 4319039.743, 120
Trd, 4319040.293, 140
Trd, 4319040.443, 140
Trd, 4319041.393, 123
Trd, 4319043.293, 140
Trd, 4319043.543, 140
Trd, 4319046.193, 140
Trd, 4319046.243, 140
Trd, 4319046.693, 140
Trd, 4319047.193, 140
Trd, 4319047.943, 140
Trd, 4319048.043, 137
Trd, 4319048.243, 98
Trd, 4319048.393, 65
Trd, 4319048.893, 62
Trd, 4319049.193, 88
Trd, 4319049.993, 89
Trd, 4319053.893, 61
Trd, 4319054.443, 65
Trd, 4319054.843, 60
Trd, 4319055.793, 63
Trd, 4319055.993, 62
Trd, 4319056.793, 129
Trd, 4319057.343, 61
Trd, 4319057.443, 60
Trd, 4319058.193, 140
Trd, 4319058.443, 102
Trd, 4319059.293, 62
Trd, 4319059.643, 60
Trd, 4319060.843, 139
Trd, 4319062.243, 64
Trd, 4319062.843, 63
Trd, 4319063.443, 69
Trd, 4319065.293, 68
Trd, 4319066.493, 116
Trd, 4319066.943, 117
Trd, 4319066.993, 116
Trd, 4319067.043, 115
Trd, 4319067.793, 87
Trd, 4319068.343, 63
Trd, 4319070.343, 139
Trd, 4319070.543, 137
Trd, 4319071.643, 137
Trd, 4319072.093, 137
Trd, 4319072.443, 135
Trd, 4319072.493, 124
Trd, 4319073.443, 140
Trd, 4319073.793, 140
Trd, 4319073.893, 140
Trd, 4319073.993, 139
Trd, 4319074.293, 136
Trd, 4319075.993, 140
Trd, 4319076.293, 139
Trd, 4319077.943, 123
Trd, 4319078.343, 119
Trd, 4319079.193, 123
Trd, 4319079.493, 123
Trd, 4319079.643, 122
Trd, 4319081.193, 132
Trd, 4319081.593, 134
Trd, 4319081.993, 139
Trd, 4319084.843, 138
Trd, 4319084.993, 137
Trd, 4319085.893, 140
Trd, 4319086.193, 140
Trd, 4319086.793, 92
Trd, 4319087.093, 73
Trd, 4319087.143, 93
Trd, 4319087.293, 72
Trd, 4319089.393, 63
Trd, 4319089.493, 65
Trd, 4319091.743, 63
Trd, 4319092.943, 61
Trd, 4319093.393, 66
Trd, 4319095.193, 60
Trd, 4319096.893, 60
Trd, 4319097.093, 63
Trd, 4319097.693, 63
Trd, 4319097.743, 62
Trd, 4319097.843, 129
Trd, 4319098.043, 61
Trd, 4319098.893, 140
Trd, 4319099.543, 118
Trd, 4319100.143, 67
Trd, 4319101.193, 133
Trd, 4319101.293, 66
Trd, 4319102.443, 103
Trd, 4319103.393, 107
Trd, 4319103.493, 103
Trd, 4319105.193, 140
Trd, 4319105.943, 140
Trd, 4319106.293, 140
Trd, 4319106.543, 140
Trd, 4319107.193, 140
Trd, 4319108.193, 140
Trd, 4319108.443, 137
Trd, 4319108.743, 137
Trd, 4319110.093, 140
Trd, 4319110.893, 140
Trd, 4319111.193, 140
Trd, 4319111.293, 139
Trd, 4319112.493, 140
Trd, 4319112.543, 140
Trd, 4319112.843, 133
Trd, 4319114.393, 135
Trd, 4319115.243, 135
Trd, 4319115.643, 134
Trd, 4319116.243, 134
Trd, 4319116.693, 135
Trd, 4319116.843, 106
Trd, 4319117.493, 117
Trd, 4319118.443, 140
Trd, 4319118.543, 98
Trd, 4319120.343, 140
Trd, 4319122.193, 140
Trd, 4319122.343, 139
Trd, 4319122.693, 94
Trd, 4319124.493, 107
Trd, 4319125.093, 133
Trd, 4319125.343, 106
Trd, 4319125.443, 87
Trd, 4319127.343, 72
Trd, 4319127.943, 78
Trd, 4319128.143, 80
Trd, 4319128.243, 68
Trd, 4319129.343, 70
Trd, 4319130.293, 140
Trd, 4319130.443, 138
Trd, 4319130.743, 137
Trd, 4319131.093, 136
Trd, 4319131.993, 140
Trd, 4319133.643, 140
Trd, 4319133.743, 140
Trd, 4319135.493, 140
Trd, 4319135.843, 140
Trd, 4319136.093, 140
Trd, 4319136.493, 140
Trd, 4319137.443, 140
Trd, 4319137.593, 140
Trd, 4319137.643, 139
Trd, 4319138.943, 140
Trd, 4319139.293, 138
Trd, 4319139.443, 112
Trd, 4319139.593, 111
Trd, 4319140.293, 66
Trd, 4319140.943, 97
Trd, 4319141.393, 95
Trd, 4319143.943, 140
Trd, 4319144.093, 139
Trd, 4319144.393, 139
Trd, 4319145.843, 137
Trd, 4319146.643, 138
Trd, 4319147.043, 140
Trd, 4319148.643, 137
Trd, 4319149.793, 140
Trd, 4319150.243, 138
Trd, 4319150.393, 135
Trd, 4319150.493, 133
Trd, 4319150.543, 81
Trd, 4319151.143, 88
Trd, 4319151.993, 80
Trd, 4319152.793, 64
Trd, 4319154.443, 140
Trd, 4319154.493, 140
Trd, 4319155.793, 60
Trd, 4319155.943, 60
Trd, 4319157.443, 140
Trd, 4319158.193, 75
Trd, 4319159.293, 61
Trd, 4319160.643, 62
Trd, 4319163.093, 140
Trd, 4319163.243, 140
Trd, 4319163.293, 140
Trd, 4319164.193, 140
Trd, 4319165.043, 140
Trd, 4319165.143, 140
Trd, 4319165.593, 140
Trd, 4319165.843, 139
Trd, 4319166.043, 137
Trd, 4319166.993, 129
Trd, 4319167.843, 140
Trd, 4319168.043, 131
Trd, 4319169.243, 133
Trd, 4319170.943, 140
Trd, 4319171.243, 140
Trd, 4319172.593, 140
Trd, 4319173.543, 128
Trd, 4319173.793, 135
Trd, 4319174.243, 137
Trd, 4319174.543, 137
Trd, 4319174.793, 136
Trd, 4319176.043, 127
Trd, 4319176.793, 125
Trd, 4319176.993, 105
Trd, 4319177.893, 139
Trd, 4319178.143, 128
Trd, 4319179.243, 83
Trd, 4319179.693, 83
Trd, 4319179.743, 81
Trd, 4319179.843, 124
Trd, 4319181.443, 62
Trd, 4319182.443, 60
Trd, 4319182.993, 68
Trd, 4319184.943, 139
Trd, 4319185.343, 140
Trd, 4319185.643, 140
Trd, 4319186.843, 140
Trd, 4319186.893, 140
Trd, 4319187.093, 140
Trd, 4319187.393, 140
Trd, 4319187.693, 120
Trd, 4319188.993, 61
Trd, 4319190.043, 60
Trd, 4319190.393, 66
Trd, 4319191.193, 105
Trd, 4319191.843, 98
Trd, 4319192.343, 105
Trd, 4319192.493, 134
Trd, 4319193.143, 131
Trd, 4319193.443, 105
Trd, 4319193.743, 105
Trd, 4319195.043, 124
Trd, 4319196.143, 124
Trd, 4319196.943, 63
Trd, 4319197.493, 64
Trd, 4319198.843, 138
Trd, 4319199.643, 140
Trd, 4319199.893, 140
Trd, 4319201.293, 140
Trd, 4319202.193, 140
Trd, 4319204.043, 140
Trd, 4319204.143, 140
Trd, 4319204.343, 140
Trd, 4319204.843, 117
Trd, 4319205.593, 138
Trd, 4319206.093, 137
Trd, 4319206.593, 139
Trd, 4319207.993, 140
Trd, 4319208.693, 140
Trd, 4319209.193, 140
Trd, 4319210.643, 140
Trd, 4319210.843, 140
Trd, 4319211.143, 140
Trd, 4319211.943, 138
Trd, 4319212.943, 133
Trd, 4319213.093, 133
Trd, 4319213.193, 133
Trd, 4319214.843, 140
Trd, 4319215.643, 140
Trd, 4319215.743, 132
Trd, 4319216.393, 136
Trd, 4319217.693, 133
Trd, 4319217.993, 138
Trd, 4319218.293, 137
Trd, 4319218.593, 131
Trd, 4319220.493, 60
Trd, 4319220.743, 60
Trd, 4319220.943, 61
Trd, 4319222.543, 96
Trd, 4319222.693, 95
Trd, 4319222.943, 99
Trd, 4319224.893, 140
Trd, 4319225.793, 140
Trd, 4319226.193, 140
Trd, 4319226.243, 140
Trd, 4319226.643, 140
Trd, 4319226.693, 77
Trd, 4319227.243, 140
Trd, 4319228.043, 139
Trd, 4319228.243, 137
Trd, 4319228.543, 133
Trd, 4319230.393, 140
Trd, 4319230.593, 140
Trd, 4319232.093, 140
Trd, 4319232.443, 140
Trd, 4319234.043, 137
Trd, 4319234.893, 140
Trd, 4319234.993, 138
Trd, 4319235.893, 131
Trd, 4319236.443, 137
Trd, 4319236.993, 140
Trd, 4319237.943, 138
Trd, 4319238.793, 140
Trd, 4319239.093, 140
Trd, 4319239.293, 125
Trd, 4319241.043, 139
Trd, 4319241.543, 61
Trd, 4319243.743, 60
Trd, 4319244.643, 60
Trd, 4319244.893, 60
Trd, 4319244.993, 126
Trd, 4319246.093, 60
Trd, 4319246.343, 60
Trd, 4319247.943, 140
Trd, 4319248.043, 140
Trd, 4319248.343, 140
Trd, 4319248.493, 134
Trd, 4319250.193, 64
Trd, 4319250.293, 69
Trd, 4319250.743, 68
Trd, 4319250.893, 71
Trd, 4319252.643, 140
Trd, 4319253.193, 140
Trd, 4319253.543, 140
Trd, 4319254.693, 140
Trd, 4319255.243, 140
Trd, 4319255.343, 140
Trd, 4319256.043, 140
Trd, 4319257.643, 140
Trd, 4319258.393, 140
Trd, 4319259.443, 140
Trd, 4319260.593, 140
Trd, 4319261.293, 140
Trd, 4319261.393, 140
Trd, 4319261.793, 140
Trd, 4319262.043, 139
Trd, 4319262.493, 140
Trd, 4319262.643, 131
Trd, 4319263.593, 118
Trd, 4319265.143, 105
Trd, 4319265.343, 118
Trd, 4319266.893, 120
Trd, 4319267.343, 118
Trd, 4319267.393, 118
Trd, 4319268.443, 127
Trd, 4319268.643, 120
Trd, 4319269.143, 98
Trd, 4319269.243, 96
Trd, 4319269.543, 125
Trd, 4319270.043, 137
Trd, 4319271.043, 76
Trd, 4319272.893, 61
Trd, 4319273.093, 64
Trd, 4319273.243, 65
Trd, 4319273.393, 74
Trd, 4319273.993, 102
Trd, 4319276.693, 61
Trd, 4319276.743, 62
Trd, 4319279.793, 61
Trd, 4319279.993, 62
Trd, 4319280.443, 140
Trd, 4319281.243, 138
Trd, 4319281.293, 137
Trd, 4319281.493, 62
Trd, 4319284.443, 60
Trd, 4319284.943, 60
Trd, 4319285.243, 61
Trd, 4319285.593, 60
Trd, 4319286.743, 62
Trd, 4319287.343, 64
Trd, 4319288.143, 138
Trd, 4319288.893, 72
Trd, 4319290.643, 97
Trd, 4319290.693, 79
Trd, 4319291.593, 132
Trd, 4319291.743, 101
Trd, 4319292.543, 140
Trd, 4319293.093, 140
Trd, 4319293.443, 140
Trd, 4319294.793, 140
Trd, 4319294.893, 140
Trd, 4319295.543, 136
Trd, 4319296.393, 140
Trd, 4319296.593, 140
Trd, 4319297.743, 140
Trd, 4319298.443, 140
Trd, 4319299.443, 140
Trd, 4319300.193, 140
Trd, 4319301.043, 139
Trd, 4319302.093, 138
Trd, 4319302.393, 138
Trd, 4319302.843, 137
Trd, 4319303.193, 138
Trd, 4319303.543, 138
Trd, 4319303.693, 137
Trd, 4319304.693, 126
Trd, 4319307.193, 140
Trd, 4319307.693, 140
Trd, 4319309.193, 140
Trd, 4319310.243, 140
Trd, 4319310.393, 140
Trd, 4319310.693, 138
Trd, 4319312.493, 140
Trd, 4319312.543, 139
Trd, 4319313.643, 140
Trd, 4319314.293, 140
Trd, 4319314.843, 127
Trd, 4319315.443, 140
Trd, 4319316.443, 132
Trd, 4319316.693, 138
Trd, 4319318.293, 139
Trd, 4319318.393, 126
Trd, 4319318.493, 125
Trd, 4319320.943, 140
Trd, 4319321.143, 140
Trd, 4319321.743, 140
Trd, 4319323.143, 140
Trd, 4319323.493, 140
Trd, 4319324.793, 140
Trd, 4319325.393, 140
Trd, 4319326.293, 140
Trd, 4319326.843, 140
Trd, 4319327.143, 140
Trd, 4319329.443, 140
Trd, 4319329.943, 140
Trd, 4319330.093, 140
Trd, 4319331.043, 140
Trd, 4319331.143, 140
Trd, 4319331.893, 140
Trd, 4319332.543, 140
Trd, 4319333.043, 139
Trd, 4319333.243, 116
Trd, 4319333.543, 140
Trd, 4319334.943, 124
Trd, 4319336.393, 134
Trd, 4319336.793, 134
Trd, 4319337.043, 134
Trd, 4319337.143, 133
Trd, 4319338.443, 140
Trd, 4319338.543, 140
Trd, 4319339.743, 99
Trd, 4319340.393, 140
Trd, 4319341.593, 67
Trd, 4319341.743, 71
Trd, 4319342.793, 114
Trd, 4319343.443, 116
Trd, 4319343.593, 116
Trd, 4319345.143, 138
Trd, 4319345.443, 126
Trd, 4319345.543, 110
Trd, 4319345.793, 139
Trd, 4319347.943, 61
Trd, 4319348.493, 63
Trd, 4319348.793, 65
Trd, 4319348.893, 71
Trd, 4319349.593, 67
Trd, 4319350.993, 139
Trd, 4319351.143, 73
Trd, 4319351.543, 75
Trd, 4319352.393, 76
Trd, 4319352.993, 73
Trd, 4319353.243, 111
Trd, 4319354.693, 60
Trd, 4319355.243, 60
Trd, 4319357.643, 63
Trd, 4319358.293, 61
Trd, 4319359.443, 60
Trd, 4319359.743, 60
Trd, 4319359.893, 66
Trd, 4319361.593, 66
Trd, 4319362.143, 67
Trd, 4319363.493, 140
Trd, 4319363.643, 140
Trd, 4319364.793, 140
Trd, 4319365.093, 140
Trd, 4319365.143, 140
Trd, 4319366.693, 140
Trd, 4319367.793, 140
Trd, 4319368.793, 140
Trd, 4319369.243, 140
Trd, 4319369.393, 140
Trd, 4319370.043, 136
Trd, 4319372.143, 140
Trd, 4319372.243, 140
Trd, 4319373.243, 139
Trd, 4319373.443, 139
Trd, 4319375.293, 140
Trd, 4319376.443, 140
Trd, 4319376.493, 140
Trd, 4319376.893, 140
Trd, 4319377.393, 137
Trd, 4319377.443, 136
Trd, 4319377.543, 132
Trd, 4319378.543, 125
Trd, 4319379.893, 140
Trd, 4319380.793, 140
Trd, 4319380.993, 140
Trd, 4319381.443, 140
Trd, 4319382.543, 140
Trd, 4319382.793, 140
Trd, 4319383.993, 140
Trd, 4319384.443, 140
Trd, 4319385.793, 135
Trd, 4319387.693, 140
Trd, 4319387.943, 140
Trd, 4319388.143, 140
Trd, 4319389.293, 140
Trd, 4319389.943, 140
Trd, 4319389.993, 140
Trd, 4319390.143, 138
Trd, 4319391.243, 140
Trd, 4319392.293, 126
Trd, 4319392.443, 124
Trd, 4319393.243, 137
Trd, 4319393.793, 81
Trd, 4319395.943, 140
Trd, 4319396.093, 140
Trd, 4319396.243, 140
Trd, 4319397.093, 140
Trd, 4319397.943, 140
Trd, 4319398.593, 140
Trd, 4319399.493, 140
Trd, 4319400.193, 140
Trd, 4319400.993, 140
Trd, 4319401.593, 140
Trd, 4319402.393, 140
Trd, 4319403.743, 140
Trd, 4319404.393, 140
Trd, 4319405.693, 140
Trd, 4319406.643, 140
Trd, 4319408.043, 140
Trd, 4319408.293, 140
Trd, 4319409.143, 140
Trd, 4319410.393, 140
Trd, 4319410.643, 138
Trd, 4319410.693, 133
Trd, 4319410.993, 106
Trd, 4319411.293, 121
Trd, 4319412.043, 62
Trd, 4319413.393, 68
Trd, 4319414.943, 60
Trd, 4319415.943, 99
Trd, 4319416.643, 76
Trd, 4319417.743, 140
Trd, 4319418.043, 140
Trd, 4319418.343, 140
Trd, 4319419.743, 140
Trd, 4319419.943, 140
Trd, 4319420.243, 140
Trd, 4319421.993, 140
Trd, 4319422.093, 140
Trd, 4319424.343, 140
Trd, 4319424.843, 140
Trd, 4319424.893, 140
Trd, 4319425.193, 139
Trd, 4319425.343, 139
Trd, 4319426.343, 60
Trd, 4319426.543, 60
Trd, 4319427.543, 62
Trd, 4319427.793, 62
Trd, 4319428.843, 73
Trd, 4319429.643, 61
Trd, 4319431.543, 63
Trd, 4319432.393, 60
Trd, 4319433.193, 60
Trd, 4319433.693, 139
Trd, 4319435.193, 130
Trd, 4319435.343, 136
Trd, 4319435.593, 131
Trd, 4319436.343, 131
Trd, 4319437.043, 132
Trd, 4319437.643, 131
Trd, 4319438.193, 131
Trd, 4319438.743, 130
Trd, 4319439.493, 126
Trd, 4319440.143, 63
Trd, 4319440.293, 91
Trd, 4319441.543, 110
Trd, 4319443.443, 137
Trd, 4319443.593, 136
Trd, 4319444.143, 139
Trd, 4319446.693, 140
Trd, 4319447.193, 140
Trd, 4319447.243, 140
Trd, 4319448.593, 140
Trd, 4319449.443, 140
Trd, 4319450.543, 140
Trd, 4319450.843, 140
Trd, 4319452.343, 140
Trd, 4319453.043, 140
Trd, 4319453.493, 140
Trd, 4319454.193, 140
Trd, 4319454.293, 140
Trd, 4319454.743, 140
Trd, 4319455.143, 126
Trd, 4319455.643, 140
Trd, 4319456.693, 140
Trd, 4319458.093, 140
Trd, 4319458.243, 140
Trd, 4319458.393, 140
Trd, 4319459.193, 139
Trd, 4319459.593, 117
Trd, 4319460.443, 101
Trd, 4319460.643, 82
Trd, 4319461.143, 74
Trd, 4319461.593, 136
Trd, 4319464.193, 140
Trd, 4319464.243, 140
Trd, 4319464.993, 140
Trd, 4319465.693, 139
Trd, 4319467.343, 140
Trd, 4319467.643, 140
Trd, 4319468.193, 140
Trd, 4319469.643, 140
Trd, 4319469.993, 140
Trd, 4319471.643, 140
Trd, 4319472.093, 140
Trd, 4319474.293, 140
Trd, 4319474.643, 140
Trd, 4319475.043, 140
Trd, 4319475.343, 140
Trd, 4319475.993, 140
Trd, 4319476.793, 140
Trd, 4319476.943, 140
Trd, 4319477.993, 132
Trd, 4319478.243, 140
Trd, 4319478.643, 131
Trd, 4319479.043, 104
Trd, 4319479.893, 64
Trd, 4319481.593, 124
Trd, 4319483.193, 140
Trd, 4319484.643, 140
Trd, 4319484.693, 140
Trd, 4319486.193, 140
Trd, 4319486.743, 140
Trd, 4319487.343, 140
Trd, 4319488.143, 140
Trd, 4319488.443, 140
Trd, 4319488.643, 140
Trd, 4319489.643, 140
Trd, 4319490.043, 139
Trd, 4319490.343, 129
Trd, 4319490.793, 130
Trd, 4319491.943, 128
Trd, 4319492.593, 125
Trd, 4319493.343, 123
Trd, 4319493.893, 139
Trd, 4319495.143, 140
Trd, 4319495.793, 140
Trd, 4319496.193, 138
Trd, 4319497.493, 140
Trd, 4319497.843, 140
Trd, 4319498.693, 140
Trd, 4319499.793, 108
Trd, 4319499.993, 107
Trd, 4319500.343, 97
Trd, 4319501.543, 61
Trd, 4319501.793, 69
Trd, 4319501.843, 126
Trd, 4319502.743, 60
Trd, 4319505.543, 60
Trd, 4319505.793, 62
Trd, 4319506.193, 64
Trd, 4319506.343, 66
Trd, 4319506.793, 60
Trd, 4319509.343, 62
Trd, 4319511.493, 60
Trd, 4319511.643, 61
Trd, 4319512.043, 62
Trd, 4319512.193, 62
Trd, 4319512.943, 63
Trd, 4319513.393, 99
Trd, 4319513.843, 99
Trd, 4319513.893, 106
Trd, 4319513.993, 61
Trd, 4319515.243, 103
Trd, 4319516.443, 138
Trd, 4319516.793, 122
Trd, 4319518.593, 140
Trd, 4319518.943, 140
Trd, 4319519.193, 140
Trd, 4319519.343, 139
Trd, 4319519.593, 140
Trd, 4319520.243, 140
Trd, 4319521.193, 140
Trd, 4319522.843, 140
Trd, 4319523.193, 139
Trd, 4319523.393, 76
Trd, 4319524.993, 135
Trd, 4319525.543, 135
Trd, 4319525.693, 134
Trd, 4319527.193, 138
Trd, 4319527.393, 139
Trd, 4319527.493, 137
Trd, 4319528.593, 140
Trd, 4319529.143, 138
Trd, 4319529.293, 135
Trd, 4319531.443, 131
Trd, 4319533.693, 140
Trd, 4319534.093, 139
Trd, 4319534.543, 135
Trd, 4319534.843, 134
Trd, 4319535.593, 123
Trd, 4319536.893, 140
Trd, 4319537.143, 140
Trd, 4319537.493, 140
Trd, 4319538.543, 140
Trd, 4319538.993, 140
Trd, 4319539.193, 140
Trd, 4319540.243, 140
Trd, 4319540.393, 140
Trd, 4319541.443, 140
Trd, 4319542.493, 139
Trd, 4319543.493, 136
Trd, 4319543.993, 138
Trd, 4319544.693, 125
Trd, 4319544.943, 125
Trd, 4319546.193, 124
Trd, 4319547.143, 139
Trd, 4319547.193, 138
Trd, 4319548.743, 140
Trd, 4319549.443, 140
Trd, 4319550.593, 140
Trd, 4319550.693, 140
Trd, 4319551.643, 140
Trd, 4319551.893, 140
Trd, 4319552.793, 132
Trd, 4319553.243, 133
Trd, 4319554.243, 140
Trd, 4319554.893, 132
Trd, 4319555.543, 132
Trd, 4319555.793, 139
Trd, 4319556.543, 140
Trd, 4319557.593, 140
Trd, 4319558.293, 140
Trd, 4319558.443, 140
Trd, 4319559.643, 140
Trd, 4319560.193, 98
Trd, 4319560.593, 140
Trd, 4319560.693, 120
Trd, 4319561.843, 126
Trd, 4319562.193, 140
Trd, 4319564.143, 140
Trd, 4319564.593, 140
Trd, 4319564.743, 139
Trd, 4319564.843, 96
Trd, 4319567.193, 139
Trd, 4319567.793, 140
Trd, 4319569.243, 140
Trd, 4319569.343, 140
Trd, 4319569.793, 140
Trd, 4319570.843, 140
Trd, 4319571.093, 140
Trd, 4319571.543, 140
Trd, 4319571.693, 139
Trd, 4319573.143, 140
Trd, 4319574.293, 87
Trd, 4319575.543, 140
Trd, 4319575.593, 139
Trd, 4319576.543, 70
Trd, 4319577.743, 140
Trd, 4319577.793, 140
Trd, 4319578.693, 140
Trd, 4319579.993, 140
Trd, 4319581.693, 140
Trd, 4319582.193, 140
Trd, 4319583.293, 140
Trd, 4319583.443, 140
Trd, 4319583.893, 140
Trd, 4319583.943, 140
Trd, 4319585.243, 140
Trd, 4319585.743, 140
Trd, 4319586.043, 140
Trd, 4319586.393, 139
Trd, 4319587.693, 140
Trd, 4319588.543, 140
Trd, 4319589.093, 140
Trd, 4319590.693, 140
Trd, 4319592.343, 140
Trd, 4319592.793, 140
Trd, 4319592.943, 140
Trd, 4319593.493, 140
Trd, 4319593.543, 139
Trd, 4319595.593, 140
Trd, 4319595.793, 140
Trd, 4319596.093, 140
Trd, 4319597.343, 140
Trd, 4319598.093, 140
Trd, 4319598.143, 140
Trd, 4319598.543, 140
Trd, 4319598.943, 139
Trd, 4319599.793, 63
Trd, 4319599.893, 73
Trd, 4319601.643, 61
Trd, 4319602.643, 60
Trd, 4319603.743, 60
Trd, 4319603.943, 65
Trd, 4319604.043, 78
Trd, 4319605.293, 61
Trd, 4319605.743, 61
Trd, 4319607.743, 87
Trd, 4319607.893, 89
Trd, 4319608.343, 90
Trd, 4319609.093, 112
Trd, 4319609.193, 121
Trd, 4319609.593, 90
Trd, 4319609.643, 83
Trd, 4319610.993, 135
Trd, 4319611.193, 134
Trd, 4319611.343, 139
Trd, 4319612.043, 71
Trd, 4319612.343, 60
Trd, 4319615.093, 140
Trd, 4319615.243, 140
Trd, 4319617.693, 140
Trd, 4319617.793, 140
Trd, 4319618.043, 140
Trd, 4319618.143, 140
Trd, 4319618.493, 140
Trd, 4319619.493, 132
Trd, 4319620.343, 135
Trd, 4319620.643, 127
Trd, 4319621.393, 140
Trd, 4319622.193, 140
Trd, 4319622.493, 119
Trd, 4319623.243, 120
Trd, 4319623.443, 138
Trd, 4319625.193, 85
Trd, 4319625.643, 138
Trd, 4319627.843, 140
Trd, 4319628.193, 140
Trd, 4319628.793, 140
Trd, 4319629.443, 140
Trd, 4319630.293, 125
Trd, 4319630.493, 116
Trd, 4319631.593, 128
Trd, 4319633.443, 140
Trd, 4319633.693, 140
Trd, 4319633.743, 140
Trd, 4319634.093, 140
Trd, 4319634.543, 140
Trd, 4319635.393, 140
Trd, 4319635.993, 140
Trd, 4319636.793, 140
Trd, 4319637.743, 140
Trd, 4319638.743, 140
Trd, 4319640.243, 140
Trd, 4319640.343, 140
Trd, 4319640.393, 139
Trd, 4319641.043, 138
Trd, 4319641.543, 140
Trd, 4319642.593, 98
Trd, 4319643.743, 92
Trd, 4319644.043, 95
Trd, 4319644.343, 96
Trd, 4319644.443, 94
Trd, 4319644.643, 135
Trd, 4319644.693, 89
Trd, 4319646.293, 140
Trd, 4319646.543, 110
Trd, 4319648.193, 66
Trd, 4319648.893, 108
Trd, 4319649.043, 107
Trd, 4319651.643, 65
Trd, 4319652.043, 63
Trd, 4319652.193, 66
Trd, 4319653.943, 66
Trd, 4319654.843, 67
Trd, 4319656.493, 62
Trd, 4319657.193, 66
Trd, 4319657.293, 68
Trd, 4319657.943, 139
Trd, 4319658.393, 140
Trd, 4319658.493, 139
Trd, 4319658.993, 67
Trd, 4319659.493, 140
Trd, 4319660.293, 83
Trd, 4319660.343, 80
Trd, 4319661.043, 121
Trd, 4319663.043, 138
Trd, 4319663.293, 140
Trd, 4319663.393, 137
Trd, 4319663.843, 135
Trd, 4319665.343, 127
Trd, 4319666.793, 127
Trd, 4319667.093, 128
Trd, 4319667.393, 129
Trd, 4319669.393, 133
Trd, 4319670.543, 140
Trd, 4319672.143, 140
Trd, 4319673.193, 140
Trd, 4319673.443, 140
Trd, 4319673.843, 140
Trd, 4319673.893, 140
Trd, 4319674.093, 111
Trd, 4319674.993, 71
Trd, 4319675.493, 120
Trd, 4319676.643, 140
Trd, 4319677.193, 139
Trd, 4319678.393, 140
Trd, 4319679.343, 140
Trd, 4319680.093, 140
Trd, 4319680.893, 140
Trd, 4319681.193, 140
Trd, 4319682.293, 140
Trd, 4319682.693, 140
Trd, 4319683.143, 140
Trd, 4319683.293, 140
Trd, 4319683.993, 140
Trd, 4319685.243, 132
Trd, 4319686.393, 140
Trd, 4319686.743, 111
Trd, 4319687.443, 111
Trd, 4319687.843, 110
Trd, 4319687.893, 103
Trd, 4319689.143, 96
Trd, 4319689.243, 99
Trd, 4319689.343, 112
Trd, 4319691.543, 92
Trd, 4319691.893, 105
Trd, 4319692.943, 97
Trd, 4319692.993, 94
Trd, 4319693.643, 104
Trd, 4319693.843, 94
Trd, 4319694.443, 135
Trd, 4319694.893, 96
Trd, 4319694.943, 94
Trd, 4319695.943, 136
Trd, 4319696.193, 69
Trd, 4319698.393, 60
Trd, 4319698.743, 60
Trd, 4319700.743, 60
Trd, 4319701.493, 63
Trd, 4319702.493, 97
Trd, 4319702.943, 65
Trd, 4319703.893, 118
Trd, 4319705.043, 109
Trd, 4319705.593, 110
Trd, 4319706.293, 110
Trd, 4319706.343, 112
Trd, 4319706.593, 128
Trd, 4319707.793, 88
Trd, 4319709.893, 62
Trd, 4319710.043, 62
Trd, 4319710.593, 68
Trd, 4319710.943, 63
Trd, 4319711.393, 101
Trd, 4319711.593, 63
Trd, 4319712.243, 131
Trd, 4319712.493, 130
Trd, 4319714.193, 140
Trd, 4319715.793, 140
Trd, 4319717.543, 140
Trd, 4319717.843, 140
Trd, 4319718.393, 140
Trd, 4319718.693, 140
Trd, 4319718.843, 133
Trd, 4319719.793, 136
Trd, 4319719.993, 133
Trd, 4319720.693, 133
Trd, 4319721.393, 140
Trd, 4319721.493, 140
Trd, 4319724.343, 139
Trd, 4319724.593, 139
Trd, 4319724.643, 135
Trd, 4319725.143, 104
Trd, 4319725.193, 130
Trd, 4319726.093, 140
Trd, 4319727.193, 140
Trd, 4319727.893, 140
Trd, 4319728.093, 140
Trd, 4319729.093, 140
Trd, 4319729.543, 140
Trd, 4319730.593, 139
Trd, 4319731.743, 138
Trd, 4319732.143, 89
Trd, 4319732.943, 115
Trd, 4319732.993, 74
Trd, 4319734.443, 79
Trd, 4319735.793, 135
Trd, 4319736.643, 86
Trd, 4319737.093, 100
Trd, 4319737.143, 107
Trd, 4319737.843, 129
Trd, 4319739.493, 138
Trd, 4319739.893, 130
Trd, 4319740.693, 140
Trd, 4319741.143, 140
Trd, 4319741.593, 139
Trd, 4319741.993, 92
Trd, 4319743.093, 62
Trd, 4319743.743, 136
Trd, 4319744.893, 140
Trd, 4319745.043, 139
Trd, 4319745.543, 139
Trd, 4319746.793, 140
Trd, 4319747.543, 136
Trd, 4319748.593, 135
Trd, 4319748.993, 140
Trd, 4319749.943, 140
Trd, 4319750.043, 140
Trd, 4319750.843, 138
Trd, 4319751.293, 140
Trd, 4319752.543, 140
Trd, 4319752.793, 137
Trd, 4319753.743, 120
Trd, 4319753.943, 118
Trd, 4319754.293, 112
Trd, 4319755.143, 94
Trd, 4319755.593, 140
Trd, 4319756.693, 140
Trd, 4319757.243, 140
Trd, 4319759.643, 115
Trd, 4319760.043, 115
Trd, 4319760.443, 114
Trd, 4319761.043, 115
Trd, 4319761.443, 115
Trd, 4319761.743, 139
Trd, 4319761.993, 140
Trd, 4319763.293, 108
Trd, 4319763.493, 106
Trd, 4319763.843, 105
Trd, 4319764.993, 135
Trd, 4319765.243, 135
Trd, 4319766.793, 140
Trd, 4319767.393, 140
Trd, 4319767.593, 139
Trd, 4319767.793, 137
Trd, 4319767.943, 136
Trd, 4319768.293, 95
Trd, 4319769.593, 60
Trd, 4319769.843, 63
Trd, 4319770.693, 107
Trd, 4319772.843, 112
Trd, 4319773.143, 112
Trd, 4319773.343, 133
Trd, 4319773.493, 111
Trd, 4319773.743, 110
Trd, 4319774.243, 111
Trd, 4319776.643, 139
Trd, 4319777.143, 140
Trd, 4319777.443, 137
Trd, 4319777.993, 63
Trd, 4319779.143, 140
Trd, 4319780.143, 140
Trd, 4319780.293, 140
Trd, 4319780.743, 140
Trd, 4319780.943, 140
Trd, 4319781.143, 123
Trd, 4319781.993, 93
Trd, 4319783.693, 60
Trd, 4319783.743, 61
Trd, 4319784.193, 60
Trd, 4319785.543, 140
Trd, 4319786.393, 140
Trd, 4319786.593, 140
Trd, 4319787.193, 137
Trd, 4319787.943, 140
Trd, 4319789.543, 140
Trd, 4319790.543, 140
Trd, 4319790.593, 139
Trd, 4319791.493, 138
Trd, 4319791.543, 131
Trd, 4319792.593, 140
Trd, 4319792.893, 140
Trd, 4319794.743, 140
Trd, 4319795.243, 130
Trd, 4319796.993, 134
Trd, 4319797.543, 140
Trd, 4319797.793, 140
Trd, 4319797.843, 133
Trd, 4319798.193, 140
Trd, 4319798.543, 130
Trd, 4319798.943, 140
Trd, 4319800.593, 103
Trd, 4319801.593, 131
Trd, 4319802.493, 94
Trd, 4319803.493, 113
Trd, 4319804.093, 140
Trd, 4319804.243, 110
Trd, 4319805.743, 127
Trd, 4319806.493, 136
Trd, 4319806.893, 139
Trd, 4319807.143, 128
Trd, 4319808.643, 140
Trd, 4319809.443, 140
Trd, 4319809.893, 140
Trd, 4319810.743, 140
Trd, 4319811.543, 140
Trd, 4319812.693, 140
Trd, 4319812.743, 140
Trd, 4319812.993, 140
Trd, 4319813.643, 129
Trd, 4319813.843, 128
Trd, 4319815.093, 117
Trd, 4319815.293, 123
Trd, 4319816.893, 140
Trd, 4319817.693, 140
Trd, 4319818.143, 139
Trd, 4319818.943, 140
Trd, 4319819.743, 140
Trd, 4319820.143, 138
Trd, 4319820.243, 137
Trd, 4319821.693, 128
Trd, 4319822.243, 136
Trd, 4319822.993, 134
Trd, 4319823.493, 135
Trd, 4319825.043, 140
Trd, 4319825.893, 140
Trd, 4319826.443, 140
Trd, 4319826.643, 140
Trd, 4319826.843, 140
Trd, 4319828.393, 140
Trd, 4319829.143, 140
Trd, 4319829.243, 140
Trd, 4319830.543, 138
Trd, 4319830.893, 105
Trd, 4319831.593, 117
Trd, 4319831.893, 140
Trd, 4319832.393, 140
Trd, 4319833.193, 130
Trd, 4319834.093, 140
Trd, 4319835.393, 140
Trd, 4319835.893, 139
Trd, 4319836.443, 120
Trd, 4319837.143, 105
Trd, 4319837.493, 106
Trd, 4319839.743, 61
Trd, 4319840.343, 65
Trd, 4319842.093, 140
Trd, 4319842.143, 140
Trd, 4319842.693, 140
Trd, 4319842.893, 139
Trd, 4319843.143, 138
Trd, 4319844.543, 140
Trd, 4319844.993, 140
Trd, 4319845.393, 139
Trd, 4319845.543, 131
Trd, 4319845.843, 138
Trd, 4319846.643, 122
Trd, 4319846.893, 122
Trd, 4319848.593, 109
Trd, 4319848.693, 69
Trd, 4319848.893, 68
Trd, 4319851.043, 139
Trd, 4319851.943, 140
Trd, 4319852.043, 140
Trd, 4319852.643, 140
Trd, 4319853.143, 140
Trd, 4319853.393, 140
Trd, 4319853.593, 140
Trd, 4319855.743, 138
Trd, 4319856.643, 138
Trd, 4319858.293, 140
Trd, 4319858.443, 139
Trd, 4319860.343, 140
Trd, 4319861.543, 140
Trd, 4319861.893, 140
Trd, 4319863.293, 139
Trd, 4319863.943, 140
Trd, 4319864.043, 140
Trd, 4319864.093, 139
Trd, 4319866.143, 140
Trd, 4319866.543, 140
Trd, 4319866.743, 139
Trd, 4319866.793, 134
Trd, 4319866.893, 95
Trd, 4319867.793, 60
Trd, 4319869.843, 62
Trd, 4319870.593, 64
Trd, 4319871.093, 140
Trd, 4319871.493, 140
Trd, 4319871.893, 140
Trd, 4319872.043, 140
Trd, 4319872.893, 134
Trd, 4319875.093, 140
Trd, 4319875.243, 140
Trd, 4319875.843, 132
Trd, 4319876.543, 138
Trd, 4319876.793, 135
Trd, 4319877.343, 135
Trd, 4319878.193, 137
Trd, 4319878.493, 136
Trd, 4319878.893, 134
Trd, 4319879.843, 92
Trd, 4319879.943, 87
Trd, 4319881.943, 138
Trd, 4319884.493, 140
Trd, 4319884.743, 140
Trd, 4319885.493, 140
Trd, 4319885.593, 140
Trd, 4319885.943, 140
Trd, 4319886.393, 138
Trd, 4319887.593, 130
Trd, 4319887.843, 130
Trd, 4319888.893, 139
Trd, 4319889.443, 140
Trd, 4319890.443, 140
Trd, 4319890.493, 140
Trd, 4319890.643, 140
Trd, 4319891.293, 125
Trd, 4319891.443, 63
Trd, 4319895.193, 140
Trd, 4319896.693, 140
Trd, 4319897.193, 140
Trd, 4319897.343, 140
Trd, 4319898.043, 137
Trd, 4319898.443, 140
Trd, 4319898.543, 136
Trd, 4319898.893, 140
Trd, 4319900.043, 131
Trd, 4319900.293, 131
Trd, 4319900.543, 99
Trd, 4319901.843, 140
Trd, 4319902.193, 140
Trd, 4319902.393, 140
Trd, 4319903.593, 140
Trd, 4319904.493, 139
Trd, 4319905.393, 87
Trd, 4319906.143, 140
Trd, 4319906.893, 140
Trd, 4319907.043, 140
Trd, 4319907.343, 118
Trd, 4319908.293, 60
Trd, 4319908.593, 61
Trd, 4319910.693, 64
Trd, 4319911.643, 60
Trd, 4319911.943, 61
Trd, 4319911.993, 62
Trd, 4319912.443, 79
Trd, 4319912.793, 60
Trd, 4319914.493, 140
Trd, 4319915.893, 140
Trd, 4319916.593, 140
Trd, 4319916.693, 140
Trd, 4319917.493, 140
Trd, 4319917.543, 140
Trd, 4319918.743, 140
Trd, 4319920.143, 140
Trd, 4319920.343, 140
Trd, 4319921.143, 140
Trd, 4319922.343, 140
Trd, 4319922.793, 140
Trd, 4319924.293, 140
Trd, 4319925.593, 140
Trd, 4319925.943, 140
Trd, 4319926.393, 140
Trd, 4319927.843, 140
Trd, 4319928.143, 140
Trd, 4319929.443, 140
Trd, 4319929.593, 140
Trd, 4319929.643, 139
Trd, 4319931.593, 140
Trd, 4319931.993, 137
Trd, 4319933.143, 140
Trd, 4319934.343, 140
Trd, 4319934.543, 140
Trd, 4319934.593, 140
Trd, 4319935.443, 140
Trd, 4319935.493, 140
Trd, 4319936.143, 140
Trd, 4319936.443, 135
Trd, 4319937.443, 132
Trd, 4319937.943, 128
Trd, 4319940.893, 140
Trd, 4319941.243, 140
Trd, 4319941.643, 139
Trd, 4319941.743, 115
Trd, 4319943.593, 139
Trd, 4319944.143, 140
Trd, 4319944.243, 140
Trd, 4319945.193, 140
Trd, 4319945.693, 140
Trd, 4319945.993, 140
Trd, 4319946.743, 127
Trd, 4319946.793, 82
Trd, 4319949.493, 140
Trd, 4319949.843, 140
Trd, 4319949.943, 140
Trd, 4319950.293, 140
Trd, 4319950.593, 139
Trd, 4319951.043, 133
Trd, 4319951.143, 128
Trd, 4319951.943, 70
Trd, 4319952.993, 140
Trd, 4319954.093, 140
Trd, 4319955.143, 140
Trd, 4319955.993, 140
Trd, 4319956.493, 140
Trd, 4319956.643, 140
Trd, 4319957.393, 139
Trd, 4319958.293, 125
Trd, 4319958.543, 64
Trd, 4319959.643, 123
Trd, 4319960.043, 122
Trd, 4319960.843, 130
Trd, 4319962.443, 140
Trd, 4319962.693, 134
Trd, 4319963.193, 131
Trd, 4319963.293, 130
Trd, 4319965.143, 129
Trd, 4319965.493, 118
Trd, 4319965.993, 106
Trd, 4319966.893, 101
Trd, 4319967.943, 140
Trd, 4319968.343, 139
Trd, 4319968.443, 138
Trd, 4319968.493, 137
Trd, 4319970.043, 101
Trd, 4319970.193, 98
Trd, 4319971.893, 139
Trd, 4319972.493, 125
Trd, 4319974.143, 140
Trd, 4319974.293, 140
Trd, 4319974.743, 140
Trd, 4319974.943, 139
Trd, 4319975.643, 120
Trd, 4319977.043, 140
Trd, 4319977.243, 139
Trd, 4319977.493, 112
Trd, 4319979.043, 123
Trd, 4319979.843, 140
Trd, 4319980.043, 140
Trd, 4319980.543, 139
Trd, 4319981.743, 140
Trd, 4319981.943, 140
Trd, 4319983.093, 140
Trd, 4319983.743, 139
Trd, 4319984.543, 139
Trd, 4319985.943, 140
Trd, 4319986.393, 139
Trd, 4319986.593, 122
Trd, 4319986.943, 79
Trd, 4319988.193, 97
Trd, 4319988.343, 132
Trd, 4319988.543, 93
Trd, 4319989.293, 86
Trd, 4319990.493, 138
Trd, 4319991.443, 140
Trd, 4319991.643, 139
Trd, 4319992.193, 140
Trd, 4319992.243, 139
Trd, 4319992.893, 140
Trd, 4319993.693, 140
Trd, 4319994.543, 129
Trd, 4319996.343, 136
Trd, 4319997.293, 130
Trd, 4319997.493, 128
Trd, 4319997.943, 127
Trd, 4319998.043, 126
Trd, 4319998.893, 67
Trd, 4319999.593, 60
Trd, 4319999.743, 62
