Trd, 4318067.743, 122
Trd, 4318069.293, 140
Trd, 4318069.543, 140
Trd, 4318069.593, 137
Trd, 4318069.893, 136
Trd, 4318071.243, 60
Trd, 4318073.993, 140
Trd, 4318075.043, 140
Trd, 4318075.593, 140
Trd, 4318076.343, 140
Trd, 4318077.043, 140
Trd, 4318077.293, 140
Trd, 4318078.843, 140
Trd, 4318079.443, 140
Trd, 4318079.693, 140
Trd, 4318082.243, 140
Trd, 4318083.093, 140
Trd, 4318083.193, 139
Trd, 4318083.393, 139
Trd, 4318083.793, 140
Trd, 4318084.643, 140
Trd, 4318085.143, 138
Trd, 4318086.543, 140
Trd, 4318087.293, 140
Trd, 4318087.443, 140
Trd, 4318090.143, 140
Trd, 4318090.593, 140
Trd, 4318090.693, 140
Trd, 4318091.293, 140
Trd, 4318092.143, 140
Trd, 4318093.243, 140
Trd, 4318093.893, 138
Trd, 4318095.543, 140
Trd, 4318095.593, 140
Trd, 4318095.943, 140
Trd, 4318096.143, 138
Trd, 4318096.293, 123
Trd, 4318097.143, 79
Trd, 4318098.143, 60
Trd, 4318099.393, 134
Trd, 4318101.243, 140
Trd, 4318101.543, 140
Trd, 4318101.643, 139
Trd, 4318101.993, 137
Trd, 4318102.393, 135
Trd, 4318102.543, 138
Trd, 4318102.843, 132
Trd, 4318104.693, 140
Trd, 4318105.693, 140
Trd, 4318105.743, 139
Trd, 4318106.793, 140
Trd, 4318106.943, 140
Trd, 4318107.843, 139
Trd, 4318108.093, 139
Trd, 4318108.793, 137
Trd, 4318111.193, 140
Trd, 4318111.343, 140
Trd, 4318111.543, 139
Trd, 4318112.643, 140
Trd, 4318114.843, 140
Trd, 4318115.793, 140
Trd, 4318116.543, 140
Trd, 4318117.493, 140
Trd, 4318118.793, 140
Trd, 4318119.343, 140
Trd, 4318120.193, 140
Trd, 4318120.843, 140
Trd, 4318121.443, 139
Trd, 4318124.993, 140
Trd, 4318126.293, 140
Trd, 4318126.743, 140
Trd, 4318127.093, 140
Trd, 4318127.543, 140
Trd, 4318127.793, 140
Trd, 4318128.893, 140
Trd, 4318130.843, 140
Trd, 4318132.393, 140
Trd, 4318132.643, 140
Trd, 4318134.143, 140
Trd, 4318134.293, 140
Trd, 4318135.043, 140
Trd, 4318135.743, 140
Trd, 4318136.693, 140
Trd, 4318138.193, 140
Trd, 4318138.243, 140
Trd, 4318138.543, 140
Trd, 4318138.743, 140
Trd, 4318139.193, 131
Trd, 4318140.743, 140
Trd, 4318142.343, 140
Trd, 4318144.343, 140
Trd, 4318144.393, 140
Trd, 4318145.093, 140
Trd, 4318145.543, 140
Trd, 4318146.743, 140
Trd, 4318147.193, 140
Trd, 4318147.343, 140
Trd, 4318149.493, 140
Trd, 4318149.793, 140
Trd, 4318150.693, 140
Trd, 4318151.843, 140
Trd, 4318154.343, 140
Trd, 4318155.593, 140
Trd, 4318156.043, 140
Trd, 4318156.543, 140
Trd, 4318157.193, 140
Trd, 4318157.443, 140
Trd, 4318158.543, 140
Trd, 4318158.893, 138
Trd, 4318159.443, 140
Trd, 4318159.993, 140
Trd, 4318160.393, 140
Trd, 4318161.843, 140
Trd, 4318162.543, 139
Trd, 4318162.843, 140
Trd, 4318163.143, 140
Trd, 4318163.643, 140
Trd, 4318164.693, 140
Trd, 4318164.993, 131
Trd, 4318165.693, 140
Trd, 4318166.393, 140
Trd, 4318166.443, 139
Trd, 4318167.243, 140
Trd, 4318167.793, 140
Trd, 4318168.643, 139
Trd, 4318169.193, 136
Trd, 4318170.043, 129
Trd, 4318170.093, 122
Trd, 4318172.143, 140
Trd, 4318173.543, 140
Trd, 4318173.843, 140
Trd, 4318173.993, 140
Trd, 4318174.693, 140
Trd, 4318175.443, 137
Trd, 4318176.693, 139
Trd, 4318177.893, 140
Trd, 4318178.943, 140
Trd, 4318180.093, 140
Trd, 4318180.493, 140
Trd, 4318181.293, 140
Trd, 4318182.593, 140
Trd, 4318182.743, 140
Trd, 4318184.043, 140
Trd, 4318185.443, 140
Trd, 4318185.643, 139
Trd, 4318185.693, 139
Trd, 4318187.493, 139
Trd, 4318187.993, 140
Trd, 4318188.743, 140
Trd, 4318189.893, 140
Trd, 4318190.193, 140
Trd, 4318191.393, 139
Trd, 4318191.643, 139
Trd, 4318192.043, 139
Trd, 4318192.793, 140
Trd, 4318193.343, 139
Trd, 4318193.843, 140
Trd, 4318194.043, 137
Trd, 4318196.443, 140
Trd, 4318196.793, 140
Trd, 4318198.493, 140
Trd, 4318199.593, 140
Trd, 4318199.693, 140
Trd, 4318200.543, 137
Trd, 4318200.843, 131
Trd, 4318201.843, 135
Trd, 4318202.343, 113
Trd, 4318203.743, 126
Trd, 4318204.643, 139
Trd, 4318205.193, 126
Trd, 4318205.643, 137
Trd, 4318205.893, 127
Trd, 4318205.943, 126
Trd, 4318206.543, 140
Trd, 4318206.993, 61
Trd, 4318207.593, 88
Trd, 4318210.043, 139
Trd, 4318210.393, 140
Trd, 4318211.043, 140
Trd, 4318212.193, 140
Trd, 4318213.093, 140
Trd, 4318214.043, 139
Trd, 4318214.743, 140
Trd, 4318215.193, 140
Trd, 4318216.043, 140
Trd, 4318216.793, 140
Trd, 4318217.593, 140
Trd, 4318218.693, 140
Trd, 4318219.643, 140
Trd, 4318221.143, 140
Trd, 4318223.343, 140
Trd, 4318223.643, 140
Trd, 4318223.943, 140
Trd, 4318224.043, 139
Trd, 4318224.193, 140
Trd, 4318225.143, 140
Trd, 4318225.343, 140
Trd, 4318226.693, 140
Trd, 4318226.893, 140
Trd, 4318227.593, 140
Trd, 4318227.793, 140
Trd, 4318228.243, 140
Trd, 4318230.243, 140
Trd, 4318231.293, 140
Trd, 4318232.643, 140
Trd, 4318233.343, 140
Trd, 4318233.643, 140
Trd, 4318233.943, 140
Trd, 4318235.093, 139
Trd, 4318235.243, 98
Trd, 4318235.493, 139
Trd, 4318236.293, 140
Trd, 4318236.343, 140
Trd, 4318236.593, 97
Trd, 4318236.993, 63
Trd, 4318237.643, 66
Trd, 4318239.293, 140
Trd, 4318239.443, 140
Trd, 4318239.893, 139
Trd, 4318240.093, 138
Trd, 4318241.193, 140
Trd, 4318241.843, 139
Trd, 4318242.893, 140
Trd, 4318244.293, 140
Trd, 4318245.293, 140
Trd, 4318245.343, 140
Trd, 4318245.793, 140
Trd, 4318248.593, 140
Trd, 4318249.143, 140
Trd, 4318249.393, 140
Trd, 4318249.443, 138
Trd, 4318249.993, 140
Trd, 4318250.443, 139
Trd, 4318251.993, 140
Trd, 4318252.993, 140
Trd, 4318255.343, 140
Trd, 4318255.443, 140
Trd, 4318255.543, 140
Trd, 4318256.393, 140
Trd, 4318256.493, 136
Trd, 4318256.643, 138
Trd, 4318257.193, 140
Trd, 4318257.393, 131
Trd, 4318257.743, 138
Trd, 4318257.793, 122
Trd, 4318259.043, 140
Trd, 4318259.593, 139
Trd, 4318259.993, 138
Trd, 4318262.943, 140
Trd, 4318263.943, 140
Trd, 4318264.143, 140
Trd, 4318265.143, 140
Trd, 4318265.393, 140
Trd, 4318266.493, 140
Trd, 4318268.793, 140
Trd, 4318269.143, 140
Trd, 4318270.143, 140
Trd, 4318271.193, 140
Trd, 4318271.643, 140
Trd, 4318272.693, 140
Trd, 4318273.043, 140
Trd, 4318273.193, 140
Trd, 4318273.443, 139
Trd, 4318273.493, 139
Trd, 4318274.843, 139
Trd, 4318275.443, 120
Trd, 4318275.943, 137
Trd, 4318277.293, 140
Trd, 4318277.393, 140
Trd, 4318278.743, 139
Trd, 4318279.443, 140
Trd, 4318281.293, 140
Trd, 4318282.493, 140
Trd, 4318282.943, 140
Trd, 4318283.243, 140
Trd, 4318284.243, 140
Trd, 4318284.493, 140
Trd, 4318284.843, 140
Trd, 4318286.493, 140
Trd, 4318286.593, 139
Trd, 4318287.093, 139
Trd, 4318287.393, 139
Trd, 4318289.493, 140
Trd, 4318290.543, 140
Trd, 4318291.043, 140
Trd, 4318291.843, 140
Trd, 4318292.793, 140
Trd, 4318292.843, 140
Trd, 4318293.743, 140
Trd, 4318293.943, 140
Trd, 4318294.343, 139
Trd, 4318294.393, 137
Trd, 4318296.143, 140
Trd, 4318296.693, 140
Trd, 4318298.193, 140
Trd, 4318299.593, 140
Trd, 4318300.443, 140
Trd, 4318301.843, 140
Trd, 4318302.593, 140
Trd, 4318303.643, 140
Trd, 4318303.893, 140
Trd, 4318303.993, 139
Trd, 4318306.643, 140
Trd, 4318306.743, 140
Trd, 4318307.293, 140
Trd, 4318307.743, 140
Trd, 4318309.543, 140
Trd, 4318309.593, 140
Trd, 4318310.743, 140
Trd, 4318311.643, 140
Trd, 4318312.243, 140
Trd, 4318312.293, 140
Trd, 4318313.243, 140
Trd, 4318313.643, 140
Trd, 4318315.443, 140
Trd, 4318315.893, 140
Trd, 4318316.193, 140
Trd, 4318316.443, 140
Trd, 4318318.043, 140
Trd, 4318318.143, 139
Trd, 4318319.193, 140
Trd, 4318320.143, 138
Trd, 4318321.443, 140
Trd, 4318322.593, 140
Trd, 4318324.343, 140
Trd, 4318324.443, 140
Trd, 4318324.493, 140
Trd, 4318326.193, 140
Trd, 4318327.393, 140
Trd, 4318328.643, 140
Trd, 4318330.193, 140
Trd, 4318331.043, 140
Trd, 4318331.193, 140
Trd, 4318332.343, 140
Trd, 4318333.293, 140
Trd, 4318333.443, 140
Trd, 4318333.743, 139
Trd, 4318335.543, 140
Trd, 4318337.043, 140
Trd, 4318338.093, 140
Trd, 4318338.343, 140
Trd, 4318338.493, 140
Trd, 4318338.643, 139
Trd, 4318338.743, 139
Trd, 4318340.643, 140
Trd, 4318341.593, 140
Trd, 4318342.293, 140
Trd, 4318342.443, 140
Trd, 4318343.043, 114
Trd, 4318343.493, 140
Trd, 4318343.893, 138
Trd, 4318344.293, 136
Trd, 4318344.343, 135
Trd, 4318345.043, 64
Trd, 4318345.493, 138
Trd, 4318345.693, 138
Trd, 4318346.343, 113
Trd, 4318346.893, 140
Trd, 4318347.143, 89
Trd, 4318348.193, 140
Trd, 4318348.443, 138
Trd, 4318350.493, 140
Trd, 4318352.143, 140
Trd, 4318353.543, 140
Trd, 4318354.493, 140
Trd, 4318355.093, 140
Trd, 4318355.193, 140
Trd, 4318355.343, 139
Trd, 4318355.743, 140
Trd, 4318357.143, 140
Trd, 4318357.793, 134
Trd, 4318358.693, 140
Trd, 4318359.893, 140
Trd, 4318360.193, 140
Trd, 4318360.943, 113
Trd, 4318362.143, 140
Trd, 4318362.643, 140
Trd, 4318364.143, 140
Trd, 4318365.043, 140
Trd, 4318365.243, 140
Trd, 4318366.343, 137
Trd, 4318367.293, 140
Trd, 4318367.893, 139
Trd, 4318368.293, 108
Trd, 4318368.543, 140
Trd, 4318370.743, 140
Trd, 4318370.993, 140
Trd, 4318371.593, 140
Trd, 4318374.793, 140
Trd, 4318374.943, 140
Trd, 4318375.493, 140
Trd, 4318376.143, 139
Trd, 4318376.893, 139
Trd, 4318377.143, 140
Trd, 4318377.443, 140
Trd, 4318377.593, 139
Trd, 4318378.793, 140
Trd, 4318378.943, 140
Trd, 4318379.093, 139
Trd, 4318379.843, 131
Trd, 4318379.943, 126
Trd, 4318381.693, 140
Trd, 4318382.393, 140
Trd, 4318382.443, 140
Trd, 4318383.043, 65
Trd, 4318383.143, 129
Trd, 4318383.793, 140
Trd, 4318385.393, 140
Trd, 4318386.593, 140
Trd, 4318386.893, 140
Trd, 4318388.393, 140
Trd, 4318389.143, 140
Trd, 4318389.493, 139
Trd, 4318389.993, 139
Trd, 4318390.143, 140
Trd, 4318390.793, 140
Trd, 4318392.743, 140
Trd, 4318393.343, 140
Trd, 4318393.643, 140
Trd, 4318394.893, 140
Trd, 4318395.193, 140
Trd, 4318395.793, 140
Trd, 4318396.943, 140
Trd, 4318398.193, 140
Trd, 4318399.543, 140
Trd, 4318399.793, 140
Trd, 4318399.993, 140
Trd, 4318402.893, 140
Trd, 4318402.993, 139
Trd, 4318403.893, 140
Trd, 4318404.543, 140
Trd, 4318405.343, 140
Trd, 4318405.443, 139
Trd, 4318405.693, 139
Trd, 4318405.943, 138
Trd, 4318406.393, 139
Trd, 4318406.993, 139
Trd, 4318407.993, 140
Trd, 4318409.893, 140
Trd, 4318410.193, 140
Trd, 4318411.143, 138
Trd, 4318412.293, 140
Trd, 4318412.543, 140
Trd, 4318412.693, 139
Trd, 4318414.793, 140
Trd, 4318415.043, 140
Trd, 4318415.893, 140
Trd, 4318415.943, 140
Trd, 4318416.293, 121
Trd, 4318416.393, 66
Trd, 4318417.643, 140
Trd, 4318420.043, 140
Trd, 4318421.093, 140
Trd, 4318421.893, 140
Trd, 4318423.543, 140
Trd, 4318424.043, 140
Trd, 4318424.693, 140
Trd, 4318425.393, 140
Trd, 4318426.593, 140
Trd, 4318426.793, 139
Trd, 4318427.443, 140
Trd, 4318427.493, 139
Trd, 4318428.143, 138
Trd, 4318428.293, 139
Trd, 4318428.893, 139
Trd, 4318429.743, 140
Trd, 4318429.993, 138
Trd, 4318431.993, 140
Trd, 4318433.493, 140
Trd, 4318434.043, 140
Trd, 4318434.193, 140
Trd, 4318435.593, 140
Trd, 4318435.993, 139
Trd, 4318436.493, 140
Trd, 4318436.793, 140
Trd, 4318437.043, 140
Trd, 4318437.793, 140
Trd, 4318438.643, 140
Trd, 4318439.893, 140
Trd, 4318440.243, 140
Trd, 4318441.293, 140
Trd, 4318444.243, 140
Trd, 4318444.393, 140
Trd, 4318444.943, 140
Trd, 4318445.893, 139
Trd, 4318446.193, 140
Trd, 4318446.793, 140
Trd, 4318447.943, 140
Trd, 4318450.593, 140
Trd, 4318450.843, 140
Trd, 4318451.143, 140
Trd, 4318452.893, 140
Trd, 4318453.743, 140
Trd, 4318455.543, 140
Trd, 4318455.793, 140
Trd, 4318456.193, 139
Trd, 4318456.793, 140
Trd, 4318459.343, 140
Trd, 4318459.443, 140
Trd, 4318459.593, 140
Trd, 4318460.843, 140
Trd, 4318461.393, 140
Trd, 4318461.793, 140
Trd, 4318462.393, 140
Trd, 4318462.643, 140
Trd, 4318463.093, 135
Trd, 4318465.843, 140
Trd, 4318466.043, 140
Trd, 4318466.143, 140
Trd, 4318466.643, 140
Trd, 4318467.743, 140
Trd, 4318467.993, 140
Trd, 4318469.493, 140
Trd, 4318470.043, 140
Trd, 4318470.193, 140
Trd, 4318470.993, 140
Trd, 4318472.643, 138
Trd, 4318473.393, 140
Trd, 4318473.593, 135
Trd, 4318473.843, 132
Trd, 4318475.293, 139
Trd, 4318476.593, 140
Trd, 4318476.793, 139
Trd, 4318476.893, 139
Trd, 4318477.343, 138
Trd, 4318477.893, 140
Trd, 4318478.693, 139
Trd, 4318479.193, 138
Trd, 4318479.593, 110
Trd, 4318481.693, 140
Trd, 4318483.043, 140
Trd, 4318483.143, 140
Trd, 4318484.293, 140
Trd, 4318485.393, 139
Trd, 4318485.793, 139
Trd, 4318485.943, 140
Trd, 4318488.143, 139
Trd, 4318489.143, 139
Trd, 4318489.493, 140
Trd, 4318489.743, 139
Trd, 4318490.243, 140
Trd, 4318490.793, 140
Trd, 4318492.243, 140
Trd, 4318493.143, 140
Trd, 4318494.043, 140
Trd, 4318494.393, 140
Trd, 4318494.493, 139
Trd, 4318495.993, 140
Trd, 4318496.143, 140
Trd, 4318496.893, 140
Trd, 4318499.093, 140
Trd, 4318499.143, 140
Trd, 4318499.743, 138
Trd, 4318500.293, 140
Trd, 4318500.593, 140
Trd, 4318500.693, 139
Trd, 4318500.793, 123
Trd, 4318501.493, 122
Trd, 4318502.293, 139
Trd, 4318502.793, 66
Trd, 4318503.593, 140
Trd, 4318505.543, 140
Trd, 4318505.643, 140
Trd, 4318508.593, 140
Trd, 4318508.843, 140
Trd, 4318509.143, 140
Trd, 4318510.243, 140
Trd, 4318511.343, 140
Trd, 4318511.393, 140
Trd, 4318511.543, 140
Trd, 4318511.893, 140
Trd, 4318513.043, 140
Trd, 4318513.943, 140
Trd, 4318513.993, 140
Trd, 4318514.543, 138
Trd, 4318514.993, 120
Trd, 4318516.693, 139
Trd, 4318516.893, 140
Trd, 4318518.743, 140
Trd, 4318519.243, 140
Trd, 4318519.943, 139
Trd, 4318520.493, 140
Trd, 4318520.943, 140
Trd, 4318521.793, 140
Trd, 4318523.393, 140
Trd, 4318524.193, 140
Trd, 4318524.343, 139
Trd, 4318524.693, 139
Trd, 4318524.793, 139
Trd, 4318525.693, 140
Trd, 4318526.343, 140
Trd, 4318527.493, 140
Trd, 4318527.643, 139
Trd, 4318528.993, 140
Trd, 4318530.743, 140
Trd, 4318530.843, 140
Trd, 4318531.343, 140
Trd, 4318531.643, 137
Trd, 4318531.993, 136
Trd, 4318532.243, 139
Trd, 4318532.743, 139
Trd, 4318534.393, 140
Trd, 4318535.043, 119
Trd, 4318536.143, 118
Trd, 4318538.593, 140
Trd, 4318538.793, 140
Trd, 4318538.993, 140
Trd, 4318539.093, 140
Trd, 4318539.143, 140
Trd, 4318540.393, 140
Trd, 4318540.493, 140
Trd, 4318541.943, 139
Trd, 4318542.443, 140
Trd, 4318542.943, 139
Trd, 4318543.593, 140
Trd, 4318544.243, 139
Trd, 4318545.943, 140
Trd, 4318547.043, 140
Trd, 4318547.093, 140
Trd, 4318547.293, 139
Trd, 4318548.943, 137
Trd, 4318549.593, 139
Trd, 4318549.843, 140
Trd, 4318551.243, 140
Trd, 4318552.243, 140
Trd, 4318553.043, 140
Trd, 4318554.293, 140
Trd, 4318555.143, 140
Trd, 4318555.743, 140
Trd, 4318556.643, 140
Trd, 4318556.993, 140
Trd, 4318557.843, 137
Trd, 4318558.743, 138
Trd, 4318560.293, 140
Trd, 4318561.143, 140
Trd, 4318562.043, 140
Trd, 4318562.493, 140
Trd, 4318563.443, 139
Trd, 4318563.843, 140
Trd, 4318564.243, 139
Trd, 4318565.093, 140
Trd, 4318565.193, 139
Trd, 4318568.393, 140
Trd, 4318568.743, 140
Trd, 4318568.843, 139
Trd, 4318568.943, 137
Trd, 4318569.643, 121
Trd, 4318570.893, 140
Trd, 4318571.793, 140
Trd, 4318573.643, 140
Trd, 4318575.593, 140
Trd, 4318576.693, 140
Trd, 4318576.743, 140
Trd, 4318577.243, 140
Trd, 4318577.893, 140
Trd, 4318578.543, 140
Trd, 4318579.893, 140
Trd, 4318580.893, 140
Trd, 4318581.043, 140
Trd, 4318581.943, 139
Trd, 4318584.093, 140
Trd, 4318586.143, 140
Trd, 4318586.943, 140
Trd, 4318586.993, 140
Trd, 4318587.943, 140
Trd, 4318588.293, 140
Trd, 4318588.493, 139
Trd, 4318588.743, 138
Trd, 4318590.043, 140
Trd, 4318590.593, 137
Trd, 4318592.493, 140
Trd, 4318594.943, 140
Trd, 4318595.043, 140
Trd, 4318595.093, 140
Trd, 4318595.143, 138
Trd, 4318596.943, 139
Trd, 4318597.543, 138
Trd, 4318598.093, 137
Trd, 4318598.643, 136
Trd, 4318599.743, 140
Trd, 4318601.193, 140
Trd, 4318601.893, 140
Trd, 4318603.043, 140
Trd, 4318603.243, 140
Trd, 4318603.743, 140
Trd, 4318603.943, 136
Trd, 4318605.943, 140
Trd, 4318606.093, 140
Trd, 4318606.893, 140
Trd, 4318607.243, 140
Trd, 4318607.843, 138
Trd, 4318608.443, 136
Trd, 4318608.943, 139
Trd, 4318610.943, 140
Trd, 4318611.443, 140
Trd, 4318612.093, 140
Trd, 4318613.193, 140
Trd, 4318615.343, 140
Trd, 4318617.043, 140
Trd, 4318617.243, 140
Trd, 4318617.543, 140
Trd, 4318617.593, 140
Trd, 4318617.843, 140
Trd, 4318618.193, 139
Trd, 4318618.243, 134
Trd, 4318618.893, 62
Trd, 4318619.593, 137
Trd, 4318621.993, 140
Trd, 4318622.693, 140
Trd, 4318624.543, 140
Trd, 4318624.743, 139
Trd, 4318624.843, 138
Trd, 4318626.093, 139
Trd, 4318626.943, 140
Trd, 4318628.743, 140
Trd, 4318629.943, 140
Trd, 4318630.643, 139
Trd, 4318631.793, 137
Trd, 4318631.993, 140
Trd, 4318632.643, 140
Trd, 4318632.693, 140
Trd, 4318634.043, 140
Trd, 4318634.093, 140
Trd, 4318636.093, 140
Trd, 4318636.393, 140
Trd, 4318636.543, 139
Trd, 4318637.043, 140
Trd, 4318637.093, 139
Trd, 4318638.043, 140
Trd, 4318639.043, 138
Trd, 4318642.143, 140
Trd, 4318642.743, 140
Trd, 4318644.343, 140
Trd, 4318645.993, 140
Trd, 4318646.893, 140
Trd, 4318646.993, 140
Trd, 4318647.343, 139
Trd, 4318647.643, 140
Trd, 4318647.993, 139
Trd, 4318649.293, 140
Trd, 4318649.593, 140
Trd, 4318650.543, 140
Trd, 4318652.093, 140
Trd, 4318652.293, 140
Trd, 4318653.043, 140
Trd, 4318653.193, 140
Trd, 4318654.693, 140
Trd, 4318654.943, 139
Trd, 4318655.243, 139
Trd, 4318655.793, 128
Trd, 4318656.893, 61
Trd, 4318657.593, 134
Trd, 4318658.293, 140
Trd, 4318658.893, 139
Trd, 4318659.743, 140
Trd, 4318660.943, 140
Trd, 4318661.393, 140
Trd, 4318663.293, 140
Trd, 4318663.643, 140
Trd, 4318664.143, 140
Trd, 4318664.693, 140
Trd, 4318665.743, 140
Trd, 4318665.893, 139
Trd, 4318666.243, 139
Trd, 4318667.193, 139
Trd, 4318667.893, 140
Trd, 4318668.043, 140
Trd, 4318670.193, 139
Trd, 4318673.393, 140
Trd, 4318673.793, 140
Trd, 4318674.193, 140
Trd, 4318674.843, 140
Trd, 4318675.443, 139
Trd, 4318676.393, 140
Trd, 4318676.493, 140
Trd, 4318676.993, 140
Trd, 4318678.243, 139
Trd, 4318678.893, 140
Trd, 4318679.493, 140
Trd, 4318680.243, 140
Trd, 4318680.693, 140
Trd, 4318680.793, 139
Trd, 4318680.943, 140
Trd, 4318682.093, 139
Trd, 4318682.793, 124
Trd, 4318684.693, 140
Trd, 4318685.193, 140
Trd, 4318685.743, 140
Trd, 4318685.843, 139
Trd, 4318686.443, 140
Trd, 4318688.893, 140
Trd, 4318689.193, 140
Trd, 4318689.243, 139
Trd, 4318690.093, 140
Trd, 4318690.843, 140
Trd, 4318691.593, 140
Trd, 4318693.143, 140
Trd, 4318694.193, 140
Trd, 4318694.443, 140
Trd, 4318694.693, 140
Trd, 4318694.743, 140
Trd, 4318695.343, 138
Trd, 4318695.693, 140
Trd, 4318697.543, 140
Trd, 4318697.893, 139
Trd, 4318699.493, 140
Trd, 4318699.793, 140
Trd, 4318702.743, 140
Trd, 4318703.043, 140
Trd, 4318703.393, 140
Trd, 4318703.843, 139
Trd, 4318705.193, 140
Trd, 4318706.343, 140
Trd, 4318706.543, 140
Trd, 4318706.593, 140
Trd, 4318707.643, 138
Trd, 4318707.743, 126
Trd, 4318707.843, 125
Trd, 4318708.093, 125
Trd, 4318709.343, 140
Trd, 4318710.293, 139
Trd, 4318710.643, 140
Trd, 4318711.343, 139
Trd, 4318711.593, 139
Trd, 4318712.743, 72
Trd, 4318712.943, 74
Trd, 4318715.343, 60
Trd, 4318715.593, 60
Trd, 4318716.093, 119
Trd, 4318716.543, 61
Trd, 4318717.393, 67
Trd, 4318718.343, 60
Trd, 4318718.393, 61
Trd, 4318719.143, 120
Trd, 4318720.043, 76
Trd, 4318720.443, 140
Trd, 4318720.893, 131
Trd, 4318721.943, 117
Trd, 4318722.943, 139
Trd, 4318724.843, 140
Trd, 4318725.643, 140
Trd, 4318726.193, 140
Trd, 4318727.593, 140
Trd, 4318728.093, 139
Trd, 4318729.493, 140
Trd, 4318730.493, 140
Trd, 4318730.643, 140
Trd, 4318731.443, 140
Trd, 4318731.593, 140
Trd, 4318732.693, 140
Trd, 4318734.293, 140
Trd, 4318734.693, 140
Trd, 4318735.543, 140
Trd, 4318735.793, 139
Trd, 4318736.093, 137
Trd, 4318737.893, 140
Trd, 4318740.143, 140
Trd, 4318740.243, 140
Trd, 4318740.993, 140
Trd, 4318741.043, 140
Trd, 4318741.793, 140
Trd, 4318741.943, 139
Trd, 4318742.493, 107
Trd, 4318743.643, 140
Trd, 4318744.093, 140
Trd, 4318745.193, 138
Trd, 4318747.393, 140
Trd, 4318747.493, 139
Trd, 4318747.643, 140
Trd, 4318748.793, 137
Trd, 4318748.843, 121
Trd, 4318750.993, 140
Trd, 4318751.293, 140
Trd, 4318751.643, 140
Trd, 4318752.593, 140
Trd, 4318752.943, 140
Trd, 4318754.593, 140
Trd, 4318756.193, 140
Trd, 4318756.593, 140
Trd, 4318757.543, 140
Trd, 4318757.943, 138
Trd, 4318758.143, 137
Trd, 4318758.193, 137
Trd, 4318760.693, 140
Trd, 4318761.993, 140
Trd, 4318763.793, 140
Trd, 4318763.943, 140
Trd, 4318765.443, 140
Trd, 4318766.343, 140
Trd, 4318766.493, 138
Trd, 4318767.093, 139
Trd, 4318769.243, 140
Trd, 4318769.393, 140
Trd, 4318770.493, 140
Trd, 4318770.943, 140
Trd, 4318771.643, 140
Trd, 4318771.793, 140
Trd, 4318772.043, 140
Trd, 4318772.543, 93
Trd, 4318773.743, 60
Trd, 4318773.843, 60
Trd, 4318774.593, 62
Trd, 4318774.943, 63
Trd, 4318776.443, 114
Trd, 4318776.793, 94
Trd, 4318777.293, 130
Trd, 4318777.593, 94
Trd, 4318777.743, 93
Trd, 4318778.293, 71
Trd, 4318778.843, 139
Trd, 4318780.143, 140
Trd, 4318783.043, 140
Trd, 4318784.893, 140
Trd, 4318785.343, 140
Trd, 4318786.043, 140
Trd, 4318786.843, 140
Trd, 4318787.043, 140
Trd, 4318787.093, 138
Trd, 4318788.293, 140
Trd, 4318788.693, 139
Trd, 4318789.343, 140
Trd, 4318790.393, 140
Trd, 4318791.243, 140
Trd, 4318791.993, 140
Trd, 4318792.743, 139
Trd, 4318793.843, 140
Trd, 4318794.193, 140
Trd, 4318795.993, 140
Trd, 4318796.793, 140
Trd, 4318797.343, 140
Trd, 4318797.743, 139
Trd, 4318797.793, 120
Trd, 4318798.543, 139
Trd, 4318799.693, 140
Trd, 4318800.143, 136
Trd, 4318801.193, 140
Trd, 4318802.943, 140
Trd, 4318804.043, 140
Trd, 4318804.643, 140
Trd, 4318804.893, 140
Trd, 4318806.343, 140
Trd, 4318806.893, 140
Trd, 4318806.993, 140
Trd, 4318808.343, 140
Trd, 4318808.493, 140
Trd, 4318808.693, 140
Trd, 4318808.893, 140
Trd, 4318811.093, 140
Trd, 4318812.243, 140
Trd, 4318812.293, 140
Trd, 4318812.393, 140
Trd, 4318813.143, 140
Trd, 4318814.793, 140
Trd, 4318817.443, 140
Trd, 4318817.543, 140
Trd, 4318817.993, 140
Trd, 4318818.693, 140
Trd, 4318820.293, 140
Trd, 4318820.443, 140
Trd, 4318820.843, 140
Trd, 4318821.543, 139
Trd, 4318822.293, 139
Trd, 4318822.643, 140
Trd, 4318823.943, 140
Trd, 4318823.993, 140
Trd, 4318826.393, 140
Trd, 4318826.793, 140
Trd, 4318827.143, 140
Trd, 4318828.193, 140
Trd, 4318828.493, 139
Trd, 4318829.093, 140
Trd, 4318829.293, 140
Trd, 4318830.343, 140
Trd, 4318830.443, 140
Trd, 4318831.193, 140
Trd, 4318833.093, 140
Trd, 4318833.393, 140
Trd, 4318833.993, 140
Trd, 4318834.643, 140
Trd, 4318836.293, 140
Trd, 4318836.843, 140
Trd, 4318837.143, 140
Trd, 4318838.543, 140
Trd, 4318839.593, 140
Trd, 4318840.843, 140
Trd, 4318841.193, 140
Trd, 4318842.043, 139
Trd, 4318842.443, 140
Trd, 4318843.843, 140
Trd, 4318844.143, 140
Trd, 4318845.043, 140
Trd, 4318846.043, 140
Trd, 4318846.193, 140
Trd, 4318846.693, 139
Trd, 4318847.343, 139
Trd, 4318849.393, 140
Trd, 4318849.993, 140
Trd, 4318850.293, 140
Trd, 4318852.493, 140
Trd, 4318852.793, 140
Trd, 4318854.943, 140
Trd, 4318855.543, 140
Trd, 4318855.743, 139
Trd, 4318857.443, 140
Trd, 4318857.743, 140
Trd, 4318858.743, 140
Trd, 4318858.893, 139
Trd, 4318859.143, 138
Trd, 4318859.443, 71
Trd, 4318860.893, 105
Trd, 4318861.493, 65
Trd, 4318861.643, 62
Trd, 4318862.793, 62
Trd, 4318863.343, 106
Trd, 4318863.493, 107
Trd, 4318864.793, 111
Trd, 4318866.343, 60
Trd, 4318866.643, 61
Trd, 4318866.793, 132
Trd, 4318868.143, 98
Trd, 4318868.693, 61
Trd, 4318870.543, 140
Trd, 4318871.093, 140
Trd, 4318871.693, 140
Trd, 4318872.893, 140
Trd, 4318873.693, 140
Trd, 4318873.843, 140
Trd, 4318874.243, 140
Trd, 4318876.093, 140
Trd, 4318876.793, 139
Trd, 4318877.243, 139
Trd, 4318877.593, 138
Trd, 4318878.893, 140
Trd, 4318879.343, 140
Trd, 4318880.093, 140
Trd, 4318880.143, 140
Trd, 4318880.993, 140
Trd, 4318881.343, 138
Trd, 4318881.743, 140
Trd, 4318882.143, 138
Trd, 4318883.843, 138
Trd, 4318885.143, 140
Trd, 4318887.693, 140
Trd, 4318888.993, 140
Trd, 4318889.043, 140
Trd, 4318889.143, 140
Trd, 4318891.143, 140
Trd, 4318891.543, 140
Trd, 4318891.843, 140
Trd, 4318892.943, 140
Trd, 4318893.143, 140
Trd, 4318893.293, 139
Trd, 4318893.943, 140
Trd, 4318894.493, 140
Trd, 4318894.843, 140
Trd, 4318895.743, 140
Trd, 4318896.493, 140
Trd, 4318896.843, 136
Trd, 4318898.043, 135
Trd, 4318899.093, 137
Trd, 4318899.993, 139
Trd, 4318900.993, 140
Trd, 4318901.193, 137
Trd, 4318902.043, 139
Trd, 4318902.743, 140
Trd, 4318903.543, 140
Trd, 4318904.143, 140
Trd, 4318904.843, 140
Trd, 4318906.093, 140
Trd, 4318907.043, 140
Trd, 4318907.293, 140
Trd, 4318909.643, 140
Trd, 4318909.943, 140
Trd, 4318910.343, 140
Trd, 4318910.693, 140
Trd, 4318912.043, 140
Trd, 4318913.793, 140
Trd, 4318914.943, 140
Trd, 4318915.693, 140
Trd, 4318918.793, 139
Trd, 4318918.893, 139
Trd, 4318919.843, 140
Trd, 4318920.143, 140
Trd, 4318921.793, 140
Trd, 4318921.893, 140
Trd, 4318923.643, 140
Trd, 4318923.993, 140
Trd, 4318924.993, 140
Trd, 4318925.593, 140
Trd, 4318925.993, 140
Trd, 4318927.193, 140
Trd, 4318928.543, 140
Trd, 4318928.643, 140
Trd, 4318929.143, 140
Trd, 4318932.193, 140
Trd, 4318932.743, 140
Trd, 4318932.943, 140
Trd, 4318933.643, 140
Trd, 4318933.743, 140
Trd, 4318934.393, 140
Trd, 4318934.493, 140
Trd, 4318935.993, 140
Trd, 4318936.193, 140
Trd, 4318936.793, 140
Trd, 4318936.943, 139
Trd, 4318937.693, 139
Trd, 4318939.443, 140
Trd, 4318940.643, 140
Trd, 4318942.043, 140
Trd, 4318944.743, 140
Trd, 4318944.793, 140
Trd, 4318945.643, 140
Trd, 4318946.443, 140
Trd, 4318948.543, 140
Trd, 4318948.843, 140
Trd, 4318949.493, 140
Trd, 4318950.543, 140
Trd, 4318951.343, 140
Trd, 4318951.893, 140
Trd, 4318952.893, 140
Trd, 4318953.493, 140
Trd, 4318953.993, 139
Trd, 4318954.493, 139
Trd, 4318954.543, 139
Trd, 4318955.393, 140
Trd, 4318955.493, 139
Trd, 4318956.143, 139
Trd, 4318957.993, 140
Trd, 4318958.093, 140
Trd, 4318959.993, 140
Trd, 4318962.193, 140
Trd, 4318962.743, 140
Trd, 4318962.993, 140
Trd, 4318964.793, 140
Trd, 4318965.043, 140
Trd, 4318965.293, 140
Trd, 4318966.393, 140
Trd, 4318967.693, 140
Trd, 4318967.943, 140
Trd, 4318968.793, 140
Trd, 4318969.843, 140
Trd, 4318970.293, 140
Trd, 4318971.393, 140
Trd, 4318971.793, 139
Trd, 4318971.993, 140
Trd, 4318973.193, 140
Trd, 4318975.393, 140
Trd, 4318978.093, 139
Trd, 4318978.493, 140
Trd, 4318978.943, 140
Trd, 4318979.243, 140
Trd, 4318979.543, 139
Trd, 4318980.493, 140
Trd, 4318980.543, 123
Trd, 4318981.043, 132
Trd, 4318982.293, 140
Trd, 4318982.493, 140
Trd, 4318982.893, 139
Trd, 4318983.693, 140
Trd, 4318984.093, 140
Trd, 4318985.443, 139
Trd, 4318985.693, 140
Trd, 4318985.843, 139
Trd, 4318988.043, 140
Trd, 4318988.393, 139
Trd, 4318990.493, 140
Trd, 4318991.643, 140
Trd, 4318991.693, 140
Trd, 4318991.843, 140
Trd, 4318992.543, 140
Trd, 4318993.093, 140
Trd, 4318993.493, 140
Trd, 4318994.643, 140
Trd, 4318994.993, 140
Trd, 4318996.243, 140
Trd, 4318996.793, 140
Trd, 4318996.993, 140
Trd, 4318997.493, 136
Trd, 4318998.093, 140
Trd, 4318998.543, 139
Trd, 4318999.343, 122
Trd, 4319000.443, 140
Trd, 4319000.843, 140
Trd, 4319001.043, 140
Trd, 4319003.293, 140
Trd, 4319003.493, 140
Trd, 4319003.693, 140
Trd, 4319006.293, 140
Trd, 4319008.043, 140
Trd, 4319008.693, 140
Trd, 4319008.843, 139
Trd, 4319008.993, 139
Trd, 4319009.343, 139
Trd, 4319009.693, 139
Trd, 4319010.093, 140
Trd, 4319010.693, 137
Trd, 4319013.943, 140
Trd, 4319014.493, 140
Trd, 4319014.843, 140
Trd, 4319015.243, 140
Trd, 4319015.643, 140
Trd, 4319015.993, 140
Trd, 4319017.493, 140
Trd, 4319018.343, 140
Trd, 4319019.643, 140
Trd, 4319019.793, 140
Trd, 4319020.443, 140
Trd, 4319020.793, 140
Trd, 4319022.093, 140
Trd, 4319022.343, 140
Trd, 4319022.793, 140
Trd, 4319023.193, 139
Trd, 4319023.693, 138
Trd, 4319024.793, 140
Trd, 4319025.493, 139
Trd, 4319026.243, 136
Trd, 4319026.493, 133
Trd, 4319028.693, 140
Trd, 4319029.143, 140
Trd, 4319029.193, 140
Trd, 4319031.093, 140
Trd, 4319031.943, 140
Trd, 4319032.143, 140
Trd, 4319032.193, 139
Trd, 4319032.293, 139
Trd, 4319033.543, 138
Trd, 4319034.043, 61
Trd, 4319034.843, 60
Trd, 4319034.993, 118
Trd, 4319037.143, 140
Trd, 4319037.793, 140
Trd, 4319038.093, 140
Trd, 4319038.743, 140
Trd, 4319039.143, 123
Trd, 4319040.293, 140
Trd, 4319042.593, 140
Trd, 4319043.443, 140
Trd, 4319043.943, 140
Trd, 4319044.143, 140
Trd, 4319045.743, 140
Trd, 4319046.143, 140
Trd, 4319046.943, 140
Trd, 4319047.293, 140
Trd, 4319047.943, 140
Trd, 4319048.643, 140
Trd, 4319049.943, 140
Trd, 4319051.093, 140
Trd, 4319052.043, 140
Trd, 4319052.093, 140
Trd, 4319054.443, 140
Trd, 4319054.793, 140
Trd, 4319056.093, 140
Trd, 4319056.593, 140
Trd, 4319058.893, 140
Trd, 4319059.493, 140
Trd, 4319060.043, 139
Trd, 4319060.493, 140
Trd, 4319061.943, 140
Trd, 4319062.143, 140
Trd, 4319062.693, 140
Trd, 4319063.093, 140
Trd, 4319063.643, 140
Trd, 4319064.293, 120
Trd, 4319065.943, 140
Trd, 4319067.993, 140
Trd, 4319069.093, 140
Trd, 4319070.143, 140
Trd, 4319070.693, 140
Trd, 4319070.793, 139
Trd, 4319071.243, 139
Trd, 4319071.793, 139
Trd, 4319074.443, 140
Trd, 4319075.993, 140
Trd, 4319077.043, 140
Trd, 4319077.193, 140
Trd, 4319078.443, 140
Trd, 4319078.493, 139
Trd, 4319078.643, 121
Trd, 4319079.143, 140
Trd, 4319079.743, 140
Trd, 4319080.193, 140
Trd, 4319081.143, 139
Trd, 4319082.243, 140
Trd, 4319082.393, 140
Trd, 4319082.943, 140
Trd, 4319084.393, 140
Trd, 4319084.743, 140
Trd, 4319085.043, 140
Trd, 4319085.343, 136
Trd, 4319087.643, 140
Trd, 4319087.693, 140
Trd, 4319087.993, 140
Trd, 4319088.093, 140
Trd, 4319089.993, 140
Trd, 4319090.443, 140
Trd, 4319091.243, 140
Trd, 4319092.193, 140
Trd, 4319092.393, 140
Trd, 4319094.193, 140
Trd, 4319094.443, 140
Trd, 4319095.093, 140
Trd, 4319095.993, 140
Trd, 4319097.443, 140
Trd, 4319097.643, 140
Trd, 4319098.693, 140
Trd, 4319099.543, 140
Trd, 4319099.843, 140
Trd, 4319100.293, 139
Trd, 4319100.843, 139
Trd, 4319101.293, 138
Trd, 4319102.093, 140
Trd, 4319103.343, 140
Trd, 4319103.793, 140
Trd, 4319104.643, 140
Trd, 4319106.943, 140
Trd, 4319107.943, 140
Trd, 4319108.093, 140
Trd, 4319108.943, 140
Trd, 4319109.493, 140
Trd, 4319109.593, 140
Trd, 4319109.843, 138
Trd, 4319110.093, 137
Trd, 4319110.693, 140
Trd, 4319113.193, 140
Trd, 4319113.543, 140
Trd, 4319114.443, 140
Trd, 4319114.493, 140
Trd, 4319116.743, 140
Trd, 4319118.793, 140
Trd, 4319119.043, 140
Trd, 4319119.143, 140
Trd, 4319119.293, 140
Trd, 4319119.393, 136
Trd, 4319119.593, 135
Trd, 4319120.843, 140
Trd, 4319120.893, 140
Trd, 4319122.643, 140
Trd, 4319124.293, 140
Trd, 4319125.943, 140
Trd, 4319126.143, 140
Trd, 4319126.793, 139
Trd, 4319128.593, 140
Trd, 4319128.843, 140
Trd, 4319129.243, 140
Trd, 4319130.993, 140
Trd, 4319131.843, 140
Trd, 4319131.993, 140
Trd, 4319132.043, 139
Trd, 4319133.093, 140
Trd, 4319133.993, 140
Trd, 4319135.843, 140
Trd, 4319136.293, 140
Trd, 4319137.093, 140
Trd, 4319138.893, 140
Trd, 4319138.993, 140
Trd, 4319139.593, 140
Trd, 4319139.643, 140
Trd, 4319139.993, 140
Trd, 4319141.043, 139
Trd, 4319141.893, 140
Trd, 4319142.893, 140
Trd, 4319144.393, 140
Trd, 4319144.793, 140
Trd, 4319146.093, 140
Trd, 4319146.193, 139
Trd, 4319147.093, 140
Trd, 4319147.143, 140
Trd, 4319149.793, 140
Trd, 4319150.443, 140
Trd, 4319151.493, 140
Trd, 4319151.593, 140
Trd, 4319152.643, 140
Trd, 4319155.243, 140
Trd, 4319155.393, 140
Trd, 4319157.393, 140
Trd, 4319159.343, 140
Trd, 4319159.493, 140
Trd, 4319159.943, 140
Trd, 4319160.593, 140
Trd, 4319160.793, 140
Trd, 4319162.443, 140
Trd, 4319163.193, 140
Trd, 4319164.943, 140
Trd, 4319165.343, 140
Trd, 4319166.143, 140
Trd, 4319167.043, 140
Trd, 4319167.893, 139
Trd, 4319168.443, 140
Trd, 4319169.693, 140
Trd, 4319170.193, 140
Trd, 4319171.743, 140
Trd, 4319172.993, 140
Trd, 4319173.943, 140
Trd, 4319173.993, 140
Trd, 4319174.393, 140
Trd, 4319174.643, 140
Trd, 4319175.243, 140
Trd, 4319175.443, 139
Trd, 4319178.043, 140
Trd, 4319180.793, 140
Trd, 4319180.993, 140
Trd, 4319181.393, 139
Trd, 4319181.493, 139
Trd, 4319182.543, 140
Trd, 4319182.893, 140
Trd, 4319182.943, 139
Trd, 4319183.093, 124
Trd, 4319184.693, 140
Trd, 4319186.893, 140
Trd, 4319187.643, 140
Trd, 4319188.693, 140
Trd, 4319190.293, 140
Trd, 4319190.743, 140
Trd, 4319190.943, 140
Trd, 4319191.793, 140
Trd, 4319192.243, 140
Trd, 4319192.743, 140
Trd, 4319193.743, 140
Trd, 4319194.293, 140
Trd, 4319194.743, 140
Trd, 4319195.943, 140
Trd, 4319196.093, 140
Trd, 4319198.793, 140
Trd, 4319199.943, 140
Trd, 4319200.893, 140
Trd, 4319200.943, 140
Trd, 4319203.543, 140
Trd, 4319203.793, 140
Trd, 4319205.293, 140
Trd, 4319205.643, 140
Trd, 4319206.093, 139
Trd, 4319207.293, 140
Trd, 4319207.393, 139
Trd, 4319207.943, 140
Trd, 4319209.143, 140
Trd, 4319210.243, 140
Trd, 4319210.393, 140
Trd, 4319211.443, 139
Trd, 4319212.493, 140
Trd, 4319213.293, 140
Trd, 4319214.343, 139
Trd, 4319215.143, 140
Trd, 4319216.243, 140
Trd, 4319217.293, 140
Trd, 4319218.293, 139
Trd, 4319218.893, 139
Trd, 4319219.593, 140
Trd, 4319220.243, 140
Trd, 4319220.743, 140
Trd, 4319222.743, 140
Trd, 4319223.093, 140
Trd, 4319224.443, 140
Trd, 4319224.643, 140
Trd, 4319225.143, 140
Trd, 4319226.093, 140
Trd, 4319226.643, 140
Trd, 4319226.793, 138
Trd, 4319227.043, 138
Trd, 4319227.143, 138
Trd, 4319227.343, 124
Trd, 4319228.243, 140
Trd, 4319228.443, 140
Trd, 4319229.443, 140
Trd, 4319230.243, 140
Trd, 4319230.843, 140
Trd, 4319231.043, 122
Trd, 4319231.793, 60
Trd, 4319234.043, 60
Trd, 4319234.343, 60
Trd, 4319234.493, 61
Trd, 4319235.543, 60
Trd, 4319235.793, 69
Trd, 4319236.743, 64
Trd, 4319236.993, 122
Trd, 4319238.043, 140
Trd, 4319238.993, 140
Trd, 4319239.093, 140
Trd, 4319240.093, 140
Trd, 4319240.693, 140
Trd, 4319240.993, 140
Trd, 4319242.243, 140
Trd, 4319243.093, 140
Trd, 4319243.443, 139
Trd, 4319243.493, 138
Trd, 4319243.893, 60
Trd, 4319244.493, 139
Trd, 4319244.793, 113
Trd, 4319247.143, 139
Trd, 4319247.893, 127
Trd, 4319248.043, 126
Trd, 4319250.593, 140
Trd, 4319250.893, 139
Trd, 4319251.443, 140
Trd, 4319251.693, 140
Trd, 4319252.343, 138
Trd, 4319252.393, 137
Trd, 4319254.393, 140
Trd, 4319254.593, 140
Trd, 4319255.393, 138
Trd, 4319255.993, 140
Trd, 4319256.843, 140
Trd, 4319257.743, 140
Trd, 4319257.793, 140
Trd, 4319259.243, 140
Trd, 4319259.393, 139
Trd, 4319260.543, 138
Trd, 4319260.943, 138
Trd, 4319262.093, 137
Trd, 4319262.493, 129
Trd, 4319262.693, 139
Trd, 4319264.893, 140
Trd, 4319268.743, 140
Trd, 4319268.793, 140
Trd, 4319269.243, 140
Trd, 4319270.593, 140
Trd, 4319271.193, 140
Trd, 4319271.943, 140
Trd, 4319272.693, 140
Trd, 4319273.043, 139
Trd, 4319273.343, 107
Trd, 4319273.843, 140
Trd, 4319274.243, 138
Trd, 4319276.343, 140
Trd, 4319277.543, 140
Trd, 4319277.993, 140
Trd, 4319279.343, 140
Trd, 4319280.143, 140
Trd, 4319280.393, 140
Trd, 4319281.093, 138
Trd, 4319281.343, 140
Trd, 4319281.393, 127
Trd, 4319282.343, 139
Trd, 4319282.893, 139
Trd, 4319283.343, 138
Trd, 4319284.343, 139
Trd, 4319284.593, 138
Trd, 4319286.193, 139
Trd, 4319287.743, 140
Trd, 4319287.993, 140
Trd, 4319289.343, 140
Trd, 4319289.543, 140
Trd, 4319291.443, 140
Trd, 4319291.793, 140
Trd, 4319292.043, 140
Trd, 4319293.143, 140
Trd, 4319293.393, 140
Trd, 4319294.093, 140
Trd, 4319294.943, 140
Trd, 4319295.093, 138
Trd, 4319295.443, 140
Trd, 4319295.843, 140
Trd, 4319296.143, 138
Trd, 4319297.693, 140
Trd, 4319297.943, 139
Trd, 4319298.493, 139
Trd, 4319298.793, 130
Trd, 4319300.393, 140
Trd, 4319300.443, 140
Trd, 4319300.893, 140
Trd, 4319301.893, 139
Trd, 4319304.243, 140
Trd, 4319304.493, 140
Trd, 4319304.943, 140
Trd, 4319305.193, 140
Trd, 4319305.493, 138
Trd, 4319306.943, 140
Trd, 4319307.843, 140
Trd, 4319307.943, 140
Trd, 4319308.693, 140
Trd, 4319310.193, 139
Trd, 4319311.243, 139
Trd, 4319312.143, 140
Trd, 4319312.293, 139
Trd, 4319312.843, 139
Trd, 4319312.893, 135
Trd, 4319314.343, 140
Trd, 4319314.993, 138
Trd, 4319315.343, 140
Trd, 4319315.843, 138
Trd, 4319316.693, 139
Trd, 4319317.643, 140
Trd, 4319318.443, 138
Trd, 4319319.843, 60
Trd, 4319320.393, 61
Trd, 4319321.143, 67
Trd, 4319321.493, 115
Trd, 4319321.693, 124
Trd, 4319322.343, 60
Trd, 4319323.093, 80
Trd, 4319323.843, 124
Trd, 4319324.793, 131
Trd, 4319325.693, 139
Trd, 4319327.143, 140
Trd, 4319327.493, 140
Trd, 4319327.893, 140
Trd, 4319328.093, 140
Trd, 4319328.943, 139
Trd, 4319331.243, 140
Trd, 4319331.593, 140
Trd, 4319332.993, 140
Trd, 4319333.093, 140
Trd, 4319334.093, 140
Trd, 4319334.393, 140
Trd, 4319334.793, 140
Trd, 4319335.093, 138
Trd, 4319336.243, 140
Trd, 4319336.443, 122
Trd, 4319337.793, 140
Trd, 4319338.493, 140
Trd, 4319339.093, 140
Trd, 4319340.143, 140
Trd, 4319341.693, 140
Trd, 4319342.993, 140
Trd, 4319343.893, 140
Trd, 4319343.993, 140
Trd, 4319344.093, 140
Trd, 4319344.543, 140
Trd, 4319344.943, 140
Trd, 4319345.693, 140
Trd, 4319348.793, 140
Trd, 4319348.843, 139
Trd, 4319349.443, 130
Trd, 4319350.493, 140
Trd, 4319350.693, 140
Trd, 4319351.793, 140
Trd, 4319352.643, 140
Trd, 4319353.493, 140
Trd, 4319355.293, 140
Trd, 4319355.793, 140
Trd, 4319356.593, 140
Trd, 4319356.943, 140
Trd, 4319357.293, 140
Trd, 4319358.793, 140
Trd, 4319358.993, 140
Trd, 4319361.293, 140
Trd, 4319361.743, 140
Trd, 4319362.593, 140
Trd, 4319363.093, 140
Trd, 4319363.543, 140
Trd, 4319364.593, 140
Trd, 4319364.893, 140
Trd, 4319366.943, 140
Trd, 4319367.543, 140
Trd, 4319367.643, 139
Trd, 4319367.843, 140
Trd, 4319369.243, 138
Trd, 4319369.593, 137
Trd, 4319370.743, 136
Trd, 4319372.843, 140
Trd, 4319372.943, 140
Trd, 4319373.393, 140
Trd, 4319373.493, 140
Trd, 4319373.943, 138
Trd, 4319374.943, 139
Trd, 4319376.593, 140
Trd, 4319377.193, 140
Trd, 4319379.643, 140
Trd, 4319380.293, 140
Trd, 4319380.493, 140
Trd, 4319380.643, 140
Trd, 4319381.693, 140
Trd, 4319382.443, 140
Trd, 4319383.243, 139
Trd, 4319384.843, 140
Trd, 4319385.493, 139
Trd, 4319385.643, 139
Trd, 4319386.693, 139
Trd, 4319386.893, 139
Trd, 4319387.393, 124
Trd, 4319388.993, 139
Trd, 4319390.093, 140
Trd, 4319391.543, 140
Trd, 4319393.543, 140
Trd, 4319394.943, 140
Trd, 4319396.043, 140
Trd, 4319396.293, 140
Trd, 4319398.143, 140
Trd, 4319398.493, 140
Trd, 4319398.943, 140
Trd, 4319400.443, 140
Trd, 4319401.193, 140
Trd, 4319401.593, 140
Trd, 4319401.793, 139
Trd, 4319402.443, 139
Trd, 4319405.393, 140
Trd, 4319405.493, 140
Trd, 4319407.693, 140
Trd, 4319408.843, 140
Trd, 4319408.893, 140
Trd, 4319409.393, 140
Trd, 4319410.543, 140
Trd, 4319410.643, 140
Trd, 4319411.143, 140
Trd, 4319411.193, 139
Trd, 4319411.443, 140
Trd, 4319412.093, 138
Trd, 4319413.443, 139
Trd, 4319414.393, 140
Trd, 4319415.143, 140
Trd, 4319416.393, 140
Trd, 4319417.493, 140
Trd, 4319417.943, 140
Trd, 4319418.543, 140
Trd, 4319418.843, 140
Trd, 4319420.543, 140
Trd, 4319420.693, 140
Trd, 4319421.443, 140
Trd, 4319422.243, 140
Trd, 4319423.293, 140
Trd, 4319423.893, 140
Trd, 4319424.143, 140
Trd, 4319424.743, 139
Trd, 4319426.993, 140
Trd, 4319427.293, 140
Trd, 4319428.143, 140
Trd, 4319428.843, 140
Trd, 4319428.943, 139
Trd, 4319430.743, 139
Trd, 4319431.643, 139
Trd, 4319432.043, 139
Trd, 4319432.243, 126
Trd, 4319432.893, 122
Trd, 4319433.943, 140
Trd, 4319436.343, 140
Trd, 4319436.643, 140
Trd, 4319438.143, 140
Trd, 4319438.593, 140
Trd, 4319439.093, 139
Trd, 4319439.593, 140
Trd, 4319439.893, 140
Trd, 4319440.693, 139
Trd, 4319442.143, 140
Trd, 4319442.993, 140
Trd, 4319443.593, 140
Trd, 4319443.643, 140
Trd, 4319444.443, 140
Trd, 4319444.943, 140
Trd, 4319446.743, 140
Trd, 4319447.493, 140
Trd, 4319447.743, 139
Trd, 4319447.793, 139
Trd, 4319448.493, 138
Trd, 4319448.593, 140
Trd, 4319449.393, 139
Trd, 4319449.993, 140
Trd, 4319450.493, 138
Trd, 4319450.643, 108
Trd, 4319451.243, 60
Trd, 4319452.993, 140
Trd, 4319454.343, 140
Trd, 4319455.493, 140
Trd, 4319455.643, 140
Trd, 4319457.543, 140
Trd, 4319457.793, 140
Trd, 4319459.143, 140
Trd, 4319459.193, 140
Trd, 4319460.543, 139
Trd, 4319461.293, 140
Trd, 4319461.493, 139
Trd, 4319462.243, 140
Trd, 4319462.743, 140
Trd, 4319463.943, 140
Trd, 4319464.593, 139
Trd, 4319464.943, 140
Trd, 4319465.493, 140
Trd, 4319466.643, 140
Trd, 4319467.393, 140
Trd, 4319467.443, 140
Trd, 4319467.643, 139
Trd, 4319469.043, 140
Trd, 4319469.893, 140
Trd, 4319470.393, 139
Trd, 4319470.593, 108
Trd, 4319471.543, 140
Trd, 4319472.193, 140
Trd, 4319473.493, 140
Trd, 4319474.393, 140
Trd, 4319476.093, 140
Trd, 4319476.643, 140
Trd, 4319477.143, 139
Trd, 4319477.243, 138
Trd, 4319478.543, 140
Trd, 4319479.343, 140
Trd, 4319479.393, 140
Trd, 4319479.443, 140
Trd, 4319479.743, 140
Trd, 4319480.843, 140
Trd, 4319482.093, 123
Trd, 4319482.893, 139
Trd, 4319483.643, 140
Trd, 4319484.643, 140
Trd, 4319485.993, 140
Trd, 4319487.743, 140
Trd, 4319488.143, 140
Trd, 4319488.293, 140
Trd, 4319490.343, 140
Trd, 4319490.793, 140
Trd, 4319491.893, 140
Trd, 4319492.643, 140
Trd, 4319492.843, 140
Trd, 4319493.343, 140
Trd, 4319494.143, 140
Trd, 4319495.343, 140
Trd, 4319496.193, 140
Trd, 4319496.493, 140
Trd, 4319496.693, 138
Trd, 4319497.393, 140
Trd, 4319497.693, 140
Trd, 4319498.043, 127
Trd, 4319500.693, 140
Trd, 4319502.293, 140
Trd, 4319502.743, 140
Trd, 4319503.093, 140
Trd, 4319504.643, 140
Trd, 4319505.043, 140
Trd, 4319505.893, 140
Trd, 4319506.643, 139
Trd, 4319506.893, 140
Trd, 4319507.043, 139
Trd, 4319508.443, 140
Trd, 4319508.643, 140
Trd, 4319509.643, 138
Trd, 4319510.143, 140
Trd, 4319511.743, 140
Trd, 4319512.943, 140
Trd, 4319513.443, 140
Trd, 4319513.643, 140
Trd, 4319516.193, 140
Trd, 4319516.693, 140
Trd, 4319518.393, 140
Trd, 4319518.643, 140
Trd, 4319519.093, 140
Trd, 4319519.393, 140
Trd, 4319519.543, 140
Trd, 4319520.843, 140
Trd, 4319522.493, 140
Trd, 4319523.343, 140
Trd, 4319523.943, 140
Trd, 4319524.093, 140
Trd, 4319525.093, 140
Trd, 4319526.143, 140
Trd, 4319527.093, 140
Trd, 4319528.893, 140
Trd, 4319529.293, 140
Trd, 4319529.643, 140
Trd, 4319530.493, 140
Trd, 4319531.643, 140
Trd, 4319532.443, 140
Trd, 4319532.943, 139
Trd, 4319534.543, 138
Trd, 4319534.643, 139
Trd, 4319534.943, 138
Trd, 4319535.193, 137
Trd, 4319535.593, 127
Trd, 4319536.993, 140
Trd, 4319539.593, 140
Trd, 4319540.443, 140
Trd, 4319541.643, 140
Trd, 4319543.343, 140
Trd, 4319543.543, 140
Trd, 4319543.943, 140
Trd, 4319543.993, 140
Trd, 4319544.743, 140
Trd, 4319545.443, 138
Trd, 4319546.943, 140
Trd, 4319547.043, 140
Trd, 4319548.643, 140
Trd, 4319549.743, 140
Trd, 4319551.243, 140
Trd, 4319551.443, 140
Trd, 4319551.993, 140
Trd, 4319552.443, 140
Trd, 4319553.343, 140
Trd, 4319554.543, 140
Trd, 4319555.443, 140
Trd, 4319555.643, 140
Trd, 4319557.893, 140
Trd, 4319558.493, 140
Trd, 4319558.593, 138
Trd, 4319559.443, 140
Trd, 4319560.193, 140
Trd, 4319560.493, 140
Trd, 4319560.793, 140
Trd, 4319561.143, 140
Trd, 4319564.593, 140
Trd, 4319565.193, 140
Trd, 4319565.643, 140
Trd, 4319565.793, 137
Trd, 4319566.643, 140
Trd, 4319567.543, 140
Trd, 4319568.743, 140
Trd, 4319570.093, 140
Trd, 4319571.043, 140
Trd, 4319571.093, 140
Trd, 4319572.143, 140
Trd, 4319572.943, 140
Trd, 4319573.493, 140
Trd, 4319575.193, 140
Trd, 4319575.893, 140
Trd, 4319577.693, 140
Trd, 4319578.493, 140
Trd, 4319579.243, 140
Trd, 4319580.543, 140
Trd, 4319581.043, 140
Trd, 4319581.843, 140
Trd, 4319581.893, 140
Trd, 4319582.643, 140
Trd, 4319583.443, 140
Trd, 4319584.193, 140
Trd, 4319584.543, 140
Trd, 4319585.743, 140
Trd, 4319585.943, 140
Trd, 4319587.143, 140
Trd, 4319587.193, 139
Trd, 4319588.443, 139
Trd, 4319588.543, 139
Trd, 4319590.693, 140
Trd, 4319590.743, 140
Trd, 4319591.343, 139
Trd, 4319591.543, 109
Trd, 4319592.743, 140
Trd, 4319594.293, 140
Trd, 4319594.443, 140
Trd, 4319594.843, 140
Trd, 4319595.093, 138
Trd, 4319596.943, 138
Trd, 4319597.093, 134
Trd, 4319597.593, 140
Trd, 4319597.643, 139
Trd, 4319599.043, 140
Trd, 4319602.093, 140
Trd, 4319602.243, 140
Trd, 4319602.843, 140
Trd, 4319604.243, 140
Trd, 4319604.493, 140
Trd, 4319604.543, 140
Trd, 4319608.343, 140
Trd, 4319608.393, 140
Trd, 4319608.943, 140
Trd, 4319609.943, 140
Trd, 4319611.493, 140
Trd, 4319612.593, 140
Trd, 4319613.543, 140
Trd, 4319613.743, 140
Trd, 4319613.843, 140
Trd, 4319615.193, 140
Trd, 4319615.493, 140
Trd, 4319616.893, 140
Trd, 4319617.743, 140
Trd, 4319619.243, 140
Trd, 4319619.843, 140
Trd, 4319621.393, 140
Trd, 4319621.443, 140
Trd, 4319621.843, 140
Trd, 4319623.693, 140
Trd, 4319624.093, 140
Trd, 4319625.093, 140
Trd, 4319625.593, 140
Trd, 4319626.843, 140
Trd, 4319627.793, 140
Trd, 4319628.193, 140
Trd, 4319628.243, 140
Trd, 4319629.093, 140
Trd, 4319630.093, 140
Trd, 4319632.043, 140
Trd, 4319632.493, 140
Trd, 4319633.493, 140
Trd, 4319633.643, 140
Trd, 4319635.043, 140
Trd, 4319636.643, 140
Trd, 4319637.193, 140
Trd, 4319637.593, 140
Trd, 4319638.443, 140
Trd, 4319639.443, 140
Trd, 4319639.543, 140
Trd, 4319639.693, 139
Trd, 4319639.993, 121
Trd, 4319640.643, 140
Trd, 4319641.693, 140
Trd, 4319641.943, 139
Trd, 4319644.093, 140
Trd, 4319644.343, 140
Trd, 4319645.293, 140
Trd, 4319645.943, 140
Trd, 4319646.743, 140
Trd, 4319647.093, 140
Trd, 4319647.493, 139
Trd, 4319649.543, 140
Trd, 4319650.143, 139
Trd, 4319650.593, 140
Trd, 4319650.643, 140
Trd, 4319651.643, 139
Trd, 4319652.943, 139
Trd, 4319654.293, 140
Trd, 4319654.593, 140
Trd, 4319654.743, 140
Trd, 4319656.093, 140
Trd, 4319656.293, 139
Trd, 4319657.693, 139
Trd, 4319659.293, 140
Trd, 4319660.143, 140
Trd, 4319661.043, 140
Trd, 4319662.593, 140
Trd, 4319662.743, 140
Trd, 4319663.743, 140
Trd, 4319664.043, 140
Trd, 4319665.693, 140
Trd, 4319665.793, 140
Trd, 4319665.843, 139
Trd, 4319667.293, 140
Trd, 4319667.543, 140
Trd, 4319668.693, 140
Trd, 4319669.543, 140
Trd, 4319669.593, 140
Trd, 4319670.443, 139
Trd, 4319670.543, 139
Trd, 4319671.743, 108
Trd, 4319672.943, 140
Trd, 4319672.993, 139
Trd, 4319673.193, 140
Trd, 4319673.593, 135
Trd, 4319674.743, 140
Trd, 4319674.993, 139
Trd, 4319676.343, 140
Trd, 4319676.993, 140
Trd, 4319679.243, 140
Trd, 4319679.993, 140
Trd, 4319680.493, 140
Trd, 4319681.393, 140
Trd, 4319681.443, 139
Trd, 4319682.693, 140
Trd, 4319683.743, 140
Trd, 4319685.643, 138
Trd, 4319686.593, 140
Trd, 4319686.743, 137
Trd, 4319686.793, 137
Trd, 4319687.043, 129
Trd, 4319688.643, 140
Trd, 4319689.343, 140
Trd, 4319689.893, 140
Trd, 4319691.543, 140
Trd, 4319692.293, 140
Trd, 4319692.893, 140
Trd, 4319692.943, 140
Trd, 4319694.643, 140
Trd, 4319696.293, 140
Trd, 4319697.243, 140
Trd, 4319697.543, 140
Trd, 4319697.743, 140
Trd, 4319701.643, 140
Trd, 4319701.743, 140
Trd, 4319701.793, 140
Trd, 4319702.993, 140
Trd, 4319703.843, 140
Trd, 4319704.593, 140
Trd, 4319704.793, 140
Trd, 4319704.943, 140
Trd, 4319705.143, 139
Trd, 4319707.043, 140
Trd, 4319707.093, 140
Trd, 4319707.493, 140
Trd, 4319708.043, 137
Trd, 4319709.643, 140
Trd, 4319710.143, 140
Trd, 4319710.993, 140
Trd, 4319712.143, 139
Trd, 4319713.943, 140
Trd, 4319714.043, 139
Trd, 4319714.593, 140
Trd, 4319715.243, 140
Trd, 4319717.143, 140
Trd, 4319717.193, 140
Trd, 4319717.593, 138
Trd, 4319719.693, 140
Trd, 4319720.643, 140
Trd, 4319721.493, 140
Trd, 4319721.743, 140
Trd, 4319722.743, 140
Trd, 4319723.143, 140
Trd, 4319724.193, 140
Trd, 4319724.993, 140
Trd, 4319726.293, 140
Trd, 4319727.143, 140
Trd, 4319728.793, 140
Trd, 4319729.793, 140
Trd, 4319729.843, 140
Trd, 4319730.193, 140
Trd, 4319730.743, 140
Trd, 4319731.543, 140
Trd, 4319732.393, 140
Trd, 4319732.693, 140
Trd, 4319733.193, 120
Trd, 4319733.943, 140
Trd, 4319734.293, 140
Trd, 4319735.993, 140
Trd, 4319737.193, 140
Trd, 4319737.743, 140
Trd, 4319738.393, 140
Trd, 4319739.043, 140
Trd, 4319739.193, 139
Trd, 4319739.743, 132
Trd, 4319740.543, 140
Trd, 4319741.643, 140
Trd, 4319742.193, 140
Trd, 4319743.943, 140
Trd, 4319745.193, 140
Trd, 4319745.793, 140
Trd, 4319747.443, 140
Trd, 4319747.493, 140
Trd, 4319748.043, 139
Trd, 4319748.593, 139
Trd, 4319749.243, 138
Trd, 4319749.693, 136
Trd, 4319750.443, 70
Trd, 4319751.043, 60
Trd, 4319751.593, 63
Trd, 4319751.893, 72
Trd, 4319753.593, 107
Trd, 4319753.643, 62
Trd, 4319755.343, 140
Trd, 4319755.793, 140
Trd, 4319756.693, 140
Trd, 4319756.843, 140
Trd, 4319758.143, 140
Trd, 4319758.693, 140
Trd, 4319759.443, 140
Trd, 4319762.243, 140
Trd, 4319762.343, 140
Trd, 4319762.393, 140
Trd, 4319763.643, 140
Trd, 4319766.143, 140
Trd, 4319766.493, 140
Trd, 4319766.843, 140
Trd, 4319767.093, 140
Trd, 4319768.693, 140
Trd, 4319769.193, 140
Trd, 4319770.793, 140
Trd, 4319772.143, 140
Trd, 4319772.593, 140
Trd, 4319772.843, 140
Trd, 4319773.043, 140
Trd, 4319773.843, 140
Trd, 4319774.593, 140
Trd, 4319774.993, 140
Trd, 4319775.443, 122
Trd, 4319776.693, 140
Trd, 4319776.843, 140
Trd, 4319778.693, 140
Trd, 4319779.043, 140
Trd, 4319780.343, 140
Trd, 4319781.143, 140
Trd, 4319783.543, 140
Trd, 4319783.693, 140
Trd, 4319783.993, 140
Trd, 4319784.993, 140
Trd, 4319785.043, 140
Trd, 4319785.393, 140
Trd, 4319785.543, 139
Trd, 4319787.543, 140
Trd, 4319788.343, 140
Trd, 4319788.843, 140
Trd, 4319789.193, 140
Trd, 4319789.793, 140
Trd, 4319791.343, 140
Trd, 4319791.493, 140
Trd, 4319792.293, 140
Trd, 4319793.993, 140
Trd, 4319796.943, 140
Trd, 4319797.143, 140
Trd, 4319799.643, 139
Trd, 4319800.393, 140
Trd, 4319800.593, 140
Trd, 4319800.843, 140
Trd, 4319801.743, 140
Trd, 4319802.043, 140
Trd, 4319802.243, 140
Trd, 4319802.593, 139
Trd, 4319803.093, 137
Trd, 4319803.293, 121
Trd, 4319806.293, 140
Trd, 4319807.293, 140
Trd, 4319807.993, 140
Trd, 4319810.043, 140
Trd, 4319810.843, 140
Trd, 4319811.993, 140
Trd, 4319812.043, 140
Trd, 4319812.543, 140
Trd, 4319813.043, 140
Trd, 4319813.593, 140
Trd, 4319813.943, 140
Trd, 4319814.543, 140
Trd, 4319815.193, 140
Trd, 4319816.843, 139
Trd, 4319817.143, 129
Trd, 4319817.643, 140
Trd, 4319819.043, 140
Trd, 4319819.143, 122
Trd, 4319820.293, 123
Trd, 4319820.493, 121
Trd, 4319822.143, 140
Trd, 4319822.893, 140
Trd, 4319823.243, 138
Trd, 4319823.343, 120
Trd, 4319823.993, 139
Trd, 4319825.143, 140
Trd, 4319825.543, 140
Trd, 4319829.343, 140
Trd, 4319829.943, 140
Trd, 4319830.093, 140
Trd, 4319831.143, 140
Trd, 4319831.343, 139
Trd, 4319831.443, 139
Trd, 4319833.643, 140
Trd, 4319833.693, 135
Trd, 4319835.243, 137
Trd, 4319836.293, 139
Trd, 4319836.393, 139
Trd, 4319836.543, 140
Trd, 4319836.643, 126
Trd, 4319837.293, 138
Trd, 4319838.343, 140
Trd, 4319838.493, 140
Trd, 4319838.743, 138
Trd, 4319839.493, 138
Trd, 4319840.443, 140
Trd, 4319840.643, 139
Trd, 4319841.643, 138
Trd, 4319841.793, 127
Trd, 4319844.893, 140
Trd, 4319845.093, 140
Trd, 4319845.343, 140
Trd, 4319845.443, 138
Trd, 4319845.543, 138
Trd, 4319846.093, 139
Trd, 4319847.243, 139
Trd, 4319849.393, 139
Trd, 4319849.643, 139
Trd, 4319849.743, 140
Trd, 4319850.743, 140
Trd, 4319850.893, 139
Trd, 4319851.943, 140
Trd, 4319852.393, 140
Trd, 4319853.593, 140
Trd, 4319854.043, 140
Trd, 4319854.443, 139
Trd, 4319855.493, 124
Trd, 4319856.143, 140
Trd, 4319856.543, 140
Trd, 4319857.993, 140
Trd, 4319859.743, 140
Trd, 4319860.243, 140
Trd, 4319860.793, 140
Trd, 4319862.543, 140
Trd, 4319862.943, 140
Trd, 4319863.493, 140
Trd, 4319865.493, 140
Trd, 4319868.943, 140
Trd, 4319869.043, 140
Trd, 4319869.743, 140
Trd, 4319870.143, 140
Trd, 4319870.543, 140
Trd, 4319871.043, 140
Trd, 4319871.293, 139
Trd, 4319872.743, 140
Trd, 4319872.893, 139
Trd, 4319873.243, 140
Trd, 4319874.293, 140
Trd, 4319875.443, 136
Trd, 4319875.943, 140
Trd, 4319878.343, 140
Trd, 4319878.943, 140
Trd, 4319879.693, 140
Trd, 4319880.293, 140
Trd, 4319881.093, 140
Trd, 4319883.143, 140
Trd, 4319883.193, 140
Trd, 4319883.793, 140
Trd, 4319883.993, 139
Trd, 4319884.793, 140
Trd, 4319885.143, 140
Trd, 4319887.843, 140
Trd, 4319888.343, 140
Trd, 4319888.643, 139
Trd, 4319889.193, 140
Trd, 4319890.543, 140
Trd, 4319890.893, 140
Trd, 4319891.843, 140
Trd, 4319892.043, 137
Trd, 4319892.343, 140
Trd, 4319894.493, 140
Trd, 4319894.543, 140
Trd, 4319895.393, 140
Trd, 4319896.443, 140
Trd, 4319896.793, 140
Trd, 4319898.493, 140
Trd, 4319899.043, 140
Trd, 4319900.393, 140
Trd, 4319902.293, 140
Trd, 4319902.443, 140
Trd, 4319902.693, 140
Trd, 4319902.893, 140
Trd, 4319903.193, 140
Trd, 4319903.243, 140
Trd, 4319904.793, 140
Trd, 4319905.193, 139
Trd, 4319906.543, 140
Trd, 4319906.743, 140
Trd, 4319908.193, 140
Trd, 4319908.643, 140
Trd, 4319909.393, 140
Trd, 4319910.343, 140
Trd, 4319911.143, 140
Trd, 4319911.593, 140
Trd, 4319911.793, 140
Trd, 4319913.193, 140
Trd, 4319913.793, 140
Trd, 4319913.943, 140
Trd, 4319914.593, 139
Trd, 4319915.443, 140
Trd, 4319915.743, 140
Trd, 4319917.343, 140
Trd, 4319917.443, 140
Trd, 4319918.543, 140
Trd, 4319919.093, 140
Trd, 4319920.143, 140
Trd, 4319921.093, 140
Trd, 4319923.143, 140
Trd, 4319923.443, 140
Trd, 4319924.293, 140
Trd, 4319924.893, 140
Trd, 4319925.293, 140
Trd, 4319926.543, 140
Trd, 4319926.643, 140
Trd, 4319926.693, 140
Trd, 4319926.893, 140
Trd, 4319927.943, 138
Trd, 4319929.693, 140
Trd, 4319930.343, 140
Trd, 4319930.393, 140
Trd, 4319931.093, 137
Trd, 4319931.293, 139
Trd, 4319933.443, 140
Trd, 4319933.743, 140
Trd, 4319935.843, 140
Trd, 4319936.393, 140
Trd, 4319938.643, 140
Trd, 4319939.343, 140
Trd, 4319940.493, 140
Trd, 4319940.893, 140
Trd, 4319941.093, 140
Trd, 4319943.693, 140
Trd, 4319943.843, 140
Trd, 4319944.793, 140
Trd, 4319945.143, 140
Trd, 4319946.493, 140
Trd, 4319946.693, 140
Trd, 4319947.193, 140
Trd, 4319947.343, 140
Trd, 4319947.693, 138
Trd, 4319948.143, 140
Trd, 4319950.643, 140
Trd, 4319951.443, 140
Trd, 4319952.293, 140
Trd, 4319953.943, 140
Trd, 4319954.243, 140
Trd, 4319954.593, 140
Trd, 4319955.393, 140
Trd, 4319956.693, 140
Trd, 4319956.743, 140
Trd, 4319957.893, 140
Trd, 4319958.893, 140
Trd, 4319959.943, 140
Trd, 4319960.493, 139
Trd, 4319960.943, 140
Trd, 4319961.793, 140
Trd, 4319962.443, 140
Trd, 4319962.843, 139
Trd, 4319962.993, 136
Trd, 4319964.993, 140
Trd, 4319965.443, 140
Trd, 4319965.643, 140
Trd, 4319968.293, 140
Trd, 4319968.743, 140
Trd, 4319969.243, 140
Trd, 4319969.943, 140
Trd, 4319972.243, 140
Trd, 4319972.443, 140
Trd, 4319972.543, 140
Trd, 4319972.593, 140
Trd, 4319973.093, 139
Trd, 4319973.843, 139
Trd, 4319974.143, 140
Trd, 4319974.393, 138
Trd, 4319975.943, 138
Trd, 4319977.093, 107
Trd, 4319977.843, 140
Trd, 4319978.093, 139
Trd, 4319978.493, 111
Trd, 4319978.593, 110
Trd, 4319980.393, 139
Trd, 4319980.793, 64
Trd, 4319981.643, 140
Trd, 4319982.593, 139
Trd, 4319983.843, 140
Trd, 4319984.043, 140
Trd, 4319984.343, 140
Trd, 4319985.243, 140
Trd, 4319986.543, 140
Trd, 4319987.793, 140
Trd, 4319988.093, 140
Trd, 4319988.493, 140
Trd, 4319989.343, 140
Trd, 4319990.493, 139
Trd, 4319990.743, 137
Trd, 4319991.193, 140
Trd, 4319992.843, 140
Trd, 4319993.393, 140
Trd, 4319995.893, 140
Trd, 4319996.243, 140
Trd, 4319996.643, 140
Trd, 4319996.743, 140
Trd, 4319997.493, 140
Trd, 4319998.193, 140
