Trd, 4318076.843, 72
Trd, 4318077.893, 122
Trd, 4318077.993, 124
Trd, 4318078.693, 89
Trd, 4318078.843, 88
Trd, 4318080.193, 109
Trd, 4318080.843, 122
Trd, 4318080.943, 110
Trd, 4318082.193, 118
Trd, 4318082.293, 119
Trd, 4318083.693, 107
Trd, 4318084.093, 135
Trd, 4318085.993, 140
Trd, 4318086.043, 140
Trd, 4318086.843, 139
Trd, 4318088.043, 140
Trd, 4318088.943, 140
Trd, 4318089.743, 113
Trd, 4318091.443, 140
Trd, 4318091.793, 136
Trd, 4318092.443, 127
Trd, 4318093.143, 128
Trd, 4318093.993, 129
Trd, 4318094.143, 128
Trd, 4318094.343, 126
Trd, 4318094.443, 125
Trd, 4318095.693, 123
Trd, 4318096.143, 125
Trd, 4318096.593, 119
Trd, 4318098.943, 140
Trd, 4318100.393, 140
Trd, 4318100.493, 138
Trd, 4318100.743, 121
Trd, 4318103.693, 140
Trd, 4318105.243, 140
Trd, 4318105.693, 140
Trd, 4318107.893, 140
Trd, 4318107.993, 140
Trd, 4318109.543, 140
Trd, 4318109.843, 140
Trd, 4318110.943, 140
Trd, 4318110.993, 140
Trd, 4318111.593, 140
Trd, 4318112.593, 139
Trd, 4318113.293, 139
Trd, 4318113.643, 138
Trd, 4318114.093, 131
Trd, 4318115.393, 128
Trd, 4318115.893, 128
Trd, 4318116.093, 129
Trd, 4318116.443, 126
Trd, 4318118.343, 133
Trd, 4318118.993, 127
Trd, 4318119.943, 131
Trd, 4318120.693, 111
Trd, 4318121.643, 110
Trd, 4318122.843, 140
Trd, 4318123.893, 139
Trd, 4318124.893, 140
Trd, 4318125.843, 140
Trd, 4318128.143, 140
Trd, 4318129.293, 140
Trd, 4318129.743, 140
Trd, 4318133.193, 140
Trd, 4318133.693, 140
Trd, 4318134.393, 140
Trd, 4318134.993, 140
Trd, 4318135.243, 140
Trd, 4318135.743, 139
Trd, 4318135.893, 137
Trd, 4318136.193, 139
Trd, 4318136.443, 77
Trd, 4318136.943, 138
Trd, 4318138.793, 136
Trd, 4318138.843, 135
Trd, 4318141.343, 120
Trd, 4318141.643, 121
Trd, 4318142.443, 120
Trd, 4318142.993, 119
Trd, 4318143.243, 119
Trd, 4318143.643, 121
Trd, 4318143.693, 112
Trd, 4318144.243, 60
Trd, 4318145.143, 60
Trd, 4318146.743, 60
Trd, 4318147.693, 60
Trd, 4318147.793, 60
Trd, 4318147.843, 60
Trd, 4318148.193, 61
Trd, 4318148.293, 66
Trd, 4318150.143, 128
Trd, 4318151.543, 140
Trd, 4318151.793, 64
Trd, 4318152.193, 66
Trd, 4318153.993, 140
Trd, 4318154.793, 140
Trd, 4318155.943, 140
Trd, 4318157.643, 140
Trd, 4318157.943, 140
Trd, 4318159.243, 140
Trd, 4318160.393, 140
Trd, 4318160.493, 140
Trd, 4318164.543, 140
Trd, 4318164.743, 140
Trd, 4318165.793, 140
Trd, 4318166.093, 140
Trd, 4318167.393, 139
Trd, 4318167.693, 139
Trd, 4318167.893, 126
Trd, 4318170.143, 140
Trd, 4318171.593, 140
Trd, 4318171.643, 140
Trd, 4318171.993, 140
Trd, 4318172.193, 140
Trd, 4318172.243, 129
Trd, 4318172.293, 107
Trd, 4318175.143, 140
Trd, 4318175.543, 140
Trd, 4318176.143, 140
Trd, 4318176.943, 119
Trd, 4318181.293, 140
Trd, 4318181.793, 140
Trd, 4318184.293, 140
Trd, 4318184.993, 140
Trd, 4318185.243, 140
Trd, 4318186.643, 140
Trd, 4318187.093, 140
Trd, 4318187.543, 140
Trd, 4318188.893, 140
Trd, 4318189.243, 140
Trd, 4318191.893, 140
Trd, 4318192.093, 140
Trd, 4318192.543, 138
Trd, 4318192.893, 136
Trd, 4318193.293, 139
Trd, 4318194.543, 138
Trd, 4318195.043, 138
Trd, 4318195.743, 137
Trd, 4318196.643, 134
Trd, 4318196.893, 134
Trd, 4318197.193, 124
Trd, 4318197.943, 137
Trd, 4318198.343, 137
Trd, 4318198.893, 127
Trd, 4318199.543, 135
Trd, 4318199.893, 137
Trd, 4318200.343, 137
Trd, 4318202.643, 139
Trd, 4318202.943, 139
Trd, 4318203.593, 140
Trd, 4318204.093, 140
Trd, 4318207.243, 140
Trd, 4318207.343, 140
Trd, 4318207.893, 137
Trd, 4318208.093, 139
Trd, 4318209.093, 133
Trd, 4318209.243, 134
Trd, 4318209.343, 130
Trd, 4318210.493, 140
Trd, 4318211.193, 140
Trd, 4318213.193, 140
Trd, 4318213.643, 140
Trd, 4318214.693, 140
Trd, 4318215.643, 124
Trd, 4318218.693, 133
Trd, 4318219.343, 130
Trd, 4318219.593, 129
Trd, 4318220.593, 139
Trd, 4318221.243, 139
Trd, 4318222.093, 140
Trd, 4318222.793, 140
Trd, 4318223.243, 140
Trd, 4318223.343, 140
Trd, 4318224.093, 139
Trd, 4318226.093, 136
Trd, 4318226.543, 123
Trd, 4318227.393, 130
Trd, 4318228.243, 126
Trd, 4318228.543, 130
Trd, 4318228.593, 125
Trd, 4318228.843, 133
Trd, 4318229.393, 78
Trd, 4318232.093, 139
Trd, 4318232.993, 131
Trd, 4318234.543, 140
Trd, 4318235.793, 140
Trd, 4318237.443, 140
Trd, 4318237.643, 140
Trd, 4318238.643, 140
Trd, 4318238.843, 138
Trd, 4318238.893, 139
Trd, 4318239.343, 140
Trd, 4318239.443, 113
Trd, 4318239.943, 97
Trd, 4318241.843, 140
Trd, 4318243.093, 140
Trd, 4318243.593, 140
Trd, 4318243.743, 137
Trd, 4318245.293, 109
Trd, 4318245.993, 117
Trd, 4318246.243, 131
Trd, 4318246.893, 131
Trd, 4318247.443, 105
Trd, 4318247.643, 128
Trd, 4318248.543, 105
Trd, 4318248.643, 128
Trd, 4318250.793, 127
Trd, 4318252.293, 140
Trd, 4318253.093, 140
Trd, 4318254.143, 140
Trd, 4318255.443, 140
Trd, 4318255.893, 140
Trd, 4318256.993, 140
Trd, 4318258.743, 140
Trd, 4318259.193, 140
Trd, 4318261.043, 140
Trd, 4318261.543, 140
Trd, 4318262.243, 136
Trd, 4318263.043, 137
Trd, 4318263.193, 136
Trd, 4318263.443, 136
Trd, 4318263.793, 138
Trd, 4318263.843, 112
Trd, 4318265.443, 140
Trd, 4318266.543, 140
Trd, 4318267.093, 132
Trd, 4318268.293, 139
Trd, 4318268.693, 138
Trd, 4318268.793, 128
Trd, 4318271.843, 137
Trd, 4318272.993, 140
Trd, 4318274.443, 140
Trd, 4318275.243, 140
Trd, 4318276.043, 140
Trd, 4318278.393, 140
Trd, 4318278.443, 140
Trd, 4318281.093, 140
Trd, 4318281.343, 140
Trd, 4318283.143, 140
Trd, 4318283.193, 140
Trd, 4318283.293, 136
Trd, 4318284.093, 131
Trd, 4318284.593, 116
Trd, 4318285.293, 129
Trd, 4318285.493, 131
Trd, 4318286.093, 102
Trd, 4318286.243, 130
Trd, 4318287.243, 129
Trd, 4318287.493, 130
Trd, 4318287.693, 129
Trd, 4318287.793, 119
Trd, 4318289.243, 128
Trd, 4318289.343, 130
Trd, 4318289.943, 96
Trd, 4318292.143, 116
Trd, 4318292.393, 115
Trd, 4318292.593, 115
Trd, 4318292.793, 103
Trd, 4318293.443, 116
Trd, 4318294.143, 89
Trd, 4318295.493, 83
Trd, 4318295.543, 84
Trd, 4318295.793, 78
Trd, 4318295.843, 86
Trd, 4318295.893, 76
Trd, 4318297.793, 88
Trd, 4318298.693, 140
Trd, 4318301.193, 140
Trd, 4318301.993, 140
Trd, 4318302.143, 140
Trd, 4318302.343, 139
Trd, 4318302.893, 138
Trd, 4318303.043, 104
Trd, 4318304.493, 120
Trd, 4318305.043, 130
Trd, 4318305.743, 128
Trd, 4318305.993, 107
Trd, 4318306.693, 106
Trd, 4318306.943, 105
Trd, 4318308.093, 76
Trd, 4318308.393, 68
Trd, 4318308.543, 77
Trd, 4318310.293, 63
Trd, 4318310.643, 114
Trd, 4318310.993, 114
Trd, 4318312.293, 108
Trd, 4318312.343, 89
Trd, 4318312.393, 113
Trd, 4318313.143, 124
Trd, 4318315.343, 140
Trd, 4318315.843, 140
Trd, 4318316.493, 140
Trd, 4318318.093, 139
Trd, 4318318.393, 139
Trd, 4318318.493, 139
Trd, 4318318.843, 136
Trd, 4318319.593, 136
Trd, 4318319.893, 128
Trd, 4318319.943, 127
Trd, 4318320.093, 136
Trd, 4318322.493, 140
Trd, 4318323.143, 140
Trd, 4318323.343, 140
Trd, 4318323.643, 128
Trd, 4318324.543, 129
Trd, 4318325.943, 114
Trd, 4318326.593, 139
Trd, 4318328.043, 134
Trd, 4318328.143, 132
Trd, 4318331.493, 140
Trd, 4318332.543, 140
Trd, 4318333.543, 140
Trd, 4318334.493, 140
Trd, 4318335.693, 140
Trd, 4318335.843, 140
Trd, 4318335.893, 139
Trd, 4318336.243, 140
Trd, 4318336.443, 140
Trd, 4318336.543, 133
Trd, 4318336.893, 129
Trd, 4318338.393, 60
Trd, 4318339.743, 60
Trd, 4318339.893, 60
Trd, 4318340.293, 94
Trd, 4318340.343, 60
Trd, 4318341.743, 60
Trd, 4318342.093, 60
Trd, 4318342.543, 60
Trd, 4318342.993, 60
Trd, 4318343.043, 61
Trd, 4318343.843, 61
Trd, 4318345.093, 63
Trd, 4318345.393, 139
Trd, 4318346.843, 140
Trd, 4318347.543, 140
Trd, 4318348.543, 134
Trd, 4318350.043, 137
Trd, 4318351.443, 140
Trd, 4318351.643, 140
Trd, 4318352.143, 140
Trd, 4318352.643, 132
Trd, 4318353.843, 101
Trd, 4318354.243, 140
Trd, 4318354.643, 140
Trd, 4318355.743, 140
Trd, 4318355.843, 139
Trd, 4318356.643, 139
Trd, 4318357.143, 136
Trd, 4318358.693, 140
Trd, 4318359.593, 125
Trd, 4318361.193, 140
Trd, 4318361.893, 140
Trd, 4318363.793, 140
Trd, 4318365.743, 140
Trd, 4318365.943, 139
Trd, 4318367.393, 140
Trd, 4318367.443, 140
Trd, 4318367.893, 139
Trd, 4318368.293, 138
Trd, 4318369.043, 129
Trd, 4318369.093, 138
Trd, 4318369.643, 138
Trd, 4318370.643, 94
Trd, 4318371.293, 135
Trd, 4318371.443, 140
Trd, 4318373.043, 102
Trd, 4318374.993, 130
Trd, 4318375.893, 129
Trd, 4318375.943, 128
Trd, 4318376.343, 140
Trd, 4318377.293, 140
Trd, 4318377.943, 140
Trd, 4318378.843, 140
Trd, 4318379.443, 113
Trd, 4318379.743, 139
Trd, 4318380.443, 119
Trd, 4318381.443, 140
Trd, 4318381.643, 139
Trd, 4318382.093, 140
Trd, 4318382.143, 139
Trd, 4318384.393, 140
Trd, 4318384.893, 115
Trd, 4318386.693, 140
Trd, 4318387.243, 139
Trd, 4318388.043, 140
Trd, 4318389.043, 125
Trd, 4318389.693, 140
Trd, 4318391.193, 139
Trd, 4318392.393, 102
Trd, 4318392.543, 101
Trd, 4318392.843, 135
Trd, 4318393.993, 137
Trd, 4318395.643, 128
Trd, 4318396.193, 106
Trd, 4318396.843, 137
Trd, 4318398.143, 115
Trd, 4318400.043, 140
Trd, 4318400.393, 140
Trd, 4318400.693, 139
Trd, 4318401.243, 136
Trd, 4318404.243, 140
Trd, 4318404.343, 139
Trd, 4318404.493, 139
Trd, 4318406.243, 140
Trd, 4318406.643, 140
Trd, 4318406.943, 140
Trd, 4318407.843, 140
Trd, 4318410.243, 140
Trd, 4318410.443, 140
Trd, 4318411.043, 140
Trd, 4318415.293, 140
Trd, 4318415.543, 140
Trd, 4318415.993, 139
Trd, 4318416.793, 138
Trd, 4318417.143, 137
Trd, 4318418.293, 132
Trd, 4318418.793, 127
Trd, 4318419.243, 129
Trd, 4318419.293, 130
Trd, 4318420.143, 124
Trd, 4318420.793, 60
Trd, 4318420.993, 60
Trd, 4318423.743, 60
Trd, 4318423.843, 60
Trd, 4318425.943, 60
Trd, 4318426.043, 60
Trd, 4318426.393, 60
Trd, 4318426.993, 60
Trd, 4318427.143, 60
Trd, 4318427.543, 60
Trd, 4318428.193, 60
Trd, 4318428.393, 61
Trd, 4318430.143, 60
Trd, 4318430.193, 61
Trd, 4318430.593, 69
Trd, 4318430.643, 73
Trd, 4318431.893, 122
Trd, 4318432.343, 118
Trd, 4318432.793, 140
Trd, 4318436.593, 140
Trd, 4318436.843, 140
Trd, 4318436.943, 140
Trd, 4318439.543, 140
Trd, 4318441.843, 140
Trd, 4318442.993, 140
Trd, 4318443.293, 140
Trd, 4318444.993, 140
Trd, 4318445.593, 114
Trd, 4318445.993, 134
Trd, 4318446.193, 135
Trd, 4318446.693, 130
Trd, 4318446.993, 130
Trd, 4318447.243, 130
Trd, 4318447.943, 130
Trd, 4318448.143, 137
Trd, 4318449.493, 62
Trd, 4318450.043, 130
Trd, 4318450.093, 131
Trd, 4318451.793, 60
Trd, 4318452.743, 63
Trd, 4318453.393, 60
Trd, 4318455.093, 60
Trd, 4318455.343, 60
Trd, 4318455.543, 60
Trd, 4318455.593, 60
Trd, 4318455.843, 62
Trd, 4318456.543, 67
Trd, 4318457.393, 67
Trd, 4318458.293, 60
Trd, 4318458.893, 74
Trd, 4318459.793, 60
Trd, 4318461.143, 89
Trd, 4318461.193, 69
Trd, 4318461.493, 92
Trd, 4318462.393, 94
Trd, 4318462.993, 99
Trd, 4318464.793, 137
Trd, 4318466.343, 140
Trd, 4318466.743, 140
Trd, 4318467.943, 140
Trd, 4318468.443, 139
Trd, 4318469.293, 140
Trd, 4318469.643, 139
Trd, 4318470.793, 140
Trd, 4318472.243, 140
Trd, 4318474.943, 140
Trd, 4318475.143, 140
Trd, 4318476.343, 140
Trd, 4318477.293, 140
Trd, 4318477.393, 138
Trd, 4318479.343, 140
Trd, 4318480.343, 140
Trd, 4318480.843, 140
Trd, 4318482.843, 140
Trd, 4318483.443, 140
Trd, 4318483.593, 140
Trd, 4318484.193, 140
Trd, 4318484.343, 140
Trd, 4318484.943, 140
Trd, 4318485.243, 140
Trd, 4318485.393, 121
Trd, 4318486.493, 137
Trd, 4318486.643, 119
Trd, 4318486.693, 114
Trd, 4318488.193, 140
Trd, 4318488.793, 140
Trd, 4318490.093, 139
Trd, 4318493.343, 140
Trd, 4318493.393, 140
Trd, 4318494.443, 140
Trd, 4318494.493, 140
Trd, 4318494.593, 139
Trd, 4318494.893, 134
Trd, 4318495.843, 139
Trd, 4318495.893, 130
Trd, 4318496.193, 81
Trd, 4318497.243, 136
Trd, 4318497.343, 135
Trd, 4318498.243, 127
Trd, 4318499.043, 133
Trd, 4318499.593, 113
Trd, 4318500.143, 133
Trd, 4318500.193, 134
Trd, 4318502.693, 140
Trd, 4318503.093, 140
Trd, 4318503.393, 140
Trd, 4318503.943, 135
Trd, 4318504.693, 140
Trd, 4318505.093, 136
Trd, 4318505.393, 131
Trd, 4318506.693, 114
Trd, 4318506.943, 130
Trd, 4318507.143, 130
Trd, 4318507.193, 115
Trd, 4318507.843, 128
Trd, 4318508.343, 83
Trd, 4318510.343, 71
Trd, 4318511.693, 112
Trd, 4318511.943, 108
Trd, 4318512.493, 109
Trd, 4318512.793, 112
Trd, 4318513.543, 85
Trd, 4318514.193, 104
Trd, 4318514.993, 106
Trd, 4318516.393, 140
Trd, 4318517.843, 140
Trd, 4318518.843, 140
Trd, 4318520.443, 140
Trd, 4318521.843, 140
Trd, 4318522.843, 140
Trd, 4318523.743, 140
Trd, 4318524.043, 140
Trd, 4318524.143, 139
Trd, 4318524.393, 138
Trd, 4318524.893, 135
Trd, 4318525.543, 108
Trd, 4318526.543, 124
Trd, 4318527.043, 107
Trd, 4318527.143, 118
Trd, 4318527.893, 93
Trd, 4318528.343, 61
Trd, 4318529.043, 113
Trd, 4318529.093, 114
Trd, 4318529.843, 97
Trd, 4318529.993, 117
Trd, 4318530.893, 139
Trd, 4318532.043, 116
Trd, 4318532.393, 100
Trd, 4318532.793, 99
Trd, 4318532.843, 114
Trd, 4318533.343, 116
Trd, 4318533.643, 129
Trd, 4318533.693, 68
Trd, 4318534.093, 63
Trd, 4318538.043, 126
Trd, 4318538.943, 140
Trd, 4318539.843, 140
Trd, 4318541.293, 140
Trd, 4318541.593, 140
Trd, 4318543.393, 140
Trd, 4318543.443, 140
Trd, 4318543.643, 138
Trd, 4318544.593, 128
Trd, 4318545.043, 70
Trd, 4318545.143, 135
Trd, 4318545.943, 137
Trd, 4318548.793, 115
Trd, 4318548.993, 85
Trd, 4318549.693, 112
Trd, 4318550.193, 62
Trd, 4318550.643, 65
Trd, 4318552.093, 60
Trd, 4318552.193, 61
Trd, 4318552.493, 61
Trd, 4318553.843, 60
Trd, 4318553.893, 61
Trd, 4318555.243, 60
Trd, 4318555.793, 60
Trd, 4318556.443, 63
Trd, 4318556.693, 62
Trd, 4318556.893, 64
Trd, 4318557.743, 60
Trd, 4318558.043, 60
Trd, 4318559.743, 60
Trd, 4318561.193, 61
Trd, 4318562.443, 60
Trd, 4318562.793, 60
Trd, 4318562.843, 60
Trd, 4318563.693, 60
Trd, 4318563.743, 60
Trd, 4318564.443, 64
Trd, 4318566.793, 60
Trd, 4318567.393, 60
Trd, 4318567.443, 60
Trd, 4318567.943, 60
Trd, 4318568.393, 60
Trd, 4318568.793, 61
Trd, 4318568.993, 61
Trd, 4318569.043, 62
Trd, 4318569.193, 62
Trd, 4318570.493, 60
Trd, 4318571.293, 60
Trd, 4318573.093, 60
Trd, 4318573.693, 60
Trd, 4318574.393, 61
Trd, 4318574.443, 60
Trd, 4318575.493, 60
Trd, 4318576.643, 60
Trd, 4318577.093, 60
Trd, 4318578.343, 60
Trd, 4318578.943, 60
Trd, 4318579.043, 64
Trd, 4318579.643, 139
Trd, 4318581.593, 60
Trd, 4318581.693, 60
Trd, 4318581.793, 61
Trd, 4318581.893, 117
Trd, 4318583.743, 63
Trd, 4318584.043, 60
Trd, 4318584.143, 64
Trd, 4318585.543, 60
Trd, 4318586.293, 62
Trd, 4318586.393, 63
Trd, 4318586.743, 63
Trd, 4318586.993, 135
Trd, 4318587.843, 131
Trd, 4318588.143, 134
Trd, 4318588.493, 132
Trd, 4318589.793, 140
Trd, 4318589.893, 140
Trd, 4318591.293, 88
Trd, 4318594.493, 140
Trd, 4318595.193, 140
Trd, 4318595.393, 83
Trd, 4318596.293, 139
Trd, 4318596.843, 138
Trd, 4318596.943, 140
Trd, 4318597.993, 84
Trd, 4318599.693, 95
Trd, 4318599.743, 110
Trd, 4318600.243, 98
Trd, 4318600.493, 108
Trd, 4318601.243, 96
Trd, 4318601.393, 98
Trd, 4318602.493, 75
Trd, 4318602.793, 104
Trd, 4318604.643, 99
Trd, 4318605.993, 60
Trd, 4318606.693, 60
Trd, 4318606.743, 61
Trd, 4318606.793, 63
Trd, 4318607.593, 81
Trd, 4318607.693, 83
Trd, 4318609.093, 104
Trd, 4318609.743, 138
Trd, 4318612.293, 140
Trd, 4318613.143, 140
Trd, 4318613.393, 140
Trd, 4318613.643, 137
Trd, 4318614.093, 138
Trd, 4318615.793, 135
Trd, 4318616.143, 127
Trd, 4318616.693, 126
Trd, 4318616.993, 101
Trd, 4318618.293, 140
Trd, 4318618.743, 140
Trd, 4318621.843, 140
Trd, 4318623.493, 140
Trd, 4318623.693, 140
Trd, 4318623.893, 140
Trd, 4318623.993, 140
Trd, 4318624.193, 140
Trd, 4318625.693, 86
Trd, 4318625.743, 87
Trd, 4318626.193, 89
Trd, 4318626.993, 125
Trd, 4318627.543, 140
Trd, 4318627.693, 140
Trd, 4318628.343, 140
Trd, 4318628.943, 140
Trd, 4318629.593, 140
Trd, 4318630.643, 140
Trd, 4318631.393, 140
Trd, 4318635.293, 140
Trd, 4318635.843, 140
Trd, 4318635.993, 140
Trd, 4318636.943, 140
Trd, 4318637.943, 138
Trd, 4318638.043, 139
Trd, 4318638.693, 136
Trd, 4318638.893, 139
Trd, 4318640.043, 136
Trd, 4318640.743, 124
Trd, 4318641.243, 108
Trd, 4318641.293, 107
Trd, 4318643.143, 119
Trd, 4318643.443, 76
Trd, 4318643.643, 73
Trd, 4318644.443, 113
Trd, 4318644.643, 114
Trd, 4318645.293, 114
Trd, 4318645.343, 117
Trd, 4318646.143, 119
Trd, 4318646.893, 124
Trd, 4318647.543, 140
Trd, 4318648.543, 135
Trd, 4318649.443, 67
Trd, 4318650.143, 131
Trd, 4318650.893, 128
Trd, 4318651.493, 126
Trd, 4318651.543, 117
Trd, 4318651.693, 116
Trd, 4318651.743, 127
Trd, 4318652.943, 67
Trd, 4318653.693, 118
Trd, 4318653.943, 120
Trd, 4318654.393, 121
Trd, 4318654.993, 119
Trd, 4318656.293, 68
Trd, 4318656.493, 60
Trd, 4318656.643, 61
Trd, 4318657.093, 65
Trd, 4318657.693, 136
Trd, 4318658.693, 61
Trd, 4318660.593, 60
Trd, 4318660.793, 60
Trd, 4318661.743, 60
Trd, 4318662.093, 62
Trd, 4318663.693, 61
Trd, 4318663.843, 62
Trd, 4318665.343, 60
Trd, 4318665.493, 71
Trd, 4318665.743, 119
Trd, 4318666.743, 60
Trd, 4318667.143, 60
Trd, 4318668.593, 60
Trd, 4318669.093, 60
Trd, 4318669.793, 60
Trd, 4318670.143, 60
Trd, 4318670.693, 60
Trd, 4318670.943, 60
Trd, 4318671.293, 61
Trd, 4318672.043, 67
Trd, 4318674.943, 140
Trd, 4318675.243, 125
Trd, 4318676.043, 129
Trd, 4318676.943, 140
Trd, 4318677.493, 133
Trd, 4318677.793, 140
Trd, 4318680.043, 140
Trd, 4318681.843, 140
Trd, 4318682.343, 140
Trd, 4318682.393, 140
Trd, 4318682.693, 140
Trd, 4318682.893, 88
Trd, 4318683.393, 60
Trd, 4318683.493, 61
Trd, 4318684.093, 131
Trd, 4318684.543, 65
Trd, 4318686.443, 134
Trd, 4318686.643, 133
Trd, 4318687.643, 81
Trd, 4318687.893, 94
Trd, 4318687.943, 133
Trd, 4318689.143, 133
Trd, 4318689.393, 132
Trd, 4318689.793, 98
Trd, 4318690.943, 99
Trd, 4318691.843, 139
Trd, 4318692.543, 134
Trd, 4318693.543, 140
Trd, 4318695.243, 115
Trd, 4318695.443, 112
Trd, 4318696.093, 140
Trd, 4318696.893, 140
Trd, 4318699.293, 133
Trd, 4318700.293, 139
Trd, 4318700.393, 140
Trd, 4318701.093, 139
Trd, 4318701.943, 140
Trd, 4318702.193, 140
Trd, 4318703.293, 136
Trd, 4318703.593, 138
Trd, 4318703.693, 129
Trd, 4318705.393, 132
Trd, 4318708.343, 140
Trd, 4318709.443, 140
Trd, 4318710.693, 140
Trd, 4318712.143, 140
Trd, 4318712.593, 140
Trd, 4318712.793, 140
Trd, 4318713.093, 140
Trd, 4318713.843, 140
Trd, 4318713.993, 136
Trd, 4318714.643, 136
Trd, 4318715.843, 121
Trd, 4318716.693, 134
Trd, 4318718.493, 102
Trd, 4318719.693, 127
Trd, 4318720.393, 115
Trd, 4318720.593, 124
Trd, 4318721.993, 117
Trd, 4318722.143, 118
Trd, 4318722.543, 113
Trd, 4318722.743, 102
Trd, 4318723.093, 117
Trd, 4318723.643, 108
Trd, 4318723.693, 117
Trd, 4318724.593, 75
Trd, 4318725.993, 70
Trd, 4318726.093, 75
Trd, 4318726.543, 72
Trd, 4318727.593, 74
Trd, 4318728.243, 76
Trd, 4318729.143, 100
Trd, 4318730.293, 140
Trd, 4318731.093, 140
Trd, 4318731.993, 81
Trd, 4318733.293, 60
Trd, 4318733.743, 60
Trd, 4318734.293, 60
Trd, 4318734.743, 60
Trd, 4318735.293, 60
Trd, 4318736.693, 61
Trd, 4318736.943, 65
Trd, 4318736.993, 65
Trd, 4318739.743, 60
Trd, 4318740.193, 60
Trd, 4318740.293, 60
Trd, 4318741.693, 60
Trd, 4318742.493, 60
Trd, 4318742.843, 60
Trd, 4318743.643, 62
Trd, 4318744.593, 60
Trd, 4318744.693, 60
Trd, 4318745.443, 60
Trd, 4318746.243, 60
Trd, 4318746.493, 60
Trd, 4318748.243, 60
Trd, 4318748.643, 60
Trd, 4318749.543, 60
Trd, 4318749.593, 60
Trd, 4318749.943, 60
Trd, 4318750.193, 61
Trd, 4318751.993, 60
Trd, 4318752.093, 60
Trd, 4318754.193, 60
Trd, 4318754.743, 60
Trd, 4318755.143, 60
Trd, 4318755.293, 61
Trd, 4318756.093, 79
Trd, 4318757.093, 134
Trd, 4318758.093, 134
Trd, 4318759.943, 140
Trd, 4318760.643, 140
Trd, 4318760.743, 140
Trd, 4318763.893, 140
Trd, 4318764.043, 140
Trd, 4318765.643, 139
Trd, 4318767.043, 140
Trd, 4318770.193, 140
Trd, 4318770.243, 140
Trd, 4318771.043, 140
Trd, 4318771.693, 140
Trd, 4318772.093, 140
Trd, 4318772.293, 132
Trd, 4318774.793, 135
Trd, 4318775.843, 137
Trd, 4318777.143, 139
Trd, 4318777.343, 140
Trd, 4318777.443, 117
Trd, 4318781.293, 140
Trd, 4318781.743, 140
Trd, 4318782.893, 140
Trd, 4318783.593, 140
Trd, 4318784.043, 140
Trd, 4318784.143, 140
Trd, 4318785.193, 140
Trd, 4318785.293, 140
Trd, 4318785.593, 140
Trd, 4318786.343, 140
Trd, 4318786.843, 139
Trd, 4318786.993, 122
Trd, 4318789.643, 124
Trd, 4318790.343, 140
Trd, 4318790.843, 140
Trd, 4318791.993, 140
Trd, 4318792.043, 140
Trd, 4318793.493, 124
Trd, 4318794.043, 138
Trd, 4318794.143, 113
Trd, 4318796.493, 140
Trd, 4318799.393, 140
Trd, 4318799.743, 140
Trd, 4318801.443, 140
Trd, 4318802.743, 140
Trd, 4318804.943, 140
Trd, 4318805.243, 140
Trd, 4318805.643, 140
Trd, 4318805.743, 140
Trd, 4318806.093, 140
Trd, 4318806.493, 140
Trd, 4318806.543, 140
Trd, 4318806.893, 87
Trd, 4318810.993, 140
Trd, 4318811.043, 140
Trd, 4318811.293, 140
Trd, 4318812.393, 140
Trd, 4318812.943, 139
Trd, 4318814.843, 140
Trd, 4318815.243, 140
Trd, 4318815.693, 140
Trd, 4318816.743, 139
Trd, 4318816.843, 139
Trd, 4318819.193, 140
Trd, 4318820.193, 140
Trd, 4318820.243, 140
Trd, 4318820.743, 140
Trd, 4318821.843, 140
Trd, 4318822.893, 139
Trd, 4318822.943, 138
Trd, 4318825.943, 140
Trd, 4318826.893, 140
Trd, 4318827.443, 140
Trd, 4318827.543, 140
Trd, 4318827.643, 137
Trd, 4318829.343, 140
Trd, 4318829.593, 140
Trd, 4318829.643, 115
Trd, 4318831.893, 140
Trd, 4318832.193, 140
Trd, 4318832.943, 140
Trd, 4318835.443, 140
Trd, 4318836.243, 140
Trd, 4318836.343, 140
Trd, 4318836.643, 139
Trd, 4318837.843, 139
Trd, 4318838.693, 122
Trd, 4318838.943, 129
Trd, 4318839.593, 92
Trd, 4318840.443, 119
Trd, 4318841.693, 64
Trd, 4318842.143, 113
Trd, 4318842.193, 114
Trd, 4318843.493, 105
Trd, 4318843.743, 115
Trd, 4318843.943, 116
Trd, 4318844.793, 115
Trd, 4318845.093, 106
Trd, 4318846.243, 96
Trd, 4318846.893, 65
Trd, 4318847.093, 71
Trd, 4318847.493, 72
Trd, 4318848.293, 140
Trd, 4318848.493, 138
Trd, 4318850.343, 140
Trd, 4318850.643, 135
Trd, 4318851.843, 140
Trd, 4318852.443, 140
Trd, 4318854.143, 97
Trd, 4318854.243, 99
Trd, 4318854.493, 99
Trd, 4318854.693, 99
Trd, 4318854.793, 100
Trd, 4318855.393, 98
Trd, 4318855.493, 101
Trd, 4318856.343, 61
Trd, 4318856.393, 61
Trd, 4318857.643, 126
Trd, 4318858.743, 125
Trd, 4318858.793, 124
Trd, 4318859.793, 137
Trd, 4318859.993, 85
Trd, 4318860.793, 91
Trd, 4318861.593, 65
Trd, 4318861.993, 65
Trd, 4318862.193, 66
Trd, 4318865.043, 140
Trd, 4318866.493, 140
Trd, 4318866.943, 140
Trd, 4318867.643, 140
Trd, 4318867.943, 140
Trd, 4318870.493, 140
Trd, 4318871.243, 140
Trd, 4318871.293, 139
Trd, 4318871.843, 134
Trd, 4318871.993, 138
Trd, 4318872.443, 108
Trd, 4318873.193, 134
Trd, 4318873.943, 131
Trd, 4318875.143, 69
Trd, 4318875.393, 69
Trd, 4318876.443, 60
Trd, 4318876.693, 61
Trd, 4318878.243, 60
Trd, 4318879.143, 60
Trd, 4318880.093, 60
Trd, 4318881.443, 60
Trd, 4318881.543, 60
Trd, 4318881.843, 61
Trd, 4318883.343, 72
Trd, 4318883.843, 61
Trd, 4318884.243, 62
Trd, 4318884.743, 60
Trd, 4318885.543, 62
Trd, 4318885.843, 66
Trd, 4318886.293, 65
Trd, 4318886.843, 61
Trd, 4318888.743, 140
Trd, 4318889.793, 140
Trd, 4318890.043, 140
Trd, 4318890.293, 139
Trd, 4318890.743, 89
Trd, 4318890.993, 93
Trd, 4318893.793, 140
Trd, 4318895.443, 140
Trd, 4318896.193, 140
Trd, 4318897.843, 140
Trd, 4318898.243, 140
Trd, 4318898.943, 140
Trd, 4318899.893, 140
Trd, 4318899.943, 140
Trd, 4318900.093, 140
Trd, 4318900.193, 140
Trd, 4318901.093, 115
Trd, 4318902.343, 140
Trd, 4318902.643, 140
Trd, 4318902.793, 139
Trd, 4318902.843, 86
Trd, 4318904.093, 139
Trd, 4318904.643, 140
Trd, 4318904.943, 139
Trd, 4318905.343, 88
Trd, 4318905.943, 82
Trd, 4318906.293, 115
Trd, 4318908.493, 60
Trd, 4318908.843, 60
Trd, 4318909.043, 60
Trd, 4318909.243, 63
Trd, 4318910.343, 62
Trd, 4318910.843, 119
Trd, 4318911.093, 135
Trd, 4318911.493, 135
Trd, 4318912.593, 140
Trd, 4318912.893, 140
Trd, 4318912.993, 138
Trd, 4318916.093, 140
Trd, 4318916.643, 140
Trd, 4318917.293, 140
Trd, 4318917.343, 124
Trd, 4318917.793, 140
Trd, 4318917.893, 140
Trd, 4318918.143, 76
Trd, 4318918.843, 60
Trd, 4318919.893, 67
Trd, 4318920.343, 65
Trd, 4318921.343, 61
Trd, 4318921.943, 61
Trd, 4318922.743, 86
Trd, 4318923.943, 63
Trd, 4318924.393, 63
Trd, 4318924.493, 61
Trd, 4318924.893, 62
Trd, 4318925.793, 60
Trd, 4318925.993, 60
Trd, 4318927.293, 60
Trd, 4318928.543, 60
Trd, 4318928.693, 60
Trd, 4318929.293, 60
Trd, 4318929.493, 60
Trd, 4318930.643, 60
Trd, 4318930.693, 60
Trd, 4318931.393, 64
Trd, 4318932.043, 64
Trd, 4318932.443, 65
Trd, 4318933.793, 79
Trd, 4318934.043, 112
Trd, 4318934.443, 80
Trd, 4318935.143, 114
Trd, 4318935.643, 115
Trd, 4318937.293, 140
Trd, 4318937.393, 139
Trd, 4318938.043, 128
Trd, 4318938.293, 129
Trd, 4318938.593, 127
Trd, 4318941.343, 140
Trd, 4318942.443, 140
Trd, 4318944.643, 140
Trd, 4318945.593, 140
Trd, 4318945.893, 140
Trd, 4318947.193, 140
Trd, 4318947.743, 139
Trd, 4318947.943, 140
Trd, 4318950.993, 140
Trd, 4318951.393, 140
Trd, 4318952.593, 139
Trd, 4318952.793, 139
Trd, 4318955.143, 140
Trd, 4318956.043, 140
Trd, 4318956.143, 140
Trd, 4318956.243, 140
Trd, 4318957.693, 138
Trd, 4318959.193, 134
Trd, 4318959.793, 128
Trd, 4318959.943, 130
Trd, 4318960.043, 132
Trd, 4318960.393, 136
Trd, 4318960.543, 128
Trd, 4318961.843, 113
Trd, 4318961.993, 104
Trd, 4318962.193, 123
Trd, 4318962.893, 60
Trd, 4318964.393, 71
Trd, 4318965.293, 73
Trd, 4318966.443, 64
Trd, 4318966.893, 63
Trd, 4318967.943, 63
Trd, 4318968.393, 61
Trd, 4318968.843, 69
Trd, 4318968.993, 81
Trd, 4318971.193, 130
Trd, 4318971.293, 122
Trd, 4318971.543, 71
Trd, 4318971.993, 130
Trd, 4318973.443, 81
Trd, 4318974.393, 62
Trd, 4318975.093, 62
Trd, 4318975.293, 62
Trd, 4318976.843, 60
Trd, 4318977.393, 60
Trd, 4318978.943, 60
Trd, 4318979.593, 60
Trd, 4318979.743, 60
Trd, 4318979.993, 60
Trd, 4318980.543, 60
Trd, 4318980.943, 60
Trd, 4318981.493, 62
Trd, 4318981.643, 63
Trd, 4318982.443, 73
Trd, 4318983.293, 140
Trd, 4318984.543, 140
Trd, 4318986.193, 140
Trd, 4318987.743, 140
Trd, 4318988.443, 140
Trd, 4318988.693, 140
Trd, 4318989.993, 139
Trd, 4318990.043, 131
Trd, 4318990.843, 127
Trd, 4318990.993, 135
Trd, 4318991.093, 132
Trd, 4318993.393, 124
Trd, 4318993.743, 123
Trd, 4318994.143, 102
Trd, 4318994.193, 89
Trd, 4318994.693, 131
Trd, 4318995.193, 124
Trd, 4318995.343, 122
Trd, 4318996.043, 140
Trd, 4318998.443, 137
Trd, 4318999.193, 140
Trd, 4318999.493, 139
Trd, 4319000.293, 134
Trd, 4319000.793, 135
Trd, 4319001.093, 136
Trd, 4319001.193, 112
Trd, 4319001.793, 138
Trd, 4319002.543, 125
Trd, 4319003.493, 137
Trd, 4319004.643, 136
Trd, 4319004.793, 136
Trd, 4319004.943, 135
Trd, 4319005.443, 134
Trd, 4319006.143, 130
Trd, 4319006.193, 132
Trd, 4319006.843, 79
Trd, 4319007.193, 131
Trd, 4319008.043, 63
Trd, 4319008.543, 61
Trd, 4319010.743, 140
Trd, 4319011.893, 140
Trd, 4319014.343, 140
Trd, 4319014.593, 140
Trd, 4319015.193, 140
Trd, 4319015.943, 140
Trd, 4319016.343, 140
Trd, 4319017.593, 136
Trd, 4319017.643, 135
Trd, 4319018.943, 132
Trd, 4319019.593, 139
Trd, 4319019.693, 138
Trd, 4319020.143, 95
Trd, 4319020.593, 139
Trd, 4319022.293, 139
Trd, 4319023.243, 140
Trd, 4319023.743, 140
Trd, 4319024.593, 140
Trd, 4319025.693, 140
Trd, 4319026.993, 140
Trd, 4319027.693, 140
Trd, 4319027.893, 140
Trd, 4319030.643, 140
Trd, 4319031.743, 140
Trd, 4319031.793, 140
Trd, 4319031.843, 140
Trd, 4319031.943, 140
Trd, 4319032.643, 140
Trd, 4319032.993, 140
Trd, 4319034.743, 140
Trd, 4319034.993, 137
Trd, 4319035.493, 135
Trd, 4319036.743, 137
Trd, 4319036.993, 137
Trd, 4319037.743, 138
Trd, 4319038.743, 107
Trd, 4319039.743, 125
Trd, 4319041.193, 140
Trd, 4319041.243, 138
Trd, 4319042.393, 134
Trd, 4319042.493, 133
Trd, 4319044.443, 140
Trd, 4319044.993, 140
Trd, 4319045.543, 140
Trd, 4319046.593, 140
Trd, 4319046.893, 140
Trd, 4319047.993, 140
Trd, 4319049.143, 138
Trd, 4319049.593, 136
Trd, 4319052.243, 140
Trd, 4319052.343, 140
Trd, 4319053.843, 140
Trd, 4319055.643, 140
Trd, 4319055.693, 137
Trd, 4319056.493, 140
Trd, 4319056.943, 140
Trd, 4319057.093, 140
Trd, 4319057.243, 133
Trd, 4319057.443, 85
Trd, 4319058.043, 134
Trd, 4319058.693, 84
Trd, 4319058.743, 86
Trd, 4319060.493, 128
Trd, 4319061.343, 98
Trd, 4319061.543, 128
Trd, 4319062.093, 129
Trd, 4319062.593, 85
Trd, 4319063.293, 82
Trd, 4319064.043, 137
Trd, 4319066.293, 126
Trd, 4319066.643, 125
Trd, 4319067.793, 140
Trd, 4319070.193, 140
Trd, 4319070.593, 139
Trd, 4319071.543, 140
Trd, 4319072.743, 140
Trd, 4319073.143, 133
Trd, 4319073.943, 137
Trd, 4319074.343, 136
Trd, 4319074.693, 133
Trd, 4319075.843, 117
Trd, 4319076.193, 134
Trd, 4319077.093, 121
Trd, 4319078.393, 132
Trd, 4319078.843, 133
Trd, 4319080.243, 140
Trd, 4319080.693, 140
Trd, 4319081.993, 140
Trd, 4319082.943, 140
Trd, 4319082.993, 140
Trd, 4319083.443, 140
Trd, 4319084.943, 140
Trd, 4319085.543, 137
Trd, 4319085.593, 138
Trd, 4319085.793, 104
Trd, 4319087.443, 131
Trd, 4319087.743, 136
Trd, 4319087.943, 130
Trd, 4319089.643, 137
Trd, 4319090.593, 131
Trd, 4319090.743, 117
Trd, 4319091.843, 123
Trd, 4319093.193, 108
Trd, 4319094.243, 138
Trd, 4319095.893, 129
Trd, 4319096.343, 130
Trd, 4319097.493, 140
Trd, 4319097.643, 140
Trd, 4319098.543, 140
Trd, 4319098.593, 140
Trd, 4319098.743, 131
Trd, 4319099.193, 139
Trd, 4319099.943, 135
Trd, 4319100.293, 134
Trd, 4319100.943, 135
Trd, 4319101.343, 133
Trd, 4319102.193, 116
Trd, 4319102.693, 106
Trd, 4319105.793, 133
Trd, 4319106.593, 140
Trd, 4319106.793, 140
Trd, 4319107.093, 140
Trd, 4319107.243, 140
Trd, 4319107.793, 87
Trd, 4319109.693, 130
Trd, 4319109.993, 126
Trd, 4319110.843, 115
Trd, 4319111.343, 62
Trd, 4319111.393, 63
Trd, 4319112.343, 60
Trd, 4319113.493, 60
Trd, 4319114.643, 67
Trd, 4319115.393, 60
Trd, 4319115.843, 62
Trd, 4319115.993, 63
Trd, 4319116.843, 64
Trd, 4319117.443, 63
Trd, 4319117.543, 62
Trd, 4319117.893, 64
Trd, 4319118.543, 109
Trd, 4319119.243, 80
Trd, 4319121.043, 85
Trd, 4319121.343, 69
Trd, 4319122.843, 83
Trd, 4319123.093, 82
Trd, 4319123.393, 70
Trd, 4319123.493, 89
Trd, 4319124.443, 123
Trd, 4319126.343, 140
Trd, 4319127.343, 140
Trd, 4319128.043, 139
Trd, 4319128.693, 135
Trd, 4319130.293, 140
Trd, 4319132.643, 140
Trd, 4319133.743, 140
Trd, 4319134.793, 140
Trd, 4319135.193, 140
Trd, 4319135.243, 140
Trd, 4319135.393, 140
Trd, 4319137.693, 140
Trd, 4319137.843, 140
Trd, 4319138.193, 139
Trd, 4319139.243, 139
Trd, 4319139.493, 124
Trd, 4319142.893, 104
Trd, 4319143.093, 105
Trd, 4319143.343, 73
Trd, 4319143.593, 107
Trd, 4319143.943, 91
Trd, 4319144.993, 60
Trd, 4319145.893, 118
Trd, 4319146.293, 127
Trd, 4319147.293, 126
Trd, 4319147.393, 95
Trd, 4319147.493, 128
Trd, 4319148.293, 124
Trd, 4319148.693, 130
Trd, 4319148.993, 95
Trd, 4319149.893, 61
Trd, 4319150.243, 60
Trd, 4319150.843, 138
Trd, 4319151.943, 114
Trd, 4319152.343, 62
Trd, 4319153.293, 134
Trd, 4319154.043, 134
Trd, 4319154.343, 140
Trd, 4319156.443, 140
Trd, 4319157.793, 140
Trd, 4319158.793, 140
Trd, 4319159.643, 140
Trd, 4319159.793, 140
Trd, 4319160.643, 140
Trd, 4319164.193, 140
Trd, 4319165.343, 140
Trd, 4319165.443, 140
Trd, 4319165.493, 140
Trd, 4319165.543, 140
Trd, 4319166.043, 140
Trd, 4319166.593, 101
Trd, 4319167.393, 132
Trd, 4319167.443, 86
Trd, 4319167.993, 138
Trd, 4319168.493, 125
Trd, 4319169.193, 140
Trd, 4319169.843, 139
Trd, 4319170.293, 139
Trd, 4319173.693, 140
Trd, 4319173.793, 140
Trd, 4319174.343, 140
Trd, 4319177.143, 140
Trd, 4319177.193, 140
Trd, 4319177.493, 140
Trd, 4319177.543, 139
Trd, 4319178.143, 138
Trd, 4319179.193, 134
Trd, 4319179.543, 136
Trd, 4319180.143, 132
Trd, 4319180.493, 111
Trd, 4319181.343, 139
Trd, 4319182.993, 140
Trd, 4319184.843, 140
Trd, 4319185.243, 140
Trd, 4319187.293, 140
Trd, 4319187.843, 140
Trd, 4319188.643, 140
Trd, 4319189.643, 140
Trd, 4319189.993, 139
Trd, 4319191.043, 138
Trd, 4319192.743, 140
Trd, 4319194.443, 140
Trd, 4319195.593, 140
Trd, 4319198.093, 139
Trd, 4319198.393, 140
Trd, 4319199.793, 140
Trd, 4319199.843, 139
Trd, 4319203.493, 140
Trd, 4319203.993, 140
Trd, 4319204.043, 137
Trd, 4319204.293, 140
Trd, 4319204.793, 136
Trd, 4319205.743, 137
Trd, 4319205.893, 134
Trd, 4319206.343, 135
Trd, 4319206.493, 134
Trd, 4319207.493, 127
Trd, 4319207.843, 130
Trd, 4319208.643, 127
Trd, 4319209.343, 133
Trd, 4319209.593, 63
Trd, 4319210.093, 64
Trd, 4319212.543, 140
Trd, 4319213.193, 140
Trd, 4319213.593, 140
Trd, 4319213.893, 140
Trd, 4319213.943, 105
Trd, 4319216.743, 140
Trd, 4319217.043, 140
Trd, 4319219.293, 140
Trd, 4319221.143, 140
Trd, 4319222.293, 140
Trd, 4319222.643, 140
Trd, 4319223.543, 139
Trd, 4319223.593, 92
Trd, 4319223.643, 140
Trd, 4319223.843, 98
Trd, 4319224.393, 139
Trd, 4319225.443, 138
Trd, 4319226.593, 90
Trd, 4319227.893, 90
Trd, 4319228.793, 90
Trd, 4319229.193, 137
Trd, 4319229.693, 138
Trd, 4319230.243, 134
Trd, 4319231.393, 137
Trd, 4319233.993, 140
Trd, 4319234.393, 138
Trd, 4319235.543, 140
Trd, 4319235.743, 140
Trd, 4319236.243, 92
Trd, 4319237.693, 140
Trd, 4319240.143, 140
Trd, 4319240.193, 140
Trd, 4319240.243, 140
Trd, 4319241.993, 140
Trd, 4319243.143, 140
Trd, 4319244.193, 140
Trd, 4319244.943, 140
Trd, 4319245.293, 140
Trd, 4319246.743, 137
Trd, 4319246.843, 133
Trd, 4319247.743, 139
Trd, 4319247.893, 140
Trd, 4319248.143, 109
Trd, 4319249.293, 129
Trd, 4319249.493, 136
Trd, 4319249.843, 129
Trd, 4319251.693, 140
Trd, 4319252.743, 140
Trd, 4319255.993, 140
Trd, 4319256.493, 140
Trd, 4319257.143, 140
Trd, 4319258.043, 140
Trd, 4319258.593, 140
Trd, 4319259.293, 140
Trd, 4319259.393, 140
Trd, 4319259.643, 140
Trd, 4319259.793, 135
Trd, 4319260.343, 138
Trd, 4319261.293, 139
Trd, 4319262.143, 134
Trd, 4319262.243, 137
Trd, 4319262.443, 124
Trd, 4319263.443, 140
Trd, 4319265.243, 140
Trd, 4319265.343, 123
Trd, 4319267.293, 120
Trd, 4319267.643, 137
Trd, 4319267.793, 137
Trd, 4319267.943, 112
Trd, 4319268.043, 112
Trd, 4319269.443, 139
Trd, 4319270.743, 120
Trd, 4319271.793, 136
Trd, 4319272.893, 131
Trd, 4319273.343, 126
Trd, 4319273.943, 125
Trd, 4319274.043, 94
Trd, 4319274.893, 100
Trd, 4319274.943, 102
Trd, 4319275.743, 95
Trd, 4319276.293, 93
Trd, 4319278.243, 138
Trd, 4319278.293, 124
Trd, 4319280.943, 140
Trd, 4319281.643, 140
Trd, 4319281.793, 140
Trd, 4319283.993, 140
Trd, 4319284.743, 140
Trd, 4319284.793, 140
Trd, 4319285.443, 139
Trd, 4319285.943, 131
Trd, 4319287.743, 60
Trd, 4319288.093, 60
Trd, 4319288.693, 136
Trd, 4319290.343, 130
Trd, 4319290.543, 125
Trd, 4319290.993, 102
Trd, 4319291.443, 118
Trd, 4319291.993, 124
Trd, 4319293.093, 109
Trd, 4319293.843, 115
Trd, 4319294.293, 86
Trd, 4319294.393, 113
Trd, 4319294.493, 114
Trd, 4319295.443, 87
Trd, 4319298.393, 140
Trd, 4319299.543, 140
Trd, 4319299.693, 139
Trd, 4319299.843, 137
Trd, 4319301.193, 128
Trd, 4319303.343, 140
Trd, 4319303.393, 140
Trd, 4319304.693, 140
Trd, 4319304.943, 140
Trd, 4319305.943, 116
Trd, 4319307.143, 140
Trd, 4319307.293, 138
Trd, 4319308.443, 94
Trd, 4319309.293, 132
Trd, 4319310.143, 131
Trd, 4319310.743, 118
Trd, 4319310.843, 117
Trd, 4319311.693, 124
Trd, 4319312.343, 112
Trd, 4319312.443, 87
Trd, 4319312.543, 122
Trd, 4319313.143, 129
Trd, 4319313.443, 129
Trd, 4319314.793, 60
Trd, 4319314.843, 61
Trd, 4319315.843, 62
Trd, 4319317.043, 62
Trd, 4319318.343, 60
Trd, 4319318.593, 61
Trd, 4319319.093, 93
Trd, 4319320.143, 60
Trd, 4319320.743, 60
Trd, 4319321.193, 61
Trd, 4319321.893, 61
Trd, 4319322.343, 89
Trd, 4319323.443, 88
Trd, 4319323.693, 73
Trd, 4319323.893, 72
Trd, 4319324.143, 88
Trd, 4319324.693, 88
Trd, 4319326.993, 80
Trd, 4319327.493, 81
Trd, 4319328.143, 117
Trd, 4319328.343, 127
Trd, 4319329.793, 120
Trd, 4319329.993, 84
Trd, 4319330.893, 128
Trd, 4319330.943, 130
Trd, 4319331.943, 113
Trd, 4319332.593, 107
Trd, 4319333.243, 63
Trd, 4319334.093, 61
Trd, 4319335.643, 60
Trd, 4319336.143, 60
Trd, 4319336.743, 60
Trd, 4319337.043, 60
Trd, 4319337.743, 60
Trd, 4319337.843, 60
Trd, 4319338.393, 60
Trd, 4319340.093, 130
Trd, 4319340.843, 140
Trd, 4319341.343, 140
Trd, 4319342.693, 140
Trd, 4319342.993, 139
Trd, 4319343.193, 119
Trd, 4319343.543, 137
Trd, 4319343.793, 137
Trd, 4319344.043, 136
Trd, 4319345.743, 68
Trd, 4319347.043, 126
Trd, 4319347.243, 112
Trd, 4319347.843, 125
Trd, 4319348.493, 95
Trd, 4319348.543, 123
Trd, 4319348.643, 70
Trd, 4319350.493, 120
Trd, 4319351.243, 120
Trd, 4319351.343, 77
Trd, 4319353.293, 140
Trd, 4319354.393, 120
Trd, 4319355.143, 136
Trd, 4319355.343, 139
Trd, 4319355.793, 130
Trd, 4319356.793, 128
Trd, 4319357.043, 127
Trd, 4319358.093, 126
Trd, 4319358.343, 68
Trd, 4319358.493, 128
Trd, 4319358.543, 131
Trd, 4319358.743, 114
Trd, 4319359.543, 63
Trd, 4319360.493, 95
Trd, 4319360.743, 96
Trd, 4319362.193, 130
Trd, 4319362.643, 97
Trd, 4319364.693, 79
Trd, 4319366.143, 60
Trd, 4319366.193, 60
Trd, 4319366.543, 60
Trd, 4319368.143, 60
Trd, 4319368.293, 60
Trd, 4319368.543, 60
Trd, 4319369.693, 61
Trd, 4319370.093, 65
Trd, 4319371.293, 115
Trd, 4319371.593, 93
Trd, 4319372.493, 115
Trd, 4319372.743, 89
Trd, 4319372.993, 88
Trd, 4319373.343, 83
Trd, 4319374.793, 61
Trd, 4319375.143, 62
Trd, 4319376.043, 111
Trd, 4319376.193, 112
Trd, 4319376.743, 66
Trd, 4319378.043, 60
Trd, 4319378.393, 60
Trd, 4319378.443, 60
Trd, 4319379.843, 60
Trd, 4319380.393, 60
Trd, 4319381.543, 60
Trd, 4319382.393, 60
Trd, 4319383.343, 60
Trd, 4319383.793, 60
Trd, 4319383.993, 60
Trd, 4319384.393, 60
Trd, 4319384.493, 64
Trd, 4319385.543, 73
Trd, 4319386.793, 106
Trd, 4319390.093, 140
Trd, 4319390.693, 140
Trd, 4319392.393, 140
Trd, 4319392.793, 140
Trd, 4319393.193, 140
Trd, 4319395.393, 140
Trd, 4319395.793, 140
Trd, 4319396.443, 140
Trd, 4319397.193, 140
Trd, 4319397.343, 140
Trd, 4319397.993, 139
Trd, 4319398.193, 115
Trd, 4319398.643, 140
Trd, 4319398.843, 134
Trd, 4319399.943, 109
Trd, 4319400.193, 108
Trd, 4319401.143, 127
Trd, 4319401.543, 132
Trd, 4319402.343, 103
Trd, 4319403.893, 140
Trd, 4319404.143, 92
Trd, 4319405.243, 140
Trd, 4319406.293, 140
Trd, 4319407.893, 140
Trd, 4319410.193, 140
Trd, 4319410.743, 140
Trd, 4319411.493, 140
Trd, 4319411.693, 140
Trd, 4319411.993, 140
Trd, 4319412.543, 136
Trd, 4319414.343, 139
Trd, 4319414.543, 135
Trd, 4319415.293, 140
Trd, 4319416.293, 140
Trd, 4319419.043, 140
Trd, 4319419.743, 140
Trd, 4319420.043, 140
Trd, 4319420.093, 140
Trd, 4319422.243, 140
Trd, 4319425.543, 140
Trd, 4319425.743, 140
Trd, 4319425.843, 140
Trd, 4319425.943, 140
Trd, 4319426.443, 138
Trd, 4319426.643, 137
Trd, 4319426.993, 128
Trd, 4319427.643, 139
Trd, 4319429.893, 135
Trd, 4319430.293, 134
Trd, 4319431.543, 123
Trd, 4319431.593, 132
Trd, 4319432.243, 119
Trd, 4319432.293, 134
Trd, 4319432.893, 102
Trd, 4319435.093, 131
Trd, 4319435.943, 106
Trd, 4319435.993, 107
Trd, 4319436.293, 108
Trd, 4319437.593, 131
Trd, 4319437.693, 119
Trd, 4319437.793, 118
Trd, 4319438.593, 125
Trd, 4319439.443, 135
Trd, 4319441.043, 137
Trd, 4319442.393, 129
Trd, 4319442.543, 119
Trd, 4319443.193, 133
Trd, 4319443.543, 134
Trd, 4319446.093, 140
Trd, 4319446.743, 138
Trd, 4319447.743, 140
Trd, 4319449.293, 140
Trd, 4319449.593, 140
Trd, 4319450.793, 140
Trd, 4319451.093, 140
Trd, 4319451.143, 140
Trd, 4319451.843, 140
Trd, 4319453.393, 140
Trd, 4319454.893, 140
Trd, 4319456.393, 140
Trd, 4319456.543, 140
Trd, 4319457.943, 140
Trd, 4319459.693, 140
Trd, 4319459.943, 140
Trd, 4319460.443, 140
Trd, 4319460.493, 140
Trd, 4319460.793, 139
Trd, 4319460.943, 115
Trd, 4319462.143, 134
Trd, 4319463.443, 124
Trd, 4319463.893, 123
Trd, 4319463.943, 122
Trd, 4319464.293, 124
Trd, 4319464.643, 125
Trd, 4319464.943, 78
Trd, 4319465.743, 64
Trd, 4319465.893, 66
Trd, 4319466.443, 109
Trd, 4319467.043, 61
Trd, 4319467.593, 65
Trd, 4319468.593, 140
Trd, 4319469.193, 140
Trd, 4319473.193, 140
Trd, 4319474.593, 140
Trd, 4319474.693, 140
Trd, 4319475.593, 140
Trd, 4319475.743, 140
Trd, 4319475.793, 140
Trd, 4319476.243, 140
Trd, 4319476.843, 140
Trd, 4319476.943, 138
Trd, 4319477.393, 140
Trd, 4319478.643, 140
Trd, 4319478.843, 140
Trd, 4319478.943, 92
Trd, 4319479.393, 137
Trd, 4319480.293, 105
Trd, 4319482.793, 140
Trd, 4319483.343, 140
Trd, 4319483.643, 140
Trd, 4319485.743, 140
Trd, 4319485.893, 140
Trd, 4319486.793, 138
Trd, 4319487.343, 105
Trd, 4319488.693, 137
Trd, 4319490.743, 140
Trd, 4319493.393, 140
Trd, 4319493.743, 140
Trd, 4319494.143, 140
Trd, 4319495.093, 140
Trd, 4319495.343, 140
Trd, 4319495.843, 140
Trd, 4319496.193, 140
Trd, 4319496.793, 138
Trd, 4319496.893, 137
Trd, 4319498.193, 135
Trd, 4319498.493, 135
Trd, 4319498.793, 121
Trd, 4319499.843, 111
Trd, 4319500.593, 108
Trd, 4319501.293, 120
Trd, 4319501.343, 122
Trd, 4319501.943, 96
Trd, 4319502.443, 125
Trd, 4319504.043, 61
Trd, 4319504.343, 140
Trd, 4319504.993, 139
Trd, 4319506.643, 130
Trd, 4319506.743, 124
Trd, 4319507.393, 121
Trd, 4319507.743, 127
Trd, 4319508.393, 130
Trd, 4319508.693, 129
Trd, 4319510.043, 123
Trd, 4319510.343, 100
Trd, 4319510.393, 123
Trd, 4319511.043, 101
Trd, 4319512.043, 100
Trd, 4319512.293, 120
Trd, 4319512.543, 120
Trd, 4319512.993, 99
Trd, 4319513.243, 121
Trd, 4319514.743, 113
Trd, 4319516.493, 60
Trd, 4319516.643, 64
Trd, 4319516.993, 69
Trd, 4319517.693, 115
Trd, 4319518.643, 110
Trd, 4319518.843, 111
Trd, 4319519.793, 67
Trd, 4319520.493, 71
Trd, 4319521.743, 105
Trd, 4319522.993, 74
Trd, 4319523.143, 73
Trd, 4319524.243, 140
Trd, 4319526.393, 140
Trd, 4319526.493, 139
Trd, 4319527.143, 138
Trd, 4319528.893, 140
Trd, 4319530.293, 140
Trd, 4319531.493, 140
Trd, 4319532.593, 140
Trd, 4319533.393, 140
Trd, 4319533.443, 140
Trd, 4319533.893, 140
Trd, 4319534.293, 139
Trd, 4319534.443, 139
Trd, 4319534.493, 129
Trd, 4319535.543, 136
Trd, 4319537.143, 122
Trd, 4319538.243, 139
Trd, 4319538.343, 138
Trd, 4319538.943, 136
Trd, 4319541.043, 133
Trd, 4319542.193, 106
Trd, 4319542.443, 129
Trd, 4319542.543, 123
Trd, 4319543.593, 128
Trd, 4319543.693, 110
Trd, 4319544.193, 126
Trd, 4319544.343, 94
Trd, 4319544.493, 129
Trd, 4319547.143, 134
Trd, 4319548.293, 133
Trd, 4319549.743, 138
Trd, 4319550.243, 139
Trd, 4319551.343, 140
Trd, 4319552.143, 139
Trd, 4319552.243, 138
Trd, 4319552.593, 138
Trd, 4319552.993, 138
Trd, 4319553.943, 140
Trd, 4319554.243, 140
Trd, 4319554.693, 127
Trd, 4319555.443, 61
Trd, 4319558.443, 138
Trd, 4319558.643, 134
Trd, 4319559.693, 126
Trd, 4319560.443, 140
Trd, 4319561.443, 140
Trd, 4319562.243, 137
Trd, 4319563.043, 140
Trd, 4319563.243, 140
Trd, 4319565.193, 140
Trd, 4319565.493, 140
Trd, 4319566.343, 139
Trd, 4319566.893, 135
Trd, 4319568.043, 131
Trd, 4319568.443, 123
Trd, 4319569.343, 116
Trd, 4319569.643, 131
Trd, 4319569.793, 93
Trd, 4319570.343, 130
Trd, 4319570.643, 130
Trd, 4319571.693, 115
Trd, 4319571.843, 122
Trd, 4319572.193, 123
Trd, 4319574.393, 136
Trd, 4319576.143, 60
Trd, 4319576.793, 60
Trd, 4319576.993, 60
Trd, 4319577.693, 60
Trd, 4319578.043, 60
Trd, 4319578.993, 60
Trd, 4319579.143, 61
Trd, 4319579.743, 60
Trd, 4319581.043, 60
Trd, 4319581.243, 60
Trd, 4319581.943, 60
Trd, 4319583.093, 60
Trd, 4319583.393, 60
Trd, 4319583.443, 60
Trd, 4319584.393, 66
Trd, 4319584.893, 60
Trd, 4319585.743, 79
Trd, 4319586.143, 80
Trd, 4319587.143, 139
Trd, 4319587.543, 138
Trd, 4319587.693, 65
Trd, 4319588.993, 60
Trd, 4319589.493, 140
Trd, 4319589.993, 63
Trd, 4319591.443, 61
Trd, 4319592.743, 60
Trd, 4319592.993, 60
Trd, 4319593.693, 60
Trd, 4319593.993, 132
Trd, 4319595.143, 140
Trd, 4319596.343, 140
Trd, 4319596.743, 140
Trd, 4319597.193, 136
Trd, 4319597.793, 132
Trd, 4319598.293, 131
Trd, 4319601.293, 140
Trd, 4319602.693, 140
Trd, 4319602.743, 140
Trd, 4319602.893, 137
Trd, 4319603.243, 139
Trd, 4319603.293, 137
Trd, 4319603.843, 122
Trd, 4319604.093, 91
Trd, 4319605.243, 133
Trd, 4319605.343, 134
Trd, 4319606.543, 138
Trd, 4319607.493, 140
Trd, 4319609.543, 140
Trd, 4319609.793, 140
Trd, 4319611.143, 140
Trd, 4319612.443, 140
Trd, 4319613.093, 140
Trd, 4319614.343, 140
Trd, 4319615.493, 140
Trd, 4319615.543, 138
Trd, 4319616.993, 140
Trd, 4319617.943, 140
Trd, 4319620.393, 140
Trd, 4319622.493, 140
Trd, 4319623.293, 140
Trd, 4319624.343, 140
Trd, 4319624.393, 140
Trd, 4319624.693, 139
Trd, 4319624.843, 138
Trd, 4319625.843, 137
Trd, 4319625.943, 98
Trd, 4319627.493, 140
Trd, 4319627.993, 139
Trd, 4319631.393, 140
Trd, 4319631.743, 140
Trd, 4319632.493, 140
Trd, 4319632.593, 139
Trd, 4319633.293, 134
Trd, 4319635.143, 131
Trd, 4319635.443, 131
Trd, 4319636.943, 132
Trd, 4319637.193, 131
Trd, 4319637.693, 130
Trd, 4319637.793, 134
Trd, 4319638.343, 137
Trd, 4319638.643, 121
Trd, 4319639.743, 131
Trd, 4319641.293, 140
Trd, 4319642.243, 140
Trd, 4319642.743, 140
Trd, 4319644.043, 140
Trd, 4319644.593, 140
Trd, 4319646.243, 140
Trd, 4319646.293, 140
Trd, 4319646.443, 98
Trd, 4319648.043, 138
Trd, 4319648.543, 87
Trd, 4319648.743, 138
Trd, 4319649.793, 112
Trd, 4319649.843, 111
Trd, 4319650.243, 136
Trd, 4319651.293, 109
Trd, 4319651.643, 108
Trd, 4319652.143, 135
Trd, 4319652.843, 136
Trd, 4319654.393, 140
Trd, 4319655.193, 137
Trd, 4319656.793, 140
Trd, 4319656.893, 137
Trd, 4319658.293, 139
Trd, 4319659.493, 138
Trd, 4319662.143, 140
Trd, 4319662.493, 140
Trd, 4319662.793, 140
Trd, 4319664.843, 140
Trd, 4319665.743, 140
Trd, 4319666.443, 140
Trd, 4319668.343, 140
Trd, 4319669.493, 140
Trd, 4319670.693, 140
Trd, 4319670.793, 140
Trd, 4319670.893, 140
Trd, 4319671.093, 140
Trd, 4319671.193, 139
Trd, 4319671.593, 139
Trd, 4319671.943, 138
Trd, 4319672.593, 115
Trd, 4319672.743, 63
Trd, 4319673.293, 140
Trd, 4319674.593, 121
Trd, 4319677.193, 136
Trd, 4319678.843, 140
Trd, 4319679.743, 140
Trd, 4319680.093, 140
Trd, 4319682.593, 140
Trd, 4319682.743, 140
Trd, 4319683.043, 140
Trd, 4319683.293, 140
Trd, 4319684.043, 140
Trd, 4319684.643, 140
Trd, 4319684.743, 133
Trd, 4319684.943, 140
Trd, 4319685.343, 113
Trd, 4319686.743, 89
Trd, 4319687.343, 99
Trd, 4319688.593, 61
Trd, 4319688.743, 62
Trd, 4319688.993, 84
Trd, 4319690.893, 118
Trd, 4319691.793, 140
Trd, 4319692.943, 140
Trd, 4319693.443, 140
Trd, 4319693.543, 140
Trd, 4319695.293, 140
Trd, 4319696.343, 140
Trd, 4319698.043, 140
Trd, 4319699.143, 140
Trd, 4319699.943, 140
Trd, 4319700.543, 140
Trd, 4319700.743, 140
Trd, 4319702.293, 116
Trd, 4319702.643, 104
Trd, 4319703.293, 76
Trd, 4319704.043, 112
Trd, 4319704.443, 111
Trd, 4319704.593, 98
Trd, 4319704.693, 112
Trd, 4319704.743, 115
Trd, 4319706.743, 120
Trd, 4319706.943, 120
Trd, 4319707.043, 127
Trd, 4319707.393, 125
Trd, 4319707.793, 80
Trd, 4319709.243, 84
Trd, 4319710.043, 110
Trd, 4319710.843, 102
Trd, 4319711.043, 106
Trd, 4319712.843, 103
Trd, 4319712.893, 105
Trd, 4319713.793, 139
Trd, 4319713.843, 138
Trd, 4319714.693, 121
Trd, 4319716.293, 140
Trd, 4319717.543, 140
Trd, 4319718.093, 140
Trd, 4319719.093, 140
Trd, 4319720.143, 140
Trd, 4319720.793, 138
Trd, 4319721.043, 116
Trd, 4319721.893, 135
Trd, 4319722.443, 88
Trd, 4319723.393, 117
Trd, 4319724.143, 119
Trd, 4319725.443, 126
Trd, 4319725.693, 124
Trd, 4319726.193, 75
Trd, 4319726.243, 121
Trd, 4319726.743, 124
Trd, 4319728.493, 140
Trd, 4319729.843, 140
Trd, 4319729.893, 140
Trd, 4319731.143, 138
Trd, 4319731.643, 138
Trd, 4319734.993, 140
Trd, 4319735.343, 140
Trd, 4319735.943, 140
Trd, 4319736.043, 140
Trd, 4319736.093, 140
Trd, 4319736.543, 139
Trd, 4319737.093, 125
Trd, 4319737.843, 128
Trd, 4319737.943, 129
Trd, 4319738.343, 103
Trd, 4319739.343, 122
Trd, 4319739.643, 128
Trd, 4319740.293, 128
Trd, 4319740.543, 123
Trd, 4319741.543, 102
Trd, 4319742.443, 63
Trd, 4319742.643, 79
Trd, 4319743.793, 120
Trd, 4319745.093, 114
Trd, 4319745.243, 115
Trd, 4319745.493, 116
Trd, 4319745.643, 108
Trd, 4319746.143, 106
Trd, 4319748.293, 118
Trd, 4319749.193, 126
Trd, 4319749.643, 127
Trd, 4319749.743, 127
Trd, 4319750.343, 121
Trd, 4319750.793, 139
Trd, 4319751.093, 120
Trd, 4319752.143, 139
Trd, 4319752.843, 66
Trd, 4319753.443, 116
Trd, 4319754.343, 119
Trd, 4319756.793, 140
Trd, 4319758.043, 140
Trd, 4319758.893, 104
Trd, 4319759.093, 101
Trd, 4319761.193, 140
Trd, 4319761.443, 140
Trd, 4319761.493, 140
Trd, 4319762.943, 140
Trd, 4319763.143, 140
Trd, 4319763.943, 139
Trd, 4319764.393, 119
Trd, 4319765.093, 138
Trd, 4319765.443, 135
Trd, 4319765.593, 135
Trd, 4319766.543, 108
Trd, 4319767.343, 134
Trd, 4319767.443, 122
Trd, 4319767.543, 106
Trd, 4319767.843, 133
Trd, 4319767.943, 67
Trd, 4319768.643, 70
Trd, 4319769.043, 88
Trd, 4319770.543, 115
Trd, 4319771.543, 120
Trd, 4319771.893, 121
Trd, 4319773.143, 122
Trd, 4319773.543, 118
Trd, 4319773.743, 122
Trd, 4319774.543, 121
Trd, 4319774.743, 122
Trd, 4319775.493, 120
Trd, 4319775.893, 119
Trd, 4319775.943, 86
Trd, 4319776.493, 140
Trd, 4319777.943, 140
Trd, 4319778.593, 140
Trd, 4319779.993, 85
Trd, 4319780.343, 83
Trd, 4319780.643, 62
Trd, 4319780.993, 62
Trd, 4319781.393, 64
Trd, 4319781.543, 124
Trd, 4319781.993, 79
Trd, 4319782.543, 137
Trd, 4319785.493, 140
Trd, 4319786.943, 140
Trd, 4319789.993, 140
Trd, 4319790.393, 140
Trd, 4319790.593, 140
Trd, 4319790.943, 139
Trd, 4319792.443, 140
Trd, 4319793.593, 140
Trd, 4319794.443, 140
Trd, 4319795.493, 140
Trd, 4319797.743, 140
Trd, 4319799.193, 140
Trd, 4319799.593, 140
Trd, 4319799.843, 140
Trd, 4319799.893, 140
Trd, 4319800.243, 139
Trd, 4319800.343, 102
Trd, 4319801.393, 139
Trd, 4319801.543, 109
Trd, 4319801.943, 138
Trd, 4319801.993, 139
Trd, 4319803.193, 140
Trd, 4319805.793, 140
Trd, 4319806.393, 140
Trd, 4319807.093, 140
Trd, 4319807.493, 139
Trd, 4319807.743, 121
Trd, 4319810.743, 140
Trd, 4319812.343, 140
Trd, 4319812.543, 140
Trd, 4319813.743, 140
Trd, 4319814.693, 140
Trd, 4319814.993, 140
Trd, 4319815.043, 139
Trd, 4319815.593, 140
Trd, 4319815.993, 138
Trd, 4319816.193, 129
Trd, 4319818.293, 138
Trd, 4319818.643, 104
Trd, 4319819.193, 136
Trd, 4319820.043, 104
Trd, 4319820.443, 131
Trd, 4319821.743, 126
Trd, 4319821.943, 118
Trd, 4319822.193, 126
Trd, 4319822.293, 130
Trd, 4319824.943, 140
Trd, 4319825.143, 140
Trd, 4319825.493, 139
Trd, 4319826.943, 140
Trd, 4319827.493, 140
Trd, 4319827.643, 140
Trd, 4319828.943, 140
Trd, 4319831.643, 140
Trd, 4319832.243, 140
Trd, 4319832.493, 140
Trd, 4319834.143, 140
Trd, 4319834.693, 139
Trd, 4319835.243, 140
Trd, 4319835.493, 139
Trd, 4319836.093, 140
Trd, 4319838.593, 140
Trd, 4319838.993, 140
Trd, 4319839.393, 140
Trd, 4319840.393, 140
Trd, 4319841.693, 140
Trd, 4319842.793, 140
Trd, 4319843.893, 140
Trd, 4319845.893, 140
Trd, 4319846.343, 140
Trd, 4319846.543, 140
Trd, 4319847.343, 140
Trd, 4319849.393, 128
Trd, 4319849.743, 129
Trd, 4319849.843, 127
Trd, 4319849.993, 106
Trd, 4319850.593, 131
Trd, 4319852.043, 140
Trd, 4319852.293, 140
Trd, 4319853.893, 140
Trd, 4319855.793, 140
Trd, 4319857.043, 140
Trd, 4319857.893, 140
Trd, 4319858.043, 140
Trd, 4319858.243, 140
Trd, 4319858.393, 140
Trd, 4319858.743, 138
Trd, 4319859.243, 137
Trd, 4319859.293, 130
Trd, 4319861.093, 139
Trd, 4319861.843, 140
Trd, 4319862.493, 140
Trd, 4319863.093, 112
Trd, 4319865.393, 140
Trd, 4319865.993, 140
Trd, 4319867.043, 140
Trd, 4319867.493, 135
Trd, 4319868.743, 114
Trd, 4319871.493, 140
Trd, 4319871.993, 140
Trd, 4319872.093, 140
Trd, 4319872.593, 124
Trd, 4319872.793, 123
Trd, 4319873.043, 113
Trd, 4319873.543, 128
Trd, 4319874.043, 61
Trd, 4319874.943, 128
Trd, 4319875.693, 119
Trd, 4319875.943, 129
Trd, 4319877.843, 125
Trd, 4319878.243, 125
Trd, 4319878.643, 124
Trd, 4319878.693, 125
Trd, 4319879.643, 81
Trd, 4319879.943, 82
Trd, 4319880.793, 60
Trd, 4319881.193, 70
Trd, 4319883.443, 140
Trd, 4319883.843, 138
Trd, 4319885.843, 140
Trd, 4319887.843, 140
Trd, 4319888.593, 140
Trd, 4319888.843, 140
Trd, 4319888.943, 140
Trd, 4319889.043, 128
Trd, 4319889.893, 136
Trd, 4319890.343, 136
Trd, 4319890.743, 139
Trd, 4319891.543, 135
Trd, 4319892.293, 140
Trd, 4319893.543, 116
Trd, 4319894.643, 133
Trd, 4319895.443, 119
Trd, 4319896.393, 138
Trd, 4319896.943, 140
Trd, 4319897.793, 134
Trd, 4319900.293, 140
Trd, 4319901.693, 140
Trd, 4319902.693, 140
Trd, 4319903.993, 140
Trd, 4319904.143, 140
Trd, 4319904.243, 140
Trd, 4319904.693, 137
Trd, 4319905.293, 90
Trd, 4319905.343, 89
Trd, 4319905.993, 117
Trd, 4319906.343, 116
Trd, 4319908.843, 140
Trd, 4319909.193, 139
Trd, 4319909.593, 121
Trd, 4319909.843, 120
Trd, 4319911.493, 112
Trd, 4319913.393, 114
Trd, 4319913.793, 119
Trd, 4319913.993, 121
Trd, 4319914.293, 64
Trd, 4319914.593, 65
Trd, 4319914.793, 126
Trd, 4319915.193, 82
Trd, 4319916.943, 60
Trd, 4319917.343, 112
Trd, 4319917.693, 133
Trd, 4319918.943, 139
Trd, 4319919.943, 139
Trd, 4319921.293, 138
Trd, 4319921.443, 138
Trd, 4319922.743, 140
Trd, 4319923.193, 117
Trd, 4319924.843, 139
Trd, 4319926.443, 130
Trd, 4319926.943, 127
Trd, 4319927.043, 126
Trd, 4319927.143, 127
Trd, 4319927.593, 140
Trd, 4319928.293, 140
Trd, 4319928.393, 140
Trd, 4319929.193, 139
Trd, 4319930.093, 126
Trd, 4319932.243, 137
Trd, 4319932.393, 99
Trd, 4319932.843, 98
Trd, 4319933.243, 140
Trd, 4319936.043, 140
Trd, 4319936.693, 140
Trd, 4319937.643, 140
Trd, 4319939.743, 140
Trd, 4319940.643, 139
Trd, 4319940.993, 138
Trd, 4319942.093, 135
Trd, 4319942.243, 129
Trd, 4319943.043, 131
Trd, 4319943.343, 128
Trd, 4319943.443, 131
Trd, 4319944.743, 130
Trd, 4319946.193, 105
Trd, 4319947.193, 133
Trd, 4319947.443, 131
Trd, 4319947.493, 123
Trd, 4319948.293, 90
Trd, 4319948.743, 130
Trd, 4319949.593, 131
Trd, 4319949.843, 92
Trd, 4319950.593, 128
Trd, 4319950.893, 131
Trd, 4319951.593, 132
Trd, 4319952.393, 115
Trd, 4319953.493, 138
Trd, 4319953.843, 137
Trd, 4319955.343, 140
Trd, 4319956.643, 140
Trd, 4319956.743, 122
Trd, 4319957.443, 139
Trd, 4319959.143, 140
Trd, 4319959.343, 140
Trd, 4319961.443, 140
Trd, 4319961.643, 116
Trd, 4319963.393, 122
Trd, 4319966.343, 140
Trd, 4319966.593, 140
Trd, 4319966.643, 140
Trd, 4319966.743, 140
Trd, 4319967.143, 138
Trd, 4319967.243, 140
Trd, 4319968.893, 132
Trd, 4319970.043, 139
Trd, 4319970.793, 134
Trd, 4319972.793, 139
Trd, 4319973.543, 131
Trd, 4319973.593, 130
Trd, 4319975.493, 138
Trd, 4319976.443, 135
Trd, 4319976.943, 133
Trd, 4319977.393, 128
Trd, 4319978.343, 127
Trd, 4319978.593, 126
Trd, 4319978.993, 125
Trd, 4319979.293, 117
Trd, 4319980.243, 118
Trd, 4319980.443, 119
Trd, 4319980.643, 115
Trd, 4319980.943, 120
Trd, 4319982.393, 60
Trd, 4319982.743, 60
Trd, 4319983.293, 60
Trd, 4319983.743, 61
Trd, 4319984.743, 64
Trd, 4319985.093, 128
Trd, 4319986.343, 139
Trd, 4319988.143, 109
Trd, 4319988.393, 128
Trd, 4319989.093, 127
Trd, 4319990.743, 138
Trd, 4319992.543, 139
Trd, 4319992.593, 132
Trd, 4319993.093, 140
Trd, 4319995.193, 140
Trd, 4319995.993, 140
Trd, 4319997.093, 140
Trd, 4319997.993, 140
Trd, 4319998.293, 140
Trd, 4319999.043, 140
Trd, 4319999.793, 140
