Trd, 4318163.043, 126
Trd, 4318163.343, 99
Trd, 4318163.643, 71
Trd, 4318163.893, 74
Trd, 4318164.993, 99
Trd, 4318165.293, 98
Trd, 4318166.443, 102
Trd, 4318166.843, 125
Trd, 4318168.043, 137
Trd, 4318168.143, 136
Trd, 4318169.593, 119
Trd, 4318169.893, 64
Trd, 4318170.443, 65
Trd, 4318170.643, 89
Trd, 4318172.343, 100
Trd, 4318172.893, 117
Trd, 4318174.493, 86
Trd, 4318174.743, 96
Trd, 4318174.793, 93
Trd, 4318175.243, 119
Trd, 4318176.743, 68
Trd, 4318176.793, 74
Trd, 4318177.293, 62
Trd, 4318177.793, 140
Trd, 4318178.843, 116
Trd, 4318179.943, 129
Trd, 4318179.993, 127
Trd, 4318180.343, 109
Trd, 4318180.593, 91
Trd, 4318181.393, 139
Trd, 4318181.493, 138
Trd, 4318182.593, 104
Trd, 4318182.993, 84
Trd, 4318183.243, 60
Trd, 4318184.243, 80
Trd, 4318184.943, 83
Trd, 4318185.493, 62
Trd, 4318185.993, 103
Trd, 4318187.693, 112
Trd, 4318188.343, 119
Trd, 4318188.493, 113
Trd, 4318188.693, 82
Trd, 4318188.793, 80
Trd, 4318189.593, 64
Trd, 4318189.793, 108
Trd, 4318190.743, 87
Trd, 4318191.243, 67
Trd, 4318192.143, 81
Trd, 4318192.943, 61
Trd, 4318193.543, 63
Trd, 4318194.843, 114
Trd, 4318196.493, 140
Trd, 4318196.793, 134
Trd, 4318196.993, 112
Trd, 4318198.093, 107
Trd, 4318198.443, 97
Trd, 4318199.793, 137
Trd, 4318200.743, 88
Trd, 4318201.293, 100
Trd, 4318201.693, 108
Trd, 4318202.543, 61
Trd, 4318202.843, 126
Trd, 4318203.443, 79
Trd, 4318204.493, 111
Trd, 4318205.343, 66
Trd, 4318206.243, 78
Trd, 4318206.443, 121
Trd, 4318206.743, 96
Trd, 4318206.893, 78
Trd, 4318208.343, 98
Trd, 4318208.443, 107
Trd, 4318208.893, 129
Trd, 4318209.093, 79
Trd, 4318209.993, 92
Trd, 4318210.643, 74
Trd, 4318212.343, 117
Trd, 4318212.543, 95
Trd, 4318212.793, 98
Trd, 4318215.243, 119
Trd, 4318215.343, 107
Trd, 4318215.443, 103
Trd, 4318215.493, 81
Trd, 4318216.243, 117
Trd, 4318217.993, 96
Trd, 4318218.993, 122
Trd, 4318219.293, 103
Trd, 4318219.543, 92
Trd, 4318220.093, 139
Trd, 4318220.843, 133
Trd, 4318220.893, 111
Trd, 4318221.593, 94
Trd, 4318222.393, 82
Trd, 4318223.493, 137
Trd, 4318223.593, 114
Trd, 4318223.993, 67
Trd, 4318224.243, 68
Trd, 4318225.093, 75
Trd, 4318225.293, 88
Trd, 4318226.993, 60
Trd, 4318227.243, 64
Trd, 4318227.793, 94
Trd, 4318229.193, 126
Trd, 4318229.743, 102
Trd, 4318230.293, 104
Trd, 4318231.243, 95
Trd, 4318232.393, 91
Trd, 4318232.893, 105
Trd, 4318233.093, 95
Trd, 4318233.643, 78
Trd, 4318233.893, 61
Trd, 4318234.193, 82
Trd, 4318235.243, 69
Trd, 4318235.343, 115
Trd, 4318235.943, 83
Trd, 4318236.843, 60
Trd, 4318238.243, 98
Trd, 4318238.893, 60
Trd, 4318239.443, 80
Trd, 4318241.343, 128
Trd, 4318241.593, 118
Trd, 4318241.693, 117
Trd, 4318242.543, 64
Trd, 4318243.243, 62
Trd, 4318244.143, 66
Trd, 4318244.343, 78
Trd, 4318245.643, 130
Trd, 4318246.243, 126
Trd, 4318246.843, 131
Trd, 4318247.843, 124
Trd, 4318248.943, 119
Trd, 4318249.993, 138
Trd, 4318250.043, 119
Trd, 4318251.793, 138
Trd, 4318251.843, 135
Trd, 4318252.443, 128
Trd, 4318252.643, 125
Trd, 4318253.243, 138
Trd, 4318253.393, 120
Trd, 4318253.493, 68
Trd, 4318254.293, 111
Trd, 4318254.693, 136
Trd, 4318255.543, 131
Trd, 4318256.743, 63
Trd, 4318257.343, 72
Trd, 4318257.543, 98
Trd, 4318258.143, 90
Trd, 4318260.143, 136
Trd, 4318260.593, 135
Trd, 4318261.343, 119
Trd, 4318261.543, 125
Trd, 4318261.693, 107
Trd, 4318262.793, 129
Trd, 4318262.843, 130
Trd, 4318264.243, 112
Trd, 4318264.993, 74
Trd, 4318265.293, 91
Trd, 4318266.543, 97
Trd, 4318266.843, 74
Trd, 4318267.143, 95
Trd, 4318268.393, 106
Trd, 4318268.693, 89
Trd, 4318268.943, 120
Trd, 4318269.143, 119
Trd, 4318270.793, 61
Trd, 4318271.043, 63
Trd, 4318271.693, 69
Trd, 4318272.293, 97
Trd, 4318273.843, 139
Trd, 4318274.943, 116
Trd, 4318275.393, 140
Trd, 4318275.843, 138
Trd, 4318276.593, 133
Trd, 4318276.893, 67
Trd, 4318277.143, 89
Trd, 4318277.593, 113
Trd, 4318277.993, 134
Trd, 4318279.193, 131
Trd, 4318280.543, 108
Trd, 4318280.843, 63
Trd, 4318281.743, 120
Trd, 4318281.943, 140
Trd, 4318282.443, 121
Trd, 4318282.943, 62
Trd, 4318285.643, 133
Trd, 4318285.693, 130
Trd, 4318286.043, 116
Trd, 4318286.193, 122
Trd, 4318286.793, 102
Trd, 4318287.443, 120
Trd, 4318288.293, 137
Trd, 4318288.643, 134
Trd, 4318289.743, 87
Trd, 4318289.793, 85
Trd, 4318291.243, 128
Trd, 4318291.343, 116
Trd, 4318291.393, 108
Trd, 4318292.543, 106
Trd, 4318293.193, 64
Trd, 4318294.793, 124
Trd, 4318295.943, 98
Trd, 4318295.993, 97
Trd, 4318296.793, 71
Trd, 4318297.093, 86
Trd, 4318297.143, 66
Trd, 4318297.493, 84
Trd, 4318297.793, 76
Trd, 4318298.443, 136
Trd, 4318299.393, 62
Trd, 4318300.193, 70
Trd, 4318301.243, 108
Trd, 4318301.943, 116
Trd, 4318302.343, 119
Trd, 4318302.943, 83
Trd, 4318303.293, 112
Trd, 4318304.293, 87
Trd, 4318304.643, 116
Trd, 4318304.743, 98
Trd, 4318305.943, 128
Trd, 4318306.693, 93
Trd, 4318309.793, 72
Trd, 4318310.243, 76
Trd, 4318310.543, 111
Trd, 4318311.543, 130
Trd, 4318312.443, 120
Trd, 4318312.493, 71
Trd, 4318313.593, 62
Trd, 4318313.693, 64
Trd, 4318313.893, 83
Trd, 4318313.993, 88
Trd, 4318315.693, 123
Trd, 4318316.343, 122
Trd, 4318317.193, 109
Trd, 4318317.243, 90
Trd, 4318317.893, 91
Trd, 4318319.193, 108
Trd, 4318319.793, 80
Trd, 4318319.893, 78
Trd, 4318320.243, 63
Trd, 4318320.693, 90
Trd, 4318321.893, 108
Trd, 4318322.593, 98
Trd, 4318322.943, 71
Trd, 4318323.943, 105
Trd, 4318325.193, 140
Trd, 4318325.693, 123
Trd, 4318326.443, 117
Trd, 4318326.893, 86
Trd, 4318327.493, 128
Trd, 4318327.743, 72
Trd, 4318327.843, 137
Trd, 4318328.793, 79
Trd, 4318329.243, 60
Trd, 4318329.843, 62
Trd, 4318330.393, 67
Trd, 4318331.593, 62
Trd, 4318332.343, 67
Trd, 4318333.443, 104
Trd, 4318333.993, 115
Trd, 4318334.943, 101
Trd, 4318335.143, 137
Trd, 4318335.743, 85
Trd, 4318336.243, 71
Trd, 4318338.093, 89
Trd, 4318338.593, 116
Trd, 4318339.193, 97
Trd, 4318339.443, 95
Trd, 4318339.543, 123
Trd, 4318341.243, 138
Trd, 4318341.343, 137
Trd, 4318341.743, 137
Trd, 4318342.093, 85
Trd, 4318342.293, 83
Trd, 4318342.993, 71
Trd, 4318344.293, 65
Trd, 4318344.543, 66
Trd, 4318345.043, 88
Trd, 4318345.693, 93
Trd, 4318346.443, 128
Trd, 4318347.593, 126
Trd, 4318348.243, 123
Trd, 4318348.693, 110
Trd, 4318349.393, 99
Trd, 4318349.443, 101
Trd, 4318351.543, 107
Trd, 4318351.693, 87
Trd, 4318351.893, 122
Trd, 4318352.143, 109
Trd, 4318352.443, 116
Trd, 4318353.143, 109
Trd, 4318354.043, 85
Trd, 4318354.343, 84
Trd, 4318354.743, 76
Trd, 4318356.493, 82
Trd, 4318357.643, 61
Trd, 4318358.193, 127
Trd, 4318358.593, 115
Trd, 4318358.893, 113
Trd, 4318360.593, 120
Trd, 4318361.193, 121
Trd, 4318361.743, 140
Trd, 4318361.793, 118
Trd, 4318362.293, 82
Trd, 4318363.093, 73
Trd, 4318363.593, 110
Trd, 4318364.043, 109
Trd, 4318364.743, 128
Trd, 4318365.043, 108
Trd, 4318365.493, 91
Trd, 4318365.843, 130
Trd, 4318365.993, 85
Trd, 4318366.243, 111
Trd, 4318368.593, 88
Trd, 4318369.493, 118
Trd, 4318369.743, 138
Trd, 4318370.043, 87
Trd, 4318370.993, 121
Trd, 4318372.993, 115
Trd, 4318373.043, 110
Trd, 4318373.443, 118
Trd, 4318374.643, 116
Trd, 4318375.243, 110
Trd, 4318376.743, 82
Trd, 4318376.793, 96
Trd, 4318377.393, 112
Trd, 4318377.843, 113
Trd, 4318377.993, 116
Trd, 4318378.293, 80
Trd, 4318378.543, 88
Trd, 4318381.793, 123
Trd, 4318381.943, 119
Trd, 4318382.243, 130
Trd, 4318382.393, 117
Trd, 4318383.643, 90
Trd, 4318384.493, 87
Trd, 4318385.643, 104
Trd, 4318385.843, 115
Trd, 4318386.443, 94
Trd, 4318387.043, 99
Trd, 4318387.143, 135
Trd, 4318388.343, 117
Trd, 4318389.343, 68
Trd, 4318389.393, 68
Trd, 4318390.743, 77
Trd, 4318391.243, 60
Trd, 4318391.293, 104
Trd, 4318391.593, 122
Trd, 4318392.743, 68
Trd, 4318393.793, 82
Trd, 4318393.993, 71
Trd, 4318395.093, 61
Trd, 4318396.393, 104
Trd, 4318396.693, 72
Trd, 4318397.693, 133
Trd, 4318398.043, 114
Trd, 4318398.943, 65
Trd, 4318401.443, 124
Trd, 4318401.643, 132
Trd, 4318402.743, 140
Trd, 4318403.243, 91
Trd, 4318403.593, 81
Trd, 4318403.793, 66
Trd, 4318404.543, 91
Trd, 4318405.093, 70
Trd, 4318405.293, 125
Trd, 4318406.943, 64
Trd, 4318407.993, 69
Trd, 4318409.043, 61
Trd, 4318409.193, 81
Trd, 4318409.293, 98
Trd, 4318410.243, 74
Trd, 4318411.093, 102
Trd, 4318411.943, 100
Trd, 4318412.893, 126
Trd, 4318413.593, 132
Trd, 4318413.893, 129
Trd, 4318414.293, 138
Trd, 4318415.393, 113
Trd, 4318415.493, 96
Trd, 4318417.043, 101
Trd, 4318417.093, 96
Trd, 4318417.893, 96
Trd, 4318419.143, 138
Trd, 4318419.543, 128
Trd, 4318420.043, 112
Trd, 4318420.593, 108
Trd, 4318422.093, 126
Trd, 4318422.493, 102
Trd, 4318423.143, 99
Trd, 4318423.943, 130
Trd, 4318424.343, 128
Trd, 4318425.343, 136
Trd, 4318425.493, 122
Trd, 4318426.143, 110
Trd, 4318426.993, 76
Trd, 4318428.643, 117
Trd, 4318429.093, 122
Trd, 4318429.393, 111
Trd, 4318430.093, 85
Trd, 4318431.393, 69
Trd, 4318432.743, 120
Trd, 4318432.943, 73
Trd, 4318434.143, 122
Trd, 4318434.793, 75
Trd, 4318435.043, 125
Trd, 4318435.143, 66
Trd, 4318438.393, 97
Trd, 4318438.493, 100
Trd, 4318438.743, 84
Trd, 4318439.893, 105
Trd, 4318441.143, 97
Trd, 4318441.243, 81
Trd, 4318441.393, 72
Trd, 4318441.743, 92
Trd, 4318441.943, 118
Trd, 4318442.293, 63
Trd, 4318443.393, 115
Trd, 4318444.443, 117
Trd, 4318445.693, 130
Trd, 4318445.743, 128
Trd, 4318446.343, 105
Trd, 4318446.943, 97
Trd, 4318447.443, 64
Trd, 4318448.693, 82
Trd, 4318449.643, 76
Trd, 4318450.243, 66
Trd, 4318451.043, 98
Trd, 4318451.693, 61
Trd, 4318451.993, 138
Trd, 4318452.243, 94
Trd, 4318453.143, 98
Trd, 4318454.543, 84
Trd, 4318454.943, 84
Trd, 4318455.543, 137
Trd, 4318455.693, 122
Trd, 4318456.993, 97
Trd, 4318457.493, 63
Trd, 4318457.993, 98
Trd, 4318459.093, 129
Trd, 4318459.593, 127
Trd, 4318460.543, 116
Trd, 4318460.993, 91
Trd, 4318461.243, 90
Trd, 4318461.693, 85
Trd, 4318462.943, 122
Trd, 4318463.143, 83
Trd, 4318463.343, 92
Trd, 4318464.443, 91
Trd, 4318465.193, 64
Trd, 4318465.243, 64
Trd, 4318466.043, 94
Trd, 4318467.393, 110
Trd, 4318467.843, 120
Trd, 4318469.143, 86
Trd, 4318469.743, 133
Trd, 4318472.043, 133
Trd, 4318472.243, 126
Trd, 4318473.243, 132
Trd, 4318473.743, 127
Trd, 4318474.093, 117
Trd, 4318474.693, 135
Trd, 4318474.793, 105
Trd, 4318475.293, 83
Trd, 4318475.593, 76
Trd, 4318476.243, 127
Trd, 4318477.693, 102
Trd, 4318478.343, 66
Trd, 4318479.293, 60
Trd, 4318480.443, 76
Trd, 4318480.693, 81
Trd, 4318481.143, 65
Trd, 4318481.193, 75
Trd, 4318481.593, 130
Trd, 4318482.393, 60
Trd, 4318482.593, 115
Trd, 4318483.043, 135
Trd, 4318483.943, 64
Trd, 4318484.593, 123
Trd, 4318484.843, 89
Trd, 4318485.543, 60
Trd, 4318486.493, 126
Trd, 4318487.493, 115
Trd, 4318488.293, 68
Trd, 4318489.193, 129
Trd, 4318490.293, 60
Trd, 4318490.593, 62
Trd, 4318490.993, 105
Trd, 4318491.393, 127
Trd, 4318491.743, 93
Trd, 4318491.943, 69
Trd, 4318493.443, 113
Trd, 4318495.093, 108
Trd, 4318495.193, 97
Trd, 4318495.243, 90
Trd, 4318495.543, 110
Trd, 4318496.043, 66
Trd, 4318496.193, 66
Trd, 4318496.243, 69
Trd, 4318496.443, 62
Trd, 4318497.243, 103
Trd, 4318497.293, 102
Trd, 4318498.393, 118
Trd, 4318498.993, 104
Trd, 4318500.043, 133
Trd, 4318500.693, 97
Trd, 4318500.943, 136
Trd, 4318503.393, 130
Trd, 4318503.793, 103
Trd, 4318504.393, 109
Trd, 4318505.243, 102
Trd, 4318506.593, 62
Trd, 4318506.643, 69
Trd, 4318507.593, 65
Trd, 4318508.343, 77
Trd, 4318509.193, 127
Trd, 4318510.043, 119
Trd, 4318510.793, 78
Trd, 4318511.143, 109
Trd, 4318511.593, 64
Trd, 4318512.243, 74
Trd, 4318512.393, 77
Trd, 4318512.893, 114
Trd, 4318513.793, 82
Trd, 4318514.193, 134
Trd, 4318515.493, 60
Trd, 4318515.893, 74
Trd, 4318516.343, 67
Trd, 4318517.293, 123
Trd, 4318517.893, 60
Trd, 4318518.093, 71
Trd, 4318518.293, 101
Trd, 4318518.893, 63
Trd, 4318520.843, 62
Trd, 4318521.393, 114
Trd, 4318521.493, 110
Trd, 4318522.093, 117
Trd, 4318522.343, 132
Trd, 4318522.443, 128
Trd, 4318523.493, 90
Trd, 4318523.793, 63
Trd, 4318524.343, 104
Trd, 4318524.693, 96
Trd, 4318524.993, 91
Trd, 4318525.443, 131
Trd, 4318526.693, 111
Trd, 4318526.793, 90
Trd, 4318527.593, 126
Trd, 4318528.143, 117
Trd, 4318528.393, 134
Trd, 4318529.493, 64
Trd, 4318530.943, 72
Trd, 4318531.293, 74
Trd, 4318531.693, 136
Trd, 4318532.293, 95
Trd, 4318532.793, 74
Trd, 4318533.493, 61
Trd, 4318535.043, 100
Trd, 4318535.443, 88
Trd, 4318537.493, 78
Trd, 4318537.643, 102
Trd, 4318537.843, 133
Trd, 4318537.993, 106
Trd, 4318538.793, 99
Trd, 4318538.993, 98
Trd, 4318539.443, 61
Trd, 4318540.443, 85
Trd, 4318540.493, 65
Trd, 4318541.293, 92
Trd, 4318542.543, 64
Trd, 4318543.143, 61
Trd, 4318543.293, 137
Trd, 4318544.293, 131
Trd, 4318544.593, 97
Trd, 4318544.993, 118
Trd, 4318545.443, 64
Trd, 4318546.393, 123
Trd, 4318546.843, 84
Trd, 4318547.043, 66
Trd, 4318548.143, 85
Trd, 4318548.493, 77
Trd, 4318549.193, 116
Trd, 4318550.493, 138
Trd, 4318551.343, 124
Trd, 4318551.793, 114
Trd, 4318552.643, 126
Trd, 4318553.443, 136
Trd, 4318554.343, 132
Trd, 4318554.593, 61
Trd, 4318555.593, 136
Trd, 4318556.243, 63
Trd, 4318557.043, 64
Trd, 4318557.193, 83
Trd, 4318558.243, 131
Trd, 4318559.893, 120
Trd, 4318560.143, 125
Trd, 4318560.643, 134
Trd, 4318561.043, 60
Trd, 4318561.543, 73
Trd, 4318562.193, 94
Trd, 4318562.643, 122
Trd, 4318564.493, 137
Trd, 4318565.093, 136
Trd, 4318565.393, 114
Trd, 4318565.443, 109
Trd, 4318565.793, 107
Trd, 4318565.843, 99
Trd, 4318565.943, 88
Trd, 4318566.443, 69
Trd, 4318567.993, 85
Trd, 4318568.443, 72
Trd, 4318568.593, 80
Trd, 4318571.043, 125
Trd, 4318571.193, 118
Trd, 4318571.343, 75
Trd, 4318572.643, 140
Trd, 4318573.543, 84
Trd, 4318573.793, 139
Trd, 4318574.443, 84
Trd, 4318574.543, 68
Trd, 4318576.593, 71
Trd, 4318577.043, 75
Trd, 4318577.743, 73
Trd, 4318578.343, 130
Trd, 4318578.493, 106
Trd, 4318578.693, 68
Trd, 4318579.343, 133
Trd, 4318580.143, 122
Trd, 4318580.293, 121
Trd, 4318581.993, 136
Trd, 4318582.393, 131
Trd, 4318582.593, 133
Trd, 4318582.893, 109
Trd, 4318583.093, 101
Trd, 4318584.543, 124
Trd, 4318585.793, 138
Trd, 4318586.393, 137
Trd, 4318586.593, 136
Trd, 4318586.893, 130
Trd, 4318587.443, 125
Trd, 4318588.143, 124
Trd, 4318588.693, 91
Trd, 4318589.043, 108
Trd, 4318589.593, 80
Trd, 4318590.593, 65
Trd, 4318591.093, 81
Trd, 4318591.393, 74
Trd, 4318591.693, 96
Trd, 4318592.193, 126
Trd, 4318593.143, 64
Trd, 4318593.643, 89
Trd, 4318595.343, 68
Trd, 4318596.543, 79
Trd, 4318596.843, 60
Trd, 4318597.943, 133
Trd, 4318599.643, 106
Trd, 4318600.193, 61
Trd, 4318600.293, 79
Trd, 4318600.593, 118
Trd, 4318601.393, 69
Trd, 4318601.893, 103
Trd, 4318602.493, 110
Trd, 4318602.943, 102
Trd, 4318603.243, 95
Trd, 4318604.093, 98
Trd, 4318604.193, 81
Trd, 4318605.243, 108
Trd, 4318606.093, 60
Trd, 4318606.143, 72
Trd, 4318606.193, 75
Trd, 4318606.593, 81
Trd, 4318607.643, 127
Trd, 4318607.893, 105
Trd, 4318609.493, 123
Trd, 4318609.643, 117
Trd, 4318609.693, 116
Trd, 4318610.343, 67
Trd, 4318610.643, 97
Trd, 4318611.093, 81
Trd, 4318612.443, 106
Trd, 4318612.943, 110
Trd, 4318613.743, 73
Trd, 4318614.543, 60
Trd, 4318615.593, 82
Trd, 4318615.793, 86
Trd, 4318616.443, 139
Trd, 4318617.243, 71
Trd, 4318618.193, 60
Trd, 4318618.343, 90
Trd, 4318620.143, 81
Trd, 4318620.793, 69
Trd, 4318621.543, 64
Trd, 4318622.343, 61
Trd, 4318623.343, 109
Trd, 4318623.493, 75
Trd, 4318624.793, 116
Trd, 4318625.343, 106
Trd, 4318625.493, 124
Trd, 4318626.843, 69
Trd, 4318627.393, 63
Trd, 4318628.293, 100
Trd, 4318628.343, 88
Trd, 4318628.793, 75
Trd, 4318629.343, 125
Trd, 4318630.543, 87
Trd, 4318631.593, 111
Trd, 4318631.893, 80
Trd, 4318631.993, 137
Trd, 4318632.843, 72
Trd, 4318633.893, 69
Trd, 4318634.293, 97
Trd, 4318634.543, 75
Trd, 4318634.693, 71
Trd, 4318635.793, 126
Trd, 4318636.393, 109
Trd, 4318636.593, 123
Trd, 4318637.643, 95
Trd, 4318637.993, 92
Trd, 4318639.143, 87
Trd, 4318639.543, 64
Trd, 4318641.643, 60
Trd, 4318642.043, 64
Trd, 4318642.143, 105
Trd, 4318642.643, 116
Trd, 4318643.043, 101
Trd, 4318644.093, 84
Trd, 4318645.043, 61
Trd, 4318645.543, 76
Trd, 4318646.443, 75
Trd, 4318646.943, 102
Trd, 4318647.393, 65
Trd, 4318647.793, 62
Trd, 4318648.143, 119
Trd, 4318649.443, 95
Trd, 4318649.793, 87
Trd, 4318649.843, 129
Trd, 4318650.043, 82
Trd, 4318650.943, 108
Trd, 4318651.643, 92
Trd, 4318653.343, 136
Trd, 4318653.793, 63
Trd, 4318654.243, 92
Trd, 4318655.043, 79
Trd, 4318655.493, 81
Trd, 4318655.643, 66
Trd, 4318655.943, 62
Trd, 4318656.593, 116
Trd, 4318656.693, 132
Trd, 4318657.093, 93
Trd, 4318658.093, 127
Trd, 4318658.243, 94
Trd, 4318659.493, 72
Trd, 4318661.743, 129
Trd, 4318662.193, 100
Trd, 4318662.643, 97
Trd, 4318662.743, 95
Trd, 4318662.943, 74
Trd, 4318663.193, 75
Trd, 4318664.893, 95
Trd, 4318665.193, 83
Trd, 4318666.093, 66
Trd, 4318666.243, 65
Trd, 4318668.693, 67
Trd, 4318669.143, 90
Trd, 4318669.443, 83
Trd, 4318669.543, 113
Trd, 4318669.893, 100
Trd, 4318669.943, 115
Trd, 4318670.643, 114
Trd, 4318670.993, 105
Trd, 4318671.643, 107
Trd, 4318672.443, 84
Trd, 4318672.843, 110
Trd, 4318673.693, 83
Trd, 4318674.293, 61
Trd, 4318675.143, 122
Trd, 4318676.593, 113
Trd, 4318676.693, 117
Trd, 4318677.193, 109
Trd, 4318677.593, 63
Trd, 4318677.843, 70
Trd, 4318678.343, 75
Trd, 4318679.543, 67
Trd, 4318679.743, 119
Trd, 4318679.843, 123
Trd, 4318680.943, 75
Trd, 4318680.993, 115
Trd, 4318681.543, 84
Trd, 4318681.943, 75
Trd, 4318684.043, 60
Trd, 4318685.393, 71
Trd, 4318685.443, 112
Trd, 4318686.243, 121
Trd, 4318686.543, 114
Trd, 4318687.443, 63
Trd, 4318688.543, 109
Trd, 4318688.843, 94
Trd, 4318689.293, 122
Trd, 4318690.693, 115
Trd, 4318691.593, 109
Trd, 4318691.643, 125
Trd, 4318691.943, 125
Trd, 4318692.793, 131
Trd, 4318693.893, 123
Trd, 4318693.993, 81
Trd, 4318694.043, 80
Trd, 4318694.843, 137
Trd, 4318695.243, 62
Trd, 4318695.343, 133
Trd, 4318697.743, 72
Trd, 4318698.793, 95
Trd, 4318699.393, 122
Trd, 4318699.493, 122
Trd, 4318700.193, 105
Trd, 4318700.493, 125
Trd, 4318702.793, 122
Trd, 4318703.343, 69
Trd, 4318703.693, 106
Trd, 4318704.343, 62
Trd, 4318704.493, 69
Trd, 4318705.593, 128
Trd, 4318705.743, 96
Trd, 4318706.043, 138
Trd, 4318706.493, 96
Trd, 4318706.693, 70
Trd, 4318707.243, 97
Trd, 4318707.593, 66
Trd, 4318709.093, 85
Trd, 4318709.243, 89
Trd, 4318709.643, 78
Trd, 4318710.693, 109
Trd, 4318711.243, 61
Trd, 4318712.693, 88
Trd, 4318713.293, 74
Trd, 4318713.693, 137
Trd, 4318714.543, 79
Trd, 4318715.243, 96
Trd, 4318715.593, 117
Trd, 4318716.043, 68
Trd, 4318717.343, 133
Trd, 4318717.693, 64
Trd, 4318719.343, 138
Trd, 4318719.593, 112
Trd, 4318720.343, 84
Trd, 4318720.643, 133
Trd, 4318722.393, 68
Trd, 4318722.543, 100
Trd, 4318723.243, 62
Trd, 4318723.293, 69
Trd, 4318724.043, 70
Trd, 4318724.843, 127
Trd, 4318724.943, 137
Trd, 4318725.343, 114
Trd, 4318727.193, 132
Trd, 4318728.293, 98
Trd, 4318729.093, 65
Trd, 4318729.943, 69
Trd, 4318730.093, 86
Trd, 4318730.243, 88
Trd, 4318730.793, 63
Trd, 4318731.493, 106
Trd, 4318732.343, 98
Trd, 4318732.493, 78
Trd, 4318733.293, 108
Trd, 4318733.643, 97
Trd, 4318733.693, 96
Trd, 4318734.693, 103
Trd, 4318735.243, 122
Trd, 4318736.143, 126
Trd, 4318736.643, 121
Trd, 4318736.943, 101
Trd, 4318738.093, 60
Trd, 4318738.843, 92
Trd, 4318739.193, 102
Trd, 4318740.143, 140
Trd, 4318741.443, 78
Trd, 4318741.543, 105
Trd, 4318742.743, 108
Trd, 4318745.643, 129
Trd, 4318745.893, 122
Trd, 4318746.243, 98
Trd, 4318746.543, 109
Trd, 4318747.543, 73
Trd, 4318747.593, 84
Trd, 4318748.093, 103
Trd, 4318748.543, 74
Trd, 4318749.543, 63
Trd, 4318749.893, 79
Trd, 4318750.193, 76
Trd, 4318751.693, 131
Trd, 4318752.543, 135
Trd, 4318753.043, 133
Trd, 4318753.193, 107
Trd, 4318753.293, 90
Trd, 4318753.943, 94
Trd, 4318754.893, 103
Trd, 4318756.293, 138
Trd, 4318756.443, 137
Trd, 4318756.943, 99
Trd, 4318757.143, 134
Trd, 4318758.743, 125
Trd, 4318759.593, 60
Trd, 4318760.043, 134
Trd, 4318761.493, 124
Trd, 4318761.743, 85
Trd, 4318762.043, 124
Trd, 4318762.343, 123
Trd, 4318762.443, 119
Trd, 4318762.693, 88
Trd, 4318763.943, 99
Trd, 4318765.193, 136
Trd, 4318765.243, 119
Trd, 4318765.543, 120
Trd, 4318766.043, 94
Trd, 4318766.243, 77
Trd, 4318767.393, 63
Trd, 4318767.593, 81
Trd, 4318768.643, 60
Trd, 4318769.343, 93
Trd, 4318769.443, 92
Trd, 4318770.843, 83
Trd, 4318771.843, 113
Trd, 4318771.943, 112
Trd, 4318772.643, 85
Trd, 4318774.043, 97
Trd, 4318774.693, 117
Trd, 4318776.343, 99
Trd, 4318776.593, 138
Trd, 4318776.743, 99
Trd, 4318776.793, 98
Trd, 4318777.093, 90
Trd, 4318778.893, 72
Trd, 4318779.543, 91
Trd, 4318780.443, 106
Trd, 4318780.893, 96
Trd, 4318781.443, 85
Trd, 4318781.943, 68
Trd, 4318782.393, 65
Trd, 4318782.693, 132
Trd, 4318783.693, 114
Trd, 4318785.393, 123
Trd, 4318785.693, 127
Trd, 4318786.143, 93
Trd, 4318787.043, 77
Trd, 4318787.393, 102
Trd, 4318787.943, 64
Trd, 4318788.343, 86
Trd, 4318789.743, 109
Trd, 4318790.243, 90
Trd, 4318790.443, 108
Trd, 4318790.793, 89
Trd, 4318791.493, 60
Trd, 4318792.693, 79
Trd, 4318793.543, 128
Trd, 4318793.743, 109
Trd, 4318794.493, 135
Trd, 4318794.943, 92
Trd, 4318795.293, 122
Trd, 4318795.793, 77
Trd, 4318796.143, 60
Trd, 4318797.643, 72
Trd, 4318797.993, 116
Trd, 4318798.843, 100
Trd, 4318798.893, 88
Trd, 4318799.593, 115
Trd, 4318800.493, 105
Trd, 4318801.143, 82
Trd, 4318801.543, 67
Trd, 4318801.993, 70
Trd, 4318804.193, 63
Trd, 4318804.543, 63
Trd, 4318804.943, 75
Trd, 4318805.543, 87
Trd, 4318805.993, 63
Trd, 4318807.593, 75
Trd, 4318808.043, 64
Trd, 4318809.643, 76
Trd, 4318810.143, 135
Trd, 4318811.543, 118
Trd, 4318811.943, 105
Trd, 4318812.043, 95
Trd, 4318812.143, 93
Trd, 4318812.493, 126
Trd, 4318814.193, 112
Trd, 4318814.393, 116
Trd, 4318814.793, 96
Trd, 4318815.443, 110
Trd, 4318815.543, 75
Trd, 4318816.093, 65
Trd, 4318816.343, 113
Trd, 4318818.443, 140
Trd, 4318819.343, 120
Trd, 4318820.243, 114
Trd, 4318820.793, 109
Trd, 4318821.043, 89
Trd, 4318821.893, 133
Trd, 4318822.143, 110
Trd, 4318822.693, 84
Trd, 4318823.443, 93
Trd, 4318825.193, 74
Trd, 4318825.343, 75
Trd, 4318825.743, 70
Trd, 4318826.793, 76
Trd, 4318827.193, 91
Trd, 4318827.443, 91
Trd, 4318827.693, 127
Trd, 4318827.993, 66
Trd, 4318829.193, 140
Trd, 4318829.793, 111
Trd, 4318829.893, 104
Trd, 4318830.143, 135
Trd, 4318830.893, 140
Trd, 4318831.693, 120
Trd, 4318831.893, 119
Trd, 4318832.293, 67
Trd, 4318832.943, 69
Trd, 4318833.793, 63
Trd, 4318834.093, 131
Trd, 4318834.893, 111
Trd, 4318835.643, 121
Trd, 4318836.843, 116
Trd, 4318837.243, 106
Trd, 4318837.643, 119
Trd, 4318838.793, 114
Trd, 4318839.293, 103
Trd, 4318839.593, 97
Trd, 4318839.893, 135
Trd, 4318840.443, 109
Trd, 4318841.943, 118
Trd, 4318842.343, 107
Trd, 4318843.043, 101
Trd, 4318843.643, 72
Trd, 4318845.593, 123
Trd, 4318846.343, 111
Trd, 4318846.493, 120
Trd, 4318847.293, 133
Trd, 4318847.643, 131
Trd, 4318848.093, 107
Trd, 4318849.093, 98
Trd, 4318849.993, 81
Trd, 4318851.093, 121
Trd, 4318851.193, 104
Trd, 4318851.943, 140
Trd, 4318852.243, 137
Trd, 4318852.993, 110
Trd, 4318853.293, 65
Trd, 4318854.643, 88
Trd, 4318854.893, 71
Trd, 4318857.043, 135
Trd, 4318857.543, 85
Trd, 4318857.843, 82
Trd, 4318858.093, 108
Trd, 4318858.393, 80
Trd, 4318860.193, 138
Trd, 4318860.243, 132
Trd, 4318860.843, 82
Trd, 4318861.743, 109
Trd, 4318861.793, 78
Trd, 4318863.593, 108
Trd, 4318863.943, 91
Trd, 4318864.743, 70
Trd, 4318865.893, 127
Trd, 4318866.593, 136
Trd, 4318867.843, 114
Trd, 4318868.093, 63
Trd, 4318868.243, 126
Trd, 4318868.493, 133
Trd, 4318868.893, 75
Trd, 4318869.243, 68
Trd, 4318869.943, 73
Trd, 4318871.943, 64
Trd, 4318872.293, 71
Trd, 4318873.793, 128
Trd, 4318873.893, 127
Trd, 4318873.993, 116
Trd, 4318874.443, 81
Trd, 4318874.793, 121
Trd, 4318875.493, 111
Trd, 4318875.893, 65
Trd, 4318875.943, 75
Trd, 4318876.693, 106
Trd, 4318877.443, 90
Trd, 4318877.943, 86
Trd, 4318878.893, 61
Trd, 4318879.043, 71
Trd, 4318879.643, 62
Trd, 4318880.443, 139
Trd, 4318880.843, 100
Trd, 4318881.293, 99
Trd, 4318881.993, 71
Trd, 4318882.893, 77
Trd, 4318883.743, 69
Trd, 4318884.343, 64
Trd, 4318884.993, 62
Trd, 4318885.643, 73
Trd, 4318886.143, 85
Trd, 4318886.443, 126
Trd, 4318888.243, 120
Trd, 4318888.593, 66
Trd, 4318889.143, 124
Trd, 4318889.843, 139
Trd, 4318890.643, 121
Trd, 4318891.193, 104
Trd, 4318891.643, 116
Trd, 4318891.693, 110
Trd, 4318892.243, 99
Trd, 4318892.493, 90
Trd, 4318893.043, 82
Trd, 4318894.043, 124
Trd, 4318894.593, 140
Trd, 4318895.493, 140
Trd, 4318895.593, 95
Trd, 4318895.793, 91
Trd, 4318898.043, 67
Trd, 4318898.143, 75
Trd, 4318898.643, 72
Trd, 4318899.393, 101
Trd, 4318899.993, 136
Trd, 4318900.943, 126
Trd, 4318901.143, 115
Trd, 4318901.243, 127
Trd, 4318902.493, 66
Trd, 4318902.643, 75
Trd, 4318903.293, 86
Trd, 4318903.893, 113
Trd, 4318904.043, 112
Trd, 4318904.543, 116
Trd, 4318906.543, 61
Trd, 4318906.893, 80
Trd, 4318907.143, 85
Trd, 4318907.243, 105
Trd, 4318907.493, 101
Trd, 4318908.843, 83
Trd, 4318910.293, 63
Trd, 4318910.643, 62
Trd, 4318911.193, 60
Trd, 4318912.143, 94
Trd, 4318912.593, 64
Trd, 4318913.443, 91
Trd, 4318916.143, 134
Trd, 4318916.843, 129
Trd, 4318916.943, 120
Trd, 4318918.393, 102
Trd, 4318918.893, 111
Trd, 4318919.593, 118
Trd, 4318919.743, 95
Trd, 4318920.293, 132
Trd, 4318920.643, 91
Trd, 4318921.393, 81
Trd, 4318921.493, 78
Trd, 4318921.893, 68
Trd, 4318922.443, 64
Trd, 4318922.643, 63
Trd, 4318923.543, 100
Trd, 4318924.393, 131
Trd, 4318924.793, 116
Trd, 4318926.793, 117
Trd, 4318926.943, 114
Trd, 4318927.643, 81
Trd, 4318927.943, 112
Trd, 4318928.393, 61
Trd, 4318928.643, 94
Trd, 4318930.593, 63
Trd, 4318932.093, 63
Trd, 4318932.143, 70
Trd, 4318932.443, 67
Trd, 4318932.843, 64
Trd, 4318932.993, 101
Trd, 4318933.543, 101
Trd, 4318935.243, 82
Trd, 4318935.443, 65
Trd, 4318936.193, 60
Trd, 4318936.843, 65
Trd, 4318937.193, 93
Trd, 4318938.693, 105
Trd, 4318939.443, 111
Trd, 4318939.593, 137
Trd, 4318940.393, 135
Trd, 4318940.493, 123
Trd, 4318941.393, 123
Trd, 4318942.193, 83
Trd, 4318942.543, 70
Trd, 4318944.043, 63
Trd, 4318944.993, 68
Trd, 4318945.393, 96
Trd, 4318945.593, 114
Trd, 4318947.443, 97
Trd, 4318947.643, 79
Trd, 4318948.143, 111
Trd, 4318948.293, 91
Trd, 4318949.093, 119
Trd, 4318949.843, 95
Trd, 4318950.043, 87
Trd, 4318950.493, 79
Trd, 4318952.093, 128
Trd, 4318953.293, 124
Trd, 4318953.693, 122
Trd, 4318953.793, 121
Trd, 4318954.243, 107
Trd, 4318954.643, 103
Trd, 4318955.043, 79
Trd, 4318955.693, 91
Trd, 4318956.993, 126
Trd, 4318958.343, 94
Trd, 4318958.393, 93
Trd, 4318958.443, 92
Trd, 4318958.743, 135
Trd, 4318959.493, 131
Trd, 4318959.943, 89
Trd, 4318960.543, 117
Trd, 4318960.643, 94
Trd, 4318960.943, 110
Trd, 4318961.293, 64
Trd, 4318962.793, 124
Trd, 4318963.593, 84
Trd, 4318963.943, 80
Trd, 4318964.243, 85
Trd, 4318965.643, 109
Trd, 4318966.293, 139
Trd, 4318966.593, 133
Trd, 4318966.693, 71
Trd, 4318968.393, 111
Trd, 4318968.543, 83
Trd, 4318968.843, 80
Trd, 4318969.993, 130
Trd, 4318971.243, 87
Trd, 4318971.593, 87
Trd, 4318971.843, 95
Trd, 4318972.493, 128
Trd, 4318972.943, 89
Trd, 4318974.743, 61
Trd, 4318974.943, 102
Trd, 4318975.593, 68
Trd, 4318976.143, 76
Trd, 4318976.593, 60
Trd, 4318976.893, 83
Trd, 4318978.593, 126
Trd, 4318979.293, 125
Trd, 4318979.843, 127
Trd, 4318979.993, 104
Trd, 4318980.193, 90
Trd, 4318980.493, 115
Trd, 4318980.793, 81
Trd, 4318982.593, 84
Trd, 4318982.793, 104
Trd, 4318983.543, 127
Trd, 4318984.893, 137
Trd, 4318985.393, 137
Trd, 4318985.493, 126
Trd, 4318985.593, 123
Trd, 4318985.693, 118
Trd, 4318986.543, 118
Trd, 4318987.243, 106
Trd, 4318987.693, 64
Trd, 4318989.543, 93
Trd, 4318989.893, 115
Trd, 4318990.193, 114
Trd, 4318990.393, 93
Trd, 4318990.793, 105
Trd, 4318990.843, 78
Trd, 4318991.593, 133
Trd, 4318992.193, 88
Trd, 4318992.543, 116
Trd, 4318992.943, 61
Trd, 4318995.243, 109
Trd, 4318995.793, 106
Trd, 4318995.843, 86
Trd, 4318996.693, 140
Trd, 4318997.093, 127
Trd, 4318997.543, 110
Trd, 4318998.443, 140
Trd, 4318999.043, 122
Trd, 4319000.893, 96
Trd, 4319001.193, 96
Trd, 4319001.843, 139
Trd, 4319003.043, 133
Trd, 4319004.443, 103
Trd, 4319004.593, 94
Trd, 4319005.443, 109
Trd, 4319005.543, 73
Trd, 4319006.593, 103
Trd, 4319007.043, 87
Trd, 4319008.393, 92
Trd, 4319008.543, 71
Trd, 4319009.443, 79
Trd, 4319010.243, 119
Trd, 4319010.493, 104
Trd, 4319011.343, 126
Trd, 4319011.743, 120
Trd, 4319012.193, 62
Trd, 4319012.993, 128
Trd, 4319014.293, 121
Trd, 4319015.193, 84
Trd, 4319015.643, 92
Trd, 4319016.243, 131
Trd, 4319016.543, 72
Trd, 4319016.943, 126
Trd, 4319017.193, 78
Trd, 4319018.293, 140
Trd, 4319018.943, 137
Trd, 4319019.593, 138
Trd, 4319020.193, 140
Trd, 4319020.243, 137
Trd, 4319020.643, 83
Trd, 4319021.243, 89
Trd, 4319021.843, 112
Trd, 4319022.993, 60
Trd, 4319024.293, 66
Trd, 4319024.743, 60
Trd, 4319025.393, 64
Trd, 4319025.993, 92
Trd, 4319026.593, 98
Trd, 4319027.293, 130
Trd, 4319028.643, 134
Trd, 4319029.293, 131
Trd, 4319029.993, 109
Trd, 4319030.043, 92
Trd, 4319030.293, 81
Trd, 4319030.843, 137
Trd, 4319031.593, 129
Trd, 4319032.193, 83
Trd, 4319032.943, 101
Trd, 4319033.393, 137
Trd, 4319034.493, 85
Trd, 4319035.093, 62
Trd, 4319035.593, 69
Trd, 4319037.243, 89
Trd, 4319038.643, 60
Trd, 4319039.643, 60
Trd, 4319040.493, 63
Trd, 4319040.843, 63
Trd, 4319041.443, 66
Trd, 4319042.343, 66
Trd, 4319042.443, 66
Trd, 4319043.693, 64
Trd, 4319045.693, 117
Trd, 4319046.893, 105
Trd, 4319047.043, 68
Trd, 4319048.043, 132
Trd, 4319049.143, 126
Trd, 4319049.443, 80
Trd, 4319049.643, 129
Trd, 4319049.943, 138
Trd, 4319050.143, 101
Trd, 4319051.393, 122
Trd, 4319051.693, 107
Trd, 4319052.893, 60
Trd, 4319053.643, 61
Trd, 4319053.993, 60
Trd, 4319054.193, 138
Trd, 4319054.493, 60
Trd, 4319055.343, 118
Trd, 4319055.593, 103
Trd, 4319056.593, 138
Trd, 4319057.543, 130
Trd, 4319057.593, 121
Trd, 4319058.443, 134
Trd, 4319058.593, 113
Trd, 4319059.593, 94
Trd, 4319060.543, 120
Trd, 4319061.143, 110
Trd, 4319062.093, 123
Trd, 4319062.543, 125
Trd, 4319062.693, 133
Trd, 4319062.843, 101
Trd, 4319063.543, 63
Trd, 4319064.893, 62
Trd, 4319065.143, 86
Trd, 4319065.243, 119
Trd, 4319065.793, 88
Trd, 4319066.493, 93
Trd, 4319066.543, 92
Trd, 4319066.893, 91
Trd, 4319067.143, 99
Trd, 4319068.543, 117
Trd, 4319068.793, 128
Trd, 4319070.243, 118
Trd, 4319070.343, 130
Trd, 4319070.443, 115
Trd, 4319070.893, 136
Trd, 4319073.093, 64
Trd, 4319073.143, 64
Trd, 4319073.243, 65
Trd, 4319074.843, 118
Trd, 4319074.993, 80
Trd, 4319076.293, 102
Trd, 4319077.093, 111
Trd, 4319077.543, 108
Trd, 4319078.543, 117
Trd, 4319078.743, 137
Trd, 4319079.343, 122
Trd, 4319079.393, 116
Trd, 4319079.843, 88
Trd, 4319079.893, 63
Trd, 4319080.793, 105
Trd, 4319081.043, 103
Trd, 4319081.793, 60
Trd, 4319082.193, 69
Trd, 4319082.993, 127
Trd, 4319083.193, 107
Trd, 4319083.943, 137
Trd, 4319084.893, 115
Trd, 4319085.493, 92
Trd, 4319085.743, 131
Trd, 4319086.243, 117
Trd, 4319087.343, 98
Trd, 4319087.543, 101
Trd, 4319088.193, 104
Trd, 4319089.043, 122
Trd, 4319090.293, 138
Trd, 4319090.943, 128
Trd, 4319091.193, 111
Trd, 4319092.493, 88
Trd, 4319092.843, 104
Trd, 4319094.893, 140
Trd, 4319094.943, 136
Trd, 4319095.293, 113
Trd, 4319095.843, 70
Trd, 4319095.993, 133
Trd, 4319096.943, 87
Trd, 4319097.193, 109
Trd, 4319098.293, 78
Trd, 4319098.943, 133
Trd, 4319099.043, 109
Trd, 4319099.093, 81
Trd, 4319099.693, 139
Trd, 4319100.993, 112
Trd, 4319101.893, 63
Trd, 4319102.093, 90
Trd, 4319102.193, 109
Trd, 4319102.843, 101
Trd, 4319104.943, 73
Trd, 4319106.393, 132
Trd, 4319106.793, 64
Trd, 4319106.843, 72
Trd, 4319107.543, 131
Trd, 4319108.193, 109
Trd, 4319108.693, 137
Trd, 4319108.793, 124
Trd, 4319110.593, 128
Trd, 4319110.743, 129
Trd, 4319111.793, 114
Trd, 4319112.143, 68
Trd, 4319112.393, 133
Trd, 4319113.093, 87
Trd, 4319113.593, 63
Trd, 4319114.143, 96
Trd, 4319115.193, 104
Trd, 4319115.293, 103
Trd, 4319115.993, 137
Trd, 4319117.643, 68
Trd, 4319117.993, 90
Trd, 4319119.693, 117
Trd, 4319119.743, 99
Trd, 4319120.143, 136
Trd, 4319120.743, 64
Trd, 4319121.543, 90
Trd, 4319122.643, 60
Trd, 4319123.943, 76
Trd, 4319124.443, 61
Trd, 4319124.643, 82
Trd, 4319124.693, 63
Trd, 4319125.143, 93
Trd, 4319125.343, 117
Trd, 4319126.443, 124
Trd, 4319127.943, 138
Trd, 4319128.593, 109
Trd, 4319128.943, 103
Trd, 4319129.493, 101
Trd, 4319129.793, 97
Trd, 4319130.093, 134
Trd, 4319130.993, 137
Trd, 4319131.843, 91
Trd, 4319132.743, 135
Trd, 4319133.293, 117
Trd, 4319133.593, 128
Trd, 4319133.943, 77
Trd, 4319134.393, 104
Trd, 4319134.993, 103
Trd, 4319135.493, 101
Trd, 4319135.743, 95
Trd, 4319137.343, 92
Trd, 4319137.743, 87
Trd, 4319138.443, 97
Trd, 4319139.843, 100
Trd, 4319140.843, 137
Trd, 4319141.993, 132
Trd, 4319142.393, 84
Trd, 4319143.293, 110
Trd, 4319143.893, 67
Trd, 4319144.493, 106
Trd, 4319145.043, 140
Trd, 4319145.193, 140
Trd, 4319145.693, 94
Trd, 4319147.343, 93
Trd, 4319148.643, 93
Trd, 4319148.943, 62
Trd, 4319149.343, 136
Trd, 4319149.743, 132
Trd, 4319149.943, 93
Trd, 4319150.293, 86
Trd, 4319151.443, 91
Trd, 4319151.943, 110
Trd, 4319152.043, 91
Trd, 4319153.643, 62
Trd, 4319153.993, 87
Trd, 4319154.843, 100
Trd, 4319154.943, 87
Trd, 4319155.943, 123
Trd, 4319157.093, 135
Trd, 4319157.143, 134
Trd, 4319157.393, 132
Trd, 4319158.143, 112
Trd, 4319159.143, 72
Trd, 4319159.543, 119
Trd, 4319160.893, 138
Trd, 4319161.893, 129
Trd, 4319162.593, 119
Trd, 4319162.743, 95
Trd, 4319163.443, 77
Trd, 4319164.993, 100
Trd, 4319166.143, 78
Trd, 4319166.993, 74
Trd, 4319167.293, 75
Trd, 4319167.593, 120
Trd, 4319168.793, 60
Trd, 4319169.193, 64
Trd, 4319169.743, 78
Trd, 4319170.643, 123
Trd, 4319170.993, 127
Trd, 4319171.343, 101
Trd, 4319172.693, 117
Trd, 4319173.093, 114
Trd, 4319173.943, 138
Trd, 4319174.643, 73
Trd, 4319176.093, 118
Trd, 4319176.493, 108
Trd, 4319176.543, 113
Trd, 4319176.643, 107
Trd, 4319177.293, 135
Trd, 4319177.493, 90
Trd, 4319177.693, 72
Trd, 4319180.393, 139
Trd, 4319180.443, 137
Trd, 4319180.893, 123
Trd, 4319181.143, 120
Trd, 4319183.243, 137
Trd, 4319183.743, 78
Trd, 4319184.543, 87
Trd, 4319185.193, 106
Trd, 4319185.793, 106
Trd, 4319186.093, 130
Trd, 4319186.993, 116
Trd, 4319187.243, 114
Trd, 4319188.043, 66
Trd, 4319188.693, 95
Trd, 4319189.093, 123
Trd, 4319190.893, 87
Trd, 4319190.993, 84
Trd, 4319191.893, 74
Trd, 4319192.643, 119
Trd, 4319192.843, 61
Trd, 4319193.643, 66
Trd, 4319194.093, 64
Trd, 4319194.493, 84
Trd, 4319195.343, 100
Trd, 4319196.493, 119
Trd, 4319196.593, 108
Trd, 4319196.793, 81
Trd, 4319197.543, 99
Trd, 4319198.743, 86
Trd, 4319199.193, 63
Trd, 4319200.043, 83
Trd, 4319200.343, 87
Trd, 4319201.543, 62
Trd, 4319202.443, 119
Trd, 4319202.993, 132
Trd, 4319204.493, 107
Trd, 4319205.793, 101
Trd, 4319205.893, 100
Trd, 4319206.393, 88
Trd, 4319207.243, 90
Trd, 4319207.293, 109
Trd, 4319207.693, 97
Trd, 4319207.993, 117
Trd, 4319208.243, 120
Trd, 4319210.243, 101
Trd, 4319211.693, 73
Trd, 4319212.493, 72
Trd, 4319213.443, 81
Trd, 4319214.193, 60
Trd, 4319214.293, 60
Trd, 4319216.043, 108
Trd, 4319216.443, 118
Trd, 4319216.693, 95
Trd, 4319216.893, 100
Trd, 4319217.643, 135
Trd, 4319217.943, 92
Trd, 4319218.293, 131
Trd, 4319218.993, 115
Trd, 4319219.543, 62
Trd, 4319220.043, 63
Trd, 4319220.293, 67
Trd, 4319220.443, 95
Trd, 4319221.493, 68
Trd, 4319222.943, 124
Trd, 4319223.193, 114
Trd, 4319224.293, 123
Trd, 4319224.943, 112
Trd, 4319226.143, 118
Trd, 4319226.193, 117
Trd, 4319226.643, 60
Trd, 4319226.943, 107
Trd, 4319227.493, 79
Trd, 4319228.343, 83
Trd, 4319228.693, 125
Trd, 4319229.743, 111
Trd, 4319230.443, 93
Trd, 4319230.893, 71
Trd, 4319231.443, 61
Trd, 4319231.793, 65
Trd, 4319231.843, 118
Trd, 4319232.193, 69
Trd, 4319235.143, 69
Trd, 4319235.543, 64
Trd, 4319235.593, 78
Trd, 4319235.993, 86
Trd, 4319236.043, 96
Trd, 4319236.343, 90
Trd, 4319237.443, 63
Trd, 4319238.393, 89
Trd, 4319238.943, 109
Trd, 4319238.993, 98
Trd, 4319239.293, 119
Trd, 4319240.593, 120
Trd, 4319240.843, 106
Trd, 4319241.443, 139
Trd, 4319243.043, 101
Trd, 4319243.293, 100
Trd, 4319244.293, 93
Trd, 4319244.943, 112
Trd, 4319245.243, 77
Trd, 4319245.693, 96
Trd, 4319245.943, 90
Trd, 4319245.993, 76
Trd, 4319246.393, 83
Trd, 4319247.543, 98
Trd, 4319248.243, 107
Trd, 4319248.693, 102
Trd, 4319251.143, 127
Trd, 4319251.443, 125
Trd, 4319251.893, 139
Trd, 4319252.793, 124
Trd, 4319253.193, 107
Trd, 4319253.793, 133
Trd, 4319254.343, 104
Trd, 4319254.493, 115
Trd, 4319254.643, 82
Trd, 4319256.293, 92
Trd, 4319256.393, 62
Trd, 4319256.443, 65
Trd, 4319256.743, 99
Trd, 4319258.243, 117
Trd, 4319258.343, 100
Trd, 4319258.493, 102
Trd, 4319259.143, 63
Trd, 4319260.043, 112
Trd, 4319261.243, 126
Trd, 4319261.493, 114
Trd, 4319261.693, 107
Trd, 4319262.443, 90
Trd, 4319263.393, 111
Trd, 4319264.043, 115
Trd, 4319264.093, 110
Trd, 4319264.993, 86
Trd, 4319265.943, 97
Trd, 4319266.843, 132
Trd, 4319268.443, 138
Trd, 4319268.493, 137
Trd, 4319269.643, 134
Trd, 4319269.843, 127
Trd, 4319269.943, 138
Trd, 4319270.093, 122
Trd, 4319270.443, 88
Trd, 4319272.343, 119
Trd, 4319274.993, 118
Trd, 4319275.093, 110
Trd, 4319275.443, 126
Trd, 4319276.093, 136
Trd, 4319276.243, 126
Trd, 4319277.843, 136
Trd, 4319277.893, 128
Trd, 4319278.143, 83
Trd, 4319278.593, 63
Trd, 4319279.393, 133
Trd, 4319279.643, 71
Trd, 4319280.343, 64
Trd, 4319281.293, 130
Trd, 4319281.493, 111
Trd, 4319282.043, 73
Trd, 4319282.243, 76
Trd, 4319283.843, 65
Trd, 4319284.743, 115
Trd, 4319285.243, 83
Trd, 4319285.943, 64
Trd, 4319286.893, 117
Trd, 4319287.193, 62
Trd, 4319287.243, 79
Trd, 4319287.343, 114
Trd, 4319289.443, 96
Trd, 4319289.593, 91
Trd, 4319290.293, 112
Trd, 4319291.443, 112
Trd, 4319292.293, 93
Trd, 4319293.843, 139
Trd, 4319294.143, 132
Trd, 4319295.043, 119
Trd, 4319295.193, 92
Trd, 4319295.693, 134
Trd, 4319296.093, 72
Trd, 4319297.443, 86
Trd, 4319297.893, 70
Trd, 4319298.493, 122
Trd, 4319298.593, 87
Trd, 4319299.043, 123
Trd, 4319299.793, 78
Trd, 4319300.093, 122
Trd, 4319301.293, 75
Trd, 4319301.743, 81
Trd, 4319302.193, 66
Trd, 4319302.843, 138
Trd, 4319303.693, 60
Trd, 4319304.243, 64
Trd, 4319304.693, 126
Trd, 4319304.793, 69
Trd, 4319306.293, 73
Trd, 4319306.493, 62
Trd, 4319307.543, 63
Trd, 4319307.593, 78
Trd, 4319308.443, 113
Trd, 4319309.043, 105
Trd, 4319309.743, 84
Trd, 4319310.343, 120
Trd, 4319310.693, 98
Trd, 4319311.293, 69
Trd, 4319312.743, 100
Trd, 4319312.793, 99
Trd, 4319313.743, 94
Trd, 4319314.293, 102
Trd, 4319315.043, 86
Trd, 4319315.193, 67
Trd, 4319315.843, 96
Trd, 4319316.043, 77
Trd, 4319316.543, 86
Trd, 4319318.893, 119
Trd, 4319318.993, 99
Trd, 4319319.043, 85
Trd, 4319320.043, 64
Trd, 4319320.843, 68
Trd, 4319321.743, 74
Trd, 4319323.093, 107
Trd, 4319323.293, 90
Trd, 4319323.393, 140
Trd, 4319324.143, 110
Trd, 4319324.743, 114
Trd, 4319325.593, 135
Trd, 4319326.043, 99
Trd, 4319326.393, 66
Trd, 4319326.793, 60
Trd, 4319327.243, 62
Trd, 4319327.693, 77
Trd, 4319329.193, 131
Trd, 4319329.943, 63
Trd, 4319330.393, 109
Trd, 4319330.943, 101
Trd, 4319331.243, 124
Trd, 4319331.943, 65
Trd, 4319332.693, 103
Trd, 4319334.593, 118
Trd, 4319335.193, 85
Trd, 4319335.493, 79
Trd, 4319335.693, 69
Trd, 4319336.243, 132
Trd, 4319336.943, 104
Trd, 4319337.593, 116
Trd, 4319337.943, 86
Trd, 4319338.393, 136
Trd, 4319339.443, 61
Trd, 4319340.093, 62
Trd, 4319341.093, 108
Trd, 4319342.093, 94
Trd, 4319342.393, 68
Trd, 4319343.193, 85
Trd, 4319343.443, 83
Trd, 4319343.793, 135
Trd, 4319344.143, 139
Trd, 4319344.243, 132
Trd, 4319345.743, 98
Trd, 4319346.893, 117
Trd, 4319347.893, 125
Trd, 4319348.143, 93
Trd, 4319348.693, 107
Trd, 4319349.193, 125
Trd, 4319349.543, 116
Trd, 4319350.893, 139
Trd, 4319350.993, 92
Trd, 4319352.393, 129
Trd, 4319352.643, 101
Trd, 4319353.043, 99
Trd, 4319353.393, 98
Trd, 4319354.293, 121
Trd, 4319354.743, 79
Trd, 4319355.043, 125
Trd, 4319356.593, 129
Trd, 4319356.743, 102
Trd, 4319357.493, 66
Trd, 4319359.193, 80
Trd, 4319359.993, 77
Trd, 4319360.643, 69
Trd, 4319361.343, 62
Trd, 4319361.843, 64
Trd, 4319361.893, 79
Trd, 4319362.093, 66
Trd, 4319362.793, 116
Trd, 4319364.043, 60
Trd, 4319364.243, 60
Trd, 4319364.293, 69
Trd, 4319365.343, 65
Trd, 4319365.743, 66
Trd, 4319366.743, 64
Trd, 4319367.893, 133
Trd, 4319368.643, 76
Trd, 4319369.043, 62
Trd, 4319369.643, 114
Trd, 4319370.843, 133
Trd, 4319370.943, 131
Trd, 4319371.193, 120
Trd, 4319372.843, 119
Trd, 4319373.343, 138
Trd, 4319373.543, 117
Trd, 4319373.593, 105
Trd, 4319374.193, 90
Trd, 4319375.643, 74
Trd, 4319376.293, 70
Trd, 4319376.543, 65
Trd, 4319377.593, 60
Trd, 4319377.843, 73
Trd, 4319379.143, 101
Trd, 4319379.443, 68
Trd, 4319379.743, 68
Trd, 4319380.393, 83
Trd, 4319381.193, 73
Trd, 4319381.543, 62
Trd, 4319382.043, 68
Trd, 4319383.243, 94
Trd, 4319383.643, 71
Trd, 4319384.243, 106
Trd, 4319384.643, 77
Trd, 4319386.043, 99
Trd, 4319386.643, 84
Trd, 4319386.893, 70
Trd, 4319387.393, 126
Trd, 4319387.593, 93
Trd, 4319388.143, 135
Trd, 4319389.593, 137
Trd, 4319390.293, 90
Trd, 4319391.443, 85
Trd, 4319391.843, 82
Trd, 4319391.943, 109
Trd, 4319392.343, 63
Trd, 4319392.993, 133
Trd, 4319393.643, 84
Trd, 4319394.843, 77
Trd, 4319395.093, 74
Trd, 4319395.843, 92
Trd, 4319397.143, 95
Trd, 4319397.693, 60
Trd, 4319397.893, 80
Trd, 4319398.493, 108
Trd, 4319399.243, 139
Trd, 4319399.443, 108
Trd, 4319399.543, 80
Trd, 4319399.993, 135
Trd, 4319400.893, 124
Trd, 4319400.943, 79
Trd, 4319402.243, 67
Trd, 4319402.793, 75
Trd, 4319403.843, 70
Trd, 4319404.193, 84
Trd, 4319405.593, 87
Trd, 4319406.193, 140
Trd, 4319406.493, 140
Trd, 4319406.943, 140
Trd, 4319407.643, 140
Trd, 4319408.343, 135
Trd, 4319408.593, 131
Trd, 4319409.643, 133
Trd, 4319410.893, 132
Trd, 4319412.143, 137
Trd, 4319412.493, 106
Trd, 4319413.593, 87
Trd, 4319414.093, 121
Trd, 4319414.393, 117
Trd, 4319415.593, 61
Trd, 4319416.043, 71
Trd, 4319416.793, 81
Trd, 4319417.493, 97
Trd, 4319417.993, 110
Trd, 4319419.143, 93
Trd, 4319419.293, 131
Trd, 4319420.343, 128
Trd, 4319420.743, 99
Trd, 4319421.793, 112
Trd, 4319422.043, 109
Trd, 4319422.593, 82
Trd, 4319423.643, 82
Trd, 4319424.343, 80
Trd, 4319425.093, 129
Trd, 4319425.693, 137
Trd, 4319425.743, 136
Trd, 4319426.443, 124
Trd, 4319427.343, 136
Trd, 4319427.843, 111
Trd, 4319428.693, 140
Trd, 4319429.643, 139
Trd, 4319429.743, 119
Trd, 4319430.193, 103
Trd, 4319430.293, 101
Trd, 4319431.193, 111
Trd, 4319432.343, 76
Trd, 4319432.843, 78
Trd, 4319433.743, 74
Trd, 4319434.693, 136
Trd, 4319434.893, 91
Trd, 4319435.093, 103
Trd, 4319435.593, 90
Trd, 4319436.093, 72
Trd, 4319436.743, 69
Trd, 4319437.143, 77
Trd, 4319438.643, 132
Trd, 4319438.793, 77
Trd, 4319438.943, 110
Trd, 4319439.443, 77
Trd, 4319439.993, 70
Trd, 4319440.193, 79
Trd, 4319441.593, 122
Trd, 4319442.443, 113
Trd, 4319442.993, 87
Trd, 4319444.193, 136
Trd, 4319444.243, 106
Trd, 4319445.193, 104
Trd, 4319445.243, 91
Trd, 4319445.443, 89
Trd, 4319446.393, 88
Trd, 4319446.743, 136
Trd, 4319447.043, 78
Trd, 4319448.043, 74
Trd, 4319448.893, 84
Trd, 4319449.243, 72
Trd, 4319449.543, 62
Trd, 4319449.793, 91
Trd, 4319450.193, 84
Trd, 4319450.693, 135
Trd, 4319451.143, 107
Trd, 4319451.743, 137
Trd, 4319452.193, 131
Trd, 4319453.243, 100
Trd, 4319454.193, 120
Trd, 4319455.443, 120
Trd, 4319456.343, 98
Trd, 4319457.243, 104
Trd, 4319457.393, 89
Trd, 4319458.293, 139
Trd, 4319459.343, 114
Trd, 4319459.493, 98
Trd, 4319459.893, 124
Trd, 4319460.293, 135
Trd, 4319460.643, 90
Trd, 4319460.843, 74
Trd, 4319462.193, 60
Trd, 4319462.593, 80
Trd, 4319463.343, 105
Trd, 4319463.693, 112
Trd, 4319463.893, 121
Trd, 4319464.493, 86
Trd, 4319465.843, 129
Trd, 4319465.943, 112
Trd, 4319468.493, 78
Trd, 4319468.593, 69
Trd, 4319469.143, 66
Trd, 4319469.293, 97
Trd, 4319470.343, 131
Trd, 4319470.393, 126
Trd, 4319471.393, 60
Trd, 4319472.343, 106
Trd, 4319473.093, 86
Trd, 4319474.393, 75
Trd, 4319474.893, 120
Trd, 4319474.993, 105
Trd, 4319476.243, 110
Trd, 4319476.843, 101
Trd, 4319477.293, 103
Trd, 4319478.193, 102
Trd, 4319478.393, 108
Trd, 4319478.493, 98
Trd, 4319479.643, 138
Trd, 4319479.843, 105
Trd, 4319480.343, 104
Trd, 4319480.543, 97
Trd, 4319480.893, 65
Trd, 4319482.393, 69
Trd, 4319483.193, 79
Trd, 4319483.343, 93
Trd, 4319483.943, 78
Trd, 4319484.993, 139
Trd, 4319485.193, 136
Trd, 4319486.393, 123
Trd, 4319486.593, 76
Trd, 4319486.743, 75
Trd, 4319487.343, 71
Trd, 4319488.393, 81
Trd, 4319488.593, 76
Trd, 4319489.493, 64
Trd, 4319489.993, 61
Trd, 4319491.443, 113
Trd, 4319491.893, 117
Trd, 4319493.443, 114
Trd, 4319493.543, 112
Trd, 4319494.093, 120
Trd, 4319494.543, 117
Trd, 4319494.893, 111
Trd, 4319495.243, 71
Trd, 4319495.893, 111
Trd, 4319496.243, 122
Trd, 4319496.843, 91
Trd, 4319497.893, 87
Trd, 4319498.693, 69
Trd, 4319499.143, 133
Trd, 4319499.793, 140
Trd, 4319500.943, 140
Trd, 4319501.943, 128
Trd, 4319502.143, 125
Trd, 4319503.393, 126
Trd, 4319503.993, 119
Trd, 4319504.043, 104
Trd, 4319504.493, 115
Trd, 4319505.393, 135
Trd, 4319505.793, 139
Trd, 4319506.143, 110
Trd, 4319506.843, 66
Trd, 4319508.043, 65
Trd, 4319508.343, 114
Trd, 4319509.043, 104
Trd, 4319509.393, 86
Trd, 4319509.843, 115
Trd, 4319510.493, 100
Trd, 4319511.193, 120
Trd, 4319511.543, 130
Trd, 4319511.893, 89
Trd, 4319513.493, 65
Trd, 4319514.843, 112
Trd, 4319515.343, 135
Trd, 4319515.743, 135
Trd, 4319515.793, 133
Trd, 4319516.643, 70
Trd, 4319516.743, 71
Trd, 4319517.543, 90
Trd, 4319519.493, 138
Trd, 4319519.543, 116
Trd, 4319519.593, 115
Trd, 4319520.393, 139
Trd, 4319520.443, 110
Trd, 4319520.793, 103
Trd, 4319521.493, 99
Trd, 4319521.993, 65
Trd, 4319522.843, 62
Trd, 4319523.443, 70
Trd, 4319523.743, 74
Trd, 4319525.243, 86
Trd, 4319525.393, 124
Trd, 4319525.893, 131
Trd, 4319526.793, 93
Trd, 4319527.193, 70
Trd, 4319527.593, 71
Trd, 4319527.943, 89
Trd, 4319528.743, 96
Trd, 4319528.893, 87
Trd, 4319529.843, 128
Trd, 4319530.643, 78
Trd, 4319532.243, 139
Trd, 4319532.893, 133
Trd, 4319533.093, 99
Trd, 4319533.243, 73
Trd, 4319534.843, 105
Trd, 4319534.943, 104
Trd, 4319535.193, 70
Trd, 4319535.293, 68
Trd, 4319535.743, 116
Trd, 4319536.093, 65
Trd, 4319538.693, 133
Trd, 4319538.743, 132
Trd, 4319538.843, 139
Trd, 4319539.293, 67
Trd, 4319540.293, 114
Trd, 4319540.643, 91
Trd, 4319540.993, 133
Trd, 4319542.093, 84
Trd, 4319542.643, 61
Trd, 4319543.043, 79
Trd, 4319544.043, 119
Trd, 4319544.943, 114
Trd, 4319545.043, 98
Trd, 4319545.743, 133
Trd, 4319546.193, 132
Trd, 4319546.993, 112
Trd, 4319547.393, 94
Trd, 4319548.593, 132
Trd, 4319548.643, 117
Trd, 4319549.193, 95
Trd, 4319549.593, 118
Trd, 4319551.443, 138
Trd, 4319551.743, 133
Trd, 4319551.793, 121
Trd, 4319552.743, 93
Trd, 4319552.943, 94
Trd, 4319554.093, 136
Trd, 4319555.743, 140
Trd, 4319555.843, 126
Trd, 4319556.343, 97
Trd, 4319556.543, 111
Trd, 4319556.843, 82
Trd, 4319558.443, 118
Trd, 4319558.543, 114
Trd, 4319558.893, 125
Trd, 4319559.193, 113
Trd, 4319559.843, 105
Trd, 4319560.193, 87
Trd, 4319560.843, 124
Trd, 4319560.993, 111
Trd, 4319561.843, 123
Trd, 4319562.293, 139
Trd, 4319562.543, 91
Trd, 4319563.343, 76
Trd, 4319563.793, 93
Trd, 4319563.993, 62
Trd, 4319564.843, 112
Trd, 4319565.243, 91
Trd, 4319565.543, 84
Trd, 4319566.593, 69
Trd, 4319567.843, 125
Trd, 4319568.693, 89
Trd, 4319569.493, 120
Trd, 4319569.693, 83
Trd, 4319570.493, 80
Trd, 4319570.593, 70
Trd, 4319571.593, 105
Trd, 4319572.193, 102
Trd, 4319572.543, 106
Trd, 4319573.643, 108
Trd, 4319573.693, 101
Trd, 4319574.143, 140
Trd, 4319574.593, 62
Trd, 4319575.843, 60
Trd, 4319576.093, 62
Trd, 4319577.043, 90
Trd, 4319578.043, 79
Trd, 4319579.143, 114
Trd, 4319579.193, 71
Trd, 4319580.093, 139
Trd, 4319580.693, 86
Trd, 4319581.243, 140
Trd, 4319582.743, 134
Trd, 4319583.043, 113
Trd, 4319584.243, 82
Trd, 4319585.043, 130
Trd, 4319585.343, 96
Trd, 4319586.243, 138
Trd, 4319586.643, 137
Trd, 4319588.043, 111
Trd, 4319588.193, 92
Trd, 4319588.843, 123
Trd, 4319589.843, 119
Trd, 4319590.243, 107
Trd, 4319591.643, 114
Trd, 4319591.943, 113
Trd, 4319592.593, 91
Trd, 4319593.193, 87
Trd, 4319593.543, 78
Trd, 4319595.343, 60
Trd, 4319595.893, 61
Trd, 4319597.243, 66
Trd, 4319597.843, 80
Trd, 4319597.993, 120
Trd, 4319599.643, 66
Trd, 4319600.343, 87
Trd, 4319600.693, 63
Trd, 4319600.893, 93
Trd, 4319601.843, 97
Trd, 4319602.193, 96
Trd, 4319603.043, 62
Trd, 4319603.893, 136
Trd, 4319603.943, 91
Trd, 4319604.543, 77
Trd, 4319605.443, 71
Trd, 4319606.043, 78
Trd, 4319606.543, 73
Trd, 4319606.843, 82
Trd, 4319607.193, 93
Trd, 4319608.043, 107
Trd, 4319609.343, 60
Trd, 4319610.793, 64
Trd, 4319611.593, 73
Trd, 4319611.893, 79
Trd, 4319612.593, 125
Trd, 4319612.943, 76
Trd, 4319612.993, 80
Trd, 4319613.793, 133
Trd, 4319614.493, 104
Trd, 4319614.843, 110
Trd, 4319615.093, 122
Trd, 4319615.543, 70
Trd, 4319617.093, 124
Trd, 4319618.543, 107
Trd, 4319619.043, 93
Trd, 4319619.493, 91
Trd, 4319619.893, 64
Trd, 4319620.043, 103
Trd, 4319620.993, 114
Trd, 4319621.543, 95
Trd, 4319623.143, 77
Trd, 4319623.843, 127
Trd, 4319624.293, 120
Trd, 4319624.893, 109
Trd, 4319626.743, 61
Trd, 4319626.893, 64
Trd, 4319626.993, 60
Trd, 4319627.393, 73
Trd, 4319628.093, 88
Trd, 4319628.643, 114
Trd, 4319629.243, 86
Trd, 4319630.443, 138
Trd, 4319631.843, 115
Trd, 4319632.893, 111
Trd, 4319633.393, 92
Trd, 4319633.743, 123
Trd, 4319634.643, 130
Trd, 4319635.843, 105
Trd, 4319635.993, 104
Trd, 4319636.443, 105
Trd, 4319636.743, 113
Trd, 4319637.743, 116
Trd, 4319637.943, 110
Trd, 4319638.493, 93
Trd, 4319639.193, 119
Trd, 4319639.893, 136
Trd, 4319640.393, 62
Trd, 4319641.343, 90
Trd, 4319641.643, 60
Trd, 4319641.893, 133
Trd, 4319642.343, 136
Trd, 4319643.943, 62
Trd, 4319644.143, 60
Trd, 4319644.343, 83
Trd, 4319646.193, 133
Trd, 4319647.943, 61
Trd, 4319648.493, 65
Trd, 4319648.843, 76
Trd, 4319649.443, 84
Trd, 4319650.943, 140
Trd, 4319652.243, 106
Trd, 4319652.293, 104
Trd, 4319652.443, 114
Trd, 4319653.243, 111
Trd, 4319653.443, 130
Trd, 4319653.693, 100
Trd, 4319654.343, 99
Trd, 4319654.393, 73
Trd, 4319654.843, 63
Trd, 4319655.693, 73
Trd, 4319656.043, 122
Trd, 4319657.643, 73
Trd, 4319658.343, 71
Trd, 4319658.743, 80
Trd, 4319659.743, 135
Trd, 4319659.943, 106
Trd, 4319660.493, 91
Trd, 4319661.393, 135
Trd, 4319662.293, 83
Trd, 4319662.693, 130
Trd, 4319663.293, 97
Trd, 4319663.843, 99
Trd, 4319664.993, 115
Trd, 4319665.593, 92
Trd, 4319666.793, 114
Trd, 4319667.093, 120
Trd, 4319667.593, 76
Trd, 4319668.743, 133
Trd, 4319668.843, 85
Trd, 4319669.093, 138
Trd, 4319669.793, 60
Trd, 4319671.793, 139
Trd, 4319672.493, 120
Trd, 4319673.043, 100
Trd, 4319673.243, 104
Trd, 4319673.743, 95
Trd, 4319674.343, 60
Trd, 4319675.293, 86
Trd, 4319675.343, 78
Trd, 4319675.743, 101
Trd, 4319677.243, 60
Trd, 4319677.793, 125
Trd, 4319677.893, 129
Trd, 4319679.493, 140
Trd, 4319679.643, 138
Trd, 4319679.693, 129
Trd, 4319680.643, 110
Trd, 4319680.893, 70
Trd, 4319681.293, 68
Trd, 4319682.343, 98
Trd, 4319683.343, 65
Trd, 4319683.543, 87
Trd, 4319685.243, 71
Trd, 4319686.593, 75
Trd, 4319686.893, 71
Trd, 4319686.993, 63
Trd, 4319687.343, 60
Trd, 4319688.893, 119
Trd, 4319688.993, 89
Trd, 4319689.443, 84
Trd, 4319690.343, 125
Trd, 4319691.543, 140
Trd, 4319692.543, 69
Trd, 4319693.593, 122
Trd, 4319693.693, 121
Trd, 4319694.943, 113
Trd, 4319695.393, 122
Trd, 4319695.593, 97
Trd, 4319695.843, 92
Trd, 4319696.643, 84
Trd, 4319697.143, 129
Trd, 4319697.493, 137
Trd, 4319698.643, 135
Trd, 4319699.693, 98
Trd, 4319700.043, 87
Trd, 4319700.243, 134
Trd, 4319701.043, 139
Trd, 4319702.093, 130
Trd, 4319702.293, 110
Trd, 4319702.493, 101
Trd, 4319703.543, 132
Trd, 4319704.743, 75
Trd, 4319705.293, 128
Trd, 4319705.543, 121
Trd, 4319706.743, 71
Trd, 4319706.793, 72
Trd, 4319708.093, 90
Trd, 4319708.193, 93
Trd, 4319708.543, 114
Trd, 4319709.093, 74
Trd, 4319710.143, 72
Trd, 4319710.193, 76
Trd, 4319711.243, 113
Trd, 4319711.643, 132
Trd, 4319713.093, 60
Trd, 4319713.593, 63
Trd, 4319714.343, 85
Trd, 4319715.243, 63
Trd, 4319716.143, 82
Trd, 4319716.443, 62
Trd, 4319716.643, 101
Trd, 4319719.143, 140
Trd, 4319719.393, 128
Trd, 4319719.543, 80
Trd, 4319720.093, 100
Trd, 4319720.843, 121
Trd, 4319722.243, 136
Trd, 4319723.443, 134
Trd, 4319723.743, 133
Trd, 4319724.743, 120
Trd, 4319724.993, 133
Trd, 4319725.493, 98
Trd, 4319726.343, 105
Trd, 4319727.293, 96
Trd, 4319728.693, 134
Trd, 4319728.893, 135
Trd, 4319728.993, 134
Trd, 4319729.343, 97
Trd, 4319729.993, 77
Trd, 4319731.343, 82
Trd, 4319733.343, 134
Trd, 4319733.543, 130
Trd, 4319734.093, 137
Trd, 4319734.343, 126
Trd, 4319736.243, 77
Trd, 4319736.843, 123
Trd, 4319737.343, 118
Trd, 4319737.443, 113
Trd, 4319738.693, 111
Trd, 4319739.843, 109
Trd, 4319740.143, 120
Trd, 4319740.793, 135
Trd, 4319741.593, 127
Trd, 4319742.043, 80
Trd, 4319742.393, 116
Trd, 4319743.993, 99
Trd, 4319744.443, 103
Trd, 4319744.643, 131
Trd, 4319744.993, 98
Trd, 4319745.993, 101
Trd, 4319746.293, 123
Trd, 4319746.543, 73
Trd, 4319747.093, 121
Trd, 4319747.593, 109
Trd, 4319748.243, 68
Trd, 4319748.893, 63
Trd, 4319750.243, 98
Trd, 4319750.893, 110
Trd, 4319751.843, 100
Trd, 4319753.493, 111
Trd, 4319753.543, 110
Trd, 4319754.543, 70
Trd, 4319754.843, 75
Trd, 4319755.293, 94
Trd, 4319755.693, 63
Trd, 4319756.893, 66
Trd, 4319758.243, 62
Trd, 4319760.293, 139
Trd, 4319760.693, 105
Trd, 4319760.993, 116
Trd, 4319761.443, 122
Trd, 4319761.693, 107
Trd, 4319761.943, 104
Trd, 4319762.293, 116
Trd, 4319762.893, 129
Trd, 4319763.493, 87
Trd, 4319763.743, 80
Trd, 4319764.343, 67
Trd, 4319764.943, 79
Trd, 4319765.043, 87
Trd, 4319766.193, 134
Trd, 4319767.293, 140
Trd, 4319768.593, 120
Trd, 4319769.693, 123
Trd, 4319770.093, 86
Trd, 4319770.143, 88
Trd, 4319770.643, 134
Trd, 4319771.243, 135
Trd, 4319772.193, 135
Trd, 4319773.743, 138
Trd, 4319773.843, 136
Trd, 4319774.393, 114
Trd, 4319775.643, 93
Trd, 4319775.893, 116
Trd, 4319776.343, 116
Trd, 4319776.793, 81
Trd, 4319777.343, 121
Trd, 4319778.043, 120
Trd, 4319778.143, 100
Trd, 4319779.193, 114
Trd, 4319780.093, 81
Trd, 4319780.143, 73
Trd, 4319781.093, 70
Trd, 4319781.643, 64
Trd, 4319781.843, 81
Trd, 4319782.293, 65
Trd, 4319782.593, 134
Trd, 4319782.743, 133
Trd, 4319783.693, 63
Trd, 4319783.893, 111
Trd, 4319784.843, 70
Trd, 4319785.493, 65
Trd, 4319785.643, 79
Trd, 4319785.693, 119
Trd, 4319785.893, 108
Trd, 4319786.893, 79
Trd, 4319788.693, 64
Trd, 4319788.943, 60
Trd, 4319790.443, 91
Trd, 4319790.493, 90
Trd, 4319791.793, 70
Trd, 4319791.893, 71
Trd, 4319792.193, 78
Trd, 4319792.643, 70
Trd, 4319794.043, 62
Trd, 4319795.343, 118
Trd, 4319796.043, 117
Trd, 4319796.093, 86
Trd, 4319796.493, 80
Trd, 4319796.793, 111
Trd, 4319796.843, 72
Trd, 4319797.443, 104
Trd, 4319798.143, 75
Trd, 4319799.043, 117
Trd, 4319799.543, 78
Trd, 4319799.993, 68
Trd, 4319800.043, 85
Trd, 4319801.143, 87
Trd, 4319801.693, 86
Trd, 4319802.393, 115
Trd, 4319802.643, 110
Trd, 4319804.043, 65
Trd, 4319805.243, 106
Trd, 4319806.243, 137
Trd, 4319807.043, 135
Trd, 4319807.193, 114
Trd, 4319807.293, 113
Trd, 4319807.493, 84
Trd, 4319807.993, 89
Trd, 4319808.243, 91
Trd, 4319808.643, 126
Trd, 4319809.993, 135
Trd, 4319810.493, 130
Trd, 4319810.743, 118
Trd, 4319811.093, 92
Trd, 4319812.293, 110
Trd, 4319813.343, 115
Trd, 4319813.443, 77
Trd, 4319815.243, 126
Trd, 4319815.443, 130
Trd, 4319815.993, 105
Trd, 4319816.343, 138
Trd, 4319816.943, 106
Trd, 4319818.243, 132
Trd, 4319818.793, 130
Trd, 4319818.943, 129
Trd, 4319819.243, 75
Trd, 4319820.193, 114
Trd, 4319821.293, 62
Trd, 4319821.943, 120
Trd, 4319822.343, 114
Trd, 4319822.693, 107
Trd, 4319823.443, 95
Trd, 4319823.693, 106
Trd, 4319824.043, 95
Trd, 4319824.343, 91
Trd, 4319825.443, 60
Trd, 4319825.543, 68
Trd, 4319825.743, 62
Trd, 4319826.443, 91
Trd, 4319827.793, 69
Trd, 4319828.243, 87
Trd, 4319828.443, 60
Trd, 4319830.143, 60
Trd, 4319830.793, 74
Trd, 4319832.143, 65
Trd, 4319834.143, 132
Trd, 4319834.443, 119
Trd, 4319835.543, 114
Trd, 4319836.093, 113
Trd, 4319836.193, 113
Trd, 4319836.443, 83
Trd, 4319837.093, 77
Trd, 4319837.243, 78
Trd, 4319838.193, 66
Trd, 4319838.293, 67
Trd, 4319839.043, 86
Trd, 4319839.893, 85
Trd, 4319840.193, 83
Trd, 4319840.243, 97
Trd, 4319840.593, 75
Trd, 4319841.843, 80
Trd, 4319842.543, 103
Trd, 4319842.993, 61
Trd, 4319843.143, 62
Trd, 4319844.243, 117
Trd, 4319844.943, 100
Trd, 4319845.493, 76
Trd, 4319845.893, 135
Trd, 4319847.893, 131
Trd, 4319848.293, 130
Trd, 4319848.793, 77
Trd, 4319849.293, 85
Trd, 4319849.793, 130
Trd, 4319850.443, 91
Trd, 4319851.593, 130
Trd, 4319851.793, 129
Trd, 4319852.793, 101
Trd, 4319854.193, 66
Trd, 4319854.593, 63
Trd, 4319854.743, 101
Trd, 4319855.493, 136
Trd, 4319857.343, 140
Trd, 4319857.743, 135
Trd, 4319858.793, 111
Trd, 4319858.893, 94
Trd, 4319860.293, 123
Trd, 4319860.393, 105
Trd, 4319861.793, 113
Trd, 4319862.443, 139
Trd, 4319862.693, 120
Trd, 4319863.343, 101
Trd, 4319864.043, 135
Trd, 4319864.493, 138
Trd, 4319865.743, 128
Trd, 4319866.943, 114
Trd, 4319868.343, 95
Trd, 4319869.493, 128
Trd, 4319869.793, 118
Trd, 4319869.843, 107
Trd, 4319870.143, 140
Trd, 4319870.843, 137
Trd, 4319871.343, 135
Trd, 4319872.043, 86
Trd, 4319872.443, 84
Trd, 4319873.293, 133
Trd, 4319874.343, 67
Trd, 4319875.393, 61
Trd, 4319876.493, 120
Trd, 4319876.993, 87
Trd, 4319877.543, 90
Trd, 4319878.093, 86
Trd, 4319878.493, 116
Trd, 4319878.643, 91
Trd, 4319880.093, 134
Trd, 4319880.243, 114
Trd, 4319881.443, 79
Trd, 4319881.993, 69
Trd, 4319882.643, 96
Trd, 4319883.493, 136
Trd, 4319883.793, 139
Trd, 4319883.893, 134
Trd, 4319884.443, 118
Trd, 4319886.343, 96
Trd, 4319887.393, 138
Trd, 4319887.793, 137
Trd, 4319887.943, 108
Trd, 4319888.643, 120
Trd, 4319890.143, 94
Trd, 4319890.693, 94
Trd, 4319890.843, 102
Trd, 4319890.993, 113
Trd, 4319891.793, 118
Trd, 4319891.843, 90
Trd, 4319892.643, 60
Trd, 4319893.493, 70
Trd, 4319894.393, 69
Trd, 4319894.943, 123
Trd, 4319895.743, 72
Trd, 4319896.593, 63
Trd, 4319897.043, 115
Trd, 4319897.343, 136
Trd, 4319897.493, 66
Trd, 4319898.793, 80
Trd, 4319899.093, 67
Trd, 4319899.943, 109
Trd, 4319900.043, 99
Trd, 4319900.893, 113
Trd, 4319901.443, 140
Trd, 4319902.543, 139
Trd, 4319903.393, 114
Trd, 4319904.543, 70
Trd, 4319905.593, 70
Trd, 4319905.943, 133
Trd, 4319906.243, 68
Trd, 4319906.493, 61
Trd, 4319906.843, 80
Trd, 4319907.143, 93
Trd, 4319908.643, 103
Trd, 4319908.993, 77
Trd, 4319910.593, 80
Trd, 4319910.843, 78
Trd, 4319911.193, 132
Trd, 4319912.593, 95
Trd, 4319912.693, 69
Trd, 4319912.793, 111
Trd, 4319913.493, 61
Trd, 4319914.043, 65
Trd, 4319914.893, 115
Trd, 4319915.843, 99
Trd, 4319916.293, 106
Trd, 4319916.693, 86
Trd, 4319917.293, 137
Trd, 4319917.543, 93
Trd, 4319918.443, 126
Trd, 4319918.893, 69
Trd, 4319919.293, 80
Trd, 4319920.393, 119
Trd, 4319921.043, 85
Trd, 4319921.343, 77
Trd, 4319921.793, 85
Trd, 4319922.543, 116
Trd, 4319922.793, 102
Trd, 4319923.943, 66
Trd, 4319924.643, 62
Trd, 4319925.043, 60
Trd, 4319926.593, 65
Trd, 4319926.993, 62
Trd, 4319927.193, 93
Trd, 4319927.843, 115
Trd, 4319928.693, 95
Trd, 4319930.493, 83
Trd, 4319930.543, 79
Trd, 4319930.993, 87
Trd, 4319931.393, 64
Trd, 4319933.493, 88
Trd, 4319933.943, 127
Trd, 4319933.993, 137
Trd, 4319934.143, 100
Trd, 4319934.893, 118
Trd, 4319935.393, 101
Trd, 4319936.193, 99
Trd, 4319936.943, 60
Trd, 4319937.943, 61
Trd, 4319938.093, 69
Trd, 4319939.493, 136
Trd, 4319940.343, 122
Trd, 4319940.543, 121
Trd, 4319940.893, 102
Trd, 4319941.143, 74
Trd, 4319941.993, 118
Trd, 4319942.543, 119
Trd, 4319942.643, 112
Trd, 4319942.693, 70
Trd, 4319944.543, 97
Trd, 4319944.593, 96
Trd, 4319945.293, 118
Trd, 4319945.943, 116
Trd, 4319946.443, 105
Trd, 4319947.543, 102
Trd, 4319948.893, 103
Trd, 4319949.493, 118
Trd, 4319949.593, 111
Trd, 4319949.893, 97
Trd, 4319950.193, 80
Trd, 4319951.293, 138
Trd, 4319952.743, 124
Trd, 4319953.643, 122
Trd, 4319953.843, 125
Trd, 4319954.743, 100
Trd, 4319955.193, 114
Trd, 4319955.443, 109
Trd, 4319955.693, 93
Trd, 4319956.093, 68
Trd, 4319956.193, 121
Trd, 4319956.793, 65
Trd, 4319957.793, 91
Trd, 4319958.093, 127
Trd, 4319959.093, 118
Trd, 4319959.893, 79
Trd, 4319960.043, 81
Trd, 4319960.443, 96
Trd, 4319961.793, 140
Trd, 4319963.493, 125
Trd, 4319963.743, 96
Trd, 4319963.993, 72
Trd, 4319964.593, 70
Trd, 4319966.543, 68
Trd, 4319966.793, 138
Trd, 4319967.143, 67
Trd, 4319967.993, 140
Trd, 4319968.343, 121
Trd, 4319968.843, 130
Trd, 4319970.043, 95
Trd, 4319970.293, 120
Trd, 4319971.843, 111
Trd, 4319971.943, 102
Trd, 4319972.543, 101
Trd, 4319972.643, 105
Trd, 4319973.343, 60
Trd, 4319973.693, 124
Trd, 4319974.143, 88
Trd, 4319975.293, 125
Trd, 4319975.543, 94
Trd, 4319975.593, 85
Trd, 4319977.143, 107
Trd, 4319977.243, 127
Trd, 4319977.443, 100
Trd, 4319978.193, 74
Trd, 4319978.343, 99
Trd, 4319980.843, 130
Trd, 4319981.293, 121
Trd, 4319981.493, 105
Trd, 4319981.943, 100
Trd, 4319982.993, 117
Trd, 4319983.693, 109
Trd, 4319985.043, 95
Trd, 4319985.293, 111
Trd, 4319985.443, 95
Trd, 4319986.293, 124
Trd, 4319986.893, 127
Trd, 4319987.243, 91
Trd, 4319987.843, 81
Trd, 4319988.493, 78
Trd, 4319989.143, 96
Trd, 4319989.193, 79
Trd, 4319990.943, 64
Trd, 4319991.543, 62
Trd, 4319991.893, 81
Trd, 4319992.493, 62
Trd, 4319992.893, 61
Trd, 4319993.693, 128
Trd, 4319994.143, 64
Trd, 4319995.543, 63
Trd, 4319995.943, 61
Trd, 4319996.493, 79
Trd, 4319997.843, 64
Trd, 4319998.943, 65
Trd, 4319999.543, 91
Trd, 4319999.843, 91
