Trd, 4318030.243, 136
Trd, 4318030.593, 132
Trd, 4318031.193, 114
Trd, 4318032.243, 104
Trd, 4318032.743, 104
Trd, 4318033.293, 103
Trd, 4318035.693, 138
Trd, 4318037.343, 140
Trd, 4318038.593, 135
Trd, 4318039.543, 114
Trd, 4318039.743, 137
Trd, 4318039.893, 114
Trd, 4318040.393, 114
Trd, 4318040.593, 104
Trd, 4318041.243, 115
Trd, 4318043.643, 126
Trd, 4318044.743, 134
Trd, 4318045.743, 124
Trd, 4318046.543, 131
Trd, 4318047.643, 126
Trd, 4318048.143, 130
Trd, 4318049.193, 125
Trd, 4318049.593, 95
Trd, 4318052.543, 134
Trd, 4318052.743, 129
Trd, 4318053.343, 128
Trd, 4318053.393, 127
Trd, 4318053.643, 127
Trd, 4318053.843, 129
Trd, 4318054.393, 98
Trd, 4318054.643, 84
Trd, 4318055.693, 133
Trd, 4318057.493, 135
Trd, 4318057.843, 137
Trd, 4318058.243, 135
Trd, 4318059.743, 124
Trd, 4318059.793, 123
Trd, 4318062.543, 139
Trd, 4318063.493, 138
Trd, 4318064.643, 132
Trd, 4318065.943, 139
Trd, 4318066.793, 136
Trd, 4318066.943, 135
Trd, 4318067.393, 97
Trd, 4318068.593, 131
Trd, 4318069.743, 128
Trd, 4318069.793, 109
Trd, 4318071.993, 112
Trd, 4318072.543, 126
Trd, 4318073.093, 138
Trd, 4318073.743, 138
Trd, 4318073.943, 139
Trd, 4318075.593, 127
Trd, 4318076.143, 92
Trd, 4318076.943, 82
Trd, 4318077.593, 89
Trd, 4318078.343, 89
Trd, 4318078.693, 78
Trd, 4318079.693, 102
Trd, 4318080.143, 97
Trd, 4318080.843, 79
Trd, 4318081.843, 116
Trd, 4318084.693, 140
Trd, 4318084.893, 140
Trd, 4318085.193, 140
Trd, 4318085.643, 140
Trd, 4318088.093, 113
Trd, 4318088.343, 126
Trd, 4318088.543, 132
Trd, 4318088.843, 135
Trd, 4318089.643, 135
Trd, 4318090.543, 119
Trd, 4318091.693, 112
Trd, 4318092.643, 140
Trd, 4318093.593, 140
Trd, 4318094.343, 115
Trd, 4318094.893, 96
Trd, 4318095.693, 107
Trd, 4318097.293, 83
Trd, 4318097.993, 83
Trd, 4318098.243, 84
Trd, 4318098.893, 86
Trd, 4318099.393, 116
Trd, 4318100.743, 140
Trd, 4318101.293, 63
Trd, 4318102.843, 83
Trd, 4318103.343, 74
Trd, 4318103.493, 94
Trd, 4318103.693, 70
Trd, 4318103.943, 121
Trd, 4318105.193, 94
Trd, 4318107.293, 134
Trd, 4318107.443, 133
Trd, 4318107.893, 110
Trd, 4318108.343, 111
Trd, 4318108.393, 134
Trd, 4318111.643, 132
Trd, 4318111.793, 108
Trd, 4318112.593, 140
Trd, 4318112.693, 140
Trd, 4318113.693, 131
Trd, 4318114.393, 92
Trd, 4318114.893, 62
Trd, 4318116.643, 70
Trd, 4318116.793, 94
Trd, 4318117.593, 61
Trd, 4318118.293, 109
Trd, 4318118.393, 111
Trd, 4318119.693, 88
Trd, 4318120.793, 112
Trd, 4318121.643, 105
Trd, 4318123.693, 94
Trd, 4318123.943, 89
Trd, 4318124.143, 89
Trd, 4318124.243, 86
Trd, 4318124.493, 85
Trd, 4318125.443, 69
Trd, 4318127.843, 140
Trd, 4318129.493, 139
Trd, 4318130.093, 136
Trd, 4318131.193, 124
Trd, 4318131.293, 109
Trd, 4318132.343, 122
Trd, 4318132.543, 108
Trd, 4318132.593, 124
Trd, 4318133.943, 119
Trd, 4318134.343, 105
Trd, 4318135.143, 118
Trd, 4318136.693, 139
Trd, 4318136.943, 137
Trd, 4318140.043, 128
Trd, 4318140.343, 130
Trd, 4318140.993, 130
Trd, 4318141.093, 132
Trd, 4318141.943, 118
Trd, 4318143.143, 117
Trd, 4318145.393, 140
Trd, 4318145.993, 139
Trd, 4318146.943, 135
Trd, 4318148.043, 140
Trd, 4318148.743, 140
Trd, 4318149.193, 139
Trd, 4318149.793, 114
Trd, 4318150.143, 132
Trd, 4318150.893, 91
Trd, 4318151.693, 73
Trd, 4318151.743, 71
Trd, 4318153.393, 135
Trd, 4318154.593, 123
Trd, 4318154.893, 132
Trd, 4318155.293, 122
Trd, 4318156.143, 133
Trd, 4318156.943, 92
Trd, 4318157.993, 130
Trd, 4318158.843, 92
Trd, 4318159.043, 91
Trd, 4318160.793, 117
Trd, 4318160.943, 113
Trd, 4318162.543, 103
Trd, 4318162.793, 115
Trd, 4318162.993, 80
Trd, 4318163.393, 115
Trd, 4318164.493, 137
Trd, 4318165.043, 109
Trd, 4318167.643, 140
Trd, 4318168.143, 140
Trd, 4318168.543, 139
Trd, 4318170.443, 125
Trd, 4318170.793, 122
Trd, 4318171.643, 92
Trd, 4318171.693, 90
Trd, 4318172.343, 86
Trd, 4318172.443, 78
Trd, 4318173.043, 87
Trd, 4318173.593, 87
Trd, 4318174.593, 80
Trd, 4318174.693, 77
Trd, 4318178.143, 140
Trd, 4318178.693, 140
Trd, 4318178.993, 124
Trd, 4318180.543, 119
Trd, 4318180.793, 118
Trd, 4318181.243, 83
Trd, 4318181.343, 77
Trd, 4318182.543, 137
Trd, 4318184.093, 95
Trd, 4318184.243, 86
Trd, 4318184.693, 125
Trd, 4318186.743, 134
Trd, 4318186.843, 133
Trd, 4318188.493, 134
Trd, 4318190.893, 115
Trd, 4318191.243, 115
Trd, 4318191.343, 113
Trd, 4318192.593, 127
Trd, 4318192.793, 94
Trd, 4318193.843, 91
Trd, 4318194.493, 62
Trd, 4318194.843, 91
Trd, 4318196.443, 140
Trd, 4318196.893, 140
Trd, 4318197.943, 131
Trd, 4318198.493, 123
Trd, 4318198.943, 136
Trd, 4318199.543, 118
Trd, 4318201.193, 122
Trd, 4318201.393, 105
Trd, 4318202.343, 129
Trd, 4318203.993, 138
Trd, 4318206.043, 140
Trd, 4318206.443, 140
Trd, 4318208.543, 135
Trd, 4318209.543, 111
Trd, 4318210.493, 86
Trd, 4318210.743, 85
Trd, 4318212.693, 140
Trd, 4318213.043, 140
Trd, 4318214.543, 124
Trd, 4318215.643, 123
Trd, 4318216.793, 129
Trd, 4318217.043, 104
Trd, 4318219.493, 103
Trd, 4318220.093, 118
Trd, 4318222.993, 140
Trd, 4318223.793, 140
Trd, 4318224.843, 137
Trd, 4318227.343, 137
Trd, 4318228.843, 138
Trd, 4318228.993, 135
Trd, 4318229.493, 140
Trd, 4318229.693, 133
Trd, 4318232.393, 116
Trd, 4318233.343, 137
Trd, 4318234.543, 123
Trd, 4318235.843, 113
Trd, 4318236.093, 112
Trd, 4318238.743, 140
Trd, 4318239.143, 135
Trd, 4318239.693, 135
Trd, 4318240.293, 134
Trd, 4318240.743, 93
Trd, 4318242.193, 138
Trd, 4318242.393, 117
Trd, 4318242.893, 138
Trd, 4318243.043, 74
Trd, 4318243.493, 103
Trd, 4318244.993, 64
Trd, 4318246.943, 80
Trd, 4318247.843, 79
Trd, 4318248.293, 139
Trd, 4318248.543, 105
Trd, 4318248.643, 103
Trd, 4318251.043, 140
Trd, 4318251.293, 138
Trd, 4318254.043, 139
Trd, 4318254.093, 138
Trd, 4318254.943, 137
Trd, 4318255.243, 135
Trd, 4318255.643, 113
Trd, 4318256.743, 130
Trd, 4318257.593, 128
Trd, 4318258.093, 99
Trd, 4318258.193, 75
Trd, 4318259.443, 93
Trd, 4318260.243, 88
Trd, 4318261.343, 85
Trd, 4318261.543, 74
Trd, 4318261.893, 90
Trd, 4318263.643, 130
Trd, 4318263.693, 118
Trd, 4318264.843, 137
Trd, 4318266.443, 140
Trd, 4318266.793, 122
Trd, 4318267.793, 134
Trd, 4318269.443, 140
Trd, 4318270.943, 135
Trd, 4318271.143, 140
Trd, 4318272.043, 105
Trd, 4318272.243, 99
Trd, 4318272.293, 93
Trd, 4318273.593, 131
Trd, 4318274.243, 124
Trd, 4318274.443, 134
Trd, 4318275.143, 103
Trd, 4318275.243, 101
Trd, 4318276.743, 96
Trd, 4318276.993, 87
Trd, 4318277.593, 69
Trd, 4318278.443, 115
Trd, 4318280.493, 114
Trd, 4318282.993, 139
Trd, 4318283.043, 130
Trd, 4318284.143, 118
Trd, 4318285.293, 140
Trd, 4318285.693, 140
Trd, 4318287.043, 122
Trd, 4318288.043, 112
Trd, 4318288.293, 112
Trd, 4318290.593, 119
Trd, 4318290.643, 115
Trd, 4318290.743, 120
Trd, 4318291.693, 115
Trd, 4318292.743, 138
Trd, 4318293.343, 108
Trd, 4318293.543, 128
Trd, 4318294.143, 81
Trd, 4318294.593, 68
Trd, 4318295.593, 123
Trd, 4318296.943, 132
Trd, 4318298.693, 138
Trd, 4318298.843, 120
Trd, 4318300.093, 131
Trd, 4318300.243, 121
Trd, 4318300.593, 105
Trd, 4318302.943, 137
Trd, 4318304.143, 139
Trd, 4318305.093, 137
Trd, 4318306.393, 131
Trd, 4318306.793, 112
Trd, 4318307.243, 90
Trd, 4318308.643, 95
Trd, 4318308.943, 108
Trd, 4318309.043, 112
Trd, 4318309.093, 75
Trd, 4318311.343, 91
Trd, 4318311.443, 81
Trd, 4318311.593, 92
Trd, 4318312.343, 79
Trd, 4318312.793, 139
Trd, 4318314.893, 131
Trd, 4318315.243, 114
Trd, 4318317.393, 119
Trd, 4318318.543, 118
Trd, 4318319.993, 120
Trd, 4318321.293, 122
Trd, 4318321.943, 123
Trd, 4318322.843, 88
Trd, 4318324.293, 133
Trd, 4318324.343, 97
Trd, 4318324.993, 74
Trd, 4318326.043, 131
Trd, 4318326.293, 130
Trd, 4318327.293, 134
Trd, 4318327.693, 129
Trd, 4318327.843, 111
Trd, 4318328.543, 135
Trd, 4318329.143, 102
Trd, 4318329.743, 101
Trd, 4318330.993, 140
Trd, 4318331.693, 140
Trd, 4318336.443, 140
Trd, 4318336.793, 140
Trd, 4318339.043, 140
Trd, 4318339.493, 139
Trd, 4318339.593, 138
Trd, 4318340.043, 130
Trd, 4318340.143, 125
Trd, 4318340.343, 131
Trd, 4318341.043, 130
Trd, 4318342.243, 113
Trd, 4318342.393, 129
Trd, 4318343.193, 137
Trd, 4318343.443, 64
Trd, 4318344.493, 140
Trd, 4318344.793, 140
Trd, 4318345.893, 137
Trd, 4318347.843, 135
Trd, 4318348.593, 117
Trd, 4318349.793, 129
Trd, 4318349.893, 102
Trd, 4318350.543, 120
Trd, 4318351.143, 124
Trd, 4318352.143, 103
Trd, 4318353.143, 116
Trd, 4318353.193, 117
Trd, 4318354.343, 107
Trd, 4318355.993, 84
Trd, 4318356.693, 104
Trd, 4318356.793, 106
Trd, 4318358.893, 99
Trd, 4318359.093, 94
Trd, 4318359.293, 97
Trd, 4318360.243, 102
Trd, 4318360.793, 131
Trd, 4318362.543, 110
Trd, 4318362.793, 128
Trd, 4318362.843, 105
Trd, 4318363.943, 129
Trd, 4318363.993, 110
Trd, 4318364.693, 105
Trd, 4318366.843, 132
Trd, 4318366.893, 112
Trd, 4318367.443, 107
Trd, 4318367.593, 133
Trd, 4318369.543, 137
Trd, 4318371.043, 122
Trd, 4318371.243, 100
Trd, 4318371.393, 134
Trd, 4318371.593, 81
Trd, 4318373.943, 130
Trd, 4318374.793, 91
Trd, 4318374.843, 72
Trd, 4318376.393, 125
Trd, 4318378.143, 113
Trd, 4318378.193, 126
Trd, 4318378.593, 112
Trd, 4318379.893, 111
Trd, 4318383.293, 140
Trd, 4318383.693, 140
Trd, 4318384.593, 135
Trd, 4318386.043, 125
Trd, 4318386.293, 114
Trd, 4318386.643, 132
Trd, 4318387.643, 90
Trd, 4318389.043, 115
Trd, 4318390.093, 130
Trd, 4318390.943, 129
Trd, 4318392.443, 136
Trd, 4318393.093, 140
Trd, 4318393.543, 139
Trd, 4318396.593, 138
Trd, 4318396.743, 135
Trd, 4318398.543, 136
Trd, 4318398.793, 107
Trd, 4318400.043, 137
Trd, 4318400.093, 110
Trd, 4318400.493, 103
Trd, 4318400.893, 102
Trd, 4318400.993, 104
Trd, 4318402.643, 136
Trd, 4318404.143, 140
Trd, 4318404.343, 139
Trd, 4318406.193, 136
Trd, 4318407.193, 139
Trd, 4318407.443, 111
Trd, 4318407.593, 94
Trd, 4318408.043, 84
Trd, 4318408.293, 84
Trd, 4318408.343, 86
Trd, 4318408.543, 85
Trd, 4318411.043, 140
Trd, 4318411.693, 111
Trd, 4318412.143, 120
Trd, 4318415.043, 140
Trd, 4318417.143, 140
Trd, 4318417.493, 140
Trd, 4318417.993, 123
Trd, 4318418.343, 140
Trd, 4318420.443, 133
Trd, 4318420.543, 126
Trd, 4318423.293, 139
Trd, 4318424.393, 135
Trd, 4318424.593, 130
Trd, 4318424.943, 139
Trd, 4318424.993, 129
Trd, 4318425.993, 116
Trd, 4318426.193, 89
Trd, 4318427.293, 138
Trd, 4318428.993, 112
Trd, 4318430.993, 139
Trd, 4318433.393, 137
Trd, 4318434.693, 138
Trd, 4318434.993, 128
Trd, 4318435.543, 106
Trd, 4318437.743, 140
Trd, 4318438.493, 138
Trd, 4318439.843, 119
Trd, 4318440.993, 114
Trd, 4318441.343, 111
Trd, 4318442.543, 109
Trd, 4318443.193, 139
Trd, 4318443.393, 120
Trd, 4318444.543, 138
Trd, 4318444.593, 140
Trd, 4318444.743, 102
Trd, 4318445.043, 97
Trd, 4318448.843, 130
Trd, 4318448.993, 129
Trd, 4318449.593, 131
Trd, 4318449.993, 128
Trd, 4318451.443, 118
Trd, 4318452.493, 134
Trd, 4318453.243, 128
Trd, 4318454.343, 105
Trd, 4318456.793, 121
Trd, 4318457.593, 118
Trd, 4318457.743, 122
Trd, 4318457.993, 115
Trd, 4318459.893, 139
Trd, 4318460.693, 127
Trd, 4318462.993, 140
Trd, 4318463.193, 122
Trd, 4318464.643, 95
Trd, 4318465.793, 91
Trd, 4318466.543, 103
Trd, 4318466.843, 107
Trd, 4318467.743, 136
Trd, 4318468.343, 123
Trd, 4318470.043, 137
Trd, 4318470.743, 117
Trd, 4318471.343, 114
Trd, 4318471.793, 79
Trd, 4318472.043, 116
Trd, 4318472.193, 68
Trd, 4318473.193, 72
Trd, 4318473.593, 117
Trd, 4318474.493, 67
Trd, 4318475.093, 126
Trd, 4318476.893, 140
Trd, 4318477.493, 139
Trd, 4318477.843, 132
Trd, 4318478.543, 92
Trd, 4318479.043, 137
Trd, 4318480.743, 134
Trd, 4318482.093, 110
Trd, 4318482.443, 139
Trd, 4318482.943, 67
Trd, 4318484.593, 140
Trd, 4318487.243, 117
Trd, 4318488.293, 115
Trd, 4318488.943, 128
Trd, 4318489.493, 95
Trd, 4318490.693, 139
Trd, 4318491.093, 138
Trd, 4318491.493, 140
Trd, 4318492.043, 87
Trd, 4318492.843, 97
Trd, 4318492.943, 96
Trd, 4318493.693, 97
Trd, 4318494.143, 99
Trd, 4318496.793, 60
Trd, 4318497.343, 60
Trd, 4318497.593, 60
Trd, 4318498.893, 60
Trd, 4318499.093, 60
Trd, 4318499.343, 62
Trd, 4318499.443, 121
Trd, 4318500.293, 92
Trd, 4318500.343, 103
Trd, 4318502.443, 120
Trd, 4318502.843, 140
Trd, 4318502.943, 127
Trd, 4318503.793, 136
Trd, 4318505.643, 129
Trd, 4318505.893, 128
Trd, 4318505.993, 102
Trd, 4318507.443, 132
Trd, 4318508.643, 99
Trd, 4318508.993, 67
Trd, 4318509.343, 78
Trd, 4318510.443, 83
Trd, 4318511.243, 109
Trd, 4318512.293, 95
Trd, 4318512.793, 93
Trd, 4318514.043, 137
Trd, 4318515.343, 140
Trd, 4318517.543, 123
Trd, 4318518.043, 122
Trd, 4318518.443, 115
Trd, 4318518.843, 96
Trd, 4318520.243, 140
Trd, 4318521.043, 128
Trd, 4318521.643, 133
Trd, 4318522.143, 137
Trd, 4318523.693, 136
Trd, 4318524.043, 125
Trd, 4318524.493, 133
Trd, 4318525.293, 129
Trd, 4318525.943, 130
Trd, 4318526.143, 127
Trd, 4318527.743, 113
Trd, 4318528.343, 93
Trd, 4318528.743, 139
Trd, 4318530.243, 140
Trd, 4318531.643, 140
Trd, 4318531.943, 135
Trd, 4318534.443, 132
Trd, 4318534.793, 135
Trd, 4318536.093, 133
Trd, 4318536.443, 133
Trd, 4318536.793, 114
Trd, 4318536.893, 134
Trd, 4318537.143, 138
Trd, 4318537.193, 107
Trd, 4318537.943, 86
Trd, 4318538.093, 137
Trd, 4318538.443, 140
Trd, 4318539.493, 91
Trd, 4318539.743, 92
Trd, 4318543.293, 135
Trd, 4318545.443, 130
Trd, 4318545.943, 129
Trd, 4318546.543, 128
Trd, 4318546.943, 117
Trd, 4318547.593, 95
Trd, 4318549.943, 126
Trd, 4318550.493, 128
Trd, 4318550.593, 125
Trd, 4318550.793, 124
Trd, 4318551.193, 109
Trd, 4318551.843, 125
Trd, 4318551.993, 127
Trd, 4318552.393, 100
Trd, 4318553.393, 137
Trd, 4318554.193, 132
Trd, 4318555.143, 138
Trd, 4318555.593, 84
Trd, 4318557.943, 133
Trd, 4318558.693, 94
Trd, 4318560.693, 140
Trd, 4318562.243, 140
Trd, 4318562.993, 131
Trd, 4318565.293, 130
Trd, 4318565.593, 133
Trd, 4318567.043, 140
Trd, 4318567.243, 140
Trd, 4318568.693, 134
Trd, 4318569.293, 102
Trd, 4318570.893, 83
Trd, 4318571.643, 132
Trd, 4318572.043, 82
Trd, 4318572.543, 128
Trd, 4318573.043, 123
Trd, 4318573.243, 106
Trd, 4318575.043, 130
Trd, 4318575.143, 131
Trd, 4318576.143, 111
Trd, 4318576.893, 127
Trd, 4318577.843, 128
Trd, 4318578.643, 134
Trd, 4318578.843, 132
Trd, 4318580.493, 104
Trd, 4318581.543, 68
Trd, 4318582.743, 60
Trd, 4318583.193, 60
Trd, 4318583.893, 60
Trd, 4318584.193, 72
Trd, 4318585.493, 61
Trd, 4318585.793, 118
Trd, 4318586.693, 60
Trd, 4318587.243, 71
Trd, 4318587.993, 115
Trd, 4318589.643, 111
Trd, 4318589.943, 111
Trd, 4318591.043, 90
Trd, 4318591.643, 108
Trd, 4318591.743, 111
Trd, 4318591.843, 112
Trd, 4318592.793, 95
Trd, 4318596.293, 140
Trd, 4318596.443, 140
Trd, 4318596.993, 134
Trd, 4318597.143, 133
Trd, 4318597.893, 92
Trd, 4318599.743, 117
Trd, 4318600.393, 116
Trd, 4318601.243, 116
Trd, 4318601.393, 114
Trd, 4318601.693, 120
Trd, 4318603.193, 110
Trd, 4318604.143, 100
Trd, 4318604.693, 116
Trd, 4318605.743, 115
Trd, 4318606.193, 114
Trd, 4318607.493, 136
Trd, 4318608.593, 137
Trd, 4318608.793, 117
Trd, 4318609.543, 135
Trd, 4318610.693, 104
Trd, 4318611.393, 101
Trd, 4318611.993, 99
Trd, 4318612.243, 129
Trd, 4318614.543, 95
Trd, 4318615.793, 75
Trd, 4318615.943, 76
Trd, 4318616.643, 65
Trd, 4318616.893, 66
Trd, 4318617.243, 86
Trd, 4318618.443, 137
Trd, 4318619.343, 124
Trd, 4318619.993, 91
Trd, 4318620.343, 116
Trd, 4318620.843, 86
Trd, 4318622.093, 130
Trd, 4318626.193, 140
Trd, 4318626.443, 135
Trd, 4318626.843, 125
Trd, 4318627.843, 124
Trd, 4318628.493, 108
Trd, 4318629.343, 113
Trd, 4318630.493, 100
Trd, 4318631.793, 137
Trd, 4318633.593, 121
Trd, 4318633.843, 111
Trd, 4318634.393, 87
Trd, 4318636.143, 86
Trd, 4318637.043, 114
Trd, 4318638.193, 125
Trd, 4318638.293, 125
Trd, 4318639.093, 140
Trd, 4318640.293, 139
Trd, 4318640.493, 125
Trd, 4318641.293, 96
Trd, 4318641.543, 116
Trd, 4318641.893, 91
Trd, 4318644.143, 138
Trd, 4318644.593, 132
Trd, 4318645.993, 120
Trd, 4318646.043, 117
Trd, 4318646.593, 125
Trd, 4318647.143, 135
Trd, 4318648.043, 135
Trd, 4318650.743, 124
Trd, 4318651.393, 119
Trd, 4318652.993, 140
Trd, 4318653.443, 140
Trd, 4318655.443, 120
Trd, 4318656.543, 116
Trd, 4318657.493, 98
Trd, 4318657.893, 100
Trd, 4318661.493, 138
Trd, 4318662.893, 137
Trd, 4318663.793, 138
Trd, 4318664.293, 124
Trd, 4318664.693, 100
Trd, 4318664.893, 91
Trd, 4318667.893, 140
Trd, 4318668.093, 140
Trd, 4318668.943, 119
Trd, 4318669.393, 138
Trd, 4318670.393, 134
Trd, 4318670.693, 133
Trd, 4318670.743, 86
Trd, 4318671.393, 111
Trd, 4318671.493, 135
Trd, 4318672.843, 140
Trd, 4318674.543, 133
Trd, 4318674.593, 132
Trd, 4318675.543, 129
Trd, 4318675.593, 130
Trd, 4318675.793, 88
Trd, 4318677.393, 100
Trd, 4318680.293, 139
Trd, 4318680.343, 132
Trd, 4318680.693, 112
Trd, 4318681.643, 139
Trd, 4318681.743, 106
Trd, 4318681.943, 92
Trd, 4318683.343, 136
Trd, 4318685.143, 131
Trd, 4318685.393, 113
Trd, 4318686.143, 131
Trd, 4318686.343, 80
Trd, 4318686.593, 135
Trd, 4318688.143, 128
Trd, 4318691.493, 100
Trd, 4318691.593, 81
Trd, 4318691.693, 74
Trd, 4318693.693, 101
Trd, 4318694.893, 101
Trd, 4318695.443, 139
Trd, 4318695.493, 139
Trd, 4318696.093, 87
Trd, 4318697.293, 112
Trd, 4318699.093, 121
Trd, 4318699.193, 126
Trd, 4318699.943, 106
Trd, 4318700.193, 127
Trd, 4318701.643, 98
Trd, 4318702.193, 120
Trd, 4318704.093, 118
Trd, 4318704.393, 118
Trd, 4318704.493, 123
Trd, 4318704.843, 124
Trd, 4318705.193, 114
Trd, 4318705.343, 113
Trd, 4318707.493, 100
Trd, 4318708.443, 127
Trd, 4318708.793, 118
Trd, 4318709.893, 140
Trd, 4318710.343, 140
Trd, 4318711.593, 138
Trd, 4318712.093, 139
Trd, 4318712.443, 102
Trd, 4318715.143, 140
Trd, 4318715.493, 140
Trd, 4318716.193, 124
Trd, 4318716.343, 118
Trd, 4318717.443, 138
Trd, 4318718.193, 114
Trd, 4318720.943, 108
Trd, 4318721.143, 136
Trd, 4318721.393, 107
Trd, 4318721.543, 104
Trd, 4318721.843, 85
Trd, 4318721.893, 88
Trd, 4318722.493, 86
Trd, 4318723.093, 87
Trd, 4318723.543, 67
Trd, 4318724.243, 84
Trd, 4318725.243, 77
Trd, 4318726.593, 132
Trd, 4318727.393, 114
Trd, 4318727.843, 117
Trd, 4318728.343, 92
Trd, 4318731.193, 140
Trd, 4318732.343, 114
Trd, 4318732.543, 113
Trd, 4318732.793, 111
Trd, 4318733.093, 92
Trd, 4318734.243, 121
Trd, 4318734.843, 101
Trd, 4318735.443, 112
Trd, 4318735.543, 114
Trd, 4318735.643, 119
Trd, 4318736.893, 119
Trd, 4318738.093, 102
Trd, 4318739.143, 120
Trd, 4318739.193, 112
Trd, 4318739.693, 111
Trd, 4318740.593, 122
Trd, 4318741.343, 130
Trd, 4318741.393, 131
Trd, 4318741.843, 132
Trd, 4318742.093, 108
Trd, 4318744.293, 64
Trd, 4318745.943, 119
Trd, 4318746.543, 118
Trd, 4318747.243, 110
Trd, 4318748.343, 107
Trd, 4318748.593, 115
Trd, 4318749.643, 117
Trd, 4318750.893, 140
Trd, 4318750.943, 140
Trd, 4318753.543, 134
Trd, 4318754.343, 118
Trd, 4318755.243, 88
Trd, 4318756.293, 119
Trd, 4318756.693, 98
Trd, 4318757.843, 121
Trd, 4318759.093, 121
Trd, 4318759.343, 120
Trd, 4318759.443, 121
Trd, 4318760.493, 94
Trd, 4318761.043, 63
Trd, 4318761.243, 88
Trd, 4318762.093, 139
Trd, 4318762.143, 110
Trd, 4318763.293, 82
Trd, 4318764.343, 135
Trd, 4318765.493, 132
Trd, 4318765.893, 98
Trd, 4318766.043, 97
Trd, 4318766.193, 80
Trd, 4318767.793, 65
Trd, 4318768.293, 64
Trd, 4318770.943, 138
Trd, 4318772.443, 140
Trd, 4318772.493, 138
Trd, 4318773.643, 135
Trd, 4318774.543, 112
Trd, 4318776.043, 134
Trd, 4318776.143, 133
Trd, 4318777.393, 129
Trd, 4318777.593, 135
Trd, 4318779.293, 122
Trd, 4318779.893, 114
Trd, 4318779.993, 131
Trd, 4318780.293, 133
Trd, 4318780.793, 126
Trd, 4318781.993, 86
Trd, 4318783.843, 133
Trd, 4318784.043, 109
Trd, 4318784.593, 83
Trd, 4318785.593, 140
Trd, 4318786.193, 140
Trd, 4318788.443, 136
Trd, 4318789.693, 138
Trd, 4318789.793, 115
Trd, 4318790.193, 104
Trd, 4318790.393, 128
Trd, 4318791.893, 114
Trd, 4318792.093, 113
Trd, 4318792.293, 130
Trd, 4318794.743, 140
Trd, 4318796.143, 138
Trd, 4318796.943, 135
Trd, 4318797.143, 130
Trd, 4318797.543, 112
Trd, 4318799.293, 112
Trd, 4318799.643, 128
Trd, 4318800.093, 92
Trd, 4318800.493, 104
Trd, 4318801.593, 126
Trd, 4318802.593, 125
Trd, 4318803.193, 134
Trd, 4318803.743, 123
Trd, 4318803.843, 113
Trd, 4318803.893, 110
Trd, 4318804.593, 81
Trd, 4318805.293, 128
Trd, 4318807.543, 106
Trd, 4318808.193, 111
Trd, 4318808.743, 101
Trd, 4318808.943, 99
Trd, 4318810.693, 136
Trd, 4318810.993, 88
Trd, 4318812.693, 114
Trd, 4318812.843, 117
Trd, 4318813.393, 107
Trd, 4318815.743, 121
Trd, 4318816.643, 113
Trd, 4318817.393, 108
Trd, 4318817.443, 103
Trd, 4318817.593, 127
Trd, 4318818.243, 90
Trd, 4318818.593, 125
Trd, 4318820.043, 134
Trd, 4318820.443, 135
Trd, 4318822.043, 124
Trd, 4318822.993, 134
Trd, 4318823.093, 116
Trd, 4318825.693, 123
Trd, 4318826.043, 106
Trd, 4318827.843, 128
Trd, 4318830.293, 140
Trd, 4318831.193, 105
Trd, 4318832.393, 113
Trd, 4318832.943, 136
Trd, 4318833.593, 137
Trd, 4318834.693, 96
Trd, 4318835.793, 140
Trd, 4318836.043, 125
Trd, 4318836.193, 89
Trd, 4318838.193, 131
Trd, 4318839.043, 130
Trd, 4318839.493, 136
Trd, 4318840.343, 128
Trd, 4318841.893, 103
Trd, 4318842.293, 104
Trd, 4318842.643, 108
Trd, 4318843.643, 128
Trd, 4318843.843, 114
Trd, 4318844.093, 95
Trd, 4318844.543, 95
Trd, 4318844.643, 130
Trd, 4318845.893, 128
Trd, 4318845.993, 94
Trd, 4318847.293, 98
Trd, 4318847.993, 97
Trd, 4318848.043, 99
Trd, 4318849.293, 86
Trd, 4318849.443, 123
Trd, 4318851.043, 113
Trd, 4318852.293, 137
Trd, 4318852.493, 124
Trd, 4318853.893, 130
Trd, 4318855.593, 123
Trd, 4318855.893, 107
Trd, 4318858.543, 132
Trd, 4318858.843, 129
Trd, 4318858.893, 120
Trd, 4318860.093, 121
Trd, 4318860.693, 101
Trd, 4318861.293, 116
Trd, 4318861.343, 115
Trd, 4318861.543, 128
Trd, 4318863.293, 60
Trd, 4318863.493, 60
Trd, 4318864.043, 62
Trd, 4318864.743, 62
Trd, 4318866.293, 67
Trd, 4318866.893, 68
Trd, 4318867.693, 88
Trd, 4318868.993, 84
Trd, 4318869.193, 89
Trd, 4318869.593, 76
Trd, 4318871.293, 111
Trd, 4318871.843, 70
Trd, 4318872.693, 66
Trd, 4318873.443, 68
Trd, 4318874.843, 66
Trd, 4318875.093, 68
Trd, 4318876.243, 83
Trd, 4318877.543, 95
Trd, 4318877.993, 106
Trd, 4318878.043, 61
Trd, 4318878.493, 116
Trd, 4318879.593, 92
Trd, 4318881.193, 94
Trd, 4318882.943, 137
Trd, 4318884.643, 112
Trd, 4318886.643, 130
Trd, 4318886.693, 133
Trd, 4318886.893, 129
Trd, 4318887.593, 127
Trd, 4318888.643, 121
Trd, 4318888.693, 122
Trd, 4318889.793, 136
Trd, 4318889.843, 117
Trd, 4318890.643, 140
Trd, 4318891.593, 139
Trd, 4318894.293, 116
Trd, 4318895.093, 110
Trd, 4318895.343, 110
Trd, 4318896.593, 84
Trd, 4318897.093, 89
Trd, 4318897.293, 91
Trd, 4318898.393, 140
Trd, 4318898.543, 139
Trd, 4318901.293, 136
Trd, 4318901.793, 131
Trd, 4318901.893, 110
Trd, 4318903.043, 106
Trd, 4318903.543, 119
Trd, 4318904.543, 140
Trd, 4318906.393, 125
Trd, 4318907.443, 118
Trd, 4318907.943, 93
Trd, 4318908.093, 129
Trd, 4318908.843, 138
Trd, 4318910.593, 120
Trd, 4318911.093, 123
Trd, 4318912.343, 102
Trd, 4318913.043, 129
Trd, 4318913.143, 96
Trd, 4318913.243, 89
Trd, 4318914.793, 117
Trd, 4318916.993, 119
Trd, 4318917.093, 122
Trd, 4318917.193, 123
Trd, 4318917.343, 105
Trd, 4318917.743, 109
Trd, 4318917.893, 105
Trd, 4318919.493, 81
Trd, 4318919.793, 82
Trd, 4318920.143, 111
Trd, 4318921.843, 60
Trd, 4318923.393, 69
Trd, 4318924.043, 71
Trd, 4318924.093, 119
Trd, 4318925.043, 75
Trd, 4318926.593, 104
Trd, 4318927.393, 97
Trd, 4318927.693, 102
Trd, 4318927.993, 105
Trd, 4318928.143, 96
Trd, 4318928.943, 80
Trd, 4318929.493, 88
Trd, 4318931.643, 129
Trd, 4318932.493, 128
Trd, 4318932.943, 121
Trd, 4318934.143, 132
Trd, 4318934.243, 119
Trd, 4318935.093, 122
Trd, 4318935.393, 105
Trd, 4318936.593, 87
Trd, 4318936.993, 133
Trd, 4318938.493, 129
Trd, 4318940.343, 137
Trd, 4318942.643, 139
Trd, 4318943.293, 137
Trd, 4318945.743, 135
Trd, 4318947.543, 126
Trd, 4318948.543, 87
Trd, 4318949.193, 86
Trd, 4318949.543, 129
Trd, 4318950.043, 127
Trd, 4318950.793, 122
Trd, 4318950.843, 83
Trd, 4318951.843, 105
Trd, 4318952.743, 105
Trd, 4318952.943, 102
Trd, 4318953.493, 104
Trd, 4318953.893, 137
Trd, 4318954.693, 125
Trd, 4318955.243, 82
Trd, 4318956.343, 126
Trd, 4318956.643, 124
Trd, 4318958.393, 134
Trd, 4318960.293, 134
Trd, 4318962.893, 132
Trd, 4318963.843, 136
Trd, 4318964.993, 131
Trd, 4318965.293, 124
Trd, 4318965.693, 98
Trd, 4318966.793, 87
Trd, 4318968.443, 139
Trd, 4318969.093, 139
Trd, 4318969.343, 126
Trd, 4318969.543, 101
Trd, 4318970.543, 110
Trd, 4318970.843, 104
Trd, 4318970.943, 100
Trd, 4318971.843, 136
Trd, 4318972.543, 135
Trd, 4318972.993, 140
Trd, 4318975.943, 100
Trd, 4318976.643, 129
Trd, 4318976.993, 110
Trd, 4318977.343, 111
Trd, 4318978.493, 110
Trd, 4318979.293, 110
Trd, 4318979.543, 82
Trd, 4318981.193, 88
Trd, 4318981.743, 91
Trd, 4318983.643, 117
Trd, 4318986.143, 138
Trd, 4318986.543, 135
Trd, 4318986.943, 128
Trd, 4318988.743, 130
Trd, 4318988.893, 128
Trd, 4318990.143, 129
Trd, 4318990.793, 125
Trd, 4318991.443, 93
Trd, 4318992.843, 110
Trd, 4318992.943, 111
Trd, 4318993.143, 103
Trd, 4318994.093, 84
Trd, 4318994.593, 111
Trd, 4318994.843, 112
Trd, 4318995.743, 128
Trd, 4318998.243, 101
Trd, 4318999.643, 136
Trd, 4318999.693, 124
Trd, 4319001.143, 99
Trd, 4319001.193, 97
Trd, 4319001.493, 104
Trd, 4319001.643, 100
Trd, 4319003.343, 137
Trd, 4319005.343, 139
Trd, 4319006.043, 134
Trd, 4319007.043, 134
Trd, 4319008.043, 131
Trd, 4319009.543, 123
Trd, 4319011.643, 122
Trd, 4319011.793, 119
Trd, 4319012.093, 120
Trd, 4319012.343, 118
Trd, 4319012.543, 76
Trd, 4319013.893, 135
Trd, 4319014.993, 140
Trd, 4319017.543, 138
Trd, 4319018.043, 131
Trd, 4319018.193, 129
Trd, 4319018.493, 128
Trd, 4319019.943, 121
Trd, 4319020.343, 102
Trd, 4319020.793, 112
Trd, 4319021.843, 105
Trd, 4319023.193, 121
Trd, 4319024.793, 133
Trd, 4319024.993, 136
Trd, 4319027.293, 140
Trd, 4319027.343, 140
Trd, 4319027.493, 135
Trd, 4319028.343, 120
Trd, 4319030.643, 140
Trd, 4319031.293, 128
Trd, 4319031.593, 116
Trd, 4319034.343, 126
Trd, 4319036.043, 125
Trd, 4319036.743, 119
Trd, 4319037.193, 120
Trd, 4319037.543, 121
Trd, 4319037.743, 126
Trd, 4319037.993, 100
Trd, 4319039.693, 127
Trd, 4319040.143, 116
Trd, 4319041.693, 103
Trd, 4319041.893, 121
Trd, 4319042.643, 118
Trd, 4319043.793, 111
Trd, 4319044.343, 112
Trd, 4319045.343, 111
Trd, 4319045.793, 140
Trd, 4319046.993, 118
Trd, 4319047.993, 109
Trd, 4319048.893, 131
Trd, 4319050.143, 70
Trd, 4319050.243, 71
Trd, 4319051.443, 130
Trd, 4319052.943, 127
Trd, 4319053.643, 138
Trd, 4319053.793, 137
Trd, 4319054.143, 124
Trd, 4319054.393, 108
Trd, 4319054.993, 93
Trd, 4319056.293, 71
Trd, 4319057.193, 61
Trd, 4319057.843, 81
Trd, 4319058.193, 127
Trd, 4319060.843, 117
Trd, 4319061.593, 101
Trd, 4319062.093, 72
Trd, 4319062.343, 93
Trd, 4319063.443, 137
Trd, 4319065.993, 140
Trd, 4319066.743, 139
Trd, 4319067.343, 136
Trd, 4319068.793, 135
Trd, 4319069.893, 137
Trd, 4319070.643, 138
Trd, 4319070.943, 124
Trd, 4319071.043, 112
Trd, 4319071.493, 138
Trd, 4319071.843, 95
Trd, 4319073.743, 115
Trd, 4319074.243, 84
Trd, 4319075.343, 88
Trd, 4319076.093, 114
Trd, 4319077.843, 102
Trd, 4319078.793, 63
Trd, 4319079.343, 91
Trd, 4319079.993, 63
Trd, 4319080.593, 91
Trd, 4319081.343, 80
Trd, 4319081.643, 77
Trd, 4319081.843, 92
Trd, 4319081.943, 93
Trd, 4319084.293, 61
Trd, 4319084.743, 82
Trd, 4319085.443, 101
Trd, 4319088.493, 140
Trd, 4319088.993, 113
Trd, 4319089.393, 126
Trd, 4319090.093, 101
Trd, 4319091.493, 130
Trd, 4319091.643, 129
Trd, 4319091.693, 103
Trd, 4319092.193, 94
Trd, 4319093.343, 84
Trd, 4319094.293, 78
Trd, 4319097.043, 117
Trd, 4319097.743, 119
Trd, 4319098.043, 140
Trd, 4319098.793, 93
Trd, 4319099.393, 78
Trd, 4319100.243, 75
Trd, 4319100.393, 74
Trd, 4319101.343, 61
Trd, 4319101.793, 90
Trd, 4319102.293, 91
Trd, 4319102.893, 74
Trd, 4319105.343, 81
Trd, 4319105.693, 84
Trd, 4319106.793, 79
Trd, 4319107.443, 116
Trd, 4319108.393, 135
Trd, 4319108.443, 106
Trd, 4319108.693, 86
Trd, 4319110.843, 135
Trd, 4319111.193, 134
Trd, 4319112.343, 126
Trd, 4319113.993, 133
Trd, 4319114.243, 106
Trd, 4319114.343, 99
Trd, 4319114.493, 96
Trd, 4319116.743, 127
Trd, 4319116.993, 60
Trd, 4319118.693, 138
Trd, 4319118.843, 115
Trd, 4319119.793, 136
Trd, 4319120.143, 134
Trd, 4319120.843, 103
Trd, 4319120.993, 102
Trd, 4319121.043, 115
Trd, 4319121.593, 109
Trd, 4319123.443, 129
Trd, 4319123.993, 123
Trd, 4319125.093, 104
Trd, 4319125.393, 127
Trd, 4319126.293, 111
Trd, 4319127.693, 140
Trd, 4319129.243, 129
Trd, 4319130.693, 107
Trd, 4319130.943, 101
Trd, 4319131.293, 100
Trd, 4319133.093, 92
Trd, 4319133.793, 83
Trd, 4319133.843, 94
Trd, 4319135.143, 124
Trd, 4319135.543, 93
Trd, 4319136.593, 88
Trd, 4319136.843, 66
Trd, 4319138.593, 121
Trd, 4319139.193, 132
Trd, 4319140.293, 112
Trd, 4319140.943, 134
Trd, 4319141.493, 137
Trd, 4319142.143, 137
Trd, 4319143.393, 93
Trd, 4319143.693, 126
Trd, 4319144.593, 128
Trd, 4319145.393, 92
Trd, 4319146.193, 129
Trd, 4319146.543, 90
Trd, 4319147.443, 113
Trd, 4319147.993, 62
Trd, 4319150.193, 139
Trd, 4319150.743, 111
Trd, 4319152.343, 140
Trd, 4319152.793, 123
Trd, 4319152.893, 122
Trd, 4319153.893, 122
Trd, 4319155.143, 140
Trd, 4319156.743, 140
Trd, 4319157.893, 137
Trd, 4319158.343, 137
Trd, 4319160.293, 123
Trd, 4319162.493, 105
Trd, 4319162.593, 115
Trd, 4319162.693, 99
Trd, 4319162.943, 91
Trd, 4319164.043, 110
Trd, 4319164.443, 109
Trd, 4319165.193, 110
Trd, 4319166.493, 106
Trd, 4319166.843, 76
Trd, 4319167.093, 83
Trd, 4319167.993, 103
Trd, 4319168.643, 101
Trd, 4319170.243, 100
Trd, 4319170.893, 131
Trd, 4319171.943, 135
Trd, 4319172.593, 129
Trd, 4319172.893, 109
Trd, 4319175.993, 132
Trd, 4319176.493, 128
Trd, 4319176.943, 107
Trd, 4319177.893, 127
Trd, 4319179.443, 88
Trd, 4319181.543, 138
Trd, 4319181.893, 138
Trd, 4319181.993, 136
Trd, 4319182.493, 127
Trd, 4319183.643, 91
Trd, 4319185.093, 138
Trd, 4319185.393, 94
Trd, 4319186.593, 100
Trd, 4319188.243, 123
Trd, 4319188.843, 137
Trd, 4319189.093, 121
Trd, 4319190.743, 135
Trd, 4319190.993, 97
Trd, 4319192.093, 135
Trd, 4319193.093, 123
Trd, 4319195.193, 121
Trd, 4319195.243, 118
Trd, 4319197.143, 107
Trd, 4319198.193, 120
Trd, 4319198.343, 117
Trd, 4319199.093, 125
Trd, 4319200.643, 134
Trd, 4319200.693, 132
Trd, 4319202.043, 129
Trd, 4319202.443, 103
Trd, 4319204.593, 128
Trd, 4319204.693, 127
Trd, 4319206.993, 122
Trd, 4319207.593, 123
Trd, 4319208.093, 110
Trd, 4319208.593, 82
Trd, 4319209.493, 112
Trd, 4319209.693, 83
Trd, 4319209.993, 115
Trd, 4319210.543, 117
Trd, 4319210.743, 87
Trd, 4319213.143, 86
Trd, 4319213.343, 122
Trd, 4319213.593, 82
Trd, 4319215.293, 140
Trd, 4319216.043, 119
Trd, 4319216.943, 127
Trd, 4319217.693, 134
Trd, 4319218.193, 120
Trd, 4319218.593, 119
Trd, 4319218.993, 77
Trd, 4319219.093, 106
Trd, 4319221.993, 80
Trd, 4319222.343, 80
Trd, 4319222.743, 80
Trd, 4319223.193, 84
Trd, 4319223.593, 80
Trd, 4319225.393, 72
Trd, 4319225.543, 64
Trd, 4319226.043, 80
Trd, 4319226.143, 70
Trd, 4319226.743, 80
Trd, 4319228.293, 68
Trd, 4319228.443, 108
Trd, 4319230.143, 82
Trd, 4319230.343, 76
Trd, 4319231.843, 62
Trd, 4319232.543, 83
Trd, 4319233.343, 72
Trd, 4319233.593, 95
Trd, 4319233.943, 81
Trd, 4319233.993, 64
Trd, 4319234.493, 95
Trd, 4319235.893, 98
Trd, 4319236.093, 108
Trd, 4319236.643, 127
Trd, 4319238.143, 116
Trd, 4319238.693, 135
Trd, 4319239.943, 99
Trd, 4319240.643, 134
Trd, 4319242.793, 137
Trd, 4319243.643, 126
Trd, 4319244.193, 130
Trd, 4319245.543, 125
Trd, 4319246.193, 99
Trd, 4319246.493, 130
Trd, 4319246.643, 85
Trd, 4319246.693, 76
Trd, 4319247.593, 127
Trd, 4319249.343, 134
Trd, 4319252.643, 132
Trd, 4319252.943, 131
Trd, 4319254.143, 105
Trd, 4319256.143, 140
Trd, 4319256.293, 140
Trd, 4319256.743, 137
Trd, 4319259.793, 134
Trd, 4319260.893, 131
Trd, 4319261.193, 129
Trd, 4319262.093, 129
Trd, 4319262.543, 128
Trd, 4319262.793, 100
Trd, 4319263.593, 83
Trd, 4319263.893, 122
Trd, 4319264.243, 80
Trd, 4319264.393, 81
Trd, 4319266.693, 139
Trd, 4319266.893, 123
Trd, 4319268.143, 138
Trd, 4319268.743, 138
Trd, 4319269.093, 95
Trd, 4319271.193, 140
Trd, 4319273.893, 140
Trd, 4319274.343, 139
Trd, 4319275.143, 132
Trd, 4319276.743, 100
Trd, 4319278.443, 139
Trd, 4319279.543, 116
Trd, 4319279.743, 107
Trd, 4319280.443, 120
Trd, 4319281.243, 121
Trd, 4319282.393, 120
Trd, 4319284.393, 105
Trd, 4319284.593, 116
Trd, 4319285.343, 134
Trd, 4319285.793, 108
Trd, 4319286.943, 124
Trd, 4319288.143, 88
Trd, 4319288.193, 85
Trd, 4319288.943, 84
Trd, 4319290.193, 131
Trd, 4319290.243, 93
Trd, 4319291.493, 129
Trd, 4319293.143, 136
Trd, 4319295.343, 130
Trd, 4319295.943, 79
Trd, 4319296.393, 130
Trd, 4319296.593, 80
Trd, 4319298.393, 105
Trd, 4319299.943, 110
Trd, 4319300.093, 121
Trd, 4319300.193, 114
Trd, 4319301.193, 74
Trd, 4319301.643, 114
Trd, 4319302.243, 119
Trd, 4319303.893, 84
Trd, 4319305.543, 110
Trd, 4319306.193, 115
Trd, 4319306.443, 114
Trd, 4319307.793, 140
Trd, 4319307.843, 129
Trd, 4319309.193, 111
Trd, 4319310.593, 137
Trd, 4319310.743, 106
Trd, 4319311.093, 96
Trd, 4319311.893, 140
Trd, 4319313.593, 121
Trd, 4319314.043, 104
Trd, 4319315.493, 80
Trd, 4319316.093, 87
Trd, 4319316.393, 88
Trd, 4319317.693, 138
Trd, 4319318.093, 111
Trd, 4319319.543, 87
Trd, 4319320.393, 140
Trd, 4319320.493, 99
Trd, 4319320.993, 135
Trd, 4319322.893, 138
Trd, 4319323.743, 104
Trd, 4319324.993, 134
Trd, 4319325.143, 137
Trd, 4319325.293, 103
Trd, 4319327.293, 120
Trd, 4319329.743, 121
Trd, 4319331.193, 139
Trd, 4319331.943, 137
Trd, 4319332.143, 127
Trd, 4319333.443, 130
Trd, 4319334.043, 127
Trd, 4319334.393, 126
Trd, 4319335.193, 137
Trd, 4319337.093, 80
Trd, 4319337.543, 71
Trd, 4319338.993, 128
Trd, 4319339.243, 103
Trd, 4319339.993, 102
Trd, 4319340.493, 102
Trd, 4319342.243, 129
Trd, 4319343.293, 102
Trd, 4319345.243, 133
Trd, 4319345.393, 107
Trd, 4319346.543, 74
Trd, 4319347.043, 135
Trd, 4319348.843, 94
Trd, 4319349.143, 79
Trd, 4319349.293, 133
Trd, 4319349.443, 134
Trd, 4319350.643, 128
Trd, 4319352.293, 95
Trd, 4319353.093, 117
Trd, 4319353.443, 93
Trd, 4319353.593, 133
Trd, 4319356.743, 104
Trd, 4319356.893, 103
Trd, 4319357.043, 128
Trd, 4319357.493, 128
Trd, 4319358.493, 102
Trd, 4319360.293, 84
Trd, 4319362.243, 103
Trd, 4319362.943, 109
Trd, 4319362.993, 112
Trd, 4319363.193, 104
Trd, 4319363.343, 115
Trd, 4319363.393, 92
Trd, 4319364.693, 135
Trd, 4319366.743, 140
Trd, 4319367.293, 136
Trd, 4319367.343, 131
Trd, 4319368.443, 137
Trd, 4319368.593, 112
Trd, 4319368.793, 110
Trd, 4319369.593, 102
Trd, 4319369.793, 108
Trd, 4319370.143, 108
Trd, 4319370.843, 106
Trd, 4319371.493, 88
Trd, 4319373.843, 140
Trd, 4319374.393, 140
Trd, 4319374.593, 140
Trd, 4319375.393, 138
Trd, 4319377.543, 139
Trd, 4319378.043, 139
Trd, 4319381.143, 128
Trd, 4319381.393, 134
Trd, 4319381.893, 132
Trd, 4319382.693, 126
Trd, 4319383.493, 97
Trd, 4319385.143, 106
Trd, 4319385.243, 107
Trd, 4319387.543, 117
Trd, 4319387.943, 119
Trd, 4319388.143, 104
Trd, 4319388.193, 102
Trd, 4319388.343, 81
Trd, 4319390.093, 116
Trd, 4319390.493, 82
Trd, 4319391.593, 121
Trd, 4319392.643, 124
Trd, 4319392.843, 109
Trd, 4319394.443, 109
Trd, 4319396.693, 140
Trd, 4319398.093, 135
Trd, 4319398.143, 117
Trd, 4319398.393, 113
Trd, 4319399.393, 95
Trd, 4319401.093, 120
Trd, 4319401.143, 120
Trd, 4319401.843, 120
Trd, 4319402.793, 118
Trd, 4319403.293, 125
Trd, 4319403.793, 102
Trd, 4319404.643, 106
Trd, 4319404.943, 123
Trd, 4319406.343, 103
Trd, 4319406.493, 119
Trd, 4319406.643, 120
Trd, 4319407.343, 86
Trd, 4319408.793, 97
Trd, 4319409.743, 96
Trd, 4319410.393, 113
Trd, 4319410.793, 116
Trd, 4319410.843, 110
Trd, 4319412.493, 86
Trd, 4319412.843, 82
Trd, 4319413.293, 105
Trd, 4319414.543, 111
Trd, 4319415.143, 112
Trd, 4319416.443, 94
Trd, 4319417.543, 111
Trd, 4319417.843, 92
Trd, 4319418.393, 112
Trd, 4319418.743, 117
Trd, 4319420.293, 135
Trd, 4319420.343, 129
Trd, 4319421.143, 132
Trd, 4319421.893, 133
Trd, 4319424.343, 88
Trd, 4319425.993, 78
Trd, 4319427.493, 116
Trd, 4319427.643, 118
Trd, 4319427.993, 117
Trd, 4319428.393, 119
Trd, 4319428.543, 116
Trd, 4319431.943, 140
Trd, 4319432.843, 139
Trd, 4319432.943, 138
Trd, 4319434.593, 138
Trd, 4319435.143, 117
Trd, 4319436.393, 138
Trd, 4319437.793, 140
Trd, 4319438.443, 140
Trd, 4319439.793, 139
Trd, 4319441.243, 140
Trd, 4319441.493, 127
Trd, 4319442.093, 115
Trd, 4319443.543, 130
Trd, 4319443.893, 129
Trd, 4319443.993, 128
Trd, 4319446.093, 139
Trd, 4319446.943, 131
Trd, 4319447.093, 130
Trd, 4319448.193, 139
Trd, 4319450.543, 140
Trd, 4319451.943, 140
Trd, 4319454.443, 140
Trd, 4319454.543, 132
Trd, 4319454.743, 111
Trd, 4319454.843, 89
Trd, 4319454.893, 70
Trd, 4319457.143, 88
Trd, 4319457.543, 134
Trd, 4319457.843, 99
Trd, 4319458.643, 133
Trd, 4319458.793, 74
Trd, 4319459.593, 116
Trd, 4319460.243, 135
Trd, 4319462.493, 121
Trd, 4319462.693, 98
Trd, 4319464.193, 121
Trd, 4319464.843, 121
Trd, 4319467.393, 140
Trd, 4319467.843, 140
Trd, 4319468.743, 124
Trd, 4319468.793, 123
Trd, 4319469.193, 125
Trd, 4319469.943, 125
Trd, 4319471.493, 81
Trd, 4319472.243, 65
Trd, 4319473.293, 78
Trd, 4319474.543, 140
Trd, 4319475.193, 60
Trd, 4319477.043, 76
Trd, 4319477.243, 77
Trd, 4319477.293, 97
Trd, 4319479.043, 139
Trd, 4319479.143, 139
Trd, 4319479.743, 138
Trd, 4319480.593, 123
Trd, 4319481.843, 103
Trd, 4319482.043, 135
Trd, 4319483.993, 115
Trd, 4319485.393, 117
Trd, 4319486.243, 115
Trd, 4319486.543, 116
Trd, 4319487.993, 116
Trd, 4319488.943, 132
Trd, 4319489.893, 98
Trd, 4319490.643, 107
Trd, 4319490.893, 108
Trd, 4319491.193, 94
Trd, 4319494.743, 135
Trd, 4319494.893, 133
Trd, 4319495.143, 117
Trd, 4319495.543, 122
Trd, 4319496.743, 111
Trd, 4319497.243, 109
Trd, 4319497.493, 106
Trd, 4319497.993, 73
Trd, 4319498.643, 93
Trd, 4319500.693, 136
Trd, 4319500.743, 134
Trd, 4319503.243, 122
Trd, 4319503.543, 91
Trd, 4319504.743, 120
Trd, 4319505.893, 106
Trd, 4319506.393, 132
Trd, 4319508.793, 140
Trd, 4319509.693, 108
Trd, 4319509.993, 107
Trd, 4319511.093, 121
Trd, 4319511.793, 118
Trd, 4319511.993, 123
Trd, 4319513.343, 126
Trd, 4319514.443, 138
Trd, 4319515.343, 124
Trd, 4319516.543, 137
Trd, 4319517.193, 118
Trd, 4319517.543, 103
Trd, 4319518.443, 98
Trd, 4319519.593, 131
Trd, 4319521.043, 138
Trd, 4319521.493, 136
Trd, 4319522.193, 139
Trd, 4319523.393, 134
Trd, 4319523.893, 126
Trd, 4319524.143, 125
Trd, 4319524.643, 129
Trd, 4319524.893, 103
Trd, 4319524.943, 97
Trd, 4319526.393, 122
Trd, 4319527.343, 126
Trd, 4319527.443, 116
Trd, 4319527.743, 101
Trd, 4319530.043, 73
Trd, 4319531.493, 82
Trd, 4319531.843, 67
Trd, 4319532.593, 82
Trd, 4319533.093, 69
Trd, 4319534.043, 64
Trd, 4319534.393, 77
Trd, 4319534.543, 78
Trd, 4319536.043, 127
Trd, 4319536.443, 128
Trd, 4319537.743, 84
Trd, 4319538.543, 89
Trd, 4319539.593, 105
Trd, 4319540.443, 109
Trd, 4319540.543, 110
Trd, 4319541.343, 126
Trd, 4319541.543, 127
Trd, 4319543.493, 139
Trd, 4319544.043, 104
Trd, 4319544.393, 79
Trd, 4319546.093, 137
Trd, 4319546.643, 96
Trd, 4319547.143, 110
Trd, 4319549.393, 140
Trd, 4319549.543, 140
Trd, 4319552.843, 140
Trd, 4319554.993, 138
Trd, 4319557.193, 140
Trd, 4319557.493, 138
Trd, 4319557.743, 137
Trd, 4319557.943, 113
Trd, 4319558.593, 135
Trd, 4319558.693, 106
Trd, 4319558.793, 86
Trd, 4319560.593, 127
Trd, 4319561.043, 116
Trd, 4319564.043, 137
Trd, 4319564.243, 132
Trd, 4319564.943, 122
Trd, 4319565.843, 133
Trd, 4319566.743, 140
Trd, 4319568.793, 130
Trd, 4319569.193, 107
Trd, 4319569.293, 95
Trd, 4319570.043, 135
Trd, 4319571.043, 135
Trd, 4319572.193, 94
Trd, 4319572.643, 101
Trd, 4319572.843, 91
Trd, 4319573.943, 95
Trd, 4319574.993, 101
Trd, 4319575.543, 89
Trd, 4319575.893, 134
Trd, 4319576.543, 129
Trd, 4319578.143, 125
Trd, 4319578.343, 121
Trd, 4319578.543, 119
Trd, 4319578.643, 115
Trd, 4319580.443, 133
Trd, 4319580.993, 131
Trd, 4319581.543, 85
Trd, 4319581.643, 84
Trd, 4319584.393, 140
Trd, 4319584.743, 140
Trd, 4319585.543, 113
Trd, 4319587.193, 140
Trd, 4319587.343, 139
Trd, 4319587.843, 137
Trd, 4319588.893, 112
Trd, 4319589.343, 99
Trd, 4319590.093, 125
Trd, 4319591.693, 139
Trd, 4319591.843, 136
Trd, 4319595.093, 129
Trd, 4319596.043, 140
Trd, 4319597.543, 88
Trd, 4319597.843, 106
Trd, 4319598.393, 105
Trd, 4319599.093, 106
Trd, 4319599.693, 95
Trd, 4319601.193, 95
Trd, 4319602.643, 125
Trd, 4319602.743, 135
Trd, 4319603.143, 130
Trd, 4319604.393, 135
Trd, 4319604.793, 105
Trd, 4319605.393, 84
Trd, 4319605.593, 134
Trd, 4319607.593, 121
Trd, 4319608.943, 130
Trd, 4319609.043, 112
Trd, 4319610.493, 87
Trd, 4319612.343, 124
Trd, 4319612.743, 126
Trd, 4319613.193, 108
Trd, 4319613.493, 107
Trd, 4319613.843, 118
Trd, 4319614.643, 106
Trd, 4319614.693, 100
Trd, 4319615.043, 70
Trd, 4319615.943, 132
Trd, 4319618.343, 121
Trd, 4319619.643, 127
Trd, 4319619.693, 96
Trd, 4319620.793, 127
Trd, 4319620.993, 117
Trd, 4319621.843, 136
Trd, 4319622.593, 126
Trd, 4319623.343, 123
Trd, 4319624.043, 136
Trd, 4319624.843, 108
Trd, 4319624.943, 97
Trd, 4319625.543, 134
Trd, 4319627.343, 128
Trd, 4319629.293, 113
Trd, 4319630.043, 138
Trd, 4319630.493, 114
Trd, 4319631.593, 114
Trd, 4319633.893, 101
Trd, 4319633.993, 102
Trd, 4319634.243, 101
Trd, 4319634.643, 100
Trd, 4319635.143, 99
Trd, 4319637.293, 140
Trd, 4319638.043, 140
Trd, 4319638.193, 140
Trd, 4319640.943, 105
Trd, 4319640.993, 104
Trd, 4319641.243, 105
Trd, 4319642.043, 95
Trd, 4319642.243, 106
Trd, 4319642.443, 120
Trd, 4319643.793, 131
Trd, 4319646.043, 76
Trd, 4319646.993, 91
Trd, 4319648.193, 133
Trd, 4319648.443, 137
Trd, 4319648.793, 121
Trd, 4319649.793, 132
Trd, 4319650.343, 112
Trd, 4319652.193, 120
Trd, 4319652.243, 133
Trd, 4319653.093, 105
Trd, 4319653.193, 102
Trd, 4319654.193, 132
Trd, 4319655.693, 130
Trd, 4319657.693, 111
Trd, 4319657.843, 92
Trd, 4319657.993, 87
Trd, 4319658.743, 127
Trd, 4319659.743, 80
Trd, 4319659.943, 60
Trd, 4319660.793, 74
Trd, 4319662.443, 66
Trd, 4319662.593, 67
Trd, 4319663.743, 87
Trd, 4319664.343, 139
Trd, 4319667.743, 99
Trd, 4319668.843, 98
Trd, 4319669.393, 92
Trd, 4319669.643, 86
Trd, 4319670.343, 97
Trd, 4319670.593, 98
Trd, 4319670.643, 66
Trd, 4319671.443, 136
Trd, 4319671.993, 83
Trd, 4319672.843, 70
Trd, 4319675.343, 127
Trd, 4319675.593, 107
Trd, 4319676.893, 125
Trd, 4319678.343, 127
Trd, 4319678.743, 124
Trd, 4319678.843, 123
Trd, 4319679.343, 123
Trd, 4319679.843, 130
Trd, 4319680.793, 134
Trd, 4319681.093, 133
Trd, 4319683.443, 136
Trd, 4319683.493, 130
Trd, 4319684.543, 134
Trd, 4319684.893, 92
Trd, 4319685.043, 77
Trd, 4319686.493, 68
Trd, 4319690.043, 105
Trd, 4319690.293, 106
Trd, 4319690.543, 98
Trd, 4319691.193, 130
Trd, 4319691.843, 117
Trd, 4319692.293, 120
Trd, 4319692.493, 132
Trd, 4319693.093, 96
Trd, 4319695.493, 124
Trd, 4319695.843, 131
Trd, 4319697.143, 111
Trd, 4319697.893, 127
Trd, 4319699.543, 137
Trd, 4319700.093, 127
Trd, 4319702.093, 139
Trd, 4319702.293, 138
Trd, 4319704.493, 129
Trd, 4319705.093, 120
Trd, 4319705.993, 119
Trd, 4319707.643, 136
Trd, 4319707.993, 112
Trd, 4319708.143, 119
Trd, 4319710.293, 139
Trd, 4319711.993, 121
Trd, 4319712.193, 119
Trd, 4319712.293, 117
Trd, 4319712.443, 127
Trd, 4319713.393, 135
Trd, 4319713.943, 135
Trd, 4319714.243, 134
Trd, 4319715.143, 128
Trd, 4319715.643, 86
Trd, 4319715.743, 133
Trd, 4319716.293, 91
Trd, 4319717.593, 126
Trd, 4319720.393, 131
Trd, 4319721.393, 127
Trd, 4319723.043, 139
Trd, 4319723.343, 117
Trd, 4319724.543, 132
Trd, 4319724.793, 132
Trd, 4319725.693, 130
Trd, 4319726.643, 122
Trd, 4319728.093, 125
Trd, 4319728.743, 125
Trd, 4319729.393, 131
Trd, 4319729.593, 125
Trd, 4319729.993, 110
Trd, 4319730.543, 132
Trd, 4319730.893, 131
Trd, 4319732.093, 76
Trd, 4319733.743, 140
Trd, 4319734.793, 139
Trd, 4319734.843, 98
Trd, 4319736.743, 136
Trd, 4319737.693, 140
Trd, 4319738.343, 139
Trd, 4319738.843, 122
Trd, 4319740.143, 136
Trd, 4319741.993, 128
Trd, 4319742.943, 128
Trd, 4319743.493, 115
Trd, 4319744.543, 102
Trd, 4319744.643, 129
Trd, 4319744.843, 101
Trd, 4319745.193, 130
Trd, 4319745.293, 131
Trd, 4319746.743, 135
Trd, 4319748.193, 116
Trd, 4319750.043, 121
Trd, 4319750.443, 108
Trd, 4319750.893, 100
Trd, 4319752.293, 113
Trd, 4319752.543, 113
Trd, 4319752.943, 111
Trd, 4319753.393, 115
Trd, 4319753.793, 99
Trd, 4319755.693, 60
Trd, 4319755.743, 60
Trd, 4319756.593, 60
Trd, 4319758.093, 61
Trd, 4319758.293, 63
Trd, 4319758.643, 74
Trd, 4319758.693, 93
Trd, 4319759.443, 140
Trd, 4319760.743, 140
Trd, 4319763.643, 140
Trd, 4319764.743, 140
Trd, 4319764.943, 138
Trd, 4319765.193, 130
Trd, 4319766.393, 137
Trd, 4319766.443, 99
Trd, 4319769.093, 107
Trd, 4319770.043, 140
Trd, 4319770.093, 103
Trd, 4319772.193, 78
Trd, 4319773.043, 100
Trd, 4319773.893, 123
Trd, 4319774.093, 126
Trd, 4319774.693, 103
Trd, 4319775.043, 91
Trd, 4319775.493, 112
Trd, 4319777.293, 97
Trd, 4319777.493, 96
Trd, 4319778.093, 65
Trd, 4319778.393, 67
Trd, 4319778.743, 96
Trd, 4319781.593, 129
Trd, 4319782.443, 117
Trd, 4319783.743, 120
Trd, 4319784.293, 120
Trd, 4319784.493, 115
Trd, 4319785.293, 101
Trd, 4319785.643, 88
Trd, 4319786.243, 118
Trd, 4319787.543, 88
Trd, 4319788.093, 87
Trd, 4319791.293, 140
Trd, 4319793.193, 140
Trd, 4319793.843, 140
Trd, 4319795.043, 140
Trd, 4319795.443, 139
Trd, 4319796.043, 134
Trd, 4319796.093, 113
Trd, 4319796.443, 94
Trd, 4319797.343, 89
Trd, 4319799.543, 125
Trd, 4319799.793, 119
Trd, 4319800.293, 106
Trd, 4319800.493, 105
Trd, 4319800.643, 123
Trd, 4319800.893, 97
Trd, 4319801.143, 123
Trd, 4319802.793, 88
Trd, 4319805.393, 140
Trd, 4319805.543, 130
Trd, 4319806.293, 129
Trd, 4319807.693, 137
Trd, 4319808.343, 127
Trd, 4319810.093, 96
Trd, 4319810.543, 128
Trd, 4319811.943, 140
Trd, 4319812.243, 140
Trd, 4319814.693, 140
Trd, 4319814.893, 137
Trd, 4319815.693, 107
Trd, 4319816.543, 90
Trd, 4319816.943, 85
Trd, 4319818.693, 125
Trd, 4319818.793, 118
Trd, 4319819.643, 127
Trd, 4319820.343, 102
Trd, 4319821.343, 127
Trd, 4319821.543, 101
Trd, 4319822.443, 132
Trd, 4319823.143, 79
Trd, 4319824.093, 73
Trd, 4319825.193, 60
Trd, 4319825.243, 65
Trd, 4319826.843, 100
Trd, 4319826.943, 95
Trd, 4319827.643, 121
Trd, 4319828.193, 99
Trd, 4319829.993, 122
Trd, 4319832.343, 117
Trd, 4319833.143, 120
Trd, 4319833.393, 110
Trd, 4319834.443, 133
Trd, 4319835.293, 118
Trd, 4319835.943, 93
Trd, 4319836.043, 132
Trd, 4319836.993, 92
Trd, 4319837.943, 92
Trd, 4319838.243, 125
Trd, 4319838.643, 70
Trd, 4319841.043, 140
Trd, 4319842.043, 140
Trd, 4319842.543, 140
Trd, 4319842.643, 111
Trd, 4319843.293, 134
Trd, 4319843.493, 103
Trd, 4319844.843, 60
Trd, 4319845.343, 75
Trd, 4319847.493, 111
Trd, 4319847.693, 124
Trd, 4319848.893, 122
Trd, 4319848.943, 125
Trd, 4319850.093, 117
Trd, 4319850.843, 100
Trd, 4319851.593, 102
Trd, 4319852.743, 108
Trd, 4319853.493, 123
Trd, 4319853.643, 110
Trd, 4319853.693, 100
Trd, 4319854.043, 96
Trd, 4319854.593, 140
Trd, 4319856.043, 86
Trd, 4319857.193, 139
Trd, 4319857.843, 90
Trd, 4319858.393, 139
Trd, 4319860.093, 120
Trd, 4319860.193, 119
Trd, 4319861.843, 140
Trd, 4319862.693, 140
Trd, 4319864.243, 138
Trd, 4319864.593, 136
Trd, 4319865.443, 136
Trd, 4319865.843, 136
Trd, 4319865.893, 130
Trd, 4319866.743, 126
Trd, 4319866.893, 132
Trd, 4319867.943, 102
Trd, 4319868.543, 113
Trd, 4319868.943, 114
Trd, 4319869.043, 98
Trd, 4319871.793, 65
Trd, 4319872.493, 65
Trd, 4319872.543, 66
Trd, 4319873.843, 74
Trd, 4319874.043, 115
Trd, 4319879.493, 140
Trd, 4319879.543, 140
Trd, 4319879.943, 140
Trd, 4319880.993, 140
Trd, 4319881.143, 139
Trd, 4319881.743, 104
Trd, 4319882.193, 88
Trd, 4319882.293, 84
Trd, 4319882.593, 127
Trd, 4319883.643, 132
Trd, 4319884.493, 132
Trd, 4319885.343, 140
Trd, 4319885.493, 81
Trd, 4319885.893, 88
Trd, 4319886.793, 130
Trd, 4319888.643, 140
Trd, 4319889.693, 140
Trd, 4319890.693, 137
Trd, 4319891.393, 139
Trd, 4319891.593, 130
Trd, 4319893.093, 133
Trd, 4319893.443, 114
Trd, 4319894.793, 138
Trd, 4319894.993, 125
Trd, 4319896.143, 130
Trd, 4319897.193, 140
Trd, 4319899.643, 138
Trd, 4319900.293, 135
Trd, 4319900.393, 126
Trd, 4319900.743, 112
Trd, 4319901.343, 134
Trd, 4319904.043, 114
Trd, 4319904.243, 79
Trd, 4319905.293, 69
Trd, 4319905.743, 120
Trd, 4319908.093, 140
Trd, 4319908.143, 133
Trd, 4319909.293, 112
Trd, 4319911.793, 122
Trd, 4319911.893, 110
Trd, 4319912.343, 99
Trd, 4319913.543, 104
Trd, 4319913.893, 102
Trd, 4319914.043, 121
Trd, 4319914.343, 108
Trd, 4319914.943, 122
Trd, 4319916.093, 140
Trd, 4319916.943, 140
Trd, 4319918.543, 140
Trd, 4319919.843, 139
Trd, 4319920.443, 137
Trd, 4319921.793, 122
Trd, 4319923.093, 127
Trd, 4319923.943, 126
Trd, 4319924.193, 113
Trd, 4319924.493, 91
Trd, 4319924.693, 72
Trd, 4319926.043, 136
Trd, 4319927.993, 116
Trd, 4319928.993, 131
Trd, 4319929.743, 117
Trd, 4319930.443, 140
Trd, 4319931.193, 138
Trd, 4319932.293, 102
Trd, 4319933.293, 139
Trd, 4319935.043, 127
Trd, 4319937.093, 134
Trd, 4319937.693, 131
Trd, 4319938.643, 139
Trd, 4319940.293, 122
Trd, 4319940.893, 119
Trd, 4319941.543, 98
Trd, 4319942.043, 130
Trd, 4319942.993, 125
Trd, 4319943.393, 94
Trd, 4319943.493, 93
Trd, 4319943.993, 125
Trd, 4319946.293, 122
Trd, 4319946.593, 121
Trd, 4319947.393, 125
Trd, 4319947.543, 119
Trd, 4319947.993, 140
Trd, 4319948.493, 113
Trd, 4319949.493, 119
Trd, 4319952.143, 117
Trd, 4319952.593, 110
Trd, 4319953.743, 138
Trd, 4319953.843, 130
Trd, 4319953.893, 106
Trd, 4319954.793, 140
Trd, 4319956.893, 127
Trd, 4319957.893, 140
Trd, 4319957.993, 123
Trd, 4319959.143, 117
Trd, 4319961.293, 140
Trd, 4319963.443, 140
Trd, 4319963.543, 140
Trd, 4319965.043, 140
Trd, 4319965.143, 136
Trd, 4319966.743, 121
Trd, 4319968.393, 140
Trd, 4319969.893, 137
Trd, 4319970.243, 138
Trd, 4319970.343, 134
Trd, 4319971.643, 99
Trd, 4319972.443, 94
Trd, 4319972.493, 95
Trd, 4319973.143, 73
Trd, 4319973.793, 69
Trd, 4319973.943, 95
Trd, 4319974.343, 95
Trd, 4319974.493, 91
Trd, 4319975.643, 91
Trd, 4319976.693, 96
Trd, 4319977.743, 115
Trd, 4319978.593, 60
Trd, 4319979.393, 67
Trd, 4319980.343, 75
Trd, 4319980.643, 64
Trd, 4319982.093, 90
Trd, 4319982.293, 89
Trd, 4319984.293, 121
Trd, 4319984.443, 101
Trd, 4319984.543, 111
Trd, 4319985.193, 124
Trd, 4319985.693, 107
Trd, 4319987.443, 140
Trd, 4319988.343, 139
Trd, 4319988.843, 138
Trd, 4319990.243, 127
Trd, 4319990.593, 105
Trd, 4319991.693, 124
Trd, 4319991.793, 104
Trd, 4319992.293, 125
Trd, 4319992.543, 121
Trd, 4319993.543, 114
Trd, 4319993.593, 90
Trd, 4319995.943, 122
Trd, 4319996.993, 124
Trd, 4319998.043, 116
Trd, 4319998.293, 129
Trd, 4319999.343, 92
