Trd, 4318071.293, 111
Trd, 4318071.443, 93
Trd, 4318071.693, 76
Trd, 4318073.943, 123
Trd, 4318074.593, 105
Trd, 4318075.393, 77
Trd, 4318076.093, 62
Trd, 4318077.143, 60
Trd, 4318078.393, 122
Trd, 4318078.543, 122
Trd, 4318078.843, 95
Trd, 4318079.693, 88
Trd, 4318081.143, 69
Trd, 4318081.443, 73
Trd, 4318081.643, 69
Trd, 4318083.193, 130
Trd, 4318084.843, 138
Trd, 4318085.443, 128
Trd, 4318085.743, 126
Trd, 4318087.043, 130
Trd, 4318087.093, 121
Trd, 4318087.293, 99
Trd, 4318087.393, 118
Trd, 4318087.893, 118
Trd, 4318088.693, 131
Trd, 4318091.493, 112
Trd, 4318091.893, 114
Trd, 4318093.793, 133
Trd, 4318094.193, 126
Trd, 4318094.693, 140
Trd, 4318095.093, 100
Trd, 4318095.943, 128
Trd, 4318097.143, 98
Trd, 4318097.643, 88
Trd, 4318098.693, 99
Trd, 4318098.893, 99
Trd, 4318100.993, 139
Trd, 4318101.743, 112
Trd, 4318102.743, 115
Trd, 4318102.843, 108
Trd, 4318105.893, 139
Trd, 4318105.943, 130
Trd, 4318106.993, 126
Trd, 4318107.393, 139
Trd, 4318108.493, 113
Trd, 4318109.093, 108
Trd, 4318109.593, 113
Trd, 4318110.593, 138
Trd, 4318111.443, 126
Trd, 4318111.693, 111
Trd, 4318111.943, 111
Trd, 4318112.193, 85
Trd, 4318113.643, 140
Trd, 4318115.143, 131
Trd, 4318115.493, 112
Trd, 4318116.243, 136
Trd, 4318118.643, 129
Trd, 4318118.693, 115
Trd, 4318119.493, 100
Trd, 4318119.643, 117
Trd, 4318120.143, 133
Trd, 4318120.993, 111
Trd, 4318121.043, 98
Trd, 4318123.643, 101
Trd, 4318123.893, 95
Trd, 4318124.543, 78
Trd, 4318126.743, 139
Trd, 4318127.143, 130
Trd, 4318127.243, 122
Trd, 4318128.043, 136
Trd, 4318129.193, 122
Trd, 4318130.043, 123
Trd, 4318131.293, 80
Trd, 4318132.593, 127
Trd, 4318132.943, 93
Trd, 4318133.193, 109
Trd, 4318133.343, 79
Trd, 4318133.693, 82
Trd, 4318135.443, 105
Trd, 4318135.993, 96
Trd, 4318136.343, 116
Trd, 4318136.943, 110
Trd, 4318137.493, 122
Trd, 4318137.543, 103
Trd, 4318138.993, 105
Trd, 4318140.493, 90
Trd, 4318141.143, 126
Trd, 4318142.893, 140
Trd, 4318143.093, 117
Trd, 4318143.843, 99
Trd, 4318144.043, 122
Trd, 4318145.093, 99
Trd, 4318145.143, 94
Trd, 4318145.543, 84
Trd, 4318146.143, 67
Trd, 4318147.743, 123
Trd, 4318148.893, 105
Trd, 4318149.843, 129
Trd, 4318150.343, 71
Trd, 4318151.593, 121
Trd, 4318151.843, 118
Trd, 4318152.143, 132
Trd, 4318153.593, 109
Trd, 4318153.943, 87
Trd, 4318154.643, 67
Trd, 4318154.693, 93
Trd, 4318155.543, 124
Trd, 4318157.693, 119
Trd, 4318159.443, 124
Trd, 4318159.743, 129
Trd, 4318159.893, 109
Trd, 4318160.943, 108
Trd, 4318161.093, 107
Trd, 4318161.643, 102
Trd, 4318162.193, 103
Trd, 4318163.543, 115
Trd, 4318163.643, 119
Trd, 4318163.743, 113
Trd, 4318164.243, 107
Trd, 4318164.793, 81
Trd, 4318166.043, 106
Trd, 4318166.693, 106
Trd, 4318166.843, 114
Trd, 4318167.643, 105
Trd, 4318167.693, 122
Trd, 4318168.943, 140
Trd, 4318169.943, 131
Trd, 4318171.743, 114
Trd, 4318172.943, 127
Trd, 4318174.893, 117
Trd, 4318175.343, 124
Trd, 4318177.543, 135
Trd, 4318178.293, 128
Trd, 4318178.543, 121
Trd, 4318179.343, 110
Trd, 4318179.443, 109
Trd, 4318181.893, 97
Trd, 4318182.043, 86
Trd, 4318182.243, 90
Trd, 4318182.543, 86
Trd, 4318182.693, 110
Trd, 4318182.793, 68
Trd, 4318183.093, 126
Trd, 4318184.043, 131
Trd, 4318185.543, 113
Trd, 4318188.243, 88
Trd, 4318188.693, 91
Trd, 4318189.543, 113
Trd, 4318190.143, 134
Trd, 4318190.243, 114
Trd, 4318192.843, 137
Trd, 4318193.543, 123
Trd, 4318194.743, 139
Trd, 4318194.793, 131
Trd, 4318195.243, 109
Trd, 4318196.593, 118
Trd, 4318197.193, 131
Trd, 4318197.293, 123
Trd, 4318197.893, 127
Trd, 4318198.543, 119
Trd, 4318199.093, 103
Trd, 4318199.343, 129
Trd, 4318200.043, 93
Trd, 4318200.193, 86
Trd, 4318200.543, 82
Trd, 4318202.693, 134
Trd, 4318202.743, 122
Trd, 4318203.593, 135
Trd, 4318203.893, 110
Trd, 4318204.093, 114
Trd, 4318206.343, 95
Trd, 4318206.593, 127
Trd, 4318206.993, 85
Trd, 4318207.593, 73
Trd, 4318208.043, 128
Trd, 4318208.343, 112
Trd, 4318209.993, 112
Trd, 4318210.943, 102
Trd, 4318212.643, 137
Trd, 4318212.743, 129
Trd, 4318213.193, 136
Trd, 4318213.343, 120
Trd, 4318215.293, 110
Trd, 4318215.743, 137
Trd, 4318216.143, 127
Trd, 4318216.243, 126
Trd, 4318218.093, 100
Trd, 4318218.243, 95
Trd, 4318219.493, 103
Trd, 4318220.493, 86
Trd, 4318220.693, 84
Trd, 4318221.493, 138
Trd, 4318221.543, 129
Trd, 4318223.193, 130
Trd, 4318224.843, 139
Trd, 4318224.943, 121
Trd, 4318225.093, 106
Trd, 4318225.693, 104
Trd, 4318226.293, 97
Trd, 4318227.093, 138
Trd, 4318227.993, 123
Trd, 4318228.493, 115
Trd, 4318229.893, 110
Trd, 4318230.043, 103
Trd, 4318230.693, 97
Trd, 4318231.243, 97
Trd, 4318232.993, 136
Trd, 4318233.943, 114
Trd, 4318234.193, 118
Trd, 4318234.393, 131
Trd, 4318234.793, 121
Trd, 4318235.243, 125
Trd, 4318236.693, 113
Trd, 4318237.493, 103
Trd, 4318238.943, 131
Trd, 4318239.693, 130
Trd, 4318240.093, 109
Trd, 4318240.593, 119
Trd, 4318241.193, 100
Trd, 4318241.443, 82
Trd, 4318241.543, 64
Trd, 4318241.743, 95
Trd, 4318243.393, 65
Trd, 4318244.493, 100
Trd, 4318245.593, 109
Trd, 4318247.643, 134
Trd, 4318250.043, 140
Trd, 4318250.443, 130
Trd, 4318251.143, 129
Trd, 4318251.193, 126
Trd, 4318252.293, 121
Trd, 4318252.793, 120
Trd, 4318254.293, 85
Trd, 4318254.893, 101
Trd, 4318255.743, 110
Trd, 4318256.443, 119
Trd, 4318257.043, 104
Trd, 4318257.943, 116
Trd, 4318258.443, 121
Trd, 4318258.893, 84
Trd, 4318259.343, 122
Trd, 4318259.593, 87
Trd, 4318259.793, 69
Trd, 4318262.493, 123
Trd, 4318263.043, 120
Trd, 4318263.193, 112
Trd, 4318263.943, 80
Trd, 4318265.393, 82
Trd, 4318265.693, 87
Trd, 4318267.043, 60
Trd, 4318267.643, 66
Trd, 4318268.293, 100
Trd, 4318268.593, 97
Trd, 4318268.743, 85
Trd, 4318269.543, 80
Trd, 4318270.143, 99
Trd, 4318271.143, 93
Trd, 4318271.343, 84
Trd, 4318271.493, 78
Trd, 4318275.643, 131
Trd, 4318275.843, 105
Trd, 4318275.943, 97
Trd, 4318276.543, 81
Trd, 4318276.793, 78
Trd, 4318276.843, 95
Trd, 4318276.993, 72
Trd, 4318277.793, 66
Trd, 4318277.943, 110
Trd, 4318278.643, 61
Trd, 4318280.143, 88
Trd, 4318280.543, 97
Trd, 4318281.493, 99
Trd, 4318282.693, 86
Trd, 4318283.143, 97
Trd, 4318283.393, 115
Trd, 4318285.393, 116
Trd, 4318286.393, 140
Trd, 4318286.693, 106
Trd, 4318287.943, 125
Trd, 4318288.993, 127
Trd, 4318289.893, 128
Trd, 4318291.693, 125
Trd, 4318291.893, 112
Trd, 4318292.243, 91
Trd, 4318293.293, 133
Trd, 4318293.793, 133
Trd, 4318294.743, 71
Trd, 4318295.193, 97
Trd, 4318295.843, 127
Trd, 4318296.243, 109
Trd, 4318296.693, 110
Trd, 4318297.393, 111
Trd, 4318298.843, 115
Trd, 4318299.643, 109
Trd, 4318300.093, 106
Trd, 4318300.593, 89
Trd, 4318301.593, 103
Trd, 4318302.193, 107
Trd, 4318304.493, 139
Trd, 4318304.943, 118
Trd, 4318306.793, 138
Trd, 4318307.043, 123
Trd, 4318307.343, 126
Trd, 4318308.043, 131
Trd, 4318308.093, 88
Trd, 4318308.993, 129
Trd, 4318309.893, 99
Trd, 4318310.193, 132
Trd, 4318310.293, 99
Trd, 4318313.643, 140
Trd, 4318314.043, 126
Trd, 4318314.743, 103
Trd, 4318316.093, 109
Trd, 4318316.443, 105
Trd, 4318316.893, 114
Trd, 4318318.243, 96
Trd, 4318319.143, 116
Trd, 4318319.243, 96
Trd, 4318321.593, 129
Trd, 4318321.743, 114
Trd, 4318322.943, 89
Trd, 4318323.043, 88
Trd, 4318324.393, 106
Trd, 4318324.643, 107
Trd, 4318324.843, 84
Trd, 4318326.993, 138
Trd, 4318328.193, 137
Trd, 4318328.393, 111
Trd, 4318329.243, 94
Trd, 4318330.343, 107
Trd, 4318330.993, 77
Trd, 4318331.193, 108
Trd, 4318332.143, 112
Trd, 4318332.793, 77
Trd, 4318332.893, 74
Trd, 4318334.293, 90
Trd, 4318335.043, 114
Trd, 4318335.693, 137
Trd, 4318335.843, 112
Trd, 4318336.793, 106
Trd, 4318336.943, 102
Trd, 4318337.493, 103
Trd, 4318340.543, 136
Trd, 4318340.993, 117
Trd, 4318341.443, 109
Trd, 4318342.593, 137
Trd, 4318342.993, 130
Trd, 4318344.543, 128
Trd, 4318345.093, 119
Trd, 4318345.393, 117
Trd, 4318345.593, 65
Trd, 4318346.293, 138
Trd, 4318346.393, 72
Trd, 4318348.993, 131
Trd, 4318349.943, 135
Trd, 4318350.343, 137
Trd, 4318352.143, 120
Trd, 4318353.143, 101
Trd, 4318353.443, 116
Trd, 4318353.993, 102
Trd, 4318354.793, 111
Trd, 4318355.193, 118
Trd, 4318355.293, 84
Trd, 4318356.393, 140
Trd, 4318357.493, 139
Trd, 4318358.193, 121
Trd, 4318358.243, 115
Trd, 4318358.993, 91
Trd, 4318359.393, 118
Trd, 4318360.493, 132
Trd, 4318362.443, 138
Trd, 4318363.843, 111
Trd, 4318365.243, 125
Trd, 4318365.443, 108
Trd, 4318367.093, 99
Trd, 4318367.643, 120
Trd, 4318367.693, 117
Trd, 4318368.243, 82
Trd, 4318369.043, 126
Trd, 4318369.293, 129
Trd, 4318370.143, 121
Trd, 4318371.693, 89
Trd, 4318372.293, 78
Trd, 4318373.793, 135
Trd, 4318373.843, 126
Trd, 4318374.143, 111
Trd, 4318374.943, 87
Trd, 4318375.293, 77
Trd, 4318375.743, 117
Trd, 4318375.993, 106
Trd, 4318377.893, 77
Trd, 4318379.293, 74
Trd, 4318379.943, 99
Trd, 4318380.143, 93
Trd, 4318380.293, 113
Trd, 4318381.593, 66
Trd, 4318382.543, 97
Trd, 4318384.243, 71
Trd, 4318384.993, 133
Trd, 4318386.793, 122
Trd, 4318387.493, 113
Trd, 4318388.943, 107
Trd, 4318389.543, 99
Trd, 4318390.443, 109
Trd, 4318390.593, 95
Trd, 4318393.343, 135
Trd, 4318394.143, 135
Trd, 4318394.593, 139
Trd, 4318394.643, 119
Trd, 4318396.193, 128
Trd, 4318396.693, 117
Trd, 4318397.043, 104
Trd, 4318398.443, 107
Trd, 4318398.743, 89
Trd, 4318398.843, 65
Trd, 4318400.893, 133
Trd, 4318401.493, 138
Trd, 4318401.593, 140
Trd, 4318402.243, 129
Trd, 4318402.443, 124
Trd, 4318403.293, 132
Trd, 4318404.343, 116
Trd, 4318404.543, 111
Trd, 4318404.993, 110
Trd, 4318405.393, 136
Trd, 4318407.443, 128
Trd, 4318408.443, 105
Trd, 4318409.293, 127
Trd, 4318410.043, 107
Trd, 4318410.243, 136
Trd, 4318410.793, 120
Trd, 4318412.193, 119
Trd, 4318412.893, 117
Trd, 4318414.393, 114
Trd, 4318414.543, 107
Trd, 4318415.693, 130
Trd, 4318416.793, 107
Trd, 4318417.293, 111
Trd, 4318417.843, 113
Trd, 4318418.143, 109
Trd, 4318418.793, 70
Trd, 4318419.543, 68
Trd, 4318419.893, 99
Trd, 4318420.943, 132
Trd, 4318421.943, 65
Trd, 4318422.893, 64
Trd, 4318424.643, 70
Trd, 4318425.293, 117
Trd, 4318426.743, 139
Trd, 4318427.043, 130
Trd, 4318427.143, 121
Trd, 4318428.743, 116
Trd, 4318429.793, 135
Trd, 4318430.543, 114
Trd, 4318431.193, 117
Trd, 4318431.743, 113
Trd, 4318432.693, 98
Trd, 4318433.043, 117
Trd, 4318433.693, 137
Trd, 4318433.843, 126
Trd, 4318435.793, 100
Trd, 4318436.793, 138
Trd, 4318437.743, 121
Trd, 4318438.443, 139
Trd, 4318438.493, 130
Trd, 4318440.143, 131
Trd, 4318442.093, 122
Trd, 4318442.143, 119
Trd, 4318442.743, 131
Trd, 4318442.893, 131
Trd, 4318444.943, 126
Trd, 4318447.193, 112
Trd, 4318447.793, 105
Trd, 4318447.843, 86
Trd, 4318448.343, 70
Trd, 4318448.793, 111
Trd, 4318451.243, 131
Trd, 4318452.593, 113
Trd, 4318453.393, 136
Trd, 4318453.893, 116
Trd, 4318455.393, 140
Trd, 4318455.543, 130
Trd, 4318456.643, 137
Trd, 4318457.093, 120
Trd, 4318458.543, 132
Trd, 4318459.543, 116
Trd, 4318459.593, 111
Trd, 4318460.743, 108
Trd, 4318460.793, 101
Trd, 4318461.193, 96
Trd, 4318461.893, 121
Trd, 4318463.593, 140
Trd, 4318464.093, 100
Trd, 4318464.293, 104
Trd, 4318466.243, 97
Trd, 4318466.793, 97
Trd, 4318467.843, 98
Trd, 4318468.293, 97
Trd, 4318469.093, 83
Trd, 4318469.293, 136
Trd, 4318470.543, 126
Trd, 4318471.193, 122
Trd, 4318471.543, 116
Trd, 4318471.643, 109
Trd, 4318474.993, 139
Trd, 4318475.093, 136
Trd, 4318475.543, 122
Trd, 4318476.143, 135
Trd, 4318476.793, 102
Trd, 4318477.143, 83
Trd, 4318477.493, 80
Trd, 4318479.043, 114
Trd, 4318479.993, 125
Trd, 4318480.543, 117
Trd, 4318481.093, 85
Trd, 4318482.443, 80
Trd, 4318483.343, 77
Trd, 4318484.693, 124
Trd, 4318485.243, 96
Trd, 4318485.643, 132
Trd, 4318486.393, 68
Trd, 4318488.043, 125
Trd, 4318489.243, 136
Trd, 4318489.593, 131
Trd, 4318489.743, 108
Trd, 4318491.043, 107
Trd, 4318491.143, 105
Trd, 4318491.493, 102
Trd, 4318492.143, 119
Trd, 4318492.843, 108
Trd, 4318494.343, 131
Trd, 4318494.743, 134
Trd, 4318494.993, 107
Trd, 4318495.243, 131
Trd, 4318496.193, 96
Trd, 4318496.793, 128
Trd, 4318497.993, 139
Trd, 4318498.293, 119
Trd, 4318498.843, 131
Trd, 4318499.293, 125
Trd, 4318500.143, 135
Trd, 4318500.593, 119
Trd, 4318501.393, 127
Trd, 4318502.243, 110
Trd, 4318502.493, 92
Trd, 4318504.493, 77
Trd, 4318504.993, 76
Trd, 4318505.193, 78
Trd, 4318506.493, 130
Trd, 4318506.893, 89
Trd, 4318508.093, 128
Trd, 4318509.643, 134
Trd, 4318510.343, 101
Trd, 4318510.493, 97
Trd, 4318511.493, 97
Trd, 4318512.143, 124
Trd, 4318513.093, 104
Trd, 4318513.343, 96
Trd, 4318514.293, 138
Trd, 4318515.193, 123
Trd, 4318515.993, 91
Trd, 4318516.193, 89
Trd, 4318516.393, 115
Trd, 4318518.043, 84
Trd, 4318519.093, 88
Trd, 4318521.193, 121
Trd, 4318521.543, 103
Trd, 4318522.043, 108
Trd, 4318522.093, 85
Trd, 4318522.143, 80
Trd, 4318522.793, 135
Trd, 4318523.493, 94
Trd, 4318524.693, 139
Trd, 4318525.643, 111
Trd, 4318527.593, 135
Trd, 4318528.193, 119
Trd, 4318528.393, 118
Trd, 4318529.193, 110
Trd, 4318530.343, 72
Trd, 4318530.793, 85
Trd, 4318532.343, 95
Trd, 4318533.193, 116
Trd, 4318534.293, 130
Trd, 4318534.893, 122
Trd, 4318536.293, 119
Trd, 4318536.793, 114
Trd, 4318538.243, 105
Trd, 4318538.693, 100
Trd, 4318539.293, 91
Trd, 4318541.943, 136
Trd, 4318542.043, 113
Trd, 4318543.843, 117
Trd, 4318544.293, 129
Trd, 4318544.343, 121
Trd, 4318545.043, 118
Trd, 4318545.293, 101
Trd, 4318545.643, 99
Trd, 4318546.093, 83
Trd, 4318546.393, 114
Trd, 4318546.743, 68
Trd, 4318547.893, 64
Trd, 4318549.843, 136
Trd, 4318550.393, 140
Trd, 4318551.693, 101
Trd, 4318552.143, 127
Trd, 4318553.143, 134
Trd, 4318555.193, 127
Trd, 4318555.393, 119
Trd, 4318556.893, 133
Trd, 4318557.343, 132
Trd, 4318558.143, 123
Trd, 4318558.543, 122
Trd, 4318558.893, 106
Trd, 4318560.793, 99
Trd, 4318561.543, 114
Trd, 4318561.643, 116
Trd, 4318562.293, 132
Trd, 4318564.443, 116
Trd, 4318564.743, 103
Trd, 4318565.293, 130
Trd, 4318567.643, 116
Trd, 4318567.693, 106
Trd, 4318568.143, 89
Trd, 4318568.343, 131
Trd, 4318568.993, 98
Trd, 4318569.393, 71
Trd, 4318569.893, 109
Trd, 4318570.343, 101
Trd, 4318570.843, 118
Trd, 4318570.943, 85
Trd, 4318572.393, 128
Trd, 4318573.743, 124
Trd, 4318573.943, 133
Trd, 4318574.693, 60
Trd, 4318575.393, 83
Trd, 4318576.543, 62
Trd, 4318577.893, 93
Trd, 4318578.093, 89
Trd, 4318578.143, 107
Trd, 4318580.243, 118
Trd, 4318580.493, 102
Trd, 4318581.693, 111
Trd, 4318581.843, 95
Trd, 4318583.993, 103
Trd, 4318584.293, 82
Trd, 4318584.993, 81
Trd, 4318586.693, 90
Trd, 4318589.643, 135
Trd, 4318589.693, 126
Trd, 4318590.043, 117
Trd, 4318591.143, 104
Trd, 4318592.593, 103
Trd, 4318592.743, 98
Trd, 4318592.893, 132
Trd, 4318593.593, 87
Trd, 4318593.793, 133
Trd, 4318594.943, 106
Trd, 4318595.393, 113
Trd, 4318596.543, 115
Trd, 4318597.593, 107
Trd, 4318597.643, 96
Trd, 4318598.143, 111
Trd, 4318598.393, 101
Trd, 4318598.893, 93
Trd, 4318599.543, 63
Trd, 4318601.393, 136
Trd, 4318601.643, 139
Trd, 4318602.543, 122
Trd, 4318603.293, 119
Trd, 4318604.793, 138
Trd, 4318605.193, 129
Trd, 4318605.743, 93
Trd, 4318606.343, 138
Trd, 4318606.443, 138
Trd, 4318607.443, 138
Trd, 4318607.543, 86
Trd, 4318608.093, 103
Trd, 4318609.293, 131
Trd, 4318609.643, 69
Trd, 4318612.793, 109
Trd, 4318613.243, 110
Trd, 4318613.793, 102
Trd, 4318615.993, 136
Trd, 4318616.443, 132
Trd, 4318618.393, 107
Trd, 4318618.493, 105
Trd, 4318618.593, 100
Trd, 4318619.043, 103
Trd, 4318620.343, 99
Trd, 4318620.593, 123
Trd, 4318620.643, 94
Trd, 4318621.193, 111
Trd, 4318622.093, 77
Trd, 4318622.693, 91
Trd, 4318624.193, 127
Trd, 4318624.943, 118
Trd, 4318625.193, 79
Trd, 4318625.993, 90
Trd, 4318627.693, 140
Trd, 4318628.543, 121
Trd, 4318629.893, 120
Trd, 4318630.343, 115
Trd, 4318630.593, 128
Trd, 4318631.043, 105
Trd, 4318632.943, 125
Trd, 4318633.893, 131
Trd, 4318633.993, 116
Trd, 4318634.943, 128
Trd, 4318635.293, 90
Trd, 4318635.993, 88
Trd, 4318636.093, 96
Trd, 4318637.843, 136
Trd, 4318638.843, 123
Trd, 4318639.243, 137
Trd, 4318639.393, 114
Trd, 4318640.993, 98
Trd, 4318642.543, 118
Trd, 4318642.593, 112
Trd, 4318642.643, 122
Trd, 4318643.293, 116
Trd, 4318643.793, 120
Trd, 4318645.043, 127
Trd, 4318647.893, 127
Trd, 4318647.943, 125
Trd, 4318649.093, 112
Trd, 4318649.793, 126
Trd, 4318650.943, 112
Trd, 4318651.493, 80
Trd, 4318652.193, 120
Trd, 4318652.493, 137
Trd, 4318654.043, 134
Trd, 4318654.393, 121
Trd, 4318654.543, 94
Trd, 4318655.143, 88
Trd, 4318655.393, 82
Trd, 4318655.793, 71
Trd, 4318656.443, 68
Trd, 4318656.793, 64
Trd, 4318656.893, 69
Trd, 4318657.593, 84
Trd, 4318659.593, 96
Trd, 4318661.443, 115
Trd, 4318661.993, 113
Trd, 4318663.043, 100
Trd, 4318663.893, 120
Trd, 4318664.693, 134
Trd, 4318665.643, 136
Trd, 4318666.043, 127
Trd, 4318666.493, 135
Trd, 4318667.493, 71
Trd, 4318668.193, 87
Trd, 4318670.093, 101
Trd, 4318670.543, 100
Trd, 4318671.193, 82
Trd, 4318671.343, 119
Trd, 4318671.643, 122
Trd, 4318674.243, 115
Trd, 4318674.643, 81
Trd, 4318674.793, 80
Trd, 4318674.843, 80
Trd, 4318675.043, 108
Trd, 4318675.543, 62
Trd, 4318677.793, 94
Trd, 4318678.843, 134
Trd, 4318679.993, 109
Trd, 4318681.143, 108
Trd, 4318681.543, 130
Trd, 4318681.793, 117
Trd, 4318681.943, 110
Trd, 4318681.993, 107
Trd, 4318682.543, 103
Trd, 4318684.093, 119
Trd, 4318684.743, 129
Trd, 4318684.843, 112
Trd, 4318685.343, 112
Trd, 4318685.993, 104
Trd, 4318687.643, 98
Trd, 4318688.043, 101
Trd, 4318688.243, 90
Trd, 4318689.543, 135
Trd, 4318689.743, 104
Trd, 4318690.193, 138
Trd, 4318690.643, 80
Trd, 4318690.993, 140
Trd, 4318691.943, 95
Trd, 4318693.043, 82
Trd, 4318693.493, 115
Trd, 4318695.443, 114
Trd, 4318695.493, 93
Trd, 4318696.043, 103
Trd, 4318697.243, 125
Trd, 4318697.693, 87
Trd, 4318698.443, 86
Trd, 4318699.543, 93
Trd, 4318700.593, 86
Trd, 4318701.443, 114
Trd, 4318701.693, 136
Trd, 4318701.793, 127
Trd, 4318701.843, 113
Trd, 4318702.843, 120
Trd, 4318703.743, 126
Trd, 4318703.893, 116
Trd, 4318705.243, 137
Trd, 4318705.593, 138
Trd, 4318706.593, 108
Trd, 4318706.643, 107
Trd, 4318708.043, 100
Trd, 4318709.043, 93
Trd, 4318710.443, 123
Trd, 4318710.643, 122
Trd, 4318711.093, 132
Trd, 4318711.143, 117
Trd, 4318712.393, 64
Trd, 4318712.543, 120
Trd, 4318713.143, 118
Trd, 4318714.743, 138
Trd, 4318714.943, 130
Trd, 4318715.393, 106
Trd, 4318715.743, 127
Trd, 4318716.543, 114
Trd, 4318717.993, 139
Trd, 4318718.993, 129
Trd, 4318720.993, 135
Trd, 4318721.143, 104
Trd, 4318722.543, 96
Trd, 4318722.943, 136
Trd, 4318726.743, 97
Trd, 4318726.793, 94
Trd, 4318726.893, 91
Trd, 4318727.793, 76
Trd, 4318728.493, 136
Trd, 4318728.743, 140
Trd, 4318730.343, 111
Trd, 4318731.243, 132
Trd, 4318731.443, 139
Trd, 4318731.843, 85
Trd, 4318731.993, 66
Trd, 4318732.943, 61
Trd, 4318734.243, 102
Trd, 4318734.593, 91
Trd, 4318736.043, 140
Trd, 4318736.243, 94
Trd, 4318738.393, 132
Trd, 4318738.543, 122
Trd, 4318738.993, 115
Trd, 4318739.043, 114
Trd, 4318739.193, 74
Trd, 4318741.643, 137
Trd, 4318742.543, 103
Trd, 4318742.643, 100
Trd, 4318744.293, 127
Trd, 4318744.993, 138
Trd, 4318745.893, 119
Trd, 4318747.193, 97
Trd, 4318747.743, 82
Trd, 4318748.443, 75
Trd, 4318748.843, 82
Trd, 4318750.143, 71
Trd, 4318750.493, 67
Trd, 4318750.643, 78
Trd, 4318751.443, 93
Trd, 4318751.693, 95
Trd, 4318751.793, 133
Trd, 4318753.493, 75
Trd, 4318754.493, 68
Trd, 4318755.593, 66
Trd, 4318756.143, 119
Trd, 4318756.643, 120
Trd, 4318757.393, 133
Trd, 4318757.793, 90
Trd, 4318757.893, 84
Trd, 4318761.293, 130
Trd, 4318761.393, 126
Trd, 4318761.443, 122
Trd, 4318761.493, 118
Trd, 4318761.593, 118
Trd, 4318762.643, 126
Trd, 4318763.243, 132
Trd, 4318765.593, 139
Trd, 4318765.993, 71
Trd, 4318766.143, 82
Trd, 4318766.743, 85
Trd, 4318766.993, 71
Trd, 4318768.193, 99
Trd, 4318768.993, 81
Trd, 4318769.993, 133
Trd, 4318770.043, 100
Trd, 4318770.643, 67
Trd, 4318771.043, 87
Trd, 4318771.443, 73
Trd, 4318773.293, 71
Trd, 4318773.843, 87
Trd, 4318773.943, 123
Trd, 4318777.193, 120
Trd, 4318777.293, 140
Trd, 4318778.243, 109
Trd, 4318778.393, 111
Trd, 4318778.543, 102
Trd, 4318778.693, 116
Trd, 4318779.343, 76
Trd, 4318779.693, 63
Trd, 4318780.893, 75
Trd, 4318781.143, 99
Trd, 4318782.493, 117
Trd, 4318782.943, 140
Trd, 4318783.043, 123
Trd, 4318783.643, 70
Trd, 4318784.143, 78
Trd, 4318784.943, 84
Trd, 4318785.143, 70
Trd, 4318786.693, 122
Trd, 4318788.443, 78
Trd, 4318789.743, 108
Trd, 4318789.893, 113
Trd, 4318791.343, 126
Trd, 4318791.393, 104
Trd, 4318791.993, 126
Trd, 4318792.943, 132
Trd, 4318793.243, 94
Trd, 4318793.443, 117
Trd, 4318794.443, 91
Trd, 4318795.193, 62
Trd, 4318795.443, 93
Trd, 4318796.093, 80
Trd, 4318798.143, 101
Trd, 4318799.893, 122
Trd, 4318801.193, 140
Trd, 4318801.693, 140
Trd, 4318802.393, 110
Trd, 4318802.793, 108
Trd, 4318803.243, 120
Trd, 4318804.043, 90
Trd, 4318804.793, 68
Trd, 4318804.943, 75
Trd, 4318807.343, 119
Trd, 4318807.843, 139
Trd, 4318808.243, 87
Trd, 4318808.893, 68
Trd, 4318809.243, 101
Trd, 4318810.793, 79
Trd, 4318811.243, 129
Trd, 4318811.343, 140
Trd, 4318812.393, 73
Trd, 4318813.143, 125
Trd, 4318813.893, 108
Trd, 4318815.093, 111
Trd, 4318815.593, 100
Trd, 4318817.143, 117
Trd, 4318817.543, 95
Trd, 4318817.793, 127
Trd, 4318817.993, 87
Trd, 4318818.793, 119
Trd, 4318819.843, 110
Trd, 4318821.043, 136
Trd, 4318821.293, 127
Trd, 4318822.393, 112
Trd, 4318823.343, 113
Trd, 4318824.293, 134
Trd, 4318824.393, 119
Trd, 4318825.443, 140
Trd, 4318825.693, 93
Trd, 4318826.893, 130
Trd, 4318828.493, 135
Trd, 4318830.443, 101
Trd, 4318832.493, 123
Trd, 4318832.893, 114
Trd, 4318833.043, 95
Trd, 4318833.743, 95
Trd, 4318833.893, 115
Trd, 4318834.143, 105
Trd, 4318834.843, 94
Trd, 4318835.093, 70
Trd, 4318835.293, 98
Trd, 4318836.593, 115
Trd, 4318837.343, 116
Trd, 4318839.893, 136
Trd, 4318840.493, 133
Trd, 4318840.593, 124
Trd, 4318842.343, 112
Trd, 4318843.393, 112
Trd, 4318844.493, 104
Trd, 4318845.293, 117
Trd, 4318845.743, 140
Trd, 4318845.943, 94
Trd, 4318847.343, 128
Trd, 4318848.393, 120
Trd, 4318848.693, 111
Trd, 4318849.493, 95
Trd, 4318850.143, 126
Trd, 4318850.343, 101
Trd, 4318851.243, 79
Trd, 4318851.743, 70
Trd, 4318852.993, 80
Trd, 4318853.493, 98
Trd, 4318853.843, 65
Trd, 4318854.993, 140
Trd, 4318856.193, 130
Trd, 4318857.143, 134
Trd, 4318857.893, 97
Trd, 4318858.593, 137
Trd, 4318860.543, 138
Trd, 4318861.643, 110
Trd, 4318862.493, 99
Trd, 4318863.843, 104
Trd, 4318863.893, 111
Trd, 4318864.893, 100
Trd, 4318866.393, 102
Trd, 4318866.743, 100
Trd, 4318866.793, 83
Trd, 4318866.843, 104
Trd, 4318869.043, 119
Trd, 4318869.543, 118
Trd, 4318869.743, 117
Trd, 4318870.143, 107
Trd, 4318871.543, 84
Trd, 4318873.393, 103
Trd, 4318873.743, 122
Trd, 4318874.093, 113
Trd, 4318875.693, 62
Trd, 4318876.943, 70
Trd, 4318878.093, 77
Trd, 4318878.593, 120
Trd, 4318879.093, 126
Trd, 4318879.393, 104
Trd, 4318879.643, 72
Trd, 4318880.443, 96
Trd, 4318881.093, 139
Trd, 4318882.743, 128
Trd, 4318882.793, 89
Trd, 4318884.743, 98
Trd, 4318885.193, 120
Trd, 4318885.743, 84
Trd, 4318886.443, 102
Trd, 4318886.493, 123
Trd, 4318887.343, 113
Trd, 4318887.393, 106
Trd, 4318888.793, 110
Trd, 4318889.843, 137
Trd, 4318891.893, 128
Trd, 4318893.393, 62
Trd, 4318894.443, 87
Trd, 4318895.043, 114
Trd, 4318895.943, 110
Trd, 4318897.243, 105
Trd, 4318897.443, 101
Trd, 4318897.493, 91
Trd, 4318897.543, 86
Trd, 4318899.193, 121
Trd, 4318900.593, 139
Trd, 4318900.643, 129
Trd, 4318901.693, 115
Trd, 4318901.893, 121
Trd, 4318903.293, 128
Trd, 4318904.993, 122
Trd, 4318905.443, 126
Trd, 4318905.843, 114
Trd, 4318906.693, 131
Trd, 4318906.743, 100
Trd, 4318907.543, 106
Trd, 4318908.393, 95
Trd, 4318909.493, 134
Trd, 4318910.193, 138
Trd, 4318911.143, 140
Trd, 4318913.643, 133
Trd, 4318913.843, 117
Trd, 4318914.843, 114
Trd, 4318915.693, 108
Trd, 4318916.393, 80
Trd, 4318917.043, 140
Trd, 4318918.043, 122
Trd, 4318919.293, 138
Trd, 4318920.793, 110
Trd, 4318922.443, 138
Trd, 4318922.493, 101
Trd, 4318923.593, 133
Trd, 4318923.843, 140
Trd, 4318926.093, 71
Trd, 4318926.193, 76
Trd, 4318926.443, 95
Trd, 4318926.543, 82
Trd, 4318928.743, 107
Trd, 4318929.693, 87
Trd, 4318930.043, 114
Trd, 4318930.493, 93
Trd, 4318931.693, 97
Trd, 4318931.893, 124
Trd, 4318933.243, 78
Trd, 4318934.443, 99
Trd, 4318934.693, 123
Trd, 4318934.943, 78
Trd, 4318935.843, 139
Trd, 4318936.193, 135
Trd, 4318936.243, 131
Trd, 4318937.893, 135
Trd, 4318939.743, 93
Trd, 4318939.943, 102
Trd, 4318941.193, 120
Trd, 4318941.643, 105
Trd, 4318941.993, 73
Trd, 4318943.193, 126
Trd, 4318943.443, 77
Trd, 4318944.193, 124
Trd, 4318945.593, 134
Trd, 4318946.593, 66
Trd, 4318947.893, 101
Trd, 4318947.943, 87
Trd, 4318948.843, 89
Trd, 4318949.743, 116
Trd, 4318950.943, 136
Trd, 4318951.693, 135
Trd, 4318952.643, 113
Trd, 4318952.793, 109
Trd, 4318953.243, 91
Trd, 4318955.543, 137
Trd, 4318955.993, 110
Trd, 4318956.793, 101
Trd, 4318957.093, 136
Trd, 4318958.043, 123
Trd, 4318959.893, 138
Trd, 4318960.193, 128
Trd, 4318960.843, 134
Trd, 4318960.893, 111
Trd, 4318962.893, 130
Trd, 4318963.343, 136
Trd, 4318963.743, 131
Trd, 4318964.643, 128
Trd, 4318964.843, 123
Trd, 4318965.493, 124
Trd, 4318965.693, 117
Trd, 4318966.543, 117
Trd, 4318967.643, 120
Trd, 4318969.393, 87
Trd, 4318969.543, 79
Trd, 4318969.893, 108
Trd, 4318970.543, 116
Trd, 4318970.993, 83
Trd, 4318971.043, 76
Trd, 4318972.443, 126
Trd, 4318973.193, 111
Trd, 4318973.293, 82
Trd, 4318975.193, 115
Trd, 4318975.443, 112
Trd, 4318975.643, 87
Trd, 4318976.493, 130
Trd, 4318976.843, 111
Trd, 4318977.743, 136
Trd, 4318978.443, 101
Trd, 4318978.943, 93
Trd, 4318979.143, 106
Trd, 4318981.093, 128
Trd, 4318981.293, 71
Trd, 4318981.893, 126
Trd, 4318983.443, 100
Trd, 4318983.693, 94
Trd, 4318984.843, 101
Trd, 4318985.693, 112
Trd, 4318986.293, 119
Trd, 4318986.493, 119
Trd, 4318986.543, 105
Trd, 4318986.693, 94
Trd, 4318987.443, 64
Trd, 4318987.643, 74
Trd, 4318987.893, 84
Trd, 4318989.493, 95
Trd, 4318991.043, 79
Trd, 4318992.043, 102
Trd, 4318992.543, 135
Trd, 4318992.793, 122
Trd, 4318996.043, 125
Trd, 4318997.343, 111
Trd, 4318997.593, 121
Trd, 4318997.893, 139
Trd, 4318998.243, 98
Trd, 4318998.593, 103
Trd, 4319001.243, 102
Trd, 4319002.243, 139
Trd, 4319002.993, 135
Trd, 4319003.793, 111
Trd, 4319004.493, 113
Trd, 4319005.343, 132
Trd, 4319005.743, 83
Trd, 4319006.293, 82
Trd, 4319006.693, 119
Trd, 4319006.993, 111
Trd, 4319007.243, 133
Trd, 4319007.993, 103
Trd, 4319010.093, 131
Trd, 4319010.593, 122
Trd, 4319012.193, 120
Trd, 4319012.393, 112
Trd, 4319014.543, 125
Trd, 4319015.343, 136
Trd, 4319016.143, 120
Trd, 4319017.493, 134
Trd, 4319017.743, 125
Trd, 4319018.093, 78
Trd, 4319020.543, 137
Trd, 4319021.343, 121
Trd, 4319021.443, 113
Trd, 4319021.943, 107
Trd, 4319022.193, 117
Trd, 4319022.793, 129
Trd, 4319023.593, 98
Trd, 4319024.643, 133
Trd, 4319025.343, 130
Trd, 4319027.243, 122
Trd, 4319027.343, 115
Trd, 4319027.943, 118
Trd, 4319028.193, 111
Trd, 4319029.793, 77
Trd, 4319030.843, 80
Trd, 4319032.043, 112
Trd, 4319033.043, 131
Trd, 4319033.793, 122
Trd, 4319034.043, 96
Trd, 4319034.193, 95
Trd, 4319034.243, 112
Trd, 4319036.343, 134
Trd, 4319036.493, 128
Trd, 4319037.343, 139
Trd, 4319038.393, 130
Trd, 4319038.493, 121
Trd, 4319039.093, 116
Trd, 4319039.493, 109
Trd, 4319040.493, 133
Trd, 4319042.243, 124
Trd, 4319042.993, 126
Trd, 4319043.443, 119
Trd, 4319044.593, 112
Trd, 4319045.843, 102
Trd, 4319046.393, 125
Trd, 4319047.043, 97
Trd, 4319047.843, 117
Trd, 4319048.293, 126
Trd, 4319049.243, 119
Trd, 4319049.293, 78
Trd, 4319050.393, 84
Trd, 4319050.743, 103
Trd, 4319051.693, 64
Trd, 4319053.293, 76
Trd, 4319053.543, 90
Trd, 4319054.693, 109
Trd, 4319054.943, 77
Trd, 4319055.243, 87
Trd, 4319055.643, 119
Trd, 4319055.843, 80
Trd, 4319056.443, 129
Trd, 4319058.743, 68
Trd, 4319059.693, 70
Trd, 4319059.843, 63
Trd, 4319061.043, 137
Trd, 4319062.043, 120
Trd, 4319062.343, 90
Trd, 4319062.693, 138
Trd, 4319063.143, 140
Trd, 4319063.643, 129
Trd, 4319063.893, 89
Trd, 4319064.593, 80
Trd, 4319064.693, 68
Trd, 4319065.643, 130
Trd, 4319066.443, 87
Trd, 4319070.143, 139
Trd, 4319070.293, 118
Trd, 4319071.293, 122
Trd, 4319072.343, 129
Trd, 4319072.543, 131
Trd, 4319072.893, 136
Trd, 4319073.643, 121
Trd, 4319073.793, 92
Trd, 4319076.293, 135
Trd, 4319076.393, 126
Trd, 4319077.193, 119
Trd, 4319077.493, 113
Trd, 4319078.793, 84
Trd, 4319080.443, 106
Trd, 4319081.043, 140
Trd, 4319081.293, 138
Trd, 4319082.293, 97
Trd, 4319082.443, 123
Trd, 4319085.193, 130
Trd, 4319085.543, 122
Trd, 4319086.443, 110
Trd, 4319086.793, 109
Trd, 4319087.093, 98
Trd, 4319087.293, 125
Trd, 4319088.793, 112
Trd, 4319090.543, 122
Trd, 4319090.793, 118
Trd, 4319093.043, 137
Trd, 4319093.993, 115
Trd, 4319094.143, 114
Trd, 4319094.193, 107
Trd, 4319095.593, 108
Trd, 4319096.793, 136
Trd, 4319097.343, 85
Trd, 4319097.793, 106
Trd, 4319098.393, 105
Trd, 4319099.443, 104
Trd, 4319099.743, 97
Trd, 4319101.443, 92
Trd, 4319101.693, 88
Trd, 4319102.593, 89
Trd, 4319102.943, 85
Trd, 4319103.643, 83
Trd, 4319105.643, 97
Trd, 4319106.693, 123
Trd, 4319106.743, 117
Trd, 4319107.143, 119
Trd, 4319107.243, 71
Trd, 4319108.243, 133
Trd, 4319108.993, 102
Trd, 4319109.493, 115
Trd, 4319109.543, 113
Trd, 4319110.693, 78
Trd, 4319111.793, 65
Trd, 4319112.043, 88
Trd, 4319114.593, 124
Trd, 4319114.843, 83
Trd, 4319116.043, 121
Trd, 4319116.593, 92
Trd, 4319116.643, 85
Trd, 4319117.143, 90
Trd, 4319117.293, 67
Trd, 4319118.343, 135
Trd, 4319119.393, 139
Trd, 4319120.993, 111
Trd, 4319121.143, 130
Trd, 4319123.793, 101
Trd, 4319124.293, 96
Trd, 4319124.443, 128
Trd, 4319126.593, 138
Trd, 4319127.243, 129
Trd, 4319127.393, 128
Trd, 4319127.443, 124
Trd, 4319128.043, 126
Trd, 4319128.543, 103
Trd, 4319128.593, 101
Trd, 4319130.793, 138
Trd, 4319130.843, 128
Trd, 4319132.093, 84
Trd, 4319132.293, 120
Trd, 4319133.193, 137
Trd, 4319134.093, 77
Trd, 4319135.543, 131
Trd, 4319135.993, 85
Trd, 4319136.093, 86
Trd, 4319138.543, 111
Trd, 4319138.743, 118
Trd, 4319139.493, 135
Trd, 4319141.493, 124
Trd, 4319141.793, 118
Trd, 4319142.243, 120
Trd, 4319142.993, 138
Trd, 4319144.043, 112
Trd, 4319144.443, 136
Trd, 4319145.093, 127
Trd, 4319145.593, 133
Trd, 4319146.593, 118
Trd, 4319147.193, 130
Trd, 4319147.343, 129
Trd, 4319147.393, 120
Trd, 4319149.443, 94
Trd, 4319150.643, 116
Trd, 4319150.943, 105
Trd, 4319151.043, 130
Trd, 4319152.143, 123
Trd, 4319153.193, 111
Trd, 4319154.243, 139
Trd, 4319154.593, 92
Trd, 4319156.193, 128
Trd, 4319156.293, 107
Trd, 4319157.193, 127
Trd, 4319157.443, 108
Trd, 4319158.393, 95
Trd, 4319158.643, 94
Trd, 4319159.493, 140
Trd, 4319160.543, 126
Trd, 4319160.993, 118
Trd, 4319162.243, 109
Trd, 4319162.543, 106
Trd, 4319162.643, 103
Trd, 4319163.043, 92
Trd, 4319165.243, 75
Trd, 4319166.143, 66
Trd, 4319166.743, 131
Trd, 4319166.843, 123
Trd, 4319167.043, 122
Trd, 4319167.993, 137
Trd, 4319170.893, 117
Trd, 4319172.943, 127
Trd, 4319173.243, 136
Trd, 4319173.593, 125
Trd, 4319174.143, 117
Trd, 4319175.043, 129
Trd, 4319175.243, 109
Trd, 4319176.693, 109
Trd, 4319176.793, 94
Trd, 4319178.193, 140
Trd, 4319178.243, 140
Trd, 4319178.393, 130
Trd, 4319178.993, 125
Trd, 4319179.893, 85
Trd, 4319180.093, 128
Trd, 4319182.243, 111
Trd, 4319183.793, 127
Trd, 4319183.843, 86
Trd, 4319184.043, 116
Trd, 4319185.493, 135
Trd, 4319185.543, 126
Trd, 4319187.393, 129
Trd, 4319188.293, 128
Trd, 4319188.943, 105
Trd, 4319189.543, 102
Trd, 4319189.743, 99
Trd, 4319190.193, 97
Trd, 4319191.293, 120
Trd, 4319191.493, 131
Trd, 4319192.843, 106
Trd, 4319193.493, 117
Trd, 4319194.243, 84
Trd, 4319195.393, 128
Trd, 4319196.493, 100
Trd, 4319199.493, 136
Trd, 4319200.443, 127
Trd, 4319201.043, 111
Trd, 4319201.193, 127
Trd, 4319202.293, 129
Trd, 4319203.143, 135
Trd, 4319203.193, 118
Trd, 4319204.843, 119
Trd, 4319205.193, 112
Trd, 4319205.443, 105
Trd, 4319205.493, 106
Trd, 4319206.293, 125
Trd, 4319206.793, 117
Trd, 4319207.743, 90
Trd, 4319208.943, 94
Trd, 4319208.993, 90
Trd, 4319209.593, 129
Trd, 4319210.343, 116
Trd, 4319212.043, 62
Trd, 4319212.693, 82
Trd, 4319213.593, 76
Trd, 4319214.793, 94
Trd, 4319215.393, 109
Trd, 4319216.743, 125
Trd, 4319217.593, 111
Trd, 4319217.643, 82
Trd, 4319218.693, 98
Trd, 4319219.493, 100
Trd, 4319220.393, 121
Trd, 4319222.243, 131
Trd, 4319222.893, 125
Trd, 4319223.293, 137
Trd, 4319223.493, 128
Trd, 4319225.193, 96
Trd, 4319225.843, 140
Trd, 4319226.643, 136
Trd, 4319227.193, 131
Trd, 4319227.743, 122
Trd, 4319228.893, 103
Trd, 4319229.993, 128
Trd, 4319231.043, 127
Trd, 4319231.693, 120
Trd, 4319232.143, 123
Trd, 4319233.343, 108
Trd, 4319235.593, 99
Trd, 4319236.043, 125
Trd, 4319237.093, 108
Trd, 4319238.293, 106
Trd, 4319239.593, 135
Trd, 4319240.343, 132
Trd, 4319240.493, 118
Trd, 4319240.843, 122
Trd, 4319240.943, 112
Trd, 4319241.443, 106
Trd, 4319241.643, 110
Trd, 4319242.293, 80
Trd, 4319244.743, 127
Trd, 4319245.193, 112
Trd, 4319246.293, 107
Trd, 4319246.943, 140
Trd, 4319246.993, 139
Trd, 4319248.993, 95
Trd, 4319249.093, 92
Trd, 4319250.843, 139
Trd, 4319253.043, 93
Trd, 4319253.243, 89
Trd, 4319253.393, 107
Trd, 4319253.793, 84
Trd, 4319255.293, 87
Trd, 4319255.643, 116
Trd, 4319256.393, 135
Trd, 4319258.143, 119
Trd, 4319258.193, 64
Trd, 4319258.693, 73
Trd, 4319259.393, 80
Trd, 4319259.643, 95
Trd, 4319260.043, 117
Trd, 4319260.093, 80
Trd, 4319260.743, 79
Trd, 4319260.843, 83
Trd, 4319262.343, 86
Trd, 4319262.743, 104
Trd, 4319264.043, 113
Trd, 4319264.793, 137
Trd, 4319265.443, 127
Trd, 4319267.693, 133
Trd, 4319267.843, 97
Trd, 4319268.493, 134
Trd, 4319269.243, 106
Trd, 4319269.343, 79
Trd, 4319271.093, 120
Trd, 4319272.193, 121
Trd, 4319272.393, 114
Trd, 4319272.793, 101
Trd, 4319273.943, 100
Trd, 4319274.143, 115
Trd, 4319274.443, 98
Trd, 4319275.393, 139
Trd, 4319276.243, 122
Trd, 4319276.843, 127
Trd, 4319277.093, 121
Trd, 4319278.543, 74
Trd, 4319279.193, 135
Trd, 4319279.893, 126
Trd, 4319280.593, 113
Trd, 4319281.093, 98
Trd, 4319282.843, 124
Trd, 4319282.993, 123
Trd, 4319284.093, 115
Trd, 4319284.693, 106
Trd, 4319284.993, 60
Trd, 4319285.293, 61
Trd, 4319285.493, 76
Trd, 4319287.493, 108
Trd, 4319287.693, 70
Trd, 4319287.793, 127
Trd, 4319289.443, 102
Trd, 4319290.393, 84
Trd, 4319290.643, 77
Trd, 4319292.693, 138
Trd, 4319292.793, 131
Trd, 4319294.443, 137
Trd, 4319295.943, 123
Trd, 4319296.643, 117
Trd, 4319297.243, 121
Trd, 4319297.343, 113
Trd, 4319297.743, 126
Trd, 4319298.643, 127
Trd, 4319299.343, 134
Trd, 4319299.743, 127
Trd, 4319301.843, 140
Trd, 4319302.543, 125
Trd, 4319303.193, 124
Trd, 4319303.643, 117
Trd, 4319303.843, 114
Trd, 4319305.293, 110
Trd, 4319307.043, 128
Trd, 4319308.043, 134
Trd, 4319308.293, 130
Trd, 4319309.443, 99
Trd, 4319311.143, 119
Trd, 4319312.493, 110
Trd, 4319312.743, 107
Trd, 4319312.993, 117
Trd, 4319314.243, 77
Trd, 4319315.193, 77
Trd, 4319315.443, 110
Trd, 4319315.943, 72
Trd, 4319318.293, 139
Trd, 4319318.343, 126
Trd, 4319320.993, 109
Trd, 4319321.043, 106
Trd, 4319322.243, 130
Trd, 4319323.293, 121
Trd, 4319324.343, 126
Trd, 4319324.843, 140
Trd, 4319325.043, 110
Trd, 4319325.943, 102
Trd, 4319326.193, 98
Trd, 4319326.743, 88
Trd, 4319327.943, 74
Trd, 4319329.643, 139
Trd, 4319329.793, 131
Trd, 4319330.393, 123
Trd, 4319331.943, 117
Trd, 4319332.643, 134
Trd, 4319333.493, 138
Trd, 4319333.593, 129
Trd, 4319333.693, 126
Trd, 4319334.793, 139
Trd, 4319334.943, 94
Trd, 4319335.293, 120
Trd, 4319337.443, 101
Trd, 4319338.193, 92
Trd, 4319338.343, 81
Trd, 4319338.893, 107
Trd, 4319339.193, 89
Trd, 4319340.193, 88
Trd, 4319341.193, 107
Trd, 4319341.343, 110
Trd, 4319341.943, 101
Trd, 4319341.993, 89
Trd, 4319343.043, 92
Trd, 4319343.693, 124
Trd, 4319344.443, 95
Trd, 4319344.793, 135
Trd, 4319345.843, 89
Trd, 4319347.743, 76
Trd, 4319347.943, 70
Trd, 4319349.093, 72
Trd, 4319350.193, 76
Trd, 4319350.343, 84
Trd, 4319350.943, 82
Trd, 4319352.493, 61
Trd, 4319352.893, 130
Trd, 4319352.943, 74
Trd, 4319354.093, 127
Trd, 4319354.843, 120
Trd, 4319355.793, 134
Trd, 4319357.493, 132
Trd, 4319360.043, 118
Trd, 4319361.343, 112
Trd, 4319362.393, 67
Trd, 4319362.443, 117
Trd, 4319363.243, 127
Trd, 4319363.293, 95
Trd, 4319363.343, 93
Trd, 4319364.043, 127
Trd, 4319364.293, 140
Trd, 4319365.693, 114
Trd, 4319366.243, 135
Trd, 4319366.693, 82
Trd, 4319367.593, 66
Trd, 4319368.543, 86
Trd, 4319368.743, 81
Trd, 4319369.593, 67
Trd, 4319370.493, 78
Trd, 4319370.643, 87
Trd, 4319370.893, 69
Trd, 4319371.043, 94
Trd, 4319373.343, 112
Trd, 4319373.943, 72
Trd, 4319375.093, 94
Trd, 4319376.293, 89
Trd, 4319376.343, 84
Trd, 4319376.893, 138
Trd, 4319377.393, 134
Trd, 4319377.443, 101
Trd, 4319379.043, 87
Trd, 4319380.493, 128
Trd, 4319381.143, 110
Trd, 4319381.543, 95
Trd, 4319381.893, 138
Trd, 4319382.343, 128
Trd, 4319382.743, 89
Trd, 4319383.343, 106
Trd, 4319384.143, 94
Trd, 4319384.393, 137
Trd, 4319384.493, 119
Trd, 4319387.593, 114
Trd, 4319387.793, 125
Trd, 4319387.943, 118
Trd, 4319388.893, 131
Trd, 4319389.193, 127
Trd, 4319389.393, 117
Trd, 4319390.793, 133
Trd, 4319391.893, 140
Trd, 4319392.343, 140
Trd, 4319392.993, 124
Trd, 4319394.343, 81
Trd, 4319396.593, 123
Trd, 4319396.793, 111
Trd, 4319397.793, 122
Trd, 4319398.893, 114
Trd, 4319398.993, 94
Trd, 4319399.793, 105
Trd, 4319400.743, 87
Trd, 4319402.893, 134
Trd, 4319403.043, 126
Trd, 4319403.093, 122
Trd, 4319403.493, 93
Trd, 4319405.193, 101
Trd, 4319406.143, 90
Trd, 4319407.093, 120
Trd, 4319407.893, 104
Trd, 4319409.893, 97
Trd, 4319410.693, 111
Trd, 4319410.793, 89
Trd, 4319411.193, 94
Trd, 4319411.893, 123
Trd, 4319412.943, 110
Trd, 4319413.243, 88
Trd, 4319413.743, 72
Trd, 4319413.843, 83
Trd, 4319413.893, 97
Trd, 4319415.143, 105
Trd, 4319416.443, 109
Trd, 4319416.793, 107
Trd, 4319416.993, 86
Trd, 4319417.193, 75
Trd, 4319418.643, 109
Trd, 4319419.293, 102
Trd, 4319420.143, 133
Trd, 4319422.543, 110
Trd, 4319423.143, 96
Trd, 4319424.843, 134
Trd, 4319425.093, 126
Trd, 4319425.193, 121
Trd, 4319426.543, 134
Trd, 4319427.443, 124
Trd, 4319427.893, 101
Trd, 4319428.993, 111
Trd, 4319431.193, 131
Trd, 4319431.343, 123
Trd, 4319433.843, 129
Trd, 4319433.893, 122
Trd, 4319434.343, 120
Trd, 4319436.643, 112
Trd, 4319436.693, 101
Trd, 4319437.493, 97
Trd, 4319437.693, 103
Trd, 4319438.243, 121
Trd, 4319439.493, 124
Trd, 4319440.443, 138
Trd, 4319440.843, 115
Trd, 4319440.993, 104
Trd, 4319441.893, 131
Trd, 4319443.643, 111
Trd, 4319444.093, 77
Trd, 4319444.893, 100
Trd, 4319445.543, 140
Trd, 4319445.593, 138
Trd, 4319446.843, 139
Trd, 4319447.343, 121
Trd, 4319447.843, 119
Trd, 4319448.893, 120
Trd, 4319448.943, 118
Trd, 4319449.243, 101
Trd, 4319450.443, 106
Trd, 4319451.743, 94
Trd, 4319452.593, 60
Trd, 4319453.643, 60
Trd, 4319453.993, 111
Trd, 4319454.093, 66
Trd, 4319455.443, 122
Trd, 4319456.393, 120
Trd, 4319457.443, 112
Trd, 4319457.493, 93
Trd, 4319457.693, 80
Trd, 4319458.393, 69
Trd, 4319459.143, 88
Trd, 4319459.693, 120
Trd, 4319461.543, 130
Trd, 4319462.193, 132
Trd, 4319462.393, 121
Trd, 4319462.793, 63
Trd, 4319463.143, 126
Trd, 4319463.743, 113
Trd, 4319464.843, 102
Trd, 4319465.143, 104
Trd, 4319465.293, 81
Trd, 4319466.793, 76
Trd, 4319467.643, 94
Trd, 4319468.243, 85
Trd, 4319469.443, 85
Trd, 4319470.093, 109
Trd, 4319470.993, 103
Trd, 4319472.143, 91
Trd, 4319472.593, 87
Trd, 4319473.443, 105
Trd, 4319475.143, 138
Trd, 4319475.243, 124
Trd, 4319476.393, 106
Trd, 4319476.893, 108
Trd, 4319477.443, 126
Trd, 4319478.493, 132
Trd, 4319479.543, 133
Trd, 4319480.393, 130
Trd, 4319480.543, 125
Trd, 4319481.343, 64
Trd, 4319481.693, 79
Trd, 4319483.493, 70
Trd, 4319483.693, 73
Trd, 4319484.693, 125
Trd, 4319485.593, 118
Trd, 4319486.743, 111
Trd, 4319487.093, 104
Trd, 4319487.243, 115
Trd, 4319489.193, 101
Trd, 4319489.643, 87
Trd, 4319490.293, 98
Trd, 4319490.693, 132
Trd, 4319491.843, 84
Trd, 4319491.993, 78
Trd, 4319494.193, 117
Trd, 4319495.493, 112
Trd, 4319496.193, 134
Trd, 4319496.793, 119
Trd, 4319497.393, 118
Trd, 4319498.543, 134
Trd, 4319500.893, 124
Trd, 4319500.943, 124
Trd, 4319502.443, 123
Trd, 4319502.493, 116
Trd, 4319503.043, 107
Trd, 4319504.543, 126
Trd, 4319504.943, 140
Trd, 4319505.443, 122
Trd, 4319506.343, 82
Trd, 4319507.993, 92
Trd, 4319508.193, 73
Trd, 4319509.293, 102
Trd, 4319510.043, 123
Trd, 4319510.593, 111
Trd, 4319511.243, 108
Trd, 4319511.593, 116
Trd, 4319512.443, 96
Trd, 4319512.593, 128
Trd, 4319513.093, 104
Trd, 4319514.643, 112
Trd, 4319515.743, 94
Trd, 4319516.693, 118
Trd, 4319516.943, 86
Trd, 4319517.393, 90
Trd, 4319517.593, 67
Trd, 4319517.943, 115
Trd, 4319519.643, 95
Trd, 4319520.993, 70
Trd, 4319521.343, 75
Trd, 4319522.293, 124
Trd, 4319523.543, 133
Trd, 4319524.343, 113
Trd, 4319525.493, 138
Trd, 4319526.043, 140
Trd, 4319526.343, 128
Trd, 4319526.993, 111
Trd, 4319527.343, 122
Trd, 4319527.743, 115
Trd, 4319528.293, 93
Trd, 4319528.593, 90
Trd, 4319529.093, 97
Trd, 4319530.393, 83
Trd, 4319532.543, 131
Trd, 4319532.593, 95
Trd, 4319534.043, 123
Trd, 4319534.493, 86
Trd, 4319535.243, 66
Trd, 4319535.893, 70
Trd, 4319536.243, 121
Trd, 4319537.493, 65
Trd, 4319540.093, 140
Trd, 4319541.543, 122
Trd, 4319542.093, 130
Trd, 4319542.243, 116
Trd, 4319542.793, 116
Trd, 4319543.043, 92
Trd, 4319543.093, 88
Trd, 4319543.393, 83
Trd, 4319543.693, 108
Trd, 4319544.993, 103
Trd, 4319548.143, 133
Trd, 4319548.943, 120
Trd, 4319548.993, 115
Trd, 4319550.343, 140
Trd, 4319551.643, 119
Trd, 4319551.793, 107
Trd, 4319551.843, 103
Trd, 4319553.293, 93
Trd, 4319553.943, 95
Trd, 4319554.343, 110
Trd, 4319554.493, 112
Trd, 4319555.043, 139
Trd, 4319556.043, 109
Trd, 4319556.993, 104
Trd, 4319558.993, 101
Trd, 4319559.193, 106
Trd, 4319559.293, 94
Trd, 4319560.143, 118
Trd, 4319560.343, 98
Trd, 4319560.643, 70
Trd, 4319563.943, 130
Trd, 4319564.243, 114
Trd, 4319564.593, 129
Trd, 4319565.493, 107
Trd, 4319566.093, 100
Trd, 4319566.943, 102
Trd, 4319567.243, 111
Trd, 4319568.993, 125
Trd, 4319569.543, 66
Trd, 4319569.793, 73
Trd, 4319570.043, 128
Trd, 4319571.143, 65
Trd, 4319571.693, 74
Trd, 4319573.593, 109
Trd, 4319573.943, 84
Trd, 4319574.493, 112
Trd, 4319574.793, 125
Trd, 4319575.493, 111
Trd, 4319576.943, 106
Trd, 4319577.743, 124
Trd, 4319579.043, 138
Trd, 4319579.693, 129
Trd, 4319580.293, 116
Trd, 4319580.593, 105
Trd, 4319581.143, 86
Trd, 4319582.193, 129
Trd, 4319582.593, 73
Trd, 4319582.943, 73
Trd, 4319584.143, 116
Trd, 4319585.643, 109
Trd, 4319586.793, 134
Trd, 4319586.893, 122
Trd, 4319587.093, 88
Trd, 4319587.993, 104
Trd, 4319589.693, 94
Trd, 4319589.943, 108
Trd, 4319590.493, 131
Trd, 4319592.193, 138
Trd, 4319592.943, 129
Trd, 4319593.493, 133
Trd, 4319594.243, 127
Trd, 4319594.493, 116
Trd, 4319595.393, 105
Trd, 4319595.593, 96
Trd, 4319596.643, 114
Trd, 4319598.143, 111
Trd, 4319598.643, 109
Trd, 4319600.943, 137
Trd, 4319601.243, 107
Trd, 4319601.993, 113
Trd, 4319602.093, 101
Trd, 4319602.743, 100
Trd, 4319603.293, 99
Trd, 4319603.643, 85
Trd, 4319605.293, 79
Trd, 4319605.693, 72
Trd, 4319606.293, 73
Trd, 4319606.993, 96
Trd, 4319608.343, 139
Trd, 4319608.843, 93
Trd, 4319609.143, 82
Trd, 4319609.693, 95
Trd, 4319610.143, 137
Trd, 4319610.493, 128
Trd, 4319612.993, 129
Trd, 4319613.193, 113
Trd, 4319614.243, 124
Trd, 4319614.493, 115
Trd, 4319618.293, 133
Trd, 4319618.593, 131
Trd, 4319618.743, 122
Trd, 4319618.943, 111
Trd, 4319619.843, 95
Trd, 4319620.493, 101
Trd, 4319621.093, 80
Trd, 4319622.243, 140
Trd, 4319623.043, 133
Trd, 4319623.243, 108
Trd, 4319623.543, 111
Trd, 4319624.243, 106
Trd, 4319625.043, 112
Trd, 4319626.743, 102
Trd, 4319627.143, 138
Trd, 4319627.893, 129
Trd, 4319628.743, 128
Trd, 4319629.893, 128
Trd, 4319631.593, 140
Trd, 4319633.443, 138
Trd, 4319633.793, 124
Trd, 4319634.043, 94
Trd, 4319635.393, 117
Trd, 4319635.493, 119
Trd, 4319635.543, 119
Trd, 4319635.843, 110
Trd, 4319636.993, 89
Trd, 4319637.043, 78
Trd, 4319637.543, 60
Trd, 4319639.343, 128
Trd, 4319641.143, 88
Trd, 4319641.393, 93
Trd, 4319641.743, 66
Trd, 4319642.343, 68
Trd, 4319643.043, 94
Trd, 4319643.243, 114
Trd, 4319643.393, 88
Trd, 4319645.243, 120
Trd, 4319646.693, 90
Trd, 4319647.093, 135
Trd, 4319647.893, 136
Trd, 4319648.143, 127
Trd, 4319648.893, 64
Trd, 4319650.393, 127
Trd, 4319650.843, 86
Trd, 4319651.593, 103
Trd, 4319652.493, 92
Trd, 4319653.143, 60
Trd, 4319653.493, 76
Trd, 4319653.643, 61
Trd, 4319655.643, 87
Trd, 4319656.243, 93
Trd, 4319656.493, 98
Trd, 4319656.543, 82
Trd, 4319657.143, 134
Trd, 4319657.693, 89
Trd, 4319657.993, 97
Trd, 4319660.543, 71
Trd, 4319660.943, 100
Trd, 4319663.143, 111
Trd, 4319663.443, 126
Trd, 4319663.493, 83
Trd, 4319664.743, 120
Trd, 4319665.193, 116
Trd, 4319668.543, 135
Trd, 4319668.843, 138
Trd, 4319669.393, 126
Trd, 4319669.793, 119
Trd, 4319670.293, 117
Trd, 4319670.543, 103
Trd, 4319671.543, 63
Trd, 4319672.093, 114
Trd, 4319673.843, 67
Trd, 4319673.893, 71
Trd, 4319674.443, 62
Trd, 4319674.643, 66
Trd, 4319675.093, 69
Trd, 4319675.493, 61
Trd, 4319676.193, 94
Trd, 4319677.393, 67
Trd, 4319678.543, 84
Trd, 4319679.093, 128
Trd, 4319679.443, 134
Trd, 4319680.093, 101
Trd, 4319680.443, 69
Trd, 4319681.443, 92
Trd, 4319681.943, 112
Trd, 4319683.543, 102
Trd, 4319684.043, 138
Trd, 4319684.643, 119
Trd, 4319684.693, 116
Trd, 4319686.293, 134
Trd, 4319686.443, 125
Trd, 4319687.393, 112
Trd, 4319687.543, 105
Trd, 4319687.743, 138
Trd, 4319689.093, 113
Trd, 4319689.593, 62
Trd, 4319691.493, 130
Trd, 4319693.043, 108
Trd, 4319693.493, 113
Trd, 4319694.093, 91
Trd, 4319695.043, 140
Trd, 4319695.093, 139
Trd, 4319696.293, 140
Trd, 4319697.793, 125
Trd, 4319698.193, 111
Trd, 4319698.843, 96
Trd, 4319699.193, 76
Trd, 4319700.043, 81
Trd, 4319701.193, 63
Trd, 4319701.893, 131
Trd, 4319701.993, 123
Trd, 4319703.793, 122
Trd, 4319703.993, 99
Trd, 4319704.543, 134
Trd, 4319705.393, 130
Trd, 4319705.893, 113
Trd, 4319707.093, 133
Trd, 4319707.243, 123
Trd, 4319707.493, 131
Trd, 4319708.093, 126
Trd, 4319708.243, 79
Trd, 4319711.543, 126
Trd, 4319711.793, 124
Trd, 4319712.243, 125
Trd, 4319712.693, 102
Trd, 4319713.143, 96
Trd, 4319713.643, 111
Trd, 4319713.793, 62
Trd, 4319714.343, 80
Trd, 4319714.993, 83
Trd, 4319715.643, 72
Trd, 4319717.593, 83
Trd, 4319719.193, 127
Trd, 4319719.293, 125
Trd, 4319720.643, 132
Trd, 4319722.143, 118
Trd, 4319723.293, 103
Trd, 4319723.593, 61
Trd, 4319725.143, 110
Trd, 4319725.893, 132
Trd, 4319726.493, 119
Trd, 4319726.593, 113
Trd, 4319727.043, 102
Trd, 4319727.193, 70
Trd, 4319727.593, 107
Trd, 4319728.043, 122
Trd, 4319729.143, 116
Trd, 4319729.393, 84
Trd, 4319732.893, 118
Trd, 4319732.993, 118
Trd, 4319734.043, 130
Trd, 4319734.243, 124
Trd, 4319734.543, 110
Trd, 4319735.343, 114
Trd, 4319735.543, 93
Trd, 4319736.643, 115
Trd, 4319736.793, 91
Trd, 4319737.043, 85
Trd, 4319737.393, 107
Trd, 4319738.843, 110
Trd, 4319739.893, 136
Trd, 4319740.543, 121
Trd, 4319741.943, 90
Trd, 4319743.893, 89
Trd, 4319743.943, 101
Trd, 4319744.793, 103
Trd, 4319745.443, 119
Trd, 4319745.543, 82
Trd, 4319748.443, 71
Trd, 4319748.893, 71
Trd, 4319748.993, 68
Trd, 4319749.293, 90
Trd, 4319751.993, 130
Trd, 4319752.993, 133
Trd, 4319753.343, 112
Trd, 4319754.443, 95
Trd, 4319755.043, 96
Trd, 4319755.293, 123
Trd, 4319755.393, 87
Trd, 4319755.593, 74
Trd, 4319756.543, 90
Trd, 4319757.543, 124
Trd, 4319757.693, 124
Trd, 4319758.743, 130
Trd, 4319759.993, 94
Trd, 4319760.743, 96
Trd, 4319760.843, 94
Trd, 4319761.843, 109
Trd, 4319762.793, 138
Trd, 4319763.343, 100
Trd, 4319764.043, 82
Trd, 4319765.543, 132
Trd, 4319765.893, 96
Trd, 4319765.943, 91
Trd, 4319767.243, 101
Trd, 4319768.493, 131
Trd, 4319769.343, 131
Trd, 4319770.593, 96
Trd, 4319770.643, 93
Trd, 4319770.993, 88
Trd, 4319771.343, 118
Trd, 4319771.843, 109
Trd, 4319773.143, 125
Trd, 4319774.043, 130
Trd, 4319775.193, 113
Trd, 4319775.543, 119
Trd, 4319776.593, 119
Trd, 4319777.193, 128
Trd, 4319778.243, 126
Trd, 4319778.843, 129
Trd, 4319779.843, 114
Trd, 4319780.343, 107
Trd, 4319780.443, 79
Trd, 4319781.043, 79
Trd, 4319782.043, 107
Trd, 4319783.343, 120
Trd, 4319783.743, 96
Trd, 4319784.093, 137
Trd, 4319784.543, 134
Trd, 4319785.093, 100
Trd, 4319787.443, 123
Trd, 4319787.493, 97
Trd, 4319788.143, 113
Trd, 4319790.093, 130
Trd, 4319790.993, 115
Trd, 4319791.043, 107
Trd, 4319791.943, 110
Trd, 4319792.643, 98
Trd, 4319792.743, 89
Trd, 4319793.343, 113
Trd, 4319793.793, 96
Trd, 4319795.593, 135
Trd, 4319795.643, 126
Trd, 4319797.193, 124
Trd, 4319797.893, 101
Trd, 4319797.943, 98
Trd, 4319798.693, 138
Trd, 4319799.793, 105
Trd, 4319800.193, 101
Trd, 4319800.493, 94
Trd, 4319803.193, 116
Trd, 4319803.543, 114
Trd, 4319804.693, 124
Trd, 4319805.343, 133
Trd, 4319805.843, 128
Trd, 4319806.043, 121
Trd, 4319806.693, 117
Trd, 4319807.893, 131
Trd, 4319808.143, 113
Trd, 4319808.743, 81
Trd, 4319811.843, 139
Trd, 4319812.093, 135
Trd, 4319812.793, 126
Trd, 4319812.893, 119
Trd, 4319813.593, 131
Trd, 4319815.093, 133
Trd, 4319815.143, 131
Trd, 4319816.793, 121
Trd, 4319817.793, 124
Trd, 4319819.643, 140
Trd, 4319819.993, 122
Trd, 4319820.043, 122
Trd, 4319820.343, 112
Trd, 4319821.843, 110
Trd, 4319822.393, 121
Trd, 4319823.643, 114
Trd, 4319824.443, 140
Trd, 4319824.493, 131
Trd, 4319825.493, 118
Trd, 4319828.093, 125
Trd, 4319829.243, 130
Trd, 4319829.443, 123
Trd, 4319830.593, 119
Trd, 4319830.843, 114
Trd, 4319831.043, 101
Trd, 4319831.893, 78
Trd, 4319832.643, 139
Trd, 4319833.893, 118
Trd, 4319834.093, 102
Trd, 4319834.943, 95
Trd, 4319835.693, 140
Trd, 4319836.043, 126
Trd, 4319837.093, 126
Trd, 4319837.493, 125
Trd, 4319838.693, 132
Trd, 4319839.493, 115
Trd, 4319841.093, 123
Trd, 4319841.643, 139
Trd, 4319842.043, 85
Trd, 4319842.593, 78
Trd, 4319844.243, 95
Trd, 4319844.543, 90
Trd, 4319844.643, 78
Trd, 4319844.743, 138
Trd, 4319845.643, 78
Trd, 4319847.493, 113
Trd, 4319848.143, 121
Trd, 4319849.593, 130
Trd, 4319849.893, 102
Trd, 4319850.743, 99
Trd, 4319851.443, 96
Trd, 4319851.843, 89
Trd, 4319853.143, 71
Trd, 4319853.343, 95
Trd, 4319853.443, 96
Trd, 4319853.843, 67
Trd, 4319854.743, 107
Trd, 4319856.043, 139
Trd, 4319857.143, 121
Trd, 4319857.943, 101
Trd, 4319857.993, 106
Trd, 4319859.143, 131
Trd, 4319860.893, 123
Trd, 4319860.943, 121
Trd, 4319861.943, 101
Trd, 4319862.143, 86
Trd, 4319862.843, 137
Trd, 4319863.293, 122
Trd, 4319864.243, 130
Trd, 4319864.443, 129
Trd, 4319864.893, 107
Trd, 4319865.643, 131
Trd, 4319867.193, 109
Trd, 4319867.293, 116
Trd, 4319867.743, 100
Trd, 4319868.443, 80
Trd, 4319869.143, 83
Trd, 4319870.343, 110
Trd, 4319871.643, 128
Trd, 4319872.093, 134
Trd, 4319872.193, 100
Trd, 4319872.643, 101
Trd, 4319873.193, 117
Trd, 4319873.593, 139
Trd, 4319874.693, 128
Trd, 4319875.193, 125
Trd, 4319875.493, 64
Trd, 4319875.943, 84
Trd, 4319876.643, 135
Trd, 4319877.343, 93
Trd, 4319877.493, 88
Trd, 4319879.793, 101
Trd, 4319882.293, 105
Trd, 4319882.393, 93
Trd, 4319882.593, 87
Trd, 4319882.693, 118
Trd, 4319883.793, 88
Trd, 4319884.643, 114
Trd, 4319884.993, 108
Trd, 4319887.843, 109
Trd, 4319888.293, 103
Trd, 4319888.393, 96
Trd, 4319890.343, 140
Trd, 4319890.493, 132
Trd, 4319890.743, 112
Trd, 4319891.193, 102
Trd, 4319891.393, 79
Trd, 4319892.143, 104
Trd, 4319892.793, 75
Trd, 4319893.443, 68
Trd, 4319894.593, 82
Trd, 4319895.193, 98
Trd, 4319895.443, 105
Trd, 4319895.593, 108
Trd, 4319896.693, 124
Trd, 4319896.943, 121
Trd, 4319899.893, 140
Trd, 4319899.993, 112
Trd, 4319900.893, 73
Trd, 4319901.443, 76
Trd, 4319902.343, 104
Trd, 4319903.393, 120
Trd, 4319904.043, 125
Trd, 4319904.193, 110
Trd, 4319904.493, 110
Trd, 4319905.543, 137
Trd, 4319907.793, 107
Trd, 4319909.943, 126
Trd, 4319910.993, 101
Trd, 4319912.443, 99
Trd, 4319912.843, 119
Trd, 4319913.043, 92
Trd, 4319913.393, 84
Trd, 4319913.493, 66
Trd, 4319914.993, 76
Trd, 4319915.443, 68
Trd, 4319915.643, 99
Trd, 4319917.293, 81
Trd, 4319917.843, 62
Trd, 4319918.543, 87
Trd, 4319919.043, 114
Trd, 4319919.693, 83
Trd, 4319921.743, 85
Trd, 4319921.893, 102
Trd, 4319922.993, 77
Trd, 4319923.543, 115
Trd, 4319924.193, 75
Trd, 4319924.993, 103
Trd, 4319926.143, 81
Trd, 4319926.543, 123
Trd, 4319927.493, 62
Trd, 4319928.043, 70
Trd, 4319928.343, 104
Trd, 4319929.543, 119
Trd, 4319929.643, 102
Trd, 4319930.793, 81
Trd, 4319931.343, 103
Trd, 4319932.443, 100
Trd, 4319933.093, 136
Trd, 4319934.893, 124
Trd, 4319935.693, 108
Trd, 4319936.093, 113
Trd, 4319937.393, 133
Trd, 4319938.593, 124
Trd, 4319938.693, 124
Trd, 4319938.843, 120
Trd, 4319940.493, 121
Trd, 4319940.943, 117
Trd, 4319941.143, 125
Trd, 4319941.593, 78
Trd, 4319943.043, 113
Trd, 4319943.143, 103
Trd, 4319945.693, 99
Trd, 4319946.093, 93
Trd, 4319948.593, 127
Trd, 4319948.743, 127
Trd, 4319948.843, 119
Trd, 4319950.193, 104
Trd, 4319950.443, 132
Trd, 4319951.643, 140
Trd, 4319953.043, 135
Trd, 4319954.793, 112
Trd, 4319954.993, 113
Trd, 4319955.043, 110
Trd, 4319957.893, 101
Trd, 4319959.693, 105
Trd, 4319959.943, 130
Trd, 4319962.043, 107
Trd, 4319962.243, 100
Trd, 4319963.293, 129
Trd, 4319965.743, 138
Trd, 4319967.293, 137
Trd, 4319967.843, 133
Trd, 4319968.143, 124
Trd, 4319968.393, 122
Trd, 4319968.543, 116
Trd, 4319969.643, 115
Trd, 4319969.743, 89
Trd, 4319969.793, 89
Trd, 4319971.643, 114
Trd, 4319972.443, 129
Trd, 4319972.543, 107
Trd, 4319972.743, 105
Trd, 4319973.443, 129
Trd, 4319974.443, 106
Trd, 4319974.943, 98
Trd, 4319975.443, 71
Trd, 4319975.843, 72
Trd, 4319976.243, 119
Trd, 4319976.493, 101
Trd, 4319976.893, 64
Trd, 4319978.593, 72
Trd, 4319978.843, 117
Trd, 4319980.393, 131
Trd, 4319981.293, 122
Trd, 4319981.793, 115
Trd, 4319982.143, 81
Trd, 4319982.793, 109
Trd, 4319983.043, 131
Trd, 4319985.143, 137
Trd, 4319986.593, 114
Trd, 4319986.743, 106
Trd, 4319986.893, 101
Trd, 4319988.293, 126
Trd, 4319988.643, 95
Trd, 4319989.993, 133
Trd, 4319991.293, 133
Trd, 4319991.693, 134
Trd, 4319993.343, 119
Trd, 4319993.393, 101
Trd, 4319994.043, 114
Trd, 4319994.843, 100
Trd, 4319995.843, 132
Trd, 4319998.743, 87
Trd, 4319998.943, 124
