Trd, 4318134.243, 120
Trd, 4318134.993, 103
Trd, 4318136.243, 67
Trd, 4318136.543, 76
Trd, 4318136.943, 123
Trd, 4318138.593, 100
Trd, 4318140.443, 139
Trd, 4318140.643, 133
Trd, 4318140.743, 131
Trd, 4318141.093, 101
Trd, 4318141.393, 129
Trd, 4318142.643, 110
Trd, 4318143.143, 98
Trd, 4318143.593, 98
Trd, 4318143.693, 104
Trd, 4318144.943, 75
Trd, 4318145.143, 70
Trd, 4318146.843, 98
Trd, 4318147.143, 140
Trd, 4318147.393, 97
Trd, 4318148.243, 99
Trd, 4318148.893, 140
Trd, 4318149.343, 90
Trd, 4318150.293, 140
Trd, 4318151.793, 127
Trd, 4318152.293, 135
Trd, 4318152.643, 105
Trd, 4318153.243, 63
Trd, 4318153.443, 60
Trd, 4318154.893, 67
Trd, 4318155.493, 69
Trd, 4318156.493, 68
Trd, 4318157.843, 77
Trd, 4318158.493, 81
Trd, 4318159.193, 106
Trd, 4318159.693, 60
Trd, 4318159.943, 68
Trd, 4318161.993, 138
Trd, 4318162.143, 129
Trd, 4318162.643, 102
Trd, 4318163.443, 84
Trd, 4318164.493, 124
Trd, 4318165.043, 101
Trd, 4318166.043, 104
Trd, 4318166.993, 112
Trd, 4318167.043, 108
Trd, 4318167.693, 113
Trd, 4318168.143, 101
Trd, 4318169.343, 73
Trd, 4318169.843, 72
Trd, 4318169.943, 99
Trd, 4318170.693, 108
Trd, 4318170.793, 107
Trd, 4318171.593, 107
Trd, 4318172.593, 139
Trd, 4318172.793, 131
Trd, 4318173.443, 139
Trd, 4318174.393, 88
Trd, 4318175.993, 67
Trd, 4318176.743, 79
Trd, 4318177.143, 96
Trd, 4318177.293, 119
Trd, 4318178.043, 125
Trd, 4318178.943, 113
Trd, 4318178.993, 69
Trd, 4318179.893, 77
Trd, 4318181.093, 140
Trd, 4318181.943, 140
Trd, 4318182.393, 134
Trd, 4318183.343, 89
Trd, 4318183.543, 138
Trd, 4318184.793, 108
Trd, 4318184.993, 130
Trd, 4318185.693, 107
Trd, 4318186.593, 137
Trd, 4318186.743, 136
Trd, 4318187.943, 130
Trd, 4318188.893, 111
Trd, 4318189.443, 122
Trd, 4318190.743, 109
Trd, 4318192.593, 140
Trd, 4318192.693, 140
Trd, 4318193.543, 108
Trd, 4318193.593, 108
Trd, 4318193.743, 98
Trd, 4318194.393, 95
Trd, 4318195.243, 91
Trd, 4318195.943, 76
Trd, 4318196.393, 95
Trd, 4318198.693, 99
Trd, 4318199.243, 77
Trd, 4318200.693, 74
Trd, 4318200.893, 74
Trd, 4318201.343, 84
Trd, 4318201.843, 75
Trd, 4318203.243, 104
Trd, 4318203.393, 103
Trd, 4318203.593, 129
Trd, 4318204.243, 94
Trd, 4318204.293, 100
Trd, 4318205.243, 113
Trd, 4318206.893, 113
Trd, 4318207.143, 99
Trd, 4318207.843, 79
Trd, 4318207.943, 93
Trd, 4318208.193, 64
Trd, 4318208.643, 75
Trd, 4318208.943, 63
Trd, 4318210.343, 63
Trd, 4318211.893, 111
Trd, 4318213.343, 118
Trd, 4318213.743, 113
Trd, 4318213.793, 112
Trd, 4318214.693, 120
Trd, 4318215.143, 75
Trd, 4318217.193, 113
Trd, 4318217.943, 110
Trd, 4318218.093, 109
Trd, 4318219.293, 121
Trd, 4318219.593, 117
Trd, 4318220.293, 96
Trd, 4318220.693, 140
Trd, 4318220.743, 89
Trd, 4318221.443, 108
Trd, 4318222.393, 100
Trd, 4318222.943, 124
Trd, 4318223.243, 94
Trd, 4318223.993, 140
Trd, 4318224.743, 124
Trd, 4318225.893, 139
Trd, 4318226.343, 138
Trd, 4318227.543, 133
Trd, 4318228.393, 132
Trd, 4318228.543, 125
Trd, 4318229.243, 96
Trd, 4318229.593, 119
Trd, 4318229.643, 90
Trd, 4318231.093, 112
Trd, 4318231.143, 98
Trd, 4318231.943, 79
Trd, 4318232.193, 69
Trd, 4318233.643, 90
Trd, 4318234.743, 88
Trd, 4318235.343, 104
Trd, 4318235.593, 90
Trd, 4318235.843, 112
Trd, 4318236.043, 140
Trd, 4318236.343, 99
Trd, 4318238.043, 123
Trd, 4318238.743, 126
Trd, 4318239.243, 87
Trd, 4318239.993, 94
Trd, 4318241.843, 140
Trd, 4318242.593, 139
Trd, 4318243.593, 134
Trd, 4318244.543, 117
Trd, 4318244.743, 100
Trd, 4318245.893, 103
Trd, 4318246.193, 118
Trd, 4318246.393, 97
Trd, 4318246.593, 95
Trd, 4318246.943, 99
Trd, 4318247.493, 73
Trd, 4318249.893, 131
Trd, 4318250.143, 126
Trd, 4318251.043, 85
Trd, 4318251.343, 63
Trd, 4318252.143, 137
Trd, 4318252.843, 131
Trd, 4318253.243, 108
Trd, 4318253.393, 103
Trd, 4318254.643, 110
Trd, 4318255.293, 136
Trd, 4318256.243, 89
Trd, 4318256.493, 92
Trd, 4318257.393, 86
Trd, 4318258.643, 107
Trd, 4318259.043, 106
Trd, 4318259.393, 96
Trd, 4318259.543, 121
Trd, 4318260.493, 139
Trd, 4318260.643, 129
Trd, 4318260.743, 102
Trd, 4318263.693, 85
Trd, 4318264.043, 85
Trd, 4318264.643, 61
Trd, 4318264.993, 68
Trd, 4318265.593, 65
Trd, 4318266.093, 104
Trd, 4318266.143, 68
Trd, 4318266.293, 111
Trd, 4318267.243, 122
Trd, 4318267.993, 124
Trd, 4318269.243, 97
Trd, 4318270.093, 113
Trd, 4318270.493, 96
Trd, 4318270.843, 75
Trd, 4318271.993, 81
Trd, 4318272.543, 76
Trd, 4318273.593, 87
Trd, 4318274.043, 71
Trd, 4318274.593, 109
Trd, 4318276.143, 137
Trd, 4318276.293, 127
Trd, 4318276.493, 92
Trd, 4318277.243, 107
Trd, 4318277.393, 105
Trd, 4318278.143, 140
Trd, 4318279.943, 129
Trd, 4318280.693, 128
Trd, 4318280.893, 122
Trd, 4318281.943, 125
Trd, 4318282.343, 115
Trd, 4318282.493, 113
Trd, 4318283.143, 136
Trd, 4318284.143, 118
Trd, 4318285.593, 87
Trd, 4318285.943, 69
Trd, 4318286.493, 68
Trd, 4318286.743, 68
Trd, 4318287.643, 65
Trd, 4318288.293, 77
Trd, 4318288.343, 90
Trd, 4318289.043, 105
Trd, 4318289.143, 102
Trd, 4318289.743, 85
Trd, 4318289.793, 91
Trd, 4318291.793, 126
Trd, 4318292.443, 98
Trd, 4318292.993, 103
Trd, 4318293.193, 115
Trd, 4318294.143, 124
Trd, 4318294.293, 123
Trd, 4318295.993, 111
Trd, 4318298.243, 111
Trd, 4318298.643, 127
Trd, 4318298.793, 107
Trd, 4318299.093, 101
Trd, 4318299.693, 86
Trd, 4318300.043, 88
Trd, 4318300.243, 85
Trd, 4318300.993, 100
Trd, 4318301.893, 69
Trd, 4318302.743, 78
Trd, 4318303.293, 83
Trd, 4318305.593, 101
Trd, 4318305.993, 111
Trd, 4318306.193, 97
Trd, 4318306.443, 113
Trd, 4318306.593, 85
Trd, 4318309.093, 140
Trd, 4318309.743, 138
Trd, 4318309.993, 136
Trd, 4318310.643, 131
Trd, 4318311.243, 93
Trd, 4318312.593, 108
Trd, 4318312.893, 113
Trd, 4318313.093, 107
Trd, 4318313.643, 138
Trd, 4318314.943, 97
Trd, 4318315.443, 94
Trd, 4318315.793, 102
Trd, 4318316.943, 123
Trd, 4318318.243, 126
Trd, 4318318.393, 125
Trd, 4318319.043, 124
Trd, 4318319.293, 112
Trd, 4318321.093, 118
Trd, 4318321.293, 77
Trd, 4318321.393, 77
Trd, 4318322.093, 78
Trd, 4318322.143, 98
Trd, 4318322.643, 109
Trd, 4318323.593, 129
Trd, 4318324.293, 107
Trd, 4318324.943, 110
Trd, 4318325.143, 108
Trd, 4318325.793, 124
Trd, 4318327.743, 123
Trd, 4318327.893, 118
Trd, 4318328.393, 127
Trd, 4318328.543, 139
Trd, 4318329.393, 119
Trd, 4318329.643, 110
Trd, 4318330.693, 104
Trd, 4318331.693, 105
Trd, 4318332.293, 99
Trd, 4318332.793, 71
Trd, 4318333.293, 113
Trd, 4318336.743, 113
Trd, 4318337.293, 106
Trd, 4318338.143, 106
Trd, 4318338.293, 124
Trd, 4318338.693, 113
Trd, 4318338.993, 102
Trd, 4318339.543, 140
Trd, 4318339.743, 140
Trd, 4318339.893, 90
Trd, 4318342.143, 125
Trd, 4318343.243, 66
Trd, 4318343.793, 101
Trd, 4318344.243, 109
Trd, 4318345.393, 111
Trd, 4318346.093, 113
Trd, 4318346.193, 110
Trd, 4318346.293, 95
Trd, 4318346.393, 84
Trd, 4318347.193, 115
Trd, 4318348.393, 109
Trd, 4318348.993, 77
Trd, 4318349.293, 76
Trd, 4318350.743, 102
Trd, 4318351.043, 140
Trd, 4318351.443, 102
Trd, 4318353.343, 97
Trd, 4318353.543, 98
Trd, 4318354.943, 125
Trd, 4318355.543, 122
Trd, 4318356.043, 115
Trd, 4318358.143, 140
Trd, 4318358.343, 113
Trd, 4318359.143, 125
Trd, 4318360.243, 121
Trd, 4318362.193, 139
Trd, 4318362.843, 136
Trd, 4318363.043, 126
Trd, 4318363.743, 85
Trd, 4318364.043, 92
Trd, 4318364.243, 93
Trd, 4318364.393, 84
Trd, 4318365.793, 133
Trd, 4318366.243, 91
Trd, 4318366.543, 91
Trd, 4318366.693, 140
Trd, 4318367.543, 90
Trd, 4318367.943, 107
Trd, 4318368.043, 83
Trd, 4318370.243, 65
Trd, 4318370.543, 77
Trd, 4318370.643, 67
Trd, 4318370.893, 62
Trd, 4318371.593, 137
Trd, 4318372.443, 118
Trd, 4318372.743, 113
Trd, 4318373.843, 100
Trd, 4318374.943, 113
Trd, 4318375.493, 140
Trd, 4318376.193, 139
Trd, 4318376.693, 129
Trd, 4318376.793, 121
Trd, 4318377.943, 110
Trd, 4318378.643, 94
Trd, 4318378.693, 81
Trd, 4318380.743, 123
Trd, 4318380.993, 84
Trd, 4318381.993, 125
Trd, 4318382.193, 119
Trd, 4318383.443, 122
Trd, 4318383.493, 116
Trd, 4318383.793, 115
Trd, 4318383.993, 113
Trd, 4318384.343, 74
Trd, 4318385.643, 138
Trd, 4318385.843, 117
Trd, 4318387.243, 112
Trd, 4318387.593, 108
Trd, 4318387.643, 105
Trd, 4318388.293, 100
Trd, 4318388.993, 76
Trd, 4318390.443, 139
Trd, 4318392.143, 111
Trd, 4318392.843, 111
Trd, 4318393.543, 112
Trd, 4318393.643, 105
Trd, 4318394.193, 96
Trd, 4318394.343, 89
Trd, 4318395.093, 96
Trd, 4318395.243, 92
Trd, 4318395.743, 60
Trd, 4318397.343, 113
Trd, 4318397.493, 127
Trd, 4318398.193, 89
Trd, 4318399.293, 87
Trd, 4318399.843, 113
Trd, 4318400.443, 70
Trd, 4318401.143, 107
Trd, 4318402.543, 126
Trd, 4318402.943, 105
Trd, 4318403.093, 104
Trd, 4318403.693, 102
Trd, 4318403.893, 109
Trd, 4318406.443, 140
Trd, 4318406.843, 133
Trd, 4318406.993, 99
Trd, 4318408.193, 137
Trd, 4318408.493, 131
Trd, 4318409.393, 115
Trd, 4318409.543, 107
Trd, 4318409.693, 100
Trd, 4318410.543, 101
Trd, 4318411.343, 126
Trd, 4318412.093, 125
Trd, 4318412.393, 118
Trd, 4318412.893, 93
Trd, 4318413.893, 88
Trd, 4318414.343, 105
Trd, 4318414.893, 82
Trd, 4318415.493, 75
Trd, 4318417.243, 85
Trd, 4318418.493, 98
Trd, 4318419.243, 95
Trd, 4318419.893, 102
Trd, 4318420.093, 114
Trd, 4318420.493, 107
Trd, 4318421.193, 87
Trd, 4318421.693, 81
Trd, 4318422.093, 109
Trd, 4318422.893, 68
Trd, 4318423.943, 62
Trd, 4318424.693, 67
Trd, 4318425.543, 81
Trd, 4318428.043, 117
Trd, 4318428.643, 111
Trd, 4318428.743, 106
Trd, 4318429.793, 68
Trd, 4318429.843, 82
Trd, 4318432.693, 139
Trd, 4318432.793, 131
Trd, 4318433.243, 110
Trd, 4318433.993, 95
Trd, 4318434.643, 104
Trd, 4318434.843, 88
Trd, 4318435.643, 103
Trd, 4318435.843, 110
Trd, 4318435.893, 113
Trd, 4318435.943, 89
Trd, 4318436.943, 90
Trd, 4318438.293, 131
Trd, 4318438.393, 96
Trd, 4318439.193, 99
Trd, 4318439.693, 140
Trd, 4318440.993, 140
Trd, 4318441.643, 139
Trd, 4318441.693, 131
Trd, 4318441.943, 111
Trd, 4318442.293, 110
Trd, 4318442.693, 107
Trd, 4318444.343, 116
Trd, 4318445.393, 140
Trd, 4318445.893, 109
Trd, 4318446.493, 106
Trd, 4318446.943, 110
Trd, 4318447.443, 71
Trd, 4318448.693, 121
Trd, 4318448.843, 120
Trd, 4318449.443, 140
Trd, 4318450.393, 75
Trd, 4318450.543, 105
Trd, 4318450.893, 71
Trd, 4318452.893, 138
Trd, 4318453.593, 90
Trd, 4318454.493, 104
Trd, 4318455.043, 103
Trd, 4318455.393, 99
Trd, 4318455.543, 102
Trd, 4318456.143, 111
Trd, 4318456.343, 104
Trd, 4318456.993, 109
Trd, 4318457.343, 115
Trd, 4318458.543, 114
Trd, 4318459.043, 109
Trd, 4318459.593, 140
Trd, 4318460.343, 134
Trd, 4318461.193, 102
Trd, 4318461.843, 126
Trd, 4318461.993, 120
Trd, 4318463.143, 104
Trd, 4318463.493, 80
Trd, 4318464.543, 74
Trd, 4318465.193, 134
Trd, 4318466.643, 103
Trd, 4318468.393, 140
Trd, 4318468.593, 110
Trd, 4318468.793, 108
Trd, 4318469.543, 103
Trd, 4318469.643, 100
Trd, 4318470.093, 83
Trd, 4318471.293, 86
Trd, 4318471.393, 86
Trd, 4318471.893, 86
Trd, 4318472.043, 87
Trd, 4318472.143, 86
Trd, 4318472.693, 83
Trd, 4318473.293, 138
Trd, 4318476.693, 104
Trd, 4318476.793, 92
Trd, 4318477.643, 104
Trd, 4318477.943, 72
Trd, 4318479.393, 71
Trd, 4318480.443, 87
Trd, 4318481.243, 88
Trd, 4318481.943, 75
Trd, 4318482.243, 69
Trd, 4318482.743, 73
Trd, 4318484.143, 75
Trd, 4318484.843, 139
Trd, 4318485.443, 122
Trd, 4318485.493, 121
Trd, 4318485.593, 120
Trd, 4318485.743, 117
Trd, 4318488.143, 105
Trd, 4318488.893, 107
Trd, 4318489.043, 75
Trd, 4318489.593, 82
Trd, 4318490.593, 136
Trd, 4318491.143, 130
Trd, 4318491.793, 140
Trd, 4318492.143, 140
Trd, 4318492.793, 129
Trd, 4318493.493, 91
Trd, 4318493.543, 87
Trd, 4318493.943, 124
Trd, 4318494.593, 62
Trd, 4318495.293, 124
Trd, 4318495.943, 72
Trd, 4318496.543, 61
Trd, 4318496.893, 62
Trd, 4318498.843, 64
Trd, 4318500.543, 74
Trd, 4318500.943, 82
Trd, 4318501.143, 91
Trd, 4318502.443, 91
Trd, 4318502.843, 72
Trd, 4318504.093, 75
Trd, 4318505.543, 140
Trd, 4318505.993, 100
Trd, 4318506.293, 62
Trd, 4318507.243, 102
Trd, 4318507.843, 72
Trd, 4318508.893, 71
Trd, 4318509.343, 82
Trd, 4318510.143, 68
Trd, 4318510.693, 78
Trd, 4318511.243, 96
Trd, 4318512.993, 101
Trd, 4318513.893, 98
Trd, 4318514.993, 125
Trd, 4318515.593, 137
Trd, 4318515.993, 118
Trd, 4318516.543, 122
Trd, 4318516.943, 116
Trd, 4318517.393, 140
Trd, 4318518.343, 113
Trd, 4318520.243, 118
Trd, 4318520.343, 101
Trd, 4318520.393, 98
Trd, 4318521.293, 128
Trd, 4318522.143, 138
Trd, 4318522.443, 137
Trd, 4318522.543, 93
Trd, 4318523.843, 87
Trd, 4318524.143, 71
Trd, 4318524.493, 138
Trd, 4318524.893, 112
Trd, 4318525.693, 92
Trd, 4318526.343, 88
Trd, 4318526.843, 94
Trd, 4318526.943, 98
Trd, 4318528.143, 116
Trd, 4318528.643, 103
Trd, 4318529.793, 82
Trd, 4318530.343, 124
Trd, 4318531.943, 84
Trd, 4318532.143, 119
Trd, 4318532.893, 83
Trd, 4318533.243, 91
Trd, 4318534.793, 71
Trd, 4318536.543, 108
Trd, 4318536.893, 110
Trd, 4318536.993, 106
Trd, 4318538.143, 71
Trd, 4318538.693, 86
Trd, 4318538.893, 90
Trd, 4318538.943, 113
Trd, 4318541.143, 65
Trd, 4318541.443, 73
Trd, 4318541.943, 74
Trd, 4318541.993, 81
Trd, 4318543.693, 67
Trd, 4318544.043, 74
Trd, 4318544.093, 88
Trd, 4318544.243, 64
Trd, 4318545.793, 61
Trd, 4318546.443, 102
Trd, 4318547.543, 89
Trd, 4318548.143, 79
Trd, 4318548.193, 98
Trd, 4318548.893, 78
Trd, 4318549.343, 62
Trd, 4318549.543, 87
Trd, 4318549.793, 75
Trd, 4318550.093, 133
Trd, 4318551.643, 138
Trd, 4318552.443, 127
Trd, 4318552.993, 125
Trd, 4318553.693, 74
Trd, 4318554.393, 64
Trd, 4318555.643, 63
Trd, 4318555.743, 67
Trd, 4318556.893, 128
Trd, 4318557.693, 123
Trd, 4318558.443, 110
Trd, 4318559.693, 140
Trd, 4318560.443, 140
Trd, 4318561.293, 133
Trd, 4318561.793, 118
Trd, 4318562.393, 139
Trd, 4318562.443, 107
Trd, 4318562.693, 98
Trd, 4318562.993, 97
Trd, 4318563.843, 105
Trd, 4318563.993, 106
Trd, 4318566.143, 73
Trd, 4318566.193, 62
Trd, 4318566.293, 64
Trd, 4318566.643, 65
Trd, 4318567.443, 105
Trd, 4318568.443, 61
Trd, 4318569.243, 65
Trd, 4318569.943, 125
Trd, 4318570.443, 129
Trd, 4318570.543, 119
Trd, 4318571.143, 115
Trd, 4318571.293, 108
Trd, 4318572.143, 140
Trd, 4318573.093, 60
Trd, 4318574.493, 140
Trd, 4318575.243, 104
Trd, 4318575.493, 76
Trd, 4318576.443, 74
Trd, 4318577.643, 92
Trd, 4318577.843, 109
Trd, 4318578.443, 140
Trd, 4318579.293, 133
Trd, 4318580.843, 89
Trd, 4318581.193, 81
Trd, 4318581.743, 96
Trd, 4318581.943, 93
Trd, 4318582.493, 92
Trd, 4318583.293, 97
Trd, 4318583.393, 91
Trd, 4318584.143, 90
Trd, 4318584.643, 83
Trd, 4318585.743, 89
Trd, 4318587.493, 130
Trd, 4318587.643, 80
Trd, 4318588.043, 139
Trd, 4318589.293, 93
Trd, 4318590.893, 82
Trd, 4318590.943, 77
Trd, 4318591.143, 91
Trd, 4318591.643, 88
Trd, 4318592.993, 88
Trd, 4318594.043, 104
Trd, 4318595.643, 91
Trd, 4318595.893, 116
Trd, 4318596.643, 79
Trd, 4318596.993, 73
Trd, 4318597.793, 71
Trd, 4318600.393, 70
Trd, 4318601.193, 62
Trd, 4318601.293, 71
Trd, 4318601.943, 70
Trd, 4318602.043, 72
Trd, 4318602.893, 96
Trd, 4318603.543, 70
Trd, 4318604.093, 76
Trd, 4318604.343, 64
Trd, 4318605.343, 69
Trd, 4318606.643, 104
Trd, 4318606.843, 105
Trd, 4318606.993, 82
Trd, 4318607.193, 63
Trd, 4318608.443, 138
Trd, 4318608.793, 126
Trd, 4318610.193, 111
Trd, 4318610.543, 84
Trd, 4318611.843, 87
Trd, 4318611.893, 90
Trd, 4318613.443, 82
Trd, 4318613.593, 63
Trd, 4318613.893, 75
Trd, 4318614.793, 98
Trd, 4318616.493, 84
Trd, 4318616.993, 78
Trd, 4318617.793, 119
Trd, 4318617.843, 117
Trd, 4318618.693, 113
Trd, 4318618.743, 112
Trd, 4318618.793, 105
Trd, 4318618.893, 101
Trd, 4318620.093, 139
Trd, 4318621.543, 112
Trd, 4318621.643, 111
Trd, 4318621.793, 101
Trd, 4318622.943, 115
Trd, 4318624.843, 103
Trd, 4318625.543, 79
Trd, 4318626.643, 72
Trd, 4318626.793, 86
Trd, 4318627.643, 93
Trd, 4318627.893, 140
Trd, 4318628.893, 81
Trd, 4318629.193, 103
Trd, 4318629.993, 95
Trd, 4318630.243, 134
Trd, 4318630.793, 140
Trd, 4318630.843, 128
Trd, 4318631.643, 79
Trd, 4318633.493, 132
Trd, 4318634.243, 110
Trd, 4318634.993, 106
Trd, 4318635.143, 80
Trd, 4318635.343, 72
Trd, 4318635.793, 69
Trd, 4318637.093, 75
Trd, 4318637.793, 74
Trd, 4318639.293, 106
Trd, 4318639.493, 101
Trd, 4318640.143, 95
Trd, 4318640.843, 110
Trd, 4318641.893, 140
Trd, 4318642.493, 128
Trd, 4318643.393, 86
Trd, 4318643.443, 83
Trd, 4318643.493, 68
Trd, 4318644.943, 111
Trd, 4318645.993, 124
Trd, 4318646.193, 123
Trd, 4318646.293, 132
Trd, 4318646.443, 123
Trd, 4318647.043, 76
Trd, 4318647.493, 76
Trd, 4318648.593, 107
Trd, 4318649.443, 127
Trd, 4318649.543, 115
Trd, 4318650.293, 102
Trd, 4318651.343, 82
Trd, 4318651.543, 79
Trd, 4318652.343, 89
Trd, 4318652.743, 68
Trd, 4318654.093, 73
Trd, 4318654.493, 90
Trd, 4318655.143, 67
Trd, 4318655.593, 85
Trd, 4318655.793, 75
Trd, 4318656.743, 85
Trd, 4318656.893, 82
Trd, 4318657.143, 72
Trd, 4318657.393, 61
Trd, 4318659.193, 140
Trd, 4318659.593, 115
Trd, 4318661.693, 68
Trd, 4318662.293, 63
Trd, 4318662.343, 72
Trd, 4318662.793, 101
Trd, 4318663.343, 127
Trd, 4318664.843, 114
Trd, 4318665.693, 115
Trd, 4318666.443, 111
Trd, 4318667.093, 107
Trd, 4318668.093, 89
Trd, 4318668.143, 103
Trd, 4318668.693, 87
Trd, 4318669.443, 121
Trd, 4318669.793, 65
Trd, 4318671.493, 137
Trd, 4318671.793, 135
Trd, 4318673.143, 123
Trd, 4318673.343, 119
Trd, 4318674.893, 99
Trd, 4318675.243, 110
Trd, 4318675.693, 112
Trd, 4318676.093, 98
Trd, 4318676.593, 84
Trd, 4318676.793, 120
Trd, 4318678.093, 105
Trd, 4318678.193, 105
Trd, 4318678.343, 104
Trd, 4318679.193, 64
Trd, 4318680.843, 73
Trd, 4318680.993, 66
Trd, 4318682.293, 68
Trd, 4318682.343, 85
Trd, 4318683.393, 127
Trd, 4318684.543, 124
Trd, 4318685.093, 140
Trd, 4318685.693, 121
Trd, 4318685.793, 117
Trd, 4318687.193, 80
Trd, 4318687.743, 88
Trd, 4318689.343, 84
Trd, 4318689.593, 100
Trd, 4318690.393, 89
Trd, 4318690.493, 88
Trd, 4318692.193, 82
Trd, 4318692.293, 99
Trd, 4318693.743, 117
Trd, 4318693.793, 106
Trd, 4318696.193, 140
Trd, 4318696.293, 124
Trd, 4318697.293, 117
Trd, 4318697.443, 116
Trd, 4318698.643, 110
Trd, 4318698.793, 109
Trd, 4318699.193, 105
Trd, 4318700.893, 126
Trd, 4318701.493, 86
Trd, 4318703.143, 71
Trd, 4318704.243, 107
Trd, 4318704.993, 98
Trd, 4318705.393, 98
Trd, 4318705.543, 96
Trd, 4318705.893, 93
Trd, 4318707.193, 71
Trd, 4318707.393, 69
Trd, 4318708.093, 77
Trd, 4318708.393, 114
Trd, 4318708.643, 114
Trd, 4318708.743, 95
Trd, 4318711.093, 83
Trd, 4318711.343, 89
Trd, 4318711.693, 79
Trd, 4318712.443, 72
Trd, 4318714.693, 69
Trd, 4318714.793, 68
Trd, 4318715.243, 130
Trd, 4318717.093, 79
Trd, 4318717.293, 94
Trd, 4318717.743, 91
Trd, 4318718.143, 94
Trd, 4318719.143, 115
Trd, 4318719.693, 103
Trd, 4318719.893, 91
Trd, 4318720.543, 103
Trd, 4318720.893, 130
Trd, 4318720.943, 94
Trd, 4318721.293, 121
Trd, 4318722.193, 128
Trd, 4318722.693, 127
Trd, 4318723.193, 120
Trd, 4318723.793, 117
Trd, 4318723.893, 86
Trd, 4318725.593, 125
Trd, 4318725.693, 112
Trd, 4318726.093, 140
Trd, 4318727.643, 108
Trd, 4318727.693, 71
Trd, 4318729.043, 140
Trd, 4318729.293, 124
Trd, 4318729.443, 75
Trd, 4318730.393, 107
Trd, 4318730.443, 102
Trd, 4318730.693, 138
Trd, 4318732.043, 116
Trd, 4318732.093, 113
Trd, 4318733.443, 85
Trd, 4318733.643, 139
Trd, 4318734.493, 74
Trd, 4318736.593, 85
Trd, 4318736.843, 91
Trd, 4318737.143, 83
Trd, 4318738.293, 71
Trd, 4318738.743, 72
Trd, 4318739.143, 83
Trd, 4318739.543, 74
Trd, 4318741.593, 70
Trd, 4318742.493, 70
Trd, 4318742.593, 110
Trd, 4318743.543, 106
Trd, 4318743.943, 102
Trd, 4318745.143, 129
Trd, 4318745.593, 137
Trd, 4318745.693, 131
Trd, 4318746.093, 129
Trd, 4318746.493, 121
Trd, 4318746.893, 116
Trd, 4318747.793, 90
Trd, 4318748.493, 71
Trd, 4318750.343, 69
Trd, 4318750.543, 71
Trd, 4318750.743, 86
Trd, 4318751.243, 75
Trd, 4318752.893, 111
Trd, 4318753.243, 113
Trd, 4318753.843, 98
Trd, 4318755.593, 90
Trd, 4318755.993, 97
Trd, 4318756.493, 72
Trd, 4318757.043, 101
Trd, 4318758.143, 140
Trd, 4318758.193, 140
Trd, 4318759.993, 140
Trd, 4318761.593, 140
Trd, 4318761.643, 138
Trd, 4318761.843, 132
Trd, 4318762.393, 122
Trd, 4318762.443, 112
Trd, 4318763.043, 140
Trd, 4318763.093, 105
Trd, 4318763.243, 96
Trd, 4318764.393, 117
Trd, 4318765.193, 135
Trd, 4318765.443, 109
Trd, 4318768.693, 139
Trd, 4318768.743, 137
Trd, 4318768.893, 101
Trd, 4318769.393, 100
Trd, 4318770.793, 77
Trd, 4318770.993, 80
Trd, 4318772.193, 104
Trd, 4318772.743, 95
Trd, 4318773.843, 127
Trd, 4318774.493, 93
Trd, 4318775.593, 62
Trd, 4318776.693, 81
Trd, 4318776.793, 84
Trd, 4318778.043, 82
Trd, 4318778.743, 131
Trd, 4318778.893, 103
Trd, 4318780.043, 90
Trd, 4318781.343, 140
Trd, 4318781.943, 126
Trd, 4318782.443, 109
Trd, 4318784.143, 102
Trd, 4318784.643, 130
Trd, 4318785.693, 134
Trd, 4318786.443, 140
Trd, 4318787.043, 137
Trd, 4318787.593, 135
Trd, 4318788.993, 139
Trd, 4318790.743, 129
Trd, 4318791.693, 123
Trd, 4318792.343, 132
Trd, 4318792.393, 131
Trd, 4318793.593, 140
Trd, 4318794.293, 107
Trd, 4318794.393, 101
Trd, 4318795.093, 122
Trd, 4318795.643, 89
Trd, 4318796.193, 115
Trd, 4318797.393, 128
Trd, 4318798.243, 92
Trd, 4318798.793, 90
Trd, 4318798.943, 138
Trd, 4318799.343, 90
Trd, 4318800.043, 87
Trd, 4318800.343, 71
Trd, 4318801.043, 73
Trd, 4318801.293, 60
Trd, 4318801.493, 69
Trd, 4318802.893, 87
Trd, 4318803.243, 75
Trd, 4318804.393, 98
Trd, 4318805.193, 86
Trd, 4318806.643, 70
Trd, 4318806.993, 109
Trd, 4318807.043, 69
Trd, 4318807.093, 113
Trd, 4318808.143, 85
Trd, 4318809.543, 130
Trd, 4318809.793, 110
Trd, 4318810.043, 128
Trd, 4318810.193, 105
Trd, 4318811.293, 139
Trd, 4318811.343, 97
Trd, 4318812.443, 106
Trd, 4318814.193, 96
Trd, 4318815.093, 140
Trd, 4318815.293, 94
Trd, 4318815.493, 133
Trd, 4318815.893, 104
Trd, 4318816.193, 87
Trd, 4318816.643, 87
Trd, 4318817.693, 84
Trd, 4318817.743, 83
Trd, 4318818.393, 85
Trd, 4318818.793, 139
Trd, 4318820.643, 137
Trd, 4318821.893, 136
Trd, 4318821.943, 129
Trd, 4318822.293, 123
Trd, 4318822.793, 107
Trd, 4318823.093, 95
Trd, 4318823.843, 131
Trd, 4318825.843, 140
Trd, 4318826.243, 140
Trd, 4318826.543, 131
Trd, 4318826.843, 138
Trd, 4318827.593, 132
Trd, 4318828.093, 118
Trd, 4318829.393, 133
Trd, 4318829.443, 100
Trd, 4318830.193, 91
Trd, 4318830.743, 94
Trd, 4318831.393, 77
Trd, 4318831.893, 60
Trd, 4318832.543, 69
Trd, 4318834.393, 67
Trd, 4318834.993, 133
Trd, 4318835.543, 99
Trd, 4318835.993, 95
Trd, 4318836.993, 136
Trd, 4318837.243, 132
Trd, 4318837.593, 86
Trd, 4318838.393, 99
Trd, 4318838.743, 81
Trd, 4318840.693, 97
Trd, 4318840.993, 100
Trd, 4318841.943, 105
Trd, 4318841.993, 97
Trd, 4318843.293, 85
Trd, 4318843.343, 70
Trd, 4318843.793, 119
Trd, 4318844.193, 115
Trd, 4318844.343, 103
Trd, 4318845.043, 140
Trd, 4318846.693, 136
Trd, 4318846.743, 125
Trd, 4318848.343, 116
Trd, 4318848.593, 109
Trd, 4318848.943, 106
Trd, 4318849.093, 138
Trd, 4318849.243, 105
Trd, 4318849.593, 104
Trd, 4318850.893, 68
Trd, 4318852.093, 83
Trd, 4318852.693, 111
Trd, 4318853.293, 94
Trd, 4318854.743, 81
Trd, 4318855.243, 66
Trd, 4318856.493, 67
Trd, 4318856.843, 85
Trd, 4318857.643, 64
Trd, 4318857.943, 68
Trd, 4318859.193, 81
Trd, 4318859.743, 71
Trd, 4318860.843, 97
Trd, 4318861.043, 80
Trd, 4318862.093, 89
Trd, 4318862.143, 80
Trd, 4318863.543, 77
Trd, 4318865.293, 83
Trd, 4318866.193, 68
Trd, 4318866.643, 85
Trd, 4318867.593, 87
Trd, 4318867.743, 93
Trd, 4318868.093, 129
Trd, 4318869.143, 100
Trd, 4318869.443, 114
Trd, 4318869.993, 82
Trd, 4318870.593, 77
Trd, 4318871.343, 107
Trd, 4318872.643, 118
Trd, 4318872.743, 129
Trd, 4318873.493, 135
Trd, 4318873.543, 131
Trd, 4318874.443, 84
Trd, 4318875.193, 62
Trd, 4318875.893, 85
Trd, 4318876.293, 119
Trd, 4318877.493, 100
Trd, 4318878.793, 72
Trd, 4318880.543, 139
Trd, 4318881.143, 133
Trd, 4318881.193, 127
Trd, 4318881.743, 107
Trd, 4318881.843, 102
Trd, 4318882.343, 79
Trd, 4318883.493, 112
Trd, 4318883.843, 85
Trd, 4318883.993, 62
Trd, 4318884.793, 108
Trd, 4318884.943, 68
Trd, 4318885.793, 93
Trd, 4318886.543, 74
Trd, 4318886.643, 67
Trd, 4318888.343, 140
Trd, 4318888.443, 139
Trd, 4318888.543, 133
Trd, 4318889.143, 120
Trd, 4318889.393, 106
Trd, 4318890.543, 114
Trd, 4318890.693, 105
Trd, 4318891.793, 99
Trd, 4318891.993, 93
Trd, 4318893.693, 129
Trd, 4318893.843, 118
Trd, 4318894.493, 138
Trd, 4318895.293, 112
Trd, 4318895.993, 73
Trd, 4318896.993, 72
Trd, 4318897.393, 72
Trd, 4318897.893, 93
Trd, 4318898.293, 80
Trd, 4318899.093, 61
Trd, 4318902.693, 102
Trd, 4318902.793, 84
Trd, 4318903.443, 92
Trd, 4318903.843, 93
Trd, 4318904.293, 140
Trd, 4318904.743, 132
Trd, 4318905.493, 85
Trd, 4318905.743, 95
Trd, 4318906.093, 108
Trd, 4318907.393, 110
Trd, 4318907.743, 94
Trd, 4318908.893, 89
Trd, 4318909.243, 103
Trd, 4318910.343, 100
Trd, 4318910.593, 95
Trd, 4318911.393, 128
Trd, 4318911.793, 136
Trd, 4318912.393, 116
Trd, 4318912.643, 112
Trd, 4318913.043, 108
Trd, 4318913.893, 138
Trd, 4318915.393, 100
Trd, 4318915.543, 96
Trd, 4318916.593, 100
Trd, 4318916.893, 97
Trd, 4318917.343, 137
Trd, 4318917.593, 130
Trd, 4318917.693, 106
Trd, 4318917.993, 73
Trd, 4318918.443, 87
Trd, 4318920.693, 74
Trd, 4318920.943, 65
Trd, 4318921.893, 78
Trd, 4318922.543, 68
Trd, 4318923.293, 78
Trd, 4318923.493, 79
Trd, 4318925.993, 64
Trd, 4318926.543, 83
Trd, 4318927.693, 81
Trd, 4318928.743, 83
Trd, 4318929.943, 122
Trd, 4318930.293, 117
Trd, 4318930.843, 87
Trd, 4318932.393, 99
Trd, 4318932.893, 111
Trd, 4318933.743, 119
Trd, 4318934.493, 110
Trd, 4318934.543, 109
Trd, 4318935.193, 77
Trd, 4318936.093, 94
Trd, 4318936.343, 110
Trd, 4318938.143, 110
Trd, 4318938.343, 104
Trd, 4318939.093, 140
Trd, 4318939.693, 125
Trd, 4318940.193, 102
Trd, 4318940.493, 99
Trd, 4318942.143, 104
Trd, 4318943.693, 136
Trd, 4318944.443, 135
Trd, 4318944.743, 127
Trd, 4318945.243, 120
Trd, 4318945.693, 94
Trd, 4318946.193, 91
Trd, 4318946.793, 137
Trd, 4318947.493, 110
Trd, 4318947.743, 109
Trd, 4318947.943, 76
Trd, 4318948.193, 75
Trd, 4318948.543, 69
Trd, 4318950.293, 82
Trd, 4318951.893, 126
Trd, 4318952.493, 88
Trd, 4318952.893, 99
Trd, 4318952.943, 87
Trd, 4318953.843, 101
Trd, 4318954.143, 74
Trd, 4318954.593, 125
Trd, 4318954.943, 92
Trd, 4318956.943, 105
Trd, 4318957.593, 67
Trd, 4318957.743, 69
Trd, 4318959.293, 68
Trd, 4318959.743, 103
Trd, 4318960.543, 97
Trd, 4318960.793, 90
Trd, 4318961.293, 113
Trd, 4318963.093, 140
Trd, 4318963.243, 133
Trd, 4318963.493, 138
Trd, 4318963.643, 130
Trd, 4318963.943, 108
Trd, 4318965.593, 125
Trd, 4318965.793, 122
Trd, 4318966.793, 136
Trd, 4318967.793, 112
Trd, 4318968.493, 93
Trd, 4318969.393, 120
Trd, 4318969.493, 86
Trd, 4318970.993, 133
Trd, 4318971.293, 115
Trd, 4318971.843, 100
Trd, 4318971.993, 127
Trd, 4318972.093, 101
Trd, 4318972.693, 97
Trd, 4318974.643, 75
Trd, 4318975.443, 64
Trd, 4318976.493, 74
Trd, 4318977.743, 139
Trd, 4318978.493, 131
Trd, 4318978.693, 115
Trd, 4318979.493, 116
Trd, 4318980.243, 126
Trd, 4318980.343, 116
Trd, 4318980.893, 96
Trd, 4318982.293, 126
Trd, 4318982.343, 118
Trd, 4318982.993, 91
Trd, 4318984.143, 139
Trd, 4318985.043, 132
Trd, 4318985.193, 131
Trd, 4318985.293, 125
Trd, 4318985.943, 85
Trd, 4318986.193, 80
Trd, 4318987.143, 105
Trd, 4318987.793, 133
Trd, 4318988.043, 124
Trd, 4318988.143, 118
Trd, 4318990.643, 134
Trd, 4318991.493, 69
Trd, 4318991.843, 98
Trd, 4318992.893, 90
Trd, 4318992.943, 97
Trd, 4318995.293, 72
Trd, 4318996.193, 111
Trd, 4318996.843, 140
Trd, 4318996.993, 70
Trd, 4318997.143, 136
Trd, 4318997.743, 103
Trd, 4318997.893, 84
Trd, 4318999.043, 94
Trd, 4319000.593, 95
Trd, 4319000.993, 109
Trd, 4319002.443, 114
Trd, 4319002.493, 92
Trd, 4319002.793, 111
Trd, 4319005.143, 67
Trd, 4319005.793, 83
Trd, 4319006.443, 78
Trd, 4319007.093, 80
Trd, 4319007.693, 77
Trd, 4319007.993, 77
Trd, 4319008.043, 114
Trd, 4319008.493, 85
Trd, 4319009.043, 138
Trd, 4319010.843, 113
Trd, 4319012.493, 113
Trd, 4319012.743, 72
Trd, 4319013.643, 140
Trd, 4319014.493, 84
Trd, 4319014.593, 80
Trd, 4319014.643, 79
Trd, 4319016.993, 91
Trd, 4319018.643, 115
Trd, 4319019.043, 99
Trd, 4319019.993, 131
Trd, 4319020.043, 97
Trd, 4319021.743, 139
Trd, 4319022.293, 133
Trd, 4319022.793, 131
Trd, 4319022.943, 85
Trd, 4319023.443, 66
Trd, 4319024.893, 109
Trd, 4319025.793, 124
Trd, 4319025.943, 123
Trd, 4319026.393, 100
Trd, 4319026.743, 71
Trd, 4319027.043, 64
Trd, 4319027.293, 76
Trd, 4319030.343, 94
Trd, 4319030.893, 78
Trd, 4319031.143, 92
Trd, 4319031.443, 99
Trd, 4319031.693, 116
Trd, 4319031.743, 95
Trd, 4319031.943, 122
Trd, 4319032.243, 93
Trd, 4319032.993, 87
Trd, 4319034.093, 82
Trd, 4319035.993, 65
Trd, 4319038.693, 63
Trd, 4319038.943, 73
Trd, 4319039.393, 94
Trd, 4319040.343, 139
Trd, 4319040.693, 93
Trd, 4319040.893, 90
Trd, 4319041.443, 119
Trd, 4319042.693, 101
Trd, 4319042.993, 94
Trd, 4319044.243, 89
Trd, 4319045.193, 63
Trd, 4319045.393, 88
Trd, 4319045.693, 116
Trd, 4319046.293, 64
Trd, 4319047.043, 75
Trd, 4319047.343, 69
Trd, 4319050.243, 108
Trd, 4319050.393, 107
Trd, 4319050.843, 105
Trd, 4319051.043, 105
Trd, 4319052.043, 104
Trd, 4319052.093, 103
Trd, 4319052.393, 89
Trd, 4319053.643, 140
Trd, 4319053.943, 124
Trd, 4319055.143, 76
Trd, 4319055.193, 76
Trd, 4319056.143, 71
Trd, 4319056.893, 134
Trd, 4319058.343, 71
Trd, 4319059.943, 132
Trd, 4319061.043, 60
Trd, 4319062.543, 77
Trd, 4319062.743, 100
Trd, 4319062.943, 77
Trd, 4319062.993, 75
Trd, 4319064.393, 91
Trd, 4319064.593, 97
Trd, 4319064.943, 124
Trd, 4319065.543, 115
Trd, 4319067.193, 103
Trd, 4319067.443, 136
Trd, 4319068.443, 68
Trd, 4319068.943, 64
Trd, 4319069.943, 130
Trd, 4319070.493, 77
Trd, 4319071.043, 123
Trd, 4319071.893, 79
Trd, 4319072.093, 100
Trd, 4319072.143, 77
Trd, 4319073.293, 108
Trd, 4319073.793, 95
Trd, 4319074.943, 136
Trd, 4319074.993, 130
Trd, 4319076.693, 95
Trd, 4319077.793, 70
Trd, 4319078.393, 137
Trd, 4319078.943, 73
Trd, 4319079.143, 76
Trd, 4319081.043, 104
Trd, 4319081.443, 96
Trd, 4319082.743, 140
Trd, 4319082.993, 87
Trd, 4319083.843, 61
Trd, 4319084.293, 90
Trd, 4319085.243, 62
Trd, 4319086.793, 64
Trd, 4319087.793, 68
Trd, 4319088.043, 83
Trd, 4319088.343, 70
Trd, 4319088.943, 83
Trd, 4319089.393, 73
Trd, 4319091.143, 99
Trd, 4319091.443, 116
Trd, 4319091.793, 120
Trd, 4319094.693, 116
Trd, 4319094.793, 122
Trd, 4319094.943, 103
Trd, 4319095.993, 82
Trd, 4319096.243, 94
Trd, 4319097.243, 76
Trd, 4319097.393, 73
Trd, 4319097.493, 73
Trd, 4319097.743, 81
Trd, 4319099.493, 112
Trd, 4319099.943, 114
Trd, 4319100.893, 61
Trd, 4319101.093, 94
Trd, 4319102.343, 140
Trd, 4319102.543, 139
Trd, 4319104.193, 123
Trd, 4319104.893, 120
Trd, 4319105.443, 119
Trd, 4319106.393, 128
Trd, 4319107.293, 113
Trd, 4319108.043, 123
Trd, 4319108.193, 134
Trd, 4319109.493, 137
Trd, 4319109.793, 136
Trd, 4319109.943, 131
Trd, 4319110.993, 110
Trd, 4319112.043, 109
Trd, 4319112.093, 81
Trd, 4319113.493, 138
Trd, 4319113.793, 133
Trd, 4319113.993, 74
Trd, 4319114.393, 139
Trd, 4319115.393, 111
Trd, 4319115.643, 110
Trd, 4319116.243, 117
Trd, 4319118.093, 122
Trd, 4319118.293, 101
Trd, 4319118.893, 130
Trd, 4319119.843, 82
Trd, 4319120.343, 80
Trd, 4319120.443, 86
Trd, 4319120.793, 79
Trd, 4319121.543, 78
Trd, 4319121.593, 81
Trd, 4319123.143, 104
Trd, 4319123.493, 85
Trd, 4319124.193, 70
Trd, 4319125.093, 140
Trd, 4319125.543, 138
Trd, 4319126.443, 126
Trd, 4319126.793, 124
Trd, 4319127.143, 140
Trd, 4319127.343, 88
Trd, 4319128.993, 74
Trd, 4319129.793, 81
Trd, 4319130.143, 92
Trd, 4319130.293, 67
Trd, 4319130.693, 74
Trd, 4319132.293, 98
Trd, 4319133.943, 140
Trd, 4319134.043, 133
Trd, 4319135.343, 89
Trd, 4319135.793, 101
Trd, 4319136.343, 133
Trd, 4319136.743, 71
Trd, 4319137.293, 85
Trd, 4319137.343, 81
Trd, 4319139.693, 111
Trd, 4319140.143, 139
Trd, 4319141.743, 88
Trd, 4319142.193, 134
Trd, 4319142.343, 88
Trd, 4319142.543, 84
Trd, 4319142.993, 140
Trd, 4319143.193, 140
Trd, 4319143.343, 85
Trd, 4319144.443, 106
Trd, 4319145.493, 122
Trd, 4319145.593, 78
Trd, 4319147.143, 138
Trd, 4319147.343, 131
Trd, 4319148.593, 109
Trd, 4319149.293, 110
Trd, 4319150.293, 102
Trd, 4319150.993, 116
Trd, 4319151.843, 93
Trd, 4319152.593, 90
Trd, 4319152.793, 130
Trd, 4319153.493, 88
Trd, 4319154.293, 98
Trd, 4319155.193, 140
Trd, 4319155.993, 125
Trd, 4319156.293, 123
Trd, 4319156.843, 109
Trd, 4319157.493, 105
Trd, 4319158.443, 119
Trd, 4319159.043, 103
Trd, 4319160.793, 122
Trd, 4319161.093, 106
Trd, 4319161.943, 140
Trd, 4319162.643, 140
Trd, 4319162.993, 138
Trd, 4319163.393, 131
Trd, 4319163.543, 94
Trd, 4319164.143, 132
Trd, 4319165.893, 83
Trd, 4319167.693, 99
Trd, 4319168.393, 98
Trd, 4319168.943, 116
Trd, 4319169.143, 114
Trd, 4319169.643, 109
Trd, 4319170.143, 139
Trd, 4319170.193, 116
Trd, 4319171.043, 108
Trd, 4319173.043, 106
Trd, 4319173.143, 102
Trd, 4319173.893, 112
Trd, 4319174.143, 85
Trd, 4319175.543, 112
Trd, 4319176.093, 109
Trd, 4319176.393, 103
Trd, 4319176.693, 140
Trd, 4319176.893, 75
Trd, 4319179.043, 113
Trd, 4319179.693, 104
Trd, 4319179.743, 104
Trd, 4319179.843, 100
Trd, 4319181.343, 69
Trd, 4319181.593, 90
Trd, 4319182.143, 140
Trd, 4319183.643, 129
Trd, 4319185.193, 107
Trd, 4319186.543, 110
Trd, 4319186.593, 110
Trd, 4319186.693, 106
Trd, 4319186.793, 105
Trd, 4319186.843, 81
Trd, 4319187.943, 140
Trd, 4319188.193, 114
Trd, 4319189.843, 130
Trd, 4319190.293, 117
Trd, 4319190.343, 96
Trd, 4319191.693, 68
Trd, 4319192.643, 139
Trd, 4319192.893, 139
Trd, 4319193.093, 117
Trd, 4319194.243, 116
Trd, 4319194.443, 105
Trd, 4319196.143, 131
Trd, 4319196.843, 122
Trd, 4319197.643, 126
Trd, 4319198.243, 124
Trd, 4319198.343, 118
Trd, 4319199.393, 129
Trd, 4319199.593, 127
Trd, 4319200.643, 98
Trd, 4319201.293, 125
Trd, 4319202.143, 140
Trd, 4319202.343, 127
Trd, 4319203.193, 96
Trd, 4319203.493, 106
Trd, 4319204.243, 116
Trd, 4319204.593, 105
Trd, 4319205.093, 93
Trd, 4319205.893, 140
Trd, 4319206.343, 134
Trd, 4319206.493, 102
Trd, 4319206.643, 99
Trd, 4319207.093, 98
Trd, 4319207.893, 115
Trd, 4319209.793, 105
Trd, 4319210.593, 62
Trd, 4319212.193, 67
Trd, 4319213.043, 128
Trd, 4319213.943, 103
Trd, 4319214.393, 140
Trd, 4319214.593, 111
Trd, 4319214.793, 100
Trd, 4319215.893, 119
Trd, 4319217.093, 96
Trd, 4319218.843, 135
Trd, 4319219.843, 123
Trd, 4319220.193, 132
Trd, 4319220.743, 123
Trd, 4319220.793, 110
Trd, 4319220.843, 95
Trd, 4319221.393, 84
Trd, 4319222.443, 71
Trd, 4319223.893, 140
Trd, 4319224.043, 140
Trd, 4319224.443, 125
Trd, 4319225.093, 118
Trd, 4319225.293, 114
Trd, 4319225.443, 103
Trd, 4319226.093, 68
Trd, 4319226.643, 81
Trd, 4319227.793, 87
Trd, 4319227.893, 90
Trd, 4319228.043, 103
Trd, 4319228.593, 83
Trd, 4319228.743, 99
Trd, 4319230.593, 60
Trd, 4319232.093, 111
Trd, 4319233.193, 116
Trd, 4319233.743, 95
Trd, 4319233.793, 108
Trd, 4319233.843, 95
Trd, 4319235.593, 78
Trd, 4319236.843, 140
Trd, 4319237.043, 96
Trd, 4319237.443, 85
Trd, 4319238.443, 119
Trd, 4319239.243, 81
Trd, 4319240.493, 81
Trd, 4319240.543, 94
Trd, 4319241.043, 71
Trd, 4319241.293, 72
Trd, 4319242.843, 134
Trd, 4319243.293, 140
Trd, 4319243.893, 110
Trd, 4319244.143, 122
Trd, 4319245.593, 99
Trd, 4319245.993, 130
Trd, 4319246.493, 116
Trd, 4319248.793, 88
Trd, 4319249.393, 87
Trd, 4319249.843, 98
Trd, 4319251.293, 130
Trd, 4319251.993, 131
Trd, 4319252.793, 101
Trd, 4319252.843, 87
Trd, 4319253.343, 138
Trd, 4319254.443, 74
Trd, 4319254.893, 112
Trd, 4319256.343, 73
Trd, 4319257.043, 88
Trd, 4319257.093, 133
Trd, 4319258.043, 69
Trd, 4319258.243, 81
Trd, 4319258.843, 111
Trd, 4319259.343, 61
Trd, 4319260.343, 62
Trd, 4319261.393, 140
Trd, 4319262.093, 132
Trd, 4319263.693, 131
Trd, 4319264.143, 130
Trd, 4319264.193, 134
Trd, 4319265.443, 111
Trd, 4319265.593, 93
Trd, 4319265.743, 72
Trd, 4319267.293, 96
Trd, 4319268.343, 134
Trd, 4319268.843, 133
Trd, 4319269.193, 118
Trd, 4319270.793, 125
Trd, 4319271.043, 124
Trd, 4319271.293, 112
Trd, 4319271.493, 84
Trd, 4319271.993, 104
Trd, 4319272.043, 91
Trd, 4319273.043, 140
Trd, 4319274.343, 121
Trd, 4319275.093, 116
Trd, 4319275.593, 112
Trd, 4319276.243, 111
Trd, 4319276.643, 110
Trd, 4319276.843, 115
Trd, 4319277.543, 84
Trd, 4319277.643, 64
Trd, 4319279.193, 71
Trd, 4319279.993, 105
Trd, 4319280.343, 60
Trd, 4319280.793, 71
Trd, 4319281.193, 72
Trd, 4319282.143, 122
Trd, 4319282.643, 124
Trd, 4319283.543, 65
Trd, 4319284.243, 127
Trd, 4319285.543, 120
Trd, 4319286.493, 84
Trd, 4319288.143, 87
Trd, 4319288.293, 102
Trd, 4319289.293, 82
Trd, 4319290.093, 114
Trd, 4319290.143, 97
Trd, 4319290.743, 78
Trd, 4319290.893, 73
Trd, 4319292.593, 103
Trd, 4319293.793, 73
Trd, 4319294.193, 68
Trd, 4319295.043, 100
Trd, 4319295.843, 82
Trd, 4319296.643, 138
Trd, 4319297.093, 113
Trd, 4319297.593, 108
Trd, 4319297.693, 108
Trd, 4319297.943, 138
Trd, 4319299.443, 61
Trd, 4319300.493, 60
Trd, 4319301.043, 67
Trd, 4319302.043, 97
Trd, 4319303.343, 70
Trd, 4319303.793, 88
Trd, 4319304.943, 81
Trd, 4319305.443, 91
Trd, 4319305.793, 69
Trd, 4319305.893, 68
Trd, 4319306.343, 100
Trd, 4319307.193, 139
Trd, 4319308.343, 101
Trd, 4319309.043, 91
Trd, 4319309.243, 101
Trd, 4319309.293, 90
Trd, 4319310.843, 139
Trd, 4319312.393, 60
Trd, 4319314.743, 105
Trd, 4319315.143, 119
Trd, 4319315.493, 116
Trd, 4319316.343, 84
Trd, 4319316.593, 84
Trd, 4319316.643, 81
Trd, 4319317.193, 112
Trd, 4319317.243, 76
Trd, 4319318.593, 65
Trd, 4319319.193, 66
Trd, 4319319.693, 63
Trd, 4319320.293, 107
Trd, 4319320.693, 61
Trd, 4319322.143, 124
Trd, 4319322.243, 121
Trd, 4319322.393, 98
Trd, 4319323.893, 77
Trd, 4319324.693, 125
Trd, 4319325.043, 88
Trd, 4319325.343, 107
Trd, 4319327.443, 64
Trd, 4319328.093, 95
Trd, 4319328.143, 62
Trd, 4319328.443, 103
Trd, 4319329.143, 107
Trd, 4319329.193, 96
Trd, 4319329.793, 95
Trd, 4319330.293, 83
Trd, 4319330.743, 62
Trd, 4319332.143, 101
Trd, 4319333.293, 105
Trd, 4319333.443, 86
Trd, 4319334.493, 117
Trd, 4319334.993, 79
Trd, 4319336.543, 82
Trd, 4319337.243, 80
Trd, 4319337.543, 96
Trd, 4319337.943, 67
Trd, 4319338.743, 72
Trd, 4319339.643, 115
Trd, 4319342.043, 62
Trd, 4319342.093, 68
Trd, 4319342.643, 83
Trd, 4319343.643, 79
Trd, 4319344.343, 85
Trd, 4319344.843, 112
Trd, 4319344.943, 93
Trd, 4319345.093, 75
Trd, 4319346.243, 80
Trd, 4319346.443, 78
Trd, 4319346.493, 74
Trd, 4319347.593, 89
Trd, 4319348.193, 62
Trd, 4319349.343, 108
Trd, 4319349.843, 89
Trd, 4319352.493, 114
Trd, 4319352.943, 137
Trd, 4319353.893, 140
Trd, 4319354.193, 134
Trd, 4319354.593, 133
Trd, 4319354.793, 125
Trd, 4319354.843, 115
Trd, 4319356.443, 107
Trd, 4319356.793, 139
Trd, 4319356.893, 101
Trd, 4319357.093, 96
Trd, 4319357.493, 93
Trd, 4319358.093, 134
Trd, 4319358.893, 72
Trd, 4319359.443, 83
Trd, 4319360.893, 68
Trd, 4319361.093, 66
Trd, 4319361.493, 70
Trd, 4319362.193, 64
Trd, 4319362.543, 82
Trd, 4319363.443, 95
Trd, 4319364.743, 70
Trd, 4319364.943, 62
Trd, 4319365.043, 97
Trd, 4319365.343, 89
Trd, 4319366.593, 97
Trd, 4319368.593, 119
Trd, 4319369.043, 120
Trd, 4319369.093, 114
Trd, 4319370.293, 107
Trd, 4319370.393, 114
Trd, 4319371.093, 99
Trd, 4319371.343, 94
Trd, 4319372.593, 64
Trd, 4319373.743, 123
Trd, 4319374.193, 81
Trd, 4319374.293, 66
Trd, 4319375.143, 118
Trd, 4319376.393, 79
Trd, 4319377.343, 61
Trd, 4319377.543, 84
Trd, 4319377.743, 92
Trd, 4319377.793, 60
Trd, 4319378.293, 127
Trd, 4319379.193, 104
Trd, 4319379.793, 73
Trd, 4319381.943, 72
Trd, 4319382.943, 108
Trd, 4319383.543, 80
Trd, 4319383.743, 79
Trd, 4319385.593, 85
Trd, 4319385.743, 99
Trd, 4319386.343, 77
Trd, 4319387.343, 107
Trd, 4319387.493, 73
Trd, 4319388.193, 92
Trd, 4319389.343, 77
Trd, 4319389.443, 75
Trd, 4319389.543, 119
Trd, 4319391.943, 98
Trd, 4319391.993, 96
Trd, 4319392.243, 76
Trd, 4319393.043, 82
Trd, 4319393.843, 86
Trd, 4319394.093, 90
Trd, 4319395.043, 109
Trd, 4319395.943, 73
Trd, 4319396.743, 72
Trd, 4319396.793, 79
Trd, 4319397.443, 84
Trd, 4319397.543, 85
Trd, 4319397.593, 71
Trd, 4319398.993, 107
Trd, 4319399.493, 76
Trd, 4319401.943, 126
Trd, 4319402.043, 85
Trd, 4319402.943, 138
Trd, 4319403.493, 137
Trd, 4319403.543, 132
Trd, 4319403.743, 108
Trd, 4319404.043, 61
Trd, 4319406.343, 101
Trd, 4319408.093, 65
Trd, 4319408.243, 100
Trd, 4319409.393, 64
Trd, 4319409.593, 133
Trd, 4319410.043, 73
Trd, 4319410.343, 79
Trd, 4319412.443, 77
Trd, 4319412.543, 78
Trd, 4319413.093, 75
Trd, 4319414.093, 65
Trd, 4319415.143, 102
Trd, 4319415.393, 82
Trd, 4319415.893, 112
Trd, 4319416.343, 78
Trd, 4319417.543, 96
Trd, 4319417.793, 95
Trd, 4319418.143, 88
Trd, 4319418.593, 81
Trd, 4319418.743, 82
Trd, 4319419.643, 140
Trd, 4319420.393, 127
Trd, 4319421.943, 116
Trd, 4319422.393, 88
Trd, 4319423.143, 107
Trd, 4319423.693, 135
Trd, 4319424.693, 139
Trd, 4319424.743, 96
Trd, 4319426.543, 97
Trd, 4319426.593, 96
Trd, 4319427.193, 87
Trd, 4319427.943, 74
Trd, 4319429.193, 78
Trd, 4319429.493, 71
Trd, 4319430.343, 82
Trd, 4319430.643, 87
Trd, 4319431.343, 80
Trd, 4319431.943, 128
Trd, 4319433.293, 132
Trd, 4319433.693, 126
Trd, 4319434.293, 130
Trd, 4319434.693, 126
Trd, 4319434.943, 102
Trd, 4319435.143, 119
Trd, 4319436.493, 69
Trd, 4319436.643, 77
Trd, 4319437.243, 123
Trd, 4319437.593, 92
Trd, 4319438.443, 131
Trd, 4319438.843, 106
Trd, 4319440.643, 69
Trd, 4319440.743, 81
Trd, 4319441.193, 99
Trd, 4319442.743, 140
Trd, 4319443.093, 139
Trd, 4319443.393, 133
Trd, 4319444.243, 126
Trd, 4319444.643, 121
Trd, 4319444.943, 120
Trd, 4319445.693, 124
Trd, 4319446.243, 72
Trd, 4319446.443, 93
Trd, 4319448.343, 139
Trd, 4319448.543, 131
Trd, 4319449.393, 127
Trd, 4319449.593, 119
Trd, 4319449.693, 77
Trd, 4319450.343, 132
Trd, 4319450.443, 135
Trd, 4319451.443, 94
Trd, 4319451.943, 77
Trd, 4319453.043, 72
Trd, 4319453.143, 88
Trd, 4319453.993, 72
Trd, 4319454.043, 75
Trd, 4319455.293, 74
Trd, 4319456.943, 81
Trd, 4319457.743, 92
Trd, 4319457.993, 74
Trd, 4319458.243, 123
Trd, 4319459.493, 68
Trd, 4319459.593, 64
Trd, 4319459.943, 65
Trd, 4319461.543, 114
Trd, 4319462.293, 107
Trd, 4319462.393, 67
Trd, 4319462.793, 105
Trd, 4319462.943, 71
Trd, 4319463.993, 102
Trd, 4319464.093, 73
Trd, 4319465.743, 139
Trd, 4319467.543, 98
Trd, 4319467.943, 97
Trd, 4319468.243, 107
Trd, 4319469.293, 96
Trd, 4319469.443, 92
Trd, 4319469.793, 88
Trd, 4319470.193, 88
Trd, 4319470.343, 86
Trd, 4319471.443, 107
Trd, 4319471.643, 101
Trd, 4319473.243, 94
Trd, 4319473.743, 135
Trd, 4319474.193, 133
Trd, 4319474.343, 132
Trd, 4319474.693, 136
Trd, 4319474.743, 90
Trd, 4319476.293, 123
Trd, 4319477.493, 123
Trd, 4319477.693, 118
Trd, 4319477.943, 124
Trd, 4319478.343, 140
Trd, 4319479.593, 103
Trd, 4319480.393, 101
Trd, 4319481.243, 132
Trd, 4319481.693, 140
Trd, 4319482.243, 131
Trd, 4319482.943, 125
Trd, 4319483.093, 92
Trd, 4319483.843, 133
Trd, 4319484.393, 123
Trd, 4319485.593, 120
Trd, 4319486.943, 91
Trd, 4319487.093, 68
Trd, 4319487.493, 65
Trd, 4319488.393, 135
Trd, 4319489.043, 117
Trd, 4319489.143, 106
Trd, 4319489.793, 140
Trd, 4319490.493, 115
Trd, 4319490.793, 81
Trd, 4319492.343, 85
Trd, 4319492.843, 85
Trd, 4319494.193, 75
Trd, 4319494.693, 76
Trd, 4319495.393, 110
Trd, 4319495.443, 105
Trd, 4319496.293, 140
Trd, 4319497.993, 132
Trd, 4319498.543, 117
Trd, 4319500.143, 127
Trd, 4319500.493, 124
Trd, 4319500.693, 120
Trd, 4319500.843, 119
Trd, 4319501.143, 95
Trd, 4319501.593, 122
Trd, 4319501.843, 124
Trd, 4319502.643, 130
Trd, 4319504.343, 73
Trd, 4319504.843, 115
Trd, 4319505.943, 81
Trd, 4319506.443, 137
Trd, 4319506.843, 73
Trd, 4319506.993, 71
Trd, 4319508.143, 96
Trd, 4319508.493, 125
Trd, 4319508.843, 119
Trd, 4319509.143, 117
Trd, 4319509.743, 116
Trd, 4319510.743, 95
Trd, 4319510.993, 72
Trd, 4319511.743, 112
Trd, 4319512.893, 81
Trd, 4319513.343, 104
Trd, 4319513.693, 100
Trd, 4319515.193, 107
Trd, 4319515.793, 103
Trd, 4319515.843, 99
Trd, 4319516.193, 99
Trd, 4319516.843, 118
Trd, 4319517.493, 95
Trd, 4319517.843, 89
Trd, 4319518.293, 89
Trd, 4319519.443, 99
Trd, 4319519.793, 108
Trd, 4319520.443, 63
Trd, 4319520.943, 73
Trd, 4319521.843, 124
Trd, 4319522.493, 104
Trd, 4319522.693, 84
Trd, 4319524.143, 121
Trd, 4319524.443, 88
Trd, 4319524.543, 81
Trd, 4319525.093, 140
Trd, 4319525.393, 131
Trd, 4319526.093, 121
Trd, 4319526.793, 110
Trd, 4319527.793, 89
Trd, 4319528.143, 81
Trd, 4319528.793, 84
Trd, 4319529.393, 66
Trd, 4319530.393, 84
Trd, 4319532.043, 88
Trd, 4319532.143, 92
Trd, 4319532.193, 84
Trd, 4319532.743, 78
Trd, 4319534.993, 65
Trd, 4319535.593, 81
Trd, 4319535.693, 99
Trd, 4319536.143, 112
Trd, 4319536.893, 126
Trd, 4319536.943, 105
Trd, 4319537.493, 77
Trd, 4319537.693, 76
Trd, 4319538.693, 82
Trd, 4319540.393, 91
Trd, 4319540.493, 89
Trd, 4319542.443, 119
Trd, 4319543.993, 108
Trd, 4319544.243, 107
Trd, 4319544.393, 94
Trd, 4319545.143, 118
Trd, 4319545.593, 77
Trd, 4319546.993, 115
Trd, 4319548.093, 138
Trd, 4319548.343, 136
Trd, 4319548.593, 114
Trd, 4319548.693, 110
Trd, 4319549.593, 86
Trd, 4319549.793, 94
Trd, 4319551.493, 93
Trd, 4319552.443, 74
Trd, 4319553.443, 64
Trd, 4319553.993, 139
Trd, 4319555.843, 113
Trd, 4319556.793, 91
Trd, 4319557.043, 94
Trd, 4319557.343, 79
Trd, 4319558.093, 137
Trd, 4319558.643, 126
Trd, 4319560.043, 110
Trd, 4319560.393, 74
Trd, 4319560.843, 68
Trd, 4319562.393, 120
Trd, 4319563.043, 140
Trd, 4319563.193, 131
Trd, 4319563.693, 64
Trd, 4319564.293, 106
Trd, 4319565.243, 126
Trd, 4319565.543, 117
Trd, 4319566.943, 60
Trd, 4319567.643, 110
Trd, 4319567.993, 77
Trd, 4319568.243, 76
Trd, 4319568.943, 88
Trd, 4319569.943, 83
Trd, 4319570.293, 112
Trd, 4319571.893, 96
Trd, 4319572.043, 89
Trd, 4319572.143, 112
Trd, 4319572.243, 84
Trd, 4319573.043, 95
Trd, 4319573.243, 91
Trd, 4319573.343, 87
Trd, 4319574.843, 69
Trd, 4319575.043, 88
Trd, 4319575.393, 69
Trd, 4319576.343, 84
Trd, 4319576.693, 75
Trd, 4319578.343, 82
Trd, 4319578.793, 138
Trd, 4319580.243, 88
Trd, 4319581.443, 136
Trd, 4319583.043, 127
Trd, 4319583.343, 120
Trd, 4319583.543, 116
Trd, 4319584.493, 89
Trd, 4319584.693, 75
Trd, 4319584.943, 61
Trd, 4319585.143, 123
Trd, 4319586.443, 134
Trd, 4319586.793, 117
Trd, 4319586.893, 91
Trd, 4319587.593, 140
Trd, 4319588.593, 123
Trd, 4319590.143, 71
Trd, 4319591.193, 62
Trd, 4319592.543, 140
Trd, 4319592.843, 139
Trd, 4319593.093, 133
Trd, 4319593.143, 95
Trd, 4319594.093, 76
Trd, 4319594.343, 124
Trd, 4319595.193, 64
Trd, 4319596.293, 61
Trd, 4319597.343, 74
Trd, 4319597.593, 73
Trd, 4319597.893, 69
Trd, 4319598.493, 83
Trd, 4319599.893, 69
Trd, 4319600.543, 77
Trd, 4319602.143, 75
Trd, 4319602.693, 133
Trd, 4319603.193, 68
Trd, 4319603.593, 79
Trd, 4319604.143, 79
Trd, 4319605.643, 83
Trd, 4319605.793, 72
Trd, 4319605.943, 100
Trd, 4319607.143, 124
Trd, 4319607.243, 76
Trd, 4319607.593, 140
Trd, 4319609.343, 72
Trd, 4319609.493, 83
Trd, 4319609.543, 94
Trd, 4319610.493, 67
Trd, 4319610.843, 102
Trd, 4319611.743, 67
Trd, 4319613.493, 74
Trd, 4319613.993, 101
Trd, 4319614.293, 88
Trd, 4319615.393, 89
Trd, 4319616.443, 101
Trd, 4319616.593, 107
Trd, 4319616.843, 98
Trd, 4319617.693, 107
Trd, 4319617.743, 97
Trd, 4319618.643, 139
Trd, 4319620.093, 96
Trd, 4319620.743, 94
Trd, 4319620.843, 97
Trd, 4319621.893, 94
Trd, 4319622.193, 105
Trd, 4319622.693, 93
Trd, 4319624.293, 93
Trd, 4319624.543, 71
Trd, 4319625.793, 110
Trd, 4319626.443, 89
Trd, 4319627.343, 86
Trd, 4319628.593, 131
Trd, 4319629.943, 135
Trd, 4319630.093, 116
Trd, 4319630.193, 108
Trd, 4319631.293, 125
Trd, 4319631.643, 119
Trd, 4319633.143, 76
Trd, 4319633.243, 99
Trd, 4319634.493, 139
Trd, 4319634.543, 133
Trd, 4319635.693, 88
Trd, 4319636.893, 88
Trd, 4319637.543, 88
Trd, 4319638.143, 91
Trd, 4319639.093, 105
Trd, 4319639.143, 83
Trd, 4319640.043, 140
Trd, 4319641.343, 131
Trd, 4319641.593, 140
Trd, 4319642.343, 83
Trd, 4319642.543, 84
Trd, 4319642.593, 103
Trd, 4319642.893, 113
Trd, 4319643.493, 140
Trd, 4319644.193, 132
Trd, 4319645.493, 104
Trd, 4319646.793, 63
Trd, 4319647.693, 63
Trd, 4319648.293, 75
Trd, 4319649.643, 90
Trd, 4319649.893, 84
Trd, 4319650.493, 86
Trd, 4319650.643, 89
Trd, 4319651.943, 110
Trd, 4319652.143, 119
Trd, 4319653.093, 132
Trd, 4319653.943, 79
Trd, 4319654.493, 85
Trd, 4319654.593, 89
Trd, 4319654.843, 78
Trd, 4319655.543, 73
Trd, 4319656.793, 90
Trd, 4319657.743, 140
Trd, 4319658.393, 77
Trd, 4319659.093, 76
Trd, 4319659.693, 79
Trd, 4319659.993, 127
Trd, 4319660.793, 79
Trd, 4319661.093, 139
Trd, 4319661.593, 79
Trd, 4319663.593, 122
Trd, 4319663.693, 85
Trd, 4319663.943, 74
Trd, 4319664.393, 112
Trd, 4319664.493, 80
Trd, 4319665.193, 112
Trd, 4319665.393, 130
Trd, 4319665.643, 96
Trd, 4319668.443, 85
Trd, 4319668.893, 79
Trd, 4319669.843, 124
Trd, 4319669.943, 115
Trd, 4319670.243, 109
Trd, 4319670.693, 138
Trd, 4319671.743, 139
Trd, 4319672.143, 131
Trd, 4319672.343, 115
Trd, 4319673.343, 112
Trd, 4319674.343, 123
Trd, 4319674.593, 86
Trd, 4319674.693, 79
Trd, 4319675.393, 116
Trd, 4319675.643, 113
Trd, 4319677.043, 119
Trd, 4319677.343, 105
Trd, 4319677.543, 77
Trd, 4319677.993, 65
Trd, 4319679.493, 64
Trd, 4319680.243, 69
Trd, 4319681.293, 78
Trd, 4319681.543, 62
Trd, 4319681.843, 73
Trd, 4319683.393, 65
Trd, 4319684.043, 88
Trd, 4319684.343, 87
Trd, 4319684.693, 87
Trd, 4319685.143, 85
Trd, 4319685.543, 135
Trd, 4319686.943, 126
Trd, 4319687.143, 118
Trd, 4319687.893, 80
Trd, 4319688.493, 88
Trd, 4319688.743, 87
Trd, 4319689.593, 140
Trd, 4319689.893, 125
Trd, 4319690.493, 91
Trd, 4319691.493, 95
Trd, 4319692.443, 93
Trd, 4319692.493, 122
Trd, 4319693.293, 99
Trd, 4319693.443, 98
Trd, 4319694.543, 121
Trd, 4319694.593, 125
Trd, 4319694.643, 86
Trd, 4319694.993, 69
Trd, 4319698.393, 68
Trd, 4319698.743, 79
Trd, 4319698.943, 69
Trd, 4319699.093, 102
Trd, 4319699.343, 96
Trd, 4319699.793, 82
Trd, 4319700.843, 86
Trd, 4319700.893, 68
Trd, 4319701.393, 79
Trd, 4319701.793, 105
Trd, 4319702.293, 69
Trd, 4319702.543, 124
Trd, 4319704.793, 91
Trd, 4319705.743, 72
Trd, 4319706.443, 140
Trd, 4319707.793, 140
Trd, 4319707.893, 131
Trd, 4319707.943, 110
Trd, 4319709.743, 135
Trd, 4319709.843, 134
Trd, 4319711.993, 122
Trd, 4319712.643, 125
Trd, 4319713.693, 113
Trd, 4319714.943, 104
Trd, 4319715.493, 100
Trd, 4319715.693, 130
Trd, 4319716.993, 108
Trd, 4319717.093, 103
Trd, 4319717.443, 101
Trd, 4319717.943, 98
Trd, 4319718.093, 87
Trd, 4319719.193, 112
Trd, 4319720.343, 137
Trd, 4319720.443, 131
Trd, 4319722.693, 95
Trd, 4319722.893, 101
Trd, 4319722.943, 94
Trd, 4319723.943, 105
Trd, 4319724.243, 140
Trd, 4319724.943, 114
Trd, 4319725.793, 129
Trd, 4319725.893, 122
Trd, 4319727.743, 112
Trd, 4319728.143, 92
Trd, 4319728.543, 138
Trd, 4319728.893, 128
Trd, 4319728.943, 101
Trd, 4319729.993, 90
Trd, 4319730.493, 134
Trd, 4319731.043, 84
Trd, 4319731.593, 120
Trd, 4319731.893, 107
Trd, 4319732.393, 134
Trd, 4319734.243, 83
Trd, 4319734.593, 116
Trd, 4319735.093, 84
Trd, 4319735.643, 102
Trd, 4319735.843, 70
Trd, 4319737.643, 81
Trd, 4319738.093, 69
Trd, 4319738.193, 72
Trd, 4319739.043, 118
Trd, 4319740.393, 95
Trd, 4319741.543, 119
Trd, 4319741.793, 118
Trd, 4319742.093, 112
Trd, 4319742.543, 113
Trd, 4319743.193, 138
Trd, 4319743.393, 86
Trd, 4319744.643, 130
Trd, 4319745.043, 86
Trd, 4319748.743, 82
Trd, 4319749.243, 88
Trd, 4319750.343, 65
Trd, 4319751.393, 70
Trd, 4319752.743, 140
Trd, 4319752.893, 140
Trd, 4319753.343, 131
Trd, 4319753.443, 131
Trd, 4319754.693, 106
Trd, 4319755.093, 63
Trd, 4319755.843, 69
Trd, 4319757.243, 68
Trd, 4319757.843, 71
Trd, 4319759.693, 72
Trd, 4319760.243, 84
Trd, 4319761.043, 79
Trd, 4319761.293, 88
Trd, 4319762.193, 90
Trd, 4319762.293, 83
Trd, 4319762.993, 71
Trd, 4319763.343, 76
Trd, 4319764.793, 80
Trd, 4319765.393, 83
Trd, 4319765.593, 71
Trd, 4319765.993, 72
Trd, 4319767.143, 65
Trd, 4319769.693, 100
Trd, 4319769.793, 92
Trd, 4319770.693, 91
Trd, 4319770.793, 84
Trd, 4319770.843, 75
Trd, 4319771.443, 73
Trd, 4319771.593, 103
Trd, 4319771.893, 91
Trd, 4319772.943, 79
Trd, 4319773.093, 83
Trd, 4319774.743, 67
Trd, 4319774.993, 102
Trd, 4319775.843, 75
Trd, 4319776.243, 91
Trd, 4319777.143, 140
Trd, 4319777.693, 140
Trd, 4319777.743, 133
Trd, 4319778.393, 123
Trd, 4319779.193, 139
Trd, 4319780.143, 62
Trd, 4319780.843, 128
Trd, 4319781.593, 73
Trd, 4319782.343, 103
Trd, 4319784.093, 61
Trd, 4319784.293, 61
Trd, 4319784.543, 127
Trd, 4319785.343, 140
Trd, 4319785.543, 133
Trd, 4319785.593, 132
Trd, 4319787.743, 129
Trd, 4319787.793, 123
Trd, 4319788.593, 138
Trd, 4319789.793, 99
Trd, 4319790.243, 65
Trd, 4319790.943, 112
Trd, 4319792.243, 116
Trd, 4319792.693, 73
Trd, 4319793.443, 62
Trd, 4319793.743, 88
Trd, 4319794.943, 116
Trd, 4319795.893, 140
Trd, 4319795.993, 138
Trd, 4319796.393, 133
Trd, 4319797.843, 119
Trd, 4319798.243, 117
Trd, 4319798.693, 115
Trd, 4319798.843, 87
Trd, 4319799.943, 140
Trd, 4319801.243, 138
Trd, 4319801.993, 134
Trd, 4319802.443, 132
Trd, 4319802.493, 125
Trd, 4319802.793, 89
Trd, 4319803.593, 92
Trd, 4319804.243, 120
Trd, 4319806.343, 76
Trd, 4319806.443, 77
Trd, 4319806.543, 62
Trd, 4319807.193, 81
Trd, 4319808.143, 66
Trd, 4319808.643, 94
Trd, 4319810.493, 96
Trd, 4319810.843, 79
Trd, 4319811.693, 72
Trd, 4319813.643, 102
Trd, 4319814.243, 100
Trd, 4319814.693, 96
Trd, 4319815.693, 96
Trd, 4319815.893, 90
Trd, 4319816.043, 101
Trd, 4319816.193, 83
Trd, 4319816.493, 128
Trd, 4319817.393, 116
Trd, 4319817.543, 107
Trd, 4319817.793, 100
Trd, 4319820.043, 113
Trd, 4319820.493, 111
Trd, 4319820.593, 125
Trd, 4319821.193, 107
Trd, 4319821.793, 102
Trd, 4319823.493, 140
Trd, 4319824.093, 127
Trd, 4319824.793, 108
Trd, 4319824.893, 99
Trd, 4319825.443, 130
Trd, 4319827.043, 82
Trd, 4319827.843, 114
Trd, 4319828.293, 84
Trd, 4319828.943, 99
Trd, 4319829.643, 110
Trd, 4319830.293, 80
Trd, 4319831.593, 78
Trd, 4319831.693, 107
Trd, 4319832.193, 68
Trd, 4319832.343, 79
Trd, 4319832.743, 75
Trd, 4319835.043, 60
Trd, 4319836.593, 78
Trd, 4319837.843, 79
Trd, 4319837.893, 71
Trd, 4319837.943, 122
Trd, 4319838.643, 88
Trd, 4319838.693, 69
Trd, 4319839.643, 108
Trd, 4319840.643, 101
Trd, 4319841.193, 82
Trd, 4319841.543, 83
Trd, 4319842.143, 87
Trd, 4319842.243, 76
Trd, 4319843.693, 69
Trd, 4319844.643, 70
Trd, 4319844.893, 123
Trd, 4319847.443, 63
Trd, 4319847.543, 72
Trd, 4319848.393, 114
Trd, 4319848.543, 113
Trd, 4319848.843, 97
Trd, 4319849.393, 111
Trd, 4319850.093, 84
Trd, 4319851.893, 85
Trd, 4319852.243, 81
Trd, 4319852.393, 92
Trd, 4319854.543, 78
Trd, 4319854.643, 92
Trd, 4319855.393, 79
Trd, 4319857.293, 105
Trd, 4319857.693, 137
Trd, 4319857.743, 136
Trd, 4319857.993, 89
Trd, 4319858.943, 78
Trd, 4319859.243, 92
Trd, 4319859.993, 80
Trd, 4319860.993, 135
Trd, 4319861.393, 85
Trd, 4319862.043, 83
Trd, 4319863.293, 91
Trd, 4319865.143, 80
Trd, 4319865.643, 92
Trd, 4319865.843, 94
Trd, 4319867.043, 139
Trd, 4319867.293, 133
Trd, 4319868.293, 128
Trd, 4319868.343, 125
Trd, 4319869.143, 93
Trd, 4319869.743, 134
Trd, 4319870.493, 109
Trd, 4319870.593, 105
Trd, 4319872.293, 75
Trd, 4319872.793, 136
Trd, 4319873.043, 64
Trd, 4319873.543, 104
Trd, 4319874.843, 67
Trd, 4319875.243, 86
Trd, 4319876.543, 65
Trd, 4319876.693, 117
Trd, 4319878.193, 110
Trd, 4319878.293, 120
Trd, 4319878.693, 109
Trd, 4319879.943, 107
Trd, 4319880.043, 104
Trd, 4319880.293, 102
Trd, 4319880.993, 79
Trd, 4319882.193, 128
Trd, 4319883.443, 105
Trd, 4319883.993, 123
Trd, 4319884.043, 89
Trd, 4319885.043, 102
Trd, 4319885.943, 126
Trd, 4319886.043, 125
Trd, 4319886.293, 119
Trd, 4319886.743, 78
Trd, 4319887.293, 69
Trd, 4319887.543, 61
Trd, 4319889.243, 68
Trd, 4319889.893, 64
Trd, 4319891.143, 64
Trd, 4319892.243, 60
Trd, 4319892.593, 88
Trd, 4319892.893, 97
Trd, 4319893.593, 65
Trd, 4319893.843, 66
Trd, 4319894.193, 79
Trd, 4319894.693, 103
Trd, 4319895.643, 130
Trd, 4319896.693, 135
Trd, 4319897.043, 79
Trd, 4319898.393, 103
Trd, 4319898.693, 100
Trd, 4319898.793, 80
Trd, 4319899.793, 77
Trd, 4319900.393, 78
Trd, 4319900.843, 96
Trd, 4319901.393, 136
Trd, 4319902.293, 100
Trd, 4319902.943, 95
Trd, 4319903.443, 94
Trd, 4319903.693, 89
Trd, 4319904.293, 60
Trd, 4319905.243, 63
Trd, 4319906.993, 129
Trd, 4319907.143, 124
Trd, 4319907.943, 115
Trd, 4319908.893, 107
Trd, 4319909.193, 111
Trd, 4319910.643, 103
Trd, 4319911.043, 135
Trd, 4319912.043, 102
Trd, 4319913.193, 135
Trd, 4319913.293, 103
Trd, 4319914.643, 140
Trd, 4319914.893, 133
Trd, 4319915.943, 131
Trd, 4319916.743, 138
Trd, 4319917.593, 140
Trd, 4319917.793, 140
Trd, 4319918.143, 136
Trd, 4319918.693, 124
Trd, 4319919.743, 129
Trd, 4319920.993, 119
Trd, 4319921.643, 139
Trd, 4319922.043, 100
Trd, 4319922.243, 74
Trd, 4319924.643, 114
Trd, 4319925.243, 124
Trd, 4319925.943, 139
Trd, 4319926.043, 129
Trd, 4319926.493, 106
Trd, 4319926.643, 81
Trd, 4319927.993, 76
Trd, 4319928.143, 115
Trd, 4319929.243, 132
Trd, 4319930.243, 129
Trd, 4319930.293, 126
Trd, 4319930.893, 140
Trd, 4319931.993, 113
Trd, 4319933.293, 92
Trd, 4319933.443, 72
Trd, 4319935.343, 113
Trd, 4319935.843, 120
Trd, 4319936.143, 115
Trd, 4319936.343, 107
Trd, 4319936.693, 83
Trd, 4319937.043, 84
Trd, 4319937.593, 125
Trd, 4319938.693, 94
Trd, 4319939.593, 108
Trd, 4319940.243, 133
Trd, 4319940.293, 98
Trd, 4319941.293, 93
Trd, 4319942.943, 119
Trd, 4319943.843, 82
Trd, 4319944.493, 112
Trd, 4319944.943, 106
Trd, 4319944.993, 103
Trd, 4319945.643, 82
Trd, 4319946.943, 111
Trd, 4319947.193, 110
Trd, 4319948.243, 138
Trd, 4319950.293, 92
Trd, 4319951.093, 100
Trd, 4319951.193, 93
Trd, 4319952.243, 134
Trd, 4319952.543, 128
Trd, 4319952.643, 126
Trd, 4319953.193, 87
Trd, 4319953.643, 137
Trd, 4319953.993, 83
Trd, 4319956.243, 114
Trd, 4319956.593, 113
Trd, 4319957.193, 109
Trd, 4319957.643, 104
Trd, 4319957.693, 97
Trd, 4319958.843, 138
Trd, 4319959.443, 126
Trd, 4319959.643, 118
Trd, 4319959.743, 86
Trd, 4319960.643, 78
Trd, 4319961.693, 128
Trd, 4319962.293, 101
Trd, 4319962.443, 82
Trd, 4319964.493, 102
Trd, 4319964.893, 99
Trd, 4319964.943, 124
Trd, 4319965.393, 96
Trd, 4319965.693, 93
Trd, 4319965.993, 92
Trd, 4319966.843, 66
Trd, 4319968.293, 140
Trd, 4319969.043, 139
Trd, 4319969.593, 131
Trd, 4319969.793, 123
Trd, 4319969.943, 139
Trd, 4319970.993, 95
Trd, 4319972.393, 126
Trd, 4319973.343, 116
Trd, 4319973.443, 93
Trd, 4319973.643, 74
Trd, 4319975.243, 140
Trd, 4319976.243, 86
Trd, 4319976.543, 121
Trd, 4319976.643, 106
Trd, 4319977.393, 76
Trd, 4319978.393, 123
Trd, 4319978.743, 97
Trd, 4319980.543, 90
Trd, 4319981.043, 108
Trd, 4319981.893, 88
Trd, 4319982.443, 76
Trd, 4319983.143, 125
Trd, 4319984.293, 117
Trd, 4319984.493, 92
Trd, 4319984.643, 86
Trd, 4319985.643, 80
Trd, 4319986.143, 76
Trd, 4319987.793, 89
Trd, 4319988.193, 96
Trd, 4319988.893, 128
Trd, 4319989.193, 122
Trd, 4319989.993, 119
Trd, 4319990.243, 118
Trd, 4319991.443, 125
Trd, 4319994.243, 103
Trd, 4319994.643, 103
Trd, 4319995.043, 101
Trd, 4319995.193, 130
Trd, 4319995.893, 98
Trd, 4319996.743, 99
Trd, 4319997.243, 95
Trd, 4319998.443, 105
Trd, 4319998.543, 104
Trd, 4319998.943, 103
