Trd, 4318116.593, 140
Trd, 4318116.793, 140
Trd, 4318117.443, 140
Trd, 4318117.943, 139
Trd, 4318120.193, 140
Trd, 4318120.743, 140
Trd, 4318121.243, 140
Trd, 4318121.543, 139
Trd, 4318123.193, 140
Trd, 4318124.293, 140
Trd, 4318124.743, 140
Trd, 4318125.193, 139
Trd, 4318125.593, 139
Trd, 4318126.543, 140
Trd, 4318127.743, 139
Trd, 4318127.893, 136
Trd, 4318128.993, 140
Trd, 4318129.493, 140
Trd, 4318129.793, 140
Trd, 4318130.343, 140
Trd, 4318130.743, 106
Trd, 4318131.193, 62
Trd, 4318131.843, 140
Trd, 4318132.493, 139
Trd, 4318134.343, 140
Trd, 4318134.543, 135
Trd, 4318135.343, 140
Trd, 4318135.943, 140
Trd, 4318136.743, 140
Trd, 4318137.343, 140
Trd, 4318138.343, 136
Trd, 4318139.093, 138
Trd, 4318139.343, 121
Trd, 4318140.043, 129
Trd, 4318140.793, 60
Trd, 4318140.843, 117
Trd, 4318141.443, 139
Trd, 4318141.793, 60
Trd, 4318143.293, 140
Trd, 4318144.043, 138
Trd, 4318144.493, 137
Trd, 4318144.543, 124
Trd, 4318145.393, 140
Trd, 4318146.593, 139
Trd, 4318147.893, 140
Trd, 4318148.243, 140
Trd, 4318148.393, 140
Trd, 4318149.343, 61
Trd, 4318149.993, 139
Trd, 4318150.143, 135
Trd, 4318151.593, 140
Trd, 4318152.193, 140
Trd, 4318153.193, 140
Trd, 4318153.493, 140
Trd, 4318154.743, 136
Trd, 4318155.193, 140
Trd, 4318156.043, 139
Trd, 4318157.143, 140
Trd, 4318158.043, 140
Trd, 4318158.843, 140
Trd, 4318159.593, 140
Trd, 4318160.143, 139
Trd, 4318160.943, 136
Trd, 4318162.093, 140
Trd, 4318162.243, 140
Trd, 4318163.993, 140
Trd, 4318164.893, 140
Trd, 4318165.443, 140
Trd, 4318168.693, 140
Trd, 4318169.593, 140
Trd, 4318170.093, 140
Trd, 4318170.243, 140
Trd, 4318171.093, 140
Trd, 4318171.943, 140
Trd, 4318172.543, 140
Trd, 4318173.493, 140
Trd, 4318173.693, 138
Trd, 4318174.193, 140
Trd, 4318174.743, 140
Trd, 4318176.293, 140
Trd, 4318176.393, 139
Trd, 4318177.293, 139
Trd, 4318178.293, 139
Trd, 4318178.343, 139
Trd, 4318180.093, 140
Trd, 4318180.343, 140
Trd, 4318180.843, 140
Trd, 4318181.093, 139
Trd, 4318181.743, 140
Trd, 4318182.243, 136
Trd, 4318182.543, 78
Trd, 4318183.693, 140
Trd, 4318183.993, 138
Trd, 4318185.043, 135
Trd, 4318185.743, 135
Trd, 4318186.243, 133
Trd, 4318187.043, 138
Trd, 4318187.393, 111
Trd, 4318187.643, 67
Trd, 4318189.343, 140
Trd, 4318191.043, 140
Trd, 4318191.493, 138
Trd, 4318191.743, 138
Trd, 4318193.443, 140
Trd, 4318193.643, 140
Trd, 4318194.043, 140
Trd, 4318194.443, 140
Trd, 4318195.593, 139
Trd, 4318196.543, 140
Trd, 4318196.843, 138
Trd, 4318197.643, 63
Trd, 4318197.843, 105
Trd, 4318197.943, 68
Trd, 4318198.943, 135
Trd, 4318199.893, 140
Trd, 4318200.093, 140
Trd, 4318201.593, 140
Trd, 4318201.793, 140
Trd, 4318202.993, 140
Trd, 4318203.143, 140
Trd, 4318203.493, 135
Trd, 4318204.643, 113
Trd, 4318205.843, 140
Trd, 4318205.893, 119
Trd, 4318206.443, 67
Trd, 4318207.743, 140
Trd, 4318208.593, 133
Trd, 4318209.893, 140
Trd, 4318210.043, 139
Trd, 4318210.493, 140
Trd, 4318210.993, 140
Trd, 4318211.143, 140
Trd, 4318212.543, 140
Trd, 4318213.743, 140
Trd, 4318214.293, 140
Trd, 4318214.743, 120
Trd, 4318215.043, 87
Trd, 4318215.793, 140
Trd, 4318217.193, 140
Trd, 4318217.343, 140
Trd, 4318218.093, 140
Trd, 4318219.043, 140
Trd, 4318220.193, 140
Trd, 4318220.843, 140
Trd, 4318221.543, 135
Trd, 4318222.143, 140
Trd, 4318223.143, 139
Trd, 4318223.443, 138
Trd, 4318226.443, 140
Trd, 4318226.593, 140
Trd, 4318226.843, 139
Trd, 4318227.693, 140
Trd, 4318230.193, 140
Trd, 4318231.943, 140
Trd, 4318232.093, 140
Trd, 4318232.593, 140
Trd, 4318232.993, 140
Trd, 4318233.343, 139
Trd, 4318233.593, 140
Trd, 4318235.293, 137
Trd, 4318235.643, 68
Trd, 4318236.393, 140
Trd, 4318236.693, 140
Trd, 4318238.243, 140
Trd, 4318239.243, 140
Trd, 4318239.443, 139
Trd, 4318240.493, 140
Trd, 4318241.593, 140
Trd, 4318241.793, 139
Trd, 4318242.143, 139
Trd, 4318242.593, 139
Trd, 4318245.693, 140
Trd, 4318246.193, 140
Trd, 4318246.743, 129
Trd, 4318247.343, 139
Trd, 4318247.393, 122
Trd, 4318248.343, 140
Trd, 4318248.593, 140
Trd, 4318248.693, 140
Trd, 4318248.743, 136
Trd, 4318250.343, 140
Trd, 4318251.143, 140
Trd, 4318252.493, 140
Trd, 4318252.893, 140
Trd, 4318253.793, 140
Trd, 4318254.543, 140
Trd, 4318254.743, 140
Trd, 4318255.993, 140
Trd, 4318257.043, 140
Trd, 4318258.943, 140
Trd, 4318259.093, 137
Trd, 4318259.493, 140
Trd, 4318260.593, 135
Trd, 4318260.643, 134
Trd, 4318261.693, 139
Trd, 4318262.243, 137
Trd, 4318263.843, 140
Trd, 4318264.493, 139
Trd, 4318264.993, 140
Trd, 4318265.793, 139
Trd, 4318267.093, 139
Trd, 4318267.493, 117
Trd, 4318268.293, 140
Trd, 4318269.893, 127
Trd, 4318270.493, 140
Trd, 4318272.143, 140
Trd, 4318273.743, 140
Trd, 4318273.793, 140
Trd, 4318274.743, 140
Trd, 4318274.993, 140
Trd, 4318275.693, 140
Trd, 4318275.743, 139
Trd, 4318277.043, 140
Trd, 4318277.343, 139
Trd, 4318278.343, 140
Trd, 4318278.843, 140
Trd, 4318279.243, 137
Trd, 4318280.293, 140
Trd, 4318281.743, 140
Trd, 4318282.693, 140
Trd, 4318282.893, 138
Trd, 4318282.993, 135
Trd, 4318283.143, 111
Trd, 4318285.143, 140
Trd, 4318285.193, 140
Trd, 4318285.993, 140
Trd, 4318286.543, 139
Trd, 4318287.093, 140
Trd, 4318287.243, 139
Trd, 4318287.543, 127
Trd, 4318288.543, 140
Trd, 4318290.093, 140
Trd, 4318290.243, 140
Trd, 4318290.893, 140
Trd, 4318291.443, 140
Trd, 4318291.743, 140
Trd, 4318293.393, 140
Trd, 4318294.193, 140
Trd, 4318295.043, 140
Trd, 4318295.243, 139
Trd, 4318295.693, 139
Trd, 4318296.643, 133
Trd, 4318297.143, 140
Trd, 4318298.243, 140
Trd, 4318299.543, 140
Trd, 4318299.643, 140
Trd, 4318300.843, 140
Trd, 4318301.643, 140
Trd, 4318302.443, 139
Trd, 4318303.543, 140
Trd, 4318303.843, 140
Trd, 4318304.293, 140
Trd, 4318304.343, 140
Trd, 4318305.243, 139
Trd, 4318307.193, 140
Trd, 4318308.043, 139
Trd, 4318308.243, 139
Trd, 4318309.443, 140
Trd, 4318310.243, 140
Trd, 4318311.093, 140
Trd, 4318311.993, 140
Trd, 4318312.643, 140
Trd, 4318312.743, 140
Trd, 4318313.293, 108
Trd, 4318314.293, 140
Trd, 4318315.543, 140
Trd, 4318315.593, 140
Trd, 4318316.243, 140
Trd, 4318316.443, 139
Trd, 4318316.493, 93
Trd, 4318318.043, 112
Trd, 4318318.243, 139
Trd, 4318319.193, 132
Trd, 4318319.343, 132
Trd, 4318319.893, 130
Trd, 4318321.793, 140
Trd, 4318322.543, 140
Trd, 4318323.393, 140
Trd, 4318324.043, 140
Trd, 4318324.293, 140
Trd, 4318325.493, 140
Trd, 4318326.443, 140
Trd, 4318328.343, 140
Trd, 4318328.543, 140
Trd, 4318329.043, 140
Trd, 4318329.143, 139
Trd, 4318330.593, 140
Trd, 4318331.143, 140
Trd, 4318332.243, 140
Trd, 4318332.643, 140
Trd, 4318333.243, 140
Trd, 4318334.593, 140
Trd, 4318335.143, 140
Trd, 4318335.693, 137
Trd, 4318336.443, 100
Trd, 4318336.843, 139
Trd, 4318337.943, 140
Trd, 4318338.493, 140
Trd, 4318338.943, 140
Trd, 4318339.043, 139
Trd, 4318339.993, 140
Trd, 4318340.693, 139
Trd, 4318341.843, 140
Trd, 4318342.393, 140
Trd, 4318343.293, 140
Trd, 4318343.793, 138
Trd, 4318344.093, 123
Trd, 4318347.193, 140
Trd, 4318347.543, 140
Trd, 4318347.743, 140
Trd, 4318348.893, 140
Trd, 4318348.993, 139
Trd, 4318349.893, 140
Trd, 4318349.943, 109
Trd, 4318350.943, 139
Trd, 4318351.093, 99
Trd, 4318352.143, 140
Trd, 4318353.593, 139
Trd, 4318353.643, 136
Trd, 4318354.593, 140
Trd, 4318354.943, 140
Trd, 4318356.343, 140
Trd, 4318358.243, 140
Trd, 4318359.393, 140
Trd, 4318359.943, 140
Trd, 4318361.343, 138
Trd, 4318361.493, 135
Trd, 4318362.293, 140
Trd, 4318362.343, 87
Trd, 4318362.693, 138
Trd, 4318363.443, 140
Trd, 4318364.043, 140
Trd, 4318364.093, 140
Trd, 4318365.043, 139
Trd, 4318366.243, 140
Trd, 4318367.793, 140
Trd, 4318368.443, 140
Trd, 4318369.343, 140
Trd, 4318369.693, 109
Trd, 4318370.293, 123
Trd, 4318370.593, 80
Trd, 4318370.843, 64
Trd, 4318370.893, 123
Trd, 4318371.093, 60
Trd, 4318372.343, 69
Trd, 4318373.593, 140
Trd, 4318374.243, 140
Trd, 4318375.843, 140
Trd, 4318377.093, 140
Trd, 4318377.143, 140
Trd, 4318377.443, 140
Trd, 4318377.693, 139
Trd, 4318378.943, 140
Trd, 4318378.993, 140
Trd, 4318379.193, 140
Trd, 4318380.943, 86
Trd, 4318381.393, 62
Trd, 4318382.343, 69
Trd, 4318382.793, 86
Trd, 4318383.693, 140
Trd, 4318383.893, 140
Trd, 4318384.343, 140
Trd, 4318384.893, 140
Trd, 4318385.343, 139
Trd, 4318386.743, 140
Trd, 4318387.143, 140
Trd, 4318387.693, 140
Trd, 4318388.443, 139
Trd, 4318389.193, 138
Trd, 4318389.793, 138
Trd, 4318389.843, 114
Trd, 4318390.993, 63
Trd, 4318391.493, 61
Trd, 4318393.243, 140
Trd, 4318394.543, 140
Trd, 4318394.743, 140
Trd, 4318395.693, 140
Trd, 4318395.893, 140
Trd, 4318397.143, 140
Trd, 4318397.943, 140
Trd, 4318397.993, 140
Trd, 4318398.243, 138
Trd, 4318398.593, 140
Trd, 4318399.643, 139
Trd, 4318401.143, 140
Trd, 4318401.893, 140
Trd, 4318402.343, 140
Trd, 4318403.493, 140
Trd, 4318403.593, 140
Trd, 4318405.093, 140
Trd, 4318406.443, 140
Trd, 4318407.143, 140
Trd, 4318407.443, 140
Trd, 4318407.893, 140
Trd, 4318408.693, 140
Trd, 4318409.693, 140
Trd, 4318410.943, 140
Trd, 4318410.993, 140
Trd, 4318411.893, 114
Trd, 4318413.093, 140
Trd, 4318413.443, 139
Trd, 4318413.543, 135
Trd, 4318414.693, 140
Trd, 4318415.393, 139
Trd, 4318417.143, 130
Trd, 4318417.193, 114
Trd, 4318417.343, 71
Trd, 4318418.093, 140
Trd, 4318418.493, 63
Trd, 4318419.393, 139
Trd, 4318420.493, 66
Trd, 4318421.193, 140
Trd, 4318422.593, 140
Trd, 4318422.743, 140
Trd, 4318423.793, 140
Trd, 4318424.043, 139
Trd, 4318425.393, 140
Trd, 4318425.543, 101
Trd, 4318425.843, 82
Trd, 4318426.243, 130
Trd, 4318427.443, 63
Trd, 4318427.543, 65
Trd, 4318427.793, 66
Trd, 4318429.743, 140
Trd, 4318429.843, 140
Trd, 4318431.343, 140
Trd, 4318432.043, 139
Trd, 4318432.143, 137
Trd, 4318433.643, 140
Trd, 4318434.393, 140
Trd, 4318434.493, 140
Trd, 4318436.143, 140
Trd, 4318436.743, 140
Trd, 4318437.743, 139
Trd, 4318438.243, 140
Trd, 4318438.393, 118
Trd, 4318438.943, 140
Trd, 4318439.293, 139
Trd, 4318440.293, 114
Trd, 4318440.643, 114
Trd, 4318441.943, 140
Trd, 4318442.743, 91
Trd, 4318442.943, 71
Trd, 4318443.643, 140
Trd, 4318443.693, 139
Trd, 4318445.043, 140
Trd, 4318446.143, 139
Trd, 4318446.493, 138
Trd, 4318446.743, 82
Trd, 4318447.343, 102
Trd, 4318448.643, 140
Trd, 4318449.243, 140
Trd, 4318449.343, 139
Trd, 4318450.143, 139
Trd, 4318451.793, 140
Trd, 4318452.093, 140
Trd, 4318453.143, 140
Trd, 4318454.193, 140
Trd, 4318454.643, 140
Trd, 4318455.493, 138
Trd, 4318455.893, 137
Trd, 4318456.443, 139
Trd, 4318457.593, 140
Trd, 4318458.693, 138
Trd, 4318459.743, 140
Trd, 4318460.243, 139
Trd, 4318460.593, 140
Trd, 4318460.843, 138
Trd, 4318460.993, 98
Trd, 4318462.093, 134
Trd, 4318463.293, 139
Trd, 4318464.393, 140
Trd, 4318464.543, 139
Trd, 4318464.793, 140
Trd, 4318466.143, 139
Trd, 4318466.543, 140
Trd, 4318466.793, 136
Trd, 4318467.543, 139
Trd, 4318467.643, 114
Trd, 4318469.343, 140
Trd, 4318469.393, 139
Trd, 4318470.593, 140
Trd, 4318472.193, 140
Trd, 4318472.793, 140
Trd, 4318473.043, 140
Trd, 4318473.393, 61
Trd, 4318474.293, 140
Trd, 4318474.493, 140
Trd, 4318474.543, 140
Trd, 4318474.943, 133
Trd, 4318475.493, 64
Trd, 4318476.693, 122
Trd, 4318477.743, 135
Trd, 4318478.043, 140
Trd, 4318479.243, 138
Trd, 4318479.493, 101
Trd, 4318479.643, 138
Trd, 4318482.093, 140
Trd, 4318483.243, 140
Trd, 4318483.293, 140
Trd, 4318484.693, 140
Trd, 4318485.093, 140
Trd, 4318485.343, 139
Trd, 4318485.793, 140
Trd, 4318486.643, 139
Trd, 4318486.843, 139
Trd, 4318487.043, 126
Trd, 4318487.943, 138
Trd, 4318488.343, 121
Trd, 4318488.943, 111
Trd, 4318489.793, 140
Trd, 4318490.193, 140
Trd, 4318490.243, 140
Trd, 4318491.193, 138
Trd, 4318491.243, 138
Trd, 4318491.293, 75
Trd, 4318492.743, 140
Trd, 4318493.993, 61
Trd, 4318495.193, 140
Trd, 4318495.543, 140
Trd, 4318496.343, 140
Trd, 4318497.993, 140
Trd, 4318498.893, 140
Trd, 4318499.593, 139
Trd, 4318500.693, 140
Trd, 4318501.593, 140
Trd, 4318502.593, 140
Trd, 4318502.843, 140
Trd, 4318503.193, 140
Trd, 4318503.393, 140
Trd, 4318505.893, 140
Trd, 4318506.493, 140
Trd, 4318506.643, 140
Trd, 4318507.543, 139
Trd, 4318507.743, 139
Trd, 4318509.293, 140
Trd, 4318509.743, 140
Trd, 4318509.793, 139
Trd, 4318510.293, 138
Trd, 4318514.793, 140
Trd, 4318514.843, 140
Trd, 4318515.143, 140
Trd, 4318515.243, 140
Trd, 4318515.543, 139
Trd, 4318516.343, 135
Trd, 4318516.443, 104
Trd, 4318517.193, 86
Trd, 4318517.743, 67
Trd, 4318517.993, 139
Trd, 4318518.643, 140
Trd, 4318520.393, 140
Trd, 4318520.643, 139
Trd, 4318521.193, 139
Trd, 4318522.593, 140
Trd, 4318523.943, 140
Trd, 4318524.043, 140
Trd, 4318524.443, 140
Trd, 4318525.143, 140
Trd, 4318525.943, 139
Trd, 4318525.993, 139
Trd, 4318526.343, 139
Trd, 4318527.643, 140
Trd, 4318528.043, 138
Trd, 4318528.543, 123
Trd, 4318528.993, 60
Trd, 4318529.343, 140
Trd, 4318530.193, 140
Trd, 4318530.993, 139
Trd, 4318533.293, 140
Trd, 4318533.443, 139
Trd, 4318533.893, 135
Trd, 4318534.793, 140
Trd, 4318535.693, 140
Trd, 4318535.943, 140
Trd, 4318537.893, 140
Trd, 4318538.443, 140
Trd, 4318539.293, 140
Trd, 4318539.843, 140
Trd, 4318540.993, 140
Trd, 4318541.343, 140
Trd, 4318541.993, 140
Trd, 4318542.493, 140
Trd, 4318543.593, 140
Trd, 4318543.943, 140
Trd, 4318544.443, 140
Trd, 4318546.693, 140
Trd, 4318546.743, 140
Trd, 4318547.843, 140
Trd, 4318548.293, 140
Trd, 4318548.943, 140
Trd, 4318549.843, 140
Trd, 4318550.143, 139
Trd, 4318550.193, 136
Trd, 4318551.143, 60
Trd, 4318551.643, 67
Trd, 4318552.543, 63
Trd, 4318555.043, 140
Trd, 4318555.493, 140
Trd, 4318557.043, 140
Trd, 4318557.143, 139
Trd, 4318557.243, 139
Trd, 4318557.493, 140
Trd, 4318558.543, 140
Trd, 4318558.693, 140
Trd, 4318559.493, 139
Trd, 4318560.443, 130
Trd, 4318560.593, 110
Trd, 4318561.643, 140
Trd, 4318562.093, 140
Trd, 4318562.293, 139
Trd, 4318563.443, 140
Trd, 4318563.543, 140
Trd, 4318564.743, 140
Trd, 4318565.893, 140
Trd, 4318567.543, 140
Trd, 4318568.193, 140
Trd, 4318568.843, 140
Trd, 4318568.893, 139
Trd, 4318569.143, 103
Trd, 4318569.693, 140
Trd, 4318570.843, 139
Trd, 4318571.043, 138
Trd, 4318571.343, 134
Trd, 4318572.743, 140
Trd, 4318572.793, 134
Trd, 4318573.793, 135
Trd, 4318575.143, 139
Trd, 4318575.943, 140
Trd, 4318577.343, 140
Trd, 4318577.843, 140
Trd, 4318578.043, 140
Trd, 4318578.093, 139
Trd, 4318578.393, 139
Trd, 4318578.743, 139
Trd, 4318579.843, 136
Trd, 4318580.293, 129
Trd, 4318581.493, 139
Trd, 4318583.143, 140
Trd, 4318583.593, 139
Trd, 4318585.543, 140
Trd, 4318585.993, 140
Trd, 4318586.043, 140
Trd, 4318586.243, 139
Trd, 4318587.143, 88
Trd, 4318587.493, 81
Trd, 4318591.443, 140
Trd, 4318591.793, 140
Trd, 4318591.843, 139
Trd, 4318592.293, 139
Trd, 4318592.693, 96
Trd, 4318593.243, 137
Trd, 4318593.393, 135
Trd, 4318593.793, 89
Trd, 4318593.943, 73
Trd, 4318594.343, 66
Trd, 4318595.193, 140
Trd, 4318595.443, 139
Trd, 4318596.343, 140
Trd, 4318597.743, 140
Trd, 4318597.943, 140
Trd, 4318599.843, 140
Trd, 4318600.443, 140
Trd, 4318600.643, 139
Trd, 4318600.693, 138
Trd, 4318601.193, 138
Trd, 4318602.393, 140
Trd, 4318603.443, 139
Trd, 4318603.593, 137
Trd, 4318603.893, 99
Trd, 4318604.643, 140
Trd, 4318605.293, 136
Trd, 4318605.393, 124
Trd, 4318607.743, 139
Trd, 4318608.343, 139
Trd, 4318608.943, 139
Trd, 4318609.343, 136
Trd, 4318610.543, 140
Trd, 4318610.993, 140
Trd, 4318612.093, 140
Trd, 4318612.193, 138
Trd, 4318612.693, 139
Trd, 4318613.443, 65
Trd, 4318613.793, 116
Trd, 4318614.493, 140
Trd, 4318615.293, 140
Trd, 4318615.593, 137
Trd, 4318615.693, 98
Trd, 4318616.693, 61
Trd, 4318617.343, 60
Trd, 4318618.393, 140
Trd, 4318619.193, 62
Trd, 4318619.693, 63
Trd, 4318619.893, 121
Trd, 4318620.243, 89
Trd, 4318621.543, 60
Trd, 4318621.843, 64
Trd, 4318622.293, 60
Trd, 4318622.343, 86
Trd, 4318624.043, 65
Trd, 4318625.493, 140
Trd, 4318626.043, 139
Trd, 4318627.193, 140
Trd, 4318628.593, 140
Trd, 4318629.193, 140
Trd, 4318629.443, 140
Trd, 4318630.343, 140
Trd, 4318631.343, 140
Trd, 4318632.893, 140
Trd, 4318633.493, 140
Trd, 4318633.543, 140
Trd, 4318634.293, 140
Trd, 4318635.893, 140
Trd, 4318637.243, 140
Trd, 4318637.293, 140
Trd, 4318637.743, 140
Trd, 4318638.393, 140
Trd, 4318639.843, 140
Trd, 4318639.943, 140
Trd, 4318640.593, 140
Trd, 4318641.793, 140
Trd, 4318641.843, 139
Trd, 4318642.393, 138
Trd, 4318643.793, 140
Trd, 4318643.943, 139
Trd, 4318644.093, 132
Trd, 4318645.843, 140
Trd, 4318646.443, 140
Trd, 4318647.243, 140
Trd, 4318647.693, 139
Trd, 4318648.493, 83
Trd, 4318649.393, 140
Trd, 4318649.493, 69
Trd, 4318649.943, 65
Trd, 4318650.293, 125
Trd, 4318650.893, 140
Trd, 4318652.393, 140
Trd, 4318652.943, 139
Trd, 4318653.543, 140
Trd, 4318653.943, 138
Trd, 4318654.143, 138
Trd, 4318656.093, 140
Trd, 4318656.643, 140
Trd, 4318656.793, 140
Trd, 4318657.043, 104
Trd, 4318658.343, 140
Trd, 4318658.743, 140
Trd, 4318659.293, 135
Trd, 4318660.143, 140
Trd, 4318660.893, 139
Trd, 4318661.043, 140
Trd, 4318661.793, 139
Trd, 4318662.693, 135
Trd, 4318663.193, 139
Trd, 4318664.343, 140
Trd, 4318666.093, 140
Trd, 4318666.193, 140
Trd, 4318667.243, 137
Trd, 4318667.443, 129
Trd, 4318667.543, 108
Trd, 4318668.943, 140
Trd, 4318670.593, 140
Trd, 4318671.443, 139
Trd, 4318672.593, 140
Trd, 4318672.693, 140
Trd, 4318673.193, 140
Trd, 4318673.693, 140
Trd, 4318674.893, 140
Trd, 4318676.693, 140
Trd, 4318676.793, 140
Trd, 4318676.993, 140
Trd, 4318677.343, 140
Trd, 4318677.393, 119
Trd, 4318678.743, 140
Trd, 4318679.693, 139
Trd, 4318681.893, 140
Trd, 4318682.243, 139
Trd, 4318683.743, 140
Trd, 4318683.943, 140
Trd, 4318684.093, 140
Trd, 4318684.493, 139
Trd, 4318685.143, 140
Trd, 4318685.943, 127
Trd, 4318688.193, 140
Trd, 4318688.393, 140
Trd, 4318688.443, 140
Trd, 4318689.543, 140
Trd, 4318689.693, 139
Trd, 4318689.993, 139
Trd, 4318690.093, 137
Trd, 4318691.493, 140
Trd, 4318692.293, 140
Trd, 4318693.493, 140
Trd, 4318694.493, 135
Trd, 4318694.893, 140
Trd, 4318695.143, 138
Trd, 4318696.893, 139
Trd, 4318697.043, 62
Trd, 4318698.393, 138
Trd, 4318698.593, 87
Trd, 4318699.493, 60
Trd, 4318699.793, 122
Trd, 4318700.443, 140
Trd, 4318700.743, 139
Trd, 4318702.043, 140
Trd, 4318702.643, 110
Trd, 4318703.143, 118
Trd, 4318704.043, 139
Trd, 4318706.993, 140
Trd, 4318707.093, 140
Trd, 4318707.293, 140
Trd, 4318707.493, 139
Trd, 4318707.793, 138
Trd, 4318708.743, 138
Trd, 4318709.143, 137
Trd, 4318709.693, 138
Trd, 4318710.893, 138
Trd, 4318711.393, 140
Trd, 4318711.443, 98
Trd, 4318712.043, 121
Trd, 4318714.443, 140
Trd, 4318714.993, 140
Trd, 4318715.893, 138
Trd, 4318716.043, 139
Trd, 4318716.843, 138
Trd, 4318717.393, 140
Trd, 4318717.693, 140
Trd, 4318718.543, 139
Trd, 4318718.643, 69
Trd, 4318720.393, 140
Trd, 4318720.943, 140
Trd, 4318721.243, 140
Trd, 4318722.693, 140
Trd, 4318722.893, 140
Trd, 4318723.593, 139
Trd, 4318725.443, 137
Trd, 4318725.543, 135
Trd, 4318727.443, 139
Trd, 4318727.493, 139
Trd, 4318728.893, 140
Trd, 4318729.893, 140
Trd, 4318729.993, 139
Trd, 4318730.193, 139
Trd, 4318730.893, 140
Trd, 4318731.593, 139
Trd, 4318731.943, 140
Trd, 4318732.943, 140
Trd, 4318734.193, 140
Trd, 4318734.443, 140
Trd, 4318735.093, 61
Trd, 4318735.343, 61
Trd, 4318736.093, 140
Trd, 4318736.493, 140
Trd, 4318737.143, 140
Trd, 4318737.343, 100
Trd, 4318738.293, 140
Trd, 4318740.293, 140
Trd, 4318740.393, 140
Trd, 4318741.143, 139
Trd, 4318741.193, 139
Trd, 4318741.393, 139
Trd, 4318741.943, 139
Trd, 4318742.943, 140
Trd, 4318743.593, 133
Trd, 4318744.093, 109
Trd, 4318744.993, 139
Trd, 4318745.593, 140
Trd, 4318746.143, 137
Trd, 4318747.943, 138
Trd, 4318748.443, 139
Trd, 4318749.393, 140
Trd, 4318749.793, 140
Trd, 4318749.943, 138
Trd, 4318750.043, 111
Trd, 4318750.343, 137
Trd, 4318751.993, 140
Trd, 4318753.443, 139
Trd, 4318753.693, 139
Trd, 4318754.593, 139
Trd, 4318755.493, 139
Trd, 4318756.043, 139
Trd, 4318756.443, 111
Trd, 4318756.693, 69
Trd, 4318757.993, 140
Trd, 4318759.593, 139
Trd, 4318760.143, 140
Trd, 4318760.243, 139
Trd, 4318760.993, 140
Trd, 4318762.293, 139
Trd, 4318763.393, 140
Trd, 4318764.593, 138
Trd, 4318764.643, 135
Trd, 4318765.243, 140
Trd, 4318765.843, 138
Trd, 4318767.593, 139
Trd, 4318768.043, 139
Trd, 4318769.293, 140
Trd, 4318769.393, 140
Trd, 4318769.843, 140
Trd, 4318771.043, 140
Trd, 4318771.293, 140
Trd, 4318771.443, 140
Trd, 4318771.543, 139
Trd, 4318772.393, 140
Trd, 4318772.943, 140
Trd, 4318773.043, 138
Trd, 4318775.543, 140
Trd, 4318776.793, 140
Trd, 4318777.293, 140
Trd, 4318779.293, 140
Trd, 4318779.393, 140
Trd, 4318781.343, 139
Trd, 4318781.393, 138
Trd, 4318782.093, 140
Trd, 4318782.543, 140
Trd, 4318783.343, 140
Trd, 4318783.443, 138
Trd, 4318783.793, 135
Trd, 4318783.893, 139
Trd, 4318783.993, 121
Trd, 4318785.793, 139
Trd, 4318786.543, 139
Trd, 4318788.193, 139
Trd, 4318788.893, 140
Trd, 4318789.643, 139
Trd, 4318790.143, 140
Trd, 4318791.893, 140
Trd, 4318792.193, 140
Trd, 4318792.693, 140
Trd, 4318792.793, 140
Trd, 4318793.193, 140
Trd, 4318793.293, 138
Trd, 4318793.793, 103
Trd, 4318794.193, 133
Trd, 4318795.743, 70
Trd, 4318796.193, 125
Trd, 4318796.393, 65
Trd, 4318798.243, 60
Trd, 4318799.043, 140
Trd, 4318799.743, 140
Trd, 4318800.693, 139
Trd, 4318800.943, 140
Trd, 4318801.293, 139
Trd, 4318803.193, 139
Trd, 4318804.493, 140
Trd, 4318804.993, 140
Trd, 4318805.593, 140
Trd, 4318805.843, 140
Trd, 4318806.143, 140
Trd, 4318807.193, 139
Trd, 4318809.243, 140
Trd, 4318809.693, 140
Trd, 4318810.093, 140
Trd, 4318810.243, 140
Trd, 4318811.393, 140
Trd, 4318811.593, 139
Trd, 4318811.693, 138
Trd, 4318812.093, 119
Trd, 4318812.693, 140
Trd, 4318812.993, 139
Trd, 4318815.143, 140
Trd, 4318815.443, 139
Trd, 4318816.393, 140
Trd, 4318819.243, 140
Trd, 4318819.843, 140
Trd, 4318819.993, 140
Trd, 4318820.543, 140
Trd, 4318820.793, 140
Trd, 4318820.993, 139
Trd, 4318821.993, 139
Trd, 4318822.643, 111
Trd, 4318823.043, 62
Trd, 4318823.493, 139
Trd, 4318824.743, 140
Trd, 4318825.143, 140
Trd, 4318825.893, 140
Trd, 4318826.093, 139
Trd, 4318827.693, 140
Trd, 4318830.193, 140
Trd, 4318831.093, 140
Trd, 4318831.243, 140
Trd, 4318831.293, 139
Trd, 4318832.093, 138
Trd, 4318832.693, 138
Trd, 4318833.043, 132
Trd, 4318833.343, 129
Trd, 4318833.493, 139
Trd, 4318834.193, 85
Trd, 4318834.643, 134
Trd, 4318835.793, 140
Trd, 4318836.643, 140
Trd, 4318837.493, 134
Trd, 4318838.043, 140
Trd, 4318839.593, 140
Trd, 4318839.893, 136
Trd, 4318842.143, 139
Trd, 4318842.743, 139
Trd, 4318842.943, 138
Trd, 4318843.093, 138
Trd, 4318843.143, 122
Trd, 4318843.343, 67
Trd, 4318844.793, 140
Trd, 4318845.993, 140
Trd, 4318846.193, 140
Trd, 4318846.443, 140
Trd, 4318847.943, 140
Trd, 4318848.043, 140
Trd, 4318849.043, 61
Trd, 4318849.693, 140
Trd, 4318849.743, 140
Trd, 4318851.643, 140
Trd, 4318852.343, 139
Trd, 4318853.043, 139
Trd, 4318853.393, 138
Trd, 4318853.543, 136
Trd, 4318853.593, 86
Trd, 4318854.693, 140
Trd, 4318854.743, 140
Trd, 4318855.843, 139
Trd, 4318856.693, 61
Trd, 4318857.893, 140
Trd, 4318858.243, 137
Trd, 4318859.443, 119
Trd, 4318860.693, 139
Trd, 4318860.943, 139
Trd, 4318860.993, 83
Trd, 4318862.043, 140
Trd, 4318863.293, 65
Trd, 4318864.193, 140
Trd, 4318865.093, 133
Trd, 4318865.593, 62
Trd, 4318865.993, 67
Trd, 4318866.543, 140
Trd, 4318868.293, 102
Trd, 4318869.693, 140
Trd, 4318870.343, 138
Trd, 4318871.593, 137
Trd, 4318871.693, 139
Trd, 4318871.893, 98
Trd, 4318872.393, 92
Trd, 4318872.943, 126
Trd, 4318873.093, 60
Trd, 4318873.593, 63
Trd, 4318874.143, 68
Trd, 4318875.043, 135
Trd, 4318875.143, 134
Trd, 4318878.543, 140
Trd, 4318879.043, 140
Trd, 4318879.443, 140
Trd, 4318879.693, 140
Trd, 4318881.293, 140
Trd, 4318881.743, 140
Trd, 4318882.743, 140
Trd, 4318883.193, 140
Trd, 4318884.043, 140
Trd, 4318884.843, 140
Trd, 4318884.993, 139
Trd, 4318885.243, 140
Trd, 4318885.793, 136
Trd, 4318886.343, 107
Trd, 4318886.793, 89
Trd, 4318888.043, 140
Trd, 4318889.143, 140
Trd, 4318890.693, 140
Trd, 4318891.393, 140
Trd, 4318892.243, 140
Trd, 4318892.343, 140
Trd, 4318892.843, 139
Trd, 4318893.493, 64
Trd, 4318893.843, 94
Trd, 4318894.343, 60
Trd, 4318894.493, 72
Trd, 4318895.143, 86
Trd, 4318895.493, 65
Trd, 4318896.193, 63
Trd, 4318896.843, 69
Trd, 4318898.693, 140
Trd, 4318899.793, 139
Trd, 4318900.443, 140
Trd, 4318900.843, 139
Trd, 4318900.943, 139
Trd, 4318900.993, 71
Trd, 4318903.243, 140
Trd, 4318903.643, 138
Trd, 4318903.943, 136
Trd, 4318904.293, 138
Trd, 4318905.693, 138
Trd, 4318905.993, 140
Trd, 4318907.393, 140
Trd, 4318907.993, 140
Trd, 4318909.043, 140
Trd, 4318909.593, 139
Trd, 4318909.743, 138
Trd, 4318909.943, 138
Trd, 4318911.643, 140
Trd, 4318911.943, 107
Trd, 4318912.643, 140
Trd, 4318912.843, 65
Trd, 4318913.743, 140
Trd, 4318914.343, 140
Trd, 4318914.893, 140
Trd, 4318916.143, 140
Trd, 4318917.393, 140
Trd, 4318917.493, 140
Trd, 4318918.843, 140
Trd, 4318919.293, 140
Trd, 4318919.393, 140
Trd, 4318919.593, 139
Trd, 4318920.243, 133
Trd, 4318921.493, 140
Trd, 4318922.143, 116
Trd, 4318922.893, 140
Trd, 4318923.343, 140
Trd, 4318925.093, 138
Trd, 4318926.043, 140
Trd, 4318927.343, 140
Trd, 4318928.043, 139
Trd, 4318929.243, 140
Trd, 4318930.543, 140
Trd, 4318930.643, 139
Trd, 4318931.043, 140
Trd, 4318933.393, 140
Trd, 4318933.993, 139
Trd, 4318934.043, 139
Trd, 4318934.643, 140
Trd, 4318934.693, 140
Trd, 4318935.043, 140
Trd, 4318936.093, 137
Trd, 4318937.193, 140
Trd, 4318937.243, 140
Trd, 4318937.843, 140
Trd, 4318938.543, 140
Trd, 4318939.443, 140
Trd, 4318939.593, 140
Trd, 4318942.293, 140
Trd, 4318942.843, 140
Trd, 4318942.943, 135
Trd, 4318943.993, 140
Trd, 4318944.193, 118
Trd, 4318944.893, 71
Trd, 4318945.793, 139
Trd, 4318946.793, 140
Trd, 4318946.993, 140
Trd, 4318947.693, 111
Trd, 4318948.393, 140
Trd, 4318949.543, 138
Trd, 4318949.793, 107
Trd, 4318952.993, 140
Trd, 4318953.093, 140
Trd, 4318953.443, 140
Trd, 4318954.693, 140
Trd, 4318954.743, 139
Trd, 4318954.993, 136
Trd, 4318955.293, 139
Trd, 4318957.393, 140
Trd, 4318957.543, 140
Trd, 4318958.443, 140
Trd, 4318958.793, 139
Trd, 4318959.443, 139
Trd, 4318960.043, 134
Trd, 4318961.243, 140
Trd, 4318961.443, 136
Trd, 4318961.543, 60
Trd, 4318963.993, 140
Trd, 4318964.493, 140
Trd, 4318964.543, 140
Trd, 4318965.043, 140
Trd, 4318965.593, 140
Trd, 4318965.643, 139
Trd, 4318966.593, 118
Trd, 4318967.543, 140
Trd, 4318968.393, 140
Trd, 4318968.793, 140
Trd, 4318968.943, 140
Trd, 4318970.743, 140
Trd, 4318971.093, 140
Trd, 4318971.943, 137
Trd, 4318972.493, 140
Trd, 4318972.993, 140
Trd, 4318974.093, 140
Trd, 4318974.193, 139
Trd, 4318974.843, 140
Trd, 4318975.743, 139
Trd, 4318976.343, 140
Trd, 4318976.743, 95
Trd, 4318977.343, 140
Trd, 4318978.293, 140
Trd, 4318978.643, 140
Trd, 4318979.143, 64
Trd, 4318979.943, 140
Trd, 4318980.293, 108
Trd, 4318980.843, 140
Trd, 4318980.943, 93
Trd, 4318981.993, 140
Trd, 4318982.643, 137
Trd, 4318984.293, 140
Trd, 4318984.893, 140
Trd, 4318985.443, 140
Trd, 4318985.743, 137
Trd, 4318985.943, 115
Trd, 4318986.543, 140
Trd, 4318987.193, 61
Trd, 4318987.443, 130
Trd, 4318989.143, 138
Trd, 4318989.543, 140
Trd, 4318989.643, 140
Trd, 4318989.993, 137
Trd, 4318991.093, 123
Trd, 4318991.843, 139
Trd, 4318993.493, 140
Trd, 4318994.443, 140
Trd, 4318995.243, 140
Trd, 4318995.443, 140
Trd, 4318995.743, 140
Trd, 4318995.843, 107
Trd, 4318996.893, 74
Trd, 4318996.943, 73
Trd, 4318998.093, 60
Trd, 4318998.643, 137
Trd, 4318999.143, 138
Trd, 4318999.393, 60
Trd, 4318999.743, 139
Trd, 4319000.443, 139
Trd, 4319001.893, 61
Trd, 4319002.093, 80
Trd, 4319003.343, 138
Trd, 4319004.543, 139
Trd, 4319004.743, 71
Trd, 4319005.593, 140
Trd, 4319005.693, 107
Trd, 4319006.993, 140
Trd, 4319007.693, 140
Trd, 4319007.743, 140
Trd, 4319008.693, 139
Trd, 4319008.843, 135
Trd, 4319010.593, 138
Trd, 4319011.293, 140
Trd, 4319011.693, 140
Trd, 4319012.093, 140
Trd, 4319012.193, 139
Trd, 4319012.343, 138
Trd, 4319012.493, 110
Trd, 4319013.793, 140
Trd, 4319016.243, 140
Trd, 4319016.343, 140
Trd, 4319016.843, 140
Trd, 4319017.193, 140
Trd, 4319017.643, 140
Trd, 4319018.993, 140
Trd, 4319019.143, 137
Trd, 4319020.793, 140
Trd, 4319021.143, 140
Trd, 4319021.393, 139
Trd, 4319023.293, 140
Trd, 4319023.343, 140
Trd, 4319024.393, 140
Trd, 4319025.343, 140
Trd, 4319025.793, 139
Trd, 4319026.443, 140
Trd, 4319027.243, 140
Trd, 4319027.393, 140
Trd, 4319028.143, 140
Trd, 4319028.593, 140
Trd, 4319028.993, 122
Trd, 4319029.243, 111
Trd, 4319030.443, 140
Trd, 4319030.743, 137
Trd, 4319032.743, 139
Trd, 4319032.893, 139
Trd, 4319033.193, 140
Trd, 4319033.543, 121
Trd, 4319035.293, 140
Trd, 4319035.343, 140
Trd, 4319035.993, 61
Trd, 4319036.543, 138
Trd, 4319037.743, 72
Trd, 4319038.343, 110
Trd, 4319039.243, 140
Trd, 4319039.443, 140
Trd, 4319039.843, 140
Trd, 4319040.493, 136
Trd, 4319040.743, 121
Trd, 4319041.943, 140
Trd, 4319042.293, 140
Trd, 4319042.693, 63
Trd, 4319042.743, 66
Trd, 4319044.193, 140
Trd, 4319045.343, 140
Trd, 4319045.743, 140
Trd, 4319046.843, 127
Trd, 4319047.293, 140
Trd, 4319047.343, 123
Trd, 4319047.743, 108
Trd, 4319047.943, 77
Trd, 4319050.593, 139
Trd, 4319050.643, 139
Trd, 4319050.793, 139
Trd, 4319051.243, 140
Trd, 4319051.393, 112
Trd, 4319051.593, 91
Trd, 4319052.043, 140
Trd, 4319053.043, 139
Trd, 4319053.343, 64
Trd, 4319054.493, 140
Trd, 4319055.493, 137
Trd, 4319055.793, 133
Trd, 4319056.643, 61
Trd, 4319056.943, 84
Trd, 4319057.743, 135
Trd, 4319058.643, 139
Trd, 4319058.693, 74
Trd, 4319059.393, 76
Trd, 4319060.093, 139
Trd, 4319061.043, 140
Trd, 4319061.643, 140
Trd, 4319061.693, 140
Trd, 4319061.743, 112
Trd, 4319063.593, 140
Trd, 4319064.093, 140
Trd, 4319065.243, 140
Trd, 4319065.843, 138
Trd, 4319066.343, 139
Trd, 4319067.793, 138
Trd, 4319068.593, 140
Trd, 4319068.693, 122
Trd, 4319069.443, 140
Trd, 4319069.993, 140
Trd, 4319070.343, 140
Trd, 4319070.643, 129
Trd, 4319071.243, 139
Trd, 4319073.293, 140
Trd, 4319073.693, 140
Trd, 4319074.043, 140
Trd, 4319074.143, 112
Trd, 4319075.143, 140
Trd, 4319075.343, 140
Trd, 4319075.993, 140
Trd, 4319077.493, 139
Trd, 4319078.243, 139
Trd, 4319080.143, 139
Trd, 4319080.793, 140
Trd, 4319081.043, 140
Trd, 4319081.243, 139
Trd, 4319082.043, 139
Trd, 4319082.143, 140
Trd, 4319083.693, 140
Trd, 4319084.293, 140
Trd, 4319084.793, 133
Trd, 4319085.043, 62
Trd, 4319085.143, 65
Trd, 4319087.593, 140
Trd, 4319088.593, 140
Trd, 4319089.793, 140
Trd, 4319089.943, 139
Trd, 4319090.743, 139
Trd, 4319092.443, 140
Trd, 4319092.743, 140
Trd, 4319093.643, 120
Trd, 4319094.043, 139
Trd, 4319094.443, 138
Trd, 4319094.643, 118
Trd, 4319095.693, 138
Trd, 4319096.443, 114
Trd, 4319096.893, 140
Trd, 4319097.143, 67
Trd, 4319098.243, 139
Trd, 4319101.643, 140
Trd, 4319102.043, 139
Trd, 4319102.443, 139
Trd, 4319103.243, 140
Trd, 4319103.743, 139
Trd, 4319105.393, 140
Trd, 4319105.893, 140
Trd, 4319105.993, 125
Trd, 4319106.493, 140
Trd, 4319106.993, 140
Trd, 4319107.643, 137
Trd, 4319108.193, 105
Trd, 4319109.293, 140
Trd, 4319109.443, 140
Trd, 4319110.493, 140
Trd, 4319111.193, 140
Trd, 4319111.393, 139
Trd, 4319111.943, 140
Trd, 4319113.143, 140
Trd, 4319114.543, 140
Trd, 4319115.293, 135
Trd, 4319115.943, 140
Trd, 4319116.593, 140
Trd, 4319117.293, 140
Trd, 4319118.543, 140
Trd, 4319118.743, 140
Trd, 4319119.743, 140
Trd, 4319120.843, 140
Trd, 4319122.343, 139
Trd, 4319122.693, 138
Trd, 4319123.043, 140
Trd, 4319123.293, 140
Trd, 4319124.693, 140
Trd, 4319125.393, 140
Trd, 4319125.543, 140
Trd, 4319126.543, 140
Trd, 4319127.043, 124
Trd, 4319127.593, 116
Trd, 4319127.743, 62
Trd, 4319128.393, 126
Trd, 4319128.693, 95
Trd, 4319129.443, 60
Trd, 4319130.243, 140
Trd, 4319131.693, 140
Trd, 4319132.293, 140
Trd, 4319132.543, 140
Trd, 4319133.743, 140
Trd, 4319133.793, 98
Trd, 4319135.243, 140
Trd, 4319135.743, 140
Trd, 4319135.993, 139
Trd, 4319137.393, 139
Trd, 4319138.043, 139
Trd, 4319138.193, 139
Trd, 4319138.293, 138
Trd, 4319138.643, 87
Trd, 4319140.293, 140
Trd, 4319140.493, 140
Trd, 4319140.693, 140
Trd, 4319141.743, 139
Trd, 4319142.243, 138
Trd, 4319142.743, 140
Trd, 4319143.043, 123
Trd, 4319143.643, 125
Trd, 4319145.343, 140
Trd, 4319146.693, 140
Trd, 4319147.143, 140
Trd, 4319147.493, 138
Trd, 4319148.693, 138
Trd, 4319150.443, 140
Trd, 4319150.593, 139
Trd, 4319151.193, 139
Trd, 4319152.393, 139
Trd, 4319152.993, 139
Trd, 4319153.293, 139
Trd, 4319153.793, 124
Trd, 4319155.343, 140
Trd, 4319155.943, 140
Trd, 4319156.293, 140
Trd, 4319157.393, 140
Trd, 4319157.493, 140
Trd, 4319158.543, 62
Trd, 4319158.593, 70
Trd, 4319159.093, 136
Trd, 4319161.393, 139
Trd, 4319161.943, 140
Trd, 4319162.393, 137
Trd, 4319162.443, 124
Trd, 4319162.643, 140
Trd, 4319162.993, 140
Trd, 4319163.543, 138
Trd, 4319164.793, 140
Trd, 4319164.893, 139
Trd, 4319165.343, 108
Trd, 4319165.693, 74
Trd, 4319166.893, 140
Trd, 4319167.543, 140
Trd, 4319167.793, 140
Trd, 4319169.743, 139
Trd, 4319170.093, 139
Trd, 4319171.493, 140
Trd, 4319172.293, 140
Trd, 4319172.393, 140
Trd, 4319173.243, 113
Trd, 4319174.693, 140
Trd, 4319176.393, 140
Trd, 4319177.043, 140
Trd, 4319178.343, 140
Trd, 4319178.893, 140
Trd, 4319179.043, 138
Trd, 4319179.393, 140
Trd, 4319181.293, 140
Trd, 4319182.043, 140
Trd, 4319182.443, 140
Trd, 4319182.493, 140
Trd, 4319182.843, 67
Trd, 4319183.893, 107
Trd, 4319184.043, 125
Trd, 4319184.293, 140
Trd, 4319184.893, 61
Trd, 4319186.393, 140
Trd, 4319187.393, 140
Trd, 4319188.643, 140
Trd, 4319188.843, 140
Trd, 4319189.893, 140
Trd, 4319191.393, 140
Trd, 4319191.693, 140
Trd, 4319192.193, 139
Trd, 4319193.743, 140
Trd, 4319194.043, 140
Trd, 4319194.243, 140
Trd, 4319194.293, 140
Trd, 4319194.893, 137
Trd, 4319195.343, 138
Trd, 4319195.993, 137
Trd, 4319198.143, 140
Trd, 4319199.193, 140
Trd, 4319199.243, 140
Trd, 4319199.993, 140
Trd, 4319200.543, 125
Trd, 4319201.093, 89
Trd, 4319201.643, 139
Trd, 4319201.993, 140
Trd, 4319202.243, 137
Trd, 4319202.943, 140
Trd, 4319203.293, 138
Trd, 4319204.893, 128
Trd, 4319205.743, 135
Trd, 4319206.743, 140
Trd, 4319206.843, 137
Trd, 4319208.193, 136
Trd, 4319208.543, 123
Trd, 4319209.393, 138
Trd, 4319210.443, 140
Trd, 4319210.543, 140
Trd, 4319210.643, 140
Trd, 4319211.793, 140
Trd, 4319212.193, 139
Trd, 4319212.443, 137
Trd, 4319212.643, 102
Trd, 4319213.793, 139
Trd, 4319214.343, 116
Trd, 4319216.793, 140
Trd, 4319216.843, 139
Trd, 4319217.243, 138
Trd, 4319218.093, 140
Trd, 4319219.593, 140
Trd, 4319219.893, 140
Trd, 4319221.793, 140
Trd, 4319222.493, 139
Trd, 4319223.093, 138
Trd, 4319223.593, 140
Trd, 4319223.993, 140
Trd, 4319224.743, 140
Trd, 4319224.943, 136
Trd, 4319225.443, 135
Trd, 4319225.793, 139
Trd, 4319226.993, 140
Trd, 4319228.793, 140
Trd, 4319229.793, 140
Trd, 4319230.343, 140
Trd, 4319230.593, 140
Trd, 4319231.893, 139
Trd, 4319232.493, 140
Trd, 4319234.143, 140
Trd, 4319234.643, 140
Trd, 4319235.193, 140
Trd, 4319235.593, 140
Trd, 4319236.593, 140
Trd, 4319236.843, 139
Trd, 4319238.493, 140
Trd, 4319238.843, 135
Trd, 4319240.793, 140
Trd, 4319241.043, 140
Trd, 4319241.243, 140
Trd, 4319241.693, 140
Trd, 4319242.443, 140
Trd, 4319242.643, 138
Trd, 4319243.093, 126
Trd, 4319244.143, 140
Trd, 4319244.693, 140
Trd, 4319245.293, 70
Trd, 4319245.943, 61
Trd, 4319246.493, 65
Trd, 4319246.793, 65
Trd, 4319247.143, 60
Trd, 4319248.243, 62
Trd, 4319249.393, 137
Trd, 4319249.593, 139
Trd, 4319250.543, 139
Trd, 4319251.693, 140
Trd, 4319253.093, 128
Trd, 4319253.443, 83
Trd, 4319254.993, 140
Trd, 4319255.493, 140
Trd, 4319255.843, 140
Trd, 4319258.493, 140
Trd, 4319259.143, 140
Trd, 4319259.593, 140
Trd, 4319259.743, 140
Trd, 4319259.843, 139
Trd, 4319260.693, 140
Trd, 4319261.543, 139
Trd, 4319262.943, 140
Trd, 4319263.243, 140
Trd, 4319263.343, 140
Trd, 4319264.193, 140
Trd, 4319264.543, 74
Trd, 4319265.043, 62
Trd, 4319266.243, 69
Trd, 4319267.543, 140
Trd, 4319268.193, 140
Trd, 4319269.793, 140
Trd, 4319270.043, 140
Trd, 4319270.943, 139
Trd, 4319271.543, 140
Trd, 4319271.693, 140
Trd, 4319272.643, 139
Trd, 4319272.793, 139
Trd, 4319274.793, 140
Trd, 4319276.243, 140
Trd, 4319276.393, 139
Trd, 4319277.193, 139
Trd, 4319277.943, 140
Trd, 4319278.993, 140
Trd, 4319280.393, 140
Trd, 4319280.693, 140
Trd, 4319281.393, 140
Trd, 4319281.743, 140
Trd, 4319282.093, 140
Trd, 4319282.443, 140
Trd, 4319283.193, 138
Trd, 4319284.743, 140
Trd, 4319284.943, 140
Trd, 4319286.193, 139
Trd, 4319286.293, 139
Trd, 4319286.493, 139
Trd, 4319286.893, 137
Trd, 4319286.943, 132
Trd, 4319287.593, 118
Trd, 4319288.243, 140
Trd, 4319289.143, 129
Trd, 4319289.543, 60
Trd, 4319292.093, 140
Trd, 4319292.393, 140
Trd, 4319293.643, 140
Trd, 4319293.993, 140
Trd, 4319294.643, 139
Trd, 4319294.893, 139
Trd, 4319295.093, 139
Trd, 4319295.293, 140
Trd, 4319295.543, 133
Trd, 4319297.743, 140
Trd, 4319297.893, 140
Trd, 4319299.343, 140
Trd, 4319299.943, 123
Trd, 4319300.943, 139
Trd, 4319301.293, 137
Trd, 4319301.943, 139
Trd, 4319302.393, 136
Trd, 4319302.493, 115
Trd, 4319302.543, 75
Trd, 4319303.343, 132
Trd, 4319305.593, 140
Trd, 4319305.893, 139
Trd, 4319306.743, 138
Trd, 4319306.843, 140
Trd, 4319307.593, 140
Trd, 4319308.243, 140
Trd, 4319308.493, 140
Trd, 4319308.893, 139
Trd, 4319309.343, 121
Trd, 4319312.643, 140
Trd, 4319312.993, 140
Trd, 4319313.043, 140
Trd, 4319314.543, 140
Trd, 4319315.143, 140
Trd, 4319316.793, 140
Trd, 4319317.193, 140
Trd, 4319317.843, 140
Trd, 4319318.193, 139
Trd, 4319319.443, 139
Trd, 4319319.543, 138
Trd, 4319321.193, 140
Trd, 4319321.443, 139
Trd, 4319321.493, 138
Trd, 4319321.943, 140
Trd, 4319322.993, 140
Trd, 4319324.093, 140
Trd, 4319324.293, 140
Trd, 4319325.793, 136
Trd, 4319326.993, 140
Trd, 4319327.493, 138
Trd, 4319327.593, 138
Trd, 4319328.243, 140
Trd, 4319329.543, 140
Trd, 4319330.043, 140
Trd, 4319330.143, 135
Trd, 4319331.193, 84
Trd, 4319331.843, 140
Trd, 4319332.993, 140
Trd, 4319333.343, 140
Trd, 4319333.993, 140
Trd, 4319335.793, 140
Trd, 4319336.643, 140
Trd, 4319337.593, 140
Trd, 4319337.893, 140
Trd, 4319338.043, 140
Trd, 4319338.193, 139
Trd, 4319338.293, 120
Trd, 4319339.693, 139
Trd, 4319341.093, 140
Trd, 4319341.643, 140
Trd, 4319342.293, 140
Trd, 4319342.843, 137
Trd, 4319342.993, 127
Trd, 4319344.343, 140
Trd, 4319345.143, 140
Trd, 4319345.193, 139
Trd, 4319345.443, 127
Trd, 4319347.543, 140
Trd, 4319348.593, 140
Trd, 4319348.743, 138
Trd, 4319348.793, 137
Trd, 4319349.643, 140
Trd, 4319349.693, 139
Trd, 4319350.093, 122
Trd, 4319351.493, 140
Trd, 4319352.343, 140
Trd, 4319354.043, 138
Trd, 4319355.293, 139
Trd, 4319355.743, 135
Trd, 4319356.243, 134
Trd, 4319357.443, 136
Trd, 4319357.843, 140
Trd, 4319360.143, 140
Trd, 4319360.243, 140
Trd, 4319360.793, 140
Trd, 4319361.793, 140
Trd, 4319362.493, 140
Trd, 4319363.243, 140
Trd, 4319363.893, 140
Trd, 4319364.493, 140
Trd, 4319364.643, 140
Trd, 4319367.393, 140
Trd, 4319367.693, 140
Trd, 4319368.943, 140
Trd, 4319369.143, 139
Trd, 4319369.693, 136
Trd, 4319370.943, 140
Trd, 4319371.143, 138
Trd, 4319371.443, 140
Trd, 4319373.143, 139
Trd, 4319373.393, 139
Trd, 4319374.193, 140
Trd, 4319374.593, 123
Trd, 4319377.193, 140
Trd, 4319377.643, 140
Trd, 4319378.593, 140
Trd, 4319379.143, 140
Trd, 4319379.293, 139
Trd, 4319380.343, 140
Trd, 4319380.993, 140
Trd, 4319381.443, 139
Trd, 4319382.193, 140
Trd, 4319382.493, 139
Trd, 4319384.093, 140
Trd, 4319384.143, 140
Trd, 4319384.943, 139
Trd, 4319385.193, 138
Trd, 4319386.143, 140
Trd, 4319387.443, 99
Trd, 4319388.693, 139
Trd, 4319388.793, 139
Trd, 4319390.243, 140
Trd, 4319390.393, 140
Trd, 4319391.593, 139
Trd, 4319393.393, 140
Trd, 4319393.543, 140
Trd, 4319394.393, 140
Trd, 4319394.993, 139
Trd, 4319395.443, 140
Trd, 4319395.493, 140
Trd, 4319396.393, 140
Trd, 4319398.193, 140
Trd, 4319398.793, 140
Trd, 4319399.143, 140
Trd, 4319399.593, 140
Trd, 4319400.693, 140
Trd, 4319401.843, 139
Trd, 4319402.143, 140
Trd, 4319403.143, 140
Trd, 4319403.193, 140
Trd, 4319403.393, 73
Trd, 4319404.143, 62
Trd, 4319404.943, 140
Trd, 4319405.293, 140
Trd, 4319405.693, 139
Trd, 4319406.943, 140
Trd, 4319408.043, 140
Trd, 4319408.093, 137
Trd, 4319410.343, 139
Trd, 4319410.643, 138
Trd, 4319411.143, 101
Trd, 4319411.193, 99
Trd, 4319411.443, 140
Trd, 4319413.643, 140
Trd, 4319414.593, 140
Trd, 4319414.893, 140
Trd, 4319415.293, 85
Trd, 4319416.193, 139
Trd, 4319417.043, 138
Trd, 4319417.643, 138
Trd, 4319419.443, 140
Trd, 4319419.643, 140
Trd, 4319420.893, 140
Trd, 4319421.643, 139
Trd, 4319421.793, 139
Trd, 4319422.693, 139
Trd, 4319422.843, 111
Trd, 4319423.243, 77
Trd, 4319425.243, 140
Trd, 4319426.393, 140
Trd, 4319426.993, 140
Trd, 4319427.193, 140
Trd, 4319427.693, 134
Trd, 4319428.943, 111
Trd, 4319430.043, 140
Trd, 4319430.543, 140
Trd, 4319432.093, 140
Trd, 4319432.993, 140
Trd, 4319433.293, 140
Trd, 4319433.793, 140
Trd, 4319433.843, 140
Trd, 4319433.943, 138
Trd, 4319434.943, 140
Trd, 4319435.393, 97
Trd, 4319436.843, 140
Trd, 4319438.143, 140
Trd, 4319438.293, 139
Trd, 4319438.693, 139
Trd, 4319439.493, 127
Trd, 4319440.543, 140
Trd, 4319441.043, 123
Trd, 4319441.193, 138
Trd, 4319441.293, 85
Trd, 4319442.793, 140
Trd, 4319444.593, 140
Trd, 4319445.043, 140
Trd, 4319445.143, 139
Trd, 4319445.193, 138
Trd, 4319446.543, 139
Trd, 4319446.993, 130
Trd, 4319448.543, 140
Trd, 4319449.093, 140
Trd, 4319449.543, 139
Trd, 4319450.143, 138
Trd, 4319450.843, 140
Trd, 4319451.093, 138
Trd, 4319451.693, 138
Trd, 4319452.893, 139
Trd, 4319454.093, 140
Trd, 4319454.793, 137
Trd, 4319454.843, 128
Trd, 4319457.293, 140
Trd, 4319458.543, 140
Trd, 4319458.793, 140
Trd, 4319459.443, 139
Trd, 4319459.993, 140
Trd, 4319460.093, 140
Trd, 4319462.293, 140
Trd, 4319462.843, 140
Trd, 4319463.143, 140
Trd, 4319463.493, 138
Trd, 4319464.293, 140
Trd, 4319464.593, 140
Trd, 4319466.243, 140
Trd, 4319466.393, 138
Trd, 4319466.443, 137
Trd, 4319466.743, 139
Trd, 4319467.943, 139
Trd, 4319469.793, 140
Trd, 4319470.043, 140
Trd, 4319470.543, 140
Trd, 4319470.843, 134
Trd, 4319471.593, 140
Trd, 4319471.693, 140
Trd, 4319473.843, 140
Trd, 4319474.793, 139
Trd, 4319475.143, 139
Trd, 4319475.193, 136
Trd, 4319475.543, 131
Trd, 4319475.943, 140
Trd, 4319477.693, 140
Trd, 4319478.243, 139
Trd, 4319478.493, 122
Trd, 4319479.343, 140
Trd, 4319480.293, 140
Trd, 4319480.443, 140
Trd, 4319483.843, 140
Trd, 4319484.243, 140
Trd, 4319485.543, 140
Trd, 4319485.793, 140
Trd, 4319485.993, 140
Trd, 4319486.043, 139
Trd, 4319486.993, 136
Trd, 4319487.593, 140
Trd, 4319487.993, 140
Trd, 4319488.693, 140
Trd, 4319489.293, 140
Trd, 4319489.843, 140
Trd, 4319490.143, 128
Trd, 4319491.093, 139
Trd, 4319492.743, 140
Trd, 4319493.393, 140
Trd, 4319494.293, 140
Trd, 4319495.143, 140
Trd, 4319495.343, 137
Trd, 4319495.743, 133
Trd, 4319495.893, 114
Trd, 4319496.843, 116
Trd, 4319497.093, 63
Trd, 4319497.593, 114
Trd, 4319500.293, 140
Trd, 4319500.743, 140
Trd, 4319500.843, 140
Trd, 4319500.893, 140
Trd, 4319501.593, 140
Trd, 4319502.043, 140
Trd, 4319502.693, 139
Trd, 4319502.793, 138
Trd, 4319505.193, 140
Trd, 4319505.693, 140
Trd, 4319506.043, 140
Trd, 4319506.243, 136
Trd, 4319507.293, 140
Trd, 4319507.643, 135
Trd, 4319507.693, 114
Trd, 4319507.793, 78
Trd, 4319508.993, 138
Trd, 4319510.543, 140
Trd, 4319511.093, 139
Trd, 4319511.293, 140
Trd, 4319512.743, 140
Trd, 4319512.993, 134
Trd, 4319513.343, 137
Trd, 4319514.043, 138
Trd, 4319516.093, 140
Trd, 4319517.043, 140
Trd, 4319517.543, 140
Trd, 4319518.143, 138
Trd, 4319519.243, 140
Trd, 4319520.293, 139
Trd, 4319520.843, 139
Trd, 4319521.393, 137
Trd, 4319522.093, 122
Trd, 4319522.793, 139
Trd, 4319524.493, 140
Trd, 4319524.643, 139
Trd, 4319525.343, 140
Trd, 4319527.043, 140
Trd, 4319527.343, 140
Trd, 4319527.793, 138
Trd, 4319527.993, 137
Trd, 4319528.293, 140
Trd, 4319530.243, 139
Trd, 4319531.693, 140
Trd, 4319531.743, 140
Trd, 4319531.943, 138
Trd, 4319532.793, 140
Trd, 4319533.893, 139
Trd, 4319535.293, 140
Trd, 4319535.493, 140
Trd, 4319536.093, 139
Trd, 4319536.543, 139
Trd, 4319536.643, 129
Trd, 4319537.043, 90
Trd, 4319539.343, 140
Trd, 4319540.693, 140
Trd, 4319540.993, 140
Trd, 4319541.093, 139
Trd, 4319541.493, 140
Trd, 4319542.393, 110
Trd, 4319542.443, 117
Trd, 4319544.193, 140
Trd, 4319544.593, 137
Trd, 4319544.843, 138
Trd, 4319544.943, 128
Trd, 4319545.443, 63
Trd, 4319545.943, 140
Trd, 4319547.193, 140
Trd, 4319547.593, 139
Trd, 4319548.143, 139
Trd, 4319548.793, 78
Trd, 4319549.193, 108
Trd, 4319549.893, 139
Trd, 4319550.543, 124
Trd, 4319550.593, 123
Trd, 4319551.093, 137
Trd, 4319551.143, 135
Trd, 4319552.543, 140
Trd, 4319553.543, 139
Trd, 4319553.743, 65
Trd, 4319554.043, 84
Trd, 4319555.493, 139
Trd, 4319559.493, 140
Trd, 4319559.843, 140
Trd, 4319560.193, 140
Trd, 4319560.943, 140
Trd, 4319561.143, 81
Trd, 4319562.093, 140
Trd, 4319562.393, 138
Trd, 4319562.793, 130
Trd, 4319563.543, 136
Trd, 4319564.043, 140
Trd, 4319564.143, 139
Trd, 4319565.443, 139
Trd, 4319566.643, 140
Trd, 4319567.093, 140
Trd, 4319569.043, 140
Trd, 4319569.343, 139
Trd, 4319569.993, 140
Trd, 4319570.343, 140
Trd, 4319571.193, 140
Trd, 4319571.543, 140
Trd, 4319573.343, 139
Trd, 4319574.343, 139
Trd, 4319574.493, 60
Trd, 4319575.893, 139
Trd, 4319576.343, 138
Trd, 4319577.193, 106
Trd, 4319577.693, 139
Trd, 4319578.393, 140
Trd, 4319578.743, 140
Trd, 4319580.743, 140
Trd, 4319580.843, 140
Trd, 4319581.143, 135
Trd, 4319581.443, 95
Trd, 4319582.893, 140
Trd, 4319583.443, 140
Trd, 4319583.643, 140
Trd, 4319583.793, 140
Trd, 4319584.143, 139
Trd, 4319585.343, 131
Trd, 4319586.543, 137
Trd, 4319586.643, 137
Trd, 4319586.743, 104
Trd, 4319589.043, 140
Trd, 4319589.843, 140
Trd, 4319591.643, 140
Trd, 4319592.043, 140
Trd, 4319592.093, 140
Trd, 4319592.143, 137
Trd, 4319593.243, 130
Trd, 4319594.493, 137
Trd, 4319594.643, 133
Trd, 4319595.193, 139
Trd, 4319596.993, 140
Trd, 4319597.393, 139
Trd, 4319597.693, 139
Trd, 4319598.143, 93
Trd, 4319599.093, 67
Trd, 4319599.293, 73
Trd, 4319599.943, 64
Trd, 4319600.293, 122
Trd, 4319601.493, 140
Trd, 4319601.893, 140
Trd, 4319601.943, 99
Trd, 4319603.193, 138
Trd, 4319603.443, 60
Trd, 4319604.293, 61
Trd, 4319604.443, 69
Trd, 4319605.593, 135
Trd, 4319606.393, 95
Trd, 4319606.793, 67
Trd, 4319607.693, 140
Trd, 4319608.793, 140
Trd, 4319609.593, 140
Trd, 4319609.893, 139
Trd, 4319610.843, 139
Trd, 4319611.093, 138
Trd, 4319611.643, 137
Trd, 4319612.743, 140
Trd, 4319614.343, 140
Trd, 4319614.943, 140
Trd, 4319617.493, 140
Trd, 4319617.643, 140
Trd, 4319618.193, 140
Trd, 4319618.493, 139
Trd, 4319618.793, 137
Trd, 4319619.843, 140
Trd, 4319620.293, 137
Trd, 4319621.093, 127
Trd, 4319622.093, 138
Trd, 4319622.743, 140
Trd, 4319622.843, 140
Trd, 4319623.893, 140
Trd, 4319624.843, 139
Trd, 4319626.293, 139
Trd, 4319627.593, 139
Trd, 4319627.893, 140
Trd, 4319628.393, 138
Trd, 4319628.793, 138
Trd, 4319629.243, 139
Trd, 4319629.893, 140
Trd, 4319630.843, 140
Trd, 4319631.143, 128
Trd, 4319632.393, 139
Trd, 4319632.443, 137
Trd, 4319632.943, 129
Trd, 4319633.743, 140
Trd, 4319634.393, 139
Trd, 4319635.443, 60
Trd, 4319635.593, 67
Trd, 4319635.643, 124
Trd, 4319636.693, 139
Trd, 4319637.593, 139
Trd, 4319638.593, 140
Trd, 4319639.693, 140
Trd, 4319640.443, 139
Trd, 4319640.743, 140
Trd, 4319642.143, 140
Trd, 4319642.243, 140
Trd, 4319642.393, 138
Trd, 4319643.193, 139
Trd, 4319643.543, 131
Trd, 4319644.143, 140
Trd, 4319644.743, 139
Trd, 4319645.043, 140
Trd, 4319645.493, 140
Trd, 4319645.843, 139
Trd, 4319646.343, 138
Trd, 4319648.843, 140
Trd, 4319649.043, 140
Trd, 4319649.793, 140
Trd, 4319650.093, 138
Trd, 4319650.843, 139
Trd, 4319651.543, 107
Trd, 4319653.493, 140
Trd, 4319653.743, 138
Trd, 4319653.943, 113
Trd, 4319654.193, 140
Trd, 4319655.443, 140
Trd, 4319656.143, 140
Trd, 4319657.443, 140
Trd, 4319659.093, 140
Trd, 4319659.793, 140
Trd, 4319660.243, 140
Trd, 4319660.343, 140
Trd, 4319662.393, 140
Trd, 4319662.543, 140
Trd, 4319662.843, 140
Trd, 4319664.043, 140
Trd, 4319664.593, 139
Trd, 4319664.993, 140
Trd, 4319665.243, 139
Trd, 4319666.193, 105
Trd, 4319666.743, 140
Trd, 4319667.993, 140
Trd, 4319668.593, 140
Trd, 4319668.693, 140
Trd, 4319669.043, 93
Trd, 4319670.443, 140
Trd, 4319670.593, 140
Trd, 4319670.643, 135
Trd, 4319671.543, 140
Trd, 4319672.743, 140
Trd, 4319674.143, 140
Trd, 4319674.293, 140
Trd, 4319674.743, 138
Trd, 4319675.293, 117
Trd, 4319675.843, 138
Trd, 4319676.043, 96
Trd, 4319677.343, 140
Trd, 4319678.393, 140
Trd, 4319678.593, 139
Trd, 4319679.343, 140
Trd, 4319679.893, 140
Trd, 4319680.093, 138
Trd, 4319680.193, 138
Trd, 4319680.543, 138
Trd, 4319681.843, 60
Trd, 4319681.893, 64
Trd, 4319682.093, 138
Trd, 4319683.193, 139
Trd, 4319685.243, 140
Trd, 4319687.243, 139
Trd, 4319687.293, 137
Trd, 4319687.593, 129
Trd, 4319689.493, 140
Trd, 4319689.843, 140
Trd, 4319690.243, 140
Trd, 4319690.893, 139
Trd, 4319691.193, 139
Trd, 4319693.293, 140
Trd, 4319694.643, 140
Trd, 4319695.293, 140
Trd, 4319695.493, 140
Trd, 4319695.793, 140
Trd, 4319696.143, 140
Trd, 4319696.743, 139
Trd, 4319697.543, 139
Trd, 4319697.693, 139
Trd, 4319698.193, 139
Trd, 4319699.643, 140
Trd, 4319700.093, 140
Trd, 4319700.943, 137
Trd, 4319701.193, 138
Trd, 4319701.293, 70
Trd, 4319701.693, 138
Trd, 4319703.293, 140
Trd, 4319704.743, 140
Trd, 4319704.893, 140
Trd, 4319705.143, 140
Trd, 4319705.243, 140
Trd, 4319705.843, 140
Trd, 4319708.543, 139
Trd, 4319708.793, 140
Trd, 4319709.193, 140
Trd, 4319709.743, 140
Trd, 4319709.943, 138
Trd, 4319711.743, 77
Trd, 4319712.043, 70
Trd, 4319714.343, 140
Trd, 4319714.393, 140
Trd, 4319714.843, 140
Trd, 4319714.943, 134
Trd, 4319715.443, 140
Trd, 4319716.143, 140
Trd, 4319716.643, 140
Trd, 4319717.743, 140
Trd, 4319717.843, 139
Trd, 4319718.393, 135
Trd, 4319719.743, 140
Trd, 4319719.793, 137
Trd, 4319720.493, 140
Trd, 4319721.243, 139
Trd, 4319721.593, 119
Trd, 4319722.343, 139
Trd, 4319723.393, 138
Trd, 4319723.493, 125
Trd, 4319723.643, 115
Trd, 4319725.843, 140
Trd, 4319726.343, 140
Trd, 4319727.593, 140
Trd, 4319728.093, 140
Trd, 4319728.893, 140
Trd, 4319729.893, 138
Trd, 4319730.743, 140
Trd, 4319731.193, 140
Trd, 4319732.143, 140
Trd, 4319732.993, 140
Trd, 4319733.743, 140
Trd, 4319734.793, 140
Trd, 4319735.343, 138
Trd, 4319735.793, 137
Trd, 4319736.193, 139
Trd, 4319737.743, 140
Trd, 4319738.243, 140
Trd, 4319738.293, 139
Trd, 4319738.443, 139
Trd, 4319739.443, 140
Trd, 4319740.493, 138
Trd, 4319740.993, 138
Trd, 4319742.143, 140
Trd, 4319742.793, 139
Trd, 4319743.793, 139
Trd, 4319745.243, 139
Trd, 4319745.893, 140
Trd, 4319746.843, 140
Trd, 4319747.343, 140
Trd, 4319747.743, 140
Trd, 4319749.693, 140
Trd, 4319749.943, 140
Trd, 4319750.043, 140
Trd, 4319750.943, 138
Trd, 4319751.543, 140
Trd, 4319751.943, 127
Trd, 4319752.243, 124
Trd, 4319752.693, 77
Trd, 4319753.243, 140
Trd, 4319753.343, 140
Trd, 4319754.343, 140
Trd, 4319754.693, 138
Trd, 4319754.993, 139
Trd, 4319755.743, 137
Trd, 4319756.043, 140
Trd, 4319756.893, 140
Trd, 4319757.193, 126
Trd, 4319757.493, 140
Trd, 4319757.843, 64
Trd, 4319758.843, 62
Trd, 4319759.443, 139
Trd, 4319760.393, 107
Trd, 4319762.393, 140
Trd, 4319762.943, 140
Trd, 4319763.143, 140
Trd, 4319764.443, 140
Trd, 4319765.743, 140
Trd, 4319766.093, 139
Trd, 4319766.543, 139
Trd, 4319767.243, 140
Trd, 4319768.143, 140
Trd, 4319768.393, 140
Trd, 4319770.643, 140
Trd, 4319771.293, 139
Trd, 4319771.593, 137
Trd, 4319771.743, 125
Trd, 4319771.943, 76
Trd, 4319773.093, 140
Trd, 4319773.393, 140
Trd, 4319775.093, 140
Trd, 4319776.543, 140
Trd, 4319776.793, 139
Trd, 4319778.543, 140
Trd, 4319778.793, 140
Trd, 4319779.343, 140
Trd, 4319781.043, 139
Trd, 4319781.243, 139
Trd, 4319781.443, 137
Trd, 4319782.943, 140
Trd, 4319782.993, 140
Trd, 4319783.693, 140
Trd, 4319785.343, 140
Trd, 4319785.393, 139
Trd, 4319786.543, 140
Trd, 4319786.793, 111
Trd, 4319787.793, 140
Trd, 4319789.143, 139
Trd, 4319789.243, 124
Trd, 4319789.843, 140
Trd, 4319790.493, 140
Trd, 4319790.643, 139
Trd, 4319791.293, 140
Trd, 4319792.693, 140
Trd, 4319792.943, 140
Trd, 4319793.343, 140
Trd, 4319794.143, 114
Trd, 4319794.743, 137
Trd, 4319796.093, 139
Trd, 4319796.743, 138
Trd, 4319797.093, 140
Trd, 4319798.793, 140
Trd, 4319799.793, 140
Trd, 4319800.193, 139
Trd, 4319800.693, 87
Trd, 4319800.893, 68
Trd, 4319802.493, 139
Trd, 4319803.693, 140
Trd, 4319803.893, 140
Trd, 4319804.793, 139
Trd, 4319805.343, 138
Trd, 4319805.743, 140
Trd, 4319806.193, 137
Trd, 4319806.843, 140
Trd, 4319806.943, 110
Trd, 4319807.543, 134
Trd, 4319808.093, 140
Trd, 4319808.443, 140
Trd, 4319810.443, 140
Trd, 4319810.943, 140
Trd, 4319811.143, 140
Trd, 4319811.793, 140
Trd, 4319812.893, 139
Trd, 4319813.293, 125
Trd, 4319814.093, 140
Trd, 4319814.443, 98
Trd, 4319815.343, 140
Trd, 4319815.743, 140
Trd, 4319816.393, 139
Trd, 4319817.143, 139
Trd, 4319818.343, 140
Trd, 4319818.693, 140
Trd, 4319820.093, 140
Trd, 4319820.843, 139
Trd, 4319821.493, 140
Trd, 4319822.543, 140
Trd, 4319822.743, 140
Trd, 4319823.993, 140
Trd, 4319824.193, 140
Trd, 4319824.593, 139
Trd, 4319825.593, 140
Trd, 4319825.943, 133
Trd, 4319826.793, 139
Trd, 4319826.943, 139
Trd, 4319828.993, 140
Trd, 4319829.743, 139
Trd, 4319829.993, 139
Trd, 4319830.243, 138
Trd, 4319831.293, 140
Trd, 4319832.343, 139
Trd, 4319832.643, 137
Trd, 4319832.793, 120
Trd, 4319833.093, 140
Trd, 4319833.593, 66
Trd, 4319835.093, 140
Trd, 4319835.393, 139
Trd, 4319836.843, 140
Trd, 4319837.593, 140
Trd, 4319838.643, 140
Trd, 4319839.193, 140
Trd, 4319839.343, 139
Trd, 4319839.493, 139
Trd, 4319840.843, 140
Trd, 4319841.043, 136
Trd, 4319842.243, 139
Trd, 4319842.843, 140
Trd, 4319843.043, 108
Trd, 4319844.493, 140
Trd, 4319845.043, 139
Trd, 4319845.193, 136
Trd, 4319846.143, 138
Trd, 4319846.543, 137
Trd, 4319846.943, 138
Trd, 4319847.393, 101
Trd, 4319848.243, 61
Trd, 4319849.143, 60
Trd, 4319849.493, 70
Trd, 4319850.193, 140
Trd, 4319852.293, 140
Trd, 4319853.343, 140
Trd, 4319854.293, 140
Trd, 4319855.743, 138
Trd, 4319856.043, 140
Trd, 4319857.493, 140
Trd, 4319857.793, 140
Trd, 4319858.043, 140
Trd, 4319858.443, 140
Trd, 4319859.043, 140
Trd, 4319859.593, 140
Trd, 4319860.693, 140
Trd, 4319861.243, 140
Trd, 4319862.493, 140
Trd, 4319862.743, 106
Trd, 4319863.093, 66
Trd, 4319863.743, 139
Trd, 4319863.943, 139
Trd, 4319864.493, 126
Trd, 4319864.593, 96
Trd, 4319866.443, 139
Trd, 4319866.693, 139
Trd, 4319866.793, 138
Trd, 4319868.093, 140
Trd, 4319868.143, 138
Trd, 4319870.243, 140
Trd, 4319870.293, 139
Trd, 4319870.393, 119
Trd, 4319871.643, 60
Trd, 4319871.743, 61
Trd, 4319872.043, 134
Trd, 4319873.343, 138
Trd, 4319874.093, 140
Trd, 4319875.793, 140
Trd, 4319876.843, 140
Trd, 4319876.943, 140
Trd, 4319877.493, 140
Trd, 4319878.293, 140
Trd, 4319878.993, 140
Trd, 4319879.943, 140
Trd, 4319880.593, 62
Trd, 4319880.693, 64
Trd, 4319881.493, 138
Trd, 4319881.793, 139
Trd, 4319882.243, 128
Trd, 4319883.243, 106
Trd, 4319883.393, 132
Trd, 4319883.893, 139
Trd, 4319884.443, 138
Trd, 4319885.393, 65
Trd, 4319886.243, 60
Trd, 4319886.493, 61
Trd, 4319887.043, 63
Trd, 4319887.293, 63
Trd, 4319889.693, 140
Trd, 4319890.593, 140
Trd, 4319891.193, 140
Trd, 4319891.293, 140
Trd, 4319891.543, 114
Trd, 4319891.893, 69
Trd, 4319892.843, 75
Trd, 4319893.643, 63
Trd, 4319894.293, 61
Trd, 4319895.693, 139
Trd, 4319897.393, 140
Trd, 4319898.193, 140
Trd, 4319898.243, 140
Trd, 4319898.543, 140
Trd, 4319899.493, 140
Trd, 4319900.293, 140
Trd, 4319901.193, 140
Trd, 4319901.643, 140
Trd, 4319903.093, 140
Trd, 4319903.843, 138
Trd, 4319905.743, 140
Trd, 4319906.543, 140
Trd, 4319906.993, 140
Trd, 4319907.093, 139
Trd, 4319907.993, 139
Trd, 4319908.843, 140
Trd, 4319909.243, 139
Trd, 4319909.493, 66
Trd, 4319910.093, 125
Trd, 4319910.293, 139
Trd, 4319912.443, 140
Trd, 4319912.643, 140
Trd, 4319912.943, 140
Trd, 4319913.293, 134
Trd, 4319913.543, 140
Trd, 4319913.893, 117
Trd, 4319915.993, 139
Trd, 4319916.593, 138
Trd, 4319917.093, 140
Trd, 4319917.143, 137
Trd, 4319917.893, 138
Trd, 4319920.193, 140
Trd, 4319920.543, 137
Trd, 4319921.043, 139
Trd, 4319921.743, 140
Trd, 4319921.943, 126
Trd, 4319923.743, 139
Trd, 4319924.143, 134
Trd, 4319924.343, 140
Trd, 4319925.093, 140
Trd, 4319925.143, 115
Trd, 4319928.193, 140
Trd, 4319928.343, 140
Trd, 4319928.693, 140
Trd, 4319929.093, 140
Trd, 4319929.543, 140
Trd, 4319930.293, 139
Trd, 4319930.493, 140
Trd, 4319930.893, 138
Trd, 4319932.243, 140
Trd, 4319932.543, 139
Trd, 4319933.043, 139
Trd, 4319933.593, 140
Trd, 4319934.093, 128
Trd, 4319935.693, 140
Trd, 4319935.893, 116
Trd, 4319936.643, 105
Trd, 4319936.793, 84
Trd, 4319937.343, 97
Trd, 4319938.843, 140
Trd, 4319940.793, 140
Trd, 4319941.593, 140
Trd, 4319941.793, 138
Trd, 4319942.143, 138
Trd, 4319942.843, 140
Trd, 4319942.893, 133
Trd, 4319943.343, 140
Trd, 4319945.193, 109
Trd, 4319946.593, 140
Trd, 4319946.693, 139
Trd, 4319946.843, 138
Trd, 4319947.493, 105
Trd, 4319947.993, 139
Trd, 4319949.393, 138
Trd, 4319950.343, 60
Trd, 4319950.593, 60
Trd, 4319950.843, 118
Trd, 4319951.593, 140
Trd, 4319952.243, 140
Trd, 4319954.643, 140
Trd, 4319954.743, 140
Trd, 4319955.093, 140
Trd, 4319956.543, 140
Trd, 4319956.643, 125
Trd, 4319957.093, 60
Trd, 4319957.643, 63
Trd, 4319958.143, 66
Trd, 4319958.543, 107
Trd, 4319958.993, 138
Trd, 4319960.543, 140
Trd, 4319960.993, 140
Trd, 4319961.393, 140
Trd, 4319962.093, 140
Trd, 4319963.243, 63
Trd, 4319964.093, 72
Trd, 4319964.243, 140
Trd, 4319964.493, 116
Trd, 4319965.243, 140
Trd, 4319967.493, 140
Trd, 4319968.343, 140
Trd, 4319968.393, 140
Trd, 4319968.543, 138
Trd, 4319969.243, 134
Trd, 4319970.343, 140
Trd, 4319971.693, 140
Trd, 4319973.493, 140
Trd, 4319973.693, 140
Trd, 4319974.443, 140
Trd, 4319975.043, 140
Trd, 4319975.693, 140
Trd, 4319976.143, 140
Trd, 4319977.543, 140
Trd, 4319979.143, 140
Trd, 4319980.243, 140
Trd, 4319980.743, 140
Trd, 4319980.793, 140
Trd, 4319982.943, 140
Trd, 4319982.993, 140
Trd, 4319983.793, 140
Trd, 4319983.993, 139
Trd, 4319984.643, 139
Trd, 4319984.843, 140
Trd, 4319985.243, 140
Trd, 4319985.793, 117
Trd, 4319986.043, 139
Trd, 4319987.093, 140
Trd, 4319987.643, 140
Trd, 4319988.293, 140
Trd, 4319989.293, 140
Trd, 4319990.243, 138
Trd, 4319990.343, 90
Trd, 4319991.243, 140
Trd, 4319992.443, 140
Trd, 4319992.643, 140
Trd, 4319994.493, 140
Trd, 4319994.593, 140
Trd, 4319994.693, 140
Trd, 4319995.043, 140
Trd, 4319995.693, 139
Trd, 4319995.843, 139
Trd, 4319996.343, 69
Trd, 4319997.143, 139
Trd, 4319997.343, 139
Trd, 4319998.143, 140
Trd, 4319998.743, 140
Trd, 4319999.643, 140
