Trd, 4318121.893, 140
Trd, 4318122.293, 140
Trd, 4318123.943, 139
Trd, 4318124.343, 105
Trd, 4318124.443, 93
Trd, 4318124.943, 88
Trd, 4318125.043, 139
Trd, 4318125.443, 87
Trd, 4318126.493, 95
Trd, 4318126.593, 69
Trd, 4318127.643, 128
Trd, 4318128.143, 137
Trd, 4318128.493, 115
Trd, 4318128.893, 140
Trd, 4318129.643, 138
Trd, 4318130.343, 140
Trd, 4318130.893, 139
Trd, 4318131.493, 96
Trd, 4318132.593, 140
Trd, 4318133.143, 139
Trd, 4318133.243, 140
Trd, 4318135.093, 62
Trd, 4318135.293, 129
Trd, 4318135.543, 119
Trd, 4318136.993, 63
Trd, 4318137.043, 137
Trd, 4318137.543, 117
Trd, 4318138.593, 63
Trd, 4318139.843, 60
Trd, 4318139.893, 71
Trd, 4318140.193, 140
Trd, 4318141.493, 140
Trd, 4318141.793, 140
Trd, 4318142.893, 140
Trd, 4318142.993, 106
Trd, 4318145.943, 140
Trd, 4318146.343, 140
Trd, 4318148.943, 140
Trd, 4318149.343, 140
Trd, 4318150.293, 140
Trd, 4318150.443, 139
Trd, 4318150.893, 137
Trd, 4318151.493, 136
Trd, 4318151.793, 137
Trd, 4318152.693, 102
Trd, 4318152.793, 98
Trd, 4318153.193, 139
Trd, 4318153.643, 71
Trd, 4318155.393, 140
Trd, 4318155.443, 140
Trd, 4318156.243, 86
Trd, 4318156.993, 70
Trd, 4318158.993, 139
Trd, 4318159.093, 137
Trd, 4318159.393, 113
Trd, 4318159.843, 140
Trd, 4318160.093, 140
Trd, 4318161.293, 122
Trd, 4318162.593, 87
Trd, 4318162.843, 140
Trd, 4318163.943, 139
Trd, 4318164.543, 140
Trd, 4318166.843, 140
Trd, 4318167.193, 140
Trd, 4318169.093, 140
Trd, 4318169.193, 139
Trd, 4318169.243, 124
Trd, 4318170.243, 140
Trd, 4318171.993, 140
Trd, 4318172.093, 139
Trd, 4318173.043, 137
Trd, 4318173.743, 138
Trd, 4318174.043, 137
Trd, 4318174.543, 140
Trd, 4318176.243, 140
Trd, 4318177.043, 140
Trd, 4318177.943, 140
Trd, 4318178.093, 65
Trd, 4318179.393, 140
Trd, 4318179.643, 125
Trd, 4318179.893, 60
Trd, 4318182.593, 140
Trd, 4318183.243, 138
Trd, 4318183.293, 122
Trd, 4318183.643, 98
Trd, 4318184.993, 140
Trd, 4318185.043, 140
Trd, 4318186.193, 140
Trd, 4318186.743, 140
Trd, 4318187.393, 97
Trd, 4318187.593, 97
Trd, 4318190.393, 140
Trd, 4318190.743, 140
Trd, 4318191.243, 140
Trd, 4318191.543, 138
Trd, 4318191.643, 137
Trd, 4318191.943, 119
Trd, 4318192.143, 139
Trd, 4318194.443, 140
Trd, 4318195.443, 140
Trd, 4318196.043, 140
Trd, 4318197.143, 138
Trd, 4318197.793, 123
Trd, 4318198.893, 140
Trd, 4318199.593, 119
Trd, 4318200.393, 133
Trd, 4318202.643, 140
Trd, 4318203.393, 140
Trd, 4318204.243, 140
Trd, 4318204.443, 140
Trd, 4318204.493, 135
Trd, 4318204.743, 64
Trd, 4318205.543, 140
Trd, 4318207.143, 140
Trd, 4318207.993, 136
Trd, 4318208.093, 107
Trd, 4318208.893, 140
Trd, 4318209.243, 140
Trd, 4318209.293, 133
Trd, 4318210.693, 140
Trd, 4318211.493, 60
Trd, 4318211.593, 60
Trd, 4318213.043, 135
Trd, 4318213.293, 118
Trd, 4318214.143, 117
Trd, 4318214.743, 138
Trd, 4318215.443, 137
Trd, 4318215.693, 138
Trd, 4318216.293, 136
Trd, 4318218.693, 140
Trd, 4318218.793, 139
Trd, 4318219.493, 140
Trd, 4318219.843, 140
Trd, 4318220.843, 140
Trd, 4318222.543, 140
Trd, 4318223.293, 140
Trd, 4318223.743, 130
Trd, 4318224.293, 137
Trd, 4318224.793, 100
Trd, 4318225.243, 140
Trd, 4318227.143, 140
Trd, 4318227.243, 140
Trd, 4318227.543, 138
Trd, 4318228.843, 139
Trd, 4318230.193, 140
Trd, 4318231.043, 140
Trd, 4318231.493, 138
Trd, 4318231.743, 135
Trd, 4318231.993, 127
Trd, 4318232.243, 87
Trd, 4318232.943, 139
Trd, 4318233.093, 74
Trd, 4318233.193, 136
Trd, 4318233.643, 138
Trd, 4318233.993, 128
Trd, 4318235.493, 122
Trd, 4318235.593, 137
Trd, 4318235.843, 91
Trd, 4318236.093, 135
Trd, 4318237.293, 60
Trd, 4318238.243, 60
Trd, 4318240.043, 64
Trd, 4318240.893, 61
Trd, 4318241.993, 60
Trd, 4318242.093, 60
Trd, 4318242.843, 60
Trd, 4318243.043, 60
Trd, 4318243.243, 63
Trd, 4318243.493, 62
Trd, 4318243.943, 140
Trd, 4318245.393, 140
Trd, 4318245.593, 140
Trd, 4318245.693, 139
Trd, 4318245.843, 138
Trd, 4318245.943, 73
Trd, 4318246.093, 70
Trd, 4318247.643, 140
Trd, 4318247.943, 140
Trd, 4318248.193, 140
Trd, 4318249.693, 140
Trd, 4318250.143, 111
Trd, 4318250.993, 140
Trd, 4318252.593, 112
Trd, 4318253.143, 140
Trd, 4318253.193, 111
Trd, 4318255.693, 140
Trd, 4318256.393, 140
Trd, 4318256.943, 131
Trd, 4318257.843, 140
Trd, 4318258.393, 62
Trd, 4318259.343, 140
Trd, 4318259.843, 140
Trd, 4318262.943, 140
Trd, 4318262.993, 140
Trd, 4318263.093, 140
Trd, 4318263.243, 139
Trd, 4318264.493, 139
Trd, 4318264.993, 137
Trd, 4318265.493, 129
Trd, 4318265.643, 127
Trd, 4318266.343, 139
Trd, 4318268.143, 134
Trd, 4318268.843, 117
Trd, 4318269.293, 140
Trd, 4318270.293, 137
Trd, 4318270.593, 133
Trd, 4318271.543, 136
Trd, 4318271.743, 132
Trd, 4318272.543, 140
Trd, 4318272.643, 139
Trd, 4318274.043, 114
Trd, 4318274.243, 64
Trd, 4318274.943, 110
Trd, 4318275.793, 140
Trd, 4318275.843, 140
Trd, 4318276.543, 140
Trd, 4318276.743, 94
Trd, 4318277.293, 134
Trd, 4318277.443, 100
Trd, 4318279.443, 140
Trd, 4318279.493, 140
Trd, 4318279.893, 139
Trd, 4318280.493, 135
Trd, 4318282.043, 135
Trd, 4318282.493, 111
Trd, 4318283.193, 140
Trd, 4318283.743, 88
Trd, 4318285.893, 140
Trd, 4318286.843, 140
Trd, 4318286.893, 139
Trd, 4318287.043, 139
Trd, 4318287.643, 136
Trd, 4318290.593, 137
Trd, 4318291.193, 139
Trd, 4318292.343, 140
Trd, 4318292.743, 140
Trd, 4318293.193, 139
Trd, 4318293.243, 139
Trd, 4318293.593, 139
Trd, 4318294.443, 139
Trd, 4318296.393, 138
Trd, 4318296.743, 140
Trd, 4318297.243, 139
Trd, 4318297.543, 76
Trd, 4318297.643, 70
Trd, 4318298.693, 140
Trd, 4318299.093, 136
Trd, 4318300.593, 60
Trd, 4318301.143, 61
Trd, 4318301.493, 63
Trd, 4318302.043, 64
Trd, 4318303.243, 74
Trd, 4318304.193, 127
Trd, 4318304.643, 119
Trd, 4318305.393, 140
Trd, 4318306.443, 133
Trd, 4318307.293, 140
Trd, 4318307.393, 140
Trd, 4318307.593, 100
Trd, 4318307.643, 99
Trd, 4318308.793, 140
Trd, 4318309.093, 138
Trd, 4318310.643, 138
Trd, 4318310.993, 105
Trd, 4318311.993, 62
Trd, 4318312.343, 62
Trd, 4318312.443, 63
Trd, 4318312.593, 90
Trd, 4318314.793, 62
Trd, 4318314.893, 79
Trd, 4318316.243, 68
Trd, 4318317.043, 139
Trd, 4318318.043, 106
Trd, 4318318.343, 120
Trd, 4318318.843, 105
Trd, 4318319.443, 121
Trd, 4318321.143, 114
Trd, 4318321.993, 136
Trd, 4318322.143, 135
Trd, 4318323.093, 140
Trd, 4318324.043, 140
Trd, 4318324.293, 140
Trd, 4318325.043, 139
Trd, 4318325.743, 140
Trd, 4318325.893, 140
Trd, 4318326.693, 119
Trd, 4318326.893, 139
Trd, 4318327.093, 138
Trd, 4318328.093, 139
Trd, 4318328.843, 139
Trd, 4318331.043, 121
Trd, 4318331.493, 127
Trd, 4318331.593, 126
Trd, 4318332.393, 61
Trd, 4318332.543, 69
Trd, 4318332.743, 69
Trd, 4318333.293, 70
Trd, 4318333.943, 64
Trd, 4318335.493, 138
Trd, 4318335.843, 140
Trd, 4318337.593, 137
Trd, 4318337.993, 135
Trd, 4318339.543, 140
Trd, 4318340.143, 122
Trd, 4318340.293, 139
Trd, 4318341.493, 136
Trd, 4318342.093, 140
Trd, 4318342.393, 110
Trd, 4318343.993, 140
Trd, 4318344.593, 140
Trd, 4318344.643, 140
Trd, 4318346.193, 140
Trd, 4318346.243, 118
Trd, 4318346.593, 140
Trd, 4318346.943, 67
Trd, 4318347.943, 138
Trd, 4318350.693, 140
Trd, 4318350.743, 140
Trd, 4318351.493, 139
Trd, 4318352.043, 105
Trd, 4318352.443, 140
Trd, 4318353.143, 140
Trd, 4318353.843, 140
Trd, 4318354.643, 140
Trd, 4318354.793, 112
Trd, 4318355.993, 117
Trd, 4318356.043, 114
Trd, 4318356.543, 107
Trd, 4318358.443, 140
Trd, 4318358.693, 139
Trd, 4318359.793, 139
Trd, 4318360.193, 140
Trd, 4318361.143, 139
Trd, 4318361.893, 140
Trd, 4318362.043, 140
Trd, 4318363.343, 139
Trd, 4318364.093, 139
Trd, 4318365.993, 140
Trd, 4318367.293, 140
Trd, 4318367.643, 139
Trd, 4318367.843, 139
Trd, 4318368.793, 140
Trd, 4318369.293, 140
Trd, 4318369.393, 139
Trd, 4318370.993, 139
Trd, 4318371.393, 140
Trd, 4318372.093, 139
Trd, 4318372.743, 137
Trd, 4318373.743, 140
Trd, 4318373.843, 140
Trd, 4318374.293, 139
Trd, 4318375.793, 139
Trd, 4318376.443, 140
Trd, 4318376.593, 139
Trd, 4318376.693, 88
Trd, 4318377.243, 71
Trd, 4318378.343, 132
Trd, 4318379.043, 121
Trd, 4318379.743, 129
Trd, 4318380.443, 60
Trd, 4318381.693, 60
Trd, 4318382.293, 60
Trd, 4318383.093, 61
Trd, 4318383.493, 64
Trd, 4318383.793, 65
Trd, 4318384.793, 140
Trd, 4318385.693, 68
Trd, 4318386.193, 69
Trd, 4318387.343, 70
Trd, 4318388.193, 62
Trd, 4318388.793, 64
Trd, 4318389.593, 96
Trd, 4318389.743, 138
Trd, 4318389.793, 126
Trd, 4318390.043, 89
Trd, 4318390.193, 64
Trd, 4318392.143, 140
Trd, 4318392.193, 140
Trd, 4318392.843, 140
Trd, 4318393.343, 140
Trd, 4318394.743, 140
Trd, 4318395.393, 140
Trd, 4318396.893, 139
Trd, 4318396.943, 138
Trd, 4318399.143, 140
Trd, 4318399.993, 139
Trd, 4318400.243, 139
Trd, 4318400.593, 139
Trd, 4318401.943, 140
Trd, 4318402.893, 140
Trd, 4318403.093, 137
Trd, 4318403.493, 130
Trd, 4318405.243, 118
Trd, 4318405.743, 122
Trd, 4318405.993, 104
Trd, 4318406.293, 103
Trd, 4318406.343, 102
Trd, 4318407.593, 140
Trd, 4318409.243, 140
Trd, 4318409.543, 129
Trd, 4318409.743, 100
Trd, 4318409.893, 86
Trd, 4318411.143, 140
Trd, 4318412.893, 140
Trd, 4318412.943, 140
Trd, 4318413.293, 140
Trd, 4318413.893, 138
Trd, 4318414.343, 139
Trd, 4318416.293, 140
Trd, 4318416.443, 139
Trd, 4318418.393, 140
Trd, 4318418.493, 139
Trd, 4318418.993, 139
Trd, 4318419.243, 137
Trd, 4318419.393, 118
Trd, 4318419.943, 81
Trd, 4318420.343, 130
Trd, 4318421.393, 140
Trd, 4318421.543, 139
Trd, 4318422.293, 132
Trd, 4318424.393, 140
Trd, 4318425.293, 140
Trd, 4318425.843, 140
Trd, 4318426.693, 139
Trd, 4318427.743, 138
Trd, 4318428.693, 140
Trd, 4318429.143, 140
Trd, 4318430.443, 140
Trd, 4318431.243, 139
Trd, 4318431.443, 90
Trd, 4318433.093, 121
Trd, 4318433.493, 120
Trd, 4318433.793, 137
Trd, 4318435.443, 140
Trd, 4318435.893, 140
Trd, 4318436.393, 97
Trd, 4318437.193, 128
Trd, 4318437.643, 114
Trd, 4318438.193, 114
Trd, 4318439.743, 140
Trd, 4318440.343, 140
Trd, 4318440.843, 137
Trd, 4318441.593, 132
Trd, 4318442.843, 140
Trd, 4318444.493, 140
Trd, 4318444.543, 140
Trd, 4318444.943, 140
Trd, 4318446.393, 140
Trd, 4318447.293, 140
Trd, 4318448.293, 140
Trd, 4318448.343, 140
Trd, 4318449.493, 140
Trd, 4318450.093, 135
Trd, 4318450.543, 136
Trd, 4318451.693, 137
Trd, 4318451.743, 90
Trd, 4318453.443, 140
Trd, 4318453.993, 138
Trd, 4318454.443, 130
Trd, 4318454.643, 123
Trd, 4318455.093, 133
Trd, 4318455.493, 132
Trd, 4318455.593, 130
Trd, 4318456.193, 62
Trd, 4318456.543, 140
Trd, 4318457.993, 88
Trd, 4318459.643, 140
Trd, 4318459.743, 139
Trd, 4318459.843, 135
Trd, 4318461.693, 140
Trd, 4318461.893, 140
Trd, 4318462.043, 118
Trd, 4318462.743, 105
Trd, 4318463.643, 139
Trd, 4318464.293, 138
Trd, 4318465.393, 139
Trd, 4318467.393, 119
Trd, 4318468.293, 128
Trd, 4318468.693, 124
Trd, 4318468.743, 90
Trd, 4318468.893, 129
Trd, 4318469.293, 122
Trd, 4318470.443, 63
Trd, 4318470.793, 110
Trd, 4318471.043, 109
Trd, 4318471.393, 111
Trd, 4318471.493, 82
Trd, 4318472.893, 140
Trd, 4318474.293, 140
Trd, 4318474.393, 140
Trd, 4318475.843, 140
Trd, 4318477.093, 140
Trd, 4318477.243, 139
Trd, 4318477.393, 136
Trd, 4318477.643, 131
Trd, 4318477.793, 130
Trd, 4318478.243, 140
Trd, 4318478.593, 107
Trd, 4318479.243, 125
Trd, 4318481.493, 95
Trd, 4318481.593, 81
Trd, 4318482.193, 140
Trd, 4318482.943, 138
Trd, 4318483.443, 128
Trd, 4318483.693, 126
Trd, 4318484.843, 139
Trd, 4318486.043, 140
Trd, 4318486.843, 139
Trd, 4318487.043, 135
Trd, 4318487.643, 126
Trd, 4318489.743, 139
Trd, 4318492.493, 140
Trd, 4318492.543, 139
Trd, 4318492.893, 140
Trd, 4318493.493, 140
Trd, 4318495.593, 140
Trd, 4318496.143, 140
Trd, 4318496.443, 140
Trd, 4318497.743, 139
Trd, 4318497.943, 138
Trd, 4318498.743, 137
Trd, 4318500.193, 140
Trd, 4318500.593, 110
Trd, 4318502.193, 140
Trd, 4318502.293, 137
Trd, 4318502.443, 135
Trd, 4318503.643, 106
Trd, 4318504.743, 129
Trd, 4318506.493, 140
Trd, 4318506.993, 92
Trd, 4318507.093, 90
Trd, 4318509.243, 140
Trd, 4318511.443, 140
Trd, 4318511.843, 140
Trd, 4318512.293, 140
Trd, 4318512.543, 139
Trd, 4318513.343, 121
Trd, 4318514.843, 140
Trd, 4318514.993, 140
Trd, 4318515.843, 140
Trd, 4318516.443, 113
Trd, 4318517.543, 140
Trd, 4318519.143, 140
Trd, 4318519.343, 140
Trd, 4318520.443, 140
Trd, 4318520.743, 69
Trd, 4318520.893, 118
Trd, 4318521.193, 138
Trd, 4318522.943, 94
Trd, 4318523.443, 94
Trd, 4318524.393, 128
Trd, 4318524.643, 106
Trd, 4318525.993, 106
Trd, 4318526.843, 140
Trd, 4318526.943, 139
Trd, 4318527.743, 139
Trd, 4318527.943, 70
Trd, 4318528.343, 140
Trd, 4318529.093, 62
Trd, 4318529.343, 98
Trd, 4318530.743, 69
Trd, 4318531.093, 60
Trd, 4318531.493, 60
Trd, 4318531.593, 61
Trd, 4318531.643, 61
Trd, 4318531.693, 112
Trd, 4318533.043, 110
Trd, 4318533.143, 139
Trd, 4318534.493, 89
Trd, 4318534.543, 100
Trd, 4318536.493, 60
Trd, 4318537.243, 60
Trd, 4318538.193, 60
Trd, 4318538.293, 65
Trd, 4318539.843, 70
Trd, 4318541.343, 140
Trd, 4318541.693, 140
Trd, 4318542.893, 140
Trd, 4318543.243, 138
Trd, 4318543.493, 139
Trd, 4318544.543, 132
Trd, 4318544.643, 119
Trd, 4318544.743, 96
Trd, 4318546.243, 140
Trd, 4318548.643, 140
Trd, 4318549.043, 140
Trd, 4318549.443, 140
Trd, 4318549.743, 140
Trd, 4318549.793, 137
Trd, 4318550.543, 126
Trd, 4318550.643, 140
Trd, 4318550.893, 114
Trd, 4318553.393, 140
Trd, 4318555.143, 140
Trd, 4318556.243, 140
Trd, 4318556.343, 140
Trd, 4318556.743, 134
Trd, 4318557.493, 139
Trd, 4318558.543, 138
Trd, 4318559.193, 140
Trd, 4318559.493, 140
Trd, 4318560.393, 95
Trd, 4318561.543, 121
Trd, 4318561.793, 134
Trd, 4318561.943, 136
Trd, 4318562.643, 138
Trd, 4318562.843, 139
Trd, 4318564.743, 98
Trd, 4318565.193, 127
Trd, 4318565.243, 78
Trd, 4318565.593, 62
Trd, 4318565.943, 140
Trd, 4318568.043, 140
Trd, 4318569.293, 71
Trd, 4318570.343, 61
Trd, 4318573.293, 60
Trd, 4318573.643, 63
Trd, 4318573.693, 99
Trd, 4318573.793, 119
Trd, 4318574.193, 63
Trd, 4318574.643, 97
Trd, 4318575.393, 140
Trd, 4318576.143, 64
Trd, 4318576.543, 74
Trd, 4318577.243, 64
Trd, 4318577.493, 63
Trd, 4318578.393, 140
Trd, 4318578.743, 137
Trd, 4318579.343, 102
Trd, 4318580.393, 140
Trd, 4318580.843, 138
Trd, 4318580.893, 136
Trd, 4318581.343, 96
Trd, 4318582.693, 140
Trd, 4318583.743, 77
Trd, 4318584.793, 60
Trd, 4318585.743, 60
Trd, 4318586.143, 60
Trd, 4318586.743, 66
Trd, 4318587.093, 67
Trd, 4318587.543, 60
Trd, 4318587.843, 73
Trd, 4318588.943, 61
Trd, 4318589.193, 136
Trd, 4318589.343, 139
Trd, 4318590.143, 140
Trd, 4318591.193, 81
Trd, 4318591.943, 76
Trd, 4318592.193, 68
Trd, 4318593.693, 107
Trd, 4318594.943, 61
Trd, 4318595.143, 73
Trd, 4318595.743, 63
Trd, 4318596.643, 139
Trd, 4318597.493, 140
Trd, 4318597.643, 78
Trd, 4318598.493, 69
Trd, 4318599.493, 62
Trd, 4318599.943, 64
Trd, 4318600.143, 63
Trd, 4318600.243, 60
Trd, 4318600.943, 74
Trd, 4318601.293, 140
Trd, 4318603.543, 140
Trd, 4318603.693, 129
Trd, 4318603.993, 125
Trd, 4318604.793, 139
Trd, 4318605.093, 80
Trd, 4318605.993, 66
Trd, 4318606.043, 71
Trd, 4318607.393, 116
Trd, 4318607.493, 64
Trd, 4318608.693, 60
Trd, 4318609.043, 118
Trd, 4318610.143, 64
Trd, 4318610.343, 65
Trd, 4318610.693, 76
Trd, 4318613.343, 140
Trd, 4318613.843, 140
Trd, 4318613.993, 140
Trd, 4318614.093, 140
Trd, 4318614.143, 140
Trd, 4318615.093, 138
Trd, 4318616.243, 138
Trd, 4318616.593, 127
Trd, 4318617.043, 133
Trd, 4318618.443, 85
Trd, 4318618.793, 84
Trd, 4318619.343, 86
Trd, 4318619.543, 97
Trd, 4318620.393, 122
Trd, 4318620.543, 140
Trd, 4318621.993, 138
Trd, 4318622.343, 84
Trd, 4318622.543, 69
Trd, 4318622.943, 69
Trd, 4318623.593, 136
Trd, 4318624.293, 132
Trd, 4318624.993, 60
Trd, 4318625.943, 92
Trd, 4318626.093, 98
Trd, 4318626.543, 136
Trd, 4318626.743, 75
Trd, 4318628.993, 60
Trd, 4318629.893, 60
Trd, 4318630.793, 61
Trd, 4318631.243, 62
Trd, 4318631.443, 66
Trd, 4318631.543, 69
Trd, 4318633.093, 60
Trd, 4318633.743, 70
Trd, 4318634.043, 60
Trd, 4318634.943, 60
Trd, 4318635.343, 69
Trd, 4318635.993, 61
Trd, 4318636.593, 140
Trd, 4318636.693, 140
Trd, 4318638.593, 140
Trd, 4318638.943, 140
Trd, 4318639.193, 140
Trd, 4318639.743, 139
Trd, 4318640.493, 139
Trd, 4318640.993, 138
Trd, 4318641.843, 121
Trd, 4318643.093, 129
Trd, 4318643.543, 136
Trd, 4318643.943, 101
Trd, 4318644.643, 140
Trd, 4318645.193, 106
Trd, 4318645.993, 139
Trd, 4318646.543, 140
Trd, 4318647.193, 138
Trd, 4318648.043, 139
Trd, 4318649.343, 108
Trd, 4318650.043, 92
Trd, 4318650.593, 80
Trd, 4318651.343, 87
Trd, 4318652.693, 129
Trd, 4318653.243, 129
Trd, 4318653.693, 140
Trd, 4318654.993, 139
Trd, 4318655.793, 140
Trd, 4318656.543, 140
Trd, 4318658.393, 140
Trd, 4318659.493, 140
Trd, 4318659.643, 140
Trd, 4318660.893, 140
Trd, 4318661.243, 140
Trd, 4318661.443, 138
Trd, 4318661.843, 100
Trd, 4318663.093, 140
Trd, 4318665.093, 140
Trd, 4318665.143, 138
Trd, 4318665.293, 127
Trd, 4318667.543, 140
Trd, 4318667.993, 140
Trd, 4318668.043, 139
Trd, 4318668.543, 136
Trd, 4318669.043, 123
Trd, 4318669.193, 60
Trd, 4318669.443, 137
Trd, 4318670.393, 74
Trd, 4318670.443, 73
Trd, 4318671.693, 100
Trd, 4318671.943, 92
Trd, 4318672.593, 65
Trd, 4318672.893, 60
Trd, 4318675.443, 60
Trd, 4318675.643, 60
Trd, 4318675.943, 60
Trd, 4318676.393, 60
Trd, 4318676.893, 70
Trd, 4318677.693, 140
Trd, 4318678.493, 97
Trd, 4318679.193, 139
Trd, 4318679.893, 139
Trd, 4318681.193, 126
Trd, 4318681.443, 125
Trd, 4318681.893, 96
Trd, 4318682.693, 62
Trd, 4318683.393, 138
Trd, 4318685.293, 140
Trd, 4318687.243, 140
Trd, 4318687.693, 140
Trd, 4318688.843, 140
Trd, 4318689.093, 140
Trd, 4318689.143, 139
Trd, 4318689.193, 138
Trd, 4318689.343, 117
Trd, 4318690.793, 111
Trd, 4318691.293, 140
Trd, 4318693.043, 140
Trd, 4318694.293, 140
Trd, 4318695.443, 140
Trd, 4318696.293, 140
Trd, 4318696.693, 140
Trd, 4318698.193, 140
Trd, 4318698.393, 140
Trd, 4318699.593, 140
Trd, 4318699.843, 139
Trd, 4318700.493, 137
Trd, 4318700.593, 136
Trd, 4318701.043, 136
Trd, 4318701.943, 139
Trd, 4318704.143, 113
Trd, 4318704.793, 61
Trd, 4318705.743, 140
Trd, 4318705.943, 140
Trd, 4318706.543, 138
Trd, 4318706.743, 71
Trd, 4318707.293, 60
Trd, 4318707.693, 139
Trd, 4318709.043, 139
Trd, 4318710.493, 139
Trd, 4318711.593, 107
Trd, 4318712.143, 89
Trd, 4318712.693, 70
Trd, 4318714.843, 60
Trd, 4318715.143, 61
Trd, 4318715.193, 62
Trd, 4318715.243, 65
Trd, 4318715.593, 139
Trd, 4318716.943, 69
Trd, 4318718.293, 140
Trd, 4318718.493, 140
Trd, 4318718.643, 140
Trd, 4318719.243, 116
Trd, 4318719.543, 117
Trd, 4318720.393, 63
Trd, 4318721.343, 65
Trd, 4318721.743, 69
Trd, 4318722.443, 88
Trd, 4318723.543, 128
Trd, 4318723.743, 127
Trd, 4318724.293, 140
Trd, 4318724.343, 139
Trd, 4318725.943, 137
Trd, 4318727.143, 61
Trd, 4318727.343, 62
Trd, 4318728.743, 60
Trd, 4318729.243, 76
Trd, 4318730.343, 61
Trd, 4318730.643, 77
Trd, 4318731.043, 62
Trd, 4318731.293, 67
Trd, 4318732.243, 140
Trd, 4318733.493, 138
Trd, 4318733.843, 121
Trd, 4318734.143, 120
Trd, 4318735.243, 139
Trd, 4318736.493, 113
Trd, 4318737.143, 139
Trd, 4318738.743, 111
Trd, 4318738.843, 112
Trd, 4318738.993, 109
Trd, 4318739.993, 97
Trd, 4318740.193, 95
Trd, 4318740.393, 94
Trd, 4318741.693, 140
Trd, 4318742.843, 139
Trd, 4318743.143, 63
Trd, 4318743.843, 140
Trd, 4318744.343, 62
Trd, 4318744.893, 67
Trd, 4318745.193, 68
Trd, 4318745.943, 97
Trd, 4318746.493, 112
Trd, 4318747.193, 86
Trd, 4318748.293, 133
Trd, 4318748.693, 140
Trd, 4318750.743, 140
Trd, 4318751.893, 140
Trd, 4318752.243, 140
Trd, 4318753.893, 140
Trd, 4318754.243, 140
Trd, 4318754.293, 140
Trd, 4318755.493, 139
Trd, 4318755.693, 140
Trd, 4318756.493, 140
Trd, 4318757.093, 140
Trd, 4318757.293, 138
Trd, 4318758.093, 102
Trd, 4318759.593, 139
Trd, 4318759.993, 140
Trd, 4318760.043, 138
Trd, 4318760.643, 137
Trd, 4318761.893, 140
Trd, 4318764.243, 140
Trd, 4318764.843, 140
Trd, 4318764.943, 139
Trd, 4318765.043, 137
Trd, 4318765.943, 136
Trd, 4318766.893, 140
Trd, 4318769.643, 140
Trd, 4318770.243, 140
Trd, 4318770.343, 140
Trd, 4318771.293, 137
Trd, 4318772.493, 140
Trd, 4318773.043, 140
Trd, 4318773.443, 140
Trd, 4318773.693, 132
Trd, 4318774.093, 106
Trd, 4318774.393, 60
Trd, 4318776.693, 140
Trd, 4318776.943, 140
Trd, 4318777.443, 140
Trd, 4318777.793, 139
Trd, 4318778.143, 127
Trd, 4318778.393, 65
Trd, 4318779.243, 61
Trd, 4318779.693, 60
Trd, 4318780.293, 68
Trd, 4318781.093, 69
Trd, 4318783.343, 60
Trd, 4318783.593, 62
Trd, 4318783.743, 111
Trd, 4318784.393, 104
Trd, 4318785.643, 133
Trd, 4318786.143, 66
Trd, 4318786.993, 140
Trd, 4318787.793, 140
Trd, 4318787.943, 140
Trd, 4318788.793, 124
Trd, 4318789.943, 94
Trd, 4318790.493, 105
Trd, 4318790.843, 140
Trd, 4318790.893, 107
Trd, 4318791.793, 126
Trd, 4318792.243, 140
Trd, 4318792.543, 140
Trd, 4318793.543, 140
Trd, 4318793.743, 117
Trd, 4318794.393, 140
Trd, 4318795.393, 137
Trd, 4318797.343, 137
Trd, 4318797.893, 136
Trd, 4318798.143, 136
Trd, 4318798.243, 126
Trd, 4318799.043, 137
Trd, 4318799.743, 106
Trd, 4318800.893, 128
Trd, 4318801.043, 106
Trd, 4318801.893, 93
Trd, 4318802.443, 140
Trd, 4318803.093, 95
Trd, 4318803.493, 119
Trd, 4318804.693, 139
Trd, 4318804.743, 138
Trd, 4318805.493, 139
Trd, 4318805.993, 103
Trd, 4318806.293, 96
Trd, 4318806.843, 60
Trd, 4318807.093, 60
Trd, 4318808.843, 140
Trd, 4318809.443, 140
Trd, 4318810.093, 140
Trd, 4318810.893, 140
Trd, 4318811.093, 139
Trd, 4318812.393, 139
Trd, 4318813.143, 140
Trd, 4318813.843, 93
Trd, 4318816.793, 140
Trd, 4318817.693, 139
Trd, 4318818.793, 107
Trd, 4318819.093, 122
Trd, 4318820.993, 140
Trd, 4318821.143, 140
Trd, 4318822.093, 140
Trd, 4318823.993, 140
Trd, 4318825.293, 139
Trd, 4318825.593, 140
Trd, 4318825.643, 131
Trd, 4318826.493, 140
Trd, 4318826.843, 138
Trd, 4318827.193, 91
Trd, 4318828.443, 140
Trd, 4318828.743, 140
Trd, 4318830.593, 130
Trd, 4318830.993, 118
Trd, 4318831.293, 140
Trd, 4318831.943, 137
Trd, 4318833.493, 83
Trd, 4318833.693, 140
Trd, 4318833.743, 85
Trd, 4318834.743, 79
Trd, 4318834.893, 71
Trd, 4318835.993, 140
Trd, 4318836.043, 121
Trd, 4318839.493, 140
Trd, 4318840.193, 140
Trd, 4318840.243, 140
Trd, 4318840.343, 140
Trd, 4318840.993, 140
Trd, 4318842.243, 140
Trd, 4318843.543, 140
Trd, 4318843.893, 138
Trd, 4318844.443, 138
Trd, 4318844.693, 137
Trd, 4318845.743, 139
Trd, 4318846.593, 101
Trd, 4318847.643, 103
Trd, 4318848.343, 85
Trd, 4318849.193, 140
Trd, 4318850.343, 140
Trd, 4318851.043, 101
Trd, 4318852.193, 140
Trd, 4318852.593, 139
Trd, 4318853.193, 129
Trd, 4318853.493, 128
Trd, 4318853.643, 61
Trd, 4318854.843, 140
Trd, 4318857.943, 140
Trd, 4318857.993, 140
Trd, 4318859.043, 140
Trd, 4318859.343, 139
Trd, 4318860.793, 140
Trd, 4318861.393, 139
Trd, 4318861.993, 140
Trd, 4318862.793, 140
Trd, 4318862.843, 139
Trd, 4318864.193, 140
Trd, 4318864.343, 140
Trd, 4318865.393, 62
Trd, 4318865.893, 60
Trd, 4318865.993, 138
Trd, 4318866.593, 64
Trd, 4318867.443, 64
Trd, 4318867.993, 140
Trd, 4318868.543, 133
Trd, 4318869.593, 140
Trd, 4318869.993, 129
Trd, 4318870.443, 64
Trd, 4318871.843, 71
Trd, 4318872.893, 63
Trd, 4318874.893, 93
Trd, 4318874.943, 94
Trd, 4318875.843, 61
Trd, 4318877.493, 70
Trd, 4318877.793, 70
Trd, 4318877.893, 71
Trd, 4318878.843, 61
Trd, 4318878.943, 106
Trd, 4318879.243, 64
Trd, 4318879.843, 66
Trd, 4318880.393, 131
Trd, 4318881.243, 73
Trd, 4318881.393, 84
Trd, 4318882.093, 132
Trd, 4318883.143, 140
Trd, 4318883.293, 140
Trd, 4318883.743, 139
Trd, 4318885.543, 66
Trd, 4318886.243, 139
Trd, 4318887.243, 140
Trd, 4318887.693, 140
Trd, 4318888.293, 140
Trd, 4318888.543, 140
Trd, 4318889.393, 140
Trd, 4318890.043, 121
Trd, 4318890.793, 104
Trd, 4318891.343, 67
Trd, 4318891.693, 112
Trd, 4318893.093, 64
Trd, 4318893.843, 64
Trd, 4318894.243, 65
Trd, 4318894.293, 78
Trd, 4318894.593, 114
Trd, 4318895.143, 63
Trd, 4318895.843, 81
Trd, 4318896.043, 85
Trd, 4318897.043, 83
Trd, 4318897.793, 84
Trd, 4318898.693, 115
Trd, 4318899.193, 140
Trd, 4318899.943, 137
Trd, 4318900.743, 139
Trd, 4318901.993, 140
Trd, 4318902.443, 140
Trd, 4318902.943, 140
Trd, 4318905.793, 140
Trd, 4318905.993, 140
Trd, 4318907.093, 140
Trd, 4318907.143, 140
Trd, 4318907.543, 140
Trd, 4318907.893, 140
Trd, 4318908.043, 140
Trd, 4318908.143, 138
Trd, 4318909.193, 132
Trd, 4318909.843, 99
Trd, 4318910.293, 140
Trd, 4318911.143, 86
Trd, 4318911.643, 82
Trd, 4318912.093, 133
Trd, 4318913.343, 64
Trd, 4318913.493, 65
Trd, 4318914.243, 114
Trd, 4318914.543, 93
Trd, 4318915.093, 135
Trd, 4318915.843, 134
Trd, 4318917.743, 94
Trd, 4318918.293, 139
Trd, 4318918.543, 138
Trd, 4318918.643, 114
Trd, 4318919.293, 112
Trd, 4318920.943, 132
Trd, 4318920.993, 131
Trd, 4318921.593, 139
Trd, 4318922.343, 140
Trd, 4318923.143, 140
Trd, 4318923.893, 140
Trd, 4318924.993, 120
Trd, 4318925.643, 120
Trd, 4318925.743, 114
Trd, 4318926.743, 129
Trd, 4318927.843, 72
Trd, 4318928.293, 140
Trd, 4318929.393, 139
Trd, 4318930.193, 140
Trd, 4318930.343, 138
Trd, 4318932.093, 137
Trd, 4318932.293, 119
Trd, 4318932.443, 115
Trd, 4318932.943, 140
Trd, 4318933.593, 140
Trd, 4318934.143, 140
Trd, 4318935.293, 140
Trd, 4318935.693, 91
Trd, 4318936.693, 88
Trd, 4318938.793, 69
Trd, 4318939.043, 97
Trd, 4318939.693, 124
Trd, 4318940.293, 140
Trd, 4318941.193, 140
Trd, 4318941.593, 140
Trd, 4318943.143, 62
Trd, 4318943.343, 139
Trd, 4318943.643, 138
Trd, 4318943.993, 140
Trd, 4318944.943, 140
Trd, 4318945.343, 107
Trd, 4318945.493, 89
Trd, 4318946.693, 60
Trd, 4318947.293, 140
Trd, 4318947.693, 139
Trd, 4318948.043, 140
Trd, 4318949.493, 140
Trd, 4318950.043, 138
Trd, 4318950.543, 126
Trd, 4318952.043, 138
Trd, 4318953.243, 139
Trd, 4318953.543, 138
Trd, 4318953.693, 137
Trd, 4318954.843, 139
Trd, 4318956.043, 140
Trd, 4318956.743, 140
Trd, 4318957.093, 140
Trd, 4318957.643, 140
Trd, 4318959.893, 140
Trd, 4318960.843, 140
Trd, 4318960.943, 140
Trd, 4318961.293, 140
Trd, 4318961.343, 140
Trd, 4318961.443, 134
Trd, 4318962.993, 139
Trd, 4318964.543, 140
Trd, 4318964.693, 138
Trd, 4318965.193, 99
Trd, 4318965.593, 134
Trd, 4318966.543, 136
Trd, 4318967.343, 67
Trd, 4318967.643, 61
Trd, 4318968.393, 60
Trd, 4318969.443, 139
Trd, 4318970.393, 65
Trd, 4318970.443, 95
Trd, 4318971.393, 139
Trd, 4318972.043, 139
Trd, 4318973.343, 113
Trd, 4318974.343, 107
Trd, 4318974.443, 95
Trd, 4318975.243, 80
Trd, 4318975.843, 139
Trd, 4318977.243, 140
Trd, 4318977.443, 140
Trd, 4318977.943, 139
Trd, 4318978.643, 139
Trd, 4318979.643, 140
Trd, 4318980.743, 129
Trd, 4318981.343, 115
Trd, 4318981.893, 117
Trd, 4318982.543, 139
Trd, 4318983.443, 129
Trd, 4318983.993, 128
Trd, 4318984.393, 134
Trd, 4318985.093, 140
Trd, 4318985.593, 93
Trd, 4318985.743, 71
Trd, 4318986.343, 110
Trd, 4318987.393, 139
Trd, 4318988.893, 140
Trd, 4318989.793, 140
Trd, 4318990.743, 140
Trd, 4318991.093, 140
Trd, 4318991.493, 139
Trd, 4318992.593, 140
Trd, 4318994.643, 140
Trd, 4318994.843, 139
Trd, 4318995.743, 140
Trd, 4318996.443, 140
Trd, 4318996.843, 140
Trd, 4318997.393, 101
Trd, 4318998.743, 140
Trd, 4318999.493, 137
Trd, 4319000.393, 126
Trd, 4319001.143, 95
Trd, 4319001.293, 69
Trd, 4319002.293, 96
Trd, 4319002.993, 98
Trd, 4319003.593, 66
Trd, 4319003.993, 61
Trd, 4319004.593, 76
Trd, 4319005.843, 140
Trd, 4319006.093, 140
Trd, 4319006.643, 140
Trd, 4319007.893, 140
Trd, 4319008.593, 137
Trd, 4319009.143, 100
Trd, 4319010.843, 139
Trd, 4319011.293, 140
Trd, 4319012.243, 140
Trd, 4319012.493, 140
Trd, 4319012.643, 140
Trd, 4319014.393, 140
Trd, 4319014.743, 113
Trd, 4319014.793, 139
Trd, 4319015.993, 139
Trd, 4319016.543, 139
Trd, 4319016.893, 90
Trd, 4319017.193, 65
Trd, 4319017.643, 71
Trd, 4319018.493, 140
Trd, 4319018.743, 140
Trd, 4319018.993, 136
Trd, 4319019.343, 135
Trd, 4319019.393, 74
Trd, 4319021.193, 60
Trd, 4319021.493, 61
Trd, 4319022.243, 140
Trd, 4319023.243, 140
Trd, 4319024.293, 140
Trd, 4319025.743, 140
Trd, 4319026.043, 140
Trd, 4319026.343, 139
Trd, 4319027.443, 138
Trd, 4319027.493, 137
Trd, 4319031.393, 140
Trd, 4319031.743, 140
Trd, 4319031.943, 140
Trd, 4319032.293, 138
Trd, 4319032.393, 137
Trd, 4319032.543, 104
Trd, 4319033.193, 140
Trd, 4319033.843, 137
Trd, 4319036.043, 140
Trd, 4319036.643, 140
Trd, 4319036.693, 140
Trd, 4319037.143, 140
Trd, 4319037.293, 139
Trd, 4319038.243, 134
Trd, 4319039.043, 138
Trd, 4319039.543, 139
Trd, 4319039.693, 89
Trd, 4319039.993, 69
Trd, 4319040.693, 74
Trd, 4319040.843, 74
Trd, 4319042.293, 73
Trd, 4319042.843, 76
Trd, 4319043.293, 120
Trd, 4319044.193, 76
Trd, 4319044.343, 64
Trd, 4319044.693, 77
Trd, 4319045.043, 139
Trd, 4319045.993, 60
Trd, 4319047.293, 140
Trd, 4319049.193, 140
Trd, 4319049.793, 140
Trd, 4319050.093, 140
Trd, 4319050.343, 140
Trd, 4319051.243, 140
Trd, 4319051.493, 139
Trd, 4319051.843, 140
Trd, 4319052.043, 131
Trd, 4319053.493, 140
Trd, 4319056.543, 140
Trd, 4319056.893, 140
Trd, 4319057.443, 140
Trd, 4319057.643, 140
Trd, 4319057.893, 140
Trd, 4319058.343, 135
Trd, 4319059.393, 140
Trd, 4319059.843, 140
Trd, 4319060.043, 140
Trd, 4319060.743, 75
Trd, 4319062.043, 140
Trd, 4319062.243, 140
Trd, 4319063.793, 140
Trd, 4319064.293, 140
Trd, 4319064.843, 139
Trd, 4319064.893, 78
Trd, 4319065.293, 61
Trd, 4319065.493, 61
Trd, 4319067.343, 109
Trd, 4319067.393, 108
Trd, 4319068.993, 114
Trd, 4319069.493, 62
Trd, 4319069.843, 74
Trd, 4319071.343, 61
Trd, 4319071.443, 62
Trd, 4319072.143, 65
Trd, 4319073.193, 140
Trd, 4319073.593, 139
Trd, 4319074.093, 140
Trd, 4319075.243, 140
Trd, 4319075.593, 139
Trd, 4319075.893, 121
Trd, 4319076.043, 106
Trd, 4319076.343, 125
Trd, 4319077.243, 139
Trd, 4319079.243, 140
Trd, 4319079.993, 140
Trd, 4319080.193, 140
Trd, 4319080.743, 140
Trd, 4319080.843, 126
Trd, 4319081.843, 140
Trd, 4319083.293, 140
Trd, 4319083.393, 90
Trd, 4319084.693, 140
Trd, 4319084.743, 140
Trd, 4319086.143, 138
Trd, 4319087.493, 140
Trd, 4319088.493, 140
Trd, 4319088.843, 139
Trd, 4319090.393, 134
Trd, 4319090.543, 121
Trd, 4319090.643, 139
Trd, 4319091.143, 69
Trd, 4319092.193, 140
Trd, 4319093.343, 140
Trd, 4319093.443, 140
Trd, 4319093.493, 140
Trd, 4319094.993, 140
Trd, 4319095.443, 93
Trd, 4319095.493, 93
Trd, 4319097.643, 140
Trd, 4319097.843, 140
Trd, 4319098.693, 140
Trd, 4319098.893, 140
Trd, 4319099.393, 138
Trd, 4319101.993, 140
Trd, 4319102.043, 139
Trd, 4319102.993, 140
Trd, 4319103.243, 140
Trd, 4319104.493, 140
Trd, 4319105.243, 140
Trd, 4319105.943, 140
Trd, 4319107.243, 140
Trd, 4319109.893, 140
Trd, 4319110.393, 140
Trd, 4319111.043, 140
Trd, 4319111.643, 140
Trd, 4319111.793, 98
Trd, 4319113.093, 140
Trd, 4319113.993, 140
Trd, 4319114.843, 139
Trd, 4319116.843, 140
Trd, 4319116.943, 140
Trd, 4319117.243, 140
Trd, 4319119.143, 138
Trd, 4319119.493, 112
Trd, 4319119.693, 133
Trd, 4319120.343, 60
Trd, 4319121.643, 61
Trd, 4319122.143, 68
Trd, 4319122.343, 108
Trd, 4319123.293, 139
Trd, 4319123.693, 65
Trd, 4319125.843, 60
Trd, 4319126.043, 61
Trd, 4319127.843, 60
Trd, 4319128.043, 60
Trd, 4319128.643, 60
Trd, 4319128.893, 60
Trd, 4319129.043, 66
Trd, 4319129.393, 64
Trd, 4319129.993, 140
Trd, 4319130.793, 140
Trd, 4319131.743, 71
Trd, 4319133.893, 60
Trd, 4319134.143, 61
Trd, 4319134.393, 66
Trd, 4319135.193, 108
Trd, 4319135.893, 109
Trd, 4319136.043, 134
Trd, 4319137.093, 63
Trd, 4319137.193, 97
Trd, 4319137.593, 138
Trd, 4319138.143, 137
Trd, 4319138.793, 60
Trd, 4319138.893, 60
Trd, 4319139.143, 65
Trd, 4319139.843, 61
Trd, 4319140.543, 66
Trd, 4319140.693, 61
Trd, 4319141.043, 137
Trd, 4319142.393, 140
Trd, 4319143.243, 140
Trd, 4319144.443, 98
Trd, 4319144.993, 67
Trd, 4319146.493, 60
Trd, 4319146.543, 60
Trd, 4319146.593, 61
Trd, 4319147.793, 67
Trd, 4319148.893, 94
Trd, 4319149.243, 95
Trd, 4319149.693, 89
Trd, 4319150.193, 101
Trd, 4319151.443, 61
Trd, 4319152.543, 60
Trd, 4319152.993, 60
Trd, 4319153.043, 60
Trd, 4319153.243, 60
Trd, 4319153.443, 61
Trd, 4319154.293, 91
Trd, 4319154.743, 77
Trd, 4319155.743, 63
Trd, 4319156.193, 60
Trd, 4319157.493, 75
Trd, 4319158.943, 65
Trd, 4319159.343, 78
Trd, 4319159.693, 87
Trd, 4319159.743, 88
Trd, 4319160.293, 107
Trd, 4319160.893, 137
Trd, 4319161.043, 140
Trd, 4319161.243, 137
Trd, 4319162.743, 138
Trd, 4319163.593, 140
Trd, 4319164.493, 117
Trd, 4319165.793, 134
Trd, 4319166.043, 133
Trd, 4319166.693, 140
Trd, 4319168.243, 139
Trd, 4319168.343, 139
Trd, 4319169.643, 140
Trd, 4319169.843, 75
Trd, 4319170.743, 140
Trd, 4319170.943, 136
Trd, 4319172.693, 117
Trd, 4319173.293, 110
Trd, 4319173.343, 109
Trd, 4319173.493, 139
Trd, 4319174.943, 140
Trd, 4319175.043, 140
Trd, 4319175.443, 139
Trd, 4319176.043, 130
Trd, 4319177.243, 140
Trd, 4319179.093, 140
Trd, 4319180.093, 140
Trd, 4319180.193, 139
Trd, 4319181.643, 140
Trd, 4319182.043, 139
Trd, 4319182.793, 138
Trd, 4319183.143, 130
Trd, 4319184.693, 137
Trd, 4319184.943, 98
Trd, 4319185.493, 88
Trd, 4319185.543, 137
Trd, 4319185.843, 138
Trd, 4319186.393, 132
Trd, 4319187.293, 140
Trd, 4319187.943, 105
Trd, 4319189.943, 140
Trd, 4319190.293, 139
Trd, 4319191.543, 140
Trd, 4319191.793, 140
Trd, 4319192.093, 75
Trd, 4319193.293, 127
Trd, 4319193.393, 126
Trd, 4319194.093, 140
Trd, 4319194.643, 130
Trd, 4319195.593, 117
Trd, 4319195.693, 67
Trd, 4319196.093, 139
Trd, 4319197.643, 139
Trd, 4319197.793, 138
Trd, 4319197.993, 96
Trd, 4319199.193, 140
Trd, 4319199.493, 140
Trd, 4319200.043, 91
Trd, 4319201.943, 139
Trd, 4319202.593, 101
Trd, 4319204.493, 140
Trd, 4319204.543, 140
Trd, 4319204.593, 140
Trd, 4319206.093, 137
Trd, 4319206.793, 69
Trd, 4319207.143, 139
Trd, 4319207.643, 129
Trd, 4319207.743, 100
Trd, 4319207.843, 135
Trd, 4319207.893, 136
Trd, 4319210.093, 100
Trd, 4319210.193, 98
Trd, 4319211.093, 114
Trd, 4319211.543, 132
Trd, 4319211.793, 61
Trd, 4319212.243, 61
Trd, 4319212.443, 87
Trd, 4319213.493, 133
Trd, 4319214.543, 85
Trd, 4319215.893, 64
Trd, 4319216.293, 65
Trd, 4319216.893, 79
Trd, 4319218.393, 140
Trd, 4319218.843, 140
Trd, 4319219.843, 140
Trd, 4319220.143, 140
Trd, 4319220.793, 140
Trd, 4319222.443, 139
Trd, 4319223.493, 140
Trd, 4319223.543, 138
Trd, 4319224.843, 103
Trd, 4319224.893, 102
Trd, 4319224.993, 107
Trd, 4319225.343, 138
Trd, 4319225.793, 93
Trd, 4319226.043, 74
Trd, 4319226.593, 138
Trd, 4319228.393, 61
Trd, 4319229.643, 69
Trd, 4319229.793, 80
Trd, 4319229.893, 65
Trd, 4319230.093, 66
Trd, 4319231.543, 89
Trd, 4319232.093, 65
Trd, 4319232.693, 61
Trd, 4319233.793, 67
Trd, 4319234.293, 63
Trd, 4319234.693, 140
Trd, 4319236.093, 140
Trd, 4319236.393, 139
Trd, 4319237.593, 68
Trd, 4319238.293, 94
Trd, 4319239.243, 60
Trd, 4319239.343, 65
Trd, 4319239.393, 128
Trd, 4319240.493, 110
Trd, 4319241.893, 140
Trd, 4319241.943, 140
Trd, 4319243.543, 101
Trd, 4319244.343, 140
Trd, 4319244.843, 140
Trd, 4319246.243, 139
Trd, 4319246.543, 140
Trd, 4319247.493, 133
Trd, 4319248.093, 138
Trd, 4319248.993, 63
Trd, 4319249.343, 69
Trd, 4319250.393, 60
Trd, 4319250.593, 61
Trd, 4319251.143, 139
Trd, 4319251.393, 88
Trd, 4319252.043, 139
Trd, 4319252.843, 137
Trd, 4319253.993, 137
Trd, 4319254.293, 137
Trd, 4319255.943, 60
Trd, 4319256.193, 65
Trd, 4319257.093, 140
Trd, 4319258.543, 140
Trd, 4319259.043, 140
Trd, 4319259.193, 140
Trd, 4319259.343, 139
Trd, 4319259.543, 120
Trd, 4319259.593, 87
Trd, 4319260.443, 86
Trd, 4319260.543, 138
Trd, 4319261.493, 68
Trd, 4319262.243, 124
Trd, 4319262.693, 124
Trd, 4319263.043, 133
Trd, 4319264.043, 87
Trd, 4319264.693, 139
Trd, 4319265.493, 87
Trd, 4319266.093, 140
Trd, 4319266.843, 104
Trd, 4319267.393, 103
Trd, 4319268.343, 137
Trd, 4319269.843, 62
Trd, 4319270.043, 61
Trd, 4319270.143, 96
Trd, 4319271.143, 67
Trd, 4319271.443, 68
Trd, 4319272.543, 137
Trd, 4319272.643, 136
Trd, 4319273.743, 138
Trd, 4319274.243, 64
Trd, 4319274.593, 127
Trd, 4319275.493, 63
Trd, 4319276.393, 64
Trd, 4319277.243, 60
Trd, 4319277.593, 62
Trd, 4319277.643, 65
Trd, 4319279.143, 60
Trd, 4319279.543, 60
Trd, 4319280.343, 84
Trd, 4319280.943, 60
Trd, 4319280.993, 85
Trd, 4319281.643, 138
Trd, 4319283.343, 140
Trd, 4319284.143, 140
Trd, 4319284.293, 131
Trd, 4319284.393, 84
Trd, 4319284.993, 140
Trd, 4319287.093, 140
Trd, 4319287.193, 140
Trd, 4319287.543, 139
Trd, 4319288.693, 127
Trd, 4319289.543, 110
Trd, 4319289.793, 118
Trd, 4319290.143, 140
Trd, 4319290.343, 62
Trd, 4319291.643, 139
Trd, 4319292.343, 94
Trd, 4319292.493, 93
Trd, 4319292.993, 139
Trd, 4319293.793, 60
Trd, 4319295.093, 60
Trd, 4319295.243, 60
Trd, 4319296.493, 69
Trd, 4319296.643, 70
Trd, 4319297.243, 136
Trd, 4319299.393, 136
Trd, 4319299.593, 124
Trd, 4319299.943, 140
Trd, 4319300.893, 140
Trd, 4319301.793, 140
Trd, 4319302.193, 140
Trd, 4319302.293, 118
Trd, 4319303.243, 67
Trd, 4319303.943, 65
Trd, 4319304.143, 66
Trd, 4319306.243, 139
Trd, 4319306.943, 91
Trd, 4319307.943, 139
Trd, 4319309.493, 140
Trd, 4319309.743, 140
Trd, 4319310.093, 139
Trd, 4319310.393, 139
Trd, 4319311.943, 140
Trd, 4319312.693, 67
Trd, 4319314.693, 140
Trd, 4319314.793, 140
Trd, 4319314.943, 76
Trd, 4319315.343, 66
Trd, 4319316.843, 133
Trd, 4319317.043, 98
Trd, 4319317.093, 97
Trd, 4319317.493, 140
Trd, 4319317.993, 140
Trd, 4319318.343, 114
Trd, 4319318.943, 63
Trd, 4319319.043, 64
Trd, 4319319.943, 60
Trd, 4319320.643, 72
Trd, 4319320.843, 65
Trd, 4319321.793, 112
Trd, 4319322.443, 63
Trd, 4319322.943, 60
Trd, 4319323.493, 60
Trd, 4319324.293, 60
Trd, 4319325.293, 77
Trd, 4319325.643, 87
Trd, 4319326.093, 63
Trd, 4319326.643, 88
Trd, 4319327.893, 89
Trd, 4319328.043, 130
Trd, 4319328.243, 69
Trd, 4319328.943, 60
Trd, 4319329.843, 128
Trd, 4319330.693, 75
Trd, 4319331.693, 82
Trd, 4319333.543, 72
Trd, 4319333.893, 60
Trd, 4319333.943, 61
Trd, 4319334.493, 65
Trd, 4319335.393, 74
Trd, 4319335.693, 65
Trd, 4319336.093, 66
Trd, 4319336.843, 68
Trd, 4319339.143, 140
Trd, 4319339.693, 139
Trd, 4319340.443, 65
Trd, 4319341.193, 95
Trd, 4319341.793, 61
Trd, 4319341.943, 66
Trd, 4319342.693, 140
Trd, 4319343.043, 60
Trd, 4319343.893, 63
Trd, 4319344.293, 63
Trd, 4319345.393, 60
Trd, 4319345.593, 60
Trd, 4319345.693, 67
Trd, 4319347.093, 104
Trd, 4319347.943, 138
Trd, 4319348.093, 77
Trd, 4319350.093, 60
Trd, 4319350.793, 60
Trd, 4319350.893, 60
Trd, 4319351.943, 60
Trd, 4319352.343, 60
Trd, 4319352.693, 67
Trd, 4319352.793, 72
Trd, 4319354.043, 138
Trd, 4319354.843, 62
Trd, 4319355.043, 65
Trd, 4319355.643, 139
Trd, 4319355.993, 119
Trd, 4319357.043, 108
Trd, 4319357.343, 67
Trd, 4319357.843, 103
Trd, 4319358.393, 65
Trd, 4319358.643, 114
Trd, 4319359.143, 140
Trd, 4319360.743, 67
Trd, 4319361.793, 126
Trd, 4319362.943, 140
Trd, 4319363.143, 140
Trd, 4319363.293, 140
Trd, 4319365.593, 140
Trd, 4319367.193, 140
Trd, 4319367.443, 140
Trd, 4319367.543, 140
Trd, 4319367.993, 140
Trd, 4319368.043, 137
Trd, 4319368.593, 97
Trd, 4319369.343, 60
Trd, 4319369.493, 60
Trd, 4319370.193, 68
Trd, 4319371.043, 60
Trd, 4319371.093, 65
Trd, 4319372.643, 140
Trd, 4319373.543, 88
Trd, 4319373.793, 110
Trd, 4319374.193, 92
Trd, 4319374.543, 111
Trd, 4319374.943, 100
Trd, 4319375.643, 87
Trd, 4319376.893, 140
Trd, 4319377.143, 140
Trd, 4319378.193, 111
Trd, 4319379.243, 80
Trd, 4319379.793, 138
Trd, 4319382.243, 140
Trd, 4319383.643, 140
Trd, 4319384.543, 140
Trd, 4319386.193, 140
Trd, 4319386.693, 140
Trd, 4319387.243, 140
Trd, 4319387.543, 139
Trd, 4319387.893, 136
Trd, 4319388.693, 136
Trd, 4319389.343, 140
Trd, 4319390.193, 140
Trd, 4319391.693, 140
Trd, 4319391.993, 140
Trd, 4319392.493, 140
Trd, 4319392.593, 133
Trd, 4319392.793, 82
Trd, 4319394.893, 138
Trd, 4319396.843, 140
Trd, 4319397.443, 140
Trd, 4319398.043, 140
Trd, 4319398.543, 140
Trd, 4319399.393, 132
Trd, 4319399.693, 115
Trd, 4319402.243, 140
Trd, 4319402.593, 140
Trd, 4319403.143, 138
Trd, 4319404.693, 140
Trd, 4319405.193, 140
Trd, 4319406.443, 119
Trd, 4319406.543, 119
Trd, 4319406.643, 93
Trd, 4319406.893, 135
Trd, 4319408.043, 135
Trd, 4319409.493, 121
Trd, 4319409.593, 113
Trd, 4319410.293, 87
Trd, 4319411.193, 140
Trd, 4319411.293, 140
Trd, 4319412.043, 119
Trd, 4319412.743, 74
Trd, 4319413.743, 78
Trd, 4319413.993, 104
Trd, 4319414.043, 105
Trd, 4319414.843, 128
Trd, 4319415.843, 140
Trd, 4319416.843, 140
Trd, 4319417.793, 140
Trd, 4319418.093, 140
Trd, 4319420.143, 140
Trd, 4319421.093, 140
Trd, 4319421.193, 140
Trd, 4319421.843, 140
Trd, 4319422.793, 140
Trd, 4319423.193, 139
Trd, 4319423.793, 140
Trd, 4319424.443, 134
Trd, 4319424.993, 81
Trd, 4319425.493, 140
Trd, 4319425.893, 140
Trd, 4319426.643, 103
Trd, 4319427.843, 140
Trd, 4319428.443, 140
Trd, 4319429.543, 140
Trd, 4319430.193, 139
Trd, 4319430.593, 85
Trd, 4319431.293, 66
Trd, 4319431.543, 138
Trd, 4319432.493, 83
Trd, 4319433.993, 101
Trd, 4319434.143, 98
Trd, 4319434.893, 138
Trd, 4319435.843, 104
Trd, 4319436.093, 102
Trd, 4319436.243, 67
Trd, 4319438.043, 136
Trd, 4319438.143, 115
Trd, 4319439.243, 139
Trd, 4319440.743, 140
Trd, 4319441.193, 140
Trd, 4319441.893, 140
Trd, 4319442.293, 140
Trd, 4319443.593, 140
Trd, 4319444.743, 140
Trd, 4319445.643, 140
Trd, 4319445.693, 135
Trd, 4319446.393, 125
Trd, 4319447.493, 140
Trd, 4319449.593, 140
Trd, 4319449.843, 140
Trd, 4319451.193, 139
Trd, 4319451.843, 138
Trd, 4319452.393, 98
Trd, 4319452.743, 140
Trd, 4319454.493, 140
Trd, 4319455.243, 140
Trd, 4319455.343, 139
Trd, 4319455.543, 129
Trd, 4319457.493, 140
Trd, 4319457.643, 140
Trd, 4319457.993, 130
Trd, 4319458.093, 117
Trd, 4319458.243, 139
Trd, 4319459.693, 140
Trd, 4319460.943, 140
Trd, 4319461.593, 138
Trd, 4319462.743, 139
Trd, 4319464.043, 140
Trd, 4319464.343, 139
Trd, 4319464.593, 137
Trd, 4319465.793, 140
Trd, 4319466.243, 139
Trd, 4319466.293, 138
Trd, 4319467.243, 135
Trd, 4319467.393, 140
Trd, 4319468.243, 140
Trd, 4319469.793, 140
Trd, 4319470.143, 140
Trd, 4319471.193, 140
Trd, 4319471.693, 96
Trd, 4319473.143, 140
Trd, 4319473.643, 140
Trd, 4319474.293, 140
Trd, 4319474.493, 139
Trd, 4319475.343, 131
Trd, 4319475.393, 110
Trd, 4319475.943, 140
Trd, 4319476.943, 101
Trd, 4319477.293, 87
Trd, 4319477.893, 70
Trd, 4319479.493, 60
Trd, 4319480.393, 60
Trd, 4319481.093, 60
Trd, 4319481.543, 60
Trd, 4319482.193, 60
Trd, 4319482.243, 60
Trd, 4319483.093, 62
Trd, 4319483.443, 61
Trd, 4319483.843, 64
Trd, 4319484.243, 138
Trd, 4319484.343, 140
Trd, 4319485.593, 63
Trd, 4319486.043, 61
Trd, 4319487.693, 99
Trd, 4319487.993, 68
Trd, 4319488.493, 60
Trd, 4319488.793, 66
Trd, 4319489.243, 79
Trd, 4319490.043, 70
Trd, 4319490.793, 62
Trd, 4319491.493, 122
Trd, 4319492.393, 140
Trd, 4319495.343, 140
Trd, 4319495.543, 140
Trd, 4319497.143, 140
Trd, 4319497.693, 140
Trd, 4319498.493, 140
Trd, 4319498.593, 139
Trd, 4319498.693, 100
Trd, 4319499.443, 138
Trd, 4319500.293, 134
Trd, 4319500.443, 136
Trd, 4319500.993, 140
Trd, 4319502.193, 96
Trd, 4319502.993, 140
Trd, 4319503.693, 138
Trd, 4319504.693, 140
Trd, 4319504.793, 139
Trd, 4319504.943, 136
Trd, 4319507.993, 140
Trd, 4319508.193, 140
Trd, 4319508.493, 140
Trd, 4319508.893, 129
Trd, 4319508.993, 98
Trd, 4319509.493, 137
Trd, 4319510.893, 140
Trd, 4319512.143, 102
Trd, 4319513.443, 140
Trd, 4319514.793, 140
Trd, 4319515.793, 139
Trd, 4319516.293, 138
Trd, 4319516.393, 137
Trd, 4319516.793, 140
Trd, 4319518.293, 140
Trd, 4319520.093, 140
Trd, 4319520.193, 139
Trd, 4319520.393, 138
Trd, 4319521.493, 136
Trd, 4319522.193, 109
Trd, 4319522.343, 89
Trd, 4319523.493, 140
Trd, 4319524.593, 139
Trd, 4319524.993, 139
Trd, 4319526.243, 139
Trd, 4319526.343, 137
Trd, 4319527.193, 128
Trd, 4319528.343, 128
Trd, 4319529.993, 140
Trd, 4319530.093, 137
Trd, 4319531.143, 140
Trd, 4319531.643, 140
Trd, 4319531.693, 140
Trd, 4319531.993, 75
Trd, 4319532.193, 66
Trd, 4319533.693, 140
Trd, 4319534.493, 140
Trd, 4319535.543, 140
Trd, 4319538.643, 140
Trd, 4319539.343, 140
Trd, 4319540.143, 140
Trd, 4319540.293, 140
Trd, 4319540.493, 140
Trd, 4319540.843, 138
Trd, 4319542.893, 140
Trd, 4319542.943, 140
Trd, 4319543.093, 115
Trd, 4319543.843, 60
Trd, 4319543.943, 61
Trd, 4319545.743, 63
Trd, 4319545.943, 61
Trd, 4319546.593, 67
Trd, 4319546.943, 66
Trd, 4319546.993, 72
Trd, 4319549.143, 60
Trd, 4319549.793, 60
Trd, 4319550.143, 70
Trd, 4319551.843, 63
Trd, 4319552.493, 64
Trd, 4319552.593, 69
Trd, 4319552.793, 85
Trd, 4319553.543, 140
Trd, 4319554.843, 99
Trd, 4319555.243, 129
Trd, 4319555.343, 128
Trd, 4319556.943, 76
Trd, 4319557.293, 111
Trd, 4319558.343, 101
Trd, 4319559.093, 118
Trd, 4319559.343, 111
Trd, 4319561.643, 140
Trd, 4319561.843, 140
Trd, 4319561.993, 138
Trd, 4319562.193, 115
Trd, 4319562.593, 63
Trd, 4319563.543, 139
Trd, 4319564.393, 123
Trd, 4319566.643, 60
Trd, 4319566.993, 60
Trd, 4319567.393, 61
Trd, 4319567.543, 66
Trd, 4319567.843, 140
Trd, 4319568.893, 64
Trd, 4319568.993, 121
Trd, 4319569.543, 140
Trd, 4319569.593, 140
Trd, 4319570.143, 105
Trd, 4319571.543, 108
Trd, 4319572.093, 107
Trd, 4319573.343, 90
Trd, 4319574.843, 62
Trd, 4319575.293, 66
Trd, 4319576.243, 139
Trd, 4319576.493, 139
Trd, 4319577.593, 140
Trd, 4319578.743, 140
Trd, 4319579.093, 140
Trd, 4319579.643, 140
Trd, 4319580.843, 140
Trd, 4319581.043, 140
Trd, 4319581.243, 132
Trd, 4319581.743, 139
Trd, 4319581.893, 140
Trd, 4319582.393, 138
Trd, 4319584.143, 140
Trd, 4319584.193, 140
Trd, 4319584.443, 112
Trd, 4319584.993, 140
Trd, 4319585.393, 123
Trd, 4319587.293, 62
Trd, 4319587.793, 67
Trd, 4319589.093, 140
Trd, 4319589.143, 140
Trd, 4319589.393, 140
Trd, 4319590.443, 140
Trd, 4319591.393, 140
Trd, 4319591.693, 140
Trd, 4319591.843, 139
Trd, 4319592.793, 140
Trd, 4319593.993, 138
Trd, 4319594.343, 130
Trd, 4319594.693, 139
Trd, 4319596.093, 91
Trd, 4319596.293, 109
Trd, 4319596.543, 110
Trd, 4319597.193, 140
Trd, 4319598.143, 138
Trd, 4319598.543, 115
Trd, 4319599.493, 140
Trd, 4319600.143, 139
Trd, 4319601.243, 140
Trd, 4319602.493, 140
Trd, 4319602.543, 140
Trd, 4319604.243, 139
Trd, 4319604.343, 139
Trd, 4319604.643, 139
Trd, 4319605.043, 140
Trd, 4319605.993, 137
Trd, 4319606.793, 102
Trd, 4319606.893, 91
Trd, 4319609.093, 133
Trd, 4319609.693, 85
Trd, 4319611.043, 140
Trd, 4319611.293, 108
Trd, 4319611.843, 140
Trd, 4319612.293, 140
Trd, 4319613.343, 140
Trd, 4319613.843, 140
Trd, 4319615.043, 140
Trd, 4319616.743, 140
Trd, 4319617.543, 139
Trd, 4319618.043, 140
Trd, 4319618.243, 140
Trd, 4319618.993, 140
Trd, 4319619.893, 131
Trd, 4319620.093, 128
Trd, 4319621.993, 140
Trd, 4319623.093, 140
Trd, 4319623.243, 139
Trd, 4319623.743, 140
Trd, 4319624.343, 140
Trd, 4319624.493, 129
Trd, 4319626.043, 139
Trd, 4319626.243, 95
Trd, 4319627.643, 139
Trd, 4319628.043, 139
Trd, 4319628.093, 138
Trd, 4319628.193, 94
Trd, 4319628.543, 140
Trd, 4319628.643, 140
Trd, 4319629.043, 61
Trd, 4319630.543, 105
Trd, 4319631.193, 140
Trd, 4319633.243, 140
Trd, 4319633.593, 140
Trd, 4319633.743, 136
Trd, 4319635.443, 140
Trd, 4319636.143, 140
Trd, 4319636.493, 140
Trd, 4319636.843, 139
Trd, 4319637.293, 138
Trd, 4319637.593, 78
Trd, 4319637.693, 66
Trd, 4319639.343, 60
Trd, 4319639.393, 70
Trd, 4319639.593, 104
Trd, 4319640.943, 63
Trd, 4319641.993, 140
Trd, 4319642.793, 140
Trd, 4319643.843, 140
Trd, 4319644.643, 140
Trd, 4319644.993, 140
Trd, 4319646.943, 140
Trd, 4319647.143, 140
Trd, 4319648.793, 140
Trd, 4319648.993, 140
Trd, 4319650.093, 138
Trd, 4319650.343, 115
Trd, 4319650.493, 114
Trd, 4319650.843, 139
Trd, 4319651.043, 139
Trd, 4319652.293, 126
Trd, 4319652.493, 138
Trd, 4319653.593, 138
Trd, 4319654.043, 140
Trd, 4319654.893, 114
Trd, 4319655.843, 79
Trd, 4319656.093, 140
Trd, 4319656.193, 138
Trd, 4319657.093, 110
Trd, 4319658.893, 135
Trd, 4319659.143, 137
Trd, 4319659.193, 96
Trd, 4319660.493, 137
Trd, 4319661.393, 130
Trd, 4319662.143, 139
Trd, 4319662.393, 129
Trd, 4319662.993, 102
Trd, 4319663.443, 140
Trd, 4319665.143, 140
Trd, 4319665.343, 140
Trd, 4319666.693, 102
Trd, 4319667.093, 134
Trd, 4319667.593, 103
Trd, 4319668.793, 138
Trd, 4319669.043, 137
Trd, 4319670.743, 139
Trd, 4319670.943, 138
Trd, 4319671.093, 138
Trd, 4319671.343, 140
Trd, 4319672.343, 140
Trd, 4319673.643, 140
Trd, 4319674.643, 133
Trd, 4319674.743, 128
Trd, 4319675.793, 80
Trd, 4319675.843, 133
Trd, 4319677.143, 68
Trd, 4319677.343, 85
Trd, 4319677.693, 100
Trd, 4319677.793, 133
Trd, 4319678.743, 133
Trd, 4319679.393, 139
Trd, 4319680.343, 60
Trd, 4319681.693, 60
Trd, 4319681.993, 74
Trd, 4319682.143, 138
Trd, 4319683.443, 60
Trd, 4319683.793, 60
Trd, 4319684.143, 62
Trd, 4319684.843, 66
Trd, 4319685.243, 62
Trd, 4319686.193, 62
Trd, 4319686.543, 69
Trd, 4319686.643, 70
Trd, 4319687.493, 68
Trd, 4319688.193, 87
Trd, 4319688.843, 81
Trd, 4319688.893, 70
Trd, 4319689.393, 93
Trd, 4319689.743, 93
Trd, 4319691.343, 70
Trd, 4319693.443, 140
Trd, 4319693.793, 140
Trd, 4319694.093, 139
Trd, 4319694.293, 138
Trd, 4319695.543, 85
Trd, 4319696.193, 109
Trd, 4319696.293, 110
Trd, 4319696.793, 140
Trd, 4319697.743, 137
Trd, 4319699.993, 60
Trd, 4319700.693, 68
Trd, 4319700.893, 69
Trd, 4319701.743, 140
Trd, 4319701.993, 140
Trd, 4319703.243, 140
Trd, 4319703.393, 140
Trd, 4319703.893, 139
Trd, 4319705.143, 140
Trd, 4319705.543, 139
Trd, 4319706.143, 140
Trd, 4319706.643, 132
Trd, 4319707.393, 93
Trd, 4319709.493, 140
Trd, 4319710.793, 140
Trd, 4319710.843, 140
Trd, 4319711.893, 140
Trd, 4319712.193, 140
Trd, 4319712.293, 140
Trd, 4319713.593, 140
Trd, 4319713.743, 140
Trd, 4319714.143, 96
Trd, 4319714.543, 127
Trd, 4319714.743, 130
Trd, 4319715.043, 139
Trd, 4319716.193, 94
Trd, 4319718.293, 137
Trd, 4319718.643, 140
Trd, 4319719.193, 140
Trd, 4319719.593, 101
Trd, 4319720.293, 124
Trd, 4319721.043, 108
Trd, 4319721.493, 83
Trd, 4319722.543, 138
Trd, 4319724.043, 140
Trd, 4319724.793, 140
Trd, 4319725.193, 139
Trd, 4319725.543, 138
Trd, 4319725.643, 138
Trd, 4319725.793, 70
Trd, 4319728.243, 125
Trd, 4319729.143, 137
Trd, 4319729.243, 138
Trd, 4319730.193, 139
Trd, 4319730.293, 138
Trd, 4319730.393, 137
Trd, 4319730.993, 85
Trd, 4319732.843, 140
Trd, 4319733.693, 139
Trd, 4319733.793, 93
Trd, 4319735.293, 140
Trd, 4319735.743, 140
Trd, 4319736.293, 138
Trd, 4319736.593, 140
Trd, 4319737.143, 139
Trd, 4319737.643, 140
Trd, 4319738.793, 140
Trd, 4319739.793, 125
Trd, 4319740.493, 75
Trd, 4319740.543, 73
Trd, 4319741.293, 139
Trd, 4319741.493, 138
Trd, 4319742.443, 75
Trd, 4319743.093, 139
Trd, 4319744.543, 140
Trd, 4319744.693, 140
Trd, 4319746.743, 132
Trd, 4319746.893, 83
Trd, 4319747.093, 140
Trd, 4319748.093, 137
Trd, 4319749.593, 138
Trd, 4319749.643, 136
Trd, 4319749.843, 140
Trd, 4319751.043, 119
Trd, 4319751.343, 74
Trd, 4319751.493, 127
Trd, 4319752.143, 93
Trd, 4319755.143, 140
Trd, 4319755.343, 140
Trd, 4319755.993, 139
Trd, 4319756.093, 139
Trd, 4319756.793, 140
Trd, 4319757.893, 132
Trd, 4319758.143, 140
Trd, 4319758.293, 106
Trd, 4319759.843, 140
Trd, 4319762.593, 140
Trd, 4319762.843, 139
Trd, 4319763.693, 140
Trd, 4319764.093, 139
Trd, 4319764.693, 103
Trd, 4319764.793, 87
Trd, 4319765.243, 85
Trd, 4319765.593, 140
Trd, 4319765.943, 117
Trd, 4319765.993, 102
Trd, 4319767.443, 140
Trd, 4319767.793, 140
Trd, 4319769.443, 139
Trd, 4319771.393, 140
Trd, 4319771.443, 140
Trd, 4319772.543, 137
Trd, 4319772.893, 139
Trd, 4319773.343, 108
Trd, 4319773.443, 104
Trd, 4319774.043, 108
Trd, 4319774.893, 117
Trd, 4319775.693, 118
Trd, 4319776.543, 140
Trd, 4319776.943, 140
Trd, 4319777.093, 140
Trd, 4319779.543, 132
Trd, 4319779.793, 96
Trd, 4319779.993, 81
Trd, 4319780.593, 137
Trd, 4319780.843, 80
Trd, 4319781.593, 100
Trd, 4319781.943, 117
Trd, 4319782.493, 140
Trd, 4319783.143, 140
Trd, 4319783.443, 95
Trd, 4319784.643, 139
Trd, 4319785.293, 138
Trd, 4319785.843, 137
Trd, 4319786.793, 140
Trd, 4319787.343, 139
Trd, 4319788.093, 140
Trd, 4319788.743, 140
Trd, 4319789.993, 140
Trd, 4319790.043, 139
Trd, 4319790.893, 124
Trd, 4319791.893, 137
Trd, 4319791.943, 139
Trd, 4319792.243, 70
Trd, 4319792.693, 77
Trd, 4319793.543, 140
Trd, 4319793.643, 140
Trd, 4319794.693, 108
Trd, 4319794.743, 112
Trd, 4319795.243, 90
Trd, 4319796.093, 121
Trd, 4319798.343, 109
Trd, 4319798.393, 113
Trd, 4319799.843, 139
Trd, 4319800.543, 140
Trd, 4319800.743, 140
Trd, 4319800.893, 124
Trd, 4319801.943, 140
Trd, 4319802.293, 140
Trd, 4319802.693, 139
Trd, 4319802.993, 140
Trd, 4319804.593, 138
Trd, 4319804.743, 136
Trd, 4319806.893, 140
Trd, 4319807.043, 140
Trd, 4319807.093, 108
Trd, 4319808.293, 140
Trd, 4319808.693, 133
Trd, 4319809.593, 140
Trd, 4319810.243, 140
Trd, 4319811.493, 140
Trd, 4319812.293, 133
Trd, 4319813.043, 134
Trd, 4319813.193, 137
Trd, 4319814.643, 140
Trd, 4319815.093, 140
Trd, 4319815.693, 103
Trd, 4319817.093, 97
Trd, 4319817.393, 96
Trd, 4319818.643, 140
Trd, 4319818.793, 139
Trd, 4319818.943, 137
Trd, 4319819.493, 64
Trd, 4319820.343, 123
Trd, 4319820.893, 116
Trd, 4319820.943, 140
Trd, 4319822.143, 60
Trd, 4319823.193, 60
Trd, 4319823.893, 60
Trd, 4319823.943, 61
Trd, 4319824.643, 61
Trd, 4319824.793, 64
Trd, 4319825.193, 95
Trd, 4319827.193, 140
Trd, 4319827.393, 139
Trd, 4319827.893, 140
Trd, 4319828.043, 139
Trd, 4319828.543, 101
Trd, 4319829.143, 60
Trd, 4319831.343, 60
Trd, 4319832.143, 60
Trd, 4319832.493, 60
Trd, 4319832.993, 63
Trd, 4319833.143, 64
Trd, 4319833.493, 68
Trd, 4319834.493, 140
Trd, 4319834.843, 140
Trd, 4319835.443, 138
Trd, 4319836.193, 140
Trd, 4319837.043, 126
Trd, 4319837.493, 124
Trd, 4319837.843, 140
Trd, 4319839.793, 140
Trd, 4319839.843, 132
Trd, 4319840.543, 139
Trd, 4319842.393, 140
Trd, 4319842.493, 132
Trd, 4319842.993, 122
Trd, 4319843.193, 121
Trd, 4319846.043, 132
Trd, 4319846.193, 111
Trd, 4319847.543, 122
Trd, 4319847.843, 123
Trd, 4319847.993, 120
Trd, 4319848.043, 124
Trd, 4319848.493, 118
Trd, 4319849.793, 140
Trd, 4319850.043, 140
Trd, 4319851.093, 140
Trd, 4319851.243, 138
Trd, 4319852.693, 117
Trd, 4319853.193, 92
Trd, 4319854.243, 113
Trd, 4319855.143, 103
Trd, 4319855.993, 92
Trd, 4319856.393, 62
Trd, 4319856.493, 65
Trd, 4319856.543, 108
Trd, 4319856.843, 111
Trd, 4319858.343, 139
Trd, 4319858.543, 125
Trd, 4319859.243, 140
Trd, 4319859.543, 140
Trd, 4319859.893, 140
Trd, 4319860.193, 139
Trd, 4319861.643, 137
Trd, 4319862.943, 68
Trd, 4319863.943, 140
Trd, 4319864.293, 139
Trd, 4319864.843, 137
Trd, 4319865.343, 126
Trd, 4319866.693, 140
Trd, 4319867.743, 96
Trd, 4319868.243, 139
Trd, 4319869.393, 140
Trd, 4319870.893, 139
Trd, 4319871.843, 140
Trd, 4319872.793, 140
Trd, 4319873.543, 140
Trd, 4319873.843, 140
Trd, 4319874.443, 140
Trd, 4319874.993, 133
Trd, 4319875.493, 140
Trd, 4319875.993, 139
Trd, 4319876.593, 114
Trd, 4319876.893, 112
Trd, 4319877.643, 97
Trd, 4319879.393, 135
Trd, 4319880.843, 138
Trd, 4319880.893, 136
Trd, 4319881.293, 110
Trd, 4319881.643, 86
Trd, 4319882.993, 132
Trd, 4319883.243, 78
Trd, 4319883.993, 139
Trd, 4319884.743, 80
Trd, 4319885.393, 70
Trd, 4319886.343, 71
Trd, 4319886.893, 78
Trd, 4319887.293, 140
Trd, 4319887.793, 140
Trd, 4319888.243, 115
Trd, 4319888.943, 140
Trd, 4319889.643, 120
Trd, 4319889.993, 113
Trd, 4319890.293, 102
Trd, 4319891.893, 100
Trd, 4319892.093, 64
Trd, 4319892.443, 60
Trd, 4319892.693, 100
Trd, 4319893.643, 63
Trd, 4319894.193, 60
Trd, 4319894.393, 60
Trd, 4319895.393, 66
Trd, 4319896.343, 140
Trd, 4319897.443, 140
Trd, 4319897.693, 137
Trd, 4319898.043, 137
Trd, 4319898.093, 112
Trd, 4319898.193, 139
Trd, 4319899.243, 119
Trd, 4319900.543, 89
Trd, 4319900.843, 140
Trd, 4319901.993, 139
Trd, 4319902.543, 120
Trd, 4319903.193, 89
Trd, 4319903.543, 118
Trd, 4319903.993, 120
Trd, 4319904.443, 117
Trd, 4319905.143, 86
Trd, 4319905.743, 82
Trd, 4319906.193, 86
Trd, 4319906.793, 91
Trd, 4319907.193, 118
Trd, 4319908.193, 61
Trd, 4319908.643, 74
Trd, 4319909.043, 75
Trd, 4319910.143, 61
Trd, 4319910.343, 66
Trd, 4319911.893, 101
Trd, 4319912.093, 99
Trd, 4319912.793, 66
Trd, 4319914.843, 60
Trd, 4319915.093, 60
Trd, 4319915.293, 80
Trd, 4319916.643, 63
Trd, 4319916.843, 63
Trd, 4319918.243, 78
Trd, 4319918.593, 90
Trd, 4319918.893, 66
Trd, 4319920.043, 114
Trd, 4319920.093, 133
Trd, 4319920.743, 104
Trd, 4319920.893, 103
Trd, 4319921.193, 110
Trd, 4319921.893, 137
Trd, 4319922.143, 137
Trd, 4319922.743, 138
Trd, 4319924.193, 140
Trd, 4319924.443, 116
Trd, 4319924.743, 99
Trd, 4319926.943, 140
Trd, 4319927.043, 140
Trd, 4319927.993, 140
Trd, 4319928.093, 139
Trd, 4319928.893, 113
Trd, 4319929.943, 140
Trd, 4319930.893, 140
Trd, 4319931.393, 139
Trd, 4319933.093, 140
Trd, 4319933.643, 140
Trd, 4319934.493, 139
Trd, 4319935.843, 140
Trd, 4319936.393, 140
Trd, 4319938.193, 140
Trd, 4319938.793, 139
Trd, 4319939.643, 139
Trd, 4319939.693, 139
Trd, 4319940.043, 140
Trd, 4319941.343, 139
Trd, 4319941.943, 139
Trd, 4319942.543, 138
Trd, 4319942.593, 137
Trd, 4319943.543, 140
Trd, 4319944.243, 132
Trd, 4319945.443, 139
Trd, 4319945.843, 140
Trd, 4319946.593, 139
Trd, 4319946.693, 136
Trd, 4319947.193, 105
Trd, 4319947.793, 117
Trd, 4319948.543, 139
Trd, 4319948.993, 140
Trd, 4319949.043, 139
Trd, 4319949.593, 140
Trd, 4319949.943, 110
Trd, 4319952.993, 140
Trd, 4319953.193, 139
Trd, 4319953.893, 139
Trd, 4319953.943, 132
Trd, 4319954.493, 139
Trd, 4319955.843, 137
Trd, 4319957.193, 134
Trd, 4319958.393, 136
Trd, 4319960.093, 140
Trd, 4319960.143, 140
Trd, 4319960.343, 140
Trd, 4319960.493, 139
Trd, 4319961.043, 136
Trd, 4319963.343, 137
Trd, 4319963.543, 137
Trd, 4319963.993, 127
Trd, 4319964.193, 134
Trd, 4319964.243, 135
Trd, 4319964.543, 140
Trd, 4319964.843, 125
Trd, 4319966.793, 140
Trd, 4319966.893, 133
Trd, 4319967.293, 112
Trd, 4319970.093, 140
Trd, 4319970.443, 140
Trd, 4319970.943, 140
Trd, 4319971.043, 140
Trd, 4319971.093, 139
Trd, 4319971.693, 138
Trd, 4319973.043, 140
Trd, 4319973.343, 139
Trd, 4319974.893, 140
Trd, 4319975.193, 139
Trd, 4319975.943, 139
Trd, 4319977.093, 140
Trd, 4319977.143, 138
Trd, 4319977.693, 131
Trd, 4319977.893, 105
Trd, 4319978.193, 123
Trd, 4319979.493, 140
Trd, 4319979.543, 140
Trd, 4319980.193, 140
Trd, 4319982.093, 139
Trd, 4319982.893, 127
Trd, 4319983.043, 118
Trd, 4319984.843, 140
Trd, 4319984.893, 139
Trd, 4319986.093, 139
Trd, 4319986.393, 139
Trd, 4319986.893, 138
Trd, 4319987.643, 140
Trd, 4319988.443, 121
Trd, 4319988.643, 68
Trd, 4319990.343, 60
Trd, 4319990.843, 64
Trd, 4319991.243, 64
Trd, 4319991.593, 65
Trd, 4319991.643, 75
Trd, 4319992.543, 96
Trd, 4319993.593, 61
Trd, 4319994.393, 60
Trd, 4319995.343, 62
Trd, 4319995.793, 65
Trd, 4319996.293, 63
Trd, 4319996.393, 64
Trd, 4319997.893, 140
Trd, 4319999.743, 140
Trd, 4319999.993, 139
