Trd, 4318062.293, 140
Trd, 4318062.543, 139
Trd, 4318064.843, 139
Trd, 4318065.193, 115
Trd, 4318065.793, 137
Trd, 4318066.743, 104
Trd, 4318067.543, 130
Trd, 4318068.743, 136
Trd, 4318069.393, 138
Trd, 4318070.643, 130
Trd, 4318071.243, 140
Trd, 4318071.543, 139
Trd, 4318072.093, 121
Trd, 4318073.543, 123
Trd, 4318075.143, 124
Trd, 4318075.193, 116
Trd, 4318076.393, 137
Trd, 4318076.643, 127
Trd, 4318077.293, 129
Trd, 4318077.993, 127
Trd, 4318078.243, 129
Trd, 4318078.593, 118
Trd, 4318079.193, 115
Trd, 4318079.493, 138
Trd, 4318080.993, 125
Trd, 4318082.443, 139
Trd, 4318082.593, 134
Trd, 4318083.993, 123
Trd, 4318084.843, 139
Trd, 4318085.493, 140
Trd, 4318086.643, 130
Trd, 4318087.793, 105
Trd, 4318089.943, 136
Trd, 4318089.993, 118
Trd, 4318090.043, 106
Trd, 4318091.693, 122
Trd, 4318091.743, 134
Trd, 4318092.743, 121
Trd, 4318093.493, 118
Trd, 4318093.643, 116
Trd, 4318094.843, 138
Trd, 4318095.493, 112
Trd, 4318095.943, 111
Trd, 4318096.193, 86
Trd, 4318096.443, 76
Trd, 4318099.093, 139
Trd, 4318100.593, 140
Trd, 4318102.693, 139
Trd, 4318103.093, 138
Trd, 4318103.143, 137
Trd, 4318103.993, 138
Trd, 4318108.443, 140
Trd, 4318108.893, 103
Trd, 4318109.393, 139
Trd, 4318110.393, 140
Trd, 4318111.043, 140
Trd, 4318113.043, 104
Trd, 4318113.093, 100
Trd, 4318113.743, 115
Trd, 4318114.543, 98
Trd, 4318115.493, 61
Trd, 4318118.893, 140
Trd, 4318118.943, 139
Trd, 4318119.243, 137
Trd, 4318120.043, 123
Trd, 4318121.793, 133
Trd, 4318122.843, 131
Trd, 4318122.943, 116
Trd, 4318124.843, 140
Trd, 4318125.043, 138
Trd, 4318125.743, 130
Trd, 4318126.293, 104
Trd, 4318126.493, 136
Trd, 4318126.593, 97
Trd, 4318127.243, 100
Trd, 4318127.793, 64
Trd, 4318128.393, 124
Trd, 4318128.593, 103
Trd, 4318129.293, 108
Trd, 4318129.393, 125
Trd, 4318129.993, 64
Trd, 4318130.493, 133
Trd, 4318131.893, 139
Trd, 4318132.743, 87
Trd, 4318133.993, 62
Trd, 4318134.993, 132
Trd, 4318135.443, 124
Trd, 4318136.193, 139
Trd, 4318137.743, 140
Trd, 4318139.143, 137
Trd, 4318140.293, 139
Trd, 4318140.643, 138
Trd, 4318141.693, 138
Trd, 4318142.343, 138
Trd, 4318143.093, 113
Trd, 4318143.493, 112
Trd, 4318143.643, 139
Trd, 4318144.293, 135
Trd, 4318146.193, 133
Trd, 4318146.893, 132
Trd, 4318147.093, 114
Trd, 4318148.893, 139
Trd, 4318149.143, 129
Trd, 4318149.743, 129
Trd, 4318150.493, 139
Trd, 4318150.743, 126
Trd, 4318150.793, 111
Trd, 4318150.993, 103
Trd, 4318151.043, 68
Trd, 4318153.343, 139
Trd, 4318154.343, 140
Trd, 4318157.093, 136
Trd, 4318158.393, 140
Trd, 4318158.643, 140
Trd, 4318159.693, 122
Trd, 4318159.943, 117
Trd, 4318160.343, 104
Trd, 4318160.943, 108
Trd, 4318161.393, 116
Trd, 4318162.693, 113
Trd, 4318162.843, 114
Trd, 4318162.893, 78
Trd, 4318165.793, 131
Trd, 4318166.143, 110
Trd, 4318166.193, 134
Trd, 4318166.843, 130
Trd, 4318166.993, 125
Trd, 4318167.893, 64
Trd, 4318168.693, 60
Trd, 4318168.993, 61
Trd, 4318169.593, 60
Trd, 4318169.743, 69
Trd, 4318171.043, 117
Trd, 4318171.743, 116
Trd, 4318171.793, 113
Trd, 4318172.243, 140
Trd, 4318173.593, 111
Trd, 4318174.843, 140
Trd, 4318175.993, 99
Trd, 4318176.443, 135
Trd, 4318177.743, 140
Trd, 4318177.993, 140
Trd, 4318179.293, 137
Trd, 4318179.893, 117
Trd, 4318180.193, 110
Trd, 4318180.443, 127
Trd, 4318180.543, 128
Trd, 4318180.793, 100
Trd, 4318181.943, 113
Trd, 4318183.143, 139
Trd, 4318183.443, 132
Trd, 4318185.543, 140
Trd, 4318186.843, 138
Trd, 4318187.093, 131
Trd, 4318187.593, 123
Trd, 4318188.493, 132
Trd, 4318189.143, 63
Trd, 4318190.343, 130
Trd, 4318190.493, 132
Trd, 4318191.743, 140
Trd, 4318192.243, 121
Trd, 4318192.743, 118
Trd, 4318192.793, 106
Trd, 4318193.593, 138
Trd, 4318195.743, 126
Trd, 4318197.143, 135
Trd, 4318198.843, 139
Trd, 4318199.393, 140
Trd, 4318199.543, 131
Trd, 4318200.243, 126
Trd, 4318201.593, 132
Trd, 4318202.093, 137
Trd, 4318202.293, 121
Trd, 4318202.543, 97
Trd, 4318202.893, 84
Trd, 4318203.443, 112
Trd, 4318204.143, 140
Trd, 4318205.293, 64
Trd, 4318206.893, 60
Trd, 4318207.093, 62
Trd, 4318207.743, 91
Trd, 4318208.693, 136
Trd, 4318208.793, 138
Trd, 4318208.993, 60
Trd, 4318209.943, 63
Trd, 4318210.393, 64
Trd, 4318212.393, 140
Trd, 4318212.443, 140
Trd, 4318212.993, 140
Trd, 4318216.593, 126
Trd, 4318217.093, 136
Trd, 4318219.143, 140
Trd, 4318219.693, 140
Trd, 4318219.843, 128
Trd, 4318219.993, 136
Trd, 4318220.993, 139
Trd, 4318221.143, 121
Trd, 4318223.043, 139
Trd, 4318224.193, 139
Trd, 4318224.843, 140
Trd, 4318225.893, 139
Trd, 4318225.993, 137
Trd, 4318227.043, 120
Trd, 4318228.193, 113
Trd, 4318228.993, 118
Trd, 4318230.193, 140
Trd, 4318231.093, 138
Trd, 4318232.793, 140
Trd, 4318233.843, 140
Trd, 4318233.893, 140
Trd, 4318234.193, 139
Trd, 4318234.893, 127
Trd, 4318235.193, 140
Trd, 4318236.793, 109
Trd, 4318237.293, 104
Trd, 4318237.343, 97
Trd, 4318237.643, 93
Trd, 4318238.293, 135
Trd, 4318238.343, 131
Trd, 4318240.443, 116
Trd, 4318241.043, 140
Trd, 4318241.443, 140
Trd, 4318242.443, 140
Trd, 4318243.693, 140
Trd, 4318246.043, 140
Trd, 4318246.593, 139
Trd, 4318247.143, 130
Trd, 4318247.893, 138
Trd, 4318248.093, 119
Trd, 4318248.443, 140
Trd, 4318250.043, 123
Trd, 4318252.243, 140
Trd, 4318253.143, 140
Trd, 4318254.693, 137
Trd, 4318255.043, 129
Trd, 4318255.693, 140
Trd, 4318256.943, 140
Trd, 4318257.793, 106
Trd, 4318257.893, 66
Trd, 4318260.043, 140
Trd, 4318260.643, 140
Trd, 4318260.993, 140
Trd, 4318264.793, 122
Trd, 4318265.343, 140
Trd, 4318265.493, 138
Trd, 4318265.943, 121
Trd, 4318266.443, 119
Trd, 4318267.143, 139
Trd, 4318267.643, 99
Trd, 4318268.543, 135
Trd, 4318269.693, 140
Trd, 4318270.143, 136
Trd, 4318271.293, 138
Trd, 4318271.393, 110
Trd, 4318271.893, 134
Trd, 4318273.943, 136
Trd, 4318273.993, 108
Trd, 4318274.493, 103
Trd, 4318275.293, 91
Trd, 4318276.493, 134
Trd, 4318278.293, 69
Trd, 4318278.893, 140
Trd, 4318280.593, 129
Trd, 4318281.293, 114
Trd, 4318282.143, 106
Trd, 4318282.693, 105
Trd, 4318283.343, 121
Trd, 4318283.843, 138
Trd, 4318284.343, 124
Trd, 4318286.943, 140
Trd, 4318286.993, 139
Trd, 4318287.643, 135
Trd, 4318287.693, 123
Trd, 4318289.643, 115
Trd, 4318290.793, 138
Trd, 4318290.943, 137
Trd, 4318291.343, 135
Trd, 4318291.643, 117
Trd, 4318292.343, 118
Trd, 4318293.843, 140
Trd, 4318294.743, 140
Trd, 4318296.643, 140
Trd, 4318296.743, 138
Trd, 4318296.943, 140
Trd, 4318297.443, 130
Trd, 4318298.243, 126
Trd, 4318298.943, 120
Trd, 4318301.243, 140
Trd, 4318302.143, 140
Trd, 4318303.643, 140
Trd, 4318303.943, 140
Trd, 4318304.093, 136
Trd, 4318304.193, 119
Trd, 4318304.343, 81
Trd, 4318305.693, 132
Trd, 4318307.293, 140
Trd, 4318308.543, 107
Trd, 4318308.943, 139
Trd, 4318309.443, 129
Trd, 4318310.143, 134
Trd, 4318310.943, 140
Trd, 4318313.393, 138
Trd, 4318313.843, 124
Trd, 4318314.193, 112
Trd, 4318318.793, 140
Trd, 4318318.943, 139
Trd, 4318319.393, 127
Trd, 4318319.893, 137
Trd, 4318320.493, 129
Trd, 4318321.593, 123
Trd, 4318321.793, 133
Trd, 4318323.143, 140
Trd, 4318323.493, 140
Trd, 4318323.993, 140
Trd, 4318324.093, 122
Trd, 4318324.443, 115
Trd, 4318325.643, 102
Trd, 4318325.793, 89
Trd, 4318326.993, 140
Trd, 4318329.193, 133
Trd, 4318330.543, 140
Trd, 4318330.893, 120
Trd, 4318331.743, 120
Trd, 4318332.743, 140
Trd, 4318333.243, 137
Trd, 4318334.943, 139
Trd, 4318335.943, 140
Trd, 4318336.643, 140
Trd, 4318337.543, 140
Trd, 4318338.993, 137
Trd, 4318339.643, 137
Trd, 4318340.193, 132
Trd, 4318340.743, 135
Trd, 4318341.893, 138
Trd, 4318342.293, 123
Trd, 4318342.893, 86
Trd, 4318343.143, 121
Trd, 4318344.143, 140
Trd, 4318345.143, 137
Trd, 4318345.943, 101
Trd, 4318347.293, 100
Trd, 4318347.443, 123
Trd, 4318347.893, 60
Trd, 4318348.043, 123
Trd, 4318349.593, 105
Trd, 4318350.043, 104
Trd, 4318351.143, 73
Trd, 4318351.743, 61
Trd, 4318352.193, 67
Trd, 4318354.143, 137
Trd, 4318354.343, 106
Trd, 4318356.093, 131
Trd, 4318356.943, 128
Trd, 4318358.743, 139
Trd, 4318358.843, 138
Trd, 4318359.693, 140
Trd, 4318359.893, 128
Trd, 4318360.393, 74
Trd, 4318362.393, 60
Trd, 4318362.643, 67
Trd, 4318362.993, 139
Trd, 4318363.243, 139
Trd, 4318364.393, 139
Trd, 4318366.293, 139
Trd, 4318367.243, 139
Trd, 4318367.543, 122
Trd, 4318368.343, 123
Trd, 4318368.943, 118
Trd, 4318369.093, 102
Trd, 4318370.593, 138
Trd, 4318370.693, 133
Trd, 4318371.443, 139
Trd, 4318373.043, 140
Trd, 4318373.093, 130
Trd, 4318373.193, 119
Trd, 4318373.493, 117
Trd, 4318374.143, 138
Trd, 4318375.643, 139
Trd, 4318376.643, 126
Trd, 4318376.993, 88
Trd, 4318378.393, 140
Trd, 4318378.643, 130
Trd, 4318379.243, 123
Trd, 4318379.943, 126
Trd, 4318380.493, 130
Trd, 4318381.093, 115
Trd, 4318383.443, 140
Trd, 4318384.343, 105
Trd, 4318384.443, 98
Trd, 4318385.293, 119
Trd, 4318386.243, 123
Trd, 4318387.143, 140
Trd, 4318387.543, 126
Trd, 4318387.643, 101
Trd, 4318387.843, 128
Trd, 4318388.493, 95
Trd, 4318389.793, 60
Trd, 4318390.743, 60
Trd, 4318391.843, 66
Trd, 4318392.093, 68
Trd, 4318392.493, 131
Trd, 4318393.093, 62
Trd, 4318393.993, 66
Trd, 4318394.893, 65
Trd, 4318394.943, 66
Trd, 4318395.343, 140
Trd, 4318396.593, 140
Trd, 4318397.993, 103
Trd, 4318398.943, 93
Trd, 4318399.193, 106
Trd, 4318399.493, 86
Trd, 4318399.543, 83
Trd, 4318399.993, 65
Trd, 4318400.443, 102
Trd, 4318401.743, 60
Trd, 4318402.743, 60
Trd, 4318403.343, 60
Trd, 4318403.493, 110
Trd, 4318404.043, 61
Trd, 4318404.093, 65
Trd, 4318405.093, 60
Trd, 4318405.193, 60
Trd, 4318407.093, 60
Trd, 4318408.593, 60
Trd, 4318408.743, 62
Trd, 4318408.993, 68
Trd, 4318409.543, 140
Trd, 4318411.193, 140
Trd, 4318411.843, 115
Trd, 4318412.443, 104
Trd, 4318414.393, 137
Trd, 4318414.893, 128
Trd, 4318415.043, 104
Trd, 4318415.243, 133
Trd, 4318415.743, 129
Trd, 4318416.143, 114
Trd, 4318418.693, 102
Trd, 4318418.793, 115
Trd, 4318418.993, 122
Trd, 4318419.193, 99
Trd, 4318419.793, 140
Trd, 4318420.743, 127
Trd, 4318420.843, 77
Trd, 4318420.993, 129
Trd, 4318421.943, 133
Trd, 4318422.343, 101
Trd, 4318422.793, 131
Trd, 4318425.393, 125
Trd, 4318425.943, 135
Trd, 4318426.193, 137
Trd, 4318426.943, 103
Trd, 4318427.043, 96
Trd, 4318428.293, 87
Trd, 4318429.693, 140
Trd, 4318430.443, 140
Trd, 4318431.393, 137
Trd, 4318432.293, 139
Trd, 4318433.043, 140
Trd, 4318433.193, 114
Trd, 4318433.643, 138
Trd, 4318434.143, 90
Trd, 4318435.943, 122
Trd, 4318436.993, 110
Trd, 4318437.243, 109
Trd, 4318437.293, 106
Trd, 4318438.593, 126
Trd, 4318439.593, 140
Trd, 4318440.193, 139
Trd, 4318441.893, 114
Trd, 4318442.093, 110
Trd, 4318442.943, 135
Trd, 4318443.643, 108
Trd, 4318443.893, 89
Trd, 4318444.043, 137
Trd, 4318445.493, 125
Trd, 4318446.493, 60
Trd, 4318447.343, 60
Trd, 4318448.293, 62
Trd, 4318448.543, 63
Trd, 4318448.693, 84
Trd, 4318450.243, 78
Trd, 4318450.843, 100
Trd, 4318451.593, 84
Trd, 4318452.093, 78
Trd, 4318452.293, 75
Trd, 4318453.243, 140
Trd, 4318453.393, 140
Trd, 4318454.843, 140
Trd, 4318455.543, 131
Trd, 4318455.943, 98
Trd, 4318458.243, 140
Trd, 4318458.543, 140
Trd, 4318459.193, 116
Trd, 4318460.393, 136
Trd, 4318460.643, 129
Trd, 4318461.643, 137
Trd, 4318461.743, 125
Trd, 4318462.543, 139
Trd, 4318463.443, 99
Trd, 4318464.493, 97
Trd, 4318466.393, 127
Trd, 4318467.343, 134
Trd, 4318467.543, 140
Trd, 4318469.343, 139
Trd, 4318469.493, 138
Trd, 4318470.893, 138
Trd, 4318471.843, 136
Trd, 4318472.143, 108
Trd, 4318472.643, 123
Trd, 4318473.743, 108
Trd, 4318474.193, 104
Trd, 4318474.593, 139
Trd, 4318475.743, 94
Trd, 4318476.543, 115
Trd, 4318476.693, 117
Trd, 4318477.593, 137
Trd, 4318478.343, 140
Trd, 4318479.093, 131
Trd, 4318479.693, 80
Trd, 4318479.743, 77
Trd, 4318480.693, 62
Trd, 4318480.943, 62
Trd, 4318481.043, 63
Trd, 4318482.343, 135
Trd, 4318482.393, 134
Trd, 4318482.893, 68
Trd, 4318486.293, 140
Trd, 4318486.543, 140
Trd, 4318487.393, 140
Trd, 4318487.893, 140
Trd, 4318488.843, 123
Trd, 4318489.193, 123
Trd, 4318489.843, 136
Trd, 4318491.293, 139
Trd, 4318493.443, 139
Trd, 4318495.293, 140
Trd, 4318495.843, 130
Trd, 4318496.743, 125
Trd, 4318496.993, 121
Trd, 4318497.943, 140
Trd, 4318498.693, 123
Trd, 4318499.043, 136
Trd, 4318500.193, 121
Trd, 4318500.543, 140
Trd, 4318502.543, 140
Trd, 4318502.993, 122
Trd, 4318503.543, 105
Trd, 4318504.943, 140
Trd, 4318506.443, 120
Trd, 4318507.243, 120
Trd, 4318508.393, 133
Trd, 4318509.293, 130
Trd, 4318509.943, 132
Trd, 4318510.043, 113
Trd, 4318511.593, 140
Trd, 4318511.843, 139
Trd, 4318512.993, 137
Trd, 4318514.343, 140
Trd, 4318515.943, 140
Trd, 4318516.843, 139
Trd, 4318516.893, 120
Trd, 4318518.243, 109
Trd, 4318519.143, 106
Trd, 4318520.493, 133
Trd, 4318521.093, 115
Trd, 4318521.743, 139
Trd, 4318522.143, 117
Trd, 4318523.693, 104
Trd, 4318524.143, 99
Trd, 4318525.943, 139
Trd, 4318526.543, 140
Trd, 4318526.943, 122
Trd, 4318527.343, 118
Trd, 4318527.793, 121
Trd, 4318528.943, 122
Trd, 4318529.293, 97
Trd, 4318530.343, 130
Trd, 4318530.643, 102
Trd, 4318531.943, 107
Trd, 4318532.543, 94
Trd, 4318532.793, 132
Trd, 4318533.443, 140
Trd, 4318533.843, 119
Trd, 4318534.393, 137
Trd, 4318534.543, 115
Trd, 4318536.143, 140
Trd, 4318538.193, 123
Trd, 4318538.443, 116
Trd, 4318538.593, 117
Trd, 4318538.893, 113
Trd, 4318538.943, 107
Trd, 4318539.843, 98
Trd, 4318541.143, 140
Trd, 4318542.043, 140
Trd, 4318544.043, 140
Trd, 4318544.843, 140
Trd, 4318544.893, 134
Trd, 4318546.293, 135
Trd, 4318546.443, 119
Trd, 4318547.043, 112
Trd, 4318548.693, 139
Trd, 4318550.143, 139
Trd, 4318550.393, 138
Trd, 4318551.893, 140
Trd, 4318553.243, 140
Trd, 4318553.693, 128
Trd, 4318554.043, 109
Trd, 4318554.293, 107
Trd, 4318555.643, 102
Trd, 4318555.993, 96
Trd, 4318557.143, 133
Trd, 4318557.943, 130
Trd, 4318557.993, 117
Trd, 4318558.493, 140
Trd, 4318559.943, 127
Trd, 4318560.193, 70
Trd, 4318560.393, 71
Trd, 4318561.393, 63
Trd, 4318562.093, 61
Trd, 4318562.343, 63
Trd, 4318562.893, 64
Trd, 4318563.193, 64
Trd, 4318563.993, 65
Trd, 4318564.893, 106
Trd, 4318565.543, 75
Trd, 4318566.193, 60
Trd, 4318567.593, 102
Trd, 4318568.543, 126
Trd, 4318568.693, 99
Trd, 4318568.943, 92
Trd, 4318570.343, 101
Trd, 4318570.793, 129
Trd, 4318570.993, 90
Trd, 4318573.843, 85
Trd, 4318573.893, 86
Trd, 4318574.393, 104
Trd, 4318575.193, 108
Trd, 4318576.793, 124
Trd, 4318576.843, 123
Trd, 4318579.193, 140
Trd, 4318579.743, 134
Trd, 4318579.993, 118
Trd, 4318581.893, 139
Trd, 4318582.543, 111
Trd, 4318582.693, 110
Trd, 4318583.143, 100
Trd, 4318583.693, 91
Trd, 4318584.443, 140
Trd, 4318586.543, 119
Trd, 4318586.893, 103
Trd, 4318586.943, 101
Trd, 4318588.443, 140
Trd, 4318589.743, 127
Trd, 4318590.643, 116
Trd, 4318591.143, 140
Trd, 4318591.243, 126
Trd, 4318591.493, 139
Trd, 4318593.093, 111
Trd, 4318593.443, 107
Trd, 4318594.193, 138
Trd, 4318594.493, 95
Trd, 4318595.843, 123
Trd, 4318596.743, 140
Trd, 4318599.993, 110
Trd, 4318600.043, 102
Trd, 4318600.343, 133
Trd, 4318600.643, 88
Trd, 4318600.943, 134
Trd, 4318601.093, 111
Trd, 4318601.693, 140
Trd, 4318604.843, 111
Trd, 4318605.143, 113
Trd, 4318605.293, 128
Trd, 4318605.493, 137
Trd, 4318606.543, 130
Trd, 4318607.243, 119
Trd, 4318608.893, 140
Trd, 4318609.893, 140
Trd, 4318610.643, 117
Trd, 4318610.993, 118
Trd, 4318612.793, 124
Trd, 4318612.993, 93
Trd, 4318613.493, 132
Trd, 4318614.243, 140
Trd, 4318614.543, 140
Trd, 4318616.343, 137
Trd, 4318617.493, 140
Trd, 4318619.043, 139
Trd, 4318619.093, 122
Trd, 4318620.193, 135
Trd, 4318620.393, 102
Trd, 4318622.243, 133
Trd, 4318622.393, 112
Trd, 4318622.793, 138
Trd, 4318624.093, 124
Trd, 4318625.143, 139
Trd, 4318625.843, 139
Trd, 4318625.993, 82
Trd, 4318626.843, 85
Trd, 4318628.093, 139
Trd, 4318629.143, 133
Trd, 4318629.493, 120
Trd, 4318630.793, 139
Trd, 4318632.393, 140
Trd, 4318632.793, 105
Trd, 4318632.993, 104
Trd, 4318633.543, 134
Trd, 4318633.693, 104
Trd, 4318635.493, 108
Trd, 4318635.993, 139
Trd, 4318636.793, 121
Trd, 4318637.443, 140
Trd, 4318638.743, 139
Trd, 4318640.093, 80
Trd, 4318640.343, 136
Trd, 4318641.193, 110
Trd, 4318641.343, 109
Trd, 4318641.693, 136
Trd, 4318642.993, 139
Trd, 4318643.093, 130
Trd, 4318645.793, 140
Trd, 4318646.693, 135
Trd, 4318646.793, 125
Trd, 4318647.243, 115
Trd, 4318647.793, 108
Trd, 4318649.493, 131
Trd, 4318649.643, 128
Trd, 4318651.743, 94
Trd, 4318652.343, 80
Trd, 4318652.693, 80
Trd, 4318653.893, 92
Trd, 4318653.993, 68
Trd, 4318654.693, 121
Trd, 4318655.143, 140
Trd, 4318655.193, 139
Trd, 4318655.743, 140
Trd, 4318657.793, 140
Trd, 4318659.343, 112
Trd, 4318659.393, 110
Trd, 4318659.543, 82
Trd, 4318659.693, 122
Trd, 4318659.743, 123
Trd, 4318659.993, 82
Trd, 4318660.343, 72
Trd, 4318660.793, 69
Trd, 4318663.343, 125
Trd, 4318664.393, 137
Trd, 4318664.843, 117
Trd, 4318665.343, 100
Trd, 4318666.493, 114
Trd, 4318667.393, 140
Trd, 4318667.443, 135
Trd, 4318668.193, 135
Trd, 4318668.843, 128
Trd, 4318670.493, 140
Trd, 4318671.593, 139
Trd, 4318673.943, 112
Trd, 4318674.343, 133
Trd, 4318674.493, 129
Trd, 4318674.643, 114
Trd, 4318674.793, 134
Trd, 4318676.743, 91
Trd, 4318677.493, 110
Trd, 4318677.643, 99
Trd, 4318678.293, 60
Trd, 4318679.043, 131
Trd, 4318679.793, 140
Trd, 4318682.243, 135
Trd, 4318682.493, 125
Trd, 4318682.593, 110
Trd, 4318682.793, 70
Trd, 4318683.743, 60
Trd, 4318684.743, 62
Trd, 4318685.143, 65
Trd, 4318685.793, 61
Trd, 4318686.943, 138
Trd, 4318687.943, 89
Trd, 4318688.343, 129
Trd, 4318690.443, 139
Trd, 4318692.143, 113
Trd, 4318692.193, 112
Trd, 4318692.643, 105
Trd, 4318694.893, 140
Trd, 4318696.593, 140
Trd, 4318697.393, 140
Trd, 4318697.493, 135
Trd, 4318698.143, 110
Trd, 4318698.293, 109
Trd, 4318698.643, 139
Trd, 4318699.393, 140
Trd, 4318701.043, 130
Trd, 4318701.193, 94
Trd, 4318702.243, 133
Trd, 4318703.793, 139
Trd, 4318704.043, 137
Trd, 4318704.443, 113
Trd, 4318705.393, 123
Trd, 4318706.043, 140
Trd, 4318708.593, 129
Trd, 4318708.943, 136
Trd, 4318709.143, 128
Trd, 4318710.243, 112
Trd, 4318710.493, 140
Trd, 4318712.443, 139
Trd, 4318713.293, 126
Trd, 4318714.093, 128
Trd, 4318716.043, 118
Trd, 4318716.943, 113
Trd, 4318717.043, 112
Trd, 4318719.793, 139
Trd, 4318719.843, 125
Trd, 4318721.893, 140
Trd, 4318722.493, 109
Trd, 4318722.593, 108
Trd, 4318723.343, 135
Trd, 4318725.043, 119
Trd, 4318725.243, 111
Trd, 4318726.993, 118
Trd, 4318727.293, 133
Trd, 4318727.643, 138
Trd, 4318727.693, 140
Trd, 4318728.093, 108
Trd, 4318728.843, 138
Trd, 4318729.043, 122
Trd, 4318729.693, 112
Trd, 4318731.393, 124
Trd, 4318731.593, 140
Trd, 4318732.193, 99
Trd, 4318733.593, 133
Trd, 4318733.843, 136
Trd, 4318733.943, 133
Trd, 4318734.743, 98
Trd, 4318735.243, 100
Trd, 4318735.593, 98
Trd, 4318736.793, 113
Trd, 4318737.143, 107
Trd, 4318737.243, 94
Trd, 4318738.593, 136
Trd, 4318739.093, 118
Trd, 4318739.343, 98
Trd, 4318740.793, 61
Trd, 4318741.593, 133
Trd, 4318743.593, 139
Trd, 4318744.493, 121
Trd, 4318744.893, 139
Trd, 4318745.343, 117
Trd, 4318745.843, 138
Trd, 4318746.843, 132
Trd, 4318747.893, 110
Trd, 4318748.443, 116
Trd, 4318748.843, 101
Trd, 4318749.193, 119
Trd, 4318751.493, 106
Trd, 4318752.643, 117
Trd, 4318753.093, 114
Trd, 4318753.493, 95
Trd, 4318754.593, 88
Trd, 4318754.693, 77
Trd, 4318755.043, 117
Trd, 4318757.243, 139
Trd, 4318757.943, 129
Trd, 4318758.243, 113
Trd, 4318758.943, 140
Trd, 4318759.593, 140
Trd, 4318761.193, 117
Trd, 4318762.543, 101
Trd, 4318762.893, 99
Trd, 4318763.143, 128
Trd, 4318765.293, 129
Trd, 4318765.543, 110
Trd, 4318766.543, 140
Trd, 4318766.793, 140
Trd, 4318767.043, 139
Trd, 4318767.893, 129
Trd, 4318768.343, 140
Trd, 4318769.743, 123
Trd, 4318769.843, 100
Trd, 4318772.443, 140
Trd, 4318772.593, 134
Trd, 4318774.543, 140
Trd, 4318776.293, 140
Trd, 4318778.093, 140
Trd, 4318779.743, 140
Trd, 4318779.793, 138
Trd, 4318780.193, 137
Trd, 4318780.243, 119
Trd, 4318780.843, 119
Trd, 4318780.893, 93
Trd, 4318781.793, 138
Trd, 4318782.593, 88
Trd, 4318783.693, 60
Trd, 4318783.943, 60
Trd, 4318784.293, 61
Trd, 4318784.693, 61
Trd, 4318785.393, 137
Trd, 4318786.743, 140
Trd, 4318787.593, 139
Trd, 4318788.443, 138
Trd, 4318791.443, 140
Trd, 4318792.093, 140
Trd, 4318792.393, 137
Trd, 4318792.743, 140
Trd, 4318792.793, 119
Trd, 4318794.593, 140
Trd, 4318795.593, 139
Trd, 4318795.643, 132
Trd, 4318797.093, 115
Trd, 4318798.943, 140
Trd, 4318799.593, 140
Trd, 4318799.743, 138
Trd, 4318800.743, 112
Trd, 4318801.743, 120
Trd, 4318802.343, 120
Trd, 4318803.693, 120
Trd, 4318804.743, 140
Trd, 4318805.343, 118
Trd, 4318805.643, 128
Trd, 4318806.093, 116
Trd, 4318807.143, 137
Trd, 4318808.243, 97
Trd, 4318810.593, 133
Trd, 4318810.743, 120
Trd, 4318811.493, 139
Trd, 4318811.793, 138
Trd, 4318812.493, 140
Trd, 4318814.843, 137
Trd, 4318815.893, 126
Trd, 4318816.943, 140
Trd, 4318817.543, 131
Trd, 4318817.843, 129
Trd, 4318817.893, 127
Trd, 4318818.293, 113
Trd, 4318818.743, 112
Trd, 4318820.593, 131
Trd, 4318821.043, 111
Trd, 4318821.143, 104
Trd, 4318822.493, 137
Trd, 4318822.893, 136
Trd, 4318825.343, 140
Trd, 4318826.093, 139
Trd, 4318827.243, 138
Trd, 4318827.693, 92
Trd, 4318828.193, 110
Trd, 4318828.393, 96
Trd, 4318829.843, 140
Trd, 4318830.043, 109
Trd, 4318830.493, 109
Trd, 4318830.793, 140
Trd, 4318830.993, 97
Trd, 4318832.793, 138
Trd, 4318833.093, 120
Trd, 4318833.493, 139
Trd, 4318834.543, 138
Trd, 4318836.143, 102
Trd, 4318836.693, 140
Trd, 4318837.743, 132
Trd, 4318838.943, 126
Trd, 4318839.243, 135
Trd, 4318839.593, 140
Trd, 4318840.343, 106
Trd, 4318840.493, 99
Trd, 4318841.693, 140
Trd, 4318842.343, 131
Trd, 4318843.393, 125
Trd, 4318843.643, 140
Trd, 4318844.293, 102
Trd, 4318844.693, 122
Trd, 4318846.543, 138
Trd, 4318846.793, 129
Trd, 4318847.243, 126
Trd, 4318849.343, 140
Trd, 4318849.543, 128
Trd, 4318850.193, 122
Trd, 4318850.943, 108
Trd, 4318851.943, 123
Trd, 4318852.293, 104
Trd, 4318853.043, 125
Trd, 4318853.193, 92
Trd, 4318854.343, 114
Trd, 4318855.943, 140
Trd, 4318857.843, 140
Trd, 4318858.243, 140
Trd, 4318858.293, 138
Trd, 4318859.293, 140
Trd, 4318860.143, 132
Trd, 4318861.043, 139
Trd, 4318861.493, 112
Trd, 4318861.593, 100
Trd, 4318863.043, 139
Trd, 4318864.443, 139
Trd, 4318864.893, 121
Trd, 4318865.793, 139
Trd, 4318866.093, 132
Trd, 4318866.893, 128
Trd, 4318868.293, 140
Trd, 4318868.343, 138
Trd, 4318870.493, 138
Trd, 4318870.943, 137
Trd, 4318871.143, 112
Trd, 4318871.943, 124
Trd, 4318872.843, 117
Trd, 4318872.893, 110
Trd, 4318873.093, 100
Trd, 4318873.543, 136
Trd, 4318874.493, 113
Trd, 4318875.743, 140
Trd, 4318876.193, 137
Trd, 4318876.293, 135
Trd, 4318876.343, 121
Trd, 4318877.443, 116
Trd, 4318879.593, 139
Trd, 4318879.843, 123
Trd, 4318879.893, 120
Trd, 4318881.243, 108
Trd, 4318881.993, 135
Trd, 4318883.943, 140
Trd, 4318884.343, 139
Trd, 4318885.143, 128
Trd, 4318886.093, 117
Trd, 4318886.543, 116
Trd, 4318886.693, 108
Trd, 4318888.643, 140
Trd, 4318888.743, 140
Trd, 4318890.343, 140
Trd, 4318892.093, 140
Trd, 4318892.193, 140
Trd, 4318892.793, 94
Trd, 4318893.343, 111
Trd, 4318894.543, 118
Trd, 4318894.793, 133
Trd, 4318895.743, 117
Trd, 4318897.143, 123
Trd, 4318897.193, 110
Trd, 4318897.443, 139
Trd, 4318899.593, 105
Trd, 4318900.443, 117
Trd, 4318901.293, 139
Trd, 4318902.543, 140
Trd, 4318903.043, 133
Trd, 4318903.993, 140
Trd, 4318905.743, 136
Trd, 4318906.293, 139
Trd, 4318906.693, 132
Trd, 4318908.243, 133
Trd, 4318908.643, 122
Trd, 4318909.293, 133
Trd, 4318909.793, 115
Trd, 4318910.943, 116
Trd, 4318911.693, 99
Trd, 4318912.693, 125
Trd, 4318913.393, 127
Trd, 4318913.543, 96
Trd, 4318913.893, 129
Trd, 4318914.343, 119
Trd, 4318914.543, 60
Trd, 4318915.993, 76
Trd, 4318916.893, 101
Trd, 4318917.743, 138
Trd, 4318917.793, 116
Trd, 4318918.593, 99
Trd, 4318919.343, 86
Trd, 4318919.443, 100
Trd, 4318920.793, 132
Trd, 4318921.293, 131
Trd, 4318922.143, 138
Trd, 4318922.243, 123
Trd, 4318922.393, 108
Trd, 4318924.193, 135
Trd, 4318924.893, 140
Trd, 4318925.843, 139
Trd, 4318926.993, 140
Trd, 4318929.543, 140
Trd, 4318930.643, 139
Trd, 4318930.743, 138
Trd, 4318931.093, 122
Trd, 4318931.643, 132
Trd, 4318932.193, 117
Trd, 4318934.443, 137
Trd, 4318935.293, 140
Trd, 4318935.893, 138
Trd, 4318937.143, 138
Trd, 4318937.293, 136
Trd, 4318938.393, 140
Trd, 4318938.693, 126
Trd, 4318940.293, 107
Trd, 4318941.043, 106
Trd, 4318942.443, 140
Trd, 4318942.493, 119
Trd, 4318944.093, 137
Trd, 4318944.993, 138
Trd, 4318945.093, 137
Trd, 4318945.543, 119
Trd, 4318945.993, 140
Trd, 4318946.093, 112
Trd, 4318946.993, 123
Trd, 4318948.843, 140
Trd, 4318949.343, 140
Trd, 4318949.993, 140
Trd, 4318951.593, 139
Trd, 4318951.993, 121
Trd, 4318952.193, 139
Trd, 4318953.693, 134
Trd, 4318955.343, 138
Trd, 4318955.393, 134
Trd, 4318956.743, 127
Trd, 4318956.793, 124
Trd, 4318957.043, 122
Trd, 4318957.493, 132
Trd, 4318958.343, 113
Trd, 4318959.443, 128
Trd, 4318960.093, 120
Trd, 4318960.893, 107
Trd, 4318961.143, 86
Trd, 4318962.343, 130
Trd, 4318963.343, 140
Trd, 4318963.993, 140
Trd, 4318964.143, 136
Trd, 4318964.493, 139
Trd, 4318965.293, 135
Trd, 4318965.743, 122
Trd, 4318966.993, 111
Trd, 4318968.493, 132
Trd, 4318969.193, 138
Trd, 4318969.793, 117
Trd, 4318969.843, 127
Trd, 4318970.693, 113
Trd, 4318970.893, 134
Trd, 4318972.693, 124
Trd, 4318974.093, 140
Trd, 4318974.693, 124
Trd, 4318974.943, 111
Trd, 4318976.593, 140
Trd, 4318976.843, 133
Trd, 4318978.593, 140
Trd, 4318979.193, 136
Trd, 4318980.643, 137
Trd, 4318980.743, 126
Trd, 4318980.843, 119
Trd, 4318982.243, 116
Trd, 4318982.643, 134
Trd, 4318983.643, 133
Trd, 4318984.043, 117
Trd, 4318984.543, 81
Trd, 4318985.193, 106
Trd, 4318985.593, 114
Trd, 4318986.643, 89
Trd, 4318986.943, 119
Trd, 4318987.493, 60
Trd, 4318987.843, 61
Trd, 4318987.993, 66
Trd, 4318988.443, 70
Trd, 4318991.143, 98
Trd, 4318991.193, 82
Trd, 4318992.343, 76
Trd, 4318993.093, 60
Trd, 4318993.893, 60
Trd, 4318994.443, 60
Trd, 4318994.493, 60
Trd, 4318994.893, 65
Trd, 4318995.843, 123
Trd, 4318997.693, 113
Trd, 4318998.293, 90
Trd, 4318999.143, 137
Trd, 4318999.193, 91
Trd, 4319000.743, 139
Trd, 4319001.093, 132
Trd, 4319001.343, 115
Trd, 4319002.043, 129
Trd, 4319002.743, 60
Trd, 4319003.093, 60
Trd, 4319003.943, 63
Trd, 4319004.443, 100
Trd, 4319005.493, 75
Trd, 4319005.943, 74
Trd, 4319006.043, 70
Trd, 4319006.843, 98
Trd, 4319007.843, 140
Trd, 4319008.493, 63
Trd, 4319009.143, 140
Trd, 4319010.193, 140
Trd, 4319011.043, 123
Trd, 4319012.593, 122
Trd, 4319012.893, 111
Trd, 4319013.893, 138
Trd, 4319014.393, 133
Trd, 4319015.343, 116
Trd, 4319015.743, 138
Trd, 4319017.193, 138
Trd, 4319017.393, 121
Trd, 4319019.093, 119
Trd, 4319019.193, 112
Trd, 4319019.943, 140
Trd, 4319020.293, 139
Trd, 4319021.643, 138
Trd, 4319022.443, 130
Trd, 4319023.943, 131
Trd, 4319024.543, 109
Trd, 4319026.043, 138
Trd, 4319026.543, 140
Trd, 4319027.343, 106
Trd, 4319027.843, 140
Trd, 4319028.243, 98
Trd, 4319028.943, 138
Trd, 4319030.893, 140
Trd, 4319031.593, 140
Trd, 4319031.843, 116
Trd, 4319032.843, 115
Trd, 4319033.443, 115
Trd, 4319033.493, 113
Trd, 4319035.043, 112
Trd, 4319035.093, 110
Trd, 4319035.143, 131
Trd, 4319035.543, 132
Trd, 4319035.743, 93
Trd, 4319036.443, 85
Trd, 4319037.593, 60
Trd, 4319038.943, 115
Trd, 4319040.493, 140
Trd, 4319041.193, 140
Trd, 4319041.443, 138
Trd, 4319042.743, 140
Trd, 4319043.543, 127
Trd, 4319044.143, 126
Trd, 4319045.493, 128
Trd, 4319045.643, 108
Trd, 4319046.343, 139
Trd, 4319047.293, 140
Trd, 4319047.593, 132
Trd, 4319049.593, 140
Trd, 4319049.793, 140
Trd, 4319049.893, 138
Trd, 4319050.893, 96
Trd, 4319051.743, 138
Trd, 4319052.093, 129
Trd, 4319052.593, 73
Trd, 4319053.743, 113
Trd, 4319054.193, 116
Trd, 4319054.443, 101
Trd, 4319055.043, 132
Trd, 4319056.143, 134
Trd, 4319057.543, 140
Trd, 4319059.443, 114
Trd, 4319060.693, 139
Trd, 4319061.093, 139
Trd, 4319061.243, 132
Trd, 4319061.543, 114
Trd, 4319062.243, 137
Trd, 4319065.393, 140
Trd, 4319065.443, 139
Trd, 4319065.843, 138
Trd, 4319066.493, 106
Trd, 4319067.493, 106
Trd, 4319067.743, 139
Trd, 4319068.243, 106
Trd, 4319070.893, 140
Trd, 4319071.243, 137
Trd, 4319071.843, 127
Trd, 4319072.343, 126
Trd, 4319073.893, 139
Trd, 4319074.143, 140
Trd, 4319074.893, 129
Trd, 4319075.793, 128
Trd, 4319076.293, 128
Trd, 4319077.343, 102
Trd, 4319077.943, 94
Trd, 4319077.993, 89
Trd, 4319079.843, 62
Trd, 4319080.393, 60
Trd, 4319080.493, 129
Trd, 4319080.843, 62
Trd, 4319082.643, 62
Trd, 4319082.993, 120
Trd, 4319084.043, 140
Trd, 4319084.843, 139
Trd, 4319085.043, 124
Trd, 4319085.393, 139
Trd, 4319086.493, 131
Trd, 4319086.843, 120
Trd, 4319088.243, 130
Trd, 4319089.243, 138
Trd, 4319089.693, 120
Trd, 4319089.743, 106
Trd, 4319090.693, 110
Trd, 4319091.043, 136
Trd, 4319092.293, 115
Trd, 4319093.093, 114
Trd, 4319093.593, 121
Trd, 4319093.693, 110
Trd, 4319094.093, 129
Trd, 4319095.343, 140
Trd, 4319095.443, 140
Trd, 4319096.143, 135
Trd, 4319096.993, 140
Trd, 4319097.093, 101
Trd, 4319098.643, 116
Trd, 4319100.893, 140
Trd, 4319101.543, 140
Trd, 4319102.043, 139
Trd, 4319102.543, 102
Trd, 4319102.643, 100
Trd, 4319103.343, 116
Trd, 4319103.593, 120
Trd, 4319104.393, 103
Trd, 4319105.093, 107
Trd, 4319105.143, 94
Trd, 4319105.593, 123
Trd, 4319106.493, 115
Trd, 4319106.543, 123
Trd, 4319106.693, 111
Trd, 4319107.243, 122
Trd, 4319108.893, 65
Trd, 4319109.243, 125
Trd, 4319110.243, 134
Trd, 4319112.993, 140
Trd, 4319113.043, 139
Trd, 4319113.193, 135
Trd, 4319114.243, 134
Trd, 4319114.443, 123
Trd, 4319114.693, 116
Trd, 4319116.793, 137
Trd, 4319116.943, 132
Trd, 4319117.293, 100
Trd, 4319118.093, 139
Trd, 4319118.193, 117
Trd, 4319119.843, 131
Trd, 4319120.443, 118
Trd, 4319121.993, 130
Trd, 4319122.143, 139
Trd, 4319122.393, 107
Trd, 4319123.043, 101
Trd, 4319123.993, 123
Trd, 4319124.643, 118
Trd, 4319125.143, 136
Trd, 4319126.593, 106
Trd, 4319127.543, 99
Trd, 4319128.343, 140
Trd, 4319128.593, 119
Trd, 4319129.143, 134
Trd, 4319130.243, 93
Trd, 4319133.143, 140
Trd, 4319134.593, 140
Trd, 4319134.793, 139
Trd, 4319135.043, 129
Trd, 4319135.993, 121
Trd, 4319136.843, 107
Trd, 4319138.043, 140
Trd, 4319138.743, 140
Trd, 4319140.643, 71
Trd, 4319141.543, 140
Trd, 4319141.643, 122
Trd, 4319143.093, 140
Trd, 4319144.043, 135
Trd, 4319144.493, 130
Trd, 4319144.543, 130
Trd, 4319145.193, 132
Trd, 4319145.293, 128
Trd, 4319145.893, 111
Trd, 4319146.843, 60
Trd, 4319146.943, 60
Trd, 4319147.043, 62
Trd, 4319147.293, 135
Trd, 4319148.943, 140
Trd, 4319149.443, 127
Trd, 4319150.943, 124
Trd, 4319151.143, 102
Trd, 4319151.743, 136
Trd, 4319153.743, 140
Trd, 4319154.093, 139
Trd, 4319154.943, 140
Trd, 4319155.543, 133
Trd, 4319156.743, 121
Trd, 4319156.993, 139
Trd, 4319157.543, 111
Trd, 4319160.193, 85
Trd, 4319162.243, 140
Trd, 4319162.443, 138
Trd, 4319162.843, 136
Trd, 4319164.243, 115
Trd, 4319164.943, 106
Trd, 4319164.993, 103
Trd, 4319165.793, 125
Trd, 4319166.743, 75
Trd, 4319167.293, 140
Trd, 4319168.093, 132
Trd, 4319169.943, 136
Trd, 4319170.043, 138
Trd, 4319170.093, 135
Trd, 4319170.843, 136
Trd, 4319171.443, 139
Trd, 4319172.043, 138
Trd, 4319173.093, 132
Trd, 4319174.293, 130
Trd, 4319174.743, 113
Trd, 4319175.193, 139
Trd, 4319176.943, 140
Trd, 4319179.043, 140
Trd, 4319179.243, 132
Trd, 4319179.493, 130
Trd, 4319179.643, 127
Trd, 4319181.193, 140
Trd, 4319181.393, 139
Trd, 4319181.993, 106
Trd, 4319182.993, 130
Trd, 4319183.943, 124
Trd, 4319184.593, 137
Trd, 4319185.593, 140
Trd, 4319185.693, 139
Trd, 4319186.293, 134
Trd, 4319186.643, 98
Trd, 4319186.843, 139
Trd, 4319187.493, 121
Trd, 4319188.093, 104
Trd, 4319191.293, 132
Trd, 4319191.443, 129
Trd, 4319191.893, 116
Trd, 4319193.893, 140
Trd, 4319195.143, 140
Trd, 4319197.943, 140
Trd, 4319198.643, 139
Trd, 4319199.043, 139
Trd, 4319199.993, 134
Trd, 4319200.643, 124
Trd, 4319201.693, 139
Trd, 4319202.793, 131
Trd, 4319203.293, 127
Trd, 4319203.793, 140
Trd, 4319205.043, 98
Trd, 4319205.093, 119
Trd, 4319205.293, 122
Trd, 4319205.843, 84
Trd, 4319206.743, 136
Trd, 4319207.593, 100
Trd, 4319209.443, 139
Trd, 4319209.943, 140
Trd, 4319211.893, 126
Trd, 4319211.943, 115
Trd, 4319212.893, 140
Trd, 4319213.443, 82
Trd, 4319214.043, 104
Trd, 4319216.693, 139
Trd, 4319217.443, 139
Trd, 4319217.493, 138
Trd, 4319218.043, 119
Trd, 4319219.543, 126
Trd, 4319219.843, 119
Trd, 4319221.593, 140
Trd, 4319223.793, 137
Trd, 4319223.893, 134
Trd, 4319223.993, 138
Trd, 4319224.193, 120
Trd, 4319224.593, 110
Trd, 4319225.393, 140
Trd, 4319226.993, 137
Trd, 4319227.393, 116
Trd, 4319228.643, 63
Trd, 4319228.793, 69
Trd, 4319229.693, 81
Trd, 4319230.093, 140
Trd, 4319230.493, 94
Trd, 4319231.743, 99
Trd, 4319233.193, 113
Trd, 4319235.093, 140
Trd, 4319235.343, 138
Trd, 4319235.493, 135
Trd, 4319235.943, 111
Trd, 4319238.343, 119
Trd, 4319238.493, 115
Trd, 4319241.193, 140
Trd, 4319241.343, 140
Trd, 4319241.843, 139
Trd, 4319242.343, 140
Trd, 4319242.793, 138
Trd, 4319243.043, 139
Trd, 4319245.243, 138
Trd, 4319245.293, 117
Trd, 4319245.493, 112
Trd, 4319245.743, 101
Trd, 4319246.043, 117
Trd, 4319246.693, 92
Trd, 4319247.443, 140
Trd, 4319249.193, 128
Trd, 4319251.193, 139
Trd, 4319252.043, 139
Trd, 4319252.093, 138
Trd, 4319253.693, 132
Trd, 4319254.843, 129
Trd, 4319254.943, 131
Trd, 4319255.243, 113
Trd, 4319255.943, 112
Trd, 4319256.743, 137
Trd, 4319256.943, 139
Trd, 4319256.993, 136
Trd, 4319257.643, 105
Trd, 4319259.943, 140
Trd, 4319260.093, 127
Trd, 4319260.493, 105
Trd, 4319261.243, 138
Trd, 4319261.293, 94
Trd, 4319261.743, 87
Trd, 4319262.993, 140
Trd, 4319265.243, 140
Trd, 4319265.643, 123
Trd, 4319266.693, 112
Trd, 4319267.093, 117
Trd, 4319267.443, 132
Trd, 4319269.743, 139
Trd, 4319270.193, 137
Trd, 4319270.943, 104
Trd, 4319272.293, 139
Trd, 4319272.543, 140
Trd, 4319273.093, 130
Trd, 4319273.943, 119
Trd, 4319275.093, 139
Trd, 4319275.643, 109
Trd, 4319276.443, 139
Trd, 4319276.943, 133
Trd, 4319277.993, 140
Trd, 4319278.143, 122
Trd, 4319280.093, 118
Trd, 4319280.143, 98
Trd, 4319280.643, 135
Trd, 4319280.743, 137
Trd, 4319281.993, 123
Trd, 4319282.693, 97
Trd, 4319282.943, 104
Trd, 4319283.643, 91
Trd, 4319285.393, 85
Trd, 4319285.593, 133
Trd, 4319286.743, 137
Trd, 4319289.793, 130
Trd, 4319290.443, 140
Trd, 4319290.793, 136
Trd, 4319291.293, 121
Trd, 4319291.743, 140
Trd, 4319292.443, 134
Trd, 4319292.943, 108
Trd, 4319293.093, 102
Trd, 4319296.643, 139
Trd, 4319297.043, 140
Trd, 4319297.093, 123
Trd, 4319298.193, 140
Trd, 4319300.493, 140
Trd, 4319301.793, 140
Trd, 4319301.893, 137
Trd, 4319302.493, 139
Trd, 4319302.693, 136
Trd, 4319303.093, 118
Trd, 4319303.193, 140
Trd, 4319303.293, 108
Trd, 4319304.443, 126
Trd, 4319305.243, 94
Trd, 4319307.393, 140
Trd, 4319308.743, 140
Trd, 4319308.893, 138
Trd, 4319309.093, 129
Trd, 4319309.993, 101
Trd, 4319311.293, 128
Trd, 4319312.693, 130
Trd, 4319312.893, 109
Trd, 4319312.993, 106
Trd, 4319313.193, 105
Trd, 4319314.043, 101
Trd, 4319314.243, 100
Trd, 4319315.193, 102
Trd, 4319315.293, 91
Trd, 4319315.593, 131
Trd, 4319315.793, 130
Trd, 4319318.593, 120
Trd, 4319320.393, 140
Trd, 4319320.993, 140
Trd, 4319321.743, 140
Trd, 4319322.343, 136
Trd, 4319323.793, 121
Trd, 4319324.393, 138
Trd, 4319325.593, 138
Trd, 4319326.543, 126
Trd, 4319326.693, 116
Trd, 4319328.793, 140
Trd, 4319330.343, 110
Trd, 4319332.043, 113
Trd, 4319332.393, 112
Trd, 4319333.293, 140
Trd, 4319333.543, 121
Trd, 4319333.643, 117
Trd, 4319333.743, 101
Trd, 4319334.143, 139
Trd, 4319335.493, 138
Trd, 4319337.393, 140
Trd, 4319339.193, 118
Trd, 4319340.193, 140
Trd, 4319340.293, 123
Trd, 4319341.443, 118
Trd, 4319341.793, 105
Trd, 4319342.793, 132
Trd, 4319342.893, 102
Trd, 4319343.493, 140
Trd, 4319344.193, 113
Trd, 4319346.143, 140
Trd, 4319347.443, 140
Trd, 4319348.143, 140
Trd, 4319349.293, 123
Trd, 4319349.693, 114
Trd, 4319349.843, 120
Trd, 4319350.493, 140
Trd, 4319350.893, 140
Trd, 4319355.143, 140
Trd, 4319355.243, 134
Trd, 4319356.193, 121
Trd, 4319357.243, 140
Trd, 4319358.193, 125
Trd, 4319359.343, 137
Trd, 4319360.093, 131
Trd, 4319360.193, 119
Trd, 4319360.943, 102
Trd, 4319362.643, 138
Trd, 4319362.743, 128
Trd, 4319363.393, 138
Trd, 4319363.693, 127
Trd, 4319365.093, 140
Trd, 4319365.993, 140
Trd, 4319366.843, 125
Trd, 4319367.793, 137
Trd, 4319368.043, 113
Trd, 4319368.543, 140
Trd, 4319368.993, 137
Trd, 4319370.993, 98
Trd, 4319371.193, 138
Trd, 4319372.293, 140
Trd, 4319372.593, 120
Trd, 4319372.993, 90
Trd, 4319374.493, 85
Trd, 4319375.293, 63
Trd, 4319375.593, 85
Trd, 4319376.193, 86
Trd, 4319376.593, 99
Trd, 4319377.343, 61
Trd, 4319377.543, 62
Trd, 4319377.843, 63
Trd, 4319377.943, 64
Trd, 4319378.993, 115
Trd, 4319381.343, 61
Trd, 4319381.443, 65
Trd, 4319382.093, 63
Trd, 4319382.393, 88
Trd, 4319382.743, 90
Trd, 4319384.193, 98
Trd, 4319384.593, 80
Trd, 4319385.593, 66
Trd, 4319386.243, 114
Trd, 4319387.043, 130
Trd, 4319387.293, 132
Trd, 4319387.593, 112
Trd, 4319387.893, 101
Trd, 4319388.643, 97
Trd, 4319389.693, 130
Trd, 4319390.143, 86
Trd, 4319390.293, 132
Trd, 4319390.493, 77
Trd, 4319392.293, 73
Trd, 4319392.343, 72
Trd, 4319393.643, 139
Trd, 4319394.143, 138
Trd, 4319394.543, 120
Trd, 4319396.393, 140
Trd, 4319396.743, 130
Trd, 4319397.743, 134
Trd, 4319398.043, 117
Trd, 4319398.743, 134
Trd, 4319398.793, 104
Trd, 4319400.493, 126
Trd, 4319400.943, 125
Trd, 4319401.293, 115
Trd, 4319401.793, 66
Trd, 4319401.843, 68
Trd, 4319403.143, 94
Trd, 4319404.243, 119
Trd, 4319404.993, 101
Trd, 4319407.243, 136
Trd, 4319407.893, 134
Trd, 4319408.043, 133
Trd, 4319408.143, 129
Trd, 4319408.193, 122
Trd, 4319411.793, 140
Trd, 4319412.793, 137
Trd, 4319413.043, 120
Trd, 4319413.893, 105
Trd, 4319414.593, 99
Trd, 4319414.843, 91
Trd, 4319414.893, 90
Trd, 4319416.393, 130
Trd, 4319417.193, 131
Trd, 4319417.493, 92
Trd, 4319417.943, 114
Trd, 4319418.593, 138
Trd, 4319418.793, 127
Trd, 4319419.593, 78
Trd, 4319420.743, 62
Trd, 4319422.043, 131
Trd, 4319422.843, 129
Trd, 4319423.243, 128
Trd, 4319423.843, 112
Trd, 4319423.893, 93
Trd, 4319424.593, 125
Trd, 4319425.143, 91
Trd, 4319425.843, 136
Trd, 4319426.493, 127
Trd, 4319426.543, 137
Trd, 4319427.793, 88
Trd, 4319428.393, 106
Trd, 4319429.243, 137
Trd, 4319429.943, 109
Trd, 4319430.743, 99
Trd, 4319430.793, 125
Trd, 4319431.643, 139
Trd, 4319432.443, 105
Trd, 4319434.743, 140
Trd, 4319435.143, 133
Trd, 4319435.443, 124
Trd, 4319436.193, 138
Trd, 4319436.643, 115
Trd, 4319438.643, 103
Trd, 4319439.243, 102
Trd, 4319439.343, 118
Trd, 4319439.493, 120
Trd, 4319440.243, 140
Trd, 4319440.643, 83
Trd, 4319442.343, 116
Trd, 4319443.143, 139
Trd, 4319444.193, 122
Trd, 4319445.043, 139
Trd, 4319446.643, 140
Trd, 4319446.743, 132
Trd, 4319447.543, 134
Trd, 4319447.793, 134
Trd, 4319448.093, 107
Trd, 4319448.293, 108
Trd, 4319449.193, 106
Trd, 4319450.093, 90
Trd, 4319450.543, 73
Trd, 4319451.043, 114
Trd, 4319451.693, 124
Trd, 4319453.443, 140
Trd, 4319454.493, 131
Trd, 4319454.793, 112
Trd, 4319455.493, 131
Trd, 4319456.593, 81
Trd, 4319456.843, 78
Trd, 4319456.943, 71
Trd, 4319458.893, 140
Trd, 4319459.493, 135
Trd, 4319460.643, 138
Trd, 4319460.943, 134
Trd, 4319461.693, 102
Trd, 4319462.693, 128
Trd, 4319463.643, 117
Trd, 4319463.993, 130
Trd, 4319464.093, 132
Trd, 4319464.943, 110
Trd, 4319466.643, 115
Trd, 4319467.143, 123
Trd, 4319469.143, 135
Trd, 4319469.443, 139
Trd, 4319469.843, 97
Trd, 4319469.943, 91
Trd, 4319470.193, 140
Trd, 4319472.843, 137
Trd, 4319474.143, 136
Trd, 4319474.493, 129
Trd, 4319474.693, 125
Trd, 4319475.243, 127
Trd, 4319475.393, 96
Trd, 4319476.443, 111
Trd, 4319477.643, 140
Trd, 4319477.793, 137
Trd, 4319477.893, 86
Trd, 4319478.043, 73
Trd, 4319479.193, 140
Trd, 4319479.743, 128
Trd, 4319481.193, 139
Trd, 4319482.743, 136
Trd, 4319483.043, 115
Trd, 4319483.243, 113
Trd, 4319483.993, 89
Trd, 4319486.193, 140
Trd, 4319487.793, 140
Trd, 4319488.293, 138
Trd, 4319488.843, 111
Trd, 4319490.093, 127
Trd, 4319491.443, 139
Trd, 4319491.593, 138
Trd, 4319491.943, 137
Trd, 4319492.643, 102
Trd, 4319493.943, 140
Trd, 4319495.043, 139
Trd, 4319496.143, 139
Trd, 4319497.843, 121
Trd, 4319497.993, 115
Trd, 4319499.693, 140
Trd, 4319499.743, 140
Trd, 4319500.043, 140
Trd, 4319501.093, 129
Trd, 4319501.543, 131
Trd, 4319502.243, 132
Trd, 4319502.843, 98
Trd, 4319503.643, 99
Trd, 4319505.393, 101
Trd, 4319505.643, 92
Trd, 4319506.193, 140
Trd, 4319506.893, 125
Trd, 4319506.943, 111
Trd, 4319507.793, 101
Trd, 4319508.893, 113
Trd, 4319511.343, 137
Trd, 4319511.643, 108
Trd, 4319512.343, 95
Trd, 4319513.443, 138
Trd, 4319513.893, 140
Trd, 4319514.643, 140
Trd, 4319515.093, 121
Trd, 4319515.843, 140
Trd, 4319516.343, 126
Trd, 4319518.943, 139
Trd, 4319520.093, 137
Trd, 4319521.043, 133
Trd, 4319521.393, 119
Trd, 4319521.493, 140
Trd, 4319522.693, 140
Trd, 4319523.543, 114
Trd, 4319523.793, 126
Trd, 4319524.993, 106
Trd, 4319525.743, 133
Trd, 4319526.793, 139
Trd, 4319527.293, 122
Trd, 4319528.043, 106
Trd, 4319528.243, 137
Trd, 4319529.943, 140
Trd, 4319530.293, 139
Trd, 4319530.693, 116
Trd, 4319530.893, 80
Trd, 4319533.243, 97
Trd, 4319534.743, 138
Trd, 4319535.243, 140
Trd, 4319535.843, 140
Trd, 4319536.843, 123
Trd, 4319537.593, 140
Trd, 4319540.043, 140
Trd, 4319540.393, 115
Trd, 4319541.543, 140
Trd, 4319541.693, 128
Trd, 4319542.443, 106
Trd, 4319542.993, 132
Trd, 4319543.443, 117
Trd, 4319544.593, 117
Trd, 4319546.643, 140
Trd, 4319546.943, 139
Trd, 4319547.943, 134
Trd, 4319548.493, 139
Trd, 4319550.693, 124
Trd, 4319551.843, 136
Trd, 4319551.993, 114
Trd, 4319552.493, 139
Trd, 4319552.793, 112
Trd, 4319554.193, 135
Trd, 4319554.743, 123
Trd, 4319555.043, 112
Trd, 4319555.943, 140
Trd, 4319556.093, 139
Trd, 4319557.243, 138
Trd, 4319559.443, 106
Trd, 4319560.093, 137
Trd, 4319560.243, 122
Trd, 4319560.943, 92
Trd, 4319561.043, 137
Trd, 4319561.493, 88
Trd, 4319561.643, 70
Trd, 4319562.443, 81
Trd, 4319564.393, 140
Trd, 4319565.193, 140
Trd, 4319565.593, 127
Trd, 4319565.843, 120
Trd, 4319567.243, 134
Trd, 4319567.643, 125
Trd, 4319569.393, 137
Trd, 4319569.793, 140
Trd, 4319571.443, 135
Trd, 4319572.193, 136
Trd, 4319572.393, 130
Trd, 4319572.593, 133
Trd, 4319572.693, 127
Trd, 4319574.243, 140
Trd, 4319575.343, 140
Trd, 4319576.493, 137
Trd, 4319577.343, 112
Trd, 4319578.043, 133
Trd, 4319578.643, 120
Trd, 4319579.693, 140
Trd, 4319580.493, 108
Trd, 4319581.443, 140
Trd, 4319582.693, 127
Trd, 4319582.793, 124
Trd, 4319582.843, 102
Trd, 4319584.243, 140
Trd, 4319584.993, 132
Trd, 4319585.293, 123
Trd, 4319585.593, 114
Trd, 4319586.543, 91
Trd, 4319587.843, 140
Trd, 4319591.093, 140
Trd, 4319591.193, 125
Trd, 4319591.593, 123
Trd, 4319593.593, 140
Trd, 4319594.343, 136
Trd, 4319594.643, 138
Trd, 4319597.243, 140
Trd, 4319597.543, 140
Trd, 4319598.043, 124
Trd, 4319599.593, 84
Trd, 4319599.843, 129
Trd, 4319600.293, 140
Trd, 4319601.543, 139
Trd, 4319601.793, 140
Trd, 4319603.093, 138
Trd, 4319603.543, 139
Trd, 4319604.543, 97
Trd, 4319605.093, 99
Trd, 4319606.893, 140
Trd, 4319607.593, 140
Trd, 4319607.643, 136
Trd, 4319608.593, 136
Trd, 4319609.793, 120
Trd, 4319611.043, 118
Trd, 4319611.143, 111
Trd, 4319613.043, 60
Trd, 4319613.243, 61
Trd, 4319613.293, 63
Trd, 4319613.593, 61
Trd, 4319614.243, 60
Trd, 4319615.643, 114
Trd, 4319616.593, 110
Trd, 4319618.143, 140
Trd, 4319618.293, 118
Trd, 4319619.043, 123
Trd, 4319620.593, 140
Trd, 4319621.093, 140
Trd, 4319623.243, 140
Trd, 4319623.593, 140
Trd, 4319624.093, 120
Trd, 4319624.343, 138
Trd, 4319624.443, 117
Trd, 4319624.643, 136
Trd, 4319625.293, 120
Trd, 4319626.143, 139
Trd, 4319629.593, 96
Trd, 4319630.593, 133
Trd, 4319631.093, 100
Trd, 4319631.493, 120
Trd, 4319631.843, 129
Trd, 4319632.093, 133
Trd, 4319633.393, 123
Trd, 4319634.493, 138
Trd, 4319634.543, 121
Trd, 4319636.143, 121
Trd, 4319637.093, 139
Trd, 4319637.993, 140
Trd, 4319638.093, 106
Trd, 4319638.393, 101
Trd, 4319640.193, 125
Trd, 4319641.493, 117
Trd, 4319641.943, 136
Trd, 4319642.393, 119
Trd, 4319643.493, 139
Trd, 4319643.693, 138
Trd, 4319643.743, 130
Trd, 4319643.843, 122
Trd, 4319643.943, 136
Trd, 4319644.943, 137
Trd, 4319645.043, 104
Trd, 4319646.193, 136
Trd, 4319647.493, 140
Trd, 4319647.593, 137
Trd, 4319649.193, 124
Trd, 4319651.343, 140
Trd, 4319651.893, 138
Trd, 4319652.993, 115
Trd, 4319653.643, 140
Trd, 4319655.493, 137
Trd, 4319655.893, 139
Trd, 4319656.143, 136
Trd, 4319657.593, 118
Trd, 4319658.943, 139
Trd, 4319659.343, 131
Trd, 4319661.143, 137
Trd, 4319661.193, 129
Trd, 4319661.493, 123
Trd, 4319662.193, 87
Trd, 4319662.443, 111
Trd, 4319663.893, 140
Trd, 4319665.043, 140
Trd, 4319666.943, 140
Trd, 4319667.293, 117
Trd, 4319668.293, 65
Trd, 4319668.643, 119
Trd, 4319670.393, 138
Trd, 4319670.443, 120
Trd, 4319671.193, 116
Trd, 4319671.393, 139
Trd, 4319673.043, 123
Trd, 4319673.293, 122
Trd, 4319674.093, 121
Trd, 4319674.343, 103
Trd, 4319675.143, 114
Trd, 4319675.493, 111
Trd, 4319677.343, 140
Trd, 4319677.643, 137
Trd, 4319680.993, 123
Trd, 4319681.943, 109
Trd, 4319682.793, 140
Trd, 4319683.043, 135
Trd, 4319683.793, 103
Trd, 4319684.743, 112
Trd, 4319686.143, 113
Trd, 4319686.243, 86
Trd, 4319686.843, 82
Trd, 4319687.443, 61
Trd, 4319687.643, 62
Trd, 4319688.543, 139
Trd, 4319689.893, 140
Trd, 4319689.943, 138
Trd, 4319690.743, 121
Trd, 4319692.243, 140
Trd, 4319694.543, 140
Trd, 4319694.593, 139
Trd, 4319694.643, 123
Trd, 4319695.193, 113
Trd, 4319696.193, 139
Trd, 4319696.743, 119
Trd, 4319697.493, 118
Trd, 4319697.843, 112
Trd, 4319700.693, 112
Trd, 4319701.893, 135
Trd, 4319702.343, 131
Trd, 4319703.193, 139
Trd, 4319703.343, 126
Trd, 4319704.543, 140
Trd, 4319704.593, 138
Trd, 4319706.443, 128
Trd, 4319706.843, 130
Trd, 4319709.043, 140
Trd, 4319709.993, 140
Trd, 4319710.043, 130
Trd, 4319711.793, 140
Trd, 4319712.893, 129
Trd, 4319713.743, 127
Trd, 4319713.843, 122
Trd, 4319714.043, 131
Trd, 4319714.693, 111
Trd, 4319714.843, 101
Trd, 4319715.693, 103
Trd, 4319715.793, 101
Trd, 4319717.293, 140
Trd, 4319717.843, 113
Trd, 4319718.243, 102
Trd, 4319718.743, 115
Trd, 4319720.443, 140
Trd, 4319722.493, 139
Trd, 4319722.943, 137
Trd, 4319723.343, 133
Trd, 4319723.443, 117
Trd, 4319723.693, 105
Trd, 4319725.043, 139
Trd, 4319725.693, 139
Trd, 4319725.793, 136
Trd, 4319726.043, 105
Trd, 4319726.793, 96
Trd, 4319727.943, 118
Trd, 4319729.443, 116
Trd, 4319730.293, 140
Trd, 4319730.343, 116
Trd, 4319731.143, 117
Trd, 4319731.893, 82
Trd, 4319732.343, 130
Trd, 4319734.843, 140
Trd, 4319735.143, 140
Trd, 4319736.443, 140
Trd, 4319738.943, 140
Trd, 4319739.293, 124
Trd, 4319739.793, 135
Trd, 4319740.143, 139
Trd, 4319740.843, 109
Trd, 4319741.343, 140
Trd, 4319742.843, 118
Trd, 4319744.743, 140
Trd, 4319745.593, 140
Trd, 4319745.893, 140
Trd, 4319748.043, 125
Trd, 4319749.093, 100
Trd, 4319749.643, 140
Trd, 4319750.193, 128
Trd, 4319750.843, 140
Trd, 4319751.643, 121
Trd, 4319752.443, 134
Trd, 4319752.543, 120
Trd, 4319754.293, 137
Trd, 4319754.993, 137
Trd, 4319756.093, 117
Trd, 4319758.943, 139
Trd, 4319760.243, 126
Trd, 4319760.643, 135
Trd, 4319760.843, 109
Trd, 4319760.993, 107
Trd, 4319761.093, 133
Trd, 4319762.543, 120
Trd, 4319763.893, 94
Trd, 4319764.743, 140
Trd, 4319765.993, 139
Trd, 4319766.043, 135
Trd, 4319767.093, 138
Trd, 4319767.293, 119
Trd, 4319767.993, 122
Trd, 4319768.893, 116
Trd, 4319768.993, 103
Trd, 4319769.493, 104
Trd, 4319770.243, 138
Trd, 4319771.693, 140
Trd, 4319773.393, 140
Trd, 4319773.843, 113
Trd, 4319773.893, 103
Trd, 4319777.743, 140
Trd, 4319778.043, 137
Trd, 4319778.343, 138
Trd, 4319778.743, 128
Trd, 4319779.693, 126
Trd, 4319780.593, 135
Trd, 4319781.093, 126
Trd, 4319781.593, 131
Trd, 4319783.293, 140
Trd, 4319783.543, 140
Trd, 4319783.743, 122
Trd, 4319785.443, 137
Trd, 4319785.543, 133
Trd, 4319786.893, 138
Trd, 4319787.293, 122
Trd, 4319787.743, 83
Trd, 4319788.543, 136
Trd, 4319790.493, 118
Trd, 4319790.693, 115
Trd, 4319791.143, 95
Trd, 4319791.743, 134
Trd, 4319792.043, 126
Trd, 4319793.443, 137
Trd, 4319793.943, 101
Trd, 4319794.093, 75
Trd, 4319795.393, 131
Trd, 4319795.793, 137
Trd, 4319798.843, 140
Trd, 4319799.693, 140
Trd, 4319799.943, 139
Trd, 4319800.793, 132
Trd, 4319801.043, 110
Trd, 4319801.193, 103
Trd, 4319801.743, 85
Trd, 4319802.243, 60
Trd, 4319802.343, 60
Trd, 4319803.043, 62
Trd, 4319803.343, 68
Trd, 4319803.443, 68
Trd, 4319804.743, 64
Trd, 4319805.593, 66
Trd, 4319807.743, 94
Trd, 4319808.193, 132
Trd, 4319808.443, 85
Trd, 4319809.993, 117
Trd, 4319810.543, 77
Trd, 4319811.693, 107
Trd, 4319812.143, 140
Trd, 4319812.193, 96
Trd, 4319812.543, 60
Trd, 4319812.993, 60
Trd, 4319813.443, 60
Trd, 4319814.943, 117
Trd, 4319815.543, 130
Trd, 4319815.643, 131
Trd, 4319816.043, 74
Trd, 4319816.493, 65
Trd, 4319816.893, 84
Trd, 4319817.643, 123
Trd, 4319818.993, 126
Trd, 4319819.343, 110
Trd, 4319819.793, 98
Trd, 4319821.443, 138
Trd, 4319821.593, 121
Trd, 4319824.393, 139
Trd, 4319825.143, 130
Trd, 4319826.093, 140
Trd, 4319826.793, 140
Trd, 4319827.393, 127
Trd, 4319828.843, 137
Trd, 4319829.893, 121
Trd, 4319831.143, 140
Trd, 4319832.293, 139
Trd, 4319832.443, 119
Trd, 4319833.093, 112
Trd, 4319834.293, 133
Trd, 4319835.293, 117
Trd, 4319835.843, 116
Trd, 4319836.143, 128
Trd, 4319836.693, 127
Trd, 4319838.093, 107
Trd, 4319838.143, 93
Trd, 4319838.493, 62
Trd, 4319840.343, 63
Trd, 4319840.393, 65
Trd, 4319841.443, 102
Trd, 4319841.593, 103
Trd, 4319843.393, 96
Trd, 4319844.993, 138
Trd, 4319845.143, 127
Trd, 4319846.793, 138
Trd, 4319847.443, 133
Trd, 4319848.043, 138
Trd, 4319848.243, 115
Trd, 4319850.143, 121
Trd, 4319850.743, 128
Trd, 4319850.893, 115
Trd, 4319851.843, 135
Trd, 4319851.943, 122
Trd, 4319852.693, 102
Trd, 4319853.493, 122
Trd, 4319854.093, 136
Trd, 4319854.293, 98
Trd, 4319854.343, 92
Trd, 4319854.793, 85
Trd, 4319858.893, 140
Trd, 4319859.743, 140
Trd, 4319860.043, 140
Trd, 4319862.843, 140
Trd, 4319862.943, 140
Trd, 4319864.993, 126
Trd, 4319865.393, 119
Trd, 4319865.643, 100
Trd, 4319866.293, 97
Trd, 4319866.993, 139
Trd, 4319867.893, 135
Trd, 4319869.093, 139
Trd, 4319871.193, 122
Trd, 4319871.493, 100
Trd, 4319871.993, 135
Trd, 4319872.243, 100
Trd, 4319873.093, 111
Trd, 4319873.993, 131
Trd, 4319874.243, 130
Trd, 4319875.543, 121
Trd, 4319877.093, 140
Trd, 4319878.093, 127
Trd, 4319878.493, 88
Trd, 4319879.743, 137
Trd, 4319881.043, 129
Trd, 4319881.843, 121
Trd, 4319883.293, 136
Trd, 4319883.593, 121
Trd, 4319884.443, 140
Trd, 4319884.893, 111
Trd, 4319885.343, 139
Trd, 4319886.843, 110
Trd, 4319887.043, 139
Trd, 4319888.193, 137
Trd, 4319888.543, 134
Trd, 4319889.793, 107
Trd, 4319889.843, 104
Trd, 4319890.343, 108
Trd, 4319891.143, 139
Trd, 4319891.793, 125
Trd, 4319893.243, 116
Trd, 4319893.443, 137
Trd, 4319894.493, 140
Trd, 4319894.743, 138
Trd, 4319895.543, 114
Trd, 4319896.793, 139
Trd, 4319898.443, 137
Trd, 4319899.643, 140
Trd, 4319901.693, 140
Trd, 4319902.393, 139
Trd, 4319902.843, 114
Trd, 4319903.893, 105
Trd, 4319906.243, 138
Trd, 4319906.293, 137
Trd, 4319906.543, 134
Trd, 4319906.743, 97
Trd, 4319907.393, 91
Trd, 4319909.743, 140
Trd, 4319909.793, 123
Trd, 4319911.143, 136
Trd, 4319913.993, 140
Trd, 4319915.143, 140
Trd, 4319915.393, 127
Trd, 4319915.493, 121
Trd, 4319915.793, 137
Trd, 4319916.143, 120
Trd, 4319917.543, 99
Trd, 4319918.793, 139
Trd, 4319919.893, 140
Trd, 4319920.743, 140
Trd, 4319920.793, 139
Trd, 4319921.293, 115
Trd, 4319921.743, 105
Trd, 4319923.343, 100
Trd, 4319923.943, 90
Trd, 4319924.143, 111
Trd, 4319924.443, 111
Trd, 4319925.993, 118
Trd, 4319926.393, 78
Trd, 4319928.543, 140
Trd, 4319928.843, 138
Trd, 4319931.143, 132
Trd, 4319931.493, 132
Trd, 4319931.993, 123
Trd, 4319932.843, 132
Trd, 4319933.443, 123
Trd, 4319934.043, 133
Trd, 4319934.293, 104
Trd, 4319936.093, 140
Trd, 4319936.993, 138
Trd, 4319937.293, 137
Trd, 4319937.343, 117
Trd, 4319937.893, 69
Trd, 4319939.093, 132
Trd, 4319940.093, 140
Trd, 4319940.893, 127
Trd, 4319941.343, 140
Trd, 4319942.243, 103
Trd, 4319942.593, 94
Trd, 4319942.943, 125
Trd, 4319944.993, 131
Trd, 4319945.743, 99
Trd, 4319946.943, 130
Trd, 4319947.193, 100
Trd, 4319947.543, 135
Trd, 4319947.893, 110
Trd, 4319950.843, 139
Trd, 4319951.193, 133
Trd, 4319951.243, 117
Trd, 4319951.643, 72
Trd, 4319952.993, 140
Trd, 4319954.193, 140
Trd, 4319955.093, 139
Trd, 4319955.493, 139
Trd, 4319956.093, 139
Trd, 4319957.793, 136
Trd, 4319958.493, 124
Trd, 4319959.293, 133
Trd, 4319959.743, 135
Trd, 4319959.843, 132
Trd, 4319959.893, 115
Trd, 4319960.243, 123
Trd, 4319960.843, 140
Trd, 4319962.893, 140
Trd, 4319963.243, 140
Trd, 4319966.343, 140
Trd, 4319967.343, 138
Trd, 4319968.743, 102
Trd, 4319969.193, 126
Trd, 4319969.293, 111
Trd, 4319969.393, 82
Trd, 4319970.393, 77
Trd, 4319970.643, 104
Trd, 4319971.693, 138
Trd, 4319973.243, 105
Trd, 4319973.793, 136
Trd, 4319974.093, 127
Trd, 4319974.343, 119
Trd, 4319975.343, 127
Trd, 4319977.593, 140
Trd, 4319978.693, 140
Trd, 4319978.893, 138
Trd, 4319979.293, 125
Trd, 4319979.543, 132
Trd, 4319982.243, 140
Trd, 4319982.743, 123
Trd, 4319983.593, 122
Trd, 4319983.643, 118
Trd, 4319985.843, 128
Trd, 4319986.243, 122
Trd, 4319986.693, 140
Trd, 4319986.893, 140
Trd, 4319989.393, 131
Trd, 4319989.843, 116
Trd, 4319990.543, 109
Trd, 4319990.843, 95
Trd, 4319991.093, 125
Trd, 4319992.193, 70
Trd, 4319992.943, 83
Trd, 4319993.593, 60
Trd, 4319993.793, 60
Trd, 4319994.943, 105
Trd, 4319995.493, 101
Trd, 4319997.293, 140
Trd, 4319997.693, 140
Trd, 4319999.593, 137
Trd, 4319999.893, 135
