Trd, 4318156.293, 88
Trd, 4318156.643, 121
Trd, 4318157.043, 120
Trd, 4318157.243, 139
Trd, 4318158.343, 135
Trd, 4318158.393, 130
Trd, 4318159.393, 127
Trd, 4318160.043, 116
Trd, 4318160.093, 109
Trd, 4318160.793, 138
Trd, 4318161.543, 137
Trd, 4318161.643, 106
Trd, 4318162.493, 111
Trd, 4318163.343, 103
Trd, 4318163.593, 101
Trd, 4318163.743, 100
Trd, 4318164.593, 94
Trd, 4318166.443, 82
Trd, 4318166.593, 90
Trd, 4318167.343, 93
Trd, 4318168.243, 70
Trd, 4318168.593, 67
Trd, 4318169.193, 66
Trd, 4318169.243, 65
Trd, 4318169.593, 77
Trd, 4318170.093, 109
Trd, 4318171.343, 135
Trd, 4318171.643, 104
Trd, 4318171.693, 102
Trd, 4318171.993, 120
Trd, 4318173.543, 127
Trd, 4318174.643, 121
Trd, 4318175.243, 117
Trd, 4318175.293, 116
Trd, 4318175.643, 116
Trd, 4318175.693, 112
Trd, 4318176.743, 106
Trd, 4318177.343, 61
Trd, 4318178.293, 60
Trd, 4318178.593, 60
Trd, 4318178.843, 62
Trd, 4318179.793, 70
Trd, 4318181.093, 63
Trd, 4318181.243, 74
Trd, 4318181.493, 103
Trd, 4318183.143, 63
Trd, 4318184.343, 60
Trd, 4318184.443, 61
Trd, 4318185.143, 61
Trd, 4318186.093, 63
Trd, 4318186.293, 68
Trd, 4318187.043, 65
Trd, 4318187.593, 79
Trd, 4318187.643, 74
Trd, 4318187.893, 73
Trd, 4318188.243, 62
Trd, 4318188.693, 122
Trd, 4318189.993, 66
Trd, 4318190.193, 64
Trd, 4318191.193, 63
Trd, 4318192.043, 64
Trd, 4318192.643, 70
Trd, 4318193.693, 67
Trd, 4318193.893, 64
Trd, 4318194.043, 72
Trd, 4318195.493, 66
Trd, 4318196.743, 63
Trd, 4318196.993, 71
Trd, 4318197.793, 76
Trd, 4318197.843, 73
Trd, 4318198.243, 63
Trd, 4318199.343, 94
Trd, 4318200.293, 61
Trd, 4318200.693, 74
Trd, 4318200.893, 67
Trd, 4318201.593, 65
Trd, 4318201.693, 69
Trd, 4318203.093, 63
Trd, 4318203.543, 66
Trd, 4318204.043, 65
Trd, 4318204.593, 67
Trd, 4318205.343, 63
Trd, 4318205.593, 65
Trd, 4318206.993, 79
Trd, 4318207.293, 64
Trd, 4318208.193, 63
Trd, 4318208.543, 67
Trd, 4318209.593, 80
Trd, 4318209.793, 79
Trd, 4318210.793, 78
Trd, 4318211.193, 76
Trd, 4318211.893, 75
Trd, 4318212.843, 85
Trd, 4318212.893, 76
Trd, 4318213.543, 82
Trd, 4318213.943, 96
Trd, 4318214.043, 79
Trd, 4318214.343, 105
Trd, 4318214.643, 136
Trd, 4318214.943, 78
Trd, 4318216.443, 63
Trd, 4318216.843, 74
Trd, 4318217.943, 63
Trd, 4318218.393, 71
Trd, 4318218.993, 87
Trd, 4318219.443, 76
Trd, 4318220.593, 104
Trd, 4318220.743, 90
Trd, 4318220.793, 89
Trd, 4318221.343, 69
Trd, 4318222.443, 63
Trd, 4318223.593, 132
Trd, 4318223.893, 127
Trd, 4318223.993, 126
Trd, 4318224.143, 117
Trd, 4318224.343, 60
Trd, 4318225.693, 134
Trd, 4318226.443, 119
Trd, 4318227.093, 84
Trd, 4318228.693, 84
Trd, 4318228.843, 82
Trd, 4318229.443, 134
Trd, 4318229.893, 89
Trd, 4318230.143, 87
Trd, 4318230.293, 83
Trd, 4318231.993, 63
Trd, 4318232.993, 111
Trd, 4318234.693, 60
Trd, 4318235.243, 63
Trd, 4318235.343, 64
Trd, 4318235.593, 66
Trd, 4318235.793, 68
Trd, 4318236.393, 61
Trd, 4318236.893, 77
Trd, 4318237.343, 84
Trd, 4318238.893, 60
Trd, 4318240.143, 73
Trd, 4318240.743, 68
Trd, 4318240.943, 73
Trd, 4318242.693, 61
Trd, 4318243.443, 60
Trd, 4318243.543, 63
Trd, 4318244.343, 60
Trd, 4318244.543, 74
Trd, 4318245.243, 76
Trd, 4318245.493, 63
Trd, 4318245.993, 68
Trd, 4318246.693, 62
Trd, 4318249.643, 61
Trd, 4318249.943, 62
Trd, 4318250.243, 63
Trd, 4318250.593, 95
Trd, 4318251.143, 99
Trd, 4318251.193, 91
Trd, 4318251.743, 67
Trd, 4318251.893, 108
Trd, 4318254.143, 64
Trd, 4318255.743, 63
Trd, 4318257.293, 64
Trd, 4318257.493, 82
Trd, 4318258.293, 116
Trd, 4318258.393, 113
Trd, 4318258.443, 112
Trd, 4318259.543, 113
Trd, 4318259.993, 137
Trd, 4318260.193, 99
Trd, 4318260.893, 103
Trd, 4318261.293, 105
Trd, 4318262.043, 102
Trd, 4318263.393, 60
Trd, 4318265.443, 60
Trd, 4318266.793, 60
Trd, 4318267.893, 62
Trd, 4318268.993, 70
Trd, 4318269.143, 65
Trd, 4318269.193, 64
Trd, 4318269.293, 64
Trd, 4318269.643, 137
Trd, 4318270.593, 60
Trd, 4318271.693, 60
Trd, 4318273.243, 64
Trd, 4318274.343, 65
Trd, 4318274.393, 62
Trd, 4318274.593, 61
Trd, 4318275.543, 60
Trd, 4318276.993, 63
Trd, 4318278.993, 62
Trd, 4318279.593, 82
Trd, 4318280.043, 96
Trd, 4318280.143, 74
Trd, 4318281.193, 64
Trd, 4318281.343, 63
Trd, 4318281.543, 64
Trd, 4318281.743, 62
Trd, 4318282.193, 60
Trd, 4318282.343, 63
Trd, 4318285.543, 62
Trd, 4318286.193, 60
Trd, 4318286.893, 67
Trd, 4318287.293, 64
Trd, 4318287.743, 70
Trd, 4318288.043, 63
Trd, 4318288.393, 65
Trd, 4318289.293, 64
Trd, 4318289.593, 61
Trd, 4318290.293, 64
Trd, 4318290.393, 65
Trd, 4318290.693, 66
Trd, 4318291.243, 64
Trd, 4318291.743, 84
Trd, 4318293.543, 68
Trd, 4318294.243, 64
Trd, 4318294.293, 64
Trd, 4318294.793, 71
Trd, 4318295.093, 135
Trd, 4318295.293, 69
Trd, 4318295.743, 133
Trd, 4318296.043, 132
Trd, 4318296.243, 123
Trd, 4318298.993, 60
Trd, 4318299.793, 122
Trd, 4318300.243, 65
Trd, 4318300.893, 61
Trd, 4318302.693, 60
Trd, 4318302.843, 61
Trd, 4318303.443, 61
Trd, 4318303.993, 62
Trd, 4318304.393, 69
Trd, 4318305.693, 61
Trd, 4318306.593, 61
Trd, 4318307.293, 60
Trd, 4318308.293, 65
Trd, 4318308.493, 65
Trd, 4318308.643, 76
Trd, 4318309.343, 69
Trd, 4318311.143, 75
Trd, 4318311.443, 73
Trd, 4318311.893, 69
Trd, 4318311.943, 76
Trd, 4318312.893, 70
Trd, 4318313.193, 68
Trd, 4318313.243, 78
Trd, 4318314.693, 63
Trd, 4318316.243, 68
Trd, 4318316.643, 68
Trd, 4318317.593, 64
Trd, 4318318.743, 61
Trd, 4318319.693, 68
Trd, 4318319.943, 65
Trd, 4318320.193, 63
Trd, 4318320.943, 71
Trd, 4318321.293, 80
Trd, 4318321.343, 79
Trd, 4318322.143, 60
Trd, 4318323.543, 60
Trd, 4318324.843, 61
Trd, 4318325.593, 66
Trd, 4318326.643, 63
Trd, 4318327.443, 64
Trd, 4318329.043, 60
Trd, 4318330.343, 60
Trd, 4318330.593, 61
Trd, 4318330.843, 64
Trd, 4318331.293, 64
Trd, 4318332.243, 71
Trd, 4318332.893, 106
Trd, 4318333.443, 62
Trd, 4318333.593, 64
Trd, 4318334.193, 68
Trd, 4318334.943, 75
Trd, 4318335.193, 64
Trd, 4318335.793, 137
Trd, 4318336.343, 127
Trd, 4318336.993, 61
Trd, 4318338.043, 133
Trd, 4318338.593, 117
Trd, 4318339.643, 140
Trd, 4318339.893, 117
Trd, 4318339.993, 116
Trd, 4318340.143, 109
Trd, 4318340.343, 92
Trd, 4318340.743, 132
Trd, 4318341.493, 111
Trd, 4318341.593, 103
Trd, 4318341.743, 100
Trd, 4318342.593, 72
Trd, 4318343.993, 63
Trd, 4318344.993, 61
Trd, 4318345.443, 60
Trd, 4318345.593, 64
Trd, 4318347.243, 62
Trd, 4318347.743, 68
Trd, 4318348.293, 62
Trd, 4318348.593, 61
Trd, 4318349.143, 61
Trd, 4318349.643, 89
Trd, 4318350.243, 70
Trd, 4318350.343, 65
Trd, 4318351.043, 60
Trd, 4318351.243, 103
Trd, 4318352.993, 62
Trd, 4318355.243, 64
Trd, 4318355.443, 64
Trd, 4318355.593, 62
Trd, 4318355.943, 63
Trd, 4318357.393, 62
Trd, 4318357.643, 62
Trd, 4318357.993, 60
Trd, 4318358.243, 61
Trd, 4318358.393, 97
Trd, 4318358.493, 122
Trd, 4318359.293, 136
Trd, 4318361.243, 60
Trd, 4318362.443, 64
Trd, 4318362.843, 61
Trd, 4318362.893, 64
Trd, 4318363.393, 64
Trd, 4318364.993, 64
Trd, 4318365.193, 66
Trd, 4318365.293, 63
Trd, 4318366.043, 63
Trd, 4318367.643, 61
Trd, 4318368.643, 61
Trd, 4318369.093, 62
Trd, 4318369.193, 63
Trd, 4318369.293, 116
Trd, 4318370.243, 64
Trd, 4318370.443, 88
Trd, 4318371.143, 80
Trd, 4318371.693, 67
Trd, 4318372.193, 68
Trd, 4318372.693, 70
Trd, 4318372.943, 63
Trd, 4318373.193, 61
Trd, 4318375.493, 64
Trd, 4318378.393, 60
Trd, 4318379.143, 62
Trd, 4318379.493, 60
Trd, 4318381.093, 68
Trd, 4318381.543, 75
Trd, 4318381.643, 73
Trd, 4318382.093, 72
Trd, 4318383.843, 61
Trd, 4318384.293, 66
Trd, 4318384.793, 64
Trd, 4318385.493, 65
Trd, 4318386.093, 81
Trd, 4318386.293, 75
Trd, 4318387.443, 65
Trd, 4318387.893, 71
Trd, 4318388.843, 69
Trd, 4318389.043, 67
Trd, 4318389.093, 67
Trd, 4318389.243, 74
Trd, 4318390.093, 137
Trd, 4318390.643, 133
Trd, 4318390.843, 123
Trd, 4318392.043, 139
Trd, 4318392.643, 130
Trd, 4318394.443, 60
Trd, 4318394.593, 62
Trd, 4318396.443, 62
Trd, 4318397.693, 60
Trd, 4318398.743, 66
Trd, 4318399.093, 63
Trd, 4318399.193, 71
Trd, 4318400.543, 64
Trd, 4318400.843, 80
Trd, 4318401.743, 74
Trd, 4318402.343, 62
Trd, 4318402.693, 74
Trd, 4318403.093, 62
Trd, 4318403.393, 62
Trd, 4318404.043, 125
Trd, 4318404.093, 88
Trd, 4318405.093, 132
Trd, 4318406.143, 62
Trd, 4318406.593, 69
Trd, 4318407.643, 64
Trd, 4318408.743, 63
Trd, 4318408.793, 62
Trd, 4318409.443, 64
Trd, 4318409.843, 64
Trd, 4318410.243, 120
Trd, 4318411.593, 61
Trd, 4318412.393, 63
Trd, 4318413.143, 71
Trd, 4318413.243, 69
Trd, 4318413.743, 68
Trd, 4318413.843, 65
Trd, 4318414.443, 70
Trd, 4318415.443, 60
Trd, 4318415.593, 89
Trd, 4318417.543, 62
Trd, 4318418.443, 63
Trd, 4318418.943, 86
Trd, 4318418.993, 95
Trd, 4318419.093, 64
Trd, 4318419.493, 64
Trd, 4318420.793, 72
Trd, 4318421.243, 64
Trd, 4318421.393, 62
Trd, 4318422.493, 102
Trd, 4318424.643, 61
Trd, 4318424.893, 60
Trd, 4318425.743, 61
Trd, 4318426.693, 80
Trd, 4318426.843, 74
Trd, 4318427.243, 72
Trd, 4318427.443, 61
Trd, 4318427.543, 82
Trd, 4318428.643, 64
Trd, 4318429.293, 61
Trd, 4318429.443, 84
Trd, 4318430.493, 118
Trd, 4318431.593, 123
Trd, 4318431.943, 130
Trd, 4318432.243, 114
Trd, 4318432.393, 112
Trd, 4318433.093, 137
Trd, 4318433.543, 136
Trd, 4318435.393, 116
Trd, 4318435.493, 115
Trd, 4318436.543, 76
Trd, 4318436.643, 135
Trd, 4318437.343, 120
Trd, 4318438.643, 74
Trd, 4318439.493, 61
Trd, 4318440.143, 61
Trd, 4318440.243, 61
Trd, 4318440.893, 61
Trd, 4318441.093, 69
Trd, 4318441.493, 67
Trd, 4318442.743, 65
Trd, 4318445.393, 60
Trd, 4318445.543, 61
Trd, 4318445.993, 61
Trd, 4318447.243, 107
Trd, 4318447.793, 62
Trd, 4318448.293, 73
Trd, 4318449.543, 74
Trd, 4318449.743, 73
Trd, 4318450.193, 84
Trd, 4318452.043, 73
Trd, 4318452.543, 112
Trd, 4318453.343, 67
Trd, 4318453.443, 65
Trd, 4318454.293, 68
Trd, 4318455.793, 69
Trd, 4318458.643, 61
Trd, 4318458.943, 61
Trd, 4318459.443, 62
Trd, 4318459.893, 60
Trd, 4318459.993, 61
Trd, 4318461.543, 60
Trd, 4318461.943, 62
Trd, 4318462.993, 69
Trd, 4318463.643, 64
Trd, 4318465.093, 74
Trd, 4318465.293, 69
Trd, 4318466.043, 64
Trd, 4318466.443, 63
Trd, 4318466.493, 78
Trd, 4318466.993, 63
Trd, 4318468.193, 62
Trd, 4318468.343, 64
Trd, 4318469.343, 62
Trd, 4318470.743, 62
Trd, 4318472.793, 60
Trd, 4318472.893, 60
Trd, 4318473.143, 63
Trd, 4318474.343, 62
Trd, 4318474.443, 69
Trd, 4318475.043, 68
Trd, 4318476.243, 69
Trd, 4318476.343, 60
Trd, 4318477.443, 60
Trd, 4318478.543, 62
Trd, 4318478.693, 60
Trd, 4318481.243, 60
Trd, 4318481.293, 60
Trd, 4318482.343, 60
Trd, 4318483.093, 60
Trd, 4318483.993, 61
Trd, 4318484.143, 64
Trd, 4318484.593, 65
Trd, 4318485.943, 64
Trd, 4318486.243, 83
Trd, 4318486.393, 85
Trd, 4318487.343, 64
Trd, 4318488.293, 69
Trd, 4318488.843, 80
Trd, 4318490.543, 60
Trd, 4318491.443, 68
Trd, 4318493.193, 60
Trd, 4318494.043, 63
Trd, 4318494.193, 75
Trd, 4318494.443, 73
Trd, 4318494.493, 88
Trd, 4318494.543, 72
Trd, 4318496.843, 64
Trd, 4318496.893, 76
Trd, 4318497.843, 128
Trd, 4318498.343, 93
Trd, 4318499.093, 68
Trd, 4318499.743, 78
Trd, 4318500.293, 76
Trd, 4318501.093, 93
Trd, 4318501.493, 96
Trd, 4318501.643, 114
Trd, 4318501.743, 91
Trd, 4318501.893, 88
Trd, 4318503.743, 61
Trd, 4318505.893, 60
Trd, 4318506.243, 63
Trd, 4318506.593, 63
Trd, 4318506.743, 64
Trd, 4318507.193, 68
Trd, 4318507.943, 92
Trd, 4318508.243, 66
Trd, 4318508.393, 64
Trd, 4318508.693, 65
Trd, 4318509.793, 129
Trd, 4318510.993, 62
Trd, 4318512.043, 66
Trd, 4318512.743, 104
Trd, 4318513.493, 104
Trd, 4318513.693, 87
Trd, 4318513.893, 134
Trd, 4318514.793, 63
Trd, 4318516.443, 61
Trd, 4318516.643, 64
Trd, 4318516.943, 66
Trd, 4318517.493, 65
Trd, 4318517.593, 71
Trd, 4318518.493, 66
Trd, 4318518.743, 73
Trd, 4318518.843, 65
Trd, 4318519.893, 68
Trd, 4318520.743, 63
Trd, 4318521.843, 62
Trd, 4318522.893, 61
Trd, 4318523.643, 63
Trd, 4318523.793, 64
Trd, 4318525.193, 66
Trd, 4318525.943, 64
Trd, 4318526.043, 67
Trd, 4318526.493, 63
Trd, 4318528.543, 61
Trd, 4318530.143, 65
Trd, 4318531.143, 60
Trd, 4318531.443, 60
Trd, 4318532.493, 76
Trd, 4318533.143, 104
Trd, 4318533.343, 61
Trd, 4318533.693, 61
Trd, 4318534.193, 61
Trd, 4318534.443, 111
Trd, 4318536.093, 67
Trd, 4318536.343, 64
Trd, 4318536.943, 64
Trd, 4318538.093, 67
Trd, 4318539.493, 67
Trd, 4318539.643, 111
Trd, 4318540.443, 80
Trd, 4318540.943, 135
Trd, 4318541.443, 75
Trd, 4318542.293, 78
Trd, 4318542.793, 69
Trd, 4318543.243, 65
Trd, 4318543.293, 65
Trd, 4318544.093, 118
Trd, 4318544.493, 112
Trd, 4318545.343, 64
Trd, 4318545.693, 71
Trd, 4318547.593, 64
Trd, 4318548.043, 64
Trd, 4318548.493, 68
Trd, 4318549.143, 88
Trd, 4318549.993, 132
Trd, 4318550.193, 123
Trd, 4318550.443, 110
Trd, 4318551.293, 140
Trd, 4318551.543, 129
Trd, 4318552.893, 100
Trd, 4318553.243, 94
Trd, 4318553.993, 92
Trd, 4318554.743, 91
Trd, 4318554.843, 126
Trd, 4318555.443, 84
Trd, 4318556.693, 64
Trd, 4318557.293, 65
Trd, 4318557.393, 68
Trd, 4318557.593, 68
Trd, 4318558.393, 68
Trd, 4318558.543, 68
Trd, 4318558.793, 135
Trd, 4318559.343, 62
Trd, 4318561.343, 86
Trd, 4318562.293, 75
Trd, 4318562.593, 100
Trd, 4318563.293, 95
Trd, 4318563.543, 73
Trd, 4318563.993, 128
Trd, 4318564.443, 71
Trd, 4318564.693, 70
Trd, 4318566.043, 61
Trd, 4318567.643, 60
Trd, 4318567.793, 63
Trd, 4318568.993, 73
Trd, 4318570.393, 60
Trd, 4318570.443, 60
Trd, 4318570.993, 60
Trd, 4318572.043, 61
Trd, 4318572.193, 62
Trd, 4318572.843, 84
Trd, 4318573.393, 79
Trd, 4318573.593, 74
Trd, 4318573.743, 72
Trd, 4318575.093, 129
Trd, 4318575.243, 127
Trd, 4318575.743, 117
Trd, 4318576.893, 65
Trd, 4318577.493, 65
Trd, 4318577.793, 60
Trd, 4318577.943, 78
Trd, 4318578.443, 67
Trd, 4318578.843, 78
Trd, 4318580.043, 60
Trd, 4318580.293, 64
Trd, 4318580.443, 102
Trd, 4318581.143, 62
Trd, 4318582.943, 66
Trd, 4318584.643, 64
Trd, 4318584.893, 61
Trd, 4318587.343, 63
Trd, 4318587.843, 64
Trd, 4318588.143, 60
Trd, 4318588.743, 60
Trd, 4318588.843, 67
Trd, 4318589.893, 60
Trd, 4318590.993, 70
Trd, 4318592.243, 61
Trd, 4318592.393, 85
Trd, 4318593.343, 60
Trd, 4318594.343, 63
Trd, 4318594.993, 61
Trd, 4318596.243, 62
Trd, 4318597.443, 61
Trd, 4318597.943, 60
Trd, 4318598.093, 61
Trd, 4318598.893, 68
Trd, 4318599.093, 72
Trd, 4318599.293, 77
Trd, 4318600.493, 63
Trd, 4318601.543, 66
Trd, 4318602.743, 76
Trd, 4318603.343, 79
Trd, 4318603.493, 74
Trd, 4318604.043, 69
Trd, 4318604.393, 68
Trd, 4318604.643, 67
Trd, 4318604.793, 67
Trd, 4318605.493, 68
Trd, 4318605.743, 66
Trd, 4318606.393, 60
Trd, 4318608.193, 61
Trd, 4318608.843, 61
Trd, 4318610.243, 64
Trd, 4318611.893, 61
Trd, 4318611.993, 68
Trd, 4318612.443, 61
Trd, 4318614.193, 64
Trd, 4318614.893, 62
Trd, 4318615.843, 65
Trd, 4318615.893, 62
Trd, 4318616.593, 61
Trd, 4318616.893, 68
Trd, 4318617.143, 61
Trd, 4318617.943, 69
Trd, 4318618.543, 63
Trd, 4318619.293, 65
Trd, 4318619.743, 64
Trd, 4318620.043, 74
Trd, 4318620.393, 83
Trd, 4318620.593, 69
Trd, 4318620.843, 99
Trd, 4318621.343, 86
Trd, 4318622.293, 62
Trd, 4318623.643, 82
Trd, 4318624.893, 63
Trd, 4318625.093, 65
Trd, 4318625.993, 76
Trd, 4318626.343, 63
Trd, 4318627.343, 97
Trd, 4318627.393, 85
Trd, 4318627.493, 79
Trd, 4318627.793, 78
Trd, 4318629.043, 137
Trd, 4318629.443, 132
Trd, 4318630.143, 133
Trd, 4318631.243, 100
Trd, 4318632.293, 100
Trd, 4318632.843, 98
Trd, 4318633.043, 132
Trd, 4318633.143, 96
Trd, 4318634.393, 126
Trd, 4318635.443, 74
Trd, 4318635.693, 62
Trd, 4318636.293, 122
Trd, 4318636.493, 132
Trd, 4318637.243, 76
Trd, 4318637.593, 70
Trd, 4318637.693, 98
Trd, 4318638.443, 106
Trd, 4318641.793, 62
Trd, 4318642.043, 65
Trd, 4318642.493, 60
Trd, 4318643.193, 60
Trd, 4318643.393, 62
Trd, 4318644.143, 62
Trd, 4318644.543, 63
Trd, 4318644.893, 68
Trd, 4318645.243, 99
Trd, 4318646.193, 62
Trd, 4318646.443, 63
Trd, 4318646.543, 64
Trd, 4318646.893, 62
Trd, 4318648.093, 69
Trd, 4318650.243, 61
Trd, 4318650.993, 61
Trd, 4318651.543, 67
Trd, 4318651.843, 61
Trd, 4318652.293, 102
Trd, 4318652.543, 70
Trd, 4318653.343, 135
Trd, 4318653.643, 72
Trd, 4318654.093, 65
Trd, 4318654.893, 62
Trd, 4318655.343, 64
Trd, 4318656.443, 61
Trd, 4318657.793, 67
Trd, 4318657.893, 84
Trd, 4318658.843, 63
Trd, 4318659.793, 62
Trd, 4318659.893, 69
Trd, 4318660.293, 69
Trd, 4318661.193, 73
Trd, 4318662.243, 61
Trd, 4318663.143, 61
Trd, 4318663.393, 64
Trd, 4318664.693, 60
Trd, 4318665.043, 61
Trd, 4318665.393, 63
Trd, 4318665.493, 62
Trd, 4318665.743, 73
Trd, 4318665.793, 71
Trd, 4318667.193, 60
Trd, 4318667.743, 61
Trd, 4318669.193, 61
Trd, 4318669.743, 62
Trd, 4318670.943, 63
Trd, 4318671.243, 67
Trd, 4318671.643, 93
Trd, 4318671.943, 66
Trd, 4318672.193, 67
Trd, 4318672.293, 65
Trd, 4318672.793, 89
Trd, 4318674.593, 60
Trd, 4318675.293, 61
Trd, 4318675.643, 68
Trd, 4318676.293, 105
Trd, 4318677.043, 66
Trd, 4318678.093, 65
Trd, 4318678.893, 130
Trd, 4318679.193, 132
Trd, 4318679.693, 130
Trd, 4318680.443, 128
Trd, 4318680.743, 119
Trd, 4318681.193, 117
Trd, 4318681.243, 109
Trd, 4318681.843, 108
Trd, 4318682.793, 130
Trd, 4318683.643, 140
Trd, 4318683.693, 139
Trd, 4318684.143, 137
Trd, 4318685.093, 119
Trd, 4318685.343, 118
Trd, 4318685.743, 107
Trd, 4318685.993, 108
Trd, 4318687.393, 137
Trd, 4318687.993, 139
Trd, 4318688.193, 100
Trd, 4318689.493, 79
Trd, 4318689.593, 78
Trd, 4318690.243, 103
Trd, 4318690.493, 102
Trd, 4318691.193, 77
Trd, 4318691.593, 70
Trd, 4318693.193, 62
Trd, 4318693.593, 74
Trd, 4318694.943, 60
Trd, 4318696.393, 60
Trd, 4318697.493, 62
Trd, 4318698.693, 61
Trd, 4318698.793, 63
Trd, 4318700.043, 60
Trd, 4318700.293, 76
Trd, 4318701.043, 61
Trd, 4318701.243, 82
Trd, 4318703.093, 62
Trd, 4318703.243, 62
Trd, 4318703.343, 61
Trd, 4318703.443, 68
Trd, 4318704.443, 116
Trd, 4318705.043, 140
Trd, 4318705.093, 126
Trd, 4318705.193, 118
Trd, 4318706.143, 122
Trd, 4318706.693, 65
Trd, 4318706.843, 62
Trd, 4318707.793, 95
Trd, 4318708.743, 133
Trd, 4318709.993, 135
Trd, 4318711.843, 60
Trd, 4318713.493, 60
Trd, 4318713.743, 60
Trd, 4318714.043, 70
Trd, 4318714.293, 65
Trd, 4318714.393, 125
Trd, 4318715.393, 60
Trd, 4318716.793, 64
Trd, 4318717.343, 61
Trd, 4318717.443, 60
Trd, 4318718.043, 138
Trd, 4318718.343, 137
Trd, 4318718.543, 132
Trd, 4318718.693, 126
Trd, 4318719.743, 138
Trd, 4318720.793, 128
Trd, 4318721.343, 117
Trd, 4318721.943, 115
Trd, 4318722.493, 136
Trd, 4318723.143, 131
Trd, 4318723.243, 129
Trd, 4318723.693, 115
Trd, 4318724.443, 99
Trd, 4318725.343, 62
Trd, 4318725.593, 66
Trd, 4318727.343, 137
Trd, 4318727.393, 136
Trd, 4318730.193, 62
Trd, 4318730.243, 64
Trd, 4318730.643, 65
Trd, 4318730.693, 68
Trd, 4318731.643, 65
Trd, 4318733.343, 62
Trd, 4318733.543, 65
Trd, 4318733.843, 66
Trd, 4318735.593, 78
Trd, 4318735.693, 66
Trd, 4318735.843, 63
Trd, 4318736.143, 61
Trd, 4318737.343, 67
Trd, 4318737.593, 75
Trd, 4318737.743, 66
Trd, 4318738.243, 67
Trd, 4318739.343, 61
Trd, 4318740.043, 125
Trd, 4318740.343, 121
Trd, 4318741.093, 90
Trd, 4318742.093, 93
Trd, 4318742.293, 89
Trd, 4318742.593, 82
Trd, 4318742.893, 111
Trd, 4318742.943, 101
Trd, 4318743.093, 117
Trd, 4318743.893, 98
Trd, 4318745.693, 60
Trd, 4318746.193, 71
Trd, 4318747.393, 64
Trd, 4318747.693, 65
Trd, 4318748.343, 63
Trd, 4318749.993, 87
Trd, 4318750.593, 88
Trd, 4318750.993, 83
Trd, 4318752.143, 75
Trd, 4318752.943, 138
Trd, 4318753.243, 95
Trd, 4318755.393, 60
Trd, 4318756.043, 66
Trd, 4318756.243, 63
Trd, 4318756.443, 67
Trd, 4318756.493, 68
Trd, 4318757.493, 67
Trd, 4318758.093, 73
Trd, 4318759.643, 140
Trd, 4318759.693, 119
Trd, 4318760.093, 66
Trd, 4318760.443, 65
Trd, 4318761.243, 64
Trd, 4318762.743, 60
Trd, 4318763.643, 88
Trd, 4318764.193, 61
Trd, 4318764.593, 63
Trd, 4318764.643, 76
Trd, 4318767.593, 60
Trd, 4318767.743, 63
Trd, 4318768.493, 64
Trd, 4318768.993, 66
Trd, 4318769.043, 121
Trd, 4318769.793, 78
Trd, 4318770.593, 66
Trd, 4318771.893, 61
Trd, 4318772.343, 61
Trd, 4318772.843, 69
Trd, 4318773.143, 64
Trd, 4318773.393, 65
Trd, 4318773.693, 138
Trd, 4318773.943, 133
Trd, 4318774.743, 62
Trd, 4318775.743, 89
Trd, 4318776.693, 91
Trd, 4318778.243, 64
Trd, 4318778.343, 65
Trd, 4318778.743, 64
Trd, 4318779.393, 60
Trd, 4318779.843, 60
Trd, 4318780.893, 61
Trd, 4318781.193, 70
Trd, 4318782.343, 93
Trd, 4318782.443, 68
Trd, 4318783.493, 113
Trd, 4318783.543, 85
Trd, 4318784.343, 88
Trd, 4318784.493, 88
Trd, 4318785.143, 61
Trd, 4318785.693, 80
Trd, 4318786.643, 65
Trd, 4318787.193, 71
Trd, 4318787.743, 71
Trd, 4318788.093, 62
Trd, 4318788.443, 61
Trd, 4318789.193, 73
Trd, 4318789.693, 60
Trd, 4318790.243, 71
Trd, 4318791.993, 60
Trd, 4318792.043, 60
Trd, 4318795.643, 62
Trd, 4318795.693, 66
Trd, 4318796.343, 60
Trd, 4318796.693, 60
Trd, 4318798.043, 60
Trd, 4318798.093, 62
Trd, 4318798.943, 61
Trd, 4318799.043, 60
Trd, 4318799.143, 64
Trd, 4318800.093, 64
Trd, 4318800.693, 65
Trd, 4318801.643, 60
Trd, 4318802.043, 60
Trd, 4318802.143, 60
Trd, 4318803.143, 65
Trd, 4318803.743, 136
Trd, 4318803.793, 131
Trd, 4318804.093, 113
Trd, 4318805.743, 63
Trd, 4318806.593, 64
Trd, 4318810.343, 66
Trd, 4318810.493, 63
Trd, 4318811.793, 64
Trd, 4318812.393, 65
Trd, 4318812.493, 94
Trd, 4318813.143, 66
Trd, 4318813.743, 70
Trd, 4318814.493, 140
Trd, 4318814.543, 136
Trd, 4318815.343, 72
Trd, 4318815.393, 67
Trd, 4318816.093, 65
Trd, 4318816.693, 63
Trd, 4318816.743, 88
Trd, 4318817.693, 64
Trd, 4318818.343, 64
Trd, 4318818.943, 64
Trd, 4318819.343, 139
Trd, 4318819.993, 88
Trd, 4318820.943, 60
Trd, 4318820.993, 78
Trd, 4318821.543, 61
Trd, 4318822.043, 132
Trd, 4318822.693, 120
Trd, 4318823.093, 112
Trd, 4318823.393, 111
Trd, 4318824.993, 94
Trd, 4318825.243, 126
Trd, 4318825.593, 88
Trd, 4318825.643, 85
Trd, 4318826.193, 140
Trd, 4318826.843, 140
Trd, 4318828.093, 103
Trd, 4318828.993, 102
Trd, 4318829.693, 96
Trd, 4318831.043, 96
Trd, 4318831.543, 95
Trd, 4318831.993, 94
Trd, 4318832.143, 93
Trd, 4318832.793, 92
Trd, 4318833.343, 136
Trd, 4318834.193, 128
Trd, 4318834.643, 106
Trd, 4318835.293, 116
Trd, 4318835.543, 107
Trd, 4318836.193, 136
Trd, 4318836.943, 105
Trd, 4318837.743, 133
Trd, 4318837.993, 102
Trd, 4318838.343, 102
Trd, 4318838.893, 93
Trd, 4318840.093, 135
Trd, 4318840.443, 123
Trd, 4318841.143, 113
Trd, 4318842.593, 119
Trd, 4318842.743, 111
Trd, 4318842.893, 127
Trd, 4318843.193, 115
Trd, 4318843.943, 111
Trd, 4318843.993, 103
Trd, 4318844.343, 116
Trd, 4318844.743, 98
Trd, 4318844.993, 61
Trd, 4318845.693, 80
Trd, 4318846.893, 125
Trd, 4318846.943, 117
Trd, 4318847.143, 66
Trd, 4318849.993, 60
Trd, 4318851.193, 62
Trd, 4318851.693, 64
Trd, 4318852.393, 63
Trd, 4318853.193, 60
Trd, 4318853.243, 66
Trd, 4318853.793, 65
Trd, 4318854.293, 66
Trd, 4318854.593, 71
Trd, 4318855.793, 131
Trd, 4318856.443, 130
Trd, 4318856.693, 126
Trd, 4318856.743, 120
Trd, 4318857.043, 112
Trd, 4318857.593, 79
Trd, 4318859.993, 62
Trd, 4318860.893, 60
Trd, 4318861.343, 62
Trd, 4318861.793, 63
Trd, 4318862.443, 69
Trd, 4318862.793, 65
Trd, 4318863.143, 65
Trd, 4318863.193, 73
Trd, 4318863.693, 60
Trd, 4318864.243, 65
Trd, 4318864.643, 67
Trd, 4318865.393, 68
Trd, 4318866.393, 62
Trd, 4318868.493, 60
Trd, 4318868.993, 60
Trd, 4318869.043, 63
Trd, 4318869.143, 64
Trd, 4318869.693, 60
Trd, 4318869.843, 74
Trd, 4318870.893, 91
Trd, 4318872.043, 62
Trd, 4318872.143, 69
Trd, 4318872.193, 71
Trd, 4318872.593, 61
Trd, 4318874.543, 61
Trd, 4318875.543, 68
Trd, 4318875.793, 77
Trd, 4318877.743, 63
Trd, 4318878.143, 60
Trd, 4318878.193, 68
Trd, 4318878.843, 60
Trd, 4318879.343, 62
Trd, 4318879.543, 65
Trd, 4318880.043, 63
Trd, 4318880.893, 60
Trd, 4318882.593, 61
Trd, 4318882.893, 60
Trd, 4318883.093, 62
Trd, 4318883.143, 63
Trd, 4318883.393, 73
Trd, 4318885.343, 66
Trd, 4318886.093, 140
Trd, 4318886.143, 125
Trd, 4318886.293, 112
Trd, 4318887.343, 100
Trd, 4318887.543, 88
Trd, 4318888.243, 88
Trd, 4318888.493, 87
Trd, 4318888.693, 81
Trd, 4318888.993, 75
Trd, 4318889.043, 105
Trd, 4318889.393, 73
Trd, 4318891.893, 64
Trd, 4318892.943, 73
Trd, 4318894.043, 61
Trd, 4318894.393, 66
Trd, 4318894.993, 95
Trd, 4318895.293, 85
Trd, 4318895.843, 68
Trd, 4318896.293, 77
Trd, 4318896.693, 68
Trd, 4318897.093, 73
Trd, 4318897.243, 71
Trd, 4318898.443, 94
Trd, 4318898.693, 140
Trd, 4318898.943, 94
Trd, 4318899.243, 109
Trd, 4318899.893, 133
Trd, 4318900.793, 124
Trd, 4318901.243, 133
Trd, 4318902.043, 128
Trd, 4318902.093, 119
Trd, 4318902.793, 129
Trd, 4318902.993, 99
Trd, 4318903.193, 95
Trd, 4318904.443, 97
Trd, 4318905.343, 139
Trd, 4318905.843, 138
Trd, 4318905.943, 137
Trd, 4318906.143, 126
Trd, 4318906.293, 91
Trd, 4318907.193, 124
Trd, 4318908.693, 61
Trd, 4318909.393, 67
Trd, 4318910.643, 92
Trd, 4318911.293, 95
Trd, 4318911.793, 88
Trd, 4318912.043, 81
Trd, 4318912.593, 91
Trd, 4318913.143, 81
Trd, 4318913.393, 72
Trd, 4318914.493, 67
Trd, 4318914.693, 74
Trd, 4318917.293, 70
Trd, 4318917.743, 64
Trd, 4318918.443, 69
Trd, 4318919.193, 63
Trd, 4318920.343, 62
Trd, 4318920.493, 62
Trd, 4318920.743, 80
Trd, 4318921.743, 61
Trd, 4318921.793, 63
Trd, 4318923.293, 64
Trd, 4318924.093, 76
Trd, 4318924.293, 133
Trd, 4318925.193, 133
Trd, 4318925.293, 132
Trd, 4318925.443, 131
Trd, 4318925.543, 127
Trd, 4318925.693, 126
Trd, 4318926.293, 138
Trd, 4318927.043, 125
Trd, 4318927.593, 89
Trd, 4318928.193, 81
Trd, 4318930.193, 62
Trd, 4318931.293, 60
Trd, 4318932.393, 61
Trd, 4318933.343, 68
Trd, 4318933.893, 87
Trd, 4318933.943, 74
Trd, 4318934.043, 85
Trd, 4318934.243, 72
Trd, 4318934.843, 86
Trd, 4318935.143, 84
Trd, 4318935.693, 64
Trd, 4318935.843, 136
Trd, 4318937.193, 64
Trd, 4318939.093, 68
Trd, 4318939.443, 61
Trd, 4318940.093, 61
Trd, 4318940.993, 61
Trd, 4318941.293, 63
Trd, 4318941.943, 60
Trd, 4318942.143, 91
Trd, 4318942.743, 62
Trd, 4318944.143, 69
Trd, 4318944.293, 78
Trd, 4318944.543, 77
Trd, 4318944.893, 64
Trd, 4318945.293, 74
Trd, 4318945.693, 64
Trd, 4318946.543, 60
Trd, 4318947.393, 66
Trd, 4318948.543, 60
Trd, 4318949.293, 61
Trd, 4318950.343, 62
Trd, 4318950.893, 63
Trd, 4318951.193, 70
Trd, 4318952.143, 71
Trd, 4318952.493, 69
Trd, 4318952.793, 68
Trd, 4318953.343, 64
Trd, 4318954.893, 60
Trd, 4318956.543, 63
Trd, 4318957.193, 65
Trd, 4318957.393, 130
Trd, 4318958.193, 66
Trd, 4318958.443, 68
Trd, 4318958.593, 64
Trd, 4318959.643, 95
Trd, 4318960.143, 68
Trd, 4318960.893, 92
Trd, 4318960.943, 91
Trd, 4318962.393, 85
Trd, 4318962.543, 84
Trd, 4318963.243, 132
Trd, 4318963.743, 85
Trd, 4318964.493, 96
Trd, 4318964.543, 95
Trd, 4318965.093, 70
Trd, 4318965.443, 83
Trd, 4318966.193, 66
Trd, 4318966.843, 66
Trd, 4318967.243, 65
Trd, 4318968.843, 70
Trd, 4318969.193, 73
Trd, 4318970.343, 76
Trd, 4318970.443, 69
Trd, 4318970.693, 68
Trd, 4318970.743, 78
Trd, 4318971.343, 69
Trd, 4318972.493, 63
Trd, 4318973.393, 66
Trd, 4318974.393, 71
Trd, 4318974.693, 68
Trd, 4318975.893, 66
Trd, 4318976.293, 98
Trd, 4318977.293, 61
Trd, 4318980.043, 62
Trd, 4318980.693, 62
Trd, 4318982.243, 62
Trd, 4318982.593, 63
Trd, 4318983.193, 62
Trd, 4318983.393, 66
Trd, 4318983.993, 62
Trd, 4318985.043, 79
Trd, 4318985.743, 130
Trd, 4318985.943, 129
Trd, 4318986.143, 63
Trd, 4318986.193, 62
Trd, 4318987.643, 61
Trd, 4318988.343, 70
Trd, 4318988.443, 79
Trd, 4318988.693, 93
Trd, 4318990.343, 64
Trd, 4318990.793, 73
Trd, 4318991.243, 77
Trd, 4318991.493, 105
Trd, 4318991.643, 95
Trd, 4318992.343, 94
Trd, 4318993.143, 95
Trd, 4318993.793, 91
Trd, 4318994.193, 139
Trd, 4318994.943, 137
Trd, 4318996.093, 139
Trd, 4318996.443, 134
Trd, 4318997.593, 134
Trd, 4318997.943, 133
Trd, 4318998.143, 130
Trd, 4318998.293, 125
Trd, 4318998.693, 123
Trd, 4318999.043, 112
Trd, 4319000.293, 63
Trd, 4319000.443, 127
Trd, 4319002.543, 63
Trd, 4319003.293, 68
Trd, 4319003.893, 91
Trd, 4319004.143, 63
Trd, 4319005.543, 62
Trd, 4319005.643, 64
Trd, 4319006.593, 63
Trd, 4319007.493, 61
Trd, 4319008.043, 62
Trd, 4319008.843, 60
Trd, 4319010.143, 64
Trd, 4319010.593, 64
Trd, 4319010.943, 78
Trd, 4319011.043, 65
Trd, 4319011.393, 64
Trd, 4319012.093, 70
Trd, 4319012.593, 64
Trd, 4319015.393, 63
Trd, 4319015.693, 63
Trd, 4319015.893, 63
Trd, 4319016.543, 60
Trd, 4319017.093, 62
Trd, 4319017.543, 67
Trd, 4319017.693, 69
Trd, 4319018.893, 69
Trd, 4319020.793, 77
Trd, 4319020.893, 70
Trd, 4319021.343, 87
Trd, 4319022.143, 70
Trd, 4319022.243, 78
Trd, 4319022.293, 68
Trd, 4319022.743, 64
Trd, 4319024.393, 61
Trd, 4319025.093, 64
Trd, 4319025.243, 71
Trd, 4319027.093, 62
Trd, 4319027.293, 68
Trd, 4319027.743, 71
Trd, 4319029.043, 92
Trd, 4319029.393, 87
Trd, 4319029.693, 83
Trd, 4319029.743, 82
Trd, 4319029.893, 94
Trd, 4319031.293, 139
Trd, 4319031.743, 129
Trd, 4319031.793, 118
Trd, 4319031.993, 137
Trd, 4319032.743, 129
Trd, 4319032.893, 101
Trd, 4319033.493, 62
Trd, 4319035.443, 62
Trd, 4319038.993, 62
Trd, 4319040.093, 71
Trd, 4319040.143, 71
Trd, 4319040.193, 69
Trd, 4319040.243, 73
Trd, 4319040.943, 70
Trd, 4319041.293, 70
Trd, 4319041.743, 64
Trd, 4319041.843, 65
Trd, 4319042.093, 96
Trd, 4319042.493, 83
Trd, 4319043.243, 69
Trd, 4319045.893, 61
Trd, 4319046.993, 64
Trd, 4319047.743, 73
Trd, 4319047.993, 93
Trd, 4319048.193, 91
Trd, 4319048.293, 88
Trd, 4319048.593, 93
Trd, 4319049.443, 61
Trd, 4319050.243, 60
Trd, 4319051.693, 72
Trd, 4319052.443, 71
Trd, 4319053.043, 124
Trd, 4319053.443, 140
Trd, 4319053.793, 140
Trd, 4319054.293, 127
Trd, 4319055.693, 61
Trd, 4319056.243, 62
Trd, 4319056.743, 65
Trd, 4319057.343, 66
Trd, 4319058.843, 67
Trd, 4319059.343, 68
Trd, 4319059.993, 68
Trd, 4319061.343, 70
Trd, 4319061.393, 69
Trd, 4319061.893, 100
Trd, 4319062.143, 79
Trd, 4319062.943, 64
Trd, 4319063.893, 63
Trd, 4319064.843, 63
Trd, 4319064.893, 69
Trd, 4319065.893, 61
Trd, 4319068.093, 61
Trd, 4319068.543, 60
Trd, 4319069.443, 67
Trd, 4319069.593, 67
Trd, 4319070.493, 68
Trd, 4319071.293, 73
Trd, 4319071.543, 63
Trd, 4319071.943, 101
Trd, 4319072.593, 66
Trd, 4319072.943, 60
Trd, 4319073.243, 85
Trd, 4319073.693, 94
Trd, 4319075.143, 67
Trd, 4319075.893, 62
Trd, 4319076.393, 62
Trd, 4319076.543, 63
Trd, 4319076.843, 70
Trd, 4319077.243, 68
Trd, 4319078.043, 71
Trd, 4319078.543, 82
Trd, 4319079.043, 65
Trd, 4319080.543, 61
Trd, 4319081.093, 137
Trd, 4319083.543, 61
Trd, 4319083.643, 62
Trd, 4319084.443, 63
Trd, 4319085.443, 64
Trd, 4319086.243, 64
Trd, 4319086.793, 68
Trd, 4319087.443, 65
Trd, 4319087.943, 67
Trd, 4319088.143, 79
Trd, 4319088.693, 65
Trd, 4319088.793, 74
Trd, 4319089.093, 63
Trd, 4319089.143, 60
Trd, 4319090.243, 63
Trd, 4319092.593, 61
Trd, 4319093.143, 62
Trd, 4319093.393, 61
Trd, 4319094.743, 60
Trd, 4319094.793, 74
Trd, 4319096.443, 67
Trd, 4319096.793, 80
Trd, 4319097.343, 61
Trd, 4319097.843, 66
Trd, 4319098.243, 62
Trd, 4319098.643, 109
Trd, 4319099.243, 63
Trd, 4319100.043, 107
Trd, 4319100.843, 88
Trd, 4319101.143, 88
Trd, 4319101.343, 63
Trd, 4319101.843, 74
Trd, 4319102.143, 62
Trd, 4319103.393, 62
Trd, 4319105.043, 66
Trd, 4319105.993, 63
Trd, 4319106.693, 62
Trd, 4319107.243, 66
Trd, 4319107.793, 66
Trd, 4319108.393, 61
Trd, 4319108.543, 71
Trd, 4319109.843, 139
Trd, 4319110.093, 138
Trd, 4319110.293, 126
Trd, 4319111.293, 135
Trd, 4319111.593, 134
Trd, 4319111.793, 129
Trd, 4319112.043, 62
Trd, 4319113.143, 140
Trd, 4319114.343, 107
Trd, 4319114.393, 104
Trd, 4319115.293, 132
Trd, 4319115.543, 113
Trd, 4319116.193, 98
Trd, 4319116.243, 92
Trd, 4319117.093, 91
Trd, 4319117.393, 90
Trd, 4319119.543, 135
Trd, 4319119.743, 131
Trd, 4319119.793, 123
Trd, 4319120.493, 61
Trd, 4319121.493, 62
Trd, 4319122.743, 62
Trd, 4319123.343, 60
Trd, 4319125.193, 60
Trd, 4319125.643, 60
Trd, 4319126.243, 60
Trd, 4319127.443, 62
Trd, 4319128.893, 60
Trd, 4319129.293, 60
Trd, 4319129.493, 68
Trd, 4319129.943, 60
Trd, 4319131.843, 72
Trd, 4319132.143, 66
Trd, 4319132.943, 69
Trd, 4319134.193, 117
Trd, 4319134.543, 112
Trd, 4319135.343, 127
Trd, 4319135.943, 137
Trd, 4319136.843, 124
Trd, 4319136.893, 115
Trd, 4319137.793, 65
Trd, 4319138.743, 62
Trd, 4319139.093, 60
Trd, 4319140.743, 63
Trd, 4319142.343, 60
Trd, 4319142.993, 62
Trd, 4319143.293, 60
Trd, 4319144.543, 62
Trd, 4319144.993, 62
Trd, 4319145.443, 97
Trd, 4319145.543, 70
Trd, 4319145.943, 70
Trd, 4319148.693, 64
Trd, 4319149.093, 68
Trd, 4319149.293, 60
Trd, 4319150.693, 64
Trd, 4319151.693, 77
Trd, 4319152.043, 78
Trd, 4319152.193, 77
Trd, 4319152.393, 72
Trd, 4319152.993, 72
Trd, 4319153.143, 83
Trd, 4319153.293, 69
Trd, 4319155.193, 61
Trd, 4319155.993, 60
Trd, 4319156.693, 66
Trd, 4319156.943, 61
Trd, 4319157.293, 88
Trd, 4319157.793, 119
Trd, 4319158.143, 140
Trd, 4319159.193, 86
Trd, 4319159.593, 86
Trd, 4319159.793, 84
Trd, 4319160.043, 83
Trd, 4319160.693, 90
Trd, 4319161.943, 100
Trd, 4319163.643, 99
Trd, 4319164.093, 99
Trd, 4319164.743, 99
Trd, 4319165.443, 92
Trd, 4319165.793, 81
Trd, 4319165.893, 77
Trd, 4319166.693, 134
Trd, 4319166.993, 133
Trd, 4319167.343, 129
Trd, 4319167.893, 120
Trd, 4319168.043, 119
Trd, 4319168.443, 118
Trd, 4319169.543, 117
Trd, 4319169.593, 111
Trd, 4319170.843, 116
Trd, 4319171.393, 104
Trd, 4319171.593, 102
Trd, 4319172.043, 139
Trd, 4319172.293, 129
Trd, 4319172.693, 94
Trd, 4319173.443, 122
Trd, 4319174.343, 133
Trd, 4319174.443, 131
Trd, 4319175.593, 92
Trd, 4319176.093, 83
Trd, 4319177.193, 85
Trd, 4319177.293, 84
Trd, 4319178.743, 63
Trd, 4319178.793, 70
Trd, 4319179.043, 62
Trd, 4319179.243, 62
Trd, 4319179.493, 96
Trd, 4319179.793, 61
Trd, 4319181.643, 64
Trd, 4319181.893, 81
Trd, 4319182.043, 62
Trd, 4319182.793, 62
Trd, 4319183.193, 92
Trd, 4319183.543, 72
Trd, 4319183.793, 66
Trd, 4319185.443, 73
Trd, 4319186.693, 63
Trd, 4319187.293, 68
Trd, 4319187.943, 63
Trd, 4319189.393, 61
Trd, 4319189.543, 64
Trd, 4319190.893, 65
Trd, 4319191.443, 62
Trd, 4319192.043, 63
Trd, 4319192.443, 61
Trd, 4319192.743, 64
Trd, 4319193.943, 67
Trd, 4319194.343, 75
Trd, 4319194.643, 64
Trd, 4319194.793, 74
Trd, 4319195.643, 87
Trd, 4319196.443, 95
Trd, 4319197.443, 70
Trd, 4319197.743, 69
Trd, 4319197.943, 65
Trd, 4319198.243, 65
Trd, 4319198.693, 62
Trd, 4319198.743, 67
Trd, 4319199.343, 61
Trd, 4319200.593, 97
Trd, 4319201.543, 63
Trd, 4319201.893, 62
Trd, 4319202.093, 75
Trd, 4319202.743, 64
Trd, 4319203.093, 60
Trd, 4319203.893, 60
Trd, 4319204.243, 61
Trd, 4319205.843, 67
Trd, 4319206.693, 67
Trd, 4319207.143, 66
Trd, 4319207.443, 88
Trd, 4319207.593, 125
Trd, 4319208.343, 101
Trd, 4319208.543, 93
Trd, 4319208.643, 90
Trd, 4319209.793, 83
Trd, 4319209.893, 69
Trd, 4319210.443, 91
Trd, 4319211.493, 85
Trd, 4319211.793, 127
Trd, 4319213.693, 63
Trd, 4319215.143, 63
Trd, 4319215.693, 60
Trd, 4319216.143, 65
Trd, 4319216.293, 62
Trd, 4319217.893, 62
Trd, 4319218.993, 72
Trd, 4319219.593, 69
Trd, 4319220.443, 87
Trd, 4319220.543, 70
Trd, 4319220.893, 70
Trd, 4319220.993, 69
Trd, 4319221.093, 135
Trd, 4319223.143, 68
Trd, 4319223.593, 68
Trd, 4319223.993, 74
Trd, 4319224.043, 62
Trd, 4319225.693, 60
Trd, 4319228.343, 60
Trd, 4319228.393, 64
Trd, 4319230.143, 60
Trd, 4319231.093, 61
Trd, 4319231.543, 60
Trd, 4319231.593, 64
Trd, 4319231.793, 63
Trd, 4319232.543, 64
Trd, 4319232.693, 61
Trd, 4319232.843, 62
Trd, 4319233.393, 69
Trd, 4319234.543, 61
Trd, 4319234.593, 76
Trd, 4319236.093, 66
Trd, 4319236.343, 64
Trd, 4319236.643, 62
Trd, 4319238.193, 66
Trd, 4319238.593, 61
Trd, 4319238.843, 61
Trd, 4319238.943, 70
Trd, 4319240.393, 128
Trd, 4319241.443, 63
Trd, 4319241.593, 66
Trd, 4319241.743, 62
Trd, 4319242.043, 99
Trd, 4319242.943, 71
Trd, 4319243.743, 60
Trd, 4319244.543, 63
Trd, 4319245.893, 61
Trd, 4319246.143, 60
Trd, 4319246.243, 66
Trd, 4319246.643, 78
Trd, 4319248.793, 60
Trd, 4319250.193, 60
Trd, 4319250.493, 61
Trd, 4319251.043, 60
Trd, 4319252.293, 62
Trd, 4319253.593, 60
Trd, 4319253.943, 69
Trd, 4319254.543, 63
Trd, 4319254.893, 69
Trd, 4319256.043, 70
Trd, 4319256.243, 71
Trd, 4319256.893, 68
Trd, 4319257.793, 84
Trd, 4319258.043, 68
Trd, 4319258.193, 68
Trd, 4319258.593, 68
Trd, 4319259.993, 60
Trd, 4319260.543, 71
Trd, 4319261.243, 65
Trd, 4319261.943, 70
Trd, 4319262.543, 92
Trd, 4319263.243, 102
Trd, 4319264.343, 76
Trd, 4319264.543, 76
Trd, 4319264.793, 109
Trd, 4319265.043, 74
Trd, 4319266.493, 122
Trd, 4319267.043, 75
Trd, 4319267.343, 73
Trd, 4319267.793, 70
Trd, 4319267.943, 71
Trd, 4319268.793, 128
Trd, 4319269.093, 120
Trd, 4319270.743, 60
Trd, 4319272.293, 68
Trd, 4319273.943, 67
Trd, 4319274.393, 69
Trd, 4319274.693, 89
Trd, 4319274.943, 68
Trd, 4319275.243, 94
Trd, 4319275.543, 131
Trd, 4319275.643, 65
Trd, 4319276.543, 61
Trd, 4319276.743, 67
Trd, 4319277.943, 70
Trd, 4319279.293, 65
Trd, 4319280.893, 62
Trd, 4319281.443, 60
Trd, 4319282.493, 60
Trd, 4319282.643, 63
Trd, 4319283.043, 67
Trd, 4319283.543, 65
Trd, 4319283.843, 60
Trd, 4319283.893, 65
Trd, 4319284.993, 72
Trd, 4319285.043, 64
Trd, 4319285.243, 76
Trd, 4319286.643, 137
Trd, 4319286.793, 136
Trd, 4319287.043, 132
Trd, 4319287.443, 124
Trd, 4319287.693, 107
Trd, 4319288.093, 82
Trd, 4319289.593, 139
Trd, 4319289.693, 128
Trd, 4319290.893, 114
Trd, 4319291.793, 122
Trd, 4319291.893, 113
Trd, 4319292.093, 122
Trd, 4319292.593, 110
Trd, 4319294.093, 126
Trd, 4319294.193, 125
Trd, 4319295.193, 106
Trd, 4319295.843, 97
Trd, 4319295.893, 95
Trd, 4319296.193, 89
Trd, 4319296.693, 106
Trd, 4319297.993, 61
Trd, 4319298.193, 63
Trd, 4319298.943, 79
Trd, 4319299.343, 69
Trd, 4319299.493, 75
Trd, 4319301.093, 63
Trd, 4319301.793, 76
Trd, 4319302.643, 129
Trd, 4319302.743, 74
Trd, 4319303.793, 128
Trd, 4319304.393, 106
Trd, 4319307.793, 60
Trd, 4319308.343, 64
Trd, 4319308.393, 65
Trd, 4319308.943, 67
Trd, 4319309.593, 117
Trd, 4319309.793, 112
Trd, 4319309.893, 111
Trd, 4319310.243, 104
Trd, 4319311.293, 134
Trd, 4319312.743, 65
Trd, 4319313.793, 140
Trd, 4319313.843, 139
Trd, 4319313.893, 134
Trd, 4319314.693, 124
Trd, 4319315.143, 87
Trd, 4319316.143, 62
Trd, 4319318.043, 62
Trd, 4319318.643, 61
Trd, 4319320.693, 60
Trd, 4319321.343, 60
Trd, 4319321.393, 61
Trd, 4319322.093, 64
Trd, 4319322.393, 67
Trd, 4319323.493, 76
Trd, 4319323.893, 63
Trd, 4319324.893, 61
Trd, 4319325.693, 70
Trd, 4319326.143, 84
Trd, 4319326.243, 83
Trd, 4319326.693, 66
Trd, 4319327.093, 91
Trd, 4319327.993, 68
Trd, 4319328.743, 65
Trd, 4319329.643, 65
Trd, 4319329.893, 92
Trd, 4319330.543, 95
Trd, 4319331.043, 117
Trd, 4319331.793, 96
Trd, 4319331.993, 90
Trd, 4319332.443, 110
Trd, 4319332.543, 100
Trd, 4319333.043, 65
Trd, 4319335.343, 60
Trd, 4319335.493, 60
Trd, 4319335.843, 60
Trd, 4319336.293, 64
Trd, 4319337.443, 64
Trd, 4319338.593, 62
Trd, 4319339.193, 62
Trd, 4319339.443, 74
Trd, 4319340.793, 64
Trd, 4319341.843, 60
Trd, 4319342.693, 60
Trd, 4319342.793, 74
Trd, 4319343.393, 64
Trd, 4319344.443, 135
Trd, 4319344.593, 130
Trd, 4319344.943, 136
Trd, 4319345.593, 119
Trd, 4319346.293, 118
Trd, 4319346.393, 114
Trd, 4319346.793, 101
Trd, 4319347.843, 62
Trd, 4319348.443, 63
Trd, 4319349.043, 61
Trd, 4319351.193, 61
Trd, 4319352.043, 62
Trd, 4319352.243, 61
Trd, 4319353.093, 64
Trd, 4319353.843, 64
Trd, 4319354.493, 61
Trd, 4319354.943, 60
Trd, 4319355.193, 63
Trd, 4319355.843, 123
Trd, 4319356.143, 87
Trd, 4319356.843, 87
Trd, 4319357.693, 82
Trd, 4319358.293, 68
Trd, 4319358.943, 66
Trd, 4319359.493, 64
Trd, 4319360.093, 81
Trd, 4319361.093, 65
Trd, 4319361.793, 75
Trd, 4319362.043, 68
Trd, 4319362.243, 140
Trd, 4319362.993, 64
Trd, 4319364.793, 60
Trd, 4319364.893, 61
Trd, 4319366.243, 60
Trd, 4319366.943, 72
Trd, 4319367.693, 80
Trd, 4319367.893, 79
Trd, 4319368.093, 69
Trd, 4319369.393, 83
Trd, 4319369.843, 82
Trd, 4319373.243, 60
Trd, 4319373.343, 60
Trd, 4319373.543, 61
Trd, 4319373.693, 60
Trd, 4319374.093, 64
Trd, 4319374.593, 61
Trd, 4319375.793, 60
Trd, 4319376.093, 63
Trd, 4319376.193, 86
Trd, 4319376.993, 61
Trd, 4319377.193, 68
Trd, 4319377.343, 105
Trd, 4319377.443, 70
Trd, 4319380.443, 60
Trd, 4319380.593, 60
Trd, 4319380.943, 62
Trd, 4319381.193, 84
Trd, 4319381.743, 76
Trd, 4319383.343, 60
Trd, 4319383.743, 62
Trd, 4319384.393, 64
Trd, 4319384.443, 66
Trd, 4319384.593, 68
Trd, 4319385.743, 61
Trd, 4319385.993, 62
Trd, 4319387.443, 61
Trd, 4319387.893, 62
Trd, 4319389.193, 69
Trd, 4319389.243, 70
Trd, 4319391.393, 60
Trd, 4319393.193, 61
Trd, 4319393.643, 61
Trd, 4319393.693, 62
Trd, 4319394.143, 67
Trd, 4319394.393, 63
Trd, 4319395.293, 61
Trd, 4319396.643, 74
Trd, 4319396.793, 66
Trd, 4319396.943, 61
Trd, 4319397.193, 62
Trd, 4319398.643, 75
Trd, 4319399.293, 84
Trd, 4319401.143, 66
Trd, 4319401.193, 65
Trd, 4319401.493, 66
Trd, 4319402.143, 71
Trd, 4319402.843, 102
Trd, 4319404.343, 140
Trd, 4319404.393, 138
Trd, 4319404.543, 134
Trd, 4319404.643, 110
Trd, 4319405.543, 112
Trd, 4319406.293, 138
Trd, 4319406.693, 116
Trd, 4319407.943, 140
Trd, 4319408.243, 140
Trd, 4319408.843, 138
Trd, 4319408.993, 114
Trd, 4319409.093, 85
Trd, 4319410.193, 131
Trd, 4319410.793, 108
Trd, 4319411.243, 107
Trd, 4319412.093, 65
Trd, 4319413.043, 68
Trd, 4319413.093, 62
Trd, 4319413.293, 83
Trd, 4319414.443, 60
Trd, 4319415.493, 67
Trd, 4319415.543, 68
Trd, 4319417.293, 64
Trd, 4319417.493, 84
Trd, 4319418.243, 63
Trd, 4319418.493, 66
Trd, 4319419.143, 69
Trd, 4319419.943, 60
Trd, 4319420.743, 63
Trd, 4319423.143, 60
Trd, 4319423.193, 65
Trd, 4319423.543, 63
Trd, 4319424.193, 68
Trd, 4319424.793, 72
Trd, 4319425.243, 67
Trd, 4319426.093, 61
Trd, 4319426.843, 60
Trd, 4319427.543, 67
Trd, 4319427.743, 86
Trd, 4319428.393, 139
Trd, 4319428.943, 113
Trd, 4319429.643, 111
Trd, 4319429.943, 109
Trd, 4319430.643, 130
Trd, 4319431.393, 125
Trd, 4319431.943, 113
Trd, 4319433.343, 135
Trd, 4319433.593, 138
Trd, 4319434.493, 140
Trd, 4319434.693, 138
Trd, 4319435.043, 129
Trd, 4319436.143, 137
Trd, 4319436.293, 136
Trd, 4319436.493, 128
Trd, 4319436.543, 124
Trd, 4319438.193, 138
Trd, 4319438.593, 125
Trd, 4319439.093, 105
Trd, 4319439.693, 71
Trd, 4319441.293, 111
Trd, 4319441.343, 108
Trd, 4319441.443, 114
Trd, 4319442.393, 80
Trd, 4319442.793, 83
Trd, 4319444.043, 82
Trd, 4319444.143, 98
Trd, 4319444.693, 131
Trd, 4319445.443, 111
Trd, 4319445.543, 104
Trd, 4319445.693, 102
Trd, 4319446.493, 132
Trd, 4319447.343, 61
Trd, 4319447.643, 60
Trd, 4319448.593, 61
Trd, 4319449.193, 62
Trd, 4319450.893, 89
Trd, 4319451.193, 77
Trd, 4319451.743, 61
Trd, 4319453.543, 62
Trd, 4319454.693, 63
Trd, 4319455.093, 81
Trd, 4319455.243, 74
Trd, 4319455.493, 61
Trd, 4319455.543, 108
Trd, 4319456.493, 69
Trd, 4319457.543, 69
Trd, 4319458.543, 72
Trd, 4319458.693, 73
Trd, 4319458.893, 72
Trd, 4319459.993, 61
Trd, 4319460.643, 66
Trd, 4319461.543, 64
Trd, 4319461.893, 75
Trd, 4319462.943, 93
Trd, 4319463.743, 85
Trd, 4319465.093, 90
Trd, 4319465.143, 90
Trd, 4319465.493, 138
Trd, 4319465.543, 89
Trd, 4319465.843, 95
Trd, 4319466.293, 86
Trd, 4319466.993, 74
Trd, 4319467.343, 70
Trd, 4319468.843, 113
Trd, 4319470.493, 60
Trd, 4319470.543, 62
Trd, 4319470.843, 92
Trd, 4319472.443, 64
Trd, 4319473.043, 68
Trd, 4319473.293, 62
Trd, 4319473.543, 61
Trd, 4319474.143, 63
Trd, 4319474.293, 62
Trd, 4319474.393, 74
Trd, 4319476.343, 61
Trd, 4319477.343, 75
Trd, 4319477.793, 64
Trd, 4319479.093, 61
Trd, 4319479.843, 62
Trd, 4319480.043, 64
Trd, 4319480.993, 65
Trd, 4319481.493, 61
Trd, 4319481.793, 84
Trd, 4319481.843, 61
Trd, 4319482.743, 114
Trd, 4319482.843, 113
Trd, 4319483.093, 77
Trd, 4319485.293, 64
Trd, 4319485.593, 64
Trd, 4319485.643, 63
Trd, 4319486.143, 70
Trd, 4319486.693, 67
Trd, 4319486.993, 64
Trd, 4319487.193, 63
Trd, 4319487.293, 72
Trd, 4319488.593, 75
Trd, 4319489.693, 74
Trd, 4319489.793, 73
Trd, 4319490.093, 73
Trd, 4319492.443, 65
Trd, 4319493.043, 69
Trd, 4319493.243, 62
Trd, 4319493.343, 91
Trd, 4319494.043, 67
Trd, 4319494.593, 61
Trd, 4319495.143, 72
Trd, 4319495.593, 62
Trd, 4319496.243, 78
Trd, 4319497.493, 62
Trd, 4319498.593, 68
Trd, 4319499.343, 78
Trd, 4319500.043, 73
Trd, 4319500.493, 70
Trd, 4319500.693, 78
Trd, 4319500.843, 67
Trd, 4319501.443, 68
Trd, 4319502.293, 76
Trd, 4319503.393, 82
Trd, 4319504.293, 60
Trd, 4319504.443, 72
Trd, 4319506.643, 60
Trd, 4319506.993, 62
Trd, 4319507.343, 62
Trd, 4319507.843, 61
Trd, 4319508.093, 66
Trd, 4319509.393, 60
Trd, 4319509.443, 62
Trd, 4319509.593, 69
Trd, 4319510.643, 61
Trd, 4319511.043, 64
Trd, 4319511.393, 60
Trd, 4319511.493, 105
Trd, 4319513.043, 62
Trd, 4319513.393, 65
Trd, 4319514.343, 64
Trd, 4319514.443, 62
Trd, 4319514.643, 72
Trd, 4319515.293, 68
Trd, 4319516.943, 113
Trd, 4319517.093, 97
Trd, 4319517.643, 97
Trd, 4319518.593, 133
Trd, 4319518.743, 132
Trd, 4319519.543, 124
Trd, 4319519.943, 112
Trd, 4319520.743, 108
Trd, 4319521.043, 87
Trd, 4319521.843, 61
Trd, 4319522.643, 60
Trd, 4319523.143, 60
Trd, 4319525.293, 61
Trd, 4319525.893, 61
Trd, 4319526.893, 66
Trd, 4319527.093, 71
Trd, 4319527.493, 67
Trd, 4319528.243, 63
Trd, 4319529.793, 63
Trd, 4319530.193, 68
Trd, 4319530.493, 61
Trd, 4319531.343, 62
Trd, 4319532.893, 61
Trd, 4319532.943, 61
Trd, 4319533.443, 61
Trd, 4319533.493, 66
Trd, 4319536.693, 60
Trd, 4319536.843, 60
Trd, 4319536.993, 67
Trd, 4319537.043, 68
Trd, 4319537.593, 60
Trd, 4319538.793, 64
Trd, 4319539.193, 61
Trd, 4319539.493, 66
Trd, 4319540.043, 65
Trd, 4319540.293, 64
Trd, 4319540.543, 69
Trd, 4319540.743, 62
Trd, 4319541.893, 62
Trd, 4319542.443, 61
Trd, 4319543.593, 73
Trd, 4319544.393, 65
Trd, 4319544.893, 84
Trd, 4319545.693, 132
Trd, 4319545.893, 129
Trd, 4319546.943, 132
Trd, 4319547.343, 131
Trd, 4319547.793, 122
Trd, 4319547.943, 137
Trd, 4319548.193, 124
Trd, 4319549.193, 130
Trd, 4319549.243, 121
Trd, 4319549.393, 103
Trd, 4319550.243, 63
Trd, 4319551.243, 60
Trd, 4319551.593, 60
Trd, 4319552.593, 67
Trd, 4319553.693, 67
Trd, 4319554.043, 78
Trd, 4319554.693, 68
Trd, 4319554.793, 69
Trd, 4319556.143, 63
Trd, 4319556.643, 69
Trd, 4319557.543, 60
Trd, 4319557.993, 60
Trd, 4319560.543, 61
Trd, 4319560.643, 64
Trd, 4319561.293, 65
Trd, 4319561.893, 63
Trd, 4319563.843, 67
Trd, 4319564.743, 61
Trd, 4319565.093, 61
Trd, 4319565.843, 61
Trd, 4319565.943, 62
Trd, 4319566.243, 63
Trd, 4319566.743, 73
Trd, 4319566.793, 76
Trd, 4319567.743, 75
Trd, 4319568.543, 73
Trd, 4319569.093, 119
Trd, 4319569.243, 118
Trd, 4319570.193, 121
Trd, 4319570.293, 120
Trd, 4319570.693, 73
Trd, 4319572.693, 95
Trd, 4319572.943, 72
Trd, 4319573.093, 69
Trd, 4319573.393, 64
Trd, 4319574.693, 73
Trd, 4319574.793, 60
Trd, 4319575.093, 76
Trd, 4319576.593, 70
Trd, 4319577.993, 61
Trd, 4319578.293, 62
Trd, 4319578.343, 64
Trd, 4319580.093, 62
Trd, 4319580.143, 72
Trd, 4319580.543, 61
Trd, 4319581.243, 138
Trd, 4319581.793, 137
Trd, 4319581.993, 127
Trd, 4319582.493, 113
Trd, 4319582.543, 107
Trd, 4319584.743, 134
Trd, 4319585.593, 128
Trd, 4319585.943, 123
Trd, 4319586.243, 123
Trd, 4319586.443, 121
Trd, 4319586.843, 102
Trd, 4319586.893, 121
Trd, 4319587.843, 128
Trd, 4319587.943, 73
Trd, 4319590.743, 60
Trd, 4319590.793, 60
Trd, 4319591.743, 77
Trd, 4319592.293, 60
Trd, 4319592.443, 60
Trd, 4319592.893, 63
Trd, 4319594.443, 90
Trd, 4319594.643, 84
Trd, 4319594.893, 70
Trd, 4319595.043, 69
Trd, 4319595.943, 60
Trd, 4319596.293, 66
Trd, 4319597.693, 85
Trd, 4319597.843, 93
Trd, 4319598.193, 102
Trd, 4319598.693, 89
Trd, 4319600.593, 87
Trd, 4319600.643, 84
Trd, 4319601.343, 60
Trd, 4319602.093, 72
Trd, 4319603.893, 61
Trd, 4319604.443, 60
Trd, 4319605.693, 66
Trd, 4319606.193, 67
Trd, 4319606.593, 68
Trd, 4319606.993, 63
Trd, 4319607.243, 62
Trd, 4319607.643, 70
Trd, 4319607.943, 63
Trd, 4319609.193, 70
Trd, 4319609.443, 68
Trd, 4319609.893, 97
Trd, 4319610.093, 66
Trd, 4319611.393, 70
Trd, 4319612.893, 69
Trd, 4319612.943, 69
Trd, 4319612.993, 67
Trd, 4319613.693, 92
Trd, 4319613.843, 139
Trd, 4319616.043, 70
Trd, 4319616.193, 75
Trd, 4319616.243, 68
Trd, 4319616.543, 66
Trd, 4319617.843, 64
Trd, 4319618.543, 67
Trd, 4319619.943, 63
Trd, 4319619.993, 62
Trd, 4319620.543, 64
Trd, 4319620.643, 62
Trd, 4319621.793, 60
Trd, 4319623.493, 64
Trd, 4319623.543, 63
Trd, 4319623.693, 63
Trd, 4319624.143, 71
Trd, 4319624.443, 65
Trd, 4319625.793, 68
Trd, 4319626.643, 98
Trd, 4319626.743, 98
Trd, 4319627.193, 91
Trd, 4319628.193, 128
Trd, 4319628.543, 109
Trd, 4319628.993, 139
Trd, 4319629.443, 101
Trd, 4319629.543, 92
Trd, 4319630.043, 79
Trd, 4319631.393, 68
Trd, 4319631.743, 73
Trd, 4319631.893, 66
Trd, 4319632.193, 79
Trd, 4319632.543, 62
Trd, 4319634.293, 66
Trd, 4319636.343, 63
Trd, 4319637.143, 60
Trd, 4319638.343, 69
Trd, 4319638.843, 60
Trd, 4319639.343, 62
Trd, 4319640.243, 69
Trd, 4319640.493, 61
Trd, 4319640.893, 61
Trd, 4319641.043, 73
Trd, 4319641.593, 65
Trd, 4319641.993, 78
Trd, 4319642.993, 65
Trd, 4319644.393, 60
Trd, 4319644.543, 94
Trd, 4319645.843, 63
Trd, 4319646.643, 64
Trd, 4319647.193, 61
Trd, 4319648.393, 63
Trd, 4319648.993, 61
Trd, 4319650.093, 61
Trd, 4319650.493, 60
Trd, 4319651.543, 62
Trd, 4319651.693, 61
Trd, 4319652.043, 63
Trd, 4319652.893, 61
Trd, 4319653.243, 63
Trd, 4319654.543, 64
Trd, 4319654.693, 84
Trd, 4319655.043, 61
Trd, 4319655.343, 61
Trd, 4319655.643, 62
Trd, 4319656.443, 60
Trd, 4319657.593, 63
Trd, 4319658.043, 68
Trd, 4319659.193, 65
Trd, 4319659.693, 85
Trd, 4319660.943, 96
Trd, 4319660.993, 95
Trd, 4319661.193, 93
Trd, 4319661.843, 89
Trd, 4319661.893, 82
Trd, 4319662.543, 80
Trd, 4319662.893, 71
Trd, 4319663.793, 105
Trd, 4319664.593, 63
Trd, 4319664.743, 68
Trd, 4319666.193, 64
Trd, 4319667.243, 63
Trd, 4319667.743, 61
Trd, 4319670.593, 61
Trd, 4319670.693, 63
Trd, 4319671.843, 66
Trd, 4319672.093, 81
Trd, 4319672.343, 62
Trd, 4319673.843, 68
Trd, 4319673.943, 67
Trd, 4319674.393, 68
Trd, 4319674.743, 84
Trd, 4319675.143, 72
Trd, 4319675.393, 68
Trd, 4319675.643, 68
Trd, 4319676.093, 97
Trd, 4319676.793, 69
Trd, 4319676.843, 89
Trd, 4319677.093, 112
Trd, 4319678.743, 75
Trd, 4319681.243, 60
Trd, 4319681.693, 62
Trd, 4319682.293, 62
Trd, 4319684.093, 61
Trd, 4319684.693, 60
Trd, 4319685.343, 66
Trd, 4319688.043, 68
Trd, 4319688.143, 69
Trd, 4319688.243, 69
Trd, 4319689.593, 60
Trd, 4319689.643, 68
Trd, 4319689.943, 60
Trd, 4319690.943, 75
Trd, 4319691.543, 66
Trd, 4319692.443, 61
Trd, 4319693.593, 88
Trd, 4319693.643, 77
Trd, 4319693.893, 100
Trd, 4319694.193, 78
Trd, 4319694.393, 77
Trd, 4319695.543, 60
Trd, 4319695.593, 86
Trd, 4319696.693, 62
Trd, 4319696.893, 69
Trd, 4319699.343, 63
Trd, 4319700.393, 61
Trd, 4319700.493, 61
Trd, 4319700.593, 63
Trd, 4319700.743, 65
Trd, 4319701.593, 61
Trd, 4319701.943, 119
Trd, 4319702.843, 70
Trd, 4319703.493, 74
Trd, 4319704.043, 62
Trd, 4319704.543, 62
Trd, 4319704.843, 65
Trd, 4319705.043, 69
Trd, 4319706.393, 70
Trd, 4319707.043, 65
Trd, 4319707.093, 102
Trd, 4319707.743, 72
Trd, 4319709.043, 67
Trd, 4319709.293, 68
Trd, 4319710.293, 123
Trd, 4319710.393, 109
Trd, 4319710.993, 68
Trd, 4319712.693, 104
Trd, 4319712.993, 125
Trd, 4319713.443, 72
Trd, 4319714.643, 137
Trd, 4319714.693, 124
Trd, 4319714.793, 115
Trd, 4319715.143, 72
Trd, 4319715.343, 139
Trd, 4319715.993, 70
Trd, 4319717.093, 84
Trd, 4319717.393, 85
Trd, 4319717.543, 84
Trd, 4319718.343, 107
Trd, 4319719.043, 99
Trd, 4319719.793, 60
Trd, 4319720.043, 62
Trd, 4319721.043, 62
Trd, 4319722.593, 68
Trd, 4319723.643, 74
Trd, 4319724.643, 61
Trd, 4319725.643, 60
Trd, 4319725.843, 62
Trd, 4319728.243, 60
Trd, 4319728.293, 60
Trd, 4319729.393, 61
Trd, 4319730.243, 61
Trd, 4319730.543, 65
Trd, 4319730.893, 65
Trd, 4319732.393, 64
Trd, 4319733.193, 65
Trd, 4319733.693, 63
Trd, 4319733.743, 62
Trd, 4319734.593, 67
Trd, 4319734.743, 74
Trd, 4319734.993, 138
Trd, 4319735.293, 61
Trd, 4319736.343, 116
Trd, 4319738.093, 64
Trd, 4319738.593, 65
Trd, 4319739.693, 71
Trd, 4319740.543, 60
Trd, 4319740.643, 77
Trd, 4319742.393, 60
Trd, 4319743.293, 60
Trd, 4319743.543, 60
Trd, 4319743.893, 61
Trd, 4319744.293, 60
Trd, 4319744.943, 61
Trd, 4319745.093, 62
Trd, 4319745.343, 67
Trd, 4319745.843, 96
Trd, 4319746.143, 101
Trd, 4319746.243, 64
Trd, 4319748.593, 75
Trd, 4319749.243, 60
Trd, 4319750.093, 65
Trd, 4319750.193, 65
Trd, 4319750.393, 75
Trd, 4319750.543, 73
Trd, 4319751.043, 61
Trd, 4319751.243, 100
Trd, 4319752.443, 61
Trd, 4319753.493, 63
Trd, 4319755.093, 61
Trd, 4319755.443, 72
Trd, 4319756.493, 61
Trd, 4319756.893, 62
Trd, 4319757.043, 62
Trd, 4319757.543, 61
Trd, 4319758.143, 60
Trd, 4319758.743, 60
Trd, 4319759.393, 63
Trd, 4319759.793, 70
Trd, 4319759.893, 63
Trd, 4319760.093, 67
Trd, 4319762.093, 91
Trd, 4319762.593, 62
Trd, 4319764.293, 61
Trd, 4319764.343, 62
Trd, 4319765.593, 60
Trd, 4319766.193, 63
Trd, 4319766.593, 63
Trd, 4319767.243, 68
Trd, 4319767.393, 63
Trd, 4319767.443, 81
Trd, 4319767.743, 63
Trd, 4319769.193, 64
Trd, 4319770.843, 60
Trd, 4319771.043, 61
Trd, 4319771.543, 66
Trd, 4319772.293, 121
Trd, 4319772.543, 103
Trd, 4319773.093, 135
Trd, 4319773.143, 123
Trd, 4319773.243, 72
Trd, 4319774.893, 60
Trd, 4319777.343, 60
Trd, 4319777.593, 61
Trd, 4319777.843, 62
Trd, 4319779.543, 82
Trd, 4319779.993, 107
Trd, 4319781.243, 68
Trd, 4319781.943, 103
Trd, 4319781.993, 103
Trd, 4319782.093, 97
Trd, 4319783.093, 93
Trd, 4319783.543, 114
Trd, 4319784.193, 93
Trd, 4319784.443, 91
Trd, 4319785.143, 84
Trd, 4319785.243, 82
Trd, 4319785.743, 125
Trd, 4319785.893, 87
Trd, 4319786.343, 71
Trd, 4319786.793, 70
Trd, 4319787.343, 69
Trd, 4319788.043, 136
Trd, 4319788.393, 131
Trd, 4319789.843, 64
Trd, 4319790.143, 78
Trd, 4319790.793, 61
Trd, 4319791.443, 138
Trd, 4319792.143, 137
Trd, 4319792.893, 128
Trd, 4319793.093, 127
Trd, 4319793.143, 118
Trd, 4319793.593, 95
Trd, 4319794.093, 65
Trd, 4319795.493, 65
Trd, 4319796.443, 60
Trd, 4319796.943, 77
Trd, 4319797.593, 73
Trd, 4319798.193, 88
Trd, 4319798.243, 73
Trd, 4319798.443, 116
Trd, 4319799.743, 73
Trd, 4319799.993, 88
Trd, 4319800.193, 71
Trd, 4319801.593, 82
Trd, 4319801.943, 74
Trd, 4319802.093, 71
Trd, 4319802.493, 105
Trd, 4319802.693, 131
Trd, 4319803.043, 67
Trd, 4319804.643, 77
Trd, 4319804.743, 77
Trd, 4319804.843, 110
Trd, 4319805.993, 66
Trd, 4319807.243, 61
Trd, 4319807.643, 61
Trd, 4319808.943, 85
Trd, 4319809.243, 83
Trd, 4319809.493, 83
Trd, 4319810.943, 61
Trd, 4319810.993, 60
Trd, 4319812.243, 61
Trd, 4319812.643, 62
Trd, 4319813.543, 68
Trd, 4319813.793, 66
Trd, 4319814.343, 65
Trd, 4319814.893, 95
Trd, 4319815.493, 72
Trd, 4319815.793, 123
Trd, 4319818.143, 61
Trd, 4319818.443, 60
Trd, 4319819.193, 62
Trd, 4319819.493, 70
Trd, 4319819.793, 67
Trd, 4319820.993, 61
Trd, 4319821.393, 62
Trd, 4319821.793, 66
Trd, 4319823.343, 62
Trd, 4319824.193, 61
Trd, 4319824.743, 65
Trd, 4319824.943, 73
Trd, 4319826.643, 61
Trd, 4319826.693, 63
Trd, 4319826.743, 65
Trd, 4319826.993, 66
Trd, 4319829.343, 63
Trd, 4319829.493, 61
Trd, 4319830.543, 62
Trd, 4319830.893, 62
Trd, 4319831.993, 61
Trd, 4319832.443, 61
Trd, 4319832.793, 61
Trd, 4319834.093, 62
Trd, 4319834.443, 71
Trd, 4319834.793, 62
Trd, 4319835.793, 67
Trd, 4319836.793, 132
Trd, 4319837.343, 123
Trd, 4319837.543, 122
Trd, 4319837.893, 118
Trd, 4319837.943, 108
Trd, 4319840.093, 62
Trd, 4319840.793, 64
Trd, 4319841.043, 74
Trd, 4319842.593, 63
Trd, 4319843.193, 66
Trd, 4319843.343, 64
Trd, 4319844.493, 60
Trd, 4319846.643, 60
Trd, 4319847.093, 62
Trd, 4319847.193, 63
Trd, 4319847.943, 61
Trd, 4319850.493, 62
Trd, 4319850.543, 63
Trd, 4319850.743, 65
Trd, 4319851.043, 69
Trd, 4319852.443, 60
Trd, 4319852.843, 65
Trd, 4319853.143, 60
Trd, 4319853.443, 71
Trd, 4319854.893, 62
Trd, 4319854.943, 63
Trd, 4319855.593, 72
Trd, 4319855.943, 71
Trd, 4319856.993, 106
Trd, 4319857.193, 64
Trd, 4319857.593, 62
Trd, 4319858.293, 72
Trd, 4319858.793, 60
Trd, 4319859.693, 60
Trd, 4319859.993, 61
Trd, 4319860.843, 62
Trd, 4319861.493, 65
Trd, 4319861.693, 64
Trd, 4319861.993, 62
Trd, 4319862.743, 61
Trd, 4319864.343, 65
Trd, 4319864.793, 114
Trd, 4319864.893, 106
Trd, 4319865.943, 63
Trd, 4319866.593, 70
Trd, 4319867.493, 61
Trd, 4319867.843, 64
Trd, 4319868.143, 64
Trd, 4319868.343, 66
Trd, 4319869.093, 95
Trd, 4319870.193, 61
Trd, 4319871.543, 61
Trd, 4319871.793, 60
Trd, 4319872.343, 61
Trd, 4319872.743, 61
Trd, 4319872.993, 60
Trd, 4319873.893, 78
Trd, 4319874.293, 92
Trd, 4319874.493, 112
Trd, 4319875.093, 64
Trd, 4319876.793, 63
Trd, 4319878.793, 61
Trd, 4319878.893, 66
Trd, 4319879.193, 70
Trd, 4319880.743, 64
Trd, 4319881.143, 68
Trd, 4319881.393, 71
Trd, 4319881.893, 65
Trd, 4319881.943, 110
Trd, 4319882.093, 61
Trd, 4319884.593, 72
Trd, 4319884.693, 62
Trd, 4319886.793, 63
Trd, 4319887.143, 61
Trd, 4319887.743, 65
Trd, 4319888.343, 66
Trd, 4319888.593, 69
Trd, 4319890.043, 69
Trd, 4319890.143, 61
Trd, 4319890.493, 65
Trd, 4319890.593, 66
Trd, 4319890.743, 64
Trd, 4319892.693, 62
Trd, 4319893.893, 61
Trd, 4319893.943, 63
Trd, 4319894.443, 60
Trd, 4319895.343, 66
Trd, 4319895.543, 64
Trd, 4319896.193, 78
Trd, 4319896.493, 89
Trd, 4319897.893, 62
Trd, 4319898.543, 68
Trd, 4319899.093, 69
Trd, 4319900.693, 61
Trd, 4319901.743, 60
Trd, 4319902.443, 65
Trd, 4319902.543, 66
Trd, 4319902.743, 67
Trd, 4319903.343, 63
Trd, 4319904.543, 64
Trd, 4319905.843, 60
Trd, 4319905.943, 64
Trd, 4319906.393, 76
Trd, 4319906.593, 88
Trd, 4319909.143, 61
Trd, 4319909.393, 62
Trd, 4319909.993, 62
Trd, 4319910.243, 71
Trd, 4319911.443, 63
Trd, 4319911.593, 62
Trd, 4319912.193, 63
Trd, 4319912.543, 61
Trd, 4319914.193, 62
Trd, 4319914.843, 60
Trd, 4319916.843, 62
Trd, 4319917.443, 63
Trd, 4319917.743, 63
Trd, 4319918.593, 60
Trd, 4319918.993, 63
Trd, 4319919.143, 62
Trd, 4319919.743, 60
Trd, 4319920.143, 65
Trd, 4319920.343, 63
Trd, 4319921.943, 86
Trd, 4319923.743, 63
Trd, 4319925.593, 62
Trd, 4319926.343, 66
Trd, 4319926.493, 60
Trd, 4319927.243, 60
Trd, 4319928.193, 80
Trd, 4319930.193, 60
Trd, 4319930.893, 62
Trd, 4319931.143, 67
Trd, 4319931.743, 60
Trd, 4319931.843, 69
Trd, 4319932.143, 70
Trd, 4319932.343, 63
Trd, 4319933.493, 66
Trd, 4319934.593, 73
Trd, 4319934.993, 86
Trd, 4319935.093, 60
Trd, 4319935.143, 122
Trd, 4319936.693, 79
Trd, 4319937.793, 65
Trd, 4319937.943, 61
Trd, 4319939.593, 64
Trd, 4319939.843, 65
Trd, 4319942.243, 61
Trd, 4319942.493, 65
Trd, 4319943.093, 60
Trd, 4319943.593, 62
Trd, 4319945.293, 62
Trd, 4319945.843, 61
Trd, 4319945.993, 63
Trd, 4319946.593, 67
Trd, 4319946.793, 68
Trd, 4319947.543, 69
Trd, 4319948.793, 62
Trd, 4319951.343, 60
Trd, 4319951.743, 61
Trd, 4319951.843, 73
Trd, 4319952.443, 61
Trd, 4319952.543, 63
Trd, 4319952.843, 82
Trd, 4319953.093, 137
Trd, 4319954.493, 60
Trd, 4319956.193, 60
Trd, 4319956.593, 61
Trd, 4319956.793, 61
Trd, 4319957.143, 67
Trd, 4319957.693, 67
Trd, 4319958.043, 93
Trd, 4319958.793, 66
Trd, 4319960.293, 67
Trd, 4319960.743, 71
Trd, 4319960.843, 62
Trd, 4319961.093, 68
Trd, 4319961.393, 68
Trd, 4319962.243, 66
Trd, 4319962.693, 71
Trd, 4319964.843, 60
Trd, 4319965.293, 60
Trd, 4319965.643, 70
Trd, 4319965.693, 66
Trd, 4319965.993, 71
Trd, 4319966.293, 66
Trd, 4319967.593, 62
Trd, 4319967.743, 68
Trd, 4319969.143, 72
Trd, 4319969.343, 112
Trd, 4319969.843, 66
Trd, 4319971.593, 83
Trd, 4319972.193, 106
Trd, 4319972.293, 102
Trd, 4319972.543, 100
Trd, 4319972.643, 96
Trd, 4319973.493, 74
Trd, 4319973.693, 62
Trd, 4319975.293, 65
Trd, 4319975.643, 65
Trd, 4319976.143, 88
Trd, 4319976.543, 131
Trd, 4319978.043, 66
Trd, 4319981.293, 60
Trd, 4319981.593, 61
Trd, 4319981.943, 61
Trd, 4319982.193, 63
Trd, 4319982.493, 64
Trd, 4319982.943, 66
Trd, 4319983.293, 64
Trd, 4319983.593, 60
Trd, 4319984.193, 82
Trd, 4319986.043, 66
Trd, 4319986.343, 62
Trd, 4319986.393, 66
Trd, 4319986.543, 62
Trd, 4319988.193, 60
Trd, 4319989.843, 63
Trd, 4319990.143, 60
Trd, 4319992.443, 62
Trd, 4319992.993, 66
Trd, 4319993.293, 66
Trd, 4319994.093, 101
Trd, 4319994.193, 86
Trd, 4319994.543, 109
Trd, 4319994.693, 84
Trd, 4319995.443, 94
Trd, 4319995.493, 85
Trd, 4319996.943, 131
Trd, 4319997.043, 93
Trd, 4319997.793, 80
Trd, 4319998.293, 77
Trd, 4319998.393, 128
Trd, 4319999.443, 87
Trd, 4319999.543, 67
Trd, 4319999.943, 64
