Trd, 4318089.443, 120
Trd, 4318090.043, 111
Trd, 4318091.543, 132
Trd, 4318091.593, 113
Trd, 4318092.593, 70
Trd, 4318093.343, 132
Trd, 4318094.343, 98
Trd, 4318095.393, 96
Trd, 4318095.793, 97
Trd, 4318098.293, 108
Trd, 4318098.593, 107
Trd, 4318098.693, 103
Trd, 4318098.893, 131
Trd, 4318099.293, 102
Trd, 4318101.093, 66
Trd, 4318101.993, 95
Trd, 4318102.843, 104
Trd, 4318103.593, 112
Trd, 4318104.193, 103
Trd, 4318104.443, 115
Trd, 4318105.493, 101
Trd, 4318106.093, 84
Trd, 4318107.243, 102
Trd, 4318108.643, 105
Trd, 4318109.293, 90
Trd, 4318110.193, 78
Trd, 4318110.393, 104
Trd, 4318112.293, 89
Trd, 4318112.643, 79
Trd, 4318113.593, 104
Trd, 4318114.143, 103
Trd, 4318114.243, 101
Trd, 4318115.793, 95
Trd, 4318116.193, 90
Trd, 4318116.543, 88
Trd, 4318117.643, 103
Trd, 4318117.743, 94
Trd, 4318118.243, 121
Trd, 4318118.543, 112
Trd, 4318118.743, 104
Trd, 4318121.093, 100
Trd, 4318121.943, 104
Trd, 4318122.093, 99
Trd, 4318122.643, 112
Trd, 4318123.193, 118
Trd, 4318123.393, 103
Trd, 4318123.493, 89
Trd, 4318124.293, 134
Trd, 4318124.343, 108
Trd, 4318125.343, 87
Trd, 4318126.343, 89
Trd, 4318128.443, 87
Trd, 4318128.593, 91
Trd, 4318129.093, 116
Trd, 4318129.193, 105
Trd, 4318130.143, 112
Trd, 4318130.643, 117
Trd, 4318130.993, 75
Trd, 4318132.293, 107
Trd, 4318134.393, 116
Trd, 4318136.143, 129
Trd, 4318137.043, 106
Trd, 4318137.393, 97
Trd, 4318138.293, 83
Trd, 4318138.943, 95
Trd, 4318139.993, 88
Trd, 4318141.343, 118
Trd, 4318143.243, 125
Trd, 4318143.343, 121
Trd, 4318143.543, 115
Trd, 4318143.843, 101
Trd, 4318144.393, 100
Trd, 4318145.693, 83
Trd, 4318145.893, 91
Trd, 4318146.793, 97
Trd, 4318147.493, 132
Trd, 4318148.443, 134
Trd, 4318148.543, 96
Trd, 4318149.593, 91
Trd, 4318152.093, 93
Trd, 4318152.393, 80
Trd, 4318153.243, 77
Trd, 4318153.443, 132
Trd, 4318154.493, 90
Trd, 4318154.693, 71
Trd, 4318154.893, 104
Trd, 4318156.293, 85
Trd, 4318157.793, 106
Trd, 4318158.693, 92
Trd, 4318159.393, 87
Trd, 4318159.743, 78
Trd, 4318160.943, 70
Trd, 4318161.593, 68
Trd, 4318162.643, 129
Trd, 4318162.993, 75
Trd, 4318163.543, 84
Trd, 4318163.593, 87
Trd, 4318164.343, 77
Trd, 4318164.943, 121
Trd, 4318166.293, 68
Trd, 4318166.693, 68
Trd, 4318167.393, 81
Trd, 4318167.793, 72
Trd, 4318168.193, 70
Trd, 4318168.293, 65
Trd, 4318168.593, 92
Trd, 4318169.443, 128
Trd, 4318170.593, 77
Trd, 4318172.143, 119
Trd, 4318172.343, 112
Trd, 4318172.393, 71
Trd, 4318173.643, 93
Trd, 4318175.543, 108
Trd, 4318176.193, 95
Trd, 4318177.193, 87
Trd, 4318177.243, 74
Trd, 4318177.393, 69
Trd, 4318177.493, 107
Trd, 4318179.293, 107
Trd, 4318179.593, 105
Trd, 4318179.693, 116
Trd, 4318179.793, 95
Trd, 4318180.143, 93
Trd, 4318181.193, 116
Trd, 4318181.693, 104
Trd, 4318182.793, 73
Trd, 4318183.493, 132
Trd, 4318183.743, 105
Trd, 4318184.193, 112
Trd, 4318185.343, 113
Trd, 4318185.743, 104
Trd, 4318186.543, 108
Trd, 4318186.843, 78
Trd, 4318187.843, 99
Trd, 4318188.243, 96
Trd, 4318189.343, 67
Trd, 4318191.793, 97
Trd, 4318191.843, 97
Trd, 4318191.893, 96
Trd, 4318192.693, 133
Trd, 4318193.143, 118
Trd, 4318193.493, 127
Trd, 4318194.143, 101
Trd, 4318194.343, 88
Trd, 4318196.693, 62
Trd, 4318197.093, 114
Trd, 4318197.243, 82
Trd, 4318198.843, 99
Trd, 4318199.143, 80
Trd, 4318200.293, 75
Trd, 4318200.443, 75
Trd, 4318201.343, 101
Trd, 4318201.393, 117
Trd, 4318202.893, 83
Trd, 4318203.443, 128
Trd, 4318204.443, 103
Trd, 4318204.743, 109
Trd, 4318205.193, 104
Trd, 4318205.743, 128
Trd, 4318205.993, 119
Trd, 4318207.193, 92
Trd, 4318209.093, 111
Trd, 4318210.043, 75
Trd, 4318210.143, 109
Trd, 4318210.443, 89
Trd, 4318210.593, 69
Trd, 4318211.893, 133
Trd, 4318211.943, 118
Trd, 4318212.343, 87
Trd, 4318213.393, 112
Trd, 4318215.093, 139
Trd, 4318215.893, 64
Trd, 4318216.343, 80
Trd, 4318216.393, 76
Trd, 4318216.943, 65
Trd, 4318217.143, 82
Trd, 4318217.643, 98
Trd, 4318218.243, 73
Trd, 4318218.943, 61
Trd, 4318220.243, 72
Trd, 4318220.993, 110
Trd, 4318221.893, 81
Trd, 4318222.843, 75
Trd, 4318223.243, 91
Trd, 4318224.393, 99
Trd, 4318225.193, 103
Trd, 4318225.743, 122
Trd, 4318226.893, 101
Trd, 4318227.143, 101
Trd, 4318228.243, 99
Trd, 4318228.293, 92
Trd, 4318228.943, 89
Trd, 4318229.243, 86
Trd, 4318230.343, 69
Trd, 4318231.193, 80
Trd, 4318231.293, 78
Trd, 4318231.493, 73
Trd, 4318232.793, 95
Trd, 4318233.043, 94
Trd, 4318234.193, 109
Trd, 4318234.343, 108
Trd, 4318236.093, 129
Trd, 4318237.293, 97
Trd, 4318237.593, 91
Trd, 4318237.743, 123
Trd, 4318238.143, 119
Trd, 4318238.493, 132
Trd, 4318239.693, 92
Trd, 4318241.593, 140
Trd, 4318241.843, 116
Trd, 4318242.093, 84
Trd, 4318242.893, 81
Trd, 4318243.393, 82
Trd, 4318244.093, 111
Trd, 4318244.643, 100
Trd, 4318244.843, 95
Trd, 4318245.593, 100
Trd, 4318246.093, 82
Trd, 4318248.043, 100
Trd, 4318248.893, 88
Trd, 4318249.593, 87
Trd, 4318250.843, 104
Trd, 4318252.093, 108
Trd, 4318252.193, 118
Trd, 4318252.793, 105
Trd, 4318253.093, 97
Trd, 4318253.793, 111
Trd, 4318254.993, 89
Trd, 4318255.493, 81
Trd, 4318255.993, 109
Trd, 4318256.243, 75
Trd, 4318256.293, 66
Trd, 4318258.543, 88
Trd, 4318258.893, 65
Trd, 4318260.093, 64
Trd, 4318261.493, 91
Trd, 4318263.043, 100
Trd, 4318263.293, 82
Trd, 4318263.743, 98
Trd, 4318265.443, 88
Trd, 4318267.043, 108
Trd, 4318267.693, 133
Trd, 4318268.143, 99
Trd, 4318268.393, 95
Trd, 4318268.493, 93
Trd, 4318268.893, 99
Trd, 4318269.893, 70
Trd, 4318270.543, 99
Trd, 4318272.293, 70
Trd, 4318272.643, 73
Trd, 4318273.993, 120
Trd, 4318274.143, 116
Trd, 4318274.993, 112
Trd, 4318275.293, 105
Trd, 4318275.393, 116
Trd, 4318276.693, 100
Trd, 4318278.043, 119
Trd, 4318278.143, 92
Trd, 4318279.443, 81
Trd, 4318279.543, 87
Trd, 4318279.593, 88
Trd, 4318280.893, 63
Trd, 4318281.793, 129
Trd, 4318283.993, 99
Trd, 4318284.843, 108
Trd, 4318285.143, 102
Trd, 4318285.893, 92
Trd, 4318286.993, 111
Trd, 4318287.793, 97
Trd, 4318288.343, 105
Trd, 4318288.643, 126
Trd, 4318289.343, 88
Trd, 4318289.743, 126
Trd, 4318289.993, 67
Trd, 4318290.943, 134
Trd, 4318292.743, 86
Trd, 4318292.893, 73
Trd, 4318293.443, 99
Trd, 4318294.043, 100
Trd, 4318295.193, 97
Trd, 4318295.743, 131
Trd, 4318296.343, 112
Trd, 4318297.243, 95
Trd, 4318297.543, 63
Trd, 4318298.143, 83
Trd, 4318299.193, 116
Trd, 4318300.043, 110
Trd, 4318301.193, 102
Trd, 4318301.393, 81
Trd, 4318303.893, 109
Trd, 4318304.693, 98
Trd, 4318305.543, 87
Trd, 4318306.193, 79
Trd, 4318306.443, 105
Trd, 4318307.193, 90
Trd, 4318307.843, 76
Trd, 4318308.593, 98
Trd, 4318309.943, 87
Trd, 4318310.293, 93
Trd, 4318311.093, 94
Trd, 4318312.043, 119
Trd, 4318313.693, 106
Trd, 4318315.243, 105
Trd, 4318316.043, 109
Trd, 4318316.643, 109
Trd, 4318316.793, 112
Trd, 4318316.843, 97
Trd, 4318317.643, 115
Trd, 4318317.843, 122
Trd, 4318319.743, 109
Trd, 4318319.793, 94
Trd, 4318320.393, 110
Trd, 4318320.893, 80
Trd, 4318321.593, 61
Trd, 4318321.893, 73
Trd, 4318323.343, 114
Trd, 4318325.643, 102
Trd, 4318325.893, 112
Trd, 4318326.293, 119
Trd, 4318327.093, 89
Trd, 4318327.893, 88
Trd, 4318328.043, 81
Trd, 4318329.393, 73
Trd, 4318330.343, 77
Trd, 4318331.543, 96
Trd, 4318332.243, 90
Trd, 4318332.593, 106
Trd, 4318333.043, 92
Trd, 4318334.293, 123
Trd, 4318334.493, 111
Trd, 4318335.793, 138
Trd, 4318335.893, 88
Trd, 4318337.093, 84
Trd, 4318337.393, 69
Trd, 4318338.643, 134
Trd, 4318339.093, 106
Trd, 4318339.143, 77
Trd, 4318341.493, 87
Trd, 4318342.043, 114
Trd, 4318343.593, 118
Trd, 4318344.793, 120
Trd, 4318345.343, 109
Trd, 4318345.443, 135
Trd, 4318345.743, 92
Trd, 4318347.343, 123
Trd, 4318349.793, 72
Trd, 4318350.593, 85
Trd, 4318350.843, 87
Trd, 4318350.893, 66
Trd, 4318352.943, 72
Trd, 4318353.693, 88
Trd, 4318353.993, 88
Trd, 4318354.543, 72
Trd, 4318355.043, 113
Trd, 4318355.443, 107
Trd, 4318356.543, 64
Trd, 4318357.993, 91
Trd, 4318358.093, 113
Trd, 4318358.693, 129
Trd, 4318359.543, 115
Trd, 4318360.093, 121
Trd, 4318360.293, 103
Trd, 4318361.593, 125
Trd, 4318361.893, 118
Trd, 4318362.043, 98
Trd, 4318362.093, 78
Trd, 4318363.193, 111
Trd, 4318366.543, 128
Trd, 4318366.693, 121
Trd, 4318367.343, 117
Trd, 4318367.393, 115
Trd, 4318368.543, 103
Trd, 4318369.043, 94
Trd, 4318369.693, 79
Trd, 4318370.843, 78
Trd, 4318372.043, 97
Trd, 4318373.393, 102
Trd, 4318373.843, 100
Trd, 4318374.243, 139
Trd, 4318374.643, 126
Trd, 4318375.193, 117
Trd, 4318375.493, 111
Trd, 4318375.543, 99
Trd, 4318376.443, 88
Trd, 4318378.543, 89
Trd, 4318378.643, 93
Trd, 4318379.543, 93
Trd, 4318380.793, 136
Trd, 4318381.343, 117
Trd, 4318382.293, 99
Trd, 4318382.343, 94
Trd, 4318383.993, 111
Trd, 4318384.593, 92
Trd, 4318385.943, 135
Trd, 4318385.993, 106
Trd, 4318386.743, 87
Trd, 4318387.143, 108
Trd, 4318387.993, 139
Trd, 4318388.193, 131
Trd, 4318389.193, 124
Trd, 4318389.293, 100
Trd, 4318390.443, 118
Trd, 4318390.843, 125
Trd, 4318391.443, 119
Trd, 4318391.693, 84
Trd, 4318392.043, 67
Trd, 4318394.243, 97
Trd, 4318394.443, 113
Trd, 4318396.293, 117
Trd, 4318397.793, 88
Trd, 4318397.993, 83
Trd, 4318398.243, 89
Trd, 4318398.743, 131
Trd, 4318400.993, 111
Trd, 4318402.693, 116
Trd, 4318402.793, 97
Trd, 4318403.493, 130
Trd, 4318403.943, 127
Trd, 4318405.143, 80
Trd, 4318405.543, 109
Trd, 4318405.593, 73
Trd, 4318406.993, 113
Trd, 4318407.343, 70
Trd, 4318408.343, 114
Trd, 4318408.393, 84
Trd, 4318409.093, 95
Trd, 4318409.693, 67
Trd, 4318410.793, 93
Trd, 4318411.643, 83
Trd, 4318412.993, 115
Trd, 4318413.343, 97
Trd, 4318415.043, 100
Trd, 4318415.693, 94
Trd, 4318416.393, 93
Trd, 4318417.193, 70
Trd, 4318417.643, 94
Trd, 4318418.393, 135
Trd, 4318419.843, 72
Trd, 4318420.893, 73
Trd, 4318421.743, 75
Trd, 4318421.793, 68
Trd, 4318422.643, 68
Trd, 4318423.293, 84
Trd, 4318423.693, 98
Trd, 4318425.093, 82
Trd, 4318425.143, 107
Trd, 4318425.543, 66
Trd, 4318427.443, 82
Trd, 4318428.593, 103
Trd, 4318429.443, 113
Trd, 4318429.843, 112
Trd, 4318430.493, 82
Trd, 4318431.093, 136
Trd, 4318432.243, 114
Trd, 4318432.693, 99
Trd, 4318432.843, 92
Trd, 4318433.343, 65
Trd, 4318434.843, 119
Trd, 4318435.493, 131
Trd, 4318436.543, 108
Trd, 4318436.893, 106
Trd, 4318437.743, 93
Trd, 4318437.843, 93
Trd, 4318438.143, 102
Trd, 4318439.893, 81
Trd, 4318440.243, 114
Trd, 4318440.293, 89
Trd, 4318440.993, 87
Trd, 4318441.593, 77
Trd, 4318443.543, 84
Trd, 4318443.743, 77
Trd, 4318445.043, 79
Trd, 4318445.543, 106
Trd, 4318445.643, 82
Trd, 4318446.143, 85
Trd, 4318446.893, 127
Trd, 4318448.193, 85
Trd, 4318449.193, 78
Trd, 4318450.243, 92
Trd, 4318451.143, 114
Trd, 4318452.143, 105
Trd, 4318452.443, 111
Trd, 4318453.543, 88
Trd, 4318455.293, 78
Trd, 4318455.443, 87
Trd, 4318455.943, 86
Trd, 4318456.193, 86
Trd, 4318456.393, 106
Trd, 4318458.193, 89
Trd, 4318459.043, 115
Trd, 4318459.543, 70
Trd, 4318460.243, 103
Trd, 4318460.443, 92
Trd, 4318460.543, 97
Trd, 4318461.193, 84
Trd, 4318461.493, 90
Trd, 4318462.693, 96
Trd, 4318463.593, 122
Trd, 4318463.643, 121
Trd, 4318463.993, 132
Trd, 4318464.693, 85
Trd, 4318466.843, 125
Trd, 4318467.393, 112
Trd, 4318468.443, 114
Trd, 4318468.693, 101
Trd, 4318469.293, 96
Trd, 4318470.193, 96
Trd, 4318471.093, 93
Trd, 4318471.543, 75
Trd, 4318472.093, 68
Trd, 4318473.793, 89
Trd, 4318474.193, 86
Trd, 4318474.243, 82
Trd, 4318474.693, 113
Trd, 4318475.343, 107
Trd, 4318477.643, 79
Trd, 4318477.793, 85
Trd, 4318478.693, 123
Trd, 4318479.393, 123
Trd, 4318479.543, 119
Trd, 4318480.493, 127
Trd, 4318482.093, 106
Trd, 4318482.193, 96
Trd, 4318482.293, 92
Trd, 4318484.193, 108
Trd, 4318484.743, 90
Trd, 4318484.943, 111
Trd, 4318485.843, 116
Trd, 4318487.143, 100
Trd, 4318487.293, 82
Trd, 4318489.743, 94
Trd, 4318490.343, 81
Trd, 4318491.443, 91
Trd, 4318492.193, 96
Trd, 4318493.043, 105
Trd, 4318493.293, 115
Trd, 4318493.493, 104
Trd, 4318494.493, 94
Trd, 4318496.293, 121
Trd, 4318496.543, 113
Trd, 4318496.593, 109
Trd, 4318499.043, 99
Trd, 4318500.243, 103
Trd, 4318500.393, 109
Trd, 4318500.543, 103
Trd, 4318500.593, 97
Trd, 4318501.943, 101
Trd, 4318502.793, 104
Trd, 4318503.793, 113
Trd, 4318504.493, 96
Trd, 4318505.043, 115
Trd, 4318505.543, 108
Trd, 4318506.193, 105
Trd, 4318506.943, 106
Trd, 4318507.193, 69
Trd, 4318507.593, 82
Trd, 4318508.843, 94
Trd, 4318508.993, 73
Trd, 4318509.293, 79
Trd, 4318509.943, 93
Trd, 4318510.793, 126
Trd, 4318511.493, 85
Trd, 4318512.243, 93
Trd, 4318512.643, 110
Trd, 4318513.543, 114
Trd, 4318514.643, 128
Trd, 4318515.143, 106
Trd, 4318515.193, 96
Trd, 4318517.043, 88
Trd, 4318517.543, 130
Trd, 4318517.793, 108
Trd, 4318518.343, 94
Trd, 4318519.043, 111
Trd, 4318519.593, 116
Trd, 4318519.843, 87
Trd, 4318521.593, 92
Trd, 4318522.293, 115
Trd, 4318522.843, 86
Trd, 4318523.243, 83
Trd, 4318524.443, 103
Trd, 4318525.243, 95
Trd, 4318525.993, 130
Trd, 4318526.643, 127
Trd, 4318526.943, 106
Trd, 4318527.393, 100
Trd, 4318528.293, 139
Trd, 4318528.693, 98
Trd, 4318529.543, 90
Trd, 4318530.093, 92
Trd, 4318530.443, 88
Trd, 4318531.043, 74
Trd, 4318531.743, 85
Trd, 4318532.493, 86
Trd, 4318533.193, 105
Trd, 4318533.543, 132
Trd, 4318534.193, 89
Trd, 4318534.243, 108
Trd, 4318534.643, 83
Trd, 4318535.943, 61
Trd, 4318536.943, 97
Trd, 4318537.093, 114
Trd, 4318537.543, 95
Trd, 4318539.793, 119
Trd, 4318540.243, 107
Trd, 4318540.443, 106
Trd, 4318541.043, 103
Trd, 4318541.293, 101
Trd, 4318542.193, 91
Trd, 4318542.293, 87
Trd, 4318543.393, 82
Trd, 4318544.143, 76
Trd, 4318545.493, 91
Trd, 4318545.543, 99
Trd, 4318545.643, 85
Trd, 4318546.193, 90
Trd, 4318548.593, 103
Trd, 4318548.693, 102
Trd, 4318551.693, 130
Trd, 4318552.493, 117
Trd, 4318552.543, 114
Trd, 4318553.243, 118
Trd, 4318554.043, 124
Trd, 4318555.343, 132
Trd, 4318555.943, 117
Trd, 4318556.843, 100
Trd, 4318557.043, 129
Trd, 4318557.093, 116
Trd, 4318557.643, 93
Trd, 4318557.793, 73
Trd, 4318558.243, 127
Trd, 4318558.643, 118
Trd, 4318560.093, 98
Trd, 4318560.543, 100
Trd, 4318561.643, 120
Trd, 4318561.943, 107
Trd, 4318563.493, 119
Trd, 4318563.543, 125
Trd, 4318565.493, 131
Trd, 4318567.593, 91
Trd, 4318568.743, 98
Trd, 4318569.793, 83
Trd, 4318570.093, 133
Trd, 4318571.593, 79
Trd, 4318572.843, 111
Trd, 4318573.143, 99
Trd, 4318574.943, 117
Trd, 4318575.243, 106
Trd, 4318575.343, 101
Trd, 4318575.493, 121
Trd, 4318575.793, 89
Trd, 4318576.443, 135
Trd, 4318577.243, 106
Trd, 4318578.943, 121
Trd, 4318579.493, 117
Trd, 4318581.093, 88
Trd, 4318581.993, 92
Trd, 4318582.543, 94
Trd, 4318582.693, 118
Trd, 4318582.843, 93
Trd, 4318584.093, 88
Trd, 4318584.643, 107
Trd, 4318584.793, 90
Trd, 4318585.493, 108
Trd, 4318586.793, 129
Trd, 4318587.193, 107
Trd, 4318587.393, 100
Trd, 4318587.593, 82
Trd, 4318588.943, 68
Trd, 4318589.993, 68
Trd, 4318590.043, 75
Trd, 4318591.443, 118
Trd, 4318591.643, 107
Trd, 4318592.343, 94
Trd, 4318592.843, 66
Trd, 4318594.193, 88
Trd, 4318594.543, 91
Trd, 4318595.943, 102
Trd, 4318595.993, 104
Trd, 4318596.543, 102
Trd, 4318597.743, 91
Trd, 4318598.493, 100
Trd, 4318598.593, 118
Trd, 4318600.043, 92
Trd, 4318601.243, 81
Trd, 4318601.343, 86
Trd, 4318601.443, 100
Trd, 4318602.093, 75
Trd, 4318602.143, 77
Trd, 4318603.493, 82
Trd, 4318603.943, 124
Trd, 4318605.143, 88
Trd, 4318607.343, 98
Trd, 4318607.543, 96
Trd, 4318608.343, 128
Trd, 4318608.393, 74
Trd, 4318608.693, 111
Trd, 4318610.993, 114
Trd, 4318611.893, 97
Trd, 4318611.943, 90
Trd, 4318613.093, 115
Trd, 4318613.543, 96
Trd, 4318613.943, 99
Trd, 4318614.543, 129
Trd, 4318615.543, 87
Trd, 4318616.643, 71
Trd, 4318616.993, 95
Trd, 4318617.843, 75
Trd, 4318618.343, 119
Trd, 4318618.593, 88
Trd, 4318618.943, 81
Trd, 4318619.593, 92
Trd, 4318619.943, 84
Trd, 4318621.443, 90
Trd, 4318623.643, 105
Trd, 4318623.993, 113
Trd, 4318624.093, 103
Trd, 4318624.743, 100
Trd, 4318625.443, 84
Trd, 4318625.793, 86
Trd, 4318626.243, 95
Trd, 4318626.693, 114
Trd, 4318628.193, 110
Trd, 4318629.543, 120
Trd, 4318629.593, 88
Trd, 4318632.693, 118
Trd, 4318632.843, 111
Trd, 4318633.093, 126
Trd, 4318633.143, 105
Trd, 4318634.343, 85
Trd, 4318634.493, 67
Trd, 4318634.743, 65
Trd, 4318635.843, 85
Trd, 4318636.893, 86
Trd, 4318637.193, 83
Trd, 4318637.393, 73
Trd, 4318637.543, 91
Trd, 4318641.693, 90
Trd, 4318641.993, 86
Trd, 4318643.043, 104
Trd, 4318643.093, 99
Trd, 4318643.193, 76
Trd, 4318644.493, 107
Trd, 4318644.893, 92
Trd, 4318645.193, 104
Trd, 4318646.793, 98
Trd, 4318646.993, 110
Trd, 4318647.343, 86
Trd, 4318649.243, 85
Trd, 4318649.343, 90
Trd, 4318649.843, 110
Trd, 4318649.993, 65
Trd, 4318650.443, 100
Trd, 4318651.043, 70
Trd, 4318652.043, 91
Trd, 4318652.743, 114
Trd, 4318652.793, 82
Trd, 4318653.593, 99
Trd, 4318653.643, 97
Trd, 4318655.443, 99
Trd, 4318655.743, 102
Trd, 4318656.593, 122
Trd, 4318656.643, 110
Trd, 4318657.593, 127
Trd, 4318657.693, 120
Trd, 4318659.143, 106
Trd, 4318659.743, 85
Trd, 4318661.193, 108
Trd, 4318661.443, 95
Trd, 4318661.743, 93
Trd, 4318662.843, 80
Trd, 4318663.493, 99
Trd, 4318663.893, 100
Trd, 4318664.143, 95
Trd, 4318664.393, 92
Trd, 4318665.243, 91
Trd, 4318666.893, 71
Trd, 4318668.093, 106
Trd, 4318668.693, 111
Trd, 4318668.843, 110
Trd, 4318670.643, 140
Trd, 4318670.893, 119
Trd, 4318670.993, 115
Trd, 4318672.443, 108
Trd, 4318673.043, 84
Trd, 4318673.843, 97
Trd, 4318675.043, 87
Trd, 4318675.793, 70
Trd, 4318675.893, 79
Trd, 4318676.093, 84
Trd, 4318676.743, 70
Trd, 4318677.743, 90
Trd, 4318678.493, 60
Trd, 4318678.593, 68
Trd, 4318679.493, 74
Trd, 4318680.493, 94
Trd, 4318681.093, 126
Trd, 4318683.193, 128
Trd, 4318684.243, 121
Trd, 4318684.743, 94
Trd, 4318686.343, 108
Trd, 4318686.693, 98
Trd, 4318687.343, 111
Trd, 4318687.743, 93
Trd, 4318688.843, 107
Trd, 4318689.293, 106
Trd, 4318689.343, 105
Trd, 4318689.543, 97
Trd, 4318692.443, 63
Trd, 4318692.693, 72
Trd, 4318693.593, 74
Trd, 4318694.593, 96
Trd, 4318694.693, 89
Trd, 4318695.043, 86
Trd, 4318695.393, 103
Trd, 4318695.543, 82
Trd, 4318695.643, 90
Trd, 4318695.793, 78
Trd, 4318696.093, 77
Trd, 4318698.643, 79
Trd, 4318699.193, 71
Trd, 4318699.493, 114
Trd, 4318700.043, 90
Trd, 4318700.793, 88
Trd, 4318701.543, 122
Trd, 4318701.743, 116
Trd, 4318702.243, 110
Trd, 4318702.643, 109
Trd, 4318703.693, 72
Trd, 4318705.093, 117
Trd, 4318705.843, 87
Trd, 4318706.093, 85
Trd, 4318707.843, 120
Trd, 4318708.243, 119
Trd, 4318709.143, 135
Trd, 4318709.743, 123
Trd, 4318709.943, 109
Trd, 4318710.593, 67
Trd, 4318711.343, 94
Trd, 4318714.293, 100
Trd, 4318714.393, 85
Trd, 4318715.393, 83
Trd, 4318715.743, 117
Trd, 4318716.993, 101
Trd, 4318717.893, 102
Trd, 4318719.593, 112
Trd, 4318720.443, 108
Trd, 4318720.593, 107
Trd, 4318721.493, 100
Trd, 4318721.893, 99
Trd, 4318722.893, 106
Trd, 4318723.793, 127
Trd, 4318723.993, 129
Trd, 4318726.643, 111
Trd, 4318727.743, 128
Trd, 4318727.893, 106
Trd, 4318728.293, 120
Trd, 4318729.193, 129
Trd, 4318729.393, 109
Trd, 4318730.743, 122
Trd, 4318730.893, 99
Trd, 4318733.193, 126
Trd, 4318734.493, 106
Trd, 4318734.743, 91
Trd, 4318735.743, 116
Trd, 4318735.843, 68
Trd, 4318736.093, 71
Trd, 4318736.993, 96
Trd, 4318737.793, 87
Trd, 4318738.593, 81
Trd, 4318739.193, 100
Trd, 4318740.793, 102
Trd, 4318741.293, 120
Trd, 4318741.993, 119
Trd, 4318742.893, 124
Trd, 4318742.993, 121
Trd, 4318743.393, 106
Trd, 4318744.093, 106
Trd, 4318745.093, 111
Trd, 4318745.393, 91
Trd, 4318746.143, 78
Trd, 4318746.693, 121
Trd, 4318747.893, 104
Trd, 4318749.993, 86
Trd, 4318750.093, 127
Trd, 4318751.143, 135
Trd, 4318752.393, 137
Trd, 4318754.293, 111
Trd, 4318754.793, 100
Trd, 4318754.893, 123
Trd, 4318755.743, 91
Trd, 4318757.343, 130
Trd, 4318757.443, 116
Trd, 4318758.143, 98
Trd, 4318760.943, 122
Trd, 4318761.193, 126
Trd, 4318761.393, 137
Trd, 4318761.743, 107
Trd, 4318761.993, 105
Trd, 4318762.193, 90
Trd, 4318762.693, 67
Trd, 4318762.993, 113
Trd, 4318764.093, 102
Trd, 4318764.143, 114
Trd, 4318765.143, 125
Trd, 4318765.393, 88
Trd, 4318765.943, 137
Trd, 4318766.793, 115
Trd, 4318766.843, 103
Trd, 4318768.843, 115
Trd, 4318770.293, 128
Trd, 4318770.743, 127
Trd, 4318774.093, 127
Trd, 4318774.293, 116
Trd, 4318774.843, 99
Trd, 4318775.493, 89
Trd, 4318776.093, 79
Trd, 4318776.143, 97
Trd, 4318777.543, 122
Trd, 4318777.893, 109
Trd, 4318781.193, 136
Trd, 4318781.243, 133
Trd, 4318781.493, 134
Trd, 4318782.293, 133
Trd, 4318782.793, 121
Trd, 4318784.293, 107
Trd, 4318785.493, 80
Trd, 4318785.593, 96
Trd, 4318785.843, 117
Trd, 4318786.093, 73
Trd, 4318786.743, 129
Trd, 4318787.843, 101
Trd, 4318789.093, 66
Trd, 4318789.843, 119
Trd, 4318791.393, 110
Trd, 4318791.743, 91
Trd, 4318792.343, 103
Trd, 4318793.193, 95
Trd, 4318794.943, 102
Trd, 4318794.993, 100
Trd, 4318796.243, 107
Trd, 4318797.293, 103
Trd, 4318797.793, 136
Trd, 4318798.143, 91
Trd, 4318798.743, 128
Trd, 4318799.843, 100
Trd, 4318800.893, 110
Trd, 4318801.343, 108
Trd, 4318801.743, 98
Trd, 4318803.243, 67
Trd, 4318804.543, 110
Trd, 4318804.843, 133
Trd, 4318805.293, 94
Trd, 4318805.793, 71
Trd, 4318805.843, 64
Trd, 4318806.793, 76
Trd, 4318808.343, 103
Trd, 4318810.593, 137
Trd, 4318810.793, 105
Trd, 4318810.943, 87
Trd, 4318812.043, 121
Trd, 4318812.293, 115
Trd, 4318812.693, 140
Trd, 4318812.893, 105
Trd, 4318813.043, 79
Trd, 4318815.493, 117
Trd, 4318815.643, 106
Trd, 4318816.993, 127
Trd, 4318817.293, 118
Trd, 4318817.543, 121
Trd, 4318817.993, 100
Trd, 4318818.643, 84
Trd, 4318819.193, 135
Trd, 4318819.443, 121
Trd, 4318820.243, 89
Trd, 4318821.843, 64
Trd, 4318822.743, 79
Trd, 4318823.343, 77
Trd, 4318823.743, 80
Trd, 4318823.943, 80
Trd, 4318824.393, 109
Trd, 4318826.343, 73
Trd, 4318827.543, 94
Trd, 4318827.993, 85
Trd, 4318829.293, 122
Trd, 4318829.493, 117
Trd, 4318831.343, 115
Trd, 4318831.743, 118
Trd, 4318832.643, 112
Trd, 4318832.793, 93
Trd, 4318832.843, 86
Trd, 4318834.093, 106
Trd, 4318834.893, 115
Trd, 4318835.093, 103
Trd, 4318836.743, 94
Trd, 4318836.793, 94
Trd, 4318837.343, 116
Trd, 4318838.843, 98
Trd, 4318838.993, 107
Trd, 4318840.993, 95
Trd, 4318842.693, 125
Trd, 4318843.743, 97
Trd, 4318845.393, 91
Trd, 4318845.943, 131
Trd, 4318846.043, 118
Trd, 4318846.843, 87
Trd, 4318847.043, 124
Trd, 4318847.543, 86
Trd, 4318849.393, 120
Trd, 4318851.343, 106
Trd, 4318853.293, 117
Trd, 4318854.143, 94
Trd, 4318855.293, 89
Trd, 4318855.943, 102
Trd, 4318857.293, 98
Trd, 4318857.543, 88
Trd, 4318857.893, 106
Trd, 4318858.993, 123
Trd, 4318859.343, 110
Trd, 4318859.393, 92
Trd, 4318861.043, 108
Trd, 4318861.993, 81
Trd, 4318862.243, 103
Trd, 4318862.393, 118
Trd, 4318863.343, 63
Trd, 4318863.393, 97
Trd, 4318864.393, 104
Trd, 4318866.743, 104
Trd, 4318867.143, 103
Trd, 4318867.643, 106
Trd, 4318868.243, 112
Trd, 4318868.593, 96
Trd, 4318868.893, 80
Trd, 4318869.293, 116
Trd, 4318870.243, 64
Trd, 4318870.993, 78
Trd, 4318871.443, 64
Trd, 4318871.893, 98
Trd, 4318873.343, 68
Trd, 4318873.843, 64
Trd, 4318874.393, 61
Trd, 4318874.493, 89
Trd, 4318876.743, 107
Trd, 4318878.643, 91
Trd, 4318878.893, 95
Trd, 4318879.293, 78
Trd, 4318879.443, 94
Trd, 4318879.993, 117
Trd, 4318881.743, 96
Trd, 4318882.393, 91
Trd, 4318883.743, 117
Trd, 4318884.243, 81
Trd, 4318886.143, 81
Trd, 4318886.643, 112
Trd, 4318887.093, 90
Trd, 4318888.693, 73
Trd, 4318889.043, 95
Trd, 4318889.943, 122
Trd, 4318890.543, 86
Trd, 4318891.243, 81
Trd, 4318893.043, 84
Trd, 4318893.143, 83
Trd, 4318894.143, 85
Trd, 4318895.343, 89
Trd, 4318895.543, 99
Trd, 4318898.393, 100
Trd, 4318898.543, 97
Trd, 4318899.143, 94
Trd, 4318899.943, 94
Trd, 4318901.693, 92
Trd, 4318902.243, 79
Trd, 4318902.343, 84
Trd, 4318903.343, 103
Trd, 4318904.593, 95
Trd, 4318904.893, 83
Trd, 4318905.743, 71
Trd, 4318907.293, 98
Trd, 4318907.343, 109
Trd, 4318907.893, 107
Trd, 4318908.743, 94
Trd, 4318909.743, 108
Trd, 4318909.843, 98
Trd, 4318909.893, 83
Trd, 4318910.943, 91
Trd, 4318912.493, 95
Trd, 4318912.693, 94
Trd, 4318912.743, 97
Trd, 4318913.443, 106
Trd, 4318913.793, 94
Trd, 4318914.293, 92
Trd, 4318914.393, 135
Trd, 4318915.293, 89
Trd, 4318916.993, 64
Trd, 4318917.443, 76
Trd, 4318918.443, 103
Trd, 4318919.393, 119
Trd, 4318920.493, 89
Trd, 4318922.043, 111
Trd, 4318922.543, 125
Trd, 4318922.843, 115
Trd, 4318922.943, 88
Trd, 4318923.393, 73
Trd, 4318925.743, 120
Trd, 4318926.343, 102
Trd, 4318927.193, 91
Trd, 4318927.593, 90
Trd, 4318929.693, 129
Trd, 4318929.893, 118
Trd, 4318930.693, 109
Trd, 4318930.843, 107
Trd, 4318932.393, 116
Trd, 4318932.493, 90
Trd, 4318934.743, 103
Trd, 4318935.193, 98
Trd, 4318935.393, 122
Trd, 4318935.643, 92
Trd, 4318936.593, 127
Trd, 4318938.993, 98
Trd, 4318939.443, 106
Trd, 4318939.543, 91
Trd, 4318940.693, 112
Trd, 4318941.893, 124
Trd, 4318941.993, 114
Trd, 4318943.693, 130
Trd, 4318944.543, 122
Trd, 4318945.693, 113
Trd, 4318946.193, 97
Trd, 4318946.293, 97
Trd, 4318946.793, 111
Trd, 4318947.143, 103
Trd, 4318948.143, 63
Trd, 4318948.243, 111
Trd, 4318949.893, 81
Trd, 4318950.393, 82
Trd, 4318951.443, 106
Trd, 4318952.793, 96
Trd, 4318954.993, 106
Trd, 4318955.043, 97
Trd, 4318955.893, 92
Trd, 4318956.043, 84
Trd, 4318956.093, 81
Trd, 4318956.743, 85
Trd, 4318957.843, 90
Trd, 4318957.993, 106
Trd, 4318958.243, 108
Trd, 4318958.743, 99
Trd, 4318959.043, 79
Trd, 4318959.193, 72
Trd, 4318961.393, 117
Trd, 4318962.343, 105
Trd, 4318963.493, 86
Trd, 4318963.693, 79
Trd, 4318964.543, 120
Trd, 4318965.493, 101
Trd, 4318966.093, 114
Trd, 4318966.993, 83
Trd, 4318967.293, 88
Trd, 4318968.193, 85
Trd, 4318969.143, 91
Trd, 4318969.793, 93
Trd, 4318970.443, 91
Trd, 4318970.543, 104
Trd, 4318972.543, 107
Trd, 4318972.993, 91
Trd, 4318973.343, 119
Trd, 4318973.943, 119
Trd, 4318975.143, 112
Trd, 4318975.443, 99
Trd, 4318975.843, 131
Trd, 4318977.393, 79
Trd, 4318978.543, 123
Trd, 4318978.793, 72
Trd, 4318978.893, 83
Trd, 4318980.243, 99
Trd, 4318981.043, 98
Trd, 4318981.893, 113
Trd, 4318982.743, 108
Trd, 4318983.493, 107
Trd, 4318984.543, 94
Trd, 4318985.343, 98
Trd, 4318985.993, 120
Trd, 4318986.143, 78
Trd, 4318987.193, 83
Trd, 4318987.343, 92
Trd, 4318987.793, 102
Trd, 4318989.243, 84
Trd, 4318989.443, 108
Trd, 4318991.493, 94
Trd, 4318991.793, 73
Trd, 4318992.393, 94
Trd, 4318993.143, 107
Trd, 4318995.193, 114
Trd, 4318995.643, 113
Trd, 4318995.793, 114
Trd, 4318996.293, 123
Trd, 4318996.443, 98
Trd, 4318998.093, 88
Trd, 4318998.443, 112
Trd, 4318998.643, 108
Trd, 4318998.943, 104
Trd, 4319000.243, 138
Trd, 4319001.443, 123
Trd, 4319002.493, 123
Trd, 4319002.693, 114
Trd, 4319003.143, 88
Trd, 4319003.343, 108
Trd, 4319005.443, 79
Trd, 4319005.593, 73
Trd, 4319006.293, 77
Trd, 4319008.043, 70
Trd, 4319008.143, 87
Trd, 4319008.493, 68
Trd, 4319010.243, 72
Trd, 4319010.543, 94
Trd, 4319011.543, 88
Trd, 4319011.843, 95
Trd, 4319012.693, 96
Trd, 4319014.843, 130
Trd, 4319015.793, 119
Trd, 4319016.143, 110
Trd, 4319016.743, 99
Trd, 4319017.943, 103
Trd, 4319018.293, 82
Trd, 4319019.243, 121
Trd, 4319020.843, 97
Trd, 4319020.893, 87
Trd, 4319021.393, 81
Trd, 4319022.093, 89
Trd, 4319022.893, 84
Trd, 4319023.143, 111
Trd, 4319023.293, 100
Trd, 4319024.093, 77
Trd, 4319024.543, 83
Trd, 4319025.443, 93
Trd, 4319026.243, 91
Trd, 4319026.643, 89
Trd, 4319027.593, 89
Trd, 4319028.393, 103
Trd, 4319029.993, 103
Trd, 4319031.093, 93
Trd, 4319031.193, 87
Trd, 4319031.793, 110
Trd, 4319031.993, 83
Trd, 4319033.593, 76
Trd, 4319035.843, 100
Trd, 4319036.343, 82
Trd, 4319036.543, 72
Trd, 4319037.143, 93
Trd, 4319037.893, 126
Trd, 4319038.693, 101
Trd, 4319039.643, 100
Trd, 4319039.843, 96
Trd, 4319040.493, 65
Trd, 4319041.043, 121
Trd, 4319041.943, 88
Trd, 4319042.093, 100
Trd, 4319044.143, 91
Trd, 4319044.343, 105
Trd, 4319044.443, 85
Trd, 4319045.393, 119
Trd, 4319045.643, 121
Trd, 4319045.943, 85
Trd, 4319046.943, 98
Trd, 4319047.993, 81
Trd, 4319048.243, 124
Trd, 4319048.543, 73
Trd, 4319049.293, 82
Trd, 4319049.993, 73
Trd, 4319050.693, 74
Trd, 4319050.893, 99
Trd, 4319052.193, 87
Trd, 4319054.043, 111
Trd, 4319054.793, 70
Trd, 4319054.843, 102
Trd, 4319054.943, 65
Trd, 4319056.843, 67
Trd, 4319057.193, 72
Trd, 4319060.193, 91
Trd, 4319060.593, 78
Trd, 4319060.943, 75
Trd, 4319061.943, 77
Trd, 4319062.593, 78
Trd, 4319062.643, 64
Trd, 4319062.993, 86
Trd, 4319063.543, 96
Trd, 4319063.843, 96
Trd, 4319063.993, 94
Trd, 4319064.143, 94
Trd, 4319064.693, 114
Trd, 4319066.293, 111
Trd, 4319068.143, 109
Trd, 4319068.293, 94
Trd, 4319068.443, 94
Trd, 4319068.993, 77
Trd, 4319071.293, 63
Trd, 4319071.393, 85
Trd, 4319072.893, 115
Trd, 4319072.943, 103
Trd, 4319073.593, 131
Trd, 4319074.493, 69
Trd, 4319074.743, 78
Trd, 4319075.543, 63
Trd, 4319076.393, 100
Trd, 4319076.643, 137
Trd, 4319077.043, 95
Trd, 4319078.043, 86
Trd, 4319078.593, 77
Trd, 4319079.143, 109
Trd, 4319080.393, 73
Trd, 4319081.143, 92
Trd, 4319081.393, 82
Trd, 4319082.343, 89
Trd, 4319082.543, 88
Trd, 4319083.043, 70
Trd, 4319083.443, 82
Trd, 4319083.793, 105
Trd, 4319084.543, 83
Trd, 4319086.043, 126
Trd, 4319086.093, 91
Trd, 4319086.693, 85
Trd, 4319087.743, 71
Trd, 4319088.943, 124
Trd, 4319089.043, 97
Trd, 4319089.143, 93
Trd, 4319089.293, 76
Trd, 4319090.093, 110
Trd, 4319090.543, 97
Trd, 4319092.693, 116
Trd, 4319093.243, 126
Trd, 4319094.643, 80
Trd, 4319096.393, 77
Trd, 4319096.593, 68
Trd, 4319096.693, 81
Trd, 4319097.843, 92
Trd, 4319098.443, 117
Trd, 4319099.093, 123
Trd, 4319099.343, 106
Trd, 4319100.593, 136
Trd, 4319101.543, 120
Trd, 4319101.843, 103
Trd, 4319101.993, 103
Trd, 4319103.093, 70
Trd, 4319103.693, 109
Trd, 4319104.193, 86
Trd, 4319105.593, 117
Trd, 4319106.043, 112
Trd, 4319106.343, 106
Trd, 4319107.693, 92
Trd, 4319107.793, 104
Trd, 4319107.993, 112
Trd, 4319108.343, 76
Trd, 4319108.593, 96
Trd, 4319109.693, 63
Trd, 4319110.593, 77
Trd, 4319111.543, 113
Trd, 4319113.293, 94
Trd, 4319113.593, 74
Trd, 4319114.143, 64
Trd, 4319114.743, 128
Trd, 4319115.443, 132
Trd, 4319116.143, 111
Trd, 4319117.743, 110
Trd, 4319118.393, 85
Trd, 4319118.893, 78
Trd, 4319119.593, 113
Trd, 4319120.243, 109
Trd, 4319120.643, 82
Trd, 4319121.293, 98
Trd, 4319121.643, 128
Trd, 4319122.093, 80
Trd, 4319122.943, 85
Trd, 4319123.743, 117
Trd, 4319125.143, 90
Trd, 4319126.893, 104
Trd, 4319127.693, 95
Trd, 4319127.843, 102
Trd, 4319128.543, 90
Trd, 4319128.793, 89
Trd, 4319128.843, 87
Trd, 4319129.193, 109
Trd, 4319130.743, 67
Trd, 4319131.243, 117
Trd, 4319131.693, 104
Trd, 4319133.643, 78
Trd, 4319134.193, 85
Trd, 4319134.893, 127
Trd, 4319134.943, 117
Trd, 4319135.393, 77
Trd, 4319136.343, 85
Trd, 4319136.893, 75
Trd, 4319136.943, 99
Trd, 4319137.743, 61
Trd, 4319138.593, 80
Trd, 4319138.893, 81
Trd, 4319141.993, 119
Trd, 4319142.193, 91
Trd, 4319142.493, 114
Trd, 4319143.343, 137
Trd, 4319143.393, 89
Trd, 4319144.593, 99
Trd, 4319145.093, 105
Trd, 4319146.193, 99
Trd, 4319146.593, 98
Trd, 4319147.393, 74
Trd, 4319147.643, 100
Trd, 4319148.543, 104
Trd, 4319149.193, 108
Trd, 4319151.143, 84
Trd, 4319151.443, 75
Trd, 4319151.593, 127
Trd, 4319152.493, 77
Trd, 4319154.693, 69
Trd, 4319154.993, 75
Trd, 4319155.693, 111
Trd, 4319155.793, 69
Trd, 4319156.043, 83
Trd, 4319156.393, 92
Trd, 4319157.943, 95
Trd, 4319157.993, 91
Trd, 4319160.243, 80
Trd, 4319160.393, 103
Trd, 4319161.043, 71
Trd, 4319161.543, 88
Trd, 4319161.793, 88
Trd, 4319163.193, 97
Trd, 4319163.493, 81
Trd, 4319164.143, 84
Trd, 4319165.493, 98
Trd, 4319165.593, 90
Trd, 4319166.343, 104
Trd, 4319166.493, 92
Trd, 4319166.943, 131
Trd, 4319167.143, 82
Trd, 4319167.393, 96
Trd, 4319168.943, 110
Trd, 4319169.493, 126
Trd, 4319170.093, 105
Trd, 4319170.193, 102
Trd, 4319171.393, 126
Trd, 4319173.443, 108
Trd, 4319173.743, 97
Trd, 4319174.943, 105
Trd, 4319177.193, 110
Trd, 4319177.443, 103
Trd, 4319178.043, 131
Trd, 4319179.393, 118
Trd, 4319179.743, 96
Trd, 4319182.493, 114
Trd, 4319182.593, 110
Trd, 4319182.943, 100
Trd, 4319183.593, 95
Trd, 4319184.493, 86
Trd, 4319185.243, 106
Trd, 4319186.143, 115
Trd, 4319187.793, 118
Trd, 4319188.693, 108
Trd, 4319189.093, 97
Trd, 4319189.593, 104
Trd, 4319189.843, 97
Trd, 4319191.043, 93
Trd, 4319192.543, 98
Trd, 4319193.243, 90
Trd, 4319193.393, 77
Trd, 4319193.643, 96
Trd, 4319194.093, 110
Trd, 4319196.793, 81
Trd, 4319197.093, 129
Trd, 4319198.593, 98
Trd, 4319199.093, 116
Trd, 4319199.393, 120
Trd, 4319199.443, 98
Trd, 4319200.943, 132
Trd, 4319201.293, 106
Trd, 4319202.293, 95
Trd, 4319203.093, 126
Trd, 4319203.293, 66
Trd, 4319204.543, 109
Trd, 4319205.443, 75
Trd, 4319206.043, 138
Trd, 4319208.593, 102
Trd, 4319209.343, 76
Trd, 4319210.143, 124
Trd, 4319210.493, 101
Trd, 4319210.893, 92
Trd, 4319213.443, 114
Trd, 4319213.893, 136
Trd, 4319214.393, 119
Trd, 4319215.093, 83
Trd, 4319215.893, 62
Trd, 4319217.293, 77
Trd, 4319218.143, 76
Trd, 4319218.543, 89
Trd, 4319218.693, 63
Trd, 4319220.143, 118
Trd, 4319220.593, 132
Trd, 4319221.143, 82
Trd, 4319221.793, 117
Trd, 4319222.093, 126
Trd, 4319222.443, 131
Trd, 4319222.793, 88
Trd, 4319223.243, 103
Trd, 4319223.543, 66
Trd, 4319224.093, 67
Trd, 4319224.943, 74
Trd, 4319225.593, 69
Trd, 4319226.593, 96
Trd, 4319227.193, 106
Trd, 4319228.043, 95
Trd, 4319228.293, 68
Trd, 4319230.443, 99
Trd, 4319230.593, 107
Trd, 4319231.443, 115
Trd, 4319231.943, 129
Trd, 4319231.993, 98
Trd, 4319233.243, 88
Trd, 4319234.393, 86
Trd, 4319234.793, 90
Trd, 4319235.043, 105
Trd, 4319235.343, 113
Trd, 4319237.243, 101
Trd, 4319238.143, 78
Trd, 4319240.193, 103
Trd, 4319240.343, 92
Trd, 4319240.593, 113
Trd, 4319240.843, 105
Trd, 4319242.643, 84
Trd, 4319242.893, 62
Trd, 4319244.243, 115
Trd, 4319244.693, 123
Trd, 4319245.193, 112
Trd, 4319245.643, 100
Trd, 4319246.143, 81
Trd, 4319249.843, 109
Trd, 4319250.393, 113
Trd, 4319250.493, 112
Trd, 4319250.893, 99
Trd, 4319250.993, 129
Trd, 4319251.293, 96
Trd, 4319252.293, 107
Trd, 4319253.393, 106
Trd, 4319253.493, 90
Trd, 4319254.293, 95
Trd, 4319254.493, 113
Trd, 4319255.293, 90
Trd, 4319256.193, 92
Trd, 4319256.693, 100
Trd, 4319257.143, 85
Trd, 4319258.543, 76
Trd, 4319259.143, 76
Trd, 4319259.193, 78
Trd, 4319259.293, 74
Trd, 4319261.793, 77
Trd, 4319261.993, 77
Trd, 4319265.193, 94
Trd, 4319265.793, 81
Trd, 4319266.043, 103
Trd, 4319267.693, 82
Trd, 4319268.643, 126
Trd, 4319269.543, 109
Trd, 4319270.143, 92
Trd, 4319270.343, 97
Trd, 4319270.893, 73
Trd, 4319271.343, 87
Trd, 4319271.893, 138
Trd, 4319273.143, 95
Trd, 4319275.343, 100
Trd, 4319276.343, 78
Trd, 4319276.393, 105
Trd, 4319277.343, 122
Trd, 4319277.743, 115
Trd, 4319278.593, 120
Trd, 4319279.093, 112
Trd, 4319280.043, 92
Trd, 4319281.343, 77
Trd, 4319281.393, 99
Trd, 4319281.843, 122
Trd, 4319284.343, 122
Trd, 4319285.343, 101
Trd, 4319286.243, 111
Trd, 4319287.043, 134
Trd, 4319288.043, 89
Trd, 4319289.193, 103
Trd, 4319290.143, 84
Trd, 4319290.993, 122
Trd, 4319291.343, 131
Trd, 4319291.943, 92
Trd, 4319292.793, 77
Trd, 4319293.343, 93
Trd, 4319293.593, 103
Trd, 4319293.893, 133
Trd, 4319295.493, 81
Trd, 4319296.393, 84
Trd, 4319296.643, 79
Trd, 4319297.043, 70
Trd, 4319298.293, 121
Trd, 4319298.993, 101
Trd, 4319299.643, 129
Trd, 4319299.793, 123
Trd, 4319302.543, 130
Trd, 4319302.693, 120
Trd, 4319303.343, 132
Trd, 4319303.993, 99
Trd, 4319304.543, 110
Trd, 4319304.743, 109
Trd, 4319305.593, 107
Trd, 4319307.043, 101
Trd, 4319307.143, 98
Trd, 4319307.993, 126
Trd, 4319308.093, 114
Trd, 4319308.193, 94
Trd, 4319308.943, 108
Trd, 4319309.543, 79
Trd, 4319310.743, 100
Trd, 4319310.893, 100
Trd, 4319312.093, 77
Trd, 4319313.243, 83
Trd, 4319313.893, 101
Trd, 4319314.293, 120
Trd, 4319314.743, 136
Trd, 4319315.093, 108
Trd, 4319316.593, 87
Trd, 4319316.893, 95
Trd, 4319317.593, 88
Trd, 4319317.993, 75
Trd, 4319319.593, 99
Trd, 4319320.043, 95
Trd, 4319320.743, 100
Trd, 4319321.193, 92
Trd, 4319322.143, 117
Trd, 4319322.643, 80
Trd, 4319323.093, 118
Trd, 4319324.243, 80
Trd, 4319324.893, 86
Trd, 4319325.493, 95
Trd, 4319326.143, 90
Trd, 4319327.593, 96
Trd, 4319328.143, 127
Trd, 4319328.793, 109
Trd, 4319329.643, 107
Trd, 4319329.993, 92
Trd, 4319330.393, 91
Trd, 4319332.093, 106
Trd, 4319333.243, 113
Trd, 4319335.143, 92
Trd, 4319335.293, 129
Trd, 4319335.443, 90
Trd, 4319335.643, 79
Trd, 4319336.343, 109
Trd, 4319337.143, 104
Trd, 4319338.793, 124
Trd, 4319339.493, 121
Trd, 4319340.143, 80
Trd, 4319341.493, 69
Trd, 4319341.893, 69
Trd, 4319342.693, 127
Trd, 4319342.993, 74
Trd, 4319343.343, 119
Trd, 4319343.493, 88
Trd, 4319345.043, 114
Trd, 4319345.293, 82
Trd, 4319345.793, 108
Trd, 4319347.193, 105
Trd, 4319347.543, 115
Trd, 4319349.493, 80
Trd, 4319349.893, 119
Trd, 4319350.843, 127
Trd, 4319351.643, 98
Trd, 4319351.793, 112
Trd, 4319354.043, 101
Trd, 4319354.443, 100
Trd, 4319355.393, 93
Trd, 4319355.443, 69
Trd, 4319356.843, 112
Trd, 4319356.943, 92
Trd, 4319357.593, 70
Trd, 4319358.243, 101
Trd, 4319359.143, 84
Trd, 4319360.593, 123
Trd, 4319361.643, 103
Trd, 4319361.793, 80
Trd, 4319361.943, 93
Trd, 4319363.643, 111
Trd, 4319363.843, 117
Trd, 4319364.843, 104
Trd, 4319365.143, 103
Trd, 4319366.293, 87
Trd, 4319366.993, 116
Trd, 4319367.343, 123
Trd, 4319367.593, 92
Trd, 4319368.743, 88
Trd, 4319369.843, 100
Trd, 4319370.593, 74
Trd, 4319371.493, 80
Trd, 4319371.943, 87
Trd, 4319372.843, 93
Trd, 4319373.543, 117
Trd, 4319373.793, 83
Trd, 4319374.193, 99
Trd, 4319374.243, 82
Trd, 4319375.143, 84
Trd, 4319377.843, 102
Trd, 4319378.343, 66
Trd, 4319379.543, 101
Trd, 4319381.293, 116
Trd, 4319381.543, 130
Trd, 4319382.543, 108
Trd, 4319383.193, 116
Trd, 4319384.443, 106
Trd, 4319384.543, 102
Trd, 4319384.743, 99
Trd, 4319384.943, 88
Trd, 4319385.343, 82
Trd, 4319385.893, 62
Trd, 4319386.893, 78
Trd, 4319387.643, 71
Trd, 4319388.493, 75
Trd, 4319389.393, 76
Trd, 4319389.443, 75
Trd, 4319389.843, 90
Trd, 4319390.193, 80
Trd, 4319390.643, 123
Trd, 4319393.243, 117
Trd, 4319393.593, 100
Trd, 4319394.193, 97
Trd, 4319394.293, 90
Trd, 4319395.543, 123
Trd, 4319396.143, 93
Trd, 4319399.693, 137
Trd, 4319400.143, 116
Trd, 4319400.993, 92
Trd, 4319401.493, 77
Trd, 4319401.943, 78
Trd, 4319402.093, 81
Trd, 4319402.593, 110
Trd, 4319403.243, 81
Trd, 4319404.943, 64
Trd, 4319405.343, 117
Trd, 4319405.943, 93
Trd, 4319407.443, 107
Trd, 4319407.543, 81
Trd, 4319408.243, 135
Trd, 4319408.293, 126
Trd, 4319409.843, 82
Trd, 4319410.193, 116
Trd, 4319410.443, 118
Trd, 4319410.543, 93
Trd, 4319414.043, 96
Trd, 4319414.443, 90
Trd, 4319414.943, 87
Trd, 4319416.943, 119
Trd, 4319417.443, 120
Trd, 4319417.943, 97
Trd, 4319419.243, 118
Trd, 4319419.343, 101
Trd, 4319419.743, 112
Trd, 4319422.143, 84
Trd, 4319422.293, 86
Trd, 4319423.393, 105
Trd, 4319423.943, 96
Trd, 4319424.143, 95
Trd, 4319424.193, 84
Trd, 4319425.393, 94
Trd, 4319425.543, 74
Trd, 4319426.243, 139
Trd, 4319426.293, 107
Trd, 4319426.943, 100
Trd, 4319427.193, 98
Trd, 4319427.893, 94
Trd, 4319428.393, 92
Trd, 4319430.243, 74
Trd, 4319430.343, 91
Trd, 4319430.543, 103
Trd, 4319431.243, 119
Trd, 4319432.043, 111
Trd, 4319432.743, 100
Trd, 4319433.193, 72
Trd, 4319433.843, 112
Trd, 4319434.493, 79
Trd, 4319434.843, 78
Trd, 4319436.093, 97
Trd, 4319437.793, 75
Trd, 4319438.343, 88
Trd, 4319438.843, 109
Trd, 4319439.243, 75
Trd, 4319439.443, 79
Trd, 4319439.693, 94
Trd, 4319441.143, 83
Trd, 4319441.643, 95
Trd, 4319441.793, 83
Trd, 4319441.993, 94
Trd, 4319445.043, 118
Trd, 4319446.293, 128
Trd, 4319447.493, 85
Trd, 4319448.493, 106
Trd, 4319449.343, 100
Trd, 4319450.243, 132
Trd, 4319451.643, 107
Trd, 4319452.893, 115
Trd, 4319453.393, 90
Trd, 4319454.443, 127
Trd, 4319454.543, 118
Trd, 4319454.643, 114
Trd, 4319454.993, 83
Trd, 4319455.193, 81
Trd, 4319456.543, 109
Trd, 4319457.943, 119
Trd, 4319458.293, 99
Trd, 4319458.593, 88
Trd, 4319458.743, 84
Trd, 4319458.943, 83
Trd, 4319459.993, 92
Trd, 4319461.143, 81
Trd, 4319462.143, 85
Trd, 4319462.293, 78
Trd, 4319463.393, 91
Trd, 4319463.643, 71
Trd, 4319464.543, 78
Trd, 4319464.943, 112
Trd, 4319466.093, 79
Trd, 4319468.493, 99
Trd, 4319469.143, 73
Trd, 4319470.343, 136
Trd, 4319470.643, 130
Trd, 4319471.393, 127
Trd, 4319473.743, 115
Trd, 4319475.243, 87
Trd, 4319475.693, 89
Trd, 4319476.343, 93
Trd, 4319476.643, 127
Trd, 4319477.693, 88
Trd, 4319477.893, 89
Trd, 4319477.943, 84
Trd, 4319478.493, 83
Trd, 4319480.043, 68
Trd, 4319480.643, 79
Trd, 4319481.093, 65
Trd, 4319482.393, 118
Trd, 4319483.443, 104
Trd, 4319483.843, 105
Trd, 4319484.343, 103
Trd, 4319485.043, 88
Trd, 4319485.193, 76
Trd, 4319485.443, 100
Trd, 4319486.093, 71
Trd, 4319486.993, 71
Trd, 4319489.243, 123
Trd, 4319489.643, 109
Trd, 4319490.043, 102
Trd, 4319490.393, 81
Trd, 4319491.143, 103
Trd, 4319492.743, 97
Trd, 4319493.093, 81
Trd, 4319493.793, 85
Trd, 4319494.893, 120
Trd, 4319495.143, 107
Trd, 4319496.093, 118
Trd, 4319496.693, 105
Trd, 4319498.343, 115
Trd, 4319498.493, 97
Trd, 4319499.343, 100
Trd, 4319499.743, 107
Trd, 4319500.543, 84
Trd, 4319501.943, 103
Trd, 4319502.593, 103
Trd, 4319503.093, 107
Trd, 4319503.693, 99
Trd, 4319504.193, 99
Trd, 4319504.593, 95
Trd, 4319505.843, 86
Trd, 4319508.593, 120
Trd, 4319508.693, 115
Trd, 4319509.893, 92
Trd, 4319510.493, 86
Trd, 4319511.293, 132
Trd, 4319511.343, 117
Trd, 4319512.193, 118
Trd, 4319512.393, 107
Trd, 4319513.193, 113
Trd, 4319513.493, 112
Trd, 4319513.893, 105
Trd, 4319515.793, 94
Trd, 4319516.293, 85
Trd, 4319517.043, 124
Trd, 4319517.593, 138
Trd, 4319517.743, 123
Trd, 4319520.043, 100
Trd, 4319520.243, 98
Trd, 4319520.643, 95
Trd, 4319521.193, 105
Trd, 4319521.793, 76
Trd, 4319522.243, 82
Trd, 4319523.293, 76
Trd, 4319523.793, 70
Trd, 4319525.343, 89
Trd, 4319526.843, 98
Trd, 4319527.543, 105
Trd, 4319527.693, 95
Trd, 4319527.843, 95
Trd, 4319527.943, 118
Trd, 4319529.493, 121
Trd, 4319531.493, 121
Trd, 4319531.643, 113
Trd, 4319531.793, 111
Trd, 4319532.093, 98
Trd, 4319532.143, 96
Trd, 4319533.843, 126
Trd, 4319534.743, 135
Trd, 4319534.843, 109
Trd, 4319536.243, 109
Trd, 4319536.443, 97
Trd, 4319537.943, 125
Trd, 4319538.743, 138
Trd, 4319539.743, 105
Trd, 4319540.193, 89
Trd, 4319540.743, 85
Trd, 4319541.593, 84
Trd, 4319542.593, 80
Trd, 4319544.143, 95
Trd, 4319544.943, 116
Trd, 4319545.043, 98
Trd, 4319545.693, 104
Trd, 4319546.643, 96
Trd, 4319547.243, 140
Trd, 4319547.943, 117
Trd, 4319548.593, 89
Trd, 4319548.993, 88
Trd, 4319550.043, 76
Trd, 4319550.243, 79
Trd, 4319550.643, 80
Trd, 4319553.193, 87
Trd, 4319554.443, 119
Trd, 4319554.593, 82
Trd, 4319555.443, 78
Trd, 4319555.643, 110
Trd, 4319555.693, 125
Trd, 4319557.193, 108
Trd, 4319558.193, 109
Trd, 4319558.493, 111
Trd, 4319558.693, 107
Trd, 4319558.743, 106
Trd, 4319559.293, 122
Trd, 4319559.743, 119
Trd, 4319561.093, 119
Trd, 4319562.143, 114
Trd, 4319563.143, 107
Trd, 4319565.293, 109
Trd, 4319565.593, 97
Trd, 4319566.493, 97
Trd, 4319566.593, 68
Trd, 4319566.643, 120
Trd, 4319567.593, 95
Trd, 4319568.043, 88
Trd, 4319569.093, 107
Trd, 4319571.943, 88
Trd, 4319572.043, 94
Trd, 4319572.493, 115
Trd, 4319572.693, 103
Trd, 4319573.643, 69
Trd, 4319574.493, 86
Trd, 4319575.243, 77
Trd, 4319577.093, 70
Trd, 4319577.143, 77
Trd, 4319577.343, 99
Trd, 4319578.393, 117
Trd, 4319578.443, 127
Trd, 4319579.293, 104
Trd, 4319580.093, 121
Trd, 4319581.493, 78
Trd, 4319582.093, 101
Trd, 4319582.293, 105
Trd, 4319583.243, 104
Trd, 4319584.143, 94
Trd, 4319585.543, 136
Trd, 4319585.793, 114
Trd, 4319585.943, 103
Trd, 4319587.043, 94
Trd, 4319587.543, 96
Trd, 4319588.743, 84
Trd, 4319588.943, 71
Trd, 4319590.693, 96
Trd, 4319590.993, 95
Trd, 4319591.893, 97
Trd, 4319592.843, 63
Trd, 4319594.493, 87
Trd, 4319595.043, 123
Trd, 4319596.643, 128
Trd, 4319597.743, 96
Trd, 4319598.943, 84
Trd, 4319600.243, 78
Trd, 4319600.693, 120
Trd, 4319601.443, 73
Trd, 4319601.693, 131
Trd, 4319603.543, 99
Trd, 4319605.143, 127
Trd, 4319605.943, 117
Trd, 4319606.443, 92
Trd, 4319606.593, 97
Trd, 4319606.943, 105
Trd, 4319607.743, 91
Trd, 4319607.943, 88
Trd, 4319608.293, 92
Trd, 4319608.343, 124
Trd, 4319609.793, 113
Trd, 4319610.393, 101
Trd, 4319610.943, 134
Trd, 4319611.243, 107
Trd, 4319611.343, 80
Trd, 4319611.543, 98
Trd, 4319612.693, 65
Trd, 4319613.993, 113
Trd, 4319614.093, 101
Trd, 4319614.893, 120
Trd, 4319616.043, 114
Trd, 4319617.143, 123
Trd, 4319617.543, 115
Trd, 4319617.593, 108
Trd, 4319618.143, 106
Trd, 4319621.443, 91
Trd, 4319621.593, 88
Trd, 4319621.893, 111
Trd, 4319622.293, 67
Trd, 4319623.093, 94
Trd, 4319623.143, 96
Trd, 4319623.393, 93
Trd, 4319624.243, 125
Trd, 4319624.743, 89
Trd, 4319625.293, 99
Trd, 4319627.093, 82
Trd, 4319627.693, 82
Trd, 4319628.143, 85
Trd, 4319629.193, 69
Trd, 4319629.793, 78
Trd, 4319630.543, 131
Trd, 4319631.443, 127
Trd, 4319631.843, 86
Trd, 4319632.393, 78
Trd, 4319632.443, 73
Trd, 4319633.793, 75
Trd, 4319635.093, 92
Trd, 4319636.043, 83
Trd, 4319636.343, 109
Trd, 4319637.693, 85
Trd, 4319638.843, 108
Trd, 4319639.093, 79
Trd, 4319640.743, 93
Trd, 4319641.193, 81
Trd, 4319641.443, 67
Trd, 4319641.943, 71
Trd, 4319642.643, 82
Trd, 4319643.643, 78
Trd, 4319644.493, 100
Trd, 4319644.893, 93
Trd, 4319646.343, 65
Trd, 4319647.443, 115
Trd, 4319647.543, 102
Trd, 4319649.093, 97
Trd, 4319649.243, 80
Trd, 4319649.893, 124
Trd, 4319650.043, 113
Trd, 4319651.843, 106
Trd, 4319652.643, 102
Trd, 4319652.793, 102
Trd, 4319654.093, 99
Trd, 4319654.493, 110
Trd, 4319655.993, 78
Trd, 4319656.343, 88
Trd, 4319656.793, 111
Trd, 4319657.043, 92
Trd, 4319657.993, 70
Trd, 4319658.043, 85
Trd, 4319658.293, 86
Trd, 4319659.693, 68
Trd, 4319661.643, 122
Trd, 4319662.943, 118
Trd, 4319663.543, 98
Trd, 4319663.843, 96
Trd, 4319664.493, 83
Trd, 4319665.593, 94
Trd, 4319666.443, 97
Trd, 4319666.793, 82
Trd, 4319667.793, 82
Trd, 4319669.193, 106
Trd, 4319670.043, 89
Trd, 4319670.293, 85
Trd, 4319670.843, 80
Trd, 4319671.343, 98
Trd, 4319671.743, 108
Trd, 4319672.693, 98
Trd, 4319673.393, 93
Trd, 4319674.293, 121
Trd, 4319674.643, 138
Trd, 4319675.043, 104
Trd, 4319676.443, 94
Trd, 4319676.993, 114
Trd, 4319677.593, 91
Trd, 4319678.493, 72
Trd, 4319680.293, 131
Trd, 4319680.893, 103
Trd, 4319682.643, 87
Trd, 4319683.043, 77
Trd, 4319683.943, 69
Trd, 4319684.593, 122
Trd, 4319685.193, 99
Trd, 4319685.693, 110
Trd, 4319686.543, 106
Trd, 4319687.793, 120
Trd, 4319687.843, 96
Trd, 4319689.493, 125
Trd, 4319689.793, 106
Trd, 4319692.193, 100
Trd, 4319693.293, 108
Trd, 4319693.443, 98
Trd, 4319693.943, 99
Trd, 4319694.893, 96
Trd, 4319696.143, 106
Trd, 4319696.993, 140
Trd, 4319697.543, 132
Trd, 4319697.843, 97
Trd, 4319698.843, 108
Trd, 4319699.343, 91
Trd, 4319700.093, 85
Trd, 4319700.943, 98
Trd, 4319701.643, 81
Trd, 4319702.893, 79
Trd, 4319703.243, 82
Trd, 4319704.743, 85
Trd, 4319705.493, 72
Trd, 4319706.293, 68
Trd, 4319707.143, 94
Trd, 4319707.643, 74
Trd, 4319708.843, 114
Trd, 4319709.143, 97
Trd, 4319710.943, 109
Trd, 4319711.443, 91
Trd, 4319712.243, 89
Trd, 4319713.293, 104
Trd, 4319713.393, 102
Trd, 4319714.293, 109
Trd, 4319714.643, 111
Trd, 4319715.143, 114
Trd, 4319715.393, 109
Trd, 4319716.093, 100
Trd, 4319717.743, 102
Trd, 4319718.243, 114
Trd, 4319719.493, 106
Trd, 4319720.193, 115
Trd, 4319720.343, 124
Trd, 4319720.493, 95
Trd, 4319721.593, 100
Trd, 4319722.393, 115
Trd, 4319722.693, 105
Trd, 4319723.793, 84
Trd, 4319726.193, 99
Trd, 4319726.243, 103
Trd, 4319727.343, 87
Trd, 4319728.793, 83
Trd, 4319730.293, 98
Trd, 4319731.043, 105
Trd, 4319731.793, 118
Trd, 4319731.943, 104
Trd, 4319732.193, 100
Trd, 4319733.743, 110
Trd, 4319733.993, 105
Trd, 4319735.143, 107
Trd, 4319735.343, 138
Trd, 4319735.843, 131
Trd, 4319736.043, 101
Trd, 4319737.593, 104
Trd, 4319737.793, 93
Trd, 4319738.493, 87
Trd, 4319739.093, 81
Trd, 4319739.793, 82
Trd, 4319740.543, 112
Trd, 4319742.093, 97
Trd, 4319742.843, 90
Trd, 4319743.693, 84
Trd, 4319744.593, 100
Trd, 4319746.093, 108
Trd, 4319746.343, 96
Trd, 4319747.093, 118
Trd, 4319749.193, 97
Trd, 4319749.943, 109
Trd, 4319751.293, 84
Trd, 4319752.443, 69
Trd, 4319752.543, 72
Trd, 4319753.293, 127
Trd, 4319753.493, 103
Trd, 4319754.293, 95
Trd, 4319755.243, 106
Trd, 4319755.793, 121
Trd, 4319756.243, 121
Trd, 4319757.243, 126
Trd, 4319758.093, 125
Trd, 4319758.193, 107
Trd, 4319759.743, 103
Trd, 4319761.043, 116
Trd, 4319761.493, 115
Trd, 4319761.993, 123
Trd, 4319762.443, 93
Trd, 4319763.993, 91
Trd, 4319764.143, 76
Trd, 4319764.693, 128
Trd, 4319765.693, 122
Trd, 4319767.843, 91
Trd, 4319767.893, 91
Trd, 4319769.893, 96
Trd, 4319769.993, 90
Trd, 4319771.393, 104
Trd, 4319772.493, 119
Trd, 4319772.793, 100
Trd, 4319773.043, 95
Trd, 4319773.393, 105
Trd, 4319773.743, 112
Trd, 4319774.443, 99
Trd, 4319776.093, 80
Trd, 4319776.343, 126
Trd, 4319776.993, 78
Trd, 4319779.743, 118
Trd, 4319779.793, 120
Trd, 4319780.393, 137
Trd, 4319780.443, 113
Trd, 4319782.043, 117
Trd, 4319782.143, 97
Trd, 4319783.593, 118
Trd, 4319784.993, 100
Trd, 4319785.843, 125
Trd, 4319786.343, 84
Trd, 4319787.193, 94
Trd, 4319788.093, 92
Trd, 4319788.243, 103
Trd, 4319789.093, 84
Trd, 4319790.893, 103
Trd, 4319791.243, 99
Trd, 4319791.943, 98
Trd, 4319792.193, 128
Trd, 4319793.743, 119
Trd, 4319793.943, 96
Trd, 4319793.993, 86
Trd, 4319795.543, 82
Trd, 4319795.993, 140
Trd, 4319796.393, 103
Trd, 4319797.393, 103
Trd, 4319797.543, 90
Trd, 4319797.693, 86
Trd, 4319798.843, 91
Trd, 4319799.693, 71
Trd, 4319800.293, 66
Trd, 4319800.493, 79
Trd, 4319801.093, 74
Trd, 4319802.393, 100
Trd, 4319804.243, 93
Trd, 4319804.343, 89
Trd, 4319804.393, 71
Trd, 4319806.093, 91
Trd, 4319806.343, 96
Trd, 4319807.243, 87
Trd, 4319807.493, 96
Trd, 4319807.793, 100
Trd, 4319809.643, 90
Trd, 4319809.993, 112
Trd, 4319810.893, 75
Trd, 4319811.843, 110
Trd, 4319811.893, 97
Trd, 4319812.143, 68
Trd, 4319812.793, 69
Trd, 4319812.993, 98
Trd, 4319814.593, 77
Trd, 4319816.193, 96
Trd, 4319817.293, 122
Trd, 4319817.443, 113
Trd, 4319817.893, 99
Trd, 4319817.943, 90
Trd, 4319818.593, 108
Trd, 4319818.993, 102
Trd, 4319819.293, 96
Trd, 4319819.943, 94
Trd, 4319820.893, 73
Trd, 4319821.393, 96
Trd, 4319821.743, 120
Trd, 4319821.793, 116
Trd, 4319821.993, 95
Trd, 4319822.693, 131
Trd, 4319823.043, 108
Trd, 4319825.043, 117
Trd, 4319826.943, 97
Trd, 4319827.993, 123
Trd, 4319828.743, 101
Trd, 4319829.843, 99
Trd, 4319830.143, 82
Trd, 4319830.893, 73
Trd, 4319832.243, 107
Trd, 4319832.343, 87
Trd, 4319834.043, 122
Trd, 4319834.143, 85
Trd, 4319834.543, 73
Trd, 4319835.143, 84
Trd, 4319836.293, 104
Trd, 4319836.643, 105
Trd, 4319837.243, 80
Trd, 4319838.743, 95
Trd, 4319839.193, 79
Trd, 4319840.243, 102
Trd, 4319840.393, 97
Trd, 4319840.443, 88
Trd, 4319841.043, 115
Trd, 4319841.293, 82
Trd, 4319843.443, 109
Trd, 4319844.093, 93
Trd, 4319844.893, 100
Trd, 4319845.543, 109
Trd, 4319846.043, 99
Trd, 4319847.593, 97
Trd, 4319847.793, 84
Trd, 4319847.943, 81
Trd, 4319849.693, 122
Trd, 4319849.793, 110
Trd, 4319850.243, 126
Trd, 4319850.793, 114
Trd, 4319851.393, 82
Trd, 4319852.693, 90
Trd, 4319852.893, 78
Trd, 4319854.293, 103
Trd, 4319854.443, 76
Trd, 4319854.743, 71
Trd, 4319856.143, 71
Trd, 4319856.293, 80
Trd, 4319858.743, 83
Trd, 4319860.043, 100
Trd, 4319860.243, 97
Trd, 4319860.993, 92
Trd, 4319861.843, 79
Trd, 4319863.643, 121
Trd, 4319863.943, 89
Trd, 4319864.093, 86
Trd, 4319864.893, 124
Trd, 4319865.093, 118
Trd, 4319865.843, 117
Trd, 4319865.893, 103
Trd, 4319867.193, 72
Trd, 4319867.243, 77
Trd, 4319868.243, 113
Trd, 4319869.343, 115
Trd, 4319870.343, 95
Trd, 4319870.443, 93
Trd, 4319872.143, 101
Trd, 4319872.843, 80
Trd, 4319872.943, 83
Trd, 4319873.543, 120
Trd, 4319874.393, 69
Trd, 4319875.643, 88
Trd, 4319876.043, 90
Trd, 4319876.843, 95
Trd, 4319877.093, 87
Trd, 4319877.543, 90
Trd, 4319880.043, 109
Trd, 4319880.293, 103
Trd, 4319880.693, 92
Trd, 4319880.793, 86
Trd, 4319882.193, 98
Trd, 4319882.593, 97
Trd, 4319882.643, 84
Trd, 4319884.293, 101
Trd, 4319884.593, 109
Trd, 4319885.193, 119
Trd, 4319886.193, 81
Trd, 4319888.643, 108
Trd, 4319889.843, 68
Trd, 4319891.043, 132
Trd, 4319892.093, 97
Trd, 4319893.293, 108
Trd, 4319893.543, 109
Trd, 4319893.893, 125
Trd, 4319894.443, 86
Trd, 4319894.543, 81
Trd, 4319894.993, 91
Trd, 4319895.893, 75
Trd, 4319895.943, 114
Trd, 4319897.443, 80
Trd, 4319897.893, 85
Trd, 4319899.193, 99
Trd, 4319903.143, 112
Trd, 4319903.243, 83
Trd, 4319903.443, 86
Trd, 4319903.493, 128
Trd, 4319904.843, 113
Trd, 4319905.043, 103
Trd, 4319905.243, 89
Trd, 4319906.893, 112
Trd, 4319906.943, 106
Trd, 4319907.793, 112
Trd, 4319908.593, 116
Trd, 4319909.543, 131
Trd, 4319910.593, 111
Trd, 4319910.943, 108
Trd, 4319911.293, 91
Trd, 4319912.193, 83
Trd, 4319912.843, 140
Trd, 4319913.243, 110
Trd, 4319913.393, 100
Trd, 4319914.193, 114
Trd, 4319914.393, 124
Trd, 4319916.493, 140
Trd, 4319917.693, 104
Trd, 4319917.943, 113
Trd, 4319918.743, 99
Trd, 4319919.193, 105
Trd, 4319919.693, 70
Trd, 4319922.043, 116
Trd, 4319922.243, 96
Trd, 4319923.143, 110
Trd, 4319923.543, 111
Trd, 4319924.043, 99
Trd, 4319924.143, 98
Trd, 4319925.093, 104
Trd, 4319926.393, 83
Trd, 4319926.843, 84
Trd, 4319927.543, 118
Trd, 4319928.143, 114
Trd, 4319929.843, 95
Trd, 4319930.093, 91
Trd, 4319930.243, 74
Trd, 4319930.993, 70
Trd, 4319931.693, 75
Trd, 4319932.643, 85
Trd, 4319933.393, 83
Trd, 4319933.693, 117
Trd, 4319935.093, 133
Trd, 4319935.893, 105
Trd, 4319936.193, 102
Trd, 4319936.643, 88
Trd, 4319937.243, 75
Trd, 4319937.693, 139
Trd, 4319939.793, 120
Trd, 4319939.943, 102
Trd, 4319941.143, 118
Trd, 4319941.193, 118
Trd, 4319941.943, 124
Trd, 4319942.493, 101
Trd, 4319942.893, 119
Trd, 4319943.393, 115
Trd, 4319943.593, 80
Trd, 4319944.593, 67
Trd, 4319945.993, 104
Trd, 4319947.693, 66
Trd, 4319949.443, 106
Trd, 4319949.993, 104
Trd, 4319950.243, 88
Trd, 4319950.493, 110
Trd, 4319952.043, 125
Trd, 4319952.243, 127
Trd, 4319952.693, 118
Trd, 4319952.793, 107
Trd, 4319955.343, 75
Trd, 4319955.893, 113
Trd, 4319956.893, 100
Trd, 4319957.893, 107
Trd, 4319958.543, 105
Trd, 4319959.393, 78
Trd, 4319961.043, 97
Trd, 4319961.393, 130
Trd, 4319962.843, 108
Trd, 4319962.993, 108
Trd, 4319963.543, 104
Trd, 4319965.043, 127
Trd, 4319966.793, 99
Trd, 4319968.843, 97
Trd, 4319969.243, 90
Trd, 4319969.843, 113
Trd, 4319970.193, 112
Trd, 4319970.293, 94
Trd, 4319970.343, 89
Trd, 4319971.093, 110
Trd, 4319971.793, 120
Trd, 4319973.143, 106
Trd, 4319973.543, 102
Trd, 4319974.293, 100
Trd, 4319974.493, 90
Trd, 4319975.593, 93
Trd, 4319976.093, 93
Trd, 4319976.843, 78
Trd, 4319978.843, 120
Trd, 4319979.143, 109
Trd, 4319979.243, 64
Trd, 4319980.193, 63
Trd, 4319981.193, 82
Trd, 4319981.543, 83
Trd, 4319981.593, 104
Trd, 4319982.043, 97
Trd, 4319983.893, 106
Trd, 4319985.793, 93
Trd, 4319985.993, 84
Trd, 4319986.243, 95
Trd, 4319986.293, 78
Trd, 4319987.343, 62
Trd, 4319989.043, 71
Trd, 4319989.293, 64
Trd, 4319989.593, 86
Trd, 4319991.693, 123
Trd, 4319991.993, 67
Trd, 4319992.493, 118
Trd, 4319993.943, 129
Trd, 4319994.093, 128
Trd, 4319994.193, 83
Trd, 4319994.543, 95
Trd, 4319995.943, 101
Trd, 4319996.643, 88
Trd, 4319998.043, 108
Trd, 4319999.293, 61
