Trd, 4318122.693, 79
Trd, 4318122.893, 140
Trd, 4318123.993, 74
Trd, 4318124.693, 81
Trd, 4318125.393, 114
Trd, 4318125.543, 115
Trd, 4318125.593, 75
Trd, 4318125.943, 116
Trd, 4318126.893, 85
Trd, 4318128.743, 123
Trd, 4318129.293, 64
Trd, 4318130.743, 140
Trd, 4318130.943, 139
Trd, 4318131.143, 137
Trd, 4318132.293, 133
Trd, 4318132.643, 96
Trd, 4318133.393, 126
Trd, 4318134.243, 107
Trd, 4318135.093, 106
Trd, 4318136.243, 71
Trd, 4318137.193, 127
Trd, 4318137.593, 137
Trd, 4318137.843, 84
Trd, 4318138.543, 61
Trd, 4318139.393, 140
Trd, 4318139.893, 139
Trd, 4318141.243, 77
Trd, 4318142.093, 140
Trd, 4318143.643, 129
Trd, 4318143.693, 128
Trd, 4318144.443, 87
Trd, 4318145.143, 121
Trd, 4318145.793, 105
Trd, 4318147.943, 140
Trd, 4318148.243, 135
Trd, 4318148.743, 128
Trd, 4318149.793, 140
Trd, 4318149.893, 129
Trd, 4318150.593, 95
Trd, 4318150.643, 93
Trd, 4318151.393, 133
Trd, 4318151.493, 121
Trd, 4318152.493, 140
Trd, 4318152.993, 140
Trd, 4318153.093, 140
Trd, 4318153.693, 139
Trd, 4318154.543, 132
Trd, 4318155.893, 103
Trd, 4318156.443, 97
Trd, 4318156.493, 76
Trd, 4318156.693, 78
Trd, 4318158.843, 105
Trd, 4318159.143, 126
Trd, 4318160.243, 140
Trd, 4318160.693, 139
Trd, 4318160.793, 110
Trd, 4318162.493, 139
Trd, 4318162.893, 138
Trd, 4318163.443, 131
Trd, 4318163.993, 131
Trd, 4318164.193, 117
Trd, 4318165.793, 138
Trd, 4318165.893, 137
Trd, 4318166.393, 131
Trd, 4318167.043, 116
Trd, 4318167.493, 66
Trd, 4318169.143, 139
Trd, 4318169.343, 106
Trd, 4318169.993, 100
Trd, 4318171.243, 138
Trd, 4318171.843, 89
Trd, 4318172.993, 88
Trd, 4318173.443, 76
Trd, 4318174.293, 140
Trd, 4318175.193, 111
Trd, 4318175.693, 109
Trd, 4318175.843, 133
Trd, 4318177.593, 60
Trd, 4318177.893, 63
Trd, 4318178.743, 63
Trd, 4318179.543, 67
Trd, 4318179.743, 69
Trd, 4318179.893, 61
Trd, 4318181.143, 89
Trd, 4318181.343, 62
Trd, 4318182.793, 139
Trd, 4318182.843, 97
Trd, 4318182.993, 138
Trd, 4318183.643, 134
Trd, 4318184.993, 135
Trd, 4318185.043, 136
Trd, 4318185.793, 123
Trd, 4318186.343, 140
Trd, 4318186.993, 120
Trd, 4318189.293, 140
Trd, 4318190.193, 139
Trd, 4318190.693, 130
Trd, 4318191.593, 137
Trd, 4318191.743, 93
Trd, 4318192.443, 139
Trd, 4318192.743, 121
Trd, 4318193.343, 99
Trd, 4318193.943, 84
Trd, 4318194.193, 68
Trd, 4318196.993, 100
Trd, 4318197.743, 108
Trd, 4318198.543, 84
Trd, 4318198.743, 116
Trd, 4318199.393, 92
Trd, 4318200.043, 76
Trd, 4318201.143, 137
Trd, 4318201.243, 135
Trd, 4318201.343, 132
Trd, 4318201.493, 138
Trd, 4318201.693, 68
Trd, 4318202.343, 128
Trd, 4318203.843, 140
Trd, 4318204.393, 136
Trd, 4318204.743, 115
Trd, 4318205.343, 102
Trd, 4318205.943, 138
Trd, 4318205.993, 136
Trd, 4318206.343, 113
Trd, 4318209.343, 140
Trd, 4318209.493, 135
Trd, 4318209.693, 132
Trd, 4318209.893, 127
Trd, 4318210.343, 108
Trd, 4318210.693, 107
Trd, 4318211.993, 97
Trd, 4318212.243, 94
Trd, 4318214.493, 140
Trd, 4318214.593, 139
Trd, 4318214.893, 109
Trd, 4318214.943, 97
Trd, 4318215.493, 90
Trd, 4318217.943, 137
Trd, 4318218.043, 124
Trd, 4318218.343, 122
Trd, 4318219.293, 122
Trd, 4318220.043, 138
Trd, 4318220.193, 98
Trd, 4318220.543, 139
Trd, 4318221.543, 80
Trd, 4318221.893, 83
Trd, 4318222.943, 133
Trd, 4318223.193, 60
Trd, 4318223.693, 60
Trd, 4318225.243, 125
Trd, 4318226.343, 140
Trd, 4318226.643, 139
Trd, 4318227.193, 104
Trd, 4318227.393, 75
Trd, 4318229.443, 130
Trd, 4318229.543, 129
Trd, 4318229.743, 111
Trd, 4318229.843, 103
Trd, 4318231.943, 140
Trd, 4318232.493, 140
Trd, 4318233.093, 138
Trd, 4318234.093, 115
Trd, 4318235.293, 140
Trd, 4318235.343, 112
Trd, 4318235.443, 95
Trd, 4318235.693, 111
Trd, 4318236.043, 93
Trd, 4318237.593, 62
Trd, 4318238.393, 67
Trd, 4318240.643, 60
Trd, 4318240.943, 64
Trd, 4318241.093, 70
Trd, 4318241.393, 77
Trd, 4318241.843, 61
Trd, 4318241.993, 62
Trd, 4318243.193, 81
Trd, 4318244.143, 138
Trd, 4318245.543, 138
Trd, 4318246.043, 140
Trd, 4318246.443, 129
Trd, 4318246.593, 126
Trd, 4318247.743, 126
Trd, 4318247.843, 87
Trd, 4318248.143, 120
Trd, 4318249.993, 139
Trd, 4318250.193, 110
Trd, 4318250.643, 140
Trd, 4318251.393, 113
Trd, 4318251.843, 91
Trd, 4318252.693, 140
Trd, 4318254.793, 140
Trd, 4318255.593, 109
Trd, 4318256.043, 98
Trd, 4318256.243, 111
Trd, 4318256.293, 120
Trd, 4318256.443, 123
Trd, 4318256.693, 125
Trd, 4318256.943, 133
Trd, 4318257.993, 94
Trd, 4318258.193, 81
Trd, 4318260.543, 140
Trd, 4318260.943, 134
Trd, 4318261.143, 106
Trd, 4318261.493, 96
Trd, 4318262.243, 138
Trd, 4318263.493, 60
Trd, 4318263.743, 60
Trd, 4318263.843, 60
Trd, 4318264.443, 139
Trd, 4318265.443, 61
Trd, 4318265.793, 66
Trd, 4318266.493, 139
Trd, 4318266.943, 132
Trd, 4318267.143, 65
Trd, 4318267.743, 85
Trd, 4318268.243, 125
Trd, 4318269.843, 140
Trd, 4318270.493, 137
Trd, 4318271.243, 98
Trd, 4318271.843, 87
Trd, 4318273.243, 97
Trd, 4318273.393, 100
Trd, 4318273.743, 137
Trd, 4318273.993, 106
Trd, 4318274.243, 78
Trd, 4318274.843, 117
Trd, 4318275.793, 60
Trd, 4318275.943, 60
Trd, 4318276.443, 62
Trd, 4318277.393, 65
Trd, 4318277.643, 72
Trd, 4318278.293, 60
Trd, 4318279.443, 122
Trd, 4318281.393, 61
Trd, 4318281.943, 60
Trd, 4318282.043, 62
Trd, 4318282.143, 91
Trd, 4318282.343, 128
Trd, 4318282.943, 123
Trd, 4318283.993, 140
Trd, 4318284.393, 102
Trd, 4318284.893, 76
Trd, 4318285.843, 65
Trd, 4318286.593, 71
Trd, 4318286.643, 92
Trd, 4318287.493, 65
Trd, 4318287.893, 65
Trd, 4318289.393, 110
Trd, 4318289.443, 95
Trd, 4318290.343, 113
Trd, 4318290.593, 96
Trd, 4318290.943, 139
Trd, 4318291.543, 140
Trd, 4318292.043, 60
Trd, 4318293.143, 63
Trd, 4318293.843, 135
Trd, 4318294.043, 134
Trd, 4318294.893, 98
Trd, 4318295.093, 79
Trd, 4318295.643, 120
Trd, 4318296.893, 60
Trd, 4318297.343, 102
Trd, 4318299.943, 116
Trd, 4318300.443, 115
Trd, 4318300.593, 104
Trd, 4318302.143, 139
Trd, 4318302.193, 110
Trd, 4318302.643, 140
Trd, 4318303.143, 136
Trd, 4318303.593, 138
Trd, 4318305.243, 140
Trd, 4318305.693, 136
Trd, 4318305.793, 128
Trd, 4318306.893, 140
Trd, 4318308.143, 120
Trd, 4318308.193, 119
Trd, 4318309.193, 140
Trd, 4318309.393, 105
Trd, 4318311.043, 140
Trd, 4318311.343, 135
Trd, 4318311.793, 134
Trd, 4318312.443, 139
Trd, 4318312.593, 111
Trd, 4318315.543, 140
Trd, 4318315.693, 139
Trd, 4318316.043, 138
Trd, 4318316.093, 132
Trd, 4318316.843, 138
Trd, 4318317.993, 124
Trd, 4318318.043, 122
Trd, 4318318.793, 117
Trd, 4318319.343, 85
Trd, 4318319.493, 73
Trd, 4318320.543, 73
Trd, 4318320.843, 70
Trd, 4318321.193, 140
Trd, 4318322.143, 139
Trd, 4318324.593, 139
Trd, 4318325.443, 117
Trd, 4318325.893, 110
Trd, 4318326.043, 102
Trd, 4318326.243, 83
Trd, 4318326.943, 75
Trd, 4318327.693, 127
Trd, 4318328.493, 140
Trd, 4318328.943, 140
Trd, 4318329.543, 126
Trd, 4318331.943, 140
Trd, 4318332.243, 140
Trd, 4318332.493, 124
Trd, 4318333.543, 135
Trd, 4318333.893, 135
Trd, 4318333.993, 112
Trd, 4318334.843, 101
Trd, 4318335.093, 100
Trd, 4318335.393, 94
Trd, 4318336.343, 63
Trd, 4318336.643, 70
Trd, 4318337.443, 83
Trd, 4318339.193, 140
Trd, 4318340.343, 140
Trd, 4318340.843, 140
Trd, 4318343.243, 140
Trd, 4318344.543, 140
Trd, 4318345.143, 138
Trd, 4318345.743, 117
Trd, 4318346.043, 133
Trd, 4318346.993, 130
Trd, 4318347.793, 140
Trd, 4318348.593, 140
Trd, 4318349.193, 124
Trd, 4318349.993, 140
Trd, 4318350.393, 101
Trd, 4318352.793, 139
Trd, 4318353.643, 133
Trd, 4318355.143, 140
Trd, 4318355.443, 138
Trd, 4318355.693, 110
Trd, 4318356.393, 126
Trd, 4318356.443, 129
Trd, 4318357.593, 136
Trd, 4318357.743, 104
Trd, 4318360.193, 139
Trd, 4318360.793, 129
Trd, 4318360.893, 115
Trd, 4318361.243, 78
Trd, 4318362.493, 138
Trd, 4318363.193, 140
Trd, 4318364.193, 114
Trd, 4318365.343, 113
Trd, 4318365.643, 130
Trd, 4318366.643, 138
Trd, 4318367.493, 126
Trd, 4318367.543, 122
Trd, 4318367.993, 99
Trd, 4318368.093, 82
Trd, 4318370.593, 138
Trd, 4318370.893, 137
Trd, 4318372.193, 126
Trd, 4318372.643, 120
Trd, 4318373.193, 117
Trd, 4318373.993, 139
Trd, 4318374.343, 121
Trd, 4318375.143, 113
Trd, 4318375.543, 119
Trd, 4318375.843, 122
Trd, 4318376.943, 140
Trd, 4318377.993, 130
Trd, 4318378.793, 125
Trd, 4318379.243, 140
Trd, 4318379.943, 134
Trd, 4318380.743, 137
Trd, 4318381.243, 121
Trd, 4318382.143, 88
Trd, 4318383.743, 114
Trd, 4318384.893, 140
Trd, 4318384.943, 135
Trd, 4318385.293, 125
Trd, 4318386.693, 137
Trd, 4318387.543, 127
Trd, 4318389.193, 117
Trd, 4318389.943, 136
Trd, 4318390.193, 129
Trd, 4318390.743, 140
Trd, 4318390.943, 140
Trd, 4318391.193, 121
Trd, 4318391.743, 120
Trd, 4318391.793, 102
Trd, 4318391.993, 126
Trd, 4318392.343, 93
Trd, 4318392.593, 127
Trd, 4318393.293, 85
Trd, 4318393.943, 133
Trd, 4318393.993, 84
Trd, 4318395.643, 116
Trd, 4318396.043, 119
Trd, 4318397.193, 140
Trd, 4318398.293, 140
Trd, 4318398.743, 139
Trd, 4318398.793, 137
Trd, 4318399.193, 125
Trd, 4318400.543, 102
Trd, 4318401.343, 140
Trd, 4318402.993, 140
Trd, 4318403.293, 138
Trd, 4318403.643, 139
Trd, 4318404.493, 136
Trd, 4318405.393, 140
Trd, 4318406.193, 139
Trd, 4318406.643, 135
Trd, 4318407.443, 137
Trd, 4318407.643, 135
Trd, 4318407.693, 98
Trd, 4318408.143, 140
Trd, 4318408.743, 62
Trd, 4318409.643, 60
Trd, 4318409.943, 69
Trd, 4318409.993, 101
Trd, 4318410.593, 134
Trd, 4318411.993, 136
Trd, 4318412.943, 139
Trd, 4318412.993, 127
Trd, 4318413.193, 93
Trd, 4318413.393, 90
Trd, 4318414.993, 128
Trd, 4318416.293, 109
Trd, 4318416.593, 103
Trd, 4318417.443, 62
Trd, 4318419.043, 133
Trd, 4318420.243, 140
Trd, 4318420.543, 140
Trd, 4318421.693, 117
Trd, 4318423.243, 140
Trd, 4318423.493, 138
Trd, 4318424.493, 134
Trd, 4318424.893, 98
Trd, 4318425.493, 104
Trd, 4318426.293, 121
Trd, 4318426.743, 66
Trd, 4318427.743, 117
Trd, 4318427.943, 86
Trd, 4318427.993, 65
Trd, 4318429.243, 140
Trd, 4318430.643, 127
Trd, 4318432.543, 140
Trd, 4318432.743, 108
Trd, 4318432.843, 64
Trd, 4318433.343, 118
Trd, 4318433.443, 117
Trd, 4318434.943, 128
Trd, 4318436.343, 140
Trd, 4318436.493, 140
Trd, 4318436.593, 140
Trd, 4318437.493, 117
Trd, 4318437.793, 83
Trd, 4318439.093, 116
Trd, 4318439.143, 65
Trd, 4318439.343, 117
Trd, 4318439.643, 63
Trd, 4318440.293, 66
Trd, 4318440.493, 123
Trd, 4318440.993, 138
Trd, 4318442.293, 140
Trd, 4318442.593, 138
Trd, 4318442.793, 102
Trd, 4318444.343, 62
Trd, 4318444.743, 130
Trd, 4318445.943, 131
Trd, 4318446.193, 120
Trd, 4318446.893, 139
Trd, 4318447.393, 112
Trd, 4318447.543, 91
Trd, 4318448.443, 139
Trd, 4318450.943, 140
Trd, 4318452.043, 128
Trd, 4318452.543, 118
Trd, 4318453.543, 120
Trd, 4318454.443, 140
Trd, 4318454.593, 107
Trd, 4318455.843, 140
Trd, 4318455.943, 138
Trd, 4318456.943, 137
Trd, 4318457.343, 105
Trd, 4318457.593, 95
Trd, 4318457.793, 77
Trd, 4318457.993, 68
Trd, 4318458.293, 65
Trd, 4318458.893, 104
Trd, 4318460.293, 61
Trd, 4318461.143, 83
Trd, 4318461.393, 94
Trd, 4318462.093, 140
Trd, 4318463.343, 140
Trd, 4318464.093, 136
Trd, 4318464.843, 129
Trd, 4318465.043, 114
Trd, 4318465.243, 114
Trd, 4318465.693, 140
Trd, 4318466.843, 140
Trd, 4318467.243, 94
Trd, 4318467.343, 93
Trd, 4318468.343, 134
Trd, 4318469.893, 140
Trd, 4318470.893, 135
Trd, 4318472.093, 115
Trd, 4318472.143, 111
Trd, 4318473.643, 140
Trd, 4318473.743, 111
Trd, 4318474.693, 135
Trd, 4318475.393, 139
Trd, 4318475.743, 96
Trd, 4318475.793, 89
Trd, 4318476.643, 130
Trd, 4318477.593, 138
Trd, 4318478.893, 140
Trd, 4318479.293, 137
Trd, 4318480.693, 138
Trd, 4318481.343, 91
Trd, 4318481.543, 69
Trd, 4318481.793, 70
Trd, 4318481.993, 98
Trd, 4318482.193, 69
Trd, 4318484.793, 140
Trd, 4318485.243, 139
Trd, 4318485.543, 120
Trd, 4318486.543, 131
Trd, 4318486.743, 130
Trd, 4318486.993, 116
Trd, 4318487.243, 95
Trd, 4318488.143, 87
Trd, 4318488.893, 68
Trd, 4318489.243, 139
Trd, 4318489.543, 80
Trd, 4318490.443, 92
Trd, 4318491.193, 139
Trd, 4318492.043, 138
Trd, 4318492.343, 136
Trd, 4318493.293, 140
Trd, 4318494.093, 114
Trd, 4318495.293, 137
Trd, 4318495.743, 127
Trd, 4318496.143, 93
Trd, 4318496.343, 81
Trd, 4318498.543, 139
Trd, 4318498.693, 137
Trd, 4318499.643, 139
Trd, 4318500.243, 139
Trd, 4318501.143, 137
Trd, 4318501.493, 115
Trd, 4318501.793, 110
Trd, 4318502.243, 114
Trd, 4318502.343, 106
Trd, 4318502.393, 102
Trd, 4318503.743, 140
Trd, 4318504.893, 108
Trd, 4318505.943, 140
Trd, 4318507.843, 135
Trd, 4318508.693, 128
Trd, 4318508.943, 126
Trd, 4318509.043, 123
Trd, 4318510.793, 140
Trd, 4318511.993, 140
Trd, 4318512.593, 139
Trd, 4318513.593, 134
Trd, 4318514.243, 139
Trd, 4318516.043, 140
Trd, 4318516.343, 140
Trd, 4318517.043, 140
Trd, 4318517.343, 140
Trd, 4318518.043, 140
Trd, 4318518.343, 79
Trd, 4318519.793, 137
Trd, 4318521.543, 139
Trd, 4318521.593, 128
Trd, 4318521.793, 117
Trd, 4318521.893, 113
Trd, 4318522.043, 102
Trd, 4318523.693, 134
Trd, 4318524.543, 140
Trd, 4318526.293, 140
Trd, 4318526.393, 139
Trd, 4318526.693, 130
Trd, 4318527.493, 134
Trd, 4318527.893, 140
Trd, 4318529.743, 135
Trd, 4318529.843, 121
Trd, 4318529.943, 101
Trd, 4318530.593, 140
Trd, 4318531.143, 139
Trd, 4318532.643, 140
Trd, 4318533.443, 140
Trd, 4318533.593, 117
Trd, 4318534.843, 137
Trd, 4318535.143, 134
Trd, 4318535.293, 131
Trd, 4318535.493, 106
Trd, 4318536.093, 139
Trd, 4318536.143, 118
Trd, 4318537.993, 75
Trd, 4318538.343, 70
Trd, 4318538.793, 118
Trd, 4318539.543, 132
Trd, 4318539.993, 91
Trd, 4318540.143, 88
Trd, 4318540.293, 65
Trd, 4318541.943, 137
Trd, 4318543.243, 140
Trd, 4318544.143, 131
Trd, 4318545.243, 138
Trd, 4318545.993, 123
Trd, 4318546.943, 120
Trd, 4318547.043, 109
Trd, 4318547.943, 131
Trd, 4318549.543, 140
Trd, 4318551.243, 140
Trd, 4318551.643, 139
Trd, 4318551.793, 116
Trd, 4318552.043, 139
Trd, 4318552.193, 115
Trd, 4318552.793, 103
Trd, 4318553.593, 140
Trd, 4318554.293, 119
Trd, 4318555.393, 128
Trd, 4318555.843, 128
Trd, 4318556.193, 117
Trd, 4318557.593, 122
Trd, 4318558.343, 138
Trd, 4318558.543, 134
Trd, 4318558.643, 121
Trd, 4318559.043, 97
Trd, 4318559.343, 139
Trd, 4318560.093, 101
Trd, 4318561.093, 137
Trd, 4318561.743, 100
Trd, 4318562.293, 74
Trd, 4318562.793, 82
Trd, 4318563.943, 63
Trd, 4318564.093, 95
Trd, 4318564.743, 131
Trd, 4318565.393, 86
Trd, 4318565.993, 74
Trd, 4318567.143, 123
Trd, 4318568.143, 132
Trd, 4318568.443, 107
Trd, 4318569.993, 139
Trd, 4318570.343, 139
Trd, 4318571.093, 128
Trd, 4318571.593, 100
Trd, 4318571.693, 137
Trd, 4318571.893, 126
Trd, 4318573.143, 98
Trd, 4318573.693, 137
Trd, 4318574.543, 140
Trd, 4318575.993, 137
Trd, 4318576.093, 106
Trd, 4318577.143, 138
Trd, 4318577.343, 69
Trd, 4318577.843, 110
Trd, 4318578.843, 127
Trd, 4318579.593, 66
Trd, 4318580.593, 127
Trd, 4318581.643, 137
Trd, 4318581.793, 136
Trd, 4318583.593, 80
Trd, 4318583.993, 82
Trd, 4318584.293, 71
Trd, 4318584.693, 140
Trd, 4318584.993, 91
Trd, 4318586.443, 138
Trd, 4318586.943, 133
Trd, 4318586.993, 132
Trd, 4318587.493, 115
Trd, 4318588.193, 104
Trd, 4318588.543, 102
Trd, 4318588.593, 86
Trd, 4318591.143, 140
Trd, 4318592.293, 137
Trd, 4318592.593, 133
Trd, 4318592.743, 131
Trd, 4318592.793, 130
Trd, 4318592.893, 136
Trd, 4318593.943, 107
Trd, 4318594.993, 140
Trd, 4318595.493, 136
Trd, 4318595.543, 101
Trd, 4318596.343, 82
Trd, 4318596.693, 121
Trd, 4318598.143, 132
Trd, 4318598.743, 126
Trd, 4318599.893, 102
Trd, 4318601.143, 140
Trd, 4318601.293, 100
Trd, 4318601.893, 140
Trd, 4318602.343, 127
Trd, 4318603.193, 131
Trd, 4318604.343, 140
Trd, 4318604.643, 139
Trd, 4318605.093, 84
Trd, 4318605.593, 124
Trd, 4318606.193, 94
Trd, 4318606.993, 75
Trd, 4318609.043, 140
Trd, 4318609.293, 138
Trd, 4318610.043, 113
Trd, 4318610.193, 96
Trd, 4318611.993, 139
Trd, 4318612.393, 132
Trd, 4318612.493, 96
Trd, 4318613.293, 133
Trd, 4318614.243, 135
Trd, 4318614.743, 140
Trd, 4318615.143, 140
Trd, 4318616.393, 140
Trd, 4318617.493, 140
Trd, 4318617.843, 140
Trd, 4318617.943, 139
Trd, 4318619.143, 138
Trd, 4318621.193, 140
Trd, 4318621.343, 118
Trd, 4318622.393, 120
Trd, 4318624.043, 140
Trd, 4318624.193, 127
Trd, 4318624.293, 124
Trd, 4318624.643, 111
Trd, 4318625.293, 104
Trd, 4318625.893, 116
Trd, 4318626.843, 139
Trd, 4318627.443, 125
Trd, 4318627.693, 98
Trd, 4318628.593, 98
Trd, 4318628.943, 136
Trd, 4318630.093, 114
Trd, 4318630.743, 140
Trd, 4318631.493, 140
Trd, 4318632.043, 139
Trd, 4318632.443, 117
Trd, 4318633.743, 138
Trd, 4318633.893, 135
Trd, 4318634.943, 119
Trd, 4318634.993, 111
Trd, 4318635.743, 129
Trd, 4318636.393, 103
Trd, 4318636.843, 98
Trd, 4318639.393, 140
Trd, 4318639.693, 140
Trd, 4318640.493, 140
Trd, 4318640.643, 140
Trd, 4318640.993, 124
Trd, 4318641.093, 65
Trd, 4318642.993, 140
Trd, 4318643.593, 140
Trd, 4318643.843, 129
Trd, 4318645.143, 133
Trd, 4318645.293, 106
Trd, 4318645.343, 101
Trd, 4318647.293, 127
Trd, 4318648.143, 140
Trd, 4318649.243, 137
Trd, 4318649.743, 135
Trd, 4318649.943, 132
Trd, 4318650.493, 115
Trd, 4318651.193, 139
Trd, 4318651.843, 137
Trd, 4318653.493, 125
Trd, 4318653.543, 124
Trd, 4318654.743, 111
Trd, 4318655.393, 140
Trd, 4318655.943, 140
Trd, 4318656.893, 116
Trd, 4318656.943, 102
Trd, 4318657.643, 128
Trd, 4318658.893, 140
Trd, 4318660.893, 139
Trd, 4318662.343, 139
Trd, 4318662.543, 139
Trd, 4318662.743, 138
Trd, 4318663.343, 131
Trd, 4318663.943, 95
Trd, 4318664.043, 94
Trd, 4318665.593, 129
Trd, 4318665.743, 121
Trd, 4318666.443, 119
Trd, 4318667.443, 137
Trd, 4318667.643, 121
Trd, 4318667.993, 97
Trd, 4318668.743, 139
Trd, 4318669.593, 123
Trd, 4318671.143, 132
Trd, 4318671.793, 99
Trd, 4318673.043, 120
Trd, 4318673.443, 98
Trd, 4318673.743, 96
Trd, 4318674.443, 137
Trd, 4318674.743, 140
Trd, 4318677.093, 140
Trd, 4318677.893, 139
Trd, 4318679.243, 140
Trd, 4318679.743, 139
Trd, 4318680.243, 136
Trd, 4318680.343, 110
Trd, 4318681.343, 128
Trd, 4318682.593, 99
Trd, 4318682.893, 97
Trd, 4318682.943, 125
Trd, 4318683.143, 127
Trd, 4318684.543, 83
Trd, 4318684.793, 124
Trd, 4318686.443, 121
Trd, 4318686.643, 105
Trd, 4318686.693, 99
Trd, 4318687.243, 61
Trd, 4318687.793, 84
Trd, 4318689.393, 140
Trd, 4318689.593, 140
Trd, 4318690.693, 140
Trd, 4318691.093, 119
Trd, 4318692.493, 140
Trd, 4318693.243, 139
Trd, 4318693.443, 138
Trd, 4318693.943, 127
Trd, 4318695.643, 131
Trd, 4318697.593, 140
Trd, 4318697.993, 140
Trd, 4318698.543, 140
Trd, 4318699.243, 138
Trd, 4318699.293, 138
Trd, 4318699.743, 120
Trd, 4318700.093, 105
Trd, 4318702.143, 77
Trd, 4318703.093, 89
Trd, 4318703.293, 75
Trd, 4318703.793, 87
Trd, 4318704.243, 140
Trd, 4318705.393, 139
Trd, 4318705.743, 137
Trd, 4318708.143, 140
Trd, 4318708.343, 139
Trd, 4318708.893, 112
Trd, 4318708.943, 109
Trd, 4318710.243, 131
Trd, 4318710.293, 92
Trd, 4318710.893, 139
Trd, 4318711.993, 136
Trd, 4318713.193, 127
Trd, 4318713.243, 122
Trd, 4318714.043, 139
Trd, 4318716.093, 140
Trd, 4318716.193, 140
Trd, 4318716.993, 135
Trd, 4318717.743, 123
Trd, 4318718.493, 132
Trd, 4318719.093, 135
Trd, 4318719.243, 128
Trd, 4318719.343, 136
Trd, 4318719.443, 98
Trd, 4318721.443, 139
Trd, 4318721.693, 131
Trd, 4318722.893, 115
Trd, 4318723.243, 84
Trd, 4318723.443, 61
Trd, 4318724.243, 110
Trd, 4318725.043, 105
Trd, 4318725.343, 107
Trd, 4318725.693, 61
Trd, 4318726.143, 62
Trd, 4318727.143, 140
Trd, 4318728.043, 139
Trd, 4318728.243, 70
Trd, 4318728.843, 139
Trd, 4318729.093, 106
Trd, 4318729.443, 95
Trd, 4318731.643, 140
Trd, 4318732.093, 140
Trd, 4318732.843, 140
Trd, 4318732.943, 138
Trd, 4318733.293, 109
Trd, 4318735.593, 140
Trd, 4318736.043, 131
Trd, 4318736.193, 139
Trd, 4318736.693, 120
Trd, 4318737.293, 101
Trd, 4318737.443, 86
Trd, 4318739.593, 140
Trd, 4318739.643, 125
Trd, 4318740.443, 96
Trd, 4318740.643, 94
Trd, 4318742.693, 61
Trd, 4318742.793, 73
Trd, 4318743.893, 69
Trd, 4318744.893, 63
Trd, 4318745.843, 140
Trd, 4318746.493, 133
Trd, 4318746.693, 140
Trd, 4318747.543, 139
Trd, 4318748.993, 140
Trd, 4318749.343, 140
Trd, 4318749.693, 111
Trd, 4318750.643, 125
Trd, 4318751.543, 122
Trd, 4318751.793, 118
Trd, 4318752.293, 123
Trd, 4318753.443, 93
Trd, 4318754.693, 140
Trd, 4318755.943, 140
Trd, 4318756.543, 132
Trd, 4318756.643, 101
Trd, 4318756.893, 92
Trd, 4318758.443, 140
Trd, 4318759.043, 136
Trd, 4318760.593, 140
Trd, 4318760.793, 139
Trd, 4318761.343, 126
Trd, 4318762.343, 139
Trd, 4318762.993, 137
Trd, 4318763.843, 137
Trd, 4318765.093, 134
Trd, 4318765.293, 119
Trd, 4318766.243, 138
Trd, 4318766.493, 138
Trd, 4318768.043, 120
Trd, 4318768.843, 130
Trd, 4318769.393, 133
Trd, 4318769.493, 102
Trd, 4318770.493, 140
Trd, 4318771.693, 126
Trd, 4318771.743, 92
Trd, 4318773.943, 140
Trd, 4318775.293, 140
Trd, 4318775.393, 139
Trd, 4318775.493, 139
Trd, 4318776.043, 131
Trd, 4318776.243, 92
Trd, 4318776.693, 96
Trd, 4318779.093, 140
Trd, 4318779.193, 136
Trd, 4318780.093, 140
Trd, 4318780.243, 119
Trd, 4318780.493, 106
Trd, 4318781.143, 81
Trd, 4318781.693, 138
Trd, 4318782.743, 138
Trd, 4318782.943, 130
Trd, 4318783.643, 96
Trd, 4318783.893, 63
Trd, 4318784.293, 87
Trd, 4318785.593, 134
Trd, 4318785.643, 72
Trd, 4318786.843, 140
Trd, 4318787.043, 118
Trd, 4318788.393, 139
Trd, 4318788.793, 86
Trd, 4318790.643, 140
Trd, 4318790.743, 137
Trd, 4318792.493, 134
Trd, 4318792.993, 135
Trd, 4318793.543, 139
Trd, 4318794.143, 126
Trd, 4318794.393, 113
Trd, 4318796.393, 140
Trd, 4318796.593, 140
Trd, 4318797.443, 132
Trd, 4318798.893, 140
Trd, 4318798.943, 139
Trd, 4318799.043, 137
Trd, 4318799.893, 134
Trd, 4318800.393, 95
Trd, 4318801.293, 123
Trd, 4318802.093, 61
Trd, 4318802.593, 82
Trd, 4318803.043, 102
Trd, 4318803.593, 131
Trd, 4318804.693, 139
Trd, 4318806.093, 139
Trd, 4318806.443, 103
Trd, 4318806.543, 140
Trd, 4318807.443, 140
Trd, 4318807.993, 125
Trd, 4318809.043, 139
Trd, 4318809.893, 124
Trd, 4318810.143, 107
Trd, 4318810.593, 82
Trd, 4318811.893, 65
Trd, 4318812.043, 67
Trd, 4318814.193, 140
Trd, 4318814.293, 139
Trd, 4318815.843, 139
Trd, 4318816.243, 127
Trd, 4318816.493, 118
Trd, 4318816.693, 88
Trd, 4318818.543, 109
Trd, 4318819.093, 81
Trd, 4318819.293, 112
Trd, 4318820.243, 125
Trd, 4318820.743, 60
Trd, 4318821.143, 66
Trd, 4318821.843, 122
Trd, 4318822.343, 134
Trd, 4318822.893, 116
Trd, 4318823.893, 63
Trd, 4318824.343, 62
Trd, 4318824.593, 63
Trd, 4318826.493, 136
Trd, 4318827.193, 138
Trd, 4318827.693, 138
Trd, 4318827.793, 139
Trd, 4318827.893, 115
Trd, 4318828.793, 61
Trd, 4318829.793, 75
Trd, 4318829.943, 93
Trd, 4318830.743, 133
Trd, 4318831.093, 140
Trd, 4318831.243, 93
Trd, 4318832.693, 134
Trd, 4318834.043, 65
Trd, 4318834.893, 94
Trd, 4318835.443, 120
Trd, 4318835.943, 126
Trd, 4318836.393, 140
Trd, 4318837.243, 60
Trd, 4318837.543, 60
Trd, 4318839.393, 60
Trd, 4318839.443, 61
Trd, 4318839.893, 64
Trd, 4318841.293, 60
Trd, 4318841.343, 61
Trd, 4318841.443, 65
Trd, 4318841.993, 140
Trd, 4318843.143, 137
Trd, 4318844.993, 139
Trd, 4318845.493, 140
Trd, 4318845.543, 128
Trd, 4318845.743, 111
Trd, 4318845.893, 94
Trd, 4318847.893, 138
Trd, 4318848.543, 133
Trd, 4318848.993, 131
Trd, 4318850.393, 136
Trd, 4318851.443, 116
Trd, 4318851.493, 116
Trd, 4318852.093, 117
Trd, 4318852.743, 140
Trd, 4318852.993, 140
Trd, 4318853.043, 140
Trd, 4318853.943, 120
Trd, 4318855.643, 139
Trd, 4318855.843, 137
Trd, 4318857.443, 137
Trd, 4318857.493, 131
Trd, 4318857.893, 111
Trd, 4318858.593, 140
Trd, 4318858.943, 95
Trd, 4318859.193, 140
Trd, 4318860.843, 129
Trd, 4318860.993, 120
Trd, 4318861.793, 135
Trd, 4318862.493, 125
Trd, 4318863.043, 125
Trd, 4318863.493, 120
Trd, 4318864.343, 140
Trd, 4318865.243, 137
Trd, 4318866.393, 139
Trd, 4318867.893, 131
Trd, 4318868.493, 140
Trd, 4318868.793, 140
Trd, 4318869.393, 116
Trd, 4318869.843, 103
Trd, 4318869.993, 97
Trd, 4318871.093, 140
Trd, 4318871.593, 139
Trd, 4318872.143, 118
Trd, 4318872.593, 138
Trd, 4318873.443, 129
Trd, 4318873.743, 98
Trd, 4318873.943, 140
Trd, 4318875.193, 133
Trd, 4318875.493, 132
Trd, 4318876.593, 140
Trd, 4318877.593, 138
Trd, 4318878.143, 140
Trd, 4318878.993, 127
Trd, 4318880.793, 140
Trd, 4318881.543, 132
Trd, 4318881.843, 120
Trd, 4318882.843, 87
Trd, 4318883.043, 104
Trd, 4318883.543, 83
Trd, 4318884.493, 140
Trd, 4318884.843, 140
Trd, 4318887.993, 137
Trd, 4318888.193, 137
Trd, 4318888.993, 140
Trd, 4318889.393, 139
Trd, 4318890.443, 93
Trd, 4318890.543, 105
Trd, 4318890.943, 140
Trd, 4318892.143, 120
Trd, 4318892.493, 88
Trd, 4318892.943, 140
Trd, 4318893.043, 82
Trd, 4318894.543, 140
Trd, 4318895.393, 140
Trd, 4318895.843, 139
Trd, 4318896.593, 110
Trd, 4318896.793, 96
Trd, 4318896.993, 71
Trd, 4318898.593, 140
Trd, 4318898.993, 74
Trd, 4318899.543, 140
Trd, 4318902.193, 140
Trd, 4318902.343, 140
Trd, 4318902.643, 139
Trd, 4318902.893, 132
Trd, 4318903.393, 112
Trd, 4318904.793, 130
Trd, 4318905.043, 117
Trd, 4318905.743, 128
Trd, 4318906.743, 116
Trd, 4318907.793, 139
Trd, 4318907.943, 94
Trd, 4318909.243, 129
Trd, 4318909.893, 139
Trd, 4318910.343, 110
Trd, 4318912.193, 140
Trd, 4318912.443, 140
Trd, 4318912.793, 139
Trd, 4318913.043, 137
Trd, 4318916.143, 140
Trd, 4318917.143, 113
Trd, 4318918.043, 116
Trd, 4318918.443, 99
Trd, 4318918.493, 94
Trd, 4318918.743, 86
Trd, 4318919.543, 140
Trd, 4318920.443, 117
Trd, 4318920.993, 140
Trd, 4318921.593, 132
Trd, 4318921.943, 135
Trd, 4318922.593, 90
Trd, 4318924.843, 131
Trd, 4318925.343, 140
Trd, 4318925.393, 100
Trd, 4318926.543, 139
Trd, 4318926.693, 130
Trd, 4318927.293, 131
Trd, 4318929.693, 140
Trd, 4318930.043, 108
Trd, 4318930.243, 91
Trd, 4318931.143, 64
Trd, 4318931.843, 138
Trd, 4318933.643, 138
Trd, 4318934.493, 136
Trd, 4318934.843, 120
Trd, 4318935.443, 140
Trd, 4318935.643, 125
Trd, 4318936.843, 130
Trd, 4318937.243, 109
Trd, 4318938.343, 139
Trd, 4318939.043, 115
Trd, 4318940.043, 137
Trd, 4318940.093, 136
Trd, 4318940.943, 87
Trd, 4318943.293, 138
Trd, 4318943.443, 129
Trd, 4318944.093, 135
Trd, 4318944.843, 140
Trd, 4318945.393, 140
Trd, 4318947.193, 138
Trd, 4318949.143, 139
Trd, 4318949.193, 138
Trd, 4318949.943, 135
Trd, 4318950.443, 134
Trd, 4318950.593, 93
Trd, 4318950.993, 140
Trd, 4318951.943, 138
Trd, 4318952.643, 137
Trd, 4318952.743, 98
Trd, 4318953.893, 140
Trd, 4318954.393, 134
Trd, 4318954.593, 137
Trd, 4318955.793, 130
Trd, 4318956.943, 140
Trd, 4318957.843, 139
Trd, 4318958.043, 139
Trd, 4318958.443, 129
Trd, 4318958.693, 128
Trd, 4318959.193, 133
Trd, 4318959.293, 60
Trd, 4318960.893, 140
Trd, 4318962.043, 140
Trd, 4318962.093, 139
Trd, 4318962.393, 132
Trd, 4318965.293, 134
Trd, 4318966.393, 133
Trd, 4318966.693, 101
Trd, 4318967.543, 139
Trd, 4318967.643, 125
Trd, 4318968.043, 123
Trd, 4318969.293, 140
Trd, 4318969.343, 93
Trd, 4318970.793, 123
Trd, 4318971.193, 140
Trd, 4318972.643, 86
Trd, 4318973.593, 121
Trd, 4318975.493, 140
Trd, 4318975.643, 140
Trd, 4318976.593, 127
Trd, 4318977.143, 140
Trd, 4318977.443, 140
Trd, 4318979.693, 139
Trd, 4318980.393, 126
Trd, 4318980.643, 124
Trd, 4318982.593, 140
Trd, 4318982.643, 140
Trd, 4318982.793, 140
Trd, 4318984.593, 133
Trd, 4318985.193, 123
Trd, 4318985.443, 135
Trd, 4318986.143, 139
Trd, 4318987.793, 128
Trd, 4318988.043, 99
Trd, 4318988.243, 95
Trd, 4318989.043, 102
Trd, 4318989.243, 130
Trd, 4318989.993, 131
Trd, 4318991.593, 140
Trd, 4318991.993, 140
Trd, 4318992.143, 117
Trd, 4318993.793, 135
Trd, 4318994.193, 136
Trd, 4318995.243, 126
Trd, 4318996.143, 125
Trd, 4318996.243, 140
Trd, 4318997.443, 122
Trd, 4318998.193, 139
Trd, 4318998.993, 119
Trd, 4318999.493, 140
Trd, 4319000.993, 140
Trd, 4319002.493, 110
Trd, 4319003.143, 111
Trd, 4319005.293, 140
Trd, 4319005.793, 140
Trd, 4319005.993, 140
Trd, 4319006.693, 127
Trd, 4319008.543, 134
Trd, 4319009.093, 133
Trd, 4319009.893, 137
Trd, 4319010.143, 123
Trd, 4319010.593, 95
Trd, 4319013.043, 140
Trd, 4319014.943, 140
Trd, 4319015.293, 139
Trd, 4319015.393, 130
Trd, 4319015.643, 133
Trd, 4319015.893, 130
Trd, 4319016.293, 99
Trd, 4319016.743, 136
Trd, 4319017.643, 139
Trd, 4319019.293, 139
Trd, 4319019.643, 126
Trd, 4319019.793, 123
Trd, 4319021.543, 139
Trd, 4319021.843, 106
Trd, 4319023.043, 140
Trd, 4319023.443, 139
Trd, 4319024.293, 139
Trd, 4319024.643, 132
Trd, 4319024.843, 113
Trd, 4319025.043, 93
Trd, 4319026.843, 122
Trd, 4319027.343, 135
Trd, 4319027.843, 140
Trd, 4319028.343, 137
Trd, 4319028.993, 65
Trd, 4319029.543, 72
Trd, 4319029.643, 85
Trd, 4319030.893, 60
Trd, 4319031.893, 61
Trd, 4319032.043, 63
Trd, 4319032.743, 77
Trd, 4319032.843, 76
Trd, 4319032.943, 92
Trd, 4319034.093, 60
Trd, 4319034.893, 60
Trd, 4319036.043, 74
Trd, 4319036.393, 89
Trd, 4319036.743, 98
Trd, 4319037.293, 124
Trd, 4319037.993, 63
Trd, 4319038.443, 79
Trd, 4319039.943, 63
Trd, 4319040.893, 109
Trd, 4319041.193, 140
Trd, 4319042.243, 140
Trd, 4319042.593, 134
Trd, 4319043.193, 98
Trd, 4319043.243, 92
Trd, 4319044.893, 139
Trd, 4319045.393, 140
Trd, 4319045.693, 139
Trd, 4319046.693, 140
Trd, 4319047.643, 139
Trd, 4319048.693, 91
Trd, 4319048.943, 140
Trd, 4319050.193, 131
Trd, 4319050.543, 129
Trd, 4319051.493, 140
Trd, 4319052.743, 139
Trd, 4319053.043, 139
Trd, 4319054.493, 139
Trd, 4319055.693, 137
Trd, 4319056.193, 131
Trd, 4319056.393, 108
Trd, 4319056.693, 97
Trd, 4319058.243, 140
Trd, 4319059.493, 128
Trd, 4319059.643, 83
Trd, 4319059.893, 81
Trd, 4319060.743, 140
Trd, 4319060.893, 132
Trd, 4319062.143, 119
Trd, 4319062.193, 110
Trd, 4319064.893, 140
Trd, 4319065.993, 139
Trd, 4319066.193, 139
Trd, 4319066.293, 120
Trd, 4319066.693, 137
Trd, 4319066.743, 115
Trd, 4319068.543, 140
Trd, 4319069.043, 140
Trd, 4319069.643, 139
Trd, 4319069.843, 89
Trd, 4319070.293, 85
Trd, 4319070.793, 140
Trd, 4319071.243, 120
Trd, 4319071.293, 99
Trd, 4319073.243, 88
Trd, 4319074.593, 135
Trd, 4319075.993, 111
Trd, 4319076.743, 118
Trd, 4319076.793, 121
Trd, 4319077.093, 125
Trd, 4319078.043, 111
Trd, 4319078.143, 88
Trd, 4319079.443, 61
Trd, 4319080.243, 108
Trd, 4319080.443, 71
Trd, 4319082.443, 138
Trd, 4319082.543, 137
Trd, 4319082.993, 140
Trd, 4319083.143, 137
Trd, 4319085.293, 140
Trd, 4319085.993, 135
Trd, 4319086.743, 134
Trd, 4319087.343, 134
Trd, 4319089.493, 140
Trd, 4319090.243, 140
Trd, 4319090.943, 104
Trd, 4319091.193, 133
Trd, 4319092.093, 135
Trd, 4319092.143, 77
Trd, 4319093.043, 139
Trd, 4319093.243, 140
Trd, 4319093.743, 127
Trd, 4319094.443, 133
Trd, 4319094.893, 93
Trd, 4319095.643, 61
Trd, 4319095.693, 61
Trd, 4319096.993, 140
Trd, 4319097.343, 140
Trd, 4319097.843, 93
Trd, 4319098.893, 136
Trd, 4319098.993, 113
Trd, 4319099.293, 111
Trd, 4319100.443, 109
Trd, 4319101.443, 88
Trd, 4319101.743, 139
Trd, 4319102.393, 140
Trd, 4319104.643, 137
Trd, 4319105.043, 127
Trd, 4319105.193, 124
Trd, 4319106.543, 140
Trd, 4319106.743, 139
Trd, 4319107.493, 138
Trd, 4319108.393, 140
Trd, 4319108.843, 124
Trd, 4319109.193, 102
Trd, 4319110.393, 139
Trd, 4319111.743, 139
Trd, 4319112.193, 130
Trd, 4319112.793, 106
Trd, 4319113.543, 81
Trd, 4319114.293, 139
Trd, 4319114.843, 140
Trd, 4319115.793, 78
Trd, 4319115.943, 134
Trd, 4319116.893, 61
Trd, 4319117.643, 140
Trd, 4319118.543, 140
Trd, 4319118.643, 139
Trd, 4319120.493, 139
Trd, 4319121.043, 137
Trd, 4319122.093, 117
Trd, 4319122.443, 99
Trd, 4319123.243, 135
Trd, 4319124.143, 121
Trd, 4319125.243, 134
Trd, 4319125.493, 137
Trd, 4319126.393, 139
Trd, 4319127.193, 140
Trd, 4319128.043, 140
Trd, 4319128.243, 105
Trd, 4319129.093, 121
Trd, 4319130.193, 135
Trd, 4319131.343, 134
Trd, 4319131.643, 133
Trd, 4319132.443, 140
Trd, 4319132.693, 112
Trd, 4319132.843, 62
Trd, 4319133.493, 140
Trd, 4319133.543, 117
Trd, 4319135.343, 61
Trd, 4319135.943, 63
Trd, 4319135.993, 64
Trd, 4319137.093, 127
Trd, 4319137.193, 85
Trd, 4319138.193, 140
Trd, 4319138.393, 138
Trd, 4319138.693, 108
Trd, 4319139.693, 126
Trd, 4319140.293, 76
Trd, 4319141.493, 60
Trd, 4319141.693, 60
Trd, 4319142.393, 62
Trd, 4319142.943, 93
Trd, 4319143.893, 121
Trd, 4319144.643, 108
Trd, 4319145.593, 87
Trd, 4319145.943, 73
Trd, 4319147.043, 129
Trd, 4319147.493, 119
Trd, 4319147.943, 117
Trd, 4319148.243, 129
Trd, 4319149.843, 123
Trd, 4319149.893, 96
Trd, 4319150.593, 140
Trd, 4319151.043, 94
Trd, 4319151.843, 138
Trd, 4319153.643, 136
Trd, 4319153.793, 130
Trd, 4319154.143, 132
Trd, 4319155.643, 72
Trd, 4319155.943, 60
Trd, 4319156.143, 60
Trd, 4319156.593, 68
Trd, 4319157.093, 65
Trd, 4319158.093, 107
Trd, 4319158.943, 140
Trd, 4319159.593, 138
Trd, 4319159.793, 138
Trd, 4319161.243, 125
Trd, 4319162.343, 140
Trd, 4319164.043, 123
Trd, 4319164.143, 107
Trd, 4319164.693, 140
Trd, 4319164.843, 82
Trd, 4319165.043, 77
Trd, 4319166.643, 135
Trd, 4319167.293, 140
Trd, 4319167.793, 129
Trd, 4319167.843, 92
Trd, 4319168.093, 91
Trd, 4319168.193, 89
Trd, 4319169.893, 140
Trd, 4319170.243, 137
Trd, 4319171.043, 138
Trd, 4319171.143, 129
Trd, 4319172.293, 136
Trd, 4319172.643, 133
Trd, 4319173.643, 140
Trd, 4319174.443, 137
Trd, 4319175.193, 139
Trd, 4319177.893, 140
Trd, 4319178.643, 139
Trd, 4319179.643, 135
Trd, 4319180.243, 91
Trd, 4319180.293, 112
Trd, 4319181.643, 137
Trd, 4319182.093, 137
Trd, 4319184.643, 140
Trd, 4319184.943, 140
Trd, 4319185.593, 140
Trd, 4319185.693, 138
Trd, 4319185.743, 137
Trd, 4319185.793, 132
Trd, 4319186.343, 98
Trd, 4319187.043, 96
Trd, 4319187.693, 124
Trd, 4319189.193, 121
Trd, 4319190.393, 113
Trd, 4319190.693, 140
Trd, 4319191.293, 80
Trd, 4319191.993, 138
Trd, 4319192.393, 140
Trd, 4319193.293, 101
Trd, 4319193.843, 117
Trd, 4319194.443, 125
Trd, 4319195.093, 117
Trd, 4319195.443, 116
Trd, 4319195.843, 139
Trd, 4319195.993, 125
Trd, 4319196.993, 139
Trd, 4319197.993, 140
Trd, 4319198.093, 129
Trd, 4319198.343, 128
Trd, 4319199.393, 137
Trd, 4319200.543, 139
Trd, 4319201.943, 122
Trd, 4319202.193, 137
Trd, 4319202.343, 103
Trd, 4319203.993, 139
Trd, 4319205.093, 140
Trd, 4319205.293, 137
Trd, 4319205.693, 116
Trd, 4319205.793, 94
Trd, 4319206.843, 140
Trd, 4319207.093, 134
Trd, 4319209.843, 135
Trd, 4319210.243, 140
Trd, 4319210.343, 104
Trd, 4319210.593, 108
Trd, 4319211.343, 96
Trd, 4319211.593, 83
Trd, 4319212.243, 138
Trd, 4319214.043, 124
Trd, 4319214.443, 115
Trd, 4319215.193, 133
Trd, 4319215.543, 137
Trd, 4319215.893, 134
Trd, 4319216.343, 133
Trd, 4319216.443, 102
Trd, 4319217.493, 64
Trd, 4319218.543, 140
Trd, 4319219.743, 139
Trd, 4319220.893, 129
Trd, 4319221.093, 128
Trd, 4319221.343, 121
Trd, 4319221.743, 102
Trd, 4319221.993, 124
Trd, 4319222.293, 98
Trd, 4319223.193, 140
Trd, 4319225.343, 139
Trd, 4319225.443, 140
Trd, 4319227.143, 140
Trd, 4319227.593, 108
Trd, 4319228.343, 111
Trd, 4319228.943, 120
Trd, 4319229.293, 136
Trd, 4319231.243, 140
Trd, 4319231.443, 121
Trd, 4319231.493, 118
Trd, 4319231.593, 115
Trd, 4319232.293, 140
Trd, 4319234.243, 128
Trd, 4319234.743, 140
Trd, 4319234.793, 128
Trd, 4319235.193, 125
Trd, 4319235.343, 122
Trd, 4319235.693, 86
Trd, 4319236.343, 139
Trd, 4319236.843, 96
Trd, 4319240.293, 140
Trd, 4319240.443, 140
Trd, 4319240.543, 140
Trd, 4319241.343, 140
Trd, 4319241.743, 140
Trd, 4319242.093, 137
Trd, 4319243.343, 132
Trd, 4319243.993, 135
Trd, 4319244.643, 133
Trd, 4319244.993, 121
Trd, 4319245.043, 100
Trd, 4319245.743, 93
Trd, 4319247.443, 130
Trd, 4319247.593, 120
Trd, 4319248.293, 140
Trd, 4319248.843, 133
Trd, 4319249.043, 125
Trd, 4319249.193, 121
Trd, 4319251.393, 140
Trd, 4319253.143, 140
Trd, 4319253.293, 139
Trd, 4319254.443, 140
Trd, 4319255.793, 124
Trd, 4319256.343, 135
Trd, 4319256.593, 98
Trd, 4319257.393, 83
Trd, 4319258.043, 124
Trd, 4319258.243, 112
Trd, 4319259.193, 140
Trd, 4319259.443, 140
Trd, 4319259.543, 136
Trd, 4319259.943, 129
Trd, 4319261.593, 139
Trd, 4319262.593, 138
Trd, 4319262.993, 95
Trd, 4319263.143, 85
Trd, 4319264.343, 140
Trd, 4319265.493, 117
Trd, 4319265.743, 99
Trd, 4319267.043, 137
Trd, 4319267.343, 129
Trd, 4319269.293, 135
Trd, 4319269.593, 128
Trd, 4319271.193, 140
Trd, 4319271.493, 140
Trd, 4319271.593, 123
Trd, 4319272.243, 131
Trd, 4319272.493, 130
Trd, 4319274.843, 140
Trd, 4319274.993, 128
Trd, 4319275.643, 119
Trd, 4319275.693, 112
Trd, 4319276.743, 136
Trd, 4319278.093, 140
Trd, 4319278.243, 135
Trd, 4319278.693, 109
Trd, 4319279.843, 128
Trd, 4319280.643, 140
Trd, 4319281.143, 140
Trd, 4319281.943, 139
Trd, 4319282.293, 139
Trd, 4319283.843, 140
Trd, 4319285.343, 139
Trd, 4319285.593, 139
Trd, 4319285.693, 129
Trd, 4319287.143, 121
Trd, 4319287.293, 98
Trd, 4319289.193, 140
Trd, 4319289.543, 124
Trd, 4319290.343, 140
Trd, 4319291.143, 139
Trd, 4319291.293, 139
Trd, 4319291.593, 120
Trd, 4319291.893, 97
Trd, 4319292.243, 100
Trd, 4319293.493, 140
Trd, 4319293.943, 125
Trd, 4319294.543, 106
Trd, 4319294.643, 71
Trd, 4319297.093, 139
Trd, 4319297.293, 138
Trd, 4319297.543, 135
Trd, 4319299.593, 140
Trd, 4319300.193, 139
Trd, 4319300.693, 137
Trd, 4319300.893, 136
Trd, 4319301.393, 92
Trd, 4319301.543, 116
Trd, 4319302.593, 139
Trd, 4319303.093, 106
Trd, 4319303.893, 73
Trd, 4319304.593, 60
Trd, 4319305.643, 61
Trd, 4319305.893, 62
Trd, 4319306.743, 85
Trd, 4319307.093, 140
Trd, 4319307.693, 140
Trd, 4319308.593, 140
Trd, 4319308.743, 139
Trd, 4319308.943, 123
Trd, 4319309.843, 136
Trd, 4319311.143, 139
Trd, 4319312.193, 131
Trd, 4319313.093, 117
Trd, 4319313.493, 100
Trd, 4319313.993, 114
Trd, 4319315.493, 140
Trd, 4319315.593, 139
Trd, 4319316.793, 135
Trd, 4319316.893, 115
Trd, 4319317.143, 100
Trd, 4319317.793, 140
Trd, 4319319.693, 140
Trd, 4319320.493, 137
Trd, 4319320.743, 117
Trd, 4319321.143, 109
Trd, 4319322.693, 105
Trd, 4319323.293, 103
Trd, 4319324.343, 66
Trd, 4319324.843, 74
Trd, 4319326.343, 139
Trd, 4319328.393, 140
Trd, 4319328.793, 139
Trd, 4319329.243, 112
Trd, 4319330.293, 126
Trd, 4319330.443, 110
Trd, 4319331.793, 130
Trd, 4319332.193, 138
Trd, 4319333.343, 138
Trd, 4319333.393, 111
Trd, 4319334.143, 137
Trd, 4319334.743, 140
Trd, 4319334.893, 93
Trd, 4319336.443, 117
Trd, 4319337.393, 121
Trd, 4319337.893, 79
Trd, 4319340.193, 136
Trd, 4319340.893, 140
Trd, 4319341.793, 136
Trd, 4319342.043, 136
Trd, 4319344.193, 135
Trd, 4319344.393, 132
Trd, 4319344.643, 88
Trd, 4319345.393, 103
Trd, 4319346.093, 71
Trd, 4319346.143, 79
Trd, 4319346.393, 80
Trd, 4319347.443, 136
Trd, 4319348.493, 140
Trd, 4319349.243, 134
Trd, 4319350.443, 135
Trd, 4319352.243, 140
Trd, 4319352.793, 120
Trd, 4319353.143, 112
Trd, 4319353.193, 111
Trd, 4319353.343, 95
Trd, 4319353.543, 91
Trd, 4319354.593, 136
Trd, 4319354.993, 108
Trd, 4319355.893, 140
Trd, 4319356.243, 129
Trd, 4319358.993, 140
Trd, 4319359.193, 140
Trd, 4319360.243, 140
Trd, 4319361.793, 140
Trd, 4319362.393, 139
Trd, 4319362.993, 136
Trd, 4319363.693, 140
Trd, 4319363.743, 139
Trd, 4319365.393, 131
Trd, 4319365.593, 121
Trd, 4319365.693, 64
Trd, 4319367.043, 140
Trd, 4319367.393, 139
Trd, 4319367.443, 90
Trd, 4319368.293, 127
Trd, 4319369.443, 112
Trd, 4319369.793, 140
Trd, 4319370.243, 135
Trd, 4319370.843, 140
Trd, 4319372.593, 137
Trd, 4319372.743, 101
Trd, 4319373.243, 137
Trd, 4319373.693, 136
Trd, 4319374.193, 86
Trd, 4319374.693, 117
Trd, 4319374.893, 74
Trd, 4319375.693, 138
Trd, 4319376.243, 129
Trd, 4319377.093, 136
Trd, 4319377.893, 107
Trd, 4319378.143, 132
Trd, 4319379.343, 129
Trd, 4319380.693, 140
Trd, 4319380.843, 132
Trd, 4319381.493, 130
Trd, 4319382.443, 73
Trd, 4319383.243, 140
Trd, 4319383.393, 140
Trd, 4319383.743, 130
Trd, 4319384.593, 139
Trd, 4319385.393, 140
Trd, 4319387.793, 140
Trd, 4319387.943, 139
Trd, 4319388.143, 138
Trd, 4319388.543, 137
Trd, 4319388.993, 113
Trd, 4319389.493, 110
Trd, 4319389.793, 124
Trd, 4319390.993, 140
Trd, 4319391.993, 140
Trd, 4319392.643, 135
Trd, 4319393.143, 139
Trd, 4319394.493, 129
Trd, 4319395.443, 130
Trd, 4319396.043, 125
Trd, 4319396.543, 139
Trd, 4319397.893, 140
Trd, 4319398.493, 78
Trd, 4319399.143, 130
Trd, 4319399.643, 124
Trd, 4319400.043, 91
Trd, 4319401.443, 129
Trd, 4319401.943, 138
Trd, 4319402.393, 137
Trd, 4319402.643, 110
Trd, 4319402.743, 97
Trd, 4319404.343, 84
Trd, 4319404.493, 64
Trd, 4319405.543, 120
Trd, 4319405.943, 126
Trd, 4319407.043, 96
Trd, 4319407.443, 138
Trd, 4319407.793, 124
Trd, 4319408.993, 104
Trd, 4319409.043, 94
Trd, 4319409.393, 138
Trd, 4319409.793, 134
Trd, 4319409.843, 122
Trd, 4319410.343, 117
Trd, 4319411.493, 138
Trd, 4319412.793, 139
Trd, 4319412.993, 99
Trd, 4319413.543, 91
Trd, 4319414.343, 114
Trd, 4319415.293, 70
Trd, 4319415.643, 62
Trd, 4319416.443, 70
Trd, 4319417.093, 84
Trd, 4319417.793, 140
Trd, 4319418.093, 68
Trd, 4319420.043, 139
Trd, 4319420.243, 139
Trd, 4319420.293, 106
Trd, 4319420.743, 75
Trd, 4319423.493, 140
Trd, 4319423.943, 135
Trd, 4319424.743, 139
Trd, 4319425.393, 137
Trd, 4319425.443, 107
Trd, 4319425.943, 96
Trd, 4319426.193, 86
Trd, 4319426.993, 97
Trd, 4319428.743, 129
Trd, 4319429.343, 140
Trd, 4319429.643, 92
Trd, 4319429.993, 73
Trd, 4319430.593, 115
Trd, 4319430.793, 125
Trd, 4319432.893, 137
Trd, 4319433.043, 125
Trd, 4319433.643, 60
Trd, 4319434.643, 94
Trd, 4319436.743, 138
Trd, 4319436.893, 130
Trd, 4319437.743, 107
Trd, 4319437.793, 105
Trd, 4319438.293, 126
Trd, 4319438.343, 138
Trd, 4319438.793, 136
Trd, 4319439.193, 101
Trd, 4319440.843, 111
Trd, 4319441.143, 110
Trd, 4319441.493, 140
Trd, 4319442.143, 123
Trd, 4319443.293, 126
Trd, 4319443.343, 124
Trd, 4319443.443, 111
Trd, 4319444.643, 139
Trd, 4319445.543, 134
Trd, 4319447.243, 107
Trd, 4319447.943, 60
Trd, 4319448.343, 117
Trd, 4319449.093, 63
Trd, 4319450.443, 140
Trd, 4319450.543, 137
Trd, 4319450.743, 66
Trd, 4319452.093, 83
Trd, 4319452.493, 62
Trd, 4319453.043, 127
Trd, 4319453.693, 68
Trd, 4319454.093, 132
Trd, 4319454.443, 122
Trd, 4319456.243, 137
Trd, 4319457.443, 140
Trd, 4319457.943, 124
Trd, 4319458.543, 119
Trd, 4319458.743, 125
Trd, 4319459.893, 135
Trd, 4319459.943, 133
Trd, 4319460.593, 138
Trd, 4319461.893, 140
Trd, 4319462.143, 137
Trd, 4319463.093, 126
Trd, 4319463.593, 139
Trd, 4319464.343, 136
Trd, 4319465.143, 128
Trd, 4319465.243, 120
Trd, 4319465.543, 113
Trd, 4319465.943, 128
Trd, 4319466.243, 77
Trd, 4319467.243, 138
Trd, 4319467.743, 130
Trd, 4319468.093, 69
Trd, 4319470.093, 140
Trd, 4319470.193, 133
Trd, 4319470.693, 136
Trd, 4319471.843, 129
Trd, 4319471.943, 127
Trd, 4319473.443, 140
Trd, 4319475.293, 140
Trd, 4319475.843, 140
Trd, 4319476.043, 136
Trd, 4319476.793, 139
Trd, 4319477.093, 118
Trd, 4319477.493, 75
Trd, 4319478.243, 135
Trd, 4319478.393, 66
Trd, 4319479.743, 60
Trd, 4319479.943, 61
Trd, 4319480.793, 139
Trd, 4319481.443, 86
Trd, 4319482.543, 113
Trd, 4319483.043, 96
Trd, 4319483.643, 122
Trd, 4319484.093, 129
Trd, 4319484.393, 94
Trd, 4319485.643, 119
Trd, 4319485.743, 115
Trd, 4319485.843, 121
Trd, 4319486.643, 117
Trd, 4319487.943, 60
Trd, 4319488.693, 61
Trd, 4319489.243, 84
Trd, 4319490.043, 64
Trd, 4319490.443, 60
Trd, 4319491.093, 106
Trd, 4319491.343, 85
Trd, 4319492.743, 66
Trd, 4319493.843, 60
Trd, 4319494.243, 68
Trd, 4319494.443, 140
Trd, 4319495.543, 100
Trd, 4319495.743, 136
Trd, 4319495.793, 137
Trd, 4319495.993, 135
Trd, 4319496.243, 88
Trd, 4319498.393, 140
Trd, 4319498.743, 140
Trd, 4319499.443, 117
Trd, 4319500.743, 140
Trd, 4319500.843, 140
Trd, 4319501.543, 100
Trd, 4319502.193, 127
Trd, 4319503.093, 81
Trd, 4319503.393, 113
Trd, 4319503.593, 112
Trd, 4319504.193, 121
Trd, 4319504.893, 81
Trd, 4319505.993, 62
Trd, 4319506.443, 64
Trd, 4319506.693, 138
Trd, 4319508.843, 140
Trd, 4319509.393, 140
Trd, 4319509.893, 130
Trd, 4319509.993, 123
Trd, 4319510.093, 102
Trd, 4319510.843, 140
Trd, 4319511.193, 128
Trd, 4319511.693, 118
Trd, 4319512.343, 86
Trd, 4319512.443, 80
Trd, 4319513.693, 140
Trd, 4319514.193, 139
Trd, 4319515.893, 136
Trd, 4319516.143, 75
Trd, 4319517.443, 139
Trd, 4319517.493, 136
Trd, 4319517.543, 126
Trd, 4319520.043, 130
Trd, 4319520.443, 126
Trd, 4319521.343, 132
Trd, 4319521.593, 140
Trd, 4319521.693, 99
Trd, 4319521.893, 97
Trd, 4319521.993, 92
Trd, 4319522.293, 64
Trd, 4319522.543, 122
Trd, 4319523.693, 63
Trd, 4319525.743, 140
Trd, 4319526.493, 140
Trd, 4319526.543, 140
Trd, 4319527.593, 125
Trd, 4319527.693, 106
Trd, 4319528.293, 104
Trd, 4319529.143, 107
Trd, 4319530.143, 99
Trd, 4319530.543, 126
Trd, 4319530.593, 110
Trd, 4319531.593, 133
Trd, 4319532.093, 136
Trd, 4319534.343, 137
Trd, 4319535.193, 132
Trd, 4319535.393, 105
Trd, 4319536.093, 140
Trd, 4319536.443, 102
Trd, 4319536.543, 94
Trd, 4319536.643, 65
Trd, 4319537.443, 60
Trd, 4319538.793, 137
Trd, 4319539.543, 137
Trd, 4319539.793, 140
Trd, 4319541.193, 140
Trd, 4319542.143, 140
Trd, 4319543.693, 129
Trd, 4319543.743, 121
Trd, 4319544.293, 111
Trd, 4319544.893, 114
Trd, 4319545.693, 140
Trd, 4319545.943, 118
Trd, 4319547.193, 126
Trd, 4319548.343, 125
Trd, 4319548.493, 110
Trd, 4319548.943, 136
Trd, 4319549.393, 106
Trd, 4319549.743, 75
Trd, 4319551.143, 140
Trd, 4319553.043, 140
Trd, 4319553.143, 140
Trd, 4319554.093, 134
Trd, 4319554.343, 114
Trd, 4319554.943, 140
Trd, 4319555.043, 140
Trd, 4319555.143, 131
Trd, 4319557.843, 140
Trd, 4319558.593, 135
Trd, 4319559.243, 130
Trd, 4319560.343, 119
Trd, 4319561.443, 126
Trd, 4319561.493, 87
Trd, 4319562.043, 140
Trd, 4319563.193, 132
Trd, 4319563.543, 93
Trd, 4319563.893, 140
Trd, 4319564.743, 140
Trd, 4319565.943, 80
Trd, 4319566.593, 139
Trd, 4319566.693, 125
Trd, 4319567.293, 77
Trd, 4319569.393, 132
Trd, 4319569.793, 114
Trd, 4319569.943, 100
Trd, 4319570.893, 129
Trd, 4319571.543, 127
Trd, 4319571.793, 116
Trd, 4319573.093, 140
Trd, 4319574.093, 136
Trd, 4319574.143, 136
Trd, 4319574.793, 136
Trd, 4319574.893, 121
Trd, 4319575.843, 139
Trd, 4319577.143, 130
Trd, 4319578.293, 122
Trd, 4319578.643, 138
Trd, 4319580.043, 132
Trd, 4319580.143, 102
Trd, 4319580.893, 140
Trd, 4319580.943, 138
Trd, 4319582.443, 100
Trd, 4319582.943, 99
Trd, 4319583.543, 115
Trd, 4319583.993, 107
Trd, 4319584.493, 107
Trd, 4319585.093, 82
Trd, 4319586.143, 83
Trd, 4319587.143, 139
Trd, 4319587.443, 110
Trd, 4319589.143, 96
Trd, 4319589.343, 105
Trd, 4319589.393, 80
Trd, 4319590.393, 68
Trd, 4319591.143, 63
Trd, 4319592.693, 70
Trd, 4319593.143, 71
Trd, 4319593.643, 66
Trd, 4319594.593, 68
Trd, 4319596.493, 140
Trd, 4319597.393, 137
Trd, 4319597.443, 134
Trd, 4319597.643, 109
Trd, 4319597.693, 100
Trd, 4319599.043, 72
Trd, 4319599.593, 80
Trd, 4319600.293, 140
Trd, 4319600.993, 128
Trd, 4319602.943, 140
Trd, 4319604.093, 137
Trd, 4319604.393, 123
Trd, 4319604.593, 140
Trd, 4319606.143, 140
Trd, 4319606.443, 140
Trd, 4319606.593, 133
Trd, 4319606.993, 85
Trd, 4319608.443, 136
Trd, 4319609.443, 130
Trd, 4319610.343, 130
Trd, 4319611.143, 114
Trd, 4319611.193, 94
Trd, 4319611.493, 138
Trd, 4319612.693, 121
Trd, 4319613.493, 107
Trd, 4319615.043, 120
Trd, 4319615.643, 135
Trd, 4319615.993, 106
Trd, 4319616.143, 138
Trd, 4319616.493, 134
Trd, 4319617.843, 135
Trd, 4319619.143, 61
Trd, 4319619.193, 76
Trd, 4319620.343, 137
Trd, 4319620.793, 137
Trd, 4319621.143, 140
Trd, 4319622.293, 129
Trd, 4319624.243, 140
Trd, 4319624.543, 135
Trd, 4319626.343, 140
Trd, 4319627.693, 104
Trd, 4319628.543, 140
Trd, 4319628.843, 136
Trd, 4319628.893, 135
Trd, 4319629.543, 129
Trd, 4319631.393, 136
Trd, 4319632.793, 140
Trd, 4319633.043, 136
Trd, 4319633.143, 139
Trd, 4319633.293, 100
Trd, 4319634.993, 124
Trd, 4319635.693, 121
Trd, 4319638.293, 140
Trd, 4319638.543, 137
Trd, 4319638.593, 137
Trd, 4319638.993, 140
Trd, 4319639.393, 129
Trd, 4319640.693, 139
Trd, 4319642.193, 132
Trd, 4319643.593, 139
Trd, 4319643.793, 138
Trd, 4319643.943, 125
Trd, 4319644.043, 91
Trd, 4319644.493, 89
Trd, 4319645.093, 137
Trd, 4319646.343, 140
Trd, 4319647.293, 140
Trd, 4319647.393, 140
Trd, 4319648.643, 139
Trd, 4319648.943, 135
Trd, 4319649.293, 125
Trd, 4319650.093, 113
Trd, 4319651.043, 134
Trd, 4319652.293, 127
Trd, 4319652.393, 111
Trd, 4319652.843, 107
Trd, 4319652.893, 99
Trd, 4319653.143, 109
Trd, 4319654.193, 79
Trd, 4319654.293, 81
Trd, 4319656.743, 140
Trd, 4319657.743, 139
Trd, 4319658.243, 134
Trd, 4319658.493, 130
Trd, 4319658.843, 98
Trd, 4319659.443, 139
Trd, 4319659.593, 93
Trd, 4319660.393, 126
Trd, 4319662.243, 61
Trd, 4319662.293, 61
Trd, 4319662.593, 111
Trd, 4319662.993, 132
Trd, 4319663.843, 71
Trd, 4319664.343, 138
Trd, 4319666.543, 133
Trd, 4319667.443, 140
Trd, 4319667.793, 134
Trd, 4319667.893, 134
Trd, 4319667.943, 133
Trd, 4319668.843, 117
Trd, 4319670.043, 140
Trd, 4319670.693, 140
Trd, 4319672.443, 138
Trd, 4319672.743, 137
Trd, 4319673.693, 140
Trd, 4319673.793, 109
Trd, 4319675.693, 135
Trd, 4319675.893, 96
Trd, 4319676.543, 95
Trd, 4319676.643, 66
Trd, 4319678.393, 139
Trd, 4319678.893, 140
Trd, 4319679.243, 139
Trd, 4319679.393, 120
Trd, 4319679.793, 123
Trd, 4319680.893, 60
Trd, 4319680.943, 68
Trd, 4319680.993, 126
Trd, 4319681.943, 112
Trd, 4319682.643, 84
Trd, 4319683.693, 67
Trd, 4319683.793, 76
Trd, 4319683.843, 77
Trd, 4319684.943, 68
Trd, 4319684.993, 66
Trd, 4319685.893, 139
Trd, 4319686.643, 112
Trd, 4319687.243, 109
Trd, 4319687.593, 137
Trd, 4319689.093, 134
Trd, 4319689.293, 117
Trd, 4319690.193, 136
Trd, 4319690.743, 112
Trd, 4319692.943, 140
Trd, 4319693.043, 130
Trd, 4319693.443, 113
Trd, 4319694.143, 140
Trd, 4319695.393, 140
Trd, 4319695.493, 135
Trd, 4319696.293, 119
Trd, 4319697.043, 130
Trd, 4319697.893, 140
Trd, 4319698.843, 63
Trd, 4319699.093, 133
Trd, 4319699.843, 111
Trd, 4319700.743, 120
Trd, 4319700.843, 131
Trd, 4319701.393, 73
Trd, 4319702.993, 104
Trd, 4319703.193, 112
Trd, 4319703.343, 84
Trd, 4319703.393, 113
Trd, 4319705.193, 140
Trd, 4319705.443, 139
Trd, 4319705.493, 138
Trd, 4319708.693, 140
Trd, 4319709.243, 140
Trd, 4319709.493, 139
Trd, 4319709.543, 135
Trd, 4319710.393, 120
Trd, 4319711.393, 133
Trd, 4319711.543, 132
Trd, 4319713.443, 140
Trd, 4319713.493, 140
Trd, 4319713.543, 124
Trd, 4319714.243, 103
Trd, 4319716.093, 133
Trd, 4319717.543, 140
Trd, 4319718.293, 140
Trd, 4319718.493, 137
Trd, 4319718.843, 131
Trd, 4319718.893, 116
Trd, 4319720.593, 140
Trd, 4319720.843, 139
Trd, 4319722.243, 110
Trd, 4319723.393, 132
Trd, 4319724.243, 140
Trd, 4319725.393, 130
Trd, 4319725.993, 127
Trd, 4319727.393, 137
Trd, 4319727.793, 137
Trd, 4319727.993, 135
Trd, 4319728.893, 139
Trd, 4319729.043, 115
Trd, 4319729.643, 96
Trd, 4319730.243, 128
Trd, 4319731.243, 140
Trd, 4319732.393, 116
Trd, 4319733.543, 130
Trd, 4319734.143, 110
Trd, 4319734.443, 96
Trd, 4319735.343, 113
Trd, 4319736.093, 139
Trd, 4319739.043, 140
Trd, 4319739.143, 140
Trd, 4319739.793, 134
Trd, 4319741.593, 140
Trd, 4319741.893, 125
Trd, 4319742.293, 122
Trd, 4319742.643, 140
Trd, 4319743.743, 137
Trd, 4319744.693, 140
Trd, 4319744.943, 124
Trd, 4319745.893, 76
Trd, 4319746.093, 69
Trd, 4319747.543, 140
Trd, 4319748.443, 140
Trd, 4319748.493, 117
Trd, 4319749.293, 140
Trd, 4319751.443, 140
Trd, 4319751.793, 140
Trd, 4319752.943, 138
Trd, 4319754.893, 140
Trd, 4319755.143, 139
Trd, 4319755.193, 139
Trd, 4319755.293, 129
Trd, 4319755.643, 125
Trd, 4319756.193, 108
Trd, 4319756.793, 115
Trd, 4319758.293, 138
Trd, 4319758.493, 132
Trd, 4319759.693, 140
Trd, 4319759.893, 110
Trd, 4319760.043, 107
Trd, 4319760.593, 113
Trd, 4319760.843, 99
Trd, 4319760.893, 91
Trd, 4319761.793, 138
Trd, 4319762.893, 98
Trd, 4319763.543, 139
Trd, 4319765.343, 140
Trd, 4319765.393, 138
Trd, 4319765.943, 137
Trd, 4319766.593, 132
Trd, 4319767.043, 140
Trd, 4319767.193, 140
Trd, 4319767.743, 115
Trd, 4319768.393, 136
Trd, 4319769.043, 127
Trd, 4319769.793, 100
Trd, 4319770.493, 123
Trd, 4319771.393, 135
Trd, 4319771.993, 102
Trd, 4319773.293, 111
Trd, 4319773.543, 112
Trd, 4319773.843, 73
Trd, 4319774.793, 64
Trd, 4319775.293, 64
Trd, 4319775.643, 139
Trd, 4319777.743, 60
Trd, 4319778.043, 139
Trd, 4319779.643, 139
Trd, 4319781.243, 133
Trd, 4319781.443, 136
Trd, 4319781.643, 127
Trd, 4319782.743, 129
Trd, 4319783.243, 89
Trd, 4319784.093, 91
Trd, 4319784.393, 62
Trd, 4319785.393, 68
Trd, 4319786.493, 137
Trd, 4319786.993, 135
Trd, 4319788.043, 140
Trd, 4319789.293, 139
Trd, 4319790.293, 139
Trd, 4319790.443, 137
Trd, 4319790.893, 121
Trd, 4319790.943, 119
Trd, 4319791.843, 133
Trd, 4319792.843, 134
Trd, 4319794.143, 140
Trd, 4319794.343, 116
Trd, 4319794.693, 99
Trd, 4319795.493, 130
Trd, 4319795.743, 137
Trd, 4319797.693, 140
Trd, 4319799.093, 129
Trd, 4319799.293, 105
Trd, 4319799.593, 105
Trd, 4319800.643, 139
Trd, 4319800.693, 96
Trd, 4319801.693, 128
Trd, 4319802.743, 133
Trd, 4319803.843, 136
Trd, 4319803.943, 112
Trd, 4319804.043, 81
Trd, 4319804.543, 109
Trd, 4319806.093, 137
Trd, 4319806.343, 138
Trd, 4319807.043, 98
Trd, 4319807.943, 97
Trd, 4319808.743, 78
Trd, 4319809.043, 77
Trd, 4319809.493, 136
Trd, 4319810.093, 140
Trd, 4319810.943, 132
Trd, 4319811.343, 136
Trd, 4319812.343, 76
Trd, 4319812.993, 74
Trd, 4319813.043, 73
Trd, 4319813.093, 128
Trd, 4319816.293, 140
Trd, 4319817.193, 140
Trd, 4319818.293, 134
Trd, 4319818.893, 133
Trd, 4319820.293, 140
Trd, 4319820.593, 137
Trd, 4319821.843, 130
Trd, 4319821.993, 129
Trd, 4319822.443, 126
Trd, 4319822.593, 125
Trd, 4319823.193, 125
Trd, 4319823.393, 97
Trd, 4319824.593, 140
Trd, 4319824.943, 139
Trd, 4319826.393, 140
Trd, 4319828.043, 140
Trd, 4319828.293, 134
Trd, 4319829.093, 132
Trd, 4319829.243, 130
Trd, 4319830.193, 97
Trd, 4319830.893, 127
Trd, 4319832.493, 140
Trd, 4319832.543, 139
Trd, 4319833.743, 139
Trd, 4319834.193, 140
Trd, 4319834.343, 110
Trd, 4319835.193, 65
Trd, 4319835.293, 104
Trd, 4319835.493, 137
Trd, 4319836.943, 112
Trd, 4319837.143, 132
Trd, 4319837.693, 99
Trd, 4319837.743, 94
Trd, 4319839.643, 140
Trd, 4319839.843, 140
Trd, 4319840.193, 140
Trd, 4319841.143, 132
Trd, 4319842.343, 139
Trd, 4319842.443, 136
Trd, 4319842.893, 88
Trd, 4319843.943, 140
Trd, 4319844.543, 140
Trd, 4319845.893, 140
Trd, 4319846.243, 140
Trd, 4319846.993, 124
Trd, 4319847.243, 101
Trd, 4319848.093, 105
Trd, 4319848.743, 140
Trd, 4319849.993, 140
Trd, 4319850.343, 140
Trd, 4319851.043, 140
Trd, 4319852.543, 140
Trd, 4319852.843, 106
Trd, 4319853.093, 140
Trd, 4319853.343, 99
Trd, 4319854.693, 140
Trd, 4319855.493, 140
Trd, 4319856.793, 127
Trd, 4319858.143, 136
Trd, 4319858.293, 116
Trd, 4319858.943, 91
Trd, 4319859.143, 89
Trd, 4319859.743, 112
Trd, 4319861.293, 115
Trd, 4319862.843, 140
Trd, 4319863.993, 140
Trd, 4319864.993, 138
Trd, 4319865.043, 88
Trd, 4319865.593, 138
Trd, 4319865.643, 125
Trd, 4319866.043, 100
Trd, 4319866.943, 115
Trd, 4319867.143, 114
Trd, 4319867.743, 82
Trd, 4319869.493, 140
Trd, 4319870.693, 137
Trd, 4319870.993, 131
Trd, 4319871.643, 119
Trd, 4319872.493, 96
Trd, 4319873.143, 87
Trd, 4319874.193, 140
Trd, 4319874.993, 140
Trd, 4319875.593, 121
Trd, 4319876.093, 140
Trd, 4319876.543, 138
Trd, 4319877.243, 138
Trd, 4319878.393, 63
Trd, 4319879.243, 90
Trd, 4319880.043, 133
Trd, 4319881.193, 81
Trd, 4319881.643, 117
Trd, 4319882.143, 60
Trd, 4319882.693, 74
Trd, 4319883.943, 60
Trd, 4319884.093, 62
Trd, 4319884.343, 63
Trd, 4319884.793, 128
Trd, 4319885.343, 116
Trd, 4319886.143, 139
Trd, 4319886.493, 96
Trd, 4319888.093, 130
Trd, 4319888.143, 129
Trd, 4319889.193, 63
Trd, 4319889.293, 68
Trd, 4319889.393, 110
Trd, 4319889.793, 62
Trd, 4319891.543, 140
Trd, 4319891.843, 98
Trd, 4319893.293, 60
Trd, 4319893.993, 140
Trd, 4319894.543, 139
Trd, 4319896.143, 139
Trd, 4319896.643, 139
Trd, 4319897.193, 139
Trd, 4319897.243, 118
Trd, 4319898.343, 135
Trd, 4319898.643, 140
Trd, 4319899.243, 92
Trd, 4319900.443, 140
Trd, 4319900.543, 139
Trd, 4319901.743, 83
Trd, 4319902.393, 128
Trd, 4319902.893, 63
Trd, 4319903.093, 74
Trd, 4319903.243, 117
Trd, 4319904.443, 60
Trd, 4319904.893, 71
Trd, 4319905.743, 102
Trd, 4319906.693, 140
Trd, 4319907.243, 140
Trd, 4319907.343, 140
Trd, 4319907.893, 121
Trd, 4319908.443, 121
Trd, 4319909.843, 140
Trd, 4319910.493, 140
Trd, 4319910.543, 138
Trd, 4319910.993, 103
Trd, 4319911.643, 140
Trd, 4319912.843, 140
Trd, 4319913.243, 131
Trd, 4319914.043, 119
Trd, 4319915.643, 140
Trd, 4319915.743, 139
Trd, 4319916.643, 105
Trd, 4319916.743, 122
Trd, 4319916.993, 80
Trd, 4319917.443, 140
Trd, 4319920.693, 128
Trd, 4319922.543, 140
Trd, 4319922.593, 131
Trd, 4319922.643, 125
Trd, 4319923.043, 115
Trd, 4319923.493, 140
Trd, 4319924.193, 136
Trd, 4319924.393, 101
Trd, 4319925.093, 100
Trd, 4319925.643, 96
Trd, 4319927.293, 139
Trd, 4319928.243, 114
Trd, 4319928.693, 136
Trd, 4319929.143, 140
Trd, 4319929.493, 133
Trd, 4319930.943, 133
Trd, 4319931.143, 132
Trd, 4319931.643, 104
Trd, 4319931.943, 104
Trd, 4319932.993, 138
Trd, 4319933.243, 140
Trd, 4319933.893, 138
Trd, 4319934.443, 87
Trd, 4319936.393, 140
Trd, 4319936.443, 125
Trd, 4319938.693, 128
Trd, 4319939.193, 127
Trd, 4319939.393, 89
Trd, 4319939.443, 83
Trd, 4319940.243, 140
Trd, 4319940.743, 139
Trd, 4319941.693, 138
Trd, 4319942.293, 139
Trd, 4319942.393, 128
Trd, 4319943.243, 88
Trd, 4319944.393, 135
Trd, 4319944.743, 123
Trd, 4319945.443, 62
Trd, 4319945.893, 139
Trd, 4319947.643, 125
Trd, 4319948.043, 114
Trd, 4319948.143, 91
Trd, 4319948.893, 140
Trd, 4319949.343, 138
Trd, 4319949.593, 119
Trd, 4319951.793, 70
Trd, 4319952.593, 61
Trd, 4319952.893, 62
Trd, 4319953.593, 113
Trd, 4319954.043, 112
Trd, 4319954.543, 101
Trd, 4319954.593, 99
Trd, 4319955.393, 140
Trd, 4319956.143, 65
Trd, 4319957.393, 65
Trd, 4319957.643, 72
Trd, 4319958.343, 81
Trd, 4319958.493, 62
Trd, 4319959.143, 78
Trd, 4319959.243, 126
Trd, 4319959.843, 103
Trd, 4319960.743, 60
Trd, 4319961.293, 140
Trd, 4319961.743, 131
Trd, 4319962.393, 122
Trd, 4319963.243, 138
Trd, 4319963.943, 64
Trd, 4319964.543, 134
Trd, 4319965.593, 112
Trd, 4319966.393, 139
Trd, 4319966.543, 121
Trd, 4319967.343, 83
Trd, 4319968.093, 122
Trd, 4319968.193, 92
Trd, 4319968.293, 86
Trd, 4319970.293, 135
Trd, 4319971.493, 140
Trd, 4319971.693, 138
Trd, 4319972.543, 139
Trd, 4319973.593, 135
Trd, 4319973.943, 134
Trd, 4319975.043, 139
Trd, 4319975.593, 140
Trd, 4319977.043, 139
Trd, 4319978.043, 139
Trd, 4319978.793, 140
Trd, 4319979.243, 137
Trd, 4319979.293, 130
Trd, 4319979.543, 125
Trd, 4319980.043, 137
Trd, 4319980.793, 140
Trd, 4319980.943, 140
Trd, 4319981.743, 132
Trd, 4319981.893, 114
Trd, 4319983.243, 140
Trd, 4319983.543, 109
Trd, 4319985.243, 110
Trd, 4319985.643, 140
Trd, 4319987.943, 133
Trd, 4319988.893, 140
Trd, 4319989.893, 140
Trd, 4319990.643, 139
Trd, 4319991.893, 139
Trd, 4319992.443, 138
Trd, 4319992.593, 136
Trd, 4319993.943, 140
Trd, 4319994.343, 140
Trd, 4319995.493, 135
Trd, 4319996.393, 140
Trd, 4319996.493, 128
Trd, 4319996.743, 98
Trd, 4319999.643, 140
Trd, 4319999.843, 139
Trd, 4319999.943, 133
