Trd, 4318118.193, 122
Trd, 4318118.493, 126
Trd, 4318118.943, 119
Trd, 4318119.343, 134
Trd, 4318119.943, 133
Trd, 4318121.143, 130
Trd, 4318123.743, 140
Trd, 4318124.043, 140
Trd, 4318124.593, 137
Trd, 4318124.693, 136
Trd, 4318125.793, 139
Trd, 4318127.093, 129
Trd, 4318127.193, 125
Trd, 4318127.393, 130
Trd, 4318127.493, 108
Trd, 4318128.743, 117
Trd, 4318129.593, 139
Trd, 4318129.743, 138
Trd, 4318131.043, 139
Trd, 4318132.443, 89
Trd, 4318133.143, 132
Trd, 4318134.243, 126
Trd, 4318134.493, 115
Trd, 4318135.043, 132
Trd, 4318136.493, 125
Trd, 4318136.993, 126
Trd, 4318137.143, 139
Trd, 4318137.993, 107
Trd, 4318138.743, 108
Trd, 4318139.493, 128
Trd, 4318139.993, 96
Trd, 4318140.943, 93
Trd, 4318141.243, 117
Trd, 4318141.693, 128
Trd, 4318142.043, 109
Trd, 4318142.193, 77
Trd, 4318142.643, 124
Trd, 4318144.193, 140
Trd, 4318144.643, 103
Trd, 4318144.843, 68
Trd, 4318146.093, 96
Trd, 4318147.193, 139
Trd, 4318148.343, 135
Trd, 4318148.393, 130
Trd, 4318148.743, 115
Trd, 4318149.043, 86
Trd, 4318151.143, 132
Trd, 4318151.443, 131
Trd, 4318152.493, 117
Trd, 4318153.593, 96
Trd, 4318153.693, 92
Trd, 4318154.143, 121
Trd, 4318154.693, 138
Trd, 4318154.993, 85
Trd, 4318155.243, 138
Trd, 4318156.893, 136
Trd, 4318156.993, 95
Trd, 4318157.143, 83
Trd, 4318158.343, 116
Trd, 4318159.043, 90
Trd, 4318162.293, 131
Trd, 4318163.293, 139
Trd, 4318163.393, 112
Trd, 4318163.443, 111
Trd, 4318163.593, 106
Trd, 4318164.293, 74
Trd, 4318165.043, 140
Trd, 4318166.693, 121
Trd, 4318166.893, 110
Trd, 4318167.243, 64
Trd, 4318167.643, 105
Trd, 4318169.593, 139
Trd, 4318169.643, 133
Trd, 4318170.693, 139
Trd, 4318172.393, 97
Trd, 4318172.493, 110
Trd, 4318172.743, 133
Trd, 4318172.893, 116
Trd, 4318173.993, 140
Trd, 4318175.743, 110
Trd, 4318176.243, 109
Trd, 4318177.743, 128
Trd, 4318177.943, 114
Trd, 4318178.143, 107
Trd, 4318179.243, 108
Trd, 4318179.293, 80
Trd, 4318180.743, 91
Trd, 4318181.743, 124
Trd, 4318182.643, 140
Trd, 4318183.243, 124
Trd, 4318183.393, 119
Trd, 4318183.993, 117
Trd, 4318184.143, 140
Trd, 4318185.043, 129
Trd, 4318185.693, 116
Trd, 4318186.043, 87
Trd, 4318187.043, 119
Trd, 4318187.793, 140
Trd, 4318188.343, 137
Trd, 4318189.293, 129
Trd, 4318189.443, 96
Trd, 4318189.543, 103
Trd, 4318189.943, 111
Trd, 4318191.643, 94
Trd, 4318192.193, 97
Trd, 4318192.593, 99
Trd, 4318192.743, 90
Trd, 4318193.743, 137
Trd, 4318195.043, 112
Trd, 4318195.693, 133
Trd, 4318196.843, 136
Trd, 4318197.943, 139
Trd, 4318198.843, 138
Trd, 4318200.143, 125
Trd, 4318201.293, 96
Trd, 4318201.493, 97
Trd, 4318201.543, 101
Trd, 4318201.743, 76
Trd, 4318203.693, 121
Trd, 4318203.843, 116
Trd, 4318204.543, 84
Trd, 4318206.643, 85
Trd, 4318206.843, 82
Trd, 4318207.093, 78
Trd, 4318207.193, 122
Trd, 4318207.793, 103
Trd, 4318207.943, 124
Trd, 4318208.543, 93
Trd, 4318210.243, 97
Trd, 4318211.143, 139
Trd, 4318211.993, 133
Trd, 4318212.943, 140
Trd, 4318213.493, 135
Trd, 4318213.543, 127
Trd, 4318214.243, 140
Trd, 4318214.593, 135
Trd, 4318214.943, 106
Trd, 4318214.993, 105
Trd, 4318216.443, 139
Trd, 4318218.693, 139
Trd, 4318218.743, 117
Trd, 4318219.493, 123
Trd, 4318220.743, 78
Trd, 4318220.843, 120
Trd, 4318221.093, 130
Trd, 4318221.743, 74
Trd, 4318221.843, 65
Trd, 4318222.393, 87
Trd, 4318223.143, 138
Trd, 4318223.493, 87
Trd, 4318224.743, 67
Trd, 4318225.093, 72
Trd, 4318226.743, 137
Trd, 4318227.643, 108
Trd, 4318227.943, 107
Trd, 4318228.193, 98
Trd, 4318228.593, 97
Trd, 4318229.293, 140
Trd, 4318229.793, 138
Trd, 4318230.493, 130
Trd, 4318230.693, 97
Trd, 4318233.143, 118
Trd, 4318233.693, 140
Trd, 4318233.743, 99
Trd, 4318234.993, 121
Trd, 4318235.293, 106
Trd, 4318236.543, 135
Trd, 4318237.893, 129
Trd, 4318238.393, 121
Trd, 4318239.843, 137
Trd, 4318239.993, 129
Trd, 4318240.193, 123
Trd, 4318241.243, 124
Trd, 4318241.643, 139
Trd, 4318242.343, 122
Trd, 4318243.193, 112
Trd, 4318243.543, 106
Trd, 4318244.043, 127
Trd, 4318245.193, 95
Trd, 4318245.343, 90
Trd, 4318245.893, 84
Trd, 4318246.243, 92
Trd, 4318246.943, 99
Trd, 4318247.693, 126
Trd, 4318248.393, 88
Trd, 4318248.643, 96
Trd, 4318250.393, 68
Trd, 4318251.243, 134
Trd, 4318251.743, 82
Trd, 4318252.193, 134
Trd, 4318252.893, 104
Trd, 4318253.093, 97
Trd, 4318253.893, 89
Trd, 4318254.093, 84
Trd, 4318255.893, 66
Trd, 4318256.393, 79
Trd, 4318256.693, 67
Trd, 4318256.843, 140
Trd, 4318257.243, 139
Trd, 4318258.493, 91
Trd, 4318259.143, 86
Trd, 4318260.343, 140
Trd, 4318260.693, 126
Trd, 4318261.093, 124
Trd, 4318262.293, 98
Trd, 4318262.693, 61
Trd, 4318263.193, 137
Trd, 4318263.343, 109
Trd, 4318264.043, 62
Trd, 4318264.343, 102
Trd, 4318265.743, 96
Trd, 4318266.293, 100
Trd, 4318266.643, 134
Trd, 4318267.393, 134
Trd, 4318267.793, 126
Trd, 4318268.293, 123
Trd, 4318269.193, 140
Trd, 4318270.543, 117
Trd, 4318271.293, 109
Trd, 4318272.243, 125
Trd, 4318272.893, 118
Trd, 4318273.643, 127
Trd, 4318274.593, 133
Trd, 4318274.693, 96
Trd, 4318275.693, 140
Trd, 4318277.143, 128
Trd, 4318277.293, 107
Trd, 4318278.143, 137
Trd, 4318278.643, 116
Trd, 4318279.043, 126
Trd, 4318279.193, 98
Trd, 4318279.793, 66
Trd, 4318280.493, 134
Trd, 4318280.643, 126
Trd, 4318281.143, 135
Trd, 4318283.393, 121
Trd, 4318284.793, 138
Trd, 4318285.543, 136
Trd, 4318286.043, 140
Trd, 4318286.093, 108
Trd, 4318286.743, 103
Trd, 4318286.893, 102
Trd, 4318288.693, 111
Trd, 4318289.443, 136
Trd, 4318290.193, 138
Trd, 4318290.243, 117
Trd, 4318290.543, 101
Trd, 4318290.993, 106
Trd, 4318292.443, 131
Trd, 4318293.993, 92
Trd, 4318294.493, 109
Trd, 4318295.843, 86
Trd, 4318296.293, 111
Trd, 4318297.643, 99
Trd, 4318297.893, 95
Trd, 4318297.943, 83
Trd, 4318299.743, 140
Trd, 4318299.793, 137
Trd, 4318300.443, 113
Trd, 4318300.543, 102
Trd, 4318301.443, 103
Trd, 4318302.193, 136
Trd, 4318303.143, 95
Trd, 4318303.793, 89
Trd, 4318304.143, 136
Trd, 4318304.593, 114
Trd, 4318304.843, 64
Trd, 4318306.193, 138
Trd, 4318306.643, 131
Trd, 4318308.143, 131
Trd, 4318308.893, 128
Trd, 4318309.543, 137
Trd, 4318310.093, 128
Trd, 4318311.043, 119
Trd, 4318312.243, 127
Trd, 4318312.343, 127
Trd, 4318312.493, 116
Trd, 4318313.643, 133
Trd, 4318314.343, 140
Trd, 4318314.643, 119
Trd, 4318315.593, 104
Trd, 4318315.793, 103
Trd, 4318316.743, 102
Trd, 4318317.143, 109
Trd, 4318317.593, 120
Trd, 4318318.693, 103
Trd, 4318320.543, 128
Trd, 4318321.043, 95
Trd, 4318322.143, 95
Trd, 4318322.793, 139
Trd, 4318323.043, 134
Trd, 4318323.143, 131
Trd, 4318324.293, 140
Trd, 4318324.643, 136
Trd, 4318324.843, 130
Trd, 4318326.393, 109
Trd, 4318327.243, 110
Trd, 4318327.343, 99
Trd, 4318327.993, 140
Trd, 4318328.143, 132
Trd, 4318329.443, 126
Trd, 4318329.593, 80
Trd, 4318330.393, 106
Trd, 4318331.093, 65
Trd, 4318333.193, 86
Trd, 4318333.993, 108
Trd, 4318334.793, 115
Trd, 4318335.593, 138
Trd, 4318335.993, 109
Trd, 4318336.143, 113
Trd, 4318337.043, 140
Trd, 4318337.143, 109
Trd, 4318337.443, 137
Trd, 4318339.593, 106
Trd, 4318339.843, 114
Trd, 4318340.693, 103
Trd, 4318340.993, 128
Trd, 4318341.143, 101
Trd, 4318341.543, 139
Trd, 4318342.193, 73
Trd, 4318342.843, 130
Trd, 4318344.193, 122
Trd, 4318345.493, 140
Trd, 4318345.643, 114
Trd, 4318346.293, 140
Trd, 4318348.143, 120
Trd, 4318348.993, 113
Trd, 4318349.543, 107
Trd, 4318350.093, 80
Trd, 4318350.393, 127
Trd, 4318351.043, 133
Trd, 4318352.693, 140
Trd, 4318352.843, 137
Trd, 4318353.793, 124
Trd, 4318354.043, 114
Trd, 4318355.043, 138
Trd, 4318356.393, 135
Trd, 4318356.543, 128
Trd, 4318357.393, 124
Trd, 4318357.493, 140
Trd, 4318357.843, 101
Trd, 4318359.193, 108
Trd, 4318359.543, 82
Trd, 4318360.943, 139
Trd, 4318361.393, 137
Trd, 4318362.593, 92
Trd, 4318363.143, 94
Trd, 4318364.793, 113
Trd, 4318364.943, 83
Trd, 4318365.193, 74
Trd, 4318365.793, 83
Trd, 4318366.643, 107
Trd, 4318366.943, 91
Trd, 4318367.143, 86
Trd, 4318367.843, 116
Trd, 4318369.143, 116
Trd, 4318369.593, 117
Trd, 4318370.843, 131
Trd, 4318371.143, 131
Trd, 4318373.643, 139
Trd, 4318374.293, 140
Trd, 4318374.543, 133
Trd, 4318374.993, 136
Trd, 4318375.393, 132
Trd, 4318376.643, 139
Trd, 4318377.393, 128
Trd, 4318377.593, 121
Trd, 4318378.643, 118
Trd, 4318379.343, 124
Trd, 4318379.443, 118
Trd, 4318380.243, 66
Trd, 4318381.143, 104
Trd, 4318381.293, 120
Trd, 4318383.043, 129
Trd, 4318384.393, 108
Trd, 4318385.493, 75
Trd, 4318386.443, 140
Trd, 4318387.543, 124
Trd, 4318387.743, 100
Trd, 4318387.843, 119
Trd, 4318388.393, 78
Trd, 4318388.743, 67
Trd, 4318388.843, 83
Trd, 4318389.243, 121
Trd, 4318389.493, 76
Trd, 4318391.943, 99
Trd, 4318392.193, 98
Trd, 4318392.293, 116
Trd, 4318393.043, 70
Trd, 4318393.093, 70
Trd, 4318393.393, 64
Trd, 4318393.443, 86
Trd, 4318395.793, 138
Trd, 4318396.243, 137
Trd, 4318396.743, 129
Trd, 4318397.193, 113
Trd, 4318398.693, 140
Trd, 4318400.393, 103
Trd, 4318401.143, 135
Trd, 4318401.243, 112
Trd, 4318402.043, 94
Trd, 4318402.693, 106
Trd, 4318403.343, 115
Trd, 4318403.793, 120
Trd, 4318404.843, 117
Trd, 4318405.043, 110
Trd, 4318406.643, 89
Trd, 4318407.743, 107
Trd, 4318408.143, 135
Trd, 4318409.493, 138
Trd, 4318409.793, 122
Trd, 4318411.443, 125
Trd, 4318411.543, 118
Trd, 4318411.943, 94
Trd, 4318412.593, 107
Trd, 4318413.443, 126
Trd, 4318414.393, 140
Trd, 4318414.843, 140
Trd, 4318416.243, 135
Trd, 4318417.093, 128
Trd, 4318417.193, 112
Trd, 4318418.593, 139
Trd, 4318418.893, 131
Trd, 4318419.543, 99
Trd, 4318419.793, 98
Trd, 4318420.093, 101
Trd, 4318420.993, 67
Trd, 4318422.043, 111
Trd, 4318423.493, 140
Trd, 4318423.843, 132
Trd, 4318424.243, 132
Trd, 4318424.693, 129
Trd, 4318424.993, 129
Trd, 4318425.343, 135
Trd, 4318427.193, 114
Trd, 4318427.593, 139
Trd, 4318428.143, 109
Trd, 4318428.643, 140
Trd, 4318430.493, 127
Trd, 4318431.843, 139
Trd, 4318432.243, 118
Trd, 4318432.393, 101
Trd, 4318432.693, 96
Trd, 4318433.843, 113
Trd, 4318434.493, 82
Trd, 4318435.193, 101
Trd, 4318435.393, 112
Trd, 4318435.493, 79
Trd, 4318436.693, 66
Trd, 4318437.793, 64
Trd, 4318438.943, 125
Trd, 4318439.093, 80
Trd, 4318439.293, 85
Trd, 4318440.743, 99
Trd, 4318440.993, 92
Trd, 4318441.143, 112
Trd, 4318442.843, 72
Trd, 4318444.243, 85
Trd, 4318445.143, 100
Trd, 4318445.593, 64
Trd, 4318446.143, 77
Trd, 4318446.543, 113
Trd, 4318447.793, 102
Trd, 4318447.893, 109
Trd, 4318449.193, 106
Trd, 4318450.293, 140
Trd, 4318451.393, 140
Trd, 4318451.593, 116
Trd, 4318453.143, 134
Trd, 4318453.543, 134
Trd, 4318453.643, 127
Trd, 4318455.493, 122
Trd, 4318455.843, 118
Trd, 4318456.543, 134
Trd, 4318456.943, 138
Trd, 4318458.243, 116
Trd, 4318459.293, 140
Trd, 4318460.243, 100
Trd, 4318460.343, 100
Trd, 4318460.893, 96
Trd, 4318461.293, 120
Trd, 4318461.543, 118
Trd, 4318461.693, 91
Trd, 4318464.243, 140
Trd, 4318464.693, 131
Trd, 4318464.843, 131
Trd, 4318465.993, 132
Trd, 4318466.193, 120
Trd, 4318467.593, 119
Trd, 4318469.743, 140
Trd, 4318469.793, 128
Trd, 4318470.293, 128
Trd, 4318470.493, 127
Trd, 4318470.743, 125
Trd, 4318471.993, 129
Trd, 4318472.443, 129
Trd, 4318472.993, 110
Trd, 4318473.043, 92
Trd, 4318473.293, 86
Trd, 4318473.993, 131
Trd, 4318474.643, 139
Trd, 4318475.093, 78
Trd, 4318475.643, 76
Trd, 4318476.543, 109
Trd, 4318476.843, 122
Trd, 4318477.093, 126
Trd, 4318478.393, 116
Trd, 4318479.643, 140
Trd, 4318480.093, 132
Trd, 4318480.993, 114
Trd, 4318481.193, 110
Trd, 4318482.043, 140
Trd, 4318482.743, 133
Trd, 4318484.443, 132
Trd, 4318484.743, 98
Trd, 4318485.243, 121
Trd, 4318486.143, 135
Trd, 4318486.493, 128
Trd, 4318486.943, 105
Trd, 4318487.243, 123
Trd, 4318487.843, 95
Trd, 4318488.993, 134
Trd, 4318489.693, 114
Trd, 4318491.143, 140
Trd, 4318492.093, 137
Trd, 4318492.393, 137
Trd, 4318493.493, 126
Trd, 4318494.943, 134
Trd, 4318495.093, 131
Trd, 4318495.243, 124
Trd, 4318495.643, 127
Trd, 4318495.993, 113
Trd, 4318496.643, 128
Trd, 4318496.793, 97
Trd, 4318496.943, 121
Trd, 4318499.393, 127
Trd, 4318499.443, 124
Trd, 4318499.793, 128
Trd, 4318500.193, 139
Trd, 4318500.293, 103
Trd, 4318500.643, 136
Trd, 4318501.943, 111
Trd, 4318503.193, 140
Trd, 4318504.293, 137
Trd, 4318505.393, 136
Trd, 4318506.193, 133
Trd, 4318506.993, 140
Trd, 4318507.543, 126
Trd, 4318508.143, 114
Trd, 4318508.493, 110
Trd, 4318509.643, 139
Trd, 4318511.243, 136
Trd, 4318511.693, 135
Trd, 4318511.893, 114
Trd, 4318512.343, 72
Trd, 4318512.843, 109
Trd, 4318513.393, 94
Trd, 4318513.593, 76
Trd, 4318514.643, 67
Trd, 4318515.293, 132
Trd, 4318515.593, 125
Trd, 4318516.843, 97
Trd, 4318517.243, 114
Trd, 4318517.943, 74
Trd, 4318519.143, 91
Trd, 4318520.293, 125
Trd, 4318520.343, 101
Trd, 4318522.043, 140
Trd, 4318522.743, 136
Trd, 4318522.943, 118
Trd, 4318523.993, 116
Trd, 4318524.343, 112
Trd, 4318525.743, 110
Trd, 4318526.443, 123
Trd, 4318526.693, 111
Trd, 4318527.143, 83
Trd, 4318527.443, 65
Trd, 4318528.393, 107
Trd, 4318529.043, 102
Trd, 4318530.243, 94
Trd, 4318530.493, 100
Trd, 4318530.593, 126
Trd, 4318534.343, 140
Trd, 4318534.893, 131
Trd, 4318535.243, 123
Trd, 4318535.593, 117
Trd, 4318535.793, 92
Trd, 4318537.193, 86
Trd, 4318537.793, 93
Trd, 4318538.493, 74
Trd, 4318538.743, 107
Trd, 4318539.343, 121
Trd, 4318540.293, 138
Trd, 4318540.643, 119
Trd, 4318541.393, 130
Trd, 4318541.593, 107
Trd, 4318542.493, 88
Trd, 4318543.343, 72
Trd, 4318543.643, 119
Trd, 4318544.993, 140
Trd, 4318545.093, 133
Trd, 4318546.743, 130
Trd, 4318546.943, 118
Trd, 4318547.843, 112
Trd, 4318548.693, 140
Trd, 4318549.093, 140
Trd, 4318549.743, 131
Trd, 4318550.793, 125
Trd, 4318550.993, 101
Trd, 4318551.643, 140
Trd, 4318551.943, 134
Trd, 4318552.043, 121
Trd, 4318554.643, 138
Trd, 4318555.943, 104
Trd, 4318556.043, 116
Trd, 4318557.243, 139
Trd, 4318557.693, 132
Trd, 4318557.993, 129
Trd, 4318558.093, 127
Trd, 4318558.493, 122
Trd, 4318559.293, 118
Trd, 4318560.343, 118
Trd, 4318560.993, 99
Trd, 4318561.243, 86
Trd, 4318562.543, 140
Trd, 4318562.693, 72
Trd, 4318563.493, 137
Trd, 4318563.543, 139
Trd, 4318563.643, 110
Trd, 4318565.843, 120
Trd, 4318566.743, 137
Trd, 4318567.193, 118
Trd, 4318567.293, 133
Trd, 4318570.343, 136
Trd, 4318570.993, 127
Trd, 4318572.143, 140
Trd, 4318572.243, 121
Trd, 4318572.593, 115
Trd, 4318572.643, 96
Trd, 4318573.093, 114
Trd, 4318573.693, 139
Trd, 4318574.593, 140
Trd, 4318575.193, 129
Trd, 4318575.493, 84
Trd, 4318575.793, 61
Trd, 4318576.293, 60
Trd, 4318577.893, 116
Trd, 4318578.493, 121
Trd, 4318579.093, 83
Trd, 4318580.843, 122
Trd, 4318582.693, 131
Trd, 4318582.743, 137
Trd, 4318582.893, 114
Trd, 4318583.593, 90
Trd, 4318583.843, 138
Trd, 4318584.293, 126
Trd, 4318584.943, 126
Trd, 4318585.793, 119
Trd, 4318586.343, 99
Trd, 4318586.393, 129
Trd, 4318587.393, 73
Trd, 4318589.243, 140
Trd, 4318590.243, 124
Trd, 4318590.393, 105
Trd, 4318591.643, 123
Trd, 4318592.693, 107
Trd, 4318592.893, 109
Trd, 4318592.993, 97
Trd, 4318593.293, 76
Trd, 4318594.493, 125
Trd, 4318594.743, 68
Trd, 4318595.693, 87
Trd, 4318596.493, 140
Trd, 4318596.793, 140
Trd, 4318598.093, 137
Trd, 4318598.143, 134
Trd, 4318598.393, 113
Trd, 4318599.393, 101
Trd, 4318601.293, 133
Trd, 4318601.993, 140
Trd, 4318603.093, 139
Trd, 4318603.643, 131
Trd, 4318603.843, 128
Trd, 4318605.043, 85
Trd, 4318606.743, 140
Trd, 4318607.143, 98
Trd, 4318608.593, 134
Trd, 4318608.643, 131
Trd, 4318609.443, 128
Trd, 4318610.193, 119
Trd, 4318610.393, 113
Trd, 4318610.843, 126
Trd, 4318611.493, 89
Trd, 4318612.043, 75
Trd, 4318614.793, 72
Trd, 4318614.843, 91
Trd, 4318615.393, 101
Trd, 4318615.643, 94
Trd, 4318616.093, 63
Trd, 4318616.593, 60
Trd, 4318616.643, 72
Trd, 4318617.093, 120
Trd, 4318618.793, 94
Trd, 4318619.943, 61
Trd, 4318620.343, 65
Trd, 4318620.693, 79
Trd, 4318621.343, 129
Trd, 4318622.193, 94
Trd, 4318623.043, 131
Trd, 4318623.343, 77
Trd, 4318625.093, 116
Trd, 4318625.243, 114
Trd, 4318627.543, 133
Trd, 4318627.643, 125
Trd, 4318628.543, 113
Trd, 4318629.143, 139
Trd, 4318629.493, 136
Trd, 4318629.593, 102
Trd, 4318629.843, 112
Trd, 4318630.143, 137
Trd, 4318630.943, 140
Trd, 4318632.593, 115
Trd, 4318633.393, 114
Trd, 4318633.793, 128
Trd, 4318633.893, 110
Trd, 4318635.093, 121
Trd, 4318636.243, 113
Trd, 4318636.843, 112
Trd, 4318636.943, 110
Trd, 4318637.193, 128
Trd, 4318638.043, 121
Trd, 4318638.893, 66
Trd, 4318641.343, 140
Trd, 4318641.943, 125
Trd, 4318642.143, 111
Trd, 4318642.693, 131
Trd, 4318643.243, 124
Trd, 4318644.993, 123
Trd, 4318645.293, 107
Trd, 4318645.893, 140
Trd, 4318646.643, 117
Trd, 4318646.993, 110
Trd, 4318647.593, 108
Trd, 4318648.393, 112
Trd, 4318648.493, 82
Trd, 4318650.343, 114
Trd, 4318651.093, 115
Trd, 4318651.293, 99
Trd, 4318651.943, 138
Trd, 4318652.943, 114
Trd, 4318654.243, 137
Trd, 4318655.343, 105
Trd, 4318656.243, 136
Trd, 4318656.743, 140
Trd, 4318656.893, 109
Trd, 4318657.343, 104
Trd, 4318658.343, 100
Trd, 4318658.493, 134
Trd, 4318659.193, 64
Trd, 4318660.443, 64
Trd, 4318660.593, 75
Trd, 4318661.343, 83
Trd, 4318662.443, 134
Trd, 4318663.843, 138
Trd, 4318664.093, 125
Trd, 4318664.443, 123
Trd, 4318664.643, 130
Trd, 4318666.493, 140
Trd, 4318666.643, 111
Trd, 4318666.743, 95
Trd, 4318667.043, 111
Trd, 4318668.143, 135
Trd, 4318669.043, 135
Trd, 4318669.393, 95
Trd, 4318670.043, 102
Trd, 4318670.443, 61
Trd, 4318671.743, 89
Trd, 4318673.893, 140
Trd, 4318674.093, 131
Trd, 4318674.643, 119
Trd, 4318675.843, 129
Trd, 4318676.243, 123
Trd, 4318676.693, 90
Trd, 4318677.843, 123
Trd, 4318678.843, 134
Trd, 4318679.443, 82
Trd, 4318681.193, 139
Trd, 4318681.343, 110
Trd, 4318682.893, 136
Trd, 4318684.193, 116
Trd, 4318685.043, 137
Trd, 4318685.393, 129
Trd, 4318686.843, 124
Trd, 4318687.143, 124
Trd, 4318687.343, 99
Trd, 4318687.593, 133
Trd, 4318687.743, 125
Trd, 4318688.193, 74
Trd, 4318689.393, 92
Trd, 4318689.543, 106
Trd, 4318691.093, 138
Trd, 4318691.293, 119
Trd, 4318692.293, 133
Trd, 4318692.943, 130
Trd, 4318693.493, 140
Trd, 4318693.693, 91
Trd, 4318695.093, 133
Trd, 4318695.643, 103
Trd, 4318697.493, 139
Trd, 4318698.293, 135
Trd, 4318698.343, 127
Trd, 4318699.693, 113
Trd, 4318700.243, 137
Trd, 4318701.243, 129
Trd, 4318702.393, 114
Trd, 4318702.443, 109
Trd, 4318703.493, 85
Trd, 4318703.993, 76
Trd, 4318704.693, 90
Trd, 4318704.743, 126
Trd, 4318705.443, 134
Trd, 4318705.893, 138
Trd, 4318706.193, 131
Trd, 4318708.643, 135
Trd, 4318709.143, 137
Trd, 4318709.943, 129
Trd, 4318710.593, 138
Trd, 4318710.643, 123
Trd, 4318711.093, 120
Trd, 4318712.193, 122
Trd, 4318712.693, 121
Trd, 4318712.993, 135
Trd, 4318713.543, 89
Trd, 4318713.693, 83
Trd, 4318715.993, 139
Trd, 4318716.793, 138
Trd, 4318716.843, 132
Trd, 4318717.743, 140
Trd, 4318718.393, 139
Trd, 4318719.143, 108
Trd, 4318720.443, 135
Trd, 4318720.893, 120
Trd, 4318722.043, 136
Trd, 4318723.693, 125
Trd, 4318723.943, 126
Trd, 4318725.243, 138
Trd, 4318725.693, 104
Trd, 4318726.293, 140
Trd, 4318726.393, 112
Trd, 4318727.293, 140
Trd, 4318728.843, 135
Trd, 4318729.243, 133
Trd, 4318729.393, 126
Trd, 4318730.393, 136
Trd, 4318731.343, 122
Trd, 4318732.343, 105
Trd, 4318732.443, 92
Trd, 4318733.343, 140
Trd, 4318733.443, 107
Trd, 4318733.743, 99
Trd, 4318735.793, 68
Trd, 4318736.443, 115
Trd, 4318736.593, 109
Trd, 4318737.493, 80
Trd, 4318737.993, 124
Trd, 4318739.593, 140
Trd, 4318739.643, 140
Trd, 4318739.893, 97
Trd, 4318741.293, 140
Trd, 4318741.793, 118
Trd, 4318742.793, 134
Trd, 4318743.393, 119
Trd, 4318743.743, 126
Trd, 4318743.893, 111
Trd, 4318744.793, 140
Trd, 4318745.593, 137
Trd, 4318746.743, 117
Trd, 4318747.443, 111
Trd, 4318748.043, 106
Trd, 4318748.743, 134
Trd, 4318750.393, 140
Trd, 4318750.743, 140
Trd, 4318750.993, 131
Trd, 4318751.243, 126
Trd, 4318751.393, 118
Trd, 4318752.293, 124
Trd, 4318753.643, 123
Trd, 4318754.393, 109
Trd, 4318754.793, 140
Trd, 4318755.143, 115
Trd, 4318755.643, 132
Trd, 4318755.943, 128
Trd, 4318756.493, 67
Trd, 4318757.193, 121
Trd, 4318757.743, 136
Trd, 4318758.393, 78
Trd, 4318758.543, 84
Trd, 4318758.693, 137
Trd, 4318759.993, 98
Trd, 4318762.093, 109
Trd, 4318762.993, 103
Trd, 4318764.293, 140
Trd, 4318765.443, 138
Trd, 4318765.843, 123
Trd, 4318766.043, 112
Trd, 4318767.043, 97
Trd, 4318767.493, 140
Trd, 4318767.593, 136
Trd, 4318767.893, 131
Trd, 4318769.143, 114
Trd, 4318769.243, 91
Trd, 4318770.393, 140
Trd, 4318771.943, 138
Trd, 4318772.643, 139
Trd, 4318773.893, 132
Trd, 4318775.243, 107
Trd, 4318775.293, 114
Trd, 4318775.393, 106
Trd, 4318776.693, 140
Trd, 4318776.793, 133
Trd, 4318777.143, 115
Trd, 4318778.743, 109
Trd, 4318779.843, 136
Trd, 4318780.143, 81
Trd, 4318780.443, 78
Trd, 4318780.493, 93
Trd, 4318780.643, 69
Trd, 4318781.043, 140
Trd, 4318782.143, 73
Trd, 4318784.043, 132
Trd, 4318784.893, 138
Trd, 4318785.143, 117
Trd, 4318785.543, 114
Trd, 4318785.993, 101
Trd, 4318787.593, 129
Trd, 4318787.793, 137
Trd, 4318788.943, 128
Trd, 4318789.593, 106
Trd, 4318789.943, 88
Trd, 4318790.593, 125
Trd, 4318790.693, 137
Trd, 4318791.343, 127
Trd, 4318793.343, 113
Trd, 4318794.493, 113
Trd, 4318795.093, 109
Trd, 4318795.443, 140
Trd, 4318796.193, 139
Trd, 4318796.443, 138
Trd, 4318796.943, 131
Trd, 4318798.393, 140
Trd, 4318798.643, 92
Trd, 4318799.793, 81
Trd, 4318800.293, 127
Trd, 4318800.993, 80
Trd, 4318801.993, 86
Trd, 4318802.043, 92
Trd, 4318802.593, 90
Trd, 4318804.043, 127
Trd, 4318804.893, 140
Trd, 4318805.893, 137
Trd, 4318805.943, 114
Trd, 4318807.793, 136
Trd, 4318807.993, 128
Trd, 4318808.293, 114
Trd, 4318808.893, 117
Trd, 4318809.393, 140
Trd, 4318809.443, 99
Trd, 4318809.943, 92
Trd, 4318810.793, 79
Trd, 4318811.443, 67
Trd, 4318812.143, 69
Trd, 4318812.243, 70
Trd, 4318813.243, 111
Trd, 4318813.593, 104
Trd, 4318814.443, 126
Trd, 4318816.893, 89
Trd, 4318817.243, 131
Trd, 4318817.843, 99
Trd, 4318817.893, 127
Trd, 4318818.143, 129
Trd, 4318819.893, 138
Trd, 4318820.893, 139
Trd, 4318820.943, 129
Trd, 4318821.793, 113
Trd, 4318822.243, 82
Trd, 4318823.593, 138
Trd, 4318824.143, 125
Trd, 4318824.743, 128
Trd, 4318824.993, 101
Trd, 4318826.593, 95
Trd, 4318827.543, 113
Trd, 4318827.693, 118
Trd, 4318828.393, 124
Trd, 4318829.593, 138
Trd, 4318830.643, 115
Trd, 4318831.393, 91
Trd, 4318832.643, 69
Trd, 4318832.793, 101
Trd, 4318834.343, 133
Trd, 4318835.093, 139
Trd, 4318835.693, 107
Trd, 4318836.693, 134
Trd, 4318836.893, 97
Trd, 4318837.143, 140
Trd, 4318837.793, 94
Trd, 4318837.943, 105
Trd, 4318838.393, 93
Trd, 4318840.443, 140
Trd, 4318841.743, 134
Trd, 4318842.093, 132
Trd, 4318842.493, 136
Trd, 4318843.143, 139
Trd, 4318843.593, 112
Trd, 4318846.143, 134
Trd, 4318846.193, 127
Trd, 4318846.393, 117
Trd, 4318846.693, 113
Trd, 4318847.193, 127
Trd, 4318848.293, 137
Trd, 4318848.893, 133
Trd, 4318851.093, 135
Trd, 4318851.993, 129
Trd, 4318852.443, 140
Trd, 4318852.893, 113
Trd, 4318853.493, 133
Trd, 4318853.543, 130
Trd, 4318854.343, 93
Trd, 4318854.393, 89
Trd, 4318855.293, 99
Trd, 4318855.393, 94
Trd, 4318856.093, 115
Trd, 4318858.593, 112
Trd, 4318858.693, 109
Trd, 4318860.193, 140
Trd, 4318860.843, 137
Trd, 4318861.193, 118
Trd, 4318861.493, 111
Trd, 4318861.593, 120
Trd, 4318863.243, 115
Trd, 4318863.993, 100
Trd, 4318865.193, 139
Trd, 4318865.343, 124
Trd, 4318865.543, 130
Trd, 4318865.993, 113
Trd, 4318866.793, 137
Trd, 4318866.993, 140
Trd, 4318869.393, 94
Trd, 4318869.893, 140
Trd, 4318870.793, 130
Trd, 4318871.293, 126
Trd, 4318871.443, 119
Trd, 4318871.593, 110
Trd, 4318872.793, 120
Trd, 4318874.643, 124
Trd, 4318876.493, 123
Trd, 4318876.893, 109
Trd, 4318877.693, 113
Trd, 4318878.143, 140
Trd, 4318878.443, 103
Trd, 4318878.793, 104
Trd, 4318878.993, 110
Trd, 4318880.793, 62
Trd, 4318881.093, 77
Trd, 4318881.593, 103
Trd, 4318881.693, 88
Trd, 4318882.443, 115
Trd, 4318883.793, 115
Trd, 4318884.643, 131
Trd, 4318886.343, 139
Trd, 4318886.493, 132
Trd, 4318887.393, 139
Trd, 4318888.143, 119
Trd, 4318888.693, 97
Trd, 4318890.343, 140
Trd, 4318891.093, 133
Trd, 4318891.143, 113
Trd, 4318892.293, 128
Trd, 4318892.943, 63
Trd, 4318893.193, 93
Trd, 4318893.993, 70
Trd, 4318894.693, 87
Trd, 4318895.093, 121
Trd, 4318895.843, 94
Trd, 4318896.693, 127
Trd, 4318897.543, 126
Trd, 4318898.393, 93
Trd, 4318900.093, 136
Trd, 4318900.143, 135
Trd, 4318900.493, 139
Trd, 4318901.393, 115
Trd, 4318901.543, 100
Trd, 4318902.893, 95
Trd, 4318903.193, 91
Trd, 4318903.593, 93
Trd, 4318903.693, 127
Trd, 4318904.693, 132
Trd, 4318905.743, 115
Trd, 4318906.393, 118
Trd, 4318907.193, 84
Trd, 4318907.493, 75
Trd, 4318908.393, 61
Trd, 4318908.643, 73
Trd, 4318909.243, 76
Trd, 4318909.643, 110
Trd, 4318910.743, 138
Trd, 4318911.443, 118
Trd, 4318912.793, 112
Trd, 4318913.193, 86
Trd, 4318913.593, 75
Trd, 4318914.343, 123
Trd, 4318914.893, 130
Trd, 4318915.743, 119
Trd, 4318915.943, 91
Trd, 4318917.943, 139
Trd, 4318918.443, 79
Trd, 4318918.943, 122
Trd, 4318920.443, 139
Trd, 4318920.593, 101
Trd, 4318921.193, 138
Trd, 4318921.993, 98
Trd, 4318922.393, 98
Trd, 4318922.443, 95
Trd, 4318923.393, 139
Trd, 4318924.743, 124
Trd, 4318926.393, 140
Trd, 4318927.493, 138
Trd, 4318928.193, 94
Trd, 4318929.093, 140
Trd, 4318929.193, 93
Trd, 4318930.093, 140
Trd, 4318931.143, 131
Trd, 4318931.643, 130
Trd, 4318931.843, 128
Trd, 4318933.293, 131
Trd, 4318933.493, 129
Trd, 4318933.993, 128
Trd, 4318934.043, 102
Trd, 4318935.243, 126
Trd, 4318935.293, 90
Trd, 4318936.943, 140
Trd, 4318937.343, 140
Trd, 4318937.693, 118
Trd, 4318938.143, 137
Trd, 4318938.643, 129
Trd, 4318939.293, 130
Trd, 4318939.843, 125
Trd, 4318940.693, 123
Trd, 4318941.393, 138
Trd, 4318942.593, 139
Trd, 4318942.793, 106
Trd, 4318944.293, 128
Trd, 4318944.393, 121
Trd, 4318944.793, 118
Trd, 4318946.293, 130
Trd, 4318946.843, 94
Trd, 4318948.243, 138
Trd, 4318948.343, 85
Trd, 4318948.543, 138
Trd, 4318949.943, 124
Trd, 4318950.343, 132
Trd, 4318950.793, 111
Trd, 4318951.093, 100
Trd, 4318951.693, 93
Trd, 4318953.793, 124
Trd, 4318954.143, 117
Trd, 4318954.493, 114
Trd, 4318954.793, 87
Trd, 4318955.243, 140
Trd, 4318955.443, 136
Trd, 4318956.743, 138
Trd, 4318957.793, 115
Trd, 4318959.043, 126
Trd, 4318959.193, 119
Trd, 4318959.443, 94
Trd, 4318960.143, 132
Trd, 4318961.443, 126
Trd, 4318961.943, 134
Trd, 4318962.343, 92
Trd, 4318962.493, 106
Trd, 4318964.693, 137
Trd, 4318965.393, 109
Trd, 4318967.143, 128
Trd, 4318967.943, 131
Trd, 4318968.543, 119
Trd, 4318968.893, 119
Trd, 4318970.343, 137
Trd, 4318970.693, 140
Trd, 4318971.193, 122
Trd, 4318972.593, 124
Trd, 4318973.593, 140
Trd, 4318973.793, 131
Trd, 4318974.743, 126
Trd, 4318974.843, 121
Trd, 4318975.543, 134
Trd, 4318976.643, 100
Trd, 4318976.893, 90
Trd, 4318976.993, 108
Trd, 4318977.193, 119
Trd, 4318979.443, 60
Trd, 4318979.543, 64
Trd, 4318980.293, 102
Trd, 4318980.793, 95
Trd, 4318980.993, 112
Trd, 4318981.843, 103
Trd, 4318982.493, 139
Trd, 4318983.043, 89
Trd, 4318983.343, 74
Trd, 4318984.443, 140
Trd, 4318984.693, 137
Trd, 4318985.793, 138
Trd, 4318986.393, 124
Trd, 4318986.443, 110
Trd, 4318986.893, 109
Trd, 4318987.243, 109
Trd, 4318988.493, 140
Trd, 4318989.843, 139
Trd, 4318990.443, 132
Trd, 4318990.493, 124
Trd, 4318991.943, 135
Trd, 4318993.243, 131
Trd, 4318993.893, 129
Trd, 4318995.293, 136
Trd, 4318995.493, 132
Trd, 4318995.943, 120
Trd, 4318996.343, 114
Trd, 4318996.593, 140
Trd, 4318998.043, 140
Trd, 4318998.943, 103
Trd, 4318999.093, 125
Trd, 4319001.643, 130
Trd, 4319001.743, 118
Trd, 4319002.443, 119
Trd, 4319002.793, 131
Trd, 4319003.593, 137
Trd, 4319003.943, 129
Trd, 4319004.193, 129
Trd, 4319005.143, 133
Trd, 4319005.843, 127
Trd, 4319006.193, 113
Trd, 4319008.293, 77
Trd, 4319008.743, 90
Trd, 4319009.093, 132
Trd, 4319009.593, 86
Trd, 4319010.443, 76
Trd, 4319011.143, 77
Trd, 4319011.643, 104
Trd, 4319013.043, 107
Trd, 4319013.093, 87
Trd, 4319013.243, 87
Trd, 4319014.093, 125
Trd, 4319014.743, 131
Trd, 4319015.093, 110
Trd, 4319016.243, 134
Trd, 4319017.193, 127
Trd, 4319017.793, 120
Trd, 4319019.043, 134
Trd, 4319019.743, 126
Trd, 4319020.693, 130
Trd, 4319021.443, 97
Trd, 4319021.493, 95
Trd, 4319024.193, 140
Trd, 4319024.493, 131
Trd, 4319025.693, 107
Trd, 4319025.943, 102
Trd, 4319026.243, 92
Trd, 4319026.743, 105
Trd, 4319027.843, 118
Trd, 4319028.043, 112
Trd, 4319028.143, 121
Trd, 4319028.843, 64
Trd, 4319028.943, 88
Trd, 4319028.993, 126
Trd, 4319030.593, 80
Trd, 4319030.743, 123
Trd, 4319032.793, 140
Trd, 4319032.843, 131
Trd, 4319033.593, 137
Trd, 4319035.443, 136
Trd, 4319035.543, 111
Trd, 4319035.743, 88
Trd, 4319036.743, 88
Trd, 4319037.193, 134
Trd, 4319037.343, 104
Trd, 4319038.443, 61
Trd, 4319040.443, 63
Trd, 4319040.493, 92
Trd, 4319041.793, 68
Trd, 4319042.193, 133
Trd, 4319042.843, 127
Trd, 4319043.693, 101
Trd, 4319045.793, 123
Trd, 4319046.493, 98
Trd, 4319047.043, 136
Trd, 4319047.893, 133
Trd, 4319048.743, 133
Trd, 4319049.693, 109
Trd, 4319050.493, 139
Trd, 4319051.543, 131
Trd, 4319051.743, 113
Trd, 4319051.843, 112
Trd, 4319053.143, 129
Trd, 4319053.743, 122
Trd, 4319054.993, 134
Trd, 4319055.843, 132
Trd, 4319056.193, 114
Trd, 4319057.193, 117
Trd, 4319057.493, 140
Trd, 4319057.893, 112
Trd, 4319058.143, 97
Trd, 4319061.043, 129
Trd, 4319061.893, 140
Trd, 4319062.293, 135
Trd, 4319062.943, 119
Trd, 4319063.093, 118
Trd, 4319063.493, 116
Trd, 4319063.943, 140
Trd, 4319065.043, 122
Trd, 4319066.743, 116
Trd, 4319067.943, 138
Trd, 4319068.543, 139
Trd, 4319068.743, 129
Trd, 4319069.343, 104
Trd, 4319069.593, 120
Trd, 4319070.493, 113
Trd, 4319071.793, 121
Trd, 4319072.943, 105
Trd, 4319073.293, 139
Trd, 4319074.443, 137
Trd, 4319075.843, 117
Trd, 4319076.193, 123
Trd, 4319076.243, 115
Trd, 4319077.593, 99
Trd, 4319077.993, 95
Trd, 4319078.493, 123
Trd, 4319080.293, 117
Trd, 4319081.043, 113
Trd, 4319081.893, 136
Trd, 4319082.243, 133
Trd, 4319082.793, 128
Trd, 4319082.893, 127
Trd, 4319083.143, 127
Trd, 4319084.343, 140
Trd, 4319084.793, 114
Trd, 4319086.193, 67
Trd, 4319087.193, 69
Trd, 4319088.293, 136
Trd, 4319088.343, 123
Trd, 4319088.543, 87
Trd, 4319088.593, 81
Trd, 4319089.643, 128
Trd, 4319091.143, 107
Trd, 4319091.343, 113
Trd, 4319091.693, 130
Trd, 4319091.793, 105
Trd, 4319092.443, 95
Trd, 4319092.893, 97
Trd, 4319093.343, 132
Trd, 4319094.693, 140
Trd, 4319095.193, 77
Trd, 4319097.193, 133
Trd, 4319097.243, 131
Trd, 4319097.943, 122
Trd, 4319098.343, 129
Trd, 4319098.593, 104
Trd, 4319099.293, 138
Trd, 4319100.343, 138
Trd, 4319100.393, 132
Trd, 4319100.943, 89
Trd, 4319101.343, 60
Trd, 4319101.743, 67
Trd, 4319103.343, 133
Trd, 4319104.643, 139
Trd, 4319104.943, 136
Trd, 4319105.443, 125
Trd, 4319106.543, 71
Trd, 4319107.193, 124
Trd, 4319108.093, 112
Trd, 4319108.343, 125
Trd, 4319109.543, 116
Trd, 4319110.293, 91
Trd, 4319111.443, 138
Trd, 4319112.443, 138
Trd, 4319113.043, 122
Trd, 4319113.193, 121
Trd, 4319113.843, 125
Trd, 4319113.993, 107
Trd, 4319114.393, 83
Trd, 4319115.343, 101
Trd, 4319115.843, 98
Trd, 4319116.793, 121
Trd, 4319117.943, 137
Trd, 4319118.243, 140
Trd, 4319118.793, 135
Trd, 4319119.493, 130
Trd, 4319120.193, 96
Trd, 4319121.443, 94
Trd, 4319122.043, 105
Trd, 4319122.543, 135
Trd, 4319122.843, 129
Trd, 4319123.493, 88
Trd, 4319125.293, 102
Trd, 4319125.993, 89
Trd, 4319127.243, 125
Trd, 4319127.693, 133
Trd, 4319128.543, 102
Trd, 4319129.293, 136
Trd, 4319130.693, 114
Trd, 4319131.093, 95
Trd, 4319132.093, 139
Trd, 4319133.193, 138
Trd, 4319133.343, 132
Trd, 4319134.943, 135
Trd, 4319135.793, 113
Trd, 4319136.343, 139
Trd, 4319137.043, 127
Trd, 4319137.743, 140
Trd, 4319137.943, 136
Trd, 4319138.343, 138
Trd, 4319138.393, 128
Trd, 4319139.193, 120
Trd, 4319139.293, 113
Trd, 4319139.643, 140
Trd, 4319141.743, 105
Trd, 4319141.893, 117
Trd, 4319142.643, 104
Trd, 4319143.843, 140
Trd, 4319144.793, 107
Trd, 4319145.043, 130
Trd, 4319145.343, 122
Trd, 4319146.393, 116
Trd, 4319146.543, 140
Trd, 4319147.993, 112
Trd, 4319148.593, 129
Trd, 4319149.893, 103
Trd, 4319150.143, 105
Trd, 4319151.243, 138
Trd, 4319151.493, 96
Trd, 4319153.893, 127
Trd, 4319153.943, 126
Trd, 4319154.343, 117
Trd, 4319154.693, 99
Trd, 4319155.343, 140
Trd, 4319155.593, 118
Trd, 4319156.093, 103
Trd, 4319156.943, 119
Trd, 4319157.543, 98
Trd, 4319157.843, 103
Trd, 4319159.043, 140
Trd, 4319159.193, 123
Trd, 4319160.043, 129
Trd, 4319160.693, 123
Trd, 4319160.943, 99
Trd, 4319161.543, 93
Trd, 4319162.693, 130
Trd, 4319163.043, 123
Trd, 4319163.643, 93
Trd, 4319164.393, 70
Trd, 4319166.143, 138
Trd, 4319166.843, 139
Trd, 4319166.893, 118
Trd, 4319167.593, 139
Trd, 4319167.993, 140
Trd, 4319168.443, 127
Trd, 4319170.443, 122
Trd, 4319170.593, 110
Trd, 4319173.793, 140
Trd, 4319174.143, 135
Trd, 4319174.293, 131
Trd, 4319174.493, 138
Trd, 4319175.643, 137
Trd, 4319175.893, 140
Trd, 4319176.443, 132
Trd, 4319177.393, 111
Trd, 4319178.193, 97
Trd, 4319178.943, 99
Trd, 4319179.093, 92
Trd, 4319179.493, 91
Trd, 4319181.043, 96
Trd, 4319181.493, 92
Trd, 4319181.943, 85
Trd, 4319182.243, 68
Trd, 4319183.743, 136
Trd, 4319184.043, 140
Trd, 4319184.443, 134
Trd, 4319184.893, 108
Trd, 4319186.293, 113
Trd, 4319186.743, 90
Trd, 4319188.743, 133
Trd, 4319188.893, 126
Trd, 4319189.893, 126
Trd, 4319190.093, 110
Trd, 4319190.643, 139
Trd, 4319190.693, 131
Trd, 4319192.793, 136
Trd, 4319192.893, 128
Trd, 4319193.743, 109
Trd, 4319194.343, 140
Trd, 4319195.743, 107
Trd, 4319196.243, 101
Trd, 4319196.543, 115
Trd, 4319197.693, 134
Trd, 4319198.143, 138
Trd, 4319198.393, 139
Trd, 4319199.293, 124
Trd, 4319200.043, 125
Trd, 4319200.243, 118
Trd, 4319200.693, 90
Trd, 4319201.693, 128
Trd, 4319202.393, 60
Trd, 4319203.093, 111
Trd, 4319203.343, 105
Trd, 4319203.943, 79
Trd, 4319204.243, 134
Trd, 4319204.843, 72
Trd, 4319205.493, 121
Trd, 4319206.493, 86
Trd, 4319207.493, 62
Trd, 4319208.593, 62
Trd, 4319209.493, 72
Trd, 4319210.243, 66
Trd, 4319210.593, 66
Trd, 4319211.293, 111
Trd, 4319211.843, 116
Trd, 4319211.893, 117
Trd, 4319212.443, 62
Trd, 4319214.093, 136
Trd, 4319214.393, 134
Trd, 4319214.593, 133
Trd, 4319214.943, 118
Trd, 4319215.093, 107
Trd, 4319215.993, 95
Trd, 4319217.943, 136
Trd, 4319218.293, 80
Trd, 4319218.443, 115
Trd, 4319218.543, 126
Trd, 4319220.093, 127
Trd, 4319221.043, 89
Trd, 4319221.143, 100
Trd, 4319221.593, 136
Trd, 4319221.993, 68
Trd, 4319223.443, 72
Trd, 4319223.693, 117
Trd, 4319223.943, 92
Trd, 4319224.543, 83
Trd, 4319225.693, 105
Trd, 4319225.743, 102
Trd, 4319226.093, 101
Trd, 4319227.993, 139
Trd, 4319228.493, 132
Trd, 4319229.743, 123
Trd, 4319231.043, 112
Trd, 4319231.293, 111
Trd, 4319231.993, 99
Trd, 4319232.843, 135
Trd, 4319233.543, 124
Trd, 4319233.593, 124
Trd, 4319234.593, 140
Trd, 4319235.393, 127
Trd, 4319236.493, 117
Trd, 4319236.893, 112
Trd, 4319237.493, 94
Trd, 4319238.143, 91
Trd, 4319238.293, 125
Trd, 4319240.143, 140
Trd, 4319241.343, 117
Trd, 4319242.393, 136
Trd, 4319243.343, 138
Trd, 4319243.593, 120
Trd, 4319246.543, 119
Trd, 4319247.143, 140
Trd, 4319247.643, 117
Trd, 4319247.843, 110
Trd, 4319247.943, 96
Trd, 4319248.593, 111
Trd, 4319249.743, 140
Trd, 4319250.393, 126
Trd, 4319250.943, 99
Trd, 4319252.093, 137
Trd, 4319252.343, 132
Trd, 4319252.593, 97
Trd, 4319253.293, 111
Trd, 4319254.693, 124
Trd, 4319254.943, 85
Trd, 4319255.743, 110
Trd, 4319256.593, 134
Trd, 4319256.893, 103
Trd, 4319257.393, 140
Trd, 4319258.743, 129
Trd, 4319258.893, 120
Trd, 4319259.393, 134
Trd, 4319259.843, 105
Trd, 4319260.093, 92
Trd, 4319261.143, 70
Trd, 4319262.043, 135
Trd, 4319262.293, 138
Trd, 4319263.343, 112
Trd, 4319264.243, 70
Trd, 4319264.643, 91
Trd, 4319265.843, 140
Trd, 4319266.793, 135
Trd, 4319267.293, 134
Trd, 4319268.543, 110
Trd, 4319268.643, 140
Trd, 4319268.743, 104
Trd, 4319269.693, 84
Trd, 4319270.143, 90
Trd, 4319271.043, 125
Trd, 4319271.443, 75
Trd, 4319271.943, 69
Trd, 4319273.443, 128
Trd, 4319274.743, 140
Trd, 4319275.443, 124
Trd, 4319275.993, 119
Trd, 4319276.543, 133
Trd, 4319276.843, 139
Trd, 4319277.243, 128
Trd, 4319278.843, 138
Trd, 4319279.093, 137
Trd, 4319279.543, 130
Trd, 4319279.643, 79
Trd, 4319280.643, 140
Trd, 4319281.843, 124
Trd, 4319282.143, 117
Trd, 4319282.643, 91
Trd, 4319283.293, 124
Trd, 4319283.343, 106
Trd, 4319284.243, 123
Trd, 4319285.793, 125
Trd, 4319285.993, 119
Trd, 4319286.143, 104
Trd, 4319286.943, 137
Trd, 4319287.593, 116
Trd, 4319289.043, 140
Trd, 4319289.593, 137
Trd, 4319289.693, 110
Trd, 4319290.743, 138
Trd, 4319291.993, 137
Trd, 4319293.043, 88
Trd, 4319294.043, 126
Trd, 4319294.543, 125
Trd, 4319296.293, 132
Trd, 4319296.793, 131
Trd, 4319297.393, 134
Trd, 4319297.743, 138
Trd, 4319298.443, 118
Trd, 4319298.493, 112
Trd, 4319298.693, 120
Trd, 4319299.893, 96
Trd, 4319300.643, 137
Trd, 4319300.793, 129
Trd, 4319300.943, 116
Trd, 4319301.743, 123
Trd, 4319301.993, 119
Trd, 4319303.543, 122
Trd, 4319304.793, 126
Trd, 4319305.493, 140
Trd, 4319306.643, 131
Trd, 4319306.793, 115
Trd, 4319307.893, 129
Trd, 4319307.943, 129
Trd, 4319307.993, 118
Trd, 4319308.393, 105
Trd, 4319309.393, 139
Trd, 4319310.043, 140
Trd, 4319311.143, 128
Trd, 4319311.593, 110
Trd, 4319312.193, 90
Trd, 4319313.393, 88
Trd, 4319313.443, 91
Trd, 4319314.343, 130
Trd, 4319314.543, 126
Trd, 4319314.893, 137
Trd, 4319315.293, 119
Trd, 4319315.893, 101
Trd, 4319317.793, 137
Trd, 4319319.143, 117
Trd, 4319319.493, 115
Trd, 4319320.543, 116
Trd, 4319322.143, 92
Trd, 4319322.343, 137
Trd, 4319323.443, 136
Trd, 4319324.043, 110
Trd, 4319324.943, 90
Trd, 4319325.543, 99
Trd, 4319326.093, 98
Trd, 4319327.043, 115
Trd, 4319327.893, 124
Trd, 4319328.043, 139
Trd, 4319328.893, 126
Trd, 4319329.643, 131
Trd, 4319330.243, 121
Trd, 4319331.693, 140
Trd, 4319331.743, 139
Trd, 4319331.893, 98
Trd, 4319333.093, 130
Trd, 4319333.593, 126
Trd, 4319333.993, 91
Trd, 4319336.193, 60
Trd, 4319336.243, 88
Trd, 4319336.893, 97
Trd, 4319337.943, 116
Trd, 4319338.143, 76
Trd, 4319339.093, 107
Trd, 4319339.193, 105
Trd, 4319339.393, 111
Trd, 4319339.743, 85
Trd, 4319341.043, 116
Trd, 4319342.993, 128
Trd, 4319344.243, 138
Trd, 4319344.693, 117
Trd, 4319345.043, 132
Trd, 4319345.343, 96
Trd, 4319345.643, 140
Trd, 4319346.693, 96
Trd, 4319347.543, 97
Trd, 4319347.793, 105
Trd, 4319348.693, 140
Trd, 4319349.243, 140
Trd, 4319350.143, 122
Trd, 4319352.993, 131
Trd, 4319353.393, 132
Trd, 4319353.643, 122
Trd, 4319353.793, 116
Trd, 4319353.843, 110
Trd, 4319354.443, 140
Trd, 4319355.143, 138
Trd, 4319356.743, 131
Trd, 4319357.643, 124
Trd, 4319358.993, 107
Trd, 4319359.443, 98
Trd, 4319359.543, 110
Trd, 4319360.193, 98
Trd, 4319361.143, 93
Trd, 4319361.593, 96
Trd, 4319362.843, 139
Trd, 4319364.193, 130
Trd, 4319364.293, 116
Trd, 4319364.843, 109
Trd, 4319364.893, 109
Trd, 4319365.743, 118
Trd, 4319366.043, 132
Trd, 4319367.693, 136
Trd, 4319367.743, 121
Trd, 4319368.693, 139
Trd, 4319370.193, 132
Trd, 4319370.493, 118
Trd, 4319371.493, 126
Trd, 4319371.743, 120
Trd, 4319372.093, 104
Trd, 4319372.143, 128
Trd, 4319374.543, 138
Trd, 4319375.243, 137
Trd, 4319375.393, 128
Trd, 4319375.543, 127
Trd, 4319376.443, 124
Trd, 4319376.493, 107
Trd, 4319376.993, 106
Trd, 4319378.493, 102
Trd, 4319380.643, 140
Trd, 4319381.143, 131
Trd, 4319381.343, 127
Trd, 4319382.943, 101
Trd, 4319383.193, 138
Trd, 4319384.793, 131
Trd, 4319386.143, 139
Trd, 4319386.243, 129
Trd, 4319386.293, 125
Trd, 4319387.143, 117
Trd, 4319387.293, 104
Trd, 4319388.393, 132
Trd, 4319388.543, 131
Trd, 4319388.943, 110
Trd, 4319390.243, 131
Trd, 4319391.243, 116
Trd, 4319391.393, 94
Trd, 4319392.093, 126
Trd, 4319393.443, 73
Trd, 4319393.793, 128
Trd, 4319394.593, 65
Trd, 4319394.793, 82
Trd, 4319395.693, 119
Trd, 4319395.893, 113
Trd, 4319397.043, 105
Trd, 4319397.343, 91
Trd, 4319397.943, 102
Trd, 4319398.643, 116
Trd, 4319400.243, 139
Trd, 4319400.443, 126
Trd, 4319401.943, 109
Trd, 4319402.943, 138
Trd, 4319402.993, 99
Trd, 4319403.193, 117
Trd, 4319403.893, 121
Trd, 4319404.893, 89
Trd, 4319405.743, 101
Trd, 4319406.693, 102
Trd, 4319407.343, 111
Trd, 4319408.743, 140
Trd, 4319409.143, 111
Trd, 4319409.843, 140
Trd, 4319409.893, 124
Trd, 4319410.243, 139
Trd, 4319411.893, 139
Trd, 4319412.493, 131
Trd, 4319412.643, 103
Trd, 4319413.093, 92
Trd, 4319413.243, 119
Trd, 4319413.693, 83
Trd, 4319415.643, 113
Trd, 4319416.993, 138
Trd, 4319417.343, 107
Trd, 4319418.543, 123
Trd, 4319418.793, 111
Trd, 4319420.243, 140
Trd, 4319420.293, 118
Trd, 4319420.443, 104
Trd, 4319421.343, 130
Trd, 4319422.343, 108
Trd, 4319423.293, 133
Trd, 4319423.543, 114
Trd, 4319423.743, 117
Trd, 4319425.093, 129
Trd, 4319426.793, 138
Trd, 4319426.943, 135
Trd, 4319427.493, 129
Trd, 4319428.543, 131
Trd, 4319429.343, 123
Trd, 4319430.243, 111
Trd, 4319430.343, 106
Trd, 4319430.643, 136
Trd, 4319431.043, 122
Trd, 4319432.193, 131
Trd, 4319433.593, 134
Trd, 4319434.793, 126
Trd, 4319436.043, 137
Trd, 4319436.843, 140
Trd, 4319437.593, 128
Trd, 4319438.793, 79
Trd, 4319438.943, 97
Trd, 4319439.293, 120
Trd, 4319439.743, 115
Trd, 4319440.143, 115
Trd, 4319441.943, 120
Trd, 4319441.993, 118
Trd, 4319443.293, 109
Trd, 4319444.443, 87
Trd, 4319444.693, 114
Trd, 4319445.193, 89
Trd, 4319447.243, 139
Trd, 4319447.443, 137
Trd, 4319447.943, 138
Trd, 4319450.243, 113
Trd, 4319450.893, 138
Trd, 4319451.343, 113
Trd, 4319451.843, 133
Trd, 4319452.393, 93
Trd, 4319454.393, 129
Trd, 4319454.743, 116
Trd, 4319455.943, 137
Trd, 4319456.693, 131
Trd, 4319456.743, 125
Trd, 4319456.893, 105
Trd, 4319457.743, 76
Trd, 4319458.743, 62
Trd, 4319458.943, 81
Trd, 4319459.743, 101
Trd, 4319460.543, 136
Trd, 4319461.093, 107
Trd, 4319462.693, 140
Trd, 4319463.043, 140
Trd, 4319464.243, 137
Trd, 4319464.293, 129
Trd, 4319464.543, 110
Trd, 4319464.743, 110
Trd, 4319465.093, 132
Trd, 4319466.043, 109
Trd, 4319468.993, 124
Trd, 4319469.243, 128
Trd, 4319469.843, 140
Trd, 4319471.243, 139
Trd, 4319471.643, 94
Trd, 4319472.893, 131
Trd, 4319473.093, 100
Trd, 4319473.943, 137
Trd, 4319474.243, 130
Trd, 4319474.393, 98
Trd, 4319474.693, 117
Trd, 4319475.843, 64
Trd, 4319476.443, 67
Trd, 4319476.643, 104
Trd, 4319477.393, 64
Trd, 4319477.793, 140
Trd, 4319479.043, 105
Trd, 4319480.443, 98
Trd, 4319481.043, 111
Trd, 4319481.093, 67
Trd, 4319482.593, 140
Trd, 4319482.943, 125
Trd, 4319483.943, 99
Trd, 4319485.043, 138
Trd, 4319485.193, 130
Trd, 4319486.143, 116
Trd, 4319486.993, 111
Trd, 4319487.893, 105
Trd, 4319488.043, 72
Trd, 4319489.793, 62
Trd, 4319489.843, 75
Trd, 4319490.193, 69
Trd, 4319490.293, 87
Trd, 4319492.443, 122
Trd, 4319492.693, 140
Trd, 4319493.243, 138
Trd, 4319494.493, 108
Trd, 4319494.743, 90
Trd, 4319494.943, 90
Trd, 4319496.643, 139
Trd, 4319497.043, 134
Trd, 4319497.443, 121
Trd, 4319498.343, 107
Trd, 4319498.993, 111
Trd, 4319500.693, 88
Trd, 4319501.593, 96
Trd, 4319502.043, 135
Trd, 4319502.643, 137
Trd, 4319503.293, 109
Trd, 4319503.893, 128
Trd, 4319504.593, 137
Trd, 4319504.843, 130
Trd, 4319505.893, 61
Trd, 4319506.843, 111
Trd, 4319507.243, 140
Trd, 4319508.243, 138
Trd, 4319508.893, 133
Trd, 4319510.043, 129
Trd, 4319510.193, 108
Trd, 4319510.493, 83
Trd, 4319510.893, 120
Trd, 4319512.193, 98
Trd, 4319512.593, 92
Trd, 4319514.693, 118
Trd, 4319514.943, 139
Trd, 4319515.293, 112
Trd, 4319516.043, 102
Trd, 4319516.343, 128
Trd, 4319516.793, 137
Trd, 4319517.243, 89
Trd, 4319518.193, 136
Trd, 4319518.243, 90
Trd, 4319519.643, 112
Trd, 4319519.893, 140
Trd, 4319520.293, 100
Trd, 4319520.593, 135
Trd, 4319521.443, 93
Trd, 4319522.293, 78
Trd, 4319523.093, 140
Trd, 4319525.143, 136
Trd, 4319525.243, 116
Trd, 4319527.543, 123
Trd, 4319528.293, 135
Trd, 4319528.693, 139
Trd, 4319529.343, 140
Trd, 4319529.743, 110
Trd, 4319531.143, 139
Trd, 4319531.293, 137
Trd, 4319531.343, 122
Trd, 4319531.943, 135
Trd, 4319532.443, 111
Trd, 4319533.043, 110
Trd, 4319533.743, 115
Trd, 4319535.093, 139
Trd, 4319535.193, 131
Trd, 4319536.143, 127
Trd, 4319537.293, 105
Trd, 4319538.543, 140
Trd, 4319538.943, 121
Trd, 4319539.543, 105
Trd, 4319540.043, 138
Trd, 4319541.493, 132
Trd, 4319542.993, 135
Trd, 4319543.143, 135
Trd, 4319543.193, 128
Trd, 4319545.043, 137
Trd, 4319545.743, 134
Trd, 4319546.643, 140
Trd, 4319546.993, 116
Trd, 4319547.193, 96
Trd, 4319547.443, 104
Trd, 4319548.243, 80
Trd, 4319548.543, 88
Trd, 4319549.493, 121
Trd, 4319550.143, 65
Trd, 4319550.693, 71
Trd, 4319550.793, 77
Trd, 4319552.193, 87
Trd, 4319552.893, 98
Trd, 4319553.443, 95
Trd, 4319553.843, 127
Trd, 4319554.193, 95
Trd, 4319554.843, 87
Trd, 4319556.343, 140
Trd, 4319556.443, 98
Trd, 4319558.193, 136
Trd, 4319558.493, 131
Trd, 4319558.693, 126
Trd, 4319559.843, 81
Trd, 4319560.393, 79
Trd, 4319561.593, 86
Trd, 4319561.743, 134
Trd, 4319562.993, 140
Trd, 4319563.843, 137
Trd, 4319565.043, 120
Trd, 4319565.543, 118
Trd, 4319565.593, 114
Trd, 4319566.143, 78
Trd, 4319566.843, 140
Trd, 4319567.393, 122
Trd, 4319567.743, 112
Trd, 4319568.443, 112
Trd, 4319568.893, 98
Trd, 4319569.893, 127
Trd, 4319570.593, 132
Trd, 4319570.993, 123
Trd, 4319571.393, 106
Trd, 4319572.793, 140
Trd, 4319573.543, 112
Trd, 4319573.993, 126
Trd, 4319574.343, 121
Trd, 4319574.893, 94
Trd, 4319576.443, 139
Trd, 4319576.893, 128
Trd, 4319576.993, 140
Trd, 4319577.343, 121
Trd, 4319579.043, 122
Trd, 4319579.993, 120
Trd, 4319580.543, 136
Trd, 4319581.893, 124
Trd, 4319582.693, 67
Trd, 4319582.843, 82
Trd, 4319584.393, 87
Trd, 4319586.193, 72
Trd, 4319586.993, 81
Trd, 4319587.343, 129
Trd, 4319587.593, 72
Trd, 4319588.843, 69
Trd, 4319589.493, 132
Trd, 4319589.693, 124
Trd, 4319590.343, 130
Trd, 4319590.993, 89
Trd, 4319591.993, 138
Trd, 4319592.893, 101
Trd, 4319593.293, 110
Trd, 4319595.093, 122
Trd, 4319595.243, 131
Trd, 4319595.293, 135
Trd, 4319596.343, 130
Trd, 4319597.143, 98
Trd, 4319597.293, 91
Trd, 4319597.493, 129
Trd, 4319598.493, 112
Trd, 4319599.893, 72
Trd, 4319600.143, 95
Trd, 4319601.193, 67
Trd, 4319601.243, 79
Trd, 4319601.293, 82
Trd, 4319601.643, 112
Trd, 4319603.343, 79
Trd, 4319603.743, 127
Trd, 4319604.993, 121
Trd, 4319605.643, 129
Trd, 4319605.943, 112
Trd, 4319606.743, 137
Trd, 4319607.143, 136
Trd, 4319607.943, 111
Trd, 4319609.443, 140
Trd, 4319609.543, 117
Trd, 4319610.643, 125
Trd, 4319611.293, 130
Trd, 4319612.443, 140
Trd, 4319612.493, 134
Trd, 4319612.693, 126
Trd, 4319613.293, 110
Trd, 4319613.793, 140
Trd, 4319614.143, 134
Trd, 4319615.793, 128
Trd, 4319616.943, 131
Trd, 4319617.393, 116
Trd, 4319617.493, 116
Trd, 4319617.743, 131
Trd, 4319618.943, 102
Trd, 4319620.643, 137
Trd, 4319621.543, 139
Trd, 4319621.743, 103
Trd, 4319622.393, 118
Trd, 4319623.243, 77
Trd, 4319624.493, 85
Trd, 4319624.893, 83
Trd, 4319626.193, 120
Trd, 4319626.993, 108
Trd, 4319627.143, 81
Trd, 4319629.393, 139
Trd, 4319629.443, 131
Trd, 4319630.793, 120
Trd, 4319631.143, 105
Trd, 4319631.443, 133
Trd, 4319632.193, 108
Trd, 4319632.693, 140
Trd, 4319633.893, 140
Trd, 4319634.443, 130
Trd, 4319635.093, 109
Trd, 4319636.243, 138
Trd, 4319636.343, 131
Trd, 4319636.493, 97
Trd, 4319636.893, 112
Trd, 4319638.243, 99
Trd, 4319640.593, 74
Trd, 4319640.843, 139
Trd, 4319641.193, 86
Trd, 4319642.193, 134
Trd, 4319643.443, 119
Trd, 4319643.643, 115
Trd, 4319643.743, 108
Trd, 4319643.893, 65
Trd, 4319645.143, 140
Trd, 4319645.893, 139
Trd, 4319647.943, 137
Trd, 4319648.593, 138
Trd, 4319648.743, 134
Trd, 4319649.143, 127
Trd, 4319650.043, 126
Trd, 4319650.943, 116
Trd, 4319651.393, 103
Trd, 4319651.793, 127
Trd, 4319653.293, 140
Trd, 4319653.493, 124
Trd, 4319654.193, 134
Trd, 4319654.643, 136
Trd, 4319656.043, 129
Trd, 4319657.693, 138
Trd, 4319659.443, 140
Trd, 4319660.193, 137
Trd, 4319660.493, 132
Trd, 4319661.943, 125
Trd, 4319662.343, 101
Trd, 4319662.643, 114
Trd, 4319662.943, 106
Trd, 4319663.493, 94
Trd, 4319663.843, 107
Trd, 4319664.443, 118
Trd, 4319665.243, 61
Trd, 4319667.393, 90
Trd, 4319668.293, 96
Trd, 4319668.643, 138
Trd, 4319669.093, 93
Trd, 4319669.393, 92
Trd, 4319670.743, 135
Trd, 4319671.293, 122
Trd, 4319671.743, 91
Trd, 4319672.993, 126
Trd, 4319674.593, 137
Trd, 4319674.843, 132
Trd, 4319674.993, 124
Trd, 4319676.843, 135
Trd, 4319677.343, 117
Trd, 4319677.693, 114
Trd, 4319678.843, 128
Trd, 4319680.043, 123
Trd, 4319681.193, 138
Trd, 4319682.793, 138
Trd, 4319683.143, 140
Trd, 4319683.743, 130
Trd, 4319686.293, 137
Trd, 4319686.343, 127
Trd, 4319686.593, 122
Trd, 4319686.993, 129
Trd, 4319687.493, 89
Trd, 4319687.793, 139
Trd, 4319688.043, 96
Trd, 4319688.643, 101
Trd, 4319690.743, 124
Trd, 4319690.993, 135
Trd, 4319692.093, 140
Trd, 4319692.243, 120
Trd, 4319693.643, 139
Trd, 4319695.293, 132
Trd, 4319695.393, 128
Trd, 4319695.543, 118
Trd, 4319696.093, 99
Trd, 4319696.193, 92
Trd, 4319696.293, 128
Trd, 4319697.643, 138
Trd, 4319697.793, 138
Trd, 4319698.143, 130
Trd, 4319698.243, 94
Trd, 4319699.143, 85
Trd, 4319699.893, 122
Trd, 4319700.693, 62
Trd, 4319701.893, 96
Trd, 4319702.643, 139
Trd, 4319703.593, 118
Trd, 4319704.043, 116
Trd, 4319704.743, 132
Trd, 4319706.043, 121
Trd, 4319706.593, 126
Trd, 4319707.193, 132
Trd, 4319707.793, 114
Trd, 4319707.993, 127
Trd, 4319709.143, 136
Trd, 4319709.193, 109
Trd, 4319710.243, 128
Trd, 4319710.343, 86
Trd, 4319711.643, 139
Trd, 4319714.193, 103
Trd, 4319714.693, 128
Trd, 4319715.193, 122
Trd, 4319715.593, 136
Trd, 4319715.793, 137
Trd, 4319716.843, 89
Trd, 4319717.993, 128
Trd, 4319718.293, 87
Trd, 4319719.443, 132
Trd, 4319719.493, 97
Trd, 4319720.343, 120
Trd, 4319721.493, 116
Trd, 4319722.693, 125
Trd, 4319723.393, 121
Trd, 4319723.493, 114
Trd, 4319723.593, 103
Trd, 4319724.243, 93
Trd, 4319724.943, 125
Trd, 4319725.643, 70
Trd, 4319726.343, 123
Trd, 4319726.743, 77
Trd, 4319727.543, 89
Trd, 4319728.243, 89
Trd, 4319729.643, 73
Trd, 4319730.293, 78
Trd, 4319730.843, 103
Trd, 4319730.993, 127
Trd, 4319731.893, 131
Trd, 4319732.243, 132
Trd, 4319733.193, 99
Trd, 4319733.743, 114
Trd, 4319734.393, 109
Trd, 4319734.543, 90
Trd, 4319735.043, 81
Trd, 4319735.143, 106
Trd, 4319735.893, 60
Trd, 4319737.443, 135
Trd, 4319737.543, 125
Trd, 4319738.693, 140
Trd, 4319739.243, 137
Trd, 4319739.543, 130
Trd, 4319740.093, 111
Trd, 4319740.743, 110
Trd, 4319741.943, 139
Trd, 4319742.893, 139
Trd, 4319743.193, 119
Trd, 4319743.243, 88
Trd, 4319744.643, 77
Trd, 4319744.843, 100
Trd, 4319746.443, 118
Trd, 4319747.343, 84
Trd, 4319747.543, 67
Trd, 4319747.893, 78
Trd, 4319748.243, 60
Trd, 4319748.743, 125
Trd, 4319751.043, 135
Trd, 4319751.793, 131
Trd, 4319751.843, 123
Trd, 4319752.893, 133
Trd, 4319753.593, 110
Trd, 4319753.693, 106
Trd, 4319754.693, 140
Trd, 4319755.443, 121
Trd, 4319755.993, 68
Trd, 4319757.193, 122
Trd, 4319757.893, 133
Trd, 4319759.543, 139
Trd, 4319759.693, 133
Trd, 4319760.443, 112
Trd, 4319761.443, 89
Trd, 4319761.943, 99
Trd, 4319762.393, 99
Trd, 4319762.593, 73
Trd, 4319763.643, 77
Trd, 4319764.643, 82
Trd, 4319764.893, 98
Trd, 4319766.493, 109
Trd, 4319767.893, 119
Trd, 4319768.043, 140
Trd, 4319769.443, 124
Trd, 4319769.743, 133
Trd, 4319770.443, 122
Trd, 4319770.493, 134
Trd, 4319771.143, 134
Trd, 4319771.993, 111
Trd, 4319772.043, 105
Trd, 4319772.293, 119
Trd, 4319773.143, 134
Trd, 4319773.593, 99
Trd, 4319774.443, 138
Trd, 4319775.393, 124
Trd, 4319775.593, 118
Trd, 4319776.193, 95
Trd, 4319776.343, 78
Trd, 4319776.743, 107
Trd, 4319777.043, 140
Trd, 4319777.743, 81
Trd, 4319778.943, 127
Trd, 4319780.893, 133
Trd, 4319781.593, 119
Trd, 4319781.943, 124
Trd, 4319782.293, 112
Trd, 4319784.743, 126
Trd, 4319785.593, 133
Trd, 4319786.343, 140
Trd, 4319786.593, 124
Trd, 4319786.643, 105
Trd, 4319787.393, 140
Trd, 4319788.143, 124
Trd, 4319788.193, 110
Trd, 4319789.343, 80
Trd, 4319789.843, 79
Trd, 4319790.843, 119
Trd, 4319790.943, 112
Trd, 4319791.243, 140
Trd, 4319791.293, 108
Trd, 4319792.793, 138
Trd, 4319792.993, 121
Trd, 4319793.893, 113
Trd, 4319794.043, 108
Trd, 4319794.943, 68
Trd, 4319796.643, 61
Trd, 4319796.793, 78
Trd, 4319797.193, 79
Trd, 4319797.243, 88
Trd, 4319797.293, 133
Trd, 4319798.043, 65
Trd, 4319798.243, 71
Trd, 4319799.843, 122
Trd, 4319801.143, 133
Trd, 4319801.793, 121
Trd, 4319803.143, 136
Trd, 4319804.393, 138
Trd, 4319804.443, 117
Trd, 4319805.043, 139
Trd, 4319805.843, 86
Trd, 4319807.243, 140
Trd, 4319808.243, 116
Trd, 4319808.893, 100
Trd, 4319810.093, 102
Trd, 4319810.343, 90
Trd, 4319810.493, 102
Trd, 4319811.143, 85
Trd, 4319811.793, 133
Trd, 4319811.943, 123
Trd, 4319812.343, 87
Trd, 4319815.093, 136
Trd, 4319815.793, 129
Trd, 4319815.843, 111
Trd, 4319816.043, 107
Trd, 4319817.343, 117
Trd, 4319818.343, 67
Trd, 4319819.043, 68
Trd, 4319819.393, 67
Trd, 4319820.393, 67
Trd, 4319821.343, 60
Trd, 4319821.843, 118
Trd, 4319822.393, 114
Trd, 4319823.343, 131
Trd, 4319823.543, 124
Trd, 4319824.793, 70
Trd, 4319824.893, 97
Trd, 4319825.643, 78
Trd, 4319826.843, 75
Trd, 4319826.943, 111
Trd, 4319827.193, 78
Trd, 4319828.893, 91
Trd, 4319829.693, 137
Trd, 4319830.743, 135
Trd, 4319830.843, 111
Trd, 4319832.543, 139
Trd, 4319833.043, 126
Trd, 4319833.793, 137
Trd, 4319833.993, 100
Trd, 4319834.343, 98
Trd, 4319835.043, 140
Trd, 4319835.693, 119
Trd, 4319836.093, 98
Trd, 4319837.293, 131
Trd, 4319837.793, 115
Trd, 4319839.093, 127
Trd, 4319839.393, 121
Trd, 4319839.943, 107
Trd, 4319840.843, 140
Trd, 4319841.543, 128
Trd, 4319841.943, 114
Trd, 4319842.993, 108
Trd, 4319843.893, 133
Trd, 4319844.043, 120
Trd, 4319844.743, 126
Trd, 4319845.893, 126
Trd, 4319846.693, 108
Trd, 4319847.443, 96
Trd, 4319848.043, 89
Trd, 4319850.893, 139
Trd, 4319851.093, 131
Trd, 4319851.643, 133
Trd, 4319851.693, 112
Trd, 4319852.043, 110
Trd, 4319852.943, 129
Trd, 4319853.393, 116
Trd, 4319854.193, 108
Trd, 4319854.893, 124
Trd, 4319856.093, 140
Trd, 4319856.393, 140
Trd, 4319857.493, 115
Trd, 4319858.343, 140
Trd, 4319858.493, 98
Trd, 4319859.193, 137
Trd, 4319859.443, 127
Trd, 4319860.243, 130
Trd, 4319861.543, 134
Trd, 4319863.443, 117
Trd, 4319863.943, 137
Trd, 4319864.593, 138
Trd, 4319864.643, 126
Trd, 4319865.093, 140
Trd, 4319865.493, 138
Trd, 4319865.693, 103
Trd, 4319866.643, 135
Trd, 4319868.843, 114
Trd, 4319869.793, 121
Trd, 4319872.493, 133
Trd, 4319872.593, 132
Trd, 4319872.643, 120
Trd, 4319873.543, 119
Trd, 4319873.643, 118
Trd, 4319873.993, 140
Trd, 4319874.993, 108
Trd, 4319875.143, 102
Trd, 4319875.543, 95
Trd, 4319876.843, 138
Trd, 4319878.293, 135
Trd, 4319878.343, 109
Trd, 4319878.693, 111
Trd, 4319879.143, 65
Trd, 4319879.993, 112
Trd, 4319880.793, 74
Trd, 4319881.343, 95
Trd, 4319882.443, 139
Trd, 4319883.893, 129
Trd, 4319884.193, 123
Trd, 4319885.143, 140
Trd, 4319885.943, 115
Trd, 4319886.143, 132
Trd, 4319886.493, 128
Trd, 4319888.093, 140
Trd, 4319888.143, 134
Trd, 4319888.293, 116
Trd, 4319890.193, 137
Trd, 4319890.293, 137
Trd, 4319890.393, 130
Trd, 4319893.343, 119
Trd, 4319893.743, 122
Trd, 4319893.793, 112
Trd, 4319894.093, 91
Trd, 4319894.593, 73
Trd, 4319894.743, 101
Trd, 4319895.693, 133
Trd, 4319896.393, 103
Trd, 4319897.643, 129
Trd, 4319898.193, 108
Trd, 4319898.443, 102
Trd, 4319899.043, 86
Trd, 4319900.743, 139
Trd, 4319900.843, 134
Trd, 4319901.043, 131
Trd, 4319902.143, 117
Trd, 4319902.693, 134
Trd, 4319903.643, 137
Trd, 4319903.993, 110
Trd, 4319905.543, 140
Trd, 4319905.743, 122
Trd, 4319906.843, 136
Trd, 4319906.893, 135
Trd, 4319907.343, 140
Trd, 4319907.843, 137
Trd, 4319908.043, 125
Trd, 4319908.643, 94
Trd, 4319909.193, 63
Trd, 4319911.093, 131
Trd, 4319911.293, 130
Trd, 4319911.893, 131
Trd, 4319912.143, 139
Trd, 4319912.943, 129
Trd, 4319913.093, 117
Trd, 4319913.393, 113
Trd, 4319914.793, 67
Trd, 4319914.943, 116
Trd, 4319916.093, 119
Trd, 4319916.893, 121
Trd, 4319917.193, 102
Trd, 4319918.493, 140
Trd, 4319918.693, 131
Trd, 4319919.643, 120
Trd, 4319922.793, 140
Trd, 4319922.993, 131
Trd, 4319923.993, 140
Trd, 4319924.193, 138
Trd, 4319924.743, 119
Trd, 4319924.843, 109
Trd, 4319924.943, 104
Trd, 4319924.993, 103
Trd, 4319925.693, 102
Trd, 4319927.043, 77
Trd, 4319927.943, 124
Trd, 4319928.943, 91
Trd, 4319929.443, 114
Trd, 4319930.443, 140
Trd, 4319930.693, 109
Trd, 4319931.043, 93
Trd, 4319932.393, 104
Trd, 4319932.443, 130
Trd, 4319932.993, 114
Trd, 4319933.443, 126
Trd, 4319933.543, 94
Trd, 4319933.793, 68
Trd, 4319934.743, 65
Trd, 4319935.093, 137
Trd, 4319935.593, 66
Trd, 4319936.643, 130
Trd, 4319938.793, 131
Trd, 4319939.843, 132
Trd, 4319939.943, 124
Trd, 4319940.493, 109
Trd, 4319940.643, 136
Trd, 4319940.943, 66
Trd, 4319941.793, 115
Trd, 4319941.943, 115
Trd, 4319942.243, 136
Trd, 4319944.093, 140
Trd, 4319944.593, 125
Trd, 4319944.993, 123
Trd, 4319945.293, 126
Trd, 4319947.943, 111
Trd, 4319948.793, 97
Trd, 4319950.493, 140
Trd, 4319950.543, 131
Trd, 4319950.643, 129
Trd, 4319950.793, 118
Trd, 4319951.593, 137
Trd, 4319951.843, 98
Trd, 4319952.143, 130
Trd, 4319952.793, 87
Trd, 4319953.543, 138
Trd, 4319953.943, 70
Trd, 4319955.593, 139
Trd, 4319956.393, 125
Trd, 4319957.943, 134
Trd, 4319958.393, 132
Trd, 4319958.993, 139
Trd, 4319959.693, 124
Trd, 4319961.043, 140
Trd, 4319961.443, 120
Trd, 4319963.343, 140
Trd, 4319963.893, 124
Trd, 4319966.243, 140
Trd, 4319966.943, 139
Trd, 4319967.793, 139
Trd, 4319968.493, 131
Trd, 4319968.943, 125
Trd, 4319969.843, 135
Trd, 4319970.543, 123
Trd, 4319970.793, 122
Trd, 4319970.843, 119
Trd, 4319971.393, 88
Trd, 4319971.893, 108
Trd, 4319972.193, 139
Trd, 4319972.893, 130
Trd, 4319973.343, 111
Trd, 4319974.093, 84
Trd, 4319974.843, 138
Trd, 4319975.693, 127
Trd, 4319975.793, 120
Trd, 4319976.893, 131
Trd, 4319978.493, 109
Trd, 4319980.143, 138
Trd, 4319980.243, 78
Trd, 4319981.643, 140
Trd, 4319981.743, 135
Trd, 4319982.493, 131
Trd, 4319984.693, 131
Trd, 4319984.893, 117
Trd, 4319985.293, 119
Trd, 4319985.593, 95
Trd, 4319987.393, 120
Trd, 4319987.593, 116
Trd, 4319987.743, 106
Trd, 4319987.843, 98
Trd, 4319990.043, 140
Trd, 4319990.343, 136
Trd, 4319990.943, 127
Trd, 4319991.393, 89
Trd, 4319992.643, 136
Trd, 4319992.843, 119
Trd, 4319993.343, 96
Trd, 4319994.093, 94
Trd, 4319995.293, 108
Trd, 4319995.693, 135
Trd, 4319996.643, 105
Trd, 4319997.543, 139
Trd, 4319998.093, 77
Trd, 4319998.843, 69
Trd, 4319999.893, 92
