Trd, 4318209.043, 140
Trd, 4318209.443, 140
Trd, 4318210.193, 138
Trd, 4318210.643, 137
Trd, 4318210.693, 135
Trd, 4318211.393, 72
Trd, 4318211.693, 138
Trd, 4318213.393, 140
Trd, 4318213.493, 140
Trd, 4318214.043, 140
Trd, 4318214.893, 61
Trd, 4318215.043, 62
Trd, 4318216.093, 60
Trd, 4318216.693, 61
Trd, 4318217.393, 63
Trd, 4318217.493, 63
Trd, 4318217.793, 69
Trd, 4318218.643, 60
Trd, 4318219.143, 61
Trd, 4318219.393, 74
Trd, 4318220.043, 93
Trd, 4318220.993, 82
Trd, 4318221.693, 72
Trd, 4318222.343, 60
Trd, 4318222.543, 60
Trd, 4318222.843, 63
Trd, 4318223.343, 139
Trd, 4318224.143, 137
Trd, 4318224.743, 104
Trd, 4318225.843, 140
Trd, 4318227.093, 61
Trd, 4318227.393, 65
Trd, 4318227.543, 88
Trd, 4318228.443, 62
Trd, 4318229.493, 60
Trd, 4318229.593, 61
Trd, 4318229.893, 64
Trd, 4318230.143, 65
Trd, 4318230.443, 94
Trd, 4318230.643, 95
Trd, 4318231.493, 139
Trd, 4318231.993, 60
Trd, 4318232.443, 60
Trd, 4318233.143, 60
Trd, 4318233.993, 62
Trd, 4318234.193, 63
Trd, 4318234.893, 140
Trd, 4318235.943, 60
Trd, 4318235.993, 63
Trd, 4318236.293, 61
Trd, 4318236.743, 62
Trd, 4318237.743, 60
Trd, 4318237.943, 67
Trd, 4318238.543, 64
Trd, 4318239.093, 60
Trd, 4318239.343, 65
Trd, 4318239.793, 139
Trd, 4318240.193, 64
Trd, 4318240.893, 70
Trd, 4318242.043, 61
Trd, 4318242.343, 64
Trd, 4318242.393, 65
Trd, 4318243.893, 134
Trd, 4318244.793, 63
Trd, 4318245.093, 139
Trd, 4318245.543, 66
Trd, 4318245.593, 67
Trd, 4318246.343, 69
Trd, 4318246.693, 60
Trd, 4318247.293, 62
Trd, 4318247.443, 61
Trd, 4318248.093, 139
Trd, 4318248.293, 138
Trd, 4318249.793, 140
Trd, 4318250.643, 140
Trd, 4318250.843, 110
Trd, 4318251.893, 139
Trd, 4318252.593, 137
Trd, 4318252.893, 80
Trd, 4318253.343, 140
Trd, 4318253.543, 111
Trd, 4318254.893, 65
Trd, 4318255.493, 61
Trd, 4318255.593, 63
Trd, 4318255.993, 63
Trd, 4318256.393, 64
Trd, 4318256.843, 61
Trd, 4318256.993, 65
Trd, 4318257.943, 140
Trd, 4318258.993, 92
Trd, 4318259.493, 140
Trd, 4318259.993, 140
Trd, 4318260.643, 140
Trd, 4318261.093, 62
Trd, 4318261.743, 60
Trd, 4318261.943, 64
Trd, 4318262.193, 66
Trd, 4318263.043, 69
Trd, 4318264.043, 60
Trd, 4318264.243, 62
Trd, 4318264.793, 61
Trd, 4318265.193, 60
Trd, 4318265.293, 63
Trd, 4318265.643, 139
Trd, 4318266.843, 63
Trd, 4318267.393, 67
Trd, 4318268.643, 140
Trd, 4318269.743, 140
Trd, 4318270.343, 140
Trd, 4318272.043, 140
Trd, 4318272.193, 139
Trd, 4318272.243, 139
Trd, 4318272.943, 116
Trd, 4318273.043, 86
Trd, 4318273.743, 139
Trd, 4318274.043, 139
Trd, 4318274.843, 140
Trd, 4318275.093, 139
Trd, 4318275.693, 140
Trd, 4318276.093, 140
Trd, 4318277.243, 140
Trd, 4318278.293, 140
Trd, 4318278.943, 132
Trd, 4318280.093, 140
Trd, 4318280.543, 140
Trd, 4318281.043, 139
Trd, 4318281.443, 139
Trd, 4318281.493, 134
Trd, 4318282.243, 136
Trd, 4318283.193, 136
Trd, 4318283.593, 140
Trd, 4318284.293, 128
Trd, 4318284.543, 140
Trd, 4318285.393, 138
Trd, 4318285.443, 134
Trd, 4318286.243, 140
Trd, 4318288.043, 137
Trd, 4318288.193, 140
Trd, 4318288.443, 86
Trd, 4318288.993, 140
Trd, 4318289.293, 140
Trd, 4318291.593, 140
Trd, 4318291.743, 139
Trd, 4318292.043, 140
Trd, 4318293.543, 140
Trd, 4318293.743, 140
Trd, 4318294.143, 140
Trd, 4318294.343, 140
Trd, 4318294.543, 135
Trd, 4318296.043, 139
Trd, 4318296.393, 140
Trd, 4318296.943, 139
Trd, 4318297.693, 105
Trd, 4318298.693, 139
Trd, 4318298.743, 139
Trd, 4318298.993, 139
Trd, 4318299.393, 140
Trd, 4318299.743, 107
Trd, 4318300.243, 140
Trd, 4318301.093, 139
Trd, 4318301.593, 137
Trd, 4318302.043, 65
Trd, 4318302.543, 90
Trd, 4318303.793, 140
Trd, 4318304.243, 64
Trd, 4318304.293, 66
Trd, 4318304.843, 62
Trd, 4318305.043, 60
Trd, 4318306.293, 71
Trd, 4318306.343, 72
Trd, 4318306.893, 62
Trd, 4318307.243, 137
Trd, 4318307.743, 91
Trd, 4318308.593, 140
Trd, 4318309.243, 60
Trd, 4318309.443, 60
Trd, 4318310.293, 140
Trd, 4318310.793, 139
Trd, 4318311.293, 140
Trd, 4318312.743, 140
Trd, 4318312.843, 135
Trd, 4318313.093, 62
Trd, 4318314.993, 140
Trd, 4318315.393, 140
Trd, 4318315.993, 140
Trd, 4318316.293, 116
Trd, 4318317.143, 139
Trd, 4318317.493, 133
Trd, 4318318.293, 140
Trd, 4318318.793, 139
Trd, 4318318.943, 85
Trd, 4318319.643, 89
Trd, 4318320.893, 140
Trd, 4318321.993, 140
Trd, 4318322.493, 140
Trd, 4318322.893, 140
Trd, 4318323.293, 140
Trd, 4318324.293, 140
Trd, 4318324.593, 140
Trd, 4318325.493, 140
Trd, 4318326.393, 139
Trd, 4318326.443, 139
Trd, 4318326.543, 139
Trd, 4318327.543, 138
Trd, 4318327.743, 103
Trd, 4318328.443, 72
Trd, 4318328.593, 64
Trd, 4318329.743, 63
Trd, 4318330.043, 60
Trd, 4318330.943, 61
Trd, 4318331.143, 138
Trd, 4318332.543, 140
Trd, 4318333.143, 140
Trd, 4318334.543, 140
Trd, 4318334.743, 137
Trd, 4318334.893, 133
Trd, 4318335.593, 103
Trd, 4318335.993, 107
Trd, 4318336.243, 120
Trd, 4318336.693, 140
Trd, 4318337.943, 140
Trd, 4318338.193, 139
Trd, 4318338.393, 96
Trd, 4318338.943, 140
Trd, 4318339.193, 139
Trd, 4318340.443, 139
Trd, 4318340.943, 76
Trd, 4318342.993, 140
Trd, 4318343.093, 140
Trd, 4318343.293, 138
Trd, 4318344.043, 140
Trd, 4318344.593, 105
Trd, 4318345.143, 140
Trd, 4318345.493, 140
Trd, 4318346.643, 138
Trd, 4318347.643, 140
Trd, 4318347.793, 128
Trd, 4318347.843, 125
Trd, 4318348.693, 139
Trd, 4318350.293, 138
Trd, 4318350.543, 138
Trd, 4318351.643, 140
Trd, 4318352.643, 140
Trd, 4318353.043, 140
Trd, 4318353.093, 138
Trd, 4318353.743, 139
Trd, 4318354.743, 140
Trd, 4318354.943, 107
Trd, 4318355.093, 86
Trd, 4318357.293, 140
Trd, 4318357.643, 140
Trd, 4318358.243, 140
Trd, 4318358.293, 139
Trd, 4318359.393, 139
Trd, 4318359.693, 139
Trd, 4318360.293, 100
Trd, 4318360.793, 95
Trd, 4318361.593, 140
Trd, 4318362.243, 140
Trd, 4318362.343, 139
Trd, 4318363.793, 139
Trd, 4318364.643, 139
Trd, 4318364.993, 138
Trd, 4318365.043, 133
Trd, 4318365.843, 62
Trd, 4318366.493, 61
Trd, 4318367.293, 61
Trd, 4318367.693, 60
Trd, 4318368.343, 60
Trd, 4318369.193, 62
Trd, 4318369.293, 65
Trd, 4318369.743, 135
Trd, 4318370.043, 95
Trd, 4318370.693, 60
Trd, 4318371.893, 61
Trd, 4318372.793, 139
Trd, 4318372.943, 137
Trd, 4318373.493, 140
Trd, 4318373.993, 139
Trd, 4318374.843, 140
Trd, 4318375.293, 138
Trd, 4318375.443, 135
Trd, 4318376.243, 63
Trd, 4318377.293, 139
Trd, 4318378.043, 139
Trd, 4318379.243, 140
Trd, 4318379.493, 140
Trd, 4318379.793, 139
Trd, 4318380.743, 138
Trd, 4318381.343, 138
Trd, 4318381.393, 137
Trd, 4318382.143, 61
Trd, 4318382.243, 68
Trd, 4318382.593, 77
Trd, 4318383.793, 140
Trd, 4318384.393, 94
Trd, 4318385.693, 116
Trd, 4318386.343, 60
Trd, 4318387.643, 140
Trd, 4318388.143, 139
Trd, 4318388.543, 140
Trd, 4318388.793, 128
Trd, 4318389.143, 138
Trd, 4318389.843, 139
Trd, 4318389.943, 138
Trd, 4318391.243, 135
Trd, 4318391.893, 140
Trd, 4318392.193, 134
Trd, 4318393.643, 140
Trd, 4318394.293, 140
Trd, 4318394.343, 139
Trd, 4318394.393, 128
Trd, 4318394.993, 136
Trd, 4318395.393, 137
Trd, 4318396.193, 83
Trd, 4318396.843, 61
Trd, 4318396.993, 71
Trd, 4318397.743, 138
Trd, 4318399.443, 140
Trd, 4318399.493, 140
Trd, 4318399.943, 140
Trd, 4318400.743, 140
Trd, 4318401.743, 140
Trd, 4318402.693, 140
Trd, 4318402.993, 140
Trd, 4318403.393, 140
Trd, 4318403.843, 137
Trd, 4318404.193, 107
Trd, 4318405.243, 65
Trd, 4318405.343, 66
Trd, 4318405.543, 61
Trd, 4318405.793, 77
Trd, 4318406.643, 140
Trd, 4318407.093, 139
Trd, 4318407.343, 68
Trd, 4318408.743, 140
Trd, 4318409.193, 140
Trd, 4318409.293, 140
Trd, 4318410.043, 62
Trd, 4318410.193, 63
Trd, 4318411.293, 140
Trd, 4318411.893, 138
Trd, 4318412.593, 62
Trd, 4318413.143, 63
Trd, 4318413.543, 99
Trd, 4318414.743, 140
Trd, 4318415.393, 140
Trd, 4318416.093, 140
Trd, 4318416.293, 140
Trd, 4318416.393, 140
Trd, 4318417.043, 139
Trd, 4318418.943, 138
Trd, 4318419.343, 74
Trd, 4318420.393, 110
Trd, 4318420.893, 140
Trd, 4318421.893, 140
Trd, 4318422.093, 139
Trd, 4318422.243, 107
Trd, 4318423.243, 62
Trd, 4318423.443, 64
Trd, 4318424.043, 61
Trd, 4318424.493, 66
Trd, 4318425.093, 60
Trd, 4318425.193, 60
Trd, 4318425.443, 60
Trd, 4318425.793, 139
Trd, 4318426.243, 140
Trd, 4318427.443, 139
Trd, 4318428.593, 140
Trd, 4318429.243, 140
Trd, 4318429.343, 116
Trd, 4318430.093, 138
Trd, 4318430.543, 113
Trd, 4318430.593, 72
Trd, 4318431.443, 139
Trd, 4318432.393, 140
Trd, 4318433.193, 140
Trd, 4318433.643, 139
Trd, 4318434.143, 139
Trd, 4318435.293, 140
Trd, 4318435.643, 139
Trd, 4318435.743, 104
Trd, 4318436.993, 138
Trd, 4318437.043, 137
Trd, 4318437.193, 82
Trd, 4318437.643, 137
Trd, 4318438.643, 70
Trd, 4318439.243, 138
Trd, 4318440.193, 139
Trd, 4318440.343, 123
Trd, 4318441.943, 75
Trd, 4318441.993, 66
Trd, 4318442.593, 139
Trd, 4318442.943, 139
Trd, 4318443.393, 140
Trd, 4318443.893, 60
Trd, 4318444.893, 140
Trd, 4318446.293, 140
Trd, 4318446.443, 140
Trd, 4318446.643, 139
Trd, 4318447.443, 140
Trd, 4318447.643, 140
Trd, 4318448.443, 60
Trd, 4318448.893, 61
Trd, 4318449.493, 137
Trd, 4318450.243, 98
Trd, 4318450.793, 137
Trd, 4318451.243, 140
Trd, 4318452.143, 140
Trd, 4318453.093, 60
Trd, 4318453.143, 60
Trd, 4318454.593, 61
Trd, 4318455.293, 66
Trd, 4318455.493, 60
Trd, 4318455.743, 61
Trd, 4318456.393, 64
Trd, 4318456.493, 61
Trd, 4318457.243, 136
Trd, 4318457.643, 61
Trd, 4318458.293, 139
Trd, 4318459.543, 60
Trd, 4318459.893, 140
Trd, 4318462.343, 140
Trd, 4318462.543, 140
Trd, 4318462.893, 139
Trd, 4318464.493, 140
Trd, 4318464.893, 139
Trd, 4318464.993, 137
Trd, 4318466.393, 140
Trd, 4318467.193, 140
Trd, 4318467.893, 140
Trd, 4318468.293, 140
Trd, 4318468.543, 137
Trd, 4318468.893, 140
Trd, 4318469.143, 130
Trd, 4318469.693, 94
Trd, 4318470.243, 140
Trd, 4318471.043, 62
Trd, 4318471.093, 62
Trd, 4318472.593, 140
Trd, 4318472.743, 138
Trd, 4318473.743, 99
Trd, 4318474.443, 124
Trd, 4318475.793, 140
Trd, 4318475.943, 140
Trd, 4318477.443, 140
Trd, 4318477.843, 139
Trd, 4318478.893, 140
Trd, 4318479.443, 138
Trd, 4318479.643, 136
Trd, 4318479.793, 109
Trd, 4318480.793, 136
Trd, 4318481.443, 140
Trd, 4318481.593, 140
Trd, 4318481.693, 123
Trd, 4318482.743, 139
Trd, 4318483.843, 140
Trd, 4318484.893, 140
Trd, 4318485.143, 140
Trd, 4318485.393, 104
Trd, 4318485.543, 86
Trd, 4318486.193, 60
Trd, 4318486.743, 62
Trd, 4318486.893, 63
Trd, 4318487.693, 138
Trd, 4318488.643, 140
Trd, 4318489.493, 139
Trd, 4318489.543, 139
Trd, 4318489.993, 66
Trd, 4318490.343, 105
Trd, 4318491.493, 140
Trd, 4318491.593, 139
Trd, 4318492.143, 140
Trd, 4318492.593, 140
Trd, 4318492.693, 140
Trd, 4318492.743, 139
Trd, 4318494.743, 139
Trd, 4318495.193, 140
Trd, 4318495.743, 139
Trd, 4318496.293, 140
Trd, 4318496.493, 140
Trd, 4318497.243, 123
Trd, 4318497.893, 63
Trd, 4318498.643, 74
Trd, 4318499.943, 140
Trd, 4318500.493, 140
Trd, 4318500.693, 139
Trd, 4318501.193, 139
Trd, 4318501.643, 140
Trd, 4318502.243, 136
Trd, 4318502.693, 62
Trd, 4318503.043, 68
Trd, 4318504.343, 69
Trd, 4318504.393, 74
Trd, 4318504.843, 61
Trd, 4318505.493, 61
Trd, 4318505.693, 71
Trd, 4318506.293, 60
Trd, 4318506.943, 139
Trd, 4318507.193, 60
Trd, 4318509.193, 140
Trd, 4318509.893, 140
Trd, 4318509.993, 139
Trd, 4318510.043, 138
Trd, 4318510.093, 138
Trd, 4318510.543, 105
Trd, 4318512.093, 140
Trd, 4318512.893, 77
Trd, 4318513.743, 140
Trd, 4318515.443, 140
Trd, 4318515.793, 140
Trd, 4318516.243, 140
Trd, 4318517.193, 140
Trd, 4318517.443, 140
Trd, 4318517.693, 138
Trd, 4318517.893, 140
Trd, 4318518.643, 139
Trd, 4318518.793, 79
Trd, 4318520.043, 140
Trd, 4318520.743, 140
Trd, 4318521.743, 139
Trd, 4318521.943, 135
Trd, 4318522.943, 140
Trd, 4318522.993, 140
Trd, 4318523.293, 83
Trd, 4318525.193, 140
Trd, 4318525.993, 139
Trd, 4318526.043, 138
Trd, 4318527.143, 140
Trd, 4318527.393, 136
Trd, 4318527.843, 135
Trd, 4318528.943, 140
Trd, 4318529.693, 139
Trd, 4318530.143, 135
Trd, 4318530.443, 138
Trd, 4318531.693, 140
Trd, 4318531.743, 139
Trd, 4318531.793, 88
Trd, 4318532.093, 87
Trd, 4318532.693, 140
Trd, 4318533.293, 139
Trd, 4318533.743, 139
Trd, 4318534.543, 140
Trd, 4318534.943, 140
Trd, 4318535.393, 139
Trd, 4318536.393, 112
Trd, 4318537.293, 139
Trd, 4318537.843, 140
Trd, 4318538.093, 61
Trd, 4318538.593, 137
Trd, 4318539.893, 140
Trd, 4318540.043, 138
Trd, 4318543.493, 140
Trd, 4318543.693, 140
Trd, 4318543.943, 139
Trd, 4318544.693, 140
Trd, 4318544.793, 140
Trd, 4318545.893, 138
Trd, 4318547.193, 136
Trd, 4318547.243, 87
Trd, 4318547.593, 76
Trd, 4318547.743, 140
Trd, 4318548.643, 140
Trd, 4318548.693, 140
Trd, 4318550.543, 140
Trd, 4318550.743, 125
Trd, 4318550.843, 103
Trd, 4318551.243, 134
Trd, 4318551.643, 61
Trd, 4318552.143, 60
Trd, 4318552.943, 64
Trd, 4318553.243, 63
Trd, 4318553.643, 139
Trd, 4318555.093, 64
Trd, 4318555.143, 72
Trd, 4318556.543, 140
Trd, 4318556.893, 140
Trd, 4318556.943, 78
Trd, 4318559.143, 139
Trd, 4318559.293, 139
Trd, 4318559.993, 138
Trd, 4318560.343, 108
Trd, 4318561.493, 139
Trd, 4318561.843, 139
Trd, 4318562.243, 137
Trd, 4318563.243, 140
Trd, 4318563.893, 140
Trd, 4318563.943, 139
Trd, 4318564.593, 140
Trd, 4318565.493, 138
Trd, 4318565.843, 137
Trd, 4318566.543, 138
Trd, 4318566.993, 102
Trd, 4318567.893, 140
Trd, 4318567.993, 113
Trd, 4318568.593, 64
Trd, 4318569.893, 65
Trd, 4318570.543, 60
Trd, 4318570.993, 61
Trd, 4318572.443, 140
Trd, 4318572.743, 140
Trd, 4318573.143, 138
Trd, 4318573.693, 140
Trd, 4318573.793, 122
Trd, 4318574.143, 64
Trd, 4318574.493, 138
Trd, 4318575.593, 140
Trd, 4318577.193, 140
Trd, 4318577.543, 139
Trd, 4318577.943, 79
Trd, 4318578.493, 62
Trd, 4318579.543, 140
Trd, 4318580.593, 140
Trd, 4318582.143, 140
Trd, 4318582.593, 140
Trd, 4318582.693, 139
Trd, 4318583.893, 138
Trd, 4318584.293, 140
Trd, 4318584.793, 140
Trd, 4318585.193, 140
Trd, 4318585.343, 139
Trd, 4318585.943, 60
Trd, 4318586.193, 63
Trd, 4318586.693, 139
Trd, 4318587.543, 140
Trd, 4318587.643, 134
Trd, 4318589.143, 64
Trd, 4318589.893, 61
Trd, 4318590.193, 70
Trd, 4318591.443, 63
Trd, 4318591.693, 62
Trd, 4318591.793, 65
Trd, 4318592.493, 60
Trd, 4318593.393, 68
Trd, 4318593.693, 63
Trd, 4318593.943, 83
Trd, 4318595.793, 60
Trd, 4318595.843, 61
Trd, 4318596.093, 76
Trd, 4318596.793, 140
Trd, 4318597.643, 61
Trd, 4318598.393, 60
Trd, 4318598.443, 62
Trd, 4318599.943, 60
Trd, 4318600.193, 60
Trd, 4318600.793, 61
Trd, 4318600.843, 62
Trd, 4318601.093, 60
Trd, 4318602.243, 60
Trd, 4318602.343, 62
Trd, 4318603.943, 60
Trd, 4318604.493, 60
Trd, 4318604.593, 62
Trd, 4318604.943, 62
Trd, 4318605.393, 66
Trd, 4318605.943, 64
Trd, 4318605.993, 67
Trd, 4318606.993, 60
Trd, 4318609.043, 60
Trd, 4318609.393, 60
Trd, 4318609.593, 61
Trd, 4318609.743, 69
Trd, 4318610.393, 140
Trd, 4318611.493, 140
Trd, 4318612.293, 140
Trd, 4318612.543, 75
Trd, 4318612.793, 120
Trd, 4318613.093, 67
Trd, 4318613.343, 63
Trd, 4318615.243, 140
Trd, 4318615.643, 140
Trd, 4318616.193, 140
Trd, 4318616.493, 139
Trd, 4318616.543, 134
Trd, 4318617.193, 130
Trd, 4318617.793, 70
Trd, 4318619.643, 140
Trd, 4318620.243, 140
Trd, 4318620.393, 140
Trd, 4318621.843, 140
Trd, 4318621.893, 140
Trd, 4318622.343, 139
Trd, 4318623.493, 138
Trd, 4318623.893, 140
Trd, 4318624.093, 140
Trd, 4318625.043, 94
Trd, 4318625.893, 140
Trd, 4318626.943, 61
Trd, 4318627.293, 60
Trd, 4318628.993, 140
Trd, 4318629.143, 140
Trd, 4318629.393, 140
Trd, 4318629.793, 139
Trd, 4318630.443, 140
Trd, 4318632.143, 140
Trd, 4318633.243, 140
Trd, 4318633.843, 140
Trd, 4318634.443, 135
Trd, 4318634.593, 138
Trd, 4318635.943, 140
Trd, 4318636.143, 136
Trd, 4318637.893, 140
Trd, 4318637.943, 79
Trd, 4318638.143, 140
Trd, 4318638.893, 68
Trd, 4318639.243, 108
Trd, 4318639.743, 76
Trd, 4318640.293, 140
Trd, 4318640.993, 140
Trd, 4318641.043, 139
Trd, 4318641.743, 60
Trd, 4318642.093, 61
Trd, 4318642.293, 62
Trd, 4318643.243, 139
Trd, 4318644.093, 115
Trd, 4318644.293, 139
Trd, 4318644.643, 61
Trd, 4318645.343, 61
Trd, 4318645.493, 71
Trd, 4318646.393, 62
Trd, 4318646.793, 60
Trd, 4318648.243, 62
Trd, 4318648.293, 67
Trd, 4318648.693, 61
Trd, 4318649.843, 60
Trd, 4318650.393, 60
Trd, 4318650.743, 61
Trd, 4318650.793, 62
Trd, 4318652.093, 140
Trd, 4318652.393, 134
Trd, 4318652.693, 139
Trd, 4318652.893, 100
Trd, 4318654.243, 140
Trd, 4318655.793, 140
Trd, 4318655.943, 140
Trd, 4318656.843, 140
Trd, 4318657.643, 140
Trd, 4318657.943, 140
Trd, 4318658.643, 140
Trd, 4318659.243, 140
Trd, 4318659.843, 107
Trd, 4318660.543, 140
Trd, 4318661.143, 140
Trd, 4318661.543, 140
Trd, 4318661.993, 112
Trd, 4318663.093, 132
Trd, 4318664.243, 140
Trd, 4318664.393, 138
Trd, 4318664.493, 66
Trd, 4318665.093, 69
Trd, 4318665.393, 61
Trd, 4318666.043, 60
Trd, 4318666.693, 140
Trd, 4318668.193, 140
Trd, 4318668.693, 140
Trd, 4318669.043, 139
Trd, 4318669.993, 140
Trd, 4318670.293, 140
Trd, 4318671.193, 140
Trd, 4318671.443, 139
Trd, 4318672.443, 139
Trd, 4318673.543, 140
Trd, 4318673.693, 63
Trd, 4318674.043, 140
Trd, 4318674.593, 138
Trd, 4318674.893, 82
Trd, 4318675.943, 140
Trd, 4318676.093, 137
Trd, 4318676.843, 139
Trd, 4318677.793, 139
Trd, 4318677.943, 139
Trd, 4318678.643, 62
Trd, 4318678.793, 66
Trd, 4318679.193, 79
Trd, 4318680.193, 60
Trd, 4318680.543, 65
Trd, 4318680.943, 70
Trd, 4318681.343, 60
Trd, 4318682.393, 85
Trd, 4318683.543, 139
Trd, 4318683.593, 104
Trd, 4318683.943, 140
Trd, 4318685.493, 139
Trd, 4318686.843, 139
Trd, 4318687.793, 139
Trd, 4318688.043, 138
Trd, 4318688.293, 107
Trd, 4318688.493, 140
Trd, 4318688.943, 97
Trd, 4318689.793, 140
Trd, 4318689.843, 130
Trd, 4318690.093, 140
Trd, 4318690.443, 138
Trd, 4318691.343, 140
Trd, 4318691.393, 138
Trd, 4318692.043, 139
Trd, 4318692.793, 140
Trd, 4318694.193, 137
Trd, 4318694.693, 137
Trd, 4318694.843, 140
Trd, 4318695.343, 115
Trd, 4318696.193, 138
Trd, 4318696.643, 60
Trd, 4318697.193, 140
Trd, 4318697.993, 140
Trd, 4318698.693, 139
Trd, 4318699.143, 139
Trd, 4318700.393, 139
Trd, 4318700.693, 120
Trd, 4318701.493, 140
Trd, 4318701.943, 66
Trd, 4318702.493, 61
Trd, 4318702.893, 63
Trd, 4318702.943, 64
Trd, 4318703.493, 65
Trd, 4318704.243, 103
Trd, 4318705.593, 64
Trd, 4318706.043, 66
Trd, 4318707.043, 61
Trd, 4318707.293, 62
Trd, 4318707.793, 64
Trd, 4318708.793, 60
Trd, 4318708.843, 65
Trd, 4318709.443, 140
Trd, 4318709.743, 140
Trd, 4318711.693, 140
Trd, 4318711.993, 140
Trd, 4318712.493, 140
Trd, 4318712.643, 140
Trd, 4318713.193, 138
Trd, 4318713.343, 110
Trd, 4318714.093, 91
Trd, 4318714.443, 74
Trd, 4318715.243, 140
Trd, 4318717.243, 140
Trd, 4318717.993, 140
Trd, 4318718.043, 140
Trd, 4318718.093, 138
Trd, 4318718.793, 70
Trd, 4318719.543, 140
Trd, 4318719.643, 140
Trd, 4318719.693, 138
Trd, 4318721.343, 140
Trd, 4318721.893, 139
Trd, 4318722.143, 140
Trd, 4318723.293, 108
Trd, 4318723.693, 131
Trd, 4318724.693, 140
Trd, 4318724.743, 138
Trd, 4318725.043, 108
Trd, 4318725.943, 64
Trd, 4318725.993, 75
Trd, 4318726.743, 61
Trd, 4318726.993, 61
Trd, 4318727.643, 60
Trd, 4318728.043, 63
Trd, 4318728.493, 61
Trd, 4318729.093, 62
Trd, 4318729.793, 90
Trd, 4318730.143, 65
Trd, 4318730.693, 140
Trd, 4318732.793, 140
Trd, 4318733.293, 112
Trd, 4318733.743, 140
Trd, 4318734.093, 126
Trd, 4318734.193, 139
Trd, 4318734.543, 136
Trd, 4318734.593, 103
Trd, 4318735.243, 140
Trd, 4318736.443, 140
Trd, 4318737.043, 61
Trd, 4318737.193, 62
Trd, 4318737.843, 80
Trd, 4318738.343, 133
Trd, 4318739.343, 140
Trd, 4318739.993, 139
Trd, 4318740.693, 140
Trd, 4318740.793, 89
Trd, 4318740.993, 68
Trd, 4318742.043, 139
Trd, 4318742.893, 140
Trd, 4318743.593, 137
Trd, 4318744.143, 60
Trd, 4318744.293, 63
Trd, 4318744.643, 140
Trd, 4318745.143, 137
Trd, 4318746.543, 140
Trd, 4318746.843, 140
Trd, 4318747.443, 140
Trd, 4318747.643, 134
Trd, 4318748.393, 62
Trd, 4318749.593, 140
Trd, 4318750.393, 139
Trd, 4318750.443, 139
Trd, 4318751.243, 61
Trd, 4318751.393, 67
Trd, 4318752.143, 61
Trd, 4318753.293, 61
Trd, 4318753.493, 62
Trd, 4318754.943, 140
Trd, 4318755.293, 140
Trd, 4318755.443, 139
Trd, 4318755.543, 130
Trd, 4318755.843, 60
Trd, 4318756.293, 104
Trd, 4318756.693, 140
Trd, 4318757.843, 140
Trd, 4318757.893, 139
Trd, 4318759.993, 139
Trd, 4318760.243, 92
Trd, 4318760.543, 138
Trd, 4318761.043, 140
Trd, 4318761.443, 139
Trd, 4318761.543, 87
Trd, 4318762.143, 140
Trd, 4318763.093, 140
Trd, 4318763.343, 64
Trd, 4318764.393, 66
Trd, 4318766.043, 140
Trd, 4318766.643, 140
Trd, 4318766.743, 140
Trd, 4318767.143, 136
Trd, 4318768.043, 140
Trd, 4318768.293, 123
Trd, 4318768.443, 81
Trd, 4318768.893, 61
Trd, 4318768.943, 82
Trd, 4318769.643, 62
Trd, 4318770.443, 139
Trd, 4318771.293, 67
Trd, 4318771.593, 64
Trd, 4318771.843, 140
Trd, 4318772.593, 62
Trd, 4318773.493, 140
Trd, 4318773.593, 139
Trd, 4318774.643, 139
Trd, 4318775.093, 140
Trd, 4318775.643, 139
Trd, 4318775.943, 86
Trd, 4318777.843, 140
Trd, 4318777.993, 140
Trd, 4318778.593, 138
Trd, 4318779.243, 139
Trd, 4318780.243, 60
Trd, 4318780.493, 91
Trd, 4318781.643, 139
Trd, 4318781.743, 92
Trd, 4318782.093, 137
Trd, 4318783.343, 140
Trd, 4318784.043, 140
Trd, 4318784.493, 140
Trd, 4318784.843, 140
Trd, 4318785.443, 93
Trd, 4318785.593, 135
Trd, 4318785.743, 138
Trd, 4318786.893, 140
Trd, 4318787.443, 140
Trd, 4318787.643, 101
Trd, 4318788.293, 62
Trd, 4318788.843, 70
Trd, 4318789.743, 70
Trd, 4318790.493, 60
Trd, 4318790.593, 64
Trd, 4318791.043, 140
Trd, 4318791.293, 138
Trd, 4318791.493, 68
Trd, 4318792.143, 76
Trd, 4318792.393, 77
Trd, 4318793.493, 60
Trd, 4318793.693, 61
Trd, 4318795.393, 60
Trd, 4318795.493, 61
Trd, 4318795.793, 65
Trd, 4318796.043, 65
Trd, 4318796.993, 62
Trd, 4318797.893, 61
Trd, 4318798.143, 61
Trd, 4318798.693, 62
Trd, 4318800.043, 60
Trd, 4318800.243, 60
Trd, 4318800.593, 64
Trd, 4318801.443, 61
Trd, 4318801.543, 61
Trd, 4318801.793, 64
Trd, 4318802.593, 73
Trd, 4318803.043, 64
Trd, 4318803.793, 65
Trd, 4318804.793, 66
Trd, 4318805.043, 67
Trd, 4318805.493, 139
Trd, 4318805.543, 83
Trd, 4318806.093, 63
Trd, 4318806.843, 71
Trd, 4318808.243, 60
Trd, 4318808.443, 61
Trd, 4318808.643, 60
Trd, 4318809.893, 62
Trd, 4318810.443, 60
Trd, 4318810.993, 61
Trd, 4318811.343, 60
Trd, 4318811.493, 74
Trd, 4318812.393, 140
Trd, 4318812.543, 84
Trd, 4318813.143, 137
Trd, 4318814.443, 140
Trd, 4318814.893, 139
Trd, 4318815.743, 138
Trd, 4318816.543, 135
Trd, 4318816.593, 134
Trd, 4318816.993, 140
Trd, 4318817.093, 103
Trd, 4318817.443, 60
Trd, 4318817.793, 136
Trd, 4318818.193, 138
Trd, 4318819.293, 138
Trd, 4318820.543, 130
Trd, 4318820.693, 91
Trd, 4318821.443, 85
Trd, 4318821.593, 84
Trd, 4318821.943, 70
Trd, 4318822.193, 60
Trd, 4318822.493, 137
Trd, 4318823.443, 139
Trd, 4318824.343, 140
Trd, 4318824.643, 138
Trd, 4318825.593, 139
Trd, 4318825.643, 138
Trd, 4318826.493, 139
Trd, 4318826.743, 139
Trd, 4318827.693, 100
Trd, 4318828.393, 61
Trd, 4318829.243, 61
Trd, 4318829.693, 64
Trd, 4318829.893, 65
Trd, 4318830.593, 139
Trd, 4318832.093, 138
Trd, 4318832.443, 138
Trd, 4318833.043, 140
Trd, 4318833.743, 97
Trd, 4318834.393, 140
Trd, 4318834.893, 140
Trd, 4318835.093, 138
Trd, 4318835.643, 137
Trd, 4318836.243, 138
Trd, 4318836.393, 136
Trd, 4318836.593, 106
Trd, 4318837.693, 138
Trd, 4318837.843, 110
Trd, 4318838.193, 140
Trd, 4318838.793, 60
Trd, 4318838.893, 60
Trd, 4318840.843, 140
Trd, 4318840.943, 112
Trd, 4318841.893, 140
Trd, 4318842.693, 140
Trd, 4318843.243, 140
Trd, 4318844.593, 140
Trd, 4318844.843, 140
Trd, 4318844.943, 89
Trd, 4318845.643, 70
Trd, 4318846.243, 65
Trd, 4318846.993, 60
Trd, 4318847.393, 61
Trd, 4318847.643, 64
Trd, 4318847.843, 64
Trd, 4318848.193, 83
Trd, 4318848.493, 60
Trd, 4318849.193, 60
Trd, 4318849.543, 140
Trd, 4318850.493, 123
Trd, 4318851.193, 140
Trd, 4318851.293, 102
Trd, 4318852.843, 140
Trd, 4318853.193, 139
Trd, 4318853.793, 139
Trd, 4318853.943, 138
Trd, 4318854.093, 108
Trd, 4318854.993, 140
Trd, 4318857.393, 140
Trd, 4318857.593, 138
Trd, 4318857.993, 80
Trd, 4318858.193, 65
Trd, 4318858.493, 63
Trd, 4318858.943, 140
Trd, 4318859.093, 67
Trd, 4318859.493, 60
Trd, 4318860.043, 64
Trd, 4318860.193, 137
Trd, 4318861.243, 65
Trd, 4318861.543, 60
Trd, 4318862.093, 67
Trd, 4318862.143, 68
Trd, 4318862.943, 140
Trd, 4318863.093, 139
Trd, 4318863.493, 119
Trd, 4318864.093, 138
Trd, 4318865.043, 137
Trd, 4318865.693, 65
Trd, 4318865.943, 139
Trd, 4318866.743, 140
Trd, 4318867.943, 140
Trd, 4318868.243, 139
Trd, 4318868.393, 139
Trd, 4318868.593, 93
Trd, 4318869.893, 139
Trd, 4318870.943, 67
Trd, 4318871.693, 140
Trd, 4318872.793, 140
Trd, 4318873.793, 140
Trd, 4318873.843, 140
Trd, 4318874.293, 139
Trd, 4318874.343, 79
Trd, 4318875.843, 140
Trd, 4318876.393, 140
Trd, 4318876.443, 139
Trd, 4318876.943, 90
Trd, 4318877.143, 138
Trd, 4318877.943, 68
Trd, 4318878.443, 69
Trd, 4318878.793, 61
Trd, 4318879.993, 140
Trd, 4318880.593, 140
Trd, 4318881.793, 140
Trd, 4318881.993, 140
Trd, 4318882.343, 140
Trd, 4318883.293, 140
Trd, 4318884.543, 140
Trd, 4318884.943, 140
Trd, 4318885.443, 140
Trd, 4318886.093, 139
Trd, 4318886.643, 139
Trd, 4318886.893, 140
Trd, 4318887.893, 140
Trd, 4318888.093, 139
Trd, 4318888.893, 140
Trd, 4318889.543, 139
Trd, 4318889.943, 136
Trd, 4318890.093, 116
Trd, 4318891.193, 70
Trd, 4318891.943, 137
Trd, 4318892.843, 137
Trd, 4318894.043, 140
Trd, 4318894.343, 140
Trd, 4318894.593, 136
Trd, 4318894.743, 136
Trd, 4318895.493, 106
Trd, 4318895.643, 80
Trd, 4318896.343, 139
Trd, 4318897.593, 60
Trd, 4318897.843, 61
Trd, 4318898.993, 140
Trd, 4318899.643, 140
Trd, 4318899.693, 139
Trd, 4318901.143, 139
Trd, 4318901.243, 137
Trd, 4318901.443, 130
Trd, 4318901.743, 86
Trd, 4318902.293, 139
Trd, 4318903.843, 140
Trd, 4318904.043, 140
Trd, 4318904.493, 140
Trd, 4318905.243, 140
Trd, 4318905.293, 109
Trd, 4318905.793, 136
Trd, 4318907.093, 139
Trd, 4318907.493, 140
Trd, 4318908.493, 61
Trd, 4318909.193, 80
Trd, 4318909.643, 60
Trd, 4318909.793, 67
Trd, 4318910.143, 138
Trd, 4318910.493, 140
Trd, 4318912.093, 140
Trd, 4318913.343, 140
Trd, 4318913.643, 139
Trd, 4318913.943, 105
Trd, 4318914.343, 140
Trd, 4318914.893, 93
Trd, 4318915.293, 92
Trd, 4318915.743, 65
Trd, 4318916.743, 138
Trd, 4318918.493, 140
Trd, 4318918.693, 139
Trd, 4318919.293, 139
Trd, 4318919.443, 139
Trd, 4318919.893, 140
Trd, 4318921.693, 95
Trd, 4318922.043, 88
Trd, 4318923.043, 140
Trd, 4318923.143, 140
Trd, 4318923.693, 140
Trd, 4318923.793, 140
Trd, 4318925.143, 76
Trd, 4318925.343, 78
Trd, 4318925.643, 140
Trd, 4318926.143, 62
Trd, 4318926.993, 66
Trd, 4318927.143, 64
Trd, 4318927.443, 73
Trd, 4318928.243, 65
Trd, 4318928.693, 63
Trd, 4318929.443, 140
Trd, 4318930.443, 60
Trd, 4318930.543, 62
Trd, 4318930.843, 62
Trd, 4318931.943, 60
Trd, 4318932.093, 62
Trd, 4318933.293, 140
Trd, 4318934.193, 60
Trd, 4318934.993, 60
Trd, 4318935.243, 60
Trd, 4318935.393, 61
Trd, 4318936.543, 140
Trd, 4318938.543, 140
Trd, 4318938.593, 139
Trd, 4318938.993, 139
Trd, 4318939.043, 135
Trd, 4318939.693, 139
Trd, 4318940.943, 140
Trd, 4318941.493, 140
Trd, 4318941.893, 139
Trd, 4318942.843, 140
Trd, 4318943.343, 123
Trd, 4318944.293, 139
Trd, 4318944.643, 139
Trd, 4318944.893, 117
Trd, 4318945.693, 139
Trd, 4318946.193, 63
Trd, 4318946.443, 137
Trd, 4318947.043, 137
Trd, 4318947.993, 140
Trd, 4318948.043, 140
Trd, 4318948.343, 62
Trd, 4318948.593, 63
Trd, 4318948.993, 139
Trd, 4318950.443, 62
Trd, 4318951.593, 62
Trd, 4318951.693, 62
Trd, 4318952.043, 68
Trd, 4318953.643, 62
Trd, 4318953.793, 135
Trd, 4318954.993, 60
Trd, 4318955.143, 62
Trd, 4318955.343, 62
Trd, 4318955.493, 68
Trd, 4318956.943, 62
Trd, 4318957.293, 68
Trd, 4318957.743, 72
Trd, 4318958.243, 62
Trd, 4318959.493, 140
Trd, 4318959.993, 60
Trd, 4318960.143, 99
Trd, 4318961.393, 67
Trd, 4318961.443, 63
Trd, 4318961.493, 69
Trd, 4318961.843, 78
Trd, 4318963.043, 60
Trd, 4318963.243, 62
Trd, 4318963.293, 63
Trd, 4318964.493, 140
Trd, 4318964.693, 139
Trd, 4318966.043, 140
Trd, 4318966.293, 139
Trd, 4318967.343, 121
Trd, 4318967.993, 140
Trd, 4318968.243, 139
Trd, 4318968.493, 137
Trd, 4318969.493, 139
Trd, 4318969.643, 140
Trd, 4318970.893, 136
Trd, 4318971.143, 101
Trd, 4318972.193, 140
Trd, 4318972.343, 126
Trd, 4318972.693, 140
Trd, 4318974.493, 140
Trd, 4318974.943, 140
Trd, 4318975.143, 139
Trd, 4318975.643, 139
Trd, 4318977.343, 140
Trd, 4318977.393, 139
Trd, 4318977.643, 138
Trd, 4318978.143, 140
Trd, 4318978.343, 136
Trd, 4318978.643, 138
Trd, 4318979.693, 140
Trd, 4318980.643, 139
Trd, 4318980.943, 125
Trd, 4318981.743, 139
Trd, 4318981.893, 78
Trd, 4318982.543, 85
Trd, 4318982.993, 140
Trd, 4318983.943, 139
Trd, 4318985.443, 140
Trd, 4318985.643, 140
Trd, 4318985.743, 139
Trd, 4318986.343, 137
Trd, 4318986.693, 139
Trd, 4318986.993, 83
Trd, 4318988.543, 140
Trd, 4318988.643, 136
Trd, 4318990.193, 140
Trd, 4318990.693, 140
Trd, 4318990.793, 140
Trd, 4318992.093, 140
Trd, 4318992.393, 139
Trd, 4318992.843, 138
Trd, 4318993.743, 137
Trd, 4318993.993, 136
Trd, 4318995.193, 140
Trd, 4318995.593, 140
Trd, 4318996.043, 68
Trd, 4318996.343, 98
Trd, 4318997.793, 60
Trd, 4318998.543, 60
Trd, 4318998.643, 62
Trd, 4318999.293, 139
Trd, 4318999.593, 98
Trd, 4319000.143, 137
Trd, 4319000.243, 138
Trd, 4319001.093, 140
Trd, 4319001.993, 139
Trd, 4319002.343, 62
Trd, 4319002.843, 63
Trd, 4319003.793, 137
Trd, 4319004.693, 63
Trd, 4319004.943, 67
Trd, 4319005.143, 138
Trd, 4319006.243, 138
Trd, 4319006.993, 140
Trd, 4319007.343, 140
Trd, 4319008.243, 140
Trd, 4319009.293, 140
Trd, 4319009.393, 140
Trd, 4319010.343, 138
Trd, 4319011.393, 92
Trd, 4319011.643, 68
Trd, 4319012.143, 60
Trd, 4319013.343, 60
Trd, 4319013.993, 60
Trd, 4319014.293, 60
Trd, 4319014.793, 61
Trd, 4319015.393, 61
Trd, 4319015.593, 67
Trd, 4319015.743, 62
Trd, 4319016.343, 140
Trd, 4319017.043, 110
Trd, 4319017.493, 62
Trd, 4319018.743, 139
Trd, 4319019.343, 81
Trd, 4319019.743, 140
Trd, 4319020.643, 140
Trd, 4319021.293, 140
Trd, 4319021.393, 139
Trd, 4319022.443, 140
Trd, 4319023.193, 137
Trd, 4319023.693, 138
Trd, 4319024.593, 137
Trd, 4319025.693, 140
Trd, 4319026.193, 140
Trd, 4319026.293, 139
Trd, 4319026.443, 136
Trd, 4319026.793, 135
Trd, 4319027.393, 77
Trd, 4319028.243, 64
Trd, 4319028.843, 140
Trd, 4319029.743, 140
Trd, 4319029.893, 140
Trd, 4319030.643, 140
Trd, 4319031.093, 140
Trd, 4319031.993, 140
Trd, 4319032.593, 140
Trd, 4319032.643, 101
Trd, 4319032.893, 138
Trd, 4319033.493, 117
Trd, 4319033.793, 138
Trd, 4319034.743, 91
Trd, 4319035.943, 140
Trd, 4319037.543, 140
Trd, 4319037.593, 139
Trd, 4319038.043, 61
Trd, 4319038.193, 61
Trd, 4319039.093, 62
Trd, 4319039.893, 134
Trd, 4319040.193, 140
Trd, 4319041.643, 140
Trd, 4319042.193, 140
Trd, 4319042.443, 139
Trd, 4319042.543, 139
Trd, 4319043.043, 138
Trd, 4319043.643, 106
Trd, 4319044.743, 140
Trd, 4319045.143, 140
Trd, 4319046.593, 140
Trd, 4319046.743, 139
Trd, 4319047.443, 140
Trd, 4319047.543, 140
Trd, 4319047.693, 139
Trd, 4319049.943, 140
Trd, 4319050.043, 138
Trd, 4319050.943, 140
Trd, 4319051.043, 139
Trd, 4319051.343, 105
Trd, 4319052.643, 139
Trd, 4319053.843, 140
Trd, 4319054.393, 137
Trd, 4319054.493, 131
Trd, 4319054.643, 103
Trd, 4319055.293, 64
Trd, 4319055.493, 65
Trd, 4319057.043, 140
Trd, 4319057.093, 140
Trd, 4319057.643, 140
Trd, 4319057.693, 140
Trd, 4319057.943, 139
Trd, 4319058.543, 103
Trd, 4319059.743, 135
Trd, 4319060.493, 139
Trd, 4319060.893, 138
Trd, 4319060.993, 134
Trd, 4319061.143, 105
Trd, 4319061.943, 117
Trd, 4319062.643, 140
Trd, 4319063.543, 140
Trd, 4319064.043, 139
Trd, 4319064.693, 140
Trd, 4319065.943, 139
Trd, 4319066.343, 137
Trd, 4319067.793, 140
Trd, 4319067.843, 140
Trd, 4319067.893, 95
Trd, 4319069.043, 138
Trd, 4319069.943, 140
Trd, 4319070.643, 140
Trd, 4319070.993, 139
Trd, 4319072.343, 139
Trd, 4319073.393, 140
Trd, 4319073.643, 139
Trd, 4319075.093, 140
Trd, 4319075.343, 140
Trd, 4319075.993, 140
Trd, 4319076.043, 138
Trd, 4319076.643, 140
Trd, 4319077.043, 140
Trd, 4319077.443, 138
Trd, 4319078.493, 140
Trd, 4319079.293, 110
Trd, 4319079.443, 140
Trd, 4319080.043, 140
Trd, 4319080.093, 115
Trd, 4319081.393, 63
Trd, 4319081.793, 67
Trd, 4319081.993, 70
Trd, 4319082.943, 140
Trd, 4319083.493, 140
Trd, 4319083.843, 139
Trd, 4319084.093, 61
Trd, 4319084.993, 140
Trd, 4319085.843, 140
Trd, 4319086.143, 92
Trd, 4319086.843, 140
Trd, 4319087.093, 65
Trd, 4319087.993, 140
Trd, 4319090.193, 139
Trd, 4319091.043, 140
Trd, 4319091.543, 134
Trd, 4319091.743, 138
Trd, 4319091.843, 105
Trd, 4319091.993, 86
Trd, 4319092.893, 140
Trd, 4319095.643, 140
Trd, 4319096.143, 140
Trd, 4319096.243, 138
Trd, 4319096.693, 140
Trd, 4319097.143, 140
Trd, 4319097.643, 140
Trd, 4319097.693, 140
Trd, 4319098.043, 140
Trd, 4319099.893, 140
Trd, 4319100.043, 112
Trd, 4319100.943, 66
Trd, 4319101.493, 62
Trd, 4319102.193, 62
Trd, 4319102.393, 63
Trd, 4319102.593, 60
Trd, 4319102.993, 68
Trd, 4319103.543, 61
Trd, 4319104.193, 140
Trd, 4319104.243, 139
Trd, 4319104.743, 136
Trd, 4319104.843, 106
Trd, 4319105.943, 140
Trd, 4319106.893, 140
Trd, 4319108.343, 140
Trd, 4319108.493, 140
Trd, 4319109.043, 140
Trd, 4319110.243, 140
Trd, 4319110.843, 139
Trd, 4319111.093, 111
Trd, 4319111.543, 138
Trd, 4319112.193, 60
Trd, 4319112.293, 61
Trd, 4319112.843, 140
Trd, 4319113.693, 136
Trd, 4319113.943, 126
Trd, 4319114.193, 136
Trd, 4319114.893, 67
Trd, 4319115.393, 60
Trd, 4319116.543, 140
Trd, 4319116.743, 139
Trd, 4319117.443, 139
Trd, 4319117.793, 78
Trd, 4319119.893, 139
Trd, 4319120.043, 137
Trd, 4319120.543, 62
Trd, 4319120.993, 140
Trd, 4319121.193, 60
Trd, 4319121.343, 62
Trd, 4319122.693, 140
Trd, 4319123.243, 140
Trd, 4319123.543, 140
Trd, 4319124.143, 140
Trd, 4319124.393, 62
Trd, 4319126.493, 139
Trd, 4319127.093, 140
Trd, 4319127.443, 109
Trd, 4319127.943, 119
Trd, 4319128.643, 66
Trd, 4319128.793, 74
Trd, 4319129.193, 74
Trd, 4319129.243, 120
Trd, 4319129.393, 60
Trd, 4319129.593, 122
Trd, 4319130.993, 140
Trd, 4319131.893, 140
Trd, 4319132.043, 137
Trd, 4319133.593, 140
Trd, 4319134.593, 140
Trd, 4319134.893, 140
Trd, 4319135.593, 140
Trd, 4319136.393, 140
Trd, 4319136.743, 140
Trd, 4319137.493, 119
Trd, 4319137.643, 92
Trd, 4319138.093, 62
Trd, 4319138.743, 61
Trd, 4319139.093, 62
Trd, 4319139.193, 65
Trd, 4319139.493, 121
Trd, 4319140.593, 63
Trd, 4319141.393, 69
Trd, 4319141.893, 140
Trd, 4319142.293, 140
Trd, 4319143.243, 138
Trd, 4319143.843, 140
Trd, 4319144.243, 96
Trd, 4319144.493, 68
Trd, 4319146.493, 140
Trd, 4319147.043, 140
Trd, 4319147.343, 140
Trd, 4319148.543, 137
Trd, 4319148.993, 140
Trd, 4319149.343, 128
Trd, 4319149.643, 139
Trd, 4319149.793, 118
Trd, 4319151.493, 60
Trd, 4319151.693, 63
Trd, 4319151.993, 60
Trd, 4319152.143, 61
Trd, 4319152.643, 64
Trd, 4319153.393, 140
Trd, 4319153.693, 140
Trd, 4319153.743, 136
Trd, 4319155.543, 60
Trd, 4319155.893, 68
Trd, 4319156.943, 140
Trd, 4319157.243, 137
Trd, 4319157.593, 94
Trd, 4319158.993, 138
Trd, 4319159.143, 118
Trd, 4319159.693, 140
Trd, 4319160.543, 140
Trd, 4319161.193, 137
Trd, 4319161.593, 135
Trd, 4319162.143, 61
Trd, 4319162.243, 66
Trd, 4319163.393, 60
Trd, 4319163.793, 64
Trd, 4319164.443, 140
Trd, 4319164.543, 140
Trd, 4319165.293, 139
Trd, 4319165.593, 62
Trd, 4319165.893, 61
Trd, 4319166.443, 140
Trd, 4319167.243, 140
Trd, 4319167.943, 140
Trd, 4319168.693, 140
Trd, 4319169.943, 132
Trd, 4319170.893, 139
Trd, 4319171.443, 138
Trd, 4319171.643, 138
Trd, 4319171.693, 137
Trd, 4319172.143, 139
Trd, 4319173.393, 139
Trd, 4319173.843, 139
Trd, 4319174.443, 140
Trd, 4319175.193, 95
Trd, 4319176.393, 140
Trd, 4319176.793, 137
Trd, 4319176.893, 140
Trd, 4319177.793, 140
Trd, 4319177.843, 138
Trd, 4319179.043, 140
Trd, 4319179.593, 60
Trd, 4319180.093, 60
Trd, 4319180.143, 60
Trd, 4319180.643, 63
Trd, 4319181.143, 127
Trd, 4319182.243, 140
Trd, 4319183.043, 63
Trd, 4319183.693, 139
Trd, 4319185.043, 140
Trd, 4319185.893, 140
Trd, 4319186.243, 140
Trd, 4319186.693, 139
Trd, 4319188.193, 140
Trd, 4319188.493, 139
Trd, 4319188.693, 140
Trd, 4319189.193, 140
Trd, 4319189.443, 135
Trd, 4319189.693, 137
Trd, 4319191.343, 140
Trd, 4319191.443, 140
Trd, 4319192.393, 140
Trd, 4319192.493, 138
Trd, 4319193.243, 140
Trd, 4319194.693, 139
Trd, 4319194.743, 138
Trd, 4319194.943, 139
Trd, 4319194.993, 98
Trd, 4319196.293, 69
Trd, 4319196.643, 120
Trd, 4319196.893, 62
Trd, 4319197.643, 68
Trd, 4319198.593, 139
Trd, 4319198.843, 140
Trd, 4319200.193, 140
Trd, 4319200.393, 137
Trd, 4319200.943, 125
Trd, 4319201.943, 140
Trd, 4319202.443, 140
Trd, 4319202.643, 137
Trd, 4319202.843, 108
Trd, 4319202.893, 99
Trd, 4319204.493, 140
Trd, 4319205.093, 140
Trd, 4319205.693, 140
Trd, 4319206.043, 140
Trd, 4319206.643, 92
Trd, 4319207.043, 122
Trd, 4319207.243, 68
Trd, 4319208.293, 140
Trd, 4319209.493, 138
Trd, 4319209.843, 138
Trd, 4319210.193, 119
Trd, 4319211.093, 81
Trd, 4319211.843, 60
Trd, 4319212.343, 63
Trd, 4319213.243, 140
Trd, 4319213.443, 140
Trd, 4319214.143, 139
Trd, 4319215.793, 140
Trd, 4319216.643, 137
Trd, 4319216.943, 140
Trd, 4319217.493, 139
Trd, 4319218.193, 139
Trd, 4319218.943, 140
Trd, 4319219.193, 139
Trd, 4319219.643, 126
Trd, 4319221.043, 139
Trd, 4319221.243, 138
Trd, 4319223.443, 140
Trd, 4319223.493, 138
Trd, 4319224.243, 140
Trd, 4319224.343, 140
Trd, 4319224.543, 137
Trd, 4319225.293, 140
Trd, 4319225.893, 140
Trd, 4319226.993, 140
Trd, 4319227.493, 60
Trd, 4319228.043, 61
Trd, 4319228.443, 61
Trd, 4319228.743, 60
Trd, 4319228.843, 62
Trd, 4319229.543, 64
Trd, 4319230.343, 68
Trd, 4319230.493, 72
Trd, 4319230.793, 60
Trd, 4319231.993, 140
Trd, 4319232.143, 116
Trd, 4319233.093, 61
Trd, 4319233.393, 64
Trd, 4319234.193, 139
Trd, 4319234.893, 137
Trd, 4319234.943, 119
Trd, 4319236.493, 140
Trd, 4319236.543, 140
Trd, 4319236.593, 137
Trd, 4319237.143, 139
Trd, 4319238.293, 140
Trd, 4319238.643, 140
Trd, 4319238.993, 117
Trd, 4319239.593, 97
Trd, 4319241.143, 140
Trd, 4319241.643, 140
Trd, 4319241.993, 138
Trd, 4319242.743, 140
Trd, 4319243.193, 137
Trd, 4319243.493, 124
Trd, 4319244.793, 140
Trd, 4319246.093, 140
Trd, 4319246.443, 139
Trd, 4319246.743, 138
Trd, 4319247.943, 140
Trd, 4319247.993, 139
Trd, 4319248.743, 78
Trd, 4319249.693, 140
Trd, 4319250.543, 140
Trd, 4319250.943, 140
Trd, 4319251.043, 140
Trd, 4319251.343, 139
Trd, 4319252.343, 140
Trd, 4319252.393, 138
Trd, 4319252.993, 83
Trd, 4319253.793, 117
Trd, 4319254.093, 89
Trd, 4319255.093, 140
Trd, 4319255.943, 65
Trd, 4319256.093, 66
Trd, 4319256.443, 61
Trd, 4319256.643, 62
Trd, 4319258.293, 140
Trd, 4319258.643, 140
Trd, 4319259.793, 140
Trd, 4319261.143, 138
Trd, 4319261.543, 140
Trd, 4319261.793, 140
Trd, 4319261.993, 138
Trd, 4319262.293, 137
Trd, 4319262.493, 85
Trd, 4319264.593, 140
Trd, 4319264.643, 140
Trd, 4319265.143, 138
Trd, 4319265.493, 137
Trd, 4319265.993, 136
Trd, 4319266.993, 140
Trd, 4319267.343, 139
Trd, 4319267.493, 139
Trd, 4319268.293, 60
Trd, 4319268.993, 140
Trd, 4319269.343, 139
Trd, 4319269.943, 112
Trd, 4319270.643, 140
Trd, 4319270.793, 138
Trd, 4319271.493, 139
Trd, 4319271.943, 139
Trd, 4319272.693, 138
Trd, 4319273.743, 61
Trd, 4319274.043, 140
Trd, 4319275.543, 140
Trd, 4319276.443, 138
Trd, 4319276.493, 122
Trd, 4319277.293, 138
Trd, 4319278.093, 140
Trd, 4319278.493, 139
Trd, 4319279.093, 140
Trd, 4319280.193, 140
Trd, 4319280.343, 139
Trd, 4319280.893, 140
Trd, 4319281.893, 140
Trd, 4319283.043, 140
Trd, 4319283.293, 138
Trd, 4319284.043, 139
Trd, 4319284.443, 129
Trd, 4319285.743, 140
Trd, 4319286.643, 140
Trd, 4319286.893, 138
Trd, 4319287.293, 61
Trd, 4319287.493, 64
Trd, 4319288.643, 140
Trd, 4319289.543, 117
Trd, 4319289.843, 138
Trd, 4319290.293, 139
Trd, 4319293.493, 140
Trd, 4319293.543, 140
Trd, 4319293.893, 140
Trd, 4319293.943, 140
Trd, 4319294.593, 100
Trd, 4319294.643, 97
Trd, 4319296.143, 140
Trd, 4319296.293, 139
Trd, 4319296.693, 132
Trd, 4319298.143, 140
Trd, 4319299.593, 139
Trd, 4319299.843, 138
Trd, 4319300.143, 140
Trd, 4319300.343, 101
Trd, 4319301.243, 61
Trd, 4319301.643, 60
Trd, 4319302.143, 71
Trd, 4319302.693, 61
Trd, 4319303.143, 68
Trd, 4319303.793, 61
Trd, 4319304.993, 62
Trd, 4319305.893, 72
Trd, 4319306.293, 85
Trd, 4319307.443, 61
Trd, 4319307.543, 62
Trd, 4319307.643, 66
Trd, 4319308.043, 68
Trd, 4319308.293, 69
Trd, 4319309.543, 60
Trd, 4319310.943, 62
Trd, 4319311.243, 61
Trd, 4319311.593, 62
Trd, 4319311.743, 60
Trd, 4319312.593, 66
Trd, 4319313.343, 107
Trd, 4319313.793, 140
Trd, 4319314.393, 60
Trd, 4319314.943, 60
Trd, 4319315.043, 109
Trd, 4319315.343, 122
Trd, 4319316.093, 67
Trd, 4319316.443, 66
Trd, 4319316.543, 140
Trd, 4319318.243, 60
Trd, 4319319.043, 60
Trd, 4319319.193, 64
Trd, 4319319.493, 67
Trd, 4319320.493, 62
Trd, 4319321.193, 63
Trd, 4319321.343, 75
Trd, 4319322.793, 140
Trd, 4319322.843, 82
Trd, 4319323.443, 140
Trd, 4319324.293, 105
Trd, 4319324.943, 135
Trd, 4319325.493, 140
Trd, 4319326.593, 139
Trd, 4319326.993, 60
Trd, 4319327.043, 60
Trd, 4319329.093, 140
Trd, 4319329.143, 139
Trd, 4319330.093, 138
Trd, 4319330.593, 140
Trd, 4319331.043, 139
Trd, 4319331.643, 117
Trd, 4319332.093, 139
Trd, 4319332.793, 63
Trd, 4319333.143, 64
Trd, 4319333.193, 68
Trd, 4319333.443, 81
Trd, 4319333.893, 140
Trd, 4319334.993, 62
Trd, 4319335.743, 60
Trd, 4319336.293, 62
Trd, 4319336.443, 64
Trd, 4319336.993, 61
Trd, 4319337.393, 68
Trd, 4319337.643, 68
Trd, 4319337.793, 74
Trd, 4319339.943, 61
Trd, 4319339.993, 73
Trd, 4319340.993, 138
Trd, 4319341.243, 138
Trd, 4319341.743, 102
Trd, 4319342.143, 64
Trd, 4319342.893, 139
Trd, 4319342.993, 137
Trd, 4319343.843, 140
Trd, 4319344.593, 140
Trd, 4319345.593, 140
Trd, 4319345.643, 139
Trd, 4319347.093, 140
Trd, 4319347.293, 96
Trd, 4319347.793, 140
Trd, 4319348.593, 140
Trd, 4319349.093, 139
Trd, 4319350.493, 140
Trd, 4319350.643, 140
Trd, 4319350.893, 140
Trd, 4319351.193, 61
Trd, 4319352.643, 78
Trd, 4319352.793, 71
Trd, 4319353.043, 60
Trd, 4319353.643, 140
Trd, 4319355.143, 140
Trd, 4319355.293, 127
Trd, 4319356.393, 140
Trd, 4319357.043, 140
Trd, 4319357.093, 140
Trd, 4319357.593, 100
Trd, 4319358.743, 140
Trd, 4319359.043, 140
Trd, 4319359.093, 138
Trd, 4319359.793, 138
Trd, 4319360.043, 138
Trd, 4319360.493, 124
Trd, 4319361.343, 101
Trd, 4319361.893, 61
Trd, 4319364.193, 140
Trd, 4319364.393, 140
Trd, 4319364.593, 140
Trd, 4319364.843, 137
Trd, 4319365.543, 140
Trd, 4319366.093, 139
Trd, 4319366.643, 60
Trd, 4319367.143, 66
Trd, 4319367.743, 60
Trd, 4319369.343, 64
Trd, 4319370.493, 62
Trd, 4319371.243, 62
Trd, 4319371.393, 69
Trd, 4319371.743, 69
Trd, 4319371.943, 71
Trd, 4319372.093, 63
Trd, 4319373.143, 66
Trd, 4319373.443, 140
Trd, 4319374.043, 60
Trd, 4319374.793, 61
Trd, 4319375.293, 67
Trd, 4319375.793, 132
Trd, 4319375.893, 140
Trd, 4319376.743, 73
Trd, 4319378.193, 140
Trd, 4319378.343, 120
Trd, 4319379.093, 60
Trd, 4319379.393, 62
Trd, 4319379.443, 62
Trd, 4319379.993, 64
Trd, 4319380.043, 67
Trd, 4319381.743, 139
Trd, 4319381.943, 64
Trd, 4319382.943, 139
Trd, 4319383.643, 140
Trd, 4319383.993, 134
Trd, 4319384.743, 140
Trd, 4319385.293, 140
Trd, 4319385.843, 139
Trd, 4319386.043, 140
Trd, 4319387.243, 139
Trd, 4319387.793, 69
Trd, 4319388.693, 60
Trd, 4319389.243, 61
Trd, 4319389.743, 140
Trd, 4319390.293, 140
Trd, 4319390.343, 138
Trd, 4319390.943, 134
Trd, 4319391.593, 100
Trd, 4319392.993, 139
Trd, 4319393.243, 139
Trd, 4319393.843, 92
Trd, 4319394.193, 109
Trd, 4319394.893, 140
Trd, 4319396.693, 140
Trd, 4319398.093, 140
Trd, 4319398.643, 140
Trd, 4319398.793, 140
Trd, 4319398.943, 140
Trd, 4319400.693, 140
Trd, 4319401.443, 140
Trd, 4319401.593, 140
Trd, 4319401.843, 139
Trd, 4319402.993, 139
Trd, 4319403.493, 139
Trd, 4319404.643, 139
Trd, 4319404.943, 138
Trd, 4319404.993, 112
Trd, 4319405.643, 60
Trd, 4319406.793, 140
Trd, 4319407.243, 140
Trd, 4319407.843, 140
Trd, 4319408.043, 138
Trd, 4319408.143, 110
Trd, 4319408.193, 107
Trd, 4319410.293, 140
Trd, 4319410.493, 139
Trd, 4319411.093, 140
Trd, 4319411.543, 140
Trd, 4319411.693, 114
Trd, 4319412.093, 140
Trd, 4319413.143, 140
Trd, 4319413.693, 61
Trd, 4319414.393, 62
Trd, 4319415.993, 140
Trd, 4319416.043, 137
Trd, 4319416.893, 139
Trd, 4319416.943, 68
Trd, 4319417.293, 139
Trd, 4319417.643, 62
Trd, 4319418.543, 140
Trd, 4319419.543, 140
Trd, 4319419.793, 111
Trd, 4319420.093, 136
Trd, 4319420.943, 140
Trd, 4319421.143, 139
Trd, 4319421.893, 140
Trd, 4319422.893, 138
Trd, 4319423.193, 69
Trd, 4319423.243, 69
Trd, 4319425.593, 140
Trd, 4319425.793, 140
Trd, 4319425.893, 140
Trd, 4319426.393, 140
Trd, 4319426.593, 140
Trd, 4319426.743, 134
Trd, 4319427.193, 60
Trd, 4319427.493, 61
Trd, 4319427.893, 140
Trd, 4319427.943, 89
Trd, 4319429.443, 63
Trd, 4319430.743, 67
Trd, 4319430.993, 140
Trd, 4319431.293, 140
Trd, 4319431.493, 64
Trd, 4319432.443, 140
Trd, 4319432.493, 139
Trd, 4319433.343, 140
Trd, 4319433.493, 140
Trd, 4319434.343, 140
Trd, 4319436.593, 139
Trd, 4319436.943, 140
Trd, 4319437.043, 138
Trd, 4319437.243, 95
Trd, 4319438.693, 140
Trd, 4319439.243, 139
Trd, 4319439.443, 139
Trd, 4319440.293, 140
Trd, 4319440.543, 138
Trd, 4319441.343, 140
Trd, 4319441.943, 123
Trd, 4319442.743, 90
Trd, 4319443.143, 138
Trd, 4319443.543, 140
Trd, 4319443.793, 139
Trd, 4319444.993, 140
Trd, 4319445.093, 137
Trd, 4319447.093, 140
Trd, 4319447.493, 140
Trd, 4319448.793, 139
Trd, 4319449.043, 140
Trd, 4319450.193, 140
Trd, 4319451.193, 138
Trd, 4319451.843, 140
Trd, 4319451.993, 137
Trd, 4319453.393, 131
Trd, 4319453.443, 121
Trd, 4319453.843, 140
Trd, 4319453.993, 139
Trd, 4319454.193, 140
Trd, 4319455.043, 140
Trd, 4319456.093, 140
Trd, 4319456.443, 140
Trd, 4319457.743, 140
Trd, 4319457.993, 139
Trd, 4319458.443, 138
Trd, 4319458.643, 97
Trd, 4319459.393, 92
Trd, 4319459.943, 140
Trd, 4319460.393, 140
Trd, 4319460.893, 139
Trd, 4319461.443, 137
Trd, 4319462.293, 140
Trd, 4319462.743, 68
Trd, 4319463.043, 96
Trd, 4319463.543, 69
Trd, 4319464.793, 140
Trd, 4319465.143, 140
Trd, 4319465.643, 62
Trd, 4319465.793, 63
Trd, 4319466.143, 136
Trd, 4319466.643, 138
Trd, 4319468.343, 140
Trd, 4319468.543, 140
Trd, 4319469.443, 137
Trd, 4319470.193, 64
Trd, 4319470.443, 61
Trd, 4319471.443, 140
Trd, 4319472.793, 140
Trd, 4319473.543, 140
Trd, 4319473.593, 140
Trd, 4319474.293, 140
Trd, 4319475.143, 140
Trd, 4319475.643, 104
Trd, 4319475.943, 62
Trd, 4319476.443, 61
Trd, 4319476.743, 140
Trd, 4319476.843, 81
Trd, 4319477.843, 60
Trd, 4319478.043, 68
Trd, 4319479.793, 140
Trd, 4319480.093, 140
Trd, 4319480.143, 139
Trd, 4319481.843, 140
Trd, 4319482.643, 140
Trd, 4319482.843, 139
Trd, 4319483.543, 139
Trd, 4319483.743, 140
Trd, 4319483.843, 118
Trd, 4319484.693, 139
Trd, 4319485.543, 140
Trd, 4319486.743, 140
Trd, 4319487.243, 138
Trd, 4319487.943, 138
Trd, 4319488.543, 140
Trd, 4319489.593, 138
Trd, 4319490.243, 140
Trd, 4319490.793, 90
Trd, 4319491.193, 74
Trd, 4319491.793, 61
Trd, 4319493.193, 140
Trd, 4319493.243, 140
Trd, 4319493.293, 139
Trd, 4319494.093, 67
Trd, 4319494.393, 70
Trd, 4319494.743, 71
Trd, 4319494.993, 64
Trd, 4319495.843, 66
Trd, 4319496.443, 61
Trd, 4319497.143, 139
Trd, 4319497.743, 129
Trd, 4319498.043, 81
Trd, 4319498.643, 138
Trd, 4319500.093, 140
Trd, 4319500.543, 140
Trd, 4319501.393, 140
Trd, 4319501.593, 140
Trd, 4319501.643, 140
Trd, 4319502.243, 140
Trd, 4319504.193, 140
Trd, 4319504.843, 139
Trd, 4319504.893, 139
Trd, 4319505.193, 139
Trd, 4319506.943, 140
Trd, 4319507.443, 140
Trd, 4319507.543, 140
Trd, 4319508.843, 140
Trd, 4319509.093, 140
Trd, 4319509.193, 139
Trd, 4319509.543, 137
Trd, 4319511.643, 140
Trd, 4319512.993, 140
Trd, 4319513.443, 140
Trd, 4319513.643, 139
Trd, 4319513.843, 117
Trd, 4319514.293, 140
Trd, 4319514.943, 138
Trd, 4319516.343, 140
Trd, 4319517.343, 140
Trd, 4319517.543, 140
Trd, 4319518.093, 139
Trd, 4319518.543, 140
Trd, 4319518.643, 99
Trd, 4319518.743, 84
Trd, 4319519.493, 140
Trd, 4319519.843, 72
Trd, 4319520.993, 140
Trd, 4319521.843, 140
Trd, 4319522.693, 139
Trd, 4319523.693, 140
Trd, 4319524.343, 140
Trd, 4319524.893, 102
Trd, 4319525.543, 86
Trd, 4319525.793, 87
Trd, 4319525.943, 139
Trd, 4319527.243, 140
Trd, 4319528.443, 140
Trd, 4319528.893, 140
Trd, 4319529.293, 139
Trd, 4319529.993, 140
Trd, 4319531.193, 140
Trd, 4319531.243, 134
Trd, 4319531.543, 139
Trd, 4319532.143, 140
Trd, 4319532.993, 139
Trd, 4319533.143, 71
Trd, 4319533.393, 139
Trd, 4319535.193, 140
Trd, 4319535.393, 139
Trd, 4319536.443, 137
Trd, 4319536.493, 122
Trd, 4319537.793, 140
Trd, 4319538.293, 140
Trd, 4319539.043, 140
Trd, 4319539.193, 77
Trd, 4319539.343, 97
Trd, 4319540.993, 60
Trd, 4319541.893, 61
Trd, 4319542.093, 62
Trd, 4319542.143, 65
Trd, 4319542.993, 139
Trd, 4319543.593, 140
Trd, 4319544.543, 62
Trd, 4319544.693, 60
Trd, 4319545.143, 60
Trd, 4319545.393, 100
Trd, 4319545.743, 138
Trd, 4319546.243, 101
Trd, 4319547.493, 62
Trd, 4319547.743, 64
Trd, 4319549.243, 66
Trd, 4319549.543, 63
Trd, 4319549.993, 63
Trd, 4319550.493, 103
Trd, 4319551.293, 61
Trd, 4319551.843, 61
Trd, 4319552.293, 62
Trd, 4319552.893, 60
Trd, 4319553.793, 61
Trd, 4319554.193, 140
Trd, 4319554.643, 126
Trd, 4319555.043, 138
Trd, 4319555.143, 76
Trd, 4319556.143, 140
Trd, 4319556.193, 84
Trd, 4319557.243, 140
Trd, 4319557.543, 138
Trd, 4319558.643, 63
Trd, 4319558.743, 99
Trd, 4319559.793, 60
Trd, 4319559.893, 62
Trd, 4319560.593, 65
Trd, 4319562.193, 60
Trd, 4319562.393, 66
Trd, 4319562.693, 71
Trd, 4319563.243, 64
Trd, 4319564.043, 140
Trd, 4319565.293, 139
Trd, 4319565.543, 138
Trd, 4319565.943, 115
Trd, 4319567.193, 140
Trd, 4319567.243, 140
Trd, 4319567.393, 139
Trd, 4319567.743, 139
Trd, 4319569.143, 125
Trd, 4319569.843, 60
Trd, 4319570.293, 61
Trd, 4319570.493, 62
Trd, 4319571.493, 60
Trd, 4319571.543, 61
Trd, 4319572.143, 62
Trd, 4319572.243, 71
Trd, 4319572.793, 60
Trd, 4319572.843, 60
Trd, 4319574.793, 60
Trd, 4319575.293, 61
Trd, 4319575.343, 61
Trd, 4319575.593, 67
Trd, 4319576.293, 140
Trd, 4319576.443, 118
Trd, 4319577.093, 140
Trd, 4319577.793, 61
Trd, 4319579.993, 60
Trd, 4319580.293, 60
Trd, 4319580.443, 66
Trd, 4319580.593, 68
Trd, 4319580.743, 63
Trd, 4319581.193, 109
Trd, 4319581.893, 140
Trd, 4319582.143, 140
Trd, 4319582.643, 140
Trd, 4319583.093, 65
Trd, 4319584.093, 109
Trd, 4319585.693, 140
Trd, 4319585.743, 139
Trd, 4319586.543, 139
Trd, 4319586.693, 95
Trd, 4319587.743, 61
Trd, 4319587.993, 62
Trd, 4319588.293, 64
Trd, 4319588.393, 68
Trd, 4319589.043, 60
Trd, 4319589.593, 64
Trd, 4319589.943, 139
Trd, 4319591.243, 140
Trd, 4319591.293, 137
Trd, 4319591.593, 91
Trd, 4319591.893, 61
Trd, 4319592.943, 61
Trd, 4319593.043, 62
Trd, 4319593.943, 66
Trd, 4319594.343, 71
Trd, 4319595.493, 60
Trd, 4319596.493, 60
Trd, 4319596.693, 60
Trd, 4319596.793, 62
Trd, 4319597.393, 63
Trd, 4319597.693, 63
Trd, 4319598.193, 64
Trd, 4319598.343, 137
Trd, 4319599.543, 140
Trd, 4319599.893, 82
Trd, 4319600.393, 61
Trd, 4319600.593, 62
Trd, 4319601.393, 63
Trd, 4319602.793, 140
Trd, 4319603.093, 140
Trd, 4319604.143, 140
Trd, 4319604.493, 140
Trd, 4319604.843, 118
Trd, 4319605.043, 140
Trd, 4319605.943, 140
Trd, 4319606.993, 140
Trd, 4319607.243, 106
Trd, 4319608.293, 86
Trd, 4319608.493, 140
Trd, 4319609.193, 140
Trd, 4319610.343, 61
Trd, 4319610.543, 62
Trd, 4319611.543, 60
Trd, 4319611.693, 61
Trd, 4319611.843, 61
Trd, 4319612.043, 62
Trd, 4319612.293, 63
Trd, 4319613.343, 140
Trd, 4319613.393, 138
Trd, 4319614.093, 132
Trd, 4319614.793, 60
Trd, 4319615.643, 64
Trd, 4319615.693, 69
Trd, 4319616.343, 60
Trd, 4319617.543, 60
Trd, 4319618.343, 60
Trd, 4319618.393, 61
Trd, 4319618.543, 62
Trd, 4319618.743, 61
Trd, 4319619.543, 63
Trd, 4319619.993, 61
Trd, 4319620.093, 66
Trd, 4319620.943, 61
Trd, 4319621.593, 60
Trd, 4319621.893, 67
Trd, 4319622.443, 71
Trd, 4319624.643, 62
Trd, 4319624.893, 63
Trd, 4319625.093, 63
Trd, 4319625.443, 63
Trd, 4319625.943, 138
Trd, 4319626.993, 62
Trd, 4319627.143, 65
Trd, 4319627.493, 140
Trd, 4319628.043, 62
Trd, 4319629.693, 61
Trd, 4319630.893, 62
Trd, 4319631.093, 64
Trd, 4319631.443, 74
Trd, 4319631.793, 64
Trd, 4319632.093, 130
Trd, 4319633.393, 60
Trd, 4319633.493, 60
Trd, 4319633.543, 62
Trd, 4319634.193, 140
Trd, 4319635.043, 140
Trd, 4319635.143, 140
Trd, 4319635.743, 139
Trd, 4319635.843, 139
Trd, 4319636.943, 60
Trd, 4319637.093, 60
Trd, 4319637.593, 61
Trd, 4319638.793, 65
Trd, 4319638.843, 67
Trd, 4319639.493, 131
Trd, 4319640.093, 140
Trd, 4319640.293, 139
Trd, 4319641.443, 67
Trd, 4319641.843, 65
Trd, 4319644.043, 60
Trd, 4319644.093, 60
Trd, 4319644.343, 61
Trd, 4319644.943, 60
Trd, 4319645.043, 60
Trd, 4319645.443, 66
Trd, 4319645.993, 60
Trd, 4319646.893, 64
Trd, 4319647.443, 64
Trd, 4319648.043, 62
Trd, 4319648.293, 64
Trd, 4319648.443, 67
Trd, 4319648.993, 68
Trd, 4319650.293, 63
Trd, 4319650.693, 69
Trd, 4319652.543, 63
Trd, 4319653.393, 62
Trd, 4319653.443, 62
Trd, 4319653.593, 60
Trd, 4319653.743, 65
Trd, 4319654.043, 71
Trd, 4319654.393, 70
Trd, 4319654.643, 140
Trd, 4319654.743, 140
Trd, 4319656.193, 137
Trd, 4319656.593, 102
Trd, 4319657.443, 140
Trd, 4319657.543, 114
Trd, 4319658.293, 140
Trd, 4319658.993, 140
Trd, 4319659.493, 139
Trd, 4319660.043, 139
Trd, 4319660.493, 140
Trd, 4319660.793, 63
Trd, 4319662.043, 60
Trd, 4319662.943, 60
Trd, 4319663.093, 61
Trd, 4319663.443, 63
Trd, 4319664.143, 62
Trd, 4319664.243, 64
Trd, 4319665.193, 135
Trd, 4319665.593, 138
Trd, 4319666.043, 61
Trd, 4319666.393, 139
Trd, 4319667.693, 140
Trd, 4319668.293, 140
Trd, 4319669.143, 140
Trd, 4319669.443, 60
Trd, 4319669.893, 140
Trd, 4319670.693, 139
Trd, 4319671.243, 97
Trd, 4319672.193, 72
Trd, 4319672.943, 140
Trd, 4319673.293, 138
Trd, 4319674.043, 140
Trd, 4319674.243, 138
Trd, 4319674.643, 104
Trd, 4319674.993, 139
Trd, 4319676.693, 139
Trd, 4319676.893, 92
Trd, 4319678.193, 140
Trd, 4319678.793, 140
Trd, 4319679.343, 64
Trd, 4319679.993, 140
Trd, 4319680.293, 140
Trd, 4319682.043, 140
Trd, 4319682.143, 140
Trd, 4319682.193, 140
Trd, 4319682.593, 140
Trd, 4319682.993, 138
Trd, 4319684.743, 61
Trd, 4319685.893, 60
Trd, 4319686.043, 60
Trd, 4319686.493, 63
Trd, 4319687.443, 63
Trd, 4319687.593, 66
Trd, 4319688.143, 67
Trd, 4319688.393, 69
Trd, 4319688.943, 67
Trd, 4319688.993, 73
Trd, 4319689.793, 94
Trd, 4319690.293, 61
Trd, 4319691.243, 139
Trd, 4319691.743, 140
Trd, 4319691.843, 140
Trd, 4319691.993, 106
Trd, 4319693.393, 61
Trd, 4319694.093, 63
Trd, 4319694.743, 60
Trd, 4319695.443, 61
Trd, 4319695.593, 62
Trd, 4319695.893, 60
Trd, 4319696.443, 62
Trd, 4319697.793, 61
Trd, 4319697.843, 67
Trd, 4319698.143, 62
Trd, 4319699.293, 63
Trd, 4319699.893, 63
Trd, 4319700.693, 140
Trd, 4319701.393, 140
Trd, 4319702.093, 140
Trd, 4319702.243, 135
Trd, 4319703.093, 90
Trd, 4319703.193, 82
Trd, 4319703.693, 140
Trd, 4319703.743, 137
Trd, 4319704.143, 62
Trd, 4319705.443, 140
Trd, 4319706.843, 140
Trd, 4319707.293, 139
Trd, 4319708.243, 140
Trd, 4319708.693, 139
Trd, 4319710.093, 138
Trd, 4319710.193, 85
Trd, 4319710.743, 139
Trd, 4319710.893, 140
Trd, 4319712.193, 140
Trd, 4319712.743, 139
Trd, 4319713.243, 140
Trd, 4319713.493, 120
Trd, 4319713.993, 139
Trd, 4319714.893, 138
Trd, 4319716.943, 140
Trd, 4319717.043, 139
Trd, 4319717.843, 139
Trd, 4319718.043, 140
Trd, 4319719.743, 140
Trd, 4319720.293, 138
Trd, 4319720.393, 138
Trd, 4319720.643, 139
Trd, 4319722.143, 139
Trd, 4319722.593, 139
Trd, 4319722.943, 140
Trd, 4319723.343, 139
Trd, 4319723.643, 140
Trd, 4319724.243, 121
Trd, 4319725.193, 140
Trd, 4319726.643, 140
Trd, 4319727.343, 140
Trd, 4319727.393, 138
Trd, 4319727.543, 138
Trd, 4319729.143, 140
Trd, 4319729.193, 101
Trd, 4319729.843, 140
Trd, 4319730.443, 139
Trd, 4319730.743, 139
Trd, 4319731.693, 99
Trd, 4319732.443, 60
Trd, 4319732.643, 61
Trd, 4319732.993, 61
Trd, 4319734.093, 61
Trd, 4319734.293, 60
Trd, 4319734.543, 71
Trd, 4319735.343, 68
Trd, 4319735.843, 140
Trd, 4319736.593, 140
Trd, 4319737.093, 138
Trd, 4319737.343, 130
Trd, 4319738.293, 64
Trd, 4319738.443, 65
Trd, 4319738.643, 66
Trd, 4319739.293, 140
Trd, 4319739.493, 140
Trd, 4319740.343, 140
Trd, 4319740.943, 137
Trd, 4319741.343, 139
Trd, 4319742.393, 138
Trd, 4319743.643, 140
Trd, 4319744.593, 138
Trd, 4319744.743, 61
Trd, 4319745.543, 69
Trd, 4319746.143, 73
Trd, 4319746.243, 71
Trd, 4319748.443, 140
Trd, 4319749.293, 140
Trd, 4319749.493, 139
Trd, 4319749.593, 138
Trd, 4319750.243, 139
Trd, 4319751.193, 140
Trd, 4319751.743, 140
Trd, 4319753.043, 140
Trd, 4319753.293, 139
Trd, 4319753.843, 139
Trd, 4319754.143, 140
Trd, 4319754.993, 140
Trd, 4319755.643, 139
Trd, 4319756.043, 139
Trd, 4319756.143, 135
Trd, 4319756.693, 105
Trd, 4319756.943, 99
Trd, 4319758.243, 126
Trd, 4319758.593, 67
Trd, 4319758.843, 60
Trd, 4319759.593, 64
Trd, 4319759.643, 115
Trd, 4319760.293, 140
Trd, 4319761.143, 98
Trd, 4319761.743, 138
Trd, 4319761.843, 92
Trd, 4319763.643, 139
Trd, 4319765.393, 140
Trd, 4319765.643, 140
Trd, 4319765.693, 139
Trd, 4319766.693, 140
Trd, 4319767.143, 140
Trd, 4319767.793, 84
Trd, 4319768.243, 140
Trd, 4319768.543, 108
Trd, 4319768.693, 140
Trd, 4319769.693, 140
Trd, 4319770.143, 140
Trd, 4319770.643, 138
Trd, 4319770.893, 138
Trd, 4319771.593, 140
Trd, 4319772.643, 140
Trd, 4319774.293, 140
Trd, 4319774.443, 139
Trd, 4319774.893, 140
Trd, 4319775.493, 137
Trd, 4319775.693, 140
Trd, 4319776.093, 139
Trd, 4319776.393, 117
Trd, 4319777.093, 140
Trd, 4319777.693, 105
Trd, 4319777.843, 140
Trd, 4319778.943, 118
Trd, 4319779.593, 140
Trd, 4319779.843, 134
Trd, 4319780.243, 91
Trd, 4319780.793, 66
Trd, 4319781.143, 67
Trd, 4319781.393, 140
Trd, 4319782.043, 140
Trd, 4319782.743, 139
Trd, 4319782.843, 138
Trd, 4319784.343, 60
Trd, 4319784.443, 61
Trd, 4319784.493, 68
Trd, 4319786.943, 60
Trd, 4319787.243, 62
Trd, 4319787.543, 63
Trd, 4319787.993, 60
Trd, 4319788.493, 65
Trd, 4319788.943, 62
Trd, 4319789.243, 66
Trd, 4319789.443, 67
Trd, 4319790.993, 63
Trd, 4319791.543, 67
Trd, 4319791.693, 70
Trd, 4319792.093, 79
Trd, 4319792.543, 139
Trd, 4319793.393, 61
Trd, 4319793.643, 68
Trd, 4319794.443, 140
Trd, 4319794.693, 138
Trd, 4319795.443, 109
Trd, 4319795.893, 106
Trd, 4319795.993, 115
Trd, 4319797.693, 139
Trd, 4319798.293, 140
Trd, 4319798.493, 140
Trd, 4319799.143, 140
Trd, 4319800.043, 135
Trd, 4319800.093, 80
Trd, 4319801.293, 62
Trd, 4319801.443, 140
Trd, 4319802.043, 139
Trd, 4319802.493, 140
Trd, 4319803.143, 140
Trd, 4319804.193, 140
Trd, 4319804.293, 139
Trd, 4319805.243, 140
Trd, 4319806.893, 139
Trd, 4319806.943, 138
Trd, 4319806.993, 138
Trd, 4319808.043, 140
Trd, 4319808.143, 139
Trd, 4319808.443, 94
Trd, 4319808.493, 78
Trd, 4319809.593, 140
Trd, 4319809.893, 140
Trd, 4319810.693, 140
Trd, 4319811.043, 139
Trd, 4319811.393, 138
Trd, 4319814.593, 140
Trd, 4319814.643, 140
Trd, 4319814.693, 138
Trd, 4319815.343, 140
Trd, 4319815.693, 140
Trd, 4319815.993, 63
Trd, 4319817.093, 61
Trd, 4319817.293, 60
Trd, 4319817.343, 63
Trd, 4319817.843, 139
Trd, 4319818.243, 130
Trd, 4319818.593, 131
Trd, 4319819.043, 68
Trd, 4319820.493, 140
Trd, 4319821.893, 139
Trd, 4319822.093, 139
Trd, 4319822.293, 139
Trd, 4319823.293, 140
Trd, 4319823.543, 139
Trd, 4319823.793, 127
Trd, 4319824.643, 118
Trd, 4319825.343, 61
Trd, 4319826.993, 60
Trd, 4319827.093, 60
Trd, 4319827.643, 64
Trd, 4319828.293, 60
Trd, 4319828.443, 60
Trd, 4319828.493, 61
Trd, 4319828.993, 65
Trd, 4319829.743, 60
Trd, 4319830.343, 140
Trd, 4319832.693, 60
Trd, 4319832.843, 60
Trd, 4319833.293, 62
Trd, 4319833.543, 64
Trd, 4319833.693, 72
Trd, 4319834.493, 93
Trd, 4319834.693, 140
Trd, 4319835.243, 60
Trd, 4319835.493, 60
Trd, 4319835.993, 140
Trd, 4319837.393, 62
Trd, 4319837.793, 63
Trd, 4319838.193, 69
Trd, 4319838.343, 60
Trd, 4319839.793, 69
Trd, 4319840.143, 76
Trd, 4319840.543, 62
Trd, 4319841.743, 60
Trd, 4319841.843, 60
Trd, 4319841.993, 60
Trd, 4319842.493, 63
Trd, 4319842.643, 67
Trd, 4319843.643, 140
Trd, 4319844.443, 140
Trd, 4319844.543, 140
Trd, 4319845.743, 60
Trd, 4319845.893, 60
Trd, 4319846.243, 97
Trd, 4319846.543, 138
Trd, 4319847.343, 140
Trd, 4319847.793, 61
Trd, 4319848.893, 140
Trd, 4319849.443, 139
Trd, 4319849.893, 81
Trd, 4319850.843, 138
Trd, 4319852.143, 140
Trd, 4319852.193, 140
Trd, 4319852.943, 138
Trd, 4319853.443, 139
Trd, 4319853.743, 140
Trd, 4319853.943, 94
Trd, 4319855.143, 69
Trd, 4319855.693, 140
Trd, 4319855.943, 62
Trd, 4319857.493, 140
Trd, 4319857.593, 140
Trd, 4319858.243, 139
Trd, 4319859.343, 139
Trd, 4319859.893, 140
Trd, 4319860.393, 139
Trd, 4319860.643, 95
Trd, 4319861.143, 136
Trd, 4319861.243, 109
Trd, 4319862.293, 76
Trd, 4319862.443, 140
Trd, 4319862.843, 140
Trd, 4319863.493, 140
Trd, 4319864.593, 139
Trd, 4319865.143, 139
Trd, 4319865.393, 138
Trd, 4319867.593, 60
Trd, 4319867.743, 61
Trd, 4319867.793, 63
Trd, 4319867.893, 63
Trd, 4319868.943, 140
Trd, 4319869.393, 140
Trd, 4319869.893, 140
Trd, 4319871.593, 140
Trd, 4319872.543, 140
Trd, 4319872.593, 140
Trd, 4319872.843, 140
Trd, 4319873.093, 139
Trd, 4319873.243, 133
Trd, 4319873.793, 63
Trd, 4319874.543, 139
Trd, 4319874.893, 140
Trd, 4319875.693, 121
Trd, 4319876.143, 134
Trd, 4319877.093, 139
Trd, 4319877.793, 140
Trd, 4319878.543, 140
Trd, 4319878.943, 108
Trd, 4319879.543, 138
Trd, 4319879.993, 140
Trd, 4319881.443, 140
Trd, 4319881.943, 139
Trd, 4319882.093, 137
Trd, 4319882.593, 140
Trd, 4319883.243, 112
Trd, 4319884.293, 140
Trd, 4319885.943, 140
Trd, 4319886.293, 140
Trd, 4319886.393, 139
Trd, 4319887.293, 89
Trd, 4319888.043, 65
Trd, 4319888.943, 138
Trd, 4319889.493, 94
Trd, 4319889.693, 140
Trd, 4319890.243, 139
Trd, 4319891.143, 140
Trd, 4319891.643, 140
Trd, 4319891.693, 139
Trd, 4319892.843, 139
Trd, 4319893.443, 133
Trd, 4319894.643, 140
Trd, 4319895.143, 140
Trd, 4319895.543, 140
Trd, 4319896.843, 140
Trd, 4319897.093, 140
Trd, 4319897.193, 140
Trd, 4319897.493, 138
Trd, 4319899.043, 140
Trd, 4319899.143, 140
Trd, 4319899.793, 140
Trd, 4319901.143, 140
Trd, 4319901.593, 139
Trd, 4319901.793, 99
Trd, 4319902.043, 84
Trd, 4319902.493, 115
Trd, 4319902.893, 61
Trd, 4319902.943, 62
Trd, 4319904.393, 73
Trd, 4319904.843, 80
Trd, 4319905.993, 60
Trd, 4319906.143, 61
Trd, 4319906.243, 65
Trd, 4319907.943, 140
Trd, 4319907.993, 140
Trd, 4319908.493, 132
Trd, 4319910.093, 140
Trd, 4319910.343, 138
Trd, 4319910.443, 138
Trd, 4319910.543, 106
Trd, 4319910.743, 106
Trd, 4319911.293, 140
Trd, 4319912.493, 140
Trd, 4319914.843, 140
Trd, 4319915.143, 140
Trd, 4319915.293, 139
Trd, 4319916.293, 138
Trd, 4319916.743, 137
Trd, 4319917.693, 140
Trd, 4319917.993, 139
Trd, 4319918.493, 139
Trd, 4319918.593, 132
Trd, 4319919.093, 132
Trd, 4319919.493, 139
Trd, 4319921.543, 140
Trd, 4319921.993, 137
Trd, 4319922.593, 139
Trd, 4319922.843, 135
Trd, 4319923.743, 140
Trd, 4319924.143, 139
Trd, 4319924.943, 136
Trd, 4319925.093, 96
Trd, 4319926.193, 140
Trd, 4319927.643, 140
Trd, 4319927.993, 140
Trd, 4319928.193, 140
Trd, 4319928.393, 139
Trd, 4319929.143, 75
Trd, 4319930.343, 69
Trd, 4319930.493, 63
Trd, 4319931.393, 140
Trd, 4319933.093, 60
Trd, 4319933.143, 60
Trd, 4319933.343, 60
Trd, 4319933.893, 61
Trd, 4319933.943, 70
Trd, 4319934.043, 119
Trd, 4319935.043, 60
Trd, 4319935.843, 62
Trd, 4319936.993, 140
Trd, 4319937.043, 139
Trd, 4319937.093, 88
Trd, 4319938.193, 132
Trd, 4319938.393, 139
Trd, 4319938.593, 132
Trd, 4319939.293, 138
Trd, 4319939.693, 139
Trd, 4319940.643, 140
Trd, 4319941.643, 131
Trd, 4319941.743, 123
Trd, 4319942.043, 140
Trd, 4319942.193, 140
Trd, 4319944.543, 140
Trd, 4319944.693, 138
Trd, 4319945.143, 140
Trd, 4319946.043, 140
Trd, 4319946.243, 139
Trd, 4319946.543, 88
Trd, 4319946.843, 83
Trd, 4319947.493, 82
Trd, 4319948.243, 140
Trd, 4319949.293, 140
Trd, 4319949.493, 140
Trd, 4319950.443, 139
Trd, 4319951.293, 69
Trd, 4319951.993, 140
Trd, 4319952.043, 138
Trd, 4319952.993, 140
Trd, 4319953.843, 139
Trd, 4319954.193, 139
Trd, 4319955.143, 140
Trd, 4319955.593, 140
Trd, 4319956.493, 108
Trd, 4319956.743, 86
Trd, 4319957.543, 140
Trd, 4319957.943, 140
Trd, 4319958.993, 140
Trd, 4319959.293, 140
Trd, 4319959.893, 140
Trd, 4319961.543, 140
Trd, 4319961.743, 137
Trd, 4319961.943, 134
Trd, 4319961.993, 90
Trd, 4319964.143, 140
Trd, 4319964.193, 140
Trd, 4319964.243, 138
Trd, 4319964.493, 119
Trd, 4319965.843, 140
Trd, 4319966.343, 140
Trd, 4319966.443, 121
Trd, 4319967.793, 140
Trd, 4319967.943, 138
Trd, 4319968.343, 62
Trd, 4319968.693, 70
Trd, 4319969.593, 123
Trd, 4319969.843, 76
Trd, 4319971.393, 74
Trd, 4319971.493, 76
Trd, 4319971.893, 60
Trd, 4319972.643, 62
Trd, 4319973.543, 66
Trd, 4319973.593, 74
Trd, 4319974.543, 139
Trd, 4319975.443, 140
Trd, 4319975.643, 140
Trd, 4319976.143, 140
Trd, 4319976.343, 140
Trd, 4319976.643, 140
Trd, 4319977.943, 93
Trd, 4319978.243, 66
Trd, 4319979.043, 140
Trd, 4319979.993, 60
Trd, 4319980.193, 61
Trd, 4319981.093, 63
Trd, 4319981.143, 67
Trd, 4319982.843, 140
Trd, 4319982.943, 140
Trd, 4319983.993, 140
Trd, 4319984.443, 139
Trd, 4319984.893, 139
Trd, 4319985.393, 140
Trd, 4319985.443, 139
Trd, 4319985.493, 124
Trd, 4319986.493, 60
Trd, 4319987.443, 61
Trd, 4319987.793, 70
Trd, 4319988.593, 65
Trd, 4319988.693, 67
Trd, 4319989.643, 60
Trd, 4319990.293, 66
Trd, 4319990.443, 60
Trd, 4319990.593, 66
Trd, 4319991.143, 65
Trd, 4319992.043, 70
Trd, 4319993.743, 61
Trd, 4319994.093, 61
Trd, 4319994.143, 62
Trd, 4319994.693, 60
Trd, 4319994.943, 60
Trd, 4319995.743, 140
Trd, 4319995.893, 138
Trd, 4319996.193, 140
Trd, 4319997.243, 60
Trd, 4319997.293, 61
Trd, 4319997.343, 137
Trd, 4319998.543, 140
Trd, 4319999.043, 136
