Trd, 4318109.943, 76
Trd, 4318110.893, 65
Trd, 4318111.443, 74
Trd, 4318112.643, 60
Trd, 4318113.293, 60
Trd, 4318113.693, 60
Trd, 4318113.993, 65
Trd, 4318114.343, 63
Trd, 4318114.393, 65
Trd, 4318116.043, 129
Trd, 4318117.043, 139
Trd, 4318117.143, 68
Trd, 4318117.443, 67
Trd, 4318118.843, 63
Trd, 4318119.343, 62
Trd, 4318120.393, 60
Trd, 4318122.743, 60
Trd, 4318122.843, 60
Trd, 4318123.443, 60
Trd, 4318123.693, 60
Trd, 4318123.893, 60
Trd, 4318123.943, 61
Trd, 4318123.993, 71
Trd, 4318124.743, 133
Trd, 4318126.143, 139
Trd, 4318126.943, 93
Trd, 4318127.743, 63
Trd, 4318128.143, 99
Trd, 4318129.293, 60
Trd, 4318129.693, 60
Trd, 4318129.893, 60
Trd, 4318131.693, 60
Trd, 4318132.393, 62
Trd, 4318132.793, 60
Trd, 4318134.493, 60
Trd, 4318134.693, 61
Trd, 4318136.493, 60
Trd, 4318138.243, 60
Trd, 4318139.093, 60
Trd, 4318139.693, 60
Trd, 4318140.693, 62
Trd, 4318141.093, 62
Trd, 4318142.343, 61
Trd, 4318143.293, 63
Trd, 4318143.593, 65
Trd, 4318144.593, 101
Trd, 4318145.193, 99
Trd, 4318145.443, 98
Trd, 4318147.193, 81
Trd, 4318147.493, 79
Trd, 4318148.143, 60
Trd, 4318148.493, 60
Trd, 4318149.043, 60
Trd, 4318149.543, 68
Trd, 4318150.993, 140
Trd, 4318151.843, 140
Trd, 4318152.393, 140
Trd, 4318153.143, 91
Trd, 4318153.443, 63
Trd, 4318155.993, 140
Trd, 4318156.343, 140
Trd, 4318156.593, 140
Trd, 4318157.293, 140
Trd, 4318158.293, 140
Trd, 4318159.243, 140
Trd, 4318160.443, 140
Trd, 4318161.293, 140
Trd, 4318161.543, 140
Trd, 4318162.593, 140
Trd, 4318163.693, 77
Trd, 4318164.443, 79
Trd, 4318164.493, 76
Trd, 4318165.643, 138
Trd, 4318165.943, 139
Trd, 4318166.443, 138
Trd, 4318167.293, 139
Trd, 4318168.543, 140
Trd, 4318169.043, 140
Trd, 4318169.543, 140
Trd, 4318170.493, 127
Trd, 4318170.643, 123
Trd, 4318171.443, 101
Trd, 4318171.743, 139
Trd, 4318172.893, 61
Trd, 4318174.093, 134
Trd, 4318174.743, 125
Trd, 4318175.293, 127
Trd, 4318175.543, 127
Trd, 4318176.393, 124
Trd, 4318177.243, 116
Trd, 4318177.843, 71
Trd, 4318179.093, 120
Trd, 4318179.243, 119
Trd, 4318179.743, 126
Trd, 4318180.243, 85
Trd, 4318180.343, 127
Trd, 4318180.593, 74
Trd, 4318182.443, 111
Trd, 4318184.343, 140
Trd, 4318184.743, 140
Trd, 4318185.293, 140
Trd, 4318185.393, 121
Trd, 4318186.193, 94
Trd, 4318187.893, 139
Trd, 4318188.043, 129
Trd, 4318188.343, 82
Trd, 4318189.493, 139
Trd, 4318191.093, 93
Trd, 4318191.143, 97
Trd, 4318192.593, 120
Trd, 4318192.893, 124
Trd, 4318192.993, 119
Trd, 4318193.893, 120
Trd, 4318195.143, 140
Trd, 4318195.693, 140
Trd, 4318195.743, 140
Trd, 4318197.343, 102
Trd, 4318197.543, 101
Trd, 4318199.093, 140
Trd, 4318200.543, 140
Trd, 4318201.093, 87
Trd, 4318201.193, 86
Trd, 4318202.793, 96
Trd, 4318204.043, 100
Trd, 4318204.393, 137
Trd, 4318204.843, 97
Trd, 4318205.393, 96
Trd, 4318206.693, 98
Trd, 4318207.143, 139
Trd, 4318207.593, 99
Trd, 4318207.693, 67
Trd, 4318209.093, 116
Trd, 4318210.343, 104
Trd, 4318210.793, 103
Trd, 4318212.543, 106
Trd, 4318212.643, 100
Trd, 4318212.843, 68
Trd, 4318213.943, 76
Trd, 4318214.343, 125
Trd, 4318215.193, 139
Trd, 4318216.093, 62
Trd, 4318216.243, 64
Trd, 4318216.743, 101
Trd, 4318217.443, 63
Trd, 4318218.793, 119
Trd, 4318218.893, 118
Trd, 4318219.343, 117
Trd, 4318219.843, 116
Trd, 4318220.893, 138
Trd, 4318222.093, 140
Trd, 4318222.593, 140
Trd, 4318224.843, 140
Trd, 4318225.043, 140
Trd, 4318225.793, 137
Trd, 4318226.693, 97
Trd, 4318227.093, 129
Trd, 4318227.793, 126
Trd, 4318227.943, 130
Trd, 4318228.593, 126
Trd, 4318229.143, 139
Trd, 4318229.543, 140
Trd, 4318229.843, 119
Trd, 4318231.193, 128
Trd, 4318231.543, 124
Trd, 4318232.693, 101
Trd, 4318232.743, 127
Trd, 4318234.693, 130
Trd, 4318234.793, 112
Trd, 4318235.693, 140
Trd, 4318235.743, 140
Trd, 4318235.843, 138
Trd, 4318236.543, 125
Trd, 4318238.343, 137
Trd, 4318238.443, 136
Trd, 4318239.043, 140
Trd, 4318239.243, 83
Trd, 4318239.393, 83
Trd, 4318240.143, 82
Trd, 4318242.043, 113
Trd, 4318242.243, 103
Trd, 4318242.443, 102
Trd, 4318242.993, 113
Trd, 4318243.843, 93
Trd, 4318245.543, 110
Trd, 4318246.443, 67
Trd, 4318246.943, 82
Trd, 4318247.193, 100
Trd, 4318247.343, 79
Trd, 4318248.643, 122
Trd, 4318248.893, 98
Trd, 4318249.043, 88
Trd, 4318249.493, 140
Trd, 4318249.593, 80
Trd, 4318252.193, 139
Trd, 4318254.343, 60
Trd, 4318255.693, 60
Trd, 4318256.243, 62
Trd, 4318256.343, 63
Trd, 4318256.543, 62
Trd, 4318257.243, 64
Trd, 4318259.143, 60
Trd, 4318259.493, 61
Trd, 4318259.743, 62
Trd, 4318259.993, 63
Trd, 4318260.143, 62
Trd, 4318260.493, 64
Trd, 4318260.693, 73
Trd, 4318261.743, 67
Trd, 4318262.443, 67
Trd, 4318263.643, 60
Trd, 4318264.543, 60
Trd, 4318266.543, 63
Trd, 4318267.243, 60
Trd, 4318267.393, 61
Trd, 4318267.943, 60
Trd, 4318268.343, 61
Trd, 4318269.043, 61
Trd, 4318269.843, 60
Trd, 4318270.093, 60
Trd, 4318270.443, 61
Trd, 4318271.793, 133
Trd, 4318272.043, 132
Trd, 4318272.693, 91
Trd, 4318272.943, 110
Trd, 4318273.393, 92
Trd, 4318274.293, 140
Trd, 4318275.643, 120
Trd, 4318275.993, 137
Trd, 4318276.143, 136
Trd, 4318276.343, 95
Trd, 4318276.743, 133
Trd, 4318277.543, 95
Trd, 4318278.143, 139
Trd, 4318279.443, 109
Trd, 4318279.543, 108
Trd, 4318280.593, 61
Trd, 4318281.543, 60
Trd, 4318282.543, 60
Trd, 4318283.043, 60
Trd, 4318284.493, 60
Trd, 4318284.993, 61
Trd, 4318285.693, 60
Trd, 4318287.643, 60
Trd, 4318289.143, 61
Trd, 4318289.393, 65
Trd, 4318289.893, 60
Trd, 4318289.943, 65
Trd, 4318290.793, 89
Trd, 4318290.893, 75
Trd, 4318291.043, 74
Trd, 4318291.543, 118
Trd, 4318292.393, 71
Trd, 4318293.243, 60
Trd, 4318293.843, 63
Trd, 4318294.343, 64
Trd, 4318295.143, 66
Trd, 4318295.493, 63
Trd, 4318295.593, 68
Trd, 4318296.243, 66
Trd, 4318297.693, 65
Trd, 4318298.043, 140
Trd, 4318300.393, 102
Trd, 4318300.693, 131
Trd, 4318301.343, 121
Trd, 4318301.643, 111
Trd, 4318302.643, 124
Trd, 4318303.643, 138
Trd, 4318304.393, 139
Trd, 4318304.643, 138
Trd, 4318305.093, 138
Trd, 4318305.843, 131
Trd, 4318306.193, 140
Trd, 4318306.643, 117
Trd, 4318307.743, 98
Trd, 4318308.143, 97
Trd, 4318308.443, 136
Trd, 4318308.793, 75
Trd, 4318309.843, 61
Trd, 4318310.893, 60
Trd, 4318311.443, 62
Trd, 4318313.593, 60
Trd, 4318313.943, 60
Trd, 4318314.893, 60
Trd, 4318315.043, 63
Trd, 4318316.993, 60
Trd, 4318317.043, 60
Trd, 4318317.143, 61
Trd, 4318318.343, 60
Trd, 4318319.093, 62
Trd, 4318320.193, 64
Trd, 4318320.993, 65
Trd, 4318321.143, 64
Trd, 4318321.193, 66
Trd, 4318321.893, 116
Trd, 4318322.393, 81
Trd, 4318323.043, 85
Trd, 4318323.443, 106
Trd, 4318323.543, 82
Trd, 4318323.943, 140
Trd, 4318325.343, 91
Trd, 4318325.843, 91
Trd, 4318326.593, 140
Trd, 4318327.693, 104
Trd, 4318327.893, 96
Trd, 4318329.793, 139
Trd, 4318330.193, 135
Trd, 4318331.093, 140
Trd, 4318331.343, 124
Trd, 4318331.593, 126
Trd, 4318332.243, 109
Trd, 4318332.443, 108
Trd, 4318332.793, 128
Trd, 4318335.243, 124
Trd, 4318335.493, 106
Trd, 4318336.743, 125
Trd, 4318336.943, 126
Trd, 4318337.293, 130
Trd, 4318337.443, 123
Trd, 4318338.443, 139
Trd, 4318338.643, 124
Trd, 4318338.843, 78
Trd, 4318340.493, 65
Trd, 4318341.993, 60
Trd, 4318342.093, 60
Trd, 4318343.643, 60
Trd, 4318343.843, 61
Trd, 4318344.743, 60
Trd, 4318344.793, 64
Trd, 4318344.943, 74
Trd, 4318345.193, 99
Trd, 4318345.393, 63
Trd, 4318346.593, 99
Trd, 4318347.343, 91
Trd, 4318347.443, 72
Trd, 4318349.243, 67
Trd, 4318349.693, 66
Trd, 4318350.993, 98
Trd, 4318351.693, 110
Trd, 4318351.893, 133
Trd, 4318352.543, 139
Trd, 4318353.243, 100
Trd, 4318353.743, 98
Trd, 4318353.943, 95
Trd, 4318353.993, 94
Trd, 4318355.893, 109
Trd, 4318356.693, 140
Trd, 4318357.943, 140
Trd, 4318358.493, 140
Trd, 4318359.943, 140
Trd, 4318360.243, 139
Trd, 4318361.393, 140
Trd, 4318362.093, 119
Trd, 4318362.643, 60
Trd, 4318363.493, 60
Trd, 4318363.743, 63
Trd, 4318365.243, 140
Trd, 4318365.443, 140
Trd, 4318366.593, 140
Trd, 4318367.093, 140
Trd, 4318367.543, 140
Trd, 4318368.093, 67
Trd, 4318368.843, 116
Trd, 4318369.793, 99
Trd, 4318370.493, 140
Trd, 4318371.293, 94
Trd, 4318371.793, 114
Trd, 4318371.893, 89
Trd, 4318371.993, 76
Trd, 4318372.893, 69
Trd, 4318374.743, 118
Trd, 4318374.893, 117
Trd, 4318376.293, 140
Trd, 4318377.243, 140
Trd, 4318377.343, 140
Trd, 4318377.543, 139
Trd, 4318378.193, 87
Trd, 4318379.243, 64
Trd, 4318379.943, 66
Trd, 4318379.993, 67
Trd, 4318380.743, 107
Trd, 4318381.693, 140
Trd, 4318383.143, 140
Trd, 4318384.093, 140
Trd, 4318385.043, 140
Trd, 4318385.643, 140
Trd, 4318386.343, 139
Trd, 4318386.643, 90
Trd, 4318387.743, 82
Trd, 4318389.443, 135
Trd, 4318389.493, 127
Trd, 4318389.543, 126
Trd, 4318390.993, 139
Trd, 4318391.593, 139
Trd, 4318393.043, 140
Trd, 4318393.993, 132
Trd, 4318395.043, 135
Trd, 4318396.143, 137
Trd, 4318396.543, 135
Trd, 4318396.643, 133
Trd, 4318398.443, 95
Trd, 4318399.743, 137
Trd, 4318400.093, 136
Trd, 4318400.743, 140
Trd, 4318402.043, 140
Trd, 4318402.993, 98
Trd, 4318403.143, 80
Trd, 4318403.643, 94
Trd, 4318403.793, 93
Trd, 4318404.343, 83
Trd, 4318404.393, 84
Trd, 4318404.493, 102
Trd, 4318405.343, 84
Trd, 4318406.143, 108
Trd, 4318406.943, 140
Trd, 4318407.343, 82
Trd, 4318407.743, 84
Trd, 4318407.793, 81
Trd, 4318408.043, 80
Trd, 4318410.143, 73
Trd, 4318411.593, 140
Trd, 4318412.793, 140
Trd, 4318413.293, 138
Trd, 4318413.893, 140
Trd, 4318414.093, 140
Trd, 4318415.093, 140
Trd, 4318415.143, 140
Trd, 4318415.443, 137
Trd, 4318418.743, 139
Trd, 4318419.393, 138
Trd, 4318419.693, 138
Trd, 4318420.143, 107
Trd, 4318421.893, 124
Trd, 4318422.593, 140
Trd, 4318423.193, 140
Trd, 4318423.943, 140
Trd, 4318424.093, 140
Trd, 4318424.293, 105
Trd, 4318424.993, 83
Trd, 4318426.143, 140
Trd, 4318426.393, 140
Trd, 4318428.593, 140
Trd, 4318428.643, 138
Trd, 4318429.293, 127
Trd, 4318430.643, 111
Trd, 4318430.743, 121
Trd, 4318430.943, 111
Trd, 4318432.093, 109
Trd, 4318432.393, 132
Trd, 4318433.743, 140
Trd, 4318434.593, 140
Trd, 4318435.543, 139
Trd, 4318435.693, 137
Trd, 4318436.443, 78
Trd, 4318438.693, 140
Trd, 4318439.143, 140
Trd, 4318439.293, 140
Trd, 4318439.593, 78
Trd, 4318439.943, 140
Trd, 4318440.793, 112
Trd, 4318441.343, 95
Trd, 4318442.743, 109
Trd, 4318442.793, 110
Trd, 4318442.993, 106
Trd, 4318443.093, 81
Trd, 4318443.293, 86
Trd, 4318443.493, 80
Trd, 4318445.143, 62
Trd, 4318446.043, 60
Trd, 4318446.943, 65
Trd, 4318447.293, 61
Trd, 4318447.743, 73
Trd, 4318448.293, 140
Trd, 4318448.993, 140
Trd, 4318450.143, 140
Trd, 4318451.743, 140
Trd, 4318452.443, 140
Trd, 4318452.893, 82
Trd, 4318454.843, 140
Trd, 4318455.043, 140
Trd, 4318456.843, 140
Trd, 4318456.893, 140
Trd, 4318457.943, 140
Trd, 4318458.043, 140
Trd, 4318459.593, 140
Trd, 4318459.943, 140
Trd, 4318460.043, 140
Trd, 4318461.243, 139
Trd, 4318461.693, 88
Trd, 4318462.243, 82
Trd, 4318462.993, 87
Trd, 4318463.593, 96
Trd, 4318465.093, 118
Trd, 4318465.793, 108
Trd, 4318465.943, 105
Trd, 4318466.593, 139
Trd, 4318467.693, 113
Trd, 4318468.093, 74
Trd, 4318469.043, 60
Trd, 4318469.143, 63
Trd, 4318469.593, 61
Trd, 4318471.293, 60
Trd, 4318471.943, 60
Trd, 4318472.943, 123
Trd, 4318473.293, 123
Trd, 4318473.393, 123
Trd, 4318474.093, 105
Trd, 4318474.543, 138
Trd, 4318475.993, 139
Trd, 4318477.043, 74
Trd, 4318478.293, 109
Trd, 4318479.143, 60
Trd, 4318479.743, 65
Trd, 4318480.243, 64
Trd, 4318480.793, 97
Trd, 4318482.143, 134
Trd, 4318483.093, 140
Trd, 4318483.393, 140
Trd, 4318483.643, 140
Trd, 4318484.993, 140
Trd, 4318485.943, 140
Trd, 4318486.443, 136
Trd, 4318487.343, 124
Trd, 4318487.593, 123
Trd, 4318489.143, 139
Trd, 4318489.643, 102
Trd, 4318489.893, 101
Trd, 4318490.443, 137
Trd, 4318490.593, 103
Trd, 4318490.893, 100
Trd, 4318491.193, 88
Trd, 4318492.743, 113
Trd, 4318494.793, 140
Trd, 4318495.243, 140
Trd, 4318496.043, 140
Trd, 4318496.293, 140
Trd, 4318497.643, 140
Trd, 4318498.593, 140
Trd, 4318499.843, 140
Trd, 4318500.643, 140
Trd, 4318501.593, 140
Trd, 4318502.193, 140
Trd, 4318503.443, 140
Trd, 4318504.293, 140
Trd, 4318505.543, 140
Trd, 4318505.743, 140
Trd, 4318506.143, 140
Trd, 4318506.793, 107
Trd, 4318507.193, 106
Trd, 4318507.943, 106
Trd, 4318509.243, 124
Trd, 4318509.293, 105
Trd, 4318509.793, 132
Trd, 4318510.343, 111
Trd, 4318511.643, 95
Trd, 4318512.443, 104
Trd, 4318513.193, 140
Trd, 4318514.043, 60
Trd, 4318514.843, 139
Trd, 4318515.593, 77
Trd, 4318516.543, 68
Trd, 4318517.993, 110
Trd, 4318518.443, 137
Trd, 4318520.193, 111
Trd, 4318520.443, 93
Trd, 4318521.193, 139
Trd, 4318521.293, 127
Trd, 4318522.043, 105
Trd, 4318522.693, 110
Trd, 4318522.993, 106
Trd, 4318523.593, 140
Trd, 4318523.793, 107
Trd, 4318524.993, 107
Trd, 4318525.443, 132
Trd, 4318526.643, 116
Trd, 4318527.543, 100
Trd, 4318529.193, 140
Trd, 4318530.043, 102
Trd, 4318531.293, 103
Trd, 4318531.343, 100
Trd, 4318531.493, 81
Trd, 4318531.743, 130
Trd, 4318533.343, 140
Trd, 4318533.843, 140
Trd, 4318535.143, 140
Trd, 4318535.193, 136
Trd, 4318536.243, 113
Trd, 4318537.893, 139
Trd, 4318538.043, 137
Trd, 4318539.393, 139
Trd, 4318540.493, 140
Trd, 4318540.543, 140
Trd, 4318540.793, 93
Trd, 4318541.643, 110
Trd, 4318541.793, 116
Trd, 4318542.143, 99
Trd, 4318543.393, 140
Trd, 4318543.543, 140
Trd, 4318543.793, 92
Trd, 4318545.193, 136
Trd, 4318547.043, 123
Trd, 4318547.293, 124
Trd, 4318547.893, 129
Trd, 4318548.543, 140
Trd, 4318549.293, 128
Trd, 4318550.543, 140
Trd, 4318550.943, 140
Trd, 4318551.243, 138
Trd, 4318552.043, 137
Trd, 4318553.243, 133
Trd, 4318555.393, 140
Trd, 4318555.893, 84
Trd, 4318556.593, 140
Trd, 4318557.193, 107
Trd, 4318557.743, 81
Trd, 4318558.293, 79
Trd, 4318560.043, 140
Trd, 4318560.693, 140
Trd, 4318561.343, 139
Trd, 4318561.443, 138
Trd, 4318562.293, 135
Trd, 4318562.543, 128
Trd, 4318563.443, 68
Trd, 4318565.243, 98
Trd, 4318566.793, 99
Trd, 4318567.243, 118
Trd, 4318567.293, 97
Trd, 4318567.493, 119
Trd, 4318567.793, 88
Trd, 4318568.493, 117
Trd, 4318568.993, 139
Trd, 4318570.543, 138
Trd, 4318570.743, 137
Trd, 4318571.393, 135
Trd, 4318572.393, 111
Trd, 4318572.743, 109
Trd, 4318573.043, 140
Trd, 4318573.293, 140
Trd, 4318574.843, 140
Trd, 4318575.243, 140
Trd, 4318575.593, 140
Trd, 4318575.743, 139
Trd, 4318576.543, 140
Trd, 4318578.293, 85
Trd, 4318581.093, 140
Trd, 4318582.293, 140
Trd, 4318582.443, 140
Trd, 4318583.643, 121
Trd, 4318583.693, 119
Trd, 4318585.543, 140
Trd, 4318586.093, 140
Trd, 4318586.243, 140
Trd, 4318586.493, 122
Trd, 4318587.543, 89
Trd, 4318588.093, 138
Trd, 4318588.993, 140
Trd, 4318589.143, 139
Trd, 4318590.343, 113
Trd, 4318590.393, 96
Trd, 4318590.943, 115
Trd, 4318593.493, 140
Trd, 4318594.393, 140
Trd, 4318595.843, 140
Trd, 4318596.493, 140
Trd, 4318596.993, 140
Trd, 4318597.543, 139
Trd, 4318597.693, 132
Trd, 4318598.443, 60
Trd, 4318598.943, 101
Trd, 4318599.743, 60
Trd, 4318600.893, 63
Trd, 4318601.443, 62
Trd, 4318602.043, 65
Trd, 4318602.443, 64
Trd, 4318602.943, 63
Trd, 4318603.593, 64
Trd, 4318604.193, 65
Trd, 4318605.543, 77
Trd, 4318606.843, 139
Trd, 4318607.143, 82
Trd, 4318608.443, 140
Trd, 4318608.743, 140
Trd, 4318609.543, 140
Trd, 4318609.993, 140
Trd, 4318610.643, 140
Trd, 4318611.293, 139
Trd, 4318611.743, 104
Trd, 4318612.343, 83
Trd, 4318612.793, 63
Trd, 4318613.743, 68
Trd, 4318613.943, 61
Trd, 4318614.293, 138
Trd, 4318616.443, 140
Trd, 4318616.943, 140
Trd, 4318617.593, 140
Trd, 4318617.843, 140
Trd, 4318619.243, 138
Trd, 4318619.693, 98
Trd, 4318620.293, 140
Trd, 4318620.443, 97
Trd, 4318621.793, 120
Trd, 4318621.943, 87
Trd, 4318622.793, 86
Trd, 4318623.293, 135
Trd, 4318624.393, 134
Trd, 4318625.493, 140
Trd, 4318625.793, 140
Trd, 4318626.243, 140
Trd, 4318627.293, 140
Trd, 4318628.743, 140
Trd, 4318628.943, 140
Trd, 4318629.143, 140
Trd, 4318629.643, 140
Trd, 4318630.343, 140
Trd, 4318630.893, 140
Trd, 4318632.043, 140
Trd, 4318632.943, 140
Trd, 4318633.043, 139
Trd, 4318634.143, 140
Trd, 4318634.893, 84
Trd, 4318637.043, 140
Trd, 4318637.443, 140
Trd, 4318638.043, 140
Trd, 4318638.943, 140
Trd, 4318639.843, 140
Trd, 4318641.043, 140
Trd, 4318641.843, 140
Trd, 4318642.593, 140
Trd, 4318643.443, 140
Trd, 4318643.543, 140
Trd, 4318644.143, 135
Trd, 4318644.593, 98
Trd, 4318645.893, 139
Trd, 4318646.443, 77
Trd, 4318646.693, 78
Trd, 4318647.043, 77
Trd, 4318647.743, 140
Trd, 4318647.943, 79
Trd, 4318648.943, 135
Trd, 4318650.893, 138
Trd, 4318651.593, 120
Trd, 4318651.993, 103
Trd, 4318652.893, 140
Trd, 4318653.243, 140
Trd, 4318653.443, 118
Trd, 4318654.543, 82
Trd, 4318654.993, 83
Trd, 4318655.943, 140
Trd, 4318656.793, 139
Trd, 4318657.693, 135
Trd, 4318658.043, 138
Trd, 4318658.243, 113
Trd, 4318661.393, 137
Trd, 4318661.693, 136
Trd, 4318662.243, 130
Trd, 4318662.393, 129
Trd, 4318663.643, 140
Trd, 4318663.843, 140
Trd, 4318664.493, 139
Trd, 4318665.543, 113
Trd, 4318665.743, 138
Trd, 4318667.193, 138
Trd, 4318667.493, 124
Trd, 4318669.543, 138
Trd, 4318670.393, 132
Trd, 4318670.893, 130
Trd, 4318670.943, 128
Trd, 4318671.293, 117
Trd, 4318672.293, 140
Trd, 4318673.543, 136
Trd, 4318674.593, 133
Trd, 4318675.043, 135
Trd, 4318675.593, 136
Trd, 4318676.443, 140
Trd, 4318676.543, 109
Trd, 4318677.093, 107
Trd, 4318677.393, 93
Trd, 4318678.743, 140
Trd, 4318679.393, 138
Trd, 4318679.593, 65
Trd, 4318680.093, 92
Trd, 4318680.443, 138
Trd, 4318682.193, 140
Trd, 4318682.943, 140
Trd, 4318683.293, 140
Trd, 4318683.993, 137
Trd, 4318684.743, 116
Trd, 4318685.893, 116
Trd, 4318686.193, 117
Trd, 4318686.243, 105
Trd, 4318686.343, 120
Trd, 4318686.793, 103
Trd, 4318687.493, 131
Trd, 4318687.593, 129
Trd, 4318688.393, 115
Trd, 4318689.543, 122
Trd, 4318690.193, 118
Trd, 4318690.543, 118
Trd, 4318690.843, 114
Trd, 4318691.143, 76
Trd, 4318691.993, 68
Trd, 4318692.493, 72
Trd, 4318693.493, 74
Trd, 4318694.293, 140
Trd, 4318695.143, 101
Trd, 4318695.843, 140
Trd, 4318695.893, 140
Trd, 4318696.893, 132
Trd, 4318698.693, 87
Trd, 4318699.293, 85
Trd, 4318700.243, 140
Trd, 4318701.493, 140
Trd, 4318702.143, 140
Trd, 4318702.793, 140
Trd, 4318703.593, 140
Trd, 4318704.043, 122
Trd, 4318705.043, 119
Trd, 4318705.593, 119
Trd, 4318706.493, 140
Trd, 4318706.993, 104
Trd, 4318707.293, 87
Trd, 4318708.343, 139
Trd, 4318710.193, 140
Trd, 4318710.543, 140
Trd, 4318710.893, 139
Trd, 4318712.643, 140
Trd, 4318713.093, 140
Trd, 4318713.293, 139
Trd, 4318713.493, 110
Trd, 4318715.043, 92
Trd, 4318715.493, 86
Trd, 4318715.893, 121
Trd, 4318716.143, 140
Trd, 4318716.443, 82
Trd, 4318717.193, 99
Trd, 4318718.543, 135
Trd, 4318720.293, 140
Trd, 4318720.493, 140
Trd, 4318720.643, 139
Trd, 4318721.493, 79
Trd, 4318723.143, 109
Trd, 4318723.543, 139
Trd, 4318723.643, 133
Trd, 4318723.943, 135
Trd, 4318724.493, 125
Trd, 4318727.393, 131
Trd, 4318728.693, 140
Trd, 4318728.993, 139
Trd, 4318729.193, 138
Trd, 4318729.693, 83
Trd, 4318729.743, 140
Trd, 4318730.693, 78
Trd, 4318731.343, 139
Trd, 4318733.143, 140
Trd, 4318733.643, 140
Trd, 4318734.243, 140
Trd, 4318734.343, 140
Trd, 4318734.393, 108
Trd, 4318735.243, 98
Trd, 4318737.043, 105
Trd, 4318737.193, 127
Trd, 4318737.293, 104
Trd, 4318740.593, 112
Trd, 4318740.643, 123
Trd, 4318741.293, 110
Trd, 4318741.343, 108
Trd, 4318742.193, 110
Trd, 4318742.543, 127
Trd, 4318743.093, 100
Trd, 4318743.743, 85
Trd, 4318744.943, 125
Trd, 4318744.993, 95
Trd, 4318745.393, 78
Trd, 4318745.843, 139
Trd, 4318746.843, 103
Trd, 4318747.893, 65
Trd, 4318749.043, 139
Trd, 4318749.143, 100
Trd, 4318751.143, 140
Trd, 4318751.693, 99
Trd, 4318752.293, 98
Trd, 4318753.993, 128
Trd, 4318754.343, 120
Trd, 4318755.143, 113
Trd, 4318755.343, 109
Trd, 4318756.093, 131
Trd, 4318757.193, 60
Trd, 4318757.443, 77
Trd, 4318758.293, 63
Trd, 4318759.443, 139
Trd, 4318760.643, 84
Trd, 4318760.693, 85
Trd, 4318761.543, 81
Trd, 4318761.943, 85
Trd, 4318762.343, 86
Trd, 4318763.543, 101
Trd, 4318763.743, 101
Trd, 4318763.893, 139
Trd, 4318764.293, 101
Trd, 4318764.793, 100
Trd, 4318765.443, 140
Trd, 4318765.793, 67
Trd, 4318767.493, 86
Trd, 4318768.043, 85
Trd, 4318768.543, 72
Trd, 4318770.743, 140
Trd, 4318772.443, 140
Trd, 4318772.493, 140
Trd, 4318772.593, 140
Trd, 4318774.343, 140
Trd, 4318774.493, 140
Trd, 4318774.543, 122
Trd, 4318774.843, 140
Trd, 4318775.893, 81
Trd, 4318777.793, 90
Trd, 4318780.443, 125
Trd, 4318780.743, 116
Trd, 4318781.593, 116
Trd, 4318781.643, 127
Trd, 4318781.843, 115
Trd, 4318781.943, 127
Trd, 4318782.043, 112
Trd, 4318782.193, 93
Trd, 4318782.693, 132
Trd, 4318783.193, 85
Trd, 4318783.243, 83
Trd, 4318784.293, 74
Trd, 4318784.643, 65
Trd, 4318784.843, 90
Trd, 4318786.593, 60
Trd, 4318788.093, 126
Trd, 4318788.143, 124
Trd, 4318789.143, 139
Trd, 4318789.443, 140
Trd, 4318789.693, 107
Trd, 4318790.793, 100
Trd, 4318791.843, 138
Trd, 4318792.543, 106
Trd, 4318793.693, 99
Trd, 4318793.893, 140
Trd, 4318794.843, 98
Trd, 4318795.143, 96
Trd, 4318795.643, 132
Trd, 4318797.693, 140
Trd, 4318798.043, 107
Trd, 4318799.393, 140
Trd, 4318800.793, 129
Trd, 4318801.193, 128
Trd, 4318801.243, 113
Trd, 4318801.343, 112
Trd, 4318803.043, 140
Trd, 4318804.093, 140
Trd, 4318804.343, 140
Trd, 4318806.593, 95
Trd, 4318806.943, 100
Trd, 4318807.043, 77
Trd, 4318807.493, 129
Trd, 4318807.793, 89
Trd, 4318808.293, 89
Trd, 4318808.493, 93
Trd, 4318808.943, 94
Trd, 4318808.993, 90
Trd, 4318810.593, 140
Trd, 4318811.743, 95
Trd, 4318812.343, 84
Trd, 4318813.093, 88
Trd, 4318813.593, 140
Trd, 4318813.943, 86
Trd, 4318815.193, 138
Trd, 4318815.293, 137
Trd, 4318815.543, 117
Trd, 4318816.093, 82
Trd, 4318816.343, 81
Trd, 4318817.643, 82
Trd, 4318818.993, 140
Trd, 4318820.243, 140
Trd, 4318821.093, 140
Trd, 4318821.693, 140
Trd, 4318821.743, 105
Trd, 4318823.643, 139
Trd, 4318824.643, 127
Trd, 4318824.693, 126
Trd, 4318825.043, 104
Trd, 4318825.493, 72
Trd, 4318826.293, 135
Trd, 4318827.443, 138
Trd, 4318827.693, 140
Trd, 4318827.793, 137
Trd, 4318828.493, 137
Trd, 4318829.743, 86
Trd, 4318830.643, 122
Trd, 4318831.693, 101
Trd, 4318832.043, 96
Trd, 4318832.893, 65
Trd, 4318833.243, 67
Trd, 4318833.543, 64
Trd, 4318834.143, 61
Trd, 4318835.393, 61
Trd, 4318835.943, 61
Trd, 4318836.943, 67
Trd, 4318837.443, 74
Trd, 4318837.493, 64
Trd, 4318838.093, 134
Trd, 4318838.843, 84
Trd, 4318839.343, 140
Trd, 4318839.793, 140
Trd, 4318841.343, 140
Trd, 4318842.543, 72
Trd, 4318842.743, 68
Trd, 4318843.343, 68
Trd, 4318843.893, 62
Trd, 4318844.143, 68
Trd, 4318845.093, 60
Trd, 4318845.143, 69
Trd, 4318845.643, 130
Trd, 4318848.393, 61
Trd, 4318848.943, 62
Trd, 4318849.193, 61
Trd, 4318849.793, 63
Trd, 4318850.093, 64
Trd, 4318851.143, 139
Trd, 4318853.493, 105
Trd, 4318854.043, 105
Trd, 4318854.443, 106
Trd, 4318855.243, 136
Trd, 4318855.643, 136
Trd, 4318856.843, 139
Trd, 4318857.693, 139
Trd, 4318858.443, 139
Trd, 4318859.243, 126
Trd, 4318859.693, 69
Trd, 4318860.343, 137
Trd, 4318860.493, 136
Trd, 4318860.743, 107
Trd, 4318862.393, 93
Trd, 4318863.993, 94
Trd, 4318864.743, 140
Trd, 4318865.543, 140
Trd, 4318866.443, 140
Trd, 4318866.993, 139
Trd, 4318867.193, 138
Trd, 4318868.593, 137
Trd, 4318869.043, 140
Trd, 4318869.593, 90
Trd, 4318870.993, 140
Trd, 4318871.043, 140
Trd, 4318871.093, 140
Trd, 4318871.443, 101
Trd, 4318872.393, 109
Trd, 4318873.293, 109
Trd, 4318873.693, 110
Trd, 4318873.843, 100
Trd, 4318875.093, 107
Trd, 4318876.293, 60
Trd, 4318877.043, 140
Trd, 4318877.393, 140
Trd, 4318878.543, 140
Trd, 4318878.943, 140
Trd, 4318879.493, 140
Trd, 4318879.793, 140
Trd, 4318881.393, 140
Trd, 4318881.793, 140
Trd, 4318882.493, 140
Trd, 4318882.843, 139
Trd, 4318883.093, 138
Trd, 4318885.293, 140
Trd, 4318885.993, 140
Trd, 4318886.193, 139
Trd, 4318886.543, 137
Trd, 4318887.543, 140
Trd, 4318888.843, 103
Trd, 4318889.043, 102
Trd, 4318889.493, 101
Trd, 4318891.343, 62
Trd, 4318891.893, 61
Trd, 4318892.793, 61
Trd, 4318893.593, 60
Trd, 4318894.043, 61
Trd, 4318894.193, 61
Trd, 4318895.593, 60
Trd, 4318896.143, 60
Trd, 4318896.743, 61
Trd, 4318896.843, 62
Trd, 4318897.693, 140
Trd, 4318898.143, 127
Trd, 4318898.343, 126
Trd, 4318898.393, 125
Trd, 4318898.993, 140
Trd, 4318899.243, 136
Trd, 4318900.193, 139
Trd, 4318900.543, 96
Trd, 4318901.143, 67
Trd, 4318901.443, 69
Trd, 4318903.493, 60
Trd, 4318904.743, 72
Trd, 4318906.093, 76
Trd, 4318906.143, 75
Trd, 4318906.993, 94
Trd, 4318907.593, 63
Trd, 4318908.243, 62
Trd, 4318908.793, 60
Trd, 4318909.743, 79
Trd, 4318910.243, 85
Trd, 4318911.043, 63
Trd, 4318911.793, 62
Trd, 4318912.493, 63
Trd, 4318912.643, 91
Trd, 4318913.743, 139
Trd, 4318914.293, 140
Trd, 4318914.643, 140
Trd, 4318915.293, 62
Trd, 4318915.393, 63
Trd, 4318916.393, 62
Trd, 4318918.343, 62
Trd, 4318919.393, 60
Trd, 4318919.543, 62
Trd, 4318920.243, 62
Trd, 4318920.743, 63
Trd, 4318921.093, 101
Trd, 4318921.143, 62
Trd, 4318921.543, 70
Trd, 4318922.793, 75
Trd, 4318923.093, 102
Trd, 4318924.943, 60
Trd, 4318925.293, 61
Trd, 4318926.943, 65
Trd, 4318927.193, 65
Trd, 4318927.443, 78
Trd, 4318927.843, 73
Trd, 4318928.143, 78
Trd, 4318929.493, 140
Trd, 4318929.543, 140
Trd, 4318929.693, 87
Trd, 4318929.893, 108
Trd, 4318931.793, 65
Trd, 4318932.743, 112
Trd, 4318934.293, 77
Trd, 4318934.393, 76
Trd, 4318935.043, 67
Trd, 4318935.393, 68
Trd, 4318935.743, 88
Trd, 4318936.193, 67
Trd, 4318937.793, 139
Trd, 4318937.843, 138
Trd, 4318938.893, 124
Trd, 4318939.893, 125
Trd, 4318940.793, 64
Trd, 4318941.043, 65
Trd, 4318941.493, 61
Trd, 4318942.843, 60
Trd, 4318944.743, 60
Trd, 4318944.993, 67
Trd, 4318946.043, 104
Trd, 4318946.093, 102
Trd, 4318947.343, 105
Trd, 4318947.393, 104
Trd, 4318948.593, 139
Trd, 4318948.793, 91
Trd, 4318949.943, 78
Trd, 4318950.393, 93
Trd, 4318951.193, 92
Trd, 4318951.893, 140
Trd, 4318951.993, 140
Trd, 4318952.193, 116
Trd, 4318955.543, 140
Trd, 4318955.593, 140
Trd, 4318956.293, 140
Trd, 4318957.193, 140
Trd, 4318957.293, 137
Trd, 4318957.943, 140
Trd, 4318958.043, 124
Trd, 4318959.143, 123
Trd, 4318961.793, 140
Trd, 4318962.793, 140
Trd, 4318963.293, 140
Trd, 4318963.743, 140
Trd, 4318963.893, 140
Trd, 4318963.993, 138
Trd, 4318964.743, 131
Trd, 4318968.643, 140
Trd, 4318968.943, 140
Trd, 4318969.343, 140
Trd, 4318969.443, 140
Trd, 4318969.493, 93
Trd, 4318970.243, 60
Trd, 4318970.593, 63
Trd, 4318970.993, 138
Trd, 4318972.243, 83
Trd, 4318972.993, 101
Trd, 4318973.993, 87
Trd, 4318974.593, 108
Trd, 4318974.743, 101
Trd, 4318974.893, 100
Trd, 4318976.343, 140
Trd, 4318977.543, 140
Trd, 4318978.043, 139
Trd, 4318978.993, 140
Trd, 4318979.393, 95
Trd, 4318979.943, 113
Trd, 4318980.343, 99
Trd, 4318980.593, 94
Trd, 4318981.243, 96
Trd, 4318981.993, 84
Trd, 4318982.043, 81
Trd, 4318984.343, 61
Trd, 4318985.143, 60
Trd, 4318985.943, 60
Trd, 4318986.693, 60
Trd, 4318987.743, 60
Trd, 4318988.393, 60
Trd, 4318988.693, 64
Trd, 4318989.643, 64
Trd, 4318991.343, 63
Trd, 4318992.393, 67
Trd, 4318992.993, 62
Trd, 4318993.143, 66
Trd, 4318995.243, 60
Trd, 4318995.693, 60
Trd, 4318995.843, 60
Trd, 4318995.893, 67
Trd, 4318996.643, 140
Trd, 4318996.743, 138
Trd, 4318997.343, 79
Trd, 4318997.443, 77
Trd, 4318998.493, 140
Trd, 4318998.993, 78
Trd, 4319000.143, 61
Trd, 4319002.493, 75
Trd, 4319003.793, 60
Trd, 4319004.293, 60
Trd, 4319004.843, 66
Trd, 4319005.943, 60
Trd, 4319006.093, 72
Trd, 4319006.493, 62
Trd, 4319007.143, 65
Trd, 4319007.193, 85
Trd, 4319008.593, 65
Trd, 4319008.993, 86
Trd, 4319009.493, 65
Trd, 4319009.893, 64
Trd, 4319011.193, 140
Trd, 4319011.843, 140
Trd, 4319012.593, 107
Trd, 4319013.293, 139
Trd, 4319013.443, 140
Trd, 4319014.743, 112
Trd, 4319014.843, 105
Trd, 4319015.693, 61
Trd, 4319016.343, 116
Trd, 4319016.443, 115
Trd, 4319016.743, 137
Trd, 4319017.193, 134
Trd, 4319017.343, 114
Trd, 4319018.793, 60
Trd, 4319019.543, 83
Trd, 4319020.843, 66
Trd, 4319021.143, 87
Trd, 4319021.393, 88
Trd, 4319022.493, 140
Trd, 4319022.593, 139
Trd, 4319023.743, 139
Trd, 4319024.643, 140
Trd, 4319024.743, 81
Trd, 4319026.493, 100
Trd, 4319027.643, 132
Trd, 4319029.043, 140
Trd, 4319029.493, 132
Trd, 4319030.743, 140
Trd, 4319030.793, 139
Trd, 4319031.443, 122
Trd, 4319031.543, 121
Trd, 4319032.293, 112
Trd, 4319033.893, 140
Trd, 4319034.443, 140
Trd, 4319034.693, 140
Trd, 4319034.993, 140
Trd, 4319036.593, 140
Trd, 4319037.293, 140
Trd, 4319037.443, 100
Trd, 4319038.843, 140
Trd, 4319039.993, 140
Trd, 4319040.943, 140
Trd, 4319041.493, 140
Trd, 4319041.843, 140
Trd, 4319043.043, 132
Trd, 4319043.993, 133
Trd, 4319044.143, 133
Trd, 4319045.443, 139
Trd, 4319046.193, 139
Trd, 4319048.043, 139
Trd, 4319048.193, 138
Trd, 4319049.693, 111
Trd, 4319049.943, 111
Trd, 4319050.143, 139
Trd, 4319050.793, 72
Trd, 4319052.193, 135
Trd, 4319052.593, 132
Trd, 4319052.793, 131
Trd, 4319053.743, 116
Trd, 4319054.293, 115
Trd, 4319055.493, 131
Trd, 4319055.593, 114
Trd, 4319056.193, 136
Trd, 4319057.243, 119
Trd, 4319058.043, 139
Trd, 4319058.593, 90
Trd, 4319060.143, 137
Trd, 4319060.543, 129
Trd, 4319060.893, 129
Trd, 4319062.193, 130
Trd, 4319062.343, 134
Trd, 4319063.693, 78
Trd, 4319064.443, 124
Trd, 4319064.943, 89
Trd, 4319066.793, 140
Trd, 4319067.243, 140
Trd, 4319067.593, 137
Trd, 4319068.793, 140
Trd, 4319070.393, 140
Trd, 4319071.893, 140
Trd, 4319072.143, 140
Trd, 4319073.093, 140
Trd, 4319073.343, 140
Trd, 4319074.493, 140
Trd, 4319075.243, 140
Trd, 4319075.393, 140
Trd, 4319075.793, 97
Trd, 4319076.443, 78
Trd, 4319077.393, 140
Trd, 4319078.143, 77
Trd, 4319078.693, 84
Trd, 4319079.193, 139
Trd, 4319079.543, 138
Trd, 4319080.443, 140
Trd, 4319081.293, 139
Trd, 4319081.943, 131
Trd, 4319085.493, 140
Trd, 4319086.193, 140
Trd, 4319086.393, 140
Trd, 4319086.643, 139
Trd, 4319088.443, 140
Trd, 4319088.643, 139
Trd, 4319089.243, 87
Trd, 4319089.393, 88
Trd, 4319089.843, 81
Trd, 4319090.393, 82
Trd, 4319090.793, 137
Trd, 4319092.143, 121
Trd, 4319092.393, 126
Trd, 4319093.193, 74
Trd, 4319093.743, 140
Trd, 4319095.843, 126
Trd, 4319095.893, 124
Trd, 4319096.143, 73
Trd, 4319096.393, 70
Trd, 4319096.643, 64
Trd, 4319096.793, 73
Trd, 4319097.543, 79
Trd, 4319099.243, 60
Trd, 4319099.643, 60
Trd, 4319099.743, 65
Trd, 4319099.993, 60
Trd, 4319102.143, 60
Trd, 4319102.193, 61
Trd, 4319103.093, 140
Trd, 4319105.093, 114
Trd, 4319105.293, 97
Trd, 4319105.493, 71
Trd, 4319106.593, 120
Trd, 4319107.093, 136
Trd, 4319107.193, 118
Trd, 4319108.443, 139
Trd, 4319110.243, 122
Trd, 4319111.643, 140
Trd, 4319111.743, 140
Trd, 4319111.943, 140
Trd, 4319111.993, 127
Trd, 4319112.343, 140
Trd, 4319113.343, 139
Trd, 4319114.293, 118
Trd, 4319115.043, 79
Trd, 4319116.443, 128
Trd, 4319117.243, 84
Trd, 4319117.343, 83
Trd, 4319117.993, 136
Trd, 4319118.293, 87
Trd, 4319118.743, 101
Trd, 4319119.293, 94
Trd, 4319119.893, 84
Trd, 4319122.593, 140
Trd, 4319122.693, 139
Trd, 4319123.343, 140
Trd, 4319123.493, 89
Trd, 4319125.293, 140
Trd, 4319125.443, 100
Trd, 4319125.593, 99
Trd, 4319126.793, 140
Trd, 4319127.043, 139
Trd, 4319127.243, 104
Trd, 4319127.693, 103
Trd, 4319127.793, 87
Trd, 4319128.693, 67
Trd, 4319128.793, 65
Trd, 4319131.943, 140
Trd, 4319132.793, 140
Trd, 4319132.943, 140
Trd, 4319133.193, 130
Trd, 4319134.343, 132
Trd, 4319134.393, 76
Trd, 4319136.143, 60
Trd, 4319136.293, 61
Trd, 4319136.543, 63
Trd, 4319136.743, 62
Trd, 4319138.643, 133
Trd, 4319138.693, 98
Trd, 4319139.643, 84
Trd, 4319140.243, 101
Trd, 4319140.443, 85
Trd, 4319141.193, 109
Trd, 4319142.293, 61
Trd, 4319142.593, 85
Trd, 4319143.643, 128
Trd, 4319144.193, 93
Trd, 4319145.543, 127
Trd, 4319145.843, 94
Trd, 4319145.993, 139
Trd, 4319146.393, 93
Trd, 4319147.343, 61
Trd, 4319147.393, 62
Trd, 4319148.893, 140
Trd, 4319149.443, 140
Trd, 4319151.143, 140
Trd, 4319151.843, 139
Trd, 4319152.493, 140
Trd, 4319152.643, 140
Trd, 4319153.093, 95
Trd, 4319153.593, 109
Trd, 4319153.843, 73
Trd, 4319155.093, 73
Trd, 4319156.393, 61
Trd, 4319156.493, 62
Trd, 4319158.843, 63
Trd, 4319159.493, 60
Trd, 4319159.843, 60
Trd, 4319160.293, 62
Trd, 4319160.693, 75
Trd, 4319161.443, 101
Trd, 4319161.743, 132
Trd, 4319162.743, 140
Trd, 4319163.093, 140
Trd, 4319163.393, 140
Trd, 4319163.443, 140
Trd, 4319163.893, 140
Trd, 4319164.343, 60
Trd, 4319164.593, 60
Trd, 4319167.143, 60
Trd, 4319167.793, 61
Trd, 4319167.843, 62
Trd, 4319168.143, 62
Trd, 4319168.593, 87
Trd, 4319170.543, 140
Trd, 4319171.143, 140
Trd, 4319171.493, 140
Trd, 4319171.643, 66
Trd, 4319171.743, 77
Trd, 4319174.193, 70
Trd, 4319174.443, 71
Trd, 4319174.593, 130
Trd, 4319174.743, 69
Trd, 4319176.043, 140
Trd, 4319176.743, 138
Trd, 4319176.893, 70
Trd, 4319177.843, 80
Trd, 4319180.393, 86
Trd, 4319180.443, 85
Trd, 4319181.043, 88
Trd, 4319182.343, 79
Trd, 4319182.593, 87
Trd, 4319183.293, 83
Trd, 4319183.793, 85
Trd, 4319183.993, 90
Trd, 4319184.793, 88
Trd, 4319185.293, 114
Trd, 4319186.043, 121
Trd, 4319186.393, 74
Trd, 4319187.743, 64
Trd, 4319187.893, 68
Trd, 4319189.043, 62
Trd, 4319189.793, 140
Trd, 4319191.343, 79
Trd, 4319192.393, 140
Trd, 4319192.743, 140
Trd, 4319193.043, 140
Trd, 4319193.543, 123
Trd, 4319194.343, 115
Trd, 4319195.043, 117
Trd, 4319196.593, 134
Trd, 4319197.043, 133
Trd, 4319197.243, 98
Trd, 4319198.143, 140
Trd, 4319198.893, 140
Trd, 4319199.143, 140
Trd, 4319199.643, 140
Trd, 4319200.543, 140
Trd, 4319201.943, 140
Trd, 4319203.293, 140
Trd, 4319204.043, 140
Trd, 4319204.593, 140
Trd, 4319204.893, 140
Trd, 4319205.193, 63
Trd, 4319205.493, 136
Trd, 4319206.843, 93
Trd, 4319207.143, 64
Trd, 4319207.993, 65
Trd, 4319208.993, 64
Trd, 4319210.343, 60
Trd, 4319210.443, 62
Trd, 4319211.593, 60
Trd, 4319211.893, 62
Trd, 4319213.343, 63
Trd, 4319213.393, 73
Trd, 4319213.693, 89
Trd, 4319215.493, 65
Trd, 4319217.243, 60
Trd, 4319217.493, 62
Trd, 4319218.093, 65
Trd, 4319218.643, 61
Trd, 4319219.393, 63
Trd, 4319219.693, 64
Trd, 4319220.043, 70
Trd, 4319220.843, 114
Trd, 4319220.893, 68
Trd, 4319223.593, 139
Trd, 4319223.743, 139
Trd, 4319224.693, 139
Trd, 4319225.443, 76
Trd, 4319227.243, 140
Trd, 4319227.293, 140
Trd, 4319227.493, 136
Trd, 4319229.193, 140
Trd, 4319229.543, 83
Trd, 4319229.693, 71
Trd, 4319230.093, 87
Trd, 4319230.843, 68
Trd, 4319231.543, 98
Trd, 4319231.743, 96
Trd, 4319232.143, 96
Trd, 4319232.293, 99
Trd, 4319233.443, 61
Trd, 4319235.543, 60
Trd, 4319236.693, 60
Trd, 4319237.293, 65
Trd, 4319238.093, 98
Trd, 4319238.343, 105
Trd, 4319239.293, 62
Trd, 4319239.643, 68
Trd, 4319240.393, 83
Trd, 4319241.443, 68
Trd, 4319241.793, 66
Trd, 4319242.343, 62
Trd, 4319242.943, 60
Trd, 4319244.093, 68
Trd, 4319244.593, 61
Trd, 4319244.743, 62
Trd, 4319245.793, 63
Trd, 4319246.193, 78
Trd, 4319246.893, 75
Trd, 4319247.793, 140
Trd, 4319248.043, 140
Trd, 4319248.893, 106
Trd, 4319249.343, 137
Trd, 4319250.093, 129
Trd, 4319250.593, 128
Trd, 4319251.993, 140
Trd, 4319253.743, 64
Trd, 4319255.193, 62
Trd, 4319255.643, 60
Trd, 4319255.843, 68
Trd, 4319256.093, 118
Trd, 4319256.643, 62
Trd, 4319257.093, 104
Trd, 4319257.143, 100
Trd, 4319257.793, 99
Trd, 4319258.793, 120
Trd, 4319259.693, 113
Trd, 4319260.293, 74
Trd, 4319261.043, 101
Trd, 4319261.193, 115
Trd, 4319261.993, 90
Trd, 4319263.143, 77
Trd, 4319264.193, 109
Trd, 4319264.593, 79
Trd, 4319264.693, 76
Trd, 4319266.193, 60
Trd, 4319266.643, 65
Trd, 4319267.493, 78
Trd, 4319267.943, 124
Trd, 4319269.093, 60
Trd, 4319270.293, 105
Trd, 4319272.543, 140
Trd, 4319273.293, 140
Trd, 4319273.393, 140
Trd, 4319273.943, 140
Trd, 4319275.643, 140
Trd, 4319276.593, 140
Trd, 4319277.393, 140
Trd, 4319278.243, 140
Trd, 4319278.593, 140
Trd, 4319278.693, 140
Trd, 4319279.393, 107
Trd, 4319279.943, 140
Trd, 4319280.593, 140
Trd, 4319281.693, 140
Trd, 4319284.093, 140
Trd, 4319284.743, 140
Trd, 4319284.843, 140
Trd, 4319285.243, 140
Trd, 4319285.343, 140
Trd, 4319286.093, 91
Trd, 4319286.893, 119
Trd, 4319287.493, 111
Trd, 4319287.593, 110
Trd, 4319289.043, 138
Trd, 4319290.693, 101
Trd, 4319290.943, 72
Trd, 4319291.193, 115
Trd, 4319291.693, 91
Trd, 4319292.443, 140
Trd, 4319292.743, 140
Trd, 4319293.493, 139
Trd, 4319294.793, 140
Trd, 4319295.193, 135
Trd, 4319297.443, 140
Trd, 4319298.143, 140
Trd, 4319298.193, 140
Trd, 4319298.443, 140
Trd, 4319298.693, 89
Trd, 4319301.043, 140
Trd, 4319301.293, 140
Trd, 4319302.493, 140
Trd, 4319302.843, 140
Trd, 4319303.943, 140
Trd, 4319304.443, 108
Trd, 4319305.093, 126
Trd, 4319307.343, 108
Trd, 4319307.693, 107
Trd, 4319307.793, 134
Trd, 4319309.843, 140
Trd, 4319309.943, 140
Trd, 4319310.193, 140
Trd, 4319310.493, 139
Trd, 4319311.293, 134
Trd, 4319311.443, 112
Trd, 4319312.743, 140
Trd, 4319312.893, 140
Trd, 4319313.293, 140
Trd, 4319315.643, 132
Trd, 4319315.943, 131
Trd, 4319316.393, 117
Trd, 4319316.643, 102
Trd, 4319317.943, 116
Trd, 4319318.243, 116
Trd, 4319319.043, 112
Trd, 4319319.393, 103
Trd, 4319320.793, 60
Trd, 4319321.843, 60
Trd, 4319322.143, 60
Trd, 4319322.693, 140
Trd, 4319323.443, 140
Trd, 4319324.543, 140
Trd, 4319324.943, 140
Trd, 4319325.143, 140
Trd, 4319325.243, 138
Trd, 4319325.743, 127
Trd, 4319327.243, 139
Trd, 4319327.693, 138
Trd, 4319328.193, 124
Trd, 4319329.593, 66
Trd, 4319330.043, 60
Trd, 4319330.943, 60
Trd, 4319331.793, 61
Trd, 4319332.743, 63
Trd, 4319332.943, 64
Trd, 4319335.243, 60
Trd, 4319335.593, 60
Trd, 4319336.043, 62
Trd, 4319336.593, 60
Trd, 4319337.993, 61
Trd, 4319338.593, 62
Trd, 4319338.643, 61
Trd, 4319338.893, 60
Trd, 4319339.143, 60
Trd, 4319339.893, 65
Trd, 4319341.893, 64
Trd, 4319342.493, 64
Trd, 4319342.993, 63
Trd, 4319343.943, 64
Trd, 4319344.343, 121
Trd, 4319345.193, 67
Trd, 4319345.293, 69
Trd, 4319347.493, 70
Trd, 4319347.693, 67
Trd, 4319348.293, 62
Trd, 4319348.643, 63
Trd, 4319349.293, 62
Trd, 4319349.793, 65
Trd, 4319350.393, 66
Trd, 4319350.543, 64
Trd, 4319350.893, 139
Trd, 4319351.893, 62
Trd, 4319352.593, 71
Trd, 4319353.593, 103
Trd, 4319353.743, 115
Trd, 4319353.893, 122
Trd, 4319355.193, 140
Trd, 4319355.243, 140
Trd, 4319355.293, 139
Trd, 4319357.193, 84
Trd, 4319359.093, 116
Trd, 4319359.143, 114
Trd, 4319359.643, 126
Trd, 4319360.143, 118
Trd, 4319362.093, 139
Trd, 4319362.393, 85
Trd, 4319362.743, 85
Trd, 4319363.743, 88
Trd, 4319364.543, 140
Trd, 4319364.793, 121
Trd, 4319365.493, 129
Trd, 4319366.143, 121
Trd, 4319367.193, 63
Trd, 4319367.293, 64
Trd, 4319367.843, 136
Trd, 4319368.693, 66
Trd, 4319371.093, 124
Trd, 4319371.793, 140
Trd, 4319372.343, 125
Trd, 4319372.593, 124
Trd, 4319373.543, 125
Trd, 4319373.943, 139
Trd, 4319374.893, 123
Trd, 4319375.943, 92
Trd, 4319377.543, 117
Trd, 4319378.543, 140
Trd, 4319378.643, 140
Trd, 4319378.793, 138
Trd, 4319378.843, 137
Trd, 4319380.693, 139
Trd, 4319380.993, 94
Trd, 4319381.843, 139
Trd, 4319382.393, 112
Trd, 4319382.943, 83
Trd, 4319383.493, 125
Trd, 4319383.943, 140
Trd, 4319384.893, 126
Trd, 4319385.243, 125
Trd, 4319386.143, 140
Trd, 4319387.743, 140
Trd, 4319388.293, 138
Trd, 4319388.343, 137
Trd, 4319388.443, 93
Trd, 4319388.843, 77
Trd, 4319389.293, 102
Trd, 4319389.793, 99
Trd, 4319390.343, 123
Trd, 4319391.743, 140
Trd, 4319392.493, 140
Trd, 4319392.843, 140
Trd, 4319393.243, 140
Trd, 4319395.593, 117
Trd, 4319395.843, 110
Trd, 4319396.993, 110
Trd, 4319397.043, 109
Trd, 4319398.043, 137
Trd, 4319398.743, 140
Trd, 4319399.593, 140
Trd, 4319399.643, 139
Trd, 4319399.693, 91
Trd, 4319400.493, 99
Trd, 4319401.743, 60
Trd, 4319402.043, 73
Trd, 4319402.293, 74
Trd, 4319403.643, 133
Trd, 4319404.143, 132
Trd, 4319404.193, 87
Trd, 4319404.493, 61
Trd, 4319406.393, 140
Trd, 4319408.593, 140
Trd, 4319408.943, 140
Trd, 4319409.343, 140
Trd, 4319410.243, 140
Trd, 4319411.093, 140
Trd, 4319411.143, 140
Trd, 4319412.143, 97
Trd, 4319412.343, 87
Trd, 4319412.543, 113
Trd, 4319412.793, 116
Trd, 4319413.543, 135
Trd, 4319414.093, 84
Trd, 4319415.043, 98
Trd, 4319415.393, 78
Trd, 4319418.043, 140
Trd, 4319418.293, 140
Trd, 4319419.543, 140
Trd, 4319420.043, 140
Trd, 4319420.293, 139
Trd, 4319420.743, 85
Trd, 4319422.543, 92
Trd, 4319422.793, 94
Trd, 4319422.843, 87
Trd, 4319423.593, 61
Trd, 4319424.293, 67
Trd, 4319424.843, 61
Trd, 4319425.193, 97
Trd, 4319426.843, 67
Trd, 4319426.943, 74
Trd, 4319429.393, 60
Trd, 4319430.143, 60
Trd, 4319430.343, 60
Trd, 4319430.393, 63
Trd, 4319430.643, 70
Trd, 4319430.843, 111
Trd, 4319432.393, 140
Trd, 4319432.993, 140
Trd, 4319434.243, 140
Trd, 4319435.093, 140
Trd, 4319435.243, 140
Trd, 4319435.793, 140
Trd, 4319435.943, 140
Trd, 4319436.043, 133
Trd, 4319436.343, 91
Trd, 4319437.993, 140
Trd, 4319438.293, 139
Trd, 4319438.393, 139
Trd, 4319439.143, 107
Trd, 4319441.043, 120
Trd, 4319441.743, 114
Trd, 4319441.943, 108
Trd, 4319442.043, 107
Trd, 4319442.843, 120
Trd, 4319444.293, 127
Trd, 4319444.643, 134
Trd, 4319445.293, 126
Trd, 4319445.593, 86
Trd, 4319446.643, 139
Trd, 4319446.793, 129
Trd, 4319447.293, 81
Trd, 4319447.843, 80
Trd, 4319449.193, 140
Trd, 4319449.993, 140
Trd, 4319452.543, 140
Trd, 4319452.593, 140
Trd, 4319454.743, 140
Trd, 4319455.493, 140
Trd, 4319455.643, 140
Trd, 4319455.893, 140
Trd, 4319456.543, 138
Trd, 4319457.643, 140
Trd, 4319457.843, 140
Trd, 4319459.543, 140
Trd, 4319459.893, 65
Trd, 4319460.543, 72
Trd, 4319461.043, 65
Trd, 4319461.893, 135
Trd, 4319462.693, 140
Trd, 4319462.843, 139
Trd, 4319464.993, 140
Trd, 4319465.293, 140
Trd, 4319465.743, 140
Trd, 4319467.193, 140
Trd, 4319467.893, 140
Trd, 4319468.043, 138
Trd, 4319468.193, 110
Trd, 4319468.493, 71
Trd, 4319468.743, 66
Trd, 4319470.893, 137
Trd, 4319471.143, 131
Trd, 4319472.493, 133
Trd, 4319472.693, 133
Trd, 4319474.643, 140
Trd, 4319475.393, 140
Trd, 4319475.643, 140
Trd, 4319477.193, 140
Trd, 4319478.143, 140
Trd, 4319479.243, 140
Trd, 4319479.943, 140
Trd, 4319479.993, 140
Trd, 4319480.093, 123
Trd, 4319480.293, 108
Trd, 4319482.993, 140
Trd, 4319483.043, 140
Trd, 4319484.193, 140
Trd, 4319484.893, 138
Trd, 4319485.293, 140
Trd, 4319485.343, 133
Trd, 4319487.443, 138
Trd, 4319487.693, 137
Trd, 4319487.893, 124
Trd, 4319488.443, 123
Trd, 4319488.893, 61
Trd, 4319491.093, 140
Trd, 4319491.343, 140
Trd, 4319492.793, 140
Trd, 4319492.843, 138
Trd, 4319493.393, 122
Trd, 4319494.443, 101
Trd, 4319494.593, 100
Trd, 4319494.743, 113
Trd, 4319497.443, 131
Trd, 4319497.693, 131
Trd, 4319497.793, 129
Trd, 4319497.993, 83
Trd, 4319499.143, 61
Trd, 4319499.393, 69
Trd, 4319499.693, 63
Trd, 4319500.293, 68
Trd, 4319501.643, 66
Trd, 4319501.743, 75
Trd, 4319502.693, 60
Trd, 4319503.343, 60
Trd, 4319504.393, 140
Trd, 4319504.893, 140
Trd, 4319505.043, 140
Trd, 4319506.293, 140
Trd, 4319508.293, 140
Trd, 4319508.693, 140
Trd, 4319508.893, 140
Trd, 4319509.643, 100
Trd, 4319510.243, 98
Trd, 4319511.343, 140
Trd, 4319512.693, 140
Trd, 4319513.143, 140
Trd, 4319514.143, 110
Trd, 4319514.193, 109
Trd, 4319515.093, 133
Trd, 4319515.543, 114
Trd, 4319516.343, 140
Trd, 4319516.493, 99
Trd, 4319518.193, 140
Trd, 4319519.043, 140
Trd, 4319519.143, 140
Trd, 4319519.493, 140
Trd, 4319520.243, 140
Trd, 4319520.293, 140
Trd, 4319522.093, 138
Trd, 4319523.243, 140
Trd, 4319524.343, 104
Trd, 4319524.593, 130
Trd, 4319526.093, 140
Trd, 4319526.193, 140
Trd, 4319526.843, 139
Trd, 4319526.993, 103
Trd, 4319527.293, 110
Trd, 4319529.243, 70
Trd, 4319529.393, 66
Trd, 4319529.793, 68
Trd, 4319529.893, 67
Trd, 4319531.743, 129
Trd, 4319531.843, 122
Trd, 4319532.343, 122
Trd, 4319534.493, 140
Trd, 4319534.893, 140
Trd, 4319535.043, 140
Trd, 4319536.093, 140
Trd, 4319537.343, 138
Trd, 4319537.893, 117
Trd, 4319539.493, 140
Trd, 4319539.543, 139
Trd, 4319541.243, 134
Trd, 4319541.343, 120
Trd, 4319542.943, 130
Trd, 4319543.043, 129
Trd, 4319543.743, 116
Trd, 4319544.993, 61
Trd, 4319545.443, 63
Trd, 4319545.993, 63
Trd, 4319546.843, 128
Trd, 4319548.693, 140
Trd, 4319548.743, 140
Trd, 4319550.243, 140
Trd, 4319551.393, 140
Trd, 4319552.443, 140
Trd, 4319553.293, 140
Trd, 4319554.943, 140
Trd, 4319555.393, 140
Trd, 4319555.693, 140
Trd, 4319556.193, 137
Trd, 4319557.693, 137
Trd, 4319558.143, 136
Trd, 4319558.193, 99
Trd, 4319558.443, 87
Trd, 4319558.743, 137
Trd, 4319559.393, 60
Trd, 4319559.843, 62
Trd, 4319562.193, 63
Trd, 4319562.443, 65
Trd, 4319563.293, 63
Trd, 4319563.993, 63
Trd, 4319564.843, 62
Trd, 4319566.293, 84
Trd, 4319566.543, 73
Trd, 4319566.643, 63
Trd, 4319567.043, 131
Trd, 4319568.393, 62
Trd, 4319568.443, 66
Trd, 4319570.043, 76
Trd, 4319570.093, 75
Trd, 4319570.243, 78
Trd, 4319572.293, 140
Trd, 4319572.343, 140
Trd, 4319573.093, 139
Trd, 4319573.293, 139
Trd, 4319574.743, 140
Trd, 4319575.493, 138
Trd, 4319575.693, 137
Trd, 4319576.943, 138
Trd, 4319577.093, 137
Trd, 4319578.693, 134
Trd, 4319578.993, 139
Trd, 4319579.093, 112
Trd, 4319580.093, 140
Trd, 4319580.243, 75
Trd, 4319581.843, 60
Trd, 4319582.093, 60
Trd, 4319582.493, 67
Trd, 4319582.843, 63
Trd, 4319584.293, 63
Trd, 4319584.893, 140
Trd, 4319586.043, 103
Trd, 4319587.093, 129
Trd, 4319587.493, 61
Trd, 4319587.793, 71
Trd, 4319588.843, 89
Trd, 4319589.543, 63
Trd, 4319589.693, 64
Trd, 4319590.193, 71
Trd, 4319590.343, 88
Trd, 4319591.693, 140
Trd, 4319592.993, 140
Trd, 4319593.143, 140
Trd, 4319593.843, 140
Trd, 4319594.393, 140
Trd, 4319595.343, 110
Trd, 4319597.743, 140
Trd, 4319598.793, 140
Trd, 4319599.543, 140
Trd, 4319599.993, 140
Trd, 4319601.743, 140
Trd, 4319601.893, 140
Trd, 4319602.643, 140
Trd, 4319602.693, 112
Trd, 4319603.393, 135
Trd, 4319604.393, 140
Trd, 4319605.193, 125
Trd, 4319605.643, 124
Trd, 4319607.193, 61
Trd, 4319607.693, 65
Trd, 4319607.893, 66
Trd, 4319608.343, 67
Trd, 4319609.643, 67
Trd, 4319609.793, 68
Trd, 4319610.993, 132
Trd, 4319611.393, 133
Trd, 4319611.643, 127
Trd, 4319613.393, 139
Trd, 4319613.743, 139
Trd, 4319614.343, 140
Trd, 4319614.793, 139
Trd, 4319616.443, 134
Trd, 4319617.443, 119
Trd, 4319617.893, 138
Trd, 4319619.043, 140
Trd, 4319619.643, 140
Trd, 4319620.693, 140
Trd, 4319622.643, 140
Trd, 4319622.843, 139
Trd, 4319623.143, 139
Trd, 4319623.793, 140
Trd, 4319624.143, 95
Trd, 4319624.593, 95
Trd, 4319625.343, 109
Trd, 4319625.543, 109
Trd, 4319626.793, 121
Trd, 4319628.343, 139
Trd, 4319629.693, 140
Trd, 4319630.143, 119
Trd, 4319630.193, 118
Trd, 4319630.843, 110
Trd, 4319631.843, 64
Trd, 4319632.593, 74
Trd, 4319634.243, 79
Trd, 4319634.793, 84
Trd, 4319634.843, 69
Trd, 4319635.093, 68
Trd, 4319637.093, 111
Trd, 4319637.393, 94
Trd, 4319639.043, 129
Trd, 4319639.093, 95
Trd, 4319640.193, 140
Trd, 4319640.843, 125
Trd, 4319641.543, 94
Trd, 4319642.343, 130
Trd, 4319642.443, 64
Trd, 4319644.493, 97
Trd, 4319644.593, 76
Trd, 4319646.143, 60
Trd, 4319646.243, 61
Trd, 4319647.293, 139
Trd, 4319648.693, 140
Trd, 4319649.043, 139
Trd, 4319649.943, 138
Trd, 4319651.043, 138
Trd, 4319651.643, 140
Trd, 4319651.843, 112
Trd, 4319652.093, 99
Trd, 4319652.493, 122
Trd, 4319653.893, 93
Trd, 4319655.093, 140
Trd, 4319655.993, 140
Trd, 4319656.543, 139
Trd, 4319656.843, 137
Trd, 4319657.493, 129
Trd, 4319657.793, 137
Trd, 4319659.943, 124
Trd, 4319660.243, 108
Trd, 4319661.793, 120
Trd, 4319662.493, 120
Trd, 4319662.593, 128
Trd, 4319662.793, 127
Trd, 4319663.293, 122
Trd, 4319663.993, 138
Trd, 4319664.293, 123
Trd, 4319665.693, 132
Trd, 4319666.593, 135
Trd, 4319666.643, 120
Trd, 4319667.393, 97
Trd, 4319669.543, 140
Trd, 4319669.793, 140
Trd, 4319669.943, 139
Trd, 4319670.193, 84
Trd, 4319670.293, 74
Trd, 4319670.943, 107
Trd, 4319673.243, 140
Trd, 4319675.193, 140
Trd, 4319675.343, 140
Trd, 4319676.393, 140
Trd, 4319677.343, 140
Trd, 4319677.593, 138
Trd, 4319677.693, 136
Trd, 4319678.243, 117
Trd, 4319678.693, 134
Trd, 4319679.893, 125
Trd, 4319680.793, 118
Trd, 4319681.393, 118
Trd, 4319682.193, 118
Trd, 4319682.593, 109
Trd, 4319683.493, 140
Trd, 4319684.343, 106
Trd, 4319685.443, 140
Trd, 4319685.993, 140
Trd, 4319686.743, 140
Trd, 4319688.693, 140
Trd, 4319689.443, 87
Trd, 4319689.743, 113
Trd, 4319690.443, 97
Trd, 4319691.143, 138
Trd, 4319692.193, 100
Trd, 4319693.993, 99
Trd, 4319694.343, 96
Trd, 4319694.793, 139
Trd, 4319695.143, 95
Trd, 4319696.293, 140
Trd, 4319696.343, 140
Trd, 4319698.593, 140
Trd, 4319699.343, 140
Trd, 4319700.093, 140
Trd, 4319700.793, 140
Trd, 4319700.843, 140
Trd, 4319702.143, 135
Trd, 4319702.643, 64
Trd, 4319704.043, 69
Trd, 4319704.643, 74
Trd, 4319705.443, 71
Trd, 4319707.593, 140
Trd, 4319708.643, 140
Trd, 4319708.743, 136
Trd, 4319708.893, 136
Trd, 4319709.993, 137
Trd, 4319710.393, 129
Trd, 4319711.043, 137
Trd, 4319711.693, 62
Trd, 4319712.893, 64
Trd, 4319713.493, 102
Trd, 4319714.193, 69
Trd, 4319714.543, 70
Trd, 4319715.343, 125
Trd, 4319716.393, 140
Trd, 4319716.643, 139
Trd, 4319717.293, 138
Trd, 4319718.193, 137
Trd, 4319718.593, 118
Trd, 4319719.343, 83
Trd, 4319720.793, 67
Trd, 4319721.093, 67
Trd, 4319721.843, 67
Trd, 4319722.193, 69
Trd, 4319722.543, 68
Trd, 4319722.793, 138
Trd, 4319722.943, 68
Trd, 4319724.693, 118
Trd, 4319725.093, 117
Trd, 4319725.693, 87
Trd, 4319725.793, 125
Trd, 4319726.643, 76
Trd, 4319727.743, 140
Trd, 4319728.393, 139
Trd, 4319728.793, 95
Trd, 4319729.493, 106
Trd, 4319729.693, 103
Trd, 4319731.293, 137
Trd, 4319731.743, 136
Trd, 4319731.943, 135
Trd, 4319733.843, 140
Trd, 4319734.593, 140
Trd, 4319734.743, 140
Trd, 4319734.993, 140
Trd, 4319735.893, 140
Trd, 4319736.293, 98
Trd, 4319737.893, 140
Trd, 4319737.943, 140
Trd, 4319738.043, 136
Trd, 4319739.643, 63
Trd, 4319740.293, 62
Trd, 4319740.843, 64
Trd, 4319741.343, 65
Trd, 4319742.043, 101
Trd, 4319742.593, 140
Trd, 4319743.643, 106
Trd, 4319744.443, 110
Trd, 4319744.943, 94
Trd, 4319745.793, 113
Trd, 4319747.043, 140
Trd, 4319747.493, 140
Trd, 4319747.593, 139
Trd, 4319747.643, 135
Trd, 4319749.543, 140
Trd, 4319749.693, 140
Trd, 4319750.493, 140
Trd, 4319751.343, 86
Trd, 4319752.743, 140
Trd, 4319754.193, 140
Trd, 4319754.393, 140
Trd, 4319754.893, 140
Trd, 4319755.743, 140
Trd, 4319755.793, 75
Trd, 4319756.293, 126
Trd, 4319758.193, 140
Trd, 4319758.893, 140
Trd, 4319759.543, 139
Trd, 4319760.943, 140
Trd, 4319760.993, 139
Trd, 4319761.243, 100
Trd, 4319762.143, 73
Trd, 4319763.193, 140
Trd, 4319765.543, 60
Trd, 4319766.143, 61
Trd, 4319766.793, 61
Trd, 4319767.043, 67
Trd, 4319767.543, 65
Trd, 4319768.593, 61
Trd, 4319769.043, 61
Trd, 4319770.043, 60
Trd, 4319770.443, 70
Trd, 4319771.443, 61
Trd, 4319772.593, 68
Trd, 4319772.693, 64
Trd, 4319773.343, 69
Trd, 4319773.593, 70
Trd, 4319774.193, 71
Trd, 4319774.243, 72
Trd, 4319774.443, 121
Trd, 4319777.043, 75
Trd, 4319777.243, 74
Trd, 4319778.693, 64
Trd, 4319780.543, 61
Trd, 4319781.343, 140
Trd, 4319782.193, 115
Trd, 4319782.343, 81
Trd, 4319783.443, 110
Trd, 4319784.543, 89
Trd, 4319785.743, 87
Trd, 4319785.793, 86
Trd, 4319786.243, 115
Trd, 4319786.343, 82
Trd, 4319786.593, 81
Trd, 4319787.793, 124
Trd, 4319788.543, 81
Trd, 4319789.893, 95
Trd, 4319790.243, 97
Trd, 4319790.493, 96
Trd, 4319790.993, 94
Trd, 4319791.393, 140
Trd, 4319792.943, 140
Trd, 4319793.893, 140
Trd, 4319793.993, 140
Trd, 4319794.043, 140
Trd, 4319794.493, 137
Trd, 4319795.993, 99
Trd, 4319798.293, 140
Trd, 4319799.543, 140
Trd, 4319799.743, 140
Trd, 4319800.093, 140
Trd, 4319800.743, 140
Trd, 4319800.793, 138
Trd, 4319801.593, 76
Trd, 4319801.693, 75
Trd, 4319802.693, 140
Trd, 4319803.993, 140
Trd, 4319805.843, 140
Trd, 4319806.343, 140
Trd, 4319806.793, 140
Trd, 4319807.093, 140
Trd, 4319808.493, 140
Trd, 4319809.093, 109
Trd, 4319809.843, 140
Trd, 4319810.193, 140
Trd, 4319810.393, 140
Trd, 4319810.593, 139
Trd, 4319811.643, 108
Trd, 4319812.793, 140
Trd, 4319813.193, 140
Trd, 4319813.543, 85
Trd, 4319814.593, 60
Trd, 4319814.743, 60
Trd, 4319815.243, 66
Trd, 4319816.093, 68
Trd, 4319817.193, 61
Trd, 4319817.293, 72
Trd, 4319818.193, 66
Trd, 4319819.243, 66
Trd, 4319819.393, 64
Trd, 4319820.343, 95
Trd, 4319820.693, 71
Trd, 4319822.293, 139
Trd, 4319822.593, 103
Trd, 4319822.643, 93
Trd, 4319823.343, 129
Trd, 4319823.393, 112
Trd, 4319824.293, 140
Trd, 4319825.843, 93
Trd, 4319827.693, 100
Trd, 4319828.443, 98
Trd, 4319828.693, 98
Trd, 4319829.043, 140
Trd, 4319829.893, 94
Trd, 4319830.043, 92
Trd, 4319830.793, 72
Trd, 4319833.043, 140
Trd, 4319833.543, 140
Trd, 4319834.393, 139
Trd, 4319834.943, 138
Trd, 4319835.043, 78
Trd, 4319835.743, 117
Trd, 4319837.443, 72
Trd, 4319838.743, 78
Trd, 4319838.843, 91
Trd, 4319839.793, 93
Trd, 4319840.043, 99
Trd, 4319841.443, 99
Trd, 4319841.543, 96
Trd, 4319842.043, 83
Trd, 4319842.393, 77
Trd, 4319843.293, 103
Trd, 4319843.793, 137
Trd, 4319844.343, 140
Trd, 4319844.393, 140
Trd, 4319846.243, 60
Trd, 4319846.843, 61
Trd, 4319847.393, 84
Trd, 4319848.793, 60
Trd, 4319849.143, 61
Trd, 4319850.393, 68
Trd, 4319850.643, 93
Trd, 4319851.293, 139
Trd, 4319851.993, 72
Trd, 4319852.443, 72
Trd, 4319853.643, 102
Trd, 4319855.143, 130
Trd, 4319855.543, 140
Trd, 4319855.843, 137
Trd, 4319858.143, 136
Trd, 4319858.243, 132
Trd, 4319860.193, 103
Trd, 4319860.343, 80
Trd, 4319861.293, 124
Trd, 4319862.443, 140
Trd, 4319862.893, 80
Trd, 4319863.493, 127
Trd, 4319864.193, 131
Trd, 4319864.893, 105
Trd, 4319865.493, 74
Trd, 4319866.943, 140
Trd, 4319867.093, 140
Trd, 4319867.943, 140
Trd, 4319868.193, 140
Trd, 4319868.343, 139
Trd, 4319868.943, 119
Trd, 4319869.493, 98
Trd, 4319869.793, 72
Trd, 4319870.943, 103
Trd, 4319872.043, 88
Trd, 4319872.093, 104
Trd, 4319872.593, 139
Trd, 4319872.943, 80
Trd, 4319873.143, 80
Trd, 4319873.993, 79
Trd, 4319874.643, 99
Trd, 4319875.543, 62
Trd, 4319877.093, 140
Trd, 4319877.393, 140
Trd, 4319879.093, 140
Trd, 4319879.243, 140
Trd, 4319880.293, 100
Trd, 4319880.693, 99
Trd, 4319881.593, 139
Trd, 4319882.243, 140
Trd, 4319883.143, 140
Trd, 4319885.293, 140
Trd, 4319886.243, 140
Trd, 4319887.343, 140
Trd, 4319887.493, 140
Trd, 4319887.793, 139
Trd, 4319888.343, 133
Trd, 4319889.093, 100
Trd, 4319889.793, 112
Trd, 4319891.343, 140
Trd, 4319891.443, 140
Trd, 4319892.443, 139
Trd, 4319892.493, 110
Trd, 4319892.693, 108
Trd, 4319893.893, 122
Trd, 4319894.293, 135
Trd, 4319894.643, 123
Trd, 4319894.743, 122
Trd, 4319896.293, 108
Trd, 4319896.443, 114
Trd, 4319897.643, 62
Trd, 4319898.143, 62
Trd, 4319900.493, 61
Trd, 4319900.693, 62
Trd, 4319901.543, 63
Trd, 4319901.943, 64
Trd, 4319902.493, 65
Trd, 4319903.493, 90
Trd, 4319904.343, 81
Trd, 4319907.193, 140
Trd, 4319908.143, 140
Trd, 4319908.293, 140
Trd, 4319908.893, 140
Trd, 4319909.243, 138
Trd, 4319909.443, 126
Trd, 4319910.293, 137
Trd, 4319910.593, 97
Trd, 4319911.543, 133
Trd, 4319911.893, 132
Trd, 4319911.993, 92
Trd, 4319912.893, 60
Trd, 4319914.043, 89
Trd, 4319914.443, 77
Trd, 4319916.543, 140
Trd, 4319916.693, 95
Trd, 4319918.293, 138
Trd, 4319918.393, 134
Trd, 4319919.543, 116
Trd, 4319919.793, 61
Trd, 4319920.493, 60
Trd, 4319922.193, 62
Trd, 4319922.543, 69
Trd, 4319922.993, 76
Trd, 4319923.243, 77
Trd, 4319924.693, 76
Trd, 4319925.143, 89
Trd, 4319926.843, 124
Trd, 4319927.043, 123
Trd, 4319927.093, 134
Trd, 4319927.793, 91
Trd, 4319928.243, 140
Trd, 4319928.893, 87
Trd, 4319931.043, 131
Trd, 4319931.743, 131
Trd, 4319932.443, 81
Trd, 4319932.543, 88
Trd, 4319933.143, 130
Trd, 4319933.693, 116
Trd, 4319934.293, 116
Trd, 4319934.343, 115
Trd, 4319934.643, 72
Trd, 4319935.843, 61
Trd, 4319936.593, 120
Trd, 4319937.893, 71
Trd, 4319938.293, 72
Trd, 4319938.443, 66
Trd, 4319939.543, 137
Trd, 4319939.843, 139
Trd, 4319940.243, 139
Trd, 4319941.843, 140
Trd, 4319942.693, 140
Trd, 4319943.343, 140
Trd, 4319943.643, 125
Trd, 4319944.043, 124
Trd, 4319944.943, 139
Trd, 4319945.043, 138
Trd, 4319946.193, 98
Trd, 4319946.643, 98
Trd, 4319948.093, 140
Trd, 4319948.293, 132
Trd, 4319948.443, 130
Trd, 4319950.293, 140
Trd, 4319950.493, 140
Trd, 4319950.693, 139
Trd, 4319950.843, 113
Trd, 4319953.493, 140
Trd, 4319954.193, 140
Trd, 4319954.643, 140
Trd, 4319956.843, 140
Trd, 4319956.993, 140
Trd, 4319957.743, 140
Trd, 4319958.043, 140
Trd, 4319959.243, 106
Trd, 4319960.293, 104
Trd, 4319961.343, 139
Trd, 4319961.643, 74
Trd, 4319962.293, 95
Trd, 4319962.393, 140
Trd, 4319963.043, 82
Trd, 4319965.343, 66
Trd, 4319965.593, 115
Trd, 4319966.193, 127
Trd, 4319968.193, 127
Trd, 4319969.043, 127
Trd, 4319969.193, 126
Trd, 4319969.893, 139
Trd, 4319969.993, 86
Trd, 4319970.593, 96
Trd, 4319971.343, 86
Trd, 4319971.993, 121
Trd, 4319972.743, 73
Trd, 4319973.243, 84
Trd, 4319974.343, 84
Trd, 4319974.693, 129
Trd, 4319975.043, 83
Trd, 4319975.393, 90
Trd, 4319977.143, 140
Trd, 4319977.793, 140
Trd, 4319978.543, 140
Trd, 4319979.443, 135
Trd, 4319979.843, 140
Trd, 4319980.443, 70
Trd, 4319981.493, 139
Trd, 4319982.793, 132
Trd, 4319982.843, 139
Trd, 4319983.193, 123
Trd, 4319983.743, 124
Trd, 4319984.293, 123
Trd, 4319985.193, 107
Trd, 4319985.443, 103
Trd, 4319985.693, 68
Trd, 4319986.393, 113
Trd, 4319987.493, 60
Trd, 4319987.943, 65
Trd, 4319988.443, 61
Trd, 4319988.893, 91
Trd, 4319989.293, 137
Trd, 4319990.343, 118
Trd, 4319991.593, 122
Trd, 4319991.693, 88
Trd, 4319992.043, 118
Trd, 4319993.093, 121
Trd, 4319993.393, 122
Trd, 4319993.843, 120
Trd, 4319994.093, 60
Trd, 4319994.293, 129
Trd, 4319996.093, 60
Trd, 4319996.943, 60
Trd, 4319998.093, 64
Trd, 4319998.543, 79
Trd, 4319998.743, 80
