Trd, 4318160.993, 90
Trd, 4318161.343, 83
Trd, 4318162.343, 83
Trd, 4318162.543, 82
Trd, 4318162.843, 116
Trd, 4318163.593, 72
Trd, 4318165.393, 138
Trd, 4318165.693, 137
Trd, 4318166.943, 123
Trd, 4318167.143, 115
Trd, 4318167.343, 115
Trd, 4318167.643, 101
Trd, 4318168.293, 89
Trd, 4318169.643, 133
Trd, 4318169.843, 130
Trd, 4318170.143, 112
Trd, 4318173.443, 129
Trd, 4318173.693, 140
Trd, 4318173.843, 139
Trd, 4318174.343, 127
Trd, 4318174.393, 115
Trd, 4318175.543, 130
Trd, 4318176.043, 109
Trd, 4318176.693, 109
Trd, 4318177.193, 115
Trd, 4318177.693, 95
Trd, 4318177.793, 87
Trd, 4318178.343, 85
Trd, 4318179.443, 65
Trd, 4318180.193, 136
Trd, 4318181.443, 140
Trd, 4318181.743, 126
Trd, 4318182.243, 139
Trd, 4318182.343, 96
Trd, 4318182.443, 92
Trd, 4318182.993, 75
Trd, 4318184.243, 72
Trd, 4318184.793, 64
Trd, 4318186.393, 116
Trd, 4318186.543, 114
Trd, 4318187.343, 114
Trd, 4318187.743, 139
Trd, 4318187.943, 117
Trd, 4318189.443, 69
Trd, 4318189.493, 74
Trd, 4318190.593, 74
Trd, 4318192.143, 96
Trd, 4318192.793, 73
Trd, 4318192.943, 79
Trd, 4318194.093, 60
Trd, 4318195.393, 75
Trd, 4318195.443, 74
Trd, 4318195.893, 83
Trd, 4318196.393, 74
Trd, 4318197.043, 81
Trd, 4318197.143, 84
Trd, 4318197.643, 74
Trd, 4318198.543, 81
Trd, 4318199.393, 94
Trd, 4318200.193, 85
Trd, 4318200.643, 68
Trd, 4318201.193, 74
Trd, 4318201.493, 90
Trd, 4318203.093, 65
Trd, 4318203.693, 69
Trd, 4318204.143, 68
Trd, 4318205.943, 68
Trd, 4318206.243, 69
Trd, 4318206.293, 62
Trd, 4318206.593, 74
Trd, 4318207.293, 107
Trd, 4318207.743, 99
Trd, 4318207.993, 121
Trd, 4318209.793, 111
Trd, 4318209.893, 109
Trd, 4318210.943, 123
Trd, 4318211.243, 109
Trd, 4318211.343, 103
Trd, 4318212.043, 140
Trd, 4318212.593, 124
Trd, 4318213.043, 106
Trd, 4318213.793, 95
Trd, 4318214.343, 90
Trd, 4318215.393, 64
Trd, 4318216.493, 72
Trd, 4318217.443, 121
Trd, 4318217.893, 84
Trd, 4318219.143, 102
Trd, 4318219.293, 114
Trd, 4318219.993, 93
Trd, 4318220.193, 87
Trd, 4318220.643, 98
Trd, 4318221.043, 138
Trd, 4318221.743, 112
Trd, 4318222.093, 104
Trd, 4318223.493, 138
Trd, 4318223.793, 124
Trd, 4318225.093, 112
Trd, 4318226.093, 97
Trd, 4318226.743, 97
Trd, 4318227.393, 123
Trd, 4318227.543, 83
Trd, 4318227.843, 125
Trd, 4318228.543, 103
Trd, 4318229.493, 136
Trd, 4318230.543, 133
Trd, 4318230.743, 133
Trd, 4318231.043, 140
Trd, 4318232.343, 93
Trd, 4318232.643, 76
Trd, 4318232.793, 80
Trd, 4318233.743, 81
Trd, 4318233.893, 61
Trd, 4318234.993, 73
Trd, 4318235.043, 121
Trd, 4318235.243, 65
Trd, 4318236.193, 67
Trd, 4318236.543, 81
Trd, 4318238.343, 110
Trd, 4318238.843, 110
Trd, 4318238.993, 107
Trd, 4318239.043, 89
Trd, 4318239.493, 140
Trd, 4318241.093, 69
Trd, 4318241.643, 69
Trd, 4318243.293, 61
Trd, 4318243.693, 66
Trd, 4318244.193, 61
Trd, 4318244.493, 62
Trd, 4318245.093, 64
Trd, 4318246.093, 135
Trd, 4318246.743, 69
Trd, 4318249.393, 67
Trd, 4318249.993, 68
Trd, 4318250.143, 80
Trd, 4318250.693, 76
Trd, 4318251.143, 63
Trd, 4318251.393, 63
Trd, 4318251.943, 67
Trd, 4318252.243, 94
Trd, 4318252.843, 62
Trd, 4318253.643, 111
Trd, 4318254.793, 136
Trd, 4318255.743, 120
Trd, 4318256.193, 112
Trd, 4318256.243, 109
Trd, 4318256.743, 100
Trd, 4318257.593, 66
Trd, 4318258.293, 83
Trd, 4318258.393, 83
Trd, 4318259.343, 132
Trd, 4318259.643, 104
Trd, 4318259.793, 83
Trd, 4318260.543, 111
Trd, 4318260.793, 109
Trd, 4318263.043, 72
Trd, 4318263.293, 69
Trd, 4318263.543, 72
Trd, 4318264.643, 87
Trd, 4318264.993, 71
Trd, 4318265.693, 98
Trd, 4318266.693, 140
Trd, 4318268.643, 84
Trd, 4318268.793, 94
Trd, 4318269.193, 96
Trd, 4318270.143, 137
Trd, 4318270.393, 132
Trd, 4318270.993, 120
Trd, 4318271.293, 114
Trd, 4318271.393, 108
Trd, 4318272.193, 104
Trd, 4318272.543, 138
Trd, 4318273.093, 94
Trd, 4318273.643, 86
Trd, 4318274.793, 99
Trd, 4318275.593, 124
Trd, 4318275.893, 100
Trd, 4318275.943, 99
Trd, 4318276.343, 111
Trd, 4318277.843, 74
Trd, 4318279.293, 60
Trd, 4318279.943, 61
Trd, 4318280.143, 61
Trd, 4318280.543, 88
Trd, 4318281.793, 61
Trd, 4318283.593, 63
Trd, 4318285.943, 69
Trd, 4318286.393, 124
Trd, 4318287.293, 66
Trd, 4318288.443, 74
Trd, 4318288.993, 79
Trd, 4318290.293, 63
Trd, 4318290.843, 64
Trd, 4318291.693, 104
Trd, 4318291.893, 72
Trd, 4318292.243, 68
Trd, 4318292.593, 77
Trd, 4318293.443, 84
Trd, 4318295.643, 63
Trd, 4318296.193, 89
Trd, 4318296.843, 64
Trd, 4318297.393, 64
Trd, 4318297.643, 96
Trd, 4318298.843, 140
Trd, 4318298.993, 124
Trd, 4318299.893, 62
Trd, 4318300.493, 61
Trd, 4318300.693, 71
Trd, 4318301.293, 100
Trd, 4318302.093, 64
Trd, 4318302.143, 108
Trd, 4318302.843, 60
Trd, 4318303.943, 60
Trd, 4318304.143, 63
Trd, 4318304.493, 64
Trd, 4318304.543, 62
Trd, 4318305.043, 63
Trd, 4318306.493, 85
Trd, 4318306.543, 114
Trd, 4318307.493, 76
Trd, 4318307.793, 69
Trd, 4318308.743, 83
Trd, 4318310.543, 62
Trd, 4318310.843, 65
Trd, 4318311.893, 105
Trd, 4318312.243, 100
Trd, 4318312.793, 103
Trd, 4318313.043, 100
Trd, 4318313.543, 90
Trd, 4318315.643, 71
Trd, 4318315.693, 90
Trd, 4318316.393, 61
Trd, 4318316.843, 70
Trd, 4318317.543, 83
Trd, 4318318.293, 86
Trd, 4318319.043, 119
Trd, 4318319.393, 81
Trd, 4318319.943, 84
Trd, 4318320.743, 106
Trd, 4318320.843, 81
Trd, 4318321.743, 91
Trd, 4318322.493, 84
Trd, 4318322.793, 62
Trd, 4318324.693, 88
Trd, 4318325.293, 85
Trd, 4318325.743, 61
Trd, 4318326.943, 72
Trd, 4318328.293, 63
Trd, 4318328.343, 80
Trd, 4318328.893, 85
Trd, 4318328.943, 73
Trd, 4318329.343, 102
Trd, 4318329.543, 86
Trd, 4318330.593, 84
Trd, 4318331.543, 76
Trd, 4318333.543, 72
Trd, 4318333.743, 97
Trd, 4318333.843, 82
Trd, 4318334.043, 100
Trd, 4318335.493, 110
Trd, 4318335.793, 104
Trd, 4318336.393, 94
Trd, 4318337.043, 99
Trd, 4318337.143, 87
Trd, 4318337.293, 87
Trd, 4318338.943, 98
Trd, 4318339.293, 77
Trd, 4318340.043, 101
Trd, 4318340.993, 128
Trd, 4318341.093, 75
Trd, 4318342.893, 122
Trd, 4318343.193, 140
Trd, 4318343.343, 122
Trd, 4318343.743, 68
Trd, 4318344.943, 60
Trd, 4318345.743, 60
Trd, 4318346.293, 63
Trd, 4318346.793, 105
Trd, 4318347.043, 89
Trd, 4318347.393, 126
Trd, 4318348.393, 113
Trd, 4318349.593, 106
Trd, 4318350.743, 111
Trd, 4318352.093, 88
Trd, 4318352.443, 99
Trd, 4318352.893, 91
Trd, 4318353.543, 113
Trd, 4318353.693, 69
Trd, 4318354.193, 138
Trd, 4318355.693, 99
Trd, 4318355.743, 73
Trd, 4318355.893, 100
Trd, 4318357.343, 63
Trd, 4318357.443, 63
Trd, 4318357.893, 122
Trd, 4318359.593, 96
Trd, 4318360.293, 87
Trd, 4318360.793, 81
Trd, 4318360.843, 102
Trd, 4318362.093, 82
Trd, 4318362.443, 79
Trd, 4318362.643, 76
Trd, 4318362.993, 101
Trd, 4318364.043, 140
Trd, 4318364.143, 133
Trd, 4318365.693, 93
Trd, 4318366.793, 86
Trd, 4318367.593, 81
Trd, 4318367.693, 76
Trd, 4318367.743, 85
Trd, 4318368.993, 125
Trd, 4318370.343, 64
Trd, 4318371.543, 84
Trd, 4318371.893, 99
Trd, 4318372.393, 83
Trd, 4318373.743, 117
Trd, 4318373.993, 119
Trd, 4318374.143, 117
Trd, 4318374.643, 104
Trd, 4318374.793, 100
Trd, 4318375.443, 139
Trd, 4318376.293, 110
Trd, 4318376.693, 97
Trd, 4318377.293, 112
Trd, 4318377.343, 95
Trd, 4318377.393, 78
Trd, 4318378.643, 69
Trd, 4318379.393, 128
Trd, 4318380.593, 67
Trd, 4318381.043, 65
Trd, 4318382.743, 66
Trd, 4318383.393, 71
Trd, 4318384.243, 120
Trd, 4318384.743, 124
Trd, 4318385.393, 113
Trd, 4318385.643, 101
Trd, 4318386.393, 107
Trd, 4318386.893, 89
Trd, 4318387.143, 103
Trd, 4318387.793, 102
Trd, 4318388.293, 62
Trd, 4318389.943, 85
Trd, 4318390.693, 112
Trd, 4318390.893, 98
Trd, 4318391.743, 139
Trd, 4318392.043, 140
Trd, 4318392.143, 124
Trd, 4318392.643, 119
Trd, 4318393.043, 120
Trd, 4318393.893, 92
Trd, 4318394.193, 78
Trd, 4318395.293, 128
Trd, 4318395.393, 114
Trd, 4318395.843, 104
Trd, 4318395.993, 104
Trd, 4318396.443, 107
Trd, 4318397.593, 93
Trd, 4318398.493, 140
Trd, 4318398.593, 86
Trd, 4318399.143, 75
Trd, 4318400.543, 60
Trd, 4318401.343, 62
Trd, 4318401.443, 71
Trd, 4318402.143, 60
Trd, 4318402.543, 80
Trd, 4318404.443, 83
Trd, 4318404.543, 97
Trd, 4318405.293, 97
Trd, 4318405.393, 92
Trd, 4318406.543, 110
Trd, 4318407.593, 60
Trd, 4318408.243, 60
Trd, 4318408.543, 70
Trd, 4318409.293, 79
Trd, 4318409.393, 94
Trd, 4318410.893, 73
Trd, 4318410.993, 120
Trd, 4318411.443, 117
Trd, 4318412.143, 121
Trd, 4318413.693, 99
Trd, 4318414.043, 123
Trd, 4318414.143, 111
Trd, 4318414.243, 76
Trd, 4318414.793, 65
Trd, 4318414.843, 90
Trd, 4318415.393, 140
Trd, 4318416.393, 72
Trd, 4318417.043, 67
Trd, 4318418.893, 104
Trd, 4318418.943, 89
Trd, 4318419.893, 89
Trd, 4318420.893, 79
Trd, 4318420.943, 77
Trd, 4318421.943, 119
Trd, 4318422.243, 138
Trd, 4318422.543, 84
Trd, 4318422.743, 86
Trd, 4318423.543, 72
Trd, 4318423.643, 75
Trd, 4318424.893, 80
Trd, 4318426.843, 104
Trd, 4318427.093, 98
Trd, 4318428.593, 62
Trd, 4318429.493, 116
Trd, 4318429.893, 94
Trd, 4318431.343, 118
Trd, 4318431.443, 100
Trd, 4318431.993, 104
Trd, 4318433.043, 130
Trd, 4318433.593, 112
Trd, 4318433.893, 95
Trd, 4318434.043, 73
Trd, 4318435.243, 60
Trd, 4318436.893, 87
Trd, 4318436.993, 79
Trd, 4318437.043, 76
Trd, 4318437.893, 76
Trd, 4318438.743, 104
Trd, 4318439.443, 80
Trd, 4318440.543, 124
Trd, 4318440.643, 124
Trd, 4318441.093, 136
Trd, 4318441.293, 128
Trd, 4318441.793, 106
Trd, 4318443.193, 98
Trd, 4318443.293, 74
Trd, 4318443.893, 63
Trd, 4318444.993, 64
Trd, 4318445.443, 131
Trd, 4318445.493, 124
Trd, 4318446.293, 110
Trd, 4318447.993, 116
Trd, 4318449.593, 136
Trd, 4318449.993, 114
Trd, 4318450.243, 136
Trd, 4318450.443, 105
Trd, 4318451.293, 106
Trd, 4318451.643, 97
Trd, 4318452.543, 97
Trd, 4318452.643, 87
Trd, 4318452.743, 86
Trd, 4318454.643, 63
Trd, 4318455.293, 61
Trd, 4318455.893, 62
Trd, 4318456.193, 70
Trd, 4318456.393, 60
Trd, 4318456.493, 77
Trd, 4318456.993, 65
Trd, 4318457.843, 68
Trd, 4318458.193, 129
Trd, 4318458.343, 93
Trd, 4318461.193, 69
Trd, 4318462.293, 68
Trd, 4318462.793, 74
Trd, 4318463.793, 66
Trd, 4318464.893, 78
Trd, 4318464.993, 93
Trd, 4318465.293, 76
Trd, 4318465.943, 83
Trd, 4318466.993, 60
Trd, 4318467.743, 65
Trd, 4318468.093, 140
Trd, 4318469.093, 126
Trd, 4318469.293, 123
Trd, 4318470.093, 109
Trd, 4318470.843, 99
Trd, 4318471.943, 80
Trd, 4318472.093, 73
Trd, 4318473.243, 89
Trd, 4318474.743, 99
Trd, 4318475.343, 119
Trd, 4318475.543, 107
Trd, 4318475.693, 137
Trd, 4318476.993, 93
Trd, 4318477.593, 79
Trd, 4318477.743, 121
Trd, 4318478.893, 139
Trd, 4318479.193, 122
Trd, 4318480.443, 122
Trd, 4318480.943, 117
Trd, 4318481.293, 136
Trd, 4318481.543, 86
Trd, 4318482.343, 77
Trd, 4318482.893, 63
Trd, 4318483.843, 113
Trd, 4318484.493, 61
Trd, 4318485.143, 63
Trd, 4318486.093, 77
Trd, 4318486.393, 79
Trd, 4318486.693, 62
Trd, 4318487.893, 73
Trd, 4318488.093, 103
Trd, 4318489.243, 67
Trd, 4318489.993, 83
Trd, 4318490.193, 89
Trd, 4318490.743, 77
Trd, 4318491.093, 73
Trd, 4318491.393, 123
Trd, 4318491.443, 64
Trd, 4318492.593, 115
Trd, 4318493.093, 76
Trd, 4318494.643, 70
Trd, 4318494.743, 65
Trd, 4318495.093, 75
Trd, 4318495.793, 90
Trd, 4318495.893, 83
Trd, 4318496.293, 74
Trd, 4318496.443, 112
Trd, 4318498.243, 139
Trd, 4318498.893, 104
Trd, 4318499.493, 113
Trd, 4318500.143, 109
Trd, 4318500.643, 65
Trd, 4318501.193, 65
Trd, 4318501.993, 69
Trd, 4318502.543, 70
Trd, 4318504.443, 133
Trd, 4318504.993, 61
Trd, 4318505.743, 63
Trd, 4318505.793, 81
Trd, 4318506.543, 62
Trd, 4318507.193, 61
Trd, 4318508.093, 61
Trd, 4318508.593, 70
Trd, 4318509.693, 61
Trd, 4318509.843, 74
Trd, 4318510.593, 95
Trd, 4318511.043, 80
Trd, 4318511.193, 73
Trd, 4318511.493, 113
Trd, 4318513.043, 137
Trd, 4318513.293, 123
Trd, 4318513.943, 125
Trd, 4318514.093, 123
Trd, 4318514.293, 108
Trd, 4318514.343, 101
Trd, 4318515.443, 121
Trd, 4318516.093, 140
Trd, 4318517.293, 118
Trd, 4318517.793, 135
Trd, 4318518.193, 96
Trd, 4318518.543, 71
Trd, 4318519.143, 91
Trd, 4318521.493, 132
Trd, 4318521.743, 132
Trd, 4318522.093, 105
Trd, 4318522.293, 138
Trd, 4318522.743, 117
Trd, 4318523.643, 140
Trd, 4318524.143, 132
Trd, 4318524.593, 127
Trd, 4318524.893, 127
Trd, 4318525.343, 107
Trd, 4318526.993, 61
Trd, 4318527.893, 60
Trd, 4318528.193, 65
Trd, 4318529.243, 78
Trd, 4318529.443, 66
Trd, 4318530.893, 98
Trd, 4318531.793, 66
Trd, 4318532.043, 119
Trd, 4318532.693, 128
Trd, 4318532.743, 115
Trd, 4318533.993, 72
Trd, 4318535.393, 78
Trd, 4318535.993, 85
Trd, 4318536.193, 77
Trd, 4318536.393, 139
Trd, 4318537.043, 100
Trd, 4318537.143, 101
Trd, 4318538.643, 77
Trd, 4318539.743, 66
Trd, 4318539.893, 64
Trd, 4318540.393, 99
Trd, 4318540.793, 73
Trd, 4318541.593, 74
Trd, 4318541.793, 82
Trd, 4318542.843, 78
Trd, 4318543.843, 61
Trd, 4318544.493, 61
Trd, 4318545.393, 111
Trd, 4318546.043, 79
Trd, 4318546.443, 80
Trd, 4318546.593, 68
Trd, 4318547.393, 76
Trd, 4318548.543, 68
Trd, 4318548.993, 102
Trd, 4318550.243, 97
Trd, 4318550.793, 114
Trd, 4318550.843, 93
Trd, 4318551.593, 97
Trd, 4318551.893, 93
Trd, 4318552.143, 92
Trd, 4318553.243, 114
Trd, 4318554.543, 106
Trd, 4318555.393, 77
Trd, 4318556.343, 81
Trd, 4318557.393, 124
Trd, 4318557.543, 70
Trd, 4318558.293, 62
Trd, 4318558.393, 62
Trd, 4318559.643, 65
Trd, 4318560.043, 67
Trd, 4318560.243, 75
Trd, 4318561.593, 67
Trd, 4318562.243, 83
Trd, 4318563.093, 125
Trd, 4318563.943, 85
Trd, 4318564.143, 85
Trd, 4318564.243, 77
Trd, 4318564.893, 90
Trd, 4318565.793, 101
Trd, 4318565.943, 117
Trd, 4318568.593, 60
Trd, 4318568.943, 73
Trd, 4318569.593, 70
Trd, 4318570.093, 138
Trd, 4318570.743, 69
Trd, 4318570.943, 65
Trd, 4318571.193, 112
Trd, 4318572.193, 97
Trd, 4318572.693, 64
Trd, 4318574.393, 62
Trd, 4318575.893, 82
Trd, 4318576.443, 97
Trd, 4318576.593, 79
Trd, 4318576.793, 140
Trd, 4318577.543, 124
Trd, 4318577.943, 124
Trd, 4318578.593, 140
Trd, 4318579.143, 120
Trd, 4318579.393, 116
Trd, 4318579.693, 114
Trd, 4318580.243, 122
Trd, 4318582.393, 123
Trd, 4318582.843, 97
Trd, 4318583.043, 99
Trd, 4318583.593, 101
Trd, 4318584.043, 138
Trd, 4318584.243, 140
Trd, 4318584.643, 91
Trd, 4318586.643, 95
Trd, 4318587.393, 108
Trd, 4318587.643, 105
Trd, 4318588.043, 105
Trd, 4318588.393, 80
Trd, 4318588.643, 101
Trd, 4318590.143, 60
Trd, 4318590.893, 65
Trd, 4318592.243, 68
Trd, 4318592.593, 77
Trd, 4318593.543, 134
Trd, 4318593.943, 120
Trd, 4318594.093, 140
Trd, 4318594.693, 120
Trd, 4318595.293, 109
Trd, 4318595.393, 90
Trd, 4318595.643, 137
Trd, 4318596.493, 79
Trd, 4318597.093, 82
Trd, 4318597.493, 110
Trd, 4318597.593, 73
Trd, 4318598.243, 94
Trd, 4318598.693, 85
Trd, 4318598.743, 96
Trd, 4318601.043, 128
Trd, 4318601.793, 121
Trd, 4318602.243, 126
Trd, 4318603.043, 118
Trd, 4318603.393, 108
Trd, 4318605.343, 120
Trd, 4318605.393, 101
Trd, 4318605.443, 99
Trd, 4318606.493, 140
Trd, 4318607.043, 93
Trd, 4318607.643, 95
Trd, 4318608.193, 88
Trd, 4318608.893, 105
Trd, 4318609.043, 93
Trd, 4318611.093, 139
Trd, 4318611.493, 139
Trd, 4318613.093, 110
Trd, 4318613.643, 74
Trd, 4318614.343, 125
Trd, 4318614.593, 105
Trd, 4318614.693, 107
Trd, 4318615.343, 105
Trd, 4318615.893, 100
Trd, 4318616.593, 138
Trd, 4318616.643, 118
Trd, 4318617.793, 95
Trd, 4318618.343, 116
Trd, 4318618.393, 109
Trd, 4318619.893, 61
Trd, 4318620.543, 87
Trd, 4318621.143, 61
Trd, 4318622.693, 67
Trd, 4318623.443, 80
Trd, 4318623.643, 98
Trd, 4318624.393, 140
Trd, 4318625.493, 123
Trd, 4318626.793, 103
Trd, 4318626.893, 110
Trd, 4318627.093, 107
Trd, 4318627.243, 103
Trd, 4318627.443, 91
Trd, 4318628.693, 89
Trd, 4318628.993, 69
Trd, 4318631.343, 61
Trd, 4318631.793, 61
Trd, 4318631.943, 101
Trd, 4318632.343, 63
Trd, 4318633.193, 96
Trd, 4318633.993, 116
Trd, 4318634.743, 84
Trd, 4318635.293, 97
Trd, 4318635.543, 84
Trd, 4318636.543, 67
Trd, 4318636.593, 87
Trd, 4318637.493, 67
Trd, 4318638.843, 94
Trd, 4318639.043, 101
Trd, 4318639.793, 86
Trd, 4318640.693, 80
Trd, 4318640.843, 70
Trd, 4318641.493, 70
Trd, 4318642.593, 140
Trd, 4318642.643, 124
Trd, 4318642.793, 77
Trd, 4318643.443, 132
Trd, 4318644.593, 125
Trd, 4318645.343, 104
Trd, 4318645.393, 96
Trd, 4318645.493, 86
Trd, 4318647.093, 119
Trd, 4318647.293, 119
Trd, 4318649.443, 138
Trd, 4318650.643, 135
Trd, 4318650.743, 133
Trd, 4318651.943, 109
Trd, 4318653.193, 134
Trd, 4318653.393, 138
Trd, 4318653.743, 100
Trd, 4318654.243, 111
Trd, 4318654.843, 89
Trd, 4318654.943, 90
Trd, 4318655.343, 84
Trd, 4318655.393, 118
Trd, 4318655.643, 72
Trd, 4318655.743, 71
Trd, 4318656.643, 119
Trd, 4318658.543, 139
Trd, 4318658.743, 135
Trd, 4318659.143, 140
Trd, 4318659.493, 118
Trd, 4318660.093, 139
Trd, 4318660.293, 139
Trd, 4318660.593, 103
Trd, 4318662.043, 61
Trd, 4318662.643, 69
Trd, 4318664.493, 70
Trd, 4318664.843, 88
Trd, 4318664.943, 94
Trd, 4318665.593, 91
Trd, 4318666.143, 96
Trd, 4318667.793, 110
Trd, 4318668.193, 100
Trd, 4318669.443, 136
Trd, 4318670.043, 111
Trd, 4318671.093, 138
Trd, 4318671.293, 129
Trd, 4318671.393, 117
Trd, 4318672.143, 96
Trd, 4318672.243, 94
Trd, 4318672.843, 123
Trd, 4318673.343, 117
Trd, 4318673.693, 112
Trd, 4318674.043, 88
Trd, 4318676.393, 140
Trd, 4318676.543, 139
Trd, 4318676.643, 122
Trd, 4318676.693, 109
Trd, 4318677.593, 103
Trd, 4318678.493, 123
Trd, 4318678.993, 114
Trd, 4318679.043, 106
Trd, 4318679.493, 103
Trd, 4318679.543, 102
Trd, 4318680.343, 122
Trd, 4318681.743, 74
Trd, 4318682.393, 72
Trd, 4318683.143, 66
Trd, 4318683.493, 70
Trd, 4318684.443, 118
Trd, 4318684.593, 103
Trd, 4318685.243, 87
Trd, 4318685.293, 102
Trd, 4318686.443, 75
Trd, 4318688.243, 69
Trd, 4318688.593, 72
Trd, 4318689.293, 88
Trd, 4318689.643, 78
Trd, 4318689.993, 70
Trd, 4318690.643, 60
Trd, 4318690.993, 70
Trd, 4318691.293, 66
Trd, 4318691.643, 88
Trd, 4318692.443, 61
Trd, 4318693.243, 75
Trd, 4318694.043, 88
Trd, 4318694.393, 111
Trd, 4318695.193, 80
Trd, 4318696.243, 99
Trd, 4318696.993, 140
Trd, 4318697.593, 108
Trd, 4318698.243, 104
Trd, 4318698.893, 127
Trd, 4318700.143, 95
Trd, 4318700.193, 95
Trd, 4318701.043, 82
Trd, 4318701.093, 81
Trd, 4318701.593, 63
Trd, 4318702.693, 60
Trd, 4318703.243, 93
Trd, 4318705.143, 140
Trd, 4318705.493, 139
Trd, 4318705.643, 126
Trd, 4318705.743, 123
Trd, 4318705.943, 120
Trd, 4318707.493, 76
Trd, 4318707.543, 63
Trd, 4318709.393, 64
Trd, 4318710.243, 69
Trd, 4318710.643, 71
Trd, 4318710.693, 72
Trd, 4318711.043, 119
Trd, 4318712.143, 94
Trd, 4318712.543, 133
Trd, 4318712.743, 93
Trd, 4318713.393, 89
Trd, 4318713.643, 89
Trd, 4318714.443, 86
Trd, 4318715.343, 140
Trd, 4318715.743, 131
Trd, 4318716.793, 60
Trd, 4318717.543, 61
Trd, 4318717.893, 79
Trd, 4318719.093, 124
Trd, 4318720.693, 117
Trd, 4318720.743, 110
Trd, 4318721.093, 103
Trd, 4318721.293, 91
Trd, 4318721.893, 117
Trd, 4318722.243, 123
Trd, 4318723.293, 77
Trd, 4318723.343, 99
Trd, 4318724.593, 62
Trd, 4318726.393, 121
Trd, 4318726.643, 64
Trd, 4318726.843, 73
Trd, 4318727.643, 123
Trd, 4318728.243, 97
Trd, 4318728.343, 91
Trd, 4318729.793, 125
Trd, 4318731.493, 98
Trd, 4318731.943, 133
Trd, 4318732.493, 133
Trd, 4318732.743, 126
Trd, 4318734.093, 111
Trd, 4318734.843, 118
Trd, 4318734.993, 76
Trd, 4318735.393, 86
Trd, 4318735.543, 72
Trd, 4318735.793, 72
Trd, 4318736.093, 63
Trd, 4318736.593, 125
Trd, 4318737.693, 69
Trd, 4318739.043, 84
Trd, 4318739.243, 84
Trd, 4318740.043, 84
Trd, 4318740.943, 98
Trd, 4318741.743, 140
Trd, 4318741.793, 130
Trd, 4318742.243, 113
Trd, 4318742.743, 61
Trd, 4318743.593, 68
Trd, 4318744.493, 64
Trd, 4318745.443, 138
Trd, 4318745.893, 125
Trd, 4318746.493, 125
Trd, 4318747.293, 89
Trd, 4318747.393, 104
Trd, 4318747.693, 128
Trd, 4318747.993, 77
Trd, 4318748.893, 61
Trd, 4318751.093, 61
Trd, 4318751.293, 66
Trd, 4318752.293, 91
Trd, 4318752.543, 79
Trd, 4318752.643, 90
Trd, 4318753.193, 107
Trd, 4318753.993, 110
Trd, 4318754.493, 99
Trd, 4318755.393, 108
Trd, 4318756.243, 140
Trd, 4318757.493, 104
Trd, 4318757.943, 60
Trd, 4318759.393, 74
Trd, 4318759.893, 73
Trd, 4318760.143, 81
Trd, 4318761.293, 97
Trd, 4318761.393, 97
Trd, 4318762.543, 108
Trd, 4318763.043, 73
Trd, 4318763.843, 86
Trd, 4318764.243, 106
Trd, 4318764.493, 96
Trd, 4318765.593, 75
Trd, 4318765.793, 69
Trd, 4318766.293, 140
Trd, 4318766.593, 122
Trd, 4318766.893, 86
Trd, 4318767.593, 79
Trd, 4318769.693, 140
Trd, 4318769.743, 139
Trd, 4318770.143, 106
Trd, 4318770.943, 122
Trd, 4318771.143, 115
Trd, 4318771.793, 100
Trd, 4318771.943, 92
Trd, 4318772.093, 91
Trd, 4318772.243, 89
Trd, 4318773.143, 64
Trd, 4318775.493, 64
Trd, 4318778.893, 66
Trd, 4318779.193, 66
Trd, 4318780.243, 74
Trd, 4318780.393, 71
Trd, 4318780.743, 68
Trd, 4318781.743, 93
Trd, 4318781.843, 98
Trd, 4318782.243, 125
Trd, 4318783.843, 95
Trd, 4318784.443, 91
Trd, 4318784.693, 95
Trd, 4318784.893, 90
Trd, 4318786.343, 78
Trd, 4318786.943, 106
Trd, 4318787.593, 72
Trd, 4318788.093, 88
Trd, 4318788.143, 78
Trd, 4318788.493, 77
Trd, 4318789.443, 101
Trd, 4318790.543, 140
Trd, 4318790.843, 123
Trd, 4318791.443, 132
Trd, 4318792.643, 138
Trd, 4318793.593, 123
Trd, 4318794.843, 128
Trd, 4318794.943, 89
Trd, 4318796.643, 113
Trd, 4318797.193, 108
Trd, 4318797.293, 85
Trd, 4318797.493, 122
Trd, 4318798.543, 139
Trd, 4318798.793, 80
Trd, 4318799.143, 88
Trd, 4318799.493, 88
Trd, 4318801.193, 64
Trd, 4318801.393, 66
Trd, 4318801.693, 64
Trd, 4318803.543, 77
Trd, 4318803.943, 101
Trd, 4318805.343, 140
Trd, 4318805.393, 125
Trd, 4318806.743, 123
Trd, 4318807.043, 110
Trd, 4318807.343, 89
Trd, 4318807.643, 115
Trd, 4318807.993, 84
Trd, 4318808.593, 62
Trd, 4318809.293, 86
Trd, 4318809.593, 72
Trd, 4318811.093, 99
Trd, 4318811.443, 128
Trd, 4318811.643, 84
Trd, 4318811.943, 128
Trd, 4318812.143, 117
Trd, 4318812.293, 75
Trd, 4318812.593, 60
Trd, 4318814.443, 140
Trd, 4318816.993, 110
Trd, 4318817.143, 111
Trd, 4318817.393, 107
Trd, 4318817.493, 140
Trd, 4318817.743, 100
Trd, 4318818.543, 123
Trd, 4318819.193, 112
Trd, 4318819.593, 91
Trd, 4318820.443, 105
Trd, 4318820.493, 96
Trd, 4318821.043, 95
Trd, 4318822.393, 136
Trd, 4318822.743, 113
Trd, 4318823.343, 101
Trd, 4318823.493, 66
Trd, 4318824.693, 130
Trd, 4318825.143, 137
Trd, 4318825.193, 120
Trd, 4318826.593, 129
Trd, 4318826.893, 90
Trd, 4318828.393, 104
Trd, 4318828.943, 126
Trd, 4318829.043, 102
Trd, 4318829.593, 97
Trd, 4318830.443, 104
Trd, 4318830.993, 113
Trd, 4318831.843, 85
Trd, 4318832.443, 68
Trd, 4318832.643, 61
Trd, 4318832.793, 77
Trd, 4318833.343, 127
Trd, 4318833.793, 106
Trd, 4318835.493, 62
Trd, 4318837.093, 61
Trd, 4318837.893, 61
Trd, 4318838.093, 77
Trd, 4318838.243, 75
Trd, 4318839.743, 60
Trd, 4318840.593, 98
Trd, 4318840.643, 99
Trd, 4318840.693, 91
Trd, 4318841.443, 121
Trd, 4318841.643, 121
Trd, 4318841.843, 101
Trd, 4318842.893, 99
Trd, 4318843.043, 137
Trd, 4318843.893, 87
Trd, 4318844.193, 82
Trd, 4318845.043, 78
Trd, 4318845.943, 105
Trd, 4318847.243, 64
Trd, 4318847.843, 62
Trd, 4318848.193, 63
Trd, 4318849.593, 60
Trd, 4318850.193, 61
Trd, 4318850.443, 60
Trd, 4318852.343, 68
Trd, 4318852.443, 78
Trd, 4318852.493, 80
Trd, 4318852.643, 124
Trd, 4318852.993, 68
Trd, 4318853.393, 63
Trd, 4318853.443, 68
Trd, 4318854.543, 60
Trd, 4318855.693, 139
Trd, 4318856.143, 63
Trd, 4318856.843, 85
Trd, 4318857.043, 91
Trd, 4318857.943, 102
Trd, 4318859.043, 91
Trd, 4318859.493, 100
Trd, 4318860.093, 111
Trd, 4318860.543, 124
Trd, 4318860.843, 100
Trd, 4318862.743, 112
Trd, 4318862.943, 99
Trd, 4318863.993, 109
Trd, 4318864.293, 85
Trd, 4318864.893, 131
Trd, 4318865.643, 112
Trd, 4318865.843, 139
Trd, 4318866.293, 116
Trd, 4318866.693, 112
Trd, 4318867.393, 72
Trd, 4318868.293, 73
Trd, 4318868.593, 104
Trd, 4318870.443, 103
Trd, 4318871.793, 110
Trd, 4318871.993, 128
Trd, 4318872.693, 101
Trd, 4318872.993, 74
Trd, 4318873.143, 80
Trd, 4318873.543, 93
Trd, 4318873.743, 68
Trd, 4318874.143, 67
Trd, 4318875.893, 87
Trd, 4318876.193, 87
Trd, 4318877.043, 139
Trd, 4318877.643, 71
Trd, 4318878.743, 75
Trd, 4318879.543, 140
Trd, 4318879.593, 114
Trd, 4318879.893, 140
Trd, 4318880.693, 105
Trd, 4318881.043, 90
Trd, 4318881.943, 97
Trd, 4318882.643, 114
Trd, 4318882.743, 114
Trd, 4318883.593, 73
Trd, 4318884.493, 117
Trd, 4318884.693, 134
Trd, 4318885.193, 70
Trd, 4318885.443, 61
Trd, 4318886.043, 139
Trd, 4318886.893, 113
Trd, 4318887.793, 107
Trd, 4318888.643, 98
Trd, 4318888.793, 111
Trd, 4318890.793, 136
Trd, 4318891.243, 124
Trd, 4318891.493, 111
Trd, 4318891.943, 105
Trd, 4318892.743, 140
Trd, 4318892.993, 106
Trd, 4318893.193, 105
Trd, 4318893.343, 103
Trd, 4318893.893, 139
Trd, 4318894.093, 76
Trd, 4318896.143, 98
Trd, 4318897.093, 138
Trd, 4318897.793, 81
Trd, 4318897.943, 72
Trd, 4318898.093, 90
Trd, 4318898.193, 71
Trd, 4318898.843, 140
Trd, 4318899.943, 106
Trd, 4318900.993, 138
Trd, 4318901.893, 119
Trd, 4318902.293, 108
Trd, 4318902.443, 105
Trd, 4318902.493, 94
Trd, 4318903.493, 60
Trd, 4318904.543, 102
Trd, 4318904.943, 66
Trd, 4318906.443, 64
Trd, 4318906.893, 95
Trd, 4318907.443, 80
Trd, 4318907.793, 109
Trd, 4318909.543, 136
Trd, 4318909.843, 104
Trd, 4318910.693, 86
Trd, 4318911.743, 100
Trd, 4318912.343, 94
Trd, 4318913.693, 140
Trd, 4318914.193, 124
Trd, 4318914.393, 105
Trd, 4318914.543, 74
Trd, 4318915.343, 119
Trd, 4318916.693, 125
Trd, 4318916.793, 121
Trd, 4318916.893, 107
Trd, 4318918.093, 106
Trd, 4318918.443, 135
Trd, 4318918.593, 139
Trd, 4318918.843, 96
Trd, 4318919.293, 65
Trd, 4318919.793, 75
Trd, 4318920.343, 121
Trd, 4318920.993, 108
Trd, 4318921.893, 106
Trd, 4318921.993, 100
Trd, 4318923.843, 106
Trd, 4318924.443, 122
Trd, 4318925.043, 99
Trd, 4318925.293, 94
Trd, 4318925.393, 85
Trd, 4318926.843, 92
Trd, 4318927.493, 122
Trd, 4318928.293, 121
Trd, 4318928.493, 121
Trd, 4318929.943, 96
Trd, 4318929.993, 96
Trd, 4318930.393, 108
Trd, 4318931.443, 70
Trd, 4318931.593, 121
Trd, 4318931.743, 91
Trd, 4318933.343, 60
Trd, 4318933.793, 67
Trd, 4318935.143, 137
Trd, 4318935.343, 137
Trd, 4318935.443, 118
Trd, 4318936.293, 118
Trd, 4318936.543, 88
Trd, 4318937.143, 134
Trd, 4318938.293, 62
Trd, 4318938.543, 62
Trd, 4318939.343, 87
Trd, 4318939.943, 62
Trd, 4318940.243, 91
Trd, 4318941.143, 83
Trd, 4318941.843, 74
Trd, 4318942.193, 61
Trd, 4318943.843, 62
Trd, 4318944.543, 61
Trd, 4318944.693, 95
Trd, 4318945.393, 64
Trd, 4318945.493, 104
Trd, 4318946.393, 95
Trd, 4318946.443, 104
Trd, 4318947.793, 109
Trd, 4318948.443, 97
Trd, 4318948.643, 122
Trd, 4318948.743, 97
Trd, 4318949.143, 94
Trd, 4318949.843, 97
Trd, 4318950.243, 82
Trd, 4318951.493, 65
Trd, 4318951.593, 89
Trd, 4318953.243, 62
Trd, 4318953.593, 86
Trd, 4318955.493, 83
Trd, 4318956.193, 91
Trd, 4318956.293, 80
Trd, 4318957.243, 100
Trd, 4318959.143, 85
Trd, 4318959.393, 72
Trd, 4318959.843, 60
Trd, 4318960.743, 119
Trd, 4318961.243, 63
Trd, 4318961.843, 131
Trd, 4318961.943, 131
Trd, 4318962.043, 108
Trd, 4318964.043, 138
Trd, 4318964.143, 123
Trd, 4318964.343, 119
Trd, 4318965.193, 126
Trd, 4318965.643, 105
Trd, 4318965.693, 96
Trd, 4318966.143, 68
Trd, 4318966.393, 105
Trd, 4318968.443, 64
Trd, 4318968.593, 71
Trd, 4318970.293, 60
Trd, 4318970.543, 69
Trd, 4318970.843, 61
Trd, 4318971.693, 84
Trd, 4318971.843, 73
Trd, 4318972.393, 86
Trd, 4318972.743, 68
Trd, 4318973.843, 103
Trd, 4318974.743, 62
Trd, 4318975.143, 72
Trd, 4318976.493, 115
Trd, 4318978.793, 108
Trd, 4318979.193, 101
Trd, 4318979.993, 101
Trd, 4318980.343, 137
Trd, 4318980.693, 129
Trd, 4318980.843, 102
Trd, 4318981.293, 139
Trd, 4318981.993, 124
Trd, 4318982.093, 107
Trd, 4318984.543, 139
Trd, 4318984.693, 125
Trd, 4318985.493, 113
Trd, 4318985.643, 113
Trd, 4318986.343, 65
Trd, 4318987.793, 66
Trd, 4318987.843, 60
Trd, 4318988.843, 92
Trd, 4318990.793, 61
Trd, 4318992.793, 62
Trd, 4318993.093, 63
Trd, 4318993.643, 61
Trd, 4318994.143, 67
Trd, 4318995.143, 118
Trd, 4318995.843, 95
Trd, 4318996.043, 81
Trd, 4318997.593, 73
Trd, 4318997.793, 73
Trd, 4318998.843, 67
Trd, 4318998.943, 69
Trd, 4319000.793, 83
Trd, 4319001.143, 82
Trd, 4319001.293, 82
Trd, 4319001.343, 77
Trd, 4319002.193, 76
Trd, 4319002.543, 97
Trd, 4319002.743, 116
Trd, 4319003.543, 81
Trd, 4319005.243, 124
Trd, 4319005.443, 69
Trd, 4319005.493, 66
Trd, 4319007.443, 76
Trd, 4319008.493, 63
Trd, 4319009.443, 60
Trd, 4319009.643, 70
Trd, 4319010.193, 83
Trd, 4319010.693, 90
Trd, 4319010.843, 72
Trd, 4319011.143, 62
Trd, 4319011.743, 123
Trd, 4319013.043, 88
Trd, 4319013.143, 120
Trd, 4319013.343, 86
Trd, 4319014.043, 86
Trd, 4319014.493, 79
Trd, 4319015.893, 127
Trd, 4319015.943, 125
Trd, 4319016.343, 68
Trd, 4319016.993, 60
Trd, 4319018.343, 103
Trd, 4319018.493, 104
Trd, 4319018.543, 61
Trd, 4319019.093, 106
Trd, 4319020.993, 63
Trd, 4319021.393, 73
Trd, 4319021.943, 68
Trd, 4319022.243, 86
Trd, 4319022.593, 102
Trd, 4319023.143, 60
Trd, 4319024.343, 65
Trd, 4319025.243, 67
Trd, 4319025.893, 67
Trd, 4319026.393, 81
Trd, 4319026.793, 96
Trd, 4319028.143, 68
Trd, 4319028.443, 63
Trd, 4319029.543, 100
Trd, 4319029.693, 131
Trd, 4319030.643, 94
Trd, 4319030.943, 111
Trd, 4319031.143, 111
Trd, 4319031.493, 113
Trd, 4319032.193, 86
Trd, 4319032.443, 80
Trd, 4319034.393, 126
Trd, 4319034.643, 109
Trd, 4319035.243, 139
Trd, 4319035.643, 139
Trd, 4319035.743, 116
Trd, 4319036.143, 140
Trd, 4319036.543, 104
Trd, 4319037.593, 62
Trd, 4319039.443, 140
Trd, 4319039.493, 124
Trd, 4319039.843, 113
Trd, 4319040.293, 81
Trd, 4319041.193, 129
Trd, 4319041.293, 65
Trd, 4319041.743, 90
Trd, 4319043.843, 130
Trd, 4319043.993, 87
Trd, 4319044.843, 77
Trd, 4319044.943, 90
Trd, 4319046.043, 108
Trd, 4319046.893, 111
Trd, 4319047.143, 78
Trd, 4319047.943, 75
Trd, 4319048.343, 85
Trd, 4319049.693, 74
Trd, 4319050.543, 89
Trd, 4319051.293, 83
Trd, 4319051.343, 62
Trd, 4319051.893, 77
Trd, 4319052.993, 72
Trd, 4319054.893, 62
Trd, 4319055.043, 60
Trd, 4319056.093, 89
Trd, 4319056.993, 83
Trd, 4319057.593, 98
Trd, 4319057.693, 89
Trd, 4319058.093, 71
Trd, 4319058.393, 69
Trd, 4319059.343, 82
Trd, 4319061.093, 64
Trd, 4319061.443, 68
Trd, 4319061.543, 89
Trd, 4319061.593, 62
Trd, 4319061.843, 64
Trd, 4319062.043, 106
Trd, 4319064.043, 70
Trd, 4319064.293, 67
Trd, 4319066.243, 60
Trd, 4319066.743, 92
Trd, 4319066.993, 70
Trd, 4319067.293, 89
Trd, 4319068.743, 69
Trd, 4319069.343, 86
Trd, 4319070.543, 62
Trd, 4319070.843, 68
Trd, 4319071.043, 61
Trd, 4319071.743, 74
Trd, 4319071.893, 73
Trd, 4319072.643, 65
Trd, 4319073.143, 68
Trd, 4319074.093, 60
Trd, 4319075.643, 61
Trd, 4319075.943, 65
Trd, 4319076.143, 92
Trd, 4319076.193, 92
Trd, 4319076.493, 114
Trd, 4319077.343, 139
Trd, 4319077.993, 106
Trd, 4319078.243, 113
Trd, 4319079.543, 130
Trd, 4319080.993, 118
Trd, 4319081.043, 110
Trd, 4319081.193, 107
Trd, 4319082.193, 140
Trd, 4319082.593, 139
Trd, 4319083.143, 120
Trd, 4319083.343, 99
Trd, 4319083.793, 118
Trd, 4319084.993, 69
Trd, 4319087.043, 62
Trd, 4319087.193, 60
Trd, 4319087.593, 79
Trd, 4319088.043, 82
Trd, 4319088.843, 98
Trd, 4319089.193, 86
Trd, 4319089.243, 80
Trd, 4319090.493, 126
Trd, 4319090.643, 121
Trd, 4319090.693, 111
Trd, 4319091.293, 102
Trd, 4319092.743, 62
Trd, 4319093.443, 140
Trd, 4319096.143, 60
Trd, 4319096.643, 60
Trd, 4319096.993, 62
Trd, 4319097.493, 68
Trd, 4319098.093, 64
Trd, 4319098.243, 75
Trd, 4319099.243, 109
Trd, 4319099.293, 104
Trd, 4319100.393, 78
Trd, 4319101.293, 66
Trd, 4319101.693, 66
Trd, 4319101.993, 69
Trd, 4319103.193, 86
Trd, 4319103.393, 68
Trd, 4319103.443, 66
Trd, 4319103.493, 121
Trd, 4319105.193, 62
Trd, 4319106.493, 63
Trd, 4319108.093, 62
Trd, 4319109.293, 117
Trd, 4319110.193, 78
Trd, 4319110.293, 119
Trd, 4319110.493, 73
Trd, 4319110.693, 73
Trd, 4319110.993, 86
Trd, 4319111.143, 72
Trd, 4319112.693, 77
Trd, 4319113.093, 75
Trd, 4319113.493, 101
Trd, 4319113.793, 74
Trd, 4319114.143, 66
Trd, 4319115.293, 101
Trd, 4319117.043, 80
Trd, 4319117.093, 81
Trd, 4319117.693, 96
Trd, 4319118.193, 74
Trd, 4319118.393, 101
Trd, 4319119.293, 63
Trd, 4319120.093, 72
Trd, 4319122.093, 76
Trd, 4319122.443, 80
Trd, 4319123.043, 76
Trd, 4319124.043, 104
Trd, 4319124.293, 79
Trd, 4319124.443, 74
Trd, 4319124.943, 127
Trd, 4319126.743, 112
Trd, 4319126.843, 105
Trd, 4319127.493, 93
Trd, 4319127.743, 103
Trd, 4319127.793, 82
Trd, 4319128.393, 138
Trd, 4319129.493, 107
Trd, 4319129.993, 96
Trd, 4319130.843, 64
Trd, 4319131.493, 140
Trd, 4319131.743, 93
Trd, 4319133.243, 81
Trd, 4319133.743, 74
Trd, 4319134.143, 125
Trd, 4319135.543, 115
Trd, 4319135.743, 135
Trd, 4319135.843, 108
Trd, 4319136.393, 90
Trd, 4319136.593, 77
Trd, 4319138.593, 129
Trd, 4319139.643, 128
Trd, 4319140.293, 123
Trd, 4319140.793, 97
Trd, 4319141.093, 96
Trd, 4319141.893, 137
Trd, 4319141.993, 121
Trd, 4319142.693, 77
Trd, 4319143.843, 88
Trd, 4319144.893, 140
Trd, 4319144.993, 137
Trd, 4319145.293, 129
Trd, 4319146.493, 134
Trd, 4319147.343, 131
Trd, 4319147.543, 110
Trd, 4319147.993, 119
Trd, 4319148.643, 128
Trd, 4319149.093, 65
Trd, 4319150.193, 83
Trd, 4319150.943, 77
Trd, 4319151.093, 67
Trd, 4319151.743, 69
Trd, 4319152.693, 72
Trd, 4319153.143, 62
Trd, 4319153.493, 64
Trd, 4319153.993, 95
Trd, 4319155.893, 93
Trd, 4319155.993, 75
Trd, 4319156.443, 90
Trd, 4319156.943, 67
Trd, 4319157.193, 125
Trd, 4319157.993, 132
Trd, 4319158.693, 61
Trd, 4319159.193, 60
Trd, 4319160.093, 80
Trd, 4319161.143, 71
Trd, 4319161.543, 78
Trd, 4319162.693, 78
Trd, 4319163.193, 79
Trd, 4319164.093, 88
Trd, 4319164.243, 86
Trd, 4319164.693, 86
Trd, 4319164.993, 123
Trd, 4319166.493, 76
Trd, 4319167.743, 93
Trd, 4319169.093, 140
Trd, 4319169.143, 126
Trd, 4319169.293, 80
Trd, 4319169.343, 71
Trd, 4319170.743, 61
Trd, 4319171.143, 60
Trd, 4319171.543, 68
Trd, 4319171.743, 79
Trd, 4319172.343, 61
Trd, 4319174.443, 75
Trd, 4319174.493, 112
Trd, 4319174.543, 116
Trd, 4319175.093, 91
Trd, 4319175.693, 81
Trd, 4319176.193, 80
Trd, 4319176.593, 79
Trd, 4319177.193, 84
Trd, 4319178.143, 88
Trd, 4319179.093, 71
Trd, 4319179.643, 100
Trd, 4319180.193, 140
Trd, 4319180.593, 103
Trd, 4319181.043, 98
Trd, 4319182.043, 98
Trd, 4319182.443, 69
Trd, 4319183.493, 109
Trd, 4319183.693, 107
Trd, 4319184.543, 111
Trd, 4319184.593, 100
Trd, 4319184.643, 116
Trd, 4319185.543, 95
Trd, 4319186.343, 104
Trd, 4319187.843, 119
Trd, 4319188.193, 80
Trd, 4319189.243, 60
Trd, 4319189.643, 63
Trd, 4319191.543, 95
Trd, 4319192.593, 123
Trd, 4319194.093, 95
Trd, 4319194.193, 75
Trd, 4319194.893, 85
Trd, 4319195.393, 137
Trd, 4319195.743, 104
Trd, 4319195.793, 104
Trd, 4319196.793, 116
Trd, 4319197.543, 109
Trd, 4319197.793, 95
Trd, 4319197.843, 92
Trd, 4319198.643, 115
Trd, 4319199.043, 101
Trd, 4319199.193, 111
Trd, 4319199.443, 64
Trd, 4319200.493, 128
Trd, 4319200.793, 112
Trd, 4319202.393, 85
Trd, 4319203.043, 131
Trd, 4319203.193, 84
Trd, 4319203.493, 84
Trd, 4319204.493, 131
Trd, 4319204.743, 120
Trd, 4319204.893, 77
Trd, 4319207.393, 68
Trd, 4319207.893, 67
Trd, 4319207.993, 80
Trd, 4319208.693, 125
Trd, 4319209.193, 108
Trd, 4319209.293, 69
Trd, 4319209.993, 87
Trd, 4319210.443, 71
Trd, 4319211.693, 138
Trd, 4319211.893, 139
Trd, 4319211.993, 122
Trd, 4319212.343, 117
Trd, 4319212.993, 60
Trd, 4319213.693, 91
Trd, 4319214.793, 63
Trd, 4319215.143, 63
Trd, 4319215.393, 74
Trd, 4319215.743, 95
Trd, 4319217.193, 61
Trd, 4319218.193, 87
Trd, 4319218.943, 72
Trd, 4319219.343, 87
Trd, 4319220.093, 105
Trd, 4319221.393, 120
Trd, 4319222.743, 97
Trd, 4319223.043, 101
Trd, 4319223.193, 79
Trd, 4319223.743, 115
Trd, 4319223.843, 103
Trd, 4319223.943, 77
Trd, 4319224.043, 68
Trd, 4319225.943, 69
Trd, 4319226.943, 132
Trd, 4319227.193, 112
Trd, 4319227.543, 96
Trd, 4319227.643, 96
Trd, 4319228.393, 140
Trd, 4319228.743, 85
Trd, 4319229.493, 79
Trd, 4319231.293, 69
Trd, 4319231.943, 86
Trd, 4319232.393, 139
Trd, 4319232.493, 84
Trd, 4319233.543, 107
Trd, 4319234.543, 75
Trd, 4319234.793, 83
Trd, 4319235.243, 68
Trd, 4319235.893, 60
Trd, 4319236.893, 65
Trd, 4319237.043, 65
Trd, 4319238.243, 132
Trd, 4319238.293, 129
Trd, 4319239.493, 138
Trd, 4319239.943, 113
Trd, 4319240.043, 106
Trd, 4319240.543, 68
Trd, 4319240.893, 93
Trd, 4319241.243, 65
Trd, 4319241.993, 68
Trd, 4319244.643, 119
Trd, 4319244.893, 99
Trd, 4319244.943, 96
Trd, 4319245.293, 77
Trd, 4319246.043, 78
Trd, 4319247.293, 98
Trd, 4319247.793, 87
Trd, 4319248.543, 98
Trd, 4319249.293, 133
Trd, 4319249.943, 91
Trd, 4319250.193, 105
Trd, 4319250.393, 103
Trd, 4319250.593, 86
Trd, 4319251.493, 103
Trd, 4319254.293, 60
Trd, 4319254.843, 61
Trd, 4319254.893, 63
Trd, 4319255.643, 80
Trd, 4319256.393, 77
Trd, 4319256.893, 89
Trd, 4319256.993, 77
Trd, 4319258.343, 80
Trd, 4319258.393, 102
Trd, 4319258.743, 77
Trd, 4319259.393, 102
Trd, 4319259.693, 74
Trd, 4319261.243, 74
Trd, 4319261.893, 113
Trd, 4319262.843, 101
Trd, 4319263.543, 113
Trd, 4319264.193, 124
Trd, 4319264.243, 124
Trd, 4319264.543, 99
Trd, 4319265.193, 85
Trd, 4319265.393, 95
Trd, 4319267.343, 110
Trd, 4319267.893, 82
Trd, 4319268.193, 123
Trd, 4319268.293, 67
Trd, 4319269.843, 62
Trd, 4319270.043, 76
Trd, 4319270.393, 99
Trd, 4319272.593, 81
Trd, 4319274.043, 80
Trd, 4319274.193, 74
Trd, 4319275.293, 89
Trd, 4319276.093, 84
Trd, 4319276.493, 122
Trd, 4319277.043, 121
Trd, 4319277.893, 140
Trd, 4319278.143, 124
Trd, 4319278.843, 115
Trd, 4319279.143, 94
Trd, 4319279.793, 91
Trd, 4319280.193, 74
Trd, 4319281.243, 111
Trd, 4319281.493, 132
Trd, 4319281.843, 117
Trd, 4319282.493, 111
Trd, 4319282.543, 108
Trd, 4319283.293, 103
Trd, 4319283.493, 64
Trd, 4319285.343, 62
Trd, 4319286.243, 80
Trd, 4319287.243, 64
Trd, 4319287.493, 70
Trd, 4319287.943, 127
Trd, 4319288.093, 116
Trd, 4319288.493, 112
Trd, 4319289.793, 110
Trd, 4319290.693, 139
Trd, 4319290.943, 88
Trd, 4319291.893, 98
Trd, 4319292.893, 100
Trd, 4319293.093, 89
Trd, 4319293.243, 66
Trd, 4319293.493, 68
Trd, 4319297.393, 62
Trd, 4319297.543, 72
Trd, 4319298.043, 64
Trd, 4319299.193, 60
Trd, 4319300.643, 92
Trd, 4319301.393, 99
Trd, 4319301.493, 87
Trd, 4319301.693, 103
Trd, 4319301.943, 92
Trd, 4319302.093, 87
Trd, 4319302.743, 79
Trd, 4319303.843, 103
Trd, 4319304.393, 103
Trd, 4319304.693, 140
Trd, 4319304.793, 76
Trd, 4319305.243, 138
Trd, 4319305.843, 101
Trd, 4319305.943, 70
Trd, 4319306.343, 139
Trd, 4319307.893, 62
Trd, 4319308.343, 122
Trd, 4319309.593, 123
Trd, 4319310.193, 85
Trd, 4319311.093, 99
Trd, 4319311.693, 67
Trd, 4319312.293, 70
Trd, 4319312.793, 116
Trd, 4319313.543, 68
Trd, 4319315.193, 93
Trd, 4319315.493, 100
Trd, 4319316.943, 86
Trd, 4319317.493, 62
Trd, 4319318.393, 67
Trd, 4319319.593, 68
Trd, 4319320.443, 62
Trd, 4319320.743, 68
Trd, 4319321.793, 86
Trd, 4319322.793, 134
Trd, 4319323.093, 140
Trd, 4319323.443, 139
Trd, 4319323.693, 115
Trd, 4319323.893, 109
Trd, 4319324.793, 104
Trd, 4319325.143, 107
Trd, 4319325.193, 108
Trd, 4319325.393, 104
Trd, 4319326.843, 99
Trd, 4319327.243, 73
Trd, 4319327.393, 97
Trd, 4319328.493, 61
Trd, 4319328.893, 62
Trd, 4319330.593, 82
Trd, 4319331.343, 60
Trd, 4319331.993, 74
Trd, 4319332.493, 77
Trd, 4319332.793, 63
Trd, 4319333.293, 72
Trd, 4319333.743, 75
Trd, 4319334.693, 81
Trd, 4319335.093, 60
Trd, 4319335.643, 64
Trd, 4319336.193, 60
Trd, 4319337.493, 71
Trd, 4319338.043, 72
Trd, 4319339.193, 65
Trd, 4319339.443, 61
Trd, 4319340.293, 95
Trd, 4319340.643, 65
Trd, 4319341.193, 124
Trd, 4319343.643, 128
Trd, 4319343.793, 115
Trd, 4319343.843, 103
Trd, 4319344.143, 138
Trd, 4319344.993, 137
Trd, 4319345.093, 69
Trd, 4319345.193, 67
Trd, 4319346.743, 69
Trd, 4319347.343, 64
Trd, 4319348.043, 77
Trd, 4319349.343, 97
Trd, 4319349.643, 140
Trd, 4319350.093, 126
Trd, 4319352.243, 86
Trd, 4319352.593, 83
Trd, 4319352.743, 89
Trd, 4319353.893, 91
Trd, 4319354.043, 140
Trd, 4319354.643, 122
Trd, 4319355.343, 75
Trd, 4319357.343, 62
Trd, 4319357.843, 63
Trd, 4319357.943, 84
Trd, 4319358.893, 64
Trd, 4319359.093, 89
Trd, 4319361.193, 60
Trd, 4319362.493, 61
Trd, 4319363.143, 61
Trd, 4319363.443, 63
Trd, 4319363.893, 65
Trd, 4319364.093, 68
Trd, 4319364.743, 74
Trd, 4319365.043, 62
Trd, 4319365.193, 89
Trd, 4319366.493, 131
Trd, 4319367.543, 124
Trd, 4319368.543, 134
Trd, 4319368.993, 93
Trd, 4319369.243, 106
Trd, 4319369.693, 135
Trd, 4319369.743, 115
Trd, 4319370.343, 128
Trd, 4319371.893, 109
Trd, 4319372.443, 109
Trd, 4319372.493, 105
Trd, 4319373.343, 139
Trd, 4319373.943, 133
Trd, 4319374.743, 110
Trd, 4319375.043, 90
Trd, 4319375.343, 74
Trd, 4319377.293, 137
Trd, 4319377.443, 137
Trd, 4319378.293, 127
Trd, 4319378.643, 111
Trd, 4319378.893, 105
Trd, 4319379.243, 130
Trd, 4319379.743, 72
Trd, 4319379.843, 121
Trd, 4319381.843, 94
Trd, 4319381.993, 94
Trd, 4319382.443, 75
Trd, 4319382.943, 102
Trd, 4319383.343, 69
Trd, 4319383.493, 67
Trd, 4319384.493, 140
Trd, 4319385.243, 76
Trd, 4319385.343, 82
Trd, 4319386.143, 139
Trd, 4319387.443, 111
Trd, 4319388.593, 111
Trd, 4319388.893, 107
Trd, 4319389.093, 107
Trd, 4319389.193, 95
Trd, 4319389.693, 63
Trd, 4319390.293, 103
Trd, 4319390.693, 107
Trd, 4319391.093, 82
Trd, 4319393.193, 88
Trd, 4319393.293, 93
Trd, 4319394.543, 93
Trd, 4319394.693, 81
Trd, 4319395.243, 73
Trd, 4319395.443, 81
Trd, 4319395.743, 81
Trd, 4319397.543, 80
Trd, 4319397.693, 80
Trd, 4319397.743, 82
Trd, 4319398.443, 74
Trd, 4319398.943, 84
Trd, 4319400.443, 116
Trd, 4319400.643, 113
Trd, 4319400.843, 100
Trd, 4319400.893, 100
Trd, 4319401.143, 69
Trd, 4319403.543, 70
Trd, 4319404.943, 61
Trd, 4319405.243, 69
Trd, 4319406.493, 63
Trd, 4319407.643, 70
Trd, 4319407.793, 113
Trd, 4319408.343, 136
Trd, 4319408.443, 136
Trd, 4319409.243, 122
Trd, 4319411.093, 136
Trd, 4319411.693, 125
Trd, 4319411.743, 118
Trd, 4319412.843, 116
Trd, 4319413.093, 101
Trd, 4319413.193, 96
Trd, 4319413.393, 88
Trd, 4319414.793, 94
Trd, 4319415.143, 140
Trd, 4319415.393, 75
Trd, 4319416.243, 137
Trd, 4319416.393, 127
Trd, 4319417.493, 107
Trd, 4319418.143, 96
Trd, 4319419.593, 61
Trd, 4319419.743, 104
Trd, 4319420.943, 66
Trd, 4319422.243, 69
Trd, 4319422.543, 65
Trd, 4319423.543, 66
Trd, 4319423.993, 92
Trd, 4319424.693, 68
Trd, 4319424.743, 65
Trd, 4319427.543, 130
Trd, 4319428.193, 122
Trd, 4319428.243, 119
Trd, 4319429.543, 114
Trd, 4319429.593, 60
Trd, 4319430.343, 76
Trd, 4319430.443, 64
Trd, 4319430.643, 63
Trd, 4319431.243, 72
Trd, 4319432.043, 102
Trd, 4319432.693, 66
Trd, 4319432.843, 120
Trd, 4319433.843, 64
Trd, 4319435.493, 72
Trd, 4319435.693, 66
Trd, 4319436.243, 77
Trd, 4319437.493, 71
Trd, 4319438.143, 135
Trd, 4319439.093, 120
Trd, 4319439.593, 111
Trd, 4319441.093, 104
Trd, 4319441.143, 96
Trd, 4319441.193, 96
Trd, 4319442.093, 90
Trd, 4319442.793, 84
Trd, 4319443.793, 140
Trd, 4319444.093, 108
Trd, 4319445.293, 131
Trd, 4319445.793, 133
Trd, 4319446.443, 120
Trd, 4319447.093, 110
Trd, 4319447.443, 107
Trd, 4319448.493, 138
Trd, 4319448.793, 121
Trd, 4319449.643, 84
Trd, 4319449.743, 91
Trd, 4319450.993, 67
Trd, 4319451.693, 77
Trd, 4319451.843, 80
Trd, 4319453.043, 63
Trd, 4319453.293, 67
Trd, 4319454.093, 140
Trd, 4319454.493, 62
Trd, 4319456.493, 71
Trd, 4319456.643, 86
Trd, 4319457.393, 81
Trd, 4319457.493, 98
Trd, 4319458.393, 138
Trd, 4319458.893, 105
Trd, 4319459.043, 104
Trd, 4319459.543, 95
Trd, 4319461.193, 139
Trd, 4319461.643, 139
Trd, 4319461.743, 124
Trd, 4319464.293, 136
Trd, 4319464.493, 131
Trd, 4319465.393, 115
Trd, 4319466.193, 108
Trd, 4319466.293, 108
Trd, 4319466.443, 96
Trd, 4319467.593, 91
Trd, 4319468.093, 135
Trd, 4319468.443, 126
Trd, 4319468.693, 126
Trd, 4319469.243, 101
Trd, 4319470.193, 140
Trd, 4319470.793, 117
Trd, 4319470.993, 123
Trd, 4319471.093, 108
Trd, 4319472.643, 62
Trd, 4319473.193, 63
Trd, 4319473.893, 82
Trd, 4319474.293, 85
Trd, 4319475.443, 101
Trd, 4319476.043, 104
Trd, 4319477.243, 131
Trd, 4319477.393, 97
Trd, 4319477.443, 89
Trd, 4319478.343, 83
Trd, 4319479.143, 91
Trd, 4319479.943, 98
Trd, 4319480.593, 105
Trd, 4319481.493, 91
Trd, 4319482.443, 84
Trd, 4319483.093, 98
Trd, 4319483.293, 72
Trd, 4319484.743, 69
Trd, 4319485.443, 73
Trd, 4319486.543, 85
Trd, 4319486.643, 90
Trd, 4319487.643, 91
Trd, 4319487.893, 76
Trd, 4319488.343, 100
Trd, 4319489.143, 76
Trd, 4319490.343, 67
Trd, 4319491.393, 116
Trd, 4319491.443, 68
Trd, 4319492.643, 101
Trd, 4319492.893, 90
Trd, 4319493.743, 82
Trd, 4319493.843, 78
Trd, 4319494.193, 95
Trd, 4319494.493, 68
Trd, 4319496.393, 87
Trd, 4319496.443, 115
Trd, 4319496.993, 117
Trd, 4319497.593, 117
Trd, 4319498.393, 128
Trd, 4319498.743, 62
Trd, 4319500.443, 136
Trd, 4319501.243, 122
Trd, 4319501.493, 112
Trd, 4319502.143, 89
Trd, 4319503.193, 121
Trd, 4319503.643, 66
Trd, 4319503.993, 139
Trd, 4319504.793, 63
Trd, 4319505.093, 66
Trd, 4319505.643, 72
Trd, 4319506.293, 73
Trd, 4319508.193, 67
Trd, 4319509.343, 62
Trd, 4319509.393, 76
Trd, 4319509.893, 97
Trd, 4319510.443, 77
Trd, 4319511.443, 70
Trd, 4319511.593, 69
Trd, 4319514.243, 62
Trd, 4319514.693, 63
Trd, 4319514.893, 75
Trd, 4319515.643, 83
Trd, 4319516.943, 69
Trd, 4319517.143, 81
Trd, 4319517.843, 129
Trd, 4319518.143, 104
Trd, 4319518.343, 104
Trd, 4319519.493, 65
Trd, 4319521.243, 76
Trd, 4319521.443, 97
Trd, 4319521.643, 76
Trd, 4319522.943, 64
Trd, 4319523.293, 61
Trd, 4319523.793, 123
Trd, 4319526.293, 129
Trd, 4319526.393, 124
Trd, 4319526.593, 117
Trd, 4319527.393, 140
Trd, 4319527.693, 124
Trd, 4319528.043, 123
Trd, 4319529.443, 140
Trd, 4319529.693, 139
Trd, 4319530.193, 135
Trd, 4319530.293, 121
Trd, 4319530.593, 93
Trd, 4319530.693, 114
Trd, 4319530.843, 67
Trd, 4319532.193, 93
Trd, 4319532.893, 65
Trd, 4319534.443, 139
Trd, 4319535.143, 128
Trd, 4319535.443, 125
Trd, 4319536.993, 99
Trd, 4319537.593, 126
Trd, 4319537.993, 129
Trd, 4319539.443, 139
Trd, 4319539.743, 124
Trd, 4319539.993, 117
Trd, 4319540.093, 101
Trd, 4319540.343, 70
Trd, 4319541.693, 64
Trd, 4319542.493, 70
Trd, 4319542.893, 87
Trd, 4319543.843, 89
Trd, 4319545.193, 101
Trd, 4319545.543, 75
Trd, 4319545.743, 68
Trd, 4319546.343, 65
Trd, 4319546.993, 66
Trd, 4319548.193, 83
Trd, 4319548.543, 139
Trd, 4319548.843, 122
Trd, 4319549.543, 122
Trd, 4319551.143, 73
Trd, 4319551.693, 99
Trd, 4319551.793, 89
Trd, 4319552.343, 70
Trd, 4319552.643, 86
Trd, 4319553.093, 64
Trd, 4319553.793, 121
Trd, 4319554.793, 72
Trd, 4319555.193, 95
Trd, 4319555.693, 77
Trd, 4319555.993, 95
Trd, 4319557.493, 90
Trd, 4319558.393, 99
Trd, 4319559.293, 85
Trd, 4319559.643, 77
Trd, 4319560.043, 106
Trd, 4319560.993, 140
Trd, 4319561.193, 92
Trd, 4319562.293, 115
Trd, 4319562.693, 106
Trd, 4319563.993, 98
Trd, 4319564.693, 107
Trd, 4319565.043, 109
Trd, 4319565.593, 106
Trd, 4319565.643, 109
Trd, 4319567.493, 97
Trd, 4319568.093, 124
Trd, 4319568.143, 96
Trd, 4319568.843, 140
Trd, 4319569.293, 88
Trd, 4319569.793, 79
Trd, 4319570.443, 140
Trd, 4319572.143, 92
Trd, 4319572.343, 96
Trd, 4319572.993, 104
Trd, 4319574.093, 104
Trd, 4319575.143, 100
Trd, 4319575.243, 92
Trd, 4319576.343, 123
Trd, 4319576.943, 106
Trd, 4319577.343, 127
Trd, 4319577.893, 74
Trd, 4319578.743, 126
Trd, 4319579.043, 111
Trd, 4319579.543, 123
Trd, 4319579.993, 76
Trd, 4319581.543, 73
Trd, 4319582.543, 80
Trd, 4319582.743, 120
Trd, 4319583.443, 97
Trd, 4319583.643, 65
Trd, 4319583.743, 134
Trd, 4319584.843, 84
Trd, 4319585.443, 108
Trd, 4319586.793, 133
Trd, 4319588.493, 62
Trd, 4319588.993, 65
Trd, 4319589.343, 72
Trd, 4319590.393, 89
Trd, 4319590.943, 71
Trd, 4319591.043, 95
Trd, 4319591.593, 60
Trd, 4319592.443, 61
Trd, 4319592.643, 82
Trd, 4319593.043, 60
Trd, 4319593.993, 140
Trd, 4319594.943, 60
Trd, 4319596.043, 122
Trd, 4319596.293, 122
Trd, 4319596.743, 99
Trd, 4319596.793, 87
Trd, 4319597.243, 137
Trd, 4319598.143, 87
Trd, 4319598.393, 85
Trd, 4319598.593, 92
Trd, 4319600.393, 91
Trd, 4319601.143, 85
Trd, 4319601.743, 135
Trd, 4319602.543, 75
Trd, 4319602.893, 89
Trd, 4319603.243, 92
Trd, 4319603.593, 73
Trd, 4319604.393, 112
Trd, 4319604.743, 123
Trd, 4319605.243, 118
Trd, 4319607.243, 119
Trd, 4319607.443, 119
Trd, 4319607.543, 113
Trd, 4319608.243, 139
Trd, 4319608.593, 117
Trd, 4319609.143, 111
Trd, 4319609.693, 99
Trd, 4319610.293, 102
Trd, 4319611.593, 85
Trd, 4319612.243, 139
Trd, 4319612.993, 100
Trd, 4319614.143, 111
Trd, 4319614.793, 105
Trd, 4319614.993, 81
Trd, 4319615.143, 112
Trd, 4319615.443, 81
Trd, 4319616.043, 90
Trd, 4319616.843, 60
Trd, 4319617.693, 64
Trd, 4319619.793, 73
Trd, 4319619.893, 71
Trd, 4319619.993, 94
Trd, 4319620.893, 80
Trd, 4319621.993, 66
Trd, 4319622.193, 134
Trd, 4319622.943, 140
Trd, 4319623.343, 62
Trd, 4319623.443, 90
Trd, 4319624.193, 60
Trd, 4319625.293, 62
Trd, 4319625.493, 67
Trd, 4319625.793, 77
Trd, 4319626.793, 60
Trd, 4319627.193, 60
Trd, 4319627.893, 61
Trd, 4319628.793, 62
Trd, 4319629.393, 60
Trd, 4319629.793, 69
Trd, 4319630.093, 76
Trd, 4319631.443, 63
Trd, 4319631.793, 68
Trd, 4319633.243, 139
Trd, 4319633.993, 140
Trd, 4319634.193, 139
Trd, 4319634.543, 115
Trd, 4319635.543, 104
Trd, 4319635.843, 112
Trd, 4319636.593, 140
Trd, 4319637.893, 138
Trd, 4319638.643, 128
Trd, 4319639.393, 123
Trd, 4319640.243, 123
Trd, 4319640.843, 100
Trd, 4319641.343, 79
Trd, 4319642.443, 122
Trd, 4319642.743, 76
Trd, 4319642.943, 140
Trd, 4319643.593, 109
Trd, 4319644.593, 140
Trd, 4319644.893, 100
Trd, 4319645.443, 100
Trd, 4319645.493, 95
Trd, 4319646.043, 115
Trd, 4319646.693, 79
Trd, 4319647.943, 135
Trd, 4319647.993, 121
Trd, 4319648.643, 111
Trd, 4319649.193, 124
Trd, 4319650.343, 133
Trd, 4319650.843, 123
Trd, 4319652.243, 123
Trd, 4319652.543, 109
Trd, 4319652.943, 103
Trd, 4319653.543, 92
Trd, 4319653.843, 104
Trd, 4319654.293, 60
Trd, 4319655.293, 63
Trd, 4319657.443, 63
Trd, 4319658.193, 61
Trd, 4319658.793, 68
Trd, 4319659.443, 65
Trd, 4319659.643, 66
Trd, 4319660.043, 76
Trd, 4319660.643, 74
Trd, 4319660.793, 135
Trd, 4319661.093, 86
Trd, 4319662.143, 60
Trd, 4319663.243, 63
Trd, 4319664.543, 61
Trd, 4319664.593, 63
Trd, 4319665.093, 75
Trd, 4319667.493, 106
Trd, 4319668.193, 101
Trd, 4319668.993, 128
Trd, 4319669.243, 88
Trd, 4319670.393, 89
Trd, 4319671.393, 78
Trd, 4319671.693, 76
Trd, 4319671.893, 88
Trd, 4319673.143, 113
Trd, 4319673.293, 101
Trd, 4319673.493, 69
Trd, 4319674.843, 86
Trd, 4319674.993, 86
Trd, 4319676.493, 139
Trd, 4319676.893, 139
Trd, 4319677.843, 136
Trd, 4319677.893, 125
Trd, 4319677.943, 123
Trd, 4319679.293, 122
Trd, 4319680.743, 139
Trd, 4319680.893, 101
Trd, 4319681.693, 107
Trd, 4319681.793, 117
Trd, 4319682.093, 101
Trd, 4319682.743, 94
Trd, 4319683.543, 94
Trd, 4319684.243, 120
Trd, 4319685.443, 74
Trd, 4319686.093, 126
Trd, 4319687.193, 78
Trd, 4319687.393, 135
Trd, 4319688.043, 139
Trd, 4319688.793, 129
Trd, 4319688.993, 111
Trd, 4319689.943, 121
Trd, 4319691.793, 113
Trd, 4319692.243, 103
Trd, 4319692.643, 96
Trd, 4319692.793, 72
Trd, 4319693.193, 60
Trd, 4319693.743, 73
Trd, 4319694.493, 101
Trd, 4319694.693, 89
Trd, 4319695.843, 86
Trd, 4319696.743, 81
Trd, 4319699.293, 127
Trd, 4319699.393, 112
Trd, 4319699.743, 67
Trd, 4319700.293, 60
Trd, 4319700.993, 80
Trd, 4319702.993, 69
Trd, 4319703.593, 67
Trd, 4319703.693, 93
Trd, 4319704.043, 79
Trd, 4319704.943, 88
Trd, 4319705.643, 69
Trd, 4319705.743, 67
Trd, 4319705.993, 66
Trd, 4319706.393, 66
Trd, 4319706.493, 69
Trd, 4319708.993, 66
Trd, 4319709.143, 71
Trd, 4319709.693, 138
Trd, 4319710.093, 118
Trd, 4319710.293, 107
Trd, 4319711.793, 138
Trd, 4319712.893, 117
Trd, 4319713.193, 105
Trd, 4319714.393, 83
Trd, 4319714.693, 79
Trd, 4319714.993, 130
Trd, 4319715.193, 77
Trd, 4319715.543, 105
Trd, 4319715.993, 85
Trd, 4319716.093, 89
Trd, 4319716.593, 85
Trd, 4319718.093, 83
Trd, 4319720.193, 99
Trd, 4319720.343, 102
Trd, 4319720.593, 90
Trd, 4319721.743, 61
Trd, 4319722.393, 62
Trd, 4319722.593, 68
Trd, 4319722.993, 69
Trd, 4319723.843, 86
Trd, 4319724.943, 100
Trd, 4319725.093, 92
Trd, 4319725.943, 82
Trd, 4319726.543, 139
Trd, 4319726.843, 76
Trd, 4319726.993, 128
Trd, 4319728.743, 67
Trd, 4319730.243, 70
Trd, 4319731.443, 93
Trd, 4319731.943, 140
Trd, 4319732.243, 74
Trd, 4319733.643, 87
Trd, 4319733.893, 108
Trd, 4319733.943, 87
Trd, 4319734.243, 86
Trd, 4319734.293, 80
Trd, 4319734.593, 126
Trd, 4319735.693, 117
Trd, 4319735.943, 65
Trd, 4319737.193, 81
Trd, 4319737.393, 90
Trd, 4319738.793, 72
Trd, 4319738.893, 69
Trd, 4319739.293, 71
Trd, 4319739.593, 68
Trd, 4319739.893, 116
Trd, 4319740.643, 88
Trd, 4319741.593, 140
Trd, 4319742.543, 102
Trd, 4319742.693, 91
Trd, 4319743.293, 106
Trd, 4319744.293, 65
Trd, 4319745.093, 72
Trd, 4319745.443, 91
Trd, 4319745.643, 83
Trd, 4319746.793, 60
Trd, 4319747.993, 60
Trd, 4319748.793, 62
Trd, 4319749.343, 64
Trd, 4319750.893, 94
Trd, 4319751.343, 138
Trd, 4319751.543, 115
Trd, 4319751.893, 115
Trd, 4319752.093, 98
Trd, 4319753.093, 86
Trd, 4319753.443, 63
Trd, 4319755.093, 123
Trd, 4319755.593, 106
Trd, 4319756.043, 73
Trd, 4319756.893, 132
Trd, 4319758.043, 136
Trd, 4319758.543, 122
Trd, 4319758.693, 112
Trd, 4319759.493, 100
Trd, 4319759.743, 92
Trd, 4319760.193, 65
Trd, 4319761.493, 92
Trd, 4319762.593, 60
Trd, 4319763.593, 120
Trd, 4319763.793, 102
Trd, 4319765.293, 74
Trd, 4319765.393, 68
Trd, 4319765.493, 92
Trd, 4319767.243, 119
Trd, 4319767.893, 106
Trd, 4319768.243, 95
Trd, 4319768.343, 89
Trd, 4319769.143, 138
Trd, 4319769.543, 127
Trd, 4319769.893, 116
Trd, 4319770.143, 133
Trd, 4319771.893, 65
Trd, 4319773.043, 64
Trd, 4319773.543, 64
Trd, 4319773.893, 71
Trd, 4319775.143, 66
Trd, 4319776.493, 62
Trd, 4319776.943, 61
Trd, 4319777.443, 61
Trd, 4319777.593, 63
Trd, 4319777.693, 64
Trd, 4319778.693, 103
Trd, 4319778.793, 68
Trd, 4319779.143, 72
Trd, 4319780.993, 61
Trd, 4319781.693, 70
Trd, 4319782.643, 63
Trd, 4319783.893, 66
Trd, 4319784.043, 71
Trd, 4319784.993, 84
Trd, 4319785.343, 132
Trd, 4319785.643, 76
Trd, 4319787.343, 80
Trd, 4319787.493, 78
Trd, 4319788.393, 63
Trd, 4319788.693, 86
Trd, 4319789.643, 139
Trd, 4319790.393, 103
Trd, 4319790.493, 102
Trd, 4319791.143, 100
Trd, 4319791.743, 88
Trd, 4319791.843, 72
Trd, 4319792.743, 122
Trd, 4319793.843, 74
Trd, 4319794.493, 135
Trd, 4319794.793, 94
Trd, 4319794.943, 94
Trd, 4319795.843, 132
Trd, 4319796.343, 60
Trd, 4319796.943, 111
Trd, 4319797.693, 140
Trd, 4319797.743, 124
Trd, 4319798.593, 60
Trd, 4319800.243, 75
Trd, 4319800.343, 91
Trd, 4319800.693, 93
Trd, 4319802.193, 84
Trd, 4319802.843, 85
Trd, 4319803.443, 84
Trd, 4319804.493, 80
Trd, 4319804.793, 72
Trd, 4319805.093, 114
Trd, 4319805.593, 76
Trd, 4319805.643, 71
Trd, 4319806.293, 123
Trd, 4319806.993, 115
Trd, 4319807.693, 71
Trd, 4319809.893, 86
Trd, 4319809.993, 79
Trd, 4319810.193, 75
Trd, 4319810.743, 103
Trd, 4319811.043, 91
Trd, 4319812.093, 135
Trd, 4319812.243, 120
Trd, 4319812.393, 113
Trd, 4319813.543, 94
Trd, 4319814.743, 113
Trd, 4319814.993, 112
Trd, 4319815.143, 77
Trd, 4319815.493, 75
Trd, 4319815.743, 65
Trd, 4319815.993, 93
Trd, 4319817.443, 68
Trd, 4319818.543, 72
Trd, 4319821.093, 62
Trd, 4319821.343, 62
Trd, 4319821.993, 81
Trd, 4319822.193, 69
Trd, 4319822.593, 72
Trd, 4319822.893, 99
Trd, 4319823.643, 78
Trd, 4319824.343, 60
Trd, 4319826.093, 79
Trd, 4319826.443, 70
Trd, 4319827.143, 118
Trd, 4319827.343, 92
Trd, 4319827.593, 85
Trd, 4319828.043, 137
Trd, 4319828.643, 72
Trd, 4319830.043, 69
Trd, 4319830.143, 75
Trd, 4319830.443, 60
Trd, 4319831.143, 140
Trd, 4319832.093, 113
Trd, 4319832.693, 135
Trd, 4319832.893, 114
Trd, 4319832.943, 85
Trd, 4319834.093, 60
Trd, 4319834.743, 107
Trd, 4319835.793, 84
Trd, 4319836.543, 80
Trd, 4319837.893, 72
Trd, 4319838.043, 60
Trd, 4319838.093, 73
Trd, 4319838.743, 60
Trd, 4319839.393, 128
Trd, 4319839.893, 62
Trd, 4319840.343, 75
Trd, 4319842.093, 65
Trd, 4319842.343, 66
Trd, 4319842.743, 64
Trd, 4319844.043, 63
Trd, 4319844.143, 63
Trd, 4319844.193, 62
Trd, 4319844.843, 92
Trd, 4319845.193, 65
Trd, 4319845.693, 75
Trd, 4319846.093, 78
Trd, 4319848.043, 121
Trd, 4319848.243, 103
Trd, 4319848.443, 103
Trd, 4319848.643, 103
Trd, 4319850.543, 72
Trd, 4319850.893, 78
Trd, 4319850.993, 63
Trd, 4319851.793, 140
Trd, 4319852.993, 66
Trd, 4319853.693, 62
Trd, 4319853.943, 67
Trd, 4319855.543, 120
Trd, 4319855.943, 75
Trd, 4319856.993, 77
Trd, 4319857.793, 89
Trd, 4319857.893, 82
Trd, 4319857.993, 77
Trd, 4319859.143, 88
Trd, 4319859.493, 84
Trd, 4319860.043, 133
Trd, 4319861.193, 140
Trd, 4319861.643, 126
Trd, 4319861.743, 123
Trd, 4319862.843, 105
Trd, 4319865.343, 127
Trd, 4319865.393, 116
Trd, 4319865.793, 115
Trd, 4319866.243, 136
Trd, 4319866.743, 136
Trd, 4319866.893, 122
Trd, 4319867.343, 140
Trd, 4319868.943, 93
Trd, 4319869.093, 79
Trd, 4319869.143, 133
Trd, 4319871.193, 65
Trd, 4319872.043, 139
Trd, 4319873.593, 73
Trd, 4319874.143, 89
Trd, 4319875.993, 140
Trd, 4319876.443, 125
Trd, 4319876.693, 122
Trd, 4319877.543, 103
Trd, 4319877.843, 126
Trd, 4319879.043, 99
Trd, 4319879.143, 91
Trd, 4319879.893, 140
Trd, 4319880.043, 124
Trd, 4319880.143, 114
Trd, 4319881.743, 121
Trd, 4319881.943, 109
Trd, 4319883.093, 92
Trd, 4319883.493, 109
Trd, 4319883.593, 66
Trd, 4319884.743, 140
Trd, 4319885.193, 119
Trd, 4319886.293, 120
Trd, 4319886.443, 101
Trd, 4319886.743, 89
Trd, 4319888.393, 132
Trd, 4319888.743, 123
Trd, 4319888.993, 115
Trd, 4319889.743, 98
Trd, 4319890.343, 134
Trd, 4319890.543, 129
Trd, 4319891.193, 75
Trd, 4319891.793, 74
Trd, 4319891.843, 72
Trd, 4319892.943, 108
Trd, 4319893.993, 117
Trd, 4319894.643, 90
Trd, 4319895.993, 78
Trd, 4319896.293, 96
Trd, 4319897.093, 67
Trd, 4319897.143, 78
Trd, 4319898.443, 95
Trd, 4319899.393, 117
Trd, 4319900.243, 76
Trd, 4319901.393, 89
Trd, 4319901.793, 94
Trd, 4319902.143, 105
Trd, 4319902.543, 113
Trd, 4319902.643, 60
Trd, 4319904.993, 60
Trd, 4319906.243, 64
Trd, 4319907.193, 70
Trd, 4319907.693, 61
Trd, 4319907.743, 85
Trd, 4319908.493, 62
Trd, 4319910.293, 140
Trd, 4319910.743, 119
Trd, 4319910.843, 114
Trd, 4319911.793, 105
Trd, 4319911.993, 111
Trd, 4319912.443, 102
Trd, 4319912.643, 110
Trd, 4319913.993, 123
Trd, 4319914.243, 139
Trd, 4319915.343, 73
Trd, 4319916.793, 140
Trd, 4319916.993, 139
Trd, 4319917.343, 140
Trd, 4319917.393, 123
Trd, 4319918.043, 100
Trd, 4319919.043, 112
Trd, 4319919.393, 60
Trd, 4319920.993, 62
Trd, 4319922.093, 137
Trd, 4319922.243, 124
Trd, 4319922.443, 105
Trd, 4319922.743, 72
Trd, 4319923.293, 72
Trd, 4319923.893, 63
Trd, 4319925.193, 140
Trd, 4319925.793, 92
Trd, 4319926.393, 89
Trd, 4319926.443, 86
Trd, 4319927.743, 88
Trd, 4319927.893, 89
Trd, 4319929.193, 90
Trd, 4319929.243, 89
Trd, 4319929.843, 79
Trd, 4319930.743, 66
Trd, 4319931.793, 65
Trd, 4319932.793, 108
Trd, 4319933.693, 84
Trd, 4319933.743, 96
Trd, 4319934.043, 94
Trd, 4319934.193, 84
Trd, 4319934.343, 79
Trd, 4319934.643, 97
Trd, 4319935.393, 95
Trd, 4319935.643, 70
Trd, 4319936.243, 133
Trd, 4319937.843, 110
Trd, 4319938.143, 101
Trd, 4319938.193, 101
Trd, 4319939.343, 139
Trd, 4319940.043, 68
Trd, 4319940.143, 65
Trd, 4319941.893, 85
Trd, 4319941.943, 100
Trd, 4319942.393, 72
Trd, 4319942.843, 63
Trd, 4319944.043, 69
Trd, 4319944.593, 84
Trd, 4319944.843, 71
Trd, 4319946.143, 139
Trd, 4319946.743, 113
Trd, 4319947.593, 132
Trd, 4319947.943, 97
Trd, 4319948.843, 86
Trd, 4319950.693, 70
Trd, 4319950.743, 85
Trd, 4319951.143, 87
Trd, 4319952.293, 137
Trd, 4319952.943, 128
Trd, 4319953.343, 112
Trd, 4319953.893, 140
Trd, 4319955.243, 136
Trd, 4319955.943, 115
Trd, 4319956.593, 92
Trd, 4319956.893, 75
Trd, 4319957.043, 65
Trd, 4319957.543, 99
Trd, 4319957.793, 101
Trd, 4319958.343, 75
Trd, 4319959.843, 97
Trd, 4319960.593, 60
Trd, 4319960.943, 99
Trd, 4319960.993, 102
Trd, 4319963.193, 120
Trd, 4319963.343, 104
Trd, 4319964.193, 103
Trd, 4319964.293, 139
Trd, 4319965.593, 119
Trd, 4319965.643, 119
Trd, 4319965.693, 76
Trd, 4319966.293, 112
Trd, 4319966.543, 102
Trd, 4319968.193, 140
Trd, 4319968.943, 123
Trd, 4319969.293, 96
Trd, 4319969.843, 120
Trd, 4319971.193, 120
Trd, 4319971.243, 100
Trd, 4319971.343, 93
Trd, 4319971.693, 83
Trd, 4319972.793, 81
Trd, 4319974.493, 80
Trd, 4319975.443, 102
Trd, 4319975.493, 80
Trd, 4319976.143, 86
Trd, 4319976.543, 82
Trd, 4319977.443, 76
Trd, 4319978.543, 111
Trd, 4319978.893, 92
Trd, 4319979.143, 108
Trd, 4319979.393, 72
Trd, 4319980.393, 100
Trd, 4319981.743, 85
Trd, 4319982.043, 83
Trd, 4319982.293, 80
Trd, 4319982.643, 75
Trd, 4319983.093, 111
Trd, 4319983.693, 78
Trd, 4319984.143, 140
Trd, 4319985.043, 62
Trd, 4319985.493, 71
Trd, 4319985.943, 140
Trd, 4319986.293, 87
Trd, 4319987.043, 84
Trd, 4319988.543, 120
Trd, 4319988.593, 118
Trd, 4319989.143, 118
Trd, 4319989.743, 90
Trd, 4319989.993, 124
Trd, 4319990.243, 110
Trd, 4319990.693, 86
Trd, 4319991.293, 79
Trd, 4319992.343, 105
Trd, 4319992.893, 85
Trd, 4319994.343, 140
Trd, 4319994.743, 130
Trd, 4319995.343, 114
Trd, 4319995.543, 93
Trd, 4319995.643, 114
Trd, 4319996.193, 139
Trd, 4319996.393, 117
Trd, 4319997.293, 93
Trd, 4319998.943, 110
Trd, 4319999.343, 110
Trd, 4319999.543, 107
