Trd, 4318163.393, 66
Trd, 4318163.593, 65
Trd, 4318164.393, 120
Trd, 4318165.193, 127
Trd, 4318165.493, 98
Trd, 4318165.943, 90
Trd, 4318166.443, 132
Trd, 4318166.843, 72
Trd, 4318167.243, 63
Trd, 4318168.893, 138
Trd, 4318171.193, 136
Trd, 4318171.293, 135
Trd, 4318171.793, 109
Trd, 4318172.143, 64
Trd, 4318172.793, 82
Trd, 4318174.693, 61
Trd, 4318175.343, 117
Trd, 4318175.393, 116
Trd, 4318176.893, 67
Trd, 4318177.543, 126
Trd, 4318177.593, 114
Trd, 4318177.843, 111
Trd, 4318178.343, 103
Trd, 4318178.743, 103
Trd, 4318179.393, 86
Trd, 4318179.443, 62
Trd, 4318180.543, 61
Trd, 4318181.393, 60
Trd, 4318182.793, 62
Trd, 4318182.943, 97
Trd, 4318184.193, 70
Trd, 4318184.543, 62
Trd, 4318184.843, 74
Trd, 4318185.293, 77
Trd, 4318186.443, 108
Trd, 4318186.593, 90
Trd, 4318186.693, 67
Trd, 4318187.893, 111
Trd, 4318188.493, 112
Trd, 4318189.043, 103
Trd, 4318189.143, 101
Trd, 4318190.793, 120
Trd, 4318191.393, 106
Trd, 4318191.743, 105
Trd, 4318192.593, 140
Trd, 4318193.793, 110
Trd, 4318194.293, 95
Trd, 4318194.593, 114
Trd, 4318195.043, 103
Trd, 4318195.643, 77
Trd, 4318196.143, 93
Trd, 4318197.543, 76
Trd, 4318198.143, 64
Trd, 4318199.443, 63
Trd, 4318199.693, 134
Trd, 4318200.343, 116
Trd, 4318200.393, 114
Trd, 4318200.993, 62
Trd, 4318201.893, 65
Trd, 4318203.843, 130
Trd, 4318203.993, 99
Trd, 4318204.243, 82
Trd, 4318204.443, 81
Trd, 4318205.593, 124
Trd, 4318205.643, 74
Trd, 4318206.943, 118
Trd, 4318207.343, 133
Trd, 4318208.943, 107
Trd, 4318209.243, 101
Trd, 4318209.493, 85
Trd, 4318210.193, 79
Trd, 4318210.643, 75
Trd, 4318211.193, 113
Trd, 4318212.393, 84
Trd, 4318212.593, 94
Trd, 4318212.893, 71
Trd, 4318213.993, 60
Trd, 4318214.693, 136
Trd, 4318214.743, 73
Trd, 4318215.593, 92
Trd, 4318216.043, 63
Trd, 4318217.193, 60
Trd, 4318217.843, 84
Trd, 4318218.543, 108
Trd, 4318219.493, 135
Trd, 4318220.443, 88
Trd, 4318221.243, 132
Trd, 4318222.043, 125
Trd, 4318222.393, 87
Trd, 4318223.143, 73
Trd, 4318223.343, 124
Trd, 4318223.843, 120
Trd, 4318224.443, 69
Trd, 4318225.893, 120
Trd, 4318226.393, 112
Trd, 4318226.893, 138
Trd, 4318227.343, 112
Trd, 4318227.443, 96
Trd, 4318228.143, 67
Trd, 4318229.043, 81
Trd, 4318229.493, 77
Trd, 4318229.993, 66
Trd, 4318231.993, 65
Trd, 4318232.693, 80
Trd, 4318232.943, 86
Trd, 4318233.393, 67
Trd, 4318233.443, 60
Trd, 4318233.643, 60
Trd, 4318234.593, 127
Trd, 4318235.293, 100
Trd, 4318236.343, 136
Trd, 4318236.543, 108
Trd, 4318237.293, 60
Trd, 4318237.443, 63
Trd, 4318239.043, 114
Trd, 4318239.243, 94
Trd, 4318239.843, 121
Trd, 4318240.643, 63
Trd, 4318241.293, 108
Trd, 4318241.693, 62
Trd, 4318242.793, 63
Trd, 4318242.843, 69
Trd, 4318243.943, 95
Trd, 4318244.893, 76
Trd, 4318245.693, 98
Trd, 4318246.993, 79
Trd, 4318248.543, 75
Trd, 4318248.943, 106
Trd, 4318249.143, 96
Trd, 4318249.393, 92
Trd, 4318250.043, 115
Trd, 4318250.143, 109
Trd, 4318251.443, 84
Trd, 4318252.093, 87
Trd, 4318252.393, 106
Trd, 4318253.043, 95
Trd, 4318253.693, 119
Trd, 4318253.943, 108
Trd, 4318254.443, 90
Trd, 4318255.393, 110
Trd, 4318255.643, 109
Trd, 4318256.293, 132
Trd, 4318256.893, 124
Trd, 4318257.193, 89
Trd, 4318258.143, 99
Trd, 4318258.693, 90
Trd, 4318258.843, 71
Trd, 4318259.343, 114
Trd, 4318260.543, 140
Trd, 4318260.593, 123
Trd, 4318261.843, 114
Trd, 4318262.343, 114
Trd, 4318262.393, 113
Trd, 4318262.693, 108
Trd, 4318263.793, 102
Trd, 4318264.393, 117
Trd, 4318264.443, 87
Trd, 4318266.743, 80
Trd, 4318266.893, 118
Trd, 4318268.043, 66
Trd, 4318269.243, 65
Trd, 4318269.743, 77
Trd, 4318270.393, 98
Trd, 4318271.493, 129
Trd, 4318271.693, 96
Trd, 4318272.393, 87
Trd, 4318274.093, 126
Trd, 4318274.343, 108
Trd, 4318274.693, 127
Trd, 4318275.393, 98
Trd, 4318276.443, 63
Trd, 4318276.643, 70
Trd, 4318276.993, 64
Trd, 4318278.693, 140
Trd, 4318279.293, 139
Trd, 4318280.043, 121
Trd, 4318280.243, 124
Trd, 4318280.743, 110
Trd, 4318281.193, 132
Trd, 4318281.743, 115
Trd, 4318281.993, 65
Trd, 4318282.293, 82
Trd, 4318282.643, 72
Trd, 4318283.293, 73
Trd, 4318284.893, 77
Trd, 4318285.293, 65
Trd, 4318286.393, 69
Trd, 4318286.793, 61
Trd, 4318287.143, 116
Trd, 4318288.243, 102
Trd, 4318288.643, 85
Trd, 4318288.793, 83
Trd, 4318289.543, 63
Trd, 4318289.843, 65
Trd, 4318290.093, 60
Trd, 4318290.543, 66
Trd, 4318291.993, 71
Trd, 4318292.793, 116
Trd, 4318292.993, 86
Trd, 4318294.293, 120
Trd, 4318295.043, 89
Trd, 4318295.243, 87
Trd, 4318296.443, 129
Trd, 4318296.643, 137
Trd, 4318297.343, 106
Trd, 4318297.543, 96
Trd, 4318298.293, 106
Trd, 4318298.943, 81
Trd, 4318299.743, 76
Trd, 4318300.243, 78
Trd, 4318301.043, 66
Trd, 4318301.193, 116
Trd, 4318301.893, 108
Trd, 4318302.393, 68
Trd, 4318302.693, 125
Trd, 4318302.793, 104
Trd, 4318303.143, 139
Trd, 4318305.243, 115
Trd, 4318305.293, 95
Trd, 4318305.543, 86
Trd, 4318306.243, 100
Trd, 4318306.643, 116
Trd, 4318306.743, 115
Trd, 4318307.993, 113
Trd, 4318308.093, 113
Trd, 4318309.393, 88
Trd, 4318309.493, 67
Trd, 4318310.043, 64
Trd, 4318311.043, 76
Trd, 4318312.143, 69
Trd, 4318312.243, 72
Trd, 4318312.543, 66
Trd, 4318313.093, 84
Trd, 4318313.643, 84
Trd, 4318314.143, 71
Trd, 4318315.593, 61
Trd, 4318316.393, 76
Trd, 4318317.043, 103
Trd, 4318317.493, 118
Trd, 4318317.743, 109
Trd, 4318318.443, 106
Trd, 4318319.893, 107
Trd, 4318319.943, 98
Trd, 4318320.193, 125
Trd, 4318321.493, 140
Trd, 4318321.993, 70
Trd, 4318322.193, 65
Trd, 4318322.443, 67
Trd, 4318322.693, 81
Trd, 4318323.293, 111
Trd, 4318324.193, 67
Trd, 4318324.893, 123
Trd, 4318325.243, 86
Trd, 4318326.043, 95
Trd, 4318326.743, 116
Trd, 4318327.843, 104
Trd, 4318327.893, 103
Trd, 4318328.043, 101
Trd, 4318329.443, 115
Trd, 4318329.493, 108
Trd, 4318330.143, 124
Trd, 4318330.993, 72
Trd, 4318331.443, 83
Trd, 4318332.393, 89
Trd, 4318332.543, 84
Trd, 4318333.593, 60
Trd, 4318333.693, 60
Trd, 4318335.193, 93
Trd, 4318335.343, 94
Trd, 4318336.643, 103
Trd, 4318336.893, 118
Trd, 4318337.293, 76
Trd, 4318338.093, 75
Trd, 4318338.443, 68
Trd, 4318339.493, 95
Trd, 4318339.843, 84
Trd, 4318340.243, 80
Trd, 4318342.193, 135
Trd, 4318342.493, 106
Trd, 4318342.693, 96
Trd, 4318343.443, 126
Trd, 4318343.793, 108
Trd, 4318344.243, 101
Trd, 4318345.743, 112
Trd, 4318345.943, 114
Trd, 4318346.743, 132
Trd, 4318346.893, 128
Trd, 4318347.643, 109
Trd, 4318348.193, 106
Trd, 4318348.593, 77
Trd, 4318349.593, 99
Trd, 4318350.843, 105
Trd, 4318350.993, 129
Trd, 4318351.193, 102
Trd, 4318351.693, 100
Trd, 4318351.943, 80
Trd, 4318352.843, 77
Trd, 4318353.743, 73
Trd, 4318354.193, 102
Trd, 4318355.043, 102
Trd, 4318355.093, 101
Trd, 4318357.493, 61
Trd, 4318357.643, 64
Trd, 4318358.843, 72
Trd, 4318359.343, 60
Trd, 4318360.043, 68
Trd, 4318360.693, 100
Trd, 4318361.443, 140
Trd, 4318361.793, 85
Trd, 4318362.593, 81
Trd, 4318362.793, 92
Trd, 4318363.043, 80
Trd, 4318363.593, 137
Trd, 4318364.493, 136
Trd, 4318365.343, 91
Trd, 4318365.693, 124
Trd, 4318365.793, 109
Trd, 4318367.093, 109
Trd, 4318367.543, 108
Trd, 4318368.193, 107
Trd, 4318368.343, 83
Trd, 4318369.143, 102
Trd, 4318369.193, 65
Trd, 4318369.493, 62
Trd, 4318370.543, 84
Trd, 4318371.843, 107
Trd, 4318371.893, 111
Trd, 4318373.543, 96
Trd, 4318373.793, 90
Trd, 4318374.443, 124
Trd, 4318374.643, 124
Trd, 4318375.893, 101
Trd, 4318376.543, 97
Trd, 4318376.743, 93
Trd, 4318377.043, 80
Trd, 4318378.993, 140
Trd, 4318379.593, 134
Trd, 4318379.693, 95
Trd, 4318380.293, 95
Trd, 4318380.393, 67
Trd, 4318382.743, 72
Trd, 4318382.793, 86
Trd, 4318382.893, 68
Trd, 4318383.793, 62
Trd, 4318385.043, 60
Trd, 4318385.443, 87
Trd, 4318385.843, 86
Trd, 4318386.793, 81
Trd, 4318387.143, 93
Trd, 4318387.243, 94
Trd, 4318388.693, 81
Trd, 4318389.543, 106
Trd, 4318390.293, 120
Trd, 4318390.443, 61
Trd, 4318391.143, 66
Trd, 4318391.943, 75
Trd, 4318393.593, 118
Trd, 4318394.093, 117
Trd, 4318394.693, 64
Trd, 4318395.293, 89
Trd, 4318395.443, 62
Trd, 4318396.343, 61
Trd, 4318397.843, 61
Trd, 4318398.293, 62
Trd, 4318398.543, 62
Trd, 4318398.693, 62
Trd, 4318400.293, 68
Trd, 4318400.443, 65
Trd, 4318401.543, 103
Trd, 4318402.443, 117
Trd, 4318402.543, 76
Trd, 4318402.893, 75
Trd, 4318403.343, 91
Trd, 4318403.943, 72
Trd, 4318404.343, 72
Trd, 4318404.543, 66
Trd, 4318404.893, 105
Trd, 4318405.293, 61
Trd, 4318405.893, 64
Trd, 4318407.143, 65
Trd, 4318408.393, 131
Trd, 4318408.443, 130
Trd, 4318408.693, 122
Trd, 4318410.293, 63
Trd, 4318410.493, 70
Trd, 4318410.693, 60
Trd, 4318411.643, 61
Trd, 4318412.843, 66
Trd, 4318414.393, 63
Trd, 4318415.343, 63
Trd, 4318416.293, 66
Trd, 4318416.343, 72
Trd, 4318416.943, 64
Trd, 4318417.743, 61
Trd, 4318418.193, 109
Trd, 4318418.943, 66
Trd, 4318419.743, 67
Trd, 4318419.993, 69
Trd, 4318420.493, 68
Trd, 4318421.893, 60
Trd, 4318422.243, 62
Trd, 4318422.643, 65
Trd, 4318424.193, 60
Trd, 4318424.243, 61
Trd, 4318424.343, 61
Trd, 4318424.893, 65
Trd, 4318425.293, 66
Trd, 4318425.693, 105
Trd, 4318427.043, 78
Trd, 4318427.393, 110
Trd, 4318427.443, 76
Trd, 4318427.743, 62
Trd, 4318428.593, 95
Trd, 4318429.693, 78
Trd, 4318430.093, 98
Trd, 4318430.293, 60
Trd, 4318431.993, 70
Trd, 4318432.293, 117
Trd, 4318432.843, 69
Trd, 4318433.343, 103
Trd, 4318433.693, 135
Trd, 4318434.993, 65
Trd, 4318436.643, 68
Trd, 4318436.943, 81
Trd, 4318436.993, 83
Trd, 4318437.043, 79
Trd, 4318439.143, 139
Trd, 4318439.993, 134
Trd, 4318440.143, 133
Trd, 4318440.293, 126
Trd, 4318440.343, 124
Trd, 4318440.893, 118
Trd, 4318441.443, 99
Trd, 4318442.793, 73
Trd, 4318442.943, 70
Trd, 4318443.193, 62
Trd, 4318444.443, 60
Trd, 4318445.143, 62
Trd, 4318446.243, 63
Trd, 4318447.243, 65
Trd, 4318447.593, 65
Trd, 4318448.093, 72
Trd, 4318448.643, 69
Trd, 4318449.493, 71
Trd, 4318450.593, 65
Trd, 4318451.843, 96
Trd, 4318451.893, 95
Trd, 4318452.093, 80
Trd, 4318452.393, 91
Trd, 4318453.243, 60
Trd, 4318454.593, 63
Trd, 4318456.043, 100
Trd, 4318456.593, 107
Trd, 4318456.993, 98
Trd, 4318457.343, 82
Trd, 4318458.743, 114
Trd, 4318458.793, 113
Trd, 4318458.843, 111
Trd, 4318459.593, 131
Trd, 4318459.943, 109
Trd, 4318461.443, 63
Trd, 4318461.993, 81
Trd, 4318462.493, 90
Trd, 4318462.843, 114
Trd, 4318463.443, 86
Trd, 4318464.693, 87
Trd, 4318465.643, 96
Trd, 4318466.993, 96
Trd, 4318467.293, 82
Trd, 4318467.793, 81
Trd, 4318468.143, 101
Trd, 4318469.293, 104
Trd, 4318469.643, 107
Trd, 4318471.293, 129
Trd, 4318471.993, 78
Trd, 4318472.143, 77
Trd, 4318472.743, 138
Trd, 4318472.943, 71
Trd, 4318473.393, 70
Trd, 4318474.393, 65
Trd, 4318474.593, 74
Trd, 4318476.243, 63
Trd, 4318477.443, 125
Trd, 4318477.743, 86
Trd, 4318478.193, 86
Trd, 4318478.343, 72
Trd, 4318479.793, 133
Trd, 4318479.993, 101
Trd, 4318480.043, 89
Trd, 4318480.343, 83
Trd, 4318481.093, 129
Trd, 4318482.293, 96
Trd, 4318482.843, 81
Trd, 4318483.443, 77
Trd, 4318484.143, 87
Trd, 4318485.143, 70
Trd, 4318485.693, 96
Trd, 4318485.743, 74
Trd, 4318486.143, 62
Trd, 4318486.443, 80
Trd, 4318487.143, 72
Trd, 4318487.943, 102
Trd, 4318488.793, 121
Trd, 4318489.093, 122
Trd, 4318489.393, 120
Trd, 4318491.393, 76
Trd, 4318492.543, 61
Trd, 4318492.643, 66
Trd, 4318492.993, 66
Trd, 4318493.993, 119
Trd, 4318494.793, 65
Trd, 4318495.493, 132
Trd, 4318495.743, 124
Trd, 4318496.243, 123
Trd, 4318496.693, 104
Trd, 4318497.293, 85
Trd, 4318499.193, 60
Trd, 4318499.243, 62
Trd, 4318499.543, 74
Trd, 4318500.393, 73
Trd, 4318501.743, 66
Trd, 4318502.743, 108
Trd, 4318504.593, 140
Trd, 4318504.693, 139
Trd, 4318504.793, 119
Trd, 4318504.893, 116
Trd, 4318505.743, 112
Trd, 4318506.293, 117
Trd, 4318506.393, 116
Trd, 4318508.393, 99
Trd, 4318508.643, 100
Trd, 4318509.343, 113
Trd, 4318509.643, 110
Trd, 4318510.443, 75
Trd, 4318511.043, 88
Trd, 4318511.543, 92
Trd, 4318511.743, 64
Trd, 4318512.693, 136
Trd, 4318513.293, 135
Trd, 4318513.593, 136
Trd, 4318513.643, 111
Trd, 4318514.393, 99
Trd, 4318515.893, 127
Trd, 4318516.043, 92
Trd, 4318516.743, 85
Trd, 4318518.443, 92
Trd, 4318518.593, 79
Trd, 4318518.743, 98
Trd, 4318519.743, 110
Trd, 4318520.343, 91
Trd, 4318520.893, 76
Trd, 4318521.993, 63
Trd, 4318522.243, 74
Trd, 4318523.093, 62
Trd, 4318523.593, 113
Trd, 4318523.943, 113
Trd, 4318524.393, 137
Trd, 4318525.443, 132
Trd, 4318526.493, 120
Trd, 4318526.793, 119
Trd, 4318527.443, 100
Trd, 4318527.943, 119
Trd, 4318530.193, 63
Trd, 4318530.693, 71
Trd, 4318530.993, 81
Trd, 4318531.393, 65
Trd, 4318531.443, 67
Trd, 4318531.843, 76
Trd, 4318532.593, 136
Trd, 4318533.293, 136
Trd, 4318533.343, 94
Trd, 4318534.593, 113
Trd, 4318534.743, 87
Trd, 4318535.093, 85
Trd, 4318537.193, 62
Trd, 4318537.293, 61
Trd, 4318537.593, 86
Trd, 4318538.843, 67
Trd, 4318539.543, 122
Trd, 4318540.493, 105
Trd, 4318540.843, 138
Trd, 4318542.143, 79
Trd, 4318542.293, 73
Trd, 4318543.093, 76
Trd, 4318544.993, 91
Trd, 4318545.143, 90
Trd, 4318545.493, 61
Trd, 4318546.193, 91
Trd, 4318546.543, 82
Trd, 4318547.843, 62
Trd, 4318549.443, 68
Trd, 4318550.593, 65
Trd, 4318550.793, 64
Trd, 4318551.343, 69
Trd, 4318551.743, 64
Trd, 4318552.643, 63
Trd, 4318552.693, 71
Trd, 4318553.793, 130
Trd, 4318554.143, 122
Trd, 4318554.743, 68
Trd, 4318554.793, 98
Trd, 4318555.093, 78
Trd, 4318555.893, 62
Trd, 4318556.343, 128
Trd, 4318558.143, 133
Trd, 4318558.443, 132
Trd, 4318559.043, 80
Trd, 4318559.193, 66
Trd, 4318561.143, 134
Trd, 4318561.193, 91
Trd, 4318562.193, 135
Trd, 4318562.743, 124
Trd, 4318562.843, 123
Trd, 4318562.993, 105
Trd, 4318563.093, 73
Trd, 4318563.293, 97
Trd, 4318563.943, 65
Trd, 4318565.493, 73
Trd, 4318566.193, 129
Trd, 4318568.343, 62
Trd, 4318568.593, 65
Trd, 4318569.343, 122
Trd, 4318569.643, 115
Trd, 4318570.443, 101
Trd, 4318570.593, 100
Trd, 4318570.643, 98
Trd, 4318571.393, 81
Trd, 4318572.043, 104
Trd, 4318572.493, 67
Trd, 4318572.543, 63
Trd, 4318573.193, 60
Trd, 4318574.843, 107
Trd, 4318574.943, 106
Trd, 4318575.293, 94
Trd, 4318576.193, 99
Trd, 4318576.793, 115
Trd, 4318576.843, 87
Trd, 4318577.893, 106
Trd, 4318577.943, 70
Trd, 4318578.243, 110
Trd, 4318579.793, 126
Trd, 4318580.443, 105
Trd, 4318580.543, 73
Trd, 4318582.193, 61
Trd, 4318582.693, 84
Trd, 4318583.093, 63
Trd, 4318583.543, 62
Trd, 4318584.293, 72
Trd, 4318585.493, 103
Trd, 4318585.743, 116
Trd, 4318586.043, 68
Trd, 4318586.493, 135
Trd, 4318587.143, 93
Trd, 4318587.843, 116
Trd, 4318588.943, 100
Trd, 4318589.643, 101
Trd, 4318590.343, 91
Trd, 4318590.493, 80
Trd, 4318590.943, 79
Trd, 4318591.043, 77
Trd, 4318592.593, 133
Trd, 4318593.193, 133
Trd, 4318593.243, 112
Trd, 4318593.293, 103
Trd, 4318594.393, 61
Trd, 4318594.993, 80
Trd, 4318595.193, 111
Trd, 4318595.493, 65
Trd, 4318595.943, 84
Trd, 4318596.343, 133
Trd, 4318598.643, 67
Trd, 4318599.443, 76
Trd, 4318600.293, 73
Trd, 4318600.393, 71
Trd, 4318601.143, 70
Trd, 4318601.543, 88
Trd, 4318602.293, 69
Trd, 4318602.793, 72
Trd, 4318602.943, 98
Trd, 4318603.843, 70
Trd, 4318604.393, 118
Trd, 4318604.643, 68
Trd, 4318605.043, 78
Trd, 4318605.393, 67
Trd, 4318606.193, 71
Trd, 4318606.693, 71
Trd, 4318607.643, 61
Trd, 4318608.093, 67
Trd, 4318608.193, 63
Trd, 4318608.943, 73
Trd, 4318609.443, 95
Trd, 4318609.943, 60
Trd, 4318611.193, 67
Trd, 4318612.493, 60
Trd, 4318613.043, 61
Trd, 4318615.093, 89
Trd, 4318615.393, 62
Trd, 4318615.593, 75
Trd, 4318616.293, 65
Trd, 4318617.943, 60
Trd, 4318618.493, 60
Trd, 4318618.743, 62
Trd, 4318619.243, 74
Trd, 4318619.543, 79
Trd, 4318620.843, 111
Trd, 4318621.193, 77
Trd, 4318621.693, 60
Trd, 4318623.143, 64
Trd, 4318624.093, 60
Trd, 4318624.843, 67
Trd, 4318625.193, 66
Trd, 4318625.743, 80
Trd, 4318627.093, 60
Trd, 4318627.943, 69
Trd, 4318628.093, 74
Trd, 4318629.643, 80
Trd, 4318630.393, 68
Trd, 4318630.493, 72
Trd, 4318630.543, 100
Trd, 4318631.043, 75
Trd, 4318632.043, 101
Trd, 4318632.343, 100
Trd, 4318633.243, 60
Trd, 4318633.943, 60
Trd, 4318634.393, 64
Trd, 4318635.793, 130
Trd, 4318636.943, 122
Trd, 4318637.143, 112
Trd, 4318637.543, 103
Trd, 4318638.343, 72
Trd, 4318639.093, 65
Trd, 4318639.293, 64
Trd, 4318640.093, 112
Trd, 4318640.343, 90
Trd, 4318641.743, 123
Trd, 4318642.093, 102
Trd, 4318642.543, 76
Trd, 4318643.543, 60
Trd, 4318643.843, 100
Trd, 4318644.993, 70
Trd, 4318645.193, 72
Trd, 4318645.293, 104
Trd, 4318645.993, 67
Trd, 4318646.143, 120
Trd, 4318647.293, 128
Trd, 4318648.093, 129
Trd, 4318648.793, 127
Trd, 4318649.693, 71
Trd, 4318650.343, 72
Trd, 4318650.443, 66
Trd, 4318650.593, 82
Trd, 4318651.393, 60
Trd, 4318651.593, 63
Trd, 4318652.343, 82
Trd, 4318652.493, 75
Trd, 4318653.393, 100
Trd, 4318653.993, 78
Trd, 4318655.643, 117
Trd, 4318656.543, 105
Trd, 4318657.593, 82
Trd, 4318658.293, 110
Trd, 4318658.793, 105
Trd, 4318658.993, 83
Trd, 4318659.193, 106
Trd, 4318659.343, 81
Trd, 4318661.393, 109
Trd, 4318661.543, 96
Trd, 4318662.093, 73
Trd, 4318663.093, 62
Trd, 4318663.143, 73
Trd, 4318663.543, 64
Trd, 4318664.143, 72
Trd, 4318664.643, 79
Trd, 4318665.093, 66
Trd, 4318666.743, 91
Trd, 4318668.143, 60
Trd, 4318668.493, 63
Trd, 4318669.493, 61
Trd, 4318669.793, 71
Trd, 4318670.043, 72
Trd, 4318670.943, 109
Trd, 4318670.993, 72
Trd, 4318671.543, 63
Trd, 4318671.893, 70
Trd, 4318672.293, 116
Trd, 4318672.743, 106
Trd, 4318675.543, 72
Trd, 4318675.593, 69
Trd, 4318675.643, 68
Trd, 4318677.193, 109
Trd, 4318677.493, 108
Trd, 4318678.243, 90
Trd, 4318678.693, 128
Trd, 4318679.093, 99
Trd, 4318680.143, 139
Trd, 4318680.593, 83
Trd, 4318681.893, 60
Trd, 4318681.993, 62
Trd, 4318682.593, 63
Trd, 4318682.993, 114
Trd, 4318684.243, 109
Trd, 4318684.493, 108
Trd, 4318685.743, 62
Trd, 4318686.093, 81
Trd, 4318687.043, 76
Trd, 4318687.193, 75
Trd, 4318687.593, 92
Trd, 4318687.993, 82
Trd, 4318688.393, 65
Trd, 4318689.493, 60
Trd, 4318689.943, 80
Trd, 4318690.893, 102
Trd, 4318691.393, 111
Trd, 4318692.493, 104
Trd, 4318692.743, 75
Trd, 4318693.293, 65
Trd, 4318694.743, 67
Trd, 4318695.193, 72
Trd, 4318695.593, 72
Trd, 4318696.143, 98
Trd, 4318696.843, 126
Trd, 4318697.093, 125
Trd, 4318697.143, 103
Trd, 4318698.593, 106
Trd, 4318698.743, 105
Trd, 4318699.843, 99
Trd, 4318700.293, 64
Trd, 4318701.043, 62
Trd, 4318702.493, 84
Trd, 4318703.393, 76
Trd, 4318703.793, 95
Trd, 4318704.293, 77
Trd, 4318704.843, 61
Trd, 4318705.593, 90
Trd, 4318707.043, 94
Trd, 4318708.043, 62
Trd, 4318708.143, 67
Trd, 4318709.493, 65
Trd, 4318710.743, 132
Trd, 4318711.593, 131
Trd, 4318712.393, 92
Trd, 4318712.493, 105
Trd, 4318713.193, 128
Trd, 4318713.343, 121
Trd, 4318713.693, 82
Trd, 4318714.143, 71
Trd, 4318715.043, 94
Trd, 4318715.193, 98
Trd, 4318716.993, 74
Trd, 4318717.193, 137
Trd, 4318717.943, 130
Trd, 4318718.393, 129
Trd, 4318718.493, 127
Trd, 4318718.593, 116
Trd, 4318718.993, 91
Trd, 4318719.743, 81
Trd, 4318720.243, 99
Trd, 4318720.893, 64
Trd, 4318720.993, 76
Trd, 4318721.543, 126
Trd, 4318723.143, 71
Trd, 4318723.693, 67
Trd, 4318723.793, 65
Trd, 4318724.243, 63
Trd, 4318725.243, 64
Trd, 4318725.393, 65
Trd, 4318726.293, 74
Trd, 4318727.243, 83
Trd, 4318727.593, 74
Trd, 4318728.093, 99
Trd, 4318728.143, 95
Trd, 4318730.493, 131
Trd, 4318730.643, 130
Trd, 4318731.843, 131
Trd, 4318732.043, 130
Trd, 4318732.793, 125
Trd, 4318732.893, 83
Trd, 4318733.893, 121
Trd, 4318735.143, 61
Trd, 4318736.493, 61
Trd, 4318737.193, 66
Trd, 4318737.993, 60
Trd, 4318738.093, 62
Trd, 4318739.143, 91
Trd, 4318739.543, 60
Trd, 4318739.993, 79
Trd, 4318740.693, 65
Trd, 4318740.793, 81
Trd, 4318742.043, 61
Trd, 4318742.293, 62
Trd, 4318742.893, 60
Trd, 4318742.993, 138
Trd, 4318744.793, 65
Trd, 4318745.143, 63
Trd, 4318746.693, 96
Trd, 4318746.743, 94
Trd, 4318746.943, 93
Trd, 4318747.143, 111
Trd, 4318748.493, 120
Trd, 4318749.643, 88
Trd, 4318750.493, 119
Trd, 4318750.593, 117
Trd, 4318751.343, 137
Trd, 4318751.793, 115
Trd, 4318752.443, 103
Trd, 4318753.143, 121
Trd, 4318753.343, 96
Trd, 4318753.743, 104
Trd, 4318755.143, 60
Trd, 4318756.043, 63
Trd, 4318756.193, 63
Trd, 4318757.443, 73
Trd, 4318757.543, 74
Trd, 4318758.693, 110
Trd, 4318758.993, 68
Trd, 4318760.393, 61
Trd, 4318760.943, 60
Trd, 4318761.543, 78
Trd, 4318761.793, 77
Trd, 4318762.043, 78
Trd, 4318762.493, 88
Trd, 4318762.793, 63
Trd, 4318763.593, 101
Trd, 4318764.743, 68
Trd, 4318765.243, 85
Trd, 4318765.743, 66
Trd, 4318767.343, 70
Trd, 4318767.593, 87
Trd, 4318767.993, 87
Trd, 4318768.343, 70
Trd, 4318769.543, 128
Trd, 4318770.093, 104
Trd, 4318770.993, 100
Trd, 4318771.043, 69
Trd, 4318771.543, 72
Trd, 4318771.743, 74
Trd, 4318771.943, 70
Trd, 4318772.193, 122
Trd, 4318774.543, 64
Trd, 4318774.593, 68
Trd, 4318774.993, 66
Trd, 4318775.993, 61
Trd, 4318777.293, 74
Trd, 4318777.693, 61
Trd, 4318778.843, 61
Trd, 4318779.093, 83
Trd, 4318780.693, 69
Trd, 4318781.343, 75
Trd, 4318781.493, 67
Trd, 4318781.643, 81
Trd, 4318781.793, 62
Trd, 4318783.843, 104
Trd, 4318784.193, 93
Trd, 4318785.043, 80
Trd, 4318785.193, 88
Trd, 4318785.843, 69
Trd, 4318785.943, 87
Trd, 4318786.293, 75
Trd, 4318787.443, 133
Trd, 4318787.893, 89
Trd, 4318788.493, 120
Trd, 4318789.043, 86
Trd, 4318789.793, 68
Trd, 4318790.843, 67
Trd, 4318791.493, 111
Trd, 4318792.193, 140
Trd, 4318792.593, 71
Trd, 4318792.893, 124
Trd, 4318794.243, 64
Trd, 4318795.643, 78
Trd, 4318795.993, 91
Trd, 4318796.343, 80
Trd, 4318797.593, 61
Trd, 4318797.743, 60
Trd, 4318798.643, 98
Trd, 4318800.293, 140
Trd, 4318800.443, 118
Trd, 4318800.543, 111
Trd, 4318801.043, 95
Trd, 4318801.743, 135
Trd, 4318801.993, 98
Trd, 4318802.043, 97
Trd, 4318802.093, 93
Trd, 4318803.993, 66
Trd, 4318804.393, 62
Trd, 4318805.043, 73
Trd, 4318805.943, 111
Trd, 4318806.993, 123
Trd, 4318807.343, 129
Trd, 4318807.843, 139
Trd, 4318808.593, 122
Trd, 4318808.793, 107
Trd, 4318809.843, 86
Trd, 4318810.393, 68
Trd, 4318810.793, 71
Trd, 4318810.993, 64
Trd, 4318812.093, 61
Trd, 4318812.793, 61
Trd, 4318813.293, 66
Trd, 4318814.693, 62
Trd, 4318815.293, 89
Trd, 4318817.243, 62
Trd, 4318817.693, 60
Trd, 4318817.893, 91
Trd, 4318817.993, 119
Trd, 4318818.993, 63
Trd, 4318819.593, 64
Trd, 4318820.093, 82
Trd, 4318820.993, 83
Trd, 4318821.793, 62
Trd, 4318822.743, 105
Trd, 4318823.193, 107
Trd, 4318824.293, 107
Trd, 4318824.593, 90
Trd, 4318825.193, 116
Trd, 4318825.243, 82
Trd, 4318826.443, 60
Trd, 4318826.543, 125
Trd, 4318826.743, 65
Trd, 4318827.843, 63
Trd, 4318827.893, 64
Trd, 4318828.893, 62
Trd, 4318831.443, 61
Trd, 4318831.893, 63
Trd, 4318831.943, 61
Trd, 4318833.043, 60
Trd, 4318833.093, 67
Trd, 4318834.043, 88
Trd, 4318834.893, 83
Trd, 4318835.043, 86
Trd, 4318835.243, 81
Trd, 4318837.243, 66
Trd, 4318837.343, 67
Trd, 4318837.843, 113
Trd, 4318839.493, 64
Trd, 4318840.243, 73
Trd, 4318841.393, 76
Trd, 4318841.493, 75
Trd, 4318841.843, 73
Trd, 4318842.793, 105
Trd, 4318843.093, 84
Trd, 4318843.493, 62
Trd, 4318843.893, 103
Trd, 4318844.993, 131
Trd, 4318845.243, 117
Trd, 4318846.843, 125
Trd, 4318846.943, 139
Trd, 4318847.193, 124
Trd, 4318847.293, 114
Trd, 4318847.643, 118
Trd, 4318848.843, 137
Trd, 4318849.593, 115
Trd, 4318849.943, 66
Trd, 4318850.793, 106
Trd, 4318851.443, 79
Trd, 4318852.893, 61
Trd, 4318853.593, 62
Trd, 4318853.993, 60
Trd, 4318854.093, 70
Trd, 4318855.093, 72
Trd, 4318855.343, 71
Trd, 4318856.093, 96
Trd, 4318856.393, 138
Trd, 4318856.893, 86
Trd, 4318857.143, 84
Trd, 4318859.143, 102
Trd, 4318859.643, 96
Trd, 4318861.793, 77
Trd, 4318862.093, 84
Trd, 4318862.343, 77
Trd, 4318862.643, 78
Trd, 4318862.743, 114
Trd, 4318863.843, 75
Trd, 4318863.943, 74
Trd, 4318864.643, 64
Trd, 4318865.443, 94
Trd, 4318867.043, 106
Trd, 4318867.143, 99
Trd, 4318867.893, 91
Trd, 4318868.093, 88
Trd, 4318868.443, 91
Trd, 4318869.143, 88
Trd, 4318869.643, 114
Trd, 4318871.193, 114
Trd, 4318872.043, 107
Trd, 4318872.443, 122
Trd, 4318873.093, 112
Trd, 4318873.993, 77
Trd, 4318874.743, 106
Trd, 4318875.143, 84
Trd, 4318875.593, 83
Trd, 4318876.293, 103
Trd, 4318877.443, 63
Trd, 4318878.193, 119
Trd, 4318878.543, 108
Trd, 4318879.443, 93
Trd, 4318879.993, 92
Trd, 4318880.293, 128
Trd, 4318881.693, 106
Trd, 4318882.293, 104
Trd, 4318882.493, 127
Trd, 4318882.793, 78
Trd, 4318883.393, 78
Trd, 4318883.993, 63
Trd, 4318884.893, 110
Trd, 4318885.543, 74
Trd, 4318887.593, 61
Trd, 4318887.843, 63
Trd, 4318888.643, 64
Trd, 4318888.693, 62
Trd, 4318889.643, 71
Trd, 4318889.693, 89
Trd, 4318890.893, 65
Trd, 4318890.993, 62
Trd, 4318891.343, 70
Trd, 4318891.543, 102
Trd, 4318893.293, 109
Trd, 4318893.843, 107
Trd, 4318893.943, 100
Trd, 4318894.393, 97
Trd, 4318895.493, 81
Trd, 4318896.393, 97
Trd, 4318896.743, 74
Trd, 4318896.993, 120
Trd, 4318897.593, 86
Trd, 4318898.093, 82
Trd, 4318898.143, 80
Trd, 4318899.043, 75
Trd, 4318899.143, 72
Trd, 4318899.643, 72
Trd, 4318900.443, 71
Trd, 4318902.343, 71
Trd, 4318902.643, 75
Trd, 4318903.143, 77
Trd, 4318903.243, 89
Trd, 4318903.693, 82
Trd, 4318903.993, 94
Trd, 4318905.343, 67
Trd, 4318905.643, 64
Trd, 4318906.443, 75
Trd, 4318907.493, 76
Trd, 4318908.843, 135
Trd, 4318908.993, 134
Trd, 4318909.193, 78
Trd, 4318909.993, 123
Trd, 4318910.593, 140
Trd, 4318910.793, 114
Trd, 4318911.893, 120
Trd, 4318912.143, 94
Trd, 4318912.943, 126
Trd, 4318913.893, 60
Trd, 4318914.143, 67
Trd, 4318914.243, 92
Trd, 4318915.743, 84
Trd, 4318916.843, 61
Trd, 4318917.993, 68
Trd, 4318918.293, 121
Trd, 4318918.593, 62
Trd, 4318919.593, 128
Trd, 4318920.593, 119
Trd, 4318920.993, 119
Trd, 4318921.143, 117
Trd, 4318921.243, 100
Trd, 4318921.843, 60
Trd, 4318922.493, 61
Trd, 4318923.393, 62
Trd, 4318923.493, 66
Trd, 4318924.093, 116
Trd, 4318925.193, 108
Trd, 4318926.693, 62
Trd, 4318926.793, 61
Trd, 4318927.243, 70
Trd, 4318927.643, 135
Trd, 4318927.793, 134
Trd, 4318928.743, 80
Trd, 4318929.593, 60
Trd, 4318931.143, 133
Trd, 4318931.743, 133
Trd, 4318931.893, 132
Trd, 4318932.743, 89
Trd, 4318933.843, 69
Trd, 4318933.943, 111
Trd, 4318934.293, 76
Trd, 4318934.593, 61
Trd, 4318936.343, 60
Trd, 4318937.993, 60
Trd, 4318938.943, 68
Trd, 4318939.343, 61
Trd, 4318939.693, 77
Trd, 4318940.743, 87
Trd, 4318941.193, 75
Trd, 4318941.543, 101
Trd, 4318941.693, 118
Trd, 4318941.793, 71
Trd, 4318943.443, 109
Trd, 4318943.893, 109
Trd, 4318944.893, 136
Trd, 4318944.993, 130
Trd, 4318945.093, 110
Trd, 4318945.443, 96
Trd, 4318945.843, 110
Trd, 4318946.293, 128
Trd, 4318948.793, 133
Trd, 4318948.943, 112
Trd, 4318949.193, 107
Trd, 4318949.943, 100
Trd, 4318949.993, 99
Trd, 4318951.293, 85
Trd, 4318951.993, 109
Trd, 4318952.093, 83
Trd, 4318952.493, 106
Trd, 4318952.893, 125
Trd, 4318954.393, 112
Trd, 4318954.593, 96
Trd, 4318955.543, 106
Trd, 4318957.443, 98
Trd, 4318957.793, 66
Trd, 4318958.193, 106
Trd, 4318958.943, 76
Trd, 4318959.493, 66
Trd, 4318959.793, 98
Trd, 4318960.493, 63
Trd, 4318961.243, 64
Trd, 4318962.543, 65
Trd, 4318963.243, 73
Trd, 4318963.643, 72
Trd, 4318965.143, 62
Trd, 4318965.793, 96
Trd, 4318965.993, 86
Trd, 4318967.443, 60
Trd, 4318967.693, 72
Trd, 4318968.343, 80
Trd, 4318968.593, 65
Trd, 4318968.993, 84
Trd, 4318969.493, 83
Trd, 4318970.393, 111
Trd, 4318970.993, 109
Trd, 4318971.393, 74
Trd, 4318972.393, 86
Trd, 4318972.593, 85
Trd, 4318973.143, 82
Trd, 4318973.993, 130
Trd, 4318974.293, 131
Trd, 4318974.943, 73
Trd, 4318975.643, 98
Trd, 4318977.543, 71
Trd, 4318977.893, 100
Trd, 4318978.393, 73
Trd, 4318979.193, 106
Trd, 4318979.943, 79
Trd, 4318980.093, 95
Trd, 4318980.143, 86
Trd, 4318980.693, 70
Trd, 4318982.393, 117
Trd, 4318983.093, 91
Trd, 4318983.893, 114
Trd, 4318984.193, 113
Trd, 4318984.943, 98
Trd, 4318986.543, 134
Trd, 4318987.093, 78
Trd, 4318987.143, 77
Trd, 4318988.193, 67
Trd, 4318988.543, 86
Trd, 4318989.243, 114
Trd, 4318989.393, 74
Trd, 4318990.393, 89
Trd, 4318990.943, 139
Trd, 4318991.893, 102
Trd, 4318992.193, 83
Trd, 4318992.493, 60
Trd, 4318992.893, 115
Trd, 4318993.793, 64
Trd, 4318995.143, 92
Trd, 4318996.743, 73
Trd, 4318997.393, 60
Trd, 4318998.543, 60
Trd, 4318999.393, 73
Trd, 4318999.893, 60
Trd, 4319000.743, 66
Trd, 4319000.993, 68
Trd, 4319001.243, 75
Trd, 4319001.493, 60
Trd, 4319002.593, 74
Trd, 4319002.943, 64
Trd, 4319005.093, 104
Trd, 4319005.143, 87
Trd, 4319006.293, 134
Trd, 4319006.393, 100
Trd, 4319007.293, 138
Trd, 4319007.343, 112
Trd, 4319007.743, 128
Trd, 4319008.493, 113
Trd, 4319009.243, 67
Trd, 4319009.943, 93
Trd, 4319010.193, 61
Trd, 4319010.343, 73
Trd, 4319011.143, 133
Trd, 4319012.093, 64
Trd, 4319012.443, 86
Trd, 4319014.493, 107
Trd, 4319015.643, 99
Trd, 4319016.643, 104
Trd, 4319016.693, 82
Trd, 4319016.943, 80
Trd, 4319016.993, 74
Trd, 4319017.443, 139
Trd, 4319018.343, 62
Trd, 4319018.693, 68
Trd, 4319018.843, 61
Trd, 4319019.143, 65
Trd, 4319020.693, 127
Trd, 4319022.143, 95
Trd, 4319022.243, 78
Trd, 4319022.493, 95
Trd, 4319022.593, 67
Trd, 4319023.293, 87
Trd, 4319024.193, 121
Trd, 4319024.893, 120
Trd, 4319025.843, 75
Trd, 4319026.243, 73
Trd, 4319026.643, 65
Trd, 4319027.493, 66
Trd, 4319028.243, 66
Trd, 4319028.843, 133
Trd, 4319029.343, 66
Trd, 4319030.093, 70
Trd, 4319030.393, 91
Trd, 4319030.793, 60
Trd, 4319031.643, 130
Trd, 4319032.493, 65
Trd, 4319033.143, 119
Trd, 4319034.493, 69
Trd, 4319034.943, 134
Trd, 4319035.493, 83
Trd, 4319035.793, 94
Trd, 4319037.093, 97
Trd, 4319037.493, 61
Trd, 4319037.893, 62
Trd, 4319038.193, 80
Trd, 4319038.793, 79
Trd, 4319039.943, 123
Trd, 4319040.493, 102
Trd, 4319040.843, 124
Trd, 4319040.943, 101
Trd, 4319041.193, 100
Trd, 4319041.743, 86
Trd, 4319042.193, 107
Trd, 4319042.293, 106
Trd, 4319043.493, 103
Trd, 4319043.543, 101
Trd, 4319044.293, 60
Trd, 4319045.443, 138
Trd, 4319046.143, 127
Trd, 4319047.093, 98
Trd, 4319047.393, 83
Trd, 4319047.893, 62
Trd, 4319048.343, 119
Trd, 4319049.893, 95
Trd, 4319050.293, 66
Trd, 4319051.093, 66
Trd, 4319051.893, 63
Trd, 4319052.093, 69
Trd, 4319052.343, 93
Trd, 4319053.193, 61
Trd, 4319053.993, 80
Trd, 4319054.593, 82
Trd, 4319055.293, 78
Trd, 4319056.193, 116
Trd, 4319056.493, 121
Trd, 4319056.993, 60
Trd, 4319057.793, 87
Trd, 4319058.993, 89
Trd, 4319059.693, 77
Trd, 4319060.043, 112
Trd, 4319060.343, 115
Trd, 4319060.743, 109
Trd, 4319061.393, 107
Trd, 4319062.043, 97
Trd, 4319062.293, 138
Trd, 4319062.993, 122
Trd, 4319064.643, 85
Trd, 4319064.993, 86
Trd, 4319065.293, 105
Trd, 4319065.793, 95
Trd, 4319065.893, 83
Trd, 4319066.293, 68
Trd, 4319068.193, 123
Trd, 4319068.543, 122
Trd, 4319069.043, 118
Trd, 4319070.143, 128
Trd, 4319071.593, 137
Trd, 4319071.693, 92
Trd, 4319072.443, 113
Trd, 4319073.393, 118
Trd, 4319073.743, 92
Trd, 4319075.343, 120
Trd, 4319075.743, 123
Trd, 4319077.543, 120
Trd, 4319077.693, 119
Trd, 4319077.843, 87
Trd, 4319077.893, 86
Trd, 4319078.593, 124
Trd, 4319078.643, 123
Trd, 4319078.843, 86
Trd, 4319079.593, 80
Trd, 4319080.893, 129
Trd, 4319081.393, 110
Trd, 4319081.493, 88
Trd, 4319082.693, 87
Trd, 4319082.993, 79
Trd, 4319083.393, 84
Trd, 4319084.843, 84
Trd, 4319085.543, 123
Trd, 4319085.593, 103
Trd, 4319087.293, 92
Trd, 4319088.143, 120
Trd, 4319088.743, 62
Trd, 4319088.993, 66
Trd, 4319089.493, 106
Trd, 4319090.043, 129
Trd, 4319090.793, 102
Trd, 4319092.043, 100
Trd, 4319092.943, 100
Trd, 4319093.693, 98
Trd, 4319094.643, 123
Trd, 4319094.943, 90
Trd, 4319096.343, 92
Trd, 4319097.443, 76
Trd, 4319097.793, 60
Trd, 4319098.193, 62
Trd, 4319098.443, 67
Trd, 4319098.643, 63
Trd, 4319098.743, 72
Trd, 4319099.793, 132
Trd, 4319100.243, 81
Trd, 4319101.293, 86
Trd, 4319101.743, 124
Trd, 4319102.293, 115
Trd, 4319102.393, 113
Trd, 4319102.843, 104
Trd, 4319103.493, 87
Trd, 4319103.793, 66
Trd, 4319103.943, 96
Trd, 4319105.543, 62
Trd, 4319107.143, 68
Trd, 4319107.393, 75
Trd, 4319107.843, 76
Trd, 4319107.893, 75
Trd, 4319108.393, 69
Trd, 4319108.893, 103
Trd, 4319108.993, 68
Trd, 4319110.443, 61
Trd, 4319110.993, 68
Trd, 4319111.493, 94
Trd, 4319112.043, 108
Trd, 4319112.243, 107
Trd, 4319112.393, 99
Trd, 4319113.493, 94
Trd, 4319113.743, 91
Trd, 4319115.343, 132
Trd, 4319116.443, 104
Trd, 4319116.843, 111
Trd, 4319116.893, 96
Trd, 4319117.593, 93
Trd, 4319118.293, 113
Trd, 4319118.543, 112
Trd, 4319119.743, 127
Trd, 4319119.843, 98
Trd, 4319120.193, 96
Trd, 4319120.693, 112
Trd, 4319122.643, 117
Trd, 4319123.543, 139
Trd, 4319123.843, 139
Trd, 4319124.593, 99
Trd, 4319124.743, 118
Trd, 4319126.443, 128
Trd, 4319126.543, 72
Trd, 4319127.193, 102
Trd, 4319128.393, 96
Trd, 4319129.193, 89
Trd, 4319129.793, 89
Trd, 4319129.893, 81
Trd, 4319130.793, 61
Trd, 4319131.243, 67
Trd, 4319131.343, 72
Trd, 4319131.743, 69
Trd, 4319132.893, 101
Trd, 4319133.293, 90
Trd, 4319133.693, 64
Trd, 4319133.893, 103
Trd, 4319135.693, 61
Trd, 4319136.193, 79
Trd, 4319136.493, 65
Trd, 4319136.743, 109
Trd, 4319138.143, 60
Trd, 4319138.393, 66
Trd, 4319141.893, 70
Trd, 4319142.493, 65
Trd, 4319143.393, 64
Trd, 4319143.693, 65
Trd, 4319143.793, 63
Trd, 4319143.893, 71
Trd, 4319144.343, 105
Trd, 4319144.793, 69
Trd, 4319145.493, 74
Trd, 4319145.643, 65
Trd, 4319146.293, 107
Trd, 4319146.843, 86
Trd, 4319147.793, 83
Trd, 4319148.543, 94
Trd, 4319148.743, 80
Trd, 4319150.793, 121
Trd, 4319150.943, 112
Trd, 4319151.193, 102
Trd, 4319151.343, 74
Trd, 4319152.293, 81
Trd, 4319153.093, 136
Trd, 4319153.143, 134
Trd, 4319153.543, 90
Trd, 4319153.943, 74
Trd, 4319155.593, 98
Trd, 4319155.893, 112
Trd, 4319155.943, 89
Trd, 4319156.243, 83
Trd, 4319157.243, 68
Trd, 4319158.893, 61
Trd, 4319159.643, 73
Trd, 4319159.743, 85
Trd, 4319160.093, 83
Trd, 4319161.293, 114
Trd, 4319161.893, 136
Trd, 4319162.043, 134
Trd, 4319162.293, 115
Trd, 4319163.343, 139
Trd, 4319163.543, 77
Trd, 4319164.043, 71
Trd, 4319164.293, 64
Trd, 4319167.193, 96
Trd, 4319167.343, 64
Trd, 4319168.093, 122
Trd, 4319168.993, 118
Trd, 4319169.143, 100
Trd, 4319169.193, 85
Trd, 4319170.543, 64
Trd, 4319171.393, 64
Trd, 4319172.543, 82
Trd, 4319172.743, 107
Trd, 4319172.943, 111
Trd, 4319173.993, 61
Trd, 4319175.043, 63
Trd, 4319176.193, 65
Trd, 4319177.343, 64
Trd, 4319177.393, 65
Trd, 4319177.943, 112
Trd, 4319178.243, 65
Trd, 4319178.643, 81
Trd, 4319178.693, 74
Trd, 4319180.643, 62
Trd, 4319181.093, 62
Trd, 4319183.793, 60
Trd, 4319183.893, 62
Trd, 4319184.543, 60
Trd, 4319185.293, 61
Trd, 4319185.993, 76
Trd, 4319186.093, 67
Trd, 4319186.793, 70
Trd, 4319188.543, 65
Trd, 4319189.593, 130
Trd, 4319190.543, 131
Trd, 4319190.743, 128
Trd, 4319190.793, 120
Trd, 4319191.493, 106
Trd, 4319193.093, 68
Trd, 4319193.243, 72
Trd, 4319193.843, 137
Trd, 4319195.093, 62
Trd, 4319195.143, 77
Trd, 4319196.143, 94
Trd, 4319196.693, 111
Trd, 4319196.993, 80
Trd, 4319197.243, 80
Trd, 4319197.743, 80
Trd, 4319199.093, 61
Trd, 4319199.443, 64
Trd, 4319199.943, 78
Trd, 4319201.343, 62
Trd, 4319202.643, 65
Trd, 4319202.843, 68
Trd, 4319203.143, 75
Trd, 4319203.543, 65
Trd, 4319203.743, 61
Trd, 4319204.743, 83
Trd, 4319205.293, 78
Trd, 4319205.543, 68
Trd, 4319206.043, 75
Trd, 4319206.093, 66
Trd, 4319207.393, 64
Trd, 4319208.143, 68
Trd, 4319209.193, 136
Trd, 4319209.243, 90
Trd, 4319209.393, 87
Trd, 4319209.893, 81
Trd, 4319210.443, 96
Trd, 4319210.493, 73
Trd, 4319211.093, 66
Trd, 4319212.343, 63
Trd, 4319212.793, 66
Trd, 4319213.593, 126
Trd, 4319214.343, 72
Trd, 4319215.693, 62
Trd, 4319216.543, 60
Trd, 4319216.943, 66
Trd, 4319217.743, 70
Trd, 4319218.193, 98
Trd, 4319218.593, 71
Trd, 4319218.743, 70
Trd, 4319219.293, 68
Trd, 4319220.543, 64
Trd, 4319220.643, 73
Trd, 4319221.093, 61
Trd, 4319222.643, 70
Trd, 4319223.443, 62
Trd, 4319223.943, 70
Trd, 4319225.843, 91
Trd, 4319226.243, 82
Trd, 4319226.393, 81
Trd, 4319227.193, 72
Trd, 4319227.343, 65
Trd, 4319227.643, 101
Trd, 4319227.893, 77
Trd, 4319228.693, 86
Trd, 4319229.193, 87
Trd, 4319230.643, 108
Trd, 4319231.343, 73
Trd, 4319231.443, 76
Trd, 4319232.243, 68
Trd, 4319233.193, 62
Trd, 4319233.543, 71
Trd, 4319234.093, 71
Trd, 4319235.893, 60
Trd, 4319236.093, 68
Trd, 4319236.293, 70
Trd, 4319237.143, 62
Trd, 4319237.343, 60
Trd, 4319238.143, 67
Trd, 4319238.943, 107
Trd, 4319239.443, 61
Trd, 4319239.793, 62
Trd, 4319240.343, 117
Trd, 4319241.693, 93
Trd, 4319242.443, 94
Trd, 4319242.743, 67
Trd, 4319243.543, 108
Trd, 4319243.643, 104
Trd, 4319244.043, 78
Trd, 4319244.443, 77
Trd, 4319244.893, 100
Trd, 4319246.143, 85
Trd, 4319246.893, 102
Trd, 4319247.493, 78
Trd, 4319247.643, 91
Trd, 4319248.493, 83
Trd, 4319248.593, 79
Trd, 4319250.393, 119
Trd, 4319250.443, 109
Trd, 4319250.593, 103
Trd, 4319253.193, 63
Trd, 4319253.993, 101
Trd, 4319254.493, 132
Trd, 4319254.943, 111
Trd, 4319255.293, 98
Trd, 4319255.993, 127
Trd, 4319256.543, 83
Trd, 4319256.893, 81
Trd, 4319258.193, 92
Trd, 4319258.493, 75
Trd, 4319258.893, 127
Trd, 4319259.343, 70
Trd, 4319259.493, 96
Trd, 4319260.293, 62
Trd, 4319262.143, 64
Trd, 4319263.343, 62
Trd, 4319263.493, 66
Trd, 4319263.693, 136
Trd, 4319264.293, 62
Trd, 4319264.793, 70
Trd, 4319265.293, 63
Trd, 4319265.893, 80
Trd, 4319266.993, 80
Trd, 4319267.093, 101
Trd, 4319268.443, 66
Trd, 4319268.843, 67
Trd, 4319268.993, 71
Trd, 4319269.543, 105
Trd, 4319270.143, 66
Trd, 4319270.793, 60
Trd, 4319271.643, 81
Trd, 4319271.693, 80
Trd, 4319271.943, 78
Trd, 4319272.893, 115
Trd, 4319273.493, 93
Trd, 4319274.293, 86
Trd, 4319274.393, 109
Trd, 4319275.593, 60
Trd, 4319277.143, 114
Trd, 4319277.393, 113
Trd, 4319277.843, 108
Trd, 4319278.493, 78
Trd, 4319279.393, 80
Trd, 4319280.993, 72
Trd, 4319281.093, 88
Trd, 4319281.943, 72
Trd, 4319282.693, 81
Trd, 4319283.243, 72
Trd, 4319283.943, 96
Trd, 4319284.143, 94
Trd, 4319284.343, 78
Trd, 4319284.493, 76
Trd, 4319284.793, 111
Trd, 4319286.093, 126
Trd, 4319286.943, 125
Trd, 4319287.293, 124
Trd, 4319287.893, 100
Trd, 4319288.293, 62
Trd, 4319289.843, 66
Trd, 4319290.743, 97
Trd, 4319291.443, 138
Trd, 4319291.643, 96
Trd, 4319291.693, 95
Trd, 4319292.193, 128
Trd, 4319292.743, 122
Trd, 4319293.643, 86
Trd, 4319293.693, 74
Trd, 4319294.343, 93
Trd, 4319295.543, 80
Trd, 4319295.793, 79
Trd, 4319295.993, 75
Trd, 4319297.843, 60
Trd, 4319298.393, 136
Trd, 4319299.293, 136
Trd, 4319299.943, 107
Trd, 4319301.543, 119
Trd, 4319301.743, 83
Trd, 4319302.793, 62
Trd, 4319303.143, 132
Trd, 4319303.593, 81
Trd, 4319303.843, 72
Trd, 4319304.993, 104
Trd, 4319305.493, 138
Trd, 4319306.293, 93
Trd, 4319306.443, 78
Trd, 4319307.093, 72
Trd, 4319307.593, 71
Trd, 4319308.393, 66
Trd, 4319308.443, 74
Trd, 4319309.343, 137
Trd, 4319309.593, 117
Trd, 4319310.093, 115
Trd, 4319311.143, 67
Trd, 4319312.043, 62
Trd, 4319313.243, 109
Trd, 4319313.543, 98
Trd, 4319314.943, 140
Trd, 4319315.693, 119
Trd, 4319316.043, 125
Trd, 4319316.243, 121
Trd, 4319316.443, 116
Trd, 4319317.743, 113
Trd, 4319318.543, 100
Trd, 4319318.743, 98
Trd, 4319318.793, 82
Trd, 4319319.893, 109
Trd, 4319320.143, 116
Trd, 4319320.893, 116
Trd, 4319321.393, 112
Trd, 4319321.843, 121
Trd, 4319322.793, 121
Trd, 4319323.243, 120
Trd, 4319324.343, 135
Trd, 4319324.843, 86
Trd, 4319325.043, 85
Trd, 4319325.793, 96
Trd, 4319326.893, 91
Trd, 4319326.993, 89
Trd, 4319327.393, 92
Trd, 4319327.693, 76
Trd, 4319327.843, 75
Trd, 4319328.193, 61
Trd, 4319329.593, 60
Trd, 4319330.493, 60
Trd, 4319330.593, 67
Trd, 4319330.693, 108
Trd, 4319332.143, 136
Trd, 4319332.993, 126
Trd, 4319333.543, 93
Trd, 4319334.493, 64
Trd, 4319334.943, 66
Trd, 4319335.243, 85
Trd, 4319336.793, 61
Trd, 4319338.143, 101
Trd, 4319338.643, 120
Trd, 4319339.343, 99
Trd, 4319340.993, 127
Trd, 4319341.193, 105
Trd, 4319341.593, 77
Trd, 4319343.143, 127
Trd, 4319343.293, 126
Trd, 4319344.643, 95
Trd, 4319345.143, 94
Trd, 4319345.543, 83
Trd, 4319346.193, 131
Trd, 4319346.293, 91
Trd, 4319346.493, 84
Trd, 4319346.993, 98
Trd, 4319347.943, 140
Trd, 4319349.343, 140
Trd, 4319349.693, 140
Trd, 4319349.893, 139
Trd, 4319350.693, 125
Trd, 4319351.843, 116
Trd, 4319351.993, 77
Trd, 4319352.293, 118
Trd, 4319353.543, 103
Trd, 4319354.493, 131
Trd, 4319354.543, 87
Trd, 4319355.093, 91
Trd, 4319355.493, 74
Trd, 4319355.743, 107
Trd, 4319357.643, 60
Trd, 4319358.443, 67
Trd, 4319359.493, 79
Trd, 4319360.743, 99
Trd, 4319360.993, 140
Trd, 4319361.943, 101
Trd, 4319362.143, 92
Trd, 4319362.493, 60
Trd, 4319362.943, 69
Trd, 4319364.543, 75
Trd, 4319366.043, 139
Trd, 4319366.543, 118
Trd, 4319367.093, 117
Trd, 4319367.193, 116
Trd, 4319367.943, 98
Trd, 4319368.743, 60
Trd, 4319368.843, 61
Trd, 4319369.143, 60
Trd, 4319369.893, 72
Trd, 4319370.243, 88
Trd, 4319370.743, 92
Trd, 4319371.543, 103
Trd, 4319372.993, 132
Trd, 4319373.593, 131
Trd, 4319373.693, 117
Trd, 4319374.243, 120
Trd, 4319375.043, 96
Trd, 4319375.393, 93
Trd, 4319376.243, 92
Trd, 4319376.293, 76
Trd, 4319377.843, 80
Trd, 4319378.243, 121
Trd, 4319378.743, 80
Trd, 4319379.543, 139
Trd, 4319380.343, 107
Trd, 4319381.343, 121
Trd, 4319382.243, 87
Trd, 4319383.093, 68
Trd, 4319383.543, 98
Trd, 4319384.093, 76
Trd, 4319384.443, 73
Trd, 4319384.593, 72
Trd, 4319385.843, 60
Trd, 4319387.093, 139
Trd, 4319387.893, 61
Trd, 4319388.093, 66
Trd, 4319389.493, 61
Trd, 4319389.693, 72
Trd, 4319390.193, 60
Trd, 4319390.393, 63
Trd, 4319390.493, 72
Trd, 4319390.893, 135
Trd, 4319391.293, 63
Trd, 4319392.443, 89
Trd, 4319392.743, 92
Trd, 4319394.993, 65
Trd, 4319395.493, 75
Trd, 4319396.393, 77
Trd, 4319396.993, 76
Trd, 4319397.193, 112
Trd, 4319397.393, 70
Trd, 4319397.493, 60
Trd, 4319397.893, 133
Trd, 4319398.843, 99
Trd, 4319399.893, 97
Trd, 4319400.243, 129
Trd, 4319401.393, 97
Trd, 4319402.643, 111
Trd, 4319402.793, 92
Trd, 4319403.143, 77
Trd, 4319404.193, 121
Trd, 4319405.243, 118
Trd, 4319406.093, 109
Trd, 4319406.143, 103
Trd, 4319407.293, 98
Trd, 4319407.693, 76
Trd, 4319407.893, 77
Trd, 4319408.043, 75
Trd, 4319409.043, 68
Trd, 4319410.143, 135
Trd, 4319410.693, 114
Trd, 4319412.093, 95
Trd, 4319412.843, 97
Trd, 4319413.093, 97
Trd, 4319413.593, 92
Trd, 4319414.093, 95
Trd, 4319414.343, 116
Trd, 4319414.643, 62
Trd, 4319415.443, 108
Trd, 4319416.843, 128
Trd, 4319417.243, 67
Trd, 4319417.393, 66
Trd, 4319417.843, 85
Trd, 4319418.793, 140
Trd, 4319419.643, 110
Trd, 4319419.743, 121
Trd, 4319420.243, 80
Trd, 4319420.593, 140
Trd, 4319422.743, 139
Trd, 4319422.843, 136
Trd, 4319423.343, 123
Trd, 4319423.793, 105
Trd, 4319424.693, 65
Trd, 4319425.443, 81
Trd, 4319425.593, 117
Trd, 4319426.293, 63
Trd, 4319426.643, 61
Trd, 4319428.093, 97
Trd, 4319429.043, 132
Trd, 4319429.993, 116
Trd, 4319431.293, 122
Trd, 4319432.143, 97
Trd, 4319433.593, 100
Trd, 4319433.643, 87
Trd, 4319434.393, 140
Trd, 4319434.793, 139
Trd, 4319435.093, 119
Trd, 4319435.243, 98
Trd, 4319435.943, 89
Trd, 4319437.343, 75
Trd, 4319437.893, 74
Trd, 4319439.193, 77
Trd, 4319439.543, 108
Trd, 4319439.593, 75
Trd, 4319439.893, 138
Trd, 4319441.093, 60
Trd, 4319441.493, 63
Trd, 4319441.693, 66
Trd, 4319443.193, 60
Trd, 4319443.543, 63
Trd, 4319444.393, 67
Trd, 4319445.943, 122
Trd, 4319446.043, 100
Trd, 4319446.793, 133
Trd, 4319446.943, 102
Trd, 4319447.593, 105
Trd, 4319448.143, 103
Trd, 4319449.643, 65
Trd, 4319450.693, 113
Trd, 4319450.893, 114
Trd, 4319451.293, 113
Trd, 4319451.893, 114
Trd, 4319451.943, 134
Trd, 4319452.693, 93
Trd, 4319453.443, 70
Trd, 4319453.743, 99
Trd, 4319454.893, 114
Trd, 4319455.343, 73
Trd, 4319457.093, 139
Trd, 4319457.543, 137
Trd, 4319457.843, 122
Trd, 4319458.543, 80
Trd, 4319459.193, 121
Trd, 4319459.343, 78
Trd, 4319460.143, 119
Trd, 4319460.843, 133
Trd, 4319461.943, 130
Trd, 4319463.543, 108
Trd, 4319463.843, 61
Trd, 4319464.293, 121
Trd, 4319465.643, 86
Trd, 4319466.093, 112
Trd, 4319466.193, 114
Trd, 4319466.293, 104
Trd, 4319466.493, 85
Trd, 4319466.643, 60
Trd, 4319467.393, 97
Trd, 4319468.293, 117
Trd, 4319468.893, 73
Trd, 4319470.143, 134
Trd, 4319470.293, 133
Trd, 4319470.393, 140
Trd, 4319470.493, 109
Trd, 4319470.743, 63
Trd, 4319472.643, 72
Trd, 4319473.743, 71
Trd, 4319473.893, 75
Trd, 4319474.743, 116
Trd, 4319475.143, 122
Trd, 4319476.043, 100
Trd, 4319476.543, 128
Trd, 4319476.893, 86
Trd, 4319477.593, 85
Trd, 4319478.143, 134
Trd, 4319478.193, 65
Trd, 4319479.543, 65
Trd, 4319481.293, 113
Trd, 4319481.743, 111
Trd, 4319481.893, 110
Trd, 4319481.943, 92
Trd, 4319483.093, 140
Trd, 4319483.593, 62
Trd, 4319483.943, 135
Trd, 4319485.093, 110
Trd, 4319486.243, 139
Trd, 4319486.693, 75
Trd, 4319486.793, 133
Trd, 4319487.943, 133
Trd, 4319488.693, 121
Trd, 4319488.843, 136
Trd, 4319488.993, 88
Trd, 4319490.143, 81
Trd, 4319490.243, 91
Trd, 4319490.943, 63
Trd, 4319491.343, 121
Trd, 4319492.193, 69
Trd, 4319493.743, 97
Trd, 4319493.793, 80
Trd, 4319494.293, 67
Trd, 4319494.843, 94
Trd, 4319495.893, 110
Trd, 4319496.293, 111
Trd, 4319496.693, 107
Trd, 4319497.293, 128
Trd, 4319497.843, 67
Trd, 4319499.693, 117
Trd, 4319499.793, 116
Trd, 4319500.143, 66
Trd, 4319500.243, 139
Trd, 4319500.743, 101
Trd, 4319501.343, 130
Trd, 4319501.543, 99
Trd, 4319503.693, 87
Trd, 4319504.243, 138
Trd, 4319504.293, 114
Trd, 4319505.093, 63
Trd, 4319506.093, 62
Trd, 4319506.293, 62
Trd, 4319506.643, 68
Trd, 4319507.993, 94
Trd, 4319508.443, 105
Trd, 4319509.043, 81
Trd, 4319509.593, 81
Trd, 4319509.843, 66
Trd, 4319510.793, 60
Trd, 4319512.293, 61
Trd, 4319513.393, 66
Trd, 4319513.693, 60
Trd, 4319513.893, 75
Trd, 4319513.943, 106
Trd, 4319515.493, 62
Trd, 4319517.093, 131
Trd, 4319517.843, 102
Trd, 4319518.243, 132
Trd, 4319518.943, 104
Trd, 4319520.343, 127
Trd, 4319520.393, 126
Trd, 4319521.293, 120
Trd, 4319521.693, 102
Trd, 4319521.943, 91
Trd, 4319522.543, 86
Trd, 4319522.793, 108
Trd, 4319523.443, 79
Trd, 4319525.543, 61
Trd, 4319526.143, 65
Trd, 4319526.793, 69
Trd, 4319526.993, 76
Trd, 4319528.293, 75
Trd, 4319528.693, 112
Trd, 4319529.093, 73
Trd, 4319530.093, 89
Trd, 4319530.193, 83
Trd, 4319531.643, 66
Trd, 4319531.693, 68
Trd, 4319532.093, 67
Trd, 4319532.693, 74
Trd, 4319533.093, 84
Trd, 4319534.993, 82
Trd, 4319535.343, 86
Trd, 4319535.443, 92
Trd, 4319535.843, 65
Trd, 4319536.843, 68
Trd, 4319536.943, 75
Trd, 4319538.243, 66
Trd, 4319538.743, 122
Trd, 4319538.793, 121
Trd, 4319540.893, 64
Trd, 4319541.093, 105
Trd, 4319541.843, 93
Trd, 4319542.143, 95
Trd, 4319542.293, 79
Trd, 4319542.893, 101
Trd, 4319542.993, 135
Trd, 4319543.393, 64
Trd, 4319544.143, 82
Trd, 4319546.193, 60
Trd, 4319546.593, 73
Trd, 4319547.693, 63
Trd, 4319548.043, 62
Trd, 4319548.093, 66
Trd, 4319549.443, 71
Trd, 4319550.643, 75
Trd, 4319550.993, 99
Trd, 4319551.893, 60
Trd, 4319552.293, 62
Trd, 4319552.743, 79
Trd, 4319553.243, 75
Trd, 4319553.393, 87
Trd, 4319554.143, 63
Trd, 4319554.793, 93
Trd, 4319554.993, 111
Trd, 4319555.493, 121
Trd, 4319555.643, 79
Trd, 4319557.243, 60
Trd, 4319557.893, 65
Trd, 4319559.043, 67
Trd, 4319559.743, 72
Trd, 4319560.293, 137
Trd, 4319560.443, 112
Trd, 4319561.143, 65
Trd, 4319561.343, 68
Trd, 4319562.993, 108
Trd, 4319563.393, 107
Trd, 4319563.543, 80
Trd, 4319563.893, 71
Trd, 4319565.343, 99
Trd, 4319565.443, 86
Trd, 4319565.743, 83
Trd, 4319566.143, 82
Trd, 4319567.493, 60
Trd, 4319567.893, 63
Trd, 4319569.443, 138
Trd, 4319569.743, 120
Trd, 4319569.843, 115
Trd, 4319570.843, 91
Trd, 4319570.943, 89
Trd, 4319571.493, 85
Trd, 4319572.043, 110
Trd, 4319572.693, 110
Trd, 4319574.043, 131
Trd, 4319574.193, 109
Trd, 4319574.493, 104
Trd, 4319575.593, 63
Trd, 4319576.393, 60
Trd, 4319576.643, 98
Trd, 4319576.893, 62
Trd, 4319578.243, 66
Trd, 4319578.943, 60
Trd, 4319578.993, 70
Trd, 4319580.443, 61
Trd, 4319580.643, 100
Trd, 4319581.393, 64
Trd, 4319582.443, 85
Trd, 4319582.843, 131
Trd, 4319582.993, 119
Trd, 4319585.143, 71
Trd, 4319585.443, 70
Trd, 4319585.643, 69
Trd, 4319585.893, 91
Trd, 4319586.443, 124
Trd, 4319586.843, 67
Trd, 4319587.443, 69
Trd, 4319587.843, 64
Trd, 4319589.243, 70
Trd, 4319589.493, 120
Trd, 4319590.193, 73
Trd, 4319590.993, 108
Trd, 4319591.043, 107
Trd, 4319591.593, 84
Trd, 4319592.893, 91
Trd, 4319593.343, 71
Trd, 4319593.543, 72
Trd, 4319593.893, 71
Trd, 4319594.743, 95
Trd, 4319595.043, 106
Trd, 4319596.943, 122
Trd, 4319597.543, 85
Trd, 4319598.393, 90
Trd, 4319599.593, 98
Trd, 4319599.743, 97
Trd, 4319599.843, 85
Trd, 4319600.843, 76
Trd, 4319601.893, 61
Trd, 4319602.543, 60
Trd, 4319602.943, 117
Trd, 4319603.643, 137
Trd, 4319604.443, 136
Trd, 4319604.493, 129
Trd, 4319605.093, 131
Trd, 4319606.193, 98
Trd, 4319607.393, 61
Trd, 4319609.193, 120
Trd, 4319609.643, 119
Trd, 4319609.693, 115
Trd, 4319610.843, 102
Trd, 4319611.143, 111
Trd, 4319611.443, 93
Trd, 4319611.543, 85
Trd, 4319612.193, 117
Trd, 4319613.543, 116
Trd, 4319613.693, 116
Trd, 4319614.343, 100
Trd, 4319615.893, 119
Trd, 4319616.143, 90
Trd, 4319617.743, 138
Trd, 4319617.993, 101
Trd, 4319618.193, 136
Trd, 4319618.693, 91
Trd, 4319619.693, 119
Trd, 4319620.343, 91
Trd, 4319620.593, 140
Trd, 4319620.693, 96
Trd, 4319620.943, 82
Trd, 4319621.993, 60
Trd, 4319622.593, 65
Trd, 4319624.393, 139
Trd, 4319624.943, 138
Trd, 4319626.543, 121
Trd, 4319626.593, 104
Trd, 4319627.543, 99
Trd, 4319627.593, 98
Trd, 4319628.393, 86
Trd, 4319629.443, 99
Trd, 4319629.543, 61
Trd, 4319630.093, 73
Trd, 4319631.143, 61
Trd, 4319631.343, 87
Trd, 4319631.693, 75
Trd, 4319633.693, 73
Trd, 4319634.143, 69
Trd, 4319636.343, 61
Trd, 4319636.893, 62
Trd, 4319637.393, 60
Trd, 4319637.493, 67
Trd, 4319639.293, 72
Trd, 4319640.543, 68
Trd, 4319640.893, 64
Trd, 4319640.943, 72
Trd, 4319641.443, 82
Trd, 4319642.543, 72
Trd, 4319643.243, 71
Trd, 4319643.443, 78
Trd, 4319644.093, 62
Trd, 4319644.743, 64
Trd, 4319645.443, 92
Trd, 4319646.793, 118
Trd, 4319646.893, 92
Trd, 4319646.993, 82
Trd, 4319647.093, 64
Trd, 4319648.043, 136
Trd, 4319648.093, 85
Trd, 4319648.243, 105
Trd, 4319649.243, 83
Trd, 4319650.193, 140
Trd, 4319651.143, 140
Trd, 4319651.543, 127
Trd, 4319651.893, 140
Trd, 4319652.143, 99
Trd, 4319652.293, 87
Trd, 4319652.843, 69
Trd, 4319653.193, 100
Trd, 4319654.343, 65
Trd, 4319655.093, 125
Trd, 4319656.243, 91
Trd, 4319656.493, 82
Trd, 4319656.643, 68
Trd, 4319658.593, 135
Trd, 4319658.643, 127
Trd, 4319659.193, 112
Trd, 4319659.243, 103
Trd, 4319660.043, 91
Trd, 4319660.943, 127
Trd, 4319661.743, 110
Trd, 4319661.993, 109
Trd, 4319663.243, 60
Trd, 4319663.843, 67
Trd, 4319665.093, 72
Trd, 4319665.693, 75
Trd, 4319666.093, 84
Trd, 4319666.543, 95
Trd, 4319666.993, 65
Trd, 4319668.043, 103
Trd, 4319669.943, 131
Trd, 4319670.243, 122
Trd, 4319670.643, 104
Trd, 4319670.693, 95
Trd, 4319671.243, 60
Trd, 4319672.093, 99
Trd, 4319672.243, 80
Trd, 4319672.793, 106
Trd, 4319673.243, 70
Trd, 4319675.243, 81
Trd, 4319675.293, 69
Trd, 4319676.493, 135
Trd, 4319676.593, 100
Trd, 4319677.193, 61
Trd, 4319678.643, 62
Trd, 4319679.743, 70
Trd, 4319680.343, 60
Trd, 4319680.543, 72
Trd, 4319681.243, 87
Trd, 4319682.593, 108
Trd, 4319682.943, 127
Trd, 4319683.293, 105
Trd, 4319683.343, 96
Trd, 4319684.043, 133
Trd, 4319684.293, 115
Trd, 4319685.193, 113
Trd, 4319685.643, 73
Trd, 4319686.593, 69
Trd, 4319686.843, 61
Trd, 4319687.043, 75
Trd, 4319687.643, 78
Trd, 4319688.793, 62
Trd, 4319689.593, 72
Trd, 4319690.993, 89
Trd, 4319691.993, 79
Trd, 4319692.293, 118
Trd, 4319692.843, 95
Trd, 4319693.043, 74
Trd, 4319693.143, 68
Trd, 4319694.093, 127
Trd, 4319695.293, 124
Trd, 4319696.693, 116
Trd, 4319697.443, 132
Trd, 4319697.743, 110
Trd, 4319698.693, 133
Trd, 4319698.993, 97
Trd, 4319700.293, 102
Trd, 4319700.343, 101
Trd, 4319701.343, 122
Trd, 4319702.243, 119
Trd, 4319702.493, 115
Trd, 4319703.543, 112
Trd, 4319704.243, 115
Trd, 4319705.193, 112
Trd, 4319706.293, 131
Trd, 4319706.593, 130
Trd, 4319707.193, 134
Trd, 4319707.493, 109
Trd, 4319707.693, 99
Trd, 4319709.293, 92
Trd, 4319710.743, 96
Trd, 4319710.893, 78
Trd, 4319711.043, 114
Trd, 4319711.893, 63
Trd, 4319712.443, 114
Trd, 4319712.643, 115
Trd, 4319712.943, 101
Trd, 4319714.493, 133
Trd, 4319714.893, 91
Trd, 4319715.593, 77
Trd, 4319716.893, 132
Trd, 4319716.943, 131
Trd, 4319717.393, 134
Trd, 4319717.893, 133
Trd, 4319717.943, 128
Trd, 4319719.893, 64
Trd, 4319720.243, 87
Trd, 4319721.243, 131
Trd, 4319722.243, 128
Trd, 4319722.943, 115
Trd, 4319723.343, 97
Trd, 4319724.393, 60
Trd, 4319725.093, 100
Trd, 4319725.893, 68
Trd, 4319726.393, 83
Trd, 4319727.893, 73
Trd, 4319728.593, 64
Trd, 4319729.443, 60
Trd, 4319729.493, 61
Trd, 4319730.143, 74
Trd, 4319730.893, 96
Trd, 4319731.093, 110
Trd, 4319731.543, 131
Trd, 4319731.993, 63
Trd, 4319732.593, 92
Trd, 4319734.093, 76
Trd, 4319734.793, 79
Trd, 4319735.643, 97
Trd, 4319735.843, 100
Trd, 4319736.443, 107
Trd, 4319736.793, 118
Trd, 4319737.643, 93
Trd, 4319738.443, 71
Trd, 4319739.143, 132
Trd, 4319739.743, 83
Trd, 4319740.443, 89
Trd, 4319741.193, 97
Trd, 4319741.443, 78
Trd, 4319742.293, 85
Trd, 4319743.393, 81
Trd, 4319744.193, 99
Trd, 4319744.743, 108
Trd, 4319745.393, 65
Trd, 4319746.093, 60
Trd, 4319746.793, 64
Trd, 4319747.593, 64
Trd, 4319748.993, 127
Trd, 4319749.393, 123
Trd, 4319750.193, 117
Trd, 4319750.243, 111
Trd, 4319751.693, 64
Trd, 4319752.243, 140
Trd, 4319752.993, 100
Trd, 4319753.593, 130
Trd, 4319754.093, 131
Trd, 4319754.343, 87
Trd, 4319754.793, 60
Trd, 4319755.043, 68
Trd, 4319755.493, 106
Trd, 4319756.143, 88
Trd, 4319757.243, 73
Trd, 4319757.743, 119
Trd, 4319759.143, 128
Trd, 4319759.893, 94
Trd, 4319760.393, 137
Trd, 4319760.443, 90
Trd, 4319762.043, 80
Trd, 4319762.493, 135
Trd, 4319763.393, 94
Trd, 4319763.743, 93
Trd, 4319765.043, 116
Trd, 4319765.193, 108
Trd, 4319765.243, 95
Trd, 4319767.043, 120
Trd, 4319768.393, 117
Trd, 4319768.993, 135
Trd, 4319769.643, 116
Trd, 4319769.743, 110
Trd, 4319770.243, 79
Trd, 4319771.093, 61
Trd, 4319771.943, 60
Trd, 4319772.193, 60
Trd, 4319773.843, 67
Trd, 4319774.293, 125
Trd, 4319774.993, 131
Trd, 4319776.143, 114
Trd, 4319776.943, 113
Trd, 4319777.443, 127
Trd, 4319777.543, 100
Trd, 4319777.943, 98
Trd, 4319779.093, 86
Trd, 4319779.343, 88
Trd, 4319779.943, 137
Trd, 4319781.393, 98
Trd, 4319782.043, 112
Trd, 4319782.143, 105
Trd, 4319782.193, 114
Trd, 4319782.593, 72
Trd, 4319783.043, 131
Trd, 4319783.943, 80
Trd, 4319784.393, 78
Trd, 4319785.093, 61
Trd, 4319786.293, 104
Trd, 4319786.793, 88
Trd, 4319787.643, 83
Trd, 4319788.043, 80
Trd, 4319788.643, 88
Trd, 4319789.443, 139
Trd, 4319789.493, 125
Trd, 4319790.593, 60
Trd, 4319792.093, 83
Trd, 4319792.493, 108
Trd, 4319792.893, 80
Trd, 4319793.143, 75
Trd, 4319793.643, 65
Trd, 4319795.843, 60
Trd, 4319796.243, 64
Trd, 4319796.743, 126
Trd, 4319798.243, 72
Trd, 4319798.693, 94
Trd, 4319799.043, 93
Trd, 4319799.643, 62
Trd, 4319800.443, 64
Trd, 4319801.143, 105
Trd, 4319801.693, 89
Trd, 4319802.143, 136
Trd, 4319802.593, 137
Trd, 4319803.993, 138
Trd, 4319804.143, 64
Trd, 4319804.243, 63
Trd, 4319804.843, 91
Trd, 4319805.493, 62
Trd, 4319808.093, 137
Trd, 4319808.493, 117
Trd, 4319809.093, 132
Trd, 4319809.293, 115
Trd, 4319809.343, 110
Trd, 4319809.593, 94
Trd, 4319810.993, 117
Trd, 4319811.693, 85
Trd, 4319811.993, 133
Trd, 4319812.593, 62
Trd, 4319813.743, 70
Trd, 4319814.543, 110
Trd, 4319815.393, 140
Trd, 4319815.443, 139
Trd, 4319816.343, 118
Trd, 4319816.393, 101
Trd, 4319818.043, 67
Trd, 4319818.243, 63
Trd, 4319819.293, 62
Trd, 4319819.343, 76
Trd, 4319819.493, 64
Trd, 4319820.343, 60
Trd, 4319820.893, 64
Trd, 4319821.793, 69
Trd, 4319822.393, 111
Trd, 4319822.893, 96
Trd, 4319825.243, 89
Trd, 4319825.343, 72
Trd, 4319825.793, 61
Trd, 4319826.143, 122
Trd, 4319827.043, 64
Trd, 4319827.393, 115
Trd, 4319827.593, 122
Trd, 4319828.243, 99
Trd, 4319830.143, 124
Trd, 4319830.243, 75
Trd, 4319831.393, 140
Trd, 4319831.693, 140
Trd, 4319832.093, 140
Trd, 4319832.793, 117
Trd, 4319833.043, 116
Trd, 4319834.243, 111
Trd, 4319834.293, 89
Trd, 4319835.143, 98
Trd, 4319835.843, 109
Trd, 4319836.443, 124
Trd, 4319836.943, 93
Trd, 4319837.293, 90
Trd, 4319838.643, 70
Trd, 4319838.993, 80
Trd, 4319840.043, 89
Trd, 4319840.893, 84
Trd, 4319840.993, 75
Trd, 4319842.143, 90
Trd, 4319842.843, 74
Trd, 4319843.643, 82
Trd, 4319844.243, 127
Trd, 4319845.243, 113
Trd, 4319845.743, 112
Trd, 4319847.593, 111
Trd, 4319847.893, 115
Trd, 4319848.193, 107
Trd, 4319848.593, 93
Trd, 4319849.493, 84
Trd, 4319849.643, 68
Trd, 4319850.243, 113
Trd, 4319850.543, 80
Trd, 4319850.693, 67
Trd, 4319851.343, 128
Trd, 4319852.543, 93
Trd, 4319853.393, 94
Trd, 4319854.143, 70
Trd, 4319854.493, 114
Trd, 4319855.243, 98
Trd, 4319856.093, 76
Trd, 4319856.243, 120
Trd, 4319856.493, 82
Trd, 4319856.993, 123
Trd, 4319857.193, 94
Trd, 4319857.743, 73
Trd, 4319857.943, 107
Trd, 4319859.593, 74
Trd, 4319859.793, 100
Trd, 4319860.443, 119
Trd, 4319860.593, 139
Trd, 4319860.993, 87
Trd, 4319861.893, 88
Trd, 4319862.743, 97
Trd, 4319863.793, 72
Trd, 4319864.693, 135
Trd, 4319864.743, 70
Trd, 4319864.843, 97
Trd, 4319866.143, 106
Trd, 4319866.493, 102
Trd, 4319867.943, 140
Trd, 4319868.843, 106
Trd, 4319869.193, 104
Trd, 4319870.243, 113
Trd, 4319870.743, 124
Trd, 4319871.443, 101
Trd, 4319871.693, 75
Trd, 4319872.043, 101
Trd, 4319872.843, 60
Trd, 4319873.393, 74
Trd, 4319874.643, 61
Trd, 4319875.643, 61
Trd, 4319876.143, 64
Trd, 4319876.793, 64
Trd, 4319877.693, 77
Trd, 4319878.293, 125
Trd, 4319878.743, 127
Trd, 4319879.993, 98
Trd, 4319880.443, 140
Trd, 4319880.843, 82
Trd, 4319880.943, 80
Trd, 4319881.843, 60
Trd, 4319882.743, 61
Trd, 4319883.893, 65
Trd, 4319884.593, 66
Trd, 4319885.743, 95
Trd, 4319885.993, 94
Trd, 4319886.193, 93
Trd, 4319886.443, 111
Trd, 4319886.493, 93
Trd, 4319886.843, 134
Trd, 4319888.093, 88
Trd, 4319888.443, 101
Trd, 4319889.093, 112
Trd, 4319889.143, 87
Trd, 4319889.343, 101
Trd, 4319890.643, 61
Trd, 4319890.843, 66
Trd, 4319891.493, 139
Trd, 4319892.493, 103
Trd, 4319893.343, 77
Trd, 4319893.793, 110
Trd, 4319895.093, 117
Trd, 4319895.993, 63
Trd, 4319896.493, 62
Trd, 4319896.943, 63
Trd, 4319897.393, 75
Trd, 4319898.093, 80
Trd, 4319898.893, 61
Trd, 4319900.693, 117
Trd, 4319900.743, 89
Trd, 4319901.193, 110
Trd, 4319901.843, 102
Trd, 4319901.993, 96
Trd, 4319902.093, 94
Trd, 4319903.043, 63
Trd, 4319903.193, 97
Trd, 4319903.693, 137
Trd, 4319903.743, 85
Trd, 4319904.343, 77
Trd, 4319906.043, 116
Trd, 4319906.193, 110
Trd, 4319906.343, 60
Trd, 4319906.993, 101
Trd, 4319908.543, 119
Trd, 4319909.443, 111
Trd, 4319911.443, 127
Trd, 4319911.493, 106
Trd, 4319911.693, 118
Trd, 4319912.443, 126
Trd, 4319912.693, 68
Trd, 4319913.293, 80
Trd, 4319914.143, 64
Trd, 4319915.143, 71
Trd, 4319915.293, 64
Trd, 4319915.443, 65
Trd, 4319915.893, 64
Trd, 4319917.593, 73
Trd, 4319917.893, 64
Trd, 4319918.143, 79
Trd, 4319919.043, 123
Trd, 4319919.143, 70
Trd, 4319919.593, 65
Trd, 4319920.793, 94
Trd, 4319921.843, 85
Trd, 4319922.293, 90
Trd, 4319922.543, 89
Trd, 4319922.993, 74
Trd, 4319923.443, 60
Trd, 4319923.643, 75
Trd, 4319926.343, 65
Trd, 4319927.543, 75
Trd, 4319927.893, 71
Trd, 4319928.243, 127
Trd, 4319928.593, 97
Trd, 4319929.493, 117
Trd, 4319929.993, 92
Trd, 4319930.493, 97
Trd, 4319930.743, 64
Trd, 4319931.643, 113
Trd, 4319932.893, 108
Trd, 4319932.993, 102
Trd, 4319933.143, 91
Trd, 4319934.343, 63
Trd, 4319935.343, 129
Trd, 4319936.593, 86
Trd, 4319937.043, 74
Trd, 4319938.443, 82
Trd, 4319939.293, 68
Trd, 4319940.193, 60
Trd, 4319941.093, 83
Trd, 4319941.243, 82
Trd, 4319941.443, 81
Trd, 4319941.893, 79
Trd, 4319941.943, 92
Trd, 4319942.943, 99
Trd, 4319943.143, 79
Trd, 4319943.693, 78
Trd, 4319943.793, 127
Trd, 4319944.943, 140
Trd, 4319946.093, 116
Trd, 4319946.343, 93
Trd, 4319947.893, 69
Trd, 4319948.693, 65
Trd, 4319948.793, 66
Trd, 4319948.893, 102
Trd, 4319949.693, 127
Trd, 4319950.593, 116
Trd, 4319951.043, 125
Trd, 4319951.293, 97
Trd, 4319951.593, 83
Trd, 4319951.843, 64
Trd, 4319952.743, 63
Trd, 4319953.293, 73
Trd, 4319953.643, 94
Trd, 4319954.293, 60
Trd, 4319954.793, 96
Trd, 4319955.543, 77
Trd, 4319955.793, 88
Trd, 4319957.293, 86
Trd, 4319958.493, 61
Trd, 4319960.293, 80
Trd, 4319960.593, 94
Trd, 4319961.443, 60
Trd, 4319961.843, 68
Trd, 4319962.143, 113
Trd, 4319962.393, 112
Trd, 4319963.493, 108
Trd, 4319964.343, 60
Trd, 4319964.493, 63
Trd, 4319965.043, 76
Trd, 4319965.893, 79
Trd, 4319966.593, 105
Trd, 4319967.693, 139
Trd, 4319967.993, 129
Trd, 4319968.143, 114
Trd, 4319968.243, 86
Trd, 4319969.593, 79
Trd, 4319969.893, 78
Trd, 4319971.643, 86
Trd, 4319972.293, 111
Trd, 4319972.493, 85
Trd, 4319974.043, 64
Trd, 4319974.943, 131
Trd, 4319975.143, 88
Trd, 4319975.993, 91
Trd, 4319976.793, 107
Trd, 4319977.243, 105
Trd, 4319978.093, 67
Trd, 4319978.493, 110
Trd, 4319979.043, 83
Trd, 4319979.493, 76
Trd, 4319980.393, 62
Trd, 4319980.943, 60
Trd, 4319981.993, 64
Trd, 4319982.343, 60
Trd, 4319984.293, 92
Trd, 4319984.593, 93
Trd, 4319985.993, 130
Trd, 4319986.193, 110
Trd, 4319986.943, 62
Trd, 4319987.293, 62
Trd, 4319987.743, 60
Trd, 4319987.943, 95
Trd, 4319989.093, 103
Trd, 4319989.543, 83
Trd, 4319989.743, 110
Trd, 4319990.443, 97
Trd, 4319990.793, 71
Trd, 4319991.293, 60
Trd, 4319991.543, 69
Trd, 4319992.843, 75
Trd, 4319995.743, 60
Trd, 4319995.843, 64
Trd, 4319995.893, 68
Trd, 4319995.993, 71
Trd, 4319996.743, 67
Trd, 4319996.843, 82
Trd, 4319997.293, 63
Trd, 4319998.293, 65
Trd, 4319998.493, 104
Trd, 4319998.743, 89
