Trd, 4318150.443, 61
Trd, 4318150.643, 60
Trd, 4318151.543, 60
Trd, 4318152.143, 60
Trd, 4318152.293, 60
Trd, 4318153.343, 60
Trd, 4318153.393, 64
Trd, 4318155.243, 62
Trd, 4318155.843, 61
Trd, 4318156.343, 140
Trd, 4318156.893, 140
Trd, 4318158.043, 61
Trd, 4318158.843, 60
Trd, 4318159.343, 62
Trd, 4318159.443, 62
Trd, 4318159.493, 63
Trd, 4318161.493, 65
Trd, 4318161.693, 65
Trd, 4318161.993, 74
Trd, 4318162.243, 105
Trd, 4318163.043, 134
Trd, 4318163.543, 79
Trd, 4318164.243, 78
Trd, 4318164.643, 78
Trd, 4318164.693, 77
Trd, 4318165.693, 62
Trd, 4318167.643, 60
Trd, 4318167.693, 63
Trd, 4318167.843, 64
Trd, 4318169.293, 60
Trd, 4318170.843, 62
Trd, 4318171.693, 71
Trd, 4318172.593, 61
Trd, 4318172.743, 66
Trd, 4318172.893, 74
Trd, 4318174.343, 60
Trd, 4318176.143, 65
Trd, 4318176.943, 62
Trd, 4318178.143, 65
Trd, 4318178.343, 70
Trd, 4318178.493, 84
Trd, 4318179.193, 68
Trd, 4318179.693, 67
Trd, 4318179.943, 87
Trd, 4318181.693, 103
Trd, 4318181.743, 116
Trd, 4318181.893, 102
Trd, 4318182.643, 104
Trd, 4318182.843, 102
Trd, 4318183.493, 139
Trd, 4318184.543, 105
Trd, 4318184.593, 78
Trd, 4318186.193, 140
Trd, 4318186.643, 140
Trd, 4318187.093, 140
Trd, 4318187.443, 140
Trd, 4318188.543, 123
Trd, 4318189.443, 140
Trd, 4318189.843, 140
Trd, 4318190.943, 140
Trd, 4318191.293, 140
Trd, 4318191.593, 140
Trd, 4318191.893, 140
Trd, 4318191.993, 119
Trd, 4318192.493, 116
Trd, 4318193.543, 60
Trd, 4318193.743, 60
Trd, 4318194.043, 115
Trd, 4318195.293, 69
Trd, 4318195.693, 92
Trd, 4318195.743, 67
Trd, 4318196.343, 84
Trd, 4318197.243, 90
Trd, 4318199.193, 65
Trd, 4318199.243, 62
Trd, 4318199.843, 63
Trd, 4318199.993, 98
Trd, 4318200.493, 137
Trd, 4318200.693, 95
Trd, 4318200.793, 65
Trd, 4318201.593, 140
Trd, 4318201.993, 140
Trd, 4318202.343, 140
Trd, 4318203.143, 140
Trd, 4318203.843, 140
Trd, 4318203.993, 140
Trd, 4318204.143, 140
Trd, 4318204.393, 140
Trd, 4318205.243, 140
Trd, 4318206.293, 62
Trd, 4318206.443, 64
Trd, 4318207.293, 64
Trd, 4318207.793, 69
Trd, 4318208.143, 66
Trd, 4318209.843, 140
Trd, 4318209.993, 140
Trd, 4318210.593, 116
Trd, 4318211.043, 105
Trd, 4318211.643, 70
Trd, 4318212.343, 70
Trd, 4318212.443, 68
Trd, 4318212.943, 94
Trd, 4318213.243, 95
Trd, 4318213.943, 60
Trd, 4318214.643, 62
Trd, 4318215.893, 65
Trd, 4318216.093, 60
Trd, 4318220.043, 60
Trd, 4318220.543, 60
Trd, 4318220.793, 61
Trd, 4318220.943, 63
Trd, 4318221.643, 60
Trd, 4318221.693, 63
Trd, 4318222.093, 63
Trd, 4318222.193, 61
Trd, 4318222.993, 65
Trd, 4318223.543, 64
Trd, 4318224.093, 65
Trd, 4318225.843, 61
Trd, 4318228.243, 60
Trd, 4318228.443, 60
Trd, 4318228.943, 63
Trd, 4318229.393, 63
Trd, 4318229.493, 72
Trd, 4318230.293, 62
Trd, 4318230.843, 66
Trd, 4318231.243, 62
Trd, 4318231.443, 64
Trd, 4318231.893, 65
Trd, 4318232.243, 63
Trd, 4318232.393, 61
Trd, 4318232.443, 63
Trd, 4318233.143, 102
Trd, 4318233.593, 89
Trd, 4318235.893, 60
Trd, 4318236.993, 62
Trd, 4318237.793, 63
Trd, 4318238.193, 64
Trd, 4318238.543, 78
Trd, 4318238.743, 65
Trd, 4318239.743, 140
Trd, 4318240.893, 140
Trd, 4318241.193, 140
Trd, 4318242.343, 140
Trd, 4318242.793, 140
Trd, 4318243.893, 140
Trd, 4318244.193, 140
Trd, 4318244.343, 138
Trd, 4318244.743, 136
Trd, 4318245.543, 60
Trd, 4318245.593, 62
Trd, 4318246.043, 120
Trd, 4318247.543, 61
Trd, 4318248.243, 90
Trd, 4318248.543, 60
Trd, 4318249.943, 61
Trd, 4318250.793, 65
Trd, 4318251.243, 63
Trd, 4318251.293, 64
Trd, 4318251.393, 108
Trd, 4318251.493, 62
Trd, 4318253.843, 61
Trd, 4318254.243, 63
Trd, 4318255.893, 60
Trd, 4318256.243, 61
Trd, 4318256.543, 60
Trd, 4318256.643, 62
Trd, 4318256.793, 63
Trd, 4318257.843, 64
Trd, 4318258.343, 63
Trd, 4318258.993, 64
Trd, 4318259.693, 63
Trd, 4318261.093, 70
Trd, 4318261.343, 70
Trd, 4318262.293, 69
Trd, 4318262.393, 63
Trd, 4318262.793, 83
Trd, 4318263.543, 62
Trd, 4318264.493, 66
Trd, 4318264.643, 102
Trd, 4318264.793, 140
Trd, 4318267.793, 60
Trd, 4318268.193, 60
Trd, 4318268.493, 62
Trd, 4318269.743, 81
Trd, 4318270.393, 71
Trd, 4318270.443, 69
Trd, 4318270.543, 68
Trd, 4318271.843, 60
Trd, 4318272.093, 87
Trd, 4318274.643, 61
Trd, 4318275.643, 62
Trd, 4318276.193, 63
Trd, 4318277.293, 71
Trd, 4318277.343, 72
Trd, 4318277.393, 67
Trd, 4318277.593, 101
Trd, 4318277.893, 70
Trd, 4318278.393, 71
Trd, 4318278.843, 94
Trd, 4318279.493, 94
Trd, 4318280.093, 92
Trd, 4318280.593, 83
Trd, 4318280.893, 137
Trd, 4318281.293, 65
Trd, 4318282.943, 61
Trd, 4318283.593, 66
Trd, 4318284.043, 61
Trd, 4318284.993, 60
Trd, 4318285.643, 70
Trd, 4318286.893, 61
Trd, 4318288.493, 60
Trd, 4318288.643, 63
Trd, 4318289.393, 63
Trd, 4318291.393, 60
Trd, 4318291.693, 60
Trd, 4318292.993, 61
Trd, 4318293.243, 61
Trd, 4318293.893, 61
Trd, 4318294.793, 60
Trd, 4318295.093, 62
Trd, 4318296.243, 64
Trd, 4318296.843, 63
Trd, 4318297.643, 60
Trd, 4318298.393, 60
Trd, 4318298.743, 66
Trd, 4318299.343, 110
Trd, 4318300.343, 62
Trd, 4318300.493, 73
Trd, 4318304.393, 62
Trd, 4318305.193, 63
Trd, 4318305.693, 63
Trd, 4318305.943, 69
Trd, 4318309.243, 60
Trd, 4318309.393, 60
Trd, 4318309.443, 60
Trd, 4318310.143, 61
Trd, 4318310.743, 70
Trd, 4318311.793, 67
Trd, 4318312.143, 106
Trd, 4318312.593, 72
Trd, 4318312.743, 70
Trd, 4318314.793, 60
Trd, 4318316.093, 61
Trd, 4318316.343, 63
Trd, 4318317.443, 60
Trd, 4318318.143, 63
Trd, 4318319.043, 63
Trd, 4318319.193, 65
Trd, 4318319.343, 62
Trd, 4318319.493, 67
Trd, 4318320.743, 61
Trd, 4318321.993, 65
Trd, 4318322.193, 64
Trd, 4318322.343, 63
Trd, 4318322.443, 65
Trd, 4318322.993, 62
Trd, 4318323.593, 72
Trd, 4318324.593, 66
Trd, 4318325.643, 65
Trd, 4318326.893, 60
Trd, 4318327.143, 60
Trd, 4318328.593, 60
Trd, 4318329.543, 61
Trd, 4318329.793, 62
Trd, 4318330.543, 63
Trd, 4318331.493, 110
Trd, 4318331.943, 70
Trd, 4318332.643, 72
Trd, 4318332.893, 72
Trd, 4318333.693, 74
Trd, 4318334.593, 92
Trd, 4318334.843, 92
Trd, 4318336.243, 105
Trd, 4318336.543, 97
Trd, 4318338.043, 76
Trd, 4318338.093, 69
Trd, 4318338.193, 69
Trd, 4318338.243, 97
Trd, 4318338.443, 68
Trd, 4318338.593, 130
Trd, 4318338.643, 67
Trd, 4318340.043, 140
Trd, 4318340.543, 140
Trd, 4318341.043, 140
Trd, 4318341.693, 140
Trd, 4318341.993, 140
Trd, 4318343.443, 60
Trd, 4318344.493, 61
Trd, 4318345.543, 60
Trd, 4318346.093, 60
Trd, 4318346.443, 63
Trd, 4318347.343, 65
Trd, 4318350.043, 66
Trd, 4318350.143, 65
Trd, 4318350.443, 92
Trd, 4318350.893, 64
Trd, 4318351.293, 63
Trd, 4318351.693, 120
Trd, 4318352.193, 63
Trd, 4318352.843, 64
Trd, 4318353.593, 139
Trd, 4318354.343, 140
Trd, 4318354.493, 140
Trd, 4318354.943, 139
Trd, 4318356.393, 117
Trd, 4318357.193, 140
Trd, 4318357.343, 140
Trd, 4318357.893, 139
Trd, 4318358.243, 101
Trd, 4318358.593, 100
Trd, 4318359.693, 74
Trd, 4318362.143, 61
Trd, 4318362.643, 61
Trd, 4318362.743, 60
Trd, 4318362.793, 64
Trd, 4318362.893, 70
Trd, 4318363.843, 139
Trd, 4318363.993, 132
Trd, 4318366.243, 60
Trd, 4318367.093, 60
Trd, 4318367.493, 61
Trd, 4318368.543, 60
Trd, 4318369.293, 60
Trd, 4318370.143, 60
Trd, 4318371.593, 60
Trd, 4318371.693, 63
Trd, 4318372.243, 69
Trd, 4318372.593, 61
Trd, 4318372.843, 60
Trd, 4318373.243, 61
Trd, 4318374.293, 65
Trd, 4318374.393, 69
Trd, 4318374.993, 67
Trd, 4318375.293, 72
Trd, 4318375.543, 68
Trd, 4318376.043, 71
Trd, 4318376.343, 77
Trd, 4318376.793, 73
Trd, 4318379.093, 62
Trd, 4318379.993, 62
Trd, 4318380.593, 111
Trd, 4318381.443, 140
Trd, 4318381.993, 140
Trd, 4318382.493, 140
Trd, 4318382.543, 140
Trd, 4318383.593, 132
Trd, 4318383.693, 131
Trd, 4318384.343, 104
Trd, 4318384.393, 103
Trd, 4318384.893, 114
Trd, 4318386.743, 139
Trd, 4318387.043, 118
Trd, 4318387.343, 117
Trd, 4318387.693, 70
Trd, 4318387.943, 62
Trd, 4318389.443, 67
Trd, 4318390.993, 98
Trd, 4318391.093, 96
Trd, 4318391.443, 94
Trd, 4318392.193, 120
Trd, 4318393.443, 60
Trd, 4318393.793, 62
Trd, 4318394.293, 61
Trd, 4318394.343, 64
Trd, 4318395.643, 86
Trd, 4318396.743, 76
Trd, 4318397.343, 76
Trd, 4318397.393, 75
Trd, 4318397.443, 113
Trd, 4318397.593, 108
Trd, 4318398.743, 76
Trd, 4318399.143, 60
Trd, 4318400.843, 67
Trd, 4318402.293, 61
Trd, 4318402.543, 70
Trd, 4318404.093, 60
Trd, 4318404.443, 64
Trd, 4318405.343, 61
Trd, 4318406.693, 60
Trd, 4318406.893, 60
Trd, 4318406.943, 68
Trd, 4318408.043, 104
Trd, 4318408.293, 97
Trd, 4318408.643, 67
Trd, 4318409.843, 65
Trd, 4318410.543, 68
Trd, 4318411.893, 63
Trd, 4318412.543, 62
Trd, 4318413.093, 64
Trd, 4318415.493, 68
Trd, 4318415.893, 65
Trd, 4318416.043, 65
Trd, 4318416.893, 70
Trd, 4318417.843, 140
Trd, 4318417.893, 140
Trd, 4318418.643, 137
Trd, 4318418.893, 136
Trd, 4318419.143, 83
Trd, 4318419.293, 73
Trd, 4318419.943, 61
Trd, 4318421.443, 140
Trd, 4318422.193, 140
Trd, 4318422.393, 140
Trd, 4318424.143, 140
Trd, 4318424.193, 140
Trd, 4318424.693, 140
Trd, 4318424.993, 129
Trd, 4318425.043, 110
Trd, 4318427.093, 120
Trd, 4318427.393, 121
Trd, 4318427.443, 119
Trd, 4318427.893, 140
Trd, 4318428.593, 140
Trd, 4318428.793, 140
Trd, 4318428.893, 88
Trd, 4318430.443, 140
Trd, 4318430.993, 140
Trd, 4318431.043, 139
Trd, 4318431.193, 87
Trd, 4318431.493, 86
Trd, 4318432.893, 140
Trd, 4318433.693, 140
Trd, 4318433.743, 118
Trd, 4318434.893, 139
Trd, 4318434.993, 137
Trd, 4318435.593, 140
Trd, 4318435.693, 135
Trd, 4318436.393, 62
Trd, 4318437.343, 89
Trd, 4318439.093, 64
Trd, 4318439.793, 136
Trd, 4318441.093, 139
Trd, 4318441.343, 134
Trd, 4318441.393, 133
Trd, 4318441.793, 138
Trd, 4318442.443, 133
Trd, 4318443.093, 134
Trd, 4318443.493, 134
Trd, 4318443.693, 106
Trd, 4318443.943, 61
Trd, 4318445.043, 61
Trd, 4318446.093, 137
Trd, 4318446.193, 136
Trd, 4318446.993, 86
Trd, 4318447.443, 73
Trd, 4318449.043, 77
Trd, 4318450.443, 110
Trd, 4318451.793, 60
Trd, 4318453.343, 61
Trd, 4318453.493, 61
Trd, 4318454.093, 62
Trd, 4318454.293, 61
Trd, 4318454.443, 60
Trd, 4318455.193, 63
Trd, 4318455.693, 63
Trd, 4318457.093, 63
Trd, 4318457.593, 64
Trd, 4318458.293, 63
Trd, 4318458.693, 69
Trd, 4318459.893, 62
Trd, 4318460.643, 63
Trd, 4318460.993, 62
Trd, 4318462.343, 60
Trd, 4318463.493, 61
Trd, 4318464.293, 62
Trd, 4318464.443, 61
Trd, 4318465.043, 62
Trd, 4318465.943, 63
Trd, 4318466.093, 62
Trd, 4318466.293, 64
Trd, 4318466.443, 60
Trd, 4318467.543, 62
Trd, 4318467.643, 62
Trd, 4318467.993, 69
Trd, 4318469.443, 63
Trd, 4318470.343, 63
Trd, 4318470.643, 65
Trd, 4318471.193, 117
Trd, 4318471.743, 138
Trd, 4318472.643, 137
Trd, 4318473.393, 140
Trd, 4318475.043, 60
Trd, 4318475.393, 63
Trd, 4318475.693, 73
Trd, 4318476.443, 140
Trd, 4318477.093, 140
Trd, 4318477.143, 140
Trd, 4318477.293, 127
Trd, 4318478.493, 140
Trd, 4318478.593, 136
Trd, 4318479.093, 65
Trd, 4318479.393, 60
Trd, 4318482.743, 65
Trd, 4318483.143, 66
Trd, 4318483.943, 60
Trd, 4318485.443, 62
Trd, 4318485.743, 61
Trd, 4318486.143, 61
Trd, 4318486.943, 64
Trd, 4318487.343, 139
Trd, 4318487.793, 60
Trd, 4318488.293, 63
Trd, 4318488.893, 69
Trd, 4318489.543, 74
Trd, 4318489.643, 68
Trd, 4318490.443, 67
Trd, 4318490.693, 140
Trd, 4318493.343, 61
Trd, 4318493.943, 70
Trd, 4318494.543, 84
Trd, 4318494.843, 83
Trd, 4318495.293, 83
Trd, 4318495.993, 84
Trd, 4318496.193, 102
Trd, 4318496.243, 83
Trd, 4318496.693, 61
Trd, 4318498.893, 64
Trd, 4318499.143, 61
Trd, 4318500.193, 60
Trd, 4318500.543, 65
Trd, 4318503.643, 61
Trd, 4318503.793, 63
Trd, 4318504.043, 64
Trd, 4318504.393, 96
Trd, 4318504.843, 62
Trd, 4318506.243, 66
Trd, 4318506.893, 75
Trd, 4318507.343, 137
Trd, 4318507.393, 136
Trd, 4318507.943, 71
Trd, 4318508.493, 140
Trd, 4318508.543, 139
Trd, 4318509.043, 94
Trd, 4318509.993, 139
Trd, 4318510.943, 71
Trd, 4318511.243, 131
Trd, 4318512.093, 107
Trd, 4318513.093, 60
Trd, 4318514.643, 60
Trd, 4318514.893, 61
Trd, 4318515.793, 60
Trd, 4318516.743, 63
Trd, 4318517.293, 60
Trd, 4318517.993, 60
Trd, 4318519.343, 62
Trd, 4318519.493, 63
Trd, 4318520.393, 62
Trd, 4318520.743, 61
Trd, 4318521.293, 99
Trd, 4318521.493, 105
Trd, 4318521.593, 60
Trd, 4318522.993, 60
Trd, 4318524.093, 67
Trd, 4318524.243, 138
Trd, 4318524.793, 64
Trd, 4318524.893, 63
Trd, 4318525.893, 140
Trd, 4318526.193, 67
Trd, 4318527.243, 69
Trd, 4318527.293, 67
Trd, 4318528.693, 92
Trd, 4318529.743, 62
Trd, 4318529.893, 64
Trd, 4318530.443, 60
Trd, 4318530.593, 95
Trd, 4318532.593, 67
Trd, 4318533.493, 96
Trd, 4318533.743, 67
Trd, 4318533.993, 66
Trd, 4318536.193, 61
Trd, 4318536.393, 61
Trd, 4318536.893, 61
Trd, 4318537.193, 60
Trd, 4318537.793, 64
Trd, 4318538.043, 67
Trd, 4318539.093, 62
Trd, 4318539.693, 61
Trd, 4318540.243, 123
Trd, 4318540.743, 140
Trd, 4318541.493, 140
Trd, 4318542.343, 140
Trd, 4318542.993, 140
Trd, 4318543.043, 136
Trd, 4318543.093, 64
Trd, 4318543.743, 65
Trd, 4318544.143, 69
Trd, 4318545.193, 70
Trd, 4318545.243, 67
Trd, 4318546.943, 62
Trd, 4318547.493, 89
Trd, 4318549.243, 60
Trd, 4318549.943, 61
Trd, 4318550.493, 63
Trd, 4318550.893, 66
Trd, 4318551.093, 77
Trd, 4318552.393, 70
Trd, 4318552.693, 138
Trd, 4318554.093, 99
Trd, 4318554.743, 86
Trd, 4318554.993, 85
Trd, 4318555.793, 76
Trd, 4318556.343, 76
Trd, 4318556.493, 75
Trd, 4318556.743, 97
Trd, 4318557.193, 140
Trd, 4318557.493, 68
Trd, 4318557.893, 60
Trd, 4318558.793, 63
Trd, 4318559.543, 64
Trd, 4318560.443, 62
Trd, 4318562.393, 60
Trd, 4318562.693, 61
Trd, 4318563.543, 91
Trd, 4318564.593, 62
Trd, 4318565.743, 60
Trd, 4318566.193, 61
Trd, 4318566.493, 64
Trd, 4318567.543, 63
Trd, 4318567.693, 69
Trd, 4318568.493, 61
Trd, 4318568.693, 60
Trd, 4318569.693, 62
Trd, 4318569.993, 66
Trd, 4318572.843, 60
Trd, 4318572.993, 60
Trd, 4318573.693, 63
Trd, 4318574.443, 61
Trd, 4318574.543, 66
Trd, 4318575.743, 79
Trd, 4318575.793, 90
Trd, 4318575.843, 72
Trd, 4318576.393, 70
Trd, 4318578.243, 75
Trd, 4318578.343, 73
Trd, 4318578.443, 61
Trd, 4318579.193, 103
Trd, 4318579.343, 102
Trd, 4318580.993, 61
Trd, 4318581.093, 63
Trd, 4318581.693, 62
Trd, 4318581.843, 60
Trd, 4318583.293, 63
Trd, 4318583.843, 63
Trd, 4318584.943, 63
Trd, 4318586.393, 63
Trd, 4318586.443, 62
Trd, 4318586.793, 64
Trd, 4318586.943, 69
Trd, 4318587.943, 69
Trd, 4318588.943, 63
Trd, 4318589.593, 62
Trd, 4318589.743, 61
Trd, 4318589.843, 64
Trd, 4318589.993, 83
Trd, 4318590.393, 62
Trd, 4318590.943, 139
Trd, 4318593.993, 61
Trd, 4318594.443, 60
Trd, 4318596.243, 60
Trd, 4318596.643, 63
Trd, 4318599.443, 60
Trd, 4318599.643, 60
Trd, 4318599.793, 62
Trd, 4318600.043, 60
Trd, 4318600.293, 62
Trd, 4318601.093, 64
Trd, 4318601.693, 63
Trd, 4318602.143, 65
Trd, 4318602.643, 81
Trd, 4318602.943, 66
Trd, 4318604.243, 74
Trd, 4318606.393, 60
Trd, 4318606.793, 60
Trd, 4318607.693, 61
Trd, 4318607.993, 62
Trd, 4318608.043, 66
Trd, 4318608.643, 62
Trd, 4318609.993, 62
Trd, 4318610.143, 64
Trd, 4318610.493, 64
Trd, 4318610.593, 77
Trd, 4318611.543, 63
Trd, 4318612.143, 136
Trd, 4318613.593, 63
Trd, 4318614.493, 60
Trd, 4318615.193, 62
Trd, 4318616.593, 63
Trd, 4318616.743, 62
Trd, 4318616.993, 62
Trd, 4318617.543, 61
Trd, 4318617.893, 61
Trd, 4318618.543, 66
Trd, 4318618.793, 93
Trd, 4318618.993, 116
Trd, 4318619.643, 71
Trd, 4318619.693, 70
Trd, 4318621.193, 123
Trd, 4318621.493, 124
Trd, 4318622.193, 124
Trd, 4318623.193, 125
Trd, 4318623.593, 123
Trd, 4318624.243, 60
Trd, 4318624.493, 63
Trd, 4318625.043, 60
Trd, 4318626.193, 140
Trd, 4318627.143, 140
Trd, 4318627.343, 139
Trd, 4318628.693, 74
Trd, 4318629.093, 69
Trd, 4318629.493, 96
Trd, 4318629.843, 97
Trd, 4318630.593, 97
Trd, 4318630.793, 127
Trd, 4318631.993, 60
Trd, 4318633.643, 60
Trd, 4318634.393, 63
Trd, 4318634.593, 64
Trd, 4318635.593, 60
Trd, 4318635.743, 61
Trd, 4318636.543, 65
Trd, 4318636.643, 92
Trd, 4318637.293, 65
Trd, 4318637.793, 140
Trd, 4318638.193, 139
Trd, 4318640.043, 60
Trd, 4318640.443, 62
Trd, 4318642.293, 61
Trd, 4318642.893, 62
Trd, 4318643.443, 62
Trd, 4318643.693, 61
Trd, 4318644.043, 60
Trd, 4318644.693, 63
Trd, 4318645.143, 60
Trd, 4318645.393, 64
Trd, 4318646.793, 62
Trd, 4318646.993, 64
Trd, 4318647.593, 63
Trd, 4318647.893, 68
Trd, 4318648.343, 67
Trd, 4318648.693, 140
Trd, 4318649.393, 140
Trd, 4318650.093, 140
Trd, 4318650.993, 140
Trd, 4318651.293, 140
Trd, 4318651.543, 140
Trd, 4318652.093, 140
Trd, 4318652.193, 135
Trd, 4318652.943, 65
Trd, 4318653.493, 119
Trd, 4318653.893, 84
Trd, 4318654.493, 78
Trd, 4318654.843, 140
Trd, 4318655.193, 140
Trd, 4318655.293, 140
Trd, 4318657.043, 140
Trd, 4318657.343, 111
Trd, 4318657.443, 130
Trd, 4318658.493, 63
Trd, 4318659.793, 62
Trd, 4318660.443, 61
Trd, 4318662.893, 60
Trd, 4318664.043, 60
Trd, 4318664.493, 60
Trd, 4318665.093, 65
Trd, 4318665.343, 60
Trd, 4318666.043, 68
Trd, 4318666.343, 116
Trd, 4318666.493, 67
Trd, 4318666.543, 64
Trd, 4318667.793, 62
Trd, 4318668.293, 76
Trd, 4318668.993, 62
Trd, 4318669.343, 61
Trd, 4318669.443, 62
Trd, 4318669.943, 67
Trd, 4318671.693, 61
Trd, 4318672.593, 61
Trd, 4318673.193, 65
Trd, 4318675.093, 60
Trd, 4318676.443, 65
Trd, 4318679.693, 60
Trd, 4318680.293, 62
Trd, 4318680.643, 60
Trd, 4318680.943, 65
Trd, 4318681.143, 62
Trd, 4318681.543, 63
Trd, 4318681.843, 64
Trd, 4318682.993, 71
Trd, 4318683.193, 68
Trd, 4318683.543, 68
Trd, 4318683.743, 84
Trd, 4318684.343, 96
Trd, 4318685.193, 69
Trd, 4318685.393, 68
Trd, 4318685.993, 140
Trd, 4318687.043, 61
Trd, 4318687.143, 118
Trd, 4318688.393, 63
Trd, 4318689.893, 63
Trd, 4318690.793, 65
Trd, 4318690.893, 64
Trd, 4318691.943, 60
Trd, 4318692.743, 63
Trd, 4318693.143, 63
Trd, 4318693.293, 64
Trd, 4318694.443, 60
Trd, 4318695.293, 61
Trd, 4318695.693, 60
Trd, 4318696.243, 87
Trd, 4318696.393, 77
Trd, 4318697.193, 139
Trd, 4318697.243, 69
Trd, 4318699.443, 120
Trd, 4318699.743, 138
Trd, 4318699.943, 79
Trd, 4318700.443, 87
Trd, 4318701.393, 140
Trd, 4318701.493, 139
Trd, 4318702.893, 127
Trd, 4318703.093, 101
Trd, 4318703.893, 63
Trd, 4318705.593, 60
Trd, 4318706.343, 60
Trd, 4318708.043, 60
Trd, 4318708.193, 60
Trd, 4318710.143, 60
Trd, 4318710.393, 60
Trd, 4318710.593, 60
Trd, 4318710.893, 61
Trd, 4318711.443, 62
Trd, 4318711.593, 62
Trd, 4318712.493, 63
Trd, 4318712.843, 92
Trd, 4318713.393, 65
Trd, 4318713.993, 66
Trd, 4318715.843, 77
Trd, 4318715.993, 74
Trd, 4318716.443, 94
Trd, 4318716.493, 73
Trd, 4318718.493, 62
Trd, 4318719.143, 62
Trd, 4318720.393, 69
Trd, 4318720.693, 69
Trd, 4318722.093, 60
Trd, 4318722.593, 61
Trd, 4318724.793, 60
Trd, 4318724.993, 62
Trd, 4318725.343, 62
Trd, 4318725.693, 62
Trd, 4318726.293, 62
Trd, 4318726.543, 61
Trd, 4318726.593, 62
Trd, 4318727.293, 64
Trd, 4318727.343, 70
Trd, 4318728.043, 66
Trd, 4318728.743, 76
Trd, 4318729.193, 98
Trd, 4318729.393, 75
Trd, 4318729.643, 69
Trd, 4318731.343, 73
Trd, 4318733.293, 68
Trd, 4318733.743, 63
Trd, 4318735.093, 63
Trd, 4318735.793, 65
Trd, 4318737.093, 72
Trd, 4318737.343, 87
Trd, 4318737.493, 93
Trd, 4318737.593, 69
Trd, 4318738.093, 69
Trd, 4318738.193, 103
Trd, 4318738.243, 67
Trd, 4318739.243, 140
Trd, 4318739.393, 111
Trd, 4318740.693, 65
Trd, 4318741.943, 140
Trd, 4318742.243, 140
Trd, 4318743.043, 140
Trd, 4318743.143, 140
Trd, 4318743.293, 140
Trd, 4318743.743, 140
Trd, 4318744.493, 140
Trd, 4318745.593, 140
Trd, 4318745.693, 140
Trd, 4318746.093, 110
Trd, 4318746.743, 96
Trd, 4318747.743, 90
Trd, 4318749.343, 87
Trd, 4318750.693, 61
Trd, 4318751.693, 61
Trd, 4318752.043, 62
Trd, 4318752.143, 64
Trd, 4318752.443, 61
Trd, 4318753.043, 69
Trd, 4318753.243, 71
Trd, 4318753.593, 132
Trd, 4318753.643, 65
Trd, 4318755.243, 60
Trd, 4318755.943, 61
Trd, 4318755.993, 99
Trd, 4318756.793, 63
Trd, 4318756.943, 63
Trd, 4318758.543, 140
Trd, 4318758.593, 135
Trd, 4318759.043, 74
Trd, 4318759.443, 134
Trd, 4318759.493, 62
Trd, 4318760.443, 60
Trd, 4318762.343, 62
Trd, 4318762.493, 62
Trd, 4318764.543, 63
Trd, 4318764.943, 63
Trd, 4318765.193, 64
Trd, 4318765.993, 63
Trd, 4318766.443, 61
Trd, 4318766.993, 63
Trd, 4318767.193, 74
Trd, 4318767.793, 64
Trd, 4318768.243, 138
Trd, 4318769.193, 137
Trd, 4318769.843, 80
Trd, 4318770.043, 80
Trd, 4318770.143, 79
Trd, 4318770.843, 77
Trd, 4318771.743, 66
Trd, 4318772.793, 60
Trd, 4318773.093, 63
Trd, 4318776.343, 60
Trd, 4318776.693, 63
Trd, 4318776.743, 62
Trd, 4318777.193, 65
Trd, 4318777.943, 63
Trd, 4318778.093, 71
Trd, 4318778.143, 62
Trd, 4318779.093, 62
Trd, 4318779.493, 62
Trd, 4318779.793, 80
Trd, 4318780.393, 62
Trd, 4318785.043, 60
Trd, 4318785.843, 60
Trd, 4318785.943, 62
Trd, 4318786.543, 64
Trd, 4318786.643, 66
Trd, 4318786.943, 64
Trd, 4318787.793, 65
Trd, 4318788.043, 66
Trd, 4318788.393, 74
Trd, 4318789.543, 82
Trd, 4318790.043, 78
Trd, 4318790.093, 77
Trd, 4318790.543, 74
Trd, 4318791.543, 116
Trd, 4318791.843, 85
Trd, 4318792.143, 60
Trd, 4318792.893, 60
Trd, 4318793.443, 62
Trd, 4318794.093, 64
Trd, 4318796.843, 61
Trd, 4318797.093, 60
Trd, 4318797.493, 63
Trd, 4318797.793, 64
Trd, 4318797.843, 63
Trd, 4318798.543, 60
Trd, 4318799.893, 67
Trd, 4318799.943, 68
Trd, 4318800.543, 60
Trd, 4318802.693, 62
Trd, 4318802.993, 66
Trd, 4318803.393, 65
Trd, 4318804.993, 61
Trd, 4318805.293, 61
Trd, 4318805.943, 60
Trd, 4318806.193, 60
Trd, 4318807.093, 60
Trd, 4318809.043, 60
Trd, 4318809.393, 60
Trd, 4318809.793, 62
Trd, 4318809.893, 62
Trd, 4318810.193, 61
Trd, 4318810.293, 60
Trd, 4318811.893, 61
Trd, 4318812.093, 69
Trd, 4318813.243, 140
Trd, 4318813.293, 139
Trd, 4318814.843, 85
Trd, 4318816.243, 63
Trd, 4318816.543, 64
Trd, 4318817.593, 60
Trd, 4318818.943, 61
Trd, 4318819.343, 63
Trd, 4318819.593, 62
Trd, 4318820.443, 60
Trd, 4318820.993, 61
Trd, 4318821.093, 136
Trd, 4318821.993, 63
Trd, 4318822.043, 62
Trd, 4318822.093, 85
Trd, 4318822.393, 69
Trd, 4318822.693, 89
Trd, 4318824.193, 60
Trd, 4318825.293, 138
Trd, 4318826.593, 60
Trd, 4318826.643, 61
Trd, 4318826.993, 71
Trd, 4318827.743, 69
Trd, 4318827.893, 68
Trd, 4318829.043, 62
Trd, 4318830.243, 68
Trd, 4318830.393, 70
Trd, 4318830.943, 62
Trd, 4318831.093, 96
Trd, 4318832.093, 61
Trd, 4318832.643, 61
Trd, 4318833.143, 62
Trd, 4318833.643, 60
Trd, 4318835.493, 63
Trd, 4318835.593, 62
Trd, 4318836.443, 61
Trd, 4318836.743, 60
Trd, 4318836.793, 98
Trd, 4318837.343, 62
Trd, 4318841.443, 60
Trd, 4318841.743, 60
Trd, 4318841.793, 60
Trd, 4318842.143, 60
Trd, 4318842.493, 60
Trd, 4318843.043, 60
Trd, 4318843.443, 61
Trd, 4318844.743, 69
Trd, 4318845.543, 99
Trd, 4318846.343, 135
Trd, 4318846.393, 134
Trd, 4318846.543, 140
Trd, 4318847.193, 101
Trd, 4318847.843, 140
Trd, 4318848.093, 140
Trd, 4318848.293, 89
Trd, 4318848.743, 61
Trd, 4318848.943, 129
Trd, 4318850.493, 61
Trd, 4318850.743, 118
Trd, 4318852.343, 61
Trd, 4318853.143, 61
Trd, 4318854.393, 62
Trd, 4318856.293, 60
Trd, 4318856.743, 60
Trd, 4318856.793, 61
Trd, 4318858.743, 66
Trd, 4318859.643, 60
Trd, 4318860.043, 64
Trd, 4318860.193, 66
Trd, 4318860.543, 66
Trd, 4318860.793, 65
Trd, 4318861.593, 72
Trd, 4318862.693, 131
Trd, 4318863.043, 118
Trd, 4318863.343, 118
Trd, 4318863.593, 118
Trd, 4318863.643, 117
Trd, 4318864.043, 115
Trd, 4318864.243, 100
Trd, 4318865.443, 66
Trd, 4318868.343, 61
Trd, 4318868.543, 62
Trd, 4318869.593, 61
Trd, 4318870.093, 64
Trd, 4318871.843, 61
Trd, 4318872.243, 61
Trd, 4318872.643, 61
Trd, 4318872.743, 62
Trd, 4318872.993, 64
Trd, 4318873.043, 87
Trd, 4318874.193, 62
Trd, 4318875.743, 70
Trd, 4318876.043, 70
Trd, 4318876.193, 84
Trd, 4318876.843, 64
Trd, 4318877.193, 62
Trd, 4318878.393, 60
Trd, 4318878.543, 63
Trd, 4318878.643, 61
Trd, 4318879.293, 63
Trd, 4318880.593, 65
Trd, 4318881.093, 67
Trd, 4318882.093, 129
Trd, 4318882.193, 128
Trd, 4318882.843, 129
Trd, 4318882.893, 97
Trd, 4318884.293, 81
Trd, 4318885.743, 99
Trd, 4318886.493, 140
Trd, 4318886.643, 139
Trd, 4318886.843, 98
Trd, 4318887.293, 62
Trd, 4318888.393, 61
Trd, 4318888.943, 60
Trd, 4318890.343, 61
Trd, 4318891.893, 61
Trd, 4318892.193, 63
Trd, 4318892.443, 63
Trd, 4318892.643, 68
Trd, 4318893.693, 69
Trd, 4318894.093, 68
Trd, 4318894.493, 75
Trd, 4318894.993, 74
Trd, 4318895.093, 73
Trd, 4318895.243, 65
Trd, 4318895.693, 71
Trd, 4318896.493, 64
Trd, 4318897.043, 60
Trd, 4318898.743, 60
Trd, 4318900.593, 63
Trd, 4318900.743, 66
Trd, 4318901.843, 61
Trd, 4318901.993, 122
Trd, 4318902.593, 62
Trd, 4318903.893, 60
Trd, 4318904.493, 61
Trd, 4318906.243, 78
Trd, 4318906.293, 75
Trd, 4318906.343, 72
Trd, 4318906.643, 66
Trd, 4318907.543, 71
Trd, 4318907.943, 101
Trd, 4318908.843, 69
Trd, 4318909.143, 104
Trd, 4318909.493, 139
Trd, 4318910.343, 60
Trd, 4318910.493, 62
Trd, 4318910.793, 139
Trd, 4318911.643, 60
Trd, 4318914.043, 63
Trd, 4318914.843, 64
Trd, 4318915.343, 63
Trd, 4318915.893, 73
Trd, 4318916.093, 64
Trd, 4318916.493, 65
Trd, 4318917.043, 65
Trd, 4318917.293, 65
Trd, 4318919.143, 66
Trd, 4318919.293, 81
Trd, 4318919.593, 140
Trd, 4318920.143, 140
Trd, 4318920.343, 140
Trd, 4318920.393, 140
Trd, 4318921.443, 60
Trd, 4318922.043, 89
Trd, 4318922.793, 81
Trd, 4318924.343, 60
Trd, 4318924.593, 65
Trd, 4318925.793, 60
Trd, 4318928.343, 62
Trd, 4318928.443, 63
Trd, 4318928.843, 66
Trd, 4318929.493, 67
Trd, 4318931.493, 62
Trd, 4318931.543, 61
Trd, 4318931.843, 63
Trd, 4318931.993, 63
Trd, 4318932.493, 63
Trd, 4318933.743, 83
Trd, 4318934.043, 140
Trd, 4318935.643, 131
Trd, 4318935.843, 130
Trd, 4318936.193, 128
Trd, 4318937.543, 140
Trd, 4318938.093, 140
Trd, 4318938.243, 140
Trd, 4318938.993, 136
Trd, 4318939.843, 140
Trd, 4318939.943, 128
Trd, 4318940.543, 133
Trd, 4318940.693, 131
Trd, 4318941.343, 125
Trd, 4318941.493, 81
Trd, 4318942.543, 62
Trd, 4318944.593, 62
Trd, 4318944.643, 63
Trd, 4318944.943, 61
Trd, 4318945.893, 69
Trd, 4318946.643, 101
Trd, 4318947.493, 100
Trd, 4318947.693, 80
Trd, 4318947.893, 78
Trd, 4318948.443, 60
Trd, 4318949.193, 61
Trd, 4318950.193, 63
Trd, 4318951.043, 69
Trd, 4318951.893, 67
Trd, 4318952.643, 139
Trd, 4318952.843, 94
Trd, 4318953.943, 75
Trd, 4318954.143, 120
Trd, 4318954.843, 73
Trd, 4318955.343, 63
Trd, 4318955.393, 62
Trd, 4318956.893, 140
Trd, 4318956.943, 101
Trd, 4318958.243, 140
Trd, 4318958.293, 139
Trd, 4318959.143, 104
Trd, 4318959.843, 103
Trd, 4318960.043, 102
Trd, 4318960.243, 98
Trd, 4318960.493, 125
Trd, 4318961.343, 83
Trd, 4318962.293, 82
Trd, 4318964.193, 91
Trd, 4318964.443, 90
Trd, 4318964.643, 105
Trd, 4318965.143, 106
Trd, 4318965.193, 105
Trd, 4318966.193, 98
Trd, 4318967.143, 61
Trd, 4318967.193, 65
Trd, 4318967.343, 95
Trd, 4318968.093, 61
Trd, 4318969.743, 91
Trd, 4318969.793, 90
Trd, 4318970.093, 89
Trd, 4318970.293, 87
Trd, 4318970.593, 96
Trd, 4318971.793, 66
Trd, 4318973.343, 60
Trd, 4318973.543, 62
Trd, 4318973.843, 61
Trd, 4318975.043, 61
Trd, 4318975.093, 61
Trd, 4318976.243, 133
Trd, 4318976.843, 62
Trd, 4318976.943, 69
Trd, 4318977.193, 60
Trd, 4318977.243, 108
Trd, 4318978.243, 60
Trd, 4318978.643, 61
Trd, 4318980.093, 63
Trd, 4318981.043, 70
Trd, 4318981.093, 68
Trd, 4318981.293, 67
Trd, 4318982.043, 67
Trd, 4318982.343, 140
Trd, 4318983.143, 72
Trd, 4318983.893, 62
Trd, 4318985.143, 69
Trd, 4318987.093, 61
Trd, 4318987.443, 63
Trd, 4318987.693, 66
Trd, 4318987.943, 63
Trd, 4318988.493, 63
Trd, 4318988.893, 62
Trd, 4318988.993, 61
Trd, 4318990.193, 65
Trd, 4318991.093, 67
Trd, 4318991.843, 62
Trd, 4318992.693, 60
Trd, 4318992.993, 66
Trd, 4318993.093, 61
Trd, 4318993.193, 140
Trd, 4318994.543, 68
Trd, 4318994.943, 68
Trd, 4318995.093, 69
Trd, 4318995.243, 67
Trd, 4318995.943, 60
Trd, 4318997.043, 60
Trd, 4318997.593, 63
Trd, 4318999.343, 61
Trd, 4318999.943, 64
Trd, 4319000.293, 66
Trd, 4319001.143, 64
Trd, 4319001.593, 60
Trd, 4319002.743, 61
Trd, 4319003.093, 67
Trd, 4319003.643, 65
Trd, 4319004.343, 61
Trd, 4319004.593, 61
Trd, 4319004.893, 61
Trd, 4319005.843, 139
Trd, 4319006.393, 63
Trd, 4319006.643, 72
Trd, 4319006.843, 63
Trd, 4319008.343, 106
Trd, 4319008.843, 140
Trd, 4319008.943, 105
Trd, 4319009.293, 104
Trd, 4319009.743, 97
Trd, 4319010.043, 83
Trd, 4319010.943, 140
Trd, 4319011.293, 140
Trd, 4319011.793, 140
Trd, 4319012.343, 60
Trd, 4319014.543, 60
Trd, 4319014.693, 66
Trd, 4319016.043, 62
Trd, 4319016.593, 62
Trd, 4319016.993, 63
Trd, 4319017.293, 69
Trd, 4319017.443, 118
Trd, 4319017.643, 65
Trd, 4319017.843, 65
Trd, 4319019.143, 70
Trd, 4319019.693, 61
Trd, 4319020.093, 64
Trd, 4319020.443, 140
Trd, 4319022.193, 69
Trd, 4319024.143, 60
Trd, 4319024.343, 60
Trd, 4319024.643, 68
Trd, 4319026.193, 65
Trd, 4319026.493, 65
Trd, 4319026.843, 85
Trd, 4319027.293, 65
Trd, 4319027.693, 69
Trd, 4319029.293, 62
Trd, 4319030.343, 62
Trd, 4319031.143, 63
Trd, 4319031.693, 60
Trd, 4319031.943, 66
Trd, 4319034.793, 60
Trd, 4319035.293, 60
Trd, 4319036.593, 63
Trd, 4319036.893, 62
Trd, 4319037.243, 63
Trd, 4319037.693, 66
Trd, 4319038.393, 62
Trd, 4319038.593, 61
Trd, 4319039.293, 95
Trd, 4319039.643, 95
Trd, 4319040.793, 107
Trd, 4319041.043, 126
Trd, 4319041.293, 140
Trd, 4319042.243, 65
Trd, 4319043.043, 67
Trd, 4319044.243, 67
Trd, 4319045.893, 60
Trd, 4319046.193, 61
Trd, 4319047.493, 63
Trd, 4319047.743, 63
Trd, 4319048.343, 68
Trd, 4319049.043, 63
Trd, 4319050.993, 63
Trd, 4319051.593, 60
Trd, 4319053.343, 61
Trd, 4319054.043, 61
Trd, 4319054.143, 62
Trd, 4319054.293, 63
Trd, 4319054.543, 62
Trd, 4319055.043, 61
Trd, 4319056.793, 62
Trd, 4319056.943, 88
Trd, 4319057.943, 62
Trd, 4319058.193, 140
Trd, 4319059.543, 130
Trd, 4319059.643, 69
Trd, 4319060.243, 65
Trd, 4319061.793, 63
Trd, 4319062.993, 63
Trd, 4319063.643, 64
Trd, 4319063.743, 70
Trd, 4319064.043, 140
Trd, 4319064.143, 140
Trd, 4319064.543, 82
Trd, 4319065.443, 60
Trd, 4319065.543, 61
Trd, 4319066.093, 61
Trd, 4319068.243, 61
Trd, 4319068.743, 61
Trd, 4319068.793, 76
Trd, 4319069.443, 63
Trd, 4319070.443, 65
Trd, 4319070.543, 63
Trd, 4319071.493, 69
Trd, 4319071.693, 83
Trd, 4319072.793, 94
Trd, 4319072.993, 120
Trd, 4319073.093, 92
Trd, 4319073.143, 91
Trd, 4319075.693, 60
Trd, 4319076.093, 62
Trd, 4319076.643, 63
Trd, 4319076.743, 61
Trd, 4319076.993, 70
Trd, 4319077.793, 110
Trd, 4319078.143, 62
Trd, 4319078.193, 115
Trd, 4319079.943, 62
Trd, 4319081.193, 61
Trd, 4319081.393, 63
Trd, 4319081.593, 71
Trd, 4319081.893, 62
Trd, 4319082.493, 140
Trd, 4319082.743, 135
Trd, 4319084.393, 89
Trd, 4319086.243, 62
Trd, 4319087.393, 60
Trd, 4319087.543, 60
Trd, 4319087.743, 60
Trd, 4319088.193, 65
Trd, 4319088.393, 63
Trd, 4319088.543, 128
Trd, 4319089.043, 65
Trd, 4319089.843, 66
Trd, 4319090.093, 81
Trd, 4319091.093, 140
Trd, 4319091.293, 137
Trd, 4319091.493, 132
Trd, 4319092.293, 83
Trd, 4319092.443, 82
Trd, 4319094.193, 71
Trd, 4319094.993, 74
Trd, 4319095.043, 73
Trd, 4319095.143, 67
Trd, 4319095.493, 97
Trd, 4319096.043, 66
Trd, 4319096.543, 140
Trd, 4319097.843, 140
Trd, 4319098.093, 140
Trd, 4319098.543, 139
Trd, 4319099.643, 71
Trd, 4319100.193, 140
Trd, 4319100.493, 120
Trd, 4319102.443, 69
Trd, 4319102.843, 94
Trd, 4319103.193, 70
Trd, 4319103.493, 79
Trd, 4319103.593, 78
Trd, 4319104.693, 60
Trd, 4319105.643, 62
Trd, 4319105.793, 64
Trd, 4319105.993, 123
Trd, 4319106.543, 140
Trd, 4319106.693, 140
Trd, 4319106.893, 140
Trd, 4319107.743, 61
Trd, 4319110.243, 60
Trd, 4319110.443, 60
Trd, 4319113.043, 60
Trd, 4319113.093, 61
Trd, 4319113.443, 64
Trd, 4319113.543, 66
Trd, 4319113.793, 61
Trd, 4319114.443, 61
Trd, 4319115.793, 62
Trd, 4319116.393, 61
Trd, 4319116.643, 63
Trd, 4319116.693, 68
Trd, 4319117.743, 61
Trd, 4319120.493, 60
Trd, 4319120.993, 61
Trd, 4319121.593, 60
Trd, 4319121.743, 62
Trd, 4319123.493, 60
Trd, 4319124.493, 60
Trd, 4319125.693, 61
Trd, 4319125.893, 62
Trd, 4319126.343, 64
Trd, 4319127.493, 64
Trd, 4319127.743, 82
Trd, 4319127.793, 66
Trd, 4319128.243, 68
Trd, 4319128.793, 73
Trd, 4319128.893, 64
Trd, 4319129.143, 62
Trd, 4319131.043, 116
Trd, 4319131.193, 115
Trd, 4319131.543, 131
Trd, 4319131.793, 115
Trd, 4319131.993, 114
Trd, 4319132.743, 140
Trd, 4319133.543, 60
Trd, 4319135.593, 60
Trd, 4319136.093, 60
Trd, 4319137.193, 61
Trd, 4319137.543, 61
Trd, 4319139.743, 67
Trd, 4319141.593, 60
Trd, 4319141.693, 60
Trd, 4319141.793, 60
Trd, 4319143.093, 60
Trd, 4319143.193, 60
Trd, 4319143.343, 61
Trd, 4319143.743, 61
Trd, 4319144.893, 62
Trd, 4319144.993, 61
Trd, 4319145.043, 83
Trd, 4319146.393, 60
Trd, 4319147.943, 64
Trd, 4319148.143, 65
Trd, 4319149.443, 60
Trd, 4319150.893, 60
Trd, 4319151.743, 62
Trd, 4319151.793, 62
Trd, 4319152.043, 62
Trd, 4319152.093, 81
Trd, 4319152.593, 64
Trd, 4319152.893, 71
Trd, 4319153.393, 84
Trd, 4319153.543, 82
Trd, 4319154.843, 74
Trd, 4319156.043, 60
Trd, 4319157.893, 61
Trd, 4319157.943, 62
Trd, 4319158.543, 65
Trd, 4319158.893, 70
Trd, 4319159.393, 73
Trd, 4319159.543, 72
Trd, 4319160.443, 132
Trd, 4319160.843, 138
Trd, 4319161.843, 74
Trd, 4319161.943, 71
Trd, 4319162.793, 140
Trd, 4319162.843, 70
Trd, 4319163.993, 87
Trd, 4319164.893, 140
Trd, 4319165.643, 140
Trd, 4319166.443, 140
Trd, 4319166.693, 140
Trd, 4319167.043, 101
Trd, 4319167.843, 128
Trd, 4319169.293, 140
Trd, 4319169.943, 140
Trd, 4319170.243, 63
Trd, 4319170.743, 65
Trd, 4319172.443, 61
Trd, 4319172.843, 61
Trd, 4319172.893, 83
Trd, 4319173.093, 110
Trd, 4319175.143, 62
Trd, 4319176.293, 60
Trd, 4319177.493, 61
Trd, 4319177.693, 60
Trd, 4319178.393, 61
Trd, 4319178.493, 62
Trd, 4319178.993, 60
Trd, 4319179.443, 61
Trd, 4319181.143, 61
Trd, 4319181.243, 66
Trd, 4319181.943, 64
Trd, 4319181.993, 62
Trd, 4319182.193, 65
Trd, 4319182.943, 61
Trd, 4319183.393, 61
Trd, 4319185.693, 61
Trd, 4319187.043, 61
Trd, 4319188.043, 60
Trd, 4319188.293, 60
Trd, 4319188.893, 62
Trd, 4319189.193, 64
Trd, 4319189.543, 71
Trd, 4319190.143, 65
Trd, 4319190.943, 74
Trd, 4319191.043, 72
Trd, 4319191.793, 70
Trd, 4319192.443, 68
Trd, 4319193.643, 67
Trd, 4319194.043, 67
Trd, 4319194.643, 62
Trd, 4319195.293, 106
Trd, 4319195.443, 105
Trd, 4319196.043, 138
Trd, 4319196.493, 91
Trd, 4319196.543, 90
Trd, 4319198.043, 139
Trd, 4319198.543, 77
Trd, 4319198.943, 83
Trd, 4319199.343, 80
Trd, 4319199.693, 64
Trd, 4319200.743, 63
Trd, 4319201.193, 74
Trd, 4319201.493, 88
Trd, 4319202.293, 96
Trd, 4319203.693, 140
Trd, 4319203.993, 140
Trd, 4319204.143, 137
Trd, 4319204.643, 68
Trd, 4319205.293, 72
Trd, 4319207.193, 60
Trd, 4319207.343, 61
Trd, 4319207.693, 63
Trd, 4319208.893, 140
Trd, 4319209.093, 140
Trd, 4319209.193, 140
Trd, 4319209.793, 140
Trd, 4319210.743, 140
Trd, 4319210.993, 101
Trd, 4319211.043, 75
Trd, 4319211.743, 61
Trd, 4319211.993, 64
Trd, 4319213.193, 140
Trd, 4319214.393, 140
Trd, 4319214.493, 140
Trd, 4319214.643, 139
Trd, 4319217.843, 61
Trd, 4319218.043, 61
Trd, 4319218.543, 64
Trd, 4319218.893, 62
Trd, 4319218.993, 61
Trd, 4319220.643, 65
Trd, 4319220.793, 63
Trd, 4319220.993, 66
Trd, 4319221.643, 67
Trd, 4319221.993, 128
Trd, 4319222.193, 66
Trd, 4319222.693, 98
Trd, 4319224.143, 64
Trd, 4319224.493, 62
Trd, 4319225.143, 61
Trd, 4319226.143, 130
Trd, 4319226.493, 92
Trd, 4319227.843, 60
Trd, 4319228.343, 60
Trd, 4319228.843, 61
Trd, 4319229.093, 64
Trd, 4319229.293, 64
Trd, 4319229.993, 80
Trd, 4319230.343, 77
Trd, 4319231.393, 138
Trd, 4319232.443, 140
Trd, 4319232.943, 140
Trd, 4319233.893, 140
Trd, 4319234.693, 140
Trd, 4319235.943, 140
Trd, 4319236.793, 140
Trd, 4319236.993, 140
Trd, 4319237.793, 87
Trd, 4319238.093, 131
Trd, 4319238.393, 137
Trd, 4319238.743, 77
Trd, 4319239.893, 66
Trd, 4319240.043, 64
Trd, 4319240.843, 62
Trd, 4319241.093, 80
Trd, 4319241.443, 125
Trd, 4319243.043, 63
Trd, 4319243.193, 107
Trd, 4319243.443, 129
Trd, 4319245.993, 62
Trd, 4319248.043, 62
Trd, 4319248.393, 62
Trd, 4319248.593, 60
Trd, 4319249.343, 64
Trd, 4319249.393, 63
Trd, 4319249.593, 66
Trd, 4319250.293, 97
Trd, 4319250.593, 140
Trd, 4319251.093, 61
Trd, 4319252.043, 65
Trd, 4319252.693, 62
Trd, 4319253.543, 63
Trd, 4319253.793, 98
Trd, 4319254.893, 66
Trd, 4319256.743, 61
Trd, 4319258.493, 60
Trd, 4319258.893, 64
Trd, 4319259.643, 63
Trd, 4319259.693, 68
Trd, 4319260.793, 65
Trd, 4319261.443, 66
Trd, 4319261.593, 68
Trd, 4319261.743, 65
Trd, 4319261.993, 121
Trd, 4319262.793, 89
Trd, 4319264.143, 61
Trd, 4319265.243, 61
Trd, 4319266.993, 61
Trd, 4319268.143, 62
Trd, 4319268.293, 62
Trd, 4319268.493, 61
Trd, 4319268.793, 63
Trd, 4319269.543, 64
Trd, 4319269.693, 63
Trd, 4319269.893, 65
Trd, 4319271.043, 65
Trd, 4319271.193, 62
Trd, 4319271.243, 81
Trd, 4319272.693, 89
Trd, 4319272.793, 140
Trd, 4319273.193, 105
Trd, 4319273.243, 104
Trd, 4319274.293, 61
Trd, 4319277.343, 60
Trd, 4319278.593, 60
Trd, 4319278.743, 60
Trd, 4319279.843, 66
Trd, 4319280.993, 61
Trd, 4319281.493, 63
Trd, 4319281.593, 65
Trd, 4319281.743, 69
Trd, 4319283.293, 69
Trd, 4319283.643, 70
Trd, 4319283.943, 111
Trd, 4319284.243, 70
Trd, 4319284.893, 73
Trd, 4319285.243, 70
Trd, 4319285.993, 64
Trd, 4319286.993, 61
Trd, 4319287.293, 64
Trd, 4319287.743, 65
Trd, 4319288.193, 69
Trd, 4319289.193, 78
Trd, 4319290.493, 111
Trd, 4319290.843, 64
Trd, 4319291.643, 67
Trd, 4319291.843, 66
Trd, 4319292.293, 68
Trd, 4319292.743, 63
Trd, 4319293.193, 83
Trd, 4319294.843, 90
Trd, 4319295.543, 61
Trd, 4319295.893, 61
Trd, 4319296.293, 62
Trd, 4319297.743, 94
Trd, 4319298.193, 61
Trd, 4319299.393, 61
Trd, 4319299.743, 62
Trd, 4319299.993, 61
Trd, 4319300.293, 68
Trd, 4319301.643, 80
Trd, 4319301.993, 109
Trd, 4319302.243, 70
Trd, 4319302.443, 68
Trd, 4319302.543, 66
Trd, 4319303.493, 70
Trd, 4319303.693, 71
Trd, 4319304.493, 60
Trd, 4319306.343, 64
Trd, 4319306.393, 65
Trd, 4319306.743, 67
Trd, 4319307.293, 72
Trd, 4319307.643, 121
Trd, 4319310.193, 61
Trd, 4319311.343, 60
Trd, 4319312.443, 61
Trd, 4319313.043, 61
Trd, 4319313.293, 62
Trd, 4319313.393, 62
Trd, 4319314.093, 63
Trd, 4319314.343, 63
Trd, 4319316.943, 60
Trd, 4319316.993, 64
Trd, 4319318.093, 65
Trd, 4319318.843, 64
Trd, 4319319.343, 61
Trd, 4319319.443, 70
Trd, 4319320.043, 62
Trd, 4319320.393, 64
Trd, 4319320.493, 63
Trd, 4319321.493, 63
Trd, 4319322.193, 62
Trd, 4319322.643, 63
Trd, 4319322.743, 124
Trd, 4319322.993, 65
Trd, 4319324.443, 66
Trd, 4319324.643, 65
Trd, 4319325.443, 61
Trd, 4319326.843, 140
Trd, 4319327.193, 140
Trd, 4319327.593, 140
Trd, 4319327.743, 140
Trd, 4319327.893, 140
Trd, 4319329.643, 64
Trd, 4319330.843, 81
Trd, 4319331.143, 80
Trd, 4319331.293, 79
Trd, 4319332.243, 75
Trd, 4319332.643, 126
Trd, 4319333.793, 140
Trd, 4319334.043, 72
Trd, 4319335.143, 138
Trd, 4319335.293, 80
Trd, 4319335.593, 138
Trd, 4319335.643, 130
Trd, 4319336.793, 77
Trd, 4319337.293, 103
Trd, 4319340.543, 60
Trd, 4319341.343, 61
Trd, 4319341.393, 62
Trd, 4319341.943, 64
Trd, 4319342.743, 61
Trd, 4319343.343, 62
Trd, 4319343.393, 63
Trd, 4319343.843, 61
Trd, 4319344.843, 65
Trd, 4319345.943, 61
Trd, 4319346.493, 62
Trd, 4319346.943, 62
Trd, 4319347.993, 140
Trd, 4319348.243, 140
Trd, 4319348.293, 140
Trd, 4319348.593, 72
Trd, 4319349.493, 66
Trd, 4319349.843, 108
Trd, 4319350.793, 77
Trd, 4319351.393, 62
Trd, 4319352.393, 60
Trd, 4319355.143, 64
Trd, 4319355.593, 65
Trd, 4319356.443, 60
Trd, 4319357.293, 63
Trd, 4319357.443, 67
Trd, 4319358.143, 68
Trd, 4319358.193, 66
Trd, 4319358.893, 65
Trd, 4319359.543, 64
Trd, 4319360.543, 61
Trd, 4319361.543, 60
Trd, 4319361.593, 62
Trd, 4319362.443, 70
Trd, 4319363.143, 137
Trd, 4319363.543, 138
Trd, 4319363.693, 137
Trd, 4319363.793, 136
Trd, 4319364.893, 70
Trd, 4319365.543, 140
Trd, 4319365.643, 140
Trd, 4319365.843, 140
Trd, 4319366.293, 106
Trd, 4319366.843, 105
Trd, 4319368.343, 64
Trd, 4319370.093, 64
Trd, 4319370.793, 62
Trd, 4319371.893, 66
Trd, 4319372.393, 122
Trd, 4319372.443, 67
Trd, 4319372.493, 136
Trd, 4319372.593, 65
Trd, 4319372.693, 61
Trd, 4319373.693, 63
Trd, 4319375.293, 66
Trd, 4319375.443, 129
Trd, 4319376.743, 66
Trd, 4319377.893, 60
Trd, 4319378.393, 60
Trd, 4319380.393, 61
Trd, 4319380.693, 65
Trd, 4319380.993, 66
Trd, 4319381.143, 65
Trd, 4319382.343, 64
Trd, 4319382.743, 69
Trd, 4319382.943, 60
Trd, 4319383.443, 103
Trd, 4319384.143, 102
Trd, 4319385.343, 63
Trd, 4319387.993, 61
Trd, 4319388.743, 60
Trd, 4319389.093, 65
Trd, 4319390.293, 61
Trd, 4319390.393, 64
Trd, 4319391.743, 60
Trd, 4319393.143, 61
Trd, 4319394.643, 61
Trd, 4319395.093, 60
Trd, 4319395.493, 60
Trd, 4319396.343, 61
Trd, 4319397.243, 63
Trd, 4319397.293, 68
Trd, 4319397.593, 71
Trd, 4319397.793, 62
Trd, 4319398.593, 87
Trd, 4319399.443, 119
Trd, 4319399.843, 102
Trd, 4319400.443, 101
Trd, 4319400.643, 100
Trd, 4319400.843, 66
Trd, 4319402.143, 77
Trd, 4319402.543, 84
Trd, 4319402.743, 85
Trd, 4319402.893, 83
Trd, 4319403.293, 60
Trd, 4319403.443, 92
Trd, 4319405.493, 67
Trd, 4319405.593, 65
Trd, 4319407.043, 61
Trd, 4319407.643, 140
Trd, 4319408.243, 120
Trd, 4319408.443, 121
Trd, 4319408.993, 122
Trd, 4319409.893, 123
Trd, 4319410.043, 120
Trd, 4319410.293, 105
Trd, 4319411.193, 67
Trd, 4319411.793, 105
Trd, 4319413.293, 60
Trd, 4319413.843, 71
Trd, 4319414.543, 61
Trd, 4319415.343, 60
Trd, 4319416.293, 62
Trd, 4319418.843, 63
Trd, 4319418.943, 61
Trd, 4319419.143, 63
Trd, 4319419.493, 62
Trd, 4319420.043, 61
Trd, 4319420.093, 60
Trd, 4319420.443, 65
Trd, 4319421.443, 60
Trd, 4319422.343, 61
Trd, 4319424.143, 60
Trd, 4319424.393, 60
Trd, 4319425.143, 68
Trd, 4319425.243, 69
Trd, 4319426.743, 60
Trd, 4319427.043, 63
Trd, 4319427.093, 66
Trd, 4319427.593, 62
Trd, 4319428.793, 118
Trd, 4319428.893, 93
Trd, 4319430.143, 140
Trd, 4319430.493, 140
Trd, 4319431.293, 140
Trd, 4319432.293, 140
Trd, 4319432.793, 140
Trd, 4319432.843, 118
Trd, 4319434.093, 140
Trd, 4319434.443, 139
Trd, 4319434.543, 138
Trd, 4319435.893, 60
Trd, 4319435.943, 66
Trd, 4319436.793, 108
Trd, 4319437.043, 107
Trd, 4319437.893, 140
Trd, 4319438.343, 72
Trd, 4319441.493, 61
Trd, 4319441.693, 63
Trd, 4319442.193, 67
Trd, 4319442.943, 60
Trd, 4319446.493, 60
Trd, 4319448.793, 60
Trd, 4319448.943, 60
Trd, 4319449.493, 60
Trd, 4319449.693, 60
Trd, 4319449.893, 63
Trd, 4319449.943, 65
Trd, 4319450.143, 60
Trd, 4319450.743, 73
Trd, 4319451.843, 62
Trd, 4319451.993, 64
Trd, 4319452.543, 60
Trd, 4319453.043, 93
Trd, 4319453.793, 100
Trd, 4319454.193, 99
Trd, 4319456.393, 60
Trd, 4319458.693, 60
Trd, 4319459.143, 63
Trd, 4319459.893, 65
Trd, 4319460.093, 72
Trd, 4319461.943, 61
Trd, 4319462.043, 62
Trd, 4319462.393, 62
Trd, 4319462.693, 70
Trd, 4319463.143, 98
Trd, 4319463.793, 103
Trd, 4319464.243, 102
Trd, 4319464.343, 101
Trd, 4319465.093, 140
Trd, 4319465.293, 140
Trd, 4319465.693, 60
Trd, 4319466.343, 60
Trd, 4319467.993, 61
Trd, 4319469.193, 62
Trd, 4319469.693, 63
Trd, 4319470.793, 61
Trd, 4319471.043, 63
Trd, 4319472.843, 60
Trd, 4319474.843, 60
Trd, 4319474.943, 60
Trd, 4319474.993, 60
Trd, 4319476.593, 61
Trd, 4319476.693, 62
Trd, 4319477.093, 65
Trd, 4319477.443, 63
Trd, 4319477.693, 63
Trd, 4319478.843, 65
Trd, 4319478.893, 64
Trd, 4319480.143, 70
Trd, 4319480.493, 109
Trd, 4319480.893, 111
Trd, 4319481.243, 70
Trd, 4319481.343, 69
Trd, 4319481.793, 60
Trd, 4319482.693, 140
Trd, 4319483.093, 140
Trd, 4319483.843, 62
Trd, 4319485.243, 132
Trd, 4319485.593, 65
Trd, 4319486.243, 63
Trd, 4319486.493, 80
Trd, 4319486.743, 63
Trd, 4319487.593, 62
Trd, 4319488.243, 81
Trd, 4319488.543, 77
Trd, 4319490.043, 61
Trd, 4319490.793, 125
Trd, 4319490.993, 126
Trd, 4319491.443, 140
Trd, 4319491.993, 140
Trd, 4319492.043, 108
Trd, 4319493.893, 60
Trd, 4319494.293, 60
Trd, 4319494.743, 61
Trd, 4319496.443, 60
Trd, 4319496.793, 61
Trd, 4319497.543, 62
Trd, 4319497.793, 63
Trd, 4319497.943, 130
Trd, 4319498.443, 117
Trd, 4319500.093, 67
Trd, 4319502.193, 63
Trd, 4319502.293, 64
Trd, 4319502.393, 65
Trd, 4319502.543, 86
Trd, 4319503.193, 64
Trd, 4319503.493, 63
Trd, 4319503.943, 90
Trd, 4319505.693, 61
Trd, 4319505.793, 66
Trd, 4319506.993, 69
Trd, 4319507.393, 60
Trd, 4319507.593, 61
Trd, 4319508.293, 64
Trd, 4319509.843, 66
Trd, 4319509.893, 65
Trd, 4319511.993, 68
Trd, 4319512.493, 61
Trd, 4319512.843, 61
Trd, 4319512.893, 62
Trd, 4319514.493, 63
Trd, 4319514.843, 90
Trd, 4319515.343, 90
Trd, 4319515.393, 89
Trd, 4319516.843, 94
Trd, 4319517.293, 94
Trd, 4319517.343, 93
Trd, 4319519.643, 61
Trd, 4319519.943, 63
Trd, 4319520.543, 63
Trd, 4319520.793, 71
Trd, 4319521.043, 132
Trd, 4319522.443, 63
Trd, 4319522.743, 61
Trd, 4319523.543, 61
Trd, 4319523.743, 67
Trd, 4319524.243, 60
Trd, 4319524.943, 60
Trd, 4319525.193, 135
Trd, 4319525.293, 81
Trd, 4319528.043, 61
Trd, 4319529.593, 60
Trd, 4319529.693, 62
Trd, 4319530.693, 62
Trd, 4319530.893, 75
Trd, 4319530.943, 61
Trd, 4319531.693, 63
Trd, 4319532.193, 65
Trd, 4319532.643, 102
Trd, 4319532.743, 66
Trd, 4319533.243, 63
Trd, 4319534.843, 83
Trd, 4319535.343, 132
Trd, 4319535.393, 68
Trd, 4319535.643, 67
Trd, 4319536.293, 130
Trd, 4319536.943, 111
Trd, 4319537.443, 60
Trd, 4319538.943, 103
Trd, 4319539.393, 102
Trd, 4319539.843, 140
Trd, 4319540.593, 62
Trd, 4319541.693, 62
Trd, 4319542.943, 67
Trd, 4319543.193, 63
Trd, 4319543.493, 64
Trd, 4319544.643, 117
Trd, 4319545.243, 97
Trd, 4319545.893, 65
Trd, 4319546.093, 66
Trd, 4319546.243, 64
Trd, 4319546.593, 140
Trd, 4319547.793, 139
Trd, 4319548.293, 60
Trd, 4319548.643, 130
Trd, 4319551.093, 65
Trd, 4319551.143, 68
Trd, 4319552.593, 64
Trd, 4319553.443, 60
Trd, 4319553.943, 74
Trd, 4319555.043, 60
Trd, 4319555.293, 61
Trd, 4319555.893, 64
Trd, 4319556.143, 61
Trd, 4319556.343, 60
Trd, 4319556.943, 60
Trd, 4319556.993, 68
Trd, 4319557.393, 61
Trd, 4319559.243, 62
Trd, 4319560.193, 61
Trd, 4319560.943, 60
Trd, 4319561.093, 62
Trd, 4319561.193, 66
Trd, 4319561.843, 66
Trd, 4319562.093, 65
Trd, 4319562.193, 63
Trd, 4319562.643, 104
Trd, 4319563.493, 96
Trd, 4319565.393, 82
Trd, 4319565.593, 81
Trd, 4319565.793, 98
Trd, 4319566.493, 76
Trd, 4319566.743, 139
Trd, 4319566.993, 75
Trd, 4319567.893, 62
Trd, 4319568.693, 66
Trd, 4319568.893, 73
Trd, 4319569.393, 112
Trd, 4319570.143, 60
Trd, 4319570.593, 67
Trd, 4319571.093, 68
Trd, 4319571.143, 61
Trd, 4319572.193, 61
Trd, 4319573.193, 62
Trd, 4319573.343, 63
Trd, 4319573.793, 61
Trd, 4319575.293, 67
Trd, 4319575.493, 65
Trd, 4319576.143, 60
Trd, 4319576.793, 66
Trd, 4319577.443, 130
Trd, 4319579.543, 68
Trd, 4319579.643, 65
Trd, 4319579.993, 111
Trd, 4319580.543, 69
Trd, 4319580.693, 68
Trd, 4319581.043, 79
Trd, 4319581.393, 68
Trd, 4319585.793, 60
Trd, 4319587.543, 60
Trd, 4319587.743, 60
Trd, 4319588.293, 65
Trd, 4319588.393, 64
Trd, 4319588.693, 64
Trd, 4319588.843, 62
Trd, 4319589.193, 113
Trd, 4319590.593, 61
Trd, 4319591.293, 63
Trd, 4319591.893, 75
Trd, 4319592.043, 100
Trd, 4319592.093, 63
Trd, 4319592.143, 112
Trd, 4319592.993, 61
Trd, 4319594.743, 62
Trd, 4319595.293, 60
Trd, 4319595.693, 60
Trd, 4319596.793, 60
Trd, 4319598.543, 60
Trd, 4319598.743, 60
Trd, 4319599.793, 60
Trd, 4319600.393, 60
Trd, 4319601.193, 65
Trd, 4319601.343, 70
Trd, 4319601.793, 69
Trd, 4319601.843, 68
Trd, 4319602.793, 140
Trd, 4319602.943, 139
Trd, 4319603.793, 115
Trd, 4319604.193, 79
Trd, 4319604.893, 61
Trd, 4319605.093, 75
Trd, 4319605.993, 60
Trd, 4319606.043, 61
Trd, 4319606.743, 140
Trd, 4319606.943, 140
Trd, 4319607.393, 140
Trd, 4319609.193, 138
Trd, 4319609.693, 140
Trd, 4319610.693, 140
Trd, 4319610.993, 138
Trd, 4319611.193, 137
Trd, 4319611.693, 139
Trd, 4319611.843, 117
Trd, 4319612.393, 113
Trd, 4319612.643, 92
Trd, 4319613.143, 140
Trd, 4319613.843, 140
Trd, 4319614.543, 140
Trd, 4319614.593, 140
Trd, 4319614.943, 140
Trd, 4319615.343, 140
Trd, 4319615.743, 140
Trd, 4319616.243, 137
Trd, 4319618.543, 66
Trd, 4319620.293, 61
Trd, 4319620.643, 74
Trd, 4319623.243, 60
Trd, 4319623.443, 61
Trd, 4319625.443, 60
Trd, 4319625.743, 61
Trd, 4319626.193, 62
Trd, 4319626.843, 65
Trd, 4319627.143, 64
Trd, 4319627.393, 62
Trd, 4319628.343, 65
Trd, 4319628.443, 66
Trd, 4319628.693, 67
Trd, 4319628.793, 71
Trd, 4319629.943, 64
Trd, 4319630.593, 66
Trd, 4319632.643, 62
Trd, 4319633.043, 60
Trd, 4319633.643, 64
Trd, 4319635.143, 60
Trd, 4319635.493, 60
Trd, 4319635.643, 62
Trd, 4319636.593, 60
Trd, 4319636.693, 66
Trd, 4319637.493, 94
Trd, 4319637.543, 100
Trd, 4319638.943, 63
Trd, 4319640.443, 64
Trd, 4319641.543, 63
Trd, 4319643.093, 60
Trd, 4319643.643, 61
Trd, 4319644.643, 63
Trd, 4319644.993, 63
Trd, 4319645.193, 62
Trd, 4319645.243, 65
Trd, 4319645.643, 92
Trd, 4319646.593, 66
Trd, 4319647.693, 68
Trd, 4319648.743, 140
Trd, 4319648.793, 139
Trd, 4319649.193, 138
Trd, 4319649.443, 92
Trd, 4319649.993, 140
Trd, 4319651.093, 120
Trd, 4319651.793, 99
Trd, 4319652.343, 93
Trd, 4319653.093, 94
Trd, 4319653.193, 107
Trd, 4319653.993, 60
Trd, 4319654.243, 70
Trd, 4319656.143, 60
Trd, 4319656.343, 61
Trd, 4319658.993, 62
Trd, 4319659.143, 64
Trd, 4319659.793, 61
Trd, 4319661.093, 60
Trd, 4319661.493, 62
Trd, 4319661.893, 66
Trd, 4319662.843, 68
Trd, 4319662.893, 70
Trd, 4319663.593, 73
Trd, 4319664.143, 74
Trd, 4319664.393, 140
Trd, 4319664.793, 73
Trd, 4319666.293, 60
Trd, 4319666.793, 60
Trd, 4319666.893, 62
Trd, 4319667.643, 60
Trd, 4319668.493, 60
Trd, 4319669.443, 61
Trd, 4319669.493, 64
Trd, 4319670.543, 61
Trd, 4319670.893, 74
Trd, 4319671.693, 63
Trd, 4319672.643, 68
Trd, 4319674.343, 60
Trd, 4319676.543, 63
Trd, 4319677.343, 62
Trd, 4319678.693, 60
Trd, 4319679.243, 64
Trd, 4319680.193, 60
Trd, 4319680.793, 60
Trd, 4319681.393, 71
Trd, 4319682.393, 61
Trd, 4319683.293, 63
Trd, 4319683.343, 69
Trd, 4319683.893, 80
Trd, 4319684.143, 63
Trd, 4319684.493, 63
Trd, 4319684.793, 65
Trd, 4319684.843, 61
Trd, 4319685.543, 88
Trd, 4319686.043, 94
Trd, 4319686.493, 66
Trd, 4319686.843, 65
Trd, 4319688.293, 77
Trd, 4319689.393, 63
Trd, 4319690.143, 60
Trd, 4319690.943, 64
Trd, 4319692.843, 60
Trd, 4319694.543, 60
Trd, 4319694.993, 61
Trd, 4319696.843, 62
Trd, 4319698.493, 60
Trd, 4319698.643, 60
Trd, 4319698.743, 61
Trd, 4319699.443, 60
Trd, 4319700.293, 60
Trd, 4319701.143, 61
Trd, 4319702.143, 63
Trd, 4319702.393, 64
Trd, 4319702.643, 64
Trd, 4319703.443, 66
Trd, 4319703.793, 63
Trd, 4319704.343, 60
Trd, 4319705.643, 69
Trd, 4319705.693, 66
Trd, 4319706.643, 60
Trd, 4319706.993, 67
Trd, 4319708.043, 139
Trd, 4319708.493, 139
Trd, 4319709.793, 97
Trd, 4319710.193, 91
Trd, 4319710.393, 90
Trd, 4319710.443, 78
Trd, 4319711.693, 68
Trd, 4319712.443, 63
Trd, 4319713.093, 60
Trd, 4319713.143, 72
Trd, 4319713.643, 97
Trd, 4319714.043, 63
Trd, 4319714.193, 60
Trd, 4319715.493, 62
Trd, 4319715.643, 62
Trd, 4319716.093, 62
Trd, 4319717.743, 72
Trd, 4319717.793, 71
Trd, 4319718.493, 69
Trd, 4319718.643, 68
Trd, 4319720.193, 61
Trd, 4319720.693, 69
Trd, 4319721.093, 77
Trd, 4319721.193, 89
Trd, 4319723.743, 63
Trd, 4319724.393, 62
Trd, 4319724.643, 62
Trd, 4319724.693, 61
Trd, 4319724.843, 106
Trd, 4319725.043, 132
Trd, 4319726.093, 63
Trd, 4319727.393, 62
Trd, 4319727.643, 61
Trd, 4319727.943, 63
Trd, 4319728.343, 62
Trd, 4319728.743, 61
Trd, 4319730.643, 60
Trd, 4319730.693, 63
Trd, 4319732.093, 65
Trd, 4319732.943, 61
Trd, 4319733.343, 67
Trd, 4319734.043, 60
Trd, 4319736.493, 66
Trd, 4319737.843, 60
Trd, 4319738.793, 60
Trd, 4319739.193, 64
Trd, 4319739.843, 64
Trd, 4319740.193, 67
Trd, 4319740.693, 70
Trd, 4319740.943, 68
Trd, 4319741.293, 67
Trd, 4319744.243, 62
Trd, 4319744.743, 63
Trd, 4319745.393, 62
Trd, 4319745.943, 63
Trd, 4319747.293, 63
Trd, 4319747.593, 68
Trd, 4319748.293, 61
Trd, 4319748.443, 60
Trd, 4319748.893, 60
Trd, 4319749.443, 131
Trd, 4319750.593, 69
Trd, 4319750.943, 69
Trd, 4319751.193, 78
Trd, 4319752.493, 103
Trd, 4319752.693, 126
Trd, 4319752.993, 90
Trd, 4319753.293, 132
Trd, 4319753.343, 131
Trd, 4319754.943, 74
Trd, 4319755.093, 73
Trd, 4319755.643, 140
Trd, 4319757.793, 69
Trd, 4319758.543, 60
Trd, 4319758.843, 61
Trd, 4319760.243, 67
Trd, 4319760.593, 62
Trd, 4319761.493, 62
Trd, 4319761.743, 63
Trd, 4319762.243, 65
Trd, 4319763.693, 84
Trd, 4319764.243, 140
Trd, 4319764.443, 86
Trd, 4319764.493, 85
Trd, 4319764.743, 90
Trd, 4319765.043, 135
Trd, 4319765.343, 134
Trd, 4319766.343, 139
Trd, 4319766.493, 86
Trd, 4319767.643, 140
Trd, 4319768.243, 140
Trd, 4319769.593, 140
Trd, 4319769.993, 140
Trd, 4319770.043, 75
Trd, 4319770.943, 67
Trd, 4319772.093, 95
Trd, 4319772.743, 62
Trd, 4319773.743, 64
Trd, 4319773.843, 64
Trd, 4319774.093, 62
Trd, 4319774.793, 140
Trd, 4319774.943, 139
Trd, 4319776.143, 137
Trd, 4319776.243, 136
Trd, 4319777.293, 140
Trd, 4319778.093, 140
Trd, 4319778.243, 139
Trd, 4319778.493, 89
Trd, 4319778.693, 126
Trd, 4319780.043, 66
Trd, 4319781.243, 61
Trd, 4319781.643, 61
Trd, 4319783.293, 60
Trd, 4319785.393, 63
Trd, 4319785.443, 64
Trd, 4319785.643, 65
Trd, 4319785.793, 64
Trd, 4319785.893, 63
Trd, 4319786.043, 62
Trd, 4319787.443, 67
Trd, 4319788.143, 65
Trd, 4319788.193, 64
Trd, 4319789.593, 140
Trd, 4319790.093, 140
Trd, 4319790.443, 140
Trd, 4319790.793, 75
Trd, 4319791.843, 66
Trd, 4319792.493, 70
Trd, 4319794.443, 109
Trd, 4319794.593, 107
Trd, 4319795.143, 63
Trd, 4319795.243, 64
Trd, 4319795.543, 97
Trd, 4319796.693, 61
Trd, 4319796.943, 62
Trd, 4319797.293, 66
Trd, 4319797.543, 62
Trd, 4319797.693, 68
Trd, 4319800.643, 61
Trd, 4319801.443, 61
Trd, 4319801.693, 98
Trd, 4319802.493, 62
Trd, 4319802.843, 64
Trd, 4319806.093, 61
Trd, 4319806.243, 61
Trd, 4319806.443, 61
Trd, 4319806.743, 62
Trd, 4319806.993, 63
Trd, 4319807.343, 62
Trd, 4319808.243, 66
Trd, 4319808.943, 60
Trd, 4319809.943, 62
Trd, 4319810.143, 63
Trd, 4319810.343, 136
Trd, 4319811.393, 81
Trd, 4319811.743, 107
Trd, 4319813.193, 61
Trd, 4319814.443, 64
Trd, 4319815.043, 63
Trd, 4319815.393, 64
Trd, 4319815.693, 65
Trd, 4319816.543, 105
Trd, 4319816.993, 140
Trd, 4319818.293, 133
Trd, 4319818.643, 131
Trd, 4319819.243, 125
Trd, 4319819.643, 124
Trd, 4319819.843, 61
Trd, 4319820.343, 77
Trd, 4319820.943, 63
Trd, 4319822.243, 67
Trd, 4319822.493, 61
Trd, 4319824.493, 64
Trd, 4319825.393, 65
Trd, 4319825.743, 63
Trd, 4319827.143, 60
Trd, 4319827.643, 60
Trd, 4319828.543, 63
Trd, 4319829.593, 66
Trd, 4319829.693, 65
Trd, 4319830.393, 69
Trd, 4319831.193, 104
Trd, 4319831.393, 103
Trd, 4319831.593, 139
Trd, 4319831.993, 96
Trd, 4319832.193, 96
Trd, 4319832.743, 91
Trd, 4319833.693, 78
Trd, 4319834.193, 64
Trd, 4319834.643, 136
Trd, 4319835.343, 140
Trd, 4319835.643, 140
Trd, 4319835.893, 125
Trd, 4319836.793, 62
Trd, 4319838.293, 62
Trd, 4319838.993, 66
Trd, 4319841.243, 61
Trd, 4319841.293, 61
Trd, 4319842.043, 63
Trd, 4319842.443, 60
Trd, 4319843.343, 63
Trd, 4319843.743, 64
Trd, 4319843.843, 65
Trd, 4319844.143, 63
Trd, 4319844.993, 64
Trd, 4319845.593, 131
Trd, 4319846.843, 65
Trd, 4319846.943, 62
Trd, 4319847.893, 140
Trd, 4319847.993, 139
Trd, 4319848.893, 64
Trd, 4319849.193, 66
Trd, 4319849.993, 82
Trd, 4319851.193, 60
Trd, 4319855.593, 60
Trd, 4319856.343, 62
Trd, 4319856.593, 60
Trd, 4319856.743, 61
Trd, 4319856.993, 62
Trd, 4319857.093, 60
Trd, 4319857.293, 62
Trd, 4319857.743, 60
Trd, 4319858.493, 60
Trd, 4319858.543, 62
Trd, 4319859.093, 65
Trd, 4319861.093, 61
Trd, 4319861.693, 60
Trd, 4319862.943, 60
Trd, 4319863.393, 61
Trd, 4319863.543, 64
Trd, 4319864.293, 60
Trd, 4319865.143, 61
Trd, 4319865.293, 74
Trd, 4319866.343, 75
Trd, 4319866.393, 63
Trd, 4319867.493, 74
Trd, 4319867.643, 79
Trd, 4319867.943, 71
Trd, 4319868.343, 66
Trd, 4319868.643, 63
Trd, 4319869.893, 60
Trd, 4319872.093, 60
Trd, 4319872.243, 60
Trd, 4319872.843, 62
Trd, 4319873.243, 65
Trd, 4319873.343, 67
Trd, 4319873.743, 67
Trd, 4319873.943, 71
Trd, 4319874.243, 140
Trd, 4319875.493, 64
Trd, 4319876.443, 61
Trd, 4319876.843, 61
Trd, 4319877.793, 68
Trd, 4319877.943, 68
Trd, 4319878.393, 67
Trd, 4319879.393, 104
Trd, 4319879.643, 140
Trd, 4319880.543, 75
Trd, 4319880.993, 113
Trd, 4319881.693, 113
Trd, 4319882.243, 114
Trd, 4319882.943, 118
Trd, 4319882.993, 115
Trd, 4319883.043, 113
Trd, 4319883.143, 79
Trd, 4319884.193, 139
Trd, 4319884.843, 140
Trd, 4319885.493, 140
Trd, 4319887.093, 140
Trd, 4319887.393, 140
Trd, 4319887.693, 140
Trd, 4319888.393, 140
Trd, 4319888.593, 140
Trd, 4319888.943, 138
Trd, 4319890.343, 115
Trd, 4319890.643, 71
Trd, 4319891.293, 62
Trd, 4319892.093, 61
Trd, 4319892.143, 64
Trd, 4319893.493, 61
Trd, 4319893.543, 65
Trd, 4319894.943, 60
Trd, 4319895.543, 62
Trd, 4319895.843, 75
Trd, 4319895.893, 74
Trd, 4319897.993, 60
Trd, 4319898.343, 62
Trd, 4319898.393, 63
Trd, 4319898.893, 68
Trd, 4319901.843, 60
Trd, 4319902.043, 60
Trd, 4319902.543, 60
Trd, 4319903.543, 60
Trd, 4319904.193, 60
Trd, 4319905.143, 61
Trd, 4319905.793, 64
Trd, 4319907.293, 68
Trd, 4319907.493, 82
Trd, 4319907.993, 69
Trd, 4319908.343, 61
Trd, 4319909.043, 69
Trd, 4319909.293, 68
Trd, 4319909.593, 61
Trd, 4319910.093, 140
Trd, 4319911.293, 140
Trd, 4319911.693, 140
Trd, 4319911.893, 140
Trd, 4319911.943, 110
Trd, 4319914.293, 60
Trd, 4319915.193, 60
Trd, 4319915.593, 63
Trd, 4319915.843, 64
Trd, 4319915.943, 62
Trd, 4319916.693, 64
Trd, 4319917.193, 63
Trd, 4319917.393, 65
Trd, 4319917.943, 63
Trd, 4319918.343, 63
Trd, 4319918.993, 62
Trd, 4319919.593, 69
Trd, 4319921.243, 62
Trd, 4319921.643, 61
Trd, 4319922.593, 138
Trd, 4319923.093, 139
Trd, 4319923.343, 137
Trd, 4319923.793, 83
Trd, 4319924.343, 134
Trd, 4319926.043, 60
Trd, 4319926.293, 62
Trd, 4319926.943, 64
Trd, 4319928.993, 61
Trd, 4319929.843, 62
Trd, 4319929.993, 61
Trd, 4319930.093, 64
Trd, 4319930.293, 70
Trd, 4319930.593, 80
Trd, 4319931.543, 68
Trd, 4319931.993, 69
Trd, 4319932.543, 112
Trd, 4319932.593, 67
Trd, 4319932.693, 66
Trd, 4319933.893, 93
Trd, 4319934.493, 62
Trd, 4319936.743, 64
Trd, 4319937.243, 62
Trd, 4319937.643, 64
Trd, 4319938.693, 60
Trd, 4319939.343, 60
Trd, 4319940.343, 63
Trd, 4319941.693, 65
Trd, 4319941.943, 73
Trd, 4319943.993, 60
Trd, 4319945.243, 61
Trd, 4319945.693, 61
Trd, 4319945.793, 61
Trd, 4319945.993, 61
Trd, 4319946.143, 62
Trd, 4319946.993, 63
Trd, 4319947.443, 61
Trd, 4319947.743, 61
Trd, 4319947.943, 63
Trd, 4319948.293, 62
Trd, 4319948.893, 124
Trd, 4319949.143, 63
Trd, 4319951.093, 70
Trd, 4319951.693, 69
Trd, 4319951.793, 112
Trd, 4319952.443, 69
Trd, 4319952.793, 100
Trd, 4319953.293, 67
Trd, 4319954.293, 85
Trd, 4319954.643, 61
Trd, 4319955.243, 140
Trd, 4319955.443, 140
Trd, 4319957.243, 60
Trd, 4319958.293, 140
Trd, 4319958.543, 139
Trd, 4319958.693, 62
Trd, 4319959.793, 63
Trd, 4319960.343, 125
Trd, 4319961.643, 126
Trd, 4319961.693, 125
Trd, 4319962.143, 124
Trd, 4319962.193, 118
Trd, 4319963.943, 60
Trd, 4319964.943, 60
Trd, 4319965.043, 61
Trd, 4319965.143, 61
Trd, 4319965.443, 62
Trd, 4319965.893, 68
Trd, 4319966.143, 70
Trd, 4319966.693, 66
Trd, 4319968.443, 69
Trd, 4319969.143, 64
Trd, 4319969.243, 66
Trd, 4319969.393, 63
Trd, 4319969.993, 140
Trd, 4319970.893, 140
Trd, 4319971.593, 140
Trd, 4319972.043, 140
Trd, 4319972.743, 140
Trd, 4319973.293, 139
Trd, 4319973.643, 112
Trd, 4319974.043, 107
Trd, 4319974.893, 134
Trd, 4319975.343, 110
Trd, 4319975.693, 93
Trd, 4319976.343, 75
Trd, 4319976.893, 139
Trd, 4319978.043, 61
Trd, 4319978.843, 63
Trd, 4319979.093, 63
Trd, 4319979.643, 85
Trd, 4319979.993, 67
Trd, 4319980.243, 65
Trd, 4319980.593, 64
Trd, 4319981.893, 140
Trd, 4319982.493, 139
Trd, 4319982.943, 119
Trd, 4319983.143, 106
Trd, 4319983.343, 105
Trd, 4319983.493, 138
Trd, 4319983.993, 88
Trd, 4319985.443, 63
Trd, 4319986.843, 64
Trd, 4319987.443, 67
Trd, 4319988.043, 62
Trd, 4319990.093, 60
Trd, 4319991.293, 61
Trd, 4319991.593, 64
Trd, 4319991.743, 64
Trd, 4319992.443, 62
Trd, 4319993.293, 66
Trd, 4319993.893, 66
Trd, 4319994.193, 65
Trd, 4319995.493, 61
Trd, 4319995.743, 99
Trd, 4319996.643, 112
Trd, 4319996.793, 61
Trd, 4319997.943, 69
