Trd, 4317817.193, 96
Trd, 4317818.493, 96
Trd, 4317822.893, 96
Trd, 4317822.993, 94
Trd, 4317823.193, 96
Trd, 4317828.243, 95
Trd, 4317828.843, 95
Trd, 4317831.343, 95
Trd, 4317831.843, 94
Trd, 4317833.993, 108
Trd, 4317834.243, 99
Trd, 4317837.893, 99
Trd, 4317838.143, 98
Trd, 4317841.193, 99
Trd, 4317841.893, 100
Trd, 4317843.743, 96
Trd, 4317844.443, 95
Trd, 4317844.893, 100
Trd, 4317846.843, 93
Trd, 4317846.893, 94
Trd, 4317847.543, 92
Trd, 4317852.343, 92
Trd, 4317853.143, 92
Trd, 4317854.143, 126
Trd, 4317855.143, 104
Trd, 4317855.793, 92
Trd, 4317857.093, 104
Trd, 4317861.393, 103
Trd, 4317863.393, 103
Trd, 4317865.993, 103
Trd, 4317867.643, 103
Trd, 4317869.743, 101
Trd, 4317871.443, 103
Trd, 4317874.893, 100
Trd, 4317875.843, 104
Trd, 4317878.143, 101
Trd, 4317880.693, 100
Trd, 4317882.043, 102
Trd, 4317884.393, 102
Trd, 4317888.443, 99
Trd, 4317889.093, 101
Trd, 4317890.043, 101
Trd, 4317891.093, 101
Trd, 4317895.293, 100
Trd, 4317897.543, 100
Trd, 4317902.743, 97
Trd, 4317903.093, 94
Trd, 4317903.493, 91
Trd, 4317904.693, 89
Trd, 4317906.993, 87
Trd, 4317908.293, 88
Trd, 4317910.043, 88
Trd, 4317912.093, 110
Trd, 4317912.143, 103
Trd, 4317912.993, 98
Trd, 4317913.293, 106
Trd, 4317916.043, 100
Trd, 4317916.993, 101
Trd, 4317917.843, 95
Trd, 4317918.243, 108
Trd, 4317919.993, 99
Trd, 4317922.393, 91
Trd, 4317923.543, 91
Trd, 4317925.093, 91
Trd, 4317928.043, 91
Trd, 4317928.743, 90
Trd, 4317929.493, 108
Trd, 4317934.743, 94
Trd, 4317935.093, 92
Trd, 4317936.093, 94
Trd, 4317937.793, 94
Trd, 4317939.593, 105
Trd, 4317940.443, 98
Trd, 4317944.493, 97
Trd, 4317944.993, 97
Trd, 4317946.293, 97
Trd, 4317948.043, 97
Trd, 4317949.693, 96
Trd, 4317950.993, 94
Trd, 4317953.893, 95
Trd, 4317954.643, 109
Trd, 4317955.943, 97
Trd, 4317956.693, 96
Trd, 4317957.093, 96
Trd, 4317958.443, 96
Trd, 4317961.293, 93
Trd, 4317961.343, 94
Trd, 4317964.143, 93
Trd, 4317964.993, 92
Trd, 4317966.543, 92
Trd, 4317966.793, 95
Trd, 4317968.893, 100
Trd, 4317969.643, 98
Trd, 4317970.193, 96
Trd, 4317973.093, 96
Trd, 4317974.943, 96
Trd, 4317975.993, 96
Trd, 4317977.243, 105
Trd, 4317978.393, 99
Trd, 4317980.843, 99
Trd, 4317982.943, 99
Trd, 4317986.443, 98
Trd, 4317988.743, 96
Trd, 4317989.493, 95
Trd, 4317989.543, 97
Trd, 4317991.043, 97
Trd, 4317994.643, 97
Trd, 4317995.993, 96
Trd, 4317998.743, 98
Trd, 4317998.893, 98
Trd, 4318004.093, 96
Trd, 4318005.043, 98
Trd, 4318005.293, 93
Trd, 4318006.793, 97
Trd, 4318007.943, 113
Trd, 4318009.243, 110
Trd, 4318013.093, 102
Trd, 4318014.193, 101
Trd, 4318015.093, 101
Trd, 4318016.893, 103
Trd, 4318017.243, 100
Trd, 4318020.943, 103
Trd, 4318021.093, 103
Trd, 4318023.043, 102
Trd, 4318025.993, 99
Trd, 4318026.293, 99
Trd, 4318027.693, 101
Trd, 4318027.743, 101
Trd, 4318029.993, 110
Trd, 4318030.243, 104
Trd, 4318031.743, 104
Trd, 4318032.543, 102
Trd, 4318033.293, 100
Trd, 4318037.993, 95
Trd, 4318038.643, 85
Trd, 4318041.643, 85
Trd, 4318042.293, 84
Trd, 4318042.643, 86
Trd, 4318042.893, 107
Trd, 4318043.043, 123
Trd, 4318045.743, 98
Trd, 4318046.593, 98
Trd, 4318048.193, 97
Trd, 4318050.443, 100
Trd, 4318050.643, 95
Trd, 4318051.293, 95
Trd, 4318053.093, 94
Trd, 4318053.593, 93
Trd, 4318055.293, 90
Trd, 4318055.743, 92
Trd, 4318056.543, 99
Trd, 4318060.493, 92
Trd, 4318061.643, 93
Trd, 4318062.043, 93
Trd, 4318065.543, 93
Trd, 4318066.293, 94
Trd, 4318069.743, 92
Trd, 4318069.943, 94
Trd, 4318070.993, 93
Trd, 4318073.093, 91
Trd, 4318074.543, 93
Trd, 4318080.993, 93
Trd, 4318081.443, 90
Trd, 4318082.843, 93
Trd, 4318084.593, 93
Trd, 4318085.943, 104
Trd, 4318088.093, 96
Trd, 4318089.093, 99
Trd, 4318091.043, 97
Trd, 4318092.743, 97
Trd, 4318093.043, 96
Trd, 4318095.443, 95
Trd, 4318096.693, 94
Trd, 4318096.793, 95
Trd, 4318098.743, 96
Trd, 4318099.993, 100
Trd, 4318102.893, 97
Trd, 4318103.443, 87
Trd, 4318103.793, 87
Trd, 4318105.993, 117
Trd, 4318108.093, 112
Trd, 4318109.643, 113
Trd, 4318109.693, 111
Trd, 4318110.643, 122
Trd, 4318112.393, 108
Trd, 4318114.343, 101
Trd, 4318114.393, 102
Trd, 4318115.443, 109
Trd, 4318117.393, 106
Trd, 4318117.643, 106
Trd, 4318119.293, 106
Trd, 4318123.343, 106
Trd, 4318124.093, 98
Trd, 4318124.443, 102
Trd, 4318126.393, 102
Trd, 4318126.793, 102
Trd, 4318128.243, 104
Trd, 4318129.843, 97
Trd, 4318131.843, 98
Trd, 4318133.743, 95
Trd, 4318134.193, 91
Trd, 4318134.993, 100
Trd, 4318136.143, 96
Trd, 4318137.443, 111
Trd, 4318138.543, 100
Trd, 4318138.643, 100
Trd, 4318140.343, 102
Trd, 4318141.393, 112
Trd, 4318143.143, 106
Trd, 4318143.343, 106
Trd, 4318145.793, 104
Trd, 4318146.143, 100
Trd, 4318149.593, 105
Trd, 4318149.793, 104
Trd, 4318150.243, 85
Trd, 4318150.943, 103
Trd, 4318153.493, 101
Trd, 4318155.693, 102
Trd, 4318156.393, 111
Trd, 4318156.693, 105
Trd, 4318160.143, 102
Trd, 4318161.093, 102
Trd, 4318162.843, 102
Trd, 4318166.793, 102
Trd, 4318170.943, 102
Trd, 4318171.293, 101
Trd, 4318171.493, 101
Trd, 4318173.293, 107
Trd, 4318174.543, 113
Trd, 4318174.893, 106
Trd, 4318175.043, 100
Trd, 4318175.843, 107
Trd, 4318176.693, 104
Trd, 4318179.543, 97
Trd, 4318179.843, 97
Trd, 4318181.693, 95
Trd, 4318184.193, 123
Trd, 4318184.243, 107
Trd, 4318185.043, 107
Trd, 4318185.843, 104
Trd, 4318188.793, 107
Trd, 4318189.493, 103
Trd, 4318193.893, 103
Trd, 4318194.693, 106
Trd, 4318195.243, 103
Trd, 4318195.493, 106
Trd, 4318195.743, 85
Trd, 4318198.143, 103
Trd, 4318199.343, 111
Trd, 4318200.693, 110
Trd, 4318204.443, 122
Trd, 4318205.743, 98
Trd, 4318205.843, 100
Trd, 4318206.693, 96
Trd, 4318206.943, 98
Trd, 4318209.943, 102
Trd, 4318210.743, 99
Trd, 4318212.193, 101
Trd, 4318214.493, 99
Trd, 4318215.743, 98
Trd, 4318217.643, 96
Trd, 4318217.943, 96
Trd, 4318219.943, 96
Trd, 4318220.643, 96
Trd, 4318222.043, 96
Trd, 4318223.843, 95
Trd, 4318226.793, 97
Trd, 4318230.143, 96
Trd, 4318231.493, 95
Trd, 4318232.843, 94
Trd, 4318235.243, 103
Trd, 4318235.443, 96
Trd, 4318236.793, 95
Trd, 4318237.293, 111
Trd, 4318238.693, 107
Trd, 4318239.393, 103
Trd, 4318239.893, 122
Trd, 4318243.393, 108
Trd, 4318245.393, 115
Trd, 4318245.793, 107
Trd, 4318246.393, 113
Trd, 4318249.393, 105
Trd, 4318252.193, 110
Trd, 4318255.743, 112
Trd, 4318256.993, 111
Trd, 4318257.593, 110
Trd, 4318261.143, 111
Trd, 4318262.593, 109
Trd, 4318265.093, 108
Trd, 4318268.893, 111
Trd, 4318270.043, 110
Trd, 4318271.243, 107
Trd, 4318272.993, 106
Trd, 4318275.793, 110
Trd, 4318279.943, 108
Trd, 4318281.093, 109
Trd, 4318282.893, 110
Trd, 4318285.093, 110
Trd, 4318287.493, 110
Trd, 4318288.743, 106
Trd, 4318292.443, 110
Trd, 4318297.293, 107
Trd, 4318297.543, 107
Trd, 4318300.543, 104
Trd, 4318302.143, 105
Trd, 4318303.493, 103
Trd, 4318303.993, 104
Trd, 4318305.093, 102
Trd, 4318305.893, 100
Trd, 4318306.293, 102
Trd, 4318307.543, 123
Trd, 4318308.993, 101
Trd, 4318309.243, 108
Trd, 4318310.793, 85
Trd, 4318313.543, 99
Trd, 4318314.493, 103
Trd, 4318316.193, 101
Trd, 4318316.643, 97
Trd, 4318320.793, 99
Trd, 4318322.543, 113
Trd, 4318324.893, 101
Trd, 4318324.943, 103
Trd, 4318328.793, 103
Trd, 4318329.343, 99
Trd, 4318335.243, 99
Trd, 4318336.443, 100
Trd, 4318337.293, 98
Trd, 4318340.093, 97
Trd, 4318342.043, 100
Trd, 4318342.343, 97
Trd, 4318343.143, 96
Trd, 4318343.693, 97
Trd, 4318347.093, 97
Trd, 4318349.993, 96
Trd, 4318350.743, 102
Trd, 4318356.893, 98
Trd, 4318358.743, 97
Trd, 4318359.943, 96
Trd, 4318363.193, 96
Trd, 4318365.643, 97
Trd, 4318366.143, 96
Trd, 4318366.593, 101
Trd, 4318368.843, 98
Trd, 4318369.643, 97
Trd, 4318370.693, 85
Trd, 4318372.543, 109
Trd, 4318373.143, 103
Trd, 4318376.343, 100
Trd, 4318377.043, 101
Trd, 4318377.493, 99
Trd, 4318384.843, 100
Trd, 4318385.743, 119
Trd, 4318386.443, 111
Trd, 4318387.143, 109
Trd, 4318388.493, 98
Trd, 4318389.843, 102
Trd, 4318391.293, 102
Trd, 4318392.693, 102
Trd, 4318394.543, 100
Trd, 4318395.743, 99
Trd, 4318398.843, 102
Trd, 4318399.243, 103
Trd, 4318401.643, 101
Trd, 4318403.843, 102
Trd, 4318404.993, 102
Trd, 4318406.343, 109
Trd, 4318407.643, 105
Trd, 4318409.243, 106
Trd, 4318411.843, 112
Trd, 4318413.143, 109
Trd, 4318414.193, 120
Trd, 4318415.493, 105
Trd, 4318417.643, 107
Trd, 4318418.393, 107
Trd, 4318420.893, 108
Trd, 4318421.543, 122
Trd, 4318426.743, 107
Trd, 4318427.893, 108
Trd, 4318429.843, 102
Trd, 4318431.643, 108
Trd, 4318434.243, 108
Trd, 4318434.843, 106
Trd, 4318436.193, 105
Trd, 4318437.143, 98
Trd, 4318437.393, 106
Trd, 4318437.843, 102
Trd, 4318439.693, 116
Trd, 4318441.843, 102
Trd, 4318442.193, 102
Trd, 4318444.043, 103
Trd, 4318444.993, 78
Trd, 4318446.043, 95
Trd, 4318448.843, 95
Trd, 4318448.893, 98
Trd, 4318450.143, 97
Trd, 4318452.293, 95
Trd, 4318454.643, 95
Trd, 4318454.793, 94
Trd, 4318456.193, 95
Trd, 4318456.843, 85
Trd, 4318457.943, 96
Trd, 4318459.993, 111
Trd, 4318461.043, 103
Trd, 4318462.493, 105
Trd, 4318463.393, 101
Trd, 4318464.243, 94
Trd, 4318465.693, 98
Trd, 4318466.293, 110
Trd, 4318467.293, 100
Trd, 4318469.243, 103
Trd, 4318470.043, 106
Trd, 4318471.093, 104
Trd, 4318472.593, 99
Trd, 4318473.693, 99
Trd, 4318474.843, 98
Trd, 4318476.143, 97
Trd, 4318479.143, 91
Trd, 4318480.043, 91
Trd, 4318480.943, 111
Trd, 4318482.543, 95
Trd, 4318482.593, 97
Trd, 4318483.443, 99
Trd, 4318484.093, 97
Trd, 4318484.843, 95
Trd, 4318487.143, 99
Trd, 4318487.343, 106
Trd, 4318489.343, 109
Trd, 4318490.793, 85
Trd, 4318493.143, 94
Trd, 4318493.643, 95
Trd, 4318496.793, 95
Trd, 4318496.993, 95
Trd, 4318501.593, 96
Trd, 4318505.693, 96
Trd, 4318508.693, 95
Trd, 4318509.043, 93
Trd, 4318509.343, 94
Trd, 4318511.043, 91
Trd, 4318511.443, 91
Trd, 4318513.893, 101
Trd, 4318514.793, 102
Trd, 4318515.593, 98
Trd, 4318515.843, 107
Trd, 4318519.443, 100
Trd, 4318521.193, 95
Trd, 4318522.143, 96
Trd, 4318522.593, 109
Trd, 4318522.743, 108
Trd, 4318528.393, 103
Trd, 4318529.693, 101
Trd, 4318529.893, 101
Trd, 4318531.343, 103
Trd, 4318532.043, 100
Trd, 4318533.793, 96
Trd, 4318536.193, 95
Trd, 4318538.443, 95
Trd, 4318539.293, 93
Trd, 4318539.443, 99
Trd, 4318542.793, 96
Trd, 4318543.593, 95
Trd, 4318544.643, 111
Trd, 4318546.343, 97
Trd, 4318547.243, 93
Trd, 4318548.743, 98
Trd, 4318549.943, 95
Trd, 4318551.093, 105
Trd, 4318552.143, 122
Trd, 4318553.093, 98
Trd, 4318553.743, 102
Trd, 4318556.243, 107
Trd, 4318558.893, 91
Trd, 4318559.093, 94
Trd, 4318560.543, 93
Trd, 4318562.643, 100
Trd, 4318564.843, 110
Trd, 4318565.343, 100
Trd, 4318565.593, 109
Trd, 4318567.343, 113
Trd, 4318568.993, 112
Trd, 4318572.293, 101
Trd, 4318572.543, 98
Trd, 4318572.693, 103
Trd, 4318574.393, 100
Trd, 4318575.493, 105
Trd, 4318577.993, 101
Trd, 4318578.743, 92
Trd, 4318580.893, 98
Trd, 4318582.143, 95
Trd, 4318582.293, 97
Trd, 4318583.843, 97
Trd, 4318584.093, 98
Trd, 4318585.443, 98
Trd, 4318586.643, 98
Trd, 4318587.143, 99
Trd, 4318588.743, 113
Trd, 4318589.343, 108
Trd, 4318591.493, 105
Trd, 4318592.843, 98
Trd, 4318594.693, 101
Trd, 4318595.643, 99
Trd, 4318597.743, 84
Trd, 4318599.893, 100
Trd, 4318600.643, 115
Trd, 4318601.293, 100
Trd, 4318603.243, 97
Trd, 4318604.193, 97
Trd, 4318605.893, 99
Trd, 4318610.293, 90
Trd, 4318611.143, 92
Trd, 4318614.393, 89
Trd, 4318614.543, 89
Trd, 4318614.693, 108
Trd, 4318615.593, 112
Trd, 4318616.643, 103
Trd, 4318617.043, 100
Trd, 4318620.743, 99
Trd, 4318621.793, 99
Trd, 4318622.643, 98
Trd, 4318623.393, 99
Trd, 4318625.243, 108
Trd, 4318627.143, 122
Trd, 4318627.243, 106
Trd, 4318633.393, 109
Trd, 4318633.943, 103
Trd, 4318634.693, 106
Trd, 4318635.443, 105
Trd, 4318637.993, 103
Trd, 4318639.493, 102
Trd, 4318642.043, 104
Trd, 4318644.093, 102
Trd, 4318644.393, 105
Trd, 4318648.243, 105
Trd, 4318653.043, 104
Trd, 4318653.543, 101
Trd, 4318654.843, 103
Trd, 4318657.343, 101
Trd, 4318657.993, 100
Trd, 4318662.143, 101
Trd, 4318663.493, 103
Trd, 4318665.493, 100
Trd, 4318668.893, 102
Trd, 4318670.443, 99
Trd, 4318672.243, 99
Trd, 4318672.943, 101
Trd, 4318676.743, 90
Trd, 4318678.543, 102
Trd, 4318678.593, 98
Trd, 4318679.693, 96
Trd, 4318679.743, 96
Trd, 4318682.243, 110
Trd, 4318682.593, 97
Trd, 4318683.843, 122
Trd, 4318685.193, 109
Trd, 4318687.843, 107
Trd, 4318690.543, 104
Trd, 4318691.443, 107
Trd, 4318694.343, 106
Trd, 4318694.693, 105
Trd, 4318695.793, 103
Trd, 4318698.543, 96
Trd, 4318698.843, 99
Trd, 4318700.243, 99
Trd, 4318700.843, 123
Trd, 4318703.543, 104
Trd, 4318705.293, 103
Trd, 4318705.743, 102
Trd, 4318707.293, 99
Trd, 4318708.793, 99
Trd, 4318710.443, 99
Trd, 4318711.043, 98
Trd, 4318714.493, 97
Trd, 4318715.993, 96
Trd, 4318717.343, 95
Trd, 4318717.843, 96
Trd, 4318718.143, 96
Trd, 4318721.743, 96
Trd, 4318723.543, 95
Trd, 4318725.893, 94
Trd, 4318727.293, 95
Trd, 4318728.043, 93
Trd, 4318730.643, 87
Trd, 4318730.943, 85
Trd, 4318731.093, 88
Trd, 4318733.693, 88
Trd, 4318734.743, 88
Trd, 4318734.843, 89
Trd, 4318738.393, 88
Trd, 4318739.193, 89
Trd, 4318739.893, 89
Trd, 4318741.543, 89
Trd, 4318743.793, 99
Trd, 4318743.843, 98
Trd, 4318746.393, 97
Trd, 4318747.893, 96
Trd, 4318748.043, 96
Trd, 4318748.493, 96
Trd, 4318750.793, 104
Trd, 4318751.193, 103
Trd, 4318752.693, 102
Trd, 4318756.093, 108
Trd, 4318756.143, 100
Trd, 4318758.443, 99
Trd, 4318759.443, 99
Trd, 4318760.193, 99
Trd, 4318761.093, 121
Trd, 4318762.243, 105
Trd, 4318762.743, 106
Trd, 4318765.143, 105
Trd, 4318767.893, 105
Trd, 4318769.493, 103
Trd, 4318770.743, 97
Trd, 4318771.793, 96
Trd, 4318773.243, 98
Trd, 4318774.093, 107
Trd, 4318776.043, 104
Trd, 4318776.793, 104
Trd, 4318778.193, 102
Trd, 4318779.043, 99
Trd, 4318781.643, 99
Trd, 4318783.243, 100
Trd, 4318785.043, 93
Trd, 4318786.993, 98
Trd, 4318787.193, 97
Trd, 4318788.093, 94
Trd, 4318788.993, 93
Trd, 4318791.143, 93
Trd, 4318792.143, 96
Trd, 4318794.693, 109
Trd, 4318795.443, 121
Trd, 4318795.493, 114
Trd, 4318796.593, 108
Trd, 4318796.793, 106
Trd, 4318797.743, 112
Trd, 4318801.393, 111
Trd, 4318803.043, 110
Trd, 4318803.243, 89
Trd, 4318804.293, 97
Trd, 4318805.293, 95
Trd, 4318806.443, 95
Trd, 4318807.743, 95
Trd, 4318808.043, 103
Trd, 4318809.643, 98
Trd, 4318814.743, 97
Trd, 4318815.193, 98
Trd, 4318816.543, 96
Trd, 4318816.643, 98
Trd, 4318820.243, 96
Trd, 4318820.343, 97
Trd, 4318823.793, 94
Trd, 4318824.093, 94
Trd, 4318824.143, 93
Trd, 4318825.643, 101
Trd, 4318827.993, 96
Trd, 4318830.043, 95
Trd, 4318835.843, 95
Trd, 4318836.093, 95
Trd, 4318837.443, 95
Trd, 4318840.243, 93
Trd, 4318840.643, 94
Trd, 4318842.543, 94
Trd, 4318844.043, 94
Trd, 4318846.693, 94
Trd, 4318848.243, 108
Trd, 4318850.243, 96
Trd, 4318852.093, 96
Trd, 4318852.243, 99
Trd, 4318855.893, 97
Trd, 4318856.443, 92
Trd, 4318859.793, 97
Trd, 4318860.643, 97
Trd, 4318865.943, 96
Trd, 4318866.443, 96
Trd, 4318868.293, 96
Trd, 4318871.393, 96
Trd, 4318873.493, 96
Trd, 4318874.543, 97
Trd, 4318877.993, 97
Trd, 4318880.143, 89
Trd, 4318881.293, 97
Trd, 4318883.143, 90
Trd, 4318883.643, 96
Trd, 4318883.693, 96
Trd, 4318889.743, 94
Trd, 4318890.043, 94
Trd, 4318891.393, 97
Trd, 4318891.693, 95
Trd, 4318894.743, 111
Trd, 4318894.843, 112
Trd, 4318895.593, 106
Trd, 4318896.093, 113
Trd, 4318898.143, 103
Trd, 4318898.643, 103
Trd, 4318900.793, 101
Trd, 4318901.193, 101
Trd, 4318903.443, 102
Trd, 4318906.043, 103
Trd, 4318906.793, 104
Trd, 4318907.143, 104
Trd, 4318910.243, 104
Trd, 4318912.593, 99
Trd, 4318914.643, 101
Trd, 4318915.643, 86
Trd, 4318916.743, 89
Trd, 4318917.193, 91
Trd, 4318919.243, 92
Trd, 4318920.443, 90
Trd, 4318920.993, 92
Trd, 4318921.093, 91
Trd, 4318926.693, 102
Trd, 4318928.343, 94
Trd, 4318929.893, 95
Trd, 4318931.393, 95
Trd, 4318935.593, 95
Trd, 4318939.493, 95
Trd, 4318942.693, 95
Trd, 4318943.193, 94
Trd, 4318943.793, 95
Trd, 4318943.843, 94
Trd, 4318946.043, 94
Trd, 4318950.293, 94
Trd, 4318951.743, 94
Trd, 4318954.343, 94
Trd, 4318957.193, 93
Trd, 4318957.493, 94
Trd, 4318959.443, 93
Trd, 4318959.793, 92
Trd, 4318963.343, 92
Trd, 4318964.043, 92
Trd, 4318965.993, 92
Trd, 4318967.743, 108
Trd, 4318970.193, 112
Trd, 4318970.243, 101
Trd, 4318972.293, 95
Trd, 4318976.043, 95
Trd, 4318976.293, 94
Trd, 4318979.193, 95
Trd, 4318980.793, 95
Trd, 4318984.143, 94
Trd, 4318984.443, 93
Trd, 4318985.093, 108
Trd, 4318989.143, 98
Trd, 4318992.043, 102
Trd, 4318992.543, 97
Trd, 4318993.393, 97
Trd, 4318994.293, 98
Trd, 4318997.593, 98
Trd, 4318998.043, 98
Trd, 4318999.143, 85
Trd, 4319001.143, 99
Trd, 4319002.043, 98
Trd, 4319004.243, 103
Trd, 4319005.893, 105
Trd, 4319006.743, 103
Trd, 4319007.643, 103
Trd, 4319008.643, 103
Trd, 4319012.943, 103
Trd, 4319013.843, 103
Trd, 4319014.193, 102
Trd, 4319016.143, 101
Trd, 4319016.943, 100
Trd, 4319018.693, 100
Trd, 4319018.993, 101
Trd, 4319020.393, 86
Trd, 4319021.943, 94
Trd, 4319022.093, 93
Trd, 4319024.943, 94
Trd, 4319025.293, 100
Trd, 4319028.993, 90
Trd, 4319030.293, 82
Trd, 4319030.593, 89
Trd, 4319031.743, 85
Trd, 4319031.993, 84
Trd, 4319033.493, 101
Trd, 4319036.443, 87
Trd, 4319037.243, 88
Trd, 4319037.743, 101
Trd, 4319038.743, 115
Trd, 4319044.043, 100
Trd, 4319045.343, 86
Trd, 4319047.193, 99
Trd, 4319050.743, 98
Trd, 4319052.243, 98
Trd, 4319054.143, 97
Trd, 4319055.243, 98
Trd, 4319057.093, 97
Trd, 4319059.843, 96
Trd, 4319061.043, 97
Trd, 4319062.093, 98
Trd, 4319063.843, 98
Trd, 4319065.593, 96
Trd, 4319069.743, 98
Trd, 4319070.693, 98
Trd, 4319071.293, 100
Trd, 4319076.143, 99
Trd, 4319076.593, 104
Trd, 4319078.193, 114
Trd, 4319078.543, 108
Trd, 4319079.493, 124
Trd, 4319082.543, 109
Trd, 4319083.693, 110
Trd, 4319083.893, 107
Trd, 4319084.093, 86
Trd, 4319085.193, 103
Trd, 4319088.243, 100
Trd, 4319088.643, 99
Trd, 4319090.143, 102
Trd, 4319091.143, 101
Trd, 4319092.543, 104
Trd, 4319095.293, 96
Trd, 4319096.343, 95
Trd, 4319096.693, 95
Trd, 4319097.343, 95
Trd, 4319099.293, 98
Trd, 4319102.093, 93
Trd, 4319103.293, 94
Trd, 4319104.893, 93
Trd, 4319107.593, 94
Trd, 4319107.993, 115
Trd, 4319108.743, 100
Trd, 4319112.243, 100
Trd, 4319112.343, 99
Trd, 4319112.743, 113
Trd, 4319115.043, 106
Trd, 4319115.393, 104
Trd, 4319115.993, 105
Trd, 4319118.243, 103
Trd, 4319121.243, 93
Trd, 4319121.493, 95
Trd, 4319122.093, 95
Trd, 4319122.893, 121
Trd, 4319124.343, 103
Trd, 4319127.093, 103
Trd, 4319127.793, 105
Trd, 4319128.493, 103
Trd, 4319129.193, 85
Trd, 4319131.093, 100
Trd, 4319131.443, 101
Trd, 4319134.343, 100
Trd, 4319136.043, 99
Trd, 4319140.043, 100
Trd, 4319140.193, 98
Trd, 4319142.643, 97
Trd, 4319143.293, 97
Trd, 4319143.843, 99
Trd, 4319147.493, 97
Trd, 4319148.543, 99
Trd, 4319150.543, 99
Trd, 4319151.293, 96
Trd, 4319153.343, 97
Trd, 4319153.393, 97
Trd, 4319155.143, 94
Trd, 4319156.493, 92
Trd, 4319159.143, 121
Trd, 4319161.093, 104
Trd, 4319161.943, 92
Trd, 4319163.193, 99
Trd, 4319163.993, 101
Trd, 4319168.393, 95
Trd, 4319169.593, 95
Trd, 4319169.693, 99
Trd, 4319170.743, 95
Trd, 4319173.143, 95
Trd, 4319175.093, 96
Trd, 4319177.043, 93
Trd, 4319178.143, 97
Trd, 4319178.243, 98
Trd, 4319179.593, 103
Trd, 4319180.793, 94
Trd, 4319181.693, 113
Trd, 4319183.193, 125
Trd, 4319184.793, 109
Trd, 4319187.693, 113
Trd, 4319188.143, 109
Trd, 4319191.843, 110
Trd, 4319192.743, 108
Trd, 4319194.743, 112
Trd, 4319195.293, 111
Trd, 4319197.743, 114
Trd, 4319198.293, 112
Trd, 4319198.543, 109
Trd, 4319199.843, 114
Trd, 4319200.193, 116
Trd, 4319202.643, 112
Trd, 4319204.093, 116
Trd, 4319206.743, 112
Trd, 4319211.293, 116
Trd, 4319211.793, 113
Trd, 4319211.943, 111
Trd, 4319212.843, 110
Trd, 4319216.493, 110
Trd, 4319218.143, 115
Trd, 4319220.043, 111
Trd, 4319221.543, 110
Trd, 4319221.643, 109
Trd, 4319222.543, 115
Trd, 4319223.893, 106
Trd, 4319224.743, 106
Trd, 4319226.393, 107
Trd, 4319227.393, 102
Trd, 4319229.393, 95
Trd, 4319231.693, 92
Trd, 4319231.843, 94
Trd, 4319232.193, 100
Trd, 4319233.343, 105
Trd, 4319234.993, 99
Trd, 4319237.493, 98
Trd, 4319239.693, 101
Trd, 4319240.093, 99
Trd, 4319243.243, 99
Trd, 4319243.393, 98
Trd, 4319244.643, 104
Trd, 4319244.843, 102
Trd, 4319246.343, 101
Trd, 4319246.893, 101
Trd, 4319247.293, 101
Trd, 4319248.843, 98
Trd, 4319251.043, 96
Trd, 4319251.543, 85
Trd, 4319254.693, 96
Trd, 4319256.343, 96
Trd, 4319259.143, 95
Trd, 4319260.143, 96
Trd, 4319261.193, 97
Trd, 4319264.993, 97
Trd, 4319267.943, 96
Trd, 4319267.993, 95
Trd, 4319268.693, 95
Trd, 4319271.143, 95
Trd, 4319271.593, 96
Trd, 4319274.493, 108
Trd, 4319274.943, 104
Trd, 4319275.143, 102
Trd, 4319277.293, 91
Trd, 4319278.893, 102
Trd, 4319279.843, 102
Trd, 4319281.193, 113
Trd, 4319281.343, 103
Trd, 4319282.793, 107
Trd, 4319283.243, 105
Trd, 4319283.893, 111
Trd, 4319288.043, 108
Trd, 4319288.143, 123
Trd, 4319291.343, 105
Trd, 4319294.193, 100
Trd, 4319295.243, 101
Trd, 4319297.143, 92
Trd, 4319297.243, 95
Trd, 4319297.443, 95
Trd, 4319300.443, 112
Trd, 4319301.493, 105
Trd, 4319301.743, 112
Trd, 4319304.843, 106
Trd, 4319305.293, 104
Trd, 4319308.993, 90
Trd, 4319309.793, 90
Trd, 4319310.543, 92
Trd, 4319313.093, 91
Trd, 4319313.443, 91
Trd, 4319315.443, 113
Trd, 4319316.043, 112
Trd, 4319317.043, 101
Trd, 4319319.593, 89
Trd, 4319320.543, 99
Trd, 4319321.943, 95
Trd, 4319326.743, 94
Trd, 4319329.993, 94
Trd, 4319330.793, 93
Trd, 4319332.093, 94
Trd, 4319332.243, 95
Trd, 4319334.243, 94
Trd, 4319334.593, 93
Trd, 4319336.693, 91
Trd, 4319337.893, 100
Trd, 4319340.293, 94
Trd, 4319340.693, 97
Trd, 4319341.693, 96
Trd, 4319342.743, 97
Trd, 4319344.343, 96
Trd, 4319345.693, 110
Trd, 4319346.343, 89
Trd, 4319349.443, 97
Trd, 4319351.643, 95
Trd, 4319354.143, 97
Trd, 4319354.943, 97
Trd, 4319355.243, 97
Trd, 4319360.243, 95
Trd, 4319360.993, 94
Trd, 4319361.393, 113
Trd, 4319361.743, 97
Trd, 4319363.843, 105
Trd, 4319365.743, 100
Trd, 4319369.043, 107
Trd, 4319369.493, 105
Trd, 4319369.843, 105
Trd, 4319371.293, 104
Trd, 4319372.593, 100
Trd, 4319374.393, 110
Trd, 4319377.443, 98
Trd, 4319378.343, 93
Trd, 4319379.593, 91
Trd, 4319380.993, 90
Trd, 4319382.343, 97
Trd, 4319383.843, 95
Trd, 4319384.643, 96
Trd, 4319385.843, 103
Trd, 4319388.893, 103
Trd, 4319389.143, 106
Trd, 4319390.343, 110
Trd, 4319393.393, 106
Trd, 4319393.493, 107
Trd, 4319393.643, 112
Trd, 4319394.593, 95
Trd, 4319395.843, 123
Trd, 4319399.143, 102
Trd, 4319399.443, 100
Trd, 4319401.543, 93
Trd, 4319402.043, 89
Trd, 4319403.793, 87
Trd, 4319404.093, 89
Trd, 4319404.743, 88
Trd, 4319408.043, 88
Trd, 4319408.543, 89
Trd, 4319410.693, 124
Trd, 4319410.993, 104
Trd, 4319412.943, 112
Trd, 4319413.293, 107
Trd, 4319415.043, 108
Trd, 4319417.443, 109
Trd, 4319417.893, 109
Trd, 4319418.443, 107
Trd, 4319419.743, 107
Trd, 4319423.893, 101
Trd, 4319424.343, 113
Trd, 4319424.593, 123
Trd, 4319425.293, 108
Trd, 4319427.943, 109
Trd, 4319428.143, 110
Trd, 4319428.593, 111
Trd, 4319430.843, 101
Trd, 4319431.243, 105
Trd, 4319431.693, 97
Trd, 4319434.343, 99
Trd, 4319437.393, 97
Trd, 4319438.843, 104
Trd, 4319441.193, 107
Trd, 4319442.193, 103
Trd, 4319444.393, 105
Trd, 4319444.593, 103
Trd, 4319445.093, 108
Trd, 4319446.843, 108
Trd, 4319447.843, 129
Trd, 4319451.193, 112
Trd, 4319451.993, 115
Trd, 4319453.943, 113
Trd, 4319457.143, 109
Trd, 4319457.943, 111
Trd, 4319458.643, 113
Trd, 4319462.293, 113
Trd, 4319465.393, 111
Trd, 4319467.843, 112
Trd, 4319469.293, 112
Trd, 4319469.643, 113
Trd, 4319471.243, 111
Trd, 4319473.193, 111
Trd, 4319475.093, 112
Trd, 4319476.093, 111
Trd, 4319477.343, 112
Trd, 4319478.093, 112
Trd, 4319479.543, 120
Trd, 4319479.793, 113
Trd, 4319482.243, 123
Trd, 4319483.143, 116
Trd, 4319483.843, 115
Trd, 4319488.993, 112
Trd, 4319493.893, 93
Trd, 4319493.943, 95
Trd, 4319494.243, 114
Trd, 4319496.693, 109
Trd, 4319496.943, 124
Trd, 4319497.093, 105
Trd, 4319499.643, 103
Trd, 4319500.943, 106
Trd, 4319501.443, 104
Trd, 4319503.293, 85
Trd, 4319503.643, 101
Trd, 4319506.593, 100
Trd, 4319507.393, 99
Trd, 4319508.493, 99
Trd, 4319510.893, 99
Trd, 4319513.093, 98
Trd, 4319513.943, 99
Trd, 4319515.393, 96
Trd, 4319518.143, 102
Trd, 4319518.443, 103
Trd, 4319519.743, 105
Trd, 4319524.493, 112
Trd, 4319524.693, 110
Trd, 4319525.993, 107
Trd, 4319526.493, 85
Trd, 4319526.793, 125
Trd, 4319531.093, 105
Trd, 4319531.943, 111
Trd, 4319533.643, 110
Trd, 4319536.093, 104
Trd, 4319536.493, 103
Trd, 4319539.893, 94
Trd, 4319540.993, 91
Trd, 4319541.843, 87
Trd, 4319543.093, 88
Trd, 4319543.893, 88
Trd, 4319546.393, 87
Trd, 4319546.693, 87
Trd, 4319546.893, 122
Trd, 4319548.343, 96
Trd, 4319551.293, 93
Trd, 4319551.843, 98
Trd, 4319553.293, 104
Trd, 4319554.243, 102
Trd, 4319556.343, 114
Trd, 4319556.393, 108
Trd, 4319560.393, 104
Trd, 4319560.943, 105
Trd, 4319561.743, 103
Trd, 4319562.893, 101
Trd, 4319563.893, 100
Trd, 4319564.593, 102
Trd, 4319568.793, 96
Trd, 4319570.393, 102
Trd, 4319570.643, 101
Trd, 4319575.893, 99
Trd, 4319576.093, 98
Trd, 4319576.493, 95
Trd, 4319577.243, 97
Trd, 4319578.393, 95
Trd, 4319580.243, 102
Trd, 4319581.393, 87
Trd, 4319583.193, 91
Trd, 4319585.393, 89
Trd, 4319586.893, 112
Trd, 4319588.543, 97
Trd, 4319588.593, 98
Trd, 4319591.643, 96
Trd, 4319592.393, 110
Trd, 4319594.193, 101
Trd, 4319596.493, 109
Trd, 4319597.193, 103
Trd, 4319597.893, 104
Trd, 4319597.993, 106
Trd, 4319599.443, 112
Trd, 4319599.593, 110
Trd, 4319601.293, 100
Trd, 4319604.043, 102
Trd, 4319604.343, 103
Trd, 4319607.193, 102
Trd, 4319608.093, 101
Trd, 4319610.343, 102
Trd, 4319610.393, 102
Trd, 4319611.293, 97
Trd, 4319611.893, 102
Trd, 4319613.343, 95
Trd, 4319615.943, 96
Trd, 4319616.943, 96
Trd, 4319618.343, 94
Trd, 4319619.493, 94
Trd, 4319621.643, 94
Trd, 4319623.093, 94
Trd, 4319625.943, 108
Trd, 4319627.193, 102
Trd, 4319629.343, 102
Trd, 4319629.393, 99
Trd, 4319630.243, 122
Trd, 4319633.793, 107
Trd, 4319634.043, 103
Trd, 4319638.993, 103
Trd, 4319639.093, 103
Trd, 4319639.343, 98
Trd, 4319641.043, 97
Trd, 4319641.743, 100
Trd, 4319643.543, 100
Trd, 4319644.843, 99
Trd, 4319646.443, 98
Trd, 4319648.493, 100
Trd, 4319649.743, 101
Trd, 4319650.093, 100
Trd, 4319651.343, 101
Trd, 4319652.593, 115
Trd, 4319653.293, 105
Trd, 4319654.293, 110
Trd, 4319655.643, 110
Trd, 4319656.543, 96
Trd, 4319658.243, 98
Trd, 4319659.543, 100
Trd, 4319660.843, 97
Trd, 4319660.943, 98
Trd, 4319662.743, 106
Trd, 4319663.643, 104
Trd, 4319667.343, 104
Trd, 4319667.993, 104
Trd, 4319669.043, 99
Trd, 4319670.593, 98
Trd, 4319670.743, 85
Trd, 4319672.193, 99
Trd, 4319672.443, 122
Trd, 4319674.443, 108
Trd, 4319674.843, 103
Trd, 4319676.943, 100
Trd, 4319679.443, 104
Trd, 4319682.143, 102
Trd, 4319683.893, 102
Trd, 4319686.643, 99
Trd, 4319689.793, 98
Trd, 4319690.243, 102
Trd, 4319692.393, 101
Trd, 4319693.393, 101
Trd, 4319695.293, 101
Trd, 4319695.543, 102
Trd, 4319696.293, 108
Trd, 4319700.543, 100
Trd, 4319703.493, 99
Trd, 4319704.643, 102
Trd, 4319705.393, 102
Trd, 4319708.543, 103
Trd, 4319709.843, 99
Trd, 4319711.793, 102
Trd, 4319711.943, 102
Trd, 4319714.393, 101
Trd, 4319714.693, 98
Trd, 4319716.243, 94
Trd, 4319718.293, 89
Trd, 4319718.793, 95
Trd, 4319719.343, 92
Trd, 4319721.293, 92
Trd, 4319722.593, 92
Trd, 4319724.293, 91
Trd, 4319725.893, 91
Trd, 4319727.193, 106
Trd, 4319728.393, 87
Trd, 4319729.243, 94
Trd, 4319730.943, 95
Trd, 4319733.893, 95
Trd, 4319734.193, 105
Trd, 4319736.143, 98
Trd, 4319738.343, 99
Trd, 4319741.493, 99
Trd, 4319741.543, 97
Trd, 4319742.443, 99
Trd, 4319744.193, 99
Trd, 4319744.743, 95
Trd, 4319747.643, 94
Trd, 4319747.843, 99
Trd, 4319749.493, 112
Trd, 4319752.043, 99
Trd, 4319753.293, 99
Trd, 4319754.943, 93
Trd, 4319755.593, 90
Trd, 4319755.643, 104
Trd, 4319756.893, 93
Trd, 4319757.093, 85
Trd, 4319760.743, 110
Trd, 4319761.193, 106
Trd, 4319762.093, 97
Trd, 4319762.643, 99
Trd, 4319763.093, 122
Trd, 4319765.443, 79
Trd, 4319766.993, 98
Trd, 4319769.343, 97
Trd, 4319771.493, 98
Trd, 4319774.493, 98
Trd, 4319774.743, 98
Trd, 4319775.343, 97
Trd, 4319776.443, 98
Trd, 4319779.393, 95
Trd, 4319779.993, 97
Trd, 4319781.093, 85
Trd, 4319781.693, 103
Trd, 4319782.543, 90
Trd, 4319783.843, 107
Trd, 4319786.993, 110
Trd, 4319787.143, 101
Trd, 4319788.693, 100
Trd, 4319791.493, 100
Trd, 4319791.893, 102
Trd, 4319792.643, 99
Trd, 4319794.093, 102
Trd, 4319795.593, 104
Trd, 4319796.293, 103
Trd, 4319798.043, 106
Trd, 4319798.643, 111
Trd, 4319802.043, 113
Trd, 4319803.293, 110
Trd, 4319803.593, 109
Trd, 4319807.793, 110
Trd, 4319808.093, 106
Trd, 4319810.743, 116
Trd, 4319811.943, 109
Trd, 4319813.593, 108
Trd, 4319815.243, 88
Trd, 4319815.593, 94
Trd, 4319815.893, 96
Trd, 4319816.393, 104
Trd, 4319817.743, 106
Trd, 4319819.593, 102
Trd, 4319821.843, 101
Trd, 4319822.843, 92
Trd, 4319824.293, 102
Trd, 4319824.843, 100
Trd, 4319825.993, 102
Trd, 4319826.443, 100
Trd, 4319828.443, 97
Trd, 4319828.593, 87
Trd, 4319830.943, 92
Trd, 4319831.793, 93
Trd, 4319834.143, 91
Trd, 4319836.743, 97
Trd, 4319837.293, 102
Trd, 4319837.593, 102
Trd, 4319840.293, 90
Trd, 4319841.043, 89
Trd, 4319841.443, 89
Trd, 4319842.043, 96
Trd, 4319844.543, 91
Trd, 4319845.493, 99
Trd, 4319848.893, 93
Trd, 4319849.193, 94
Trd, 4319850.693, 93
Trd, 4319852.743, 92
Trd, 4319855.693, 92
Trd, 4319856.143, 116
Trd, 4319861.843, 95
Trd, 4319863.093, 95
Trd, 4319866.443, 94
Trd, 4319867.793, 95
Trd, 4319868.443, 95
Trd, 4319869.193, 96
Trd, 4319870.293, 107
Trd, 4319870.693, 111
Trd, 4319872.743, 99
Trd, 4319874.893, 102
Trd, 4319876.593, 101
Trd, 4319876.943, 101
Trd, 4319880.493, 102
Trd, 4319881.143, 108
Trd, 4319881.593, 107
Trd, 4319884.693, 103
Trd, 4319885.443, 104
Trd, 4319885.993, 104
Trd, 4319887.643, 102
Trd, 4319889.393, 102
Trd, 4319890.193, 108
Trd, 4319891.093, 104
Trd, 4319891.793, 103
Trd, 4319894.943, 96
Trd, 4319895.993, 96
Trd, 4319896.843, 96
Trd, 4319898.943, 96
Trd, 4319900.493, 96
Trd, 4319901.693, 96
Trd, 4319905.143, 102
Trd, 4319905.543, 100
Trd, 4319906.943, 101
Trd, 4319907.693, 100
Trd, 4319910.343, 102
Trd, 4319912.143, 97
Trd, 4319914.343, 97
Trd, 4319914.793, 96
Trd, 4319917.093, 95
Trd, 4319917.643, 95
Trd, 4319918.743, 95
Trd, 4319920.293, 94
Trd, 4319921.743, 93
Trd, 4319922.243, 100
Trd, 4319924.143, 96
Trd, 4319924.943, 108
Trd, 4319925.593, 99
Trd, 4319928.793, 97
Trd, 4319929.293, 100
Trd, 4319930.193, 105
Trd, 4319931.243, 122
Trd, 4319931.693, 96
Trd, 4319932.493, 102
Trd, 4319933.843, 95
Trd, 4319936.693, 101
Trd, 4319939.643, 100
Trd, 4319939.843, 101
Trd, 4319941.493, 101
Trd, 4319943.393, 101
Trd, 4319948.743, 101
Trd, 4319950.643, 101
Trd, 4319951.693, 100
Trd, 4319953.893, 101
Trd, 4319954.543, 99
Trd, 4319955.743, 100
Trd, 4319956.043, 99
Trd, 4319959.893, 100
Trd, 4319963.393, 99
Trd, 4319965.143, 98
Trd, 4319966.043, 99
Trd, 4319966.993, 99
Trd, 4319968.443, 97
Trd, 4319972.943, 97
Trd, 4319973.093, 96
Trd, 4319974.193, 101
Trd, 4319975.243, 102
Trd, 4319976.993, 99
Trd, 4319978.393, 118
Trd, 4319979.693, 109
Trd, 4319980.893, 106
Trd, 4319982.643, 105
Trd, 4319983.893, 106
Trd, 4319984.693, 105
Trd, 4319988.393, 104
Trd, 4319989.943, 105
Trd, 4319990.493, 104
Trd, 4319990.943, 103
Trd, 4319995.593, 102
Trd, 4319995.643, 104
Trd, 4319996.143, 104
