Trd, 4317844.843, 104
Trd, 4317845.593, 85
Trd, 4317848.793, 95
Trd, 4317850.543, 94
Trd, 4317851.193, 93
Trd, 4317854.893, 95
Trd, 4317855.593, 92
Trd, 4317856.743, 95
Trd, 4317858.443, 95
Trd, 4317858.543, 95
Trd, 4317860.043, 105
Trd, 4317861.993, 95
Trd, 4317863.143, 97
Trd, 4317863.443, 99
Trd, 4317863.843, 91
Trd, 4317864.143, 87
Trd, 4317867.743, 96
Trd, 4317868.043, 97
Trd, 4317868.843, 95
Trd, 4317868.943, 98
Trd, 4317872.843, 97
Trd, 4317873.043, 94
Trd, 4317876.493, 91
Trd, 4317876.843, 95
Trd, 4317879.993, 96
Trd, 4317880.393, 93
Trd, 4317883.393, 92
Trd, 4317885.243, 90
Trd, 4317887.393, 103
Trd, 4317887.593, 90
Trd, 4317890.993, 93
Trd, 4317891.043, 96
Trd, 4317894.193, 86
Trd, 4317894.643, 88
Trd, 4317895.343, 82
Trd, 4317896.893, 90
Trd, 4317897.893, 83
Trd, 4317898.843, 89
Trd, 4317902.043, 90
Trd, 4317902.543, 82
Trd, 4317903.993, 89
Trd, 4317904.993, 89
Trd, 4317905.443, 89
Trd, 4317908.093, 95
Trd, 4317909.243, 107
Trd, 4317911.093, 96
Trd, 4317912.043, 98
Trd, 4317912.243, 101
Trd, 4317913.293, 95
Trd, 4317919.493, 98
Trd, 4317920.893, 99
Trd, 4317921.193, 98
Trd, 4317921.343, 98
Trd, 4317923.143, 98
Trd, 4317923.593, 99
Trd, 4317925.143, 96
Trd, 4317926.543, 77
Trd, 4317927.393, 91
Trd, 4317928.643, 90
Trd, 4317929.093, 95
Trd, 4317929.743, 94
Trd, 4317931.343, 96
Trd, 4317933.443, 95
Trd, 4317936.193, 92
Trd, 4317936.743, 95
Trd, 4317937.393, 101
Trd, 4317937.793, 101
Trd, 4317942.293, 99
Trd, 4317943.193, 95
Trd, 4317944.043, 97
Trd, 4317945.843, 93
Trd, 4317947.843, 98
Trd, 4317949.143, 95
Trd, 4317950.643, 88
Trd, 4317951.093, 82
Trd, 4317952.643, 77
Trd, 4317952.693, 79
Trd, 4317955.093, 98
Trd, 4317956.143, 98
Trd, 4317956.843, 113
Trd, 4317958.693, 97
Trd, 4317960.193, 105
Trd, 4317961.393, 90
Trd, 4317964.743, 82
Trd, 4317966.443, 87
Trd, 4317966.943, 87
Trd, 4317969.143, 87
Trd, 4317970.093, 86
Trd, 4317970.143, 88
Trd, 4317973.393, 87
Trd, 4317974.743, 90
Trd, 4317975.193, 90
Trd, 4317975.893, 93
Trd, 4317977.743, 98
Trd, 4317978.393, 96
Trd, 4317980.493, 93
Trd, 4317980.993, 83
Trd, 4317982.693, 95
Trd, 4317984.143, 93
Trd, 4317986.993, 93
Trd, 4317987.493, 89
Trd, 4317990.443, 95
Trd, 4317992.293, 96
Trd, 4317993.693, 95
Trd, 4317994.243, 96
Trd, 4317995.943, 94
Trd, 4317996.293, 96
Trd, 4317996.793, 99
Trd, 4317997.843, 98
Trd, 4318000.293, 97
Trd, 4318001.043, 98
Trd, 4318002.593, 95
Trd, 4318003.443, 82
Trd, 4318004.493, 89
Trd, 4318005.993, 89
Trd, 4318008.493, 86
Trd, 4318009.993, 86
Trd, 4318010.043, 87
Trd, 4318013.493, 97
Trd, 4318015.593, 79
Trd, 4318016.793, 90
Trd, 4318019.443, 91
Trd, 4318020.443, 102
Trd, 4318021.593, 90
Trd, 4318021.893, 98
Trd, 4318023.643, 97
Trd, 4318026.593, 90
Trd, 4318027.343, 95
Trd, 4318031.043, 92
Trd, 4318031.293, 93
Trd, 4318031.543, 90
Trd, 4318031.743, 94
Trd, 4318031.793, 97
Trd, 4318034.293, 95
Trd, 4318034.743, 109
Trd, 4318035.093, 88
Trd, 4318038.393, 94
Trd, 4318041.593, 98
Trd, 4318042.543, 94
Trd, 4318043.093, 98
Trd, 4318044.843, 96
Trd, 4318046.643, 96
Trd, 4318048.793, 97
Trd, 4318049.243, 93
Trd, 4318050.693, 91
Trd, 4318052.643, 95
Trd, 4318053.743, 93
Trd, 4318054.243, 88
Trd, 4318055.143, 89
Trd, 4318056.943, 89
Trd, 4318058.093, 87
Trd, 4318058.193, 89
Trd, 4318060.993, 87
Trd, 4318061.943, 90
Trd, 4318062.743, 90
Trd, 4318066.243, 94
Trd, 4318066.993, 90
Trd, 4318068.493, 92
Trd, 4318068.693, 91
Trd, 4318070.993, 91
Trd, 4318071.393, 105
Trd, 4318073.493, 94
Trd, 4318073.793, 93
Trd, 4318075.693, 98
Trd, 4318076.493, 97
Trd, 4318078.343, 98
Trd, 4318081.043, 99
Trd, 4318084.443, 97
Trd, 4318086.643, 95
Trd, 4318089.093, 95
Trd, 4318089.143, 105
Trd, 4318091.943, 94
Trd, 4318094.643, 93
Trd, 4318098.843, 91
Trd, 4318099.393, 94
Trd, 4318099.543, 99
Trd, 4318099.743, 104
Trd, 4318101.093, 91
Trd, 4318108.143, 93
Trd, 4318109.943, 94
Trd, 4318110.643, 90
Trd, 4318111.043, 94
Trd, 4318115.843, 92
Trd, 4318117.693, 93
Trd, 4318118.743, 78
Trd, 4318120.493, 98
Trd, 4318123.043, 83
Trd, 4318123.843, 91
Trd, 4318125.543, 92
Trd, 4318127.243, 97
Trd, 4318127.793, 90
Trd, 4318128.343, 96
Trd, 4318129.193, 90
Trd, 4318132.743, 98
Trd, 4318133.093, 93
Trd, 4318134.143, 96
Trd, 4318134.393, 92
Trd, 4318135.293, 98
Trd, 4318137.243, 91
Trd, 4318137.893, 98
Trd, 4318139.143, 91
Trd, 4318140.593, 89
Trd, 4318143.493, 95
Trd, 4318144.843, 93
Trd, 4318148.093, 93
Trd, 4318148.993, 90
Trd, 4318149.343, 95
Trd, 4318150.343, 90
Trd, 4318157.293, 89
Trd, 4318157.843, 84
Trd, 4318158.143, 89
Trd, 4318159.293, 86
Trd, 4318161.143, 106
Trd, 4318164.793, 95
Trd, 4318165.793, 97
Trd, 4318165.993, 96
Trd, 4318166.643, 94
Trd, 4318168.643, 83
Trd, 4318170.143, 90
Trd, 4318173.293, 97
Trd, 4318173.693, 93
Trd, 4318174.093, 93
Trd, 4318174.643, 90
Trd, 4318174.793, 83
Trd, 4318175.093, 105
Trd, 4318178.743, 101
Trd, 4318179.843, 100
Trd, 4318180.043, 108
Trd, 4318182.943, 96
Trd, 4318184.093, 95
Trd, 4318184.193, 97
Trd, 4318184.443, 113
Trd, 4318185.343, 80
Trd, 4318186.843, 92
Trd, 4318188.443, 94
Trd, 4318188.943, 86
Trd, 4318193.093, 98
Trd, 4318193.293, 99
Trd, 4318196.243, 95
Trd, 4318196.493, 97
Trd, 4318197.543, 82
Trd, 4318198.543, 85
Trd, 4318199.993, 90
Trd, 4318200.893, 96
Trd, 4318201.343, 91
Trd, 4318201.693, 94
Trd, 4318205.093, 93
Trd, 4318206.743, 95
Trd, 4318208.043, 82
Trd, 4318208.943, 83
Trd, 4318211.193, 87
Trd, 4318213.043, 83
Trd, 4318214.493, 82
Trd, 4318215.743, 85
Trd, 4318215.993, 88
Trd, 4318217.343, 89
Trd, 4318218.793, 95
Trd, 4318222.293, 91
Trd, 4318223.793, 102
Trd, 4318224.593, 105
Trd, 4318225.343, 105
Trd, 4318226.943, 104
Trd, 4318229.043, 103
Trd, 4318231.793, 101
Trd, 4318232.593, 96
Trd, 4318233.843, 81
Trd, 4318234.393, 89
Trd, 4318235.643, 88
Trd, 4318236.143, 100
Trd, 4318236.993, 106
Trd, 4318239.143, 96
Trd, 4318243.793, 99
Trd, 4318243.893, 97
Trd, 4318244.293, 96
Trd, 4318245.143, 100
Trd, 4318248.243, 96
Trd, 4318251.143, 95
Trd, 4318252.143, 94
Trd, 4318255.243, 95
Trd, 4318255.793, 92
Trd, 4318256.693, 94
Trd, 4318257.043, 90
Trd, 4318257.443, 75
Trd, 4318260.093, 90
Trd, 4318261.093, 95
Trd, 4318262.443, 84
Trd, 4318264.293, 84
Trd, 4318266.093, 84
Trd, 4318267.443, 89
Trd, 4318268.743, 96
Trd, 4318268.893, 93
Trd, 4318271.043, 95
Trd, 4318274.493, 93
Trd, 4318276.593, 93
Trd, 4318278.943, 95
Trd, 4318280.343, 95
Trd, 4318282.043, 92
Trd, 4318284.093, 95
Trd, 4318284.293, 95
Trd, 4318285.543, 94
Trd, 4318286.443, 104
Trd, 4318286.793, 95
Trd, 4318287.743, 100
Trd, 4318288.793, 104
Trd, 4318290.093, 95
Trd, 4318291.193, 97
Trd, 4318292.043, 99
Trd, 4318295.643, 96
Trd, 4318295.793, 95
Trd, 4318296.243, 87
Trd, 4318296.643, 94
Trd, 4318298.393, 90
Trd, 4318299.043, 93
Trd, 4318299.993, 94
Trd, 4318300.243, 90
Trd, 4318303.293, 90
Trd, 4318304.493, 93
Trd, 4318305.093, 94
Trd, 4318306.393, 93
Trd, 4318307.843, 91
Trd, 4318308.093, 90
Trd, 4318311.893, 90
Trd, 4318312.243, 92
Trd, 4318313.793, 91
Trd, 4318315.143, 92
Trd, 4318316.343, 99
Trd, 4318318.843, 97
Trd, 4318321.393, 96
Trd, 4318323.443, 91
Trd, 4318326.093, 91
Trd, 4318326.143, 86
Trd, 4318327.643, 89
Trd, 4318331.293, 78
Trd, 4318332.093, 83
Trd, 4318333.543, 89
Trd, 4318334.093, 83
Trd, 4318337.093, 90
Trd, 4318339.393, 88
Trd, 4318340.343, 88
Trd, 4318340.993, 89
Trd, 4318342.893, 101
Trd, 4318343.143, 97
Trd, 4318344.193, 111
Trd, 4318345.643, 97
Trd, 4318345.743, 105
Trd, 4318348.943, 97
Trd, 4318349.493, 99
Trd, 4318349.743, 97
Trd, 4318354.693, 99
Trd, 4318354.743, 99
Trd, 4318359.593, 97
Trd, 4318360.143, 97
Trd, 4318360.243, 99
Trd, 4318361.493, 100
Trd, 4318362.343, 99
Trd, 4318364.043, 100
Trd, 4318364.243, 87
Trd, 4318366.893, 96
Trd, 4318368.343, 98
Trd, 4318368.793, 97
Trd, 4318370.793, 100
Trd, 4318371.593, 96
Trd, 4318372.243, 95
Trd, 4318377.693, 93
Trd, 4318378.093, 100
Trd, 4318378.693, 101
Trd, 4318379.593, 100
Trd, 4318382.293, 95
Trd, 4318382.993, 93
Trd, 4318385.293, 95
Trd, 4318386.293, 79
Trd, 4318387.043, 92
Trd, 4318388.543, 109
Trd, 4318389.893, 102
Trd, 4318392.593, 94
Trd, 4318393.143, 98
Trd, 4318394.443, 96
Trd, 4318396.193, 94
Trd, 4318399.243, 95
Trd, 4318400.843, 95
Trd, 4318401.193, 112
Trd, 4318401.693, 80
Trd, 4318402.643, 97
Trd, 4318405.493, 99
Trd, 4318407.493, 100
Trd, 4318408.693, 98
Trd, 4318409.493, 97
Trd, 4318412.043, 101
Trd, 4318412.143, 101
Trd, 4318412.993, 102
Trd, 4318413.593, 95
Trd, 4318414.993, 95
Trd, 4318416.693, 93
Trd, 4318418.693, 93
Trd, 4318422.093, 94
Trd, 4318422.743, 80
Trd, 4318424.493, 86
Trd, 4318425.443, 95
Trd, 4318426.243, 95
Trd, 4318426.693, 87
Trd, 4318429.593, 99
Trd, 4318430.893, 96
Trd, 4318431.893, 94
Trd, 4318433.243, 94
Trd, 4318434.043, 102
Trd, 4318434.993, 93
Trd, 4318436.893, 108
Trd, 4318438.393, 89
Trd, 4318440.143, 95
Trd, 4318441.143, 95
Trd, 4318442.693, 95
Trd, 4318444.143, 94
Trd, 4318445.843, 93
Trd, 4318445.993, 95
Trd, 4318448.943, 109
Trd, 4318453.043, 94
Trd, 4318455.743, 96
Trd, 4318457.043, 96
Trd, 4318457.593, 93
Trd, 4318460.743, 95
Trd, 4318460.943, 93
Trd, 4318462.193, 94
Trd, 4318462.743, 93
Trd, 4318463.893, 105
Trd, 4318464.393, 95
Trd, 4318466.043, 100
Trd, 4318467.243, 113
Trd, 4318467.493, 102
Trd, 4318468.493, 103
Trd, 4318472.993, 103
Trd, 4318474.543, 97
Trd, 4318474.843, 98
Trd, 4318475.693, 93
Trd, 4318476.243, 99
Trd, 4318477.643, 84
Trd, 4318477.893, 86
Trd, 4318481.693, 87
Trd, 4318483.793, 89
Trd, 4318485.343, 89
Trd, 4318490.293, 90
Trd, 4318491.943, 96
Trd, 4318492.043, 89
Trd, 4318494.893, 93
Trd, 4318495.393, 87
Trd, 4318496.793, 95
Trd, 4318497.643, 88
Trd, 4318498.793, 93
Trd, 4318500.643, 96
Trd, 4318502.093, 95
Trd, 4318502.693, 78
Trd, 4318503.043, 106
Trd, 4318503.443, 104
Trd, 4318505.693, 94
Trd, 4318506.543, 98
Trd, 4318509.093, 112
Trd, 4318509.593, 101
Trd, 4318509.793, 99
Trd, 4318510.193, 111
Trd, 4318514.193, 108
Trd, 4318514.793, 101
Trd, 4318516.043, 96
Trd, 4318516.293, 96
Trd, 4318518.443, 98
Trd, 4318520.043, 98
Trd, 4318522.143, 96
Trd, 4318523.543, 93
Trd, 4318525.993, 90
Trd, 4318526.143, 92
Trd, 4318528.043, 94
Trd, 4318530.693, 90
Trd, 4318531.493, 93
Trd, 4318533.443, 90
Trd, 4318534.093, 91
Trd, 4318536.743, 89
Trd, 4318537.443, 80
Trd, 4318538.243, 90
Trd, 4318539.993, 89
Trd, 4318540.093, 91
Trd, 4318542.343, 98
Trd, 4318542.743, 95
Trd, 4318542.793, 111
Trd, 4318547.343, 103
Trd, 4318547.543, 102
Trd, 4318548.043, 104
Trd, 4318548.593, 101
Trd, 4318548.993, 99
Trd, 4318550.443, 99
Trd, 4318552.293, 76
Trd, 4318552.493, 94
Trd, 4318554.793, 92
Trd, 4318556.243, 91
Trd, 4318557.543, 92
Trd, 4318557.843, 96
Trd, 4318559.443, 96
Trd, 4318559.593, 91
Trd, 4318567.343, 96
Trd, 4318568.593, 96
Trd, 4318569.343, 95
Trd, 4318569.593, 94
Trd, 4318569.743, 105
Trd, 4318573.143, 87
Trd, 4318573.243, 94
Trd, 4318576.943, 93
Trd, 4318577.193, 94
Trd, 4318578.343, 91
Trd, 4318579.443, 94
Trd, 4318579.843, 95
Trd, 4318583.193, 92
Trd, 4318583.343, 91
Trd, 4318588.493, 95
Trd, 4318589.493, 94
Trd, 4318589.693, 95
Trd, 4318590.243, 94
Trd, 4318592.093, 93
Trd, 4318593.943, 92
Trd, 4318595.943, 95
Trd, 4318597.693, 95
Trd, 4318599.643, 94
Trd, 4318600.193, 99
Trd, 4318603.043, 91
Trd, 4318603.593, 95
Trd, 4318605.693, 99
Trd, 4318608.143, 97
Trd, 4318609.043, 95
Trd, 4318610.443, 94
Trd, 4318611.193, 97
Trd, 4318612.793, 93
Trd, 4318614.993, 95
Trd, 4318615.343, 91
Trd, 4318616.843, 89
Trd, 4318617.693, 94
Trd, 4318618.393, 88
Trd, 4318620.743, 86
Trd, 4318620.793, 91
Trd, 4318621.793, 86
Trd, 4318622.193, 87
Trd, 4318622.293, 100
Trd, 4318625.193, 92
Trd, 4318627.643, 91
Trd, 4318628.543, 91
Trd, 4318629.943, 108
Trd, 4318631.243, 97
Trd, 4318634.043, 109
Trd, 4318634.643, 105
Trd, 4318634.893, 101
Trd, 4318635.893, 90
Trd, 4318638.893, 96
Trd, 4318640.943, 95
Trd, 4318641.143, 98
Trd, 4318642.093, 94
Trd, 4318642.893, 97
Trd, 4318647.943, 93
Trd, 4318648.293, 95
Trd, 4318650.543, 92
Trd, 4318651.343, 95
Trd, 4318652.043, 99
Trd, 4318653.843, 99
Trd, 4318655.243, 90
Trd, 4318659.393, 96
Trd, 4318660.343, 92
Trd, 4318664.393, 95
Trd, 4318665.343, 94
Trd, 4318665.893, 94
Trd, 4318667.093, 95
Trd, 4318668.243, 95
Trd, 4318668.543, 96
Trd, 4318670.543, 112
Trd, 4318672.543, 95
Trd, 4318672.793, 93
Trd, 4318673.443, 93
Trd, 4318674.343, 95
Trd, 4318674.443, 96
Trd, 4318677.643, 96
Trd, 4318677.743, 94
Trd, 4318678.443, 95
Trd, 4318678.693, 96
Trd, 4318680.593, 96
Trd, 4318682.343, 95
Trd, 4318683.943, 95
Trd, 4318684.543, 80
Trd, 4318685.043, 103
Trd, 4318687.493, 91
Trd, 4318688.193, 92
Trd, 4318689.893, 105
Trd, 4318690.643, 79
Trd, 4318692.493, 94
Trd, 4318692.993, 92
Trd, 4318694.693, 98
Trd, 4318695.593, 96
Trd, 4318696.093, 78
Trd, 4318697.193, 106
Trd, 4318699.143, 90
Trd, 4318700.843, 92
Trd, 4318701.043, 94
Trd, 4318705.643, 93
Trd, 4318706.243, 92
Trd, 4318707.793, 93
Trd, 4318710.343, 93
Trd, 4318710.443, 91
Trd, 4318712.543, 88
Trd, 4318713.393, 87
Trd, 4318714.143, 89
Trd, 4318715.243, 90
Trd, 4318718.293, 104
Trd, 4318719.343, 92
Trd, 4318720.593, 94
Trd, 4318721.493, 92
Trd, 4318721.893, 94
Trd, 4318722.993, 104
Trd, 4318725.443, 93
Trd, 4318726.543, 95
Trd, 4318728.843, 87
Trd, 4318730.143, 95
Trd, 4318730.943, 95
Trd, 4318731.143, 91
Trd, 4318733.493, 95
Trd, 4318733.793, 95
Trd, 4318735.543, 95
Trd, 4318737.743, 94
Trd, 4318738.343, 91
Trd, 4318740.793, 95
Trd, 4318744.193, 95
Trd, 4318744.243, 92
Trd, 4318744.693, 96
Trd, 4318749.443, 92
Trd, 4318750.793, 95
Trd, 4318751.743, 95
Trd, 4318753.643, 92
Trd, 4318754.993, 94
Trd, 4318757.393, 92
Trd, 4318758.293, 93
Trd, 4318760.243, 109
Trd, 4318761.293, 98
Trd, 4318761.843, 98
Trd, 4318762.043, 97
Trd, 4318762.943, 85
Trd, 4318765.843, 97
Trd, 4318766.793, 95
Trd, 4318768.493, 81
Trd, 4318768.843, 93
Trd, 4318769.543, 89
Trd, 4318772.443, 104
Trd, 4318773.393, 95
Trd, 4318774.893, 96
Trd, 4318774.993, 95
Trd, 4318776.993, 95
Trd, 4318778.943, 94
Trd, 4318779.693, 95
Trd, 4318780.793, 99
Trd, 4318781.643, 105
Trd, 4318782.243, 102
Trd, 4318782.493, 103
Trd, 4318785.693, 101
Trd, 4318787.193, 100
Trd, 4318787.493, 104
Trd, 4318788.593, 98
Trd, 4318789.743, 97
Trd, 4318791.643, 97
Trd, 4318792.843, 94
Trd, 4318794.593, 94
Trd, 4318795.093, 84
Trd, 4318795.593, 86
Trd, 4318796.543, 88
Trd, 4318799.693, 96
Trd, 4318799.893, 94
Trd, 4318802.693, 97
Trd, 4318804.043, 95
Trd, 4318805.593, 98
Trd, 4318808.693, 97
Trd, 4318809.343, 106
Trd, 4318810.193, 94
Trd, 4318814.343, 96
Trd, 4318814.393, 96
Trd, 4318816.293, 93
Trd, 4318819.893, 95
Trd, 4318820.893, 96
Trd, 4318822.493, 92
Trd, 4318823.993, 95
Trd, 4318825.393, 94
Trd, 4318827.793, 91
Trd, 4318831.343, 95
Trd, 4318833.543, 95
Trd, 4318835.743, 96
Trd, 4318836.943, 92
Trd, 4318837.243, 95
Trd, 4318841.443, 94
Trd, 4318842.593, 91
Trd, 4318844.993, 93
Trd, 4318846.193, 90
Trd, 4318847.393, 101
Trd, 4318850.343, 94
Trd, 4318851.293, 92
Trd, 4318851.393, 96
Trd, 4318854.293, 89
Trd, 4318855.293, 88
Trd, 4318855.543, 95
Trd, 4318857.893, 90
Trd, 4318858.093, 89
Trd, 4318858.943, 107
Trd, 4318859.743, 99
Trd, 4318860.343, 100
Trd, 4318862.393, 102
Trd, 4318862.443, 101
Trd, 4318863.143, 98
Trd, 4318865.843, 98
Trd, 4318866.593, 98
Trd, 4318867.443, 80
Trd, 4318868.593, 92
Trd, 4318871.593, 94
Trd, 4318872.693, 90
Trd, 4318877.343, 95
Trd, 4318878.243, 91
Trd, 4318878.493, 96
Trd, 4318879.693, 91
Trd, 4318879.893, 95
Trd, 4318882.793, 94
Trd, 4318883.493, 96
Trd, 4318884.493, 96
Trd, 4318884.593, 93
Trd, 4318888.793, 97
Trd, 4318888.943, 101
Trd, 4318891.643, 101
Trd, 4318891.743, 87
Trd, 4318892.343, 104
Trd, 4318894.693, 95
Trd, 4318895.643, 94
Trd, 4318897.493, 93
Trd, 4318898.443, 98
Trd, 4318898.943, 97
Trd, 4318899.843, 117
Trd, 4318901.293, 108
Trd, 4318903.293, 85
Trd, 4318903.793, 76
Trd, 4318904.243, 90
Trd, 4318907.043, 77
Trd, 4318907.493, 90
Trd, 4318908.293, 84
Trd, 4318908.393, 96
Trd, 4318911.293, 93
Trd, 4318911.343, 95
Trd, 4318911.643, 95
Trd, 4318914.293, 93
Trd, 4318916.293, 94
Trd, 4318917.343, 96
Trd, 4318917.943, 75
Trd, 4318918.543, 104
Trd, 4318919.693, 97
Trd, 4318922.743, 96
Trd, 4318925.343, 98
Trd, 4318925.593, 97
Trd, 4318927.993, 97
Trd, 4318928.393, 97
Trd, 4318929.793, 97
Trd, 4318930.493, 97
Trd, 4318930.693, 95
Trd, 4318932.593, 95
Trd, 4318936.093, 98
Trd, 4318936.693, 99
Trd, 4318938.593, 97
Trd, 4318938.943, 102
Trd, 4318940.193, 88
Trd, 4318940.293, 90
Trd, 4318942.443, 86
Trd, 4318944.443, 89
Trd, 4318945.193, 87
Trd, 4318948.393, 95
Trd, 4318948.843, 93
Trd, 4318949.793, 92
Trd, 4318949.993, 92
Trd, 4318951.043, 93
Trd, 4318951.743, 95
Trd, 4318952.643, 95
Trd, 4318954.493, 85
Trd, 4318957.843, 104
Trd, 4318958.393, 92
Trd, 4318959.593, 92
Trd, 4318960.543, 80
Trd, 4318961.293, 86
Trd, 4318962.493, 87
Trd, 4318962.893, 95
Trd, 4318964.543, 96
Trd, 4318965.743, 95
Trd, 4318967.543, 96
Trd, 4318969.043, 95
Trd, 4318969.743, 92
Trd, 4318969.893, 95
Trd, 4318970.543, 93
Trd, 4318972.043, 105
Trd, 4318974.943, 97
Trd, 4318976.243, 95
Trd, 4318978.693, 95
Trd, 4318978.793, 95
Trd, 4318979.693, 94
Trd, 4318981.693, 95
Trd, 4318981.793, 107
Trd, 4318982.993, 96
Trd, 4318984.993, 98
Trd, 4318985.093, 93
Trd, 4318986.643, 95
Trd, 4318989.143, 93
Trd, 4318989.443, 92
Trd, 4318989.743, 93
Trd, 4318990.843, 96
Trd, 4318991.993, 92
Trd, 4318994.993, 96
Trd, 4318996.093, 92
Trd, 4318996.293, 97
Trd, 4318998.743, 92
Trd, 4319001.243, 95
Trd, 4319001.643, 96
Trd, 4319004.793, 97
Trd, 4319004.893, 96
Trd, 4319005.693, 98
Trd, 4319006.893, 91
Trd, 4319007.543, 94
Trd, 4319009.943, 94
Trd, 4319010.393, 93
Trd, 4319011.093, 97
Trd, 4319011.843, 104
Trd, 4319013.193, 99
Trd, 4319014.593, 97
Trd, 4319016.043, 99
Trd, 4319019.943, 98
Trd, 4319020.443, 98
Trd, 4319022.593, 101
Trd, 4319024.943, 96
Trd, 4319024.993, 101
Trd, 4319025.643, 95
Trd, 4319027.593, 101
Trd, 4319028.843, 97
Trd, 4319030.543, 98
Trd, 4319032.643, 99
Trd, 4319035.393, 88
Trd, 4319036.243, 91
Trd, 4319037.093, 91
Trd, 4319038.543, 90
Trd, 4319040.443, 92
Trd, 4319045.743, 91
Trd, 4319047.293, 90
Trd, 4319048.543, 81
Trd, 4319049.793, 86
Trd, 4319050.843, 99
Trd, 4319051.993, 97
Trd, 4319052.193, 91
Trd, 4319053.193, 93
Trd, 4319055.443, 94
Trd, 4319058.193, 91
Trd, 4319058.493, 95
Trd, 4319061.643, 95
Trd, 4319062.793, 95
Trd, 4319065.593, 94
Trd, 4319065.843, 96
Trd, 4319067.143, 94
Trd, 4319067.443, 92
Trd, 4319071.843, 91
Trd, 4319072.243, 93
Trd, 4319074.343, 90
Trd, 4319076.743, 93
Trd, 4319078.743, 93
Trd, 4319080.993, 96
Trd, 4319082.393, 95
Trd, 4319084.843, 95
Trd, 4319084.943, 108
Trd, 4319086.143, 113
Trd, 4319086.543, 94
Trd, 4319090.543, 99
Trd, 4319092.093, 95
Trd, 4319092.693, 96
Trd, 4319092.943, 95
Trd, 4319095.543, 95
Trd, 4319095.993, 87
Trd, 4319097.093, 87
Trd, 4319098.293, 91
Trd, 4319099.543, 104
Trd, 4319099.743, 83
Trd, 4319102.043, 88
Trd, 4319102.943, 88
Trd, 4319103.243, 106
Trd, 4319104.743, 95
Trd, 4319106.693, 95
Trd, 4319107.893, 93
Trd, 4319109.793, 99
Trd, 4319110.643, 95
Trd, 4319111.893, 82
Trd, 4319112.093, 91
Trd, 4319112.993, 99
Trd, 4319113.943, 91
Trd, 4319116.643, 93
Trd, 4319117.993, 93
Trd, 4319119.343, 96
Trd, 4319120.193, 92
Trd, 4319120.443, 113
Trd, 4319123.593, 100
Trd, 4319125.193, 103
Trd, 4319127.543, 98
Trd, 4319128.493, 97
Trd, 4319130.793, 96
Trd, 4319131.693, 88
Trd, 4319131.793, 93
Trd, 4319133.243, 81
Trd, 4319133.293, 84
Trd, 4319133.943, 104
Trd, 4319136.243, 113
Trd, 4319136.893, 102
Trd, 4319138.343, 96
Trd, 4319139.893, 97
Trd, 4319141.043, 104
Trd, 4319141.643, 102
Trd, 4319144.193, 98
Trd, 4319144.943, 97
Trd, 4319146.093, 87
Trd, 4319146.793, 95
Trd, 4319147.593, 81
Trd, 4319148.743, 85
Trd, 4319151.943, 85
Trd, 4319153.143, 87
Trd, 4319154.293, 88
Trd, 4319156.643, 88
Trd, 4319157.593, 85
Trd, 4319159.193, 90
Trd, 4319160.843, 90
Trd, 4319161.293, 97
Trd, 4319161.693, 78
Trd, 4319164.043, 85
Trd, 4319165.743, 87
Trd, 4319166.343, 88
Trd, 4319168.093, 106
Trd, 4319168.993, 96
Trd, 4319169.743, 95
Trd, 4319170.393, 110
Trd, 4319172.493, 94
Trd, 4319173.443, 100
Trd, 4319176.343, 96
Trd, 4319177.843, 86
Trd, 4319178.043, 86
Trd, 4319178.893, 87
Trd, 4319179.443, 87
Trd, 4319180.793, 78
Trd, 4319182.793, 85
Trd, 4319184.643, 87
Trd, 4319186.543, 101
Trd, 4319187.143, 92
Trd, 4319188.993, 91
Trd, 4319190.443, 90
Trd, 4319190.543, 94
Trd, 4319195.093, 94
Trd, 4319195.543, 104
Trd, 4319198.193, 89
Trd, 4319198.793, 92
Trd, 4319199.243, 92
Trd, 4319199.743, 90
Trd, 4319202.243, 94
Trd, 4319204.093, 103
Trd, 4319204.743, 93
Trd, 4319205.693, 101
Trd, 4319205.943, 91
Trd, 4319207.243, 89
Trd, 4319210.043, 91
Trd, 4319210.993, 91
Trd, 4319213.343, 91
Trd, 4319214.293, 90
Trd, 4319215.093, 95
Trd, 4319216.693, 96
Trd, 4319217.893, 97
Trd, 4319218.793, 98
Trd, 4319219.143, 96
Trd, 4319220.493, 103
Trd, 4319223.943, 88
Trd, 4319224.593, 92
Trd, 4319225.993, 93
Trd, 4319226.593, 93
Trd, 4319226.893, 91
Trd, 4319227.193, 100
Trd, 4319227.893, 98
Trd, 4319229.643, 107
Trd, 4319232.293, 108
Trd, 4319232.543, 101
Trd, 4319233.493, 95
Trd, 4319234.043, 87
Trd, 4319235.793, 97
Trd, 4319236.643, 99
Trd, 4319237.593, 105
Trd, 4319239.693, 104
Trd, 4319240.543, 102
Trd, 4319240.793, 105
Trd, 4319243.043, 84
Trd, 4319244.193, 94
Trd, 4319246.243, 94
Trd, 4319246.743, 95
Trd, 4319248.693, 97
Trd, 4319250.043, 96
Trd, 4319251.143, 95
Trd, 4319251.243, 97
Trd, 4319253.793, 96
Trd, 4319254.793, 94
Trd, 4319255.393, 94
Trd, 4319255.493, 84
Trd, 4319256.643, 102
Trd, 4319258.543, 100
Trd, 4319259.443, 86
Trd, 4319264.543, 96
Trd, 4319265.543, 95
Trd, 4319266.143, 96
Trd, 4319269.543, 93
Trd, 4319270.143, 96
Trd, 4319272.693, 94
Trd, 4319272.993, 97
Trd, 4319274.593, 96
Trd, 4319275.743, 92
Trd, 4319277.693, 95
Trd, 4319277.943, 91
Trd, 4319278.143, 113
Trd, 4319278.693, 75
Trd, 4319279.593, 100
Trd, 4319281.443, 89
Trd, 4319283.543, 95
Trd, 4319283.943, 92
Trd, 4319286.093, 94
Trd, 4319286.593, 93
Trd, 4319288.693, 94
Trd, 4319289.943, 84
Trd, 4319290.393, 87
Trd, 4319290.843, 86
Trd, 4319293.193, 87
Trd, 4319294.893, 86
Trd, 4319295.743, 88
Trd, 4319297.093, 85
Trd, 4319297.643, 89
Trd, 4319298.743, 103
Trd, 4319299.593, 109
Trd, 4319301.343, 104
Trd, 4319302.893, 104
Trd, 4319303.693, 84
Trd, 4319305.893, 95
Trd, 4319306.893, 104
Trd, 4319307.993, 105
Trd, 4319309.143, 94
Trd, 4319312.193, 98
Trd, 4319312.493, 97
Trd, 4319313.893, 94
Trd, 4319314.093, 89
Trd, 4319314.543, 94
Trd, 4319316.743, 94
Trd, 4319319.593, 95
Trd, 4319319.843, 100
Trd, 4319323.243, 95
Trd, 4319324.393, 95
Trd, 4319326.843, 94
Trd, 4319327.093, 95
Trd, 4319330.893, 93
Trd, 4319332.443, 87
Trd, 4319333.143, 88
Trd, 4319334.293, 86
Trd, 4319335.493, 88
Trd, 4319336.043, 86
Trd, 4319338.993, 83
Trd, 4319339.543, 83
Trd, 4319340.093, 85
Trd, 4319344.143, 97
Trd, 4319345.793, 93
Trd, 4319347.143, 93
Trd, 4319347.493, 84
Trd, 4319349.343, 96
Trd, 4319350.393, 96
Trd, 4319353.143, 92
Trd, 4319353.343, 91
Trd, 4319357.193, 91
Trd, 4319358.543, 91
Trd, 4319360.743, 95
Trd, 4319362.143, 106
Trd, 4319362.343, 98
Trd, 4319362.993, 125
Trd, 4319363.493, 92
Trd, 4319365.743, 92
Trd, 4319367.593, 93
Trd, 4319368.193, 85
Trd, 4319368.843, 91
Trd, 4319370.493, 93
Trd, 4319370.593, 97
Trd, 4319370.643, 93
Trd, 4319375.043, 95
Trd, 4319377.043, 91
Trd, 4319377.143, 96
Trd, 4319379.043, 89
Trd, 4319383.493, 95
Trd, 4319383.693, 113
Trd, 4319385.043, 101
Trd, 4319385.093, 94
Trd, 4319385.393, 93
Trd, 4319388.143, 93
Trd, 4319388.393, 98
Trd, 4319389.393, 98
Trd, 4319390.043, 106
Trd, 4319392.843, 94
Trd, 4319393.093, 94
Trd, 4319394.043, 94
Trd, 4319398.493, 92
Trd, 4319399.343, 91
Trd, 4319400.593, 89
Trd, 4319400.743, 88
Trd, 4319400.943, 100
Trd, 4319404.343, 78
Trd, 4319404.843, 87
Trd, 4319405.993, 83
Trd, 4319406.043, 97
Trd, 4319407.993, 103
Trd, 4319408.243, 95
Trd, 4319409.193, 93
Trd, 4319410.943, 104
Trd, 4319410.993, 92
Trd, 4319411.493, 113
Trd, 4319412.193, 108
Trd, 4319413.093, 111
Trd, 4319413.693, 106
Trd, 4319417.293, 84
Trd, 4319417.443, 87
Trd, 4319418.643, 88
Trd, 4319419.643, 108
Trd, 4319419.993, 101
Trd, 4319421.193, 99
Trd, 4319422.893, 98
Trd, 4319424.343, 95
Trd, 4319425.693, 78
Trd, 4319427.293, 94
Trd, 4319429.293, 88
Trd, 4319429.443, 98
Trd, 4319432.043, 97
Trd, 4319432.593, 89
Trd, 4319432.993, 95
Trd, 4319434.043, 88
Trd, 4319434.643, 88
Trd, 4319437.943, 93
Trd, 4319438.943, 91
Trd, 4319440.493, 97
Trd, 4319442.243, 94
Trd, 4319443.843, 94
Trd, 4319444.043, 95
Trd, 4319445.843, 93
Trd, 4319448.393, 94
Trd, 4319449.593, 96
Trd, 4319452.393, 95
Trd, 4319454.143, 93
Trd, 4319455.143, 95
Trd, 4319459.793, 92
Trd, 4319460.193, 95
Trd, 4319460.793, 95
Trd, 4319464.943, 93
Trd, 4319465.993, 92
Trd, 4319467.643, 90
Trd, 4319467.693, 94
Trd, 4319468.743, 96
Trd, 4319468.943, 100
Trd, 4319474.143, 95
Trd, 4319474.243, 94
Trd, 4319477.143, 95
Trd, 4319478.343, 95
Trd, 4319479.193, 94
Trd, 4319479.693, 93
Trd, 4319480.493, 96
Trd, 4319481.893, 96
Trd, 4319484.243, 97
Trd, 4319484.793, 96
Trd, 4319485.393, 95
Trd, 4319486.343, 98
Trd, 4319486.793, 106
Trd, 4319489.693, 90
Trd, 4319490.443, 89
Trd, 4319491.193, 105
Trd, 4319493.993, 103
Trd, 4319495.943, 103
Trd, 4319498.293, 101
Trd, 4319498.643, 102
Trd, 4319499.693, 95
Trd, 4319500.093, 75
Trd, 4319500.993, 107
Trd, 4319503.593, 97
Trd, 4319504.693, 95
Trd, 4319505.243, 97
Trd, 4319506.243, 87
Trd, 4319506.643, 92
Trd, 4319508.143, 83
Trd, 4319509.193, 84
Trd, 4319510.193, 88
Trd, 4319512.443, 96
Trd, 4319513.193, 97
Trd, 4319514.293, 95
Trd, 4319515.893, 100
Trd, 4319518.343, 98
Trd, 4319519.143, 95
Trd, 4319520.893, 94
Trd, 4319521.243, 94
Trd, 4319521.843, 93
Trd, 4319523.643, 101
Trd, 4319526.043, 97
Trd, 4319526.543, 95
Trd, 4319527.243, 93
Trd, 4319527.393, 99
Trd, 4319532.193, 95
Trd, 4319532.543, 97
Trd, 4319535.593, 95
Trd, 4319535.693, 94
Trd, 4319536.693, 95
Trd, 4319539.443, 97
Trd, 4319540.243, 97
Trd, 4319541.093, 89
Trd, 4319541.193, 91
Trd, 4319542.443, 98
Trd, 4319543.793, 106
Trd, 4319544.293, 92
Trd, 4319547.043, 95
Trd, 4319548.393, 95
Trd, 4319548.793, 95
Trd, 4319549.743, 94
Trd, 4319552.043, 96
Trd, 4319554.443, 104
Trd, 4319555.843, 99
Trd, 4319557.593, 98
Trd, 4319559.993, 96
Trd, 4319561.293, 98
Trd, 4319561.593, 95
Trd, 4319562.693, 81
Trd, 4319563.443, 85
Trd, 4319564.193, 91
Trd, 4319565.343, 88
Trd, 4319565.843, 87
Trd, 4319566.993, 95
Trd, 4319567.393, 100
Trd, 4319569.893, 98
Trd, 4319570.243, 107
Trd, 4319570.793, 105
Trd, 4319572.893, 99
Trd, 4319574.743, 103
Trd, 4319575.443, 98
Trd, 4319577.043, 104
Trd, 4319577.843, 102
Trd, 4319577.943, 113
Trd, 4319580.043, 97
Trd, 4319580.893, 93
Trd, 4319582.743, 95
Trd, 4319583.443, 107
Trd, 4319584.343, 79
Trd, 4319585.393, 93
Trd, 4319586.143, 91
Trd, 4319587.943, 104
Trd, 4319591.193, 83
Trd, 4319591.693, 85
Trd, 4319592.943, 83
Trd, 4319593.643, 89
Trd, 4319594.393, 88
Trd, 4319596.843, 95
Trd, 4319599.943, 94
Trd, 4319600.293, 94
Trd, 4319600.393, 104
Trd, 4319601.393, 103
Trd, 4319603.993, 103
Trd, 4319605.393, 106
Trd, 4319607.793, 101
Trd, 4319608.993, 94
Trd, 4319610.543, 96
Trd, 4319612.193, 96
Trd, 4319613.343, 95
Trd, 4319613.643, 87
Trd, 4319615.743, 100
Trd, 4319616.043, 99
Trd, 4319617.243, 99
Trd, 4319620.093, 104
Trd, 4319620.843, 97
Trd, 4319622.893, 97
Trd, 4319624.243, 98
Trd, 4319627.193, 83
Trd, 4319628.043, 86
Trd, 4319629.993, 95
Trd, 4319632.243, 91
Trd, 4319633.943, 91
Trd, 4319634.543, 99
Trd, 4319637.193, 88
Trd, 4319642.193, 87
Trd, 4319642.893, 87
Trd, 4319643.193, 86
Trd, 4319643.543, 103
Trd, 4319646.393, 98
Trd, 4319646.793, 98
Trd, 4319648.343, 97
Trd, 4319648.643, 100
Trd, 4319651.043, 101
Trd, 4319651.193, 95
Trd, 4319654.193, 82
Trd, 4319656.143, 102
Trd, 4319656.793, 92
Trd, 4319661.693, 95
Trd, 4319663.043, 94
Trd, 4319663.093, 91
Trd, 4319665.143, 91
Trd, 4319666.793, 93
Trd, 4319667.343, 93
Trd, 4319669.493, 102
Trd, 4319669.743, 98
Trd, 4319670.893, 96
Trd, 4319671.043, 101
Trd, 4319673.543, 96
Trd, 4319673.793, 97
Trd, 4319675.493, 96
Trd, 4319678.193, 95
Trd, 4319678.743, 95
Trd, 4319678.793, 104
Trd, 4319679.893, 93
Trd, 4319681.793, 75
Trd, 4319683.943, 94
Trd, 4319684.243, 97
Trd, 4319685.243, 95
Trd, 4319687.393, 94
Trd, 4319687.743, 80
Trd, 4319689.493, 88
Trd, 4319692.443, 93
Trd, 4319692.843, 87
Trd, 4319693.543, 96
Trd, 4319694.193, 94
Trd, 4319697.293, 109
Trd, 4319697.643, 98
Trd, 4319697.893, 98
Trd, 4319701.643, 95
Trd, 4319702.143, 93
Trd, 4319703.443, 84
Trd, 4319703.893, 84
Trd, 4319705.843, 105
Trd, 4319707.693, 88
Trd, 4319708.143, 91
Trd, 4319710.143, 104
Trd, 4319710.243, 103
Trd, 4319711.943, 103
Trd, 4319715.993, 92
Trd, 4319716.593, 108
Trd, 4319717.743, 77
Trd, 4319719.693, 90
Trd, 4319720.893, 89
Trd, 4319722.093, 90
Trd, 4319724.393, 93
Trd, 4319725.193, 96
Trd, 4319728.593, 95
Trd, 4319730.693, 88
Trd, 4319733.743, 92
Trd, 4319734.293, 90
Trd, 4319735.043, 93
Trd, 4319735.443, 90
Trd, 4319735.943, 108
Trd, 4319737.343, 101
Trd, 4319737.943, 104
Trd, 4319739.243, 110
Trd, 4319740.843, 109
Trd, 4319740.893, 108
Trd, 4319745.793, 88
Trd, 4319746.443, 82
Trd, 4319748.343, 82
Trd, 4319748.993, 75
Trd, 4319749.493, 77
Trd, 4319749.993, 89
Trd, 4319750.943, 106
Trd, 4319752.343, 93
Trd, 4319754.643, 93
Trd, 4319755.193, 98
Trd, 4319759.543, 95
Trd, 4319760.443, 107
Trd, 4319760.693, 89
Trd, 4319763.043, 96
Trd, 4319765.193, 96
Trd, 4319767.143, 80
Trd, 4319768.193, 97
Trd, 4319769.943, 90
Trd, 4319771.443, 92
Trd, 4319772.093, 95
Trd, 4319773.643, 93
Trd, 4319775.243, 94
Trd, 4319775.593, 96
Trd, 4319778.643, 90
Trd, 4319778.843, 93
Trd, 4319779.493, 91
Trd, 4319779.543, 90
Trd, 4319780.393, 96
Trd, 4319781.843, 95
Trd, 4319782.993, 95
Trd, 4319785.193, 96
Trd, 4319786.393, 96
Trd, 4319787.143, 104
Trd, 4319787.793, 100
Trd, 4319789.943, 100
Trd, 4319791.893, 103
Trd, 4319793.393, 83
Trd, 4319793.843, 92
Trd, 4319795.093, 90
Trd, 4319795.893, 101
Trd, 4319796.543, 108
Trd, 4319797.693, 92
Trd, 4319803.143, 96
Trd, 4319803.243, 95
Trd, 4319807.243, 94
Trd, 4319807.443, 96
Trd, 4319809.143, 94
Trd, 4319809.393, 96
Trd, 4319810.093, 92
Trd, 4319811.743, 83
Trd, 4319812.993, 92
Trd, 4319813.643, 95
Trd, 4319815.243, 98
Trd, 4319815.743, 104
Trd, 4319816.793, 98
Trd, 4319819.693, 99
Trd, 4319821.443, 94
Trd, 4319821.493, 93
Trd, 4319822.193, 96
Trd, 4319822.793, 96
Trd, 4319824.893, 95
Trd, 4319825.043, 94
Trd, 4319826.543, 96
Trd, 4319829.293, 95
Trd, 4319830.793, 95
Trd, 4319831.343, 97
Trd, 4319831.893, 111
Trd, 4319833.893, 102
Trd, 4319835.193, 101
Trd, 4319836.643, 103
Trd, 4319839.643, 102
Trd, 4319839.843, 91
Trd, 4319840.543, 96
Trd, 4319841.093, 97
Trd, 4319844.443, 97
Trd, 4319845.493, 100
Trd, 4319846.493, 78
Trd, 4319848.093, 80
Trd, 4319849.993, 90
Trd, 4319851.693, 91
Trd, 4319852.893, 87
Trd, 4319854.593, 95
Trd, 4319855.143, 99
Trd, 4319856.543, 98
Trd, 4319856.643, 102
Trd, 4319857.543, 97
Trd, 4319858.293, 113
Trd, 4319860.243, 94
Trd, 4319860.993, 95
Trd, 4319862.543, 90
Trd, 4319863.243, 95
Trd, 4319864.143, 95
Trd, 4319866.143, 93
Trd, 4319868.193, 91
Trd, 4319868.793, 94
Trd, 4319868.893, 95
Trd, 4319870.493, 99
Trd, 4319870.543, 97
Trd, 4319872.693, 108
Trd, 4319875.093, 102
Trd, 4319877.443, 98
Trd, 4319879.393, 99
Trd, 4319880.143, 98
Trd, 4319881.543, 96
Trd, 4319882.893, 95
Trd, 4319883.743, 106
Trd, 4319884.043, 98
Trd, 4319885.793, 97
Trd, 4319886.793, 93
Trd, 4319886.943, 88
Trd, 4319888.943, 92
Trd, 4319889.343, 92
Trd, 4319890.293, 91
Trd, 4319892.093, 95
Trd, 4319892.443, 90
Trd, 4319894.343, 91
Trd, 4319896.043, 90
Trd, 4319896.593, 89
Trd, 4319897.193, 92
Trd, 4319898.293, 100
Trd, 4319900.443, 95
Trd, 4319901.693, 113
Trd, 4319902.293, 94
Trd, 4319903.043, 80
Trd, 4319903.293, 90
Trd, 4319905.243, 101
Trd, 4319907.643, 84
Trd, 4319908.193, 85
Trd, 4319911.143, 86
Trd, 4319911.393, 86
Trd, 4319911.893, 88
Trd, 4319912.493, 88
Trd, 4319913.243, 96
Trd, 4319915.943, 92
Trd, 4319916.543, 103
Trd, 4319919.443, 95
Trd, 4319920.343, 96
Trd, 4319920.493, 98
Trd, 4319921.443, 97
Trd, 4319923.043, 94
Trd, 4319925.093, 100
Trd, 4319927.393, 82
Trd, 4319928.793, 92
Trd, 4319930.143, 90
Trd, 4319930.293, 88
Trd, 4319931.143, 101
Trd, 4319932.293, 95
Trd, 4319936.843, 101
Trd, 4319938.543, 98
Trd, 4319939.943, 89
Trd, 4319940.493, 90
Trd, 4319940.993, 89
Trd, 4319941.293, 96
Trd, 4319943.793, 90
Trd, 4319944.793, 95
Trd, 4319947.343, 98
Trd, 4319949.293, 91
Trd, 4319952.693, 90
Trd, 4319954.443, 94
Trd, 4319955.593, 92
Trd, 4319958.393, 87
Trd, 4319959.093, 87
Trd, 4319959.593, 87
Trd, 4319960.193, 86
Trd, 4319963.443, 103
Trd, 4319964.393, 94
Trd, 4319964.793, 95
Trd, 4319966.643, 96
Trd, 4319967.593, 96
Trd, 4319969.243, 99
Trd, 4319970.093, 107
Trd, 4319972.043, 111
Trd, 4319973.493, 107
Trd, 4319973.943, 104
Trd, 4319975.043, 104
Trd, 4319976.193, 103
Trd, 4319979.643, 102
Trd, 4319981.293, 96
Trd, 4319983.243, 88
Trd, 4319983.993, 82
Trd, 4319984.043, 83
Trd, 4319985.693, 94
Trd, 4319986.393, 87
Trd, 4319988.393, 84
Trd, 4319991.193, 83
Trd, 4319991.343, 87
Trd, 4319992.593, 88
Trd, 4319995.343, 99
Trd, 4319996.143, 99
Trd, 4319999.343, 97
Trd, 4319999.893, 97
