Trd, 4317831.993, 89
Trd, 4317832.893, 90
Trd, 4317835.993, 90
Trd, 4317838.093, 90
Trd, 4317839.043, 90
Trd, 4317841.093, 89
Trd, 4317841.193, 90
Trd, 4317841.943, 98
Trd, 4317842.893, 88
Trd, 4317846.843, 88
Trd, 4317847.143, 90
Trd, 4317847.243, 90
Trd, 4317850.043, 88
Trd, 4317850.243, 89
Trd, 4317853.893, 89
Trd, 4317856.443, 87
Trd, 4317857.443, 87
Trd, 4317857.993, 88
Trd, 4317860.443, 86
Trd, 4317860.693, 87
Trd, 4317863.093, 87
Trd, 4317863.643, 86
Trd, 4317867.193, 88
Trd, 4317869.043, 95
Trd, 4317871.643, 87
Trd, 4317872.293, 87
Trd, 4317872.693, 86
Trd, 4317876.843, 86
Trd, 4317877.743, 87
Trd, 4317879.043, 86
Trd, 4317879.093, 97
Trd, 4317880.843, 95
Trd, 4317883.493, 88
Trd, 4317885.143, 87
Trd, 4317886.793, 86
Trd, 4317887.043, 86
Trd, 4317888.793, 87
Trd, 4317890.643, 86
Trd, 4317891.043, 105
Trd, 4317892.493, 94
Trd, 4317893.043, 96
Trd, 4317893.693, 95
Trd, 4317895.943, 94
Trd, 4317898.943, 94
Trd, 4317900.743, 94
Trd, 4317901.643, 95
Trd, 4317902.893, 96
Trd, 4317903.293, 95
Trd, 4317904.093, 94
Trd, 4317905.493, 95
Trd, 4317905.943, 95
Trd, 4317909.243, 97
Trd, 4317909.793, 96
Trd, 4317910.243, 95
Trd, 4317911.893, 104
Trd, 4317913.293, 96
Trd, 4317914.193, 95
Trd, 4317918.443, 96
Trd, 4317920.043, 96
Trd, 4317920.793, 96
Trd, 4317921.293, 94
Trd, 4317923.993, 94
Trd, 4317924.543, 104
Trd, 4317925.943, 94
Trd, 4317928.893, 95
Trd, 4317929.043, 94
Trd, 4317931.093, 96
Trd, 4317933.693, 94
Trd, 4317933.993, 95
Trd, 4317937.493, 93
Trd, 4317937.843, 93
Trd, 4317938.543, 93
Trd, 4317938.943, 94
Trd, 4317939.393, 99
Trd, 4317942.543, 92
Trd, 4317942.993, 97
Trd, 4317945.193, 95
Trd, 4317945.893, 94
Trd, 4317948.143, 93
Trd, 4317948.643, 94
Trd, 4317950.443, 93
Trd, 4317951.593, 94
Trd, 4317952.193, 94
Trd, 4317954.243, 93
Trd, 4317954.693, 94
Trd, 4317956.843, 94
Trd, 4317957.393, 92
Trd, 4317961.243, 92
Trd, 4317962.143, 93
Trd, 4317963.743, 93
Trd, 4317964.893, 92
Trd, 4317966.193, 93
Trd, 4317968.493, 92
Trd, 4317968.693, 91
Trd, 4317972.143, 93
Trd, 4317977.043, 93
Trd, 4317977.493, 92
Trd, 4317977.543, 91
Trd, 4317979.343, 92
Trd, 4317982.593, 92
Trd, 4317983.443, 91
Trd, 4317983.843, 95
Trd, 4317985.293, 90
Trd, 4317986.593, 90
Trd, 4317988.293, 90
Trd, 4317989.193, 90
Trd, 4317992.643, 90
Trd, 4317993.893, 89
Trd, 4317995.593, 90
Trd, 4317998.393, 88
Trd, 4318000.043, 89
Trd, 4318002.293, 91
Trd, 4318003.393, 93
Trd, 4318003.493, 91
Trd, 4318004.393, 91
Trd, 4318004.893, 100
Trd, 4318006.043, 91
Trd, 4318009.993, 96
Trd, 4318010.943, 92
Trd, 4318011.593, 93
Trd, 4318012.693, 95
Trd, 4318015.093, 96
Trd, 4318019.343, 96
Trd, 4318019.843, 96
Trd, 4318019.893, 97
Trd, 4318022.093, 96
Trd, 4318023.093, 95
Trd, 4318023.493, 95
Trd, 4318024.843, 95
Trd, 4318026.243, 95
Trd, 4318026.393, 95
Trd, 4318027.343, 88
Trd, 4318029.443, 96
Trd, 4318031.393, 94
Trd, 4318033.993, 94
Trd, 4318034.593, 95
Trd, 4318037.043, 95
Trd, 4318038.443, 96
Trd, 4318039.593, 95
Trd, 4318042.343, 94
Trd, 4318043.143, 95
Trd, 4318047.443, 95
Trd, 4318048.243, 94
Trd, 4318051.193, 98
Trd, 4318052.943, 94
Trd, 4318053.843, 95
Trd, 4318056.293, 95
Trd, 4318056.393, 94
Trd, 4318058.093, 94
Trd, 4318058.143, 100
Trd, 4318060.043, 94
Trd, 4318062.443, 96
Trd, 4318062.843, 95
Trd, 4318063.593, 98
Trd, 4318065.293, 98
Trd, 4318066.843, 104
Trd, 4318067.143, 97
Trd, 4318067.743, 114
Trd, 4318068.493, 96
Trd, 4318068.943, 97
Trd, 4318071.743, 103
Trd, 4318071.993, 104
Trd, 4318072.143, 103
Trd, 4318074.393, 104
Trd, 4318075.143, 103
Trd, 4318076.243, 102
Trd, 4318078.093, 95
Trd, 4318079.193, 100
Trd, 4318080.893, 100
Trd, 4318081.893, 100
Trd, 4318083.843, 104
Trd, 4318084.443, 102
Trd, 4318084.743, 101
Trd, 4318087.043, 100
Trd, 4318088.843, 97
Trd, 4318089.043, 98
Trd, 4318089.143, 97
Trd, 4318092.493, 98
Trd, 4318094.143, 97
Trd, 4318095.143, 98
Trd, 4318095.893, 96
Trd, 4318096.493, 98
Trd, 4318097.693, 95
Trd, 4318100.043, 94
Trd, 4318102.093, 96
Trd, 4318102.693, 94
Trd, 4318104.643, 96
Trd, 4318106.193, 96
Trd, 4318107.293, 94
Trd, 4318108.393, 93
Trd, 4318111.543, 95
Trd, 4318113.193, 94
Trd, 4318115.693, 95
Trd, 4318116.143, 94
Trd, 4318118.893, 95
Trd, 4318121.093, 95
Trd, 4318122.293, 95
Trd, 4318125.693, 94
Trd, 4318126.743, 94
Trd, 4318127.043, 94
Trd, 4318129.193, 93
Trd, 4318130.343, 94
Trd, 4318130.493, 92
Trd, 4318132.043, 94
Trd, 4318134.793, 94
Trd, 4318135.393, 93
Trd, 4318137.893, 94
Trd, 4318138.793, 94
Trd, 4318140.843, 94
Trd, 4318142.293, 94
Trd, 4318142.943, 94
Trd, 4318143.993, 101
Trd, 4318145.993, 95
Trd, 4318151.093, 96
Trd, 4318153.743, 96
Trd, 4318155.643, 95
Trd, 4318155.793, 93
Trd, 4318157.243, 94
Trd, 4318160.493, 94
Trd, 4318162.943, 93
Trd, 4318163.043, 94
Trd, 4318164.493, 94
Trd, 4318166.693, 95
Trd, 4318167.243, 94
Trd, 4318168.143, 94
Trd, 4318168.493, 94
Trd, 4318169.493, 104
Trd, 4318172.043, 95
Trd, 4318172.093, 91
Trd, 4318175.393, 93
Trd, 4318176.293, 93
Trd, 4318177.293, 93
Trd, 4318179.893, 92
Trd, 4318181.893, 93
Trd, 4318182.443, 93
Trd, 4318183.593, 92
Trd, 4318183.793, 92
Trd, 4318186.443, 92
Trd, 4318186.693, 93
Trd, 4318190.743, 94
Trd, 4318191.143, 93
Trd, 4318194.793, 93
Trd, 4318194.943, 92
Trd, 4318195.543, 93
Trd, 4318195.993, 94
Trd, 4318198.243, 93
Trd, 4318199.193, 98
Trd, 4318199.643, 96
Trd, 4318202.593, 103
Trd, 4318205.693, 95
Trd, 4318205.943, 95
Trd, 4318206.143, 94
Trd, 4318208.193, 96
Trd, 4318210.093, 95
Trd, 4318212.843, 96
Trd, 4318215.693, 97
Trd, 4318216.193, 96
Trd, 4318216.343, 95
Trd, 4318218.043, 93
Trd, 4318218.543, 94
Trd, 4318218.643, 95
Trd, 4318221.393, 95
Trd, 4318223.493, 93
Trd, 4318224.393, 104
Trd, 4318227.193, 96
Trd, 4318229.043, 96
Trd, 4318229.743, 94
Trd, 4318230.943, 94
Trd, 4318232.943, 93
Trd, 4318233.193, 93
Trd, 4318233.243, 94
Trd, 4318236.093, 95
Trd, 4318239.893, 95
Trd, 4318239.993, 95
Trd, 4318242.543, 95
Trd, 4318243.493, 94
Trd, 4318245.493, 93
Trd, 4318247.193, 94
Trd, 4318248.093, 93
Trd, 4318249.243, 92
Trd, 4318250.693, 93
Trd, 4318250.893, 93
Trd, 4318252.593, 95
Trd, 4318253.343, 94
Trd, 4318255.043, 111
Trd, 4318255.243, 95
Trd, 4318257.993, 97
Trd, 4318258.043, 91
Trd, 4318258.893, 95
Trd, 4318261.143, 95
Trd, 4318261.493, 96
Trd, 4318263.243, 94
Trd, 4318265.543, 94
Trd, 4318266.493, 95
Trd, 4318266.843, 95
Trd, 4318267.593, 93
Trd, 4318268.993, 95
Trd, 4318272.143, 94
Trd, 4318272.593, 95
Trd, 4318273.743, 92
Trd, 4318278.243, 94
Trd, 4318280.393, 95
Trd, 4318282.493, 94
Trd, 4318282.543, 92
Trd, 4318283.493, 95
Trd, 4318287.143, 93
Trd, 4318287.693, 92
Trd, 4318289.343, 95
Trd, 4318291.543, 91
Trd, 4318293.593, 93
Trd, 4318296.043, 93
Trd, 4318296.993, 93
Trd, 4318297.693, 92
Trd, 4318298.093, 92
Trd, 4318299.693, 93
Trd, 4318301.643, 98
Trd, 4318302.343, 97
Trd, 4318302.593, 96
Trd, 4318303.043, 96
Trd, 4318305.843, 96
Trd, 4318306.393, 97
Trd, 4318308.243, 95
Trd, 4318309.643, 96
Trd, 4318311.193, 95
Trd, 4318312.743, 96
Trd, 4318313.643, 95
Trd, 4318315.143, 97
Trd, 4318315.193, 96
Trd, 4318319.543, 98
Trd, 4318319.693, 95
Trd, 4318319.993, 95
Trd, 4318321.893, 94
Trd, 4318321.943, 94
Trd, 4318322.943, 95
Trd, 4318325.743, 95
Trd, 4318326.793, 96
Trd, 4318329.693, 94
Trd, 4318331.193, 93
Trd, 4318331.343, 95
Trd, 4318332.193, 94
Trd, 4318332.543, 93
Trd, 4318333.443, 95
Trd, 4318336.293, 94
Trd, 4318337.143, 92
Trd, 4318340.243, 92
Trd, 4318340.543, 93
Trd, 4318343.993, 93
Trd, 4318344.443, 93
Trd, 4318346.993, 92
Trd, 4318349.093, 93
Trd, 4318350.793, 92
Trd, 4318351.043, 93
Trd, 4318351.093, 91
Trd, 4318352.093, 97
Trd, 4318353.843, 99
Trd, 4318353.893, 98
Trd, 4318355.193, 98
Trd, 4318356.043, 96
Trd, 4318356.193, 104
Trd, 4318357.493, 100
Trd, 4318360.143, 101
Trd, 4318362.293, 104
Trd, 4318363.143, 103
Trd, 4318363.593, 103
Trd, 4318365.193, 104
Trd, 4318366.293, 102
Trd, 4318366.893, 101
Trd, 4318367.393, 100
Trd, 4318368.493, 101
Trd, 4318369.593, 101
Trd, 4318371.143, 101
Trd, 4318372.043, 104
Trd, 4318373.493, 107
Trd, 4318374.543, 106
Trd, 4318376.093, 114
Trd, 4318377.643, 105
Trd, 4318378.193, 98
Trd, 4318379.543, 102
Trd, 4318381.893, 102
Trd, 4318382.643, 101
Trd, 4318383.043, 100
Trd, 4318383.793, 101
Trd, 4318386.993, 102
Trd, 4318388.743, 100
Trd, 4318389.243, 99
Trd, 4318389.943, 100
Trd, 4318391.143, 100
Trd, 4318394.093, 99
Trd, 4318394.293, 100
Trd, 4318395.243, 98
Trd, 4318397.393, 98
Trd, 4318397.543, 95
Trd, 4318398.443, 97
Trd, 4318400.193, 97
Trd, 4318400.343, 96
Trd, 4318402.693, 96
Trd, 4318404.393, 94
Trd, 4318407.243, 94
Trd, 4318408.393, 95
Trd, 4318410.743, 95
Trd, 4318410.843, 95
Trd, 4318411.743, 94
Trd, 4318412.843, 95
Trd, 4318415.643, 93
Trd, 4318416.393, 92
Trd, 4318416.793, 94
Trd, 4318417.243, 94
Trd, 4318417.343, 95
Trd, 4318422.093, 94
Trd, 4318422.693, 95
Trd, 4318426.243, 93
Trd, 4318427.043, 95
Trd, 4318429.843, 93
Trd, 4318430.893, 94
Trd, 4318431.643, 94
Trd, 4318433.093, 93
Trd, 4318434.893, 97
Trd, 4318436.393, 94
Trd, 4318437.843, 95
Trd, 4318440.443, 94
Trd, 4318441.643, 94
Trd, 4318442.043, 94
Trd, 4318443.193, 94
Trd, 4318444.643, 100
Trd, 4318446.543, 94
Trd, 4318449.993, 93
Trd, 4318451.193, 94
Trd, 4318451.593, 93
Trd, 4318451.893, 92
Trd, 4318452.943, 93
Trd, 4318453.893, 93
Trd, 4318455.393, 99
Trd, 4318457.193, 92
Trd, 4318457.593, 94
Trd, 4318459.143, 94
Trd, 4318459.493, 94
Trd, 4318461.743, 99
Trd, 4318462.543, 97
Trd, 4318465.043, 97
Trd, 4318465.693, 96
Trd, 4318466.543, 96
Trd, 4318467.543, 95
Trd, 4318468.943, 97
Trd, 4318470.643, 98
Trd, 4318472.593, 96
Trd, 4318473.143, 95
Trd, 4318475.193, 96
Trd, 4318475.943, 96
Trd, 4318476.543, 96
Trd, 4318476.993, 100
Trd, 4318479.843, 94
Trd, 4318480.943, 95
Trd, 4318483.193, 95
Trd, 4318483.543, 94
Trd, 4318486.693, 104
Trd, 4318487.843, 95
Trd, 4318488.693, 100
Trd, 4318490.593, 100
Trd, 4318491.293, 100
Trd, 4318493.193, 87
Trd, 4318494.443, 96
Trd, 4318495.643, 94
Trd, 4318496.493, 94
Trd, 4318497.743, 104
Trd, 4318500.793, 93
Trd, 4318502.693, 94
Trd, 4318504.243, 93
Trd, 4318508.593, 93
Trd, 4318509.743, 92
Trd, 4318509.793, 92
Trd, 4318510.393, 97
Trd, 4318511.193, 93
Trd, 4318513.293, 93
Trd, 4318515.443, 105
Trd, 4318516.943, 98
Trd, 4318517.043, 99
Trd, 4318518.193, 95
Trd, 4318518.243, 96
Trd, 4318519.043, 96
Trd, 4318522.743, 96
Trd, 4318523.043, 95
Trd, 4318525.193, 95
Trd, 4318525.543, 94
Trd, 4318527.443, 94
Trd, 4318528.043, 94
Trd, 4318531.543, 94
Trd, 4318531.743, 94
Trd, 4318533.593, 93
Trd, 4318533.693, 93
Trd, 4318534.243, 94
Trd, 4318537.293, 114
Trd, 4318537.543, 122
Trd, 4318537.893, 96
Trd, 4318541.843, 100
Trd, 4318542.693, 100
Trd, 4318543.643, 100
Trd, 4318545.893, 99
Trd, 4318546.793, 99
Trd, 4318546.993, 98
Trd, 4318550.543, 98
Trd, 4318550.743, 99
Trd, 4318552.893, 101
Trd, 4318553.293, 102
Trd, 4318554.843, 101
Trd, 4318556.093, 102
Trd, 4318556.743, 104
Trd, 4318558.343, 102
Trd, 4318560.593, 101
Trd, 4318562.293, 100
Trd, 4318562.343, 101
Trd, 4318562.593, 100
Trd, 4318564.943, 100
Trd, 4318565.193, 99
Trd, 4318567.193, 101
Trd, 4318567.843, 98
Trd, 4318568.543, 99
Trd, 4318572.743, 99
Trd, 4318572.843, 100
Trd, 4318575.693, 100
Trd, 4318576.543, 99
Trd, 4318576.693, 98
Trd, 4318576.843, 98
Trd, 4318576.993, 100
Trd, 4318581.093, 98
Trd, 4318581.393, 97
Trd, 4318582.943, 97
Trd, 4318582.993, 96
Trd, 4318584.143, 96
Trd, 4318587.293, 96
Trd, 4318588.943, 98
Trd, 4318589.443, 96
Trd, 4318591.043, 97
Trd, 4318594.893, 96
Trd, 4318595.593, 97
Trd, 4318596.293, 104
Trd, 4318598.293, 95
Trd, 4318599.443, 97
Trd, 4318600.493, 95
Trd, 4318601.393, 94
Trd, 4318601.793, 94
Trd, 4318602.143, 94
Trd, 4318604.343, 93
Trd, 4318604.893, 96
Trd, 4318607.943, 93
Trd, 4318609.143, 94
Trd, 4318611.793, 93
Trd, 4318611.843, 93
Trd, 4318612.543, 92
Trd, 4318612.993, 94
Trd, 4318616.093, 92
Trd, 4318616.743, 91
Trd, 4318618.643, 92
Trd, 4318621.993, 91
Trd, 4318623.093, 91
Trd, 4318623.543, 90
Trd, 4318624.093, 94
Trd, 4318626.343, 94
Trd, 4318627.743, 93
Trd, 4318629.243, 94
Trd, 4318629.293, 94
Trd, 4318630.793, 95
Trd, 4318632.043, 105
Trd, 4318632.843, 94
Trd, 4318634.693, 95
Trd, 4318635.093, 93
Trd, 4318637.743, 93
Trd, 4318639.343, 94
Trd, 4318640.443, 94
Trd, 4318640.893, 93
Trd, 4318642.643, 93
Trd, 4318644.143, 93
Trd, 4318644.693, 94
Trd, 4318646.393, 99
Trd, 4318647.043, 96
Trd, 4318647.343, 93
Trd, 4318650.393, 97
Trd, 4318650.443, 105
Trd, 4318651.043, 96
Trd, 4318651.793, 96
Trd, 4318654.543, 99
Trd, 4318655.243, 99
Trd, 4318656.043, 95
Trd, 4318656.243, 94
Trd, 4318656.793, 97
Trd, 4318659.193, 113
Trd, 4318661.093, 102
Trd, 4318662.893, 96
Trd, 4318665.593, 96
Trd, 4318667.043, 98
Trd, 4318668.543, 97
Trd, 4318668.643, 97
Trd, 4318669.643, 96
Trd, 4318672.093, 95
Trd, 4318674.593, 95
Trd, 4318675.043, 95
Trd, 4318676.593, 96
Trd, 4318678.443, 96
Trd, 4318678.843, 94
Trd, 4318680.943, 95
Trd, 4318682.693, 93
Trd, 4318683.143, 93
Trd, 4318683.943, 93
Trd, 4318686.243, 93
Trd, 4318687.343, 99
Trd, 4318688.893, 92
Trd, 4318691.093, 92
Trd, 4318693.343, 93
Trd, 4318693.693, 95
Trd, 4318694.543, 93
Trd, 4318694.843, 92
Trd, 4318697.693, 95
Trd, 4318703.243, 92
Trd, 4318703.443, 91
Trd, 4318706.743, 92
Trd, 4318708.693, 92
Trd, 4318710.193, 94
Trd, 4318711.543, 92
Trd, 4318712.693, 92
Trd, 4318713.343, 94
Trd, 4318715.843, 95
Trd, 4318718.493, 95
Trd, 4318719.343, 94
Trd, 4318719.843, 94
Trd, 4318720.943, 93
Trd, 4318721.843, 92
Trd, 4318722.543, 91
Trd, 4318723.893, 93
Trd, 4318726.143, 94
Trd, 4318727.693, 96
Trd, 4318729.293, 102
Trd, 4318729.543, 98
Trd, 4318730.843, 100
Trd, 4318731.393, 94
Trd, 4318731.693, 95
Trd, 4318733.743, 97
Trd, 4318736.093, 103
Trd, 4318736.893, 99
Trd, 4318737.893, 99
Trd, 4318739.693, 98
Trd, 4318740.793, 99
Trd, 4318742.393, 100
Trd, 4318743.743, 98
Trd, 4318744.393, 96
Trd, 4318744.493, 99
Trd, 4318746.293, 97
Trd, 4318748.643, 97
Trd, 4318748.693, 104
Trd, 4318751.643, 96
Trd, 4318751.843, 96
Trd, 4318754.143, 96
Trd, 4318754.443, 94
Trd, 4318754.643, 95
Trd, 4318754.893, 96
Trd, 4318758.993, 95
Trd, 4318760.693, 94
Trd, 4318760.843, 96
Trd, 4318764.043, 94
Trd, 4318764.593, 95
Trd, 4318765.793, 95
Trd, 4318765.893, 94
Trd, 4318768.343, 95
Trd, 4318770.643, 94
Trd, 4318772.243, 95
Trd, 4318773.693, 96
Trd, 4318773.993, 96
Trd, 4318775.243, 97
Trd, 4318776.893, 97
Trd, 4318780.143, 96
Trd, 4318782.343, 96
Trd, 4318782.643, 96
Trd, 4318783.143, 94
Trd, 4318784.193, 105
Trd, 4318786.043, 95
Trd, 4318787.693, 95
Trd, 4318788.693, 94
Trd, 4318790.393, 95
Trd, 4318793.293, 94
Trd, 4318794.443, 94
Trd, 4318795.293, 95
Trd, 4318797.093, 94
Trd, 4318799.193, 95
Trd, 4318800.093, 94
Trd, 4318800.393, 95
Trd, 4318804.443, 95
Trd, 4318805.743, 95
Trd, 4318807.443, 94
Trd, 4318809.043, 95
Trd, 4318809.993, 95
Trd, 4318810.043, 94
Trd, 4318812.943, 94
Trd, 4318815.743, 93
Trd, 4318815.943, 95
Trd, 4318816.943, 96
Trd, 4318817.293, 95
Trd, 4318817.593, 95
Trd, 4318818.243, 95
Trd, 4318820.643, 94
Trd, 4318822.543, 94
Trd, 4318822.943, 95
Trd, 4318824.493, 98
Trd, 4318825.593, 99
Trd, 4318825.743, 97
Trd, 4318826.343, 98
Trd, 4318827.743, 98
Trd, 4318830.243, 98
Trd, 4318831.393, 96
Trd, 4318833.443, 96
Trd, 4318834.193, 98
Trd, 4318836.043, 96
Trd, 4318838.193, 99
Trd, 4318839.743, 97
Trd, 4318840.643, 98
Trd, 4318841.943, 97
Trd, 4318843.743, 97
Trd, 4318846.243, 98
Trd, 4318848.043, 97
Trd, 4318848.793, 96
Trd, 4318849.993, 97
Trd, 4318851.393, 97
Trd, 4318854.243, 97
Trd, 4318854.643, 97
Trd, 4318856.243, 97
Trd, 4318857.243, 101
Trd, 4318859.743, 97
Trd, 4318860.693, 98
Trd, 4318861.493, 104
Trd, 4318862.893, 97
Trd, 4318863.643, 97
Trd, 4318864.743, 98
Trd, 4318866.493, 104
Trd, 4318867.093, 101
Trd, 4318867.243, 99
Trd, 4318868.643, 101
Trd, 4318870.143, 100
Trd, 4318871.993, 102
Trd, 4318873.493, 111
Trd, 4318874.993, 102
Trd, 4318877.193, 104
Trd, 4318878.243, 101
Trd, 4318879.543, 100
Trd, 4318880.093, 101
Trd, 4318881.193, 101
Trd, 4318882.393, 100
Trd, 4318884.343, 100
Trd, 4318884.743, 100
Trd, 4318887.543, 101
Trd, 4318889.493, 101
Trd, 4318890.743, 101
Trd, 4318891.343, 101
Trd, 4318892.993, 102
Trd, 4318893.643, 100
Trd, 4318898.743, 102
Trd, 4318899.593, 99
Trd, 4318900.193, 101
Trd, 4318901.893, 102
Trd, 4318902.493, 100
Trd, 4318905.093, 99
Trd, 4318906.093, 99
Trd, 4318906.143, 100
Trd, 4318909.093, 100
Trd, 4318910.243, 99
Trd, 4318910.393, 101
Trd, 4318913.643, 102
Trd, 4318913.743, 104
Trd, 4318915.643, 101
Trd, 4318916.293, 100
Trd, 4318916.493, 101
Trd, 4318919.293, 98
Trd, 4318920.493, 94
Trd, 4318920.593, 97
Trd, 4318921.693, 104
Trd, 4318922.393, 101
Trd, 4318922.593, 99
Trd, 4318924.443, 93
Trd, 4318927.943, 92
Trd, 4318928.143, 92
Trd, 4318928.843, 94
Trd, 4318929.493, 100
Trd, 4318930.843, 95
Trd, 4318931.843, 95
Trd, 4318932.743, 94
Trd, 4318932.993, 95
Trd, 4318933.543, 100
Trd, 4318934.943, 114
Trd, 4318935.993, 93
Trd, 4318936.893, 94
Trd, 4318940.193, 97
Trd, 4318944.193, 98
Trd, 4318948.393, 96
Trd, 4318949.193, 95
Trd, 4318949.443, 96
Trd, 4318950.893, 95
Trd, 4318952.593, 95
Trd, 4318955.443, 94
Trd, 4318957.343, 95
Trd, 4318957.793, 94
Trd, 4318959.193, 94
Trd, 4318960.643, 94
Trd, 4318961.593, 94
Trd, 4318963.443, 93
Trd, 4318968.343, 93
Trd, 4318968.843, 94
Trd, 4318973.343, 94
Trd, 4318974.193, 93
Trd, 4318975.393, 94
Trd, 4318976.743, 95
Trd, 4318977.293, 95
Trd, 4318977.393, 97
Trd, 4318980.443, 94
Trd, 4318982.593, 93
Trd, 4318983.793, 94
Trd, 4318984.843, 93
Trd, 4318988.543, 93
Trd, 4318988.693, 95
Trd, 4318991.843, 92
Trd, 4318992.693, 94
Trd, 4318993.693, 92
Trd, 4318995.443, 94
Trd, 4318998.093, 93
Trd, 4318998.143, 94
Trd, 4318999.793, 93
Trd, 4319000.743, 94
Trd, 4319002.243, 86
Trd, 4319007.193, 94
Trd, 4319007.893, 92
Trd, 4319010.893, 92
Trd, 4319011.143, 93
Trd, 4319014.343, 93
Trd, 4319015.893, 92
Trd, 4319016.443, 92
Trd, 4319017.893, 93
Trd, 4319019.693, 92
Trd, 4319020.543, 93
Trd, 4319023.543, 93
Trd, 4319026.443, 91
Trd, 4319026.493, 93
Trd, 4319028.443, 90
Trd, 4319029.593, 91
Trd, 4319030.843, 92
Trd, 4319031.043, 99
Trd, 4319033.493, 91
Trd, 4319034.343, 104
Trd, 4319035.943, 90
Trd, 4319037.343, 92
Trd, 4319037.943, 92
Trd, 4319039.793, 92
Trd, 4319041.243, 90
Trd, 4319042.493, 89
Trd, 4319043.793, 91
Trd, 4319044.043, 89
Trd, 4319044.193, 91
Trd, 4319049.143, 90
Trd, 4319050.043, 90
Trd, 4319051.643, 91
Trd, 4319054.093, 89
Trd, 4319056.093, 90
Trd, 4319057.743, 90
Trd, 4319058.843, 93
Trd, 4319059.043, 104
Trd, 4319061.943, 102
Trd, 4319064.043, 101
Trd, 4319064.293, 100
Trd, 4319064.793, 86
Trd, 4319065.443, 93
Trd, 4319066.393, 94
Trd, 4319067.043, 93
Trd, 4319069.043, 93
Trd, 4319072.193, 104
Trd, 4319072.993, 95
Trd, 4319074.193, 95
Trd, 4319075.293, 99
Trd, 4319076.343, 98
Trd, 4319077.393, 96
Trd, 4319080.043, 98
Trd, 4319080.943, 97
Trd, 4319082.093, 97
Trd, 4319082.693, 102
Trd, 4319085.393, 99
Trd, 4319086.293, 97
Trd, 4319086.393, 97
Trd, 4319087.043, 104
Trd, 4319088.993, 100
Trd, 4319094.543, 97
Trd, 4319095.043, 98
Trd, 4319095.093, 96
Trd, 4319095.593, 94
Trd, 4319096.893, 94
Trd, 4319097.593, 91
Trd, 4319097.943, 115
Trd, 4319099.593, 103
Trd, 4319103.343, 95
Trd, 4319107.543, 95
Trd, 4319107.593, 104
Trd, 4319108.543, 94
Trd, 4319109.893, 96
Trd, 4319110.643, 93
Trd, 4319113.843, 95
Trd, 4319116.893, 95
Trd, 4319118.293, 94
Trd, 4319119.543, 94
Trd, 4319119.943, 97
Trd, 4319121.743, 94
Trd, 4319122.693, 93
Trd, 4319125.443, 93
Trd, 4319126.293, 94
Trd, 4319127.943, 93
Trd, 4319128.593, 94
Trd, 4319129.593, 94
Trd, 4319130.543, 93
Trd, 4319132.643, 94
Trd, 4319132.793, 93
Trd, 4319135.593, 93
Trd, 4319135.743, 93
Trd, 4319136.593, 96
Trd, 4319136.943, 94
Trd, 4319142.393, 94
Trd, 4319143.093, 94
Trd, 4319144.193, 94
Trd, 4319145.243, 93
Trd, 4319146.493, 94
Trd, 4319147.193, 93
Trd, 4319150.043, 92
Trd, 4319150.643, 94
Trd, 4319152.793, 94
Trd, 4319153.593, 92
Trd, 4319155.593, 93
Trd, 4319156.843, 95
Trd, 4319158.343, 95
Trd, 4319159.643, 94
Trd, 4319160.893, 93
Trd, 4319161.693, 95
Trd, 4319164.293, 95
Trd, 4319165.243, 96
Trd, 4319165.493, 95
Trd, 4319165.543, 94
Trd, 4319166.843, 94
Trd, 4319169.543, 94
Trd, 4319171.093, 94
Trd, 4319171.193, 93
Trd, 4319172.693, 102
Trd, 4319177.843, 94
Trd, 4319179.493, 95
Trd, 4319181.193, 95
Trd, 4319182.343, 94
Trd, 4319182.793, 95
Trd, 4319186.293, 94
Trd, 4319187.743, 95
Trd, 4319189.543, 95
Trd, 4319192.393, 94
Trd, 4319192.493, 93
Trd, 4319192.893, 92
Trd, 4319196.893, 94
Trd, 4319198.443, 93
Trd, 4319199.043, 94
Trd, 4319199.143, 95
Trd, 4319201.843, 104
Trd, 4319203.493, 92
Trd, 4319204.593, 91
Trd, 4319205.143, 91
Trd, 4319205.743, 93
Trd, 4319206.493, 93
Trd, 4319207.093, 93
Trd, 4319208.493, 95
Trd, 4319209.393, 94
Trd, 4319210.743, 94
Trd, 4319211.393, 94
Trd, 4319213.893, 104
Trd, 4319214.793, 97
Trd, 4319215.543, 95
Trd, 4319215.793, 96
Trd, 4319217.293, 133
Trd, 4319217.443, 98
Trd, 4319219.243, 99
Trd, 4319221.043, 98
Trd, 4319222.343, 99
Trd, 4319225.843, 100
Trd, 4319229.343, 99
Trd, 4319230.393, 101
Trd, 4319231.393, 100
Trd, 4319232.043, 100
Trd, 4319232.093, 101
Trd, 4319235.243, 99
Trd, 4319235.943, 98
Trd, 4319236.093, 101
Trd, 4319237.893, 98
Trd, 4319238.043, 99
Trd, 4319238.293, 98
Trd, 4319239.043, 101
Trd, 4319243.143, 97
Trd, 4319243.343, 97
Trd, 4319244.143, 94
Trd, 4319248.193, 96
Trd, 4319248.893, 97
Trd, 4319250.843, 96
Trd, 4319253.243, 99
Trd, 4319254.793, 98
Trd, 4319257.043, 97
Trd, 4319257.543, 99
Trd, 4319258.193, 97
Trd, 4319259.093, 97
Trd, 4319260.493, 99
Trd, 4319261.993, 95
Trd, 4319263.443, 97
Trd, 4319265.793, 95
Trd, 4319266.293, 96
Trd, 4319267.543, 96
Trd, 4319268.593, 95
Trd, 4319269.443, 96
Trd, 4319273.143, 94
Trd, 4319273.943, 95
Trd, 4319276.043, 95
Trd, 4319278.693, 94
Trd, 4319279.743, 96
Trd, 4319279.993, 94
Trd, 4319280.343, 104
Trd, 4319280.793, 93
Trd, 4319282.043, 97
Trd, 4319284.043, 93
Trd, 4319287.243, 94
Trd, 4319288.693, 93
Trd, 4319289.893, 94
Trd, 4319290.593, 94
Trd, 4319295.743, 92
Trd, 4319297.543, 93
Trd, 4319298.243, 93
Trd, 4319299.543, 93
Trd, 4319302.443, 94
Trd, 4319302.493, 97
Trd, 4319304.993, 93
Trd, 4319306.293, 95
Trd, 4319308.693, 93
Trd, 4319309.543, 94
Trd, 4319312.093, 93
Trd, 4319313.093, 94
Trd, 4319313.393, 96
Trd, 4319316.693, 96
Trd, 4319317.743, 104
Trd, 4319318.243, 96
Trd, 4319318.493, 94
Trd, 4319321.293, 105
Trd, 4319321.743, 104
Trd, 4319321.793, 102
Trd, 4319322.393, 102
Trd, 4319322.593, 101
Trd, 4319324.993, 112
Trd, 4319325.893, 104
Trd, 4319325.993, 105
Trd, 4319326.343, 106
Trd, 4319327.693, 103
Trd, 4319329.643, 105
Trd, 4319329.793, 104
Trd, 4319330.243, 103
Trd, 4319330.843, 104
Trd, 4319334.593, 93
Trd, 4319334.843, 97
Trd, 4319335.793, 95
Trd, 4319336.593, 96
Trd, 4319337.493, 97
Trd, 4319337.793, 96
Trd, 4319339.543, 97
Trd, 4319339.643, 95
Trd, 4319341.993, 93
Trd, 4319343.243, 104
Trd, 4319344.243, 94
Trd, 4319347.893, 93
Trd, 4319351.243, 94
Trd, 4319351.343, 95
Trd, 4319352.143, 94
Trd, 4319354.893, 95
Trd, 4319355.043, 93
Trd, 4319359.543, 94
Trd, 4319362.193, 95
Trd, 4319362.393, 95
Trd, 4319367.243, 96
Trd, 4319367.843, 95
Trd, 4319371.043, 93
Trd, 4319371.993, 93
Trd, 4319372.693, 93
Trd, 4319374.993, 93
Trd, 4319375.643, 95
Trd, 4319377.293, 93
Trd, 4319378.643, 93
Trd, 4319378.893, 92
Trd, 4319381.193, 101
Trd, 4319382.043, 94
Trd, 4319382.843, 94
Trd, 4319383.693, 96
Trd, 4319387.743, 95
Trd, 4319389.843, 95
Trd, 4319390.393, 94
Trd, 4319392.193, 94
Trd, 4319392.793, 95
Trd, 4319392.893, 93
Trd, 4319397.343, 93
Trd, 4319397.793, 95
Trd, 4319398.943, 95
Trd, 4319400.893, 96
Trd, 4319402.493, 96
Trd, 4319403.593, 96
Trd, 4319404.643, 95
Trd, 4319406.543, 95
Trd, 4319407.843, 95
Trd, 4319407.943, 94
Trd, 4319410.493, 95
Trd, 4319412.343, 94
Trd, 4319414.293, 95
Trd, 4319414.793, 94
Trd, 4319416.493, 95
Trd, 4319418.793, 93
Trd, 4319419.793, 95
Trd, 4319422.043, 97
Trd, 4319422.743, 96
Trd, 4319422.793, 96
Trd, 4319423.993, 96
Trd, 4319425.643, 95
Trd, 4319425.843, 95
Trd, 4319427.893, 94
Trd, 4319428.743, 95
Trd, 4319432.193, 94
Trd, 4319433.093, 95
Trd, 4319434.743, 94
Trd, 4319434.843, 95
Trd, 4319435.193, 94
Trd, 4319437.793, 94
Trd, 4319439.343, 95
Trd, 4319441.293, 93
Trd, 4319442.243, 93
Trd, 4319446.243, 95
Trd, 4319449.893, 96
Trd, 4319451.143, 95
Trd, 4319451.393, 95
Trd, 4319451.843, 95
Trd, 4319452.493, 94
Trd, 4319454.543, 93
Trd, 4319455.043, 94
Trd, 4319455.943, 93
Trd, 4319458.243, 93
Trd, 4319458.693, 97
Trd, 4319460.093, 92
Trd, 4319460.643, 103
Trd, 4319462.743, 94
Trd, 4319463.993, 94
Trd, 4319465.143, 96
Trd, 4319466.343, 94
Trd, 4319469.143, 95
Trd, 4319469.793, 94
Trd, 4319470.743, 93
Trd, 4319470.843, 100
Trd, 4319472.893, 104
Trd, 4319475.793, 97
Trd, 4319477.193, 98
Trd, 4319477.243, 97
Trd, 4319478.043, 96
Trd, 4319479.193, 96
Trd, 4319480.843, 97
Trd, 4319482.493, 95
Trd, 4319483.343, 96
Trd, 4319485.043, 95
Trd, 4319485.743, 96
Trd, 4319487.843, 94
Trd, 4319490.443, 94
Trd, 4319491.793, 95
Trd, 4319491.893, 102
Trd, 4319493.393, 93
Trd, 4319494.793, 94
Trd, 4319495.993, 93
Trd, 4319497.743, 94
Trd, 4319498.143, 94
Trd, 4319498.843, 99
Trd, 4319499.643, 93
Trd, 4319500.543, 96
Trd, 4319500.793, 95
Trd, 4319501.993, 95
Trd, 4319503.193, 96
Trd, 4319507.543, 95
Trd, 4319508.043, 96
Trd, 4319511.643, 96
Trd, 4319515.393, 94
Trd, 4319516.893, 95
Trd, 4319517.143, 95
Trd, 4319519.843, 94
Trd, 4319520.893, 95
Trd, 4319522.193, 95
Trd, 4319525.543, 95
Trd, 4319526.593, 104
Trd, 4319528.793, 94
Trd, 4319531.293, 93
Trd, 4319531.943, 93
Trd, 4319532.893, 95
Trd, 4319533.293, 94
Trd, 4319534.543, 93
Trd, 4319536.143, 92
Trd, 4319538.743, 92
Trd, 4319538.893, 91
Trd, 4319541.643, 92
Trd, 4319543.343, 93
Trd, 4319546.993, 93
Trd, 4319547.243, 91
Trd, 4319550.993, 93
Trd, 4319551.443, 94
Trd, 4319553.643, 93
Trd, 4319557.793, 91
Trd, 4319560.343, 93
Trd, 4319561.993, 95
Trd, 4319562.243, 93
Trd, 4319562.493, 92
Trd, 4319563.643, 92
Trd, 4319566.343, 94
Trd, 4319567.693, 96
Trd, 4319569.393, 96
Trd, 4319570.243, 104
Trd, 4319571.843, 95
Trd, 4319571.893, 95
Trd, 4319576.093, 94
Trd, 4319577.493, 96
Trd, 4319578.593, 95
Trd, 4319578.643, 105
Trd, 4319579.293, 95
Trd, 4319580.593, 95
Trd, 4319581.143, 94
Trd, 4319582.693, 96
Trd, 4319584.143, 99
Trd, 4319586.043, 96
Trd, 4319587.293, 95
Trd, 4319589.443, 96
Trd, 4319589.843, 96
Trd, 4319591.443, 95
Trd, 4319592.593, 98
Trd, 4319598.593, 96
Trd, 4319599.193, 94
Trd, 4319602.693, 94
Trd, 4319602.743, 93
Trd, 4319603.593, 94
Trd, 4319603.893, 93
Trd, 4319604.643, 104
Trd, 4319606.843, 96
Trd, 4319607.493, 97
Trd, 4319608.343, 97
Trd, 4319609.643, 96
Trd, 4319610.193, 96
Trd, 4319610.393, 97
Trd, 4319611.643, 95
Trd, 4319613.493, 96
Trd, 4319614.243, 104
Trd, 4319617.493, 95
Trd, 4319618.093, 95
Trd, 4319619.193, 97
Trd, 4319619.793, 95
Trd, 4319620.393, 95
Trd, 4319621.493, 95
Trd, 4319623.443, 95
Trd, 4319625.843, 94
Trd, 4319627.993, 95
Trd, 4319628.943, 94
Trd, 4319629.393, 95
Trd, 4319631.093, 93
Trd, 4319633.343, 93
Trd, 4319634.943, 94
Trd, 4319637.693, 94
Trd, 4319640.643, 93
Trd, 4319641.343, 93
Trd, 4319642.243, 93
Trd, 4319644.043, 92
Trd, 4319645.893, 93
Trd, 4319647.993, 94
Trd, 4319648.843, 97
Trd, 4319649.843, 96
Trd, 4319650.593, 93
Trd, 4319651.343, 94
Trd, 4319652.143, 105
Trd, 4319653.793, 88
Trd, 4319655.743, 92
Trd, 4319656.743, 91
Trd, 4319658.943, 93
Trd, 4319661.293, 90
Trd, 4319662.543, 91
Trd, 4319664.043, 92
Trd, 4319665.093, 92
Trd, 4319665.793, 92
Trd, 4319665.893, 95
Trd, 4319668.243, 94
Trd, 4319668.843, 95
Trd, 4319670.893, 94
Trd, 4319671.243, 93
Trd, 4319671.943, 97
Trd, 4319675.543, 93
Trd, 4319677.643, 96
Trd, 4319677.793, 95
Trd, 4319678.243, 107
Trd, 4319680.643, 96
Trd, 4319683.143, 97
Trd, 4319684.793, 96
Trd, 4319686.093, 96
Trd, 4319687.093, 95
Trd, 4319689.143, 94
Trd, 4319690.543, 95
Trd, 4319690.793, 94
Trd, 4319695.593, 95
Trd, 4319695.843, 94
Trd, 4319698.293, 95
Trd, 4319700.543, 94
Trd, 4319701.693, 95
Trd, 4319702.593, 97
Trd, 4319703.243, 94
Trd, 4319708.193, 96
Trd, 4319708.393, 95
Trd, 4319709.143, 94
Trd, 4319710.143, 95
Trd, 4319714.643, 95
Trd, 4319715.993, 96
Trd, 4319717.593, 94
Trd, 4319718.243, 94
Trd, 4319720.093, 95
Trd, 4319722.543, 94
Trd, 4319725.443, 94
Trd, 4319725.943, 94
Trd, 4319727.043, 93
Trd, 4319727.143, 104
Trd, 4319728.793, 95
Trd, 4319730.243, 94
Trd, 4319731.993, 95
Trd, 4319732.843, 94
Trd, 4319733.693, 95
Trd, 4319737.143, 95
Trd, 4319739.243, 95
Trd, 4319739.643, 94
Trd, 4319742.143, 93
Trd, 4319744.393, 94
Trd, 4319746.093, 94
Trd, 4319746.743, 93
Trd, 4319748.743, 94
Trd, 4319749.843, 96
Trd, 4319752.393, 95
Trd, 4319752.643, 104
Trd, 4319756.193, 95
Trd, 4319756.293, 94
Trd, 4319759.893, 94
Trd, 4319761.043, 95
Trd, 4319761.643, 97
Trd, 4319762.993, 103
Trd, 4319765.543, 96
Trd, 4319766.643, 95
Trd, 4319768.943, 97
Trd, 4319770.343, 96
Trd, 4319771.743, 94
Trd, 4319772.343, 104
Trd, 4319772.843, 93
Trd, 4319773.393, 93
Trd, 4319777.793, 94
Trd, 4319778.593, 93
Trd, 4319778.743, 95
Trd, 4319785.343, 92
Trd, 4319787.043, 93
Trd, 4319787.593, 92
Trd, 4319788.093, 92
Trd, 4319788.443, 96
Trd, 4319791.493, 91
Trd, 4319791.593, 91
Trd, 4319792.193, 104
Trd, 4319793.293, 95
Trd, 4319794.293, 97
Trd, 4319794.593, 96
Trd, 4319794.993, 96
Trd, 4319797.943, 97
Trd, 4319799.843, 97
Trd, 4319800.293, 103
Trd, 4319800.593, 96
Trd, 4319802.843, 97
Trd, 4319803.843, 96
Trd, 4319805.393, 95
Trd, 4319806.793, 97
Trd, 4319807.843, 95
Trd, 4319808.793, 95
Trd, 4319809.643, 95
Trd, 4319812.293, 95
Trd, 4319813.093, 95
Trd, 4319813.393, 93
Trd, 4319814.993, 96
Trd, 4319817.193, 95
Trd, 4319819.393, 94
Trd, 4319819.743, 95
Trd, 4319821.443, 95
Trd, 4319823.643, 94
Trd, 4319826.643, 95
Trd, 4319827.643, 96
Trd, 4319829.143, 94
Trd, 4319830.993, 93
Trd, 4319831.643, 95
Trd, 4319833.093, 95
Trd, 4319835.593, 95
Trd, 4319837.143, 94
Trd, 4319841.543, 95
Trd, 4319841.843, 95
Trd, 4319842.843, 94
Trd, 4319845.243, 95
Trd, 4319845.743, 93
Trd, 4319847.543, 93
Trd, 4319848.143, 93
Trd, 4319850.143, 94
Trd, 4319851.393, 92
Trd, 4319852.543, 93
Trd, 4319852.643, 92
Trd, 4319855.093, 92
Trd, 4319855.493, 91
Trd, 4319855.843, 95
Trd, 4319857.543, 91
Trd, 4319859.943, 92
Trd, 4319860.093, 92
Trd, 4319860.793, 104
Trd, 4319862.043, 91
Trd, 4319863.993, 92
Trd, 4319865.243, 93
Trd, 4319867.343, 92
Trd, 4319868.643, 94
Trd, 4319871.393, 94
Trd, 4319872.093, 94
Trd, 4319872.193, 93
Trd, 4319876.143, 94
Trd, 4319876.843, 96
Trd, 4319877.143, 94
Trd, 4319879.093, 97
Trd, 4319879.793, 96
Trd, 4319880.843, 96
Trd, 4319883.593, 95
Trd, 4319884.693, 94
Trd, 4319885.893, 94
Trd, 4319887.943, 94
Trd, 4319890.043, 94
Trd, 4319890.693, 94
Trd, 4319891.443, 93
Trd, 4319893.043, 94
Trd, 4319894.593, 104
Trd, 4319897.593, 94
Trd, 4319897.943, 93
Trd, 4319901.693, 94
Trd, 4319902.693, 94
Trd, 4319905.043, 94
Trd, 4319907.343, 94
Trd, 4319908.243, 93
Trd, 4319910.493, 95
Trd, 4319911.243, 95
Trd, 4319911.943, 94
Trd, 4319912.843, 94
Trd, 4319917.443, 94
Trd, 4319917.993, 94
Trd, 4319919.793, 94
Trd, 4319920.743, 93
Trd, 4319922.293, 92
Trd, 4319927.043, 94
Trd, 4319927.793, 93
Trd, 4319928.293, 92
Trd, 4319931.793, 94
Trd, 4319933.493, 91
Trd, 4319935.893, 92
Trd, 4319936.593, 93
Trd, 4319938.393, 92
Trd, 4319938.593, 92
Trd, 4319940.843, 92
Trd, 4319942.243, 90
Trd, 4319943.043, 90
Trd, 4319944.843, 91
Trd, 4319948.693, 92
Trd, 4319949.643, 94
Trd, 4319949.693, 91
Trd, 4319950.493, 91
Trd, 4319954.243, 94
Trd, 4319954.743, 94
Trd, 4319954.943, 92
Trd, 4319955.043, 95
Trd, 4319958.343, 92
Trd, 4319958.993, 93
Trd, 4319959.893, 97
Trd, 4319963.593, 92
Trd, 4319963.993, 92
Trd, 4319964.943, 93
Trd, 4319966.843, 99
Trd, 4319968.393, 95
Trd, 4319969.143, 95
Trd, 4319969.543, 95
Trd, 4319969.993, 94
Trd, 4319972.143, 93
Trd, 4319973.943, 94
Trd, 4319974.243, 95
Trd, 4319978.293, 93
Trd, 4319979.443, 94
Trd, 4319981.593, 93
Trd, 4319981.843, 94
Trd, 4319982.593, 92
Trd, 4319986.343, 94
Trd, 4319988.543, 98
Trd, 4319990.793, 92
Trd, 4319992.343, 94
Trd, 4319993.243, 94
Trd, 4319994.343, 96
Trd, 4319994.693, 95
Trd, 4319996.443, 93
Trd, 4319996.793, 98
Trd, 4319997.443, 94
