Trd, 4317880.343, 100
Trd, 4317880.893, 100
Trd, 4317881.143, 110
Trd, 4317882.693, 101
Trd, 4317885.543, 102
Trd, 4317885.693, 103
Trd, 4317887.943, 103
Trd, 4317888.193, 102
Trd, 4317890.393, 102
Trd, 4317891.593, 103
Trd, 4317891.793, 101
Trd, 4317893.793, 102
Trd, 4317894.243, 102
Trd, 4317895.243, 101
Trd, 4317895.743, 101
Trd, 4317897.643, 101
Trd, 4317898.643, 100
Trd, 4317901.143, 101
Trd, 4317901.443, 100
Trd, 4317903.093, 101
Trd, 4317903.243, 101
Trd, 4317903.293, 109
Trd, 4317903.593, 100
Trd, 4317904.943, 94
Trd, 4317906.693, 107
Trd, 4317909.293, 102
Trd, 4317910.443, 101
Trd, 4317911.393, 102
Trd, 4317911.593, 101
Trd, 4317913.393, 104
Trd, 4317915.043, 103
Trd, 4317915.343, 105
Trd, 4317917.793, 104
Trd, 4317918.493, 103
Trd, 4317920.993, 102
Trd, 4317921.093, 95
Trd, 4317923.793, 100
Trd, 4317924.043, 101
Trd, 4317925.193, 101
Trd, 4317926.593, 98
Trd, 4317928.443, 98
Trd, 4317929.393, 99
Trd, 4317930.843, 99
Trd, 4317931.693, 112
Trd, 4317935.643, 98
Trd, 4317935.993, 97
Trd, 4317937.843, 97
Trd, 4317938.693, 96
Trd, 4317940.693, 97
Trd, 4317941.193, 97
Trd, 4317941.793, 96
Trd, 4317944.393, 96
Trd, 4317944.843, 96
Trd, 4317944.893, 95
Trd, 4317948.843, 115
Trd, 4317949.843, 102
Trd, 4317950.793, 106
Trd, 4317951.743, 105
Trd, 4317952.493, 106
Trd, 4317952.643, 105
Trd, 4317952.793, 103
Trd, 4317955.293, 105
Trd, 4317955.493, 105
Trd, 4317958.643, 103
Trd, 4317959.793, 102
Trd, 4317960.243, 99
Trd, 4317961.493, 102
Trd, 4317962.243, 101
Trd, 4317962.543, 105
Trd, 4317964.993, 100
Trd, 4317966.693, 99
Trd, 4317968.943, 99
Trd, 4317969.193, 99
Trd, 4317970.693, 98
Trd, 4317970.843, 99
Trd, 4317971.743, 114
Trd, 4317974.893, 100
Trd, 4317975.243, 104
Trd, 4317975.943, 103
Trd, 4317978.643, 102
Trd, 4317980.043, 102
Trd, 4317980.243, 101
Trd, 4317981.343, 103
Trd, 4317984.143, 102
Trd, 4317984.543, 115
Trd, 4317986.893, 105
Trd, 4317987.743, 103
Trd, 4317988.243, 104
Trd, 4317988.693, 103
Trd, 4317989.293, 94
Trd, 4317992.343, 92
Trd, 4317993.143, 97
Trd, 4317993.543, 96
Trd, 4317993.793, 97
Trd, 4317994.943, 95
Trd, 4317996.793, 95
Trd, 4317997.593, 88
Trd, 4317999.493, 93
Trd, 4317999.693, 93
Trd, 4318001.543, 94
Trd, 4318004.443, 95
Trd, 4318004.793, 104
Trd, 4318005.093, 97
Trd, 4318005.693, 96
Trd, 4318006.543, 95
Trd, 4318008.893, 95
Trd, 4318010.943, 95
Trd, 4318012.243, 96
Trd, 4318013.193, 97
Trd, 4318014.043, 96
Trd, 4318015.743, 95
Trd, 4318016.093, 98
Trd, 4318018.593, 96
Trd, 4318019.193, 97
Trd, 4318020.393, 96
Trd, 4318021.393, 94
Trd, 4318022.193, 96
Trd, 4318022.743, 96
Trd, 4318023.293, 94
Trd, 4318025.593, 95
Trd, 4318027.843, 93
Trd, 4318028.793, 93
Trd, 4318030.143, 93
Trd, 4318030.343, 93
Trd, 4318030.643, 88
Trd, 4318032.543, 90
Trd, 4318033.143, 95
Trd, 4318035.843, 101
Trd, 4318036.093, 97
Trd, 4318036.343, 97
Trd, 4318037.593, 97
Trd, 4318038.643, 96
Trd, 4318040.593, 96
Trd, 4318040.843, 97
Trd, 4318043.343, 96
Trd, 4318043.443, 95
Trd, 4318044.493, 96
Trd, 4318047.243, 95
Trd, 4318047.393, 96
Trd, 4318047.793, 95
Trd, 4318048.743, 96
Trd, 4318051.243, 97
Trd, 4318052.043, 95
Trd, 4318053.743, 97
Trd, 4318053.843, 97
Trd, 4318054.143, 96
Trd, 4318058.243, 97
Trd, 4318059.293, 94
Trd, 4318062.943, 94
Trd, 4318063.743, 95
Trd, 4318064.043, 95
Trd, 4318064.093, 96
Trd, 4318066.943, 97
Trd, 4318069.093, 95
Trd, 4318069.493, 95
Trd, 4318070.093, 95
Trd, 4318070.443, 94
Trd, 4318072.893, 95
Trd, 4318075.793, 96
Trd, 4318077.193, 94
Trd, 4318078.643, 96
Trd, 4318079.543, 95
Trd, 4318079.943, 95
Trd, 4318080.743, 94
Trd, 4318081.093, 95
Trd, 4318082.893, 94
Trd, 4318082.943, 95
Trd, 4318084.743, 107
Trd, 4318087.343, 97
Trd, 4318087.993, 97
Trd, 4318089.693, 97
Trd, 4318090.843, 96
Trd, 4318091.643, 96
Trd, 4318091.843, 97
Trd, 4318092.793, 97
Trd, 4318096.093, 97
Trd, 4318097.443, 97
Trd, 4318097.843, 95
Trd, 4318099.143, 97
Trd, 4318099.893, 96
Trd, 4318100.693, 95
Trd, 4318101.043, 96
Trd, 4318103.143, 96
Trd, 4318103.443, 95
Trd, 4318103.793, 94
Trd, 4318104.193, 94
Trd, 4318105.193, 86
Trd, 4318106.293, 104
Trd, 4318108.143, 99
Trd, 4318109.243, 99
Trd, 4318109.543, 100
Trd, 4318110.093, 99
Trd, 4318112.193, 99
Trd, 4318112.593, 98
Trd, 4318113.743, 98
Trd, 4318115.593, 98
Trd, 4318116.143, 97
Trd, 4318118.743, 98
Trd, 4318119.143, 97
Trd, 4318119.593, 98
Trd, 4318121.093, 97
Trd, 4318121.893, 97
Trd, 4318125.243, 115
Trd, 4318125.343, 105
Trd, 4318126.293, 106
Trd, 4318127.443, 104
Trd, 4318128.293, 105
Trd, 4318130.243, 105
Trd, 4318130.793, 113
Trd, 4318133.093, 104
Trd, 4318136.643, 104
Trd, 4318137.093, 103
Trd, 4318138.793, 103
Trd, 4318139.243, 102
Trd, 4318140.393, 103
Trd, 4318140.843, 104
Trd, 4318142.443, 106
Trd, 4318143.893, 106
Trd, 4318144.493, 105
Trd, 4318146.743, 106
Trd, 4318147.493, 105
Trd, 4318148.293, 104
Trd, 4318149.243, 104
Trd, 4318151.593, 103
Trd, 4318151.743, 104
Trd, 4318151.843, 105
Trd, 4318154.293, 102
Trd, 4318155.843, 102
Trd, 4318157.893, 103
Trd, 4318158.743, 102
Trd, 4318158.943, 101
Trd, 4318161.793, 103
Trd, 4318161.943, 102
Trd, 4318164.593, 102
Trd, 4318165.643, 101
Trd, 4318166.693, 102
Trd, 4318168.143, 101
Trd, 4318169.443, 102
Trd, 4318170.093, 100
Trd, 4318170.993, 99
Trd, 4318171.793, 94
Trd, 4318173.243, 99
Trd, 4318173.493, 98
Trd, 4318175.793, 99
Trd, 4318177.393, 97
Trd, 4318179.343, 98
Trd, 4318179.993, 98
Trd, 4318180.893, 98
Trd, 4318182.843, 98
Trd, 4318183.343, 99
Trd, 4318184.543, 97
Trd, 4318186.093, 96
Trd, 4318186.993, 98
Trd, 4318188.693, 96
Trd, 4318189.043, 96
Trd, 4318189.893, 96
Trd, 4318190.043, 95
Trd, 4318192.593, 96
Trd, 4318193.593, 95
Trd, 4318196.493, 94
Trd, 4318197.243, 95
Trd, 4318198.193, 94
Trd, 4318199.243, 94
Trd, 4318199.293, 95
Trd, 4318202.093, 97
Trd, 4318202.893, 97
Trd, 4318203.593, 98
Trd, 4318205.893, 96
Trd, 4318207.043, 98
Trd, 4318207.793, 96
Trd, 4318209.143, 95
Trd, 4318209.243, 109
Trd, 4318211.843, 95
Trd, 4318213.993, 99
Trd, 4318216.143, 98
Trd, 4318216.243, 96
Trd, 4318217.743, 99
Trd, 4318218.943, 98
Trd, 4318218.993, 99
Trd, 4318220.043, 99
Trd, 4318221.543, 106
Trd, 4318223.193, 102
Trd, 4318224.293, 102
Trd, 4318224.743, 104
Trd, 4318225.843, 103
Trd, 4318227.093, 100
Trd, 4318229.043, 100
Trd, 4318230.993, 98
Trd, 4318231.043, 99
Trd, 4318232.343, 99
Trd, 4318232.443, 99
Trd, 4318233.193, 99
Trd, 4318233.743, 97
Trd, 4318236.493, 93
Trd, 4318237.443, 94
Trd, 4318238.893, 94
Trd, 4318240.043, 94
Trd, 4318241.093, 93
Trd, 4318242.043, 94
Trd, 4318243.093, 94
Trd, 4318244.393, 93
Trd, 4318245.643, 94
Trd, 4318248.443, 92
Trd, 4318248.743, 93
Trd, 4318251.093, 93
Trd, 4318253.543, 92
Trd, 4318253.643, 91
Trd, 4318255.043, 94
Trd, 4318256.743, 94
Trd, 4318257.743, 94
Trd, 4318258.443, 95
Trd, 4318259.493, 94
Trd, 4318260.043, 107
Trd, 4318264.643, 98
Trd, 4318265.093, 98
Trd, 4318266.193, 97
Trd, 4318266.893, 97
Trd, 4318267.743, 96
Trd, 4318268.393, 98
Trd, 4318269.743, 99
Trd, 4318270.693, 98
Trd, 4318272.793, 99
Trd, 4318275.443, 99
Trd, 4318276.243, 98
Trd, 4318276.643, 98
Trd, 4318276.943, 97
Trd, 4318278.893, 99
Trd, 4318279.493, 94
Trd, 4318281.993, 96
Trd, 4318282.343, 96
Trd, 4318283.743, 95
Trd, 4318284.093, 96
Trd, 4318284.893, 96
Trd, 4318286.143, 94
Trd, 4318286.193, 94
Trd, 4318288.093, 93
Trd, 4318289.243, 95
Trd, 4318292.493, 96
Trd, 4318292.993, 95
Trd, 4318295.393, 95
Trd, 4318295.443, 93
Trd, 4318296.043, 95
Trd, 4318297.343, 95
Trd, 4318298.043, 93
Trd, 4318300.093, 92
Trd, 4318301.243, 92
Trd, 4318302.143, 94
Trd, 4318303.843, 92
Trd, 4318304.093, 91
Trd, 4318304.193, 93
Trd, 4318308.043, 95
Trd, 4318308.943, 104
Trd, 4318311.543, 94
Trd, 4318311.993, 94
Trd, 4318312.743, 95
Trd, 4318313.093, 95
Trd, 4318313.943, 95
Trd, 4318315.943, 95
Trd, 4318316.493, 94
Trd, 4318319.793, 95
Trd, 4318320.693, 95
Trd, 4318322.043, 93
Trd, 4318325.243, 94
Trd, 4318325.343, 94
Trd, 4318326.393, 95
Trd, 4318327.643, 94
Trd, 4318329.293, 94
Trd, 4318329.493, 93
Trd, 4318331.693, 93
Trd, 4318332.743, 94
Trd, 4318334.493, 93
Trd, 4318335.243, 92
Trd, 4318337.743, 91
Trd, 4318339.093, 93
Trd, 4318340.343, 93
Trd, 4318342.793, 92
Trd, 4318344.293, 92
Trd, 4318344.493, 93
Trd, 4318345.943, 95
Trd, 4318347.093, 93
Trd, 4318347.243, 91
Trd, 4318348.393, 95
Trd, 4318349.943, 94
Trd, 4318350.493, 94
Trd, 4318351.943, 95
Trd, 4318352.643, 92
Trd, 4318354.493, 93
Trd, 4318354.843, 94
Trd, 4318356.443, 111
Trd, 4318357.793, 100
Trd, 4318358.893, 100
Trd, 4318360.043, 99
Trd, 4318360.693, 102
Trd, 4318362.243, 102
Trd, 4318362.793, 101
Trd, 4318364.843, 100
Trd, 4318366.543, 99
Trd, 4318367.143, 100
Trd, 4318367.593, 99
Trd, 4318370.293, 101
Trd, 4318370.793, 94
Trd, 4318370.993, 101
Trd, 4318373.043, 100
Trd, 4318374.443, 97
Trd, 4318374.593, 99
Trd, 4318377.943, 97
Trd, 4318380.743, 98
Trd, 4318382.643, 98
Trd, 4318383.543, 99
Trd, 4318386.493, 98
Trd, 4318386.593, 98
Trd, 4318388.343, 97
Trd, 4318389.093, 96
Trd, 4318390.643, 97
Trd, 4318392.443, 95
Trd, 4318396.843, 94
Trd, 4318396.943, 95
Trd, 4318397.593, 95
Trd, 4318398.393, 96
Trd, 4318398.443, 96
Trd, 4318399.943, 95
Trd, 4318401.993, 95
Trd, 4318402.343, 93
Trd, 4318405.193, 92
Trd, 4318406.843, 96
Trd, 4318408.293, 95
Trd, 4318410.193, 97
Trd, 4318411.293, 104
Trd, 4318411.843, 98
Trd, 4318412.993, 99
Trd, 4318413.093, 96
Trd, 4318417.993, 104
Trd, 4318418.143, 114
Trd, 4318418.393, 103
Trd, 4318419.843, 102
Trd, 4318419.943, 102
Trd, 4318421.343, 95
Trd, 4318422.693, 99
Trd, 4318422.943, 99
Trd, 4318425.193, 99
Trd, 4318425.593, 100
Trd, 4318425.993, 101
Trd, 4318426.543, 96
Trd, 4318429.443, 100
Trd, 4318431.193, 100
Trd, 4318431.393, 99
Trd, 4318435.093, 100
Trd, 4318435.893, 100
Trd, 4318436.243, 99
Trd, 4318437.743, 114
Trd, 4318438.993, 103
Trd, 4318440.493, 102
Trd, 4318441.043, 103
Trd, 4318443.543, 104
Trd, 4318443.743, 103
Trd, 4318445.343, 102
Trd, 4318446.843, 103
Trd, 4318448.043, 102
Trd, 4318448.093, 94
Trd, 4318450.693, 103
Trd, 4318452.343, 102
Trd, 4318453.043, 103
Trd, 4318454.943, 105
Trd, 4318456.543, 103
Trd, 4318456.643, 103
Trd, 4318456.843, 115
Trd, 4318459.543, 94
Trd, 4318460.293, 100
Trd, 4318461.593, 96
Trd, 4318464.043, 94
Trd, 4318464.193, 93
Trd, 4318464.243, 96
Trd, 4318465.143, 96
Trd, 4318467.493, 94
Trd, 4318468.393, 95
Trd, 4318469.993, 93
Trd, 4318470.543, 95
Trd, 4318472.443, 95
Trd, 4318473.893, 96
Trd, 4318474.043, 95
Trd, 4318476.293, 96
Trd, 4318478.593, 95
Trd, 4318480.943, 95
Trd, 4318481.493, 94
Trd, 4318481.743, 93
Trd, 4318483.343, 95
Trd, 4318483.393, 94
Trd, 4318486.043, 93
Trd, 4318486.993, 93
Trd, 4318487.093, 94
Trd, 4318487.843, 93
Trd, 4318490.743, 93
Trd, 4318491.593, 94
Trd, 4318493.593, 95
Trd, 4318494.293, 95
Trd, 4318495.293, 95
Trd, 4318495.493, 95
Trd, 4318496.893, 94
Trd, 4318499.043, 94
Trd, 4318500.543, 95
Trd, 4318501.443, 96
Trd, 4318503.893, 94
Trd, 4318505.393, 93
Trd, 4318505.643, 111
Trd, 4318508.143, 97
Trd, 4318509.693, 97
Trd, 4318510.693, 95
Trd, 4318511.243, 94
Trd, 4318512.243, 95
Trd, 4318515.643, 100
Trd, 4318515.843, 98
Trd, 4318516.443, 98
Trd, 4318516.793, 104
Trd, 4318517.993, 101
Trd, 4318519.293, 101
Trd, 4318519.593, 108
Trd, 4318521.843, 102
Trd, 4318522.093, 102
Trd, 4318524.743, 100
Trd, 4318525.143, 102
Trd, 4318526.993, 102
Trd, 4318527.143, 101
Trd, 4318528.643, 101
Trd, 4318530.293, 100
Trd, 4318530.993, 101
Trd, 4318531.993, 101
Trd, 4318533.143, 101
Trd, 4318533.693, 102
Trd, 4318534.593, 101
Trd, 4318534.743, 99
Trd, 4318540.193, 92
Trd, 4318540.793, 92
Trd, 4318542.043, 91
Trd, 4318542.343, 91
Trd, 4318544.393, 96
Trd, 4318546.093, 97
Trd, 4318546.943, 97
Trd, 4318547.443, 97
Trd, 4318547.643, 94
Trd, 4318549.593, 116
Trd, 4318549.643, 98
Trd, 4318551.693, 102
Trd, 4318551.993, 101
Trd, 4318553.493, 103
Trd, 4318555.243, 100
Trd, 4318555.593, 95
Trd, 4318558.143, 99
Trd, 4318558.493, 99
Trd, 4318558.793, 98
Trd, 4318560.593, 99
Trd, 4318563.093, 98
Trd, 4318563.143, 99
Trd, 4318563.943, 97
Trd, 4318565.843, 98
Trd, 4318566.343, 98
Trd, 4318567.243, 96
Trd, 4318569.443, 99
Trd, 4318570.643, 101
Trd, 4318570.943, 102
Trd, 4318571.593, 100
Trd, 4318572.843, 100
Trd, 4318574.793, 99
Trd, 4318575.043, 95
Trd, 4318576.593, 96
Trd, 4318576.743, 100
Trd, 4318579.243, 94
Trd, 4318581.143, 95
Trd, 4318581.943, 95
Trd, 4318582.193, 109
Trd, 4318583.693, 115
Trd, 4318585.443, 94
Trd, 4318587.393, 97
Trd, 4318588.943, 100
Trd, 4318589.293, 104
Trd, 4318591.343, 101
Trd, 4318591.943, 100
Trd, 4318592.893, 95
Trd, 4318595.643, 99
Trd, 4318598.143, 99
Trd, 4318598.443, 100
Trd, 4318598.943, 97
Trd, 4318601.193, 99
Trd, 4318601.893, 97
Trd, 4318604.293, 97
Trd, 4318604.943, 98
Trd, 4318605.693, 98
Trd, 4318606.243, 97
Trd, 4318610.193, 98
Trd, 4318611.693, 97
Trd, 4318611.893, 96
Trd, 4318611.943, 96
Trd, 4318614.243, 95
Trd, 4318616.193, 94
Trd, 4318617.343, 95
Trd, 4318619.843, 96
Trd, 4318620.343, 96
Trd, 4318623.543, 95
Trd, 4318624.993, 94
Trd, 4318625.793, 95
Trd, 4318627.493, 95
Trd, 4318628.243, 95
Trd, 4318628.843, 94
Trd, 4318632.143, 94
Trd, 4318632.493, 95
Trd, 4318633.743, 94
Trd, 4318633.793, 95
Trd, 4318634.593, 93
Trd, 4318635.343, 95
Trd, 4318636.043, 94
Trd, 4318636.143, 95
Trd, 4318638.243, 95
Trd, 4318638.343, 96
Trd, 4318639.893, 107
Trd, 4318641.943, 100
Trd, 4318643.093, 95
Trd, 4318644.093, 97
Trd, 4318645.093, 98
Trd, 4318645.193, 101
Trd, 4318645.943, 97
Trd, 4318647.693, 98
Trd, 4318648.443, 97
Trd, 4318649.443, 97
Trd, 4318650.393, 104
Trd, 4318654.043, 96
Trd, 4318656.643, 99
Trd, 4318657.643, 99
Trd, 4318658.093, 97
Trd, 4318660.443, 97
Trd, 4318662.793, 96
Trd, 4318662.843, 97
Trd, 4318665.493, 97
Trd, 4318665.893, 95
Trd, 4318666.093, 98
Trd, 4318666.893, 96
Trd, 4318668.593, 96
Trd, 4318671.393, 94
Trd, 4318672.493, 95
Trd, 4318673.243, 92
Trd, 4318674.043, 94
Trd, 4318674.643, 92
Trd, 4318674.893, 131
Trd, 4318676.793, 106
Trd, 4318677.093, 106
Trd, 4318678.543, 105
Trd, 4318679.393, 106
Trd, 4318680.993, 105
Trd, 4318682.343, 102
Trd, 4318684.443, 104
Trd, 4318685.043, 105
Trd, 4318685.293, 104
Trd, 4318686.843, 103
Trd, 4318688.243, 103
Trd, 4318689.143, 104
Trd, 4318690.343, 104
Trd, 4318690.543, 115
Trd, 4318693.393, 102
Trd, 4318695.843, 103
Trd, 4318696.593, 103
Trd, 4318696.743, 103
Trd, 4318698.193, 102
Trd, 4318698.393, 103
Trd, 4318699.743, 102
Trd, 4318701.593, 110
Trd, 4318702.393, 100
Trd, 4318704.393, 98
Trd, 4318705.043, 96
Trd, 4318706.643, 97
Trd, 4318707.043, 97
Trd, 4318707.993, 97
Trd, 4318709.443, 97
Trd, 4318712.343, 95
Trd, 4318714.843, 97
Trd, 4318715.143, 96
Trd, 4318715.443, 94
Trd, 4318718.443, 97
Trd, 4318718.493, 96
Trd, 4318719.693, 95
Trd, 4318719.793, 96
Trd, 4318721.193, 92
Trd, 4318722.093, 96
Trd, 4318723.793, 94
Trd, 4318724.343, 94
Trd, 4318727.293, 93
Trd, 4318727.493, 94
Trd, 4318728.393, 95
Trd, 4318728.993, 95
Trd, 4318730.193, 94
Trd, 4318732.143, 94
Trd, 4318733.593, 95
Trd, 4318734.293, 96
Trd, 4318734.893, 93
Trd, 4318736.093, 93
Trd, 4318737.093, 93
Trd, 4318737.743, 94
Trd, 4318738.243, 93
Trd, 4318742.443, 93
Trd, 4318743.343, 92
Trd, 4318745.143, 91
Trd, 4318745.743, 93
Trd, 4318746.893, 92
Trd, 4318749.193, 94
Trd, 4318750.143, 94
Trd, 4318751.243, 94
Trd, 4318754.093, 93
Trd, 4318755.493, 93
Trd, 4318755.993, 95
Trd, 4318756.893, 94
Trd, 4318758.093, 95
Trd, 4318758.393, 93
Trd, 4318759.993, 94
Trd, 4318760.893, 94
Trd, 4318762.743, 92
Trd, 4318764.343, 93
Trd, 4318766.343, 91
Trd, 4318766.693, 94
Trd, 4318766.893, 90
Trd, 4318769.643, 95
Trd, 4318770.193, 94
Trd, 4318771.243, 94
Trd, 4318772.393, 95
Trd, 4318774.193, 109
Trd, 4318774.943, 94
Trd, 4318777.093, 95
Trd, 4318779.593, 95
Trd, 4318779.743, 95
Trd, 4318779.893, 94
Trd, 4318781.593, 94
Trd, 4318783.043, 94
Trd, 4318784.993, 93
Trd, 4318785.693, 95
Trd, 4318786.443, 95
Trd, 4318789.393, 92
Trd, 4318789.893, 95
Trd, 4318791.243, 98
Trd, 4318792.293, 101
Trd, 4318793.493, 101
Trd, 4318793.693, 100
Trd, 4318795.943, 101
Trd, 4318798.393, 100
Trd, 4318801.143, 99
Trd, 4318801.343, 99
Trd, 4318802.093, 100
Trd, 4318803.343, 96
Trd, 4318804.443, 97
Trd, 4318805.843, 97
Trd, 4318807.293, 97
Trd, 4318807.693, 96
Trd, 4318809.043, 96
Trd, 4318809.443, 95
Trd, 4318812.943, 95
Trd, 4318815.393, 95
Trd, 4318816.593, 95
Trd, 4318817.043, 96
Trd, 4318818.643, 96
Trd, 4318819.993, 96
Trd, 4318820.493, 95
Trd, 4318821.243, 96
Trd, 4318824.743, 95
Trd, 4318825.943, 95
Trd, 4318826.493, 94
Trd, 4318829.393, 95
Trd, 4318829.643, 96
Trd, 4318829.693, 96
Trd, 4318830.193, 94
Trd, 4318832.493, 92
Trd, 4318833.443, 95
Trd, 4318834.693, 91
Trd, 4318835.693, 94
Trd, 4318836.093, 94
Trd, 4318842.143, 94
Trd, 4318842.593, 93
Trd, 4318843.593, 92
Trd, 4318843.993, 94
Trd, 4318845.843, 94
Trd, 4318849.643, 93
Trd, 4318851.843, 93
Trd, 4318852.043, 94
Trd, 4318854.243, 93
Trd, 4318855.193, 93
Trd, 4318855.443, 93
Trd, 4318858.193, 92
Trd, 4318862.793, 94
Trd, 4318863.593, 94
Trd, 4318864.293, 93
Trd, 4318864.743, 95
Trd, 4318866.893, 92
Trd, 4318868.193, 93
Trd, 4318869.643, 94
Trd, 4318870.943, 92
Trd, 4318873.243, 94
Trd, 4318873.493, 93
Trd, 4318875.943, 95
Trd, 4318876.943, 95
Trd, 4318878.143, 95
Trd, 4318879.043, 104
Trd, 4318880.543, 96
Trd, 4318881.193, 96
Trd, 4318881.693, 96
Trd, 4318883.493, 95
Trd, 4318885.493, 96
Trd, 4318885.843, 94
Trd, 4318886.293, 97
Trd, 4318888.843, 94
Trd, 4318889.943, 93
Trd, 4318889.993, 94
Trd, 4318892.243, 95
Trd, 4318893.193, 98
Trd, 4318894.193, 97
Trd, 4318897.193, 101
Trd, 4318897.443, 103
Trd, 4318897.843, 100
Trd, 4318898.843, 101
Trd, 4318899.743, 101
Trd, 4318900.093, 110
Trd, 4318903.893, 103
Trd, 4318905.493, 102
Trd, 4318905.693, 101
Trd, 4318906.343, 102
Trd, 4318908.593, 101
Trd, 4318909.543, 100
Trd, 4318909.893, 102
Trd, 4318911.543, 102
Trd, 4318912.993, 102
Trd, 4318914.093, 101
Trd, 4318915.243, 104
Trd, 4318917.143, 100
Trd, 4318917.193, 100
Trd, 4318918.643, 97
Trd, 4318921.243, 99
Trd, 4318922.543, 99
Trd, 4318923.843, 99
Trd, 4318924.043, 98
Trd, 4318924.443, 98
Trd, 4318926.893, 99
Trd, 4318929.293, 97
Trd, 4318929.743, 98
Trd, 4318931.143, 97
Trd, 4318931.993, 87
Trd, 4318933.193, 99
Trd, 4318935.493, 93
Trd, 4318937.243, 93
Trd, 4318937.393, 112
Trd, 4318939.843, 99
Trd, 4318940.243, 98
Trd, 4318944.743, 95
Trd, 4318944.793, 98
Trd, 4318945.443, 95
Trd, 4318946.193, 97
Trd, 4318946.543, 96
Trd, 4318947.343, 104
Trd, 4318950.843, 97
Trd, 4318951.693, 96
Trd, 4318952.143, 96
Trd, 4318952.393, 95
Trd, 4318954.943, 96
Trd, 4318955.643, 95
Trd, 4318957.593, 94
Trd, 4318958.643, 95
Trd, 4318959.043, 96
Trd, 4318959.393, 96
Trd, 4318962.943, 96
Trd, 4318963.993, 94
Trd, 4318965.443, 96
Trd, 4318965.993, 95
Trd, 4318967.943, 94
Trd, 4318968.643, 94
Trd, 4318970.543, 94
Trd, 4318970.643, 96
Trd, 4318971.993, 97
Trd, 4318972.743, 93
Trd, 4318973.493, 92
Trd, 4318974.743, 94
Trd, 4318976.193, 94
Trd, 4318979.443, 94
Trd, 4318980.043, 95
Trd, 4318981.843, 97
Trd, 4318982.993, 105
Trd, 4318983.943, 97
Trd, 4318985.743, 96
Trd, 4318988.493, 97
Trd, 4318988.793, 97
Trd, 4318988.843, 107
Trd, 4318991.193, 96
Trd, 4318992.593, 98
Trd, 4318993.343, 95
Trd, 4318995.043, 95
Trd, 4318996.843, 95
Trd, 4318997.943, 95
Trd, 4318998.543, 94
Trd, 4318998.893, 95
Trd, 4318999.993, 95
Trd, 4319001.543, 95
Trd, 4319001.793, 94
Trd, 4319003.593, 95
Trd, 4319007.893, 95
Trd, 4319008.293, 93
Trd, 4319009.693, 92
Trd, 4319009.893, 93
Trd, 4319010.593, 93
Trd, 4319012.293, 92
Trd, 4319013.093, 93
Trd, 4319015.793, 94
Trd, 4319016.143, 95
Trd, 4319016.743, 95
Trd, 4319017.493, 96
Trd, 4319018.693, 101
Trd, 4319019.693, 101
Trd, 4319020.043, 103
Trd, 4319023.843, 102
Trd, 4319024.393, 101
Trd, 4319025.943, 98
Trd, 4319026.543, 98
Trd, 4319027.043, 98
Trd, 4319030.243, 98
Trd, 4319031.043, 101
Trd, 4319033.043, 102
Trd, 4319033.993, 102
Trd, 4319035.293, 101
Trd, 4319036.093, 100
Trd, 4319037.643, 99
Trd, 4319040.293, 100
Trd, 4319041.193, 100
Trd, 4319042.793, 100
Trd, 4319043.143, 99
Trd, 4319043.793, 100
Trd, 4319045.093, 100
Trd, 4319045.943, 99
Trd, 4319048.893, 100
Trd, 4319049.143, 99
Trd, 4319051.393, 99
Trd, 4319051.593, 99
Trd, 4319052.743, 98
Trd, 4319053.043, 98
Trd, 4319053.193, 99
Trd, 4319054.243, 94
Trd, 4319056.193, 99
Trd, 4319057.693, 99
Trd, 4319059.543, 99
Trd, 4319059.743, 99
Trd, 4319060.193, 98
Trd, 4319063.643, 97
Trd, 4319064.193, 97
Trd, 4319064.393, 94
Trd, 4319064.993, 98
Trd, 4319066.243, 99
Trd, 4319068.143, 98
Trd, 4319069.043, 98
Trd, 4319069.593, 97
Trd, 4319069.743, 98
Trd, 4319071.193, 96
Trd, 4319074.193, 98
Trd, 4319076.093, 98
Trd, 4319076.143, 95
Trd, 4319077.643, 97
Trd, 4319078.843, 96
Trd, 4319079.393, 95
Trd, 4319082.043, 94
Trd, 4319082.093, 93
Trd, 4319083.643, 93
Trd, 4319085.093, 92
Trd, 4319085.793, 92
Trd, 4319086.043, 93
Trd, 4319087.693, 95
Trd, 4319088.393, 93
Trd, 4319089.843, 93
Trd, 4319089.993, 95
Trd, 4319091.093, 93
Trd, 4319093.493, 95
Trd, 4319094.043, 95
Trd, 4319094.643, 104
Trd, 4319098.693, 96
Trd, 4319099.393, 95
Trd, 4319100.093, 96
Trd, 4319101.243, 94
Trd, 4319102.493, 96
Trd, 4319103.493, 95
Trd, 4319104.743, 94
Trd, 4319105.143, 96
Trd, 4319107.993, 94
Trd, 4319108.593, 94
Trd, 4319108.843, 95
Trd, 4319110.893, 95
Trd, 4319112.693, 96
Trd, 4319112.793, 94
Trd, 4319114.193, 95
Trd, 4319117.143, 95
Trd, 4319117.443, 95
Trd, 4319119.893, 94
Trd, 4319120.243, 93
Trd, 4319120.943, 95
Trd, 4319121.743, 94
Trd, 4319122.643, 96
Trd, 4319124.493, 94
Trd, 4319125.943, 93
Trd, 4319127.143, 93
Trd, 4319127.693, 94
Trd, 4319128.693, 95
Trd, 4319130.043, 94
Trd, 4319130.293, 93
Trd, 4319130.893, 94
Trd, 4319132.993, 95
Trd, 4319134.743, 95
Trd, 4319135.793, 93
Trd, 4319138.793, 93
Trd, 4319140.143, 94
Trd, 4319140.843, 93
Trd, 4319142.143, 92
Trd, 4319144.793, 93
Trd, 4319145.143, 94
Trd, 4319147.943, 94
Trd, 4319149.393, 104
Trd, 4319150.843, 94
Trd, 4319152.243, 96
Trd, 4319153.093, 96
Trd, 4319154.543, 93
Trd, 4319155.843, 93
Trd, 4319157.143, 94
Trd, 4319159.193, 95
Trd, 4319161.043, 94
Trd, 4319162.693, 106
Trd, 4319164.793, 98
Trd, 4319165.743, 98
Trd, 4319167.443, 98
Trd, 4319167.493, 96
Trd, 4319169.293, 100
Trd, 4319169.693, 104
Trd, 4319171.493, 100
Trd, 4319172.643, 100
Trd, 4319174.093, 100
Trd, 4319174.343, 99
Trd, 4319175.193, 100
Trd, 4319175.893, 122
Trd, 4319176.493, 99
Trd, 4319179.593, 105
Trd, 4319181.243, 104
Trd, 4319183.043, 102
Trd, 4319184.493, 102
Trd, 4319184.743, 103
Trd, 4319185.793, 104
Trd, 4319185.943, 104
Trd, 4319188.293, 107
Trd, 4319189.043, 108
Trd, 4319189.493, 106
Trd, 4319189.843, 94
Trd, 4319191.143, 101
Trd, 4319192.843, 102
Trd, 4319194.643, 104
Trd, 4319196.593, 104
Trd, 4319196.843, 105
Trd, 4319197.243, 101
Trd, 4319199.993, 104
Trd, 4319201.043, 104
Trd, 4319202.193, 105
Trd, 4319202.993, 103
Trd, 4319204.443, 103
Trd, 4319205.243, 104
Trd, 4319207.343, 105
Trd, 4319207.843, 103
Trd, 4319207.893, 110
Trd, 4319210.293, 104
Trd, 4319211.893, 104
Trd, 4319213.593, 102
Trd, 4319214.543, 101
Trd, 4319216.243, 102
Trd, 4319217.543, 101
Trd, 4319218.143, 100
Trd, 4319220.693, 103
Trd, 4319222.293, 103
Trd, 4319222.743, 103
Trd, 4319224.143, 109
Trd, 4319224.693, 100
Trd, 4319228.193, 103
Trd, 4319228.543, 102
Trd, 4319230.043, 101
Trd, 4319231.093, 101
Trd, 4319233.493, 100
Trd, 4319234.343, 100
Trd, 4319237.143, 99
Trd, 4319238.293, 95
Trd, 4319240.593, 98
Trd, 4319240.793, 97
Trd, 4319242.693, 94
Trd, 4319242.993, 95
Trd, 4319243.443, 95
Trd, 4319244.843, 94
Trd, 4319245.193, 95
Trd, 4319245.993, 95
Trd, 4319249.593, 94
Trd, 4319250.143, 95
Trd, 4319250.743, 94
Trd, 4319251.693, 95
Trd, 4319251.843, 95
Trd, 4319255.893, 94
Trd, 4319256.643, 94
Trd, 4319256.693, 93
Trd, 4319259.143, 93
Trd, 4319260.343, 93
Trd, 4319263.643, 92
Trd, 4319263.693, 93
Trd, 4319263.743, 92
Trd, 4319265.143, 95
Trd, 4319266.693, 95
Trd, 4319268.643, 96
Trd, 4319270.643, 99
Trd, 4319270.993, 100
Trd, 4319271.743, 105
Trd, 4319272.893, 103
Trd, 4319275.143, 105
Trd, 4319275.593, 104
Trd, 4319276.643, 104
Trd, 4319276.893, 103
Trd, 4319279.593, 106
Trd, 4319280.943, 102
Trd, 4319282.443, 104
Trd, 4319283.043, 104
Trd, 4319283.543, 94
Trd, 4319285.993, 103
Trd, 4319286.643, 103
Trd, 4319287.343, 103
Trd, 4319288.643, 102
Trd, 4319289.693, 102
Trd, 4319291.393, 101
Trd, 4319291.443, 100
Trd, 4319292.143, 102
Trd, 4319295.493, 99
Trd, 4319296.693, 99
Trd, 4319296.993, 98
Trd, 4319298.943, 97
Trd, 4319300.593, 97
Trd, 4319301.043, 95
Trd, 4319301.993, 98
Trd, 4319303.443, 96
Trd, 4319305.643, 95
Trd, 4319306.593, 95
Trd, 4319307.293, 95
Trd, 4319308.193, 95
Trd, 4319310.243, 94
Trd, 4319312.143, 95
Trd, 4319312.693, 95
Trd, 4319313.843, 94
Trd, 4319314.593, 95
Trd, 4319314.643, 93
Trd, 4319316.043, 104
Trd, 4319317.693, 102
Trd, 4319318.793, 101
Trd, 4319320.193, 101
Trd, 4319322.293, 102
Trd, 4319322.593, 102
Trd, 4319324.493, 102
Trd, 4319325.693, 101
Trd, 4319327.143, 103
Trd, 4319327.693, 101
Trd, 4319328.043, 101
Trd, 4319328.143, 103
Trd, 4319328.443, 107
Trd, 4319331.643, 100
Trd, 4319332.793, 100
Trd, 4319333.593, 101
Trd, 4319335.443, 102
Trd, 4319335.793, 102
Trd, 4319336.443, 102
Trd, 4319338.993, 100
Trd, 4319341.093, 100
Trd, 4319343.293, 101
Trd, 4319343.743, 101
Trd, 4319343.793, 115
Trd, 4319344.293, 95
Trd, 4319346.593, 97
Trd, 4319348.443, 97
Trd, 4319349.793, 97
Trd, 4319350.843, 94
Trd, 4319351.643, 94
Trd, 4319352.093, 96
Trd, 4319352.693, 96
Trd, 4319352.743, 93
Trd, 4319356.843, 98
Trd, 4319356.943, 97
Trd, 4319357.543, 105
Trd, 4319360.893, 96
Trd, 4319361.443, 100
Trd, 4319362.843, 98
Trd, 4319363.093, 99
Trd, 4319364.943, 96
Trd, 4319366.293, 97
Trd, 4319367.193, 97
Trd, 4319370.143, 97
Trd, 4319370.293, 96
Trd, 4319372.493, 96
Trd, 4319373.343, 97
Trd, 4319376.093, 98
Trd, 4319376.693, 98
Trd, 4319378.593, 99
Trd, 4319379.943, 99
Trd, 4319380.793, 99
Trd, 4319381.143, 100
Trd, 4319382.043, 98
Trd, 4319383.443, 97
Trd, 4319384.693, 96
Trd, 4319386.843, 97
Trd, 4319387.443, 96
Trd, 4319388.693, 97
Trd, 4319389.793, 95
Trd, 4319391.993, 97
Trd, 4319393.643, 97
Trd, 4319394.393, 96
Trd, 4319395.343, 96
Trd, 4319397.943, 95
Trd, 4319400.743, 96
Trd, 4319401.643, 94
Trd, 4319402.893, 94
Trd, 4319404.093, 94
Trd, 4319404.893, 93
Trd, 4319406.543, 93
Trd, 4319407.793, 95
Trd, 4319408.843, 93
Trd, 4319410.843, 93
Trd, 4319410.893, 94
Trd, 4319413.993, 94
Trd, 4319414.243, 95
Trd, 4319415.593, 93
Trd, 4319417.093, 95
Trd, 4319419.093, 94
Trd, 4319420.043, 95
Trd, 4319420.643, 94
Trd, 4319422.543, 95
Trd, 4319425.093, 95
Trd, 4319426.143, 95
Trd, 4319427.993, 96
Trd, 4319428.643, 93
Trd, 4319429.493, 95
Trd, 4319430.843, 94
Trd, 4319432.693, 93
Trd, 4319434.743, 94
Trd, 4319435.493, 114
Trd, 4319436.143, 93
Trd, 4319439.043, 94
Trd, 4319441.743, 94
Trd, 4319441.993, 95
Trd, 4319444.043, 93
Trd, 4319444.943, 93
Trd, 4319445.243, 95
Trd, 4319446.393, 93
Trd, 4319448.143, 95
Trd, 4319448.793, 95
Trd, 4319450.093, 104
Trd, 4319452.093, 95
Trd, 4319454.493, 96
Trd, 4319456.543, 97
Trd, 4319457.043, 97
Trd, 4319457.643, 97
Trd, 4319457.693, 113
Trd, 4319459.443, 96
Trd, 4319461.743, 98
Trd, 4319463.343, 99
Trd, 4319464.043, 99
Trd, 4319466.493, 96
Trd, 4319468.143, 97
Trd, 4319469.193, 96
Trd, 4319469.493, 95
Trd, 4319472.193, 96
Trd, 4319473.043, 98
Trd, 4319473.943, 105
Trd, 4319474.293, 99
Trd, 4319478.343, 99
Trd, 4319478.993, 98
Trd, 4319481.243, 97
Trd, 4319482.643, 99
Trd, 4319483.243, 98
Trd, 4319485.143, 96
Trd, 4319486.693, 96
Trd, 4319487.043, 95
Trd, 4319488.393, 95
Trd, 4319488.443, 94
Trd, 4319489.193, 94
Trd, 4319491.043, 94
Trd, 4319491.143, 96
Trd, 4319494.643, 97
Trd, 4319495.493, 97
Trd, 4319496.043, 98
Trd, 4319497.843, 96
Trd, 4319498.693, 97
Trd, 4319499.993, 96
Trd, 4319502.293, 97
Trd, 4319503.093, 97
Trd, 4319503.493, 94
Trd, 4319507.093, 96
Trd, 4319508.293, 99
Trd, 4319510.343, 100
Trd, 4319510.943, 99
Trd, 4319511.493, 99
Trd, 4319511.543, 101
Trd, 4319511.793, 94
Trd, 4319513.443, 87
Trd, 4319516.143, 95
Trd, 4319518.193, 96
Trd, 4319519.743, 95
Trd, 4319520.443, 95
Trd, 4319521.043, 94
Trd, 4319523.043, 94
Trd, 4319523.393, 94
Trd, 4319526.093, 95
Trd, 4319526.293, 96
Trd, 4319527.543, 95
Trd, 4319528.243, 96
Trd, 4319528.643, 94
Trd, 4319528.793, 94
Trd, 4319530.893, 96
Trd, 4319533.243, 95
Trd, 4319533.693, 95
Trd, 4319535.643, 95
Trd, 4319536.493, 95
Trd, 4319537.443, 98
Trd, 4319539.393, 99
Trd, 4319539.943, 100
Trd, 4319541.343, 99
Trd, 4319541.493, 100
Trd, 4319542.093, 99
Trd, 4319542.493, 108
Trd, 4319545.293, 99
Trd, 4319546.543, 98
Trd, 4319547.243, 99
Trd, 4319547.593, 98
Trd, 4319547.993, 98
Trd, 4319551.193, 97
Trd, 4319551.343, 97
Trd, 4319552.193, 97
Trd, 4319552.993, 87
Trd, 4319553.143, 93
Trd, 4319554.243, 95
Trd, 4319556.743, 93
Trd, 4319558.193, 93
Trd, 4319558.593, 93
Trd, 4319560.643, 93
Trd, 4319562.693, 94
Trd, 4319563.393, 95
Trd, 4319564.093, 93
Trd, 4319564.893, 93
Trd, 4319565.443, 94
Trd, 4319566.443, 93
Trd, 4319567.643, 93
Trd, 4319568.593, 92
Trd, 4319569.943, 91
Trd, 4319570.943, 92
Trd, 4319573.493, 92
Trd, 4319573.643, 93
Trd, 4319576.443, 90
Trd, 4319576.743, 92
Trd, 4319578.393, 95
Trd, 4319580.243, 95
Trd, 4319581.843, 95
Trd, 4319582.043, 94
Trd, 4319583.193, 95
Trd, 4319583.543, 94
Trd, 4319585.093, 95
Trd, 4319585.843, 94
Trd, 4319588.193, 94
Trd, 4319588.743, 93
Trd, 4319588.993, 93
Trd, 4319589.593, 93
Trd, 4319592.893, 94
Trd, 4319593.493, 94
Trd, 4319594.793, 94
Trd, 4319594.893, 94
Trd, 4319598.043, 95
Trd, 4319599.043, 95
Trd, 4319599.443, 95
Trd, 4319599.743, 95
Trd, 4319600.493, 113
Trd, 4319605.343, 97
Trd, 4319605.943, 96
Trd, 4319606.993, 95
Trd, 4319608.643, 93
Trd, 4319609.643, 94
Trd, 4319609.743, 93
Trd, 4319611.593, 94
Trd, 4319611.693, 94
Trd, 4319613.843, 94
Trd, 4319616.243, 92
Trd, 4319616.843, 94
Trd, 4319618.093, 94
Trd, 4319619.443, 93
Trd, 4319621.343, 87
Trd, 4319621.493, 90
Trd, 4319624.093, 90
Trd, 4319624.593, 90
Trd, 4319625.743, 95
Trd, 4319626.343, 93
Trd, 4319626.693, 93
Trd, 4319629.593, 101
Trd, 4319630.643, 101
Trd, 4319632.343, 96
Trd, 4319632.593, 92
Trd, 4319633.893, 96
Trd, 4319634.043, 97
Trd, 4319635.493, 97
Trd, 4319638.093, 101
Trd, 4319638.443, 103
Trd, 4319640.493, 102
Trd, 4319641.393, 104
Trd, 4319642.193, 108
Trd, 4319642.243, 102
Trd, 4319643.343, 102
Trd, 4319644.843, 101
Trd, 4319648.043, 99
Trd, 4319649.293, 98
Trd, 4319650.893, 98
Trd, 4319651.743, 99
Trd, 4319652.343, 99
Trd, 4319652.693, 96
Trd, 4319656.643, 99
Trd, 4319657.843, 98
Trd, 4319658.743, 97
Trd, 4319660.243, 99
Trd, 4319662.293, 96
Trd, 4319662.743, 98
Trd, 4319663.093, 99
Trd, 4319664.793, 107
Trd, 4319665.243, 101
Trd, 4319668.893, 109
Trd, 4319669.593, 107
Trd, 4319669.943, 106
Trd, 4319671.443, 103
Trd, 4319672.343, 100
Trd, 4319672.593, 103
Trd, 4319674.143, 103
Trd, 4319674.343, 104
Trd, 4319674.893, 106
Trd, 4319678.293, 106
Trd, 4319679.493, 104
Trd, 4319680.243, 105
Trd, 4319681.793, 104
Trd, 4319682.243, 103
Trd, 4319683.043, 102
Trd, 4319683.293, 104
Trd, 4319685.543, 100
Trd, 4319685.743, 97
Trd, 4319687.793, 100
Trd, 4319689.693, 98
Trd, 4319689.893, 99
Trd, 4319691.393, 97
Trd, 4319693.743, 99
Trd, 4319694.493, 99
Trd, 4319694.693, 106
Trd, 4319695.393, 97
Trd, 4319698.093, 99
Trd, 4319699.743, 99
Trd, 4319700.543, 99
Trd, 4319700.643, 98
Trd, 4319703.093, 99
Trd, 4319705.193, 97
Trd, 4319706.093, 96
Trd, 4319706.443, 96
Trd, 4319707.243, 96
Trd, 4319707.293, 113
Trd, 4319708.993, 95
Trd, 4319711.893, 102
Trd, 4319713.143, 99
Trd, 4319715.393, 101
Trd, 4319716.043, 100
Trd, 4319718.743, 98
Trd, 4319719.343, 98
Trd, 4319721.093, 98
Trd, 4319721.193, 98
Trd, 4319724.843, 97
Trd, 4319725.343, 98
Trd, 4319725.693, 98
Trd, 4319725.843, 96
Trd, 4319728.143, 96
Trd, 4319728.493, 95
Trd, 4319729.193, 95
Trd, 4319730.893, 96
Trd, 4319732.393, 96
Trd, 4319733.143, 97
Trd, 4319733.893, 96
Trd, 4319734.843, 97
Trd, 4319735.943, 97
Trd, 4319738.243, 94
Trd, 4319738.993, 93
Trd, 4319739.193, 88
Trd, 4319741.093, 91
Trd, 4319741.643, 91
Trd, 4319742.393, 91
Trd, 4319743.393, 95
Trd, 4319744.043, 92
Trd, 4319746.343, 95
Trd, 4319747.193, 85
Trd, 4319748.143, 91
Trd, 4319750.893, 92
Trd, 4319752.543, 93
Trd, 4319753.393, 94
Trd, 4319753.743, 110
Trd, 4319755.993, 94
Trd, 4319757.693, 93
Trd, 4319759.643, 95
Trd, 4319760.743, 95
Trd, 4319761.743, 94
Trd, 4319764.943, 94
Trd, 4319765.843, 93
Trd, 4319766.643, 95
Trd, 4319767.193, 95
Trd, 4319767.293, 93
Trd, 4319769.043, 93
Trd, 4319770.493, 93
Trd, 4319771.693, 93
Trd, 4319772.393, 94
Trd, 4319772.843, 94
Trd, 4319774.893, 110
Trd, 4319774.943, 93
Trd, 4319776.393, 91
Trd, 4319778.843, 95
Trd, 4319780.043, 92
Trd, 4319781.293, 93
Trd, 4319783.043, 94
Trd, 4319783.893, 90
Trd, 4319784.743, 95
Trd, 4319785.443, 96
Trd, 4319787.193, 102
Trd, 4319788.393, 107
Trd, 4319790.493, 102
Trd, 4319791.093, 101
Trd, 4319794.143, 100
Trd, 4319795.043, 100
Trd, 4319795.793, 102
Trd, 4319796.043, 106
Trd, 4319799.593, 99
Trd, 4319800.443, 104
Trd, 4319803.493, 102
Trd, 4319803.593, 103
Trd, 4319806.343, 100
Trd, 4319808.043, 100
Trd, 4319808.493, 99
Trd, 4319808.793, 101
Trd, 4319811.743, 100
Trd, 4319812.293, 100
Trd, 4319813.193, 100
Trd, 4319814.093, 101
Trd, 4319816.493, 96
Trd, 4319818.043, 98
Trd, 4319819.193, 97
Trd, 4319819.343, 100
Trd, 4319820.993, 97
Trd, 4319823.743, 97
Trd, 4319825.043, 97
Trd, 4319825.643, 96
Trd, 4319827.793, 97
Trd, 4319829.043, 96
Trd, 4319829.793, 91
Trd, 4319831.193, 94
Trd, 4319832.193, 95
Trd, 4319833.793, 93
Trd, 4319835.143, 107
Trd, 4319837.343, 98
Trd, 4319837.743, 98
Trd, 4319838.193, 98
Trd, 4319838.693, 100
Trd, 4319840.993, 96
Trd, 4319841.043, 97
Trd, 4319842.143, 97
Trd, 4319842.243, 97
Trd, 4319842.743, 97
Trd, 4319845.943, 97
Trd, 4319846.143, 96
Trd, 4319847.043, 97
Trd, 4319847.243, 93
Trd, 4319848.943, 97
Trd, 4319850.043, 95
Trd, 4319850.743, 96
Trd, 4319850.843, 92
Trd, 4319852.643, 102
Trd, 4319854.393, 96
Trd, 4319856.693, 95
Trd, 4319857.393, 97
Trd, 4319858.743, 97
Trd, 4319859.643, 96
Trd, 4319861.243, 95
Trd, 4319862.093, 96
Trd, 4319863.343, 96
Trd, 4319864.993, 97
Trd, 4319866.143, 96
Trd, 4319866.193, 95
Trd, 4319868.543, 96
Trd, 4319870.043, 97
Trd, 4319873.693, 96
Trd, 4319874.293, 97
Trd, 4319874.343, 96
Trd, 4319874.543, 95
Trd, 4319876.943, 102
Trd, 4319877.593, 97
Trd, 4319877.943, 96
Trd, 4319878.143, 114
Trd, 4319881.143, 95
Trd, 4319884.843, 100
Trd, 4319885.443, 99
Trd, 4319886.943, 100
Trd, 4319889.893, 100
Trd, 4319889.943, 100
Trd, 4319890.493, 99
Trd, 4319891.193, 94
Trd, 4319894.243, 98
Trd, 4319894.943, 97
Trd, 4319897.743, 97
Trd, 4319898.443, 96
Trd, 4319898.643, 98
Trd, 4319899.743, 96
Trd, 4319901.493, 97
Trd, 4319901.843, 98
Trd, 4319904.293, 96
Trd, 4319905.843, 97
Trd, 4319907.043, 97
Trd, 4319907.693, 96
Trd, 4319909.443, 95
Trd, 4319909.693, 95
Trd, 4319909.943, 107
Trd, 4319913.143, 99
Trd, 4319914.393, 97
Trd, 4319914.493, 96
Trd, 4319916.393, 97
Trd, 4319916.943, 96
Trd, 4319916.993, 95
Trd, 4319918.493, 98
Trd, 4319918.543, 97
Trd, 4319920.843, 94
Trd, 4319923.443, 97
Trd, 4319923.893, 97
Trd, 4319927.243, 103
Trd, 4319927.943, 99
Trd, 4319928.243, 98
Trd, 4319931.643, 97
Trd, 4319931.743, 98
Trd, 4319932.693, 98
Trd, 4319933.593, 98
Trd, 4319934.993, 98
Trd, 4319935.543, 99
Trd, 4319937.693, 97
Trd, 4319938.993, 99
Trd, 4319939.243, 97
Trd, 4319940.193, 97
Trd, 4319941.643, 94
Trd, 4319943.443, 95
Trd, 4319943.643, 94
Trd, 4319943.893, 96
Trd, 4319944.743, 97
Trd, 4319946.093, 96
Trd, 4319947.543, 104
Trd, 4319948.443, 97
Trd, 4319949.343, 99
Trd, 4319951.043, 96
Trd, 4319954.593, 94
Trd, 4319954.893, 95
Trd, 4319955.493, 95
Trd, 4319955.943, 95
Trd, 4319957.443, 105
Trd, 4319958.393, 96
Trd, 4319959.043, 96
Trd, 4319960.493, 95
Trd, 4319962.393, 96
Trd, 4319962.893, 97
Trd, 4319964.943, 96
Trd, 4319967.143, 95
Trd, 4319967.243, 94
Trd, 4319969.693, 96
Trd, 4319970.793, 96
Trd, 4319971.793, 96
Trd, 4319972.293, 95
Trd, 4319972.543, 95
Trd, 4319972.643, 107
Trd, 4319973.543, 97
Trd, 4319977.693, 97
Trd, 4319979.493, 97
Trd, 4319980.043, 97
Trd, 4319980.993, 94
Trd, 4319981.443, 94
Trd, 4319981.743, 105
Trd, 4319984.643, 95
Trd, 4319986.393, 96
Trd, 4319986.893, 94
Trd, 4319988.543, 94
Trd, 4319989.643, 95
Trd, 4319990.243, 94
Trd, 4319990.593, 96
Trd, 4319991.743, 96
Trd, 4319992.893, 101
Trd, 4319993.743, 100
Trd, 4319994.493, 109
Trd, 4319995.243, 100
Trd, 4319998.243, 99
Trd, 4319998.443, 100
Trd, 4319998.743, 99
