Trd, 4317734.843, 100
Trd, 4317735.143, 95
Trd, 4317735.643, 105
Trd, 4317738.543, 101
Trd, 4317739.093, 100
Trd, 4317740.843, 101
Trd, 4317740.893, 89
Trd, 4317743.743, 96
Trd, 4317743.943, 100
Trd, 4317745.893, 98
Trd, 4317750.393, 98
Trd, 4317753.293, 96
Trd, 4317753.643, 99
Trd, 4317753.943, 102
Trd, 4317764.143, 99
Trd, 4317764.543, 95
Trd, 4317768.643, 94
Trd, 4317770.643, 98
Trd, 4317776.343, 98
Trd, 4317778.043, 94
Trd, 4317780.543, 98
Trd, 4317790.243, 93
Trd, 4317791.543, 93
Trd, 4317794.043, 93
Trd, 4317798.843, 93
Trd, 4317801.843, 92
Trd, 4317802.343, 93
Trd, 4317802.943, 94
Trd, 4317807.143, 93
Trd, 4317807.843, 94
Trd, 4317813.293, 93
Trd, 4317814.843, 94
Trd, 4317814.943, 94
Trd, 4317816.343, 92
Trd, 4317818.193, 94
Trd, 4317822.493, 94
Trd, 4317824.343, 93
Trd, 4317824.893, 90
Trd, 4317830.993, 93
Trd, 4317831.993, 92
Trd, 4317832.843, 92
Trd, 4317833.743, 90
Trd, 4317834.393, 92
Trd, 4317835.693, 92
Trd, 4317839.893, 90
Trd, 4317847.993, 92
Trd, 4317849.943, 89
Trd, 4317850.493, 88
Trd, 4317853.493, 92
Trd, 4317855.943, 91
Trd, 4317858.493, 89
Trd, 4317859.393, 90
Trd, 4317859.843, 90
Trd, 4317864.243, 89
Trd, 4317865.993, 90
Trd, 4317867.243, 90
Trd, 4317867.593, 91
Trd, 4317869.393, 91
Trd, 4317872.993, 90
Trd, 4317873.043, 89
Trd, 4317874.293, 98
Trd, 4317875.443, 99
Trd, 4317876.243, 99
Trd, 4317878.893, 100
Trd, 4317879.843, 99
Trd, 4317880.343, 98
Trd, 4317882.193, 99
Trd, 4317882.793, 86
Trd, 4317886.193, 95
Trd, 4317886.843, 96
Trd, 4317888.493, 95
Trd, 4317890.793, 95
Trd, 4317892.743, 95
Trd, 4317897.893, 95
Trd, 4317901.393, 95
Trd, 4317904.693, 94
Trd, 4317904.893, 95
Trd, 4317914.193, 93
Trd, 4317914.793, 95
Trd, 4317917.193, 95
Trd, 4317918.293, 94
Trd, 4317920.643, 94
Trd, 4317922.393, 92
Trd, 4317922.793, 101
Trd, 4317924.843, 100
Trd, 4317925.843, 97
Trd, 4317926.393, 111
Trd, 4317927.293, 96
Trd, 4317931.993, 99
Trd, 4317933.093, 98
Trd, 4317939.693, 102
Trd, 4317941.243, 97
Trd, 4317946.393, 97
Trd, 4317952.643, 100
Trd, 4317953.593, 99
Trd, 4317957.493, 99
Trd, 4317959.343, 81
Trd, 4317960.193, 100
Trd, 4317965.443, 99
Trd, 4317970.193, 99
Trd, 4317970.543, 97
Trd, 4317972.143, 97
Trd, 4317979.843, 98
Trd, 4317983.543, 97
Trd, 4317984.443, 99
Trd, 4317987.493, 97
Trd, 4317990.343, 97
Trd, 4317991.593, 96
Trd, 4317997.243, 96
Trd, 4317997.343, 95
Trd, 4318000.243, 96
Trd, 4318008.043, 94
Trd, 4318009.093, 96
Trd, 4318014.993, 95
Trd, 4318015.443, 94
Trd, 4318019.143, 93
Trd, 4318019.393, 94
Trd, 4318021.543, 94
Trd, 4318022.293, 93
Trd, 4318024.593, 92
Trd, 4318025.643, 97
Trd, 4318027.843, 95
Trd, 4318028.993, 95
Trd, 4318030.943, 94
Trd, 4318031.893, 95
Trd, 4318038.543, 94
Trd, 4318039.443, 93
Trd, 4318039.643, 92
Trd, 4318042.443, 92
Trd, 4318043.993, 92
Trd, 4318044.943, 99
Trd, 4318045.593, 97
Trd, 4318048.393, 99
Trd, 4318050.193, 109
Trd, 4318050.243, 103
Trd, 4318051.443, 101
Trd, 4318053.543, 102
Trd, 4318054.743, 102
Trd, 4318057.393, 105
Trd, 4318057.693, 104
Trd, 4318058.293, 104
Trd, 4318058.493, 104
Trd, 4318061.043, 103
Trd, 4318064.393, 102
Trd, 4318066.593, 101
Trd, 4318066.643, 105
Trd, 4318068.493, 87
Trd, 4318069.393, 85
Trd, 4318070.693, 102
Trd, 4318071.143, 86
Trd, 4318072.393, 104
Trd, 4318072.793, 102
Trd, 4318073.993, 97
Trd, 4318076.193, 98
Trd, 4318076.693, 98
Trd, 4318078.793, 103
Trd, 4318082.643, 103
Trd, 4318082.743, 101
Trd, 4318083.743, 101
Trd, 4318083.893, 102
Trd, 4318090.893, 100
Trd, 4318091.593, 102
Trd, 4318096.293, 99
Trd, 4318098.093, 99
Trd, 4318098.443, 101
Trd, 4318101.893, 100
Trd, 4318103.593, 98
Trd, 4318103.743, 99
Trd, 4318107.243, 99
Trd, 4318110.243, 97
Trd, 4318113.493, 98
Trd, 4318118.993, 96
Trd, 4318122.543, 95
Trd, 4318126.843, 97
Trd, 4318128.993, 94
Trd, 4318129.493, 97
Trd, 4318130.393, 97
Trd, 4318131.693, 102
Trd, 4318133.593, 110
Trd, 4318134.243, 111
Trd, 4318135.493, 107
Trd, 4318136.793, 102
Trd, 4318137.243, 103
Trd, 4318139.093, 103
Trd, 4318139.393, 100
Trd, 4318140.343, 100
Trd, 4318143.293, 102
Trd, 4318145.493, 99
Trd, 4318145.993, 114
Trd, 4318148.093, 95
Trd, 4318148.743, 101
Trd, 4318151.743, 96
Trd, 4318152.543, 77
Trd, 4318153.793, 95
Trd, 4318155.743, 95
Trd, 4318155.993, 95
Trd, 4318156.743, 95
Trd, 4318159.393, 90
Trd, 4318160.543, 95
Trd, 4318162.243, 92
Trd, 4318165.443, 94
Trd, 4318168.793, 96
Trd, 4318169.143, 96
Trd, 4318169.593, 95
Trd, 4318170.293, 109
Trd, 4318173.943, 103
Trd, 4318174.643, 100
Trd, 4318175.393, 100
Trd, 4318176.693, 100
Trd, 4318177.793, 99
Trd, 4318178.693, 101
Trd, 4318180.693, 101
Trd, 4318183.043, 101
Trd, 4318185.943, 99
Trd, 4318189.643, 98
Trd, 4318192.343, 100
Trd, 4318193.243, 101
Trd, 4318195.293, 101
Trd, 4318197.593, 101
Trd, 4318197.843, 101
Trd, 4318201.593, 100
Trd, 4318204.193, 99
Trd, 4318204.243, 97
Trd, 4318206.543, 99
Trd, 4318206.843, 98
Trd, 4318210.993, 98
Trd, 4318211.093, 99
Trd, 4318212.893, 97
Trd, 4318213.793, 99
Trd, 4318214.493, 99
Trd, 4318218.993, 96
Trd, 4318222.593, 97
Trd, 4318225.593, 98
Trd, 4318227.943, 97
Trd, 4318228.543, 96
Trd, 4318229.043, 96
Trd, 4318231.243, 95
Trd, 4318235.143, 97
Trd, 4318236.443, 97
Trd, 4318239.993, 93
Trd, 4318240.943, 94
Trd, 4318242.443, 91
Trd, 4318244.193, 96
Trd, 4318247.043, 95
Trd, 4318247.143, 105
Trd, 4318252.593, 94
Trd, 4318259.343, 96
Trd, 4318261.543, 96
Trd, 4318263.843, 95
Trd, 4318267.093, 93
Trd, 4318267.893, 95
Trd, 4318268.793, 93
Trd, 4318272.543, 95
Trd, 4318273.993, 95
Trd, 4318274.993, 92
Trd, 4318279.793, 95
Trd, 4318280.343, 95
Trd, 4318285.693, 90
Trd, 4318287.643, 94
Trd, 4318289.743, 94
Trd, 4318290.693, 92
Trd, 4318294.443, 93
Trd, 4318294.743, 93
Trd, 4318294.893, 92
Trd, 4318296.093, 92
Trd, 4318299.193, 112
Trd, 4318300.093, 106
Trd, 4318301.743, 102
Trd, 4318302.843, 101
Trd, 4318303.693, 98
Trd, 4318304.543, 102
Trd, 4318307.443, 98
Trd, 4318310.343, 98
Trd, 4318317.643, 97
Trd, 4318317.843, 97
Trd, 4318318.443, 99
Trd, 4318320.143, 98
Trd, 4318320.593, 97
Trd, 4318320.793, 110
Trd, 4318324.043, 96
Trd, 4318325.093, 100
Trd, 4318340.193, 96
Trd, 4318343.543, 98
Trd, 4318343.793, 95
Trd, 4318346.593, 94
Trd, 4318350.893, 97
Trd, 4318352.143, 98
Trd, 4318357.443, 95
Trd, 4318362.343, 96
Trd, 4318364.993, 91
Trd, 4318365.343, 96
Trd, 4318371.043, 93
Trd, 4318374.843, 96
Trd, 4318378.743, 96
Trd, 4318380.793, 93
Trd, 4318381.343, 96
Trd, 4318383.243, 96
Trd, 4318386.543, 95
Trd, 4318389.643, 95
Trd, 4318389.693, 92
Trd, 4318393.243, 94
Trd, 4318393.993, 93
Trd, 4318396.293, 94
Trd, 4318400.043, 92
Trd, 4318400.743, 94
Trd, 4318402.343, 94
Trd, 4318404.293, 91
Trd, 4318410.143, 91
Trd, 4318413.393, 94
Trd, 4318415.243, 93
Trd, 4318416.643, 90
Trd, 4318417.793, 93
Trd, 4318421.043, 85
Trd, 4318421.543, 88
Trd, 4318422.543, 86
Trd, 4318425.543, 76
Trd, 4318426.293, 86
Trd, 4318428.643, 86
Trd, 4318428.843, 97
Trd, 4318433.093, 90
Trd, 4318437.993, 89
Trd, 4318439.093, 89
Trd, 4318440.593, 88
Trd, 4318442.793, 87
Trd, 4318444.643, 89
Trd, 4318446.393, 89
Trd, 4318447.593, 91
Trd, 4318447.943, 96
Trd, 4318449.343, 97
Trd, 4318449.543, 122
Trd, 4318449.793, 96
Trd, 4318453.393, 91
Trd, 4318453.443, 91
Trd, 4318454.143, 85
Trd, 4318457.543, 91
Trd, 4318458.293, 87
Trd, 4318460.043, 90
Trd, 4318460.893, 88
Trd, 4318461.843, 89
Trd, 4318462.143, 90
Trd, 4318463.693, 90
Trd, 4318464.143, 98
Trd, 4318467.343, 92
Trd, 4318468.543, 92
Trd, 4318468.993, 93
Trd, 4318470.793, 92
Trd, 4318474.443, 88
Trd, 4318474.993, 87
Trd, 4318475.793, 90
Trd, 4318478.843, 95
Trd, 4318480.143, 97
Trd, 4318480.343, 96
Trd, 4318481.293, 95
Trd, 4318483.143, 94
Trd, 4318483.993, 89
Trd, 4318484.243, 95
Trd, 4318488.343, 92
Trd, 4318492.993, 93
Trd, 4318493.393, 93
Trd, 4318498.743, 92
Trd, 4318498.943, 91
Trd, 4318504.243, 92
Trd, 4318508.843, 91
Trd, 4318510.493, 91
Trd, 4318512.443, 90
Trd, 4318522.493, 91
Trd, 4318524.193, 90
Trd, 4318524.343, 91
Trd, 4318527.793, 89
Trd, 4318528.393, 91
Trd, 4318528.993, 100
Trd, 4318530.443, 99
Trd, 4318531.343, 96
Trd, 4318533.043, 105
Trd, 4318535.293, 98
Trd, 4318536.193, 98
Trd, 4318537.493, 76
Trd, 4318538.343, 98
Trd, 4318539.043, 109
Trd, 4318540.093, 103
Trd, 4318540.743, 122
Trd, 4318541.593, 105
Trd, 4318546.093, 106
Trd, 4318550.043, 105
Trd, 4318550.593, 104
Trd, 4318554.993, 105
Trd, 4318558.693, 104
Trd, 4318563.343, 103
Trd, 4318565.743, 102
Trd, 4318570.743, 104
Trd, 4318576.743, 102
Trd, 4318578.193, 101
Trd, 4318581.393, 100
Trd, 4318583.143, 104
Trd, 4318589.343, 103
Trd, 4318592.093, 99
Trd, 4318597.943, 102
Trd, 4318605.443, 100
Trd, 4318605.693, 101
Trd, 4318608.693, 100
Trd, 4318610.293, 109
Trd, 4318612.643, 112
Trd, 4318613.543, 107
Trd, 4318614.493, 108
Trd, 4318616.143, 100
Trd, 4318618.093, 109
Trd, 4318619.993, 103
Trd, 4318621.343, 105
Trd, 4318623.493, 104
Trd, 4318625.293, 102
Trd, 4318626.443, 104
Trd, 4318628.243, 101
Trd, 4318629.943, 98
Trd, 4318632.093, 90
Trd, 4318632.143, 76
Trd, 4318634.393, 89
Trd, 4318636.993, 89
Trd, 4318637.343, 89
Trd, 4318639.343, 89
Trd, 4318639.693, 97
Trd, 4318642.493, 94
Trd, 4318643.393, 95
Trd, 4318643.843, 86
Trd, 4318646.793, 93
Trd, 4318647.243, 94
Trd, 4318648.293, 94
Trd, 4318650.043, 95
Trd, 4318650.143, 95
Trd, 4318650.943, 104
Trd, 4318651.693, 104
Trd, 4318655.043, 102
Trd, 4318656.743, 101
Trd, 4318658.943, 106
Trd, 4318659.193, 104
Trd, 4318661.443, 104
Trd, 4318663.093, 103
Trd, 4318665.043, 101
Trd, 4318667.293, 94
Trd, 4318667.743, 104
Trd, 4318668.793, 97
Trd, 4318671.893, 98
Trd, 4318672.343, 98
Trd, 4318674.193, 96
Trd, 4318677.193, 97
Trd, 4318678.343, 96
Trd, 4318681.293, 95
Trd, 4318682.393, 96
Trd, 4318684.543, 96
Trd, 4318685.243, 95
Trd, 4318686.493, 95
Trd, 4318688.293, 95
Trd, 4318689.493, 93
Trd, 4318692.543, 96
Trd, 4318693.693, 93
Trd, 4318695.243, 96
Trd, 4318696.743, 96
Trd, 4318696.793, 96
Trd, 4318698.543, 93
Trd, 4318706.343, 92
Trd, 4318708.443, 95
Trd, 4318708.643, 95
Trd, 4318716.743, 94
Trd, 4318718.043, 92
Trd, 4318718.443, 93
Trd, 4318718.543, 94
Trd, 4318720.593, 102
Trd, 4318721.493, 96
Trd, 4318722.643, 95
Trd, 4318724.993, 96
Trd, 4318727.593, 87
Trd, 4318728.393, 87
Trd, 4318730.043, 86
Trd, 4318730.543, 86
Trd, 4318731.293, 85
Trd, 4318732.493, 74
Trd, 4318734.743, 80
Trd, 4318735.693, 83
Trd, 4318736.843, 86
Trd, 4318739.593, 96
Trd, 4318740.293, 113
Trd, 4318743.443, 107
Trd, 4318745.843, 106
Trd, 4318747.043, 101
Trd, 4318748.543, 101
Trd, 4318748.793, 100
Trd, 4318750.843, 100
Trd, 4318751.643, 100
Trd, 4318753.793, 98
Trd, 4318755.943, 93
Trd, 4318756.193, 93
Trd, 4318756.993, 92
Trd, 4318757.993, 104
Trd, 4318758.393, 95
Trd, 4318758.493, 97
Trd, 4318763.693, 95
Trd, 4318764.743, 96
Trd, 4318765.893, 101
Trd, 4318766.343, 97
Trd, 4318767.943, 97
Trd, 4318769.793, 110
Trd, 4318770.893, 102
Trd, 4318773.843, 102
Trd, 4318775.593, 102
Trd, 4318775.843, 98
Trd, 4318777.593, 101
Trd, 4318781.143, 101
Trd, 4318783.443, 101
Trd, 4318787.343, 100
Trd, 4318796.193, 99
Trd, 4318800.043, 98
Trd, 4318801.593, 99
Trd, 4318802.493, 99
Trd, 4318803.543, 97
Trd, 4318806.043, 98
Trd, 4318806.143, 96
Trd, 4318811.793, 96
Trd, 4318812.093, 95
Trd, 4318815.443, 99
Trd, 4318816.693, 97
Trd, 4318822.143, 96
Trd, 4318828.493, 95
Trd, 4318831.743, 96
Trd, 4318833.993, 96
Trd, 4318835.593, 94
Trd, 4318836.443, 96
Trd, 4318837.093, 100
Trd, 4318837.843, 100
Trd, 4318840.943, 100
Trd, 4318842.593, 107
Trd, 4318842.693, 102
Trd, 4318842.943, 104
Trd, 4318844.893, 106
Trd, 4318846.643, 105
Trd, 4318847.793, 104
Trd, 4318848.993, 86
Trd, 4318849.143, 96
Trd, 4318850.993, 99
Trd, 4318853.993, 95
Trd, 4318854.893, 92
Trd, 4318856.593, 92
Trd, 4318858.193, 92
Trd, 4318858.893, 89
Trd, 4318860.443, 87
Trd, 4318862.293, 86
Trd, 4318863.793, 84
Trd, 4318865.593, 96
Trd, 4318866.443, 93
Trd, 4318867.643, 105
Trd, 4318869.193, 94
Trd, 4318870.793, 95
Trd, 4318870.843, 88
Trd, 4318876.493, 92
Trd, 4318876.643, 92
Trd, 4318877.793, 93
Trd, 4318879.493, 93
Trd, 4318880.193, 96
Trd, 4318881.943, 104
Trd, 4318882.243, 95
Trd, 4318882.843, 97
Trd, 4318884.993, 98
Trd, 4318885.343, 80
Trd, 4318887.443, 98
Trd, 4318889.743, 97
Trd, 4318890.593, 97
Trd, 4318893.193, 97
Trd, 4318893.993, 94
Trd, 4318898.593, 97
Trd, 4318899.743, 93
Trd, 4318902.893, 96
Trd, 4318903.393, 96
Trd, 4318906.743, 96
Trd, 4318908.193, 95
Trd, 4318908.743, 96
Trd, 4318912.593, 95
Trd, 4318912.643, 94
Trd, 4318914.243, 94
Trd, 4318914.443, 96
Trd, 4318915.493, 93
Trd, 4318916.043, 93
Trd, 4318917.543, 93
Trd, 4318920.643, 92
Trd, 4318921.943, 94
Trd, 4318925.543, 94
Trd, 4318926.693, 93
Trd, 4318930.093, 92
Trd, 4318933.293, 93
Trd, 4318934.543, 91
Trd, 4318937.193, 93
Trd, 4318938.743, 90
Trd, 4318938.993, 93
Trd, 4318944.543, 91
Trd, 4318948.693, 93
Trd, 4318948.793, 94
Trd, 4318949.493, 92
Trd, 4318954.093, 94
Trd, 4318955.393, 93
Trd, 4318956.443, 93
Trd, 4318956.843, 91
Trd, 4318958.393, 94
Trd, 4318961.143, 94
Trd, 4318962.193, 98
Trd, 4318965.093, 96
Trd, 4318970.243, 95
Trd, 4318970.343, 95
Trd, 4318970.793, 95
Trd, 4318972.443, 96
Trd, 4318976.093, 96
Trd, 4318977.643, 95
Trd, 4318983.743, 96
Trd, 4318984.193, 95
Trd, 4318985.893, 95
Trd, 4318987.793, 93
Trd, 4318989.693, 96
Trd, 4318995.743, 96
Trd, 4318999.143, 96
Trd, 4318999.743, 93
Trd, 4319000.543, 92
Trd, 4319001.893, 96
Trd, 4319004.893, 93
Trd, 4319005.893, 93
Trd, 4319006.943, 93
Trd, 4319011.143, 93
Trd, 4319012.193, 93
Trd, 4319013.093, 92
Trd, 4319014.993, 93
Trd, 4319022.643, 92
Trd, 4319025.243, 92
Trd, 4319026.543, 91
Trd, 4319029.293, 90
Trd, 4319030.243, 92
Trd, 4319036.743, 90
Trd, 4319037.643, 92
Trd, 4319039.793, 92
Trd, 4319041.043, 91
Trd, 4319043.093, 92
Trd, 4319043.543, 92
Trd, 4319046.393, 92
Trd, 4319048.343, 90
Trd, 4319048.943, 90
Trd, 4319050.593, 92
Trd, 4319056.193, 92
Trd, 4319056.743, 90
Trd, 4319060.293, 92
Trd, 4319061.493, 90
Trd, 4319070.243, 91
Trd, 4319070.493, 92
Trd, 4319073.193, 92
Trd, 4319075.943, 92
Trd, 4319076.643, 92
Trd, 4319077.693, 90
Trd, 4319080.793, 92
Trd, 4319084.693, 92
Trd, 4319090.193, 92
Trd, 4319092.293, 92
Trd, 4319095.743, 90
Trd, 4319099.043, 89
Trd, 4319099.393, 90
Trd, 4319102.843, 89
Trd, 4319104.993, 90
Trd, 4319109.393, 90
Trd, 4319111.743, 90
Trd, 4319112.343, 89
Trd, 4319115.043, 88
Trd, 4319119.543, 89
Trd, 4319119.843, 88
Trd, 4319120.043, 86
Trd, 4319121.443, 86
Trd, 4319123.693, 87
Trd, 4319124.193, 85
Trd, 4319126.893, 85
Trd, 4319126.993, 87
Trd, 4319127.693, 93
Trd, 4319131.343, 102
Trd, 4319133.593, 101
Trd, 4319135.193, 103
Trd, 4319136.093, 102
Trd, 4319138.393, 101
Trd, 4319140.193, 100
Trd, 4319142.393, 107
Trd, 4319142.593, 106
Trd, 4319145.893, 103
Trd, 4319146.643, 104
Trd, 4319151.743, 103
Trd, 4319152.993, 102
Trd, 4319157.043, 98
Trd, 4319158.493, 100
Trd, 4319159.993, 99
Trd, 4319161.443, 102
Trd, 4319162.493, 99
Trd, 4319166.343, 98
Trd, 4319172.743, 99
Trd, 4319172.993, 98
Trd, 4319173.593, 97
Trd, 4319176.343, 98
Trd, 4319181.993, 98
Trd, 4319183.543, 97
Trd, 4319185.593, 98
Trd, 4319186.443, 97
Trd, 4319187.443, 96
Trd, 4319194.443, 95
Trd, 4319196.193, 94
Trd, 4319201.143, 94
Trd, 4319203.593, 97
Trd, 4319211.343, 97
Trd, 4319212.643, 97
Trd, 4319213.843, 95
Trd, 4319214.093, 97
Trd, 4319215.793, 95
Trd, 4319217.243, 93
Trd, 4319223.793, 97
Trd, 4319226.643, 97
Trd, 4319230.793, 95
Trd, 4319234.543, 94
Trd, 4319234.643, 92
Trd, 4319237.143, 94
Trd, 4319237.943, 91
Trd, 4319243.043, 94
Trd, 4319248.843, 94
Trd, 4319249.943, 91
Trd, 4319254.443, 92
Trd, 4319254.493, 91
Trd, 4319257.593, 91
Trd, 4319259.643, 92
Trd, 4319260.343, 93
Trd, 4319261.743, 93
Trd, 4319266.343, 93
Trd, 4319270.693, 93
Trd, 4319274.293, 93
Trd, 4319274.943, 93
Trd, 4319275.643, 92
Trd, 4319276.643, 94
Trd, 4319281.793, 93
Trd, 4319283.343, 91
Trd, 4319283.493, 93
Trd, 4319286.993, 90
Trd, 4319290.243, 93
Trd, 4319293.543, 93
Trd, 4319294.193, 93
Trd, 4319297.343, 92
Trd, 4319298.443, 92
Trd, 4319300.943, 90
Trd, 4319302.793, 92
Trd, 4319303.243, 92
Trd, 4319305.343, 91
Trd, 4319307.293, 91
Trd, 4319307.493, 92
Trd, 4319307.793, 89
Trd, 4319311.843, 91
Trd, 4319312.943, 91
Trd, 4319317.243, 90
Trd, 4319318.793, 88
Trd, 4319320.943, 89
Trd, 4319321.643, 89
Trd, 4319323.493, 88
Trd, 4319326.093, 88
Trd, 4319326.193, 89
Trd, 4319326.793, 88
Trd, 4319328.743, 90
Trd, 4319329.043, 94
Trd, 4319329.443, 93
Trd, 4319332.243, 93
Trd, 4319334.443, 103
Trd, 4319336.443, 99
Trd, 4319337.993, 99
Trd, 4319338.493, 97
Trd, 4319340.993, 98
Trd, 4319342.943, 107
Trd, 4319344.543, 102
Trd, 4319344.593, 90
Trd, 4319345.943, 102
Trd, 4319347.843, 101
Trd, 4319348.843, 100
Trd, 4319349.193, 100
Trd, 4319349.643, 101
Trd, 4319352.843, 104
Trd, 4319353.693, 102
Trd, 4319357.393, 101
Trd, 4319358.443, 102
Trd, 4319361.793, 102
Trd, 4319366.593, 102
Trd, 4319372.393, 100
Trd, 4319377.093, 100
Trd, 4319379.843, 101
Trd, 4319381.793, 101
Trd, 4319382.893, 98
Trd, 4319387.793, 97
Trd, 4319388.943, 100
Trd, 4319392.443, 96
Trd, 4319394.743, 99
Trd, 4319395.793, 99
Trd, 4319398.043, 97
Trd, 4319403.893, 95
Trd, 4319407.343, 80
Trd, 4319411.693, 95
Trd, 4319414.793, 91
Trd, 4319417.393, 95
Trd, 4319417.743, 91
Trd, 4319420.243, 95
Trd, 4319427.943, 95
Trd, 4319428.093, 95
Trd, 4319429.893, 92
Trd, 4319432.393, 91
Trd, 4319433.893, 91
Trd, 4319434.243, 91
Trd, 4319434.343, 93
Trd, 4319437.443, 90
Trd, 4319439.493, 89
Trd, 4319442.043, 92
Trd, 4319443.993, 89
Trd, 4319447.743, 92
Trd, 4319449.593, 91
Trd, 4319450.543, 90
Trd, 4319455.593, 90
Trd, 4319456.643, 90
Trd, 4319460.043, 89
Trd, 4319460.443, 88
Trd, 4319460.643, 88
Trd, 4319467.393, 87
Trd, 4319468.043, 88
Trd, 4319470.343, 88
Trd, 4319470.843, 88
Trd, 4319475.093, 86
Trd, 4319479.093, 88
Trd, 4319479.543, 85
Trd, 4319479.743, 88
Trd, 4319482.543, 88
Trd, 4319482.943, 84
Trd, 4319485.243, 88
Trd, 4319486.243, 88
Trd, 4319487.543, 88
Trd, 4319489.493, 111
Trd, 4319489.793, 106
Trd, 4319491.043, 107
Trd, 4319492.543, 101
Trd, 4319495.193, 102
Trd, 4319495.993, 89
Trd, 4319497.193, 100
Trd, 4319504.593, 99
Trd, 4319505.243, 101
Trd, 4319510.043, 99
Trd, 4319513.143, 100
Trd, 4319517.393, 99
Trd, 4319517.443, 98
Trd, 4319518.893, 103
Trd, 4319519.293, 102
Trd, 4319520.793, 96
Trd, 4319524.043, 99
Trd, 4319524.243, 77
Trd, 4319529.843, 94
Trd, 4319531.193, 91
Trd, 4319532.593, 94
Trd, 4319536.293, 94
Trd, 4319536.493, 93
Trd, 4319539.093, 92
Trd, 4319544.443, 93
Trd, 4319544.843, 93
Trd, 4319545.443, 96
Trd, 4319547.293, 96
Trd, 4319548.093, 83
Trd, 4319549.493, 94
Trd, 4319550.193, 90
Trd, 4319554.143, 97
Trd, 4319554.893, 93
Trd, 4319555.293, 92
Trd, 4319557.093, 91
Trd, 4319558.443, 91
Trd, 4319560.043, 91
Trd, 4319561.543, 92
Trd, 4319562.593, 91
Trd, 4319564.443, 107
Trd, 4319564.893, 105
Trd, 4319567.043, 98
Trd, 4319567.643, 93
Trd, 4319567.993, 99
Trd, 4319568.043, 86
Trd, 4319569.743, 91
Trd, 4319571.343, 91
Trd, 4319573.843, 91
Trd, 4319574.593, 90
Trd, 4319576.793, 90
Trd, 4319576.993, 89
Trd, 4319578.643, 88
Trd, 4319579.993, 89
Trd, 4319582.543, 88
Trd, 4319582.893, 87
Trd, 4319586.293, 88
Trd, 4319586.543, 87
Trd, 4319589.993, 88
Trd, 4319592.543, 87
Trd, 4319593.843, 89
Trd, 4319595.693, 89
Trd, 4319596.093, 90
Trd, 4319597.243, 90
Trd, 4319599.093, 90
Trd, 4319603.093, 90
Trd, 4319604.593, 89
Trd, 4319606.993, 91
Trd, 4319608.593, 91
Trd, 4319612.543, 91
Trd, 4319613.343, 91
Trd, 4319614.993, 91
Trd, 4319615.393, 90
Trd, 4319615.543, 67
Trd, 4319618.443, 84
Trd, 4319622.743, 86
Trd, 4319625.993, 86
Trd, 4319627.743, 86
Trd, 4319627.893, 87
Trd, 4319632.943, 86
Trd, 4319633.993, 83
Trd, 4319635.993, 86
Trd, 4319636.993, 86
Trd, 4319638.043, 95
Trd, 4319638.943, 89
Trd, 4319640.393, 91
Trd, 4319641.393, 85
Trd, 4319641.993, 86
Trd, 4319643.393, 91
Trd, 4319647.043, 107
Trd, 4319648.143, 92
Trd, 4319648.793, 93
Trd, 4319652.693, 105
Trd, 4319652.943, 104
Trd, 4319653.893, 104
Trd, 4319654.743, 103
Trd, 4319655.543, 94
Trd, 4319659.543, 99
Trd, 4319660.343, 98
Trd, 4319662.443, 96
Trd, 4319662.843, 95
Trd, 4319664.793, 97
Trd, 4319667.343, 94
Trd, 4319668.543, 96
Trd, 4319668.993, 85
Trd, 4319670.393, 87
Trd, 4319670.993, 86
Trd, 4319671.243, 87
Trd, 4319674.093, 87
Trd, 4319674.493, 87
Trd, 4319677.843, 89
Trd, 4319678.793, 87
Trd, 4319678.843, 97
Trd, 4319682.593, 88
Trd, 4319682.793, 90
Trd, 4319682.893, 88
Trd, 4319687.543, 87
Trd, 4319688.843, 87
Trd, 4319691.143, 86
Trd, 4319693.893, 87
Trd, 4319695.843, 87
Trd, 4319696.543, 85
Trd, 4319698.693, 87
Trd, 4319699.893, 87
Trd, 4319703.293, 86
Trd, 4319703.643, 87
Trd, 4319705.043, 87
Trd, 4319705.693, 87
Trd, 4319705.993, 86
Trd, 4319708.043, 87
Trd, 4319709.643, 93
Trd, 4319711.593, 89
Trd, 4319712.793, 101
Trd, 4319714.793, 97
Trd, 4319715.543, 98
Trd, 4319716.193, 115
Trd, 4319717.193, 100
Trd, 4319717.993, 103
Trd, 4319719.493, 104
Trd, 4319720.543, 104
Trd, 4319721.593, 100
Trd, 4319723.993, 93
Trd, 4319724.343, 95
Trd, 4319724.693, 81
Trd, 4319726.143, 94
Trd, 4319729.093, 91
Trd, 4319732.043, 90
Trd, 4319733.143, 94
Trd, 4319733.993, 93
Trd, 4319736.743, 90
Trd, 4319737.193, 112
Trd, 4319739.193, 105
Trd, 4319741.793, 105
Trd, 4319741.993, 98
Trd, 4319743.343, 86
Trd, 4319745.093, 84
Trd, 4319746.843, 86
Trd, 4319747.643, 90
Trd, 4319747.893, 67
Trd, 4319751.443, 87
Trd, 4319752.943, 88
Trd, 4319753.043, 88
Trd, 4319755.243, 94
Trd, 4319755.493, 90
Trd, 4319757.493, 91
Trd, 4319758.443, 97
Trd, 4319760.393, 99
Trd, 4319760.843, 98
Trd, 4319762.143, 96
Trd, 4319764.043, 94
Trd, 4319765.243, 96
Trd, 4319765.543, 94
Trd, 4319767.993, 94
Trd, 4319768.893, 94
Trd, 4319769.593, 98
Trd, 4319771.243, 95
Trd, 4319772.643, 101
Trd, 4319775.243, 95
Trd, 4319775.543, 94
Trd, 4319776.993, 94
Trd, 4319779.543, 95
Trd, 4319779.793, 116
Trd, 4319782.343, 96
Trd, 4319782.893, 95
Trd, 4319784.543, 94
Trd, 4319785.243, 76
Trd, 4319787.993, 88
Trd, 4319789.493, 88
Trd, 4319790.643, 107
Trd, 4319791.043, 106
Trd, 4319793.443, 88
Trd, 4319793.843, 88
Trd, 4319794.793, 91
Trd, 4319795.943, 90
Trd, 4319796.193, 89
Trd, 4319798.193, 87
Trd, 4319800.993, 87
Trd, 4319801.943, 93
Trd, 4319802.243, 93
Trd, 4319803.893, 93
Trd, 4319804.093, 92
Trd, 4319807.543, 92
Trd, 4319807.993, 78
Trd, 4319809.693, 97
Trd, 4319810.793, 97
Trd, 4319811.393, 94
Trd, 4319812.393, 91
Trd, 4319814.693, 103
Trd, 4319815.143, 96
Trd, 4319817.743, 97
Trd, 4319818.793, 97
Trd, 4319819.343, 113
Trd, 4319819.543, 95
Trd, 4319823.843, 100
Trd, 4319827.293, 95
Trd, 4319828.843, 100
Trd, 4319831.743, 94
Trd, 4319840.093, 95
Trd, 4319843.393, 98
Trd, 4319846.693, 95
Trd, 4319852.143, 95
Trd, 4319855.093, 94
Trd, 4319855.393, 98
Trd, 4319857.893, 94
Trd, 4319858.843, 97
Trd, 4319862.493, 97
Trd, 4319869.593, 97
Trd, 4319869.993, 94
Trd, 4319876.293, 94
Trd, 4319882.643, 94
Trd, 4319883.243, 96
Trd, 4319890.843, 96
Trd, 4319892.193, 97
Trd, 4319894.443, 96
Trd, 4319895.643, 93
Trd, 4319895.743, 95
Trd, 4319901.643, 92
Trd, 4319903.943, 94
Trd, 4319904.143, 94
Trd, 4319906.093, 103
Trd, 4319907.393, 106
Trd, 4319908.193, 106
Trd, 4319908.693, 103
Trd, 4319910.993, 103
Trd, 4319911.643, 102
Trd, 4319912.943, 92
Trd, 4319915.093, 102
Trd, 4319917.643, 99
Trd, 4319919.893, 100
Trd, 4319920.493, 101
Trd, 4319928.743, 99
Trd, 4319929.893, 100
Trd, 4319931.443, 98
Trd, 4319936.093, 99
Trd, 4319936.143, 96
Trd, 4319938.193, 96
Trd, 4319938.493, 98
Trd, 4319940.143, 96
Trd, 4319940.643, 101
Trd, 4319942.093, 99
Trd, 4319943.593, 85
Trd, 4319944.793, 98
Trd, 4319945.643, 97
Trd, 4319946.293, 96
Trd, 4319950.243, 96
Trd, 4319951.643, 95
Trd, 4319952.293, 97
Trd, 4319956.943, 96
Trd, 4319960.143, 96
Trd, 4319960.793, 95
Trd, 4319960.843, 95
Trd, 4319962.893, 96
Trd, 4319966.193, 96
Trd, 4319966.343, 95
Trd, 4319970.493, 95
Trd, 4319973.593, 96
Trd, 4319978.993, 95
Trd, 4319980.143, 95
Trd, 4319983.493, 93
Trd, 4319984.443, 94
Trd, 4319987.693, 92
Trd, 4319987.743, 94
Trd, 4319990.493, 92
Trd, 4319991.093, 94
Trd, 4319993.143, 94
Trd, 4319994.043, 94
