Trd, 4317895.843, 104
Trd, 4317897.443, 103
Trd, 4317899.043, 103
Trd, 4317899.743, 103
Trd, 4317900.593, 119
Trd, 4317901.743, 106
Trd, 4317902.343, 117
Trd, 4317904.043, 106
Trd, 4317905.593, 107
Trd, 4317907.743, 108
Trd, 4317909.093, 110
Trd, 4317909.643, 105
Trd, 4317911.293, 105
Trd, 4317912.293, 105
Trd, 4317914.143, 98
Trd, 4317914.843, 100
Trd, 4317915.743, 98
Trd, 4317916.143, 99
Trd, 4317918.343, 98
Trd, 4317919.493, 98
Trd, 4317919.843, 104
Trd, 4317921.593, 99
Trd, 4317924.093, 100
Trd, 4317924.293, 98
Trd, 4317924.843, 100
Trd, 4317926.693, 102
Trd, 4317928.243, 105
Trd, 4317928.543, 103
Trd, 4317929.243, 100
Trd, 4317929.893, 100
Trd, 4317932.293, 99
Trd, 4317932.743, 100
Trd, 4317935.443, 99
Trd, 4317936.143, 99
Trd, 4317937.843, 96
Trd, 4317939.143, 98
Trd, 4317939.743, 97
Trd, 4317940.593, 97
Trd, 4317941.543, 96
Trd, 4317943.243, 97
Trd, 4317945.143, 97
Trd, 4317945.893, 98
Trd, 4317946.393, 96
Trd, 4317948.593, 94
Trd, 4317948.893, 93
Trd, 4317949.743, 96
Trd, 4317953.043, 95
Trd, 4317953.943, 92
Trd, 4317955.093, 94
Trd, 4317956.843, 94
Trd, 4317957.293, 93
Trd, 4317958.193, 104
Trd, 4317960.493, 92
Trd, 4317960.943, 91
Trd, 4317961.643, 93
Trd, 4317962.343, 92
Trd, 4317966.893, 91
Trd, 4317967.293, 92
Trd, 4317969.393, 90
Trd, 4317970.493, 90
Trd, 4317971.893, 91
Trd, 4317973.193, 90
Trd, 4317974.243, 92
Trd, 4317974.343, 89
Trd, 4317976.443, 92
Trd, 4317978.543, 90
Trd, 4317980.993, 92
Trd, 4317981.843, 91
Trd, 4317981.993, 91
Trd, 4317982.643, 95
Trd, 4317985.193, 94
Trd, 4317986.893, 102
Trd, 4317987.943, 102
Trd, 4317988.093, 101
Trd, 4317988.243, 101
Trd, 4317989.543, 94
Trd, 4317990.793, 112
Trd, 4317992.843, 91
Trd, 4317996.893, 94
Trd, 4317997.393, 94
Trd, 4317997.543, 95
Trd, 4318000.993, 94
Trd, 4318001.493, 94
Trd, 4318002.493, 93
Trd, 4318003.593, 93
Trd, 4318006.343, 92
Trd, 4318006.593, 92
Trd, 4318007.343, 92
Trd, 4318009.193, 91
Trd, 4318009.393, 91
Trd, 4318009.843, 91
Trd, 4318012.893, 91
Trd, 4318013.643, 91
Trd, 4318013.843, 95
Trd, 4318014.543, 91
Trd, 4318015.343, 120
Trd, 4318016.243, 110
Trd, 4318017.693, 122
Trd, 4318017.843, 114
Trd, 4318018.093, 111
Trd, 4318021.643, 104
Trd, 4318023.743, 100
Trd, 4318024.443, 103
Trd, 4318025.343, 97
Trd, 4318026.843, 97
Trd, 4318027.993, 101
Trd, 4318029.493, 105
Trd, 4318029.693, 96
Trd, 4318031.543, 99
Trd, 4318032.643, 99
Trd, 4318033.143, 100
Trd, 4318033.993, 100
Trd, 4318035.193, 100
Trd, 4318036.793, 103
Trd, 4318037.543, 102
Trd, 4318039.043, 101
Trd, 4318040.943, 102
Trd, 4318041.643, 102
Trd, 4318042.543, 101
Trd, 4318043.093, 103
Trd, 4318043.943, 100
Trd, 4318046.793, 101
Trd, 4318047.993, 101
Trd, 4318048.093, 100
Trd, 4318048.943, 100
Trd, 4318049.743, 100
Trd, 4318050.743, 100
Trd, 4318051.443, 101
Trd, 4318052.643, 100
Trd, 4318053.543, 98
Trd, 4318054.643, 101
Trd, 4318055.243, 100
Trd, 4318057.143, 99
Trd, 4318059.693, 100
Trd, 4318060.343, 97
Trd, 4318061.443, 99
Trd, 4318061.593, 99
Trd, 4318062.043, 113
Trd, 4318063.593, 112
Trd, 4318064.143, 111
Trd, 4318066.043, 111
Trd, 4318067.043, 109
Trd, 4318067.643, 103
Trd, 4318070.093, 104
Trd, 4318071.793, 104
Trd, 4318072.393, 105
Trd, 4318074.143, 104
Trd, 4318074.443, 104
Trd, 4318074.793, 103
Trd, 4318075.443, 86
Trd, 4318075.693, 89
Trd, 4318076.293, 97
Trd, 4318077.743, 92
Trd, 4318079.343, 95
Trd, 4318081.593, 94
Trd, 4318082.143, 93
Trd, 4318083.593, 94
Trd, 4318084.293, 94
Trd, 4318084.693, 94
Trd, 4318084.743, 95
Trd, 4318088.743, 95
Trd, 4318089.043, 95
Trd, 4318089.443, 108
Trd, 4318092.093, 94
Trd, 4318093.343, 95
Trd, 4318093.993, 93
Trd, 4318095.643, 89
Trd, 4318096.593, 88
Trd, 4318096.793, 89
Trd, 4318100.043, 87
Trd, 4318101.343, 87
Trd, 4318101.643, 87
Trd, 4318102.043, 89
Trd, 4318102.093, 90
Trd, 4318104.593, 95
Trd, 4318105.143, 94
Trd, 4318107.293, 102
Trd, 4318108.093, 103
Trd, 4318108.743, 101
Trd, 4318109.943, 96
Trd, 4318110.093, 98
Trd, 4318111.843, 98
Trd, 4318112.043, 94
Trd, 4318114.893, 101
Trd, 4318115.193, 100
Trd, 4318117.293, 100
Trd, 4318117.393, 102
Trd, 4318118.543, 94
Trd, 4318122.993, 96
Trd, 4318123.893, 95
Trd, 4318124.593, 96
Trd, 4318126.343, 94
Trd, 4318126.643, 95
Trd, 4318126.943, 95
Trd, 4318128.143, 94
Trd, 4318129.943, 95
Trd, 4318130.393, 95
Trd, 4318133.893, 94
Trd, 4318134.743, 95
Trd, 4318136.243, 95
Trd, 4318136.343, 94
Trd, 4318137.343, 94
Trd, 4318138.043, 95
Trd, 4318141.893, 100
Trd, 4318143.043, 101
Trd, 4318143.593, 102
Trd, 4318143.893, 101
Trd, 4318144.643, 99
Trd, 4318146.193, 102
Trd, 4318148.043, 98
Trd, 4318149.543, 97
Trd, 4318150.393, 97
Trd, 4318150.443, 96
Trd, 4318151.893, 105
Trd, 4318153.993, 97
Trd, 4318154.393, 97
Trd, 4318156.093, 95
Trd, 4318156.543, 97
Trd, 4318158.993, 97
Trd, 4318159.543, 97
Trd, 4318160.593, 96
Trd, 4318161.743, 93
Trd, 4318162.943, 96
Trd, 4318164.493, 100
Trd, 4318164.793, 100
Trd, 4318164.943, 94
Trd, 4318165.593, 101
Trd, 4318166.993, 97
Trd, 4318169.043, 98
Trd, 4318169.193, 95
Trd, 4318172.243, 95
Trd, 4318173.243, 94
Trd, 4318173.893, 95
Trd, 4318174.743, 95
Trd, 4318174.993, 94
Trd, 4318176.093, 95
Trd, 4318177.043, 113
Trd, 4318179.943, 96
Trd, 4318180.043, 95
Trd, 4318180.693, 97
Trd, 4318182.993, 95
Trd, 4318184.143, 96
Trd, 4318184.843, 94
Trd, 4318188.143, 95
Trd, 4318188.243, 97
Trd, 4318190.243, 95
Trd, 4318190.893, 97
Trd, 4318191.043, 94
Trd, 4318192.393, 95
Trd, 4318193.693, 94
Trd, 4318196.143, 95
Trd, 4318197.693, 101
Trd, 4318197.993, 99
Trd, 4318200.243, 100
Trd, 4318200.643, 101
Trd, 4318203.693, 98
Trd, 4318204.293, 96
Trd, 4318206.293, 97
Trd, 4318207.343, 97
Trd, 4318207.493, 96
Trd, 4318208.443, 97
Trd, 4318210.293, 94
Trd, 4318210.943, 93
Trd, 4318211.743, 95
Trd, 4318213.093, 93
Trd, 4318214.543, 95
Trd, 4318217.043, 106
Trd, 4318219.393, 103
Trd, 4318219.943, 103
Trd, 4318220.043, 104
Trd, 4318221.493, 95
Trd, 4318221.993, 94
Trd, 4318222.293, 95
Trd, 4318225.043, 98
Trd, 4318225.743, 96
Trd, 4318226.743, 96
Trd, 4318228.543, 96
Trd, 4318229.543, 96
Trd, 4318231.193, 96
Trd, 4318231.343, 96
Trd, 4318231.693, 96
Trd, 4318233.793, 97
Trd, 4318235.943, 100
Trd, 4318237.143, 99
Trd, 4318238.043, 102
Trd, 4318239.943, 103
Trd, 4318241.243, 103
Trd, 4318241.843, 102
Trd, 4318242.293, 94
Trd, 4318243.493, 100
Trd, 4318245.093, 99
Trd, 4318245.943, 99
Trd, 4318248.093, 99
Trd, 4318248.393, 98
Trd, 4318251.143, 97
Trd, 4318251.743, 97
Trd, 4318252.993, 98
Trd, 4318254.843, 98
Trd, 4318256.343, 99
Trd, 4318258.043, 98
Trd, 4318258.193, 98
Trd, 4318258.893, 98
Trd, 4318260.393, 94
Trd, 4318261.193, 104
Trd, 4318262.193, 101
Trd, 4318264.293, 100
Trd, 4318264.943, 94
Trd, 4318266.593, 100
Trd, 4318268.143, 99
Trd, 4318270.093, 98
Trd, 4318270.193, 97
Trd, 4318270.493, 94
Trd, 4318271.543, 98
Trd, 4318272.343, 94
Trd, 4318274.543, 93
Trd, 4318276.093, 94
Trd, 4318276.643, 95
Trd, 4318277.743, 94
Trd, 4318278.343, 93
Trd, 4318279.643, 89
Trd, 4318281.793, 96
Trd, 4318281.843, 93
Trd, 4318285.343, 97
Trd, 4318286.193, 98
Trd, 4318286.593, 103
Trd, 4318287.093, 100
Trd, 4318287.293, 97
Trd, 4318287.743, 103
Trd, 4318289.293, 103
Trd, 4318291.843, 102
Trd, 4318292.593, 101
Trd, 4318293.293, 99
Trd, 4318294.043, 105
Trd, 4318297.293, 104
Trd, 4318298.293, 102
Trd, 4318298.743, 102
Trd, 4318300.293, 99
Trd, 4318302.093, 99
Trd, 4318302.143, 98
Trd, 4318302.293, 99
Trd, 4318304.993, 97
Trd, 4318307.993, 96
Trd, 4318308.843, 96
Trd, 4318309.243, 96
Trd, 4318309.643, 94
Trd, 4318311.093, 95
Trd, 4318311.143, 97
Trd, 4318315.293, 95
Trd, 4318315.993, 93
Trd, 4318316.743, 93
Trd, 4318317.543, 95
Trd, 4318318.343, 95
Trd, 4318319.393, 107
Trd, 4318321.643, 104
Trd, 4318321.693, 104
Trd, 4318323.143, 104
Trd, 4318323.893, 104
Trd, 4318323.993, 112
Trd, 4318324.543, 103
Trd, 4318327.543, 97
Trd, 4318329.593, 101
Trd, 4318330.343, 101
Trd, 4318331.693, 101
Trd, 4318332.093, 100
Trd, 4318333.293, 98
Trd, 4318335.543, 99
Trd, 4318336.193, 98
Trd, 4318337.443, 98
Trd, 4318339.493, 97
Trd, 4318339.743, 98
Trd, 4318340.493, 95
Trd, 4318341.193, 94
Trd, 4318342.393, 93
Trd, 4318343.993, 94
Trd, 4318344.993, 94
Trd, 4318346.343, 95
Trd, 4318346.393, 94
Trd, 4318347.943, 95
Trd, 4318348.193, 92
Trd, 4318349.043, 95
Trd, 4318350.543, 96
Trd, 4318351.993, 95
Trd, 4318352.243, 105
Trd, 4318353.993, 94
Trd, 4318356.393, 97
Trd, 4318358.143, 97
Trd, 4318359.193, 96
Trd, 4318359.643, 96
Trd, 4318361.193, 97
Trd, 4318362.043, 113
Trd, 4318365.993, 98
Trd, 4318366.193, 97
Trd, 4318367.293, 96
Trd, 4318367.643, 97
Trd, 4318370.643, 96
Trd, 4318370.743, 96
Trd, 4318371.593, 97
Trd, 4318372.893, 97
Trd, 4318373.393, 104
Trd, 4318376.593, 100
Trd, 4318377.193, 99
Trd, 4318377.693, 97
Trd, 4318379.193, 99
Trd, 4318380.043, 99
Trd, 4318380.143, 97
Trd, 4318383.043, 97
Trd, 4318383.543, 97
Trd, 4318385.093, 96
Trd, 4318387.393, 99
Trd, 4318387.993, 94
Trd, 4318389.743, 95
Trd, 4318390.493, 94
Trd, 4318391.793, 94
Trd, 4318391.993, 93
Trd, 4318393.193, 95
Trd, 4318395.643, 94
Trd, 4318398.293, 94
Trd, 4318398.893, 92
Trd, 4318399.143, 95
Trd, 4318400.143, 99
Trd, 4318403.443, 107
Trd, 4318403.493, 107
Trd, 4318404.343, 105
Trd, 4318404.843, 113
Trd, 4318404.893, 104
Trd, 4318405.693, 122
Trd, 4318406.093, 94
Trd, 4318410.593, 103
Trd, 4318410.943, 103
Trd, 4318411.543, 101
Trd, 4318412.343, 99
Trd, 4318412.793, 100
Trd, 4318413.093, 98
Trd, 4318415.593, 100
Trd, 4318416.343, 100
Trd, 4318417.093, 99
Trd, 4318418.093, 98
Trd, 4318420.993, 100
Trd, 4318421.693, 98
Trd, 4318421.893, 98
Trd, 4318422.993, 102
Trd, 4318424.093, 102
Trd, 4318424.943, 103
Trd, 4318425.243, 103
Trd, 4318425.793, 103
Trd, 4318427.943, 99
Trd, 4318428.343, 100
Trd, 4318428.793, 100
Trd, 4318431.443, 104
Trd, 4318433.693, 102
Trd, 4318434.743, 101
Trd, 4318435.243, 102
Trd, 4318435.493, 105
Trd, 4318436.443, 103
Trd, 4318439.843, 101
Trd, 4318442.043, 100
Trd, 4318442.243, 98
Trd, 4318443.393, 100
Trd, 4318444.143, 101
Trd, 4318445.093, 100
Trd, 4318446.993, 109
Trd, 4318447.393, 99
Trd, 4318449.593, 101
Trd, 4318449.793, 101
Trd, 4318450.593, 100
Trd, 4318452.343, 99
Trd, 4318453.843, 104
Trd, 4318454.743, 104
Trd, 4318457.043, 104
Trd, 4318457.343, 86
Trd, 4318457.993, 103
Trd, 4318460.843, 93
Trd, 4318461.293, 92
Trd, 4318464.343, 91
Trd, 4318464.743, 92
Trd, 4318466.243, 91
Trd, 4318468.143, 90
Trd, 4318469.893, 92
Trd, 4318472.143, 92
Trd, 4318472.393, 92
Trd, 4318474.693, 92
Trd, 4318475.543, 102
Trd, 4318475.893, 98
Trd, 4318476.393, 95
Trd, 4318477.493, 96
Trd, 4318478.493, 111
Trd, 4318480.743, 103
Trd, 4318481.243, 101
Trd, 4318482.043, 100
Trd, 4318482.743, 102
Trd, 4318483.593, 99
Trd, 4318484.643, 98
Trd, 4318485.393, 96
Trd, 4318487.443, 97
Trd, 4318489.143, 97
Trd, 4318490.543, 102
Trd, 4318491.093, 99
Trd, 4318492.443, 98
Trd, 4318493.693, 94
Trd, 4318494.693, 92
Trd, 4318495.543, 92
Trd, 4318497.193, 95
Trd, 4318498.893, 93
Trd, 4318500.293, 94
Trd, 4318500.393, 92
Trd, 4318502.743, 93
Trd, 4318502.993, 93
Trd, 4318503.493, 92
Trd, 4318505.643, 91
Trd, 4318506.643, 93
Trd, 4318508.693, 94
Trd, 4318510.543, 94
Trd, 4318510.843, 94
Trd, 4318512.643, 95
Trd, 4318513.393, 95
Trd, 4318514.243, 95
Trd, 4318516.593, 103
Trd, 4318516.693, 98
Trd, 4318518.843, 98
Trd, 4318520.043, 97
Trd, 4318521.243, 97
Trd, 4318522.443, 106
Trd, 4318523.193, 100
Trd, 4318525.243, 105
Trd, 4318525.593, 103
Trd, 4318527.093, 97
Trd, 4318527.343, 99
Trd, 4318528.743, 95
Trd, 4318529.043, 95
Trd, 4318529.793, 94
Trd, 4318531.643, 95
Trd, 4318532.943, 93
Trd, 4318534.243, 92
Trd, 4318536.493, 92
Trd, 4318537.293, 88
Trd, 4318538.193, 95
Trd, 4318539.493, 93
Trd, 4318541.343, 92
Trd, 4318542.293, 91
Trd, 4318546.693, 91
Trd, 4318546.793, 92
Trd, 4318548.393, 92
Trd, 4318550.143, 94
Trd, 4318551.693, 92
Trd, 4318551.893, 94
Trd, 4318552.893, 100
Trd, 4318554.543, 99
Trd, 4318555.293, 95
Trd, 4318555.893, 104
Trd, 4318557.143, 98
Trd, 4318558.693, 101
Trd, 4318558.843, 99
Trd, 4318560.543, 100
Trd, 4318561.493, 100
Trd, 4318561.593, 105
Trd, 4318562.343, 100
Trd, 4318563.893, 96
Trd, 4318566.343, 100
Trd, 4318567.943, 99
Trd, 4318568.693, 99
Trd, 4318569.493, 101
Trd, 4318570.893, 101
Trd, 4318572.343, 100
Trd, 4318573.893, 100
Trd, 4318574.193, 100
Trd, 4318575.743, 100
Trd, 4318576.643, 100
Trd, 4318576.993, 99
Trd, 4318578.943, 100
Trd, 4318579.793, 99
Trd, 4318580.893, 98
Trd, 4318581.393, 94
Trd, 4318584.543, 99
Trd, 4318586.743, 103
Trd, 4318586.943, 99
Trd, 4318588.343, 101
Trd, 4318589.393, 100
Trd, 4318590.943, 99
Trd, 4318592.643, 94
Trd, 4318593.193, 94
Trd, 4318593.793, 95
Trd, 4318595.893, 95
Trd, 4318597.993, 95
Trd, 4318598.093, 94
Trd, 4318601.343, 100
Trd, 4318602.943, 104
Trd, 4318603.193, 103
Trd, 4318603.843, 98
Trd, 4318605.593, 97
Trd, 4318605.993, 94
Trd, 4318607.393, 95
Trd, 4318607.843, 97
Trd, 4318609.493, 94
Trd, 4318611.943, 99
Trd, 4318612.393, 118
Trd, 4318613.243, 99
Trd, 4318615.243, 100
Trd, 4318615.393, 105
Trd, 4318617.493, 100
Trd, 4318618.893, 100
Trd, 4318619.343, 101
Trd, 4318619.393, 96
Trd, 4318622.093, 97
Trd, 4318622.393, 97
Trd, 4318624.093, 98
Trd, 4318624.693, 101
Trd, 4318625.743, 96
Trd, 4318626.243, 97
Trd, 4318626.793, 97
Trd, 4318630.093, 97
Trd, 4318632.343, 98
Trd, 4318633.443, 97
Trd, 4318633.993, 101
Trd, 4318636.193, 97
Trd, 4318637.193, 102
Trd, 4318637.993, 99
Trd, 4318639.743, 97
Trd, 4318641.343, 97
Trd, 4318641.493, 96
Trd, 4318641.943, 96
Trd, 4318642.443, 95
Trd, 4318644.243, 97
Trd, 4318646.143, 95
Trd, 4318647.743, 90
Trd, 4318649.043, 90
Trd, 4318651.143, 91
Trd, 4318652.443, 91
Trd, 4318652.843, 105
Trd, 4318653.943, 98
Trd, 4318654.893, 98
Trd, 4318655.793, 99
Trd, 4318656.343, 98
Trd, 4318658.893, 105
Trd, 4318659.093, 97
Trd, 4318662.143, 102
Trd, 4318664.143, 99
Trd, 4318664.393, 98
Trd, 4318665.293, 97
Trd, 4318667.093, 95
Trd, 4318667.193, 95
Trd, 4318668.143, 96
Trd, 4318669.943, 96
Trd, 4318670.493, 110
Trd, 4318671.243, 95
Trd, 4318673.793, 97
Trd, 4318674.693, 96
Trd, 4318675.193, 96
Trd, 4318677.743, 95
Trd, 4318677.793, 95
Trd, 4318680.793, 96
Trd, 4318682.493, 97
Trd, 4318682.593, 105
Trd, 4318682.743, 94
Trd, 4318685.593, 100
Trd, 4318685.993, 113
Trd, 4318687.443, 97
Trd, 4318690.343, 101
Trd, 4318690.493, 100
Trd, 4318692.643, 101
Trd, 4318693.693, 104
Trd, 4318694.693, 101
Trd, 4318695.643, 100
Trd, 4318697.093, 101
Trd, 4318697.993, 100
Trd, 4318698.543, 104
Trd, 4318699.443, 101
Trd, 4318700.693, 101
Trd, 4318702.093, 101
Trd, 4318705.893, 100
Trd, 4318705.993, 99
Trd, 4318706.393, 101
Trd, 4318708.393, 101
Trd, 4318709.943, 100
Trd, 4318711.243, 94
Trd, 4318712.043, 95
Trd, 4318713.243, 92
Trd, 4318714.043, 92
Trd, 4318716.093, 91
Trd, 4318716.893, 93
Trd, 4318718.343, 105
Trd, 4318718.893, 96
Trd, 4318720.193, 95
Trd, 4318720.393, 94
Trd, 4318721.243, 93
Trd, 4318723.943, 94
Trd, 4318724.293, 95
Trd, 4318725.843, 95
Trd, 4318726.793, 94
Trd, 4318729.493, 95
Trd, 4318729.843, 95
Trd, 4318730.643, 94
Trd, 4318732.893, 88
Trd, 4318733.043, 89
Trd, 4318734.093, 89
Trd, 4318735.143, 91
Trd, 4318736.793, 95
Trd, 4318737.493, 96
Trd, 4318738.043, 97
Trd, 4318738.093, 107
Trd, 4318740.343, 101
Trd, 4318741.643, 99
Trd, 4318743.443, 101
Trd, 4318745.243, 98
Trd, 4318746.093, 97
Trd, 4318747.693, 97
Trd, 4318747.843, 97
Trd, 4318749.793, 100
Trd, 4318750.743, 99
Trd, 4318752.543, 99
Trd, 4318753.943, 98
Trd, 4318755.893, 98
Trd, 4318756.593, 98
Trd, 4318756.943, 99
Trd, 4318757.643, 110
Trd, 4318759.843, 96
Trd, 4318762.043, 96
Trd, 4318762.443, 96
Trd, 4318763.393, 95
Trd, 4318764.043, 94
Trd, 4318766.243, 96
Trd, 4318766.443, 109
Trd, 4318766.943, 96
Trd, 4318767.443, 93
Trd, 4318771.643, 95
Trd, 4318771.743, 97
Trd, 4318773.043, 96
Trd, 4318774.293, 95
Trd, 4318775.493, 96
Trd, 4318776.643, 95
Trd, 4318777.593, 95
Trd, 4318777.743, 96
Trd, 4318778.793, 95
Trd, 4318779.593, 97
Trd, 4318782.743, 95
Trd, 4318783.893, 96
Trd, 4318785.393, 97
Trd, 4318785.493, 96
Trd, 4318787.493, 96
Trd, 4318788.543, 109
Trd, 4318791.043, 101
Trd, 4318791.243, 100
Trd, 4318792.543, 99
Trd, 4318792.843, 105
Trd, 4318793.193, 114
Trd, 4318796.093, 98
Trd, 4318797.343, 97
Trd, 4318797.393, 94
Trd, 4318799.843, 94
Trd, 4318800.143, 94
Trd, 4318801.743, 96
Trd, 4318803.793, 104
Trd, 4318805.543, 99
Trd, 4318807.043, 101
Trd, 4318807.593, 95
Trd, 4318809.843, 97
Trd, 4318810.743, 98
Trd, 4318811.243, 97
Trd, 4318812.143, 98
Trd, 4318813.943, 102
Trd, 4318814.993, 98
Trd, 4318816.543, 98
Trd, 4318817.843, 98
Trd, 4318818.193, 97
Trd, 4318818.743, 114
Trd, 4318821.643, 102
Trd, 4318822.793, 98
Trd, 4318823.893, 100
Trd, 4318824.243, 99
Trd, 4318825.043, 99
Trd, 4318826.593, 96
Trd, 4318830.793, 95
Trd, 4318832.693, 94
Trd, 4318833.043, 94
Trd, 4318833.293, 95
Trd, 4318834.043, 93
Trd, 4318834.593, 86
Trd, 4318836.343, 89
Trd, 4318838.993, 89
Trd, 4318840.793, 90
Trd, 4318841.093, 90
Trd, 4318842.043, 89
Trd, 4318844.793, 88
Trd, 4318846.293, 88
Trd, 4318846.743, 87
Trd, 4318847.393, 88
Trd, 4318848.493, 95
Trd, 4318850.093, 107
Trd, 4318850.993, 93
Trd, 4318853.193, 100
Trd, 4318853.743, 101
Trd, 4318855.293, 100
Trd, 4318855.693, 101
Trd, 4318857.043, 99
Trd, 4318859.293, 102
Trd, 4318859.493, 101
Trd, 4318861.343, 94
Trd, 4318862.693, 95
Trd, 4318863.093, 92
Trd, 4318863.893, 97
Trd, 4318866.343, 96
Trd, 4318868.743, 99
Trd, 4318869.993, 98
Trd, 4318870.293, 97
Trd, 4318872.193, 95
Trd, 4318873.543, 96
Trd, 4318873.693, 122
Trd, 4318875.993, 99
Trd, 4318876.743, 99
Trd, 4318877.093, 98
Trd, 4318878.393, 99
Trd, 4318881.693, 97
Trd, 4318881.843, 98
Trd, 4318882.043, 97
Trd, 4318882.993, 97
Trd, 4318883.843, 97
Trd, 4318884.893, 98
Trd, 4318886.593, 105
Trd, 4318886.793, 101
Trd, 4318887.993, 101
Trd, 4318890.643, 101
Trd, 4318890.993, 87
Trd, 4318893.043, 95
Trd, 4318894.343, 95
Trd, 4318895.543, 94
Trd, 4318895.843, 94
Trd, 4318895.993, 95
Trd, 4318897.543, 93
Trd, 4318899.143, 93
Trd, 4318899.943, 92
Trd, 4318901.743, 94
Trd, 4318902.643, 94
Trd, 4318902.893, 93
Trd, 4318906.243, 96
Trd, 4318906.943, 96
Trd, 4318907.443, 94
Trd, 4318907.743, 95
Trd, 4318909.893, 109
Trd, 4318910.843, 104
Trd, 4318912.193, 105
Trd, 4318914.193, 104
Trd, 4318915.093, 104
Trd, 4318915.443, 103
Trd, 4318917.693, 105
Trd, 4318918.043, 104
Trd, 4318918.393, 111
Trd, 4318919.643, 103
Trd, 4318922.743, 98
Trd, 4318923.193, 95
Trd, 4318923.293, 100
Trd, 4318926.443, 99
Trd, 4318926.693, 99
Trd, 4318929.493, 106
Trd, 4318929.643, 100
Trd, 4318931.943, 107
Trd, 4318932.043, 105
Trd, 4318932.143, 104
Trd, 4318932.693, 110
Trd, 4318934.343, 105
Trd, 4318937.143, 105
Trd, 4318937.943, 94
Trd, 4318939.743, 99
Trd, 4318940.693, 100
Trd, 4318941.543, 98
Trd, 4318942.243, 96
Trd, 4318943.043, 95
Trd, 4318943.793, 97
Trd, 4318946.443, 95
Trd, 4318946.543, 94
Trd, 4318948.193, 95
Trd, 4318949.993, 93
Trd, 4318950.443, 94
Trd, 4318951.743, 92
Trd, 4318952.493, 94
Trd, 4318952.843, 94
Trd, 4318954.043, 94
Trd, 4318955.293, 95
Trd, 4318956.643, 95
Trd, 4318957.893, 95
Trd, 4318958.443, 95
Trd, 4318960.043, 101
Trd, 4318960.843, 94
Trd, 4318963.393, 96
Trd, 4318963.543, 97
Trd, 4318965.893, 102
Trd, 4318966.293, 99
Trd, 4318966.993, 99
Trd, 4318968.143, 98
Trd, 4318971.043, 104
Trd, 4318971.843, 104
Trd, 4318972.043, 104
Trd, 4318974.043, 104
Trd, 4318974.293, 105
Trd, 4318976.143, 104
Trd, 4318976.743, 105
Trd, 4318979.043, 102
Trd, 4318980.093, 103
Trd, 4318981.193, 107
Trd, 4318982.343, 105
Trd, 4318982.893, 107
Trd, 4318983.693, 104
Trd, 4318986.393, 104
Trd, 4318986.493, 103
Trd, 4318986.993, 103
Trd, 4318987.993, 103
Trd, 4318989.093, 95
Trd, 4318990.643, 100
Trd, 4318991.093, 101
Trd, 4318992.593, 100
Trd, 4318992.843, 94
Trd, 4318994.993, 100
Trd, 4318995.893, 104
Trd, 4318997.893, 99
Trd, 4318999.793, 104
Trd, 4319000.193, 105
Trd, 4319000.543, 102
Trd, 4319001.443, 104
Trd, 4319002.593, 100
Trd, 4319003.893, 100
Trd, 4319006.343, 100
Trd, 4319007.443, 100
Trd, 4319007.693, 100
Trd, 4319010.243, 106
Trd, 4319010.693, 98
Trd, 4319012.893, 101
Trd, 4319014.043, 101
Trd, 4319014.493, 101
Trd, 4319016.193, 99
Trd, 4319016.693, 97
Trd, 4319020.443, 96
Trd, 4319020.543, 95
Trd, 4319020.593, 98
Trd, 4319021.143, 106
Trd, 4319024.093, 94
Trd, 4319024.743, 94
Trd, 4319025.343, 94
Trd, 4319027.043, 94
Trd, 4319027.143, 95
Trd, 4319027.593, 110
Trd, 4319029.343, 86
Trd, 4319032.493, 93
Trd, 4319034.543, 93
Trd, 4319034.893, 94
Trd, 4319036.793, 94
Trd, 4319037.143, 95
Trd, 4319038.343, 104
Trd, 4319038.743, 101
Trd, 4319038.943, 100
Trd, 4319040.143, 98
Trd, 4319042.093, 97
Trd, 4319043.393, 95
Trd, 4319045.093, 100
Trd, 4319045.793, 107
Trd, 4319047.443, 100
Trd, 4319049.543, 102
Trd, 4319050.893, 103
Trd, 4319051.043, 104
Trd, 4319052.093, 102
Trd, 4319052.893, 101
Trd, 4319055.093, 107
Trd, 4319056.243, 100
Trd, 4319056.643, 100
Trd, 4319059.443, 99
Trd, 4319061.243, 99
Trd, 4319061.293, 99
Trd, 4319061.793, 101
Trd, 4319062.793, 99
Trd, 4319063.093, 106
Trd, 4319066.343, 102
Trd, 4319066.393, 101
Trd, 4319067.293, 101
Trd, 4319069.943, 97
Trd, 4319071.493, 98
Trd, 4319071.993, 98
Trd, 4319073.343, 97
Trd, 4319073.543, 98
Trd, 4319075.743, 95
Trd, 4319076.043, 94
Trd, 4319076.743, 95
Trd, 4319078.243, 95
Trd, 4319078.943, 94
Trd, 4319082.193, 92
Trd, 4319082.493, 94
Trd, 4319083.393, 97
Trd, 4319084.193, 95
Trd, 4319085.243, 97
Trd, 4319087.793, 104
Trd, 4319088.443, 104
Trd, 4319089.393, 106
Trd, 4319090.643, 119
Trd, 4319091.193, 106
Trd, 4319092.943, 107
Trd, 4319093.593, 105
Trd, 4319094.993, 104
Trd, 4319096.343, 104
Trd, 4319097.293, 105
Trd, 4319097.793, 105
Trd, 4319099.093, 115
Trd, 4319100.793, 104
Trd, 4319101.343, 103
Trd, 4319101.393, 93
Trd, 4319104.343, 100
Trd, 4319105.293, 102
Trd, 4319106.093, 102
Trd, 4319107.343, 102
Trd, 4319108.293, 103
Trd, 4319110.843, 103
Trd, 4319111.443, 102
Trd, 4319111.643, 106
Trd, 4319112.193, 104
Trd, 4319112.543, 103
Trd, 4319113.393, 111
Trd, 4319115.793, 104
Trd, 4319117.743, 105
Trd, 4319118.243, 106
Trd, 4319118.993, 103
Trd, 4319119.693, 105
Trd, 4319122.943, 103
Trd, 4319123.693, 104
Trd, 4319125.743, 103
Trd, 4319126.643, 103
Trd, 4319126.793, 101
Trd, 4319129.243, 103
Trd, 4319129.443, 103
Trd, 4319130.943, 106
Trd, 4319131.143, 104
Trd, 4319132.243, 90
Trd, 4319132.743, 113
Trd, 4319136.143, 95
Trd, 4319136.493, 91
Trd, 4319137.593, 92
Trd, 4319137.893, 95
Trd, 4319138.793, 94
Trd, 4319139.743, 94
Trd, 4319141.493, 94
Trd, 4319141.893, 93
Trd, 4319143.093, 92
Trd, 4319145.143, 101
Trd, 4319147.193, 106
Trd, 4319147.843, 104
Trd, 4319148.043, 114
Trd, 4319149.693, 106
Trd, 4319150.043, 105
Trd, 4319153.093, 96
Trd, 4319154.293, 98
Trd, 4319154.643, 97
Trd, 4319156.743, 96
Trd, 4319158.493, 96
Trd, 4319160.243, 95
Trd, 4319160.493, 95
Trd, 4319162.493, 95
Trd, 4319162.893, 94
Trd, 4319164.393, 93
Trd, 4319164.593, 95
Trd, 4319165.193, 97
Trd, 4319166.143, 98
Trd, 4319167.193, 106
Trd, 4319168.643, 98
Trd, 4319171.143, 99
Trd, 4319172.243, 100
Trd, 4319172.693, 99
Trd, 4319173.543, 98
Trd, 4319174.193, 105
Trd, 4319176.793, 98
Trd, 4319177.993, 98
Trd, 4319179.743, 98
Trd, 4319179.893, 100
Trd, 4319181.493, 99
Trd, 4319183.493, 98
Trd, 4319183.893, 97
Trd, 4319184.493, 96
Trd, 4319186.593, 95
Trd, 4319187.143, 96
Trd, 4319188.243, 94
Trd, 4319188.743, 107
Trd, 4319191.393, 97
Trd, 4319191.593, 97
Trd, 4319194.243, 100
Trd, 4319195.143, 102
Trd, 4319195.493, 103
Trd, 4319195.593, 100
Trd, 4319196.343, 104
Trd, 4319197.543, 98
Trd, 4319199.593, 97
Trd, 4319200.543, 98
Trd, 4319202.293, 94
Trd, 4319203.593, 86
Trd, 4319204.243, 91
Trd, 4319205.193, 91
Trd, 4319207.243, 91
Trd, 4319207.943, 91
Trd, 4319210.343, 92
Trd, 4319211.943, 94
Trd, 4319212.493, 92
Trd, 4319213.193, 95
Trd, 4319213.543, 93
Trd, 4319214.743, 94
Trd, 4319216.743, 96
Trd, 4319218.193, 95
Trd, 4319218.393, 96
Trd, 4319219.593, 94
Trd, 4319222.543, 101
Trd, 4319223.543, 103
Trd, 4319224.693, 114
Trd, 4319225.293, 106
Trd, 4319226.743, 104
Trd, 4319229.143, 98
Trd, 4319229.343, 97
Trd, 4319230.843, 98
Trd, 4319231.643, 96
Trd, 4319233.043, 88
Trd, 4319233.993, 94
Trd, 4319234.193, 94
Trd, 4319234.543, 95
Trd, 4319237.293, 93
Trd, 4319239.993, 93
Trd, 4319240.893, 94
Trd, 4319241.143, 95
Trd, 4319243.043, 98
Trd, 4319243.893, 97
Trd, 4319244.043, 98
Trd, 4319244.143, 97
Trd, 4319247.943, 97
Trd, 4319248.493, 98
Trd, 4319249.943, 113
Trd, 4319251.143, 102
Trd, 4319252.293, 97
Trd, 4319253.543, 99
Trd, 4319254.093, 98
Trd, 4319256.693, 97
Trd, 4319256.943, 98
Trd, 4319257.543, 98
Trd, 4319258.393, 99
Trd, 4319260.293, 102
Trd, 4319261.393, 102
Trd, 4319262.093, 101
Trd, 4319262.393, 94
Trd, 4319264.843, 94
Trd, 4319265.743, 93
Trd, 4319266.693, 86
Trd, 4319268.493, 94
Trd, 4319268.693, 96
Trd, 4319270.543, 95
Trd, 4319271.193, 94
Trd, 4319272.743, 94
Trd, 4319274.443, 95
Trd, 4319275.093, 94
Trd, 4319276.343, 100
Trd, 4319278.043, 113
Trd, 4319278.193, 101
Trd, 4319279.793, 103
Trd, 4319280.543, 103
Trd, 4319282.243, 101
Trd, 4319285.543, 101
Trd, 4319285.843, 102
Trd, 4319288.043, 104
Trd, 4319288.643, 105
Trd, 4319289.643, 104
Trd, 4319290.243, 103
Trd, 4319290.543, 94
Trd, 4319291.193, 104
Trd, 4319293.143, 92
Trd, 4319293.293, 93
Trd, 4319294.793, 91
Trd, 4319297.243, 91
Trd, 4319298.793, 92
Trd, 4319299.343, 93
Trd, 4319300.143, 93
Trd, 4319301.493, 94
Trd, 4319303.743, 106
Trd, 4319304.393, 99
Trd, 4319306.943, 100
Trd, 4319307.243, 99
Trd, 4319309.543, 101
Trd, 4319309.893, 101
Trd, 4319312.393, 103
Trd, 4319312.943, 101
Trd, 4319313.393, 103
Trd, 4319313.893, 103
Trd, 4319314.493, 94
Trd, 4319317.593, 108
Trd, 4319318.443, 104
Trd, 4319318.643, 103
Trd, 4319319.493, 106
Trd, 4319319.993, 105
Trd, 4319321.643, 106
Trd, 4319322.043, 104
Trd, 4319324.143, 104
Trd, 4319325.143, 105
Trd, 4319327.493, 103
Trd, 4319327.593, 104
Trd, 4319329.243, 111
Trd, 4319329.693, 104
Trd, 4319331.143, 104
Trd, 4319331.593, 103
Trd, 4319332.643, 101
Trd, 4319333.743, 86
Trd, 4319336.143, 95
Trd, 4319337.043, 95
Trd, 4319337.943, 114
Trd, 4319339.093, 95
Trd, 4319342.093, 98
Trd, 4319342.893, 98
Trd, 4319343.393, 97
Trd, 4319344.193, 96
Trd, 4319346.843, 98
Trd, 4319347.793, 100
Trd, 4319349.243, 104
Trd, 4319349.643, 104
Trd, 4319350.393, 104
Trd, 4319351.743, 112
Trd, 4319353.493, 102
Trd, 4319353.993, 103
Trd, 4319356.793, 94
Trd, 4319358.193, 98
Trd, 4319358.993, 99
Trd, 4319361.093, 96
Trd, 4319362.993, 89
Trd, 4319363.043, 90
Trd, 4319363.143, 88
Trd, 4319365.293, 89
Trd, 4319366.343, 88
Trd, 4319367.693, 89
Trd, 4319368.443, 94
Trd, 4319370.193, 90
Trd, 4319371.793, 90
Trd, 4319372.943, 91
Trd, 4319374.093, 95
Trd, 4319377.293, 113
Trd, 4319377.493, 104
Trd, 4319378.593, 108
Trd, 4319379.643, 104
Trd, 4319381.893, 103
Trd, 4319382.293, 97
Trd, 4319384.393, 102
Trd, 4319386.393, 102
Trd, 4319387.793, 101
Trd, 4319387.943, 102
Trd, 4319390.793, 100
Trd, 4319392.443, 100
Trd, 4319393.593, 94
Trd, 4319394.243, 93
Trd, 4319394.493, 93
Trd, 4319395.743, 92
Trd, 4319397.493, 91
Trd, 4319400.093, 94
Trd, 4319402.543, 94
Trd, 4319403.443, 93
Trd, 4319404.643, 93
Trd, 4319405.493, 93
Trd, 4319406.743, 94
Trd, 4319407.843, 95
Trd, 4319408.793, 95
Trd, 4319408.943, 94
Trd, 4319409.843, 111
Trd, 4319413.593, 94
Trd, 4319415.093, 96
Trd, 4319415.343, 95
Trd, 4319417.143, 96
Trd, 4319417.593, 97
Trd, 4319418.493, 95
Trd, 4319418.793, 95
Trd, 4319420.293, 114
Trd, 4319422.543, 98
Trd, 4319423.443, 97
Trd, 4319424.893, 98
Trd, 4319425.843, 99
Trd, 4319426.243, 99
Trd, 4319427.343, 97
Trd, 4319428.543, 95
Trd, 4319431.743, 94
Trd, 4319432.093, 93
Trd, 4319434.443, 95
Trd, 4319435.693, 96
Trd, 4319438.143, 95
Trd, 4319438.393, 94
Trd, 4319440.093, 94
Trd, 4319441.193, 95
Trd, 4319441.243, 93
Trd, 4319442.293, 94
Trd, 4319443.693, 96
Trd, 4319445.343, 98
Trd, 4319445.793, 97
Trd, 4319446.243, 98
Trd, 4319447.043, 99
Trd, 4319448.543, 97
Trd, 4319448.693, 98
Trd, 4319451.043, 97
Trd, 4319451.493, 98
Trd, 4319453.093, 97
Trd, 4319453.193, 97
Trd, 4319453.293, 98
Trd, 4319454.893, 95
Trd, 4319455.093, 99
Trd, 4319458.643, 98
Trd, 4319460.093, 98
Trd, 4319460.543, 98
Trd, 4319461.593, 98
Trd, 4319465.093, 97
Trd, 4319466.543, 95
Trd, 4319467.993, 96
Trd, 4319468.043, 95
Trd, 4319468.993, 96
Trd, 4319472.493, 102
Trd, 4319472.643, 99
Trd, 4319473.793, 97
Trd, 4319474.543, 94
Trd, 4319477.043, 92
Trd, 4319477.293, 94
Trd, 4319478.093, 92
Trd, 4319480.243, 98
Trd, 4319480.593, 97
Trd, 4319482.593, 96
Trd, 4319483.843, 98
Trd, 4319484.743, 96
Trd, 4319486.593, 95
Trd, 4319487.543, 95
Trd, 4319488.293, 93
Trd, 4319489.893, 92
Trd, 4319490.543, 100
Trd, 4319491.593, 109
Trd, 4319493.243, 99
Trd, 4319495.143, 103
Trd, 4319495.693, 99
Trd, 4319496.993, 98
Trd, 4319497.643, 97
Trd, 4319498.443, 95
Trd, 4319499.893, 95
Trd, 4319502.043, 94
Trd, 4319503.243, 94
Trd, 4319503.543, 93
Trd, 4319504.443, 95
Trd, 4319505.843, 94
Trd, 4319508.143, 99
Trd, 4319508.343, 105
Trd, 4319511.693, 99
Trd, 4319512.193, 99
Trd, 4319512.793, 98
Trd, 4319512.943, 94
Trd, 4319515.293, 95
Trd, 4319515.743, 96
Trd, 4319515.943, 96
Trd, 4319517.943, 97
Trd, 4319518.943, 97
Trd, 4319521.243, 98
Trd, 4319521.343, 97
Trd, 4319521.693, 97
Trd, 4319524.043, 97
Trd, 4319524.243, 96
Trd, 4319524.843, 99
Trd, 4319527.693, 97
Trd, 4319527.943, 97
Trd, 4319528.293, 96
Trd, 4319531.043, 96
Trd, 4319531.443, 97
Trd, 4319532.043, 94
Trd, 4319534.293, 94
Trd, 4319534.543, 96
Trd, 4319537.293, 95
Trd, 4319537.693, 96
Trd, 4319539.393, 98
Trd, 4319540.443, 95
Trd, 4319541.393, 95
Trd, 4319541.443, 94
Trd, 4319542.643, 94
Trd, 4319543.393, 93
Trd, 4319544.993, 93
Trd, 4319545.593, 92
Trd, 4319545.943, 93
Trd, 4319549.193, 94
Trd, 4319550.393, 91
Trd, 4319550.843, 91
Trd, 4319552.443, 94
Trd, 4319554.143, 91
Trd, 4319557.443, 91
Trd, 4319557.643, 90
Trd, 4319557.693, 91
Trd, 4319560.243, 95
Trd, 4319561.443, 94
Trd, 4319561.543, 93
Trd, 4319563.343, 94
Trd, 4319564.743, 94
Trd, 4319565.543, 95
Trd, 4319566.743, 94
Trd, 4319567.193, 103
Trd, 4319568.293, 105
Trd, 4319568.843, 96
Trd, 4319571.843, 96
Trd, 4319571.943, 97
Trd, 4319573.543, 95
Trd, 4319576.093, 95
Trd, 4319576.443, 95
Trd, 4319577.593, 96
Trd, 4319577.693, 94
Trd, 4319578.893, 96
Trd, 4319579.743, 111
Trd, 4319581.043, 98
Trd, 4319581.893, 97
Trd, 4319584.043, 96
Trd, 4319585.893, 94
Trd, 4319586.093, 93
Trd, 4319587.943, 88
Trd, 4319588.193, 90
Trd, 4319589.443, 88
Trd, 4319590.843, 89
Trd, 4319591.043, 96
Trd, 4319592.493, 89
Trd, 4319595.143, 101
Trd, 4319595.593, 104
Trd, 4319596.393, 100
Trd, 4319598.193, 99
Trd, 4319598.893, 97
Trd, 4319600.943, 97
Trd, 4319601.343, 97
Trd, 4319603.043, 96
Trd, 4319603.993, 96
Trd, 4319605.843, 95
Trd, 4319607.043, 96
Trd, 4319607.743, 96
Trd, 4319608.643, 87
Trd, 4319610.993, 98
Trd, 4319611.343, 97
Trd, 4319611.593, 99
Trd, 4319612.893, 96
Trd, 4319614.043, 95
Trd, 4319616.493, 96
Trd, 4319616.793, 94
Trd, 4319616.943, 96
Trd, 4319618.943, 95
Trd, 4319619.293, 95
Trd, 4319620.743, 94
Trd, 4319622.343, 93
Trd, 4319623.343, 95
Trd, 4319624.093, 95
Trd, 4319625.143, 104
Trd, 4319627.093, 101
Trd, 4319628.043, 102
Trd, 4319628.393, 100
Trd, 4319630.943, 100
Trd, 4319631.243, 99
Trd, 4319631.843, 97
Trd, 4319632.093, 99
Trd, 4319635.093, 99
Trd, 4319635.443, 99
Trd, 4319636.293, 98
Trd, 4319636.693, 98
Trd, 4319636.793, 104
Trd, 4319641.443, 99
Trd, 4319641.693, 99
Trd, 4319643.743, 101
Trd, 4319643.793, 99
Trd, 4319646.093, 100
Trd, 4319646.193, 101
Trd, 4319648.793, 100
Trd, 4319649.043, 99
Trd, 4319650.643, 96
Trd, 4319650.843, 97
Trd, 4319651.593, 96
Trd, 4319652.393, 105
Trd, 4319653.943, 94
Trd, 4319655.943, 93
Trd, 4319657.493, 88
Trd, 4319657.643, 88
Trd, 4319657.793, 95
Trd, 4319660.093, 86
Trd, 4319662.243, 89
Trd, 4319662.493, 95
Trd, 4319664.543, 101
Trd, 4319664.993, 103
Trd, 4319665.393, 102
Trd, 4319666.993, 86
Trd, 4319667.143, 85
Trd, 4319667.243, 110
Trd, 4319670.593, 96
Trd, 4319671.643, 97
Trd, 4319672.643, 98
Trd, 4319673.293, 105
Trd, 4319675.593, 97
Trd, 4319677.693, 100
Trd, 4319677.993, 99
Trd, 4319678.543, 100
Trd, 4319679.843, 107
Trd, 4319682.343, 102
Trd, 4319683.793, 102
Trd, 4319684.293, 103
Trd, 4319684.843, 104
Trd, 4319685.443, 104
Trd, 4319686.393, 104
Trd, 4319688.643, 103
Trd, 4319690.043, 102
Trd, 4319691.393, 103
Trd, 4319691.843, 102
Trd, 4319692.693, 101
Trd, 4319694.243, 100
Trd, 4319694.593, 100
Trd, 4319697.343, 98
Trd, 4319697.993, 97
Trd, 4319698.243, 98
Trd, 4319699.243, 98
Trd, 4319701.893, 99
Trd, 4319703.093, 102
Trd, 4319705.393, 101
Trd, 4319705.843, 108
Trd, 4319707.443, 102
Trd, 4319708.443, 99
Trd, 4319710.193, 99
Trd, 4319711.393, 99
Trd, 4319711.743, 98
Trd, 4319714.293, 97
Trd, 4319714.693, 97
Trd, 4319714.843, 96
Trd, 4319716.393, 97
Trd, 4319716.993, 95
Trd, 4319717.393, 96
Trd, 4319720.693, 94
Trd, 4319722.593, 94
Trd, 4319722.643, 95
Trd, 4319723.443, 94
Trd, 4319725.443, 98
Trd, 4319725.943, 98
Trd, 4319726.243, 98
Trd, 4319726.593, 103
Trd, 4319729.293, 100
Trd, 4319730.243, 101
Trd, 4319734.493, 102
Trd, 4319735.193, 106
Trd, 4319735.343, 102
Trd, 4319735.543, 100
Trd, 4319738.093, 96
Trd, 4319738.243, 95
Trd, 4319738.793, 94
Trd, 4319740.893, 95
Trd, 4319740.993, 96
Trd, 4319741.443, 95
Trd, 4319743.743, 95
Trd, 4319745.743, 94
Trd, 4319745.893, 95
Trd, 4319748.243, 98
Trd, 4319749.793, 104
Trd, 4319750.443, 103
Trd, 4319751.043, 104
Trd, 4319751.543, 104
Trd, 4319751.993, 104
Trd, 4319752.693, 102
Trd, 4319753.543, 111
Trd, 4319755.643, 106
Trd, 4319755.993, 106
Trd, 4319757.893, 105
Trd, 4319759.143, 105
Trd, 4319759.693, 104
Trd, 4319761.093, 106
Trd, 4319761.693, 104
Trd, 4319763.393, 99
Trd, 4319765.293, 103
Trd, 4319766.543, 104
Trd, 4319767.793, 108
Trd, 4319768.443, 106
Trd, 4319768.943, 104
Trd, 4319769.893, 105
Trd, 4319769.993, 104
Trd, 4319771.193, 90
Trd, 4319772.643, 85
Trd, 4319772.743, 87
Trd, 4319775.293, 85
Trd, 4319775.843, 86
Trd, 4319777.043, 86
Trd, 4319777.293, 95
Trd, 4319779.143, 89
Trd, 4319779.743, 87
Trd, 4319780.893, 104
Trd, 4319782.293, 104
Trd, 4319785.643, 90
Trd, 4319787.143, 90
Trd, 4319787.693, 90
Trd, 4319788.643, 91
Trd, 4319789.193, 95
Trd, 4319789.743, 91
Trd, 4319792.793, 95
Trd, 4319794.293, 95
Trd, 4319794.443, 95
Trd, 4319795.443, 104
Trd, 4319799.093, 95
Trd, 4319799.643, 95
Trd, 4319800.543, 96
Trd, 4319800.743, 95
Trd, 4319802.493, 96
Trd, 4319803.043, 94
Trd, 4319803.293, 94
Trd, 4319803.843, 93
Trd, 4319805.593, 95
Trd, 4319806.643, 93
Trd, 4319808.893, 87
Trd, 4319810.693, 86
Trd, 4319810.793, 87
Trd, 4319812.893, 88
Trd, 4319813.293, 87
Trd, 4319815.393, 88
Trd, 4319816.293, 87
Trd, 4319816.343, 87
Trd, 4319816.493, 88
Trd, 4319818.293, 90
Trd, 4319819.693, 90
Trd, 4319821.393, 89
Trd, 4319822.243, 90
Trd, 4319822.293, 113
Trd, 4319823.193, 89
Trd, 4319825.743, 112
Trd, 4319825.843, 110
Trd, 4319826.343, 121
Trd, 4319828.393, 104
Trd, 4319829.593, 105
Trd, 4319831.793, 107
Trd, 4319832.193, 107
Trd, 4319833.243, 107
Trd, 4319833.743, 110
Trd, 4319834.293, 105
Trd, 4319836.343, 105
Trd, 4319837.343, 103
Trd, 4319838.143, 101
Trd, 4319839.143, 111
Trd, 4319843.743, 106
Trd, 4319845.193, 105
Trd, 4319845.493, 104
Trd, 4319846.093, 104
Trd, 4319846.143, 107
Trd, 4319846.843, 104
Trd, 4319847.643, 94
Trd, 4319849.343, 98
Trd, 4319850.293, 98
Trd, 4319850.543, 97
Trd, 4319852.843, 101
Trd, 4319853.643, 98
Trd, 4319856.193, 100
Trd, 4319856.893, 100
Trd, 4319858.743, 99
Trd, 4319859.343, 99
Trd, 4319860.293, 95
Trd, 4319861.843, 97
Trd, 4319864.343, 97
Trd, 4319865.143, 97
Trd, 4319866.293, 97
Trd, 4319866.943, 95
Trd, 4319869.293, 104
Trd, 4319869.993, 105
Trd, 4319870.593, 104
Trd, 4319871.293, 94
Trd, 4319873.043, 103
Trd, 4319874.893, 100
Trd, 4319874.943, 101
Trd, 4319875.493, 113
Trd, 4319876.243, 102
Trd, 4319876.693, 103
Trd, 4319878.693, 94
Trd, 4319879.443, 98
Trd, 4319880.043, 100
Trd, 4319884.143, 97
Trd, 4319885.343, 99
Trd, 4319885.893, 101
Trd, 4319887.293, 109
Trd, 4319889.743, 102
Trd, 4319890.843, 102
Trd, 4319891.843, 101
Trd, 4319892.493, 98
Trd, 4319893.543, 94
Trd, 4319896.543, 98
Trd, 4319897.993, 96
Trd, 4319899.093, 98
Trd, 4319899.643, 98
Trd, 4319899.693, 97
Trd, 4319901.293, 98
Trd, 4319903.643, 97
Trd, 4319904.043, 98
Trd, 4319904.393, 97
Trd, 4319905.543, 98
Trd, 4319906.093, 97
Trd, 4319906.793, 97
Trd, 4319908.393, 113
Trd, 4319908.643, 95
Trd, 4319909.093, 113
Trd, 4319909.143, 94
Trd, 4319913.443, 101
Trd, 4319915.443, 102
Trd, 4319917.593, 105
Trd, 4319917.893, 104
Trd, 4319918.393, 103
Trd, 4319920.493, 101
Trd, 4319920.943, 102
Trd, 4319921.793, 101
Trd, 4319925.493, 102
Trd, 4319927.343, 96
Trd, 4319927.743, 98
Trd, 4319928.843, 98
Trd, 4319930.443, 99
Trd, 4319931.393, 100
Trd, 4319934.243, 100
Trd, 4319934.393, 98
Trd, 4319935.293, 97
Trd, 4319936.593, 96
Trd, 4319936.893, 96
Trd, 4319936.993, 100
Trd, 4319941.343, 98
Trd, 4319942.743, 97
Trd, 4319943.343, 97
Trd, 4319945.393, 96
Trd, 4319945.693, 97
Trd, 4319946.993, 97
Trd, 4319948.693, 96
Trd, 4319949.443, 95
Trd, 4319950.193, 95
Trd, 4319951.293, 95
Trd, 4319951.793, 97
Trd, 4319952.743, 113
Trd, 4319955.493, 98
Trd, 4319955.543, 104
Trd, 4319957.043, 104
Trd, 4319957.243, 103
Trd, 4319959.943, 102
Trd, 4319960.293, 101
Trd, 4319963.993, 94
Trd, 4319964.093, 95
Trd, 4319964.843, 94
Trd, 4319966.443, 93
Trd, 4319967.593, 93
Trd, 4319968.443, 93
Trd, 4319970.543, 92
Trd, 4319971.093, 94
Trd, 4319971.443, 104
Trd, 4319971.943, 89
Trd, 4319976.043, 90
Trd, 4319977.243, 91
Trd, 4319977.293, 95
Trd, 4319978.493, 98
Trd, 4319980.743, 101
Trd, 4319981.793, 102
Trd, 4319982.093, 106
Trd, 4319984.243, 96
Trd, 4319987.343, 100
Trd, 4319988.093, 94
Trd, 4319988.843, 98
Trd, 4319989.793, 97
Trd, 4319990.193, 100
Trd, 4319992.793, 104
Trd, 4319993.293, 103
Trd, 4319993.793, 103
Trd, 4319994.593, 104
Trd, 4319996.093, 121
Trd, 4319997.043, 116
Trd, 4319998.593, 106
