Trd, 4317868.393, 93
Trd, 4317870.393, 94
Trd, 4317872.043, 92
Trd, 4317872.143, 93
Trd, 4317872.193, 95
Trd, 4317873.743, 92
Trd, 4317874.543, 94
Trd, 4317875.093, 91
Trd, 4317876.893, 94
Trd, 4317876.943, 91
Trd, 4317878.343, 92
Trd, 4317879.693, 89
Trd, 4317879.743, 95
Trd, 4317882.843, 93
Trd, 4317884.293, 93
Trd, 4317886.693, 92
Trd, 4317888.793, 92
Trd, 4317889.693, 92
Trd, 4317890.793, 93
Trd, 4317890.843, 88
Trd, 4317891.293, 104
Trd, 4317892.293, 99
Trd, 4317895.393, 96
Trd, 4317896.643, 95
Trd, 4317898.393, 90
Trd, 4317900.043, 95
Trd, 4317900.193, 95
Trd, 4317902.343, 96
Trd, 4317903.093, 89
Trd, 4317903.443, 97
Trd, 4317904.793, 89
Trd, 4317906.493, 98
Trd, 4317907.643, 98
Trd, 4317910.193, 113
Trd, 4317910.693, 124
Trd, 4317911.043, 131
Trd, 4317912.643, 104
Trd, 4317914.893, 100
Trd, 4317916.143, 102
Trd, 4317917.043, 99
Trd, 4317917.493, 102
Trd, 4317919.843, 101
Trd, 4317920.793, 100
Trd, 4317923.043, 100
Trd, 4317924.493, 99
Trd, 4317925.493, 98
Trd, 4317925.793, 100
Trd, 4317929.593, 101
Trd, 4317929.943, 101
Trd, 4317930.443, 98
Trd, 4317930.543, 101
Trd, 4317930.693, 98
Trd, 4317930.793, 104
Trd, 4317932.693, 103
Trd, 4317934.893, 104
Trd, 4317936.043, 104
Trd, 4317937.443, 97
Trd, 4317938.393, 103
Trd, 4317939.593, 103
Trd, 4317942.743, 96
Trd, 4317943.293, 103
Trd, 4317945.843, 103
Trd, 4317946.043, 104
Trd, 4317947.693, 102
Trd, 4317947.993, 122
Trd, 4317948.243, 128
Trd, 4317949.343, 95
Trd, 4317952.543, 99
Trd, 4317953.943, 98
Trd, 4317955.493, 98
Trd, 4317956.243, 94
Trd, 4317957.143, 99
Trd, 4317958.043, 94
Trd, 4317959.193, 99
Trd, 4317960.193, 98
Trd, 4317962.243, 93
Trd, 4317964.143, 96
Trd, 4317964.993, 96
Trd, 4317965.793, 96
Trd, 4317967.143, 92
Trd, 4317969.593, 95
Trd, 4317970.393, 95
Trd, 4317970.943, 94
Trd, 4317971.743, 95
Trd, 4317972.243, 91
Trd, 4317974.643, 95
Trd, 4317976.193, 95
Trd, 4317977.143, 90
Trd, 4317977.993, 94
Trd, 4317979.693, 95
Trd, 4317981.093, 95
Trd, 4317981.543, 96
Trd, 4317982.843, 96
Trd, 4317984.543, 89
Trd, 4317984.943, 95
Trd, 4317987.443, 94
Trd, 4317987.793, 89
Trd, 4317987.943, 95
Trd, 4317990.743, 92
Trd, 4317993.743, 91
Trd, 4317994.943, 89
Trd, 4317996.343, 90
Trd, 4317996.643, 91
Trd, 4317997.093, 95
Trd, 4317997.293, 108
Trd, 4318000.293, 92
Trd, 4318001.993, 89
Trd, 4318002.343, 92
Trd, 4318006.143, 92
Trd, 4318006.793, 88
Trd, 4318007.243, 96
Trd, 4318008.943, 93
Trd, 4318011.593, 94
Trd, 4318011.993, 87
Trd, 4318013.243, 87
Trd, 4318013.443, 94
Trd, 4318014.143, 96
Trd, 4318017.643, 96
Trd, 4318017.693, 87
Trd, 4318020.093, 96
Trd, 4318021.493, 93
Trd, 4318023.893, 95
Trd, 4318024.943, 113
Trd, 4318026.843, 92
Trd, 4318028.143, 99
Trd, 4318029.193, 94
Trd, 4318031.493, 92
Trd, 4318031.643, 93
Trd, 4318033.293, 92
Trd, 4318035.693, 92
Trd, 4318035.793, 92
Trd, 4318037.143, 91
Trd, 4318038.593, 92
Trd, 4318039.743, 90
Trd, 4318041.043, 95
Trd, 4318041.943, 94
Trd, 4318042.593, 113
Trd, 4318043.593, 102
Trd, 4318047.643, 91
Trd, 4318047.793, 98
Trd, 4318050.343, 99
Trd, 4318050.943, 91
Trd, 4318051.643, 96
Trd, 4318052.793, 93
Trd, 4318053.293, 93
Trd, 4318055.693, 93
Trd, 4318056.393, 90
Trd, 4318058.143, 94
Trd, 4318059.943, 95
Trd, 4318059.993, 95
Trd, 4318061.243, 89
Trd, 4318062.943, 93
Trd, 4318064.893, 89
Trd, 4318065.043, 92
Trd, 4318068.343, 92
Trd, 4318069.593, 95
Trd, 4318069.743, 94
Trd, 4318070.843, 89
Trd, 4318072.393, 93
Trd, 4318073.793, 91
Trd, 4318075.193, 91
Trd, 4318076.993, 91
Trd, 4318077.643, 88
Trd, 4318081.093, 91
Trd, 4318082.543, 95
Trd, 4318082.993, 87
Trd, 4318083.343, 95
Trd, 4318083.793, 95
Trd, 4318085.643, 92
Trd, 4318087.343, 92
Trd, 4318087.643, 87
Trd, 4318090.693, 93
Trd, 4318092.043, 86
Trd, 4318092.443, 94
Trd, 4318093.993, 91
Trd, 4318094.593, 90
Trd, 4318096.493, 90
Trd, 4318097.493, 95
Trd, 4318099.493, 85
Trd, 4318100.193, 92
Trd, 4318102.593, 84
Trd, 4318102.843, 92
Trd, 4318103.343, 93
Trd, 4318104.893, 95
Trd, 4318105.843, 94
Trd, 4318107.793, 93
Trd, 4318108.893, 87
Trd, 4318109.193, 85
Trd, 4318110.093, 92
Trd, 4318111.193, 95
Trd, 4318114.043, 86
Trd, 4318114.443, 89
Trd, 4318117.243, 89
Trd, 4318119.293, 85
Trd, 4318120.843, 89
Trd, 4318123.693, 87
Trd, 4318124.543, 86
Trd, 4318124.593, 87
Trd, 4318127.443, 87
Trd, 4318128.893, 95
Trd, 4318129.343, 85
Trd, 4318131.543, 90
Trd, 4318131.643, 90
Trd, 4318132.443, 86
Trd, 4318133.793, 112
Trd, 4318135.743, 91
Trd, 4318136.493, 91
Trd, 4318137.843, 85
Trd, 4318139.043, 97
Trd, 4318141.493, 88
Trd, 4318142.193, 88
Trd, 4318142.893, 85
Trd, 4318143.993, 91
Trd, 4318144.793, 89
Trd, 4318144.843, 97
Trd, 4318145.743, 112
Trd, 4318147.743, 84
Trd, 4318153.443, 88
Trd, 4318153.593, 88
Trd, 4318154.943, 83
Trd, 4318155.743, 89
Trd, 4318157.943, 87
Trd, 4318158.443, 88
Trd, 4318159.693, 83
Trd, 4318160.043, 88
Trd, 4318163.693, 88
Trd, 4318164.593, 88
Trd, 4318165.943, 88
Trd, 4318166.043, 96
Trd, 4318166.643, 85
Trd, 4318168.443, 94
Trd, 4318170.243, 93
Trd, 4318170.443, 94
Trd, 4318170.643, 92
Trd, 4318171.693, 108
Trd, 4318172.693, 100
Trd, 4318174.043, 91
Trd, 4318174.793, 101
Trd, 4318174.943, 91
Trd, 4318176.443, 101
Trd, 4318177.693, 98
Trd, 4318178.893, 97
Trd, 4318181.293, 98
Trd, 4318183.043, 97
Trd, 4318183.893, 90
Trd, 4318185.493, 89
Trd, 4318186.293, 94
Trd, 4318187.843, 94
Trd, 4318188.893, 107
Trd, 4318192.793, 94
Trd, 4318193.043, 94
Trd, 4318194.493, 91
Trd, 4318195.593, 94
Trd, 4318197.493, 95
Trd, 4318198.843, 90
Trd, 4318199.143, 95
Trd, 4318200.593, 96
Trd, 4318200.643, 89
Trd, 4318202.243, 104
Trd, 4318202.743, 93
Trd, 4318206.393, 91
Trd, 4318209.793, 88
Trd, 4318209.943, 91
Trd, 4318210.543, 91
Trd, 4318212.743, 91
Trd, 4318213.343, 87
Trd, 4318214.443, 91
Trd, 4318215.293, 96
Trd, 4318215.793, 110
Trd, 4318215.993, 86
Trd, 4318217.493, 97
Trd, 4318218.393, 100
Trd, 4318220.743, 100
Trd, 4318223.693, 100
Trd, 4318225.943, 85
Trd, 4318226.293, 92
Trd, 4318227.493, 88
Trd, 4318228.093, 90
Trd, 4318229.543, 91
Trd, 4318231.143, 91
Trd, 4318233.343, 111
Trd, 4318233.893, 88
Trd, 4318234.193, 100
Trd, 4318238.593, 94
Trd, 4318238.993, 94
Trd, 4318239.193, 96
Trd, 4318241.093, 90
Trd, 4318241.643, 109
Trd, 4318243.393, 98
Trd, 4318244.293, 97
Trd, 4318246.693, 93
Trd, 4318247.893, 97
Trd, 4318251.243, 97
Trd, 4318251.693, 93
Trd, 4318252.093, 96
Trd, 4318253.043, 91
Trd, 4318253.543, 95
Trd, 4318254.043, 95
Trd, 4318256.493, 95
Trd, 4318258.043, 91
Trd, 4318258.593, 96
Trd, 4318259.943, 97
Trd, 4318260.543, 106
Trd, 4318262.643, 97
Trd, 4318263.293, 93
Trd, 4318266.343, 95
Trd, 4318266.893, 95
Trd, 4318267.243, 92
Trd, 4318268.743, 95
Trd, 4318269.293, 96
Trd, 4318270.993, 97
Trd, 4318272.693, 96
Trd, 4318274.593, 96
Trd, 4318275.543, 96
Trd, 4318277.893, 96
Trd, 4318278.243, 91
Trd, 4318278.343, 112
Trd, 4318278.493, 102
Trd, 4318282.343, 96
Trd, 4318282.993, 96
Trd, 4318283.393, 90
Trd, 4318285.743, 88
Trd, 4318286.243, 94
Trd, 4318287.343, 94
Trd, 4318291.293, 89
Trd, 4318292.243, 92
Trd, 4318293.393, 92
Trd, 4318293.993, 90
Trd, 4318294.493, 94
Trd, 4318297.043, 92
Trd, 4318298.543, 93
Trd, 4318301.043, 92
Trd, 4318302.443, 89
Trd, 4318303.443, 92
Trd, 4318304.693, 91
Trd, 4318305.493, 92
Trd, 4318308.243, 88
Trd, 4318309.143, 95
Trd, 4318312.443, 91
Trd, 4318313.343, 91
Trd, 4318314.943, 90
Trd, 4318316.293, 91
Trd, 4318316.493, 87
Trd, 4318316.793, 91
Trd, 4318319.643, 95
Trd, 4318320.493, 86
Trd, 4318320.643, 107
Trd, 4318322.843, 91
Trd, 4318324.093, 92
Trd, 4318324.243, 87
Trd, 4318327.393, 92
Trd, 4318328.493, 90
Trd, 4318328.943, 91
Trd, 4318329.493, 121
Trd, 4318332.793, 87
Trd, 4318334.593, 91
Trd, 4318335.543, 88
Trd, 4318335.793, 90
Trd, 4318336.493, 91
Trd, 4318339.793, 91
Trd, 4318340.943, 87
Trd, 4318342.693, 89
Trd, 4318343.193, 90
Trd, 4318344.643, 89
Trd, 4318347.693, 88
Trd, 4318348.193, 87
Trd, 4318348.793, 88
Trd, 4318350.093, 88
Trd, 4318350.993, 96
Trd, 4318353.643, 86
Trd, 4318353.893, 92
Trd, 4318355.243, 92
Trd, 4318356.343, 85
Trd, 4318356.393, 93
Trd, 4318357.793, 93
Trd, 4318360.893, 97
Trd, 4318361.493, 96
Trd, 4318363.993, 91
Trd, 4318365.293, 90
Trd, 4318366.193, 89
Trd, 4318366.993, 90
Trd, 4318367.243, 96
Trd, 4318369.193, 94
Trd, 4318371.093, 95
Trd, 4318371.693, 89
Trd, 4318371.743, 96
Trd, 4318376.043, 89
Trd, 4318377.993, 93
Trd, 4318378.243, 92
Trd, 4318379.493, 95
Trd, 4318382.243, 91
Trd, 4318382.893, 93
Trd, 4318383.493, 93
Trd, 4318383.843, 92
Trd, 4318388.343, 90
Trd, 4318389.393, 92
Trd, 4318389.543, 93
Trd, 4318390.543, 93
Trd, 4318392.693, 93
Trd, 4318393.443, 93
Trd, 4318393.793, 89
Trd, 4318396.243, 93
Trd, 4318399.193, 93
Trd, 4318400.493, 88
Trd, 4318402.243, 93
Trd, 4318402.943, 91
Trd, 4318403.993, 87
Trd, 4318404.043, 90
Trd, 4318405.043, 87
Trd, 4318405.743, 90
Trd, 4318406.293, 89
Trd, 4318409.843, 86
Trd, 4318410.843, 88
Trd, 4318413.393, 87
Trd, 4318414.643, 88
Trd, 4318418.193, 89
Trd, 4318418.393, 87
Trd, 4318420.893, 89
Trd, 4318421.043, 89
Trd, 4318422.943, 86
Trd, 4318426.493, 88
Trd, 4318426.643, 88
Trd, 4318428.693, 89
Trd, 4318428.793, 86
Trd, 4318430.343, 89
Trd, 4318431.443, 90
Trd, 4318432.193, 95
Trd, 4318433.993, 85
Trd, 4318436.093, 90
Trd, 4318436.193, 90
Trd, 4318437.293, 84
Trd, 4318438.793, 90
Trd, 4318439.493, 95
Trd, 4318442.343, 90
Trd, 4318444.143, 90
Trd, 4318444.993, 95
Trd, 4318445.143, 104
Trd, 4318447.493, 87
Trd, 4318448.243, 86
Trd, 4318449.543, 91
Trd, 4318451.493, 91
Trd, 4318452.493, 89
Trd, 4318453.993, 90
Trd, 4318454.793, 86
Trd, 4318454.843, 95
Trd, 4318456.443, 104
Trd, 4318457.893, 86
Trd, 4318458.043, 91
Trd, 4318460.793, 87
Trd, 4318461.993, 96
Trd, 4318465.493, 86
Trd, 4318465.643, 90
Trd, 4318468.493, 90
Trd, 4318469.943, 85
Trd, 4318470.693, 91
Trd, 4318471.343, 85
Trd, 4318474.193, 92
Trd, 4318474.443, 112
Trd, 4318474.893, 100
Trd, 4318479.143, 89
Trd, 4318479.343, 94
Trd, 4318479.793, 96
Trd, 4318480.543, 95
Trd, 4318483.993, 95
Trd, 4318484.843, 95
Trd, 4318485.543, 92
Trd, 4318486.243, 94
Trd, 4318490.493, 94
Trd, 4318491.143, 93
Trd, 4318491.393, 92
Trd, 4318491.443, 90
Trd, 4318492.693, 89
Trd, 4318493.793, 95
Trd, 4318494.493, 94
Trd, 4318497.043, 94
Trd, 4318499.043, 95
Trd, 4318500.943, 93
Trd, 4318502.893, 95
Trd, 4318503.293, 92
Trd, 4318503.843, 95
Trd, 4318506.443, 94
Trd, 4318508.493, 94
Trd, 4318509.193, 91
Trd, 4318510.493, 94
Trd, 4318510.793, 94
Trd, 4318512.643, 94
Trd, 4318513.593, 95
Trd, 4318514.343, 95
Trd, 4318515.943, 90
Trd, 4318516.843, 94
Trd, 4318518.143, 89
Trd, 4318520.443, 93
Trd, 4318521.193, 95
Trd, 4318522.693, 93
Trd, 4318522.943, 88
Trd, 4318526.143, 89
Trd, 4318527.193, 89
Trd, 4318529.243, 89
Trd, 4318529.643, 87
Trd, 4318531.293, 89
Trd, 4318532.493, 89
Trd, 4318533.543, 87
Trd, 4318533.993, 95
Trd, 4318536.793, 89
Trd, 4318538.543, 88
Trd, 4318538.793, 86
Trd, 4318539.793, 87
Trd, 4318542.543, 88
Trd, 4318542.693, 96
Trd, 4318544.293, 93
Trd, 4318546.893, 86
Trd, 4318546.943, 90
Trd, 4318548.093, 90
Trd, 4318549.593, 90
Trd, 4318550.893, 90
Trd, 4318551.193, 87
Trd, 4318552.843, 86
Trd, 4318553.543, 90
Trd, 4318555.393, 95
Trd, 4318555.543, 104
Trd, 4318559.393, 95
Trd, 4318559.843, 95
Trd, 4318561.143, 85
Trd, 4318564.643, 85
Trd, 4318565.343, 92
Trd, 4318566.393, 91
Trd, 4318568.843, 90
Trd, 4318569.193, 96
Trd, 4318569.643, 111
Trd, 4318572.343, 84
Trd, 4318572.843, 89
Trd, 4318573.443, 89
Trd, 4318574.043, 89
Trd, 4318576.793, 89
Trd, 4318577.693, 106
Trd, 4318578.743, 85
Trd, 4318580.193, 92
Trd, 4318580.993, 84
Trd, 4318581.093, 93
Trd, 4318584.243, 93
Trd, 4318587.593, 85
Trd, 4318588.043, 93
Trd, 4318589.043, 93
Trd, 4318589.243, 113
Trd, 4318589.743, 103
Trd, 4318592.793, 87
Trd, 4318592.843, 97
Trd, 4318594.193, 97
Trd, 4318594.343, 85
Trd, 4318597.243, 97
Trd, 4318597.943, 97
Trd, 4318599.943, 93
Trd, 4318600.843, 92
Trd, 4318602.043, 89
Trd, 4318603.293, 91
Trd, 4318604.093, 91
Trd, 4318606.043, 88
Trd, 4318609.943, 91
Trd, 4318610.393, 91
Trd, 4318611.993, 87
Trd, 4318613.493, 90
Trd, 4318614.043, 91
Trd, 4318614.193, 95
Trd, 4318615.193, 92
Trd, 4318615.543, 85
Trd, 4318617.443, 87
Trd, 4318617.993, 92
Trd, 4318619.593, 95
Trd, 4318622.743, 93
Trd, 4318622.843, 91
Trd, 4318623.793, 92
Trd, 4318624.593, 95
Trd, 4318625.343, 114
Trd, 4318626.643, 99
Trd, 4318628.393, 100
Trd, 4318628.843, 90
Trd, 4318631.693, 101
Trd, 4318632.193, 101
Trd, 4318632.693, 100
Trd, 4318633.843, 89
Trd, 4318635.643, 99
Trd, 4318635.693, 105
Trd, 4318637.993, 88
Trd, 4318639.993, 90
Trd, 4318641.993, 88
Trd, 4318642.393, 90
Trd, 4318643.893, 90
Trd, 4318645.893, 91
Trd, 4318648.693, 89
Trd, 4318648.943, 91
Trd, 4318649.043, 87
Trd, 4318650.893, 90
Trd, 4318652.543, 85
Trd, 4318653.293, 89
Trd, 4318653.693, 89
Trd, 4318655.543, 90
Trd, 4318655.843, 87
Trd, 4318659.093, 95
Trd, 4318659.543, 92
Trd, 4318662.093, 104
Trd, 4318662.493, 94
Trd, 4318663.243, 95
Trd, 4318664.743, 86
Trd, 4318666.093, 93
Trd, 4318666.593, 93
Trd, 4318669.593, 92
Trd, 4318670.443, 88
Trd, 4318671.193, 93
Trd, 4318673.043, 93
Trd, 4318673.143, 95
Trd, 4318676.393, 94
Trd, 4318678.443, 94
Trd, 4318678.943, 88
Trd, 4318680.143, 95
Trd, 4318681.193, 95
Trd, 4318681.593, 87
Trd, 4318682.093, 109
Trd, 4318685.143, 90
Trd, 4318685.943, 89
Trd, 4318687.593, 87
Trd, 4318687.693, 91
Trd, 4318689.843, 90
Trd, 4318691.493, 89
Trd, 4318693.043, 90
Trd, 4318693.443, 86
Trd, 4318694.293, 120
Trd, 4318695.493, 101
Trd, 4318696.443, 102
Trd, 4318696.993, 94
Trd, 4318697.843, 104
Trd, 4318700.693, 102
Trd, 4318702.743, 101
Trd, 4318704.293, 101
Trd, 4318705.293, 98
Trd, 4318705.693, 101
Trd, 4318707.293, 101
Trd, 4318707.443, 113
Trd, 4318709.043, 97
Trd, 4318710.043, 95
Trd, 4318710.193, 102
Trd, 4318712.193, 97
Trd, 4318713.993, 98
Trd, 4318715.543, 95
Trd, 4318716.143, 96
Trd, 4318716.543, 96
Trd, 4318717.193, 96
Trd, 4318717.943, 94
Trd, 4318718.443, 97
Trd, 4318722.043, 97
Trd, 4318722.443, 96
Trd, 4318722.843, 95
Trd, 4318725.843, 95
Trd, 4318727.143, 94
Trd, 4318728.393, 95
Trd, 4318730.443, 93
Trd, 4318732.343, 95
Trd, 4318734.043, 92
Trd, 4318735.493, 95
Trd, 4318736.143, 95
Trd, 4318737.193, 95
Trd, 4318738.293, 92
Trd, 4318738.593, 94
Trd, 4318740.093, 94
Trd, 4318742.293, 91
Trd, 4318745.443, 94
Trd, 4318745.493, 94
Trd, 4318746.393, 95
Trd, 4318749.793, 90
Trd, 4318750.843, 93
Trd, 4318750.943, 94
Trd, 4318751.843, 89
Trd, 4318752.593, 94
Trd, 4318752.993, 94
Trd, 4318755.793, 92
Trd, 4318756.993, 91
Trd, 4318757.993, 95
Trd, 4318758.993, 93
Trd, 4318760.493, 90
Trd, 4318762.293, 93
Trd, 4318763.143, 89
Trd, 4318763.293, 93
Trd, 4318765.543, 91
Trd, 4318765.993, 91
Trd, 4318768.443, 96
Trd, 4318768.743, 104
Trd, 4318769.843, 95
Trd, 4318772.093, 89
Trd, 4318775.743, 95
Trd, 4318776.693, 95
Trd, 4318776.793, 88
Trd, 4318776.843, 96
Trd, 4318778.743, 93
Trd, 4318779.443, 95
Trd, 4318781.593, 87
Trd, 4318782.143, 91
Trd, 4318782.593, 91
Trd, 4318783.393, 87
Trd, 4318784.943, 91
Trd, 4318785.193, 95
Trd, 4318789.743, 89
Trd, 4318789.943, 86
Trd, 4318790.543, 90
Trd, 4318792.593, 89
Trd, 4318793.843, 89
Trd, 4318794.443, 85
Trd, 4318795.493, 95
Trd, 4318798.343, 92
Trd, 4318798.793, 92
Trd, 4318800.593, 92
Trd, 4318800.743, 87
Trd, 4318801.393, 95
Trd, 4318803.243, 113
Trd, 4318805.743, 92
Trd, 4318805.893, 86
Trd, 4318807.293, 92
Trd, 4318809.493, 85
Trd, 4318812.393, 89
Trd, 4318812.693, 89
Trd, 4318813.443, 89
Trd, 4318816.593, 85
Trd, 4318816.793, 89
Trd, 4318817.293, 89
Trd, 4318818.093, 96
Trd, 4318818.793, 93
Trd, 4318820.393, 90
Trd, 4318822.643, 90
Trd, 4318823.093, 84
Trd, 4318823.793, 90
Trd, 4318825.743, 91
Trd, 4318827.793, 91
Trd, 4318828.343, 83
Trd, 4318829.443, 82
Trd, 4318830.043, 91
Trd, 4318830.193, 95
Trd, 4318834.293, 91
Trd, 4318834.643, 92
Trd, 4318835.593, 106
Trd, 4318837.543, 82
Trd, 4318839.143, 82
Trd, 4318839.243, 89
Trd, 4318842.743, 88
Trd, 4318843.243, 88
Trd, 4318846.143, 88
Trd, 4318846.393, 95
Trd, 4318848.043, 87
Trd, 4318849.993, 86
Trd, 4318850.093, 87
Trd, 4318851.393, 88
Trd, 4318853.743, 88
Trd, 4318854.193, 89
Trd, 4318854.343, 105
Trd, 4318856.943, 96
Trd, 4318857.893, 97
Trd, 4318858.043, 85
Trd, 4318859.143, 96
Trd, 4318863.493, 85
Trd, 4318864.593, 91
Trd, 4318865.393, 85
Trd, 4318865.893, 90
Trd, 4318866.093, 91
Trd, 4318868.443, 85
Trd, 4318868.843, 88
Trd, 4318869.343, 88
Trd, 4318872.443, 88
Trd, 4318872.843, 96
Trd, 4318875.443, 89
Trd, 4318876.943, 87
Trd, 4318877.293, 84
Trd, 4318878.093, 87
Trd, 4318880.193, 88
Trd, 4318881.943, 86
Trd, 4318883.393, 86
Trd, 4318883.493, 83
Trd, 4318884.493, 82
Trd, 4318884.743, 86
Trd, 4318885.743, 95
Trd, 4318886.293, 122
Trd, 4318888.993, 97
Trd, 4318893.343, 91
Trd, 4318894.343, 87
Trd, 4318894.893, 91
Trd, 4318896.393, 86
Trd, 4318896.643, 89
Trd, 4318897.093, 90
Trd, 4318899.393, 91
Trd, 4318900.793, 91
Trd, 4318902.643, 92
Trd, 4318904.493, 85
Trd, 4318905.143, 89
Trd, 4318907.843, 88
Trd, 4318909.243, 89
Trd, 4318909.993, 95
Trd, 4318913.543, 87
Trd, 4318913.743, 84
Trd, 4318914.193, 87
Trd, 4318915.593, 88
Trd, 4318915.843, 95
Trd, 4318916.643, 91
Trd, 4318918.343, 91
Trd, 4318919.593, 90
Trd, 4318920.093, 91
Trd, 4318922.193, 91
Trd, 4318923.193, 84
Trd, 4318923.343, 92
Trd, 4318925.593, 87
Trd, 4318928.493, 92
Trd, 4318928.693, 104
Trd, 4318929.793, 98
Trd, 4318933.343, 92
Trd, 4318934.143, 91
Trd, 4318934.343, 92
Trd, 4318934.993, 86
Trd, 4318936.193, 91
Trd, 4318936.843, 85
Trd, 4318937.293, 97
Trd, 4318938.043, 104
Trd, 4318942.293, 95
Trd, 4318942.693, 94
Trd, 4318943.793, 95
Trd, 4318944.443, 97
Trd, 4318945.443, 93
Trd, 4318946.143, 105
Trd, 4318946.843, 113
Trd, 4318947.343, 92
Trd, 4318948.293, 108
Trd, 4318952.443, 100
Trd, 4318954.393, 98
Trd, 4318955.993, 94
Trd, 4318956.143, 98
Trd, 4318958.593, 93
Trd, 4318958.893, 96
Trd, 4318960.293, 95
Trd, 4318960.393, 92
Trd, 4318962.243, 95
Trd, 4318963.193, 91
Trd, 4318963.643, 91
Trd, 4318964.543, 91
Trd, 4318966.243, 93
Trd, 4318966.793, 93
Trd, 4318967.793, 95
Trd, 4318970.643, 105
Trd, 4318970.693, 116
Trd, 4318972.393, 103
Trd, 4318973.893, 104
Trd, 4318974.143, 106
Trd, 4318975.343, 95
Trd, 4318977.443, 102
Trd, 4318978.743, 100
Trd, 4318979.593, 95
Trd, 4318981.943, 100
Trd, 4318982.043, 100
Trd, 4318983.943, 101
Trd, 4318984.393, 94
Trd, 4318985.193, 101
Trd, 4318988.043, 98
Trd, 4318991.593, 96
Trd, 4318991.843, 97
Trd, 4318992.093, 94
Trd, 4318992.493, 98
Trd, 4318992.543, 115
Trd, 4318992.793, 93
Trd, 4318994.493, 104
Trd, 4318998.793, 97
Trd, 4318998.843, 92
Trd, 4318999.343, 97
Trd, 4319001.243, 96
Trd, 4319002.393, 96
Trd, 4319003.543, 91
Trd, 4319004.793, 95
Trd, 4319006.943, 94
Trd, 4319008.643, 92
Trd, 4319009.893, 95
Trd, 4319010.943, 95
Trd, 4319012.293, 118
Trd, 4319013.693, 99
Trd, 4319015.993, 91
Trd, 4319018.343, 90
Trd, 4319019.043, 94
Trd, 4319019.243, 93
Trd, 4319019.443, 95
Trd, 4319020.593, 94
Trd, 4319022.593, 95
Trd, 4319023.093, 95
Trd, 4319023.193, 105
Trd, 4319023.643, 90
Trd, 4319029.243, 91
Trd, 4319029.593, 92
Trd, 4319029.943, 114
Trd, 4319031.643, 89
Trd, 4319034.143, 88
Trd, 4319035.093, 91
Trd, 4319036.843, 91
Trd, 4319036.993, 95
Trd, 4319039.243, 87
Trd, 4319040.143, 91
Trd, 4319040.893, 91
Trd, 4319043.343, 91
Trd, 4319044.043, 90
Trd, 4319044.643, 90
Trd, 4319044.743, 96
Trd, 4319047.843, 86
Trd, 4319048.343, 93
Trd, 4319048.893, 94
Trd, 4319051.493, 95
Trd, 4319052.393, 95
Trd, 4319053.343, 85
Trd, 4319053.643, 85
Trd, 4319053.843, 104
Trd, 4319057.693, 89
Trd, 4319057.743, 90
Trd, 4319058.043, 84
Trd, 4319059.393, 90
Trd, 4319061.493, 91
Trd, 4319064.543, 83
Trd, 4319064.943, 86
Trd, 4319065.993, 87
Trd, 4319066.693, 87
Trd, 4319068.593, 110
Trd, 4319070.093, 95
Trd, 4319070.893, 94
Trd, 4319072.143, 82
Trd, 4319073.643, 81
Trd, 4319075.293, 91
Trd, 4319076.543, 108
Trd, 4319076.843, 98
Trd, 4319078.393, 94
Trd, 4319082.543, 85
Trd, 4319084.743, 80
Trd, 4319084.893, 84
Trd, 4319085.793, 88
Trd, 4319087.593, 87
Trd, 4319088.793, 88
Trd, 4319089.043, 79
Trd, 4319092.243, 87
Trd, 4319092.943, 117
Trd, 4319095.843, 83
Trd, 4319097.593, 82
Trd, 4319097.743, 96
Trd, 4319098.643, 85
Trd, 4319099.943, 88
Trd, 4319102.243, 89
Trd, 4319103.193, 86
Trd, 4319103.743, 89
Trd, 4319105.643, 88
Trd, 4319105.693, 89
Trd, 4319106.293, 95
Trd, 4319108.293, 85
Trd, 4319108.543, 93
Trd, 4319108.893, 106
Trd, 4319110.593, 99
Trd, 4319111.443, 98
Trd, 4319113.243, 85
Trd, 4319113.843, 92
Trd, 4319115.943, 84
Trd, 4319116.193, 91
Trd, 4319116.243, 93
Trd, 4319119.793, 90
Trd, 4319120.443, 93
Trd, 4319122.543, 84
Trd, 4319125.093, 88
Trd, 4319125.143, 89
Trd, 4319125.693, 84
Trd, 4319128.643, 87
Trd, 4319130.443, 86
Trd, 4319131.493, 86
Trd, 4319132.893, 83
Trd, 4319135.243, 86
Trd, 4319136.793, 82
Trd, 4319138.393, 86
Trd, 4319140.043, 86
Trd, 4319140.593, 95
Trd, 4319141.493, 84
Trd, 4319141.743, 89
Trd, 4319141.993, 119
Trd, 4319144.993, 97
Trd, 4319146.493, 96
Trd, 4319146.943, 94
Trd, 4319149.743, 93
Trd, 4319150.793, 95
Trd, 4319152.293, 94
Trd, 4319154.093, 93
Trd, 4319154.293, 92
Trd, 4319154.443, 115
Trd, 4319154.993, 122
Trd, 4319156.993, 105
Trd, 4319157.393, 107
Trd, 4319158.693, 90
Trd, 4319161.393, 89
Trd, 4319163.493, 94
Trd, 4319163.643, 95
Trd, 4319165.843, 95
Trd, 4319165.893, 95
Trd, 4319168.143, 94
Trd, 4319168.543, 104
Trd, 4319168.643, 88
Trd, 4319169.793, 105
Trd, 4319172.343, 101
Trd, 4319174.093, 97
Trd, 4319175.593, 95
Trd, 4319176.293, 92
Trd, 4319177.093, 92
Trd, 4319178.843, 95
Trd, 4319179.143, 96
Trd, 4319180.043, 97
Trd, 4319182.493, 96
Trd, 4319183.193, 95
Trd, 4319183.443, 92
Trd, 4319185.543, 91
Trd, 4319187.593, 95
Trd, 4319188.543, 94
Trd, 4319192.293, 95
Trd, 4319192.443, 106
Trd, 4319195.093, 92
Trd, 4319196.943, 91
Trd, 4319197.043, 90
Trd, 4319197.143, 92
Trd, 4319198.043, 89
Trd, 4319199.193, 88
Trd, 4319201.743, 88
Trd, 4319202.943, 92
Trd, 4319204.093, 90
Trd, 4319205.643, 89
Trd, 4319207.893, 87
Trd, 4319208.893, 88
Trd, 4319210.243, 87
Trd, 4319210.493, 88
Trd, 4319212.693, 88
Trd, 4319214.893, 88
Trd, 4319215.543, 87
Trd, 4319216.943, 95
Trd, 4319218.343, 92
Trd, 4319219.093, 92
Trd, 4319221.993, 86
Trd, 4319222.193, 93
Trd, 4319222.593, 85
Trd, 4319222.743, 94
Trd, 4319225.143, 94
Trd, 4319229.493, 90
Trd, 4319230.943, 89
Trd, 4319230.993, 85
Trd, 4319231.743, 88
Trd, 4319234.943, 89
Trd, 4319235.043, 95
Trd, 4319235.343, 84
Trd, 4319236.593, 92
Trd, 4319240.743, 83
Trd, 4319242.143, 89
Trd, 4319243.843, 88
Trd, 4319244.643, 82
Trd, 4319245.543, 88
Trd, 4319246.843, 87
Trd, 4319247.793, 82
Trd, 4319248.193, 95
Trd, 4319248.843, 91
Trd, 4319251.243, 91
Trd, 4319252.993, 81
Trd, 4319253.043, 86
Trd, 4319253.643, 86
Trd, 4319257.093, 81
Trd, 4319259.043, 83
Trd, 4319259.393, 85
Trd, 4319260.843, 86
Trd, 4319264.043, 81
Trd, 4319264.343, 86
Trd, 4319264.693, 95
Trd, 4319265.443, 106
Trd, 4319269.093, 94
Trd, 4319270.643, 92
Trd, 4319270.843, 93
Trd, 4319272.243, 90
Trd, 4319273.043, 94
Trd, 4319273.443, 104
Trd, 4319273.743, 87
Trd, 4319274.143, 98
Trd, 4319278.343, 94
Trd, 4319278.393, 92
Trd, 4319279.093, 94
Trd, 4319279.493, 95
Trd, 4319283.393, 94
Trd, 4319283.793, 92
Trd, 4319284.743, 95
Trd, 4319287.243, 94
Trd, 4319287.793, 93
Trd, 4319287.993, 94
Trd, 4319288.943, 94
Trd, 4319291.543, 93
Trd, 4319291.993, 94
Trd, 4319294.593, 94
Trd, 4319295.543, 91
Trd, 4319296.993, 94
Trd, 4319300.043, 95
Trd, 4319300.193, 91
Trd, 4319300.693, 95
Trd, 4319306.793, 95
Trd, 4319307.193, 95
Trd, 4319307.643, 95
Trd, 4319307.693, 91
Trd, 4319307.793, 104
Trd, 4319311.393, 93
Trd, 4319312.993, 92
Trd, 4319313.743, 92
Trd, 4319314.043, 90
Trd, 4319316.193, 89
Trd, 4319316.843, 91
Trd, 4319318.043, 90
Trd, 4319318.793, 90
Trd, 4319321.543, 89
Trd, 4319322.093, 91
Trd, 4319322.743, 87
Trd, 4319323.693, 92
Trd, 4319324.543, 92
Trd, 4319325.493, 87
Trd, 4319328.143, 92
Trd, 4319328.643, 86
Trd, 4319331.643, 90
Trd, 4319332.543, 92
Trd, 4319332.743, 95
Trd, 4319333.893, 93
Trd, 4319334.393, 85
Trd, 4319335.743, 91
Trd, 4319336.493, 90
Trd, 4319337.643, 95
Trd, 4319338.293, 93
Trd, 4319339.393, 105
Trd, 4319340.593, 100
Trd, 4319341.093, 122
Trd, 4319342.843, 100
Trd, 4319343.743, 100
Trd, 4319344.593, 107
Trd, 4319347.593, 104
Trd, 4319349.693, 104
Trd, 4319350.043, 99
Trd, 4319351.893, 104
Trd, 4319353.243, 101
Trd, 4319354.493, 100
Trd, 4319356.393, 104
Trd, 4319357.043, 102
Trd, 4319358.293, 98
Trd, 4319358.493, 102
Trd, 4319359.843, 100
Trd, 4319361.093, 99
Trd, 4319364.843, 107
Trd, 4319365.693, 97
Trd, 4319367.193, 96
Trd, 4319367.643, 99
Trd, 4319368.093, 98
Trd, 4319368.343, 94
Trd, 4319369.243, 97
Trd, 4319371.943, 97
Trd, 4319373.143, 111
Trd, 4319374.193, 103
Trd, 4319374.643, 104
Trd, 4319376.593, 95
Trd, 4319376.893, 100
Trd, 4319378.893, 94
Trd, 4319379.743, 100
Trd, 4319381.143, 108
Trd, 4319383.193, 98
Trd, 4319384.693, 93
Trd, 4319385.843, 97
Trd, 4319388.043, 96
Trd, 4319389.093, 96
Trd, 4319390.093, 96
Trd, 4319390.693, 97
Trd, 4319390.893, 93
Trd, 4319391.893, 97
Trd, 4319394.743, 96
Trd, 4319394.893, 96
Trd, 4319397.993, 95
Trd, 4319398.243, 92
Trd, 4319401.493, 92
Trd, 4319401.993, 95
Trd, 4319403.343, 93
Trd, 4319403.643, 93
Trd, 4319404.043, 92
Trd, 4319406.593, 92
Trd, 4319407.443, 91
Trd, 4319408.043, 85
Trd, 4319408.093, 95
Trd, 4319409.543, 94
Trd, 4319412.243, 95
Trd, 4319412.393, 95
Trd, 4319413.193, 91
Trd, 4319414.293, 95
Trd, 4319414.443, 114
Trd, 4319415.093, 104
Trd, 4319415.793, 92
Trd, 4319418.343, 100
Trd, 4319423.393, 93
Trd, 4319423.543, 95
Trd, 4319424.193, 95
Trd, 4319424.443, 96
Trd, 4319425.743, 92
Trd, 4319426.593, 97
Trd, 4319427.593, 97
Trd, 4319430.243, 95
Trd, 4319431.143, 94
Trd, 4319432.043, 95
Trd, 4319432.143, 113
Trd, 4319435.093, 93
Trd, 4319436.693, 97
Trd, 4319437.143, 100
Trd, 4319437.393, 99
Trd, 4319437.593, 92
Trd, 4319441.643, 97
Trd, 4319442.593, 92
Trd, 4319443.443, 97
Trd, 4319443.843, 97
Trd, 4319444.793, 91
Trd, 4319446.393, 96
Trd, 4319449.743, 94
Trd, 4319450.343, 96
Trd, 4319453.543, 94
Trd, 4319453.843, 91
Trd, 4319454.593, 95
Trd, 4319454.843, 95
Trd, 4319455.743, 95
Trd, 4319458.643, 96
Trd, 4319459.293, 96
Trd, 4319460.343, 91
Trd, 4319463.993, 95
Trd, 4319464.043, 95
Trd, 4319464.393, 95
Trd, 4319464.493, 90
Trd, 4319466.143, 90
Trd, 4319466.693, 95
Trd, 4319467.693, 106
Trd, 4319470.343, 100
Trd, 4319471.843, 100
Trd, 4319472.493, 102
Trd, 4319474.143, 98
Trd, 4319476.093, 99
Trd, 4319477.443, 92
Trd, 4319478.043, 99
Trd, 4319479.293, 91
Trd, 4319480.443, 99
Trd, 4319481.793, 99
Trd, 4319482.593, 99
Trd, 4319484.493, 90
Trd, 4319485.443, 94
Trd, 4319487.193, 92
Trd, 4319488.343, 89
Trd, 4319488.543, 92
Trd, 4319491.143, 92
Trd, 4319491.693, 93
Trd, 4319493.243, 97
Trd, 4319494.093, 105
Trd, 4319494.893, 88
Trd, 4319496.443, 87
Trd, 4319496.543, 87
Trd, 4319497.593, 90
Trd, 4319500.743, 89
Trd, 4319501.943, 89
Trd, 4319504.793, 87
Trd, 4319504.843, 88
Trd, 4319505.543, 87
Trd, 4319505.943, 97
Trd, 4319506.943, 111
Trd, 4319507.893, 97
Trd, 4319508.693, 92
Trd, 4319509.943, 96
Trd, 4319511.393, 94
Trd, 4319512.293, 95
Trd, 4319513.943, 95
Trd, 4319514.943, 89
Trd, 4319516.543, 95
Trd, 4319519.693, 93
Trd, 4319520.543, 93
Trd, 4319521.943, 92
Trd, 4319522.393, 90
Trd, 4319522.793, 91
Trd, 4319523.693, 90
Trd, 4319524.443, 95
Trd, 4319525.743, 105
Trd, 4319527.293, 89
Trd, 4319529.243, 92
Trd, 4319531.593, 91
Trd, 4319531.893, 92
Trd, 4319532.443, 96
Trd, 4319534.693, 93
Trd, 4319535.893, 89
Trd, 4319537.993, 93
Trd, 4319538.043, 93
Trd, 4319539.443, 88
Trd, 4319539.793, 95
Trd, 4319545.493, 90
Trd, 4319546.193, 90
Trd, 4319546.593, 91
Trd, 4319549.393, 87
Trd, 4319549.893, 91
Trd, 4319550.243, 107
Trd, 4319550.993, 97
Trd, 4319552.993, 96
Trd, 4319555.393, 90
Trd, 4319555.493, 95
Trd, 4319557.643, 94
Trd, 4319560.043, 95
Trd, 4319560.343, 90
Trd, 4319563.093, 93
Trd, 4319563.243, 93
Trd, 4319564.543, 89
Trd, 4319567.443, 88
Trd, 4319568.243, 93
Trd, 4319569.743, 108
Trd, 4319570.393, 99
Trd, 4319572.893, 96
Trd, 4319575.543, 95
Trd, 4319576.043, 95
Trd, 4319576.093, 108
Trd, 4319577.043, 92
Trd, 4319577.993, 100
Trd, 4319578.293, 114
Trd, 4319582.793, 95
Trd, 4319583.493, 92
Trd, 4319583.643, 95
Trd, 4319584.793, 91
Trd, 4319586.693, 94
Trd, 4319588.693, 94
Trd, 4319590.493, 94
Trd, 4319592.293, 95
Trd, 4319592.593, 91
Trd, 4319594.493, 90
Trd, 4319594.743, 106
Trd, 4319595.293, 99
Trd, 4319595.943, 97
Trd, 4319598.093, 97
Trd, 4319601.893, 89
Trd, 4319602.343, 93
Trd, 4319602.743, 93
Trd, 4319605.893, 91
Trd, 4319606.393, 91
Trd, 4319608.393, 90
Trd, 4319609.193, 88
Trd, 4319611.543, 90
Trd, 4319611.693, 87
Trd, 4319612.593, 95
Trd, 4319613.643, 105
Trd, 4319615.743, 96
Trd, 4319617.193, 87
Trd, 4319621.793, 93
Trd, 4319622.543, 93
Trd, 4319623.443, 95
Trd, 4319624.043, 118
Trd, 4319624.343, 99
Trd, 4319624.943, 87
Trd, 4319628.743, 90
Trd, 4319628.943, 87
Trd, 4319629.593, 89
Trd, 4319631.093, 86
Trd, 4319633.343, 89
Trd, 4319633.743, 89
Trd, 4319634.793, 85
Trd, 4319636.543, 89
Trd, 4319637.443, 90
Trd, 4319637.993, 95
Trd, 4319639.193, 111
Trd, 4319641.193, 91
Trd, 4319642.093, 92
Trd, 4319645.093, 90
Trd, 4319645.843, 86
Trd, 4319646.093, 86
Trd, 4319646.493, 90
Trd, 4319649.443, 90
Trd, 4319649.643, 95
Trd, 4319653.493, 92
Trd, 4319654.593, 90
Trd, 4319655.793, 85
Trd, 4319656.443, 91
Trd, 4319656.943, 95
Trd, 4319660.693, 93
Trd, 4319661.343, 85
Trd, 4319661.393, 108
Trd, 4319663.643, 95
Trd, 4319666.343, 84
Trd, 4319666.643, 90
Trd, 4319668.993, 85
Trd, 4319669.293, 83
Trd, 4319670.993, 87
Trd, 4319673.293, 82
Trd, 4319673.543, 86
Trd, 4319674.343, 86
Trd, 4319674.693, 86
Trd, 4319677.643, 86
Trd, 4319678.243, 83
Trd, 4319678.293, 95
Trd, 4319679.393, 104
Trd, 4319679.893, 97
Trd, 4319680.143, 116
Trd, 4319680.793, 83
Trd, 4319684.593, 98
Trd, 4319687.743, 93
Trd, 4319688.093, 90
Trd, 4319689.043, 93
Trd, 4319689.893, 95
Trd, 4319691.743, 89
Trd, 4319692.243, 92
Trd, 4319693.543, 93
Trd, 4319694.043, 95
Trd, 4319695.193, 94
Trd, 4319697.093, 94
Trd, 4319697.943, 87
Trd, 4319699.693, 95
Trd, 4319700.793, 104
Trd, 4319703.493, 96
Trd, 4319703.693, 100
Trd, 4319703.743, 87
Trd, 4319707.843, 93
Trd, 4319708.193, 86
Trd, 4319709.043, 90
Trd, 4319709.443, 91
Trd, 4319713.693, 91
Trd, 4319714.043, 95
Trd, 4319714.543, 86
Trd, 4319715.843, 91
Trd, 4319716.793, 92
Trd, 4319717.843, 92
Trd, 4319720.593, 86
Trd, 4319722.993, 88
Trd, 4319723.043, 90
Trd, 4319723.793, 85
Trd, 4319724.043, 95
Trd, 4319726.093, 85
Trd, 4319727.143, 93
Trd, 4319729.793, 93
Trd, 4319730.793, 93
Trd, 4319733.593, 90
Trd, 4319733.693, 90
Trd, 4319734.693, 85
Trd, 4319735.793, 95
Trd, 4319737.343, 91
Trd, 4319738.243, 84
Trd, 4319740.593, 90
Trd, 4319741.343, 95
Trd, 4319743.693, 89
Trd, 4319743.993, 88
Trd, 4319744.193, 84
Trd, 4319745.143, 88
Trd, 4319746.693, 95
Trd, 4319748.143, 92
Trd, 4319749.143, 90
Trd, 4319749.393, 93
Trd, 4319751.293, 95
Trd, 4319751.693, 94
Trd, 4319753.993, 94
Trd, 4319755.743, 94
Trd, 4319756.743, 91
Trd, 4319756.843, 94
Trd, 4319757.143, 95
Trd, 4319758.293, 109
Trd, 4319761.893, 97
Trd, 4319763.743, 96
Trd, 4319764.593, 93
Trd, 4319767.043, 96
Trd, 4319768.243, 95
Trd, 4319768.793, 93
Trd, 4319769.793, 92
Trd, 4319772.243, 96
Trd, 4319772.593, 113
Trd, 4319772.893, 103
Trd, 4319774.693, 98
Trd, 4319777.593, 95
Trd, 4319778.893, 97
Trd, 4319779.193, 96
Trd, 4319780.543, 95
Trd, 4319780.893, 96
Trd, 4319781.343, 96
Trd, 4319783.393, 94
Trd, 4319784.093, 96
Trd, 4319785.093, 97
Trd, 4319786.193, 93
Trd, 4319787.293, 97
Trd, 4319787.543, 107
Trd, 4319788.793, 102
Trd, 4319791.343, 93
Trd, 4319793.143, 95
Trd, 4319793.743, 96
Trd, 4319796.243, 95
Trd, 4319796.443, 92
Trd, 4319797.543, 95
Trd, 4319798.343, 95
Trd, 4319800.093, 91
Trd, 4319800.643, 91
Trd, 4319800.993, 92
Trd, 4319801.043, 91
Trd, 4319802.893, 95
Trd, 4319804.043, 94
Trd, 4319805.793, 92
Trd, 4319805.993, 90
Trd, 4319807.343, 93
Trd, 4319807.493, 90
Trd, 4319809.443, 93
Trd, 4319809.593, 95
Trd, 4319811.993, 96
Trd, 4319813.593, 89
Trd, 4319813.893, 96
Trd, 4319816.493, 96
Trd, 4319819.693, 92
Trd, 4319820.343, 89
Trd, 4319820.493, 92
Trd, 4319821.143, 92
Trd, 4319822.743, 93
Trd, 4319825.743, 93
Trd, 4319827.043, 89
Trd, 4319827.493, 95
Trd, 4319828.443, 88
Trd, 4319829.693, 95
Trd, 4319834.293, 92
Trd, 4319835.843, 87
Trd, 4319836.843, 92
Trd, 4319837.693, 92
Trd, 4319837.743, 92
Trd, 4319838.993, 86
Trd, 4319839.643, 95
Trd, 4319840.493, 93
Trd, 4319842.793, 91
Trd, 4319843.993, 90
Trd, 4319847.193, 85
Trd, 4319851.943, 87
Trd, 4319853.193, 87
Trd, 4319853.893, 87
Trd, 4319854.693, 84
Trd, 4319855.893, 87
Trd, 4319857.443, 84
Trd, 4319858.543, 88
Trd, 4319859.093, 88
Trd, 4319860.693, 83
Trd, 4319861.893, 88
Trd, 4319863.593, 89
Trd, 4319863.743, 82
Trd, 4319864.943, 90
Trd, 4319865.343, 105
Trd, 4319867.243, 96
Trd, 4319869.443, 87
Trd, 4319870.643, 89
Trd, 4319870.793, 96
Trd, 4319872.693, 81
Trd, 4319875.743, 80
Trd, 4319876.893, 89
Trd, 4319877.893, 89
Trd, 4319878.293, 89
Trd, 4319879.393, 79
Trd, 4319879.593, 89
Trd, 4319881.993, 104
Trd, 4319882.893, 98
Trd, 4319884.293, 92
Trd, 4319885.593, 89
Trd, 4319888.243, 90
Trd, 4319889.443, 105
Trd, 4319889.693, 98
Trd, 4319890.693, 97
Trd, 4319891.943, 88
Trd, 4319894.543, 91
Trd, 4319894.843, 87
Trd, 4319895.143, 90
Trd, 4319897.193, 91
Trd, 4319899.893, 89
Trd, 4319900.543, 88
Trd, 4319900.593, 90
Trd, 4319905.093, 89
Trd, 4319905.743, 90
Trd, 4319907.643, 95
Trd, 4319909.143, 88
Trd, 4319909.293, 91
Trd, 4319911.593, 89
Trd, 4319912.743, 87
Trd, 4319912.793, 88
Trd, 4319916.043, 86
Trd, 4319916.643, 88
Trd, 4319917.893, 87
Trd, 4319918.893, 88
Trd, 4319919.143, 86
Trd, 4319920.143, 89
Trd, 4319921.043, 90
Trd, 4319921.243, 118
Trd, 4319924.643, 99
Trd, 4319924.843, 85
Trd, 4319927.493, 90
Trd, 4319929.343, 89
Trd, 4319930.993, 89
Trd, 4319932.893, 89
Trd, 4319933.893, 84
Trd, 4319935.193, 89
Trd, 4319935.893, 82
Trd, 4319936.193, 89
Trd, 4319937.443, 98
Trd, 4319937.643, 94
Trd, 4319940.593, 94
Trd, 4319940.843, 95
Trd, 4319943.193, 93
Trd, 4319944.443, 91
Trd, 4319947.493, 92
Trd, 4319947.843, 92
Trd, 4319948.543, 89
Trd, 4319948.793, 90
Trd, 4319950.393, 91
Trd, 4319950.543, 75
Trd, 4319950.993, 82
Trd, 4319951.993, 86
Trd, 4319952.043, 90
Trd, 4319953.643, 95
Trd, 4319955.293, 84
Trd, 4319957.943, 91
Trd, 4319958.593, 92
Trd, 4319959.343, 93
Trd, 4319964.193, 91
Trd, 4319964.293, 90
Trd, 4319964.643, 93
Trd, 4319966.193, 89
Trd, 4319966.543, 95
Trd, 4319970.643, 88
Trd, 4319970.743, 93
Trd, 4319971.693, 93
Trd, 4319973.093, 92
Trd, 4319974.143, 92
Trd, 4319974.543, 92
Trd, 4319974.593, 88
Trd, 4319976.043, 95
Trd, 4319976.993, 87
Trd, 4319978.343, 95
Trd, 4319980.693, 90
Trd, 4319982.343, 90
Trd, 4319982.393, 105
Trd, 4319983.893, 86
Trd, 4319988.593, 90
Trd, 4319988.743, 85
Trd, 4319989.793, 90
Trd, 4319989.993, 89
Trd, 4319993.643, 88
Trd, 4319993.993, 89
Trd, 4319995.543, 84
Trd, 4319996.693, 90
Trd, 4319996.893, 95
Trd, 4319997.493, 94
Trd, 4319997.543, 83
