Trd, 4317828.843, 95
Trd, 4317831.593, 95
Trd, 4317834.993, 99
Trd, 4317835.343, 99
Trd, 4317835.743, 98
Trd, 4317835.993, 98
Trd, 4317837.243, 96
Trd, 4317837.643, 96
Trd, 4317839.643, 102
Trd, 4317840.993, 98
Trd, 4317841.893, 98
Trd, 4317842.743, 98
Trd, 4317844.393, 97
Trd, 4317845.343, 97
Trd, 4317845.643, 96
Trd, 4317846.793, 97
Trd, 4317847.243, 96
Trd, 4317850.543, 95
Trd, 4317850.843, 95
Trd, 4317852.693, 96
Trd, 4317853.693, 97
Trd, 4317855.393, 97
Trd, 4317855.893, 98
Trd, 4317858.043, 99
Trd, 4317858.243, 99
Trd, 4317858.893, 98
Trd, 4317860.193, 98
Trd, 4317861.093, 98
Trd, 4317862.193, 98
Trd, 4317863.343, 98
Trd, 4317863.593, 98
Trd, 4317865.093, 98
Trd, 4317865.993, 98
Trd, 4317866.043, 97
Trd, 4317868.343, 96
Trd, 4317870.193, 96
Trd, 4317872.643, 95
Trd, 4317873.693, 95
Trd, 4317874.693, 95
Trd, 4317877.593, 96
Trd, 4317878.393, 95
Trd, 4317878.993, 95
Trd, 4317881.843, 96
Trd, 4317883.393, 95
Trd, 4317883.793, 96
Trd, 4317885.093, 94
Trd, 4317885.143, 95
Trd, 4317888.693, 95
Trd, 4317892.093, 95
Trd, 4317893.143, 95
Trd, 4317893.643, 94
Trd, 4317896.393, 95
Trd, 4317898.643, 94
Trd, 4317900.143, 95
Trd, 4317902.743, 94
Trd, 4317902.793, 95
Trd, 4317903.993, 95
Trd, 4317906.193, 93
Trd, 4317906.643, 92
Trd, 4317908.943, 95
Trd, 4317911.443, 95
Trd, 4317914.643, 95
Trd, 4317914.793, 94
Trd, 4317918.343, 93
Trd, 4317918.643, 93
Trd, 4317919.143, 94
Trd, 4317921.443, 95
Trd, 4317923.643, 94
Trd, 4317924.493, 94
Trd, 4317925.993, 95
Trd, 4317927.293, 95
Trd, 4317930.843, 93
Trd, 4317930.943, 93
Trd, 4317931.493, 93
Trd, 4317934.293, 93
Trd, 4317935.693, 95
Trd, 4317936.593, 94
Trd, 4317937.643, 94
Trd, 4317937.693, 94
Trd, 4317942.843, 97
Trd, 4317943.893, 98
Trd, 4317945.243, 99
Trd, 4317945.393, 98
Trd, 4317946.193, 99
Trd, 4317946.793, 99
Trd, 4317950.393, 101
Trd, 4317950.943, 99
Trd, 4317951.243, 97
Trd, 4317952.793, 98
Trd, 4317954.793, 98
Trd, 4317955.943, 98
Trd, 4317956.443, 97
Trd, 4317957.443, 101
Trd, 4317957.843, 101
Trd, 4317960.843, 102
Trd, 4317963.143, 101
Trd, 4317963.993, 101
Trd, 4317965.393, 100
Trd, 4317965.543, 100
Trd, 4317968.443, 100
Trd, 4317970.593, 100
Trd, 4317971.293, 100
Trd, 4317971.443, 99
Trd, 4317971.593, 99
Trd, 4317973.143, 99
Trd, 4317975.093, 103
Trd, 4317975.243, 103
Trd, 4317976.993, 102
Trd, 4317978.543, 102
Trd, 4317981.093, 102
Trd, 4317981.493, 102
Trd, 4317983.443, 102
Trd, 4317983.543, 101
Trd, 4317983.843, 102
Trd, 4317987.943, 101
Trd, 4317988.693, 100
Trd, 4317989.143, 102
Trd, 4317989.443, 102
Trd, 4317991.093, 102
Trd, 4317991.243, 101
Trd, 4317993.643, 100
Trd, 4317994.893, 101
Trd, 4317996.143, 99
Trd, 4317996.643, 100
Trd, 4317999.443, 101
Trd, 4318000.943, 102
Trd, 4318003.443, 104
Trd, 4318003.593, 105
Trd, 4318004.243, 103
Trd, 4318004.793, 103
Trd, 4318007.193, 102
Trd, 4318009.193, 101
Trd, 4318010.993, 100
Trd, 4318011.193, 101
Trd, 4318012.893, 101
Trd, 4318013.293, 101
Trd, 4318015.643, 102
Trd, 4318016.093, 102
Trd, 4318016.843, 100
Trd, 4318018.743, 99
Trd, 4318020.143, 95
Trd, 4318020.493, 95
Trd, 4318022.093, 95
Trd, 4318022.543, 95
Trd, 4318024.193, 95
Trd, 4318025.993, 96
Trd, 4318026.043, 95
Trd, 4318026.943, 95
Trd, 4318029.193, 94
Trd, 4318029.893, 95
Trd, 4318032.393, 95
Trd, 4318034.843, 95
Trd, 4318035.243, 96
Trd, 4318037.393, 95
Trd, 4318038.293, 95
Trd, 4318040.343, 94
Trd, 4318043.693, 95
Trd, 4318046.393, 95
Trd, 4318046.943, 94
Trd, 4318047.343, 95
Trd, 4318049.143, 95
Trd, 4318052.593, 94
Trd, 4318053.343, 95
Trd, 4318054.143, 94
Trd, 4318056.643, 95
Trd, 4318057.843, 95
Trd, 4318058.693, 95
Trd, 4318060.743, 96
Trd, 4318061.543, 97
Trd, 4318063.493, 96
Trd, 4318064.643, 96
Trd, 4318068.293, 90
Trd, 4318068.693, 90
Trd, 4318069.943, 90
Trd, 4318071.743, 92
Trd, 4318071.843, 91
Trd, 4318074.493, 104
Trd, 4318076.143, 108
Trd, 4318076.443, 104
Trd, 4318077.993, 105
Trd, 4318078.693, 104
Trd, 4318079.593, 104
Trd, 4318081.743, 103
Trd, 4318081.943, 104
Trd, 4318084.843, 102
Trd, 4318085.993, 102
Trd, 4318086.293, 101
Trd, 4318086.843, 101
Trd, 4318088.243, 100
Trd, 4318090.493, 100
Trd, 4318091.193, 101
Trd, 4318092.093, 101
Trd, 4318094.643, 101
Trd, 4318096.093, 101
Trd, 4318098.393, 100
Trd, 4318099.943, 99
Trd, 4318100.243, 99
Trd, 4318102.693, 99
Trd, 4318104.043, 98
Trd, 4318106.143, 97
Trd, 4318106.443, 97
Trd, 4318107.193, 98
Trd, 4318108.693, 97
Trd, 4318109.343, 96
Trd, 4318110.193, 97
Trd, 4318113.393, 101
Trd, 4318113.543, 101
Trd, 4318113.593, 100
Trd, 4318115.793, 99
Trd, 4318118.143, 102
Trd, 4318118.793, 102
Trd, 4318121.893, 103
Trd, 4318122.593, 103
Trd, 4318123.793, 102
Trd, 4318124.543, 104
Trd, 4318125.493, 104
Trd, 4318127.543, 103
Trd, 4318128.843, 102
Trd, 4318129.093, 102
Trd, 4318130.393, 101
Trd, 4318131.693, 101
Trd, 4318133.043, 101
Trd, 4318137.143, 101
Trd, 4318137.893, 100
Trd, 4318137.943, 100
Trd, 4318139.493, 100
Trd, 4318141.643, 100
Trd, 4318143.493, 99
Trd, 4318146.543, 100
Trd, 4318146.643, 99
Trd, 4318148.493, 100
Trd, 4318150.143, 99
Trd, 4318152.393, 99
Trd, 4318152.593, 100
Trd, 4318153.343, 100
Trd, 4318154.993, 100
Trd, 4318155.843, 100
Trd, 4318158.343, 98
Trd, 4318158.993, 98
Trd, 4318160.593, 97
Trd, 4318162.143, 97
Trd, 4318163.543, 97
Trd, 4318164.393, 99
Trd, 4318165.893, 95
Trd, 4318166.243, 96
Trd, 4318166.993, 97
Trd, 4318168.243, 96
Trd, 4318172.193, 95
Trd, 4318173.143, 96
Trd, 4318174.593, 95
Trd, 4318177.343, 94
Trd, 4318177.593, 94
Trd, 4318179.043, 95
Trd, 4318179.793, 94
Trd, 4318180.693, 96
Trd, 4318183.843, 95
Trd, 4318184.293, 95
Trd, 4318185.743, 95
Trd, 4318186.093, 95
Trd, 4318186.593, 94
Trd, 4318191.093, 95
Trd, 4318191.793, 95
Trd, 4318193.293, 93
Trd, 4318194.843, 94
Trd, 4318195.543, 93
Trd, 4318198.493, 92
Trd, 4318199.393, 92
Trd, 4318200.143, 93
Trd, 4318200.343, 93
Trd, 4318204.543, 92
Trd, 4318205.343, 93
Trd, 4318205.993, 93
Trd, 4318206.793, 93
Trd, 4318208.743, 93
Trd, 4318209.893, 93
Trd, 4318212.193, 93
Trd, 4318213.643, 95
Trd, 4318213.793, 94
Trd, 4318217.043, 94
Trd, 4318217.593, 93
Trd, 4318217.943, 93
Trd, 4318218.743, 94
Trd, 4318221.093, 95
Trd, 4318224.243, 94
Trd, 4318225.193, 95
Trd, 4318225.743, 95
Trd, 4318227.443, 93
Trd, 4318228.143, 94
Trd, 4318229.243, 95
Trd, 4318232.393, 99
Trd, 4318233.243, 98
Trd, 4318234.893, 98
Trd, 4318236.393, 98
Trd, 4318237.593, 95
Trd, 4318238.243, 95
Trd, 4318241.193, 95
Trd, 4318242.993, 98
Trd, 4318243.193, 96
Trd, 4318245.543, 99
Trd, 4318245.943, 100
Trd, 4318248.493, 98
Trd, 4318249.993, 98
Trd, 4318250.493, 98
Trd, 4318251.693, 99
Trd, 4318253.043, 97
Trd, 4318254.893, 98
Trd, 4318255.943, 97
Trd, 4318257.543, 97
Trd, 4318260.643, 102
Trd, 4318261.143, 103
Trd, 4318261.543, 102
Trd, 4318261.993, 101
Trd, 4318264.243, 101
Trd, 4318265.193, 101
Trd, 4318266.743, 98
Trd, 4318269.193, 96
Trd, 4318269.843, 96
Trd, 4318270.793, 96
Trd, 4318271.243, 96
Trd, 4318273.693, 95
Trd, 4318273.793, 96
Trd, 4318274.293, 95
Trd, 4318276.543, 98
Trd, 4318277.393, 97
Trd, 4318279.843, 95
Trd, 4318280.743, 94
Trd, 4318281.993, 96
Trd, 4318284.043, 97
Trd, 4318286.493, 95
Trd, 4318286.793, 95
Trd, 4318289.693, 96
Trd, 4318290.343, 97
Trd, 4318292.693, 99
Trd, 4318293.043, 99
Trd, 4318295.093, 101
Trd, 4318297.993, 102
Trd, 4318298.343, 101
Trd, 4318298.893, 101
Trd, 4318301.593, 99
Trd, 4318302.543, 97
Trd, 4318302.993, 97
Trd, 4318303.993, 98
Trd, 4318304.693, 99
Trd, 4318305.693, 98
Trd, 4318309.493, 103
Trd, 4318309.693, 101
Trd, 4318310.443, 100
Trd, 4318313.343, 100
Trd, 4318315.143, 95
Trd, 4318315.543, 96
Trd, 4318316.843, 96
Trd, 4318317.093, 96
Trd, 4318318.543, 94
Trd, 4318320.993, 93
Trd, 4318321.943, 95
Trd, 4318322.543, 95
Trd, 4318324.343, 94
Trd, 4318325.593, 95
Trd, 4318326.493, 94
Trd, 4318327.443, 94
Trd, 4318328.393, 95
Trd, 4318330.293, 100
Trd, 4318331.543, 99
Trd, 4318335.043, 102
Trd, 4318335.443, 102
Trd, 4318335.893, 101
Trd, 4318337.493, 103
Trd, 4318337.993, 101
Trd, 4318338.443, 102
Trd, 4318340.193, 105
Trd, 4318342.143, 105
Trd, 4318342.343, 105
Trd, 4318343.193, 104
Trd, 4318344.293, 104
Trd, 4318344.343, 105
Trd, 4318344.543, 105
Trd, 4318346.343, 104
Trd, 4318347.943, 106
Trd, 4318349.243, 106
Trd, 4318351.393, 105
Trd, 4318351.893, 104
Trd, 4318352.443, 104
Trd, 4318353.493, 104
Trd, 4318354.643, 104
Trd, 4318355.493, 103
Trd, 4318355.943, 103
Trd, 4318358.593, 102
Trd, 4318359.243, 102
Trd, 4318359.593, 101
Trd, 4318362.393, 100
Trd, 4318364.493, 99
Trd, 4318364.793, 98
Trd, 4318366.843, 96
Trd, 4318367.843, 97
Trd, 4318369.243, 98
Trd, 4318369.393, 97
Trd, 4318372.793, 100
Trd, 4318372.993, 100
Trd, 4318375.593, 100
Trd, 4318376.493, 99
Trd, 4318378.443, 98
Trd, 4318378.743, 98
Trd, 4318379.443, 98
Trd, 4318380.493, 98
Trd, 4318380.893, 98
Trd, 4318383.143, 98
Trd, 4318383.693, 98
Trd, 4318384.743, 97
Trd, 4318385.943, 96
Trd, 4318389.293, 96
Trd, 4318390.593, 95
Trd, 4318390.993, 96
Trd, 4318394.493, 94
Trd, 4318394.943, 95
Trd, 4318395.093, 96
Trd, 4318396.443, 95
Trd, 4318396.943, 96
Trd, 4318400.293, 96
Trd, 4318402.143, 95
Trd, 4318403.643, 95
Trd, 4318405.543, 96
Trd, 4318409.893, 95
Trd, 4318410.943, 95
Trd, 4318411.293, 96
Trd, 4318412.093, 95
Trd, 4318413.093, 94
Trd, 4318415.943, 95
Trd, 4318418.193, 95
Trd, 4318419.293, 94
Trd, 4318423.493, 95
Trd, 4318423.893, 95
Trd, 4318424.493, 94
Trd, 4318426.743, 95
Trd, 4318428.193, 95
Trd, 4318431.293, 95
Trd, 4318432.593, 94
Trd, 4318434.393, 95
Trd, 4318434.693, 95
Trd, 4318435.593, 94
Trd, 4318438.093, 95
Trd, 4318440.993, 95
Trd, 4318442.593, 94
Trd, 4318442.643, 95
Trd, 4318443.593, 95
Trd, 4318444.543, 96
Trd, 4318447.843, 95
Trd, 4318450.143, 95
Trd, 4318450.943, 95
Trd, 4318451.593, 94
Trd, 4318451.943, 95
Trd, 4318453.843, 94
Trd, 4318455.843, 95
Trd, 4318457.493, 95
Trd, 4318458.943, 94
Trd, 4318464.593, 95
Trd, 4318465.743, 94
Trd, 4318465.793, 95
Trd, 4318465.943, 95
Trd, 4318467.643, 94
Trd, 4318472.343, 95
Trd, 4318473.293, 95
Trd, 4318476.543, 94
Trd, 4318476.943, 95
Trd, 4318482.493, 95
Trd, 4318482.743, 95
Trd, 4318484.143, 95
Trd, 4318484.893, 95
Trd, 4318485.143, 94
Trd, 4318486.693, 94
Trd, 4318489.243, 94
Trd, 4318490.893, 93
Trd, 4318492.643, 93
Trd, 4318494.893, 94
Trd, 4318495.893, 94
Trd, 4318496.493, 95
Trd, 4318498.593, 94
Trd, 4318499.743, 95
Trd, 4318501.743, 97
Trd, 4318502.543, 97
Trd, 4318504.693, 98
Trd, 4318505.543, 98
Trd, 4318505.843, 99
Trd, 4318507.093, 98
Trd, 4318508.993, 97
Trd, 4318509.643, 97
Trd, 4318510.893, 98
Trd, 4318511.493, 97
Trd, 4318515.093, 98
Trd, 4318515.893, 97
Trd, 4318516.493, 96
Trd, 4318517.143, 95
Trd, 4318519.143, 96
Trd, 4318520.443, 96
Trd, 4318522.843, 96
Trd, 4318525.393, 96
Trd, 4318526.893, 94
Trd, 4318528.593, 94
Trd, 4318528.693, 95
Trd, 4318530.943, 93
Trd, 4318534.093, 92
Trd, 4318534.243, 93
Trd, 4318535.293, 93
Trd, 4318536.393, 93
Trd, 4318537.593, 94
Trd, 4318539.793, 92
Trd, 4318540.593, 92
Trd, 4318542.843, 91
Trd, 4318543.243, 92
Trd, 4318546.193, 91
Trd, 4318548.193, 92
Trd, 4318549.443, 91
Trd, 4318553.243, 92
Trd, 4318553.493, 91
Trd, 4318553.793, 92
Trd, 4318553.843, 92
Trd, 4318557.493, 92
Trd, 4318558.543, 92
Trd, 4318560.693, 91
Trd, 4318563.193, 92
Trd, 4318564.493, 91
Trd, 4318566.043, 91
Trd, 4318567.343, 91
Trd, 4318569.393, 91
Trd, 4318569.793, 90
Trd, 4318571.193, 90
Trd, 4318573.543, 90
Trd, 4318576.943, 90
Trd, 4318578.893, 90
Trd, 4318579.643, 90
Trd, 4318580.243, 91
Trd, 4318581.343, 91
Trd, 4318582.193, 91
Trd, 4318584.393, 90
Trd, 4318586.143, 90
Trd, 4318586.643, 90
Trd, 4318587.343, 91
Trd, 4318592.143, 90
Trd, 4318593.393, 90
Trd, 4318593.843, 89
Trd, 4318594.193, 90
Trd, 4318595.493, 89
Trd, 4318598.243, 98
Trd, 4318598.943, 99
Trd, 4318599.443, 98
Trd, 4318601.943, 99
Trd, 4318603.443, 99
Trd, 4318604.393, 98
Trd, 4318606.543, 101
Trd, 4318607.293, 100
Trd, 4318608.143, 99
Trd, 4318609.993, 98
Trd, 4318611.543, 97
Trd, 4318611.993, 97
Trd, 4318614.743, 95
Trd, 4318615.193, 96
Trd, 4318618.593, 95
Trd, 4318618.693, 94
Trd, 4318620.493, 94
Trd, 4318623.293, 93
Trd, 4318623.843, 94
Trd, 4318625.943, 94
Trd, 4318629.043, 94
Trd, 4318629.393, 94
Trd, 4318630.943, 95
Trd, 4318631.843, 94
Trd, 4318633.543, 94
Trd, 4318637.193, 94
Trd, 4318639.093, 94
Trd, 4318639.743, 93
Trd, 4318641.543, 92
Trd, 4318644.143, 94
Trd, 4318645.343, 93
Trd, 4318646.243, 93
Trd, 4318649.143, 93
Trd, 4318649.793, 92
Trd, 4318653.593, 93
Trd, 4318653.843, 93
Trd, 4318654.343, 93
Trd, 4318657.493, 101
Trd, 4318658.643, 103
Trd, 4318659.643, 102
Trd, 4318662.293, 101
Trd, 4318662.393, 101
Trd, 4318663.493, 100
Trd, 4318664.293, 99
Trd, 4318665.243, 98
Trd, 4318668.993, 99
Trd, 4318669.393, 98
Trd, 4318669.743, 98
Trd, 4318671.543, 96
Trd, 4318672.193, 97
Trd, 4318672.693, 96
Trd, 4318674.793, 96
Trd, 4318675.993, 95
Trd, 4318676.243, 96
Trd, 4318677.493, 96
Trd, 4318678.493, 94
Trd, 4318679.343, 94
Trd, 4318682.243, 88
Trd, 4318683.793, 86
Trd, 4318684.043, 86
Trd, 4318684.843, 86
Trd, 4318686.293, 87
Trd, 4318688.943, 87
Trd, 4318689.593, 87
Trd, 4318691.343, 86
Trd, 4318692.693, 87
Trd, 4318693.643, 87
Trd, 4318695.193, 94
Trd, 4318696.493, 88
Trd, 4318697.543, 90
Trd, 4318698.293, 90
Trd, 4318700.393, 93
Trd, 4318702.343, 102
Trd, 4318703.093, 104
Trd, 4318704.093, 102
Trd, 4318705.743, 104
Trd, 4318706.393, 105
Trd, 4318706.593, 105
Trd, 4318708.493, 104
Trd, 4318709.293, 104
Trd, 4318709.443, 103
Trd, 4318714.393, 98
Trd, 4318714.643, 98
Trd, 4318715.193, 97
Trd, 4318716.243, 97
Trd, 4318718.193, 95
Trd, 4318719.143, 99
Trd, 4318719.343, 97
Trd, 4318719.443, 97
Trd, 4318721.943, 96
Trd, 4318722.743, 96
Trd, 4318723.743, 94
Trd, 4318724.193, 94
Trd, 4318726.093, 94
Trd, 4318728.643, 105
Trd, 4318728.793, 104
Trd, 4318729.543, 103
Trd, 4318729.943, 103
Trd, 4318731.943, 102
Trd, 4318732.593, 102
Trd, 4318734.193, 100
Trd, 4318735.743, 101
Trd, 4318736.043, 102
Trd, 4318740.043, 100
Trd, 4318740.593, 100
Trd, 4318742.243, 101
Trd, 4318742.693, 100
Trd, 4318744.993, 101
Trd, 4318746.343, 99
Trd, 4318749.493, 99
Trd, 4318750.843, 98
Trd, 4318751.543, 99
Trd, 4318753.643, 97
Trd, 4318754.043, 97
Trd, 4318755.443, 95
Trd, 4318756.493, 95
Trd, 4318758.093, 95
Trd, 4318758.643, 94
Trd, 4318762.243, 95
Trd, 4318765.643, 95
Trd, 4318765.993, 94
Trd, 4318770.543, 94
Trd, 4318770.743, 95
Trd, 4318773.693, 95
Trd, 4318774.193, 94
Trd, 4318774.743, 95
Trd, 4318776.943, 95
Trd, 4318780.993, 94
Trd, 4318782.293, 95
Trd, 4318782.643, 95
Trd, 4318785.593, 95
Trd, 4318789.893, 95
Trd, 4318791.393, 95
Trd, 4318792.443, 94
Trd, 4318792.843, 95
Trd, 4318796.643, 94
Trd, 4318798.593, 95
Trd, 4318800.793, 95
Trd, 4318801.993, 94
Trd, 4318802.443, 95
Trd, 4318803.343, 95
Trd, 4318804.743, 95
Trd, 4318805.193, 95
Trd, 4318807.093, 94
Trd, 4318811.293, 95
Trd, 4318812.193, 95
Trd, 4318812.493, 94
Trd, 4318814.093, 95
Trd, 4318816.143, 94
Trd, 4318817.543, 95
Trd, 4318817.743, 94
Trd, 4318821.643, 93
Trd, 4318823.093, 94
Trd, 4318826.093, 93
Trd, 4318826.793, 93
Trd, 4318827.243, 93
Trd, 4318830.443, 93
Trd, 4318832.893, 94
Trd, 4318835.293, 92
Trd, 4318837.443, 93
Trd, 4318838.943, 93
Trd, 4318840.093, 92
Trd, 4318841.293, 93
Trd, 4318844.143, 93
Trd, 4318844.693, 93
Trd, 4318847.143, 92
Trd, 4318852.743, 93
Trd, 4318852.943, 93
Trd, 4318853.743, 92
Trd, 4318855.343, 92
Trd, 4318856.293, 93
Trd, 4318861.593, 92
Trd, 4318862.193, 93
Trd, 4318863.343, 92
Trd, 4318865.893, 95
Trd, 4318866.843, 94
Trd, 4318867.043, 95
Trd, 4318870.893, 96
Trd, 4318871.443, 98
Trd, 4318872.643, 100
Trd, 4318873.143, 100
Trd, 4318874.093, 102
Trd, 4318875.143, 101
Trd, 4318877.843, 99
Trd, 4318878.093, 99
Trd, 4318878.543, 99
Trd, 4318880.843, 103
Trd, 4318881.493, 102
Trd, 4318881.843, 101
Trd, 4318885.093, 104
Trd, 4318886.193, 105
Trd, 4318887.543, 104
Trd, 4318888.693, 104
Trd, 4318891.393, 102
Trd, 4318893.543, 104
Trd, 4318893.843, 103
Trd, 4318895.343, 102
Trd, 4318897.043, 102
Trd, 4318898.193, 102
Trd, 4318900.593, 101
Trd, 4318900.993, 101
Trd, 4318903.193, 102
Trd, 4318904.293, 100
Trd, 4318905.993, 94
Trd, 4318906.493, 95
Trd, 4318907.193, 95
Trd, 4318908.993, 95
Trd, 4318909.143, 95
Trd, 4318911.093, 98
Trd, 4318913.043, 106
Trd, 4318913.343, 105
Trd, 4318915.493, 108
Trd, 4318916.143, 108
Trd, 4318917.493, 108
Trd, 4318917.993, 104
Trd, 4318918.643, 101
Trd, 4318922.043, 100
Trd, 4318922.493, 99
Trd, 4318923.743, 100
Trd, 4318925.793, 100
Trd, 4318928.243, 100
Trd, 4318929.443, 105
Trd, 4318930.393, 104
Trd, 4318931.293, 104
Trd, 4318931.543, 103
Trd, 4318933.443, 102
Trd, 4318934.543, 101
Trd, 4318936.993, 101
Trd, 4318938.443, 102
Trd, 4318939.943, 101
Trd, 4318940.893, 100
Trd, 4318941.293, 104
Trd, 4318942.893, 104
Trd, 4318944.793, 96
Trd, 4318945.143, 96
Trd, 4318945.993, 97
Trd, 4318946.243, 97
Trd, 4318949.193, 95
Trd, 4318949.793, 95
Trd, 4318951.343, 93
Trd, 4318951.693, 94
Trd, 4318953.343, 94
Trd, 4318953.743, 94
Trd, 4318957.393, 94
Trd, 4318957.593, 93
Trd, 4318958.393, 94
Trd, 4318963.093, 94
Trd, 4318963.743, 94
Trd, 4318964.193, 93
Trd, 4318969.093, 94
Trd, 4318969.393, 94
Trd, 4318970.443, 94
Trd, 4318971.293, 94
Trd, 4318972.793, 94
Trd, 4318978.343, 93
Trd, 4318978.743, 94
Trd, 4318978.993, 94
Trd, 4318982.093, 94
Trd, 4318982.643, 92
Trd, 4318985.493, 93
Trd, 4318987.693, 92
Trd, 4318989.943, 92
Trd, 4318990.043, 92
Trd, 4318991.943, 92
Trd, 4318995.793, 92
Trd, 4318996.593, 91
Trd, 4318999.193, 91
Trd, 4319001.643, 92
Trd, 4319002.293, 92
Trd, 4319005.143, 91
Trd, 4319005.693, 92
Trd, 4319010.093, 92
Trd, 4319011.043, 91
Trd, 4319011.443, 91
Trd, 4319011.793, 90
Trd, 4319012.743, 98
Trd, 4319014.243, 97
Trd, 4319015.643, 99
Trd, 4319015.943, 99
Trd, 4319017.193, 98
Trd, 4319018.343, 101
Trd, 4319019.043, 99
Trd, 4319021.393, 100
Trd, 4319021.593, 100
Trd, 4319022.543, 104
Trd, 4319023.843, 103
Trd, 4319024.093, 104
Trd, 4319026.443, 102
Trd, 4319030.293, 102
Trd, 4319031.843, 101
Trd, 4319032.993, 99
Trd, 4319035.043, 101
Trd, 4319037.543, 101
Trd, 4319037.843, 101
Trd, 4319038.243, 101
Trd, 4319040.343, 102
Trd, 4319043.093, 101
Trd, 4319045.243, 100
Trd, 4319045.993, 100
Trd, 4319046.493, 100
Trd, 4319047.693, 100
Trd, 4319049.593, 101
Trd, 4319051.343, 99
Trd, 4319051.543, 100
Trd, 4319053.393, 100
Trd, 4319055.543, 100
Trd, 4319057.293, 95
Trd, 4319057.393, 97
Trd, 4319057.693, 96
Trd, 4319058.493, 96
Trd, 4319061.993, 96
Trd, 4319063.793, 96
Trd, 4319064.993, 96
Trd, 4319065.243, 95
Trd, 4319067.293, 95
Trd, 4319067.693, 95
Trd, 4319070.193, 94
Trd, 4319072.343, 95
Trd, 4319072.493, 95
Trd, 4319073.743, 95
Trd, 4319076.943, 95
Trd, 4319077.193, 94
Trd, 4319082.743, 95
Trd, 4319082.893, 95
Trd, 4319083.043, 95
Trd, 4319084.693, 94
Trd, 4319086.543, 95
Trd, 4319086.743, 94
Trd, 4319087.243, 95
Trd, 4319090.943, 95
Trd, 4319091.393, 95
Trd, 4319093.143, 94
Trd, 4319094.493, 95
Trd, 4319096.743, 94
Trd, 4319096.943, 93
Trd, 4319099.693, 93
Trd, 4319101.093, 93
Trd, 4319101.743, 95
Trd, 4319102.043, 94
Trd, 4319104.943, 94
Trd, 4319105.593, 93
Trd, 4319107.193, 92
Trd, 4319108.993, 92
Trd, 4319109.293, 93
Trd, 4319109.593, 93
Trd, 4319110.843, 93
Trd, 4319111.843, 93
Trd, 4319115.393, 97
Trd, 4319117.243, 97
Trd, 4319118.743, 95
Trd, 4319118.893, 95
Trd, 4319119.193, 95
Trd, 4319121.843, 104
Trd, 4319122.393, 104
Trd, 4319123.343, 99
Trd, 4319125.143, 99
Trd, 4319127.543, 97
Trd, 4319127.643, 98
Trd, 4319129.043, 97
Trd, 4319129.343, 97
Trd, 4319131.393, 97
Trd, 4319131.793, 96
Trd, 4319132.593, 97
Trd, 4319133.293, 97
Trd, 4319135.443, 95
Trd, 4319135.543, 96
Trd, 4319135.893, 96
Trd, 4319141.743, 94
Trd, 4319142.843, 95
Trd, 4319143.743, 95
Trd, 4319143.843, 95
Trd, 4319144.693, 94
Trd, 4319147.993, 104
Trd, 4319148.793, 105
Trd, 4319149.243, 103
Trd, 4319149.293, 103
Trd, 4319150.743, 101
Trd, 4319152.143, 100
Trd, 4319152.493, 101
Trd, 4319153.593, 102
Trd, 4319155.143, 100
Trd, 4319158.643, 101
Trd, 4319160.943, 101
Trd, 4319161.393, 100
Trd, 4319162.243, 100
Trd, 4319162.293, 99
Trd, 4319163.693, 98
Trd, 4319164.243, 98
Trd, 4319165.343, 98
Trd, 4319167.643, 97
Trd, 4319168.943, 98
Trd, 4319171.193, 97
Trd, 4319171.543, 96
Trd, 4319175.643, 97
Trd, 4319175.743, 97
Trd, 4319178.543, 96
Trd, 4319178.643, 97
Trd, 4319179.543, 97
Trd, 4319182.093, 96
Trd, 4319182.943, 96
Trd, 4319183.043, 96
Trd, 4319184.743, 95
Trd, 4319185.693, 96
Trd, 4319185.943, 96
Trd, 4319188.343, 96
Trd, 4319190.393, 96
Trd, 4319191.643, 95
Trd, 4319192.893, 95
Trd, 4319196.093, 94
Trd, 4319198.943, 95
Trd, 4319199.493, 95
Trd, 4319202.093, 96
Trd, 4319203.543, 96
Trd, 4319203.743, 95
Trd, 4319207.593, 96
Trd, 4319208.343, 96
Trd, 4319209.093, 94
Trd, 4319211.493, 95
Trd, 4319213.943, 95
Trd, 4319215.143, 94
Trd, 4319218.843, 94
Trd, 4319219.643, 95
Trd, 4319220.443, 95
Trd, 4319222.193, 95
Trd, 4319223.243, 95
Trd, 4319225.643, 94
Trd, 4319227.443, 95
Trd, 4319228.543, 94
Trd, 4319229.043, 94
Trd, 4319229.843, 92
Trd, 4319232.093, 92
Trd, 4319233.093, 93
Trd, 4319233.293, 93
Trd, 4319234.593, 93
Trd, 4319234.943, 93
Trd, 4319238.043, 93
Trd, 4319238.643, 95
Trd, 4319238.693, 93
Trd, 4319240.793, 92
Trd, 4319242.543, 93
Trd, 4319243.143, 93
Trd, 4319243.893, 93
Trd, 4319246.743, 92
Trd, 4319247.093, 93
Trd, 4319251.243, 93
Trd, 4319252.243, 94
Trd, 4319253.193, 93
Trd, 4319254.593, 92
Trd, 4319260.743, 93
Trd, 4319261.343, 93
Trd, 4319262.043, 92
Trd, 4319263.543, 92
Trd, 4319264.193, 93
Trd, 4319264.693, 93
Trd, 4319268.193, 92
Trd, 4319269.293, 93
Trd, 4319270.793, 93
Trd, 4319273.843, 93
Trd, 4319273.943, 94
Trd, 4319276.093, 94
Trd, 4319277.343, 94
Trd, 4319279.143, 95
Trd, 4319280.843, 94
Trd, 4319281.193, 94
Trd, 4319284.593, 94
Trd, 4319284.793, 93
Trd, 4319288.693, 93
Trd, 4319291.543, 94
Trd, 4319292.343, 94
Trd, 4319293.443, 92
Trd, 4319298.543, 92
Trd, 4319302.443, 93
Trd, 4319303.543, 93
Trd, 4319305.393, 99
Trd, 4319306.093, 98
Trd, 4319307.843, 98
Trd, 4319308.043, 98
Trd, 4319309.843, 98
Trd, 4319310.643, 99
Trd, 4319311.393, 101
Trd, 4319312.643, 97
Trd, 4319314.143, 98
Trd, 4319316.893, 96
Trd, 4319317.743, 97
Trd, 4319318.843, 98
Trd, 4319319.393, 99
Trd, 4319320.743, 100
Trd, 4319322.593, 103
Trd, 4319323.893, 102
Trd, 4319324.243, 101
Trd, 4319324.893, 100
Trd, 4319325.793, 100
Trd, 4319326.743, 101
Trd, 4319327.943, 99
Trd, 4319331.443, 100
Trd, 4319332.093, 99
Trd, 4319333.943, 101
Trd, 4319334.743, 99
Trd, 4319336.593, 99
Trd, 4319339.243, 98
Trd, 4319340.443, 99
Trd, 4319340.643, 99
Trd, 4319340.693, 98
Trd, 4319342.693, 97
Trd, 4319345.943, 97
Trd, 4319346.593, 98
Trd, 4319346.893, 98
Trd, 4319348.593, 97
Trd, 4319350.093, 97
Trd, 4319353.143, 97
Trd, 4319354.443, 95
Trd, 4319354.593, 95
Trd, 4319356.943, 94
Trd, 4319357.943, 92
Trd, 4319359.443, 92
Trd, 4319361.643, 88
Trd, 4319363.243, 87
Trd, 4319363.343, 87
Trd, 4319363.743, 87
Trd, 4319364.593, 87
Trd, 4319366.443, 92
Trd, 4319366.693, 89
Trd, 4319370.943, 95
Trd, 4319371.493, 95
Trd, 4319373.243, 94
Trd, 4319373.593, 93
Trd, 4319377.293, 100
Trd, 4319377.793, 99
Trd, 4319377.893, 98
Trd, 4319382.343, 100
Trd, 4319383.743, 99
Trd, 4319384.293, 99
Trd, 4319385.793, 102
Trd, 4319386.443, 99
Trd, 4319386.493, 100
Trd, 4319388.893, 100
Trd, 4319391.343, 99
Trd, 4319392.693, 98
Trd, 4319393.943, 97
Trd, 4319395.243, 97
Trd, 4319396.893, 97
Trd, 4319396.993, 96
Trd, 4319398.493, 96
Trd, 4319399.643, 95
Trd, 4319402.043, 96
Trd, 4319403.643, 95
Trd, 4319405.543, 94
Trd, 4319405.593, 95
Trd, 4319406.443, 95
Trd, 4319407.643, 94
Trd, 4319408.343, 95
Trd, 4319411.193, 95
Trd, 4319413.043, 94
Trd, 4319415.393, 94
Trd, 4319415.993, 93
Trd, 4319420.693, 94
Trd, 4319421.243, 94
Trd, 4319421.743, 94
Trd, 4319425.043, 93
Trd, 4319427.693, 92
Trd, 4319427.993, 93
Trd, 4319429.343, 92
Trd, 4319429.993, 93
Trd, 4319430.293, 92
Trd, 4319433.093, 92
Trd, 4319434.543, 92
Trd, 4319438.043, 91
Trd, 4319438.143, 92
Trd, 4319438.193, 92
Trd, 4319442.693, 92
Trd, 4319444.643, 92
Trd, 4319445.993, 92
Trd, 4319448.843, 93
Trd, 4319451.393, 92
Trd, 4319451.893, 92
Trd, 4319451.943, 93
Trd, 4319454.793, 92
Trd, 4319456.343, 92
Trd, 4319458.143, 91
Trd, 4319458.493, 92
Trd, 4319459.193, 91
Trd, 4319463.743, 91
Trd, 4319463.893, 92
Trd, 4319464.043, 92
Trd, 4319467.643, 92
Trd, 4319468.693, 91
Trd, 4319470.043, 92
Trd, 4319470.743, 92
Trd, 4319473.993, 91
Trd, 4319474.743, 92
Trd, 4319476.043, 91
Trd, 4319477.043, 92
Trd, 4319480.943, 94
Trd, 4319482.293, 94
Trd, 4319483.543, 93
Trd, 4319484.593, 92
Trd, 4319485.643, 93
Trd, 4319486.443, 92
Trd, 4319487.043, 92
Trd, 4319488.343, 93
Trd, 4319489.893, 93
Trd, 4319492.993, 96
Trd, 4319493.943, 97
Trd, 4319494.893, 96
Trd, 4319497.793, 97
Trd, 4319497.843, 96
Trd, 4319498.493, 97
Trd, 4319499.493, 96
Trd, 4319500.943, 96
Trd, 4319501.343, 97
Trd, 4319504.893, 96
Trd, 4319506.693, 95
Trd, 4319509.593, 96
Trd, 4319510.993, 95
Trd, 4319513.243, 95
Trd, 4319516.143, 95
Trd, 4319516.643, 94
Trd, 4319516.743, 94
Trd, 4319517.843, 95
Trd, 4319517.893, 94
Trd, 4319521.543, 95
Trd, 4319522.243, 95
Trd, 4319523.843, 95
Trd, 4319525.593, 94
Trd, 4319527.343, 95
Trd, 4319527.593, 95
Trd, 4319528.743, 94
Trd, 4319529.293, 94
Trd, 4319532.593, 94
Trd, 4319534.793, 94
Trd, 4319537.893, 93
Trd, 4319539.243, 92
Trd, 4319540.093, 93
Trd, 4319540.693, 92
Trd, 4319541.043, 92
Trd, 4319542.843, 94
Trd, 4319543.343, 94
Trd, 4319544.543, 94
Trd, 4319548.193, 99
Trd, 4319548.593, 96
Trd, 4319549.093, 96
Trd, 4319550.193, 98
Trd, 4319554.143, 104
Trd, 4319554.293, 103
Trd, 4319557.093, 105
Trd, 4319557.193, 104
Trd, 4319558.943, 95
Trd, 4319559.593, 94
Trd, 4319560.343, 95
Trd, 4319562.443, 89
Trd, 4319563.443, 88
Trd, 4319564.193, 88
Trd, 4319565.093, 91
Trd, 4319566.743, 91
Trd, 4319568.643, 91
Trd, 4319569.043, 91
Trd, 4319569.493, 90
Trd, 4319574.193, 91
Trd, 4319575.193, 90
Trd, 4319576.843, 91
Trd, 4319577.893, 91
Trd, 4319581.943, 96
Trd, 4319582.393, 98
Trd, 4319582.943, 98
Trd, 4319584.093, 99
Trd, 4319585.043, 97
Trd, 4319587.843, 97
Trd, 4319588.643, 96
Trd, 4319591.393, 98
Trd, 4319592.293, 97
Trd, 4319592.793, 96
Trd, 4319594.243, 94
Trd, 4319596.143, 95
Trd, 4319596.893, 95
Trd, 4319596.993, 94
Trd, 4319599.043, 95
Trd, 4319601.093, 95
Trd, 4319601.693, 94
Trd, 4319604.693, 93
Trd, 4319605.343, 93
Trd, 4319605.643, 94
Trd, 4319607.293, 95
Trd, 4319608.643, 94
Trd, 4319610.793, 94
Trd, 4319611.593, 94
Trd, 4319613.843, 93
Trd, 4319616.493, 94
Trd, 4319617.443, 94
Trd, 4319618.443, 93
Trd, 4319619.293, 94
Trd, 4319623.343, 93
Trd, 4319625.043, 94
Trd, 4319625.093, 93
Trd, 4319626.043, 94
Trd, 4319631.293, 93
Trd, 4319633.293, 94
Trd, 4319637.593, 93
Trd, 4319638.093, 92
Trd, 4319638.693, 93
Trd, 4319643.293, 92
Trd, 4319643.443, 93
Trd, 4319643.493, 92
Trd, 4319646.443, 92
Trd, 4319648.293, 92
Trd, 4319650.493, 91
Trd, 4319651.143, 92
Trd, 4319651.443, 92
Trd, 4319652.793, 92
Trd, 4319658.293, 92
Trd, 4319658.493, 91
Trd, 4319660.343, 92
Trd, 4319661.493, 92
Trd, 4319662.043, 92
Trd, 4319662.593, 92
Trd, 4319664.893, 92
Trd, 4319665.493, 92
Trd, 4319669.493, 91
Trd, 4319669.743, 92
Trd, 4319671.043, 92
Trd, 4319674.693, 90
Trd, 4319676.293, 89
Trd, 4319676.443, 89
Trd, 4319677.143, 88
Trd, 4319677.493, 88
Trd, 4319679.093, 88
Trd, 4319681.443, 96
Trd, 4319682.593, 95
Trd, 4319684.443, 95
Trd, 4319686.843, 99
Trd, 4319686.893, 98
Trd, 4319687.593, 95
Trd, 4319689.743, 97
Trd, 4319691.093, 95
Trd, 4319691.693, 96
Trd, 4319693.193, 97
Trd, 4319693.743, 96
Trd, 4319696.243, 97
Trd, 4319698.043, 96
Trd, 4319698.143, 97
Trd, 4319699.893, 95
Trd, 4319700.743, 95
Trd, 4319703.543, 95
Trd, 4319705.593, 94
Trd, 4319706.293, 93
Trd, 4319707.393, 92
Trd, 4319708.243, 95
Trd, 4319708.393, 94
Trd, 4319709.743, 95
Trd, 4319711.343, 95
Trd, 4319712.143, 96
Trd, 4319712.443, 96
Trd, 4319713.043, 96
Trd, 4319717.043, 102
Trd, 4319719.493, 95
Trd, 4319719.593, 95
Trd, 4319720.443, 95
Trd, 4319720.693, 95
Trd, 4319722.643, 94
Trd, 4319723.793, 95
Trd, 4319726.843, 95
Trd, 4319727.293, 94
Trd, 4319727.543, 95
Trd, 4319729.093, 95
Trd, 4319731.793, 94
Trd, 4319734.893, 95
Trd, 4319735.493, 95
Trd, 4319736.443, 96
Trd, 4319738.093, 97
Trd, 4319738.693, 97
Trd, 4319739.993, 98
Trd, 4319740.693, 97
Trd, 4319743.893, 99
Trd, 4319744.293, 97
Trd, 4319744.543, 97
Trd, 4319747.593, 97
Trd, 4319747.643, 97
Trd, 4319750.693, 97
Trd, 4319750.843, 97
Trd, 4319753.993, 97
Trd, 4319754.293, 96
Trd, 4319755.293, 95
Trd, 4319755.393, 95
Trd, 4319758.193, 96
Trd, 4319759.793, 95
Trd, 4319762.043, 95
Trd, 4319764.243, 95
Trd, 4319764.993, 95
Trd, 4319766.493, 94
Trd, 4319768.493, 95
Trd, 4319768.993, 94
Trd, 4319769.143, 95
Trd, 4319770.193, 95
Trd, 4319772.193, 95
Trd, 4319773.493, 94
Trd, 4319777.643, 95
Trd, 4319778.593, 94
Trd, 4319779.943, 95
Trd, 4319781.543, 95
Trd, 4319781.793, 94
Trd, 4319784.543, 94
Trd, 4319785.343, 94
Trd, 4319786.043, 100
Trd, 4319787.443, 102
Trd, 4319789.543, 103
Trd, 4319789.693, 103
Trd, 4319790.543, 102
Trd, 4319791.693, 101
Trd, 4319793.143, 99
Trd, 4319795.893, 100
Trd, 4319796.193, 101
Trd, 4319799.143, 100
Trd, 4319799.243, 99
Trd, 4319801.493, 98
Trd, 4319803.393, 98
Trd, 4319803.993, 98
Trd, 4319804.543, 98
Trd, 4319806.293, 97
Trd, 4319806.543, 96
Trd, 4319809.543, 94
Trd, 4319810.243, 94
Trd, 4319811.793, 95
Trd, 4319812.143, 95
Trd, 4319815.143, 95
Trd, 4319816.493, 95
Trd, 4319818.043, 94
Trd, 4319818.093, 95
Trd, 4319820.743, 94
Trd, 4319822.643, 95
Trd, 4319823.093, 95
Trd, 4319824.243, 93
Trd, 4319825.643, 94
Trd, 4319827.843, 94
Trd, 4319827.993, 94
Trd, 4319830.743, 94
Trd, 4319833.143, 95
Trd, 4319834.343, 94
Trd, 4319835.193, 94
Trd, 4319836.493, 95
Trd, 4319842.393, 94
Trd, 4319842.943, 93
Trd, 4319843.243, 94
Trd, 4319843.543, 94
Trd, 4319846.493, 94
Trd, 4319848.093, 95
Trd, 4319848.143, 95
Trd, 4319849.543, 94
Trd, 4319850.543, 95
Trd, 4319854.593, 94
Trd, 4319854.743, 95
Trd, 4319858.293, 94
Trd, 4319861.393, 93
Trd, 4319862.693, 94
Trd, 4319863.343, 94
Trd, 4319864.743, 96
Trd, 4319864.943, 95
Trd, 4319867.093, 95
Trd, 4319867.443, 96
Trd, 4319869.193, 96
Trd, 4319870.843, 95
Trd, 4319872.243, 94
Trd, 4319873.793, 95
Trd, 4319876.643, 95
Trd, 4319877.193, 94
Trd, 4319879.293, 95
Trd, 4319881.393, 95
Trd, 4319883.543, 94
Trd, 4319883.643, 95
Trd, 4319887.693, 95
Trd, 4319889.543, 94
Trd, 4319893.593, 95
Trd, 4319896.743, 95
Trd, 4319898.193, 95
Trd, 4319899.193, 95
Trd, 4319899.593, 94
Trd, 4319901.443, 95
Trd, 4319901.943, 94
Trd, 4319906.243, 95
Trd, 4319907.543, 94
Trd, 4319908.043, 93
Trd, 4319908.643, 92
Trd, 4319909.193, 95
Trd, 4319909.293, 95
Trd, 4319911.743, 97
Trd, 4319913.993, 95
Trd, 4319914.243, 94
Trd, 4319915.793, 94
Trd, 4319916.943, 95
Trd, 4319917.493, 94
Trd, 4319920.543, 93
Trd, 4319921.793, 94
Trd, 4319923.693, 94
Trd, 4319925.343, 94
Trd, 4319925.943, 94
Trd, 4319926.943, 94
Trd, 4319927.743, 94
Trd, 4319928.343, 95
Trd, 4319930.643, 101
Trd, 4319932.743, 99
Trd, 4319933.543, 99
Trd, 4319935.343, 99
Trd, 4319935.743, 98
Trd, 4319936.043, 97
Trd, 4319938.193, 100
Trd, 4319938.893, 100
Trd, 4319939.993, 99
Trd, 4319942.443, 99
Trd, 4319944.443, 99
Trd, 4319946.743, 101
Trd, 4319947.443, 101
Trd, 4319948.143, 100
Trd, 4319949.693, 100
Trd, 4319950.393, 100
Trd, 4319951.143, 99
Trd, 4319953.293, 100
Trd, 4319954.443, 101
Trd, 4319955.343, 101
Trd, 4319957.093, 102
Trd, 4319958.593, 104
Trd, 4319959.093, 102
Trd, 4319959.793, 102
Trd, 4319961.693, 101
Trd, 4319965.093, 101
Trd, 4319966.493, 102
Trd, 4319967.193, 101
Trd, 4319969.043, 100
Trd, 4319969.293, 100
Trd, 4319971.543, 100
Trd, 4319973.493, 99
Trd, 4319975.393, 96
Trd, 4319976.093, 98
Trd, 4319977.493, 97
Trd, 4319980.493, 98
Trd, 4319983.393, 97
Trd, 4319983.993, 98
Trd, 4319985.843, 97
Trd, 4319989.593, 96
Trd, 4319990.343, 96
Trd, 4319991.593, 96
Trd, 4319992.643, 95
Trd, 4319992.843, 95
Trd, 4319993.193, 96
Trd, 4319993.793, 96
Trd, 4319995.743, 96
Trd, 4319996.893, 96
Trd, 4319999.143, 95
