Trd, 4317828.343, 109
Trd, 4317831.343, 102
Trd, 4317833.243, 108
Trd, 4317833.543, 107
Trd, 4317837.443, 103
Trd, 4317838.743, 103
Trd, 4317839.343, 107
Trd, 4317840.693, 107
Trd, 4317842.293, 102
Trd, 4317842.893, 107
Trd, 4317844.893, 101
Trd, 4317847.393, 107
Trd, 4317847.743, 111
Trd, 4317852.643, 106
Trd, 4317855.143, 102
Trd, 4317855.793, 105
Trd, 4317857.543, 105
Trd, 4317859.193, 105
Trd, 4317859.293, 101
Trd, 4317863.093, 100
Trd, 4317863.843, 103
Trd, 4317865.743, 103
Trd, 4317866.293, 100
Trd, 4317867.193, 116
Trd, 4317867.343, 113
Trd, 4317867.693, 94
Trd, 4317869.393, 100
Trd, 4317872.293, 102
Trd, 4317872.493, 100
Trd, 4317874.343, 101
Trd, 4317877.843, 106
Trd, 4317877.893, 106
Trd, 4317878.643, 119
Trd, 4317883.493, 104
Trd, 4317883.643, 107
Trd, 4317886.293, 104
Trd, 4317887.143, 107
Trd, 4317888.093, 102
Trd, 4317889.893, 107
Trd, 4317891.693, 107
Trd, 4317893.093, 102
Trd, 4317893.693, 107
Trd, 4317894.943, 85
Trd, 4317897.543, 109
Trd, 4317897.793, 131
Trd, 4317898.843, 101
Trd, 4317902.393, 111
Trd, 4317902.693, 105
Trd, 4317904.743, 102
Trd, 4317905.343, 111
Trd, 4317907.043, 94
Trd, 4317909.243, 111
Trd, 4317914.093, 103
Trd, 4317915.593, 103
Trd, 4317916.243, 107
Trd, 4317916.593, 101
Trd, 4317916.943, 103
Trd, 4317918.093, 113
Trd, 4317920.593, 106
Trd, 4317922.593, 103
Trd, 4317923.343, 103
Trd, 4317924.543, 105
Trd, 4317925.943, 104
Trd, 4317926.943, 103
Trd, 4317928.443, 105
Trd, 4317929.943, 104
Trd, 4317931.893, 104
Trd, 4317932.093, 103
Trd, 4317933.693, 101
Trd, 4317934.693, 116
Trd, 4317934.843, 105
Trd, 4317935.393, 93
Trd, 4317940.443, 106
Trd, 4317941.093, 101
Trd, 4317942.793, 124
Trd, 4317944.143, 109
Trd, 4317944.343, 104
Trd, 4317944.443, 101
Trd, 4317945.243, 109
Trd, 4317947.393, 131
Trd, 4317947.543, 114
Trd, 4317951.193, 109
Trd, 4317956.043, 109
Trd, 4317956.243, 114
Trd, 4317957.243, 116
Trd, 4317958.393, 111
Trd, 4317958.843, 109
Trd, 4317963.693, 113
Trd, 4317965.093, 103
Trd, 4317970.243, 105
Trd, 4317970.943, 103
Trd, 4317971.293, 93
Trd, 4317971.993, 113
Trd, 4317972.443, 113
Trd, 4317973.693, 113
Trd, 4317975.843, 100
Trd, 4317977.193, 113
Trd, 4317977.693, 113
Trd, 4317982.993, 113
Trd, 4317984.643, 104
Trd, 4317984.843, 92
Trd, 4317987.643, 113
Trd, 4317988.293, 104
Trd, 4317988.743, 111
Trd, 4317989.993, 103
Trd, 4317994.843, 113
Trd, 4317997.343, 103
Trd, 4317997.393, 108
Trd, 4317997.643, 90
Trd, 4317999.543, 108
Trd, 4317999.693, 116
Trd, 4318001.743, 102
Trd, 4318003.293, 110
Trd, 4318003.993, 106
Trd, 4318004.843, 103
Trd, 4318006.043, 110
Trd, 4318006.743, 118
Trd, 4318007.643, 103
Trd, 4318010.493, 108
Trd, 4318012.893, 111
Trd, 4318012.993, 104
Trd, 4318015.693, 103
Trd, 4318016.793, 111
Trd, 4318017.643, 110
Trd, 4318018.493, 109
Trd, 4318019.543, 115
Trd, 4318022.493, 104
Trd, 4318023.543, 103
Trd, 4318026.143, 111
Trd, 4318026.243, 115
Trd, 4318027.793, 102
Trd, 4318029.843, 112
Trd, 4318029.893, 101
Trd, 4318030.393, 120
Trd, 4318033.593, 100
Trd, 4318037.193, 106
Trd, 4318037.943, 101
Trd, 4318039.743, 106
Trd, 4318040.693, 100
Trd, 4318041.093, 100
Trd, 4318042.993, 101
Trd, 4318043.093, 106
Trd, 4318045.893, 106
Trd, 4318046.443, 100
Trd, 4318049.643, 106
Trd, 4318050.493, 106
Trd, 4318050.893, 99
Trd, 4318052.243, 98
Trd, 4318056.243, 106
Trd, 4318056.343, 102
Trd, 4318056.993, 106
Trd, 4318057.043, 94
Trd, 4318060.993, 106
Trd, 4318061.243, 102
Trd, 4318062.993, 103
Trd, 4318063.743, 102
Trd, 4318064.493, 105
Trd, 4318066.243, 94
Trd, 4318066.343, 106
Trd, 4318069.493, 101
Trd, 4318069.593, 91
Trd, 4318071.343, 131
Trd, 4318073.143, 114
Trd, 4318074.193, 111
Trd, 4318076.193, 105
Trd, 4318076.993, 111
Trd, 4318079.393, 103
Trd, 4318081.293, 111
Trd, 4318082.543, 102
Trd, 4318082.793, 85
Trd, 4318085.093, 116
Trd, 4318085.993, 112
Trd, 4318086.893, 111
Trd, 4318089.093, 113
Trd, 4318090.293, 103
Trd, 4318090.443, 88
Trd, 4318091.293, 111
Trd, 4318092.793, 111
Trd, 4318094.543, 104
Trd, 4318096.893, 108
Trd, 4318098.043, 115
Trd, 4318099.693, 108
Trd, 4318100.893, 112
Trd, 4318101.293, 108
Trd, 4318102.543, 103
Trd, 4318103.693, 111
Trd, 4318104.643, 111
Trd, 4318108.293, 109
Trd, 4318108.443, 111
Trd, 4318109.143, 116
Trd, 4318109.793, 103
Trd, 4318111.143, 113
Trd, 4318112.743, 112
Trd, 4318113.643, 112
Trd, 4318115.793, 110
Trd, 4318117.643, 102
Trd, 4318119.593, 108
Trd, 4318120.093, 110
Trd, 4318120.643, 102
Trd, 4318121.543, 93
Trd, 4318123.743, 105
Trd, 4318124.843, 106
Trd, 4318125.143, 100
Trd, 4318128.093, 106
Trd, 4318128.693, 101
Trd, 4318129.643, 106
Trd, 4318130.343, 109
Trd, 4318133.443, 108
Trd, 4318134.793, 106
Trd, 4318135.293, 103
Trd, 4318138.743, 102
Trd, 4318140.143, 102
Trd, 4318141.343, 116
Trd, 4318141.893, 105
Trd, 4318141.993, 97
Trd, 4318142.293, 93
Trd, 4318144.893, 100
Trd, 4318148.593, 102
Trd, 4318149.193, 100
Trd, 4318149.293, 101
Trd, 4318149.643, 99
Trd, 4318152.643, 102
Trd, 4318153.543, 102
Trd, 4318153.843, 101
Trd, 4318154.693, 102
Trd, 4318154.793, 110
Trd, 4318155.243, 85
Trd, 4318156.693, 103
Trd, 4318157.893, 89
Trd, 4318159.443, 102
Trd, 4318160.493, 98
Trd, 4318163.793, 108
Trd, 4318165.693, 111
Trd, 4318165.843, 109
Trd, 4318165.893, 98
Trd, 4318170.043, 105
Trd, 4318171.293, 105
Trd, 4318172.343, 105
Trd, 4318172.793, 102
Trd, 4318175.343, 111
Trd, 4318177.293, 110
Trd, 4318178.293, 93
Trd, 4318179.693, 122
Trd, 4318180.593, 116
Trd, 4318180.843, 115
Trd, 4318182.743, 112
Trd, 4318183.643, 102
Trd, 4318185.493, 111
Trd, 4318188.243, 108
Trd, 4318188.943, 112
Trd, 4318192.543, 115
Trd, 4318193.043, 117
Trd, 4318193.693, 113
Trd, 4318193.843, 111
Trd, 4318197.143, 110
Trd, 4318197.743, 110
Trd, 4318203.443, 103
Trd, 4318204.093, 112
Trd, 4318206.843, 108
Trd, 4318206.993, 112
Trd, 4318209.093, 111
Trd, 4318210.693, 107
Trd, 4318211.893, 112
Trd, 4318214.493, 112
Trd, 4318215.343, 109
Trd, 4318215.943, 103
Trd, 4318216.693, 112
Trd, 4318219.393, 112
Trd, 4318220.493, 107
Trd, 4318221.693, 106
Trd, 4318223.793, 105
Trd, 4318226.643, 112
Trd, 4318226.743, 116
Trd, 4318227.693, 103
Trd, 4318229.793, 113
Trd, 4318230.443, 114
Trd, 4318231.993, 109
Trd, 4318234.893, 112
Trd, 4318235.443, 114
Trd, 4318235.943, 103
Trd, 4318237.093, 114
Trd, 4318238.243, 107
Trd, 4318242.443, 98
Trd, 4318244.243, 108
Trd, 4318246.943, 103
Trd, 4318247.743, 108
Trd, 4318248.743, 102
Trd, 4318250.993, 107
Trd, 4318251.543, 106
Trd, 4318253.243, 108
Trd, 4318254.293, 105
Trd, 4318255.593, 111
Trd, 4318256.693, 109
Trd, 4318258.393, 116
Trd, 4318258.993, 110
Trd, 4318261.243, 112
Trd, 4318263.193, 109
Trd, 4318264.293, 103
Trd, 4318264.843, 107
Trd, 4318265.393, 107
Trd, 4318266.193, 93
Trd, 4318267.293, 91
Trd, 4318269.493, 107
Trd, 4318270.143, 103
Trd, 4318270.893, 106
Trd, 4318274.743, 106
Trd, 4318275.543, 102
Trd, 4318277.093, 107
Trd, 4318277.593, 111
Trd, 4318278.843, 105
Trd, 4318279.793, 107
Trd, 4318279.843, 103
Trd, 4318281.393, 107
Trd, 4318282.893, 91
Trd, 4318285.593, 106
Trd, 4318289.093, 104
Trd, 4318289.293, 103
Trd, 4318292.843, 105
Trd, 4318292.893, 105
Trd, 4318294.393, 105
Trd, 4318295.793, 102
Trd, 4318298.543, 121
Trd, 4318299.693, 114
Trd, 4318300.493, 108
Trd, 4318302.143, 110
Trd, 4318302.493, 114
Trd, 4318302.593, 102
Trd, 4318304.343, 91
Trd, 4318305.843, 121
Trd, 4318308.743, 111
Trd, 4318310.293, 106
Trd, 4318314.243, 103
Trd, 4318314.293, 111
Trd, 4318317.943, 105
Trd, 4318318.393, 111
Trd, 4318320.543, 107
Trd, 4318320.843, 103
Trd, 4318323.043, 105
Trd, 4318325.243, 104
Trd, 4318325.843, 114
Trd, 4318331.493, 102
Trd, 4318331.643, 107
Trd, 4318331.743, 107
Trd, 4318333.093, 93
Trd, 4318337.693, 104
Trd, 4318338.643, 100
Trd, 4318339.343, 104
Trd, 4318340.493, 99
Trd, 4318343.493, 98
Trd, 4318344.093, 104
Trd, 4318345.743, 103
Trd, 4318346.143, 94
Trd, 4318347.993, 96
Trd, 4318348.043, 103
Trd, 4318349.643, 102
Trd, 4318350.943, 102
Trd, 4318352.793, 110
Trd, 4318355.193, 110
Trd, 4318355.693, 103
Trd, 4318357.243, 121
Trd, 4318358.293, 115
Trd, 4318359.893, 108
Trd, 4318359.943, 103
Trd, 4318365.993, 113
Trd, 4318366.043, 112
Trd, 4318366.793, 115
Trd, 4318368.643, 103
Trd, 4318372.793, 114
Trd, 4318372.843, 109
Trd, 4318374.243, 110
Trd, 4318376.343, 103
Trd, 4318378.043, 106
Trd, 4318378.293, 110
Trd, 4318381.343, 109
Trd, 4318381.543, 110
Trd, 4318382.793, 108
Trd, 4318383.443, 103
Trd, 4318384.493, 114
Trd, 4318387.243, 111
Trd, 4318387.643, 115
Trd, 4318388.543, 108
Trd, 4318393.693, 107
Trd, 4318393.793, 112
Trd, 4318393.943, 112
Trd, 4318394.443, 106
Trd, 4318396.493, 103
Trd, 4318398.443, 118
Trd, 4318400.043, 104
Trd, 4318400.943, 110
Trd, 4318402.193, 109
Trd, 4318402.543, 97
Trd, 4318403.693, 86
Trd, 4318405.393, 96
Trd, 4318407.543, 95
Trd, 4318408.443, 93
Trd, 4318408.543, 95
Trd, 4318409.793, 95
Trd, 4318409.893, 90
Trd, 4318411.593, 95
Trd, 4318413.443, 92
Trd, 4318413.643, 94
Trd, 4318414.193, 91
Trd, 4318417.543, 98
Trd, 4318418.043, 95
Trd, 4318418.943, 90
Trd, 4318419.443, 95
Trd, 4318420.843, 95
Trd, 4318424.193, 94
Trd, 4318425.593, 94
Trd, 4318426.093, 95
Trd, 4318426.493, 95
Trd, 4318428.543, 108
Trd, 4318430.243, 113
Trd, 4318431.493, 109
Trd, 4318433.693, 103
Trd, 4318435.693, 105
Trd, 4318438.643, 93
Trd, 4318438.893, 122
Trd, 4318439.193, 109
Trd, 4318442.643, 106
Trd, 4318444.543, 103
Trd, 4318446.793, 106
Trd, 4318448.843, 106
Trd, 4318448.893, 91
Trd, 4318450.093, 103
Trd, 4318452.293, 105
Trd, 4318452.843, 107
Trd, 4318452.943, 103
Trd, 4318457.343, 102
Trd, 4318457.443, 103
Trd, 4318457.793, 120
Trd, 4318459.643, 102
Trd, 4318461.693, 106
Trd, 4318462.593, 102
Trd, 4318464.343, 103
Trd, 4318464.893, 121
Trd, 4318465.643, 107
Trd, 4318466.743, 122
Trd, 4318470.043, 102
Trd, 4318472.943, 94
Trd, 4318474.593, 108
Trd, 4318477.193, 108
Trd, 4318477.543, 108
Trd, 4318477.693, 103
Trd, 4318478.843, 115
Trd, 4318480.443, 104
Trd, 4318483.593, 110
Trd, 4318484.743, 121
Trd, 4318485.143, 113
Trd, 4318488.593, 109
Trd, 4318490.893, 111
Trd, 4318491.743, 103
Trd, 4318492.093, 123
Trd, 4318492.593, 107
Trd, 4318495.093, 112
Trd, 4318497.143, 103
Trd, 4318497.893, 93
Trd, 4318498.843, 106
Trd, 4318500.093, 91
Trd, 4318500.293, 122
Trd, 4318505.593, 107
Trd, 4318507.243, 109
Trd, 4318508.593, 103
Trd, 4318509.443, 109
Trd, 4318511.543, 108
Trd, 4318512.793, 122
Trd, 4318515.843, 110
Trd, 4318517.543, 88
Trd, 4318518.493, 101
Trd, 4318520.743, 113
Trd, 4318521.343, 115
Trd, 4318521.793, 103
Trd, 4318522.893, 92
Trd, 4318526.293, 107
Trd, 4318527.443, 100
Trd, 4318529.243, 106
Trd, 4318529.393, 111
Trd, 4318530.043, 102
Trd, 4318531.443, 116
Trd, 4318532.143, 120
Trd, 4318533.893, 113
Trd, 4318536.093, 108
Trd, 4318537.043, 103
Trd, 4318540.043, 104
Trd, 4318541.843, 105
Trd, 4318542.443, 105
Trd, 4318543.243, 91
Trd, 4318544.643, 101
Trd, 4318545.143, 85
Trd, 4318547.043, 106
Trd, 4318548.043, 94
Trd, 4318548.493, 86
Trd, 4318549.043, 97
Trd, 4318550.593, 103
Trd, 4318553.493, 119
Trd, 4318555.243, 115
Trd, 4318555.493, 114
Trd, 4318558.043, 106
Trd, 4318558.143, 111
Trd, 4318559.393, 108
Trd, 4318559.543, 122
Trd, 4318562.643, 102
Trd, 4318563.993, 108
Trd, 4318564.693, 101
Trd, 4318565.093, 108
Trd, 4318567.343, 113
Trd, 4318570.293, 116
Trd, 4318571.143, 129
Trd, 4318572.243, 115
Trd, 4318572.393, 102
Trd, 4318573.743, 94
Trd, 4318575.793, 114
Trd, 4318576.743, 97
Trd, 4318578.493, 113
Trd, 4318580.543, 113
Trd, 4318581.343, 105
Trd, 4318584.193, 103
Trd, 4318585.893, 113
Trd, 4318586.793, 104
Trd, 4318589.443, 113
Trd, 4318593.493, 111
Trd, 4318593.893, 117
Trd, 4318597.043, 109
Trd, 4318597.143, 103
Trd, 4318597.793, 111
Trd, 4318601.943, 109
Trd, 4318602.793, 113
Trd, 4318603.743, 113
Trd, 4318605.293, 112
Trd, 4318605.593, 116
Trd, 4318606.393, 117
Trd, 4318609.893, 114
Trd, 4318612.593, 115
Trd, 4318612.993, 113
Trd, 4318614.143, 115
Trd, 4318614.393, 117
Trd, 4318616.443, 111
Trd, 4318620.293, 112
Trd, 4318621.143, 116
Trd, 4318621.643, 115
Trd, 4318623.793, 122
Trd, 4318624.843, 116
Trd, 4318626.243, 116
Trd, 4318628.143, 110
Trd, 4318630.643, 109
Trd, 4318630.943, 103
Trd, 4318632.493, 116
Trd, 4318635.243, 103
Trd, 4318637.243, 116
Trd, 4318643.843, 107
Trd, 4318644.343, 110
Trd, 4318645.593, 110
Trd, 4318646.743, 92
Trd, 4318646.893, 105
Trd, 4318649.243, 107
Trd, 4318650.293, 120
Trd, 4318652.293, 110
Trd, 4318653.243, 102
Trd, 4318654.293, 101
Trd, 4318655.443, 105
Trd, 4318655.893, 99
Trd, 4318656.893, 100
Trd, 4318657.393, 105
Trd, 4318660.293, 107
Trd, 4318661.843, 122
Trd, 4318663.193, 113
Trd, 4318664.243, 113
Trd, 4318666.193, 114
Trd, 4318666.693, 103
Trd, 4318667.143, 112
Trd, 4318671.793, 112
Trd, 4318672.093, 108
Trd, 4318672.993, 106
Trd, 4318676.943, 107
Trd, 4318677.693, 108
Trd, 4318678.343, 106
Trd, 4318682.343, 103
Trd, 4318685.593, 106
Trd, 4318687.343, 105
Trd, 4318688.693, 111
Trd, 4318689.043, 110
Trd, 4318689.193, 90
Trd, 4318690.193, 108
Trd, 4318692.843, 100
Trd, 4318695.293, 104
Trd, 4318698.793, 104
Trd, 4318699.493, 101
Trd, 4318699.643, 115
Trd, 4318701.843, 107
Trd, 4318702.243, 116
Trd, 4318704.893, 107
Trd, 4318705.443, 103
Trd, 4318708.193, 108
Trd, 4318708.343, 104
Trd, 4318708.843, 107
Trd, 4318709.893, 103
Trd, 4318714.643, 108
Trd, 4318716.143, 103
Trd, 4318719.143, 108
Trd, 4318720.043, 118
Trd, 4318720.993, 104
Trd, 4318722.243, 109
Trd, 4318723.843, 108
Trd, 4318726.943, 109
Trd, 4318730.743, 109
Trd, 4318732.193, 107
Trd, 4318733.393, 109
Trd, 4318733.943, 109
Trd, 4318736.093, 110
Trd, 4318737.193, 106
Trd, 4318738.043, 110
Trd, 4318738.093, 114
Trd, 4318740.993, 103
Trd, 4318742.993, 101
Trd, 4318743.043, 113
Trd, 4318746.393, 102
Trd, 4318746.493, 108
Trd, 4318748.793, 100
Trd, 4318754.143, 107
Trd, 4318754.393, 104
Trd, 4318755.293, 101
Trd, 4318757.393, 100
Trd, 4318761.443, 107
Trd, 4318763.493, 111
Trd, 4318764.693, 107
Trd, 4318765.543, 107
Trd, 4318765.743, 102
Trd, 4318766.043, 106
Trd, 4318766.843, 93
Trd, 4318768.293, 120
Trd, 4318768.643, 103
Trd, 4318771.843, 101
Trd, 4318772.643, 100
Trd, 4318773.093, 106
Trd, 4318775.243, 106
Trd, 4318775.293, 101
Trd, 4318775.893, 97
Trd, 4318777.543, 104
Trd, 4318779.043, 108
Trd, 4318779.593, 100
Trd, 4318780.593, 111
Trd, 4318782.043, 107
Trd, 4318783.293, 107
Trd, 4318783.743, 103
Trd, 4318786.093, 112
Trd, 4318788.143, 122
Trd, 4318788.693, 111
Trd, 4318792.043, 111
Trd, 4318792.743, 111
Trd, 4318794.693, 117
Trd, 4318795.593, 113
Trd, 4318795.943, 123
Trd, 4318796.793, 103
Trd, 4318797.943, 103
Trd, 4318801.993, 109
Trd, 4318802.793, 107
Trd, 4318804.443, 103
Trd, 4318805.343, 110
Trd, 4318806.343, 103
Trd, 4318807.893, 109
Trd, 4318811.843, 103
Trd, 4318812.393, 109
Trd, 4318813.943, 102
Trd, 4318815.943, 109
Trd, 4318816.243, 96
Trd, 4318817.993, 104
Trd, 4318818.743, 110
Trd, 4318819.343, 101
Trd, 4318819.743, 100
Trd, 4318825.343, 100
Trd, 4318826.793, 99
Trd, 4318827.643, 105
Trd, 4318827.743, 110
Trd, 4318828.643, 107
Trd, 4318830.893, 107
Trd, 4318831.093, 111
Trd, 4318833.593, 108
Trd, 4318834.393, 123
Trd, 4318835.643, 99
Trd, 4318837.043, 110
Trd, 4318837.543, 99
Trd, 4318840.343, 99
Trd, 4318840.743, 105
Trd, 4318841.043, 116
Trd, 4318842.693, 99
Trd, 4318844.043, 107
Trd, 4318845.143, 103
Trd, 4318846.893, 108
Trd, 4318849.893, 107
Trd, 4318853.593, 107
Trd, 4318853.643, 107
Trd, 4318853.993, 115
Trd, 4318856.493, 103
Trd, 4318856.843, 104
Trd, 4318857.043, 107
Trd, 4318860.593, 107
Trd, 4318862.393, 92
Trd, 4318862.493, 89
Trd, 4318865.543, 110
Trd, 4318865.743, 105
Trd, 4318867.943, 111
Trd, 4318868.143, 102
Trd, 4318871.443, 107
Trd, 4318871.893, 111
Trd, 4318874.093, 121
Trd, 4318874.493, 109
Trd, 4318875.143, 103
Trd, 4318877.343, 107
Trd, 4318878.743, 109
Trd, 4318878.843, 103
Trd, 4318880.643, 95
Trd, 4318881.593, 103
Trd, 4318881.993, 103
Trd, 4318883.193, 103
Trd, 4318885.193, 101
Trd, 4318886.393, 99
Trd, 4318887.093, 103
Trd, 4318890.793, 103
Trd, 4318891.243, 122
Trd, 4318893.743, 107
Trd, 4318893.893, 101
Trd, 4318895.793, 107
Trd, 4318895.893, 100
Trd, 4318896.643, 99
Trd, 4318897.293, 107
Trd, 4318899.343, 105
Trd, 4318900.043, 107
Trd, 4318903.393, 101
Trd, 4318904.843, 102
Trd, 4318906.093, 106
Trd, 4318906.193, 106
Trd, 4318906.493, 93
Trd, 4318907.393, 114
Trd, 4318908.443, 105
Trd, 4318909.893, 116
Trd, 4318911.193, 110
Trd, 4318913.043, 110
Trd, 4318914.943, 111
Trd, 4318916.943, 122
Trd, 4318917.293, 84
Trd, 4318920.443, 111
Trd, 4318922.793, 107
Trd, 4318925.593, 103
Trd, 4318927.643, 103
Trd, 4318928.443, 102
Trd, 4318930.143, 110
Trd, 4318931.793, 110
Trd, 4318933.193, 104
Trd, 4318933.493, 110
Trd, 4318936.793, 108
Trd, 4318938.143, 104
Trd, 4318938.593, 108
Trd, 4318942.593, 111
Trd, 4318943.743, 106
Trd, 4318946.893, 110
Trd, 4318946.993, 113
Trd, 4318947.693, 103
Trd, 4318949.193, 110
Trd, 4318949.643, 106
Trd, 4318953.843, 109
Trd, 4318954.343, 122
Trd, 4318956.193, 107
Trd, 4318956.343, 94
Trd, 4318958.093, 108
Trd, 4318958.143, 102
Trd, 4318958.943, 112
Trd, 4318959.643, 116
Trd, 4318960.593, 101
Trd, 4318962.443, 111
Trd, 4318964.043, 110
Trd, 4318965.243, 116
Trd, 4318966.693, 122
Trd, 4318967.593, 115
Trd, 4318968.343, 111
Trd, 4318970.293, 102
Trd, 4318973.393, 115
Trd, 4318975.893, 103
Trd, 4318977.543, 115
Trd, 4318978.293, 107
Trd, 4318980.543, 106
Trd, 4318980.893, 115
Trd, 4318982.893, 105
Trd, 4318984.743, 103
Trd, 4318984.843, 98
Trd, 4318987.593, 108
Trd, 4318990.793, 105
Trd, 4318992.443, 107
Trd, 4318994.693, 107
Trd, 4318996.093, 107
Trd, 4318996.143, 103
Trd, 4318997.193, 107
Trd, 4318999.443, 115
Trd, 4319000.493, 112
Trd, 4319001.493, 117
Trd, 4319003.743, 106
Trd, 4319003.843, 102
Trd, 4319005.443, 112
Trd, 4319008.343, 112
Trd, 4319008.943, 112
Trd, 4319011.843, 112
Trd, 4319015.093, 112
Trd, 4319016.043, 111
Trd, 4319016.493, 112
Trd, 4319018.793, 116
Trd, 4319020.193, 112
Trd, 4319022.793, 110
Trd, 4319027.643, 111
Trd, 4319028.643, 110
Trd, 4319028.893, 111
Trd, 4319032.593, 110
Trd, 4319032.643, 109
Trd, 4319034.443, 103
Trd, 4319034.493, 110
Trd, 4319037.893, 93
Trd, 4319038.393, 104
Trd, 4319039.293, 85
Trd, 4319039.993, 87
Trd, 4319041.293, 97
Trd, 4319043.943, 97
Trd, 4319045.393, 98
Trd, 4319046.793, 97
Trd, 4319046.843, 95
Trd, 4319047.893, 98
Trd, 4319048.993, 104
Trd, 4319050.693, 98
Trd, 4319052.193, 96
Trd, 4319053.593, 94
Trd, 4319054.693, 98
Trd, 4319055.693, 93
Trd, 4319056.293, 98
Trd, 4319056.743, 110
Trd, 4319060.093, 100
Trd, 4319061.593, 104
Trd, 4319061.643, 100
Trd, 4319063.643, 100
Trd, 4319066.543, 94
Trd, 4319066.693, 100
Trd, 4319067.443, 99
Trd, 4319069.143, 95
Trd, 4319070.243, 99
Trd, 4319071.993, 96
Trd, 4319073.193, 96
Trd, 4319073.493, 107
Trd, 4319073.593, 110
Trd, 4319074.443, 118
Trd, 4319076.243, 105
Trd, 4319077.093, 92
Trd, 4319077.493, 112
Trd, 4319080.443, 105
Trd, 4319082.493, 103
Trd, 4319082.893, 111
Trd, 4319083.243, 116
Trd, 4319085.243, 110
Trd, 4319087.443, 98
Trd, 4319087.693, 102
Trd, 4319088.793, 101
Trd, 4319089.893, 109
Trd, 4319091.443, 103
Trd, 4319092.143, 122
Trd, 4319093.393, 90
Trd, 4319096.743, 102
Trd, 4319096.843, 103
Trd, 4319097.943, 103
Trd, 4319100.993, 114
Trd, 4319101.243, 94
Trd, 4319101.993, 122
Trd, 4319102.893, 110
Trd, 4319103.743, 102
Trd, 4319104.793, 103
Trd, 4319105.793, 111
Trd, 4319107.093, 108
Trd, 4319108.243, 110
Trd, 4319110.743, 110
Trd, 4319112.193, 108
Trd, 4319112.343, 110
Trd, 4319112.593, 102
Trd, 4319114.943, 110
Trd, 4319116.193, 103
Trd, 4319116.293, 103
Trd, 4319118.543, 102
Trd, 4319119.193, 104
Trd, 4319119.293, 102
Trd, 4319120.493, 85
Trd, 4319122.793, 98
Trd, 4319123.693, 104
Trd, 4319124.293, 106
Trd, 4319125.793, 96
Trd, 4319125.993, 118
Trd, 4319127.143, 94
Trd, 4319130.793, 98
Trd, 4319130.943, 107
Trd, 4319134.293, 97
Trd, 4319134.693, 97
Trd, 4319135.543, 107
Trd, 4319137.993, 105
Trd, 4319138.093, 105
Trd, 4319141.943, 105
Trd, 4319142.743, 122
Trd, 4319143.043, 103
Trd, 4319143.743, 108
Trd, 4319144.743, 102
Trd, 4319148.493, 106
Trd, 4319150.243, 106
Trd, 4319150.543, 105
Trd, 4319152.293, 104
Trd, 4319153.443, 112
Trd, 4319157.293, 108
Trd, 4319159.593, 105
Trd, 4319159.693, 103
Trd, 4319160.193, 108
Trd, 4319161.543, 94
Trd, 4319162.293, 107
Trd, 4319163.993, 101
Trd, 4319167.693, 115
Trd, 4319171.343, 103
Trd, 4319171.393, 108
Trd, 4319173.493, 103
Trd, 4319174.543, 108
Trd, 4319177.043, 108
Trd, 4319178.293, 102
Trd, 4319179.193, 108
Trd, 4319180.393, 111
Trd, 4319181.493, 112
Trd, 4319181.893, 122
Trd, 4319182.643, 109
Trd, 4319184.043, 113
Trd, 4319185.543, 103
Trd, 4319187.493, 110
Trd, 4319188.843, 93
Trd, 4319189.643, 111
Trd, 4319192.393, 102
Trd, 4319193.343, 110
Trd, 4319195.793, 110
Trd, 4319199.443, 110
Trd, 4319200.543, 108
Trd, 4319203.343, 109
Trd, 4319204.393, 102
Trd, 4319205.593, 104
Trd, 4319205.943, 109
Trd, 4319205.993, 113
Trd, 4319206.143, 93
Trd, 4319208.493, 85
Trd, 4319210.593, 106
Trd, 4319212.343, 107
Trd, 4319213.993, 106
Trd, 4319214.093, 109
Trd, 4319214.593, 102
Trd, 4319217.393, 107
Trd, 4319219.793, 101
Trd, 4319220.043, 107
Trd, 4319220.143, 107
Trd, 4319225.293, 103
Trd, 4319225.843, 107
Trd, 4319225.993, 102
Trd, 4319227.693, 116
Trd, 4319227.743, 111
Trd, 4319228.993, 106
Trd, 4319229.793, 110
Trd, 4319231.093, 94
Trd, 4319233.793, 110
Trd, 4319239.493, 102
Trd, 4319241.093, 102
Trd, 4319243.343, 101
Trd, 4319243.743, 107
Trd, 4319244.343, 107
Trd, 4319247.193, 107
Trd, 4319248.443, 104
Trd, 4319251.343, 100
Trd, 4319252.193, 103
Trd, 4319257.893, 102
Trd, 4319259.093, 103
Trd, 4319259.243, 103
Trd, 4319261.743, 113
Trd, 4319262.293, 106
Trd, 4319263.443, 117
Trd, 4319264.293, 121
Trd, 4319266.093, 121
Trd, 4319269.893, 112
Trd, 4319270.393, 102
Trd, 4319273.793, 105
Trd, 4319279.093, 109
Trd, 4319279.143, 107
Trd, 4319279.693, 108
Trd, 4319280.443, 108
Trd, 4319280.943, 116
Trd, 4319282.543, 107
Trd, 4319283.793, 107
Trd, 4319286.043, 109
Trd, 4319287.893, 103
Trd, 4319290.443, 104
Trd, 4319290.993, 102
Trd, 4319292.743, 98
Trd, 4319295.643, 104
Trd, 4319297.893, 104
Trd, 4319299.543, 101
Trd, 4319300.243, 93
Trd, 4319300.793, 102
Trd, 4319301.793, 100
Trd, 4319303.943, 97
Trd, 4319304.043, 99
Trd, 4319305.843, 99
Trd, 4319307.393, 112
Trd, 4319308.393, 111
Trd, 4319308.943, 103
Trd, 4319314.093, 118
Trd, 4319315.093, 113
Trd, 4319315.943, 115
Trd, 4319316.643, 110
Trd, 4319321.093, 111
Trd, 4319321.993, 103
Trd, 4319322.343, 110
Trd, 4319324.593, 109
Trd, 4319324.793, 111
Trd, 4319327.743, 109
Trd, 4319328.493, 111
Trd, 4319329.843, 103
Trd, 4319330.843, 111
Trd, 4319331.343, 111
Trd, 4319334.493, 106
Trd, 4319335.843, 111
Trd, 4319337.993, 108
Trd, 4319338.593, 103
Trd, 4319338.643, 92
Trd, 4319340.343, 111
Trd, 4319342.093, 111
Trd, 4319342.693, 96
Trd, 4319343.093, 122
Trd, 4319345.843, 104
Trd, 4319346.843, 91
Trd, 4319347.693, 105
Trd, 4319349.943, 101
Trd, 4319350.393, 105
Trd, 4319351.643, 102
Trd, 4319351.843, 102
Trd, 4319355.493, 101
Trd, 4319356.493, 94
Trd, 4319357.643, 103
Trd, 4319358.843, 114
Trd, 4319358.993, 104
Trd, 4319362.143, 100
Trd, 4319362.593, 99
Trd, 4319365.493, 104
Trd, 4319368.343, 102
Trd, 4319369.193, 113
Trd, 4319369.843, 116
Trd, 4319369.893, 93
Trd, 4319371.593, 90
Trd, 4319372.743, 107
Trd, 4319375.343, 107
Trd, 4319377.093, 102
Trd, 4319377.843, 106
Trd, 4319381.243, 104
Trd, 4319381.393, 101
Trd, 4319382.543, 104
Trd, 4319385.943, 104
Trd, 4319387.793, 104
Trd, 4319388.243, 116
Trd, 4319389.843, 103
Trd, 4319391.143, 107
Trd, 4319393.143, 116
Trd, 4319395.093, 103
Trd, 4319398.743, 108
Trd, 4319399.393, 110
Trd, 4319400.443, 122
Trd, 4319400.893, 103
Trd, 4319404.843, 108
Trd, 4319409.193, 108
Trd, 4319409.593, 103
Trd, 4319410.493, 108
Trd, 4319410.643, 105
Trd, 4319412.293, 94
Trd, 4319413.343, 108
Trd, 4319416.143, 108
Trd, 4319416.393, 103
Trd, 4319416.543, 112
Trd, 4319417.743, 96
Trd, 4319419.393, 102
Trd, 4319420.793, 101
Trd, 4319421.193, 106
Trd, 4319421.443, 118
Trd, 4319421.893, 109
Trd, 4319422.193, 108
Trd, 4319425.043, 109
Trd, 4319426.693, 105
Trd, 4319428.593, 106
Trd, 4319428.893, 103
Trd, 4319429.643, 95
Trd, 4319434.093, 103
Trd, 4319434.843, 113
Trd, 4319435.643, 104
Trd, 4319435.743, 103
Trd, 4319436.993, 95
Trd, 4319437.643, 112
Trd, 4319438.593, 110
Trd, 4319440.643, 108
Trd, 4319442.843, 119
Trd, 4319443.543, 102
Trd, 4319443.893, 93
Trd, 4319445.343, 122
Trd, 4319447.193, 108
Trd, 4319447.943, 131
Trd, 4319449.793, 115
Trd, 4319451.443, 103
Trd, 4319452.693, 107
Trd, 4319456.593, 109
Trd, 4319456.643, 107
Trd, 4319458.093, 109
Trd, 4319459.043, 106
Trd, 4319459.243, 109
Trd, 4319461.493, 119
Trd, 4319463.943, 107
Trd, 4319464.693, 104
Trd, 4319466.543, 109
Trd, 4319468.593, 109
Trd, 4319470.743, 106
Trd, 4319472.693, 103
Trd, 4319474.893, 116
Trd, 4319475.793, 109
Trd, 4319478.093, 106
Trd, 4319478.443, 108
Trd, 4319479.143, 102
Trd, 4319482.393, 108
Trd, 4319482.493, 93
Trd, 4319483.343, 118
Trd, 4319485.343, 97
Trd, 4319485.543, 94
Trd, 4319486.093, 110
Trd, 4319487.593, 97
Trd, 4319489.143, 100
Trd, 4319491.043, 96
Trd, 4319492.043, 100
Trd, 4319494.043, 120
Trd, 4319494.743, 91
Trd, 4319495.393, 102
Trd, 4319498.143, 103
Trd, 4319499.043, 111
Trd, 4319499.593, 118
Trd, 4319499.793, 122
Trd, 4319500.093, 112
Trd, 4319503.943, 119
Trd, 4319504.443, 114
Trd, 4319505.193, 113
Trd, 4319506.093, 103
Trd, 4319506.443, 89
Trd, 4319508.393, 110
Trd, 4319509.343, 109
Trd, 4319511.643, 109
Trd, 4319513.543, 89
Trd, 4319513.643, 106
Trd, 4319518.293, 131
Trd, 4319518.493, 119
Trd, 4319519.443, 114
Trd, 4319520.643, 87
Trd, 4319523.043, 108
Trd, 4319524.443, 108
Trd, 4319525.693, 107
Trd, 4319526.593, 108
Trd, 4319529.043, 108
Trd, 4319529.393, 106
Trd, 4319529.793, 103
Trd, 4319530.743, 112
Trd, 4319532.543, 102
Trd, 4319533.293, 108
Trd, 4319534.443, 93
Trd, 4319536.293, 115
Trd, 4319537.193, 124
Trd, 4319537.893, 114
Trd, 4319538.893, 112
Trd, 4319539.493, 116
Trd, 4319541.943, 103
Trd, 4319545.493, 108
Trd, 4319547.743, 113
Trd, 4319551.093, 103
Trd, 4319551.643, 109
Trd, 4319555.393, 109
Trd, 4319555.593, 106
Trd, 4319555.743, 109
Trd, 4319557.193, 103
Trd, 4319560.093, 96
Trd, 4319562.093, 101
Trd, 4319562.543, 104
Trd, 4319562.893, 104
Trd, 4319565.043, 102
Trd, 4319568.593, 104
Trd, 4319568.943, 103
Trd, 4319569.093, 104
Trd, 4319569.743, 103
Trd, 4319571.693, 92
Trd, 4319572.643, 124
Trd, 4319575.643, 111
Trd, 4319577.493, 108
Trd, 4319578.293, 106
Trd, 4319578.343, 108
Trd, 4319579.143, 102
Trd, 4319580.043, 104
Trd, 4319581.443, 90
Trd, 4319582.693, 111
Trd, 4319584.743, 109
Trd, 4319585.593, 104
Trd, 4319590.293, 109
Trd, 4319591.443, 103
Trd, 4319592.193, 89
Trd, 4319594.243, 106
Trd, 4319598.343, 109
Trd, 4319600.493, 104
Trd, 4319600.593, 108
Trd, 4319600.643, 102
Trd, 4319604.143, 101
Trd, 4319604.493, 108
Trd, 4319605.243, 116
Trd, 4319605.643, 111
Trd, 4319607.893, 108
Trd, 4319610.093, 124
Trd, 4319611.293, 108
Trd, 4319612.093, 103
Trd, 4319614.143, 105
Trd, 4319616.293, 104
Trd, 4319617.793, 110
Trd, 4319619.443, 103
Trd, 4319620.043, 121
Trd, 4319621.243, 122
Trd, 4319621.343, 110
Trd, 4319622.493, 103
Trd, 4319627.893, 110
Trd, 4319628.143, 112
Trd, 4319628.393, 112
Trd, 4319631.643, 122
Trd, 4319632.093, 114
Trd, 4319632.893, 113
Trd, 4319635.093, 103
Trd, 4319637.543, 112
Trd, 4319637.993, 108
Trd, 4319642.943, 111
Trd, 4319643.593, 111
Trd, 4319644.593, 106
Trd, 4319646.493, 113
Trd, 4319647.643, 114
Trd, 4319648.593, 103
Trd, 4319650.093, 108
Trd, 4319650.493, 102
Trd, 4319656.943, 112
Trd, 4319658.893, 112
Trd, 4319660.843, 98
Trd, 4319661.443, 100
Trd, 4319661.593, 94
Trd, 4319662.043, 110
Trd, 4319666.693, 103
Trd, 4319670.493, 109
Trd, 4319671.643, 109
Trd, 4319676.193, 115
Trd, 4319676.293, 108
Trd, 4319677.393, 111
Trd, 4319677.993, 103
Trd, 4319679.443, 116
Trd, 4319679.993, 103
Trd, 4319681.993, 89
Trd, 4319682.843, 105
Trd, 4319683.943, 101
Trd, 4319685.943, 105
Trd, 4319687.493, 99
Trd, 4319688.493, 103
Trd, 4319688.943, 110
Trd, 4319689.843, 101
Trd, 4319691.493, 100
Trd, 4319692.393, 122
Trd, 4319694.493, 104
Trd, 4319695.343, 100
Trd, 4319701.443, 102
Trd, 4319702.743, 104
Trd, 4319703.393, 101
Trd, 4319704.093, 103
Trd, 4319706.993, 103
Trd, 4319707.293, 103
Trd, 4319709.193, 100
Trd, 4319710.043, 103
Trd, 4319710.143, 99
Trd, 4319710.893, 103
Trd, 4319713.693, 103
Trd, 4319714.493, 99
Trd, 4319715.643, 120
Trd, 4319718.193, 109
Trd, 4319719.793, 106
Trd, 4319720.243, 106
Trd, 4319720.993, 103
Trd, 4319722.343, 98
Trd, 4319723.293, 99
Trd, 4319726.043, 99
Trd, 4319727.443, 115
Trd, 4319727.993, 94
Trd, 4319728.693, 103
Trd, 4319729.693, 120
Trd, 4319731.643, 105
Trd, 4319731.793, 107
Trd, 4319734.943, 109
Trd, 4319735.543, 123
Trd, 4319737.393, 117
Trd, 4319740.893, 108
Trd, 4319742.193, 106
Trd, 4319742.943, 103
Trd, 4319744.293, 92
Trd, 4319744.993, 106
Trd, 4319746.593, 106
Trd, 4319748.743, 106
Trd, 4319749.843, 102
Trd, 4319750.443, 106
Trd, 4319751.893, 105
Trd, 4319752.493, 102
Trd, 4319754.243, 106
Trd, 4319757.293, 101
Trd, 4319757.993, 100
Trd, 4319759.693, 106
Trd, 4319760.743, 103
Trd, 4319761.193, 106
Trd, 4319762.543, 121
Trd, 4319762.793, 123
Trd, 4319763.343, 114
Trd, 4319765.593, 110
Trd, 4319766.393, 108
Trd, 4319768.093, 118
Trd, 4319768.443, 122
Trd, 4319772.143, 108
Trd, 4319773.593, 103
Trd, 4319774.993, 103
Trd, 4319776.693, 106
Trd, 4319777.693, 106
Trd, 4319781.193, 103
Trd, 4319782.543, 91
Trd, 4319783.243, 103
Trd, 4319784.343, 113
Trd, 4319787.193, 103
Trd, 4319789.443, 105
Trd, 4319790.593, 102
Trd, 4319791.393, 122
Trd, 4319792.943, 93
Trd, 4319793.593, 107
Trd, 4319797.093, 103
Trd, 4319797.193, 103
Trd, 4319797.793, 99
Trd, 4319800.193, 101
Trd, 4319803.293, 103
Trd, 4319803.593, 100
Trd, 4319803.693, 103
Trd, 4319804.543, 94
Trd, 4319805.243, 97
Trd, 4319808.193, 98
Trd, 4319812.093, 99
Trd, 4319812.343, 99
Trd, 4319813.093, 99
Trd, 4319813.243, 114
Trd, 4319814.543, 104
Trd, 4319815.543, 103
Trd, 4319816.293, 94
Trd, 4319817.993, 119
Trd, 4319818.193, 102
Trd, 4319818.643, 108
Trd, 4319821.143, 103
Trd, 4319822.293, 105
Trd, 4319824.393, 104
Trd, 4319824.843, 121
Trd, 4319829.243, 102
Trd, 4319830.693, 105
Trd, 4319832.293, 107
Trd, 4319832.943, 106
Trd, 4319833.043, 99
Trd, 4319833.543, 111
Trd, 4319835.443, 106
Trd, 4319835.493, 102
Trd, 4319838.343, 100
Trd, 4319840.693, 100
Trd, 4319841.893, 106
Trd, 4319843.293, 111
Trd, 4319843.493, 99
Trd, 4319847.243, 107
Trd, 4319847.493, 104
Trd, 4319850.443, 107
Trd, 4319850.543, 103
Trd, 4319852.543, 107
Trd, 4319853.643, 107
Trd, 4319854.893, 107
Trd, 4319857.793, 110
Trd, 4319859.393, 108
Trd, 4319860.143, 103
Trd, 4319863.193, 108
Trd, 4319864.243, 92
Trd, 4319864.293, 122
Trd, 4319866.243, 110
Trd, 4319868.493, 101
Trd, 4319871.543, 108
Trd, 4319872.643, 106
Trd, 4319874.393, 95
Trd, 4319874.543, 104
Trd, 4319874.943, 103
Trd, 4319876.843, 94
Trd, 4319878.293, 95
Trd, 4319880.643, 117
Trd, 4319880.793, 99
Trd, 4319882.693, 107
Trd, 4319883.843, 106
Trd, 4319884.243, 96
Trd, 4319884.493, 101
Trd, 4319886.043, 104
Trd, 4319887.093, 102
Trd, 4319887.993, 95
Trd, 4319890.643, 94
Trd, 4319891.093, 98
Trd, 4319892.893, 113
Trd, 4319894.143, 100
Trd, 4319895.493, 100
Trd, 4319896.643, 107
Trd, 4319896.893, 99
Trd, 4319901.193, 103
Trd, 4319901.443, 110
Trd, 4319904.343, 105
Trd, 4319904.743, 101
Trd, 4319904.843, 110
Trd, 4319905.543, 106
Trd, 4319906.493, 100
Trd, 4319912.093, 100
Trd, 4319912.743, 106
Trd, 4319913.043, 111
Trd, 4319915.393, 106
Trd, 4319915.643, 106
Trd, 4319916.093, 100
Trd, 4319916.843, 123
Trd, 4319917.393, 114
Trd, 4319919.093, 105
Trd, 4319920.743, 111
Trd, 4319921.643, 103
Trd, 4319922.843, 112
Trd, 4319924.443, 114
Trd, 4319926.893, 109
Trd, 4319927.593, 112
Trd, 4319929.143, 108
Trd, 4319929.293, 103
Trd, 4319931.093, 112
Trd, 4319931.293, 103
Trd, 4319933.843, 110
Trd, 4319934.043, 112
Trd, 4319936.443, 85
Trd, 4319936.693, 112
Trd, 4319938.443, 105
Trd, 4319940.343, 102
Trd, 4319940.693, 99
Trd, 4319945.143, 104
Trd, 4319945.643, 105
Trd, 4319947.843, 105
Trd, 4319948.693, 101
Trd, 4319949.593, 105
Trd, 4319952.293, 103
Trd, 4319952.993, 105
Trd, 4319954.693, 105
Trd, 4319954.843, 101
Trd, 4319959.393, 101
Trd, 4319961.393, 100
Trd, 4319961.493, 105
Trd, 4319962.843, 111
Trd, 4319965.193, 107
Trd, 4319966.493, 107
Trd, 4319967.793, 103
Trd, 4319968.593, 100
Trd, 4319969.343, 107
Trd, 4319969.643, 116
Trd, 4319972.843, 100
Trd, 4319974.543, 107
Trd, 4319975.193, 100
Trd, 4319975.243, 99
Trd, 4319975.793, 107
Trd, 4319978.493, 112
Trd, 4319979.543, 109
Trd, 4319980.943, 120
Trd, 4319981.993, 111
Trd, 4319982.143, 103
Trd, 4319983.593, 123
Trd, 4319984.193, 102
Trd, 4319986.043, 113
Trd, 4319987.743, 113
Trd, 4319988.943, 113
Trd, 4319989.793, 107
Trd, 4319989.893, 103
Trd, 4319993.443, 102
Trd, 4319995.293, 93
Trd, 4319995.993, 108
Trd, 4319996.743, 91
