Trd, 4317871.843, 92
Trd, 4317872.893, 95
Trd, 4317873.693, 95
Trd, 4317874.643, 94
Trd, 4317876.843, 95
Trd, 4317877.493, 105
Trd, 4317878.493, 96
Trd, 4317878.993, 112
Trd, 4317881.493, 101
Trd, 4317883.643, 101
Trd, 4317884.643, 98
Trd, 4317885.893, 99
Trd, 4317889.493, 100
Trd, 4317890.843, 98
Trd, 4317892.343, 98
Trd, 4317892.493, 97
Trd, 4317892.793, 100
Trd, 4317893.793, 105
Trd, 4317896.493, 94
Trd, 4317898.243, 98
Trd, 4317900.493, 98
Trd, 4317901.243, 99
Trd, 4317901.393, 106
Trd, 4317901.593, 97
Trd, 4317902.193, 112
Trd, 4317904.443, 104
Trd, 4317904.643, 105
Trd, 4317905.493, 103
Trd, 4317909.593, 104
Trd, 4317909.793, 103
Trd, 4317910.893, 101
Trd, 4317911.443, 101
Trd, 4317911.893, 104
Trd, 4317912.243, 104
Trd, 4317912.943, 94
Trd, 4317914.543, 97
Trd, 4317915.593, 94
Trd, 4317916.393, 94
Trd, 4317917.493, 94
Trd, 4317918.993, 95
Trd, 4317919.543, 86
Trd, 4317920.293, 104
Trd, 4317922.193, 91
Trd, 4317923.743, 91
Trd, 4317923.793, 91
Trd, 4317926.243, 93
Trd, 4317927.293, 95
Trd, 4317927.343, 105
Trd, 4317930.243, 93
Trd, 4317932.243, 97
Trd, 4317932.993, 97
Trd, 4317933.693, 94
Trd, 4317933.793, 97
Trd, 4317936.843, 96
Trd, 4317937.043, 104
Trd, 4317939.143, 94
Trd, 4317943.043, 98
Trd, 4317944.793, 96
Trd, 4317945.293, 98
Trd, 4317946.043, 97
Trd, 4317947.893, 97
Trd, 4317948.493, 96
Trd, 4317949.293, 95
Trd, 4317951.643, 93
Trd, 4317952.543, 96
Trd, 4317954.143, 96
Trd, 4317955.443, 96
Trd, 4317957.243, 97
Trd, 4317957.693, 97
Trd, 4317958.843, 96
Trd, 4317960.443, 94
Trd, 4317960.593, 96
Trd, 4317962.593, 95
Trd, 4317964.793, 95
Trd, 4317965.243, 95
Trd, 4317966.393, 96
Trd, 4317969.593, 94
Trd, 4317969.893, 97
Trd, 4317974.243, 95
Trd, 4317974.743, 95
Trd, 4317975.043, 94
Trd, 4317975.893, 94
Trd, 4317976.943, 95
Trd, 4317977.893, 94
Trd, 4317977.943, 115
Trd, 4317981.843, 96
Trd, 4317982.493, 96
Trd, 4317983.143, 94
Trd, 4317983.243, 95
Trd, 4317985.943, 94
Trd, 4317986.543, 93
Trd, 4317988.293, 95
Trd, 4317989.743, 95
Trd, 4317991.293, 95
Trd, 4317992.743, 94
Trd, 4317993.593, 95
Trd, 4317993.893, 95
Trd, 4317996.143, 94
Trd, 4317998.443, 94
Trd, 4317999.043, 95
Trd, 4317999.593, 94
Trd, 4318002.443, 95
Trd, 4318002.793, 95
Trd, 4318003.443, 94
Trd, 4318003.743, 93
Trd, 4318007.943, 95
Trd, 4318009.143, 95
Trd, 4318011.593, 93
Trd, 4318011.643, 95
Trd, 4318014.843, 94
Trd, 4318015.243, 93
Trd, 4318016.093, 94
Trd, 4318016.743, 92
Trd, 4318016.893, 95
Trd, 4318018.243, 122
Trd, 4318021.143, 93
Trd, 4318023.843, 96
Trd, 4318024.043, 95
Trd, 4318026.243, 95
Trd, 4318027.793, 94
Trd, 4318027.993, 95
Trd, 4318031.043, 95
Trd, 4318033.893, 95
Trd, 4318034.693, 95
Trd, 4318034.843, 96
Trd, 4318035.243, 104
Trd, 4318036.543, 94
Trd, 4318039.443, 98
Trd, 4318040.943, 98
Trd, 4318042.193, 94
Trd, 4318044.743, 93
Trd, 4318045.743, 94
Trd, 4318045.793, 95
Trd, 4318048.593, 94
Trd, 4318049.343, 93
Trd, 4318049.643, 94
Trd, 4318050.443, 105
Trd, 4318053.893, 96
Trd, 4318054.143, 97
Trd, 4318055.993, 96
Trd, 4318057.243, 96
Trd, 4318059.493, 95
Trd, 4318059.593, 97
Trd, 4318060.193, 95
Trd, 4318061.793, 96
Trd, 4318063.593, 96
Trd, 4318064.193, 105
Trd, 4318065.293, 101
Trd, 4318069.393, 97
Trd, 4318069.793, 97
Trd, 4318070.543, 96
Trd, 4318071.843, 98
Trd, 4318072.393, 97
Trd, 4318074.093, 96
Trd, 4318074.393, 96
Trd, 4318074.643, 96
Trd, 4318076.543, 97
Trd, 4318079.693, 95
Trd, 4318080.193, 97
Trd, 4318083.043, 99
Trd, 4318083.093, 103
Trd, 4318083.593, 104
Trd, 4318085.543, 102
Trd, 4318086.193, 98
Trd, 4318088.293, 98
Trd, 4318090.143, 98
Trd, 4318090.793, 97
Trd, 4318090.943, 104
Trd, 4318090.993, 94
Trd, 4318092.493, 99
Trd, 4318095.543, 95
Trd, 4318095.993, 95
Trd, 4318098.693, 95
Trd, 4318099.043, 94
Trd, 4318099.193, 95
Trd, 4318102.293, 98
Trd, 4318102.693, 104
Trd, 4318102.893, 95
Trd, 4318106.693, 94
Trd, 4318108.093, 94
Trd, 4318108.143, 93
Trd, 4318108.543, 94
Trd, 4318110.043, 95
Trd, 4318111.543, 95
Trd, 4318113.243, 94
Trd, 4318114.543, 95
Trd, 4318114.843, 95
Trd, 4318115.843, 92
Trd, 4318118.893, 94
Trd, 4318119.643, 95
Trd, 4318120.193, 92
Trd, 4318122.643, 91
Trd, 4318123.143, 93
Trd, 4318125.493, 93
Trd, 4318127.893, 93
Trd, 4318127.943, 92
Trd, 4318131.593, 93
Trd, 4318131.793, 93
Trd, 4318134.843, 92
Trd, 4318135.043, 93
Trd, 4318135.843, 93
Trd, 4318139.043, 94
Trd, 4318141.493, 94
Trd, 4318143.143, 93
Trd, 4318145.193, 94
Trd, 4318145.993, 95
Trd, 4318147.943, 93
Trd, 4318148.143, 95
Trd, 4318149.293, 94
Trd, 4318150.643, 92
Trd, 4318151.343, 93
Trd, 4318152.243, 92
Trd, 4318152.943, 91
Trd, 4318158.093, 93
Trd, 4318159.043, 93
Trd, 4318159.993, 93
Trd, 4318160.343, 92
Trd, 4318162.043, 91
Trd, 4318164.043, 94
Trd, 4318166.643, 94
Trd, 4318167.793, 102
Trd, 4318170.293, 93
Trd, 4318170.643, 96
Trd, 4318172.443, 95
Trd, 4318174.693, 95
Trd, 4318175.643, 104
Trd, 4318176.393, 92
Trd, 4318176.543, 99
Trd, 4318180.093, 93
Trd, 4318181.243, 95
Trd, 4318184.693, 93
Trd, 4318185.893, 94
Trd, 4318187.043, 93
Trd, 4318189.093, 95
Trd, 4318190.793, 94
Trd, 4318191.243, 95
Trd, 4318192.543, 95
Trd, 4318192.993, 94
Trd, 4318193.193, 105
Trd, 4318195.543, 93
Trd, 4318196.593, 95
Trd, 4318198.243, 94
Trd, 4318199.443, 92
Trd, 4318199.793, 94
Trd, 4318201.143, 95
Trd, 4318201.643, 104
Trd, 4318205.343, 93
Trd, 4318207.093, 95
Trd, 4318207.293, 95
Trd, 4318209.393, 93
Trd, 4318210.293, 94
Trd, 4318211.643, 93
Trd, 4318212.793, 94
Trd, 4318213.493, 91
Trd, 4318214.793, 95
Trd, 4318215.893, 104
Trd, 4318216.793, 96
Trd, 4318218.593, 97
Trd, 4318220.343, 95
Trd, 4318222.243, 104
Trd, 4318224.343, 100
Trd, 4318224.643, 97
Trd, 4318228.493, 99
Trd, 4318228.943, 99
Trd, 4318229.543, 97
Trd, 4318230.093, 97
Trd, 4318230.593, 96
Trd, 4318234.093, 96
Trd, 4318234.493, 95
Trd, 4318234.743, 94
Trd, 4318235.293, 95
Trd, 4318235.993, 96
Trd, 4318239.843, 94
Trd, 4318239.943, 95
Trd, 4318240.443, 95
Trd, 4318242.743, 94
Trd, 4318243.293, 94
Trd, 4318243.743, 93
Trd, 4318244.443, 89
Trd, 4318244.693, 105
Trd, 4318246.593, 97
Trd, 4318247.243, 96
Trd, 4318248.443, 92
Trd, 4318249.543, 94
Trd, 4318250.143, 93
Trd, 4318251.993, 94
Trd, 4318253.593, 97
Trd, 4318254.843, 97
Trd, 4318256.093, 96
Trd, 4318256.193, 102
Trd, 4318256.593, 95
Trd, 4318258.343, 96
Trd, 4318259.993, 95
Trd, 4318260.293, 96
Trd, 4318260.893, 104
Trd, 4318264.743, 98
Trd, 4318266.193, 96
Trd, 4318266.443, 97
Trd, 4318266.493, 94
Trd, 4318268.593, 95
Trd, 4318268.893, 97
Trd, 4318269.543, 97
Trd, 4318270.843, 94
Trd, 4318271.993, 92
Trd, 4318272.393, 92
Trd, 4318273.343, 93
Trd, 4318274.793, 104
Trd, 4318276.343, 95
Trd, 4318277.593, 95
Trd, 4318278.893, 94
Trd, 4318279.293, 104
Trd, 4318279.793, 105
Trd, 4318282.493, 97
Trd, 4318284.743, 95
Trd, 4318287.393, 95
Trd, 4318287.643, 95
Trd, 4318288.693, 94
Trd, 4318288.793, 96
Trd, 4318291.093, 97
Trd, 4318291.643, 98
Trd, 4318292.093, 104
Trd, 4318294.343, 100
Trd, 4318296.343, 101
Trd, 4318296.743, 100
Trd, 4318297.093, 101
Trd, 4318297.743, 100
Trd, 4318298.543, 99
Trd, 4318300.143, 96
Trd, 4318300.743, 97
Trd, 4318301.993, 98
Trd, 4318303.943, 96
Trd, 4318305.343, 113
Trd, 4318306.643, 100
Trd, 4318307.893, 99
Trd, 4318308.393, 100
Trd, 4318308.593, 98
Trd, 4318310.293, 104
Trd, 4318312.343, 99
Trd, 4318312.993, 100
Trd, 4318313.393, 100
Trd, 4318314.843, 98
Trd, 4318315.843, 97
Trd, 4318317.443, 96
Trd, 4318319.543, 96
Trd, 4318321.643, 96
Trd, 4318322.093, 105
Trd, 4318322.893, 113
Trd, 4318322.943, 95
Trd, 4318323.893, 95
Trd, 4318324.993, 93
Trd, 4318325.343, 92
Trd, 4318325.543, 98
Trd, 4318326.743, 93
Trd, 4318327.993, 93
Trd, 4318329.943, 93
Trd, 4318330.793, 93
Trd, 4318331.543, 95
Trd, 4318335.093, 95
Trd, 4318335.143, 105
Trd, 4318338.443, 96
Trd, 4318338.593, 93
Trd, 4318341.593, 95
Trd, 4318342.093, 94
Trd, 4318346.543, 95
Trd, 4318346.793, 95
Trd, 4318346.943, 95
Trd, 4318347.193, 93
Trd, 4318350.243, 94
Trd, 4318350.643, 103
Trd, 4318351.843, 100
Trd, 4318352.993, 93
Trd, 4318353.543, 97
Trd, 4318355.293, 93
Trd, 4318356.293, 96
Trd, 4318357.693, 96
Trd, 4318359.293, 94
Trd, 4318361.243, 93
Trd, 4318361.893, 94
Trd, 4318362.243, 105
Trd, 4318363.743, 94
Trd, 4318363.843, 93
Trd, 4318367.243, 95
Trd, 4318367.893, 94
Trd, 4318368.893, 94
Trd, 4318371.843, 92
Trd, 4318373.543, 95
Trd, 4318374.493, 95
Trd, 4318375.043, 105
Trd, 4318377.443, 96
Trd, 4318378.543, 95
Trd, 4318379.593, 93
Trd, 4318382.343, 95
Trd, 4318383.843, 94
Trd, 4318384.793, 94
Trd, 4318386.593, 93
Trd, 4318386.843, 94
Trd, 4318389.493, 93
Trd, 4318389.893, 92
Trd, 4318390.093, 94
Trd, 4318391.743, 93
Trd, 4318395.543, 93
Trd, 4318395.693, 92
Trd, 4318396.093, 93
Trd, 4318397.243, 94
Trd, 4318399.743, 94
Trd, 4318399.893, 92
Trd, 4318400.093, 105
Trd, 4318404.743, 95
Trd, 4318405.093, 92
Trd, 4318405.793, 92
Trd, 4318410.293, 95
Trd, 4318412.493, 95
Trd, 4318415.693, 94
Trd, 4318416.543, 95
Trd, 4318417.343, 94
Trd, 4318418.843, 94
Trd, 4318419.743, 95
Trd, 4318420.593, 92
Trd, 4318422.293, 92
Trd, 4318423.243, 92
Trd, 4318424.393, 95
Trd, 4318425.343, 94
Trd, 4318426.443, 102
Trd, 4318427.043, 92
Trd, 4318433.393, 93
Trd, 4318434.193, 91
Trd, 4318435.043, 92
Trd, 4318435.593, 91
Trd, 4318436.643, 90
Trd, 4318436.943, 95
Trd, 4318437.393, 104
Trd, 4318441.393, 96
Trd, 4318441.743, 91
Trd, 4318442.543, 95
Trd, 4318448.093, 93
Trd, 4318449.043, 94
Trd, 4318451.293, 94
Trd, 4318451.643, 94
Trd, 4318452.143, 94
Trd, 4318452.493, 95
Trd, 4318452.993, 103
Trd, 4318455.393, 95
Trd, 4318457.293, 97
Trd, 4318458.593, 97
Trd, 4318460.793, 95
Trd, 4318462.243, 96
Trd, 4318462.893, 96
Trd, 4318464.243, 95
Trd, 4318464.293, 94
Trd, 4318465.493, 94
Trd, 4318467.793, 95
Trd, 4318467.943, 94
Trd, 4318469.993, 94
Trd, 4318470.043, 93
Trd, 4318470.543, 95
Trd, 4318472.643, 95
Trd, 4318473.343, 95
Trd, 4318474.393, 93
Trd, 4318477.893, 95
Trd, 4318478.843, 97
Trd, 4318480.193, 101
Trd, 4318480.243, 105
Trd, 4318481.493, 96
Trd, 4318484.393, 96
Trd, 4318484.593, 96
Trd, 4318485.593, 96
Trd, 4318486.393, 97
Trd, 4318486.693, 98
Trd, 4318487.043, 104
Trd, 4318487.643, 95
Trd, 4318490.843, 95
Trd, 4318491.293, 94
Trd, 4318491.393, 96
Trd, 4318491.993, 93
Trd, 4318493.243, 92
Trd, 4318494.093, 91
Trd, 4318495.393, 92
Trd, 4318495.743, 92
Trd, 4318496.643, 94
Trd, 4318498.743, 93
Trd, 4318498.843, 95
Trd, 4318499.093, 93
Trd, 4318500.543, 104
Trd, 4318502.343, 93
Trd, 4318504.443, 116
Trd, 4318507.593, 96
Trd, 4318507.693, 97
Trd, 4318507.993, 96
Trd, 4318508.443, 97
Trd, 4318509.793, 97
Trd, 4318509.993, 95
Trd, 4318512.043, 98
Trd, 4318512.843, 99
Trd, 4318513.693, 89
Trd, 4318515.893, 93
Trd, 4318521.643, 93
Trd, 4318521.843, 92
Trd, 4318521.893, 93
Trd, 4318523.793, 92
Trd, 4318523.893, 92
Trd, 4318526.643, 92
Trd, 4318527.243, 93
Trd, 4318527.943, 95
Trd, 4318530.743, 94
Trd, 4318531.843, 96
Trd, 4318531.943, 90
Trd, 4318534.293, 91
Trd, 4318534.443, 95
Trd, 4318536.093, 90
Trd, 4318536.193, 94
Trd, 4318539.893, 94
Trd, 4318540.893, 101
Trd, 4318542.093, 93
Trd, 4318544.143, 96
Trd, 4318544.243, 105
Trd, 4318544.843, 99
Trd, 4318546.643, 105
Trd, 4318546.943, 93
Trd, 4318548.893, 95
Trd, 4318550.893, 94
Trd, 4318551.693, 94
Trd, 4318552.593, 93
Trd, 4318553.943, 94
Trd, 4318553.993, 95
Trd, 4318554.093, 92
Trd, 4318556.643, 106
Trd, 4318560.043, 95
Trd, 4318561.243, 97
Trd, 4318563.493, 96
Trd, 4318564.993, 97
Trd, 4318565.143, 97
Trd, 4318565.893, 96
Trd, 4318567.043, 95
Trd, 4318568.243, 95
Trd, 4318573.193, 95
Trd, 4318573.293, 94
Trd, 4318575.343, 94
Trd, 4318575.443, 95
Trd, 4318577.343, 95
Trd, 4318578.893, 95
Trd, 4318579.093, 94
Trd, 4318580.143, 95
Trd, 4318582.843, 95
Trd, 4318583.943, 95
Trd, 4318584.693, 95
Trd, 4318585.643, 95
Trd, 4318587.143, 93
Trd, 4318590.593, 95
Trd, 4318594.143, 95
Trd, 4318596.343, 95
Trd, 4318597.043, 92
Trd, 4318597.643, 95
Trd, 4318598.493, 91
Trd, 4318602.393, 95
Trd, 4318602.443, 95
Trd, 4318604.343, 112
Trd, 4318605.043, 104
Trd, 4318607.393, 109
Trd, 4318607.443, 105
Trd, 4318609.293, 105
Trd, 4318610.443, 105
Trd, 4318611.943, 105
Trd, 4318612.293, 104
Trd, 4318613.343, 104
Trd, 4318617.943, 104
Trd, 4318618.143, 105
Trd, 4318619.093, 104
Trd, 4318619.393, 105
Trd, 4318619.893, 103
Trd, 4318620.043, 105
Trd, 4318620.843, 94
Trd, 4318622.293, 91
Trd, 4318622.393, 85
Trd, 4318622.943, 113
Trd, 4318625.843, 94
Trd, 4318626.293, 93
Trd, 4318627.643, 94
Trd, 4318628.593, 95
Trd, 4318628.893, 106
Trd, 4318630.393, 99
Trd, 4318633.343, 104
Trd, 4318633.643, 96
Trd, 4318636.043, 100
Trd, 4318638.293, 100
Trd, 4318638.893, 98
Trd, 4318642.293, 100
Trd, 4318643.293, 98
Trd, 4318644.043, 98
Trd, 4318644.843, 97
Trd, 4318645.193, 99
Trd, 4318645.343, 95
Trd, 4318649.243, 95
Trd, 4318649.593, 96
Trd, 4318649.843, 95
Trd, 4318653.043, 96
Trd, 4318653.643, 97
Trd, 4318653.893, 98
Trd, 4318654.443, 98
Trd, 4318655.543, 103
Trd, 4318656.193, 104
Trd, 4318657.693, 102
Trd, 4318658.043, 101
Trd, 4318658.643, 100
Trd, 4318661.843, 100
Trd, 4318662.243, 99
Trd, 4318662.393, 99
Trd, 4318664.793, 94
Trd, 4318665.443, 98
Trd, 4318666.443, 103
Trd, 4318669.743, 99
Trd, 4318669.993, 100
Trd, 4318670.243, 97
Trd, 4318673.293, 99
Trd, 4318674.743, 98
Trd, 4318675.993, 97
Trd, 4318676.593, 97
Trd, 4318677.043, 104
Trd, 4318679.593, 102
Trd, 4318679.943, 100
Trd, 4318680.693, 98
Trd, 4318681.243, 98
Trd, 4318683.243, 98
Trd, 4318683.993, 104
Trd, 4318684.343, 97
Trd, 4318684.943, 101
Trd, 4318686.293, 95
Trd, 4318687.743, 99
Trd, 4318687.943, 99
Trd, 4318690.143, 96
Trd, 4318691.843, 95
Trd, 4318693.343, 104
Trd, 4318694.593, 96
Trd, 4318696.493, 99
Trd, 4318696.543, 98
Trd, 4318699.993, 96
Trd, 4318700.993, 97
Trd, 4318701.043, 95
Trd, 4318702.943, 95
Trd, 4318704.143, 95
Trd, 4318707.143, 95
Trd, 4318707.393, 95
Trd, 4318707.743, 105
Trd, 4318709.643, 94
Trd, 4318712.293, 94
Trd, 4318712.643, 95
Trd, 4318714.743, 95
Trd, 4318717.243, 97
Trd, 4318718.493, 100
Trd, 4318719.093, 100
Trd, 4318719.943, 98
Trd, 4318720.543, 96
Trd, 4318720.843, 104
Trd, 4318721.443, 115
Trd, 4318722.193, 94
Trd, 4318723.743, 98
Trd, 4318726.093, 98
Trd, 4318728.043, 98
Trd, 4318728.543, 100
Trd, 4318730.393, 99
Trd, 4318731.243, 98
Trd, 4318732.593, 99
Trd, 4318733.893, 98
Trd, 4318735.343, 100
Trd, 4318735.543, 101
Trd, 4318738.693, 97
Trd, 4318739.043, 96
Trd, 4318739.693, 100
Trd, 4318740.093, 101
Trd, 4318741.143, 94
Trd, 4318742.793, 95
Trd, 4318744.193, 96
Trd, 4318745.493, 95
Trd, 4318745.643, 94
Trd, 4318745.893, 95
Trd, 4318747.093, 94
Trd, 4318747.543, 92
Trd, 4318748.043, 105
Trd, 4318749.243, 113
Trd, 4318750.493, 104
Trd, 4318751.093, 103
Trd, 4318751.193, 93
Trd, 4318753.693, 107
Trd, 4318753.943, 122
Trd, 4318754.193, 104
Trd, 4318757.343, 109
Trd, 4318758.393, 109
Trd, 4318761.143, 104
Trd, 4318761.493, 104
Trd, 4318764.393, 105
Trd, 4318765.193, 103
Trd, 4318765.793, 104
Trd, 4318767.243, 94
Trd, 4318768.393, 104
Trd, 4318769.193, 97
Trd, 4318769.643, 96
Trd, 4318772.193, 93
Trd, 4318772.293, 93
Trd, 4318772.393, 104
Trd, 4318773.643, 100
Trd, 4318775.493, 89
Trd, 4318775.993, 94
Trd, 4318777.193, 95
Trd, 4318777.643, 95
Trd, 4318781.593, 94
Trd, 4318782.343, 93
Trd, 4318782.793, 95
Trd, 4318783.043, 92
Trd, 4318785.893, 94
Trd, 4318786.543, 94
Trd, 4318787.593, 92
Trd, 4318788.943, 95
Trd, 4318792.543, 94
Trd, 4318792.693, 93
Trd, 4318793.243, 93
Trd, 4318795.243, 94
Trd, 4318796.493, 94
Trd, 4318797.293, 93
Trd, 4318797.443, 94
Trd, 4318799.493, 92
Trd, 4318801.093, 94
Trd, 4318802.043, 95
Trd, 4318802.893, 94
Trd, 4318804.893, 93
Trd, 4318806.443, 95
Trd, 4318807.693, 91
Trd, 4318808.293, 95
Trd, 4318812.393, 95
Trd, 4318813.343, 95
Trd, 4318815.643, 95
Trd, 4318815.843, 95
Trd, 4318818.443, 94
Trd, 4318820.493, 95
Trd, 4318821.143, 95
Trd, 4318821.743, 92
Trd, 4318824.793, 94
Trd, 4318825.643, 94
Trd, 4318827.593, 93
Trd, 4318827.743, 103
Trd, 4318828.193, 92
Trd, 4318828.743, 96
Trd, 4318832.043, 96
Trd, 4318832.743, 97
Trd, 4318832.943, 104
Trd, 4318835.543, 101
Trd, 4318836.693, 103
Trd, 4318837.493, 101
Trd, 4318839.593, 101
Trd, 4318839.643, 100
Trd, 4318840.843, 103
Trd, 4318841.043, 104
Trd, 4318841.593, 99
Trd, 4318844.143, 99
Trd, 4318845.493, 103
Trd, 4318848.793, 98
Trd, 4318849.943, 99
Trd, 4318852.143, 98
Trd, 4318853.043, 97
Trd, 4318853.543, 96
Trd, 4318853.893, 95
Trd, 4318856.293, 96
Trd, 4318856.843, 104
Trd, 4318858.193, 95
Trd, 4318858.243, 100
Trd, 4318861.593, 95
Trd, 4318861.893, 96
Trd, 4318863.693, 96
Trd, 4318864.243, 94
Trd, 4318864.993, 97
Trd, 4318865.093, 94
Trd, 4318867.643, 103
Trd, 4318869.343, 93
Trd, 4318869.643, 99
Trd, 4318871.193, 98
Trd, 4318873.943, 97
Trd, 4318874.843, 97
Trd, 4318875.193, 96
Trd, 4318876.543, 94
Trd, 4318877.893, 95
Trd, 4318878.143, 94
Trd, 4318880.843, 95
Trd, 4318881.993, 92
Trd, 4318882.343, 102
Trd, 4318884.243, 92
Trd, 4318884.793, 97
Trd, 4318886.593, 95
Trd, 4318890.843, 95
Trd, 4318892.143, 94
Trd, 4318892.293, 93
Trd, 4318893.143, 92
Trd, 4318893.843, 93
Trd, 4318895.393, 94
Trd, 4318898.793, 94
Trd, 4318899.593, 93
Trd, 4318901.643, 92
Trd, 4318902.743, 94
Trd, 4318903.393, 94
Trd, 4318904.993, 93
Trd, 4318905.393, 93
Trd, 4318907.243, 94
Trd, 4318908.543, 95
Trd, 4318908.893, 92
Trd, 4318909.993, 92
Trd, 4318911.443, 95
Trd, 4318914.293, 95
Trd, 4318915.743, 94
Trd, 4318915.993, 94
Trd, 4318917.943, 95
Trd, 4318918.193, 101
Trd, 4318919.543, 97
Trd, 4318919.843, 94
Trd, 4318921.593, 97
Trd, 4318922.393, 97
Trd, 4318922.443, 95
Trd, 4318924.743, 111
Trd, 4318925.493, 103
Trd, 4318926.393, 101
Trd, 4318927.593, 101
Trd, 4318927.643, 102
Trd, 4318929.643, 100
Trd, 4318931.093, 102
Trd, 4318933.193, 101
Trd, 4318933.393, 102
Trd, 4318933.843, 101
Trd, 4318934.643, 102
Trd, 4318935.993, 99
Trd, 4318936.343, 101
Trd, 4318938.243, 104
Trd, 4318939.143, 99
Trd, 4318941.293, 98
Trd, 4318942.643, 97
Trd, 4318943.393, 96
Trd, 4318944.293, 104
Trd, 4318944.593, 96
Trd, 4318946.943, 110
Trd, 4318949.043, 102
Trd, 4318951.293, 105
Trd, 4318953.443, 104
Trd, 4318954.593, 104
Trd, 4318955.043, 106
Trd, 4318957.193, 104
Trd, 4318958.243, 103
Trd, 4318958.493, 102
Trd, 4318960.543, 101
Trd, 4318960.593, 103
Trd, 4318964.743, 98
Trd, 4318965.393, 98
Trd, 4318965.843, 97
Trd, 4318966.493, 94
Trd, 4318966.843, 98
Trd, 4318967.743, 97
Trd, 4318969.443, 104
Trd, 4318970.443, 97
Trd, 4318971.243, 97
Trd, 4318972.393, 99
Trd, 4318974.043, 98
Trd, 4318974.143, 97
Trd, 4318975.093, 97
Trd, 4318976.543, 96
Trd, 4318976.993, 112
Trd, 4318980.543, 103
Trd, 4318982.343, 104
Trd, 4318983.193, 102
Trd, 4318983.243, 101
Trd, 4318985.893, 102
Trd, 4318986.493, 100
Trd, 4318987.093, 100
Trd, 4318988.343, 94
Trd, 4318988.793, 98
Trd, 4318990.193, 98
Trd, 4318991.043, 96
Trd, 4318992.143, 98
Trd, 4318992.993, 100
Trd, 4318994.093, 98
Trd, 4318996.543, 98
Trd, 4318997.743, 96
Trd, 4318998.893, 96
Trd, 4319000.993, 97
Trd, 4319001.543, 98
Trd, 4319003.143, 97
Trd, 4319005.043, 97
Trd, 4319005.893, 96
Trd, 4319005.943, 96
Trd, 4319007.843, 104
Trd, 4319010.493, 95
Trd, 4319010.543, 95
Trd, 4319010.843, 97
Trd, 4319012.193, 94
Trd, 4319013.993, 95
Trd, 4319016.643, 95
Trd, 4319017.093, 95
Trd, 4319018.393, 97
Trd, 4319020.343, 103
Trd, 4319020.993, 95
Trd, 4319022.193, 98
Trd, 4319022.843, 95
Trd, 4319023.393, 94
Trd, 4319023.643, 94
Trd, 4319024.993, 93
Trd, 4319026.893, 93
Trd, 4319027.393, 94
Trd, 4319031.443, 95
Trd, 4319031.543, 93
Trd, 4319035.793, 95
Trd, 4319036.043, 95
Trd, 4319036.743, 94
Trd, 4319038.843, 92
Trd, 4319040.243, 95
Trd, 4319041.343, 95
Trd, 4319042.393, 94
Trd, 4319043.093, 94
Trd, 4319043.993, 95
Trd, 4319045.093, 112
Trd, 4319045.893, 106
Trd, 4319046.143, 104
Trd, 4319047.093, 105
Trd, 4319048.443, 94
Trd, 4319048.543, 101
Trd, 4319050.393, 104
Trd, 4319051.043, 102
Trd, 4319052.443, 101
Trd, 4319052.543, 103
Trd, 4319054.393, 101
Trd, 4319055.193, 100
Trd, 4319056.343, 99
Trd, 4319056.793, 105
Trd, 4319059.643, 98
Trd, 4319060.543, 94
Trd, 4319061.293, 98
Trd, 4319061.893, 98
Trd, 4319063.643, 95
Trd, 4319064.093, 95
Trd, 4319065.593, 95
Trd, 4319065.993, 94
Trd, 4319066.593, 92
Trd, 4319067.743, 91
Trd, 4319069.243, 104
Trd, 4319071.693, 97
Trd, 4319071.893, 106
Trd, 4319072.793, 98
Trd, 4319074.043, 98
Trd, 4319075.243, 97
Trd, 4319076.543, 96
Trd, 4319078.393, 96
Trd, 4319078.843, 98
Trd, 4319080.943, 97
Trd, 4319081.343, 97
Trd, 4319085.243, 95
Trd, 4319085.293, 98
Trd, 4319086.543, 95
Trd, 4319087.143, 96
Trd, 4319088.043, 95
Trd, 4319088.443, 96
Trd, 4319089.593, 104
Trd, 4319090.443, 93
Trd, 4319092.693, 95
Trd, 4319093.743, 96
Trd, 4319097.043, 95
Trd, 4319098.093, 94
Trd, 4319098.843, 94
Trd, 4319099.243, 95
Trd, 4319099.293, 93
Trd, 4319105.593, 93
Trd, 4319106.693, 94
Trd, 4319107.093, 94
Trd, 4319107.593, 93
Trd, 4319110.293, 97
Trd, 4319110.993, 98
Trd, 4319111.643, 118
Trd, 4319111.843, 113
Trd, 4319114.493, 104
Trd, 4319115.093, 104
Trd, 4319115.943, 103
Trd, 4319116.743, 103
Trd, 4319118.593, 102
Trd, 4319119.293, 94
Trd, 4319121.393, 103
Trd, 4319123.743, 102
Trd, 4319124.193, 101
Trd, 4319126.093, 103
Trd, 4319126.743, 102
Trd, 4319127.543, 101
Trd, 4319127.993, 94
Trd, 4319128.143, 104
Trd, 4319128.793, 98
Trd, 4319131.143, 99
Trd, 4319133.193, 99
Trd, 4319133.293, 98
Trd, 4319133.443, 101
Trd, 4319135.343, 104
Trd, 4319136.193, 100
Trd, 4319137.193, 100
Trd, 4319138.393, 99
Trd, 4319139.143, 102
Trd, 4319141.543, 101
Trd, 4319143.643, 101
Trd, 4319145.293, 101
Trd, 4319145.343, 100
Trd, 4319146.993, 99
Trd, 4319147.093, 101
Trd, 4319148.593, 104
Trd, 4319149.493, 99
Trd, 4319149.793, 102
Trd, 4319152.893, 100
Trd, 4319153.643, 100
Trd, 4319154.193, 98
Trd, 4319156.493, 99
Trd, 4319156.543, 100
Trd, 4319159.393, 98
Trd, 4319159.493, 100
Trd, 4319161.343, 99
Trd, 4319161.693, 104
Trd, 4319161.793, 98
Trd, 4319166.093, 98
Trd, 4319166.343, 98
Trd, 4319166.793, 99
Trd, 4319168.243, 97
Trd, 4319169.093, 98
Trd, 4319170.193, 96
Trd, 4319171.493, 94
Trd, 4319172.193, 97
Trd, 4319174.593, 98
Trd, 4319174.943, 98
Trd, 4319175.493, 98
Trd, 4319177.043, 98
Trd, 4319177.943, 97
Trd, 4319178.143, 98
Trd, 4319179.943, 105
Trd, 4319182.993, 96
Trd, 4319183.093, 101
Trd, 4319186.343, 96
Trd, 4319188.093, 97
Trd, 4319189.143, 97
Trd, 4319189.743, 95
Trd, 4319190.143, 105
Trd, 4319190.593, 98
Trd, 4319194.043, 113
Trd, 4319195.393, 104
Trd, 4319196.243, 102
Trd, 4319196.693, 102
Trd, 4319197.943, 102
Trd, 4319199.193, 101
Trd, 4319199.443, 102
Trd, 4319199.493, 101
Trd, 4319201.143, 102
Trd, 4319201.893, 103
Trd, 4319201.943, 104
Trd, 4319202.893, 102
Trd, 4319208.493, 102
Trd, 4319209.193, 101
Trd, 4319209.243, 102
Trd, 4319211.693, 100
Trd, 4319212.243, 101
Trd, 4319212.843, 100
Trd, 4319213.643, 92
Trd, 4319214.893, 99
Trd, 4319215.093, 94
Trd, 4319216.193, 86
Trd, 4319218.043, 87
Trd, 4319219.893, 104
Trd, 4319221.093, 118
Trd, 4319223.393, 99
Trd, 4319225.243, 98
Trd, 4319225.493, 96
Trd, 4319226.243, 99
Trd, 4319228.043, 98
Trd, 4319228.993, 99
Trd, 4319229.343, 97
Trd, 4319231.293, 97
Trd, 4319233.643, 97
Trd, 4319235.493, 96
Trd, 4319237.343, 95
Trd, 4319237.643, 97
Trd, 4319237.843, 97
Trd, 4319240.843, 99
Trd, 4319240.993, 98
Trd, 4319241.593, 97
Trd, 4319242.743, 97
Trd, 4319243.693, 96
Trd, 4319244.793, 96
Trd, 4319245.943, 97
Trd, 4319248.493, 96
Trd, 4319248.693, 93
Trd, 4319248.793, 97
Trd, 4319249.293, 96
Trd, 4319251.893, 95
Trd, 4319253.093, 104
Trd, 4319253.843, 99
Trd, 4319254.543, 113
Trd, 4319258.293, 102
Trd, 4319259.743, 101
Trd, 4319260.293, 100
Trd, 4319260.993, 100
Trd, 4319262.343, 101
Trd, 4319262.793, 99
Trd, 4319263.393, 101
Trd, 4319264.993, 101
Trd, 4319267.043, 98
Trd, 4319267.143, 101
Trd, 4319269.993, 101
Trd, 4319271.093, 98
Trd, 4319273.243, 98
Trd, 4319273.743, 98
Trd, 4319274.843, 97
Trd, 4319275.043, 98
Trd, 4319276.643, 94
Trd, 4319278.343, 95
Trd, 4319278.393, 102
Trd, 4319281.343, 96
Trd, 4319282.793, 96
Trd, 4319285.543, 95
Trd, 4319285.893, 97
Trd, 4319286.193, 97
Trd, 4319289.943, 97
Trd, 4319289.993, 95
Trd, 4319290.693, 97
Trd, 4319292.493, 94
Trd, 4319295.293, 95
Trd, 4319295.693, 94
Trd, 4319296.243, 94
Trd, 4319296.293, 96
Trd, 4319298.743, 95
Trd, 4319299.043, 93
Trd, 4319299.643, 102
Trd, 4319303.293, 96
Trd, 4319303.593, 97
Trd, 4319304.743, 97
Trd, 4319306.893, 97
Trd, 4319306.943, 95
Trd, 4319308.893, 94
Trd, 4319310.543, 97
Trd, 4319311.543, 96
Trd, 4319313.143, 94
Trd, 4319314.493, 95
Trd, 4319315.893, 95
Trd, 4319316.093, 95
Trd, 4319316.693, 96
Trd, 4319318.293, 96
Trd, 4319319.043, 94
Trd, 4319321.393, 95
Trd, 4319323.143, 95
Trd, 4319323.643, 94
Trd, 4319325.093, 94
Trd, 4319325.293, 95
Trd, 4319330.943, 93
Trd, 4319331.043, 95
Trd, 4319331.493, 95
Trd, 4319333.443, 95
Trd, 4319335.993, 94
Trd, 4319336.393, 95
Trd, 4319339.643, 95
Trd, 4319341.943, 94
Trd, 4319342.393, 93
Trd, 4319343.893, 94
Trd, 4319347.143, 95
Trd, 4319348.643, 95
Trd, 4319349.293, 93
Trd, 4319350.193, 95
Trd, 4319351.243, 92
Trd, 4319352.543, 94
Trd, 4319352.943, 95
Trd, 4319353.843, 96
Trd, 4319354.393, 97
Trd, 4319359.193, 94
Trd, 4319360.393, 95
Trd, 4319360.493, 95
Trd, 4319363.943, 95
Trd, 4319364.343, 94
Trd, 4319365.593, 92
Trd, 4319366.443, 93
Trd, 4319367.343, 93
Trd, 4319367.643, 93
Trd, 4319369.743, 93
Trd, 4319370.343, 94
Trd, 4319373.443, 93
Trd, 4319373.693, 92
Trd, 4319374.143, 92
Trd, 4319377.243, 93
Trd, 4319378.943, 93
Trd, 4319378.993, 95
Trd, 4319380.043, 94
Trd, 4319380.843, 95
Trd, 4319382.543, 93
Trd, 4319382.643, 95
Trd, 4319384.593, 95
Trd, 4319385.243, 94
Trd, 4319385.543, 93
Trd, 4319388.943, 93
Trd, 4319389.593, 93
Trd, 4319389.943, 92
Trd, 4319392.243, 95
Trd, 4319393.843, 94
Trd, 4319394.093, 95
Trd, 4319394.343, 96
Trd, 4319396.693, 95
Trd, 4319397.543, 93
Trd, 4319401.093, 94
Trd, 4319401.643, 93
Trd, 4319402.293, 94
Trd, 4319404.843, 94
Trd, 4319406.343, 93
Trd, 4319409.093, 93
Trd, 4319409.443, 92
Trd, 4319410.443, 93
Trd, 4319412.093, 91
Trd, 4319412.493, 93
Trd, 4319414.343, 94
Trd, 4319414.693, 93
Trd, 4319418.993, 97
Trd, 4319420.343, 91
Trd, 4319423.143, 95
Trd, 4319424.593, 92
Trd, 4319424.693, 95
Trd, 4319425.593, 91
Trd, 4319428.143, 95
Trd, 4319429.993, 95
Trd, 4319430.193, 96
Trd, 4319430.993, 103
Trd, 4319433.893, 98
Trd, 4319435.193, 94
Trd, 4319437.793, 96
Trd, 4319439.343, 96
Trd, 4319439.643, 95
Trd, 4319440.043, 93
Trd, 4319441.543, 95
Trd, 4319442.393, 94
Trd, 4319442.993, 92
Trd, 4319443.543, 94
Trd, 4319445.293, 92
Trd, 4319447.043, 114
Trd, 4319450.143, 97
Trd, 4319452.443, 98
Trd, 4319452.593, 94
Trd, 4319453.293, 96
Trd, 4319454.343, 96
Trd, 4319456.443, 97
Trd, 4319456.593, 105
Trd, 4319458.193, 102
Trd, 4319459.743, 97
Trd, 4319460.693, 96
Trd, 4319462.343, 99
Trd, 4319462.893, 105
Trd, 4319466.243, 98
Trd, 4319467.493, 97
Trd, 4319468.993, 98
Trd, 4319469.593, 98
Trd, 4319470.543, 99
Trd, 4319472.243, 96
Trd, 4319475.243, 96
Trd, 4319475.443, 87
Trd, 4319475.793, 93
Trd, 4319476.443, 91
Trd, 4319477.893, 90
Trd, 4319479.143, 94
Trd, 4319480.843, 92
Trd, 4319481.093, 92
Trd, 4319483.893, 91
Trd, 4319484.293, 91
Trd, 4319486.143, 90
Trd, 4319486.343, 92
Trd, 4319486.893, 93
Trd, 4319489.093, 93
Trd, 4319493.343, 92
Trd, 4319493.743, 92
Trd, 4319494.343, 95
Trd, 4319495.793, 99
Trd, 4319496.093, 98
Trd, 4319498.493, 95
Trd, 4319498.893, 92
Trd, 4319499.443, 92
Trd, 4319500.093, 91
Trd, 4319502.393, 92
Trd, 4319503.343, 105
Trd, 4319504.393, 113
Trd, 4319505.543, 98
Trd, 4319506.043, 102
Trd, 4319507.243, 100
Trd, 4319508.543, 96
Trd, 4319510.893, 101
Trd, 4319511.943, 101
Trd, 4319512.393, 101
Trd, 4319512.793, 113
Trd, 4319515.543, 105
Trd, 4319516.343, 105
Trd, 4319517.543, 104
Trd, 4319517.843, 105
Trd, 4319519.193, 104
Trd, 4319520.493, 103
Trd, 4319520.993, 88
Trd, 4319523.043, 94
Trd, 4319524.243, 95
Trd, 4319525.293, 93
Trd, 4319525.843, 105
Trd, 4319527.143, 95
Trd, 4319528.143, 95
Trd, 4319528.293, 96
Trd, 4319530.843, 95
Trd, 4319530.893, 94
Trd, 4319531.593, 95
Trd, 4319534.043, 95
Trd, 4319535.843, 96
Trd, 4319536.343, 94
Trd, 4319536.893, 96
Trd, 4319537.893, 93
Trd, 4319540.893, 95
Trd, 4319540.943, 96
Trd, 4319542.343, 98
Trd, 4319545.843, 95
Trd, 4319546.793, 95
Trd, 4319547.343, 96
Trd, 4319548.543, 96
Trd, 4319548.793, 95
Trd, 4319549.893, 105
Trd, 4319551.943, 94
Trd, 4319552.693, 95
Trd, 4319554.093, 93
Trd, 4319557.393, 94
Trd, 4319558.243, 94
Trd, 4319558.493, 94
Trd, 4319561.843, 92
Trd, 4319564.143, 95
Trd, 4319566.943, 95
Trd, 4319568.593, 93
Trd, 4319571.343, 93
Trd, 4319571.643, 91
Trd, 4319572.343, 95
Trd, 4319574.743, 95
Trd, 4319575.543, 92
Trd, 4319576.743, 94
Trd, 4319579.093, 95
Trd, 4319581.043, 92
Trd, 4319582.893, 95
Trd, 4319583.893, 94
Trd, 4319587.543, 93
Trd, 4319588.243, 92
Trd, 4319589.843, 93
Trd, 4319590.243, 92
Trd, 4319592.693, 93
Trd, 4319594.843, 94
Trd, 4319595.743, 94
Trd, 4319598.043, 94
Trd, 4319598.543, 95
Trd, 4319601.043, 101
Trd, 4319601.693, 100
Trd, 4319602.493, 104
Trd, 4319603.843, 99
Trd, 4319604.343, 100
Trd, 4319606.543, 99
Trd, 4319607.243, 100
Trd, 4319607.443, 100
Trd, 4319609.393, 101
Trd, 4319609.493, 98
Trd, 4319610.843, 102
Trd, 4319613.343, 104
Trd, 4319613.743, 110
Trd, 4319615.643, 112
Trd, 4319615.843, 119
Trd, 4319618.393, 109
Trd, 4319621.093, 108
Trd, 4319621.143, 112
Trd, 4319621.693, 105
Trd, 4319622.893, 106
Trd, 4319623.343, 105
Trd, 4319624.993, 105
Trd, 4319625.993, 103
Trd, 4319626.593, 95
Trd, 4319626.843, 102
Trd, 4319630.993, 101
Trd, 4319632.293, 100
Trd, 4319632.493, 101
Trd, 4319633.343, 102
Trd, 4319634.293, 96
Trd, 4319636.343, 103
Trd, 4319637.643, 103
Trd, 4319640.493, 102
Trd, 4319640.893, 103
Trd, 4319642.143, 103
Trd, 4319643.893, 101
Trd, 4319644.543, 102
Trd, 4319644.693, 103
Trd, 4319647.043, 104
Trd, 4319647.343, 100
Trd, 4319649.343, 102
Trd, 4319650.143, 103
Trd, 4319650.543, 104
Trd, 4319652.793, 102
Trd, 4319657.293, 99
Trd, 4319657.493, 99
Trd, 4319658.493, 99
Trd, 4319659.393, 99
Trd, 4319659.993, 98
Trd, 4319661.093, 98
Trd, 4319663.943, 97
Trd, 4319664.693, 99
Trd, 4319665.593, 98
Trd, 4319665.793, 98
Trd, 4319669.643, 95
Trd, 4319669.793, 98
Trd, 4319672.143, 95
Trd, 4319672.743, 94
Trd, 4319674.093, 94
Trd, 4319674.893, 94
Trd, 4319676.593, 95
Trd, 4319677.943, 91
Trd, 4319678.643, 95
Trd, 4319680.043, 95
Trd, 4319681.393, 93
Trd, 4319683.343, 95
Trd, 4319683.693, 95
Trd, 4319684.843, 95
Trd, 4319688.043, 95
Trd, 4319689.443, 94
Trd, 4319690.843, 95
Trd, 4319691.593, 95
Trd, 4319694.443, 94
Trd, 4319695.793, 92
Trd, 4319696.243, 92
Trd, 4319696.393, 91
Trd, 4319696.993, 92
Trd, 4319698.793, 113
Trd, 4319701.593, 95
Trd, 4319702.093, 96
Trd, 4319703.743, 96
Trd, 4319704.393, 95
Trd, 4319705.293, 105
Trd, 4319706.643, 94
Trd, 4319707.393, 112
Trd, 4319710.443, 98
Trd, 4319710.493, 99
Trd, 4319711.843, 96
Trd, 4319712.843, 96
Trd, 4319712.993, 98
Trd, 4319714.893, 98
Trd, 4319716.393, 98
Trd, 4319718.243, 100
Trd, 4319719.193, 99
Trd, 4319720.243, 101
Trd, 4319721.793, 100
Trd, 4319722.093, 100
Trd, 4319723.243, 104
Trd, 4319724.343, 99
Trd, 4319727.393, 100
Trd, 4319728.243, 99
Trd, 4319730.743, 99
Trd, 4319731.793, 98
Trd, 4319732.243, 94
Trd, 4319732.993, 98
Trd, 4319733.543, 95
Trd, 4319733.993, 96
Trd, 4319735.493, 96
Trd, 4319736.393, 95
Trd, 4319737.043, 97
Trd, 4319738.543, 98
Trd, 4319740.243, 97
Trd, 4319742.443, 94
Trd, 4319744.193, 95
Trd, 4319745.843, 95
Trd, 4319745.943, 95
Trd, 4319747.043, 95
Trd, 4319747.893, 94
Trd, 4319748.043, 95
Trd, 4319748.943, 94
Trd, 4319749.743, 95
Trd, 4319751.043, 94
Trd, 4319751.293, 104
Trd, 4319753.843, 97
Trd, 4319754.243, 95
Trd, 4319755.893, 95
Trd, 4319758.193, 95
Trd, 4319759.743, 95
Trd, 4319760.643, 94
Trd, 4319760.843, 95
Trd, 4319762.243, 95
Trd, 4319764.143, 95
Trd, 4319765.693, 94
Trd, 4319766.643, 95
Trd, 4319768.093, 94
Trd, 4319769.543, 117
Trd, 4319770.593, 96
Trd, 4319771.043, 99
Trd, 4319772.093, 100
Trd, 4319773.993, 99
Trd, 4319774.543, 98
Trd, 4319774.843, 94
Trd, 4319776.193, 100
Trd, 4319777.443, 104
Trd, 4319778.393, 88
Trd, 4319779.493, 96
Trd, 4319781.643, 94
Trd, 4319782.043, 95
Trd, 4319782.893, 93
Trd, 4319784.593, 95
Trd, 4319784.893, 113
Trd, 4319787.593, 98
Trd, 4319788.043, 97
Trd, 4319788.093, 99
Trd, 4319789.143, 99
Trd, 4319792.843, 96
Trd, 4319794.043, 97
Trd, 4319794.843, 96
Trd, 4319795.343, 95
Trd, 4319796.243, 99
Trd, 4319798.043, 104
Trd, 4319798.643, 95
Trd, 4319799.643, 94
Trd, 4319801.443, 99
Trd, 4319802.743, 96
Trd, 4319803.443, 94
Trd, 4319803.593, 95
Trd, 4319805.593, 96
Trd, 4319806.993, 95
Trd, 4319809.543, 94
Trd, 4319809.593, 96
Trd, 4319811.893, 94
Trd, 4319811.993, 95
Trd, 4319812.243, 95
Trd, 4319813.593, 95
Trd, 4319816.393, 94
Trd, 4319818.593, 95
Trd, 4319818.893, 95
Trd, 4319821.343, 93
Trd, 4319825.843, 95
Trd, 4319826.193, 93
Trd, 4319826.843, 95
Trd, 4319827.193, 95
Trd, 4319830.493, 95
Trd, 4319831.393, 95
Trd, 4319832.243, 96
Trd, 4319832.843, 94
Trd, 4319833.243, 96
Trd, 4319834.943, 95
Trd, 4319836.593, 96
Trd, 4319839.793, 98
Trd, 4319841.193, 96
Trd, 4319842.593, 97
Trd, 4319842.943, 100
Trd, 4319843.193, 95
Trd, 4319844.643, 98
Trd, 4319845.193, 98
Trd, 4319845.493, 104
Trd, 4319846.843, 112
Trd, 4319849.143, 105
Trd, 4319849.493, 101
Trd, 4319851.943, 101
Trd, 4319852.243, 100
Trd, 4319853.243, 99
Trd, 4319855.943, 98
Trd, 4319857.293, 99
Trd, 4319857.643, 101
Trd, 4319859.393, 97
Trd, 4319860.393, 99
Trd, 4319861.343, 100
Trd, 4319862.743, 103
Trd, 4319863.443, 98
Trd, 4319864.793, 102
Trd, 4319866.043, 104
Trd, 4319867.943, 100
Trd, 4319869.893, 100
Trd, 4319870.443, 98
Trd, 4319871.743, 97
Trd, 4319872.593, 98
Trd, 4319872.693, 97
Trd, 4319874.843, 96
Trd, 4319876.393, 96
Trd, 4319877.193, 97
Trd, 4319877.693, 97
Trd, 4319878.343, 97
Trd, 4319882.043, 97
Trd, 4319883.043, 97
Trd, 4319883.143, 96
Trd, 4319885.093, 98
Trd, 4319887.143, 99
Trd, 4319887.793, 99
Trd, 4319888.593, 97
Trd, 4319888.743, 103
Trd, 4319889.493, 99
Trd, 4319893.543, 97
Trd, 4319895.993, 97
Trd, 4319896.143, 96
Trd, 4319897.743, 95
Trd, 4319898.143, 96
Trd, 4319899.843, 98
Trd, 4319901.893, 96
Trd, 4319905.193, 97
Trd, 4319905.343, 95
Trd, 4319905.643, 96
Trd, 4319906.193, 94
Trd, 4319909.143, 95
Trd, 4319909.643, 94
Trd, 4319910.343, 104
Trd, 4319912.193, 99
Trd, 4319912.693, 97
Trd, 4319914.793, 99
Trd, 4319916.143, 100
Trd, 4319916.793, 94
Trd, 4319919.693, 100
Trd, 4319921.893, 100
Trd, 4319922.743, 97
Trd, 4319922.893, 99
Trd, 4319924.743, 97
Trd, 4319925.543, 98
Trd, 4319926.243, 97
Trd, 4319926.343, 96
Trd, 4319931.893, 96
Trd, 4319932.293, 95
Trd, 4319932.593, 97
Trd, 4319933.243, 103
Trd, 4319935.893, 94
Trd, 4319936.643, 96
Trd, 4319939.443, 95
Trd, 4319940.743, 95
Trd, 4319943.093, 94
Trd, 4319943.243, 93
Trd, 4319943.943, 93
Trd, 4319944.843, 93
Trd, 4319945.043, 95
Trd, 4319947.343, 94
Trd, 4319949.393, 94
Trd, 4319949.893, 94
Trd, 4319953.743, 94
Trd, 4319954.193, 94
Trd, 4319954.693, 95
Trd, 4319955.993, 93
Trd, 4319959.043, 94
Trd, 4319959.243, 95
Trd, 4319959.943, 94
Trd, 4319960.193, 93
Trd, 4319962.043, 95
Trd, 4319964.493, 95
Trd, 4319964.943, 96
Trd, 4319967.043, 94
Trd, 4319969.093, 93
Trd, 4319970.393, 94
Trd, 4319970.793, 95
Trd, 4319973.343, 94
Trd, 4319974.093, 94
Trd, 4319974.743, 95
Trd, 4319978.043, 93
Trd, 4319979.543, 95
Trd, 4319979.593, 95
Trd, 4319981.143, 94
Trd, 4319983.193, 93
Trd, 4319983.993, 95
Trd, 4319984.043, 92
Trd, 4319986.393, 94
Trd, 4319988.493, 96
Trd, 4319989.493, 103
Trd, 4319990.743, 95
Trd, 4319991.143, 99
Trd, 4319993.093, 96
Trd, 4319994.493, 98
Trd, 4319994.843, 97
Trd, 4319996.093, 96
Trd, 4319998.043, 96
Trd, 4319998.593, 94
