Trd, 4317870.243, 92
Trd, 4317870.293, 104
Trd, 4317872.193, 92
Trd, 4317873.093, 90
Trd, 4317873.243, 91
Trd, 4317874.743, 91
Trd, 4317875.793, 94
Trd, 4317877.293, 92
Trd, 4317877.943, 91
Trd, 4317879.243, 92
Trd, 4317881.543, 93
Trd, 4317882.593, 94
Trd, 4317885.393, 93
Trd, 4317886.043, 92
Trd, 4317887.293, 92
Trd, 4317888.693, 89
Trd, 4317890.393, 89
Trd, 4317891.393, 95
Trd, 4317892.893, 91
Trd, 4317895.393, 88
Trd, 4317895.993, 89
Trd, 4317898.093, 88
Trd, 4317898.143, 89
Trd, 4317902.043, 98
Trd, 4317902.993, 98
Trd, 4317905.843, 89
Trd, 4317906.743, 87
Trd, 4317907.793, 88
Trd, 4317909.543, 93
Trd, 4317911.293, 88
Trd, 4317911.943, 88
Trd, 4317912.143, 87
Trd, 4317912.693, 85
Trd, 4317913.943, 102
Trd, 4317915.643, 86
Trd, 4317916.343, 84
Trd, 4317916.843, 83
Trd, 4317917.543, 84
Trd, 4317918.293, 104
Trd, 4317919.493, 113
Trd, 4317922.943, 97
Trd, 4317923.943, 95
Trd, 4317924.393, 100
Trd, 4317927.493, 102
Trd, 4317928.893, 98
Trd, 4317929.593, 98
Trd, 4317929.793, 98
Trd, 4317930.693, 99
Trd, 4317933.943, 97
Trd, 4317934.343, 96
Trd, 4317935.193, 94
Trd, 4317936.093, 101
Trd, 4317937.093, 98
Trd, 4317940.643, 96
Trd, 4317941.393, 96
Trd, 4317941.693, 95
Trd, 4317942.193, 97
Trd, 4317945.543, 102
Trd, 4317946.893, 100
Trd, 4317947.043, 101
Trd, 4317950.093, 98
Trd, 4317951.393, 96
Trd, 4317952.543, 95
Trd, 4317952.693, 95
Trd, 4317954.593, 100
Trd, 4317955.993, 97
Trd, 4317957.343, 95
Trd, 4317958.443, 94
Trd, 4317960.493, 103
Trd, 4317961.393, 100
Trd, 4317963.543, 99
Trd, 4317965.443, 93
Trd, 4317966.693, 93
Trd, 4317967.193, 95
Trd, 4317968.743, 95
Trd, 4317969.193, 101
Trd, 4317972.643, 97
Trd, 4317974.393, 96
Trd, 4317974.743, 97
Trd, 4317976.493, 95
Trd, 4317977.193, 95
Trd, 4317978.193, 95
Trd, 4317978.493, 94
Trd, 4317980.093, 93
Trd, 4317980.443, 95
Trd, 4317982.543, 92
Trd, 4317982.743, 91
Trd, 4317982.893, 92
Trd, 4317984.243, 90
Trd, 4317985.393, 87
Trd, 4317985.643, 88
Trd, 4317989.443, 88
Trd, 4317990.843, 94
Trd, 4317991.743, 102
Trd, 4317993.593, 95
Trd, 4317993.893, 94
Trd, 4317995.343, 92
Trd, 4317996.893, 92
Trd, 4318000.093, 91
Trd, 4318000.193, 92
Trd, 4318000.343, 95
Trd, 4318002.743, 99
Trd, 4318003.693, 100
Trd, 4318003.943, 99
Trd, 4318005.693, 96
Trd, 4318008.043, 94
Trd, 4318008.443, 94
Trd, 4318010.093, 103
Trd, 4318010.543, 103
Trd, 4318012.243, 97
Trd, 4318013.093, 95
Trd, 4318013.743, 96
Trd, 4318015.093, 95
Trd, 4318018.393, 93
Trd, 4318018.793, 95
Trd, 4318020.993, 94
Trd, 4318021.943, 92
Trd, 4318024.143, 92
Trd, 4318025.693, 103
Trd, 4318029.093, 96
Trd, 4318029.393, 97
Trd, 4318031.643, 96
Trd, 4318031.743, 97
Trd, 4318032.093, 97
Trd, 4318032.593, 96
Trd, 4318033.743, 98
Trd, 4318037.093, 91
Trd, 4318037.193, 91
Trd, 4318038.193, 92
Trd, 4318039.043, 94
Trd, 4318040.693, 95
Trd, 4318043.293, 97
Trd, 4318044.993, 97
Trd, 4318045.543, 96
Trd, 4318045.743, 95
Trd, 4318046.243, 96
Trd, 4318049.143, 94
Trd, 4318049.643, 95
Trd, 4318051.093, 94
Trd, 4318051.543, 95
Trd, 4318054.493, 96
Trd, 4318057.043, 94
Trd, 4318057.293, 95
Trd, 4318057.693, 95
Trd, 4318058.193, 94
Trd, 4318058.693, 95
Trd, 4318059.543, 93
Trd, 4318060.693, 100
Trd, 4318063.743, 92
Trd, 4318065.543, 89
Trd, 4318066.843, 88
Trd, 4318067.093, 89
Trd, 4318068.493, 86
Trd, 4318069.843, 87
Trd, 4318070.243, 86
Trd, 4318072.093, 86
Trd, 4318073.343, 85
Trd, 4318073.443, 85
Trd, 4318074.593, 85
Trd, 4318075.343, 86
Trd, 4318079.243, 85
Trd, 4318079.293, 86
Trd, 4318079.643, 94
Trd, 4318082.893, 101
Trd, 4318084.493, 104
Trd, 4318084.943, 96
Trd, 4318087.743, 101
Trd, 4318088.443, 100
Trd, 4318088.743, 101
Trd, 4318090.043, 103
Trd, 4318091.593, 101
Trd, 4318093.293, 99
Trd, 4318094.043, 97
Trd, 4318095.993, 97
Trd, 4318096.693, 96
Trd, 4318097.293, 95
Trd, 4318100.943, 95
Trd, 4318102.293, 95
Trd, 4318103.193, 94
Trd, 4318104.443, 93
Trd, 4318104.793, 92
Trd, 4318107.643, 90
Trd, 4318108.843, 91
Trd, 4318110.043, 95
Trd, 4318110.093, 104
Trd, 4318114.143, 93
Trd, 4318114.693, 92
Trd, 4318115.693, 89
Trd, 4318116.993, 89
Trd, 4318117.493, 103
Trd, 4318119.093, 93
Trd, 4318121.543, 94
Trd, 4318123.093, 91
Trd, 4318123.743, 91
Trd, 4318125.343, 92
Trd, 4318126.493, 113
Trd, 4318128.093, 102
Trd, 4318129.793, 97
Trd, 4318133.193, 90
Trd, 4318133.543, 89
Trd, 4318136.993, 94
Trd, 4318139.043, 93
Trd, 4318140.043, 97
Trd, 4318142.293, 103
Trd, 4318143.743, 92
Trd, 4318144.243, 94
Trd, 4318144.793, 93
Trd, 4318145.943, 93
Trd, 4318148.593, 93
Trd, 4318149.143, 92
Trd, 4318149.393, 93
Trd, 4318150.793, 103
Trd, 4318152.393, 101
Trd, 4318152.643, 100
Trd, 4318152.843, 101
Trd, 4318154.793, 101
Trd, 4318156.593, 99
Trd, 4318156.993, 100
Trd, 4318159.643, 98
Trd, 4318160.543, 97
Trd, 4318161.293, 97
Trd, 4318163.493, 94
Trd, 4318164.743, 94
Trd, 4318164.993, 94
Trd, 4318165.943, 92
Trd, 4318165.993, 104
Trd, 4318169.493, 93
Trd, 4318170.093, 92
Trd, 4318171.943, 92
Trd, 4318174.143, 92
Trd, 4318175.343, 88
Trd, 4318176.693, 89
Trd, 4318177.693, 89
Trd, 4318180.143, 89
Trd, 4318180.893, 97
Trd, 4318183.793, 93
Trd, 4318185.193, 90
Trd, 4318186.993, 91
Trd, 4318187.793, 91
Trd, 4318187.893, 103
Trd, 4318189.543, 93
Trd, 4318192.593, 90
Trd, 4318193.443, 91
Trd, 4318193.543, 95
Trd, 4318195.393, 92
Trd, 4318197.343, 102
Trd, 4318197.893, 102
Trd, 4318198.243, 104
Trd, 4318203.293, 99
Trd, 4318204.143, 98
Trd, 4318205.443, 97
Trd, 4318205.693, 96
Trd, 4318207.143, 96
Trd, 4318210.293, 92
Trd, 4318210.793, 90
Trd, 4318210.993, 90
Trd, 4318211.143, 91
Trd, 4318213.193, 113
Trd, 4318215.743, 95
Trd, 4318217.443, 91
Trd, 4318217.943, 91
Trd, 4318219.293, 90
Trd, 4318219.493, 90
Trd, 4318219.543, 109
Trd, 4318222.793, 106
Trd, 4318223.593, 105
Trd, 4318223.793, 105
Trd, 4318224.193, 104
Trd, 4318225.543, 106
Trd, 4318227.943, 102
Trd, 4318228.893, 102
Trd, 4318229.843, 101
Trd, 4318230.543, 101
Trd, 4318231.193, 97
Trd, 4318232.193, 104
Trd, 4318234.093, 106
Trd, 4318235.443, 105
Trd, 4318236.343, 105
Trd, 4318237.393, 105
Trd, 4318239.043, 104
Trd, 4318241.243, 103
Trd, 4318241.443, 102
Trd, 4318242.493, 101
Trd, 4318243.293, 103
Trd, 4318245.593, 102
Trd, 4318245.793, 102
Trd, 4318246.293, 102
Trd, 4318247.043, 102
Trd, 4318247.143, 104
Trd, 4318248.893, 113
Trd, 4318251.393, 116
Trd, 4318251.693, 115
Trd, 4318251.993, 113
Trd, 4318252.493, 112
Trd, 4318255.843, 110
Trd, 4318256.493, 111
Trd, 4318257.643, 109
Trd, 4318258.893, 108
Trd, 4318259.593, 109
Trd, 4318260.943, 108
Trd, 4318262.593, 106
Trd, 4318264.143, 106
Trd, 4318264.793, 104
Trd, 4318265.993, 103
Trd, 4318266.993, 102
Trd, 4318267.643, 104
Trd, 4318269.693, 104
Trd, 4318271.793, 101
Trd, 4318272.143, 100
Trd, 4318273.693, 100
Trd, 4318276.893, 92
Trd, 4318276.943, 94
Trd, 4318278.593, 95
Trd, 4318280.443, 95
Trd, 4318281.543, 94
Trd, 4318281.793, 94
Trd, 4318282.943, 95
Trd, 4318283.743, 103
Trd, 4318285.743, 98
Trd, 4318286.393, 100
Trd, 4318289.493, 99
Trd, 4318289.593, 99
Trd, 4318289.793, 100
Trd, 4318293.743, 98
Trd, 4318294.193, 97
Trd, 4318295.693, 93
Trd, 4318296.593, 94
Trd, 4318297.643, 93
Trd, 4318299.243, 93
Trd, 4318301.293, 105
Trd, 4318302.243, 100
Trd, 4318304.343, 104
Trd, 4318305.093, 105
Trd, 4318305.643, 104
Trd, 4318306.443, 104
Trd, 4318307.593, 103
Trd, 4318308.693, 101
Trd, 4318309.693, 100
Trd, 4318312.393, 104
Trd, 4318313.343, 101
Trd, 4318314.343, 102
Trd, 4318315.643, 101
Trd, 4318315.943, 102
Trd, 4318319.143, 100
Trd, 4318320.443, 99
Trd, 4318321.493, 100
Trd, 4318324.493, 100
Trd, 4318325.343, 97
Trd, 4318325.843, 97
Trd, 4318326.693, 101
Trd, 4318328.843, 97
Trd, 4318329.243, 98
Trd, 4318331.193, 101
Trd, 4318332.393, 99
Trd, 4318333.293, 100
Trd, 4318335.893, 105
Trd, 4318335.943, 111
Trd, 4318337.793, 104
Trd, 4318338.943, 103
Trd, 4318341.393, 93
Trd, 4318341.843, 93
Trd, 4318343.193, 93
Trd, 4318345.143, 93
Trd, 4318346.693, 92
Trd, 4318347.143, 93
Trd, 4318348.743, 94
Trd, 4318351.193, 104
Trd, 4318351.693, 106
Trd, 4318354.043, 94
Trd, 4318354.693, 96
Trd, 4318357.293, 94
Trd, 4318357.693, 94
Trd, 4318358.993, 94
Trd, 4318360.443, 94
Trd, 4318361.693, 93
Trd, 4318362.943, 93
Trd, 4318364.193, 93
Trd, 4318365.443, 94
Trd, 4318366.693, 106
Trd, 4318369.043, 95
Trd, 4318369.943, 94
Trd, 4318370.043, 95
Trd, 4318372.443, 94
Trd, 4318373.993, 93
Trd, 4318374.293, 94
Trd, 4318374.443, 95
Trd, 4318376.243, 101
Trd, 4318378.343, 94
Trd, 4318379.743, 95
Trd, 4318381.493, 93
Trd, 4318381.743, 93
Trd, 4318382.143, 94
Trd, 4318384.693, 94
Trd, 4318385.893, 92
Trd, 4318387.143, 91
Trd, 4318390.543, 90
Trd, 4318390.593, 90
Trd, 4318392.293, 92
Trd, 4318392.893, 104
Trd, 4318393.993, 102
Trd, 4318398.443, 93
Trd, 4318398.793, 90
Trd, 4318401.443, 92
Trd, 4318402.293, 90
Trd, 4318402.843, 91
Trd, 4318405.793, 89
Trd, 4318407.493, 89
Trd, 4318407.793, 88
Trd, 4318408.893, 87
Trd, 4318410.493, 88
Trd, 4318410.543, 95
Trd, 4318413.843, 104
Trd, 4318415.393, 105
Trd, 4318417.093, 100
Trd, 4318420.793, 105
Trd, 4318423.093, 104
Trd, 4318423.193, 104
Trd, 4318423.843, 102
Trd, 4318425.843, 96
Trd, 4318426.193, 97
Trd, 4318427.843, 101
Trd, 4318429.043, 97
Trd, 4318431.093, 95
Trd, 4318432.643, 100
Trd, 4318432.943, 98
Trd, 4318435.343, 97
Trd, 4318435.543, 98
Trd, 4318437.443, 96
Trd, 4318437.993, 96
Trd, 4318439.643, 94
Trd, 4318439.893, 98
Trd, 4318442.493, 95
Trd, 4318443.443, 94
Trd, 4318444.143, 93
Trd, 4318445.543, 93
Trd, 4318446.443, 93
Trd, 4318446.593, 92
Trd, 4318448.093, 102
Trd, 4318449.893, 95
Trd, 4318453.593, 94
Trd, 4318453.843, 95
Trd, 4318454.793, 91
Trd, 4318454.993, 92
Trd, 4318455.643, 92
Trd, 4318456.293, 104
Trd, 4318458.143, 106
Trd, 4318460.093, 105
Trd, 4318463.743, 91
Trd, 4318464.443, 103
Trd, 4318465.443, 101
Trd, 4318466.643, 100
Trd, 4318466.793, 101
Trd, 4318468.043, 100
Trd, 4318469.143, 104
Trd, 4318471.093, 110
Trd, 4318472.843, 106
Trd, 4318473.443, 100
Trd, 4318476.293, 104
Trd, 4318476.543, 104
Trd, 4318479.093, 102
Trd, 4318479.193, 101
Trd, 4318480.043, 103
Trd, 4318480.943, 104
Trd, 4318481.893, 104
Trd, 4318482.993, 109
Trd, 4318485.993, 102
Trd, 4318486.143, 102
Trd, 4318487.243, 103
Trd, 4318488.343, 101
Trd, 4318488.543, 101
Trd, 4318489.093, 103
Trd, 4318490.543, 99
Trd, 4318491.443, 101
Trd, 4318494.193, 98
Trd, 4318495.843, 98
Trd, 4318496.193, 97
Trd, 4318496.843, 97
Trd, 4318497.343, 97
Trd, 4318499.643, 91
Trd, 4318500.493, 92
Trd, 4318501.843, 89
Trd, 4318503.443, 94
Trd, 4318504.193, 91
Trd, 4318506.393, 92
Trd, 4318508.493, 93
Trd, 4318508.643, 95
Trd, 4318509.743, 95
Trd, 4318513.043, 97
Trd, 4318513.593, 97
Trd, 4318514.143, 96
Trd, 4318515.993, 95
Trd, 4318516.893, 95
Trd, 4318519.343, 93
Trd, 4318520.043, 94
Trd, 4318522.343, 88
Trd, 4318523.093, 89
Trd, 4318523.293, 90
Trd, 4318524.543, 92
Trd, 4318525.793, 94
Trd, 4318526.693, 93
Trd, 4318530.093, 92
Trd, 4318531.693, 92
Trd, 4318531.943, 93
Trd, 4318533.743, 101
Trd, 4318534.393, 102
Trd, 4318537.043, 96
Trd, 4318537.193, 95
Trd, 4318537.843, 95
Trd, 4318539.793, 89
Trd, 4318541.593, 86
Trd, 4318541.643, 85
Trd, 4318542.393, 86
Trd, 4318544.943, 85
Trd, 4318545.243, 86
Trd, 4318545.393, 86
Trd, 4318546.843, 101
Trd, 4318550.043, 89
Trd, 4318550.393, 90
Trd, 4318551.493, 92
Trd, 4318553.743, 90
Trd, 4318554.743, 90
Trd, 4318557.943, 91
Trd, 4318558.143, 91
Trd, 4318559.143, 92
Trd, 4318561.843, 90
Trd, 4318562.593, 89
Trd, 4318563.693, 90
Trd, 4318565.443, 88
Trd, 4318565.893, 89
Trd, 4318567.643, 91
Trd, 4318567.943, 95
Trd, 4318571.493, 100
Trd, 4318572.093, 99
Trd, 4318572.543, 98
Trd, 4318574.593, 95
Trd, 4318575.293, 95
Trd, 4318577.093, 94
Trd, 4318577.893, 92
Trd, 4318578.143, 93
Trd, 4318580.143, 90
Trd, 4318580.893, 91
Trd, 4318582.843, 90
Trd, 4318584.393, 91
Trd, 4318584.743, 95
Trd, 4318585.193, 90
Trd, 4318588.243, 89
Trd, 4318590.543, 91
Trd, 4318591.093, 97
Trd, 4318592.093, 95
Trd, 4318592.893, 95
Trd, 4318594.243, 113
Trd, 4318597.093, 107
Trd, 4318598.793, 107
Trd, 4318598.993, 106
Trd, 4318599.743, 105
Trd, 4318600.893, 102
Trd, 4318601.143, 112
Trd, 4318605.893, 104
Trd, 4318607.043, 103
Trd, 4318607.743, 103
Trd, 4318608.443, 103
Trd, 4318610.743, 101
Trd, 4318611.043, 100
Trd, 4318611.293, 98
Trd, 4318612.493, 101
Trd, 4318615.193, 99
Trd, 4318615.393, 100
Trd, 4318617.993, 98
Trd, 4318619.543, 92
Trd, 4318620.143, 94
Trd, 4318621.743, 101
Trd, 4318623.843, 95
Trd, 4318624.543, 94
Trd, 4318626.243, 94
Trd, 4318626.793, 94
Trd, 4318628.193, 91
Trd, 4318628.693, 91
Trd, 4318630.593, 89
Trd, 4318631.543, 88
Trd, 4318632.043, 89
Trd, 4318633.743, 88
Trd, 4318636.993, 98
Trd, 4318637.643, 98
Trd, 4318639.493, 95
Trd, 4318640.143, 94
Trd, 4318640.943, 91
Trd, 4318640.993, 92
Trd, 4318642.143, 93
Trd, 4318646.043, 94
Trd, 4318646.243, 95
Trd, 4318648.293, 94
Trd, 4318649.193, 94
Trd, 4318649.893, 94
Trd, 4318650.893, 93
Trd, 4318653.393, 94
Trd, 4318654.693, 99
Trd, 4318656.543, 97
Trd, 4318656.743, 102
Trd, 4318659.143, 103
Trd, 4318661.543, 98
Trd, 4318662.243, 99
Trd, 4318662.843, 101
Trd, 4318664.743, 99
Trd, 4318666.643, 104
Trd, 4318668.393, 104
Trd, 4318668.543, 104
Trd, 4318669.193, 103
Trd, 4318669.843, 103
Trd, 4318672.193, 101
Trd, 4318672.643, 100
Trd, 4318672.743, 104
Trd, 4318674.893, 100
Trd, 4318675.243, 98
Trd, 4318675.343, 100
Trd, 4318678.593, 98
Trd, 4318678.943, 98
Trd, 4318679.643, 98
Trd, 4318680.993, 97
Trd, 4318681.443, 100
Trd, 4318683.193, 96
Trd, 4318683.793, 97
Trd, 4318685.293, 95
Trd, 4318685.793, 104
Trd, 4318686.993, 101
Trd, 4318689.393, 103
Trd, 4318689.943, 101
Trd, 4318690.843, 99
Trd, 4318691.193, 100
Trd, 4318691.843, 104
Trd, 4318692.393, 113
Trd, 4318694.893, 93
Trd, 4318695.193, 94
Trd, 4318697.293, 92
Trd, 4318697.993, 94
Trd, 4318698.893, 93
Trd, 4318699.693, 92
Trd, 4318701.393, 108
Trd, 4318703.743, 104
Trd, 4318705.093, 105
Trd, 4318705.993, 104
Trd, 4318706.643, 104
Trd, 4318707.493, 103
Trd, 4318709.043, 105
Trd, 4318711.593, 105
Trd, 4318711.943, 105
Trd, 4318712.293, 103
Trd, 4318715.343, 104
Trd, 4318716.493, 104
Trd, 4318717.843, 102
Trd, 4318719.743, 92
Trd, 4318719.893, 92
Trd, 4318720.793, 92
Trd, 4318723.043, 92
Trd, 4318723.143, 102
Trd, 4318725.443, 95
Trd, 4318727.243, 94
Trd, 4318729.743, 92
Trd, 4318730.293, 91
Trd, 4318731.593, 91
Trd, 4318732.093, 93
Trd, 4318733.243, 93
Trd, 4318733.393, 95
Trd, 4318736.943, 93
Trd, 4318737.193, 93
Trd, 4318740.443, 96
Trd, 4318741.293, 95
Trd, 4318742.393, 95
Trd, 4318742.943, 94
Trd, 4318743.193, 95
Trd, 4318745.843, 94
Trd, 4318746.293, 94
Trd, 4318746.543, 95
Trd, 4318746.643, 96
Trd, 4318748.593, 96
Trd, 4318750.543, 104
Trd, 4318753.243, 101
Trd, 4318754.893, 101
Trd, 4318755.193, 101
Trd, 4318756.343, 100
Trd, 4318757.293, 101
Trd, 4318757.443, 104
Trd, 4318759.443, 100
Trd, 4318759.943, 103
Trd, 4318762.143, 98
Trd, 4318763.543, 100
Trd, 4318764.243, 104
Trd, 4318765.293, 101
Trd, 4318767.743, 100
Trd, 4318768.993, 101
Trd, 4318769.393, 102
Trd, 4318770.993, 104
Trd, 4318772.443, 104
Trd, 4318773.193, 104
Trd, 4318773.493, 105
Trd, 4318776.843, 104
Trd, 4318777.143, 104
Trd, 4318779.743, 96
Trd, 4318779.843, 97
Trd, 4318780.243, 97
Trd, 4318780.843, 100
Trd, 4318784.093, 93
Trd, 4318785.043, 93
Trd, 4318785.693, 92
Trd, 4318787.593, 90
Trd, 4318787.943, 92
Trd, 4318789.743, 90
Trd, 4318789.943, 91
Trd, 4318792.593, 91
Trd, 4318794.293, 90
Trd, 4318796.543, 91
Trd, 4318798.093, 93
Trd, 4318799.743, 91
Trd, 4318800.393, 90
Trd, 4318800.443, 95
Trd, 4318801.043, 104
Trd, 4318802.743, 99
Trd, 4318803.243, 98
Trd, 4318803.343, 102
Trd, 4318804.343, 102
Trd, 4318809.093, 100
Trd, 4318810.343, 99
Trd, 4318810.943, 99
Trd, 4318811.443, 97
Trd, 4318811.893, 99
Trd, 4318815.743, 99
Trd, 4318817.993, 97
Trd, 4318818.593, 96
Trd, 4318818.893, 97
Trd, 4318820.893, 94
Trd, 4318821.043, 95
Trd, 4318823.193, 94
Trd, 4318825.143, 95
Trd, 4318826.543, 104
Trd, 4318828.693, 95
Trd, 4318829.093, 95
Trd, 4318830.093, 95
Trd, 4318832.043, 104
Trd, 4318832.293, 100
Trd, 4318833.043, 104
Trd, 4318834.443, 103
Trd, 4318836.043, 101
Trd, 4318836.693, 102
Trd, 4318839.143, 102
Trd, 4318840.393, 95
Trd, 4318840.743, 97
Trd, 4318841.943, 97
Trd, 4318844.843, 101
Trd, 4318847.043, 98
Trd, 4318847.493, 98
Trd, 4318848.443, 98
Trd, 4318848.593, 99
Trd, 4318850.593, 105
Trd, 4318853.693, 99
Trd, 4318853.993, 100
Trd, 4318855.393, 104
Trd, 4318856.943, 100
Trd, 4318857.693, 101
Trd, 4318858.793, 99
Trd, 4318860.793, 98
Trd, 4318861.043, 100
Trd, 4318861.743, 99
Trd, 4318864.243, 99
Trd, 4318864.943, 101
Trd, 4318865.443, 99
Trd, 4318867.893, 99
Trd, 4318868.193, 98
Trd, 4318869.543, 98
Trd, 4318869.643, 98
Trd, 4318872.093, 94
Trd, 4318872.493, 94
Trd, 4318873.443, 95
Trd, 4318873.993, 93
Trd, 4318875.643, 91
Trd, 4318876.593, 95
Trd, 4318878.593, 96
Trd, 4318879.643, 95
Trd, 4318880.243, 104
Trd, 4318882.193, 106
Trd, 4318883.393, 107
Trd, 4318885.543, 101
Trd, 4318886.843, 101
Trd, 4318887.593, 105
Trd, 4318889.093, 101
Trd, 4318889.393, 101
Trd, 4318891.193, 101
Trd, 4318892.493, 101
Trd, 4318893.443, 99
Trd, 4318893.493, 103
Trd, 4318896.543, 101
Trd, 4318897.193, 98
Trd, 4318897.693, 97
Trd, 4318897.893, 98
Trd, 4318900.593, 99
Trd, 4318902.243, 97
Trd, 4318903.293, 96
Trd, 4318903.593, 97
Trd, 4318905.843, 97
Trd, 4318906.093, 96
Trd, 4318906.693, 97
Trd, 4318909.393, 92
Trd, 4318909.743, 93
Trd, 4318912.743, 88
Trd, 4318913.493, 87
Trd, 4318913.693, 89
Trd, 4318915.493, 99
Trd, 4318917.593, 96
Trd, 4318918.393, 95
Trd, 4318918.993, 96
Trd, 4318919.393, 96
Trd, 4318920.143, 104
Trd, 4318922.143, 110
Trd, 4318922.843, 106
Trd, 4318923.393, 105
Trd, 4318925.493, 91
Trd, 4318925.943, 90
Trd, 4318928.843, 87
Trd, 4318930.343, 89
Trd, 4318930.543, 89
Trd, 4318931.743, 87
Trd, 4318933.393, 95
Trd, 4318936.793, 102
Trd, 4318937.743, 99
Trd, 4318937.893, 98
Trd, 4318939.293, 96
Trd, 4318940.343, 96
Trd, 4318941.743, 94
Trd, 4318943.143, 95
Trd, 4318944.443, 92
Trd, 4318947.193, 87
Trd, 4318947.293, 87
Trd, 4318947.593, 87
Trd, 4318948.693, 95
Trd, 4318949.343, 89
Trd, 4318950.893, 99
Trd, 4318951.643, 93
Trd, 4318952.793, 94
Trd, 4318955.143, 93
Trd, 4318956.243, 92
Trd, 4318957.393, 95
Trd, 4318960.193, 92
Trd, 4318960.743, 94
Trd, 4318961.693, 94
Trd, 4318963.743, 92
Trd, 4318965.593, 93
Trd, 4318965.643, 94
Trd, 4318966.743, 93
Trd, 4318968.843, 92
Trd, 4318970.193, 92
Trd, 4318970.743, 95
Trd, 4318972.543, 93
Trd, 4318974.943, 99
Trd, 4318977.243, 91
Trd, 4318978.243, 91
Trd, 4318978.793, 90
Trd, 4318979.243, 95
Trd, 4318980.443, 104
Trd, 4318982.243, 94
Trd, 4318984.443, 95
Trd, 4318984.993, 96
Trd, 4318986.743, 94
Trd, 4318987.643, 94
Trd, 4318987.943, 95
Trd, 4318990.293, 95
Trd, 4318990.793, 94
Trd, 4318991.543, 96
Trd, 4318992.643, 105
Trd, 4318995.043, 102
Trd, 4318997.943, 95
Trd, 4318998.343, 94
Trd, 4319000.093, 93
Trd, 4319000.893, 92
Trd, 4319001.143, 94
Trd, 4319003.543, 103
Trd, 4319003.843, 102
Trd, 4319005.993, 97
Trd, 4319006.943, 93
Trd, 4319009.143, 90
Trd, 4319009.343, 90
Trd, 4319010.493, 89
Trd, 4319011.043, 95
Trd, 4319011.493, 93
Trd, 4319013.043, 91
Trd, 4319014.093, 104
Trd, 4319017.843, 97
Trd, 4319019.193, 97
Trd, 4319020.643, 96
Trd, 4319021.093, 96
Trd, 4319021.993, 96
Trd, 4319023.593, 95
Trd, 4319023.643, 96
Trd, 4319024.643, 101
Trd, 4319028.243, 106
Trd, 4319029.143, 106
Trd, 4319030.193, 105
Trd, 4319030.793, 105
Trd, 4319032.243, 105
Trd, 4319032.443, 104
Trd, 4319033.243, 101
Trd, 4319034.343, 95
Trd, 4319035.093, 96
Trd, 4319036.543, 95
Trd, 4319037.443, 104
Trd, 4319038.893, 96
Trd, 4319039.593, 97
Trd, 4319039.943, 100
Trd, 4319042.143, 112
Trd, 4319042.993, 106
Trd, 4319043.143, 123
Trd, 4319044.043, 113
Trd, 4319046.793, 106
Trd, 4319047.093, 105
Trd, 4319047.743, 104
Trd, 4319049.143, 131
Trd, 4319050.893, 110
Trd, 4319051.793, 109
Trd, 4319053.943, 103
Trd, 4319054.693, 101
Trd, 4319055.243, 101
Trd, 4319056.343, 95
Trd, 4319058.893, 92
Trd, 4319058.943, 94
Trd, 4319061.293, 94
Trd, 4319061.693, 94
Trd, 4319062.743, 95
Trd, 4319064.143, 104
Trd, 4319065.893, 98
Trd, 4319067.643, 100
Trd, 4319068.093, 99
Trd, 4319068.543, 100
Trd, 4319069.993, 99
Trd, 4319072.193, 99
Trd, 4319072.843, 103
Trd, 4319074.743, 100
Trd, 4319075.193, 99
Trd, 4319076.093, 100
Trd, 4319077.743, 100
Trd, 4319080.243, 100
Trd, 4319080.443, 100
Trd, 4319080.893, 101
Trd, 4319081.993, 100
Trd, 4319083.093, 99
Trd, 4319083.243, 100
Trd, 4319084.193, 103
Trd, 4319085.593, 100
Trd, 4319087.143, 98
Trd, 4319088.543, 102
Trd, 4319090.093, 99
Trd, 4319091.843, 97
Trd, 4319092.843, 96
Trd, 4319095.243, 96
Trd, 4319095.343, 97
Trd, 4319097.643, 95
Trd, 4319097.793, 96
Trd, 4319101.143, 96
Trd, 4319102.243, 94
Trd, 4319102.643, 98
Trd, 4319104.743, 104
Trd, 4319105.193, 106
Trd, 4319107.493, 103
Trd, 4319109.093, 100
Trd, 4319110.643, 100
Trd, 4319111.193, 104
Trd, 4319113.893, 103
Trd, 4319116.043, 100
Trd, 4319117.343, 103
Trd, 4319117.543, 104
Trd, 4319118.793, 105
Trd, 4319119.343, 104
Trd, 4319121.143, 103
Trd, 4319123.243, 102
Trd, 4319123.643, 102
Trd, 4319124.743, 102
Trd, 4319126.043, 97
Trd, 4319126.443, 98
Trd, 4319128.493, 100
Trd, 4319128.743, 100
Trd, 4319131.243, 92
Trd, 4319132.043, 92
Trd, 4319133.243, 89
Trd, 4319135.193, 90
Trd, 4319137.393, 92
Trd, 4319137.543, 95
Trd, 4319141.043, 91
Trd, 4319141.793, 90
Trd, 4319142.743, 89
Trd, 4319143.343, 88
Trd, 4319143.893, 94
Trd, 4319146.793, 89
Trd, 4319148.093, 95
Trd, 4319149.093, 88
Trd, 4319149.593, 88
Trd, 4319149.643, 90
Trd, 4319152.293, 99
Trd, 4319154.093, 92
Trd, 4319154.893, 93
Trd, 4319155.043, 94
Trd, 4319155.593, 93
Trd, 4319158.643, 99
Trd, 4319158.743, 101
Trd, 4319160.493, 98
Trd, 4319161.793, 97
Trd, 4319163.343, 91
Trd, 4319164.743, 92
Trd, 4319166.393, 103
Trd, 4319168.743, 100
Trd, 4319170.593, 101
Trd, 4319170.943, 102
Trd, 4319171.293, 102
Trd, 4319173.943, 100
Trd, 4319174.693, 100
Trd, 4319175.693, 99
Trd, 4319175.793, 100
Trd, 4319178.143, 100
Trd, 4319179.393, 99
Trd, 4319179.693, 101
Trd, 4319182.193, 97
Trd, 4319183.893, 95
Trd, 4319184.593, 94
Trd, 4319186.243, 95
Trd, 4319187.943, 104
Trd, 4319189.743, 106
Trd, 4319190.993, 104
Trd, 4319191.993, 103
Trd, 4319192.993, 104
Trd, 4319195.293, 102
Trd, 4319195.793, 100
Trd, 4319198.593, 94
Trd, 4319198.893, 93
Trd, 4319199.293, 93
Trd, 4319200.243, 93
Trd, 4319201.643, 96
Trd, 4319203.443, 93
Trd, 4319204.143, 93
Trd, 4319205.293, 102
Trd, 4319206.743, 101
Trd, 4319207.993, 100
Trd, 4319209.493, 104
Trd, 4319209.793, 103
Trd, 4319210.893, 100
Trd, 4319212.443, 98
Trd, 4319212.643, 99
Trd, 4319216.343, 91
Trd, 4319216.493, 92
Trd, 4319216.993, 93
Trd, 4319220.943, 92
Trd, 4319222.743, 96
Trd, 4319224.343, 93
Trd, 4319225.443, 92
Trd, 4319225.693, 92
Trd, 4319225.843, 91
Trd, 4319227.343, 91
Trd, 4319227.693, 91
Trd, 4319228.993, 95
Trd, 4319233.043, 99
Trd, 4319234.743, 101
Trd, 4319235.693, 96
Trd, 4319235.993, 97
Trd, 4319237.343, 97
Trd, 4319238.743, 98
Trd, 4319239.693, 99
Trd, 4319240.843, 96
Trd, 4319241.093, 95
Trd, 4319242.293, 93
Trd, 4319243.293, 94
Trd, 4319245.243, 94
Trd, 4319247.993, 95
Trd, 4319249.043, 103
Trd, 4319250.843, 99
Trd, 4319251.543, 98
Trd, 4319251.693, 98
Trd, 4319254.543, 93
Trd, 4319254.593, 94
Trd, 4319256.043, 93
Trd, 4319258.043, 93
Trd, 4319258.193, 104
Trd, 4319259.343, 96
Trd, 4319263.043, 95
Trd, 4319263.493, 94
Trd, 4319264.043, 94
Trd, 4319264.193, 95
Trd, 4319264.293, 97
Trd, 4319267.293, 102
Trd, 4319268.593, 103
Trd, 4319270.893, 101
Trd, 4319271.493, 100
Trd, 4319271.593, 100
Trd, 4319271.943, 99
Trd, 4319275.193, 89
Trd, 4319276.393, 98
Trd, 4319276.643, 103
Trd, 4319277.793, 126
Trd, 4319280.043, 109
Trd, 4319281.243, 109
Trd, 4319281.793, 107
Trd, 4319282.193, 105
Trd, 4319283.193, 104
Trd, 4319283.793, 104
Trd, 4319284.193, 104
Trd, 4319285.743, 104
Trd, 4319286.693, 102
Trd, 4319287.643, 112
Trd, 4319291.593, 105
Trd, 4319293.043, 103
Trd, 4319293.643, 102
Trd, 4319293.843, 102
Trd, 4319294.343, 103
Trd, 4319298.143, 101
Trd, 4319300.193, 103
Trd, 4319302.093, 97
Trd, 4319302.343, 98
Trd, 4319303.793, 96
Trd, 4319305.893, 94
Trd, 4319306.493, 94
Trd, 4319306.693, 95
Trd, 4319309.843, 95
Trd, 4319311.493, 99
Trd, 4319311.993, 99
Trd, 4319313.493, 97
Trd, 4319314.593, 95
Trd, 4319314.643, 95
Trd, 4319314.693, 96
Trd, 4319317.393, 91
Trd, 4319320.793, 86
Trd, 4319321.343, 90
Trd, 4319323.343, 93
Trd, 4319325.443, 101
Trd, 4319327.043, 92
Trd, 4319328.093, 94
Trd, 4319328.893, 95
Trd, 4319329.293, 94
Trd, 4319329.543, 95
Trd, 4319333.193, 94
Trd, 4319334.043, 102
Trd, 4319335.793, 95
Trd, 4319336.543, 94
Trd, 4319337.593, 93
Trd, 4319339.293, 93
Trd, 4319340.143, 92
Trd, 4319342.943, 97
Trd, 4319344.693, 96
Trd, 4319345.293, 97
Trd, 4319346.243, 98
Trd, 4319349.243, 102
Trd, 4319351.093, 98
Trd, 4319351.393, 97
Trd, 4319351.493, 97
Trd, 4319351.593, 97
Trd, 4319354.493, 99
Trd, 4319355.293, 98
Trd, 4319356.443, 97
Trd, 4319356.593, 99
Trd, 4319358.693, 104
Trd, 4319361.593, 103
Trd, 4319362.693, 102
Trd, 4319363.243, 100
Trd, 4319363.293, 101
Trd, 4319363.893, 112
Trd, 4319366.443, 110
Trd, 4319367.193, 109
Trd, 4319367.293, 108
Trd, 4319369.893, 107
Trd, 4319370.893, 105
Trd, 4319372.693, 104
Trd, 4319374.143, 99
Trd, 4319375.493, 97
Trd, 4319377.193, 93
Trd, 4319378.343, 92
Trd, 4319378.843, 89
Trd, 4319380.693, 91
Trd, 4319381.793, 92
Trd, 4319382.393, 105
Trd, 4319385.493, 106
Trd, 4319386.293, 104
Trd, 4319386.493, 103
Trd, 4319387.743, 100
Trd, 4319390.543, 91
Trd, 4319391.243, 91
Trd, 4319391.293, 93
Trd, 4319391.443, 93
Trd, 4319394.193, 94
Trd, 4319395.193, 92
Trd, 4319395.443, 93
Trd, 4319397.693, 102
Trd, 4319398.293, 104
Trd, 4319400.893, 96
Trd, 4319401.943, 95
Trd, 4319402.343, 96
Trd, 4319403.793, 103
Trd, 4319405.393, 98
Trd, 4319405.793, 101
Trd, 4319406.193, 113
Trd, 4319409.743, 102
Trd, 4319410.093, 102
Trd, 4319411.593, 99
Trd, 4319412.293, 100
Trd, 4319413.493, 101
Trd, 4319415.493, 100
Trd, 4319415.593, 101
Trd, 4319418.443, 103
Trd, 4319418.893, 102
Trd, 4319419.043, 104
Trd, 4319419.893, 111
Trd, 4319423.793, 103
Trd, 4319424.343, 102
Trd, 4319425.143, 101
Trd, 4319425.643, 101
Trd, 4319426.643, 100
Trd, 4319429.143, 98
Trd, 4319429.543, 97
Trd, 4319431.143, 99
Trd, 4319431.793, 99
Trd, 4319432.993, 97
Trd, 4319433.943, 94
Trd, 4319435.843, 88
Trd, 4319436.593, 86
Trd, 4319437.793, 86
Trd, 4319437.993, 86
Trd, 4319440.093, 86
Trd, 4319440.443, 85
Trd, 4319443.693, 86
Trd, 4319443.843, 86
Trd, 4319446.343, 92
Trd, 4319447.043, 92
Trd, 4319448.043, 104
Trd, 4319450.693, 95
Trd, 4319451.043, 102
Trd, 4319451.593, 103
Trd, 4319453.743, 103
Trd, 4319454.343, 103
Trd, 4319456.743, 102
Trd, 4319458.143, 103
Trd, 4319458.493, 103
Trd, 4319459.043, 103
Trd, 4319459.393, 103
Trd, 4319461.593, 102
Trd, 4319463.843, 101
Trd, 4319464.893, 100
Trd, 4319466.043, 98
Trd, 4319466.943, 97
Trd, 4319467.443, 103
Trd, 4319470.593, 97
Trd, 4319472.293, 96
Trd, 4319472.943, 95
Trd, 4319473.093, 96
Trd, 4319473.593, 103
Trd, 4319475.393, 98
Trd, 4319475.593, 98
Trd, 4319478.143, 96
Trd, 4319479.943, 95
Trd, 4319480.543, 94
Trd, 4319481.743, 93
Trd, 4319483.043, 103
Trd, 4319484.243, 99
Trd, 4319487.343, 94
Trd, 4319487.793, 94
Trd, 4319489.943, 95
Trd, 4319490.143, 104
Trd, 4319491.743, 97
Trd, 4319492.843, 102
Trd, 4319495.043, 99
Trd, 4319495.493, 100
Trd, 4319496.793, 101
Trd, 4319497.393, 101
Trd, 4319497.943, 101
Trd, 4319498.793, 99
Trd, 4319500.243, 101
Trd, 4319502.093, 99
Trd, 4319503.143, 97
Trd, 4319503.193, 97
Trd, 4319505.793, 93
Trd, 4319505.893, 94
Trd, 4319507.393, 102
Trd, 4319509.143, 99
Trd, 4319510.143, 97
Trd, 4319511.143, 96
Trd, 4319514.393, 95
Trd, 4319514.543, 94
Trd, 4319515.193, 95
Trd, 4319517.243, 94
Trd, 4319517.893, 95
Trd, 4319519.843, 103
Trd, 4319521.643, 95
Trd, 4319522.493, 95
Trd, 4319523.393, 101
Trd, 4319524.093, 98
Trd, 4319527.693, 97
Trd, 4319530.543, 97
Trd, 4319530.993, 97
Trd, 4319531.443, 103
Trd, 4319532.343, 97
Trd, 4319534.743, 96
Trd, 4319535.943, 95
Trd, 4319538.343, 93
Trd, 4319538.543, 102
Trd, 4319538.993, 103
Trd, 4319543.293, 94
Trd, 4319543.393, 95
Trd, 4319544.943, 93
Trd, 4319545.243, 92
Trd, 4319547.743, 85
Trd, 4319547.843, 86
Trd, 4319548.193, 95
Trd, 4319551.393, 86
Trd, 4319553.493, 87
Trd, 4319555.143, 87
Trd, 4319555.843, 95
Trd, 4319559.843, 94
Trd, 4319560.093, 94
Trd, 4319560.343, 94
Trd, 4319562.043, 102
Trd, 4319562.743, 101
Trd, 4319563.493, 102
Trd, 4319564.643, 99
Trd, 4319564.693, 104
Trd, 4319568.393, 99
Trd, 4319569.243, 100
Trd, 4319570.593, 100
Trd, 4319571.393, 100
Trd, 4319572.393, 99
Trd, 4319572.443, 101
Trd, 4319574.143, 104
Trd, 4319575.843, 100
Trd, 4319577.243, 99
Trd, 4319577.543, 97
Trd, 4319577.693, 97
Trd, 4319578.743, 101
Trd, 4319581.443, 97
Trd, 4319583.893, 100
Trd, 4319584.143, 100
Trd, 4319584.843, 100
Trd, 4319585.943, 104
Trd, 4319587.193, 102
Trd, 4319589.393, 102
Trd, 4319590.093, 104
Trd, 4319591.043, 102
Trd, 4319591.993, 103
Trd, 4319594.293, 102
Trd, 4319594.443, 102
Trd, 4319595.743, 102
Trd, 4319598.043, 102
Trd, 4319598.743, 104
Trd, 4319599.793, 102
Trd, 4319600.743, 103
Trd, 4319604.143, 105
Trd, 4319604.343, 105
Trd, 4319605.643, 102
Trd, 4319607.693, 92
Trd, 4319608.043, 93
Trd, 4319610.943, 98
Trd, 4319611.493, 104
Trd, 4319612.543, 104
Trd, 4319613.343, 104
Trd, 4319613.993, 105
Trd, 4319615.793, 106
Trd, 4319616.243, 106
Trd, 4319616.893, 105
Trd, 4319617.743, 104
Trd, 4319620.793, 103
Trd, 4319622.143, 102
Trd, 4319622.743, 101
Trd, 4319624.193, 99
Trd, 4319627.043, 98
Trd, 4319627.593, 96
Trd, 4319628.793, 94
Trd, 4319629.843, 94
Trd, 4319630.243, 95
Trd, 4319633.143, 99
Trd, 4319633.293, 99
Trd, 4319633.643, 100
Trd, 4319636.393, 102
Trd, 4319636.793, 102
Trd, 4319637.293, 103
Trd, 4319637.493, 104
Trd, 4319639.343, 100
Trd, 4319640.493, 100
Trd, 4319641.943, 99
Trd, 4319643.643, 111
Trd, 4319646.343, 102
Trd, 4319647.143, 102
Trd, 4319648.993, 100
Trd, 4319650.343, 99
Trd, 4319650.593, 99
Trd, 4319651.643, 103
Trd, 4319652.343, 103
Trd, 4319655.093, 96
Trd, 4319655.943, 98
Trd, 4319658.893, 98
Trd, 4319659.643, 96
Trd, 4319660.193, 96
Trd, 4319663.443, 98
Trd, 4319663.943, 99
Trd, 4319664.393, 99
Trd, 4319665.993, 101
Trd, 4319668.793, 98
Trd, 4319669.993, 98
Trd, 4319670.593, 99
Trd, 4319671.893, 112
Trd, 4319673.343, 103
Trd, 4319674.743, 103
Trd, 4319675.443, 104
Trd, 4319675.893, 102
Trd, 4319677.443, 101
Trd, 4319678.243, 100
Trd, 4319679.343, 96
Trd, 4319681.693, 100
Trd, 4319683.643, 100
Trd, 4319683.743, 100
Trd, 4319684.943, 99
Trd, 4319687.243, 95
Trd, 4319687.593, 96
Trd, 4319689.593, 103
Trd, 4319689.793, 104
Trd, 4319690.993, 99
Trd, 4319691.593, 98
Trd, 4319692.943, 94
Trd, 4319694.143, 104
Trd, 4319696.493, 105
Trd, 4319696.793, 106
Trd, 4319698.743, 103
Trd, 4319700.693, 104
Trd, 4319701.593, 103
Trd, 4319702.343, 105
Trd, 4319704.793, 104
Trd, 4319705.393, 104
Trd, 4319707.143, 101
Trd, 4319708.443, 104
Trd, 4319709.093, 102
Trd, 4319709.693, 103
Trd, 4319710.793, 100
Trd, 4319712.143, 95
Trd, 4319715.343, 99
Trd, 4319717.043, 94
Trd, 4319718.443, 90
Trd, 4319718.493, 91
Trd, 4319719.043, 93
Trd, 4319720.893, 92
Trd, 4319721.093, 95
Trd, 4319722.243, 102
Trd, 4319724.893, 100
Trd, 4319725.993, 95
Trd, 4319727.793, 96
Trd, 4319728.543, 98
Trd, 4319729.943, 103
Trd, 4319731.293, 99
Trd, 4319732.693, 99
Trd, 4319733.393, 97
Trd, 4319735.093, 98
Trd, 4319736.493, 97
Trd, 4319738.293, 99
Trd, 4319740.593, 92
Trd, 4319741.093, 88
Trd, 4319741.343, 90
Trd, 4319742.743, 89
Trd, 4319745.693, 86
Trd, 4319746.543, 104
Trd, 4319748.793, 104
Trd, 4319750.143, 101
Trd, 4319750.543, 100
Trd, 4319751.843, 102
Trd, 4319753.443, 100
Trd, 4319754.943, 109
Trd, 4319756.693, 106
Trd, 4319757.943, 107
Trd, 4319758.443, 106
Trd, 4319759.643, 103
Trd, 4319760.493, 103
Trd, 4319762.893, 104
Trd, 4319763.843, 102
Trd, 4319764.443, 103
Trd, 4319765.543, 103
Trd, 4319766.443, 102
Trd, 4319767.143, 102
Trd, 4319767.293, 103
Trd, 4319769.643, 96
Trd, 4319770.143, 97
Trd, 4319773.743, 101
Trd, 4319774.243, 97
Trd, 4319774.743, 102
Trd, 4319777.593, 97
Trd, 4319778.793, 96
Trd, 4319779.243, 95
Trd, 4319779.893, 95
Trd, 4319780.743, 92
Trd, 4319783.043, 98
Trd, 4319785.443, 120
Trd, 4319787.543, 105
Trd, 4319787.793, 104
Trd, 4319788.643, 105
Trd, 4319788.743, 104
Trd, 4319790.193, 102
Trd, 4319792.143, 102
Trd, 4319793.843, 102
Trd, 4319794.893, 100
Trd, 4319795.443, 94
Trd, 4319797.643, 89
Trd, 4319798.993, 92
Trd, 4319800.643, 91
Trd, 4319802.793, 90
Trd, 4319802.893, 92
Trd, 4319805.143, 90
Trd, 4319806.393, 103
Trd, 4319809.993, 90
Trd, 4319810.143, 91
Trd, 4319810.843, 91
Trd, 4319810.893, 93
Trd, 4319812.943, 103
Trd, 4319815.243, 101
Trd, 4319816.043, 97
Trd, 4319817.593, 96
Trd, 4319818.143, 96
Trd, 4319819.343, 95
Trd, 4319820.793, 92
Trd, 4319821.593, 93
Trd, 4319824.493, 92
Trd, 4319827.193, 91
Trd, 4319827.493, 91
Trd, 4319828.743, 91
Trd, 4319829.043, 91
Trd, 4319830.043, 92
Trd, 4319830.493, 103
Trd, 4319832.043, 101
Trd, 4319833.293, 101
Trd, 4319836.493, 98
Trd, 4319838.293, 94
Trd, 4319838.643, 94
Trd, 4319841.093, 93
Trd, 4319842.393, 94
Trd, 4319842.693, 104
Trd, 4319845.843, 104
Trd, 4319846.193, 104
Trd, 4319846.743, 103
Trd, 4319848.243, 101
Trd, 4319848.443, 99
Trd, 4319850.093, 101
Trd, 4319850.243, 104
Trd, 4319852.293, 100
Trd, 4319852.793, 99
Trd, 4319854.193, 97
Trd, 4319854.693, 100
Trd, 4319859.643, 90
Trd, 4319859.993, 90
Trd, 4319861.493, 102
Trd, 4319862.493, 101
Trd, 4319863.793, 100
Trd, 4319866.593, 104
Trd, 4319868.793, 106
Trd, 4319869.293, 105
Trd, 4319870.543, 106
Trd, 4319871.593, 105
Trd, 4319873.893, 105
Trd, 4319876.343, 100
Trd, 4319876.593, 99
Trd, 4319877.593, 97
Trd, 4319878.943, 92
Trd, 4319880.893, 104
Trd, 4319880.943, 105
Trd, 4319883.693, 95
Trd, 4319884.643, 94
Trd, 4319885.843, 106
Trd, 4319888.343, 92
Trd, 4319889.043, 91
Trd, 4319889.743, 91
Trd, 4319890.993, 103
Trd, 4319891.943, 93
Trd, 4319895.443, 93
Trd, 4319895.993, 92
Trd, 4319896.843, 105
Trd, 4319899.843, 97
Trd, 4319900.343, 97
Trd, 4319900.893, 98
Trd, 4319901.393, 103
Trd, 4319903.693, 104
Trd, 4319906.943, 100
Trd, 4319908.593, 101
Trd, 4319909.093, 103
Trd, 4319910.643, 99
Trd, 4319912.293, 98
Trd, 4319912.643, 102
Trd, 4319912.693, 102
Trd, 4319916.293, 100
Trd, 4319916.343, 101
Trd, 4319916.893, 100
Trd, 4319918.793, 103
Trd, 4319921.443, 97
Trd, 4319923.243, 96
Trd, 4319925.493, 91
Trd, 4319925.943, 90
Trd, 4319926.693, 90
Trd, 4319928.893, 90
Trd, 4319929.043, 95
Trd, 4319930.593, 102
Trd, 4319931.193, 98
Trd, 4319933.643, 95
Trd, 4319934.393, 93
Trd, 4319935.343, 91
Trd, 4319936.543, 90
Trd, 4319936.743, 91
Trd, 4319938.343, 89
Trd, 4319938.893, 103
Trd, 4319942.293, 87
Trd, 4319943.193, 88
Trd, 4319943.743, 89
Trd, 4319944.693, 92
Trd, 4319946.893, 88
Trd, 4319948.193, 88
Trd, 4319948.393, 95
Trd, 4319949.693, 102
Trd, 4319951.893, 89
Trd, 4319952.393, 88
Trd, 4319953.443, 89
Trd, 4319957.193, 87
Trd, 4319958.193, 88
Trd, 4319959.043, 87
Trd, 4319959.693, 88
Trd, 4319961.543, 87
Trd, 4319962.393, 88
Trd, 4319964.893, 87
Trd, 4319964.943, 87
Trd, 4319965.643, 87
Trd, 4319966.543, 85
Trd, 4319966.893, 85
Trd, 4319967.343, 86
Trd, 4319967.693, 94
Trd, 4319969.593, 95
Trd, 4319971.793, 98
Trd, 4319974.343, 92
Trd, 4319977.043, 94
Trd, 4319978.993, 92
Trd, 4319979.043, 104
Trd, 4319982.793, 94
Trd, 4319983.493, 94
Trd, 4319984.543, 93
Trd, 4319984.893, 93
Trd, 4319985.343, 89
Trd, 4319985.943, 95
Trd, 4319988.743, 88
Trd, 4319989.343, 89
Trd, 4319989.693, 88
Trd, 4319993.043, 90
Trd, 4319993.193, 91
Trd, 4319994.493, 89
Trd, 4319998.543, 93
Trd, 4319999.843, 93
