Trd, 4317867.043, 105
Trd, 4317867.293, 102
Trd, 4317868.843, 102
Trd, 4317869.793, 114
Trd, 4317872.943, 106
Trd, 4317875.893, 104
Trd, 4317876.193, 104
Trd, 4317876.593, 102
Trd, 4317877.293, 101
Trd, 4317878.593, 86
Trd, 4317879.543, 97
Trd, 4317880.293, 85
Trd, 4317881.893, 88
Trd, 4317883.193, 94
Trd, 4317883.443, 98
Trd, 4317884.943, 86
Trd, 4317888.593, 104
Trd, 4317889.093, 97
Trd, 4317889.593, 95
Trd, 4317889.743, 114
Trd, 4317890.343, 98
Trd, 4317891.893, 100
Trd, 4317893.143, 103
Trd, 4317894.043, 104
Trd, 4317894.193, 115
Trd, 4317894.493, 87
Trd, 4317897.643, 102
Trd, 4317900.293, 101
Trd, 4317900.893, 104
Trd, 4317901.243, 104
Trd, 4317902.593, 102
Trd, 4317903.743, 104
Trd, 4317903.943, 104
Trd, 4317904.593, 85
Trd, 4317906.543, 97
Trd, 4317906.743, 94
Trd, 4317911.743, 103
Trd, 4317912.443, 99
Trd, 4317913.043, 98
Trd, 4317914.293, 104
Trd, 4317914.693, 104
Trd, 4317916.043, 105
Trd, 4317916.693, 106
Trd, 4317918.643, 115
Trd, 4317919.793, 107
Trd, 4317920.243, 106
Trd, 4317922.193, 107
Trd, 4317922.693, 103
Trd, 4317923.943, 107
Trd, 4317924.493, 104
Trd, 4317926.943, 91
Trd, 4317927.793, 98
Trd, 4317928.393, 97
Trd, 4317929.993, 98
Trd, 4317930.243, 98
Trd, 4317930.943, 104
Trd, 4317933.193, 97
Trd, 4317933.693, 97
Trd, 4317935.193, 95
Trd, 4317936.293, 95
Trd, 4317936.593, 101
Trd, 4317937.193, 93
Trd, 4317942.343, 95
Trd, 4317942.693, 95
Trd, 4317942.743, 97
Trd, 4317943.293, 95
Trd, 4317945.143, 104
Trd, 4317945.493, 101
Trd, 4317947.493, 100
Trd, 4317948.043, 90
Trd, 4317952.243, 105
Trd, 4317952.593, 104
Trd, 4317953.143, 98
Trd, 4317953.893, 102
Trd, 4317954.243, 96
Trd, 4317957.343, 102
Trd, 4317960.693, 100
Trd, 4317961.343, 99
Trd, 4317961.643, 104
Trd, 4317963.843, 99
Trd, 4317964.843, 99
Trd, 4317966.443, 99
Trd, 4317967.243, 103
Trd, 4317968.443, 98
Trd, 4317969.643, 97
Trd, 4317969.793, 94
Trd, 4317970.593, 104
Trd, 4317974.093, 89
Trd, 4317975.093, 104
Trd, 4317975.593, 91
Trd, 4317976.393, 90
Trd, 4317980.543, 93
Trd, 4317981.893, 90
Trd, 4317983.593, 96
Trd, 4317984.343, 92
Trd, 4317988.793, 91
Trd, 4317989.193, 94
Trd, 4317989.793, 95
Trd, 4317992.993, 103
Trd, 4317993.793, 102
Trd, 4317994.193, 104
Trd, 4317996.443, 101
Trd, 4317997.643, 104
Trd, 4317998.943, 96
Trd, 4318001.493, 100
Trd, 4318001.793, 97
Trd, 4318003.993, 104
Trd, 4318004.843, 98
Trd, 4318004.993, 97
Trd, 4318008.243, 100
Trd, 4318008.693, 122
Trd, 4318010.693, 96
Trd, 4318010.993, 96
Trd, 4318013.093, 97
Trd, 4318016.143, 103
Trd, 4318016.743, 102
Trd, 4318017.793, 103
Trd, 4318018.193, 105
Trd, 4318019.043, 101
Trd, 4318020.543, 101
Trd, 4318022.093, 110
Trd, 4318022.343, 109
Trd, 4318023.393, 75
Trd, 4318023.893, 91
Trd, 4318025.343, 104
Trd, 4318026.593, 101
Trd, 4318026.893, 110
Trd, 4318029.393, 118
Trd, 4318029.543, 113
Trd, 4318030.943, 109
Trd, 4318031.793, 110
Trd, 4318032.443, 104
Trd, 4318033.793, 104
Trd, 4318038.293, 104
Trd, 4318038.743, 104
Trd, 4318040.743, 103
Trd, 4318043.093, 101
Trd, 4318044.143, 99
Trd, 4318047.493, 100
Trd, 4318047.693, 101
Trd, 4318048.443, 101
Trd, 4318049.243, 101
Trd, 4318050.893, 102
Trd, 4318052.843, 90
Trd, 4318054.943, 95
Trd, 4318056.543, 101
Trd, 4318058.743, 96
Trd, 4318061.443, 96
Trd, 4318061.593, 98
Trd, 4318062.993, 98
Trd, 4318063.793, 104
Trd, 4318064.693, 97
Trd, 4318066.493, 104
Trd, 4318067.693, 104
Trd, 4318068.543, 104
Trd, 4318072.193, 102
Trd, 4318072.643, 104
Trd, 4318072.893, 104
Trd, 4318074.493, 105
Trd, 4318075.143, 106
Trd, 4318076.343, 104
Trd, 4318077.443, 106
Trd, 4318077.793, 105
Trd, 4318079.443, 81
Trd, 4318080.543, 91
Trd, 4318081.743, 95
Trd, 4318086.393, 91
Trd, 4318086.743, 94
Trd, 4318087.843, 106
Trd, 4318087.893, 91
Trd, 4318089.643, 114
Trd, 4318093.043, 98
Trd, 4318093.243, 95
Trd, 4318094.043, 102
Trd, 4318094.693, 104
Trd, 4318095.093, 97
Trd, 4318097.693, 104
Trd, 4318099.143, 103
Trd, 4318099.193, 102
Trd, 4318099.843, 82
Trd, 4318101.493, 103
Trd, 4318103.443, 103
Trd, 4318103.693, 102
Trd, 4318103.943, 102
Trd, 4318105.443, 96
Trd, 4318106.243, 97
Trd, 4318108.193, 103
Trd, 4318109.093, 96
Trd, 4318109.943, 102
Trd, 4318111.643, 103
Trd, 4318114.543, 101
Trd, 4318114.643, 102
Trd, 4318116.743, 101
Trd, 4318118.993, 102
Trd, 4318119.793, 104
Trd, 4318120.193, 114
Trd, 4318120.243, 90
Trd, 4318123.443, 104
Trd, 4318125.393, 103
Trd, 4318126.443, 103
Trd, 4318128.343, 103
Trd, 4318130.893, 104
Trd, 4318132.043, 104
Trd, 4318132.893, 102
Trd, 4318133.043, 97
Trd, 4318135.943, 103
Trd, 4318137.343, 103
Trd, 4318138.293, 107
Trd, 4318139.443, 102
Trd, 4318139.893, 108
Trd, 4318140.743, 104
Trd, 4318142.493, 105
Trd, 4318143.043, 105
Trd, 4318144.843, 103
Trd, 4318146.793, 98
Trd, 4318147.693, 104
Trd, 4318149.343, 101
Trd, 4318152.043, 104
Trd, 4318153.043, 100
Trd, 4318155.443, 103
Trd, 4318155.743, 104
Trd, 4318155.943, 103
Trd, 4318156.543, 100
Trd, 4318158.443, 99
Trd, 4318158.843, 103
Trd, 4318160.043, 101
Trd, 4318160.393, 103
Trd, 4318160.943, 100
Trd, 4318162.243, 104
Trd, 4318163.343, 102
Trd, 4318167.293, 103
Trd, 4318170.343, 102
Trd, 4318170.893, 102
Trd, 4318171.643, 104
Trd, 4318171.993, 102
Trd, 4318172.643, 104
Trd, 4318174.393, 100
Trd, 4318174.743, 94
Trd, 4318176.393, 95
Trd, 4318176.643, 104
Trd, 4318178.543, 95
Trd, 4318178.793, 100
Trd, 4318179.493, 94
Trd, 4318180.393, 104
Trd, 4318183.543, 105
Trd, 4318183.843, 97
Trd, 4318185.143, 98
Trd, 4318186.093, 90
Trd, 4318187.493, 92
Trd, 4318190.543, 91
Trd, 4318192.743, 96
Trd, 4318193.093, 95
Trd, 4318194.043, 105
Trd, 4318194.293, 94
Trd, 4318195.193, 104
Trd, 4318196.593, 107
Trd, 4318197.293, 100
Trd, 4318199.093, 92
Trd, 4318200.393, 103
Trd, 4318201.493, 103
Trd, 4318203.893, 104
Trd, 4318204.193, 102
Trd, 4318204.643, 101
Trd, 4318206.293, 97
Trd, 4318206.993, 90
Trd, 4318209.043, 98
Trd, 4318210.193, 98
Trd, 4318211.143, 112
Trd, 4318211.393, 114
Trd, 4318212.193, 107
Trd, 4318213.193, 109
Trd, 4318215.443, 108
Trd, 4318217.193, 106
Trd, 4318218.543, 105
Trd, 4318218.843, 104
Trd, 4318222.643, 103
Trd, 4318222.693, 103
Trd, 4318223.793, 96
Trd, 4318224.143, 70
Trd, 4318224.993, 85
Trd, 4318226.843, 94
Trd, 4318230.493, 94
Trd, 4318230.793, 99
Trd, 4318230.943, 95
Trd, 4318232.893, 104
Trd, 4318234.993, 96
Trd, 4318236.193, 94
Trd, 4318236.793, 94
Trd, 4318237.093, 99
Trd, 4318237.943, 104
Trd, 4318238.093, 97
Trd, 4318238.543, 96
Trd, 4318238.993, 94
Trd, 4318241.893, 94
Trd, 4318244.793, 98
Trd, 4318245.993, 104
Trd, 4318247.593, 98
Trd, 4318247.643, 98
Trd, 4318247.893, 98
Trd, 4318248.793, 104
Trd, 4318250.393, 102
Trd, 4318253.193, 102
Trd, 4318256.693, 102
Trd, 4318257.493, 101
Trd, 4318259.343, 103
Trd, 4318259.593, 100
Trd, 4318260.293, 101
Trd, 4318263.693, 99
Trd, 4318266.793, 103
Trd, 4318267.943, 100
Trd, 4318268.493, 104
Trd, 4318268.943, 100
Trd, 4318271.043, 99
Trd, 4318272.393, 104
Trd, 4318273.843, 104
Trd, 4318274.343, 100
Trd, 4318276.443, 100
Trd, 4318277.343, 99
Trd, 4318277.393, 89
Trd, 4318278.643, 92
Trd, 4318280.993, 100
Trd, 4318281.093, 91
Trd, 4318282.593, 93
Trd, 4318285.743, 93
Trd, 4318285.993, 93
Trd, 4318286.543, 103
Trd, 4318287.443, 78
Trd, 4318288.893, 93
Trd, 4318291.293, 103
Trd, 4318292.293, 102
Trd, 4318293.193, 102
Trd, 4318293.593, 100
Trd, 4318294.093, 99
Trd, 4318297.293, 101
Trd, 4318297.443, 101
Trd, 4318299.043, 100
Trd, 4318301.193, 98
Trd, 4318302.093, 99
Trd, 4318302.493, 101
Trd, 4318305.443, 97
Trd, 4318305.793, 96
Trd, 4318306.043, 102
Trd, 4318308.643, 104
Trd, 4318309.343, 102
Trd, 4318310.643, 100
Trd, 4318310.943, 91
Trd, 4318311.693, 95
Trd, 4318315.843, 85
Trd, 4318317.393, 98
Trd, 4318317.743, 93
Trd, 4318318.043, 104
Trd, 4318319.543, 105
Trd, 4318319.843, 104
Trd, 4318320.293, 106
Trd, 4318321.443, 104
Trd, 4318324.893, 110
Trd, 4318325.693, 109
Trd, 4318327.243, 109
Trd, 4318328.443, 107
Trd, 4318329.493, 107
Trd, 4318331.793, 110
Trd, 4318332.193, 110
Trd, 4318332.443, 111
Trd, 4318333.043, 105
Trd, 4318334.193, 98
Trd, 4318335.693, 101
Trd, 4318336.843, 111
Trd, 4318338.143, 104
Trd, 4318338.243, 101
Trd, 4318340.893, 100
Trd, 4318342.593, 104
Trd, 4318343.043, 98
Trd, 4318347.743, 99
Trd, 4318347.793, 98
Trd, 4318348.293, 98
Trd, 4318351.093, 90
Trd, 4318352.193, 87
Trd, 4318353.243, 92
Trd, 4318354.293, 104
Trd, 4318354.593, 96
Trd, 4318355.743, 103
Trd, 4318356.643, 100
Trd, 4318357.993, 100
Trd, 4318362.543, 100
Trd, 4318362.993, 99
Trd, 4318363.243, 98
Trd, 4318366.043, 104
Trd, 4318366.793, 106
Trd, 4318367.243, 103
Trd, 4318367.643, 103
Trd, 4318368.943, 83
Trd, 4318369.293, 90
Trd, 4318369.943, 106
Trd, 4318371.143, 104
Trd, 4318372.893, 102
Trd, 4318374.743, 104
Trd, 4318376.093, 101
Trd, 4318376.393, 92
Trd, 4318379.193, 102
Trd, 4318379.943, 100
Trd, 4318382.393, 102
Trd, 4318382.493, 98
Trd, 4318385.443, 99
Trd, 4318385.543, 102
Trd, 4318388.893, 96
Trd, 4318389.293, 104
Trd, 4318390.043, 95
Trd, 4318390.943, 92
Trd, 4318391.343, 104
Trd, 4318391.943, 102
Trd, 4318392.293, 103
Trd, 4318393.343, 103
Trd, 4318394.943, 95
Trd, 4318396.293, 107
Trd, 4318397.443, 98
Trd, 4318398.843, 104
Trd, 4318399.143, 96
Trd, 4318399.993, 113
Trd, 4318403.643, 101
Trd, 4318404.443, 95
Trd, 4318405.693, 94
Trd, 4318407.393, 92
Trd, 4318407.493, 98
Trd, 4318410.443, 95
Trd, 4318413.243, 97
Trd, 4318413.843, 95
Trd, 4318416.593, 99
Trd, 4318421.993, 97
Trd, 4318422.493, 95
Trd, 4318422.543, 94
Trd, 4318426.193, 94
Trd, 4318427.243, 95
Trd, 4318428.543, 94
Trd, 4318428.843, 97
Trd, 4318428.893, 104
Trd, 4318429.343, 92
Trd, 4318432.343, 91
Trd, 4318434.393, 95
Trd, 4318434.593, 101
Trd, 4318435.393, 104
Trd, 4318437.043, 99
Trd, 4318439.043, 98
Trd, 4318440.343, 95
Trd, 4318440.543, 85
Trd, 4318440.943, 89
Trd, 4318443.043, 96
Trd, 4318443.543, 99
Trd, 4318444.243, 84
Trd, 4318447.093, 103
Trd, 4318447.493, 102
Trd, 4318449.093, 76
Trd, 4318452.793, 98
Trd, 4318454.943, 107
Trd, 4318455.793, 106
Trd, 4318456.043, 104
Trd, 4318457.393, 104
Trd, 4318457.743, 102
Trd, 4318458.093, 105
Trd, 4318458.443, 114
Trd, 4318458.493, 100
Trd, 4318460.743, 89
Trd, 4318461.943, 90
Trd, 4318462.993, 81
Trd, 4318464.043, 88
Trd, 4318467.993, 85
Trd, 4318468.743, 90
Trd, 4318469.793, 96
Trd, 4318471.093, 97
Trd, 4318471.243, 101
Trd, 4318471.443, 86
Trd, 4318472.943, 91
Trd, 4318473.593, 104
Trd, 4318475.293, 97
Trd, 4318476.793, 97
Trd, 4318477.043, 97
Trd, 4318477.443, 105
Trd, 4318478.443, 100
Trd, 4318479.543, 84
Trd, 4318481.743, 105
Trd, 4318485.293, 104
Trd, 4318485.493, 104
Trd, 4318486.743, 104
Trd, 4318487.393, 101
Trd, 4318490.493, 103
Trd, 4318490.543, 101
Trd, 4318492.493, 102
Trd, 4318492.993, 99
Trd, 4318496.243, 104
Trd, 4318498.293, 99
Trd, 4318498.793, 98
Trd, 4318499.193, 104
Trd, 4318499.643, 98
Trd, 4318504.943, 95
Trd, 4318504.993, 85
Trd, 4318505.543, 95
Trd, 4318508.493, 104
Trd, 4318509.493, 95
Trd, 4318510.093, 95
Trd, 4318511.943, 98
Trd, 4318512.293, 96
Trd, 4318514.343, 94
Trd, 4318516.293, 93
Trd, 4318518.993, 99
Trd, 4318519.243, 95
Trd, 4318519.943, 104
Trd, 4318520.743, 93
Trd, 4318521.943, 99
Trd, 4318524.593, 99
Trd, 4318525.493, 100
Trd, 4318527.293, 98
Trd, 4318528.443, 97
Trd, 4318530.243, 98
Trd, 4318534.093, 99
Trd, 4318534.393, 97
Trd, 4318534.893, 104
Trd, 4318537.843, 95
Trd, 4318539.993, 95
Trd, 4318540.293, 96
Trd, 4318540.893, 96
Trd, 4318541.843, 96
Trd, 4318544.343, 97
Trd, 4318544.943, 96
Trd, 4318545.943, 82
Trd, 4318546.693, 92
Trd, 4318547.043, 99
Trd, 4318547.943, 95
Trd, 4318549.293, 104
Trd, 4318550.593, 93
Trd, 4318552.443, 96
Trd, 4318557.693, 96
Trd, 4318557.793, 93
Trd, 4318561.343, 96
Trd, 4318562.743, 104
Trd, 4318562.793, 92
Trd, 4318564.343, 98
Trd, 4318564.543, 97
Trd, 4318565.643, 97
Trd, 4318568.943, 96
Trd, 4318569.543, 99
Trd, 4318569.743, 95
Trd, 4318572.743, 95
Trd, 4318573.593, 104
Trd, 4318573.843, 96
Trd, 4318575.293, 96
Trd, 4318575.593, 100
Trd, 4318577.543, 95
Trd, 4318578.993, 92
Trd, 4318579.743, 93
Trd, 4318580.743, 99
Trd, 4318582.993, 93
Trd, 4318583.043, 104
Trd, 4318584.443, 94
Trd, 4318586.693, 98
Trd, 4318587.093, 103
Trd, 4318588.193, 101
Trd, 4318590.643, 100
Trd, 4318591.493, 99
Trd, 4318591.543, 104
Trd, 4318592.993, 97
Trd, 4318596.593, 96
Trd, 4318596.943, 95
Trd, 4318597.593, 97
Trd, 4318599.743, 104
Trd, 4318600.693, 94
Trd, 4318603.143, 93
Trd, 4318605.443, 93
Trd, 4318605.643, 98
Trd, 4318607.443, 94
Trd, 4318608.543, 93
Trd, 4318611.593, 96
Trd, 4318612.643, 98
Trd, 4318615.843, 94
Trd, 4318617.943, 97
Trd, 4318620.143, 102
Trd, 4318620.293, 96
Trd, 4318622.643, 96
Trd, 4318625.943, 96
Trd, 4318626.443, 94
Trd, 4318627.693, 97
Trd, 4318629.293, 88
Trd, 4318631.843, 95
Trd, 4318632.343, 100
Trd, 4318632.793, 93
Trd, 4318633.193, 97
Trd, 4318634.343, 93
Trd, 4318636.843, 103
Trd, 4318640.193, 96
Trd, 4318640.993, 97
Trd, 4318642.043, 98
Trd, 4318643.393, 95
Trd, 4318645.143, 96
Trd, 4318645.443, 95
Trd, 4318647.193, 93
Trd, 4318647.893, 97
Trd, 4318650.643, 98
Trd, 4318651.293, 98
Trd, 4318652.243, 97
Trd, 4318652.543, 95
Trd, 4318654.793, 104
Trd, 4318656.093, 101
Trd, 4318657.243, 100
Trd, 4318660.043, 97
Trd, 4318661.243, 105
Trd, 4318663.743, 105
Trd, 4318663.993, 104
Trd, 4318665.393, 102
Trd, 4318668.243, 104
Trd, 4318668.393, 103
Trd, 4318669.393, 101
Trd, 4318670.193, 105
Trd, 4318671.443, 99
Trd, 4318671.743, 85
Trd, 4318673.593, 104
Trd, 4318676.193, 104
Trd, 4318677.543, 102
Trd, 4318678.493, 103
Trd, 4318681.293, 103
Trd, 4318681.793, 101
Trd, 4318682.593, 75
Trd, 4318684.693, 93
Trd, 4318686.493, 104
Trd, 4318687.143, 107
Trd, 4318688.393, 107
Trd, 4318690.143, 108
Trd, 4318691.943, 114
Trd, 4318692.543, 110
Trd, 4318693.743, 108
Trd, 4318694.093, 107
Trd, 4318695.843, 91
Trd, 4318698.643, 104
Trd, 4318698.743, 101
Trd, 4318704.393, 105
Trd, 4318704.643, 104
Trd, 4318704.893, 104
Trd, 4318706.443, 107
Trd, 4318706.793, 105
Trd, 4318712.143, 104
Trd, 4318713.343, 102
Trd, 4318715.393, 104
Trd, 4318717.993, 106
Trd, 4318718.993, 105
Trd, 4318719.443, 107
Trd, 4318719.843, 104
Trd, 4318719.943, 102
Trd, 4318720.193, 92
Trd, 4318723.793, 100
Trd, 4318725.593, 104
Trd, 4318726.493, 105
Trd, 4318727.343, 105
Trd, 4318728.493, 104
Trd, 4318730.993, 103
Trd, 4318731.943, 100
Trd, 4318732.143, 97
Trd, 4318734.793, 106
Trd, 4318736.893, 103
Trd, 4318737.193, 102
Trd, 4318737.643, 101
Trd, 4318738.443, 101
Trd, 4318739.493, 103
Trd, 4318740.893, 101
Trd, 4318742.393, 100
Trd, 4318742.593, 103
Trd, 4318744.243, 103
Trd, 4318746.143, 101
Trd, 4318747.243, 104
Trd, 4318748.393, 100
Trd, 4318749.043, 93
Trd, 4318750.193, 104
Trd, 4318751.993, 92
Trd, 4318753.043, 100
Trd, 4318753.543, 98
Trd, 4318755.243, 97
Trd, 4318756.293, 97
Trd, 4318756.793, 96
Trd, 4318758.893, 82
Trd, 4318759.793, 94
Trd, 4318760.293, 93
Trd, 4318760.793, 99
Trd, 4318764.643, 95
Trd, 4318765.643, 91
Trd, 4318766.943, 104
Trd, 4318767.293, 90
Trd, 4318768.943, 100
Trd, 4318770.043, 92
Trd, 4318771.393, 90
Trd, 4318774.093, 96
Trd, 4318775.793, 95
Trd, 4318779.093, 96
Trd, 4318780.143, 94
Trd, 4318781.193, 93
Trd, 4318781.693, 95
Trd, 4318782.043, 95
Trd, 4318785.643, 97
Trd, 4318786.893, 105
Trd, 4318786.943, 96
Trd, 4318787.543, 102
Trd, 4318788.643, 104
Trd, 4318791.543, 103
Trd, 4318792.243, 99
Trd, 4318794.743, 99
Trd, 4318795.143, 99
Trd, 4318796.143, 98
Trd, 4318796.393, 93
Trd, 4318799.543, 99
Trd, 4318800.543, 97
Trd, 4318800.843, 95
Trd, 4318802.143, 104
Trd, 4318803.293, 104
Trd, 4318803.943, 104
Trd, 4318804.643, 101
Trd, 4318807.543, 104
Trd, 4318808.093, 100
Trd, 4318810.993, 103
Trd, 4318811.493, 100
Trd, 4318812.593, 99
Trd, 4318814.393, 104
Trd, 4318815.843, 103
Trd, 4318816.193, 101
Trd, 4318816.743, 98
Trd, 4318818.993, 103
Trd, 4318820.743, 99
Trd, 4318820.793, 97
Trd, 4318821.393, 104
Trd, 4318823.543, 102
Trd, 4318825.543, 104
Trd, 4318826.793, 100
Trd, 4318826.843, 100
Trd, 4318827.393, 104
Trd, 4318830.193, 99
Trd, 4318831.243, 100
Trd, 4318832.593, 98
Trd, 4318833.043, 102
Trd, 4318836.493, 98
Trd, 4318837.343, 97
Trd, 4318839.043, 100
Trd, 4318841.043, 99
Trd, 4318841.593, 96
Trd, 4318842.293, 95
Trd, 4318845.243, 102
Trd, 4318845.593, 101
Trd, 4318847.493, 102
Trd, 4318847.943, 104
Trd, 4318849.043, 101
Trd, 4318850.443, 103
Trd, 4318851.393, 108
Trd, 4318851.793, 107
Trd, 4318853.093, 97
Trd, 4318853.643, 107
Trd, 4318857.243, 101
Trd, 4318857.743, 104
Trd, 4318858.793, 100
Trd, 4318860.893, 100
Trd, 4318862.243, 104
Trd, 4318864.543, 103
Trd, 4318865.493, 101
Trd, 4318865.693, 86
Trd, 4318868.593, 92
Trd, 4318869.143, 95
Trd, 4318870.343, 95
Trd, 4318873.793, 96
Trd, 4318876.293, 93
Trd, 4318876.693, 97
Trd, 4318877.943, 97
Trd, 4318878.993, 91
Trd, 4318880.543, 96
Trd, 4318883.593, 95
Trd, 4318883.993, 94
Trd, 4318884.693, 93
Trd, 4318885.843, 96
Trd, 4318886.943, 103
Trd, 4318889.293, 95
Trd, 4318889.393, 104
Trd, 4318891.143, 95
Trd, 4318893.743, 94
Trd, 4318894.893, 96
Trd, 4318895.093, 93
Trd, 4318896.493, 96
Trd, 4318898.343, 92
Trd, 4318901.693, 104
Trd, 4318901.893, 98
Trd, 4318902.093, 109
Trd, 4318902.543, 101
Trd, 4318904.293, 101
Trd, 4318904.543, 101
Trd, 4318904.693, 92
Trd, 4318906.193, 86
Trd, 4318908.493, 104
Trd, 4318908.793, 106
Trd, 4318909.243, 99
Trd, 4318911.843, 106
Trd, 4318913.343, 109
Trd, 4318913.543, 109
Trd, 4318914.293, 113
Trd, 4318915.543, 108
Trd, 4318916.243, 103
Trd, 4318918.393, 102
Trd, 4318919.243, 103
Trd, 4318919.593, 103
Trd, 4318921.643, 99
Trd, 4318923.093, 105
Trd, 4318923.793, 104
Trd, 4318925.843, 102
Trd, 4318928.043, 104
Trd, 4318928.393, 105
Trd, 4318929.793, 95
Trd, 4318931.093, 93
Trd, 4318933.093, 97
Trd, 4318933.343, 93
Trd, 4318933.893, 113
Trd, 4318935.093, 87
Trd, 4318937.193, 89
Trd, 4318938.393, 97
Trd, 4318940.893, 97
Trd, 4318941.643, 91
Trd, 4318943.993, 91
Trd, 4318944.943, 100
Trd, 4318946.443, 98
Trd, 4318947.743, 97
Trd, 4318949.143, 104
Trd, 4318950.393, 113
Trd, 4318952.393, 101
Trd, 4318954.043, 102
Trd, 4318954.243, 104
Trd, 4318954.443, 110
Trd, 4318954.993, 101
Trd, 4318956.643, 113
Trd, 4318958.443, 100
Trd, 4318958.543, 99
Trd, 4318964.643, 104
Trd, 4318965.193, 104
Trd, 4318965.343, 101
Trd, 4318965.443, 101
Trd, 4318965.843, 93
Trd, 4318969.093, 96
Trd, 4318970.893, 103
Trd, 4318971.793, 101
Trd, 4318972.293, 97
Trd, 4318974.193, 97
Trd, 4318974.343, 104
Trd, 4318978.893, 104
Trd, 4318980.143, 97
Trd, 4318980.543, 99
Trd, 4318980.893, 86
Trd, 4318982.793, 100
Trd, 4318985.843, 96
Trd, 4318987.243, 102
Trd, 4318987.943, 103
Trd, 4318987.993, 83
Trd, 4318989.943, 97
Trd, 4318990.993, 102
Trd, 4318992.543, 98
Trd, 4318993.343, 98
Trd, 4318993.943, 102
Trd, 4318994.393, 97
Trd, 4318997.993, 104
Trd, 4318998.193, 96
Trd, 4319000.143, 102
Trd, 4319000.293, 95
Trd, 4319000.443, 94
Trd, 4319003.543, 104
Trd, 4319003.893, 94
Trd, 4319005.193, 98
Trd, 4319005.693, 95
Trd, 4319006.143, 94
Trd, 4319007.993, 99
Trd, 4319008.193, 104
Trd, 4319009.743, 102
Trd, 4319009.793, 101
Trd, 4319010.393, 105
Trd, 4319011.393, 100
Trd, 4319012.293, 102
Trd, 4319014.943, 100
Trd, 4319015.693, 102
Trd, 4319016.043, 99
Trd, 4319017.143, 104
Trd, 4319017.743, 95
Trd, 4319021.443, 98
Trd, 4319021.843, 105
Trd, 4319023.243, 98
Trd, 4319023.393, 99
Trd, 4319023.693, 108
Trd, 4319025.293, 104
Trd, 4319027.793, 103
Trd, 4319028.593, 103
Trd, 4319031.993, 104
Trd, 4319034.643, 104
Trd, 4319035.543, 104
Trd, 4319036.043, 103
Trd, 4319037.293, 104
Trd, 4319037.743, 104
Trd, 4319038.093, 102
Trd, 4319039.793, 103
Trd, 4319040.743, 103
Trd, 4319042.343, 103
Trd, 4319043.893, 101
Trd, 4319045.793, 89
Trd, 4319047.843, 104
Trd, 4319048.543, 104
Trd, 4319051.143, 111
Trd, 4319051.743, 109
Trd, 4319051.793, 96
Trd, 4319052.993, 94
Trd, 4319053.643, 86
Trd, 4319055.443, 94
Trd, 4319056.293, 98
Trd, 4319058.343, 94
Trd, 4319061.743, 93
Trd, 4319062.143, 103
Trd, 4319064.193, 96
Trd, 4319066.943, 96
Trd, 4319067.543, 97
Trd, 4319069.143, 104
Trd, 4319070.493, 98
Trd, 4319071.343, 98
Trd, 4319072.243, 99
Trd, 4319075.093, 101
Trd, 4319075.443, 100
Trd, 4319076.643, 104
Trd, 4319077.843, 98
Trd, 4319081.043, 100
Trd, 4319081.243, 97
Trd, 4319081.793, 97
Trd, 4319084.093, 94
Trd, 4319084.943, 90
Trd, 4319085.643, 90
Trd, 4319086.893, 113
Trd, 4319088.343, 104
Trd, 4319089.693, 102
Trd, 4319090.493, 104
Trd, 4319090.943, 108
Trd, 4319091.193, 103
Trd, 4319093.793, 101
Trd, 4319093.843, 90
Trd, 4319094.293, 93
Trd, 4319095.343, 99
Trd, 4319099.693, 104
Trd, 4319100.243, 101
Trd, 4319100.943, 100
Trd, 4319101.793, 96
Trd, 4319103.043, 99
Trd, 4319103.743, 97
Trd, 4319106.343, 105
Trd, 4319106.743, 103
Trd, 4319106.993, 105
Trd, 4319109.593, 102
Trd, 4319110.193, 99
Trd, 4319110.943, 75
Trd, 4319111.793, 88
Trd, 4319112.643, 86
Trd, 4319114.943, 104
Trd, 4319116.393, 103
Trd, 4319116.743, 83
Trd, 4319117.093, 105
Trd, 4319117.843, 106
Trd, 4319119.193, 107
Trd, 4319120.893, 111
Trd, 4319121.293, 110
Trd, 4319122.893, 103
Trd, 4319123.443, 91
Trd, 4319123.793, 104
Trd, 4319125.193, 97
Trd, 4319126.393, 96
Trd, 4319127.193, 96
Trd, 4319128.193, 95
Trd, 4319130.393, 90
Trd, 4319131.343, 91
Trd, 4319131.393, 91
Trd, 4319131.893, 98
Trd, 4319133.693, 96
Trd, 4319135.793, 99
Trd, 4319136.893, 97
Trd, 4319137.743, 104
Trd, 4319139.043, 98
Trd, 4319139.693, 97
Trd, 4319141.943, 99
Trd, 4319142.743, 96
Trd, 4319142.843, 100
Trd, 4319146.793, 99
Trd, 4319146.993, 104
Trd, 4319147.943, 106
Trd, 4319149.043, 99
Trd, 4319150.993, 105
Trd, 4319151.193, 104
Trd, 4319153.193, 105
Trd, 4319153.293, 102
Trd, 4319154.993, 103
Trd, 4319155.693, 106
Trd, 4319155.943, 104
Trd, 4319156.893, 104
Trd, 4319158.793, 107
Trd, 4319160.993, 103
Trd, 4319161.293, 107
Trd, 4319163.643, 103
Trd, 4319163.743, 102
Trd, 4319163.843, 100
Trd, 4319165.743, 107
Trd, 4319166.643, 97
Trd, 4319167.143, 90
Trd, 4319169.043, 97
Trd, 4319172.093, 96
Trd, 4319174.843, 98
Trd, 4319175.143, 97
Trd, 4319177.143, 95
Trd, 4319177.643, 95
Trd, 4319178.243, 95
Trd, 4319179.093, 97
Trd, 4319180.943, 104
Trd, 4319183.043, 107
Trd, 4319184.343, 106
Trd, 4319184.843, 106
Trd, 4319185.293, 110
Trd, 4319186.093, 85
Trd, 4319186.943, 98
Trd, 4319188.993, 97
Trd, 4319189.693, 100
Trd, 4319191.343, 105
Trd, 4319192.093, 96
Trd, 4319192.293, 95
Trd, 4319195.543, 100
Trd, 4319196.943, 103
Trd, 4319197.343, 100
Trd, 4319198.143, 98
Trd, 4319198.693, 97
Trd, 4319201.443, 97
Trd, 4319201.793, 95
Trd, 4319202.243, 96
Trd, 4319204.893, 95
Trd, 4319205.793, 93
Trd, 4319207.493, 97
Trd, 4319208.493, 96
Trd, 4319208.743, 103
Trd, 4319210.193, 98
Trd, 4319211.793, 85
Trd, 4319212.593, 93
Trd, 4319214.093, 94
Trd, 4319214.593, 104
Trd, 4319216.243, 100
Trd, 4319219.993, 104
Trd, 4319220.493, 96
Trd, 4319221.293, 98
Trd, 4319222.343, 97
Trd, 4319223.193, 98
Trd, 4319228.143, 98
Trd, 4319229.643, 104
Trd, 4319230.443, 102
Trd, 4319230.643, 101
Trd, 4319231.943, 99
Trd, 4319235.143, 102
Trd, 4319235.543, 96
Trd, 4319236.243, 91
Trd, 4319238.243, 103
Trd, 4319238.343, 102
Trd, 4319239.643, 98
Trd, 4319239.843, 100
Trd, 4319242.343, 99
Trd, 4319244.643, 104
Trd, 4319246.393, 102
Trd, 4319246.643, 89
Trd, 4319247.743, 95
Trd, 4319249.593, 102
Trd, 4319252.393, 97
Trd, 4319253.893, 96
Trd, 4319255.343, 102
Trd, 4319255.743, 97
Trd, 4319256.843, 102
Trd, 4319261.543, 102
Trd, 4319261.843, 95
Trd, 4319264.743, 97
Trd, 4319267.443, 94
Trd, 4319268.443, 97
Trd, 4319268.893, 104
Trd, 4319269.693, 97
Trd, 4319271.643, 99
Trd, 4319272.893, 104
Trd, 4319273.393, 103
Trd, 4319273.993, 114
Trd, 4319276.093, 105
Trd, 4319277.943, 105
Trd, 4319278.143, 103
Trd, 4319280.893, 103
Trd, 4319282.193, 103
Trd, 4319282.593, 101
Trd, 4319282.643, 100
Trd, 4319283.893, 105
Trd, 4319284.143, 99
Trd, 4319285.993, 103
Trd, 4319286.543, 99
Trd, 4319290.493, 99
Trd, 4319290.943, 105
Trd, 4319291.093, 98
Trd, 4319291.693, 97
Trd, 4319294.443, 104
Trd, 4319294.643, 105
Trd, 4319295.993, 104
Trd, 4319297.443, 104
Trd, 4319297.843, 101
Trd, 4319299.843, 104
Trd, 4319300.993, 106
Trd, 4319301.293, 106
Trd, 4319302.843, 114
Trd, 4319303.343, 109
Trd, 4319303.643, 106
Trd, 4319305.093, 106
Trd, 4319307.243, 105
Trd, 4319307.493, 104
Trd, 4319308.543, 99
Trd, 4319309.693, 95
Trd, 4319310.093, 89
Trd, 4319311.443, 91
Trd, 4319311.993, 101
Trd, 4319314.293, 95
Trd, 4319317.193, 96
Trd, 4319318.743, 95
Trd, 4319319.243, 103
Trd, 4319319.893, 99
Trd, 4319321.293, 104
Trd, 4319324.043, 104
Trd, 4319324.293, 103
Trd, 4319326.293, 100
Trd, 4319326.993, 102
Trd, 4319330.093, 104
Trd, 4319331.243, 101
Trd, 4319333.893, 104
Trd, 4319334.693, 103
Trd, 4319336.593, 102
Trd, 4319337.793, 103
Trd, 4319337.943, 101
Trd, 4319340.443, 100
Trd, 4319342.043, 100
Trd, 4319342.293, 99
Trd, 4319342.993, 92
Trd, 4319343.943, 103
Trd, 4319344.293, 94
Trd, 4319344.493, 83
Trd, 4319346.543, 94
Trd, 4319350.893, 97
Trd, 4319351.343, 95
Trd, 4319353.343, 96
Trd, 4319354.393, 104
Trd, 4319355.493, 102
Trd, 4319356.093, 103
Trd, 4319356.543, 100
Trd, 4319357.243, 100
Trd, 4319360.093, 89
Trd, 4319360.793, 94
Trd, 4319361.443, 75
Trd, 4319362.843, 104
Trd, 4319364.293, 95
Trd, 4319365.193, 100
Trd, 4319366.893, 98
Trd, 4319367.993, 105
Trd, 4319368.293, 104
Trd, 4319369.243, 102
Trd, 4319370.393, 102
Trd, 4319371.243, 89
Trd, 4319372.443, 105
Trd, 4319373.193, 95
Trd, 4319374.143, 103
Trd, 4319375.993, 96
Trd, 4319376.743, 95
Trd, 4319377.693, 96
Trd, 4319380.793, 74
Trd, 4319382.943, 91
Trd, 4319383.193, 93
Trd, 4319385.393, 90
Trd, 4319386.293, 94
Trd, 4319386.593, 101
Trd, 4319387.093, 91
Trd, 4319389.543, 104
Trd, 4319390.193, 103
Trd, 4319391.143, 104
Trd, 4319393.693, 105
Trd, 4319394.043, 103
Trd, 4319395.543, 94
Trd, 4319395.693, 104
Trd, 4319399.143, 105
Trd, 4319399.393, 102
Trd, 4319400.643, 83
Trd, 4319400.743, 81
Trd, 4319402.693, 103
Trd, 4319402.793, 96
Trd, 4319404.193, 104
Trd, 4319408.443, 100
Trd, 4319410.693, 104
Trd, 4319410.993, 105
Trd, 4319413.143, 105
Trd, 4319414.043, 95
Trd, 4319414.993, 96
Trd, 4319418.193, 95
Trd, 4319418.343, 101
Trd, 4319418.493, 97
Trd, 4319419.643, 95
Trd, 4319423.643, 99
Trd, 4319424.343, 97
Trd, 4319425.443, 97
Trd, 4319428.843, 98
Trd, 4319428.943, 96
Trd, 4319432.043, 103
Trd, 4319432.943, 102
Trd, 4319433.043, 101
Trd, 4319433.393, 100
Trd, 4319434.943, 101
Trd, 4319436.593, 95
Trd, 4319437.793, 97
Trd, 4319439.743, 92
Trd, 4319440.843, 96
Trd, 4319443.893, 103
Trd, 4319445.143, 103
Trd, 4319445.543, 104
Trd, 4319445.893, 105
Trd, 4319446.693, 103
Trd, 4319449.043, 88
Trd, 4319450.593, 103
Trd, 4319453.243, 103
Trd, 4319455.043, 105
Trd, 4319457.443, 97
Trd, 4319457.693, 105
Trd, 4319458.893, 103
Trd, 4319459.993, 101
Trd, 4319460.093, 91
Trd, 4319461.393, 100
Trd, 4319462.143, 97
Trd, 4319464.443, 104
Trd, 4319466.993, 102
Trd, 4319467.393, 101
Trd, 4319469.543, 100
Trd, 4319470.193, 98
Trd, 4319472.093, 100
Trd, 4319472.943, 82
Trd, 4319478.343, 92
Trd, 4319479.693, 92
Trd, 4319479.843, 96
Trd, 4319481.343, 97
Trd, 4319481.593, 93
Trd, 4319483.593, 83
Trd, 4319483.893, 104
Trd, 4319486.043, 93
Trd, 4319488.743, 93
Trd, 4319489.643, 92
Trd, 4319490.893, 105
Trd, 4319491.793, 104
Trd, 4319492.043, 100
Trd, 4319495.093, 99
Trd, 4319496.293, 102
Trd, 4319496.593, 101
Trd, 4319497.293, 98
Trd, 4319498.743, 97
Trd, 4319500.193, 98
Trd, 4319500.943, 96
Trd, 4319502.743, 97
Trd, 4319503.793, 104
Trd, 4319506.593, 102
Trd, 4319507.443, 98
Trd, 4319510.493, 104
Trd, 4319511.243, 103
Trd, 4319512.243, 102
Trd, 4319512.643, 105
Trd, 4319515.493, 104
Trd, 4319517.043, 103
Trd, 4319519.493, 104
Trd, 4319519.543, 102
Trd, 4319525.043, 103
Trd, 4319525.643, 104
Trd, 4319526.343, 105
Trd, 4319527.643, 105
Trd, 4319528.493, 103
Trd, 4319529.793, 103
Trd, 4319529.993, 95
Trd, 4319530.243, 100
Trd, 4319532.693, 104
Trd, 4319533.393, 108
Trd, 4319535.193, 107
Trd, 4319535.443, 105
Trd, 4319535.793, 114
Trd, 4319536.293, 104
Trd, 4319538.643, 105
Trd, 4319539.543, 105
Trd, 4319540.543, 104
Trd, 4319541.493, 103
Trd, 4319541.593, 107
Trd, 4319545.393, 102
Trd, 4319546.143, 101
Trd, 4319546.693, 105
Trd, 4319548.843, 103
Trd, 4319550.043, 85
Trd, 4319551.343, 97
Trd, 4319553.043, 96
Trd, 4319557.443, 95
Trd, 4319557.943, 98
Trd, 4319559.793, 99
Trd, 4319560.743, 105
Trd, 4319561.293, 99
Trd, 4319562.843, 99
Trd, 4319565.093, 102
Trd, 4319566.043, 99
Trd, 4319567.443, 99
Trd, 4319567.493, 106
Trd, 4319568.293, 97
Trd, 4319568.393, 95
Trd, 4319570.243, 84
Trd, 4319572.543, 97
Trd, 4319572.693, 96
Trd, 4319573.793, 95
Trd, 4319575.243, 95
Trd, 4319576.193, 97
Trd, 4319577.193, 99
Trd, 4319578.393, 106
Trd, 4319582.093, 100
Trd, 4319584.293, 94
Trd, 4319584.543, 93
Trd, 4319585.593, 98
Trd, 4319585.943, 104
Trd, 4319588.493, 95
Trd, 4319589.893, 94
Trd, 4319590.193, 103
Trd, 4319592.493, 98
Trd, 4319593.393, 97
Trd, 4319594.043, 98
Trd, 4319595.143, 96
Trd, 4319595.943, 104
Trd, 4319599.643, 99
Trd, 4319600.243, 104
Trd, 4319601.393, 103
Trd, 4319603.243, 114
Trd, 4319604.493, 104
Trd, 4319604.843, 106
Trd, 4319608.643, 104
Trd, 4319611.043, 104
Trd, 4319611.493, 104
Trd, 4319611.993, 103
Trd, 4319613.343, 102
Trd, 4319616.593, 103
Trd, 4319617.143, 101
Trd, 4319617.193, 101
Trd, 4319618.443, 101
Trd, 4319618.493, 102
Trd, 4319621.093, 104
Trd, 4319622.693, 102
Trd, 4319623.293, 102
Trd, 4319623.693, 101
Trd, 4319624.493, 100
Trd, 4319628.493, 99
Trd, 4319630.193, 102
Trd, 4319630.393, 98
Trd, 4319631.293, 96
Trd, 4319631.843, 94
Trd, 4319631.993, 104
Trd, 4319633.643, 99
Trd, 4319635.543, 99
Trd, 4319635.993, 104
Trd, 4319637.543, 104
Trd, 4319638.743, 102
Trd, 4319639.243, 100
Trd, 4319641.093, 103
Trd, 4319642.643, 104
Trd, 4319642.743, 108
Trd, 4319644.593, 104
Trd, 4319644.743, 100
Trd, 4319646.893, 105
Trd, 4319647.293, 101
Trd, 4319648.293, 100
Trd, 4319648.893, 104
Trd, 4319650.893, 90
Trd, 4319654.043, 95
Trd, 4319654.093, 94
Trd, 4319657.743, 92
Trd, 4319657.993, 96
Trd, 4319658.393, 95
Trd, 4319661.943, 103
Trd, 4319662.793, 103
Trd, 4319662.843, 100
Trd, 4319663.543, 99
Trd, 4319663.893, 105
Trd, 4319664.643, 69
Trd, 4319666.693, 91
Trd, 4319667.443, 87
Trd, 4319668.693, 86
Trd, 4319671.093, 95
Trd, 4319671.443, 85
Trd, 4319673.443, 95
Trd, 4319675.743, 105
Trd, 4319675.993, 104
Trd, 4319676.593, 103
Trd, 4319677.443, 101
Trd, 4319677.743, 104
Trd, 4319677.943, 93
Trd, 4319678.843, 97
Trd, 4319681.343, 99
Trd, 4319683.093, 100
Trd, 4319684.243, 101
Trd, 4319684.393, 99
Trd, 4319687.793, 102
Trd, 4319688.643, 101
Trd, 4319688.793, 104
Trd, 4319690.093, 105
Trd, 4319691.893, 104
Trd, 4319692.593, 102
Trd, 4319696.243, 102
Trd, 4319697.293, 98
Trd, 4319699.093, 97
Trd, 4319699.593, 96
Trd, 4319700.993, 104
Trd, 4319702.943, 104
Trd, 4319704.893, 96
Trd, 4319705.293, 96
Trd, 4319705.343, 98
Trd, 4319707.443, 95
Trd, 4319707.493, 94
Trd, 4319708.593, 94
Trd, 4319709.293, 93
Trd, 4319711.393, 97
Trd, 4319712.693, 96
Trd, 4319713.193, 93
Trd, 4319715.143, 102
Trd, 4319720.393, 94
Trd, 4319720.493, 95
Trd, 4319722.343, 94
Trd, 4319722.543, 92
Trd, 4319724.043, 104
Trd, 4319726.543, 92
Trd, 4319726.843, 104
Trd, 4319727.493, 114
Trd, 4319728.593, 105
Trd, 4319730.593, 104
Trd, 4319732.443, 104
Trd, 4319733.943, 104
Trd, 4319734.743, 72
Trd, 4319735.193, 93
Trd, 4319737.043, 99
Trd, 4319738.643, 94
Trd, 4319738.893, 87
Trd, 4319739.043, 72
Trd, 4319741.143, 102
Trd, 4319742.693, 103
Trd, 4319744.343, 103
Trd, 4319744.393, 99
Trd, 4319746.043, 98
Trd, 4319746.743, 102
Trd, 4319749.043, 104
Trd, 4319749.093, 97
Trd, 4319750.993, 96
Trd, 4319752.043, 115
Trd, 4319753.743, 95
Trd, 4319756.093, 104
Trd, 4319757.993, 100
Trd, 4319758.493, 94
Trd, 4319761.143, 98
Trd, 4319761.843, 96
Trd, 4319765.343, 95
Trd, 4319766.043, 94
Trd, 4319766.093, 98
Trd, 4319770.093, 104
Trd, 4319770.743, 101
Trd, 4319770.993, 101
Trd, 4319772.493, 103
Trd, 4319773.143, 104
Trd, 4319774.043, 101
Trd, 4319775.293, 102
Trd, 4319776.393, 102
Trd, 4319778.043, 103
Trd, 4319779.793, 102
Trd, 4319780.093, 100
Trd, 4319782.243, 99
Trd, 4319783.393, 99
Trd, 4319784.093, 101
Trd, 4319785.593, 99
Trd, 4319786.693, 99
Trd, 4319789.793, 100
Trd, 4319790.343, 98
Trd, 4319790.743, 98
Trd, 4319791.843, 104
Trd, 4319793.343, 97
Trd, 4319793.693, 92
Trd, 4319794.993, 100
Trd, 4319796.243, 100
Trd, 4319797.193, 104
Trd, 4319798.743, 99
Trd, 4319798.843, 99
Trd, 4319801.743, 103
Trd, 4319803.043, 100
Trd, 4319803.543, 103
Trd, 4319807.193, 102
Trd, 4319807.493, 101
Trd, 4319809.043, 102
Trd, 4319810.343, 103
Trd, 4319811.143, 103
Trd, 4319813.943, 101
Trd, 4319816.643, 103
Trd, 4319816.943, 102
Trd, 4319818.343, 104
Trd, 4319819.143, 103
Trd, 4319820.243, 107
Trd, 4319821.743, 107
Trd, 4319824.043, 107
Trd, 4319824.393, 106
Trd, 4319827.343, 105
Trd, 4319827.443, 92
Trd, 4319828.443, 104
Trd, 4319829.843, 107
Trd, 4319830.793, 103
Trd, 4319832.393, 103
Trd, 4319833.243, 91
Trd, 4319834.143, 82
Trd, 4319836.843, 94
Trd, 4319838.743, 91
Trd, 4319840.093, 103
Trd, 4319841.893, 103
Trd, 4319843.793, 104
Trd, 4319845.343, 104
Trd, 4319845.643, 104
Trd, 4319845.893, 103
Trd, 4319847.393, 90
Trd, 4319848.593, 90
Trd, 4319851.243, 98
Trd, 4319851.443, 99
Trd, 4319852.693, 117
Trd, 4319854.593, 103
Trd, 4319855.893, 107
Trd, 4319857.343, 106
Trd, 4319859.443, 104
Trd, 4319860.143, 103
Trd, 4319860.543, 85
Trd, 4319862.693, 94
Trd, 4319867.493, 98
Trd, 4319867.943, 101
Trd, 4319869.943, 98
Trd, 4319870.593, 101
Trd, 4319871.593, 98
Trd, 4319873.143, 114
Trd, 4319875.243, 103
Trd, 4319876.943, 104
Trd, 4319876.993, 104
Trd, 4319878.693, 106
Trd, 4319879.893, 104
Trd, 4319882.443, 88
Trd, 4319883.093, 95
Trd, 4319883.393, 96
Trd, 4319883.793, 107
Trd, 4319886.043, 75
Trd, 4319886.643, 103
Trd, 4319887.643, 101
Trd, 4319887.993, 99
Trd, 4319889.793, 92
Trd, 4319891.843, 95
Trd, 4319891.893, 106
Trd, 4319892.593, 95
Trd, 4319893.893, 97
Trd, 4319895.343, 102
Trd, 4319897.293, 97
Trd, 4319898.243, 99
Trd, 4319903.243, 104
Trd, 4319903.443, 104
Trd, 4319903.693, 97
Trd, 4319906.893, 102
Trd, 4319907.043, 104
Trd, 4319908.843, 100
Trd, 4319908.943, 100
Trd, 4319909.043, 99
Trd, 4319909.443, 92
Trd, 4319912.943, 94
Trd, 4319913.493, 95
Trd, 4319913.643, 93
Trd, 4319914.543, 79
Trd, 4319915.093, 96
Trd, 4319916.293, 93
Trd, 4319918.543, 102
Trd, 4319919.093, 103
Trd, 4319920.543, 104
Trd, 4319920.793, 100
Trd, 4319921.943, 99
Trd, 4319924.643, 104
Trd, 4319926.093, 99
Trd, 4319927.093, 98
Trd, 4319928.943, 96
Trd, 4319929.143, 88
Trd, 4319929.393, 99
Trd, 4319931.343, 101
Trd, 4319931.843, 97
Trd, 4319933.893, 101
Trd, 4319934.793, 98
Trd, 4319935.193, 102
Trd, 4319935.893, 104
Trd, 4319936.543, 102
Trd, 4319937.093, 104
Trd, 4319937.143, 95
Trd, 4319940.243, 97
Trd, 4319940.893, 103
Trd, 4319941.643, 104
Trd, 4319943.043, 96
Trd, 4319943.743, 95
Trd, 4319946.743, 94
Trd, 4319947.093, 95
Trd, 4319950.093, 97
Trd, 4319951.893, 98
Trd, 4319953.093, 96
Trd, 4319954.993, 96
Trd, 4319955.093, 101
Trd, 4319955.293, 103
Trd, 4319955.393, 95
Trd, 4319959.093, 95
Trd, 4319961.093, 95
Trd, 4319961.693, 96
Trd, 4319961.993, 114
Trd, 4319964.893, 98
Trd, 4319966.043, 100
Trd, 4319966.643, 104
Trd, 4319968.343, 104
Trd, 4319969.093, 106
Trd, 4319971.493, 102
Trd, 4319974.043, 103
Trd, 4319974.443, 101
Trd, 4319975.543, 86
Trd, 4319975.893, 101
Trd, 4319978.493, 98
Trd, 4319978.643, 102
Trd, 4319980.643, 102
Trd, 4319981.693, 104
Trd, 4319982.093, 102
Trd, 4319983.093, 88
Trd, 4319984.343, 94
Trd, 4319985.293, 93
Trd, 4319988.793, 93
Trd, 4319990.243, 102
Trd, 4319990.493, 97
Trd, 4319990.743, 102
Trd, 4319993.643, 101
Trd, 4319995.393, 101
Trd, 4319995.593, 102
Trd, 4319996.993, 101
Trd, 4319999.443, 104
Trd, 4319999.693, 101
