Trd, 4317806.693, 97
Trd, 4317808.343, 94
Trd, 4317810.393, 104
Trd, 4317811.793, 96
Trd, 4317814.643, 96
Trd, 4317816.293, 96
Trd, 4317819.443, 93
Trd, 4317820.843, 93
Trd, 4317820.893, 91
Trd, 4317821.193, 90
Trd, 4317822.343, 96
Trd, 4317825.893, 89
Trd, 4317826.643, 89
Trd, 4317827.843, 90
Trd, 4317828.743, 110
Trd, 4317830.943, 98
Trd, 4317831.493, 97
Trd, 4317834.643, 95
Trd, 4317835.493, 95
Trd, 4317837.443, 102
Trd, 4317838.243, 99
Trd, 4317841.093, 99
Trd, 4317842.843, 97
Trd, 4317843.543, 97
Trd, 4317846.243, 95
Trd, 4317847.593, 104
Trd, 4317849.743, 95
Trd, 4317851.743, 94
Trd, 4317852.093, 95
Trd, 4317856.443, 96
Trd, 4317858.893, 97
Trd, 4317859.343, 99
Trd, 4317860.643, 96
Trd, 4317862.943, 94
Trd, 4317862.993, 94
Trd, 4317864.043, 102
Trd, 4317864.143, 104
Trd, 4317865.093, 104
Trd, 4317867.393, 99
Trd, 4317868.743, 96
Trd, 4317871.343, 97
Trd, 4317873.043, 90
Trd, 4317873.343, 91
Trd, 4317874.743, 91
Trd, 4317874.943, 89
Trd, 4317874.993, 104
Trd, 4317875.893, 99
Trd, 4317880.993, 91
Trd, 4317881.143, 91
Trd, 4317881.543, 93
Trd, 4317883.843, 94
Trd, 4317886.143, 94
Trd, 4317887.093, 98
Trd, 4317892.893, 91
Trd, 4317894.193, 92
Trd, 4317894.743, 93
Trd, 4317895.943, 97
Trd, 4317898.343, 93
Trd, 4317899.343, 90
Trd, 4317899.543, 92
Trd, 4317899.993, 104
Trd, 4317903.043, 94
Trd, 4317903.993, 92
Trd, 4317906.093, 93
Trd, 4317909.343, 94
Trd, 4317911.793, 95
Trd, 4317912.743, 95
Trd, 4317913.993, 103
Trd, 4317918.043, 92
Trd, 4317919.393, 93
Trd, 4317919.543, 93
Trd, 4317922.193, 90
Trd, 4317922.443, 91
Trd, 4317924.643, 91
Trd, 4317927.943, 91
Trd, 4317929.843, 91
Trd, 4317931.893, 99
Trd, 4317933.993, 93
Trd, 4317935.743, 93
Trd, 4317936.443, 104
Trd, 4317939.993, 91
Trd, 4317942.593, 91
Trd, 4317943.193, 90
Trd, 4317943.543, 92
Trd, 4317943.993, 102
Trd, 4317944.893, 98
Trd, 4317949.993, 90
Trd, 4317950.243, 94
Trd, 4317952.943, 92
Trd, 4317954.443, 91
Trd, 4317954.843, 91
Trd, 4317955.743, 97
Trd, 4317956.093, 89
Trd, 4317958.943, 95
Trd, 4317960.393, 95
Trd, 4317962.643, 93
Trd, 4317964.543, 89
Trd, 4317964.693, 92
Trd, 4317969.793, 89
Trd, 4317969.993, 88
Trd, 4317970.143, 92
Trd, 4317972.843, 91
Trd, 4317975.043, 90
Trd, 4317975.093, 91
Trd, 4317975.543, 93
Trd, 4317975.993, 96
Trd, 4317977.343, 95
Trd, 4317980.243, 93
Trd, 4317982.893, 93
Trd, 4317983.693, 104
Trd, 4317983.793, 91
Trd, 4317985.693, 96
Trd, 4317989.443, 96
Trd, 4317991.593, 94
Trd, 4317991.643, 94
Trd, 4317992.293, 95
Trd, 4317992.793, 95
Trd, 4317995.593, 96
Trd, 4317996.443, 97
Trd, 4317997.893, 97
Trd, 4317999.143, 94
Trd, 4318000.293, 95
Trd, 4318004.843, 95
Trd, 4318004.893, 94
Trd, 4318005.393, 94
Trd, 4318007.993, 95
Trd, 4318010.043, 94
Trd, 4318014.843, 94
Trd, 4318015.243, 93
Trd, 4318015.993, 93
Trd, 4318016.143, 92
Trd, 4318018.743, 100
Trd, 4318020.093, 104
Trd, 4318020.743, 102
Trd, 4318021.893, 108
Trd, 4318023.743, 103
Trd, 4318026.093, 100
Trd, 4318027.293, 97
Trd, 4318027.693, 101
Trd, 4318028.293, 101
Trd, 4318031.843, 104
Trd, 4318032.543, 105
Trd, 4318032.893, 98
Trd, 4318034.393, 103
Trd, 4318037.093, 103
Trd, 4318037.393, 102
Trd, 4318038.393, 104
Trd, 4318040.493, 106
Trd, 4318040.993, 104
Trd, 4318043.743, 103
Trd, 4318044.893, 103
Trd, 4318046.293, 102
Trd, 4318046.593, 100
Trd, 4318049.843, 99
Trd, 4318050.243, 101
Trd, 4318050.293, 104
Trd, 4318051.693, 90
Trd, 4318053.393, 97
Trd, 4318054.293, 104
Trd, 4318057.193, 92
Trd, 4318057.443, 93
Trd, 4318058.593, 86
Trd, 4318060.543, 85
Trd, 4318061.293, 86
Trd, 4318062.543, 86
Trd, 4318064.843, 92
Trd, 4318065.943, 91
Trd, 4318066.843, 96
Trd, 4318069.243, 94
Trd, 4318071.443, 94
Trd, 4318072.193, 94
Trd, 4318076.293, 91
Trd, 4318076.443, 93
Trd, 4318076.843, 91
Trd, 4318077.493, 90
Trd, 4318080.043, 92
Trd, 4318080.443, 96
Trd, 4318081.393, 101
Trd, 4318086.093, 99
Trd, 4318087.743, 95
Trd, 4318089.243, 96
Trd, 4318092.143, 95
Trd, 4318095.643, 95
Trd, 4318097.343, 107
Trd, 4318101.043, 95
Trd, 4318101.693, 93
Trd, 4318105.843, 93
Trd, 4318106.693, 94
Trd, 4318111.243, 93
Trd, 4318113.043, 92
Trd, 4318113.793, 93
Trd, 4318113.893, 93
Trd, 4318115.543, 103
Trd, 4318116.493, 110
Trd, 4318116.793, 99
Trd, 4318119.093, 95
Trd, 4318119.293, 100
Trd, 4318121.043, 97
Trd, 4318121.843, 97
Trd, 4318123.343, 96
Trd, 4318127.093, 95
Trd, 4318127.993, 97
Trd, 4318129.093, 97
Trd, 4318130.493, 98
Trd, 4318133.093, 94
Trd, 4318134.693, 94
Trd, 4318136.143, 95
Trd, 4318139.043, 93
Trd, 4318139.493, 92
Trd, 4318140.093, 91
Trd, 4318141.943, 89
Trd, 4318142.393, 89
Trd, 4318143.393, 99
Trd, 4318146.993, 92
Trd, 4318148.443, 92
Trd, 4318148.593, 92
Trd, 4318150.493, 93
Trd, 4318150.693, 100
Trd, 4318152.093, 90
Trd, 4318156.993, 91
Trd, 4318159.893, 91
Trd, 4318160.343, 90
Trd, 4318162.393, 91
Trd, 4318164.693, 98
Trd, 4318165.693, 103
Trd, 4318168.393, 95
Trd, 4318168.693, 95
Trd, 4318169.343, 98
Trd, 4318172.743, 96
Trd, 4318172.993, 97
Trd, 4318173.893, 94
Trd, 4318174.743, 93
Trd, 4318176.993, 102
Trd, 4318177.293, 104
Trd, 4318178.543, 92
Trd, 4318182.943, 93
Trd, 4318185.893, 91
Trd, 4318185.943, 91
Trd, 4318186.893, 103
Trd, 4318187.043, 104
Trd, 4318189.543, 97
Trd, 4318189.643, 98
Trd, 4318192.443, 98
Trd, 4318194.293, 98
Trd, 4318197.743, 97
Trd, 4318197.993, 96
Trd, 4318198.593, 94
Trd, 4318198.693, 96
Trd, 4318200.043, 94
Trd, 4318201.843, 105
Trd, 4318203.043, 107
Trd, 4318203.593, 104
Trd, 4318206.593, 103
Trd, 4318207.343, 104
Trd, 4318208.343, 98
Trd, 4318210.043, 99
Trd, 4318211.293, 96
Trd, 4318213.643, 104
Trd, 4318214.193, 101
Trd, 4318216.293, 103
Trd, 4318218.193, 103
Trd, 4318220.543, 104
Trd, 4318220.693, 102
Trd, 4318220.793, 101
Trd, 4318223.343, 104
Trd, 4318225.143, 102
Trd, 4318225.643, 101
Trd, 4318225.993, 101
Trd, 4318227.343, 99
Trd, 4318228.743, 100
Trd, 4318231.443, 97
Trd, 4318233.793, 97
Trd, 4318235.843, 95
Trd, 4318235.943, 104
Trd, 4318237.893, 100
Trd, 4318240.293, 98
Trd, 4318242.143, 101
Trd, 4318243.893, 98
Trd, 4318244.243, 98
Trd, 4318246.943, 100
Trd, 4318247.893, 95
Trd, 4318248.643, 104
Trd, 4318252.193, 98
Trd, 4318253.893, 96
Trd, 4318254.143, 96
Trd, 4318254.243, 97
Trd, 4318256.143, 94
Trd, 4318258.693, 104
Trd, 4318259.443, 96
Trd, 4318260.993, 96
Trd, 4318261.543, 95
Trd, 4318261.693, 95
Trd, 4318262.743, 96
Trd, 4318266.643, 95
Trd, 4318266.993, 94
Trd, 4318268.943, 94
Trd, 4318269.293, 96
Trd, 4318271.143, 100
Trd, 4318274.543, 97
Trd, 4318274.943, 104
Trd, 4318277.543, 99
Trd, 4318280.243, 98
Trd, 4318284.043, 94
Trd, 4318284.693, 94
Trd, 4318286.943, 95
Trd, 4318288.043, 94
Trd, 4318290.243, 96
Trd, 4318291.443, 104
Trd, 4318291.643, 92
Trd, 4318292.593, 113
Trd, 4318296.493, 94
Trd, 4318297.393, 92
Trd, 4318299.093, 91
Trd, 4318299.793, 91
Trd, 4318300.893, 91
Trd, 4318301.193, 92
Trd, 4318302.943, 94
Trd, 4318302.993, 104
Trd, 4318305.743, 93
Trd, 4318305.793, 94
Trd, 4318307.393, 98
Trd, 4318310.143, 97
Trd, 4318311.843, 95
Trd, 4318313.893, 95
Trd, 4318314.193, 94
Trd, 4318316.743, 95
Trd, 4318318.693, 105
Trd, 4318319.493, 104
Trd, 4318320.893, 101
Trd, 4318321.493, 107
Trd, 4318321.643, 104
Trd, 4318325.793, 104
Trd, 4318326.893, 102
Trd, 4318329.943, 100
Trd, 4318331.593, 101
Trd, 4318331.843, 99
Trd, 4318333.643, 99
Trd, 4318334.943, 108
Trd, 4318335.693, 97
Trd, 4318336.343, 104
Trd, 4318339.043, 95
Trd, 4318340.043, 99
Trd, 4318341.243, 100
Trd, 4318343.493, 101
Trd, 4318345.243, 94
Trd, 4318346.043, 99
Trd, 4318346.443, 96
Trd, 4318348.993, 91
Trd, 4318349.793, 91
Trd, 4318351.493, 94
Trd, 4318351.943, 101
Trd, 4318354.793, 95
Trd, 4318356.193, 96
Trd, 4318357.493, 93
Trd, 4318358.593, 96
Trd, 4318360.543, 97
Trd, 4318362.293, 102
Trd, 4318365.043, 99
Trd, 4318368.493, 98
Trd, 4318370.293, 97
Trd, 4318371.693, 97
Trd, 4318374.143, 95
Trd, 4318374.793, 93
Trd, 4318375.993, 92
Trd, 4318376.293, 91
Trd, 4318376.893, 91
Trd, 4318378.343, 91
Trd, 4318378.443, 98
Trd, 4318379.593, 103
Trd, 4318381.693, 90
Trd, 4318383.143, 100
Trd, 4318383.693, 94
Trd, 4318386.393, 94
Trd, 4318386.843, 95
Trd, 4318389.793, 95
Trd, 4318390.443, 94
Trd, 4318393.543, 94
Trd, 4318394.343, 95
Trd, 4318394.493, 94
Trd, 4318396.093, 95
Trd, 4318397.343, 94
Trd, 4318398.343, 93
Trd, 4318399.043, 94
Trd, 4318399.143, 99
Trd, 4318400.343, 95
Trd, 4318404.593, 94
Trd, 4318407.393, 94
Trd, 4318408.743, 92
Trd, 4318409.493, 91
Trd, 4318409.543, 92
Trd, 4318411.943, 92
Trd, 4318413.093, 95
Trd, 4318416.493, 90
Trd, 4318416.743, 92
Trd, 4318419.543, 91
Trd, 4318421.543, 89
Trd, 4318422.843, 91
Trd, 4318424.193, 91
Trd, 4318425.643, 90
Trd, 4318428.193, 88
Trd, 4318428.293, 90
Trd, 4318430.993, 90
Trd, 4318432.593, 88
Trd, 4318432.843, 91
Trd, 4318434.793, 96
Trd, 4318438.393, 94
Trd, 4318440.093, 104
Trd, 4318440.943, 104
Trd, 4318442.993, 102
Trd, 4318443.343, 103
Trd, 4318446.393, 99
Trd, 4318448.393, 98
Trd, 4318448.443, 98
Trd, 4318451.693, 96
Trd, 4318454.293, 94
Trd, 4318454.593, 95
Trd, 4318454.693, 85
Trd, 4318456.343, 94
Trd, 4318456.793, 97
Trd, 4318459.343, 83
Trd, 4318459.743, 86
Trd, 4318461.293, 87
Trd, 4318463.343, 87
Trd, 4318464.243, 87
Trd, 4318465.493, 95
Trd, 4318466.293, 91
Trd, 4318467.893, 104
Trd, 4318468.943, 98
Trd, 4318470.893, 95
Trd, 4318471.893, 96
Trd, 4318471.943, 93
Trd, 4318473.793, 93
Trd, 4318475.043, 92
Trd, 4318475.443, 94
Trd, 4318478.343, 92
Trd, 4318478.943, 94
Trd, 4318479.043, 91
Trd, 4318482.593, 87
Trd, 4318482.643, 88
Trd, 4318482.693, 92
Trd, 4318487.443, 97
Trd, 4318487.943, 112
Trd, 4318490.493, 104
Trd, 4318493.493, 104
Trd, 4318493.743, 103
Trd, 4318493.993, 100
Trd, 4318494.243, 105
Trd, 4318498.243, 102
Trd, 4318499.343, 100
Trd, 4318499.543, 101
Trd, 4318500.493, 102
Trd, 4318501.093, 99
Trd, 4318504.443, 94
Trd, 4318504.793, 96
Trd, 4318505.093, 98
Trd, 4318506.593, 98
Trd, 4318507.393, 100
Trd, 4318509.293, 101
Trd, 4318512.743, 98
Trd, 4318515.393, 100
Trd, 4318517.343, 99
Trd, 4318519.693, 101
Trd, 4318522.043, 98
Trd, 4318522.843, 101
Trd, 4318523.743, 97
Trd, 4318525.843, 102
Trd, 4318527.443, 100
Trd, 4318529.093, 101
Trd, 4318529.343, 101
Trd, 4318529.693, 98
Trd, 4318534.093, 101
Trd, 4318535.093, 96
Trd, 4318536.343, 101
Trd, 4318537.443, 101
Trd, 4318537.843, 104
Trd, 4318538.893, 104
Trd, 4318539.043, 97
Trd, 4318541.993, 100
Trd, 4318543.193, 101
Trd, 4318544.643, 104
Trd, 4318546.243, 99
Trd, 4318547.243, 102
Trd, 4318547.793, 103
Trd, 4318548.943, 97
Trd, 4318552.143, 88
Trd, 4318552.893, 87
Trd, 4318553.493, 88
Trd, 4318553.893, 104
Trd, 4318556.343, 86
Trd, 4318557.193, 87
Trd, 4318557.793, 88
Trd, 4318561.643, 99
Trd, 4318563.893, 91
Trd, 4318564.593, 92
Trd, 4318565.243, 94
Trd, 4318570.443, 98
Trd, 4318570.543, 90
Trd, 4318572.193, 85
Trd, 4318572.643, 89
Trd, 4318573.743, 86
Trd, 4318575.193, 86
Trd, 4318576.143, 85
Trd, 4318576.593, 98
Trd, 4318579.943, 109
Trd, 4318582.093, 104
Trd, 4318582.743, 103
Trd, 4318584.093, 96
Trd, 4318587.743, 104
Trd, 4318587.893, 113
Trd, 4318590.243, 96
Trd, 4318591.343, 96
Trd, 4318591.893, 95
Trd, 4318594.793, 96
Trd, 4318594.943, 96
Trd, 4318597.993, 95
Trd, 4318598.843, 96
Trd, 4318599.193, 94
Trd, 4318600.693, 94
Trd, 4318601.993, 93
Trd, 4318604.193, 94
Trd, 4318604.743, 92
Trd, 4318608.143, 94
Trd, 4318609.693, 94
Trd, 4318611.843, 95
Trd, 4318612.343, 96
Trd, 4318615.993, 99
Trd, 4318618.593, 95
Trd, 4318619.043, 96
Trd, 4318620.693, 95
Trd, 4318621.343, 95
Trd, 4318626.093, 104
Trd, 4318626.843, 99
Trd, 4318630.943, 93
Trd, 4318631.343, 92
Trd, 4318633.443, 93
Trd, 4318634.993, 92
Trd, 4318638.893, 92
Trd, 4318639.643, 91
Trd, 4318640.043, 92
Trd, 4318643.043, 92
Trd, 4318644.443, 91
Trd, 4318644.893, 93
Trd, 4318645.093, 96
Trd, 4318647.093, 95
Trd, 4318647.893, 94
Trd, 4318648.393, 91
Trd, 4318649.943, 95
Trd, 4318651.243, 96
Trd, 4318653.193, 93
Trd, 4318655.493, 97
Trd, 4318655.593, 104
Trd, 4318657.893, 100
Trd, 4318662.393, 97
Trd, 4318664.343, 97
Trd, 4318667.093, 92
Trd, 4318667.343, 92
Trd, 4318668.393, 95
Trd, 4318668.943, 102
Trd, 4318669.643, 92
Trd, 4318670.943, 98
Trd, 4318673.793, 94
Trd, 4318674.443, 94
Trd, 4318676.743, 91
Trd, 4318677.043, 90
Trd, 4318677.593, 92
Trd, 4318681.093, 91
Trd, 4318683.093, 90
Trd, 4318683.343, 91
Trd, 4318684.893, 96
Trd, 4318685.743, 93
Trd, 4318686.693, 103
Trd, 4318688.993, 77
Trd, 4318689.043, 83
Trd, 4318690.693, 86
Trd, 4318691.843, 94
Trd, 4318693.843, 87
Trd, 4318694.793, 86
Trd, 4318696.443, 86
Trd, 4318699.843, 86
Trd, 4318702.943, 86
Trd, 4318703.143, 87
Trd, 4318704.093, 95
Trd, 4318705.193, 103
Trd, 4318705.643, 96
Trd, 4318705.893, 86
Trd, 4318709.093, 97
Trd, 4318714.193, 88
Trd, 4318715.493, 87
Trd, 4318715.893, 86
Trd, 4318715.943, 99
Trd, 4318716.243, 109
Trd, 4318718.293, 85
Trd, 4318721.643, 91
Trd, 4318722.143, 92
Trd, 4318722.793, 91
Trd, 4318726.193, 88
Trd, 4318726.793, 89
Trd, 4318729.493, 86
Trd, 4318729.793, 86
Trd, 4318730.493, 86
Trd, 4318730.643, 95
Trd, 4318731.993, 90
Trd, 4318736.043, 88
Trd, 4318738.193, 89
Trd, 4318739.643, 88
Trd, 4318742.593, 86
Trd, 4318744.643, 85
Trd, 4318745.543, 87
Trd, 4318747.593, 86
Trd, 4318748.893, 103
Trd, 4318753.393, 91
Trd, 4318754.343, 92
Trd, 4318754.943, 93
Trd, 4318757.543, 93
Trd, 4318758.293, 92
Trd, 4318759.593, 90
Trd, 4318762.793, 91
Trd, 4318762.893, 91
Trd, 4318764.043, 89
Trd, 4318764.293, 90
Trd, 4318766.443, 91
Trd, 4318766.843, 97
Trd, 4318769.393, 89
Trd, 4318769.593, 91
Trd, 4318774.243, 91
Trd, 4318774.943, 92
Trd, 4318775.593, 92
Trd, 4318778.243, 90
Trd, 4318778.393, 88
Trd, 4318779.243, 96
Trd, 4318784.743, 91
Trd, 4318788.493, 90
Trd, 4318789.143, 89
Trd, 4318791.493, 89
Trd, 4318792.143, 88
Trd, 4318793.593, 90
Trd, 4318794.943, 90
Trd, 4318797.543, 104
Trd, 4318799.043, 95
Trd, 4318799.643, 95
Trd, 4318801.543, 103
Trd, 4318802.643, 102
Trd, 4318803.543, 109
Trd, 4318805.743, 98
Trd, 4318806.743, 104
Trd, 4318807.643, 95
Trd, 4318807.993, 94
Trd, 4318809.893, 104
Trd, 4318810.743, 98
Trd, 4318815.693, 97
Trd, 4318816.143, 97
Trd, 4318816.993, 97
Trd, 4318819.193, 96
Trd, 4318819.793, 97
Trd, 4318820.093, 104
Trd, 4318823.843, 100
Trd, 4318827.593, 98
Trd, 4318828.393, 99
Trd, 4318830.443, 98
Trd, 4318831.343, 98
Trd, 4318832.443, 96
Trd, 4318832.693, 95
Trd, 4318834.293, 95
Trd, 4318835.043, 112
Trd, 4318837.243, 104
Trd, 4318840.993, 104
Trd, 4318841.493, 101
Trd, 4318841.893, 101
Trd, 4318846.043, 98
Trd, 4318848.893, 98
Trd, 4318849.493, 98
Trd, 4318850.643, 97
Trd, 4318851.143, 99
Trd, 4318854.143, 104
Trd, 4318855.293, 102
Trd, 4318857.493, 103
Trd, 4318857.993, 101
Trd, 4318858.043, 102
Trd, 4318859.193, 104
Trd, 4318860.043, 94
Trd, 4318860.293, 104
Trd, 4318863.943, 96
Trd, 4318864.543, 102
Trd, 4318865.143, 94
Trd, 4318865.993, 98
Trd, 4318867.493, 97
Trd, 4318870.793, 95
Trd, 4318870.993, 97
Trd, 4318874.243, 99
Trd, 4318875.443, 99
Trd, 4318876.743, 97
Trd, 4318878.993, 98
Trd, 4318879.943, 100
Trd, 4318881.993, 102
Trd, 4318882.643, 102
Trd, 4318884.193, 102
Trd, 4318887.243, 101
Trd, 4318888.043, 96
Trd, 4318889.843, 95
Trd, 4318890.543, 95
Trd, 4318891.993, 92
Trd, 4318892.293, 93
Trd, 4318892.593, 98
Trd, 4318894.043, 104
Trd, 4318895.443, 102
Trd, 4318896.843, 97
Trd, 4318897.343, 112
Trd, 4318900.843, 96
Trd, 4318901.443, 99
Trd, 4318901.643, 97
Trd, 4318903.843, 98
Trd, 4318906.093, 98
Trd, 4318908.243, 98
Trd, 4318910.593, 97
Trd, 4318910.743, 95
Trd, 4318910.993, 94
Trd, 4318913.493, 95
Trd, 4318916.893, 94
Trd, 4318917.393, 95
Trd, 4318919.093, 94
Trd, 4318921.893, 98
Trd, 4318922.843, 98
Trd, 4318924.793, 98
Trd, 4318925.443, 98
Trd, 4318930.893, 93
Trd, 4318931.793, 92
Trd, 4318931.843, 93
Trd, 4318935.193, 91
Trd, 4318936.893, 93
Trd, 4318937.543, 94
Trd, 4318938.543, 100
Trd, 4318938.593, 102
Trd, 4318938.843, 92
Trd, 4318942.993, 94
Trd, 4318943.443, 97
Trd, 4318946.043, 95
Trd, 4318947.643, 94
Trd, 4318950.093, 97
Trd, 4318950.643, 93
Trd, 4318951.543, 96
Trd, 4318953.293, 93
Trd, 4318958.693, 93
Trd, 4318959.893, 97
Trd, 4318961.193, 97
Trd, 4318962.243, 102
Trd, 4318963.543, 100
Trd, 4318965.443, 92
Trd, 4318968.043, 92
Trd, 4318968.743, 92
Trd, 4318969.593, 100
Trd, 4318971.743, 97
Trd, 4318972.643, 104
Trd, 4318978.843, 92
Trd, 4318979.343, 92
Trd, 4318980.293, 91
Trd, 4318982.043, 112
Trd, 4318984.943, 92
Trd, 4318987.143, 91
Trd, 4318987.693, 92
Trd, 4318987.743, 94
Trd, 4318989.793, 89
Trd, 4318990.543, 93
Trd, 4318991.393, 98
Trd, 4318991.943, 104
Trd, 4318999.893, 91
Trd, 4319001.543, 91
Trd, 4319003.193, 90
Trd, 4319004.343, 89
Trd, 4319006.693, 91
Trd, 4319006.943, 96
Trd, 4319008.343, 93
Trd, 4319008.443, 94
Trd, 4319010.543, 92
Trd, 4319013.493, 92
Trd, 4319014.293, 93
Trd, 4319018.043, 94
Trd, 4319018.843, 94
Trd, 4319020.643, 93
Trd, 4319021.093, 94
Trd, 4319021.243, 95
Trd, 4319023.243, 104
Trd, 4319024.893, 103
Trd, 4319026.993, 102
Trd, 4319027.193, 104
Trd, 4319027.593, 100
Trd, 4319027.693, 111
Trd, 4319029.493, 97
Trd, 4319031.593, 87
Trd, 4319032.543, 89
Trd, 4319036.343, 91
Trd, 4319036.793, 101
Trd, 4319037.093, 95
Trd, 4319039.393, 95
Trd, 4319041.543, 94
Trd, 4319042.093, 95
Trd, 4319043.243, 96
Trd, 4319045.093, 96
Trd, 4319047.293, 94
Trd, 4319047.693, 95
Trd, 4319048.143, 95
Trd, 4319048.343, 96
Trd, 4319054.143, 93
Trd, 4319056.443, 93
Trd, 4319056.943, 93
Trd, 4319057.193, 94
Trd, 4319060.943, 92
Trd, 4319061.193, 93
Trd, 4319062.493, 93
Trd, 4319065.243, 92
Trd, 4319066.843, 91
Trd, 4319067.543, 92
Trd, 4319068.543, 95
Trd, 4319069.543, 112
Trd, 4319071.143, 96
Trd, 4319075.193, 92
Trd, 4319075.243, 92
Trd, 4319076.043, 90
Trd, 4319078.843, 91
Trd, 4319082.143, 91
Trd, 4319082.593, 89
Trd, 4319085.393, 89
Trd, 4319085.443, 98
Trd, 4319086.693, 97
Trd, 4319089.193, 97
Trd, 4319091.843, 96
Trd, 4319092.593, 96
Trd, 4319094.843, 98
Trd, 4319097.793, 100
Trd, 4319099.643, 97
Trd, 4319101.293, 96
Trd, 4319103.043, 97
Trd, 4319104.843, 96
Trd, 4319105.143, 95
Trd, 4319106.443, 86
Trd, 4319108.243, 93
Trd, 4319109.043, 96
Trd, 4319111.243, 102
Trd, 4319112.843, 98
Trd, 4319115.693, 95
Trd, 4319118.693, 94
Trd, 4319121.493, 92
Trd, 4319122.243, 93
Trd, 4319122.743, 92
Trd, 4319123.743, 92
Trd, 4319124.543, 95
Trd, 4319127.593, 95
Trd, 4319129.243, 93
Trd, 4319129.343, 96
Trd, 4319131.793, 94
Trd, 4319132.793, 92
Trd, 4319133.993, 92
Trd, 4319136.043, 93
Trd, 4319136.743, 93
Trd, 4319139.643, 93
Trd, 4319140.943, 98
Trd, 4319141.593, 96
Trd, 4319142.693, 99
Trd, 4319144.643, 97
Trd, 4319145.293, 97
Trd, 4319146.143, 100
Trd, 4319147.093, 104
Trd, 4319150.243, 96
Trd, 4319150.593, 97
Trd, 4319153.043, 96
Trd, 4319154.743, 93
Trd, 4319154.843, 94
Trd, 4319155.593, 86
Trd, 4319156.043, 95
Trd, 4319157.993, 95
Trd, 4319159.993, 93
Trd, 4319160.693, 104
Trd, 4319163.743, 94
Trd, 4319164.593, 93
Trd, 4319165.093, 93
Trd, 4319165.243, 96
Trd, 4319167.193, 96
Trd, 4319168.643, 93
Trd, 4319170.043, 95
Trd, 4319170.393, 104
Trd, 4319172.993, 100
Trd, 4319174.243, 101
Trd, 4319175.193, 96
Trd, 4319175.593, 101
Trd, 4319180.193, 96
Trd, 4319181.143, 97
Trd, 4319184.443, 96
Trd, 4319184.993, 100
Trd, 4319187.193, 98
Trd, 4319190.243, 98
Trd, 4319191.193, 96
Trd, 4319192.443, 96
Trd, 4319193.893, 95
Trd, 4319196.843, 96
Trd, 4319201.093, 95
Trd, 4319202.393, 93
Trd, 4319202.693, 94
Trd, 4319202.993, 94
Trd, 4319205.493, 93
Trd, 4319208.093, 93
Trd, 4319208.193, 92
Trd, 4319210.593, 98
Trd, 4319215.793, 94
Trd, 4319215.843, 94
Trd, 4319216.143, 93
Trd, 4319217.693, 92
Trd, 4319219.643, 92
Trd, 4319219.893, 92
Trd, 4319220.243, 98
Trd, 4319221.293, 113
Trd, 4319224.043, 100
Trd, 4319225.893, 97
Trd, 4319226.693, 97
Trd, 4319229.343, 96
Trd, 4319229.543, 91
Trd, 4319231.643, 97
Trd, 4319235.343, 92
Trd, 4319236.343, 91
Trd, 4319237.193, 92
Trd, 4319239.143, 93
Trd, 4319240.693, 104
Trd, 4319241.443, 90
Trd, 4319244.193, 93
Trd, 4319245.893, 92
Trd, 4319248.643, 92
Trd, 4319248.793, 95
Trd, 4319254.443, 90
Trd, 4319254.693, 91
Trd, 4319256.093, 98
Trd, 4319258.593, 93
Trd, 4319260.393, 92
Trd, 4319260.793, 89
Trd, 4319261.643, 96
Trd, 4319265.343, 91
Trd, 4319265.493, 89
Trd, 4319267.243, 88
Trd, 4319270.393, 89
Trd, 4319271.493, 89
Trd, 4319272.293, 87
Trd, 4319274.593, 88
Trd, 4319274.693, 89
Trd, 4319276.743, 94
Trd, 4319279.093, 87
Trd, 4319282.443, 87
Trd, 4319282.943, 86
Trd, 4319283.793, 85
Trd, 4319284.893, 85
Trd, 4319285.593, 86
Trd, 4319286.343, 98
Trd, 4319287.493, 79
Trd, 4319290.593, 98
Trd, 4319292.893, 94
Trd, 4319293.693, 96
Trd, 4319294.743, 95
Trd, 4319296.293, 95
Trd, 4319300.943, 95
Trd, 4319301.943, 94
Trd, 4319302.043, 94
Trd, 4319305.943, 95
Trd, 4319306.043, 104
Trd, 4319306.343, 113
Trd, 4319308.043, 100
Trd, 4319308.643, 94
Trd, 4319308.743, 100
Trd, 4319312.543, 94
Trd, 4319312.643, 95
Trd, 4319313.743, 99
Trd, 4319316.993, 96
Trd, 4319319.093, 94
Trd, 4319320.893, 94
Trd, 4319323.143, 94
Trd, 4319323.793, 93
Trd, 4319324.593, 99
Trd, 4319326.043, 95
Trd, 4319327.043, 93
Trd, 4319330.043, 93
Trd, 4319330.393, 92
Trd, 4319331.693, 92
Trd, 4319333.193, 99
Trd, 4319335.193, 96
Trd, 4319337.993, 91
Trd, 4319342.093, 92
Trd, 4319342.593, 92
Trd, 4319342.843, 93
Trd, 4319343.593, 98
Trd, 4319344.443, 97
Trd, 4319348.593, 95
Trd, 4319351.143, 94
Trd, 4319351.743, 91
Trd, 4319353.193, 93
Trd, 4319354.443, 93
Trd, 4319355.393, 91
Trd, 4319356.793, 92
Trd, 4319356.943, 104
Trd, 4319360.843, 96
Trd, 4319361.843, 97
Trd, 4319366.093, 93
Trd, 4319366.593, 91
Trd, 4319366.693, 92
Trd, 4319370.043, 91
Trd, 4319373.093, 91
Trd, 4319374.543, 92
Trd, 4319376.193, 91
Trd, 4319377.493, 89
Trd, 4319379.093, 89
Trd, 4319382.493, 89
Trd, 4319383.643, 87
Trd, 4319384.243, 89
Trd, 4319387.093, 91
Trd, 4319388.093, 92
Trd, 4319389.893, 91
Trd, 4319390.093, 92
Trd, 4319394.043, 93
Trd, 4319394.643, 96
Trd, 4319395.293, 104
Trd, 4319400.793, 94
Trd, 4319401.843, 91
Trd, 4319401.893, 90
Trd, 4319401.993, 91
Trd, 4319403.143, 92
Trd, 4319405.143, 100
Trd, 4319409.043, 96
Trd, 4319410.543, 103
Trd, 4319411.143, 104
Trd, 4319414.593, 95
Trd, 4319417.743, 97
Trd, 4319418.443, 95
Trd, 4319418.643, 98
Trd, 4319421.643, 103
Trd, 4319422.443, 98
Trd, 4319422.793, 96
Trd, 4319424.843, 96
Trd, 4319426.243, 104
Trd, 4319428.443, 95
Trd, 4319428.993, 98
Trd, 4319430.693, 97
Trd, 4319431.293, 95
Trd, 4319433.443, 94
Trd, 4319434.043, 96
Trd, 4319436.543, 92
Trd, 4319436.593, 95
Trd, 4319439.593, 93
Trd, 4319439.893, 92
Trd, 4319440.993, 93
Trd, 4319443.443, 93
Trd, 4319445.943, 93
Trd, 4319447.393, 94
Trd, 4319448.693, 104
Trd, 4319451.093, 97
Trd, 4319451.993, 96
Trd, 4319452.193, 97
Trd, 4319457.693, 96
Trd, 4319459.293, 95
Trd, 4319459.443, 95
Trd, 4319461.943, 94
Trd, 4319462.493, 96
Trd, 4319463.093, 104
Trd, 4319465.093, 102
Trd, 4319467.393, 101
Trd, 4319468.193, 103
Trd, 4319469.493, 99
Trd, 4319470.943, 93
Trd, 4319471.343, 102
Trd, 4319472.293, 104
Trd, 4319474.443, 95
Trd, 4319475.293, 97
Trd, 4319476.393, 92
Trd, 4319477.493, 97
Trd, 4319478.993, 104
Trd, 4319479.993, 94
Trd, 4319481.693, 95
Trd, 4319482.093, 93
Trd, 4319483.893, 93
Trd, 4319484.593, 92
Trd, 4319485.243, 96
Trd, 4319486.893, 94
Trd, 4319489.593, 94
Trd, 4319490.143, 93
Trd, 4319491.043, 96
Trd, 4319493.843, 99
Trd, 4319494.393, 98
Trd, 4319496.343, 97
Trd, 4319500.143, 94
Trd, 4319502.793, 93
Trd, 4319503.543, 93
Trd, 4319503.593, 94
Trd, 4319504.393, 93
Trd, 4319505.093, 104
Trd, 4319506.443, 92
Trd, 4319508.693, 94
Trd, 4319510.793, 94
Trd, 4319513.293, 104
Trd, 4319513.443, 102
Trd, 4319515.193, 111
Trd, 4319518.393, 96
Trd, 4319520.843, 97
Trd, 4319521.043, 96
Trd, 4319521.443, 94
Trd, 4319521.893, 104
Trd, 4319523.893, 96
Trd, 4319524.443, 98
Trd, 4319526.193, 94
Trd, 4319527.243, 93
Trd, 4319527.743, 93
Trd, 4319529.443, 104
Trd, 4319531.393, 98
Trd, 4319531.443, 96
Trd, 4319533.293, 102
Trd, 4319535.293, 104
Trd, 4319536.743, 95
Trd, 4319538.593, 95
Trd, 4319539.143, 99
Trd, 4319539.743, 98
Trd, 4319541.543, 101
Trd, 4319543.443, 98
Trd, 4319546.343, 94
Trd, 4319546.993, 98
Trd, 4319547.843, 98
Trd, 4319549.643, 97
Trd, 4319551.743, 93
Trd, 4319552.243, 93
Trd, 4319554.243, 92
Trd, 4319555.693, 87
Trd, 4319556.193, 90
Trd, 4319557.893, 90
Trd, 4319558.243, 101
Trd, 4319561.243, 93
Trd, 4319565.293, 92
Trd, 4319565.843, 91
Trd, 4319570.943, 91
Trd, 4319572.043, 89
Trd, 4319572.443, 91
Trd, 4319573.693, 97
Trd, 4319574.743, 95
Trd, 4319576.993, 92
Trd, 4319577.343, 91
Trd, 4319579.743, 93
Trd, 4319580.143, 104
Trd, 4319581.143, 98
Trd, 4319583.193, 98
Trd, 4319585.443, 98
Trd, 4319586.493, 95
Trd, 4319589.793, 94
Trd, 4319590.193, 94
Trd, 4319590.693, 93
Trd, 4319590.843, 102
Trd, 4319591.093, 104
Trd, 4319592.943, 113
Trd, 4319593.893, 93
Trd, 4319595.543, 104
Trd, 4319597.343, 99
Trd, 4319600.343, 99
Trd, 4319600.493, 100
Trd, 4319602.943, 96
Trd, 4319603.843, 95
Trd, 4319604.943, 93
Trd, 4319605.843, 91
Trd, 4319606.393, 96
Trd, 4319608.593, 94
Trd, 4319609.193, 92
Trd, 4319611.943, 91
Trd, 4319613.243, 92
Trd, 4319616.293, 92
Trd, 4319616.443, 95
Trd, 4319616.943, 100
Trd, 4319620.293, 96
Trd, 4319622.293, 102
Trd, 4319623.393, 95
Trd, 4319626.243, 97
Trd, 4319626.643, 104
Trd, 4319628.693, 93
Trd, 4319630.393, 97
Trd, 4319632.393, 93
Trd, 4319632.543, 96
Trd, 4319633.493, 95
Trd, 4319635.143, 96
Trd, 4319637.893, 97
Trd, 4319640.893, 92
Trd, 4319641.593, 94
Trd, 4319643.493, 93
Trd, 4319645.793, 91
Trd, 4319647.993, 92
Trd, 4319649.893, 92
Trd, 4319652.243, 92
Trd, 4319655.593, 92
Trd, 4319656.843, 90
Trd, 4319657.393, 96
Trd, 4319660.443, 102
Trd, 4319662.843, 110
Trd, 4319665.193, 96
Trd, 4319665.793, 96
Trd, 4319667.693, 96
Trd, 4319667.943, 96
Trd, 4319669.043, 93
Trd, 4319669.643, 95
Trd, 4319673.793, 95
Trd, 4319675.993, 95
Trd, 4319676.043, 94
Trd, 4319676.193, 95
Trd, 4319677.993, 95
Trd, 4319678.793, 95
Trd, 4319680.793, 95
Trd, 4319681.743, 94
Trd, 4319683.193, 93
Trd, 4319683.543, 100
Trd, 4319687.043, 100
Trd, 4319688.593, 99
Trd, 4319688.743, 110
Trd, 4319690.643, 97
Trd, 4319693.643, 94
Trd, 4319694.043, 94
Trd, 4319695.893, 93
Trd, 4319696.143, 95
Trd, 4319699.243, 92
Trd, 4319699.343, 95
Trd, 4319700.843, 103
Trd, 4319702.043, 112
Trd, 4319703.493, 104
Trd, 4319704.443, 96
Trd, 4319707.043, 103
Trd, 4319708.643, 103
Trd, 4319709.243, 98
Trd, 4319709.293, 98
Trd, 4319712.543, 102
Trd, 4319712.693, 111
Trd, 4319715.493, 104
Trd, 4319717.693, 100
Trd, 4319718.543, 99
Trd, 4319719.993, 99
Trd, 4319720.343, 100
Trd, 4319722.693, 98
Trd, 4319723.293, 99
Trd, 4319725.043, 97
Trd, 4319725.493, 99
Trd, 4319726.493, 97
Trd, 4319727.893, 97
Trd, 4319728.243, 97
Trd, 4319730.193, 96
Trd, 4319730.643, 94
Trd, 4319731.793, 97
Trd, 4319735.093, 96
Trd, 4319736.243, 98
Trd, 4319737.243, 103
Trd, 4319737.493, 96
Trd, 4319740.493, 104
Trd, 4319744.293, 102
Trd, 4319744.393, 100
Trd, 4319744.693, 103
Trd, 4319745.943, 103
Trd, 4319747.793, 99
Trd, 4319749.393, 100
Trd, 4319750.093, 101
Trd, 4319751.043, 101
Trd, 4319753.493, 99
Trd, 4319753.643, 98
Trd, 4319754.593, 100
Trd, 4319755.693, 104
Trd, 4319759.143, 92
Trd, 4319759.643, 89
Trd, 4319759.743, 98
Trd, 4319760.893, 113
Trd, 4319762.443, 96
Trd, 4319764.643, 104
Trd, 4319765.193, 104
Trd, 4319766.193, 105
Trd, 4319766.543, 98
Trd, 4319768.943, 100
Trd, 4319770.393, 99
Trd, 4319770.593, 100
Trd, 4319772.993, 101
Trd, 4319774.693, 104
Trd, 4319775.043, 101
Trd, 4319777.743, 102
Trd, 4319778.043, 103
Trd, 4319779.293, 104
Trd, 4319781.693, 105
Trd, 4319783.193, 103
Trd, 4319786.243, 102
Trd, 4319787.193, 104
Trd, 4319787.943, 103
Trd, 4319790.243, 104
Trd, 4319790.843, 104
Trd, 4319793.843, 96
Trd, 4319794.643, 97
Trd, 4319796.893, 96
Trd, 4319797.543, 95
Trd, 4319799.493, 95
Trd, 4319802.493, 95
Trd, 4319802.993, 96
Trd, 4319805.243, 97
Trd, 4319807.443, 95
Trd, 4319807.693, 94
Trd, 4319809.443, 95
Trd, 4319810.643, 102
Trd, 4319810.693, 92
Trd, 4319813.893, 94
Trd, 4319816.693, 96
Trd, 4319816.893, 96
Trd, 4319818.543, 96
Trd, 4319820.143, 95
Trd, 4319821.743, 92
Trd, 4319822.893, 97
Trd, 4319825.243, 97
Trd, 4319826.793, 92
Trd, 4319830.593, 94
Trd, 4319833.943, 94
Trd, 4319834.993, 94
Trd, 4319836.843, 96
Trd, 4319839.493, 93
Trd, 4319840.143, 94
Trd, 4319841.493, 94
Trd, 4319842.593, 91
Trd, 4319843.193, 94
Trd, 4319846.643, 93
Trd, 4319848.393, 92
Trd, 4319850.393, 99
Trd, 4319853.293, 90
Trd, 4319855.793, 90
Trd, 4319856.643, 91
Trd, 4319858.243, 91
Trd, 4319860.093, 94
Trd, 4319861.693, 93
Trd, 4319864.343, 94
Trd, 4319865.193, 99
Trd, 4319866.593, 97
Trd, 4319867.043, 98
Trd, 4319871.093, 96
Trd, 4319871.343, 95
Trd, 4319872.493, 96
Trd, 4319875.193, 97
Trd, 4319876.493, 94
Trd, 4319878.493, 95
Trd, 4319878.843, 96
Trd, 4319880.543, 96
Trd, 4319885.393, 93
Trd, 4319886.043, 96
Trd, 4319888.543, 95
Trd, 4319889.593, 96
Trd, 4319891.343, 95
Trd, 4319896.243, 92
Trd, 4319896.893, 92
Trd, 4319898.843, 92
Trd, 4319899.143, 91
Trd, 4319900.243, 96
Trd, 4319900.393, 103
Trd, 4319903.793, 91
Trd, 4319904.643, 97
Trd, 4319906.643, 93
Trd, 4319907.743, 92
Trd, 4319909.143, 92
Trd, 4319909.493, 94
Trd, 4319911.643, 94
Trd, 4319914.293, 95
Trd, 4319916.493, 95
Trd, 4319920.043, 93
Trd, 4319920.743, 93
Trd, 4319924.093, 91
Trd, 4319925.143, 91
Trd, 4319925.793, 92
Trd, 4319927.493, 90
Trd, 4319927.793, 104
Trd, 4319930.143, 100
Trd, 4319933.143, 93
Trd, 4319934.193, 94
Trd, 4319935.343, 95
Trd, 4319937.643, 95
Trd, 4319937.943, 96
Trd, 4319943.493, 94
Trd, 4319943.693, 93
Trd, 4319946.243, 97
Trd, 4319946.893, 96
Trd, 4319948.643, 96
Trd, 4319950.693, 97
Trd, 4319952.393, 96
Trd, 4319952.693, 97
Trd, 4319953.643, 97
Trd, 4319954.643, 112
Trd, 4319955.893, 113
Trd, 4319958.043, 104
Trd, 4319962.043, 102
Trd, 4319962.443, 103
Trd, 4319964.343, 104
Trd, 4319966.643, 99
Trd, 4319969.493, 100
Trd, 4319969.943, 101
Trd, 4319974.243, 101
Trd, 4319974.793, 101
Trd, 4319975.193, 99
Trd, 4319975.693, 104
Trd, 4319978.143, 95
Trd, 4319979.143, 99
Trd, 4319981.043, 98
Trd, 4319982.743, 99
Trd, 4319985.093, 97
Trd, 4319985.493, 99
Trd, 4319988.643, 96
Trd, 4319988.843, 97
Trd, 4319989.243, 96
Trd, 4319991.593, 99
Trd, 4319993.443, 96
Trd, 4319994.243, 102
Trd, 4319999.143, 99
