Trd, 4317924.693, 103
Trd, 4317925.543, 103
Trd, 4317927.093, 103
Trd, 4317927.143, 102
Trd, 4317927.943, 94
Trd, 4317927.993, 101
Trd, 4317928.543, 104
Trd, 4317928.743, 113
Trd, 4317931.643, 98
Trd, 4317932.343, 96
Trd, 4317933.993, 93
Trd, 4317935.793, 92
Trd, 4317936.143, 93
Trd, 4317938.593, 95
Trd, 4317939.393, 92
Trd, 4317940.443, 91
Trd, 4317940.593, 92
Trd, 4317940.693, 94
Trd, 4317941.443, 104
Trd, 4317941.593, 113
Trd, 4317943.693, 103
Trd, 4317946.043, 100
Trd, 4317947.993, 99
Trd, 4317950.943, 99
Trd, 4317952.193, 100
Trd, 4317952.643, 102
Trd, 4317953.343, 96
Trd, 4317953.893, 94
Trd, 4317954.993, 102
Trd, 4317955.893, 104
Trd, 4317957.993, 99
Trd, 4317958.293, 94
Trd, 4317960.393, 97
Trd, 4317960.493, 97
Trd, 4317960.793, 94
Trd, 4317961.493, 98
Trd, 4317964.593, 98
Trd, 4317965.543, 96
Trd, 4317966.193, 96
Trd, 4317967.343, 98
Trd, 4317971.043, 98
Trd, 4317971.143, 99
Trd, 4317972.593, 96
Trd, 4317973.293, 96
Trd, 4317973.943, 95
Trd, 4317974.443, 94
Trd, 4317974.593, 96
Trd, 4317978.643, 93
Trd, 4317978.743, 85
Trd, 4317979.443, 95
Trd, 4317980.193, 94
Trd, 4317980.443, 104
Trd, 4317982.143, 97
Trd, 4317984.593, 96
Trd, 4317985.593, 97
Trd, 4317985.743, 97
Trd, 4317986.243, 95
Trd, 4317988.393, 93
Trd, 4317988.693, 96
Trd, 4317989.943, 105
Trd, 4317991.643, 92
Trd, 4317991.943, 84
Trd, 4317992.993, 90
Trd, 4317993.593, 90
Trd, 4317994.443, 90
Trd, 4317996.293, 90
Trd, 4317996.743, 95
Trd, 4317996.893, 105
Trd, 4317998.093, 104
Trd, 4317999.043, 93
Trd, 4317999.993, 104
Trd, 4318003.693, 100
Trd, 4318004.193, 99
Trd, 4318005.393, 99
Trd, 4318006.043, 99
Trd, 4318006.693, 99
Trd, 4318007.993, 100
Trd, 4318008.493, 102
Trd, 4318009.143, 99
Trd, 4318010.743, 100
Trd, 4318012.493, 104
Trd, 4318013.093, 113
Trd, 4318015.193, 85
Trd, 4318015.843, 98
Trd, 4318016.743, 95
Trd, 4318017.643, 94
Trd, 4318018.893, 94
Trd, 4318018.943, 104
Trd, 4318020.543, 93
Trd, 4318021.693, 99
Trd, 4318022.643, 97
Trd, 4318023.393, 99
Trd, 4318024.393, 97
Trd, 4318026.493, 97
Trd, 4318027.843, 97
Trd, 4318027.943, 96
Trd, 4318030.593, 96
Trd, 4318031.143, 95
Trd, 4318032.693, 104
Trd, 4318033.993, 97
Trd, 4318034.143, 98
Trd, 4318035.343, 95
Trd, 4318036.443, 95
Trd, 4318036.893, 94
Trd, 4318038.943, 94
Trd, 4318040.393, 95
Trd, 4318040.843, 104
Trd, 4318042.093, 100
Trd, 4318042.793, 92
Trd, 4318043.393, 92
Trd, 4318045.443, 98
Trd, 4318046.593, 97
Trd, 4318046.643, 98
Trd, 4318048.743, 101
Trd, 4318049.843, 94
Trd, 4318051.643, 99
Trd, 4318054.093, 94
Trd, 4318054.443, 94
Trd, 4318054.793, 104
Trd, 4318056.593, 99
Trd, 4318056.893, 104
Trd, 4318057.793, 101
Trd, 4318058.843, 93
Trd, 4318060.543, 103
Trd, 4318062.643, 98
Trd, 4318062.943, 102
Trd, 4318063.693, 104
Trd, 4318065.193, 100
Trd, 4318067.543, 98
Trd, 4318068.893, 97
Trd, 4318070.993, 97
Trd, 4318071.793, 104
Trd, 4318071.893, 105
Trd, 4318073.093, 94
Trd, 4318076.643, 96
Trd, 4318077.443, 95
Trd, 4318078.343, 93
Trd, 4318078.493, 95
Trd, 4318078.643, 97
Trd, 4318078.843, 105
Trd, 4318079.143, 85
Trd, 4318080.043, 81
Trd, 4318082.643, 94
Trd, 4318085.293, 94
Trd, 4318085.493, 95
Trd, 4318085.643, 90
Trd, 4318086.693, 103
Trd, 4318089.043, 94
Trd, 4318089.943, 95
Trd, 4318092.093, 95
Trd, 4318092.243, 90
Trd, 4318094.243, 91
Trd, 4318095.393, 89
Trd, 4318095.893, 90
Trd, 4318096.293, 92
Trd, 4318098.893, 91
Trd, 4318099.743, 94
Trd, 4318100.643, 104
Trd, 4318100.743, 113
Trd, 4318102.743, 98
Trd, 4318103.193, 99
Trd, 4318105.643, 104
Trd, 4318107.143, 95
Trd, 4318107.993, 103
Trd, 4318108.243, 104
Trd, 4318110.443, 97
Trd, 4318110.793, 85
Trd, 4318112.493, 91
Trd, 4318113.343, 95
Trd, 4318113.643, 99
Trd, 4318113.893, 104
Trd, 4318114.693, 112
Trd, 4318116.693, 98
Trd, 4318118.743, 97
Trd, 4318119.093, 94
Trd, 4318119.393, 99
Trd, 4318121.093, 111
Trd, 4318121.893, 104
Trd, 4318122.243, 111
Trd, 4318124.943, 103
Trd, 4318127.043, 98
Trd, 4318127.393, 98
Trd, 4318127.693, 104
Trd, 4318128.493, 100
Trd, 4318129.393, 99
Trd, 4318130.193, 104
Trd, 4318132.293, 101
Trd, 4318133.393, 112
Trd, 4318135.193, 106
Trd, 4318138.443, 108
Trd, 4318139.293, 105
Trd, 4318139.993, 105
Trd, 4318141.943, 94
Trd, 4318141.993, 100
Trd, 4318142.543, 101
Trd, 4318143.893, 104
Trd, 4318144.443, 103
Trd, 4318146.593, 100
Trd, 4318149.143, 95
Trd, 4318149.793, 93
Trd, 4318149.943, 94
Trd, 4318150.243, 104
Trd, 4318150.543, 85
Trd, 4318151.043, 97
Trd, 4318151.493, 113
Trd, 4318153.493, 111
Trd, 4318156.093, 96
Trd, 4318156.693, 103
Trd, 4318157.943, 103
Trd, 4318160.493, 99
Trd, 4318162.043, 97
Trd, 4318162.093, 98
Trd, 4318162.493, 101
Trd, 4318164.893, 98
Trd, 4318165.443, 96
Trd, 4318166.243, 97
Trd, 4318167.843, 95
Trd, 4318168.393, 96
Trd, 4318169.743, 96
Trd, 4318169.993, 104
Trd, 4318171.893, 98
Trd, 4318172.393, 98
Trd, 4318175.143, 99
Trd, 4318176.243, 101
Trd, 4318177.143, 102
Trd, 4318178.793, 100
Trd, 4318179.543, 99
Trd, 4318179.993, 100
Trd, 4318180.043, 104
Trd, 4318181.893, 98
Trd, 4318182.243, 113
Trd, 4318183.593, 104
Trd, 4318185.643, 104
Trd, 4318186.743, 121
Trd, 4318186.843, 113
Trd, 4318190.393, 105
Trd, 4318190.643, 94
Trd, 4318191.943, 104
Trd, 4318192.543, 102
Trd, 4318192.843, 104
Trd, 4318194.693, 101
Trd, 4318194.993, 102
Trd, 4318196.143, 103
Trd, 4318198.093, 103
Trd, 4318199.193, 103
Trd, 4318199.593, 102
Trd, 4318200.743, 103
Trd, 4318200.993, 100
Trd, 4318203.593, 96
Trd, 4318205.693, 95
Trd, 4318206.143, 96
Trd, 4318206.543, 97
Trd, 4318208.193, 96
Trd, 4318209.693, 95
Trd, 4318209.793, 94
Trd, 4318211.243, 103
Trd, 4318211.893, 100
Trd, 4318212.293, 98
Trd, 4318213.743, 98
Trd, 4318216.993, 96
Trd, 4318217.143, 96
Trd, 4318217.593, 96
Trd, 4318218.793, 101
Trd, 4318220.593, 97
Trd, 4318220.893, 94
Trd, 4318223.243, 91
Trd, 4318224.193, 91
Trd, 4318224.743, 103
Trd, 4318226.493, 86
Trd, 4318226.793, 100
Trd, 4318229.393, 94
Trd, 4318231.193, 93
Trd, 4318232.843, 92
Trd, 4318234.093, 95
Trd, 4318234.443, 91
Trd, 4318237.593, 92
Trd, 4318237.993, 90
Trd, 4318238.243, 92
Trd, 4318239.443, 104
Trd, 4318240.643, 93
Trd, 4318241.543, 98
Trd, 4318242.693, 94
Trd, 4318244.843, 94
Trd, 4318245.543, 96
Trd, 4318245.693, 98
Trd, 4318247.493, 103
Trd, 4318248.543, 100
Trd, 4318248.643, 89
Trd, 4318251.193, 97
Trd, 4318252.593, 97
Trd, 4318252.943, 105
Trd, 4318253.893, 95
Trd, 4318254.043, 103
Trd, 4318256.293, 99
Trd, 4318257.243, 97
Trd, 4318258.093, 105
Trd, 4318259.293, 100
Trd, 4318259.393, 97
Trd, 4318260.593, 99
Trd, 4318263.193, 99
Trd, 4318264.193, 100
Trd, 4318264.893, 103
Trd, 4318266.893, 98
Trd, 4318267.493, 99
Trd, 4318268.843, 113
Trd, 4318270.393, 104
Trd, 4318271.643, 104
Trd, 4318272.343, 104
Trd, 4318272.843, 104
Trd, 4318273.143, 103
Trd, 4318274.443, 78
Trd, 4318275.143, 96
Trd, 4318277.343, 101
Trd, 4318278.493, 97
Trd, 4318278.593, 97
Trd, 4318280.543, 98
Trd, 4318281.693, 97
Trd, 4318282.543, 85
Trd, 4318282.993, 86
Trd, 4318283.443, 104
Trd, 4318283.643, 113
Trd, 4318286.543, 99
Trd, 4318289.193, 95
Trd, 4318290.543, 94
Trd, 4318290.593, 95
Trd, 4318291.193, 92
Trd, 4318291.243, 95
Trd, 4318292.193, 95
Trd, 4318293.693, 113
Trd, 4318294.693, 92
Trd, 4318295.593, 104
Trd, 4318297.943, 95
Trd, 4318298.493, 93
Trd, 4318299.343, 94
Trd, 4318300.093, 95
Trd, 4318301.793, 94
Trd, 4318304.543, 95
Trd, 4318304.993, 95
Trd, 4318305.093, 96
Trd, 4318306.593, 102
Trd, 4318306.843, 93
Trd, 4318307.693, 104
Trd, 4318311.093, 100
Trd, 4318311.793, 100
Trd, 4318312.043, 105
Trd, 4318312.293, 98
Trd, 4318313.193, 94
Trd, 4318313.943, 107
Trd, 4318317.293, 100
Trd, 4318318.093, 98
Trd, 4318318.843, 97
Trd, 4318318.993, 96
Trd, 4318319.293, 98
Trd, 4318320.343, 103
Trd, 4318321.843, 97
Trd, 4318322.243, 90
Trd, 4318325.693, 103
Trd, 4318325.993, 93
Trd, 4318326.143, 104
Trd, 4318326.243, 122
Trd, 4318328.893, 101
Trd, 4318328.943, 105
Trd, 4318331.643, 105
Trd, 4318331.993, 103
Trd, 4318333.793, 101
Trd, 4318334.643, 103
Trd, 4318335.543, 99
Trd, 4318337.893, 101
Trd, 4318338.443, 101
Trd, 4318341.193, 100
Trd, 4318342.693, 99
Trd, 4318343.443, 100
Trd, 4318344.243, 100
Trd, 4318345.143, 103
Trd, 4318346.143, 103
Trd, 4318346.243, 101
Trd, 4318347.543, 95
Trd, 4318347.793, 100
Trd, 4318348.293, 104
Trd, 4318351.243, 100
Trd, 4318351.843, 97
Trd, 4318353.143, 98
Trd, 4318353.343, 85
Trd, 4318353.443, 98
Trd, 4318354.543, 104
Trd, 4318357.143, 95
Trd, 4318357.493, 100
Trd, 4318358.293, 100
Trd, 4318359.843, 100
Trd, 4318361.043, 100
Trd, 4318361.493, 94
Trd, 4318363.393, 100
Trd, 4318364.943, 98
Trd, 4318365.993, 97
Trd, 4318366.893, 96
Trd, 4318367.343, 97
Trd, 4318369.843, 97
Trd, 4318370.693, 102
Trd, 4318370.893, 100
Trd, 4318371.293, 96
Trd, 4318371.643, 104
Trd, 4318376.293, 100
Trd, 4318377.293, 97
Trd, 4318377.893, 94
Trd, 4318378.393, 94
Trd, 4318379.793, 95
Trd, 4318381.943, 96
Trd, 4318381.993, 105
Trd, 4318383.943, 95
Trd, 4318384.543, 93
Trd, 4318385.443, 94
Trd, 4318386.243, 95
Trd, 4318386.643, 97
Trd, 4318386.943, 96
Trd, 4318389.393, 94
Trd, 4318390.693, 93
Trd, 4318391.093, 96
Trd, 4318393.343, 95
Trd, 4318395.143, 96
Trd, 4318395.743, 98
Trd, 4318396.293, 93
Trd, 4318399.193, 101
Trd, 4318399.693, 98
Trd, 4318400.643, 97
Trd, 4318401.543, 99
Trd, 4318403.493, 100
Trd, 4318403.693, 101
Trd, 4318404.193, 112
Trd, 4318406.193, 112
Trd, 4318408.543, 108
Trd, 4318410.093, 104
Trd, 4318412.493, 107
Trd, 4318413.393, 106
Trd, 4318414.193, 105
Trd, 4318414.543, 103
Trd, 4318415.443, 103
Trd, 4318416.893, 102
Trd, 4318418.643, 102
Trd, 4318418.693, 97
Trd, 4318420.093, 103
Trd, 4318420.143, 104
Trd, 4318420.493, 113
Trd, 4318421.193, 122
Trd, 4318424.443, 106
Trd, 4318424.493, 104
Trd, 4318425.943, 106
Trd, 4318426.293, 94
Trd, 4318426.893, 101
Trd, 4318429.843, 96
Trd, 4318430.043, 97
Trd, 4318431.043, 95
Trd, 4318431.943, 104
Trd, 4318433.343, 104
Trd, 4318433.643, 94
Trd, 4318435.543, 76
Trd, 4318436.643, 78
Trd, 4318437.593, 86
Trd, 4318438.293, 97
Trd, 4318439.493, 97
Trd, 4318441.093, 91
Trd, 4318441.893, 95
Trd, 4318444.543, 92
Trd, 4318444.593, 95
Trd, 4318444.693, 91
Trd, 4318446.843, 102
Trd, 4318449.693, 95
Trd, 4318450.243, 95
Trd, 4318450.493, 95
Trd, 4318450.643, 104
Trd, 4318450.843, 94
Trd, 4318452.543, 93
Trd, 4318453.443, 96
Trd, 4318453.993, 95
Trd, 4318454.293, 96
Trd, 4318458.093, 92
Trd, 4318459.243, 92
Trd, 4318460.643, 96
Trd, 4318461.093, 97
Trd, 4318461.693, 92
Trd, 4318462.843, 95
Trd, 4318464.193, 95
Trd, 4318464.793, 104
Trd, 4318468.243, 95
Trd, 4318468.743, 95
Trd, 4318469.743, 95
Trd, 4318469.993, 98
Trd, 4318470.093, 104
Trd, 4318470.493, 94
Trd, 4318471.993, 111
Trd, 4318472.193, 88
Trd, 4318473.243, 104
Trd, 4318475.043, 113
Trd, 4318477.093, 101
Trd, 4318477.393, 104
Trd, 4318478.243, 94
Trd, 4318478.993, 102
Trd, 4318480.043, 100
Trd, 4318483.043, 96
Trd, 4318484.143, 95
Trd, 4318484.843, 96
Trd, 4318485.793, 90
Trd, 4318486.343, 94
Trd, 4318487.993, 93
Trd, 4318488.393, 94
Trd, 4318489.643, 95
Trd, 4318491.593, 104
Trd, 4318491.893, 94
Trd, 4318493.493, 97
Trd, 4318494.143, 104
Trd, 4318494.793, 100
Trd, 4318496.043, 95
Trd, 4318496.093, 108
Trd, 4318497.243, 95
Trd, 4318497.693, 108
Trd, 4318498.843, 105
Trd, 4318500.393, 104
Trd, 4318503.393, 99
Trd, 4318503.693, 97
Trd, 4318504.093, 100
Trd, 4318506.043, 103
Trd, 4318506.993, 98
Trd, 4318508.343, 102
Trd, 4318508.493, 102
Trd, 4318509.393, 105
Trd, 4318512.893, 100
Trd, 4318514.443, 98
Trd, 4318516.093, 96
Trd, 4318517.143, 95
Trd, 4318517.393, 96
Trd, 4318518.043, 96
Trd, 4318518.893, 103
Trd, 4318519.943, 100
Trd, 4318520.093, 103
Trd, 4318520.193, 94
Trd, 4318523.343, 104
Trd, 4318526.543, 100
Trd, 4318527.193, 97
Trd, 4318527.243, 95
Trd, 4318527.343, 113
Trd, 4318529.093, 98
Trd, 4318530.143, 94
Trd, 4318530.493, 85
Trd, 4318530.543, 97
Trd, 4318532.193, 97
Trd, 4318532.593, 97
Trd, 4318533.993, 97
Trd, 4318536.143, 100
Trd, 4318536.893, 101
Trd, 4318537.443, 97
Trd, 4318538.543, 98
Trd, 4318539.093, 99
Trd, 4318539.993, 97
Trd, 4318541.143, 97
Trd, 4318542.543, 96
Trd, 4318542.743, 94
Trd, 4318545.643, 97
Trd, 4318546.043, 96
Trd, 4318546.143, 103
Trd, 4318547.693, 94
Trd, 4318548.343, 93
Trd, 4318549.593, 94
Trd, 4318550.143, 104
Trd, 4318550.643, 100
Trd, 4318553.293, 102
Trd, 4318554.643, 99
Trd, 4318555.643, 93
Trd, 4318556.343, 101
Trd, 4318557.843, 101
Trd, 4318558.143, 113
Trd, 4318558.843, 107
Trd, 4318561.543, 102
Trd, 4318561.693, 95
Trd, 4318563.443, 102
Trd, 4318563.993, 104
Trd, 4318566.293, 96
Trd, 4318567.143, 96
Trd, 4318568.443, 93
Trd, 4318568.493, 94
Trd, 4318569.243, 93
Trd, 4318569.793, 95
Trd, 4318569.893, 84
Trd, 4318570.943, 95
Trd, 4318573.643, 113
Trd, 4318573.993, 99
Trd, 4318576.843, 100
Trd, 4318576.943, 102
Trd, 4318577.943, 99
Trd, 4318578.993, 101
Trd, 4318579.543, 113
Trd, 4318581.593, 84
Trd, 4318583.593, 95
Trd, 4318584.593, 95
Trd, 4318584.843, 94
Trd, 4318585.643, 95
Trd, 4318585.893, 102
Trd, 4318588.193, 98
Trd, 4318588.793, 98
Trd, 4318588.893, 102
Trd, 4318589.093, 104
Trd, 4318591.943, 96
Trd, 4318592.243, 101
Trd, 4318593.193, 103
Trd, 4318595.693, 97
Trd, 4318595.943, 101
Trd, 4318597.893, 99
Trd, 4318599.243, 97
Trd, 4318599.893, 98
Trd, 4318600.343, 98
Trd, 4318601.293, 97
Trd, 4318604.493, 96
Trd, 4318605.843, 95
Trd, 4318606.143, 94
Trd, 4318606.693, 95
Trd, 4318607.343, 104
Trd, 4318608.493, 95
Trd, 4318609.443, 96
Trd, 4318609.693, 104
Trd, 4318613.443, 97
Trd, 4318614.293, 95
Trd, 4318614.693, 94
Trd, 4318615.893, 94
Trd, 4318616.443, 95
Trd, 4318618.793, 93
Trd, 4318618.943, 88
Trd, 4318620.843, 93
Trd, 4318620.993, 95
Trd, 4318621.743, 93
Trd, 4318621.793, 105
Trd, 4318625.043, 106
Trd, 4318625.093, 105
Trd, 4318626.493, 107
Trd, 4318626.993, 104
Trd, 4318630.243, 100
Trd, 4318631.543, 94
Trd, 4318632.243, 98
Trd, 4318632.793, 98
Trd, 4318633.943, 95
Trd, 4318635.693, 100
Trd, 4318636.143, 99
Trd, 4318638.493, 97
Trd, 4318639.693, 104
Trd, 4318641.243, 95
Trd, 4318642.043, 96
Trd, 4318642.443, 97
Trd, 4318642.643, 95
Trd, 4318643.843, 98
Trd, 4318645.643, 94
Trd, 4318645.993, 95
Trd, 4318646.293, 104
Trd, 4318647.893, 105
Trd, 4318648.493, 104
Trd, 4318651.843, 99
Trd, 4318652.993, 101
Trd, 4318653.343, 100
Trd, 4318653.843, 100
Trd, 4318654.343, 100
Trd, 4318654.393, 103
Trd, 4318656.793, 102
Trd, 4318658.193, 99
Trd, 4318660.593, 97
Trd, 4318660.843, 102
Trd, 4318661.843, 102
Trd, 4318664.043, 99
Trd, 4318664.693, 99
Trd, 4318665.343, 99
Trd, 4318666.543, 98
Trd, 4318666.743, 99
Trd, 4318666.793, 94
Trd, 4318669.843, 104
Trd, 4318670.293, 99
Trd, 4318670.393, 100
Trd, 4318671.393, 113
Trd, 4318673.143, 104
Trd, 4318674.843, 107
Trd, 4318675.543, 105
Trd, 4318678.143, 106
Trd, 4318679.443, 105
Trd, 4318679.543, 104
Trd, 4318680.343, 103
Trd, 4318681.043, 102
Trd, 4318682.643, 99
Trd, 4318683.843, 99
Trd, 4318685.193, 104
Trd, 4318685.893, 101
Trd, 4318686.893, 101
Trd, 4318688.493, 100
Trd, 4318689.193, 97
Trd, 4318689.343, 99
Trd, 4318691.893, 97
Trd, 4318692.293, 97
Trd, 4318693.043, 95
Trd, 4318693.143, 96
Trd, 4318693.743, 94
Trd, 4318696.693, 93
Trd, 4318696.893, 93
Trd, 4318697.093, 93
Trd, 4318698.643, 104
Trd, 4318698.893, 92
Trd, 4318699.193, 122
Trd, 4318702.443, 112
Trd, 4318703.893, 113
Trd, 4318705.793, 101
Trd, 4318706.243, 101
Trd, 4318707.943, 101
Trd, 4318708.143, 100
Trd, 4318708.943, 95
Trd, 4318709.293, 94
Trd, 4318709.343, 96
Trd, 4318710.493, 86
Trd, 4318711.143, 95
Trd, 4318712.793, 103
Trd, 4318713.943, 104
Trd, 4318716.993, 97
Trd, 4318717.593, 104
Trd, 4318719.293, 94
Trd, 4318720.793, 97
Trd, 4318721.143, 95
Trd, 4318721.993, 94
Trd, 4318722.443, 95
Trd, 4318725.393, 98
Trd, 4318725.993, 104
Trd, 4318727.543, 96
Trd, 4318727.843, 98
Trd, 4318728.143, 96
Trd, 4318730.793, 95
Trd, 4318731.993, 93
Trd, 4318732.093, 96
Trd, 4318733.343, 104
Trd, 4318734.543, 100
Trd, 4318736.893, 104
Trd, 4318737.543, 101
Trd, 4318738.243, 113
Trd, 4318740.343, 110
Trd, 4318741.043, 100
Trd, 4318742.343, 110
Trd, 4318743.743, 103
Trd, 4318744.243, 103
Trd, 4318745.343, 95
Trd, 4318746.843, 102
Trd, 4318748.693, 99
Trd, 4318749.893, 100
Trd, 4318749.993, 103
Trd, 4318751.693, 102
Trd, 4318754.443, 98
Trd, 4318755.893, 102
Trd, 4318755.993, 96
Trd, 4318757.193, 100
Trd, 4318757.793, 104
Trd, 4318759.893, 103
Trd, 4318761.593, 98
Trd, 4318762.343, 102
Trd, 4318763.193, 102
Trd, 4318764.893, 97
Trd, 4318765.443, 100
Trd, 4318765.543, 100
Trd, 4318766.443, 85
Trd, 4318766.993, 104
Trd, 4318768.293, 105
Trd, 4318769.093, 105
Trd, 4318772.793, 101
Trd, 4318773.993, 98
Trd, 4318776.193, 97
Trd, 4318777.093, 99
Trd, 4318779.443, 97
Trd, 4318779.593, 98
Trd, 4318781.643, 79
Trd, 4318781.993, 96
Trd, 4318782.693, 104
Trd, 4318783.443, 93
Trd, 4318783.593, 92
Trd, 4318786.593, 93
Trd, 4318786.793, 101
Trd, 4318787.943, 91
Trd, 4318788.393, 98
Trd, 4318790.893, 92
Trd, 4318791.243, 94
Trd, 4318794.793, 95
Trd, 4318794.993, 91
Trd, 4318795.743, 103
Trd, 4318798.593, 94
Trd, 4318799.143, 94
Trd, 4318799.743, 104
Trd, 4318800.493, 112
Trd, 4318802.793, 100
Trd, 4318802.993, 93
Trd, 4318804.393, 92
Trd, 4318805.793, 96
Trd, 4318806.143, 96
Trd, 4318807.543, 104
Trd, 4318808.393, 92
Trd, 4318811.943, 97
Trd, 4318812.143, 96
Trd, 4318812.843, 98
Trd, 4318812.893, 104
Trd, 4318813.043, 113
Trd, 4318814.443, 93
Trd, 4318816.693, 96
Trd, 4318817.243, 96
Trd, 4318818.893, 103
Trd, 4318820.143, 97
Trd, 4318821.593, 96
Trd, 4318822.343, 96
Trd, 4318822.743, 97
Trd, 4318824.543, 98
Trd, 4318825.593, 104
Trd, 4318825.743, 98
Trd, 4318826.993, 109
Trd, 4318828.493, 101
Trd, 4318831.443, 101
Trd, 4318831.943, 101
Trd, 4318832.493, 102
Trd, 4318832.643, 102
Trd, 4318833.593, 101
Trd, 4318833.943, 100
Trd, 4318834.993, 104
Trd, 4318839.093, 103
Trd, 4318839.643, 104
Trd, 4318840.693, 104
Trd, 4318841.793, 100
Trd, 4318843.443, 104
Trd, 4318846.193, 104
Trd, 4318846.843, 94
Trd, 4318847.243, 103
Trd, 4318847.443, 104
Trd, 4318848.593, 100
Trd, 4318848.693, 105
Trd, 4318851.393, 104
Trd, 4318852.893, 105
Trd, 4318853.243, 106
Trd, 4318855.393, 104
Trd, 4318855.943, 106
Trd, 4318856.893, 106
Trd, 4318858.193, 104
Trd, 4318858.993, 106
Trd, 4318859.193, 104
Trd, 4318861.343, 107
Trd, 4318863.843, 103
Trd, 4318865.843, 104
Trd, 4318866.843, 103
Trd, 4318867.393, 102
Trd, 4318867.693, 104
Trd, 4318869.043, 103
Trd, 4318870.143, 104
Trd, 4318870.593, 111
Trd, 4318872.993, 102
Trd, 4318873.143, 102
Trd, 4318873.693, 94
Trd, 4318874.543, 103
Trd, 4318875.393, 104
Trd, 4318877.343, 95
Trd, 4318878.293, 96
Trd, 4318878.743, 97
Trd, 4318879.643, 94
Trd, 4318879.843, 98
Trd, 4318881.643, 97
Trd, 4318883.993, 99
Trd, 4318885.693, 95
Trd, 4318886.593, 94
Trd, 4318888.193, 94
Trd, 4318888.643, 94
Trd, 4318889.743, 94
Trd, 4318890.043, 95
Trd, 4318891.043, 101
Trd, 4318891.843, 97
Trd, 4318894.043, 93
Trd, 4318894.143, 96
Trd, 4318895.893, 95
Trd, 4318896.493, 95
Trd, 4318897.393, 104
Trd, 4318899.493, 96
Trd, 4318899.643, 95
Trd, 4318900.393, 96
Trd, 4318902.543, 100
Trd, 4318903.293, 94
Trd, 4318903.593, 100
Trd, 4318904.543, 98
Trd, 4318905.393, 87
Trd, 4318907.393, 96
Trd, 4318908.693, 94
Trd, 4318909.343, 95
Trd, 4318911.543, 93
Trd, 4318911.793, 96
Trd, 4318912.793, 97
Trd, 4318913.893, 96
Trd, 4318913.993, 104
Trd, 4318915.293, 99
Trd, 4318916.343, 109
Trd, 4318918.643, 105
Trd, 4318919.193, 98
Trd, 4318920.443, 105
Trd, 4318922.193, 100
Trd, 4318922.343, 100
Trd, 4318923.393, 104
Trd, 4318924.793, 98
Trd, 4318926.893, 103
Trd, 4318928.443, 98
Trd, 4318928.993, 100
Trd, 4318930.443, 100
Trd, 4318930.893, 99
Trd, 4318933.093, 97
Trd, 4318933.843, 101
Trd, 4318936.093, 96
Trd, 4318936.443, 94
Trd, 4318936.943, 97
Trd, 4318937.993, 97
Trd, 4318938.643, 102
Trd, 4318940.443, 103
Trd, 4318941.043, 104
Trd, 4318942.043, 103
Trd, 4318942.343, 113
Trd, 4318945.193, 103
Trd, 4318947.093, 103
Trd, 4318948.493, 102
Trd, 4318948.643, 101
Trd, 4318950.493, 102
Trd, 4318950.693, 101
Trd, 4318951.493, 85
Trd, 4318953.143, 101
Trd, 4318953.293, 103
Trd, 4318954.343, 105
Trd, 4318957.093, 102
Trd, 4318957.143, 102
Trd, 4318957.843, 104
Trd, 4318958.843, 97
Trd, 4318961.843, 98
Trd, 4318962.393, 97
Trd, 4318963.193, 77
Trd, 4318964.443, 96
Trd, 4318964.743, 99
Trd, 4318965.543, 99
Trd, 4318967.743, 93
Trd, 4318968.343, 92
Trd, 4318968.393, 94
Trd, 4318970.243, 95
Trd, 4318971.743, 95
Trd, 4318972.093, 95
Trd, 4318973.643, 94
Trd, 4318975.043, 96
Trd, 4318975.643, 96
Trd, 4318977.093, 95
Trd, 4318977.343, 96
Trd, 4318978.843, 104
Trd, 4318981.193, 101
Trd, 4318981.743, 99
Trd, 4318981.793, 95
Trd, 4318983.343, 98
Trd, 4318985.243, 101
Trd, 4318985.393, 104
Trd, 4318985.543, 99
Trd, 4318986.343, 112
Trd, 4318990.893, 103
Trd, 4318991.643, 102
Trd, 4318991.693, 107
Trd, 4318993.143, 105
Trd, 4318994.443, 102
Trd, 4318996.143, 100
Trd, 4318996.693, 102
Trd, 4318996.743, 102
Trd, 4318997.543, 104
Trd, 4318999.843, 100
Trd, 4319001.493, 102
Trd, 4319002.493, 102
Trd, 4319004.593, 100
Trd, 4319004.643, 100
Trd, 4319005.443, 99
Trd, 4319006.243, 111
Trd, 4319006.493, 107
Trd, 4319008.993, 101
Trd, 4319009.243, 101
Trd, 4319009.693, 95
Trd, 4319011.843, 100
Trd, 4319013.693, 97
Trd, 4319013.993, 94
Trd, 4319015.193, 95
Trd, 4319015.493, 96
Trd, 4319016.943, 104
Trd, 4319017.243, 113
Trd, 4319017.943, 85
Trd, 4319019.943, 105
Trd, 4319020.693, 103
Trd, 4319023.843, 103
Trd, 4319024.893, 101
Trd, 4319025.793, 100
Trd, 4319026.643, 99
Trd, 4319026.893, 102
Trd, 4319028.793, 98
Trd, 4319030.393, 94
Trd, 4319031.143, 97
Trd, 4319031.293, 96
Trd, 4319031.643, 98
Trd, 4319031.693, 113
Trd, 4319035.243, 95
Trd, 4319035.393, 97
Trd, 4319035.543, 100
Trd, 4319036.743, 96
Trd, 4319037.843, 96
Trd, 4319038.093, 95
Trd, 4319040.693, 96
Trd, 4319041.893, 97
Trd, 4319043.793, 122
Trd, 4319045.643, 105
Trd, 4319045.693, 103
Trd, 4319046.643, 102
Trd, 4319046.943, 105
Trd, 4319049.093, 101
Trd, 4319049.993, 100
Trd, 4319051.293, 99
Trd, 4319051.443, 94
Trd, 4319052.693, 100
Trd, 4319052.993, 99
Trd, 4319053.343, 103
Trd, 4319053.493, 104
Trd, 4319056.943, 98
Trd, 4319058.593, 102
Trd, 4319060.293, 98
Trd, 4319060.343, 100
Trd, 4319061.193, 102
Trd, 4319063.093, 98
Trd, 4319063.643, 97
Trd, 4319064.343, 99
Trd, 4319064.743, 94
Trd, 4319067.743, 92
Trd, 4319068.293, 90
Trd, 4319068.493, 97
Trd, 4319069.093, 104
Trd, 4319071.243, 103
Trd, 4319072.143, 96
Trd, 4319073.793, 95
Trd, 4319075.493, 94
Trd, 4319076.693, 85
Trd, 4319076.793, 94
Trd, 4319077.993, 90
Trd, 4319079.543, 82
Trd, 4319080.043, 82
Trd, 4319080.193, 78
Trd, 4319080.493, 86
Trd, 4319081.143, 105
Trd, 4319085.243, 92
Trd, 4319086.743, 90
Trd, 4319089.293, 86
Trd, 4319089.393, 95
Trd, 4319089.593, 104
Trd, 4319090.693, 104
Trd, 4319090.993, 95
Trd, 4319094.043, 96
Trd, 4319094.993, 95
Trd, 4319096.443, 94
Trd, 4319097.593, 94
Trd, 4319098.243, 95
Trd, 4319099.343, 92
Trd, 4319099.443, 91
Trd, 4319101.943, 91
Trd, 4319102.543, 93
Trd, 4319103.443, 95
Trd, 4319105.993, 91
Trd, 4319106.343, 96
Trd, 4319106.543, 93
Trd, 4319107.743, 90
Trd, 4319107.793, 92
Trd, 4319110.943, 95
Trd, 4319111.843, 103
Trd, 4319112.393, 92
Trd, 4319113.793, 100
Trd, 4319114.593, 92
Trd, 4319115.043, 100
Trd, 4319116.993, 98
Trd, 4319119.443, 96
Trd, 4319120.293, 98
Trd, 4319120.393, 104
Trd, 4319121.143, 104
Trd, 4319122.143, 103
Trd, 4319124.493, 96
Trd, 4319124.643, 97
Trd, 4319126.193, 103
Trd, 4319126.993, 104
Trd, 4319128.243, 103
Trd, 4319128.543, 105
Trd, 4319128.643, 102
Trd, 4319131.293, 95
Trd, 4319131.493, 96
Trd, 4319134.293, 97
Trd, 4319134.693, 98
Trd, 4319136.593, 97
Trd, 4319136.743, 94
Trd, 4319139.143, 88
Trd, 4319139.243, 89
Trd, 4319141.393, 88
Trd, 4319141.693, 97
Trd, 4319141.993, 84
Trd, 4319142.443, 90
Trd, 4319145.593, 105
Trd, 4319147.093, 93
Trd, 4319147.193, 92
Trd, 4319149.143, 91
Trd, 4319149.393, 92
Trd, 4319149.793, 93
Trd, 4319150.893, 99
Trd, 4319153.693, 91
Trd, 4319154.693, 93
Trd, 4319156.193, 91
Trd, 4319156.493, 90
Trd, 4319158.193, 92
Trd, 4319159.593, 92
Trd, 4319159.943, 90
Trd, 4319160.893, 90
Trd, 4319161.343, 94
Trd, 4319162.843, 89
Trd, 4319163.143, 94
Trd, 4319164.343, 105
Trd, 4319165.993, 101
Trd, 4319166.893, 96
Trd, 4319168.793, 92
Trd, 4319169.743, 95
Trd, 4319171.393, 95
Trd, 4319171.943, 104
Trd, 4319173.693, 94
Trd, 4319174.393, 97
Trd, 4319175.493, 97
Trd, 4319177.243, 94
Trd, 4319178.443, 94
Trd, 4319178.793, 95
Trd, 4319180.293, 94
Trd, 4319180.893, 96
Trd, 4319181.993, 104
Trd, 4319185.543, 98
Trd, 4319185.893, 100
Trd, 4319185.993, 95
Trd, 4319188.193, 96
Trd, 4319189.643, 104
Trd, 4319189.893, 104
Trd, 4319190.993, 101
Trd, 4319191.793, 102
Trd, 4319193.893, 103
Trd, 4319195.893, 105
Trd, 4319196.643, 104
Trd, 4319198.243, 104
Trd, 4319198.693, 104
Trd, 4319200.043, 105
Trd, 4319201.843, 103
Trd, 4319203.843, 94
Trd, 4319204.493, 95
Trd, 4319205.343, 96
Trd, 4319205.893, 105
Trd, 4319206.493, 85
Trd, 4319207.643, 94
Trd, 4319209.193, 100
Trd, 4319210.293, 112
Trd, 4319210.493, 112
Trd, 4319212.843, 109
Trd, 4319213.343, 97
Trd, 4319216.443, 96
Trd, 4319216.893, 98
Trd, 4319217.493, 95
Trd, 4319219.243, 104
Trd, 4319219.443, 102
Trd, 4319220.843, 110
Trd, 4319221.343, 97
Trd, 4319221.493, 113
Trd, 4319224.493, 97
Trd, 4319225.743, 97
Trd, 4319226.693, 95
Trd, 4319227.293, 95
Trd, 4319227.843, 94
Trd, 4319229.143, 95
Trd, 4319230.993, 94
Trd, 4319231.243, 94
Trd, 4319233.843, 94
Trd, 4319233.893, 95
Trd, 4319234.343, 93
Trd, 4319236.893, 104
Trd, 4319238.393, 96
Trd, 4319238.643, 97
Trd, 4319239.043, 104
Trd, 4319239.493, 113
Trd, 4319239.943, 133
Trd, 4319243.543, 118
Trd, 4319244.743, 114
Trd, 4319246.443, 113
Trd, 4319247.593, 111
Trd, 4319248.143, 110
Trd, 4319248.643, 103
Trd, 4319249.143, 110
Trd, 4319252.993, 100
Trd, 4319254.293, 99
Trd, 4319254.593, 99
Trd, 4319255.893, 94
Trd, 4319256.993, 96
Trd, 4319257.143, 95
Trd, 4319257.393, 98
Trd, 4319258.093, 103
Trd, 4319260.993, 94
Trd, 4319261.893, 93
Trd, 4319262.243, 99
Trd, 4319264.293, 93
Trd, 4319264.393, 93
Trd, 4319264.493, 92
Trd, 4319266.193, 95
Trd, 4319266.343, 84
Trd, 4319266.543, 104
Trd, 4319267.393, 113
Trd, 4319269.993, 99
Trd, 4319270.293, 104
Trd, 4319272.043, 103
Trd, 4319272.243, 91
Trd, 4319275.293, 97
Trd, 4319276.293, 92
Trd, 4319276.393, 96
Trd, 4319278.293, 95
Trd, 4319279.293, 95
Trd, 4319280.393, 95
Trd, 4319282.593, 101
Trd, 4319282.693, 96
Trd, 4319283.493, 104
Trd, 4319284.743, 103
Trd, 4319285.993, 97
Trd, 4319286.343, 109
Trd, 4319290.293, 102
Trd, 4319290.393, 102
Trd, 4319290.993, 94
Trd, 4319291.943, 99
Trd, 4319292.843, 97
Trd, 4319294.443, 97
Trd, 4319296.293, 97
Trd, 4319296.793, 104
Trd, 4319296.943, 96
Trd, 4319299.143, 98
Trd, 4319300.993, 97
Trd, 4319301.693, 96
Trd, 4319303.393, 97
Trd, 4319303.443, 97
Trd, 4319304.143, 104
Trd, 4319304.293, 112
Trd, 4319305.093, 85
Trd, 4319305.543, 102
Trd, 4319307.693, 102
Trd, 4319309.543, 104
Trd, 4319310.843, 103
Trd, 4319311.893, 96
Trd, 4319313.643, 103
Trd, 4319314.543, 102
Trd, 4319315.143, 98
Trd, 4319316.643, 100
Trd, 4319318.443, 100
Trd, 4319319.043, 99
Trd, 4319320.093, 98
Trd, 4319320.693, 100
Trd, 4319324.643, 99
Trd, 4319325.393, 99
Trd, 4319326.143, 99
Trd, 4319326.193, 100
Trd, 4319328.443, 100
Trd, 4319329.943, 99
Trd, 4319331.293, 98
Trd, 4319331.643, 100
Trd, 4319331.743, 100
Trd, 4319333.243, 84
Trd, 4319333.593, 101
Trd, 4319335.893, 101
Trd, 4319338.093, 98
Trd, 4319338.293, 94
Trd, 4319339.843, 94
Trd, 4319340.243, 94
Trd, 4319340.693, 96
Trd, 4319341.493, 104
Trd, 4319344.643, 96
Trd, 4319346.093, 97
Trd, 4319346.493, 94
Trd, 4319348.643, 98
Trd, 4319349.843, 97
Trd, 4319350.443, 93
Trd, 4319351.993, 97
Trd, 4319352.443, 96
Trd, 4319354.443, 96
Trd, 4319355.443, 95
Trd, 4319355.593, 95
Trd, 4319356.093, 107
Trd, 4319357.843, 101
Trd, 4319360.493, 100
Trd, 4319360.643, 111
Trd, 4319361.443, 104
Trd, 4319361.993, 103
Trd, 4319365.543, 104
Trd, 4319365.693, 103
Trd, 4319366.393, 94
Trd, 4319367.643, 102
Trd, 4319368.943, 104
Trd, 4319371.393, 102
Trd, 4319372.043, 95
Trd, 4319372.743, 100
Trd, 4319372.843, 103
Trd, 4319375.643, 103
Trd, 4319375.693, 104
Trd, 4319378.893, 109
Trd, 4319379.293, 104
Trd, 4319380.743, 102
Trd, 4319380.843, 104
Trd, 4319381.243, 94
Trd, 4319382.643, 103
Trd, 4319383.443, 103
Trd, 4319384.393, 103
Trd, 4319385.643, 99
Trd, 4319386.093, 104
Trd, 4319387.443, 103
Trd, 4319388.643, 100
Trd, 4319388.793, 99
Trd, 4319389.443, 99
Trd, 4319390.943, 107
Trd, 4319393.743, 98
Trd, 4319394.093, 99
Trd, 4319395.793, 98
Trd, 4319396.093, 99
Trd, 4319396.593, 104
Trd, 4319397.793, 97
Trd, 4319399.593, 104
Trd, 4319401.093, 102
Trd, 4319401.443, 94
Trd, 4319403.693, 92
Trd, 4319404.093, 94
Trd, 4319404.893, 95
Trd, 4319406.693, 91
Trd, 4319407.593, 90
Trd, 4319408.143, 89
Trd, 4319408.943, 91
Trd, 4319409.793, 98
Trd, 4319412.443, 91
Trd, 4319412.493, 97
Trd, 4319414.493, 91
Trd, 4319415.043, 95
Trd, 4319417.243, 94
Trd, 4319417.393, 95
Trd, 4319417.893, 96
Trd, 4319421.443, 105
Trd, 4319422.543, 104
Trd, 4319424.243, 98
Trd, 4319424.893, 95
Trd, 4319425.243, 100
Trd, 4319426.393, 87
Trd, 4319426.943, 101
Trd, 4319427.943, 102
Trd, 4319430.243, 96
Trd, 4319431.343, 102
Trd, 4319431.693, 95
Trd, 4319434.443, 98
Trd, 4319435.293, 98
Trd, 4319436.543, 98
Trd, 4319436.643, 96
Trd, 4319438.093, 104
Trd, 4319438.993, 95
Trd, 4319439.843, 104
Trd, 4319440.293, 103
Trd, 4319441.643, 112
Trd, 4319442.393, 95
Trd, 4319442.743, 113
Trd, 4319445.993, 97
Trd, 4319446.643, 94
Trd, 4319446.993, 96
Trd, 4319447.843, 99
Trd, 4319448.743, 104
Trd, 4319451.393, 96
Trd, 4319452.293, 95
Trd, 4319453.343, 94
Trd, 4319453.893, 93
Trd, 4319454.243, 95
Trd, 4319454.343, 96
Trd, 4319454.893, 104
Trd, 4319456.293, 103
Trd, 4319457.093, 100
Trd, 4319458.143, 104
Trd, 4319458.243, 92
Trd, 4319461.993, 98
Trd, 4319462.593, 98
Trd, 4319463.293, 98
Trd, 4319464.293, 97
Trd, 4319467.293, 96
Trd, 4319467.493, 96
Trd, 4319468.793, 95
Trd, 4319469.743, 98
Trd, 4319470.043, 105
Trd, 4319470.843, 104
Trd, 4319470.943, 94
Trd, 4319472.793, 101
Trd, 4319473.943, 103
Trd, 4319475.993, 100
Trd, 4319478.093, 99
Trd, 4319478.193, 100
Trd, 4319479.393, 100
Trd, 4319480.343, 99
Trd, 4319481.093, 104
Trd, 4319481.943, 98
Trd, 4319483.243, 97
Trd, 4319484.743, 85
Trd, 4319486.143, 94
Trd, 4319486.343, 96
Trd, 4319489.143, 95
Trd, 4319489.593, 95
Trd, 4319489.793, 97
Trd, 4319491.593, 96
Trd, 4319492.493, 95
Trd, 4319492.643, 96
Trd, 4319494.793, 113
Trd, 4319494.943, 112
Trd, 4319495.643, 121
Trd, 4319495.693, 104
Trd, 4319496.043, 94
Trd, 4319497.143, 136
Trd, 4319499.693, 110
Trd, 4319501.193, 108
Trd, 4319503.443, 105
Trd, 4319504.843, 105
Trd, 4319504.943, 104
Trd, 4319505.843, 104
Trd, 4319506.393, 94
Trd, 4319507.893, 103
Trd, 4319508.493, 101
Trd, 4319510.493, 104
Trd, 4319510.843, 104
Trd, 4319511.493, 94
Trd, 4319511.943, 106
Trd, 4319514.793, 93
Trd, 4319514.893, 110
Trd, 4319516.593, 100
Trd, 4319517.243, 101
Trd, 4319518.343, 100
Trd, 4319520.743, 100
Trd, 4319520.993, 101
Trd, 4319522.493, 99
Trd, 4319523.093, 104
Trd, 4319524.593, 99
Trd, 4319524.993, 102
Trd, 4319526.343, 102
Trd, 4319528.493, 100
Trd, 4319530.893, 98
Trd, 4319531.243, 98
Trd, 4319533.643, 98
Trd, 4319533.743, 98
Trd, 4319535.393, 96
Trd, 4319535.943, 97
Trd, 4319536.343, 104
Trd, 4319536.643, 95
Trd, 4319538.993, 95
Trd, 4319539.493, 95
Trd, 4319539.843, 98
Trd, 4319542.093, 94
Trd, 4319542.593, 94
Trd, 4319543.543, 94
Trd, 4319543.743, 98
Trd, 4319545.343, 103
Trd, 4319546.943, 99
Trd, 4319548.343, 99
Trd, 4319549.643, 97
Trd, 4319550.093, 103
Trd, 4319551.243, 103
Trd, 4319551.643, 104
Trd, 4319552.343, 104
Trd, 4319556.243, 98
Trd, 4319556.293, 97
Trd, 4319556.393, 101
Trd, 4319556.943, 94
Trd, 4319558.443, 100
Trd, 4319559.943, 94
Trd, 4319560.793, 97
Trd, 4319561.393, 87
Trd, 4319562.593, 96
Trd, 4319563.243, 95
Trd, 4319563.943, 104
Trd, 4319565.443, 104
Trd, 4319567.893, 105
Trd, 4319568.593, 104
Trd, 4319568.693, 104
Trd, 4319568.943, 104
Trd, 4319570.343, 104
Trd, 4319572.143, 104
Trd, 4319573.643, 104
Trd, 4319575.193, 103
Trd, 4319575.743, 104
Trd, 4319576.293, 103
Trd, 4319576.343, 85
Trd, 4319577.593, 105
Trd, 4319577.643, 113
Trd, 4319579.493, 103
Trd, 4319579.993, 100
Trd, 4319580.843, 102
Trd, 4319582.893, 101
Trd, 4319583.143, 100
Trd, 4319583.643, 99
Trd, 4319586.293, 100
Trd, 4319587.643, 99
Trd, 4319590.093, 99
Trd, 4319590.693, 98
Trd, 4319591.593, 100
Trd, 4319592.243, 104
Trd, 4319593.243, 112
Trd, 4319593.593, 104
Trd, 4319596.143, 103
Trd, 4319597.443, 88
Trd, 4319599.193, 94
Trd, 4319599.393, 93
Trd, 4319600.143, 95
Trd, 4319600.893, 88
Trd, 4319602.893, 88
Trd, 4319602.943, 90
Trd, 4319603.643, 104
Trd, 4319604.543, 98
Trd, 4319607.343, 93
Trd, 4319607.943, 90
Trd, 4319608.143, 94
Trd, 4319611.043, 101
Trd, 4319611.493, 91
Trd, 4319611.593, 102
Trd, 4319612.193, 97
Trd, 4319614.193, 97
Trd, 4319615.043, 102
Trd, 4319617.343, 94
Trd, 4319618.093, 98
Trd, 4319620.693, 93
Trd, 4319620.993, 96
Trd, 4319621.193, 96
Trd, 4319622.243, 96
Trd, 4319625.793, 93
Trd, 4319627.393, 92
Trd, 4319627.493, 94
Trd, 4319629.193, 95
Trd, 4319630.193, 95
Trd, 4319630.693, 102
Trd, 4319632.593, 92
Trd, 4319633.193, 94
Trd, 4319635.043, 91
Trd, 4319636.793, 105
Trd, 4319637.593, 91
Trd, 4319637.743, 95
Trd, 4319638.543, 99
Trd, 4319639.643, 96
Trd, 4319639.943, 106
Trd, 4319642.293, 95
Trd, 4319643.843, 95
Trd, 4319645.093, 94
Trd, 4319646.393, 93
Trd, 4319647.143, 95
Trd, 4319648.793, 92
Trd, 4319649.293, 104
Trd, 4319650.893, 101
Trd, 4319651.593, 101
Trd, 4319652.343, 113
Trd, 4319654.743, 100
Trd, 4319655.893, 100
Trd, 4319657.593, 100
Trd, 4319658.093, 100
Trd, 4319659.343, 103
Trd, 4319660.693, 104
Trd, 4319660.943, 101
Trd, 4319662.643, 101
Trd, 4319663.043, 95
Trd, 4319663.743, 102
Trd, 4319664.093, 113
Trd, 4319665.493, 85
Trd, 4319666.143, 105
Trd, 4319668.643, 109
Trd, 4319670.593, 106
Trd, 4319671.143, 106
Trd, 4319672.093, 104
Trd, 4319673.243, 103
Trd, 4319674.293, 104
Trd, 4319675.243, 94
Trd, 4319676.143, 104
Trd, 4319676.643, 114
Trd, 4319678.443, 105
Trd, 4319680.943, 102
Trd, 4319681.443, 102
Trd, 4319681.643, 104
Trd, 4319682.843, 94
Trd, 4319683.043, 100
Trd, 4319683.293, 95
Trd, 4319684.943, 97
Trd, 4319685.143, 105
Trd, 4319686.693, 98
Trd, 4319689.543, 98
Trd, 4319689.843, 99
Trd, 4319690.043, 99
Trd, 4319691.193, 103
Trd, 4319692.143, 100
Trd, 4319693.643, 101
Trd, 4319693.793, 98
Trd, 4319695.043, 111
Trd, 4319698.843, 101
Trd, 4319699.243, 102
Trd, 4319699.343, 98
Trd, 4319699.643, 103
Trd, 4319700.093, 113
Trd, 4319703.443, 99
Trd, 4319703.693, 99
Trd, 4319704.143, 102
Trd, 4319706.093, 99
Trd, 4319707.343, 100
Trd, 4319708.093, 104
Trd, 4319709.493, 102
Trd, 4319710.393, 99
Trd, 4319711.993, 98
Trd, 4319712.193, 98
Trd, 4319713.193, 101
Trd, 4319715.343, 98
Trd, 4319715.543, 98
Trd, 4319718.043, 97
Trd, 4319718.193, 98
Trd, 4319718.293, 98
Trd, 4319719.293, 104
Trd, 4319721.643, 98
Trd, 4319722.543, 97
Trd, 4319722.693, 104
Trd, 4319724.043, 103
Trd, 4319724.243, 112
Trd, 4319725.843, 98
Trd, 4319727.943, 97
Trd, 4319727.993, 97
Trd, 4319729.943, 95
Trd, 4319730.293, 95
Trd, 4319731.793, 95
Trd, 4319732.543, 99
Trd, 4319732.643, 99
Trd, 4319734.893, 99
Trd, 4319735.243, 95
Trd, 4319736.043, 99
Trd, 4319736.393, 94
Trd, 4319738.793, 99
Trd, 4319741.993, 95
Trd, 4319742.043, 96
Trd, 4319742.193, 103
Trd, 4319742.343, 104
Trd, 4319742.643, 94
Trd, 4319744.793, 103
Trd, 4319747.693, 103
Trd, 4319748.393, 104
Trd, 4319749.193, 99
Trd, 4319751.093, 101
Trd, 4319752.393, 100
Trd, 4319752.443, 99
Trd, 4319752.993, 113
Trd, 4319754.093, 102
Trd, 4319754.643, 113
Trd, 4319756.843, 104
Trd, 4319759.743, 105
Trd, 4319760.043, 104
Trd, 4319760.343, 104
Trd, 4319760.443, 109
Trd, 4319761.543, 94
Trd, 4319761.793, 111
Trd, 4319762.243, 107
Trd, 4319763.243, 107
Trd, 4319765.693, 99
Trd, 4319767.743, 100
Trd, 4319768.393, 100
Trd, 4319769.093, 101
Trd, 4319769.893, 99
Trd, 4319771.893, 102
Trd, 4319773.443, 104
Trd, 4319773.943, 110
Trd, 4319775.893, 113
Trd, 4319777.393, 118
Trd, 4319779.093, 109
Trd, 4319779.743, 106
Trd, 4319780.693, 107
Trd, 4319782.193, 105
Trd, 4319783.593, 104
Trd, 4319785.693, 95
Trd, 4319786.543, 101
Trd, 4319786.593, 101
Trd, 4319787.243, 103
Trd, 4319789.693, 95
Trd, 4319790.193, 96
Trd, 4319790.493, 98
Trd, 4319791.743, 98
Trd, 4319792.993, 95
Trd, 4319793.993, 113
Trd, 4319794.593, 104
Trd, 4319796.493, 100
Trd, 4319797.943, 97
Trd, 4319799.443, 96
Trd, 4319799.893, 94
Trd, 4319801.843, 96
Trd, 4319802.243, 96
Trd, 4319802.393, 93
Trd, 4319802.693, 104
Trd, 4319804.093, 112
Trd, 4319806.243, 101
Trd, 4319807.293, 99
Trd, 4319807.843, 101
Trd, 4319807.943, 104
Trd, 4319808.143, 98
Trd, 4319809.243, 105
Trd, 4319812.843, 100
Trd, 4319813.993, 99
Trd, 4319816.493, 99
Trd, 4319817.143, 97
Trd, 4319817.293, 98
Trd, 4319818.643, 98
Trd, 4319819.793, 113
Trd, 4319820.943, 112
Trd, 4319823.443, 103
Trd, 4319823.643, 104
Trd, 4319823.843, 104
Trd, 4319825.843, 104
Trd, 4319827.443, 105
Trd, 4319828.393, 106
Trd, 4319829.293, 108
Trd, 4319831.093, 105
Trd, 4319831.243, 104
Trd, 4319833.593, 105
Trd, 4319835.193, 105
Trd, 4319836.993, 105
Trd, 4319838.843, 95
Trd, 4319839.093, 94
Trd, 4319841.193, 85
Trd, 4319841.843, 88
Trd, 4319842.743, 104
Trd, 4319842.793, 105
Trd, 4319846.443, 99
Trd, 4319846.543, 98
Trd, 4319846.593, 105
Trd, 4319848.293, 95
Trd, 4319848.343, 96
Trd, 4319848.393, 104
Trd, 4319849.643, 113
Trd, 4319852.343, 98
Trd, 4319852.943, 99
Trd, 4319853.243, 96
Trd, 4319853.343, 99
Trd, 4319855.293, 96
Trd, 4319855.643, 96
Trd, 4319856.343, 94
Trd, 4319857.093, 96
Trd, 4319857.593, 95
Trd, 4319858.193, 94
Trd, 4319859.693, 103
Trd, 4319859.893, 93
Trd, 4319861.843, 102
Trd, 4319864.093, 92
Trd, 4319865.043, 95
Trd, 4319865.193, 97
Trd, 4319866.343, 104
Trd, 4319868.093, 92
Trd, 4319868.143, 101
Trd, 4319868.643, 92
Trd, 4319873.393, 94
Trd, 4319873.443, 96
Trd, 4319873.643, 106
Trd, 4319875.243, 99
Trd, 4319876.043, 111
Trd, 4319876.743, 93
Trd, 4319880.043, 99
Trd, 4319880.393, 104
Trd, 4319883.143, 111
Trd, 4319884.043, 100
Trd, 4319884.243, 103
Trd, 4319887.143, 101
Trd, 4319888.093, 101
Trd, 4319888.293, 103
Trd, 4319888.893, 99
Trd, 4319890.743, 102
Trd, 4319891.543, 101
Trd, 4319893.493, 102
Trd, 4319894.843, 100
Trd, 4319897.593, 94
Trd, 4319897.693, 99
Trd, 4319899.793, 100
Trd, 4319901.643, 97
Trd, 4319902.243, 96
Trd, 4319902.293, 99
Trd, 4319903.443, 94
Trd, 4319903.693, 99
Trd, 4319903.943, 114
Trd, 4319906.693, 104
Trd, 4319907.843, 103
Trd, 4319908.293, 98
Trd, 4319908.343, 101
Trd, 4319910.343, 100
Trd, 4319910.643, 104
Trd, 4319910.693, 114
Trd, 4319913.493, 98
Trd, 4319913.843, 94
Trd, 4319916.243, 94
Trd, 4319916.493, 95
Trd, 4319917.443, 86
Trd, 4319918.193, 102
Trd, 4319920.243, 93
Trd, 4319921.493, 92
Trd, 4319922.693, 94
Trd, 4319923.143, 95
Trd, 4319924.643, 105
Trd, 4319925.593, 104
Trd, 4319927.493, 104
Trd, 4319928.193, 113
Trd, 4319928.243, 96
Trd, 4319930.093, 94
Trd, 4319930.593, 103
Trd, 4319933.593, 104
Trd, 4319934.393, 100
Trd, 4319934.943, 101
Trd, 4319934.993, 102
Trd, 4319935.893, 112
Trd, 4319937.693, 104
Trd, 4319938.693, 102
Trd, 4319938.893, 100
Trd, 4319939.643, 104
Trd, 4319940.743, 103
Trd, 4319942.343, 102
Trd, 4319943.243, 101
Trd, 4319944.443, 103
Trd, 4319945.343, 100
Trd, 4319945.943, 100
Trd, 4319946.243, 94
Trd, 4319946.693, 102
Trd, 4319950.493, 98
Trd, 4319951.993, 98
Trd, 4319953.493, 99
Trd, 4319954.543, 97
Trd, 4319955.093, 104
Trd, 4319955.893, 99
Trd, 4319957.593, 98
Trd, 4319957.743, 100
Trd, 4319958.043, 96
Trd, 4319959.793, 105
Trd, 4319962.493, 99
Trd, 4319963.093, 97
Trd, 4319963.293, 99
Trd, 4319963.843, 94
Trd, 4319964.543, 99
Trd, 4319966.393, 96
Trd, 4319968.093, 99
Trd, 4319969.543, 93
Trd, 4319969.643, 94
Trd, 4319969.993, 92
Trd, 4319970.943, 104
Trd, 4319971.493, 92
Trd, 4319972.493, 92
Trd, 4319974.693, 86
Trd, 4319974.993, 87
Trd, 4319975.593, 98
Trd, 4319977.093, 96
Trd, 4319977.593, 103
Trd, 4319978.293, 94
Trd, 4319979.243, 90
Trd, 4319980.693, 104
Trd, 4319983.043, 96
Trd, 4319984.043, 94
Trd, 4319984.093, 91
Trd, 4319984.243, 94
Trd, 4319985.593, 94
Trd, 4319986.593, 104
Trd, 4319988.393, 110
Trd, 4319989.093, 93
Trd, 4319991.393, 101
Trd, 4319994.643, 99
Trd, 4319994.893, 99
Trd, 4319995.143, 104
Trd, 4319995.743, 85
Trd, 4319997.943, 101
Trd, 4319998.793, 94
Trd, 4319999.243, 112
