Trd, 4317873.043, 85
Trd, 4317873.643, 93
Trd, 4317874.493, 99
Trd, 4317875.093, 96
Trd, 4317879.693, 103
Trd, 4317880.893, 99
Trd, 4317883.193, 104
Trd, 4317885.643, 103
Trd, 4317886.443, 99
Trd, 4317887.743, 84
Trd, 4317889.493, 93
Trd, 4317890.093, 104
Trd, 4317890.693, 98
Trd, 4317891.643, 84
Trd, 4317891.893, 105
Trd, 4317894.043, 93
Trd, 4317895.843, 106
Trd, 4317896.143, 113
Trd, 4317896.443, 98
Trd, 4317897.993, 96
Trd, 4317898.043, 93
Trd, 4317900.893, 98
Trd, 4317902.693, 94
Trd, 4317903.293, 96
Trd, 4317904.443, 103
Trd, 4317905.993, 98
Trd, 4317908.893, 96
Trd, 4317909.793, 99
Trd, 4317910.693, 95
Trd, 4317911.343, 94
Trd, 4317911.993, 101
Trd, 4317914.393, 101
Trd, 4317915.093, 94
Trd, 4317916.443, 94
Trd, 4317917.843, 94
Trd, 4317918.893, 94
Trd, 4317919.193, 101
Trd, 4317920.093, 83
Trd, 4317921.593, 106
Trd, 4317922.743, 113
Trd, 4317924.843, 106
Trd, 4317925.643, 103
Trd, 4317926.393, 102
Trd, 4317927.143, 94
Trd, 4317928.743, 93
Trd, 4317929.193, 89
Trd, 4317929.893, 100
Trd, 4317931.893, 107
Trd, 4317932.343, 95
Trd, 4317934.943, 99
Trd, 4317936.393, 94
Trd, 4317936.743, 99
Trd, 4317937.493, 98
Trd, 4317937.793, 89
Trd, 4317940.693, 98
Trd, 4317940.943, 107
Trd, 4317942.993, 113
Trd, 4317943.193, 100
Trd, 4317945.443, 100
Trd, 4317945.493, 106
Trd, 4317945.943, 101
Trd, 4317948.193, 85
Trd, 4317949.593, 100
Trd, 4317950.193, 99
Trd, 4317950.643, 101
Trd, 4317953.643, 100
Trd, 4317955.593, 107
Trd, 4317956.043, 103
Trd, 4317956.793, 87
Trd, 4317958.243, 89
Trd, 4317959.743, 99
Trd, 4317960.943, 98
Trd, 4317963.143, 112
Trd, 4317963.293, 99
Trd, 4317964.843, 94
Trd, 4317970.443, 99
Trd, 4317970.643, 99
Trd, 4317971.093, 104
Trd, 4317971.293, 105
Trd, 4317971.493, 94
Trd, 4317972.193, 93
Trd, 4317973.493, 95
Trd, 4317976.143, 108
Trd, 4317976.443, 107
Trd, 4317976.743, 104
Trd, 4317979.243, 106
Trd, 4317979.293, 103
Trd, 4317980.393, 103
Trd, 4317983.093, 102
Trd, 4317987.843, 102
Trd, 4317988.843, 100
Trd, 4317992.143, 104
Trd, 4317993.643, 104
Trd, 4317995.493, 105
Trd, 4317995.743, 102
Trd, 4317996.593, 114
Trd, 4317997.093, 94
Trd, 4318000.693, 98
Trd, 4318001.843, 115
Trd, 4318002.943, 109
Trd, 4318004.443, 112
Trd, 4318004.793, 95
Trd, 4318006.493, 106
Trd, 4318008.443, 85
Trd, 4318008.893, 93
Trd, 4318010.993, 98
Trd, 4318011.243, 95
Trd, 4318011.343, 107
Trd, 4318011.843, 96
Trd, 4318013.393, 108
Trd, 4318013.743, 96
Trd, 4318014.543, 95
Trd, 4318014.943, 85
Trd, 4318015.443, 93
Trd, 4318017.843, 112
Trd, 4318019.993, 101
Trd, 4318022.343, 107
Trd, 4318022.943, 94
Trd, 4318023.093, 86
Trd, 4318023.743, 106
Trd, 4318026.243, 102
Trd, 4318028.793, 102
Trd, 4318029.193, 101
Trd, 4318031.443, 100
Trd, 4318032.193, 98
Trd, 4318032.343, 94
Trd, 4318033.393, 103
Trd, 4318034.243, 104
Trd, 4318035.643, 100
Trd, 4318035.793, 99
Trd, 4318036.593, 104
Trd, 4318039.093, 104
Trd, 4318042.793, 102
Trd, 4318043.293, 105
Trd, 4318043.893, 106
Trd, 4318043.993, 99
Trd, 4318044.193, 94
Trd, 4318046.893, 106
Trd, 4318047.393, 102
Trd, 4318049.143, 111
Trd, 4318053.743, 105
Trd, 4318053.943, 108
Trd, 4318054.093, 102
Trd, 4318055.443, 106
Trd, 4318056.243, 94
Trd, 4318058.843, 109
Trd, 4318059.793, 101
Trd, 4318061.743, 101
Trd, 4318063.043, 108
Trd, 4318064.593, 107
Trd, 4318066.893, 105
Trd, 4318068.493, 107
Trd, 4318071.193, 105
Trd, 4318071.493, 106
Trd, 4318072.543, 106
Trd, 4318072.993, 94
Trd, 4318073.343, 93
Trd, 4318075.393, 115
Trd, 4318075.543, 105
Trd, 4318076.243, 116
Trd, 4318076.443, 113
Trd, 4318079.843, 102
Trd, 4318082.093, 93
Trd, 4318083.393, 97
Trd, 4318083.543, 105
Trd, 4318084.293, 114
Trd, 4318086.393, 111
Trd, 4318088.043, 106
Trd, 4318089.693, 103
Trd, 4318089.993, 102
Trd, 4318091.143, 101
Trd, 4318091.443, 94
Trd, 4318094.243, 99
Trd, 4318096.793, 104
Trd, 4318097.143, 98
Trd, 4318098.043, 97
Trd, 4318099.093, 113
Trd, 4318102.143, 95
Trd, 4318102.793, 104
Trd, 4318103.943, 103
Trd, 4318104.693, 98
Trd, 4318105.043, 98
Trd, 4318105.893, 96
Trd, 4318106.543, 95
Trd, 4318110.093, 95
Trd, 4318110.993, 103
Trd, 4318112.593, 91
Trd, 4318112.743, 92
Trd, 4318114.643, 84
Trd, 4318117.943, 91
Trd, 4318121.093, 91
Trd, 4318122.943, 94
Trd, 4318123.393, 95
Trd, 4318123.693, 90
Trd, 4318125.743, 96
Trd, 4318126.643, 93
Trd, 4318127.793, 98
Trd, 4318129.193, 97
Trd, 4318129.293, 94
Trd, 4318131.443, 93
Trd, 4318132.493, 105
Trd, 4318132.843, 113
Trd, 4318133.043, 92
Trd, 4318133.893, 92
Trd, 4318134.143, 106
Trd, 4318137.243, 91
Trd, 4318137.293, 91
Trd, 4318138.143, 98
Trd, 4318138.543, 93
Trd, 4318138.693, 106
Trd, 4318141.143, 101
Trd, 4318143.543, 103
Trd, 4318144.093, 106
Trd, 4318144.943, 94
Trd, 4318145.043, 113
Trd, 4318146.543, 98
Trd, 4318149.043, 96
Trd, 4318149.543, 98
Trd, 4318151.643, 97
Trd, 4318152.243, 89
Trd, 4318152.843, 96
Trd, 4318154.093, 96
Trd, 4318154.593, 94
Trd, 4318155.443, 104
Trd, 4318155.993, 94
Trd, 4318157.093, 96
Trd, 4318158.493, 100
Trd, 4318159.493, 104
Trd, 4318161.643, 101
Trd, 4318162.993, 102
Trd, 4318163.643, 94
Trd, 4318164.843, 101
Trd, 4318166.393, 100
Trd, 4318166.543, 104
Trd, 4318167.293, 104
Trd, 4318167.493, 93
Trd, 4318167.993, 85
Trd, 4318168.593, 113
Trd, 4318172.093, 101
Trd, 4318172.843, 108
Trd, 4318173.343, 84
Trd, 4318174.743, 107
Trd, 4318174.843, 92
Trd, 4318176.243, 109
Trd, 4318179.993, 107
Trd, 4318180.243, 98
Trd, 4318180.293, 94
Trd, 4318181.593, 106
Trd, 4318182.693, 103
Trd, 4318182.993, 108
Trd, 4318185.993, 103
Trd, 4318186.693, 112
Trd, 4318187.493, 113
Trd, 4318188.193, 107
Trd, 4318190.193, 94
Trd, 4318191.643, 84
Trd, 4318191.943, 107
Trd, 4318193.943, 96
Trd, 4318194.293, 108
Trd, 4318194.643, 97
Trd, 4318195.043, 93
Trd, 4318199.593, 99
Trd, 4318199.943, 94
Trd, 4318200.543, 101
Trd, 4318200.943, 83
Trd, 4318201.043, 105
Trd, 4318201.743, 76
Trd, 4318203.643, 102
Trd, 4318203.893, 113
Trd, 4318205.693, 102
Trd, 4318206.843, 108
Trd, 4318207.693, 122
Trd, 4318210.093, 111
Trd, 4318210.393, 106
Trd, 4318210.693, 112
Trd, 4318211.593, 94
Trd, 4318213.943, 105
Trd, 4318214.343, 100
Trd, 4318214.543, 84
Trd, 4318216.393, 104
Trd, 4318217.093, 103
Trd, 4318217.543, 94
Trd, 4318221.993, 101
Trd, 4318223.243, 94
Trd, 4318223.743, 96
Trd, 4318225.093, 102
Trd, 4318226.493, 98
Trd, 4318227.493, 98
Trd, 4318228.043, 102
Trd, 4318229.893, 94
Trd, 4318231.293, 96
Trd, 4318233.793, 89
Trd, 4318234.793, 98
Trd, 4318235.243, 71
Trd, 4318235.893, 83
Trd, 4318239.843, 90
Trd, 4318239.993, 94
Trd, 4318240.943, 95
Trd, 4318242.043, 106
Trd, 4318245.093, 108
Trd, 4318246.343, 96
Trd, 4318250.443, 101
Trd, 4318251.293, 96
Trd, 4318251.893, 85
Trd, 4318252.593, 104
Trd, 4318253.743, 93
Trd, 4318254.043, 92
Trd, 4318256.993, 95
Trd, 4318257.643, 90
Trd, 4318260.093, 92
Trd, 4318260.493, 104
Trd, 4318260.593, 92
Trd, 4318262.693, 93
Trd, 4318263.543, 98
Trd, 4318263.843, 92
Trd, 4318265.843, 101
Trd, 4318269.043, 98
Trd, 4318270.693, 100
Trd, 4318271.593, 105
Trd, 4318272.343, 95
Trd, 4318273.193, 94
Trd, 4318273.393, 113
Trd, 4318274.743, 93
Trd, 4318275.293, 93
Trd, 4318275.493, 94
Trd, 4318275.593, 107
Trd, 4318278.993, 106
Trd, 4318279.193, 94
Trd, 4318279.243, 113
Trd, 4318282.693, 103
Trd, 4318283.343, 104
Trd, 4318283.893, 104
Trd, 4318285.893, 113
Trd, 4318287.193, 108
Trd, 4318288.843, 107
Trd, 4318289.543, 102
Trd, 4318291.943, 109
Trd, 4318292.643, 105
Trd, 4318292.943, 113
Trd, 4318293.993, 102
Trd, 4318297.643, 103
Trd, 4318297.743, 107
Trd, 4318299.343, 103
Trd, 4318299.693, 101
Trd, 4318300.493, 101
Trd, 4318301.543, 102
Trd, 4318302.893, 94
Trd, 4318306.343, 100
Trd, 4318306.543, 109
Trd, 4318307.343, 105
Trd, 4318307.543, 100
Trd, 4318308.493, 99
Trd, 4318310.743, 101
Trd, 4318312.043, 98
Trd, 4318312.693, 98
Trd, 4318312.793, 99
Trd, 4318313.643, 104
Trd, 4318315.043, 97
Trd, 4318316.043, 101
Trd, 4318316.343, 100
Trd, 4318318.243, 99
Trd, 4318319.293, 96
Trd, 4318319.993, 94
Trd, 4318320.543, 105
Trd, 4318321.943, 88
Trd, 4318323.843, 96
Trd, 4318324.743, 98
Trd, 4318327.743, 94
Trd, 4318328.643, 98
Trd, 4318329.693, 104
Trd, 4318330.193, 101
Trd, 4318332.793, 94
Trd, 4318333.093, 95
Trd, 4318334.793, 95
Trd, 4318335.593, 104
Trd, 4318336.343, 113
Trd, 4318338.043, 94
Trd, 4318341.643, 104
Trd, 4318343.493, 98
Trd, 4318343.543, 96
Trd, 4318344.043, 106
Trd, 4318346.843, 97
Trd, 4318347.343, 118
Trd, 4318349.693, 110
Trd, 4318350.943, 94
Trd, 4318352.593, 108
Trd, 4318353.443, 102
Trd, 4318355.593, 101
Trd, 4318355.943, 94
Trd, 4318356.743, 99
Trd, 4318357.543, 98
Trd, 4318358.993, 85
Trd, 4318359.593, 98
Trd, 4318360.943, 113
Trd, 4318364.243, 94
Trd, 4318366.243, 93
Trd, 4318367.293, 104
Trd, 4318367.793, 106
Trd, 4318368.693, 92
Trd, 4318369.093, 95
Trd, 4318370.093, 109
Trd, 4318370.443, 101
Trd, 4318373.343, 104
Trd, 4318374.143, 102
Trd, 4318374.993, 113
Trd, 4318375.943, 107
Trd, 4318376.493, 110
Trd, 4318376.643, 94
Trd, 4318379.293, 99
Trd, 4318379.343, 98
Trd, 4318379.943, 94
Trd, 4318380.493, 83
Trd, 4318381.693, 102
Trd, 4318383.693, 104
Trd, 4318384.593, 94
Trd, 4318385.293, 93
Trd, 4318386.743, 101
Trd, 4318387.593, 110
Trd, 4318388.843, 74
Trd, 4318389.393, 114
Trd, 4318389.993, 78
Trd, 4318392.493, 110
Trd, 4318392.843, 102
Trd, 4318395.143, 94
Trd, 4318396.893, 96
Trd, 4318398.493, 102
Trd, 4318399.643, 100
Trd, 4318400.643, 96
Trd, 4318404.643, 95
Trd, 4318405.693, 95
Trd, 4318406.693, 95
Trd, 4318408.343, 95
Trd, 4318410.743, 113
Trd, 4318411.993, 103
Trd, 4318412.393, 108
Trd, 4318412.543, 95
Trd, 4318412.993, 108
Trd, 4318413.043, 94
Trd, 4318415.593, 98
Trd, 4318416.843, 110
Trd, 4318417.543, 93
Trd, 4318420.393, 107
Trd, 4318421.443, 100
Trd, 4318421.993, 99
Trd, 4318423.793, 95
Trd, 4318423.993, 101
Trd, 4318425.293, 94
Trd, 4318425.693, 93
Trd, 4318425.993, 105
Trd, 4318429.943, 102
Trd, 4318430.293, 99
Trd, 4318432.343, 100
Trd, 4318434.243, 101
Trd, 4318434.493, 85
Trd, 4318439.193, 104
Trd, 4318439.843, 101
Trd, 4318440.943, 95
Trd, 4318441.843, 94
Trd, 4318445.443, 99
Trd, 4318445.993, 96
Trd, 4318446.843, 106
Trd, 4318449.793, 95
Trd, 4318450.643, 98
Trd, 4318451.493, 94
Trd, 4318452.443, 97
Trd, 4318453.243, 95
Trd, 4318454.493, 94
Trd, 4318454.893, 96
Trd, 4318455.993, 107
Trd, 4318456.493, 113
Trd, 4318459.493, 102
Trd, 4318460.693, 92
Trd, 4318461.043, 95
Trd, 4318463.043, 100
Trd, 4318463.993, 100
Trd, 4318464.693, 100
Trd, 4318465.593, 94
Trd, 4318465.643, 106
Trd, 4318467.043, 101
Trd, 4318467.743, 105
Trd, 4318469.643, 100
Trd, 4318472.293, 104
Trd, 4318472.443, 99
Trd, 4318474.793, 104
Trd, 4318475.243, 93
Trd, 4318476.993, 98
Trd, 4318478.293, 105
Trd, 4318482.143, 106
Trd, 4318482.593, 99
Trd, 4318484.993, 104
Trd, 4318486.243, 97
Trd, 4318486.843, 94
Trd, 4318487.743, 95
Trd, 4318490.243, 94
Trd, 4318492.893, 99
Trd, 4318493.043, 104
Trd, 4318496.443, 100
Trd, 4318496.543, 101
Trd, 4318497.043, 98
Trd, 4318500.343, 109
Trd, 4318502.143, 98
Trd, 4318502.493, 97
Trd, 4318504.743, 99
Trd, 4318504.993, 94
Trd, 4318505.893, 94
Trd, 4318510.243, 94
Trd, 4318511.243, 93
Trd, 4318511.293, 104
Trd, 4318511.593, 113
Trd, 4318513.393, 92
Trd, 4318514.993, 91
Trd, 4318519.143, 105
Trd, 4318520.743, 100
Trd, 4318522.793, 89
Trd, 4318523.643, 85
Trd, 4318525.893, 105
Trd, 4318526.193, 109
Trd, 4318526.493, 98
Trd, 4318528.993, 89
Trd, 4318529.443, 96
Trd, 4318530.093, 96
Trd, 4318532.243, 98
Trd, 4318532.443, 85
Trd, 4318533.243, 108
Trd, 4318533.443, 97
Trd, 4318533.593, 96
Trd, 4318536.793, 94
Trd, 4318536.843, 110
Trd, 4318540.443, 95
Trd, 4318541.343, 99
Trd, 4318542.043, 97
Trd, 4318544.943, 98
Trd, 4318545.693, 96
Trd, 4318548.043, 109
Trd, 4318548.593, 98
Trd, 4318549.443, 78
Trd, 4318550.843, 106
Trd, 4318551.593, 89
Trd, 4318553.193, 100
Trd, 4318555.193, 85
Trd, 4318556.343, 96
Trd, 4318556.743, 113
Trd, 4318561.093, 111
Trd, 4318562.893, 105
Trd, 4318563.293, 108
Trd, 4318564.493, 105
Trd, 4318565.193, 102
Trd, 4318567.393, 102
Trd, 4318567.993, 100
Trd, 4318569.143, 97
Trd, 4318571.793, 100
Trd, 4318575.743, 100
Trd, 4318576.693, 100
Trd, 4318577.093, 84
Trd, 4318577.993, 93
Trd, 4318578.593, 106
Trd, 4318580.543, 105
Trd, 4318581.293, 107
Trd, 4318583.643, 102
Trd, 4318585.393, 100
Trd, 4318585.693, 107
Trd, 4318586.593, 104
Trd, 4318587.943, 102
Trd, 4318588.543, 83
Trd, 4318591.993, 102
Trd, 4318592.493, 103
Trd, 4318592.643, 100
Trd, 4318595.843, 100
Trd, 4318597.493, 99
Trd, 4318597.593, 103
Trd, 4318599.893, 94
Trd, 4318600.093, 88
Trd, 4318601.093, 92
Trd, 4318601.693, 105
Trd, 4318603.243, 113
Trd, 4318605.343, 98
Trd, 4318605.493, 104
Trd, 4318606.793, 103
Trd, 4318607.093, 94
Trd, 4318607.143, 113
Trd, 4318608.793, 105
Trd, 4318611.343, 102
Trd, 4318612.343, 103
Trd, 4318613.843, 102
Trd, 4318613.943, 94
Trd, 4318617.243, 99
Trd, 4318619.193, 100
Trd, 4318619.393, 94
Trd, 4318621.643, 104
Trd, 4318622.493, 104
Trd, 4318622.593, 95
Trd, 4318625.093, 103
Trd, 4318625.143, 95
Trd, 4318626.243, 101
Trd, 4318627.343, 102
Trd, 4318628.443, 101
Trd, 4318628.893, 100
Trd, 4318629.143, 94
Trd, 4318630.293, 105
Trd, 4318632.293, 96
Trd, 4318635.393, 98
Trd, 4318638.443, 99
Trd, 4318638.593, 97
Trd, 4318639.193, 85
Trd, 4318643.193, 93
Trd, 4318644.093, 92
Trd, 4318644.443, 92
Trd, 4318644.493, 100
Trd, 4318647.093, 105
Trd, 4318648.443, 90
Trd, 4318650.843, 97
Trd, 4318651.043, 91
Trd, 4318651.493, 106
Trd, 4318654.343, 101
Trd, 4318655.343, 102
Trd, 4318656.543, 100
Trd, 4318657.943, 100
Trd, 4318657.993, 104
Trd, 4318660.543, 105
Trd, 4318662.193, 101
Trd, 4318664.243, 103
Trd, 4318664.793, 99
Trd, 4318667.143, 94
Trd, 4318668.093, 104
Trd, 4318669.293, 105
Trd, 4318669.993, 102
Trd, 4318671.443, 100
Trd, 4318671.493, 105
Trd, 4318673.093, 95
Trd, 4318675.443, 97
Trd, 4318676.093, 94
Trd, 4318678.093, 84
Trd, 4318679.243, 99
Trd, 4318680.793, 93
Trd, 4318683.343, 95
Trd, 4318684.093, 94
Trd, 4318686.143, 96
Trd, 4318688.393, 102
Trd, 4318689.043, 98
Trd, 4318690.893, 97
Trd, 4318692.743, 99
Trd, 4318693.593, 105
Trd, 4318695.743, 99
Trd, 4318695.993, 94
Trd, 4318699.043, 98
Trd, 4318699.543, 94
Trd, 4318699.943, 83
Trd, 4318700.943, 88
Trd, 4318701.243, 102
Trd, 4318703.793, 108
Trd, 4318703.893, 84
Trd, 4318706.443, 102
Trd, 4318706.493, 113
Trd, 4318710.543, 102
Trd, 4318710.743, 94
Trd, 4318711.843, 99
Trd, 4318712.993, 70
Trd, 4318716.993, 99
Trd, 4318718.643, 92
Trd, 4318718.893, 91
Trd, 4318718.993, 98
Trd, 4318722.443, 91
Trd, 4318722.943, 90
Trd, 4318725.793, 98
Trd, 4318726.643, 113
Trd, 4318726.943, 90
Trd, 4318728.343, 102
Trd, 4318728.693, 94
Trd, 4318732.393, 102
Trd, 4318733.493, 99
Trd, 4318733.593, 97
Trd, 4318734.043, 95
Trd, 4318737.493, 105
Trd, 4318738.643, 102
Trd, 4318740.793, 101
Trd, 4318740.993, 100
Trd, 4318742.093, 99
Trd, 4318742.593, 85
Trd, 4318744.493, 85
Trd, 4318744.643, 88
Trd, 4318745.743, 97
Trd, 4318746.643, 104
Trd, 4318748.243, 113
Trd, 4318748.843, 95
Trd, 4318751.193, 110
Trd, 4318751.243, 97
Trd, 4318753.093, 99
Trd, 4318753.293, 94
Trd, 4318753.643, 84
Trd, 4318753.993, 102
Trd, 4318755.243, 92
Trd, 4318755.943, 102
Trd, 4318762.593, 102
Trd, 4318763.243, 105
Trd, 4318763.593, 99
Trd, 4318764.543, 97
Trd, 4318767.443, 113
Trd, 4318769.643, 102
Trd, 4318770.793, 101
Trd, 4318773.543, 105
Trd, 4318773.893, 94
Trd, 4318774.043, 101
Trd, 4318775.893, 99
Trd, 4318776.293, 98
Trd, 4318777.443, 96
Trd, 4318778.043, 104
Trd, 4318779.643, 94
Trd, 4318781.693, 100
Trd, 4318783.043, 95
Trd, 4318784.993, 110
Trd, 4318787.043, 98
Trd, 4318788.593, 103
Trd, 4318788.643, 94
Trd, 4318789.693, 84
Trd, 4318789.993, 85
Trd, 4318790.993, 113
Trd, 4318792.093, 106
Trd, 4318793.593, 87
Trd, 4318794.793, 95
Trd, 4318795.093, 86
Trd, 4318797.693, 95
Trd, 4318799.293, 90
Trd, 4318799.593, 85
Trd, 4318800.543, 96
Trd, 4318801.493, 96
Trd, 4318803.993, 97
Trd, 4318804.443, 107
Trd, 4318804.493, 94
Trd, 4318804.893, 113
Trd, 4318805.343, 94
Trd, 4318808.493, 98
Trd, 4318809.443, 94
Trd, 4318809.543, 96
Trd, 4318810.693, 84
Trd, 4318811.193, 90
Trd, 4318812.543, 79
Trd, 4318814.393, 89
Trd, 4318815.193, 106
Trd, 4318815.243, 90
Trd, 4318816.293, 99
Trd, 4318817.343, 107
Trd, 4318819.543, 108
Trd, 4318821.243, 98
Trd, 4318821.293, 94
Trd, 4318821.843, 103
Trd, 4318823.243, 94
Trd, 4318825.543, 96
Trd, 4318826.443, 94
Trd, 4318827.143, 113
Trd, 4318827.743, 93
Trd, 4318828.493, 120
Trd, 4318829.343, 106
Trd, 4318831.093, 84
Trd, 4318831.193, 71
Trd, 4318833.943, 97
Trd, 4318834.993, 107
Trd, 4318836.943, 101
Trd, 4318838.493, 106
Trd, 4318838.543, 80
Trd, 4318839.893, 89
Trd, 4318840.093, 88
Trd, 4318840.843, 91
Trd, 4318841.843, 98
Trd, 4318845.243, 102
Trd, 4318847.093, 98
Trd, 4318848.193, 101
Trd, 4318848.443, 98
Trd, 4318852.743, 97
Trd, 4318853.293, 101
Trd, 4318854.543, 105
Trd, 4318855.543, 101
Trd, 4318858.243, 100
Trd, 4318859.043, 102
Trd, 4318859.543, 99
Trd, 4318860.693, 121
Trd, 4318861.593, 96
Trd, 4318863.643, 84
Trd, 4318866.393, 106
Trd, 4318868.893, 102
Trd, 4318869.443, 105
Trd, 4318869.643, 98
Trd, 4318871.093, 98
Trd, 4318871.643, 94
Trd, 4318872.143, 99
Trd, 4318874.143, 97
Trd, 4318874.393, 113
Trd, 4318875.893, 96
Trd, 4318878.343, 105
Trd, 4318879.493, 106
Trd, 4318879.743, 103
Trd, 4318879.843, 107
Trd, 4318880.043, 117
Trd, 4318883.043, 103
Trd, 4318884.443, 101
Trd, 4318885.093, 106
Trd, 4318888.143, 96
Trd, 4318889.593, 100
Trd, 4318891.343, 94
Trd, 4318892.443, 96
Trd, 4318892.593, 95
Trd, 4318894.193, 107
Trd, 4318894.243, 96
Trd, 4318896.793, 94
Trd, 4318897.043, 83
Trd, 4318897.243, 100
Trd, 4318899.443, 96
Trd, 4318900.093, 98
Trd, 4318901.943, 105
Trd, 4318902.143, 103
Trd, 4318902.343, 99
Trd, 4318902.393, 94
Trd, 4318903.193, 96
Trd, 4318904.193, 104
Trd, 4318906.593, 97
Trd, 4318907.143, 96
Trd, 4318908.643, 104
Trd, 4318909.693, 96
Trd, 4318910.393, 97
Trd, 4318913.293, 102
Trd, 4318913.793, 113
Trd, 4318914.143, 101
Trd, 4318915.043, 94
Trd, 4318916.043, 106
Trd, 4318918.043, 105
Trd, 4318919.693, 113
Trd, 4318921.493, 112
Trd, 4318922.043, 113
Trd, 4318923.193, 103
Trd, 4318923.593, 93
Trd, 4318925.293, 104
Trd, 4318926.143, 97
Trd, 4318926.293, 93
Trd, 4318926.343, 84
Trd, 4318930.543, 105
Trd, 4318932.293, 104
Trd, 4318932.693, 106
Trd, 4318933.993, 104
Trd, 4318934.193, 100
Trd, 4318938.293, 101
Trd, 4318938.943, 106
Trd, 4318940.743, 105
Trd, 4318941.293, 104
Trd, 4318943.443, 103
Trd, 4318943.643, 105
Trd, 4318943.693, 102
Trd, 4318945.743, 100
Trd, 4318948.543, 105
Trd, 4318950.393, 104
Trd, 4318951.243, 94
Trd, 4318953.693, 102
Trd, 4318954.543, 111
Trd, 4318955.593, 106
Trd, 4318955.643, 94
Trd, 4318956.643, 114
Trd, 4318957.993, 102
Trd, 4318958.593, 110
Trd, 4318963.493, 102
Trd, 4318965.043, 98
Trd, 4318965.743, 103
Trd, 4318966.343, 94
Trd, 4318966.793, 100
Trd, 4318967.493, 84
Trd, 4318968.393, 96
Trd, 4318970.043, 104
Trd, 4318972.393, 94
Trd, 4318973.393, 93
Trd, 4318975.193, 103
Trd, 4318977.693, 105
Trd, 4318978.243, 96
Trd, 4318980.243, 97
Trd, 4318981.143, 106
Trd, 4318981.593, 112
Trd, 4318982.493, 108
Trd, 4318983.143, 102
Trd, 4318985.793, 101
Trd, 4318986.093, 113
Trd, 4318986.243, 94
Trd, 4318989.493, 104
Trd, 4318990.843, 99
Trd, 4318991.393, 107
Trd, 4318994.193, 96
Trd, 4318994.543, 98
Trd, 4318995.743, 98
Trd, 4318995.893, 83
Trd, 4318996.793, 93
Trd, 4318998.043, 99
Trd, 4318998.493, 107
Trd, 4318998.543, 114
Trd, 4319001.043, 105
Trd, 4319006.193, 103
Trd, 4319008.243, 103
Trd, 4319009.393, 105
Trd, 4319010.143, 105
Trd, 4319011.493, 103
Trd, 4319012.543, 102
Trd, 4319014.543, 101
Trd, 4319015.143, 94
Trd, 4319016.093, 104
Trd, 4319016.543, 105
Trd, 4319018.093, 97
Trd, 4319018.193, 85
Trd, 4319018.643, 81
Trd, 4319022.543, 102
Trd, 4319023.743, 105
Trd, 4319024.793, 97
Trd, 4319024.943, 103
Trd, 4319027.043, 96
Trd, 4319029.793, 114
Trd, 4319030.493, 95
Trd, 4319032.343, 97
Trd, 4319032.443, 94
Trd, 4319033.693, 101
Trd, 4319036.043, 94
Trd, 4319037.143, 101
Trd, 4319037.793, 104
Trd, 4319037.893, 95
Trd, 4319039.393, 114
Trd, 4319041.343, 107
Trd, 4319041.743, 97
Trd, 4319043.943, 105
Trd, 4319045.043, 94
Trd, 4319046.293, 101
Trd, 4319046.543, 94
Trd, 4319048.443, 103
Trd, 4319048.493, 114
Trd, 4319051.543, 101
Trd, 4319051.693, 93
Trd, 4319054.743, 93
Trd, 4319056.243, 107
Trd, 4319056.693, 98
Trd, 4319057.843, 107
Trd, 4319058.593, 99
Trd, 4319059.543, 98
Trd, 4319060.343, 107
Trd, 4319060.843, 115
Trd, 4319062.193, 107
Trd, 4319065.193, 107
Trd, 4319066.893, 97
Trd, 4319069.193, 104
Trd, 4319071.793, 102
Trd, 4319072.393, 101
Trd, 4319074.293, 100
Trd, 4319074.543, 94
Trd, 4319075.893, 100
Trd, 4319077.093, 101
Trd, 4319077.543, 107
Trd, 4319077.743, 99
Trd, 4319079.493, 114
Trd, 4319080.093, 94
Trd, 4319080.393, 95
Trd, 4319081.893, 103
Trd, 4319084.193, 110
Trd, 4319085.493, 102
Trd, 4319086.543, 94
Trd, 4319088.143, 111
Trd, 4319088.693, 102
Trd, 4319091.043, 101
Trd, 4319092.093, 94
Trd, 4319093.493, 102
Trd, 4319093.593, 105
Trd, 4319093.643, 90
Trd, 4319096.793, 96
Trd, 4319099.793, 103
Trd, 4319100.143, 104
Trd, 4319101.943, 107
Trd, 4319102.243, 102
Trd, 4319102.893, 97
Trd, 4319105.493, 78
Trd, 4319105.793, 105
Trd, 4319106.893, 104
Trd, 4319107.093, 96
Trd, 4319108.693, 106
Trd, 4319108.843, 98
Trd, 4319111.493, 106
Trd, 4319113.993, 99
Trd, 4319114.443, 94
Trd, 4319117.393, 103
Trd, 4319118.593, 102
Trd, 4319119.543, 99
Trd, 4319119.793, 94
Trd, 4319120.993, 98
Trd, 4319121.243, 94
Trd, 4319121.493, 103
Trd, 4319124.193, 104
Trd, 4319124.443, 94
Trd, 4319128.993, 98
Trd, 4319130.893, 96
Trd, 4319131.743, 95
Trd, 4319131.893, 98
Trd, 4319131.943, 93
Trd, 4319134.593, 105
Trd, 4319135.493, 84
Trd, 4319140.593, 97
Trd, 4319141.043, 96
Trd, 4319142.393, 96
Trd, 4319144.693, 100
Trd, 4319144.843, 105
Trd, 4319145.843, 96
Trd, 4319147.343, 105
Trd, 4319151.143, 105
Trd, 4319151.243, 100
Trd, 4319151.693, 94
Trd, 4319153.393, 114
Trd, 4319153.843, 101
Trd, 4319158.693, 104
Trd, 4319159.443, 107
Trd, 4319159.543, 104
Trd, 4319160.843, 94
Trd, 4319161.693, 98
Trd, 4319162.343, 106
Trd, 4319163.893, 97
Trd, 4319165.493, 94
Trd, 4319165.993, 111
Trd, 4319167.343, 100
Trd, 4319168.143, 100
Trd, 4319169.443, 101
Trd, 4319169.543, 104
Trd, 4319169.593, 105
Trd, 4319171.393, 99
Trd, 4319172.793, 104
Trd, 4319172.893, 105
Trd, 4319174.093, 100
Trd, 4319174.193, 94
Trd, 4319175.743, 83
Trd, 4319178.643, 98
Trd, 4319179.493, 104
Trd, 4319182.043, 100
Trd, 4319184.143, 98
Trd, 4319185.393, 103
Trd, 4319187.693, 103
Trd, 4319188.243, 103
Trd, 4319188.543, 99
Trd, 4319190.643, 104
Trd, 4319192.643, 105
Trd, 4319193.693, 94
Trd, 4319194.193, 104
Trd, 4319196.443, 96
Trd, 4319196.593, 104
Trd, 4319197.293, 113
Trd, 4319197.443, 104
Trd, 4319197.743, 83
Trd, 4319198.293, 108
Trd, 4319201.243, 102
Trd, 4319201.693, 94
Trd, 4319202.543, 82
Trd, 4319207.093, 104
Trd, 4319208.693, 101
Trd, 4319209.893, 104
Trd, 4319210.643, 101
Trd, 4319211.943, 104
Trd, 4319213.143, 81
Trd, 4319214.243, 92
Trd, 4319216.593, 97
Trd, 4319217.093, 96
Trd, 4319218.193, 95
Trd, 4319220.043, 98
Trd, 4319224.943, 96
Trd, 4319225.843, 94
Trd, 4319226.343, 96
Trd, 4319227.043, 97
Trd, 4319227.143, 94
Trd, 4319229.193, 94
Trd, 4319230.893, 94
Trd, 4319230.943, 105
Trd, 4319231.593, 94
Trd, 4319232.493, 85
Trd, 4319233.593, 105
Trd, 4319235.343, 93
Trd, 4319236.343, 92
Trd, 4319236.643, 102
Trd, 4319238.193, 91
Trd, 4319239.143, 87
Trd, 4319241.493, 88
Trd, 4319242.593, 86
Trd, 4319242.743, 89
Trd, 4319243.543, 86
Trd, 4319244.393, 98
Trd, 4319245.793, 102
Trd, 4319246.243, 94
Trd, 4319246.493, 104
Trd, 4319247.593, 85
Trd, 4319251.593, 101
Trd, 4319253.493, 101
Trd, 4319255.543, 103
Trd, 4319255.743, 104
Trd, 4319256.593, 101
Trd, 4319256.743, 94
Trd, 4319257.443, 84
Trd, 4319260.993, 93
Trd, 4319261.543, 104
Trd, 4319262.343, 101
Trd, 4319263.393, 103
Trd, 4319263.543, 100
Trd, 4319265.043, 103
Trd, 4319266.843, 115
Trd, 4319266.893, 94
Trd, 4319269.493, 100
Trd, 4319270.193, 89
Trd, 4319270.493, 98
Trd, 4319272.093, 97
Trd, 4319272.193, 101
Trd, 4319273.293, 97
Trd, 4319275.743, 101
Trd, 4319275.893, 94
Trd, 4319278.993, 95
Trd, 4319279.143, 104
Trd, 4319280.143, 94
Trd, 4319285.593, 102
Trd, 4319286.193, 100
Trd, 4319286.843, 94
Trd, 4319290.493, 101
Trd, 4319290.593, 102
Trd, 4319292.443, 98
Trd, 4319292.693, 103
Trd, 4319294.243, 104
Trd, 4319294.443, 98
Trd, 4319295.093, 97
Trd, 4319298.493, 104
Trd, 4319301.043, 105
Trd, 4319302.143, 103
Trd, 4319302.543, 101
Trd, 4319304.743, 112
Trd, 4319304.993, 115
Trd, 4319305.543, 101
Trd, 4319305.843, 103
Trd, 4319306.893, 111
Trd, 4319310.543, 106
Trd, 4319311.543, 110
Trd, 4319311.993, 106
Trd, 4319312.843, 102
Trd, 4319314.793, 103
Trd, 4319315.743, 94
Trd, 4319316.993, 105
Trd, 4319317.243, 98
Trd, 4319317.893, 107
Trd, 4319320.393, 97
Trd, 4319324.143, 97
Trd, 4319324.943, 105
Trd, 4319325.593, 109
Trd, 4319326.293, 96
Trd, 4319327.343, 97
Trd, 4319328.843, 96
Trd, 4319332.593, 104
Trd, 4319332.943, 107
Trd, 4319333.743, 107
Trd, 4319334.793, 108
Trd, 4319338.643, 106
Trd, 4319339.093, 106
Trd, 4319341.343, 103
Trd, 4319341.593, 101
Trd, 4319342.693, 101
Trd, 4319343.293, 94
Trd, 4319344.043, 93
Trd, 4319344.943, 85
Trd, 4319346.643, 94
Trd, 4319351.293, 98
Trd, 4319351.693, 101
Trd, 4319351.893, 95
Trd, 4319354.343, 106
Trd, 4319355.043, 113
Trd, 4319356.143, 102
Trd, 4319356.993, 98
Trd, 4319357.643, 84
Trd, 4319360.543, 109
Trd, 4319361.343, 110
Trd, 4319361.493, 97
Trd, 4319362.093, 110
Trd, 4319364.693, 104
Trd, 4319365.143, 102
Trd, 4319366.643, 107
Trd, 4319367.393, 102
Trd, 4319369.593, 106
Trd, 4319370.143, 100
Trd, 4319370.793, 94
Trd, 4319371.093, 104
Trd, 4319374.393, 103
Trd, 4319375.643, 86
Trd, 4319376.293, 93
Trd, 4319376.393, 104
Trd, 4319381.043, 99
Trd, 4319384.243, 99
Trd, 4319385.043, 101
Trd, 4319386.443, 101
Trd, 4319386.843, 100
Trd, 4319387.543, 96
Trd, 4319387.843, 94
Trd, 4319388.493, 104
Trd, 4319390.693, 103
Trd, 4319392.493, 101
Trd, 4319394.293, 101
Trd, 4319395.493, 94
Trd, 4319395.643, 104
Trd, 4319396.793, 85
Trd, 4319397.193, 103
Trd, 4319401.343, 104
Trd, 4319402.193, 99
Trd, 4319402.243, 85
Trd, 4319405.393, 96
Trd, 4319407.293, 95
Trd, 4319408.293, 98
Trd, 4319408.693, 94
Trd, 4319409.793, 93
Trd, 4319413.143, 94
Trd, 4319413.793, 96
Trd, 4319414.693, 94
Trd, 4319414.943, 96
Trd, 4319415.243, 92
Trd, 4319415.643, 105
Trd, 4319416.343, 105
Trd, 4319416.893, 92
Trd, 4319418.243, 113
Trd, 4319418.493, 94
Trd, 4319420.693, 97
Trd, 4319421.893, 93
Trd, 4319422.393, 97
Trd, 4319424.343, 108
Trd, 4319424.443, 109
Trd, 4319427.093, 102
Trd, 4319428.693, 105
Trd, 4319429.093, 102
Trd, 4319430.093, 101
Trd, 4319431.393, 94
Trd, 4319433.593, 99
Trd, 4319434.093, 93
Trd, 4319435.843, 105
Trd, 4319435.893, 101
Trd, 4319437.143, 93
Trd, 4319440.343, 101
Trd, 4319440.443, 97
Trd, 4319441.493, 103
Trd, 4319445.243, 105
Trd, 4319446.793, 101
Trd, 4319448.343, 97
Trd, 4319449.793, 94
Trd, 4319450.143, 96
Trd, 4319450.243, 105
Trd, 4319450.643, 84
Trd, 4319451.693, 85
Trd, 4319455.443, 93
Trd, 4319457.343, 104
Trd, 4319457.493, 100
Trd, 4319458.293, 101
Trd, 4319458.943, 102
Trd, 4319459.243, 94
Trd, 4319460.143, 104
Trd, 4319460.293, 97
Trd, 4319461.843, 90
Trd, 4319462.193, 92
Trd, 4319464.593, 93
Trd, 4319464.693, 105
Trd, 4319466.043, 83
Trd, 4319468.193, 100
Trd, 4319469.393, 101
Trd, 4319470.043, 96
Trd, 4319471.793, 98
Trd, 4319472.493, 97
Trd, 4319472.893, 98
Trd, 4319474.443, 104
Trd, 4319475.893, 97
Trd, 4319478.593, 98
Trd, 4319478.743, 101
Trd, 4319480.093, 105
Trd, 4319482.043, 101
Trd, 4319482.293, 99
Trd, 4319483.193, 94
Trd, 4319485.493, 103
Trd, 4319487.143, 106
Trd, 4319487.393, 96
Trd, 4319488.943, 104
Trd, 4319490.543, 97
Trd, 4319491.293, 98
Trd, 4319491.593, 101
Trd, 4319495.793, 102
Trd, 4319496.943, 104
Trd, 4319497.893, 96
Trd, 4319499.143, 91
Trd, 4319499.393, 98
Trd, 4319502.993, 109
Trd, 4319503.343, 102
Trd, 4319505.443, 103
Trd, 4319506.193, 102
Trd, 4319506.543, 101
Trd, 4319507.643, 106
Trd, 4319508.793, 101
Trd, 4319509.143, 101
Trd, 4319511.743, 104
Trd, 4319512.293, 94
Trd, 4319512.593, 99
Trd, 4319513.643, 104
Trd, 4319514.093, 94
Trd, 4319516.893, 95
Trd, 4319517.043, 105
Trd, 4319518.743, 104
Trd, 4319521.143, 107
Trd, 4319521.743, 103
Trd, 4319523.393, 102
Trd, 4319524.793, 104
Trd, 4319525.093, 107
Trd, 4319527.893, 107
Trd, 4319529.893, 103
Trd, 4319530.643, 102
Trd, 4319531.293, 97
Trd, 4319534.643, 102
Trd, 4319535.093, 108
Trd, 4319535.543, 104
Trd, 4319535.843, 103
Trd, 4319538.093, 103
Trd, 4319538.993, 105
Trd, 4319540.243, 105
Trd, 4319540.593, 103
Trd, 4319541.543, 102
Trd, 4319543.593, 101
Trd, 4319544.543, 101
Trd, 4319545.743, 94
Trd, 4319545.943, 103
Trd, 4319546.693, 83
Trd, 4319547.793, 106
Trd, 4319548.843, 93
Trd, 4319550.243, 93
Trd, 4319551.193, 91
Trd, 4319553.343, 94
Trd, 4319554.443, 104
Trd, 4319555.043, 113
Trd, 4319556.193, 116
Trd, 4319557.043, 111
Trd, 4319557.093, 96
Trd, 4319558.543, 103
Trd, 4319559.043, 103
Trd, 4319561.493, 94
Trd, 4319562.393, 96
Trd, 4319562.793, 98
Trd, 4319564.743, 108
Trd, 4319564.793, 94
Trd, 4319565.643, 103
Trd, 4319567.493, 94
Trd, 4319570.193, 93
Trd, 4319571.993, 96
Trd, 4319573.043, 109
Trd, 4319575.743, 110
Trd, 4319575.943, 102
Trd, 4319576.093, 100
Trd, 4319578.093, 100
Trd, 4319578.593, 115
Trd, 4319579.743, 102
Trd, 4319582.343, 101
Trd, 4319584.943, 101
Trd, 4319585.543, 94
Trd, 4319588.743, 98
Trd, 4319590.243, 108
Trd, 4319591.043, 98
Trd, 4319592.643, 109
Trd, 4319594.743, 98
Trd, 4319595.393, 112
Trd, 4319597.893, 105
Trd, 4319600.293, 104
Trd, 4319602.243, 107
Trd, 4319603.193, 108
Trd, 4319603.393, 103
Trd, 4319603.943, 94
Trd, 4319604.293, 98
Trd, 4319605.143, 113
Trd, 4319608.293, 85
Trd, 4319609.393, 96
Trd, 4319609.793, 101
Trd, 4319610.193, 93
Trd, 4319611.043, 104
Trd, 4319611.893, 94
Trd, 4319613.243, 104
Trd, 4319615.293, 93
Trd, 4319616.443, 92
Trd, 4319617.943, 102
Trd, 4319619.243, 109
Trd, 4319619.543, 100
Trd, 4319619.593, 93
Trd, 4319621.343, 113
Trd, 4319622.643, 103
Trd, 4319623.393, 104
Trd, 4319624.993, 102
Trd, 4319626.193, 96
Trd, 4319626.393, 96
Trd, 4319629.593, 112
Trd, 4319631.293, 108
Trd, 4319633.243, 105
Trd, 4319635.393, 106
Trd, 4319635.443, 105
Trd, 4319635.493, 103
Trd, 4319637.693, 103
Trd, 4319637.893, 94
Trd, 4319638.343, 85
Trd, 4319640.693, 104
Trd, 4319641.943, 107
Trd, 4319642.943, 98
Trd, 4319643.993, 85
Trd, 4319644.893, 92
Trd, 4319646.193, 90
Trd, 4319648.043, 103
Trd, 4319648.643, 96
Trd, 4319651.893, 104
Trd, 4319652.143, 106
Trd, 4319653.593, 101
Trd, 4319655.293, 99
Trd, 4319657.343, 103
Trd, 4319658.343, 106
Trd, 4319660.043, 101
Trd, 4319660.193, 94
Trd, 4319661.043, 96
Trd, 4319662.343, 107
Trd, 4319664.143, 101
Trd, 4319664.493, 113
Trd, 4319665.243, 105
Trd, 4319666.543, 94
Trd, 4319666.743, 92
Trd, 4319669.343, 93
Trd, 4319669.393, 95
Trd, 4319669.793, 93
Trd, 4319671.793, 95
Trd, 4319673.743, 95
Trd, 4319673.943, 104
Trd, 4319675.343, 94
Trd, 4319676.193, 98
Trd, 4319677.643, 93
Trd, 4319679.243, 98
Trd, 4319680.743, 100
Trd, 4319683.693, 100
Trd, 4319683.743, 99
Trd, 4319684.243, 101
Trd, 4319687.393, 99
Trd, 4319687.443, 97
Trd, 4319687.543, 94
Trd, 4319688.043, 102
Trd, 4319690.143, 106
Trd, 4319690.593, 96
Trd, 4319691.643, 102
Trd, 4319693.643, 106
Trd, 4319693.843, 94
Trd, 4319694.843, 101
Trd, 4319698.243, 105
Trd, 4319702.043, 103
Trd, 4319702.843, 106
Trd, 4319703.393, 101
Trd, 4319703.443, 84
Trd, 4319706.593, 106
Trd, 4319707.543, 93
Trd, 4319711.093, 101
Trd, 4319712.843, 102
Trd, 4319713.293, 97
Trd, 4319713.493, 86
Trd, 4319717.843, 96
Trd, 4319719.993, 96
Trd, 4319720.243, 104
Trd, 4319721.893, 108
Trd, 4319722.693, 103
Trd, 4319723.593, 104
Trd, 4319726.343, 102
Trd, 4319726.793, 101
Trd, 4319727.043, 104
Trd, 4319729.743, 100
Trd, 4319732.593, 104
Trd, 4319732.793, 105
Trd, 4319734.193, 113
Trd, 4319735.043, 102
Trd, 4319735.593, 102
Trd, 4319736.793, 94
Trd, 4319738.843, 107
Trd, 4319738.993, 108
Trd, 4319741.393, 100
Trd, 4319742.143, 113
Trd, 4319742.993, 100
Trd, 4319743.093, 99
Trd, 4319743.793, 111
Trd, 4319745.693, 99
Trd, 4319748.643, 98
Trd, 4319750.693, 102
Trd, 4319751.193, 105
Trd, 4319752.643, 99
Trd, 4319753.493, 99
Trd, 4319753.993, 83
Trd, 4319754.293, 105
Trd, 4319756.943, 101
Trd, 4319760.793, 94
Trd, 4319761.693, 94
Trd, 4319762.743, 93
Trd, 4319762.793, 102
Trd, 4319766.393, 106
Trd, 4319768.193, 107
Trd, 4319768.293, 107
Trd, 4319768.593, 101
Trd, 4319769.343, 100
Trd, 4319769.393, 100
Trd, 4319769.843, 94
Trd, 4319769.893, 106
Trd, 4319772.993, 97
Trd, 4319774.643, 107
Trd, 4319774.843, 96
Trd, 4319776.993, 106
Trd, 4319778.443, 105
Trd, 4319779.093, 113
Trd, 4319780.843, 102
Trd, 4319781.143, 101
Trd, 4319784.143, 104
Trd, 4319784.593, 94
Trd, 4319785.543, 101
Trd, 4319786.643, 100
Trd, 4319786.843, 111
Trd, 4319788.543, 106
Trd, 4319789.093, 101
Trd, 4319793.793, 103
Trd, 4319795.743, 103
Trd, 4319795.793, 107
Trd, 4319799.093, 113
Trd, 4319799.843, 83
Trd, 4319801.593, 98
Trd, 4319801.843, 92
Trd, 4319802.493, 93
Trd, 4319802.643, 88
Trd, 4319804.493, 99
Trd, 4319807.243, 98
Trd, 4319807.793, 99
Trd, 4319809.343, 100
Trd, 4319809.743, 98
Trd, 4319810.393, 106
Trd, 4319812.493, 98
Trd, 4319814.093, 94
Trd, 4319814.993, 102
Trd, 4319816.993, 96
Trd, 4319817.043, 99
Trd, 4319818.243, 101
Trd, 4319818.493, 95
Trd, 4319822.643, 104
Trd, 4319824.193, 94
Trd, 4319824.793, 95
Trd, 4319825.643, 94
Trd, 4319826.793, 100
Trd, 4319829.143, 105
Trd, 4319830.093, 103
Trd, 4319830.693, 105
Trd, 4319832.743, 103
Trd, 4319833.293, 101
Trd, 4319835.143, 94
Trd, 4319836.893, 97
Trd, 4319839.843, 98
Trd, 4319840.643, 105
Trd, 4319841.343, 105
Trd, 4319844.993, 120
Trd, 4319847.293, 105
Trd, 4319848.993, 102
Trd, 4319849.793, 102
Trd, 4319850.193, 107
Trd, 4319851.593, 106
Trd, 4319852.893, 104
Trd, 4319856.843, 105
Trd, 4319856.993, 104
Trd, 4319858.293, 94
Trd, 4319858.543, 85
Trd, 4319858.893, 115
Trd, 4319862.693, 103
Trd, 4319862.793, 107
Trd, 4319864.493, 104
Trd, 4319865.893, 106
Trd, 4319866.093, 109
Trd, 4319867.143, 106
Trd, 4319867.443, 103
Trd, 4319868.543, 103
Trd, 4319870.393, 113
Trd, 4319870.443, 102
Trd, 4319871.893, 102
Trd, 4319875.793, 94
Trd, 4319876.243, 101
Trd, 4319878.093, 103
Trd, 4319879.843, 106
Trd, 4319882.843, 100
Trd, 4319885.093, 100
Trd, 4319886.693, 99
Trd, 4319887.793, 94
Trd, 4319888.493, 97
Trd, 4319889.693, 105
Trd, 4319891.043, 106
Trd, 4319891.643, 109
Trd, 4319891.943, 103
Trd, 4319895.643, 105
Trd, 4319895.743, 102
Trd, 4319898.043, 101
Trd, 4319899.093, 106
Trd, 4319899.243, 106
Trd, 4319899.643, 100
Trd, 4319899.943, 102
Trd, 4319903.093, 101
Trd, 4319905.793, 101
Trd, 4319905.943, 105
Trd, 4319906.943, 99
Trd, 4319907.443, 85
Trd, 4319908.593, 98
Trd, 4319909.293, 93
Trd, 4319910.343, 91
Trd, 4319910.893, 98
Trd, 4319911.593, 98
Trd, 4319913.743, 95
Trd, 4319916.893, 106
Trd, 4319917.393, 100
Trd, 4319918.393, 98
Trd, 4319920.043, 96
Trd, 4319920.243, 94
Trd, 4319921.393, 106
Trd, 4319924.893, 109
Trd, 4319926.593, 106
Trd, 4319929.543, 106
Trd, 4319930.343, 105
Trd, 4319930.593, 101
Trd, 4319930.693, 106
Trd, 4319931.243, 115
Trd, 4319933.543, 102
Trd, 4319933.793, 94
Trd, 4319935.593, 109
Trd, 4319936.043, 112
Trd, 4319936.593, 96
Trd, 4319937.293, 84
Trd, 4319945.193, 98
Trd, 4319946.243, 102
Trd, 4319947.343, 106
Trd, 4319948.293, 100
Trd, 4319952.743, 98
Trd, 4319954.443, 99
Trd, 4319955.593, 104
Trd, 4319957.493, 99
Trd, 4319958.293, 103
Trd, 4319959.343, 101
Trd, 4319959.393, 94
Trd, 4319959.843, 89
Trd, 4319963.293, 94
Trd, 4319963.343, 92
Trd, 4319963.643, 96
Trd, 4319967.843, 104
Trd, 4319968.093, 95
Trd, 4319968.543, 113
Trd, 4319972.243, 103
Trd, 4319973.693, 104
Trd, 4319974.893, 99
Trd, 4319974.993, 105
Trd, 4319975.193, 115
Trd, 4319976.293, 100
Trd, 4319976.343, 97
Trd, 4319979.143, 97
Trd, 4319981.593, 96
Trd, 4319983.093, 100
Trd, 4319985.293, 108
Trd, 4319986.343, 101
Trd, 4319987.543, 104
Trd, 4319988.343, 104
Trd, 4319989.993, 102
Trd, 4319990.643, 101
Trd, 4319991.643, 94
Trd, 4319992.593, 84
Trd, 4319994.143, 71
Trd, 4319994.593, 100
Trd, 4319995.893, 99
Trd, 4319997.043, 104
Trd, 4319997.293, 89
Trd, 4319998.993, 96
