Trd, 4317931.543, 101
Trd, 4317931.593, 104
Trd, 4317933.443, 100
Trd, 4317934.393, 102
Trd, 4317935.943, 101
Trd, 4317936.143, 101
Trd, 4317938.043, 102
Trd, 4317938.593, 102
Trd, 4317939.193, 94
Trd, 4317939.393, 99
Trd, 4317943.843, 97
Trd, 4317943.943, 94
Trd, 4317944.893, 96
Trd, 4317945.143, 95
Trd, 4317945.243, 92
Trd, 4317945.793, 104
Trd, 4317946.643, 97
Trd, 4317948.643, 97
Trd, 4317949.093, 95
Trd, 4317949.943, 97
Trd, 4317951.043, 93
Trd, 4317951.643, 92
Trd, 4317952.243, 98
Trd, 4317952.693, 104
Trd, 4317955.443, 94
Trd, 4317956.543, 94
Trd, 4317956.943, 93
Trd, 4317958.443, 96
Trd, 4317961.343, 95
Trd, 4317961.993, 93
Trd, 4317964.443, 96
Trd, 4317965.043, 93
Trd, 4317968.693, 97
Trd, 4317968.893, 95
Trd, 4317969.343, 94
Trd, 4317972.043, 97
Trd, 4317973.193, 96
Trd, 4317974.443, 96
Trd, 4317975.543, 96
Trd, 4317976.593, 94
Trd, 4317976.843, 102
Trd, 4317977.943, 94
Trd, 4317978.243, 93
Trd, 4317979.043, 88
Trd, 4317979.093, 98
Trd, 4317982.343, 96
Trd, 4317982.443, 93
Trd, 4317982.643, 93
Trd, 4317984.343, 92
Trd, 4317984.843, 96
Trd, 4317988.243, 92
Trd, 4317989.393, 104
Trd, 4317989.943, 92
Trd, 4317991.793, 96
Trd, 4317992.293, 97
Trd, 4317992.743, 95
Trd, 4317993.843, 104
Trd, 4317995.143, 96
Trd, 4317996.343, 100
Trd, 4317997.593, 95
Trd, 4317999.043, 94
Trd, 4318001.893, 96
Trd, 4318002.243, 96
Trd, 4318002.943, 95
Trd, 4318003.043, 94
Trd, 4318003.193, 104
Trd, 4318004.393, 93
Trd, 4318007.193, 95
Trd, 4318007.693, 94
Trd, 4318008.643, 93
Trd, 4318009.043, 104
Trd, 4318010.043, 124
Trd, 4318010.193, 122
Trd, 4318010.593, 110
Trd, 4318012.143, 97
Trd, 4318013.343, 109
Trd, 4318013.743, 92
Trd, 4318015.843, 102
Trd, 4318017.093, 104
Trd, 4318018.493, 94
Trd, 4318018.543, 103
Trd, 4318019.443, 80
Trd, 4318020.443, 88
Trd, 4318021.593, 97
Trd, 4318023.793, 96
Trd, 4318025.293, 95
Trd, 4318026.893, 96
Trd, 4318027.143, 97
Trd, 4318027.343, 122
Trd, 4318029.743, 107
Trd, 4318030.043, 106
Trd, 4318030.893, 108
Trd, 4318031.843, 102
Trd, 4318032.043, 94
Trd, 4318032.843, 110
Trd, 4318034.793, 108
Trd, 4318035.493, 110
Trd, 4318035.743, 109
Trd, 4318036.943, 96
Trd, 4318037.993, 105
Trd, 4318038.443, 93
Trd, 4318039.893, 104
Trd, 4318040.343, 105
Trd, 4318041.743, 97
Trd, 4318042.393, 101
Trd, 4318043.143, 104
Trd, 4318043.243, 104
Trd, 4318044.493, 113
Trd, 4318044.693, 86
Trd, 4318045.643, 111
Trd, 4318047.943, 105
Trd, 4318048.293, 103
Trd, 4318049.393, 107
Trd, 4318051.943, 99
Trd, 4318052.393, 102
Trd, 4318053.343, 101
Trd, 4318053.943, 102
Trd, 4318055.143, 101
Trd, 4318055.343, 99
Trd, 4318057.243, 98
Trd, 4318057.693, 95
Trd, 4318058.893, 98
Trd, 4318060.493, 94
Trd, 4318062.193, 98
Trd, 4318062.393, 82
Trd, 4318063.293, 96
Trd, 4318064.643, 99
Trd, 4318066.193, 98
Trd, 4318066.793, 99
Trd, 4318068.593, 96
Trd, 4318068.743, 95
Trd, 4318070.243, 99
Trd, 4318070.293, 97
Trd, 4318071.643, 94
Trd, 4318073.793, 90
Trd, 4318075.293, 88
Trd, 4318075.543, 88
Trd, 4318076.243, 101
Trd, 4318078.543, 93
Trd, 4318079.593, 92
Trd, 4318081.143, 92
Trd, 4318081.243, 94
Trd, 4318083.743, 94
Trd, 4318084.193, 93
Trd, 4318085.493, 94
Trd, 4318085.843, 92
Trd, 4318087.443, 95
Trd, 4318088.143, 92
Trd, 4318089.893, 104
Trd, 4318089.943, 92
Trd, 4318090.043, 91
Trd, 4318092.393, 97
Trd, 4318093.893, 98
Trd, 4318094.643, 97
Trd, 4318096.093, 96
Trd, 4318096.893, 98
Trd, 4318098.293, 104
Trd, 4318099.543, 97
Trd, 4318099.793, 95
Trd, 4318101.943, 99
Trd, 4318102.243, 98
Trd, 4318102.693, 94
Trd, 4318105.293, 94
Trd, 4318105.843, 98
Trd, 4318107.393, 95
Trd, 4318107.843, 104
Trd, 4318108.793, 95
Trd, 4318108.943, 93
Trd, 4318111.693, 121
Trd, 4318111.793, 95
Trd, 4318112.843, 97
Trd, 4318114.793, 96
Trd, 4318114.893, 105
Trd, 4318115.693, 99
Trd, 4318115.843, 98
Trd, 4318117.843, 100
Trd, 4318117.943, 86
Trd, 4318120.443, 98
Trd, 4318120.493, 100
Trd, 4318121.543, 105
Trd, 4318122.093, 97
Trd, 4318122.943, 96
Trd, 4318124.293, 96
Trd, 4318127.043, 95
Trd, 4318128.193, 99
Trd, 4318128.393, 95
Trd, 4318130.793, 105
Trd, 4318131.143, 102
Trd, 4318131.493, 96
Trd, 4318132.593, 100
Trd, 4318133.393, 99
Trd, 4318134.543, 102
Trd, 4318136.643, 97
Trd, 4318136.743, 94
Trd, 4318137.843, 100
Trd, 4318138.943, 101
Trd, 4318139.393, 105
Trd, 4318141.543, 102
Trd, 4318142.343, 99
Trd, 4318142.493, 98
Trd, 4318145.643, 100
Trd, 4318147.193, 95
Trd, 4318147.393, 94
Trd, 4318149.593, 95
Trd, 4318150.643, 104
Trd, 4318151.043, 99
Trd, 4318151.243, 93
Trd, 4318152.093, 100
Trd, 4318153.193, 100
Trd, 4318154.493, 96
Trd, 4318157.893, 96
Trd, 4318157.943, 95
Trd, 4318158.043, 95
Trd, 4318158.943, 96
Trd, 4318159.593, 95
Trd, 4318161.193, 104
Trd, 4318161.893, 98
Trd, 4318164.043, 99
Trd, 4318164.293, 95
Trd, 4318164.793, 94
Trd, 4318165.393, 99
Trd, 4318165.893, 90
Trd, 4318167.543, 95
Trd, 4318169.243, 95
Trd, 4318169.743, 94
Trd, 4318170.843, 95
Trd, 4318171.093, 93
Trd, 4318172.093, 94
Trd, 4318173.143, 98
Trd, 4318174.993, 96
Trd, 4318175.643, 96
Trd, 4318179.543, 94
Trd, 4318180.193, 93
Trd, 4318182.393, 95
Trd, 4318183.043, 94
Trd, 4318183.643, 95
Trd, 4318185.493, 92
Trd, 4318187.293, 91
Trd, 4318188.093, 95
Trd, 4318188.793, 91
Trd, 4318189.893, 104
Trd, 4318191.843, 96
Trd, 4318192.993, 94
Trd, 4318194.293, 91
Trd, 4318194.593, 97
Trd, 4318195.793, 98
Trd, 4318197.443, 93
Trd, 4318198.643, 92
Trd, 4318201.043, 93
Trd, 4318202.343, 92
Trd, 4318202.443, 93
Trd, 4318203.443, 92
Trd, 4318204.743, 92
Trd, 4318206.343, 92
Trd, 4318206.843, 91
Trd, 4318208.243, 104
Trd, 4318209.843, 90
Trd, 4318210.443, 93
Trd, 4318213.643, 90
Trd, 4318213.893, 94
Trd, 4318215.043, 94
Trd, 4318216.593, 89
Trd, 4318218.093, 92
Trd, 4318218.993, 100
Trd, 4318221.343, 91
Trd, 4318223.293, 96
Trd, 4318225.643, 94
Trd, 4318225.743, 92
Trd, 4318227.143, 90
Trd, 4318227.293, 95
Trd, 4318231.143, 94
Trd, 4318233.243, 92
Trd, 4318235.343, 90
Trd, 4318235.443, 94
Trd, 4318235.893, 95
Trd, 4318236.693, 104
Trd, 4318237.443, 89
Trd, 4318237.643, 95
Trd, 4318240.043, 89
Trd, 4318240.093, 88
Trd, 4318243.143, 94
Trd, 4318243.343, 90
Trd, 4318245.043, 88
Trd, 4318246.243, 92
Trd, 4318247.393, 88
Trd, 4318250.043, 92
Trd, 4318250.243, 92
Trd, 4318250.293, 88
Trd, 4318252.693, 98
Trd, 4318253.993, 89
Trd, 4318254.643, 89
Trd, 4318256.143, 95
Trd, 4318257.243, 92
Trd, 4318258.793, 97
Trd, 4318259.093, 90
Trd, 4318260.743, 97
Trd, 4318262.943, 103
Trd, 4318264.143, 102
Trd, 4318264.543, 101
Trd, 4318264.643, 104
Trd, 4318264.993, 100
Trd, 4318265.293, 97
Trd, 4318266.743, 81
Trd, 4318268.443, 114
Trd, 4318268.593, 106
Trd, 4318269.093, 112
Trd, 4318270.543, 119
Trd, 4318272.943, 102
Trd, 4318275.693, 94
Trd, 4318276.443, 100
Trd, 4318276.893, 86
Trd, 4318276.993, 109
Trd, 4318277.543, 103
Trd, 4318278.143, 98
Trd, 4318279.643, 113
Trd, 4318281.243, 101
Trd, 4318281.643, 96
Trd, 4318281.893, 121
Trd, 4318282.593, 97
Trd, 4318283.543, 110
Trd, 4318285.393, 122
Trd, 4318287.343, 112
Trd, 4318287.893, 94
Trd, 4318289.393, 111
Trd, 4318290.093, 111
Trd, 4318291.493, 109
Trd, 4318293.593, 109
Trd, 4318297.343, 111
Trd, 4318297.543, 111
Trd, 4318297.693, 109
Trd, 4318298.293, 103
Trd, 4318298.343, 111
Trd, 4318300.293, 108
Trd, 4318301.443, 106
Trd, 4318304.543, 107
Trd, 4318305.093, 107
Trd, 4318305.543, 122
Trd, 4318307.043, 110
Trd, 4318307.543, 94
Trd, 4318307.993, 86
Trd, 4318308.093, 112
Trd, 4318311.843, 104
Trd, 4318312.393, 103
Trd, 4318312.443, 101
Trd, 4318313.543, 105
Trd, 4318315.543, 104
Trd, 4318316.593, 94
Trd, 4318317.093, 86
Trd, 4318317.143, 100
Trd, 4318318.293, 77
Trd, 4318318.793, 92
Trd, 4318319.193, 98
Trd, 4318321.293, 94
Trd, 4318322.593, 95
Trd, 4318323.993, 93
Trd, 4318325.493, 103
Trd, 4318325.793, 94
Trd, 4318328.193, 99
Trd, 4318329.843, 98
Trd, 4318331.093, 98
Trd, 4318331.243, 100
Trd, 4318333.293, 97
Trd, 4318335.193, 96
Trd, 4318336.793, 95
Trd, 4318337.443, 100
Trd, 4318337.993, 100
Trd, 4318338.943, 95
Trd, 4318343.093, 98
Trd, 4318343.443, 100
Trd, 4318345.243, 100
Trd, 4318346.893, 100
Trd, 4318347.743, 104
Trd, 4318349.093, 99
Trd, 4318349.543, 97
Trd, 4318350.493, 97
Trd, 4318350.693, 100
Trd, 4318351.243, 97
Trd, 4318351.343, 94
Trd, 4318354.643, 101
Trd, 4318356.643, 102
Trd, 4318356.693, 100
Trd, 4318358.393, 99
Trd, 4318359.343, 99
Trd, 4318360.643, 102
Trd, 4318362.193, 102
Trd, 4318363.043, 102
Trd, 4318363.343, 104
Trd, 4318364.493, 101
Trd, 4318365.043, 94
Trd, 4318366.293, 86
Trd, 4318367.443, 121
Trd, 4318368.293, 114
Trd, 4318369.343, 110
Trd, 4318370.243, 112
Trd, 4318370.643, 113
Trd, 4318371.293, 111
Trd, 4318372.643, 105
Trd, 4318373.393, 103
Trd, 4318376.143, 103
Trd, 4318376.693, 102
Trd, 4318379.293, 106
Trd, 4318380.143, 107
Trd, 4318380.543, 108
Trd, 4318380.593, 101
Trd, 4318380.743, 94
Trd, 4318381.593, 94
Trd, 4318383.793, 92
Trd, 4318384.193, 96
Trd, 4318384.393, 81
Trd, 4318384.993, 78
Trd, 4318385.043, 105
Trd, 4318386.643, 98
Trd, 4318390.443, 93
Trd, 4318390.843, 94
Trd, 4318392.243, 90
Trd, 4318392.843, 93
Trd, 4318395.343, 92
Trd, 4318396.643, 94
Trd, 4318397.243, 98
Trd, 4318397.893, 102
Trd, 4318400.143, 96
Trd, 4318400.543, 96
Trd, 4318402.193, 97
Trd, 4318402.993, 99
Trd, 4318404.093, 95
Trd, 4318404.893, 95
Trd, 4318405.593, 99
Trd, 4318407.443, 94
Trd, 4318407.593, 94
Trd, 4318408.943, 88
Trd, 4318409.843, 91
Trd, 4318412.593, 97
Trd, 4318413.343, 91
Trd, 4318413.793, 95
Trd, 4318414.543, 89
Trd, 4318417.843, 94
Trd, 4318418.643, 104
Trd, 4318419.193, 90
Trd, 4318420.343, 91
Trd, 4318421.293, 95
Trd, 4318422.543, 93
Trd, 4318425.043, 95
Trd, 4318425.693, 95
Trd, 4318426.393, 96
Trd, 4318426.493, 104
Trd, 4318427.093, 92
Trd, 4318431.093, 95
Trd, 4318431.543, 101
Trd, 4318432.493, 93
Trd, 4318433.143, 97
Trd, 4318433.543, 92
Trd, 4318436.143, 96
Trd, 4318437.343, 104
Trd, 4318438.443, 99
Trd, 4318438.743, 94
Trd, 4318440.743, 93
Trd, 4318443.093, 99
Trd, 4318443.993, 98
Trd, 4318444.543, 104
Trd, 4318444.793, 96
Trd, 4318445.043, 96
Trd, 4318446.393, 102
Trd, 4318447.093, 86
Trd, 4318447.243, 104
Trd, 4318448.693, 93
Trd, 4318451.193, 94
Trd, 4318451.243, 93
Trd, 4318451.493, 95
Trd, 4318452.143, 92
Trd, 4318453.843, 95
Trd, 4318454.343, 95
Trd, 4318456.243, 92
Trd, 4318457.493, 100
Trd, 4318459.943, 96
Trd, 4318460.643, 95
Trd, 4318461.043, 92
Trd, 4318463.793, 95
Trd, 4318464.643, 96
Trd, 4318464.793, 93
Trd, 4318465.193, 95
Trd, 4318468.093, 96
Trd, 4318469.593, 94
Trd, 4318470.443, 95
Trd, 4318470.493, 94
Trd, 4318470.643, 93
Trd, 4318473.143, 96
Trd, 4318473.443, 93
Trd, 4318473.943, 104
Trd, 4318476.193, 97
Trd, 4318478.593, 100
Trd, 4318479.043, 98
Trd, 4318480.143, 101
Trd, 4318480.293, 98
Trd, 4318481.143, 94
Trd, 4318481.193, 102
Trd, 4318483.343, 97
Trd, 4318483.843, 98
Trd, 4318484.243, 90
Trd, 4318485.443, 97
Trd, 4318488.493, 96
Trd, 4318489.293, 98
Trd, 4318490.543, 104
Trd, 4318491.343, 101
Trd, 4318491.493, 94
Trd, 4318493.343, 86
Trd, 4318493.743, 96
Trd, 4318494.593, 95
Trd, 4318498.243, 94
Trd, 4318498.593, 93
Trd, 4318499.143, 95
Trd, 4318499.243, 104
Trd, 4318500.843, 94
Trd, 4318502.093, 95
Trd, 4318502.943, 96
Trd, 4318504.243, 94
Trd, 4318505.193, 86
Trd, 4318508.093, 97
Trd, 4318508.293, 101
Trd, 4318509.993, 96
Trd, 4318510.293, 104
Trd, 4318511.543, 96
Trd, 4318512.993, 95
Trd, 4318513.493, 101
Trd, 4318516.293, 96
Trd, 4318516.993, 95
Trd, 4318517.443, 96
Trd, 4318517.893, 96
Trd, 4318518.343, 94
Trd, 4318521.043, 96
Trd, 4318521.193, 96
Trd, 4318522.043, 94
Trd, 4318522.493, 104
Trd, 4318522.893, 99
Trd, 4318524.943, 86
Trd, 4318526.293, 99
Trd, 4318528.393, 100
Trd, 4318529.743, 99
Trd, 4318531.143, 99
Trd, 4318533.293, 96
Trd, 4318534.343, 97
Trd, 4318534.693, 96
Trd, 4318536.093, 96
Trd, 4318536.443, 95
Trd, 4318537.993, 121
Trd, 4318538.693, 107
Trd, 4318539.443, 95
Trd, 4318540.793, 94
Trd, 4318541.343, 100
Trd, 4318542.743, 99
Trd, 4318544.143, 103
Trd, 4318545.443, 99
Trd, 4318546.643, 101
Trd, 4318546.843, 100
Trd, 4318547.893, 104
Trd, 4318548.243, 99
Trd, 4318550.393, 102
Trd, 4318551.293, 94
Trd, 4318553.293, 101
Trd, 4318554.043, 103
Trd, 4318554.293, 97
Trd, 4318555.993, 96
Trd, 4318557.643, 101
Trd, 4318558.243, 97
Trd, 4318560.793, 104
Trd, 4318561.093, 94
Trd, 4318561.493, 104
Trd, 4318561.993, 94
Trd, 4318563.793, 98
Trd, 4318565.143, 104
Trd, 4318567.343, 99
Trd, 4318567.443, 98
Trd, 4318569.593, 100
Trd, 4318570.293, 121
Trd, 4318570.693, 106
Trd, 4318571.393, 103
Trd, 4318573.093, 106
Trd, 4318574.893, 107
Trd, 4318575.443, 112
Trd, 4318577.243, 107
Trd, 4318577.993, 102
Trd, 4318578.243, 109
Trd, 4318580.543, 107
Trd, 4318581.293, 110
Trd, 4318581.493, 107
Trd, 4318581.843, 103
Trd, 4318583.093, 119
Trd, 4318583.393, 94
Trd, 4318584.193, 101
Trd, 4318584.643, 86
Trd, 4318586.493, 107
Trd, 4318586.893, 110
Trd, 4318588.393, 109
Trd, 4318589.293, 105
Trd, 4318593.143, 107
Trd, 4318593.193, 108
Trd, 4318593.293, 102
Trd, 4318593.493, 94
Trd, 4318596.693, 108
Trd, 4318597.443, 109
Trd, 4318597.493, 105
Trd, 4318598.143, 103
Trd, 4318602.143, 98
Trd, 4318602.743, 100
Trd, 4318603.593, 96
Trd, 4318603.943, 99
Trd, 4318604.143, 93
Trd, 4318604.393, 104
Trd, 4318605.943, 98
Trd, 4318606.643, 99
Trd, 4318608.143, 100
Trd, 4318609.743, 100
Trd, 4318611.893, 98
Trd, 4318612.043, 98
Trd, 4318612.393, 101
Trd, 4318613.293, 95
Trd, 4318614.793, 97
Trd, 4318615.543, 99
Trd, 4318616.243, 104
Trd, 4318616.793, 103
Trd, 4318617.693, 86
Trd, 4318619.743, 99
Trd, 4318620.143, 96
Trd, 4318621.693, 122
Trd, 4318624.093, 102
Trd, 4318624.343, 101
Trd, 4318624.593, 84
Trd, 4318626.493, 97
Trd, 4318627.543, 97
Trd, 4318629.043, 96
Trd, 4318629.143, 96
Trd, 4318631.743, 105
Trd, 4318632.093, 100
Trd, 4318633.643, 100
Trd, 4318633.793, 99
Trd, 4318634.143, 94
Trd, 4318634.293, 86
Trd, 4318634.693, 108
Trd, 4318635.793, 107
Trd, 4318637.243, 105
Trd, 4318638.793, 122
Trd, 4318639.143, 101
Trd, 4318640.893, 111
Trd, 4318641.543, 111
Trd, 4318642.143, 100
Trd, 4318643.193, 95
Trd, 4318646.843, 99
Trd, 4318646.943, 100
Trd, 4318648.993, 95
Trd, 4318649.143, 104
Trd, 4318649.793, 97
Trd, 4318650.343, 117
Trd, 4318652.243, 102
Trd, 4318652.743, 99
Trd, 4318656.093, 98
Trd, 4318657.393, 102
Trd, 4318657.743, 102
Trd, 4318659.343, 99
Trd, 4318660.143, 98
Trd, 4318660.493, 98
Trd, 4318662.193, 102
Trd, 4318662.793, 98
Trd, 4318662.843, 104
Trd, 4318664.943, 103
Trd, 4318665.793, 97
Trd, 4318665.893, 97
Trd, 4318668.443, 103
Trd, 4318670.093, 100
Trd, 4318670.893, 99
Trd, 4318672.043, 98
Trd, 4318673.243, 100
Trd, 4318675.093, 98
Trd, 4318677.193, 99
Trd, 4318677.543, 104
Trd, 4318677.893, 99
Trd, 4318680.143, 97
Trd, 4318680.543, 102
Trd, 4318681.543, 102
Trd, 4318681.793, 101
Trd, 4318684.243, 110
Trd, 4318684.743, 103
Trd, 4318684.793, 102
Trd, 4318685.743, 94
Trd, 4318687.493, 97
Trd, 4318687.843, 101
Trd, 4318688.243, 100
Trd, 4318690.343, 101
Trd, 4318690.593, 100
Trd, 4318693.293, 102
Trd, 4318694.843, 86
Trd, 4318695.293, 96
Trd, 4318695.993, 97
Trd, 4318698.893, 98
Trd, 4318699.443, 96
Trd, 4318700.293, 122
Trd, 4318700.743, 105
Trd, 4318701.493, 106
Trd, 4318703.993, 100
Trd, 4318705.093, 103
Trd, 4318705.793, 102
Trd, 4318707.293, 103
Trd, 4318707.343, 102
Trd, 4318708.493, 95
Trd, 4318708.993, 95
Trd, 4318710.243, 98
Trd, 4318710.893, 101
Trd, 4318713.343, 100
Trd, 4318714.343, 104
Trd, 4318714.993, 105
Trd, 4318717.543, 97
Trd, 4318718.043, 98
Trd, 4318718.743, 101
Trd, 4318719.893, 99
Trd, 4318720.393, 99
Trd, 4318721.593, 98
Trd, 4318721.893, 98
Trd, 4318723.493, 99
Trd, 4318725.093, 86
Trd, 4318725.493, 95
Trd, 4318727.593, 98
Trd, 4318728.193, 98
Trd, 4318728.893, 96
Trd, 4318729.343, 94
Trd, 4318730.093, 98
Trd, 4318731.243, 86
Trd, 4318731.393, 95
Trd, 4318731.843, 104
Trd, 4318733.193, 96
Trd, 4318735.443, 93
Trd, 4318735.593, 94
Trd, 4318737.193, 94
Trd, 4318737.343, 84
Trd, 4318737.643, 84
Trd, 4318739.193, 89
Trd, 4318740.893, 94
Trd, 4318741.093, 91
Trd, 4318743.943, 93
Trd, 4318744.243, 92
Trd, 4318745.743, 92
Trd, 4318745.993, 104
Trd, 4318747.843, 97
Trd, 4318748.843, 91
Trd, 4318750.043, 94
Trd, 4318751.043, 95
Trd, 4318751.893, 91
Trd, 4318753.993, 92
Trd, 4318755.693, 96
Trd, 4318756.193, 97
Trd, 4318757.243, 104
Trd, 4318758.543, 98
Trd, 4318758.793, 92
Trd, 4318760.343, 91
Trd, 4318761.193, 90
Trd, 4318762.793, 91
Trd, 4318763.743, 91
Trd, 4318766.193, 94
Trd, 4318766.243, 90
Trd, 4318766.643, 101
Trd, 4318768.543, 95
Trd, 4318771.343, 97
Trd, 4318771.793, 94
Trd, 4318772.043, 97
Trd, 4318774.543, 94
Trd, 4318775.143, 93
Trd, 4318777.043, 95
Trd, 4318777.693, 97
Trd, 4318777.793, 93
Trd, 4318781.093, 86
Trd, 4318782.493, 95
Trd, 4318783.693, 94
Trd, 4318786.693, 95
Trd, 4318786.793, 93
Trd, 4318787.093, 95
Trd, 4318787.943, 93
Trd, 4318789.893, 96
Trd, 4318791.493, 94
Trd, 4318793.693, 92
Trd, 4318796.043, 94
Trd, 4318796.293, 95
Trd, 4318796.843, 93
Trd, 4318797.093, 93
Trd, 4318799.443, 95
Trd, 4318800.943, 92
Trd, 4318801.043, 94
Trd, 4318801.243, 95
Trd, 4318804.593, 91
Trd, 4318804.743, 98
Trd, 4318805.493, 90
Trd, 4318805.993, 97
Trd, 4318810.943, 98
Trd, 4318811.393, 91
Trd, 4318812.493, 90
Trd, 4318812.793, 98
Trd, 4318816.193, 97
Trd, 4318817.193, 95
Trd, 4318817.243, 98
Trd, 4318818.893, 95
Trd, 4318818.943, 97
Trd, 4318819.943, 94
Trd, 4318820.343, 97
Trd, 4318820.393, 86
Trd, 4318824.643, 99
Trd, 4318825.193, 104
Trd, 4318825.543, 98
Trd, 4318826.593, 92
Trd, 4318827.293, 98
Trd, 4318827.543, 97
Trd, 4318830.343, 124
Trd, 4318830.743, 122
Trd, 4318831.343, 114
Trd, 4318832.693, 113
Trd, 4318833.643, 103
Trd, 4318835.193, 104
Trd, 4318837.043, 110
Trd, 4318837.293, 112
Trd, 4318839.343, 122
Trd, 4318840.293, 103
Trd, 4318840.793, 112
Trd, 4318841.843, 87
Trd, 4318843.543, 107
Trd, 4318845.493, 103
Trd, 4318846.243, 107
Trd, 4318846.643, 107
Trd, 4318847.693, 117
Trd, 4318848.243, 102
Trd, 4318848.993, 86
Trd, 4318849.893, 81
Trd, 4318850.243, 95
Trd, 4318850.543, 76
Trd, 4318851.643, 91
Trd, 4318853.393, 104
Trd, 4318854.243, 108
Trd, 4318855.393, 95
Trd, 4318856.743, 98
Trd, 4318858.143, 97
Trd, 4318858.893, 99
Trd, 4318859.993, 100
Trd, 4318861.243, 97
Trd, 4318862.543, 99
Trd, 4318863.043, 96
Trd, 4318866.043, 97
Trd, 4318866.393, 100
Trd, 4318866.843, 94
Trd, 4318867.243, 86
Trd, 4318868.143, 122
Trd, 4318868.593, 120
Trd, 4318869.543, 103
Trd, 4318871.393, 109
Trd, 4318871.493, 107
Trd, 4318873.093, 103
Trd, 4318873.643, 105
Trd, 4318874.343, 105
Trd, 4318875.643, 102
Trd, 4318875.943, 103
Trd, 4318876.943, 97
Trd, 4318878.093, 98
Trd, 4318878.593, 97
Trd, 4318880.843, 100
Trd, 4318881.393, 104
Trd, 4318881.493, 94
Trd, 4318882.043, 95
Trd, 4318882.693, 104
Trd, 4318883.893, 122
Trd, 4318885.743, 94
Trd, 4318887.893, 97
Trd, 4318888.693, 100
Trd, 4318889.493, 98
Trd, 4318889.993, 105
Trd, 4318890.743, 97
Trd, 4318891.743, 105
Trd, 4318892.593, 96
Trd, 4318894.993, 105
Trd, 4318895.743, 98
Trd, 4318897.443, 97
Trd, 4318898.493, 100
Trd, 4318899.893, 99
Trd, 4318900.593, 96
Trd, 4318900.993, 99
Trd, 4318901.443, 97
Trd, 4318901.643, 104
Trd, 4318905.943, 96
Trd, 4318906.343, 97
Trd, 4318906.993, 96
Trd, 4318907.893, 93
Trd, 4318908.093, 97
Trd, 4318908.893, 95
Trd, 4318910.343, 94
Trd, 4318910.693, 88
Trd, 4318912.843, 95
Trd, 4318914.793, 95
Trd, 4318915.693, 96
Trd, 4318916.043, 94
Trd, 4318916.493, 98
Trd, 4318918.143, 88
Trd, 4318919.593, 98
Trd, 4318920.743, 104
Trd, 4318921.293, 93
Trd, 4318922.943, 94
Trd, 4318924.893, 97
Trd, 4318925.893, 97
Trd, 4318926.343, 94
Trd, 4318928.493, 96
Trd, 4318929.593, 97
Trd, 4318931.693, 96
Trd, 4318932.693, 104
Trd, 4318932.943, 95
Trd, 4318933.043, 94
Trd, 4318933.843, 100
Trd, 4318935.093, 98
Trd, 4318937.143, 104
Trd, 4318937.593, 97
Trd, 4318938.893, 96
Trd, 4318939.843, 100
Trd, 4318939.993, 101
Trd, 4318940.743, 97
Trd, 4318942.443, 98
Trd, 4318944.243, 94
Trd, 4318944.343, 88
Trd, 4318945.443, 95
Trd, 4318946.993, 122
Trd, 4318947.443, 100
Trd, 4318948.393, 92
Trd, 4318950.243, 103
Trd, 4318950.443, 99
Trd, 4318950.643, 98
Trd, 4318951.293, 96
Trd, 4318953.693, 93
Trd, 4318953.793, 86
Trd, 4318954.443, 104
Trd, 4318957.243, 97
Trd, 4318958.643, 103
Trd, 4318959.893, 102
Trd, 4318960.243, 103
Trd, 4318960.593, 97
Trd, 4318960.893, 104
Trd, 4318961.893, 104
Trd, 4318965.693, 99
Trd, 4318966.143, 103
Trd, 4318966.893, 98
Trd, 4318970.293, 97
Trd, 4318970.993, 96
Trd, 4318972.043, 102
Trd, 4318973.893, 100
Trd, 4318974.243, 97
Trd, 4318974.993, 95
Trd, 4318975.293, 104
Trd, 4318976.393, 94
Trd, 4318978.593, 104
Trd, 4318979.243, 122
Trd, 4318980.193, 96
Trd, 4318982.393, 105
Trd, 4318982.643, 103
Trd, 4318983.043, 104
Trd, 4318983.543, 102
Trd, 4318985.143, 94
Trd, 4318986.443, 100
Trd, 4318987.793, 104
Trd, 4318988.443, 101
Trd, 4318988.643, 104
Trd, 4318991.193, 100
Trd, 4318991.593, 95
Trd, 4318992.593, 104
Trd, 4318994.993, 104
Trd, 4318995.543, 99
Trd, 4318995.893, 98
Trd, 4318997.043, 100
Trd, 4318997.393, 94
Trd, 4318998.393, 100
Trd, 4318998.743, 96
Trd, 4319002.093, 97
Trd, 4319002.593, 99
Trd, 4319003.093, 96
Trd, 4319004.443, 94
Trd, 4319005.143, 95
Trd, 4319005.843, 95
Trd, 4319006.543, 95
Trd, 4319008.543, 95
Trd, 4319009.043, 95
Trd, 4319009.443, 96
Trd, 4319011.443, 96
Trd, 4319011.543, 95
Trd, 4319012.693, 104
Trd, 4319013.843, 95
Trd, 4319015.643, 98
Trd, 4319017.543, 98
Trd, 4319018.943, 98
Trd, 4319019.193, 97
Trd, 4319019.743, 94
Trd, 4319020.593, 93
Trd, 4319021.043, 104
Trd, 4319021.893, 103
Trd, 4319022.243, 95
Trd, 4319023.093, 76
Trd, 4319023.943, 98
Trd, 4319026.443, 91
Trd, 4319026.643, 94
Trd, 4319027.443, 96
Trd, 4319028.143, 95
Trd, 4319030.193, 97
Trd, 4319031.543, 94
Trd, 4319034.743, 95
Trd, 4319035.493, 93
Trd, 4319036.943, 96
Trd, 4319037.793, 96
Trd, 4319039.343, 95
Trd, 4319039.393, 96
Trd, 4319040.093, 97
Trd, 4319042.143, 96
Trd, 4319043.393, 95
Trd, 4319043.443, 94
Trd, 4319044.693, 97
Trd, 4319045.243, 104
Trd, 4319047.143, 94
Trd, 4319048.993, 99
Trd, 4319049.093, 102
Trd, 4319049.143, 93
Trd, 4319052.493, 96
Trd, 4319053.343, 93
Trd, 4319056.143, 96
Trd, 4319056.393, 94
Trd, 4319056.693, 98
Trd, 4319057.343, 98
Trd, 4319058.543, 95
Trd, 4319058.693, 93
Trd, 4319060.343, 97
Trd, 4319061.243, 93
Trd, 4319062.293, 97
Trd, 4319063.893, 98
Trd, 4319064.043, 95
Trd, 4319064.443, 99
Trd, 4319064.543, 98
Trd, 4319066.193, 104
Trd, 4319066.393, 77
Trd, 4319068.593, 96
Trd, 4319069.993, 100
Trd, 4319071.793, 95
Trd, 4319072.843, 99
Trd, 4319074.043, 98
Trd, 4319074.993, 96
Trd, 4319075.543, 104
Trd, 4319075.643, 94
Trd, 4319076.943, 95
Trd, 4319077.943, 94
Trd, 4319078.593, 97
Trd, 4319078.793, 76
Trd, 4319081.243, 92
Trd, 4319081.293, 96
Trd, 4319083.843, 104
Trd, 4319085.093, 97
Trd, 4319085.793, 93
Trd, 4319086.193, 101
Trd, 4319087.693, 104
Trd, 4319088.693, 119
Trd, 4319091.243, 101
Trd, 4319091.593, 102
Trd, 4319091.843, 106
Trd, 4319092.243, 94
Trd, 4319093.693, 97
Trd, 4319094.843, 82
Trd, 4319095.793, 77
Trd, 4319097.993, 94
Trd, 4319098.643, 79
Trd, 4319099.993, 93
Trd, 4319100.693, 95
Trd, 4319102.993, 92
Trd, 4319104.143, 89
Trd, 4319104.943, 93
Trd, 4319105.593, 89
Trd, 4319107.643, 93
Trd, 4319110.593, 92
Trd, 4319110.843, 89
Trd, 4319111.543, 93
Trd, 4319112.543, 90
Trd, 4319113.293, 101
Trd, 4319113.893, 89
Trd, 4319114.243, 96
Trd, 4319115.843, 104
Trd, 4319118.193, 95
Trd, 4319118.293, 93
Trd, 4319120.943, 94
Trd, 4319121.443, 95
Trd, 4319122.193, 95
Trd, 4319122.493, 92
Trd, 4319123.993, 104
Trd, 4319124.343, 94
Trd, 4319124.393, 76
Trd, 4319126.143, 88
Trd, 4319127.893, 95
Trd, 4319128.093, 90
Trd, 4319128.393, 91
Trd, 4319129.293, 113
Trd, 4319129.693, 111
Trd, 4319129.743, 94
Trd, 4319132.393, 108
Trd, 4319133.593, 103
Trd, 4319134.893, 106
Trd, 4319135.193, 104
Trd, 4319136.143, 94
Trd, 4319137.343, 100
Trd, 4319139.243, 102
Trd, 4319139.393, 106
Trd, 4319140.093, 103
Trd, 4319140.393, 102
Trd, 4319143.043, 103
Trd, 4319143.693, 105
Trd, 4319144.243, 100
Trd, 4319145.393, 99
Trd, 4319146.693, 104
Trd, 4319146.993, 105
Trd, 4319147.593, 94
Trd, 4319148.143, 87
Trd, 4319149.743, 98
Trd, 4319149.993, 107
Trd, 4319151.093, 105
Trd, 4319152.443, 98
Trd, 4319153.893, 97
Trd, 4319155.393, 97
Trd, 4319155.793, 86
Trd, 4319155.993, 104
Trd, 4319158.093, 95
Trd, 4319158.843, 95
Trd, 4319160.443, 95
Trd, 4319161.593, 94
Trd, 4319163.143, 95
Trd, 4319163.393, 93
Trd, 4319165.143, 95
Trd, 4319166.743, 95
Trd, 4319167.493, 93
Trd, 4319167.593, 95
Trd, 4319169.843, 94
Trd, 4319170.093, 92
Trd, 4319170.493, 102
Trd, 4319171.693, 104
Trd, 4319171.943, 95
Trd, 4319172.043, 86
Trd, 4319172.993, 112
Trd, 4319174.343, 103
Trd, 4319175.143, 103
Trd, 4319176.343, 105
Trd, 4319176.593, 94
Trd, 4319179.243, 105
Trd, 4319179.343, 101
Trd, 4319180.693, 100
Trd, 4319182.143, 100
Trd, 4319183.493, 99
Trd, 4319184.493, 98
Trd, 4319184.743, 98
Trd, 4319185.993, 99
Trd, 4319187.393, 99
Trd, 4319188.543, 100
Trd, 4319189.543, 98
Trd, 4319191.043, 104
Trd, 4319192.543, 96
Trd, 4319192.593, 94
Trd, 4319194.043, 86
Trd, 4319194.743, 96
Trd, 4319195.593, 96
Trd, 4319196.143, 122
Trd, 4319197.843, 101
Trd, 4319198.593, 106
Trd, 4319200.593, 104
Trd, 4319200.793, 101
Trd, 4319202.043, 102
Trd, 4319203.093, 100
Trd, 4319204.493, 102
Trd, 4319205.143, 95
Trd, 4319205.493, 99
Trd, 4319207.793, 99
Trd, 4319208.543, 98
Trd, 4319210.193, 102
Trd, 4319210.343, 104
Trd, 4319210.993, 97
Trd, 4319213.293, 94
Trd, 4319214.893, 95
Trd, 4319215.343, 97
Trd, 4319215.993, 96
Trd, 4319216.393, 104
Trd, 4319216.493, 96
Trd, 4319218.893, 102
Trd, 4319219.343, 95
Trd, 4319220.343, 94
Trd, 4319223.993, 94
Trd, 4319224.193, 97
Trd, 4319224.443, 93
Trd, 4319224.993, 97
Trd, 4319225.843, 94
Trd, 4319227.243, 95
Trd, 4319230.343, 96
Trd, 4319230.593, 96
Trd, 4319230.693, 93
Trd, 4319231.243, 104
Trd, 4319231.743, 93
Trd, 4319233.793, 95
Trd, 4319234.843, 93
Trd, 4319236.543, 92
Trd, 4319237.193, 97
Trd, 4319238.343, 92
Trd, 4319238.543, 94
Trd, 4319241.093, 93
Trd, 4319242.743, 94
Trd, 4319242.793, 91
Trd, 4319242.893, 102
Trd, 4319243.493, 90
Trd, 4319245.493, 95
Trd, 4319246.393, 95
Trd, 4319247.843, 95
Trd, 4319248.693, 95
Trd, 4319250.243, 94
Trd, 4319250.593, 93
Trd, 4319251.993, 96
Trd, 4319252.993, 95
Trd, 4319253.043, 104
Trd, 4319254.143, 94
Trd, 4319258.243, 93
Trd, 4319258.493, 94
Trd, 4319259.443, 95
Trd, 4319260.093, 96
Trd, 4319261.293, 93
Trd, 4319264.693, 96
Trd, 4319265.993, 92
Trd, 4319266.393, 95
Trd, 4319266.493, 94
Trd, 4319266.993, 92
Trd, 4319267.043, 94
Trd, 4319267.743, 96
Trd, 4319269.693, 93
Trd, 4319271.593, 92
Trd, 4319274.193, 95
Trd, 4319275.493, 97
Trd, 4319276.143, 94
Trd, 4319279.243, 95
Trd, 4319280.543, 95
Trd, 4319282.243, 95
Trd, 4319282.493, 93
Trd, 4319283.093, 94
Trd, 4319283.693, 96
Trd, 4319284.143, 96
Trd, 4319284.543, 92
Trd, 4319288.993, 95
Trd, 4319289.193, 93
Trd, 4319290.043, 92
Trd, 4319291.143, 95
Trd, 4319293.643, 95
Trd, 4319294.093, 92
Trd, 4319294.343, 91
Trd, 4319295.643, 96
Trd, 4319297.393, 96
Trd, 4319297.593, 93
Trd, 4319298.093, 92
Trd, 4319298.543, 95
Trd, 4319303.693, 94
Trd, 4319304.393, 94
Trd, 4319304.443, 91
Trd, 4319305.193, 91
Trd, 4319305.643, 96
Trd, 4319307.693, 91
Trd, 4319310.843, 95
Trd, 4319312.943, 90
Trd, 4319313.393, 91
Trd, 4319313.993, 94
Trd, 4319315.443, 91
Trd, 4319316.643, 100
Trd, 4319316.693, 90
Trd, 4319317.043, 104
Trd, 4319318.743, 104
Trd, 4319319.243, 103
Trd, 4319319.443, 100
Trd, 4319321.943, 124
Trd, 4319321.993, 121
Trd, 4319323.443, 117
Trd, 4319324.993, 109
Trd, 4319325.793, 94
Trd, 4319327.193, 109
Trd, 4319327.293, 112
Trd, 4319328.043, 107
Trd, 4319328.543, 113
Trd, 4319330.393, 112
Trd, 4319331.143, 108
Trd, 4319333.493, 103
Trd, 4319333.743, 107
Trd, 4319335.243, 100
Trd, 4319335.543, 101
Trd, 4319335.693, 96
Trd, 4319336.543, 104
Trd, 4319337.643, 77
Trd, 4319338.843, 93
Trd, 4319339.743, 101
Trd, 4319340.543, 101
Trd, 4319340.943, 104
Trd, 4319341.593, 101
Trd, 4319342.743, 113
Trd, 4319344.443, 100
Trd, 4319345.293, 104
Trd, 4319345.493, 103
Trd, 4319347.243, 84
Trd, 4319348.743, 101
Trd, 4319349.193, 98
Trd, 4319349.243, 76
Trd, 4319349.543, 102
Trd, 4319349.743, 67
Trd, 4319352.093, 89
Trd, 4319352.743, 97
Trd, 4319353.993, 94
Trd, 4319354.493, 96
Trd, 4319354.543, 93
Trd, 4319357.393, 96
Trd, 4319359.543, 97
Trd, 4319359.793, 95
Trd, 4319361.343, 93
Trd, 4319362.393, 104
Trd, 4319363.593, 94
Trd, 4319366.593, 94
Trd, 4319367.593, 99
Trd, 4319367.693, 99
Trd, 4319368.893, 96
Trd, 4319369.043, 94
Trd, 4319369.243, 104
Trd, 4319370.943, 104
Trd, 4319372.693, 100
Trd, 4319373.393, 100
Trd, 4319373.993, 100
Trd, 4319374.793, 91
Trd, 4319376.343, 100
Trd, 4319376.843, 99
Trd, 4319378.443, 102
Trd, 4319378.993, 101
Trd, 4319379.493, 98
Trd, 4319381.193, 101
Trd, 4319381.843, 97
Trd, 4319384.043, 96
Trd, 4319385.593, 96
Trd, 4319387.743, 104
Trd, 4319387.993, 101
Trd, 4319388.543, 98
Trd, 4319390.343, 98
Trd, 4319390.593, 96
Trd, 4319392.943, 101
Trd, 4319394.943, 101
Trd, 4319395.243, 99
Trd, 4319396.793, 96
Trd, 4319397.443, 104
Trd, 4319398.443, 98
Trd, 4319400.643, 101
Trd, 4319401.093, 97
Trd, 4319402.243, 94
Trd, 4319402.493, 102
Trd, 4319404.193, 98
Trd, 4319404.993, 95
Trd, 4319406.043, 97
Trd, 4319407.143, 96
Trd, 4319408.443, 94
Trd, 4319408.843, 97
Trd, 4319410.643, 94
Trd, 4319411.893, 97
Trd, 4319413.593, 95
Trd, 4319413.693, 99
Trd, 4319414.343, 92
Trd, 4319416.543, 97
Trd, 4319417.043, 79
Trd, 4319418.243, 94
Trd, 4319419.143, 96
Trd, 4319419.643, 92
Trd, 4319420.093, 92
Trd, 4319422.293, 93
Trd, 4319423.193, 91
Trd, 4319424.793, 94
Trd, 4319424.843, 99
Trd, 4319425.793, 92
Trd, 4319425.993, 86
Trd, 4319427.093, 97
Trd, 4319428.493, 121
Trd, 4319429.243, 120
Trd, 4319429.643, 96
Trd, 4319430.493, 79
Trd, 4319431.143, 95
Trd, 4319432.643, 122
Trd, 4319433.093, 109
Trd, 4319433.343, 103
Trd, 4319435.243, 102
Trd, 4319435.693, 107
Trd, 4319436.143, 124
Trd, 4319436.893, 122
Trd, 4319440.293, 113
Trd, 4319441.643, 113
Trd, 4319441.893, 112
Trd, 4319442.043, 102
Trd, 4319445.243, 110
Trd, 4319445.293, 111
Trd, 4319446.193, 110
Trd, 4319446.693, 103
Trd, 4319448.843, 111
Trd, 4319449.893, 111
Trd, 4319450.193, 111
Trd, 4319452.093, 113
Trd, 4319452.343, 112
Trd, 4319453.093, 113
Trd, 4319453.393, 94
Trd, 4319454.043, 97
Trd, 4319455.143, 103
Trd, 4319456.193, 108
Trd, 4319457.143, 123
Trd, 4319457.243, 122
Trd, 4319457.943, 103
Trd, 4319458.093, 74
Trd, 4319458.193, 111
Trd, 4319461.893, 75
Trd, 4319462.343, 88
Trd, 4319463.893, 90
Trd, 4319465.393, 93
Trd, 4319465.643, 98
Trd, 4319465.943, 77
Trd, 4319467.193, 95
Trd, 4319467.943, 89
Trd, 4319470.593, 95
Trd, 4319471.693, 100
Trd, 4319473.043, 96
Trd, 4319474.043, 95
Trd, 4319475.493, 96
Trd, 4319475.793, 90
Trd, 4319477.443, 95
Trd, 4319478.543, 94
Trd, 4319479.843, 94
Trd, 4319479.893, 93
Trd, 4319481.093, 92
Trd, 4319481.193, 104
Trd, 4319482.243, 122
Trd, 4319484.943, 103
Trd, 4319485.543, 101
Trd, 4319486.543, 96
Trd, 4319487.893, 98
Trd, 4319488.493, 99
Trd, 4319489.593, 94
Trd, 4319491.093, 99
Trd, 4319491.993, 104
Trd, 4319492.843, 98
Trd, 4319493.393, 106
Trd, 4319495.093, 105
Trd, 4319495.593, 105
Trd, 4319495.943, 103
Trd, 4319496.993, 102
Trd, 4319497.493, 102
Trd, 4319498.043, 94
Trd, 4319500.443, 106
Trd, 4319500.693, 105
Trd, 4319501.343, 120
Trd, 4319502.793, 122
Trd, 4319503.193, 98
Trd, 4319504.993, 108
Trd, 4319505.543, 104
Trd, 4319505.843, 95
Trd, 4319508.743, 122
Trd, 4319509.293, 121
Trd, 4319510.293, 113
Trd, 4319512.143, 100
Trd, 4319515.193, 107
Trd, 4319515.393, 108
Trd, 4319515.493, 99
Trd, 4319517.293, 86
Trd, 4319517.693, 104
Trd, 4319519.043, 103
Trd, 4319519.093, 92
Trd, 4319520.243, 80
Trd, 4319521.443, 106
Trd, 4319522.093, 96
Trd, 4319522.493, 98
Trd, 4319523.243, 92
Trd, 4319523.743, 95
Trd, 4319526.193, 97
Trd, 4319526.593, 96
Trd, 4319526.793, 104
Trd, 4319529.143, 102
Trd, 4319530.393, 96
Trd, 4319531.743, 95
Trd, 4319532.293, 94
Trd, 4319534.343, 100
Trd, 4319534.743, 104
Trd, 4319535.443, 100
Trd, 4319537.043, 99
Trd, 4319537.693, 94
Trd, 4319538.643, 89
Trd, 4319539.243, 98
Trd, 4319540.443, 99
Trd, 4319540.993, 100
Trd, 4319543.143, 104
Trd, 4319543.693, 101
Trd, 4319544.543, 94
Trd, 4319544.643, 102
Trd, 4319547.043, 94
Trd, 4319547.143, 82
Trd, 4319548.593, 93
Trd, 4319549.293, 96
Trd, 4319549.593, 85
Trd, 4319549.843, 104
Trd, 4319554.493, 92
Trd, 4319555.593, 94
Trd, 4319556.193, 95
Trd, 4319557.443, 97
Trd, 4319558.993, 96
Trd, 4319560.743, 96
Trd, 4319561.343, 93
Trd, 4319562.493, 94
Trd, 4319563.643, 96
Trd, 4319564.493, 98
Trd, 4319564.943, 94
Trd, 4319565.543, 104
Trd, 4319567.093, 93
Trd, 4319567.593, 93
Trd, 4319570.243, 96
Trd, 4319572.993, 92
Trd, 4319573.093, 94
Trd, 4319574.593, 95
Trd, 4319575.043, 95
Trd, 4319577.693, 97
Trd, 4319577.793, 106
Trd, 4319578.693, 95
Trd, 4319579.493, 94
Trd, 4319579.543, 95
Trd, 4319581.843, 96
Trd, 4319582.843, 95
Trd, 4319584.743, 95
Trd, 4319585.943, 96
Trd, 4319586.293, 97
Trd, 4319586.643, 94
Trd, 4319587.743, 104
Trd, 4319588.593, 93
Trd, 4319589.943, 104
Trd, 4319591.193, 95
Trd, 4319591.493, 96
Trd, 4319593.043, 96
Trd, 4319594.493, 98
Trd, 4319594.593, 95
Trd, 4319596.443, 96
Trd, 4319597.343, 99
Trd, 4319598.943, 94
Trd, 4319599.043, 96
Trd, 4319600.893, 93
Trd, 4319602.193, 96
Trd, 4319603.693, 93
Trd, 4319604.693, 93
Trd, 4319605.143, 95
Trd, 4319608.093, 95
Trd, 4319608.343, 93
Trd, 4319608.693, 104
Trd, 4319610.793, 94
Trd, 4319610.843, 97
Trd, 4319612.193, 95
Trd, 4319613.943, 94
Trd, 4319614.393, 94
Trd, 4319615.443, 92
Trd, 4319615.843, 104
Trd, 4319616.493, 93
Trd, 4319619.143, 95
Trd, 4319620.843, 94
Trd, 4319620.893, 93
Trd, 4319621.043, 86
Trd, 4319622.143, 93
Trd, 4319624.893, 92
Trd, 4319625.893, 93
Trd, 4319626.443, 93
Trd, 4319627.093, 92
Trd, 4319630.193, 101
Trd, 4319630.243, 104
Trd, 4319631.243, 94
Trd, 4319631.643, 97
Trd, 4319633.243, 94
Trd, 4319633.743, 94
Trd, 4319636.343, 97
Trd, 4319636.493, 104
Trd, 4319637.043, 96
Trd, 4319637.993, 103
Trd, 4319638.743, 97
Trd, 4319639.743, 101
Trd, 4319642.143, 111
Trd, 4319642.393, 99
Trd, 4319642.493, 105
Trd, 4319644.293, 97
Trd, 4319644.393, 106
Trd, 4319645.343, 103
Trd, 4319645.493, 102
Trd, 4319648.343, 122
Trd, 4319648.393, 110
Trd, 4319650.293, 110
Trd, 4319652.593, 113
Trd, 4319652.893, 110
Trd, 4319653.493, 113
Trd, 4319654.043, 103
Trd, 4319655.343, 105
Trd, 4319656.143, 110
Trd, 4319656.343, 102
Trd, 4319657.643, 110
Trd, 4319658.243, 101
Trd, 4319658.443, 94
Trd, 4319659.343, 86
Trd, 4319660.843, 88
Trd, 4319661.493, 86
Trd, 4319662.393, 100
Trd, 4319663.843, 94
Trd, 4319664.643, 93
Trd, 4319665.943, 93
Trd, 4319666.593, 95
Trd, 4319668.693, 94
Trd, 4319668.743, 95
Trd, 4319669.193, 104
Trd, 4319670.593, 93
Trd, 4319670.643, 114
Trd, 4319673.743, 101
Trd, 4319675.743, 95
Trd, 4319676.793, 94
Trd, 4319678.043, 95
Trd, 4319679.193, 96
Trd, 4319679.943, 101
Trd, 4319681.393, 94
Trd, 4319682.093, 93
Trd, 4319683.793, 98
Trd, 4319684.543, 96
Trd, 4319686.993, 96
Trd, 4319687.093, 104
Trd, 4319688.643, 93
Trd, 4319690.393, 95
Trd, 4319693.243, 100
Trd, 4319694.493, 96
Trd, 4319694.843, 93
Trd, 4319695.393, 95
Trd, 4319696.243, 94
Trd, 4319699.493, 93
Trd, 4319700.693, 95
Trd, 4319701.493, 94
Trd, 4319702.943, 93
Trd, 4319703.093, 92
Trd, 4319703.793, 95
Trd, 4319705.393, 95
Trd, 4319706.743, 94
Trd, 4319707.143, 94
Trd, 4319708.393, 104
Trd, 4319708.893, 91
Trd, 4319710.543, 92
Trd, 4319712.393, 96
Trd, 4319712.443, 97
Trd, 4319713.143, 86
Trd, 4319714.843, 96
Trd, 4319715.543, 97
Trd, 4319717.743, 97
Trd, 4319719.043, 95
Trd, 4319719.993, 94
Trd, 4319720.743, 97
Trd, 4319721.693, 93
Trd, 4319724.043, 95
Trd, 4319727.343, 94
Trd, 4319729.293, 92
Trd, 4319729.493, 95
Trd, 4319729.893, 92
Trd, 4319730.793, 99
Trd, 4319731.993, 106
Trd, 4319734.193, 99
Trd, 4319734.743, 98
Trd, 4319735.093, 97
Trd, 4319735.143, 95
Trd, 4319735.993, 94
Trd, 4319736.693, 102
Trd, 4319737.093, 104
Trd, 4319739.193, 103
Trd, 4319739.393, 101
Trd, 4319741.843, 104
Trd, 4319743.493, 103
Trd, 4319744.543, 104
Trd, 4319745.993, 104
Trd, 4319746.343, 101
Trd, 4319746.943, 108
Trd, 4319748.043, 122
Trd, 4319750.193, 111
Trd, 4319752.093, 110
Trd, 4319753.693, 95
Trd, 4319755.743, 109
Trd, 4319755.893, 103
Trd, 4319755.993, 111
Trd, 4319757.893, 107
Trd, 4319760.543, 106
Trd, 4319761.693, 106
Trd, 4319761.843, 109
Trd, 4319762.943, 106
Trd, 4319763.793, 103
Trd, 4319764.143, 101
Trd, 4319764.693, 107
Trd, 4319767.493, 105
Trd, 4319768.593, 106
Trd, 4319768.743, 103
Trd, 4319769.843, 95
Trd, 4319770.243, 105
Trd, 4319773.443, 100
Trd, 4319773.893, 99
Trd, 4319774.093, 96
Trd, 4319774.243, 97
Trd, 4319775.993, 122
Trd, 4319776.843, 94
Trd, 4319779.343, 101
Trd, 4319779.643, 86
Trd, 4319780.093, 98
Trd, 4319780.743, 94
Trd, 4319781.293, 105
Trd, 4319782.293, 79
Trd, 4319783.643, 91
Trd, 4319784.493, 104
Trd, 4319786.643, 97
Trd, 4319786.793, 98
Trd, 4319787.343, 122
Trd, 4319788.443, 103
Trd, 4319789.893, 98
Trd, 4319791.193, 95
Trd, 4319792.243, 121
Trd, 4319793.693, 107
Trd, 4319794.693, 103
Trd, 4319794.843, 120
Trd, 4319797.693, 110
Trd, 4319797.743, 106
Trd, 4319798.193, 110
Trd, 4319798.993, 110
Trd, 4319801.543, 108
Trd, 4319804.043, 94
Trd, 4319805.093, 107
Trd, 4319805.243, 105
Trd, 4319806.243, 108
Trd, 4319806.743, 108
Trd, 4319806.943, 103
Trd, 4319808.843, 97
Trd, 4319809.443, 97
Trd, 4319810.143, 93
Trd, 4319810.943, 106
Trd, 4319811.793, 90
Trd, 4319812.993, 102
Trd, 4319814.343, 114
Trd, 4319814.693, 122
Trd, 4319815.643, 110
Trd, 4319818.293, 105
Trd, 4319818.943, 103
Trd, 4319820.493, 96
Trd, 4319820.843, 99
Trd, 4319821.093, 107
Trd, 4319822.093, 94
Trd, 4319822.943, 104
Trd, 4319823.393, 103
Trd, 4319824.543, 88
Trd, 4319824.943, 104
Trd, 4319826.743, 99
Trd, 4319828.693, 99
Trd, 4319829.293, 100
Trd, 4319831.743, 100
Trd, 4319831.893, 98
Trd, 4319832.393, 93
Trd, 4319834.443, 97
Trd, 4319835.193, 95
Trd, 4319836.643, 100
Trd, 4319837.043, 96
Trd, 4319837.943, 104
Trd, 4319838.493, 95
Trd, 4319840.043, 103
Trd, 4319841.643, 100
Trd, 4319843.643, 105
Trd, 4319843.993, 101
Trd, 4319844.193, 99
Trd, 4319846.293, 101
Trd, 4319846.943, 100
Trd, 4319849.543, 101
Trd, 4319850.393, 104
Trd, 4319851.193, 98
Trd, 4319852.443, 100
Trd, 4319853.293, 122
Trd, 4319853.493, 107
Trd, 4319855.693, 120
Trd, 4319856.093, 109
Trd, 4319856.693, 110
Trd, 4319858.293, 101
Trd, 4319858.343, 106
Trd, 4319860.643, 102
Trd, 4319861.393, 105
Trd, 4319861.443, 100
Trd, 4319864.293, 95
Trd, 4319865.443, 99
Trd, 4319867.243, 98
Trd, 4319867.743, 95
Trd, 4319868.993, 97
Trd, 4319870.093, 86
Trd, 4319871.143, 98
Trd, 4319871.593, 92
Trd, 4319872.593, 94
Trd, 4319874.793, 96
Trd, 4319876.243, 93
Trd, 4319876.643, 98
Trd, 4319878.093, 110
Trd, 4319878.293, 109
Trd, 4319880.643, 102
Trd, 4319881.293, 103
Trd, 4319881.843, 101
Trd, 4319882.093, 104
Trd, 4319882.793, 94
Trd, 4319883.993, 76
Trd, 4319886.543, 78
Trd, 4319887.243, 79
Trd, 4319888.593, 86
Trd, 4319890.093, 98
Trd, 4319890.393, 86
Trd, 4319891.543, 86
Trd, 4319894.243, 91
Trd, 4319894.393, 91
Trd, 4319894.893, 90
Trd, 4319894.993, 104
Trd, 4319897.293, 97
Trd, 4319898.493, 93
Trd, 4319899.493, 92
Trd, 4319901.143, 92
Trd, 4319903.543, 95
Trd, 4319903.793, 104
Trd, 4319904.543, 101
Trd, 4319906.293, 100
Trd, 4319906.893, 100
Trd, 4319908.993, 99
Trd, 4319909.993, 100
Trd, 4319911.043, 101
Trd, 4319911.293, 99
Trd, 4319911.443, 97
Trd, 4319914.093, 95
Trd, 4319915.343, 96
Trd, 4319917.393, 97
Trd, 4319918.543, 99
Trd, 4319919.443, 96
Trd, 4319920.143, 95
Trd, 4319920.393, 94
Trd, 4319921.893, 99
Trd, 4319922.143, 100
Trd, 4319925.243, 97
Trd, 4319925.543, 94
Trd, 4319925.993, 96
Trd, 4319927.443, 93
Trd, 4319930.143, 96
Trd, 4319930.993, 92
Trd, 4319932.093, 97
Trd, 4319932.243, 104
Trd, 4319936.493, 96
Trd, 4319936.593, 96
Trd, 4319938.193, 100
Trd, 4319939.193, 100
Trd, 4319939.943, 95
Trd, 4319939.993, 101
Trd, 4319942.593, 101
Trd, 4319944.693, 102
Trd, 4319944.943, 100
Trd, 4319944.993, 97
Trd, 4319945.943, 102
Trd, 4319946.443, 94
Trd, 4319948.693, 101
Trd, 4319949.793, 98
Trd, 4319951.193, 97
Trd, 4319952.743, 96
Trd, 4319954.093, 102
Trd, 4319954.693, 96
Trd, 4319956.193, 102
Trd, 4319956.693, 96
Trd, 4319957.643, 101
Trd, 4319958.793, 96
Trd, 4319959.093, 97
Trd, 4319961.643, 96
Trd, 4319961.943, 96
Trd, 4319962.793, 94
Trd, 4319963.393, 101
Trd, 4319965.293, 102
Trd, 4319965.893, 103
Trd, 4319967.043, 96
Trd, 4319967.493, 95
Trd, 4319970.843, 95
Trd, 4319970.893, 96
Trd, 4319970.993, 104
Trd, 4319974.793, 99
Trd, 4319976.493, 95
Trd, 4319977.343, 97
Trd, 4319977.443, 94
Trd, 4319978.093, 97
Trd, 4319979.493, 94
Trd, 4319983.343, 93
Trd, 4319983.843, 97
Trd, 4319985.493, 95
Trd, 4319985.693, 93
Trd, 4319985.893, 92
Trd, 4319987.143, 93
Trd, 4319987.243, 95
Trd, 4319988.743, 104
Trd, 4319990.843, 98
Trd, 4319992.193, 92
Trd, 4319995.343, 97
Trd, 4319995.443, 98
Trd, 4319995.893, 93
