Trd, 4317740.943, 86
Trd, 4317743.043, 83
Trd, 4317744.643, 82
Trd, 4317746.193, 89
Trd, 4317746.593, 86
Trd, 4317748.993, 88
Trd, 4317751.543, 87
Trd, 4317754.193, 87
Trd, 4317758.143, 85
Trd, 4317759.343, 86
Trd, 4317761.643, 84
Trd, 4317761.793, 86
Trd, 4317764.093, 86
Trd, 4317769.043, 83
Trd, 4317769.743, 86
Trd, 4317772.543, 86
Trd, 4317773.843, 86
Trd, 4317775.043, 83
Trd, 4317778.243, 85
Trd, 4317780.543, 85
Trd, 4317782.443, 86
Trd, 4317784.793, 86
Trd, 4317785.293, 84
Trd, 4317787.443, 86
Trd, 4317792.193, 87
Trd, 4317792.793, 87
Trd, 4317796.643, 87
Trd, 4317797.443, 87
Trd, 4317800.493, 87
Trd, 4317800.793, 85
Trd, 4317804.543, 87
Trd, 4317805.243, 87
Trd, 4317805.793, 85
Trd, 4317812.393, 87
Trd, 4317813.493, 87
Trd, 4317816.243, 84
Trd, 4317817.343, 87
Trd, 4317818.243, 87
Trd, 4317818.493, 83
Trd, 4317821.943, 85
Trd, 4317823.743, 85
Trd, 4317823.993, 86
Trd, 4317826.043, 85
Trd, 4317827.593, 85
Trd, 4317829.793, 83
Trd, 4317830.893, 83
Trd, 4317831.943, 85
Trd, 4317836.243, 87
Trd, 4317837.743, 85
Trd, 4317840.293, 86
Trd, 4317842.543, 83
Trd, 4317843.743, 85
Trd, 4317847.193, 85
Trd, 4317848.393, 83
Trd, 4317853.693, 86
Trd, 4317853.893, 84
Trd, 4317856.743, 86
Trd, 4317857.943, 85
Trd, 4317859.193, 84
Trd, 4317860.093, 96
Trd, 4317865.093, 83
Trd, 4317865.543, 87
Trd, 4317870.943, 86
Trd, 4317872.143, 86
Trd, 4317873.293, 83
Trd, 4317876.193, 86
Trd, 4317877.993, 83
Trd, 4317880.193, 86
Trd, 4317882.343, 86
Trd, 4317882.693, 86
Trd, 4317883.443, 82
Trd, 4317887.243, 86
Trd, 4317887.543, 84
Trd, 4317888.943, 86
Trd, 4317889.143, 85
Trd, 4317889.493, 84
Trd, 4317891.243, 96
Trd, 4317891.893, 94
Trd, 4317892.693, 94
Trd, 4317893.293, 94
Trd, 4317896.643, 93
Trd, 4317896.843, 93
Trd, 4317897.443, 95
Trd, 4317899.643, 92
Trd, 4317902.093, 95
Trd, 4317903.593, 95
Trd, 4317905.643, 92
Trd, 4317906.043, 95
Trd, 4317910.493, 94
Trd, 4317910.943, 94
Trd, 4317915.693, 93
Trd, 4317915.943, 93
Trd, 4317918.993, 93
Trd, 4317919.043, 113
Trd, 4317926.193, 97
Trd, 4317927.693, 94
Trd, 4317928.993, 91
Trd, 4317934.243, 94
Trd, 4317935.393, 93
Trd, 4317935.943, 91
Trd, 4317937.043, 93
Trd, 4317937.893, 93
Trd, 4317938.743, 90
Trd, 4317942.693, 92
Trd, 4317943.343, 90
Trd, 4317944.343, 92
Trd, 4317948.593, 92
Trd, 4317949.043, 90
Trd, 4317954.293, 91
Trd, 4317955.293, 90
Trd, 4317955.393, 87
Trd, 4317957.743, 87
Trd, 4317958.693, 86
Trd, 4317960.343, 88
Trd, 4317961.943, 87
Trd, 4317963.393, 95
Trd, 4317965.593, 88
Trd, 4317969.343, 89
Trd, 4317971.143, 89
Trd, 4317972.993, 87
Trd, 4317973.343, 95
Trd, 4317978.893, 91
Trd, 4317979.643, 91
Trd, 4317980.843, 92
Trd, 4317982.093, 87
Trd, 4317984.393, 85
Trd, 4317986.943, 88
Trd, 4317987.043, 88
Trd, 4317991.593, 87
Trd, 4317991.993, 85
Trd, 4317992.293, 87
Trd, 4317993.693, 87
Trd, 4317999.643, 87
Trd, 4318002.493, 87
Trd, 4318003.443, 84
Trd, 4318005.093, 87
Trd, 4318005.543, 87
Trd, 4318010.993, 86
Trd, 4318013.843, 86
Trd, 4318016.743, 86
Trd, 4318018.693, 83
Trd, 4318020.993, 86
Trd, 4318022.043, 82
Trd, 4318024.543, 86
Trd, 4318024.693, 86
Trd, 4318025.893, 96
Trd, 4318026.293, 93
Trd, 4318028.543, 94
Trd, 4318028.943, 95
Trd, 4318028.993, 85
Trd, 4318029.393, 97
Trd, 4318031.993, 98
Trd, 4318032.393, 113
Trd, 4318033.243, 127
Trd, 4318034.043, 118
Trd, 4318034.243, 75
Trd, 4318038.193, 91
Trd, 4318038.893, 90
Trd, 4318039.093, 96
Trd, 4318040.493, 95
Trd, 4318042.343, 95
Trd, 4318042.843, 95
Trd, 4318044.893, 94
Trd, 4318045.043, 95
Trd, 4318047.343, 95
Trd, 4318047.793, 95
Trd, 4318049.343, 94
Trd, 4318051.143, 96
Trd, 4318052.743, 96
Trd, 4318052.843, 93
Trd, 4318055.343, 69
Trd, 4318056.293, 82
Trd, 4318057.493, 85
Trd, 4318059.543, 95
Trd, 4318066.393, 87
Trd, 4318066.493, 86
Trd, 4318067.793, 87
Trd, 4318069.143, 87
Trd, 4318069.593, 93
Trd, 4318070.393, 91
Trd, 4318072.043, 96
Trd, 4318072.943, 94
Trd, 4318079.193, 92
Trd, 4318079.243, 91
Trd, 4318080.593, 90
Trd, 4318081.993, 95
Trd, 4318083.993, 93
Trd, 4318084.193, 90
Trd, 4318084.643, 93
Trd, 4318089.143, 92
Trd, 4318090.443, 91
Trd, 4318092.743, 91
Trd, 4318096.043, 90
Trd, 4318097.943, 91
Trd, 4318098.043, 91
Trd, 4318103.643, 89
Trd, 4318105.543, 90
Trd, 4318105.993, 88
Trd, 4318106.693, 90
Trd, 4318108.843, 90
Trd, 4318111.443, 88
Trd, 4318114.143, 90
Trd, 4318117.493, 87
Trd, 4318117.843, 90
Trd, 4318120.793, 89
Trd, 4318124.093, 90
Trd, 4318128.693, 88
Trd, 4318129.893, 87
Trd, 4318131.043, 87
Trd, 4318132.193, 88
Trd, 4318133.393, 87
Trd, 4318134.293, 86
Trd, 4318134.593, 95
Trd, 4318136.543, 88
Trd, 4318137.093, 85
Trd, 4318142.643, 85
Trd, 4318145.593, 86
Trd, 4318145.693, 86
Trd, 4318148.193, 86
Trd, 4318148.343, 85
Trd, 4318148.893, 86
Trd, 4318150.893, 95
Trd, 4318154.593, 88
Trd, 4318157.543, 87
Trd, 4318159.293, 87
Trd, 4318160.593, 85
Trd, 4318161.793, 88
Trd, 4318167.693, 87
Trd, 4318168.393, 87
Trd, 4318169.943, 85
Trd, 4318173.343, 84
Trd, 4318175.793, 86
Trd, 4318176.193, 87
Trd, 4318178.843, 86
Trd, 4318180.243, 86
Trd, 4318181.293, 86
Trd, 4318182.693, 83
Trd, 4318186.443, 86
Trd, 4318187.993, 86
Trd, 4318190.143, 86
Trd, 4318190.893, 95
Trd, 4318193.493, 83
Trd, 4318196.193, 82
Trd, 4318200.143, 86
Trd, 4318201.043, 86
Trd, 4318201.993, 95
Trd, 4318203.743, 92
Trd, 4318204.393, 92
Trd, 4318204.793, 104
Trd, 4318208.243, 93
Trd, 4318210.293, 93
Trd, 4318210.393, 92
Trd, 4318211.993, 95
Trd, 4318214.243, 95
Trd, 4318215.943, 92
Trd, 4318224.643, 94
Trd, 4318225.193, 94
Trd, 4318225.393, 91
Trd, 4318227.593, 94
Trd, 4318229.393, 91
Trd, 4318230.293, 93
Trd, 4318235.493, 92
Trd, 4318239.143, 92
Trd, 4318241.093, 90
Trd, 4318243.893, 91
Trd, 4318249.143, 89
Trd, 4318249.793, 91
Trd, 4318250.343, 91
Trd, 4318253.643, 88
Trd, 4318254.043, 90
Trd, 4318257.793, 89
Trd, 4318260.043, 89
Trd, 4318263.243, 88
Trd, 4318264.593, 89
Trd, 4318266.343, 90
Trd, 4318267.143, 95
Trd, 4318268.343, 103
Trd, 4318268.643, 100
Trd, 4318269.393, 87
Trd, 4318270.693, 96
Trd, 4318271.743, 95
Trd, 4318273.393, 95
Trd, 4318274.793, 97
Trd, 4318277.893, 95
Trd, 4318279.743, 96
Trd, 4318283.243, 95
Trd, 4318283.543, 95
Trd, 4318284.393, 97
Trd, 4318285.443, 94
Trd, 4318288.443, 96
Trd, 4318292.243, 96
Trd, 4318300.443, 92
Trd, 4318302.043, 95
Trd, 4318303.243, 94
Trd, 4318303.543, 93
Trd, 4318307.743, 93
Trd, 4318313.543, 91
Trd, 4318316.793, 93
Trd, 4318321.543, 93
Trd, 4318322.343, 92
Trd, 4318324.843, 92
Trd, 4318326.493, 91
Trd, 4318327.893, 90
Trd, 4318328.693, 91
Trd, 4318328.943, 91
Trd, 4318332.643, 91
Trd, 4318335.293, 91
Trd, 4318336.843, 89
Trd, 4318338.743, 92
Trd, 4318338.943, 88
Trd, 4318346.043, 88
Trd, 4318346.243, 90
Trd, 4318352.343, 89
Trd, 4318353.643, 90
Trd, 4318355.993, 90
Trd, 4318361.543, 89
Trd, 4318362.793, 91
Trd, 4318365.843, 90
Trd, 4318368.293, 88
Trd, 4318368.643, 89
Trd, 4318371.193, 89
Trd, 4318371.443, 89
Trd, 4318372.293, 87
Trd, 4318381.543, 89
Trd, 4318382.093, 89
Trd, 4318383.243, 89
Trd, 4318388.193, 87
Trd, 4318390.793, 88
Trd, 4318392.243, 86
Trd, 4318393.593, 88
Trd, 4318394.093, 112
Trd, 4318396.093, 104
Trd, 4318396.393, 101
Trd, 4318397.493, 104
Trd, 4318398.543, 103
Trd, 4318402.093, 100
Trd, 4318403.093, 104
Trd, 4318406.093, 99
Trd, 4318409.643, 100
Trd, 4318409.993, 99
Trd, 4318410.593, 94
Trd, 4318416.693, 100
Trd, 4318419.393, 100
Trd, 4318423.443, 99
Trd, 4318423.893, 98
Trd, 4318424.243, 97
Trd, 4318424.693, 98
Trd, 4318426.893, 97
Trd, 4318429.743, 98
Trd, 4318430.193, 100
Trd, 4318431.143, 98
Trd, 4318432.993, 96
Trd, 4318434.143, 98
Trd, 4318436.693, 98
Trd, 4318442.043, 98
Trd, 4318447.243, 99
Trd, 4318447.943, 97
Trd, 4318450.843, 98
Trd, 4318450.943, 97
Trd, 4318450.993, 98
Trd, 4318452.543, 98
Trd, 4318453.643, 98
Trd, 4318454.043, 114
Trd, 4318454.843, 94
Trd, 4318457.043, 94
Trd, 4318458.343, 86
Trd, 4318459.243, 88
Trd, 4318460.043, 88
Trd, 4318460.893, 87
Trd, 4318463.043, 87
Trd, 4318463.093, 86
Trd, 4318465.493, 87
Trd, 4318466.343, 106
Trd, 4318467.293, 96
Trd, 4318469.393, 97
Trd, 4318469.893, 95
Trd, 4318472.993, 94
Trd, 4318476.693, 94
Trd, 4318477.043, 93
Trd, 4318478.443, 93
Trd, 4318478.843, 92
Trd, 4318480.793, 94
Trd, 4318481.543, 94
Trd, 4318485.843, 94
Trd, 4318487.393, 95
Trd, 4318489.993, 92
Trd, 4318491.543, 94
Trd, 4318493.993, 91
Trd, 4318495.343, 93
Trd, 4318499.143, 93
Trd, 4318506.093, 90
Trd, 4318506.143, 92
Trd, 4318511.993, 92
Trd, 4318512.393, 91
Trd, 4318515.993, 89
Trd, 4318520.943, 88
Trd, 4318521.293, 91
Trd, 4318521.893, 88
Trd, 4318522.493, 91
Trd, 4318525.443, 91
Trd, 4318527.343, 95
Trd, 4318532.693, 90
Trd, 4318535.043, 87
Trd, 4318537.693, 87
Trd, 4318539.443, 90
Trd, 4318539.793, 86
Trd, 4318540.343, 90
Trd, 4318541.493, 90
Trd, 4318545.343, 87
Trd, 4318545.893, 86
Trd, 4318547.343, 85
Trd, 4318548.243, 86
Trd, 4318550.843, 86
Trd, 4318551.043, 87
Trd, 4318553.043, 95
Trd, 4318553.693, 92
Trd, 4318555.693, 99
Trd, 4318556.293, 102
Trd, 4318557.093, 99
Trd, 4318558.243, 97
Trd, 4318559.243, 99
Trd, 4318559.893, 94
Trd, 4318561.443, 96
Trd, 4318562.393, 94
Trd, 4318563.193, 96
Trd, 4318565.393, 99
Trd, 4318565.893, 97
Trd, 4318566.293, 94
Trd, 4318566.443, 98
Trd, 4318567.843, 109
Trd, 4318569.793, 94
Trd, 4318572.693, 100
Trd, 4318583.343, 98
Trd, 4318583.393, 95
Trd, 4318585.943, 98
Trd, 4318587.893, 94
Trd, 4318594.193, 98
Trd, 4318594.243, 98
Trd, 4318599.743, 96
Trd, 4318602.043, 97
Trd, 4318602.793, 97
Trd, 4318609.943, 96
Trd, 4318610.343, 95
Trd, 4318613.643, 95
Trd, 4318614.293, 94
Trd, 4318614.343, 96
Trd, 4318615.443, 94
Trd, 4318617.293, 93
Trd, 4318619.293, 95
Trd, 4318619.693, 92
Trd, 4318620.043, 95
Trd, 4318623.393, 91
Trd, 4318625.193, 94
Trd, 4318628.243, 90
Trd, 4318630.893, 93
Trd, 4318630.943, 89
Trd, 4318633.243, 93
Trd, 4318635.993, 88
Trd, 4318640.343, 91
Trd, 4318640.393, 91
Trd, 4318643.143, 91
Trd, 4318643.793, 88
Trd, 4318644.543, 90
Trd, 4318645.293, 87
Trd, 4318649.343, 90
Trd, 4318650.793, 87
Trd, 4318654.093, 91
Trd, 4318657.993, 86
Trd, 4318658.743, 89
Trd, 4318658.993, 95
Trd, 4318660.093, 110
Trd, 4318660.143, 95
Trd, 4318661.493, 114
Trd, 4318663.243, 106
Trd, 4318663.643, 97
Trd, 4318668.093, 101
Trd, 4318669.293, 100
Trd, 4318669.443, 97
Trd, 4318673.393, 97
Trd, 4318674.093, 100
Trd, 4318675.793, 99
Trd, 4318678.243, 99
Trd, 4318679.193, 96
Trd, 4318680.943, 98
Trd, 4318681.443, 99
Trd, 4318685.843, 96
Trd, 4318690.643, 96
Trd, 4318690.893, 98
Trd, 4318695.143, 96
Trd, 4318695.743, 97
Trd, 4318697.193, 97
Trd, 4318697.443, 97
Trd, 4318697.643, 93
Trd, 4318705.143, 96
Trd, 4318705.343, 94
Trd, 4318707.293, 96
Trd, 4318708.693, 96
Trd, 4318711.893, 95
Trd, 4318712.143, 94
Trd, 4318712.393, 95
Trd, 4318713.293, 93
Trd, 4318715.893, 92
Trd, 4318717.043, 95
Trd, 4318718.793, 92
Trd, 4318719.593, 95
Trd, 4318721.343, 95
Trd, 4318724.143, 91
Trd, 4318725.093, 94
Trd, 4318726.243, 91
Trd, 4318729.493, 93
Trd, 4318730.493, 92
Trd, 4318735.643, 92
Trd, 4318735.843, 91
Trd, 4318738.443, 92
Trd, 4318742.293, 91
Trd, 4318742.993, 90
Trd, 4318743.643, 90
Trd, 4318746.293, 89
Trd, 4318752.193, 90
Trd, 4318753.193, 90
Trd, 4318754.943, 90
Trd, 4318755.043, 89
Trd, 4318756.643, 89
Trd, 4318757.993, 91
Trd, 4318761.093, 88
Trd, 4318768.543, 90
Trd, 4318771.193, 90
Trd, 4318772.893, 88
Trd, 4318772.993, 89
Trd, 4318774.443, 100
Trd, 4318775.293, 96
Trd, 4318776.493, 96
Trd, 4318778.393, 95
Trd, 4318778.793, 94
Trd, 4318779.093, 96
Trd, 4318779.743, 95
Trd, 4318780.843, 94
Trd, 4318781.643, 97
Trd, 4318786.943, 94
Trd, 4318787.843, 96
Trd, 4318787.993, 96
Trd, 4318788.743, 94
Trd, 4318796.443, 94
Trd, 4318797.043, 95
Trd, 4318799.043, 95
Trd, 4318802.443, 95
Trd, 4318805.443, 95
Trd, 4318807.543, 95
Trd, 4318808.393, 95
Trd, 4318810.243, 94
Trd, 4318811.893, 93
Trd, 4318814.143, 95
Trd, 4318814.643, 93
Trd, 4318819.843, 94
Trd, 4318822.043, 92
Trd, 4318824.043, 94
Trd, 4318825.793, 91
Trd, 4318827.093, 94
Trd, 4318829.143, 93
Trd, 4318829.193, 95
Trd, 4318831.593, 99
Trd, 4318831.943, 98
Trd, 4318833.193, 98
Trd, 4318835.343, 97
Trd, 4318835.793, 96
Trd, 4318836.243, 90
Trd, 4318836.543, 91
Trd, 4318836.943, 81
Trd, 4318838.793, 86
Trd, 4318840.443, 90
Trd, 4318841.343, 88
Trd, 4318841.693, 96
Trd, 4318843.143, 91
Trd, 4318849.943, 90
Trd, 4318851.143, 89
Trd, 4318852.393, 88
Trd, 4318853.143, 90
Trd, 4318854.243, 88
Trd, 4318858.443, 90
Trd, 4318858.843, 87
Trd, 4318862.393, 90
Trd, 4318862.993, 90
Trd, 4318864.793, 90
Trd, 4318866.643, 90
Trd, 4318868.843, 90
Trd, 4318872.843, 89
Trd, 4318874.193, 88
Trd, 4318875.193, 95
Trd, 4318877.543, 90
Trd, 4318880.943, 88
Trd, 4318884.493, 90
Trd, 4318885.443, 90
Trd, 4318886.643, 90
Trd, 4318887.893, 87
Trd, 4318888.643, 91
Trd, 4318891.643, 88
Trd, 4318894.943, 90
Trd, 4318895.793, 90
Trd, 4318898.693, 88
Trd, 4318898.743, 89
Trd, 4318900.293, 89
Trd, 4318903.443, 90
Trd, 4318905.743, 90
Trd, 4318911.193, 90
Trd, 4318911.493, 88
Trd, 4318915.843, 89
Trd, 4318916.393, 89
Trd, 4318919.293, 87
Trd, 4318919.743, 95
Trd, 4318921.443, 90
Trd, 4318922.543, 87
Trd, 4318923.993, 91
Trd, 4318927.093, 90
Trd, 4318928.693, 90
Trd, 4318931.893, 90
Trd, 4318934.043, 90
Trd, 4318938.993, 86
Trd, 4318940.493, 89
Trd, 4318941.793, 89
Trd, 4318943.193, 89
Trd, 4318943.343, 86
Trd, 4318943.893, 87
Trd, 4318944.293, 86
Trd, 4318945.393, 86
Trd, 4318948.293, 87
Trd, 4318951.693, 85
Trd, 4318952.693, 87
Trd, 4318956.343, 87
Trd, 4318957.993, 84
Trd, 4318959.343, 87
Trd, 4318963.843, 87
Trd, 4318964.393, 84
Trd, 4318967.593, 87
Trd, 4318969.643, 83
Trd, 4318971.043, 86
Trd, 4318973.743, 86
Trd, 4318975.193, 108
Trd, 4318976.793, 83
Trd, 4318979.193, 96
Trd, 4318980.993, 97
Trd, 4318983.793, 98
Trd, 4318995.793, 91
Trd, 4318995.993, 94
Trd, 4318998.993, 93
Trd, 4319000.543, 91
Trd, 4319002.093, 93
Trd, 4319002.543, 90
Trd, 4319008.943, 91
Trd, 4319011.493, 91
Trd, 4319011.693, 91
Trd, 4319013.893, 90
Trd, 4319017.393, 88
Trd, 4319019.593, 91
Trd, 4319020.743, 88
Trd, 4319021.043, 91
Trd, 4319027.543, 90
Trd, 4319028.193, 87
Trd, 4319028.443, 89
Trd, 4319028.993, 90
Trd, 4319033.793, 89
Trd, 4319034.543, 89
Trd, 4319040.843, 87
Trd, 4319044.143, 89
Trd, 4319046.093, 88
Trd, 4319050.443, 88
Trd, 4319055.393, 88
Trd, 4319057.443, 87
Trd, 4319057.743, 88
Trd, 4319058.243, 88
Trd, 4319061.743, 86
Trd, 4319064.143, 89
Trd, 4319065.543, 88
Trd, 4319068.643, 88
Trd, 4319069.193, 86
Trd, 4319069.893, 87
Trd, 4319070.143, 95
Trd, 4319073.093, 89
Trd, 4319078.143, 90
Trd, 4319078.543, 89
Trd, 4319079.293, 90
Trd, 4319080.643, 89
Trd, 4319082.393, 90
Trd, 4319088.793, 88
Trd, 4319091.943, 89
Trd, 4319092.293, 86
Trd, 4319092.743, 87
Trd, 4319093.093, 86
Trd, 4319093.393, 86
Trd, 4319095.143, 87
Trd, 4319095.293, 103
Trd, 4319098.343, 94
Trd, 4319098.643, 93
Trd, 4319101.443, 93
Trd, 4319103.343, 92
Trd, 4319105.143, 92
Trd, 4319105.443, 91
Trd, 4319105.643, 93
Trd, 4319106.393, 95
Trd, 4319109.043, 93
Trd, 4319110.893, 94
Trd, 4319112.643, 90
Trd, 4319119.343, 92
Trd, 4319119.943, 91
Trd, 4319120.893, 90
Trd, 4319121.793, 89
Trd, 4319127.843, 89
Trd, 4319129.243, 91
Trd, 4319130.743, 91
Trd, 4319131.443, 92
Trd, 4319136.043, 88
Trd, 4319140.043, 91
Trd, 4319141.043, 88
Trd, 4319142.593, 88
Trd, 4319143.743, 91
Trd, 4319145.793, 88
Trd, 4319154.643, 87
Trd, 4319155.643, 90
Trd, 4319157.543, 90
Trd, 4319159.393, 90
Trd, 4319159.643, 86
Trd, 4319162.293, 89
Trd, 4319165.193, 89
Trd, 4319167.693, 85
Trd, 4319169.493, 89
Trd, 4319171.743, 88
Trd, 4319175.493, 87
Trd, 4319177.643, 83
Trd, 4319183.993, 87
Trd, 4319184.793, 87
Trd, 4319186.893, 83
Trd, 4319190.843, 86
Trd, 4319191.843, 86
Trd, 4319194.843, 83
Trd, 4319197.543, 85
Trd, 4319197.593, 85
Trd, 4319200.493, 85
Trd, 4319203.593, 85
Trd, 4319203.943, 86
Trd, 4319206.793, 86
Trd, 4319208.693, 83
Trd, 4319210.993, 86
Trd, 4319215.843, 86
Trd, 4319216.593, 86
Trd, 4319216.943, 84
Trd, 4319219.643, 85
Trd, 4319224.093, 85
Trd, 4319225.543, 85
Trd, 4319227.393, 85
Trd, 4319227.993, 84
Trd, 4319231.043, 86
Trd, 4319232.343, 95
Trd, 4319232.643, 89
Trd, 4319234.843, 93
Trd, 4319235.043, 93
Trd, 4319236.343, 92
Trd, 4319238.143, 93
Trd, 4319242.243, 93
Trd, 4319244.943, 93
Trd, 4319249.693, 91
Trd, 4319250.393, 93
Trd, 4319251.943, 93
Trd, 4319252.843, 95
Trd, 4319256.293, 91
Trd, 4319262.843, 94
Trd, 4319266.643, 93
Trd, 4319266.943, 92
Trd, 4319267.693, 92
Trd, 4319269.043, 92
Trd, 4319270.243, 92
Trd, 4319273.793, 95
Trd, 4319277.893, 92
Trd, 4319278.043, 91
Trd, 4319278.293, 91
Trd, 4319279.193, 91
Trd, 4319280.743, 91
Trd, 4319286.093, 90
Trd, 4319287.343, 90
Trd, 4319287.693, 91
Trd, 4319288.243, 91
Trd, 4319289.893, 91
Trd, 4319292.893, 89
Trd, 4319296.343, 91
Trd, 4319296.543, 88
Trd, 4319296.743, 91
Trd, 4319301.043, 91
Trd, 4319302.043, 90
Trd, 4319302.443, 87
Trd, 4319307.243, 86
Trd, 4319310.143, 90
Trd, 4319310.543, 90
Trd, 4319312.393, 90
Trd, 4319317.093, 90
Trd, 4319318.193, 85
Trd, 4319318.693, 90
Trd, 4319320.543, 93
Trd, 4319321.193, 92
Trd, 4319322.343, 90
Trd, 4319326.443, 92
Trd, 4319326.743, 92
Trd, 4319334.193, 92
Trd, 4319336.093, 92
Trd, 4319342.743, 90
Trd, 4319343.543, 91
Trd, 4319344.093, 91
Trd, 4319344.593, 90
Trd, 4319348.043, 90
Trd, 4319348.143, 90
Trd, 4319348.493, 95
Trd, 4319350.743, 89
Trd, 4319350.893, 93
Trd, 4319358.343, 92
Trd, 4319359.193, 92
Trd, 4319364.343, 88
Trd, 4319364.843, 92
Trd, 4319364.893, 92
Trd, 4319371.443, 88
Trd, 4319374.443, 92
Trd, 4319375.143, 92
Trd, 4319378.793, 91
Trd, 4319380.393, 87
Trd, 4319380.943, 87
Trd, 4319383.993, 90
Trd, 4319386.043, 89
Trd, 4319390.293, 89
Trd, 4319391.093, 86
Trd, 4319394.293, 85
Trd, 4319396.993, 88
Trd, 4319397.143, 87
Trd, 4319401.143, 85
Trd, 4319402.343, 86
Trd, 4319402.643, 86
Trd, 4319406.343, 86
Trd, 4319407.193, 85
Trd, 4319408.093, 87
Trd, 4319408.393, 84
Trd, 4319412.543, 84
Trd, 4319412.643, 86
Trd, 4319415.493, 87
Trd, 4319416.193, 88
Trd, 4319416.543, 85
Trd, 4319418.293, 88
Trd, 4319421.793, 88
Trd, 4319423.793, 86
Trd, 4319424.593, 86
Trd, 4319424.693, 88
Trd, 4319426.493, 88
Trd, 4319431.993, 85
Trd, 4319434.543, 87
Trd, 4319435.393, 87
Trd, 4319436.143, 87
Trd, 4319436.343, 87
Trd, 4319440.243, 84
Trd, 4319442.393, 95
Trd, 4319444.543, 88
Trd, 4319446.243, 88
Trd, 4319449.343, 85
Trd, 4319449.443, 84
Trd, 4319450.543, 85
Trd, 4319452.243, 83
Trd, 4319452.643, 85
Trd, 4319455.443, 95
Trd, 4319456.543, 87
Trd, 4319458.993, 86
Trd, 4319460.043, 89
Trd, 4319462.093, 88
Trd, 4319466.443, 88
Trd, 4319466.693, 88
Trd, 4319468.193, 88
Trd, 4319469.643, 88
Trd, 4319472.243, 89
Trd, 4319473.443, 89
Trd, 4319474.843, 89
Trd, 4319475.693, 87
Trd, 4319478.293, 89
Trd, 4319484.393, 89
Trd, 4319484.743, 89
Trd, 4319484.943, 88
Trd, 4319485.293, 88
Trd, 4319488.843, 88
Trd, 4319489.493, 88
Trd, 4319493.393, 88
Trd, 4319494.543, 89
Trd, 4319497.293, 87
Trd, 4319499.643, 88
Trd, 4319501.343, 88
Trd, 4319504.093, 88
Trd, 4319511.843, 88
Trd, 4319515.943, 88
Trd, 4319516.743, 87
Trd, 4319519.793, 88
Trd, 4319519.943, 87
Trd, 4319521.043, 88
Trd, 4319521.793, 88
Trd, 4319525.243, 87
Trd, 4319525.743, 88
Trd, 4319526.493, 88
Trd, 4319530.193, 86
Trd, 4319531.093, 87
Trd, 4319533.693, 87
Trd, 4319534.593, 87
Trd, 4319534.943, 86
Trd, 4319537.593, 87
Trd, 4319541.393, 85
Trd, 4319543.893, 85
Trd, 4319544.143, 87
Trd, 4319549.693, 86
Trd, 4319553.343, 86
Trd, 4319555.243, 84
Trd, 4319557.993, 86
Trd, 4319560.943, 83
Trd, 4319562.393, 85
Trd, 4319563.893, 82
Trd, 4319568.393, 82
Trd, 4319569.143, 85
Trd, 4319569.593, 84
Trd, 4319571.243, 95
Trd, 4319577.543, 82
Trd, 4319578.593, 85
Trd, 4319582.143, 86
Trd, 4319582.543, 86
Trd, 4319583.993, 84
Trd, 4319584.143, 86
Trd, 4319588.943, 87
Trd, 4319589.943, 86
Trd, 4319591.143, 86
Trd, 4319592.543, 87
Trd, 4319594.393, 88
Trd, 4319595.843, 95
Trd, 4319596.993, 93
Trd, 4319598.093, 95
Trd, 4319598.843, 93
Trd, 4319600.693, 75
Trd, 4319602.693, 93
Trd, 4319604.593, 89
Trd, 4319613.743, 91
Trd, 4319613.793, 91
Trd, 4319619.793, 89
Trd, 4319620.193, 90
Trd, 4319621.643, 89
Trd, 4319624.093, 90
Trd, 4319629.493, 88
Trd, 4319630.043, 89
Trd, 4319631.443, 87
Trd, 4319634.593, 89
Trd, 4319635.093, 88
Trd, 4319637.743, 88
Trd, 4319638.543, 88
Trd, 4319640.243, 87
Trd, 4319642.893, 88
Trd, 4319642.943, 95
Trd, 4319643.843, 87
Trd, 4319646.743, 90
Trd, 4319649.043, 87
Trd, 4319650.243, 90
Trd, 4319655.793, 90
Trd, 4319657.093, 87
Trd, 4319659.243, 90
Trd, 4319660.393, 86
Trd, 4319661.193, 90
Trd, 4319664.243, 86
Trd, 4319668.643, 85
Trd, 4319669.943, 90
Trd, 4319670.993, 85
Trd, 4319671.743, 90
Trd, 4319672.293, 91
Trd, 4319674.293, 95
Trd, 4319680.643, 91
Trd, 4319683.093, 86
Trd, 4319685.443, 89
Trd, 4319687.493, 89
Trd, 4319689.293, 85
Trd, 4319689.893, 88
Trd, 4319691.493, 89
Trd, 4319693.843, 89
Trd, 4319694.743, 84
Trd, 4319698.343, 87
Trd, 4319699.593, 87
Trd, 4319704.043, 86
Trd, 4319705.443, 86
Trd, 4319706.193, 85
Trd, 4319708.993, 83
Trd, 4319712.093, 86
Trd, 4319713.293, 83
Trd, 4319716.893, 86
Trd, 4319717.243, 86
Trd, 4319717.343, 83
Trd, 4319717.643, 86
Trd, 4319719.193, 86
Trd, 4319723.393, 86
Trd, 4319724.343, 86
Trd, 4319725.593, 86
Trd, 4319727.143, 85
Trd, 4319728.993, 95
Trd, 4319729.193, 91
Trd, 4319729.443, 92
Trd, 4319732.193, 92
Trd, 4319733.343, 96
Trd, 4319736.443, 92
Trd, 4319738.943, 91
Trd, 4319739.093, 93
Trd, 4319742.893, 90
Trd, 4319742.943, 92
Trd, 4319744.193, 92
Trd, 4319749.093, 91
Trd, 4319749.443, 89
Trd, 4319752.143, 91
Trd, 4319755.143, 91
Trd, 4319756.093, 91
Trd, 4319756.993, 88
Trd, 4319763.043, 90
Trd, 4319764.493, 90
Trd, 4319765.693, 95
Trd, 4319770.243, 90
Trd, 4319770.543, 90
Trd, 4319771.193, 89
Trd, 4319780.393, 90
Trd, 4319781.693, 90
Trd, 4319783.243, 89
Trd, 4319784.793, 87
Trd, 4319784.893, 88
Trd, 4319789.843, 86
Trd, 4319793.143, 89
Trd, 4319795.243, 86
Trd, 4319795.793, 88
Trd, 4319798.543, 87
Trd, 4319801.643, 87
Trd, 4319802.343, 87
Trd, 4319803.193, 87
Trd, 4319804.093, 85
Trd, 4319808.993, 86
Trd, 4319809.393, 84
Trd, 4319810.293, 85
Trd, 4319814.793, 84
Trd, 4319815.343, 85
Trd, 4319818.093, 85
Trd, 4319820.443, 86
Trd, 4319822.093, 87
Trd, 4319826.393, 83
Trd, 4319826.943, 86
Trd, 4319828.793, 86
Trd, 4319831.143, 86
Trd, 4319834.293, 86
Trd, 4319834.993, 95
Trd, 4319842.993, 86
Trd, 4319843.393, 84
Trd, 4319845.993, 86
Trd, 4319848.193, 86
Trd, 4319849.693, 86
Trd, 4319851.943, 86
Trd, 4319853.043, 84
Trd, 4319857.943, 86
Trd, 4319860.393, 85
Trd, 4319860.443, 86
Trd, 4319862.593, 87
Trd, 4319863.543, 83
Trd, 4319865.293, 86
Trd, 4319867.393, 89
Trd, 4319867.893, 87
Trd, 4319868.643, 95
Trd, 4319869.743, 101
Trd, 4319870.993, 100
Trd, 4319872.093, 94
Trd, 4319872.443, 96
Trd, 4319874.943, 103
Trd, 4319875.493, 100
Trd, 4319877.593, 100
Trd, 4319879.043, 99
Trd, 4319879.343, 98
Trd, 4319881.793, 97
Trd, 4319884.143, 98
Trd, 4319884.243, 97
Trd, 4319884.443, 97
Trd, 4319887.643, 97
Trd, 4319889.743, 96
Trd, 4319893.093, 95
Trd, 4319893.243, 98
Trd, 4319896.393, 96
Trd, 4319898.893, 96
Trd, 4319904.493, 95
Trd, 4319904.893, 94
Trd, 4319904.943, 93
Trd, 4319905.393, 95
Trd, 4319907.893, 94
Trd, 4319908.693, 93
Trd, 4319911.693, 92
Trd, 4319913.643, 94
Trd, 4319917.643, 94
Trd, 4319919.193, 94
Trd, 4319921.443, 95
Trd, 4319921.493, 91
Trd, 4319922.993, 95
Trd, 4319924.943, 95
Trd, 4319926.993, 94
Trd, 4319929.543, 93
Trd, 4319930.993, 95
Trd, 4319932.143, 92
Trd, 4319932.393, 92
Trd, 4319934.093, 95
Trd, 4319936.143, 95
Trd, 4319938.143, 92
Trd, 4319940.443, 94
Trd, 4319942.893, 91
Trd, 4319944.393, 94
Trd, 4319946.143, 94
Trd, 4319946.343, 94
Trd, 4319953.193, 90
Trd, 4319954.293, 91
Trd, 4319954.743, 90
Trd, 4319956.093, 95
Trd, 4319956.393, 93
Trd, 4319956.693, 112
Trd, 4319958.293, 96
Trd, 4319959.493, 94
Trd, 4319961.143, 96
Trd, 4319962.843, 96
Trd, 4319963.143, 95
Trd, 4319966.243, 94
Trd, 4319968.693, 96
Trd, 4319969.943, 96
Trd, 4319970.843, 93
Trd, 4319972.043, 92
Trd, 4319974.793, 91
Trd, 4319975.193, 91
Trd, 4319975.843, 91
Trd, 4319975.993, 92
Trd, 4319978.093, 92
Trd, 4319978.693, 92
Trd, 4319978.743, 95
Trd, 4319984.043, 93
Trd, 4319984.993, 92
Trd, 4319987.393, 92
Trd, 4319988.243, 91
Trd, 4319988.443, 93
Trd, 4319989.793, 91
Trd, 4319995.093, 90
Trd, 4319995.893, 92
Trd, 4319998.693, 91
