Trd, 4317869.343, 92
Trd, 4317870.193, 92
Trd, 4317871.193, 101
Trd, 4317873.993, 104
Trd, 4317874.743, 99
Trd, 4317876.643, 98
Trd, 4317878.693, 97
Trd, 4317879.293, 97
Trd, 4317881.293, 94
Trd, 4317881.543, 95
Trd, 4317882.093, 96
Trd, 4317882.993, 95
Trd, 4317886.943, 105
Trd, 4317886.993, 102
Trd, 4317888.893, 100
Trd, 4317889.343, 99
Trd, 4317889.693, 100
Trd, 4317892.093, 114
Trd, 4317894.343, 98
Trd, 4317896.043, 99
Trd, 4317896.943, 97
Trd, 4317897.293, 97
Trd, 4317899.393, 95
Trd, 4317899.443, 96
Trd, 4317902.893, 96
Trd, 4317903.493, 96
Trd, 4317904.243, 97
Trd, 4317906.793, 96
Trd, 4317906.893, 97
Trd, 4317908.943, 95
Trd, 4317909.543, 96
Trd, 4317912.343, 95
Trd, 4317913.393, 92
Trd, 4317913.843, 94
Trd, 4317914.043, 93
Trd, 4317916.193, 93
Trd, 4317916.793, 94
Trd, 4317918.943, 94
Trd, 4317921.593, 92
Trd, 4317922.143, 92
Trd, 4317922.693, 93
Trd, 4317925.243, 93
Trd, 4317926.143, 91
Trd, 4317928.143, 93
Trd, 4317928.793, 93
Trd, 4317930.243, 93
Trd, 4317931.443, 95
Trd, 4317933.493, 92
Trd, 4317934.543, 92
Trd, 4317935.393, 93
Trd, 4317936.943, 92
Trd, 4317937.093, 95
Trd, 4317937.293, 95
Trd, 4317939.493, 95
Trd, 4317941.293, 96
Trd, 4317941.543, 96
Trd, 4317942.993, 100
Trd, 4317944.293, 97
Trd, 4317948.393, 96
Trd, 4317948.543, 95
Trd, 4317949.093, 99
Trd, 4317950.343, 97
Trd, 4317952.593, 94
Trd, 4317953.843, 89
Trd, 4317954.793, 90
Trd, 4317954.843, 102
Trd, 4317955.893, 111
Trd, 4317957.243, 96
Trd, 4317959.843, 95
Trd, 4317960.743, 95
Trd, 4317961.243, 96
Trd, 4317962.343, 95
Trd, 4317962.893, 95
Trd, 4317965.743, 98
Trd, 4317965.943, 98
Trd, 4317967.743, 98
Trd, 4317969.243, 96
Trd, 4317971.393, 95
Trd, 4317971.443, 96
Trd, 4317972.493, 96
Trd, 4317975.793, 95
Trd, 4317976.193, 94
Trd, 4317977.243, 92
Trd, 4317978.543, 97
Trd, 4317980.643, 93
Trd, 4317981.143, 96
Trd, 4317982.243, 96
Trd, 4317983.143, 94
Trd, 4317984.143, 94
Trd, 4317986.193, 93
Trd, 4317987.543, 94
Trd, 4317987.943, 95
Trd, 4317989.393, 95
Trd, 4317989.993, 94
Trd, 4317991.143, 93
Trd, 4317991.693, 93
Trd, 4317993.793, 95
Trd, 4317994.543, 95
Trd, 4317995.293, 104
Trd, 4317999.543, 97
Trd, 4318000.193, 98
Trd, 4318000.893, 96
Trd, 4318001.193, 96
Trd, 4318004.393, 95
Trd, 4318004.643, 96
Trd, 4318006.893, 94
Trd, 4318007.293, 94
Trd, 4318008.093, 93
Trd, 4318008.443, 91
Trd, 4318010.343, 92
Trd, 4318012.093, 93
Trd, 4318014.293, 94
Trd, 4318015.793, 92
Trd, 4318016.243, 94
Trd, 4318016.743, 104
Trd, 4318019.343, 94
Trd, 4318020.193, 96
Trd, 4318022.293, 95
Trd, 4318022.443, 96
Trd, 4318024.993, 95
Trd, 4318026.793, 95
Trd, 4318026.843, 96
Trd, 4318026.893, 94
Trd, 4318027.993, 96
Trd, 4318030.243, 96
Trd, 4318032.793, 95
Trd, 4318035.693, 95
Trd, 4318039.543, 94
Trd, 4318041.193, 92
Trd, 4318041.843, 92
Trd, 4318042.343, 92
Trd, 4318043.443, 92
Trd, 4318044.293, 92
Trd, 4318045.543, 92
Trd, 4318047.743, 91
Trd, 4318048.543, 93
Trd, 4318049.743, 91
Trd, 4318053.043, 91
Trd, 4318054.143, 92
Trd, 4318056.393, 92
Trd, 4318057.593, 92
Trd, 4318059.943, 93
Trd, 4318060.143, 108
Trd, 4318063.693, 97
Trd, 4318064.693, 95
Trd, 4318066.843, 96
Trd, 4318067.793, 107
Trd, 4318068.443, 100
Trd, 4318070.343, 99
Trd, 4318071.143, 99
Trd, 4318071.293, 99
Trd, 4318073.143, 98
Trd, 4318074.693, 98
Trd, 4318077.393, 95
Trd, 4318078.143, 96
Trd, 4318078.993, 95
Trd, 4318080.743, 94
Trd, 4318081.193, 96
Trd, 4318082.343, 99
Trd, 4318083.593, 94
Trd, 4318083.643, 93
Trd, 4318083.743, 97
Trd, 4318085.143, 121
Trd, 4318086.743, 102
Trd, 4318087.843, 101
Trd, 4318093.093, 95
Trd, 4318093.693, 97
Trd, 4318095.393, 96
Trd, 4318095.543, 96
Trd, 4318095.943, 97
Trd, 4318098.243, 95
Trd, 4318098.793, 96
Trd, 4318099.343, 95
Trd, 4318099.843, 96
Trd, 4318101.643, 97
Trd, 4318103.493, 95
Trd, 4318104.193, 94
Trd, 4318106.143, 92
Trd, 4318106.693, 94
Trd, 4318107.293, 98
Trd, 4318109.743, 92
Trd, 4318109.843, 91
Trd, 4318112.043, 91
Trd, 4318112.843, 91
Trd, 4318114.543, 97
Trd, 4318115.193, 102
Trd, 4318117.193, 95
Trd, 4318118.943, 96
Trd, 4318119.343, 95
Trd, 4318120.743, 95
Trd, 4318122.093, 95
Trd, 4318122.893, 94
Trd, 4318124.193, 93
Trd, 4318125.693, 94
Trd, 4318127.543, 93
Trd, 4318129.493, 92
Trd, 4318129.943, 93
Trd, 4318131.193, 93
Trd, 4318131.243, 116
Trd, 4318133.443, 103
Trd, 4318135.043, 94
Trd, 4318136.743, 94
Trd, 4318138.243, 94
Trd, 4318139.593, 92
Trd, 4318140.843, 92
Trd, 4318140.943, 93
Trd, 4318141.893, 93
Trd, 4318143.893, 93
Trd, 4318144.543, 93
Trd, 4318145.743, 93
Trd, 4318147.143, 92
Trd, 4318148.443, 94
Trd, 4318149.043, 99
Trd, 4318151.393, 95
Trd, 4318152.793, 105
Trd, 4318154.343, 96
Trd, 4318154.993, 98
Trd, 4318155.343, 107
Trd, 4318158.143, 95
Trd, 4318159.843, 96
Trd, 4318161.093, 96
Trd, 4318161.843, 95
Trd, 4318164.893, 96
Trd, 4318164.943, 96
Trd, 4318165.043, 107
Trd, 4318167.043, 98
Trd, 4318171.843, 96
Trd, 4318172.243, 95
Trd, 4318172.643, 94
Trd, 4318173.443, 94
Trd, 4318174.593, 93
Trd, 4318175.593, 94
Trd, 4318179.793, 93
Trd, 4318180.593, 94
Trd, 4318181.143, 94
Trd, 4318183.793, 93
Trd, 4318183.943, 92
Trd, 4318184.293, 93
Trd, 4318184.543, 96
Trd, 4318186.643, 95
Trd, 4318188.043, 96
Trd, 4318189.893, 96
Trd, 4318191.743, 96
Trd, 4318193.893, 95
Trd, 4318194.843, 96
Trd, 4318195.343, 95
Trd, 4318198.243, 94
Trd, 4318198.643, 94
Trd, 4318199.293, 96
Trd, 4318199.643, 95
Trd, 4318200.243, 95
Trd, 4318200.593, 112
Trd, 4318202.593, 101
Trd, 4318203.343, 105
Trd, 4318204.793, 105
Trd, 4318205.193, 103
Trd, 4318205.643, 108
Trd, 4318207.043, 104
Trd, 4318210.593, 104
Trd, 4318211.143, 104
Trd, 4318212.143, 102
Trd, 4318214.643, 103
Trd, 4318217.093, 103
Trd, 4318217.693, 94
Trd, 4318219.093, 98
Trd, 4318219.593, 96
Trd, 4318221.293, 96
Trd, 4318222.193, 95
Trd, 4318225.643, 93
Trd, 4318225.843, 95
Trd, 4318227.543, 94
Trd, 4318228.043, 93
Trd, 4318229.943, 96
Trd, 4318232.193, 94
Trd, 4318232.693, 98
Trd, 4318234.943, 96
Trd, 4318235.193, 95
Trd, 4318237.943, 98
Trd, 4318238.943, 97
Trd, 4318240.393, 95
Trd, 4318240.443, 97
Trd, 4318242.243, 95
Trd, 4318242.343, 94
Trd, 4318245.393, 94
Trd, 4318247.743, 98
Trd, 4318248.093, 106
Trd, 4318249.243, 102
Trd, 4318249.643, 100
Trd, 4318251.693, 99
Trd, 4318252.993, 100
Trd, 4318255.243, 100
Trd, 4318257.843, 96
Trd, 4318258.343, 95
Trd, 4318258.743, 96
Trd, 4318259.743, 95
Trd, 4318260.893, 94
Trd, 4318261.293, 95
Trd, 4318262.593, 94
Trd, 4318265.193, 91
Trd, 4318265.893, 91
Trd, 4318268.393, 90
Trd, 4318268.893, 91
Trd, 4318270.743, 90
Trd, 4318271.643, 90
Trd, 4318271.993, 91
Trd, 4318275.743, 90
Trd, 4318277.293, 90
Trd, 4318277.393, 91
Trd, 4318277.893, 95
Trd, 4318280.943, 90
Trd, 4318281.743, 92
Trd, 4318282.743, 92
Trd, 4318284.243, 91
Trd, 4318284.993, 90
Trd, 4318286.293, 89
Trd, 4318287.243, 92
Trd, 4318289.243, 98
Trd, 4318291.143, 93
Trd, 4318291.593, 95
Trd, 4318295.893, 92
Trd, 4318296.693, 92
Trd, 4318297.943, 92
Trd, 4318300.543, 93
Trd, 4318300.943, 93
Trd, 4318301.393, 95
Trd, 4318303.493, 93
Trd, 4318305.643, 95
Trd, 4318305.793, 94
Trd, 4318306.593, 95
Trd, 4318307.343, 95
Trd, 4318308.443, 95
Trd, 4318308.743, 102
Trd, 4318310.493, 94
Trd, 4318313.943, 95
Trd, 4318314.643, 94
Trd, 4318315.643, 93
Trd, 4318316.943, 94
Trd, 4318318.493, 95
Trd, 4318322.543, 93
Trd, 4318323.243, 94
Trd, 4318323.393, 93
Trd, 4318327.243, 93
Trd, 4318328.243, 92
Trd, 4318328.293, 93
Trd, 4318329.743, 95
Trd, 4318331.343, 93
Trd, 4318331.693, 94
Trd, 4318332.543, 94
Trd, 4318334.443, 95
Trd, 4318335.393, 104
Trd, 4318337.193, 96
Trd, 4318338.493, 95
Trd, 4318340.893, 96
Trd, 4318342.743, 96
Trd, 4318342.793, 97
Trd, 4318343.443, 94
Trd, 4318344.293, 106
Trd, 4318345.193, 104
Trd, 4318346.343, 103
Trd, 4318351.493, 95
Trd, 4318352.093, 96
Trd, 4318352.443, 96
Trd, 4318353.443, 95
Trd, 4318355.693, 97
Trd, 4318356.643, 94
Trd, 4318357.843, 95
Trd, 4318358.043, 95
Trd, 4318358.543, 104
Trd, 4318360.243, 104
Trd, 4318362.243, 103
Trd, 4318363.143, 100
Trd, 4318367.393, 95
Trd, 4318367.843, 95
Trd, 4318368.643, 95
Trd, 4318369.343, 96
Trd, 4318370.643, 97
Trd, 4318371.643, 96
Trd, 4318371.693, 97
Trd, 4318372.643, 104
Trd, 4318374.593, 99
Trd, 4318374.693, 99
Trd, 4318377.643, 97
Trd, 4318377.893, 96
Trd, 4318379.793, 95
Trd, 4318380.543, 96
Trd, 4318381.143, 104
Trd, 4318381.993, 96
Trd, 4318386.893, 95
Trd, 4318387.743, 94
Trd, 4318388.593, 95
Trd, 4318391.193, 95
Trd, 4318393.343, 93
Trd, 4318393.643, 93
Trd, 4318394.593, 94
Trd, 4318395.543, 94
Trd, 4318396.593, 93
Trd, 4318399.143, 93
Trd, 4318399.393, 94
Trd, 4318401.493, 94
Trd, 4318403.943, 92
Trd, 4318404.093, 92
Trd, 4318404.443, 93
Trd, 4318405.443, 97
Trd, 4318408.893, 94
Trd, 4318409.743, 95
Trd, 4318410.093, 95
Trd, 4318411.493, 103
Trd, 4318411.693, 98
Trd, 4318413.693, 92
Trd, 4318414.493, 97
Trd, 4318416.093, 97
Trd, 4318418.243, 96
Trd, 4318419.193, 95
Trd, 4318421.093, 96
Trd, 4318422.243, 105
Trd, 4318422.343, 103
Trd, 4318424.493, 98
Trd, 4318425.593, 99
Trd, 4318428.793, 95
Trd, 4318429.593, 95
Trd, 4318429.793, 94
Trd, 4318432.493, 87
Trd, 4318433.043, 87
Trd, 4318433.393, 87
Trd, 4318433.993, 98
Trd, 4318435.443, 89
Trd, 4318436.793, 93
Trd, 4318438.493, 105
Trd, 4318439.593, 105
Trd, 4318439.693, 104
Trd, 4318439.993, 106
Trd, 4318441.493, 102
Trd, 4318444.643, 95
Trd, 4318444.743, 96
Trd, 4318445.193, 97
Trd, 4318448.093, 95
Trd, 4318449.143, 94
Trd, 4318450.743, 95
Trd, 4318452.193, 96
Trd, 4318453.643, 95
Trd, 4318454.443, 96
Trd, 4318455.543, 95
Trd, 4318456.243, 96
Trd, 4318457.643, 97
Trd, 4318458.743, 95
Trd, 4318460.643, 96
Trd, 4318461.293, 95
Trd, 4318461.693, 94
Trd, 4318466.143, 94
Trd, 4318466.293, 93
Trd, 4318468.193, 92
Trd, 4318469.393, 91
Trd, 4318471.643, 87
Trd, 4318472.293, 87
Trd, 4318472.343, 99
Trd, 4318473.243, 105
Trd, 4318474.243, 104
Trd, 4318477.193, 94
Trd, 4318478.743, 94
Trd, 4318479.993, 95
Trd, 4318482.193, 93
Trd, 4318482.993, 95
Trd, 4318483.243, 114
Trd, 4318484.743, 102
Trd, 4318487.643, 85
Trd, 4318489.993, 84
Trd, 4318490.493, 83
Trd, 4318490.993, 84
Trd, 4318491.793, 85
Trd, 4318493.093, 86
Trd, 4318493.393, 97
Trd, 4318494.443, 88
Trd, 4318498.393, 96
Trd, 4318498.943, 94
Trd, 4318500.943, 95
Trd, 4318501.393, 99
Trd, 4318504.593, 95
Trd, 4318504.893, 103
Trd, 4318507.393, 94
Trd, 4318508.093, 94
Trd, 4318508.243, 99
Trd, 4318508.543, 106
Trd, 4318510.743, 97
Trd, 4318511.693, 98
Trd, 4318512.593, 98
Trd, 4318513.793, 98
Trd, 4318514.943, 98
Trd, 4318516.143, 97
Trd, 4318518.743, 92
Trd, 4318520.843, 87
Trd, 4318521.143, 91
Trd, 4318521.643, 92
Trd, 4318522.243, 102
Trd, 4318525.143, 91
Trd, 4318525.943, 91
Trd, 4318528.193, 91
Trd, 4318528.943, 91
Trd, 4318529.193, 92
Trd, 4318531.543, 91
Trd, 4318534.293, 90
Trd, 4318534.493, 91
Trd, 4318535.293, 98
Trd, 4318536.893, 92
Trd, 4318539.243, 93
Trd, 4318539.443, 94
Trd, 4318539.493, 93
Trd, 4318539.593, 111
Trd, 4318540.743, 103
Trd, 4318542.743, 99
Trd, 4318543.793, 96
Trd, 4318544.943, 105
Trd, 4318546.193, 104
Trd, 4318547.543, 102
Trd, 4318550.793, 97
Trd, 4318551.243, 96
Trd, 4318552.643, 96
Trd, 4318552.743, 96
Trd, 4318553.943, 96
Trd, 4318554.343, 96
Trd, 4318557.343, 95
Trd, 4318557.893, 96
Trd, 4318558.393, 96
Trd, 4318559.643, 95
Trd, 4318562.593, 95
Trd, 4318563.243, 95
Trd, 4318563.393, 99
Trd, 4318566.293, 93
Trd, 4318566.943, 93
Trd, 4318568.993, 93
Trd, 4318570.443, 91
Trd, 4318570.493, 91
Trd, 4318572.993, 91
Trd, 4318573.243, 90
Trd, 4318573.293, 97
Trd, 4318577.193, 92
Trd, 4318579.143, 92
Trd, 4318579.843, 92
Trd, 4318580.993, 92
Trd, 4318581.393, 93
Trd, 4318583.093, 93
Trd, 4318583.693, 96
Trd, 4318585.593, 95
Trd, 4318586.093, 97
Trd, 4318587.843, 95
Trd, 4318588.693, 95
Trd, 4318589.643, 95
Trd, 4318589.893, 107
Trd, 4318592.743, 96
Trd, 4318593.443, 96
Trd, 4318594.193, 97
Trd, 4318595.593, 94
Trd, 4318596.193, 91
Trd, 4318597.193, 91
Trd, 4318597.943, 91
Trd, 4318600.293, 87
Trd, 4318600.443, 87
Trd, 4318600.693, 88
Trd, 4318603.993, 88
Trd, 4318605.843, 87
Trd, 4318607.143, 104
Trd, 4318608.343, 92
Trd, 4318608.643, 93
Trd, 4318608.893, 96
Trd, 4318612.543, 88
Trd, 4318614.143, 86
Trd, 4318614.443, 87
Trd, 4318615.193, 86
Trd, 4318617.443, 87
Trd, 4318617.843, 93
Trd, 4318618.993, 103
Trd, 4318619.993, 103
Trd, 4318620.493, 114
Trd, 4318622.743, 100
Trd, 4318623.393, 99
Trd, 4318624.843, 102
Trd, 4318625.943, 97
Trd, 4318627.943, 96
Trd, 4318628.343, 96
Trd, 4318630.793, 95
Trd, 4318631.293, 95
Trd, 4318632.193, 96
Trd, 4318633.493, 94
Trd, 4318635.343, 93
Trd, 4318636.543, 95
Trd, 4318639.493, 94
Trd, 4318639.743, 97
Trd, 4318642.043, 94
Trd, 4318643.893, 93
Trd, 4318645.643, 93
Trd, 4318645.943, 106
Trd, 4318648.093, 97
Trd, 4318649.643, 91
Trd, 4318649.793, 110
Trd, 4318651.193, 114
Trd, 4318654.043, 97
Trd, 4318654.093, 98
Trd, 4318656.943, 94
Trd, 4318657.093, 94
Trd, 4318658.643, 94
Trd, 4318659.693, 94
Trd, 4318661.443, 93
Trd, 4318661.993, 99
Trd, 4318662.293, 104
Trd, 4318663.293, 94
Trd, 4318665.793, 95
Trd, 4318665.893, 96
Trd, 4318666.993, 95
Trd, 4318668.493, 93
Trd, 4318668.843, 93
Trd, 4318669.293, 93
Trd, 4318672.943, 93
Trd, 4318673.643, 93
Trd, 4318674.093, 93
Trd, 4318676.793, 93
Trd, 4318678.543, 93
Trd, 4318678.743, 92
Trd, 4318680.143, 94
Trd, 4318681.693, 91
Trd, 4318681.793, 92
Trd, 4318683.643, 92
Trd, 4318685.493, 92
Trd, 4318686.243, 92
Trd, 4318690.593, 92
Trd, 4318690.693, 93
Trd, 4318693.843, 93
Trd, 4318694.393, 92
Trd, 4318694.443, 91
Trd, 4318695.443, 94
Trd, 4318697.643, 92
Trd, 4318698.093, 92
Trd, 4318699.543, 92
Trd, 4318700.143, 91
Trd, 4318700.893, 90
Trd, 4318701.893, 98
Trd, 4318702.393, 104
Trd, 4318702.543, 104
Trd, 4318703.143, 113
Trd, 4318705.493, 102
Trd, 4318705.843, 103
Trd, 4318706.943, 99
Trd, 4318711.493, 95
Trd, 4318711.593, 96
Trd, 4318711.993, 94
Trd, 4318712.943, 94
Trd, 4318713.593, 102
Trd, 4318714.243, 101
Trd, 4318715.643, 95
Trd, 4318717.343, 96
Trd, 4318719.643, 93
Trd, 4318720.443, 95
Trd, 4318721.443, 95
Trd, 4318722.243, 95
Trd, 4318724.343, 90
Trd, 4318724.793, 92
Trd, 4318727.193, 94
Trd, 4318728.893, 92
Trd, 4318730.493, 98
Trd, 4318730.643, 99
Trd, 4318731.143, 95
Trd, 4318733.043, 98
Trd, 4318733.293, 96
Trd, 4318735.443, 98
Trd, 4318735.893, 96
Trd, 4318737.343, 96
Trd, 4318739.043, 94
Trd, 4318741.093, 95
Trd, 4318741.293, 95
Trd, 4318743.993, 95
Trd, 4318745.343, 97
Trd, 4318746.993, 95
Trd, 4318747.343, 95
Trd, 4318748.493, 94
Trd, 4318748.693, 96
Trd, 4318751.093, 95
Trd, 4318751.193, 96
Trd, 4318752.893, 95
Trd, 4318754.893, 94
Trd, 4318755.243, 95
Trd, 4318755.493, 95
Trd, 4318758.593, 88
Trd, 4318759.993, 91
Trd, 4318760.343, 92
Trd, 4318762.143, 90
Trd, 4318762.343, 91
Trd, 4318764.443, 90
Trd, 4318764.743, 90
Trd, 4318766.493, 92
Trd, 4318766.793, 102
Trd, 4318768.493, 94
Trd, 4318771.093, 93
Trd, 4318771.343, 93
Trd, 4318772.293, 93
Trd, 4318774.443, 94
Trd, 4318775.543, 93
Trd, 4318776.143, 93
Trd, 4318777.893, 95
Trd, 4318779.443, 94
Trd, 4318781.443, 91
Trd, 4318782.143, 90
Trd, 4318783.343, 94
Trd, 4318786.393, 88
Trd, 4318787.543, 87
Trd, 4318788.543, 87
Trd, 4318789.543, 87
Trd, 4318789.593, 99
Trd, 4318790.393, 113
Trd, 4318792.093, 95
Trd, 4318793.843, 101
Trd, 4318794.843, 102
Trd, 4318795.193, 101
Trd, 4318796.393, 99
Trd, 4318797.743, 99
Trd, 4318798.693, 100
Trd, 4318799.543, 97
Trd, 4318800.093, 99
Trd, 4318802.593, 100
Trd, 4318803.843, 101
Trd, 4318804.443, 101
Trd, 4318805.843, 100
Trd, 4318807.093, 100
Trd, 4318808.093, 97
Trd, 4318810.593, 99
Trd, 4318811.293, 99
Trd, 4318812.643, 99
Trd, 4318813.943, 101
Trd, 4318815.643, 99
Trd, 4318817.093, 99
Trd, 4318817.593, 99
Trd, 4318818.893, 96
Trd, 4318820.343, 96
Trd, 4318821.243, 95
Trd, 4318821.843, 94
Trd, 4318822.593, 96
Trd, 4318824.443, 101
Trd, 4318825.693, 98
Trd, 4318826.143, 96
Trd, 4318826.593, 104
Trd, 4318828.593, 96
Trd, 4318830.943, 95
Trd, 4318831.943, 97
Trd, 4318832.543, 105
Trd, 4318833.543, 96
Trd, 4318834.243, 97
Trd, 4318835.843, 94
Trd, 4318836.693, 96
Trd, 4318837.343, 113
Trd, 4318838.093, 101
Trd, 4318839.643, 103
Trd, 4318841.643, 95
Trd, 4318843.693, 94
Trd, 4318843.993, 95
Trd, 4318844.893, 94
Trd, 4318847.343, 88
Trd, 4318847.493, 89
Trd, 4318847.893, 89
Trd, 4318850.393, 88
Trd, 4318852.293, 88
Trd, 4318852.943, 88
Trd, 4318853.643, 87
Trd, 4318855.293, 96
Trd, 4318855.743, 114
Trd, 4318857.943, 88
Trd, 4318858.043, 88
Trd, 4318859.893, 88
Trd, 4318862.243, 87
Trd, 4318863.293, 87
Trd, 4318863.893, 87
Trd, 4318864.143, 88
Trd, 4318864.493, 100
Trd, 4318865.893, 92
Trd, 4318865.943, 91
Trd, 4318868.043, 91
Trd, 4318869.643, 91
Trd, 4318871.643, 95
Trd, 4318873.293, 92
Trd, 4318874.793, 92
Trd, 4318875.193, 96
Trd, 4318876.643, 97
Trd, 4318878.043, 97
Trd, 4318880.943, 91
Trd, 4318881.593, 89
Trd, 4318882.093, 88
Trd, 4318883.643, 87
Trd, 4318884.493, 87
Trd, 4318886.543, 105
Trd, 4318886.743, 91
Trd, 4318887.593, 98
Trd, 4318887.643, 115
Trd, 4318890.293, 96
Trd, 4318891.993, 95
Trd, 4318892.143, 95
Trd, 4318893.393, 95
Trd, 4318893.843, 96
Trd, 4318895.493, 96
Trd, 4318897.543, 96
Trd, 4318897.793, 96
Trd, 4318898.193, 98
Trd, 4318900.343, 98
Trd, 4318903.743, 95
Trd, 4318904.993, 96
Trd, 4318905.743, 94
Trd, 4318906.893, 96
Trd, 4318907.393, 96
Trd, 4318910.043, 96
Trd, 4318910.593, 96
Trd, 4318913.493, 95
Trd, 4318915.443, 94
Trd, 4318916.293, 95
Trd, 4318918.443, 95
Trd, 4318918.593, 95
Trd, 4318919.343, 95
Trd, 4318921.743, 94
Trd, 4318922.793, 95
Trd, 4318923.493, 95
Trd, 4318924.393, 107
Trd, 4318926.893, 99
Trd, 4318928.343, 96
Trd, 4318930.443, 98
Trd, 4318931.143, 99
Trd, 4318932.593, 99
Trd, 4318932.693, 98
Trd, 4318933.693, 97
Trd, 4318936.243, 97
Trd, 4318936.893, 96
Trd, 4318938.893, 98
Trd, 4318939.343, 98
Trd, 4318940.293, 104
Trd, 4318940.493, 122
Trd, 4318944.193, 96
Trd, 4318945.243, 98
Trd, 4318945.793, 94
Trd, 4318945.943, 94
Trd, 4318947.743, 93
Trd, 4318948.743, 94
Trd, 4318948.943, 94
Trd, 4318952.143, 98
Trd, 4318952.343, 98
Trd, 4318952.793, 96
Trd, 4318955.093, 96
Trd, 4318955.143, 97
Trd, 4318956.493, 92
Trd, 4318957.093, 90
Trd, 4318958.843, 104
Trd, 4318960.693, 105
Trd, 4318963.143, 103
Trd, 4318963.843, 95
Trd, 4318963.943, 105
Trd, 4318965.593, 98
Trd, 4318967.643, 97
Trd, 4318970.793, 96
Trd, 4318970.893, 95
Trd, 4318971.543, 94
Trd, 4318973.693, 93
Trd, 4318973.793, 93
Trd, 4318976.343, 95
Trd, 4318976.593, 95
Trd, 4318976.743, 113
Trd, 4318977.793, 107
Trd, 4318978.993, 104
Trd, 4318979.593, 111
Trd, 4318981.343, 102
Trd, 4318981.893, 103
Trd, 4318983.393, 96
Trd, 4318983.993, 101
Trd, 4318987.043, 97
Trd, 4318987.393, 98
Trd, 4318987.943, 97
Trd, 4318987.993, 99
Trd, 4318991.443, 97
Trd, 4318992.343, 99
Trd, 4318993.543, 100
Trd, 4318994.593, 100
Trd, 4318995.893, 105
Trd, 4318997.293, 104
Trd, 4318997.993, 102
Trd, 4318998.743, 105
Trd, 4319000.043, 110
Trd, 4319000.993, 104
Trd, 4319003.293, 102
Trd, 4319004.343, 103
Trd, 4319005.893, 100
Trd, 4319007.093, 100
Trd, 4319007.593, 101
Trd, 4319010.393, 102
Trd, 4319011.543, 101
Trd, 4319013.393, 101
Trd, 4319015.543, 101
Trd, 4319016.843, 100
Trd, 4319019.993, 98
Trd, 4319020.993, 98
Trd, 4319022.293, 98
Trd, 4319023.643, 97
Trd, 4319024.043, 100
Trd, 4319025.793, 96
Trd, 4319027.393, 94
Trd, 4319028.043, 95
Trd, 4319030.593, 95
Trd, 4319030.943, 95
Trd, 4319032.643, 93
Trd, 4319034.043, 93
Trd, 4319035.793, 93
Trd, 4319036.693, 94
Trd, 4319037.093, 94
Trd, 4319037.643, 93
Trd, 4319040.043, 93
Trd, 4319040.443, 93
Trd, 4319041.693, 105
Trd, 4319041.843, 104
Trd, 4319043.493, 101
Trd, 4319045.093, 95
Trd, 4319045.993, 94
Trd, 4319048.793, 93
Trd, 4319049.093, 94
Trd, 4319049.593, 93
Trd, 4319052.793, 93
Trd, 4319053.793, 94
Trd, 4319053.993, 95
Trd, 4319055.143, 95
Trd, 4319056.593, 93
Trd, 4319058.893, 91
Trd, 4319059.543, 91
Trd, 4319061.043, 91
Trd, 4319061.493, 91
Trd, 4319061.593, 92
Trd, 4319065.393, 94
Trd, 4319066.343, 92
Trd, 4319066.493, 94
Trd, 4319068.743, 94
Trd, 4319069.143, 94
Trd, 4319072.543, 91
Trd, 4319072.643, 94
Trd, 4319073.743, 92
Trd, 4319074.543, 92
Trd, 4319075.193, 98
Trd, 4319077.793, 94
Trd, 4319078.143, 95
Trd, 4319080.843, 98
Trd, 4319081.643, 101
Trd, 4319083.493, 95
Trd, 4319084.793, 96
Trd, 4319087.543, 97
Trd, 4319088.243, 94
Trd, 4319088.443, 95
Trd, 4319090.793, 95
Trd, 4319091.693, 93
Trd, 4319092.343, 96
Trd, 4319092.593, 104
Trd, 4319093.693, 97
Trd, 4319096.093, 96
Trd, 4319098.443, 95
Trd, 4319100.193, 95
Trd, 4319101.493, 94
Trd, 4319103.493, 95
Trd, 4319103.793, 95
Trd, 4319106.343, 94
Trd, 4319107.743, 94
Trd, 4319108.493, 93
Trd, 4319108.543, 94
Trd, 4319108.843, 102
Trd, 4319112.543, 93
Trd, 4319113.543, 92
Trd, 4319115.193, 90
Trd, 4319115.543, 92
Trd, 4319117.093, 86
Trd, 4319118.193, 86
Trd, 4319120.693, 91
Trd, 4319121.193, 101
Trd, 4319121.693, 92
Trd, 4319125.093, 91
Trd, 4319125.993, 90
Trd, 4319126.393, 90
Trd, 4319126.693, 98
Trd, 4319128.243, 90
Trd, 4319130.993, 91
Trd, 4319131.343, 91
Trd, 4319133.993, 90
Trd, 4319134.743, 91
Trd, 4319138.043, 91
Trd, 4319138.393, 90
Trd, 4319140.093, 91
Trd, 4319143.243, 91
Trd, 4319143.343, 91
Trd, 4319143.643, 92
Trd, 4319145.593, 91
Trd, 4319148.293, 91
Trd, 4319148.943, 92
Trd, 4319149.193, 101
Trd, 4319151.843, 94
Trd, 4319152.443, 95
Trd, 4319155.393, 95
Trd, 4319156.193, 94
Trd, 4319156.293, 95
Trd, 4319157.143, 104
Trd, 4319160.193, 97
Trd, 4319161.193, 95
Trd, 4319162.143, 94
Trd, 4319163.443, 97
Trd, 4319163.593, 95
Trd, 4319166.343, 94
Trd, 4319167.193, 95
Trd, 4319167.493, 96
Trd, 4319168.643, 94
Trd, 4319169.543, 94
Trd, 4319172.093, 94
Trd, 4319172.293, 93
Trd, 4319172.793, 94
Trd, 4319174.093, 94
Trd, 4319176.393, 97
Trd, 4319179.243, 102
Trd, 4319180.993, 101
Trd, 4319181.643, 96
Trd, 4319182.343, 96
Trd, 4319183.493, 111
Trd, 4319188.293, 95
Trd, 4319188.693, 95
Trd, 4319188.793, 96
Trd, 4319190.943, 95
Trd, 4319193.843, 95
Trd, 4319193.943, 95
Trd, 4319195.693, 95
Trd, 4319197.793, 95
Trd, 4319199.543, 95
Trd, 4319199.993, 95
Trd, 4319200.893, 94
Trd, 4319203.143, 90
Trd, 4319203.293, 92
Trd, 4319204.293, 93
Trd, 4319204.593, 98
Trd, 4319206.493, 93
Trd, 4319206.893, 94
Trd, 4319209.593, 92
Trd, 4319210.743, 92
Trd, 4319211.943, 92
Trd, 4319213.343, 92
Trd, 4319213.693, 96
Trd, 4319216.193, 93
Trd, 4319217.443, 97
Trd, 4319217.743, 95
Trd, 4319220.843, 94
Trd, 4319222.293, 92
Trd, 4319222.393, 93
Trd, 4319224.143, 93
Trd, 4319224.793, 93
Trd, 4319225.493, 102
Trd, 4319226.743, 97
Trd, 4319229.193, 97
Trd, 4319230.593, 96
Trd, 4319231.643, 96
Trd, 4319232.793, 93
Trd, 4319234.143, 93
Trd, 4319235.393, 93
Trd, 4319235.543, 96
Trd, 4319237.193, 95
Trd, 4319237.743, 105
Trd, 4319240.143, 96
Trd, 4319241.443, 96
Trd, 4319244.643, 96
Trd, 4319245.893, 95
Trd, 4319245.943, 94
Trd, 4319246.043, 94
Trd, 4319246.743, 104
Trd, 4319247.943, 101
Trd, 4319248.593, 100
Trd, 4319250.093, 101
Trd, 4319251.393, 103
Trd, 4319254.243, 101
Trd, 4319254.643, 98
Trd, 4319256.843, 95
Trd, 4319257.743, 95
Trd, 4319257.843, 95
Trd, 4319263.043, 94
Trd, 4319263.093, 93
Trd, 4319264.193, 90
Trd, 4319264.393, 90
Trd, 4319265.293, 91
Trd, 4319266.993, 90
Trd, 4319267.693, 88
Trd, 4319268.943, 90
Trd, 4319270.143, 87
Trd, 4319274.093, 88
Trd, 4319274.293, 89
Trd, 4319275.593, 89
Trd, 4319276.493, 95
Trd, 4319277.493, 94
Trd, 4319279.043, 91
Trd, 4319280.393, 92
Trd, 4319280.793, 92
Trd, 4319281.993, 92
Trd, 4319282.993, 96
Trd, 4319286.793, 91
Trd, 4319287.243, 92
Trd, 4319289.493, 91
Trd, 4319290.343, 89
Trd, 4319291.143, 89
Trd, 4319292.043, 88
Trd, 4319292.843, 96
Trd, 4319293.643, 104
Trd, 4319295.193, 94
Trd, 4319296.993, 92
Trd, 4319299.643, 92
Trd, 4319299.793, 92
Trd, 4319301.093, 91
Trd, 4319301.443, 96
Trd, 4319301.893, 93
Trd, 4319305.643, 93
Trd, 4319305.693, 94
Trd, 4319306.943, 93
Trd, 4319308.343, 94
Trd, 4319310.143, 92
Trd, 4319310.693, 94
Trd, 4319310.843, 99
Trd, 4319313.343, 97
Trd, 4319315.143, 95
Trd, 4319315.693, 97
Trd, 4319316.343, 98
Trd, 4319317.243, 104
Trd, 4319320.993, 95
Trd, 4319321.493, 97
Trd, 4319323.093, 94
Trd, 4319323.193, 96
Trd, 4319323.293, 95
Trd, 4319326.493, 94
Trd, 4319326.593, 95
Trd, 4319327.893, 94
Trd, 4319330.443, 94
Trd, 4319330.593, 93
Trd, 4319333.043, 94
Trd, 4319333.893, 94
Trd, 4319335.193, 93
Trd, 4319336.393, 113
Trd, 4319338.993, 92
Trd, 4319340.193, 93
Trd, 4319341.143, 95
Trd, 4319343.793, 94
Trd, 4319344.543, 93
Trd, 4319345.993, 93
Trd, 4319348.743, 92
Trd, 4319349.093, 91
Trd, 4319349.643, 93
Trd, 4319350.393, 113
Trd, 4319351.693, 96
Trd, 4319354.843, 94
Trd, 4319355.443, 94
Trd, 4319356.693, 94
Trd, 4319358.793, 92
Trd, 4319360.043, 92
Trd, 4319360.543, 96
Trd, 4319363.193, 94
Trd, 4319364.243, 91
Trd, 4319365.043, 95
Trd, 4319366.343, 100
Trd, 4319366.943, 94
Trd, 4319369.943, 93
Trd, 4319372.243, 93
Trd, 4319373.593, 93
Trd, 4319373.843, 92
Trd, 4319375.293, 93
Trd, 4319376.343, 92
Trd, 4319377.793, 92
Trd, 4319379.843, 90
Trd, 4319382.593, 88
Trd, 4319383.793, 87
Trd, 4319383.893, 99
Trd, 4319384.743, 91
Trd, 4319386.243, 89
Trd, 4319386.493, 88
Trd, 4319388.243, 104
Trd, 4319388.993, 96
Trd, 4319389.093, 113
Trd, 4319389.943, 96
Trd, 4319390.993, 97
Trd, 4319394.243, 95
Trd, 4319394.943, 96
Trd, 4319395.643, 95
Trd, 4319396.393, 95
Trd, 4319399.043, 96
Trd, 4319399.193, 96
Trd, 4319399.643, 97
Trd, 4319402.593, 94
Trd, 4319403.393, 95
Trd, 4319408.843, 94
Trd, 4319409.193, 93
Trd, 4319409.443, 93
Trd, 4319410.193, 104
Trd, 4319410.443, 97
Trd, 4319410.793, 97
Trd, 4319412.643, 95
Trd, 4319413.993, 106
Trd, 4319414.243, 109
Trd, 4319416.943, 94
Trd, 4319417.293, 94
Trd, 4319419.393, 94
Trd, 4319420.643, 95
Trd, 4319423.293, 94
Trd, 4319423.643, 93
Trd, 4319423.893, 94
Trd, 4319426.743, 99
Trd, 4319427.693, 98
Trd, 4319429.243, 97
Trd, 4319431.843, 96
Trd, 4319432.743, 94
Trd, 4319434.243, 94
Trd, 4319434.343, 95
Trd, 4319435.343, 95
Trd, 4319436.743, 96
Trd, 4319436.943, 96
Trd, 4319438.593, 96
Trd, 4319441.443, 95
Trd, 4319441.643, 96
Trd, 4319442.643, 97
Trd, 4319443.243, 98
Trd, 4319447.393, 97
Trd, 4319448.943, 97
Trd, 4319449.093, 97
Trd, 4319450.593, 98
Trd, 4319452.743, 92
Trd, 4319453.593, 91
Trd, 4319453.893, 91
Trd, 4319453.993, 92
Trd, 4319454.693, 96
Trd, 4319456.643, 93
Trd, 4319457.993, 99
Trd, 4319458.943, 97
Trd, 4319461.193, 101
Trd, 4319461.593, 96
Trd, 4319463.293, 104
Trd, 4319464.093, 101
Trd, 4319465.243, 96
Trd, 4319466.393, 112
Trd, 4319468.043, 98
Trd, 4319468.343, 104
Trd, 4319473.393, 99
Trd, 4319473.793, 99
Trd, 4319474.893, 99
Trd, 4319475.093, 98
Trd, 4319476.643, 98
Trd, 4319478.593, 100
Trd, 4319479.193, 98
Trd, 4319481.443, 99
Trd, 4319482.043, 95
Trd, 4319483.193, 113
Trd, 4319485.543, 98
Trd, 4319485.843, 100
Trd, 4319487.243, 100
Trd, 4319488.593, 100
Trd, 4319490.393, 99
Trd, 4319491.943, 96
Trd, 4319494.893, 96
Trd, 4319495.543, 95
Trd, 4319496.243, 95
Trd, 4319496.743, 95
Trd, 4319499.393, 94
Trd, 4319499.493, 95
Trd, 4319502.893, 94
Trd, 4319503.093, 95
Trd, 4319505.243, 94
Trd, 4319506.193, 93
Trd, 4319506.793, 95
Trd, 4319510.193, 95
Trd, 4319510.493, 96
Trd, 4319512.093, 95
Trd, 4319512.993, 95
Trd, 4319513.843, 96
Trd, 4319515.193, 96
Trd, 4319516.293, 97
Trd, 4319518.393, 97
Trd, 4319521.043, 96
Trd, 4319521.243, 95
Trd, 4319521.843, 96
Trd, 4319524.093, 94
Trd, 4319526.493, 92
Trd, 4319526.943, 92
Trd, 4319527.343, 92
Trd, 4319529.343, 96
Trd, 4319529.943, 93
Trd, 4319532.593, 93
Trd, 4319533.593, 93
Trd, 4319535.543, 93
Trd, 4319536.743, 92
Trd, 4319538.493, 93
Trd, 4319538.793, 93
Trd, 4319539.943, 102
Trd, 4319540.543, 95
Trd, 4319542.593, 96
Trd, 4319545.343, 93
Trd, 4319545.593, 92
Trd, 4319546.493, 91
Trd, 4319547.443, 91
Trd, 4319547.643, 91
Trd, 4319548.393, 102
Trd, 4319552.193, 91
Trd, 4319552.743, 91
Trd, 4319554.243, 91
Trd, 4319555.893, 91
Trd, 4319558.843, 92
Trd, 4319560.043, 91
Trd, 4319562.343, 90
Trd, 4319563.193, 92
Trd, 4319564.143, 91
Trd, 4319565.843, 90
Trd, 4319566.043, 89
Trd, 4319567.043, 102
Trd, 4319568.093, 94
Trd, 4319572.293, 96
Trd, 4319572.943, 100
Trd, 4319573.893, 97
Trd, 4319574.343, 97
Trd, 4319575.643, 98
Trd, 4319576.593, 95
Trd, 4319578.193, 96
Trd, 4319579.293, 97
Trd, 4319580.843, 104
Trd, 4319581.843, 98
Trd, 4319582.243, 97
Trd, 4319582.493, 99
Trd, 4319583.843, 100
Trd, 4319585.843, 94
Trd, 4319587.893, 95
Trd, 4319587.943, 94
Trd, 4319590.993, 91
Trd, 4319592.093, 92
Trd, 4319593.193, 92
Trd, 4319594.743, 92
Trd, 4319594.943, 91
Trd, 4319595.393, 91
Trd, 4319597.643, 91
Trd, 4319598.693, 91
Trd, 4319599.293, 91
Trd, 4319601.343, 91
Trd, 4319602.843, 101
Trd, 4319604.743, 91
Trd, 4319605.843, 92
Trd, 4319606.793, 92
Trd, 4319609.193, 91
Trd, 4319609.793, 95
Trd, 4319609.893, 92
Trd, 4319611.743, 94
Trd, 4319613.193, 98
Trd, 4319614.593, 103
Trd, 4319616.143, 98
Trd, 4319617.493, 99
Trd, 4319619.143, 98
Trd, 4319619.643, 96
Trd, 4319620.593, 108
Trd, 4319623.443, 96
Trd, 4319624.543, 98
Trd, 4319625.793, 94
Trd, 4319625.893, 96
Trd, 4319626.493, 96
Trd, 4319627.893, 97
Trd, 4319628.793, 96
Trd, 4319630.243, 96
Trd, 4319631.393, 106
Trd, 4319633.143, 100
Trd, 4319635.143, 98
Trd, 4319635.693, 96
Trd, 4319636.843, 97
Trd, 4319639.793, 97
Trd, 4319640.193, 97
Trd, 4319640.643, 98
Trd, 4319642.043, 103
Trd, 4319642.593, 97
Trd, 4319642.643, 104
Trd, 4319645.893, 103
Trd, 4319648.993, 98
Trd, 4319649.043, 99
Trd, 4319649.193, 98
Trd, 4319651.293, 95
Trd, 4319652.393, 98
Trd, 4319654.443, 98
Trd, 4319656.543, 97
Trd, 4319657.593, 96
Trd, 4319658.393, 94
Trd, 4319660.843, 97
Trd, 4319662.593, 95
Trd, 4319663.193, 97
Trd, 4319664.493, 98
Trd, 4319666.043, 104
Trd, 4319668.243, 95
Trd, 4319668.493, 99
Trd, 4319668.943, 106
Trd, 4319671.343, 100
Trd, 4319672.343, 101
Trd, 4319673.243, 95
Trd, 4319675.443, 94
Trd, 4319675.643, 95
Trd, 4319676.943, 94
Trd, 4319676.993, 110
Trd, 4319679.443, 95
Trd, 4319681.243, 95
Trd, 4319681.693, 95
Trd, 4319684.093, 95
Trd, 4319684.943, 95
Trd, 4319685.893, 95
Trd, 4319687.893, 95
Trd, 4319688.343, 95
Trd, 4319690.393, 95
Trd, 4319690.743, 95
Trd, 4319692.293, 96
Trd, 4319695.643, 94
Trd, 4319695.843, 96
Trd, 4319698.093, 91
Trd, 4319699.593, 89
Trd, 4319699.943, 89
Trd, 4319700.093, 97
Trd, 4319701.443, 90
Trd, 4319701.943, 93
Trd, 4319703.093, 93
Trd, 4319706.643, 92
Trd, 4319709.843, 92
Trd, 4319709.893, 93
Trd, 4319709.943, 104
Trd, 4319711.693, 95
Trd, 4319712.193, 94
Trd, 4319714.143, 93
Trd, 4319715.743, 98
Trd, 4319717.343, 105
Trd, 4319717.543, 106
Trd, 4319717.793, 103
Trd, 4319719.193, 99
Trd, 4319720.493, 100
Trd, 4319723.293, 107
Trd, 4319724.393, 104
Trd, 4319724.743, 104
Trd, 4319725.643, 98
Trd, 4319726.043, 103
Trd, 4319728.293, 98
Trd, 4319730.143, 98
Trd, 4319731.843, 95
Trd, 4319732.193, 97
Trd, 4319733.893, 98
Trd, 4319735.843, 94
Trd, 4319737.593, 97
Trd, 4319739.343, 97
Trd, 4319740.493, 93
Trd, 4319741.493, 94
Trd, 4319741.943, 93
Trd, 4319743.643, 98
Trd, 4319744.843, 104
Trd, 4319745.893, 97
Trd, 4319746.243, 97
Trd, 4319746.793, 95
Trd, 4319749.693, 95
Trd, 4319750.043, 110
Trd, 4319752.743, 96
Trd, 4319754.093, 95
Trd, 4319754.143, 96
Trd, 4319755.693, 95
Trd, 4319756.143, 105
Trd, 4319758.793, 97
Trd, 4319759.043, 97
Trd, 4319760.043, 99
Trd, 4319762.743, 96
Trd, 4319763.693, 95
Trd, 4319765.293, 96
Trd, 4319766.443, 96
Trd, 4319767.643, 97
Trd, 4319767.843, 113
Trd, 4319768.093, 100
Trd, 4319769.343, 95
Trd, 4319771.943, 94
Trd, 4319773.343, 93
Trd, 4319775.693, 88
Trd, 4319776.193, 88
Trd, 4319776.743, 89
Trd, 4319777.193, 103
Trd, 4319779.343, 91
Trd, 4319780.943, 91
Trd, 4319782.693, 90
Trd, 4319784.743, 104
Trd, 4319785.893, 97
Trd, 4319785.943, 114
Trd, 4319787.393, 98
Trd, 4319789.293, 98
Trd, 4319791.543, 98
Trd, 4319792.693, 100
Trd, 4319793.543, 99
Trd, 4319793.893, 97
Trd, 4319795.693, 94
Trd, 4319796.293, 96
Trd, 4319797.143, 94
Trd, 4319799.093, 93
Trd, 4319800.293, 94
Trd, 4319801.443, 94
Trd, 4319802.443, 96
Trd, 4319804.643, 94
Trd, 4319805.443, 93
Trd, 4319805.643, 93
Trd, 4319807.693, 93
Trd, 4319808.593, 97
Trd, 4319811.993, 94
Trd, 4319812.043, 93
Trd, 4319813.743, 114
Trd, 4319814.093, 104
Trd, 4319815.393, 102
Trd, 4319815.643, 103
Trd, 4319817.643, 101
Trd, 4319819.693, 101
Trd, 4319821.543, 96
Trd, 4319822.293, 98
Trd, 4319826.593, 85
Trd, 4319826.943, 85
Trd, 4319827.143, 86
Trd, 4319828.593, 92
Trd, 4319828.793, 99
Trd, 4319828.893, 105
Trd, 4319830.643, 112
Trd, 4319831.393, 96
Trd, 4319834.593, 97
Trd, 4319834.843, 98
Trd, 4319836.243, 97
Trd, 4319836.843, 97
Trd, 4319837.993, 97
Trd, 4319838.393, 104
Trd, 4319838.593, 102
Trd, 4319842.043, 100
Trd, 4319842.293, 102
Trd, 4319843.893, 101
Trd, 4319845.943, 100
Trd, 4319847.493, 95
Trd, 4319847.643, 95
Trd, 4319848.293, 105
Trd, 4319848.593, 102
Trd, 4319850.393, 102
Trd, 4319852.543, 101
Trd, 4319853.343, 96
Trd, 4319855.143, 95
Trd, 4319855.193, 94
Trd, 4319855.643, 98
Trd, 4319856.993, 96
Trd, 4319858.643, 95
Trd, 4319859.143, 96
Trd, 4319860.043, 96
Trd, 4319861.843, 96
Trd, 4319864.343, 94
Trd, 4319864.843, 94
Trd, 4319865.043, 104
Trd, 4319867.043, 96
Trd, 4319867.393, 96
Trd, 4319869.093, 96
Trd, 4319869.143, 96
Trd, 4319870.693, 95
Trd, 4319871.643, 94
Trd, 4319875.993, 93
Trd, 4319876.943, 95
Trd, 4319877.243, 90
Trd, 4319879.443, 93
Trd, 4319880.493, 92
Trd, 4319880.743, 92
Trd, 4319882.443, 92
Trd, 4319884.793, 92
Trd, 4319885.193, 102
Trd, 4319886.093, 109
Trd, 4319888.893, 95
Trd, 4319890.893, 95
Trd, 4319891.893, 94
Trd, 4319892.793, 93
Trd, 4319892.993, 93
Trd, 4319894.193, 93
Trd, 4319895.293, 95
Trd, 4319896.193, 103
Trd, 4319897.093, 104
Trd, 4319898.493, 97
Trd, 4319900.293, 97
Trd, 4319900.393, 98
Trd, 4319901.893, 103
Trd, 4319902.643, 99
Trd, 4319903.193, 99
Trd, 4319904.493, 100
Trd, 4319906.643, 102
Trd, 4319908.843, 99
Trd, 4319909.643, 99
Trd, 4319910.243, 98
Trd, 4319911.543, 100
Trd, 4319913.043, 97
Trd, 4319914.143, 99
Trd, 4319915.243, 95
Trd, 4319915.393, 97
Trd, 4319917.443, 97
Trd, 4319918.043, 98
Trd, 4319919.493, 100
Trd, 4319920.393, 100
Trd, 4319921.193, 94
Trd, 4319923.343, 93
Trd, 4319923.443, 96
Trd, 4319923.643, 97
Trd, 4319924.843, 104
Trd, 4319926.793, 96
Trd, 4319929.043, 95
Trd, 4319930.193, 93
Trd, 4319930.893, 94
Trd, 4319932.043, 94
Trd, 4319934.193, 94
Trd, 4319934.593, 94
Trd, 4319936.993, 93
Trd, 4319938.693, 93
Trd, 4319939.343, 93
Trd, 4319942.143, 93
Trd, 4319942.693, 94
Trd, 4319947.893, 94
Trd, 4319948.193, 94
Trd, 4319949.493, 95
Trd, 4319949.843, 99
Trd, 4319950.393, 98
Trd, 4319952.043, 99
Trd, 4319953.193, 97
Trd, 4319953.743, 98
Trd, 4319957.043, 95
Trd, 4319957.493, 94
Trd, 4319957.643, 96
Trd, 4319959.593, 95
Trd, 4319959.643, 96
Trd, 4319962.243, 95
Trd, 4319963.393, 96
Trd, 4319963.893, 96
Trd, 4319965.293, 94
Trd, 4319965.593, 95
Trd, 4319968.093, 95
Trd, 4319970.843, 93
Trd, 4319971.143, 96
Trd, 4319971.693, 95
Trd, 4319972.243, 96
Trd, 4319973.193, 97
Trd, 4319974.693, 99
Trd, 4319975.493, 99
Trd, 4319975.793, 99
Trd, 4319975.943, 104
Trd, 4319976.793, 105
Trd, 4319979.493, 94
Trd, 4319980.493, 97
Trd, 4319981.343, 89
Trd, 4319984.643, 87
Trd, 4319985.143, 86
Trd, 4319985.443, 95
Trd, 4319986.043, 88
Trd, 4319987.793, 90
Trd, 4319990.043, 89
Trd, 4319991.043, 90
Trd, 4319993.593, 89
Trd, 4319994.643, 89
Trd, 4319994.693, 89
Trd, 4319996.643, 101
Trd, 4319997.243, 105
