Trd, 4317896.443, 91
Trd, 4317897.093, 89
Trd, 4317898.343, 85
Trd, 4317900.643, 85
Trd, 4317901.443, 84
Trd, 4317901.693, 84
Trd, 4317904.943, 95
Trd, 4317905.043, 93
Trd, 4317905.393, 93
Trd, 4317906.643, 95
Trd, 4317908.443, 96
Trd, 4317909.593, 97
Trd, 4317911.643, 98
Trd, 4317912.193, 98
Trd, 4317913.343, 96
Trd, 4317913.593, 113
Trd, 4317916.093, 102
Trd, 4317917.993, 99
Trd, 4317918.893, 98
Trd, 4317919.293, 98
Trd, 4317919.443, 97
Trd, 4317921.743, 98
Trd, 4317922.643, 97
Trd, 4317924.393, 97
Trd, 4317924.643, 98
Trd, 4317924.793, 96
Trd, 4317925.443, 95
Trd, 4317926.693, 103
Trd, 4317929.243, 99
Trd, 4317929.893, 98
Trd, 4317932.293, 99
Trd, 4317933.593, 98
Trd, 4317933.943, 99
Trd, 4317934.143, 99
Trd, 4317935.493, 97
Trd, 4317937.443, 104
Trd, 4317938.193, 101
Trd, 4317938.893, 112
Trd, 4317942.193, 105
Trd, 4317944.143, 103
Trd, 4317945.343, 105
Trd, 4317945.893, 105
Trd, 4317946.693, 105
Trd, 4317946.993, 103
Trd, 4317948.243, 104
Trd, 4317950.493, 89
Trd, 4317952.193, 92
Trd, 4317953.543, 93
Trd, 4317954.043, 93
Trd, 4317955.443, 93
Trd, 4317957.143, 95
Trd, 4317957.243, 94
Trd, 4317957.593, 104
Trd, 4317958.743, 97
Trd, 4317959.693, 113
Trd, 4317962.843, 85
Trd, 4317963.993, 104
Trd, 4317964.993, 90
Trd, 4317967.793, 94
Trd, 4317968.193, 94
Trd, 4317969.243, 92
Trd, 4317969.893, 92
Trd, 4317970.743, 93
Trd, 4317972.043, 94
Trd, 4317972.643, 94
Trd, 4317974.543, 94
Trd, 4317975.743, 94
Trd, 4317977.393, 94
Trd, 4317977.893, 94
Trd, 4317979.193, 95
Trd, 4317981.093, 93
Trd, 4317981.543, 95
Trd, 4317982.493, 96
Trd, 4317984.243, 99
Trd, 4317984.843, 95
Trd, 4317987.343, 103
Trd, 4317987.643, 103
Trd, 4317988.843, 107
Trd, 4317989.293, 112
Trd, 4317990.943, 102
Trd, 4317991.693, 105
Trd, 4317992.893, 107
Trd, 4317995.243, 104
Trd, 4317996.093, 103
Trd, 4317998.143, 104
Trd, 4317998.843, 103
Trd, 4318000.093, 103
Trd, 4318000.643, 103
Trd, 4318002.043, 103
Trd, 4318002.343, 102
Trd, 4318004.393, 101
Trd, 4318004.593, 103
Trd, 4318007.693, 100
Trd, 4318008.343, 100
Trd, 4318010.193, 100
Trd, 4318011.493, 100
Trd, 4318012.043, 99
Trd, 4318012.093, 100
Trd, 4318015.193, 100
Trd, 4318016.143, 100
Trd, 4318016.243, 99
Trd, 4318016.643, 100
Trd, 4318019.293, 100
Trd, 4318020.943, 103
Trd, 4318021.643, 99
Trd, 4318022.193, 100
Trd, 4318022.943, 111
Trd, 4318023.543, 99
Trd, 4318025.693, 101
Trd, 4318027.943, 100
Trd, 4318029.193, 102
Trd, 4318029.393, 101
Trd, 4318029.493, 104
Trd, 4318031.693, 99
Trd, 4318034.093, 99
Trd, 4318034.743, 86
Trd, 4318035.693, 92
Trd, 4318036.493, 91
Trd, 4318038.443, 91
Trd, 4318038.693, 91
Trd, 4318039.743, 90
Trd, 4318041.293, 92
Trd, 4318042.493, 95
Trd, 4318043.393, 96
Trd, 4318044.543, 97
Trd, 4318044.893, 96
Trd, 4318045.793, 97
Trd, 4318046.043, 96
Trd, 4318048.543, 101
Trd, 4318048.793, 101
Trd, 4318048.843, 110
Trd, 4318050.243, 99
Trd, 4318053.393, 98
Trd, 4318054.693, 98
Trd, 4318055.793, 98
Trd, 4318056.443, 98
Trd, 4318057.793, 98
Trd, 4318059.593, 96
Trd, 4318060.443, 78
Trd, 4318061.893, 86
Trd, 4318063.043, 84
Trd, 4318064.993, 91
Trd, 4318065.743, 88
Trd, 4318066.993, 92
Trd, 4318067.443, 94
Trd, 4318067.893, 95
Trd, 4318069.543, 91
Trd, 4318069.743, 95
Trd, 4318071.293, 98
Trd, 4318071.943, 98
Trd, 4318074.343, 101
Trd, 4318075.443, 112
Trd, 4318077.493, 106
Trd, 4318077.543, 105
Trd, 4318078.493, 105
Trd, 4318078.943, 104
Trd, 4318079.543, 123
Trd, 4318079.593, 122
Trd, 4318081.043, 103
Trd, 4318084.843, 108
Trd, 4318085.393, 106
Trd, 4318086.193, 104
Trd, 4318087.343, 103
Trd, 4318087.793, 95
Trd, 4318090.743, 104
Trd, 4318091.943, 87
Trd, 4318092.493, 94
Trd, 4318093.393, 93
Trd, 4318094.593, 95
Trd, 4318095.243, 113
Trd, 4318097.193, 95
Trd, 4318098.393, 97
Trd, 4318098.493, 96
Trd, 4318099.493, 95
Trd, 4318102.093, 95
Trd, 4318102.143, 96
Trd, 4318103.543, 95
Trd, 4318104.893, 95
Trd, 4318107.643, 96
Trd, 4318108.193, 95
Trd, 4318108.243, 95
Trd, 4318109.543, 95
Trd, 4318110.193, 93
Trd, 4318111.093, 94
Trd, 4318112.893, 93
Trd, 4318113.393, 94
Trd, 4318113.943, 94
Trd, 4318114.443, 93
Trd, 4318114.743, 94
Trd, 4318116.043, 94
Trd, 4318117.493, 95
Trd, 4318118.693, 95
Trd, 4318120.343, 95
Trd, 4318120.943, 95
Trd, 4318120.993, 94
Trd, 4318125.743, 89
Trd, 4318125.843, 88
Trd, 4318127.943, 89
Trd, 4318128.443, 93
Trd, 4318130.393, 95
Trd, 4318132.893, 93
Trd, 4318133.343, 92
Trd, 4318134.243, 92
Trd, 4318134.293, 90
Trd, 4318136.143, 81
Trd, 4318137.093, 83
Trd, 4318137.143, 81
Trd, 4318139.393, 86
Trd, 4318141.193, 89
Trd, 4318142.493, 92
Trd, 4318142.593, 94
Trd, 4318143.493, 92
Trd, 4318144.743, 95
Trd, 4318144.843, 104
Trd, 4318146.893, 95
Trd, 4318147.593, 96
Trd, 4318150.843, 95
Trd, 4318152.743, 96
Trd, 4318153.293, 96
Trd, 4318154.243, 95
Trd, 4318154.993, 94
Trd, 4318155.943, 96
Trd, 4318157.893, 92
Trd, 4318159.343, 94
Trd, 4318159.443, 89
Trd, 4318159.843, 94
Trd, 4318161.793, 94
Trd, 4318162.393, 92
Trd, 4318165.143, 95
Trd, 4318166.243, 95
Trd, 4318166.543, 95
Trd, 4318169.443, 103
Trd, 4318171.493, 102
Trd, 4318171.743, 99
Trd, 4318172.493, 99
Trd, 4318173.943, 99
Trd, 4318176.493, 98
Trd, 4318177.243, 97
Trd, 4318177.543, 94
Trd, 4318181.343, 93
Trd, 4318181.443, 93
Trd, 4318182.593, 91
Trd, 4318183.093, 91
Trd, 4318183.493, 90
Trd, 4318184.643, 95
Trd, 4318185.393, 112
Trd, 4318186.293, 100
Trd, 4318186.993, 101
Trd, 4318188.643, 102
Trd, 4318188.943, 100
Trd, 4318193.993, 110
Trd, 4318194.043, 105
Trd, 4318194.793, 104
Trd, 4318196.793, 104
Trd, 4318197.143, 105
Trd, 4318198.743, 106
Trd, 4318199.493, 106
Trd, 4318200.893, 105
Trd, 4318201.493, 103
Trd, 4318205.393, 92
Trd, 4318205.593, 94
Trd, 4318205.993, 94
Trd, 4318207.043, 95
Trd, 4318207.843, 95
Trd, 4318209.243, 93
Trd, 4318211.043, 95
Trd, 4318211.743, 97
Trd, 4318212.943, 104
Trd, 4318213.343, 96
Trd, 4318214.793, 94
Trd, 4318215.893, 92
Trd, 4318217.693, 93
Trd, 4318218.393, 92
Trd, 4318219.743, 95
Trd, 4318220.343, 103
Trd, 4318223.293, 97
Trd, 4318224.793, 97
Trd, 4318225.093, 97
Trd, 4318226.093, 97
Trd, 4318227.593, 97
Trd, 4318227.943, 98
Trd, 4318229.293, 96
Trd, 4318231.043, 97
Trd, 4318231.143, 99
Trd, 4318232.643, 100
Trd, 4318233.093, 104
Trd, 4318235.143, 97
Trd, 4318237.343, 97
Trd, 4318239.443, 97
Trd, 4318239.643, 96
Trd, 4318240.693, 98
Trd, 4318242.443, 97
Trd, 4318242.543, 95
Trd, 4318244.393, 95
Trd, 4318245.193, 96
Trd, 4318246.743, 99
Trd, 4318247.843, 99
Trd, 4318250.393, 98
Trd, 4318251.393, 99
Trd, 4318252.793, 104
Trd, 4318254.893, 100
Trd, 4318254.993, 99
Trd, 4318256.543, 99
Trd, 4318258.143, 100
Trd, 4318259.243, 101
Trd, 4318259.543, 100
Trd, 4318259.643, 99
Trd, 4318261.343, 99
Trd, 4318261.793, 98
Trd, 4318264.443, 101
Trd, 4318265.693, 105
Trd, 4318266.293, 102
Trd, 4318266.443, 111
Trd, 4318269.943, 110
Trd, 4318270.493, 108
Trd, 4318271.043, 113
Trd, 4318271.243, 109
Trd, 4318272.593, 110
Trd, 4318274.643, 104
Trd, 4318274.993, 104
Trd, 4318275.143, 103
Trd, 4318279.293, 102
Trd, 4318281.143, 102
Trd, 4318281.793, 104
Trd, 4318283.293, 101
Trd, 4318283.843, 77
Trd, 4318284.343, 91
Trd, 4318286.893, 90
Trd, 4318287.793, 94
Trd, 4318290.893, 94
Trd, 4318290.993, 93
Trd, 4318291.393, 93
Trd, 4318295.043, 100
Trd, 4318295.143, 99
Trd, 4318297.043, 96
Trd, 4318297.393, 111
Trd, 4318299.643, 92
Trd, 4318300.593, 92
Trd, 4318301.693, 92
Trd, 4318302.093, 92
Trd, 4318303.943, 90
Trd, 4318305.893, 90
Trd, 4318306.593, 83
Trd, 4318307.743, 88
Trd, 4318307.793, 88
Trd, 4318308.393, 87
Trd, 4318309.393, 104
Trd, 4318312.743, 91
Trd, 4318313.043, 91
Trd, 4318313.793, 94
Trd, 4318314.543, 95
Trd, 4318314.993, 93
Trd, 4318316.143, 92
Trd, 4318318.843, 92
Trd, 4318319.593, 91
Trd, 4318319.943, 82
Trd, 4318321.943, 89
Trd, 4318322.693, 88
Trd, 4318323.243, 88
Trd, 4318325.293, 94
Trd, 4318325.843, 91
Trd, 4318327.793, 91
Trd, 4318328.143, 93
Trd, 4318330.493, 101
Trd, 4318330.843, 97
Trd, 4318330.993, 96
Trd, 4318335.443, 79
Trd, 4318335.593, 84
Trd, 4318338.793, 87
Trd, 4318339.843, 88
Trd, 4318340.143, 95
Trd, 4318340.343, 88
Trd, 4318343.793, 87
Trd, 4318343.943, 87
Trd, 4318345.093, 94
Trd, 4318346.693, 81
Trd, 4318350.393, 94
Trd, 4318351.043, 92
Trd, 4318352.643, 93
Trd, 4318353.193, 93
Trd, 4318355.843, 95
Trd, 4318356.293, 103
Trd, 4318356.793, 96
Trd, 4318358.843, 95
Trd, 4318359.693, 93
Trd, 4318361.493, 95
Trd, 4318362.943, 94
Trd, 4318363.543, 95
Trd, 4318365.143, 95
Trd, 4318365.393, 104
Trd, 4318366.443, 91
Trd, 4318369.643, 89
Trd, 4318370.243, 88
Trd, 4318371.493, 89
Trd, 4318372.093, 77
Trd, 4318373.893, 85
Trd, 4318374.093, 83
Trd, 4318374.693, 84
Trd, 4318375.793, 95
Trd, 4318377.693, 84
Trd, 4318379.093, 85
Trd, 4318380.643, 86
Trd, 4318382.593, 93
Trd, 4318384.043, 89
Trd, 4318384.443, 88
Trd, 4318385.243, 87
Trd, 4318385.743, 89
Trd, 4318387.393, 94
Trd, 4318387.593, 95
Trd, 4318388.393, 104
Trd, 4318390.343, 79
Trd, 4318391.693, 87
Trd, 4318393.443, 86
Trd, 4318394.243, 87
Trd, 4318395.043, 87
Trd, 4318396.343, 87
Trd, 4318398.593, 94
Trd, 4318400.693, 94
Trd, 4318401.093, 95
Trd, 4318401.993, 97
Trd, 4318403.993, 98
Trd, 4318404.843, 97
Trd, 4318405.143, 82
Trd, 4318407.143, 87
Trd, 4318408.643, 81
Trd, 4318409.193, 95
Trd, 4318412.193, 95
Trd, 4318413.093, 94
Trd, 4318413.243, 93
Trd, 4318415.393, 96
Trd, 4318416.543, 95
Trd, 4318417.093, 95
Trd, 4318417.643, 95
Trd, 4318418.143, 94
Trd, 4318419.443, 95
Trd, 4318421.593, 86
Trd, 4318422.043, 95
Trd, 4318424.043, 91
Trd, 4318424.393, 90
Trd, 4318427.543, 115
Trd, 4318428.043, 99
Trd, 4318428.793, 105
Trd, 4318428.893, 102
Trd, 4318430.593, 102
Trd, 4318430.893, 99
Trd, 4318432.643, 95
Trd, 4318432.693, 99
Trd, 4318435.243, 97
Trd, 4318435.393, 99
Trd, 4318437.293, 103
Trd, 4318438.593, 100
Trd, 4318439.493, 102
Trd, 4318440.043, 101
Trd, 4318440.093, 95
Trd, 4318443.343, 97
Trd, 4318443.643, 100
Trd, 4318445.093, 102
Trd, 4318445.143, 101
Trd, 4318447.843, 104
Trd, 4318449.943, 103
Trd, 4318450.243, 103
Trd, 4318450.943, 81
Trd, 4318452.293, 88
Trd, 4318452.343, 92
Trd, 4318454.043, 89
Trd, 4318454.693, 90
Trd, 4318456.293, 93
Trd, 4318457.443, 92
Trd, 4318458.493, 93
Trd, 4318458.643, 92
Trd, 4318461.293, 97
Trd, 4318461.893, 97
Trd, 4318462.343, 95
Trd, 4318463.193, 96
Trd, 4318463.743, 95
Trd, 4318466.143, 104
Trd, 4318468.693, 109
Trd, 4318468.843, 105
Trd, 4318468.993, 103
Trd, 4318470.943, 102
Trd, 4318471.043, 104
Trd, 4318472.493, 100
Trd, 4318473.443, 100
Trd, 4318475.543, 101
Trd, 4318476.293, 101
Trd, 4318477.193, 122
Trd, 4318479.243, 112
Trd, 4318479.443, 109
Trd, 4318481.643, 102
Trd, 4318481.893, 103
Trd, 4318484.943, 101
Trd, 4318485.243, 103
Trd, 4318486.443, 104
Trd, 4318487.193, 104
Trd, 4318489.193, 103
Trd, 4318489.893, 100
Trd, 4318491.893, 99
Trd, 4318493.693, 100
Trd, 4318494.243, 100
Trd, 4318496.693, 102
Trd, 4318497.743, 124
Trd, 4318497.943, 122
Trd, 4318500.793, 100
Trd, 4318501.193, 95
Trd, 4318502.743, 99
Trd, 4318503.543, 97
Trd, 4318505.843, 81
Trd, 4318505.993, 91
Trd, 4318508.593, 84
Trd, 4318508.743, 85
Trd, 4318508.843, 87
Trd, 4318509.243, 84
Trd, 4318511.293, 90
Trd, 4318513.193, 89
Trd, 4318514.493, 93
Trd, 4318515.843, 95
Trd, 4318516.743, 96
Trd, 4318517.943, 97
Trd, 4318519.143, 95
Trd, 4318520.793, 95
Trd, 4318521.493, 96
Trd, 4318523.143, 95
Trd, 4318524.543, 95
Trd, 4318524.743, 95
Trd, 4318524.993, 94
Trd, 4318528.293, 99
Trd, 4318529.793, 101
Trd, 4318529.943, 98
Trd, 4318530.243, 81
Trd, 4318532.543, 99
Trd, 4318534.393, 102
Trd, 4318534.843, 106
Trd, 4318535.443, 103
Trd, 4318535.893, 102
Trd, 4318538.393, 99
Trd, 4318538.443, 98
Trd, 4318539.893, 95
Trd, 4318539.993, 100
Trd, 4318543.693, 102
Trd, 4318546.743, 101
Trd, 4318546.793, 104
Trd, 4318546.993, 100
Trd, 4318548.193, 100
Trd, 4318549.843, 99
Trd, 4318551.393, 98
Trd, 4318551.593, 97
Trd, 4318552.643, 96
Trd, 4318553.593, 104
Trd, 4318555.843, 90
Trd, 4318556.743, 91
Trd, 4318557.993, 84
Trd, 4318560.593, 90
Trd, 4318561.443, 94
Trd, 4318562.393, 94
Trd, 4318562.543, 95
Trd, 4318562.943, 93
Trd, 4318566.593, 95
Trd, 4318567.843, 95
Trd, 4318568.743, 93
Trd, 4318569.693, 95
Trd, 4318570.843, 95
Trd, 4318571.593, 96
Trd, 4318571.943, 94
Trd, 4318574.093, 93
Trd, 4318577.343, 92
Trd, 4318577.743, 91
Trd, 4318577.793, 112
Trd, 4318578.643, 91
Trd, 4318580.493, 96
Trd, 4318580.843, 98
Trd, 4318583.193, 97
Trd, 4318583.993, 97
Trd, 4318584.893, 95
Trd, 4318585.743, 98
Trd, 4318587.543, 98
Trd, 4318588.493, 100
Trd, 4318589.643, 99
Trd, 4318590.943, 100
Trd, 4318591.393, 122
Trd, 4318592.593, 111
Trd, 4318592.793, 95
Trd, 4318595.743, 108
Trd, 4318596.643, 97
Trd, 4318598.643, 104
Trd, 4318599.643, 103
Trd, 4318599.693, 102
Trd, 4318600.343, 102
Trd, 4318600.593, 103
Trd, 4318604.893, 103
Trd, 4318605.193, 99
Trd, 4318605.643, 103
Trd, 4318608.793, 103
Trd, 4318609.793, 102
Trd, 4318610.743, 103
Trd, 4318611.743, 103
Trd, 4318614.043, 104
Trd, 4318614.243, 102
Trd, 4318614.993, 104
Trd, 4318615.393, 101
Trd, 4318618.843, 101
Trd, 4318618.993, 101
Trd, 4318619.593, 100
Trd, 4318620.543, 100
Trd, 4318621.193, 98
Trd, 4318623.793, 98
Trd, 4318623.843, 99
Trd, 4318624.843, 99
Trd, 4318625.943, 100
Trd, 4318627.193, 99
Trd, 4318629.043, 99
Trd, 4318630.843, 112
Trd, 4318632.243, 105
Trd, 4318632.893, 104
Trd, 4318633.793, 103
Trd, 4318634.143, 103
Trd, 4318634.193, 102
Trd, 4318636.643, 101
Trd, 4318637.443, 104
Trd, 4318639.343, 101
Trd, 4318640.393, 102
Trd, 4318641.093, 102
Trd, 4318643.943, 102
Trd, 4318644.343, 101
Trd, 4318644.593, 95
Trd, 4318645.143, 102
Trd, 4318647.093, 102
Trd, 4318647.693, 102
Trd, 4318649.243, 102
Trd, 4318649.293, 101
Trd, 4318651.743, 101
Trd, 4318653.793, 101
Trd, 4318653.843, 99
Trd, 4318654.543, 101
Trd, 4318656.893, 101
Trd, 4318657.443, 99
Trd, 4318657.743, 100
Trd, 4318658.443, 95
Trd, 4318663.893, 97
Trd, 4318664.493, 97
Trd, 4318664.743, 98
Trd, 4318665.343, 96
Trd, 4318666.643, 97
Trd, 4318667.493, 100
Trd, 4318669.143, 98
Trd, 4318670.393, 99
Trd, 4318671.693, 100
Trd, 4318672.593, 99
Trd, 4318674.693, 108
Trd, 4318675.343, 109
Trd, 4318676.143, 108
Trd, 4318676.243, 102
Trd, 4318676.943, 97
Trd, 4318678.343, 86
Trd, 4318678.443, 83
Trd, 4318680.343, 86
Trd, 4318682.193, 86
Trd, 4318683.343, 86
Trd, 4318683.943, 85
Trd, 4318685.093, 94
Trd, 4318686.043, 86
Trd, 4318688.243, 88
Trd, 4318689.193, 88
Trd, 4318690.343, 89
Trd, 4318691.843, 90
Trd, 4318693.493, 93
Trd, 4318694.393, 95
Trd, 4318694.743, 104
Trd, 4318695.543, 96
Trd, 4318697.243, 97
Trd, 4318698.943, 97
Trd, 4318699.443, 97
Trd, 4318700.043, 97
Trd, 4318703.443, 77
Trd, 4318703.793, 80
Trd, 4318705.193, 85
Trd, 4318705.943, 84
Trd, 4318707.843, 85
Trd, 4318708.493, 87
Trd, 4318710.193, 88
Trd, 4318710.693, 87
Trd, 4318712.343, 95
Trd, 4318713.793, 92
Trd, 4318716.393, 95
Trd, 4318716.443, 95
Trd, 4318716.793, 95
Trd, 4318717.943, 95
Trd, 4318718.093, 94
Trd, 4318718.743, 96
Trd, 4318720.143, 94
Trd, 4318720.743, 113
Trd, 4318723.993, 96
Trd, 4318724.193, 96
Trd, 4318724.643, 95
Trd, 4318726.193, 97
Trd, 4318726.943, 104
Trd, 4318729.193, 97
Trd, 4318730.093, 96
Trd, 4318731.243, 95
Trd, 4318732.943, 96
Trd, 4318735.543, 96
Trd, 4318735.693, 96
Trd, 4318737.143, 95
Trd, 4318738.593, 95
Trd, 4318739.243, 94
Trd, 4318739.393, 93
Trd, 4318742.293, 92
Trd, 4318743.743, 91
Trd, 4318743.793, 83
Trd, 4318743.993, 91
Trd, 4318747.593, 92
Trd, 4318747.993, 90
Trd, 4318749.343, 95
Trd, 4318750.093, 94
Trd, 4318751.543, 94
Trd, 4318753.043, 93
Trd, 4318754.743, 93
Trd, 4318755.443, 94
Trd, 4318757.293, 95
Trd, 4318757.843, 103
Trd, 4318758.693, 95
Trd, 4318759.643, 98
Trd, 4318761.043, 104
Trd, 4318761.793, 101
Trd, 4318762.243, 102
Trd, 4318764.693, 101
Trd, 4318765.593, 101
Trd, 4318766.293, 98
Trd, 4318769.443, 82
Trd, 4318769.693, 92
Trd, 4318771.843, 85
Trd, 4318772.693, 90
Trd, 4318773.593, 91
Trd, 4318774.293, 95
Trd, 4318775.193, 93
Trd, 4318777.993, 103
Trd, 4318779.293, 99
Trd, 4318780.143, 99
Trd, 4318781.093, 98
Trd, 4318783.193, 99
Trd, 4318783.943, 101
Trd, 4318784.693, 101
Trd, 4318785.193, 104
Trd, 4318786.893, 103
Trd, 4318788.743, 100
Trd, 4318790.843, 101
Trd, 4318791.893, 101
Trd, 4318792.293, 100
Trd, 4318795.393, 92
Trd, 4318795.843, 89
Trd, 4318796.793, 92
Trd, 4318797.043, 95
Trd, 4318798.643, 96
Trd, 4318800.243, 96
Trd, 4318801.543, 98
Trd, 4318803.293, 104
Trd, 4318804.493, 113
Trd, 4318805.943, 97
Trd, 4318806.743, 99
Trd, 4318808.343, 97
Trd, 4318809.143, 96
Trd, 4318810.943, 122
Trd, 4318811.243, 106
Trd, 4318812.343, 99
Trd, 4318813.143, 103
Trd, 4318816.043, 93
Trd, 4318816.793, 93
Trd, 4318817.943, 95
Trd, 4318818.193, 93
Trd, 4318819.493, 94
Trd, 4318820.043, 96
Trd, 4318821.493, 95
Trd, 4318823.093, 78
Trd, 4318824.543, 91
Trd, 4318824.593, 94
Trd, 4318826.093, 93
Trd, 4318827.093, 95
Trd, 4318827.643, 95
Trd, 4318829.693, 96
Trd, 4318830.193, 101
Trd, 4318830.943, 95
Trd, 4318831.843, 95
Trd, 4318835.243, 99
Trd, 4318835.793, 96
Trd, 4318836.743, 96
Trd, 4318837.093, 101
Trd, 4318838.393, 98
Trd, 4318839.593, 98
Trd, 4318839.793, 97
Trd, 4318840.143, 97
Trd, 4318841.343, 99
Trd, 4318844.143, 101
Trd, 4318846.193, 105
Trd, 4318846.343, 104
Trd, 4318849.243, 103
Trd, 4318849.693, 104
Trd, 4318851.393, 102
Trd, 4318852.343, 98
Trd, 4318852.843, 100
Trd, 4318853.893, 99
Trd, 4318855.843, 99
Trd, 4318857.893, 100
Trd, 4318859.393, 100
Trd, 4318862.243, 101
Trd, 4318862.293, 100
Trd, 4318864.243, 99
Trd, 4318865.493, 98
Trd, 4318866.543, 100
Trd, 4318867.793, 98
Trd, 4318868.393, 97
Trd, 4318869.043, 97
Trd, 4318871.093, 98
Trd, 4318871.543, 96
Trd, 4318873.393, 99
Trd, 4318873.493, 98
Trd, 4318874.893, 98
Trd, 4318877.993, 98
Trd, 4318878.593, 98
Trd, 4318879.543, 98
Trd, 4318879.793, 97
Trd, 4318882.293, 99
Trd, 4318883.543, 90
Trd, 4318884.143, 94
Trd, 4318884.193, 98
Trd, 4318886.093, 98
Trd, 4318887.243, 100
Trd, 4318889.293, 99
Trd, 4318889.643, 98
Trd, 4318889.993, 97
Trd, 4318891.693, 98
Trd, 4318892.693, 98
Trd, 4318894.043, 98
Trd, 4318894.693, 98
Trd, 4318895.993, 83
Trd, 4318897.143, 95
Trd, 4318897.543, 94
Trd, 4318898.143, 96
Trd, 4318900.293, 96
Trd, 4318900.843, 96
Trd, 4318901.793, 96
Trd, 4318902.543, 120
Trd, 4318904.143, 95
Trd, 4318906.143, 99
Trd, 4318908.443, 101
Trd, 4318908.693, 102
Trd, 4318910.793, 100
Trd, 4318910.843, 99
Trd, 4318912.743, 99
Trd, 4318913.493, 99
Trd, 4318914.543, 99
Trd, 4318914.643, 98
Trd, 4318917.443, 90
Trd, 4318918.243, 87
Trd, 4318918.643, 88
Trd, 4318921.493, 85
Trd, 4318922.993, 88
Trd, 4318925.193, 94
Trd, 4318927.043, 93
Trd, 4318928.993, 95
Trd, 4318929.293, 93
Trd, 4318929.843, 92
Trd, 4318932.943, 101
Trd, 4318933.193, 108
Trd, 4318934.143, 101
Trd, 4318935.893, 102
Trd, 4318937.693, 100
Trd, 4318938.393, 98
Trd, 4318938.643, 97
Trd, 4318939.193, 97
Trd, 4318940.443, 101
Trd, 4318940.993, 100
Trd, 4318941.993, 100
Trd, 4318945.043, 100
Trd, 4318947.343, 99
Trd, 4318947.493, 100
Trd, 4318948.143, 99
Trd, 4318948.193, 100
Trd, 4318949.143, 88
Trd, 4318950.443, 84
Trd, 4318950.993, 87
Trd, 4318951.093, 89
Trd, 4318952.593, 88
Trd, 4318954.093, 88
Trd, 4318956.993, 87
Trd, 4318957.943, 86
Trd, 4318958.793, 85
Trd, 4318959.543, 88
Trd, 4318963.093, 89
Trd, 4318963.293, 87
Trd, 4318963.693, 88
Trd, 4318965.493, 94
Trd, 4318965.543, 86
Trd, 4318966.093, 95
Trd, 4318970.593, 90
Trd, 4318970.843, 90
Trd, 4318971.943, 90
Trd, 4318973.193, 94
Trd, 4318974.993, 100
Trd, 4318976.393, 94
Trd, 4318976.893, 95
Trd, 4318977.893, 97
Trd, 4318978.143, 97
Trd, 4318979.593, 104
Trd, 4318980.493, 96
Trd, 4318983.043, 83
Trd, 4318985.443, 93
Trd, 4318986.243, 94
Trd, 4318986.643, 93
Trd, 4318986.943, 93
Trd, 4318987.843, 95
Trd, 4318988.243, 93
Trd, 4318990.843, 95
Trd, 4318992.193, 95
Trd, 4318995.343, 101
Trd, 4318995.893, 109
Trd, 4318996.043, 104
Trd, 4318997.293, 103
Trd, 4318997.943, 100
Trd, 4318998.643, 104
Trd, 4318999.643, 104
Trd, 4319000.593, 103
Trd, 4319001.893, 122
Trd, 4319002.543, 102
Trd, 4319003.893, 108
Trd, 4319007.093, 100
Trd, 4319007.293, 99
Trd, 4319010.593, 98
Trd, 4319011.893, 98
Trd, 4319012.043, 95
Trd, 4319012.493, 97
Trd, 4319012.943, 81
Trd, 4319014.343, 100
Trd, 4319016.193, 96
Trd, 4319016.293, 97
Trd, 4319018.193, 98
Trd, 4319018.293, 104
Trd, 4319019.943, 97
Trd, 4319021.893, 97
Trd, 4319022.993, 98
Trd, 4319023.343, 97
Trd, 4319024.243, 95
Trd, 4319025.893, 97
Trd, 4319028.543, 97
Trd, 4319029.493, 97
Trd, 4319030.893, 96
Trd, 4319031.543, 97
Trd, 4319032.993, 98
Trd, 4319033.343, 95
Trd, 4319033.693, 98
Trd, 4319036.893, 96
Trd, 4319037.293, 96
Trd, 4319037.793, 94
Trd, 4319039.243, 97
Trd, 4319039.693, 97
Trd, 4319041.693, 115
Trd, 4319043.743, 99
Trd, 4319045.343, 102
Trd, 4319045.793, 104
Trd, 4319045.943, 104
Trd, 4319046.093, 105
Trd, 4319048.493, 102
Trd, 4319049.493, 105
Trd, 4319050.343, 99
Trd, 4319052.193, 90
Trd, 4319052.743, 95
Trd, 4319053.243, 93
Trd, 4319053.793, 90
Trd, 4319055.993, 92
Trd, 4319058.893, 91
Trd, 4319060.743, 91
Trd, 4319061.043, 91
Trd, 4319061.693, 92
Trd, 4319063.843, 104
Trd, 4319064.693, 100
Trd, 4319064.943, 99
Trd, 4319066.143, 99
Trd, 4319066.993, 100
Trd, 4319070.193, 96
Trd, 4319070.343, 97
Trd, 4319071.843, 95
Trd, 4319072.393, 93
Trd, 4319072.993, 95
Trd, 4319073.343, 96
Trd, 4319075.093, 95
Trd, 4319076.443, 99
Trd, 4319078.243, 97
Trd, 4319078.593, 100
Trd, 4319079.543, 100
Trd, 4319080.493, 104
Trd, 4319083.643, 98
Trd, 4319083.793, 99
Trd, 4319084.193, 99
Trd, 4319086.593, 99
Trd, 4319087.743, 98
Trd, 4319088.393, 98
Trd, 4319088.793, 104
Trd, 4319089.043, 98
Trd, 4319089.943, 100
Trd, 4319093.043, 99
Trd, 4319095.093, 95
Trd, 4319096.293, 99
Trd, 4319099.443, 98
Trd, 4319100.843, 99
Trd, 4319102.743, 100
Trd, 4319103.393, 100
Trd, 4319104.743, 104
Trd, 4319106.743, 100
Trd, 4319107.043, 99
Trd, 4319107.243, 99
Trd, 4319107.693, 81
Trd, 4319111.143, 97
Trd, 4319111.343, 95
Trd, 4319111.843, 96
Trd, 4319114.343, 96
Trd, 4319115.843, 97
Trd, 4319116.043, 95
Trd, 4319117.743, 97
Trd, 4319118.143, 98
Trd, 4319118.693, 98
Trd, 4319120.443, 99
Trd, 4319122.793, 99
Trd, 4319123.643, 103
Trd, 4319124.343, 100
Trd, 4319126.193, 98
Trd, 4319127.943, 100
Trd, 4319129.293, 98
Trd, 4319129.843, 96
Trd, 4319131.443, 96
Trd, 4319131.793, 95
Trd, 4319132.793, 97
Trd, 4319134.093, 97
Trd, 4319135.293, 101
Trd, 4319137.343, 101
Trd, 4319137.793, 99
Trd, 4319139.943, 101
Trd, 4319140.543, 100
Trd, 4319141.293, 101
Trd, 4319142.593, 101
Trd, 4319143.143, 100
Trd, 4319143.643, 99
Trd, 4319144.243, 104
Trd, 4319146.343, 99
Trd, 4319146.993, 98
Trd, 4319148.743, 97
Trd, 4319150.343, 97
Trd, 4319150.943, 97
Trd, 4319151.793, 97
Trd, 4319153.643, 99
Trd, 4319154.943, 97
Trd, 4319155.443, 98
Trd, 4319156.443, 77
Trd, 4319161.793, 90
Trd, 4319163.143, 91
Trd, 4319163.993, 92
Trd, 4319165.093, 95
Trd, 4319166.293, 95
Trd, 4319169.043, 101
Trd, 4319169.343, 100
Trd, 4319169.693, 101
Trd, 4319171.293, 103
Trd, 4319172.443, 104
Trd, 4319172.993, 110
Trd, 4319174.593, 108
Trd, 4319174.993, 103
Trd, 4319177.993, 105
Trd, 4319178.093, 104
Trd, 4319178.893, 102
Trd, 4319181.343, 103
Trd, 4319181.543, 101
Trd, 4319183.443, 100
Trd, 4319183.993, 104
Trd, 4319185.393, 100
Trd, 4319187.543, 100
Trd, 4319188.893, 101
Trd, 4319189.893, 101
Trd, 4319191.693, 95
Trd, 4319193.043, 95
Trd, 4319198.243, 86
Trd, 4319198.693, 82
Trd, 4319199.143, 87
Trd, 4319199.943, 87
Trd, 4319202.343, 92
Trd, 4319202.893, 96
Trd, 4319203.443, 95
Trd, 4319205.493, 92
Trd, 4319206.393, 107
Trd, 4319207.393, 108
Trd, 4319208.043, 100
Trd, 4319210.043, 100
Trd, 4319212.243, 103
Trd, 4319212.493, 102
Trd, 4319214.243, 100
Trd, 4319215.043, 99
Trd, 4319215.593, 98
Trd, 4319217.693, 97
Trd, 4319217.793, 98
Trd, 4319218.993, 97
Trd, 4319219.943, 97
Trd, 4319222.093, 85
Trd, 4319223.543, 88
Trd, 4319224.443, 91
Trd, 4319224.943, 90
Trd, 4319226.643, 92
Trd, 4319227.043, 95
Trd, 4319228.543, 96
Trd, 4319230.743, 96
Trd, 4319231.043, 95
Trd, 4319232.643, 93
Trd, 4319234.543, 94
Trd, 4319235.693, 93
Trd, 4319237.543, 93
Trd, 4319237.893, 94
Trd, 4319239.993, 94
Trd, 4319240.993, 97
Trd, 4319242.243, 121
Trd, 4319244.993, 98
Trd, 4319245.043, 97
Trd, 4319246.043, 98
Trd, 4319247.693, 99
Trd, 4319248.643, 99
Trd, 4319248.943, 95
Trd, 4319250.143, 98
Trd, 4319251.243, 95
Trd, 4319254.693, 96
Trd, 4319254.943, 95
Trd, 4319257.043, 96
Trd, 4319259.093, 96
Trd, 4319260.343, 95
Trd, 4319260.593, 96
Trd, 4319261.143, 95
Trd, 4319262.543, 96
Trd, 4319262.793, 95
Trd, 4319263.293, 96
Trd, 4319264.893, 96
Trd, 4319265.993, 97
Trd, 4319269.043, 94
Trd, 4319270.143, 96
Trd, 4319271.043, 93
Trd, 4319271.943, 82
Trd, 4319272.843, 83
Trd, 4319273.293, 86
Trd, 4319274.343, 85
Trd, 4319275.093, 86
Trd, 4319276.693, 90
Trd, 4319276.743, 104
Trd, 4319278.593, 92
Trd, 4319279.993, 95
Trd, 4319280.943, 95
Trd, 4319281.993, 94
Trd, 4319282.493, 95
Trd, 4319282.843, 94
Trd, 4319285.393, 95
Trd, 4319286.443, 95
Trd, 4319286.743, 96
Trd, 4319287.693, 95
Trd, 4319287.793, 104
Trd, 4319289.743, 96
Trd, 4319290.893, 96
Trd, 4319291.193, 95
Trd, 4319293.493, 95
Trd, 4319294.493, 97
Trd, 4319296.343, 96
Trd, 4319296.443, 94
Trd, 4319296.893, 96
Trd, 4319298.093, 95
Trd, 4319298.393, 93
Trd, 4319298.643, 104
Trd, 4319301.693, 93
Trd, 4319301.843, 92
Trd, 4319304.293, 88
Trd, 4319306.643, 90
Trd, 4319307.143, 90
Trd, 4319307.193, 89
Trd, 4319309.293, 95
Trd, 4319310.893, 95
Trd, 4319313.193, 98
Trd, 4319314.443, 99
Trd, 4319314.643, 98
Trd, 4319315.593, 98
Trd, 4319315.793, 104
Trd, 4319316.293, 84
Trd, 4319317.593, 95
Trd, 4319320.193, 97
Trd, 4319321.543, 96
Trd, 4319321.993, 96
Trd, 4319322.643, 96
Trd, 4319323.193, 97
Trd, 4319324.093, 95
Trd, 4319325.943, 95
Trd, 4319326.293, 95
Trd, 4319327.743, 96
Trd, 4319329.993, 97
Trd, 4319330.493, 96
Trd, 4319331.193, 102
Trd, 4319331.443, 81
Trd, 4319336.293, 96
Trd, 4319336.843, 97
Trd, 4319337.293, 97
Trd, 4319337.393, 96
Trd, 4319337.443, 104
Trd, 4319337.543, 95
Trd, 4319339.493, 97
Trd, 4319340.493, 77
Trd, 4319341.643, 84
Trd, 4319342.943, 87
Trd, 4319344.193, 87
Trd, 4319344.443, 92
Trd, 4319345.743, 90
Trd, 4319346.143, 91
Trd, 4319348.593, 95
Trd, 4319350.893, 96
Trd, 4319352.593, 96
Trd, 4319353.093, 96
Trd, 4319353.543, 96
Trd, 4319354.293, 95
Trd, 4319355.543, 93
Trd, 4319358.693, 96
Trd, 4319360.193, 94
Trd, 4319361.593, 92
Trd, 4319362.093, 93
Trd, 4319363.043, 94
Trd, 4319364.443, 95
Trd, 4319364.593, 91
Trd, 4319365.243, 95
Trd, 4319365.993, 116
Trd, 4319366.593, 102
Trd, 4319370.393, 102
Trd, 4319370.743, 101
Trd, 4319372.143, 100
Trd, 4319374.093, 101
Trd, 4319375.593, 99
Trd, 4319375.893, 99
Trd, 4319376.643, 100
Trd, 4319376.893, 100
Trd, 4319377.493, 98
Trd, 4319381.843, 101
Trd, 4319382.043, 104
Trd, 4319383.293, 100
Trd, 4319384.993, 102
Trd, 4319385.993, 101
Trd, 4319386.743, 100
Trd, 4319388.543, 99
Trd, 4319388.743, 98
Trd, 4319389.843, 95
Trd, 4319390.043, 98
Trd, 4319392.693, 100
Trd, 4319393.743, 97
Trd, 4319395.243, 97
Trd, 4319395.493, 83
Trd, 4319397.543, 87
Trd, 4319398.293, 88
Trd, 4319400.143, 90
Trd, 4319400.693, 89
Trd, 4319401.643, 91
Trd, 4319401.993, 88
Trd, 4319402.393, 95
Trd, 4319404.743, 98
Trd, 4319406.843, 96
Trd, 4319408.993, 105
Trd, 4319409.593, 99
Trd, 4319412.443, 99
Trd, 4319414.093, 95
Trd, 4319414.443, 95
Trd, 4319416.843, 83
Trd, 4319417.443, 88
Trd, 4319418.093, 89
Trd, 4319420.043, 89
Trd, 4319423.393, 95
Trd, 4319423.443, 94
Trd, 4319424.393, 99
Trd, 4319425.443, 96
Trd, 4319425.493, 95
Trd, 4319428.593, 84
Trd, 4319428.893, 87
Trd, 4319429.543, 86
Trd, 4319430.793, 93
Trd, 4319431.943, 90
Trd, 4319433.543, 93
Trd, 4319434.843, 95
Trd, 4319435.943, 99
Trd, 4319436.743, 100
Trd, 4319438.393, 97
Trd, 4319440.343, 84
Trd, 4319441.693, 84
Trd, 4319442.343, 85
Trd, 4319443.343, 85
Trd, 4319445.143, 86
Trd, 4319447.543, 86
Trd, 4319448.593, 88
Trd, 4319449.993, 89
Trd, 4319451.343, 95
Trd, 4319452.643, 95
Trd, 4319453.043, 102
Trd, 4319454.343, 102
Trd, 4319455.043, 102
Trd, 4319455.593, 110
Trd, 4319459.193, 105
Trd, 4319459.793, 105
Trd, 4319460.893, 105
Trd, 4319461.893, 103
Trd, 4319462.493, 103
Trd, 4319462.743, 83
Trd, 4319464.843, 78
Trd, 4319467.643, 86
Trd, 4319469.093, 88
Trd, 4319471.143, 87
Trd, 4319471.543, 88
Trd, 4319473.743, 102
Trd, 4319474.543, 101
Trd, 4319474.793, 100
Trd, 4319475.543, 100
Trd, 4319475.743, 95
Trd, 4319476.643, 104
Trd, 4319478.343, 95
Trd, 4319480.043, 94
Trd, 4319480.243, 96
Trd, 4319480.743, 96
Trd, 4319481.893, 95
Trd, 4319482.193, 104
Trd, 4319483.993, 88
Trd, 4319487.543, 93
Trd, 4319488.543, 94
Trd, 4319489.093, 95
Trd, 4319490.793, 95
Trd, 4319491.593, 95
Trd, 4319491.643, 94
Trd, 4319493.693, 102
Trd, 4319494.443, 94
Trd, 4319496.043, 97
Trd, 4319496.293, 96
Trd, 4319497.443, 96
Trd, 4319497.493, 95
Trd, 4319499.843, 98
Trd, 4319499.993, 110
Trd, 4319502.343, 98
Trd, 4319504.143, 98
Trd, 4319504.343, 97
Trd, 4319505.493, 97
Trd, 4319506.793, 96
Trd, 4319506.893, 97
Trd, 4319507.343, 95
Trd, 4319509.593, 96
Trd, 4319510.793, 96
Trd, 4319511.243, 96
Trd, 4319512.693, 96
Trd, 4319512.893, 95
Trd, 4319514.193, 96
Trd, 4319514.693, 95
Trd, 4319514.843, 104
Trd, 4319518.693, 110
Trd, 4319519.643, 111
Trd, 4319520.043, 108
Trd, 4319520.943, 103
Trd, 4319522.193, 100
Trd, 4319522.643, 96
Trd, 4319528.993, 99
Trd, 4319529.343, 99
Trd, 4319529.593, 99
Trd, 4319529.643, 104
Trd, 4319532.643, 98
Trd, 4319533.543, 79
Trd, 4319533.743, 90
Trd, 4319534.693, 89
Trd, 4319537.743, 91
Trd, 4319537.993, 95
Trd, 4319539.343, 93
Trd, 4319541.293, 94
Trd, 4319541.993, 95
Trd, 4319542.993, 102
Trd, 4319545.243, 98
Trd, 4319545.293, 95
Trd, 4319547.043, 96
Trd, 4319547.993, 97
Trd, 4319548.393, 97
Trd, 4319549.693, 95
Trd, 4319550.493, 96
Trd, 4319551.193, 94
Trd, 4319552.093, 95
Trd, 4319553.593, 95
Trd, 4319554.293, 94
Trd, 4319554.793, 112
Trd, 4319556.843, 96
Trd, 4319559.543, 96
Trd, 4319559.993, 95
Trd, 4319560.843, 113
Trd, 4319562.993, 95
Trd, 4319563.793, 97
Trd, 4319564.643, 98
Trd, 4319566.393, 102
Trd, 4319566.593, 101
Trd, 4319566.643, 101
Trd, 4319568.743, 96
Trd, 4319570.543, 78
Trd, 4319571.543, 79
Trd, 4319571.593, 80
Trd, 4319573.593, 83
Trd, 4319575.693, 92
Trd, 4319576.893, 88
Trd, 4319577.993, 89
Trd, 4319579.193, 93
Trd, 4319580.193, 93
Trd, 4319581.243, 93
Trd, 4319582.493, 94
Trd, 4319583.843, 95
Trd, 4319584.593, 96
Trd, 4319585.643, 95
Trd, 4319586.193, 95
Trd, 4319586.893, 97
Trd, 4319588.043, 102
Trd, 4319590.293, 96
Trd, 4319592.493, 101
Trd, 4319592.893, 101
Trd, 4319593.543, 101
Trd, 4319594.193, 110
Trd, 4319597.193, 100
Trd, 4319598.143, 101
Trd, 4319599.943, 85
Trd, 4319600.993, 95
Trd, 4319602.243, 90
Trd, 4319602.543, 90
Trd, 4319603.543, 91
Trd, 4319604.543, 93
Trd, 4319604.893, 91
Trd, 4319606.593, 94
Trd, 4319607.893, 94
Trd, 4319608.193, 95
Trd, 4319610.943, 114
Trd, 4319613.343, 99
Trd, 4319614.143, 98
Trd, 4319614.893, 98
Trd, 4319615.393, 96
Trd, 4319618.643, 95
Trd, 4319618.793, 96
Trd, 4319620.843, 96
Trd, 4319622.543, 94
Trd, 4319624.093, 89
Trd, 4319624.743, 91
Trd, 4319625.143, 92
Trd, 4319625.393, 91
Trd, 4319626.093, 92
Trd, 4319628.793, 92
Trd, 4319631.993, 101
Trd, 4319632.843, 113
Trd, 4319633.543, 108
Trd, 4319634.193, 109
Trd, 4319635.293, 110
Trd, 4319635.943, 114
Trd, 4319636.393, 113
Trd, 4319636.993, 112
Trd, 4319639.293, 95
Trd, 4319641.043, 90
Trd, 4319641.243, 93
Trd, 4319641.443, 96
Trd, 4319645.693, 89
Trd, 4319645.743, 91
Trd, 4319647.543, 94
Trd, 4319648.293, 95
Trd, 4319649.293, 96
Trd, 4319649.543, 95
Trd, 4319651.243, 99
Trd, 4319651.643, 99
Trd, 4319652.793, 98
Trd, 4319654.593, 98
Trd, 4319654.993, 99
Trd, 4319655.143, 100
Trd, 4319658.243, 102
Trd, 4319659.443, 101
Trd, 4319661.043, 102
Trd, 4319663.593, 102
Trd, 4319663.743, 102
Trd, 4319664.093, 101
Trd, 4319664.493, 101
Trd, 4319664.743, 95
Trd, 4319665.793, 102
Trd, 4319668.043, 98
Trd, 4319669.493, 101
Trd, 4319670.843, 100
Trd, 4319671.343, 113
Trd, 4319673.393, 101
Trd, 4319675.393, 102
Trd, 4319677.143, 102
Trd, 4319677.243, 100
Trd, 4319678.243, 102
Trd, 4319678.993, 101
Trd, 4319680.443, 102
Trd, 4319683.593, 101
Trd, 4319683.893, 100
Trd, 4319684.893, 102
Trd, 4319685.993, 83
Trd, 4319688.693, 92
Trd, 4319690.043, 92
Trd, 4319690.793, 92
Trd, 4319692.343, 95
Trd, 4319693.093, 95
Trd, 4319693.443, 104
Trd, 4319694.843, 97
Trd, 4319695.343, 95
Trd, 4319696.243, 96
Trd, 4319697.343, 97
Trd, 4319698.943, 97
Trd, 4319699.693, 96
Trd, 4319700.443, 94
Trd, 4319702.293, 94
Trd, 4319702.643, 77
Trd, 4319703.343, 111
Trd, 4319706.393, 82
Trd, 4319707.893, 94
Trd, 4319710.543, 88
Trd, 4319712.143, 89
Trd, 4319712.493, 90
Trd, 4319714.393, 91
Trd, 4319716.093, 92
Trd, 4319716.693, 95
Trd, 4319718.193, 113
Trd, 4319718.793, 111
Trd, 4319721.143, 103
Trd, 4319721.243, 104
Trd, 4319722.243, 103
Trd, 4319722.293, 102
Trd, 4319723.193, 102
Trd, 4319723.893, 113
Trd, 4319726.543, 101
Trd, 4319727.343, 82
Trd, 4319730.793, 103
Trd, 4319732.793, 97
Trd, 4319733.343, 96
Trd, 4319734.143, 98
Trd, 4319734.893, 98
Trd, 4319736.993, 97
Trd, 4319737.293, 97
Trd, 4319739.393, 84
Trd, 4319740.443, 96
Trd, 4319743.043, 92
Trd, 4319743.093, 91
Trd, 4319744.393, 92
Trd, 4319747.143, 90
Trd, 4319747.893, 93
Trd, 4319748.793, 104
Trd, 4319749.343, 105
Trd, 4319750.943, 105
Trd, 4319751.193, 105
Trd, 4319751.543, 102
Trd, 4319753.093, 103
Trd, 4319754.543, 103
Trd, 4319755.193, 104
Trd, 4319755.943, 104
Trd, 4319757.443, 105
Trd, 4319759.293, 104
Trd, 4319759.743, 104
Trd, 4319759.843, 103
Trd, 4319760.193, 113
Trd, 4319761.843, 105
Trd, 4319763.393, 98
Trd, 4319765.843, 104
Trd, 4319765.993, 101
Trd, 4319766.643, 102
Trd, 4319768.343, 88
Trd, 4319768.443, 93
Trd, 4319770.643, 86
Trd, 4319771.493, 87
Trd, 4319773.543, 88
Trd, 4319775.343, 93
Trd, 4319775.943, 95
Trd, 4319776.443, 93
Trd, 4319778.893, 95
Trd, 4319779.243, 103
Trd, 4319780.093, 94
Trd, 4319780.943, 95
Trd, 4319781.643, 94
Trd, 4319782.843, 95
Trd, 4319783.143, 96
Trd, 4319784.793, 96
Trd, 4319787.293, 96
Trd, 4319788.543, 96
Trd, 4319790.643, 95
Trd, 4319791.493, 96
Trd, 4319791.943, 95
Trd, 4319793.943, 96
Trd, 4319794.343, 95
Trd, 4319795.793, 95
Trd, 4319797.393, 96
Trd, 4319799.793, 99
Trd, 4319800.093, 100
Trd, 4319800.243, 110
Trd, 4319801.243, 103
Trd, 4319802.743, 103
Trd, 4319802.993, 101
Trd, 4319805.193, 83
Trd, 4319805.743, 88
Trd, 4319807.493, 87
Trd, 4319808.143, 86
Trd, 4319810.143, 86
Trd, 4319811.143, 91
Trd, 4319812.193, 95
Trd, 4319812.893, 92
Trd, 4319814.193, 93
Trd, 4319814.643, 94
Trd, 4319816.343, 93
Trd, 4319816.893, 92
Trd, 4319816.993, 83
Trd, 4319817.893, 95
Trd, 4319820.093, 86
Trd, 4319821.993, 86
Trd, 4319822.393, 87
Trd, 4319822.893, 90
Trd, 4319823.693, 89
Trd, 4319823.993, 95
Trd, 4319827.543, 92
Trd, 4319827.793, 92
Trd, 4319827.943, 91
Trd, 4319830.593, 92
Trd, 4319831.593, 93
Trd, 4319832.793, 93
Trd, 4319834.243, 93
Trd, 4319835.043, 99
Trd, 4319835.743, 104
Trd, 4319835.793, 99
Trd, 4319839.443, 99
Trd, 4319839.793, 99
Trd, 4319840.293, 100
Trd, 4319840.743, 100
Trd, 4319842.193, 99
Trd, 4319843.493, 99
Trd, 4319844.043, 98
Trd, 4319844.993, 98
Trd, 4319845.193, 99
Trd, 4319847.143, 100
Trd, 4319850.193, 99
Trd, 4319852.193, 99
Trd, 4319852.743, 99
Trd, 4319852.993, 99
Trd, 4319854.693, 99
Trd, 4319855.443, 98
Trd, 4319856.293, 98
Trd, 4319856.343, 97
Trd, 4319857.943, 98
Trd, 4319860.443, 99
Trd, 4319861.443, 98
Trd, 4319861.843, 100
Trd, 4319863.343, 99
Trd, 4319865.443, 101
Trd, 4319865.543, 98
Trd, 4319867.193, 110
Trd, 4319868.443, 101
Trd, 4319869.993, 99
Trd, 4319871.043, 99
Trd, 4319871.943, 97
Trd, 4319873.093, 96
Trd, 4319873.893, 97
Trd, 4319874.893, 91
Trd, 4319878.093, 84
Trd, 4319878.793, 95
Trd, 4319879.943, 89
Trd, 4319880.143, 90
Trd, 4319880.743, 95
Trd, 4319882.693, 97
Trd, 4319883.793, 96
Trd, 4319885.293, 97
Trd, 4319886.343, 99
Trd, 4319887.193, 98
Trd, 4319888.043, 96
Trd, 4319890.393, 98
Trd, 4319891.293, 98
Trd, 4319892.593, 98
Trd, 4319893.143, 97
Trd, 4319895.243, 95
Trd, 4319895.743, 98
Trd, 4319898.093, 96
Trd, 4319900.243, 96
Trd, 4319901.543, 97
Trd, 4319902.893, 95
Trd, 4319904.043, 96
Trd, 4319904.393, 95
Trd, 4319904.843, 97
Trd, 4319906.793, 97
Trd, 4319908.843, 97
Trd, 4319909.043, 98
Trd, 4319909.993, 104
Trd, 4319911.643, 98
Trd, 4319912.593, 83
Trd, 4319916.043, 99
Trd, 4319916.343, 94
Trd, 4319917.643, 97
Trd, 4319918.593, 97
Trd, 4319918.943, 98
Trd, 4319921.493, 97
Trd, 4319921.543, 96
Trd, 4319922.243, 97
Trd, 4319923.443, 80
Trd, 4319925.843, 87
Trd, 4319925.993, 88
Trd, 4319927.193, 95
Trd, 4319928.043, 89
Trd, 4319930.493, 92
Trd, 4319930.893, 95
Trd, 4319932.093, 97
Trd, 4319932.743, 96
Trd, 4319933.993, 95
Trd, 4319937.193, 99
Trd, 4319937.993, 98
Trd, 4319939.143, 97
Trd, 4319939.243, 99
Trd, 4319940.643, 99
Trd, 4319940.843, 95
Trd, 4319942.093, 99
Trd, 4319943.043, 99
Trd, 4319944.993, 101
Trd, 4319945.593, 100
Trd, 4319946.243, 99
Trd, 4319947.993, 97
Trd, 4319949.043, 97
Trd, 4319950.493, 100
Trd, 4319950.693, 95
Trd, 4319952.793, 97
Trd, 4319953.443, 95
Trd, 4319956.193, 96
Trd, 4319957.693, 94
Trd, 4319958.543, 94
Trd, 4319961.393, 94
Trd, 4319961.693, 94
Trd, 4319962.293, 93
Trd, 4319964.343, 95
Trd, 4319965.343, 94
Trd, 4319967.443, 95
Trd, 4319967.493, 95
Trd, 4319969.043, 94
Trd, 4319970.343, 95
Trd, 4319971.793, 84
Trd, 4319972.393, 95
Trd, 4319973.293, 110
Trd, 4319974.693, 97
Trd, 4319975.393, 98
Trd, 4319979.043, 101
Trd, 4319979.243, 101
Trd, 4319979.343, 107
Trd, 4319980.143, 99
Trd, 4319982.293, 80
Trd, 4319983.093, 103
Trd, 4319986.843, 98
Trd, 4319987.843, 97
Trd, 4319988.843, 98
Trd, 4319989.043, 99
Trd, 4319989.593, 98
Trd, 4319991.543, 100
Trd, 4319992.193, 95
Trd, 4319995.893, 97
Trd, 4319998.493, 96
Trd, 4319998.743, 97
Trd, 4319998.843, 96
Trd, 4319999.643, 97
