Trd, 4317903.343, 95
Trd, 4317904.493, 95
Trd, 4317904.593, 95
Trd, 4317905.093, 93
Trd, 4317905.343, 94
Trd, 4317908.343, 94
Trd, 4317910.293, 94
Trd, 4317911.043, 93
Trd, 4317912.943, 93
Trd, 4317914.143, 93
Trd, 4317914.793, 94
Trd, 4317915.093, 94
Trd, 4317916.943, 92
Trd, 4317918.243, 95
Trd, 4317918.943, 106
Trd, 4317919.643, 97
Trd, 4317920.893, 112
Trd, 4317921.393, 106
Trd, 4317921.793, 103
Trd, 4317923.443, 102
Trd, 4317924.043, 102
Trd, 4317927.493, 99
Trd, 4317929.093, 99
Trd, 4317929.243, 98
Trd, 4317929.993, 98
Trd, 4317930.943, 114
Trd, 4317931.043, 113
Trd, 4317932.943, 112
Trd, 4317933.243, 108
Trd, 4317936.193, 100
Trd, 4317936.493, 100
Trd, 4317939.643, 99
Trd, 4317940.093, 98
Trd, 4317940.693, 99
Trd, 4317942.343, 100
Trd, 4317942.443, 110
Trd, 4317944.543, 102
Trd, 4317945.543, 100
Trd, 4317946.243, 98
Trd, 4317946.793, 100
Trd, 4317949.493, 97
Trd, 4317949.643, 96
Trd, 4317951.743, 97
Trd, 4317951.893, 97
Trd, 4317953.393, 98
Trd, 4317955.143, 97
Trd, 4317956.693, 96
Trd, 4317956.743, 96
Trd, 4317958.143, 96
Trd, 4317958.243, 95
Trd, 4317960.143, 111
Trd, 4317961.143, 111
Trd, 4317962.043, 104
Trd, 4317962.343, 104
Trd, 4317963.543, 112
Trd, 4317965.993, 104
Trd, 4317966.993, 103
Trd, 4317968.543, 102
Trd, 4317969.343, 103
Trd, 4317969.943, 101
Trd, 4317972.143, 100
Trd, 4317973.593, 100
Trd, 4317973.893, 100
Trd, 4317974.743, 100
Trd, 4317975.393, 113
Trd, 4317977.493, 103
Trd, 4317978.693, 104
Trd, 4317982.093, 102
Trd, 4317982.193, 102
Trd, 4317986.743, 99
Trd, 4317987.593, 98
Trd, 4317989.643, 98
Trd, 4317991.043, 98
Trd, 4317991.743, 109
Trd, 4317994.793, 101
Trd, 4317995.793, 100
Trd, 4317996.743, 101
Trd, 4317997.543, 99
Trd, 4317999.243, 101
Trd, 4318000.943, 101
Trd, 4318001.443, 101
Trd, 4318001.643, 100
Trd, 4318002.743, 100
Trd, 4318003.193, 98
Trd, 4318004.543, 100
Trd, 4318006.093, 101
Trd, 4318009.593, 100
Trd, 4318010.243, 100
Trd, 4318010.293, 100
Trd, 4318010.793, 101
Trd, 4318012.893, 113
Trd, 4318014.043, 99
Trd, 4318014.843, 98
Trd, 4318015.993, 96
Trd, 4318017.093, 97
Trd, 4318017.493, 98
Trd, 4318020.143, 94
Trd, 4318020.393, 93
Trd, 4318021.593, 93
Trd, 4318023.593, 95
Trd, 4318024.243, 95
Trd, 4318025.643, 95
Trd, 4318025.943, 109
Trd, 4318026.693, 100
Trd, 4318027.343, 104
Trd, 4318030.643, 94
Trd, 4318031.643, 96
Trd, 4318032.593, 95
Trd, 4318034.143, 93
Trd, 4318036.193, 94
Trd, 4318036.743, 91
Trd, 4318036.993, 94
Trd, 4318038.143, 92
Trd, 4318039.043, 93
Trd, 4318039.593, 92
Trd, 4318040.793, 94
Trd, 4318043.793, 105
Trd, 4318043.993, 96
Trd, 4318044.993, 97
Trd, 4318046.043, 97
Trd, 4318046.893, 97
Trd, 4318047.243, 98
Trd, 4318050.893, 97
Trd, 4318052.593, 96
Trd, 4318052.993, 96
Trd, 4318055.543, 95
Trd, 4318055.693, 96
Trd, 4318056.543, 96
Trd, 4318057.943, 96
Trd, 4318058.993, 96
Trd, 4318061.693, 100
Trd, 4318062.493, 103
Trd, 4318062.743, 100
Trd, 4318064.243, 99
Trd, 4318065.343, 113
Trd, 4318065.493, 114
Trd, 4318066.043, 122
Trd, 4318068.343, 105
Trd, 4318071.343, 98
Trd, 4318071.743, 99
Trd, 4318072.643, 99
Trd, 4318073.893, 99
Trd, 4318074.493, 98
Trd, 4318076.793, 99
Trd, 4318076.893, 98
Trd, 4318077.343, 98
Trd, 4318079.143, 97
Trd, 4318081.293, 97
Trd, 4318081.943, 98
Trd, 4318081.993, 107
Trd, 4318083.343, 99
Trd, 4318084.243, 105
Trd, 4318084.943, 102
Trd, 4318085.593, 102
Trd, 4318086.343, 110
Trd, 4318087.493, 114
Trd, 4318088.643, 121
Trd, 4318088.793, 118
Trd, 4318090.943, 113
Trd, 4318091.343, 116
Trd, 4318094.143, 105
Trd, 4318097.043, 98
Trd, 4318097.793, 98
Trd, 4318098.543, 98
Trd, 4318098.943, 98
Trd, 4318099.593, 99
Trd, 4318101.693, 97
Trd, 4318103.393, 98
Trd, 4318103.443, 98
Trd, 4318104.593, 97
Trd, 4318105.643, 98
Trd, 4318106.393, 98
Trd, 4318108.143, 97
Trd, 4318110.343, 97
Trd, 4318112.043, 97
Trd, 4318113.043, 97
Trd, 4318113.343, 106
Trd, 4318113.593, 113
Trd, 4318114.493, 103
Trd, 4318114.543, 114
Trd, 4318116.993, 106
Trd, 4318120.343, 104
Trd, 4318120.793, 103
Trd, 4318121.043, 102
Trd, 4318121.793, 102
Trd, 4318122.043, 106
Trd, 4318124.493, 104
Trd, 4318127.843, 104
Trd, 4318129.293, 102
Trd, 4318130.293, 99
Trd, 4318131.893, 97
Trd, 4318132.393, 96
Trd, 4318133.793, 96
Trd, 4318134.743, 96
Trd, 4318135.743, 96
Trd, 4318136.943, 96
Trd, 4318138.143, 95
Trd, 4318138.393, 96
Trd, 4318140.243, 95
Trd, 4318140.893, 114
Trd, 4318142.343, 100
Trd, 4318143.893, 95
Trd, 4318144.193, 94
Trd, 4318144.343, 96
Trd, 4318145.893, 97
Trd, 4318148.793, 97
Trd, 4318150.543, 98
Trd, 4318151.093, 97
Trd, 4318152.093, 98
Trd, 4318152.793, 113
Trd, 4318153.393, 107
Trd, 4318154.943, 104
Trd, 4318157.743, 104
Trd, 4318157.793, 113
Trd, 4318159.143, 104
Trd, 4318160.193, 103
Trd, 4318161.043, 103
Trd, 4318164.793, 104
Trd, 4318164.993, 104
Trd, 4318168.543, 104
Trd, 4318169.293, 102
Trd, 4318169.443, 103
Trd, 4318170.293, 101
Trd, 4318172.193, 103
Trd, 4318172.943, 103
Trd, 4318173.243, 114
Trd, 4318173.593, 104
Trd, 4318174.843, 105
Trd, 4318175.943, 103
Trd, 4318176.443, 102
Trd, 4318177.993, 101
Trd, 4318179.593, 101
Trd, 4318181.843, 101
Trd, 4318183.393, 101
Trd, 4318183.943, 100
Trd, 4318185.993, 101
Trd, 4318186.393, 105
Trd, 4318186.543, 115
Trd, 4318187.493, 105
Trd, 4318188.793, 103
Trd, 4318189.943, 103
Trd, 4318192.293, 103
Trd, 4318192.393, 104
Trd, 4318193.043, 104
Trd, 4318195.043, 104
Trd, 4318195.543, 105
Trd, 4318196.793, 104
Trd, 4318197.493, 106
Trd, 4318199.043, 101
Trd, 4318199.543, 103
Trd, 4318200.593, 101
Trd, 4318201.293, 101
Trd, 4318201.643, 101
Trd, 4318202.393, 100
Trd, 4318205.143, 101
Trd, 4318205.743, 100
Trd, 4318207.193, 101
Trd, 4318209.143, 101
Trd, 4318209.893, 102
Trd, 4318212.543, 101
Trd, 4318214.243, 102
Trd, 4318215.043, 101
Trd, 4318215.743, 100
Trd, 4318215.993, 99
Trd, 4318217.193, 100
Trd, 4318219.093, 98
Trd, 4318219.843, 99
Trd, 4318221.843, 98
Trd, 4318222.193, 97
Trd, 4318222.693, 97
Trd, 4318223.443, 98
Trd, 4318224.643, 97
Trd, 4318228.693, 96
Trd, 4318228.893, 95
Trd, 4318229.143, 96
Trd, 4318229.443, 94
Trd, 4318231.243, 94
Trd, 4318233.443, 94
Trd, 4318234.143, 95
Trd, 4318237.293, 96
Trd, 4318237.493, 97
Trd, 4318238.893, 95
Trd, 4318239.093, 96
Trd, 4318240.743, 95
Trd, 4318243.193, 97
Trd, 4318243.693, 96
Trd, 4318246.093, 96
Trd, 4318247.393, 94
Trd, 4318247.443, 97
Trd, 4318248.043, 96
Trd, 4318250.493, 106
Trd, 4318252.043, 97
Trd, 4318254.543, 96
Trd, 4318254.943, 95
Trd, 4318256.843, 98
Trd, 4318258.693, 96
Trd, 4318259.243, 97
Trd, 4318261.593, 96
Trd, 4318261.643, 97
Trd, 4318262.043, 96
Trd, 4318262.743, 97
Trd, 4318263.293, 95
Trd, 4318265.293, 96
Trd, 4318267.593, 97
Trd, 4318269.043, 96
Trd, 4318269.793, 97
Trd, 4318271.693, 97
Trd, 4318271.793, 109
Trd, 4318271.893, 114
Trd, 4318272.743, 112
Trd, 4318275.193, 106
Trd, 4318277.243, 105
Trd, 4318278.143, 105
Trd, 4318278.643, 106
Trd, 4318280.143, 104
Trd, 4318281.793, 105
Trd, 4318282.993, 102
Trd, 4318284.193, 101
Trd, 4318285.693, 98
Trd, 4318286.143, 97
Trd, 4318286.193, 98
Trd, 4318287.493, 98
Trd, 4318289.693, 98
Trd, 4318290.493, 98
Trd, 4318290.893, 96
Trd, 4318293.493, 95
Trd, 4318294.343, 95
Trd, 4318295.393, 95
Trd, 4318296.193, 94
Trd, 4318297.193, 105
Trd, 4318300.193, 114
Trd, 4318301.843, 99
Trd, 4318302.043, 100
Trd, 4318303.143, 98
Trd, 4318305.443, 98
Trd, 4318305.543, 98
Trd, 4318306.493, 98
Trd, 4318307.043, 97
Trd, 4318308.093, 98
Trd, 4318308.393, 98
Trd, 4318308.943, 107
Trd, 4318314.243, 98
Trd, 4318315.043, 98
Trd, 4318315.543, 97
Trd, 4318315.943, 96
Trd, 4318319.843, 97
Trd, 4318321.943, 96
Trd, 4318322.993, 95
Trd, 4318323.943, 95
Trd, 4318324.343, 94
Trd, 4318324.693, 95
Trd, 4318325.693, 97
Trd, 4318326.493, 96
Trd, 4318327.393, 110
Trd, 4318330.243, 97
Trd, 4318331.093, 97
Trd, 4318332.443, 96
Trd, 4318333.193, 96
Trd, 4318333.493, 95
Trd, 4318336.093, 95
Trd, 4318336.293, 95
Trd, 4318337.643, 95
Trd, 4318338.993, 104
Trd, 4318340.043, 101
Trd, 4318341.043, 104
Trd, 4318341.393, 114
Trd, 4318342.543, 100
Trd, 4318343.493, 100
Trd, 4318343.893, 103
Trd, 4318346.643, 101
Trd, 4318347.993, 99
Trd, 4318348.943, 100
Trd, 4318349.443, 99
Trd, 4318349.493, 100
Trd, 4318351.343, 101
Trd, 4318352.443, 100
Trd, 4318352.843, 100
Trd, 4318353.993, 98
Trd, 4318355.243, 98
Trd, 4318355.293, 99
Trd, 4318356.743, 99
Trd, 4318358.343, 99
Trd, 4318360.143, 99
Trd, 4318361.493, 100
Trd, 4318362.893, 99
Trd, 4318363.543, 100
Trd, 4318365.493, 100
Trd, 4318366.093, 100
Trd, 4318368.493, 98
Trd, 4318368.643, 99
Trd, 4318369.493, 98
Trd, 4318369.793, 99
Trd, 4318370.693, 99
Trd, 4318372.443, 99
Trd, 4318372.993, 110
Trd, 4318373.493, 107
Trd, 4318374.343, 103
Trd, 4318375.943, 105
Trd, 4318377.393, 114
Trd, 4318379.393, 98
Trd, 4318380.643, 95
Trd, 4318381.643, 96
Trd, 4318381.743, 97
Trd, 4318382.493, 96
Trd, 4318384.093, 96
Trd, 4318385.443, 102
Trd, 4318387.543, 98
Trd, 4318387.893, 98
Trd, 4318389.393, 98
Trd, 4318389.943, 98
Trd, 4318390.243, 98
Trd, 4318393.143, 99
Trd, 4318394.193, 98
Trd, 4318394.893, 98
Trd, 4318395.843, 97
Trd, 4318397.193, 98
Trd, 4318397.743, 98
Trd, 4318398.543, 104
Trd, 4318400.493, 99
Trd, 4318401.893, 92
Trd, 4318403.193, 92
Trd, 4318403.743, 93
Trd, 4318404.443, 95
Trd, 4318404.593, 107
Trd, 4318406.493, 102
Trd, 4318407.593, 95
Trd, 4318410.043, 91
Trd, 4318410.243, 91
Trd, 4318411.543, 93
Trd, 4318411.643, 104
Trd, 4318412.343, 97
Trd, 4318414.843, 92
Trd, 4318415.893, 93
Trd, 4318417.543, 93
Trd, 4318418.393, 93
Trd, 4318419.293, 91
Trd, 4318419.693, 90
Trd, 4318422.143, 94
Trd, 4318422.593, 93
Trd, 4318423.143, 92
Trd, 4318424.243, 95
Trd, 4318425.143, 105
Trd, 4318428.343, 97
Trd, 4318429.793, 96
Trd, 4318430.343, 95
Trd, 4318431.993, 104
Trd, 4318433.843, 99
Trd, 4318434.593, 99
Trd, 4318434.743, 97
Trd, 4318437.093, 98
Trd, 4318437.843, 99
Trd, 4318438.493, 99
Trd, 4318440.043, 97
Trd, 4318440.943, 98
Trd, 4318443.193, 98
Trd, 4318443.293, 98
Trd, 4318445.443, 99
Trd, 4318446.393, 104
Trd, 4318446.543, 104
Trd, 4318447.043, 102
Trd, 4318448.793, 110
Trd, 4318450.743, 102
Trd, 4318453.943, 102
Trd, 4318454.243, 101
Trd, 4318455.143, 102
Trd, 4318456.043, 101
Trd, 4318456.093, 100
Trd, 4318456.393, 101
Trd, 4318459.243, 101
Trd, 4318460.743, 101
Trd, 4318463.493, 101
Trd, 4318463.643, 106
Trd, 4318463.893, 115
Trd, 4318466.393, 103
Trd, 4318468.593, 103
Trd, 4318470.293, 103
Trd, 4318470.943, 104
Trd, 4318470.993, 105
Trd, 4318471.193, 114
Trd, 4318471.493, 113
Trd, 4318474.093, 107
Trd, 4318474.443, 109
Trd, 4318475.793, 106
Trd, 4318476.593, 105
Trd, 4318478.393, 104
Trd, 4318478.543, 105
Trd, 4318480.843, 104
Trd, 4318481.543, 111
Trd, 4318483.393, 106
Trd, 4318486.443, 106
Trd, 4318486.843, 105
Trd, 4318486.893, 104
Trd, 4318486.943, 108
Trd, 4318491.143, 103
Trd, 4318491.643, 104
Trd, 4318494.493, 100
Trd, 4318495.193, 99
Trd, 4318496.343, 98
Trd, 4318496.443, 98
Trd, 4318498.443, 101
Trd, 4318499.993, 99
Trd, 4318500.343, 104
Trd, 4318502.643, 100
Trd, 4318502.893, 101
Trd, 4318503.243, 101
Trd, 4318505.193, 99
Trd, 4318506.643, 100
Trd, 4318507.693, 100
Trd, 4318508.243, 101
Trd, 4318509.793, 100
Trd, 4318511.893, 98
Trd, 4318512.043, 100
Trd, 4318512.143, 104
Trd, 4318514.043, 102
Trd, 4318516.593, 99
Trd, 4318518.093, 97
Trd, 4318518.393, 97
Trd, 4318519.393, 98
Trd, 4318519.743, 98
Trd, 4318520.143, 98
Trd, 4318521.743, 99
Trd, 4318523.343, 99
Trd, 4318526.043, 97
Trd, 4318526.843, 96
Trd, 4318527.243, 99
Trd, 4318528.643, 99
Trd, 4318530.293, 99
Trd, 4318532.243, 98
Trd, 4318532.893, 98
Trd, 4318534.243, 98
Trd, 4318534.743, 97
Trd, 4318535.943, 96
Trd, 4318536.593, 96
Trd, 4318540.293, 96
Trd, 4318540.443, 96
Trd, 4318540.843, 107
Trd, 4318541.693, 99
Trd, 4318543.843, 96
Trd, 4318544.993, 97
Trd, 4318545.143, 97
Trd, 4318545.943, 98
Trd, 4318547.293, 97
Trd, 4318547.443, 99
Trd, 4318548.293, 104
Trd, 4318550.793, 101
Trd, 4318552.743, 97
Trd, 4318553.143, 97
Trd, 4318554.693, 90
Trd, 4318555.493, 88
Trd, 4318555.543, 96
Trd, 4318557.143, 96
Trd, 4318557.493, 97
Trd, 4318558.093, 114
Trd, 4318558.943, 112
Trd, 4318561.443, 101
Trd, 4318561.493, 100
Trd, 4318561.743, 100
Trd, 4318564.093, 99
Trd, 4318564.293, 100
Trd, 4318567.893, 97
Trd, 4318568.543, 98
Trd, 4318568.643, 100
Trd, 4318569.493, 98
Trd, 4318571.943, 95
Trd, 4318572.043, 96
Trd, 4318572.393, 97
Trd, 4318574.143, 97
Trd, 4318574.793, 96
Trd, 4318576.443, 97
Trd, 4318577.343, 109
Trd, 4318577.643, 103
Trd, 4318579.843, 102
Trd, 4318580.793, 102
Trd, 4318583.293, 101
Trd, 4318584.943, 102
Trd, 4318586.393, 100
Trd, 4318587.143, 100
Trd, 4318588.243, 101
Trd, 4318588.993, 102
Trd, 4318589.743, 109
Trd, 4318591.343, 102
Trd, 4318592.393, 101
Trd, 4318593.493, 100
Trd, 4318597.293, 99
Trd, 4318597.893, 99
Trd, 4318598.143, 100
Trd, 4318599.343, 98
Trd, 4318600.343, 97
Trd, 4318600.693, 96
Trd, 4318600.993, 97
Trd, 4318602.193, 98
Trd, 4318605.243, 96
Trd, 4318605.843, 96
Trd, 4318607.243, 113
Trd, 4318609.093, 101
Trd, 4318610.343, 97
Trd, 4318611.443, 97
Trd, 4318612.243, 97
Trd, 4318613.093, 97
Trd, 4318613.893, 97
Trd, 4318614.743, 104
Trd, 4318617.193, 96
Trd, 4318617.843, 98
Trd, 4318619.043, 97
Trd, 4318620.243, 96
Trd, 4318620.543, 97
Trd, 4318621.543, 97
Trd, 4318623.993, 96
Trd, 4318627.543, 97
Trd, 4318627.593, 97
Trd, 4318628.643, 96
Trd, 4318629.343, 95
Trd, 4318629.993, 96
Trd, 4318631.893, 96
Trd, 4318633.593, 93
Trd, 4318633.693, 95
Trd, 4318634.493, 94
Trd, 4318635.293, 94
Trd, 4318636.943, 95
Trd, 4318637.743, 111
Trd, 4318638.593, 114
Trd, 4318641.243, 101
Trd, 4318642.293, 102
Trd, 4318642.393, 102
Trd, 4318643.393, 100
Trd, 4318644.643, 99
Trd, 4318645.493, 99
Trd, 4318647.243, 98
Trd, 4318648.893, 98
Trd, 4318649.593, 113
Trd, 4318649.743, 115
Trd, 4318652.693, 102
Trd, 4318654.293, 101
Trd, 4318654.543, 101
Trd, 4318656.193, 99
Trd, 4318656.543, 98
Trd, 4318657.643, 99
Trd, 4318657.693, 100
Trd, 4318660.693, 98
Trd, 4318662.893, 99
Trd, 4318663.893, 100
Trd, 4318663.943, 104
Trd, 4318665.143, 99
Trd, 4318666.493, 98
Trd, 4318668.443, 100
Trd, 4318669.193, 100
Trd, 4318669.493, 100
Trd, 4318670.643, 100
Trd, 4318671.643, 97
Trd, 4318674.143, 97
Trd, 4318674.643, 96
Trd, 4318675.743, 95
Trd, 4318676.343, 96
Trd, 4318676.843, 97
Trd, 4318678.443, 99
Trd, 4318680.293, 96
Trd, 4318684.343, 97
Trd, 4318684.593, 96
Trd, 4318685.043, 94
Trd, 4318685.843, 95
Trd, 4318687.243, 96
Trd, 4318688.543, 114
Trd, 4318689.893, 99
Trd, 4318690.093, 100
Trd, 4318690.343, 104
Trd, 4318693.243, 100
Trd, 4318693.343, 99
Trd, 4318694.743, 99
Trd, 4318695.643, 98
Trd, 4318699.143, 97
Trd, 4318699.193, 97
Trd, 4318699.243, 97
Trd, 4318700.093, 97
Trd, 4318701.293, 97
Trd, 4318703.643, 97
Trd, 4318704.443, 103
Trd, 4318705.593, 99
Trd, 4318708.443, 97
Trd, 4318709.143, 98
Trd, 4318710.143, 97
Trd, 4318711.593, 97
Trd, 4318711.743, 107
Trd, 4318712.943, 104
Trd, 4318713.343, 121
Trd, 4318717.193, 103
Trd, 4318719.093, 103
Trd, 4318721.293, 103
Trd, 4318723.643, 100
Trd, 4318723.743, 99
Trd, 4318724.243, 100
Trd, 4318726.593, 100
Trd, 4318728.343, 100
Trd, 4318730.343, 100
Trd, 4318730.643, 99
Trd, 4318733.943, 99
Trd, 4318734.093, 99
Trd, 4318734.643, 101
Trd, 4318736.193, 95
Trd, 4318736.593, 95
Trd, 4318737.393, 99
Trd, 4318741.093, 97
Trd, 4318741.143, 96
Trd, 4318741.643, 98
Trd, 4318742.943, 98
Trd, 4318745.293, 97
Trd, 4318746.343, 96
Trd, 4318746.743, 97
Trd, 4318749.043, 96
Trd, 4318749.843, 95
Trd, 4318749.893, 96
Trd, 4318751.343, 94
Trd, 4318751.543, 96
Trd, 4318751.643, 107
Trd, 4318753.393, 97
Trd, 4318755.143, 97
Trd, 4318755.893, 98
Trd, 4318756.893, 97
Trd, 4318759.393, 97
Trd, 4318760.943, 97
Trd, 4318761.393, 97
Trd, 4318762.443, 97
Trd, 4318763.193, 97
Trd, 4318764.993, 102
Trd, 4318766.643, 98
Trd, 4318766.993, 99
Trd, 4318767.493, 110
Trd, 4318768.143, 101
Trd, 4318770.193, 99
Trd, 4318771.043, 100
Trd, 4318773.943, 98
Trd, 4318775.793, 97
Trd, 4318776.043, 97
Trd, 4318777.293, 97
Trd, 4318778.493, 97
Trd, 4318778.643, 96
Trd, 4318780.193, 97
Trd, 4318781.543, 96
Trd, 4318782.843, 96
Trd, 4318783.843, 97
Trd, 4318784.093, 96
Trd, 4318785.843, 97
Trd, 4318787.743, 97
Trd, 4318789.693, 95
Trd, 4318790.093, 95
Trd, 4318790.393, 95
Trd, 4318791.093, 95
Trd, 4318793.293, 94
Trd, 4318794.443, 96
Trd, 4318796.343, 95
Trd, 4318797.093, 94
Trd, 4318797.943, 95
Trd, 4318798.443, 96
Trd, 4318799.093, 97
Trd, 4318800.443, 96
Trd, 4318801.293, 97
Trd, 4318801.343, 104
Trd, 4318801.943, 96
Trd, 4318803.193, 91
Trd, 4318803.943, 94
Trd, 4318805.143, 92
Trd, 4318806.293, 95
Trd, 4318807.393, 103
Trd, 4318807.993, 96
Trd, 4318810.643, 96
Trd, 4318810.993, 104
Trd, 4318813.543, 97
Trd, 4318815.493, 96
Trd, 4318816.043, 95
Trd, 4318816.743, 96
Trd, 4318817.693, 94
Trd, 4318817.743, 96
Trd, 4318819.193, 94
Trd, 4318820.393, 96
Trd, 4318820.643, 96
Trd, 4318822.393, 99
Trd, 4318822.643, 99
Trd, 4318824.843, 97
Trd, 4318825.743, 96
Trd, 4318826.143, 97
Trd, 4318826.393, 113
Trd, 4318826.843, 108
Trd, 4318829.093, 101
Trd, 4318829.293, 103
Trd, 4318831.743, 98
Trd, 4318835.193, 96
Trd, 4318836.243, 97
Trd, 4318836.843, 97
Trd, 4318837.343, 95
Trd, 4318837.493, 105
Trd, 4318839.543, 99
Trd, 4318840.243, 99
Trd, 4318843.343, 96
Trd, 4318843.893, 96
Trd, 4318845.093, 97
Trd, 4318845.243, 98
Trd, 4318846.143, 97
Trd, 4318848.493, 97
Trd, 4318849.093, 98
Trd, 4318851.143, 96
Trd, 4318851.393, 97
Trd, 4318853.343, 95
Trd, 4318854.543, 96
Trd, 4318856.893, 95
Trd, 4318857.143, 95
Trd, 4318857.643, 94
Trd, 4318859.593, 95
Trd, 4318859.843, 96
Trd, 4318860.443, 104
Trd, 4318862.443, 102
Trd, 4318864.493, 99
Trd, 4318866.243, 98
Trd, 4318866.993, 98
Trd, 4318867.693, 96
Trd, 4318868.943, 96
Trd, 4318869.393, 96
Trd, 4318870.143, 96
Trd, 4318870.743, 96
Trd, 4318871.193, 113
Trd, 4318872.193, 105
Trd, 4318875.343, 100
Trd, 4318875.943, 98
Trd, 4318878.443, 99
Trd, 4318878.893, 98
Trd, 4318880.143, 99
Trd, 4318881.093, 99
Trd, 4318883.593, 90
Trd, 4318883.893, 91
Trd, 4318883.943, 93
Trd, 4318884.393, 114
Trd, 4318886.093, 130
Trd, 4318886.843, 104
Trd, 4318886.893, 105
Trd, 4318887.393, 111
Trd, 4318890.893, 103
Trd, 4318890.943, 105
Trd, 4318891.943, 110
Trd, 4318894.693, 100
Trd, 4318897.693, 97
Trd, 4318897.993, 97
Trd, 4318898.443, 102
Trd, 4318899.443, 97
Trd, 4318899.543, 98
Trd, 4318901.493, 98
Trd, 4318901.693, 99
Trd, 4318902.843, 102
Trd, 4318905.143, 99
Trd, 4318906.793, 97
Trd, 4318907.443, 100
Trd, 4318908.643, 100
Trd, 4318910.693, 99
Trd, 4318913.743, 99
Trd, 4318913.993, 100
Trd, 4318914.743, 99
Trd, 4318915.693, 99
Trd, 4318915.843, 98
Trd, 4318917.393, 98
Trd, 4318918.043, 96
Trd, 4318918.793, 97
Trd, 4318921.843, 96
Trd, 4318922.543, 97
Trd, 4318924.693, 96
Trd, 4318926.143, 95
Trd, 4318926.543, 95
Trd, 4318928.143, 94
Trd, 4318928.493, 109
Trd, 4318929.343, 95
Trd, 4318929.543, 96
Trd, 4318931.593, 107
Trd, 4318931.843, 116
Trd, 4318934.893, 94
Trd, 4318935.243, 93
Trd, 4318937.293, 92
Trd, 4318938.943, 92
Trd, 4318940.243, 92
Trd, 4318940.343, 95
Trd, 4318942.993, 92
Trd, 4318943.943, 91
Trd, 4318944.243, 93
Trd, 4318945.343, 93
Trd, 4318947.193, 95
Trd, 4318947.543, 94
Trd, 4318947.893, 112
Trd, 4318948.843, 122
Trd, 4318952.593, 100
Trd, 4318953.993, 97
Trd, 4318954.543, 97
Trd, 4318955.593, 94
Trd, 4318955.643, 97
Trd, 4318958.343, 97
Trd, 4318958.943, 96
Trd, 4318959.043, 97
Trd, 4318959.143, 105
Trd, 4318961.393, 96
Trd, 4318962.843, 96
Trd, 4318963.293, 97
Trd, 4318963.693, 97
Trd, 4318965.543, 97
Trd, 4318965.643, 98
Trd, 4318968.693, 97
Trd, 4318969.393, 97
Trd, 4318970.493, 98
Trd, 4318971.193, 99
Trd, 4318971.293, 98
Trd, 4318974.743, 98
Trd, 4318974.893, 98
Trd, 4318975.643, 99
Trd, 4318975.943, 99
Trd, 4318976.493, 99
Trd, 4318978.243, 96
Trd, 4318978.343, 99
Trd, 4318981.493, 97
Trd, 4318981.993, 98
Trd, 4318982.093, 99
Trd, 4318984.943, 100
Trd, 4318985.393, 99
Trd, 4318986.443, 99
Trd, 4318986.493, 100
Trd, 4318986.543, 108
Trd, 4318990.243, 102
Trd, 4318990.793, 102
Trd, 4318991.843, 102
Trd, 4318993.993, 101
Trd, 4318995.343, 102
Trd, 4318995.443, 112
Trd, 4318995.943, 108
Trd, 4318996.693, 106
Trd, 4318998.743, 102
Trd, 4318999.343, 101
Trd, 4319000.593, 101
Trd, 4319001.443, 102
Trd, 4319002.893, 102
Trd, 4319004.843, 100
Trd, 4319007.693, 99
Trd, 4319008.793, 96
Trd, 4319009.193, 97
Trd, 4319010.493, 96
Trd, 4319010.943, 96
Trd, 4319013.643, 95
Trd, 4319013.693, 96
Trd, 4319014.193, 95
Trd, 4319014.243, 94
Trd, 4319016.793, 93
Trd, 4319016.943, 94
Trd, 4319018.143, 105
Trd, 4319018.893, 98
Trd, 4319021.593, 97
Trd, 4319021.693, 97
Trd, 4319023.093, 97
Trd, 4319024.043, 97
Trd, 4319026.893, 97
Trd, 4319027.793, 97
Trd, 4319029.543, 96
Trd, 4319031.393, 97
Trd, 4319031.943, 96
Trd, 4319033.243, 95
Trd, 4319034.243, 96
Trd, 4319035.043, 112
Trd, 4319035.293, 113
Trd, 4319036.743, 101
Trd, 4319038.343, 100
Trd, 4319039.843, 96
Trd, 4319039.943, 100
Trd, 4319041.793, 97
Trd, 4319042.393, 96
Trd, 4319045.093, 96
Trd, 4319045.893, 95
Trd, 4319047.043, 94
Trd, 4319047.493, 95
Trd, 4319048.343, 94
Trd, 4319048.443, 95
Trd, 4319049.543, 97
Trd, 4319050.043, 95
Trd, 4319054.243, 93
Trd, 4319054.443, 94
Trd, 4319056.043, 94
Trd, 4319056.443, 94
Trd, 4319056.743, 95
Trd, 4319058.543, 107
Trd, 4319059.093, 114
Trd, 4319059.643, 107
Trd, 4319062.043, 98
Trd, 4319063.443, 97
Trd, 4319064.243, 98
Trd, 4319065.843, 95
Trd, 4319066.043, 95
Trd, 4319067.693, 94
Trd, 4319068.143, 105
Trd, 4319068.243, 113
Trd, 4319070.993, 93
Trd, 4319072.143, 95
Trd, 4319072.293, 93
Trd, 4319073.993, 95
Trd, 4319074.843, 95
Trd, 4319076.243, 95
Trd, 4319076.393, 95
Trd, 4319079.593, 94
Trd, 4319079.743, 96
Trd, 4319080.343, 113
Trd, 4319080.893, 104
Trd, 4319083.593, 99
Trd, 4319083.893, 99
Trd, 4319085.593, 99
Trd, 4319087.293, 99
Trd, 4319091.193, 99
Trd, 4319091.593, 99
Trd, 4319092.193, 98
Trd, 4319092.593, 97
Trd, 4319093.043, 99
Trd, 4319095.243, 98
Trd, 4319095.643, 99
Trd, 4319096.693, 97
Trd, 4319097.643, 96
Trd, 4319097.843, 98
Trd, 4319098.993, 98
Trd, 4319099.593, 109
Trd, 4319101.793, 102
Trd, 4319103.743, 98
Trd, 4319103.893, 98
Trd, 4319106.793, 98
Trd, 4319107.193, 96
Trd, 4319107.343, 98
Trd, 4319109.393, 97
Trd, 4319109.543, 96
Trd, 4319110.193, 98
Trd, 4319111.093, 98
Trd, 4319112.693, 97
Trd, 4319114.293, 97
Trd, 4319115.243, 96
Trd, 4319118.393, 95
Trd, 4319119.593, 96
Trd, 4319120.643, 95
Trd, 4319120.843, 96
Trd, 4319122.443, 95
Trd, 4319122.643, 95
Trd, 4319122.793, 94
Trd, 4319124.393, 96
Trd, 4319124.693, 114
Trd, 4319127.193, 100
Trd, 4319127.443, 103
Trd, 4319131.543, 98
Trd, 4319131.593, 97
Trd, 4319132.493, 97
Trd, 4319132.743, 97
Trd, 4319134.643, 96
Trd, 4319135.893, 96
Trd, 4319136.393, 95
Trd, 4319136.993, 113
Trd, 4319139.493, 98
Trd, 4319142.393, 98
Trd, 4319142.943, 98
Trd, 4319144.693, 97
Trd, 4319145.393, 97
Trd, 4319146.093, 96
Trd, 4319146.993, 97
Trd, 4319147.293, 97
Trd, 4319148.043, 96
Trd, 4319149.243, 97
Trd, 4319152.393, 97
Trd, 4319153.293, 96
Trd, 4319153.593, 95
Trd, 4319154.293, 114
Trd, 4319154.893, 99
Trd, 4319155.543, 100
Trd, 4319156.393, 100
Trd, 4319160.093, 99
Trd, 4319161.693, 99
Trd, 4319162.093, 99
Trd, 4319162.493, 99
Trd, 4319163.193, 99
Trd, 4319165.743, 99
Trd, 4319166.243, 100
Trd, 4319168.993, 99
Trd, 4319169.143, 99
Trd, 4319169.643, 98
Trd, 4319171.543, 97
Trd, 4319172.943, 96
Trd, 4319173.143, 96
Trd, 4319173.693, 96
Trd, 4319175.993, 95
Trd, 4319176.643, 94
Trd, 4319176.743, 96
Trd, 4319178.993, 94
Trd, 4319180.993, 96
Trd, 4319181.443, 104
Trd, 4319183.793, 97
Trd, 4319185.793, 97
Trd, 4319187.493, 97
Trd, 4319188.693, 98
Trd, 4319189.693, 97
Trd, 4319190.443, 97
Trd, 4319191.643, 95
Trd, 4319191.843, 96
Trd, 4319192.843, 97
Trd, 4319194.143, 113
Trd, 4319194.593, 104
Trd, 4319194.693, 106
Trd, 4319196.593, 101
Trd, 4319199.243, 102
Trd, 4319199.793, 102
Trd, 4319199.943, 112
Trd, 4319202.593, 100
Trd, 4319203.193, 100
Trd, 4319204.293, 102
Trd, 4319205.743, 102
Trd, 4319206.293, 105
Trd, 4319208.143, 114
Trd, 4319209.193, 104
Trd, 4319210.693, 104
Trd, 4319212.143, 104
Trd, 4319212.643, 105
Trd, 4319212.993, 103
Trd, 4319213.543, 105
Trd, 4319215.193, 105
Trd, 4319216.793, 103
Trd, 4319219.793, 99
Trd, 4319219.943, 99
Trd, 4319221.343, 99
Trd, 4319223.043, 99
Trd, 4319225.243, 97
Trd, 4319226.193, 97
Trd, 4319226.393, 99
Trd, 4319227.843, 97
Trd, 4319228.743, 104
Trd, 4319229.443, 100
Trd, 4319229.643, 99
Trd, 4319230.293, 99
Trd, 4319232.493, 98
Trd, 4319232.743, 96
Trd, 4319233.343, 95
Trd, 4319235.493, 97
Trd, 4319236.293, 106
Trd, 4319237.343, 99
Trd, 4319239.193, 98
Trd, 4319240.543, 98
Trd, 4319240.893, 99
Trd, 4319243.393, 98
Trd, 4319243.493, 100
Trd, 4319244.943, 100
Trd, 4319245.843, 100
Trd, 4319246.193, 106
Trd, 4319247.793, 101
Trd, 4319250.293, 100
Trd, 4319251.293, 100
Trd, 4319252.343, 100
Trd, 4319253.343, 99
Trd, 4319253.543, 100
Trd, 4319256.743, 98
Trd, 4319256.793, 99
Trd, 4319259.893, 97
Trd, 4319260.093, 98
Trd, 4319260.143, 98
Trd, 4319261.493, 97
Trd, 4319262.543, 104
Trd, 4319263.493, 102
Trd, 4319265.243, 100
Trd, 4319266.193, 99
Trd, 4319267.793, 100
Trd, 4319269.043, 99
Trd, 4319269.293, 100
Trd, 4319269.943, 99
Trd, 4319271.743, 99
Trd, 4319272.093, 98
Trd, 4319273.593, 98
Trd, 4319276.593, 97
Trd, 4319276.793, 98
Trd, 4319277.793, 98
Trd, 4319278.593, 97
Trd, 4319279.193, 91
Trd, 4319280.243, 96
Trd, 4319281.143, 95
Trd, 4319281.943, 93
Trd, 4319283.693, 109
Trd, 4319285.593, 97
Trd, 4319286.093, 97
Trd, 4319289.093, 96
Trd, 4319290.393, 94
Trd, 4319290.893, 94
Trd, 4319292.193, 95
Trd, 4319292.493, 95
Trd, 4319294.743, 95
Trd, 4319294.793, 95
Trd, 4319294.893, 115
Trd, 4319295.493, 106
Trd, 4319297.293, 113
Trd, 4319297.443, 115
Trd, 4319300.643, 100
Trd, 4319303.643, 94
Trd, 4319305.443, 95
Trd, 4319305.493, 95
Trd, 4319306.443, 95
Trd, 4319307.543, 94
Trd, 4319309.543, 94
Trd, 4319309.943, 94
Trd, 4319310.493, 93
Trd, 4319311.893, 94
Trd, 4319313.693, 94
Trd, 4319314.293, 95
Trd, 4319315.343, 95
Trd, 4319317.643, 91
Trd, 4319318.043, 91
Trd, 4319319.193, 91
Trd, 4319319.343, 104
Trd, 4319320.143, 104
Trd, 4319323.393, 96
Trd, 4319325.393, 96
Trd, 4319326.443, 95
Trd, 4319326.793, 96
Trd, 4319327.643, 96
Trd, 4319329.343, 92
Trd, 4319329.643, 95
Trd, 4319330.443, 95
Trd, 4319332.693, 93
Trd, 4319332.843, 95
Trd, 4319333.693, 93
Trd, 4319333.843, 104
Trd, 4319336.343, 101
Trd, 4319339.243, 95
Trd, 4319340.643, 95
Trd, 4319341.043, 94
Trd, 4319342.443, 93
Trd, 4319343.143, 94
Trd, 4319343.493, 95
Trd, 4319345.093, 94
Trd, 4319346.593, 94
Trd, 4319346.793, 93
Trd, 4319347.893, 113
Trd, 4319348.893, 97
Trd, 4319348.993, 97
Trd, 4319349.643, 102
Trd, 4319353.643, 99
Trd, 4319354.943, 97
Trd, 4319356.643, 97
Trd, 4319356.993, 97
Trd, 4319357.843, 97
Trd, 4319358.043, 98
Trd, 4319359.843, 107
Trd, 4319360.443, 113
Trd, 4319362.343, 103
Trd, 4319364.543, 102
Trd, 4319365.343, 101
Trd, 4319366.693, 101
Trd, 4319368.493, 100
Trd, 4319369.943, 101
Trd, 4319369.993, 100
Trd, 4319372.243, 101
Trd, 4319373.593, 101
Trd, 4319374.643, 100
Trd, 4319376.043, 101
Trd, 4319376.243, 101
Trd, 4319378.043, 101
Trd, 4319378.943, 100
Trd, 4319381.193, 101
Trd, 4319382.193, 100
Trd, 4319382.943, 101
Trd, 4319384.043, 101
Trd, 4319385.443, 102
Trd, 4319386.143, 102
Trd, 4319387.193, 102
Trd, 4319387.793, 102
Trd, 4319388.493, 114
Trd, 4319391.043, 104
Trd, 4319393.493, 104
Trd, 4319394.193, 104
Trd, 4319396.743, 103
Trd, 4319397.493, 103
Trd, 4319397.893, 103
Trd, 4319398.643, 103
Trd, 4319400.543, 103
Trd, 4319401.943, 104
Trd, 4319404.093, 103
Trd, 4319404.743, 101
Trd, 4319406.543, 100
Trd, 4319406.593, 101
Trd, 4319408.893, 101
Trd, 4319409.343, 100
Trd, 4319410.593, 99
Trd, 4319411.393, 97
Trd, 4319412.793, 96
Trd, 4319414.043, 95
Trd, 4319415.643, 92
Trd, 4319416.093, 93
Trd, 4319417.293, 92
Trd, 4319418.093, 91
Trd, 4319419.043, 109
Trd, 4319419.893, 101
Trd, 4319422.043, 100
Trd, 4319424.443, 97
Trd, 4319424.993, 96
Trd, 4319426.693, 96
Trd, 4319427.743, 95
Trd, 4319428.343, 94
Trd, 4319428.893, 107
Trd, 4319429.793, 98
Trd, 4319430.043, 98
Trd, 4319430.543, 99
Trd, 4319431.343, 113
Trd, 4319432.843, 102
Trd, 4319436.093, 102
Trd, 4319438.143, 101
Trd, 4319440.843, 100
Trd, 4319441.043, 99
Trd, 4319441.993, 97
Trd, 4319445.193, 98
Trd, 4319445.443, 99
Trd, 4319448.093, 96
Trd, 4319448.593, 96
Trd, 4319448.793, 95
Trd, 4319449.993, 95
Trd, 4319451.343, 95
Trd, 4319451.643, 96
Trd, 4319453.443, 96
Trd, 4319454.393, 94
Trd, 4319455.693, 96
Trd, 4319456.843, 97
Trd, 4319457.293, 112
Trd, 4319458.293, 104
Trd, 4319460.843, 96
Trd, 4319461.043, 97
Trd, 4319462.843, 94
Trd, 4319464.293, 96
Trd, 4319465.943, 114
Trd, 4319467.793, 100
Trd, 4319468.143, 100
Trd, 4319468.243, 98
Trd, 4319470.543, 96
Trd, 4319472.093, 96
Trd, 4319472.793, 99
Trd, 4319474.293, 106
Trd, 4319475.093, 99
Trd, 4319476.643, 98
Trd, 4319476.693, 99
Trd, 4319478.093, 97
Trd, 4319478.493, 96
Trd, 4319479.543, 97
Trd, 4319482.543, 97
Trd, 4319482.693, 97
Trd, 4319484.693, 98
Trd, 4319485.193, 98
Trd, 4319485.743, 98
Trd, 4319486.443, 103
Trd, 4319486.993, 100
Trd, 4319488.693, 101
Trd, 4319489.493, 102
Trd, 4319490.293, 110
Trd, 4319491.743, 105
Trd, 4319494.543, 100
Trd, 4319495.643, 100
Trd, 4319495.793, 101
Trd, 4319498.943, 99
Trd, 4319499.943, 100
Trd, 4319500.093, 100
Trd, 4319501.293, 113
Trd, 4319501.393, 107
Trd, 4319503.043, 104
Trd, 4319503.843, 104
Trd, 4319504.443, 104
Trd, 4319505.693, 104
Trd, 4319507.493, 104
Trd, 4319507.993, 104
Trd, 4319508.543, 103
Trd, 4319508.793, 105
Trd, 4319509.543, 121
Trd, 4319513.693, 104
Trd, 4319515.293, 104
Trd, 4319515.793, 104
Trd, 4319517.493, 104
Trd, 4319518.093, 102
Trd, 4319518.343, 101
Trd, 4319520.243, 95
Trd, 4319521.143, 95
Trd, 4319521.893, 113
Trd, 4319522.493, 117
Trd, 4319524.243, 106
Trd, 4319525.943, 99
Trd, 4319526.793, 98
Trd, 4319527.043, 97
Trd, 4319527.543, 99
Trd, 4319531.043, 98
Trd, 4319531.743, 98
Trd, 4319531.943, 98
Trd, 4319531.993, 105
Trd, 4319533.143, 115
Trd, 4319533.893, 113
Trd, 4319539.643, 105
Trd, 4319540.793, 104
Trd, 4319541.043, 102
Trd, 4319541.093, 104
Trd, 4319542.243, 104
Trd, 4319543.043, 104
Trd, 4319544.643, 112
Trd, 4319546.293, 104
Trd, 4319546.343, 106
Trd, 4319548.343, 104
Trd, 4319548.743, 103
Trd, 4319549.443, 104
Trd, 4319550.443, 103
Trd, 4319553.143, 104
Trd, 4319553.793, 104
Trd, 4319555.443, 103
Trd, 4319555.643, 101
Trd, 4319556.343, 101
Trd, 4319558.143, 102
Trd, 4319560.893, 95
Trd, 4319561.243, 93
Trd, 4319562.393, 98
Trd, 4319562.793, 100
Trd, 4319563.693, 98
Trd, 4319563.843, 99
Trd, 4319564.543, 106
Trd, 4319567.643, 95
Trd, 4319569.143, 97
Trd, 4319570.043, 95
Trd, 4319570.643, 97
Trd, 4319573.893, 97
Trd, 4319574.343, 97
Trd, 4319574.893, 95
Trd, 4319575.693, 96
Trd, 4319577.143, 91
Trd, 4319578.393, 96
Trd, 4319578.443, 92
Trd, 4319578.743, 107
Trd, 4319581.393, 93
Trd, 4319582.243, 93
Trd, 4319582.293, 92
Trd, 4319583.293, 95
Trd, 4319583.843, 105
Trd, 4319585.243, 98
Trd, 4319589.793, 95
Trd, 4319590.543, 94
Trd, 4319591.193, 94
Trd, 4319592.743, 93
Trd, 4319594.643, 93
Trd, 4319595.143, 92
Trd, 4319596.193, 93
Trd, 4319596.743, 95
Trd, 4319597.543, 94
Trd, 4319598.843, 104
Trd, 4319600.593, 99
Trd, 4319601.693, 98
Trd, 4319602.893, 97
Trd, 4319605.343, 99
Trd, 4319606.493, 111
Trd, 4319606.993, 114
Trd, 4319609.243, 104
Trd, 4319609.593, 103
Trd, 4319611.643, 104
Trd, 4319612.593, 105
Trd, 4319613.993, 105
Trd, 4319615.743, 105
Trd, 4319616.243, 105
Trd, 4319616.593, 104
Trd, 4319618.593, 104
Trd, 4319619.693, 104
Trd, 4319620.343, 104
Trd, 4319620.993, 105
Trd, 4319623.143, 104
Trd, 4319624.193, 104
Trd, 4319624.593, 109
Trd, 4319625.593, 106
Trd, 4319627.543, 111
Trd, 4319628.743, 108
Trd, 4319631.793, 102
Trd, 4319632.493, 103
Trd, 4319632.693, 105
Trd, 4319635.743, 99
Trd, 4319638.293, 98
Trd, 4319638.393, 98
Trd, 4319638.793, 98
Trd, 4319639.543, 98
Trd, 4319641.443, 98
Trd, 4319641.993, 98
Trd, 4319642.493, 112
Trd, 4319642.943, 109
Trd, 4319644.743, 112
Trd, 4319645.443, 106
Trd, 4319645.993, 107
Trd, 4319648.743, 107
Trd, 4319649.243, 107
Trd, 4319651.043, 105
Trd, 4319651.943, 103
Trd, 4319654.193, 99
Trd, 4319654.343, 100
Trd, 4319654.393, 101
Trd, 4319655.093, 106
Trd, 4319658.393, 100
Trd, 4319658.843, 99
Trd, 4319660.193, 100
Trd, 4319661.543, 100
Trd, 4319661.693, 99
Trd, 4319663.993, 106
Trd, 4319664.443, 105
Trd, 4319664.843, 106
Trd, 4319668.793, 100
Trd, 4319669.143, 99
Trd, 4319670.993, 98
Trd, 4319671.293, 99
Trd, 4319672.493, 99
Trd, 4319673.293, 97
Trd, 4319673.943, 99
Trd, 4319675.343, 97
Trd, 4319676.493, 97
Trd, 4319676.643, 96
Trd, 4319678.493, 97
Trd, 4319679.593, 105
Trd, 4319681.893, 95
Trd, 4319683.243, 94
Trd, 4319684.643, 92
Trd, 4319684.843, 93
Trd, 4319685.143, 96
Trd, 4319685.743, 94
Trd, 4319687.393, 95
Trd, 4319687.743, 109
Trd, 4319689.943, 100
Trd, 4319691.693, 100
Trd, 4319692.293, 100
Trd, 4319694.693, 95
Trd, 4319695.293, 94
Trd, 4319696.093, 94
Trd, 4319697.493, 91
Trd, 4319698.343, 89
Trd, 4319698.893, 90
Trd, 4319699.893, 91
Trd, 4319700.493, 95
Trd, 4319702.343, 96
Trd, 4319702.593, 105
Trd, 4319704.543, 96
Trd, 4319705.843, 95
Trd, 4319708.943, 96
Trd, 4319709.443, 94
Trd, 4319710.593, 96
Trd, 4319710.943, 110
Trd, 4319711.643, 122
Trd, 4319713.843, 102
Trd, 4319718.543, 96
Trd, 4319718.793, 96
Trd, 4319718.843, 96
Trd, 4319719.943, 96
Trd, 4319720.143, 97
Trd, 4319720.293, 106
Trd, 4319723.643, 99
Trd, 4319724.193, 101
Trd, 4319725.293, 97
Trd, 4319725.593, 101
Trd, 4319727.843, 98
Trd, 4319728.393, 98
Trd, 4319729.893, 97
Trd, 4319731.343, 99
Trd, 4319731.593, 99
Trd, 4319733.443, 98
Trd, 4319735.293, 98
Trd, 4319735.443, 98
Trd, 4319736.143, 98
Trd, 4319737.593, 99
Trd, 4319738.843, 100
Trd, 4319739.093, 99
Trd, 4319740.493, 113
Trd, 4319741.493, 101
Trd, 4319744.393, 100
Trd, 4319745.493, 99
Trd, 4319746.543, 99
Trd, 4319747.493, 100
Trd, 4319748.793, 116
Trd, 4319749.093, 113
Trd, 4319749.643, 105
Trd, 4319752.243, 99
Trd, 4319752.993, 96
Trd, 4319754.893, 96
Trd, 4319754.993, 96
Trd, 4319757.093, 96
Trd, 4319757.443, 95
Trd, 4319758.493, 113
Trd, 4319761.643, 96
Trd, 4319761.793, 97
Trd, 4319761.893, 97
Trd, 4319762.093, 116
Trd, 4319763.043, 103
Trd, 4319763.693, 99
Trd, 4319767.743, 98
Trd, 4319768.893, 95
Trd, 4319770.043, 96
Trd, 4319770.293, 104
Trd, 4319772.793, 97
Trd, 4319773.443, 96
Trd, 4319774.043, 105
Trd, 4319776.293, 99
Trd, 4319779.093, 95
Trd, 4319779.393, 96
Trd, 4319780.593, 96
Trd, 4319781.643, 96
Trd, 4319782.443, 95
Trd, 4319783.543, 95
Trd, 4319783.893, 95
Trd, 4319785.493, 93
Trd, 4319785.793, 96
Trd, 4319788.043, 95
Trd, 4319790.543, 95
Trd, 4319791.043, 96
Trd, 4319792.393, 96
Trd, 4319793.093, 96
Trd, 4319794.793, 95
Trd, 4319795.443, 94
Trd, 4319795.643, 95
Trd, 4319796.443, 93
Trd, 4319798.043, 97
Trd, 4319798.943, 95
Trd, 4319799.293, 105
Trd, 4319799.893, 113
Trd, 4319801.793, 97
Trd, 4319803.893, 94
Trd, 4319803.993, 95
Trd, 4319805.243, 94
Trd, 4319805.643, 94
Trd, 4319807.143, 94
Trd, 4319807.193, 94
Trd, 4319809.093, 95
Trd, 4319810.393, 91
Trd, 4319811.243, 88
Trd, 4319811.493, 87
Trd, 4319811.893, 88
Trd, 4319813.893, 88
Trd, 4319814.143, 91
Trd, 4319815.143, 95
Trd, 4319816.393, 96
Trd, 4319818.593, 91
Trd, 4319818.743, 92
Trd, 4319819.893, 103
Trd, 4319821.843, 95
Trd, 4319822.993, 96
Trd, 4319824.593, 96
Trd, 4319826.143, 95
Trd, 4319826.293, 96
Trd, 4319826.843, 96
Trd, 4319829.643, 96
Trd, 4319830.443, 95
Trd, 4319832.043, 96
Trd, 4319832.293, 95
Trd, 4319833.693, 94
Trd, 4319833.793, 104
Trd, 4319835.493, 96
Trd, 4319837.343, 96
Trd, 4319837.893, 96
Trd, 4319837.993, 113
Trd, 4319840.593, 99
Trd, 4319842.643, 97
Trd, 4319844.543, 96
Trd, 4319845.093, 95
Trd, 4319845.743, 95
Trd, 4319846.693, 95
Trd, 4319847.693, 95
Trd, 4319849.043, 95
Trd, 4319849.093, 102
Trd, 4319849.793, 108
Trd, 4319852.243, 101
Trd, 4319854.893, 99
Trd, 4319855.093, 104
Trd, 4319858.343, 97
Trd, 4319859.743, 96
Trd, 4319860.093, 96
Trd, 4319860.843, 96
Trd, 4319863.243, 95
Trd, 4319865.793, 96
Trd, 4319866.543, 95
Trd, 4319866.993, 96
Trd, 4319867.593, 97
Trd, 4319868.093, 104
Trd, 4319870.643, 98
Trd, 4319871.043, 95
Trd, 4319871.193, 96
Trd, 4319873.543, 96
Trd, 4319874.143, 95
Trd, 4319875.993, 113
Trd, 4319877.243, 100
Trd, 4319878.843, 101
Trd, 4319879.593, 100
Trd, 4319883.943, 99
Trd, 4319885.843, 99
Trd, 4319886.143, 98
Trd, 4319887.443, 99
Trd, 4319888.343, 100
Trd, 4319890.843, 100
Trd, 4319891.743, 100
Trd, 4319892.493, 101
Trd, 4319893.343, 113
Trd, 4319894.243, 107
Trd, 4319894.693, 105
Trd, 4319896.493, 106
Trd, 4319898.293, 106
Trd, 4319898.843, 103
Trd, 4319899.393, 108
Trd, 4319900.743, 111
Trd, 4319902.643, 111
Trd, 4319903.543, 109
Trd, 4319905.793, 101
Trd, 4319906.293, 104
Trd, 4319907.393, 101
Trd, 4319908.943, 101
Trd, 4319909.043, 99
Trd, 4319910.943, 99
Trd, 4319911.693, 97
Trd, 4319912.643, 97
Trd, 4319913.443, 97
Trd, 4319914.693, 97
Trd, 4319916.893, 96
Trd, 4319917.043, 97
Trd, 4319918.043, 94
Trd, 4319918.293, 95
Trd, 4319920.593, 97
Trd, 4319921.443, 97
Trd, 4319922.743, 96
Trd, 4319922.793, 97
Trd, 4319926.393, 97
Trd, 4319927.393, 97
Trd, 4319927.543, 106
Trd, 4319929.143, 94
Trd, 4319929.943, 95
Trd, 4319930.443, 114
Trd, 4319933.143, 100
Trd, 4319936.893, 96
Trd, 4319937.493, 96
Trd, 4319938.743, 96
Trd, 4319938.793, 96
Trd, 4319940.543, 95
Trd, 4319941.393, 95
Trd, 4319941.593, 94
Trd, 4319944.043, 94
Trd, 4319944.593, 94
Trd, 4319945.943, 94
Trd, 4319946.743, 93
Trd, 4319947.543, 92
Trd, 4319949.743, 94
Trd, 4319949.943, 95
Trd, 4319951.243, 95
Trd, 4319952.293, 95
Trd, 4319952.943, 94
Trd, 4319953.243, 93
Trd, 4319955.093, 122
Trd, 4319955.793, 104
Trd, 4319957.643, 95
Trd, 4319959.093, 94
Trd, 4319959.143, 96
Trd, 4319960.693, 113
Trd, 4319961.193, 119
Trd, 4319962.393, 104
Trd, 4319963.893, 104
Trd, 4319965.943, 105
Trd, 4319966.243, 109
Trd, 4319967.893, 105
Trd, 4319968.993, 104
Trd, 4319971.543, 103
Trd, 4319971.643, 105
Trd, 4319972.993, 102
Trd, 4319973.143, 102
Trd, 4319975.243, 100
Trd, 4319976.043, 100
Trd, 4319977.243, 101
Trd, 4319979.943, 101
Trd, 4319980.643, 101
Trd, 4319981.643, 105
Trd, 4319981.793, 106
Trd, 4319986.493, 101
Trd, 4319986.743, 101
Trd, 4319986.843, 99
Trd, 4319988.593, 100
Trd, 4319988.943, 100
Trd, 4319989.193, 98
Trd, 4319989.943, 100
Trd, 4319993.243, 99
Trd, 4319993.343, 101
Trd, 4319993.943, 101
Trd, 4319995.243, 99
Trd, 4319996.293, 100
Trd, 4319997.543, 101
Trd, 4319999.543, 99
