Trd, 4317885.293, 99
Trd, 4317889.693, 99
Trd, 4317889.993, 96
Trd, 4317890.143, 90
Trd, 4317891.293, 99
Trd, 4317893.193, 88
Trd, 4317894.293, 95
Trd, 4317895.593, 89
Trd, 4317897.243, 90
Trd, 4317897.793, 99
Trd, 4317900.043, 97
Trd, 4317900.793, 97
Trd, 4317902.843, 96
Trd, 4317904.543, 96
Trd, 4317904.743, 84
Trd, 4317904.793, 113
Trd, 4317905.793, 93
Trd, 4317906.543, 117
Trd, 4317907.043, 94
Trd, 4317910.293, 101
Trd, 4317911.693, 97
Trd, 4317912.593, 85
Trd, 4317912.993, 94
Trd, 4317915.693, 95
Trd, 4317916.443, 84
Trd, 4317918.443, 103
Trd, 4317920.443, 96
Trd, 4317920.793, 93
Trd, 4317921.093, 90
Trd, 4317922.743, 93
Trd, 4317923.943, 93
Trd, 4317926.893, 110
Trd, 4317927.143, 98
Trd, 4317928.793, 97
Trd, 4317931.793, 100
Trd, 4317932.993, 100
Trd, 4317934.793, 100
Trd, 4317935.193, 99
Trd, 4317937.593, 98
Trd, 4317938.143, 99
Trd, 4317939.343, 99
Trd, 4317939.593, 95
Trd, 4317941.043, 92
Trd, 4317941.243, 95
Trd, 4317942.893, 103
Trd, 4317944.293, 99
Trd, 4317945.293, 96
Trd, 4317946.043, 99
Trd, 4317947.143, 98
Trd, 4317947.843, 95
Trd, 4317950.093, 93
Trd, 4317951.293, 91
Trd, 4317952.793, 94
Trd, 4317954.743, 95
Trd, 4317955.043, 99
Trd, 4317955.443, 95
Trd, 4317956.543, 97
Trd, 4317958.843, 97
Trd, 4317960.243, 97
Trd, 4317961.193, 96
Trd, 4317962.743, 86
Trd, 4317963.343, 85
Trd, 4317965.393, 93
Trd, 4317965.543, 105
Trd, 4317968.093, 93
Trd, 4317968.943, 98
Trd, 4317969.243, 92
Trd, 4317969.893, 97
Trd, 4317973.343, 91
Trd, 4317974.743, 92
Trd, 4317975.043, 93
Trd, 4317975.943, 92
Trd, 4317976.593, 95
Trd, 4317977.043, 92
Trd, 4317978.743, 84
Trd, 4317980.543, 95
Trd, 4317981.243, 113
Trd, 4317982.393, 94
Trd, 4317983.643, 94
Trd, 4317984.293, 94
Trd, 4317985.093, 94
Trd, 4317985.893, 94
Trd, 4317986.493, 95
Trd, 4317987.043, 105
Trd, 4317990.443, 100
Trd, 4317990.793, 97
Trd, 4317991.343, 83
Trd, 4317992.643, 104
Trd, 4317995.643, 90
Trd, 4317995.843, 89
Trd, 4317997.393, 91
Trd, 4317998.243, 92
Trd, 4317998.293, 95
Trd, 4318000.093, 102
Trd, 4318000.793, 88
Trd, 4318001.443, 85
Trd, 4318003.643, 87
Trd, 4318004.843, 87
Trd, 4318005.443, 96
Trd, 4318005.543, 97
Trd, 4318005.843, 86
Trd, 4318008.943, 91
Trd, 4318009.193, 87
Trd, 4318011.393, 91
Trd, 4318011.743, 88
Trd, 4318012.093, 95
Trd, 4318014.293, 92
Trd, 4318014.593, 104
Trd, 4318017.193, 99
Trd, 4318017.343, 98
Trd, 4318017.493, 88
Trd, 4318018.343, 110
Trd, 4318020.593, 90
Trd, 4318021.943, 97
Trd, 4318022.843, 96
Trd, 4318023.693, 97
Trd, 4318024.293, 105
Trd, 4318024.343, 97
Trd, 4318029.093, 97
Trd, 4318030.543, 89
Trd, 4318030.893, 100
Trd, 4318032.693, 102
Trd, 4318033.643, 97
Trd, 4318034.693, 99
Trd, 4318039.193, 101
Trd, 4318039.843, 100
Trd, 4318041.293, 100
Trd, 4318042.043, 95
Trd, 4318043.693, 100
Trd, 4318045.093, 97
Trd, 4318045.743, 97
Trd, 4318047.343, 90
Trd, 4318048.043, 95
Trd, 4318048.893, 95
Trd, 4318051.493, 101
Trd, 4318052.293, 97
Trd, 4318052.493, 95
Trd, 4318053.043, 95
Trd, 4318053.293, 97
Trd, 4318056.643, 98
Trd, 4318057.793, 97
Trd, 4318058.893, 97
Trd, 4318060.193, 97
Trd, 4318060.343, 96
Trd, 4318061.943, 95
Trd, 4318063.093, 92
Trd, 4318063.343, 96
Trd, 4318065.243, 89
Trd, 4318065.743, 90
Trd, 4318067.243, 89
Trd, 4318067.743, 85
Trd, 4318068.493, 94
Trd, 4318071.493, 97
Trd, 4318072.243, 96
Trd, 4318072.343, 94
Trd, 4318073.243, 96
Trd, 4318074.093, 96
Trd, 4318074.493, 95
Trd, 4318075.743, 110
Trd, 4318076.443, 104
Trd, 4318078.393, 95
Trd, 4318080.943, 97
Trd, 4318081.543, 112
Trd, 4318084.343, 107
Trd, 4318084.893, 100
Trd, 4318086.093, 100
Trd, 4318086.643, 100
Trd, 4318089.243, 99
Trd, 4318089.693, 99
Trd, 4318090.093, 99
Trd, 4318091.093, 85
Trd, 4318091.943, 77
Trd, 4318093.893, 89
Trd, 4318095.393, 83
Trd, 4318095.743, 88
Trd, 4318096.093, 82
Trd, 4318097.043, 88
Trd, 4318102.443, 89
Trd, 4318102.693, 113
Trd, 4318103.243, 89
Trd, 4318103.993, 93
Trd, 4318106.043, 98
Trd, 4318106.393, 95
Trd, 4318107.793, 95
Trd, 4318109.293, 97
Trd, 4318109.443, 94
Trd, 4318110.893, 103
Trd, 4318113.793, 98
Trd, 4318114.793, 101
Trd, 4318116.793, 100
Trd, 4318116.893, 101
Trd, 4318118.793, 97
Trd, 4318122.443, 104
Trd, 4318122.893, 104
Trd, 4318123.143, 105
Trd, 4318123.393, 95
Trd, 4318123.793, 99
Trd, 4318124.243, 76
Trd, 4318127.843, 98
Trd, 4318128.543, 99
Trd, 4318129.993, 100
Trd, 4318131.193, 98
Trd, 4318131.343, 99
Trd, 4318132.843, 97
Trd, 4318133.293, 96
Trd, 4318134.393, 85
Trd, 4318135.693, 77
Trd, 4318138.643, 94
Trd, 4318139.343, 91
Trd, 4318140.043, 94
Trd, 4318142.293, 96
Trd, 4318143.293, 95
Trd, 4318144.443, 100
Trd, 4318145.993, 98
Trd, 4318147.293, 85
Trd, 4318148.493, 97
Trd, 4318148.693, 70
Trd, 4318150.093, 92
Trd, 4318152.443, 81
Trd, 4318152.543, 84
Trd, 4318154.143, 89
Trd, 4318155.093, 101
Trd, 4318157.793, 95
Trd, 4318158.793, 94
Trd, 4318159.393, 105
Trd, 4318159.593, 94
Trd, 4318161.193, 96
Trd, 4318162.343, 95
Trd, 4318162.543, 95
Trd, 4318163.093, 85
Trd, 4318163.143, 95
Trd, 4318165.193, 76
Trd, 4318165.893, 107
Trd, 4318168.543, 101
Trd, 4318168.893, 97
Trd, 4318170.693, 101
Trd, 4318171.693, 97
Trd, 4318172.193, 95
Trd, 4318174.193, 100
Trd, 4318177.143, 95
Trd, 4318177.493, 96
Trd, 4318179.093, 94
Trd, 4318179.493, 80
Trd, 4318180.343, 79
Trd, 4318180.693, 90
Trd, 4318181.943, 78
Trd, 4318183.893, 88
Trd, 4318183.943, 89
Trd, 4318186.243, 99
Trd, 4318186.293, 98
Trd, 4318186.993, 102
Trd, 4318190.193, 100
Trd, 4318190.243, 97
Trd, 4318192.993, 97
Trd, 4318195.243, 98
Trd, 4318195.343, 96
Trd, 4318195.643, 99
Trd, 4318199.343, 98
Trd, 4318200.143, 97
Trd, 4318200.293, 99
Trd, 4318200.393, 97
Trd, 4318200.693, 85
Trd, 4318201.743, 79
Trd, 4318202.593, 79
Trd, 4318205.143, 86
Trd, 4318205.793, 86
Trd, 4318208.143, 90
Trd, 4318208.343, 89
Trd, 4318208.793, 95
Trd, 4318209.343, 87
Trd, 4318212.843, 93
Trd, 4318215.693, 96
Trd, 4318215.793, 93
Trd, 4318215.843, 97
Trd, 4318218.793, 107
Trd, 4318219.343, 101
Trd, 4318220.793, 99
Trd, 4318222.143, 96
Trd, 4318224.093, 97
Trd, 4318225.643, 94
Trd, 4318225.893, 96
Trd, 4318227.093, 88
Trd, 4318229.243, 94
Trd, 4318230.493, 95
Trd, 4318230.543, 95
Trd, 4318230.643, 93
Trd, 4318231.243, 85
Trd, 4318233.543, 104
Trd, 4318233.943, 109
Trd, 4318234.843, 99
Trd, 4318235.343, 98
Trd, 4318237.543, 95
Trd, 4318240.093, 101
Trd, 4318240.243, 103
Trd, 4318241.043, 84
Trd, 4318244.343, 100
Trd, 4318244.743, 86
Trd, 4318245.893, 94
Trd, 4318246.493, 95
Trd, 4318246.793, 93
Trd, 4318248.843, 80
Trd, 4318249.493, 79
Trd, 4318250.243, 102
Trd, 4318253.093, 93
Trd, 4318253.243, 92
Trd, 4318254.143, 89
Trd, 4318254.293, 105
Trd, 4318257.293, 108
Trd, 4318257.393, 105
Trd, 4318257.493, 104
Trd, 4318258.143, 104
Trd, 4318259.743, 104
Trd, 4318261.993, 101
Trd, 4318262.943, 95
Trd, 4318263.343, 88
Trd, 4318266.843, 91
Trd, 4318267.093, 113
Trd, 4318268.643, 99
Trd, 4318269.043, 100
Trd, 4318270.193, 90
Trd, 4318272.843, 98
Trd, 4318273.293, 85
Trd, 4318274.293, 101
Trd, 4318274.643, 95
Trd, 4318275.693, 100
Trd, 4318278.443, 98
Trd, 4318279.093, 99
Trd, 4318280.093, 105
Trd, 4318280.243, 100
Trd, 4318281.943, 99
Trd, 4318281.993, 95
Trd, 4318283.943, 88
Trd, 4318286.343, 97
Trd, 4318286.793, 95
Trd, 4318287.093, 91
Trd, 4318289.993, 86
Trd, 4318291.243, 95
Trd, 4318291.843, 95
Trd, 4318292.443, 93
Trd, 4318293.093, 111
Trd, 4318295.793, 97
Trd, 4318296.843, 95
Trd, 4318298.093, 94
Trd, 4318298.693, 97
Trd, 4318301.193, 92
Trd, 4318301.843, 92
Trd, 4318302.543, 92
Trd, 4318304.493, 92
Trd, 4318304.793, 76
Trd, 4318305.693, 82
Trd, 4318305.993, 94
Trd, 4318306.293, 108
Trd, 4318308.743, 97
Trd, 4318309.493, 96
Trd, 4318312.043, 92
Trd, 4318313.193, 94
Trd, 4318313.293, 105
Trd, 4318315.043, 98
Trd, 4318316.243, 106
Trd, 4318316.643, 100
Trd, 4318320.093, 99
Trd, 4318320.893, 99
Trd, 4318320.993, 98
Trd, 4318321.493, 99
Trd, 4318324.793, 100
Trd, 4318325.643, 97
Trd, 4318326.893, 90
Trd, 4318329.843, 96
Trd, 4318330.493, 96
Trd, 4318331.443, 96
Trd, 4318331.843, 85
Trd, 4318334.843, 96
Trd, 4318335.343, 101
Trd, 4318337.043, 97
Trd, 4318337.893, 95
Trd, 4318338.293, 84
Trd, 4318339.193, 98
Trd, 4318342.593, 97
Trd, 4318343.393, 99
Trd, 4318345.143, 96
Trd, 4318346.043, 97
Trd, 4318347.893, 85
Trd, 4318349.843, 92
Trd, 4318350.643, 88
Trd, 4318352.893, 92
Trd, 4318354.543, 96
Trd, 4318356.293, 99
Trd, 4318357.843, 97
Trd, 4318357.943, 95
Trd, 4318359.593, 97
Trd, 4318361.043, 97
Trd, 4318362.493, 95
Trd, 4318362.993, 94
Trd, 4318365.843, 94
Trd, 4318366.343, 94
Trd, 4318367.193, 93
Trd, 4318367.443, 95
Trd, 4318369.693, 94
Trd, 4318370.243, 93
Trd, 4318372.893, 94
Trd, 4318373.743, 93
Trd, 4318374.193, 103
Trd, 4318374.943, 85
Trd, 4318377.343, 86
Trd, 4318377.693, 96
Trd, 4318378.143, 98
Trd, 4318379.193, 96
Trd, 4318379.593, 92
Trd, 4318381.943, 96
Trd, 4318384.693, 98
Trd, 4318386.093, 96
Trd, 4318386.643, 96
Trd, 4318387.243, 97
Trd, 4318387.293, 95
Trd, 4318388.043, 87
Trd, 4318391.043, 96
Trd, 4318391.643, 96
Trd, 4318394.943, 96
Trd, 4318395.743, 95
Trd, 4318396.393, 96
Trd, 4318398.093, 95
Trd, 4318399.593, 94
Trd, 4318401.143, 94
Trd, 4318402.243, 90
Trd, 4318403.443, 91
Trd, 4318403.693, 91
Trd, 4318404.243, 95
Trd, 4318404.693, 111
Trd, 4318408.093, 96
Trd, 4318410.643, 99
Trd, 4318410.743, 98
Trd, 4318413.093, 96
Trd, 4318413.443, 98
Trd, 4318414.343, 95
Trd, 4318414.943, 97
Trd, 4318416.593, 95
Trd, 4318418.793, 98
Trd, 4318420.193, 97
Trd, 4318422.443, 85
Trd, 4318423.443, 95
Trd, 4318424.293, 78
Trd, 4318425.743, 88
Trd, 4318428.493, 87
Trd, 4318430.043, 85
Trd, 4318430.293, 85
Trd, 4318432.793, 90
Trd, 4318432.843, 95
Trd, 4318434.943, 95
Trd, 4318436.243, 103
Trd, 4318437.643, 96
Trd, 4318437.943, 97
Trd, 4318438.693, 97
Trd, 4318439.293, 95
Trd, 4318443.743, 91
Trd, 4318444.193, 91
Trd, 4318444.243, 90
Trd, 4318444.943, 93
Trd, 4318445.793, 83
Trd, 4318446.243, 102
Trd, 4318448.893, 102
Trd, 4318449.643, 104
Trd, 4318450.293, 103
Trd, 4318453.043, 96
Trd, 4318453.443, 95
Trd, 4318453.993, 99
Trd, 4318454.543, 101
Trd, 4318455.993, 83
Trd, 4318458.543, 97
Trd, 4318458.643, 104
Trd, 4318461.543, 100
Trd, 4318461.643, 97
Trd, 4318462.193, 82
Trd, 4318463.693, 105
Trd, 4318466.743, 100
Trd, 4318467.293, 99
Trd, 4318467.793, 98
Trd, 4318469.193, 100
Trd, 4318470.043, 83
Trd, 4318473.243, 106
Trd, 4318474.843, 96
Trd, 4318475.293, 95
Trd, 4318476.343, 96
Trd, 4318478.193, 84
Trd, 4318479.243, 93
Trd, 4318480.143, 93
Trd, 4318480.243, 92
Trd, 4318481.543, 93
Trd, 4318482.793, 87
Trd, 4318485.143, 92
Trd, 4318486.443, 90
Trd, 4318487.893, 92
Trd, 4318488.993, 92
Trd, 4318491.143, 94
Trd, 4318491.443, 94
Trd, 4318492.543, 77
Trd, 4318492.743, 94
Trd, 4318493.793, 101
Trd, 4318495.993, 96
Trd, 4318496.493, 99
Trd, 4318499.593, 105
Trd, 4318501.093, 104
Trd, 4318501.393, 103
Trd, 4318502.193, 106
Trd, 4318504.143, 104
Trd, 4318504.443, 102
Trd, 4318506.643, 81
Trd, 4318506.943, 80
Trd, 4318507.193, 103
Trd, 4318509.043, 95
Trd, 4318511.793, 98
Trd, 4318513.193, 96
Trd, 4318513.643, 95
Trd, 4318514.593, 90
Trd, 4318515.743, 97
Trd, 4318517.443, 93
Trd, 4318519.493, 91
Trd, 4318519.693, 92
Trd, 4318519.793, 113
Trd, 4318521.243, 87
Trd, 4318523.693, 94
Trd, 4318525.193, 93
Trd, 4318525.293, 95
Trd, 4318527.893, 95
Trd, 4318528.343, 94
Trd, 4318529.143, 95
Trd, 4318529.393, 95
Trd, 4318530.743, 108
Trd, 4318533.343, 100
Trd, 4318535.093, 101
Trd, 4318535.193, 103
Trd, 4318538.643, 100
Trd, 4318541.043, 99
Trd, 4318541.693, 86
Trd, 4318542.893, 100
Trd, 4318543.343, 88
Trd, 4318543.493, 113
Trd, 4318544.493, 85
Trd, 4318544.993, 92
Trd, 4318546.943, 90
Trd, 4318549.193, 88
Trd, 4318549.243, 85
Trd, 4318552.043, 87
Trd, 4318553.243, 88
Trd, 4318553.643, 88
Trd, 4318556.493, 107
Trd, 4318557.193, 102
Trd, 4318559.443, 104
Trd, 4318559.493, 101
Trd, 4318561.693, 101
Trd, 4318562.293, 102
Trd, 4318563.393, 104
Trd, 4318566.793, 101
Trd, 4318567.493, 98
Trd, 4318569.343, 99
Trd, 4318569.643, 98
Trd, 4318570.193, 97
Trd, 4318570.743, 98
Trd, 4318572.593, 98
Trd, 4318572.643, 101
Trd, 4318573.943, 112
Trd, 4318577.093, 94
Trd, 4318578.093, 95
Trd, 4318580.343, 99
Trd, 4318580.543, 99
Trd, 4318583.043, 97
Trd, 4318583.193, 85
Trd, 4318584.843, 100
Trd, 4318586.543, 101
Trd, 4318588.443, 98
Trd, 4318588.693, 98
Trd, 4318590.193, 98
Trd, 4318591.943, 95
Trd, 4318592.643, 95
Trd, 4318593.893, 98
Trd, 4318595.693, 98
Trd, 4318596.493, 113
Trd, 4318598.493, 103
Trd, 4318598.843, 104
Trd, 4318599.443, 102
Trd, 4318599.643, 95
Trd, 4318602.843, 102
Trd, 4318604.793, 97
Trd, 4318605.393, 105
Trd, 4318610.043, 104
Trd, 4318612.393, 105
Trd, 4318614.043, 104
Trd, 4318614.093, 101
Trd, 4318614.743, 88
Trd, 4318615.443, 102
Trd, 4318615.993, 102
Trd, 4318616.143, 103
Trd, 4318618.443, 101
Trd, 4318619.743, 83
Trd, 4318621.493, 82
Trd, 4318621.793, 93
Trd, 4318622.743, 94
Trd, 4318623.693, 95
Trd, 4318624.993, 95
Trd, 4318625.543, 92
Trd, 4318629.093, 102
Trd, 4318629.893, 90
Trd, 4318630.043, 113
Trd, 4318633.093, 97
Trd, 4318633.593, 96
Trd, 4318634.393, 95
Trd, 4318635.143, 96
Trd, 4318635.843, 97
Trd, 4318635.943, 95
Trd, 4318639.393, 104
Trd, 4318643.993, 98
Trd, 4318644.693, 98
Trd, 4318645.293, 96
Trd, 4318646.943, 96
Trd, 4318648.293, 97
Trd, 4318648.643, 95
Trd, 4318651.343, 97
Trd, 4318651.493, 96
Trd, 4318652.943, 109
Trd, 4318655.493, 98
Trd, 4318655.843, 101
Trd, 4318658.943, 97
Trd, 4318659.393, 95
Trd, 4318659.693, 84
Trd, 4318661.543, 96
Trd, 4318663.543, 105
Trd, 4318664.443, 99
Trd, 4318667.543, 96
Trd, 4318669.093, 99
Trd, 4318669.793, 98
Trd, 4318670.043, 98
Trd, 4318670.693, 97
Trd, 4318672.543, 96
Trd, 4318673.243, 95
Trd, 4318673.393, 83
Trd, 4318674.843, 78
Trd, 4318675.193, 95
Trd, 4318675.693, 121
Trd, 4318678.193, 98
Trd, 4318678.793, 107
Trd, 4318681.043, 95
Trd, 4318683.843, 102
Trd, 4318684.443, 107
Trd, 4318685.443, 101
Trd, 4318686.543, 100
Trd, 4318686.893, 100
Trd, 4318689.093, 98
Trd, 4318691.043, 91
Trd, 4318691.993, 97
Trd, 4318693.793, 93
Trd, 4318694.643, 93
Trd, 4318696.143, 94
Trd, 4318697.043, 95
Trd, 4318697.143, 92
Trd, 4318699.493, 95
Trd, 4318701.593, 95
Trd, 4318701.743, 95
Trd, 4318702.243, 95
Trd, 4318703.643, 91
Trd, 4318705.393, 91
Trd, 4318705.543, 90
Trd, 4318706.193, 92
Trd, 4318707.143, 92
Trd, 4318708.543, 92
Trd, 4318710.043, 92
Trd, 4318710.243, 95
Trd, 4318711.343, 93
Trd, 4318712.793, 93
Trd, 4318714.193, 94
Trd, 4318715.493, 103
Trd, 4318716.693, 98
Trd, 4318718.043, 96
Trd, 4318719.543, 94
Trd, 4318720.643, 87
Trd, 4318721.043, 91
Trd, 4318723.293, 87
Trd, 4318723.393, 90
Trd, 4318725.693, 100
Trd, 4318726.243, 88
Trd, 4318726.593, 87
Trd, 4318727.943, 91
Trd, 4318728.493, 90
Trd, 4318729.993, 92
Trd, 4318730.693, 88
Trd, 4318732.793, 88
Trd, 4318733.893, 95
Trd, 4318734.893, 108
Trd, 4318735.693, 109
Trd, 4318737.893, 87
Trd, 4318739.143, 103
Trd, 4318742.543, 101
Trd, 4318742.593, 100
Trd, 4318742.643, 98
Trd, 4318744.993, 98
Trd, 4318745.443, 99
Trd, 4318745.743, 97
Trd, 4318747.393, 86
Trd, 4318748.393, 92
Trd, 4318748.443, 85
Trd, 4318749.893, 92
Trd, 4318750.293, 95
Trd, 4318754.193, 94
Trd, 4318754.443, 103
Trd, 4318755.743, 95
Trd, 4318757.743, 96
Trd, 4318759.743, 96
Trd, 4318760.743, 95
Trd, 4318763.093, 96
Trd, 4318763.543, 97
Trd, 4318765.843, 97
Trd, 4318766.093, 96
Trd, 4318766.393, 93
Trd, 4318767.143, 102
Trd, 4318769.543, 94
Trd, 4318769.943, 105
Trd, 4318770.743, 93
Trd, 4318772.493, 97
Trd, 4318774.543, 97
Trd, 4318774.943, 98
Trd, 4318775.293, 97
Trd, 4318775.543, 96
Trd, 4318776.393, 104
Trd, 4318781.243, 94
Trd, 4318781.543, 95
Trd, 4318781.793, 95
Trd, 4318782.643, 97
Trd, 4318782.793, 95
Trd, 4318786.693, 102
Trd, 4318787.093, 103
Trd, 4318787.393, 105
Trd, 4318787.843, 101
Trd, 4318790.293, 101
Trd, 4318790.543, 102
Trd, 4318790.743, 100
Trd, 4318792.893, 95
Trd, 4318795.293, 90
Trd, 4318796.443, 91
Trd, 4318796.793, 106
Trd, 4318797.093, 88
Trd, 4318799.043, 113
Trd, 4318801.093, 98
Trd, 4318801.543, 100
Trd, 4318803.193, 100
Trd, 4318803.743, 100
Trd, 4318803.993, 100
Trd, 4318804.393, 95
Trd, 4318807.643, 95
Trd, 4318808.043, 97
Trd, 4318808.593, 96
Trd, 4318808.843, 98
Trd, 4318810.243, 100
Trd, 4318811.293, 100
Trd, 4318812.593, 88
Trd, 4318813.943, 96
Trd, 4318814.443, 87
Trd, 4318817.493, 93
Trd, 4318819.843, 97
Trd, 4318820.493, 96
Trd, 4318821.593, 96
Trd, 4318823.343, 113
Trd, 4318823.743, 98
Trd, 4318824.843, 97
Trd, 4318825.293, 97
Trd, 4318827.193, 96
Trd, 4318828.043, 97
Trd, 4318828.493, 85
Trd, 4318829.443, 95
Trd, 4318830.493, 94
Trd, 4318831.293, 76
Trd, 4318833.443, 97
Trd, 4318834.943, 87
Trd, 4318835.743, 95
Trd, 4318837.593, 88
Trd, 4318839.393, 93
Trd, 4318840.543, 92
Trd, 4318840.643, 109
Trd, 4318842.293, 91
Trd, 4318842.443, 101
Trd, 4318843.193, 108
Trd, 4318847.643, 91
Trd, 4318847.893, 91
Trd, 4318847.993, 92
Trd, 4318848.193, 90
Trd, 4318849.043, 95
Trd, 4318851.293, 82
Trd, 4318853.793, 94
Trd, 4318854.743, 95
Trd, 4318855.343, 95
Trd, 4318855.543, 96
Trd, 4318856.193, 95
Trd, 4318858.393, 106
Trd, 4318858.993, 96
Trd, 4318860.343, 95
Trd, 4318862.243, 97
Trd, 4318863.143, 95
Trd, 4318863.443, 96
Trd, 4318863.593, 94
Trd, 4318866.593, 101
Trd, 4318866.893, 94
Trd, 4318869.343, 99
Trd, 4318869.543, 98
Trd, 4318870.843, 107
Trd, 4318874.743, 102
Trd, 4318876.043, 102
Trd, 4318876.693, 104
Trd, 4318878.543, 103
Trd, 4318878.743, 101
Trd, 4318879.593, 89
Trd, 4318882.043, 98
Trd, 4318882.393, 101
Trd, 4318884.543, 99
Trd, 4318884.693, 98
Trd, 4318885.393, 95
Trd, 4318888.743, 89
Trd, 4318890.293, 94
Trd, 4318890.493, 95
Trd, 4318890.543, 95
Trd, 4318890.593, 93
Trd, 4318892.993, 85
Trd, 4318895.293, 92
Trd, 4318896.193, 91
Trd, 4318897.743, 90
Trd, 4318899.843, 100
Trd, 4318900.193, 97
Trd, 4318901.843, 97
Trd, 4318902.943, 88
Trd, 4318903.193, 98
Trd, 4318906.743, 99
Trd, 4318907.993, 104
Trd, 4318908.293, 98
Trd, 4318910.893, 99
Trd, 4318912.193, 87
Trd, 4318914.243, 94
Trd, 4318914.793, 95
Trd, 4318915.343, 92
Trd, 4318915.543, 96
Trd, 4318917.193, 96
Trd, 4318920.143, 102
Trd, 4318921.093, 100
Trd, 4318923.293, 101
Trd, 4318926.193, 99
Trd, 4318926.843, 99
Trd, 4318926.993, 95
Trd, 4318927.543, 97
Trd, 4318929.743, 103
Trd, 4318931.693, 103
Trd, 4318932.893, 96
Trd, 4318932.943, 87
Trd, 4318935.643, 92
Trd, 4318937.743, 91
Trd, 4318938.343, 86
Trd, 4318939.593, 91
Trd, 4318939.893, 92
Trd, 4318940.293, 87
Trd, 4318943.843, 97
Trd, 4318945.293, 97
Trd, 4318946.193, 102
Trd, 4318946.343, 96
Trd, 4318946.743, 102
Trd, 4318950.393, 101
Trd, 4318952.543, 99
Trd, 4318954.543, 96
Trd, 4318954.693, 98
Trd, 4318954.993, 100
Trd, 4318956.093, 105
Trd, 4318957.243, 100
Trd, 4318959.793, 100
Trd, 4318961.443, 99
Trd, 4318962.143, 86
Trd, 4318962.193, 94
Trd, 4318963.593, 88
Trd, 4318966.393, 93
Trd, 4318966.893, 91
Trd, 4318967.993, 85
Trd, 4318969.443, 93
Trd, 4318970.243, 92
Trd, 4318970.393, 95
Trd, 4318971.543, 91
Trd, 4318973.093, 93
Trd, 4318973.493, 91
Trd, 4318974.593, 102
Trd, 4318975.243, 90
Trd, 4318977.493, 87
Trd, 4318979.043, 89
Trd, 4318980.243, 91
Trd, 4318982.643, 92
Trd, 4318983.143, 89
Trd, 4318984.043, 113
Trd, 4318985.143, 94
Trd, 4318986.293, 100
Trd, 4318987.243, 95
Trd, 4318988.543, 94
Trd, 4318992.493, 92
Trd, 4318995.143, 93
Trd, 4318995.693, 97
Trd, 4318996.143, 96
Trd, 4318998.793, 102
Trd, 4318998.893, 85
Trd, 4318999.893, 82
Trd, 4319002.343, 103
Trd, 4319002.743, 104
Trd, 4319003.143, 95
Trd, 4319005.543, 98
Trd, 4319007.943, 99
Trd, 4319008.043, 101
Trd, 4319009.093, 100
Trd, 4319009.293, 82
Trd, 4319011.443, 81
Trd, 4319013.093, 104
Trd, 4319015.543, 99
Trd, 4319015.993, 100
Trd, 4319016.293, 98
Trd, 4319018.593, 96
Trd, 4319019.143, 97
Trd, 4319019.543, 95
Trd, 4319021.343, 95
Trd, 4319023.393, 89
Trd, 4319024.493, 90
Trd, 4319025.643, 90
Trd, 4319027.793, 95
Trd, 4319027.893, 95
Trd, 4319031.293, 103
Trd, 4319031.543, 104
Trd, 4319033.193, 99
Trd, 4319035.143, 100
Trd, 4319036.093, 103
Trd, 4319036.143, 96
Trd, 4319037.443, 102
Trd, 4319039.793, 100
Trd, 4319040.643, 99
Trd, 4319042.593, 97
Trd, 4319045.293, 98
Trd, 4319045.543, 102
Trd, 4319046.193, 95
Trd, 4319048.993, 98
Trd, 4319049.643, 99
Trd, 4319050.243, 96
Trd, 4319050.743, 112
Trd, 4319053.443, 103
Trd, 4319053.543, 102
Trd, 4319053.743, 85
Trd, 4319055.343, 112
Trd, 4319055.843, 97
Trd, 4319059.893, 94
Trd, 4319060.093, 91
Trd, 4319061.843, 96
Trd, 4319065.193, 97
Trd, 4319066.793, 95
Trd, 4319067.193, 97
Trd, 4319067.693, 96
Trd, 4319068.043, 95
Trd, 4319069.293, 76
Trd, 4319069.543, 90
Trd, 4319073.193, 90
Trd, 4319076.693, 94
Trd, 4319077.593, 95
Trd, 4319077.843, 94
Trd, 4319078.293, 92
Trd, 4319080.643, 92
Trd, 4319080.743, 91
Trd, 4319082.243, 100
Trd, 4319083.493, 95
Trd, 4319083.943, 92
Trd, 4319086.693, 94
Trd, 4319087.093, 94
Trd, 4319087.743, 113
Trd, 4319088.443, 96
Trd, 4319090.093, 97
Trd, 4319091.193, 105
Trd, 4319092.843, 87
Trd, 4319094.193, 97
Trd, 4319094.693, 97
Trd, 4319096.943, 98
Trd, 4319097.743, 96
Trd, 4319097.843, 95
Trd, 4319097.943, 85
Trd, 4319098.793, 98
Trd, 4319101.093, 94
Trd, 4319101.443, 92
Trd, 4319104.793, 100
Trd, 4319105.393, 94
Trd, 4319108.043, 94
Trd, 4319108.443, 93
Trd, 4319109.293, 95
Trd, 4319111.293, 93
Trd, 4319112.043, 94
Trd, 4319112.743, 93
Trd, 4319115.893, 89
Trd, 4319115.993, 88
Trd, 4319116.393, 88
Trd, 4319117.243, 110
Trd, 4319119.193, 92
Trd, 4319120.493, 99
Trd, 4319121.943, 95
Trd, 4319122.143, 94
Trd, 4319123.343, 94
Trd, 4319125.943, 95
Trd, 4319127.893, 94
Trd, 4319128.493, 94
Trd, 4319130.443, 110
Trd, 4319132.093, 95
Trd, 4319132.593, 96
Trd, 4319134.093, 95
Trd, 4319135.443, 98
Trd, 4319137.893, 98
Trd, 4319138.593, 105
Trd, 4319139.393, 95
Trd, 4319139.843, 96
Trd, 4319141.493, 86
Trd, 4319142.043, 100
Trd, 4319146.743, 98
Trd, 4319147.343, 101
Trd, 4319148.193, 96
Trd, 4319149.643, 101
Trd, 4319152.693, 110
Trd, 4319152.993, 97
Trd, 4319154.043, 97
Trd, 4319155.793, 96
Trd, 4319156.493, 85
Trd, 4319156.793, 97
Trd, 4319158.043, 92
Trd, 4319160.343, 97
Trd, 4319161.443, 100
Trd, 4319161.793, 98
Trd, 4319163.893, 97
Trd, 4319164.693, 104
Trd, 4319165.493, 101
Trd, 4319165.993, 99
Trd, 4319168.893, 101
Trd, 4319169.043, 100
Trd, 4319171.043, 99
Trd, 4319171.243, 102
Trd, 4319173.793, 102
Trd, 4319174.343, 98
Trd, 4319175.893, 98
Trd, 4319176.293, 95
Trd, 4319177.993, 99
Trd, 4319178.543, 99
Trd, 4319179.893, 100
Trd, 4319181.743, 100
Trd, 4319183.543, 102
Trd, 4319184.193, 98
Trd, 4319184.843, 87
Trd, 4319189.593, 96
Trd, 4319189.793, 96
Trd, 4319190.543, 96
Trd, 4319191.993, 94
Trd, 4319192.343, 95
Trd, 4319192.543, 94
Trd, 4319192.643, 92
Trd, 4319192.993, 114
Trd, 4319197.493, 91
Trd, 4319198.443, 102
Trd, 4319200.193, 93
Trd, 4319202.993, 95
Trd, 4319203.343, 95
Trd, 4319203.443, 97
Trd, 4319204.243, 94
Trd, 4319205.043, 99
Trd, 4319206.143, 102
Trd, 4319208.093, 89
Trd, 4319208.843, 85
Trd, 4319211.793, 90
Trd, 4319212.343, 90
Trd, 4319213.043, 91
Trd, 4319213.293, 89
Trd, 4319215.293, 91
Trd, 4319215.393, 99
Trd, 4319216.493, 90
Trd, 4319217.493, 95
Trd, 4319220.093, 105
Trd, 4319220.993, 104
Trd, 4319223.543, 100
Trd, 4319224.393, 98
Trd, 4319225.443, 101
Trd, 4319225.493, 98
Trd, 4319226.243, 100
Trd, 4319227.943, 100
Trd, 4319230.143, 98
Trd, 4319230.543, 99
Trd, 4319232.643, 104
Trd, 4319234.143, 99
Trd, 4319234.893, 99
Trd, 4319237.193, 94
Trd, 4319237.443, 86
Trd, 4319240.843, 92
Trd, 4319240.943, 95
Trd, 4319241.643, 93
Trd, 4319241.893, 106
Trd, 4319241.943, 93
Trd, 4319245.893, 95
Trd, 4319246.893, 94
Trd, 4319248.743, 94
Trd, 4319249.043, 93
Trd, 4319249.743, 85
Trd, 4319250.993, 91
Trd, 4319251.693, 92
Trd, 4319251.993, 94
Trd, 4319253.043, 104
Trd, 4319254.593, 104
Trd, 4319256.243, 100
Trd, 4319259.843, 99
Trd, 4319260.293, 96
Trd, 4319261.443, 96
Trd, 4319263.093, 91
Trd, 4319263.993, 89
Trd, 4319266.793, 92
Trd, 4319266.943, 93
Trd, 4319266.993, 95
Trd, 4319269.593, 98
Trd, 4319271.043, 96
Trd, 4319271.493, 96
Trd, 4319271.793, 98
Trd, 4319272.543, 95
Trd, 4319273.093, 108
Trd, 4319275.443, 104
Trd, 4319275.593, 99
Trd, 4319279.293, 101
Trd, 4319279.793, 100
Trd, 4319280.093, 98
Trd, 4319280.143, 108
Trd, 4319283.193, 103
Trd, 4319284.693, 100
Trd, 4319286.443, 98
Trd, 4319287.543, 97
Trd, 4319289.243, 94
Trd, 4319291.143, 92
Trd, 4319291.293, 95
Trd, 4319291.843, 88
Trd, 4319294.693, 88
Trd, 4319294.993, 88
Trd, 4319295.243, 91
Trd, 4319295.343, 92
Trd, 4319300.093, 92
Trd, 4319300.643, 101
Trd, 4319302.343, 96
Trd, 4319302.593, 95
Trd, 4319302.943, 93
Trd, 4319304.243, 86
Trd, 4319307.743, 94
Trd, 4319308.343, 93
Trd, 4319308.893, 104
Trd, 4319309.793, 104
Trd, 4319311.343, 111
Trd, 4319312.143, 107
Trd, 4319313.643, 102
Trd, 4319314.793, 104
Trd, 4319316.093, 98
Trd, 4319318.343, 104
Trd, 4319321.143, 102
Trd, 4319321.493, 95
Trd, 4319321.593, 102
Trd, 4319322.943, 100
Trd, 4319323.093, 99
Trd, 4319324.243, 86
Trd, 4319325.193, 100
Trd, 4319328.243, 98
Trd, 4319329.493, 97
Trd, 4319331.393, 85
Trd, 4319331.743, 92
Trd, 4319332.293, 96
Trd, 4319333.193, 94
Trd, 4319333.993, 75
Trd, 4319335.593, 100
Trd, 4319336.043, 80
Trd, 4319339.693, 101
Trd, 4319341.593, 99
Trd, 4319341.743, 98
Trd, 4319343.493, 92
Trd, 4319344.593, 96
Trd, 4319345.743, 99
Trd, 4319346.393, 104
Trd, 4319347.093, 95
Trd, 4319347.893, 95
Trd, 4319351.943, 102
Trd, 4319353.593, 99
Trd, 4319353.793, 103
Trd, 4319355.593, 102
Trd, 4319357.643, 95
Trd, 4319360.443, 101
Trd, 4319361.193, 100
Trd, 4319362.443, 100
Trd, 4319362.993, 103
Trd, 4319364.743, 103
Trd, 4319365.993, 100
Trd, 4319366.843, 85
Trd, 4319367.243, 96
Trd, 4319368.493, 97
Trd, 4319368.543, 100
Trd, 4319369.593, 104
Trd, 4319371.693, 99
Trd, 4319372.993, 98
Trd, 4319373.743, 97
Trd, 4319375.443, 86
Trd, 4319376.843, 93
Trd, 4319377.843, 90
Trd, 4319379.193, 92
Trd, 4319382.793, 105
Trd, 4319382.993, 98
Trd, 4319383.393, 98
Trd, 4319385.093, 98
Trd, 4319385.343, 98
Trd, 4319386.643, 97
Trd, 4319387.193, 95
Trd, 4319388.193, 95
Trd, 4319389.293, 90
Trd, 4319391.343, 98
Trd, 4319391.493, 96
Trd, 4319391.943, 87
Trd, 4319392.743, 105
Trd, 4319395.143, 107
Trd, 4319397.093, 94
Trd, 4319397.743, 94
Trd, 4319398.893, 95
Trd, 4319399.643, 94
Trd, 4319401.343, 86
Trd, 4319401.943, 86
Trd, 4319405.193, 113
Trd, 4319406.393, 95
Trd, 4319409.643, 97
Trd, 4319410.893, 99
Trd, 4319412.143, 99
Trd, 4319413.343, 98
Trd, 4319413.943, 100
Trd, 4319415.893, 96
Trd, 4319416.993, 100
Trd, 4319417.393, 104
Trd, 4319417.893, 97
Trd, 4319420.593, 85
Trd, 4319421.593, 107
Trd, 4319422.343, 89
Trd, 4319423.043, 100
Trd, 4319424.943, 92
Trd, 4319425.893, 91
Trd, 4319428.043, 92
Trd, 4319429.143, 103
Trd, 4319429.293, 90
Trd, 4319430.643, 84
Trd, 4319431.843, 86
Trd, 4319432.193, 92
Trd, 4319433.643, 90
Trd, 4319434.943, 95
Trd, 4319435.943, 95
Trd, 4319436.143, 113
Trd, 4319436.543, 95
Trd, 4319438.993, 96
Trd, 4319439.743, 96
Trd, 4319441.943, 95
Trd, 4319442.343, 94
Trd, 4319444.143, 94
Trd, 4319444.743, 95
Trd, 4319444.793, 94
Trd, 4319445.543, 95
Trd, 4319447.843, 92
Trd, 4319448.543, 96
Trd, 4319449.993, 103
Trd, 4319451.293, 94
Trd, 4319451.993, 95
Trd, 4319453.493, 95
Trd, 4319453.943, 100
Trd, 4319455.293, 99
Trd, 4319456.093, 95
Trd, 4319456.993, 96
Trd, 4319460.393, 96
Trd, 4319460.643, 104
Trd, 4319462.393, 98
Trd, 4319464.993, 98
Trd, 4319465.743, 96
Trd, 4319466.093, 95
Trd, 4319467.893, 88
Trd, 4319468.893, 94
Trd, 4319469.943, 105
Trd, 4319470.943, 95
Trd, 4319473.093, 98
Trd, 4319473.593, 98
Trd, 4319474.793, 98
Trd, 4319475.643, 97
Trd, 4319476.343, 95
Trd, 4319476.843, 108
Trd, 4319479.093, 99
Trd, 4319482.693, 88
Trd, 4319482.943, 90
Trd, 4319484.543, 103
Trd, 4319485.343, 87
Trd, 4319487.593, 95
Trd, 4319488.093, 95
Trd, 4319488.843, 94
Trd, 4319490.893, 94
Trd, 4319491.043, 94
Trd, 4319491.443, 95
Trd, 4319492.693, 88
Trd, 4319493.943, 80
Trd, 4319495.193, 101
Trd, 4319496.543, 101
Trd, 4319498.193, 100
Trd, 4319499.193, 95
Trd, 4319500.543, 98
Trd, 4319502.143, 87
Trd, 4319502.893, 87
Trd, 4319503.393, 106
Trd, 4319506.843, 96
Trd, 4319507.693, 96
Trd, 4319508.543, 98
Trd, 4319509.393, 94
Trd, 4319510.143, 96
Trd, 4319511.093, 109
Trd, 4319513.243, 105
Trd, 4319514.093, 95
Trd, 4319514.543, 95
Trd, 4319517.293, 97
Trd, 4319518.843, 96
Trd, 4319520.843, 88
Trd, 4319522.193, 93
Trd, 4319524.343, 90
Trd, 4319524.693, 94
Trd, 4319526.893, 93
Trd, 4319527.493, 90
Trd, 4319528.693, 94
Trd, 4319529.643, 94
Trd, 4319530.243, 92
Trd, 4319530.343, 95
Trd, 4319530.793, 85
Trd, 4319531.843, 78
Trd, 4319532.993, 89
Trd, 4319536.093, 92
Trd, 4319536.743, 93
Trd, 4319537.443, 103
Trd, 4319538.043, 95
Trd, 4319538.343, 96
Trd, 4319540.543, 94
Trd, 4319540.593, 85
Trd, 4319543.193, 94
Trd, 4319544.343, 94
Trd, 4319545.593, 96
Trd, 4319546.343, 101
Trd, 4319547.293, 96
Trd, 4319549.143, 97
Trd, 4319549.693, 84
Trd, 4319551.343, 101
Trd, 4319554.293, 97
Trd, 4319555.393, 97
Trd, 4319556.093, 97
Trd, 4319556.493, 95
Trd, 4319557.343, 98
Trd, 4319560.043, 103
Trd, 4319560.343, 99
Trd, 4319561.893, 98
Trd, 4319564.843, 86
Trd, 4319566.493, 90
Trd, 4319567.043, 88
Trd, 4319567.243, 88
Trd, 4319569.643, 93
Trd, 4319571.143, 93
Trd, 4319571.543, 91
Trd, 4319572.343, 85
Trd, 4319573.043, 85
Trd, 4319574.093, 104
Trd, 4319577.143, 90
Trd, 4319577.193, 98
Trd, 4319578.443, 100
Trd, 4319580.093, 98
Trd, 4319581.743, 96
Trd, 4319581.793, 94
Trd, 4319582.093, 97
Trd, 4319582.143, 113
Trd, 4319585.343, 86
Trd, 4319585.593, 85
Trd, 4319585.843, 91
Trd, 4319587.743, 94
Trd, 4319588.293, 95
Trd, 4319588.743, 95
Trd, 4319589.793, 96
Trd, 4319590.443, 106
Trd, 4319590.643, 92
Trd, 4319596.443, 97
Trd, 4319596.593, 96
Trd, 4319597.393, 95
Trd, 4319597.593, 99
Trd, 4319598.843, 97
Trd, 4319598.893, 98
Trd, 4319601.543, 93
Trd, 4319601.993, 93
Trd, 4319604.593, 100
Trd, 4319604.843, 95
Trd, 4319606.443, 98
Trd, 4319607.293, 98
Trd, 4319607.843, 97
Trd, 4319610.243, 99
Trd, 4319610.743, 95
Trd, 4319613.393, 98
Trd, 4319614.843, 98
Trd, 4319615.243, 86
Trd, 4319616.593, 104
Trd, 4319617.993, 100
Trd, 4319618.293, 101
Trd, 4319619.793, 103
Trd, 4319620.693, 101
Trd, 4319621.843, 100
Trd, 4319622.693, 101
Trd, 4319625.343, 100
Trd, 4319626.643, 101
Trd, 4319627.093, 101
Trd, 4319628.193, 101
Trd, 4319629.743, 103
Trd, 4319630.493, 107
Trd, 4319630.593, 105
Trd, 4319631.343, 104
Trd, 4319633.343, 103
Trd, 4319633.943, 85
Trd, 4319635.593, 103
Trd, 4319636.143, 103
Trd, 4319638.743, 87
Trd, 4319639.843, 97
Trd, 4319641.393, 89
Trd, 4319642.093, 106
Trd, 4319645.143, 105
Trd, 4319646.693, 105
Trd, 4319647.243, 100
Trd, 4319647.293, 104
Trd, 4319648.243, 95
Trd, 4319650.343, 102
Trd, 4319651.293, 101
Trd, 4319652.693, 98
Trd, 4319653.493, 103
Trd, 4319653.893, 103
Trd, 4319655.393, 95
Trd, 4319657.643, 101
Trd, 4319659.043, 104
Trd, 4319660.293, 103
Trd, 4319660.943, 113
Trd, 4319661.543, 102
Trd, 4319662.243, 102
Trd, 4319662.643, 101
Trd, 4319662.743, 104
Trd, 4319664.293, 100
Trd, 4319666.193, 99
Trd, 4319666.343, 98
Trd, 4319666.793, 95
Trd, 4319666.943, 122
Trd, 4319667.293, 84
Trd, 4319671.493, 87
Trd, 4319672.043, 102
Trd, 4319672.393, 86
Trd, 4319674.743, 104
Trd, 4319675.693, 99
Trd, 4319676.393, 92
Trd, 4319678.343, 79
Trd, 4319680.593, 96
Trd, 4319682.493, 88
Trd, 4319684.843, 92
Trd, 4319685.543, 92
Trd, 4319685.593, 107
Trd, 4319686.943, 95
Trd, 4319688.993, 101
Trd, 4319690.443, 101
Trd, 4319690.943, 100
Trd, 4319692.593, 98
Trd, 4319693.743, 98
Trd, 4319694.043, 115
Trd, 4319694.443, 95
Trd, 4319694.743, 96
Trd, 4319695.093, 86
Trd, 4319697.793, 113
Trd, 4319699.243, 92
Trd, 4319700.393, 94
Trd, 4319703.943, 88
Trd, 4319704.193, 92
Trd, 4319704.593, 93
Trd, 4319706.443, 88
Trd, 4319707.393, 105
Trd, 4319710.143, 87
Trd, 4319711.843, 93
Trd, 4319712.693, 94
Trd, 4319713.143, 105
Trd, 4319713.493, 104
Trd, 4319715.243, 98
Trd, 4319717.643, 97
Trd, 4319718.543, 88
Trd, 4319719.743, 87
Trd, 4319720.293, 93
Trd, 4319722.093, 92
Trd, 4319722.393, 86
Trd, 4319723.593, 92
Trd, 4319723.993, 76
Trd, 4319727.943, 92
Trd, 4319728.643, 94
Trd, 4319728.893, 108
Trd, 4319729.543, 94
Trd, 4319731.043, 84
Trd, 4319731.693, 101
Trd, 4319735.643, 95
Trd, 4319736.243, 94
Trd, 4319737.843, 93
Trd, 4319740.193, 94
Trd, 4319740.293, 95
Trd, 4319740.793, 108
Trd, 4319741.793, 94
Trd, 4319743.093, 98
Trd, 4319743.793, 96
Trd, 4319744.593, 113
Trd, 4319745.043, 83
Trd, 4319747.093, 94
Trd, 4319749.393, 95
Trd, 4319750.193, 113
Trd, 4319751.243, 96
Trd, 4319753.143, 97
Trd, 4319754.193, 104
Trd, 4319755.193, 98
Trd, 4319757.893, 96
Trd, 4319758.343, 91
Trd, 4319759.243, 101
Trd, 4319760.593, 96
Trd, 4319763.843, 96
Trd, 4319763.893, 97
Trd, 4319765.893, 100
Trd, 4319766.343, 95
Trd, 4319767.643, 97
Trd, 4319768.393, 107
Trd, 4319769.093, 91
Trd, 4319771.993, 95
Trd, 4319772.043, 93
Trd, 4319773.193, 86
Trd, 4319773.343, 84
Trd, 4319774.093, 86
Trd, 4319776.443, 103
Trd, 4319779.043, 88
Trd, 4319780.293, 92
Trd, 4319781.343, 92
Trd, 4319783.143, 93
Trd, 4319783.193, 94
Trd, 4319784.493, 92
Trd, 4319784.993, 92
Trd, 4319785.993, 97
Trd, 4319786.293, 108
Trd, 4319788.393, 95
Trd, 4319789.193, 103
Trd, 4319791.843, 99
Trd, 4319792.743, 97
Trd, 4319792.893, 95
Trd, 4319794.893, 96
Trd, 4319796.493, 98
Trd, 4319797.743, 96
Trd, 4319798.793, 95
Trd, 4319800.393, 96
Trd, 4319801.193, 96
Trd, 4319801.343, 104
Trd, 4319804.443, 99
Trd, 4319804.893, 100
Trd, 4319806.693, 97
Trd, 4319807.193, 96
Trd, 4319807.293, 107
Trd, 4319807.493, 95
Trd, 4319807.693, 108
Trd, 4319811.343, 96
Trd, 4319812.693, 99
Trd, 4319813.093, 96
Trd, 4319813.993, 100
Trd, 4319815.393, 96
Trd, 4319818.593, 97
Trd, 4319818.793, 99
Trd, 4319821.343, 96
Trd, 4319824.093, 95
Trd, 4319824.743, 98
Trd, 4319827.193, 98
Trd, 4319829.893, 98
Trd, 4319831.843, 98
Trd, 4319832.093, 97
Trd, 4319832.393, 95
Trd, 4319833.093, 77
Trd, 4319834.293, 89
Trd, 4319835.893, 81
Trd, 4319837.893, 89
Trd, 4319838.143, 82
Trd, 4319839.643, 95
Trd, 4319842.543, 90
Trd, 4319844.743, 95
Trd, 4319845.943, 94
Trd, 4319846.193, 93
Trd, 4319846.243, 93
Trd, 4319848.093, 105
Trd, 4319848.493, 94
Trd, 4319849.543, 85
Trd, 4319852.043, 92
Trd, 4319852.643, 94
Trd, 4319852.743, 93
Trd, 4319854.043, 95
Trd, 4319855.943, 94
Trd, 4319856.443, 94
Trd, 4319857.643, 95
Trd, 4319858.093, 95
Trd, 4319859.443, 99
Trd, 4319860.693, 105
Trd, 4319861.943, 96
Trd, 4319864.143, 97
Trd, 4319865.543, 97
Trd, 4319867.543, 108
Trd, 4319870.093, 98
Trd, 4319870.793, 95
Trd, 4319871.643, 97
Trd, 4319871.743, 98
Trd, 4319872.193, 96
Trd, 4319874.093, 95
Trd, 4319877.093, 89
Trd, 4319877.193, 94
Trd, 4319878.943, 95
Trd, 4319879.593, 94
Trd, 4319882.893, 91
Trd, 4319883.043, 92
Trd, 4319884.543, 92
Trd, 4319885.743, 93
Trd, 4319885.993, 84
Trd, 4319888.193, 91
Trd, 4319888.343, 82
Trd, 4319888.443, 78
Trd, 4319891.093, 88
Trd, 4319891.193, 102
Trd, 4319893.543, 94
Trd, 4319893.843, 95
Trd, 4319896.643, 95
Trd, 4319898.293, 95
Trd, 4319898.993, 96
Trd, 4319899.243, 101
Trd, 4319900.043, 95
Trd, 4319901.493, 100
Trd, 4319902.443, 99
Trd, 4319902.493, 101
Trd, 4319904.343, 101
Trd, 4319904.443, 106
Trd, 4319906.743, 102
Trd, 4319907.393, 100
Trd, 4319908.843, 101
Trd, 4319909.393, 100
Trd, 4319909.893, 100
Trd, 4319912.043, 103
Trd, 4319912.993, 102
Trd, 4319914.693, 103
Trd, 4319915.293, 102
Trd, 4319916.393, 85
Trd, 4319918.793, 92
Trd, 4319918.943, 88
Trd, 4319919.693, 98
Trd, 4319920.043, 87
Trd, 4319921.443, 90
Trd, 4319924.043, 90
Trd, 4319924.593, 90
Trd, 4319925.743, 90
Trd, 4319926.393, 90
Trd, 4319927.243, 91
Trd, 4319928.693, 90
Trd, 4319930.043, 95
Trd, 4319931.293, 106
Trd, 4319932.293, 95
Trd, 4319935.343, 97
Trd, 4319935.593, 95
Trd, 4319936.043, 98
Trd, 4319937.043, 97
Trd, 4319938.693, 99
Trd, 4319940.643, 95
Trd, 4319941.543, 97
Trd, 4319941.793, 97
Trd, 4319944.093, 97
Trd, 4319944.293, 92
Trd, 4319946.043, 105
Trd, 4319947.143, 96
Trd, 4319947.443, 105
Trd, 4319948.293, 99
Trd, 4319950.393, 98
Trd, 4319950.593, 102
Trd, 4319950.893, 95
Trd, 4319953.493, 87
Trd, 4319954.093, 87
Trd, 4319954.293, 91
Trd, 4319957.443, 87
Trd, 4319958.093, 89
Trd, 4319959.893, 101
Trd, 4319960.493, 95
Trd, 4319962.593, 101
Trd, 4319963.693, 100
Trd, 4319964.093, 96
Trd, 4319964.243, 95
Trd, 4319965.493, 86
Trd, 4319966.243, 85
Trd, 4319967.643, 95
Trd, 4319971.793, 103
Trd, 4319972.143, 99
Trd, 4319974.143, 98
Trd, 4319975.943, 99
Trd, 4319976.043, 100
Trd, 4319976.693, 97
Trd, 4319977.893, 97
Trd, 4319978.143, 100
Trd, 4319983.043, 98
Trd, 4319985.243, 98
Trd, 4319986.043, 98
Trd, 4319986.143, 105
Trd, 4319986.793, 97
Trd, 4319988.543, 105
Trd, 4319990.293, 101
Trd, 4319991.043, 105
Trd, 4319993.293, 100
Trd, 4319994.893, 101
Trd, 4319995.693, 100
Trd, 4319997.493, 100
Trd, 4319999.093, 106
Trd, 4319999.943, 99
