Trd, 4317851.343, 99
Trd, 4317851.543, 102
Trd, 4317854.543, 99
Trd, 4317854.593, 101
Trd, 4317855.793, 98
Trd, 4317855.993, 85
Trd, 4317859.543, 98
Trd, 4317860.543, 95
Trd, 4317862.493, 96
Trd, 4317862.943, 97
Trd, 4317863.943, 94
Trd, 4317866.443, 97
Trd, 4317867.243, 126
Trd, 4317868.143, 104
Trd, 4317868.193, 94
Trd, 4317870.743, 102
Trd, 4317871.843, 84
Trd, 4317872.993, 101
Trd, 4317873.943, 97
Trd, 4317875.243, 105
Trd, 4317876.093, 107
Trd, 4317876.193, 101
Trd, 4317877.043, 100
Trd, 4317880.643, 103
Trd, 4317882.143, 100
Trd, 4317882.293, 100
Trd, 4317883.593, 102
Trd, 4317884.143, 102
Trd, 4317887.393, 99
Trd, 4317889.143, 99
Trd, 4317890.493, 100
Trd, 4317891.443, 100
Trd, 4317891.793, 107
Trd, 4317893.993, 98
Trd, 4317894.693, 102
Trd, 4317894.743, 98
Trd, 4317899.493, 97
Trd, 4317899.893, 101
Trd, 4317900.693, 96
Trd, 4317902.643, 96
Trd, 4317903.093, 98
Trd, 4317903.493, 95
Trd, 4317904.293, 98
Trd, 4317904.993, 98
Trd, 4317906.793, 98
Trd, 4317907.493, 94
Trd, 4317910.793, 93
Trd, 4317911.643, 97
Trd, 4317913.843, 97
Trd, 4317916.143, 92
Trd, 4317916.693, 97
Trd, 4317917.043, 98
Trd, 4317917.743, 90
Trd, 4317918.343, 84
Trd, 4317923.743, 92
Trd, 4317924.243, 89
Trd, 4317925.893, 89
Trd, 4317926.893, 89
Trd, 4317927.543, 92
Trd, 4317928.843, 110
Trd, 4317931.393, 110
Trd, 4317931.793, 109
Trd, 4317932.543, 108
Trd, 4317933.743, 107
Trd, 4317934.043, 102
Trd, 4317935.143, 108
Trd, 4317935.743, 105
Trd, 4317938.293, 103
Trd, 4317938.443, 106
Trd, 4317938.493, 83
Trd, 4317941.143, 104
Trd, 4317942.843, 101
Trd, 4317943.393, 96
Trd, 4317945.043, 99
Trd, 4317947.243, 100
Trd, 4317947.393, 100
Trd, 4317948.343, 97
Trd, 4317950.393, 97
Trd, 4317950.843, 96
Trd, 4317951.143, 100
Trd, 4317951.243, 100
Trd, 4317954.343, 95
Trd, 4317955.293, 95
Trd, 4317955.343, 99
Trd, 4317957.493, 99
Trd, 4317958.393, 94
Trd, 4317960.943, 98
Trd, 4317962.293, 98
Trd, 4317962.393, 93
Trd, 4317964.043, 93
Trd, 4317965.043, 98
Trd, 4317966.643, 92
Trd, 4317967.493, 98
Trd, 4317967.893, 98
Trd, 4317969.243, 92
Trd, 4317973.743, 96
Trd, 4317974.043, 91
Trd, 4317977.243, 96
Trd, 4317977.893, 90
Trd, 4317980.343, 90
Trd, 4317981.043, 96
Trd, 4317982.643, 96
Trd, 4317984.593, 89
Trd, 4317984.643, 96
Trd, 4317985.143, 89
Trd, 4317986.543, 96
Trd, 4317988.193, 96
Trd, 4317989.493, 88
Trd, 4317989.743, 96
Trd, 4317990.343, 88
Trd, 4317993.443, 96
Trd, 4317994.343, 96
Trd, 4317995.993, 88
Trd, 4317998.443, 87
Trd, 4318000.693, 87
Trd, 4318001.593, 94
Trd, 4318002.393, 92
Trd, 4318002.743, 95
Trd, 4318004.293, 95
Trd, 4318005.393, 85
Trd, 4318006.843, 93
Trd, 4318010.193, 95
Trd, 4318010.243, 95
Trd, 4318011.693, 91
Trd, 4318013.993, 91
Trd, 4318015.343, 95
Trd, 4318015.443, 106
Trd, 4318018.443, 93
Trd, 4318019.043, 96
Trd, 4318019.443, 96
Trd, 4318022.043, 95
Trd, 4318022.693, 96
Trd, 4318022.843, 94
Trd, 4318024.893, 96
Trd, 4318025.043, 94
Trd, 4318027.243, 96
Trd, 4318030.293, 94
Trd, 4318031.893, 96
Trd, 4318032.193, 94
Trd, 4318032.943, 93
Trd, 4318035.743, 96
Trd, 4318036.393, 96
Trd, 4318037.893, 92
Trd, 4318039.793, 96
Trd, 4318041.193, 95
Trd, 4318043.843, 95
Trd, 4318044.943, 91
Trd, 4318045.643, 95
Trd, 4318046.843, 91
Trd, 4318047.393, 91
Trd, 4318050.643, 91
Trd, 4318051.493, 95
Trd, 4318051.743, 91
Trd, 4318052.943, 84
Trd, 4318053.043, 95
Trd, 4318055.393, 95
Trd, 4318056.543, 95
Trd, 4318057.443, 90
Trd, 4318058.193, 90
Trd, 4318059.893, 106
Trd, 4318060.693, 89
Trd, 4318061.193, 96
Trd, 4318065.943, 89
Trd, 4318067.143, 94
Trd, 4318067.943, 96
Trd, 4318069.243, 94
Trd, 4318070.143, 95
Trd, 4318074.343, 93
Trd, 4318075.143, 89
Trd, 4318076.193, 88
Trd, 4318077.493, 94
Trd, 4318077.593, 87
Trd, 4318078.743, 87
Trd, 4318082.493, 93
Trd, 4318082.543, 93
Trd, 4318085.393, 87
Trd, 4318088.193, 93
Trd, 4318088.643, 93
Trd, 4318089.293, 86
Trd, 4318091.843, 93
Trd, 4318093.843, 92
Trd, 4318093.893, 93
Trd, 4318095.143, 85
Trd, 4318096.793, 92
Trd, 4318098.843, 84
Trd, 4318099.743, 92
Trd, 4318100.643, 84
Trd, 4318101.793, 85
Trd, 4318101.993, 92
Trd, 4318105.543, 85
Trd, 4318106.693, 85
Trd, 4318107.543, 92
Trd, 4318108.493, 92
Trd, 4318110.743, 95
Trd, 4318111.343, 108
Trd, 4318113.543, 95
Trd, 4318113.993, 98
Trd, 4318118.093, 96
Trd, 4318119.293, 97
Trd, 4318119.943, 98
Trd, 4318120.193, 95
Trd, 4318122.443, 95
Trd, 4318122.893, 96
Trd, 4318123.243, 96
Trd, 4318127.543, 96
Trd, 4318127.693, 95
Trd, 4318128.093, 96
Trd, 4318131.893, 94
Trd, 4318132.943, 96
Trd, 4318133.543, 94
Trd, 4318135.293, 96
Trd, 4318136.543, 93
Trd, 4318137.993, 96
Trd, 4318138.043, 96
Trd, 4318139.343, 91
Trd, 4318139.693, 96
Trd, 4318141.243, 91
Trd, 4318145.093, 91
Trd, 4318145.193, 94
Trd, 4318148.543, 95
Trd, 4318149.143, 95
Trd, 4318149.343, 92
Trd, 4318150.593, 92
Trd, 4318152.643, 92
Trd, 4318153.293, 95
Trd, 4318156.243, 95
Trd, 4318156.343, 95
Trd, 4318158.143, 95
Trd, 4318158.293, 96
Trd, 4318160.093, 94
Trd, 4318162.043, 92
Trd, 4318162.443, 95
Trd, 4318162.543, 95
Trd, 4318164.843, 92
Trd, 4318166.643, 96
Trd, 4318169.343, 95
Trd, 4318170.243, 91
Trd, 4318173.143, 94
Trd, 4318173.393, 94
Trd, 4318174.793, 90
Trd, 4318175.743, 89
Trd, 4318176.693, 89
Trd, 4318177.143, 95
Trd, 4318180.943, 95
Trd, 4318182.243, 91
Trd, 4318184.893, 92
Trd, 4318185.043, 95
Trd, 4318186.443, 92
Trd, 4318186.943, 93
Trd, 4318187.993, 91
Trd, 4318188.393, 94
Trd, 4318190.943, 92
Trd, 4318193.493, 91
Trd, 4318194.693, 94
Trd, 4318195.743, 91
Trd, 4318197.393, 94
Trd, 4318197.793, 91
Trd, 4318201.143, 93
Trd, 4318202.243, 99
Trd, 4318203.143, 97
Trd, 4318204.693, 97
Trd, 4318204.743, 96
Trd, 4318205.943, 96
Trd, 4318206.143, 94
Trd, 4318209.393, 95
Trd, 4318209.793, 97
Trd, 4318210.093, 95
Trd, 4318211.893, 96
Trd, 4318212.543, 104
Trd, 4318213.393, 85
Trd, 4318214.443, 93
Trd, 4318216.793, 97
Trd, 4318218.793, 95
Trd, 4318219.793, 95
Trd, 4318221.443, 94
Trd, 4318221.593, 95
Trd, 4318221.743, 94
Trd, 4318224.293, 94
Trd, 4318226.243, 95
Trd, 4318226.393, 95
Trd, 4318228.793, 95
Trd, 4318229.143, 92
Trd, 4318229.493, 92
Trd, 4318231.643, 95
Trd, 4318233.343, 95
Trd, 4318234.593, 92
Trd, 4318236.293, 95
Trd, 4318236.993, 95
Trd, 4318237.593, 92
Trd, 4318240.443, 94
Trd, 4318242.343, 95
Trd, 4318244.193, 114
Trd, 4318244.443, 102
Trd, 4318246.543, 101
Trd, 4318248.443, 101
Trd, 4318249.993, 111
Trd, 4318250.793, 104
Trd, 4318251.543, 109
Trd, 4318251.793, 94
Trd, 4318253.543, 103
Trd, 4318253.643, 98
Trd, 4318254.993, 100
Trd, 4318256.743, 100
Trd, 4318257.193, 100
Trd, 4318257.343, 99
Trd, 4318258.443, 99
Trd, 4318262.943, 100
Trd, 4318263.543, 99
Trd, 4318263.893, 101
Trd, 4318264.743, 104
Trd, 4318266.293, 98
Trd, 4318267.793, 101
Trd, 4318269.693, 101
Trd, 4318271.643, 97
Trd, 4318276.593, 101
Trd, 4318276.743, 101
Trd, 4318277.043, 98
Trd, 4318278.043, 101
Trd, 4318278.693, 97
Trd, 4318280.393, 96
Trd, 4318282.243, 101
Trd, 4318282.593, 101
Trd, 4318284.693, 95
Trd, 4318284.793, 99
Trd, 4318288.293, 99
Trd, 4318288.943, 94
Trd, 4318289.793, 100
Trd, 4318291.793, 94
Trd, 4318294.043, 94
Trd, 4318294.243, 99
Trd, 4318296.443, 93
Trd, 4318297.343, 98
Trd, 4318299.393, 97
Trd, 4318303.043, 92
Trd, 4318303.193, 92
Trd, 4318303.693, 95
Trd, 4318303.793, 91
Trd, 4318304.193, 85
Trd, 4318305.693, 95
Trd, 4318307.343, 95
Trd, 4318308.143, 94
Trd, 4318311.793, 95
Trd, 4318312.093, 93
Trd, 4318312.743, 95
Trd, 4318314.293, 95
Trd, 4318315.143, 91
Trd, 4318317.443, 95
Trd, 4318317.893, 91
Trd, 4318318.943, 95
Trd, 4318320.743, 90
Trd, 4318320.943, 95
Trd, 4318327.243, 94
Trd, 4318327.493, 89
Trd, 4318328.243, 89
Trd, 4318328.293, 95
Trd, 4318328.793, 89
Trd, 4318328.943, 108
Trd, 4318331.343, 88
Trd, 4318333.393, 87
Trd, 4318335.043, 96
Trd, 4318335.743, 95
Trd, 4318338.443, 95
Trd, 4318339.393, 86
Trd, 4318340.993, 94
Trd, 4318344.643, 86
Trd, 4318344.893, 86
Trd, 4318346.193, 95
Trd, 4318347.293, 109
Trd, 4318348.443, 99
Trd, 4318349.293, 107
Trd, 4318350.743, 104
Trd, 4318351.993, 104
Trd, 4318352.093, 103
Trd, 4318354.393, 102
Trd, 4318354.993, 102
Trd, 4318355.743, 102
Trd, 4318357.893, 104
Trd, 4318359.543, 105
Trd, 4318359.743, 107
Trd, 4318359.793, 101
Trd, 4318361.893, 100
Trd, 4318363.543, 100
Trd, 4318364.643, 100
Trd, 4318368.193, 99
Trd, 4318368.393, 99
Trd, 4318369.043, 98
Trd, 4318369.193, 100
Trd, 4318370.543, 98
Trd, 4318372.743, 98
Trd, 4318374.393, 98
Trd, 4318375.093, 97
Trd, 4318375.443, 106
Trd, 4318375.743, 96
Trd, 4318378.843, 96
Trd, 4318383.343, 95
Trd, 4318384.193, 96
Trd, 4318384.643, 99
Trd, 4318386.143, 95
Trd, 4318386.193, 94
Trd, 4318386.343, 98
Trd, 4318389.343, 98
Trd, 4318390.243, 98
Trd, 4318390.343, 94
Trd, 4318392.993, 94
Trd, 4318394.343, 95
Trd, 4318397.893, 94
Trd, 4318398.193, 93
Trd, 4318401.843, 96
Trd, 4318404.893, 94
Trd, 4318404.943, 93
Trd, 4318405.593, 104
Trd, 4318405.843, 92
Trd, 4318406.393, 96
Trd, 4318409.793, 104
Trd, 4318410.043, 95
Trd, 4318412.193, 97
Trd, 4318412.643, 94
Trd, 4318414.193, 96
Trd, 4318415.543, 106
Trd, 4318415.643, 93
Trd, 4318416.093, 98
Trd, 4318420.943, 97
Trd, 4318422.493, 93
Trd, 4318424.293, 96
Trd, 4318424.343, 93
Trd, 4318428.493, 95
Trd, 4318429.093, 94
Trd, 4318429.293, 92
Trd, 4318430.993, 92
Trd, 4318431.343, 94
Trd, 4318435.093, 92
Trd, 4318435.293, 94
Trd, 4318436.343, 91
Trd, 4318437.493, 91
Trd, 4318437.793, 92
Trd, 4318438.093, 94
Trd, 4318439.693, 95
Trd, 4318440.993, 106
Trd, 4318441.543, 91
Trd, 4318443.393, 96
Trd, 4318446.343, 91
Trd, 4318447.693, 91
Trd, 4318450.093, 91
Trd, 4318450.893, 96
Trd, 4318451.693, 96
Trd, 4318454.893, 91
Trd, 4318455.593, 91
Trd, 4318456.143, 96
Trd, 4318456.243, 91
Trd, 4318456.593, 96
Trd, 4318459.493, 90
Trd, 4318460.093, 96
Trd, 4318460.943, 96
Trd, 4318461.243, 90
Trd, 4318462.693, 90
Trd, 4318466.793, 95
Trd, 4318468.693, 94
Trd, 4318469.443, 89
Trd, 4318471.093, 89
Trd, 4318471.643, 94
Trd, 4318474.743, 94
Trd, 4318475.393, 90
Trd, 4318476.693, 89
Trd, 4318477.093, 94
Trd, 4318480.143, 89
Trd, 4318480.593, 95
Trd, 4318480.843, 89
Trd, 4318481.893, 89
Trd, 4318485.793, 94
Trd, 4318486.893, 93
Trd, 4318487.993, 89
Trd, 4318489.043, 95
Trd, 4318491.593, 88
Trd, 4318492.093, 94
Trd, 4318493.693, 95
Trd, 4318495.293, 94
Trd, 4318498.643, 95
Trd, 4318498.743, 87
Trd, 4318500.343, 95
Trd, 4318501.493, 86
Trd, 4318502.043, 105
Trd, 4318505.693, 85
Trd, 4318506.343, 85
Trd, 4318506.893, 93
Trd, 4318507.693, 85
Trd, 4318509.043, 84
Trd, 4318509.393, 93
Trd, 4318512.093, 91
Trd, 4318512.693, 91
Trd, 4318513.093, 84
Trd, 4318516.343, 90
Trd, 4318517.143, 84
Trd, 4318517.793, 83
Trd, 4318521.043, 90
Trd, 4318524.493, 90
Trd, 4318525.043, 83
Trd, 4318527.993, 88
Trd, 4318528.993, 95
Trd, 4318529.493, 105
Trd, 4318530.643, 82
Trd, 4318531.143, 82
Trd, 4318532.243, 82
Trd, 4318533.143, 82
Trd, 4318534.093, 96
Trd, 4318537.393, 89
Trd, 4318540.443, 89
Trd, 4318541.393, 87
Trd, 4318541.643, 96
Trd, 4318542.043, 87
Trd, 4318542.793, 86
Trd, 4318544.843, 91
Trd, 4318545.043, 85
Trd, 4318550.043, 91
Trd, 4318551.593, 90
Trd, 4318551.793, 90
Trd, 4318553.243, 85
Trd, 4318553.443, 85
Trd, 4318554.993, 85
Trd, 4318556.193, 88
Trd, 4318560.043, 88
Trd, 4318560.943, 85
Trd, 4318562.493, 88
Trd, 4318564.393, 88
Trd, 4318566.643, 85
Trd, 4318567.343, 88
Trd, 4318567.743, 95
Trd, 4318568.993, 104
Trd, 4318569.043, 100
Trd, 4318570.743, 94
Trd, 4318571.493, 97
Trd, 4318573.093, 93
Trd, 4318573.743, 95
Trd, 4318573.893, 97
Trd, 4318577.593, 93
Trd, 4318582.143, 92
Trd, 4318583.093, 96
Trd, 4318584.643, 97
Trd, 4318585.793, 91
Trd, 4318586.143, 90
Trd, 4318587.393, 95
Trd, 4318590.043, 94
Trd, 4318591.243, 91
Trd, 4318591.493, 94
Trd, 4318592.543, 90
Trd, 4318593.743, 94
Trd, 4318595.693, 90
Trd, 4318599.193, 94
Trd, 4318599.743, 95
Trd, 4318600.243, 95
Trd, 4318600.693, 89
Trd, 4318602.943, 89
Trd, 4318604.143, 95
Trd, 4318605.843, 88
Trd, 4318605.993, 94
Trd, 4318606.743, 88
Trd, 4318609.643, 94
Trd, 4318611.193, 95
Trd, 4318612.043, 88
Trd, 4318613.743, 120
Trd, 4318616.493, 96
Trd, 4318616.543, 88
Trd, 4318618.543, 87
Trd, 4318620.743, 87
Trd, 4318621.143, 90
Trd, 4318621.793, 115
Trd, 4318625.493, 96
Trd, 4318627.493, 86
Trd, 4318628.293, 86
Trd, 4318630.393, 91
Trd, 4318632.293, 87
Trd, 4318633.193, 88
Trd, 4318636.743, 87
Trd, 4318636.893, 88
Trd, 4318638.893, 86
Trd, 4318638.993, 88
Trd, 4318640.293, 86
Trd, 4318641.943, 88
Trd, 4318642.493, 95
Trd, 4318644.593, 85
Trd, 4318644.743, 85
Trd, 4318645.393, 95
Trd, 4318648.243, 84
Trd, 4318650.493, 93
Trd, 4318652.893, 93
Trd, 4318654.543, 83
Trd, 4318655.093, 90
Trd, 4318657.393, 89
Trd, 4318657.843, 83
Trd, 4318658.743, 83
Trd, 4318659.293, 83
Trd, 4318659.993, 88
Trd, 4318660.943, 95
Trd, 4318662.093, 105
Trd, 4318663.393, 101
Trd, 4318663.593, 100
Trd, 4318664.343, 105
Trd, 4318665.393, 98
Trd, 4318666.643, 98
Trd, 4318668.093, 98
Trd, 4318668.193, 100
Trd, 4318670.343, 81
Trd, 4318672.943, 98
Trd, 4318675.093, 94
Trd, 4318676.393, 96
Trd, 4318677.293, 93
Trd, 4318677.893, 112
Trd, 4318679.543, 102
Trd, 4318679.893, 110
Trd, 4318681.443, 106
Trd, 4318682.043, 103
Trd, 4318684.193, 108
Trd, 4318685.093, 107
Trd, 4318685.993, 105
Trd, 4318686.343, 103
Trd, 4318687.193, 94
Trd, 4318689.843, 104
Trd, 4318691.893, 103
Trd, 4318692.243, 105
Trd, 4318693.443, 105
Trd, 4318695.143, 101
Trd, 4318695.843, 101
Trd, 4318699.043, 105
Trd, 4318700.643, 104
Trd, 4318702.443, 102
Trd, 4318702.793, 101
Trd, 4318706.193, 101
Trd, 4318706.593, 104
Trd, 4318707.293, 105
Trd, 4318708.893, 101
Trd, 4318709.193, 104
Trd, 4318711.843, 100
Trd, 4318712.743, 99
Trd, 4318712.993, 103
Trd, 4318713.393, 103
Trd, 4318716.143, 103
Trd, 4318717.343, 99
Trd, 4318718.143, 103
Trd, 4318718.443, 98
Trd, 4318721.743, 98
Trd, 4318724.343, 103
Trd, 4318724.743, 99
Trd, 4318726.093, 103
Trd, 4318728.293, 99
Trd, 4318729.543, 103
Trd, 4318730.243, 100
Trd, 4318731.343, 102
Trd, 4318732.343, 101
Trd, 4318733.393, 101
Trd, 4318735.093, 100
Trd, 4318736.043, 101
Trd, 4318736.143, 99
Trd, 4318736.943, 99
Trd, 4318737.543, 101
Trd, 4318741.743, 99
Trd, 4318743.243, 99
Trd, 4318743.893, 99
Trd, 4318744.043, 98
Trd, 4318744.243, 98
Trd, 4318750.393, 98
Trd, 4318750.443, 97
Trd, 4318753.243, 99
Trd, 4318753.743, 99
Trd, 4318755.693, 97
Trd, 4318756.293, 99
Trd, 4318756.543, 99
Trd, 4318757.943, 100
Trd, 4318758.943, 98
Trd, 4318762.493, 96
Trd, 4318764.293, 96
Trd, 4318764.793, 99
Trd, 4318766.443, 98
Trd, 4318767.393, 98
Trd, 4318769.493, 97
Trd, 4318769.543, 98
Trd, 4318773.243, 96
Trd, 4318775.943, 98
Trd, 4318776.143, 95
Trd, 4318776.943, 98
Trd, 4318779.493, 95
Trd, 4318779.793, 98
Trd, 4318782.493, 97
Trd, 4318784.593, 98
Trd, 4318786.643, 97
Trd, 4318786.793, 98
Trd, 4318787.343, 97
Trd, 4318788.793, 106
Trd, 4318790.293, 97
Trd, 4318790.543, 99
Trd, 4318792.093, 96
Trd, 4318792.293, 100
Trd, 4318794.593, 95
Trd, 4318796.193, 95
Trd, 4318796.993, 99
Trd, 4318798.193, 98
Trd, 4318799.393, 94
Trd, 4318799.443, 98
Trd, 4318800.843, 94
Trd, 4318803.193, 98
Trd, 4318804.343, 99
Trd, 4318805.793, 94
Trd, 4318807.943, 94
Trd, 4318809.593, 93
Trd, 4318809.993, 93
Trd, 4318811.543, 98
Trd, 4318812.843, 97
Trd, 4318813.893, 106
Trd, 4318815.893, 113
Trd, 4318816.193, 93
Trd, 4318818.193, 98
Trd, 4318819.243, 103
Trd, 4318821.743, 100
Trd, 4318822.943, 98
Trd, 4318824.543, 97
Trd, 4318825.193, 100
Trd, 4318828.193, 96
Trd, 4318829.243, 98
Trd, 4318831.143, 98
Trd, 4318831.743, 98
Trd, 4318833.893, 97
Trd, 4318834.293, 95
Trd, 4318837.193, 97
Trd, 4318837.893, 97
Trd, 4318839.093, 95
Trd, 4318840.593, 97
Trd, 4318842.693, 97
Trd, 4318842.943, 94
Trd, 4318844.193, 94
Trd, 4318844.243, 97
Trd, 4318845.893, 97
Trd, 4318846.393, 104
Trd, 4318847.493, 95
Trd, 4318848.293, 79
Trd, 4318849.343, 79
Trd, 4318850.543, 80
Trd, 4318851.543, 86
Trd, 4318852.243, 87
Trd, 4318853.043, 109
Trd, 4318854.743, 92
Trd, 4318856.143, 90
Trd, 4318857.493, 94
Trd, 4318857.643, 89
Trd, 4318858.443, 95
Trd, 4318859.193, 89
Trd, 4318860.693, 102
Trd, 4318861.043, 96
Trd, 4318863.293, 93
Trd, 4318865.343, 92
Trd, 4318867.743, 92
Trd, 4318868.343, 96
Trd, 4318868.493, 96
Trd, 4318869.293, 103
Trd, 4318870.793, 95
Trd, 4318872.793, 97
Trd, 4318873.443, 96
Trd, 4318873.843, 95
Trd, 4318875.543, 94
Trd, 4318877.343, 93
Trd, 4318878.693, 96
Trd, 4318882.593, 95
Trd, 4318883.193, 92
Trd, 4318883.543, 95
Trd, 4318883.993, 92
Trd, 4318884.543, 114
Trd, 4318884.643, 91
Trd, 4318885.243, 107
Trd, 4318885.393, 91
Trd, 4318891.543, 99
Trd, 4318894.493, 95
Trd, 4318894.593, 95
Trd, 4318895.993, 93
Trd, 4318896.293, 90
Trd, 4318899.143, 93
Trd, 4318902.443, 94
Trd, 4318902.493, 92
Trd, 4318902.843, 94
Trd, 4318903.743, 91
Trd, 4318907.443, 94
Trd, 4318908.093, 92
Trd, 4318910.443, 91
Trd, 4318911.943, 91
Trd, 4318912.493, 90
Trd, 4318912.793, 92
Trd, 4318914.793, 89
Trd, 4318916.443, 89
Trd, 4318917.143, 90
Trd, 4318918.843, 89
Trd, 4318921.593, 95
Trd, 4318922.743, 88
Trd, 4318923.843, 92
Trd, 4318925.243, 88
Trd, 4318925.993, 92
Trd, 4318927.093, 88
Trd, 4318927.343, 91
Trd, 4318928.943, 88
Trd, 4318932.993, 91
Trd, 4318933.193, 88
Trd, 4318936.343, 95
Trd, 4318937.643, 88
Trd, 4318937.743, 92
Trd, 4318938.443, 87
Trd, 4318939.343, 104
Trd, 4318939.993, 102
Trd, 4318940.793, 95
Trd, 4318941.843, 107
Trd, 4318945.693, 96
Trd, 4318945.993, 101
Trd, 4318946.393, 99
Trd, 4318946.793, 100
Trd, 4318947.993, 99
Trd, 4318949.793, 112
Trd, 4318951.543, 96
Trd, 4318952.293, 103
Trd, 4318953.143, 97
Trd, 4318956.593, 99
Trd, 4318957.793, 99
Trd, 4318959.893, 96
Trd, 4318960.143, 96
Trd, 4318960.743, 100
Trd, 4318961.893, 98
Trd, 4318963.943, 98
Trd, 4318964.443, 99
Trd, 4318967.393, 97
Trd, 4318968.393, 99
Trd, 4318970.343, 95
Trd, 4318972.993, 99
Trd, 4318973.093, 96
Trd, 4318973.293, 94
Trd, 4318974.843, 99
Trd, 4318976.493, 104
Trd, 4318976.693, 101
Trd, 4318978.393, 97
Trd, 4318982.043, 101
Trd, 4318982.243, 96
Trd, 4318984.893, 101
Trd, 4318986.543, 101
Trd, 4318987.193, 101
Trd, 4318989.193, 97
Trd, 4318989.493, 102
Trd, 4318992.343, 113
Trd, 4318992.493, 96
Trd, 4318994.543, 95
Trd, 4318996.643, 102
Trd, 4318997.443, 102
Trd, 4318998.793, 96
Trd, 4318999.293, 95
Trd, 4318999.443, 102
Trd, 4319002.693, 99
Trd, 4319002.943, 94
Trd, 4319003.943, 85
Trd, 4319005.493, 80
Trd, 4319005.593, 87
Trd, 4319005.793, 96
Trd, 4319007.993, 96
Trd, 4319008.243, 94
Trd, 4319010.293, 105
Trd, 4319011.393, 96
Trd, 4319014.143, 93
Trd, 4319014.593, 96
Trd, 4319016.593, 96
Trd, 4319018.993, 92
Trd, 4319020.043, 96
Trd, 4319020.643, 91
Trd, 4319022.143, 95
Trd, 4319025.593, 91
Trd, 4319025.943, 95
Trd, 4319028.093, 95
Trd, 4319028.493, 90
Trd, 4319031.143, 95
Trd, 4319031.693, 95
Trd, 4319032.643, 90
Trd, 4319035.743, 90
Trd, 4319037.293, 93
Trd, 4319038.743, 93
Trd, 4319038.943, 89
Trd, 4319042.193, 88
Trd, 4319043.693, 93
Trd, 4319044.143, 94
Trd, 4319045.793, 94
Trd, 4319047.143, 94
Trd, 4319049.743, 87
Trd, 4319051.843, 94
Trd, 4319052.443, 87
Trd, 4319054.743, 88
Trd, 4319054.893, 87
Trd, 4319055.143, 94
Trd, 4319055.193, 95
Trd, 4319058.593, 92
Trd, 4319061.843, 90
Trd, 4319063.043, 87
Trd, 4319063.893, 86
Trd, 4319063.943, 86
Trd, 4319067.093, 89
Trd, 4319067.793, 89
Trd, 4319069.343, 85
Trd, 4319071.843, 95
Trd, 4319073.543, 86
Trd, 4319073.943, 90
Trd, 4319074.243, 103
Trd, 4319075.243, 97
Trd, 4319077.093, 94
Trd, 4319078.493, 94
Trd, 4319078.593, 95
Trd, 4319079.943, 94
Trd, 4319081.343, 93
Trd, 4319084.993, 93
Trd, 4319087.043, 92
Trd, 4319087.143, 93
Trd, 4319089.993, 91
Trd, 4319091.693, 93
Trd, 4319092.343, 95
Trd, 4319094.593, 91
Trd, 4319097.343, 94
Trd, 4319098.143, 95
Trd, 4319098.243, 91
Trd, 4319099.993, 90
Trd, 4319100.143, 93
Trd, 4319101.543, 89
Trd, 4319101.593, 89
Trd, 4319103.843, 93
Trd, 4319104.043, 88
Trd, 4319105.943, 93
Trd, 4319107.643, 88
Trd, 4319107.793, 93
Trd, 4319108.343, 95
Trd, 4319111.943, 94
Trd, 4319113.143, 88
Trd, 4319118.343, 94
Trd, 4319118.843, 88
Trd, 4319119.293, 94
Trd, 4319121.893, 94
Trd, 4319123.693, 94
Trd, 4319123.843, 90
Trd, 4319125.893, 95
Trd, 4319126.993, 89
Trd, 4319129.293, 95
Trd, 4319129.943, 96
Trd, 4319130.543, 89
Trd, 4319131.393, 88
Trd, 4319132.043, 95
Trd, 4319134.543, 95
Trd, 4319137.443, 95
Trd, 4319139.893, 111
Trd, 4319140.443, 94
Trd, 4319141.343, 95
Trd, 4319141.843, 94
Trd, 4319145.293, 96
Trd, 4319148.643, 94
Trd, 4319149.043, 97
Trd, 4319150.343, 94
Trd, 4319151.393, 96
Trd, 4319151.993, 93
Trd, 4319152.643, 96
Trd, 4319154.493, 93
Trd, 4319155.143, 96
Trd, 4319156.693, 104
Trd, 4319156.993, 92
Trd, 4319161.143, 92
Trd, 4319161.843, 91
Trd, 4319162.543, 97
Trd, 4319163.693, 97
Trd, 4319167.543, 92
Trd, 4319168.243, 97
Trd, 4319168.493, 97
Trd, 4319170.193, 91
Trd, 4319171.893, 97
Trd, 4319173.343, 97
Trd, 4319173.793, 91
Trd, 4319174.743, 90
Trd, 4319179.793, 97
Trd, 4319180.743, 96
Trd, 4319183.843, 90
Trd, 4319183.893, 90
Trd, 4319184.593, 94
Trd, 4319187.243, 89
Trd, 4319187.943, 93
Trd, 4319188.343, 93
Trd, 4319190.793, 89
Trd, 4319192.293, 92
Trd, 4319194.143, 88
Trd, 4319195.693, 88
Trd, 4319196.993, 92
Trd, 4319197.293, 92
Trd, 4319197.743, 87
Trd, 4319200.043, 87
Trd, 4319202.093, 92
Trd, 4319202.593, 112
Trd, 4319206.043, 96
Trd, 4319206.243, 86
Trd, 4319208.443, 96
Trd, 4319210.143, 90
Trd, 4319211.143, 90
Trd, 4319212.143, 89
Trd, 4319213.993, 89
Trd, 4319214.443, 95
Trd, 4319214.593, 104
Trd, 4319215.793, 88
Trd, 4319216.343, 96
Trd, 4319221.543, 89
Trd, 4319221.743, 91
Trd, 4319222.393, 88
Trd, 4319225.143, 91
Trd, 4319225.993, 91
Trd, 4319226.043, 88
Trd, 4319227.143, 88
Trd, 4319228.493, 95
Trd, 4319230.243, 87
Trd, 4319231.343, 92
Trd, 4319232.993, 92
Trd, 4319234.593, 92
Trd, 4319236.843, 86
Trd, 4319239.843, 90
Trd, 4319240.443, 85
Trd, 4319240.943, 90
Trd, 4319241.193, 95
Trd, 4319245.993, 92
Trd, 4319246.293, 84
Trd, 4319247.043, 84
Trd, 4319249.143, 83
Trd, 4319250.293, 92
Trd, 4319250.393, 116
Trd, 4319255.043, 95
Trd, 4319256.093, 95
Trd, 4319256.293, 83
Trd, 4319257.143, 94
Trd, 4319257.493, 83
Trd, 4319258.843, 85
Trd, 4319260.993, 93
Trd, 4319262.693, 90
Trd, 4319264.393, 88
Trd, 4319266.193, 91
Trd, 4319269.243, 91
Trd, 4319270.493, 95
Trd, 4319271.193, 89
Trd, 4319272.293, 88
Trd, 4319272.693, 110
Trd, 4319275.043, 87
Trd, 4319276.293, 87
Trd, 4319277.343, 99
Trd, 4319278.943, 96
Trd, 4319281.793, 95
Trd, 4319282.543, 86
Trd, 4319283.343, 86
Trd, 4319284.093, 94
Trd, 4319285.793, 85
Trd, 4319286.743, 89
Trd, 4319290.193, 89
Trd, 4319291.393, 89
Trd, 4319291.693, 87
Trd, 4319295.093, 95
Trd, 4319295.693, 86
Trd, 4319295.893, 86
Trd, 4319299.143, 91
Trd, 4319299.793, 86
Trd, 4319299.893, 86
Trd, 4319301.843, 91
Trd, 4319304.143, 92
Trd, 4319306.193, 92
Trd, 4319306.393, 87
Trd, 4319307.093, 87
Trd, 4319308.743, 92
Trd, 4319308.943, 86
Trd, 4319309.893, 95
Trd, 4319311.893, 86
Trd, 4319313.793, 85
Trd, 4319316.093, 92
Trd, 4319317.393, 92
Trd, 4319318.193, 84
Trd, 4319320.593, 88
Trd, 4319320.893, 92
Trd, 4319323.593, 87
Trd, 4319326.493, 89
Trd, 4319326.693, 87
Trd, 4319327.343, 89
Trd, 4319329.343, 86
Trd, 4319329.893, 85
Trd, 4319330.493, 89
Trd, 4319333.043, 89
Trd, 4319333.843, 89
Trd, 4319334.143, 95
Trd, 4319336.993, 85
Trd, 4319342.743, 90
Trd, 4319343.293, 90
Trd, 4319343.343, 86
Trd, 4319343.843, 85
Trd, 4319345.193, 91
Trd, 4319345.243, 95
Trd, 4319349.193, 91
Trd, 4319351.143, 85
Trd, 4319351.543, 91
Trd, 4319351.793, 85
Trd, 4319353.643, 84
Trd, 4319355.343, 99
Trd, 4319357.043, 94
Trd, 4319359.043, 92
Trd, 4319359.993, 92
Trd, 4319362.293, 92
Trd, 4319362.943, 94
Trd, 4319363.243, 94
Trd, 4319363.843, 92
Trd, 4319366.243, 91
Trd, 4319368.243, 94
Trd, 4319368.893, 94
Trd, 4319369.993, 90
Trd, 4319370.693, 94
Trd, 4319371.993, 106
Trd, 4319374.293, 90
Trd, 4319374.743, 96
Trd, 4319378.543, 89
Trd, 4319380.093, 96
Trd, 4319380.343, 89
Trd, 4319380.893, 96
Trd, 4319381.543, 95
Trd, 4319382.593, 89
Trd, 4319386.493, 94
Trd, 4319387.243, 94
Trd, 4319388.093, 91
Trd, 4319389.693, 90
Trd, 4319389.793, 95
Trd, 4319393.493, 94
Trd, 4319393.893, 90
Trd, 4319395.643, 89
Trd, 4319396.243, 88
Trd, 4319397.243, 94
Trd, 4319399.193, 95
Trd, 4319400.743, 87
Trd, 4319403.093, 94
Trd, 4319406.093, 94
Trd, 4319408.443, 93
Trd, 4319409.393, 92
Trd, 4319410.343, 95
Trd, 4319411.393, 91
Trd, 4319413.143, 94
Trd, 4319414.543, 92
Trd, 4319418.493, 94
Trd, 4319420.293, 90
Trd, 4319421.293, 94
Trd, 4319421.843, 88
Trd, 4319423.993, 93
Trd, 4319428.993, 89
Trd, 4319429.093, 93
Trd, 4319430.443, 88
Trd, 4319431.343, 87
Trd, 4319431.493, 93
Trd, 4319434.043, 95
Trd, 4319434.793, 88
Trd, 4319436.743, 94
Trd, 4319436.993, 87
Trd, 4319439.293, 87
Trd, 4319439.893, 91
Trd, 4319440.843, 95
Trd, 4319442.543, 86
Trd, 4319443.393, 92
Trd, 4319449.693, 92
Trd, 4319449.793, 95
Trd, 4319450.493, 85
Trd, 4319455.593, 84
Trd, 4319457.043, 87
Trd, 4319457.093, 87
Trd, 4319458.243, 87
Trd, 4319459.143, 84
Trd, 4319460.093, 84
Trd, 4319462.693, 87
Trd, 4319465.043, 87
Trd, 4319466.293, 85
Trd, 4319467.793, 88
Trd, 4319470.093, 95
Trd, 4319472.593, 85
Trd, 4319473.093, 85
Trd, 4319474.643, 95
Trd, 4319474.843, 108
Trd, 4319475.943, 94
Trd, 4319477.143, 87
Trd, 4319478.293, 91
Trd, 4319478.893, 126
Trd, 4319479.943, 102
Trd, 4319484.993, 98
Trd, 4319485.493, 98
Trd, 4319486.093, 98
Trd, 4319486.543, 94
Trd, 4319486.693, 81
Trd, 4319487.093, 104
Trd, 4319489.143, 91
Trd, 4319490.543, 96
Trd, 4319490.843, 87
Trd, 4319491.543, 94
Trd, 4319492.043, 75
Trd, 4319493.193, 82
Trd, 4319493.443, 95
Trd, 4319494.143, 77
Trd, 4319496.593, 89
Trd, 4319497.793, 107
Trd, 4319497.993, 94
Trd, 4319500.343, 98
Trd, 4319500.893, 96
Trd, 4319501.243, 96
Trd, 4319501.943, 81
Trd, 4319502.743, 106
Trd, 4319505.393, 97
Trd, 4319506.243, 131
Trd, 4319509.293, 102
Trd, 4319509.693, 97
Trd, 4319509.793, 96
Trd, 4319510.893, 100
Trd, 4319511.843, 96
Trd, 4319514.843, 99
Trd, 4319515.243, 96
Trd, 4319515.943, 98
Trd, 4319519.193, 98
Trd, 4319519.343, 95
Trd, 4319519.493, 99
Trd, 4319521.693, 94
Trd, 4319524.443, 94
Trd, 4319526.043, 95
Trd, 4319526.093, 94
Trd, 4319527.493, 96
Trd, 4319528.643, 95
Trd, 4319529.493, 94
Trd, 4319529.643, 93
Trd, 4319532.693, 92
Trd, 4319532.893, 95
Trd, 4319534.843, 94
Trd, 4319535.993, 95
Trd, 4319537.743, 91
Trd, 4319539.243, 92
Trd, 4319539.293, 95
Trd, 4319540.393, 91
Trd, 4319540.943, 95
Trd, 4319544.593, 95
Trd, 4319544.943, 91
Trd, 4319545.193, 91
Trd, 4319545.943, 95
Trd, 4319547.243, 91
Trd, 4319549.793, 95
Trd, 4319550.793, 95
Trd, 4319554.093, 104
Trd, 4319554.593, 101
Trd, 4319555.443, 97
Trd, 4319557.493, 99
Trd, 4319558.543, 108
Trd, 4319558.693, 115
Trd, 4319559.993, 104
Trd, 4319560.193, 103
Trd, 4319560.593, 97
Trd, 4319562.393, 106
Trd, 4319563.143, 98
Trd, 4319564.543, 105
Trd, 4319565.193, 100
Trd, 4319566.343, 85
Trd, 4319566.993, 92
Trd, 4319569.193, 94
Trd, 4319569.793, 99
Trd, 4319571.293, 94
Trd, 4319573.093, 93
Trd, 4319573.543, 104
Trd, 4319573.593, 118
Trd, 4319575.643, 107
Trd, 4319577.543, 96
Trd, 4319579.693, 103
Trd, 4319581.693, 94
Trd, 4319582.143, 102
Trd, 4319583.943, 94
Trd, 4319586.993, 102
Trd, 4319587.893, 102
Trd, 4319589.243, 93
Trd, 4319591.043, 94
Trd, 4319591.193, 102
Trd, 4319594.943, 102
Trd, 4319596.543, 96
Trd, 4319598.143, 95
Trd, 4319598.343, 100
Trd, 4319599.943, 100
Trd, 4319601.693, 99
Trd, 4319601.843, 96
Trd, 4319605.493, 95
Trd, 4319607.293, 94
Trd, 4319608.393, 97
Trd, 4319608.943, 98
Trd, 4319610.043, 96
Trd, 4319610.193, 94
Trd, 4319612.243, 93
Trd, 4319613.693, 92
Trd, 4319614.443, 95
Trd, 4319617.893, 91
Trd, 4319618.393, 95
Trd, 4319621.693, 91
Trd, 4319622.793, 95
Trd, 4319623.443, 95
Trd, 4319623.543, 90
Trd, 4319625.843, 94
Trd, 4319627.143, 90
Trd, 4319628.643, 90
Trd, 4319628.943, 94
Trd, 4319630.743, 95
Trd, 4319631.543, 89
Trd, 4319632.693, 89
Trd, 4319634.993, 94
Trd, 4319635.793, 88
Trd, 4319639.243, 91
Trd, 4319639.743, 94
Trd, 4319644.643, 94
Trd, 4319644.843, 92
Trd, 4319647.043, 94
Trd, 4319648.243, 92
Trd, 4319651.393, 91
Trd, 4319651.493, 95
Trd, 4319654.043, 95
Trd, 4319657.043, 95
Trd, 4319657.143, 90
Trd, 4319657.843, 89
Trd, 4319658.343, 94
Trd, 4319659.593, 88
Trd, 4319662.293, 94
Trd, 4319663.293, 95
Trd, 4319664.093, 88
Trd, 4319665.343, 94
Trd, 4319665.493, 87
Trd, 4319668.193, 93
Trd, 4319669.343, 87
Trd, 4319671.043, 86
Trd, 4319672.393, 91
Trd, 4319672.793, 91
Trd, 4319672.993, 85
Trd, 4319675.743, 92
Trd, 4319676.093, 85
Trd, 4319677.543, 85
Trd, 4319680.393, 91
Trd, 4319680.793, 85
Trd, 4319682.293, 85
Trd, 4319684.293, 91
Trd, 4319685.493, 85
Trd, 4319686.193, 90
Trd, 4319688.093, 85
Trd, 4319689.293, 90
Trd, 4319690.043, 95
Trd, 4319691.893, 92
Trd, 4319693.343, 84
Trd, 4319696.093, 84
Trd, 4319697.193, 92
Trd, 4319697.243, 95
Trd, 4319700.593, 91
Trd, 4319700.693, 85
Trd, 4319702.693, 91
Trd, 4319703.643, 86
Trd, 4319705.143, 86
Trd, 4319706.693, 88
Trd, 4319709.443, 85
Trd, 4319709.993, 85
Trd, 4319710.943, 85
Trd, 4319711.143, 95
Trd, 4319713.493, 89
Trd, 4319713.643, 89
Trd, 4319716.143, 90
Trd, 4319717.943, 103
Trd, 4319718.493, 95
Trd, 4319718.793, 94
Trd, 4319719.693, 95
Trd, 4319723.343, 93
Trd, 4319723.593, 95
Trd, 4319723.843, 108
Trd, 4319725.243, 93
Trd, 4319727.393, 99
Trd, 4319730.343, 96
Trd, 4319732.243, 95
Trd, 4319734.293, 96
Trd, 4319734.693, 96
Trd, 4319735.843, 95
Trd, 4319737.493, 96
Trd, 4319738.693, 96
Trd, 4319740.393, 94
Trd, 4319742.293, 93
Trd, 4319743.743, 105
Trd, 4319744.343, 106
Trd, 4319746.343, 99
Trd, 4319750.393, 99
Trd, 4319750.843, 98
Trd, 4319750.943, 99
Trd, 4319751.743, 104
Trd, 4319752.443, 98
Trd, 4319754.893, 99
Trd, 4319755.243, 97
Trd, 4319755.293, 98
Trd, 4319756.743, 85
Trd, 4319757.043, 99
Trd, 4319758.493, 93
Trd, 4319759.043, 95
Trd, 4319759.893, 98
Trd, 4319760.843, 98
Trd, 4319762.343, 95
Trd, 4319763.343, 98
Trd, 4319765.593, 98
Trd, 4319766.493, 97
Trd, 4319766.743, 98
Trd, 4319769.293, 94
Trd, 4319771.543, 95
Trd, 4319772.793, 98
Trd, 4319774.593, 93
Trd, 4319775.043, 97
Trd, 4319775.993, 97
Trd, 4319777.193, 98
Trd, 4319777.493, 94
Trd, 4319779.293, 94
Trd, 4319781.493, 97
Trd, 4319784.843, 94
Trd, 4319785.643, 93
Trd, 4319786.293, 96
Trd, 4319786.993, 94
Trd, 4319787.843, 101
Trd, 4319788.543, 102
Trd, 4319789.093, 99
Trd, 4319790.143, 104
Trd, 4319791.943, 100
Trd, 4319792.143, 102
Trd, 4319794.193, 100
Trd, 4319794.543, 100
Trd, 4319795.643, 99
Trd, 4319796.093, 100
Trd, 4319798.943, 100
Trd, 4319801.043, 99
Trd, 4319801.743, 100
Trd, 4319802.943, 97
Trd, 4319807.443, 97
Trd, 4319807.543, 99
Trd, 4319807.593, 99
Trd, 4319808.593, 97
Trd, 4319810.893, 98
Trd, 4319813.543, 96
Trd, 4319814.893, 96
Trd, 4319815.893, 94
Trd, 4319817.193, 98
Trd, 4319817.543, 94
Trd, 4319819.843, 98
Trd, 4319820.493, 107
Trd, 4319821.193, 101
Trd, 4319823.643, 99
Trd, 4319824.593, 94
Trd, 4319826.593, 99
Trd, 4319830.093, 99
Trd, 4319831.143, 95
Trd, 4319831.743, 94
Trd, 4319833.543, 94
Trd, 4319834.343, 96
Trd, 4319836.043, 96
Trd, 4319836.493, 93
Trd, 4319836.893, 96
Trd, 4319838.243, 96
Trd, 4319838.943, 92
Trd, 4319840.493, 93
Trd, 4319841.193, 104
Trd, 4319843.693, 94
Trd, 4319844.843, 98
Trd, 4319846.793, 98
Trd, 4319847.793, 94
Trd, 4319848.193, 98
Trd, 4319850.843, 98
Trd, 4319851.843, 94
Trd, 4319852.443, 93
Trd, 4319857.043, 92
Trd, 4319857.243, 98
Trd, 4319857.893, 98
Trd, 4319857.993, 92
Trd, 4319859.793, 98
Trd, 4319860.343, 109
Trd, 4319862.343, 100
Trd, 4319863.593, 100
Trd, 4319863.743, 83
Trd, 4319864.543, 83
Trd, 4319864.793, 96
Trd, 4319865.643, 77
Trd, 4319866.043, 88
Trd, 4319868.793, 95
Trd, 4319870.243, 89
Trd, 4319870.793, 87
Trd, 4319871.343, 101
Trd, 4319875.143, 91
Trd, 4319875.243, 92
Trd, 4319876.243, 93
Trd, 4319876.393, 90
Trd, 4319878.043, 85
Trd, 4319881.043, 95
Trd, 4319883.593, 89
Trd, 4319884.543, 92
Trd, 4319884.843, 90
Trd, 4319886.543, 91
Trd, 4319889.743, 88
Trd, 4319890.043, 91
Trd, 4319891.593, 91
Trd, 4319892.943, 88
Trd, 4319894.443, 88
Trd, 4319894.493, 92
Trd, 4319895.393, 88
Trd, 4319896.093, 92
Trd, 4319899.793, 88
Trd, 4319902.293, 92
Trd, 4319905.043, 89
Trd, 4319905.893, 90
Trd, 4319906.143, 91
Trd, 4319906.693, 88
Trd, 4319908.093, 88
Trd, 4319908.143, 90
Trd, 4319909.293, 95
Trd, 4319912.193, 91
Trd, 4319914.243, 87
Trd, 4319914.743, 87
Trd, 4319917.693, 88
Trd, 4319918.293, 91
Trd, 4319918.993, 91
Trd, 4319919.793, 95
Trd, 4319921.793, 86
Trd, 4319923.143, 111
Trd, 4319924.493, 90
Trd, 4319926.993, 98
Trd, 4319928.593, 98
Trd, 4319929.343, 92
Trd, 4319929.943, 98
Trd, 4319930.643, 110
Trd, 4319932.343, 91
Trd, 4319935.743, 91
Trd, 4319936.593, 90
Trd, 4319937.243, 99
Trd, 4319940.393, 99
Trd, 4319942.943, 92
Trd, 4319944.343, 99
Trd, 4319945.343, 92
Trd, 4319945.993, 92
Trd, 4319947.093, 95
Trd, 4319947.543, 95
Trd, 4319948.243, 85
Trd, 4319953.693, 94
Trd, 4319953.793, 95
Trd, 4319954.343, 89
Trd, 4319955.043, 89
Trd, 4319958.143, 93
Trd, 4319958.693, 89
Trd, 4319959.843, 88
Trd, 4319960.193, 90
Trd, 4319960.743, 92
Trd, 4319964.243, 87
Trd, 4319964.293, 91
Trd, 4319965.793, 87
Trd, 4319965.993, 86
Trd, 4319967.893, 92
Trd, 4319968.993, 85
Trd, 4319970.743, 89
Trd, 4319971.443, 85
Trd, 4319972.393, 84
Trd, 4319974.443, 87
Trd, 4319975.593, 87
Trd, 4319977.293, 87
Trd, 4319977.543, 84
Trd, 4319978.393, 95
Trd, 4319979.193, 84
Trd, 4319981.593, 89
Trd, 4319983.543, 85
Trd, 4319985.993, 94
Trd, 4319986.943, 92
Trd, 4319988.093, 92
Trd, 4319988.293, 86
Trd, 4319988.893, 95
Trd, 4319990.193, 129
Trd, 4319990.743, 108
Trd, 4319993.343, 107
Trd, 4319993.493, 107
Trd, 4319994.343, 113
Trd, 4319995.043, 115
Trd, 4319996.143, 102
Trd, 4319996.343, 105
Trd, 4319999.793, 105
Trd, 4319999.943, 104
