Trd, 4317804.943, 90
Trd, 4317805.343, 86
Trd, 4317807.443, 90
Trd, 4317808.443, 90
Trd, 4317809.443, 85
Trd, 4317811.743, 88
Trd, 4317812.343, 88
Trd, 4317813.643, 85
Trd, 4317815.243, 88
Trd, 4317816.643, 88
Trd, 4317817.693, 96
Trd, 4317818.493, 90
Trd, 4317820.243, 104
Trd, 4317823.393, 90
Trd, 4317824.343, 89
Trd, 4317824.743, 88
Trd, 4317827.843, 87
Trd, 4317830.093, 86
Trd, 4317834.793, 89
Trd, 4317835.643, 89
Trd, 4317836.143, 85
Trd, 4317837.493, 88
Trd, 4317838.893, 95
Trd, 4317839.943, 91
Trd, 4317840.493, 85
Trd, 4317847.243, 90
Trd, 4317847.893, 86
Trd, 4317851.093, 90
Trd, 4317852.243, 90
Trd, 4317852.543, 87
Trd, 4317857.543, 90
Trd, 4317857.843, 86
Trd, 4317860.693, 85
Trd, 4317863.093, 90
Trd, 4317863.743, 90
Trd, 4317864.043, 90
Trd, 4317868.343, 89
Trd, 4317868.393, 84
Trd, 4317869.743, 85
Trd, 4317869.843, 89
Trd, 4317871.193, 88
Trd, 4317873.443, 89
Trd, 4317874.843, 88
Trd, 4317875.393, 89
Trd, 4317877.343, 89
Trd, 4317880.143, 86
Trd, 4317883.743, 88
Trd, 4317883.943, 84
Trd, 4317884.393, 88
Trd, 4317884.543, 95
Trd, 4317885.143, 111
Trd, 4317889.143, 88
Trd, 4317889.343, 88
Trd, 4317889.693, 89
Trd, 4317892.693, 89
Trd, 4317895.143, 88
Trd, 4317895.193, 90
Trd, 4317898.543, 87
Trd, 4317899.493, 82
Trd, 4317900.343, 84
Trd, 4317900.893, 86
Trd, 4317901.043, 95
Trd, 4317903.943, 90
Trd, 4317904.943, 88
Trd, 4317905.693, 86
Trd, 4317905.793, 88
Trd, 4317907.893, 86
Trd, 4317908.893, 88
Trd, 4317909.643, 88
Trd, 4317910.243, 95
Trd, 4317911.193, 95
Trd, 4317913.043, 93
Trd, 4317914.693, 93
Trd, 4317916.043, 93
Trd, 4317917.543, 92
Trd, 4317923.393, 91
Trd, 4317926.893, 92
Trd, 4317928.043, 90
Trd, 4317928.143, 90
Trd, 4317928.393, 85
Trd, 4317931.393, 95
Trd, 4317933.393, 92
Trd, 4317933.793, 90
Trd, 4317936.843, 89
Trd, 4317936.943, 92
Trd, 4317937.943, 92
Trd, 4317941.943, 92
Trd, 4317945.793, 91
Trd, 4317945.993, 89
Trd, 4317946.193, 91
Trd, 4317946.343, 93
Trd, 4317947.793, 87
Trd, 4317950.093, 91
Trd, 4317952.843, 91
Trd, 4317953.643, 86
Trd, 4317954.943, 91
Trd, 4317959.143, 90
Trd, 4317960.093, 87
Trd, 4317960.643, 90
Trd, 4317963.293, 86
Trd, 4317965.243, 90
Trd, 4317966.843, 90
Trd, 4317968.493, 90
Trd, 4317969.293, 86
Trd, 4317970.743, 90
Trd, 4317971.743, 90
Trd, 4317972.093, 85
Trd, 4317973.693, 90
Trd, 4317974.343, 113
Trd, 4317978.443, 94
Trd, 4317978.793, 95
Trd, 4317979.643, 88
Trd, 4317982.593, 89
Trd, 4317984.093, 90
Trd, 4317986.593, 88
Trd, 4317987.943, 88
Trd, 4317988.543, 88
Trd, 4317988.893, 87
Trd, 4317991.643, 88
Trd, 4317992.143, 85
Trd, 4317995.943, 85
Trd, 4317996.343, 88
Trd, 4317999.893, 88
Trd, 4318000.393, 85
Trd, 4318001.043, 87
Trd, 4318003.043, 87
Trd, 4318003.693, 87
Trd, 4318005.893, 84
Trd, 4318007.493, 87
Trd, 4318010.543, 83
Trd, 4318011.893, 83
Trd, 4318013.193, 83
Trd, 4318013.993, 83
Trd, 4318016.893, 83
Trd, 4318016.943, 83
Trd, 4318016.993, 86
Trd, 4318018.793, 85
Trd, 4318019.443, 86
Trd, 4318020.243, 82
Trd, 4318021.743, 87
Trd, 4318024.093, 95
Trd, 4318028.143, 87
Trd, 4318028.993, 89
Trd, 4318029.343, 89
Trd, 4318031.443, 77
Trd, 4318032.493, 83
Trd, 4318034.093, 84
Trd, 4318034.743, 85
Trd, 4318035.343, 86
Trd, 4318036.593, 85
Trd, 4318036.943, 86
Trd, 4318037.393, 95
Trd, 4318039.693, 85
Trd, 4318040.543, 91
Trd, 4318040.793, 88
Trd, 4318044.893, 85
Trd, 4318047.243, 86
Trd, 4318047.793, 87
Trd, 4318050.193, 87
Trd, 4318050.243, 85
Trd, 4318051.743, 86
Trd, 4318052.943, 87
Trd, 4318053.493, 87
Trd, 4318055.293, 102
Trd, 4318056.493, 84
Trd, 4318056.593, 97
Trd, 4318058.943, 94
Trd, 4318059.443, 89
Trd, 4318064.293, 94
Trd, 4318066.643, 94
Trd, 4318067.543, 92
Trd, 4318068.993, 90
Trd, 4318069.593, 94
Trd, 4318075.393, 92
Trd, 4318077.593, 89
Trd, 4318078.393, 92
Trd, 4318081.743, 92
Trd, 4318081.893, 92
Trd, 4318083.043, 90
Trd, 4318083.493, 89
Trd, 4318084.093, 104
Trd, 4318085.693, 95
Trd, 4318088.643, 93
Trd, 4318090.543, 93
Trd, 4318093.693, 105
Trd, 4318095.243, 96
Trd, 4318096.243, 96
Trd, 4318096.943, 97
Trd, 4318102.343, 93
Trd, 4318104.493, 96
Trd, 4318105.643, 92
Trd, 4318107.593, 96
Trd, 4318110.793, 96
Trd, 4318112.643, 92
Trd, 4318112.693, 96
Trd, 4318116.493, 96
Trd, 4318118.743, 92
Trd, 4318122.093, 96
Trd, 4318122.843, 94
Trd, 4318123.893, 91
Trd, 4318123.993, 93
Trd, 4318125.593, 85
Trd, 4318127.893, 93
Trd, 4318132.093, 93
Trd, 4318134.093, 90
Trd, 4318134.893, 93
Trd, 4318135.543, 93
Trd, 4318139.843, 90
Trd, 4318139.893, 94
Trd, 4318141.243, 93
Trd, 4318143.693, 91
Trd, 4318145.843, 75
Trd, 4318147.343, 93
Trd, 4318147.943, 93
Trd, 4318148.593, 93
Trd, 4318152.493, 87
Trd, 4318156.343, 86
Trd, 4318156.743, 90
Trd, 4318157.743, 89
Trd, 4318160.493, 89
Trd, 4318164.043, 85
Trd, 4318167.293, 85
Trd, 4318167.693, 89
Trd, 4318169.993, 89
Trd, 4318171.443, 89
Trd, 4318172.443, 88
Trd, 4318174.093, 87
Trd, 4318176.393, 87
Trd, 4318179.243, 86
Trd, 4318181.443, 89
Trd, 4318182.343, 88
Trd, 4318183.493, 86
Trd, 4318185.843, 88
Trd, 4318187.193, 88
Trd, 4318188.393, 85
Trd, 4318190.893, 84
Trd, 4318193.193, 88
Trd, 4318194.393, 88
Trd, 4318194.943, 95
Trd, 4318197.743, 89
Trd, 4318199.743, 89
Trd, 4318200.893, 83
Trd, 4318203.993, 88
Trd, 4318206.143, 87
Trd, 4318208.893, 87
Trd, 4318209.443, 83
Trd, 4318212.193, 87
Trd, 4318213.143, 87
Trd, 4318214.643, 88
Trd, 4318215.193, 84
Trd, 4318217.343, 104
Trd, 4318219.193, 92
Trd, 4318220.493, 92
Trd, 4318220.793, 87
Trd, 4318223.393, 86
Trd, 4318223.593, 92
Trd, 4318227.393, 92
Trd, 4318227.743, 92
Trd, 4318227.893, 93
Trd, 4318232.993, 92
Trd, 4318234.243, 89
Trd, 4318235.043, 92
Trd, 4318235.993, 88
Trd, 4318237.493, 92
Trd, 4318238.293, 92
Trd, 4318239.243, 87
Trd, 4318245.593, 90
Trd, 4318245.793, 86
Trd, 4318246.193, 90
Trd, 4318247.693, 95
Trd, 4318248.143, 93
Trd, 4318249.293, 90
Trd, 4318252.243, 92
Trd, 4318254.443, 95
Trd, 4318255.293, 93
Trd, 4318256.243, 92
Trd, 4318256.593, 91
Trd, 4318257.943, 91
Trd, 4318259.693, 92
Trd, 4318263.193, 90
Trd, 4318263.843, 85
Trd, 4318264.643, 92
Trd, 4318265.993, 91
Trd, 4318266.543, 91
Trd, 4318267.693, 95
Trd, 4318271.593, 88
Trd, 4318274.693, 93
Trd, 4318275.093, 87
Trd, 4318277.693, 86
Trd, 4318279.543, 93
Trd, 4318281.643, 93
Trd, 4318283.893, 93
Trd, 4318284.643, 92
Trd, 4318286.743, 89
Trd, 4318290.593, 87
Trd, 4318291.693, 91
Trd, 4318294.393, 89
Trd, 4318294.793, 86
Trd, 4318295.793, 89
Trd, 4318298.643, 86
Trd, 4318299.593, 89
Trd, 4318301.393, 89
Trd, 4318302.693, 89
Trd, 4318303.443, 89
Trd, 4318304.193, 88
Trd, 4318306.443, 89
Trd, 4318311.543, 88
Trd, 4318313.493, 87
Trd, 4318314.293, 87
Trd, 4318315.143, 86
Trd, 4318315.493, 86
Trd, 4318317.793, 86
Trd, 4318318.193, 94
Trd, 4318320.393, 95
Trd, 4318324.243, 89
Trd, 4318324.593, 87
Trd, 4318325.143, 89
Trd, 4318326.043, 90
Trd, 4318327.093, 90
Trd, 4318328.593, 92
Trd, 4318330.743, 91
Trd, 4318331.843, 90
Trd, 4318332.143, 86
Trd, 4318332.393, 96
Trd, 4318334.543, 92
Trd, 4318334.943, 92
Trd, 4318336.893, 89
Trd, 4318338.593, 92
Trd, 4318340.693, 88
Trd, 4318341.993, 93
Trd, 4318343.393, 92
Trd, 4318347.843, 91
Trd, 4318348.143, 90
Trd, 4318349.293, 91
Trd, 4318349.893, 91
Trd, 4318350.443, 85
Trd, 4318351.593, 91
Trd, 4318354.543, 89
Trd, 4318355.893, 89
Trd, 4318360.193, 88
Trd, 4318360.293, 87
Trd, 4318361.193, 88
Trd, 4318361.593, 95
Trd, 4318364.543, 90
Trd, 4318365.043, 88
Trd, 4318365.993, 93
Trd, 4318366.943, 85
Trd, 4318367.693, 92
Trd, 4318368.493, 103
Trd, 4318372.493, 95
Trd, 4318372.893, 96
Trd, 4318375.943, 93
Trd, 4318377.943, 95
Trd, 4318384.293, 95
Trd, 4318385.943, 92
Trd, 4318387.343, 95
Trd, 4318387.993, 91
Trd, 4318389.743, 95
Trd, 4318392.043, 95
Trd, 4318392.793, 95
Trd, 4318394.193, 90
Trd, 4318394.893, 90
Trd, 4318396.093, 96
Trd, 4318400.393, 96
Trd, 4318401.043, 95
Trd, 4318403.443, 94
Trd, 4318405.193, 92
Trd, 4318406.043, 93
Trd, 4318409.693, 93
Trd, 4318410.343, 93
Trd, 4318411.393, 93
Trd, 4318412.443, 91
Trd, 4318414.743, 93
Trd, 4318416.893, 89
Trd, 4318417.193, 92
Trd, 4318422.393, 89
Trd, 4318423.143, 90
Trd, 4318425.993, 89
Trd, 4318428.493, 90
Trd, 4318433.293, 88
Trd, 4318436.093, 88
Trd, 4318436.143, 90
Trd, 4318436.343, 90
Trd, 4318440.393, 90
Trd, 4318440.843, 90
Trd, 4318441.493, 87
Trd, 4318441.693, 95
Trd, 4318442.343, 104
Trd, 4318443.443, 94
Trd, 4318445.843, 94
Trd, 4318446.993, 94
Trd, 4318449.743, 90
Trd, 4318450.293, 94
Trd, 4318450.393, 94
Trd, 4318452.943, 95
Trd, 4318454.993, 91
Trd, 4318457.443, 94
Trd, 4318458.793, 89
Trd, 4318459.243, 94
Trd, 4318463.243, 90
Trd, 4318469.343, 93
Trd, 4318469.543, 89
Trd, 4318470.043, 91
Trd, 4318470.393, 90
Trd, 4318471.293, 88
Trd, 4318471.593, 89
Trd, 4318472.543, 95
Trd, 4318475.393, 88
Trd, 4318475.843, 90
Trd, 4318476.043, 85
Trd, 4318479.243, 90
Trd, 4318483.093, 90
Trd, 4318484.143, 90
Trd, 4318485.143, 89
Trd, 4318485.393, 88
Trd, 4318486.443, 89
Trd, 4318488.443, 104
Trd, 4318490.243, 94
Trd, 4318491.293, 91
Trd, 4318493.893, 95
Trd, 4318495.993, 95
Trd, 4318497.993, 92
Trd, 4318499.643, 95
Trd, 4318500.693, 91
Trd, 4318501.543, 93
Trd, 4318503.443, 95
Trd, 4318505.943, 94
Trd, 4318506.143, 91
Trd, 4318506.643, 95
Trd, 4318509.143, 94
Trd, 4318509.793, 90
Trd, 4318514.043, 93
Trd, 4318515.393, 93
Trd, 4318517.693, 89
Trd, 4318519.293, 88
Trd, 4318521.093, 93
Trd, 4318521.743, 94
Trd, 4318523.593, 92
Trd, 4318527.193, 88
Trd, 4318527.693, 92
Trd, 4318530.893, 87
Trd, 4318531.093, 92
Trd, 4318533.093, 91
Trd, 4318534.643, 91
Trd, 4318538.493, 91
Trd, 4318539.293, 89
Trd, 4318539.793, 92
Trd, 4318543.943, 92
Trd, 4318545.493, 87
Trd, 4318545.543, 90
Trd, 4318548.393, 88
Trd, 4318548.493, 89
Trd, 4318550.243, 88
Trd, 4318550.643, 95
Trd, 4318554.043, 92
Trd, 4318555.393, 89
Trd, 4318556.593, 91
Trd, 4318557.493, 91
Trd, 4318557.843, 88
Trd, 4318558.693, 95
Trd, 4318559.043, 104
Trd, 4318560.643, 87
Trd, 4318564.093, 90
Trd, 4318565.993, 94
Trd, 4318566.693, 94
Trd, 4318567.743, 94
Trd, 4318568.293, 89
Trd, 4318569.943, 94
Trd, 4318574.143, 94
Trd, 4318575.493, 90
Trd, 4318578.593, 93
Trd, 4318578.743, 91
Trd, 4318582.943, 91
Trd, 4318583.393, 91
Trd, 4318583.593, 90
Trd, 4318584.093, 95
Trd, 4318585.343, 89
Trd, 4318587.543, 104
Trd, 4318591.243, 95
Trd, 4318591.443, 93
Trd, 4318593.843, 95
Trd, 4318594.193, 90
Trd, 4318596.543, 94
Trd, 4318596.793, 91
Trd, 4318597.493, 95
Trd, 4318600.343, 95
Trd, 4318601.843, 94
Trd, 4318604.993, 91
Trd, 4318606.243, 94
Trd, 4318608.443, 90
Trd, 4318610.043, 76
Trd, 4318611.143, 94
Trd, 4318617.293, 89
Trd, 4318621.193, 92
Trd, 4318621.443, 91
Trd, 4318623.943, 89
Trd, 4318624.093, 91
Trd, 4318624.643, 95
Trd, 4318627.893, 93
Trd, 4318630.643, 91
Trd, 4318631.493, 88
Trd, 4318631.593, 91
Trd, 4318634.993, 89
Trd, 4318636.643, 91
Trd, 4318639.393, 89
Trd, 4318640.593, 88
Trd, 4318641.343, 87
Trd, 4318642.593, 88
Trd, 4318642.743, 90
Trd, 4318643.693, 87
Trd, 4318647.793, 95
Trd, 4318649.493, 86
Trd, 4318650.793, 85
Trd, 4318652.043, 91
Trd, 4318655.993, 92
Trd, 4318657.643, 92
Trd, 4318658.743, 96
Trd, 4318659.093, 104
Trd, 4318659.143, 93
Trd, 4318659.493, 99
Trd, 4318662.943, 97
Trd, 4318664.093, 95
Trd, 4318665.043, 97
Trd, 4318667.543, 88
Trd, 4318668.693, 87
Trd, 4318670.743, 88
Trd, 4318670.943, 87
Trd, 4318672.893, 88
Trd, 4318674.443, 97
Trd, 4318675.843, 90
Trd, 4318677.043, 85
Trd, 4318677.393, 88
Trd, 4318678.543, 88
Trd, 4318679.793, 89
Trd, 4318681.193, 83
Trd, 4318683.593, 85
Trd, 4318683.993, 89
Trd, 4318687.493, 86
Trd, 4318687.693, 87
Trd, 4318689.693, 86
Trd, 4318690.293, 88
Trd, 4318690.393, 87
Trd, 4318693.743, 102
Trd, 4318695.143, 97
Trd, 4318697.443, 84
Trd, 4318698.343, 91
Trd, 4318698.443, 88
Trd, 4318699.593, 93
Trd, 4318702.293, 89
Trd, 4318702.743, 87
Trd, 4318705.743, 76
Trd, 4318707.293, 85
Trd, 4318707.943, 86
Trd, 4318710.093, 86
Trd, 4318710.593, 86
Trd, 4318711.793, 96
Trd, 4318712.593, 95
Trd, 4318715.643, 90
Trd, 4318715.793, 87
Trd, 4318716.943, 86
Trd, 4318717.693, 86
Trd, 4318718.393, 86
Trd, 4318719.743, 92
Trd, 4318721.793, 90
Trd, 4318722.793, 95
Trd, 4318723.693, 85
Trd, 4318724.043, 90
Trd, 4318724.893, 90
Trd, 4318728.643, 90
Trd, 4318732.043, 86
Trd, 4318734.493, 90
Trd, 4318735.243, 90
Trd, 4318735.493, 88
Trd, 4318735.943, 90
Trd, 4318741.243, 87
Trd, 4318743.793, 88
Trd, 4318743.843, 88
Trd, 4318744.143, 89
Trd, 4318745.993, 89
Trd, 4318748.743, 89
Trd, 4318749.593, 95
Trd, 4318750.993, 89
Trd, 4318751.093, 87
Trd, 4318752.093, 87
Trd, 4318752.893, 91
Trd, 4318753.793, 104
Trd, 4318757.093, 90
Trd, 4318758.443, 88
Trd, 4318763.093, 90
Trd, 4318766.543, 89
Trd, 4318766.743, 91
Trd, 4318767.393, 88
Trd, 4318772.593, 86
Trd, 4318773.893, 89
Trd, 4318774.843, 89
Trd, 4318775.943, 95
Trd, 4318776.443, 91
Trd, 4318776.843, 87
Trd, 4318779.043, 91
Trd, 4318782.793, 91
Trd, 4318783.493, 91
Trd, 4318785.093, 89
Trd, 4318786.593, 91
Trd, 4318787.843, 91
Trd, 4318790.293, 90
Trd, 4318790.543, 88
Trd, 4318792.793, 90
Trd, 4318796.293, 89
Trd, 4318796.493, 88
Trd, 4318797.793, 90
Trd, 4318797.843, 85
Trd, 4318798.993, 95
Trd, 4318799.493, 104
Trd, 4318803.293, 88
Trd, 4318807.293, 93
Trd, 4318807.593, 93
Trd, 4318809.193, 91
Trd, 4318810.393, 93
Trd, 4318811.143, 88
Trd, 4318813.843, 93
Trd, 4318814.293, 88
Trd, 4318817.293, 93
Trd, 4318819.743, 92
Trd, 4318820.393, 88
Trd, 4318820.643, 92
Trd, 4318821.643, 91
Trd, 4318824.293, 91
Trd, 4318826.693, 88
Trd, 4318830.993, 89
Trd, 4318831.743, 88
Trd, 4318832.143, 89
Trd, 4318833.793, 89
Trd, 4318834.393, 94
Trd, 4318834.743, 95
Trd, 4318835.943, 92
Trd, 4318837.143, 95
Trd, 4318839.293, 93
Trd, 4318839.493, 93
Trd, 4318840.143, 95
Trd, 4318842.393, 94
Trd, 4318843.293, 95
Trd, 4318847.243, 94
Trd, 4318847.493, 93
Trd, 4318847.943, 95
Trd, 4318848.443, 92
Trd, 4318852.043, 94
Trd, 4318853.393, 92
Trd, 4318854.443, 94
Trd, 4318856.143, 95
Trd, 4318856.643, 95
Trd, 4318859.043, 91
Trd, 4318862.243, 93
Trd, 4318863.043, 91
Trd, 4318864.543, 93
Trd, 4318867.493, 91
Trd, 4318868.293, 93
Trd, 4318869.443, 93
Trd, 4318872.593, 92
Trd, 4318872.643, 91
Trd, 4318872.993, 90
Trd, 4318874.643, 91
Trd, 4318879.093, 91
Trd, 4318879.743, 92
Trd, 4318880.993, 92
Trd, 4318881.543, 85
Trd, 4318882.243, 91
Trd, 4318883.643, 88
Trd, 4318883.943, 91
Trd, 4318885.893, 106
Trd, 4318887.743, 98
Trd, 4318888.293, 98
Trd, 4318889.493, 92
Trd, 4318889.643, 98
Trd, 4318891.043, 89
Trd, 4318891.343, 98
Trd, 4318895.443, 97
Trd, 4318897.693, 97
Trd, 4318897.893, 93
Trd, 4318900.193, 93
Trd, 4318900.293, 97
Trd, 4318903.943, 95
Trd, 4318907.143, 92
Trd, 4318907.593, 95
Trd, 4318911.193, 88
Trd, 4318911.643, 88
Trd, 4318911.843, 86
Trd, 4318913.343, 88
Trd, 4318916.093, 87
Trd, 4318916.693, 87
Trd, 4318916.943, 86
Trd, 4318918.343, 90
Trd, 4318920.193, 87
Trd, 4318922.143, 87
Trd, 4318924.093, 89
Trd, 4318924.193, 86
Trd, 4318927.643, 89
Trd, 4318928.543, 90
Trd, 4318930.043, 96
Trd, 4318931.243, 91
Trd, 4318933.293, 89
Trd, 4318936.893, 89
Trd, 4318937.693, 89
Trd, 4318939.193, 85
Trd, 4318941.643, 89
Trd, 4318942.793, 89
Trd, 4318943.893, 89
Trd, 4318944.993, 89
Trd, 4318945.543, 85
Trd, 4318946.343, 88
Trd, 4318947.493, 84
Trd, 4318948.093, 88
Trd, 4318950.493, 83
Trd, 4318951.043, 88
Trd, 4318952.743, 87
Trd, 4318955.443, 87
Trd, 4318955.693, 96
Trd, 4318957.843, 88
Trd, 4318957.943, 89
Trd, 4318960.193, 82
Trd, 4318961.743, 88
Trd, 4318967.193, 85
Trd, 4318969.293, 85
Trd, 4318971.393, 85
Trd, 4318971.843, 86
Trd, 4318972.793, 82
Trd, 4318973.943, 87
Trd, 4318977.293, 87
Trd, 4318978.593, 88
Trd, 4318980.343, 88
Trd, 4318981.493, 86
Trd, 4318981.943, 83
Trd, 4318982.793, 96
Trd, 4318988.243, 84
Trd, 4318988.793, 87
Trd, 4318989.793, 87
Trd, 4318990.393, 92
Trd, 4318991.493, 83
Trd, 4318992.493, 96
Trd, 4318993.643, 90
Trd, 4318995.843, 94
Trd, 4318996.243, 92
Trd, 4318999.293, 92
Trd, 4319000.093, 95
Trd, 4319001.293, 92
Trd, 4319001.393, 90
Trd, 4319002.693, 91
Trd, 4319003.393, 95
Trd, 4319003.443, 85
Trd, 4319004.143, 105
Trd, 4319005.293, 116
Trd, 4319005.643, 103
Trd, 4319007.193, 104
Trd, 4319009.143, 95
Trd, 4319009.543, 103
Trd, 4319010.743, 73
Trd, 4319011.443, 93
Trd, 4319013.093, 114
Trd, 4319013.493, 105
Trd, 4319014.493, 84
Trd, 4319016.543, 91
Trd, 4319016.893, 92
Trd, 4319017.393, 90
Trd, 4319020.693, 85
Trd, 4319022.493, 85
Trd, 4319022.693, 84
Trd, 4319024.793, 84
Trd, 4319025.993, 86
Trd, 4319027.743, 85
Trd, 4319029.343, 87
Trd, 4319030.643, 86
Trd, 4319031.443, 86
Trd, 4319032.443, 87
Trd, 4319033.343, 89
Trd, 4319036.393, 88
Trd, 4319037.293, 88
Trd, 4319038.143, 97
Trd, 4319039.593, 105
Trd, 4319042.693, 94
Trd, 4319042.893, 95
Trd, 4319043.793, 91
Trd, 4319046.093, 94
Trd, 4319047.743, 89
Trd, 4319049.693, 94
Trd, 4319052.693, 89
Trd, 4319054.593, 93
Trd, 4319055.493, 93
Trd, 4319055.743, 93
Trd, 4319061.193, 88
Trd, 4319061.243, 93
Trd, 4319061.443, 94
Trd, 4319063.443, 93
Trd, 4319065.193, 93
Trd, 4319066.743, 93
Trd, 4319069.693, 88
Trd, 4319073.093, 91
Trd, 4319075.193, 90
Trd, 4319075.993, 88
Trd, 4319078.093, 90
Trd, 4319079.443, 90
Trd, 4319080.943, 87
Trd, 4319086.343, 89
Trd, 4319088.393, 86
Trd, 4319090.293, 88
Trd, 4319090.993, 88
Trd, 4319091.593, 88
Trd, 4319092.143, 88
Trd, 4319093.243, 85
Trd, 4319094.043, 88
Trd, 4319094.343, 84
Trd, 4319095.293, 95
Trd, 4319096.793, 91
Trd, 4319097.843, 109
Trd, 4319098.093, 100
Trd, 4319098.743, 101
Trd, 4319099.193, 83
Trd, 4319101.193, 94
Trd, 4319101.393, 99
Trd, 4319103.343, 92
Trd, 4319103.843, 94
Trd, 4319105.543, 96
Trd, 4319105.843, 104
Trd, 4319107.943, 102
Trd, 4319109.343, 99
Trd, 4319109.893, 115
Trd, 4319112.693, 95
Trd, 4319112.993, 94
Trd, 4319113.393, 85
Trd, 4319115.343, 91
Trd, 4319116.293, 90
Trd, 4319117.043, 87
Trd, 4319117.893, 87
Trd, 4319118.193, 85
Trd, 4319120.343, 90
Trd, 4319121.293, 87
Trd, 4319122.193, 87
Trd, 4319123.443, 91
Trd, 4319126.293, 90
Trd, 4319128.343, 95
Trd, 4319129.093, 90
Trd, 4319131.243, 91
Trd, 4319131.893, 82
Trd, 4319132.393, 85
Trd, 4319133.143, 87
Trd, 4319134.043, 87
Trd, 4319137.743, 87
Trd, 4319138.143, 95
Trd, 4319139.693, 86
Trd, 4319141.993, 89
Trd, 4319142.693, 91
Trd, 4319143.243, 90
Trd, 4319143.293, 95
Trd, 4319144.943, 89
Trd, 4319145.843, 90
Trd, 4319147.393, 90
Trd, 4319148.243, 87
Trd, 4319150.043, 95
Trd, 4319150.643, 91
Trd, 4319155.343, 90
Trd, 4319156.793, 86
Trd, 4319159.043, 90
Trd, 4319161.293, 86
Trd, 4319161.393, 95
Trd, 4319166.343, 90
Trd, 4319167.193, 86
Trd, 4319167.343, 90
Trd, 4319170.093, 90
Trd, 4319170.243, 85
Trd, 4319171.543, 91
Trd, 4319173.243, 95
Trd, 4319176.243, 92
Trd, 4319179.243, 89
Trd, 4319179.493, 92
Trd, 4319180.093, 92
Trd, 4319180.193, 88
Trd, 4319181.243, 92
Trd, 4319184.893, 92
Trd, 4319185.043, 92
Trd, 4319188.693, 90
Trd, 4319194.943, 92
Trd, 4319195.143, 89
Trd, 4319196.893, 92
Trd, 4319200.893, 89
Trd, 4319201.143, 92
Trd, 4319201.793, 92
Trd, 4319203.593, 91
Trd, 4319206.093, 89
Trd, 4319209.493, 91
Trd, 4319211.193, 88
Trd, 4319211.893, 91
Trd, 4319213.043, 91
Trd, 4319216.443, 88
Trd, 4319217.493, 91
Trd, 4319217.843, 91
Trd, 4319222.943, 87
Trd, 4319224.743, 89
Trd, 4319226.793, 89
Trd, 4319228.593, 85
Trd, 4319229.443, 89
Trd, 4319232.793, 89
Trd, 4319234.843, 85
Trd, 4319235.143, 89
Trd, 4319235.793, 89
Trd, 4319239.293, 89
Trd, 4319239.493, 90
Trd, 4319239.943, 85
Trd, 4319241.493, 90
Trd, 4319245.793, 85
Trd, 4319246.693, 89
Trd, 4319246.893, 90
Trd, 4319246.943, 96
Trd, 4319248.643, 86
Trd, 4319250.343, 91
Trd, 4319251.343, 91
Trd, 4319252.193, 91
Trd, 4319254.693, 91
Trd, 4319254.843, 85
Trd, 4319258.493, 91
Trd, 4319259.843, 85
Trd, 4319260.043, 91
Trd, 4319261.643, 92
Trd, 4319261.843, 97
Trd, 4319262.993, 92
Trd, 4319263.793, 93
Trd, 4319264.643, 92
Trd, 4319266.743, 92
Trd, 4319270.193, 93
Trd, 4319271.193, 88
Trd, 4319277.043, 91
Trd, 4319277.493, 93
Trd, 4319278.993, 91
Trd, 4319279.443, 93
Trd, 4319280.493, 93
Trd, 4319283.343, 93
Trd, 4319283.793, 94
Trd, 4319284.143, 94
Trd, 4319284.843, 92
Trd, 4319287.093, 95
Trd, 4319290.643, 91
Trd, 4319292.143, 93
Trd, 4319294.093, 93
Trd, 4319297.093, 92
Trd, 4319298.743, 90
Trd, 4319302.693, 92
Trd, 4319303.043, 93
Trd, 4319305.993, 92
Trd, 4319306.493, 90
Trd, 4319308.043, 85
Trd, 4319309.493, 93
Trd, 4319315.643, 92
Trd, 4319317.093, 92
Trd, 4319317.143, 92
Trd, 4319317.793, 88
Trd, 4319319.443, 95
Trd, 4319320.693, 87
Trd, 4319322.893, 91
Trd, 4319325.843, 90
Trd, 4319326.593, 89
Trd, 4319329.943, 90
Trd, 4319330.743, 88
Trd, 4319332.143, 89
Trd, 4319332.893, 95
Trd, 4319334.843, 91
Trd, 4319337.593, 87
Trd, 4319337.793, 90
Trd, 4319338.143, 90
Trd, 4319341.393, 89
Trd, 4319342.143, 89
Trd, 4319343.593, 88
Trd, 4319343.893, 87
Trd, 4319344.643, 88
Trd, 4319344.843, 95
Trd, 4319346.543, 104
Trd, 4319347.093, 94
Trd, 4319348.593, 91
Trd, 4319349.093, 76
Trd, 4319350.593, 94
Trd, 4319353.043, 94
Trd, 4319358.243, 92
Trd, 4319360.343, 89
Trd, 4319362.643, 92
Trd, 4319362.993, 89
Trd, 4319363.443, 93
Trd, 4319364.743, 93
Trd, 4319365.143, 95
Trd, 4319370.443, 88
Trd, 4319370.593, 92
Trd, 4319372.793, 92
Trd, 4319377.493, 91
Trd, 4319377.643, 87
Trd, 4319380.743, 89
Trd, 4319382.693, 89
Trd, 4319383.943, 85
Trd, 4319385.993, 87
Trd, 4319386.643, 88
Trd, 4319387.993, 88
Trd, 4319388.593, 89
Trd, 4319392.043, 88
Trd, 4319393.043, 87
Trd, 4319394.143, 89
Trd, 4319395.393, 86
Trd, 4319396.043, 87
Trd, 4319400.693, 86
Trd, 4319400.943, 84
Trd, 4319402.243, 84
Trd, 4319405.443, 86
Trd, 4319405.643, 86
Trd, 4319406.793, 85
Trd, 4319408.543, 87
Trd, 4319410.743, 96
Trd, 4319411.493, 96
Trd, 4319411.893, 86
Trd, 4319415.593, 91
Trd, 4319416.393, 91
Trd, 4319418.143, 86
Trd, 4319419.943, 91
Trd, 4319420.543, 87
Trd, 4319421.593, 91
Trd, 4319422.293, 91
Trd, 4319425.543, 87
Trd, 4319428.143, 91
Trd, 4319428.643, 94
Trd, 4319430.543, 92
Trd, 4319431.143, 87
Trd, 4319432.493, 95
Trd, 4319437.993, 92
Trd, 4319438.543, 91
Trd, 4319440.043, 90
Trd, 4319440.093, 89
Trd, 4319441.593, 95
Trd, 4319443.743, 89
Trd, 4319444.093, 92
Trd, 4319445.493, 92
Trd, 4319447.493, 92
Trd, 4319448.493, 104
Trd, 4319449.443, 99
Trd, 4319449.843, 88
Trd, 4319452.443, 96
Trd, 4319453.393, 88
Trd, 4319454.743, 96
Trd, 4319458.193, 97
Trd, 4319458.543, 87
Trd, 4319461.993, 86
Trd, 4319462.393, 94
Trd, 4319462.993, 92
Trd, 4319463.793, 93
Trd, 4319467.843, 91
Trd, 4319468.093, 88
Trd, 4319469.893, 91
Trd, 4319470.793, 94
Trd, 4319474.493, 92
Trd, 4319474.943, 90
Trd, 4319474.993, 93
Trd, 4319475.743, 85
Trd, 4319476.943, 87
Trd, 4319477.343, 92
Trd, 4319479.943, 92
Trd, 4319481.793, 95
Trd, 4319483.043, 87
Trd, 4319484.843, 95
Trd, 4319486.393, 92
Trd, 4319489.793, 90
Trd, 4319490.543, 92
Trd, 4319493.243, 91
Trd, 4319495.043, 90
Trd, 4319495.093, 92
Trd, 4319498.443, 89
Trd, 4319499.343, 91
Trd, 4319500.143, 91
Trd, 4319500.893, 95
Trd, 4319503.643, 87
Trd, 4319508.143, 91
Trd, 4319508.193, 92
Trd, 4319509.593, 95
Trd, 4319513.343, 91
Trd, 4319513.393, 89
Trd, 4319517.093, 90
Trd, 4319518.893, 90
Trd, 4319521.243, 88
Trd, 4319522.493, 89
Trd, 4319526.993, 90
Trd, 4319528.243, 90
Trd, 4319529.143, 87
Trd, 4319530.743, 88
Trd, 4319531.693, 89
Trd, 4319533.143, 86
Trd, 4319536.543, 90
Trd, 4319538.543, 90
Trd, 4319540.493, 90
Trd, 4319541.043, 96
Trd, 4319541.643, 89
Trd, 4319543.143, 92
Trd, 4319545.393, 92
Trd, 4319547.893, 93
Trd, 4319549.943, 88
Trd, 4319552.993, 91
Trd, 4319554.043, 92
Trd, 4319556.093, 85
Trd, 4319556.993, 91
Trd, 4319558.093, 76
Trd, 4319558.493, 91
Trd, 4319560.043, 87
Trd, 4319562.343, 89
Trd, 4319563.343, 89
Trd, 4319566.243, 88
Trd, 4319567.493, 85
Trd, 4319569.543, 88
Trd, 4319571.043, 85
Trd, 4319571.843, 86
Trd, 4319571.893, 86
Trd, 4319575.093, 86
Trd, 4319575.593, 85
Trd, 4319576.843, 86
Trd, 4319577.593, 95
Trd, 4319577.693, 85
Trd, 4319580.143, 84
Trd, 4319581.043, 91
Trd, 4319583.293, 89
Trd, 4319583.743, 89
Trd, 4319587.343, 92
Trd, 4319588.293, 96
Trd, 4319588.543, 89
Trd, 4319590.893, 85
Trd, 4319592.143, 86
Trd, 4319593.043, 87
Trd, 4319593.243, 88
Trd, 4319593.993, 97
Trd, 4319595.043, 86
Trd, 4319596.843, 85
Trd, 4319597.943, 85
Trd, 4319598.693, 83
Trd, 4319600.943, 86
Trd, 4319601.843, 86
Trd, 4319602.093, 85
Trd, 4319602.743, 86
Trd, 4319604.143, 97
Trd, 4319605.093, 93
Trd, 4319607.293, 93
Trd, 4319608.343, 91
Trd, 4319608.843, 91
Trd, 4319610.343, 90
Trd, 4319611.843, 91
Trd, 4319611.893, 96
Trd, 4319613.793, 89
Trd, 4319614.593, 93
Trd, 4319617.893, 93
Trd, 4319617.993, 93
Trd, 4319618.543, 95
Trd, 4319621.593, 95
Trd, 4319622.093, 92
Trd, 4319625.143, 91
Trd, 4319626.393, 89
Trd, 4319627.493, 90
Trd, 4319629.543, 90
Trd, 4319631.543, 95
Trd, 4319632.493, 104
Trd, 4319633.393, 85
Trd, 4319634.193, 95
Trd, 4319634.993, 95
Trd, 4319635.343, 96
Trd, 4319637.593, 92
Trd, 4319640.443, 95
Trd, 4319641.443, 95
Trd, 4319642.143, 90
Trd, 4319643.843, 95
Trd, 4319644.593, 89
Trd, 4319645.293, 95
Trd, 4319651.243, 95
Trd, 4319653.043, 88
Trd, 4319654.493, 95
Trd, 4319657.193, 95
Trd, 4319658.043, 95
Trd, 4319661.093, 92
Trd, 4319663.943, 95
Trd, 4319664.243, 89
Trd, 4319666.243, 84
Trd, 4319666.893, 95
Trd, 4319667.043, 95
Trd, 4319668.993, 95
Trd, 4319671.193, 92
Trd, 4319671.493, 91
Trd, 4319672.093, 92
Trd, 4319674.193, 95
Trd, 4319675.493, 89
Trd, 4319677.243, 93
Trd, 4319679.293, 88
Trd, 4319681.593, 90
Trd, 4319683.793, 93
Trd, 4319685.493, 93
Trd, 4319686.343, 89
Trd, 4319688.393, 93
Trd, 4319688.843, 85
Trd, 4319691.343, 87
Trd, 4319693.343, 86
Trd, 4319693.793, 86
Trd, 4319694.493, 87
Trd, 4319694.993, 94
Trd, 4319695.643, 95
Trd, 4319698.593, 90
Trd, 4319699.993, 93
Trd, 4319704.093, 91
Trd, 4319704.493, 89
Trd, 4319704.993, 89
Trd, 4319705.493, 95
Trd, 4319708.043, 91
Trd, 4319709.843, 91
Trd, 4319711.843, 92
Trd, 4319713.693, 92
Trd, 4319714.743, 88
Trd, 4319716.193, 89
Trd, 4319717.093, 89
Trd, 4319718.243, 89
Trd, 4319718.743, 91
Trd, 4319720.843, 89
Trd, 4319720.943, 85
Trd, 4319722.243, 95
Trd, 4319722.493, 88
Trd, 4319727.243, 89
Trd, 4319727.943, 88
Trd, 4319729.993, 88
Trd, 4319731.093, 87
Trd, 4319732.343, 87
Trd, 4319733.693, 87
Trd, 4319734.943, 85
Trd, 4319734.993, 87
Trd, 4319737.343, 97
Trd, 4319738.493, 94
Trd, 4319738.643, 96
Trd, 4319741.193, 98
Trd, 4319742.643, 96
Trd, 4319745.243, 94
Trd, 4319745.993, 97
Trd, 4319748.993, 93
Trd, 4319752.343, 95
Trd, 4319757.443, 92
Trd, 4319759.143, 94
Trd, 4319759.593, 91
Trd, 4319762.843, 94
Trd, 4319764.393, 94
Trd, 4319767.143, 91
Trd, 4319769.893, 93
Trd, 4319772.793, 93
Trd, 4319773.443, 90
Trd, 4319778.443, 89
Trd, 4319779.893, 91
Trd, 4319782.943, 88
Trd, 4319783.193, 88
Trd, 4319783.593, 90
Trd, 4319783.893, 89
Trd, 4319783.943, 90
Trd, 4319789.343, 89
Trd, 4319790.343, 90
Trd, 4319792.593, 90
Trd, 4319795.043, 87
Trd, 4319796.193, 90
Trd, 4319798.143, 89
Trd, 4319798.343, 87
Trd, 4319800.693, 91
Trd, 4319801.893, 86
Trd, 4319802.143, 95
Trd, 4319803.243, 92
Trd, 4319809.693, 90
Trd, 4319811.943, 87
Trd, 4319812.343, 90
Trd, 4319814.043, 89
Trd, 4319816.643, 88
Trd, 4319819.343, 88
Trd, 4319823.393, 86
Trd, 4319823.843, 88
Trd, 4319827.693, 87
Trd, 4319832.093, 86
Trd, 4319834.193, 85
Trd, 4319834.293, 88
Trd, 4319837.043, 87
Trd, 4319837.493, 87
Trd, 4319838.193, 87
Trd, 4319840.743, 98
Trd, 4319840.843, 104
Trd, 4319842.593, 93
Trd, 4319848.243, 94
Trd, 4319848.843, 94
Trd, 4319849.443, 93
Trd, 4319849.643, 88
Trd, 4319852.593, 94
Trd, 4319853.793, 94
Trd, 4319856.393, 87
Trd, 4319858.993, 92
Trd, 4319860.343, 95
Trd, 4319861.493, 87
Trd, 4319862.093, 94
Trd, 4319867.093, 90
Trd, 4319867.543, 86
Trd, 4319870.043, 90
Trd, 4319870.793, 89
Trd, 4319871.693, 89
Trd, 4319872.193, 89
Trd, 4319873.043, 88
Trd, 4319877.543, 89
Trd, 4319878.093, 88
Trd, 4319878.993, 87
Trd, 4319879.493, 88
Trd, 4319880.643, 93
Trd, 4319881.343, 87
Trd, 4319882.643, 89
Trd, 4319884.043, 89
Trd, 4319885.593, 88
Trd, 4319885.943, 89
Trd, 4319887.243, 86
Trd, 4319887.843, 95
Trd, 4319890.043, 89
Trd, 4319890.593, 87
Trd, 4319890.943, 91
Trd, 4319892.093, 104
Trd, 4319893.793, 91
Trd, 4319894.443, 94
Trd, 4319899.543, 94
Trd, 4319900.743, 93
Trd, 4319901.243, 94
Trd, 4319901.843, 90
Trd, 4319905.093, 94
Trd, 4319905.943, 91
Trd, 4319908.893, 93
Trd, 4319911.293, 92
Trd, 4319914.493, 91
Trd, 4319914.643, 90
Trd, 4319914.943, 94
Trd, 4319918.043, 89
Trd, 4319918.393, 91
Trd, 4319919.043, 90
Trd, 4319923.493, 90
Trd, 4319923.643, 89
Trd, 4319924.593, 90
Trd, 4319924.843, 90
Trd, 4319926.293, 90
Trd, 4319927.343, 104
Trd, 4319927.443, 103
Trd, 4319927.843, 98
Trd, 4319929.493, 99
Trd, 4319932.943, 95
Trd, 4319933.243, 96
Trd, 4319934.543, 95
Trd, 4319936.793, 94
Trd, 4319936.893, 95
Trd, 4319936.993, 93
Trd, 4319939.793, 94
Trd, 4319940.893, 95
Trd, 4319945.143, 93
Trd, 4319947.043, 96
Trd, 4319948.093, 94
Trd, 4319949.243, 94
Trd, 4319951.093, 94
Trd, 4319952.993, 104
Trd, 4319954.943, 93
Trd, 4319957.493, 95
Trd, 4319959.943, 91
Trd, 4319961.143, 91
Trd, 4319962.643, 89
Trd, 4319966.593, 89
Trd, 4319966.693, 90
Trd, 4319967.943, 88
Trd, 4319968.393, 89
Trd, 4319969.993, 90
Trd, 4319971.043, 85
Trd, 4319972.093, 90
Trd, 4319973.293, 95
Trd, 4319973.793, 92
Trd, 4319974.193, 96
Trd, 4319975.443, 94
Trd, 4319978.843, 93
Trd, 4319979.593, 94
Trd, 4319980.193, 104
Trd, 4319981.943, 107
Trd, 4319981.993, 104
Trd, 4319983.343, 98
Trd, 4319984.243, 91
Trd, 4319987.943, 91
Trd, 4319988.993, 91
Trd, 4319989.593, 90
Trd, 4319990.743, 80
Trd, 4319991.943, 84
Trd, 4319992.293, 75
Trd, 4319995.093, 84
Trd, 4319997.143, 84
Trd, 4319997.193, 86
Trd, 4319997.643, 92
Trd, 4319998.143, 96
