Trd, 4317630.993, 95
Trd, 4317636.093, 93
Trd, 4317636.393, 94
Trd, 4317642.993, 93
Trd, 4317643.143, 92
Trd, 4317645.643, 92
Trd, 4317647.193, 93
Trd, 4317647.993, 93
Trd, 4317657.343, 93
Trd, 4317659.843, 92
Trd, 4317663.493, 92
Trd, 4317672.843, 92
Trd, 4317679.493, 92
Trd, 4317681.693, 92
Trd, 4317691.093, 92
Trd, 4317691.693, 92
Trd, 4317691.893, 92
Trd, 4317702.343, 92
Trd, 4317711.743, 92
Trd, 4317712.093, 91
Trd, 4317712.943, 91
Trd, 4317713.943, 92
Trd, 4317718.393, 92
Trd, 4317720.393, 92
Trd, 4317720.693, 92
Trd, 4317724.793, 92
Trd, 4317725.793, 91
Trd, 4317731.493, 91
Trd, 4317731.643, 90
Trd, 4317732.893, 91
Trd, 4317738.143, 91
Trd, 4317739.993, 90
Trd, 4317741.893, 90
Trd, 4317745.493, 89
Trd, 4317746.543, 90
Trd, 4317747.693, 89
Trd, 4317747.893, 88
Trd, 4317748.393, 88
Trd, 4317752.193, 89
Trd, 4317753.393, 88
Trd, 4317755.293, 88
Trd, 4317759.243, 88
Trd, 4317762.793, 88
Trd, 4317763.743, 88
Trd, 4317772.693, 88
Trd, 4317774.093, 88
Trd, 4317776.943, 88
Trd, 4317779.193, 88
Trd, 4317780.693, 88
Trd, 4317781.593, 88
Trd, 4317783.643, 88
Trd, 4317788.893, 88
Trd, 4317789.543, 88
Trd, 4317794.693, 88
Trd, 4317798.743, 88
Trd, 4317799.693, 88
Trd, 4317799.943, 87
Trd, 4317804.543, 86
Trd, 4317806.543, 88
Trd, 4317815.393, 88
Trd, 4317817.643, 88
Trd, 4317820.443, 88
Trd, 4317822.793, 87
Trd, 4317828.493, 87
Trd, 4317828.693, 86
Trd, 4317828.743, 86
Trd, 4317831.843, 86
Trd, 4317832.293, 86
Trd, 4317836.443, 86
Trd, 4317840.193, 86
Trd, 4317843.693, 86
Trd, 4317848.243, 86
Trd, 4317849.393, 86
Trd, 4317853.043, 86
Trd, 4317853.443, 86
Trd, 4317855.693, 86
Trd, 4317863.443, 86
Trd, 4317863.493, 85
Trd, 4317869.393, 85
Trd, 4317870.993, 85
Trd, 4317874.543, 85
Trd, 4317876.443, 85
Trd, 4317880.743, 85
Trd, 4317882.893, 85
Trd, 4317888.893, 85
Trd, 4317890.093, 85
Trd, 4317894.043, 85
Trd, 4317900.543, 85
Trd, 4317904.343, 85
Trd, 4317904.743, 85
Trd, 4317908.143, 86
Trd, 4317909.893, 85
Trd, 4317911.593, 85
Trd, 4317915.243, 85
Trd, 4317919.643, 85
Trd, 4317920.143, 85
Trd, 4317924.193, 85
Trd, 4317926.393, 85
Trd, 4317927.243, 85
Trd, 4317933.843, 85
Trd, 4317937.643, 85
Trd, 4317939.443, 86
Trd, 4317941.643, 85
Trd, 4317941.793, 85
Trd, 4317943.093, 85
Trd, 4317950.893, 85
Trd, 4317953.993, 85
Trd, 4317956.843, 85
Trd, 4317964.743, 85
Trd, 4317966.293, 85
Trd, 4317967.043, 85
Trd, 4317970.943, 85
Trd, 4317975.793, 85
Trd, 4317983.993, 85
Trd, 4317984.693, 86
Trd, 4317987.743, 85
Trd, 4317987.993, 85
Trd, 4317988.093, 85
Trd, 4317988.843, 85
Trd, 4317990.443, 85
Trd, 4317991.693, 85
Trd, 4317992.693, 86
Trd, 4317993.793, 86
Trd, 4317995.593, 87
Trd, 4317999.243, 85
Trd, 4317999.443, 84
Trd, 4318000.193, 86
Trd, 4318006.543, 84
Trd, 4318014.043, 84
Trd, 4318015.393, 84
Trd, 4318020.643, 84
Trd, 4318027.443, 84
Trd, 4318030.443, 84
Trd, 4318034.993, 84
Trd, 4318036.993, 84
Trd, 4318042.893, 84
Trd, 4318043.993, 84
Trd, 4318045.843, 84
Trd, 4318047.543, 84
Trd, 4318049.493, 84
Trd, 4318052.893, 84
Trd, 4318053.243, 85
Trd, 4318055.043, 84
Trd, 4318056.693, 86
Trd, 4318056.893, 87
Trd, 4318057.493, 86
Trd, 4318062.143, 97
Trd, 4318062.193, 97
Trd, 4318062.793, 99
Trd, 4318063.593, 104
Trd, 4318063.943, 96
Trd, 4318067.393, 99
Trd, 4318067.593, 102
Trd, 4318070.243, 97
Trd, 4318072.093, 97
Trd, 4318072.543, 96
Trd, 4318074.793, 96
Trd, 4318078.643, 97
Trd, 4318081.193, 95
Trd, 4318086.493, 97
Trd, 4318087.243, 94
Trd, 4318089.043, 97
Trd, 4318089.293, 97
Trd, 4318100.293, 95
Trd, 4318106.693, 95
Trd, 4318111.843, 94
Trd, 4318119.693, 93
Trd, 4318125.093, 93
Trd, 4318133.793, 93
Trd, 4318135.243, 93
Trd, 4318135.343, 93
Trd, 4318140.993, 93
Trd, 4318141.543, 92
Trd, 4318142.093, 92
Trd, 4318143.543, 97
Trd, 4318147.143, 115
Trd, 4318147.243, 101
Trd, 4318148.143, 100
Trd, 4318150.893, 100
Trd, 4318151.643, 99
Trd, 4318152.943, 98
Trd, 4318155.743, 100
Trd, 4318156.943, 99
Trd, 4318157.993, 97
Trd, 4318161.793, 100
Trd, 4318165.093, 97
Trd, 4318167.643, 98
Trd, 4318168.343, 96
Trd, 4318173.493, 97
Trd, 4318176.243, 97
Trd, 4318180.393, 97
Trd, 4318191.393, 97
Trd, 4318195.643, 97
Trd, 4318198.443, 96
Trd, 4318202.143, 96
Trd, 4318203.393, 95
Trd, 4318210.093, 95
Trd, 4318210.943, 94
Trd, 4318221.293, 95
Trd, 4318227.493, 95
Trd, 4318228.793, 94
Trd, 4318233.343, 94
Trd, 4318240.293, 94
Trd, 4318240.893, 93
Trd, 4318243.943, 93
Trd, 4318249.643, 93
Trd, 4318258.443, 94
Trd, 4318260.543, 94
Trd, 4318268.993, 94
Trd, 4318275.593, 94
Trd, 4318279.643, 94
Trd, 4318280.843, 94
Trd, 4318282.543, 94
Trd, 4318290.093, 94
Trd, 4318290.243, 94
Trd, 4318292.343, 94
Trd, 4318293.343, 93
Trd, 4318295.443, 92
Trd, 4318303.943, 92
Trd, 4318304.243, 91
Trd, 4318307.293, 92
Trd, 4318307.843, 94
Trd, 4318310.893, 92
Trd, 4318312.543, 92
Trd, 4318319.643, 92
Trd, 4318321.143, 91
Trd, 4318324.093, 92
Trd, 4318328.393, 92
Trd, 4318329.643, 92
Trd, 4318330.793, 92
Trd, 4318331.893, 92
Trd, 4318337.393, 92
Trd, 4318341.443, 92
Trd, 4318342.993, 92
Trd, 4318346.943, 91
Trd, 4318347.293, 90
Trd, 4318348.243, 90
Trd, 4318349.743, 91
Trd, 4318351.993, 90
Trd, 4318353.643, 91
Trd, 4318355.743, 92
Trd, 4318362.793, 91
Trd, 4318367.493, 90
Trd, 4318370.843, 90
Trd, 4318378.093, 90
Trd, 4318381.443, 90
Trd, 4318388.693, 90
Trd, 4318391.793, 90
Trd, 4318395.493, 90
Trd, 4318397.843, 89
Trd, 4318414.743, 89
Trd, 4318418.743, 89
Trd, 4318418.843, 88
Trd, 4318419.693, 89
Trd, 4318424.593, 89
Trd, 4318432.743, 89
Trd, 4318435.343, 88
Trd, 4318436.993, 88
Trd, 4318439.243, 88
Trd, 4318445.443, 88
Trd, 4318446.493, 87
Trd, 4318447.193, 88
Trd, 4318457.193, 88
Trd, 4318458.243, 87
Trd, 4318459.743, 87
Trd, 4318460.893, 86
Trd, 4318465.193, 86
Trd, 4318466.193, 86
Trd, 4318467.643, 86
Trd, 4318471.043, 86
Trd, 4318481.543, 86
Trd, 4318482.293, 86
Trd, 4318482.993, 86
Trd, 4318483.643, 86
Trd, 4318485.943, 86
Trd, 4318489.093, 86
Trd, 4318493.393, 86
Trd, 4318498.593, 86
Trd, 4318505.293, 86
Trd, 4318506.443, 86
Trd, 4318509.793, 86
Trd, 4318515.043, 86
Trd, 4318518.693, 86
Trd, 4318525.193, 86
Trd, 4318527.143, 86
Trd, 4318532.793, 86
Trd, 4318533.243, 86
Trd, 4318534.293, 86
Trd, 4318535.993, 86
Trd, 4318543.893, 86
Trd, 4318549.143, 86
Trd, 4318552.593, 86
Trd, 4318555.093, 86
Trd, 4318565.693, 86
Trd, 4318569.143, 86
Trd, 4318570.293, 86
Trd, 4318571.093, 86
Trd, 4318574.543, 86
Trd, 4318577.193, 86
Trd, 4318581.143, 86
Trd, 4318583.093, 86
Trd, 4318585.793, 87
Trd, 4318592.543, 87
Trd, 4318593.793, 87
Trd, 4318603.243, 86
Trd, 4318603.693, 85
Trd, 4318604.143, 86
Trd, 4318609.743, 86
Trd, 4318612.893, 86
Trd, 4318613.543, 86
Trd, 4318617.193, 86
Trd, 4318621.143, 86
Trd, 4318623.143, 86
Trd, 4318630.093, 86
Trd, 4318631.943, 86
Trd, 4318639.893, 86
Trd, 4318649.093, 86
Trd, 4318653.943, 86
Trd, 4318656.543, 86
Trd, 4318657.593, 86
Trd, 4318664.943, 86
Trd, 4318667.393, 86
Trd, 4318668.543, 86
Trd, 4318673.443, 86
Trd, 4318673.593, 87
Trd, 4318678.693, 86
Trd, 4318681.893, 85
Trd, 4318689.143, 85
Trd, 4318691.193, 84
Trd, 4318694.893, 84
Trd, 4318697.943, 84
Trd, 4318698.843, 84
Trd, 4318702.893, 84
Trd, 4318706.793, 84
Trd, 4318712.043, 84
Trd, 4318716.093, 84
Trd, 4318716.843, 84
Trd, 4318718.343, 84
Trd, 4318725.443, 84
Trd, 4318726.243, 84
Trd, 4318726.593, 84
Trd, 4318730.143, 84
Trd, 4318738.143, 84
Trd, 4318746.393, 84
Trd, 4318748.993, 84
Trd, 4318750.543, 84
Trd, 4318758.643, 84
Trd, 4318759.393, 84
Trd, 4318760.443, 84
Trd, 4318770.043, 84
Trd, 4318777.743, 84
Trd, 4318785.593, 84
Trd, 4318787.643, 84
Trd, 4318790.593, 84
Trd, 4318796.793, 84
Trd, 4318802.143, 84
Trd, 4318806.693, 84
Trd, 4318806.743, 84
Trd, 4318811.343, 84
Trd, 4318814.043, 84
Trd, 4318816.793, 84
Trd, 4318822.643, 84
Trd, 4318824.743, 84
Trd, 4318837.993, 84
Trd, 4318842.193, 84
Trd, 4318852.843, 84
Trd, 4318858.293, 84
Trd, 4318858.843, 84
Trd, 4318867.443, 84
Trd, 4318870.643, 84
Trd, 4318874.643, 84
Trd, 4318875.843, 84
Trd, 4318876.393, 84
Trd, 4318881.593, 84
Trd, 4318883.493, 90
Trd, 4318883.893, 90
Trd, 4318884.243, 89
Trd, 4318884.593, 88
Trd, 4318886.243, 89
Trd, 4318887.343, 89
Trd, 4318888.143, 88
Trd, 4318888.293, 90
Trd, 4318888.643, 120
Trd, 4318891.543, 99
Trd, 4318891.893, 103
Trd, 4318892.693, 103
Trd, 4318897.093, 119
Trd, 4318897.993, 106
Trd, 4318898.043, 103
Trd, 4318898.593, 103
Trd, 4318902.843, 98
Trd, 4318903.043, 98
Trd, 4318905.093, 98
Trd, 4318905.343, 98
Trd, 4318905.593, 98
Trd, 4318907.043, 97
Trd, 4318909.043, 98
Trd, 4318913.893, 98
Trd, 4318914.243, 97
Trd, 4318925.343, 97
Trd, 4318926.393, 97
Trd, 4318926.793, 96
Trd, 4318927.893, 96
Trd, 4318930.843, 96
Trd, 4318931.543, 95
Trd, 4318937.093, 95
Trd, 4318948.393, 95
Trd, 4318950.293, 95
Trd, 4318958.393, 95
Trd, 4318965.843, 95
Trd, 4318971.093, 95
Trd, 4318972.343, 94
Trd, 4318978.343, 94
Trd, 4318982.343, 94
Trd, 4318982.393, 93
Trd, 4318986.393, 93
Trd, 4318991.693, 93
Trd, 4318994.043, 93
Trd, 4318994.893, 92
Trd, 4319005.693, 93
Trd, 4319012.543, 93
Trd, 4319025.693, 92
Trd, 4319027.443, 92
Trd, 4319029.493, 91
Trd, 4319030.843, 92
Trd, 4319037.743, 91
Trd, 4319042.893, 91
Trd, 4319044.393, 90
Trd, 4319050.143, 91
Trd, 4319055.193, 91
Trd, 4319055.943, 90
Trd, 4319062.393, 91
Trd, 4319064.793, 91
Trd, 4319064.943, 91
Trd, 4319065.993, 90
Trd, 4319067.543, 90
Trd, 4319073.193, 90
Trd, 4319076.243, 90
Trd, 4319077.493, 89
Trd, 4319077.593, 90
Trd, 4319078.993, 89
Trd, 4319079.193, 90
Trd, 4319085.543, 89
Trd, 4319086.893, 88
Trd, 4319089.343, 89
Trd, 4319091.443, 89
Trd, 4319093.193, 89
Trd, 4319095.493, 90
Trd, 4319098.543, 89
Trd, 4319108.893, 88
Trd, 4319110.643, 87
Trd, 4319110.693, 87
Trd, 4319112.093, 86
Trd, 4319112.593, 87
Trd, 4319115.993, 88
Trd, 4319125.093, 87
Trd, 4319127.593, 86
Trd, 4319127.743, 85
Trd, 4319129.493, 85
Trd, 4319134.943, 86
Trd, 4319137.693, 86
Trd, 4319140.843, 86
Trd, 4319145.743, 86
Trd, 4319148.093, 86
Trd, 4319152.843, 86
Trd, 4319156.393, 86
Trd, 4319159.243, 86
Trd, 4319165.743, 86
Trd, 4319169.793, 86
Trd, 4319171.043, 86
Trd, 4319176.993, 86
Trd, 4319178.893, 86
Trd, 4319183.543, 86
Trd, 4319195.143, 86
Trd, 4319197.043, 86
Trd, 4319201.193, 86
Trd, 4319204.893, 86
Trd, 4319205.143, 86
Trd, 4319212.543, 86
Trd, 4319219.693, 86
Trd, 4319227.843, 86
Trd, 4319230.143, 86
Trd, 4319236.293, 86
Trd, 4319241.543, 86
Trd, 4319242.443, 86
Trd, 4319248.043, 86
Trd, 4319248.143, 85
Trd, 4319250.993, 85
Trd, 4319256.393, 85
Trd, 4319259.993, 85
Trd, 4319260.943, 85
Trd, 4319266.343, 85
Trd, 4319266.843, 86
Trd, 4319267.693, 96
Trd, 4319267.993, 93
Trd, 4319268.443, 93
Trd, 4319268.793, 95
Trd, 4319270.343, 96
Trd, 4319272.643, 96
Trd, 4319273.093, 97
Trd, 4319274.343, 94
Trd, 4319276.693, 97
Trd, 4319277.143, 98
Trd, 4319279.393, 97
Trd, 4319281.593, 97
Trd, 4319281.993, 95
Trd, 4319282.793, 108
Trd, 4319286.043, 96
Trd, 4319287.543, 99
Trd, 4319287.893, 96
Trd, 4319291.893, 97
Trd, 4319296.693, 96
Trd, 4319309.493, 96
Trd, 4319311.243, 96
Trd, 4319313.943, 96
Trd, 4319318.293, 96
Trd, 4319321.043, 96
Trd, 4319326.593, 96
Trd, 4319327.243, 95
Trd, 4319332.093, 96
Trd, 4319351.943, 96
Trd, 4319355.943, 96
Trd, 4319359.843, 96
Trd, 4319368.493, 96
Trd, 4319379.593, 96
Trd, 4319380.543, 94
Trd, 4319382.093, 95
Trd, 4319384.443, 95
Trd, 4319385.493, 95
Trd, 4319388.643, 95
Trd, 4319396.843, 95
Trd, 4319397.293, 94
Trd, 4319397.843, 94
Trd, 4319402.943, 94
Trd, 4319403.543, 93
Trd, 4319403.993, 95
Trd, 4319407.343, 94
Trd, 4319414.243, 94
Trd, 4319414.393, 93
Trd, 4319416.443, 93
Trd, 4319419.243, 93
Trd, 4319420.443, 92
Trd, 4319426.893, 93
Trd, 4319427.243, 92
Trd, 4319429.543, 92
Trd, 4319430.143, 93
Trd, 4319430.893, 93
Trd, 4319439.193, 92
Trd, 4319439.493, 90
Trd, 4319440.793, 90
Trd, 4319457.793, 90
Trd, 4319465.393, 90
Trd, 4319477.943, 90
Trd, 4319479.043, 90
Trd, 4319479.893, 90
Trd, 4319485.593, 90
Trd, 4319488.793, 90
Trd, 4319500.343, 90
Trd, 4319500.393, 90
Trd, 4319508.143, 90
Trd, 4319514.743, 90
Trd, 4319521.493, 90
Trd, 4319530.743, 90
Trd, 4319540.593, 90
Trd, 4319540.643, 90
Trd, 4319542.293, 89
Trd, 4319542.443, 89
Trd, 4319544.943, 94
Trd, 4319546.043, 93
Trd, 4319547.443, 94
Trd, 4319548.193, 93
Trd, 4319550.443, 93
Trd, 4319551.243, 93
Trd, 4319551.393, 92
Trd, 4319553.743, 93
Trd, 4319555.243, 92
Trd, 4319556.843, 93
Trd, 4319557.093, 93
Trd, 4319557.943, 99
Trd, 4319560.293, 95
Trd, 4319561.793, 99
Trd, 4319565.043, 103
Trd, 4319566.893, 103
Trd, 4319567.793, 117
Trd, 4319568.493, 109
Trd, 4319570.793, 100
Trd, 4319572.143, 96
Trd, 4319572.493, 100
Trd, 4319573.693, 103
Trd, 4319575.243, 104
Trd, 4319576.693, 103
Trd, 4319578.293, 102
Trd, 4319579.843, 102
Trd, 4319581.543, 101
Trd, 4319585.343, 102
Trd, 4319592.393, 101
Trd, 4319598.993, 101
Trd, 4319599.143, 101
Trd, 4319606.193, 101
Trd, 4319608.743, 101
Trd, 4319609.193, 100
Trd, 4319614.393, 101
Trd, 4319623.293, 100
Trd, 4319624.843, 100
Trd, 4319625.893, 99
Trd, 4319627.643, 99
Trd, 4319628.943, 100
Trd, 4319634.393, 99
Trd, 4319634.693, 99
Trd, 4319650.793, 99
Trd, 4319651.193, 98
Trd, 4319651.743, 98
Trd, 4319653.393, 99
Trd, 4319658.143, 98
Trd, 4319663.343, 98
Trd, 4319673.693, 98
Trd, 4319680.293, 98
Trd, 4319683.543, 98
Trd, 4319686.293, 98
Trd, 4319688.443, 98
Trd, 4319690.893, 97
Trd, 4319693.243, 98
Trd, 4319697.943, 98
Trd, 4319699.343, 97
Trd, 4319700.043, 96
Trd, 4319702.693, 97
Trd, 4319706.043, 97
Trd, 4319714.093, 97
Trd, 4319714.143, 97
Trd, 4319720.993, 97
Trd, 4319721.493, 97
Trd, 4319727.993, 97
Trd, 4319738.193, 97
Trd, 4319746.543, 95
Trd, 4319749.593, 96
Trd, 4319761.843, 96
Trd, 4319767.343, 96
Trd, 4319769.493, 96
Trd, 4319771.093, 96
Trd, 4319771.143, 95
Trd, 4319776.943, 95
Trd, 4319777.193, 95
Trd, 4319782.643, 95
Trd, 4319785.193, 95
Trd, 4319788.793, 95
Trd, 4319798.093, 95
Trd, 4319810.393, 95
Trd, 4319815.393, 95
Trd, 4319816.693, 95
Trd, 4319817.743, 94
Trd, 4319820.243, 93
Trd, 4319820.343, 95
Trd, 4319823.393, 94
Trd, 4319823.543, 92
Trd, 4319829.093, 94
Trd, 4319839.993, 94
Trd, 4319843.993, 94
Trd, 4319847.143, 94
Trd, 4319848.743, 93
Trd, 4319851.893, 94
Trd, 4319854.393, 94
Trd, 4319854.893, 93
Trd, 4319855.693, 93
Trd, 4319861.543, 92
Trd, 4319866.993, 92
Trd, 4319867.693, 92
Trd, 4319872.343, 92
Trd, 4319873.843, 92
Trd, 4319875.343, 102
Trd, 4319877.643, 101
Trd, 4319878.293, 101
Trd, 4319879.893, 101
Trd, 4319879.993, 100
Trd, 4319880.793, 98
Trd, 4319882.443, 98
Trd, 4319882.993, 97
Trd, 4319885.343, 97
Trd, 4319889.493, 97
Trd, 4319890.093, 96
Trd, 4319894.793, 98
Trd, 4319902.743, 97
Trd, 4319903.843, 97
Trd, 4319907.693, 96
Trd, 4319909.593, 96
Trd, 4319923.693, 96
Trd, 4319924.543, 95
Trd, 4319927.243, 95
Trd, 4319928.093, 94
Trd, 4319929.443, 95
Trd, 4319934.643, 95
Trd, 4319934.893, 93
Trd, 4319941.793, 94
Trd, 4319945.543, 94
Trd, 4319945.993, 94
Trd, 4319951.493, 94
Trd, 4319967.643, 94
Trd, 4319985.293, 94
Trd, 4319987.543, 94
Trd, 4319991.143, 93
Trd, 4319994.143, 93
Trd, 4319995.793, 93
Trd, 4319998.143, 93
Trd, 4319998.993, 93
Trd, 4319999.793, 93
