Trd, 4317839.093, 95
Trd, 4317840.293, 96
Trd, 4317843.943, 93
Trd, 4317844.343, 92
Trd, 4317846.393, 92
Trd, 4317847.493, 91
Trd, 4317850.643, 90
Trd, 4317853.143, 92
Trd, 4317853.843, 95
Trd, 4317854.043, 89
Trd, 4317859.493, 90
Trd, 4317860.943, 90
Trd, 4317863.593, 90
Trd, 4317864.993, 89
Trd, 4317865.293, 88
Trd, 4317865.943, 94
Trd, 4317869.843, 95
Trd, 4317869.943, 90
Trd, 4317870.393, 90
Trd, 4317870.543, 88
Trd, 4317871.993, 88
Trd, 4317873.193, 95
Trd, 4317873.893, 86
Trd, 4317874.793, 89
Trd, 4317878.943, 92
Trd, 4317879.093, 90
Trd, 4317879.743, 94
Trd, 4317882.643, 89
Trd, 4317883.343, 90
Trd, 4317884.993, 93
Trd, 4317889.493, 91
Trd, 4317890.943, 94
Trd, 4317892.893, 91
Trd, 4317893.243, 95
Trd, 4317895.793, 104
Trd, 4317896.393, 96
Trd, 4317896.843, 96
Trd, 4317897.693, 105
Trd, 4317897.993, 99
Trd, 4317899.243, 102
Trd, 4317899.993, 95
Trd, 4317900.143, 104
Trd, 4317901.393, 101
Trd, 4317902.493, 98
Trd, 4317904.593, 100
Trd, 4317904.893, 98
Trd, 4317905.843, 94
Trd, 4317909.343, 97
Trd, 4317909.493, 96
Trd, 4317909.943, 96
Trd, 4317910.893, 100
Trd, 4317911.043, 104
Trd, 4317911.643, 95
Trd, 4317913.243, 95
Trd, 4317916.393, 94
Trd, 4317917.343, 97
Trd, 4317917.543, 94
Trd, 4317919.593, 98
Trd, 4317920.043, 94
Trd, 4317920.493, 93
Trd, 4317921.993, 104
Trd, 4317923.243, 93
Trd, 4317924.693, 94
Trd, 4317927.693, 93
Trd, 4317928.843, 96
Trd, 4317928.993, 97
Trd, 4317930.193, 95
Trd, 4317930.843, 95
Trd, 4317931.693, 94
Trd, 4317932.843, 105
Trd, 4317933.193, 102
Trd, 4317933.743, 115
Trd, 4317935.393, 102
Trd, 4317936.293, 100
Trd, 4317939.043, 100
Trd, 4317940.193, 104
Trd, 4317941.543, 99
Trd, 4317942.543, 98
Trd, 4317945.193, 96
Trd, 4317945.693, 94
Trd, 4317947.793, 95
Trd, 4317948.143, 96
Trd, 4317949.143, 96
Trd, 4317951.043, 94
Trd, 4317952.343, 92
Trd, 4317953.193, 80
Trd, 4317953.593, 103
Trd, 4317958.693, 92
Trd, 4317959.893, 97
Trd, 4317960.343, 104
Trd, 4317961.543, 94
Trd, 4317965.443, 93
Trd, 4317966.193, 98
Trd, 4317967.043, 93
Trd, 4317968.493, 94
Trd, 4317970.643, 97
Trd, 4317971.743, 97
Trd, 4317972.243, 97
Trd, 4317973.893, 93
Trd, 4317975.893, 97
Trd, 4317978.243, 97
Trd, 4317984.893, 96
Trd, 4317985.243, 96
Trd, 4317985.293, 97
Trd, 4317985.593, 95
Trd, 4317991.693, 97
Trd, 4317991.843, 96
Trd, 4317993.043, 96
Trd, 4317994.193, 97
Trd, 4317994.843, 95
Trd, 4317996.443, 91
Trd, 4317998.643, 92
Trd, 4317999.343, 94
Trd, 4318000.743, 96
Trd, 4318001.793, 91
Trd, 4318002.943, 90
Trd, 4318004.993, 90
Trd, 4318007.793, 90
Trd, 4318008.143, 89
Trd, 4318009.793, 95
Trd, 4318010.343, 87
Trd, 4318013.393, 95
Trd, 4318014.593, 92
Trd, 4318015.643, 93
Trd, 4318017.493, 95
Trd, 4318020.093, 95
Trd, 4318021.743, 92
Trd, 4318021.893, 92
Trd, 4318022.193, 93
Trd, 4318024.543, 94
Trd, 4318025.143, 91
Trd, 4318025.643, 91
Trd, 4318029.493, 95
Trd, 4318030.793, 96
Trd, 4318031.893, 105
Trd, 4318032.793, 108
Trd, 4318034.743, 100
Trd, 4318035.543, 101
Trd, 4318036.393, 102
Trd, 4318037.143, 93
Trd, 4318039.543, 98
Trd, 4318040.193, 105
Trd, 4318041.493, 98
Trd, 4318044.243, 98
Trd, 4318045.793, 101
Trd, 4318047.243, 97
Trd, 4318048.493, 97
Trd, 4318049.243, 97
Trd, 4318049.343, 96
Trd, 4318049.743, 94
Trd, 4318052.243, 97
Trd, 4318054.093, 97
Trd, 4318055.193, 93
Trd, 4318055.243, 97
Trd, 4318057.993, 103
Trd, 4318058.143, 99
Trd, 4318058.793, 104
Trd, 4318059.293, 94
Trd, 4318060.293, 109
Trd, 4318060.843, 106
Trd, 4318060.893, 77
Trd, 4318063.543, 92
Trd, 4318064.743, 92
Trd, 4318066.593, 94
Trd, 4318070.493, 94
Trd, 4318071.643, 96
Trd, 4318072.843, 96
Trd, 4318078.543, 94
Trd, 4318079.293, 95
Trd, 4318079.643, 94
Trd, 4318084.543, 94
Trd, 4318085.093, 93
Trd, 4318085.243, 93
Trd, 4318085.743, 92
Trd, 4318086.793, 85
Trd, 4318086.893, 104
Trd, 4318088.443, 88
Trd, 4318088.643, 117
Trd, 4318092.543, 93
Trd, 4318093.043, 92
Trd, 4318093.343, 93
Trd, 4318095.893, 95
Trd, 4318096.093, 95
Trd, 4318097.293, 96
Trd, 4318097.543, 96
Trd, 4318099.543, 97
Trd, 4318099.643, 96
Trd, 4318099.893, 99
Trd, 4318103.893, 97
Trd, 4318104.443, 96
Trd, 4318106.993, 105
Trd, 4318107.843, 106
Trd, 4318108.943, 104
Trd, 4318109.943, 104
Trd, 4318110.743, 104
Trd, 4318111.093, 102
Trd, 4318112.643, 104
Trd, 4318113.793, 100
Trd, 4318116.093, 98
Trd, 4318116.343, 104
Trd, 4318121.593, 100
Trd, 4318122.443, 98
Trd, 4318122.743, 96
Trd, 4318123.793, 95
Trd, 4318125.243, 94
Trd, 4318127.593, 100
Trd, 4318127.743, 94
Trd, 4318129.193, 94
Trd, 4318130.793, 100
Trd, 4318131.843, 100
Trd, 4318132.093, 94
Trd, 4318132.443, 93
Trd, 4318135.143, 106
Trd, 4318135.743, 101
Trd, 4318137.493, 100
Trd, 4318138.843, 76
Trd, 4318138.893, 85
Trd, 4318139.393, 87
Trd, 4318142.893, 88
Trd, 4318144.143, 87
Trd, 4318146.243, 105
Trd, 4318146.743, 109
Trd, 4318147.093, 106
Trd, 4318148.893, 106
Trd, 4318149.693, 104
Trd, 4318150.343, 102
Trd, 4318151.193, 90
Trd, 4318153.743, 102
Trd, 4318156.293, 98
Trd, 4318157.693, 98
Trd, 4318158.693, 100
Trd, 4318159.193, 96
Trd, 4318161.543, 100
Trd, 4318162.343, 95
Trd, 4318164.193, 93
Trd, 4318164.443, 92
Trd, 4318166.793, 93
Trd, 4318167.843, 91
Trd, 4318168.893, 100
Trd, 4318171.643, 94
Trd, 4318173.693, 94
Trd, 4318174.293, 94
Trd, 4318175.793, 95
Trd, 4318176.643, 99
Trd, 4318177.343, 95
Trd, 4318177.443, 95
Trd, 4318178.043, 93
Trd, 4318179.843, 98
Trd, 4318180.793, 93
Trd, 4318181.293, 93
Trd, 4318184.543, 92
Trd, 4318185.443, 98
Trd, 4318186.093, 93
Trd, 4318187.093, 91
Trd, 4318187.843, 90
Trd, 4318188.243, 104
Trd, 4318190.043, 107
Trd, 4318190.943, 105
Trd, 4318191.043, 96
Trd, 4318192.093, 117
Trd, 4318192.243, 94
Trd, 4318196.393, 101
Trd, 4318197.793, 98
Trd, 4318199.593, 97
Trd, 4318201.693, 99
Trd, 4318202.143, 97
Trd, 4318203.993, 96
Trd, 4318206.343, 95
Trd, 4318207.393, 94
Trd, 4318209.543, 99
Trd, 4318211.293, 93
Trd, 4318212.043, 98
Trd, 4318212.693, 92
Trd, 4318213.643, 98
Trd, 4318213.993, 91
Trd, 4318216.443, 89
Trd, 4318217.893, 96
Trd, 4318218.543, 96
Trd, 4318220.893, 89
Trd, 4318221.343, 89
Trd, 4318223.843, 90
Trd, 4318224.793, 93
Trd, 4318229.443, 90
Trd, 4318231.043, 91
Trd, 4318231.793, 103
Trd, 4318233.693, 100
Trd, 4318234.593, 93
Trd, 4318235.993, 100
Trd, 4318236.693, 95
Trd, 4318239.543, 94
Trd, 4318242.793, 93
Trd, 4318244.743, 93
Trd, 4318246.543, 97
Trd, 4318249.293, 92
Trd, 4318249.343, 96
Trd, 4318249.393, 92
Trd, 4318250.193, 92
Trd, 4318256.593, 95
Trd, 4318256.643, 92
Trd, 4318257.093, 92
Trd, 4318257.193, 92
Trd, 4318258.343, 91
Trd, 4318260.243, 90
Trd, 4318261.243, 92
Trd, 4318261.793, 89
Trd, 4318263.193, 92
Trd, 4318264.293, 88
Trd, 4318264.443, 87
Trd, 4318269.743, 91
Trd, 4318270.893, 91
Trd, 4318271.293, 89
Trd, 4318275.943, 89
Trd, 4318276.793, 90
Trd, 4318280.493, 91
Trd, 4318281.993, 89
Trd, 4318282.893, 88
Trd, 4318284.843, 95
Trd, 4318286.693, 94
Trd, 4318287.693, 87
Trd, 4318288.593, 87
Trd, 4318292.193, 93
Trd, 4318294.693, 95
Trd, 4318295.793, 92
Trd, 4318297.293, 95
Trd, 4318299.643, 94
Trd, 4318300.543, 92
Trd, 4318300.843, 93
Trd, 4318306.393, 92
Trd, 4318307.393, 91
Trd, 4318308.743, 91
Trd, 4318310.293, 95
Trd, 4318311.343, 90
Trd, 4318312.293, 95
Trd, 4318315.343, 94
Trd, 4318315.443, 89
Trd, 4318319.793, 89
Trd, 4318320.693, 91
Trd, 4318321.643, 95
Trd, 4318323.193, 90
Trd, 4318324.393, 89
Trd, 4318325.693, 88
Trd, 4318330.393, 89
Trd, 4318331.193, 89
Trd, 4318333.093, 95
Trd, 4318333.593, 101
Trd, 4318334.743, 97
Trd, 4318336.043, 95
Trd, 4318337.143, 95
Trd, 4318339.943, 95
Trd, 4318340.543, 97
Trd, 4318341.393, 95
Trd, 4318342.893, 94
Trd, 4318343.243, 97
Trd, 4318346.493, 93
Trd, 4318347.343, 94
Trd, 4318347.993, 95
Trd, 4318348.043, 93
Trd, 4318349.793, 94
Trd, 4318351.793, 95
Trd, 4318353.193, 93
Trd, 4318354.543, 93
Trd, 4318358.443, 95
Trd, 4318359.493, 93
Trd, 4318359.793, 95
Trd, 4318360.543, 93
Trd, 4318361.493, 95
Trd, 4318362.343, 95
Trd, 4318363.593, 95
Trd, 4318364.493, 93
Trd, 4318365.393, 95
Trd, 4318366.043, 96
Trd, 4318370.593, 96
Trd, 4318370.843, 96
Trd, 4318371.293, 94
Trd, 4318373.093, 95
Trd, 4318373.143, 94
Trd, 4318375.543, 98
Trd, 4318377.493, 103
Trd, 4318377.843, 93
Trd, 4318378.993, 106
Trd, 4318380.243, 112
Trd, 4318380.293, 111
Trd, 4318382.043, 110
Trd, 4318382.243, 110
Trd, 4318383.143, 96
Trd, 4318383.993, 92
Trd, 4318385.393, 99
Trd, 4318385.593, 98
Trd, 4318387.043, 101
Trd, 4318387.643, 103
Trd, 4318389.293, 98
Trd, 4318391.093, 96
Trd, 4318392.293, 104
Trd, 4318392.793, 94
Trd, 4318394.793, 103
Trd, 4318397.543, 96
Trd, 4318397.793, 96
Trd, 4318397.943, 101
Trd, 4318398.243, 101
Trd, 4318398.793, 96
Trd, 4318403.943, 97
Trd, 4318404.293, 99
Trd, 4318407.793, 99
Trd, 4318407.943, 96
Trd, 4318409.093, 96
Trd, 4318410.493, 96
Trd, 4318411.293, 100
Trd, 4318415.593, 96
Trd, 4318417.243, 95
Trd, 4318419.043, 94
Trd, 4318421.243, 100
Trd, 4318423.043, 94
Trd, 4318424.143, 93
Trd, 4318424.643, 93
Trd, 4318425.893, 100
Trd, 4318427.643, 96
Trd, 4318428.343, 97
Trd, 4318429.793, 92
Trd, 4318430.343, 92
Trd, 4318430.643, 91
Trd, 4318432.243, 95
Trd, 4318432.893, 93
Trd, 4318433.493, 92
Trd, 4318437.093, 92
Trd, 4318437.343, 97
Trd, 4318439.493, 91
Trd, 4318443.543, 92
Trd, 4318443.693, 92
Trd, 4318446.643, 90
Trd, 4318446.993, 90
Trd, 4318449.393, 90
Trd, 4318451.993, 90
Trd, 4318452.093, 91
Trd, 4318453.643, 88
Trd, 4318454.243, 95
Trd, 4318455.293, 92
Trd, 4318457.043, 103
Trd, 4318457.343, 97
Trd, 4318459.293, 100
Trd, 4318459.443, 94
Trd, 4318461.643, 98
Trd, 4318463.843, 99
Trd, 4318464.793, 99
Trd, 4318465.443, 100
Trd, 4318466.743, 100
Trd, 4318467.143, 100
Trd, 4318468.443, 99
Trd, 4318470.393, 101
Trd, 4318470.993, 99
Trd, 4318471.943, 93
Trd, 4318473.643, 100
Trd, 4318475.143, 98
Trd, 4318476.693, 98
Trd, 4318480.043, 101
Trd, 4318481.893, 99
Trd, 4318482.143, 98
Trd, 4318483.643, 97
Trd, 4318484.993, 95
Trd, 4318486.693, 95
Trd, 4318487.793, 94
Trd, 4318488.893, 94
Trd, 4318489.143, 101
Trd, 4318490.343, 102
Trd, 4318491.093, 96
Trd, 4318491.993, 122
Trd, 4318494.143, 107
Trd, 4318495.643, 105
Trd, 4318497.143, 94
Trd, 4318498.393, 100
Trd, 4318499.243, 98
Trd, 4318499.693, 103
Trd, 4318500.893, 96
Trd, 4318502.743, 96
Trd, 4318503.493, 94
Trd, 4318504.843, 94
Trd, 4318506.243, 99
Trd, 4318507.643, 95
Trd, 4318509.643, 98
Trd, 4318511.443, 98
Trd, 4318512.093, 99
Trd, 4318515.693, 96
Trd, 4318517.293, 98
Trd, 4318520.893, 99
Trd, 4318521.243, 96
Trd, 4318521.543, 96
Trd, 4318522.843, 96
Trd, 4318523.043, 98
Trd, 4318526.593, 98
Trd, 4318527.543, 97
Trd, 4318528.793, 100
Trd, 4318529.193, 104
Trd, 4318532.343, 95
Trd, 4318532.643, 95
Trd, 4318535.993, 95
Trd, 4318536.143, 98
Trd, 4318538.243, 94
Trd, 4318538.893, 94
Trd, 4318539.293, 98
Trd, 4318541.443, 94
Trd, 4318542.743, 93
Trd, 4318544.443, 97
Trd, 4318545.093, 93
Trd, 4318546.393, 93
Trd, 4318547.993, 96
Trd, 4318549.993, 96
Trd, 4318550.993, 94
Trd, 4318551.143, 94
Trd, 4318555.243, 96
Trd, 4318556.443, 94
Trd, 4318556.493, 94
Trd, 4318557.693, 94
Trd, 4318558.143, 96
Trd, 4318560.043, 96
Trd, 4318560.093, 94
Trd, 4318560.993, 94
Trd, 4318562.793, 96
Trd, 4318563.443, 80
Trd, 4318564.193, 90
Trd, 4318567.343, 94
Trd, 4318567.993, 94
Trd, 4318568.593, 93
Trd, 4318572.143, 95
Trd, 4318574.543, 100
Trd, 4318575.093, 99
Trd, 4318576.343, 98
Trd, 4318576.843, 100
Trd, 4318580.643, 99
Trd, 4318581.443, 97
Trd, 4318583.043, 96
Trd, 4318583.643, 95
Trd, 4318583.693, 98
Trd, 4318587.343, 98
Trd, 4318589.193, 94
Trd, 4318590.643, 94
Trd, 4318592.643, 97
Trd, 4318592.693, 94
Trd, 4318593.143, 97
Trd, 4318595.093, 96
Trd, 4318597.493, 97
Trd, 4318598.093, 93
Trd, 4318599.343, 93
Trd, 4318600.293, 97
Trd, 4318600.943, 104
Trd, 4318603.143, 104
Trd, 4318604.043, 104
Trd, 4318604.193, 103
Trd, 4318606.243, 97
Trd, 4318606.593, 92
Trd, 4318607.793, 95
Trd, 4318608.793, 93
Trd, 4318608.943, 84
Trd, 4318610.493, 87
Trd, 4318611.393, 87
Trd, 4318613.143, 85
Trd, 4318613.543, 96
Trd, 4318615.793, 91
Trd, 4318616.793, 89
Trd, 4318617.743, 95
Trd, 4318618.743, 90
Trd, 4318618.793, 89
Trd, 4318620.343, 104
Trd, 4318621.893, 97
Trd, 4318622.893, 97
Trd, 4318626.743, 94
Trd, 4318627.943, 94
Trd, 4318629.593, 97
Trd, 4318629.993, 93
Trd, 4318632.143, 92
Trd, 4318634.143, 97
Trd, 4318635.243, 95
Trd, 4318636.193, 94
Trd, 4318636.443, 98
Trd, 4318638.393, 97
Trd, 4318639.143, 94
Trd, 4318640.543, 104
Trd, 4318640.693, 98
Trd, 4318641.443, 96
Trd, 4318642.543, 93
Trd, 4318643.943, 85
Trd, 4318644.243, 87
Trd, 4318644.543, 94
Trd, 4318647.043, 97
Trd, 4318648.993, 94
Trd, 4318650.993, 95
Trd, 4318652.393, 104
Trd, 4318652.443, 97
Trd, 4318653.593, 96
Trd, 4318654.093, 99
Trd, 4318658.493, 96
Trd, 4318659.693, 94
Trd, 4318660.943, 92
Trd, 4318661.093, 77
Trd, 4318661.293, 98
Trd, 4318662.793, 104
Trd, 4318665.243, 102
Trd, 4318666.243, 100
Trd, 4318666.593, 93
Trd, 4318669.443, 98
Trd, 4318669.493, 98
Trd, 4318669.993, 99
Trd, 4318670.693, 91
Trd, 4318671.493, 96
Trd, 4318673.793, 96
Trd, 4318675.093, 95
Trd, 4318676.543, 96
Trd, 4318677.343, 92
Trd, 4318678.443, 92
Trd, 4318680.743, 101
Trd, 4318682.093, 100
Trd, 4318682.793, 99
Trd, 4318685.043, 97
Trd, 4318685.443, 94
Trd, 4318685.693, 92
Trd, 4318687.143, 94
Trd, 4318687.643, 94
Trd, 4318689.693, 95
Trd, 4318690.793, 93
Trd, 4318692.943, 92
Trd, 4318694.893, 91
Trd, 4318695.643, 91
Trd, 4318697.143, 95
Trd, 4318698.443, 90
Trd, 4318700.443, 88
Trd, 4318703.143, 91
Trd, 4318703.893, 103
Trd, 4318704.393, 96
Trd, 4318704.443, 104
Trd, 4318704.643, 93
Trd, 4318705.993, 101
Trd, 4318707.043, 102
Trd, 4318707.843, 102
Trd, 4318708.843, 77
Trd, 4318711.393, 103
Trd, 4318712.743, 94
Trd, 4318714.593, 94
Trd, 4318715.493, 98
Trd, 4318717.793, 96
Trd, 4318718.243, 98
Trd, 4318718.793, 91
Trd, 4318721.243, 95
Trd, 4318721.343, 93
Trd, 4318722.693, 92
Trd, 4318723.043, 84
Trd, 4318723.793, 104
Trd, 4318725.243, 104
Trd, 4318727.743, 99
Trd, 4318729.043, 97
Trd, 4318729.443, 100
Trd, 4318733.493, 97
Trd, 4318733.643, 96
Trd, 4318733.893, 104
Trd, 4318737.193, 96
Trd, 4318737.893, 100
Trd, 4318739.693, 103
Trd, 4318740.743, 102
Trd, 4318740.793, 94
Trd, 4318743.693, 97
Trd, 4318744.693, 100
Trd, 4318745.893, 97
Trd, 4318748.093, 98
Trd, 4318748.643, 100
Trd, 4318749.493, 95
Trd, 4318753.293, 96
Trd, 4318753.993, 96
Trd, 4318756.393, 97
Trd, 4318756.743, 95
Trd, 4318758.643, 101
Trd, 4318758.743, 97
Trd, 4318760.443, 97
Trd, 4318763.443, 97
Trd, 4318763.643, 100
Trd, 4318765.543, 99
Trd, 4318765.643, 96
Trd, 4318765.743, 94
Trd, 4318768.793, 94
Trd, 4318772.543, 92
Trd, 4318773.243, 92
Trd, 4318773.493, 98
Trd, 4318775.493, 99
Trd, 4318775.943, 100
Trd, 4318776.993, 98
Trd, 4318778.893, 95
Trd, 4318780.043, 97
Trd, 4318783.093, 97
Trd, 4318786.443, 96
Trd, 4318787.393, 96
Trd, 4318788.343, 95
Trd, 4318789.443, 94
Trd, 4318790.593, 104
Trd, 4318791.843, 95
Trd, 4318792.143, 97
Trd, 4318796.193, 95
Trd, 4318796.593, 95
Trd, 4318797.493, 97
Trd, 4318800.043, 95
Trd, 4318800.343, 94
Trd, 4318800.943, 97
Trd, 4318802.643, 93
Trd, 4318806.093, 93
Trd, 4318806.193, 98
Trd, 4318807.443, 92
Trd, 4318810.043, 93
Trd, 4318810.743, 93
Trd, 4318811.293, 95
Trd, 4318812.493, 95
Trd, 4318813.743, 92
Trd, 4318814.193, 91
Trd, 4318815.143, 90
Trd, 4318819.293, 89
Trd, 4318820.843, 88
Trd, 4318820.943, 95
Trd, 4318822.693, 94
Trd, 4318823.893, 94
Trd, 4318826.043, 95
Trd, 4318826.143, 94
Trd, 4318827.643, 93
Trd, 4318830.793, 93
Trd, 4318832.193, 95
Trd, 4318832.593, 95
Trd, 4318834.393, 101
Trd, 4318834.693, 99
Trd, 4318836.743, 97
Trd, 4318836.793, 100
Trd, 4318836.843, 97
Trd, 4318837.643, 104
Trd, 4318839.343, 97
Trd, 4318839.643, 96
Trd, 4318841.343, 94
Trd, 4318842.893, 83
Trd, 4318844.193, 89
Trd, 4318846.843, 89
Trd, 4318848.443, 95
Trd, 4318848.593, 87
Trd, 4318849.143, 87
Trd, 4318851.643, 95
Trd, 4318851.943, 94
Trd, 4318854.443, 103
Trd, 4318856.043, 99
Trd, 4318856.243, 99
Trd, 4318858.893, 98
Trd, 4318861.843, 98
Trd, 4318861.893, 97
Trd, 4318862.293, 100
Trd, 4318863.093, 104
Trd, 4318863.443, 93
Trd, 4318865.993, 94
Trd, 4318866.343, 100
Trd, 4318869.543, 93
Trd, 4318870.443, 92
Trd, 4318871.243, 97
Trd, 4318871.743, 98
Trd, 4318878.093, 94
Trd, 4318878.543, 94
Trd, 4318880.993, 98
Trd, 4318881.393, 97
Trd, 4318884.543, 97
Trd, 4318884.593, 94
Trd, 4318886.343, 96
Trd, 4318887.593, 95
Trd, 4318889.393, 94
Trd, 4318891.193, 94
Trd, 4318894.693, 96
Trd, 4318895.493, 94
Trd, 4318896.593, 94
Trd, 4318901.043, 94
Trd, 4318902.043, 96
Trd, 4318902.693, 97
Trd, 4318904.693, 93
Trd, 4318904.943, 104
Trd, 4318906.093, 98
Trd, 4318906.293, 93
Trd, 4318908.643, 95
Trd, 4318911.843, 94
Trd, 4318913.593, 95
Trd, 4318918.793, 98
Trd, 4318919.293, 98
Trd, 4318920.393, 97
Trd, 4318921.093, 94
Trd, 4318921.293, 94
Trd, 4318924.493, 97
Trd, 4318924.943, 94
Trd, 4318925.293, 95
Trd, 4318925.693, 94
Trd, 4318926.943, 92
Trd, 4318927.343, 92
Trd, 4318929.343, 94
Trd, 4318931.793, 95
Trd, 4318932.893, 96
Trd, 4318933.693, 97
Trd, 4318935.543, 93
Trd, 4318936.043, 96
Trd, 4318939.743, 96
Trd, 4318939.993, 95
Trd, 4318940.743, 103
Trd, 4318942.293, 102
Trd, 4318942.643, 99
Trd, 4318942.793, 94
Trd, 4318946.093, 96
Trd, 4318947.493, 96
Trd, 4318947.793, 99
Trd, 4318948.993, 96
Trd, 4318950.193, 96
Trd, 4318952.443, 96
Trd, 4318953.643, 94
Trd, 4318954.793, 99
Trd, 4318954.943, 95
Trd, 4318958.643, 99
Trd, 4318959.393, 98
Trd, 4318959.993, 95
Trd, 4318961.743, 97
Trd, 4318967.143, 95
Trd, 4318967.193, 99
Trd, 4318969.793, 94
Trd, 4318970.043, 99
Trd, 4318970.743, 93
Trd, 4318972.243, 99
Trd, 4318974.693, 94
Trd, 4318975.143, 92
Trd, 4318975.593, 95
Trd, 4318977.293, 94
Trd, 4318978.393, 92
Trd, 4318978.643, 97
Trd, 4318980.543, 95
Trd, 4318983.643, 96
Trd, 4318984.443, 95
Trd, 4318985.543, 101
Trd, 4318986.793, 98
Trd, 4318987.993, 97
Trd, 4318988.943, 96
Trd, 4318993.943, 97
Trd, 4318994.143, 95
Trd, 4318995.493, 95
Trd, 4318996.693, 95
Trd, 4318997.093, 96
Trd, 4318999.193, 97
Trd, 4319000.543, 108
Trd, 4319000.743, 107
Trd, 4319002.043, 107
Trd, 4319003.643, 100
Trd, 4319004.443, 102
Trd, 4319007.943, 101
Trd, 4319011.793, 100
Trd, 4319012.893, 99
Trd, 4319014.093, 98
Trd, 4319017.093, 99
Trd, 4319017.293, 101
Trd, 4319019.393, 99
Trd, 4319020.493, 101
Trd, 4319021.543, 99
Trd, 4319022.293, 97
Trd, 4319022.443, 101
Trd, 4319024.993, 96
Trd, 4319025.193, 94
Trd, 4319026.293, 101
Trd, 4319027.043, 102
Trd, 4319028.343, 104
Trd, 4319030.193, 98
Trd, 4319032.193, 104
Trd, 4319032.593, 98
Trd, 4319034.093, 98
Trd, 4319036.893, 99
Trd, 4319037.843, 102
Trd, 4319040.543, 102
Trd, 4319042.243, 98
Trd, 4319042.593, 98
Trd, 4319043.443, 97
Trd, 4319044.643, 102
Trd, 4319045.043, 95
Trd, 4319048.943, 95
Trd, 4319050.143, 100
Trd, 4319050.293, 94
Trd, 4319051.293, 94
Trd, 4319056.743, 94
Trd, 4319057.243, 96
Trd, 4319058.043, 94
Trd, 4319059.043, 94
Trd, 4319059.693, 93
Trd, 4319060.493, 90
Trd, 4319061.543, 89
Trd, 4319062.893, 90
Trd, 4319063.343, 90
Trd, 4319063.593, 95
Trd, 4319064.143, 92
Trd, 4319065.643, 97
Trd, 4319067.243, 96
Trd, 4319067.393, 104
Trd, 4319068.043, 98
Trd, 4319069.093, 94
Trd, 4319070.693, 93
Trd, 4319072.593, 96
Trd, 4319072.743, 94
Trd, 4319074.343, 94
Trd, 4319076.743, 96
Trd, 4319077.293, 93
Trd, 4319077.443, 96
Trd, 4319078.543, 98
Trd, 4319079.643, 96
Trd, 4319082.843, 94
Trd, 4319083.793, 93
Trd, 4319085.393, 93
Trd, 4319086.393, 95
Trd, 4319087.043, 92
Trd, 4319091.543, 92
Trd, 4319092.893, 92
Trd, 4319093.243, 91
Trd, 4319093.443, 95
Trd, 4319094.643, 119
Trd, 4319096.293, 106
Trd, 4319097.343, 102
Trd, 4319098.143, 102
Trd, 4319098.293, 94
Trd, 4319099.343, 98
Trd, 4319100.143, 96
Trd, 4319102.193, 98
Trd, 4319103.943, 104
Trd, 4319105.393, 96
Trd, 4319107.643, 96
Trd, 4319108.193, 94
Trd, 4319111.343, 99
Trd, 4319112.193, 98
Trd, 4319112.393, 98
Trd, 4319113.143, 98
Trd, 4319113.693, 94
Trd, 4319119.543, 99
Trd, 4319120.043, 100
Trd, 4319120.243, 98
Trd, 4319120.943, 104
Trd, 4319121.293, 105
Trd, 4319122.593, 97
Trd, 4319123.743, 106
Trd, 4319125.793, 101
Trd, 4319126.493, 101
Trd, 4319127.593, 94
Trd, 4319128.793, 96
Trd, 4319129.743, 101
Trd, 4319132.743, 95
Trd, 4319133.293, 95
Trd, 4319134.743, 95
Trd, 4319136.643, 96
Trd, 4319137.943, 95
Trd, 4319138.293, 100
Trd, 4319140.093, 95
Trd, 4319140.293, 95
Trd, 4319141.143, 95
Trd, 4319143.793, 98
Trd, 4319146.093, 99
Trd, 4319146.443, 97
Trd, 4319147.443, 99
Trd, 4319149.093, 96
Trd, 4319149.543, 96
Trd, 4319153.043, 97
Trd, 4319154.343, 96
Trd, 4319155.693, 95
Trd, 4319156.793, 91
Trd, 4319158.843, 90
Trd, 4319159.793, 91
Trd, 4319161.693, 95
Trd, 4319164.143, 100
Trd, 4319164.193, 96
Trd, 4319164.893, 97
Trd, 4319166.393, 96
Trd, 4319167.193, 97
Trd, 4319167.293, 94
Trd, 4319168.093, 76
Trd, 4319171.893, 83
Trd, 4319173.143, 92
Trd, 4319178.343, 95
Trd, 4319179.393, 89
Trd, 4319180.293, 105
Trd, 4319181.243, 94
Trd, 4319181.943, 97
Trd, 4319183.593, 93
Trd, 4319185.593, 96
Trd, 4319186.093, 97
Trd, 4319186.293, 95
Trd, 4319187.793, 94
Trd, 4319187.943, 94
Trd, 4319191.243, 95
Trd, 4319193.043, 94
Trd, 4319196.643, 95
Trd, 4319197.443, 93
Trd, 4319198.393, 93
Trd, 4319198.643, 93
Trd, 4319200.093, 94
Trd, 4319200.493, 92
Trd, 4319201.493, 95
Trd, 4319204.043, 93
Trd, 4319204.493, 92
Trd, 4319204.993, 95
Trd, 4319210.243, 95
Trd, 4319210.743, 93
Trd, 4319210.993, 95
Trd, 4319211.143, 92
Trd, 4319213.843, 92
Trd, 4319213.943, 91
Trd, 4319216.293, 95
Trd, 4319217.293, 91
Trd, 4319218.543, 95
Trd, 4319222.693, 92
Trd, 4319223.543, 90
Trd, 4319226.143, 95
Trd, 4319226.793, 89
Trd, 4319227.243, 89
Trd, 4319228.193, 90
Trd, 4319229.043, 93
Trd, 4319229.193, 90
Trd, 4319234.943, 90
Trd, 4319235.443, 89
Trd, 4319237.793, 88
Trd, 4319239.093, 90
Trd, 4319241.343, 95
Trd, 4319241.693, 88
Trd, 4319243.743, 87
Trd, 4319244.493, 95
Trd, 4319246.493, 87
Trd, 4319247.743, 95
Trd, 4319248.543, 95
Trd, 4319249.643, 96
Trd, 4319250.993, 87
Trd, 4319255.343, 92
Trd, 4319255.493, 86
Trd, 4319257.743, 92
Trd, 4319260.843, 85
Trd, 4319263.193, 88
Trd, 4319264.793, 85
Trd, 4319267.243, 84
Trd, 4319268.393, 87
Trd, 4319268.893, 95
Trd, 4319269.443, 88
Trd, 4319270.393, 87
Trd, 4319271.343, 91
Trd, 4319274.593, 91
Trd, 4319275.643, 90
Trd, 4319280.343, 90
Trd, 4319281.043, 91
Trd, 4319281.143, 95
Trd, 4319281.643, 89
Trd, 4319286.443, 89
Trd, 4319287.643, 90
Trd, 4319288.393, 95
Trd, 4319289.993, 90
Trd, 4319290.843, 95
Trd, 4319293.243, 91
Trd, 4319293.443, 89
Trd, 4319297.793, 88
Trd, 4319298.743, 87
Trd, 4319298.943, 90
Trd, 4319301.093, 95
Trd, 4319303.043, 86
Trd, 4319303.993, 87
Trd, 4319305.593, 91
Trd, 4319306.743, 86
Trd, 4319311.193, 85
Trd, 4319312.743, 84
Trd, 4319313.243, 95
Trd, 4319314.493, 85
Trd, 4319315.693, 91
Trd, 4319318.443, 86
Trd, 4319318.493, 84
Trd, 4319320.043, 84
Trd, 4319322.243, 85
Trd, 4319324.943, 87
Trd, 4319325.543, 95
Trd, 4319330.043, 84
Trd, 4319332.593, 90
Trd, 4319333.343, 89
Trd, 4319336.543, 89
Trd, 4319337.193, 90
Trd, 4319338.043, 88
Trd, 4319339.543, 88
Trd, 4319342.143, 95
Trd, 4319342.943, 109
Trd, 4319342.993, 93
Trd, 4319343.443, 97
Trd, 4319347.093, 96
Trd, 4319347.643, 98
Trd, 4319348.043, 95
Trd, 4319350.343, 94
Trd, 4319352.493, 93
Trd, 4319352.693, 97
Trd, 4319352.743, 92
Trd, 4319355.793, 91
Trd, 4319356.893, 90
Trd, 4319358.043, 92
Trd, 4319359.093, 95
Trd, 4319359.793, 90
Trd, 4319360.393, 104
Trd, 4319361.093, 97
Trd, 4319363.693, 91
Trd, 4319364.393, 88
Trd, 4319368.493, 92
Trd, 4319368.893, 96
Trd, 4319369.193, 104
Trd, 4319370.393, 97
Trd, 4319371.543, 92
Trd, 4319372.793, 92
Trd, 4319375.543, 91
Trd, 4319377.793, 90
Trd, 4319378.693, 90
Trd, 4319378.893, 95
Trd, 4319379.193, 104
Trd, 4319380.093, 93
Trd, 4319384.243, 97
Trd, 4319385.293, 95
Trd, 4319386.643, 94
Trd, 4319386.693, 97
Trd, 4319388.143, 94
Trd, 4319389.243, 107
Trd, 4319389.293, 99
Trd, 4319390.243, 100
Trd, 4319391.943, 104
Trd, 4319392.693, 102
Trd, 4319394.793, 96
Trd, 4319395.043, 88
Trd, 4319397.343, 88
Trd, 4319398.443, 89
Trd, 4319400.143, 89
Trd, 4319400.493, 95
Trd, 4319400.593, 78
Trd, 4319405.543, 95
Trd, 4319406.093, 91
Trd, 4319407.293, 91
Trd, 4319409.593, 90
Trd, 4319411.693, 93
Trd, 4319412.243, 89
Trd, 4319412.343, 89
Trd, 4319415.143, 92
Trd, 4319416.593, 88
Trd, 4319419.443, 90
Trd, 4319421.243, 100
Trd, 4319422.093, 96
Trd, 4319425.893, 90
Trd, 4319428.093, 91
Trd, 4319429.543, 93
Trd, 4319433.543, 95
Trd, 4319433.643, 93
Trd, 4319433.743, 93
Trd, 4319434.093, 93
Trd, 4319434.743, 109
Trd, 4319435.243, 110
Trd, 4319436.143, 93
Trd, 4319437.693, 102
Trd, 4319438.593, 105
Trd, 4319440.893, 92
Trd, 4319442.843, 92
Trd, 4319444.893, 105
Trd, 4319445.443, 105
Trd, 4319447.593, 104
Trd, 4319447.693, 104
Trd, 4319448.943, 100
Trd, 4319449.643, 100
Trd, 4319450.793, 103
Trd, 4319451.343, 101
Trd, 4319453.243, 100
Trd, 4319455.543, 98
Trd, 4319457.843, 102
Trd, 4319459.593, 103
Trd, 4319461.043, 102
Trd, 4319461.193, 101
Trd, 4319461.843, 94
Trd, 4319468.643, 96
Trd, 4319469.043, 93
Trd, 4319470.343, 92
Trd, 4319471.393, 100
Trd, 4319473.293, 100
Trd, 4319474.643, 101
Trd, 4319476.843, 102
Trd, 4319477.443, 100
Trd, 4319479.393, 118
Trd, 4319479.793, 114
Trd, 4319480.293, 110
Trd, 4319482.093, 109
Trd, 4319482.943, 107
Trd, 4319485.543, 102
Trd, 4319486.193, 94
Trd, 4319487.793, 100
Trd, 4319488.543, 102
Trd, 4319489.093, 100
Trd, 4319494.093, 99
Trd, 4319495.943, 99
Trd, 4319496.293, 104
Trd, 4319497.493, 98
Trd, 4319497.593, 97
Trd, 4319500.243, 96
Trd, 4319500.443, 100
Trd, 4319501.593, 95
Trd, 4319503.243, 94
Trd, 4319503.443, 101
Trd, 4319505.893, 92
Trd, 4319506.543, 93
Trd, 4319507.693, 96
Trd, 4319508.893, 101
Trd, 4319509.093, 95
Trd, 4319509.893, 104
Trd, 4319510.093, 94
Trd, 4319511.793, 91
Trd, 4319515.293, 91
Trd, 4319515.993, 92
Trd, 4319516.643, 89
Trd, 4319519.143, 96
Trd, 4319519.443, 102
Trd, 4319519.643, 87
Trd, 4319520.243, 89
Trd, 4319521.143, 88
Trd, 4319526.243, 96
Trd, 4319526.693, 94
Trd, 4319528.043, 94
Trd, 4319529.293, 94
Trd, 4319529.693, 96
Trd, 4319532.593, 94
Trd, 4319533.043, 95
Trd, 4319534.193, 94
Trd, 4319534.243, 97
Trd, 4319534.393, 92
Trd, 4319537.343, 93
Trd, 4319538.743, 93
Trd, 4319538.843, 93
Trd, 4319539.543, 94
Trd, 4319543.793, 92
Trd, 4319545.193, 100
Trd, 4319546.943, 95
Trd, 4319547.293, 93
Trd, 4319550.693, 94
Trd, 4319550.843, 92
Trd, 4319552.193, 95
Trd, 4319554.343, 91
Trd, 4319556.793, 94
Trd, 4319559.143, 90
Trd, 4319560.093, 90
Trd, 4319561.343, 92
Trd, 4319562.693, 96
Trd, 4319562.893, 96
Trd, 4319564.293, 95
Trd, 4319567.443, 97
Trd, 4319568.393, 99
Trd, 4319569.393, 98
Trd, 4319570.943, 93
Trd, 4319572.243, 109
Trd, 4319572.443, 99
Trd, 4319573.443, 101
Trd, 4319574.743, 99
Trd, 4319576.093, 102
Trd, 4319576.943, 91
Trd, 4319580.793, 96
Trd, 4319581.943, 95
Trd, 4319582.293, 94
Trd, 4319582.793, 99
Trd, 4319584.293, 98
Trd, 4319584.343, 94
Trd, 4319585.043, 93
Trd, 4319587.093, 97
Trd, 4319589.043, 92
Trd, 4319589.993, 95
Trd, 4319590.793, 91
Trd, 4319592.993, 90
Trd, 4319596.243, 90
Trd, 4319600.093, 91
Trd, 4319600.693, 91
Trd, 4319603.993, 91
Trd, 4319606.643, 95
Trd, 4319607.693, 97
Trd, 4319610.993, 95
Trd, 4319614.793, 91
Trd, 4319614.893, 94
Trd, 4319615.793, 91
Trd, 4319616.343, 95
Trd, 4319618.743, 90
Trd, 4319619.093, 95
Trd, 4319619.943, 89
Trd, 4319623.043, 94
Trd, 4319623.093, 95
Trd, 4319623.393, 93
Trd, 4319624.143, 92
Trd, 4319626.593, 92
Trd, 4319628.093, 95
Trd, 4319628.143, 91
Trd, 4319628.693, 101
Trd, 4319630.893, 97
Trd, 4319632.343, 113
Trd, 4319633.943, 99
Trd, 4319635.343, 104
Trd, 4319635.593, 104
Trd, 4319636.993, 93
Trd, 4319638.093, 92
Trd, 4319638.943, 101
Trd, 4319639.543, 111
Trd, 4319640.243, 103
Trd, 4319641.293, 93
Trd, 4319642.843, 103
Trd, 4319643.243, 97
Trd, 4319645.243, 88
Trd, 4319646.743, 90
Trd, 4319648.293, 91
Trd, 4319649.093, 92
Trd, 4319650.193, 90
Trd, 4319650.293, 96
Trd, 4319651.543, 91
Trd, 4319653.643, 89
Trd, 4319657.793, 89
Trd, 4319659.293, 88
Trd, 4319660.143, 90
Trd, 4319660.743, 88
Trd, 4319662.543, 91
Trd, 4319662.693, 95
Trd, 4319664.693, 91
Trd, 4319664.743, 105
Trd, 4319665.293, 100
Trd, 4319669.993, 89
Trd, 4319670.893, 89
Trd, 4319671.243, 89
Trd, 4319675.543, 89
Trd, 4319679.843, 93
Trd, 4319679.943, 90
Trd, 4319682.743, 102
Trd, 4319684.393, 104
Trd, 4319685.443, 104
Trd, 4319686.443, 101
Trd, 4319686.493, 105
Trd, 4319686.793, 94
Trd, 4319687.843, 97
Trd, 4319689.993, 76
Trd, 4319691.693, 88
Trd, 4319694.043, 87
Trd, 4319696.743, 86
Trd, 4319696.793, 96
Trd, 4319698.493, 89
Trd, 4319703.143, 86
Trd, 4319703.693, 85
Trd, 4319703.793, 87
Trd, 4319704.943, 86
Trd, 4319706.293, 87
Trd, 4319707.093, 105
Trd, 4319708.493, 97
Trd, 4319709.643, 91
Trd, 4319712.443, 90
Trd, 4319715.893, 93
Trd, 4319716.143, 93
Trd, 4319718.093, 96
Trd, 4319720.593, 93
Trd, 4319721.293, 96
Trd, 4319721.943, 92
Trd, 4319722.143, 92
Trd, 4319724.543, 91
Trd, 4319726.643, 96
Trd, 4319727.443, 95
Trd, 4319728.393, 93
Trd, 4319728.743, 90
Trd, 4319730.743, 95
Trd, 4319732.143, 93
Trd, 4319733.693, 92
Trd, 4319733.843, 95
Trd, 4319733.893, 104
Trd, 4319735.943, 91
Trd, 4319736.093, 91
Trd, 4319737.743, 90
Trd, 4319739.193, 93
Trd, 4319739.493, 90
Trd, 4319739.643, 90
Trd, 4319740.293, 95
Trd, 4319741.793, 89
Trd, 4319742.793, 95
Trd, 4319746.143, 90
Trd, 4319746.643, 94
Trd, 4319746.693, 94
Trd, 4319748.593, 92
Trd, 4319750.243, 95
Trd, 4319750.493, 91
Trd, 4319751.443, 89
Trd, 4319751.543, 94
Trd, 4319753.893, 95
Trd, 4319754.443, 89
Trd, 4319756.593, 89
Trd, 4319756.643, 87
Trd, 4319758.443, 87
Trd, 4319758.793, 93
Trd, 4319760.293, 104
Trd, 4319764.043, 89
Trd, 4319764.793, 95
Trd, 4319767.943, 86
Trd, 4319769.743, 86
Trd, 4319770.293, 84
Trd, 4319770.393, 91
Trd, 4319771.643, 84
Trd, 4319773.043, 84
Trd, 4319774.093, 88
Trd, 4319775.943, 93
Trd, 4319779.843, 88
Trd, 4319782.993, 91
Trd, 4319785.593, 91
Trd, 4319788.643, 95
Trd, 4319789.293, 95
Trd, 4319789.643, 94
Trd, 4319790.693, 105
Trd, 4319790.893, 116
Trd, 4319790.943, 104
Trd, 4319793.343, 88
Trd, 4319794.943, 90
Trd, 4319795.593, 96
Trd, 4319797.693, 105
Trd, 4319798.943, 94
Trd, 4319800.243, 94
Trd, 4319802.293, 90
Trd, 4319802.393, 90
Trd, 4319804.093, 89
Trd, 4319804.493, 95
Trd, 4319807.143, 100
Trd, 4319807.693, 101
Trd, 4319809.393, 99
Trd, 4319811.193, 95
Trd, 4319813.343, 95
Trd, 4319814.793, 91
Trd, 4319814.993, 69
Trd, 4319816.443, 95
Trd, 4319818.093, 99
Trd, 4319819.943, 84
Trd, 4319826.993, 91
Trd, 4319829.143, 86
Trd, 4319829.443, 83
Trd, 4319832.843, 87
Trd, 4319834.693, 83
Trd, 4319836.193, 83
Trd, 4319837.293, 86
Trd, 4319838.443, 85
Trd, 4319839.443, 82
Trd, 4319839.943, 86
Trd, 4319841.493, 81
Trd, 4319842.143, 88
Trd, 4319847.943, 82
Trd, 4319848.293, 86
Trd, 4319850.843, 93
Trd, 4319851.643, 91
Trd, 4319853.193, 92
Trd, 4319854.293, 95
Trd, 4319856.343, 95
Trd, 4319856.393, 91
Trd, 4319856.443, 104
Trd, 4319859.793, 84
Trd, 4319860.093, 89
Trd, 4319861.893, 84
Trd, 4319862.093, 85
Trd, 4319862.693, 96
Trd, 4319865.943, 84
Trd, 4319868.043, 87
Trd, 4319868.443, 87
Trd, 4319869.743, 84
Trd, 4319871.393, 92
Trd, 4319872.393, 95
Trd, 4319873.343, 93
Trd, 4319873.793, 92
Trd, 4319876.243, 90
Trd, 4319877.243, 100
Trd, 4319878.043, 95
Trd, 4319878.943, 96
Trd, 4319880.443, 94
Trd, 4319885.093, 96
Trd, 4319886.543, 94
Trd, 4319889.443, 93
Trd, 4319890.143, 96
Trd, 4319890.543, 103
Trd, 4319893.143, 97
Trd, 4319893.593, 97
Trd, 4319895.693, 96
Trd, 4319896.943, 97
Trd, 4319898.293, 95
Trd, 4319898.643, 93
Trd, 4319898.843, 93
Trd, 4319900.343, 96
Trd, 4319901.443, 97
Trd, 4319902.193, 95
Trd, 4319906.293, 94
Trd, 4319906.643, 97
Trd, 4319906.743, 93
Trd, 4319909.993, 95
Trd, 4319911.043, 97
Trd, 4319911.493, 95
Trd, 4319916.843, 94
Trd, 4319917.593, 93
Trd, 4319918.593, 91
Trd, 4319919.093, 92
Trd, 4319919.393, 95
Trd, 4319920.643, 94
Trd, 4319920.693, 92
Trd, 4319923.343, 97
Trd, 4319923.493, 122
Trd, 4319924.143, 101
Trd, 4319925.093, 105
Trd, 4319926.393, 102
Trd, 4319928.293, 101
Trd, 4319928.343, 94
Trd, 4319932.293, 97
Trd, 4319932.843, 101
Trd, 4319933.693, 96
Trd, 4319936.543, 97
Trd, 4319938.493, 96
Trd, 4319942.393, 95
Trd, 4319943.243, 95
Trd, 4319943.693, 95
Trd, 4319944.693, 96
Trd, 4319944.893, 96
Trd, 4319947.843, 97
Trd, 4319948.893, 96
Trd, 4319949.593, 95
Trd, 4319951.893, 92
Trd, 4319952.993, 95
Trd, 4319953.493, 92
Trd, 4319954.593, 91
Trd, 4319960.693, 91
Trd, 4319961.543, 93
Trd, 4319962.893, 90
Trd, 4319963.043, 89
Trd, 4319968.393, 90
Trd, 4319970.193, 88
Trd, 4319972.943, 95
Trd, 4319973.493, 87
Trd, 4319975.243, 87
Trd, 4319981.643, 92
Trd, 4319982.293, 90
Trd, 4319984.893, 93
Trd, 4319985.093, 95
Trd, 4319985.893, 89
Trd, 4319986.543, 89
Trd, 4319990.593, 95
Trd, 4319991.343, 94
Trd, 4319992.893, 92
Trd, 4319995.043, 97
Trd, 4319995.593, 92
Trd, 4319997.593, 91
Trd, 4319998.243, 91
