Trd, 4317811.143, 96
Trd, 4317811.443, 103
Trd, 4317814.643, 96
Trd, 4317816.343, 102
Trd, 4317817.693, 102
Trd, 4317819.893, 101
Trd, 4317820.443, 103
Trd, 4317821.043, 113
Trd, 4317822.293, 101
Trd, 4317824.043, 100
Trd, 4317824.293, 109
Trd, 4317826.093, 104
Trd, 4317827.843, 103
Trd, 4317828.443, 102
Trd, 4317828.743, 98
Trd, 4317828.943, 85
Trd, 4317830.143, 102
Trd, 4317832.743, 103
Trd, 4317833.943, 100
Trd, 4317836.043, 100
Trd, 4317837.143, 99
Trd, 4317838.593, 101
Trd, 4317841.193, 100
Trd, 4317842.793, 101
Trd, 4317843.843, 102
Trd, 4317844.243, 100
Trd, 4317846.293, 102
Trd, 4317846.593, 99
Trd, 4317847.093, 108
Trd, 4317849.343, 113
Trd, 4317849.993, 103
Trd, 4317852.843, 103
Trd, 4317854.243, 102
Trd, 4317854.743, 102
Trd, 4317856.043, 98
Trd, 4317857.693, 97
Trd, 4317857.893, 104
Trd, 4317861.593, 97
Trd, 4317862.993, 88
Trd, 4317863.143, 96
Trd, 4317865.243, 97
Trd, 4317866.143, 95
Trd, 4317867.093, 104
Trd, 4317868.893, 95
Trd, 4317869.793, 100
Trd, 4317870.743, 95
Trd, 4317872.693, 102
Trd, 4317872.893, 100
Trd, 4317874.493, 101
Trd, 4317878.743, 101
Trd, 4317878.993, 95
Trd, 4317880.243, 94
Trd, 4317880.743, 91
Trd, 4317881.643, 105
Trd, 4317882.093, 101
Trd, 4317882.843, 97
Trd, 4317884.143, 102
Trd, 4317890.093, 100
Trd, 4317891.943, 100
Trd, 4317892.993, 97
Trd, 4317893.993, 97
Trd, 4317894.493, 99
Trd, 4317894.543, 105
Trd, 4317897.293, 98
Trd, 4317897.843, 98
Trd, 4317898.343, 99
Trd, 4317901.743, 104
Trd, 4317903.293, 105
Trd, 4317904.593, 97
Trd, 4317905.243, 96
Trd, 4317906.693, 108
Trd, 4317908.393, 108
Trd, 4317909.343, 106
Trd, 4317912.793, 105
Trd, 4317914.793, 96
Trd, 4317915.693, 102
Trd, 4317915.943, 102
Trd, 4317917.993, 106
Trd, 4317918.343, 109
Trd, 4317920.593, 105
Trd, 4317921.043, 103
Trd, 4317922.793, 96
Trd, 4317923.243, 101
Trd, 4317924.193, 101
Trd, 4317925.943, 102
Trd, 4317926.543, 102
Trd, 4317927.393, 101
Trd, 4317927.893, 102
Trd, 4317928.593, 92
Trd, 4317931.993, 98
Trd, 4317934.993, 97
Trd, 4317935.793, 101
Trd, 4317935.843, 101
Trd, 4317936.593, 96
Trd, 4317936.993, 90
Trd, 4317938.243, 106
Trd, 4317941.043, 101
Trd, 4317943.393, 101
Trd, 4317945.693, 106
Trd, 4317946.793, 86
Trd, 4317949.843, 111
Trd, 4317951.843, 105
Trd, 4317954.043, 104
Trd, 4317956.693, 100
Trd, 4317957.193, 96
Trd, 4317958.693, 96
Trd, 4317959.393, 94
Trd, 4317960.093, 99
Trd, 4317962.693, 102
Trd, 4317962.793, 108
Trd, 4317962.993, 99
Trd, 4317971.243, 103
Trd, 4317971.393, 104
Trd, 4317973.593, 104
Trd, 4317973.693, 105
Trd, 4317979.843, 102
Trd, 4317980.493, 104
Trd, 4317983.843, 102
Trd, 4317984.943, 101
Trd, 4317985.543, 100
Trd, 4317987.193, 100
Trd, 4317989.643, 99
Trd, 4317990.593, 100
Trd, 4317993.193, 106
Trd, 4317993.993, 107
Trd, 4317997.893, 103
Trd, 4317998.043, 102
Trd, 4317999.943, 102
Trd, 4318001.043, 102
Trd, 4318002.093, 101
Trd, 4318003.043, 106
Trd, 4318003.093, 106
Trd, 4318008.393, 101
Trd, 4318008.443, 99
Trd, 4318009.743, 103
Trd, 4318011.793, 95
Trd, 4318011.893, 103
Trd, 4318013.243, 103
Trd, 4318017.843, 102
Trd, 4318017.993, 105
Trd, 4318021.443, 103
Trd, 4318027.443, 105
Trd, 4318028.043, 105
Trd, 4318028.443, 100
Trd, 4318029.893, 101
Trd, 4318030.843, 94
Trd, 4318032.043, 98
Trd, 4318034.943, 105
Trd, 4318038.093, 101
Trd, 4318042.043, 101
Trd, 4318045.143, 102
Trd, 4318045.793, 100
Trd, 4318046.843, 99
Trd, 4318047.293, 102
Trd, 4318048.743, 99
Trd, 4318049.393, 98
Trd, 4318051.043, 103
Trd, 4318053.243, 101
Trd, 4318053.493, 98
Trd, 4318056.743, 102
Trd, 4318057.093, 97
Trd, 4318058.543, 109
Trd, 4318059.043, 100
Trd, 4318062.243, 102
Trd, 4318062.743, 102
Trd, 4318064.293, 113
Trd, 4318067.943, 103
Trd, 4318072.893, 107
Trd, 4318075.643, 102
Trd, 4318076.043, 108
Trd, 4318076.943, 112
Trd, 4318077.143, 103
Trd, 4318077.893, 108
Trd, 4318081.343, 104
Trd, 4318083.393, 106
Trd, 4318083.893, 105
Trd, 4318084.643, 105
Trd, 4318086.093, 102
Trd, 4318087.843, 103
Trd, 4318089.643, 104
Trd, 4318092.093, 103
Trd, 4318093.943, 99
Trd, 4318094.593, 101
Trd, 4318096.493, 113
Trd, 4318098.943, 104
Trd, 4318098.993, 107
Trd, 4318101.543, 105
Trd, 4318103.043, 97
Trd, 4318103.093, 99
Trd, 4318103.343, 104
Trd, 4318103.893, 103
Trd, 4318109.793, 101
Trd, 4318110.243, 100
Trd, 4318111.093, 104
Trd, 4318111.843, 104
Trd, 4318113.593, 100
Trd, 4318117.043, 102
Trd, 4318118.043, 99
Trd, 4318118.843, 98
Trd, 4318119.343, 103
Trd, 4318125.493, 99
Trd, 4318128.093, 98
Trd, 4318129.493, 103
Trd, 4318130.643, 97
Trd, 4318131.893, 97
Trd, 4318132.193, 103
Trd, 4318132.393, 96
Trd, 4318133.943, 104
Trd, 4318134.793, 99
Trd, 4318136.843, 103
Trd, 4318137.793, 104
Trd, 4318142.943, 101
Trd, 4318143.043, 102
Trd, 4318144.343, 99
Trd, 4318146.343, 100
Trd, 4318146.843, 91
Trd, 4318146.893, 104
Trd, 4318148.943, 97
Trd, 4318150.143, 101
Trd, 4318152.993, 99
Trd, 4318153.043, 100
Trd, 4318157.193, 96
Trd, 4318157.593, 95
Trd, 4318158.943, 102
Trd, 4318160.743, 95
Trd, 4318162.293, 97
Trd, 4318162.493, 103
Trd, 4318164.893, 103
Trd, 4318167.443, 108
Trd, 4318168.043, 103
Trd, 4318171.943, 105
Trd, 4318172.243, 104
Trd, 4318172.293, 106
Trd, 4318174.793, 104
Trd, 4318176.893, 106
Trd, 4318178.493, 107
Trd, 4318186.193, 107
Trd, 4318188.843, 103
Trd, 4318189.943, 104
Trd, 4318190.693, 102
Trd, 4318192.393, 105
Trd, 4318193.643, 102
Trd, 4318193.743, 105
Trd, 4318196.743, 108
Trd, 4318199.993, 103
Trd, 4318200.093, 104
Trd, 4318200.193, 85
Trd, 4318201.543, 100
Trd, 4318203.343, 103
Trd, 4318207.443, 103
Trd, 4318207.943, 101
Trd, 4318208.043, 103
Trd, 4318209.443, 100
Trd, 4318211.343, 104
Trd, 4318214.493, 101
Trd, 4318216.793, 103
Trd, 4318219.393, 104
Trd, 4318220.393, 101
Trd, 4318220.843, 103
Trd, 4318222.643, 96
Trd, 4318224.143, 97
Trd, 4318224.343, 98
Trd, 4318224.643, 97
Trd, 4318226.993, 104
Trd, 4318227.093, 108
Trd, 4318228.293, 99
Trd, 4318231.343, 101
Trd, 4318232.293, 99
Trd, 4318232.393, 104
Trd, 4318234.043, 99
Trd, 4318236.793, 97
Trd, 4318237.543, 98
Trd, 4318237.893, 110
Trd, 4318239.143, 99
Trd, 4318240.093, 100
Trd, 4318241.293, 90
Trd, 4318241.493, 104
Trd, 4318245.743, 103
Trd, 4318249.043, 102
Trd, 4318249.343, 97
Trd, 4318249.543, 96
Trd, 4318251.143, 89
Trd, 4318256.593, 100
Trd, 4318257.343, 95
Trd, 4318257.593, 100
Trd, 4318259.643, 98
Trd, 4318260.943, 94
Trd, 4318261.943, 98
Trd, 4318263.043, 100
Trd, 4318267.543, 100
Trd, 4318269.343, 96
Trd, 4318269.943, 99
Trd, 4318270.643, 95
Trd, 4318271.743, 99
Trd, 4318272.593, 109
Trd, 4318273.793, 95
Trd, 4318275.693, 104
Trd, 4318277.043, 103
Trd, 4318278.643, 103
Trd, 4318281.643, 105
Trd, 4318284.043, 104
Trd, 4318285.743, 104
Trd, 4318289.943, 103
Trd, 4318292.543, 102
Trd, 4318292.593, 105
Trd, 4318295.293, 105
Trd, 4318296.243, 104
Trd, 4318297.093, 105
Trd, 4318298.543, 100
Trd, 4318298.843, 99
Trd, 4318299.393, 105
Trd, 4318299.993, 104
Trd, 4318303.843, 101
Trd, 4318304.643, 99
Trd, 4318306.993, 101
Trd, 4318311.493, 102
Trd, 4318312.143, 99
Trd, 4318316.143, 103
Trd, 4318317.593, 103
Trd, 4318319.493, 99
Trd, 4318320.093, 103
Trd, 4318320.593, 98
Trd, 4318321.843, 101
Trd, 4318326.543, 101
Trd, 4318327.243, 97
Trd, 4318327.793, 100
Trd, 4318330.993, 102
Trd, 4318331.043, 98
Trd, 4318331.093, 83
Trd, 4318333.093, 96
Trd, 4318334.743, 103
Trd, 4318336.093, 110
Trd, 4318337.943, 104
Trd, 4318339.343, 103
Trd, 4318339.493, 101
Trd, 4318339.693, 105
Trd, 4318340.543, 100
Trd, 4318342.193, 91
Trd, 4318342.493, 89
Trd, 4318345.243, 113
Trd, 4318345.993, 96
Trd, 4318347.043, 97
Trd, 4318347.693, 93
Trd, 4318348.543, 96
Trd, 4318350.143, 100
Trd, 4318351.893, 98
Trd, 4318352.243, 108
Trd, 4318353.843, 103
Trd, 4318356.093, 113
Trd, 4318356.843, 97
Trd, 4318357.443, 86
Trd, 4318357.893, 93
Trd, 4318358.743, 92
Trd, 4318359.343, 84
Trd, 4318361.293, 103
Trd, 4318361.993, 102
Trd, 4318363.293, 102
Trd, 4318365.643, 103
Trd, 4318366.493, 102
Trd, 4318367.193, 101
Trd, 4318368.543, 103
Trd, 4318369.493, 103
Trd, 4318369.843, 101
Trd, 4318373.393, 97
Trd, 4318375.643, 101
Trd, 4318375.993, 98
Trd, 4318377.443, 99
Trd, 4318377.743, 92
Trd, 4318378.543, 99
Trd, 4318381.443, 95
Trd, 4318382.443, 97
Trd, 4318384.293, 98
Trd, 4318384.543, 99
Trd, 4318386.893, 96
Trd, 4318387.593, 98
Trd, 4318391.543, 97
Trd, 4318393.243, 106
Trd, 4318393.393, 100
Trd, 4318396.793, 101
Trd, 4318397.043, 102
Trd, 4318397.743, 98
Trd, 4318401.693, 98
Trd, 4318402.393, 97
Trd, 4318404.543, 108
Trd, 4318406.343, 102
Trd, 4318407.893, 104
Trd, 4318408.393, 105
Trd, 4318408.843, 104
Trd, 4318411.993, 97
Trd, 4318412.893, 95
Trd, 4318414.893, 100
Trd, 4318419.343, 99
Trd, 4318419.693, 95
Trd, 4318420.093, 88
Trd, 4318420.543, 99
Trd, 4318421.043, 105
Trd, 4318423.893, 97
Trd, 4318426.093, 95
Trd, 4318427.193, 94
Trd, 4318428.193, 96
Trd, 4318433.093, 103
Trd, 4318433.493, 103
Trd, 4318434.693, 103
Trd, 4318435.793, 103
Trd, 4318437.193, 104
Trd, 4318437.793, 103
Trd, 4318439.793, 104
Trd, 4318442.893, 104
Trd, 4318442.943, 106
Trd, 4318446.543, 102
Trd, 4318447.843, 103
Trd, 4318448.493, 102
Trd, 4318450.893, 106
Trd, 4318454.243, 106
Trd, 4318455.743, 102
Trd, 4318457.093, 101
Trd, 4318457.693, 100
Trd, 4318458.693, 103
Trd, 4318459.143, 98
Trd, 4318461.543, 97
Trd, 4318461.843, 106
Trd, 4318463.193, 98
Trd, 4318464.443, 102
Trd, 4318465.393, 104
Trd, 4318466.843, 95
Trd, 4318467.143, 103
Trd, 4318470.393, 103
Trd, 4318470.843, 100
Trd, 4318471.643, 100
Trd, 4318475.893, 105
Trd, 4318476.893, 99
Trd, 4318476.943, 99
Trd, 4318477.693, 103
Trd, 4318478.893, 105
Trd, 4318480.393, 97
Trd, 4318482.843, 97
Trd, 4318484.193, 100
Trd, 4318485.393, 100
Trd, 4318485.443, 103
Trd, 4318489.893, 102
Trd, 4318490.793, 110
Trd, 4318492.893, 112
Trd, 4318493.343, 107
Trd, 4318495.843, 91
Trd, 4318496.593, 97
Trd, 4318496.893, 102
Trd, 4318500.143, 103
Trd, 4318500.993, 103
Trd, 4318501.643, 90
Trd, 4318501.693, 102
Trd, 4318503.793, 95
Trd, 4318504.593, 92
Trd, 4318504.843, 94
Trd, 4318507.493, 113
Trd, 4318509.643, 100
Trd, 4318511.793, 104
Trd, 4318512.893, 92
Trd, 4318513.043, 103
Trd, 4318514.243, 109
Trd, 4318516.493, 102
Trd, 4318518.393, 106
Trd, 4318519.043, 102
Trd, 4318520.543, 105
Trd, 4318523.743, 102
Trd, 4318525.043, 101
Trd, 4318526.093, 101
Trd, 4318526.443, 99
Trd, 4318528.743, 105
Trd, 4318530.043, 101
Trd, 4318531.393, 93
Trd, 4318531.643, 95
Trd, 4318531.843, 113
Trd, 4318532.693, 88
Trd, 4318533.993, 104
Trd, 4318535.743, 101
Trd, 4318538.243, 100
Trd, 4318539.043, 102
Trd, 4318540.393, 102
Trd, 4318542.543, 103
Trd, 4318543.843, 99
Trd, 4318546.443, 103
Trd, 4318547.693, 103
Trd, 4318548.543, 98
Trd, 4318553.743, 100
Trd, 4318554.843, 99
Trd, 4318554.943, 99
Trd, 4318555.393, 105
Trd, 4318556.793, 95
Trd, 4318558.193, 100
Trd, 4318559.043, 103
Trd, 4318561.493, 108
Trd, 4318562.993, 106
Trd, 4318563.743, 104
Trd, 4318564.143, 104
Trd, 4318567.043, 92
Trd, 4318568.643, 102
Trd, 4318569.393, 101
Trd, 4318569.893, 106
Trd, 4318571.293, 101
Trd, 4318572.293, 101
Trd, 4318572.543, 108
Trd, 4318573.493, 87
Trd, 4318578.543, 111
Trd, 4318580.693, 107
Trd, 4318581.543, 107
Trd, 4318582.943, 110
Trd, 4318583.343, 106
Trd, 4318583.393, 109
Trd, 4318586.643, 106
Trd, 4318587.343, 104
Trd, 4318594.143, 105
Trd, 4318594.843, 104
Trd, 4318596.893, 106
Trd, 4318600.193, 103
Trd, 4318601.693, 104
Trd, 4318607.093, 106
Trd, 4318608.043, 104
Trd, 4318608.243, 106
Trd, 4318609.493, 102
Trd, 4318611.893, 100
Trd, 4318614.093, 101
Trd, 4318618.043, 100
Trd, 4318618.293, 104
Trd, 4318619.643, 104
Trd, 4318620.443, 104
Trd, 4318620.593, 109
Trd, 4318621.143, 109
Trd, 4318622.443, 103
Trd, 4318625.993, 104
Trd, 4318627.493, 103
Trd, 4318627.693, 104
Trd, 4318633.843, 100
Trd, 4318634.143, 104
Trd, 4318636.443, 101
Trd, 4318637.243, 100
Trd, 4318638.893, 100
Trd, 4318639.943, 99
Trd, 4318642.043, 100
Trd, 4318644.043, 103
Trd, 4318644.943, 85
Trd, 4318645.693, 102
Trd, 4318647.543, 103
Trd, 4318647.843, 99
Trd, 4318650.643, 100
Trd, 4318651.943, 99
Trd, 4318654.493, 113
Trd, 4318656.193, 105
Trd, 4318658.043, 103
Trd, 4318660.593, 107
Trd, 4318663.043, 112
Trd, 4318664.293, 106
Trd, 4318665.093, 107
Trd, 4318669.493, 107
Trd, 4318670.543, 104
Trd, 4318671.693, 107
Trd, 4318671.943, 108
Trd, 4318675.193, 108
Trd, 4318677.143, 103
Trd, 4318677.543, 95
Trd, 4318678.843, 102
Trd, 4318681.993, 103
Trd, 4318682.493, 102
Trd, 4318682.643, 114
Trd, 4318683.993, 101
Trd, 4318684.843, 103
Trd, 4318685.043, 112
Trd, 4318688.393, 100
Trd, 4318689.543, 95
Trd, 4318692.143, 99
Trd, 4318693.393, 93
Trd, 4318693.643, 99
Trd, 4318696.693, 98
Trd, 4318698.493, 99
Trd, 4318700.893, 104
Trd, 4318703.393, 102
Trd, 4318704.043, 114
Trd, 4318704.693, 101
Trd, 4318705.043, 101
Trd, 4318708.443, 101
Trd, 4318709.143, 104
Trd, 4318709.343, 104
Trd, 4318711.193, 101
Trd, 4318713.043, 104
Trd, 4318713.743, 104
Trd, 4318718.293, 102
Trd, 4318718.943, 101
Trd, 4318722.143, 103
Trd, 4318723.043, 100
Trd, 4318723.593, 104
Trd, 4318724.143, 111
Trd, 4318726.693, 108
Trd, 4318728.693, 100
Trd, 4318731.143, 100
Trd, 4318731.843, 99
Trd, 4318733.093, 95
Trd, 4318736.293, 101
Trd, 4318736.543, 104
Trd, 4318738.893, 103
Trd, 4318738.943, 98
Trd, 4318741.643, 102
Trd, 4318742.193, 110
Trd, 4318742.593, 102
Trd, 4318744.843, 102
Trd, 4318746.793, 104
Trd, 4318750.393, 104
Trd, 4318750.543, 105
Trd, 4318752.093, 101
Trd, 4318754.993, 106
Trd, 4318756.293, 101
Trd, 4318757.643, 104
Trd, 4318761.843, 103
Trd, 4318762.343, 101
Trd, 4318763.043, 101
Trd, 4318763.393, 102
Trd, 4318765.493, 102
Trd, 4318767.643, 101
Trd, 4318768.043, 94
Trd, 4318769.743, 101
Trd, 4318769.843, 99
Trd, 4318770.493, 93
Trd, 4318773.393, 101
Trd, 4318775.493, 98
Trd, 4318777.493, 109
Trd, 4318778.693, 104
Trd, 4318781.043, 106
Trd, 4318783.393, 104
Trd, 4318785.193, 104
Trd, 4318785.393, 102
Trd, 4318785.543, 95
Trd, 4318789.043, 100
Trd, 4318789.243, 103
Trd, 4318790.193, 99
Trd, 4318791.743, 109
Trd, 4318792.243, 102
Trd, 4318794.943, 101
Trd, 4318796.343, 102
Trd, 4318796.443, 92
Trd, 4318797.343, 102
Trd, 4318798.543, 102
Trd, 4318798.793, 108
Trd, 4318802.243, 101
Trd, 4318803.393, 101
Trd, 4318807.593, 100
Trd, 4318808.443, 104
Trd, 4318810.393, 88
Trd, 4318812.643, 101
Trd, 4318813.243, 103
Trd, 4318813.293, 103
Trd, 4318817.793, 102
Trd, 4318818.693, 101
Trd, 4318819.543, 100
Trd, 4318823.093, 107
Trd, 4318823.743, 103
Trd, 4318823.793, 103
Trd, 4318825.443, 102
Trd, 4318827.343, 107
Trd, 4318828.043, 100
Trd, 4318830.193, 108
Trd, 4318830.593, 104
Trd, 4318832.743, 105
Trd, 4318833.593, 106
Trd, 4318833.893, 103
Trd, 4318837.793, 103
Trd, 4318839.293, 105
Trd, 4318839.643, 106
Trd, 4318842.193, 102
Trd, 4318844.293, 103
Trd, 4318847.893, 103
Trd, 4318848.893, 100
Trd, 4318850.793, 100
Trd, 4318852.643, 102
Trd, 4318855.543, 105
Trd, 4318856.243, 105
Trd, 4318858.543, 101
Trd, 4318859.193, 105
Trd, 4318860.493, 109
Trd, 4318861.743, 101
Trd, 4318864.943, 108
Trd, 4318865.193, 101
Trd, 4318868.493, 102
Trd, 4318872.993, 105
Trd, 4318873.843, 101
Trd, 4318875.243, 101
Trd, 4318876.643, 100
Trd, 4318880.543, 103
Trd, 4318882.293, 102
Trd, 4318883.543, 102
Trd, 4318886.643, 101
Trd, 4318887.593, 103
Trd, 4318888.143, 100
Trd, 4318888.843, 107
Trd, 4318892.343, 106
Trd, 4318896.043, 105
Trd, 4318896.843, 103
Trd, 4318897.743, 102
Trd, 4318898.643, 102
Trd, 4318900.343, 101
Trd, 4318900.493, 103
Trd, 4318901.893, 101
Trd, 4318901.993, 104
Trd, 4318904.243, 103
Trd, 4318905.543, 101
Trd, 4318907.743, 101
Trd, 4318908.693, 101
Trd, 4318908.943, 102
Trd, 4318910.343, 101
Trd, 4318914.093, 101
Trd, 4318914.243, 102
Trd, 4318914.493, 103
Trd, 4318915.043, 97
Trd, 4318915.393, 98
Trd, 4318917.443, 98
Trd, 4318917.593, 98
Trd, 4318919.693, 104
Trd, 4318921.993, 104
Trd, 4318922.043, 106
Trd, 4318923.043, 101
Trd, 4318925.543, 102
Trd, 4318928.793, 101
Trd, 4318929.993, 103
Trd, 4318930.943, 100
Trd, 4318933.843, 99
Trd, 4318934.593, 100
Trd, 4318936.093, 100
Trd, 4318937.343, 101
Trd, 4318938.893, 101
Trd, 4318940.143, 101
Trd, 4318940.293, 103
Trd, 4318942.643, 101
Trd, 4318943.393, 94
Trd, 4318944.993, 103
Trd, 4318949.493, 101
Trd, 4318949.793, 99
Trd, 4318950.493, 99
Trd, 4318951.493, 98
Trd, 4318952.943, 84
Trd, 4318954.043, 106
Trd, 4318955.293, 105
Trd, 4318955.993, 97
Trd, 4318956.993, 96
Trd, 4318958.043, 96
Trd, 4318958.543, 98
Trd, 4318959.293, 98
Trd, 4318961.243, 99
Trd, 4318961.693, 85
Trd, 4318964.143, 100
Trd, 4318966.943, 99
Trd, 4318967.743, 100
Trd, 4318968.993, 101
Trd, 4318970.743, 98
Trd, 4318970.793, 104
Trd, 4318973.843, 104
Trd, 4318974.343, 112
Trd, 4318975.943, 95
Trd, 4318976.193, 107
Trd, 4318976.343, 85
Trd, 4318978.843, 99
Trd, 4318979.193, 103
Trd, 4318981.593, 97
Trd, 4318983.243, 103
Trd, 4318983.993, 101
Trd, 4318985.743, 102
Trd, 4318987.543, 102
Trd, 4318988.243, 100
Trd, 4318988.393, 103
Trd, 4318990.993, 99
Trd, 4318993.193, 97
Trd, 4318993.343, 99
Trd, 4318994.043, 113
Trd, 4318994.793, 107
Trd, 4318995.493, 100
Trd, 4318995.943, 99
Trd, 4318998.193, 104
Trd, 4318999.843, 99
Trd, 4319000.193, 100
Trd, 4319001.943, 109
Trd, 4319005.293, 102
Trd, 4319007.043, 105
Trd, 4319007.593, 106
Trd, 4319010.393, 113
Trd, 4319010.793, 104
Trd, 4319014.543, 105
Trd, 4319021.143, 100
Trd, 4319021.493, 101
Trd, 4319022.043, 102
Trd, 4319026.743, 102
Trd, 4319026.993, 100
Trd, 4319028.143, 99
Trd, 4319028.943, 100
Trd, 4319032.693, 98
Trd, 4319033.493, 99
Trd, 4319033.643, 100
Trd, 4319037.443, 100
Trd, 4319037.693, 97
Trd, 4319039.293, 99
Trd, 4319041.143, 100
Trd, 4319041.643, 96
Trd, 4319042.593, 104
Trd, 4319046.393, 103
Trd, 4319049.693, 102
Trd, 4319050.093, 104
Trd, 4319051.443, 104
Trd, 4319053.043, 101
Trd, 4319057.343, 101
Trd, 4319057.793, 100
Trd, 4319060.843, 100
Trd, 4319062.793, 101
Trd, 4319063.943, 98
Trd, 4319065.243, 100
Trd, 4319065.843, 99
Trd, 4319067.293, 98
Trd, 4319069.893, 101
Trd, 4319070.093, 110
Trd, 4319073.893, 104
Trd, 4319074.493, 103
Trd, 4319076.543, 112
Trd, 4319077.243, 106
Trd, 4319078.193, 107
Trd, 4319078.893, 108
Trd, 4319078.993, 113
Trd, 4319082.493, 109
Trd, 4319083.293, 107
Trd, 4319083.693, 110
Trd, 4319085.893, 106
Trd, 4319088.793, 105
Trd, 4319088.943, 105
Trd, 4319090.743, 105
Trd, 4319091.443, 100
Trd, 4319093.643, 102
Trd, 4319096.093, 101
Trd, 4319096.843, 93
Trd, 4319098.243, 100
Trd, 4319100.193, 99
Trd, 4319103.093, 106
Trd, 4319105.493, 104
Trd, 4319108.343, 101
Trd, 4319110.143, 104
Trd, 4319110.443, 99
Trd, 4319110.543, 104
Trd, 4319112.543, 98
Trd, 4319113.643, 103
Trd, 4319117.643, 104
Trd, 4319121.043, 104
Trd, 4319121.493, 100
Trd, 4319122.143, 104
Trd, 4319123.643, 103
Trd, 4319123.743, 101
Trd, 4319125.193, 101
Trd, 4319126.493, 102
Trd, 4319130.393, 100
Trd, 4319131.193, 100
Trd, 4319131.943, 101
Trd, 4319137.443, 100
Trd, 4319137.543, 102
Trd, 4319138.243, 101
Trd, 4319142.393, 101
Trd, 4319142.843, 100
Trd, 4319143.993, 101
Trd, 4319145.243, 99
Trd, 4319147.143, 99
Trd, 4319147.643, 100
Trd, 4319149.243, 98
Trd, 4319151.993, 101
Trd, 4319153.193, 98
Trd, 4319153.593, 102
Trd, 4319153.993, 104
Trd, 4319156.643, 104
Trd, 4319157.193, 110
Trd, 4319158.893, 99
Trd, 4319160.593, 104
Trd, 4319163.143, 104
Trd, 4319163.943, 101
Trd, 4319164.793, 100
Trd, 4319168.193, 99
Trd, 4319170.593, 104
Trd, 4319173.043, 98
Trd, 4319173.343, 101
Trd, 4319174.393, 85
Trd, 4319175.593, 94
Trd, 4319176.843, 94
Trd, 4319177.393, 103
Trd, 4319179.493, 98
Trd, 4319179.843, 104
Trd, 4319181.093, 97
Trd, 4319182.143, 96
Trd, 4319182.743, 101
Trd, 4319183.993, 102
Trd, 4319185.893, 100
Trd, 4319185.943, 98
Trd, 4319186.643, 97
Trd, 4319188.343, 104
Trd, 4319188.643, 114
Trd, 4319190.343, 98
Trd, 4319190.643, 101
Trd, 4319191.843, 95
Trd, 4319192.293, 96
Trd, 4319194.793, 101
Trd, 4319196.743, 105
Trd, 4319199.043, 101
Trd, 4319199.993, 101
Trd, 4319200.593, 100
Trd, 4319203.043, 100
Trd, 4319205.143, 102
Trd, 4319211.493, 102
Trd, 4319212.793, 101
Trd, 4319213.893, 102
Trd, 4319217.443, 104
Trd, 4319222.193, 102
Trd, 4319222.543, 101
Trd, 4319224.343, 112
Trd, 4319224.493, 101
Trd, 4319225.343, 106
Trd, 4319226.193, 100
Trd, 4319228.693, 103
Trd, 4319230.343, 109
Trd, 4319233.143, 100
Trd, 4319234.443, 105
Trd, 4319235.943, 99
Trd, 4319238.543, 98
Trd, 4319240.543, 102
Trd, 4319240.843, 100
Trd, 4319242.743, 114
Trd, 4319243.193, 103
Trd, 4319243.693, 106
Trd, 4319246.693, 104
Trd, 4319247.543, 103
Trd, 4319248.593, 103
Trd, 4319248.693, 107
Trd, 4319249.743, 104
Trd, 4319252.343, 107
Trd, 4319252.393, 104
Trd, 4319255.893, 105
Trd, 4319259.943, 104
Trd, 4319260.143, 98
Trd, 4319260.243, 104
Trd, 4319264.143, 104
Trd, 4319264.393, 103
Trd, 4319265.193, 104
Trd, 4319271.193, 105
Trd, 4319271.243, 115
Trd, 4319274.893, 102
Trd, 4319275.393, 101
Trd, 4319277.843, 106
Trd, 4319278.343, 104
Trd, 4319280.593, 102
Trd, 4319283.543, 102
Trd, 4319283.693, 104
Trd, 4319283.943, 102
Trd, 4319285.043, 113
Trd, 4319285.343, 105
Trd, 4319288.493, 105
Trd, 4319291.293, 108
Trd, 4319292.743, 113
Trd, 4319293.343, 105
Trd, 4319293.793, 97
Trd, 4319294.643, 110
Trd, 4319299.393, 109
Trd, 4319300.043, 105
Trd, 4319302.293, 104
Trd, 4319303.943, 109
Trd, 4319304.143, 113
Trd, 4319304.443, 103
Trd, 4319305.143, 102
Trd, 4319307.693, 108
Trd, 4319309.043, 103
Trd, 4319310.643, 108
Trd, 4319311.493, 102
Trd, 4319314.743, 103
Trd, 4319315.593, 101
Trd, 4319316.243, 95
Trd, 4319317.593, 102
Trd, 4319319.393, 100
Trd, 4319321.193, 101
Trd, 4319322.693, 104
Trd, 4319325.593, 103
Trd, 4319326.243, 99
Trd, 4319328.993, 101
Trd, 4319330.693, 101
Trd, 4319331.293, 98
Trd, 4319336.843, 100
Trd, 4319337.343, 103
Trd, 4319337.643, 99
Trd, 4319340.893, 104
Trd, 4319342.293, 109
Trd, 4319342.593, 108
Trd, 4319343.143, 104
Trd, 4319343.743, 103
Trd, 4319345.793, 96
Trd, 4319346.893, 103
Trd, 4319349.743, 103
Trd, 4319349.993, 102
Trd, 4319350.593, 106
Trd, 4319352.343, 106
Trd, 4319357.543, 102
Trd, 4319357.943, 101
Trd, 4319360.243, 102
Trd, 4319360.393, 101
Trd, 4319361.793, 102
Trd, 4319363.593, 101
Trd, 4319364.443, 99
Trd, 4319364.493, 103
Trd, 4319365.443, 103
Trd, 4319370.593, 100
Trd, 4319370.643, 102
Trd, 4319375.043, 103
Trd, 4319376.543, 107
Trd, 4319378.093, 102
Trd, 4319382.243, 104
Trd, 4319383.143, 102
Trd, 4319384.593, 101
Trd, 4319386.543, 104
Trd, 4319388.993, 103
Trd, 4319390.243, 102
Trd, 4319392.343, 104
Trd, 4319392.893, 102
Trd, 4319395.493, 102
Trd, 4319395.893, 105
Trd, 4319397.493, 104
Trd, 4319399.343, 103
Trd, 4319401.343, 110
Trd, 4319401.593, 109
Trd, 4319401.693, 108
Trd, 4319403.093, 104
Trd, 4319404.743, 101
Trd, 4319405.143, 101
Trd, 4319405.793, 108
Trd, 4319408.093, 104
Trd, 4319408.843, 103
Trd, 4319409.443, 99
Trd, 4319411.443, 100
Trd, 4319414.293, 104
Trd, 4319415.843, 103
Trd, 4319416.143, 102
Trd, 4319419.293, 102
Trd, 4319420.093, 103
Trd, 4319426.193, 103
Trd, 4319428.443, 101
Trd, 4319428.643, 103
Trd, 4319432.743, 100
Trd, 4319433.143, 95
Trd, 4319434.443, 108
Trd, 4319438.293, 106
Trd, 4319439.693, 103
Trd, 4319444.993, 106
Trd, 4319445.693, 107
Trd, 4319449.143, 105
Trd, 4319452.093, 103
Trd, 4319453.993, 102
Trd, 4319454.793, 106
Trd, 4319455.643, 106
Trd, 4319456.793, 109
Trd, 4319459.893, 100
Trd, 4319460.893, 99
Trd, 4319460.993, 101
Trd, 4319466.743, 100
Trd, 4319467.093, 101
Trd, 4319467.793, 104
Trd, 4319469.443, 102
Trd, 4319469.543, 103
Trd, 4319472.643, 95
Trd, 4319473.243, 103
Trd, 4319473.343, 99
Trd, 4319473.743, 102
Trd, 4319475.193, 85
Trd, 4319478.393, 97
Trd, 4319478.643, 102
Trd, 4319482.243, 96
Trd, 4319482.293, 96
Trd, 4319482.443, 100
Trd, 4319483.043, 95
Trd, 4319485.343, 95
Trd, 4319486.843, 99
Trd, 4319488.593, 98
Trd, 4319491.043, 104
Trd, 4319491.893, 98
Trd, 4319494.893, 102
Trd, 4319495.343, 104
Trd, 4319496.143, 99
Trd, 4319498.193, 105
Trd, 4319500.093, 104
Trd, 4319501.393, 98
Trd, 4319503.493, 97
Trd, 4319504.243, 100
Trd, 4319504.393, 101
Trd, 4319507.293, 102
Trd, 4319509.293, 102
Trd, 4319509.943, 104
Trd, 4319511.843, 101
Trd, 4319514.543, 100
Trd, 4319516.593, 100
Trd, 4319516.943, 91
Trd, 4319517.393, 90
Trd, 4319520.393, 91
Trd, 4319521.893, 104
Trd, 4319523.743, 103
Trd, 4319524.893, 100
Trd, 4319527.793, 110
Trd, 4319528.543, 109
Trd, 4319532.443, 93
Trd, 4319532.693, 90
Trd, 4319532.893, 94
Trd, 4319535.443, 95
Trd, 4319535.743, 94
Trd, 4319538.893, 102
Trd, 4319540.993, 100
Trd, 4319542.843, 99
Trd, 4319545.393, 100
Trd, 4319545.643, 99
Trd, 4319546.693, 105
Trd, 4319547.993, 103
Trd, 4319549.443, 101
Trd, 4319550.793, 113
Trd, 4319559.793, 104
Trd, 4319561.493, 101
Trd, 4319562.843, 104
Trd, 4319563.343, 104
Trd, 4319566.893, 100
Trd, 4319568.443, 103
Trd, 4319568.893, 103
Trd, 4319569.543, 99
Trd, 4319572.543, 102
Trd, 4319575.443, 100
Trd, 4319576.093, 100
Trd, 4319576.493, 100
Trd, 4319577.393, 98
Trd, 4319578.493, 98
Trd, 4319580.243, 99
Trd, 4319580.543, 100
Trd, 4319581.343, 102
Trd, 4319582.243, 100
Trd, 4319583.493, 112
Trd, 4319585.493, 105
Trd, 4319586.793, 101
Trd, 4319588.193, 103
Trd, 4319590.493, 104
Trd, 4319591.143, 112
Trd, 4319592.343, 103
Trd, 4319593.343, 104
Trd, 4319594.993, 109
Trd, 4319595.143, 106
Trd, 4319598.443, 102
Trd, 4319599.243, 105
Trd, 4319601.143, 103
Trd, 4319601.893, 105
Trd, 4319602.643, 107
Trd, 4319603.643, 105
Trd, 4319604.993, 91
Trd, 4319605.293, 100
Trd, 4319606.143, 101
Trd, 4319607.393, 104
Trd, 4319608.893, 104
Trd, 4319611.393, 95
Trd, 4319612.043, 91
Trd, 4319612.643, 90
Trd, 4319616.143, 93
Trd, 4319618.693, 101
Trd, 4319619.143, 101
Trd, 4319619.893, 99
Trd, 4319620.793, 104
Trd, 4319621.793, 102
Trd, 4319622.243, 105
Trd, 4319622.993, 101
Trd, 4319627.543, 103
Trd, 4319630.443, 102
Trd, 4319630.593, 101
Trd, 4319632.493, 105
Trd, 4319633.843, 106
Trd, 4319636.043, 105
Trd, 4319637.643, 107
Trd, 4319637.893, 104
Trd, 4319638.493, 98
Trd, 4319642.443, 102
Trd, 4319642.993, 103
Trd, 4319645.193, 100
Trd, 4319645.693, 100
Trd, 4319646.093, 103
Trd, 4319648.043, 99
Trd, 4319648.493, 91
Trd, 4319649.743, 99
Trd, 4319652.743, 99
Trd, 4319652.943, 98
Trd, 4319653.693, 101
Trd, 4319656.343, 100
Trd, 4319656.943, 98
Trd, 4319658.993, 98
Trd, 4319660.843, 109
Trd, 4319661.693, 97
Trd, 4319664.393, 99
Trd, 4319668.093, 109
Trd, 4319669.093, 102
Trd, 4319672.243, 101
Trd, 4319672.893, 100
Trd, 4319673.993, 103
Trd, 4319677.793, 104
Trd, 4319679.943, 102
Trd, 4319679.993, 105
Trd, 4319680.793, 104
Trd, 4319685.593, 105
Trd, 4319687.743, 104
Trd, 4319687.843, 108
Trd, 4319690.393, 102
Trd, 4319693.443, 100
Trd, 4319694.443, 99
Trd, 4319695.793, 96
Trd, 4319697.793, 103
Trd, 4319698.243, 105
Trd, 4319699.093, 98
Trd, 4319702.043, 102
Trd, 4319702.493, 103
Trd, 4319702.743, 95
Trd, 4319703.893, 103
Trd, 4319705.143, 99
Trd, 4319710.993, 101
Trd, 4319713.243, 99
Trd, 4319713.693, 102
Trd, 4319713.893, 103
Trd, 4319717.393, 99
Trd, 4319719.643, 98
Trd, 4319720.843, 100
Trd, 4319720.893, 85
Trd, 4319722.643, 100
Trd, 4319726.043, 96
Trd, 4319727.843, 95
Trd, 4319728.243, 100
Trd, 4319730.993, 99
Trd, 4319731.693, 94
Trd, 4319734.743, 97
Trd, 4319734.993, 97
Trd, 4319736.543, 94
Trd, 4319738.993, 96
Trd, 4319740.043, 96
Trd, 4319742.643, 104
Trd, 4319743.393, 100
Trd, 4319746.293, 102
Trd, 4319748.593, 99
Trd, 4319749.493, 102
Trd, 4319750.143, 113
Trd, 4319753.643, 104
Trd, 4319754.193, 106
Trd, 4319755.043, 103
Trd, 4319755.693, 102
Trd, 4319758.243, 101
Trd, 4319758.893, 100
Trd, 4319758.993, 96
Trd, 4319761.393, 97
Trd, 4319761.693, 97
Trd, 4319763.193, 109
Trd, 4319764.243, 95
Trd, 4319767.393, 113
Trd, 4319769.043, 108
Trd, 4319769.393, 105
Trd, 4319770.393, 106
Trd, 4319772.043, 95
Trd, 4319774.243, 104
Trd, 4319775.193, 104
Trd, 4319776.243, 106
Trd, 4319778.793, 103
Trd, 4319778.893, 106
Trd, 4319780.393, 102
Trd, 4319781.693, 95
Trd, 4319781.893, 93
Trd, 4319782.693, 104
Trd, 4319784.043, 100
Trd, 4319784.093, 106
Trd, 4319786.343, 103
Trd, 4319789.493, 100
Trd, 4319789.693, 101
Trd, 4319790.993, 100
Trd, 4319791.493, 99
Trd, 4319792.643, 105
Trd, 4319797.143, 100
Trd, 4319797.243, 99
Trd, 4319797.543, 102
Trd, 4319799.493, 100
Trd, 4319800.143, 99
Trd, 4319800.393, 99
Trd, 4319800.493, 85
Trd, 4319801.843, 99
Trd, 4319804.443, 101
Trd, 4319805.193, 98
Trd, 4319805.693, 98
Trd, 4319807.293, 100
Trd, 4319808.743, 98
Trd, 4319809.743, 100
Trd, 4319811.943, 102
Trd, 4319812.143, 98
Trd, 4319812.693, 101
Trd, 4319815.043, 100
Trd, 4319817.493, 99
Trd, 4319818.043, 101
Trd, 4319818.743, 99
Trd, 4319821.393, 101
Trd, 4319823.443, 99
Trd, 4319824.793, 101
Trd, 4319826.993, 98
Trd, 4319828.293, 100
Trd, 4319829.693, 99
Trd, 4319830.593, 98
Trd, 4319831.843, 101
Trd, 4319833.893, 95
Trd, 4319835.043, 103
Trd, 4319836.493, 108
Trd, 4319837.493, 104
Trd, 4319840.393, 97
Trd, 4319841.443, 91
Trd, 4319841.743, 101
Trd, 4319843.593, 100
Trd, 4319845.593, 99
Trd, 4319847.093, 100
Trd, 4319848.593, 98
Trd, 4319848.843, 101
Trd, 4319851.643, 92
Trd, 4319851.843, 93
Trd, 4319853.593, 95
Trd, 4319854.543, 107
Trd, 4319858.243, 113
Trd, 4319859.143, 105
Trd, 4319860.593, 106
Trd, 4319861.693, 105
Trd, 4319863.843, 104
Trd, 4319866.343, 104
Trd, 4319867.593, 110
Trd, 4319868.393, 107
Trd, 4319869.993, 95
Trd, 4319870.793, 102
Trd, 4319870.993, 106
Trd, 4319872.793, 97
Trd, 4319874.743, 98
Trd, 4319876.943, 98
Trd, 4319879.243, 101
Trd, 4319881.043, 98
Trd, 4319881.993, 102
Trd, 4319882.743, 114
Trd, 4319887.893, 104
Trd, 4319890.243, 104
Trd, 4319892.643, 103
Trd, 4319893.043, 104
Trd, 4319895.843, 114
Trd, 4319895.993, 102
Trd, 4319896.543, 112
Trd, 4319896.593, 102
Trd, 4319900.743, 108
Trd, 4319901.643, 107
Trd, 4319901.843, 105
Trd, 4319903.393, 101
Trd, 4319905.193, 102
Trd, 4319905.943, 107
Trd, 4319908.043, 102
Trd, 4319908.993, 103
Trd, 4319909.093, 94
Trd, 4319913.593, 112
Trd, 4319915.593, 114
Trd, 4319916.193, 114
Trd, 4319916.543, 103
Trd, 4319917.693, 111
Trd, 4319921.293, 110
Trd, 4319923.093, 104
Trd, 4319924.193, 103
Trd, 4319924.443, 97
Trd, 4319924.893, 104
Trd, 4319927.143, 103
Trd, 4319927.443, 97
Trd, 4319929.693, 113
Trd, 4319931.793, 105
Trd, 4319933.193, 106
Trd, 4319933.943, 104
Trd, 4319933.993, 103
Trd, 4319936.143, 104
Trd, 4319938.393, 110
Trd, 4319938.843, 103
Trd, 4319939.493, 104
Trd, 4319940.443, 105
Trd, 4319940.693, 107
Trd, 4319941.893, 98
Trd, 4319943.593, 101
Trd, 4319944.143, 114
Trd, 4319947.093, 101
Trd, 4319950.343, 102
Trd, 4319953.593, 103
Trd, 4319953.743, 103
Trd, 4319954.293, 100
Trd, 4319957.043, 102
Trd, 4319958.543, 101
Trd, 4319958.693, 100
Trd, 4319959.343, 100
Trd, 4319961.043, 97
Trd, 4319962.393, 97
Trd, 4319963.693, 106
Trd, 4319964.343, 113
Trd, 4319965.243, 102
Trd, 4319966.893, 102
Trd, 4319967.443, 114
Trd, 4319967.993, 101
Trd, 4319968.843, 105
Trd, 4319970.743, 111
Trd, 4319972.593, 106
Trd, 4319972.693, 95
Trd, 4319972.843, 106
Trd, 4319974.593, 102
Trd, 4319975.043, 96
Trd, 4319975.943, 101
Trd, 4319978.543, 102
Trd, 4319979.743, 95
Trd, 4319981.043, 100
Trd, 4319982.843, 98
Trd, 4319982.943, 111
Trd, 4319983.843, 106
Trd, 4319984.943, 99
Trd, 4319988.793, 103
Trd, 4319989.643, 98
Trd, 4319991.943, 104
Trd, 4319993.543, 101
Trd, 4319996.143, 103
Trd, 4319996.493, 110
Trd, 4319997.243, 114
Trd, 4319998.843, 103
