Trd, 4317858.743, 95
Trd, 4317859.293, 94
Trd, 4317859.743, 96
Trd, 4317861.943, 95
Trd, 4317864.443, 95
Trd, 4317864.493, 95
Trd, 4317865.293, 95
Trd, 4317868.793, 95
Trd, 4317869.943, 93
Trd, 4317870.793, 93
Trd, 4317871.493, 92
Trd, 4317872.793, 92
Trd, 4317873.493, 92
Trd, 4317875.493, 91
Trd, 4317875.743, 92
Trd, 4317876.243, 92
Trd, 4317878.143, 93
Trd, 4317878.843, 95
Trd, 4317879.493, 94
Trd, 4317879.743, 94
Trd, 4317882.193, 104
Trd, 4317883.443, 96
Trd, 4317884.693, 96
Trd, 4317885.693, 95
Trd, 4317888.093, 95
Trd, 4317889.093, 95
Trd, 4317891.493, 95
Trd, 4317893.093, 95
Trd, 4317893.293, 94
Trd, 4317893.943, 95
Trd, 4317895.043, 94
Trd, 4317897.093, 95
Trd, 4317899.643, 94
Trd, 4317900.243, 95
Trd, 4317900.743, 94
Trd, 4317903.743, 95
Trd, 4317907.193, 95
Trd, 4317908.193, 94
Trd, 4317908.943, 95
Trd, 4317909.993, 95
Trd, 4317911.093, 95
Trd, 4317911.893, 95
Trd, 4317913.093, 96
Trd, 4317914.043, 112
Trd, 4317916.843, 97
Trd, 4317917.093, 96
Trd, 4317917.993, 97
Trd, 4317919.543, 96
Trd, 4317923.643, 96
Trd, 4317924.093, 97
Trd, 4317925.093, 97
Trd, 4317926.393, 97
Trd, 4317926.693, 97
Trd, 4317927.243, 97
Trd, 4317929.193, 95
Trd, 4317930.093, 96
Trd, 4317930.243, 95
Trd, 4317930.893, 94
Trd, 4317933.693, 95
Trd, 4317933.793, 95
Trd, 4317934.543, 96
Trd, 4317938.543, 102
Trd, 4317938.643, 99
Trd, 4317940.193, 104
Trd, 4317940.843, 99
Trd, 4317942.443, 99
Trd, 4317944.093, 96
Trd, 4317944.243, 97
Trd, 4317945.493, 97
Trd, 4317946.243, 97
Trd, 4317947.243, 97
Trd, 4317949.793, 98
Trd, 4317950.393, 118
Trd, 4317951.193, 101
Trd, 4317952.493, 101
Trd, 4317954.193, 101
Trd, 4317955.643, 101
Trd, 4317956.193, 100
Trd, 4317958.393, 101
Trd, 4317958.643, 101
Trd, 4317959.993, 101
Trd, 4317961.143, 100
Trd, 4317961.593, 101
Trd, 4317963.193, 101
Trd, 4317965.843, 99
Trd, 4317966.993, 98
Trd, 4317969.543, 99
Trd, 4317970.243, 100
Trd, 4317970.843, 99
Trd, 4317970.893, 98
Trd, 4317973.693, 98
Trd, 4317976.093, 98
Trd, 4317976.693, 98
Trd, 4317977.143, 98
Trd, 4317977.893, 97
Trd, 4317978.593, 98
Trd, 4317981.543, 97
Trd, 4317983.393, 97
Trd, 4317986.343, 98
Trd, 4317987.443, 98
Trd, 4317987.743, 98
Trd, 4317987.893, 100
Trd, 4317991.043, 98
Trd, 4317991.093, 98
Trd, 4317992.193, 97
Trd, 4317992.493, 99
Trd, 4317995.593, 97
Trd, 4317995.693, 98
Trd, 4317997.293, 96
Trd, 4318000.843, 96
Trd, 4318001.243, 95
Trd, 4318002.143, 96
Trd, 4318002.793, 96
Trd, 4318003.243, 96
Trd, 4318004.143, 96
Trd, 4318006.393, 98
Trd, 4318007.793, 95
Trd, 4318009.243, 95
Trd, 4318010.743, 96
Trd, 4318013.543, 96
Trd, 4318014.393, 96
Trd, 4318015.593, 95
Trd, 4318019.743, 95
Trd, 4318020.543, 95
Trd, 4318022.443, 95
Trd, 4318022.743, 95
Trd, 4318023.343, 94
Trd, 4318023.843, 95
Trd, 4318024.443, 95
Trd, 4318028.443, 95
Trd, 4318028.943, 95
Trd, 4318030.493, 95
Trd, 4318031.743, 95
Trd, 4318033.293, 95
Trd, 4318035.593, 95
Trd, 4318035.693, 94
Trd, 4318037.143, 96
Trd, 4318040.143, 95
Trd, 4318040.893, 94
Trd, 4318040.993, 95
Trd, 4318042.993, 95
Trd, 4318043.243, 95
Trd, 4318044.843, 95
Trd, 4318045.993, 95
Trd, 4318048.243, 94
Trd, 4318048.943, 94
Trd, 4318051.443, 95
Trd, 4318052.743, 95
Trd, 4318053.843, 95
Trd, 4318054.793, 94
Trd, 4318057.643, 95
Trd, 4318058.643, 95
Trd, 4318062.093, 95
Trd, 4318062.543, 95
Trd, 4318063.993, 95
Trd, 4318064.143, 95
Trd, 4318065.193, 94
Trd, 4318065.343, 95
Trd, 4318069.543, 95
Trd, 4318070.093, 95
Trd, 4318071.243, 93
Trd, 4318072.043, 91
Trd, 4318072.943, 91
Trd, 4318074.243, 91
Trd, 4318074.893, 91
Trd, 4318078.093, 94
Trd, 4318078.643, 104
Trd, 4318081.893, 94
Trd, 4318082.143, 95
Trd, 4318084.243, 95
Trd, 4318087.843, 94
Trd, 4318088.493, 95
Trd, 4318089.443, 95
Trd, 4318091.593, 94
Trd, 4318093.393, 93
Trd, 4318094.993, 94
Trd, 4318095.543, 94
Trd, 4318096.093, 94
Trd, 4318099.743, 94
Trd, 4318100.893, 93
Trd, 4318103.193, 95
Trd, 4318105.193, 94
Trd, 4318107.093, 95
Trd, 4318107.593, 95
Trd, 4318108.843, 94
Trd, 4318109.143, 95
Trd, 4318109.993, 103
Trd, 4318110.693, 96
Trd, 4318114.993, 97
Trd, 4318117.293, 96
Trd, 4318117.593, 96
Trd, 4318118.043, 95
Trd, 4318119.293, 96
Trd, 4318119.593, 97
Trd, 4318121.243, 95
Trd, 4318123.593, 95
Trd, 4318124.493, 94
Trd, 4318127.743, 95
Trd, 4318128.593, 100
Trd, 4318128.893, 101
Trd, 4318129.393, 104
Trd, 4318131.493, 99
Trd, 4318132.443, 98
Trd, 4318133.443, 99
Trd, 4318135.943, 98
Trd, 4318136.093, 98
Trd, 4318136.593, 98
Trd, 4318137.993, 103
Trd, 4318140.493, 101
Trd, 4318141.693, 103
Trd, 4318142.093, 111
Trd, 4318143.743, 103
Trd, 4318146.393, 105
Trd, 4318146.843, 104
Trd, 4318147.993, 103
Trd, 4318149.693, 106
Trd, 4318150.493, 105
Trd, 4318152.443, 106
Trd, 4318153.343, 106
Trd, 4318154.893, 105
Trd, 4318155.443, 105
Trd, 4318156.543, 104
Trd, 4318157.243, 101
Trd, 4318159.443, 97
Trd, 4318159.593, 98
Trd, 4318159.943, 98
Trd, 4318160.393, 104
Trd, 4318163.093, 98
Trd, 4318165.593, 97
Trd, 4318166.893, 98
Trd, 4318168.243, 97
Trd, 4318171.093, 97
Trd, 4318171.543, 97
Trd, 4318172.443, 96
Trd, 4318173.993, 95
Trd, 4318175.393, 96
Trd, 4318176.543, 96
Trd, 4318177.843, 96
Trd, 4318178.243, 96
Trd, 4318180.843, 96
Trd, 4318182.393, 100
Trd, 4318183.893, 96
Trd, 4318185.443, 96
Trd, 4318186.093, 95
Trd, 4318187.543, 96
Trd, 4318188.293, 104
Trd, 4318190.993, 98
Trd, 4318193.293, 98
Trd, 4318194.043, 98
Trd, 4318194.843, 98
Trd, 4318195.793, 98
Trd, 4318198.893, 97
Trd, 4318200.693, 96
Trd, 4318201.643, 96
Trd, 4318205.893, 96
Trd, 4318206.243, 96
Trd, 4318206.493, 95
Trd, 4318209.243, 96
Trd, 4318210.343, 96
Trd, 4318211.693, 96
Trd, 4318212.393, 96
Trd, 4318215.143, 96
Trd, 4318216.443, 95
Trd, 4318217.593, 96
Trd, 4318218.643, 94
Trd, 4318219.793, 94
Trd, 4318220.293, 95
Trd, 4318220.943, 95
Trd, 4318223.293, 95
Trd, 4318223.943, 95
Trd, 4318225.743, 95
Trd, 4318226.193, 95
Trd, 4318227.093, 96
Trd, 4318227.793, 95
Trd, 4318229.293, 98
Trd, 4318229.593, 97
Trd, 4318231.643, 97
Trd, 4318232.343, 96
Trd, 4318232.943, 96
Trd, 4318233.943, 97
Trd, 4318236.493, 116
Trd, 4318236.993, 131
Trd, 4318240.743, 102
Trd, 4318243.293, 101
Trd, 4318243.493, 101
Trd, 4318243.743, 100
Trd, 4318246.193, 100
Trd, 4318248.893, 100
Trd, 4318250.943, 99
Trd, 4318252.593, 100
Trd, 4318252.643, 100
Trd, 4318254.743, 100
Trd, 4318257.843, 100
Trd, 4318258.293, 100
Trd, 4318258.743, 101
Trd, 4318260.193, 100
Trd, 4318261.743, 101
Trd, 4318264.693, 100
Trd, 4318264.893, 101
Trd, 4318266.393, 102
Trd, 4318266.793, 102
Trd, 4318268.743, 103
Trd, 4318269.943, 104
Trd, 4318270.693, 103
Trd, 4318271.443, 103
Trd, 4318273.943, 101
Trd, 4318275.393, 102
Trd, 4318278.093, 102
Trd, 4318278.943, 102
Trd, 4318280.743, 102
Trd, 4318280.793, 102
Trd, 4318282.693, 114
Trd, 4318284.043, 104
Trd, 4318285.843, 103
Trd, 4318285.993, 103
Trd, 4318286.443, 103
Trd, 4318286.993, 104
Trd, 4318289.443, 103
Trd, 4318290.943, 100
Trd, 4318291.143, 100
Trd, 4318293.893, 95
Trd, 4318295.043, 95
Trd, 4318295.593, 95
Trd, 4318297.843, 95
Trd, 4318300.293, 94
Trd, 4318301.193, 95
Trd, 4318301.443, 95
Trd, 4318301.793, 96
Trd, 4318303.843, 95
Trd, 4318305.543, 95
Trd, 4318306.693, 94
Trd, 4318306.943, 93
Trd, 4318307.593, 95
Trd, 4318310.693, 93
Trd, 4318311.643, 94
Trd, 4318313.243, 94
Trd, 4318314.643, 94
Trd, 4318316.543, 94
Trd, 4318318.543, 93
Trd, 4318319.493, 94
Trd, 4318319.593, 93
Trd, 4318321.443, 94
Trd, 4318321.793, 94
Trd, 4318323.093, 94
Trd, 4318324.443, 94
Trd, 4318325.143, 95
Trd, 4318327.893, 94
Trd, 4318330.893, 93
Trd, 4318332.293, 94
Trd, 4318332.793, 94
Trd, 4318332.993, 94
Trd, 4318333.743, 94
Trd, 4318335.493, 94
Trd, 4318336.393, 93
Trd, 4318338.593, 94
Trd, 4318340.243, 93
Trd, 4318341.043, 94
Trd, 4318341.643, 94
Trd, 4318342.793, 94
Trd, 4318344.043, 94
Trd, 4318344.893, 95
Trd, 4318346.593, 104
Trd, 4318346.693, 97
Trd, 4318348.643, 97
Trd, 4318349.343, 97
Trd, 4318350.643, 97
Trd, 4318353.093, 98
Trd, 4318353.793, 97
Trd, 4318355.793, 91
Trd, 4318357.143, 88
Trd, 4318357.593, 87
Trd, 4318358.493, 87
Trd, 4318359.393, 90
Trd, 4318359.943, 103
Trd, 4318361.343, 91
Trd, 4318364.193, 93
Trd, 4318365.143, 92
Trd, 4318366.093, 92
Trd, 4318367.293, 94
Trd, 4318368.493, 95
Trd, 4318369.243, 93
Trd, 4318370.893, 94
Trd, 4318371.493, 94
Trd, 4318372.293, 94
Trd, 4318376.243, 95
Trd, 4318377.793, 94
Trd, 4318378.693, 93
Trd, 4318379.393, 94
Trd, 4318379.943, 93
Trd, 4318381.393, 92
Trd, 4318382.543, 93
Trd, 4318383.243, 93
Trd, 4318384.143, 94
Trd, 4318385.593, 95
Trd, 4318386.293, 104
Trd, 4318388.243, 94
Trd, 4318390.343, 95
Trd, 4318391.943, 94
Trd, 4318394.593, 94
Trd, 4318394.943, 94
Trd, 4318395.293, 93
Trd, 4318397.643, 94
Trd, 4318399.743, 94
Trd, 4318400.193, 94
Trd, 4318401.993, 93
Trd, 4318403.543, 94
Trd, 4318405.393, 94
Trd, 4318405.843, 94
Trd, 4318409.243, 93
Trd, 4318409.893, 94
Trd, 4318410.993, 93
Trd, 4318411.093, 93
Trd, 4318411.843, 93
Trd, 4318414.443, 93
Trd, 4318419.493, 93
Trd, 4318419.793, 92
Trd, 4318420.043, 93
Trd, 4318421.143, 93
Trd, 4318422.443, 93
Trd, 4318423.793, 93
Trd, 4318425.243, 93
Trd, 4318426.443, 93
Trd, 4318427.243, 104
Trd, 4318429.243, 94
Trd, 4318430.693, 94
Trd, 4318431.993, 94
Trd, 4318432.843, 93
Trd, 4318435.543, 93
Trd, 4318435.943, 93
Trd, 4318437.693, 92
Trd, 4318438.343, 93
Trd, 4318443.243, 94
Trd, 4318444.493, 93
Trd, 4318445.043, 93
Trd, 4318447.793, 93
Trd, 4318449.293, 93
Trd, 4318449.843, 92
Trd, 4318452.243, 93
Trd, 4318453.893, 93
Trd, 4318454.793, 94
Trd, 4318455.193, 93
Trd, 4318455.343, 95
Trd, 4318456.593, 95
Trd, 4318457.593, 96
Trd, 4318459.893, 95
Trd, 4318460.993, 94
Trd, 4318464.393, 95
Trd, 4318465.043, 95
Trd, 4318465.893, 95
Trd, 4318467.693, 95
Trd, 4318469.043, 95
Trd, 4318472.043, 94
Trd, 4318472.193, 95
Trd, 4318473.543, 96
Trd, 4318475.543, 95
Trd, 4318476.493, 94
Trd, 4318478.343, 111
Trd, 4318483.643, 98
Trd, 4318484.993, 98
Trd, 4318486.043, 96
Trd, 4318486.193, 95
Trd, 4318486.743, 95
Trd, 4318487.743, 95
Trd, 4318489.243, 95
Trd, 4318490.543, 94
Trd, 4318490.943, 95
Trd, 4318491.693, 94
Trd, 4318493.743, 94
Trd, 4318494.993, 94
Trd, 4318496.693, 93
Trd, 4318497.343, 94
Trd, 4318499.443, 95
Trd, 4318499.893, 94
Trd, 4318501.743, 94
Trd, 4318503.043, 94
Trd, 4318504.843, 94
Trd, 4318505.243, 93
Trd, 4318505.993, 93
Trd, 4318506.093, 94
Trd, 4318508.243, 95
Trd, 4318509.543, 96
Trd, 4318509.793, 113
Trd, 4318514.043, 98
Trd, 4318514.943, 98
Trd, 4318518.293, 98
Trd, 4318518.893, 98
Trd, 4318519.293, 98
Trd, 4318519.643, 97
Trd, 4318525.493, 98
Trd, 4318525.893, 98
Trd, 4318526.493, 97
Trd, 4318526.593, 98
Trd, 4318529.543, 98
Trd, 4318530.043, 98
Trd, 4318530.343, 98
Trd, 4318532.393, 98
Trd, 4318532.693, 97
Trd, 4318532.893, 97
Trd, 4318535.043, 98
Trd, 4318536.143, 98
Trd, 4318538.893, 98
Trd, 4318540.243, 98
Trd, 4318541.193, 97
Trd, 4318541.993, 95
Trd, 4318544.743, 95
Trd, 4318544.793, 94
Trd, 4318546.243, 95
Trd, 4318546.443, 95
Trd, 4318547.793, 96
Trd, 4318548.393, 95
Trd, 4318548.793, 104
Trd, 4318552.693, 95
Trd, 4318554.543, 94
Trd, 4318555.143, 95
Trd, 4318555.893, 94
Trd, 4318556.993, 95
Trd, 4318557.993, 122
Trd, 4318560.643, 98
Trd, 4318562.993, 98
Trd, 4318564.243, 99
Trd, 4318564.593, 99
Trd, 4318565.193, 99
Trd, 4318569.893, 98
Trd, 4318572.293, 99
Trd, 4318573.493, 98
Trd, 4318575.793, 98
Trd, 4318579.243, 97
Trd, 4318580.543, 98
Trd, 4318581.493, 97
Trd, 4318582.393, 98
Trd, 4318582.493, 98
Trd, 4318584.443, 97
Trd, 4318585.293, 96
Trd, 4318585.943, 96
Trd, 4318588.343, 96
Trd, 4318589.443, 96
Trd, 4318590.243, 94
Trd, 4318590.393, 96
Trd, 4318592.643, 94
Trd, 4318595.243, 94
Trd, 4318596.993, 94
Trd, 4318597.443, 93
Trd, 4318598.593, 95
Trd, 4318600.693, 93
Trd, 4318602.893, 92
Trd, 4318604.593, 93
Trd, 4318606.193, 92
Trd, 4318606.643, 92
Trd, 4318608.693, 92
Trd, 4318609.893, 92
Trd, 4318610.643, 92
Trd, 4318610.993, 95
Trd, 4318612.993, 94
Trd, 4318614.443, 94
Trd, 4318615.193, 99
Trd, 4318616.593, 94
Trd, 4318617.393, 95
Trd, 4318619.893, 95
Trd, 4318620.593, 94
Trd, 4318622.743, 96
Trd, 4318622.893, 96
Trd, 4318625.743, 96
Trd, 4318628.143, 94
Trd, 4318628.343, 94
Trd, 4318628.993, 95
Trd, 4318629.493, 93
Trd, 4318630.543, 90
Trd, 4318631.393, 91
Trd, 4318632.593, 90
Trd, 4318634.093, 88
Trd, 4318635.843, 88
Trd, 4318636.993, 92
Trd, 4318639.443, 94
Trd, 4318639.643, 93
Trd, 4318640.493, 95
Trd, 4318642.893, 100
Trd, 4318644.093, 99
Trd, 4318644.343, 99
Trd, 4318645.243, 99
Trd, 4318645.793, 97
Trd, 4318646.843, 104
Trd, 4318648.743, 99
Trd, 4318649.243, 99
Trd, 4318650.793, 99
Trd, 4318654.043, 99
Trd, 4318654.543, 99
Trd, 4318655.743, 99
Trd, 4318657.443, 99
Trd, 4318658.293, 99
Trd, 4318659.143, 103
Trd, 4318660.093, 101
Trd, 4318661.293, 99
Trd, 4318662.793, 100
Trd, 4318665.543, 99
Trd, 4318666.543, 99
Trd, 4318667.343, 99
Trd, 4318668.743, 98
Trd, 4318671.043, 97
Trd, 4318675.043, 98
Trd, 4318675.443, 99
Trd, 4318675.643, 98
Trd, 4318677.143, 97
Trd, 4318678.493, 97
Trd, 4318678.893, 97
Trd, 4318680.543, 97
Trd, 4318682.243, 96
Trd, 4318682.593, 96
Trd, 4318684.143, 97
Trd, 4318685.193, 97
Trd, 4318686.793, 96
Trd, 4318687.393, 97
Trd, 4318688.243, 97
Trd, 4318689.543, 95
Trd, 4318690.993, 96
Trd, 4318692.193, 95
Trd, 4318692.293, 94
Trd, 4318695.193, 94
Trd, 4318697.543, 95
Trd, 4318698.293, 95
Trd, 4318700.443, 95
Trd, 4318701.543, 94
Trd, 4318702.893, 93
Trd, 4318703.993, 94
Trd, 4318704.343, 96
Trd, 4318706.493, 95
Trd, 4318706.543, 96
Trd, 4318707.793, 96
Trd, 4318709.343, 96
Trd, 4318711.093, 95
Trd, 4318712.693, 96
Trd, 4318714.093, 95
Trd, 4318714.993, 96
Trd, 4318716.443, 96
Trd, 4318716.543, 96
Trd, 4318719.693, 95
Trd, 4318721.693, 95
Trd, 4318724.693, 96
Trd, 4318725.643, 96
Trd, 4318726.793, 96
Trd, 4318727.493, 96
Trd, 4318728.393, 104
Trd, 4318731.793, 95
Trd, 4318732.993, 95
Trd, 4318733.093, 95
Trd, 4318734.193, 96
Trd, 4318735.593, 99
Trd, 4318736.093, 97
Trd, 4318736.243, 98
Trd, 4318738.593, 98
Trd, 4318739.843, 98
Trd, 4318741.793, 96
Trd, 4318743.043, 96
Trd, 4318743.593, 97
Trd, 4318746.343, 96
Trd, 4318746.743, 97
Trd, 4318747.043, 98
Trd, 4318747.543, 97
Trd, 4318749.393, 97
Trd, 4318750.193, 97
Trd, 4318751.293, 97
Trd, 4318754.643, 103
Trd, 4318754.843, 103
Trd, 4318755.193, 102
Trd, 4318755.293, 102
Trd, 4318759.043, 101
Trd, 4318760.443, 100
Trd, 4318761.193, 100
Trd, 4318761.993, 99
Trd, 4318764.243, 100
Trd, 4318764.393, 100
Trd, 4318766.893, 100
Trd, 4318767.393, 100
Trd, 4318771.743, 99
Trd, 4318773.443, 99
Trd, 4318773.543, 98
Trd, 4318773.793, 98
Trd, 4318775.593, 98
Trd, 4318776.243, 98
Trd, 4318776.493, 99
Trd, 4318777.993, 97
Trd, 4318778.693, 98
Trd, 4318781.793, 98
Trd, 4318784.993, 98
Trd, 4318785.443, 98
Trd, 4318786.593, 95
Trd, 4318786.993, 95
Trd, 4318787.793, 94
Trd, 4318788.693, 93
Trd, 4318789.993, 93
Trd, 4318790.743, 93
Trd, 4318790.893, 93
Trd, 4318792.493, 95
Trd, 4318793.193, 96
Trd, 4318796.193, 100
Trd, 4318796.543, 100
Trd, 4318797.043, 104
Trd, 4318799.393, 97
Trd, 4318800.243, 96
Trd, 4318801.143, 95
Trd, 4318802.293, 96
Trd, 4318803.693, 94
Trd, 4318804.193, 94
Trd, 4318806.443, 92
Trd, 4318807.993, 92
Trd, 4318808.143, 92
Trd, 4318808.993, 93
Trd, 4318810.043, 92
Trd, 4318810.293, 95
Trd, 4318811.443, 94
Trd, 4318813.243, 93
Trd, 4318814.693, 94
Trd, 4318817.543, 94
Trd, 4318817.643, 94
Trd, 4318819.643, 94
Trd, 4318820.193, 93
Trd, 4318821.743, 95
Trd, 4318822.893, 95
Trd, 4318824.643, 95
Trd, 4318826.093, 95
Trd, 4318826.643, 93
Trd, 4318826.943, 92
Trd, 4318828.243, 93
Trd, 4318832.693, 92
Trd, 4318833.193, 93
Trd, 4318834.043, 93
Trd, 4318834.493, 94
Trd, 4318834.543, 93
Trd, 4318835.943, 93
Trd, 4318837.543, 95
Trd, 4318842.343, 93
Trd, 4318842.643, 92
Trd, 4318843.093, 92
Trd, 4318843.443, 93
Trd, 4318844.243, 94
Trd, 4318847.543, 95
Trd, 4318848.143, 95
Trd, 4318848.893, 100
Trd, 4318850.693, 99
Trd, 4318850.893, 104
Trd, 4318852.393, 98
Trd, 4318855.243, 97
Trd, 4318856.693, 97
Trd, 4318857.793, 98
Trd, 4318858.843, 97
Trd, 4318860.493, 98
Trd, 4318863.493, 98
Trd, 4318863.793, 98
Trd, 4318865.393, 98
Trd, 4318866.693, 98
Trd, 4318868.543, 96
Trd, 4318868.843, 96
Trd, 4318870.043, 96
Trd, 4318870.843, 96
Trd, 4318872.093, 96
Trd, 4318874.493, 96
Trd, 4318876.043, 96
Trd, 4318876.343, 94
Trd, 4318876.643, 95
Trd, 4318876.693, 95
Trd, 4318879.443, 94
Trd, 4318880.243, 95
Trd, 4318881.893, 95
Trd, 4318881.993, 95
Trd, 4318884.893, 96
Trd, 4318886.493, 96
Trd, 4318887.593, 97
Trd, 4318888.443, 95
Trd, 4318888.843, 94
Trd, 4318889.843, 95
Trd, 4318891.793, 92
Trd, 4318893.143, 91
Trd, 4318893.793, 90
Trd, 4318894.543, 93
Trd, 4318896.143, 94
Trd, 4318896.693, 93
Trd, 4318896.893, 122
Trd, 4318897.943, 101
Trd, 4318900.693, 101
Trd, 4318903.393, 100
Trd, 4318904.343, 101
Trd, 4318908.643, 100
Trd, 4318909.093, 99
Trd, 4318909.293, 100
Trd, 4318909.493, 99
Trd, 4318910.443, 99
Trd, 4318911.293, 100
Trd, 4318911.493, 100
Trd, 4318911.993, 99
Trd, 4318914.243, 99
Trd, 4318916.143, 96
Trd, 4318918.693, 97
Trd, 4318919.193, 97
Trd, 4318921.093, 99
Trd, 4318923.293, 98
Trd, 4318924.193, 97
Trd, 4318925.193, 98
Trd, 4318925.743, 97
Trd, 4318927.143, 98
Trd, 4318929.893, 98
Trd, 4318929.943, 98
Trd, 4318931.443, 98
Trd, 4318932.693, 99
Trd, 4318933.793, 99
Trd, 4318934.543, 98
Trd, 4318936.093, 97
Trd, 4318938.243, 98
Trd, 4318939.143, 99
Trd, 4318940.043, 98
Trd, 4318941.043, 98
Trd, 4318941.393, 98
Trd, 4318944.593, 97
Trd, 4318944.643, 98
Trd, 4318948.693, 98
Trd, 4318948.943, 97
Trd, 4318954.043, 97
Trd, 4318954.443, 98
Trd, 4318955.193, 98
Trd, 4318955.543, 97
Trd, 4318957.543, 97
Trd, 4318957.993, 96
Trd, 4318958.543, 96
Trd, 4318961.543, 96
Trd, 4318962.893, 96
Trd, 4318964.043, 95
Trd, 4318966.493, 96
Trd, 4318967.393, 95
Trd, 4318968.043, 94
Trd, 4318968.543, 94
Trd, 4318970.643, 103
Trd, 4318971.543, 102
Trd, 4318972.293, 97
Trd, 4318973.043, 104
Trd, 4318976.043, 98
Trd, 4318977.843, 98
Trd, 4318978.643, 98
Trd, 4318980.893, 97
Trd, 4318983.043, 96
Trd, 4318983.843, 95
Trd, 4318984.643, 95
Trd, 4318985.443, 94
Trd, 4318987.443, 93
Trd, 4318987.743, 93
Trd, 4318988.893, 94
Trd, 4318989.143, 95
Trd, 4318991.093, 95
Trd, 4318993.143, 95
Trd, 4318993.293, 95
Trd, 4318995.143, 99
Trd, 4318995.643, 98
Trd, 4318997.043, 98
Trd, 4318997.993, 97
Trd, 4318998.043, 99
Trd, 4319000.693, 98
Trd, 4319004.893, 98
Trd, 4319005.243, 99
Trd, 4319005.793, 99
Trd, 4319006.243, 99
Trd, 4319009.343, 98
Trd, 4319009.643, 98
Trd, 4319010.293, 99
Trd, 4319012.543, 97
Trd, 4319014.843, 98
Trd, 4319015.493, 97
Trd, 4319016.743, 97
Trd, 4319018.793, 95
Trd, 4319019.093, 97
Trd, 4319020.693, 96
Trd, 4319020.743, 96
Trd, 4319022.593, 96
Trd, 4319025.293, 97
Trd, 4319026.343, 97
Trd, 4319027.443, 96
Trd, 4319030.443, 96
Trd, 4319032.843, 96
Trd, 4319033.093, 96
Trd, 4319034.543, 95
Trd, 4319034.893, 96
Trd, 4319036.993, 95
Trd, 4319037.643, 96
Trd, 4319038.993, 95
Trd, 4319039.943, 94
Trd, 4319042.293, 95
Trd, 4319043.393, 94
Trd, 4319043.493, 94
Trd, 4319043.693, 104
Trd, 4319046.593, 96
Trd, 4319048.193, 95
Trd, 4319049.143, 95
Trd, 4319051.393, 95
Trd, 4319051.843, 94
Trd, 4319051.893, 95
Trd, 4319053.843, 96
Trd, 4319054.443, 94
Trd, 4319055.443, 95
Trd, 4319056.993, 95
Trd, 4319057.093, 94
Trd, 4319057.343, 95
Trd, 4319058.143, 104
Trd, 4319060.443, 98
Trd, 4319061.743, 98
Trd, 4319063.393, 96
Trd, 4319064.343, 98
Trd, 4319064.393, 97
Trd, 4319065.793, 96
Trd, 4319066.393, 97
Trd, 4319071.043, 97
Trd, 4319071.393, 97
Trd, 4319071.893, 97
Trd, 4319074.543, 96
Trd, 4319075.443, 97
Trd, 4319075.993, 97
Trd, 4319077.443, 97
Trd, 4319078.843, 97
Trd, 4319080.243, 96
Trd, 4319082.693, 96
Trd, 4319083.043, 97
Trd, 4319083.293, 104
Trd, 4319086.443, 96
Trd, 4319088.093, 98
Trd, 4319089.193, 97
Trd, 4319090.243, 97
Trd, 4319091.093, 97
Trd, 4319091.493, 97
Trd, 4319094.293, 100
Trd, 4319097.043, 97
Trd, 4319097.893, 97
Trd, 4319101.693, 96
Trd, 4319102.693, 97
Trd, 4319102.743, 97
Trd, 4319103.443, 97
Trd, 4319105.343, 97
Trd, 4319106.793, 97
Trd, 4319106.843, 96
Trd, 4319107.393, 97
Trd, 4319108.993, 97
Trd, 4319110.343, 97
Trd, 4319110.693, 97
Trd, 4319112.943, 95
Trd, 4319114.143, 94
Trd, 4319116.243, 94
Trd, 4319116.843, 95
Trd, 4319117.843, 95
Trd, 4319118.243, 104
Trd, 4319119.593, 97
Trd, 4319121.443, 94
Trd, 4319122.593, 92
Trd, 4319122.693, 92
Trd, 4319125.393, 93
Trd, 4319126.493, 95
Trd, 4319127.843, 93
Trd, 4319128.793, 94
Trd, 4319129.293, 94
Trd, 4319130.643, 95
Trd, 4319130.993, 95
Trd, 4319133.143, 95
Trd, 4319137.043, 96
Trd, 4319137.543, 96
Trd, 4319138.743, 97
Trd, 4319141.043, 98
Trd, 4319141.793, 96
Trd, 4319144.343, 95
Trd, 4319144.543, 95
Trd, 4319144.793, 96
Trd, 4319146.343, 96
Trd, 4319147.043, 104
Trd, 4319151.793, 97
Trd, 4319151.993, 96
Trd, 4319152.293, 97
Trd, 4319155.393, 97
Trd, 4319156.043, 98
Trd, 4319157.493, 97
Trd, 4319159.093, 98
Trd, 4319162.143, 98
Trd, 4319163.143, 97
Trd, 4319165.543, 98
Trd, 4319165.643, 98
Trd, 4319165.743, 97
Trd, 4319168.293, 98
Trd, 4319168.393, 104
Trd, 4319171.243, 99
Trd, 4319172.193, 99
Trd, 4319172.693, 99
Trd, 4319173.143, 99
Trd, 4319174.443, 98
Trd, 4319176.893, 99
Trd, 4319178.693, 99
Trd, 4319179.243, 100
Trd, 4319180.543, 104
Trd, 4319183.443, 98
Trd, 4319185.743, 99
Trd, 4319187.843, 98
Trd, 4319188.643, 99
Trd, 4319189.643, 99
Trd, 4319190.743, 99
Trd, 4319193.593, 99
Trd, 4319194.793, 99
Trd, 4319195.043, 99
Trd, 4319195.543, 99
Trd, 4319195.993, 99
Trd, 4319196.293, 98
Trd, 4319198.343, 95
Trd, 4319199.743, 95
Trd, 4319199.843, 95
Trd, 4319203.293, 94
Trd, 4319204.493, 94
Trd, 4319204.943, 94
Trd, 4319206.343, 93
Trd, 4319206.993, 94
Trd, 4319208.293, 93
Trd, 4319210.393, 93
Trd, 4319212.143, 94
Trd, 4319212.643, 94
Trd, 4319213.743, 94
Trd, 4319218.293, 95
Trd, 4319218.643, 95
Trd, 4319220.093, 94
Trd, 4319223.643, 94
Trd, 4319224.993, 93
Trd, 4319225.493, 94
Trd, 4319226.193, 93
Trd, 4319228.593, 98
Trd, 4319229.093, 96
Trd, 4319230.493, 95
Trd, 4319231.393, 94
Trd, 4319233.843, 96
Trd, 4319234.643, 95
Trd, 4319235.643, 102
Trd, 4319236.443, 97
Trd, 4319238.193, 98
Trd, 4319239.843, 98
Trd, 4319239.893, 103
Trd, 4319243.643, 97
Trd, 4319243.893, 98
Trd, 4319245.843, 97
Trd, 4319246.543, 96
Trd, 4319247.543, 104
Trd, 4319248.243, 97
Trd, 4319248.293, 97
Trd, 4319251.243, 98
Trd, 4319251.943, 97
Trd, 4319253.393, 97
Trd, 4319255.993, 96
Trd, 4319256.793, 96
Trd, 4319257.293, 96
Trd, 4319257.643, 96
Trd, 4319259.943, 96
Trd, 4319261.193, 94
Trd, 4319263.393, 95
Trd, 4319265.043, 93
Trd, 4319266.243, 94
Trd, 4319266.943, 93
Trd, 4319267.793, 93
Trd, 4319268.293, 92
Trd, 4319270.143, 92
Trd, 4319271.193, 91
Trd, 4319271.493, 91
Trd, 4319272.943, 104
Trd, 4319273.593, 95
Trd, 4319273.743, 95
Trd, 4319276.043, 95
Trd, 4319277.543, 95
Trd, 4319277.943, 104
Trd, 4319281.593, 97
Trd, 4319282.993, 96
Trd, 4319283.493, 94
Trd, 4319286.843, 95
Trd, 4319287.043, 95
Trd, 4319289.243, 95
Trd, 4319291.543, 95
Trd, 4319292.743, 94
Trd, 4319293.343, 93
Trd, 4319293.793, 94
Trd, 4319294.643, 95
Trd, 4319297.793, 95
Trd, 4319300.343, 94
Trd, 4319300.543, 93
Trd, 4319301.493, 93
Trd, 4319301.643, 95
Trd, 4319302.893, 93
Trd, 4319303.043, 104
Trd, 4319306.593, 96
Trd, 4319306.893, 95
Trd, 4319309.393, 96
Trd, 4319310.143, 97
Trd, 4319311.143, 96
Trd, 4319311.293, 101
Trd, 4319316.193, 95
Trd, 4319317.193, 95
Trd, 4319317.293, 95
Trd, 4319318.543, 94
Trd, 4319320.193, 94
Trd, 4319320.593, 93
Trd, 4319322.143, 93
Trd, 4319323.593, 93
Trd, 4319324.293, 92
Trd, 4319324.443, 95
Trd, 4319325.243, 93
Trd, 4319327.693, 93
Trd, 4319331.093, 92
Trd, 4319331.193, 93
Trd, 4319331.593, 95
Trd, 4319336.693, 94
Trd, 4319336.943, 94
Trd, 4319337.393, 94
Trd, 4319338.043, 94
Trd, 4319338.443, 94
Trd, 4319340.693, 95
Trd, 4319341.543, 95
Trd, 4319342.243, 95
Trd, 4319344.093, 95
Trd, 4319344.693, 95
Trd, 4319346.593, 95
Trd, 4319346.693, 94
Trd, 4319351.393, 93
Trd, 4319352.293, 93
Trd, 4319352.843, 93
Trd, 4319354.743, 93
Trd, 4319355.443, 94
Trd, 4319357.643, 93
Trd, 4319357.893, 94
Trd, 4319359.343, 94
Trd, 4319361.543, 94
Trd, 4319361.793, 94
Trd, 4319365.393, 95
Trd, 4319365.443, 95
Trd, 4319366.993, 95
Trd, 4319367.243, 104
Trd, 4319367.593, 98
Trd, 4319370.193, 99
Trd, 4319370.293, 98
Trd, 4319371.293, 97
Trd, 4319372.293, 97
Trd, 4319373.343, 97
Trd, 4319374.243, 97
Trd, 4319375.293, 97
Trd, 4319375.743, 96
Trd, 4319379.443, 97
Trd, 4319381.493, 95
Trd, 4319381.993, 96
Trd, 4319382.493, 97
Trd, 4319384.293, 97
Trd, 4319384.493, 97
Trd, 4319385.843, 97
Trd, 4319385.893, 104
Trd, 4319388.293, 97
Trd, 4319388.343, 96
Trd, 4319390.493, 99
Trd, 4319390.943, 100
Trd, 4319393.093, 100
Trd, 4319395.643, 101
Trd, 4319396.993, 104
Trd, 4319397.093, 101
Trd, 4319397.693, 100
Trd, 4319400.893, 100
Trd, 4319401.243, 101
Trd, 4319403.193, 101
Trd, 4319403.843, 100
Trd, 4319404.393, 101
Trd, 4319405.143, 100
Trd, 4319406.643, 100
Trd, 4319407.343, 98
Trd, 4319409.543, 99
Trd, 4319411.143, 99
Trd, 4319411.693, 99
Trd, 4319412.543, 99
Trd, 4319413.693, 97
Trd, 4319414.893, 98
Trd, 4319416.593, 98
Trd, 4319417.143, 98
Trd, 4319418.693, 97
Trd, 4319420.293, 98
Trd, 4319421.293, 98
Trd, 4319423.543, 97
Trd, 4319425.793, 98
Trd, 4319426.943, 98
Trd, 4319427.843, 98
Trd, 4319428.043, 98
Trd, 4319430.093, 97
Trd, 4319430.293, 98
Trd, 4319432.743, 97
Trd, 4319432.893, 96
Trd, 4319433.493, 95
Trd, 4319436.743, 96
Trd, 4319437.093, 96
Trd, 4319439.393, 96
Trd, 4319439.493, 95
Trd, 4319440.543, 96
Trd, 4319442.243, 96
Trd, 4319442.793, 96
Trd, 4319443.393, 96
Trd, 4319444.343, 95
Trd, 4319445.843, 96
Trd, 4319447.493, 99
Trd, 4319448.793, 98
Trd, 4319448.843, 101
Trd, 4319451.493, 98
Trd, 4319451.943, 97
Trd, 4319452.693, 98
Trd, 4319456.093, 97
Trd, 4319456.493, 98
Trd, 4319457.343, 97
Trd, 4319459.393, 98
Trd, 4319460.493, 98
Trd, 4319463.943, 98
Trd, 4319464.343, 97
Trd, 4319467.993, 96
Trd, 4319471.393, 97
Trd, 4319472.843, 97
Trd, 4319474.243, 97
Trd, 4319475.193, 97
Trd, 4319476.943, 97
Trd, 4319477.643, 96
Trd, 4319480.193, 97
Trd, 4319480.643, 97
Trd, 4319481.643, 97
Trd, 4319482.193, 97
Trd, 4319484.443, 97
Trd, 4319485.243, 97
Trd, 4319486.193, 97
Trd, 4319487.493, 104
Trd, 4319488.793, 96
Trd, 4319489.793, 97
Trd, 4319493.543, 97
Trd, 4319497.393, 97
Trd, 4319498.143, 97
Trd, 4319499.693, 97
Trd, 4319500.493, 97
Trd, 4319503.343, 96
Trd, 4319503.993, 95
Trd, 4319506.343, 95
Trd, 4319507.193, 95
Trd, 4319507.243, 96
Trd, 4319509.693, 94
Trd, 4319511.443, 94
Trd, 4319512.943, 96
Trd, 4319513.843, 96
Trd, 4319514.243, 96
Trd, 4319516.043, 96
Trd, 4319518.293, 97
Trd, 4319520.443, 113
Trd, 4319520.943, 102
Trd, 4319521.243, 99
Trd, 4319522.293, 101
Trd, 4319523.093, 103
Trd, 4319523.193, 122
Trd, 4319530.193, 105
Trd, 4319531.193, 106
Trd, 4319532.493, 105
Trd, 4319534.143, 104
Trd, 4319534.293, 103
Trd, 4319535.893, 104
Trd, 4319537.193, 103
Trd, 4319538.043, 103
Trd, 4319538.843, 102
Trd, 4319543.093, 100
Trd, 4319545.993, 98
Trd, 4319546.343, 98
Trd, 4319546.493, 98
Trd, 4319548.443, 97
Trd, 4319550.493, 98
Trd, 4319550.943, 98
Trd, 4319551.593, 98
Trd, 4319553.293, 97
Trd, 4319553.693, 99
Trd, 4319556.843, 97
Trd, 4319558.443, 98
Trd, 4319559.293, 97
Trd, 4319559.793, 97
Trd, 4319559.893, 96
Trd, 4319560.143, 98
Trd, 4319564.593, 96
Trd, 4319564.943, 97
Trd, 4319567.493, 97
Trd, 4319568.193, 96
Trd, 4319569.943, 94
Trd, 4319570.493, 96
Trd, 4319570.543, 95
Trd, 4319572.093, 94
Trd, 4319573.143, 94
Trd, 4319575.793, 94
Trd, 4319576.243, 93
Trd, 4319577.743, 93
Trd, 4319578.243, 94
Trd, 4319581.343, 94
Trd, 4319581.493, 94
Trd, 4319582.543, 95
Trd, 4319583.543, 94
Trd, 4319585.193, 95
Trd, 4319585.693, 95
Trd, 4319586.093, 96
Trd, 4319586.193, 95
Trd, 4319588.993, 95
Trd, 4319589.843, 98
Trd, 4319590.593, 99
Trd, 4319591.993, 101
Trd, 4319592.593, 100
Trd, 4319593.643, 104
Trd, 4319595.243, 99
Trd, 4319596.893, 101
Trd, 4319597.243, 101
Trd, 4319599.943, 101
Trd, 4319601.243, 101
Trd, 4319601.493, 101
Trd, 4319602.143, 101
Trd, 4319604.493, 98
Trd, 4319607.193, 97
Trd, 4319608.993, 96
Trd, 4319609.293, 97
Trd, 4319610.443, 96
Trd, 4319612.243, 95
Trd, 4319614.993, 95
Trd, 4319615.743, 95
Trd, 4319616.393, 95
Trd, 4319616.943, 95
Trd, 4319618.643, 95
Trd, 4319620.143, 95
Trd, 4319620.693, 104
Trd, 4319624.443, 96
Trd, 4319624.493, 96
Trd, 4319625.543, 96
Trd, 4319625.743, 96
Trd, 4319625.893, 96
Trd, 4319630.743, 95
Trd, 4319633.443, 96
Trd, 4319634.793, 95
Trd, 4319636.493, 95
Trd, 4319637.693, 94
Trd, 4319639.843, 93
Trd, 4319640.743, 92
Trd, 4319640.943, 93
Trd, 4319641.393, 92
Trd, 4319645.643, 91
Trd, 4319648.043, 91
Trd, 4319648.843, 91
Trd, 4319649.393, 90
Trd, 4319652.743, 91
Trd, 4319653.543, 91
Trd, 4319654.143, 89
Trd, 4319654.543, 89
Trd, 4319655.743, 88
Trd, 4319657.293, 88
Trd, 4319657.743, 87
Trd, 4319658.843, 88
Trd, 4319662.743, 88
Trd, 4319664.093, 87
Trd, 4319665.693, 87
Trd, 4319667.043, 87
Trd, 4319667.893, 87
Trd, 4319668.643, 95
Trd, 4319671.643, 88
Trd, 4319671.743, 87
Trd, 4319674.143, 88
Trd, 4319674.893, 88
Trd, 4319677.443, 89
Trd, 4319677.493, 89
Trd, 4319677.543, 94
Trd, 4319679.143, 91
Trd, 4319680.893, 91
Trd, 4319682.343, 90
Trd, 4319682.593, 91
Trd, 4319683.343, 92
Trd, 4319685.593, 95
Trd, 4319687.093, 96
Trd, 4319688.393, 98
Trd, 4319689.143, 104
Trd, 4319691.193, 97
Trd, 4319691.843, 96
Trd, 4319694.093, 98
Trd, 4319694.143, 98
Trd, 4319694.593, 98
Trd, 4319695.993, 101
Trd, 4319697.643, 98
Trd, 4319699.393, 98
Trd, 4319699.893, 97
Trd, 4319701.693, 96
Trd, 4319705.443, 97
Trd, 4319707.843, 97
Trd, 4319708.693, 96
Trd, 4319710.093, 97
Trd, 4319711.943, 97
Trd, 4319713.793, 97
Trd, 4319714.193, 96
Trd, 4319714.493, 97
Trd, 4319715.343, 103
Trd, 4319717.743, 96
Trd, 4319718.843, 95
Trd, 4319721.493, 95
Trd, 4319722.193, 95
Trd, 4319722.593, 95
Trd, 4319723.443, 94
Trd, 4319723.643, 95
Trd, 4319724.393, 95
Trd, 4319728.743, 103
Trd, 4319728.893, 104
Trd, 4319729.143, 102
Trd, 4319729.693, 99
Trd, 4319731.193, 98
Trd, 4319732.193, 98
Trd, 4319734.743, 100
Trd, 4319735.743, 102
Trd, 4319736.893, 102
Trd, 4319738.493, 101
Trd, 4319738.593, 101
Trd, 4319742.293, 101
Trd, 4319743.443, 100
Trd, 4319747.843, 101
Trd, 4319749.843, 100
Trd, 4319750.193, 100
Trd, 4319750.543, 100
Trd, 4319750.993, 100
Trd, 4319753.593, 100
Trd, 4319753.643, 100
Trd, 4319754.443, 101
Trd, 4319755.943, 106
Trd, 4319757.093, 103
Trd, 4319759.093, 101
Trd, 4319760.493, 103
Trd, 4319760.943, 104
Trd, 4319761.793, 103
Trd, 4319763.693, 106
Trd, 4319763.993, 105
Trd, 4319764.443, 122
Trd, 4319767.593, 105
Trd, 4319769.193, 106
Trd, 4319770.943, 105
Trd, 4319771.543, 104
Trd, 4319773.643, 104
Trd, 4319774.793, 104
Trd, 4319775.343, 104
Trd, 4319777.143, 104
Trd, 4319777.343, 104
Trd, 4319780.143, 104
Trd, 4319780.743, 103
Trd, 4319780.943, 104
Trd, 4319781.193, 103
Trd, 4319782.843, 104
Trd, 4319785.043, 102
Trd, 4319786.543, 101
Trd, 4319786.793, 102
Trd, 4319788.843, 100
Trd, 4319790.193, 101
Trd, 4319792.393, 100
Trd, 4319793.493, 100
Trd, 4319796.943, 100
Trd, 4319797.693, 100
Trd, 4319798.543, 104
Trd, 4319799.343, 100
Trd, 4319800.193, 101
Trd, 4319800.843, 100
Trd, 4319802.993, 96
Trd, 4319805.043, 96
Trd, 4319805.843, 96
Trd, 4319806.193, 95
Trd, 4319807.193, 96
Trd, 4319810.493, 96
Trd, 4319810.993, 95
Trd, 4319812.443, 96
Trd, 4319813.093, 96
Trd, 4319814.943, 96
Trd, 4319815.393, 96
Trd, 4319816.843, 97
Trd, 4319817.493, 96
Trd, 4319820.793, 97
Trd, 4319821.143, 97
Trd, 4319823.543, 95
Trd, 4319825.243, 96
Trd, 4319827.143, 95
Trd, 4319828.043, 96
Trd, 4319829.093, 95
Trd, 4319831.443, 94
Trd, 4319832.643, 95
Trd, 4319833.193, 95
Trd, 4319834.243, 95
Trd, 4319836.043, 95
Trd, 4319837.143, 94
Trd, 4319838.643, 95
Trd, 4319839.643, 95
Trd, 4319839.893, 94
Trd, 4319842.143, 95
Trd, 4319845.493, 95
Trd, 4319846.693, 95
Trd, 4319847.293, 95
Trd, 4319848.093, 95
Trd, 4319849.393, 94
Trd, 4319851.643, 92
Trd, 4319851.943, 92
Trd, 4319852.743, 91
Trd, 4319854.343, 93
Trd, 4319854.693, 92
Trd, 4319857.243, 95
Trd, 4319857.593, 96
Trd, 4319858.243, 96
Trd, 4319858.693, 96
Trd, 4319859.593, 95
Trd, 4319862.643, 102
Trd, 4319864.293, 96
Trd, 4319864.593, 95
Trd, 4319867.843, 98
Trd, 4319867.993, 98
Trd, 4319869.043, 98
Trd, 4319871.243, 101
Trd, 4319871.843, 104
Trd, 4319872.093, 99
Trd, 4319872.643, 99
Trd, 4319877.293, 99
Trd, 4319878.493, 99
Trd, 4319879.043, 98
Trd, 4319880.343, 99
Trd, 4319884.393, 99
Trd, 4319884.793, 98
Trd, 4319885.843, 99
Trd, 4319885.893, 99
Trd, 4319887.893, 99
Trd, 4319888.193, 101
Trd, 4319889.393, 103
Trd, 4319891.543, 101
Trd, 4319892.543, 101
Trd, 4319892.943, 102
Trd, 4319893.793, 101
Trd, 4319894.893, 104
Trd, 4319898.193, 101
Trd, 4319900.893, 99
Trd, 4319903.093, 100
Trd, 4319903.143, 100
Trd, 4319903.343, 99
Trd, 4319904.343, 98
Trd, 4319907.143, 98
Trd, 4319907.593, 97
Trd, 4319909.193, 96
Trd, 4319910.493, 97
Trd, 4319913.393, 97
Trd, 4319914.093, 97
Trd, 4319915.293, 97
Trd, 4319917.193, 96
Trd, 4319919.393, 97
Trd, 4319920.243, 97
Trd, 4319920.543, 97
Trd, 4319921.143, 97
Trd, 4319923.843, 103
Trd, 4319924.443, 101
Trd, 4319924.693, 101
Trd, 4319924.843, 101
Trd, 4319928.443, 100
Trd, 4319929.043, 99
Trd, 4319931.993, 99
Trd, 4319932.543, 99
Trd, 4319932.793, 98
Trd, 4319932.893, 99
Trd, 4319934.693, 99
Trd, 4319935.193, 99
Trd, 4319936.393, 97
Trd, 4319937.343, 98
Trd, 4319937.993, 99
Trd, 4319938.393, 104
Trd, 4319941.843, 99
Trd, 4319943.343, 99
Trd, 4319943.593, 98
Trd, 4319943.993, 99
Trd, 4319946.543, 100
Trd, 4319947.593, 100
Trd, 4319949.443, 99
Trd, 4319951.193, 100
Trd, 4319952.743, 99
Trd, 4319953.393, 100
Trd, 4319958.893, 99
Trd, 4319959.743, 100
Trd, 4319960.193, 100
Trd, 4319960.593, 100
Trd, 4319963.893, 99
Trd, 4319966.243, 97
Trd, 4319966.293, 98
Trd, 4319967.193, 96
Trd, 4319968.643, 97
Trd, 4319969.093, 97
Trd, 4319971.143, 96
Trd, 4319976.543, 97
Trd, 4319976.593, 98
Trd, 4319976.743, 97
Trd, 4319978.293, 97
Trd, 4319978.443, 97
Trd, 4319980.993, 96
Trd, 4319984.443, 97
Trd, 4319984.593, 96
Trd, 4319985.343, 97
Trd, 4319987.243, 97
Trd, 4319988.143, 96
Trd, 4319991.593, 97
Trd, 4319991.843, 97
Trd, 4319992.093, 97
Trd, 4319992.293, 104
Trd, 4319996.693, 93
Trd, 4319997.293, 93
Trd, 4319999.393, 89
Trd, 4319999.793, 89
Trd, 4319999.843, 88
