Trd, 4317877.193, 94
Trd, 4317878.443, 97
Trd, 4317879.493, 95
Trd, 4317881.793, 97
Trd, 4317883.043, 95
Trd, 4317885.993, 96
Trd, 4317886.493, 96
Trd, 4317888.343, 95
Trd, 4317888.543, 95
Trd, 4317889.443, 95
Trd, 4317889.593, 104
Trd, 4317892.443, 95
Trd, 4317892.493, 97
Trd, 4317894.343, 94
Trd, 4317895.643, 95
Trd, 4317895.893, 94
Trd, 4317895.943, 95
Trd, 4317897.493, 95
Trd, 4317898.893, 95
Trd, 4317900.143, 102
Trd, 4317902.843, 96
Trd, 4317903.793, 97
Trd, 4317905.943, 96
Trd, 4317906.943, 97
Trd, 4317907.093, 98
Trd, 4317908.043, 95
Trd, 4317908.393, 97
Trd, 4317911.243, 97
Trd, 4317911.293, 96
Trd, 4317912.193, 96
Trd, 4317913.893, 97
Trd, 4317917.693, 95
Trd, 4317917.843, 94
Trd, 4317919.243, 95
Trd, 4317919.643, 94
Trd, 4317919.843, 95
Trd, 4317921.943, 96
Trd, 4317923.043, 97
Trd, 4317923.693, 96
Trd, 4317924.593, 96
Trd, 4317926.293, 96
Trd, 4317927.993, 97
Trd, 4317929.693, 96
Trd, 4317930.193, 95
Trd, 4317930.493, 95
Trd, 4317930.843, 104
Trd, 4317933.443, 88
Trd, 4317933.793, 92
Trd, 4317934.393, 90
Trd, 4317937.143, 90
Trd, 4317937.743, 90
Trd, 4317938.093, 91
Trd, 4317939.393, 93
Trd, 4317941.693, 96
Trd, 4317942.293, 95
Trd, 4317943.143, 94
Trd, 4317944.993, 95
Trd, 4317945.693, 94
Trd, 4317945.993, 95
Trd, 4317947.493, 92
Trd, 4317948.043, 95
Trd, 4317950.743, 94
Trd, 4317951.643, 95
Trd, 4317954.193, 98
Trd, 4317954.593, 98
Trd, 4317954.643, 98
Trd, 4317955.293, 88
Trd, 4317958.293, 97
Trd, 4317958.843, 98
Trd, 4317959.543, 95
Trd, 4317961.993, 96
Trd, 4317964.343, 95
Trd, 4317966.493, 97
Trd, 4317967.543, 97
Trd, 4317967.893, 96
Trd, 4317968.643, 97
Trd, 4317968.693, 96
Trd, 4317970.643, 97
Trd, 4317973.393, 96
Trd, 4317973.843, 96
Trd, 4317976.443, 97
Trd, 4317976.993, 97
Trd, 4317977.743, 97
Trd, 4317979.293, 96
Trd, 4317980.393, 103
Trd, 4317982.693, 96
Trd, 4317985.193, 95
Trd, 4317986.543, 97
Trd, 4317986.693, 95
Trd, 4317987.643, 96
Trd, 4317989.393, 96
Trd, 4317990.193, 95
Trd, 4317992.443, 96
Trd, 4317993.843, 97
Trd, 4317994.893, 104
Trd, 4317996.043, 98
Trd, 4317996.093, 98
Trd, 4317997.293, 100
Trd, 4317998.693, 98
Trd, 4317999.393, 97
Trd, 4318001.243, 97
Trd, 4318003.393, 97
Trd, 4318003.443, 96
Trd, 4318004.443, 97
Trd, 4318006.943, 98
Trd, 4318008.043, 96
Trd, 4318008.443, 95
Trd, 4318009.043, 95
Trd, 4318011.193, 97
Trd, 4318012.193, 96
Trd, 4318012.943, 95
Trd, 4318014.443, 96
Trd, 4318014.593, 114
Trd, 4318017.993, 96
Trd, 4318018.843, 98
Trd, 4318022.193, 97
Trd, 4318022.293, 96
Trd, 4318024.193, 96
Trd, 4318024.843, 97
Trd, 4318025.343, 97
Trd, 4318027.093, 96
Trd, 4318027.893, 103
Trd, 4318032.743, 97
Trd, 4318034.143, 96
Trd, 4318034.393, 97
Trd, 4318037.293, 96
Trd, 4318038.143, 97
Trd, 4318039.293, 95
Trd, 4318040.893, 96
Trd, 4318041.793, 95
Trd, 4318042.143, 104
Trd, 4318043.693, 95
Trd, 4318044.643, 96
Trd, 4318045.043, 94
Trd, 4318045.943, 95
Trd, 4318047.143, 95
Trd, 4318048.193, 105
Trd, 4318050.143, 95
Trd, 4318050.693, 95
Trd, 4318054.443, 95
Trd, 4318056.393, 98
Trd, 4318059.093, 95
Trd, 4318059.693, 96
Trd, 4318060.343, 98
Trd, 4318061.193, 100
Trd, 4318061.293, 100
Trd, 4318061.843, 105
Trd, 4318062.293, 100
Trd, 4318063.693, 111
Trd, 4318063.943, 115
Trd, 4318065.293, 105
Trd, 4318066.443, 102
Trd, 4318067.743, 102
Trd, 4318069.143, 101
Trd, 4318070.243, 100
Trd, 4318071.043, 100
Trd, 4318072.393, 98
Trd, 4318073.493, 85
Trd, 4318074.043, 100
Trd, 4318075.693, 91
Trd, 4318077.293, 88
Trd, 4318077.843, 88
Trd, 4318078.193, 104
Trd, 4318079.643, 103
Trd, 4318080.743, 104
Trd, 4318080.993, 102
Trd, 4318081.393, 101
Trd, 4318084.293, 101
Trd, 4318085.343, 101
Trd, 4318085.893, 101
Trd, 4318086.343, 104
Trd, 4318086.543, 101
Trd, 4318090.793, 100
Trd, 4318093.793, 98
Trd, 4318093.843, 100
Trd, 4318095.243, 98
Trd, 4318096.593, 96
Trd, 4318097.843, 99
Trd, 4318098.743, 95
Trd, 4318100.093, 99
Trd, 4318103.843, 97
Trd, 4318105.293, 97
Trd, 4318106.743, 97
Trd, 4318107.243, 96
Trd, 4318109.143, 96
Trd, 4318109.593, 95
Trd, 4318111.593, 94
Trd, 4318112.993, 95
Trd, 4318113.943, 95
Trd, 4318114.993, 94
Trd, 4318115.793, 92
Trd, 4318116.543, 95
Trd, 4318117.393, 93
Trd, 4318119.893, 96
Trd, 4318121.393, 97
Trd, 4318122.893, 99
Trd, 4318124.943, 103
Trd, 4318125.443, 97
Trd, 4318126.293, 98
Trd, 4318126.743, 99
Trd, 4318130.793, 96
Trd, 4318131.243, 97
Trd, 4318132.843, 97
Trd, 4318133.043, 99
Trd, 4318135.493, 95
Trd, 4318136.793, 95
Trd, 4318136.843, 114
Trd, 4318138.593, 99
Trd, 4318141.043, 99
Trd, 4318142.343, 98
Trd, 4318142.393, 96
Trd, 4318144.093, 99
Trd, 4318146.793, 97
Trd, 4318147.143, 95
Trd, 4318147.993, 97
Trd, 4318150.043, 95
Trd, 4318150.143, 94
Trd, 4318151.993, 95
Trd, 4318153.443, 96
Trd, 4318153.993, 95
Trd, 4318156.793, 96
Trd, 4318158.293, 95
Trd, 4318159.343, 96
Trd, 4318159.793, 95
Trd, 4318160.543, 95
Trd, 4318161.143, 96
Trd, 4318161.443, 95
Trd, 4318162.693, 93
Trd, 4318164.093, 93
Trd, 4318165.143, 95
Trd, 4318166.493, 104
Trd, 4318167.593, 99
Trd, 4318168.243, 98
Trd, 4318168.793, 97
Trd, 4318171.043, 97
Trd, 4318172.093, 97
Trd, 4318172.693, 95
Trd, 4318174.593, 105
Trd, 4318177.343, 96
Trd, 4318179.393, 94
Trd, 4318180.193, 96
Trd, 4318180.993, 94
Trd, 4318182.343, 94
Trd, 4318182.393, 92
Trd, 4318184.143, 92
Trd, 4318186.393, 93
Trd, 4318187.943, 93
Trd, 4318188.593, 94
Trd, 4318188.843, 92
Trd, 4318193.493, 91
Trd, 4318194.443, 93
Trd, 4318195.793, 93
Trd, 4318196.393, 93
Trd, 4318197.093, 99
Trd, 4318197.943, 95
Trd, 4318199.143, 104
Trd, 4318201.543, 97
Trd, 4318202.493, 98
Trd, 4318203.643, 95
Trd, 4318205.643, 97
Trd, 4318206.493, 93
Trd, 4318209.043, 92
Trd, 4318210.043, 93
Trd, 4318211.543, 92
Trd, 4318212.343, 92
Trd, 4318215.393, 94
Trd, 4318216.243, 95
Trd, 4318217.843, 94
Trd, 4318219.293, 95
Trd, 4318220.043, 95
Trd, 4318221.343, 96
Trd, 4318222.493, 96
Trd, 4318224.793, 95
Trd, 4318226.243, 102
Trd, 4318226.293, 101
Trd, 4318226.643, 96
Trd, 4318227.043, 104
Trd, 4318229.443, 98
Trd, 4318230.043, 98
Trd, 4318230.143, 97
Trd, 4318232.493, 100
Trd, 4318233.293, 96
Trd, 4318235.693, 97
Trd, 4318236.443, 96
Trd, 4318237.193, 95
Trd, 4318239.693, 96
Trd, 4318240.643, 95
Trd, 4318244.643, 95
Trd, 4318245.543, 95
Trd, 4318245.843, 96
Trd, 4318248.743, 95
Trd, 4318249.193, 95
Trd, 4318250.293, 94
Trd, 4318251.343, 95
Trd, 4318253.593, 94
Trd, 4318254.593, 92
Trd, 4318254.693, 95
Trd, 4318255.543, 93
Trd, 4318257.543, 92
Trd, 4318258.093, 93
Trd, 4318260.093, 94
Trd, 4318260.443, 94
Trd, 4318262.043, 94
Trd, 4318262.243, 93
Trd, 4318262.693, 95
Trd, 4318265.193, 95
Trd, 4318266.693, 96
Trd, 4318267.843, 96
Trd, 4318267.993, 95
Trd, 4318268.643, 95
Trd, 4318269.793, 93
Trd, 4318270.993, 95
Trd, 4318271.343, 96
Trd, 4318273.193, 95
Trd, 4318273.943, 96
Trd, 4318275.093, 97
Trd, 4318275.893, 99
Trd, 4318276.693, 101
Trd, 4318279.293, 100
Trd, 4318279.693, 98
Trd, 4318281.293, 96
Trd, 4318282.643, 96
Trd, 4318283.993, 95
Trd, 4318284.493, 95
Trd, 4318284.593, 94
Trd, 4318288.643, 101
Trd, 4318290.243, 102
Trd, 4318291.493, 101
Trd, 4318291.593, 101
Trd, 4318291.893, 100
Trd, 4318292.843, 85
Trd, 4318292.993, 104
Trd, 4318294.293, 102
Trd, 4318294.843, 122
Trd, 4318296.593, 95
Trd, 4318297.943, 94
Trd, 4318298.143, 83
Trd, 4318300.143, 91
Trd, 4318301.243, 90
Trd, 4318301.343, 104
Trd, 4318303.193, 108
Trd, 4318303.293, 104
Trd, 4318304.493, 75
Trd, 4318306.643, 96
Trd, 4318308.343, 96
Trd, 4318308.743, 95
Trd, 4318309.243, 94
Trd, 4318311.293, 94
Trd, 4318311.543, 93
Trd, 4318311.743, 94
Trd, 4318312.793, 106
Trd, 4318314.543, 93
Trd, 4318315.443, 91
Trd, 4318316.143, 91
Trd, 4318319.893, 92
Trd, 4318319.943, 90
Trd, 4318320.993, 92
Trd, 4318324.093, 95
Trd, 4318324.893, 94
Trd, 4318326.243, 99
Trd, 4318326.543, 98
Trd, 4318328.143, 97
Trd, 4318328.743, 97
Trd, 4318328.943, 97
Trd, 4318329.593, 100
Trd, 4318332.643, 99
Trd, 4318333.543, 99
Trd, 4318334.293, 100
Trd, 4318335.443, 95
Trd, 4318337.643, 97
Trd, 4318338.593, 98
Trd, 4318339.143, 97
Trd, 4318342.093, 97
Trd, 4318344.393, 96
Trd, 4318346.743, 97
Trd, 4318346.993, 96
Trd, 4318347.293, 95
Trd, 4318348.543, 97
Trd, 4318349.893, 97
Trd, 4318352.043, 95
Trd, 4318355.093, 95
Trd, 4318356.643, 96
Trd, 4318356.843, 95
Trd, 4318357.093, 96
Trd, 4318358.293, 96
Trd, 4318358.943, 104
Trd, 4318361.643, 95
Trd, 4318361.743, 96
Trd, 4318362.143, 95
Trd, 4318365.243, 95
Trd, 4318365.443, 94
Trd, 4318365.793, 96
Trd, 4318367.043, 95
Trd, 4318369.543, 96
Trd, 4318370.593, 95
Trd, 4318372.643, 96
Trd, 4318375.793, 95
Trd, 4318376.093, 96
Trd, 4318376.193, 96
Trd, 4318376.993, 95
Trd, 4318377.693, 96
Trd, 4318378.943, 95
Trd, 4318379.343, 94
Trd, 4318381.293, 96
Trd, 4318381.743, 96
Trd, 4318382.043, 117
Trd, 4318383.643, 96
Trd, 4318386.093, 95
Trd, 4318388.943, 97
Trd, 4318389.993, 97
Trd, 4318390.043, 98
Trd, 4318391.143, 99
Trd, 4318392.443, 100
Trd, 4318393.193, 113
Trd, 4318394.643, 104
Trd, 4318396.793, 102
Trd, 4318398.143, 102
Trd, 4318398.293, 95
Trd, 4318400.793, 97
Trd, 4318402.943, 96
Trd, 4318403.143, 95
Trd, 4318403.793, 95
Trd, 4318404.543, 94
Trd, 4318405.443, 94
Trd, 4318406.743, 95
Trd, 4318406.993, 94
Trd, 4318407.843, 105
Trd, 4318412.143, 94
Trd, 4318413.143, 93
Trd, 4318413.793, 94
Trd, 4318414.343, 94
Trd, 4318415.043, 93
Trd, 4318416.843, 94
Trd, 4318417.293, 93
Trd, 4318419.943, 95
Trd, 4318420.493, 93
Trd, 4318421.593, 95
Trd, 4318422.593, 94
Trd, 4318424.093, 95
Trd, 4318425.843, 94
Trd, 4318426.443, 95
Trd, 4318430.143, 98
Trd, 4318430.393, 104
Trd, 4318430.593, 98
Trd, 4318431.293, 98
Trd, 4318433.043, 98
Trd, 4318434.743, 97
Trd, 4318435.643, 96
Trd, 4318436.243, 95
Trd, 4318438.293, 92
Trd, 4318439.193, 94
Trd, 4318440.343, 94
Trd, 4318441.293, 95
Trd, 4318443.943, 99
Trd, 4318444.193, 99
Trd, 4318444.443, 103
Trd, 4318444.693, 99
Trd, 4318445.343, 104
Trd, 4318447.443, 85
Trd, 4318448.543, 94
Trd, 4318448.893, 94
Trd, 4318450.943, 94
Trd, 4318451.893, 97
Trd, 4318453.793, 96
Trd, 4318454.543, 95
Trd, 4318456.493, 96
Trd, 4318459.593, 95
Trd, 4318459.893, 96
Trd, 4318460.543, 95
Trd, 4318461.693, 96
Trd, 4318462.443, 95
Trd, 4318465.893, 95
Trd, 4318469.193, 96
Trd, 4318469.643, 95
Trd, 4318470.093, 95
Trd, 4318470.893, 96
Trd, 4318470.943, 95
Trd, 4318473.493, 109
Trd, 4318473.543, 100
Trd, 4318474.443, 118
Trd, 4318475.243, 104
Trd, 4318475.293, 99
Trd, 4318476.493, 102
Trd, 4318477.143, 108
Trd, 4318480.043, 102
Trd, 4318481.243, 101
Trd, 4318481.493, 101
Trd, 4318482.443, 101
Trd, 4318485.893, 100
Trd, 4318486.943, 100
Trd, 4318488.043, 98
Trd, 4318489.593, 99
Trd, 4318489.993, 98
Trd, 4318491.443, 99
Trd, 4318492.743, 98
Trd, 4318493.493, 97
Trd, 4318495.843, 96
Trd, 4318496.043, 96
Trd, 4318496.143, 95
Trd, 4318497.293, 96
Trd, 4318498.843, 104
Trd, 4318499.443, 95
Trd, 4318500.543, 96
Trd, 4318504.143, 95
Trd, 4318504.693, 94
Trd, 4318506.043, 96
Trd, 4318507.543, 96
Trd, 4318507.943, 96
Trd, 4318508.443, 95
Trd, 4318509.443, 95
Trd, 4318510.693, 94
Trd, 4318511.093, 105
Trd, 4318514.543, 96
Trd, 4318515.243, 96
Trd, 4318516.043, 95
Trd, 4318516.143, 94
Trd, 4318517.793, 96
Trd, 4318520.343, 95
Trd, 4318520.543, 95
Trd, 4318521.293, 96
Trd, 4318522.343, 94
Trd, 4318525.743, 96
Trd, 4318526.843, 96
Trd, 4318527.643, 94
Trd, 4318527.843, 94
Trd, 4318529.293, 93
Trd, 4318531.343, 95
Trd, 4318532.243, 94
Trd, 4318532.743, 94
Trd, 4318534.443, 94
Trd, 4318535.993, 94
Trd, 4318536.393, 95
Trd, 4318537.493, 95
Trd, 4318538.543, 105
Trd, 4318539.743, 98
Trd, 4318540.243, 99
Trd, 4318540.593, 98
Trd, 4318542.443, 97
Trd, 4318544.593, 89
Trd, 4318544.793, 88
Trd, 4318545.843, 95
Trd, 4318549.443, 92
Trd, 4318550.893, 92
Trd, 4318553.093, 92
Trd, 4318554.193, 91
Trd, 4318555.993, 92
Trd, 4318556.543, 90
Trd, 4318557.643, 92
Trd, 4318558.893, 92
Trd, 4318561.043, 93
Trd, 4318562.643, 92
Trd, 4318563.243, 94
Trd, 4318563.693, 95
Trd, 4318564.043, 94
Trd, 4318565.293, 93
Trd, 4318565.493, 105
Trd, 4318568.043, 96
Trd, 4318570.143, 95
Trd, 4318571.193, 94
Trd, 4318573.043, 96
Trd, 4318574.143, 96
Trd, 4318574.343, 95
Trd, 4318574.443, 96
Trd, 4318574.593, 94
Trd, 4318577.743, 94
Trd, 4318578.343, 94
Trd, 4318581.043, 94
Trd, 4318581.093, 113
Trd, 4318583.743, 95
Trd, 4318584.343, 97
Trd, 4318588.143, 95
Trd, 4318588.793, 95
Trd, 4318589.293, 96
Trd, 4318589.543, 95
Trd, 4318590.243, 95
Trd, 4318593.143, 94
Trd, 4318594.593, 94
Trd, 4318594.943, 94
Trd, 4318595.293, 94
Trd, 4318597.243, 93
Trd, 4318599.543, 92
Trd, 4318600.793, 92
Trd, 4318602.493, 93
Trd, 4318603.993, 92
Trd, 4318604.643, 93
Trd, 4318604.993, 94
Trd, 4318606.393, 95
Trd, 4318607.343, 95
Trd, 4318610.543, 94
Trd, 4318611.143, 95
Trd, 4318611.793, 95
Trd, 4318613.643, 102
Trd, 4318616.843, 96
Trd, 4318617.843, 95
Trd, 4318618.493, 96
Trd, 4318620.243, 94
Trd, 4318620.943, 93
Trd, 4318621.293, 92
Trd, 4318621.843, 104
Trd, 4318623.443, 92
Trd, 4318625.393, 96
Trd, 4318626.043, 95
Trd, 4318626.443, 85
Trd, 4318630.393, 91
Trd, 4318630.793, 92
Trd, 4318633.593, 95
Trd, 4318635.043, 93
Trd, 4318635.743, 91
Trd, 4318638.793, 92
Trd, 4318639.093, 92
Trd, 4318640.093, 93
Trd, 4318640.193, 92
Trd, 4318642.343, 95
Trd, 4318643.593, 101
Trd, 4318644.743, 102
Trd, 4318645.943, 101
Trd, 4318646.043, 101
Trd, 4318646.843, 99
Trd, 4318648.993, 95
Trd, 4318651.043, 97
Trd, 4318652.793, 97
Trd, 4318653.043, 98
Trd, 4318654.393, 96
Trd, 4318655.993, 95
Trd, 4318656.343, 97
Trd, 4318656.943, 97
Trd, 4318656.993, 104
Trd, 4318658.443, 100
Trd, 4318659.343, 102
Trd, 4318662.193, 105
Trd, 4318662.343, 111
Trd, 4318663.393, 105
Trd, 4318663.793, 104
Trd, 4318664.593, 104
Trd, 4318664.843, 103
Trd, 4318666.193, 102
Trd, 4318666.793, 100
Trd, 4318668.793, 98
Trd, 4318669.943, 105
Trd, 4318674.093, 101
Trd, 4318674.743, 100
Trd, 4318675.593, 100
Trd, 4318677.393, 101
Trd, 4318679.043, 99
Trd, 4318680.693, 100
Trd, 4318681.393, 99
Trd, 4318681.843, 100
Trd, 4318682.243, 99
Trd, 4318684.993, 98
Trd, 4318686.143, 97
Trd, 4318686.293, 98
Trd, 4318686.443, 97
Trd, 4318690.193, 96
Trd, 4318693.993, 96
Trd, 4318697.643, 97
Trd, 4318698.193, 97
Trd, 4318699.893, 97
Trd, 4318701.943, 96
Trd, 4318703.793, 95
Trd, 4318704.793, 94
Trd, 4318705.393, 94
Trd, 4318706.393, 94
Trd, 4318706.693, 95
Trd, 4318707.743, 94
Trd, 4318708.693, 94
Trd, 4318710.093, 95
Trd, 4318711.493, 94
Trd, 4318712.843, 95
Trd, 4318713.293, 104
Trd, 4318713.443, 94
Trd, 4318718.293, 112
Trd, 4318719.643, 96
Trd, 4318721.493, 98
Trd, 4318724.043, 102
Trd, 4318725.393, 100
Trd, 4318725.993, 101
Trd, 4318726.293, 101
Trd, 4318726.893, 100
Trd, 4318727.843, 99
Trd, 4318729.493, 99
Trd, 4318733.493, 99
Trd, 4318733.993, 100
Trd, 4318735.243, 99
Trd, 4318736.993, 98
Trd, 4318737.943, 100
Trd, 4318739.593, 101
Trd, 4318740.343, 101
Trd, 4318742.443, 102
Trd, 4318742.993, 102
Trd, 4318743.193, 104
Trd, 4318743.993, 106
Trd, 4318746.243, 108
Trd, 4318746.393, 108
Trd, 4318747.693, 102
Trd, 4318749.643, 96
Trd, 4318750.593, 95
Trd, 4318751.493, 95
Trd, 4318752.343, 95
Trd, 4318753.343, 96
Trd, 4318753.643, 106
Trd, 4318755.793, 98
Trd, 4318757.393, 100
Trd, 4318757.443, 99
Trd, 4318757.793, 101
Trd, 4318759.543, 95
Trd, 4318760.843, 97
Trd, 4318761.143, 92
Trd, 4318762.043, 114
Trd, 4318765.793, 96
Trd, 4318768.343, 94
Trd, 4318769.243, 95
Trd, 4318769.643, 93
Trd, 4318771.693, 93
Trd, 4318772.443, 94
Trd, 4318775.093, 93
Trd, 4318775.993, 94
Trd, 4318776.743, 93
Trd, 4318780.243, 95
Trd, 4318781.743, 95
Trd, 4318782.543, 94
Trd, 4318783.493, 95
Trd, 4318785.243, 95
Trd, 4318785.393, 94
Trd, 4318786.293, 96
Trd, 4318789.443, 95
Trd, 4318789.793, 95
Trd, 4318789.843, 94
Trd, 4318791.243, 89
Trd, 4318791.343, 90
Trd, 4318795.693, 92
Trd, 4318796.343, 90
Trd, 4318796.893, 90
Trd, 4318797.093, 91
Trd, 4318797.343, 85
Trd, 4318800.793, 94
Trd, 4318800.943, 95
Trd, 4318802.093, 99
Trd, 4318802.543, 98
Trd, 4318802.843, 98
Trd, 4318805.743, 97
Trd, 4318806.243, 104
Trd, 4318806.343, 96
Trd, 4318810.043, 99
Trd, 4318810.243, 98
Trd, 4318810.393, 98
Trd, 4318812.643, 97
Trd, 4318813.143, 96
Trd, 4318813.593, 94
Trd, 4318813.643, 97
Trd, 4318815.293, 96
Trd, 4318815.793, 121
Trd, 4318816.343, 99
Trd, 4318818.393, 102
Trd, 4318820.743, 103
Trd, 4318821.243, 102
Trd, 4318821.843, 104
Trd, 4318821.943, 100
Trd, 4318823.043, 114
Trd, 4318826.843, 105
Trd, 4318827.243, 104
Trd, 4318827.993, 102
Trd, 4318829.393, 102
Trd, 4318831.693, 105
Trd, 4318832.843, 104
Trd, 4318833.043, 103
Trd, 4318834.443, 102
Trd, 4318835.393, 103
Trd, 4318836.443, 103
Trd, 4318837.143, 104
Trd, 4318837.743, 101
Trd, 4318841.443, 105
Trd, 4318841.943, 102
Trd, 4318842.843, 101
Trd, 4318845.893, 101
Trd, 4318846.093, 100
Trd, 4318846.293, 101
Trd, 4318846.993, 100
Trd, 4318849.143, 99
Trd, 4318851.093, 99
Trd, 4318852.843, 98
Trd, 4318855.143, 97
Trd, 4318855.693, 96
Trd, 4318856.343, 95
Trd, 4318857.593, 96
Trd, 4318858.443, 95
Trd, 4318858.543, 96
Trd, 4318860.293, 104
Trd, 4318863.343, 95
Trd, 4318863.593, 96
Trd, 4318864.693, 96
Trd, 4318867.393, 96
Trd, 4318868.793, 97
Trd, 4318869.743, 95
Trd, 4318871.193, 95
Trd, 4318872.743, 96
Trd, 4318872.993, 104
Trd, 4318874.093, 95
Trd, 4318874.543, 96
Trd, 4318875.493, 94
Trd, 4318877.243, 94
Trd, 4318878.493, 95
Trd, 4318879.043, 97
Trd, 4318881.093, 103
Trd, 4318882.143, 102
Trd, 4318883.043, 104
Trd, 4318883.493, 100
Trd, 4318885.043, 88
Trd, 4318885.293, 103
Trd, 4318889.593, 98
Trd, 4318891.543, 98
Trd, 4318893.293, 99
Trd, 4318893.693, 99
Trd, 4318895.893, 98
Trd, 4318897.993, 99
Trd, 4318898.593, 98
Trd, 4318899.093, 99
Trd, 4318902.743, 98
Trd, 4318903.443, 97
Trd, 4318904.593, 98
Trd, 4318905.243, 98
Trd, 4318908.493, 97
Trd, 4318910.093, 98
Trd, 4318910.243, 97
Trd, 4318911.293, 100
Trd, 4318911.393, 98
Trd, 4318912.743, 103
Trd, 4318913.693, 98
Trd, 4318915.343, 106
Trd, 4318915.443, 106
Trd, 4318917.893, 99
Trd, 4318919.743, 101
Trd, 4318919.793, 102
Trd, 4318921.393, 101
Trd, 4318921.843, 104
Trd, 4318924.893, 100
Trd, 4318927.043, 101
Trd, 4318927.443, 102
Trd, 4318928.643, 100
Trd, 4318930.993, 102
Trd, 4318931.393, 104
Trd, 4318932.093, 101
Trd, 4318933.393, 104
Trd, 4318933.893, 103
Trd, 4318935.343, 103
Trd, 4318936.643, 103
Trd, 4318938.293, 103
Trd, 4318938.693, 103
Trd, 4318939.193, 103
Trd, 4318940.243, 102
Trd, 4318940.693, 104
Trd, 4318942.943, 101
Trd, 4318943.243, 100
Trd, 4318944.793, 87
Trd, 4318948.493, 97
Trd, 4318948.843, 100
Trd, 4318950.043, 98
Trd, 4318952.093, 97
Trd, 4318955.393, 97
Trd, 4318957.943, 96
Trd, 4318958.043, 97
Trd, 4318959.793, 97
Trd, 4318962.293, 98
Trd, 4318963.043, 97
Trd, 4318963.243, 98
Trd, 4318964.243, 98
Trd, 4318965.793, 97
Trd, 4318967.243, 98
Trd, 4318968.493, 96
Trd, 4318969.393, 96
Trd, 4318974.343, 96
Trd, 4318975.093, 97
Trd, 4318975.793, 98
Trd, 4318977.243, 98
Trd, 4318980.143, 98
Trd, 4318980.593, 96
Trd, 4318981.193, 96
Trd, 4318983.993, 96
Trd, 4318984.593, 98
Trd, 4318986.193, 95
Trd, 4318987.343, 95
Trd, 4318988.143, 94
Trd, 4318989.243, 94
Trd, 4318990.493, 93
Trd, 4318990.893, 94
Trd, 4318990.993, 93
Trd, 4318991.293, 95
Trd, 4318993.143, 94
Trd, 4318995.543, 97
Trd, 4318995.843, 96
Trd, 4318997.193, 97
Trd, 4318998.843, 96
Trd, 4319000.193, 97
Trd, 4319001.693, 99
Trd, 4319002.393, 99
Trd, 4319002.743, 101
Trd, 4319004.693, 99
Trd, 4319008.193, 97
Trd, 4319009.793, 101
Trd, 4319011.293, 96
Trd, 4319012.193, 95
Trd, 4319013.143, 96
Trd, 4319014.043, 96
Trd, 4319014.543, 95
Trd, 4319015.593, 94
Trd, 4319016.193, 96
Trd, 4319016.443, 85
Trd, 4319019.343, 96
Trd, 4319021.493, 95
Trd, 4319021.793, 96
Trd, 4319023.143, 96
Trd, 4319025.743, 94
Trd, 4319026.093, 92
Trd, 4319028.243, 95
Trd, 4319029.893, 95
Trd, 4319030.143, 94
Trd, 4319030.443, 93
Trd, 4319033.943, 91
Trd, 4319035.093, 93
Trd, 4319036.243, 94
Trd, 4319037.143, 94
Trd, 4319037.793, 94
Trd, 4319040.143, 95
Trd, 4319041.193, 94
Trd, 4319041.643, 94
Trd, 4319042.093, 95
Trd, 4319043.893, 94
Trd, 4319046.493, 93
Trd, 4319048.843, 95
Trd, 4319049.143, 93
Trd, 4319050.993, 95
Trd, 4319054.693, 102
Trd, 4319056.943, 99
Trd, 4319056.993, 100
Trd, 4319057.393, 100
Trd, 4319058.143, 102
Trd, 4319060.443, 101
Trd, 4319060.693, 98
Trd, 4319061.593, 95
Trd, 4319062.493, 92
Trd, 4319064.493, 90
Trd, 4319065.143, 94
Trd, 4319065.893, 92
Trd, 4319066.293, 104
Trd, 4319067.693, 94
Trd, 4319068.693, 95
Trd, 4319069.543, 95
Trd, 4319070.343, 94
Trd, 4319070.543, 105
Trd, 4319073.093, 99
Trd, 4319074.543, 98
Trd, 4319075.243, 99
Trd, 4319075.393, 98
Trd, 4319078.543, 97
Trd, 4319079.693, 99
Trd, 4319080.593, 98
Trd, 4319081.593, 104
Trd, 4319081.743, 96
Trd, 4319084.343, 100
Trd, 4319085.193, 100
Trd, 4319086.293, 101
Trd, 4319086.393, 98
Trd, 4319088.743, 101
Trd, 4319090.143, 100
Trd, 4319091.093, 99
Trd, 4319092.093, 99
Trd, 4319093.543, 99
Trd, 4319095.193, 99
Trd, 4319095.843, 98
Trd, 4319096.693, 96
Trd, 4319100.843, 96
Trd, 4319102.993, 96
Trd, 4319103.743, 95
Trd, 4319106.243, 96
Trd, 4319106.493, 95
Trd, 4319107.993, 96
Trd, 4319108.293, 94
Trd, 4319109.993, 96
Trd, 4319110.293, 103
Trd, 4319115.843, 96
Trd, 4319116.043, 95
Trd, 4319116.693, 96
Trd, 4319117.443, 95
Trd, 4319118.793, 97
Trd, 4319120.443, 85
Trd, 4319123.443, 95
Trd, 4319124.143, 95
Trd, 4319125.643, 94
Trd, 4319126.443, 94
Trd, 4319127.993, 95
Trd, 4319129.043, 95
Trd, 4319130.343, 95
Trd, 4319130.893, 95
Trd, 4319132.443, 94
Trd, 4319133.743, 101
Trd, 4319134.193, 104
Trd, 4319138.243, 95
Trd, 4319138.343, 96
Trd, 4319139.093, 95
Trd, 4319139.293, 96
Trd, 4319141.193, 94
Trd, 4319141.793, 95
Trd, 4319141.993, 94
Trd, 4319142.793, 95
Trd, 4319144.943, 95
Trd, 4319148.093, 95
Trd, 4319148.593, 94
Trd, 4319148.943, 94
Trd, 4319150.893, 94
Trd, 4319151.343, 95
Trd, 4319151.693, 95
Trd, 4319152.243, 93
Trd, 4319156.043, 93
Trd, 4319156.193, 93
Trd, 4319157.943, 95
Trd, 4319159.093, 96
Trd, 4319159.193, 104
Trd, 4319160.643, 95
Trd, 4319162.143, 97
Trd, 4319162.943, 104
Trd, 4319165.443, 99
Trd, 4319166.593, 98
Trd, 4319167.143, 98
Trd, 4319169.543, 97
Trd, 4319173.443, 97
Trd, 4319173.593, 96
Trd, 4319173.743, 97
Trd, 4319174.143, 96
Trd, 4319175.293, 97
Trd, 4319177.343, 97
Trd, 4319177.793, 96
Trd, 4319180.743, 96
Trd, 4319181.993, 95
Trd, 4319182.243, 96
Trd, 4319184.293, 95
Trd, 4319186.743, 94
Trd, 4319187.493, 93
Trd, 4319188.693, 94
Trd, 4319189.993, 93
Trd, 4319192.143, 95
Trd, 4319194.143, 95
Trd, 4319194.393, 95
Trd, 4319194.943, 95
Trd, 4319196.443, 96
Trd, 4319197.743, 96
Trd, 4319199.043, 104
Trd, 4319199.393, 96
Trd, 4319200.493, 95
Trd, 4319203.693, 94
Trd, 4319204.693, 96
Trd, 4319205.343, 95
Trd, 4319205.543, 95
Trd, 4319206.793, 95
Trd, 4319207.393, 94
Trd, 4319207.743, 91
Trd, 4319209.143, 93
Trd, 4319209.643, 93
Trd, 4319210.193, 105
Trd, 4319212.693, 92
Trd, 4319213.093, 95
Trd, 4319213.893, 97
Trd, 4319214.943, 97
Trd, 4319217.243, 102
Trd, 4319217.693, 101
Trd, 4319218.493, 100
Trd, 4319219.493, 95
Trd, 4319220.843, 97
Trd, 4319223.293, 96
Trd, 4319223.543, 95
Trd, 4319223.643, 98
Trd, 4319228.893, 96
Trd, 4319229.493, 97
Trd, 4319230.543, 97
Trd, 4319232.393, 96
Trd, 4319232.993, 96
Trd, 4319233.593, 97
Trd, 4319237.493, 96
Trd, 4319238.243, 95
Trd, 4319238.593, 95
Trd, 4319240.843, 96
Trd, 4319243.943, 95
Trd, 4319244.243, 96
Trd, 4319245.843, 94
Trd, 4319247.043, 96
Trd, 4319249.693, 93
Trd, 4319249.793, 95
Trd, 4319249.843, 92
Trd, 4319252.643, 94
Trd, 4319252.693, 93
Trd, 4319255.243, 104
Trd, 4319255.943, 95
Trd, 4319257.393, 96
Trd, 4319258.343, 95
Trd, 4319259.443, 93
Trd, 4319260.543, 95
Trd, 4319260.793, 95
Trd, 4319261.793, 94
Trd, 4319262.993, 94
Trd, 4319265.893, 93
Trd, 4319266.243, 95
Trd, 4319267.393, 95
Trd, 4319267.793, 95
Trd, 4319270.143, 104
Trd, 4319270.743, 98
Trd, 4319271.493, 97
Trd, 4319273.343, 98
Trd, 4319274.793, 98
Trd, 4319274.943, 99
Trd, 4319276.143, 99
Trd, 4319278.293, 98
Trd, 4319281.593, 98
Trd, 4319281.743, 99
Trd, 4319283.643, 97
Trd, 4319283.793, 96
Trd, 4319284.493, 97
Trd, 4319287.243, 95
Trd, 4319287.993, 98
Trd, 4319289.093, 98
Trd, 4319290.893, 96
Trd, 4319292.643, 96
Trd, 4319293.993, 97
Trd, 4319296.293, 96
Trd, 4319298.543, 96
Trd, 4319298.693, 95
Trd, 4319301.343, 96
Trd, 4319301.443, 95
Trd, 4319306.493, 94
Trd, 4319306.943, 95
Trd, 4319306.993, 95
Trd, 4319307.593, 97
Trd, 4319308.493, 97
Trd, 4319310.043, 97
Trd, 4319310.143, 97
Trd, 4319311.593, 97
Trd, 4319312.343, 97
Trd, 4319312.893, 95
Trd, 4319314.293, 95
Trd, 4319314.643, 97
Trd, 4319316.743, 96
Trd, 4319318.293, 97
Trd, 4319318.443, 97
Trd, 4319318.893, 96
Trd, 4319321.443, 104
Trd, 4319321.543, 97
Trd, 4319323.443, 98
Trd, 4319323.993, 98
Trd, 4319326.043, 98
Trd, 4319326.443, 99
Trd, 4319328.643, 96
Trd, 4319329.243, 96
Trd, 4319331.093, 96
Trd, 4319333.243, 96
Trd, 4319333.293, 95
Trd, 4319333.843, 95
Trd, 4319334.793, 98
Trd, 4319336.393, 95
Trd, 4319338.193, 95
Trd, 4319340.393, 93
Trd, 4319341.993, 93
Trd, 4319342.543, 93
Trd, 4319344.493, 92
Trd, 4319344.743, 93
Trd, 4319345.443, 93
Trd, 4319347.643, 92
Trd, 4319350.343, 91
Trd, 4319351.543, 92
Trd, 4319353.993, 93
Trd, 4319354.493, 94
Trd, 4319354.693, 94
Trd, 4319356.843, 95
Trd, 4319357.693, 93
Trd, 4319358.943, 96
Trd, 4319359.693, 97
Trd, 4319360.493, 96
Trd, 4319361.543, 103
Trd, 4319363.193, 94
Trd, 4319366.893, 96
Trd, 4319368.593, 95
Trd, 4319368.693, 96
Trd, 4319368.793, 95
Trd, 4319371.043, 96
Trd, 4319371.393, 96
Trd, 4319372.143, 95
Trd, 4319374.243, 95
Trd, 4319376.043, 96
Trd, 4319376.943, 97
Trd, 4319377.393, 97
Trd, 4319378.243, 96
Trd, 4319378.493, 97
Trd, 4319381.993, 96
Trd, 4319383.993, 95
Trd, 4319384.043, 95
Trd, 4319384.343, 95
Trd, 4319386.193, 95
Trd, 4319386.493, 94
Trd, 4319387.093, 95
Trd, 4319390.243, 101
Trd, 4319390.793, 100
Trd, 4319391.843, 104
Trd, 4319392.743, 98
Trd, 4319393.693, 95
Trd, 4319394.843, 99
Trd, 4319395.993, 104
Trd, 4319396.743, 104
Trd, 4319397.643, 106
Trd, 4319399.293, 104
Trd, 4319401.593, 103
Trd, 4319402.193, 104
Trd, 4319403.543, 102
Trd, 4319403.843, 100
Trd, 4319406.093, 100
Trd, 4319406.193, 99
Trd, 4319406.893, 100
Trd, 4319409.893, 99
Trd, 4319410.443, 98
Trd, 4319414.293, 99
Trd, 4319415.743, 100
Trd, 4319416.693, 98
Trd, 4319417.093, 99
Trd, 4319417.493, 98
Trd, 4319417.793, 100
Trd, 4319422.343, 99
Trd, 4319422.743, 104
Trd, 4319423.543, 99
Trd, 4319423.643, 100
Trd, 4319424.493, 96
Trd, 4319425.743, 102
Trd, 4319429.593, 101
Trd, 4319429.793, 101
Trd, 4319429.893, 99
Trd, 4319430.793, 98
Trd, 4319433.393, 98
Trd, 4319433.743, 99
Trd, 4319434.943, 98
Trd, 4319435.743, 99
Trd, 4319437.893, 100
Trd, 4319438.543, 101
Trd, 4319441.993, 104
Trd, 4319443.893, 99
Trd, 4319445.193, 99
Trd, 4319445.593, 99
Trd, 4319446.093, 98
Trd, 4319447.043, 100
Trd, 4319448.443, 99
Trd, 4319449.893, 100
Trd, 4319449.993, 99
Trd, 4319452.443, 104
Trd, 4319453.093, 104
Trd, 4319454.493, 104
Trd, 4319455.093, 106
Trd, 4319455.643, 104
Trd, 4319456.893, 103
Trd, 4319457.893, 102
Trd, 4319461.993, 100
Trd, 4319464.593, 100
Trd, 4319465.643, 99
Trd, 4319467.743, 99
Trd, 4319470.443, 98
Trd, 4319470.643, 98
Trd, 4319470.793, 99
Trd, 4319472.893, 99
Trd, 4319475.143, 97
Trd, 4319475.843, 97
Trd, 4319475.893, 95
Trd, 4319477.143, 99
Trd, 4319480.243, 97
Trd, 4319482.193, 97
Trd, 4319482.493, 95
Trd, 4319485.643, 96
Trd, 4319488.293, 96
Trd, 4319488.543, 95
Trd, 4319488.743, 94
Trd, 4319488.993, 94
Trd, 4319491.243, 104
Trd, 4319492.693, 103
Trd, 4319493.093, 113
Trd, 4319495.693, 101
Trd, 4319495.793, 102
Trd, 4319497.693, 101
Trd, 4319499.043, 102
Trd, 4319499.193, 101
Trd, 4319499.893, 102
Trd, 4319501.393, 101
Trd, 4319501.443, 100
Trd, 4319502.993, 98
Trd, 4319505.593, 97
Trd, 4319505.943, 99
Trd, 4319508.693, 98
Trd, 4319509.343, 96
Trd, 4319511.043, 97
Trd, 4319513.143, 98
Trd, 4319513.343, 96
Trd, 4319513.593, 97
Trd, 4319518.143, 96
Trd, 4319518.893, 95
Trd, 4319519.593, 95
Trd, 4319520.143, 96
Trd, 4319522.393, 99
Trd, 4319522.993, 98
Trd, 4319523.893, 97
Trd, 4319525.893, 97
Trd, 4319529.343, 95
Trd, 4319530.143, 96
Trd, 4319530.193, 96
Trd, 4319530.393, 95
Trd, 4319532.093, 95
Trd, 4319536.893, 95
Trd, 4319538.093, 96
Trd, 4319538.193, 95
Trd, 4319538.293, 96
Trd, 4319540.343, 96
Trd, 4319540.893, 95
Trd, 4319541.493, 96
Trd, 4319542.593, 96
Trd, 4319543.393, 99
Trd, 4319544.943, 101
Trd, 4319545.243, 104
Trd, 4319545.793, 100
Trd, 4319547.593, 101
Trd, 4319548.843, 102
Trd, 4319548.893, 104
Trd, 4319551.393, 102
Trd, 4319551.643, 101
Trd, 4319552.043, 100
Trd, 4319553.793, 102
Trd, 4319558.093, 100
Trd, 4319558.943, 99
Trd, 4319559.743, 99
Trd, 4319560.693, 97
Trd, 4319561.443, 99
Trd, 4319562.343, 100
Trd, 4319563.043, 100
Trd, 4319565.943, 101
Trd, 4319567.343, 98
Trd, 4319568.043, 100
Trd, 4319569.893, 100
Trd, 4319570.143, 99
Trd, 4319570.443, 95
Trd, 4319573.393, 97
Trd, 4319575.793, 100
Trd, 4319577.943, 99
Trd, 4319578.143, 98
Trd, 4319580.093, 97
Trd, 4319581.243, 98
Trd, 4319582.393, 98
Trd, 4319584.743, 97
Trd, 4319585.493, 98
Trd, 4319586.193, 97
Trd, 4319587.043, 97
Trd, 4319588.043, 101
Trd, 4319588.843, 96
Trd, 4319590.993, 96
Trd, 4319591.993, 96
Trd, 4319593.493, 96
Trd, 4319593.943, 97
Trd, 4319594.343, 85
Trd, 4319598.043, 96
Trd, 4319599.993, 96
Trd, 4319600.343, 95
Trd, 4319600.643, 94
Trd, 4319603.343, 102
Trd, 4319603.943, 98
Trd, 4319604.743, 98
Trd, 4319608.343, 98
Trd, 4319608.893, 97
Trd, 4319611.193, 97
Trd, 4319613.493, 98
Trd, 4319613.593, 98
Trd, 4319613.843, 96
Trd, 4319616.943, 97
Trd, 4319618.643, 96
Trd, 4319621.943, 96
Trd, 4319622.593, 95
Trd, 4319623.643, 96
Trd, 4319623.793, 97
Trd, 4319625.843, 95
Trd, 4319625.893, 96
Trd, 4319628.193, 96
Trd, 4319628.893, 95
Trd, 4319630.493, 95
Trd, 4319631.393, 96
Trd, 4319631.693, 95
Trd, 4319631.893, 95
Trd, 4319635.293, 94
Trd, 4319636.743, 95
Trd, 4319638.943, 95
Trd, 4319639.193, 95
Trd, 4319640.493, 95
Trd, 4319640.993, 95
Trd, 4319641.493, 94
Trd, 4319644.493, 94
Trd, 4319645.543, 104
Trd, 4319646.193, 92
Trd, 4319650.243, 96
Trd, 4319651.293, 95
Trd, 4319653.193, 97
Trd, 4319653.543, 96
Trd, 4319654.193, 95
Trd, 4319655.693, 97
Trd, 4319656.193, 96
Trd, 4319656.443, 95
Trd, 4319659.393, 97
Trd, 4319659.743, 98
Trd, 4319661.643, 98
Trd, 4319661.793, 75
Trd, 4319661.893, 103
Trd, 4319667.393, 92
Trd, 4319667.643, 95
Trd, 4319668.893, 95
Trd, 4319669.143, 91
Trd, 4319670.393, 93
Trd, 4319673.743, 93
Trd, 4319673.893, 92
Trd, 4319674.193, 94
Trd, 4319675.393, 94
Trd, 4319677.643, 93
Trd, 4319678.943, 93
Trd, 4319680.093, 93
Trd, 4319680.293, 93
Trd, 4319680.543, 94
Trd, 4319680.643, 93
Trd, 4319683.543, 94
Trd, 4319685.393, 94
Trd, 4319686.143, 93
Trd, 4319689.393, 98
Trd, 4319689.693, 97
Trd, 4319690.143, 102
Trd, 4319690.643, 97
Trd, 4319692.243, 97
Trd, 4319694.443, 98
Trd, 4319694.543, 96
Trd, 4319696.993, 98
Trd, 4319697.693, 97
Trd, 4319697.893, 95
Trd, 4319701.243, 97
Trd, 4319701.693, 96
Trd, 4319701.943, 96
Trd, 4319702.843, 96
Trd, 4319703.993, 96
Trd, 4319704.493, 95
Trd, 4319707.893, 96
Trd, 4319708.943, 96
Trd, 4319710.343, 95
Trd, 4319713.243, 95
Trd, 4319713.643, 96
Trd, 4319714.893, 94
Trd, 4319715.893, 95
Trd, 4319716.343, 96
Trd, 4319716.493, 96
Trd, 4319719.393, 95
Trd, 4319722.593, 96
Trd, 4319722.893, 95
Trd, 4319725.793, 95
Trd, 4319726.693, 96
Trd, 4319727.393, 96
Trd, 4319728.443, 95
Trd, 4319730.493, 95
Trd, 4319731.193, 96
Trd, 4319731.593, 96
Trd, 4319733.493, 105
Trd, 4319734.193, 98
Trd, 4319736.793, 97
Trd, 4319736.993, 97
Trd, 4319738.193, 98
Trd, 4319739.393, 97
Trd, 4319740.493, 98
Trd, 4319742.643, 95
Trd, 4319744.243, 97
Trd, 4319744.843, 105
Trd, 4319744.893, 96
Trd, 4319747.243, 95
Trd, 4319747.393, 96
Trd, 4319748.643, 95
Trd, 4319749.943, 96
Trd, 4319752.093, 97
Trd, 4319753.193, 95
Trd, 4319753.543, 95
Trd, 4319755.443, 94
Trd, 4319757.043, 94
Trd, 4319757.093, 95
Trd, 4319757.343, 97
Trd, 4319758.393, 95
Trd, 4319758.693, 97
Trd, 4319761.743, 96
Trd, 4319762.093, 95
Trd, 4319763.393, 93
Trd, 4319763.993, 75
Trd, 4319766.043, 92
Trd, 4319768.443, 90
Trd, 4319770.643, 91
Trd, 4319771.243, 91
Trd, 4319771.593, 92
Trd, 4319772.843, 92
Trd, 4319773.593, 92
Trd, 4319774.243, 91
Trd, 4319774.893, 93
Trd, 4319776.943, 92
Trd, 4319777.543, 114
Trd, 4319778.843, 97
Trd, 4319780.093, 99
Trd, 4319781.243, 100
Trd, 4319783.643, 101
Trd, 4319784.593, 101
Trd, 4319784.993, 105
Trd, 4319786.993, 102
Trd, 4319787.343, 100
Trd, 4319787.843, 86
Trd, 4319789.293, 92
Trd, 4319790.493, 93
Trd, 4319790.993, 93
Trd, 4319791.343, 105
Trd, 4319793.643, 95
Trd, 4319793.843, 95
Trd, 4319794.093, 96
Trd, 4319796.343, 94
Trd, 4319797.193, 95
Trd, 4319798.293, 93
Trd, 4319799.293, 94
Trd, 4319799.793, 95
Trd, 4319800.593, 95
Trd, 4319801.543, 94
Trd, 4319802.243, 96
Trd, 4319803.143, 74
Trd, 4319805.943, 96
Trd, 4319807.143, 96
Trd, 4319808.943, 105
Trd, 4319810.593, 98
Trd, 4319811.193, 98
Trd, 4319813.643, 99
Trd, 4319816.093, 97
Trd, 4319816.343, 98
Trd, 4319816.793, 97
Trd, 4319817.393, 99
Trd, 4319818.493, 98
Trd, 4319821.093, 98
Trd, 4319823.543, 98
Trd, 4319827.643, 98
Trd, 4319828.143, 97
Trd, 4319829.593, 96
Trd, 4319829.643, 96
Trd, 4319830.293, 104
Trd, 4319832.343, 96
Trd, 4319832.493, 97
Trd, 4319833.293, 96
Trd, 4319836.143, 95
Trd, 4319838.243, 96
Trd, 4319838.693, 95
Trd, 4319839.593, 96
Trd, 4319840.793, 95
Trd, 4319840.843, 95
Trd, 4319842.893, 97
Trd, 4319843.943, 98
Trd, 4319844.093, 101
Trd, 4319845.543, 98
Trd, 4319847.543, 104
Trd, 4319848.743, 102
Trd, 4319849.543, 100
Trd, 4319849.943, 99
Trd, 4319853.043, 100
Trd, 4319853.343, 98
Trd, 4319853.443, 101
Trd, 4319854.293, 99
Trd, 4319855.243, 101
Trd, 4319857.593, 100
Trd, 4319858.043, 100
Trd, 4319860.843, 99
Trd, 4319861.643, 99
Trd, 4319862.143, 95
Trd, 4319864.743, 96
Trd, 4319865.043, 95
Trd, 4319867.393, 95
Trd, 4319867.443, 104
Trd, 4319868.443, 96
Trd, 4319870.843, 96
Trd, 4319873.593, 95
Trd, 4319874.693, 96
Trd, 4319875.143, 95
Trd, 4319875.993, 96
Trd, 4319876.643, 95
Trd, 4319878.243, 96
Trd, 4319881.093, 96
Trd, 4319881.693, 95
Trd, 4319883.193, 96
Trd, 4319884.143, 95
Trd, 4319884.443, 96
Trd, 4319884.593, 94
Trd, 4319886.593, 97
Trd, 4319886.743, 96
Trd, 4319888.243, 97
Trd, 4319888.693, 96
Trd, 4319890.643, 97
Trd, 4319892.193, 96
Trd, 4319892.793, 97
Trd, 4319893.943, 96
Trd, 4319895.743, 95
Trd, 4319897.743, 96
Trd, 4319897.843, 97
Trd, 4319898.943, 97
Trd, 4319899.043, 105
Trd, 4319904.243, 97
Trd, 4319904.443, 97
Trd, 4319904.993, 96
Trd, 4319906.343, 96
Trd, 4319907.193, 97
Trd, 4319911.193, 96
Trd, 4319913.443, 95
Trd, 4319913.793, 95
Trd, 4319914.543, 95
Trd, 4319914.693, 95
Trd, 4319915.193, 95
Trd, 4319916.393, 95
Trd, 4319917.793, 95
Trd, 4319919.693, 93
Trd, 4319921.043, 92
Trd, 4319921.143, 95
Trd, 4319921.843, 90
Trd, 4319923.643, 91
Trd, 4319923.743, 92
Trd, 4319926.543, 91
Trd, 4319927.743, 85
Trd, 4319928.793, 92
Trd, 4319930.743, 92
Trd, 4319932.943, 89
Trd, 4319934.193, 91
Trd, 4319935.243, 92
Trd, 4319937.443, 93
Trd, 4319938.793, 91
Trd, 4319939.393, 91
Trd, 4319941.243, 92
Trd, 4319942.893, 91
Trd, 4319943.493, 91
Trd, 4319944.943, 92
Trd, 4319945.143, 91
Trd, 4319946.693, 93
Trd, 4319947.093, 91
Trd, 4319947.793, 95
Trd, 4319950.293, 94
Trd, 4319951.693, 94
Trd, 4319953.643, 95
Trd, 4319954.493, 95
Trd, 4319955.493, 95
Trd, 4319955.543, 96
Trd, 4319957.293, 95
Trd, 4319958.493, 97
Trd, 4319959.193, 96
Trd, 4319960.843, 94
Trd, 4319962.793, 92
Trd, 4319963.693, 90
Trd, 4319965.343, 90
Trd, 4319966.343, 90
Trd, 4319966.743, 105
Trd, 4319969.343, 95
Trd, 4319969.893, 94
Trd, 4319970.143, 95
Trd, 4319970.743, 95
Trd, 4319970.893, 94
Trd, 4319971.893, 95
Trd, 4319973.193, 95
Trd, 4319975.843, 96
Trd, 4319977.443, 95
Trd, 4319978.543, 96
Trd, 4319979.293, 95
Trd, 4319980.993, 103
Trd, 4319981.393, 100
Trd, 4319982.093, 98
Trd, 4319982.393, 99
Trd, 4319984.643, 99
Trd, 4319984.893, 95
Trd, 4319987.093, 99
Trd, 4319989.693, 98
Trd, 4319990.193, 97
Trd, 4319991.343, 98
Trd, 4319994.043, 97
Trd, 4319995.843, 96
Trd, 4319998.243, 95
