Trd, 4317860.843, 92
Trd, 4317861.643, 90
Trd, 4317865.843, 90
Trd, 4317866.093, 91
Trd, 4317866.543, 94
Trd, 4317867.043, 94
Trd, 4317870.893, 95
Trd, 4317872.043, 93
Trd, 4317872.543, 92
Trd, 4317873.093, 105
Trd, 4317874.343, 96
Trd, 4317876.843, 96
Trd, 4317877.043, 96
Trd, 4317877.593, 93
Trd, 4317878.443, 96
Trd, 4317880.343, 90
Trd, 4317881.143, 90
Trd, 4317883.393, 83
Trd, 4317884.093, 91
Trd, 4317886.743, 86
Trd, 4317887.493, 90
Trd, 4317888.493, 88
Trd, 4317889.993, 96
Trd, 4317890.993, 87
Trd, 4317891.543, 93
Trd, 4317893.493, 90
Trd, 4317895.543, 100
Trd, 4317896.143, 94
Trd, 4317897.293, 93
Trd, 4317898.293, 97
Trd, 4317899.293, 92
Trd, 4317899.993, 97
Trd, 4317901.343, 120
Trd, 4317902.193, 77
Trd, 4317903.893, 93
Trd, 4317904.443, 93
Trd, 4317905.593, 94
Trd, 4317905.793, 95
Trd, 4317908.443, 92
Trd, 4317908.693, 92
Trd, 4317910.093, 94
Trd, 4317910.743, 95
Trd, 4317912.043, 101
Trd, 4317913.493, 100
Trd, 4317913.943, 111
Trd, 4317914.193, 93
Trd, 4317916.643, 100
Trd, 4317919.743, 98
Trd, 4317919.943, 100
Trd, 4317920.293, 100
Trd, 4317921.193, 100
Trd, 4317921.593, 91
Trd, 4317923.393, 100
Trd, 4317925.493, 96
Trd, 4317930.843, 97
Trd, 4317931.543, 94
Trd, 4317932.293, 94
Trd, 4317932.793, 96
Trd, 4317933.793, 93
Trd, 4317935.093, 96
Trd, 4317936.893, 95
Trd, 4317937.343, 92
Trd, 4317939.943, 91
Trd, 4317940.693, 77
Trd, 4317940.993, 87
Trd, 4317941.343, 94
Trd, 4317942.293, 106
Trd, 4317942.493, 107
Trd, 4317943.793, 95
Trd, 4317945.043, 94
Trd, 4317948.743, 94
Trd, 4317949.243, 109
Trd, 4317949.593, 100
Trd, 4317950.243, 104
Trd, 4317950.343, 104
Trd, 4317953.393, 101
Trd, 4317953.993, 101
Trd, 4317954.943, 101
Trd, 4317955.693, 101
Trd, 4317955.843, 101
Trd, 4317957.893, 112
Trd, 4317959.293, 106
Trd, 4317959.643, 93
Trd, 4317959.893, 82
Trd, 4317961.343, 104
Trd, 4317964.393, 98
Trd, 4317965.893, 104
Trd, 4317965.993, 98
Trd, 4317966.493, 103
Trd, 4317968.493, 94
Trd, 4317971.393, 97
Trd, 4317971.743, 101
Trd, 4317972.593, 96
Trd, 4317973.193, 101
Trd, 4317974.293, 101
Trd, 4317979.043, 100
Trd, 4317979.543, 100
Trd, 4317980.593, 94
Trd, 4317981.643, 95
Trd, 4317984.743, 95
Trd, 4317985.693, 100
Trd, 4317987.643, 86
Trd, 4317991.593, 92
Trd, 4317992.643, 100
Trd, 4317992.993, 97
Trd, 4317994.643, 94
Trd, 4317998.443, 94
Trd, 4317998.643, 96
Trd, 4317999.743, 93
Trd, 4317999.943, 96
Trd, 4318000.743, 96
Trd, 4318007.693, 92
Trd, 4318008.893, 91
Trd, 4318009.793, 95
Trd, 4318012.693, 95
Trd, 4318013.343, 93
Trd, 4318015.193, 95
Trd, 4318016.693, 91
Trd, 4318017.993, 95
Trd, 4318021.643, 95
Trd, 4318021.993, 91
Trd, 4318022.843, 95
Trd, 4318024.293, 95
Trd, 4318026.493, 90
Trd, 4318028.243, 94
Trd, 4318028.293, 89
Trd, 4318029.343, 93
Trd, 4318031.993, 94
Trd, 4318036.043, 94
Trd, 4318036.143, 92
Trd, 4318037.843, 95
Trd, 4318037.993, 121
Trd, 4318039.193, 100
Trd, 4318044.093, 94
Trd, 4318047.093, 94
Trd, 4318047.493, 100
Trd, 4318048.543, 93
Trd, 4318049.043, 98
Trd, 4318050.143, 96
Trd, 4318050.493, 96
Trd, 4318051.593, 93
Trd, 4318053.193, 92
Trd, 4318058.093, 96
Trd, 4318058.343, 109
Trd, 4318059.743, 91
Trd, 4318060.693, 90
Trd, 4318062.743, 95
Trd, 4318063.293, 95
Trd, 4318065.193, 95
Trd, 4318065.393, 90
Trd, 4318066.693, 95
Trd, 4318067.893, 95
Trd, 4318069.943, 89
Trd, 4318070.943, 95
Trd, 4318071.443, 88
Trd, 4318073.143, 93
Trd, 4318074.443, 88
Trd, 4318074.943, 96
Trd, 4318077.743, 91
Trd, 4318078.393, 92
Trd, 4318078.493, 94
Trd, 4318081.493, 92
Trd, 4318082.293, 94
Trd, 4318085.143, 95
Trd, 4318085.943, 93
Trd, 4318087.043, 90
Trd, 4318087.843, 94
Trd, 4318089.893, 94
Trd, 4318091.193, 91
Trd, 4318092.643, 91
Trd, 4318095.193, 94
Trd, 4318096.443, 94
Trd, 4318098.243, 90
Trd, 4318098.693, 95
Trd, 4318098.843, 90
Trd, 4318101.943, 94
Trd, 4318102.043, 90
Trd, 4318102.143, 89
Trd, 4318107.343, 93
Trd, 4318107.543, 89
Trd, 4318108.293, 94
Trd, 4318108.393, 89
Trd, 4318110.243, 88
Trd, 4318110.993, 95
Trd, 4318113.993, 89
Trd, 4318114.593, 88
Trd, 4318115.193, 94
Trd, 4318120.543, 93
Trd, 4318120.893, 95
Trd, 4318124.393, 92
Trd, 4318125.093, 91
Trd, 4318125.393, 94
Trd, 4318126.043, 94
Trd, 4318127.393, 91
Trd, 4318128.543, 95
Trd, 4318131.393, 91
Trd, 4318133.843, 93
Trd, 4318134.893, 95
Trd, 4318135.393, 95
Trd, 4318137.343, 93
Trd, 4318138.393, 93
Trd, 4318139.343, 92
Trd, 4318140.743, 96
Trd, 4318140.793, 96
Trd, 4318143.393, 108
Trd, 4318146.643, 99
Trd, 4318147.443, 100
Trd, 4318148.293, 110
Trd, 4318148.843, 103
Trd, 4318149.193, 93
Trd, 4318150.343, 93
Trd, 4318151.143, 86
Trd, 4318153.493, 86
Trd, 4318153.843, 86
Trd, 4318156.193, 96
Trd, 4318156.493, 94
Trd, 4318159.743, 97
Trd, 4318160.543, 98
Trd, 4318161.193, 99
Trd, 4318162.893, 93
Trd, 4318163.593, 92
Trd, 4318165.693, 111
Trd, 4318166.243, 103
Trd, 4318166.543, 97
Trd, 4318166.793, 113
Trd, 4318168.643, 101
Trd, 4318169.343, 99
Trd, 4318170.643, 99
Trd, 4318171.743, 95
Trd, 4318172.393, 100
Trd, 4318175.893, 85
Trd, 4318176.243, 97
Trd, 4318178.143, 96
Trd, 4318178.493, 97
Trd, 4318180.193, 95
Trd, 4318181.043, 99
Trd, 4318181.743, 98
Trd, 4318182.993, 98
Trd, 4318185.193, 98
Trd, 4318185.293, 97
Trd, 4318185.993, 94
Trd, 4318188.193, 98
Trd, 4318189.893, 98
Trd, 4318192.193, 94
Trd, 4318193.193, 98
Trd, 4318194.643, 96
Trd, 4318197.643, 98
Trd, 4318197.793, 98
Trd, 4318200.193, 96
Trd, 4318202.143, 97
Trd, 4318202.293, 95
Trd, 4318204.793, 97
Trd, 4318205.893, 97
Trd, 4318207.793, 97
Trd, 4318210.643, 94
Trd, 4318210.743, 94
Trd, 4318213.443, 97
Trd, 4318215.943, 93
Trd, 4318216.093, 97
Trd, 4318216.893, 97
Trd, 4318217.693, 97
Trd, 4318218.443, 93
Trd, 4318220.093, 97
Trd, 4318222.393, 93
Trd, 4318224.393, 92
Trd, 4318225.243, 98
Trd, 4318225.343, 115
Trd, 4318227.643, 101
Trd, 4318230.793, 99
Trd, 4318231.143, 93
Trd, 4318231.743, 99
Trd, 4318235.143, 93
Trd, 4318236.443, 92
Trd, 4318237.493, 97
Trd, 4318238.243, 91
Trd, 4318242.143, 90
Trd, 4318245.693, 89
Trd, 4318245.793, 94
Trd, 4318245.943, 89
Trd, 4318246.693, 93
Trd, 4318247.493, 95
Trd, 4318250.293, 97
Trd, 4318250.543, 107
Trd, 4318251.593, 107
Trd, 4318252.943, 106
Trd, 4318253.593, 93
Trd, 4318253.893, 101
Trd, 4318254.093, 104
Trd, 4318256.443, 117
Trd, 4318256.843, 106
Trd, 4318258.893, 98
Trd, 4318260.243, 107
Trd, 4318261.843, 104
Trd, 4318261.943, 107
Trd, 4318263.343, 102
Trd, 4318264.493, 91
Trd, 4318265.793, 102
Trd, 4318267.393, 103
Trd, 4318269.643, 102
Trd, 4318270.343, 101
Trd, 4318271.493, 86
Trd, 4318272.443, 98
Trd, 4318273.393, 96
Trd, 4318275.093, 97
Trd, 4318275.993, 94
Trd, 4318276.293, 97
Trd, 4318277.093, 97
Trd, 4318277.693, 121
Trd, 4318278.443, 102
Trd, 4318281.343, 98
Trd, 4318283.593, 97
Trd, 4318284.743, 102
Trd, 4318286.743, 99
Trd, 4318287.043, 93
Trd, 4318290.893, 102
Trd, 4318294.243, 101
Trd, 4318294.743, 109
Trd, 4318295.243, 109
Trd, 4318295.393, 93
Trd, 4318296.743, 96
Trd, 4318297.193, 99
Trd, 4318297.943, 101
Trd, 4318300.343, 92
Trd, 4318300.993, 96
Trd, 4318301.393, 96
Trd, 4318302.793, 94
Trd, 4318306.793, 95
Trd, 4318307.493, 96
Trd, 4318308.093, 96
Trd, 4318310.043, 96
Trd, 4318311.993, 94
Trd, 4318312.393, 94
Trd, 4318314.243, 93
Trd, 4318316.293, 96
Trd, 4318316.843, 96
Trd, 4318317.743, 96
Trd, 4318321.193, 96
Trd, 4318322.743, 92
Trd, 4318324.093, 95
Trd, 4318325.293, 93
Trd, 4318326.043, 91
Trd, 4318326.343, 95
Trd, 4318326.543, 96
Trd, 4318330.643, 96
Trd, 4318330.743, 113
Trd, 4318331.593, 101
Trd, 4318332.793, 94
Trd, 4318333.693, 93
Trd, 4318335.793, 99
Trd, 4318337.093, 97
Trd, 4318337.943, 98
Trd, 4318338.443, 99
Trd, 4318339.593, 98
Trd, 4318339.793, 98
Trd, 4318340.343, 93
Trd, 4318341.293, 67
Trd, 4318344.843, 92
Trd, 4318346.443, 95
Trd, 4318348.043, 95
Trd, 4318350.443, 92
Trd, 4318351.993, 95
Trd, 4318353.843, 95
Trd, 4318354.143, 95
Trd, 4318356.493, 95
Trd, 4318356.693, 91
Trd, 4318357.593, 95
Trd, 4318359.443, 95
Trd, 4318361.393, 103
Trd, 4318363.443, 98
Trd, 4318363.993, 98
Trd, 4318364.493, 91
Trd, 4318368.193, 101
Trd, 4318368.693, 112
Trd, 4318369.793, 100
Trd, 4318373.093, 101
Trd, 4318374.043, 101
Trd, 4318375.193, 102
Trd, 4318375.543, 100
Trd, 4318377.043, 101
Trd, 4318378.093, 101
Trd, 4318381.793, 102
Trd, 4318383.593, 100
Trd, 4318386.643, 102
Trd, 4318387.693, 102
Trd, 4318388.093, 100
Trd, 4318388.943, 112
Trd, 4318389.493, 94
Trd, 4318390.043, 101
Trd, 4318390.443, 101
Trd, 4318392.243, 68
Trd, 4318392.693, 90
Trd, 4318393.443, 92
Trd, 4318394.043, 95
Trd, 4318395.593, 106
Trd, 4318397.693, 117
Trd, 4318399.493, 99
Trd, 4318400.093, 102
Trd, 4318401.193, 101
Trd, 4318402.643, 103
Trd, 4318405.043, 95
Trd, 4318406.693, 101
Trd, 4318406.943, 103
Trd, 4318407.793, 100
Trd, 4318409.243, 102
Trd, 4318410.093, 103
Trd, 4318410.543, 121
Trd, 4318412.043, 105
Trd, 4318414.393, 97
Trd, 4318415.443, 105
Trd, 4318415.893, 93
Trd, 4318416.393, 106
Trd, 4318417.743, 106
Trd, 4318419.943, 101
Trd, 4318421.193, 96
Trd, 4318421.693, 95
Trd, 4318423.193, 108
Trd, 4318424.243, 117
Trd, 4318424.743, 114
Trd, 4318426.143, 91
Trd, 4318427.343, 112
Trd, 4318429.193, 108
Trd, 4318431.393, 111
Trd, 4318431.793, 110
Trd, 4318432.393, 111
Trd, 4318434.493, 70
Trd, 4318435.443, 97
Trd, 4318436.793, 95
Trd, 4318437.843, 92
Trd, 4318438.293, 98
Trd, 4318438.493, 97
Trd, 4318440.593, 97
Trd, 4318444.243, 96
Trd, 4318444.693, 97
Trd, 4318445.643, 102
Trd, 4318446.093, 96
Trd, 4318446.693, 98
Trd, 4318449.943, 101
Trd, 4318450.593, 100
Trd, 4318451.993, 94
Trd, 4318452.543, 100
Trd, 4318453.543, 98
Trd, 4318455.193, 99
Trd, 4318455.543, 115
Trd, 4318456.593, 84
Trd, 4318458.193, 104
Trd, 4318460.443, 99
Trd, 4318461.093, 100
Trd, 4318461.443, 76
Trd, 4318464.593, 96
Trd, 4318466.043, 92
Trd, 4318468.093, 96
Trd, 4318468.143, 95
Trd, 4318469.693, 96
Trd, 4318470.693, 94
Trd, 4318472.393, 82
Trd, 4318473.743, 90
Trd, 4318474.043, 91
Trd, 4318476.893, 89
Trd, 4318478.543, 90
Trd, 4318478.643, 95
Trd, 4318479.943, 94
Trd, 4318481.243, 93
Trd, 4318481.493, 95
Trd, 4318484.943, 112
Trd, 4318485.393, 99
Trd, 4318485.943, 102
Trd, 4318487.143, 100
Trd, 4318487.243, 98
Trd, 4318487.543, 100
Trd, 4318491.443, 99
Trd, 4318491.643, 93
Trd, 4318492.643, 99
Trd, 4318493.243, 99
Trd, 4318495.793, 99
Trd, 4318496.843, 95
Trd, 4318498.343, 94
Trd, 4318499.043, 94
Trd, 4318500.343, 95
Trd, 4318501.293, 95
Trd, 4318502.243, 94
Trd, 4318504.443, 93
Trd, 4318505.393, 94
Trd, 4318508.443, 93
Trd, 4318508.693, 92
Trd, 4318509.443, 95
Trd, 4318511.293, 94
Trd, 4318511.693, 95
Trd, 4318511.793, 91
Trd, 4318514.543, 95
Trd, 4318516.543, 91
Trd, 4318516.643, 95
Trd, 4318517.993, 95
Trd, 4318518.793, 105
Trd, 4318519.893, 91
Trd, 4318519.993, 96
Trd, 4318521.893, 89
Trd, 4318521.943, 96
Trd, 4318525.493, 93
Trd, 4318526.943, 94
Trd, 4318530.443, 96
Trd, 4318530.743, 94
Trd, 4318532.043, 96
Trd, 4318532.193, 93
Trd, 4318535.393, 96
Trd, 4318538.743, 96
Trd, 4318538.893, 93
Trd, 4318539.743, 96
Trd, 4318540.943, 93
Trd, 4318541.593, 96
Trd, 4318541.943, 91
Trd, 4318542.743, 96
Trd, 4318543.343, 92
Trd, 4318544.043, 81
Trd, 4318544.843, 88
Trd, 4318546.143, 88
Trd, 4318547.693, 89
Trd, 4318548.743, 85
Trd, 4318550.993, 88
Trd, 4318551.593, 95
Trd, 4318554.943, 92
Trd, 4318555.043, 89
Trd, 4318555.293, 95
Trd, 4318556.743, 91
Trd, 4318560.393, 91
Trd, 4318562.893, 90
Trd, 4318563.293, 95
Trd, 4318566.443, 93
Trd, 4318568.193, 89
Trd, 4318569.843, 88
Trd, 4318570.193, 87
Trd, 4318570.593, 93
Trd, 4318571.443, 95
Trd, 4318573.093, 94
Trd, 4318577.743, 94
Trd, 4318577.893, 89
Trd, 4318578.393, 89
Trd, 4318579.043, 88
Trd, 4318582.043, 94
Trd, 4318583.543, 91
Trd, 4318583.893, 95
Trd, 4318584.543, 95
Trd, 4318584.843, 91
Trd, 4318585.243, 80
Trd, 4318587.443, 94
Trd, 4318589.093, 95
Trd, 4318595.393, 92
Trd, 4318595.943, 91
Trd, 4318596.193, 94
Trd, 4318597.343, 91
Trd, 4318597.443, 94
Trd, 4318601.593, 90
Trd, 4318602.243, 94
Trd, 4318603.093, 94
Trd, 4318604.843, 89
Trd, 4318605.293, 89
Trd, 4318606.893, 88
Trd, 4318607.143, 94
Trd, 4318609.593, 94
Trd, 4318611.593, 95
Trd, 4318611.643, 92
Trd, 4318613.043, 116
Trd, 4318615.393, 98
Trd, 4318618.993, 98
Trd, 4318619.893, 98
Trd, 4318621.643, 92
Trd, 4318622.343, 92
Trd, 4318622.393, 97
Trd, 4318623.393, 97
Trd, 4318624.743, 95
Trd, 4318626.843, 92
Trd, 4318627.193, 95
Trd, 4318628.243, 91
Trd, 4318628.943, 90
Trd, 4318629.443, 96
Trd, 4318631.243, 90
Trd, 4318633.093, 95
Trd, 4318633.593, 110
Trd, 4318634.643, 100
Trd, 4318635.643, 92
Trd, 4318637.543, 113
Trd, 4318640.143, 97
Trd, 4318641.943, 96
Trd, 4318642.793, 92
Trd, 4318645.093, 96
Trd, 4318645.493, 95
Trd, 4318645.693, 91
Trd, 4318648.193, 97
Trd, 4318648.693, 95
Trd, 4318649.043, 89
Trd, 4318651.643, 99
Trd, 4318652.543, 99
Trd, 4318653.493, 91
Trd, 4318653.843, 80
Trd, 4318654.793, 98
Trd, 4318655.993, 94
Trd, 4318656.843, 95
Trd, 4318657.343, 111
Trd, 4318659.043, 99
Trd, 4318659.743, 87
Trd, 4318662.193, 100
Trd, 4318663.043, 95
Trd, 4318665.143, 99
Trd, 4318668.843, 94
Trd, 4318669.493, 98
Trd, 4318670.493, 97
Trd, 4318671.693, 94
Trd, 4318672.093, 93
Trd, 4318672.343, 96
Trd, 4318672.743, 97
Trd, 4318675.693, 97
Trd, 4318678.443, 94
Trd, 4318678.543, 96
Trd, 4318678.943, 96
Trd, 4318680.543, 96
Trd, 4318680.793, 94
Trd, 4318681.043, 90
Trd, 4318681.393, 93
Trd, 4318684.843, 92
Trd, 4318685.243, 91
Trd, 4318686.343, 96
Trd, 4318689.243, 93
Trd, 4318689.543, 90
Trd, 4318689.643, 95
Trd, 4318691.293, 90
Trd, 4318691.993, 93
Trd, 4318693.193, 93
Trd, 4318694.493, 90
Trd, 4318696.193, 98
Trd, 4318698.343, 95
Trd, 4318700.893, 95
Trd, 4318702.043, 94
Trd, 4318703.143, 95
Trd, 4318705.143, 92
Trd, 4318707.443, 92
Trd, 4318707.843, 95
Trd, 4318708.793, 92
Trd, 4318710.993, 94
Trd, 4318714.843, 91
Trd, 4318715.193, 94
Trd, 4318715.693, 93
Trd, 4318718.393, 93
Trd, 4318719.693, 94
Trd, 4318720.343, 95
Trd, 4318720.393, 92
Trd, 4318725.093, 96
Trd, 4318725.843, 118
Trd, 4318726.443, 100
Trd, 4318727.093, 114
Trd, 4318727.643, 99
Trd, 4318728.293, 89
Trd, 4318729.493, 90
Trd, 4318730.643, 96
Trd, 4318731.943, 98
Trd, 4318732.043, 96
Trd, 4318734.293, 95
Trd, 4318735.543, 96
Trd, 4318741.643, 94
Trd, 4318742.943, 96
Trd, 4318744.793, 93
Trd, 4318747.693, 92
Trd, 4318747.893, 96
Trd, 4318749.393, 95
Trd, 4318750.093, 95
Trd, 4318751.043, 95
Trd, 4318752.343, 91
Trd, 4318753.993, 95
Trd, 4318754.493, 92
Trd, 4318754.793, 91
Trd, 4318759.793, 91
Trd, 4318760.943, 87
Trd, 4318761.293, 87
Trd, 4318763.193, 95
Trd, 4318764.743, 107
Trd, 4318766.393, 90
Trd, 4318767.893, 91
Trd, 4318769.443, 91
Trd, 4318771.293, 89
Trd, 4318772.843, 91
Trd, 4318773.743, 88
Trd, 4318774.493, 93
Trd, 4318775.293, 96
Trd, 4318777.543, 94
Trd, 4318777.943, 92
Trd, 4318778.443, 94
Trd, 4318781.343, 91
Trd, 4318784.643, 94
Trd, 4318785.393, 92
Trd, 4318786.143, 91
Trd, 4318786.643, 94
Trd, 4318788.893, 90
Trd, 4318789.493, 94
Trd, 4318789.543, 94
Trd, 4318794.443, 90
Trd, 4318795.993, 93
Trd, 4318797.793, 95
Trd, 4318799.443, 95
Trd, 4318800.343, 105
Trd, 4318800.643, 96
Trd, 4318803.143, 93
Trd, 4318808.293, 96
Trd, 4318809.143, 96
Trd, 4318809.293, 93
Trd, 4318810.943, 96
Trd, 4318812.893, 94
Trd, 4318813.943, 96
Trd, 4318816.143, 94
Trd, 4318817.643, 96
Trd, 4318819.043, 93
Trd, 4318820.693, 95
Trd, 4318823.243, 95
Trd, 4318823.293, 95
Trd, 4318823.543, 92
Trd, 4318824.793, 93
Trd, 4318825.693, 95
Trd, 4318828.693, 98
Trd, 4318829.043, 96
Trd, 4318831.493, 97
Trd, 4318832.543, 96
Trd, 4318833.493, 99
Trd, 4318833.743, 100
Trd, 4318835.243, 100
Trd, 4318835.493, 94
Trd, 4318837.593, 93
Trd, 4318837.743, 97
Trd, 4318838.393, 109
Trd, 4318839.093, 101
Trd, 4318840.193, 79
Trd, 4318840.293, 96
Trd, 4318840.643, 91
Trd, 4318843.293, 92
Trd, 4318844.143, 90
Trd, 4318847.243, 88
Trd, 4318848.493, 89
Trd, 4318849.543, 90
Trd, 4318850.493, 91
Trd, 4318851.293, 113
Trd, 4318852.343, 99
Trd, 4318854.293, 96
Trd, 4318854.643, 98
Trd, 4318856.443, 94
Trd, 4318858.643, 105
Trd, 4318859.743, 118
Trd, 4318860.243, 102
Trd, 4318861.143, 104
Trd, 4318862.193, 109
Trd, 4318865.143, 101
Trd, 4318867.143, 93
Trd, 4318867.543, 98
Trd, 4318868.493, 100
Trd, 4318869.093, 112
Trd, 4318870.193, 105
Trd, 4318871.043, 98
Trd, 4318872.843, 96
Trd, 4318874.193, 96
Trd, 4318875.643, 98
Trd, 4318875.993, 96
Trd, 4318876.893, 100
Trd, 4318877.393, 66
Trd, 4318881.293, 86
Trd, 4318881.793, 97
Trd, 4318883.043, 97
Trd, 4318885.143, 94
Trd, 4318887.593, 97
Trd, 4318889.643, 97
Trd, 4318892.043, 93
Trd, 4318892.243, 95
Trd, 4318896.293, 93
Trd, 4318897.093, 97
Trd, 4318898.593, 92
Trd, 4318899.543, 97
Trd, 4318900.993, 98
Trd, 4318901.693, 90
Trd, 4318903.393, 98
Trd, 4318903.593, 91
Trd, 4318905.343, 98
Trd, 4318906.743, 92
Trd, 4318907.143, 97
Trd, 4318907.243, 98
Trd, 4318908.593, 92
Trd, 4318910.343, 95
Trd, 4318910.943, 96
Trd, 4318913.043, 113
Trd, 4318916.193, 101
Trd, 4318916.843, 100
Trd, 4318917.593, 100
Trd, 4318920.393, 97
Trd, 4318921.293, 100
Trd, 4318922.443, 100
Trd, 4318925.743, 100
Trd, 4318926.043, 100
Trd, 4318927.243, 96
Trd, 4318928.793, 100
Trd, 4318928.943, 94
Trd, 4318930.993, 99
Trd, 4318931.643, 99
Trd, 4318932.343, 97
Trd, 4318932.593, 93
Trd, 4318934.493, 104
Trd, 4318936.343, 98
Trd, 4318937.643, 87
Trd, 4318937.893, 88
Trd, 4318939.093, 93
Trd, 4318939.893, 94
Trd, 4318940.893, 92
Trd, 4318941.643, 95
Trd, 4318944.943, 92
Trd, 4318945.543, 91
Trd, 4318946.993, 90
Trd, 4318947.043, 95
Trd, 4318948.693, 90
Trd, 4318951.693, 93
Trd, 4318952.393, 88
Trd, 4318953.843, 93
Trd, 4318954.143, 95
Trd, 4318954.493, 88
Trd, 4318956.193, 95
Trd, 4318956.643, 87
Trd, 4318956.943, 95
Trd, 4318957.193, 101
Trd, 4318958.943, 94
Trd, 4318964.293, 97
Trd, 4318964.543, 97
Trd, 4318965.443, 94
Trd, 4318967.043, 93
Trd, 4318967.093, 98
Trd, 4318967.793, 92
Trd, 4318969.143, 86
Trd, 4318970.193, 98
Trd, 4318970.893, 99
Trd, 4318973.043, 99
Trd, 4318973.943, 96
Trd, 4318974.743, 94
Trd, 4318977.043, 94
Trd, 4318978.293, 99
Trd, 4318980.493, 99
Trd, 4318982.043, 93
Trd, 4318984.293, 96
Trd, 4318984.843, 96
Trd, 4318986.393, 95
Trd, 4318988.493, 96
Trd, 4318988.943, 95
Trd, 4318989.243, 93
Trd, 4318992.743, 95
Trd, 4318994.493, 95
Trd, 4318994.893, 96
Trd, 4318996.543, 92
Trd, 4319000.643, 96
Trd, 4319000.743, 91
Trd, 4319000.843, 96
Trd, 4319001.993, 95
Trd, 4319002.393, 95
Trd, 4319006.193, 93
Trd, 4319007.393, 95
Trd, 4319008.393, 92
Trd, 4319009.443, 95
Trd, 4319009.493, 91
Trd, 4319010.443, 95
Trd, 4319013.393, 91
Trd, 4319013.593, 91
Trd, 4319013.993, 91
Trd, 4319014.343, 95
Trd, 4319014.793, 93
Trd, 4319019.593, 95
Trd, 4319019.993, 96
Trd, 4319020.443, 92
Trd, 4319021.943, 92
Trd, 4319023.443, 92
Trd, 4319023.893, 109
Trd, 4319024.643, 101
Trd, 4319027.243, 95
Trd, 4319027.343, 91
Trd, 4319029.693, 83
Trd, 4319031.393, 86
Trd, 4319031.993, 87
Trd, 4319033.293, 87
Trd, 4319034.243, 89
Trd, 4319034.743, 117
Trd, 4319036.143, 98
Trd, 4319039.693, 91
Trd, 4319040.193, 94
Trd, 4319042.743, 95
Trd, 4319043.393, 91
Trd, 4319045.343, 94
Trd, 4319045.693, 96
Trd, 4319047.343, 90
Trd, 4319049.443, 90
Trd, 4319050.443, 89
Trd, 4319051.243, 95
Trd, 4319051.293, 95
Trd, 4319053.443, 95
Trd, 4319055.043, 95
Trd, 4319056.043, 95
Trd, 4319057.493, 91
Trd, 4319059.543, 93
Trd, 4319060.093, 91
Trd, 4319061.193, 95
Trd, 4319061.243, 90
Trd, 4319062.943, 95
Trd, 4319065.593, 95
Trd, 4319065.743, 83
Trd, 4319067.493, 95
Trd, 4319069.293, 93
Trd, 4319069.543, 93
Trd, 4319071.693, 94
Trd, 4319071.843, 93
Trd, 4319073.993, 92
Trd, 4319074.743, 91
Trd, 4319074.893, 81
Trd, 4319077.843, 95
Trd, 4319078.393, 94
Trd, 4319078.693, 89
Trd, 4319080.043, 93
Trd, 4319082.143, 107
Trd, 4319083.343, 97
Trd, 4319084.793, 100
Trd, 4319086.543, 100
Trd, 4319087.943, 104
Trd, 4319088.193, 94
Trd, 4319091.193, 97
Trd, 4319092.593, 100
Trd, 4319093.693, 93
Trd, 4319093.943, 100
Trd, 4319094.193, 101
Trd, 4319094.893, 95
Trd, 4319095.143, 95
Trd, 4319103.543, 100
Trd, 4319104.093, 97
Trd, 4319104.343, 96
Trd, 4319105.693, 100
Trd, 4319108.693, 96
Trd, 4319109.793, 100
Trd, 4319110.493, 99
Trd, 4319113.943, 100
Trd, 4319116.843, 98
Trd, 4319118.843, 96
Trd, 4319119.393, 97
Trd, 4319120.343, 96
Trd, 4319121.743, 98
Trd, 4319122.943, 67
Trd, 4319125.293, 87
Trd, 4319126.343, 95
Trd, 4319127.693, 95
Trd, 4319129.593, 91
Trd, 4319130.943, 95
Trd, 4319132.243, 96
Trd, 4319133.193, 97
Trd, 4319133.293, 96
Trd, 4319135.193, 97
Trd, 4319137.693, 97
Trd, 4319138.043, 96
Trd, 4319139.543, 95
Trd, 4319140.793, 94
Trd, 4319142.443, 97
Trd, 4319144.593, 97
Trd, 4319145.843, 93
Trd, 4319145.993, 97
Trd, 4319148.293, 92
Trd, 4319148.843, 97
Trd, 4319149.093, 92
Trd, 4319149.193, 128
Trd, 4319153.993, 99
Trd, 4319154.143, 98
Trd, 4319154.393, 98
Trd, 4319155.343, 91
Trd, 4319156.393, 98
Trd, 4319158.643, 96
Trd, 4319161.993, 98
Trd, 4319163.393, 98
Trd, 4319163.993, 96
Trd, 4319164.493, 98
Trd, 4319165.893, 114
Trd, 4319168.243, 101
Trd, 4319169.143, 100
Trd, 4319170.843, 100
Trd, 4319171.593, 102
Trd, 4319172.493, 103
Trd, 4319175.143, 102
Trd, 4319175.743, 99
Trd, 4319176.643, 94
Trd, 4319177.443, 97
Trd, 4319177.543, 100
Trd, 4319180.143, 96
Trd, 4319182.843, 95
Trd, 4319183.343, 98
Trd, 4319184.293, 98
Trd, 4319184.743, 112
Trd, 4319185.193, 105
Trd, 4319186.693, 112
Trd, 4319187.543, 113
Trd, 4319188.293, 106
Trd, 4319190.143, 105
Trd, 4319191.293, 94
Trd, 4319193.243, 102
Trd, 4319194.143, 105
Trd, 4319195.343, 105
Trd, 4319196.243, 101
Trd, 4319197.593, 101
Trd, 4319200.893, 104
Trd, 4319201.543, 104
Trd, 4319202.693, 100
Trd, 4319204.793, 104
Trd, 4319205.493, 92
Trd, 4319206.843, 98
Trd, 4319209.393, 95
Trd, 4319209.493, 94
Trd, 4319210.493, 100
Trd, 4319210.893, 76
Trd, 4319213.493, 94
Trd, 4319214.843, 93
Trd, 4319214.993, 97
Trd, 4319216.043, 94
Trd, 4319216.443, 91
Trd, 4319218.193, 94
Trd, 4319220.793, 92
Trd, 4319222.243, 97
Trd, 4319224.143, 94
Trd, 4319225.043, 91
Trd, 4319225.893, 95
Trd, 4319227.043, 106
Trd, 4319227.143, 113
Trd, 4319228.593, 71
Trd, 4319228.943, 84
Trd, 4319231.793, 100
Trd, 4319232.493, 99
Trd, 4319234.543, 93
Trd, 4319235.043, 97
Trd, 4319237.543, 97
Trd, 4319240.543, 97
Trd, 4319240.943, 96
Trd, 4319241.143, 97
Trd, 4319241.743, 97
Trd, 4319245.393, 97
Trd, 4319248.693, 95
Trd, 4319248.893, 94
Trd, 4319249.643, 94
Trd, 4319249.693, 97
Trd, 4319255.043, 96
Trd, 4319256.093, 93
Trd, 4319257.943, 95
Trd, 4319258.493, 92
Trd, 4319259.393, 77
Trd, 4319261.093, 84
Trd, 4319263.893, 86
Trd, 4319264.643, 89
Trd, 4319266.043, 88
Trd, 4319266.593, 106
Trd, 4319268.793, 93
Trd, 4319270.443, 89
Trd, 4319273.643, 88
Trd, 4319276.393, 92
Trd, 4319276.443, 92
Trd, 4319276.643, 95
Trd, 4319277.043, 89
Trd, 4319278.193, 92
Trd, 4319278.793, 94
Trd, 4319279.043, 90
Trd, 4319282.043, 93
Trd, 4319282.443, 94
Trd, 4319284.193, 92
Trd, 4319284.343, 109
Trd, 4319287.543, 96
Trd, 4319288.243, 93
Trd, 4319288.743, 97
Trd, 4319291.743, 93
Trd, 4319293.143, 94
Trd, 4319295.393, 92
Trd, 4319295.593, 92
Trd, 4319297.643, 91
Trd, 4319298.943, 90
Trd, 4319300.443, 95
Trd, 4319300.743, 96
Trd, 4319303.093, 89
Trd, 4319304.743, 88
Trd, 4319304.993, 95
Trd, 4319306.893, 93
Trd, 4319307.093, 93
Trd, 4319308.343, 88
Trd, 4319308.493, 93
Trd, 4319311.943, 88
Trd, 4319312.293, 93
Trd, 4319312.793, 95
Trd, 4319314.093, 95
Trd, 4319314.893, 92
Trd, 4319316.943, 92
Trd, 4319317.093, 94
Trd, 4319317.543, 92
Trd, 4319319.443, 95
Trd, 4319321.093, 95
Trd, 4319322.343, 91
Trd, 4319323.393, 95
Trd, 4319323.793, 95
Trd, 4319324.943, 94
Trd, 4319325.143, 90
Trd, 4319326.493, 95
Trd, 4319328.593, 95
Trd, 4319328.643, 95
Trd, 4319331.843, 93
Trd, 4319333.743, 95
Trd, 4319337.643, 93
Trd, 4319337.743, 92
Trd, 4319338.843, 95
Trd, 4319340.493, 96
Trd, 4319344.493, 92
Trd, 4319345.143, 96
Trd, 4319345.993, 91
Trd, 4319347.093, 97
Trd, 4319348.593, 94
Trd, 4319349.643, 95
Trd, 4319351.543, 96
Trd, 4319352.143, 106
Trd, 4319352.843, 94
Trd, 4319353.843, 104
Trd, 4319357.043, 105
Trd, 4319357.893, 93
Trd, 4319358.293, 108
Trd, 4319359.843, 93
Trd, 4319360.993, 99
Trd, 4319361.293, 100
Trd, 4319361.993, 102
Trd, 4319362.643, 98
Trd, 4319366.893, 101
Trd, 4319366.943, 97
Trd, 4319370.043, 96
Trd, 4319370.393, 101
Trd, 4319372.143, 95
Trd, 4319372.293, 101
Trd, 4319375.843, 101
Trd, 4319377.143, 100
Trd, 4319378.093, 100
Trd, 4319378.393, 96
Trd, 4319380.893, 100
Trd, 4319383.093, 96
Trd, 4319383.243, 95
Trd, 4319384.193, 94
Trd, 4319385.043, 100
Trd, 4319387.243, 100
Trd, 4319388.493, 96
Trd, 4319391.343, 100
Trd, 4319391.393, 100
Trd, 4319392.493, 97
Trd, 4319392.993, 100
Trd, 4319394.843, 101
Trd, 4319395.243, 94
Trd, 4319398.443, 100
Trd, 4319398.693, 101
Trd, 4319401.143, 93
Trd, 4319403.643, 98
Trd, 4319403.943, 95
Trd, 4319406.393, 98
Trd, 4319406.443, 93
Trd, 4319407.493, 95
Trd, 4319407.743, 97
Trd, 4319408.993, 94
Trd, 4319411.943, 97
Trd, 4319412.243, 93
Trd, 4319413.143, 93
Trd, 4319416.593, 92
Trd, 4319418.843, 95
Trd, 4319419.043, 96
Trd, 4319419.693, 92
Trd, 4319420.543, 91
Trd, 4319420.793, 95
Trd, 4319421.393, 96
Trd, 4319423.193, 90
Trd, 4319429.043, 94
Trd, 4319429.943, 90
Trd, 4319429.993, 95
Trd, 4319433.693, 89
Trd, 4319433.793, 93
Trd, 4319433.943, 89
Trd, 4319437.443, 93
Trd, 4319437.693, 93
Trd, 4319437.843, 95
Trd, 4319439.443, 88
Trd, 4319442.843, 88
Trd, 4319443.593, 89
Trd, 4319444.643, 92
Trd, 4319445.093, 95
Trd, 4319446.743, 115
Trd, 4319448.643, 93
Trd, 4319449.643, 97
Trd, 4319450.993, 93
Trd, 4319451.593, 95
Trd, 4319453.493, 94
Trd, 4319455.443, 93
Trd, 4319455.993, 95
Trd, 4319458.043, 95
Trd, 4319458.993, 92
Trd, 4319459.143, 95
Trd, 4319460.943, 92
Trd, 4319465.743, 94
Trd, 4319465.843, 94
Trd, 4319465.943, 93
Trd, 4319467.993, 94
Trd, 4319468.043, 95
Trd, 4319470.743, 109
Trd, 4319473.393, 99
Trd, 4319475.043, 87
Trd, 4319475.943, 86
Trd, 4319476.493, 90
Trd, 4319477.043, 90
Trd, 4319477.343, 100
Trd, 4319478.493, 96
Trd, 4319479.093, 89
Trd, 4319482.493, 100
Trd, 4319482.943, 113
Trd, 4319483.943, 103
Trd, 4319486.043, 99
Trd, 4319486.343, 100
Trd, 4319488.443, 95
Trd, 4319488.493, 97
Trd, 4319490.093, 97
Trd, 4319490.393, 113
Trd, 4319491.343, 74
Trd, 4319491.793, 86
Trd, 4319492.543, 91
Trd, 4319493.443, 93
Trd, 4319494.593, 85
Trd, 4319497.493, 91
Trd, 4319498.693, 96
Trd, 4319498.843, 120
Trd, 4319499.043, 97
Trd, 4319500.493, 95
Trd, 4319500.893, 96
Trd, 4319502.393, 96
Trd, 4319504.343, 96
Trd, 4319504.443, 96
Trd, 4319505.143, 110
Trd, 4319508.093, 100
Trd, 4319509.193, 98
Trd, 4319513.093, 97
Trd, 4319513.443, 99
Trd, 4319513.593, 101
Trd, 4319514.593, 94
Trd, 4319516.043, 99
Trd, 4319518.343, 99
Trd, 4319519.293, 92
Trd, 4319520.943, 88
Trd, 4319522.043, 89
Trd, 4319522.143, 96
Trd, 4319522.993, 90
Trd, 4319523.043, 110
Trd, 4319526.943, 92
Trd, 4319528.343, 90
Trd, 4319528.893, 105
Trd, 4319530.193, 94
Trd, 4319530.343, 96
Trd, 4319531.243, 90
Trd, 4319532.593, 95
Trd, 4319532.993, 89
Trd, 4319538.243, 93
Trd, 4319538.893, 94
Trd, 4319538.943, 89
Trd, 4319539.443, 95
Trd, 4319541.643, 95
Trd, 4319542.293, 95
Trd, 4319542.943, 95
Trd, 4319543.293, 109
Trd, 4319543.893, 93
Trd, 4319545.193, 93
Trd, 4319547.293, 102
Trd, 4319547.793, 119
Trd, 4319548.343, 106
Trd, 4319549.693, 112
Trd, 4319550.693, 108
Trd, 4319551.643, 107
Trd, 4319551.893, 106
Trd, 4319552.943, 112
Trd, 4319553.793, 105
Trd, 4319553.893, 91
Trd, 4319554.493, 104
Trd, 4319555.943, 89
Trd, 4319558.443, 89
Trd, 4319560.543, 90
Trd, 4319561.493, 89
Trd, 4319561.643, 88
Trd, 4319562.593, 87
Trd, 4319563.243, 107
Trd, 4319564.243, 95
Trd, 4319566.543, 91
Trd, 4319567.593, 107
Trd, 4319567.843, 92
Trd, 4319569.643, 92
Trd, 4319570.143, 92
Trd, 4319571.243, 90
Trd, 4319574.843, 90
Trd, 4319575.093, 96
Trd, 4319577.443, 94
Trd, 4319579.393, 91
Trd, 4319579.943, 94
Trd, 4319581.693, 90
Trd, 4319582.143, 94
Trd, 4319582.643, 90
Trd, 4319584.993, 95
Trd, 4319586.943, 96
Trd, 4319587.443, 93
Trd, 4319588.143, 95
Trd, 4319589.393, 91
Trd, 4319590.893, 96
Trd, 4319596.043, 91
Trd, 4319597.443, 94
Trd, 4319598.093, 95
Trd, 4319598.193, 89
Trd, 4319598.543, 95
Trd, 4319599.693, 94
Trd, 4319601.593, 95
Trd, 4319602.443, 95
Trd, 4319603.393, 99
Trd, 4319603.593, 99
Trd, 4319604.193, 98
Trd, 4319605.593, 91
Trd, 4319609.743, 96
Trd, 4319609.843, 97
Trd, 4319611.743, 95
Trd, 4319612.393, 98
Trd, 4319613.543, 95
Trd, 4319613.993, 118
Trd, 4319614.343, 94
Trd, 4319618.343, 101
Trd, 4319622.743, 101
Trd, 4319622.943, 101
Trd, 4319624.393, 97
Trd, 4319625.893, 99
Trd, 4319627.993, 97
Trd, 4319629.543, 98
Trd, 4319630.643, 96
Trd, 4319631.643, 95
Trd, 4319633.843, 98
Trd, 4319634.293, 98
Trd, 4319635.943, 100
Trd, 4319636.443, 100
Trd, 4319638.443, 99
Trd, 4319638.693, 100
Trd, 4319639.993, 100
Trd, 4319640.093, 100
Trd, 4319643.193, 98
Trd, 4319643.643, 98
Trd, 4319645.093, 94
Trd, 4319646.493, 100
Trd, 4319648.043, 115
Trd, 4319649.593, 96
Trd, 4319651.693, 102
Trd, 4319652.093, 101
Trd, 4319653.443, 97
Trd, 4319656.493, 102
Trd, 4319656.843, 102
Trd, 4319658.343, 96
Trd, 4319658.993, 99
Trd, 4319660.893, 96
Trd, 4319662.743, 98
Trd, 4319662.793, 95
Trd, 4319663.443, 98
Trd, 4319664.993, 99
Trd, 4319665.893, 69
Trd, 4319666.643, 88
Trd, 4319670.043, 94
Trd, 4319672.193, 94
Trd, 4319674.743, 90
Trd, 4319675.043, 89
Trd, 4319676.393, 88
Trd, 4319679.543, 88
Trd, 4319679.993, 93
Trd, 4319680.293, 86
Trd, 4319680.443, 93
Trd, 4319681.643, 104
Trd, 4319682.843, 94
Trd, 4319684.893, 96
Trd, 4319685.793, 96
Trd, 4319686.393, 96
Trd, 4319687.343, 97
Trd, 4319688.443, 108
Trd, 4319688.493, 99
Trd, 4319692.243, 100
Trd, 4319694.643, 100
Trd, 4319694.743, 99
Trd, 4319695.293, 115
Trd, 4319695.843, 90
Trd, 4319695.993, 77
Trd, 4319697.443, 103
Trd, 4319700.793, 101
Trd, 4319702.593, 103
Trd, 4319703.393, 101
Trd, 4319704.243, 95
Trd, 4319705.793, 71
Trd, 4319707.143, 86
Trd, 4319708.293, 83
Trd, 4319708.493, 88
Trd, 4319709.443, 81
Trd, 4319711.343, 94
Trd, 4319713.193, 97
Trd, 4319714.543, 101
Trd, 4319715.493, 96
Trd, 4319718.293, 97
Trd, 4319719.893, 92
Trd, 4319720.143, 96
Trd, 4319720.543, 98
Trd, 4319721.843, 100
Trd, 4319723.293, 116
Trd, 4319724.243, 107
Trd, 4319725.243, 103
Trd, 4319725.393, 94
Trd, 4319726.193, 102
Trd, 4319727.793, 101
Trd, 4319728.893, 79
Trd, 4319729.093, 102
Trd, 4319729.793, 97
Trd, 4319730.693, 99
Trd, 4319732.543, 101
Trd, 4319733.443, 115
Trd, 4319733.543, 101
Trd, 4319734.293, 103
Trd, 4319738.143, 100
Trd, 4319739.493, 100
Trd, 4319741.343, 107
Trd, 4319741.393, 114
Trd, 4319743.293, 103
Trd, 4319744.193, 95
Trd, 4319746.593, 94
Trd, 4319746.743, 100
Trd, 4319747.493, 100
Trd, 4319749.743, 99
Trd, 4319751.843, 96
Trd, 4319752.443, 99
Trd, 4319753.593, 99
Trd, 4319756.443, 99
Trd, 4319758.143, 82
Trd, 4319759.543, 95
Trd, 4319762.843, 98
Trd, 4319765.093, 94
Trd, 4319766.043, 94
Trd, 4319767.593, 97
Trd, 4319770.143, 97
Trd, 4319771.493, 94
Trd, 4319772.543, 97
Trd, 4319772.893, 97
Trd, 4319773.593, 94
Trd, 4319773.893, 93
Trd, 4319776.443, 103
Trd, 4319777.943, 97
Trd, 4319778.193, 98
Trd, 4319778.543, 95
Trd, 4319779.643, 93
Trd, 4319781.543, 93
Trd, 4319782.543, 92
Trd, 4319785.693, 92
Trd, 4319786.293, 77
Trd, 4319787.093, 94
Trd, 4319787.493, 95
Trd, 4319788.093, 89
Trd, 4319791.093, 90
Trd, 4319791.143, 92
Trd, 4319792.143, 88
Trd, 4319794.093, 90
Trd, 4319795.743, 87
Trd, 4319797.443, 89
Trd, 4319798.143, 91
Trd, 4319798.643, 92
Trd, 4319800.193, 91
Trd, 4319802.593, 89
Trd, 4319802.993, 95
Trd, 4319803.043, 90
Trd, 4319805.043, 94
Trd, 4319807.243, 93
Trd, 4319808.043, 95
Trd, 4319808.293, 101
Trd, 4319810.543, 91
Trd, 4319811.143, 94
Trd, 4319814.993, 90
Trd, 4319815.093, 93
Trd, 4319815.893, 92
Trd, 4319817.193, 102
Trd, 4319817.593, 107
Trd, 4319818.343, 98
Trd, 4319819.443, 98
Trd, 4319820.193, 94
Trd, 4319821.843, 98
Trd, 4319823.493, 95
Trd, 4319823.893, 107
Trd, 4319827.143, 95
Trd, 4319827.843, 96
Trd, 4319828.493, 98
Trd, 4319828.643, 66
Trd, 4319831.143, 93
Trd, 4319833.293, 95
Trd, 4319833.993, 93
Trd, 4319834.243, 93
Trd, 4319835.743, 115
Trd, 4319838.643, 100
Trd, 4319840.143, 100
Trd, 4319840.943, 101
Trd, 4319842.843, 99
Trd, 4319845.743, 97
Trd, 4319846.843, 99
Trd, 4319850.993, 99
Trd, 4319852.593, 97
Trd, 4319853.743, 98
Trd, 4319854.143, 94
Trd, 4319854.993, 94
Trd, 4319855.593, 95
Trd, 4319856.243, 98
Trd, 4319858.093, 93
Trd, 4319858.543, 92
Trd, 4319861.043, 94
Trd, 4319862.093, 93
Trd, 4319862.743, 99
Trd, 4319864.093, 91
Trd, 4319865.743, 113
Trd, 4319866.393, 104
Trd, 4319868.393, 102
Trd, 4319868.693, 104
Trd, 4319868.893, 102
Trd, 4319872.893, 106
Trd, 4319873.693, 102
Trd, 4319878.443, 101
Trd, 4319878.693, 99
Trd, 4319880.543, 103
Trd, 4319884.393, 100
Trd, 4319884.543, 99
Trd, 4319887.243, 103
Trd, 4319889.043, 101
Trd, 4319892.943, 102
Trd, 4319893.343, 98
Trd, 4319895.843, 97
Trd, 4319896.893, 94
Trd, 4319896.993, 83
Trd, 4319898.343, 93
Trd, 4319898.893, 90
Trd, 4319899.443, 95
Trd, 4319900.793, 122
Trd, 4319901.243, 99
Trd, 4319901.943, 78
Trd, 4319902.193, 86
Trd, 4319904.693, 95
Trd, 4319905.193, 112
Trd, 4319906.193, 67
Trd, 4319907.443, 98
Trd, 4319908.393, 92
Trd, 4319912.343, 91
Trd, 4319913.193, 92
Trd, 4319914.293, 96
Trd, 4319917.143, 91
Trd, 4319919.143, 93
Trd, 4319919.243, 96
Trd, 4319921.593, 97
Trd, 4319922.443, 98
Trd, 4319923.193, 115
Trd, 4319923.293, 95
Trd, 4319923.393, 93
Trd, 4319925.593, 97
Trd, 4319926.043, 93
Trd, 4319926.293, 100
Trd, 4319929.793, 100
Trd, 4319930.193, 101
Trd, 4319931.043, 110
Trd, 4319933.793, 86
Trd, 4319934.143, 98
Trd, 4319934.693, 99
Trd, 4319935.593, 87
Trd, 4319937.643, 98
Trd, 4319938.893, 97
Trd, 4319939.093, 100
Trd, 4319941.143, 98
Trd, 4319941.493, 108
Trd, 4319942.443, 103
Trd, 4319943.193, 101
Trd, 4319944.543, 102
Trd, 4319945.393, 99
Trd, 4319946.193, 94
Trd, 4319946.943, 103
Trd, 4319948.393, 92
Trd, 4319949.443, 92
Trd, 4319951.143, 104
Trd, 4319952.243, 91
Trd, 4319953.093, 84
Trd, 4319953.243, 86
Trd, 4319953.393, 110
Trd, 4319957.943, 95
Trd, 4319957.993, 103
Trd, 4319958.943, 96
Trd, 4319959.693, 90
Trd, 4319960.843, 90
Trd, 4319962.093, 91
Trd, 4319962.343, 91
Trd, 4319962.893, 107
Trd, 4319964.843, 93
Trd, 4319965.443, 99
Trd, 4319966.993, 90
Trd, 4319970.593, 95
Trd, 4319971.143, 95
Trd, 4319971.693, 91
Trd, 4319973.143, 91
Trd, 4319974.943, 96
Trd, 4319975.543, 102
Trd, 4319976.443, 93
Trd, 4319978.293, 97
Trd, 4319978.993, 97
Trd, 4319980.743, 94
Trd, 4319983.593, 94
Trd, 4319984.743, 93
Trd, 4319984.843, 97
Trd, 4319986.543, 97
Trd, 4319987.993, 100
Trd, 4319988.893, 98
Trd, 4319990.143, 99
Trd, 4319993.193, 92
Trd, 4319994.593, 109
Trd, 4319995.693, 102
Trd, 4319996.093, 95
Trd, 4319998.893, 95
