Trd, 4317809.043, 86
Trd, 4317809.643, 87
Trd, 4317812.093, 85
Trd, 4317814.343, 87
Trd, 4317815.843, 87
Trd, 4317817.943, 86
Trd, 4317819.943, 86
Trd, 4317820.993, 86
Trd, 4317822.193, 87
Trd, 4317822.243, 87
Trd, 4317825.093, 87
Trd, 4317825.943, 86
Trd, 4317826.343, 87
Trd, 4317826.843, 86
Trd, 4317828.693, 86
Trd, 4317829.993, 86
Trd, 4317830.893, 86
Trd, 4317835.593, 86
Trd, 4317836.093, 86
Trd, 4317838.193, 85
Trd, 4317838.493, 86
Trd, 4317841.093, 91
Trd, 4317842.543, 90
Trd, 4317843.193, 90
Trd, 4317843.243, 90
Trd, 4317844.443, 90
Trd, 4317844.843, 89
Trd, 4317848.443, 91
Trd, 4317849.193, 91
Trd, 4317850.093, 89
Trd, 4317850.793, 89
Trd, 4317851.193, 85
Trd, 4317854.643, 93
Trd, 4317857.693, 94
Trd, 4317857.793, 91
Trd, 4317859.743, 91
Trd, 4317860.493, 91
Trd, 4317862.593, 92
Trd, 4317863.793, 92
Trd, 4317866.193, 91
Trd, 4317866.593, 91
Trd, 4317866.793, 92
Trd, 4317869.343, 92
Trd, 4317870.393, 92
Trd, 4317871.143, 91
Trd, 4317873.943, 91
Trd, 4317874.093, 90
Trd, 4317875.693, 90
Trd, 4317878.693, 90
Trd, 4317879.193, 91
Trd, 4317881.793, 90
Trd, 4317882.193, 90
Trd, 4317882.543, 90
Trd, 4317884.443, 89
Trd, 4317886.893, 89
Trd, 4317888.293, 90
Trd, 4317890.543, 89
Trd, 4317895.743, 90
Trd, 4317897.043, 89
Trd, 4317897.443, 88
Trd, 4317899.793, 88
Trd, 4317899.843, 88
Trd, 4317901.793, 87
Trd, 4317903.843, 89
Trd, 4317908.293, 91
Trd, 4317908.393, 89
Trd, 4317910.093, 89
Trd, 4317910.343, 89
Trd, 4317914.093, 91
Trd, 4317914.143, 90
Trd, 4317916.543, 93
Trd, 4317919.443, 93
Trd, 4317921.193, 93
Trd, 4317921.593, 93
Trd, 4317921.843, 93
Trd, 4317924.043, 92
Trd, 4317925.143, 93
Trd, 4317927.693, 92
Trd, 4317927.993, 91
Trd, 4317928.993, 91
Trd, 4317931.093, 94
Trd, 4317934.043, 95
Trd, 4317935.043, 95
Trd, 4317935.543, 95
Trd, 4317936.543, 94
Trd, 4317937.593, 95
Trd, 4317939.243, 93
Trd, 4317940.643, 93
Trd, 4317941.093, 92
Trd, 4317942.843, 92
Trd, 4317944.343, 91
Trd, 4317946.193, 92
Trd, 4317948.143, 91
Trd, 4317951.493, 91
Trd, 4317952.893, 92
Trd, 4317954.943, 91
Trd, 4317956.693, 90
Trd, 4317957.093, 90
Trd, 4317959.743, 89
Trd, 4317960.243, 89
Trd, 4317963.243, 91
Trd, 4317964.643, 90
Trd, 4317965.043, 90
Trd, 4317967.193, 91
Trd, 4317970.593, 90
Trd, 4317971.293, 89
Trd, 4317971.543, 90
Trd, 4317974.793, 89
Trd, 4317974.993, 90
Trd, 4317975.943, 91
Trd, 4317977.443, 90
Trd, 4317981.643, 90
Trd, 4317981.993, 89
Trd, 4317983.093, 89
Trd, 4317983.243, 89
Trd, 4317985.543, 90
Trd, 4317987.793, 93
Trd, 4317988.193, 94
Trd, 4317988.793, 92
Trd, 4317989.893, 93
Trd, 4317991.143, 92
Trd, 4317992.193, 91
Trd, 4317994.993, 92
Trd, 4317996.093, 92
Trd, 4317997.243, 90
Trd, 4318000.843, 91
Trd, 4318001.243, 91
Trd, 4318002.843, 91
Trd, 4318003.993, 92
Trd, 4318006.393, 92
Trd, 4318006.843, 91
Trd, 4318007.393, 91
Trd, 4318011.943, 91
Trd, 4318012.643, 90
Trd, 4318013.193, 90
Trd, 4318015.643, 90
Trd, 4318017.193, 91
Trd, 4318017.293, 90
Trd, 4318020.593, 90
Trd, 4318020.943, 89
Trd, 4318022.693, 89
Trd, 4318025.093, 90
Trd, 4318026.993, 89
Trd, 4318030.043, 91
Trd, 4318031.293, 91
Trd, 4318035.893, 89
Trd, 4318036.393, 90
Trd, 4318036.993, 89
Trd, 4318040.243, 89
Trd, 4318043.743, 89
Trd, 4318043.893, 88
Trd, 4318045.443, 88
Trd, 4318047.643, 89
Trd, 4318048.043, 88
Trd, 4318049.493, 89
Trd, 4318050.043, 88
Trd, 4318052.893, 88
Trd, 4318053.493, 89
Trd, 4318057.743, 88
Trd, 4318057.843, 89
Trd, 4318062.043, 90
Trd, 4318062.743, 89
Trd, 4318063.843, 88
Trd, 4318065.043, 88
Trd, 4318065.093, 87
Trd, 4318069.693, 87
Trd, 4318070.893, 87
Trd, 4318071.443, 86
Trd, 4318075.443, 88
Trd, 4318076.793, 87
Trd, 4318077.193, 87
Trd, 4318078.093, 87
Trd, 4318078.443, 87
Trd, 4318080.793, 87
Trd, 4318085.143, 86
Trd, 4318086.593, 86
Trd, 4318087.693, 86
Trd, 4318088.293, 86
Trd, 4318088.893, 87
Trd, 4318091.843, 87
Trd, 4318092.743, 87
Trd, 4318092.793, 86
Trd, 4318094.393, 86
Trd, 4318096.393, 86
Trd, 4318097.543, 86
Trd, 4318097.693, 85
Trd, 4318101.043, 86
Trd, 4318101.643, 85
Trd, 4318103.293, 87
Trd, 4318104.593, 85
Trd, 4318107.193, 85
Trd, 4318108.093, 86
Trd, 4318109.843, 91
Trd, 4318110.993, 90
Trd, 4318111.293, 89
Trd, 4318112.693, 89
Trd, 4318117.693, 88
Trd, 4318118.293, 89
Trd, 4318120.243, 87
Trd, 4318121.343, 88
Trd, 4318125.893, 87
Trd, 4318126.743, 86
Trd, 4318126.993, 87
Trd, 4318128.793, 86
Trd, 4318129.943, 86
Trd, 4318133.343, 87
Trd, 4318135.793, 86
Trd, 4318136.893, 85
Trd, 4318137.643, 85
Trd, 4318138.293, 85
Trd, 4318138.443, 86
Trd, 4318141.293, 92
Trd, 4318143.443, 91
Trd, 4318145.143, 91
Trd, 4318146.543, 91
Trd, 4318147.143, 90
Trd, 4318150.343, 92
Trd, 4318150.543, 89
Trd, 4318151.943, 91
Trd, 4318153.693, 90
Trd, 4318154.443, 90
Trd, 4318155.343, 91
Trd, 4318160.093, 90
Trd, 4318160.343, 91
Trd, 4318160.493, 90
Trd, 4318161.193, 90
Trd, 4318164.593, 89
Trd, 4318165.093, 89
Trd, 4318166.443, 89
Trd, 4318167.593, 89
Trd, 4318170.193, 89
Trd, 4318172.043, 88
Trd, 4318173.193, 88
Trd, 4318174.743, 90
Trd, 4318176.593, 89
Trd, 4318179.643, 90
Trd, 4318180.143, 90
Trd, 4318181.443, 89
Trd, 4318181.993, 89
Trd, 4318184.493, 89
Trd, 4318185.693, 88
Trd, 4318186.393, 88
Trd, 4318187.093, 87
Trd, 4318187.543, 88
Trd, 4318188.693, 87
Trd, 4318191.143, 88
Trd, 4318192.193, 87
Trd, 4318198.093, 89
Trd, 4318198.593, 87
Trd, 4318202.743, 88
Trd, 4318202.893, 87
Trd, 4318203.693, 87
Trd, 4318206.393, 87
Trd, 4318206.943, 86
Trd, 4318209.243, 86
Trd, 4318209.643, 85
Trd, 4318209.693, 86
Trd, 4318213.443, 91
Trd, 4318213.493, 88
Trd, 4318214.543, 88
Trd, 4318216.843, 88
Trd, 4318218.243, 91
Trd, 4318218.793, 90
Trd, 4318221.893, 90
Trd, 4318223.393, 90
Trd, 4318224.193, 89
Trd, 4318224.593, 90
Trd, 4318225.993, 89
Trd, 4318229.093, 89
Trd, 4318230.243, 88
Trd, 4318235.243, 89
Trd, 4318235.293, 87
Trd, 4318236.493, 87
Trd, 4318237.693, 86
Trd, 4318239.393, 86
Trd, 4318241.393, 86
Trd, 4318243.893, 85
Trd, 4318244.593, 87
Trd, 4318247.493, 87
Trd, 4318248.843, 86
Trd, 4318251.493, 88
Trd, 4318253.093, 87
Trd, 4318254.393, 87
Trd, 4318255.043, 87
Trd, 4318258.393, 89
Trd, 4318258.743, 87
Trd, 4318259.393, 88
Trd, 4318260.193, 87
Trd, 4318262.143, 88
Trd, 4318263.493, 87
Trd, 4318267.693, 87
Trd, 4318268.293, 86
Trd, 4318270.843, 89
Trd, 4318272.743, 89
Trd, 4318275.493, 88
Trd, 4318275.943, 88
Trd, 4318277.243, 88
Trd, 4318278.093, 87
Trd, 4318281.043, 87
Trd, 4318282.043, 88
Trd, 4318284.393, 86
Trd, 4318285.143, 88
Trd, 4318286.343, 92
Trd, 4318288.443, 91
Trd, 4318289.693, 91
Trd, 4318290.643, 90
Trd, 4318292.793, 91
Trd, 4318293.693, 93
Trd, 4318297.993, 92
Trd, 4318298.243, 92
Trd, 4318298.993, 91
Trd, 4318300.593, 91
Trd, 4318302.843, 90
Trd, 4318303.993, 88
Trd, 4318305.543, 89
Trd, 4318306.843, 90
Trd, 4318309.393, 89
Trd, 4318310.043, 88
Trd, 4318311.693, 89
Trd, 4318313.893, 89
Trd, 4318314.843, 89
Trd, 4318315.193, 89
Trd, 4318315.543, 88
Trd, 4318316.843, 88
Trd, 4318320.643, 88
Trd, 4318321.543, 88
Trd, 4318322.643, 87
Trd, 4318326.193, 87
Trd, 4318326.243, 87
Trd, 4318327.693, 87
Trd, 4318331.343, 86
Trd, 4318331.493, 86
Trd, 4318333.993, 86
Trd, 4318335.093, 86
Trd, 4318335.193, 87
Trd, 4318337.893, 95
Trd, 4318338.593, 94
Trd, 4318339.943, 93
Trd, 4318340.893, 92
Trd, 4318341.493, 91
Trd, 4318343.793, 92
Trd, 4318343.943, 92
Trd, 4318344.093, 91
Trd, 4318346.093, 91
Trd, 4318348.043, 90
Trd, 4318348.793, 90
Trd, 4318351.143, 97
Trd, 4318352.693, 95
Trd, 4318354.343, 95
Trd, 4318356.043, 94
Trd, 4318356.143, 94
Trd, 4318357.293, 94
Trd, 4318362.093, 97
Trd, 4318363.193, 97
Trd, 4318365.293, 96
Trd, 4318365.443, 96
Trd, 4318366.093, 96
Trd, 4318368.393, 95
Trd, 4318370.343, 95
Trd, 4318371.093, 95
Trd, 4318372.043, 94
Trd, 4318374.993, 94
Trd, 4318376.593, 95
Trd, 4318376.743, 94
Trd, 4318377.043, 93
Trd, 4318381.043, 93
Trd, 4318384.393, 93
Trd, 4318385.243, 92
Trd, 4318385.943, 92
Trd, 4318388.893, 92
Trd, 4318389.093, 91
Trd, 4318389.593, 91
Trd, 4318392.043, 92
Trd, 4318394.893, 90
Trd, 4318395.293, 89
Trd, 4318395.493, 90
Trd, 4318396.793, 91
Trd, 4318398.693, 90
Trd, 4318398.743, 88
Trd, 4318400.343, 89
Trd, 4318401.393, 88
Trd, 4318402.143, 88
Trd, 4318404.193, 87
Trd, 4318406.293, 88
Trd, 4318407.643, 89
Trd, 4318409.643, 89
Trd, 4318411.443, 89
Trd, 4318411.493, 89
Trd, 4318412.793, 89
Trd, 4318413.543, 88
Trd, 4318418.043, 88
Trd, 4318420.093, 90
Trd, 4318420.143, 89
Trd, 4318421.293, 89
Trd, 4318423.043, 88
Trd, 4318423.943, 88
Trd, 4318429.093, 90
Trd, 4318430.343, 89
Trd, 4318430.793, 89
Trd, 4318431.043, 88
Trd, 4318431.243, 88
Trd, 4318432.793, 88
Trd, 4318435.693, 88
Trd, 4318436.193, 87
Trd, 4318439.593, 87
Trd, 4318439.693, 87
Trd, 4318440.643, 88
Trd, 4318443.293, 92
Trd, 4318443.843, 90
Trd, 4318444.643, 89
Trd, 4318445.093, 88
Trd, 4318449.593, 90
Trd, 4318449.993, 91
Trd, 4318451.293, 90
Trd, 4318453.843, 89
Trd, 4318454.293, 91
Trd, 4318455.543, 90
Trd, 4318457.743, 89
Trd, 4318458.393, 89
Trd, 4318460.893, 89
Trd, 4318462.693, 90
Trd, 4318462.743, 89
Trd, 4318467.293, 92
Trd, 4318468.343, 91
Trd, 4318470.093, 91
Trd, 4318470.593, 91
Trd, 4318472.393, 99
Trd, 4318473.343, 97
Trd, 4318475.193, 98
Trd, 4318475.893, 97
Trd, 4318476.043, 97
Trd, 4318479.943, 96
Trd, 4318481.243, 95
Trd, 4318483.843, 94
Trd, 4318484.643, 95
Trd, 4318486.943, 95
Trd, 4318488.193, 95
Trd, 4318490.093, 95
Trd, 4318491.043, 94
Trd, 4318492.643, 94
Trd, 4318492.843, 94
Trd, 4318493.893, 95
Trd, 4318495.193, 94
Trd, 4318496.193, 95
Trd, 4318497.693, 95
Trd, 4318498.893, 97
Trd, 4318502.393, 96
Trd, 4318504.643, 95
Trd, 4318505.593, 95
Trd, 4318507.243, 95
Trd, 4318509.493, 95
Trd, 4318509.893, 95
Trd, 4318510.093, 95
Trd, 4318510.743, 95
Trd, 4318511.743, 95
Trd, 4318513.543, 94
Trd, 4318515.943, 95
Trd, 4318516.493, 95
Trd, 4318516.743, 93
Trd, 4318518.543, 90
Trd, 4318518.793, 90
Trd, 4318522.143, 92
Trd, 4318522.843, 94
Trd, 4318524.993, 93
Trd, 4318525.093, 93
Trd, 4318525.743, 93
Trd, 4318526.543, 92
Trd, 4318527.093, 92
Trd, 4318530.693, 95
Trd, 4318532.793, 98
Trd, 4318533.943, 98
Trd, 4318534.193, 97
Trd, 4318536.443, 97
Trd, 4318536.593, 97
Trd, 4318536.993, 96
Trd, 4318540.943, 96
Trd, 4318542.493, 95
Trd, 4318543.143, 95
Trd, 4318545.143, 95
Trd, 4318546.143, 94
Trd, 4318546.343, 93
Trd, 4318547.743, 93
Trd, 4318547.943, 93
Trd, 4318548.243, 93
Trd, 4318550.993, 97
Trd, 4318552.143, 96
Trd, 4318553.993, 95
Trd, 4318554.093, 95
Trd, 4318557.243, 94
Trd, 4318557.993, 94
Trd, 4318560.343, 94
Trd, 4318560.893, 94
Trd, 4318562.043, 93
Trd, 4318562.693, 93
Trd, 4318567.693, 93
Trd, 4318567.893, 93
Trd, 4318567.993, 94
Trd, 4318569.343, 92
Trd, 4318572.443, 92
Trd, 4318574.593, 91
Trd, 4318574.843, 93
Trd, 4318576.593, 95
Trd, 4318578.093, 93
Trd, 4318578.593, 93
Trd, 4318580.843, 92
Trd, 4318581.243, 93
Trd, 4318583.043, 92
Trd, 4318585.943, 91
Trd, 4318587.043, 91
Trd, 4318587.293, 90
Trd, 4318588.943, 90
Trd, 4318591.093, 89
Trd, 4318593.793, 90
Trd, 4318595.293, 88
Trd, 4318597.543, 88
Trd, 4318599.593, 89
Trd, 4318602.593, 88
Trd, 4318603.093, 88
Trd, 4318606.593, 90
Trd, 4318608.043, 89
Trd, 4318608.243, 89
Trd, 4318608.843, 88
Trd, 4318609.543, 88
Trd, 4318613.243, 90
Trd, 4318614.093, 90
Trd, 4318614.793, 90
Trd, 4318618.343, 91
Trd, 4318621.043, 89
Trd, 4318621.143, 89
Trd, 4318622.343, 88
Trd, 4318622.693, 90
Trd, 4318626.093, 88
Trd, 4318626.543, 87
Trd, 4318627.243, 87
Trd, 4318628.143, 87
Trd, 4318630.443, 87
Trd, 4318631.993, 86
Trd, 4318632.393, 87
Trd, 4318635.893, 86
Trd, 4318638.843, 86
Trd, 4318639.793, 87
Trd, 4318639.893, 86
Trd, 4318642.993, 88
Trd, 4318644.593, 90
Trd, 4318646.093, 89
Trd, 4318648.493, 88
Trd, 4318648.693, 89
Trd, 4318652.193, 90
Trd, 4318652.293, 89
Trd, 4318655.993, 89
Trd, 4318656.293, 88
Trd, 4318658.643, 87
Trd, 4318661.243, 89
Trd, 4318662.443, 87
Trd, 4318664.543, 88
Trd, 4318665.993, 87
Trd, 4318668.243, 87
Trd, 4318668.543, 88
Trd, 4318670.993, 87
Trd, 4318671.593, 86
Trd, 4318673.043, 87
Trd, 4318673.743, 86
Trd, 4318678.493, 86
Trd, 4318678.693, 86
Trd, 4318679.743, 86
Trd, 4318680.143, 87
Trd, 4318680.943, 86
Trd, 4318683.543, 86
Trd, 4318685.243, 85
Trd, 4318685.643, 86
Trd, 4318690.293, 95
Trd, 4318690.793, 95
Trd, 4318691.143, 95
Trd, 4318693.843, 95
Trd, 4318693.993, 94
Trd, 4318694.743, 94
Trd, 4318697.093, 93
Trd, 4318699.743, 93
Trd, 4318700.593, 92
Trd, 4318701.793, 92
Trd, 4318702.543, 91
Trd, 4318706.493, 92
Trd, 4318707.243, 91
Trd, 4318710.643, 92
Trd, 4318711.493, 91
Trd, 4318712.693, 90
Trd, 4318715.143, 91
Trd, 4318716.443, 93
Trd, 4318717.443, 93
Trd, 4318719.243, 93
Trd, 4318719.593, 92
Trd, 4318723.043, 93
Trd, 4318724.593, 93
Trd, 4318725.093, 93
Trd, 4318726.243, 92
Trd, 4318727.193, 93
Trd, 4318728.443, 91
Trd, 4318729.793, 91
Trd, 4318735.393, 90
Trd, 4318735.993, 91
Trd, 4318736.943, 89
Trd, 4318737.293, 89
Trd, 4318741.143, 89
Trd, 4318742.943, 92
Trd, 4318744.143, 93
Trd, 4318744.543, 93
Trd, 4318747.193, 93
Trd, 4318748.243, 93
Trd, 4318748.793, 93
Trd, 4318750.843, 92
Trd, 4318751.793, 93
Trd, 4318753.893, 92
Trd, 4318754.993, 95
Trd, 4318757.893, 96
Trd, 4318762.293, 95
Trd, 4318762.793, 95
Trd, 4318763.193, 95
Trd, 4318766.593, 95
Trd, 4318767.043, 94
Trd, 4318767.343, 94
Trd, 4318770.243, 94
Trd, 4318771.293, 93
Trd, 4318772.593, 93
Trd, 4318773.343, 93
Trd, 4318775.243, 93
Trd, 4318775.843, 93
Trd, 4318780.143, 93
Trd, 4318781.193, 92
Trd, 4318781.743, 92
Trd, 4318784.393, 91
Trd, 4318785.393, 90
Trd, 4318786.843, 92
Trd, 4318787.693, 97
Trd, 4318788.993, 95
Trd, 4318789.893, 95
Trd, 4318790.293, 94
Trd, 4318791.943, 93
Trd, 4318793.143, 93
Trd, 4318795.193, 92
Trd, 4318795.443, 92
Trd, 4318798.143, 92
Trd, 4318799.693, 92
Trd, 4318801.893, 91
Trd, 4318801.993, 90
Trd, 4318804.243, 94
Trd, 4318804.493, 92
Trd, 4318807.493, 92
Trd, 4318808.893, 91
Trd, 4318810.043, 91
Trd, 4318810.243, 91
Trd, 4318813.093, 90
Trd, 4318814.393, 89
Trd, 4318815.993, 91
Trd, 4318816.593, 91
Trd, 4318818.543, 91
Trd, 4318820.793, 90
Trd, 4318822.643, 89
Trd, 4318823.193, 90
Trd, 4318823.393, 86
Trd, 4318826.243, 93
Trd, 4318828.293, 92
Trd, 4318829.343, 91
Trd, 4318829.743, 91
Trd, 4318830.943, 91
Trd, 4318831.843, 89
Trd, 4318833.493, 90
Trd, 4318835.943, 91
Trd, 4318840.943, 90
Trd, 4318842.693, 90
Trd, 4318844.143, 89
Trd, 4318845.293, 90
Trd, 4318846.543, 89
Trd, 4318849.793, 89
Trd, 4318851.393, 91
Trd, 4318853.143, 92
Trd, 4318854.043, 91
Trd, 4318855.393, 90
Trd, 4318857.643, 90
Trd, 4318859.143, 91
Trd, 4318859.393, 92
Trd, 4318860.493, 91
Trd, 4318861.243, 92
Trd, 4318863.893, 91
Trd, 4318865.193, 91
Trd, 4318865.943, 90
Trd, 4318865.993, 90
Trd, 4318866.843, 92
Trd, 4318868.593, 91
Trd, 4318870.693, 90
Trd, 4318871.843, 90
Trd, 4318875.443, 89
Trd, 4318876.093, 90
Trd, 4318879.793, 89
Trd, 4318880.393, 88
Trd, 4318882.843, 88
Trd, 4318882.993, 88
Trd, 4318883.443, 89
Trd, 4318883.793, 88
Trd, 4318886.093, 91
Trd, 4318887.993, 103
Trd, 4318889.943, 94
Trd, 4318890.493, 93
Trd, 4318893.093, 95
Trd, 4318893.143, 93
Trd, 4318895.093, 94
Trd, 4318896.093, 95
Trd, 4318899.143, 95
Trd, 4318899.593, 95
Trd, 4318899.743, 94
Trd, 4318901.643, 94
Trd, 4318902.643, 94
Trd, 4318904.093, 93
Trd, 4318908.043, 93
Trd, 4318909.243, 93
Trd, 4318910.943, 91
Trd, 4318914.293, 92
Trd, 4318914.843, 91
Trd, 4318918.093, 92
Trd, 4318919.243, 91
Trd, 4318920.443, 90
Trd, 4318923.643, 91
Trd, 4318924.693, 90
Trd, 4318926.393, 91
Trd, 4318927.443, 89
Trd, 4318928.143, 90
Trd, 4318931.493, 89
Trd, 4318932.393, 88
Trd, 4318934.043, 89
Trd, 4318935.393, 88
Trd, 4318938.643, 90
Trd, 4318938.893, 90
Trd, 4318940.993, 89
Trd, 4318942.243, 88
Trd, 4318942.993, 88
Trd, 4318944.643, 89
Trd, 4318948.193, 89
Trd, 4318950.393, 91
Trd, 4318951.693, 91
Trd, 4318952.793, 90
Trd, 4318954.643, 89
Trd, 4318958.343, 90
Trd, 4318959.443, 89
Trd, 4318960.543, 90
Trd, 4318962.893, 90
Trd, 4318964.593, 90
Trd, 4318965.443, 89
Trd, 4318966.643, 90
Trd, 4318968.843, 90
Trd, 4318969.143, 89
Trd, 4318969.893, 89
Trd, 4318974.443, 90
Trd, 4318976.593, 89
Trd, 4318979.393, 88
Trd, 4318980.043, 88
Trd, 4318982.193, 87
Trd, 4318983.993, 89
Trd, 4318984.493, 88
Trd, 4318987.343, 87
Trd, 4318988.043, 86
Trd, 4318989.943, 86
Trd, 4318991.093, 85
Trd, 4318992.143, 87
Trd, 4318997.943, 88
Trd, 4318998.243, 88
Trd, 4319000.543, 88
Trd, 4319002.643, 87
Trd, 4319004.593, 90
Trd, 4319005.793, 90
Trd, 4319010.243, 89
Trd, 4319010.843, 89
Trd, 4319010.943, 88
Trd, 4319013.943, 92
Trd, 4319014.043, 89
Trd, 4319014.893, 89
Trd, 4319017.693, 91
Trd, 4319019.593, 90
Trd, 4319022.043, 90
Trd, 4319023.493, 90
Trd, 4319023.743, 91
Trd, 4319025.893, 89
Trd, 4319027.643, 90
Trd, 4319031.593, 89
Trd, 4319033.443, 88
Trd, 4319034.543, 88
Trd, 4319034.843, 89
Trd, 4319037.143, 89
Trd, 4319040.543, 88
Trd, 4319041.793, 87
Trd, 4319043.893, 86
Trd, 4319043.943, 86
Trd, 4319046.943, 87
Trd, 4319047.843, 86
Trd, 4319051.793, 89
Trd, 4319052.143, 90
Trd, 4319054.993, 92
Trd, 4319056.843, 91
Trd, 4319057.393, 90
Trd, 4319058.743, 89
Trd, 4319060.893, 90
Trd, 4319061.343, 89
Trd, 4319064.643, 89
Trd, 4319067.393, 89
Trd, 4319071.193, 88
Trd, 4319071.693, 89
Trd, 4319073.293, 88
Trd, 4319073.493, 88
Trd, 4319076.043, 87
Trd, 4319076.793, 88
Trd, 4319078.993, 89
Trd, 4319083.193, 88
Trd, 4319086.993, 91
Trd, 4319087.493, 91
Trd, 4319088.393, 90
Trd, 4319091.243, 89
Trd, 4319092.543, 90
Trd, 4319095.143, 89
Trd, 4319096.193, 90
Trd, 4319098.393, 89
Trd, 4319101.843, 88
Trd, 4319102.793, 89
Trd, 4319103.893, 89
Trd, 4319104.043, 88
Trd, 4319108.043, 87
Trd, 4319108.743, 88
Trd, 4319109.593, 87
Trd, 4319112.643, 86
Trd, 4319112.793, 86
Trd, 4319113.343, 88
Trd, 4319114.043, 87
Trd, 4319115.843, 95
Trd, 4319116.193, 94
Trd, 4319121.793, 95
Trd, 4319123.793, 95
Trd, 4319124.643, 93
Trd, 4319125.643, 93
Trd, 4319126.043, 92
Trd, 4319127.193, 95
Trd, 4319128.093, 95
Trd, 4319128.293, 94
Trd, 4319129.793, 94
Trd, 4319130.593, 97
Trd, 4319131.243, 95
Trd, 4319136.343, 99
Trd, 4319137.643, 99
Trd, 4319138.893, 98
Trd, 4319139.443, 98
Trd, 4319140.593, 98
Trd, 4319141.193, 97
Trd, 4319142.293, 96
Trd, 4319143.743, 97
Trd, 4319144.593, 96
Trd, 4319145.443, 95
Trd, 4319149.293, 95
Trd, 4319152.093, 95
Trd, 4319152.393, 95
Trd, 4319155.293, 94
Trd, 4319157.743, 93
Trd, 4319157.943, 93
Trd, 4319159.493, 94
Trd, 4319160.043, 93
Trd, 4319161.343, 93
Trd, 4319162.243, 92
Trd, 4319163.043, 92
Trd, 4319164.343, 92
Trd, 4319166.493, 92
Trd, 4319167.843, 91
Trd, 4319168.993, 91
Trd, 4319170.293, 91
Trd, 4319172.993, 90
Trd, 4319174.493, 90
Trd, 4319175.493, 89
Trd, 4319177.193, 88
Trd, 4319178.943, 88
Trd, 4319179.493, 90
Trd, 4319181.943, 89
Trd, 4319184.193, 88
Trd, 4319184.543, 89
Trd, 4319186.693, 88
Trd, 4319190.043, 88
Trd, 4319190.193, 88
Trd, 4319193.543, 87
Trd, 4319195.143, 86
Trd, 4319195.243, 87
Trd, 4319196.193, 87
Trd, 4319199.143, 86
Trd, 4319203.443, 86
Trd, 4319203.493, 86
Trd, 4319203.693, 87
Trd, 4319204.193, 86
Trd, 4319207.993, 86
Trd, 4319208.193, 86
Trd, 4319212.143, 88
Trd, 4319214.143, 94
Trd, 4319214.593, 90
Trd, 4319215.943, 93
Trd, 4319218.643, 91
Trd, 4319219.593, 90
Trd, 4319222.043, 90
Trd, 4319223.743, 90
Trd, 4319225.693, 89
Trd, 4319225.793, 89
Trd, 4319225.993, 90
Trd, 4319227.993, 88
Trd, 4319228.143, 88
Trd, 4319228.493, 86
Trd, 4319230.693, 89
Trd, 4319232.443, 88
Trd, 4319232.743, 87
Trd, 4319236.993, 86
Trd, 4319237.243, 86
Trd, 4319237.793, 86
Trd, 4319238.393, 85
Trd, 4319238.543, 87
Trd, 4319242.743, 86
Trd, 4319244.943, 86
Trd, 4319245.993, 86
Trd, 4319246.343, 85
Trd, 4319249.693, 88
Trd, 4319250.343, 90
Trd, 4319253.143, 89
Trd, 4319253.493, 89
Trd, 4319256.493, 89
Trd, 4319260.143, 88
Trd, 4319262.493, 87
Trd, 4319263.293, 87
Trd, 4319264.843, 86
Trd, 4319265.293, 86
Trd, 4319268.543, 93
Trd, 4319269.393, 93
Trd, 4319271.393, 96
Trd, 4319272.193, 95
Trd, 4319274.593, 95
Trd, 4319274.943, 94
Trd, 4319276.893, 93
Trd, 4319277.593, 93
Trd, 4319277.793, 92
Trd, 4319278.593, 93
Trd, 4319278.943, 92
Trd, 4319284.643, 92
Trd, 4319285.393, 95
Trd, 4319285.493, 92
Trd, 4319288.393, 93
Trd, 4319288.843, 93
Trd, 4319289.543, 92
Trd, 4319292.493, 91
Trd, 4319292.993, 91
Trd, 4319294.543, 91
Trd, 4319295.643, 90
Trd, 4319299.193, 90
Trd, 4319300.493, 90
Trd, 4319302.043, 89
Trd, 4319304.543, 90
Trd, 4319307.243, 89
Trd, 4319311.443, 90
Trd, 4319316.693, 89
Trd, 4319317.293, 90
Trd, 4319317.993, 89
Trd, 4319318.493, 88
Trd, 4319318.943, 89
Trd, 4319322.343, 88
Trd, 4319323.793, 88
Trd, 4319325.693, 88
Trd, 4319327.643, 87
Trd, 4319328.993, 86
Trd, 4319329.293, 86
Trd, 4319330.143, 86
Trd, 4319330.843, 86
Trd, 4319333.093, 87
Trd, 4319336.243, 93
Trd, 4319338.293, 92
Trd, 4319339.543, 92
Trd, 4319340.793, 91
Trd, 4319341.743, 91
Trd, 4319342.243, 91
Trd, 4319343.643, 93
Trd, 4319346.593, 93
Trd, 4319348.593, 93
Trd, 4319348.893, 92
Trd, 4319351.593, 92
Trd, 4319353.393, 92
Trd, 4319354.393, 92
Trd, 4319354.693, 90
Trd, 4319356.543, 92
Trd, 4319358.643, 91
Trd, 4319360.243, 92
Trd, 4319361.443, 92
Trd, 4319362.743, 91
Trd, 4319365.043, 93
Trd, 4319366.743, 92
Trd, 4319366.993, 91
Trd, 4319368.843, 91
Trd, 4319370.293, 92
Trd, 4319372.943, 91
Trd, 4319374.093, 90
Trd, 4319374.243, 90
Trd, 4319377.643, 90
Trd, 4319380.793, 90
Trd, 4319381.143, 89
Trd, 4319381.943, 89
Trd, 4319382.243, 90
Trd, 4319383.393, 90
Trd, 4319384.093, 89
Trd, 4319386.043, 88
Trd, 4319386.843, 89
Trd, 4319390.343, 88
Trd, 4319391.893, 89
Trd, 4319394.143, 91
Trd, 4319394.643, 90
Trd, 4319396.693, 90
Trd, 4319397.493, 91
Trd, 4319397.643, 89
Trd, 4319400.643, 88
Trd, 4319401.893, 86
Trd, 4319402.593, 87
Trd, 4319402.943, 88
Trd, 4319408.043, 89
Trd, 4319408.843, 88
Trd, 4319410.193, 88
Trd, 4319411.693, 90
Trd, 4319412.843, 91
Trd, 4319413.493, 90
Trd, 4319416.493, 89
Trd, 4319416.793, 90
Trd, 4319418.443, 89
Trd, 4319420.143, 88
Trd, 4319421.093, 87
Trd, 4319421.393, 88
Trd, 4319425.093, 87
Trd, 4319428.693, 89
Trd, 4319428.943, 88
Trd, 4319429.643, 91
Trd, 4319431.043, 90
Trd, 4319432.143, 89
Trd, 4319433.093, 89
Trd, 4319436.643, 89
Trd, 4319437.493, 88
Trd, 4319439.093, 87
Trd, 4319442.593, 88
Trd, 4319443.393, 87
Trd, 4319444.843, 88
Trd, 4319446.993, 86
Trd, 4319449.343, 87
Trd, 4319449.643, 87
Trd, 4319452.143, 87
Trd, 4319452.243, 86
Trd, 4319455.643, 91
Trd, 4319458.043, 92
Trd, 4319459.393, 91
Trd, 4319459.993, 90
Trd, 4319462.743, 92
Trd, 4319463.743, 90
Trd, 4319465.793, 89
Trd, 4319468.143, 90
Trd, 4319468.493, 88
Trd, 4319469.093, 89
Trd, 4319470.393, 88
Trd, 4319472.443, 87
Trd, 4319474.093, 87
Trd, 4319475.743, 87
Trd, 4319476.093, 87
Trd, 4319477.593, 86
Trd, 4319480.943, 86
Trd, 4319481.693, 88
Trd, 4319483.093, 87
Trd, 4319484.893, 87
Trd, 4319485.543, 87
Trd, 4319487.143, 86
Trd, 4319487.893, 85
Trd, 4319488.393, 86
Trd, 4319490.043, 86
Trd, 4319492.243, 87
Trd, 4319494.243, 88
Trd, 4319496.493, 87
Trd, 4319496.843, 86
Trd, 4319498.343, 87
Trd, 4319500.493, 86
Trd, 4319503.793, 86
Trd, 4319504.693, 86
Trd, 4319505.043, 86
Trd, 4319506.493, 85
Trd, 4319506.993, 85
Trd, 4319508.243, 85
Trd, 4319509.093, 85
Trd, 4319512.443, 85
Trd, 4319512.643, 86
Trd, 4319514.593, 86
Trd, 4319516.693, 87
Trd, 4319519.993, 90
Trd, 4319521.093, 88
Trd, 4319523.943, 88
Trd, 4319525.443, 88
Trd, 4319528.243, 87
Trd, 4319528.343, 87
Trd, 4319529.593, 90
Trd, 4319529.743, 89
Trd, 4319534.993, 91
Trd, 4319536.193, 93
Trd, 4319536.393, 90
Trd, 4319537.943, 90
Trd, 4319538.493, 90
Trd, 4319541.793, 89
Trd, 4319543.193, 88
Trd, 4319544.093, 88
Trd, 4319544.743, 88
Trd, 4319545.843, 89
Trd, 4319548.643, 94
Trd, 4319549.493, 93
Trd, 4319551.343, 94
Trd, 4319552.343, 93
Trd, 4319552.993, 93
Trd, 4319556.743, 92
Trd, 4319557.943, 93
Trd, 4319558.643, 94
Trd, 4319559.393, 93
Trd, 4319562.193, 92
Trd, 4319564.643, 91
Trd, 4319566.843, 92
Trd, 4319567.793, 92
Trd, 4319568.893, 91
Trd, 4319569.043, 90
Trd, 4319572.943, 91
Trd, 4319573.943, 91
Trd, 4319574.443, 90
Trd, 4319575.843, 89
Trd, 4319579.693, 89
Trd, 4319579.943, 89
Trd, 4319580.993, 88
Trd, 4319581.443, 89
Trd, 4319581.743, 87
Trd, 4319583.993, 88
Trd, 4319584.293, 89
Trd, 4319585.793, 90
Trd, 4319587.693, 90
Trd, 4319588.293, 90
Trd, 4319590.493, 90
Trd, 4319593.293, 89
Trd, 4319594.693, 90
Trd, 4319594.993, 89
Trd, 4319596.893, 89
Trd, 4319599.243, 91
Trd, 4319599.993, 89
Trd, 4319604.393, 89
Trd, 4319604.643, 89
Trd, 4319607.093, 88
Trd, 4319608.043, 90
Trd, 4319608.993, 89
Trd, 4319609.743, 88
Trd, 4319613.393, 89
Trd, 4319615.643, 92
Trd, 4319615.843, 91
Trd, 4319616.143, 91
Trd, 4319618.643, 90
Trd, 4319620.293, 92
Trd, 4319622.393, 91
Trd, 4319623.243, 90
Trd, 4319627.393, 93
Trd, 4319627.843, 93
Trd, 4319629.343, 92
Trd, 4319630.743, 92
Trd, 4319631.343, 93
Trd, 4319632.143, 93
Trd, 4319632.993, 92
Trd, 4319634.743, 94
Trd, 4319637.843, 91
Trd, 4319640.943, 91
Trd, 4319640.993, 91
Trd, 4319641.643, 91
Trd, 4319645.543, 93
Trd, 4319647.593, 91
Trd, 4319648.993, 90
Trd, 4319650.693, 91
Trd, 4319652.043, 91
Trd, 4319652.443, 91
Trd, 4319654.543, 92
Trd, 4319655.243, 91
Trd, 4319658.443, 93
Trd, 4319658.743, 93
Trd, 4319661.643, 94
Trd, 4319661.743, 91
Trd, 4319663.943, 91
Trd, 4319665.043, 92
Trd, 4319665.393, 90
Trd, 4319666.793, 91
Trd, 4319669.343, 91
Trd, 4319671.743, 90
Trd, 4319672.843, 90
Trd, 4319673.693, 90
Trd, 4319679.143, 91
Trd, 4319681.243, 91
Trd, 4319681.343, 91
Trd, 4319682.393, 90
Trd, 4319682.443, 90
Trd, 4319685.593, 90
Trd, 4319687.943, 90
Trd, 4319688.893, 91
Trd, 4319692.943, 91
Trd, 4319692.993, 92
Trd, 4319694.493, 91
Trd, 4319695.093, 91
Trd, 4319697.993, 90
Trd, 4319698.293, 90
Trd, 4319699.693, 90
Trd, 4319700.193, 90
Trd, 4319701.143, 89
Trd, 4319704.593, 94
Trd, 4319705.093, 93
Trd, 4319707.593, 93
Trd, 4319707.643, 93
Trd, 4319709.043, 94
Trd, 4319711.093, 94
Trd, 4319713.443, 94
Trd, 4319715.543, 93
Trd, 4319716.443, 94
Trd, 4319717.043, 93
Trd, 4319719.093, 93
Trd, 4319724.643, 93
Trd, 4319725.343, 92
Trd, 4319726.893, 92
Trd, 4319728.643, 92
Trd, 4319730.193, 91
Trd, 4319730.393, 90
Trd, 4319730.843, 90
Trd, 4319731.243, 90
Trd, 4319733.843, 89
Trd, 4319735.443, 89
Trd, 4319737.893, 89
Trd, 4319740.193, 88
Trd, 4319740.693, 89
Trd, 4319741.593, 89
Trd, 4319743.693, 89
Trd, 4319744.193, 89
Trd, 4319744.443, 88
Trd, 4319745.243, 88
Trd, 4319748.393, 88
Trd, 4319750.593, 90
Trd, 4319752.093, 90
Trd, 4319752.593, 88
Trd, 4319753.993, 88
Trd, 4319756.093, 88
Trd, 4319760.143, 87
Trd, 4319760.693, 88
Trd, 4319762.293, 86
Trd, 4319764.243, 88
Trd, 4319766.293, 87
Trd, 4319767.443, 87
Trd, 4319768.943, 87
Trd, 4319770.443, 88
Trd, 4319771.693, 86
Trd, 4319773.243, 88
Trd, 4319773.643, 87
Trd, 4319774.543, 88
Trd, 4319776.243, 87
Trd, 4319778.843, 86
Trd, 4319779.093, 86
Trd, 4319779.743, 87
Trd, 4319783.293, 89
Trd, 4319784.343, 89
Trd, 4319785.343, 88
Trd, 4319788.693, 88
Trd, 4319789.943, 88
Trd, 4319790.743, 87
Trd, 4319794.543, 90
Trd, 4319794.743, 89
Trd, 4319795.693, 89
Trd, 4319796.693, 88
Trd, 4319797.793, 88
Trd, 4319799.393, 87
Trd, 4319800.743, 86
Trd, 4319802.843, 88
Trd, 4319804.193, 89
Trd, 4319805.043, 88
Trd, 4319806.293, 87
Trd, 4319807.343, 96
Trd, 4319808.993, 98
Trd, 4319809.193, 97
Trd, 4319811.393, 97
Trd, 4319816.143, 97
Trd, 4319817.393, 96
Trd, 4319817.593, 96
Trd, 4319818.043, 96
Trd, 4319818.543, 96
Trd, 4319819.043, 95
Trd, 4319819.793, 95
Trd, 4319822.093, 95
Trd, 4319823.543, 95
Trd, 4319826.343, 95
Trd, 4319827.843, 94
Trd, 4319827.893, 94
Trd, 4319828.343, 94
Trd, 4319830.043, 95
Trd, 4319830.343, 95
Trd, 4319833.843, 94
Trd, 4319834.943, 93
Trd, 4319836.343, 93
Trd, 4319837.843, 93
Trd, 4319842.293, 93
Trd, 4319842.743, 94
Trd, 4319843.393, 93
Trd, 4319843.843, 93
Trd, 4319844.993, 93
Trd, 4319848.943, 92
Trd, 4319849.193, 92
Trd, 4319852.393, 93
Trd, 4319854.343, 93
Trd, 4319855.093, 92
Trd, 4319856.993, 92
Trd, 4319857.693, 91
Trd, 4319858.843, 92
Trd, 4319860.293, 92
Trd, 4319860.843, 91
Trd, 4319865.243, 90
Trd, 4319866.793, 90
Trd, 4319866.893, 89
Trd, 4319867.543, 90
Trd, 4319872.743, 89
Trd, 4319873.193, 89
Trd, 4319873.943, 89
Trd, 4319874.443, 90
Trd, 4319876.693, 90
Trd, 4319877.393, 89
Trd, 4319878.093, 91
Trd, 4319878.443, 91
Trd, 4319879.493, 90
Trd, 4319881.193, 89
Trd, 4319883.543, 89
Trd, 4319886.493, 88
Trd, 4319886.943, 89
Trd, 4319887.993, 88
Trd, 4319890.643, 88
Trd, 4319891.893, 88
Trd, 4319893.343, 89
Trd, 4319894.143, 88
Trd, 4319896.793, 88
Trd, 4319898.943, 87
Trd, 4319899.993, 88
Trd, 4319901.493, 87
Trd, 4319905.443, 86
Trd, 4319906.193, 86
Trd, 4319908.243, 86
Trd, 4319909.393, 87
Trd, 4319911.093, 87
Trd, 4319913.943, 86
Trd, 4319914.193, 86
Trd, 4319914.443, 86
Trd, 4319915.443, 88
Trd, 4319917.343, 89
Trd, 4319919.343, 88
Trd, 4319919.443, 88
Trd, 4319920.393, 86
Trd, 4319923.043, 88
Trd, 4319924.943, 87
Trd, 4319928.143, 87
Trd, 4319929.393, 86
Trd, 4319929.443, 86
Trd, 4319929.943, 86
Trd, 4319931.893, 87
Trd, 4319934.643, 88
Trd, 4319936.793, 87
Trd, 4319939.293, 86
Trd, 4319940.393, 86
Trd, 4319940.943, 86
Trd, 4319942.643, 87
Trd, 4319943.543, 85
Trd, 4319944.743, 86
Trd, 4319945.443, 87
Trd, 4319946.493, 85
Trd, 4319949.293, 85
Trd, 4319951.493, 84
Trd, 4319951.543, 84
Trd, 4319953.893, 85
Trd, 4319954.293, 84
Trd, 4319956.193, 86
Trd, 4319957.693, 88
Trd, 4319958.993, 90
Trd, 4319959.443, 89
Trd, 4319960.243, 89
Trd, 4319963.343, 88
Trd, 4319965.093, 87
Trd, 4319965.943, 88
Trd, 4319968.143, 87
Trd, 4319970.643, 89
Trd, 4319971.193, 88
Trd, 4319971.393, 88
Trd, 4319971.843, 88
Trd, 4319972.143, 88
Trd, 4319974.293, 96
Trd, 4319975.843, 95
Trd, 4319978.243, 95
Trd, 4319979.043, 94
Trd, 4319979.693, 93
Trd, 4319981.443, 95
Trd, 4319983.993, 94
Trd, 4319984.043, 94
Trd, 4319986.493, 94
Trd, 4319989.293, 93
Trd, 4319990.793, 92
Trd, 4319991.443, 92
Trd, 4319993.343, 91
Trd, 4319993.793, 92
Trd, 4319996.693, 91
Trd, 4319998.143, 90
Trd, 4319999.093, 90
Trd, 4319999.743, 91
