Trd, 4317858.593, 97
Trd, 4317861.493, 94
Trd, 4317864.243, 100
Trd, 4317864.993, 100
Trd, 4317866.443, 98
Trd, 4317867.843, 99
Trd, 4317868.293, 105
Trd, 4317868.443, 99
Trd, 4317868.593, 93
Trd, 4317869.493, 102
Trd, 4317871.393, 104
Trd, 4317872.393, 83
Trd, 4317874.793, 94
Trd, 4317875.393, 95
Trd, 4317877.443, 95
Trd, 4317878.643, 95
Trd, 4317879.593, 98
Trd, 4317882.193, 96
Trd, 4317882.243, 97
Trd, 4317883.043, 99
Trd, 4317884.243, 102
Trd, 4317885.743, 105
Trd, 4317886.693, 102
Trd, 4317889.193, 100
Trd, 4317889.793, 101
Trd, 4317890.143, 94
Trd, 4317890.843, 101
Trd, 4317893.093, 97
Trd, 4317893.243, 94
Trd, 4317893.493, 97
Trd, 4317895.793, 94
Trd, 4317896.643, 104
Trd, 4317898.293, 100
Trd, 4317899.693, 110
Trd, 4317900.393, 106
Trd, 4317901.993, 106
Trd, 4317902.293, 106
Trd, 4317903.943, 105
Trd, 4317905.443, 102
Trd, 4317908.043, 106
Trd, 4317908.343, 102
Trd, 4317909.043, 101
Trd, 4317910.143, 106
Trd, 4317911.693, 93
Trd, 4317913.143, 96
Trd, 4317914.743, 97
Trd, 4317915.443, 96
Trd, 4317917.593, 96
Trd, 4317917.743, 95
Trd, 4317919.393, 104
Trd, 4317920.593, 104
Trd, 4317921.593, 92
Trd, 4317922.043, 103
Trd, 4317922.993, 104
Trd, 4317923.193, 98
Trd, 4317926.993, 97
Trd, 4317930.243, 95
Trd, 4317930.393, 89
Trd, 4317930.493, 98
Trd, 4317933.393, 101
Trd, 4317933.993, 99
Trd, 4317934.043, 97
Trd, 4317935.993, 100
Trd, 4317939.293, 99
Trd, 4317939.343, 97
Trd, 4317939.893, 97
Trd, 4317941.243, 76
Trd, 4317941.343, 90
Trd, 4317944.193, 89
Trd, 4317945.093, 90
Trd, 4317947.443, 93
Trd, 4317948.593, 100
Trd, 4317949.193, 98
Trd, 4317950.943, 104
Trd, 4317951.493, 95
Trd, 4317952.693, 103
Trd, 4317953.643, 94
Trd, 4317954.143, 103
Trd, 4317957.143, 102
Trd, 4317958.993, 104
Trd, 4317959.493, 102
Trd, 4317959.643, 86
Trd, 4317961.293, 92
Trd, 4317962.043, 92
Trd, 4317963.343, 97
Trd, 4317964.843, 101
Trd, 4317965.493, 99
Trd, 4317969.493, 104
Trd, 4317969.893, 102
Trd, 4317970.793, 106
Trd, 4317970.943, 106
Trd, 4317972.393, 94
Trd, 4317977.393, 105
Trd, 4317979.543, 100
Trd, 4317979.743, 104
Trd, 4317980.193, 103
Trd, 4317982.493, 103
Trd, 4317983.743, 102
Trd, 4317984.443, 103
Trd, 4317984.493, 94
Trd, 4317986.793, 103
Trd, 4317987.343, 98
Trd, 4317988.593, 93
Trd, 4317990.543, 92
Trd, 4317991.343, 91
Trd, 4317991.493, 90
Trd, 4317993.143, 97
Trd, 4317993.193, 98
Trd, 4317993.393, 88
Trd, 4317994.143, 104
Trd, 4317998.143, 89
Trd, 4317998.343, 91
Trd, 4317998.793, 104
Trd, 4317999.393, 86
Trd, 4318002.393, 94
Trd, 4318004.093, 95
Trd, 4318004.393, 90
Trd, 4318005.243, 86
Trd, 4318006.343, 104
Trd, 4318008.443, 98
Trd, 4318011.243, 99
Trd, 4318013.243, 98
Trd, 4318014.043, 100
Trd, 4318016.493, 99
Trd, 4318016.993, 97
Trd, 4318017.343, 97
Trd, 4318018.243, 96
Trd, 4318020.193, 98
Trd, 4318022.543, 95
Trd, 4318022.993, 99
Trd, 4318023.743, 105
Trd, 4318024.443, 103
Trd, 4318026.093, 102
Trd, 4318026.743, 99
Trd, 4318026.793, 86
Trd, 4318029.943, 93
Trd, 4318031.293, 95
Trd, 4318031.493, 94
Trd, 4318032.443, 104
Trd, 4318034.193, 94
Trd, 4318035.593, 97
Trd, 4318037.093, 103
Trd, 4318038.043, 103
Trd, 4318040.893, 100
Trd, 4318041.543, 104
Trd, 4318042.043, 102
Trd, 4318042.893, 104
Trd, 4318044.243, 105
Trd, 4318045.443, 94
Trd, 4318046.443, 86
Trd, 4318048.043, 93
Trd, 4318049.143, 94
Trd, 4318050.443, 95
Trd, 4318053.243, 96
Trd, 4318054.393, 95
Trd, 4318055.093, 102
Trd, 4318057.193, 101
Trd, 4318057.343, 97
Trd, 4318057.993, 100
Trd, 4318058.193, 98
Trd, 4318059.593, 98
Trd, 4318060.193, 101
Trd, 4318064.193, 105
Trd, 4318066.343, 97
Trd, 4318066.443, 101
Trd, 4318066.793, 102
Trd, 4318068.193, 99
Trd, 4318070.793, 99
Trd, 4318071.493, 99
Trd, 4318071.643, 94
Trd, 4318072.943, 100
Trd, 4318074.243, 95
Trd, 4318075.243, 101
Trd, 4318076.693, 92
Trd, 4318077.593, 93
Trd, 4318079.093, 93
Trd, 4318082.743, 100
Trd, 4318084.043, 98
Trd, 4318084.193, 94
Trd, 4318085.843, 94
Trd, 4318086.593, 95
Trd, 4318087.593, 101
Trd, 4318087.693, 105
Trd, 4318088.093, 113
Trd, 4318089.193, 100
Trd, 4318091.343, 99
Trd, 4318093.693, 99
Trd, 4318094.343, 98
Trd, 4318095.643, 96
Trd, 4318096.843, 98
Trd, 4318097.443, 101
Trd, 4318098.443, 98
Trd, 4318099.743, 101
Trd, 4318102.093, 100
Trd, 4318102.493, 98
Trd, 4318103.493, 99
Trd, 4318106.743, 98
Trd, 4318107.943, 100
Trd, 4318108.493, 98
Trd, 4318112.543, 97
Trd, 4318114.243, 95
Trd, 4318114.443, 98
Trd, 4318114.693, 104
Trd, 4318115.993, 100
Trd, 4318116.143, 94
Trd, 4318119.543, 96
Trd, 4318119.693, 94
Trd, 4318122.893, 96
Trd, 4318123.193, 96
Trd, 4318123.643, 94
Trd, 4318124.093, 104
Trd, 4318125.743, 103
Trd, 4318126.843, 105
Trd, 4318127.393, 93
Trd, 4318128.093, 110
Trd, 4318129.443, 101
Trd, 4318130.793, 103
Trd, 4318131.793, 96
Trd, 4318133.543, 101
Trd, 4318135.293, 86
Trd, 4318135.943, 102
Trd, 4318136.843, 91
Trd, 4318138.043, 98
Trd, 4318138.593, 104
Trd, 4318138.893, 76
Trd, 4318141.843, 98
Trd, 4318145.093, 95
Trd, 4318145.393, 98
Trd, 4318146.443, 98
Trd, 4318146.693, 94
Trd, 4318147.693, 94
Trd, 4318147.943, 104
Trd, 4318151.393, 96
Trd, 4318151.543, 95
Trd, 4318152.493, 100
Trd, 4318154.393, 98
Trd, 4318155.643, 110
Trd, 4318156.293, 110
Trd, 4318157.743, 108
Trd, 4318158.543, 108
Trd, 4318160.293, 109
Trd, 4318161.843, 96
Trd, 4318162.993, 101
Trd, 4318163.143, 109
Trd, 4318165.443, 98
Trd, 4318166.493, 100
Trd, 4318166.843, 94
Trd, 4318167.243, 99
Trd, 4318167.593, 105
Trd, 4318169.993, 101
Trd, 4318173.843, 100
Trd, 4318175.493, 100
Trd, 4318175.793, 95
Trd, 4318177.243, 95
Trd, 4318177.543, 96
Trd, 4318177.793, 93
Trd, 4318178.143, 96
Trd, 4318180.343, 88
Trd, 4318180.693, 91
Trd, 4318183.193, 88
Trd, 4318184.893, 91
Trd, 4318186.643, 113
Trd, 4318187.093, 95
Trd, 4318187.993, 86
Trd, 4318188.243, 104
Trd, 4318189.293, 102
Trd, 4318190.243, 108
Trd, 4318192.643, 113
Trd, 4318193.693, 113
Trd, 4318194.843, 91
Trd, 4318195.043, 98
Trd, 4318198.843, 103
Trd, 4318199.643, 102
Trd, 4318200.743, 102
Trd, 4318201.193, 104
Trd, 4318202.793, 102
Trd, 4318203.443, 103
Trd, 4318203.593, 106
Trd, 4318205.093, 95
Trd, 4318206.293, 95
Trd, 4318210.043, 96
Trd, 4318210.893, 107
Trd, 4318211.943, 105
Trd, 4318212.193, 108
Trd, 4318212.993, 95
Trd, 4318213.793, 102
Trd, 4318214.643, 93
Trd, 4318215.693, 101
Trd, 4318216.543, 76
Trd, 4318217.093, 101
Trd, 4318217.343, 97
Trd, 4318218.943, 76
Trd, 4318219.643, 90
Trd, 4318221.393, 90
Trd, 4318221.943, 89
Trd, 4318223.293, 95
Trd, 4318225.743, 92
Trd, 4318227.943, 95
Trd, 4318229.393, 98
Trd, 4318231.193, 97
Trd, 4318231.393, 92
Trd, 4318232.243, 104
Trd, 4318233.293, 100
Trd, 4318234.843, 99
Trd, 4318235.893, 98
Trd, 4318235.943, 99
Trd, 4318236.143, 105
Trd, 4318237.443, 103
Trd, 4318238.293, 101
Trd, 4318241.593, 104
Trd, 4318241.943, 99
Trd, 4318242.843, 100
Trd, 4318243.743, 94
Trd, 4318244.443, 105
Trd, 4318246.843, 94
Trd, 4318247.193, 93
Trd, 4318247.643, 98
Trd, 4318248.693, 105
Trd, 4318250.943, 78
Trd, 4318251.243, 88
Trd, 4318251.643, 88
Trd, 4318252.243, 96
Trd, 4318253.893, 76
Trd, 4318254.243, 110
Trd, 4318254.993, 86
Trd, 4318259.143, 94
Trd, 4318259.693, 95
Trd, 4318260.493, 95
Trd, 4318260.543, 108
Trd, 4318264.143, 95
Trd, 4318264.893, 93
Trd, 4318266.143, 95
Trd, 4318267.443, 92
Trd, 4318269.643, 100
Trd, 4318271.293, 94
Trd, 4318272.143, 98
Trd, 4318274.493, 97
Trd, 4318274.643, 98
Trd, 4318277.543, 94
Trd, 4318278.193, 98
Trd, 4318282.143, 84
Trd, 4318282.543, 91
Trd, 4318284.243, 89
Trd, 4318284.743, 91
Trd, 4318285.693, 92
Trd, 4318291.093, 92
Trd, 4318291.393, 90
Trd, 4318292.093, 89
Trd, 4318292.193, 96
Trd, 4318293.693, 88
Trd, 4318296.643, 90
Trd, 4318297.943, 91
Trd, 4318300.943, 93
Trd, 4318300.993, 93
Trd, 4318301.193, 93
Trd, 4318302.543, 99
Trd, 4318304.243, 98
Trd, 4318307.093, 101
Trd, 4318308.043, 99
Trd, 4318309.543, 98
Trd, 4318309.893, 99
Trd, 4318311.693, 100
Trd, 4318313.343, 102
Trd, 4318313.693, 98
Trd, 4318316.643, 98
Trd, 4318318.043, 101
Trd, 4318318.593, 94
Trd, 4318320.193, 90
Trd, 4318320.493, 92
Trd, 4318320.943, 104
Trd, 4318320.993, 82
Trd, 4318324.193, 86
Trd, 4318324.693, 94
Trd, 4318327.493, 92
Trd, 4318327.593, 86
Trd, 4318328.793, 90
Trd, 4318330.593, 90
Trd, 4318332.043, 88
Trd, 4318333.243, 104
Trd, 4318334.293, 87
Trd, 4318334.643, 98
Trd, 4318335.493, 88
Trd, 4318337.643, 96
Trd, 4318339.443, 95
Trd, 4318340.193, 96
Trd, 4318342.593, 94
Trd, 4318344.943, 99
Trd, 4318346.693, 97
Trd, 4318347.243, 104
Trd, 4318348.243, 99
Trd, 4318348.443, 100
Trd, 4318349.043, 99
Trd, 4318350.543, 99
Trd, 4318350.993, 101
Trd, 4318351.943, 100
Trd, 4318357.193, 99
Trd, 4318357.443, 99
Trd, 4318358.243, 101
Trd, 4318359.643, 98
Trd, 4318360.343, 98
Trd, 4318360.793, 98
Trd, 4318362.343, 100
Trd, 4318364.443, 99
Trd, 4318365.943, 94
Trd, 4318368.543, 99
Trd, 4318369.543, 96
Trd, 4318371.543, 100
Trd, 4318371.793, 105
Trd, 4318371.843, 95
Trd, 4318373.543, 111
Trd, 4318375.293, 104
Trd, 4318375.393, 94
Trd, 4318377.443, 104
Trd, 4318379.043, 108
Trd, 4318379.093, 106
Trd, 4318380.193, 110
Trd, 4318380.693, 114
Trd, 4318381.693, 105
Trd, 4318382.543, 97
Trd, 4318384.093, 100
Trd, 4318387.543, 106
Trd, 4318389.343, 106
Trd, 4318389.893, 102
Trd, 4318389.993, 101
Trd, 4318391.593, 100
Trd, 4318392.093, 101
Trd, 4318394.893, 101
Trd, 4318395.443, 103
Trd, 4318399.693, 103
Trd, 4318399.843, 101
Trd, 4318401.143, 102
Trd, 4318402.293, 103
Trd, 4318403.743, 104
Trd, 4318406.143, 101
Trd, 4318406.643, 100
Trd, 4318408.493, 99
Trd, 4318408.893, 94
Trd, 4318410.593, 99
Trd, 4318412.343, 97
Trd, 4318412.743, 96
Trd, 4318413.043, 95
Trd, 4318417.693, 99
Trd, 4318419.843, 96
Trd, 4318420.293, 94
Trd, 4318422.893, 98
Trd, 4318424.643, 93
Trd, 4318424.743, 99
Trd, 4318425.893, 89
Trd, 4318425.943, 89
Trd, 4318427.993, 90
Trd, 4318428.093, 96
Trd, 4318428.143, 90
Trd, 4318430.843, 105
Trd, 4318434.143, 98
Trd, 4318434.493, 97
Trd, 4318434.943, 112
Trd, 4318438.393, 105
Trd, 4318439.143, 105
Trd, 4318439.843, 102
Trd, 4318441.243, 106
Trd, 4318442.693, 107
Trd, 4318443.493, 104
Trd, 4318444.593, 94
Trd, 4318446.793, 97
Trd, 4318446.943, 99
Trd, 4318447.643, 94
Trd, 4318449.443, 97
Trd, 4318449.493, 100
Trd, 4318450.393, 86
Trd, 4318451.193, 96
Trd, 4318452.743, 94
Trd, 4318455.193, 96
Trd, 4318456.693, 104
Trd, 4318458.143, 99
Trd, 4318460.293, 93
Trd, 4318460.443, 97
Trd, 4318462.193, 92
Trd, 4318462.293, 95
Trd, 4318462.893, 86
Trd, 4318464.393, 88
Trd, 4318469.443, 89
Trd, 4318469.643, 93
Trd, 4318469.843, 104
Trd, 4318474.293, 88
Trd, 4318474.493, 90
Trd, 4318474.993, 97
Trd, 4318477.043, 95
Trd, 4318477.243, 110
Trd, 4318477.643, 99
Trd, 4318479.343, 101
Trd, 4318481.143, 99
Trd, 4318486.243, 98
Trd, 4318487.143, 102
Trd, 4318488.043, 103
Trd, 4318488.993, 101
Trd, 4318489.643, 99
Trd, 4318490.843, 102
Trd, 4318492.993, 94
Trd, 4318493.193, 104
Trd, 4318495.143, 97
Trd, 4318496.943, 94
Trd, 4318498.043, 94
Trd, 4318501.893, 95
Trd, 4318502.493, 93
Trd, 4318503.093, 97
Trd, 4318503.143, 97
Trd, 4318503.993, 97
Trd, 4318506.443, 86
Trd, 4318507.543, 92
Trd, 4318509.443, 95
Trd, 4318510.993, 100
Trd, 4318513.193, 96
Trd, 4318513.243, 96
Trd, 4318513.993, 96
Trd, 4318516.043, 94
Trd, 4318518.743, 93
Trd, 4318518.893, 105
Trd, 4318520.543, 98
Trd, 4318520.693, 92
Trd, 4318521.993, 97
Trd, 4318524.943, 91
Trd, 4318528.193, 90
Trd, 4318528.643, 97
Trd, 4318531.593, 97
Trd, 4318534.693, 89
Trd, 4318537.693, 91
Trd, 4318539.643, 93
Trd, 4318541.343, 93
Trd, 4318543.493, 92
Trd, 4318543.743, 94
Trd, 4318544.893, 99
Trd, 4318547.043, 104
Trd, 4318547.543, 99
Trd, 4318550.693, 100
Trd, 4318551.343, 74
Trd, 4318556.843, 96
Trd, 4318558.143, 93
Trd, 4318558.393, 96
Trd, 4318559.743, 92
Trd, 4318559.993, 98
Trd, 4318563.293, 92
Trd, 4318569.143, 95
Trd, 4318571.443, 93
Trd, 4318572.393, 96
Trd, 4318576.043, 94
Trd, 4318576.393, 93
Trd, 4318578.543, 95
Trd, 4318578.793, 93
Trd, 4318579.143, 93
Trd, 4318579.293, 106
Trd, 4318582.993, 96
Trd, 4318583.693, 93
Trd, 4318583.993, 95
Trd, 4318584.543, 104
Trd, 4318587.343, 94
Trd, 4318587.543, 100
Trd, 4318589.793, 105
Trd, 4318589.943, 104
Trd, 4318591.243, 105
Trd, 4318591.393, 103
Trd, 4318594.143, 102
Trd, 4318594.893, 101
Trd, 4318598.993, 105
Trd, 4318600.343, 104
Trd, 4318600.493, 101
Trd, 4318601.593, 102
Trd, 4318602.193, 94
Trd, 4318602.793, 104
Trd, 4318605.393, 101
Trd, 4318605.443, 99
Trd, 4318605.743, 98
Trd, 4318606.743, 102
Trd, 4318608.993, 93
Trd, 4318609.393, 105
Trd, 4318610.943, 104
Trd, 4318612.093, 99
Trd, 4318615.193, 96
Trd, 4318615.243, 94
Trd, 4318615.743, 99
Trd, 4318617.643, 96
Trd, 4318617.843, 104
Trd, 4318619.443, 94
Trd, 4318621.343, 102
Trd, 4318621.793, 97
Trd, 4318623.693, 93
Trd, 4318625.293, 94
Trd, 4318625.593, 97
Trd, 4318626.243, 97
Trd, 4318628.593, 97
Trd, 4318630.493, 98
Trd, 4318632.543, 103
Trd, 4318633.043, 102
Trd, 4318633.693, 102
Trd, 4318634.293, 100
Trd, 4318636.193, 97
Trd, 4318636.443, 98
Trd, 4318637.943, 105
Trd, 4318639.443, 99
Trd, 4318640.943, 96
Trd, 4318641.193, 94
Trd, 4318642.443, 89
Trd, 4318644.493, 103
Trd, 4318645.293, 99
Trd, 4318646.193, 100
Trd, 4318648.393, 101
Trd, 4318650.993, 103
Trd, 4318652.093, 99
Trd, 4318653.393, 100
Trd, 4318655.043, 102
Trd, 4318656.243, 102
Trd, 4318656.493, 99
Trd, 4318658.143, 98
Trd, 4318659.193, 103
Trd, 4318661.193, 94
Trd, 4318663.693, 101
Trd, 4318664.593, 99
Trd, 4318667.793, 97
Trd, 4318667.893, 97
Trd, 4318669.743, 102
Trd, 4318670.193, 104
Trd, 4318671.893, 97
Trd, 4318672.743, 99
Trd, 4318673.143, 100
Trd, 4318673.243, 94
Trd, 4318675.443, 97
Trd, 4318677.343, 97
Trd, 4318677.843, 99
Trd, 4318677.993, 100
Trd, 4318679.693, 96
Trd, 4318683.243, 98
Trd, 4318684.093, 95
Trd, 4318685.593, 97
Trd, 4318687.793, 96
Trd, 4318688.043, 94
Trd, 4318689.193, 104
Trd, 4318689.593, 98
Trd, 4318690.993, 100
Trd, 4318691.543, 101
Trd, 4318694.343, 99
Trd, 4318695.293, 98
Trd, 4318697.493, 97
Trd, 4318699.393, 100
Trd, 4318700.493, 99
Trd, 4318700.793, 94
Trd, 4318701.543, 97
Trd, 4318702.193, 107
Trd, 4318703.143, 100
Trd, 4318705.443, 100
Trd, 4318707.043, 101
Trd, 4318708.643, 102
Trd, 4318709.593, 102
Trd, 4318710.543, 104
Trd, 4318711.143, 100
Trd, 4318713.743, 99
Trd, 4318715.443, 101
Trd, 4318716.793, 101
Trd, 4318718.943, 100
Trd, 4318719.293, 102
Trd, 4318720.843, 103
Trd, 4318721.993, 100
Trd, 4318723.643, 94
Trd, 4318724.993, 104
Trd, 4318725.443, 104
Trd, 4318727.493, 96
Trd, 4318728.393, 98
Trd, 4318730.643, 100
Trd, 4318731.143, 96
Trd, 4318732.943, 100
Trd, 4318733.543, 94
Trd, 4318734.243, 100
Trd, 4318737.243, 93
Trd, 4318738.343, 92
Trd, 4318740.243, 97
Trd, 4318740.793, 98
Trd, 4318741.543, 92
Trd, 4318742.343, 99
Trd, 4318743.593, 104
Trd, 4318746.443, 101
Trd, 4318748.193, 96
Trd, 4318749.843, 100
Trd, 4318751.493, 100
Trd, 4318752.393, 101
Trd, 4318752.743, 95
Trd, 4318756.093, 100
Trd, 4318756.893, 100
Trd, 4318758.693, 100
Trd, 4318759.743, 100
Trd, 4318761.043, 100
Trd, 4318761.493, 101
Trd, 4318764.643, 99
Trd, 4318764.843, 99
Trd, 4318765.743, 94
Trd, 4318766.793, 96
Trd, 4318769.093, 100
Trd, 4318769.393, 104
Trd, 4318770.743, 96
Trd, 4318772.693, 94
Trd, 4318773.243, 100
Trd, 4318775.393, 104
Trd, 4318778.643, 96
Trd, 4318778.993, 100
Trd, 4318782.743, 97
Trd, 4318783.493, 99
Trd, 4318784.293, 94
Trd, 4318785.493, 95
Trd, 4318786.443, 93
Trd, 4318787.893, 91
Trd, 4318789.393, 87
Trd, 4318791.343, 90
Trd, 4318793.393, 90
Trd, 4318795.093, 97
Trd, 4318795.943, 95
Trd, 4318796.893, 96
Trd, 4318799.043, 101
Trd, 4318801.193, 101
Trd, 4318801.893, 99
Trd, 4318803.143, 95
Trd, 4318803.293, 98
Trd, 4318804.843, 97
Trd, 4318809.643, 95
Trd, 4318810.043, 98
Trd, 4318812.293, 97
Trd, 4318814.593, 96
Trd, 4318817.243, 97
Trd, 4318819.593, 98
Trd, 4318821.343, 99
Trd, 4318821.593, 91
Trd, 4318822.093, 99
Trd, 4318825.043, 93
Trd, 4318826.243, 91
Trd, 4318826.443, 95
Trd, 4318827.643, 97
Trd, 4318828.843, 96
Trd, 4318829.943, 93
Trd, 4318831.443, 96
Trd, 4318834.893, 97
Trd, 4318836.343, 101
Trd, 4318836.443, 98
Trd, 4318839.493, 104
Trd, 4318839.643, 103
Trd, 4318839.993, 101
Trd, 4318841.343, 99
Trd, 4318842.393, 94
Trd, 4318844.493, 97
Trd, 4318845.793, 100
Trd, 4318849.293, 99
Trd, 4318850.643, 101
Trd, 4318851.743, 99
Trd, 4318851.793, 98
Trd, 4318854.193, 101
Trd, 4318854.943, 97
Trd, 4318857.093, 101
Trd, 4318857.993, 98
Trd, 4318858.793, 97
Trd, 4318859.443, 94
Trd, 4318860.343, 98
Trd, 4318865.343, 95
Trd, 4318865.793, 96
Trd, 4318866.593, 98
Trd, 4318866.693, 95
Trd, 4318869.143, 98
Trd, 4318871.243, 99
Trd, 4318873.343, 102
Trd, 4318873.743, 101
Trd, 4318874.543, 100
Trd, 4318876.443, 94
Trd, 4318877.043, 101
Trd, 4318878.643, 106
Trd, 4318881.193, 99
Trd, 4318883.493, 102
Trd, 4318883.593, 101
Trd, 4318883.993, 99
Trd, 4318884.393, 94
Trd, 4318885.393, 98
Trd, 4318886.093, 96
Trd, 4318890.043, 95
Trd, 4318893.493, 96
Trd, 4318894.043, 94
Trd, 4318895.343, 96
Trd, 4318896.093, 104
Trd, 4318897.093, 95
Trd, 4318897.843, 94
Trd, 4318899.193, 110
Trd, 4318900.243, 99
Trd, 4318900.793, 100
Trd, 4318901.493, 106
Trd, 4318901.743, 103
Trd, 4318903.593, 93
Trd, 4318903.843, 96
Trd, 4318905.293, 117
Trd, 4318906.743, 108
Trd, 4318907.493, 108
Trd, 4318908.143, 95
Trd, 4318911.393, 100
Trd, 4318912.443, 99
Trd, 4318914.193, 98
Trd, 4318915.093, 86
Trd, 4318915.843, 90
Trd, 4318917.743, 97
Trd, 4318918.143, 109
Trd, 4318919.643, 103
Trd, 4318921.643, 112
Trd, 4318922.743, 116
Trd, 4318922.843, 108
Trd, 4318923.643, 110
Trd, 4318925.743, 109
Trd, 4318928.493, 98
Trd, 4318930.993, 104
Trd, 4318933.893, 108
Trd, 4318934.943, 107
Trd, 4318935.193, 106
Trd, 4318935.493, 96
Trd, 4318937.893, 100
Trd, 4318938.793, 97
Trd, 4318941.243, 96
Trd, 4318943.293, 102
Trd, 4318944.093, 100
Trd, 4318944.943, 98
Trd, 4318945.343, 104
Trd, 4318949.193, 101
Trd, 4318950.293, 103
Trd, 4318950.393, 92
Trd, 4318952.543, 96
Trd, 4318953.343, 96
Trd, 4318953.743, 104
Trd, 4318954.243, 104
Trd, 4318955.743, 93
Trd, 4318956.143, 93
Trd, 4318957.643, 93
Trd, 4318959.643, 92
Trd, 4318961.193, 93
Trd, 4318961.393, 92
Trd, 4318961.493, 94
Trd, 4318963.893, 94
Trd, 4318965.193, 91
Trd, 4318965.643, 91
Trd, 4318968.743, 90
Trd, 4318968.993, 93
Trd, 4318970.143, 95
Trd, 4318971.193, 94
Trd, 4318971.993, 94
Trd, 4318972.893, 92
Trd, 4318977.493, 98
Trd, 4318977.693, 94
Trd, 4318978.543, 103
Trd, 4318979.093, 104
Trd, 4318980.543, 101
Trd, 4318981.693, 100
Trd, 4318983.043, 104
Trd, 4318984.943, 99
Trd, 4318985.243, 104
Trd, 4318990.143, 100
Trd, 4318990.493, 98
Trd, 4318990.743, 100
Trd, 4318993.943, 97
Trd, 4318994.943, 104
Trd, 4318995.743, 96
Trd, 4318995.893, 102
Trd, 4318996.043, 100
Trd, 4318998.193, 101
Trd, 4318998.593, 99
Trd, 4318999.093, 98
Trd, 4319002.093, 101
Trd, 4319002.743, 94
Trd, 4319004.593, 95
Trd, 4319005.793, 98
Trd, 4319005.993, 98
Trd, 4319007.143, 96
Trd, 4319008.093, 101
Trd, 4319008.393, 101
Trd, 4319009.943, 101
Trd, 4319012.843, 100
Trd, 4319013.393, 102
Trd, 4319016.893, 101
Trd, 4319017.643, 102
Trd, 4319017.893, 100
Trd, 4319018.693, 96
Trd, 4319018.743, 94
Trd, 4319020.093, 96
Trd, 4319020.593, 97
Trd, 4319021.293, 94
Trd, 4319022.593, 104
Trd, 4319023.793, 94
Trd, 4319026.643, 97
Trd, 4319027.043, 100
Trd, 4319028.143, 98
Trd, 4319029.843, 98
Trd, 4319030.993, 95
Trd, 4319033.593, 97
Trd, 4319033.893, 97
Trd, 4319036.193, 94
Trd, 4319036.293, 94
Trd, 4319037.393, 103
Trd, 4319039.243, 93
Trd, 4319040.843, 95
Trd, 4319043.693, 94
Trd, 4319044.543, 95
Trd, 4319045.943, 95
Trd, 4319046.543, 101
Trd, 4319047.293, 98
Trd, 4319049.693, 99
Trd, 4319050.793, 98
Trd, 4319051.443, 99
Trd, 4319051.493, 97
Trd, 4319052.543, 86
Trd, 4319053.043, 95
Trd, 4319054.393, 93
Trd, 4319055.093, 92
Trd, 4319056.043, 98
Trd, 4319056.643, 99
Trd, 4319056.893, 104
Trd, 4319059.193, 102
Trd, 4319059.993, 102
Trd, 4319062.193, 104
Trd, 4319063.093, 93
Trd, 4319063.593, 103
Trd, 4319067.143, 99
Trd, 4319068.543, 98
Trd, 4319068.843, 97
Trd, 4319074.893, 99
Trd, 4319076.043, 97
Trd, 4319078.793, 96
Trd, 4319080.393, 97
Trd, 4319081.793, 97
Trd, 4319082.543, 99
Trd, 4319082.993, 96
Trd, 4319083.343, 104
Trd, 4319084.793, 100
Trd, 4319086.293, 104
Trd, 4319087.493, 94
Trd, 4319089.743, 93
Trd, 4319092.043, 102
Trd, 4319093.693, 95
Trd, 4319094.693, 96
Trd, 4319096.393, 96
Trd, 4319098.193, 95
Trd, 4319098.993, 97
Trd, 4319101.143, 99
Trd, 4319102.993, 97
Trd, 4319103.693, 105
Trd, 4319103.893, 92
Trd, 4319105.893, 94
Trd, 4319106.843, 98
Trd, 4319108.593, 105
Trd, 4319109.093, 100
Trd, 4319110.743, 96
Trd, 4319111.943, 98
Trd, 4319114.643, 95
Trd, 4319115.093, 98
Trd, 4319115.343, 94
Trd, 4319116.293, 98
Trd, 4319116.943, 99
Trd, 4319119.743, 96
Trd, 4319121.793, 97
Trd, 4319122.643, 94
Trd, 4319122.893, 98
Trd, 4319125.093, 101
Trd, 4319126.293, 105
Trd, 4319126.643, 94
Trd, 4319127.493, 98
Trd, 4319129.443, 93
Trd, 4319135.093, 94
Trd, 4319135.343, 97
Trd, 4319137.593, 97
Trd, 4319139.593, 96
Trd, 4319140.493, 97
Trd, 4319142.043, 96
Trd, 4319142.143, 94
Trd, 4319143.943, 96
Trd, 4319145.193, 96
Trd, 4319146.193, 97
Trd, 4319147.393, 96
Trd, 4319149.993, 94
Trd, 4319150.143, 98
Trd, 4319151.543, 89
Trd, 4319155.193, 105
Trd, 4319156.293, 95
Trd, 4319156.343, 94
Trd, 4319157.793, 97
Trd, 4319158.293, 93
Trd, 4319160.493, 94
Trd, 4319161.493, 99
Trd, 4319161.693, 99
Trd, 4319162.143, 99
Trd, 4319163.443, 99
Trd, 4319165.593, 94
Trd, 4319167.343, 96
Trd, 4319172.293, 96
Trd, 4319172.943, 96
Trd, 4319173.643, 94
Trd, 4319173.793, 86
Trd, 4319174.693, 95
Trd, 4319176.993, 113
Trd, 4319179.743, 101
Trd, 4319180.043, 98
Trd, 4319180.693, 98
Trd, 4319181.943, 102
Trd, 4319182.493, 95
Trd, 4319185.443, 98
Trd, 4319185.793, 105
Trd, 4319188.143, 95
Trd, 4319188.843, 99
Trd, 4319190.043, 95
Trd, 4319190.943, 99
Trd, 4319191.643, 104
Trd, 4319192.843, 98
Trd, 4319193.093, 105
Trd, 4319194.443, 101
Trd, 4319196.043, 110
Trd, 4319196.743, 86
Trd, 4319198.443, 96
Trd, 4319201.543, 98
Trd, 4319202.643, 99
Trd, 4319204.743, 98
Trd, 4319205.643, 97
Trd, 4319206.593, 99
Trd, 4319207.143, 104
Trd, 4319212.443, 105
Trd, 4319212.893, 102
Trd, 4319216.743, 101
Trd, 4319216.993, 101
Trd, 4319220.443, 100
Trd, 4319220.493, 94
Trd, 4319220.993, 92
Trd, 4319221.493, 93
Trd, 4319223.493, 93
Trd, 4319224.043, 97
Trd, 4319227.343, 94
Trd, 4319227.493, 97
Trd, 4319230.493, 97
Trd, 4319232.643, 95
Trd, 4319234.493, 95
Trd, 4319236.693, 94
Trd, 4319237.293, 94
Trd, 4319237.493, 96
Trd, 4319239.943, 104
Trd, 4319240.943, 95
Trd, 4319242.493, 101
Trd, 4319245.143, 96
Trd, 4319245.443, 95
Trd, 4319245.593, 102
Trd, 4319248.893, 99
Trd, 4319249.443, 99
Trd, 4319250.343, 101
Trd, 4319251.093, 94
Trd, 4319253.543, 100
Trd, 4319254.793, 100
Trd, 4319255.493, 104
Trd, 4319255.693, 109
Trd, 4319256.493, 86
Trd, 4319257.243, 100
Trd, 4319257.893, 99
Trd, 4319258.593, 103
Trd, 4319259.393, 102
Trd, 4319259.543, 91
Trd, 4319261.193, 104
Trd, 4319263.043, 73
Trd, 4319264.543, 85
Trd, 4319264.993, 88
Trd, 4319266.043, 97
Trd, 4319266.443, 101
Trd, 4319269.093, 90
Trd, 4319272.443, 90
Trd, 4319273.243, 91
Trd, 4319273.443, 89
Trd, 4319275.243, 90
Trd, 4319276.393, 95
Trd, 4319277.243, 95
Trd, 4319277.743, 94
Trd, 4319279.493, 104
Trd, 4319280.193, 97
Trd, 4319280.993, 99
Trd, 4319282.843, 95
Trd, 4319285.593, 98
Trd, 4319285.793, 96
Trd, 4319288.143, 97
Trd, 4319289.593, 98
Trd, 4319290.843, 95
Trd, 4319290.943, 98
Trd, 4319293.493, 100
Trd, 4319293.893, 94
Trd, 4319295.143, 105
Trd, 4319296.843, 106
Trd, 4319298.443, 106
Trd, 4319299.693, 105
Trd, 4319299.993, 108
Trd, 4319300.393, 101
Trd, 4319302.743, 107
Trd, 4319303.543, 98
Trd, 4319305.643, 104
Trd, 4319308.293, 103
Trd, 4319311.943, 104
Trd, 4319312.293, 103
Trd, 4319316.543, 105
Trd, 4319317.243, 104
Trd, 4319318.093, 105
Trd, 4319320.243, 104
Trd, 4319322.643, 105
Trd, 4319322.693, 103
Trd, 4319323.743, 99
Trd, 4319324.493, 99
Trd, 4319325.643, 94
Trd, 4319325.843, 103
Trd, 4319326.893, 101
Trd, 4319329.693, 94
Trd, 4319330.993, 104
Trd, 4319332.093, 104
Trd, 4319332.893, 106
Trd, 4319335.493, 100
Trd, 4319335.943, 96
Trd, 4319337.293, 97
Trd, 4319341.493, 95
Trd, 4319341.793, 98
Trd, 4319342.843, 96
Trd, 4319344.393, 99
Trd, 4319344.943, 103
Trd, 4319346.643, 102
Trd, 4319347.693, 103
Trd, 4319350.743, 102
Trd, 4319352.343, 109
Trd, 4319353.193, 105
Trd, 4319353.743, 108
Trd, 4319354.293, 94
Trd, 4319356.093, 100
Trd, 4319361.293, 104
Trd, 4319363.043, 102
Trd, 4319363.643, 104
Trd, 4319364.943, 101
Trd, 4319367.293, 103
Trd, 4319368.093, 99
Trd, 4319370.743, 93
Trd, 4319370.943, 99
Trd, 4319371.493, 95
Trd, 4319372.193, 95
Trd, 4319376.843, 94
Trd, 4319377.293, 95
Trd, 4319377.343, 93
Trd, 4319378.993, 95
Trd, 4319379.443, 95
Trd, 4319380.243, 97
Trd, 4319381.493, 102
Trd, 4319382.493, 104
Trd, 4319384.793, 100
Trd, 4319384.943, 101
Trd, 4319385.643, 104
Trd, 4319386.243, 99
Trd, 4319386.543, 94
Trd, 4319390.043, 97
Trd, 4319390.643, 99
Trd, 4319390.843, 93
Trd, 4319392.593, 94
Trd, 4319394.993, 94
Trd, 4319396.693, 94
Trd, 4319396.893, 92
Trd, 4319397.593, 94
Trd, 4319401.943, 91
Trd, 4319403.993, 99
Trd, 4319405.143, 98
Trd, 4319405.693, 98
Trd, 4319405.893, 104
Trd, 4319406.693, 94
Trd, 4319408.143, 104
Trd, 4319411.393, 94
Trd, 4319415.593, 98
Trd, 4319415.793, 95
Trd, 4319420.193, 93
Trd, 4319420.843, 97
Trd, 4319421.893, 97
Trd, 4319423.193, 98
Trd, 4319426.993, 96
Trd, 4319427.293, 94
Trd, 4319428.543, 95
Trd, 4319430.493, 96
Trd, 4319430.893, 93
Trd, 4319431.243, 96
Trd, 4319434.393, 95
Trd, 4319435.293, 95
Trd, 4319437.843, 96
Trd, 4319438.993, 94
Trd, 4319440.293, 95
Trd, 4319442.093, 94
Trd, 4319444.193, 96
Trd, 4319444.743, 95
Trd, 4319445.043, 96
Trd, 4319445.193, 94
Trd, 4319445.893, 86
Trd, 4319449.043, 97
Trd, 4319449.743, 101
Trd, 4319450.893, 100
Trd, 4319453.393, 98
Trd, 4319453.843, 98
Trd, 4319459.643, 99
Trd, 4319459.793, 100
Trd, 4319459.843, 94
Trd, 4319464.693, 97
Trd, 4319465.693, 97
Trd, 4319466.293, 98
Trd, 4319466.643, 99
Trd, 4319466.943, 97
Trd, 4319468.093, 105
Trd, 4319471.343, 96
Trd, 4319471.593, 96
Trd, 4319471.693, 99
Trd, 4319474.843, 98
Trd, 4319475.543, 96
Trd, 4319480.593, 97
Trd, 4319480.743, 103
Trd, 4319480.843, 95
Trd, 4319482.943, 94
Trd, 4319484.293, 101
Trd, 4319484.893, 102
Trd, 4319487.893, 102
Trd, 4319488.943, 95
Trd, 4319490.693, 86
Trd, 4319491.343, 86
Trd, 4319492.993, 88
Trd, 4319493.643, 85
Trd, 4319494.893, 99
Trd, 4319495.993, 96
Trd, 4319496.143, 95
Trd, 4319496.593, 105
Trd, 4319498.693, 101
Trd, 4319500.743, 103
Trd, 4319502.243, 101
Trd, 4319502.743, 100
Trd, 4319502.843, 105
Trd, 4319505.143, 102
Trd, 4319505.743, 102
Trd, 4319508.343, 100
Trd, 4319509.743, 102
Trd, 4319511.993, 101
Trd, 4319512.593, 100
Trd, 4319513.293, 94
Trd, 4319513.943, 104
Trd, 4319514.493, 104
Trd, 4319516.993, 99
Trd, 4319517.943, 99
Trd, 4319518.893, 99
Trd, 4319521.543, 99
Trd, 4319522.693, 99
Trd, 4319526.243, 98
Trd, 4319527.893, 101
Trd, 4319528.493, 98
Trd, 4319528.593, 98
Trd, 4319531.193, 101
Trd, 4319532.893, 101
Trd, 4319535.993, 99
Trd, 4319536.393, 101
Trd, 4319536.793, 100
Trd, 4319537.493, 97
Trd, 4319541.093, 99
Trd, 4319543.043, 103
Trd, 4319543.093, 96
Trd, 4319544.843, 94
Trd, 4319546.193, 104
Trd, 4319546.843, 109
Trd, 4319549.343, 106
Trd, 4319549.543, 103
Trd, 4319552.043, 94
Trd, 4319552.193, 86
Trd, 4319552.543, 98
Trd, 4319552.843, 99
Trd, 4319557.393, 96
Trd, 4319558.293, 95
Trd, 4319561.393, 92
Trd, 4319562.443, 94
Trd, 4319563.043, 91
Trd, 4319564.643, 89
Trd, 4319565.043, 92
Trd, 4319566.843, 93
Trd, 4319568.143, 89
Trd, 4319571.743, 93
Trd, 4319571.793, 105
Trd, 4319572.993, 98
Trd, 4319573.043, 96
Trd, 4319573.743, 101
Trd, 4319576.393, 97
Trd, 4319576.793, 96
Trd, 4319578.543, 96
Trd, 4319579.393, 95
Trd, 4319581.143, 94
Trd, 4319581.543, 95
Trd, 4319582.043, 96
Trd, 4319582.243, 99
Trd, 4319583.143, 86
Trd, 4319583.643, 105
Trd, 4319584.643, 83
Trd, 4319584.793, 83
Trd, 4319587.643, 98
Trd, 4319591.093, 96
Trd, 4319591.543, 94
Trd, 4319592.743, 95
Trd, 4319593.893, 94
Trd, 4319594.943, 105
Trd, 4319595.993, 98
Trd, 4319596.043, 97
Trd, 4319596.343, 103
Trd, 4319600.043, 99
Trd, 4319600.143, 99
Trd, 4319602.193, 86
Trd, 4319603.793, 99
Trd, 4319604.193, 97
Trd, 4319604.393, 97
Trd, 4319607.043, 98
Trd, 4319608.793, 95
Trd, 4319609.593, 94
Trd, 4319610.843, 97
Trd, 4319610.893, 98
Trd, 4319613.043, 104
Trd, 4319615.293, 100
Trd, 4319616.043, 99
Trd, 4319617.093, 98
Trd, 4319618.043, 98
Trd, 4319618.493, 105
Trd, 4319620.043, 94
Trd, 4319622.543, 98
Trd, 4319623.193, 102
Trd, 4319623.243, 96
Trd, 4319625.493, 102
Trd, 4319628.393, 101
Trd, 4319628.493, 94
Trd, 4319628.643, 96
Trd, 4319629.143, 96
Trd, 4319629.993, 95
Trd, 4319631.443, 100
Trd, 4319631.543, 104
Trd, 4319634.343, 98
Trd, 4319634.393, 97
Trd, 4319635.393, 102
Trd, 4319637.843, 102
Trd, 4319639.593, 99
Trd, 4319641.093, 99
Trd, 4319642.393, 97
Trd, 4319644.143, 95
Trd, 4319645.193, 99
Trd, 4319646.243, 93
Trd, 4319649.243, 96
Trd, 4319649.393, 97
Trd, 4319651.943, 93
Trd, 4319652.943, 95
Trd, 4319653.043, 92
Trd, 4319653.493, 95
Trd, 4319653.793, 104
Trd, 4319655.643, 100
Trd, 4319659.143, 101
Trd, 4319660.643, 98
Trd, 4319661.093, 97
Trd, 4319661.293, 95
Trd, 4319662.693, 101
Trd, 4319664.243, 100
Trd, 4319665.443, 100
Trd, 4319666.493, 101
Trd, 4319667.993, 96
Trd, 4319669.143, 96
Trd, 4319671.343, 97
Trd, 4319671.393, 96
Trd, 4319671.843, 98
Trd, 4319672.543, 99
Trd, 4319675.143, 99
Trd, 4319676.243, 95
Trd, 4319677.643, 100
Trd, 4319678.543, 104
Trd, 4319678.593, 95
Trd, 4319680.593, 94
Trd, 4319680.893, 95
Trd, 4319683.693, 94
Trd, 4319684.593, 98
Trd, 4319685.143, 96
Trd, 4319686.643, 95
Trd, 4319687.443, 96
Trd, 4319688.993, 95
Trd, 4319690.643, 104
Trd, 4319692.443, 100
Trd, 4319692.593, 95
Trd, 4319694.493, 95
Trd, 4319696.793, 104
Trd, 4319697.193, 108
Trd, 4319697.643, 100
Trd, 4319697.793, 100
Trd, 4319700.593, 102
Trd, 4319703.043, 103
Trd, 4319704.693, 103
Trd, 4319707.443, 103
Trd, 4319707.493, 108
Trd, 4319709.243, 101
Trd, 4319709.893, 101
Trd, 4319710.593, 100
Trd, 4319710.893, 105
Trd, 4319711.093, 97
Trd, 4319712.543, 94
Trd, 4319713.943, 104
Trd, 4319713.993, 100
Trd, 4319717.993, 103
Trd, 4319719.193, 99
Trd, 4319721.093, 94
Trd, 4319723.043, 95
Trd, 4319723.443, 94
Trd, 4319724.293, 98
Trd, 4319725.193, 89
Trd, 4319728.793, 100
Trd, 4319730.743, 100
Trd, 4319730.843, 97
Trd, 4319731.393, 103
Trd, 4319731.793, 98
Trd, 4319731.993, 105
Trd, 4319734.243, 98
Trd, 4319734.343, 94
Trd, 4319736.093, 103
Trd, 4319739.343, 99
Trd, 4319739.793, 97
Trd, 4319740.393, 96
Trd, 4319740.443, 99
Trd, 4319741.943, 101
Trd, 4319744.543, 95
Trd, 4319749.243, 94
Trd, 4319751.093, 95
Trd, 4319752.093, 94
Trd, 4319753.743, 97
Trd, 4319753.843, 105
Trd, 4319753.943, 97
Trd, 4319756.243, 98
Trd, 4319756.793, 93
Trd, 4319758.443, 103
Trd, 4319759.393, 103
Trd, 4319760.993, 100
Trd, 4319762.093, 94
Trd, 4319763.293, 102
Trd, 4319768.243, 100
Trd, 4319774.543, 100
Trd, 4319774.893, 95
Trd, 4319776.243, 104
Trd, 4319778.843, 103
Trd, 4319779.043, 102
Trd, 4319779.743, 101
Trd, 4319781.443, 100
Trd, 4319781.543, 101
Trd, 4319784.393, 103
Trd, 4319784.943, 103
Trd, 4319785.593, 104
Trd, 4319786.793, 101
Trd, 4319786.943, 105
Trd, 4319789.343, 100
Trd, 4319789.693, 100
Trd, 4319793.343, 100
Trd, 4319794.643, 94
Trd, 4319795.643, 97
Trd, 4319796.493, 100
Trd, 4319798.943, 101
Trd, 4319800.943, 101
Trd, 4319800.993, 104
Trd, 4319801.293, 98
Trd, 4319802.493, 101
Trd, 4319802.693, 97
Trd, 4319805.493, 102
Trd, 4319809.893, 101
Trd, 4319810.743, 103
Trd, 4319811.843, 103
Trd, 4319812.243, 99
Trd, 4319813.593, 104
Trd, 4319814.893, 98
Trd, 4319816.343, 94
Trd, 4319819.793, 101
Trd, 4319820.343, 97
Trd, 4319822.893, 94
Trd, 4319823.993, 96
Trd, 4319824.193, 98
Trd, 4319828.143, 98
Trd, 4319829.243, 104
Trd, 4319832.043, 97
Trd, 4319832.693, 97
Trd, 4319834.093, 100
Trd, 4319834.243, 94
Trd, 4319835.443, 94
Trd, 4319837.643, 97
Trd, 4319838.743, 94
Trd, 4319839.293, 96
Trd, 4319840.593, 92
Trd, 4319841.293, 96
Trd, 4319844.693, 95
Trd, 4319845.993, 94
Trd, 4319846.293, 104
Trd, 4319849.293, 98
Trd, 4319851.693, 98
Trd, 4319852.743, 100
Trd, 4319852.943, 104
Trd, 4319853.543, 94
Trd, 4319857.343, 96
Trd, 4319858.443, 95
Trd, 4319859.343, 99
Trd, 4319859.793, 94
Trd, 4319860.493, 101
Trd, 4319864.893, 95
Trd, 4319865.143, 94
Trd, 4319865.193, 100
Trd, 4319867.843, 96
Trd, 4319870.443, 102
Trd, 4319872.043, 96
Trd, 4319872.743, 96
Trd, 4319873.243, 94
Trd, 4319873.343, 94
Trd, 4319875.643, 94
Trd, 4319875.793, 95
Trd, 4319877.043, 105
Trd, 4319877.893, 102
Trd, 4319878.593, 103
Trd, 4319879.193, 100
Trd, 4319881.393, 99
Trd, 4319882.993, 94
Trd, 4319884.043, 103
Trd, 4319886.093, 96
Trd, 4319889.143, 96
Trd, 4319889.743, 94
Trd, 4319893.793, 96
Trd, 4319894.443, 99
Trd, 4319895.243, 94
Trd, 4319896.193, 98
Trd, 4319896.593, 94
Trd, 4319897.943, 98
Trd, 4319899.393, 104
Trd, 4319902.493, 97
Trd, 4319902.593, 96
Trd, 4319902.693, 94
Trd, 4319903.293, 100
Trd, 4319903.393, 94
Trd, 4319904.493, 103
Trd, 4319906.843, 99
Trd, 4319909.493, 101
Trd, 4319910.543, 99
Trd, 4319911.593, 93
Trd, 4319913.143, 99
Trd, 4319913.893, 97
Trd, 4319915.243, 114
Trd, 4319916.243, 115
Trd, 4319916.543, 107
Trd, 4319919.043, 90
Trd, 4319919.893, 67
Trd, 4319920.843, 96
Trd, 4319921.643, 98
Trd, 4319922.393, 97
Trd, 4319925.393, 93
Trd, 4319925.793, 86
Trd, 4319926.443, 92
Trd, 4319929.293, 90
Trd, 4319930.643, 92
Trd, 4319931.993, 92
Trd, 4319932.493, 93
Trd, 4319933.643, 92
Trd, 4319934.593, 93
Trd, 4319936.893, 102
Trd, 4319939.093, 96
Trd, 4319939.493, 97
Trd, 4319939.593, 95
Trd, 4319941.143, 94
Trd, 4319942.493, 104
Trd, 4319943.143, 103
Trd, 4319943.393, 100
Trd, 4319945.593, 98
Trd, 4319947.543, 98
Trd, 4319947.743, 102
Trd, 4319949.043, 100
Trd, 4319952.143, 97
Trd, 4319954.793, 97
Trd, 4319954.843, 100
Trd, 4319955.143, 100
Trd, 4319956.793, 96
Trd, 4319956.943, 94
Trd, 4319958.093, 105
Trd, 4319958.893, 103
Trd, 4319959.293, 100
Trd, 4319961.693, 102
Trd, 4319963.843, 100
Trd, 4319964.893, 104
Trd, 4319965.543, 106
Trd, 4319965.993, 103
Trd, 4319969.643, 102
Trd, 4319969.943, 103
Trd, 4319972.243, 99
Trd, 4319972.593, 94
Trd, 4319975.343, 104
Trd, 4319975.643, 102
Trd, 4319976.243, 101
Trd, 4319977.293, 86
Trd, 4319981.943, 102
Trd, 4319983.043, 105
Trd, 4319983.693, 97
Trd, 4319985.293, 107
Trd, 4319985.893, 97
Trd, 4319986.393, 91
Trd, 4319987.743, 98
Trd, 4319989.143, 99
Trd, 4319990.393, 99
Trd, 4319991.793, 92
Trd, 4319993.293, 97
Trd, 4319993.843, 106
Trd, 4319997.043, 101
Trd, 4319997.993, 88
Trd, 4319999.693, 99
