Trd, 4317844.843, 96
Trd, 4317846.693, 94
Trd, 4317847.443, 95
Trd, 4317848.193, 95
Trd, 4317848.593, 94
Trd, 4317851.343, 93
Trd, 4317853.193, 95
Trd, 4317853.693, 98
Trd, 4317856.643, 94
Trd, 4317857.443, 92
Trd, 4317858.793, 92
Trd, 4317859.143, 93
Trd, 4317860.243, 92
Trd, 4317860.543, 93
Trd, 4317861.093, 91
Trd, 4317863.793, 95
Trd, 4317864.193, 91
Trd, 4317864.793, 90
Trd, 4317868.993, 92
Trd, 4317869.043, 93
Trd, 4317871.443, 96
Trd, 4317874.993, 93
Trd, 4317875.243, 93
Trd, 4317875.843, 90
Trd, 4317876.793, 94
Trd, 4317880.443, 90
Trd, 4317881.743, 91
Trd, 4317882.043, 89
Trd, 4317886.093, 88
Trd, 4317886.993, 91
Trd, 4317889.193, 89
Trd, 4317890.293, 88
Trd, 4317892.593, 100
Trd, 4317894.343, 87
Trd, 4317895.943, 91
Trd, 4317897.143, 93
Trd, 4317898.343, 86
Trd, 4317901.343, 92
Trd, 4317902.693, 88
Trd, 4317903.543, 85
Trd, 4317907.793, 87
Trd, 4317909.343, 84
Trd, 4317909.543, 85
Trd, 4317910.643, 86
Trd, 4317912.393, 83
Trd, 4317913.793, 83
Trd, 4317915.393, 84
Trd, 4317917.943, 82
Trd, 4317918.643, 84
Trd, 4317920.843, 83
Trd, 4317921.643, 84
Trd, 4317922.943, 98
Trd, 4317924.543, 89
Trd, 4317924.893, 91
Trd, 4317928.243, 90
Trd, 4317929.343, 84
Trd, 4317931.243, 96
Trd, 4317932.143, 90
Trd, 4317933.793, 84
Trd, 4317936.043, 91
Trd, 4317936.443, 90
Trd, 4317938.393, 89
Trd, 4317939.893, 89
Trd, 4317940.693, 90
Trd, 4317941.643, 88
Trd, 4317942.743, 90
Trd, 4317945.593, 87
Trd, 4317946.243, 89
Trd, 4317946.593, 89
Trd, 4317951.193, 86
Trd, 4317951.243, 86
Trd, 4317952.243, 86
Trd, 4317953.193, 85
Trd, 4317953.293, 85
Trd, 4317954.593, 99
Trd, 4317958.693, 90
Trd, 4317958.943, 87
Trd, 4317958.993, 90
Trd, 4317962.593, 91
Trd, 4317963.293, 94
Trd, 4317965.593, 90
Trd, 4317967.243, 90
Trd, 4317967.343, 88
Trd, 4317968.693, 88
Trd, 4317969.893, 89
Trd, 4317971.093, 86
Trd, 4317972.793, 89
Trd, 4317973.943, 101
Trd, 4317976.193, 95
Trd, 4317978.643, 90
Trd, 4317979.743, 93
Trd, 4317983.193, 94
Trd, 4317984.243, 94
Trd, 4317985.593, 92
Trd, 4317989.293, 95
Trd, 4317990.143, 104
Trd, 4317991.893, 97
Trd, 4317993.043, 96
Trd, 4317993.693, 96
Trd, 4317994.393, 94
Trd, 4317995.143, 96
Trd, 4317995.893, 96
Trd, 4317997.493, 94
Trd, 4317999.593, 95
Trd, 4317999.693, 94
Trd, 4317999.943, 94
Trd, 4318000.493, 95
Trd, 4318001.993, 97
Trd, 4318003.393, 93
Trd, 4318005.143, 96
Trd, 4318007.393, 93
Trd, 4318010.043, 92
Trd, 4318010.293, 91
Trd, 4318011.443, 96
Trd, 4318011.993, 100
Trd, 4318012.993, 97
Trd, 4318013.443, 103
Trd, 4318013.693, 92
Trd, 4318018.893, 97
Trd, 4318019.893, 94
Trd, 4318020.493, 102
Trd, 4318021.393, 95
Trd, 4318022.243, 99
Trd, 4318026.393, 94
Trd, 4318026.443, 93
Trd, 4318026.543, 96
Trd, 4318031.143, 92
Trd, 4318031.743, 93
Trd, 4318031.893, 102
Trd, 4318032.343, 92
Trd, 4318033.843, 102
Trd, 4318035.193, 95
Trd, 4318036.143, 95
Trd, 4318038.993, 96
Trd, 4318039.043, 94
Trd, 4318042.493, 94
Trd, 4318043.143, 97
Trd, 4318044.143, 97
Trd, 4318045.443, 94
Trd, 4318047.543, 96
Trd, 4318048.293, 95
Trd, 4318049.943, 94
Trd, 4318054.493, 94
Trd, 4318057.243, 93
Trd, 4318057.493, 95
Trd, 4318059.893, 95
Trd, 4318060.293, 92
Trd, 4318060.543, 92
Trd, 4318062.543, 93
Trd, 4318063.493, 93
Trd, 4318065.843, 98
Trd, 4318067.843, 91
Trd, 4318069.993, 90
Trd, 4318071.043, 90
Trd, 4318071.293, 91
Trd, 4318072.843, 89
Trd, 4318072.943, 98
Trd, 4318076.143, 100
Trd, 4318076.193, 89
Trd, 4318076.543, 104
Trd, 4318080.993, 98
Trd, 4318082.143, 97
Trd, 4318082.493, 96
Trd, 4318083.793, 95
Trd, 4318083.943, 94
Trd, 4318084.943, 103
Trd, 4318084.993, 97
Trd, 4318086.243, 92
Trd, 4318088.543, 97
Trd, 4318091.093, 95
Trd, 4318091.543, 95
Trd, 4318091.743, 97
Trd, 4318093.393, 95
Trd, 4318094.693, 94
Trd, 4318096.693, 96
Trd, 4318098.293, 93
Trd, 4318099.143, 93
Trd, 4318099.793, 92
Trd, 4318100.693, 90
Trd, 4318101.393, 87
Trd, 4318101.743, 86
Trd, 4318103.093, 96
Trd, 4318104.893, 89
Trd, 4318105.443, 88
Trd, 4318106.393, 90
Trd, 4318109.943, 91
Trd, 4318113.993, 89
Trd, 4318115.093, 87
Trd, 4318115.443, 90
Trd, 4318116.443, 91
Trd, 4318116.843, 87
Trd, 4318121.743, 86
Trd, 4318122.293, 85
Trd, 4318123.093, 86
Trd, 4318123.293, 87
Trd, 4318125.543, 85
Trd, 4318126.193, 85
Trd, 4318127.943, 86
Trd, 4318128.093, 86
Trd, 4318129.793, 87
Trd, 4318132.143, 87
Trd, 4318134.893, 94
Trd, 4318135.043, 102
Trd, 4318136.543, 102
Trd, 4318138.693, 93
Trd, 4318139.993, 97
Trd, 4318143.493, 95
Trd, 4318146.593, 95
Trd, 4318146.743, 92
Trd, 4318148.593, 92
Trd, 4318152.843, 93
Trd, 4318154.743, 91
Trd, 4318154.843, 91
Trd, 4318155.043, 91
Trd, 4318155.643, 91
Trd, 4318156.493, 91
Trd, 4318157.143, 85
Trd, 4318158.643, 88
Trd, 4318161.093, 89
Trd, 4318163.743, 88
Trd, 4318165.193, 89
Trd, 4318165.393, 88
Trd, 4318166.493, 98
Trd, 4318166.543, 87
Trd, 4318168.043, 91
Trd, 4318169.793, 90
Trd, 4318170.093, 90
Trd, 4318170.943, 90
Trd, 4318171.243, 96
Trd, 4318174.343, 89
Trd, 4318175.093, 92
Trd, 4318179.393, 90
Trd, 4318179.943, 88
Trd, 4318179.993, 88
Trd, 4318180.143, 88
Trd, 4318180.893, 95
Trd, 4318181.343, 87
Trd, 4318182.643, 92
Trd, 4318185.193, 92
Trd, 4318185.843, 104
Trd, 4318187.193, 104
Trd, 4318192.393, 86
Trd, 4318193.893, 89
Trd, 4318194.943, 85
Trd, 4318196.493, 85
Trd, 4318199.193, 86
Trd, 4318200.593, 85
Trd, 4318200.793, 85
Trd, 4318204.543, 84
Trd, 4318205.143, 84
Trd, 4318205.593, 91
Trd, 4318206.693, 90
Trd, 4318207.343, 96
Trd, 4318208.943, 88
Trd, 4318212.243, 94
Trd, 4318212.793, 95
Trd, 4318214.143, 87
Trd, 4318217.143, 88
Trd, 4318217.543, 87
Trd, 4318219.143, 86
Trd, 4318221.493, 86
Trd, 4318221.843, 85
Trd, 4318224.643, 87
Trd, 4318227.043, 87
Trd, 4318227.693, 87
Trd, 4318228.643, 85
Trd, 4318229.143, 85
Trd, 4318231.043, 95
Trd, 4318233.143, 91
Trd, 4318234.193, 96
Trd, 4318235.743, 89
Trd, 4318237.093, 94
Trd, 4318239.843, 95
Trd, 4318239.943, 90
Trd, 4318244.843, 95
Trd, 4318245.543, 90
Trd, 4318247.193, 94
Trd, 4318248.493, 93
Trd, 4318249.893, 92
Trd, 4318249.993, 92
Trd, 4318250.093, 95
Trd, 4318251.293, 93
Trd, 4318252.393, 93
Trd, 4318254.643, 93
Trd, 4318255.343, 93
Trd, 4318256.343, 92
Trd, 4318256.893, 92
Trd, 4318259.343, 97
Trd, 4318261.593, 95
Trd, 4318265.843, 93
Trd, 4318267.793, 93
Trd, 4318268.343, 92
Trd, 4318269.043, 92
Trd, 4318270.393, 91
Trd, 4318271.943, 92
Trd, 4318272.493, 99
Trd, 4318273.943, 110
Trd, 4318275.093, 102
Trd, 4318277.343, 101
Trd, 4318278.543, 100
Trd, 4318278.643, 99
Trd, 4318281.193, 100
Trd, 4318282.943, 99
Trd, 4318284.093, 99
Trd, 4318286.193, 99
Trd, 4318286.543, 100
Trd, 4318288.393, 101
Trd, 4318288.643, 99
Trd, 4318289.293, 104
Trd, 4318291.293, 99
Trd, 4318295.543, 98
Trd, 4318295.693, 98
Trd, 4318296.393, 94
Trd, 4318296.943, 97
Trd, 4318297.443, 97
Trd, 4318299.593, 94
Trd, 4318301.893, 95
Trd, 4318302.193, 97
Trd, 4318303.143, 94
Trd, 4318303.393, 95
Trd, 4318303.843, 94
Trd, 4318305.293, 103
Trd, 4318306.043, 100
Trd, 4318308.493, 98
Trd, 4318311.343, 102
Trd, 4318312.443, 95
Trd, 4318313.743, 104
Trd, 4318314.193, 97
Trd, 4318316.843, 96
Trd, 4318317.493, 96
Trd, 4318318.793, 95
Trd, 4318319.893, 94
Trd, 4318321.493, 94
Trd, 4318322.243, 95
Trd, 4318322.693, 95
Trd, 4318324.893, 95
Trd, 4318324.993, 99
Trd, 4318326.643, 94
Trd, 4318328.393, 97
Trd, 4318330.293, 96
Trd, 4318330.343, 93
Trd, 4318331.593, 93
Trd, 4318333.443, 94
Trd, 4318335.093, 92
Trd, 4318336.793, 95
Trd, 4318338.043, 96
Trd, 4318339.393, 92
Trd, 4318340.093, 95
Trd, 4318342.493, 93
Trd, 4318343.243, 91
Trd, 4318346.243, 93
Trd, 4318347.243, 92
Trd, 4318351.843, 90
Trd, 4318352.293, 91
Trd, 4318352.993, 90
Trd, 4318353.693, 91
Trd, 4318354.643, 104
Trd, 4318358.193, 91
Trd, 4318358.993, 91
Trd, 4318359.043, 90
Trd, 4318360.443, 97
Trd, 4318360.493, 90
Trd, 4318362.093, 94
Trd, 4318363.493, 91
Trd, 4318364.143, 91
Trd, 4318366.543, 93
Trd, 4318366.643, 90
Trd, 4318369.293, 100
Trd, 4318370.593, 97
Trd, 4318372.293, 89
Trd, 4318374.993, 92
Trd, 4318376.643, 89
Trd, 4318376.893, 91
Trd, 4318383.143, 90
Trd, 4318383.543, 99
Trd, 4318384.093, 88
Trd, 4318388.943, 87
Trd, 4318389.243, 90
Trd, 4318389.893, 89
Trd, 4318390.143, 95
Trd, 4318392.443, 87
Trd, 4318394.043, 88
Trd, 4318394.793, 86
Trd, 4318398.293, 87
Trd, 4318399.843, 85
Trd, 4318401.293, 86
Trd, 4318403.643, 84
Trd, 4318403.993, 84
Trd, 4318404.693, 83
Trd, 4318405.793, 86
Trd, 4318407.843, 86
Trd, 4318410.543, 83
Trd, 4318410.843, 83
Trd, 4318412.143, 101
Trd, 4318412.693, 95
Trd, 4318413.993, 92
Trd, 4318414.793, 92
Trd, 4318415.393, 92
Trd, 4318416.493, 104
Trd, 4318417.493, 104
Trd, 4318418.393, 99
Trd, 4318419.293, 83
Trd, 4318419.993, 92
Trd, 4318420.793, 90
Trd, 4318420.993, 91
Trd, 4318422.693, 84
Trd, 4318425.243, 86
Trd, 4318426.343, 87
Trd, 4318427.293, 86
Trd, 4318427.893, 88
Trd, 4318430.943, 87
Trd, 4318431.193, 86
Trd, 4318433.043, 86
Trd, 4318433.243, 86
Trd, 4318433.393, 88
Trd, 4318433.743, 99
Trd, 4318435.893, 85
Trd, 4318437.243, 104
Trd, 4318440.543, 97
Trd, 4318440.643, 98
Trd, 4318441.543, 95
Trd, 4318443.593, 95
Trd, 4318445.093, 98
Trd, 4318446.443, 94
Trd, 4318447.043, 94
Trd, 4318448.693, 95
Trd, 4318449.993, 95
Trd, 4318450.393, 96
Trd, 4318451.343, 96
Trd, 4318454.343, 95
Trd, 4318455.243, 94
Trd, 4318456.643, 94
Trd, 4318458.293, 93
Trd, 4318458.943, 94
Trd, 4318459.743, 94
Trd, 4318459.793, 98
Trd, 4318463.843, 97
Trd, 4318464.493, 103
Trd, 4318466.543, 99
Trd, 4318467.943, 98
Trd, 4318468.043, 99
Trd, 4318471.193, 97
Trd, 4318471.393, 94
Trd, 4318471.643, 84
Trd, 4318472.043, 98
Trd, 4318472.693, 92
Trd, 4318474.593, 96
Trd, 4318475.443, 93
Trd, 4318477.943, 98
Trd, 4318478.743, 96
Trd, 4318480.543, 104
Trd, 4318482.243, 95
Trd, 4318482.793, 95
Trd, 4318482.893, 104
Trd, 4318485.943, 102
Trd, 4318486.443, 96
Trd, 4318487.243, 101
Trd, 4318489.493, 95
Trd, 4318492.443, 94
Trd, 4318492.543, 93
Trd, 4318493.443, 92
Trd, 4318493.843, 93
Trd, 4318494.743, 96
Trd, 4318497.543, 103
Trd, 4318499.893, 100
Trd, 4318501.893, 100
Trd, 4318502.443, 99
Trd, 4318502.643, 98
Trd, 4318502.793, 103
Trd, 4318503.143, 104
Trd, 4318505.293, 93
Trd, 4318507.343, 96
Trd, 4318507.793, 94
Trd, 4318510.043, 96
Trd, 4318511.093, 97
Trd, 4318511.243, 95
Trd, 4318512.243, 95
Trd, 4318514.543, 95
Trd, 4318515.093, 95
Trd, 4318515.643, 95
Trd, 4318516.243, 84
Trd, 4318516.793, 86
Trd, 4318517.643, 104
Trd, 4318517.893, 92
Trd, 4318520.043, 96
Trd, 4318524.893, 93
Trd, 4318526.543, 92
Trd, 4318529.543, 92
Trd, 4318529.993, 95
Trd, 4318531.743, 91
Trd, 4318533.743, 90
Trd, 4318535.293, 93
Trd, 4318536.493, 96
Trd, 4318536.793, 95
Trd, 4318538.043, 93
Trd, 4318539.193, 92
Trd, 4318539.843, 105
Trd, 4318540.343, 104
Trd, 4318541.593, 101
Trd, 4318543.043, 97
Trd, 4318544.943, 98
Trd, 4318545.893, 96
Trd, 4318547.393, 95
Trd, 4318548.043, 102
Trd, 4318548.543, 102
Trd, 4318551.793, 96
Trd, 4318552.943, 100
Trd, 4318553.493, 97
Trd, 4318555.193, 97
Trd, 4318556.443, 97
Trd, 4318556.693, 96
Trd, 4318558.593, 95
Trd, 4318560.043, 97
Trd, 4318563.593, 94
Trd, 4318563.993, 94
Trd, 4318566.143, 93
Trd, 4318566.193, 93
Trd, 4318568.293, 94
Trd, 4318569.193, 92
Trd, 4318569.493, 94
Trd, 4318570.593, 92
Trd, 4318571.343, 93
Trd, 4318573.393, 92
Trd, 4318573.943, 93
Trd, 4318576.543, 92
Trd, 4318577.593, 93
Trd, 4318578.093, 91
Trd, 4318580.693, 93
Trd, 4318580.793, 93
Trd, 4318584.243, 98
Trd, 4318584.343, 90
Trd, 4318585.343, 101
Trd, 4318588.443, 90
Trd, 4318590.193, 94
Trd, 4318593.543, 89
Trd, 4318594.393, 92
Trd, 4318597.043, 98
Trd, 4318598.043, 91
Trd, 4318598.193, 91
Trd, 4318600.543, 91
Trd, 4318600.593, 91
Trd, 4318601.093, 90
Trd, 4318601.843, 103
Trd, 4318602.393, 96
Trd, 4318605.493, 96
Trd, 4318606.993, 102
Trd, 4318608.393, 99
Trd, 4318609.593, 98
Trd, 4318610.343, 96
Trd, 4318611.293, 98
Trd, 4318611.343, 96
Trd, 4318612.793, 100
Trd, 4318613.343, 94
Trd, 4318616.443, 96
Trd, 4318618.943, 98
Trd, 4318619.493, 95
Trd, 4318619.993, 98
Trd, 4318622.393, 94
Trd, 4318624.493, 94
Trd, 4318625.343, 94
Trd, 4318626.993, 94
Trd, 4318627.243, 93
Trd, 4318627.693, 95
Trd, 4318628.643, 93
Trd, 4318629.143, 94
Trd, 4318629.793, 92
Trd, 4318636.293, 93
Trd, 4318636.543, 91
Trd, 4318637.193, 92
Trd, 4318638.693, 90
Trd, 4318641.693, 90
Trd, 4318641.843, 92
Trd, 4318643.793, 89
Trd, 4318644.343, 86
Trd, 4318644.543, 91
Trd, 4318646.443, 86
Trd, 4318648.643, 89
Trd, 4318652.293, 87
Trd, 4318652.593, 87
Trd, 4318653.543, 88
Trd, 4318654.193, 88
Trd, 4318658.393, 89
Trd, 4318658.543, 86
Trd, 4318658.643, 99
Trd, 4318660.593, 88
Trd, 4318662.543, 90
Trd, 4318667.293, 90
Trd, 4318667.393, 90
Trd, 4318668.343, 87
Trd, 4318671.443, 86
Trd, 4318671.943, 99
Trd, 4318673.293, 91
Trd, 4318677.543, 88
Trd, 4318680.943, 86
Trd, 4318681.243, 87
Trd, 4318681.593, 86
Trd, 4318682.093, 88
Trd, 4318682.493, 97
Trd, 4318685.343, 90
Trd, 4318687.093, 89
Trd, 4318689.743, 88
Trd, 4318690.243, 88
Trd, 4318690.393, 89
Trd, 4318692.793, 87
Trd, 4318693.543, 99
Trd, 4318693.593, 104
Trd, 4318696.643, 92
Trd, 4318698.743, 91
Trd, 4318699.243, 92
Trd, 4318700.093, 91
Trd, 4318702.343, 104
Trd, 4318702.543, 93
Trd, 4318706.643, 94
Trd, 4318706.843, 93
Trd, 4318709.443, 92
Trd, 4318710.043, 96
Trd, 4318715.443, 93
Trd, 4318715.993, 92
Trd, 4318716.793, 91
Trd, 4318719.043, 92
Trd, 4318720.193, 92
Trd, 4318720.593, 91
Trd, 4318722.193, 94
Trd, 4318725.443, 90
Trd, 4318725.843, 91
Trd, 4318727.793, 91
Trd, 4318729.293, 92
Trd, 4318729.493, 89
Trd, 4318733.193, 90
Trd, 4318733.693, 91
Trd, 4318735.393, 92
Trd, 4318735.893, 89
Trd, 4318737.493, 91
Trd, 4318739.343, 88
Trd, 4318741.743, 88
Trd, 4318744.743, 87
Trd, 4318746.643, 86
Trd, 4318746.943, 87
Trd, 4318747.393, 86
Trd, 4318748.893, 86
Trd, 4318749.193, 85
Trd, 4318750.443, 87
Trd, 4318754.293, 96
Trd, 4318754.693, 85
Trd, 4318757.043, 104
Trd, 4318757.793, 99
Trd, 4318758.143, 104
Trd, 4318758.643, 102
Trd, 4318759.143, 98
Trd, 4318760.893, 100
Trd, 4318761.693, 100
Trd, 4318764.193, 98
Trd, 4318764.443, 101
Trd, 4318764.693, 98
Trd, 4318765.143, 102
Trd, 4318767.093, 97
Trd, 4318769.293, 95
Trd, 4318769.443, 96
Trd, 4318770.493, 96
Trd, 4318771.993, 94
Trd, 4318773.693, 97
Trd, 4318773.993, 96
Trd, 4318776.993, 96
Trd, 4318777.093, 94
Trd, 4318780.643, 93
Trd, 4318781.543, 104
Trd, 4318781.993, 97
Trd, 4318784.493, 96
Trd, 4318786.693, 97
Trd, 4318786.793, 97
Trd, 4318789.543, 95
Trd, 4318789.993, 94
Trd, 4318790.943, 104
Trd, 4318792.993, 100
Trd, 4318793.443, 93
Trd, 4318794.143, 101
Trd, 4318796.793, 102
Trd, 4318797.693, 98
Trd, 4318798.493, 98
Trd, 4318798.593, 97
Trd, 4318799.743, 101
Trd, 4318800.493, 98
Trd, 4318802.593, 100
Trd, 4318804.893, 98
Trd, 4318805.043, 98
Trd, 4318806.243, 84
Trd, 4318807.693, 93
Trd, 4318807.893, 94
Trd, 4318811.343, 93
Trd, 4318811.793, 98
Trd, 4318812.193, 102
Trd, 4318813.693, 96
Trd, 4318816.093, 98
Trd, 4318817.693, 93
Trd, 4318818.643, 94
Trd, 4318818.693, 92
Trd, 4318823.693, 93
Trd, 4318828.093, 91
Trd, 4318829.493, 92
Trd, 4318831.343, 92
Trd, 4318831.943, 95
Trd, 4318834.943, 90
Trd, 4318837.143, 90
Trd, 4318837.643, 91
Trd, 4318838.393, 91
Trd, 4318841.343, 91
Trd, 4318842.893, 89
Trd, 4318845.793, 91
Trd, 4318849.143, 88
Trd, 4318849.643, 88
Trd, 4318851.493, 87
Trd, 4318852.943, 87
Trd, 4318852.993, 95
Trd, 4318853.643, 104
Trd, 4318855.893, 99
Trd, 4318856.493, 86
Trd, 4318858.943, 95
Trd, 4318862.043, 89
Trd, 4318862.143, 91
Trd, 4318864.343, 90
Trd, 4318865.093, 88
Trd, 4318867.943, 89
Trd, 4318869.043, 88
Trd, 4318869.293, 88
Trd, 4318871.893, 97
Trd, 4318872.593, 87
Trd, 4318874.643, 86
Trd, 4318874.693, 86
Trd, 4318875.093, 87
Trd, 4318877.293, 104
Trd, 4318877.893, 111
Trd, 4318879.093, 100
Trd, 4318879.493, 100
Trd, 4318882.043, 101
Trd, 4318883.343, 104
Trd, 4318886.343, 102
Trd, 4318886.393, 99
Trd, 4318886.643, 99
Trd, 4318890.493, 101
Trd, 4318892.193, 98
Trd, 4318893.843, 97
Trd, 4318894.543, 101
Trd, 4318895.793, 100
Trd, 4318896.443, 96
Trd, 4318899.793, 97
Trd, 4318900.743, 97
Trd, 4318902.393, 96
Trd, 4318902.443, 104
Trd, 4318904.893, 95
Trd, 4318905.193, 96
Trd, 4318905.543, 95
Trd, 4318906.893, 97
Trd, 4318908.393, 94
Trd, 4318910.343, 94
Trd, 4318911.893, 94
Trd, 4318912.543, 93
Trd, 4318915.043, 93
Trd, 4318915.243, 95
Trd, 4318916.843, 92
Trd, 4318917.793, 93
Trd, 4318922.893, 91
Trd, 4318924.193, 91
Trd, 4318924.543, 90
Trd, 4318924.693, 94
Trd, 4318926.393, 103
Trd, 4318928.743, 104
Trd, 4318929.993, 100
Trd, 4318931.443, 99
Trd, 4318931.993, 99
Trd, 4318934.793, 104
Trd, 4318934.943, 101
Trd, 4318937.193, 101
Trd, 4318938.793, 103
Trd, 4318939.093, 105
Trd, 4318939.143, 104
Trd, 4318940.843, 104
Trd, 4318944.293, 104
Trd, 4318945.793, 105
Trd, 4318946.093, 104
Trd, 4318947.243, 103
Trd, 4318947.893, 102
Trd, 4318947.993, 102
Trd, 4318949.593, 104
Trd, 4318952.293, 97
Trd, 4318952.943, 99
Trd, 4318953.493, 104
Trd, 4318954.293, 87
Trd, 4318955.843, 104
Trd, 4318956.793, 96
Trd, 4318957.993, 99
Trd, 4318960.443, 102
Trd, 4318961.093, 110
Trd, 4318962.343, 105
Trd, 4318962.493, 93
Trd, 4318964.343, 100
Trd, 4318964.543, 104
Trd, 4318965.643, 103
Trd, 4318968.943, 103
Trd, 4318970.743, 102
Trd, 4318974.293, 102
Trd, 4318975.393, 104
Trd, 4318975.493, 102
Trd, 4318975.543, 101
Trd, 4318978.393, 101
Trd, 4318979.093, 100
Trd, 4318979.693, 100
Trd, 4318981.743, 96
Trd, 4318981.793, 97
Trd, 4318981.893, 100
Trd, 4318983.093, 93
Trd, 4318983.793, 105
Trd, 4318986.393, 95
Trd, 4318987.293, 94
Trd, 4318987.993, 92
Trd, 4318989.093, 101
Trd, 4318989.443, 95
Trd, 4318992.843, 96
Trd, 4318993.293, 95
Trd, 4318995.793, 95
Trd, 4318996.893, 95
Trd, 4318998.193, 94
Trd, 4319000.643, 95
Trd, 4319001.193, 96
Trd, 4319003.743, 96
Trd, 4319006.493, 93
Trd, 4319007.293, 95
Trd, 4319008.393, 94
Trd, 4319008.893, 93
Trd, 4319009.193, 94
Trd, 4319011.543, 92
Trd, 4319011.693, 95
Trd, 4319017.243, 92
Trd, 4319018.493, 92
Trd, 4319019.093, 96
Trd, 4319020.693, 92
Trd, 4319021.743, 94
Trd, 4319024.143, 91
Trd, 4319025.343, 94
Trd, 4319026.843, 93
Trd, 4319027.093, 91
Trd, 4319028.693, 90
Trd, 4319028.743, 90
Trd, 4319029.043, 96
Trd, 4319030.993, 104
Trd, 4319031.543, 95
Trd, 4319034.093, 98
Trd, 4319035.143, 95
Trd, 4319035.693, 103
Trd, 4319036.093, 95
Trd, 4319038.293, 100
Trd, 4319038.793, 104
Trd, 4319041.243, 97
Trd, 4319041.643, 97
Trd, 4319043.943, 104
Trd, 4319044.393, 100
Trd, 4319049.393, 98
Trd, 4319050.843, 97
Trd, 4319051.093, 99
Trd, 4319052.093, 94
Trd, 4319054.243, 96
Trd, 4319054.343, 97
Trd, 4319055.093, 96
Trd, 4319057.543, 95
Trd, 4319057.993, 95
Trd, 4319061.293, 94
Trd, 4319061.743, 94
Trd, 4319063.093, 95
Trd, 4319064.093, 94
Trd, 4319066.593, 95
Trd, 4319066.943, 93
Trd, 4319067.143, 96
Trd, 4319069.893, 96
Trd, 4319071.043, 92
Trd, 4319072.743, 94
Trd, 4319074.593, 92
Trd, 4319075.443, 92
Trd, 4319079.093, 93
Trd, 4319080.093, 94
Trd, 4319081.893, 93
Trd, 4319081.943, 91
Trd, 4319082.793, 90
Trd, 4319084.443, 93
Trd, 4319085.143, 89
Trd, 4319087.843, 92
Trd, 4319090.343, 88
Trd, 4319090.493, 99
Trd, 4319090.743, 92
Trd, 4319092.693, 87
Trd, 4319093.943, 87
Trd, 4319096.343, 92
Trd, 4319096.893, 93
Trd, 4319102.143, 90
Trd, 4319102.593, 86
Trd, 4319103.743, 88
Trd, 4319104.293, 89
Trd, 4319105.443, 85
Trd, 4319106.943, 89
Trd, 4319110.243, 85
Trd, 4319110.693, 87
Trd, 4319112.193, 87
Trd, 4319116.093, 87
Trd, 4319117.443, 85
Trd, 4319118.143, 84
Trd, 4319118.743, 86
Trd, 4319121.193, 82
Trd, 4319124.293, 85
Trd, 4319125.393, 86
Trd, 4319127.343, 83
Trd, 4319127.393, 85
Trd, 4319129.343, 82
Trd, 4319130.143, 86
Trd, 4319131.943, 85
Trd, 4319133.793, 92
Trd, 4319134.743, 101
Trd, 4319135.443, 88
Trd, 4319138.093, 95
Trd, 4319141.393, 94
Trd, 4319142.043, 89
Trd, 4319143.593, 91
Trd, 4319144.043, 93
Trd, 4319146.393, 92
Trd, 4319146.693, 89
Trd, 4319147.593, 89
Trd, 4319147.743, 88
Trd, 4319149.093, 96
Trd, 4319150.243, 88
Trd, 4319153.343, 89
Trd, 4319153.393, 88
Trd, 4319155.893, 96
Trd, 4319156.343, 92
Trd, 4319156.843, 87
Trd, 4319161.043, 91
Trd, 4319163.293, 89
Trd, 4319163.693, 89
Trd, 4319164.643, 90
Trd, 4319165.293, 95
Trd, 4319168.893, 94
Trd, 4319169.393, 88
Trd, 4319171.493, 92
Trd, 4319172.293, 87
Trd, 4319173.143, 89
Trd, 4319176.093, 90
Trd, 4319176.543, 88
Trd, 4319178.243, 91
Trd, 4319178.943, 96
Trd, 4319181.443, 90
Trd, 4319182.893, 91
Trd, 4319185.043, 104
Trd, 4319186.743, 93
Trd, 4319189.093, 89
Trd, 4319189.343, 92
Trd, 4319190.343, 89
Trd, 4319194.143, 90
Trd, 4319194.693, 89
Trd, 4319194.893, 89
Trd, 4319195.243, 90
Trd, 4319196.193, 90
Trd, 4319198.643, 91
Trd, 4319199.593, 95
Trd, 4319202.243, 90
Trd, 4319202.543, 93
Trd, 4319203.943, 92
Trd, 4319208.093, 91
Trd, 4319208.143, 91
Trd, 4319208.943, 92
Trd, 4319210.043, 95
Trd, 4319213.393, 93
Trd, 4319213.793, 92
Trd, 4319214.393, 90
Trd, 4319215.893, 92
Trd, 4319219.443, 89
Trd, 4319221.293, 89
Trd, 4319221.693, 88
Trd, 4319222.093, 90
Trd, 4319222.943, 89
Trd, 4319224.593, 92
Trd, 4319225.643, 92
Trd, 4319226.293, 91
Trd, 4319226.443, 93
Trd, 4319227.993, 100
Trd, 4319230.993, 91
Trd, 4319231.893, 94
Trd, 4319233.193, 94
Trd, 4319234.743, 99
Trd, 4319236.143, 94
Trd, 4319237.343, 95
Trd, 4319240.843, 93
Trd, 4319240.893, 93
Trd, 4319241.443, 93
Trd, 4319241.843, 93
Trd, 4319242.443, 100
Trd, 4319243.243, 103
Trd, 4319244.693, 99
Trd, 4319244.843, 92
Trd, 4319248.243, 99
Trd, 4319248.793, 100
Trd, 4319251.743, 91
Trd, 4319255.493, 96
Trd, 4319255.993, 96
Trd, 4319257.793, 90
Trd, 4319261.943, 90
Trd, 4319262.193, 89
Trd, 4319263.143, 89
Trd, 4319263.693, 88
Trd, 4319266.193, 103
Trd, 4319267.093, 98
Trd, 4319267.643, 96
Trd, 4319270.343, 96
Trd, 4319270.643, 97
Trd, 4319271.243, 95
Trd, 4319272.343, 94
Trd, 4319273.193, 93
Trd, 4319273.443, 94
Trd, 4319275.993, 93
Trd, 4319276.043, 94
Trd, 4319277.143, 96
Trd, 4319277.493, 104
Trd, 4319277.593, 92
Trd, 4319278.843, 100
Trd, 4319281.643, 100
Trd, 4319283.593, 91
Trd, 4319285.543, 98
Trd, 4319289.393, 96
Trd, 4319289.543, 95
Trd, 4319290.543, 95
Trd, 4319290.743, 94
Trd, 4319292.143, 94
Trd, 4319293.993, 96
Trd, 4319294.243, 95
Trd, 4319295.793, 94
Trd, 4319296.093, 96
Trd, 4319296.193, 96
Trd, 4319300.443, 96
Trd, 4319300.693, 94
Trd, 4319301.493, 97
Trd, 4319302.993, 97
Trd, 4319303.043, 94
Trd, 4319306.743, 95
Trd, 4319307.243, 94
Trd, 4319307.893, 95
Trd, 4319308.693, 94
Trd, 4319310.393, 96
Trd, 4319310.843, 94
Trd, 4319313.343, 96
Trd, 4319314.793, 94
Trd, 4319315.443, 98
Trd, 4319318.193, 97
Trd, 4319319.193, 96
Trd, 4319320.393, 94
Trd, 4319321.993, 93
Trd, 4319322.493, 94
Trd, 4319322.993, 93
Trd, 4319325.843, 94
Trd, 4319329.043, 92
Trd, 4319329.543, 101
Trd, 4319331.693, 97
Trd, 4319332.543, 91
Trd, 4319333.593, 93
Trd, 4319334.393, 97
Trd, 4319338.193, 92
Trd, 4319338.443, 91
Trd, 4319339.143, 89
Trd, 4319342.193, 89
Trd, 4319342.443, 90
Trd, 4319343.043, 91
Trd, 4319343.893, 89
Trd, 4319344.493, 95
Trd, 4319346.993, 88
Trd, 4319347.943, 88
Trd, 4319348.493, 113
Trd, 4319349.593, 87
Trd, 4319351.393, 96
Trd, 4319352.443, 95
Trd, 4319355.593, 93
Trd, 4319355.893, 86
Trd, 4319356.693, 93
Trd, 4319359.293, 95
Trd, 4319361.343, 103
Trd, 4319361.993, 92
Trd, 4319363.293, 94
Trd, 4319363.793, 92
Trd, 4319364.543, 93
Trd, 4319367.243, 92
Trd, 4319367.593, 93
Trd, 4319369.543, 92
Trd, 4319370.243, 94
Trd, 4319373.193, 94
Trd, 4319373.493, 91
Trd, 4319376.693, 90
Trd, 4319378.093, 94
Trd, 4319378.293, 94
Trd, 4319379.993, 92
Trd, 4319380.643, 94
Trd, 4319380.893, 95
Trd, 4319382.593, 94
Trd, 4319383.843, 96
Trd, 4319385.643, 95
Trd, 4319386.793, 97
Trd, 4319387.893, 94
Trd, 4319388.293, 95
Trd, 4319390.543, 93
Trd, 4319393.243, 96
Trd, 4319394.793, 93
Trd, 4319395.493, 95
Trd, 4319395.793, 96
Trd, 4319399.643, 93
Trd, 4319402.793, 92
Trd, 4319402.993, 91
Trd, 4319404.493, 91
Trd, 4319404.593, 92
Trd, 4319404.893, 97
Trd, 4319406.893, 94
Trd, 4319408.343, 97
Trd, 4319410.143, 94
Trd, 4319411.443, 94
Trd, 4319411.743, 95
Trd, 4319414.693, 94
Trd, 4319414.993, 93
Trd, 4319415.343, 93
Trd, 4319415.593, 104
Trd, 4319418.843, 99
Trd, 4319420.093, 98
Trd, 4319420.943, 96
Trd, 4319423.093, 99
Trd, 4319425.793, 97
Trd, 4319428.193, 95
Trd, 4319429.543, 96
Trd, 4319429.643, 94
Trd, 4319430.593, 93
Trd, 4319430.743, 96
Trd, 4319433.093, 101
Trd, 4319434.643, 96
Trd, 4319436.693, 94
Trd, 4319438.643, 93
Trd, 4319440.243, 93
Trd, 4319441.693, 92
Trd, 4319443.443, 91
Trd, 4319443.943, 91
Trd, 4319444.743, 91
Trd, 4319445.343, 98
Trd, 4319447.043, 104
Trd, 4319449.393, 90
Trd, 4319450.293, 94
Trd, 4319452.293, 94
Trd, 4319452.643, 94
Trd, 4319454.593, 89
Trd, 4319456.093, 92
Trd, 4319458.343, 89
Trd, 4319461.143, 89
Trd, 4319462.193, 90
Trd, 4319464.343, 89
Trd, 4319464.693, 88
Trd, 4319468.543, 87
Trd, 4319468.793, 89
Trd, 4319470.643, 87
Trd, 4319471.993, 89
Trd, 4319474.093, 87
Trd, 4319475.143, 87
Trd, 4319475.193, 86
Trd, 4319475.743, 86
Trd, 4319476.893, 84
Trd, 4319480.543, 84
Trd, 4319481.143, 85
Trd, 4319481.343, 86
Trd, 4319483.093, 97
Trd, 4319485.693, 89
Trd, 4319485.893, 90
Trd, 4319486.243, 89
Trd, 4319486.793, 88
Trd, 4319487.693, 88
Trd, 4319489.743, 97
Trd, 4319492.943, 92
Trd, 4319493.143, 92
Trd, 4319494.243, 90
Trd, 4319497.443, 99
Trd, 4319500.093, 90
Trd, 4319500.243, 92
Trd, 4319502.143, 91
Trd, 4319504.093, 89
Trd, 4319504.643, 89
Trd, 4319504.943, 88
Trd, 4319508.643, 89
Trd, 4319509.543, 88
Trd, 4319509.843, 87
Trd, 4319510.693, 97
Trd, 4319512.943, 91
Trd, 4319513.243, 92
Trd, 4319513.543, 95
Trd, 4319513.843, 104
Trd, 4319514.493, 98
Trd, 4319517.593, 104
Trd, 4319518.893, 104
Trd, 4319520.543, 101
Trd, 4319521.143, 99
Trd, 4319522.143, 100
Trd, 4319524.793, 85
Trd, 4319524.993, 95
Trd, 4319526.193, 94
Trd, 4319526.293, 95
Trd, 4319526.893, 95
Trd, 4319529.093, 94
Trd, 4319530.593, 93
Trd, 4319532.093, 92
Trd, 4319532.493, 101
Trd, 4319534.593, 95
Trd, 4319535.493, 94
Trd, 4319537.893, 95
Trd, 4319540.243, 102
Trd, 4319540.443, 103
Trd, 4319540.943, 93
Trd, 4319546.193, 94
Trd, 4319546.393, 93
Trd, 4319547.543, 92
Trd, 4319548.343, 94
Trd, 4319549.543, 92
Trd, 4319550.093, 95
Trd, 4319552.693, 91
Trd, 4319553.843, 93
Trd, 4319554.443, 99
Trd, 4319559.093, 90
Trd, 4319559.293, 93
Trd, 4319560.043, 90
Trd, 4319562.493, 92
Trd, 4319563.043, 89
Trd, 4319564.993, 92
Trd, 4319568.193, 91
Trd, 4319568.343, 89
Trd, 4319571.143, 89
Trd, 4319571.743, 90
Trd, 4319574.093, 97
Trd, 4319575.993, 92
Trd, 4319576.443, 93
Trd, 4319577.393, 88
Trd, 4319577.593, 97
Trd, 4319579.493, 94
Trd, 4319581.043, 87
Trd, 4319583.993, 89
Trd, 4319584.443, 88
Trd, 4319585.143, 98
Trd, 4319587.093, 92
Trd, 4319587.343, 88
Trd, 4319588.643, 88
Trd, 4319588.893, 99
Trd, 4319590.893, 91
Trd, 4319592.743, 90
Trd, 4319594.593, 91
Trd, 4319596.093, 89
Trd, 4319598.143, 91
Trd, 4319600.243, 89
Trd, 4319601.743, 91
Trd, 4319603.993, 90
Trd, 4319604.643, 90
Trd, 4319605.943, 88
Trd, 4319608.443, 88
Trd, 4319608.993, 87
Trd, 4319610.793, 87
Trd, 4319611.843, 88
Trd, 4319613.743, 87
Trd, 4319614.493, 86
Trd, 4319615.443, 86
Trd, 4319615.993, 87
Trd, 4319616.393, 97
Trd, 4319619.643, 85
Trd, 4319620.643, 90
Trd, 4319621.993, 101
Trd, 4319626.843, 85
Trd, 4319628.843, 86
Trd, 4319628.993, 86
Trd, 4319629.993, 87
Trd, 4319630.893, 88
Trd, 4319631.593, 88
Trd, 4319632.643, 88
Trd, 4319635.993, 89
Trd, 4319637.643, 87
Trd, 4319638.593, 89
Trd, 4319639.593, 96
Trd, 4319639.843, 86
Trd, 4319640.493, 91
Trd, 4319642.043, 91
Trd, 4319642.443, 91
Trd, 4319644.393, 92
Trd, 4319646.043, 104
Trd, 4319648.043, 90
Trd, 4319649.793, 94
Trd, 4319651.543, 90
Trd, 4319653.443, 92
Trd, 4319654.093, 89
Trd, 4319655.643, 91
Trd, 4319658.243, 92
Trd, 4319661.693, 91
Trd, 4319662.193, 89
Trd, 4319662.443, 92
Trd, 4319666.593, 92
Trd, 4319666.893, 89
Trd, 4319668.593, 92
Trd, 4319669.693, 88
Trd, 4319671.843, 87
Trd, 4319672.043, 88
Trd, 4319673.143, 88
Trd, 4319677.493, 86
Trd, 4319678.893, 87
Trd, 4319679.093, 86
Trd, 4319679.243, 88
Trd, 4319679.893, 98
Trd, 4319681.743, 85
Trd, 4319684.743, 88
Trd, 4319685.093, 85
Trd, 4319686.493, 85
Trd, 4319686.693, 84
Trd, 4319687.893, 86
Trd, 4319688.493, 97
Trd, 4319691.743, 89
Trd, 4319693.093, 84
Trd, 4319693.393, 88
Trd, 4319697.543, 83
Trd, 4319699.343, 85
Trd, 4319700.243, 84
Trd, 4319700.993, 83
Trd, 4319701.743, 85
Trd, 4319702.743, 96
Trd, 4319706.743, 83
Trd, 4319710.493, 85
Trd, 4319712.493, 82
Trd, 4319714.643, 86
Trd, 4319716.043, 87
Trd, 4319716.693, 101
Trd, 4319719.143, 98
Trd, 4319720.443, 93
Trd, 4319723.543, 93
Trd, 4319723.643, 95
Trd, 4319725.243, 94
Trd, 4319727.043, 93
Trd, 4319727.743, 92
Trd, 4319728.493, 92
Trd, 4319729.443, 93
Trd, 4319730.443, 91
Trd, 4319730.693, 95
Trd, 4319732.543, 82
Trd, 4319733.793, 103
Trd, 4319734.693, 100
Trd, 4319737.743, 95
Trd, 4319738.293, 96
Trd, 4319738.843, 97
Trd, 4319740.943, 96
Trd, 4319741.443, 96
Trd, 4319742.143, 95
Trd, 4319743.493, 104
Trd, 4319744.643, 94
Trd, 4319746.443, 94
Trd, 4319746.743, 97
Trd, 4319747.893, 97
Trd, 4319749.293, 97
Trd, 4319753.343, 94
Trd, 4319753.843, 93
Trd, 4319754.193, 93
Trd, 4319756.393, 104
Trd, 4319758.493, 97
Trd, 4319760.843, 92
Trd, 4319761.293, 96
Trd, 4319765.143, 91
Trd, 4319765.493, 94
Trd, 4319768.093, 90
Trd, 4319768.893, 92
Trd, 4319770.543, 89
Trd, 4319771.043, 91
Trd, 4319773.593, 91
Trd, 4319775.443, 90
Trd, 4319777.243, 90
Trd, 4319778.843, 91
Trd, 4319779.643, 92
Trd, 4319780.993, 93
Trd, 4319782.543, 90
Trd, 4319782.593, 89
Trd, 4319783.443, 89
Trd, 4319783.793, 88
Trd, 4319784.043, 90
Trd, 4319785.943, 98
Trd, 4319786.743, 90
Trd, 4319787.793, 98
Trd, 4319789.043, 89
Trd, 4319791.043, 97
Trd, 4319795.193, 88
Trd, 4319795.893, 90
Trd, 4319796.643, 91
Trd, 4319797.043, 94
Trd, 4319799.193, 92
Trd, 4319803.193, 87
Trd, 4319805.893, 89
Trd, 4319806.643, 90
Trd, 4319807.193, 87
Trd, 4319810.543, 86
Trd, 4319811.393, 86
Trd, 4319811.643, 86
Trd, 4319812.693, 104
Trd, 4319813.293, 94
Trd, 4319813.943, 97
Trd, 4319815.443, 102
Trd, 4319819.093, 98
Trd, 4319819.243, 94
Trd, 4319820.793, 97
Trd, 4319821.993, 97
Trd, 4319825.593, 95
Trd, 4319826.043, 94
Trd, 4319826.293, 93
Trd, 4319826.893, 104
Trd, 4319827.843, 104
Trd, 4319828.793, 102
Trd, 4319829.143, 99
Trd, 4319831.143, 98
Trd, 4319832.493, 100
Trd, 4319832.543, 102
Trd, 4319833.243, 99
Trd, 4319837.043, 98
Trd, 4319837.193, 97
Trd, 4319837.543, 97
Trd, 4319838.443, 97
Trd, 4319840.793, 97
Trd, 4319840.843, 103
Trd, 4319841.593, 97
Trd, 4319844.243, 101
Trd, 4319847.743, 99
Trd, 4319848.443, 96
Trd, 4319849.243, 98
Trd, 4319851.093, 95
Trd, 4319853.193, 98
Trd, 4319854.493, 94
Trd, 4319854.543, 104
Trd, 4319856.693, 94
Trd, 4319858.793, 97
Trd, 4319859.743, 98
Trd, 4319861.593, 96
Trd, 4319861.843, 95
Trd, 4319862.493, 94
Trd, 4319864.793, 94
Trd, 4319867.643, 93
Trd, 4319868.043, 93
Trd, 4319869.093, 92
Trd, 4319869.343, 84
Trd, 4319869.743, 92
Trd, 4319873.043, 100
Trd, 4319873.493, 104
Trd, 4319874.343, 96
Trd, 4319876.093, 99
Trd, 4319876.293, 97
Trd, 4319878.243, 101
Trd, 4319879.893, 99
Trd, 4319881.343, 96
Trd, 4319882.543, 99
Trd, 4319882.893, 95
Trd, 4319888.093, 96
Trd, 4319888.643, 95
Trd, 4319888.743, 94
Trd, 4319888.793, 94
Trd, 4319889.193, 94
Trd, 4319890.393, 99
Trd, 4319890.443, 93
Trd, 4319892.543, 94
Trd, 4319892.943, 93
Trd, 4319896.793, 94
Trd, 4319898.493, 94
Trd, 4319899.093, 93
Trd, 4319899.993, 94
Trd, 4319900.643, 96
Trd, 4319902.843, 93
Trd, 4319903.543, 92
Trd, 4319903.743, 92
Trd, 4319906.543, 91
Trd, 4319907.643, 96
Trd, 4319908.093, 101
Trd, 4319910.243, 95
Trd, 4319910.393, 90
Trd, 4319913.243, 94
Trd, 4319915.693, 91
Trd, 4319915.793, 95
Trd, 4319916.993, 95
Trd, 4319920.843, 91
Trd, 4319922.243, 90
Trd, 4319922.343, 93
Trd, 4319924.343, 93
Trd, 4319924.793, 89
Trd, 4319925.143, 94
Trd, 4319929.043, 90
Trd, 4319932.143, 88
Trd, 4319932.893, 89
Trd, 4319934.193, 88
Trd, 4319934.443, 90
Trd, 4319936.093, 96
Trd, 4319936.543, 87
Trd, 4319939.743, 90
Trd, 4319940.793, 90
Trd, 4319942.143, 90
Trd, 4319943.543, 90
Trd, 4319943.693, 89
Trd, 4319944.443, 89
Trd, 4319947.743, 88
Trd, 4319948.643, 91
Trd, 4319950.043, 95
Trd, 4319952.393, 97
Trd, 4319953.093, 102
Trd, 4319953.743, 88
Trd, 4319955.843, 94
Trd, 4319958.343, 90
Trd, 4319960.143, 92
Trd, 4319962.643, 89
Trd, 4319963.693, 89
Trd, 4319965.493, 89
Trd, 4319967.043, 88
Trd, 4319968.993, 92
Trd, 4319969.293, 98
Trd, 4319969.793, 104
Trd, 4319971.843, 95
Trd, 4319971.893, 96
Trd, 4319972.793, 95
Trd, 4319974.143, 95
Trd, 4319975.293, 104
Trd, 4319975.743, 99
Trd, 4319978.293, 103
Trd, 4319978.393, 97
Trd, 4319979.293, 95
Trd, 4319979.493, 104
Trd, 4319980.643, 92
Trd, 4319982.543, 95
Trd, 4319983.443, 95
Trd, 4319984.493, 94
Trd, 4319984.643, 95
Trd, 4319985.943, 96
Trd, 4319986.993, 96
Trd, 4319988.293, 97
Trd, 4319988.343, 93
Trd, 4319992.593, 97
Trd, 4319993.043, 96
Trd, 4319995.943, 95
Trd, 4319996.743, 94
Trd, 4319997.193, 104
Trd, 4319998.993, 99
Trd, 4319999.093, 94
