Trd, 8638720.246, 89
Trd, 8638720.412, 121
Trd, 8638720.812, 131
Trd, 8638721.146, 131
Trd, 8638721.412, 122
Trd, 8638721.646, 114
Trd, 8638722.046, 130
Trd, 8638722.446, 118
Trd, 8638722.979, 120
Trd, 8638723.479, 133
Trd, 8638723.679, 126
Trd, 8638724.079, 129
Trd, 8638724.912, 106
Trd, 8638725.779, 105
Trd, 8638726.646, 106
Trd, 8638727.312, 112
Trd, 8638727.612, 124
Trd, 8638727.679, 112
Trd, 8638728.779, 103
Trd, 8638728.846, 99
Trd, 8638728.946, 108
Trd, 8638729.546, 110
Trd, 8638730.279, 120
Trd, 8638730.779, 64
Trd, 8638731.346, 72
Trd, 8638731.779, 116
Trd, 8638732.712, 106
Trd, 8638733.012, 99
Trd, 8638733.646, 90
Trd, 8638733.846, 85
Trd, 8638733.879, 81
Trd, 8638734.146, 123
Trd, 8638735.546, 95
Trd, 8638735.712, 124
Trd, 8638737.312, 94
Trd, 8638737.612, 93
Trd, 8638737.679, 100
Trd, 8638738.446, 133
Trd, 8638741.079, 109
Trd, 8638741.212, 102
Trd, 8638741.779, 131
Trd, 8638742.379, 120
Trd, 8638742.879, 132
Trd, 8638743.146, 134
Trd, 8638743.446, 120
Trd, 8638743.646, 118
Trd, 8638744.712, 119
Trd, 8638745.112, 133
Trd, 8638745.879, 136
Trd, 8638746.712, 124
Trd, 8638747.112, 112
Trd, 8638747.346, 128
Trd, 8638749.112, 111
Trd, 8638749.412, 135
Trd, 8638749.512, 88
Trd, 8638750.112, 104
Trd, 8638751.612, 108
Trd, 8638751.646, 124
Trd, 8638752.412, 118
Trd, 8638752.846, 109
Trd, 8638753.979, 94
Trd, 8638754.246, 119
Trd, 8638755.312, 103
Trd, 8638755.446, 102
Trd, 8638757.012, 139
Trd, 8638757.046, 137
Trd, 8638757.079, 122
Trd, 8638757.746, 126
Trd, 8638757.779, 115
Trd, 8638757.912, 112
Trd, 8638758.879, 125
Trd, 8638759.546, 106
Trd, 8638759.712, 111
Trd, 8638760.279, 95
Trd, 8638761.112, 100
Trd, 8638761.379, 114
Trd, 8638761.646, 99
Trd, 8638762.579, 113
Trd, 8638762.879, 78
Trd, 8638762.979, 104
Trd, 8638763.512, 137
Trd, 8638763.846, 109
Trd, 8638764.812, 118
Trd, 8638764.946, 127
Trd, 8638765.079, 108
Trd, 8638765.546, 114
Trd, 8638766.512, 101
Trd, 8638767.246, 121
Trd, 8638767.479, 99
Trd, 8638768.679, 91
Trd, 8638769.012, 119
Trd, 8638769.479, 102
Trd, 8638769.579, 122
Trd, 8638769.846, 102
Trd, 8638770.746, 95
Trd, 8638771.046, 106
Trd, 8638772.246, 109
Trd, 8638772.312, 97
Trd, 8638772.846, 114
Trd, 8638772.946, 88
Trd, 8638773.612, 87
Trd, 8638773.912, 133
Trd, 8638774.046, 78
Trd, 8638774.179, 62
Trd, 8638775.279, 115
Trd, 8638775.412, 107
Trd, 8638775.612, 95
Trd, 8638775.846, 100
Trd, 8638776.046, 134
Trd, 8638777.246, 61
Trd, 8638777.979, 64
Trd, 8638778.446, 88
Trd, 8638778.846, 96
Trd, 8638779.746, 62
Trd, 8638780.046, 103
Trd, 8638781.112, 117
Trd, 8638781.712, 79
Trd, 8638782.146, 131
Trd, 8638783.146, 131
Trd, 8638783.312, 116
Trd, 8638785.279, 110
Trd, 8638785.746, 112
Trd, 8638786.779, 101
Trd, 8638786.912, 100
Trd, 8638787.912, 134
Trd, 8638789.079, 123
Trd, 8638789.612, 118
Trd, 8638789.646, 118
Trd, 8638789.846, 104
Trd, 8638790.546, 102
Trd, 8638790.679, 98
Trd, 8638791.346, 82
Trd, 8638791.546, 117
Trd, 8638791.946, 86
Trd, 8638792.179, 125
Trd, 8638792.546, 81
Trd, 8638793.046, 130
Trd, 8638793.479, 93
Trd, 8638793.746, 136
Trd, 8638794.612, 78
Trd, 8638795.712, 109
Trd, 8638796.146, 85
Trd, 8638796.212, 95
Trd, 8638798.879, 132
Trd, 8638799.279, 118
Trd, 8638799.612, 113
Trd, 8638799.779, 99
Trd, 8638800.146, 128
Trd, 8638800.712, 95
Trd, 8638800.879, 129
Trd, 8638801.146, 95
Trd, 8638801.846, 101
Trd, 8638803.046, 100
Trd, 8638803.279, 75
Trd, 8638803.446, 75
Trd, 8638803.846, 103
Trd, 8638804.279, 130
Trd, 8638804.512, 100
Trd, 8638804.646, 106
Trd, 8638805.946, 105
Trd, 8638807.012, 129
Trd, 8638807.146, 121
Trd, 8638807.412, 115
Trd, 8638807.812, 137
Trd, 8638808.946, 124
Trd, 8638811.346, 131
Trd, 8638811.412, 126
Trd, 8638811.979, 135
Trd, 8638812.079, 128
Trd, 8638812.412, 127
Trd, 8638812.912, 126
Trd, 8638813.579, 127
Trd, 8638813.979, 137
Trd, 8638814.012, 121
Trd, 8638814.512, 128
Trd, 8638815.779, 104
Trd, 8638816.879, 123
Trd, 8638817.346, 125
Trd, 8638817.646, 118
Trd, 8638818.579, 117
Trd, 8638818.712, 112
Trd, 8638819.646, 113
Trd, 8638820.046, 111
Trd, 8638821.212, 122
Trd, 8638821.546, 104
Trd, 8638821.612, 103
Trd, 8638821.979, 103
Trd, 8638822.512, 99
Trd, 8638822.579, 107
Trd, 8638822.879, 87
Trd, 8638823.112, 76
Trd, 8638823.779, 127
Trd, 8638825.012, 111
Trd, 8638826.479, 123
Trd, 8638826.679, 115
Trd, 8638827.412, 120
Trd, 8638827.912, 123
Trd, 8638828.446, 110
Trd, 8638828.512, 95
Trd, 8638828.679, 128
Trd, 8638829.312, 139
Trd, 8638829.412, 93
Trd, 8638830.312, 90
Trd, 8638830.412, 95
Trd, 8638830.812, 101
Trd, 8638830.879, 102
Trd, 8638831.112, 90
Trd, 8638831.846, 115
Trd, 8638832.712, 101
Trd, 8638833.046, 124
Trd, 8638833.312, 91
Trd, 8638833.679, 83
Trd, 8638833.812, 84
Trd, 8638834.546, 64
Trd, 8638835.479, 121
Trd, 8638835.812, 101
Trd, 8638835.912, 140
Trd, 8638837.012, 66
Trd, 8638837.412, 94
Trd, 8638838.112, 101
Trd, 8638838.679, 68
Trd, 8638838.879, 93
Trd, 8638840.112, 103
Trd, 8638840.246, 101
Trd, 8638840.946, 101
Trd, 8638841.812, 83
Trd, 8638841.879, 105
Trd, 8638842.112, 107
Trd, 8638843.046, 129
Trd, 8638843.779, 136
Trd, 8638844.446, 110
Trd, 8638846.279, 138
Trd, 8638846.346, 120
Trd, 8638846.512, 133
Trd, 8638846.779, 127
Trd, 8638847.512, 108
Trd, 8638848.446, 95
Trd, 8638848.546, 109
Trd, 8638850.212, 116
Trd, 8638850.779, 137
Trd, 8638851.012, 126
Trd, 8638851.412, 128
Trd, 8638853.246, 132
Trd, 8638853.312, 120
Trd, 8638853.412, 119
Trd, 8638853.512, 108
Trd, 8638853.812, 124
Trd, 8638854.579, 134
Trd, 8638854.746, 135
Trd, 8638855.446, 136
Trd, 8638855.646, 125
Trd, 8638856.479, 125
Trd, 8638856.812, 139
Trd, 8638857.746, 93
Trd, 8638857.979, 116
Trd, 8638858.112, 98
Trd, 8638859.446, 113
Trd, 8638859.546, 117
Trd, 8638860.546, 132
Trd, 8638860.646, 109
Trd, 8638861.112, 103
Trd, 8638862.112, 123
Trd, 8638862.446, 120
Trd, 8638863.046, 137
Trd, 8638863.146, 127
Trd, 8638864.712, 139
Trd, 8638865.312, 128
Trd, 8638865.446, 121
Trd, 8638866.379, 128
Trd, 8638866.579, 131
Trd, 8638867.179, 137
Trd, 8638867.512, 106
Trd, 8638867.846, 109
Trd, 8638869.412, 108
Trd, 8638869.679, 125
Trd, 8638870.079, 123
Trd, 8638871.046, 113
Trd, 8638871.312, 103
Trd, 8638871.779, 108
Trd, 8638871.912, 102
Trd, 8638872.012, 100
Trd, 8638874.112, 127
Trd, 8638874.679, 122
Trd, 8638874.879, 122
Trd, 8638875.012, 118
Trd, 8638875.446, 113
Trd, 8638876.579, 110
Trd, 8638877.179, 136
Trd, 8638877.346, 130
Trd, 8638877.412, 110
Trd, 8638877.446, 108
Trd, 8638877.846, 123
Trd, 8638877.946, 85
Trd, 8638879.579, 133
Trd, 8638879.746, 109
Trd, 8638880.612, 123
Trd, 8638881.179, 119
Trd, 8638881.512, 99
Trd, 8638881.746, 88
Trd, 8638881.946, 81
Trd, 8638882.512, 137
Trd, 8638882.946, 117
Trd, 8638883.312, 116
Trd, 8638883.846, 135
Trd, 8638885.146, 104
Trd, 8638885.212, 102
Trd, 8638886.312, 139
Trd, 8638886.779, 135
Trd, 8638887.746, 103
Trd, 8638888.479, 133
Trd, 8638888.612, 79
Trd, 8638888.679, 69
Trd, 8638889.246, 100
Trd, 8638889.912, 95
Trd, 8638890.512, 89
Trd, 8638891.212, 80
Trd, 8638891.646, 125
Trd, 8638891.812, 115
Trd, 8638891.912, 104
Trd, 8638893.379, 118
Trd, 8638893.746, 110
Trd, 8638894.346, 131
Trd, 8638894.646, 99
Trd, 8638895.579, 122
Trd, 8638895.879, 108
Trd, 8638896.112, 84
Trd, 8638897.112, 91
Trd, 8638897.912, 88
Trd, 8638898.012, 104
Trd, 8638898.046, 79
Trd, 8638898.946, 97
Trd, 8638899.512, 134
Trd, 8638900.912, 135
Trd, 8638900.946, 125
Trd, 8638901.146, 121
Trd, 8638901.312, 113
Trd, 8638901.712, 126
Trd, 8638901.846, 112
Trd, 8638902.979, 137
Trd, 8638904.046, 111
Trd, 8638904.212, 129
Trd, 8638904.446, 128
Trd, 8638904.579, 119
Trd, 8638904.979, 109
Trd, 8638905.046, 99
Trd, 8638905.779, 125
Trd, 8638906.679, 96
Trd, 8638907.046, 91
Trd, 8638907.179, 111
Trd, 8638907.846, 101
Trd, 8638908.312, 102
Trd, 8638908.512, 119
Trd, 8638909.146, 67
Trd, 8638910.379, 123
Trd, 8638910.812, 138
Trd, 8638911.346, 135
Trd, 8638911.512, 133
Trd, 8638912.579, 129
Trd, 8638912.712, 109
Trd, 8638913.346, 139
Trd, 8638913.379, 122
Trd, 8638913.546, 140
Trd, 8638914.146, 125
Trd, 8638914.246, 104
Trd, 8638915.579, 136
Trd, 8638915.812, 111
Trd, 8638916.012, 125
Trd, 8638917.546, 99
Trd, 8638918.312, 133
Trd, 8638918.979, 119
Trd, 8638919.612, 107
Trd, 8638920.379, 133
Trd, 8638920.579, 103
Trd, 8638921.079, 120
Trd, 8638921.179, 120
Trd, 8638921.412, 94
Trd, 8638921.812, 83
Trd, 8638922.846, 108
Trd, 8638923.112, 123
Trd, 8638923.446, 111
Trd, 8638923.912, 106
Trd, 8638924.946, 112
Trd, 8638925.479, 130
Trd, 8638925.679, 103
Trd, 8638926.046, 89
Trd, 8638926.946, 105
Trd, 8638928.879, 137
Trd, 8638929.679, 138
Trd, 8638929.812, 115
Trd, 8638930.079, 102
Trd, 8638930.112, 124
Trd, 8638931.146, 140
Trd, 8638931.646, 92
Trd, 8638931.912, 91
Trd, 8638932.279, 87
Trd, 8638932.379, 92
Trd, 8638932.546, 106
Trd, 8638933.146, 116
Trd, 8638933.246, 111
Trd, 8638934.346, 140
Trd, 8638934.412, 138
Trd, 8638934.679, 128
Trd, 8638934.879, 112
Trd, 8638935.312, 124
Trd, 8638935.912, 95
Trd, 8638936.779, 94
Trd, 8638936.879, 99
Trd, 8638937.312, 109
Trd, 8638938.712, 114
Trd, 8638938.979, 96
Trd, 8638939.046, 94
Trd, 8638939.079, 91
Trd, 8638939.746, 121
Trd, 8638940.246, 120
Trd, 8638940.912, 117
Trd, 8638941.746, 109
Trd, 8638942.579, 117
Trd, 8638943.046, 85
Trd, 8638943.146, 99
Trd, 8638944.279, 109
Trd, 8638944.746, 81
Trd, 8638945.879, 114
Trd, 8638946.712, 136
Trd, 8638947.379, 106
Trd, 8638947.446, 111
Trd, 8638947.946, 95
Trd, 8638948.979, 98
Trd, 8638950.012, 105
Trd, 8638950.812, 114
Trd, 8638950.879, 112
Trd, 8638951.279, 133
Trd, 8638951.779, 113
Trd, 8638951.812, 120
Trd, 8638952.546, 133
Trd, 8638952.846, 129
Trd, 8638952.879, 123
Trd, 8638953.446, 112
Trd, 8638953.612, 104
Trd, 8638954.346, 127
Trd, 8638955.079, 134
Trd, 8638955.612, 123
Trd, 8638956.312, 118
Trd, 8638957.546, 119
Trd, 8638958.112, 140
Trd, 8638958.446, 104
Trd, 8638959.046, 117
Trd, 8638960.446, 105
Trd, 8638960.479, 101
Trd, 8638960.579, 95
Trd, 8638961.379, 102
Trd, 8638961.779, 131
Trd, 8638962.712, 133
Trd, 8638962.846, 124
Trd, 8638963.312, 98
Trd, 8638964.579, 126
Trd, 8638965.046, 74
Trd, 8638965.346, 125
Trd, 8638965.446, 86
Trd, 8638966.112, 62
Trd, 8638967.279, 124
Trd, 8638967.846, 114
Trd, 8638969.012, 108
Trd, 8638969.612, 112
Trd, 8638970.112, 123
Trd, 8638970.279, 98
Trd, 8638970.712, 140
Trd, 8638970.779, 114
Trd, 8638971.512, 115
Trd, 8638972.546, 135
Trd, 8638972.979, 124
Trd, 8638973.112, 119
Trd, 8638973.279, 118
Trd, 8638973.379, 106
Trd, 8638974.312, 94
Trd, 8638974.546, 94
Trd, 8638974.946, 94
Trd, 8638975.212, 86
Trd, 8638975.246, 117
Trd, 8638975.746, 82
Trd, 8638977.246, 130
Trd, 8638977.446, 109
Trd, 8638978.312, 108
Trd, 8638979.479, 120
Trd, 8638979.612, 106
Trd, 8638980.746, 126
Trd, 8638981.279, 115
Trd, 8638981.379, 105
Trd, 8638982.012, 117
Trd, 8638982.212, 120
Trd, 8638982.379, 122
Trd, 8638983.279, 106
Trd, 8638983.512, 103
Trd, 8638985.112, 123
Trd, 8638985.812, 118
Trd, 8638986.079, 126
Trd, 8638986.412, 116
Trd, 8638986.746, 132
Trd, 8638987.179, 134
Trd, 8638987.346, 118
Trd, 8638988.912, 122
Trd, 8638988.946, 114
Trd, 8638989.446, 113
Trd, 8638989.512, 87
Trd, 8638989.779, 111
Trd, 8638990.412, 129
Trd, 8638990.512, 129
Trd, 8638990.912, 94
Trd, 8638991.046, 86
Trd, 8638992.346, 120
Trd, 8638993.012, 128
Trd, 8638993.279, 118
Trd, 8638993.546, 112
Trd, 8638994.379, 137
Trd, 8638994.579, 133
Trd, 8638995.146, 106
Trd, 8638995.346, 87
Trd, 8638996.279, 101
Trd, 8638996.312, 102
Trd, 8638996.812, 96
Trd, 8638997.046, 112
Trd, 8638998.112, 83
Trd, 8638998.179, 80
Trd, 8638998.546, 101
Trd, 8638998.779, 112
Trd, 8638999.112, 74
Trd, 8638999.512, 108
Trd, 8639000.546, 136
Trd, 8639000.912, 108
Trd, 8639002.146, 126
Trd, 8639004.346, 139
Trd, 8639004.412, 135
Trd, 8639004.646, 121
Trd, 8639005.279, 115
Trd, 8639005.579, 130
Trd, 8639005.712, 117
Trd, 8639005.779, 108
Trd, 8639005.946, 105
Trd, 8639005.979, 90
Trd, 8639007.912, 113
Trd, 8639009.246, 121
Trd, 8639010.579, 129
Trd, 8639010.979, 113
Trd, 8639011.179, 100
Trd, 8639011.379, 103
Trd, 8639011.412, 96
Trd, 8639012.012, 91
Trd, 8639012.646, 116
Trd, 8639012.879, 114
Trd, 8639013.879, 133
Trd, 8639014.812, 112
Trd, 8639014.846, 97
Trd, 8639015.079, 121
Trd, 8639015.579, 119
Trd, 8639016.112, 99
Trd, 8639016.546, 134
Trd, 8639017.079, 122
Trd, 8639017.679, 124
Trd, 8639018.079, 128
Trd, 8639018.779, 102
Trd, 8639018.879, 87
Trd, 8639020.279, 131
Trd, 8639021.246, 106
Trd, 8639021.746, 123
Trd, 8639021.946, 129
Trd, 8639022.012, 98
Trd, 8639023.679, 113
Trd, 8639023.746, 106
Trd, 8639023.979, 100
Trd, 8639024.312, 115
Trd, 8639024.379, 116
Trd, 8639025.312, 99
Trd, 8639025.412, 108
Trd, 8639026.346, 121
Trd, 8639026.612, 109
Trd, 8639026.712, 102
Trd, 8639028.212, 132
Trd, 8639028.946, 131
Trd, 8639029.079, 123
Trd, 8639029.779, 139
Trd, 8639030.312, 96
Trd, 8639030.479, 115
Trd, 8639030.646, 83
Trd, 8639030.879, 78
Trd, 8639030.946, 112
Trd, 8639031.512, 140
Trd, 8639033.412, 139
Trd, 8639033.712, 133
Trd, 8639034.312, 122
Trd, 8639034.779, 130
Trd, 8639035.446, 121
Trd, 8639035.546, 117
Trd, 8639035.746, 115
Trd, 8639036.712, 122
Trd, 8639036.979, 116
Trd, 8639038.346, 112
Trd, 8639038.579, 105
Trd, 8639038.912, 94
Trd, 8639038.946, 100
Trd, 8639039.146, 89
Trd, 8639039.179, 107
Trd, 8639039.446, 102
Trd, 8639039.779, 83
Trd, 8639041.712, 126
Trd, 8639042.112, 137
Trd, 8639042.512, 130
Trd, 8639044.446, 140
Trd, 8639044.846, 116
Trd, 8639044.979, 113
Trd, 8639045.546, 112
Trd, 8639045.579, 104
Trd, 8639046.279, 118
Trd, 8639047.112, 128
Trd, 8639047.346, 108
Trd, 8639048.046, 125
Trd, 8639048.312, 138
Trd, 8639048.646, 111
Trd, 8639049.046, 106
Trd, 8639049.579, 102
Trd, 8639050.479, 90
Trd, 8639051.412, 137
Trd, 8639051.479, 121
Trd, 8639051.912, 136
Trd, 8639052.379, 135
Trd, 8639052.479, 127
Trd, 8639052.512, 118
Trd, 8639053.046, 113
Trd, 8639053.779, 113
Trd, 8639054.479, 86
Trd, 8639055.112, 109
Trd, 8639055.379, 139
Trd, 8639055.846, 136
Trd, 8639056.912, 115
Trd, 8639058.046, 103
Trd, 8639058.379, 99
Trd, 8639058.746, 115
Trd, 8639059.479, 103
Trd, 8639060.112, 129
Trd, 8639060.446, 139
Trd, 8639060.679, 112
Trd, 8639062.212, 127
Trd, 8639062.579, 123
Trd, 8639062.946, 123
Trd, 8639063.212, 119
Trd, 8639063.412, 111
Trd, 8639063.446, 106
Trd, 8639063.779, 133
Trd, 8639065.012, 107
Trd, 8639065.712, 113
Trd, 8639066.712, 134
Trd, 8639067.246, 117
Trd, 8639067.846, 115
Trd, 8639068.146, 114
Trd, 8639068.679, 112
Trd, 8639068.879, 82
Trd, 8639069.412, 123
Trd, 8639070.146, 118
Trd, 8639070.312, 118
Trd, 8639070.712, 107
Trd, 8639071.146, 114
Trd, 8639071.512, 111
Trd, 8639071.646, 97
Trd, 8639072.179, 104
Trd, 8639073.746, 121
Trd, 8639074.112, 118
Trd, 8639075.146, 119
Trd, 8639075.712, 113
Trd, 8639076.079, 122
Trd, 8639076.279, 108
Trd, 8639076.479, 100
Trd, 8639076.979, 137
Trd, 8639077.446, 121
Trd, 8639077.579, 99
Trd, 8639078.279, 97
Trd, 8639078.646, 122
Trd, 8639078.912, 132
Trd, 8639079.079, 90
Trd, 8639079.312, 118
Trd, 8639080.812, 140
Trd, 8639081.179, 126
Trd, 8639081.412, 125
Trd, 8639082.246, 116
Trd, 8639082.746, 121
Trd, 8639083.446, 125
Trd, 8639083.646, 110
Trd, 8639084.212, 127
Trd, 8639084.779, 119
Trd, 8639085.079, 107
Trd, 8639085.112, 104
Trd, 8639085.212, 131
Trd, 8639085.712, 129
Trd, 8639086.612, 113
Trd, 8639086.812, 98
Trd, 8639086.879, 92
Trd, 8639087.479, 91
Trd, 8639087.879, 93
Trd, 8639090.012, 129
Trd, 8639090.279, 133
Trd, 8639091.046, 127
Trd, 8639091.612, 127
Trd, 8639092.279, 124
Trd, 8639092.412, 109
Trd, 8639092.646, 104
Trd, 8639093.112, 114
Trd, 8639093.546, 87
Trd, 8639094.446, 121
Trd, 8639094.579, 119
Trd, 8639095.146, 129
Trd, 8639095.812, 121
Trd, 8639096.412, 120
Trd, 8639096.979, 128
Trd, 8639097.646, 116
Trd, 8639098.112, 123
Trd, 8639098.212, 115
Trd, 8639100.112, 135
Trd, 8639100.212, 128
Trd, 8639100.312, 113
Trd, 8639100.746, 124
Trd, 8639101.179, 105
Trd, 8639102.279, 107
Trd, 8639102.612, 133
Trd, 8639103.312, 120
Trd, 8639104.146, 137
Trd, 8639104.379, 136
Trd, 8639104.812, 126
Trd, 8639105.079, 116
Trd, 8639105.712, 102
Trd, 8639106.512, 120
Trd, 8639106.879, 93
Trd, 8639108.379, 122
Trd, 8639108.912, 113
Trd, 8639109.012, 102
Trd, 8639109.079, 115
Trd, 8639110.146, 103
Trd, 8639110.412, 99
Trd, 8639110.546, 83
Trd, 8639111.079, 120
Trd, 8639111.546, 137
Trd, 8639111.979, 124
Trd, 8639112.079, 121
Trd, 8639112.946, 123
Trd, 8639114.179, 134
Trd, 8639115.312, 119
Trd, 8639115.846, 125
Trd, 8639116.412, 119
Trd, 8639117.046, 115
Trd, 8639117.079, 114
Trd, 8639117.946, 130
Trd, 8639117.979, 120
Trd, 8639118.312, 116
Trd, 8639119.746, 135
Trd, 8639119.812, 120
Trd, 8639120.546, 111
Trd, 8639120.879, 125
Trd, 8639121.246, 140
Trd, 8639123.012, 133
Trd, 8639123.212, 128
Trd, 8639123.746, 134
Trd, 8639124.112, 133
Trd, 8639124.446, 120
Trd, 8639125.379, 102
Trd, 8639125.679, 106
Trd, 8639126.246, 138
Trd, 8639126.479, 113
Trd, 8639126.646, 95
Trd, 8639127.679, 127
Trd, 8639127.779, 121
Trd, 8639128.146, 120
Trd, 8639128.246, 108
Trd, 8639128.479, 111
Trd, 8639129.446, 129
Trd, 8639129.646, 116
Trd, 8639129.712, 136
Trd, 8639131.246, 132
Trd, 8639131.546, 131
Trd, 8639132.512, 115
Trd, 8639132.579, 106
Trd, 8639133.446, 131
Trd, 8639133.812, 122
Trd, 8639134.112, 105
Trd, 8639134.346, 93
Trd, 8639134.546, 136
Trd, 8639135.846, 116
Trd, 8639136.279, 95
Trd, 8639136.746, 86
Trd, 8639137.212, 139
Trd, 8639138.446, 126
Trd, 8639138.746, 133
Trd, 8639139.246, 118
Trd, 8639141.246, 106
Trd, 8639141.979, 113
Trd, 8639142.779, 104
Trd, 8639142.879, 86
Trd, 8639143.612, 112
Trd, 8639143.746, 129
Trd, 8639143.779, 80
Trd, 8639144.012, 70
Trd, 8639144.512, 87
Trd, 8639144.879, 112
Trd, 8639145.246, 109
Trd, 8639145.879, 128
Trd, 8639146.346, 126
Trd, 8639146.912, 124
Trd, 8639146.979, 124
Trd, 8639147.012, 122
Trd, 8639147.246, 132
Trd, 8639147.946, 97
Trd, 8639148.779, 112
Trd, 8639149.346, 116
Trd, 8639149.412, 123
Trd, 8639149.512, 109
Trd, 8639150.012, 87
Trd, 8639151.646, 109
Trd, 8639151.746, 87
Trd, 8639152.579, 105
Trd, 8639152.946, 112
Trd, 8639153.412, 125
Trd, 8639153.512, 136
Trd, 8639153.746, 113
Trd, 8639154.312, 126
Trd, 8639154.446, 103
Trd, 8639154.946, 101
Trd, 8639156.446, 99
Trd, 8639156.579, 112
Trd, 8639156.979, 128
Trd, 8639157.879, 113
Trd, 8639158.212, 104
Trd, 8639158.546, 113
Trd, 8639158.812, 106
Trd, 8639159.379, 96
Trd, 8639160.112, 80
Trd, 8639161.012, 122
Trd, 8639161.279, 98
Trd, 8639161.312, 97
Trd, 8639162.012, 92
Trd, 8639162.446, 135
Trd, 8639162.879, 120
Trd, 8639163.712, 133
Trd, 8639164.346, 111
Trd, 8639164.746, 87
Trd, 8639164.912, 112
Trd, 8639165.179, 118
Trd, 8639165.279, 107
Trd, 8639167.012, 121
Trd, 8639167.879, 116
Trd, 8639168.912, 116
Trd, 8639169.246, 133
Trd, 8639169.379, 106
Trd, 8639169.979, 110
Trd, 8639170.179, 101
Trd, 8639170.546, 129
Trd, 8639172.512, 126
Trd, 8639172.979, 106
Trd, 8639173.646, 110
Trd, 8639173.979, 121
Trd, 8639174.279, 112
Trd, 8639174.946, 102
Trd, 8639175.946, 105
Trd, 8639176.546, 125
Trd, 8639176.612, 106
Trd, 8639177.246, 102
Trd, 8639177.846, 118
Trd, 8639178.179, 125
Trd, 8639178.246, 117
Trd, 8639178.346, 115
Trd, 8639179.012, 108
Trd, 8639179.146, 99
Trd, 8639179.712, 89
Trd, 8639179.746, 126
Trd, 8639179.912, 106
Trd, 8639180.412, 129
Trd, 8639181.279, 137
Trd, 8639181.746, 97
Trd, 8639182.746, 131
Trd, 8639183.012, 90
Trd, 8639183.246, 82
Trd, 8639183.579, 89
Trd, 8639183.646, 79
Trd, 8639183.746, 75
Trd, 8639184.212, 123
Trd, 8639184.846, 75
Trd, 8639185.979, 66
Trd, 8639186.246, 118
Trd, 8639187.812, 110
Trd, 8639188.179, 105
Trd, 8639188.679, 139
Trd, 8639188.812, 135
Trd, 8639189.146, 101
Trd, 8639189.879, 99
Trd, 8639190.179, 96
Trd, 8639190.446, 127
Trd, 8639191.479, 120
Trd, 8639191.679, 108
Trd, 8639193.046, 130
Trd, 8639193.479, 113
Trd, 8639194.112, 111
Trd, 8639195.579, 127
Trd, 8639196.612, 116
Trd, 8639196.912, 116
Trd, 8639198.546, 131
Trd, 8639198.846, 127
Trd, 8639198.979, 116
Trd, 8639199.279, 109
Trd, 8639199.612, 124
Trd, 8639199.812, 100
Trd, 8639200.746, 95
Trd, 8639201.946, 119
Trd, 8639202.279, 108
Trd, 8639202.312, 107
Trd, 8639203.312, 122
Trd, 8639203.679, 128
Trd, 8639204.512, 139
Trd, 8639204.912, 135
Trd, 8639204.979, 127
Trd, 8639205.879, 120
Trd, 8639206.446, 114
Trd, 8639206.679, 106
Trd, 8639206.879, 126
Trd, 8639207.312, 118
Trd, 8639209.079, 103
Trd, 8639209.979, 136
Trd, 8639210.979, 101
Trd, 8639211.012, 107
Trd, 8639211.179, 99
Trd, 8639211.379, 95
Trd, 8639211.479, 81
Trd, 8639211.646, 74
Trd, 8639212.812, 139
Trd, 8639213.279, 130
Trd, 8639214.079, 116
Trd, 8639215.012, 132
Trd, 8639215.546, 132
Trd, 8639215.646, 110
Trd, 8639216.012, 108
Trd, 8639216.046, 103
Trd, 8639216.779, 96
Trd, 8639218.246, 98
Trd, 8639219.112, 112
Trd, 8639219.146, 111
Trd, 8639219.646, 128
Trd, 8639220.012, 113
Trd, 8639220.646, 104
Trd, 8639220.879, 90
Trd, 8639221.046, 87
Trd, 8639221.612, 90
Trd, 8639222.446, 97
Trd, 8639222.779, 134
Trd, 8639224.479, 134
Trd, 8639224.612, 131
Trd, 8639225.946, 129
Trd, 8639226.612, 114
Trd, 8639227.246, 114
Trd, 8639227.879, 104
Trd, 8639228.179, 104
Trd, 8639228.379, 130
Trd, 8639228.412, 89
Trd, 8639228.846, 95
Trd, 8639229.279, 131
Trd, 8639229.312, 101
Trd, 8639229.679, 110
Trd, 8639230.746, 86
Trd, 8639231.012, 100
Trd, 8639232.479, 120
Trd, 8639232.646, 96
Trd, 8639233.279, 104
Trd, 8639233.679, 73
Trd, 8639233.746, 108
Trd, 8639233.979, 118
Trd, 8639234.112, 126
Trd, 8639234.579, 127
Trd, 8639235.112, 123
Trd, 8639235.546, 117
Trd, 8639236.312, 119
Trd, 8639236.612, 119
Trd, 8639236.812, 109
Trd, 8639237.512, 107
Trd, 8639237.912, 121
Trd, 8639239.079, 117
Trd, 8639239.612, 124
Trd, 8639240.212, 95
Trd, 8639240.446, 140
Trd, 8639240.779, 112
Trd, 8639240.879, 104
Trd, 8639241.779, 107
Trd, 8639243.046, 136
Trd, 8639243.112, 134
Trd, 8639244.246, 116
Trd, 8639244.746, 130
Trd, 8639244.812, 117
Trd, 8639245.212, 104
Trd, 8639245.979, 130
Trd, 8639246.912, 136
Trd, 8639246.946, 124
Trd, 8639247.512, 140
Trd, 8639248.812, 133
Trd, 8639249.046, 127
Trd, 8639249.612, 116
Trd, 8639249.912, 109
Trd, 8639250.446, 133
Trd, 8639251.779, 140
Trd, 8639251.846, 139
Trd, 8639252.812, 126
Trd, 8639252.946, 104
Trd, 8639253.646, 102
Trd, 8639254.012, 119
Trd, 8639255.179, 124
Trd, 8639255.446, 122
Trd, 8639256.746, 90
Trd, 8639256.879, 87
Trd, 8639257.146, 107
Trd, 8639257.646, 104
Trd, 8639257.879, 92
Trd, 8639259.479, 137
Trd, 8639259.746, 131
Trd, 8639259.812, 121
Trd, 8639260.112, 125
Trd, 8639260.212, 109
Trd, 8639260.546, 115
Trd, 8639260.646, 106
Trd, 8639261.012, 140
Trd, 8639261.146, 101
Trd, 8639262.112, 138
Trd, 8639262.379, 98
Trd, 8639263.646, 99
Trd, 8639263.779, 97
Trd, 8639264.579, 96
Trd, 8639265.446, 137
Trd, 8639265.779, 121
Trd, 8639266.079, 105
Trd, 8639266.846, 116
Trd, 8639267.012, 114
Trd, 8639267.479, 128
Trd, 8639268.179, 119
Trd, 8639268.512, 113
Trd, 8639268.546, 113
Trd, 8639269.012, 119
Trd, 8639269.246, 87
Trd, 8639270.446, 136
Trd, 8639271.612, 112
Trd, 8639272.212, 123
Trd, 8639272.312, 118
Trd, 8639272.546, 140
Trd, 8639272.812, 111
Trd, 8639273.712, 134
Trd, 8639273.946, 135
Trd, 8639274.279, 134
Trd, 8639275.079, 108
Trd, 8639276.479, 95
Trd, 8639277.679, 117
Trd, 8639277.779, 90
Trd, 8639278.679, 129
Trd, 8639279.112, 106
Trd, 8639279.212, 98
Trd, 8639279.746, 123
Trd, 8639279.879, 119
Trd, 8639280.346, 100
Trd, 8639280.846, 132
Trd, 8639281.712, 100
Trd, 8639282.012, 117
Trd, 8639282.579, 134
Trd, 8639283.512, 127
Trd, 8639283.712, 140
Trd, 8639284.179, 127
Trd, 8639284.412, 112
Trd, 8639284.479, 117
Trd, 8639285.046, 100
Trd, 8639285.079, 95
Trd, 8639286.212, 94
Trd, 8639286.846, 94
Trd, 8639287.346, 118
Trd, 8639287.912, 120
Trd, 8639288.979, 129
Trd, 8639290.279, 124
Trd, 8639290.312, 120
Trd, 8639290.446, 113
Trd, 8639290.546, 108
Trd, 8639290.612, 108
Trd, 8639291.612, 121
Trd, 8639291.712, 132
Trd, 8639293.112, 110
Trd, 8639293.279, 113
Trd, 8639293.912, 120
Trd, 8639294.412, 108
Trd, 8639294.946, 123
Trd, 8639295.612, 119
Trd, 8639296.312, 137
Trd, 8639296.412, 135
Trd, 8639296.446, 121
Trd, 8639297.112, 109
Trd, 8639297.379, 119
Trd, 8639298.579, 130
Trd, 8639298.646, 111
Trd, 8639299.746, 99
Trd, 8639299.779, 98
Trd, 8639300.046, 132
Trd, 8639300.779, 121
Trd, 8639301.946, 120
Trd, 8639302.512, 123
Trd, 8639303.279, 102
Trd, 8639303.879, 127
Trd, 8639304.279, 125
Trd, 8639304.846, 113
Trd, 8639305.379, 132
Trd, 8639305.612, 116
Trd, 8639305.646, 115
Trd, 8639305.812, 113
Trd, 8639306.512, 90
Trd, 8639306.779, 62
Trd, 8639307.312, 101
Trd, 8639307.412, 65
Trd, 8639308.346, 108
Trd, 8639308.446, 102
Trd, 8639309.579, 135
Trd, 8639310.046, 118
Trd, 8639310.112, 103
Trd, 8639310.846, 107
Trd, 8639311.346, 114
Trd, 8639311.546, 87
Trd, 8639312.279, 100
Trd, 8639312.879, 116
Trd, 8639314.579, 139
Trd, 8639314.712, 130
Trd, 8639315.346, 111
Trd, 8639315.646, 117
Trd, 8639315.679, 105
Trd, 8639317.546, 130
Trd, 8639319.446, 126
Trd, 8639319.646, 129
Trd, 8639319.746, 120
Trd, 8639319.812, 119
Trd, 8639320.246, 114
Trd, 8639320.412, 101
Trd, 8639320.846, 109
Trd, 8639321.479, 108
Trd, 8639322.612, 121
Trd, 8639322.712, 95
Trd, 8639322.779, 84
Trd, 8639323.946, 131
Trd, 8639324.979, 116
Trd, 8639325.446, 139
Trd, 8639325.612, 94
Trd, 8639325.779, 122
Trd, 8639326.912, 94
Trd, 8639327.246, 96
Trd, 8639327.779, 126
Trd, 8639328.612, 119
Trd, 8639328.746, 114
Trd, 8639328.846, 109
Trd, 8639329.946, 120
Trd, 8639330.079, 114
Trd, 8639330.546, 83
Trd, 8639331.079, 111
Trd, 8639331.512, 100
Trd, 8639332.179, 140
Trd, 8639332.746, 133
Trd, 8639333.812, 138
Trd, 8639334.679, 140
Trd, 8639334.846, 131
Trd, 8639335.279, 121
Trd, 8639335.812, 140
Trd, 8639335.946, 126
Trd, 8639336.279, 115
Trd, 8639337.379, 121
Trd, 8639337.879, 124
Trd, 8639338.312, 123
Trd, 8639338.379, 117
Trd, 8639338.779, 107
Trd, 8639339.746, 121
Trd, 8639340.712, 112
Trd, 8639340.779, 103
Trd, 8639340.879, 116
Trd, 8639342.112, 118
Trd, 8639342.412, 128
Trd, 8639343.312, 120
Trd, 8639343.512, 118
Trd, 8639343.646, 95
Trd, 8639344.446, 106
Trd, 8639344.946, 116
Trd, 8639346.346, 126
Trd, 8639346.546, 136
Trd, 8639347.146, 134
Trd, 8639347.746, 122
Trd, 8639348.679, 104
Trd, 8639348.879, 103
Trd, 8639349.779, 127
Trd, 8639350.012, 140
Trd, 8639350.146, 112
Trd, 8639351.346, 111
Trd, 8639352.679, 139
Trd, 8639353.279, 121
Trd, 8639353.412, 106
Trd, 8639353.712, 89
Trd, 8639354.312, 110
Trd, 8639356.446, 134
Trd, 8639356.546, 107
Trd, 8639356.612, 104
Trd, 8639356.712, 136
Trd, 8639356.746, 95
Trd, 8639357.412, 84
Trd, 8639358.846, 140
Trd, 8639358.879, 124
Trd, 8639359.512, 118
Trd, 8639359.879, 109
Trd, 8639359.946, 97
Trd, 8639360.512, 130
Trd, 8639360.946, 116
Trd, 8639361.879, 134
Trd, 8639362.712, 128
Trd, 8639363.046, 127
Trd, 8639363.646, 118
Trd, 8639364.046, 130
Trd, 8639364.279, 111
Trd, 8639364.379, 86
Trd, 8639364.479, 125
Trd, 8639365.912, 117
Trd, 8639366.346, 118
Trd, 8639366.712, 109
Trd, 8639368.012, 119
Trd, 8639368.712, 112
Trd, 8639369.879, 125
Trd, 8639370.212, 94
Trd, 8639370.246, 91
Trd, 8639371.712, 126
Trd, 8639371.946, 133
Trd, 8639372.346, 138
Trd, 8639372.946, 124
Trd, 8639373.412, 120
Trd, 8639373.679, 116
Trd, 8639374.446, 139
Trd, 8639374.812, 114
Trd, 8639375.546, 109
Trd, 8639375.612, 111
Trd, 8639375.646, 102
Trd, 8639376.212, 120
Trd, 8639376.879, 120
Trd, 8639377.446, 115
Trd, 8639377.479, 102
Trd, 8639378.679, 100
Trd, 8639379.079, 139
Trd, 8639379.479, 91
Trd, 8639379.646, 70
Trd, 8639381.146, 132
Trd, 8639381.179, 118
Trd, 8639381.512, 60
Trd, 8639381.779, 112
Trd, 8639381.846, 81
Trd, 8639383.012, 81
Trd, 8639383.979, 122
Trd, 8639384.846, 124
Trd, 8639384.946, 115
Trd, 8639386.112, 123
Trd, 8639387.712, 139
Trd, 8639388.546, 133
Trd, 8639388.679, 119
Trd, 8639389.179, 130
Trd, 8639389.579, 119
Trd, 8639390.046, 135
Trd, 8639390.346, 116
Trd, 8639390.379, 113
Trd, 8639390.979, 136
Trd, 8639391.212, 122
Trd, 8639392.546, 124
Trd, 8639392.812, 113
Trd, 8639393.779, 124
Trd, 8639394.146, 115
Trd, 8639394.446, 128
Trd, 8639394.946, 104
Trd, 8639395.079, 103
Trd, 8639395.146, 97
Trd, 8639396.479, 115
Trd, 8639396.512, 111
Trd, 8639396.779, 123
Trd, 8639396.912, 132
Trd, 8639397.846, 133
Trd, 8639398.246, 124
Trd, 8639399.179, 122
Trd, 8639399.379, 116
Trd, 8639399.879, 136
Trd, 8639400.279, 115
Trd, 8639400.612, 135
Trd, 8639401.179, 113
Trd, 8639401.479, 101
Trd, 8639404.212, 129
Trd, 8639404.312, 125
Trd, 8639404.979, 108
Trd, 8639405.312, 130
Trd, 8639406.379, 90
Trd, 8639406.446, 95
Trd, 8639407.279, 127
Trd, 8639407.379, 112
Trd, 8639407.546, 112
Trd, 8639407.812, 104
Trd, 8639408.779, 102
Trd, 8639409.346, 95
Trd, 8639409.479, 111
Trd, 8639409.879, 86
Trd, 8639410.546, 70
Trd, 8639411.079, 74
Trd, 8639412.046, 119
Trd, 8639412.179, 108
Trd, 8639412.212, 89
Trd, 8639412.612, 140
Trd, 8639413.079, 93
Trd, 8639413.912, 101
Trd, 8639415.112, 111
Trd, 8639415.312, 109
Trd, 8639415.612, 105
Trd, 8639417.346, 133
Trd, 8639417.412, 129
Trd, 8639418.312, 118
Trd, 8639418.346, 109
Trd, 8639418.812, 133
Trd, 8639419.312, 85
Trd, 8639419.546, 113
Trd, 8639420.612, 128
Trd, 8639421.179, 132
Trd, 8639421.512, 109
Trd, 8639421.846, 116
Trd, 8639422.146, 117
Trd, 8639422.612, 136
Trd, 8639423.179, 111
Trd, 8639423.712, 101
Trd, 8639424.079, 89
Trd, 8639425.046, 138
Trd, 8639425.546, 140
Trd, 8639426.112, 132
Trd, 8639426.212, 125
Trd, 8639427.112, 129
Trd, 8639427.479, 123
Trd, 8639427.579, 107
Trd, 8639427.946, 101
Trd, 8639428.479, 122
Trd, 8639429.612, 119
Trd, 8639430.012, 108
Trd, 8639430.879, 122
Trd, 8639431.079, 111
Trd, 8639431.212, 104
Trd, 8639431.779, 117
Trd, 8639432.112, 107
Trd, 8639432.279, 93
Trd, 8639432.512, 140
Trd, 8639432.812, 90
Trd, 8639432.912, 130
Trd, 8639433.679, 100
Trd, 8639433.879, 93
Trd, 8639435.112, 116
Trd, 8639435.179, 107
Trd, 8639435.879, 107
Trd, 8639436.146, 99
Trd, 8639436.812, 101
Trd, 8639437.679, 139
Trd, 8639438.179, 132
Trd, 8639438.312, 124
Trd, 8639438.646, 120
Trd, 8639438.712, 117
Trd, 8639439.279, 120
Trd, 8639439.679, 110
Trd, 8639440.879, 126
Trd, 8639440.946, 123
Trd, 8639442.246, 130
Trd, 8639444.079, 123
Trd, 8639444.246, 111
Trd, 8639444.679, 133
Trd, 8639445.612, 121
Trd, 8639445.646, 110
Trd, 8639445.712, 88
Trd, 8639447.412, 91
Trd, 8639447.579, 92
Trd, 8639447.879, 91
Trd, 8639448.112, 77
Trd, 8639448.212, 120
Trd, 8639449.312, 113
Trd, 8639449.579, 107
Trd, 8639449.879, 96
Trd, 8639450.046, 122
Trd, 8639450.279, 113
Trd, 8639450.579, 91
Trd, 8639451.112, 113
Trd, 8639451.612, 129
Trd, 8639452.012, 138
Trd, 8639452.279, 127
Trd, 8639453.746, 138
Trd, 8639454.279, 125
Trd, 8639455.446, 139
Trd, 8639455.712, 130
Trd, 8639455.912, 136
Trd, 8639456.846, 133
Trd, 8639456.979, 127
Trd, 8639457.179, 121
Trd, 8639457.912, 130
Trd, 8639457.979, 113
Trd, 8639458.146, 100
Trd, 8639459.946, 91
Trd, 8639460.646, 136
Trd, 8639460.712, 134
Trd, 8639460.846, 124
Trd, 8639461.812, 107
Trd, 8639463.146, 137
Trd, 8639463.546, 125
Trd, 8639464.412, 113
Trd, 8639464.712, 135
Trd, 8639465.312, 131
Trd, 8639465.479, 117
Trd, 8639465.546, 116
Trd, 8639466.112, 101
Trd, 8639466.379, 140
Trd, 8639466.612, 102
Trd, 8639468.846, 108
Trd, 8639469.046, 101
Trd, 8639469.779, 101
Trd, 8639470.712, 132
Trd, 8639471.046, 123
Trd, 8639471.879, 113
Trd, 8639472.012, 106
Trd, 8639472.879, 115
Trd, 8639473.446, 116
Trd, 8639473.746, 111
Trd, 8639474.212, 133
Trd, 8639474.779, 120
Trd, 8639475.012, 107
Trd, 8639475.079, 105
Trd, 8639476.412, 136
Trd, 8639476.579, 134
Trd, 8639478.112, 124
Trd, 8639478.379, 112
Trd, 8639478.446, 110
Trd, 8639479.846, 85
Trd, 8639480.379, 122
Trd, 8639480.512, 125
Trd, 8639481.046, 132
Trd, 8639481.512, 113
Trd, 8639481.546, 104
Trd, 8639482.046, 120
Trd, 8639482.879, 97
Trd, 8639483.312, 82
Trd, 8639484.512, 96
Trd, 8639485.846, 122
Trd, 8639485.946, 122
Trd, 8639486.879, 139
Trd, 8639487.812, 130
Trd, 8639488.912, 122
Trd, 8639489.512, 128
Trd, 8639489.846, 116
Trd, 8639489.879, 112
Trd, 8639490.012, 112
Trd, 8639490.179, 97
Trd, 8639490.379, 108
Trd, 8639490.579, 92
Trd, 8639490.879, 97
Trd, 8639492.246, 99
Trd, 8639493.479, 119
Trd, 8639493.712, 116
Trd, 8639494.312, 99
Trd, 8639495.379, 135
Trd, 8639496.012, 122
Trd, 8639496.546, 139
Trd, 8639496.646, 121
Trd, 8639497.312, 113
Trd, 8639497.612, 107
Trd, 8639498.146, 92
Trd, 8639498.512, 123
Trd, 8639499.312, 120
Trd, 8639500.646, 90
Trd, 8639501.412, 110
Trd, 8639501.779, 133
Trd, 8639501.979, 110
Trd, 8639502.646, 139
Trd, 8639502.812, 118
Trd, 8639505.046, 110
Trd, 8639505.412, 122
Trd, 8639505.446, 121
Trd, 8639505.512, 114
Trd, 8639506.079, 113
Trd, 8639507.179, 103
Trd, 8639507.679, 88
Trd, 8639508.479, 127
Trd, 8639508.579, 123
Trd, 8639508.746, 132
Trd, 8639508.879, 129
Trd, 8639509.346, 120
Trd, 8639509.879, 88
Trd, 8639510.112, 120
Trd, 8639510.646, 67
Trd, 8639511.379, 131
Trd, 8639511.479, 115
Trd, 8639511.812, 84
Trd, 8639512.712, 111
Trd, 8639512.979, 85
Trd, 8639514.179, 98
Trd, 8639514.879, 106
Trd, 8639515.512, 112
Trd, 8639515.679, 84
Trd, 8639516.079, 87
Trd, 8639516.212, 83
Trd, 8639516.712, 133
Trd, 8639517.312, 127
Trd, 8639518.346, 139
Trd, 8639519.012, 122
Trd, 8639519.212, 114
Trd, 8639519.846, 115
Trd, 8639520.112, 110
Trd, 8639520.246, 116
Trd, 8639520.379, 91
Trd, 8639521.512, 135
Trd, 8639522.046, 108
Trd, 8639522.146, 102
Trd, 8639522.712, 101
Trd, 8639523.546, 96
Trd, 8639523.646, 97
Trd, 8639524.412, 135
Trd, 8639524.646, 86
Trd, 8639526.479, 111
Trd, 8639527.179, 120
Trd, 8639527.412, 108
Trd, 8639527.746, 123
Trd, 8639527.812, 99
Trd, 8639528.746, 94
Trd, 8639528.812, 91
Trd, 8639529.412, 75
Trd, 8639529.446, 99
Trd, 8639530.146, 108
Trd, 8639530.379, 104
Trd, 8639531.212, 100
Trd, 8639531.379, 80
Trd, 8639531.446, 85
Trd, 8639531.779, 83
Trd, 8639532.512, 118
Trd, 8639532.912, 122
Trd, 8639533.179, 117
Trd, 8639533.412, 105
Trd, 8639533.646, 131
Trd, 8639534.046, 89
Trd, 8639534.612, 74
Trd, 8639535.379, 127
Trd, 8639535.412, 116
Trd, 8639535.912, 140
Trd, 8639537.046, 111
Trd, 8639537.646, 124
Trd, 8639538.879, 112
Trd, 8639538.979, 117
Trd, 8639539.012, 122
Trd, 8639539.046, 92
Trd, 8639539.912, 121
Trd, 8639540.679, 122
Trd, 8639540.746, 109
Trd, 8639541.246, 85
Trd, 8639542.212, 104
Trd, 8639542.346, 100
Trd, 8639543.812, 127
Trd, 8639544.046, 113
Trd, 8639544.179, 99
Trd, 8639544.246, 84
Trd, 8639544.479, 103
Trd, 8639544.946, 114
Trd, 8639545.112, 81
Trd, 8639545.279, 77
Trd, 8639545.812, 72
Trd, 8639546.646, 128
Trd, 8639546.946, 131
Trd, 8639548.379, 117
Trd, 8639549.112, 122
Trd, 8639549.346, 140
Trd, 8639549.579, 101
Trd, 8639550.212, 122
Trd, 8639551.212, 128
Trd, 8639551.546, 103
Trd, 8639553.279, 140
Trd, 8639553.379, 113
Trd, 8639553.479, 108
Trd, 8639554.479, 105
Trd, 8639554.679, 98
Trd, 8639554.979, 122
Trd, 8639555.346, 103
Trd, 8639555.579, 108
Trd, 8639556.179, 109
Trd, 8639557.046, 121
Trd, 8639557.079, 93
Trd, 8639557.412, 91
Trd, 8639557.712, 139
Trd, 8639557.779, 87
Trd, 8639558.912, 100
Trd, 8639559.546, 112
Trd, 8639559.679, 97
Trd, 8639559.912, 96
Trd, 8639560.412, 114
Trd, 8639562.212, 123
Trd, 8639562.479, 138
Trd, 8639562.746, 140
Trd, 8639563.512, 122
Trd, 8639563.846, 113
Trd, 8639564.612, 137
Trd, 8639565.046, 115
Trd, 8639565.346, 123
Trd, 8639565.512, 138
Trd, 8639565.646, 130
Trd, 8639565.912, 138
Trd, 8639566.246, 129
Trd, 8639567.012, 120
Trd, 8639567.279, 105
Trd, 8639568.746, 95
Trd, 8639569.179, 89
Trd, 8639569.646, 71
Trd, 8639569.779, 86
Trd, 8639571.712, 127
Trd, 8639572.612, 131
Trd, 8639573.212, 124
Trd, 8639573.246, 116
Trd, 8639573.546, 111
Trd, 8639573.646, 107
Trd, 8639574.412, 124
Trd, 8639574.579, 139
Trd, 8639575.212, 129
Trd, 8639575.246, 124
Trd, 8639577.146, 126
Trd, 8639577.646, 122
Trd, 8639577.679, 97
Trd, 8639577.779, 90
Trd, 8639578.246, 93
Trd, 8639579.779, 92
Trd, 8639579.879, 96
Trd, 8639580.246, 121
Trd, 8639580.512, 110
Trd, 8639580.646, 130
Trd, 8639580.679, 114
Trd, 8639580.712, 92
Trd, 8639580.779, 89
Trd, 8639581.379, 113
Trd, 8639582.779, 111
Trd, 8639583.012, 101
Trd, 8639583.279, 121
Trd, 8639583.779, 137
Trd, 8639583.979, 94
Trd, 8639586.512, 121
Trd, 8639586.579, 112
Trd, 8639586.879, 118
Trd, 8639587.879, 120
Trd, 8639588.446, 128
Trd, 8639588.612, 121
Trd, 8639589.446, 127
Trd, 8639591.312, 118
Trd, 8639591.712, 105
Trd, 8639592.579, 126
Trd, 8639592.979, 105
Trd, 8639593.846, 125
Trd, 8639594.179, 108
Trd, 8639594.812, 92
Trd, 8639595.579, 109
Trd, 8639595.779, 122
Trd, 8639596.012, 126
Trd, 8639596.046, 124
Trd, 8639596.146, 97
Trd, 8639597.146, 121
Trd, 8639597.646, 140
Trd, 8639597.779, 97
Trd, 8639599.146, 95
Trd, 8639599.312, 107
Trd, 8639599.946, 132
Trd, 8639601.746, 137
Trd, 8639601.912, 133
Trd, 8639602.379, 127
Trd, 8639602.612, 109
Trd, 8639603.479, 92
Trd, 8639603.546, 112
Trd, 8639604.179, 98
Trd, 8639604.512, 92
Trd, 8639604.612, 80
Trd, 8639605.012, 133
Trd, 8639605.279, 131
Trd, 8639605.379, 121
Trd, 8639605.512, 111
Trd, 8639606.346, 102
Trd, 8639606.812, 108
Trd, 8639607.979, 112
Trd, 8639608.512, 110
Trd, 8639608.779, 136
Trd, 8639609.546, 124
Trd, 8639611.646, 137
Trd, 8639611.779, 137
Trd, 8639612.012, 127
Trd, 8639612.046, 113
Trd, 8639612.212, 109
Trd, 8639614.012, 89
Trd, 8639614.312, 121
Trd, 8639614.579, 123
Trd, 8639614.712, 97
Trd, 8639615.112, 108
Trd, 8639615.446, 83
Trd, 8639616.779, 107
Trd, 8639616.812, 87
Trd, 8639616.979, 85
Trd, 8639618.146, 135
Trd, 8639618.779, 104
Trd, 8639618.979, 105
Trd, 8639619.546, 99
Trd, 8639620.512, 99
Trd, 8639620.579, 94
Trd, 8639620.946, 133
Trd, 8639621.212, 116
Trd, 8639621.579, 123
Trd, 8639622.212, 99
Trd, 8639623.112, 104
Trd, 8639624.379, 100
Trd, 8639624.479, 88
Trd, 8639624.579, 87
Trd, 8639624.612, 77
Trd, 8639625.412, 84
Trd, 8639625.479, 71
Trd, 8639625.946, 134
Trd, 8639626.779, 116
Trd, 8639626.812, 125
Trd, 8639626.946, 114
Trd, 8639627.479, 136
Trd, 8639628.546, 122
Trd, 8639629.579, 139
Trd, 8639629.846, 101
Trd, 8639630.112, 91
Trd, 8639630.679, 125
Trd, 8639631.479, 140
Trd, 8639631.946, 117
Trd, 8639632.179, 109
Trd, 8639632.312, 104
Trd, 8639632.379, 90
Trd, 8639633.879, 128
Trd, 8639633.912, 113
Trd, 8639633.979, 107
Trd, 8639635.279, 135
Trd, 8639636.179, 119
Trd, 8639636.412, 126
Trd, 8639637.512, 112
Trd, 8639637.679, 92
Trd, 8639637.879, 92
Trd, 8639638.512, 82
Trd, 8639638.712, 71
Trd, 8639639.479, 114
Trd, 8639639.779, 121
Trd, 8639639.979, 124
Trd, 8639640.879, 97
Trd, 8639641.046, 131
Trd, 8639641.312, 105
Trd, 8639642.046, 125
Trd, 8639643.846, 140
Trd, 8639643.946, 125
Trd, 8639644.012, 121
Trd, 8639644.812, 119
Trd, 8639644.979, 118
Trd, 8639645.579, 114
Trd, 8639645.779, 105
Trd, 8639646.112, 82
Trd, 8639646.312, 96
Trd, 8639647.179, 136
Trd, 8639647.412, 126
Trd, 8639647.646, 117
Trd, 8639647.779, 111
Trd, 8639647.979, 81
Trd, 8639648.979, 138
Trd, 8639650.046, 104
Trd, 8639650.279, 129
Trd, 8639651.079, 116
Trd, 8639651.212, 130
Trd, 8639652.112, 138
Trd, 8639652.346, 123
Trd, 8639652.379, 122
Trd, 8639654.412, 131
Trd, 8639655.112, 127
Trd, 8639655.212, 117
Trd, 8639655.546, 140
Trd, 8639655.579, 124
Trd, 8639655.646, 108
Trd, 8639655.912, 101
Trd, 8639657.312, 131
Trd, 8639657.612, 131
Trd, 8639657.779, 123
Trd, 8639657.846, 118
Trd, 8639658.512, 140
Trd, 8639659.312, 129
Trd, 8639661.079, 125
Trd, 8639661.546, 122
Trd, 8639662.146, 107
Trd, 8639662.179, 102
Trd, 8639662.679, 111
Trd, 8639663.246, 107
Trd, 8639663.646, 124
Trd, 8639663.746, 104
Trd, 8639664.212, 133
Trd, 8639664.546, 106
Trd, 8639665.379, 94
Trd, 8639665.746, 84
Trd, 8639666.246, 127
Trd, 8639666.579, 92
Trd, 8639666.812, 85
Trd, 8639667.312, 67
Trd, 8639668.012, 130
Trd, 8639668.079, 115
Trd, 8639668.146, 94
Trd, 8639668.512, 78
Trd, 8639669.646, 125
Trd, 8639669.846, 113
Trd, 8639670.079, 89
Trd, 8639670.612, 98
Trd, 8639671.912, 118
Trd, 8639672.412, 105
Trd, 8639672.446, 105
Trd, 8639672.679, 90
Trd, 8639673.146, 86
Trd, 8639674.746, 129
Trd, 8639676.112, 108
Trd, 8639676.179, 116
Trd, 8639676.446, 92
Trd, 8639676.579, 91
Trd, 8639677.012, 126
Trd, 8639677.579, 95
Trd, 8639677.912, 91
Trd, 8639679.279, 128
Trd, 8639679.412, 132
Trd, 8639679.779, 134
Trd, 8639680.212, 138
Trd, 8639682.679, 105
Trd, 8639682.712, 133
Trd, 8639682.846, 97
Trd, 8639682.879, 110
Trd, 8639683.312, 111
Trd, 8639683.412, 115
Trd, 8639683.846, 139
Trd, 8639684.079, 101
Trd, 8639685.379, 108
Trd, 8639685.946, 129
Trd, 8639688.412, 126
Trd, 8639688.512, 117
Trd, 8639688.912, 126
Trd, 8639689.479, 112
Trd, 8639689.812, 126
Trd, 8639690.079, 118
Trd, 8639690.246, 116
Trd, 8639690.446, 103
Trd, 8639691.746, 136
Trd, 8639692.812, 126
Trd, 8639694.212, 129
Trd, 8639694.412, 114
Trd, 8639694.612, 113
Trd, 8639694.946, 109
Trd, 8639695.179, 106
Trd, 8639696.846, 101
Trd, 8639696.879, 118
Trd, 8639697.579, 136
Trd, 8639697.679, 113
Trd, 8639698.346, 98
Trd, 8639698.379, 98
Trd, 8639698.412, 87
Trd, 8639698.979, 114
Trd, 8639699.646, 96
Trd, 8639700.679, 81
Trd, 8639701.012, 116
Trd, 8639701.146, 125
Trd, 8639702.012, 85
Trd, 8639702.412, 102
Trd, 8639703.179, 95
Trd, 8639704.212, 123
Trd, 8639704.446, 125
Trd, 8639705.146, 113
Trd, 8639705.446, 131
Trd, 8639705.512, 97
Trd, 8639706.546, 98
Trd, 8639708.012, 68
Trd, 8639708.046, 97
Trd, 8639708.112, 100
Trd, 8639709.012, 103
Trd, 8639709.879, 106
Trd, 8639710.146, 103
Trd, 8639710.679, 97
Trd, 8639711.146, 88
Trd, 8639711.346, 79
Trd, 8639711.879, 112
Trd, 8639712.046, 130
Trd, 8639712.279, 97
Trd, 8639713.646, 107
Trd, 8639714.379, 85
Trd, 8639714.546, 90
Trd, 8639715.479, 130
Trd, 8639715.512, 131
Trd, 8639715.579, 132
Trd, 8639716.179, 104
Trd, 8639716.246, 90
Trd, 8639717.679, 100
Trd, 8639717.779, 100
Trd, 8639718.712, 104
Trd, 8639719.579, 92
Trd, 8639719.646, 85
Trd, 8639720.446, 96
Trd, 8639720.879, 90
Trd, 8639721.012, 108
Trd, 8639721.279, 89
Trd, 8639721.979, 94
Trd, 8639722.412, 131
Trd, 8639722.679, 93
Trd, 8639723.179, 121
Trd, 8639723.312, 120
Trd, 8639723.446, 139
Trd, 8639724.212, 123
Trd, 8639724.779, 104
Trd, 8639725.012, 108
Trd, 8639725.146, 126
Trd, 8639725.579, 86
Trd, 8639725.946, 102
Trd, 8639726.679, 101
Trd, 8639728.812, 122
Trd, 8639729.212, 103
Trd, 8639729.246, 100
Trd, 8639729.312, 98
Trd, 8639729.579, 133
Trd, 8639729.712, 89
Trd, 8639729.879, 88
Trd, 8639729.979, 108
Trd, 8639732.346, 125
Trd, 8639732.812, 124
Trd, 8639732.846, 109
Trd, 8639733.746, 96
Trd, 8639733.812, 92
Trd, 8639734.046, 83
Trd, 8639734.679, 72
Trd, 8639734.779, 92
Trd, 8639735.412, 113
Trd, 8639735.712, 101
Trd, 8639735.946, 99
Trd, 8639736.712, 119
Trd, 8639736.812, 130
Trd, 8639738.712, 137
Trd, 8639739.612, 117
Trd, 8639740.112, 116
Trd, 8639740.146, 109
Trd, 8639740.379, 138
Trd, 8639740.546, 100
Trd, 8639742.012, 128
Trd, 8639742.146, 90
Trd, 8639742.379, 81
Trd, 8639742.746, 125
Trd, 8639744.579, 93
Trd, 8639744.912, 114
Trd, 8639745.246, 127
Trd, 8639745.879, 118
Trd, 8639746.212, 113
Trd, 8639747.079, 101
Trd, 8639747.146, 106
Trd, 8639747.946, 95
Trd, 8639748.112, 97
Trd, 8639748.312, 94
Trd, 8639749.212, 86
Trd, 8639749.812, 98
Trd, 8639750.246, 114
Trd, 8639750.846, 109
Trd, 8639751.012, 86
Trd, 8639752.212, 96
Trd, 8639752.279, 95
Trd, 8639752.679, 89
Trd, 8639753.512, 87
Trd, 8639754.546, 63
Trd, 8639754.612, 95
Trd, 8639754.712, 108
Trd, 8639754.912, 85
Trd, 8639755.412, 118
Trd, 8639755.746, 127
Trd, 8639757.346, 132
Trd, 8639757.846, 137
Trd, 8639758.179, 127
Trd, 8639758.446, 117
Trd, 8639758.546, 111
Trd, 8639758.746, 103
Trd, 8639759.412, 87
Trd, 8639760.346, 138
Trd, 8639761.879, 109
Trd, 8639761.912, 122
Trd, 8639762.046, 120
Trd, 8639762.379, 104
Trd, 8639764.379, 135
Trd, 8639764.846, 119
Trd, 8639765.612, 117
Trd, 8639765.712, 98
Trd, 8639766.346, 136
Trd, 8639767.312, 105
Trd, 8639767.612, 99
Trd, 8639767.879, 138
Trd, 8639768.279, 135
Trd, 8639768.512, 102
Trd, 8639768.912, 77
Trd, 8639771.079, 113
Trd, 8639771.346, 123
Trd, 8639772.246, 90
Trd, 8639772.312, 90
Trd, 8639772.579, 85
Trd, 8639773.212, 117
Trd, 8639773.312, 92
Trd, 8639773.912, 123
Trd, 8639774.246, 108
Trd, 8639774.346, 91
Trd, 8639775.046, 133
Trd, 8639776.179, 131
Trd, 8639776.479, 123
Trd, 8639776.779, 122
Trd, 8639777.646, 108
Trd, 8639778.346, 126
Trd, 8639778.412, 136
Trd, 8639779.446, 115
Trd, 8639779.746, 100
Trd, 8639780.212, 93
Trd, 8639780.512, 138
Trd, 8639781.279, 104
Trd, 8639781.546, 103
Trd, 8639782.379, 124
Trd, 8639783.546, 128
Trd, 8639783.779, 126
Trd, 8639784.079, 119
Trd, 8639784.279, 111
Trd, 8639785.112, 128
Trd, 8639785.212, 103
Trd, 8639786.046, 107
Trd, 8639786.412, 84
Trd, 8639786.579, 78
Trd, 8639786.646, 108
Trd, 8639786.679, 70
Trd, 8639787.379, 91
Trd, 8639788.412, 96
Trd, 8639788.512, 100
Trd, 8639789.446, 102
Trd, 8639790.012, 87
Trd, 8639790.446, 110
Trd, 8639790.612, 121
Trd, 8639791.246, 124
Trd, 8639792.112, 136
Trd, 8639792.412, 116
Trd, 8639792.746, 132
Trd, 8639793.312, 140
Trd, 8639793.379, 122
Trd, 8639794.379, 139
Trd, 8639794.712, 110
Trd, 8639795.746, 102
Trd, 8639797.046, 118
Trd, 8639797.112, 103
Trd, 8639797.212, 100
Trd, 8639798.212, 107
Trd, 8639798.412, 139
Trd, 8639798.479, 112
Trd, 8639799.279, 133
Trd, 8639801.346, 138
Trd, 8639801.512, 129
Trd, 8639802.379, 140
Trd, 8639803.412, 118
Trd, 8639804.046, 107
Trd, 8639804.179, 105
Trd, 8639804.512, 139
Trd, 8639804.546, 123
Trd, 8639805.079, 129
Trd, 8639805.512, 71
Trd, 8639805.812, 116
Trd, 8639806.212, 130
Trd, 8639808.246, 110
Trd, 8639808.846, 100
Trd, 8639809.112, 135
Trd, 8639809.412, 120
Trd, 8639810.079, 92
Trd, 8639810.512, 136
Trd, 8639810.712, 118
Trd, 8639811.179, 116
Trd, 8639813.479, 118
Trd, 8639813.612, 132
Trd, 8639813.646, 114
Trd, 8639814.246, 136
Trd, 8639815.212, 108
Trd, 8639815.512, 108
Trd, 8639815.912, 122
Trd, 8639816.212, 100
Trd, 8639816.812, 116
Trd, 8639817.079, 90
Trd, 8639818.379, 101
Trd, 8639818.446, 77
Trd, 8639818.646, 137
Trd, 8639818.779, 133
Trd, 8639819.546, 115
Trd, 8639819.746, 127
Trd, 8639820.946, 135
Trd, 8639821.346, 124
Trd, 8639822.046, 107
Trd, 8639822.479, 105
Trd, 8639822.912, 100
Trd, 8639822.946, 79
Trd, 8639823.312, 129
Trd, 8639824.412, 106
Trd, 8639825.179, 120
Trd, 8639826.479, 100
Trd, 8639826.912, 101
Trd, 8639826.946, 94
Trd, 8639827.346, 88
Trd, 8639827.412, 106
Trd, 8639827.912, 91
Trd, 8639827.979, 90
Trd, 8639829.079, 79
Trd, 8639830.046, 124
Trd, 8639830.479, 113
Trd, 8639830.512, 108
Trd, 8639830.579, 100
Trd, 8639831.812, 137
Trd, 8639832.479, 119
Trd, 8639832.579, 126
Trd, 8639833.012, 140
Trd, 8639833.412, 113
Trd, 8639833.579, 107
Trd, 8639833.679, 100
Trd, 8639833.746, 96
Trd, 8639834.279, 136
Trd, 8639836.346, 139
Trd, 8639836.846, 126
Trd, 8639836.912, 131
Trd, 8639837.179, 114
Trd, 8639837.446, 110
Trd, 8639837.812, 132
Trd, 8639838.879, 120
Trd, 8639840.379, 137
Trd, 8639840.679, 133
Trd, 8639840.846, 137
Trd, 8639841.079, 118
Trd, 8639841.346, 117
Trd, 8639842.246, 133
Trd, 8639842.746, 125
Trd, 8639842.846, 110
Trd, 8639843.312, 123
Trd, 8639843.746, 109
Trd, 8639844.279, 106
Trd, 8639844.346, 102
Trd, 8639844.379, 118
Trd, 8639844.912, 100
Trd, 8639845.079, 128
Trd, 8639845.246, 95
Trd, 8639848.179, 114
Trd, 8639848.379, 99
Trd, 8639848.979, 114
Trd, 8639849.579, 122
Trd, 8639849.712, 125
Trd, 8639850.046, 137
Trd, 8639850.512, 112
Trd, 8639851.079, 111
Trd, 8639851.512, 92
Trd, 8639852.146, 114
Trd, 8639853.012, 137
Trd, 8639854.646, 125
Trd, 8639855.146, 137
Trd, 8639855.312, 117
Trd, 8639856.146, 89
Trd, 8639856.279, 110
Trd, 8639856.412, 81
Trd, 8639856.579, 75
Trd, 8639857.412, 75
Trd, 8639858.612, 97
Trd, 8639859.179, 90
Trd, 8639860.346, 131
Trd, 8639860.679, 128
Trd, 8639861.279, 137
Trd, 8639861.712, 123
Trd, 8639862.579, 124
Trd, 8639862.812, 114
Trd, 8639862.979, 138
Trd, 8639863.646, 116
Trd, 8639863.679, 111
Trd, 8639864.446, 106
Trd, 8639865.979, 117
Trd, 8639867.079, 110
Trd, 8639867.146, 119
Trd, 8639867.346, 110
Trd, 8639867.379, 94
Trd, 8639867.712, 90
Trd, 8639868.046, 140
Trd, 8639868.512, 135
Trd, 8639869.312, 139
Trd, 8639870.879, 133
Trd, 8639871.846, 116
Trd, 8639871.946, 115
Trd, 8639872.746, 130
Trd, 8639872.879, 103
Trd, 8639873.612, 136
Trd, 8639874.012, 137
Trd, 8639874.279, 122
Trd, 8639874.312, 102
Trd, 8639874.979, 139
Trd, 8639875.746, 100
Trd, 8639875.912, 89
Trd, 8639876.112, 123
Trd, 8639876.512, 121
Trd, 8639877.079, 86
Trd, 8639877.312, 84
Trd, 8639879.012, 113
Trd, 8639879.646, 121
Trd, 8639879.746, 82
Trd, 8639880.746, 100
Trd, 8639880.946, 112
Trd, 8639881.079, 88
Trd, 8639881.346, 84
Trd, 8639881.646, 130
Trd, 8639882.579, 90
Trd, 8639882.779, 115
Trd, 8639883.112, 103
Trd, 8639883.612, 136
Trd, 8639884.146, 93
Trd, 8639884.179, 93
Trd, 8639884.212, 92
Trd, 8639884.246, 79
Trd, 8639884.812, 136
Trd, 8639886.679, 93
Trd, 8639886.712, 109
Trd, 8639887.012, 85
Trd, 8639887.546, 80
Trd, 8639887.846, 87
Trd, 8639888.546, 112
Trd, 8639888.612, 97
Trd, 8639889.646, 81
Trd, 8639889.679, 97
Trd, 8639889.879, 97
Trd, 8639890.179, 94
Trd, 8639890.379, 95
Trd, 8639890.679, 100
Trd, 8639890.712, 134
Trd, 8639891.812, 98
Trd, 8639892.979, 125
Trd, 8639893.579, 139
Trd, 8639893.712, 111
Trd, 8639894.279, 132
Trd, 8639895.812, 138
Trd, 8639895.979, 135
Trd, 8639896.046, 124
Trd, 8639896.346, 110
Trd, 8639897.846, 118
Trd, 8639897.946, 110
Trd, 8639899.479, 122
Trd, 8639899.512, 120
Trd, 8639899.579, 92
Trd, 8639899.879, 106
Trd, 8639901.179, 87
Trd, 8639901.279, 110
Trd, 8639901.712, 105
Trd, 8639902.112, 102
Trd, 8639902.246, 97
Trd, 8639903.079, 108
Trd, 8639903.112, 129
Trd, 8639903.679, 118
Trd, 8639904.012, 109
Trd, 8639904.212, 103
Trd, 8639904.779, 93
Trd, 8639906.012, 140
Trd, 8639906.912, 135
Trd, 8639907.112, 139
Trd, 8639907.312, 119
Trd, 8639907.512, 97
Trd, 8639908.046, 107
Trd, 8639908.812, 134
Trd, 8639909.112, 101
Trd, 8639911.212, 130
Trd, 8639911.379, 132
Trd, 8639911.646, 118
Trd, 8639912.012, 125
Trd, 8639912.546, 124
Trd, 8639913.146, 134
Trd, 8639913.246, 118
Trd, 8639914.612, 136
Trd, 8639914.879, 122
Trd, 8639916.446, 122
Trd, 8639916.779, 121
Trd, 8639916.912, 116
Trd, 8639917.046, 127
Trd, 8639917.246, 113
Trd, 8639917.346, 99
Trd, 8639917.612, 99
Trd, 8639918.179, 97
Trd, 8639919.279, 111
Trd, 8639919.679, 122
Trd, 8639920.046, 104
Trd, 8639921.712, 135
Trd, 8639922.212, 111
Trd, 8639922.779, 126
Trd, 8639922.946, 126
Trd, 8639924.179, 131
Trd, 8639924.312, 118
Trd, 8639924.612, 116
Trd, 8639925.412, 103
Trd, 8639925.512, 95
Trd, 8639925.946, 90
Trd, 8639926.579, 134
Trd, 8639927.812, 136
Trd, 8639928.412, 133
Trd, 8639928.579, 124
Trd, 8639928.646, 123
Trd, 8639929.146, 134
Trd, 8639929.612, 113
Trd, 8639930.179, 112
Trd, 8639931.179, 128
Trd, 8639931.979, 116
Trd, 8639932.312, 111
Trd, 8639932.812, 121
Trd, 8639933.879, 139
Trd, 8639934.779, 125
Trd, 8639934.946, 123
Trd, 8639935.012, 120
Trd, 8639935.946, 139
Trd, 8639936.879, 131
Trd, 8639937.179, 112
Trd, 8639937.446, 109
Trd, 8639938.412, 102
Trd, 8639938.646, 107
Trd, 8639938.812, 96
Trd, 8639938.979, 91
Trd, 8639939.179, 119
Trd, 8639940.079, 135
Trd, 8639940.546, 105
Trd, 8639941.246, 105
Trd, 8639941.446, 99
Trd, 8639942.112, 129
Trd, 8639942.212, 112
Trd, 8639942.279, 103
Trd, 8639943.479, 116
Trd, 8639944.312, 100
Trd, 8639944.479, 98
Trd, 8639945.046, 97
Trd, 8639945.112, 93
Trd, 8639946.846, 139
Trd, 8639947.012, 138
Trd, 8639947.979, 137
Trd, 8639948.879, 134
Trd, 8639949.446, 133
Trd, 8639950.646, 128
Trd, 8639950.746, 108
Trd, 8639951.079, 106
Trd, 8639951.112, 85
Trd, 8639952.479, 130
Trd, 8639952.646, 113
Trd, 8639952.946, 106
Trd, 8639953.212, 95
Trd, 8639954.179, 81
Trd, 8639954.579, 104
Trd, 8639955.246, 103
Trd, 8639955.312, 99
Trd, 8639956.279, 122
Trd, 8639957.046, 119
Trd, 8639957.146, 95
Trd, 8639957.612, 123
Trd, 8639957.712, 115
Trd, 8639958.346, 91
Trd, 8639958.712, 130
Trd, 8639959.112, 84
Trd, 8639959.912, 95
Trd, 8639960.946, 134
Trd, 8639961.246, 116
Trd, 8639961.746, 136
Trd, 8639962.112, 94
Trd, 8639962.946, 138
Trd, 8639963.079, 126
Trd, 8639963.212, 123
Trd, 8639963.346, 110
Trd, 8639964.312, 113
Trd, 8639965.179, 108
Trd, 8639966.146, 112
Trd, 8639966.812, 101
Trd, 8639967.646, 112
Trd, 8639967.712, 110
Trd, 8639968.246, 114
Trd, 8639968.546, 117
Trd, 8639968.612, 110
Trd, 8639969.779, 121
Trd, 8639970.379, 122
Trd, 8639971.146, 105
Trd, 8639971.812, 135
Trd, 8639971.879, 120
Trd, 8639972.212, 131
Trd, 8639972.712, 129
Trd, 8639972.779, 124
Trd, 8639973.046, 133
Trd, 8639973.679, 116
Trd, 8639973.779, 101
Trd, 8639974.046, 90
Trd, 8639975.112, 132
Trd, 8639975.546, 134
Trd, 8639975.579, 110
Trd, 8639976.279, 119
Trd, 8639976.479, 104
Trd, 8639977.012, 127
Trd, 8639977.746, 109
Trd, 8639977.779, 105
Trd, 8639977.912, 125
Trd, 8639979.279, 120
Trd, 8639979.746, 117
Trd, 8639980.146, 132
Trd, 8639980.379, 111
Trd, 8639981.646, 130
Trd, 8639981.712, 120
Trd, 8639983.279, 109
Trd, 8639983.379, 97
Trd, 8639984.279, 92
Trd, 8639984.379, 105
Trd, 8639984.812, 88
Trd, 8639985.212, 83
Trd, 8639985.246, 88
Trd, 8639986.079, 90
Trd, 8639987.212, 94
Trd, 8639987.246, 93
Trd, 8639988.512, 116
Trd, 8639988.979, 115
Trd, 8639989.312, 123
Trd, 8639990.046, 123
Trd, 8639990.346, 123
Trd, 8639990.879, 117
Trd, 8639991.346, 138
Trd, 8639991.979, 128
Trd, 8639992.346, 109
Trd, 8639992.946, 135
Trd, 8639994.146, 136
Trd, 8639995.246, 136
Trd, 8639995.579, 122
Trd, 8639995.712, 128
Trd, 8639996.079, 121
Trd, 8639996.912, 107
Trd, 8639997.179, 111
Trd, 8639997.346, 127
Trd, 8639997.579, 137
Trd, 8639997.746, 113
Trd, 8639997.912, 104
Trd, 8639998.979, 139
Trd, 8639999.046, 108
Trd, 8639999.812, 122
