Trd, 8638772.446, 87
Trd, 8638772.912, 94
Trd, 8638772.979, 110
Trd, 8638773.012, 84
Trd, 8638773.646, 140
Trd, 8638773.879, 123
Trd, 8638775.746, 112
Trd, 8638776.279, 107
Trd, 8638776.412, 104
Trd, 8638776.779, 105
Trd, 8638777.079, 119
Trd, 8638778.112, 103
Trd, 8638778.812, 115
Trd, 8638778.846, 116
Trd, 8638778.979, 104
Trd, 8638779.046, 102
Trd, 8638779.079, 99
Trd, 8638779.279, 94
Trd, 8638779.412, 102
Trd, 8638779.846, 139
Trd, 8638780.179, 107
Trd, 8638781.146, 139
Trd, 8638781.246, 120
Trd, 8638781.279, 100
Trd, 8638781.712, 93
Trd, 8638782.379, 112
Trd, 8638782.546, 110
Trd, 8638783.912, 111
Trd, 8638784.146, 98
Trd, 8638784.179, 90
Trd, 8638784.379, 65
Trd, 8638785.146, 97
Trd, 8638785.546, 136
Trd, 8638785.912, 126
Trd, 8638786.779, 81
Trd, 8638786.846, 90
Trd, 8638787.379, 74
Trd, 8638787.812, 95
Trd, 8638788.112, 73
Trd, 8638788.379, 101
Trd, 8638788.912, 96
Trd, 8638788.946, 86
Trd, 8638789.379, 77
Trd, 8638790.079, 63
Trd, 8638790.579, 89
Trd, 8638791.046, 93
Trd, 8638791.146, 85
Trd, 8638791.379, 97
Trd, 8638791.946, 62
Trd, 8638791.979, 82
Trd, 8638792.346, 65
Trd, 8638793.046, 120
Trd, 8638793.146, 92
Trd, 8638793.546, 117
Trd, 8638794.346, 87
Trd, 8638794.412, 86
Trd, 8638795.979, 95
Trd, 8638796.279, 126
Trd, 8638796.579, 86
Trd, 8638796.679, 85
Trd, 8638797.246, 82
Trd, 8638797.512, 83
Trd, 8638797.646, 89
Trd, 8638797.779, 100
Trd, 8638798.212, 137
Trd, 8638798.712, 113
Trd, 8638798.746, 96
Trd, 8638799.579, 117
Trd, 8638799.912, 94
Trd, 8638800.912, 83
Trd, 8638801.312, 76
Trd, 8638801.712, 69
Trd, 8638802.146, 138
Trd, 8638802.246, 81
Trd, 8638802.646, 72
Trd, 8638803.212, 105
Trd, 8638803.912, 111
Trd, 8638804.346, 96
Trd, 8638804.946, 68
Trd, 8638805.112, 111
Trd, 8638805.512, 60
Trd, 8638806.546, 71
Trd, 8638807.412, 60
Trd, 8638808.579, 60
Trd, 8638808.679, 61
Trd, 8638808.712, 63
Trd, 8638808.746, 72
Trd, 8638809.279, 82
Trd, 8638809.812, 101
Trd, 8638809.879, 100
Trd, 8638810.546, 102
Trd, 8638810.679, 92
Trd, 8638811.046, 124
Trd, 8638811.346, 123
Trd, 8638811.446, 107
Trd, 8638812.546, 112
Trd, 8638812.846, 127
Trd, 8638813.512, 94
Trd, 8638813.979, 74
Trd, 8638814.312, 88
Trd, 8638814.446, 114
Trd, 8638814.612, 101
Trd, 8638815.079, 115
Trd, 8638815.179, 104
Trd, 8638816.846, 120
Trd, 8638817.179, 77
Trd, 8638817.779, 138
Trd, 8638818.179, 130
Trd, 8638818.379, 130
Trd, 8638818.412, 116
Trd, 8638818.712, 124
Trd, 8638819.646, 123
Trd, 8638819.679, 96
Trd, 8638821.079, 123
Trd, 8638821.146, 88
Trd, 8638821.279, 85
Trd, 8638821.512, 120
Trd, 8638822.046, 131
Trd, 8638822.579, 105
Trd, 8638825.312, 130
Trd, 8638826.279, 108
Trd, 8638826.312, 109
Trd, 8638827.246, 128
Trd, 8638827.512, 125
Trd, 8638827.546, 121
Trd, 8638827.746, 136
Trd, 8638828.046, 120
Trd, 8638828.846, 120
Trd, 8638829.046, 107
Trd, 8638829.512, 124
Trd, 8638830.246, 134
Trd, 8638830.512, 132
Trd, 8638830.712, 120
Trd, 8638830.879, 116
Trd, 8638831.179, 107
Trd, 8638831.312, 87
Trd, 8638832.612, 110
Trd, 8638832.946, 116
Trd, 8638833.279, 99
Trd, 8638833.579, 92
Trd, 8638833.946, 90
Trd, 8638835.379, 118
Trd, 8638836.179, 106
Trd, 8638836.546, 99
Trd, 8638836.912, 92
Trd, 8638837.146, 94
Trd, 8638837.612, 104
Trd, 8638838.246, 86
Trd, 8638838.446, 130
Trd, 8638838.579, 126
Trd, 8638839.346, 138
Trd, 8638839.579, 100
Trd, 8638840.346, 76
Trd, 8638840.546, 119
Trd, 8638840.979, 103
Trd, 8638841.112, 125
Trd, 8638842.179, 128
Trd, 8638842.446, 127
Trd, 8638842.712, 93
Trd, 8638842.979, 126
Trd, 8638843.079, 119
Trd, 8638843.179, 119
Trd, 8638843.812, 93
Trd, 8638843.879, 71
Trd, 8638844.779, 85
Trd, 8638845.446, 118
Trd, 8638845.579, 109
Trd, 8638846.679, 136
Trd, 8638847.512, 129
Trd, 8638847.879, 114
Trd, 8638849.012, 115
Trd, 8638849.046, 101
Trd, 8638849.079, 99
Trd, 8638849.112, 128
Trd, 8638849.412, 91
Trd, 8638850.612, 89
Trd, 8638850.979, 121
Trd, 8638851.412, 92
Trd, 8638851.679, 119
Trd, 8638852.412, 112
Trd, 8638852.479, 97
Trd, 8638852.912, 132
Trd, 8638853.012, 121
Trd, 8638854.546, 121
Trd, 8638855.079, 139
Trd, 8638855.246, 110
Trd, 8638855.546, 101
Trd, 8638856.746, 138
Trd, 8638856.946, 128
Trd, 8638857.012, 114
Trd, 8638857.312, 110
Trd, 8638857.946, 99
Trd, 8638858.712, 108
Trd, 8638858.879, 87
Trd, 8638859.646, 83
Trd, 8638859.679, 79
Trd, 8638860.212, 108
Trd, 8638860.512, 94
Trd, 8638860.646, 90
Trd, 8638861.179, 98
Trd, 8638861.512, 101
Trd, 8638861.779, 70
Trd, 8638861.979, 63
Trd, 8638863.679, 138
Trd, 8638864.012, 136
Trd, 8638864.046, 90
Trd, 8638864.479, 126
Trd, 8638864.846, 106
Trd, 8638865.246, 101
Trd, 8638865.379, 89
Trd, 8638865.712, 88
Trd, 8638865.946, 83
Trd, 8638866.379, 132
Trd, 8638866.546, 73
Trd, 8638866.879, 87
Trd, 8638867.246, 120
Trd, 8638867.846, 96
Trd, 8638867.946, 69
Trd, 8638868.479, 90
Trd, 8638868.512, 89
Trd, 8638869.512, 114
Trd, 8638869.846, 66
Trd, 8638871.679, 135
Trd, 8638872.479, 132
Trd, 8638873.046, 125
Trd, 8638873.179, 124
Trd, 8638873.546, 128
Trd, 8638873.846, 112
Trd, 8638874.279, 107
Trd, 8638874.779, 80
Trd, 8638875.112, 82
Trd, 8638875.212, 79
Trd, 8638875.912, 116
Trd, 8638876.079, 83
Trd, 8638876.812, 103
Trd, 8638877.079, 104
Trd, 8638877.479, 83
Trd, 8638877.912, 76
Trd, 8638878.412, 111
Trd, 8638879.012, 86
Trd, 8638879.312, 90
Trd, 8638879.446, 99
Trd, 8638880.346, 103
Trd, 8638880.879, 120
Trd, 8638881.446, 99
Trd, 8638881.579, 74
Trd, 8638881.712, 67
Trd, 8638882.879, 74
Trd, 8638883.112, 90
Trd, 8638883.379, 92
Trd, 8638883.512, 93
Trd, 8638884.446, 110
Trd, 8638884.679, 120
Trd, 8638885.012, 96
Trd, 8638886.012, 133
Trd, 8638886.479, 123
Trd, 8638886.646, 107
Trd, 8638887.112, 100
Trd, 8638887.312, 121
Trd, 8638887.412, 89
Trd, 8638887.646, 82
Trd, 8638888.812, 122
Trd, 8638889.146, 105
Trd, 8638889.446, 100
Trd, 8638889.579, 94
Trd, 8638889.812, 84
Trd, 8638890.512, 102
Trd, 8638891.579, 69
Trd, 8638891.779, 83
Trd, 8638891.846, 106
Trd, 8638892.212, 118
Trd, 8638892.979, 96
Trd, 8638894.546, 135
Trd, 8638894.679, 113
Trd, 8638894.812, 113
Trd, 8638894.879, 105
Trd, 8638896.046, 114
Trd, 8638896.446, 81
Trd, 8638896.512, 98
Trd, 8638896.612, 78
Trd, 8638896.912, 134
Trd, 8638897.079, 76
Trd, 8638898.246, 81
Trd, 8638898.379, 92
Trd, 8638898.712, 113
Trd, 8638899.112, 114
Trd, 8638899.446, 110
Trd, 8638900.112, 130
Trd, 8638900.412, 132
Trd, 8638900.546, 84
Trd, 8638900.679, 96
Trd, 8638901.112, 75
Trd, 8638902.012, 72
Trd, 8638902.146, 140
Trd, 8638902.712, 117
Trd, 8638903.546, 120
Trd, 8638903.979, 86
Trd, 8638904.546, 122
Trd, 8638904.946, 102
Trd, 8638905.312, 111
Trd, 8638905.879, 102
Trd, 8638906.112, 111
Trd, 8638906.546, 104
Trd, 8638906.979, 104
Trd, 8638907.012, 88
Trd, 8638907.946, 61
Trd, 8638908.146, 101
Trd, 8638908.279, 116
Trd, 8638908.612, 67
Trd, 8638908.846, 102
Trd, 8638909.346, 82
Trd, 8638909.646, 105
Trd, 8638909.912, 96
Trd, 8638910.446, 68
Trd, 8638910.879, 96
Trd, 8638911.212, 87
Trd, 8638911.412, 116
Trd, 8638912.279, 95
Trd, 8638912.746, 140
Trd, 8638912.779, 125
Trd, 8638914.379, 116
Trd, 8638914.746, 110
Trd, 8638914.879, 123
Trd, 8638916.146, 116
Trd, 8638916.212, 110
Trd, 8638916.279, 105
Trd, 8638916.379, 89
Trd, 8638916.646, 88
Trd, 8638917.112, 76
Trd, 8638917.279, 80
Trd, 8638918.246, 88
Trd, 8638918.479, 130
Trd, 8638919.579, 117
Trd, 8638919.812, 108
Trd, 8638920.112, 89
Trd, 8638921.279, 136
Trd, 8638921.879, 140
Trd, 8638922.012, 104
Trd, 8638922.412, 125
Trd, 8638922.446, 98
Trd, 8638923.246, 86
Trd, 8638924.112, 137
Trd, 8638924.512, 127
Trd, 8638924.679, 109
Trd, 8638925.146, 104
Trd, 8638926.046, 109
Trd, 8638926.146, 107
Trd, 8638926.179, 103
Trd, 8638926.312, 96
Trd, 8638926.479, 75
Trd, 8638926.979, 75
Trd, 8638927.012, 91
Trd, 8638927.112, 122
Trd, 8638928.012, 121
Trd, 8638929.012, 126
Trd, 8638929.346, 108
Trd, 8638929.812, 115
Trd, 8638930.446, 100
Trd, 8638931.112, 138
Trd, 8638931.246, 124
Trd, 8638931.279, 103
Trd, 8638931.412, 127
Trd, 8638931.479, 118
Trd, 8638931.512, 79
Trd, 8638932.246, 71
Trd, 8638933.312, 112
Trd, 8638933.579, 62
Trd, 8638933.812, 68
Trd, 8638935.046, 106
Trd, 8638935.346, 95
Trd, 8638936.246, 107
Trd, 8638936.379, 121
Trd, 8638937.112, 115
Trd, 8638937.779, 96
Trd, 8638938.479, 95
Trd, 8638938.812, 77
Trd, 8638939.212, 75
Trd, 8638939.579, 105
Trd, 8638939.846, 109
Trd, 8638940.346, 101
Trd, 8638940.679, 109
Trd, 8638941.446, 123
Trd, 8638941.679, 128
Trd, 8638942.346, 137
Trd, 8638943.146, 119
Trd, 8638943.512, 118
Trd, 8638944.112, 115
Trd, 8638944.646, 114
Trd, 8638945.112, 101
Trd, 8638945.546, 99
Trd, 8638946.112, 116
Trd, 8638946.579, 108
Trd, 8638946.812, 117
Trd, 8638947.379, 110
Trd, 8638948.579, 95
Trd, 8638948.646, 94
Trd, 8638949.612, 133
Trd, 8638949.812, 137
Trd, 8638949.846, 119
Trd, 8638949.979, 110
Trd, 8638950.479, 135
Trd, 8638950.612, 127
Trd, 8638951.346, 123
Trd, 8638951.479, 118
Trd, 8638951.612, 113
Trd, 8638952.046, 78
Trd, 8638953.146, 120
Trd, 8638953.912, 103
Trd, 8638954.012, 86
Trd, 8638954.279, 87
Trd, 8638954.779, 63
Trd, 8638955.479, 80
Trd, 8638955.712, 106
Trd, 8638956.679, 78
Trd, 8638956.979, 99
Trd, 8638958.046, 115
Trd, 8638958.479, 107
Trd, 8638959.412, 127
Trd, 8638960.146, 139
Trd, 8638960.212, 135
Trd, 8638960.346, 126
Trd, 8638960.479, 117
Trd, 8638960.846, 139
Trd, 8638961.212, 113
Trd, 8638962.646, 85
Trd, 8638963.312, 106
Trd, 8638963.646, 91
Trd, 8638963.879, 103
Trd, 8638964.079, 78
Trd, 8638964.446, 116
Trd, 8638964.479, 137
Trd, 8638965.079, 84
Trd, 8638965.546, 135
Trd, 8638966.246, 109
Trd, 8638966.712, 121
Trd, 8638966.946, 101
Trd, 8638967.379, 91
Trd, 8638967.979, 118
Trd, 8638968.346, 86
Trd, 8638969.646, 88
Trd, 8638969.746, 106
Trd, 8638970.079, 106
Trd, 8638970.646, 94
Trd, 8638971.679, 136
Trd, 8638971.712, 112
Trd, 8638972.379, 112
Trd, 8638972.712, 98
Trd, 8638973.246, 118
Trd, 8638973.479, 96
Trd, 8638974.012, 94
Trd, 8638974.512, 81
Trd, 8638974.579, 121
Trd, 8638975.646, 104
Trd, 8638975.846, 116
Trd, 8638976.646, 122
Trd, 8638977.479, 121
Trd, 8638977.546, 116
Trd, 8638978.046, 110
Trd, 8638978.512, 108
Trd, 8638978.546, 101
Trd, 8638978.579, 100
Trd, 8638978.612, 126
Trd, 8638979.446, 102
Trd, 8638980.112, 95
Trd, 8638980.212, 118
Trd, 8638981.346, 111
Trd, 8638982.512, 130
Trd, 8638982.546, 117
Trd, 8638983.012, 66
Trd, 8638983.479, 86
Trd, 8638983.679, 78
Trd, 8638983.912, 104
Trd, 8638984.812, 135
Trd, 8638985.079, 115
Trd, 8638985.312, 101
Trd, 8638985.912, 134
Trd, 8638986.079, 101
Trd, 8638986.779, 138
Trd, 8638986.912, 100
Trd, 8638987.746, 92
Trd, 8638987.812, 90
Trd, 8638988.446, 77
Trd, 8638989.112, 72
Trd, 8638989.212, 81
Trd, 8638989.979, 94
Trd, 8638990.712, 105
Trd, 8638991.112, 115
Trd, 8638991.579, 91
Trd, 8638992.046, 107
Trd, 8638992.446, 128
Trd, 8638992.979, 102
Trd, 8638993.179, 94
Trd, 8638993.712, 119
Trd, 8638993.946, 111
Trd, 8638994.712, 98
Trd, 8638994.846, 124
Trd, 8638994.979, 126
Trd, 8638995.179, 134
Trd, 8638995.546, 111
Trd, 8638996.112, 110
Trd, 8638996.846, 125
Trd, 8638996.946, 106
Trd, 8638997.279, 104
Trd, 8638997.879, 98
Trd, 8638997.946, 95
Trd, 8638998.646, 123
Trd, 8638999.312, 136
Trd, 8639000.012, 93
Trd, 8639000.212, 108
Trd, 8639000.812, 125
Trd, 8639000.979, 114
Trd, 8639001.412, 120
Trd, 8639003.046, 98
Trd, 8639003.412, 103
Trd, 8639003.546, 94
Trd, 8639003.712, 107
Trd, 8639004.012, 67
Trd, 8639004.246, 76
Trd, 8639004.479, 66
Trd, 8639005.212, 70
Trd, 8639005.346, 76
Trd, 8639005.479, 78
Trd, 8639005.979, 76
Trd, 8639006.012, 86
Trd, 8639006.812, 83
Trd, 8639007.479, 111
Trd, 8639008.112, 110
Trd, 8639008.812, 91
Trd, 8639009.046, 105
Trd, 8639009.846, 122
Trd, 8639010.979, 119
Trd, 8639011.146, 114
Trd, 8639012.546, 126
Trd, 8639013.212, 126
Trd, 8639013.246, 114
Trd, 8639013.979, 129
Trd, 8639014.379, 118
Trd, 8639015.412, 115
Trd, 8639015.446, 129
Trd, 8639015.679, 127
Trd, 8639016.046, 127
Trd, 8639016.479, 116
Trd, 8639018.246, 123
Trd, 8639018.446, 123
Trd, 8639018.579, 110
Trd, 8639018.912, 103
Trd, 8639019.212, 117
Trd, 8639020.446, 137
Trd, 8639020.512, 121
Trd, 8639020.546, 103
Trd, 8639021.079, 97
Trd, 8639022.779, 98
Trd, 8639023.479, 133
Trd, 8639023.546, 92
Trd, 8639023.612, 90
Trd, 8639024.046, 81
Trd, 8639024.279, 80
Trd, 8639024.446, 114
Trd, 8639025.379, 101
Trd, 8639025.412, 99
Trd, 8639025.479, 94
Trd, 8639026.112, 119
Trd, 8639026.212, 85
Trd, 8639026.246, 84
Trd, 8639026.279, 64
Trd, 8639026.812, 109
Trd, 8639027.379, 78
Trd, 8639028.012, 90
Trd, 8639028.379, 68
Trd, 8639029.079, 89
Trd, 8639029.379, 123
Trd, 8639029.879, 101
Trd, 8639030.546, 104
Trd, 8639031.012, 102
Trd, 8639031.412, 101
Trd, 8639031.546, 84
Trd, 8639032.546, 102
Trd, 8639032.979, 93
Trd, 8639033.246, 85
Trd, 8639033.846, 84
Trd, 8639033.912, 76
Trd, 8639034.379, 95
Trd, 8639034.646, 69
Trd, 8639035.146, 134
Trd, 8639035.212, 115
Trd, 8639035.646, 98
Trd, 8639035.979, 104
Trd, 8639036.112, 84
Trd, 8639036.779, 112
Trd, 8639037.179, 133
Trd, 8639037.279, 105
Trd, 8639038.312, 95
Trd, 8639039.312, 88
Trd, 8639039.779, 114
Trd, 8639040.146, 98
Trd, 8639040.412, 111
Trd, 8639041.046, 135
Trd, 8639041.446, 97
Trd, 8639041.746, 83
Trd, 8639041.779, 126
Trd, 8639042.479, 101
Trd, 8639042.546, 91
Trd, 8639042.946, 129
Trd, 8639042.979, 91
Trd, 8639043.646, 82
Trd, 8639043.846, 70
Trd, 8639044.512, 123
Trd, 8639045.479, 122
Trd, 8639046.179, 110
Trd, 8639046.612, 91
Trd, 8639047.012, 105
Trd, 8639047.279, 138
Trd, 8639048.012, 121
Trd, 8639048.112, 106
Trd, 8639048.712, 105
Trd, 8639049.179, 103
Trd, 8639049.679, 112
Trd, 8639050.112, 92
Trd, 8639050.512, 91
Trd, 8639050.646, 100
Trd, 8639051.479, 110
Trd, 8639051.612, 84
Trd, 8639051.679, 84
Trd, 8639052.046, 111
Trd, 8639052.346, 103
Trd, 8639052.446, 114
Trd, 8639052.679, 68
Trd, 8639053.812, 85
Trd, 8639053.879, 124
Trd, 8639054.512, 77
Trd, 8639055.412, 68
Trd, 8639056.479, 92
Trd, 8639056.646, 99
Trd, 8639056.979, 72
Trd, 8639057.179, 105
Trd, 8639057.212, 70
Trd, 8639058.212, 87
Trd, 8639059.346, 111
Trd, 8639059.746, 123
Trd, 8639060.746, 123
Trd, 8639060.846, 120
Trd, 8639061.612, 110
Trd, 8639061.646, 99
Trd, 8639062.012, 119
Trd, 8639062.346, 129
Trd, 8639063.046, 131
Trd, 8639063.179, 136
Trd, 8639063.679, 78
Trd, 8639064.279, 82
Trd, 8639065.046, 67
Trd, 8639065.112, 88
Trd, 8639065.146, 98
Trd, 8639065.446, 99
Trd, 8639066.079, 119
Trd, 8639066.112, 86
Trd, 8639067.079, 130
Trd, 8639067.646, 135
Trd, 8639068.046, 111
Trd, 8639068.079, 100
Trd, 8639069.112, 108
Trd, 8639069.146, 102
Trd, 8639069.746, 104
Trd, 8639070.446, 140
Trd, 8639071.112, 103
Trd, 8639071.712, 106
Trd, 8639071.846, 91
Trd, 8639072.279, 94
Trd, 8639072.612, 96
Trd, 8639073.279, 107
Trd, 8639073.412, 95
Trd, 8639073.779, 115
Trd, 8639074.446, 112
Trd, 8639074.679, 109
Trd, 8639075.046, 105
Trd, 8639075.446, 100
Trd, 8639076.212, 119
Trd, 8639077.246, 140
Trd, 8639077.879, 119
Trd, 8639078.146, 108
Trd, 8639078.179, 109
Trd, 8639078.246, 86
Trd, 8639078.846, 116
Trd, 8639078.879, 79
Trd, 8639080.012, 92
Trd, 8639080.079, 91
Trd, 8639080.512, 101
Trd, 8639081.379, 120
Trd, 8639081.579, 100
Trd, 8639081.846, 88
Trd, 8639082.946, 99
Trd, 8639083.079, 89
Trd, 8639083.346, 89
Trd, 8639083.679, 107
Trd, 8639084.179, 61
Trd, 8639084.412, 70
Trd, 8639084.646, 120
Trd, 8639084.846, 62
Trd, 8639086.079, 81
Trd, 8639086.546, 140
Trd, 8639086.579, 119
Trd, 8639086.846, 116
Trd, 8639087.246, 108
Trd, 8639087.379, 118
Trd, 8639088.079, 119
Trd, 8639088.146, 95
Trd, 8639088.246, 89
Trd, 8639088.379, 114
Trd, 8639088.446, 87
Trd, 8639088.646, 123
Trd, 8639089.046, 70
Trd, 8639089.746, 110
Trd, 8639089.912, 88
Trd, 8639090.512, 120
Trd, 8639090.979, 136
Trd, 8639091.112, 119
Trd, 8639091.446, 127
Trd, 8639091.712, 60
Trd, 8639092.479, 84
Trd, 8639092.679, 88
Trd, 8639093.646, 84
Trd, 8639094.146, 60
Trd, 8639094.512, 94
Trd, 8639094.746, 78
Trd, 8639095.079, 86
Trd, 8639096.812, 109
Trd, 8639096.946, 88
Trd, 8639097.212, 68
Trd, 8639097.246, 80
Trd, 8639097.379, 60
Trd, 8639098.779, 74
Trd, 8639099.046, 113
Trd, 8639099.212, 92
Trd, 8639099.246, 104
Trd, 8639099.646, 113
Trd, 8639099.679, 83
Trd, 8639100.312, 86
Trd, 8639101.646, 114
Trd, 8639101.712, 97
Trd, 8639101.879, 95
Trd, 8639102.412, 76
Trd, 8639103.679, 134
Trd, 8639104.112, 102
Trd, 8639104.546, 94
Trd, 8639104.912, 133
Trd, 8639105.546, 87
Trd, 8639105.746, 95
Trd, 8639105.912, 81
Trd, 8639106.146, 73
Trd, 8639106.779, 139
Trd, 8639106.812, 101
Trd, 8639107.112, 73
Trd, 8639108.112, 96
Trd, 8639108.979, 80
Trd, 8639109.179, 91
Trd, 8639110.112, 70
Trd, 8639110.446, 78
Trd, 8639110.912, 93
Trd, 8639111.712, 74
Trd, 8639111.746, 83
Trd, 8639112.212, 108
Trd, 8639112.912, 134
Trd, 8639113.012, 115
Trd, 8639114.146, 140
Trd, 8639114.412, 132
Trd, 8639115.012, 110
Trd, 8639115.412, 92
Trd, 8639115.612, 88
Trd, 8639115.812, 93
Trd, 8639116.012, 100
Trd, 8639116.212, 86
Trd, 8639117.246, 105
Trd, 8639117.479, 131
Trd, 8639117.612, 90
Trd, 8639117.679, 99
Trd, 8639118.579, 128
Trd, 8639119.112, 111
Trd, 8639119.879, 99
Trd, 8639120.479, 76
Trd, 8639120.746, 75
Trd, 8639121.379, 124
Trd, 8639121.546, 115
Trd, 8639121.679, 92
Trd, 8639121.712, 80
Trd, 8639122.446, 117
Trd, 8639123.679, 138
Trd, 8639124.346, 128
Trd, 8639124.479, 119
Trd, 8639124.779, 116
Trd, 8639125.612, 105
Trd, 8639125.912, 97
Trd, 8639126.479, 101
Trd, 8639126.679, 101
Trd, 8639127.212, 98
Trd, 8639127.412, 90
Trd, 8639128.012, 138
Trd, 8639128.179, 109
Trd, 8639128.246, 100
Trd, 8639128.546, 87
Trd, 8639128.879, 68
Trd, 8639129.946, 136
Trd, 8639130.279, 125
Trd, 8639130.612, 112
Trd, 8639131.079, 70
Trd, 8639131.112, 62
Trd, 8639131.846, 100
Trd, 8639132.412, 73
Trd, 8639133.446, 96
Trd, 8639133.979, 81
Trd, 8639134.912, 125
Trd, 8639136.046, 105
Trd, 8639136.146, 97
Trd, 8639136.946, 93
Trd, 8639136.979, 89
Trd, 8639137.112, 88
Trd, 8639137.646, 121
Trd, 8639137.679, 93
Trd, 8639138.779, 128
Trd, 8639138.846, 83
Trd, 8639139.346, 73
Trd, 8639139.779, 115
Trd, 8639139.812, 98
Trd, 8639140.079, 90
Trd, 8639140.879, 71
Trd, 8639140.946, 115
Trd, 8639142.179, 88
Trd, 8639142.279, 63
Trd, 8639143.179, 122
Trd, 8639143.946, 119
Trd, 8639144.546, 121
Trd, 8639145.046, 109
Trd, 8639145.479, 119
Trd, 8639145.679, 134
Trd, 8639145.712, 108
Trd, 8639146.046, 102
Trd, 8639146.246, 90
Trd, 8639146.746, 100
Trd, 8639146.912, 86
Trd, 8639147.179, 78
Trd, 8639147.246, 87
Trd, 8639147.279, 78
Trd, 8639148.979, 99
Trd, 8639149.712, 135
Trd, 8639150.146, 109
Trd, 8639150.546, 95
Trd, 8639150.679, 90
Trd, 8639151.212, 76
Trd, 8639151.246, 105
Trd, 8639151.446, 108
Trd, 8639151.946, 76
Trd, 8639153.312, 133
Trd, 8639154.279, 89
Trd, 8639154.512, 124
Trd, 8639154.746, 125
Trd, 8639154.979, 134
Trd, 8639155.212, 82
Trd, 8639155.812, 109
Trd, 8639156.112, 102
Trd, 8639156.146, 99
Trd, 8639156.446, 99
Trd, 8639156.746, 79
Trd, 8639157.246, 75
Trd, 8639157.312, 81
Trd, 8639157.812, 109
Trd, 8639158.146, 65
Trd, 8639158.212, 66
Trd, 8639159.079, 123
Trd, 8639159.346, 118
Trd, 8639159.679, 111
Trd, 8639160.679, 121
Trd, 8639161.012, 105
Trd, 8639161.079, 91
Trd, 8639161.146, 80
Trd, 8639162.046, 134
Trd, 8639163.212, 80
Trd, 8639163.946, 89
Trd, 8639163.979, 125
Trd, 8639164.079, 132
Trd, 8639164.579, 107
Trd, 8639165.179, 108
Trd, 8639165.412, 87
Trd, 8639166.779, 125
Trd, 8639167.112, 139
Trd, 8639167.679, 105
Trd, 8639168.279, 108
Trd, 8639168.946, 105
Trd, 8639169.079, 93
Trd, 8639169.346, 92
Trd, 8639169.546, 88
Trd, 8639169.612, 106
Trd, 8639170.179, 113
Trd, 8639170.546, 97
Trd, 8639171.079, 120
Trd, 8639171.446, 123
Trd, 8639171.612, 106
Trd, 8639171.679, 105
Trd, 8639171.779, 93
Trd, 8639172.646, 70
Trd, 8639173.279, 105
Trd, 8639174.012, 92
Trd, 8639174.179, 84
Trd, 8639174.579, 131
Trd, 8639175.046, 79
Trd, 8639176.112, 95
Trd, 8639176.912, 87
Trd, 8639177.612, 125
Trd, 8639177.979, 122
Trd, 8639178.579, 130
Trd, 8639178.612, 118
Trd, 8639179.312, 102
Trd, 8639179.346, 82
Trd, 8639180.012, 109
Trd, 8639180.212, 88
Trd, 8639181.146, 100
Trd, 8639181.446, 133
Trd, 8639181.546, 91
Trd, 8639181.746, 110
Trd, 8639183.712, 112
Trd, 8639183.912, 106
Trd, 8639184.346, 96
Trd, 8639185.012, 128
Trd, 8639185.046, 103
Trd, 8639185.479, 98
Trd, 8639185.612, 94
Trd, 8639186.046, 140
Trd, 8639186.712, 85
Trd, 8639186.946, 63
Trd, 8639187.446, 96
Trd, 8639187.712, 110
Trd, 8639188.179, 120
Trd, 8639188.579, 88
Trd, 8639188.779, 83
Trd, 8639189.212, 75
Trd, 8639189.512, 109
Trd, 8639190.479, 110
Trd, 8639190.712, 74
Trd, 8639190.912, 98
Trd, 8639191.046, 114
Trd, 8639191.512, 126
Trd, 8639192.012, 139
Trd, 8639192.079, 113
Trd, 8639192.946, 95
Trd, 8639194.379, 103
Trd, 8639195.012, 109
Trd, 8639195.379, 108
Trd, 8639195.712, 106
Trd, 8639196.212, 139
Trd, 8639196.779, 129
Trd, 8639197.679, 140
Trd, 8639198.679, 140
Trd, 8639199.079, 135
Trd, 8639199.379, 125
Trd, 8639199.512, 105
Trd, 8639199.579, 104
Trd, 8639199.746, 101
Trd, 8639200.646, 134
Trd, 8639201.179, 107
Trd, 8639201.579, 89
Trd, 8639202.746, 136
Trd, 8639202.779, 124
Trd, 8639203.012, 90
Trd, 8639203.179, 93
Trd, 8639203.246, 89
Trd, 8639203.346, 127
Trd, 8639204.179, 134
Trd, 8639204.246, 102
Trd, 8639204.612, 134
Trd, 8639204.712, 131
Trd, 8639205.479, 124
Trd, 8639205.912, 116
Trd, 8639206.079, 100
Trd, 8639207.246, 135
Trd, 8639207.346, 81
Trd, 8639207.879, 75
Trd, 8639208.112, 77
Trd, 8639209.146, 104
Trd, 8639209.979, 67
Trd, 8639210.279, 86
Trd, 8639210.446, 82
Trd, 8639210.679, 97
Trd, 8639210.812, 116
Trd, 8639211.246, 81
Trd, 8639211.679, 99
Trd, 8639211.879, 114
Trd, 8639212.679, 132
Trd, 8639213.379, 122
Trd, 8639214.379, 120
Trd, 8639214.412, 86
Trd, 8639214.579, 78
Trd, 8639215.779, 68
Trd, 8639215.912, 66
Trd, 8639216.046, 85
Trd, 8639216.479, 119
Trd, 8639216.646, 124
Trd, 8639217.212, 73
Trd, 8639217.946, 74
Trd, 8639218.079, 76
Trd, 8639218.346, 77
Trd, 8639219.046, 71
Trd, 8639219.979, 113
Trd, 8639220.346, 134
Trd, 8639220.912, 133
Trd, 8639221.146, 121
Trd, 8639221.179, 90
Trd, 8639221.579, 72
Trd, 8639221.912, 106
Trd, 8639222.679, 79
Trd, 8639223.112, 78
Trd, 8639223.746, 75
Trd, 8639223.879, 109
Trd, 8639224.079, 88
Trd, 8639224.379, 83
Trd, 8639225.046, 86
Trd, 8639225.346, 114
Trd, 8639225.912, 78
Trd, 8639226.179, 79
Trd, 8639226.479, 75
Trd, 8639227.479, 94
Trd, 8639227.579, 68
Trd, 8639227.912, 124
Trd, 8639228.212, 137
Trd, 8639228.746, 112
Trd, 8639229.212, 121
Trd, 8639229.512, 103
Trd, 8639230.446, 98
Trd, 8639230.712, 116
Trd, 8639231.412, 137
Trd, 8639231.712, 116
Trd, 8639232.179, 102
Trd, 8639232.546, 85
Trd, 8639232.746, 137
Trd, 8639234.879, 112
Trd, 8639235.112, 106
Trd, 8639235.146, 102
Trd, 8639235.546, 106
Trd, 8639235.812, 124
Trd, 8639235.979, 110
Trd, 8639236.246, 101
Trd, 8639236.912, 108
Trd, 8639238.212, 140
Trd, 8639238.546, 111
Trd, 8639238.746, 101
Trd, 8639239.312, 136
Trd, 8639239.446, 126
Trd, 8639240.046, 130
Trd, 8639240.312, 120
Trd, 8639241.146, 116
Trd, 8639242.146, 121
Trd, 8639242.346, 114
Trd, 8639242.712, 101
Trd, 8639243.446, 111
Trd, 8639243.579, 111
Trd, 8639243.779, 120
Trd, 8639243.846, 137
Trd, 8639244.212, 82
Trd, 8639245.212, 103
Trd, 8639245.312, 92
Trd, 8639246.046, 116
Trd, 8639246.679, 93
Trd, 8639247.112, 99
Trd, 8639247.846, 107
Trd, 8639247.946, 99
Trd, 8639248.179, 122
Trd, 8639248.512, 120
Trd, 8639248.579, 103
Trd, 8639248.912, 98
Trd, 8639249.579, 72
Trd, 8639249.646, 86
Trd, 8639250.179, 93
Trd, 8639250.312, 83
Trd, 8639250.812, 69
Trd, 8639251.212, 64
Trd, 8639251.879, 107
Trd, 8639252.679, 74
Trd, 8639253.046, 93
Trd, 8639253.579, 98
Trd, 8639253.646, 115
Trd, 8639253.979, 140
Trd, 8639254.679, 87
Trd, 8639255.312, 89
Trd, 8639255.412, 82
Trd, 8639255.812, 81
Trd, 8639255.879, 77
Trd, 8639256.879, 62
Trd, 8639257.946, 135
Trd, 8639257.979, 93
Trd, 8639258.446, 68
Trd, 8639259.312, 137
Trd, 8639259.446, 121
Trd, 8639259.512, 125
Trd, 8639259.546, 85
Trd, 8639260.379, 133
Trd, 8639260.479, 105
Trd, 8639260.546, 103
Trd, 8639260.679, 109
Trd, 8639261.012, 127
Trd, 8639261.379, 63
Trd, 8639261.946, 67
Trd, 8639262.979, 102
Trd, 8639263.146, 109
Trd, 8639264.312, 66
Trd, 8639264.446, 65
Trd, 8639264.779, 90
Trd, 8639265.112, 88
Trd, 8639265.279, 91
Trd, 8639265.712, 63
Trd, 8639266.479, 114
Trd, 8639266.512, 122
Trd, 8639267.546, 126
Trd, 8639267.979, 94
Trd, 8639268.512, 122
Trd, 8639268.646, 80
Trd, 8639268.679, 80
Trd, 8639268.712, 85
Trd, 8639269.046, 127
Trd, 8639270.079, 108
Trd, 8639270.179, 103
Trd, 8639270.212, 90
Trd, 8639270.446, 125
Trd, 8639270.512, 72
Trd, 8639272.179, 81
Trd, 8639272.379, 130
Trd, 8639273.546, 79
Trd, 8639274.212, 140
Trd, 8639274.612, 124
Trd, 8639275.012, 124
Trd, 8639275.179, 100
Trd, 8639275.446, 139
Trd, 8639275.512, 83
Trd, 8639276.079, 137
Trd, 8639276.346, 107
Trd, 8639276.979, 97
Trd, 8639277.312, 90
Trd, 8639277.346, 90
Trd, 8639277.646, 87
Trd, 8639277.912, 93
Trd, 8639278.512, 117
Trd, 8639278.779, 79
Trd, 8639278.912, 72
Trd, 8639279.612, 75
Trd, 8639279.779, 77
Trd, 8639280.146, 101
Trd, 8639280.479, 133
Trd, 8639280.879, 70
Trd, 8639281.179, 80
Trd, 8639281.379, 69
Trd, 8639282.079, 129
Trd, 8639282.212, 97
Trd, 8639282.979, 95
Trd, 8639283.446, 105
Trd, 8639283.912, 102
Trd, 8639284.146, 101
Trd, 8639284.912, 96
Trd, 8639285.579, 88
Trd, 8639286.312, 75
Trd, 8639286.346, 94
Trd, 8639286.746, 91
Trd, 8639287.546, 71
Trd, 8639287.912, 65
Trd, 8639288.146, 79
Trd, 8639288.412, 84
Trd, 8639289.246, 63
Trd, 8639289.879, 65
Trd, 8639289.912, 68
Trd, 8639290.279, 131
Trd, 8639290.979, 77
Trd, 8639291.679, 65
Trd, 8639292.212, 85
Trd, 8639292.279, 81
Trd, 8639292.979, 73
Trd, 8639293.046, 92
Trd, 8639293.679, 97
Trd, 8639294.812, 105
Trd, 8639294.912, 89
Trd, 8639296.212, 130
Trd, 8639296.346, 85
Trd, 8639296.979, 103
Trd, 8639297.379, 134
Trd, 8639297.412, 123
Trd, 8639297.579, 105
Trd, 8639299.146, 130
Trd, 8639299.246, 114
Trd, 8639299.646, 101
Trd, 8639299.912, 115
Trd, 8639300.179, 133
Trd, 8639300.379, 136
Trd, 8639301.112, 117
Trd, 8639301.412, 105
Trd, 8639301.512, 114
Trd, 8639301.679, 96
Trd, 8639301.912, 101
Trd, 8639302.346, 101
Trd, 8639302.846, 93
Trd, 8639303.146, 101
Trd, 8639303.412, 75
Trd, 8639303.846, 97
Trd, 8639304.246, 94
Trd, 8639305.012, 137
Trd, 8639306.312, 128
Trd, 8639306.346, 126
Trd, 8639307.012, 121
Trd, 8639307.146, 94
Trd, 8639307.179, 75
Trd, 8639307.946, 118
Trd, 8639308.312, 97
Trd, 8639308.912, 88
Trd, 8639309.179, 89
Trd, 8639309.412, 130
Trd, 8639310.312, 111
Trd, 8639311.179, 125
Trd, 8639311.312, 125
Trd, 8639311.346, 79
Trd, 8639312.079, 107
Trd, 8639313.279, 135
Trd, 8639313.779, 140
Trd, 8639314.679, 118
Trd, 8639314.746, 108
Trd, 8639315.146, 105
Trd, 8639315.212, 97
Trd, 8639315.512, 129
Trd, 8639315.912, 115
Trd, 8639316.746, 125
Trd, 8639317.046, 118
Trd, 8639317.379, 106
Trd, 8639317.512, 68
Trd, 8639319.579, 140
Trd, 8639320.046, 129
Trd, 8639320.079, 129
Trd, 8639320.212, 106
Trd, 8639320.346, 139
Trd, 8639320.579, 105
Trd, 8639321.412, 123
Trd, 8639321.446, 82
Trd, 8639321.746, 124
Trd, 8639322.746, 100
Trd, 8639322.879, 74
Trd, 8639323.246, 77
Trd, 8639323.812, 72
Trd, 8639324.079, 82
Trd, 8639324.312, 104
Trd, 8639324.712, 126
Trd, 8639325.146, 82
Trd, 8639325.779, 86
Trd, 8639325.812, 69
Trd, 8639327.046, 115
Trd, 8639327.946, 92
Trd, 8639328.279, 68
Trd, 8639328.312, 91
Trd, 8639329.446, 133
Trd, 8639329.779, 136
Trd, 8639330.579, 118
Trd, 8639330.712, 105
Trd, 8639330.979, 88
Trd, 8639331.546, 76
Trd, 8639332.046, 93
Trd, 8639332.446, 80
Trd, 8639332.512, 72
Trd, 8639332.546, 87
Trd, 8639332.879, 67
Trd, 8639333.179, 118
Trd, 8639334.046, 63
Trd, 8639334.679, 136
Trd, 8639334.879, 123
Trd, 8639335.879, 91
Trd, 8639336.346, 90
Trd, 8639336.779, 89
Trd, 8639337.279, 85
Trd, 8639338.079, 81
Trd, 8639338.946, 132
Trd, 8639339.479, 135
Trd, 8639340.079, 120
Trd, 8639340.112, 112
Trd, 8639340.379, 108
Trd, 8639340.579, 102
Trd, 8639340.946, 85
Trd, 8639341.412, 130
Trd, 8639341.512, 80
Trd, 8639343.012, 102
Trd, 8639343.412, 129
Trd, 8639343.512, 121
Trd, 8639344.112, 130
Trd, 8639344.312, 124
Trd, 8639344.379, 121
Trd, 8639344.779, 121
Trd, 8639344.946, 89
Trd, 8639345.912, 83
Trd, 8639346.246, 102
Trd, 8639346.412, 104
Trd, 8639346.812, 139
Trd, 8639346.912, 123
Trd, 8639346.946, 82
Trd, 8639347.446, 88
Trd, 8639347.712, 70
Trd, 8639347.779, 104
Trd, 8639348.579, 120
Trd, 8639348.612, 118
Trd, 8639349.412, 132
Trd, 8639349.512, 105
Trd, 8639350.079, 84
Trd, 8639351.446, 136
Trd, 8639351.546, 132
Trd, 8639351.879, 123
Trd, 8639352.512, 132
Trd, 8639352.612, 137
Trd, 8639352.946, 86
Trd, 8639353.179, 85
Trd, 8639353.479, 104
Trd, 8639355.246, 85
Trd, 8639355.479, 87
Trd, 8639355.812, 74
Trd, 8639356.146, 113
Trd, 8639356.779, 64
Trd, 8639357.479, 105
Trd, 8639357.812, 119
Trd, 8639358.179, 103
Trd, 8639358.446, 96
Trd, 8639358.612, 114
Trd, 8639358.646, 94
Trd, 8639359.246, 134
Trd, 8639359.412, 92
Trd, 8639359.612, 68
Trd, 8639359.912, 120
Trd, 8639360.212, 119
Trd, 8639361.112, 103
Trd, 8639362.079, 61
Trd, 8639362.612, 109
Trd, 8639363.046, 118
Trd, 8639363.079, 104
Trd, 8639363.246, 96
Trd, 8639364.112, 95
Trd, 8639364.146, 77
Trd, 8639364.479, 127
Trd, 8639365.646, 109
Trd, 8639365.979, 121
Trd, 8639366.146, 97
Trd, 8639366.646, 110
Trd, 8639367.646, 99
Trd, 8639368.112, 131
Trd, 8639368.379, 107
Trd, 8639369.112, 138
Trd, 8639369.146, 128
Trd, 8639369.179, 103
Trd, 8639369.579, 84
Trd, 8639370.279, 118
Trd, 8639370.312, 112
Trd, 8639370.646, 80
Trd, 8639370.712, 139
Trd, 8639371.212, 123
Trd, 8639371.879, 118
Trd, 8639372.112, 111
Trd, 8639372.612, 107
Trd, 8639373.312, 124
Trd, 8639373.679, 116
Trd, 8639373.912, 128
Trd, 8639373.979, 114
Trd, 8639374.446, 87
Trd, 8639374.946, 139
Trd, 8639375.746, 118
Trd, 8639377.212, 82
Trd, 8639378.412, 118
Trd, 8639378.746, 125
Trd, 8639378.846, 105
Trd, 8639379.179, 122
Trd, 8639379.279, 126
Trd, 8639379.379, 75
Trd, 8639379.612, 109
Trd, 8639380.646, 126
Trd, 8639381.312, 128
Trd, 8639381.579, 124
Trd, 8639381.779, 138
Trd, 8639381.812, 117
Trd, 8639382.646, 113
Trd, 8639382.679, 102
Trd, 8639382.946, 87
Trd, 8639383.346, 125
Trd, 8639384.046, 138
Trd, 8639384.512, 133
Trd, 8639385.012, 123
Trd, 8639385.579, 86
Trd, 8639386.012, 76
Trd, 8639386.412, 99
Trd, 8639386.446, 84
Trd, 8639387.412, 111
Trd, 8639387.712, 102
Trd, 8639388.279, 139
Trd, 8639388.412, 128
Trd, 8639389.846, 133
Trd, 8639390.179, 124
Trd, 8639390.279, 112
Trd, 8639391.179, 138
Trd, 8639391.279, 117
Trd, 8639391.446, 93
Trd, 8639391.546, 86
Trd, 8639392.546, 123
Trd, 8639393.346, 70
Trd, 8639393.946, 65
Trd, 8639395.079, 82
Trd, 8639395.512, 64
Trd, 8639395.712, 87
Trd, 8639396.279, 93
Trd, 8639396.746, 86
Trd, 8639396.912, 104
Trd, 8639397.412, 96
Trd, 8639397.979, 107
Trd, 8639398.212, 102
Trd, 8639398.412, 97
Trd, 8639398.479, 87
Trd, 8639400.112, 65
Trd, 8639400.379, 67
Trd, 8639400.679, 85
Trd, 8639400.812, 62
Trd, 8639400.979, 91
Trd, 8639401.012, 95
Trd, 8639401.079, 108
Trd, 8639402.379, 135
Trd, 8639402.546, 125
Trd, 8639403.312, 115
Trd, 8639403.512, 113
Trd, 8639403.812, 111
Trd, 8639405.279, 136
Trd, 8639405.312, 113
Trd, 8639405.379, 113
Trd, 8639405.812, 131
Trd, 8639406.446, 120
Trd, 8639406.679, 119
Trd, 8639406.879, 115
Trd, 8639407.346, 109
Trd, 8639407.812, 126
Trd, 8639407.912, 119
Trd, 8639408.346, 98
Trd, 8639408.379, 84
Trd, 8639408.612, 86
Trd, 8639409.112, 113
Trd, 8639409.546, 76
Trd, 8639410.246, 93
Trd, 8639410.679, 86
Trd, 8639410.979, 120
Trd, 8639411.179, 121
Trd, 8639411.412, 73
Trd, 8639411.979, 85
Trd, 8639412.679, 127
Trd, 8639413.012, 118
Trd, 8639413.046, 106
Trd, 8639414.512, 140
Trd, 8639415.546, 118
Trd, 8639415.879, 134
Trd, 8639416.479, 137
Trd, 8639417.012, 123
Trd, 8639417.979, 106
Trd, 8639418.012, 101
Trd, 8639418.312, 109
Trd, 8639418.612, 120
Trd, 8639418.679, 105
Trd, 8639419.446, 133
Trd, 8639420.112, 121
Trd, 8639420.346, 126
Trd, 8639420.712, 115
Trd, 8639420.846, 100
Trd, 8639422.246, 87
Trd, 8639422.579, 139
Trd, 8639422.679, 137
Trd, 8639422.879, 105
Trd, 8639423.712, 111
Trd, 8639424.312, 63
Trd, 8639425.812, 69
Trd, 8639425.846, 71
Trd, 8639426.246, 87
Trd, 8639426.779, 73
Trd, 8639426.912, 95
Trd, 8639427.079, 88
Trd, 8639427.246, 76
Trd, 8639427.312, 135
Trd, 8639428.212, 89
Trd, 8639429.146, 60
Trd, 8639429.212, 79
Trd, 8639429.512, 65
Trd, 8639429.879, 70
Trd, 8639430.079, 93
Trd, 8639431.079, 82
Trd, 8639431.546, 98
Trd, 8639431.846, 78
Trd, 8639432.046, 70
Trd, 8639432.912, 80
Trd, 8639433.612, 109
Trd, 8639433.679, 104
Trd, 8639434.412, 96
Trd, 8639434.512, 118
Trd, 8639434.746, 95
Trd, 8639435.346, 92
Trd, 8639436.112, 103
Trd, 8639437.212, 136
Trd, 8639437.512, 127
Trd, 8639437.579, 113
Trd, 8639438.779, 126
Trd, 8639439.012, 125
Trd, 8639439.146, 113
Trd, 8639439.212, 110
Trd, 8639439.779, 105
Trd, 8639440.012, 124
Trd, 8639440.212, 126
Trd, 8639440.646, 103
Trd, 8639441.346, 139
Trd, 8639441.579, 117
Trd, 8639442.179, 95
Trd, 8639442.546, 90
Trd, 8639443.346, 137
Trd, 8639443.379, 81
Trd, 8639443.646, 89
Trd, 8639443.712, 81
Trd, 8639445.812, 104
Trd, 8639447.046, 107
Trd, 8639447.146, 104
Trd, 8639447.446, 134
Trd, 8639447.579, 131
Trd, 8639448.412, 125
Trd, 8639448.646, 107
Trd, 8639449.446, 122
Trd, 8639449.746, 99
Trd, 8639449.846, 97
Trd, 8639450.779, 103
Trd, 8639450.912, 102
Trd, 8639451.046, 133
Trd, 8639451.846, 140
Trd, 8639452.379, 126
Trd, 8639452.746, 107
Trd, 8639453.046, 104
Trd, 8639453.812, 125
Trd, 8639454.079, 127
Trd, 8639454.312, 115
Trd, 8639455.146, 92
Trd, 8639455.946, 91
Trd, 8639455.979, 80
Trd, 8639456.179, 106
Trd, 8639456.579, 113
Trd, 8639456.779, 88
Trd, 8639457.579, 78
Trd, 8639458.012, 89
Trd, 8639458.046, 100
Trd, 8639458.112, 89
Trd, 8639459.812, 112
Trd, 8639460.179, 88
Trd, 8639460.212, 68
Trd, 8639460.746, 64
Trd, 8639461.012, 113
Trd, 8639461.746, 66
Trd, 8639462.312, 115
Trd, 8639462.646, 121
Trd, 8639463.212, 114
Trd, 8639463.246, 105
Trd, 8639463.412, 118
Trd, 8639463.712, 89
Trd, 8639464.746, 100
Trd, 8639465.879, 104
Trd, 8639467.446, 108
Trd, 8639467.579, 101
Trd, 8639468.079, 118
Trd, 8639468.812, 102
Trd, 8639469.012, 87
Trd, 8639469.279, 99
Trd, 8639469.346, 118
Trd, 8639470.246, 134
Trd, 8639470.579, 136
Trd, 8639470.846, 112
Trd, 8639471.646, 132
Trd, 8639472.012, 136
Trd, 8639472.146, 118
Trd, 8639472.346, 100
Trd, 8639472.779, 99
Trd, 8639472.812, 89
Trd, 8639472.979, 86
Trd, 8639473.612, 98
Trd, 8639474.679, 124
Trd, 8639474.846, 124
Trd, 8639475.512, 81
Trd, 8639476.279, 136
Trd, 8639476.446, 103
Trd, 8639478.046, 129
Trd, 8639478.879, 93
Trd, 8639479.479, 100
Trd, 8639479.612, 92
Trd, 8639479.746, 83
Trd, 8639480.446, 83
Trd, 8639480.612, 83
Trd, 8639481.246, 106
Trd, 8639481.612, 136
Trd, 8639482.212, 107
Trd, 8639482.446, 97
Trd, 8639482.912, 87
Trd, 8639483.746, 108
Trd, 8639483.846, 130
Trd, 8639484.612, 105
Trd, 8639485.212, 82
Trd, 8639485.612, 103
Trd, 8639486.046, 82
Trd, 8639486.112, 80
Trd, 8639486.212, 82
Trd, 8639487.046, 106
Trd, 8639487.312, 86
Trd, 8639488.179, 107
Trd, 8639488.679, 77
Trd, 8639488.946, 74
Trd, 8639489.179, 90
Trd, 8639489.412, 112
Trd, 8639490.146, 90
Trd, 8639490.212, 108
Trd, 8639491.246, 96
Trd, 8639491.346, 87
Trd, 8639492.012, 97
Trd, 8639492.446, 108
Trd, 8639492.979, 91
Trd, 8639493.112, 115
Trd, 8639493.512, 89
Trd, 8639494.046, 78
Trd, 8639494.312, 94
Trd, 8639494.779, 67
Trd, 8639495.912, 80
Trd, 8639496.846, 90
Trd, 8639497.112, 114
Trd, 8639497.146, 80
Trd, 8639497.479, 124
Trd, 8639497.846, 113
Trd, 8639498.112, 137
Trd, 8639498.446, 105
Trd, 8639499.612, 100
Trd, 8639500.879, 115
Trd, 8639501.279, 111
Trd, 8639501.346, 124
Trd, 8639501.479, 107
Trd, 8639501.879, 92
Trd, 8639501.946, 87
Trd, 8639502.579, 94
Trd, 8639502.912, 127
Trd, 8639504.079, 122
Trd, 8639504.112, 116
Trd, 8639504.579, 112
Trd, 8639505.479, 124
Trd, 8639505.879, 125
Trd, 8639506.046, 123
Trd, 8639506.446, 135
Trd, 8639507.112, 117
Trd, 8639507.579, 110
Trd, 8639508.046, 98
Trd, 8639508.346, 99
Trd, 8639509.846, 101
Trd, 8639509.946, 89
Trd, 8639510.112, 111
Trd, 8639510.546, 107
Trd, 8639512.079, 134
Trd, 8639512.246, 125
Trd, 8639512.279, 101
Trd, 8639512.412, 95
Trd, 8639513.812, 87
Trd, 8639514.179, 94
Trd, 8639514.279, 82
Trd, 8639514.512, 113
Trd, 8639515.046, 104
Trd, 8639515.079, 100
Trd, 8639515.379, 95
Trd, 8639515.912, 88
Trd, 8639516.646, 140
Trd, 8639518.212, 130
Trd, 8639518.979, 112
Trd, 8639519.112, 109
Trd, 8639519.279, 107
Trd, 8639520.279, 114
Trd, 8639520.379, 102
Trd, 8639521.012, 101
Trd, 8639521.212, 89
Trd, 8639521.846, 133
Trd, 8639522.179, 76
Trd, 8639522.379, 90
Trd, 8639522.546, 76
Trd, 8639522.612, 90
Trd, 8639523.779, 119
Trd, 8639523.879, 99
Trd, 8639524.812, 122
Trd, 8639525.046, 76
Trd, 8639525.279, 94
Trd, 8639525.446, 70
Trd, 8639525.879, 65
Trd, 8639526.046, 91
Trd, 8639526.546, 95
Trd, 8639527.512, 98
Trd, 8639527.746, 117
Trd, 8639527.846, 85
Trd, 8639529.779, 123
Trd, 8639529.879, 122
Trd, 8639530.246, 105
Trd, 8639530.612, 100
Trd, 8639531.146, 109
Trd, 8639531.779, 111
Trd, 8639531.946, 129
Trd, 8639532.112, 95
Trd, 8639532.246, 87
Trd, 8639532.646, 99
Trd, 8639532.846, 73
Trd, 8639533.812, 71
Trd, 8639534.346, 92
Trd, 8639534.479, 96
Trd, 8639534.612, 88
Trd, 8639535.579, 137
Trd, 8639535.979, 85
Trd, 8639536.179, 76
Trd, 8639536.612, 99
Trd, 8639536.912, 140
Trd, 8639537.379, 126
Trd, 8639538.546, 133
Trd, 8639539.146, 84
Trd, 8639540.479, 77
Trd, 8639540.546, 88
Trd, 8639541.146, 65
Trd, 8639541.712, 61
Trd, 8639541.812, 62
Trd, 8639542.246, 68
Trd, 8639542.646, 72
Trd, 8639543.646, 60
Trd, 8639543.779, 62
Trd, 8639543.846, 72
Trd, 8639544.246, 82
Trd, 8639544.312, 83
Trd, 8639544.379, 86
Trd, 8639545.379, 72
Trd, 8639546.312, 78
Trd, 8639546.479, 115
Trd, 8639546.712, 96
Trd, 8639547.112, 70
Trd, 8639547.412, 68
Trd, 8639548.046, 66
Trd, 8639548.212, 92
Trd, 8639548.279, 94
Trd, 8639548.912, 132
Trd, 8639549.046, 96
Trd, 8639550.379, 112
Trd, 8639550.446, 85
Trd, 8639550.512, 70
Trd, 8639550.846, 68
Trd, 8639552.279, 68
Trd, 8639552.612, 69
Trd, 8639552.846, 73
Trd, 8639553.846, 98
Trd, 8639554.146, 103
Trd, 8639554.312, 95
Trd, 8639554.479, 79
Trd, 8639554.579, 68
Trd, 8639555.146, 79
Trd, 8639555.212, 114
Trd, 8639555.412, 103
Trd, 8639556.379, 75
Trd, 8639556.979, 70
Trd, 8639558.279, 107
Trd, 8639558.446, 103
Trd, 8639558.846, 93
Trd, 8639559.279, 93
Trd, 8639559.312, 124
Trd, 8639559.546, 139
Trd, 8639560.012, 79
Trd, 8639560.679, 89
Trd, 8639560.746, 94
Trd, 8639560.846, 75
Trd, 8639561.479, 66
Trd, 8639562.212, 86
Trd, 8639562.612, 86
Trd, 8639563.279, 89
Trd, 8639564.746, 126
Trd, 8639564.779, 102
Trd, 8639564.979, 98
Trd, 8639565.179, 94
Trd, 8639566.646, 117
Trd, 8639567.112, 115
Trd, 8639567.612, 108
Trd, 8639568.179, 125
Trd, 8639568.546, 115
Trd, 8639569.979, 123
Trd, 8639570.046, 129
Trd, 8639570.512, 116
Trd, 8639570.712, 105
Trd, 8639571.546, 140
Trd, 8639572.546, 124
Trd, 8639572.679, 117
Trd, 8639573.379, 139
Trd, 8639573.812, 109
Trd, 8639573.846, 96
Trd, 8639574.546, 116
Trd, 8639574.879, 95
Trd, 8639575.279, 121
Trd, 8639575.512, 117
Trd, 8639575.612, 96
Trd, 8639576.712, 102
Trd, 8639576.812, 86
Trd, 8639577.112, 86
Trd, 8639577.346, 93
Trd, 8639577.446, 87
Trd, 8639578.579, 88
Trd, 8639579.179, 80
Trd, 8639580.112, 114
Trd, 8639580.446, 108
Trd, 8639580.612, 109
Trd, 8639580.812, 85
Trd, 8639581.646, 90
Trd, 8639581.879, 103
Trd, 8639582.212, 96
Trd, 8639583.379, 138
Trd, 8639583.646, 133
Trd, 8639583.712, 104
Trd, 8639585.046, 93
Trd, 8639585.279, 101
Trd, 8639585.612, 106
Trd, 8639585.746, 101
Trd, 8639586.146, 90
Trd, 8639586.479, 70
Trd, 8639587.179, 114
Trd, 8639588.146, 121
Trd, 8639588.646, 130
Trd, 8639588.779, 111
Trd, 8639588.879, 107
Trd, 8639589.279, 117
Trd, 8639589.379, 88
Trd, 8639590.046, 67
Trd, 8639590.146, 81
Trd, 8639590.179, 81
Trd, 8639591.312, 92
Trd, 8639591.446, 89
Trd, 8639592.112, 89
Trd, 8639593.346, 97
Trd, 8639593.412, 90
Trd, 8639593.646, 85
Trd, 8639594.046, 84
Trd, 8639594.746, 69
Trd, 8639595.246, 135
Trd, 8639595.512, 92
Trd, 8639596.046, 122
Trd, 8639596.212, 133
Trd, 8639597.146, 112
Trd, 8639597.212, 130
Trd, 8639597.879, 113
Trd, 8639598.112, 104
Trd, 8639598.279, 95
Trd, 8639598.712, 136
Trd, 8639599.946, 128
Trd, 8639600.546, 110
Trd, 8639601.479, 135
Trd, 8639601.512, 109
Trd, 8639601.579, 104
Trd, 8639601.979, 125
Trd, 8639602.646, 132
Trd, 8639602.679, 92
Trd, 8639603.112, 113
Trd, 8639603.446, 127
Trd, 8639603.879, 116
Trd, 8639604.046, 101
Trd, 8639604.079, 121
Trd, 8639605.679, 140
Trd, 8639605.712, 127
Trd, 8639606.512, 125
Trd, 8639606.979, 103
Trd, 8639607.112, 102
Trd, 8639608.212, 139
Trd, 8639608.446, 110
Trd, 8639608.612, 108
Trd, 8639609.246, 96
Trd, 8639609.279, 72
Trd, 8639609.779, 64
Trd, 8639611.279, 61
Trd, 8639611.312, 66
Trd, 8639612.479, 76
Trd, 8639612.779, 90
Trd, 8639612.846, 96
Trd, 8639612.979, 117
Trd, 8639613.479, 86
Trd, 8639613.546, 70
Trd, 8639614.179, 82
Trd, 8639614.346, 78
Trd, 8639614.779, 69
Trd, 8639615.012, 90
Trd, 8639615.446, 68
Trd, 8639616.646, 62
Trd, 8639616.946, 61
Trd, 8639617.346, 106
Trd, 8639617.979, 103
Trd, 8639618.179, 101
Trd, 8639618.546, 84
Trd, 8639618.646, 102
Trd, 8639619.612, 74
Trd, 8639619.646, 84
Trd, 8639619.946, 79
Trd, 8639619.979, 75
Trd, 8639620.979, 135
Trd, 8639621.846, 120
Trd, 8639621.979, 96
Trd, 8639622.046, 81
Trd, 8639622.246, 75
Trd, 8639622.612, 111
Trd, 8639623.112, 129
Trd, 8639623.512, 68
Trd, 8639623.579, 105
Trd, 8639624.179, 78
Trd, 8639624.646, 131
Trd, 8639625.846, 104
Trd, 8639626.179, 91
Trd, 8639626.446, 106
Trd, 8639626.812, 106
Trd, 8639627.512, 121
Trd, 8639627.746, 78
Trd, 8639627.879, 76
Trd, 8639628.046, 87
Trd, 8639628.579, 125
Trd, 8639628.679, 95
Trd, 8639629.379, 62
Trd, 8639629.946, 102
Trd, 8639630.112, 88
Trd, 8639630.346, 122
Trd, 8639630.746, 113
Trd, 8639631.079, 114
Trd, 8639632.346, 109
Trd, 8639632.512, 130
Trd, 8639632.546, 94
Trd, 8639632.879, 108
Trd, 8639633.979, 128
Trd, 8639634.812, 124
Trd, 8639635.779, 135
Trd, 8639636.279, 109
Trd, 8639636.346, 105
Trd, 8639636.479, 87
Trd, 8639637.279, 83
Trd, 8639637.679, 68
Trd, 8639638.112, 92
Trd, 8639638.412, 140
Trd, 8639638.846, 88
Trd, 8639639.079, 87
Trd, 8639639.412, 86
Trd, 8639640.279, 91
Trd, 8639640.746, 70
Trd, 8639641.046, 88
Trd, 8639641.379, 118
Trd, 8639642.612, 99
Trd, 8639642.779, 124
Trd, 8639643.746, 130
Trd, 8639644.346, 115
Trd, 8639644.946, 106
Trd, 8639645.179, 132
Trd, 8639645.612, 96
Trd, 8639645.646, 97
Trd, 8639646.379, 105
Trd, 8639646.479, 93
Trd, 8639646.746, 127
Trd, 8639646.879, 84
Trd, 8639647.012, 84
Trd, 8639647.512, 64
Trd, 8639647.712, 90
Trd, 8639648.246, 77
Trd, 8639648.479, 78
Trd, 8639648.912, 81
Trd, 8639649.446, 126
Trd, 8639649.546, 71
Trd, 8639649.912, 100
Trd, 8639650.212, 77
Trd, 8639651.079, 72
Trd, 8639651.446, 79
Trd, 8639652.112, 89
Trd, 8639652.346, 62
Trd, 8639652.912, 121
Trd, 8639653.012, 60
Trd, 8639653.379, 66
Trd, 8639653.779, 86
Trd, 8639654.379, 64
Trd, 8639654.946, 133
Trd, 8639655.479, 115
Trd, 8639656.146, 125
Trd, 8639656.412, 105
Trd, 8639656.812, 95
Trd, 8639657.779, 109
Trd, 8639658.612, 115
Trd, 8639658.746, 139
Trd, 8639659.512, 133
Trd, 8639660.446, 122
Trd, 8639661.012, 129
Trd, 8639661.646, 133
Trd, 8639661.946, 140
Trd, 8639662.212, 132
Trd, 8639662.246, 125
Trd, 8639662.746, 112
Trd, 8639662.846, 122
Trd, 8639663.512, 114
Trd, 8639663.946, 99
Trd, 8639664.146, 99
Trd, 8639664.779, 74
Trd, 8639665.779, 88
Trd, 8639666.479, 102
Trd, 8639666.612, 113
Trd, 8639666.912, 100
Trd, 8639667.446, 98
Trd, 8639667.646, 90
Trd, 8639668.379, 130
Trd, 8639670.012, 139
Trd, 8639670.112, 126
Trd, 8639670.246, 122
Trd, 8639670.579, 119
Trd, 8639671.079, 104
Trd, 8639671.446, 126
Trd, 8639671.746, 107
Trd, 8639672.612, 92
Trd, 8639673.146, 77
Trd, 8639673.312, 72
Trd, 8639673.346, 71
Trd, 8639674.379, 103
Trd, 8639674.479, 102
Trd, 8639674.712, 91
Trd, 8639675.779, 122
Trd, 8639675.846, 104
Trd, 8639676.212, 86
Trd, 8639676.379, 78
Trd, 8639677.146, 62
Trd, 8639678.346, 100
Trd, 8639678.979, 124
Trd, 8639679.346, 132
Trd, 8639679.879, 122
Trd, 8639680.112, 105
Trd, 8639680.512, 114
Trd, 8639681.079, 140
Trd, 8639681.546, 111
Trd, 8639681.579, 106
Trd, 8639681.712, 104
Trd, 8639682.579, 101
Trd, 8639682.612, 107
Trd, 8639683.546, 95
Trd, 8639683.912, 107
Trd, 8639685.212, 108
Trd, 8639685.712, 122
Trd, 8639685.746, 124
Trd, 8639685.879, 119
Trd, 8639686.446, 134
Trd, 8639686.946, 107
Trd, 8639687.812, 122
Trd, 8639688.046, 110
Trd, 8639688.246, 94
Trd, 8639688.312, 89
Trd, 8639688.546, 79
Trd, 8639689.246, 138
Trd, 8639689.312, 97
Trd, 8639689.679, 128
Trd, 8639689.979, 123
Trd, 8639690.312, 79
Trd, 8639690.979, 60
Trd, 8639691.212, 74
Trd, 8639692.746, 75
Trd, 8639692.979, 81
Trd, 8639693.179, 98
Trd, 8639693.512, 105
Trd, 8639694.112, 83
Trd, 8639694.379, 76
Trd, 8639694.412, 79
Trd, 8639695.346, 96
Trd, 8639696.312, 94
Trd, 8639697.312, 139
Trd, 8639697.679, 126
Trd, 8639698.479, 96
Trd, 8639698.579, 111
Trd, 8639698.679, 89
Trd, 8639699.112, 109
Trd, 8639699.779, 99
Trd, 8639700.079, 91
Trd, 8639700.912, 120
Trd, 8639701.312, 110
Trd, 8639701.612, 132
Trd, 8639701.879, 106
Trd, 8639702.146, 106
Trd, 8639702.446, 105
Trd, 8639702.879, 97
Trd, 8639703.746, 137
Trd, 8639704.146, 106
Trd, 8639704.279, 103
Trd, 8639704.612, 86
Trd, 8639705.579, 131
Trd, 8639705.612, 122
Trd, 8639707.279, 121
Trd, 8639707.746, 119
Trd, 8639707.879, 114
Trd, 8639707.979, 97
Trd, 8639708.512, 137
Trd, 8639708.612, 107
Trd, 8639708.979, 116
Trd, 8639709.246, 103
Trd, 8639710.079, 139
Trd, 8639710.446, 86
Trd, 8639710.579, 84
Trd, 8639711.312, 100
Trd, 8639711.712, 97
Trd, 8639711.812, 115
Trd, 8639713.012, 109
Trd, 8639713.146, 107
Trd, 8639713.812, 94
Trd, 8639714.446, 85
Trd, 8639714.479, 79
Trd, 8639715.012, 134
Trd, 8639715.479, 70
Trd, 8639715.879, 135
Trd, 8639716.279, 83
Trd, 8639716.646, 88
Trd, 8639716.712, 114
Trd, 8639717.046, 98
Trd, 8639717.112, 92
Trd, 8639718.646, 106
Trd, 8639718.912, 108
Trd, 8639719.112, 93
Trd, 8639719.346, 83
Trd, 8639719.612, 87
Trd, 8639720.879, 81
Trd, 8639721.179, 68
Trd, 8639721.546, 101
Trd, 8639721.712, 120
Trd, 8639722.046, 101
Trd, 8639722.446, 64
Trd, 8639722.879, 78
Trd, 8639723.046, 73
Trd, 8639723.612, 89
Trd, 8639723.846, 98
Trd, 8639723.979, 71
Trd, 8639725.146, 139
Trd, 8639725.346, 96
Trd, 8639725.612, 104
Trd, 8639726.112, 99
Trd, 8639726.512, 116
Trd, 8639726.646, 100
Trd, 8639726.712, 83
Trd, 8639728.179, 110
Trd, 8639728.412, 74
Trd, 8639728.446, 66
Trd, 8639728.879, 129
Trd, 8639730.379, 127
Trd, 8639730.512, 134
Trd, 8639730.712, 121
Trd, 8639730.812, 92
Trd, 8639731.812, 132
Trd, 8639732.746, 87
Trd, 8639733.046, 84
Trd, 8639733.246, 104
Trd, 8639733.512, 82
Trd, 8639733.879, 76
Trd, 8639734.046, 119
Trd, 8639734.579, 83
Trd, 8639734.946, 88
Trd, 8639735.179, 113
Trd, 8639736.079, 91
Trd, 8639736.579, 74
Trd, 8639737.546, 82
Trd, 8639737.912, 71
Trd, 8639738.446, 71
Trd, 8639738.612, 96
Trd, 8639738.646, 110
Trd, 8639739.479, 60
Trd, 8639739.546, 63
Trd, 8639739.912, 93
Trd, 8639740.379, 98
Trd, 8639740.879, 70
Trd, 8639741.146, 69
Trd, 8639741.846, 86
Trd, 8639742.412, 91
Trd, 8639742.946, 73
Trd, 8639743.779, 74
Trd, 8639744.446, 87
Trd, 8639744.712, 91
Trd, 8639745.112, 73
Trd, 8639745.346, 127
Trd, 8639745.879, 132
Trd, 8639747.079, 109
Trd, 8639747.512, 103
Trd, 8639747.579, 89
Trd, 8639747.812, 127
Trd, 8639748.546, 97
Trd, 8639748.679, 97
Trd, 8639748.779, 97
Trd, 8639749.412, 89
Trd, 8639749.446, 83
Trd, 8639750.346, 83
Trd, 8639750.546, 103
Trd, 8639751.712, 111
Trd, 8639751.946, 101
Trd, 8639751.979, 83
Trd, 8639752.446, 92
Trd, 8639752.679, 74
Trd, 8639752.946, 114
Trd, 8639753.912, 75
Trd, 8639754.012, 68
Trd, 8639754.679, 137
Trd, 8639754.812, 123
Trd, 8639754.846, 98
Trd, 8639755.212, 87
Trd, 8639756.979, 102
Trd, 8639757.379, 80
Trd, 8639757.446, 75
Trd, 8639758.612, 138
Trd, 8639758.946, 127
Trd, 8639758.979, 139
Trd, 8639759.212, 124
Trd, 8639759.512, 131
Trd, 8639760.712, 78
Trd, 8639761.346, 105
Trd, 8639761.446, 96
Trd, 8639761.612, 86
Trd, 8639762.446, 116
Trd, 8639764.012, 133
Trd, 8639764.346, 115
Trd, 8639764.646, 110
Trd, 8639764.979, 105
Trd, 8639765.912, 110
Trd, 8639766.112, 124
Trd, 8639766.146, 131
Trd, 8639766.346, 86
Trd, 8639766.979, 106
Trd, 8639767.279, 96
Trd, 8639768.046, 70
Trd, 8639768.746, 76
Trd, 8639769.546, 67
Trd, 8639769.846, 62
Trd, 8639769.946, 64
Trd, 8639770.112, 72
Trd, 8639770.279, 76
Trd, 8639770.946, 82
Trd, 8639773.012, 64
Trd, 8639773.712, 90
Trd, 8639773.846, 73
Trd, 8639774.612, 126
Trd, 8639774.846, 107
Trd, 8639775.246, 90
Trd, 8639775.612, 82
Trd, 8639775.879, 103
Trd, 8639776.579, 123
Trd, 8639777.046, 114
Trd, 8639777.079, 83
Trd, 8639777.912, 94
Trd, 8639778.112, 127
Trd, 8639778.346, 99
Trd, 8639778.812, 125
Trd, 8639778.846, 97
Trd, 8639779.212, 85
Trd, 8639781.246, 95
Trd, 8639781.379, 107
Trd, 8639781.679, 104
Trd, 8639782.412, 110
Trd, 8639782.446, 101
Trd, 8639783.146, 110
Trd, 8639783.379, 111
Trd, 8639783.979, 87
Trd, 8639784.079, 77
Trd, 8639784.246, 99
Trd, 8639785.446, 62
Trd, 8639785.912, 61
Trd, 8639786.179, 87
Trd, 8639786.646, 114
Trd, 8639786.846, 95
Trd, 8639787.979, 88
Trd, 8639788.246, 125
Trd, 8639788.379, 104
Trd, 8639788.746, 99
Trd, 8639789.412, 72
Trd, 8639789.979, 112
Trd, 8639790.012, 102
Trd, 8639790.212, 93
Trd, 8639790.546, 108
Trd, 8639791.912, 82
Trd, 8639792.079, 79
Trd, 8639792.346, 85
Trd, 8639792.846, 86
Trd, 8639793.146, 82
Trd, 8639794.146, 81
Trd, 8639794.946, 79
Trd, 8639795.112, 67
Trd, 8639795.312, 89
Trd, 8639795.446, 83
Trd, 8639796.646, 108
Trd, 8639797.012, 130
Trd, 8639797.312, 126
Trd, 8639799.046, 110
Trd, 8639799.079, 116
Trd, 8639799.512, 108
Trd, 8639800.146, 112
Trd, 8639800.379, 101
Trd, 8639800.879, 78
Trd, 8639801.912, 119
Trd, 8639802.046, 102
Trd, 8639802.279, 135
Trd, 8639802.446, 92
Trd, 8639803.012, 91
Trd, 8639804.179, 82
Trd, 8639804.246, 88
Trd, 8639804.579, 98
Trd, 8639804.746, 110
Trd, 8639804.946, 99
Trd, 8639805.579, 105
Trd, 8639805.746, 96
Trd, 8639806.046, 93
Trd, 8639806.246, 114
Trd, 8639806.912, 133
Trd, 8639807.146, 137
Trd, 8639807.346, 76
Trd, 8639808.246, 102
Trd, 8639808.746, 138
Trd, 8639809.346, 84
Trd, 8639810.979, 91
Trd, 8639811.546, 105
Trd, 8639811.679, 106
Trd, 8639811.979, 136
Trd, 8639812.046, 93
Trd, 8639812.112, 85
Trd, 8639812.779, 140
Trd, 8639813.312, 107
Trd, 8639813.479, 97
Trd, 8639814.446, 137
Trd, 8639814.479, 118
Trd, 8639815.612, 95
Trd, 8639815.746, 92
Trd, 8639816.479, 133
Trd, 8639817.246, 105
Trd, 8639817.612, 121
Trd, 8639817.979, 111
Trd, 8639818.446, 72
Trd, 8639819.212, 76
Trd, 8639819.546, 97
Trd, 8639819.712, 121
Trd, 8639820.479, 67
Trd, 8639821.212, 62
Trd, 8639821.346, 72
Trd, 8639822.246, 74
Trd, 8639822.546, 83
Trd, 8639822.979, 122
Trd, 8639823.846, 83
Trd, 8639824.112, 80
Trd, 8639824.379, 123
Trd, 8639824.712, 105
Trd, 8639824.979, 104
Trd, 8639825.146, 131
Trd, 8639825.612, 65
Trd, 8639825.746, 133
Trd, 8639826.046, 132
Trd, 8639826.446, 135
Trd, 8639827.279, 117
Trd, 8639827.646, 72
Trd, 8639828.012, 69
Trd, 8639828.346, 94
Trd, 8639829.746, 121
Trd, 8639829.779, 111
Trd, 8639830.712, 126
Trd, 8639831.179, 96
Trd, 8639831.212, 87
Trd, 8639831.712, 122
Trd, 8639831.979, 120
Trd, 8639832.279, 117
Trd, 8639832.579, 127
Trd, 8639833.479, 98
Trd, 8639833.779, 95
Trd, 8639833.946, 84
Trd, 8639834.246, 61
Trd, 8639835.012, 69
Trd, 8639835.179, 82
Trd, 8639836.279, 139
Trd, 8639836.546, 103
Trd, 8639837.346, 101
Trd, 8639838.079, 73
Trd, 8639838.646, 105
Trd, 8639838.879, 93
Trd, 8639839.246, 84
Trd, 8639839.646, 83
Trd, 8639839.746, 76
Trd, 8639839.912, 86
Trd, 8639840.346, 61
Trd, 8639841.112, 117
Trd, 8639841.612, 103
Trd, 8639841.746, 84
Trd, 8639842.846, 99
Trd, 8639843.446, 118
Trd, 8639843.512, 85
Trd, 8639844.112, 123
Trd, 8639845.046, 135
Trd, 8639845.312, 130
Trd, 8639845.412, 124
Trd, 8639845.779, 113
Trd, 8639845.979, 101
Trd, 8639847.212, 114
Trd, 8639847.946, 133
Trd, 8639848.146, 129
Trd, 8639848.479, 109
Trd, 8639848.512, 102
Trd, 8639849.346, 113
Trd, 8639850.312, 139
Trd, 8639850.446, 132
Trd, 8639851.179, 101
Trd, 8639851.579, 92
Trd, 8639851.779, 108
Trd, 8639852.479, 102
Trd, 8639852.912, 74
Trd, 8639853.179, 71
Trd, 8639853.246, 69
Trd, 8639853.579, 100
Trd, 8639853.679, 75
Trd, 8639855.412, 97
Trd, 8639855.579, 92
Trd, 8639855.912, 136
Trd, 8639856.346, 106
Trd, 8639856.479, 122
Trd, 8639856.546, 85
Trd, 8639857.746, 138
Trd, 8639858.179, 112
Trd, 8639858.312, 101
Trd, 8639859.212, 114
Trd, 8639859.346, 122
Trd, 8639860.346, 116
Trd, 8639861.046, 113
Trd, 8639861.212, 102
Trd, 8639861.646, 116
Trd, 8639862.079, 71
Trd, 8639862.146, 124
Trd, 8639862.446, 63
Trd, 8639862.546, 71
Trd, 8639862.646, 93
Trd, 8639863.279, 93
Trd, 8639863.479, 88
Trd, 8639864.079, 120
Trd, 8639864.646, 121
Trd, 8639864.712, 109
Trd, 8639865.246, 77
Trd, 8639865.846, 66
Trd, 8639866.479, 74
Trd, 8639866.979, 104
Trd, 8639867.712, 81
Trd, 8639867.879, 68
Trd, 8639867.979, 82
Trd, 8639868.546, 138
Trd, 8639868.846, 113
Trd, 8639869.179, 108
Trd, 8639869.346, 101
Trd, 8639869.712, 89
Trd, 8639869.812, 114
Trd, 8639871.412, 96
Trd, 8639871.512, 102
Trd, 8639871.912, 78
Trd, 8639872.246, 134
Trd, 8639872.679, 130
Trd, 8639873.512, 108
Trd, 8639873.946, 107
Trd, 8639874.012, 105
Trd, 8639874.646, 97
Trd, 8639875.212, 118
Trd, 8639875.379, 68
Trd, 8639876.112, 71
Trd, 8639876.712, 96
Trd, 8639876.812, 70
Trd, 8639877.346, 118
Trd, 8639877.446, 87
Trd, 8639878.112, 135
Trd, 8639878.412, 77
Trd, 8639878.912, 65
Trd, 8639879.246, 105
Trd, 8639879.879, 129
Trd, 8639879.912, 136
Trd, 8639880.279, 84
Trd, 8639881.746, 60
Trd, 8639881.912, 63
Trd, 8639882.612, 105
Trd, 8639883.379, 96
Trd, 8639884.146, 93
Trd, 8639884.646, 97
Trd, 8639884.712, 115
Trd, 8639884.746, 88
Trd, 8639885.712, 72
Trd, 8639886.179, 79
Trd, 8639886.312, 98
Trd, 8639886.646, 81
Trd, 8639886.946, 100
Trd, 8639887.112, 102
Trd, 8639887.612, 126
Trd, 8639887.646, 116
Trd, 8639887.779, 115
Trd, 8639887.912, 96
Trd, 8639888.279, 83
Trd, 8639888.312, 78
Trd, 8639889.346, 127
Trd, 8639889.612, 89
Trd, 8639889.646, 81
Trd, 8639890.512, 123
Trd, 8639891.046, 70
Trd, 8639891.279, 96
Trd, 8639891.312, 67
Trd, 8639892.646, 111
Trd, 8639893.246, 112
Trd, 8639893.712, 136
Trd, 8639894.379, 110
Trd, 8639894.812, 101
Trd, 8639894.846, 97
Trd, 8639895.312, 124
Trd, 8639895.579, 123
Trd, 8639895.712, 102
Trd, 8639895.879, 95
Trd, 8639896.512, 108
Trd, 8639897.312, 136
Trd, 8639897.412, 116
Trd, 8639897.646, 70
Trd, 8639899.012, 140
Trd, 8639900.079, 128
Trd, 8639900.179, 123
Trd, 8639900.579, 129
Trd, 8639900.912, 115
Trd, 8639901.212, 94
Trd, 8639901.646, 136
Trd, 8639902.879, 140
Trd, 8639903.379, 118
Trd, 8639903.412, 99
Trd, 8639903.812, 113
Trd, 8639903.912, 112
Trd, 8639903.946, 122
Trd, 8639904.846, 86
Trd, 8639905.612, 127
Trd, 8639906.512, 103
Trd, 8639907.312, 113
Trd, 8639907.479, 71
Trd, 8639907.712, 68
Trd, 8639907.812, 66
Trd, 8639908.212, 80
Trd, 8639908.446, 133
Trd, 8639908.812, 79
Trd, 8639909.579, 112
Trd, 8639909.712, 88
Trd, 8639910.846, 78
Trd, 8639910.912, 99
Trd, 8639911.079, 105
Trd, 8639911.912, 92
Trd, 8639912.212, 93
Trd, 8639912.379, 77
Trd, 8639913.346, 133
Trd, 8639913.546, 115
Trd, 8639913.879, 109
Trd, 8639914.012, 103
Trd, 8639914.279, 93
Trd, 8639915.646, 135
Trd, 8639915.779, 122
Trd, 8639916.546, 105
Trd, 8639916.579, 89
Trd, 8639916.846, 83
Trd, 8639917.579, 138
Trd, 8639917.712, 130
Trd, 8639917.879, 119
Trd, 8639918.012, 83
Trd, 8639918.212, 80
Trd, 8639918.746, 95
Trd, 8639919.079, 114
Trd, 8639919.146, 97
Trd, 8639920.412, 137
Trd, 8639920.579, 115
Trd, 8639921.279, 110
Trd, 8639922.412, 101
Trd, 8639922.812, 111
Trd, 8639923.379, 136
Trd, 8639923.779, 134
Trd, 8639924.079, 115
Trd, 8639924.346, 107
Trd, 8639924.712, 130
Trd, 8639924.812, 107
Trd, 8639925.346, 95
Trd, 8639926.412, 119
Trd, 8639926.512, 102
Trd, 8639927.246, 104
Trd, 8639927.479, 131
Trd, 8639927.812, 106
Trd, 8639928.412, 109
Trd, 8639929.112, 100
Trd, 8639929.212, 84
Trd, 8639929.612, 99
Trd, 8639929.746, 93
Trd, 8639930.046, 124
Trd, 8639930.246, 103
Trd, 8639930.346, 73
Trd, 8639931.012, 94
Trd, 8639931.679, 94
Trd, 8639932.446, 112
Trd, 8639932.646, 93
Trd, 8639932.946, 138
Trd, 8639933.412, 98
Trd, 8639933.646, 89
Trd, 8639934.646, 85
Trd, 8639934.846, 90
Trd, 8639935.046, 71
Trd, 8639935.412, 62
Trd, 8639935.579, 64
Trd, 8639936.212, 95
Trd, 8639936.912, 101
Trd, 8639938.279, 115
Trd, 8639938.412, 113
Trd, 8639938.446, 112
Trd, 8639939.179, 122
Trd, 8639939.212, 113
Trd, 8639939.512, 128
Trd, 8639939.612, 94
Trd, 8639939.812, 123
Trd, 8639940.579, 100
Trd, 8639940.779, 98
Trd, 8639941.679, 97
Trd, 8639942.412, 140
Trd, 8639942.712, 137
Trd, 8639943.246, 132
Trd, 8639943.512, 124
Trd, 8639944.212, 104
Trd, 8639944.746, 104
Trd, 8639945.412, 102
Trd, 8639945.546, 98
Trd, 8639946.246, 93
Trd, 8639946.279, 124
Trd, 8639946.446, 80
Trd, 8639946.579, 73
Trd, 8639946.979, 94
Trd, 8639947.146, 99
Trd, 8639947.846, 123
Trd, 8639948.279, 106
Trd, 8639948.612, 100
Trd, 8639948.646, 94
Trd, 8639949.646, 94
Trd, 8639949.746, 114
Trd, 8639950.379, 79
Trd, 8639950.746, 102
Trd, 8639950.979, 112
Trd, 8639951.212, 90
Trd, 8639951.512, 75
Trd, 8639952.646, 137
Trd, 8639953.246, 82
Trd, 8639953.646, 72
Trd, 8639954.179, 132
Trd, 8639954.446, 118
Trd, 8639954.479, 111
Trd, 8639954.746, 109
Trd, 8639955.012, 114
Trd, 8639956.012, 117
Trd, 8639956.212, 108
Trd, 8639956.279, 100
Trd, 8639956.712, 137
Trd, 8639957.379, 68
Trd, 8639957.646, 60
Trd, 8639957.779, 63
Trd, 8639957.912, 101
Trd, 8639958.579, 67
Trd, 8639958.846, 85
Trd, 8639959.246, 61
Trd, 8639960.512, 93
Trd, 8639961.246, 118
Trd, 8639961.379, 114
Trd, 8639961.546, 110
Trd, 8639961.712, 77
Trd, 8639962.012, 71
Trd, 8639962.079, 77
Trd, 8639962.112, 123
Trd, 8639962.612, 68
Trd, 8639963.379, 92
Trd, 8639963.646, 75
Trd, 8639964.812, 128
Trd, 8639964.846, 104
Trd, 8639965.212, 130
Trd, 8639965.612, 82
Trd, 8639965.846, 76
Trd, 8639966.112, 122
Trd, 8639966.146, 98
Trd, 8639966.879, 126
Trd, 8639967.846, 125
Trd, 8639967.879, 108
Trd, 8639968.879, 120
Trd, 8639969.246, 99
Trd, 8639969.979, 120
Trd, 8639970.046, 124
Trd, 8639970.312, 92
Trd, 8639970.579, 84
Trd, 8639971.812, 114
Trd, 8639972.546, 124
Trd, 8639972.579, 121
Trd, 8639972.612, 72
Trd, 8639972.779, 113
Trd, 8639973.612, 127
Trd, 8639974.179, 124
Trd, 8639974.212, 90
Trd, 8639974.379, 61
Trd, 8639974.546, 125
Trd, 8639975.046, 66
Trd, 8639975.079, 109
Trd, 8639976.946, 129
Trd, 8639977.446, 100
Trd, 8639978.179, 96
Trd, 8639978.446, 105
Trd, 8639979.079, 98
Trd, 8639979.212, 84
Trd, 8639979.346, 83
Trd, 8639980.012, 81
Trd, 8639980.279, 102
Trd, 8639981.412, 110
Trd, 8639982.146, 128
Trd, 8639982.212, 95
Trd, 8639982.246, 87
Trd, 8639982.812, 140
Trd, 8639983.179, 132
Trd, 8639983.446, 101
Trd, 8639983.479, 91
Trd, 8639983.579, 84
Trd, 8639984.012, 137
Trd, 8639984.912, 103
Trd, 8639986.246, 74
Trd, 8639986.446, 117
Trd, 8639986.812, 78
Trd, 8639987.112, 92
Trd, 8639987.346, 127
Trd, 8639987.512, 91
Trd, 8639988.146, 98
Trd, 8639988.379, 79
Trd, 8639988.412, 80
Trd, 8639988.679, 106
Trd, 8639988.979, 76
Trd, 8639989.212, 107
Trd, 8639989.546, 69
Trd, 8639989.779, 92
Trd, 8639990.412, 112
Trd, 8639991.079, 139
Trd, 8639991.312, 131
Trd, 8639992.346, 100
Trd, 8639993.079, 89
Trd, 8639993.579, 86
Trd, 8639994.146, 77
Trd, 8639994.446, 97
Trd, 8639994.979, 95
Trd, 8639995.612, 117
Trd, 8639995.946, 92
Trd, 8639996.046, 123
Trd, 8639996.712, 87
Trd, 8639997.746, 96
Trd, 8639998.212, 64
Trd, 8639998.646, 70
Trd, 8639998.812, 60
Trd, 8639999.012, 75
Trd, 8639999.646, 96
