Trd, 8638794.646, 106
Trd, 8638795.879, 72
Trd, 8638796.012, 70
Trd, 8638796.546, 137
Trd, 8638796.812, 136
Trd, 8638797.346, 80
Trd, 8638797.712, 140
Trd, 8638798.279, 140
Trd, 8638798.379, 140
Trd, 8638798.612, 140
Trd, 8638798.946, 139
Trd, 8638799.779, 140
Trd, 8638799.812, 140
Trd, 8638799.879, 139
Trd, 8638800.279, 138
Trd, 8638800.379, 114
Trd, 8638800.946, 113
Trd, 8638801.279, 140
Trd, 8638801.646, 140
Trd, 8638801.779, 140
Trd, 8638802.079, 71
Trd, 8638802.979, 66
Trd, 8638803.512, 127
Trd, 8638803.612, 126
Trd, 8638803.912, 139
Trd, 8638804.246, 111
Trd, 8638804.512, 71
Trd, 8638805.512, 140
Trd, 8638805.546, 140
Trd, 8638806.246, 140
Trd, 8638806.412, 138
Trd, 8638807.479, 61
Trd, 8638807.512, 63
Trd, 8638808.712, 112
Trd, 8638808.912, 69
Trd, 8638809.246, 66
Trd, 8638809.546, 67
Trd, 8638809.579, 65
Trd, 8638810.479, 140
Trd, 8638811.212, 140
Trd, 8638811.746, 140
Trd, 8638811.912, 140
Trd, 8638811.946, 136
Trd, 8638812.046, 112
Trd, 8638813.112, 139
Trd, 8638813.646, 107
Trd, 8638813.879, 106
Trd, 8638813.912, 105
Trd, 8638814.179, 90
Trd, 8638814.246, 82
Trd, 8638814.512, 93
Trd, 8638814.912, 64
Trd, 8638815.479, 61
Trd, 8638815.679, 69
Trd, 8638816.312, 61
Trd, 8638816.346, 63
Trd, 8638816.846, 139
Trd, 8638818.346, 107
Trd, 8638818.846, 115
Trd, 8638819.012, 107
Trd, 8638819.212, 95
Trd, 8638819.412, 65
Trd, 8638820.346, 60
Trd, 8638820.712, 64
Trd, 8638821.479, 140
Trd, 8638822.546, 140
Trd, 8638822.579, 140
Trd, 8638823.046, 140
Trd, 8638823.179, 140
Trd, 8638823.612, 140
Trd, 8638824.079, 140
Trd, 8638824.112, 139
Trd, 8638824.446, 136
Trd, 8638824.779, 140
Trd, 8638825.246, 91
Trd, 8638825.312, 90
Trd, 8638825.612, 89
Trd, 8638826.146, 140
Trd, 8638826.412, 67
Trd, 8638826.746, 78
Trd, 8638827.212, 61
Trd, 8638827.812, 62
Trd, 8638828.746, 64
Trd, 8638829.246, 68
Trd, 8638829.446, 72
Trd, 8638829.546, 68
Trd, 8638830.679, 140
Trd, 8638831.212, 140
Trd, 8638831.346, 140
Trd, 8638831.379, 140
Trd, 8638831.512, 140
Trd, 8638832.112, 140
Trd, 8638832.146, 140
Trd, 8638832.246, 139
Trd, 8638833.312, 63
Trd, 8638833.946, 137
Trd, 8638834.379, 107
Trd, 8638834.779, 107
Trd, 8638835.112, 106
Trd, 8638835.479, 140
Trd, 8638835.979, 61
Trd, 8638837.046, 63
Trd, 8638837.379, 81
Trd, 8638837.479, 64
Trd, 8638837.912, 63
Trd, 8638838.346, 76
Trd, 8638838.546, 85
Trd, 8638839.079, 69
Trd, 8638839.112, 134
Trd, 8638839.146, 66
Trd, 8638840.079, 89
Trd, 8638840.312, 92
Trd, 8638840.446, 117
Trd, 8638840.746, 91
Trd, 8638840.846, 90
Trd, 8638841.679, 140
Trd, 8638842.012, 140
Trd, 8638842.146, 140
Trd, 8638843.012, 140
Trd, 8638843.346, 137
Trd, 8638843.412, 137
Trd, 8638844.012, 137
Trd, 8638844.079, 136
Trd, 8638845.412, 62
Trd, 8638846.679, 61
Trd, 8638846.746, 60
Trd, 8638846.846, 62
Trd, 8638847.279, 60
Trd, 8638847.512, 60
Trd, 8638847.579, 66
Trd, 8638847.979, 60
Trd, 8638848.146, 64
Trd, 8638848.479, 60
Trd, 8638848.646, 97
Trd, 8638849.279, 60
Trd, 8638849.712, 61
Trd, 8638850.079, 61
Trd, 8638850.779, 140
Trd, 8638851.312, 97
Trd, 8638852.079, 140
Trd, 8638852.846, 140
Trd, 8638853.246, 140
Trd, 8638853.346, 140
Trd, 8638854.312, 140
Trd, 8638854.346, 140
Trd, 8638854.379, 100
Trd, 8638854.612, 72
Trd, 8638854.712, 119
Trd, 8638855.246, 63
Trd, 8638855.279, 65
Trd, 8638856.212, 140
Trd, 8638856.279, 102
Trd, 8638856.612, 139
Trd, 8638857.712, 108
Trd, 8638858.079, 105
Trd, 8638858.112, 104
Trd, 8638858.379, 124
Trd, 8638859.146, 123
Trd, 8638859.212, 122
Trd, 8638859.379, 121
Trd, 8638859.412, 93
Trd, 8638860.012, 61
Trd, 8638860.079, 139
Trd, 8638860.279, 110
Trd, 8638860.779, 92
Trd, 8638861.412, 90
Trd, 8638861.546, 89
Trd, 8638862.379, 140
Trd, 8638862.646, 140
Trd, 8638863.246, 138
Trd, 8638863.379, 122
Trd, 8638863.746, 81
Trd, 8638864.612, 140
Trd, 8638865.646, 140
Trd, 8638865.779, 140
Trd, 8638866.179, 140
Trd, 8638866.212, 140
Trd, 8638866.512, 140
Trd, 8638866.879, 140
Trd, 8638867.346, 140
Trd, 8638868.012, 140
Trd, 8638868.212, 139
Trd, 8638868.512, 138
Trd, 8638869.679, 140
Trd, 8638869.746, 140
Trd, 8638870.112, 109
Trd, 8638870.146, 108
Trd, 8638870.312, 74
Trd, 8638870.346, 63
Trd, 8638871.112, 64
Trd, 8638871.546, 137
Trd, 8638872.146, 61
Trd, 8638873.546, 60
Trd, 8638873.646, 61
Trd, 8638874.246, 67
Trd, 8638874.479, 70
Trd, 8638874.646, 68
Trd, 8638875.612, 140
Trd, 8638876.246, 140
Trd, 8638876.679, 140
Trd, 8638876.946, 140
Trd, 8638877.046, 140
Trd, 8638877.946, 140
Trd, 8638878.312, 140
Trd, 8638878.946, 140
Trd, 8638879.012, 140
Trd, 8638879.079, 138
Trd, 8638879.412, 129
Trd, 8638880.279, 140
Trd, 8638880.446, 139
Trd, 8638881.912, 135
Trd, 8638881.946, 134
Trd, 8638882.079, 135
Trd, 8638882.246, 139
Trd, 8638882.279, 138
Trd, 8638882.479, 134
Trd, 8638883.112, 140
Trd, 8638883.479, 115
Trd, 8638883.746, 93
Trd, 8638883.779, 92
Trd, 8638884.446, 103
Trd, 8638884.846, 90
Trd, 8638885.279, 140
Trd, 8638885.679, 103
Trd, 8638886.612, 109
Trd, 8638887.246, 138
Trd, 8638887.412, 138
Trd, 8638887.446, 137
Trd, 8638887.946, 140
Trd, 8638888.112, 140
Trd, 8638888.246, 139
Trd, 8638888.779, 140
Trd, 8638888.812, 123
Trd, 8638889.546, 140
Trd, 8638889.946, 139
Trd, 8638891.079, 140
Trd, 8638891.479, 140
Trd, 8638891.679, 140
Trd, 8638892.212, 140
Trd, 8638893.079, 140
Trd, 8638893.612, 140
Trd, 8638893.912, 140
Trd, 8638894.479, 140
Trd, 8638894.579, 140
Trd, 8638894.779, 140
Trd, 8638895.312, 139
Trd, 8638895.646, 120
Trd, 8638896.179, 119
Trd, 8638897.312, 140
Trd, 8638897.479, 140
Trd, 8638897.846, 140
Trd, 8638898.246, 139
Trd, 8638898.279, 139
Trd, 8638898.579, 132
Trd, 8638898.712, 132
Trd, 8638898.879, 131
Trd, 8638899.612, 119
Trd, 8638900.079, 67
Trd, 8638900.279, 68
Trd, 8638901.012, 101
Trd, 8638901.546, 60
Trd, 8638901.812, 64
Trd, 8638902.279, 79
Trd, 8638902.579, 63
Trd, 8638903.112, 140
Trd, 8638903.379, 140
Trd, 8638903.512, 140
Trd, 8638904.312, 140
Trd, 8638904.546, 112
Trd, 8638904.912, 65
Trd, 8638905.579, 80
Trd, 8638905.746, 117
Trd, 8638905.979, 140
Trd, 8638906.312, 80
Trd, 8638906.412, 80
Trd, 8638906.879, 65
Trd, 8638907.379, 89
Trd, 8638907.879, 95
Trd, 8638909.479, 61
Trd, 8638909.912, 61
Trd, 8638910.079, 60
Trd, 8638910.479, 75
Trd, 8638910.712, 121
Trd, 8638911.146, 120
Trd, 8638911.679, 88
Trd, 8638911.712, 78
Trd, 8638911.846, 80
Trd, 8638911.912, 105
Trd, 8638911.946, 79
Trd, 8638912.679, 125
Trd, 8638913.379, 102
Trd, 8638914.546, 140
Trd, 8638914.612, 140
Trd, 8638914.712, 140
Trd, 8638915.212, 140
Trd, 8638915.579, 140
Trd, 8638916.179, 140
Trd, 8638916.279, 140
Trd, 8638916.579, 140
Trd, 8638917.112, 140
Trd, 8638917.679, 140
Trd, 8638917.879, 140
Trd, 8638918.779, 133
Trd, 8638919.046, 132
Trd, 8638919.412, 113
Trd, 8638919.879, 140
Trd, 8638920.146, 109
Trd, 8638920.279, 108
Trd, 8638920.312, 102
Trd, 8638920.946, 140
Trd, 8638921.412, 140
Trd, 8638922.079, 106
Trd, 8638922.612, 138
Trd, 8638923.012, 140
Trd, 8638923.146, 140
Trd, 8638923.479, 140
Trd, 8638924.212, 140
Trd, 8638924.679, 140
Trd, 8638924.946, 140
Trd, 8638925.146, 140
Trd, 8638925.279, 123
Trd, 8638925.812, 140
Trd, 8638926.679, 140
Trd, 8638926.979, 140
Trd, 8638928.012, 140
Trd, 8638928.212, 140
Trd, 8638928.746, 140
Trd, 8638929.446, 138
Trd, 8638930.179, 140
Trd, 8638930.512, 140
Trd, 8638930.579, 140
Trd, 8638930.679, 140
Trd, 8638931.279, 140
Trd, 8638932.012, 140
Trd, 8638932.079, 127
Trd, 8638932.879, 140
Trd, 8638932.912, 140
Trd, 8638932.979, 140
Trd, 8638933.712, 140
Trd, 8638933.946, 140
Trd, 8638934.012, 139
Trd, 8638934.446, 120
Trd, 8638934.979, 140
Trd, 8638935.046, 69
Trd, 8638935.479, 140
Trd, 8638936.779, 117
Trd, 8638937.212, 116
Trd, 8638937.246, 115
Trd, 8638937.612, 139
Trd, 8638937.712, 139
Trd, 8638938.479, 106
Trd, 8638938.779, 93
Trd, 8638939.479, 140
Trd, 8638939.746, 139
Trd, 8638939.846, 137
Trd, 8638940.046, 125
Trd, 8638941.412, 61
Trd, 8638941.579, 63
Trd, 8638941.612, 63
Trd, 8638942.279, 60
Trd, 8638943.312, 115
Trd, 8638943.412, 140
Trd, 8638943.512, 138
Trd, 8638943.946, 66
Trd, 8638944.746, 64
Trd, 8638945.612, 62
Trd, 8638948.146, 61
Trd, 8638948.412, 64
Trd, 8638948.812, 61
Trd, 8638949.146, 61
Trd, 8638949.579, 66
Trd, 8638949.646, 72
Trd, 8638949.846, 66
Trd, 8638949.879, 63
Trd, 8638950.479, 88
Trd, 8638950.946, 61
Trd, 8638951.379, 62
Trd, 8638951.612, 114
Trd, 8638951.779, 62
Trd, 8638952.246, 62
Trd, 8638952.379, 81
Trd, 8638952.879, 63
Trd, 8638953.279, 140
Trd, 8638953.746, 67
Trd, 8638953.879, 138
Trd, 8638954.046, 71
Trd, 8638955.779, 61
Trd, 8638956.112, 62
Trd, 8638956.746, 60
Trd, 8638956.946, 63
Trd, 8638957.379, 60
Trd, 8638957.979, 62
Trd, 8638958.046, 60
Trd, 8638958.479, 64
Trd, 8638959.512, 65
Trd, 8638959.679, 64
Trd, 8638959.879, 72
Trd, 8638960.046, 65
Trd, 8638960.246, 63
Trd, 8638961.346, 140
Trd, 8638961.512, 140
Trd, 8638961.979, 140
Trd, 8638962.179, 140
Trd, 8638962.512, 140
Trd, 8638962.779, 140
Trd, 8638962.879, 140
Trd, 8638963.546, 140
Trd, 8638963.946, 140
Trd, 8638964.046, 140
Trd, 8638964.879, 140
Trd, 8638964.946, 140
Trd, 8638965.446, 135
Trd, 8638965.479, 116
Trd, 8638965.712, 60
Trd, 8638966.246, 63
Trd, 8638966.646, 62
Trd, 8638968.246, 63
Trd, 8638969.312, 61
Trd, 8638970.012, 60
Trd, 8638970.079, 62
Trd, 8638970.512, 60
Trd, 8638970.812, 61
Trd, 8638970.946, 61
Trd, 8638971.146, 60
Trd, 8638971.546, 60
Trd, 8638971.979, 95
Trd, 8638972.112, 62
Trd, 8638972.579, 140
Trd, 8638972.679, 128
Trd, 8638973.479, 133
Trd, 8638973.912, 137
Trd, 8638974.246, 136
Trd, 8638974.779, 140
Trd, 8638975.046, 138
Trd, 8638975.212, 137
Trd, 8638975.812, 91
Trd, 8638975.946, 90
Trd, 8638976.246, 95
Trd, 8638976.679, 103
Trd, 8638977.312, 60
Trd, 8638977.879, 60
Trd, 8638977.912, 66
Trd, 8638978.512, 61
Trd, 8638978.612, 65
Trd, 8638979.012, 63
Trd, 8638979.379, 65
Trd, 8638979.679, 67
Trd, 8638980.179, 78
Trd, 8638980.346, 74
Trd, 8638982.212, 140
Trd, 8638982.646, 140
Trd, 8638982.746, 140
Trd, 8638982.946, 140
Trd, 8638982.979, 140
Trd, 8638983.412, 139
Trd, 8638983.846, 137
Trd, 8638983.879, 103
Trd, 8638985.279, 140
Trd, 8638986.612, 140
Trd, 8638987.079, 140
Trd, 8638987.379, 140
Trd, 8638987.812, 140
Trd, 8638988.012, 139
Trd, 8638988.512, 140
Trd, 8638989.412, 140
Trd, 8638989.646, 140
Trd, 8638989.946, 140
Trd, 8638990.312, 140
Trd, 8638990.446, 140
Trd, 8638990.846, 140
Trd, 8638991.012, 134
Trd, 8638991.146, 133
Trd, 8638992.146, 140
Trd, 8638992.479, 140
Trd, 8638993.446, 140
Trd, 8638993.779, 140
Trd, 8638993.912, 140
Trd, 8638994.546, 140
Trd, 8638994.746, 140
Trd, 8638994.912, 139
Trd, 8638995.179, 111
Trd, 8638995.646, 136
Trd, 8638996.179, 97
Trd, 8638996.279, 96
Trd, 8638996.312, 95
Trd, 8638996.546, 134
Trd, 8638996.679, 118
Trd, 8638997.212, 139
Trd, 8638997.346, 61
Trd, 8638998.246, 69
Trd, 8638998.979, 63
Trd, 8638999.179, 63
Trd, 8639001.812, 60
Trd, 8639001.846, 62
Trd, 8639001.879, 63
Trd, 8639002.379, 65
Trd, 8639002.679, 65
Trd, 8639002.846, 66
Trd, 8639003.179, 67
Trd, 8639003.446, 71
Trd, 8639004.679, 64
Trd, 8639004.846, 64
Trd, 8639005.579, 77
Trd, 8639006.012, 138
Trd, 8639006.112, 84
Trd, 8639006.379, 139
Trd, 8639006.846, 79
Trd, 8639007.712, 139
Trd, 8639008.046, 140
Trd, 8639008.279, 123
Trd, 8639008.479, 115
Trd, 8639008.879, 114
Trd, 8639009.112, 81
Trd, 8639009.279, 80
Trd, 8639009.579, 62
Trd, 8639009.846, 62
Trd, 8639010.579, 102
Trd, 8639010.679, 73
Trd, 8639010.779, 65
Trd, 8639012.646, 63
Trd, 8639012.746, 65
Trd, 8639013.579, 61
Trd, 8639013.879, 61
Trd, 8639015.179, 62
Trd, 8639015.946, 60
Trd, 8639016.946, 60
Trd, 8639017.212, 61
Trd, 8639017.246, 61
Trd, 8639017.579, 61
Trd, 8639017.679, 61
Trd, 8639018.112, 62
Trd, 8639018.546, 62
Trd, 8639018.579, 62
Trd, 8639019.346, 62
Trd, 8639019.779, 60
Trd, 8639019.979, 60
Trd, 8639020.112, 61
Trd, 8639020.912, 140
Trd, 8639021.346, 140
Trd, 8639021.612, 140
Trd, 8639022.046, 140
Trd, 8639022.079, 119
Trd, 8639022.746, 140
Trd, 8639023.179, 140
Trd, 8639023.212, 129
Trd, 8639024.512, 66
Trd, 8639024.879, 87
Trd, 8639026.412, 60
Trd, 8639026.879, 61
Trd, 8639027.046, 65
Trd, 8639027.179, 66
Trd, 8639027.412, 64
Trd, 8639027.446, 68
Trd, 8639028.212, 62
Trd, 8639028.379, 63
Trd, 8639028.579, 100
Trd, 8639028.812, 60
Trd, 8639029.912, 65
Trd, 8639030.846, 140
Trd, 8639031.279, 102
Trd, 8639031.446, 101
Trd, 8639031.679, 102
Trd, 8639031.746, 101
Trd, 8639031.846, 91
Trd, 8639032.012, 95
Trd, 8639032.546, 85
Trd, 8639033.012, 75
Trd, 8639033.612, 136
Trd, 8639034.379, 140
Trd, 8639034.612, 140
Trd, 8639034.746, 138
Trd, 8639035.212, 126
Trd, 8639035.646, 126
Trd, 8639036.312, 128
Trd, 8639036.512, 132
Trd, 8639036.546, 127
Trd, 8639036.746, 70
Trd, 8639037.979, 63
Trd, 8639038.446, 60
Trd, 8639039.612, 60
Trd, 8639039.746, 61
Trd, 8639039.979, 66
Trd, 8639040.912, 61
Trd, 8639041.579, 61
Trd, 8639041.746, 61
Trd, 8639041.846, 67
Trd, 8639041.946, 71
Trd, 8639043.079, 138
Trd, 8639043.979, 137
Trd, 8639044.046, 134
Trd, 8639044.279, 133
Trd, 8639044.346, 132
Trd, 8639044.379, 130
Trd, 8639044.912, 96
Trd, 8639045.279, 95
Trd, 8639045.612, 140
Trd, 8639046.046, 61
Trd, 8639046.179, 125
Trd, 8639046.679, 65
Trd, 8639047.346, 63
Trd, 8639047.812, 92
Trd, 8639047.846, 91
Trd, 8639048.112, 91
Trd, 8639048.812, 140
Trd, 8639049.246, 92
Trd, 8639049.412, 91
Trd, 8639050.279, 60
Trd, 8639050.346, 61
Trd, 8639051.179, 65
Trd, 8639051.912, 67
Trd, 8639051.946, 101
Trd, 8639052.212, 63
Trd, 8639052.446, 61
Trd, 8639053.712, 65
Trd, 8639053.946, 64
Trd, 8639054.012, 66
Trd, 8639054.212, 67
Trd, 8639054.512, 70
Trd, 8639054.546, 64
Trd, 8639055.012, 88
Trd, 8639055.046, 124
Trd, 8639055.312, 64
Trd, 8639057.746, 60
Trd, 8639058.079, 60
Trd, 8639058.146, 60
Trd, 8639058.412, 60
Trd, 8639058.579, 61
Trd, 8639058.746, 62
Trd, 8639058.979, 60
Trd, 8639059.846, 64
Trd, 8639060.112, 67
Trd, 8639060.979, 73
Trd, 8639061.012, 72
Trd, 8639061.379, 73
Trd, 8639061.946, 140
Trd, 8639062.279, 140
Trd, 8639062.379, 140
Trd, 8639062.512, 139
Trd, 8639063.212, 140
Trd, 8639063.446, 140
Trd, 8639063.512, 140
Trd, 8639063.712, 140
Trd, 8639064.079, 140
Trd, 8639064.112, 139
Trd, 8639064.912, 138
Trd, 8639065.112, 91
Trd, 8639065.712, 60
Trd, 8639066.112, 125
Trd, 8639066.612, 61
Trd, 8639066.746, 103
Trd, 8639067.512, 70
Trd, 8639068.446, 61
Trd, 8639068.812, 61
Trd, 8639069.646, 61
Trd, 8639070.579, 60
Trd, 8639071.212, 60
Trd, 8639071.412, 63
Trd, 8639072.012, 63
Trd, 8639072.212, 64
Trd, 8639072.546, 94
Trd, 8639072.812, 65
Trd, 8639073.012, 138
Trd, 8639073.279, 70
Trd, 8639073.879, 137
Trd, 8639074.179, 137
Trd, 8639074.246, 136
Trd, 8639074.479, 139
Trd, 8639074.646, 68
Trd, 8639075.879, 60
Trd, 8639076.012, 61
Trd, 8639077.346, 62
Trd, 8639078.046, 60
Trd, 8639078.279, 60
Trd, 8639078.379, 61
Trd, 8639078.746, 63
Trd, 8639079.546, 62
Trd, 8639079.646, 63
Trd, 8639080.312, 140
Trd, 8639080.679, 140
Trd, 8639080.846, 140
Trd, 8639080.979, 140
Trd, 8639081.712, 140
Trd, 8639081.746, 140
Trd, 8639082.579, 132
Trd, 8639082.746, 132
Trd, 8639082.779, 131
Trd, 8639083.012, 78
Trd, 8639083.612, 66
Trd, 8639084.379, 140
Trd, 8639084.779, 140
Trd, 8639084.812, 140
Trd, 8639085.279, 140
Trd, 8639085.379, 140
Trd, 8639086.146, 140
Trd, 8639086.446, 140
Trd, 8639086.746, 140
Trd, 8639086.979, 62
Trd, 8639087.312, 64
Trd, 8639087.679, 62
Trd, 8639088.412, 67
Trd, 8639088.479, 130
Trd, 8639089.079, 91
Trd, 8639089.279, 90
Trd, 8639089.879, 140
Trd, 8639090.079, 90
Trd, 8639090.479, 89
Trd, 8639090.712, 140
Trd, 8639091.179, 87
Trd, 8639091.579, 62
Trd, 8639092.279, 77
Trd, 8639092.479, 63
Trd, 8639092.546, 72
Trd, 8639093.046, 74
Trd, 8639093.612, 67
Trd, 8639094.412, 66
Trd, 8639094.912, 97
Trd, 8639095.179, 96
Trd, 8639095.912, 83
Trd, 8639095.946, 82
Trd, 8639096.379, 140
Trd, 8639096.846, 73
Trd, 8639097.012, 80
Trd, 8639097.046, 73
Trd, 8639097.412, 63
Trd, 8639097.512, 61
Trd, 8639098.246, 138
Trd, 8639098.379, 134
Trd, 8639099.046, 140
Trd, 8639099.612, 140
Trd, 8639099.646, 139
Trd, 8639099.746, 61
Trd, 8639099.946, 76
Trd, 8639100.479, 61
Trd, 8639101.146, 65
Trd, 8639101.246, 80
Trd, 8639102.079, 76
Trd, 8639102.446, 66
Trd, 8639102.612, 66
Trd, 8639102.846, 69
Trd, 8639104.146, 74
Trd, 8639104.846, 138
Trd, 8639104.912, 137
Trd, 8639104.979, 72
Trd, 8639105.246, 72
Trd, 8639105.446, 137
Trd, 8639105.546, 71
Trd, 8639106.346, 140
Trd, 8639106.479, 94
Trd, 8639106.546, 94
Trd, 8639106.712, 93
Trd, 8639107.112, 92
Trd, 8639108.079, 61
Trd, 8639108.279, 60
Trd, 8639108.346, 125
Trd, 8639108.846, 81
Trd, 8639109.112, 80
Trd, 8639109.446, 61
Trd, 8639110.512, 61
Trd, 8639111.746, 61
Trd, 8639112.079, 61
Trd, 8639112.246, 61
Trd, 8639113.412, 60
Trd, 8639113.546, 61
Trd, 8639113.812, 66
Trd, 8639115.079, 64
Trd, 8639115.146, 61
Trd, 8639115.346, 119
Trd, 8639115.379, 118
Trd, 8639116.179, 67
Trd, 8639116.512, 71
Trd, 8639116.679, 102
Trd, 8639117.112, 71
Trd, 8639117.379, 108
Trd, 8639117.446, 107
Trd, 8639117.579, 72
Trd, 8639118.279, 72
Trd, 8639118.546, 71
Trd, 8639119.312, 65
Trd, 8639120.312, 140
Trd, 8639120.746, 140
Trd, 8639120.946, 140
Trd, 8639122.312, 140
Trd, 8639122.479, 140
Trd, 8639122.579, 140
Trd, 8639123.079, 140
Trd, 8639123.346, 140
Trd, 8639123.579, 140
Trd, 8639124.046, 139
Trd, 8639125.046, 140
Trd, 8639125.279, 140
Trd, 8639125.312, 139
Trd, 8639126.112, 131
Trd, 8639126.279, 130
Trd, 8639126.846, 129
Trd, 8639127.479, 140
Trd, 8639128.079, 140
Trd, 8639128.146, 140
Trd, 8639128.212, 140
Trd, 8639128.512, 129
Trd, 8639128.712, 128
Trd, 8639129.146, 126
Trd, 8639129.312, 118
Trd, 8639130.312, 135
Trd, 8639130.746, 139
Trd, 8639131.179, 140
Trd, 8639131.512, 140
Trd, 8639131.679, 135
Trd, 8639132.012, 104
Trd, 8639132.446, 117
Trd, 8639132.612, 116
Trd, 8639132.979, 78
Trd, 8639133.812, 138
Trd, 8639134.179, 139
Trd, 8639135.079, 110
Trd, 8639135.746, 124
Trd, 8639136.412, 126
Trd, 8639136.579, 89
Trd, 8639137.146, 67
Trd, 8639138.246, 64
Trd, 8639138.312, 71
Trd, 8639138.712, 61
Trd, 8639139.179, 61
Trd, 8639139.546, 62
Trd, 8639140.146, 65
Trd, 8639140.979, 61
Trd, 8639141.379, 65
Trd, 8639141.446, 63
Trd, 8639141.579, 69
Trd, 8639142.446, 140
Trd, 8639143.012, 140
Trd, 8639143.112, 140
Trd, 8639143.479, 74
Trd, 8639144.146, 140
Trd, 8639144.546, 140
Trd, 8639144.912, 140
Trd, 8639145.112, 122
Trd, 8639145.412, 140
Trd, 8639145.512, 139
Trd, 8639145.946, 121
Trd, 8639146.212, 121
Trd, 8639146.612, 120
Trd, 8639147.246, 72
Trd, 8639147.712, 64
Trd, 8639148.512, 93
Trd, 8639148.812, 74
Trd, 8639149.012, 60
Trd, 8639149.179, 140
Trd, 8639149.746, 140
Trd, 8639150.479, 140
Trd, 8639150.812, 90
Trd, 8639151.012, 90
Trd, 8639151.279, 89
Trd, 8639151.712, 64
Trd, 8639152.812, 60
Trd, 8639152.879, 61
Trd, 8639154.346, 60
Trd, 8639154.912, 60
Trd, 8639154.979, 62
Trd, 8639156.179, 61
Trd, 8639156.212, 62
Trd, 8639156.612, 60
Trd, 8639158.079, 61
Trd, 8639158.612, 62
Trd, 8639159.012, 62
Trd, 8639159.546, 60
Trd, 8639160.046, 62
Trd, 8639160.812, 63
Trd, 8639160.846, 63
Trd, 8639161.279, 63
Trd, 8639161.879, 68
Trd, 8639162.046, 69
Trd, 8639162.079, 65
Trd, 8639162.512, 64
Trd, 8639163.112, 65
Trd, 8639163.979, 140
Trd, 8639164.279, 111
Trd, 8639165.246, 72
Trd, 8639165.979, 140
Trd, 8639166.546, 140
Trd, 8639167.246, 140
Trd, 8639167.546, 139
Trd, 8639167.612, 138
Trd, 8639167.879, 75
Trd, 8639168.346, 138
Trd, 8639168.479, 139
Trd, 8639168.546, 81
Trd, 8639168.679, 75
Trd, 8639168.746, 70
Trd, 8639169.312, 112
Trd, 8639169.546, 122
Trd, 8639169.612, 74
Trd, 8639169.812, 73
Trd, 8639170.479, 74
Trd, 8639170.812, 73
Trd, 8639171.212, 139
Trd, 8639171.646, 74
Trd, 8639172.412, 73
Trd, 8639172.679, 140
Trd, 8639172.746, 81
Trd, 8639173.612, 132
Trd, 8639173.912, 131
Trd, 8639174.379, 107
Trd, 8639174.846, 82
Trd, 8639174.979, 79
Trd, 8639175.279, 62
Trd, 8639175.612, 66
Trd, 8639176.279, 66
Trd, 8639176.879, 60
Trd, 8639177.112, 62
Trd, 8639177.546, 62
Trd, 8639178.179, 62
Trd, 8639178.646, 63
Trd, 8639179.012, 67
Trd, 8639179.546, 64
Trd, 8639180.112, 140
Trd, 8639180.546, 95
Trd, 8639180.879, 68
Trd, 8639181.379, 134
Trd, 8639181.812, 66
Trd, 8639182.212, 64
Trd, 8639182.812, 140
Trd, 8639183.479, 140
Trd, 8639184.046, 139
Trd, 8639184.312, 118
Trd, 8639184.646, 105
Trd, 8639185.379, 111
Trd, 8639186.479, 117
Trd, 8639187.146, 116
Trd, 8639187.479, 115
Trd, 8639187.579, 139
Trd, 8639188.012, 121
Trd, 8639188.112, 120
Trd, 8639188.179, 119
Trd, 8639188.846, 120
Trd, 8639188.879, 85
Trd, 8639188.979, 122
Trd, 8639189.246, 63
Trd, 8639189.746, 92
Trd, 8639190.346, 78
Trd, 8639190.846, 69
Trd, 8639190.912, 68
Trd, 8639191.079, 63
Trd, 8639192.179, 62
Trd, 8639192.612, 62
Trd, 8639192.746, 66
Trd, 8639193.079, 66
Trd, 8639193.612, 62
Trd, 8639194.012, 62
Trd, 8639194.112, 66
Trd, 8639194.446, 65
Trd, 8639194.812, 127
Trd, 8639194.879, 126
Trd, 8639195.412, 140
Trd, 8639195.479, 125
Trd, 8639195.679, 60
Trd, 8639196.279, 138
Trd, 8639197.279, 98
Trd, 8639197.479, 107
Trd, 8639197.579, 96
Trd, 8639198.779, 125
Trd, 8639198.812, 124
Trd, 8639198.912, 138
Trd, 8639199.179, 123
Trd, 8639199.712, 124
Trd, 8639199.779, 122
Trd, 8639199.879, 116
Trd, 8639199.946, 78
Trd, 8639200.646, 140
Trd, 8639200.912, 140
Trd, 8639201.812, 140
Trd, 8639202.046, 140
Trd, 8639202.679, 60
Trd, 8639203.779, 60
Trd, 8639204.912, 140
Trd, 8639205.012, 139
Trd, 8639206.146, 77
Trd, 8639206.879, 79
Trd, 8639206.979, 78
Trd, 8639207.412, 78
Trd, 8639207.712, 77
Trd, 8639207.812, 93
Trd, 8639207.846, 75
Trd, 8639207.879, 100
Trd, 8639208.712, 60
Trd, 8639209.379, 65
Trd, 8639209.779, 65
Trd, 8639209.846, 74
Trd, 8639210.479, 62
Trd, 8639211.379, 63
Trd, 8639211.679, 63
Trd, 8639211.846, 67
Trd, 8639212.912, 71
Trd, 8639213.012, 77
Trd, 8639213.579, 67
Trd, 8639214.012, 140
Trd, 8639214.046, 140
Trd, 8639214.446, 71
Trd, 8639214.912, 70
Trd, 8639215.512, 140
Trd, 8639215.779, 140
Trd, 8639215.812, 139
Trd, 8639216.979, 60
Trd, 8639217.279, 62
Trd, 8639217.312, 65
Trd, 8639217.612, 66
Trd, 8639217.846, 83
Trd, 8639218.079, 64
Trd, 8639219.046, 62
Trd, 8639220.279, 66
Trd, 8639220.712, 61
Trd, 8639220.812, 63
Trd, 8639221.412, 66
Trd, 8639221.579, 64
Trd, 8639221.646, 63
Trd, 8639221.779, 62
Trd, 8639221.979, 61
Trd, 8639222.079, 70
Trd, 8639222.346, 127
Trd, 8639222.646, 139
Trd, 8639223.679, 99
Trd, 8639224.679, 104
Trd, 8639224.712, 103
Trd, 8639225.246, 140
Trd, 8639225.579, 140
Trd, 8639225.746, 140
Trd, 8639225.779, 97
Trd, 8639226.546, 98
Trd, 8639226.979, 98
Trd, 8639227.846, 97
Trd, 8639228.179, 116
Trd, 8639229.079, 84
Trd, 8639229.579, 140
Trd, 8639229.879, 140
Trd, 8639230.112, 140
Trd, 8639230.212, 140
Trd, 8639230.846, 140
Trd, 8639231.112, 139
Trd, 8639231.379, 107
Trd, 8639231.679, 138
Trd, 8639231.979, 106
Trd, 8639232.146, 120
Trd, 8639232.679, 139
Trd, 8639232.912, 138
Trd, 8639232.946, 77
Trd, 8639233.612, 60
Trd, 8639234.879, 125
Trd, 8639235.046, 140
Trd, 8639235.312, 140
Trd, 8639236.279, 140
Trd, 8639236.612, 116
Trd, 8639238.279, 62
Trd, 8639238.446, 62
Trd, 8639238.646, 60
Trd, 8639239.612, 60
Trd, 8639240.146, 60
Trd, 8639240.246, 62
Trd, 8639240.946, 60
Trd, 8639241.079, 60
Trd, 8639241.112, 61
Trd, 8639241.712, 62
Trd, 8639241.979, 61
Trd, 8639242.179, 61
Trd, 8639242.212, 64
Trd, 8639242.679, 61
Trd, 8639242.879, 137
Trd, 8639243.046, 60
Trd, 8639243.612, 61
Trd, 8639244.246, 60
Trd, 8639244.412, 139
Trd, 8639245.879, 60
Trd, 8639246.379, 61
Trd, 8639247.179, 61
Trd, 8639247.479, 61
Trd, 8639247.879, 60
Trd, 8639247.912, 60
Trd, 8639248.679, 68
Trd, 8639248.912, 68
Trd, 8639248.979, 67
Trd, 8639249.446, 61
Trd, 8639249.879, 61
Trd, 8639250.546, 62
Trd, 8639250.712, 60
Trd, 8639251.779, 61
Trd, 8639251.879, 61
Trd, 8639251.946, 61
Trd, 8639252.579, 67
Trd, 8639253.212, 64
Trd, 8639253.879, 65
Trd, 8639254.012, 61
Trd, 8639254.879, 66
Trd, 8639255.212, 129
Trd, 8639255.779, 140
Trd, 8639256.112, 140
Trd, 8639256.179, 140
Trd, 8639256.479, 140
Trd, 8639256.512, 140
Trd, 8639256.579, 80
Trd, 8639257.446, 90
Trd, 8639257.979, 64
Trd, 8639258.179, 67
Trd, 8639258.512, 140
Trd, 8639258.779, 137
Trd, 8639259.212, 109
Trd, 8639260.346, 118
Trd, 8639260.712, 64
Trd, 8639260.946, 61
Trd, 8639261.612, 115
Trd, 8639262.712, 64
Trd, 8639263.812, 64
Trd, 8639263.846, 60
Trd, 8639264.312, 62
Trd, 8639264.579, 64
Trd, 8639264.746, 65
Trd, 8639264.912, 61
Trd, 8639264.946, 98
Trd, 8639265.046, 117
Trd, 8639265.446, 61
Trd, 8639265.879, 65
Trd, 8639265.912, 61
Trd, 8639266.246, 63
Trd, 8639266.279, 71
Trd, 8639267.446, 122
Trd, 8639267.746, 140
Trd, 8639267.812, 122
Trd, 8639267.879, 121
Trd, 8639268.379, 140
Trd, 8639268.612, 111
Trd, 8639269.212, 111
Trd, 8639269.512, 128
Trd, 8639269.679, 127
Trd, 8639269.846, 126
Trd, 8639270.812, 79
Trd, 8639271.112, 61
Trd, 8639271.679, 60
Trd, 8639272.146, 60
Trd, 8639272.479, 61
Trd, 8639273.246, 65
Trd, 8639273.912, 65
Trd, 8639274.179, 65
Trd, 8639274.246, 64
Trd, 8639274.379, 63
Trd, 8639274.679, 68
Trd, 8639275.312, 66
Trd, 8639277.079, 64
Trd, 8639277.546, 60
Trd, 8639278.112, 62
Trd, 8639278.246, 61
Trd, 8639278.379, 63
Trd, 8639278.512, 64
Trd, 8639278.579, 60
Trd, 8639278.979, 121
Trd, 8639279.579, 113
Trd, 8639280.379, 114
Trd, 8639280.412, 98
Trd, 8639281.079, 140
Trd, 8639281.179, 140
Trd, 8639282.079, 86
Trd, 8639282.112, 83
Trd, 8639282.712, 140
Trd, 8639282.879, 139
Trd, 8639283.646, 140
Trd, 8639284.879, 60
Trd, 8639285.046, 61
Trd, 8639285.412, 65
Trd, 8639285.612, 68
Trd, 8639287.146, 72
Trd, 8639287.479, 70
Trd, 8639288.079, 66
Trd, 8639288.279, 63
Trd, 8639288.546, 140
Trd, 8639290.179, 61
Trd, 8639290.479, 63
Trd, 8639290.646, 71
Trd, 8639290.679, 74
Trd, 8639290.912, 70
Trd, 8639291.779, 70
Trd, 8639292.046, 65
Trd, 8639292.212, 65
Trd, 8639292.279, 64
Trd, 8639292.846, 126
Trd, 8639293.179, 120
Trd, 8639293.212, 119
Trd, 8639293.546, 140
Trd, 8639293.746, 140
Trd, 8639294.412, 140
Trd, 8639295.346, 140
Trd, 8639295.479, 140
Trd, 8639295.512, 140
Trd, 8639295.779, 69
Trd, 8639296.846, 139
Trd, 8639297.412, 140
Trd, 8639297.612, 139
Trd, 8639298.479, 140
Trd, 8639298.812, 140
Trd, 8639299.512, 140
Trd, 8639299.612, 139
Trd, 8639299.679, 132
Trd, 8639300.179, 107
Trd, 8639300.346, 111
Trd, 8639300.412, 78
Trd, 8639300.746, 76
Trd, 8639301.812, 140
Trd, 8639301.912, 134
Trd, 8639301.946, 133
Trd, 8639302.446, 140
Trd, 8639302.479, 132
Trd, 8639303.179, 129
Trd, 8639303.646, 132
Trd, 8639303.879, 139
Trd, 8639304.379, 139
Trd, 8639304.446, 131
Trd, 8639305.046, 74
Trd, 8639305.346, 62
Trd, 8639306.412, 140
Trd, 8639306.446, 140
Trd, 8639306.612, 66
Trd, 8639306.979, 60
Trd, 8639308.812, 60
Trd, 8639309.212, 60
Trd, 8639309.379, 60
Trd, 8639309.579, 61
Trd, 8639309.746, 62
Trd, 8639310.379, 68
Trd, 8639310.412, 66
Trd, 8639310.546, 133
Trd, 8639310.646, 136
Trd, 8639311.446, 125
Trd, 8639311.679, 70
Trd, 8639311.946, 139
Trd, 8639312.012, 68
Trd, 8639312.146, 74
Trd, 8639312.179, 67
Trd, 8639313.346, 66
Trd, 8639314.146, 60
Trd, 8639314.379, 60
Trd, 8639314.712, 88
Trd, 8639314.979, 87
Trd, 8639315.179, 87
Trd, 8639315.546, 87
Trd, 8639316.479, 114
Trd, 8639316.846, 138
Trd, 8639317.146, 140
Trd, 8639317.379, 136
Trd, 8639317.979, 140
Trd, 8639318.879, 139
Trd, 8639318.979, 126
Trd, 8639319.012, 86
Trd, 8639319.279, 72
Trd, 8639319.979, 77
Trd, 8639320.312, 123
Trd, 8639320.579, 93
Trd, 8639321.079, 89
Trd, 8639321.546, 80
Trd, 8639322.146, 140
Trd, 8639322.179, 139
Trd, 8639322.879, 138
Trd, 8639323.146, 139
Trd, 8639323.846, 140
Trd, 8639324.046, 140
Trd, 8639324.179, 140
Trd, 8639324.246, 139
Trd, 8639324.479, 137
Trd, 8639324.912, 136
Trd, 8639325.412, 105
Trd, 8639325.612, 132
Trd, 8639326.679, 89
Trd, 8639328.146, 139
Trd, 8639328.179, 114
Trd, 8639328.312, 113
Trd, 8639328.512, 128
Trd, 8639328.646, 113
Trd, 8639328.879, 118
Trd, 8639329.512, 140
Trd, 8639329.546, 140
Trd, 8639329.779, 113
Trd, 8639329.812, 112
Trd, 8639331.112, 139
Trd, 8639331.546, 140
Trd, 8639331.679, 139
Trd, 8639331.946, 140
Trd, 8639332.546, 108
Trd, 8639332.779, 88
Trd, 8639332.879, 87
Trd, 8639333.379, 68
Trd, 8639334.012, 140
Trd, 8639334.846, 140
Trd, 8639334.979, 140
Trd, 8639335.446, 140
Trd, 8639336.112, 140
Trd, 8639337.179, 140
Trd, 8639337.679, 140
Trd, 8639337.812, 140
Trd, 8639338.746, 140
Trd, 8639339.579, 140
Trd, 8639339.879, 140
Trd, 8639339.946, 140
Trd, 8639340.146, 140
Trd, 8639340.746, 139
Trd, 8639340.946, 131
Trd, 8639341.579, 140
Trd, 8639341.646, 140
Trd, 8639341.746, 92
Trd, 8639342.879, 140
Trd, 8639342.946, 140
Trd, 8639343.412, 140
Trd, 8639343.512, 140
Trd, 8639343.646, 140
Trd, 8639343.712, 113
Trd, 8639344.079, 138
Trd, 8639345.012, 63
Trd, 8639345.146, 62
Trd, 8639345.379, 140
Trd, 8639346.512, 83
Trd, 8639346.579, 82
Trd, 8639347.812, 108
Trd, 8639348.412, 104
Trd, 8639348.446, 120
Trd, 8639348.679, 101
Trd, 8639348.779, 90
Trd, 8639349.546, 127
Trd, 8639350.012, 121
Trd, 8639350.479, 137
Trd, 8639350.712, 97
Trd, 8639350.812, 95
Trd, 8639351.112, 139
Trd, 8639351.312, 98
Trd, 8639352.412, 140
Trd, 8639352.946, 140
Trd, 8639353.112, 140
Trd, 8639353.546, 127
Trd, 8639353.679, 127
Trd, 8639353.712, 126
Trd, 8639353.812, 124
Trd, 8639354.046, 69
Trd, 8639354.412, 136
Trd, 8639354.912, 110
Trd, 8639356.012, 140
Trd, 8639356.079, 140
Trd, 8639356.146, 107
Trd, 8639357.379, 139
Trd, 8639357.579, 98
Trd, 8639357.679, 65
Trd, 8639357.846, 63
Trd, 8639358.079, 70
Trd, 8639359.446, 60
Trd, 8639359.579, 66
Trd, 8639359.679, 87
Trd, 8639360.412, 89
Trd, 8639360.679, 79
Trd, 8639361.146, 78
Trd, 8639361.746, 137
Trd, 8639361.779, 136
Trd, 8639362.512, 140
Trd, 8639362.646, 140
Trd, 8639362.712, 140
Trd, 8639362.812, 140
Trd, 8639363.812, 140
Trd, 8639363.912, 140
Trd, 8639364.379, 136
Trd, 8639364.912, 140
Trd, 8639365.012, 95
Trd, 8639365.579, 100
Trd, 8639365.879, 75
Trd, 8639366.112, 61
Trd, 8639366.512, 140
Trd, 8639366.846, 140
Trd, 8639367.246, 140
Trd, 8639367.579, 140
Trd, 8639367.979, 120
Trd, 8639368.746, 75
Trd, 8639368.779, 61
Trd, 8639368.846, 114
Trd, 8639369.212, 140
Trd, 8639369.312, 140
Trd, 8639369.546, 93
Trd, 8639371.846, 66
Trd, 8639371.879, 67
Trd, 8639372.146, 66
Trd, 8639372.179, 65
Trd, 8639372.846, 117
Trd, 8639373.146, 138
Trd, 8639373.812, 140
Trd, 8639373.912, 140
Trd, 8639374.746, 140
Trd, 8639374.946, 138
Trd, 8639375.646, 140
Trd, 8639376.479, 140
Trd, 8639377.079, 140
Trd, 8639377.212, 140
Trd, 8639377.346, 138
Trd, 8639377.379, 136
Trd, 8639377.912, 105
Trd, 8639378.579, 140
Trd, 8639378.612, 140
Trd, 8639379.112, 140
Trd, 8639379.412, 140
Trd, 8639379.979, 134
Trd, 8639380.246, 140
Trd, 8639380.812, 135
Trd, 8639381.146, 95
Trd, 8639381.346, 96
Trd, 8639381.412, 95
Trd, 8639381.546, 93
Trd, 8639383.046, 60
Trd, 8639383.746, 60
Trd, 8639383.879, 60
Trd, 8639384.779, 60
Trd, 8639384.879, 61
Trd, 8639385.346, 62
Trd, 8639385.412, 63
Trd, 8639385.779, 64
Trd, 8639385.912, 60
Trd, 8639386.912, 72
Trd, 8639387.412, 140
Trd, 8639387.879, 140
Trd, 8639387.912, 140
Trd, 8639389.679, 61
Trd, 8639390.446, 60
Trd, 8639390.879, 60
Trd, 8639391.146, 63
Trd, 8639391.179, 64
Trd, 8639391.246, 72
Trd, 8639391.879, 60
Trd, 8639392.079, 63
Trd, 8639392.146, 60
Trd, 8639392.879, 113
Trd, 8639393.312, 139
Trd, 8639394.046, 140
Trd, 8639394.312, 140
Trd, 8639394.379, 140
Trd, 8639394.546, 140
Trd, 8639395.046, 140
Trd, 8639395.312, 140
Trd, 8639395.546, 140
Trd, 8639395.746, 140
Trd, 8639396.112, 106
Trd, 8639396.146, 96
Trd, 8639396.446, 84
Trd, 8639397.579, 69
Trd, 8639398.046, 68
Trd, 8639398.612, 137
Trd, 8639398.779, 136
Trd, 8639399.646, 140
Trd, 8639399.779, 138
Trd, 8639400.379, 60
Trd, 8639400.812, 61
Trd, 8639401.312, 61
Trd, 8639401.646, 63
Trd, 8639402.112, 65
Trd, 8639402.212, 66
Trd, 8639402.746, 62
Trd, 8639402.879, 63
Trd, 8639403.012, 137
Trd, 8639403.212, 62
Trd, 8639403.812, 139
Trd, 8639404.512, 63
Trd, 8639404.746, 67
Trd, 8639404.846, 63
Trd, 8639405.046, 63
Trd, 8639405.112, 69
Trd, 8639405.879, 62
Trd, 8639406.846, 60
Trd, 8639406.879, 68
Trd, 8639407.512, 114
Trd, 8639408.812, 67
Trd, 8639409.779, 60
Trd, 8639410.746, 63
Trd, 8639410.912, 60
Trd, 8639411.012, 63
Trd, 8639411.146, 60
Trd, 8639411.779, 65
Trd, 8639411.846, 66
Trd, 8639412.346, 67
Trd, 8639412.479, 68
Trd, 8639412.846, 72
Trd, 8639412.946, 73
Trd, 8639413.546, 76
Trd, 8639413.646, 76
Trd, 8639413.879, 80
Trd, 8639414.446, 139
Trd, 8639415.179, 81
Trd, 8639415.246, 80
Trd, 8639415.379, 78
Trd, 8639415.512, 75
Trd, 8639416.512, 113
Trd, 8639416.846, 74
Trd, 8639417.679, 125
Trd, 8639418.079, 123
Trd, 8639418.479, 140
Trd, 8639418.979, 140
Trd, 8639419.246, 140
Trd, 8639420.212, 139
Trd, 8639420.446, 117
Trd, 8639421.012, 140
Trd, 8639421.479, 105
Trd, 8639421.912, 103
Trd, 8639422.479, 140
Trd, 8639422.646, 140
Trd, 8639422.746, 140
Trd, 8639422.946, 140
Trd, 8639423.046, 93
Trd, 8639424.012, 140
Trd, 8639424.146, 140
Trd, 8639425.179, 140
Trd, 8639425.312, 67
Trd, 8639425.512, 62
Trd, 8639426.012, 61
Trd, 8639426.612, 118
Trd, 8639427.046, 60
Trd, 8639427.346, 62
Trd, 8639427.979, 127
Trd, 8639428.146, 128
Trd, 8639428.279, 129
Trd, 8639429.412, 138
Trd, 8639429.779, 137
Trd, 8639430.412, 140
Trd, 8639430.879, 136
Trd, 8639431.246, 140
Trd, 8639431.379, 140
Trd, 8639432.112, 140
Trd, 8639432.279, 139
Trd, 8639432.512, 139
Trd, 8639432.712, 116
Trd, 8639432.779, 114
Trd, 8639433.046, 115
Trd, 8639433.146, 114
Trd, 8639433.346, 94
Trd, 8639433.579, 109
Trd, 8639434.012, 140
Trd, 8639434.679, 140
Trd, 8639435.446, 105
Trd, 8639436.412, 61
Trd, 8639436.546, 60
Trd, 8639437.212, 61
Trd, 8639437.546, 62
Trd, 8639438.246, 60
Trd, 8639438.846, 63
Trd, 8639439.512, 67
Trd, 8639439.546, 72
Trd, 8639439.579, 93
Trd, 8639440.046, 68
Trd, 8639440.379, 140
Trd, 8639440.479, 139
Trd, 8639440.612, 138
Trd, 8639440.812, 71
Trd, 8639441.312, 120
Trd, 8639441.779, 69
Trd, 8639442.846, 78
Trd, 8639443.146, 77
Trd, 8639443.812, 140
Trd, 8639444.179, 100
Trd, 8639444.379, 140
Trd, 8639444.779, 131
Trd, 8639444.812, 103
Trd, 8639445.246, 100
Trd, 8639445.946, 140
Trd, 8639446.079, 79
Trd, 8639446.646, 84
Trd, 8639447.446, 119
Trd, 8639447.846, 102
Trd, 8639448.579, 140
Trd, 8639448.712, 140
Trd, 8639448.879, 140
Trd, 8639449.012, 140
Trd, 8639449.546, 140
Trd, 8639450.012, 118
Trd, 8639450.479, 112
Trd, 8639450.746, 62
Trd, 8639451.612, 61
Trd, 8639451.812, 62
Trd, 8639451.979, 63
Trd, 8639452.446, 66
Trd, 8639452.612, 65
Trd, 8639452.979, 65
Trd, 8639453.279, 64
Trd, 8639454.112, 69
Trd, 8639454.546, 99
Trd, 8639454.879, 98
Trd, 8639455.512, 140
Trd, 8639456.012, 140
Trd, 8639456.079, 140
Trd, 8639456.246, 139
Trd, 8639456.679, 140
Trd, 8639457.479, 140
Trd, 8639458.412, 140
Trd, 8639458.679, 140
Trd, 8639458.746, 140
Trd, 8639459.279, 140
Trd, 8639459.546, 140
Trd, 8639459.612, 140
Trd, 8639459.779, 139
Trd, 8639460.112, 127
Trd, 8639460.412, 115
Trd, 8639460.646, 61
Trd, 8639462.312, 140
Trd, 8639462.646, 140
Trd, 8639463.079, 140
Trd, 8639463.212, 140
Trd, 8639463.346, 139
Trd, 8639463.679, 139
Trd, 8639463.712, 126
Trd, 8639464.112, 140
Trd, 8639464.212, 140
Trd, 8639465.379, 115
Trd, 8639465.479, 126
Trd, 8639466.479, 87
Trd, 8639466.946, 140
Trd, 8639467.012, 140
Trd, 8639467.146, 140
Trd, 8639467.479, 127
Trd, 8639467.746, 85
Trd, 8639468.712, 140
Trd, 8639468.779, 140
Trd, 8639469.146, 76
Trd, 8639469.579, 97
Trd, 8639470.379, 138
Trd, 8639470.412, 137
Trd, 8639470.812, 140
Trd, 8639471.712, 139
Trd, 8639472.579, 140
Trd, 8639472.812, 140
Trd, 8639472.979, 137
Trd, 8639474.112, 140
Trd, 8639474.612, 140
Trd, 8639475.212, 140
Trd, 8639475.346, 140
Trd, 8639475.579, 137
Trd, 8639475.912, 136
Trd, 8639476.412, 140
Trd, 8639476.479, 139
Trd, 8639476.679, 137
Trd, 8639476.812, 107
Trd, 8639476.979, 71
Trd, 8639477.579, 139
Trd, 8639478.179, 139
Trd, 8639478.446, 114
Trd, 8639479.112, 63
Trd, 8639480.246, 63
Trd, 8639480.646, 63
Trd, 8639482.112, 60
Trd, 8639482.179, 60
Trd, 8639482.446, 63
Trd, 8639482.579, 63
Trd, 8639483.079, 60
Trd, 8639483.512, 65
Trd, 8639483.779, 66
Trd, 8639484.579, 66
Trd, 8639484.946, 66
Trd, 8639485.512, 140
Trd, 8639485.579, 139
Trd, 8639485.612, 71
Trd, 8639486.246, 139
Trd, 8639486.646, 138
Trd, 8639487.279, 136
Trd, 8639487.346, 103
Trd, 8639487.946, 140
Trd, 8639488.146, 137
Trd, 8639488.379, 127
Trd, 8639488.546, 103
Trd, 8639489.912, 140
Trd, 8639490.312, 140
Trd, 8639490.412, 140
Trd, 8639490.746, 140
Trd, 8639490.846, 140
Trd, 8639491.246, 118
Trd, 8639491.712, 117
Trd, 8639492.146, 62
Trd, 8639493.012, 140
Trd, 8639493.112, 140
Trd, 8639493.246, 113
Trd, 8639493.446, 71
Trd, 8639495.412, 60
Trd, 8639495.579, 61
Trd, 8639496.812, 60
Trd, 8639497.079, 60
Trd, 8639497.279, 61
Trd, 8639497.312, 61
Trd, 8639497.712, 64
Trd, 8639498.012, 63
Trd, 8639498.046, 62
Trd, 8639498.612, 60
Trd, 8639498.846, 60
Trd, 8639499.179, 67
Trd, 8639499.246, 64
Trd, 8639499.912, 65
Trd, 8639500.612, 72
Trd, 8639501.279, 68
Trd, 8639501.512, 68
Trd, 8639501.746, 69
Trd, 8639501.779, 93
Trd, 8639501.879, 114
Trd, 8639501.946, 68
Trd, 8639502.546, 71
Trd, 8639503.146, 70
Trd, 8639503.679, 60
Trd, 8639503.812, 61
Trd, 8639506.379, 60
Trd, 8639507.412, 62
Trd, 8639507.746, 62
Trd, 8639508.346, 62
Trd, 8639508.479, 62
Trd, 8639508.912, 64
Trd, 8639509.412, 60
Trd, 8639510.412, 61
Trd, 8639510.879, 62
Trd, 8639510.912, 61
Trd, 8639511.012, 62
Trd, 8639511.512, 63
Trd, 8639511.646, 64
Trd, 8639512.412, 137
Trd, 8639512.579, 137
Trd, 8639512.612, 136
Trd, 8639512.679, 97
Trd, 8639512.946, 63
Trd, 8639513.612, 64
Trd, 8639514.146, 73
Trd, 8639514.512, 72
Trd, 8639514.779, 70
Trd, 8639514.812, 69
Trd, 8639515.146, 137
Trd, 8639517.346, 60
Trd, 8639517.646, 62
Trd, 8639518.212, 60
Trd, 8639518.346, 63
Trd, 8639518.779, 60
Trd, 8639519.112, 60
Trd, 8639519.679, 61
Trd, 8639520.179, 62
Trd, 8639520.646, 61
Trd, 8639520.946, 61
Trd, 8639522.346, 61
Trd, 8639522.579, 64
Trd, 8639522.846, 67
Trd, 8639523.246, 67
Trd, 8639523.846, 79
Trd, 8639523.946, 78
Trd, 8639524.012, 88
Trd, 8639525.346, 61
Trd, 8639525.646, 63
Trd, 8639525.679, 61
Trd, 8639526.479, 66
Trd, 8639526.546, 67
Trd, 8639527.212, 136
Trd, 8639527.279, 72
Trd, 8639527.912, 70
Trd, 8639528.212, 62
Trd, 8639528.546, 65
Trd, 8639529.612, 125
Trd, 8639529.646, 94
Trd, 8639529.746, 116
Trd, 8639529.846, 79
Trd, 8639531.179, 62
Trd, 8639531.546, 62
Trd, 8639531.679, 63
Trd, 8639533.012, 61
Trd, 8639533.312, 61
Trd, 8639534.512, 61
Trd, 8639534.912, 61
Trd, 8639535.012, 61
Trd, 8639535.146, 62
Trd, 8639535.179, 63
Trd, 8639535.412, 62
Trd, 8639535.746, 63
Trd, 8639535.946, 65
Trd, 8639536.346, 68
Trd, 8639537.479, 75
Trd, 8639537.579, 72
Trd, 8639537.679, 116
Trd, 8639538.846, 87
Trd, 8639539.079, 77
Trd, 8639539.246, 75
Trd, 8639539.912, 73
Trd, 8639540.246, 123
Trd, 8639540.679, 140
Trd, 8639540.912, 76
Trd, 8639541.479, 86
Trd, 8639541.546, 83
Trd, 8639542.512, 60
Trd, 8639542.912, 62
Trd, 8639543.279, 60
Trd, 8639543.379, 63
Trd, 8639544.379, 140
Trd, 8639544.712, 140
Trd, 8639544.879, 140
Trd, 8639545.279, 140
Trd, 8639545.779, 140
Trd, 8639546.212, 140
Trd, 8639547.112, 140
Trd, 8639547.646, 140
Trd, 8639547.679, 140
Trd, 8639547.779, 140
Trd, 8639548.546, 140
Trd, 8639548.579, 140
Trd, 8639548.946, 120
Trd, 8639549.779, 140
Trd, 8639550.012, 138
Trd, 8639550.412, 140
Trd, 8639550.546, 78
Trd, 8639550.612, 86
Trd, 8639550.779, 74
Trd, 8639551.146, 111
Trd, 8639551.379, 138
Trd, 8639552.079, 128
Trd, 8639552.146, 126
Trd, 8639553.046, 140
Trd, 8639553.779, 140
Trd, 8639553.946, 138
Trd, 8639555.112, 139
Trd, 8639555.179, 139
Trd, 8639555.379, 137
Trd, 8639556.012, 139
Trd, 8639556.246, 137
Trd, 8639556.379, 78
Trd, 8639556.979, 95
Trd, 8639558.012, 137
Trd, 8639558.546, 140
Trd, 8639558.612, 140
Trd, 8639558.646, 140
Trd, 8639559.012, 108
Trd, 8639559.279, 106
Trd, 8639559.746, 136
Trd, 8639560.946, 123
Trd, 8639561.212, 120
Trd, 8639561.579, 119
Trd, 8639562.446, 140
Trd, 8639562.646, 140
Trd, 8639562.712, 140
Trd, 8639562.879, 140
Trd, 8639563.279, 140
Trd, 8639563.946, 140
Trd, 8639564.046, 140
Trd, 8639564.246, 140
Trd, 8639564.712, 100
Trd, 8639565.646, 62
Trd, 8639565.912, 62
Trd, 8639566.112, 62
Trd, 8639566.912, 99
Trd, 8639567.412, 64
Trd, 8639568.112, 137
Trd, 8639568.146, 136
Trd, 8639568.446, 140
Trd, 8639568.946, 140
Trd, 8639569.012, 139
Trd, 8639569.879, 109
Trd, 8639571.846, 140
Trd, 8639572.046, 140
Trd, 8639572.379, 140
Trd, 8639572.779, 140
Trd, 8639572.912, 140
Trd, 8639573.312, 140
Trd, 8639573.379, 140
Trd, 8639573.446, 140
Trd, 8639573.812, 140
Trd, 8639574.246, 140
Trd, 8639574.479, 93
Trd, 8639575.412, 103
Trd, 8639575.446, 92
Trd, 8639575.779, 140
Trd, 8639576.246, 61
Trd, 8639576.546, 62
Trd, 8639576.612, 63
Trd, 8639577.679, 65
Trd, 8639578.012, 67
Trd, 8639578.179, 125
Trd, 8639578.379, 121
Trd, 8639578.579, 65
Trd, 8639579.012, 140
Trd, 8639579.579, 140
Trd, 8639580.479, 140
Trd, 8639581.346, 140
Trd, 8639581.546, 140
Trd, 8639582.679, 140
Trd, 8639582.712, 140
Trd, 8639583.079, 140
Trd, 8639583.779, 140
Trd, 8639583.846, 140
Trd, 8639583.879, 139
Trd, 8639584.012, 140
Trd, 8639584.412, 140
Trd, 8639584.479, 138
Trd, 8639585.112, 140
Trd, 8639586.279, 140
Trd, 8639586.379, 139
Trd, 8639587.512, 135
Trd, 8639587.579, 134
Trd, 8639587.646, 133
Trd, 8639587.879, 135
Trd, 8639587.946, 129
Trd, 8639588.279, 93
Trd, 8639588.379, 112
Trd, 8639588.779, 97
Trd, 8639589.746, 140
Trd, 8639589.979, 75
Trd, 8639590.012, 65
Trd, 8639590.312, 100
Trd, 8639591.712, 140
Trd, 8639591.979, 140
Trd, 8639592.246, 124
Trd, 8639592.279, 123
Trd, 8639592.446, 140
Trd, 8639592.479, 122
Trd, 8639592.779, 81
Trd, 8639593.079, 80
Trd, 8639593.812, 95
Trd, 8639594.979, 98
Trd, 8639595.446, 139
Trd, 8639595.712, 140
Trd, 8639595.846, 140
Trd, 8639596.212, 140
Trd, 8639597.079, 140
Trd, 8639597.479, 73
Trd, 8639598.446, 137
Trd, 8639598.779, 127
Trd, 8639599.112, 126
Trd, 8639599.146, 125
Trd, 8639599.746, 115
Trd, 8639599.979, 78
Trd, 8639600.212, 140
Trd, 8639600.779, 83
Trd, 8639600.879, 83
Trd, 8639601.512, 77
Trd, 8639601.579, 78
Trd, 8639602.346, 140
Trd, 8639602.546, 80
Trd, 8639602.846, 86
Trd, 8639604.379, 61
Trd, 8639604.479, 60
Trd, 8639605.012, 60
Trd, 8639605.912, 61
Trd, 8639607.346, 61
Trd, 8639608.179, 60
Trd, 8639608.812, 63
Trd, 8639608.879, 61
Trd, 8639609.012, 61
Trd, 8639609.512, 60
Trd, 8639609.612, 63
Trd, 8639609.679, 63
Trd, 8639609.712, 85
Trd, 8639609.979, 63
Trd, 8639610.212, 64
Trd, 8639610.679, 70
Trd, 8639610.812, 69
Trd, 8639611.146, 64
Trd, 8639612.512, 125
Trd, 8639612.679, 126
Trd, 8639612.912, 126
Trd, 8639613.112, 125
Trd, 8639613.546, 139
Trd, 8639613.712, 137
Trd, 8639614.112, 61
Trd, 8639614.479, 91
Trd, 8639615.112, 102
Trd, 8639616.079, 64
Trd, 8639616.479, 64
Trd, 8639617.146, 99
Trd, 8639617.379, 140
Trd, 8639617.446, 140
Trd, 8639617.879, 93
Trd, 8639617.912, 91
Trd, 8639618.146, 108
Trd, 8639618.412, 68
Trd, 8639619.112, 67
Trd, 8639619.546, 65
Trd, 8639620.379, 62
Trd, 8639620.912, 60
Trd, 8639621.246, 60
Trd, 8639622.312, 140
Trd, 8639622.946, 140
Trd, 8639622.979, 140
Trd, 8639623.046, 140
Trd, 8639623.512, 93
Trd, 8639624.379, 140
Trd, 8639624.479, 140
Trd, 8639624.646, 140
Trd, 8639624.812, 140
Trd, 8639624.946, 87
Trd, 8639625.846, 118
Trd, 8639626.079, 87
Trd, 8639626.112, 84
Trd, 8639626.379, 61
Trd, 8639627.012, 139
Trd, 8639627.812, 139
Trd, 8639627.946, 139
Trd, 8639628.112, 138
Trd, 8639629.046, 140
Trd, 8639629.112, 140
Trd, 8639629.979, 140
Trd, 8639630.112, 140
Trd, 8639630.346, 62
Trd, 8639630.546, 76
Trd, 8639631.546, 62
Trd, 8639632.379, 60
Trd, 8639632.546, 61
Trd, 8639632.812, 62
Trd, 8639633.046, 62
Trd, 8639633.212, 63
Trd, 8639633.679, 62
Trd, 8639634.179, 136
Trd, 8639634.312, 87
Trd, 8639634.379, 85
Trd, 8639635.246, 140
Trd, 8639635.446, 140
Trd, 8639635.612, 140
Trd, 8639635.779, 140
Trd, 8639637.379, 140
Trd, 8639637.412, 140
Trd, 8639637.746, 140
Trd, 8639638.146, 140
Trd, 8639639.012, 140
Trd, 8639639.346, 140
Trd, 8639639.679, 140
Trd, 8639639.712, 140
Trd, 8639639.812, 140
Trd, 8639640.312, 139
Trd, 8639640.879, 125
Trd, 8639641.512, 140
Trd, 8639641.846, 140
Trd, 8639642.246, 140
Trd, 8639642.512, 140
Trd, 8639642.979, 117
Trd, 8639643.012, 116
Trd, 8639643.246, 92
Trd, 8639644.146, 138
Trd, 8639644.546, 140
Trd, 8639644.679, 121
Trd, 8639645.446, 94
Trd, 8639645.779, 94
Trd, 8639647.079, 140
Trd, 8639647.479, 139
Trd, 8639647.812, 139
Trd, 8639648.079, 138
Trd, 8639648.779, 140
Trd, 8639648.846, 103
Trd, 8639649.212, 102
Trd, 8639649.412, 140
Trd, 8639649.546, 97
Trd, 8639650.046, 117
Trd, 8639650.879, 138
Trd, 8639651.912, 140
Trd, 8639651.979, 140
Trd, 8639652.012, 137
Trd, 8639652.079, 60
Trd, 8639652.612, 140
Trd, 8639652.846, 140
Trd, 8639653.412, 130
Trd, 8639653.946, 132
Trd, 8639654.379, 140
Trd, 8639654.579, 132
Trd, 8639654.679, 130
Trd, 8639654.879, 128
Trd, 8639655.712, 140
Trd, 8639655.946, 116
Trd, 8639656.412, 60
Trd, 8639656.746, 60
Trd, 8639657.846, 61
Trd, 8639658.546, 60
Trd, 8639658.612, 61
Trd, 8639659.679, 62
Trd, 8639660.246, 60
Trd, 8639660.279, 63
Trd, 8639660.946, 65
Trd, 8639661.179, 65
Trd, 8639661.512, 73
Trd, 8639661.846, 68
Trd, 8639661.979, 68
Trd, 8639662.112, 72
Trd, 8639662.512, 67
Trd, 8639662.746, 65
Trd, 8639663.012, 63
Trd, 8639663.379, 65
Trd, 8639663.746, 72
Trd, 8639663.879, 60
Trd, 8639664.379, 73
Trd, 8639665.179, 76
Trd, 8639665.812, 78
Trd, 8639666.912, 140
Trd, 8639667.379, 140
Trd, 8639667.979, 140
Trd, 8639668.112, 140
Trd, 8639668.812, 139
Trd, 8639669.479, 140
Trd, 8639669.746, 139
Trd, 8639669.812, 139
Trd, 8639669.846, 138
Trd, 8639670.179, 139
Trd, 8639670.279, 121
Trd, 8639670.679, 98
Trd, 8639670.779, 85
Trd, 8639670.912, 126
Trd, 8639671.246, 118
Trd, 8639672.112, 63
Trd, 8639673.146, 140
Trd, 8639673.512, 140
Trd, 8639673.646, 140
Trd, 8639673.946, 140
Trd, 8639674.479, 75
Trd, 8639674.612, 73
Trd, 8639675.446, 140
Trd, 8639676.846, 114
Trd, 8639677.246, 87
Trd, 8639678.012, 127
Trd, 8639678.246, 128
Trd, 8639678.379, 127
Trd, 8639678.979, 140
Trd, 8639679.312, 140
Trd, 8639679.446, 140
Trd, 8639680.146, 140
Trd, 8639680.346, 140
Trd, 8639680.679, 111
Trd, 8639680.846, 104
Trd, 8639680.946, 102
Trd, 8639681.512, 140
Trd, 8639681.912, 140
Trd, 8639681.979, 138
Trd, 8639682.279, 140
Trd, 8639682.446, 119
Trd, 8639682.846, 62
Trd, 8639683.679, 61
Trd, 8639683.879, 63
Trd, 8639684.579, 62
Trd, 8639685.346, 63
Trd, 8639686.446, 72
Trd, 8639686.712, 62
Trd, 8639687.646, 68
Trd, 8639687.679, 66
Trd, 8639687.812, 66
Trd, 8639687.912, 74
Trd, 8639688.346, 69
Trd, 8639688.446, 68
Trd, 8639688.779, 61
Trd, 8639689.512, 62
Trd, 8639690.012, 129
Trd, 8639690.479, 138
Trd, 8639690.646, 137
Trd, 8639690.946, 140
Trd, 8639691.479, 110
Trd, 8639691.712, 116
Trd, 8639692.446, 114
Trd, 8639692.479, 113
Trd, 8639693.179, 72
Trd, 8639693.779, 137
Trd, 8639693.846, 136
Trd, 8639694.312, 73
Trd, 8639694.379, 70
Trd, 8639694.679, 62
Trd, 8639695.546, 60
Trd, 8639695.812, 61
Trd, 8639695.979, 64
Trd, 8639696.646, 65
Trd, 8639697.612, 67
Trd, 8639698.312, 68
Trd, 8639699.579, 60
Trd, 8639699.646, 60
Trd, 8639700.379, 61
Trd, 8639700.412, 61
Trd, 8639700.479, 60
Trd, 8639700.612, 61
Trd, 8639701.146, 63
Trd, 8639701.179, 89
Trd, 8639701.346, 70
Trd, 8639701.379, 61
Trd, 8639701.512, 61
Trd, 8639702.412, 140
Trd, 8639702.446, 139
Trd, 8639703.012, 87
Trd, 8639703.646, 124
Trd, 8639704.179, 117
Trd, 8639704.546, 137
Trd, 8639705.046, 140
Trd, 8639705.379, 140
Trd, 8639705.512, 140
Trd, 8639705.946, 140
Trd, 8639705.979, 140
Trd, 8639706.746, 140
Trd, 8639707.046, 140
Trd, 8639707.412, 140
Trd, 8639707.946, 140
Trd, 8639708.312, 140
Trd, 8639708.579, 140
Trd, 8639708.612, 139
Trd, 8639708.846, 109
Trd, 8639709.846, 138
Trd, 8639710.512, 138
Trd, 8639711.079, 140
Trd, 8639711.712, 140
Trd, 8639712.212, 140
Trd, 8639712.612, 136
Trd, 8639712.712, 132
Trd, 8639712.912, 107
Trd, 8639713.046, 140
Trd, 8639713.212, 103
Trd, 8639714.379, 61
Trd, 8639714.446, 60
Trd, 8639714.912, 65
Trd, 8639715.712, 61
Trd, 8639715.846, 64
Trd, 8639717.012, 91
Trd, 8639717.079, 89
Trd, 8639717.246, 91
Trd, 8639717.912, 102
Trd, 8639717.946, 92
Trd, 8639718.046, 70
Trd, 8639718.179, 68
Trd, 8639719.146, 140
Trd, 8639719.379, 135
Trd, 8639719.712, 82
Trd, 8639720.912, 60
Trd, 8639722.446, 61
Trd, 8639722.479, 61
Trd, 8639722.679, 60
Trd, 8639722.812, 60
Trd, 8639723.612, 127
Trd, 8639723.912, 138
Trd, 8639724.546, 140
Trd, 8639724.679, 139
Trd, 8639724.979, 140
Trd, 8639725.079, 140
Trd, 8639725.512, 140
Trd, 8639726.246, 139
Trd, 8639726.479, 139
Trd, 8639726.512, 139
Trd, 8639726.946, 140
Trd, 8639727.179, 139
Trd, 8639727.412, 138
Trd, 8639727.912, 118
Trd, 8639728.279, 98
Trd, 8639728.679, 139
Trd, 8639729.279, 66
Trd, 8639729.479, 113
Trd, 8639730.379, 117
Trd, 8639731.412, 122
Trd, 8639731.879, 123
Trd, 8639732.246, 124
Trd, 8639732.779, 126
Trd, 8639733.146, 140
Trd, 8639734.146, 140
Trd, 8639734.546, 139
Trd, 8639734.746, 118
Trd, 8639735.346, 140
Trd, 8639736.346, 140
Trd, 8639736.946, 140
Trd, 8639737.079, 139
Trd, 8639737.312, 97
Trd, 8639737.412, 97
Trd, 8639737.879, 140
Trd, 8639738.079, 139
Trd, 8639738.179, 78
Trd, 8639739.179, 78
Trd, 8639739.312, 136
Trd, 8639739.446, 73
Trd, 8639739.546, 61
Trd, 8639740.612, 125
Trd, 8639741.512, 61
Trd, 8639741.779, 62
Trd, 8639741.946, 67
Trd, 8639742.346, 121
Trd, 8639742.479, 120
Trd, 8639743.346, 95
Trd, 8639743.412, 61
Trd, 8639743.646, 64
Trd, 8639744.612, 62
Trd, 8639745.046, 68
Trd, 8639745.579, 61
Trd, 8639745.812, 67
Trd, 8639746.212, 63
Trd, 8639746.279, 62
Trd, 8639746.546, 67
Trd, 8639746.646, 64
Trd, 8639747.546, 112
Trd, 8639748.112, 140
Trd, 8639748.346, 140
Trd, 8639749.079, 140
Trd, 8639749.546, 140
Trd, 8639750.412, 140
Trd, 8639750.446, 140
Trd, 8639750.479, 140
Trd, 8639750.746, 140
Trd, 8639751.946, 139
Trd, 8639752.012, 138
Trd, 8639752.312, 137
Trd, 8639752.379, 113
Trd, 8639752.879, 83
Trd, 8639753.112, 65
Trd, 8639753.812, 60
Trd, 8639753.946, 66
Trd, 8639754.312, 63
Trd, 8639755.246, 60
Trd, 8639755.446, 139
Trd, 8639755.812, 87
Trd, 8639756.146, 64
Trd, 8639756.812, 140
Trd, 8639756.879, 140
Trd, 8639758.012, 140
Trd, 8639758.179, 140
Trd, 8639758.779, 140
Trd, 8639759.079, 140
Trd, 8639759.112, 136
Trd, 8639759.646, 69
Trd, 8639760.012, 62
Trd, 8639760.246, 69
Trd, 8639760.512, 65
Trd, 8639760.679, 95
Trd, 8639761.179, 140
Trd, 8639761.479, 140
Trd, 8639761.979, 140
Trd, 8639762.146, 140
Trd, 8639762.612, 140
Trd, 8639763.012, 136
Trd, 8639763.112, 82
Trd, 8639764.246, 140
Trd, 8639764.446, 140
Trd, 8639764.912, 140
Trd, 8639765.412, 140
Trd, 8639765.546, 140
Trd, 8639765.712, 140
Trd, 8639765.879, 140
Trd, 8639766.579, 140
Trd, 8639766.712, 140
Trd, 8639767.912, 140
Trd, 8639767.946, 139
Trd, 8639768.079, 93
Trd, 8639768.612, 73
Trd, 8639768.812, 64
Trd, 8639770.212, 139
Trd, 8639770.546, 66
Trd, 8639771.046, 69
Trd, 8639771.212, 70
Trd, 8639771.412, 140
Trd, 8639771.479, 104
Trd, 8639771.912, 73
Trd, 8639772.079, 73
Trd, 8639772.412, 78
Trd, 8639772.646, 77
Trd, 8639772.879, 76
Trd, 8639773.346, 75
Trd, 8639774.246, 93
Trd, 8639774.612, 140
Trd, 8639774.746, 139
Trd, 8639775.879, 140
Trd, 8639776.079, 140
Trd, 8639776.346, 140
Trd, 8639776.946, 140
Trd, 8639777.179, 134
Trd, 8639777.379, 63
Trd, 8639777.879, 76
Trd, 8639777.979, 71
Trd, 8639779.912, 60
Trd, 8639779.979, 61
Trd, 8639780.312, 65
Trd, 8639780.579, 65
Trd, 8639781.246, 65
Trd, 8639781.812, 68
Trd, 8639781.946, 66
Trd, 8639782.379, 65
Trd, 8639782.446, 93
Trd, 8639782.579, 63
Trd, 8639783.612, 78
Trd, 8639783.712, 76
Trd, 8639784.012, 86
Trd, 8639784.046, 94
Trd, 8639785.079, 140
Trd, 8639785.379, 140
Trd, 8639785.579, 140
Trd, 8639785.912, 140
Trd, 8639785.946, 139
Trd, 8639786.112, 138
Trd, 8639786.512, 138
Trd, 8639786.646, 94
Trd, 8639786.946, 87
Trd, 8639788.279, 63
Trd, 8639788.312, 65
Trd, 8639788.946, 60
Trd, 8639789.346, 64
Trd, 8639789.612, 109
Trd, 8639790.579, 83
Trd, 8639793.346, 60
Trd, 8639793.446, 60
Trd, 8639793.479, 60
Trd, 8639793.846, 60
Trd, 8639794.212, 61
Trd, 8639794.512, 61
Trd, 8639794.779, 60
Trd, 8639794.879, 62
Trd, 8639795.779, 63
Trd, 8639795.946, 63
Trd, 8639796.346, 64
Trd, 8639796.579, 65
Trd, 8639797.112, 60
Trd, 8639797.412, 60
Trd, 8639797.546, 60
Trd, 8639797.979, 60
Trd, 8639798.679, 64
Trd, 8639798.912, 61
Trd, 8639799.746, 67
Trd, 8639799.879, 66
Trd, 8639800.312, 81
Trd, 8639800.512, 65
Trd, 8639801.012, 111
Trd, 8639801.679, 63
Trd, 8639802.079, 71
Trd, 8639802.746, 140
Trd, 8639803.612, 117
Trd, 8639804.079, 140
Trd, 8639804.446, 140
Trd, 8639804.479, 140
Trd, 8639804.746, 140
Trd, 8639805.246, 140
Trd, 8639805.712, 140
Trd, 8639806.479, 140
Trd, 8639807.179, 140
Trd, 8639807.512, 140
Trd, 8639807.612, 139
Trd, 8639808.346, 140
Trd, 8639808.512, 140
Trd, 8639809.046, 140
Trd, 8639809.612, 140
Trd, 8639809.712, 139
Trd, 8639809.846, 101
Trd, 8639809.946, 100
Trd, 8639810.412, 113
Trd, 8639810.646, 79
Trd, 8639811.012, 60
Trd, 8639811.512, 93
Trd, 8639811.879, 73
Trd, 8639812.046, 72
Trd, 8639812.312, 84
Trd, 8639812.979, 74
Trd, 8639813.279, 60
Trd, 8639813.512, 60
Trd, 8639814.146, 60
Trd, 8639814.879, 62
Trd, 8639816.179, 63
Trd, 8639816.646, 63
Trd, 8639816.912, 63
Trd, 8639817.679, 60
Trd, 8639817.912, 63
Trd, 8639818.879, 60
Trd, 8639819.479, 62
Trd, 8639819.746, 63
Trd, 8639820.246, 63
Trd, 8639820.312, 65
Trd, 8639820.379, 63
Trd, 8639820.679, 68
Trd, 8639821.012, 67
Trd, 8639821.412, 67
Trd, 8639822.412, 70
Trd, 8639822.546, 74
Trd, 8639823.446, 73
Trd, 8639823.579, 68
Trd, 8639823.646, 69
Trd, 8639823.712, 74
Trd, 8639824.079, 81
Trd, 8639824.212, 76
Trd, 8639825.312, 62
Trd, 8639825.546, 140
Trd, 8639825.612, 69
Trd, 8639825.912, 62
Trd, 8639826.612, 61
Trd, 8639826.879, 61
Trd, 8639827.579, 63
Trd, 8639828.146, 63
Trd, 8639828.746, 138
Trd, 8639829.146, 64
Trd, 8639829.246, 63
Trd, 8639829.379, 62
Trd, 8639829.979, 100
Trd, 8639830.812, 140
Trd, 8639830.879, 138
Trd, 8639831.046, 127
Trd, 8639831.246, 126
Trd, 8639831.946, 138
Trd, 8639832.112, 117
Trd, 8639832.812, 140
Trd, 8639833.479, 140
Trd, 8639833.512, 140
Trd, 8639834.079, 103
Trd, 8639834.546, 105
Trd, 8639835.179, 107
Trd, 8639835.946, 119
Trd, 8639836.079, 111
Trd, 8639836.312, 140
Trd, 8639836.446, 140
Trd, 8639836.946, 112
Trd, 8639837.379, 112
Trd, 8639838.079, 140
Trd, 8639838.279, 140
Trd, 8639838.479, 140
Trd, 8639839.479, 140
Trd, 8639839.812, 140
Trd, 8639840.612, 140
Trd, 8639840.812, 140
Trd, 8639840.912, 140
Trd, 8639841.246, 140
Trd, 8639841.412, 139
Trd, 8639841.512, 135
Trd, 8639841.546, 83
Trd, 8639841.646, 80
Trd, 8639843.346, 60
Trd, 8639843.946, 61
Trd, 8639844.346, 62
Trd, 8639844.546, 68
Trd, 8639844.912, 69
Trd, 8639845.012, 117
Trd, 8639845.179, 72
Trd, 8639845.512, 66
Trd, 8639845.912, 109
Trd, 8639846.412, 140
Trd, 8639846.946, 140
Trd, 8639847.179, 140
Trd, 8639847.712, 140
Trd, 8639848.012, 140
Trd, 8639848.046, 140
Trd, 8639848.379, 107
Trd, 8639848.846, 138
Trd, 8639850.112, 119
Trd, 8639850.312, 139
Trd, 8639850.846, 66
Trd, 8639851.346, 140
Trd, 8639852.079, 140
Trd, 8639852.146, 140
Trd, 8639852.646, 140
Trd, 8639852.912, 140
Trd, 8639853.279, 140
Trd, 8639853.446, 140
Trd, 8639853.712, 104
Trd, 8639854.112, 68
Trd, 8639854.946, 105
Trd, 8639855.279, 137
Trd, 8639855.979, 140
Trd, 8639856.012, 140
Trd, 8639856.079, 129
Trd, 8639856.279, 94
Trd, 8639857.246, 140
Trd, 8639857.346, 140
Trd, 8639857.779, 140
Trd, 8639857.979, 138
Trd, 8639859.079, 140
Trd, 8639859.446, 140
Trd, 8639859.812, 140
Trd, 8639860.079, 140
Trd, 8639860.479, 139
Trd, 8639860.546, 138
Trd, 8639860.779, 86
Trd, 8639861.512, 60
Trd, 8639861.579, 62
Trd, 8639862.379, 65
Trd, 8639863.346, 68
Trd, 8639864.146, 61
Trd, 8639864.712, 64
Trd, 8639864.812, 66
Trd, 8639865.012, 71
Trd, 8639865.212, 64
Trd, 8639865.479, 140
Trd, 8639865.512, 140
Trd, 8639865.912, 73
Trd, 8639866.112, 67
Trd, 8639867.046, 60
Trd, 8639867.946, 66
Trd, 8639868.912, 62
Trd, 8639869.579, 61
Trd, 8639869.946, 60
Trd, 8639869.979, 64
Trd, 8639870.346, 63
Trd, 8639871.446, 62
Trd, 8639872.479, 61
Trd, 8639872.512, 62
Trd, 8639874.612, 60
Trd, 8639874.879, 62
Trd, 8639875.046, 60
Trd, 8639875.746, 64
Trd, 8639875.912, 65
Trd, 8639876.079, 62
Trd, 8639876.412, 75
Trd, 8639876.846, 81
Trd, 8639877.279, 140
Trd, 8639877.346, 66
Trd, 8639878.279, 139
Trd, 8639878.346, 71
Trd, 8639878.479, 67
Trd, 8639878.812, 69
Trd, 8639879.312, 140
Trd, 8639880.279, 126
Trd, 8639880.579, 140
Trd, 8639880.612, 136
Trd, 8639880.946, 69
Trd, 8639881.246, 97
Trd, 8639881.412, 97
Trd, 8639881.712, 107
Trd, 8639882.379, 98
Trd, 8639883.146, 140
Trd, 8639883.346, 140
Trd, 8639884.512, 140
Trd, 8639884.779, 140
Trd, 8639884.979, 126
Trd, 8639885.779, 61
Trd, 8639886.379, 60
Trd, 8639886.412, 64
Trd, 8639886.746, 62
Trd, 8639887.179, 64
Trd, 8639887.712, 63
Trd, 8639887.912, 63
Trd, 8639888.179, 62
Trd, 8639888.312, 89
Trd, 8639888.646, 139
Trd, 8639889.412, 140
Trd, 8639889.512, 75
Trd, 8639890.112, 131
Trd, 8639890.146, 130
Trd, 8639890.912, 94
Trd, 8639892.046, 94
Trd, 8639892.546, 95
Trd, 8639892.812, 95
Trd, 8639892.979, 83
Trd, 8639893.079, 125
Trd, 8639893.546, 64
Trd, 8639893.779, 61
Trd, 8639894.312, 140
Trd, 8639895.312, 139
Trd, 8639895.412, 138
Trd, 8639896.079, 121
Trd, 8639896.312, 134
Trd, 8639896.512, 72
Trd, 8639897.446, 60
Trd, 8639897.779, 60
Trd, 8639897.979, 61
Trd, 8639898.112, 63
Trd, 8639898.346, 66
Trd, 8639898.879, 63
Trd, 8639898.946, 120
Trd, 8639900.046, 74
Trd, 8639900.379, 75
Trd, 8639900.746, 107
Trd, 8639900.846, 74
Trd, 8639901.679, 70
Trd, 8639902.379, 140
Trd, 8639902.512, 140
Trd, 8639902.646, 140
Trd, 8639903.212, 139
Trd, 8639903.346, 116
Trd, 8639903.679, 68
Trd, 8639904.046, 140
Trd, 8639904.112, 67
Trd, 8639904.279, 140
Trd, 8639904.679, 139
Trd, 8639905.046, 140
Trd, 8639905.712, 60
Trd, 8639906.712, 61
Trd, 8639907.146, 65
Trd, 8639907.212, 65
Trd, 8639907.579, 60
Trd, 8639909.279, 61
Trd, 8639909.646, 60
Trd, 8639910.012, 60
Trd, 8639910.479, 61
Trd, 8639910.912, 62
Trd, 8639911.646, 64
Trd, 8639912.079, 68
Trd, 8639912.846, 68
Trd, 8639912.879, 67
Trd, 8639913.179, 70
Trd, 8639913.279, 69
Trd, 8639913.479, 71
Trd, 8639913.746, 68
Trd, 8639914.712, 140
Trd, 8639914.979, 140
Trd, 8639915.512, 140
Trd, 8639915.879, 140
Trd, 8639916.412, 140
Trd, 8639916.579, 140
Trd, 8639916.812, 94
Trd, 8639916.979, 92
Trd, 8639917.846, 140
Trd, 8639917.879, 140
Trd, 8639918.212, 140
Trd, 8639919.412, 112
Trd, 8639920.112, 140
Trd, 8639920.279, 140
Trd, 8639920.412, 140
Trd, 8639920.712, 140
Trd, 8639920.946, 140
Trd, 8639921.379, 140
Trd, 8639921.779, 140
Trd, 8639921.846, 140
Trd, 8639922.646, 140
Trd, 8639923.079, 140
Trd, 8639923.179, 138
Trd, 8639923.512, 106
Trd, 8639924.746, 128
Trd, 8639925.279, 131
Trd, 8639925.579, 132
Trd, 8639925.646, 131
Trd, 8639926.146, 131
Trd, 8639926.379, 109
Trd, 8639926.512, 101
Trd, 8639927.112, 64
Trd, 8639928.179, 62
Trd, 8639928.479, 63
Trd, 8639928.812, 67
Trd, 8639928.946, 63
Trd, 8639929.579, 62
Trd, 8639932.012, 60
Trd, 8639932.912, 60
Trd, 8639932.946, 61
Trd, 8639933.012, 62
Trd, 8639933.179, 62
Trd, 8639933.212, 62
Trd, 8639934.012, 66
Trd, 8639934.646, 72
Trd, 8639934.746, 70
Trd, 8639934.946, 67
Trd, 8639935.112, 71
Trd, 8639935.179, 68
Trd, 8639936.246, 63
Trd, 8639936.412, 60
Trd, 8639937.446, 65
Trd, 8639937.546, 62
Trd, 8639938.312, 63
Trd, 8639938.579, 60
Trd, 8639938.746, 62
Trd, 8639939.246, 140
Trd, 8639939.346, 139
Trd, 8639939.512, 138
Trd, 8639939.812, 115
Trd, 8639939.979, 83
Trd, 8639940.312, 140
Trd, 8639940.746, 76
Trd, 8639940.812, 75
Trd, 8639942.412, 140
Trd, 8639942.579, 140
Trd, 8639942.879, 140
Trd, 8639943.379, 140
Trd, 8639943.512, 140
Trd, 8639944.279, 140
Trd, 8639944.846, 140
Trd, 8639946.012, 140
Trd, 8639946.079, 140
Trd, 8639946.246, 140
Trd, 8639946.646, 140
Trd, 8639947.079, 140
Trd, 8639947.412, 140
Trd, 8639947.612, 140
Trd, 8639947.779, 140
Trd, 8639948.446, 140
Trd, 8639948.846, 134
Trd, 8639949.379, 140
Trd, 8639949.679, 97
Trd, 8639949.779, 101
Trd, 8639950.279, 72
Trd, 8639950.379, 77
Trd, 8639951.912, 61
Trd, 8639952.346, 76
Trd, 8639953.046, 60
Trd, 8639953.346, 61
Trd, 8639953.846, 61
Trd, 8639953.912, 61
Trd, 8639955.346, 80
Trd, 8639955.579, 140
Trd, 8639955.879, 140
Trd, 8639955.912, 140
Trd, 8639956.512, 140
Trd, 8639957.079, 140
Trd, 8639957.546, 140
Trd, 8639958.079, 140
Trd, 8639958.346, 140
Trd, 8639958.379, 140
Trd, 8639958.512, 140
Trd, 8639959.112, 140
Trd, 8639959.612, 140
Trd, 8639960.112, 140
Trd, 8639960.546, 140
Trd, 8639960.646, 121
Trd, 8639960.779, 117
Trd, 8639960.812, 99
Trd, 8639960.912, 70
Trd, 8639962.412, 60
Trd, 8639963.246, 61
Trd, 8639963.512, 62
Trd, 8639964.379, 61
Trd, 8639964.912, 63
Trd, 8639965.146, 64
Trd, 8639965.946, 140
Trd, 8639966.112, 66
Trd, 8639966.279, 67
Trd, 8639966.812, 71
Trd, 8639967.312, 68
Trd, 8639967.846, 89
Trd, 8639968.046, 102
Trd, 8639968.946, 103
Trd, 8639968.979, 138
Trd, 8639969.046, 102
Trd, 8639969.179, 91
Trd, 8639969.212, 90
Trd, 8639970.779, 139
Trd, 8639971.812, 140
Trd, 8639971.979, 140
Trd, 8639972.079, 140
Trd, 8639972.179, 140
Trd, 8639972.546, 140
Trd, 8639972.812, 139
Trd, 8639972.912, 138
Trd, 8639972.946, 109
Trd, 8639973.579, 60
Trd, 8639974.012, 61
Trd, 8639974.212, 63
Trd, 8639974.612, 91
Trd, 8639975.212, 60
Trd, 8639975.412, 62
Trd, 8639975.646, 74
Trd, 8639975.946, 60
Trd, 8639977.012, 62
Trd, 8639977.746, 60
Trd, 8639978.079, 64
Trd, 8639979.312, 60
Trd, 8639980.212, 61
Trd, 8639980.812, 61
Trd, 8639981.546, 61
Trd, 8639982.012, 62
Trd, 8639982.346, 61
Trd, 8639982.679, 64
Trd, 8639982.712, 63
Trd, 8639984.446, 60
Trd, 8639984.612, 61
Trd, 8639985.046, 61
Trd, 8639985.179, 63
Trd, 8639985.246, 63
Trd, 8639986.079, 62
Trd, 8639986.479, 60
Trd, 8639986.612, 62
Trd, 8639987.112, 63
Trd, 8639987.346, 62
Trd, 8639988.146, 110
Trd, 8639988.379, 68
Trd, 8639988.679, 64
Trd, 8639988.846, 63
Trd, 8639989.712, 66
Trd, 8639989.879, 72
Trd, 8639989.979, 67
Trd, 8639990.446, 66
Trd, 8639990.946, 78
Trd, 8639991.412, 62
Trd, 8639992.379, 60
Trd, 8639992.512, 63
Trd, 8639993.246, 63
Trd, 8639993.279, 60
Trd, 8639993.779, 64
Trd, 8639994.279, 71
Trd, 8639995.112, 75
Trd, 8639995.246, 76
Trd, 8639995.379, 140
Trd, 8639995.946, 121
Trd, 8639996.212, 84
Trd, 8639996.346, 83
Trd, 8639996.412, 73
Trd, 8639996.446, 71
Trd, 8639997.012, 138
Trd, 8639998.579, 140
Trd, 8639999.079, 100
Trd, 8639999.246, 100
Trd, 8639999.979, 139
