Trd, 8638782.146, 79
Trd, 8638782.479, 80
Trd, 8638782.912, 81
Trd, 8638783.012, 80
Trd, 8638783.546, 122
Trd, 8638783.912, 104
Trd, 8638784.312, 90
Trd, 8638784.346, 89
Trd, 8638784.479, 86
Trd, 8638784.579, 82
Trd, 8638785.246, 139
Trd, 8638786.612, 60
Trd, 8638787.312, 64
Trd, 8638787.346, 66
Trd, 8638787.979, 64
Trd, 8638788.646, 60
Trd, 8638788.912, 60
Trd, 8638789.712, 68
Trd, 8638789.746, 63
Trd, 8638789.912, 62
Trd, 8638790.279, 60
Trd, 8638790.512, 63
Trd, 8638791.112, 64
Trd, 8638791.246, 70
Trd, 8638791.512, 62
Trd, 8638791.679, 60
Trd, 8638792.346, 62
Trd, 8638792.679, 66
Trd, 8638794.079, 60
Trd, 8638795.212, 64
Trd, 8638795.646, 66
Trd, 8638796.146, 77
Trd, 8638796.179, 68
Trd, 8638796.579, 68
Trd, 8638797.246, 125
Trd, 8638798.046, 125
Trd, 8638798.246, 129
Trd, 8638798.446, 123
Trd, 8638798.546, 122
Trd, 8638798.746, 116
Trd, 8638799.746, 86
Trd, 8638800.212, 84
Trd, 8638801.146, 83
Trd, 8638801.212, 81
Trd, 8638801.246, 71
Trd, 8638801.512, 60
Trd, 8638801.812, 140
Trd, 8638802.079, 133
Trd, 8638802.412, 90
Trd, 8638803.012, 78
Trd, 8638803.779, 78
Trd, 8638804.012, 77
Trd, 8638805.412, 132
Trd, 8638805.512, 131
Trd, 8638805.679, 130
Trd, 8638805.879, 116
Trd, 8638806.912, 118
Trd, 8638807.412, 112
Trd, 8638807.546, 112
Trd, 8638807.846, 111
Trd, 8638807.979, 111
Trd, 8638808.046, 140
Trd, 8638808.346, 140
Trd, 8638809.146, 108
Trd, 8638809.212, 77
Trd, 8638809.546, 76
Trd, 8638810.312, 68
Trd, 8638810.479, 67
Trd, 8638811.312, 69
Trd, 8638811.546, 65
Trd, 8638811.846, 140
Trd, 8638811.946, 62
Trd, 8638813.312, 69
Trd, 8638813.646, 85
Trd, 8638813.812, 84
Trd, 8638814.479, 113
Trd, 8638814.546, 112
Trd, 8638814.746, 86
Trd, 8638814.979, 137
Trd, 8638815.246, 86
Trd, 8638816.779, 140
Trd, 8638816.812, 139
Trd, 8638816.879, 132
Trd, 8638817.546, 124
Trd, 8638818.046, 125
Trd, 8638818.279, 124
Trd, 8638818.879, 125
Trd, 8638819.146, 121
Trd, 8638819.312, 118
Trd, 8638819.646, 113
Trd, 8638819.812, 107
Trd, 8638820.146, 106
Trd, 8638820.446, 105
Trd, 8638821.079, 97
Trd, 8638822.079, 135
Trd, 8638822.212, 135
Trd, 8638823.212, 137
Trd, 8638823.546, 124
Trd, 8638823.812, 111
Trd, 8638824.212, 133
Trd, 8638824.312, 132
Trd, 8638824.579, 112
Trd, 8638824.946, 119
Trd, 8638824.979, 114
Trd, 8638825.279, 98
Trd, 8638825.379, 98
Trd, 8638827.612, 60
Trd, 8638827.979, 60
Trd, 8638828.179, 62
Trd, 8638829.046, 61
Trd, 8638829.146, 62
Trd, 8638829.379, 106
Trd, 8638829.812, 90
Trd, 8638830.346, 69
Trd, 8638831.079, 120
Trd, 8638831.146, 97
Trd, 8638831.746, 78
Trd, 8638832.646, 80
Trd, 8638832.812, 78
Trd, 8638833.612, 82
Trd, 8638834.946, 140
Trd, 8638835.046, 138
Trd, 8638835.279, 129
Trd, 8638835.879, 129
Trd, 8638836.012, 122
Trd, 8638836.279, 121
Trd, 8638836.346, 100
Trd, 8638836.912, 82
Trd, 8638837.046, 74
Trd, 8638838.012, 74
Trd, 8638839.512, 61
Trd, 8638840.112, 64
Trd, 8638840.179, 63
Trd, 8638840.412, 63
Trd, 8638840.679, 67
Trd, 8638840.979, 71
Trd, 8638841.312, 67
Trd, 8638841.512, 68
Trd, 8638841.679, 65
Trd, 8638842.046, 78
Trd, 8638842.512, 99
Trd, 8638843.212, 101
Trd, 8638843.346, 100
Trd, 8638843.879, 105
Trd, 8638844.279, 104
Trd, 8638844.446, 102
Trd, 8638844.746, 74
Trd, 8638845.079, 103
Trd, 8638845.179, 71
Trd, 8638846.812, 116
Trd, 8638847.079, 114
Trd, 8638847.379, 136
Trd, 8638847.479, 99
Trd, 8638847.879, 103
Trd, 8638847.912, 96
Trd, 8638850.012, 112
Trd, 8638850.046, 109
Trd, 8638850.379, 133
Trd, 8638850.812, 134
Trd, 8638850.979, 135
Trd, 8638851.346, 134
Trd, 8638851.579, 127
Trd, 8638851.612, 121
Trd, 8638851.646, 112
Trd, 8638852.246, 90
Trd, 8638852.679, 134
Trd, 8638852.879, 91
Trd, 8638852.979, 90
Trd, 8638853.412, 121
Trd, 8638854.146, 137
Trd, 8638854.846, 124
Trd, 8638855.846, 125
Trd, 8638855.912, 124
Trd, 8638857.112, 119
Trd, 8638857.479, 113
Trd, 8638857.646, 137
Trd, 8638857.712, 104
Trd, 8638858.612, 105
Trd, 8638858.846, 102
Trd, 8638859.012, 94
Trd, 8638859.846, 140
Trd, 8638859.946, 140
Trd, 8638860.946, 83
Trd, 8638860.979, 79
Trd, 8638861.546, 64
Trd, 8638862.312, 60
Trd, 8638863.046, 74
Trd, 8638863.179, 90
Trd, 8638863.746, 136
Trd, 8638863.946, 135
Trd, 8638864.046, 128
Trd, 8638864.312, 121
Trd, 8638864.612, 121
Trd, 8638865.646, 103
Trd, 8638865.912, 100
Trd, 8638866.179, 96
Trd, 8638866.312, 100
Trd, 8638866.779, 95
Trd, 8638867.346, 94
Trd, 8638868.679, 66
Trd, 8638868.812, 60
Trd, 8638868.912, 77
Trd, 8638868.979, 61
Trd, 8638869.712, 63
Trd, 8638869.979, 72
Trd, 8638870.212, 72
Trd, 8638871.946, 79
Trd, 8638872.079, 136
Trd, 8638872.746, 100
Trd, 8638873.112, 99
Trd, 8638873.446, 98
Trd, 8638873.512, 94
Trd, 8638873.879, 95
Trd, 8638873.912, 94
Trd, 8638874.979, 86
Trd, 8638875.246, 140
Trd, 8638876.046, 140
Trd, 8638876.679, 127
Trd, 8638876.779, 126
Trd, 8638876.846, 125
Trd, 8638877.246, 120
Trd, 8638877.679, 123
Trd, 8638878.079, 117
Trd, 8638878.112, 116
Trd, 8638878.212, 110
Trd, 8638878.612, 99
Trd, 8638878.646, 85
Trd, 8638880.712, 78
Trd, 8638881.012, 77
Trd, 8638881.179, 78
Trd, 8638881.279, 71
Trd, 8638881.512, 91
Trd, 8638881.979, 114
Trd, 8638882.046, 71
Trd, 8638882.746, 74
Trd, 8638883.446, 130
Trd, 8638883.946, 71
Trd, 8638884.246, 73
Trd, 8638884.512, 96
Trd, 8638884.612, 71
Trd, 8638884.879, 71
Trd, 8638885.279, 61
Trd, 8638886.512, 67
Trd, 8638886.879, 65
Trd, 8638887.312, 104
Trd, 8638888.546, 62
Trd, 8638888.846, 63
Trd, 8638888.912, 61
Trd, 8638889.379, 63
Trd, 8638889.779, 68
Trd, 8638890.479, 67
Trd, 8638891.212, 82
Trd, 8638891.479, 130
Trd, 8638891.646, 82
Trd, 8638892.379, 93
Trd, 8638892.612, 87
Trd, 8638893.546, 90
Trd, 8638893.679, 89
Trd, 8638893.879, 85
Trd, 8638894.646, 83
Trd, 8638894.746, 82
Trd, 8638895.612, 80
Trd, 8638895.779, 74
Trd, 8638896.679, 74
Trd, 8638896.746, 73
Trd, 8638896.979, 68
Trd, 8638897.346, 69
Trd, 8638897.912, 88
Trd, 8638898.779, 81
Trd, 8638899.179, 79
Trd, 8638900.346, 103
Trd, 8638900.579, 102
Trd, 8638900.679, 98
Trd, 8638900.946, 85
Trd, 8638901.312, 111
Trd, 8638901.446, 79
Trd, 8638901.512, 78
Trd, 8638902.246, 79
Trd, 8638902.546, 77
Trd, 8638903.412, 88
Trd, 8638903.546, 75
Trd, 8638904.379, 75
Trd, 8638904.612, 73
Trd, 8638904.979, 83
Trd, 8638905.146, 69
Trd, 8638905.312, 89
Trd, 8638905.379, 68
Trd, 8638906.879, 136
Trd, 8638906.946, 127
Trd, 8638907.112, 121
Trd, 8638908.479, 100
Trd, 8638908.546, 99
Trd, 8638908.679, 101
Trd, 8638908.979, 106
Trd, 8638910.012, 98
Trd, 8638910.146, 98
Trd, 8638910.346, 98
Trd, 8638910.412, 97
Trd, 8638911.279, 93
Trd, 8638911.546, 92
Trd, 8638911.979, 123
Trd, 8638912.379, 99
Trd, 8638912.679, 89
Trd, 8638913.146, 86
Trd, 8638913.512, 95
Trd, 8638914.412, 91
Trd, 8638914.912, 103
Trd, 8638915.112, 102
Trd, 8638915.712, 102
Trd, 8638916.646, 125
Trd, 8638916.846, 86
Trd, 8638917.079, 115
Trd, 8638917.146, 86
Trd, 8638917.179, 83
Trd, 8638917.612, 83
Trd, 8638918.346, 86
Trd, 8638919.179, 90
Trd, 8638919.446, 90
Trd, 8638919.846, 136
Trd, 8638920.579, 97
Trd, 8638920.612, 94
Trd, 8638920.746, 104
Trd, 8638920.812, 92
Trd, 8638921.112, 80
Trd, 8638921.346, 81
Trd, 8638921.446, 81
Trd, 8638921.746, 138
Trd, 8638923.779, 61
Trd, 8638924.746, 63
Trd, 8638926.112, 60
Trd, 8638926.612, 64
Trd, 8638927.112, 78
Trd, 8638927.379, 66
Trd, 8638927.979, 67
Trd, 8638928.012, 70
Trd, 8638928.279, 70
Trd, 8638928.446, 70
Trd, 8638929.112, 74
Trd, 8638929.712, 86
Trd, 8638929.812, 77
Trd, 8638930.046, 107
Trd, 8638930.279, 77
Trd, 8638931.012, 75
Trd, 8638931.146, 74
Trd, 8638932.312, 79
Trd, 8638932.412, 79
Trd, 8638933.046, 79
Trd, 8638933.379, 78
Trd, 8638933.679, 79
Trd, 8638933.779, 87
Trd, 8638933.812, 76
Trd, 8638934.712, 81
Trd, 8638934.879, 77
Trd, 8638934.946, 111
Trd, 8638935.712, 78
Trd, 8638935.946, 75
Trd, 8638936.012, 98
Trd, 8638936.279, 102
Trd, 8638936.579, 132
Trd, 8638937.046, 78
Trd, 8638937.179, 75
Trd, 8638937.279, 75
Trd, 8638938.379, 140
Trd, 8638939.046, 139
Trd, 8638939.246, 111
Trd, 8638939.646, 109
Trd, 8638940.412, 111
Trd, 8638941.379, 102
Trd, 8638941.746, 102
Trd, 8638942.112, 104
Trd, 8638942.312, 103
Trd, 8638942.446, 99
Trd, 8638942.479, 97
Trd, 8638943.279, 65
Trd, 8638943.346, 67
Trd, 8638943.612, 64
Trd, 8638944.612, 113
Trd, 8638944.746, 111
Trd, 8638944.812, 105
Trd, 8638945.446, 100
Trd, 8638945.912, 99
Trd, 8638946.446, 98
Trd, 8638946.546, 88
Trd, 8638946.612, 87
Trd, 8638947.212, 75
Trd, 8638947.812, 75
Trd, 8638947.879, 99
Trd, 8638947.912, 75
Trd, 8638948.212, 72
Trd, 8638948.446, 72
Trd, 8638948.946, 60
Trd, 8638950.612, 72
Trd, 8638952.412, 60
Trd, 8638952.512, 61
Trd, 8638953.112, 80
Trd, 8638953.212, 76
Trd, 8638953.779, 70
Trd, 8638953.846, 69
Trd, 8638954.179, 96
Trd, 8638955.346, 118
Trd, 8638955.679, 118
Trd, 8638955.912, 117
Trd, 8638956.046, 109
Trd, 8638956.412, 95
Trd, 8638956.879, 122
Trd, 8638957.312, 91
Trd, 8638957.512, 91
Trd, 8638957.879, 77
Trd, 8638958.612, 72
Trd, 8638959.279, 72
Trd, 8638959.512, 80
Trd, 8638959.612, 77
Trd, 8638960.579, 62
Trd, 8638963.146, 61
Trd, 8638963.979, 60
Trd, 8638964.079, 62
Trd, 8638964.146, 65
Trd, 8638964.546, 61
Trd, 8638964.879, 64
Trd, 8638965.446, 67
Trd, 8638965.512, 68
Trd, 8638965.646, 66
Trd, 8638966.079, 67
Trd, 8638967.012, 67
Trd, 8638967.912, 106
Trd, 8638968.312, 74
Trd, 8638968.446, 73
Trd, 8638968.546, 77
Trd, 8638968.946, 72
Trd, 8638970.379, 74
Trd, 8638971.046, 79
Trd, 8638971.212, 96
Trd, 8638971.412, 90
Trd, 8638971.879, 139
Trd, 8638972.079, 137
Trd, 8638972.179, 128
Trd, 8638972.212, 127
Trd, 8638974.079, 132
Trd, 8638974.646, 125
Trd, 8638974.812, 121
Trd, 8638975.079, 120
Trd, 8638975.879, 117
Trd, 8638976.246, 116
Trd, 8638976.546, 116
Trd, 8638976.812, 108
Trd, 8638977.212, 102
Trd, 8638977.312, 99
Trd, 8638977.346, 97
Trd, 8638977.546, 96
Trd, 8638977.979, 93
Trd, 8638978.212, 95
Trd, 8638978.546, 121
Trd, 8638978.912, 95
Trd, 8638979.579, 99
Trd, 8638979.979, 99
Trd, 8638980.746, 99
Trd, 8638980.879, 95
Trd, 8638981.179, 88
Trd, 8638981.512, 107
Trd, 8638981.579, 86
Trd, 8638982.079, 89
Trd, 8638982.179, 125
Trd, 8638982.346, 88
Trd, 8638982.612, 89
Trd, 8638982.846, 88
Trd, 8638985.112, 65
Trd, 8638985.279, 71
Trd, 8638985.812, 69
Trd, 8638985.846, 68
Trd, 8638986.012, 105
Trd, 8638986.346, 67
Trd, 8638986.746, 74
Trd, 8638987.612, 94
Trd, 8638988.446, 98
Trd, 8638988.479, 97
Trd, 8638988.646, 93
Trd, 8638988.912, 93
Trd, 8638989.379, 108
Trd, 8638989.646, 93
Trd, 8638990.579, 91
Trd, 8638990.679, 90
Trd, 8638991.379, 79
Trd, 8638991.646, 80
Trd, 8638992.879, 89
Trd, 8638993.146, 88
Trd, 8638993.412, 85
Trd, 8638994.812, 135
Trd, 8638995.079, 131
Trd, 8638995.446, 128
Trd, 8638995.646, 125
Trd, 8638996.646, 130
Trd, 8638996.812, 124
Trd, 8638997.246, 122
Trd, 8638997.379, 121
Trd, 8638998.012, 124
Trd, 8638998.279, 123
Trd, 8638998.379, 117
Trd, 8638999.046, 139
Trd, 8638999.279, 135
Trd, 8638999.479, 116
Trd, 8638999.512, 108
Trd, 8638999.612, 103
Trd, 8639000.412, 105
Trd, 8639001.312, 101
Trd, 8639001.446, 114
Trd, 8639001.979, 98
Trd, 8639002.046, 97
Trd, 8639002.479, 90
Trd, 8639002.979, 91
Trd, 8639003.179, 85
Trd, 8639004.112, 140
Trd, 8639004.146, 138
Trd, 8639004.212, 136
Trd, 8639004.846, 95
Trd, 8639005.712, 66
Trd, 8639006.212, 67
Trd, 8639007.846, 79
Trd, 8639008.212, 71
Trd, 8639008.346, 93
Trd, 8639008.379, 67
Trd, 8639010.446, 63
Trd, 8639011.479, 60
Trd, 8639011.546, 61
Trd, 8639012.212, 64
Trd, 8639012.512, 65
Trd, 8639012.679, 64
Trd, 8639013.012, 66
Trd, 8639013.146, 68
Trd, 8639013.846, 99
Trd, 8639014.412, 100
Trd, 8639014.546, 99
Trd, 8639015.046, 107
Trd, 8639015.246, 106
Trd, 8639015.979, 104
Trd, 8639016.379, 111
Trd, 8639016.446, 99
Trd, 8639016.579, 98
Trd, 8639016.646, 91
Trd, 8639017.846, 101
Trd, 8639018.079, 82
Trd, 8639018.412, 72
Trd, 8639018.479, 66
Trd, 8639019.346, 68
Trd, 8639020.279, 63
Trd, 8639021.079, 70
Trd, 8639021.346, 75
Trd, 8639021.379, 70
Trd, 8639021.646, 74
Trd, 8639021.812, 104
Trd, 8639021.946, 74
Trd, 8639022.179, 119
Trd, 8639022.246, 73
Trd, 8639022.812, 109
Trd, 8639023.746, 109
Trd, 8639024.179, 107
Trd, 8639024.779, 106
Trd, 8639024.879, 94
Trd, 8639025.179, 61
Trd, 8639026.179, 62
Trd, 8639026.779, 61
Trd, 8639027.079, 62
Trd, 8639027.612, 78
Trd, 8639027.712, 87
Trd, 8639028.346, 77
Trd, 8639028.546, 60
Trd, 8639029.346, 121
Trd, 8639029.779, 105
Trd, 8639030.112, 104
Trd, 8639031.646, 76
Trd, 8639032.046, 78
Trd, 8639032.112, 77
Trd, 8639032.412, 84
Trd, 8639033.112, 99
Trd, 8639033.646, 82
Trd, 8639033.712, 81
Trd, 8639033.879, 81
Trd, 8639034.279, 80
Trd, 8639034.412, 103
Trd, 8639034.446, 78
Trd, 8639035.479, 73
Trd, 8639035.679, 107
Trd, 8639036.146, 99
Trd, 8639036.579, 92
Trd, 8639036.879, 87
Trd, 8639037.579, 90
Trd, 8639037.679, 77
Trd, 8639037.879, 71
Trd, 8639039.079, 71
Trd, 8639039.412, 124
Trd, 8639039.746, 61
Trd, 8639040.579, 60
Trd, 8639040.979, 60
Trd, 8639041.012, 63
Trd, 8639042.012, 62
Trd, 8639042.846, 61
Trd, 8639043.412, 63
Trd, 8639043.546, 64
Trd, 8639043.812, 62
Trd, 8639044.312, 69
Trd, 8639044.412, 70
Trd, 8639045.012, 66
Trd, 8639045.412, 73
Trd, 8639045.712, 106
Trd, 8639045.912, 115
Trd, 8639046.312, 82
Trd, 8639046.912, 87
Trd, 8639048.179, 92
Trd, 8639048.246, 91
Trd, 8639048.446, 109
Trd, 8639048.612, 91
Trd, 8639048.712, 90
Trd, 8639049.212, 87
Trd, 8639050.679, 92
Trd, 8639050.712, 91
Trd, 8639050.812, 91
Trd, 8639050.879, 89
Trd, 8639050.979, 88
Trd, 8639052.179, 137
Trd, 8639052.279, 136
Trd, 8639052.679, 135
Trd, 8639053.146, 123
Trd, 8639053.512, 123
Trd, 8639053.546, 117
Trd, 8639053.946, 135
Trd, 8639054.379, 95
Trd, 8639056.046, 139
Trd, 8639056.212, 133
Trd, 8639056.312, 132
Trd, 8639056.412, 89
Trd, 8639056.779, 89
Trd, 8639057.412, 82
Trd, 8639057.446, 115
Trd, 8639057.846, 70
Trd, 8639057.912, 69
Trd, 8639059.012, 82
Trd, 8639060.346, 60
Trd, 8639061.079, 64
Trd, 8639062.079, 60
Trd, 8639062.379, 62
Trd, 8639062.479, 62
Trd, 8639063.079, 60
Trd, 8639063.712, 63
Trd, 8639064.446, 66
Trd, 8639064.579, 65
Trd, 8639065.046, 86
Trd, 8639065.112, 85
Trd, 8639065.312, 84
Trd, 8639065.679, 108
Trd, 8639066.779, 82
Trd, 8639066.846, 81
Trd, 8639066.879, 78
Trd, 8639067.812, 113
Trd, 8639067.879, 111
Trd, 8639068.012, 136
Trd, 8639068.912, 121
Trd, 8639069.046, 120
Trd, 8639069.079, 110
Trd, 8639069.246, 131
Trd, 8639069.412, 99
Trd, 8639069.779, 99
Trd, 8639072.379, 61
Trd, 8639073.079, 60
Trd, 8639073.279, 62
Trd, 8639074.012, 61
Trd, 8639074.646, 61
Trd, 8639074.746, 61
Trd, 8639074.846, 64
Trd, 8639075.779, 62
Trd, 8639076.412, 60
Trd, 8639076.512, 60
Trd, 8639076.646, 60
Trd, 8639077.246, 66
Trd, 8639077.679, 68
Trd, 8639077.946, 68
Trd, 8639078.112, 66
Trd, 8639078.246, 106
Trd, 8639078.812, 70
Trd, 8639079.812, 79
Trd, 8639080.346, 78
Trd, 8639081.012, 109
Trd, 8639081.346, 79
Trd, 8639081.446, 78
Trd, 8639082.112, 131
Trd, 8639082.612, 106
Trd, 8639082.679, 101
Trd, 8639082.779, 76
Trd, 8639083.179, 74
Trd, 8639083.912, 71
Trd, 8639084.246, 73
Trd, 8639084.346, 72
Trd, 8639084.412, 62
Trd, 8639087.312, 63
Trd, 8639087.412, 70
Trd, 8639087.479, 62
Trd, 8639087.712, 82
Trd, 8639088.179, 86
Trd, 8639088.412, 87
Trd, 8639088.646, 86
Trd, 8639089.512, 140
Trd, 8639089.912, 140
Trd, 8639090.746, 135
Trd, 8639090.779, 134
Trd, 8639091.112, 134
Trd, 8639091.179, 133
Trd, 8639092.446, 129
Trd, 8639092.579, 128
Trd, 8639092.646, 126
Trd, 8639093.912, 117
Trd, 8639093.946, 116
Trd, 8639094.212, 109
Trd, 8639094.779, 104
Trd, 8639095.012, 103
Trd, 8639095.079, 96
Trd, 8639095.879, 139
Trd, 8639096.512, 99
Trd, 8639096.879, 100
Trd, 8639097.412, 110
Trd, 8639097.512, 109
Trd, 8639097.546, 102
Trd, 8639098.379, 139
Trd, 8639098.512, 137
Trd, 8639098.746, 132
Trd, 8639098.812, 117
Trd, 8639099.179, 92
Trd, 8639099.812, 65
Trd, 8639100.679, 60
Trd, 8639100.812, 62
Trd, 8639101.479, 80
Trd, 8639101.846, 86
Trd, 8639101.946, 79
Trd, 8639102.079, 76
Trd, 8639102.179, 124
Trd, 8639102.879, 78
Trd, 8639103.379, 79
Trd, 8639103.579, 134
Trd, 8639104.679, 137
Trd, 8639104.712, 130
Trd, 8639105.179, 80
Trd, 8639105.379, 80
Trd, 8639105.646, 78
Trd, 8639107.512, 109
Trd, 8639107.746, 92
Trd, 8639108.179, 94
Trd, 8639108.246, 100
Trd, 8639108.346, 92
Trd, 8639108.479, 90
Trd, 8639109.312, 138
Trd, 8639110.112, 110
Trd, 8639110.546, 114
Trd, 8639110.579, 113
Trd, 8639111.012, 109
Trd, 8639111.079, 109
Trd, 8639111.679, 110
Trd, 8639112.412, 136
Trd, 8639112.846, 125
Trd, 8639113.946, 129
Trd, 8639114.146, 128
Trd, 8639114.646, 128
Trd, 8639114.679, 123
Trd, 8639114.746, 108
Trd, 8639114.979, 92
Trd, 8639116.512, 138
Trd, 8639116.612, 138
Trd, 8639117.279, 138
Trd, 8639117.412, 136
Trd, 8639117.446, 131
Trd, 8639118.179, 128
Trd, 8639118.679, 138
Trd, 8639118.746, 137
Trd, 8639119.146, 111
Trd, 8639119.246, 110
Trd, 8639119.512, 111
Trd, 8639120.146, 130
Trd, 8639121.179, 135
Trd, 8639121.246, 129
Trd, 8639121.679, 126
Trd, 8639121.779, 125
Trd, 8639122.579, 122
Trd, 8639123.779, 126
Trd, 8639124.412, 129
Trd, 8639125.012, 128
Trd, 8639125.046, 127
Trd, 8639125.346, 121
Trd, 8639125.412, 115
Trd, 8639125.446, 113
Trd, 8639125.512, 104
Trd, 8639126.079, 103
Trd, 8639126.246, 86
Trd, 8639127.179, 75
Trd, 8639127.446, 61
Trd, 8639127.979, 78
Trd, 8639129.179, 80
Trd, 8639130.346, 67
Trd, 8639131.146, 74
Trd, 8639131.712, 71
Trd, 8639131.746, 69
Trd, 8639131.946, 69
Trd, 8639132.012, 67
Trd, 8639132.412, 65
Trd, 8639133.779, 89
Trd, 8639133.812, 74
Trd, 8639134.079, 139
Trd, 8639135.246, 125
Trd, 8639135.479, 123
Trd, 8639135.879, 122
Trd, 8639136.446, 112
Trd, 8639136.679, 129
Trd, 8639137.212, 112
Trd, 8639138.012, 113
Trd, 8639138.112, 112
Trd, 8639138.212, 110
Trd, 8639138.912, 105
Trd, 8639139.879, 104
Trd, 8639139.912, 103
Trd, 8639140.479, 103
Trd, 8639140.946, 102
Trd, 8639141.179, 102
Trd, 8639141.279, 89
Trd, 8639141.512, 75
Trd, 8639141.579, 74
Trd, 8639141.746, 68
Trd, 8639142.512, 139
Trd, 8639142.846, 129
Trd, 8639143.079, 118
Trd, 8639143.246, 117
Trd, 8639144.112, 97
Trd, 8639144.246, 96
Trd, 8639144.346, 95
Trd, 8639144.512, 90
Trd, 8639146.279, 140
Trd, 8639146.346, 140
Trd, 8639146.379, 140
Trd, 8639146.946, 137
Trd, 8639148.146, 119
Trd, 8639148.479, 119
Trd, 8639148.679, 118
Trd, 8639149.112, 118
Trd, 8639149.146, 116
Trd, 8639149.412, 116
Trd, 8639149.512, 115
Trd, 8639149.579, 113
Trd, 8639150.512, 137
Trd, 8639150.679, 137
Trd, 8639150.746, 133
Trd, 8639152.046, 90
Trd, 8639152.146, 87
Trd, 8639152.279, 76
Trd, 8639152.412, 75
Trd, 8639152.946, 83
Trd, 8639153.412, 94
Trd, 8639153.846, 95
Trd, 8639154.079, 94
Trd, 8639154.779, 140
Trd, 8639155.379, 140
Trd, 8639155.579, 132
Trd, 8639156.379, 96
Trd, 8639156.446, 120
Trd, 8639156.746, 79
Trd, 8639157.179, 78
Trd, 8639158.079, 73
Trd, 8639158.846, 106
Trd, 8639158.946, 84
Trd, 8639159.012, 83
Trd, 8639160.146, 84
Trd, 8639160.879, 94
Trd, 8639161.079, 91
Trd, 8639161.279, 82
Trd, 8639161.812, 96
Trd, 8639162.479, 97
Trd, 8639163.212, 113
Trd, 8639163.412, 127
Trd, 8639163.646, 105
Trd, 8639163.912, 98
Trd, 8639164.146, 96
Trd, 8639165.112, 140
Trd, 8639165.579, 140
Trd, 8639165.779, 140
Trd, 8639166.146, 138
Trd, 8639166.679, 127
Trd, 8639167.446, 140
Trd, 8639167.579, 140
Trd, 8639167.612, 135
Trd, 8639168.146, 100
Trd, 8639168.179, 93
Trd, 8639169.879, 60
Trd, 8639170.912, 60
Trd, 8639171.212, 61
Trd, 8639171.879, 61
Trd, 8639171.912, 62
Trd, 8639172.346, 68
Trd, 8639172.712, 67
Trd, 8639172.746, 70
Trd, 8639174.312, 139
Trd, 8639174.346, 130
Trd, 8639174.446, 130
Trd, 8639174.812, 129
Trd, 8639174.879, 111
Trd, 8639175.746, 79
Trd, 8639176.246, 61
Trd, 8639177.179, 71
Trd, 8639177.346, 72
Trd, 8639177.712, 73
Trd, 8639178.079, 68
Trd, 8639178.746, 66
Trd, 8639179.212, 68
Trd, 8639179.312, 73
Trd, 8639180.112, 70
Trd, 8639180.179, 70
Trd, 8639180.979, 118
Trd, 8639181.012, 117
Trd, 8639181.279, 101
Trd, 8639181.446, 98
Trd, 8639181.579, 97
Trd, 8639181.612, 96
Trd, 8639182.046, 86
Trd, 8639183.012, 134
Trd, 8639183.512, 124
Trd, 8639184.546, 120
Trd, 8639184.746, 121
Trd, 8639184.779, 118
Trd, 8639185.212, 115
Trd, 8639185.479, 108
Trd, 8639185.812, 91
Trd, 8639186.379, 91
Trd, 8639186.779, 119
Trd, 8639187.246, 139
Trd, 8639187.512, 106
Trd, 8639187.579, 103
Trd, 8639187.612, 81
Trd, 8639189.046, 119
Trd, 8639189.446, 123
Trd, 8639189.679, 122
Trd, 8639189.712, 118
Trd, 8639189.746, 85
Trd, 8639192.279, 60
Trd, 8639192.546, 62
Trd, 8639193.046, 61
Trd, 8639194.012, 61
Trd, 8639194.612, 62
Trd, 8639195.012, 64
Trd, 8639195.179, 67
Trd, 8639195.346, 74
Trd, 8639195.712, 80
Trd, 8639195.812, 66
Trd, 8639196.112, 64
Trd, 8639196.246, 64
Trd, 8639196.379, 63
Trd, 8639196.579, 62
Trd, 8639196.746, 62
Trd, 8639197.612, 60
Trd, 8639198.112, 69
Trd, 8639199.712, 60
Trd, 8639201.212, 60
Trd, 8639201.246, 63
Trd, 8639201.379, 62
Trd, 8639201.746, 70
Trd, 8639202.079, 71
Trd, 8639202.279, 69
Trd, 8639202.412, 70
Trd, 8639202.446, 69
Trd, 8639202.779, 69
Trd, 8639203.112, 68
Trd, 8639203.712, 68
Trd, 8639204.079, 90
Trd, 8639204.512, 77
Trd, 8639204.579, 78
Trd, 8639204.912, 74
Trd, 8639205.246, 78
Trd, 8639205.879, 76
Trd, 8639206.279, 140
Trd, 8639207.446, 115
Trd, 8639207.679, 116
Trd, 8639207.979, 117
Trd, 8639208.579, 115
Trd, 8639209.012, 113
Trd, 8639209.112, 139
Trd, 8639209.179, 110
Trd, 8639209.379, 107
Trd, 8639209.812, 105
Trd, 8639209.846, 85
Trd, 8639210.612, 116
Trd, 8639211.512, 113
Trd, 8639211.746, 111
Trd, 8639212.379, 104
Trd, 8639213.579, 103
Trd, 8639214.212, 116
Trd, 8639214.346, 115
Trd, 8639214.946, 140
Trd, 8639214.979, 115
Trd, 8639215.046, 99
Trd, 8639215.312, 99
Trd, 8639216.446, 114
Trd, 8639216.579, 113
Trd, 8639216.846, 106
Trd, 8639217.112, 106
Trd, 8639217.579, 137
Trd, 8639217.712, 102
Trd, 8639218.412, 98
Trd, 8639218.512, 98
Trd, 8639219.012, 91
Trd, 8639219.079, 88
Trd, 8639219.346, 111
Trd, 8639220.446, 126
Trd, 8639221.079, 111
Trd, 8639221.312, 100
Trd, 8639221.446, 89
Trd, 8639222.812, 139
Trd, 8639222.946, 98
Trd, 8639223.079, 67
Trd, 8639223.279, 66
Trd, 8639224.312, 61
Trd, 8639224.612, 76
Trd, 8639225.446, 86
Trd, 8639225.679, 88
Trd, 8639225.879, 88
Trd, 8639226.012, 87
Trd, 8639227.679, 93
Trd, 8639227.879, 95
Trd, 8639228.412, 119
Trd, 8639228.479, 95
Trd, 8639228.512, 94
Trd, 8639228.612, 134
Trd, 8639228.812, 90
Trd, 8639229.279, 89
Trd, 8639229.479, 87
Trd, 8639230.712, 119
Trd, 8639230.746, 118
Trd, 8639230.912, 114
Trd, 8639231.612, 92
Trd, 8639232.446, 94
Trd, 8639232.812, 92
Trd, 8639233.079, 92
Trd, 8639233.846, 92
Trd, 8639234.112, 91
Trd, 8639234.579, 100
Trd, 8639234.779, 87
Trd, 8639235.412, 89
Trd, 8639235.446, 86
Trd, 8639235.779, 61
Trd, 8639236.379, 139
Trd, 8639238.912, 60
Trd, 8639239.546, 62
Trd, 8639239.612, 64
Trd, 8639239.712, 67
Trd, 8639240.179, 70
Trd, 8639240.979, 70
Trd, 8639241.179, 78
Trd, 8639241.279, 71
Trd, 8639241.579, 73
Trd, 8639242.079, 74
Trd, 8639242.212, 71
Trd, 8639242.312, 69
Trd, 8639243.446, 81
Trd, 8639243.512, 80
Trd, 8639243.546, 75
Trd, 8639243.612, 105
Trd, 8639244.112, 90
Trd, 8639244.479, 87
Trd, 8639244.579, 84
Trd, 8639245.779, 75
Trd, 8639246.612, 70
Trd, 8639246.746, 72
Trd, 8639247.012, 95
Trd, 8639247.412, 103
Trd, 8639247.512, 132
Trd, 8639247.812, 99
Trd, 8639248.246, 99
Trd, 8639248.312, 98
Trd, 8639249.746, 137
Trd, 8639249.779, 85
Trd, 8639250.046, 85
Trd, 8639250.379, 84
Trd, 8639250.479, 81
Trd, 8639251.112, 81
Trd, 8639251.212, 70
Trd, 8639252.312, 79
Trd, 8639252.712, 128
Trd, 8639252.879, 119
Trd, 8639253.512, 71
Trd, 8639253.946, 71
Trd, 8639254.146, 70
Trd, 8639255.012, 71
Trd, 8639255.212, 70
Trd, 8639255.946, 68
Trd, 8639256.212, 80
Trd, 8639256.912, 140
Trd, 8639256.979, 133
Trd, 8639258.012, 114
Trd, 8639258.046, 111
Trd, 8639258.079, 70
Trd, 8639259.012, 68
Trd, 8639259.812, 117
Trd, 8639260.846, 60
Trd, 8639261.712, 83
Trd, 8639261.946, 85
Trd, 8639262.646, 93
Trd, 8639263.312, 87
Trd, 8639263.479, 94
Trd, 8639263.879, 93
Trd, 8639264.112, 92
Trd, 8639264.546, 129
Trd, 8639264.646, 129
Trd, 8639264.746, 128
Trd, 8639265.279, 119
Trd, 8639265.646, 111
Trd, 8639265.912, 107
Trd, 8639266.512, 124
Trd, 8639267.312, 95
Trd, 8639267.679, 95
Trd, 8639268.279, 95
Trd, 8639269.012, 106
Trd, 8639269.079, 94
Trd, 8639269.179, 93
Trd, 8639269.279, 93
Trd, 8639270.012, 122
Trd, 8639270.346, 113
Trd, 8639270.412, 111
Trd, 8639271.079, 89
Trd, 8639271.179, 92
Trd, 8639271.512, 69
Trd, 8639271.779, 94
Trd, 8639272.779, 131
Trd, 8639273.012, 125
Trd, 8639273.112, 124
Trd, 8639275.012, 140
Trd, 8639275.412, 140
Trd, 8639275.479, 139
Trd, 8639276.212, 140
Trd, 8639276.479, 139
Trd, 8639276.812, 138
Trd, 8639277.212, 135
Trd, 8639277.779, 126
Trd, 8639278.212, 129
Trd, 8639278.279, 128
Trd, 8639278.446, 140
Trd, 8639278.912, 135
Trd, 8639279.412, 125
Trd, 8639279.712, 122
Trd, 8639280.112, 120
Trd, 8639280.679, 119
Trd, 8639281.446, 113
Trd, 8639281.879, 108
Trd, 8639282.046, 105
Trd, 8639282.479, 91
Trd, 8639283.046, 88
Trd, 8639283.779, 87
Trd, 8639283.946, 86
Trd, 8639284.979, 140
Trd, 8639285.112, 140
Trd, 8639285.146, 133
Trd, 8639285.746, 133
Trd, 8639286.646, 98
Trd, 8639286.879, 97
Trd, 8639287.012, 133
Trd, 8639287.112, 93
Trd, 8639287.312, 83
Trd, 8639287.712, 98
Trd, 8639287.879, 97
Trd, 8639288.979, 113
Trd, 8639289.112, 92
Trd, 8639289.512, 91
Trd, 8639289.579, 95
Trd, 8639289.712, 91
Trd, 8639290.312, 107
Trd, 8639290.446, 106
Trd, 8639290.646, 93
Trd, 8639291.179, 109
Trd, 8639291.712, 89
Trd, 8639292.879, 69
Trd, 8639293.512, 106
Trd, 8639293.879, 109
Trd, 8639294.146, 117
Trd, 8639294.279, 125
Trd, 8639294.746, 109
Trd, 8639295.612, 139
Trd, 8639295.879, 139
Trd, 8639296.179, 138
Trd, 8639296.412, 137
Trd, 8639296.779, 117
Trd, 8639296.979, 110
Trd, 8639297.712, 138
Trd, 8639298.212, 106
Trd, 8639298.479, 103
Trd, 8639298.912, 109
Trd, 8639299.446, 92
Trd, 8639299.979, 90
Trd, 8639300.412, 89
Trd, 8639300.912, 101
Trd, 8639301.012, 87
Trd, 8639301.479, 83
Trd, 8639301.546, 105
Trd, 8639302.246, 85
Trd, 8639302.412, 84
Trd, 8639303.012, 76
Trd, 8639303.146, 101
Trd, 8639304.579, 61
Trd, 8639304.979, 65
Trd, 8639305.379, 60
Trd, 8639305.979, 63
Trd, 8639306.712, 71
Trd, 8639306.879, 67
Trd, 8639307.012, 66
Trd, 8639307.346, 72
Trd, 8639308.379, 103
Trd, 8639308.646, 127
Trd, 8639308.712, 126
Trd, 8639309.079, 96
Trd, 8639309.446, 96
Trd, 8639309.479, 93
Trd, 8639309.646, 92
Trd, 8639310.412, 92
Trd, 8639311.046, 66
Trd, 8639312.446, 61
Trd, 8639312.912, 63
Trd, 8639313.112, 64
Trd, 8639313.346, 65
Trd, 8639313.512, 63
Trd, 8639313.746, 60
Trd, 8639314.379, 85
Trd, 8639315.279, 131
Trd, 8639315.512, 68
Trd, 8639315.712, 104
Trd, 8639315.946, 76
Trd, 8639316.379, 94
Trd, 8639316.546, 93
Trd, 8639316.612, 89
Trd, 8639316.846, 89
Trd, 8639318.179, 61
Trd, 8639319.612, 62
Trd, 8639320.046, 66
Trd, 8639320.112, 65
Trd, 8639320.246, 76
Trd, 8639320.579, 87
Trd, 8639321.112, 65
Trd, 8639321.146, 89
Trd, 8639321.779, 77
Trd, 8639321.946, 78
Trd, 8639321.979, 75
Trd, 8639322.512, 63
Trd, 8639322.812, 63
Trd, 8639322.946, 105
Trd, 8639323.779, 103
Trd, 8639324.146, 103
Trd, 8639324.612, 137
Trd, 8639324.679, 136
Trd, 8639325.046, 132
Trd, 8639325.346, 126
Trd, 8639325.546, 111
Trd, 8639325.579, 75
Trd, 8639325.646, 74
Trd, 8639327.146, 68
Trd, 8639327.612, 81
Trd, 8639328.112, 61
Trd, 8639328.579, 64
Trd, 8639328.879, 89
Trd, 8639329.246, 93
Trd, 8639329.546, 92
Trd, 8639329.679, 92
Trd, 8639330.146, 91
Trd, 8639330.612, 94
Trd, 8639330.812, 93
Trd, 8639331.312, 93
Trd, 8639331.412, 90
Trd, 8639331.679, 128
Trd, 8639332.046, 81
Trd, 8639332.546, 66
Trd, 8639333.712, 61
Trd, 8639333.979, 65
Trd, 8639334.846, 61
Trd, 8639335.446, 67
Trd, 8639335.646, 71
Trd, 8639335.879, 67
Trd, 8639336.312, 84
Trd, 8639337.279, 89
Trd, 8639337.479, 74
Trd, 8639337.712, 74
Trd, 8639338.012, 74
Trd, 8639338.179, 91
Trd, 8639338.646, 73
Trd, 8639339.112, 77
Trd, 8639339.879, 108
Trd, 8639339.912, 86
Trd, 8639340.946, 106
Trd, 8639341.012, 106
Trd, 8639341.512, 105
Trd, 8639341.646, 101
Trd, 8639341.712, 97
Trd, 8639342.346, 104
Trd, 8639343.479, 86
Trd, 8639343.612, 84
Trd, 8639343.679, 75
Trd, 8639343.879, 67
Trd, 8639344.512, 107
Trd, 8639344.846, 109
Trd, 8639345.012, 140
Trd, 8639345.112, 139
Trd, 8639345.446, 132
Trd, 8639346.346, 109
Trd, 8639346.446, 108
Trd, 8639347.079, 111
Trd, 8639347.346, 108
Trd, 8639347.512, 107
Trd, 8639347.546, 103
Trd, 8639347.779, 93
Trd, 8639349.046, 80
Trd, 8639349.379, 116
Trd, 8639349.712, 73
Trd, 8639350.212, 68
Trd, 8639351.146, 105
Trd, 8639351.479, 137
Trd, 8639351.512, 70
Trd, 8639352.646, 136
Trd, 8639353.246, 79
Trd, 8639353.812, 70
Trd, 8639354.012, 65
Trd, 8639355.479, 90
Trd, 8639355.779, 124
Trd, 8639355.846, 88
Trd, 8639355.979, 85
Trd, 8639356.246, 86
Trd, 8639356.479, 127
Trd, 8639356.646, 80
Trd, 8639357.479, 77
Trd, 8639358.179, 78
Trd, 8639358.812, 95
Trd, 8639359.446, 76
Trd, 8639359.779, 78
Trd, 8639359.912, 75
Trd, 8639360.046, 74
Trd, 8639360.579, 97
Trd, 8639361.112, 96
Trd, 8639361.279, 91
Trd, 8639361.979, 90
Trd, 8639362.312, 87
Trd, 8639362.612, 81
Trd, 8639363.079, 64
Trd, 8639363.412, 116
Trd, 8639363.979, 81
Trd, 8639364.246, 79
Trd, 8639365.712, 97
Trd, 8639365.779, 96
Trd, 8639366.279, 96
Trd, 8639366.446, 97
Trd, 8639366.779, 96
Trd, 8639367.212, 133
Trd, 8639367.312, 95
Trd, 8639367.612, 137
Trd, 8639367.846, 95
Trd, 8639367.879, 92
Trd, 8639368.212, 100
Trd, 8639368.779, 100
Trd, 8639369.012, 86
Trd, 8639369.579, 92
Trd, 8639369.946, 85
Trd, 8639370.046, 84
Trd, 8639370.379, 84
Trd, 8639370.479, 84
Trd, 8639371.479, 117
Trd, 8639371.646, 84
Trd, 8639371.979, 83
Trd, 8639372.379, 82
Trd, 8639372.446, 81
Trd, 8639373.612, 94
Trd, 8639374.746, 133
Trd, 8639374.846, 132
Trd, 8639375.546, 130
Trd, 8639375.812, 127
Trd, 8639376.246, 126
Trd, 8639376.479, 105
Trd, 8639377.279, 96
Trd, 8639377.412, 121
Trd, 8639377.579, 93
Trd, 8639378.212, 80
Trd, 8639378.479, 78
Trd, 8639379.079, 77
Trd, 8639380.746, 62
Trd, 8639380.846, 60
Trd, 8639380.912, 61
Trd, 8639380.979, 62
Trd, 8639381.046, 64
Trd, 8639382.012, 62
Trd, 8639382.412, 62
Trd, 8639382.646, 66
Trd, 8639383.079, 69
Trd, 8639384.279, 78
Trd, 8639384.446, 76
Trd, 8639385.346, 71
Trd, 8639385.379, 70
Trd, 8639385.446, 66
Trd, 8639385.812, 70
Trd, 8639386.579, 75
Trd, 8639386.746, 70
Trd, 8639386.946, 70
Trd, 8639387.179, 76
Trd, 8639388.079, 95
Trd, 8639388.179, 94
Trd, 8639388.812, 73
Trd, 8639388.946, 79
Trd, 8639389.646, 70
Trd, 8639389.779, 87
Trd, 8639390.079, 71
Trd, 8639390.512, 94
Trd, 8639390.879, 100
Trd, 8639390.912, 96
Trd, 8639391.246, 97
Trd, 8639391.479, 70
Trd, 8639391.812, 67
Trd, 8639392.046, 66
Trd, 8639393.946, 60
Trd, 8639394.046, 62
Trd, 8639395.946, 63
Trd, 8639396.246, 64
Trd, 8639396.479, 65
Trd, 8639396.746, 78
Trd, 8639396.912, 77
Trd, 8639397.479, 81
Trd, 8639399.112, 105
Trd, 8639399.179, 92
Trd, 8639399.312, 91
Trd, 8639400.446, 88
Trd, 8639400.512, 87
Trd, 8639400.679, 102
Trd, 8639400.746, 88
Trd, 8639400.912, 88
Trd, 8639401.046, 87
Trd, 8639402.546, 137
Trd, 8639402.646, 103
Trd, 8639403.146, 96
Trd, 8639403.479, 85
Trd, 8639403.812, 98
Trd, 8639403.979, 82
Trd, 8639404.479, 82
Trd, 8639404.879, 81
Trd, 8639405.146, 119
Trd, 8639405.612, 91
Trd, 8639405.746, 80
Trd, 8639405.879, 79
Trd, 8639406.512, 93
Trd, 8639406.879, 95
Trd, 8639408.046, 81
Trd, 8639408.279, 80
Trd, 8639408.412, 78
Trd, 8639409.446, 86
Trd, 8639409.712, 118
Trd, 8639409.979, 79
Trd, 8639410.079, 77
Trd, 8639410.912, 77
Trd, 8639410.946, 76
Trd, 8639413.112, 60
Trd, 8639414.012, 61
Trd, 8639414.546, 64
Trd, 8639414.679, 63
Trd, 8639415.279, 85
Trd, 8639415.646, 87
Trd, 8639416.246, 63
Trd, 8639416.346, 69
Trd, 8639416.946, 69
Trd, 8639417.579, 90
Trd, 8639417.712, 76
Trd, 8639418.346, 87
Trd, 8639419.579, 140
Trd, 8639419.979, 140
Trd, 8639421.146, 131
Trd, 8639421.179, 128
Trd, 8639421.579, 124
Trd, 8639421.779, 121
Trd, 8639421.879, 116
Trd, 8639421.946, 115
Trd, 8639422.812, 90
Trd, 8639423.012, 84
Trd, 8639423.412, 81
Trd, 8639424.012, 70
Trd, 8639424.146, 87
Trd, 8639424.346, 70
Trd, 8639424.946, 126
Trd, 8639425.112, 75
Trd, 8639425.246, 86
Trd, 8639426.346, 68
Trd, 8639426.612, 73
Trd, 8639427.046, 102
Trd, 8639427.912, 137
Trd, 8639428.012, 132
Trd, 8639428.279, 67
Trd, 8639429.079, 70
Trd, 8639429.246, 104
Trd, 8639430.812, 60
Trd, 8639431.579, 61
Trd, 8639431.779, 64
Trd, 8639432.046, 68
Trd, 8639432.512, 64
Trd, 8639433.112, 65
Trd, 8639433.346, 62
Trd, 8639433.579, 68
Trd, 8639433.979, 83
Trd, 8639434.046, 69
Trd, 8639434.746, 100
Trd, 8639434.979, 94
Trd, 8639435.679, 125
Trd, 8639435.846, 117
Trd, 8639436.512, 114
Trd, 8639436.612, 112
Trd, 8639437.046, 111
Trd, 8639437.179, 107
Trd, 8639437.746, 124
Trd, 8639438.612, 140
Trd, 8639438.846, 99
Trd, 8639439.346, 98
Trd, 8639441.179, 138
Trd, 8639441.246, 136
Trd, 8639441.279, 134
Trd, 8639441.479, 131
Trd, 8639441.679, 129
Trd, 8639442.579, 136
Trd, 8639442.812, 135
Trd, 8639443.579, 133
Trd, 8639443.679, 133
Trd, 8639444.179, 133
Trd, 8639444.712, 126
Trd, 8639444.746, 122
Trd, 8639444.946, 109
Trd, 8639446.146, 68
Trd, 8639446.212, 119
Trd, 8639447.246, 74
Trd, 8639447.679, 70
Trd, 8639447.779, 65
Trd, 8639447.879, 64
Trd, 8639448.546, 63
Trd, 8639448.746, 83
Trd, 8639449.046, 100
Trd, 8639450.212, 76
Trd, 8639451.179, 91
Trd, 8639451.312, 90
Trd, 8639451.512, 138
Trd, 8639451.779, 88
Trd, 8639452.079, 93
Trd, 8639452.579, 92
Trd, 8639453.312, 112
Trd, 8639453.646, 92
Trd, 8639454.346, 138
Trd, 8639454.746, 139
Trd, 8639455.379, 139
Trd, 8639456.612, 140
Trd, 8639456.646, 140
Trd, 8639456.846, 138
Trd, 8639457.112, 134
Trd, 8639457.246, 131
Trd, 8639457.512, 120
Trd, 8639458.246, 113
Trd, 8639458.279, 99
Trd, 8639459.112, 88
Trd, 8639460.379, 86
Trd, 8639460.446, 85
Trd, 8639460.712, 84
Trd, 8639460.912, 71
Trd, 8639461.446, 61
Trd, 8639461.712, 116
Trd, 8639461.812, 110
Trd, 8639462.912, 61
Trd, 8639464.212, 76
Trd, 8639464.446, 74
Trd, 8639464.646, 71
Trd, 8639464.779, 70
Trd, 8639464.846, 74
Trd, 8639464.879, 69
Trd, 8639466.212, 61
Trd, 8639468.146, 62
Trd, 8639468.712, 68
Trd, 8639469.179, 68
Trd, 8639469.212, 105
Trd, 8639470.112, 75
Trd, 8639470.179, 73
Trd, 8639470.412, 73
Trd, 8639470.646, 72
Trd, 8639471.146, 92
Trd, 8639471.612, 133
Trd, 8639471.679, 81
Trd, 8639471.712, 77
Trd, 8639471.979, 76
Trd, 8639472.046, 72
Trd, 8639472.279, 72
Trd, 8639473.012, 90
Trd, 8639473.246, 91
Trd, 8639473.779, 89
Trd, 8639474.812, 79
Trd, 8639475.979, 112
Trd, 8639476.012, 111
Trd, 8639476.079, 120
Trd, 8639476.279, 105
Trd, 8639476.479, 103
Trd, 8639476.546, 101
Trd, 8639476.612, 100
Trd, 8639476.812, 96
Trd, 8639477.112, 97
Trd, 8639477.746, 97
Trd, 8639477.846, 96
Trd, 8639478.579, 104
Trd, 8639479.179, 97
Trd, 8639480.346, 122
Trd, 8639480.679, 121
Trd, 8639480.946, 119
Trd, 8639481.012, 114
Trd, 8639481.246, 94
Trd, 8639482.112, 137
Trd, 8639482.246, 136
Trd, 8639482.646, 122
Trd, 8639482.712, 116
Trd, 8639482.746, 85
Trd, 8639482.779, 130
Trd, 8639484.712, 140
Trd, 8639484.879, 140
Trd, 8639485.546, 140
Trd, 8639485.579, 140
Trd, 8639485.979, 140
Trd, 8639486.346, 120
Trd, 8639486.579, 102
Trd, 8639486.712, 101
Trd, 8639487.412, 104
Trd, 8639488.012, 80
Trd, 8639488.612, 82
Trd, 8639489.446, 93
Trd, 8639490.346, 138
Trd, 8639490.446, 115
Trd, 8639490.812, 137
Trd, 8639490.946, 115
Trd, 8639491.379, 115
Trd, 8639491.646, 114
Trd, 8639491.846, 106
Trd, 8639492.312, 119
Trd, 8639492.979, 91
Trd, 8639493.579, 88
Trd, 8639493.612, 87
Trd, 8639493.646, 81
Trd, 8639493.746, 138
Trd, 8639494.179, 92
Trd, 8639495.546, 87
Trd, 8639495.979, 107
Trd, 8639496.212, 85
Trd, 8639496.812, 98
Trd, 8639497.246, 78
Trd, 8639497.679, 76
Trd, 8639497.879, 75
Trd, 8639497.912, 107
Trd, 8639498.812, 76
Trd, 8639498.846, 75
Trd, 8639499.012, 75
Trd, 8639499.812, 123
Trd, 8639500.146, 132
Trd, 8639500.446, 115
Trd, 8639501.279, 136
Trd, 8639501.612, 127
Trd, 8639502.179, 94
Trd, 8639502.379, 93
Trd, 8639502.479, 92
Trd, 8639502.546, 99
Trd, 8639502.679, 91
Trd, 8639503.179, 89
Trd, 8639504.046, 97
Trd, 8639504.712, 94
Trd, 8639504.779, 88
Trd, 8639505.179, 89
Trd, 8639505.946, 85
Trd, 8639505.979, 83
Trd, 8639506.146, 81
Trd, 8639506.812, 85
Trd, 8639507.012, 119
Trd, 8639508.112, 122
Trd, 8639508.646, 122
Trd, 8639508.879, 122
Trd, 8639508.946, 116
Trd, 8639509.579, 110
Trd, 8639509.612, 114
Trd, 8639510.046, 110
Trd, 8639510.246, 122
Trd, 8639510.912, 135
Trd, 8639511.179, 129
Trd, 8639511.546, 121
Trd, 8639511.612, 113
Trd, 8639511.779, 108
Trd, 8639513.212, 136
Trd, 8639513.479, 135
Trd, 8639513.846, 126
Trd, 8639514.246, 108
Trd, 8639515.046, 117
Trd, 8639515.146, 116
Trd, 8639515.446, 110
Trd, 8639516.246, 138
Trd, 8639516.279, 133
Trd, 8639516.612, 140
Trd, 8639516.912, 122
Trd, 8639516.946, 121
Trd, 8639517.912, 122
Trd, 8639518.212, 117
Trd, 8639518.812, 115
Trd, 8639519.812, 129
Trd, 8639519.846, 111
Trd, 8639520.246, 68
Trd, 8639521.546, 62
Trd, 8639522.279, 60
Trd, 8639522.579, 60
Trd, 8639523.112, 62
Trd, 8639523.779, 66
Trd, 8639524.146, 66
Trd, 8639524.612, 68
Trd, 8639524.812, 69
Trd, 8639524.879, 69
Trd, 8639524.946, 68
Trd, 8639525.146, 67
Trd, 8639525.879, 66
Trd, 8639526.312, 64
Trd, 8639526.946, 139
Trd, 8639527.379, 140
Trd, 8639527.846, 140
Trd, 8639528.046, 139
Trd, 8639528.512, 132
Trd, 8639528.612, 131
Trd, 8639529.212, 115
Trd, 8639529.646, 115
Trd, 8639529.912, 113
Trd, 8639530.012, 86
Trd, 8639530.079, 82
Trd, 8639530.979, 138
Trd, 8639531.146, 72
Trd, 8639532.879, 71
Trd, 8639532.979, 72
Trd, 8639533.212, 71
Trd, 8639533.712, 75
Trd, 8639533.912, 104
Trd, 8639534.179, 110
Trd, 8639534.446, 97
Trd, 8639535.012, 75
Trd, 8639535.146, 136
Trd, 8639535.746, 88
Trd, 8639536.046, 82
Trd, 8639536.979, 85
Trd, 8639537.012, 84
Trd, 8639537.079, 83
Trd, 8639537.579, 83
Trd, 8639538.112, 139
Trd, 8639538.879, 136
Trd, 8639539.179, 133
Trd, 8639539.712, 124
Trd, 8639540.179, 118
Trd, 8639540.212, 109
Trd, 8639540.312, 88
Trd, 8639541.679, 92
Trd, 8639541.712, 91
Trd, 8639541.879, 93
Trd, 8639542.179, 92
Trd, 8639542.379, 96
Trd, 8639543.212, 95
Trd, 8639543.512, 93
Trd, 8639543.679, 91
Trd, 8639544.412, 132
Trd, 8639544.646, 112
Trd, 8639545.746, 96
Trd, 8639546.446, 140
Trd, 8639546.479, 139
Trd, 8639546.912, 129
Trd, 8639547.046, 128
Trd, 8639547.312, 124
Trd, 8639547.412, 110
Trd, 8639548.279, 111
Trd, 8639549.012, 111
Trd, 8639550.079, 111
Trd, 8639550.312, 109
Trd, 8639550.879, 125
Trd, 8639551.012, 128
Trd, 8639551.079, 123
Trd, 8639551.279, 115
Trd, 8639551.412, 140
Trd, 8639551.812, 106
Trd, 8639552.179, 106
Trd, 8639552.746, 105
Trd, 8639552.812, 100
Trd, 8639553.646, 89
Trd, 8639554.079, 88
Trd, 8639554.246, 84
Trd, 8639554.312, 100
Trd, 8639555.812, 73
Trd, 8639555.879, 69
Trd, 8639558.379, 60
Trd, 8639558.746, 61
Trd, 8639559.246, 63
Trd, 8639559.312, 67
Trd, 8639559.546, 68
Trd, 8639559.712, 95
Trd, 8639560.479, 69
Trd, 8639560.946, 71
Trd, 8639561.312, 77
Trd, 8639561.512, 72
Trd, 8639561.546, 70
Trd, 8639561.979, 73
Trd, 8639562.279, 74
Trd, 8639562.579, 85
Trd, 8639562.979, 118
Trd, 8639563.746, 117
Trd, 8639563.879, 99
Trd, 8639564.346, 97
Trd, 8639564.446, 95
Trd, 8639565.112, 82
Trd, 8639565.246, 81
Trd, 8639566.179, 136
Trd, 8639566.546, 85
Trd, 8639566.579, 84
Trd, 8639567.046, 82
Trd, 8639567.546, 92
Trd, 8639568.112, 98
Trd, 8639568.946, 98
Trd, 8639569.379, 83
Trd, 8639569.412, 83
Trd, 8639569.612, 79
Trd, 8639570.746, 81
Trd, 8639571.046, 80
Trd, 8639571.679, 123
Trd, 8639572.079, 94
Trd, 8639572.179, 77
Trd, 8639572.479, 77
Trd, 8639572.679, 81
Trd, 8639572.779, 77
Trd, 8639573.046, 131
Trd, 8639573.779, 138
Trd, 8639573.979, 134
Trd, 8639574.646, 132
Trd, 8639574.946, 128
Trd, 8639575.012, 127
Trd, 8639576.079, 122
Trd, 8639576.346, 120
Trd, 8639576.379, 115
Trd, 8639577.779, 140
Trd, 8639577.979, 140
Trd, 8639578.879, 140
Trd, 8639579.079, 138
Trd, 8639579.246, 137
Trd, 8639579.412, 130
Trd, 8639579.512, 129
Trd, 8639579.679, 127
Trd, 8639579.712, 119
Trd, 8639579.946, 93
Trd, 8639581.312, 140
Trd, 8639582.546, 60
Trd, 8639582.612, 60
Trd, 8639583.312, 63
Trd, 8639583.579, 62
Trd, 8639584.412, 62
Trd, 8639584.812, 64
Trd, 8639584.946, 64
Trd, 8639585.379, 72
Trd, 8639585.979, 65
Trd, 8639586.446, 92
Trd, 8639586.546, 86
Trd, 8639586.712, 64
Trd, 8639587.312, 71
Trd, 8639587.612, 76
Trd, 8639588.346, 107
Trd, 8639588.946, 107
Trd, 8639588.979, 106
Trd, 8639589.046, 112
Trd, 8639590.079, 140
Trd, 8639590.879, 112
Trd, 8639591.112, 106
Trd, 8639591.279, 95
Trd, 8639591.346, 94
Trd, 8639592.146, 67
Trd, 8639592.312, 100
Trd, 8639592.546, 66
Trd, 8639593.179, 66
Trd, 8639594.279, 69
Trd, 8639594.379, 135
Trd, 8639594.846, 70
Trd, 8639594.912, 75
Trd, 8639595.846, 140
Trd, 8639596.346, 140
Trd, 8639596.412, 139
Trd, 8639596.946, 139
Trd, 8639597.079, 138
Trd, 8639597.279, 138
Trd, 8639597.579, 128
Trd, 8639597.712, 93
Trd, 8639598.779, 61
Trd, 8639599.846, 77
Trd, 8639599.946, 76
Trd, 8639600.579, 83
Trd, 8639601.279, 83
Trd, 8639602.112, 129
Trd, 8639602.279, 113
Trd, 8639602.646, 112
Trd, 8639602.779, 94
Trd, 8639603.012, 86
Trd, 8639603.312, 85
Trd, 8639603.546, 133
Trd, 8639603.712, 80
Trd, 8639603.812, 78
Trd, 8639604.412, 60
Trd, 8639605.746, 62
Trd, 8639605.946, 64
Trd, 8639606.946, 73
Trd, 8639607.479, 78
Trd, 8639607.712, 67
Trd, 8639607.879, 64
Trd, 8639608.246, 66
Trd, 8639608.279, 64
Trd, 8639609.312, 67
Trd, 8639609.946, 69
Trd, 8639610.946, 78
Trd, 8639611.112, 82
Trd, 8639611.512, 80
Trd, 8639612.546, 82
Trd, 8639612.812, 81
Trd, 8639613.512, 140
Trd, 8639613.679, 138
Trd, 8639614.012, 127
Trd, 8639614.446, 120
Trd, 8639614.946, 118
Trd, 8639614.979, 117
Trd, 8639615.479, 135
Trd, 8639615.612, 128
Trd, 8639616.179, 129
Trd, 8639616.579, 140
Trd, 8639616.946, 120
Trd, 8639617.012, 119
Trd, 8639617.346, 104
Trd, 8639618.179, 124
Trd, 8639618.279, 95
Trd, 8639619.079, 93
Trd, 8639619.512, 91
Trd, 8639619.912, 92
Trd, 8639620.312, 118
Trd, 8639620.612, 88
Trd, 8639620.946, 103
Trd, 8639621.012, 102
Trd, 8639621.179, 84
Trd, 8639621.546, 112
Trd, 8639622.346, 84
Trd, 8639623.446, 93
Trd, 8639623.546, 102
Trd, 8639623.579, 92
Trd, 8639623.779, 91
Trd, 8639624.412, 132
Trd, 8639624.646, 90
Trd, 8639624.912, 90
Trd, 8639625.179, 89
Trd, 8639625.546, 89
Trd, 8639625.679, 85
Trd, 8639626.212, 122
Trd, 8639626.579, 83
Trd, 8639626.746, 82
Trd, 8639627.379, 60
Trd, 8639628.112, 80
Trd, 8639628.346, 79
Trd, 8639628.479, 64
Trd, 8639628.979, 76
Trd, 8639629.446, 132
Trd, 8639630.546, 103
Trd, 8639630.679, 101
Trd, 8639630.779, 100
Trd, 8639631.946, 92
Trd, 8639632.046, 87
Trd, 8639633.312, 104
Trd, 8639633.579, 100
Trd, 8639633.612, 122
Trd, 8639633.646, 99
Trd, 8639633.879, 121
Trd, 8639635.512, 83
Trd, 8639635.879, 127
Trd, 8639635.912, 118
Trd, 8639638.012, 61
Trd, 8639638.046, 75
Trd, 8639638.712, 61
Trd, 8639638.979, 97
Trd, 8639639.279, 66
Trd, 8639639.546, 66
Trd, 8639639.612, 69
Trd, 8639639.812, 66
Trd, 8639639.879, 65
Trd, 8639640.046, 64
Trd, 8639640.879, 72
Trd, 8639641.079, 72
Trd, 8639641.179, 72
Trd, 8639641.212, 70
Trd, 8639641.346, 134
Trd, 8639644.146, 61
Trd, 8639644.946, 60
Trd, 8639645.079, 61
Trd, 8639645.412, 63
Trd, 8639645.479, 60
Trd, 8639646.279, 89
Trd, 8639646.446, 84
Trd, 8639646.512, 78
Trd, 8639646.712, 113
Trd, 8639646.979, 103
Trd, 8639647.546, 73
Trd, 8639647.846, 73
Trd, 8639648.446, 91
Trd, 8639649.712, 92
Trd, 8639650.312, 100
Trd, 8639650.679, 110
Trd, 8639650.712, 109
Trd, 8639650.779, 109
Trd, 8639651.212, 112
Trd, 8639651.346, 99
Trd, 8639652.046, 80
Trd, 8639652.679, 118
Trd, 8639653.079, 80
Trd, 8639654.512, 126
Trd, 8639654.612, 120
Trd, 8639654.812, 87
Trd, 8639655.046, 97
Trd, 8639655.212, 136
Trd, 8639655.312, 89
Trd, 8639656.112, 92
Trd, 8639656.412, 83
Trd, 8639658.612, 60
Trd, 8639658.979, 60
Trd, 8639659.546, 61
Trd, 8639660.412, 64
Trd, 8639660.812, 62
Trd, 8639661.479, 64
Trd, 8639661.646, 91
Trd, 8639661.879, 75
Trd, 8639662.079, 68
Trd, 8639662.412, 94
Trd, 8639662.746, 67
Trd, 8639662.879, 72
Trd, 8639663.312, 139
Trd, 8639663.612, 76
Trd, 8639663.812, 75
Trd, 8639663.846, 72
Trd, 8639664.712, 69
Trd, 8639665.579, 70
Trd, 8639666.179, 64
Trd, 8639667.279, 61
Trd, 8639667.679, 60
Trd, 8639668.212, 60
Trd, 8639668.346, 62
Trd, 8639669.179, 61
Trd, 8639669.746, 76
Trd, 8639670.946, 91
Trd, 8639671.346, 85
Trd, 8639671.612, 80
Trd, 8639671.779, 80
Trd, 8639671.812, 77
Trd, 8639672.279, 82
Trd, 8639672.312, 117
Trd, 8639672.379, 119
Trd, 8639672.746, 76
Trd, 8639673.779, 73
Trd, 8639673.846, 73
Trd, 8639674.579, 62
Trd, 8639675.512, 102
Trd, 8639677.046, 130
Trd, 8639677.246, 130
Trd, 8639677.279, 128
Trd, 8639677.746, 124
Trd, 8639677.779, 124
Trd, 8639678.179, 125
Trd, 8639678.312, 123
Trd, 8639678.346, 118
Trd, 8639678.479, 119
Trd, 8639678.779, 111
Trd, 8639679.446, 106
Trd, 8639679.879, 105
Trd, 8639679.979, 97
Trd, 8639680.279, 91
Trd, 8639680.846, 116
Trd, 8639681.512, 115
Trd, 8639681.646, 105
Trd, 8639681.979, 137
Trd, 8639682.846, 138
Trd, 8639682.979, 137
Trd, 8639683.146, 136
Trd, 8639683.679, 102
Trd, 8639683.779, 133
Trd, 8639684.012, 99
Trd, 8639684.346, 61
Trd, 8639686.379, 62
Trd, 8639688.012, 63
Trd, 8639688.279, 64
Trd, 8639688.412, 63
Trd, 8639688.912, 63
Trd, 8639688.979, 62
Trd, 8639689.412, 65
Trd, 8639689.579, 60
Trd, 8639690.712, 73
Trd, 8639690.779, 72
Trd, 8639691.079, 116
Trd, 8639691.312, 66
Trd, 8639691.712, 65
Trd, 8639692.179, 75
Trd, 8639692.212, 78
Trd, 8639692.779, 98
Trd, 8639692.979, 113
Trd, 8639693.312, 65
Trd, 8639694.746, 71
Trd, 8639695.412, 73
Trd, 8639695.946, 86
Trd, 8639696.012, 74
Trd, 8639696.079, 70
Trd, 8639696.779, 70
Trd, 8639698.512, 61
Trd, 8639698.912, 65
Trd, 8639699.512, 82
Trd, 8639700.146, 90
Trd, 8639700.846, 73
Trd, 8639701.012, 72
Trd, 8639701.212, 75
Trd, 8639701.579, 71
Trd, 8639701.879, 67
Trd, 8639702.246, 69
Trd, 8639702.446, 78
Trd, 8639702.912, 86
Trd, 8639703.012, 66
Trd, 8639703.646, 69
Trd, 8639703.912, 67
Trd, 8639705.179, 100
Trd, 8639705.579, 115
Trd, 8639705.612, 112
Trd, 8639705.746, 97
Trd, 8639705.812, 96
Trd, 8639706.279, 97
Trd, 8639707.012, 115
Trd, 8639707.246, 114
Trd, 8639707.846, 109
Trd, 8639708.246, 108
Trd, 8639708.346, 107
Trd, 8639709.079, 140
Trd, 8639709.712, 140
Trd, 8639709.746, 139
Trd, 8639709.812, 129
Trd, 8639710.512, 118
Trd, 8639710.712, 121
Trd, 8639711.146, 118
Trd, 8639711.346, 113
Trd, 8639711.846, 93
Trd, 8639712.879, 140
Trd, 8639713.279, 90
Trd, 8639713.646, 92
Trd, 8639714.246, 111
Trd, 8639714.746, 110
Trd, 8639715.479, 112
Trd, 8639715.546, 110
Trd, 8639715.579, 109
Trd, 8639715.946, 129
Trd, 8639716.246, 109
Trd, 8639716.579, 110
Trd, 8639716.612, 107
Trd, 8639717.079, 107
Trd, 8639717.812, 131
Trd, 8639718.379, 138
Trd, 8639718.512, 134
Trd, 8639718.746, 128
Trd, 8639719.146, 112
Trd, 8639720.246, 115
Trd, 8639720.479, 118
Trd, 8639720.646, 114
Trd, 8639721.212, 116
Trd, 8639721.312, 113
Trd, 8639721.446, 107
Trd, 8639721.479, 123
Trd, 8639722.079, 108
Trd, 8639723.212, 107
Trd, 8639723.712, 106
Trd, 8639724.146, 104
Trd, 8639724.446, 101
Trd, 8639724.812, 100
Trd, 8639725.046, 99
Trd, 8639727.712, 60
Trd, 8639727.812, 62
Trd, 8639727.912, 66
Trd, 8639728.179, 61
Trd, 8639728.312, 65
Trd, 8639729.846, 76
Trd, 8639730.179, 69
Trd, 8639730.412, 66
Trd, 8639730.646, 75
Trd, 8639730.712, 72
Trd, 8639730.746, 66
Trd, 8639730.879, 79
Trd, 8639731.812, 67
Trd, 8639731.912, 73
Trd, 8639732.612, 75
Trd, 8639733.579, 76
Trd, 8639734.812, 127
Trd, 8639735.012, 132
Trd, 8639735.112, 121
Trd, 8639736.079, 120
Trd, 8639736.112, 119
Trd, 8639736.279, 120
Trd, 8639736.312, 119
Trd, 8639736.646, 119
Trd, 8639737.179, 115
Trd, 8639737.246, 111
Trd, 8639737.679, 108
Trd, 8639737.812, 104
Trd, 8639738.479, 105
Trd, 8639738.779, 101
Trd, 8639739.846, 100
Trd, 8639740.679, 125
Trd, 8639740.912, 100
Trd, 8639741.379, 136
Trd, 8639741.412, 99
Trd, 8639741.679, 102
Trd, 8639741.979, 101
Trd, 8639742.079, 96
Trd, 8639742.279, 95
Trd, 8639743.112, 84
Trd, 8639743.346, 81
Trd, 8639743.946, 74
Trd, 8639744.179, 76
Trd, 8639744.579, 120
Trd, 8639744.679, 119
Trd, 8639745.479, 119
Trd, 8639745.712, 118
Trd, 8639746.379, 112
Trd, 8639747.279, 131
Trd, 8639747.412, 113
Trd, 8639747.846, 140
Trd, 8639748.079, 139
Trd, 8639748.746, 132
Trd, 8639749.046, 129
Trd, 8639749.612, 123
Trd, 8639750.812, 121
Trd, 8639750.846, 118
Trd, 8639750.879, 118
Trd, 8639750.979, 116
Trd, 8639751.346, 110
Trd, 8639752.179, 113
Trd, 8639752.312, 111
Trd, 8639752.412, 108
Trd, 8639752.712, 108
Trd, 8639754.512, 138
Trd, 8639754.846, 139
Trd, 8639754.879, 138
Trd, 8639755.979, 138
Trd, 8639756.046, 137
Trd, 8639756.246, 135
Trd, 8639756.412, 132
Trd, 8639756.612, 119
Trd, 8639756.712, 119
Trd, 8639757.879, 127
Trd, 8639758.212, 127
Trd, 8639759.279, 140
Trd, 8639759.512, 138
Trd, 8639759.579, 131
Trd, 8639759.612, 129
Trd, 8639759.712, 112
Trd, 8639760.479, 61
Trd, 8639760.846, 93
Trd, 8639762.446, 140
Trd, 8639762.612, 140
Trd, 8639763.279, 139
Trd, 8639763.446, 138
Trd, 8639763.946, 137
Trd, 8639764.346, 135
Trd, 8639765.379, 126
Trd, 8639766.212, 126
Trd, 8639766.312, 125
Trd, 8639766.712, 120
Trd, 8639766.912, 120
Trd, 8639767.146, 112
Trd, 8639767.312, 106
Trd, 8639767.479, 92
Trd, 8639767.946, 128
Trd, 8639768.479, 127
Trd, 8639769.246, 124
Trd, 8639769.979, 120
Trd, 8639770.479, 118
Trd, 8639770.712, 115
Trd, 8639770.746, 105
Trd, 8639771.112, 105
Trd, 8639771.312, 131
Trd, 8639771.679, 130
Trd, 8639772.246, 104
Trd, 8639772.279, 103
Trd, 8639772.612, 87
Trd, 8639774.012, 60
Trd, 8639775.179, 124
Trd, 8639775.246, 89
Trd, 8639775.779, 90
Trd, 8639775.912, 110
Trd, 8639775.979, 93
Trd, 8639776.112, 98
Trd, 8639776.346, 97
Trd, 8639776.479, 97
Trd, 8639776.912, 98
Trd, 8639776.946, 96
Trd, 8639777.246, 134
Trd, 8639777.646, 129
Trd, 8639777.679, 127
Trd, 8639777.846, 93
Trd, 8639780.879, 61
Trd, 8639781.012, 62
Trd, 8639781.112, 62
Trd, 8639781.312, 61
Trd, 8639781.412, 63
Trd, 8639781.579, 66
Trd, 8639782.546, 84
Trd, 8639783.412, 77
Trd, 8639784.312, 73
Trd, 8639784.779, 75
Trd, 8639785.179, 72
Trd, 8639785.412, 72
Trd, 8639785.579, 79
Trd, 8639785.679, 72
Trd, 8639785.979, 71
Trd, 8639786.446, 77
Trd, 8639786.646, 75
Trd, 8639786.846, 74
Trd, 8639787.079, 72
Trd, 8639788.346, 95
Trd, 8639788.379, 106
Trd, 8639788.812, 106
Trd, 8639789.312, 105
Trd, 8639789.546, 99
Trd, 8639789.912, 99
Trd, 8639790.279, 97
Trd, 8639790.646, 133
Trd, 8639791.779, 129
Trd, 8639791.946, 136
Trd, 8639792.479, 128
Trd, 8639792.679, 123
Trd, 8639792.912, 122
Trd, 8639794.112, 140
Trd, 8639794.812, 134
Trd, 8639794.879, 133
Trd, 8639795.412, 131
Trd, 8639796.546, 130
Trd, 8639796.679, 129
Trd, 8639797.112, 124
Trd, 8639798.012, 123
Trd, 8639798.612, 140
Trd, 8639799.479, 140
Trd, 8639799.512, 140
Trd, 8639799.546, 138
Trd, 8639799.946, 122
Trd, 8639800.346, 120
Trd, 8639800.746, 118
Trd, 8639800.879, 118
Trd, 8639801.479, 119
Trd, 8639801.846, 114
Trd, 8639802.079, 113
Trd, 8639802.912, 114
Trd, 8639803.212, 113
Trd, 8639803.312, 123
Trd, 8639803.612, 113
Trd, 8639804.712, 101
Trd, 8639805.879, 102
Trd, 8639805.946, 101
Trd, 8639805.979, 96
Trd, 8639806.479, 112
Trd, 8639806.912, 127
Trd, 8639806.979, 126
Trd, 8639807.279, 90
Trd, 8639808.112, 98
Trd, 8639808.312, 98
Trd, 8639808.646, 97
Trd, 8639808.679, 96
Trd, 8639809.812, 91
Trd, 8639810.079, 115
Trd, 8639810.746, 109
Trd, 8639810.779, 108
Trd, 8639811.179, 87
Trd, 8639812.046, 108
Trd, 8639812.746, 111
Trd, 8639812.879, 109
Trd, 8639813.012, 109
Trd, 8639813.779, 96
Trd, 8639814.112, 116
Trd, 8639814.512, 96
Trd, 8639815.279, 96
Trd, 8639815.479, 95
Trd, 8639815.679, 94
Trd, 8639815.812, 93
Trd, 8639816.279, 88
Trd, 8639816.879, 88
Trd, 8639817.146, 86
Trd, 8639817.946, 88
Trd, 8639818.012, 84
Trd, 8639818.446, 93
Trd, 8639818.779, 72
Trd, 8639818.812, 71
Trd, 8639819.879, 140
Trd, 8639820.846, 139
Trd, 8639820.946, 90
Trd, 8639821.346, 137
Trd, 8639821.512, 130
Trd, 8639821.779, 127
Trd, 8639822.612, 114
Trd, 8639822.746, 112
Trd, 8639822.846, 100
Trd, 8639823.479, 125
Trd, 8639824.512, 95
Trd, 8639824.779, 96
Trd, 8639825.379, 93
Trd, 8639825.512, 92
Trd, 8639826.446, 98
Trd, 8639826.679, 96
Trd, 8639826.879, 91
Trd, 8639827.279, 91
Trd, 8639827.312, 91
Trd, 8639827.379, 106
Trd, 8639827.812, 91
Trd, 8639828.446, 89
Trd, 8639828.479, 88
Trd, 8639828.879, 77
Trd, 8639829.112, 77
Trd, 8639829.346, 76
Trd, 8639830.612, 64
Trd, 8639831.746, 117
Trd, 8639831.846, 116
Trd, 8639832.746, 119
Trd, 8639832.812, 118
Trd, 8639833.146, 137
Trd, 8639833.546, 117
Trd, 8639833.779, 115
Trd, 8639833.812, 106
Trd, 8639834.312, 127
Trd, 8639834.346, 104
Trd, 8639834.612, 82
Trd, 8639835.846, 60
Trd, 8639837.212, 60
Trd, 8639837.746, 63
Trd, 8639837.979, 65
Trd, 8639838.046, 66
Trd, 8639838.846, 87
Trd, 8639839.712, 104
Trd, 8639840.412, 109
Trd, 8639840.479, 105
Trd, 8639840.512, 104
Trd, 8639840.679, 126
Trd, 8639840.879, 89
Trd, 8639841.712, 90
Trd, 8639841.812, 89
Trd, 8639842.012, 88
Trd, 8639842.312, 82
Trd, 8639842.479, 79
Trd, 8639844.512, 60
Trd, 8639844.546, 67
Trd, 8639845.312, 60
Trd, 8639845.579, 61
Trd, 8639845.846, 61
Trd, 8639846.646, 95
Trd, 8639846.946, 70
Trd, 8639847.046, 69
Trd, 8639847.779, 108
Trd, 8639847.846, 74
Trd, 8639848.846, 85
Trd, 8639848.879, 84
Trd, 8639849.046, 83
Trd, 8639849.412, 76
Trd, 8639849.512, 111
Trd, 8639850.146, 76
Trd, 8639850.212, 74
Trd, 8639850.679, 100
Trd, 8639852.112, 81
Trd, 8639852.612, 123
Trd, 8639852.779, 91
Trd, 8639853.412, 92
Trd, 8639854.179, 95
Trd, 8639854.212, 125
Trd, 8639854.346, 95
Trd, 8639854.779, 112
Trd, 8639855.512, 107
Trd, 8639856.812, 123
Trd, 8639857.179, 111
Trd, 8639857.212, 108
Trd, 8639857.312, 108
Trd, 8639857.546, 130
Trd, 8639857.912, 124
Trd, 8639858.612, 115
Trd, 8639858.779, 114
Trd, 8639859.046, 104
Trd, 8639859.912, 123
Trd, 8639860.579, 71
Trd, 8639860.812, 68
Trd, 8639861.112, 60
Trd, 8639861.779, 132
Trd, 8639862.046, 60
Trd, 8639862.112, 60
Trd, 8639862.646, 72
Trd, 8639863.079, 63
Trd, 8639864.212, 130
Trd, 8639864.546, 127
Trd, 8639864.812, 125
Trd, 8639865.012, 124
Trd, 8639865.046, 123
Trd, 8639865.512, 124
Trd, 8639865.946, 126
Trd, 8639866.212, 124
Trd, 8639866.812, 122
Trd, 8639866.912, 117
Trd, 8639867.112, 115
Trd, 8639867.179, 114
Trd, 8639867.512, 103
Trd, 8639868.746, 100
Trd, 8639869.046, 96
Trd, 8639869.079, 93
Trd, 8639869.346, 94
Trd, 8639869.579, 93
Trd, 8639869.846, 140
Trd, 8639871.146, 126
Trd, 8639871.879, 128
Trd, 8639872.979, 130
Trd, 8639873.246, 130
Trd, 8639873.279, 129
Trd, 8639873.379, 127
Trd, 8639874.146, 126
Trd, 8639874.346, 135
Trd, 8639874.746, 104
Trd, 8639876.446, 104
Trd, 8639876.846, 104
Trd, 8639877.212, 130
Trd, 8639877.479, 102
Trd, 8639877.646, 99
Trd, 8639877.879, 97
Trd, 8639877.912, 96
Trd, 8639878.679, 139
Trd, 8639879.012, 119
Trd, 8639880.312, 114
Trd, 8639880.512, 113
Trd, 8639880.746, 113
Trd, 8639881.346, 109
Trd, 8639881.379, 108
Trd, 8639881.746, 102
Trd, 8639881.846, 80
Trd, 8639881.979, 125
Trd, 8639883.279, 79
Trd, 8639884.212, 139
Trd, 8639884.312, 137
Trd, 8639884.579, 117
Trd, 8639885.212, 100
Trd, 8639885.246, 98
Trd, 8639885.312, 110
Trd, 8639885.412, 95
Trd, 8639888.946, 60
Trd, 8639889.646, 61
Trd, 8639890.146, 60
Trd, 8639890.512, 61
Trd, 8639890.746, 68
Trd, 8639890.879, 67
Trd, 8639891.279, 64
Trd, 8639891.812, 67
Trd, 8639892.246, 68
Trd, 8639892.612, 68
Trd, 8639893.446, 68
Trd, 8639893.746, 94
Trd, 8639894.046, 69
Trd, 8639894.212, 69
Trd, 8639894.879, 60
Trd, 8639895.012, 61
Trd, 8639895.912, 60
Trd, 8639896.012, 71
Trd, 8639896.046, 114
Trd, 8639896.312, 71
Trd, 8639896.879, 76
Trd, 8639897.012, 69
Trd, 8639897.879, 86
Trd, 8639898.712, 89
Trd, 8639899.279, 139
Trd, 8639899.312, 138
Trd, 8639900.046, 106
Trd, 8639900.146, 102
Trd, 8639900.179, 98
Trd, 8639900.746, 84
Trd, 8639901.146, 124
Trd, 8639902.312, 127
Trd, 8639902.579, 126
Trd, 8639902.812, 123
Trd, 8639902.912, 121
Trd, 8639902.946, 121
Trd, 8639903.312, 91
Trd, 8639903.612, 95
Trd, 8639905.312, 60
Trd, 8639906.346, 60
Trd, 8639906.546, 60
Trd, 8639907.712, 63
Trd, 8639908.012, 61
Trd, 8639908.379, 74
Trd, 8639909.246, 72
Trd, 8639909.546, 78
Trd, 8639909.579, 76
Trd, 8639909.779, 75
Trd, 8639910.279, 79
Trd, 8639910.879, 71
Trd, 8639911.312, 85
Trd, 8639911.412, 90
Trd, 8639911.612, 78
Trd, 8639911.746, 77
Trd, 8639911.846, 76
Trd, 8639912.112, 74
Trd, 8639913.612, 103
Trd, 8639914.146, 75
Trd, 8639914.812, 78
Trd, 8639914.912, 70
Trd, 8639915.846, 99
Trd, 8639916.379, 100
Trd, 8639916.846, 140
Trd, 8639917.179, 138
Trd, 8639917.312, 140
Trd, 8639917.479, 138
Trd, 8639917.846, 132
Trd, 8639918.179, 129
Trd, 8639919.112, 115
Trd, 8639919.146, 114
Trd, 8639919.346, 111
Trd, 8639919.646, 92
Trd, 8639919.979, 83
Trd, 8639920.346, 123
Trd, 8639921.279, 85
Trd, 8639921.546, 83
Trd, 8639921.679, 79
Trd, 8639922.012, 88
Trd, 8639923.312, 98
Trd, 8639923.512, 111
Trd, 8639923.546, 118
Trd, 8639924.679, 119
Trd, 8639924.779, 115
Trd, 8639924.979, 80
Trd, 8639925.112, 77
Trd, 8639926.379, 109
Trd, 8639926.546, 93
Trd, 8639926.712, 124
Trd, 8639926.812, 92
Trd, 8639927.079, 85
Trd, 8639927.179, 94
Trd, 8639927.379, 84
Trd, 8639927.412, 84
Trd, 8639928.512, 60
Trd, 8639929.512, 63
Trd, 8639930.446, 63
Trd, 8639931.546, 71
Trd, 8639932.912, 61
Trd, 8639933.079, 61
Trd, 8639933.779, 63
Trd, 8639934.346, 64
Trd, 8639934.479, 65
Trd, 8639935.012, 63
Trd, 8639935.379, 63
Trd, 8639935.746, 75
Trd, 8639935.846, 68
Trd, 8639935.979, 103
Trd, 8639936.579, 65
Trd, 8639937.612, 69
Trd, 8639938.146, 69
Trd, 8639938.579, 79
Trd, 8639938.646, 82
Trd, 8639938.979, 96
Trd, 8639939.712, 82
Trd, 8639940.212, 128
Trd, 8639940.912, 132
Trd, 8639941.246, 137
Trd, 8639941.412, 137
Trd, 8639941.479, 136
Trd, 8639942.546, 131
Trd, 8639942.646, 130
Trd, 8639943.012, 126
Trd, 8639943.312, 121
Trd, 8639943.412, 118
Trd, 8639944.012, 117
Trd, 8639945.112, 106
Trd, 8639945.179, 97
Trd, 8639945.346, 128
Trd, 8639945.579, 94
Trd, 8639945.612, 85
Trd, 8639948.979, 61
Trd, 8639949.112, 62
Trd, 8639949.312, 66
Trd, 8639949.379, 75
Trd, 8639949.979, 66
Trd, 8639950.346, 67
Trd, 8639950.679, 68
Trd, 8639951.779, 70
Trd, 8639951.812, 72
Trd, 8639952.046, 69
Trd, 8639952.379, 90
Trd, 8639952.479, 69
Trd, 8639953.046, 62
Trd, 8639953.246, 65
Trd, 8639953.412, 67
Trd, 8639956.012, 61
Trd, 8639956.379, 60
Trd, 8639956.579, 64
Trd, 8639957.646, 60
Trd, 8639957.746, 63
Trd, 8639958.179, 66
Trd, 8639959.046, 61
Trd, 8639960.179, 78
Trd, 8639960.346, 113
Trd, 8639961.046, 79
Trd, 8639961.346, 80
Trd, 8639961.446, 80
Trd, 8639961.479, 79
Trd, 8639961.512, 70
Trd, 8639963.312, 60
Trd, 8639964.146, 60
Trd, 8639964.312, 60
Trd, 8639964.679, 62
Trd, 8639964.912, 62
Trd, 8639965.146, 64
Trd, 8639965.312, 64
Trd, 8639965.712, 63
Trd, 8639966.279, 76
Trd, 8639966.412, 85
Trd, 8639967.046, 120
Trd, 8639967.512, 71
Trd, 8639967.812, 71
Trd, 8639968.212, 72
Trd, 8639968.446, 69
Trd, 8639968.846, 69
Trd, 8639969.212, 94
Trd, 8639969.312, 78
Trd, 8639969.879, 72
Trd, 8639970.112, 70
Trd, 8639970.579, 70
Trd, 8639970.979, 75
Trd, 8639971.479, 76
Trd, 8639971.779, 110
Trd, 8639972.546, 88
Trd, 8639972.612, 94
Trd, 8639972.879, 81
Trd, 8639973.012, 123
Trd, 8639973.612, 103
Trd, 8639974.079, 102
Trd, 8639974.712, 103
Trd, 8639974.846, 102
Trd, 8639974.879, 99
Trd, 8639975.412, 77
Trd, 8639975.879, 83
Trd, 8639976.546, 103
Trd, 8639976.879, 92
Trd, 8639977.479, 88
Trd, 8639977.846, 130
Trd, 8639978.212, 129
Trd, 8639978.346, 124
Trd, 8639979.312, 94
Trd, 8639979.512, 87
Trd, 8639979.712, 98
Trd, 8639980.179, 138
Trd, 8639980.412, 88
Trd, 8639980.812, 89
Trd, 8639981.346, 105
Trd, 8639981.646, 103
Trd, 8639981.779, 99
Trd, 8639982.179, 138
Trd, 8639982.579, 139
Trd, 8639983.646, 139
Trd, 8639984.146, 137
Trd, 8639984.246, 137
Trd, 8639984.346, 127
Trd, 8639984.446, 118
Trd, 8639984.879, 106
Trd, 8639986.279, 99
Trd, 8639986.446, 81
Trd, 8639986.746, 79
Trd, 8639986.912, 78
Trd, 8639987.712, 79
Trd, 8639987.846, 80
Trd, 8639988.612, 80
Trd, 8639988.846, 80
Trd, 8639989.746, 79
Trd, 8639990.046, 78
Trd, 8639990.346, 96
Trd, 8639990.879, 79
Trd, 8639991.112, 139
Trd, 8639992.246, 98
Trd, 8639992.479, 97
Trd, 8639992.712, 97
Trd, 8639992.912, 97
Trd, 8639993.246, 101
Trd, 8639993.346, 93
Trd, 8639993.946, 117
Trd, 8639994.479, 109
Trd, 8639994.612, 108
Trd, 8639994.912, 126
Trd, 8639995.812, 115
Trd, 8639995.946, 113
Trd, 8639996.979, 84
Trd, 8639997.246, 86
Trd, 8639997.946, 83
Trd, 8639997.979, 81
Trd, 8639998.379, 84
Trd, 8639999.079, 88
Trd, 8639999.312, 124
Trd, 8639999.912, 140
Trd, 8639999.946, 129
