Trd, 8638773.479, 139
Trd, 8638773.779, 140
Trd, 8638774.112, 135
Trd, 8638774.446, 135
Trd, 8638775.379, 133
Trd, 8638775.446, 134
Trd, 8638775.612, 131
Trd, 8638775.679, 130
Trd, 8638775.712, 134
Trd, 8638775.879, 113
Trd, 8638775.946, 90
Trd, 8638776.646, 61
Trd, 8638777.546, 60
Trd, 8638777.912, 60
Trd, 8638778.446, 64
Trd, 8638778.479, 66
Trd, 8638778.612, 68
Trd, 8638778.746, 140
Trd, 8638779.146, 62
Trd, 8638779.646, 62
Trd, 8638779.846, 64
Trd, 8638781.179, 140
Trd, 8638782.846, 140
Trd, 8638783.279, 138
Trd, 8638783.346, 136
Trd, 8638783.446, 137
Trd, 8638783.546, 140
Trd, 8638784.446, 140
Trd, 8638784.579, 140
Trd, 8638786.346, 138
Trd, 8638786.379, 137
Trd, 8638786.412, 136
Trd, 8638786.546, 124
Trd, 8638786.679, 138
Trd, 8638787.979, 125
Trd, 8638788.679, 140
Trd, 8638789.312, 140
Trd, 8638789.446, 139
Trd, 8638789.479, 139
Trd, 8638790.712, 140
Trd, 8638790.979, 140
Trd, 8638791.312, 139
Trd, 8638792.146, 140
Trd, 8638792.246, 140
Trd, 8638792.846, 140
Trd, 8638793.079, 140
Trd, 8638793.112, 140
Trd, 8638793.346, 140
Trd, 8638794.779, 140
Trd, 8638795.212, 140
Trd, 8638795.412, 140
Trd, 8638796.379, 140
Trd, 8638796.712, 140
Trd, 8638796.846, 139
Trd, 8638796.879, 138
Trd, 8638798.379, 140
Trd, 8638798.479, 140
Trd, 8638798.612, 137
Trd, 8638798.946, 140
Trd, 8638799.079, 136
Trd, 8638799.679, 139
Trd, 8638799.712, 128
Trd, 8638800.112, 138
Trd, 8638801.146, 94
Trd, 8638801.379, 93
Trd, 8638801.512, 104
Trd, 8638801.679, 129
Trd, 8638801.746, 90
Trd, 8638802.512, 140
Trd, 8638803.412, 140
Trd, 8638803.546, 140
Trd, 8638803.579, 140
Trd, 8638803.679, 139
Trd, 8638803.812, 122
Trd, 8638805.012, 139
Trd, 8638806.379, 140
Trd, 8638807.112, 140
Trd, 8638807.379, 140
Trd, 8638807.479, 140
Trd, 8638807.646, 139
Trd, 8638808.146, 140
Trd, 8638808.279, 138
Trd, 8638808.512, 124
Trd, 8638808.879, 138
Trd, 8638809.179, 133
Trd, 8638809.446, 99
Trd, 8638809.712, 101
Trd, 8638809.746, 106
Trd, 8638810.112, 95
Trd, 8638810.346, 135
Trd, 8638810.446, 98
Trd, 8638810.712, 62
Trd, 8638811.346, 60
Trd, 8638812.412, 101
Trd, 8638812.712, 98
Trd, 8638813.312, 63
Trd, 8638813.612, 66
Trd, 8638814.312, 62
Trd, 8638814.812, 63
Trd, 8638814.846, 65
Trd, 8638814.912, 63
Trd, 8638815.279, 66
Trd, 8638816.012, 61
Trd, 8638816.712, 62
Trd, 8638817.046, 63
Trd, 8638818.079, 94
Trd, 8638818.279, 91
Trd, 8638818.379, 90
Trd, 8638818.612, 95
Trd, 8638818.812, 90
Trd, 8638819.046, 96
Trd, 8638819.112, 88
Trd, 8638819.846, 85
Trd, 8638820.546, 140
Trd, 8638820.579, 84
Trd, 8638820.946, 140
Trd, 8638821.146, 136
Trd, 8638821.712, 87
Trd, 8638822.479, 119
Trd, 8638822.846, 88
Trd, 8638823.012, 88
Trd, 8638823.112, 88
Trd, 8638823.346, 87
Trd, 8638823.812, 112
Trd, 8638823.946, 80
Trd, 8638824.579, 62
Trd, 8638824.812, 63
Trd, 8638824.946, 113
Trd, 8638825.512, 110
Trd, 8638826.446, 140
Trd, 8638826.546, 140
Trd, 8638827.512, 140
Trd, 8638827.746, 140
Trd, 8638828.012, 139
Trd, 8638828.646, 140
Trd, 8638828.779, 140
Trd, 8638829.146, 138
Trd, 8638829.379, 137
Trd, 8638829.512, 115
Trd, 8638830.279, 88
Trd, 8638830.446, 63
Trd, 8638831.179, 140
Trd, 8638831.212, 139
Trd, 8638831.446, 137
Trd, 8638832.679, 64
Trd, 8638832.712, 65
Trd, 8638835.146, 140
Trd, 8638835.379, 140
Trd, 8638835.712, 140
Trd, 8638835.846, 140
Trd, 8638836.579, 140
Trd, 8638836.912, 140
Trd, 8638837.346, 140
Trd, 8638838.046, 140
Trd, 8638839.412, 140
Trd, 8638839.546, 140
Trd, 8638839.779, 138
Trd, 8638839.846, 140
Trd, 8638839.912, 140
Trd, 8638840.212, 139
Trd, 8638840.346, 137
Trd, 8638841.812, 139
Trd, 8638842.346, 140
Trd, 8638842.746, 140
Trd, 8638842.812, 139
Trd, 8638842.979, 100
Trd, 8638843.779, 140
Trd, 8638844.479, 140
Trd, 8638844.612, 139
Trd, 8638845.512, 140
Trd, 8638846.412, 139
Trd, 8638846.446, 138
Trd, 8638846.746, 140
Trd, 8638846.879, 139
Trd, 8638847.079, 137
Trd, 8638847.746, 140
Trd, 8638848.546, 140
Trd, 8638848.746, 140
Trd, 8638848.879, 140
Trd, 8638849.112, 136
Trd, 8638849.946, 136
Trd, 8638850.246, 135
Trd, 8638850.346, 122
Trd, 8638850.912, 138
Trd, 8638851.246, 137
Trd, 8638851.412, 137
Trd, 8638851.512, 135
Trd, 8638851.912, 103
Trd, 8638852.012, 138
Trd, 8638853.012, 61
Trd, 8638854.046, 60
Trd, 8638854.212, 64
Trd, 8638855.046, 60
Trd, 8638855.512, 61
Trd, 8638855.646, 64
Trd, 8638856.479, 140
Trd, 8638856.846, 140
Trd, 8638857.179, 140
Trd, 8638857.212, 140
Trd, 8638858.146, 140
Trd, 8638859.179, 140
Trd, 8638859.546, 140
Trd, 8638859.879, 140
Trd, 8638860.079, 140
Trd, 8638861.012, 140
Trd, 8638862.179, 140
Trd, 8638862.212, 139
Trd, 8638862.612, 140
Trd, 8638863.146, 138
Trd, 8638863.446, 137
Trd, 8638864.412, 140
Trd, 8638864.479, 123
Trd, 8638864.812, 140
Trd, 8638865.446, 140
Trd, 8638866.246, 140
Trd, 8638866.479, 140
Trd, 8638867.079, 140
Trd, 8638867.212, 140
Trd, 8638868.046, 140
Trd, 8638868.246, 137
Trd, 8638868.412, 140
Trd, 8638868.712, 140
Trd, 8638868.946, 119
Trd, 8638869.912, 140
Trd, 8638871.279, 139
Trd, 8638871.579, 139
Trd, 8638871.679, 139
Trd, 8638872.012, 140
Trd, 8638872.279, 140
Trd, 8638873.146, 140
Trd, 8638873.779, 140
Trd, 8638874.179, 140
Trd, 8638874.212, 140
Trd, 8638874.379, 140
Trd, 8638874.746, 138
Trd, 8638874.979, 139
Trd, 8638875.479, 138
Trd, 8638876.479, 139
Trd, 8638876.812, 138
Trd, 8638876.979, 137
Trd, 8638877.012, 120
Trd, 8638877.146, 103
Trd, 8638877.379, 140
Trd, 8638877.579, 104
Trd, 8638877.879, 121
Trd, 8638878.279, 92
Trd, 8638878.912, 88
Trd, 8638880.246, 140
Trd, 8638880.446, 140
Trd, 8638880.979, 139
Trd, 8638881.246, 140
Trd, 8638881.946, 140
Trd, 8638883.179, 140
Trd, 8638883.446, 140
Trd, 8638883.779, 140
Trd, 8638883.879, 140
Trd, 8638884.046, 140
Trd, 8638884.979, 140
Trd, 8638886.112, 140
Trd, 8638886.246, 140
Trd, 8638886.612, 140
Trd, 8638887.112, 138
Trd, 8638887.812, 139
Trd, 8638887.879, 139
Trd, 8638888.046, 139
Trd, 8638888.446, 138
Trd, 8638888.979, 138
Trd, 8638889.146, 139
Trd, 8638889.279, 135
Trd, 8638889.512, 123
Trd, 8638889.912, 115
Trd, 8638890.312, 137
Trd, 8638890.946, 139
Trd, 8638892.112, 139
Trd, 8638892.146, 138
Trd, 8638892.479, 140
Trd, 8638892.879, 140
Trd, 8638893.079, 140
Trd, 8638894.046, 139
Trd, 8638894.512, 140
Trd, 8638895.012, 137
Trd, 8638895.612, 126
Trd, 8638895.879, 115
Trd, 8638896.112, 138
Trd, 8638896.679, 140
Trd, 8638897.012, 114
Trd, 8638898.079, 137
Trd, 8638898.479, 140
Trd, 8638898.646, 140
Trd, 8638899.112, 140
Trd, 8638899.412, 140
Trd, 8638899.812, 140
Trd, 8638899.879, 140
Trd, 8638900.012, 140
Trd, 8638900.379, 139
Trd, 8638900.412, 137
Trd, 8638900.979, 124
Trd, 8638901.012, 95
Trd, 8638902.212, 140
Trd, 8638902.612, 140
Trd, 8638902.746, 140
Trd, 8638902.812, 124
Trd, 8638903.446, 69
Trd, 8638903.712, 140
Trd, 8638904.346, 140
Trd, 8638906.012, 140
Trd, 8638906.246, 140
Trd, 8638907.012, 140
Trd, 8638907.079, 140
Trd, 8638907.512, 140
Trd, 8638907.712, 140
Trd, 8638907.746, 140
Trd, 8638908.179, 140
Trd, 8638908.612, 140
Trd, 8638910.079, 140
Trd, 8638910.446, 140
Trd, 8638910.512, 140
Trd, 8638910.979, 140
Trd, 8638911.379, 140
Trd, 8638911.612, 140
Trd, 8638911.746, 137
Trd, 8638912.312, 140
Trd, 8638914.179, 140
Trd, 8638914.346, 140
Trd, 8638915.079, 140
Trd, 8638915.346, 140
Trd, 8638915.512, 140
Trd, 8638915.712, 140
Trd, 8638915.779, 138
Trd, 8638916.612, 138
Trd, 8638917.079, 140
Trd, 8638917.312, 120
Trd, 8638917.812, 140
Trd, 8638918.912, 140
Trd, 8638919.112, 140
Trd, 8638919.646, 140
Trd, 8638919.679, 139
Trd, 8638919.779, 137
Trd, 8638920.512, 140
Trd, 8638922.312, 140
Trd, 8638922.446, 139
Trd, 8638923.146, 139
Trd, 8638923.446, 139
Trd, 8638923.546, 137
Trd, 8638924.246, 139
Trd, 8638924.346, 138
Trd, 8638924.546, 137
Trd, 8638926.179, 140
Trd, 8638926.879, 140
Trd, 8638927.879, 139
Trd, 8638928.146, 139
Trd, 8638928.246, 140
Trd, 8638928.346, 139
Trd, 8638928.546, 139
Trd, 8638928.979, 137
Trd, 8638929.346, 137
Trd, 8638929.479, 140
Trd, 8638930.212, 118
Trd, 8638930.279, 137
Trd, 8638930.479, 117
Trd, 8638930.612, 104
Trd, 8638930.812, 138
Trd, 8638932.612, 140
Trd, 8638932.646, 140
Trd, 8638932.812, 139
Trd, 8638934.079, 140
Trd, 8638934.212, 139
Trd, 8638934.412, 135
Trd, 8638934.779, 98
Trd, 8638934.946, 87
Trd, 8638935.446, 139
Trd, 8638935.646, 120
Trd, 8638936.412, 60
Trd, 8638936.546, 60
Trd, 8638938.479, 60
Trd, 8638938.579, 60
Trd, 8638938.712, 63
Trd, 8638939.179, 60
Trd, 8638940.146, 61
Trd, 8638940.179, 61
Trd, 8638940.346, 60
Trd, 8638941.079, 60
Trd, 8638941.246, 61
Trd, 8638941.479, 62
Trd, 8638941.546, 62
Trd, 8638941.812, 60
Trd, 8638942.379, 65
Trd, 8638942.579, 65
Trd, 8638943.512, 134
Trd, 8638943.679, 61
Trd, 8638944.046, 62
Trd, 8638944.446, 60
Trd, 8638944.479, 61
Trd, 8638945.679, 62
Trd, 8638946.479, 62
Trd, 8638946.846, 64
Trd, 8638946.946, 67
Trd, 8638947.079, 121
Trd, 8638948.579, 60
Trd, 8638948.746, 61
Trd, 8638948.846, 62
Trd, 8638949.646, 60
Trd, 8638950.412, 60
Trd, 8638950.546, 60
Trd, 8638951.779, 61
Trd, 8638952.346, 63
Trd, 8638952.646, 63
Trd, 8638952.846, 64
Trd, 8638952.912, 64
Trd, 8638953.379, 69
Trd, 8638953.646, 72
Trd, 8638953.846, 79
Trd, 8638953.879, 66
Trd, 8638954.779, 140
Trd, 8638954.946, 63
Trd, 8638956.412, 140
Trd, 8638956.512, 140
Trd, 8638956.646, 140
Trd, 8638956.746, 137
Trd, 8638957.979, 140
Trd, 8638958.112, 140
Trd, 8638958.512, 123
Trd, 8638958.612, 140
Trd, 8638959.146, 140
Trd, 8638960.646, 140
Trd, 8638961.346, 140
Trd, 8638961.579, 140
Trd, 8638962.279, 140
Trd, 8638962.312, 139
Trd, 8638963.179, 140
Trd, 8638963.679, 140
Trd, 8638963.946, 140
Trd, 8638964.779, 140
Trd, 8638965.312, 140
Trd, 8638965.646, 140
Trd, 8638966.079, 139
Trd, 8638966.112, 139
Trd, 8638966.679, 106
Trd, 8638966.846, 140
Trd, 8638967.079, 140
Trd, 8638967.312, 139
Trd, 8638967.579, 121
Trd, 8638968.412, 138
Trd, 8638969.046, 115
Trd, 8638969.112, 114
Trd, 8638969.612, 130
Trd, 8638969.712, 115
Trd, 8638970.212, 122
Trd, 8638970.312, 86
Trd, 8638970.346, 77
Trd, 8638970.646, 76
Trd, 8638970.779, 73
Trd, 8638971.612, 140
Trd, 8638971.879, 140
Trd, 8638973.512, 60
Trd, 8638974.046, 60
Trd, 8638974.179, 60
Trd, 8638974.879, 60
Trd, 8638975.279, 61
Trd, 8638975.312, 61
Trd, 8638976.912, 60
Trd, 8638977.246, 60
Trd, 8638977.379, 62
Trd, 8638977.879, 61
Trd, 8638977.946, 60
Trd, 8638978.246, 60
Trd, 8638978.679, 60
Trd, 8638978.812, 61
Trd, 8638978.946, 61
Trd, 8638979.646, 63
Trd, 8638980.246, 66
Trd, 8638980.546, 67
Trd, 8638983.012, 60
Trd, 8638983.479, 60
Trd, 8638983.546, 61
Trd, 8638983.879, 70
Trd, 8638984.046, 91
Trd, 8638984.679, 60
Trd, 8638985.446, 62
Trd, 8638985.479, 63
Trd, 8638985.679, 66
Trd, 8638985.746, 66
Trd, 8638986.479, 63
Trd, 8638986.546, 62
Trd, 8638986.846, 65
Trd, 8638987.112, 61
Trd, 8638987.279, 61
Trd, 8638987.979, 108
Trd, 8638988.479, 139
Trd, 8638988.612, 139
Trd, 8638989.279, 137
Trd, 8638989.746, 61
Trd, 8638990.212, 62
Trd, 8638990.912, 61
Trd, 8638991.012, 60
Trd, 8638991.079, 64
Trd, 8638991.446, 63
Trd, 8638991.512, 64
Trd, 8638992.746, 64
Trd, 8638993.212, 67
Trd, 8638993.346, 68
Trd, 8638994.112, 60
Trd, 8638995.146, 63
Trd, 8638995.246, 63
Trd, 8638995.612, 64
Trd, 8638995.646, 62
Trd, 8638995.779, 65
Trd, 8638995.912, 66
Trd, 8638996.246, 62
Trd, 8638996.412, 65
Trd, 8638996.979, 62
Trd, 8638998.446, 73
Trd, 8638998.479, 79
Trd, 8638998.579, 80
Trd, 8638998.646, 63
Trd, 8638999.779, 140
Trd, 8639000.246, 140
Trd, 8639000.279, 140
Trd, 8639000.446, 140
Trd, 8639000.879, 140
Trd, 8639001.846, 140
Trd, 8639002.179, 138
Trd, 8639002.712, 100
Trd, 8639002.779, 99
Trd, 8639003.446, 61
Trd, 8639003.512, 63
Trd, 8639003.812, 137
Trd, 8639004.346, 72
Trd, 8639004.846, 67
Trd, 8639006.012, 60
Trd, 8639006.279, 60
Trd, 8639006.779, 64
Trd, 8639008.446, 140
Trd, 8639009.346, 140
Trd, 8639009.446, 140
Trd, 8639009.546, 140
Trd, 8639009.612, 140
Trd, 8639009.879, 140
Trd, 8639009.946, 140
Trd, 8639010.046, 139
Trd, 8639010.812, 140
Trd, 8639011.079, 140
Trd, 8639011.879, 139
Trd, 8639012.412, 123
Trd, 8639012.812, 111
Trd, 8639014.079, 140
Trd, 8639014.746, 140
Trd, 8639015.046, 140
Trd, 8639016.146, 140
Trd, 8639017.212, 140
Trd, 8639017.346, 140
Trd, 8639017.512, 140
Trd, 8639017.646, 139
Trd, 8639018.179, 140
Trd, 8639019.612, 140
Trd, 8639019.746, 140
Trd, 8639020.546, 140
Trd, 8639020.646, 139
Trd, 8639020.746, 139
Trd, 8639021.779, 140
Trd, 8639021.912, 140
Trd, 8639022.146, 140
Trd, 8639022.546, 139
Trd, 8639022.679, 138
Trd, 8639022.946, 140
Trd, 8639023.312, 137
Trd, 8639023.412, 140
Trd, 8639023.979, 134
Trd, 8639024.779, 139
Trd, 8639025.046, 122
Trd, 8639025.146, 114
Trd, 8639026.012, 137
Trd, 8639026.279, 102
Trd, 8639026.346, 101
Trd, 8639027.079, 140
Trd, 8639027.479, 140
Trd, 8639027.879, 140
Trd, 8639027.979, 139
Trd, 8639028.079, 122
Trd, 8639030.079, 140
Trd, 8639030.646, 140
Trd, 8639030.712, 140
Trd, 8639030.746, 140
Trd, 8639031.312, 140
Trd, 8639032.312, 140
Trd, 8639032.546, 140
Trd, 8639032.779, 140
Trd, 8639033.246, 140
Trd, 8639033.412, 137
Trd, 8639034.212, 116
Trd, 8639035.212, 140
Trd, 8639035.646, 140
Trd, 8639035.812, 139
Trd, 8639037.479, 140
Trd, 8639038.012, 140
Trd, 8639038.146, 137
Trd, 8639038.179, 132
Trd, 8639038.812, 140
Trd, 8639039.146, 140
Trd, 8639039.179, 140
Trd, 8639039.512, 139
Trd, 8639039.679, 122
Trd, 8639039.812, 139
Trd, 8639040.846, 97
Trd, 8639040.979, 139
Trd, 8639041.212, 85
Trd, 8639041.579, 140
Trd, 8639041.779, 83
Trd, 8639042.446, 107
Trd, 8639042.846, 66
Trd, 8639043.179, 67
Trd, 8639043.546, 66
Trd, 8639043.846, 67
Trd, 8639045.012, 62
Trd, 8639045.446, 63
Trd, 8639046.046, 140
Trd, 8639046.446, 139
Trd, 8639046.746, 140
Trd, 8639046.779, 138
Trd, 8639046.879, 137
Trd, 8639046.912, 115
Trd, 8639047.179, 68
Trd, 8639047.312, 140
Trd, 8639047.646, 61
Trd, 8639048.146, 92
Trd, 8639050.646, 140
Trd, 8639051.012, 140
Trd, 8639052.112, 140
Trd, 8639052.346, 140
Trd, 8639053.479, 140
Trd, 8639053.546, 140
Trd, 8639053.579, 138
Trd, 8639054.679, 139
Trd, 8639054.712, 139
Trd, 8639054.946, 138
Trd, 8639055.246, 139
Trd, 8639055.579, 140
Trd, 8639055.946, 140
Trd, 8639056.679, 140
Trd, 8639056.746, 125
Trd, 8639057.112, 123
Trd, 8639057.846, 139
Trd, 8639057.912, 137
Trd, 8639058.179, 121
Trd, 8639058.746, 63
Trd, 8639058.846, 64
Trd, 8639059.746, 61
Trd, 8639060.612, 61
Trd, 8639061.046, 75
Trd, 8639061.846, 140
Trd, 8639062.179, 140
Trd, 8639062.212, 140
Trd, 8639062.446, 140
Trd, 8639062.512, 124
Trd, 8639062.979, 140
Trd, 8639063.212, 140
Trd, 8639063.279, 140
Trd, 8639064.146, 140
Trd, 8639065.279, 140
Trd, 8639065.312, 123
Trd, 8639066.146, 139
Trd, 8639066.312, 96
Trd, 8639066.479, 64
Trd, 8639067.046, 140
Trd, 8639067.479, 65
Trd, 8639067.846, 64
Trd, 8639067.946, 62
Trd, 8639068.146, 65
Trd, 8639068.679, 61
Trd, 8639069.046, 65
Trd, 8639069.512, 140
Trd, 8639070.246, 140
Trd, 8639071.446, 140
Trd, 8639071.946, 140
Trd, 8639072.479, 140
Trd, 8639073.146, 140
Trd, 8639073.379, 140
Trd, 8639073.412, 140
Trd, 8639074.012, 107
Trd, 8639075.446, 140
Trd, 8639075.479, 140
Trd, 8639075.546, 140
Trd, 8639075.812, 140
Trd, 8639076.112, 140
Trd, 8639077.246, 140
Trd, 8639077.779, 140
Trd, 8639079.479, 140
Trd, 8639079.946, 140
Trd, 8639080.479, 140
Trd, 8639080.912, 140
Trd, 8639081.112, 140
Trd, 8639081.146, 140
Trd, 8639081.312, 139
Trd, 8639081.679, 140
Trd, 8639082.012, 138
Trd, 8639082.646, 140
Trd, 8639083.412, 140
Trd, 8639083.812, 140
Trd, 8639084.579, 140
Trd, 8639085.412, 140
Trd, 8639086.612, 140
Trd, 8639086.712, 140
Trd, 8639086.912, 140
Trd, 8639087.179, 140
Trd, 8639087.679, 140
Trd, 8639087.979, 140
Trd, 8639088.646, 140
Trd, 8639089.112, 139
Trd, 8639089.512, 140
Trd, 8639089.946, 140
Trd, 8639089.979, 97
Trd, 8639090.979, 137
Trd, 8639091.046, 136
Trd, 8639091.446, 132
Trd, 8639091.979, 138
Trd, 8639092.612, 140
Trd, 8639092.712, 139
Trd, 8639093.446, 140
Trd, 8639094.046, 140
Trd, 8639094.612, 140
Trd, 8639094.712, 140
Trd, 8639095.379, 140
Trd, 8639095.446, 138
Trd, 8639095.946, 140
Trd, 8639096.246, 133
Trd, 8639096.379, 125
Trd, 8639097.179, 106
Trd, 8639097.646, 137
Trd, 8639097.946, 138
Trd, 8639098.246, 129
Trd, 8639098.446, 128
Trd, 8639098.912, 99
Trd, 8639099.946, 140
Trd, 8639100.146, 140
Trd, 8639101.112, 140
Trd, 8639101.146, 140
Trd, 8639101.946, 140
Trd, 8639102.179, 140
Trd, 8639102.246, 140
Trd, 8639102.346, 140
Trd, 8639103.212, 140
Trd, 8639103.346, 139
Trd, 8639103.612, 139
Trd, 8639104.179, 127
Trd, 8639105.846, 140
Trd, 8639105.979, 140
Trd, 8639106.246, 140
Trd, 8639106.412, 140
Trd, 8639106.479, 140
Trd, 8639106.612, 140
Trd, 8639106.946, 140
Trd, 8639108.579, 140
Trd, 8639108.746, 140
Trd, 8639108.946, 140
Trd, 8639109.246, 139
Trd, 8639109.679, 140
Trd, 8639109.712, 139
Trd, 8639110.646, 140
Trd, 8639110.979, 140
Trd, 8639111.379, 140
Trd, 8639111.546, 140
Trd, 8639111.846, 140
Trd, 8639111.879, 139
Trd, 8639112.379, 122
Trd, 8639112.746, 140
Trd, 8639113.212, 140
Trd, 8639113.679, 139
Trd, 8639114.012, 139
Trd, 8639114.112, 135
Trd, 8639114.146, 97
Trd, 8639114.479, 140
Trd, 8639114.679, 108
Trd, 8639115.046, 140
Trd, 8639116.079, 140
Trd, 8639117.112, 140
Trd, 8639117.679, 140
Trd, 8639117.846, 140
Trd, 8639117.946, 140
Trd, 8639118.812, 140
Trd, 8639119.679, 138
Trd, 8639120.146, 139
Trd, 8639120.879, 140
Trd, 8639121.512, 140
Trd, 8639122.212, 140
Trd, 8639122.312, 140
Trd, 8639122.779, 140
Trd, 8639122.946, 140
Trd, 8639123.212, 139
Trd, 8639123.579, 140
Trd, 8639123.679, 140
Trd, 8639123.746, 139
Trd, 8639123.846, 121
Trd, 8639124.212, 113
Trd, 8639125.312, 140
Trd, 8639125.646, 138
Trd, 8639125.712, 98
Trd, 8639126.446, 88
Trd, 8639127.412, 135
Trd, 8639127.846, 140
Trd, 8639127.912, 67
Trd, 8639128.479, 140
Trd, 8639128.679, 139
Trd, 8639129.246, 138
Trd, 8639129.779, 133
Trd, 8639130.412, 106
Trd, 8639130.712, 139
Trd, 8639130.846, 140
Trd, 8639131.079, 94
Trd, 8639131.346, 86
Trd, 8639131.812, 90
Trd, 8639132.579, 133
Trd, 8639132.746, 102
Trd, 8639132.812, 140
Trd, 8639134.412, 140
Trd, 8639134.946, 140
Trd, 8639135.279, 140
Trd, 8639135.679, 140
Trd, 8639135.879, 140
Trd, 8639136.812, 140
Trd, 8639137.079, 140
Trd, 8639137.446, 140
Trd, 8639137.512, 139
Trd, 8639137.612, 139
Trd, 8639137.946, 139
Trd, 8639139.646, 140
Trd, 8639140.746, 140
Trd, 8639141.212, 140
Trd, 8639141.346, 140
Trd, 8639143.279, 140
Trd, 8639143.846, 140
Trd, 8639144.312, 140
Trd, 8639144.379, 140
Trd, 8639144.712, 140
Trd, 8639144.779, 140
Trd, 8639145.312, 140
Trd, 8639145.979, 140
Trd, 8639146.012, 140
Trd, 8639146.946, 139
Trd, 8639147.312, 140
Trd, 8639147.712, 140
Trd, 8639147.846, 139
Trd, 8639148.612, 140
Trd, 8639149.046, 139
Trd, 8639149.679, 140
Trd, 8639150.546, 138
Trd, 8639150.979, 140
Trd, 8639151.379, 140
Trd, 8639151.646, 140
Trd, 8639152.512, 140
Trd, 8639152.879, 140
Trd, 8639153.546, 140
Trd, 8639153.646, 140
Trd, 8639153.779, 139
Trd, 8639154.046, 139
Trd, 8639154.746, 140
Trd, 8639154.779, 137
Trd, 8639154.812, 137
Trd, 8639155.079, 99
Trd, 8639155.712, 139
Trd, 8639156.412, 60
Trd, 8639157.612, 61
Trd, 8639157.812, 63
Trd, 8639157.846, 66
Trd, 8639158.412, 66
Trd, 8639159.246, 69
Trd, 8639159.646, 64
Trd, 8639159.912, 76
Trd, 8639160.212, 63
Trd, 8639161.579, 140
Trd, 8639161.746, 140
Trd, 8639162.146, 140
Trd, 8639163.079, 140
Trd, 8639163.279, 140
Trd, 8639163.512, 137
Trd, 8639163.646, 135
Trd, 8639163.912, 120
Trd, 8639164.412, 140
Trd, 8639164.812, 140
Trd, 8639165.812, 140
Trd, 8639166.079, 140
Trd, 8639166.346, 140
Trd, 8639166.479, 139
Trd, 8639166.646, 139
Trd, 8639166.812, 140
Trd, 8639167.146, 140
Trd, 8639167.279, 140
Trd, 8639167.746, 137
Trd, 8639167.912, 111
Trd, 8639168.112, 98
Trd, 8639169.112, 137
Trd, 8639169.679, 139
Trd, 8639171.279, 140
Trd, 8639171.879, 140
Trd, 8639172.779, 140
Trd, 8639173.479, 140
Trd, 8639173.512, 140
Trd, 8639174.346, 140
Trd, 8639174.546, 140
Trd, 8639175.146, 140
Trd, 8639175.912, 140
Trd, 8639176.446, 140
Trd, 8639176.512, 137
Trd, 8639176.946, 129
Trd, 8639177.712, 140
Trd, 8639177.912, 140
Trd, 8639178.012, 140
Trd, 8639178.112, 138
Trd, 8639178.712, 134
Trd, 8639179.079, 111
Trd, 8639179.146, 139
Trd, 8639179.479, 140
Trd, 8639179.946, 83
Trd, 8639180.012, 79
Trd, 8639180.946, 79
Trd, 8639181.512, 80
Trd, 8639181.912, 140
Trd, 8639182.712, 140
Trd, 8639182.812, 140
Trd, 8639183.312, 140
Trd, 8639183.479, 139
Trd, 8639184.112, 140
Trd, 8639184.446, 138
Trd, 8639184.579, 137
Trd, 8639184.879, 140
Trd, 8639185.546, 140
Trd, 8639186.112, 136
Trd, 8639186.146, 134
Trd, 8639186.246, 125
Trd, 8639186.512, 136
Trd, 8639187.146, 137
Trd, 8639188.446, 140
Trd, 8639189.112, 128
Trd, 8639189.712, 114
Trd, 8639189.812, 139
Trd, 8639190.312, 133
Trd, 8639190.346, 122
Trd, 8639190.779, 140
Trd, 8639191.646, 139
Trd, 8639192.412, 140
Trd, 8639192.679, 140
Trd, 8639192.912, 140
Trd, 8639193.112, 140
Trd, 8639193.146, 139
Trd, 8639193.246, 137
Trd, 8639194.279, 140
Trd, 8639195.212, 140
Trd, 8639195.279, 140
Trd, 8639195.612, 140
Trd, 8639195.712, 140
Trd, 8639195.979, 140
Trd, 8639197.312, 140
Trd, 8639197.379, 138
Trd, 8639197.546, 126
Trd, 8639198.112, 140
Trd, 8639198.146, 140
Trd, 8639198.579, 140
Trd, 8639199.112, 140
Trd, 8639199.812, 140
Trd, 8639199.879, 139
Trd, 8639200.146, 137
Trd, 8639200.412, 136
Trd, 8639200.979, 140
Trd, 8639201.546, 126
Trd, 8639201.779, 121
Trd, 8639201.946, 126
Trd, 8639202.646, 127
Trd, 8639202.846, 140
Trd, 8639203.479, 125
Trd, 8639203.679, 123
Trd, 8639204.079, 140
Trd, 8639204.746, 109
Trd, 8639204.946, 140
Trd, 8639206.146, 139
Trd, 8639206.646, 136
Trd, 8639206.712, 104
Trd, 8639207.079, 136
Trd, 8639207.579, 120
Trd, 8639207.812, 119
Trd, 8639208.212, 140
Trd, 8639209.246, 140
Trd, 8639209.379, 140
Trd, 8639209.779, 139
Trd, 8639210.312, 135
Trd, 8639210.546, 119
Trd, 8639210.779, 139
Trd, 8639211.646, 140
Trd, 8639212.112, 139
Trd, 8639212.212, 112
Trd, 8639213.512, 140
Trd, 8639213.679, 140
Trd, 8639214.412, 138
Trd, 8639214.612, 138
Trd, 8639214.746, 121
Trd, 8639216.279, 140
Trd, 8639217.146, 140
Trd, 8639217.446, 140
Trd, 8639218.779, 140
Trd, 8639218.946, 140
Trd, 8639219.712, 140
Trd, 8639220.046, 140
Trd, 8639220.146, 140
Trd, 8639220.246, 140
Trd, 8639220.712, 140
Trd, 8639220.779, 139
Trd, 8639221.979, 140
Trd, 8639222.846, 140
Trd, 8639223.346, 140
Trd, 8639223.612, 140
Trd, 8639224.112, 140
Trd, 8639224.312, 140
Trd, 8639225.012, 140
Trd, 8639225.579, 140
Trd, 8639226.312, 140
Trd, 8639226.512, 140
Trd, 8639226.546, 140
Trd, 8639227.146, 140
Trd, 8639227.612, 139
Trd, 8639228.279, 140
Trd, 8639228.346, 140
Trd, 8639228.446, 138
Trd, 8639228.579, 138
Trd, 8639228.746, 136
Trd, 8639228.946, 119
Trd, 8639229.646, 139
Trd, 8639229.679, 128
Trd, 8639230.479, 140
Trd, 8639231.012, 132
Trd, 8639231.612, 140
Trd, 8639231.979, 140
Trd, 8639232.346, 140
Trd, 8639232.646, 139
Trd, 8639233.146, 137
Trd, 8639233.246, 121
Trd, 8639233.712, 138
Trd, 8639233.779, 111
Trd, 8639234.612, 62
Trd, 8639235.279, 61
Trd, 8639235.712, 61
Trd, 8639236.179, 60
Trd, 8639236.246, 60
Trd, 8639237.012, 61
Trd, 8639237.146, 64
Trd, 8639237.679, 60
Trd, 8639239.612, 60
Trd, 8639239.846, 63
Trd, 8639239.879, 73
Trd, 8639240.279, 81
Trd, 8639240.879, 140
Trd, 8639241.812, 137
Trd, 8639242.079, 133
Trd, 8639242.579, 133
Trd, 8639242.912, 133
Trd, 8639243.246, 129
Trd, 8639243.279, 114
Trd, 8639243.479, 113
Trd, 8639243.879, 139
Trd, 8639244.246, 139
Trd, 8639244.479, 133
Trd, 8639244.612, 140
Trd, 8639244.979, 115
Trd, 8639245.179, 114
Trd, 8639245.379, 87
Trd, 8639245.946, 80
Trd, 8639246.246, 140
Trd, 8639246.379, 80
Trd, 8639246.446, 78
Trd, 8639247.379, 139
Trd, 8639247.979, 140
Trd, 8639248.579, 140
Trd, 8639250.246, 140
Trd, 8639250.646, 140
Trd, 8639250.679, 140
Trd, 8639250.746, 140
Trd, 8639251.646, 140
Trd, 8639251.912, 140
Trd, 8639252.612, 140
Trd, 8639253.346, 140
Trd, 8639253.879, 140
Trd, 8639254.279, 140
Trd, 8639254.446, 140
Trd, 8639254.646, 140
Trd, 8639255.046, 140
Trd, 8639255.879, 140
Trd, 8639256.546, 140
Trd, 8639257.212, 140
Trd, 8639257.412, 140
Trd, 8639257.946, 140
Trd, 8639258.446, 140
Trd, 8639258.879, 140
Trd, 8639259.779, 140
Trd, 8639259.846, 139
Trd, 8639260.446, 139
Trd, 8639261.046, 140
Trd, 8639261.246, 140
Trd, 8639262.312, 140
Trd, 8639262.846, 140
Trd, 8639263.112, 140
Trd, 8639263.712, 140
Trd, 8639264.246, 140
Trd, 8639264.679, 140
Trd, 8639264.746, 140
Trd, 8639265.312, 140
Trd, 8639265.446, 140
Trd, 8639265.546, 140
Trd, 8639265.846, 140
Trd, 8639265.912, 137
Trd, 8639267.212, 132
Trd, 8639267.646, 133
Trd, 8639267.879, 123
Trd, 8639268.746, 134
Trd, 8639269.046, 126
Trd, 8639269.846, 127
Trd, 8639269.946, 126
Trd, 8639270.246, 139
Trd, 8639270.746, 139
Trd, 8639271.279, 139
Trd, 8639271.479, 124
Trd, 8639271.679, 125
Trd, 8639272.446, 125
Trd, 8639273.179, 123
Trd, 8639273.712, 140
Trd, 8639273.879, 139
Trd, 8639273.979, 136
Trd, 8639274.046, 104
Trd, 8639274.412, 124
Trd, 8639274.746, 100
Trd, 8639275.646, 140
Trd, 8639276.446, 140
Trd, 8639276.779, 140
Trd, 8639277.146, 139
Trd, 8639277.179, 137
Trd, 8639278.712, 127
Trd, 8639279.646, 139
Trd, 8639279.912, 128
Trd, 8639279.979, 127
Trd, 8639280.712, 139
Trd, 8639281.146, 139
Trd, 8639281.212, 139
Trd, 8639281.446, 137
Trd, 8639281.679, 136
Trd, 8639282.312, 140
Trd, 8639282.379, 140
Trd, 8639282.679, 140
Trd, 8639282.979, 140
Trd, 8639283.779, 140
Trd, 8639283.979, 137
Trd, 8639284.912, 138
Trd, 8639285.012, 137
Trd, 8639285.346, 136
Trd, 8639286.079, 105
Trd, 8639287.279, 109
Trd, 8639287.779, 140
Trd, 8639287.912, 140
Trd, 8639288.412, 140
Trd, 8639289.812, 140
Trd, 8639290.012, 140
Trd, 8639290.179, 140
Trd, 8639290.579, 140
Trd, 8639290.679, 140
Trd, 8639291.779, 139
Trd, 8639291.812, 140
Trd, 8639292.012, 139
Trd, 8639292.679, 133
Trd, 8639293.012, 125
Trd, 8639293.046, 123
Trd, 8639293.346, 137
Trd, 8639293.846, 137
Trd, 8639293.912, 135
Trd, 8639294.212, 104
Trd, 8639294.312, 98
Trd, 8639294.446, 139
Trd, 8639295.212, 140
Trd, 8639296.079, 140
Trd, 8639296.212, 140
Trd, 8639297.312, 140
Trd, 8639297.546, 140
Trd, 8639297.712, 140
Trd, 8639298.946, 139
Trd, 8639299.179, 139
Trd, 8639300.146, 140
Trd, 8639300.812, 140
Trd, 8639301.212, 140
Trd, 8639301.279, 140
Trd, 8639301.312, 140
Trd, 8639301.846, 125
Trd, 8639302.012, 139
Trd, 8639302.212, 138
Trd, 8639303.179, 140
Trd, 8639303.546, 140
Trd, 8639304.112, 138
Trd, 8639304.579, 126
Trd, 8639304.612, 125
Trd, 8639304.979, 124
Trd, 8639305.746, 140
Trd, 8639305.979, 139
Trd, 8639306.312, 137
Trd, 8639307.179, 98
Trd, 8639307.312, 136
Trd, 8639307.546, 116
Trd, 8639307.946, 137
Trd, 8639308.612, 98
Trd, 8639308.946, 100
Trd, 8639309.312, 139
Trd, 8639309.912, 131
Trd, 8639310.312, 122
Trd, 8639310.612, 99
Trd, 8639310.646, 98
Trd, 8639311.179, 60
Trd, 8639311.246, 60
Trd, 8639312.079, 60
Trd, 8639312.179, 104
Trd, 8639312.979, 70
Trd, 8639313.212, 63
Trd, 8639314.646, 61
Trd, 8639314.746, 64
Trd, 8639315.946, 60
Trd, 8639316.546, 69
Trd, 8639316.879, 62
Trd, 8639317.346, 64
Trd, 8639317.746, 64
Trd, 8639318.212, 63
Trd, 8639318.479, 63
Trd, 8639318.946, 61
Trd, 8639319.379, 62
Trd, 8639319.446, 61
Trd, 8639319.879, 62
Trd, 8639320.112, 67
Trd, 8639320.912, 63
Trd, 8639321.112, 65
Trd, 8639321.279, 63
Trd, 8639321.312, 62
Trd, 8639322.112, 63
Trd, 8639322.612, 63
Trd, 8639323.079, 61
Trd, 8639323.812, 60
Trd, 8639323.879, 60
Trd, 8639324.712, 60
Trd, 8639324.979, 60
Trd, 8639325.079, 61
Trd, 8639326.112, 61
Trd, 8639326.579, 67
Trd, 8639326.646, 63
Trd, 8639326.779, 82
Trd, 8639327.512, 77
Trd, 8639327.579, 103
Trd, 8639327.679, 76
Trd, 8639328.179, 140
Trd, 8639328.879, 140
Trd, 8639329.112, 105
Trd, 8639329.312, 104
Trd, 8639329.412, 134
Trd, 8639330.079, 140
Trd, 8639330.546, 140
Trd, 8639330.879, 137
Trd, 8639330.946, 136
Trd, 8639331.712, 140
Trd, 8639332.612, 140
Trd, 8639332.879, 140
Trd, 8639333.079, 140
Trd, 8639333.846, 140
Trd, 8639334.746, 139
Trd, 8639335.479, 139
Trd, 8639335.746, 140
Trd, 8639336.312, 139
Trd, 8639336.512, 138
Trd, 8639336.579, 136
Trd, 8639336.646, 139
Trd, 8639336.712, 123
Trd, 8639337.546, 112
Trd, 8639337.746, 104
Trd, 8639338.246, 135
Trd, 8639338.712, 139
Trd, 8639338.779, 132
Trd, 8639340.779, 140
Trd, 8639340.979, 140
Trd, 8639341.012, 140
Trd, 8639341.812, 140
Trd, 8639342.179, 140
Trd, 8639342.279, 140
Trd, 8639342.412, 122
Trd, 8639343.679, 140
Trd, 8639344.812, 140
Trd, 8639345.279, 140
Trd, 8639345.612, 140
Trd, 8639345.679, 140
Trd, 8639345.846, 139
Trd, 8639345.979, 137
Trd, 8639346.279, 140
Trd, 8639346.712, 127
Trd, 8639347.612, 140
Trd, 8639348.312, 140
Trd, 8639348.946, 140
Trd, 8639349.112, 140
Trd, 8639349.946, 140
Trd, 8639350.779, 139
Trd, 8639350.812, 139
Trd, 8639350.879, 137
Trd, 8639350.946, 135
Trd, 8639352.146, 139
Trd, 8639352.846, 140
Trd, 8639353.212, 106
Trd, 8639353.246, 104
Trd, 8639353.279, 103
Trd, 8639353.579, 93
Trd, 8639354.312, 140
Trd, 8639354.479, 140
Trd, 8639355.112, 139
Trd, 8639356.046, 140
Trd, 8639357.112, 140
Trd, 8639357.946, 140
Trd, 8639358.012, 140
Trd, 8639358.646, 140
Trd, 8639359.012, 140
Trd, 8639359.112, 137
Trd, 8639359.146, 122
Trd, 8639359.646, 139
Trd, 8639360.346, 140
Trd, 8639360.412, 139
Trd, 8639360.846, 139
Trd, 8639361.012, 139
Trd, 8639361.579, 138
Trd, 8639361.779, 134
Trd, 8639362.212, 140
Trd, 8639362.746, 140
Trd, 8639362.779, 139
Trd, 8639362.946, 112
Trd, 8639364.246, 140
Trd, 8639365.379, 140
Trd, 8639365.412, 140
Trd, 8639365.479, 140
Trd, 8639365.612, 140
Trd, 8639367.146, 140
Trd, 8639367.412, 140
Trd, 8639367.879, 140
Trd, 8639368.379, 140
Trd, 8639368.946, 140
Trd, 8639369.112, 140
Trd, 8639369.146, 140
Trd, 8639369.746, 139
Trd, 8639370.046, 138
Trd, 8639370.279, 135
Trd, 8639370.979, 104
Trd, 8639371.412, 62
Trd, 8639372.379, 140
Trd, 8639373.012, 140
Trd, 8639373.879, 140
Trd, 8639374.346, 140
Trd, 8639374.446, 140
Trd, 8639374.979, 140
Trd, 8639375.146, 140
Trd, 8639376.246, 140
Trd, 8639376.812, 140
Trd, 8639376.946, 140
Trd, 8639377.046, 140
Trd, 8639377.346, 140
Trd, 8639377.712, 140
Trd, 8639378.012, 139
Trd, 8639378.446, 140
Trd, 8639379.079, 140
Trd, 8639380.146, 140
Trd, 8639380.479, 139
Trd, 8639380.879, 140
Trd, 8639381.579, 140
Trd, 8639381.746, 139
Trd, 8639382.212, 140
Trd, 8639383.246, 139
Trd, 8639383.446, 140
Trd, 8639383.512, 139
Trd, 8639383.979, 140
Trd, 8639384.079, 137
Trd, 8639384.212, 123
Trd, 8639384.279, 103
Trd, 8639384.312, 101
Trd, 8639384.679, 60
Trd, 8639384.712, 69
Trd, 8639385.079, 140
Trd, 8639387.046, 91
Trd, 8639387.112, 92
Trd, 8639387.679, 93
Trd, 8639388.079, 65
Trd, 8639388.546, 106
Trd, 8639389.179, 61
Trd, 8639389.479, 70
Trd, 8639389.779, 61
Trd, 8639390.712, 64
Trd, 8639390.946, 62
Trd, 8639391.546, 63
Trd, 8639392.079, 63
Trd, 8639392.579, 63
Trd, 8639393.312, 140
Trd, 8639393.646, 139
Trd, 8639393.846, 139
Trd, 8639394.546, 140
Trd, 8639394.879, 140
Trd, 8639395.146, 140
Trd, 8639395.912, 140
Trd, 8639396.146, 140
Trd, 8639396.379, 140
Trd, 8639396.579, 124
Trd, 8639397.812, 139
Trd, 8639398.379, 139
Trd, 8639398.412, 123
Trd, 8639398.546, 107
Trd, 8639398.812, 132
Trd, 8639398.879, 130
Trd, 8639399.079, 103
Trd, 8639400.912, 140
Trd, 8639401.479, 140
Trd, 8639402.312, 140
Trd, 8639402.812, 140
Trd, 8639403.412, 140
Trd, 8639403.779, 140
Trd, 8639404.246, 140
Trd, 8639404.446, 140
Trd, 8639404.546, 139
Trd, 8639406.179, 140
Trd, 8639406.446, 140
Trd, 8639406.879, 140
Trd, 8639407.046, 140
Trd, 8639407.579, 140
Trd, 8639408.079, 140
Trd, 8639408.379, 140
Trd, 8639408.446, 139
Trd, 8639409.579, 140
Trd, 8639409.679, 140
Trd, 8639409.712, 139
Trd, 8639410.379, 140
Trd, 8639411.746, 136
Trd, 8639412.146, 138
Trd, 8639412.312, 137
Trd, 8639413.212, 140
Trd, 8639413.346, 139
Trd, 8639413.379, 137
Trd, 8639413.646, 137
Trd, 8639414.979, 140
Trd, 8639415.079, 140
Trd, 8639415.279, 140
Trd, 8639415.479, 140
Trd, 8639415.812, 139
Trd, 8639416.212, 136
Trd, 8639416.346, 120
Trd, 8639416.879, 94
Trd, 8639417.346, 140
Trd, 8639417.512, 85
Trd, 8639418.646, 140
Trd, 8639419.146, 140
Trd, 8639420.312, 139
Trd, 8639421.112, 140
Trd, 8639421.212, 140
Trd, 8639421.412, 137
Trd, 8639421.979, 140
Trd, 8639422.012, 140
Trd, 8639422.179, 139
Trd, 8639423.446, 140
Trd, 8639423.546, 140
Trd, 8639423.912, 140
Trd, 8639424.212, 140
Trd, 8639424.879, 140
Trd, 8639425.312, 140
Trd, 8639425.546, 140
Trd, 8639425.846, 140
Trd, 8639425.879, 139
Trd, 8639425.946, 137
Trd, 8639426.746, 140
Trd, 8639426.979, 117
Trd, 8639427.279, 87
Trd, 8639427.479, 139
Trd, 8639427.879, 140
Trd, 8639428.279, 140
Trd, 8639428.412, 139
Trd, 8639428.546, 140
Trd, 8639429.379, 138
Trd, 8639429.479, 139
Trd, 8639429.979, 140
Trd, 8639430.146, 121
Trd, 8639430.279, 119
Trd, 8639430.312, 95
Trd, 8639430.479, 107
Trd, 8639431.812, 61
Trd, 8639432.446, 140
Trd, 8639432.546, 140
Trd, 8639433.479, 139
Trd, 8639434.046, 140
Trd, 8639435.179, 140
Trd, 8639435.546, 139
Trd, 8639435.679, 138
Trd, 8639436.179, 138
Trd, 8639437.946, 140
Trd, 8639438.112, 140
Trd, 8639438.179, 139
Trd, 8639438.246, 138
Trd, 8639438.746, 139
Trd, 8639439.012, 140
Trd, 8639439.146, 140
Trd, 8639440.146, 140
Trd, 8639440.779, 140
Trd, 8639440.946, 140
Trd, 8639441.512, 140
Trd, 8639441.646, 140
Trd, 8639441.846, 140
Trd, 8639442.212, 140
Trd, 8639443.446, 140
Trd, 8639443.812, 140
Trd, 8639444.279, 140
Trd, 8639445.046, 140
Trd, 8639445.379, 138
Trd, 8639445.579, 137
Trd, 8639445.979, 138
Trd, 8639446.279, 138
Trd, 8639446.412, 136
Trd, 8639447.146, 137
Trd, 8639447.212, 123
Trd, 8639447.879, 140
Trd, 8639449.446, 140
Trd, 8639449.579, 140
Trd, 8639449.746, 140
Trd, 8639449.846, 138
Trd, 8639450.446, 138
Trd, 8639450.479, 119
Trd, 8639451.012, 140
Trd, 8639451.212, 106
Trd, 8639451.779, 136
Trd, 8639452.879, 86
Trd, 8639453.312, 86
Trd, 8639453.646, 138
Trd, 8639453.779, 116
Trd, 8639453.979, 87
Trd, 8639454.612, 135
Trd, 8639455.579, 140
Trd, 8639455.612, 140
Trd, 8639455.912, 137
Trd, 8639456.212, 136
Trd, 8639456.346, 136
Trd, 8639456.579, 137
Trd, 8639457.046, 139
Trd, 8639457.212, 139
Trd, 8639457.779, 136
Trd, 8639458.546, 135
Trd, 8639459.179, 134
Trd, 8639460.879, 140
Trd, 8639461.612, 140
Trd, 8639461.679, 140
Trd, 8639461.779, 140
Trd, 8639461.879, 140
Trd, 8639462.712, 140
Trd, 8639462.846, 139
Trd, 8639463.446, 140
Trd, 8639463.646, 140
Trd, 8639463.879, 139
Trd, 8639464.446, 138
Trd, 8639464.979, 135
Trd, 8639465.479, 106
Trd, 8639466.212, 140
Trd, 8639466.579, 140
Trd, 8639466.812, 140
Trd, 8639467.079, 139
Trd, 8639467.512, 139
Trd, 8639467.712, 140
Trd, 8639467.812, 138
Trd, 8639467.946, 138
Trd, 8639468.346, 138
Trd, 8639468.812, 137
Trd, 8639469.812, 139
Trd, 8639470.212, 139
Trd, 8639470.279, 137
Trd, 8639470.379, 118
Trd, 8639470.879, 140
Trd, 8639471.646, 140
Trd, 8639472.379, 140
Trd, 8639472.512, 140
Trd, 8639473.179, 140
Trd, 8639473.746, 140
Trd, 8639473.779, 140
Trd, 8639473.979, 140
Trd, 8639474.212, 139
Trd, 8639474.412, 139
Trd, 8639474.479, 122
Trd, 8639474.879, 140
Trd, 8639475.846, 140
Trd, 8639475.946, 140
Trd, 8639476.346, 140
Trd, 8639476.946, 140
Trd, 8639479.046, 140
Trd, 8639479.212, 140
Trd, 8639479.512, 140
Trd, 8639479.946, 140
Trd, 8639480.146, 140
Trd, 8639480.346, 140
Trd, 8639480.379, 135
Trd, 8639480.646, 138
Trd, 8639481.046, 140
Trd, 8639482.046, 124
Trd, 8639482.179, 106
Trd, 8639482.312, 86
Trd, 8639483.779, 60
Trd, 8639484.112, 60
Trd, 8639484.379, 61
Trd, 8639484.412, 62
Trd, 8639484.546, 66
Trd, 8639485.546, 60
Trd, 8639485.879, 62
Trd, 8639486.546, 61
Trd, 8639486.746, 61
Trd, 8639487.046, 61
Trd, 8639487.346, 62
Trd, 8639488.246, 60
Trd, 8639488.746, 60
Trd, 8639489.146, 61
Trd, 8639489.512, 61
Trd, 8639489.646, 61
Trd, 8639489.879, 62
Trd, 8639490.612, 60
Trd, 8639490.812, 60
Trd, 8639491.079, 63
Trd, 8639491.379, 60
Trd, 8639491.846, 60
Trd, 8639491.879, 61
Trd, 8639492.179, 140
Trd, 8639492.446, 139
Trd, 8639493.679, 137
Trd, 8639494.746, 110
Trd, 8639495.112, 129
Trd, 8639495.346, 68
Trd, 8639496.246, 140
Trd, 8639496.679, 140
Trd, 8639496.779, 140
Trd, 8639497.046, 140
Trd, 8639497.646, 140
Trd, 8639497.746, 139
Trd, 8639499.246, 140
Trd, 8639499.346, 140
Trd, 8639500.046, 140
Trd, 8639500.112, 140
Trd, 8639500.646, 140
Trd, 8639500.812, 140
Trd, 8639501.012, 139
Trd, 8639502.379, 140
Trd, 8639502.979, 140
Trd, 8639503.512, 140
Trd, 8639503.546, 140
Trd, 8639503.779, 140
Trd, 8639504.412, 140
Trd, 8639504.912, 140
Trd, 8639505.312, 140
Trd, 8639505.346, 139
Trd, 8639505.646, 138
Trd, 8639506.146, 136
Trd, 8639506.212, 140
Trd, 8639506.446, 121
Trd, 8639506.746, 112
Trd, 8639507.179, 110
Trd, 8639507.546, 137
Trd, 8639508.212, 140
Trd, 8639508.412, 90
Trd, 8639508.646, 79
Trd, 8639509.712, 140
Trd, 8639510.179, 140
Trd, 8639510.446, 139
Trd, 8639510.712, 135
Trd, 8639510.779, 134
Trd, 8639511.646, 136
Trd, 8639513.012, 140
Trd, 8639513.812, 140
Trd, 8639513.912, 140
Trd, 8639514.046, 140
Trd, 8639515.179, 140
Trd, 8639515.446, 140
Trd, 8639515.746, 140
Trd, 8639517.012, 140
Trd, 8639517.112, 140
Trd, 8639517.312, 140
Trd, 8639518.179, 140
Trd, 8639518.246, 140
Trd, 8639518.379, 140
Trd, 8639518.546, 137
Trd, 8639519.046, 127
Trd, 8639519.212, 101
Trd, 8639519.846, 139
Trd, 8639519.946, 97
Trd, 8639520.812, 139
Trd, 8639521.546, 140
Trd, 8639521.712, 140
Trd, 8639521.912, 138
Trd, 8639522.379, 137
Trd, 8639522.679, 139
Trd, 8639523.012, 115
Trd, 8639523.379, 140
Trd, 8639523.646, 139
Trd, 8639523.779, 139
Trd, 8639524.679, 139
Trd, 8639524.779, 138
Trd, 8639525.379, 136
Trd, 8639525.779, 131
Trd, 8639525.812, 129
Trd, 8639526.912, 140
Trd, 8639527.212, 140
Trd, 8639528.479, 140
Trd, 8639529.112, 140
Trd, 8639529.212, 140
Trd, 8639529.512, 139
Trd, 8639529.746, 140
Trd, 8639530.146, 140
Trd, 8639530.946, 140
Trd, 8639531.279, 140
Trd, 8639531.579, 138
Trd, 8639532.879, 140
Trd, 8639532.946, 140
Trd, 8639534.046, 140
Trd, 8639534.479, 140
Trd, 8639534.879, 140
Trd, 8639534.912, 140
Trd, 8639535.146, 137
Trd, 8639535.512, 121
Trd, 8639536.512, 140
Trd, 8639537.479, 140
Trd, 8639537.946, 140
Trd, 8639538.012, 140
Trd, 8639538.179, 140
Trd, 8639538.612, 140
Trd, 8639539.146, 139
Trd, 8639539.346, 139
Trd, 8639539.612, 140
Trd, 8639539.679, 133
Trd, 8639540.279, 140
Trd, 8639540.346, 139
Trd, 8639541.312, 104
Trd, 8639541.346, 103
Trd, 8639541.612, 96
Trd, 8639541.712, 85
Trd, 8639542.046, 131
Trd, 8639542.512, 60
Trd, 8639544.479, 60
Trd, 8639544.612, 60
Trd, 8639545.679, 61
Trd, 8639546.479, 61
Trd, 8639546.679, 62
Trd, 8639546.779, 63
Trd, 8639546.912, 62
Trd, 8639547.179, 64
Trd, 8639547.379, 63
Trd, 8639547.746, 62
Trd, 8639548.346, 61
Trd, 8639548.946, 60
Trd, 8639549.412, 62
Trd, 8639549.712, 62
Trd, 8639549.912, 140
Trd, 8639549.979, 139
Trd, 8639550.079, 137
Trd, 8639550.179, 122
Trd, 8639551.112, 127
Trd, 8639551.712, 95
Trd, 8639551.879, 94
Trd, 8639552.412, 138
Trd, 8639553.846, 140
Trd, 8639554.479, 140
Trd, 8639554.579, 140
Trd, 8639555.112, 140
Trd, 8639555.612, 140
Trd, 8639555.779, 139
Trd, 8639556.212, 139
Trd, 8639556.446, 138
Trd, 8639556.612, 140
Trd, 8639556.646, 122
Trd, 8639557.846, 140
Trd, 8639558.212, 140
Trd, 8639558.379, 140
Trd, 8639559.179, 140
Trd, 8639559.279, 137
Trd, 8639559.512, 137
Trd, 8639559.579, 112
Trd, 8639559.779, 97
Trd, 8639560.612, 139
Trd, 8639560.846, 124
Trd, 8639560.979, 124
Trd, 8639561.579, 140
Trd, 8639562.046, 119
Trd, 8639562.079, 82
Trd, 8639562.712, 61
Trd, 8639563.212, 140
Trd, 8639563.412, 139
Trd, 8639564.012, 140
Trd, 8639564.612, 138
Trd, 8639564.812, 137
Trd, 8639565.212, 107
Trd, 8639566.279, 140
Trd, 8639566.546, 109
Trd, 8639566.679, 104
Trd, 8639567.712, 140
Trd, 8639568.546, 140
Trd, 8639568.912, 140
Trd, 8639569.512, 140
Trd, 8639569.746, 139
Trd, 8639570.012, 137
Trd, 8639570.279, 140
Trd, 8639570.812, 97
Trd, 8639570.912, 92
Trd, 8639571.446, 92
Trd, 8639572.812, 140
Trd, 8639573.246, 140
Trd, 8639573.312, 140
Trd, 8639574.046, 137
Trd, 8639574.446, 136
Trd, 8639574.979, 139
Trd, 8639575.446, 122
Trd, 8639576.312, 123
Trd, 8639576.846, 139
Trd, 8639576.912, 122
Trd, 8639577.479, 140
Trd, 8639577.712, 121
Trd, 8639578.012, 88
Trd, 8639578.379, 140
Trd, 8639580.212, 140
Trd, 8639580.579, 140
Trd, 8639580.646, 140
Trd, 8639581.212, 139
Trd, 8639581.679, 140
Trd, 8639581.912, 140
Trd, 8639582.579, 140
Trd, 8639582.679, 140
Trd, 8639582.912, 137
Trd, 8639582.946, 137
Trd, 8639583.279, 118
Trd, 8639583.379, 118
Trd, 8639583.979, 140
Trd, 8639584.012, 139
Trd, 8639585.312, 140
Trd, 8639585.879, 140
Trd, 8639586.079, 140
Trd, 8639586.112, 139
Trd, 8639586.612, 138
Trd, 8639586.846, 137
Trd, 8639587.679, 140
Trd, 8639588.446, 140
Trd, 8639588.479, 137
Trd, 8639589.312, 140
Trd, 8639589.446, 140
Trd, 8639589.812, 140
Trd, 8639590.112, 140
Trd, 8639590.512, 140
Trd, 8639591.079, 140
Trd, 8639591.179, 140
Trd, 8639591.879, 140
Trd, 8639591.979, 140
Trd, 8639592.279, 137
Trd, 8639592.346, 140
Trd, 8639592.779, 136
Trd, 8639593.079, 97
Trd, 8639594.046, 139
Trd, 8639594.746, 140
Trd, 8639595.246, 140
Trd, 8639595.479, 138
Trd, 8639595.879, 136
Trd, 8639597.146, 137
Trd, 8639597.679, 139
Trd, 8639597.746, 139
Trd, 8639598.346, 140
Trd, 8639598.879, 140
Trd, 8639599.946, 140
Trd, 8639600.146, 140
Trd, 8639600.346, 140
Trd, 8639600.746, 139
Trd, 8639601.379, 140
Trd, 8639601.646, 139
Trd, 8639601.779, 138
Trd, 8639602.246, 140
Trd, 8639603.112, 112
Trd, 8639603.412, 99
Trd, 8639604.146, 137
Trd, 8639604.312, 97
Trd, 8639604.379, 140
Trd, 8639605.279, 60
Trd, 8639605.846, 138
Trd, 8639606.112, 140
Trd, 8639607.079, 140
Trd, 8639607.579, 140
Trd, 8639608.646, 140
Trd, 8639608.812, 140
Trd, 8639609.179, 140
Trd, 8639610.246, 140
Trd, 8639610.646, 140
Trd, 8639610.746, 139
Trd, 8639610.879, 137
Trd, 8639611.112, 140
Trd, 8639611.546, 140
Trd, 8639612.479, 140
Trd, 8639612.846, 140
Trd, 8639613.279, 140
Trd, 8639613.646, 140
Trd, 8639613.746, 140
Trd, 8639614.579, 140
Trd, 8639615.279, 140
Trd, 8639615.712, 140
Trd, 8639616.379, 140
Trd, 8639616.512, 140
Trd, 8639617.812, 140
Trd, 8639617.979, 140
Trd, 8639618.346, 140
Trd, 8639618.779, 140
Trd, 8639618.846, 140
Trd, 8639618.946, 140
Trd, 8639619.012, 139
Trd, 8639619.279, 139
Trd, 8639619.479, 123
Trd, 8639620.112, 99
Trd, 8639620.346, 136
Trd, 8639621.779, 68
Trd, 8639621.846, 69
Trd, 8639622.279, 132
Trd, 8639622.612, 132
Trd, 8639623.146, 81
Trd, 8639623.812, 60
Trd, 8639624.246, 60
Trd, 8639624.946, 61
Trd, 8639625.379, 62
Trd, 8639625.446, 63
Trd, 8639625.479, 70
Trd, 8639625.579, 64
Trd, 8639625.646, 62
Trd, 8639625.746, 99
Trd, 8639625.779, 60
Trd, 8639626.046, 60
Trd, 8639627.412, 62
Trd, 8639628.212, 60
Trd, 8639628.479, 60
Trd, 8639629.512, 60
Trd, 8639629.546, 63
Trd, 8639629.912, 60
Trd, 8639630.646, 63
Trd, 8639631.279, 79
Trd, 8639631.579, 65
Trd, 8639631.812, 140
Trd, 8639631.912, 139
Trd, 8639632.212, 135
Trd, 8639632.512, 140
Trd, 8639633.179, 124
Trd, 8639633.279, 122
Trd, 8639633.379, 100
Trd, 8639634.912, 140
Trd, 8639634.979, 140
Trd, 8639635.046, 140
Trd, 8639635.279, 139
Trd, 8639635.312, 137
Trd, 8639635.912, 139
Trd, 8639636.012, 61
Trd, 8639636.446, 60
Trd, 8639636.612, 60
Trd, 8639637.612, 140
Trd, 8639638.446, 140
Trd, 8639638.579, 140
Trd, 8639638.846, 140
Trd, 8639641.712, 140
Trd, 8639641.812, 140
Trd, 8639642.279, 140
Trd, 8639642.846, 140
Trd, 8639643.379, 140
Trd, 8639643.712, 140
Trd, 8639644.146, 140
Trd, 8639644.412, 140
Trd, 8639644.612, 140
Trd, 8639644.746, 139
Trd, 8639644.812, 138
Trd, 8639645.012, 138
Trd, 8639645.246, 121
Trd, 8639645.512, 102
Trd, 8639645.912, 100
Trd, 8639646.579, 140
Trd, 8639647.212, 139
Trd, 8639647.646, 137
Trd, 8639648.346, 140
Trd, 8639648.679, 135
Trd, 8639649.412, 140
Trd, 8639649.646, 140
Trd, 8639650.846, 140
Trd, 8639651.312, 140
Trd, 8639651.546, 140
Trd, 8639651.879, 140
Trd, 8639652.212, 140
Trd, 8639652.246, 139
Trd, 8639652.646, 140
Trd, 8639653.079, 138
Trd, 8639654.379, 140
Trd, 8639655.212, 140
Trd, 8639655.712, 140
Trd, 8639655.846, 140
Trd, 8639655.946, 139
Trd, 8639655.979, 137
Trd, 8639657.112, 140
Trd, 8639657.312, 140
Trd, 8639657.746, 139
Trd, 8639659.512, 140
Trd, 8639660.046, 140
Trd, 8639660.312, 140
Trd, 8639660.612, 140
Trd, 8639660.679, 140
Trd, 8639660.812, 140
Trd, 8639661.246, 139
Trd, 8639661.346, 139
Trd, 8639661.746, 140
Trd, 8639662.279, 140
Trd, 8639662.579, 140
Trd, 8639662.612, 140
Trd, 8639663.346, 133
Trd, 8639663.679, 121
Trd, 8639664.146, 80
Trd, 8639664.546, 139
Trd, 8639665.212, 137
Trd, 8639665.346, 138
Trd, 8639665.912, 70
Trd, 8639666.146, 67
Trd, 8639666.279, 140
Trd, 8639667.212, 139
Trd, 8639667.946, 62
Trd, 8639668.579, 61
Trd, 8639668.912, 61
Trd, 8639669.679, 60
Trd, 8639670.012, 60
Trd, 8639670.146, 60
Trd, 8639670.279, 62
Trd, 8639671.179, 61
Trd, 8639671.479, 60
Trd, 8639671.779, 62
Trd, 8639672.012, 61
Trd, 8639672.079, 66
Trd, 8639672.212, 67
Trd, 8639672.379, 134
Trd, 8639672.579, 75
Trd, 8639673.212, 135
Trd, 8639673.412, 134
Trd, 8639673.946, 138
Trd, 8639674.146, 118
Trd, 8639674.312, 60
Trd, 8639676.546, 140
Trd, 8639677.179, 140
Trd, 8639677.246, 140
Trd, 8639677.479, 137
Trd, 8639677.746, 121
Trd, 8639677.912, 99
Trd, 8639678.346, 140
Trd, 8639678.579, 140
Trd, 8639679.312, 107
Trd, 8639679.946, 137
Trd, 8639681.046, 140
Trd, 8639682.046, 140
Trd, 8639682.379, 139
Trd, 8639682.679, 140
Trd, 8639682.879, 140
Trd, 8639683.812, 140
Trd, 8639683.879, 137
Trd, 8639684.179, 122
Trd, 8639684.312, 140
Trd, 8639684.379, 140
Trd, 8639685.046, 138
Trd, 8639686.079, 140
Trd, 8639686.446, 140
Trd, 8639686.979, 140
Trd, 8639687.212, 140
Trd, 8639687.546, 139
Trd, 8639687.646, 139
Trd, 8639687.746, 139
Trd, 8639687.812, 123
Trd, 8639687.979, 102
Trd, 8639689.112, 60
Trd, 8639689.246, 64
Trd, 8639689.846, 60
Trd, 8639689.979, 67
Trd, 8639690.246, 112
Trd, 8639690.412, 104
Trd, 8639690.812, 60
Trd, 8639690.879, 62
Trd, 8639691.912, 95
Trd, 8639692.479, 61
Trd, 8639692.912, 63
Trd, 8639693.612, 140
Trd, 8639693.712, 140
Trd, 8639693.846, 138
Trd, 8639694.179, 140
Trd, 8639694.646, 140
Trd, 8639695.112, 140
Trd, 8639695.479, 140
Trd, 8639696.112, 139
Trd, 8639696.246, 121
Trd, 8639698.212, 140
Trd, 8639698.512, 140
Trd, 8639699.246, 140
Trd, 8639699.612, 140
Trd, 8639700.646, 140
Trd, 8639700.746, 140
Trd, 8639701.079, 140
Trd, 8639701.746, 140
Trd, 8639702.079, 140
Trd, 8639702.112, 140
Trd, 8639702.179, 122
Trd, 8639702.612, 140
Trd, 8639703.379, 137
Trd, 8639704.012, 140
Trd, 8639705.312, 139
Trd, 8639705.512, 140
Trd, 8639705.779, 140
Trd, 8639705.912, 136
Trd, 8639706.746, 139
Trd, 8639707.446, 140
Trd, 8639707.846, 140
Trd, 8639708.446, 137
Trd, 8639708.579, 140
Trd, 8639709.446, 140
Trd, 8639709.512, 139
Trd, 8639709.979, 140
Trd, 8639710.779, 140
Trd, 8639710.812, 140
Trd, 8639711.212, 140
Trd, 8639711.379, 139
Trd, 8639712.012, 121
Trd, 8639712.746, 96
Trd, 8639714.246, 140
Trd, 8639714.612, 140
Trd, 8639715.079, 140
Trd, 8639715.179, 139
Trd, 8639715.212, 130
Trd, 8639715.679, 138
Trd, 8639716.346, 133
Trd, 8639716.779, 140
Trd, 8639717.812, 140
Trd, 8639718.112, 140
Trd, 8639718.446, 140
Trd, 8639718.579, 140
Trd, 8639719.312, 140
Trd, 8639719.646, 140
Trd, 8639720.546, 140
Trd, 8639720.579, 140
Trd, 8639721.146, 140
Trd, 8639721.412, 139
Trd, 8639721.712, 139
Trd, 8639722.046, 137
Trd, 8639722.279, 122
Trd, 8639722.312, 121
Trd, 8639723.046, 117
Trd, 8639723.579, 101
Trd, 8639723.712, 99
Trd, 8639724.279, 140
Trd, 8639724.312, 139
Trd, 8639724.746, 140
Trd, 8639724.779, 137
Trd, 8639725.712, 140
Trd, 8639725.979, 139
Trd, 8639727.146, 140
Trd, 8639727.379, 140
Trd, 8639727.412, 139
Trd, 8639728.379, 140
Trd, 8639728.479, 139
Trd, 8639729.212, 140
Trd, 8639729.446, 139
Trd, 8639729.546, 138
Trd, 8639732.012, 140
Trd, 8639732.746, 140
Trd, 8639732.812, 140
Trd, 8639734.146, 140
Trd, 8639734.246, 140
Trd, 8639735.646, 140
Trd, 8639735.812, 139
Trd, 8639735.912, 140
Trd, 8639736.479, 140
Trd, 8639736.546, 140
Trd, 8639737.346, 139
Trd, 8639737.512, 137
Trd, 8639737.912, 123
Trd, 8639738.346, 140
Trd, 8639738.979, 112
Trd, 8639739.146, 140
Trd, 8639739.479, 111
Trd, 8639739.712, 100
Trd, 8639740.146, 138
Trd, 8639740.312, 77
Trd, 8639740.646, 139
Trd, 8639740.679, 139
Trd, 8639741.679, 81
Trd, 8639742.912, 140
Trd, 8639743.312, 140
Trd, 8639744.012, 140
Trd, 8639744.612, 136
Trd, 8639744.846, 140
Trd, 8639745.179, 140
Trd, 8639745.712, 139
Trd, 8639746.479, 138
Trd, 8639747.212, 140
Trd, 8639747.246, 138
Trd, 8639747.679, 140
Trd, 8639747.912, 136
Trd, 8639748.246, 131
Trd, 8639748.346, 140
Trd, 8639749.679, 140
Trd, 8639749.846, 139
Trd, 8639750.512, 132
Trd, 8639751.412, 140
Trd, 8639752.312, 140
Trd, 8639753.212, 140
Trd, 8639753.446, 140
Trd, 8639753.979, 140
Trd, 8639754.212, 140
Trd, 8639755.079, 140
Trd, 8639755.912, 140
Trd, 8639756.279, 140
Trd, 8639756.679, 140
Trd, 8639757.312, 140
Trd, 8639757.679, 140
Trd, 8639757.712, 140
Trd, 8639758.012, 139
Trd, 8639758.112, 137
Trd, 8639758.579, 140
Trd, 8639758.746, 139
Trd, 8639758.979, 136
Trd, 8639759.979, 140
Trd, 8639761.246, 140
Trd, 8639761.379, 140
Trd, 8639761.579, 139
Trd, 8639762.079, 139
Trd, 8639762.679, 140
Trd, 8639762.712, 139
Trd, 8639762.779, 139
Trd, 8639763.346, 131
Trd, 8639763.846, 121
Trd, 8639764.912, 62
Trd, 8639765.279, 61
Trd, 8639765.446, 60
Trd, 8639766.046, 60
Trd, 8639766.312, 60
Trd, 8639766.379, 62
Trd, 8639766.479, 62
Trd, 8639767.679, 62
Trd, 8639767.879, 63
Trd, 8639768.046, 62
Trd, 8639768.246, 62
Trd, 8639768.412, 62
Trd, 8639769.046, 60
Trd, 8639769.146, 61
Trd, 8639769.246, 105
Trd, 8639770.946, 140
Trd, 8639771.379, 140
Trd, 8639771.846, 140
Trd, 8639771.912, 140
Trd, 8639773.046, 140
Trd, 8639773.579, 140
Trd, 8639773.679, 140
Trd, 8639774.712, 140
Trd, 8639775.779, 140
Trd, 8639775.846, 140
Trd, 8639776.379, 140
Trd, 8639776.679, 139
Trd, 8639777.112, 140
Trd, 8639777.179, 139
Trd, 8639777.746, 139
Trd, 8639778.112, 140
Trd, 8639778.979, 140
Trd, 8639779.079, 140
Trd, 8639779.279, 140
Trd, 8639779.379, 137
Trd, 8639780.079, 137
Trd, 8639780.146, 135
Trd, 8639780.846, 140
Trd, 8639781.246, 138
Trd, 8639781.912, 92
Trd, 8639782.646, 68
Trd, 8639782.846, 72
Trd, 8639783.779, 60
Trd, 8639784.112, 63
Trd, 8639784.979, 62
Trd, 8639785.146, 63
Trd, 8639785.312, 62
Trd, 8639785.846, 62
Trd, 8639785.879, 64
Trd, 8639785.912, 64
Trd, 8639786.546, 61
Trd, 8639786.879, 60
Trd, 8639787.179, 66
Trd, 8639787.446, 136
Trd, 8639788.246, 140
Trd, 8639789.079, 67
Trd, 8639789.646, 60
Trd, 8639790.546, 60
Trd, 8639790.779, 61
Trd, 8639791.212, 62
Trd, 8639791.546, 62
Trd, 8639791.812, 63
Trd, 8639792.512, 60
Trd, 8639793.079, 60
Trd, 8639793.212, 60
Trd, 8639793.379, 62
Trd, 8639793.512, 66
Trd, 8639794.012, 63
Trd, 8639794.146, 67
Trd, 8639795.112, 140
Trd, 8639795.146, 65
Trd, 8639795.579, 65
Trd, 8639797.179, 60
Trd, 8639797.579, 60
Trd, 8639797.746, 60
Trd, 8639797.979, 62
Trd, 8639798.679, 74
Trd, 8639798.979, 91
Trd, 8639799.079, 71
Trd, 8639799.412, 71
Trd, 8639799.612, 62
Trd, 8639800.446, 140
Trd, 8639800.979, 140
Trd, 8639801.012, 137
Trd, 8639801.546, 60
Trd, 8639802.412, 60
Trd, 8639803.079, 60
Trd, 8639803.746, 61
Trd, 8639803.846, 64
Trd, 8639803.946, 66
Trd, 8639804.246, 137
Trd, 8639804.512, 140
Trd, 8639805.612, 67
Trd, 8639805.646, 66
Trd, 8639805.812, 65
Trd, 8639806.279, 64
Trd, 8639806.379, 65
Trd, 8639806.579, 65
Trd, 8639806.679, 66
Trd, 8639806.946, 140
Trd, 8639807.946, 138
Trd, 8639807.979, 102
Trd, 8639808.612, 61
Trd, 8639809.112, 140
Trd, 8639809.379, 139
Trd, 8639809.946, 61
Trd, 8639810.646, 61
Trd, 8639810.979, 60
Trd, 8639811.646, 60
Trd, 8639812.979, 63
Trd, 8639813.212, 60
Trd, 8639813.779, 60
Trd, 8639813.946, 60
Trd, 8639814.246, 63
Trd, 8639814.446, 60
Trd, 8639815.179, 60
Trd, 8639815.212, 63
Trd, 8639815.246, 68
Trd, 8639816.012, 140
Trd, 8639816.246, 140
Trd, 8639816.879, 110
Trd, 8639817.312, 140
Trd, 8639817.479, 140
Trd, 8639817.712, 139
Trd, 8639818.412, 71
Trd, 8639819.679, 110
Trd, 8639820.412, 107
Trd, 8639820.946, 107
Trd, 8639820.979, 108
Trd, 8639821.546, 109
Trd, 8639821.746, 111
Trd, 8639822.046, 113
Trd, 8639822.212, 140
Trd, 8639822.579, 92
Trd, 8639822.646, 90
Trd, 8639823.046, 82
Trd, 8639824.112, 130
Trd, 8639824.179, 119
Trd, 8639824.312, 140
Trd, 8639824.412, 105
Trd, 8639826.512, 140
Trd, 8639826.679, 140
Trd, 8639826.946, 140
Trd, 8639827.279, 140
Trd, 8639828.312, 140
Trd, 8639829.079, 140
Trd, 8639829.112, 139
Trd, 8639829.212, 139
Trd, 8639829.512, 97
Trd, 8639829.879, 138
Trd, 8639830.212, 139
Trd, 8639830.412, 67
Trd, 8639831.346, 107
Trd, 8639831.546, 138
Trd, 8639832.912, 140
Trd, 8639833.146, 140
Trd, 8639833.379, 140
Trd, 8639833.512, 119
Trd, 8639833.646, 120
Trd, 8639835.212, 140
Trd, 8639836.012, 140
Trd, 8639836.312, 140
Trd, 8639837.346, 140
Trd, 8639837.546, 140
Trd, 8639837.779, 139
Trd, 8639838.646, 140
Trd, 8639838.712, 139
Trd, 8639839.212, 139
Trd, 8639840.079, 140
Trd, 8639840.646, 140
Trd, 8639840.846, 140
Trd, 8639841.112, 140
Trd, 8639841.446, 139
Trd, 8639841.679, 139
Trd, 8639842.412, 140
Trd, 8639843.212, 140
Trd, 8639844.046, 140
Trd, 8639844.212, 123
Trd, 8639844.512, 137
Trd, 8639844.712, 122
Trd, 8639845.012, 122
Trd, 8639845.179, 139
Trd, 8639845.479, 122
Trd, 8639846.779, 140
Trd, 8639847.312, 140
Trd, 8639848.012, 139
Trd, 8639848.646, 139
Trd, 8639849.279, 139
Trd, 8639849.479, 140
Trd, 8639849.646, 140
Trd, 8639850.179, 140
Trd, 8639851.546, 140
Trd, 8639851.679, 140
Trd, 8639852.112, 140
Trd, 8639852.246, 140
Trd, 8639852.346, 139
Trd, 8639852.646, 137
Trd, 8639852.879, 140
Trd, 8639853.612, 140
Trd, 8639853.812, 137
Trd, 8639854.446, 140
Trd, 8639854.679, 140
Trd, 8639854.712, 112
Trd, 8639855.846, 140
Trd, 8639856.579, 126
Trd, 8639856.879, 140
Trd, 8639857.412, 119
Trd, 8639858.212, 140
Trd, 8639858.846, 140
Trd, 8639859.012, 140
Trd, 8639859.179, 140
Trd, 8639859.779, 140
Trd, 8639860.246, 140
Trd, 8639860.346, 140
Trd, 8639860.979, 140
Trd, 8639861.479, 140
Trd, 8639861.712, 135
Trd, 8639862.546, 140
Trd, 8639863.012, 140
Trd, 8639863.379, 140
Trd, 8639863.579, 140
Trd, 8639863.879, 124
Trd, 8639864.346, 123
Trd, 8639864.379, 105
Trd, 8639864.779, 140
Trd, 8639865.512, 140
Trd, 8639866.179, 140
Trd, 8639866.279, 140
Trd, 8639867.179, 140
Trd, 8639867.846, 140
Trd, 8639868.212, 140
Trd, 8639869.012, 140
Trd, 8639869.579, 140
Trd, 8639869.679, 140
Trd, 8639869.979, 140
Trd, 8639870.079, 140
Trd, 8639870.979, 140
Trd, 8639871.546, 140
Trd, 8639871.846, 140
Trd, 8639872.112, 139
Trd, 8639872.712, 139
Trd, 8639873.246, 139
Trd, 8639873.679, 138
Trd, 8639873.779, 137
Trd, 8639875.412, 140
Trd, 8639876.446, 140
Trd, 8639876.679, 140
Trd, 8639876.946, 139
Trd, 8639876.979, 138
Trd, 8639877.479, 140
Trd, 8639877.646, 140
Trd, 8639878.546, 140
Trd, 8639878.846, 140
Trd, 8639878.879, 139
Trd, 8639879.146, 140
Trd, 8639879.679, 125
Trd, 8639880.846, 140
Trd, 8639881.046, 140
Trd, 8639882.046, 140
Trd, 8639882.646, 139
Trd, 8639882.979, 140
Trd, 8639883.379, 140
Trd, 8639883.712, 140
Trd, 8639883.779, 137
Trd, 8639884.112, 140
Trd, 8639885.112, 140
Trd, 8639886.412, 140
Trd, 8639886.712, 140
Trd, 8639887.246, 140
Trd, 8639887.446, 140
Trd, 8639889.079, 140
Trd, 8639889.112, 140
Trd, 8639889.679, 140
Trd, 8639889.712, 138
Trd, 8639890.079, 137
Trd, 8639890.146, 123
Trd, 8639890.746, 140
Trd, 8639891.379, 135
Trd, 8639892.046, 133
Trd, 8639893.246, 140
Trd, 8639893.512, 140
Trd, 8639894.312, 140
Trd, 8639894.712, 140
Trd, 8639895.946, 140
Trd, 8639896.412, 140
Trd, 8639896.546, 140
Trd, 8639897.679, 140
Trd, 8639897.746, 140
Trd, 8639897.779, 140
Trd, 8639898.046, 140
Trd, 8639898.979, 140
Trd, 8639899.212, 140
Trd, 8639899.779, 140
Trd, 8639900.046, 140
Trd, 8639900.112, 140
Trd, 8639900.279, 140
Trd, 8639900.546, 140
Trd, 8639901.046, 140
Trd, 8639901.079, 140
Trd, 8639901.979, 140
Trd, 8639902.946, 140
Trd, 8639903.012, 140
Trd, 8639903.446, 140
Trd, 8639903.712, 140
Trd, 8639904.112, 140
Trd, 8639904.546, 140
Trd, 8639904.712, 139
Trd, 8639905.246, 137
Trd, 8639906.446, 140
Trd, 8639906.946, 140
Trd, 8639907.512, 140
Trd, 8639907.812, 140
Trd, 8639907.879, 140
Trd, 8639908.079, 140
Trd, 8639908.479, 140
Trd, 8639908.746, 139
Trd, 8639909.446, 140
Trd, 8639910.879, 140
Trd, 8639911.412, 140
Trd, 8639911.646, 140
Trd, 8639912.712, 140
Trd, 8639913.246, 140
Trd, 8639913.612, 140
Trd, 8639913.746, 140
Trd, 8639914.846, 140
Trd, 8639915.079, 140
Trd, 8639915.579, 140
Trd, 8639916.046, 140
Trd, 8639917.146, 140
Trd, 8639917.512, 140
Trd, 8639917.912, 139
Trd, 8639918.512, 137
Trd, 8639919.079, 140
Trd, 8639919.512, 140
Trd, 8639920.012, 140
Trd, 8639920.879, 140
Trd, 8639921.146, 140
Trd, 8639921.346, 140
Trd, 8639922.112, 140
Trd, 8639922.212, 140
Trd, 8639922.612, 140
Trd, 8639922.979, 140
Trd, 8639923.279, 140
Trd, 8639923.446, 139
Trd, 8639924.612, 140
Trd, 8639924.712, 140
Trd, 8639924.846, 137
Trd, 8639925.479, 140
Trd, 8639925.779, 139
Trd, 8639927.079, 140
Trd, 8639927.646, 131
Trd, 8639927.979, 130
Trd, 8639928.312, 129
Trd, 8639928.512, 139
Trd, 8639929.379, 139
Trd, 8639929.646, 139
Trd, 8639929.946, 140
Trd, 8639930.446, 139
Trd, 8639930.912, 140
Trd, 8639931.112, 139
Trd, 8639931.912, 140
Trd, 8639932.046, 137
Trd, 8639932.346, 135
Trd, 8639932.579, 119
Trd, 8639933.412, 121
Trd, 8639933.879, 140
Trd, 8639934.279, 139
Trd, 8639934.579, 136
Trd, 8639934.946, 138
Trd, 8639937.579, 61
Trd, 8639937.646, 62
Trd, 8639937.746, 63
Trd, 8639937.779, 66
Trd, 8639938.246, 135
Trd, 8639938.279, 137
Trd, 8639938.612, 100
Trd, 8639938.646, 99
Trd, 8639938.779, 83
Trd, 8639939.446, 140
Trd, 8639939.579, 139
Trd, 8639939.646, 138
Trd, 8639939.679, 137
Trd, 8639940.146, 137
Trd, 8639941.246, 121
Trd, 8639941.446, 120
Trd, 8639941.779, 123
Trd, 8639941.912, 106
Trd, 8639942.079, 74
Trd, 8639942.479, 64
Trd, 8639944.146, 140
Trd, 8639944.779, 140
Trd, 8639946.546, 140
Trd, 8639947.112, 140
Trd, 8639947.312, 140
Trd, 8639948.079, 140
Trd, 8639948.646, 140
Trd, 8639948.946, 140
Trd, 8639949.779, 140
Trd, 8639949.846, 140
Trd, 8639950.546, 140
Trd, 8639950.579, 140
Trd, 8639950.612, 139
Trd, 8639951.112, 138
Trd, 8639951.146, 137
Trd, 8639951.412, 139
Trd, 8639951.746, 95
Trd, 8639952.046, 87
Trd, 8639952.446, 83
Trd, 8639953.312, 70
Trd, 8639953.446, 69
Trd, 8639953.479, 96
Trd, 8639954.479, 140
Trd, 8639954.679, 140
Trd, 8639956.712, 140
Trd, 8639956.979, 140
Trd, 8639957.846, 140
Trd, 8639958.246, 140
Trd, 8639958.279, 140
Trd, 8639958.979, 140
Trd, 8639959.179, 140
Trd, 8639959.779, 140
Trd, 8639960.779, 140
Trd, 8639960.946, 140
Trd, 8639960.979, 138
Trd, 8639962.112, 140
Trd, 8639962.379, 140
Trd, 8639963.312, 140
Trd, 8639963.879, 140
Trd, 8639964.412, 140
Trd, 8639964.479, 140
Trd, 8639964.712, 139
Trd, 8639965.112, 138
Trd, 8639965.146, 137
Trd, 8639965.279, 101
Trd, 8639965.679, 62
Trd, 8639966.312, 106
Trd, 8639967.179, 62
Trd, 8639967.946, 70
Trd, 8639968.546, 70
Trd, 8639968.679, 64
Trd, 8639968.712, 71
Trd, 8639968.812, 64
Trd, 8639969.512, 123
Trd, 8639969.846, 139
Trd, 8639970.312, 67
Trd, 8639970.846, 68
Trd, 8639970.879, 69
Trd, 8639971.112, 71
Trd, 8639971.579, 71
Trd, 8639971.679, 70
Trd, 8639971.979, 124
Trd, 8639973.012, 140
Trd, 8639973.512, 140
Trd, 8639973.812, 140
Trd, 8639974.512, 140
Trd, 8639975.146, 138
Trd, 8639975.246, 124
Trd, 8639975.646, 110
Trd, 8639975.779, 139
Trd, 8639977.146, 140
Trd, 8639977.412, 140
Trd, 8639977.546, 139
Trd, 8639977.812, 140
Trd, 8639977.946, 137
Trd, 8639978.512, 140
Trd, 8639978.679, 140
Trd, 8639979.246, 140
Trd, 8639979.512, 140
Trd, 8639979.612, 112
Trd, 8639980.112, 140
Trd, 8639980.146, 126
Trd, 8639980.246, 140
Trd, 8639981.946, 140
Trd, 8639982.646, 140
Trd, 8639983.046, 140
Trd, 8639983.179, 140
Trd, 8639983.379, 140
Trd, 8639983.979, 140
Trd, 8639984.079, 140
Trd, 8639985.212, 140
Trd, 8639985.579, 140
Trd, 8639986.646, 140
Trd, 8639986.712, 140
Trd, 8639986.746, 139
Trd, 8639987.412, 139
Trd, 8639987.446, 137
Trd, 8639988.046, 139
Trd, 8639988.179, 138
Trd, 8639988.612, 120
Trd, 8639988.979, 134
Trd, 8639989.079, 135
Trd, 8639989.179, 112
Trd, 8639989.979, 83
Trd, 8639990.312, 82
Trd, 8639990.546, 98
Trd, 8639991.979, 140
Trd, 8639992.179, 140
Trd, 8639992.912, 140
Trd, 8639993.446, 140
Trd, 8639993.479, 140
Trd, 8639993.546, 140
Trd, 8639993.746, 140
Trd, 8639994.179, 139
Trd, 8639994.446, 139
Trd, 8639995.246, 135
Trd, 8639995.746, 130
Trd, 8639995.946, 126
Trd, 8639996.312, 138
Trd, 8639996.512, 140
Trd, 8639997.212, 140
Trd, 8639997.679, 121
Trd, 8639998.679, 122
Trd, 8639999.079, 122
Trd, 8639999.312, 116
