Trd, 8638791.246, 140
Trd, 8638791.746, 140
Trd, 8638792.146, 136
Trd, 8638792.479, 140
Trd, 8638793.146, 140
Trd, 8638793.479, 140
Trd, 8638794.712, 140
Trd, 8638795.812, 140
Trd, 8638796.179, 140
Trd, 8638796.579, 140
Trd, 8638797.346, 140
Trd, 8638797.612, 139
Trd, 8638797.812, 140
Trd, 8638798.146, 136
Trd, 8638798.179, 124
Trd, 8638798.746, 140
Trd, 8638799.779, 140
Trd, 8638800.612, 140
Trd, 8638800.879, 140
Trd, 8638801.279, 140
Trd, 8638801.412, 140
Trd, 8638802.146, 140
Trd, 8638802.379, 140
Trd, 8638802.946, 126
Trd, 8638803.446, 139
Trd, 8638803.512, 127
Trd, 8638803.679, 140
Trd, 8638804.112, 139
Trd, 8638804.646, 128
Trd, 8638806.112, 140
Trd, 8638806.612, 140
Trd, 8638806.879, 140
Trd, 8638807.612, 139
Trd, 8638807.912, 138
Trd, 8638808.212, 140
Trd, 8638809.346, 140
Trd, 8638810.446, 140
Trd, 8638810.512, 140
Trd, 8638810.679, 140
Trd, 8638810.812, 140
Trd, 8638811.179, 140
Trd, 8638811.279, 139
Trd, 8638811.779, 139
Trd, 8638812.279, 140
Trd, 8638812.779, 140
Trd, 8638813.179, 140
Trd, 8638813.346, 138
Trd, 8638813.579, 126
Trd, 8638814.246, 138
Trd, 8638814.546, 118
Trd, 8638816.179, 140
Trd, 8638816.412, 136
Trd, 8638817.812, 140
Trd, 8638818.212, 140
Trd, 8638818.412, 140
Trd, 8638818.679, 140
Trd, 8638818.912, 140
Trd, 8638819.279, 140
Trd, 8638819.412, 140
Trd, 8638820.179, 140
Trd, 8638820.212, 140
Trd, 8638820.412, 140
Trd, 8638820.612, 138
Trd, 8638820.946, 140
Trd, 8638821.312, 94
Trd, 8638821.446, 62
Trd, 8638821.879, 139
Trd, 8638822.512, 138
Trd, 8638822.912, 112
Trd, 8638823.446, 137
Trd, 8638823.479, 81
Trd, 8638823.946, 61
Trd, 8638824.012, 62
Trd, 8638824.146, 127
Trd, 8638825.412, 140
Trd, 8638826.312, 140
Trd, 8638826.946, 140
Trd, 8638827.979, 140
Trd, 8638828.246, 140
Trd, 8638828.412, 140
Trd, 8638828.512, 140
Trd, 8638828.546, 139
Trd, 8638828.812, 139
Trd, 8638828.946, 136
Trd, 8638829.579, 137
Trd, 8638829.912, 140
Trd, 8638830.579, 140
Trd, 8638831.179, 139
Trd, 8638831.712, 140
Trd, 8638832.379, 138
Trd, 8638832.546, 136
Trd, 8638833.279, 136
Trd, 8638833.712, 140
Trd, 8638834.046, 140
Trd, 8638834.212, 140
Trd, 8638835.046, 138
Trd, 8638835.879, 140
Trd, 8638836.546, 140
Trd, 8638837.312, 140
Trd, 8638837.512, 140
Trd, 8638837.812, 140
Trd, 8638838.412, 140
Trd, 8638838.846, 140
Trd, 8638839.046, 140
Trd, 8638839.079, 139
Trd, 8638839.179, 139
Trd, 8638839.779, 134
Trd, 8638840.512, 135
Trd, 8638840.779, 122
Trd, 8638840.879, 87
Trd, 8638840.912, 139
Trd, 8638841.146, 78
Trd, 8638842.046, 66
Trd, 8638842.679, 67
Trd, 8638842.812, 69
Trd, 8638844.246, 61
Trd, 8638845.212, 60
Trd, 8638845.312, 64
Trd, 8638845.812, 63
Trd, 8638846.146, 60
Trd, 8638846.179, 63
Trd, 8638846.212, 65
Trd, 8638846.612, 64
Trd, 8638846.846, 63
Trd, 8638846.912, 74
Trd, 8638847.179, 140
Trd, 8638847.846, 69
Trd, 8638848.446, 139
Trd, 8638848.579, 112
Trd, 8638849.646, 119
Trd, 8638849.779, 97
Trd, 8638850.712, 140
Trd, 8638851.012, 140
Trd, 8638852.012, 140
Trd, 8638852.046, 139
Trd, 8638852.312, 139
Trd, 8638852.412, 138
Trd, 8638852.612, 118
Trd, 8638853.412, 139
Trd, 8638853.612, 135
Trd, 8638854.346, 137
Trd, 8638854.379, 134
Trd, 8638854.746, 140
Trd, 8638854.979, 138
Trd, 8638855.312, 111
Trd, 8638855.812, 140
Trd, 8638856.579, 140
Trd, 8638857.646, 140
Trd, 8638857.712, 140
Trd, 8638858.046, 140
Trd, 8638859.046, 140
Trd, 8638860.512, 140
Trd, 8638861.112, 140
Trd, 8638861.412, 140
Trd, 8638861.479, 140
Trd, 8638861.679, 138
Trd, 8638861.812, 138
Trd, 8638862.112, 140
Trd, 8638862.346, 140
Trd, 8638863.046, 140
Trd, 8638863.212, 140
Trd, 8638863.746, 104
Trd, 8638864.146, 112
Trd, 8638864.646, 110
Trd, 8638864.679, 95
Trd, 8638864.746, 86
Trd, 8638865.046, 112
Trd, 8638866.079, 99
Trd, 8638866.579, 110
Trd, 8638866.979, 103
Trd, 8638867.179, 111
Trd, 8638868.179, 140
Trd, 8638868.312, 122
Trd, 8638868.679, 116
Trd, 8638869.079, 140
Trd, 8638869.479, 102
Trd, 8638869.646, 140
Trd, 8638870.012, 139
Trd, 8638870.246, 63
Trd, 8638871.079, 140
Trd, 8638872.246, 140
Trd, 8638872.412, 139
Trd, 8638872.479, 138
Trd, 8638872.612, 131
Trd, 8638873.712, 140
Trd, 8638873.979, 140
Trd, 8638874.012, 140
Trd, 8638875.112, 140
Trd, 8638875.212, 139
Trd, 8638876.946, 140
Trd, 8638877.346, 140
Trd, 8638877.646, 140
Trd, 8638877.846, 140
Trd, 8638879.146, 140
Trd, 8638879.346, 140
Trd, 8638879.579, 140
Trd, 8638879.846, 140
Trd, 8638879.912, 140
Trd, 8638879.979, 140
Trd, 8638880.212, 140
Trd, 8638880.979, 140
Trd, 8638881.546, 139
Trd, 8638882.812, 140
Trd, 8638882.946, 140
Trd, 8638883.512, 140
Trd, 8638883.746, 140
Trd, 8638884.146, 140
Trd, 8638884.412, 140
Trd, 8638884.946, 140
Trd, 8638885.679, 140
Trd, 8638886.412, 140
Trd, 8638886.446, 140
Trd, 8638886.579, 140
Trd, 8638887.446, 138
Trd, 8638889.046, 140
Trd, 8638889.612, 140
Trd, 8638889.812, 140
Trd, 8638889.912, 140
Trd, 8638890.146, 140
Trd, 8638890.912, 140
Trd, 8638890.979, 140
Trd, 8638891.546, 140
Trd, 8638891.712, 140
Trd, 8638891.979, 140
Trd, 8638892.146, 140
Trd, 8638892.446, 139
Trd, 8638892.912, 137
Trd, 8638892.946, 110
Trd, 8638893.512, 138
Trd, 8638893.546, 114
Trd, 8638893.779, 137
Trd, 8638893.846, 138
Trd, 8638894.112, 136
Trd, 8638894.279, 96
Trd, 8638895.346, 68
Trd, 8638895.912, 66
Trd, 8638895.979, 73
Trd, 8638896.446, 60
Trd, 8638896.479, 60
Trd, 8638896.712, 60
Trd, 8638898.046, 140
Trd, 8638899.346, 140
Trd, 8638899.779, 140
Trd, 8638899.879, 140
Trd, 8638900.212, 140
Trd, 8638900.412, 140
Trd, 8638900.479, 140
Trd, 8638900.979, 139
Trd, 8638901.246, 138
Trd, 8638901.279, 105
Trd, 8638901.679, 140
Trd, 8638902.279, 139
Trd, 8638902.412, 113
Trd, 8638902.479, 96
Trd, 8638902.979, 139
Trd, 8638904.612, 140
Trd, 8638905.312, 140
Trd, 8638905.412, 140
Trd, 8638905.746, 140
Trd, 8638905.979, 140
Trd, 8638906.212, 139
Trd, 8638906.779, 140
Trd, 8638907.012, 139
Trd, 8638907.812, 140
Trd, 8638908.112, 136
Trd, 8638908.379, 96
Trd, 8638908.712, 140
Trd, 8638909.112, 125
Trd, 8638910.146, 140
Trd, 8638910.846, 119
Trd, 8638911.146, 139
Trd, 8638911.412, 140
Trd, 8638912.246, 140
Trd, 8638912.646, 140
Trd, 8638912.979, 140
Trd, 8638913.146, 139
Trd, 8638914.712, 140
Trd, 8638915.012, 140
Trd, 8638915.312, 140
Trd, 8638915.546, 140
Trd, 8638915.812, 140
Trd, 8638917.079, 140
Trd, 8638917.479, 139
Trd, 8638917.846, 140
Trd, 8638918.112, 140
Trd, 8638918.146, 139
Trd, 8638918.646, 139
Trd, 8638918.746, 138
Trd, 8638919.679, 140
Trd, 8638919.779, 137
Trd, 8638920.846, 121
Trd, 8638920.912, 131
Trd, 8638922.746, 140
Trd, 8638922.779, 140
Trd, 8638922.979, 140
Trd, 8638923.246, 140
Trd, 8638923.779, 139
Trd, 8638923.846, 138
Trd, 8638923.912, 121
Trd, 8638924.146, 140
Trd, 8638924.312, 138
Trd, 8638924.479, 102
Trd, 8638924.946, 95
Trd, 8638925.179, 140
Trd, 8638925.779, 103
Trd, 8638926.012, 102
Trd, 8638926.279, 135
Trd, 8638926.512, 140
Trd, 8638927.579, 140
Trd, 8638929.246, 140
Trd, 8638929.279, 140
Trd, 8638929.346, 140
Trd, 8638929.512, 140
Trd, 8638930.079, 139
Trd, 8638930.212, 131
Trd, 8638931.046, 126
Trd, 8638931.079, 115
Trd, 8638932.046, 137
Trd, 8638932.512, 119
Trd, 8638933.112, 139
Trd, 8638934.146, 140
Trd, 8638934.246, 140
Trd, 8638934.512, 140
Trd, 8638934.646, 139
Trd, 8638934.946, 140
Trd, 8638935.312, 140
Trd, 8638935.712, 140
Trd, 8638935.779, 140
Trd, 8638936.312, 140
Trd, 8638937.146, 140
Trd, 8638937.712, 140
Trd, 8638938.279, 140
Trd, 8638938.346, 116
Trd, 8638938.779, 140
Trd, 8638938.879, 112
Trd, 8638939.012, 97
Trd, 8638940.046, 140
Trd, 8638941.179, 140
Trd, 8638941.212, 140
Trd, 8638941.846, 140
Trd, 8638942.079, 133
Trd, 8638943.112, 140
Trd, 8638944.246, 140
Trd, 8638944.279, 140
Trd, 8638944.946, 140
Trd, 8638945.212, 140
Trd, 8638945.412, 140
Trd, 8638945.546, 140
Trd, 8638945.912, 140
Trd, 8638945.979, 140
Trd, 8638946.046, 139
Trd, 8638946.346, 140
Trd, 8638946.679, 138
Trd, 8638948.212, 140
Trd, 8638949.379, 140
Trd, 8638949.612, 140
Trd, 8638949.679, 140
Trd, 8638949.746, 140
Trd, 8638949.879, 139
Trd, 8638951.479, 140
Trd, 8638951.512, 140
Trd, 8638951.946, 125
Trd, 8638952.346, 102
Trd, 8638952.646, 139
Trd, 8638952.812, 97
Trd, 8638953.046, 97
Trd, 8638954.212, 139
Trd, 8638954.846, 139
Trd, 8638955.112, 137
Trd, 8638955.246, 128
Trd, 8638956.046, 140
Trd, 8638956.179, 139
Trd, 8638956.579, 137
Trd, 8638956.779, 138
Trd, 8638957.212, 97
Trd, 8638957.246, 93
Trd, 8638957.579, 90
Trd, 8638958.746, 121
Trd, 8638959.246, 104
Trd, 8638959.279, 136
Trd, 8638959.512, 135
Trd, 8638959.646, 103
Trd, 8638960.246, 133
Trd, 8638960.446, 91
Trd, 8638960.979, 61
Trd, 8638961.112, 138
Trd, 8638961.846, 140
Trd, 8638962.312, 140
Trd, 8638963.046, 140
Trd, 8638963.246, 140
Trd, 8638964.012, 140
Trd, 8638965.679, 140
Trd, 8638965.979, 140
Trd, 8638966.046, 139
Trd, 8638966.112, 139
Trd, 8638966.579, 140
Trd, 8638966.879, 140
Trd, 8638967.146, 140
Trd, 8638967.212, 139
Trd, 8638967.446, 140
Trd, 8638968.379, 140
Trd, 8638969.046, 139
Trd, 8638969.879, 140
Trd, 8638970.512, 133
Trd, 8638970.646, 132
Trd, 8638971.146, 134
Trd, 8638971.746, 116
Trd, 8638971.979, 140
Trd, 8638972.912, 140
Trd, 8638973.412, 140
Trd, 8638973.879, 140
Trd, 8638974.112, 140
Trd, 8638974.446, 140
Trd, 8638974.646, 140
Trd, 8638974.746, 140
Trd, 8638975.179, 140
Trd, 8638975.312, 140
Trd, 8638975.479, 140
Trd, 8638975.912, 111
Trd, 8638976.346, 109
Trd, 8638976.579, 63
Trd, 8638977.146, 61
Trd, 8638977.446, 61
Trd, 8638977.679, 63
Trd, 8638978.012, 71
Trd, 8638978.346, 72
Trd, 8638979.946, 140
Trd, 8638980.012, 78
Trd, 8638981.312, 138
Trd, 8638981.346, 136
Trd, 8638982.546, 138
Trd, 8638982.679, 137
Trd, 8638982.912, 137
Trd, 8638983.212, 136
Trd, 8638983.312, 137
Trd, 8638983.412, 136
Trd, 8638984.246, 139
Trd, 8638984.546, 140
Trd, 8638985.246, 60
Trd, 8638985.512, 60
Trd, 8638986.412, 60
Trd, 8638987.346, 60
Trd, 8638987.646, 60
Trd, 8638987.812, 60
Trd, 8638988.312, 60
Trd, 8638988.412, 61
Trd, 8638988.646, 61
Trd, 8638988.912, 61
Trd, 8638989.146, 62
Trd, 8638989.346, 61
Trd, 8638989.612, 63
Trd, 8638989.712, 67
Trd, 8638990.479, 139
Trd, 8638990.812, 137
Trd, 8638991.679, 140
Trd, 8638991.746, 140
Trd, 8638992.046, 140
Trd, 8638992.179, 139
Trd, 8638993.179, 62
Trd, 8638993.412, 62
Trd, 8638993.879, 62
Trd, 8638994.579, 60
Trd, 8638994.946, 61
Trd, 8638995.146, 62
Trd, 8638995.812, 67
Trd, 8638995.879, 81
Trd, 8638996.446, 69
Trd, 8638996.912, 91
Trd, 8638997.479, 60
Trd, 8638998.346, 60
Trd, 8638998.446, 60
Trd, 8638998.812, 62
Trd, 8638999.379, 140
Trd, 8638999.746, 140
Trd, 8639000.012, 140
Trd, 8639000.412, 140
Trd, 8639000.712, 140
Trd, 8639001.312, 140
Trd, 8639001.946, 140
Trd, 8639002.012, 140
Trd, 8639002.446, 140
Trd, 8639002.712, 132
Trd, 8639002.779, 140
Trd, 8639003.512, 106
Trd, 8639003.779, 81
Trd, 8639004.479, 139
Trd, 8639005.346, 65
Trd, 8639005.646, 65
Trd, 8639005.746, 66
Trd, 8639006.012, 67
Trd, 8639006.112, 68
Trd, 8639006.146, 70
Trd, 8639006.712, 85
Trd, 8639007.179, 70
Trd, 8639007.346, 67
Trd, 8639007.479, 66
Trd, 8639007.679, 61
Trd, 8639008.312, 65
Trd, 8639008.346, 74
Trd, 8639008.546, 136
Trd, 8639009.146, 60
Trd, 8639010.246, 140
Trd, 8639010.779, 140
Trd, 8639011.079, 139
Trd, 8639011.146, 111
Trd, 8639011.979, 72
Trd, 8639012.279, 61
Trd, 8639012.379, 62
Trd, 8639013.046, 62
Trd, 8639013.746, 90
Trd, 8639014.112, 92
Trd, 8639014.412, 91
Trd, 8639014.446, 93
Trd, 8639014.946, 62
Trd, 8639015.346, 62
Trd, 8639016.112, 63
Trd, 8639016.812, 79
Trd, 8639017.146, 66
Trd, 8639017.346, 65
Trd, 8639017.779, 60
Trd, 8639017.912, 62
Trd, 8639018.146, 139
Trd, 8639018.179, 110
Trd, 8639018.812, 140
Trd, 8639019.346, 140
Trd, 8639019.779, 140
Trd, 8639020.079, 140
Trd, 8639020.779, 123
Trd, 8639021.846, 139
Trd, 8639022.079, 138
Trd, 8639022.179, 104
Trd, 8639022.746, 89
Trd, 8639023.446, 140
Trd, 8639023.779, 140
Trd, 8639024.212, 140
Trd, 8639025.146, 140
Trd, 8639025.479, 140
Trd, 8639025.812, 140
Trd, 8639025.979, 140
Trd, 8639026.212, 140
Trd, 8639026.512, 137
Trd, 8639027.812, 139
Trd, 8639028.012, 140
Trd, 8639028.879, 140
Trd, 8639028.912, 140
Trd, 8639028.946, 140
Trd, 8639028.979, 138
Trd, 8639029.046, 127
Trd, 8639029.479, 75
Trd, 8639030.446, 140
Trd, 8639030.612, 140
Trd, 8639030.746, 140
Trd, 8639031.512, 140
Trd, 8639031.779, 140
Trd, 8639032.079, 140
Trd, 8639032.179, 137
Trd, 8639032.546, 87
Trd, 8639033.679, 140
Trd, 8639034.379, 140
Trd, 8639034.412, 138
Trd, 8639035.179, 140
Trd, 8639035.479, 139
Trd, 8639036.079, 136
Trd, 8639036.412, 139
Trd, 8639037.046, 140
Trd, 8639037.079, 136
Trd, 8639037.146, 113
Trd, 8639038.512, 139
Trd, 8639039.446, 140
Trd, 8639039.979, 130
Trd, 8639040.946, 140
Trd, 8639041.579, 140
Trd, 8639041.812, 140
Trd, 8639042.579, 140
Trd, 8639042.846, 140
Trd, 8639043.412, 139
Trd, 8639043.512, 135
Trd, 8639044.312, 105
Trd, 8639044.879, 140
Trd, 8639045.312, 140
Trd, 8639045.479, 140
Trd, 8639045.979, 122
Trd, 8639046.079, 106
Trd, 8639046.812, 140
Trd, 8639046.879, 139
Trd, 8639047.312, 140
Trd, 8639047.979, 139
Trd, 8639048.146, 139
Trd, 8639048.279, 138
Trd, 8639048.412, 140
Trd, 8639048.812, 118
Trd, 8639048.979, 102
Trd, 8639049.246, 60
Trd, 8639049.779, 60
Trd, 8639050.946, 63
Trd, 8639051.812, 60
Trd, 8639052.079, 60
Trd, 8639052.379, 60
Trd, 8639053.179, 61
Trd, 8639053.646, 64
Trd, 8639053.912, 62
Trd, 8639054.546, 121
Trd, 8639054.612, 123
Trd, 8639054.679, 70
Trd, 8639055.312, 85
Trd, 8639055.879, 72
Trd, 8639056.512, 116
Trd, 8639057.346, 140
Trd, 8639057.412, 140
Trd, 8639057.946, 139
Trd, 8639058.312, 140
Trd, 8639058.746, 139
Trd, 8639059.079, 140
Trd, 8639059.179, 140
Trd, 8639060.112, 139
Trd, 8639060.946, 140
Trd, 8639061.579, 140
Trd, 8639061.846, 139
Trd, 8639061.946, 139
Trd, 8639062.479, 131
Trd, 8639062.812, 130
Trd, 8639063.046, 117
Trd, 8639063.079, 117
Trd, 8639063.179, 101
Trd, 8639063.579, 60
Trd, 8639064.279, 60
Trd, 8639064.679, 64
Trd, 8639064.712, 131
Trd, 8639066.179, 60
Trd, 8639066.446, 60
Trd, 8639066.512, 60
Trd, 8639066.679, 61
Trd, 8639066.779, 62
Trd, 8639067.179, 65
Trd, 8639067.646, 66
Trd, 8639068.612, 78
Trd, 8639068.746, 66
Trd, 8639068.879, 119
Trd, 8639069.212, 93
Trd, 8639069.512, 139
Trd, 8639069.646, 138
Trd, 8639070.379, 137
Trd, 8639070.612, 112
Trd, 8639071.046, 109
Trd, 8639071.312, 69
Trd, 8639072.212, 140
Trd, 8639072.412, 140
Trd, 8639073.346, 140
Trd, 8639074.212, 140
Trd, 8639074.246, 140
Trd, 8639074.446, 140
Trd, 8639075.146, 140
Trd, 8639075.579, 140
Trd, 8639075.812, 139
Trd, 8639076.679, 135
Trd, 8639077.779, 136
Trd, 8639078.246, 121
Trd, 8639078.546, 130
Trd, 8639078.946, 139
Trd, 8639079.279, 133
Trd, 8639079.646, 132
Trd, 8639079.879, 103
Trd, 8639080.179, 138
Trd, 8639080.512, 118
Trd, 8639081.146, 140
Trd, 8639081.512, 140
Trd, 8639082.712, 140
Trd, 8639082.879, 140
Trd, 8639083.446, 140
Trd, 8639083.746, 140
Trd, 8639084.512, 140
Trd, 8639084.779, 139
Trd, 8639084.812, 123
Trd, 8639085.612, 139
Trd, 8639086.012, 140
Trd, 8639086.212, 139
Trd, 8639086.379, 139
Trd, 8639087.079, 138
Trd, 8639087.246, 111
Trd, 8639087.646, 140
Trd, 8639088.279, 140
Trd, 8639088.646, 137
Trd, 8639088.679, 127
Trd, 8639089.546, 140
Trd, 8639090.379, 137
Trd, 8639090.479, 113
Trd, 8639090.979, 120
Trd, 8639091.112, 98
Trd, 8639092.946, 140
Trd, 8639093.246, 140
Trd, 8639093.646, 140
Trd, 8639094.112, 140
Trd, 8639094.146, 140
Trd, 8639094.246, 140
Trd, 8639095.846, 140
Trd, 8639096.246, 140
Trd, 8639096.346, 140
Trd, 8639097.112, 140
Trd, 8639097.279, 140
Trd, 8639098.212, 140
Trd, 8639098.679, 140
Trd, 8639098.746, 140
Trd, 8639100.046, 140
Trd, 8639100.212, 140
Trd, 8639100.279, 140
Trd, 8639101.346, 140
Trd, 8639101.412, 140
Trd, 8639101.579, 140
Trd, 8639101.679, 138
Trd, 8639101.846, 110
Trd, 8639102.246, 139
Trd, 8639102.612, 140
Trd, 8639103.112, 140
Trd, 8639103.446, 133
Trd, 8639103.779, 138
Trd, 8639104.446, 138
Trd, 8639104.712, 138
Trd, 8639104.779, 137
Trd, 8639105.212, 117
Trd, 8639105.679, 138
Trd, 8639105.712, 109
Trd, 8639106.112, 140
Trd, 8639106.312, 97
Trd, 8639106.512, 79
Trd, 8639107.746, 96
Trd, 8639108.279, 140
Trd, 8639108.512, 140
Trd, 8639109.512, 139
Trd, 8639109.979, 140
Trd, 8639110.179, 140
Trd, 8639110.379, 139
Trd, 8639110.712, 139
Trd, 8639111.579, 138
Trd, 8639111.979, 137
Trd, 8639112.346, 138
Trd, 8639112.379, 137
Trd, 8639112.879, 140
Trd, 8639114.112, 139
Trd, 8639114.779, 140
Trd, 8639114.879, 139
Trd, 8639115.379, 138
Trd, 8639116.812, 114
Trd, 8639116.979, 115
Trd, 8639117.312, 138
Trd, 8639117.379, 110
Trd, 8639117.746, 140
Trd, 8639118.112, 139
Trd, 8639118.412, 80
Trd, 8639118.746, 78
Trd, 8639119.646, 77
Trd, 8639119.912, 140
Trd, 8639120.546, 140
Trd, 8639120.912, 139
Trd, 8639122.046, 140
Trd, 8639122.246, 140
Trd, 8639122.446, 140
Trd, 8639122.612, 140
Trd, 8639122.679, 139
Trd, 8639122.812, 140
Trd, 8639123.012, 140
Trd, 8639123.712, 140
Trd, 8639124.179, 140
Trd, 8639125.079, 140
Trd, 8639126.312, 140
Trd, 8639126.346, 140
Trd, 8639126.646, 140
Trd, 8639126.779, 140
Trd, 8639126.812, 127
Trd, 8639126.979, 138
Trd, 8639127.679, 88
Trd, 8639128.112, 88
Trd, 8639128.412, 139
Trd, 8639129.746, 140
Trd, 8639130.346, 140
Trd, 8639130.879, 140
Trd, 8639131.012, 139
Trd, 8639131.546, 140
Trd, 8639132.679, 140
Trd, 8639133.512, 140
Trd, 8639133.546, 140
Trd, 8639133.812, 139
Trd, 8639133.912, 139
Trd, 8639134.179, 106
Trd, 8639134.279, 98
Trd, 8639134.879, 139
Trd, 8639134.979, 139
Trd, 8639135.479, 126
Trd, 8639135.746, 138
Trd, 8639135.779, 140
Trd, 8639135.812, 106
Trd, 8639136.546, 140
Trd, 8639136.746, 117
Trd, 8639136.846, 79
Trd, 8639137.846, 89
Trd, 8639137.979, 104
Trd, 8639138.612, 60
Trd, 8639139.779, 60
Trd, 8639139.812, 60
Trd, 8639140.346, 140
Trd, 8639140.879, 139
Trd, 8639141.179, 113
Trd, 8639142.379, 140
Trd, 8639142.612, 140
Trd, 8639142.979, 138
Trd, 8639143.079, 137
Trd, 8639143.612, 117
Trd, 8639143.779, 139
Trd, 8639144.379, 140
Trd, 8639144.646, 139
Trd, 8639145.646, 140
Trd, 8639146.446, 140
Trd, 8639146.746, 140
Trd, 8639147.212, 140
Trd, 8639147.446, 139
Trd, 8639147.579, 140
Trd, 8639147.846, 139
Trd, 8639149.012, 135
Trd, 8639149.312, 140
Trd, 8639149.479, 140
Trd, 8639149.579, 139
Trd, 8639149.779, 138
Trd, 8639149.846, 116
Trd, 8639150.079, 139
Trd, 8639150.946, 93
Trd, 8639151.246, 63
Trd, 8639151.446, 64
Trd, 8639151.879, 62
Trd, 8639152.846, 67
Trd, 8639153.079, 60
Trd, 8639153.879, 60
Trd, 8639154.079, 63
Trd, 8639154.346, 64
Trd, 8639155.179, 69
Trd, 8639155.546, 62
Trd, 8639155.579, 92
Trd, 8639155.746, 140
Trd, 8639155.979, 70
Trd, 8639156.346, 79
Trd, 8639156.912, 137
Trd, 8639157.012, 138
Trd, 8639158.379, 140
Trd, 8639158.812, 140
Trd, 8639159.179, 140
Trd, 8639159.546, 140
Trd, 8639159.612, 140
Trd, 8639161.712, 60
Trd, 8639162.079, 60
Trd, 8639162.346, 60
Trd, 8639162.579, 60
Trd, 8639163.379, 60
Trd, 8639163.479, 60
Trd, 8639163.679, 62
Trd, 8639163.746, 63
Trd, 8639163.979, 64
Trd, 8639164.179, 63
Trd, 8639164.779, 61
Trd, 8639165.246, 62
Trd, 8639166.479, 60
Trd, 8639166.546, 60
Trd, 8639166.612, 60
Trd, 8639167.046, 62
Trd, 8639167.412, 88
Trd, 8639168.112, 140
Trd, 8639168.179, 140
Trd, 8639168.379, 140
Trd, 8639169.946, 140
Trd, 8639170.012, 140
Trd, 8639170.246, 140
Trd, 8639170.346, 139
Trd, 8639170.612, 86
Trd, 8639171.246, 140
Trd, 8639171.646, 139
Trd, 8639172.112, 140
Trd, 8639172.179, 139
Trd, 8639172.279, 140
Trd, 8639173.879, 80
Trd, 8639174.512, 117
Trd, 8639175.079, 65
Trd, 8639175.212, 67
Trd, 8639175.812, 128
Trd, 8639175.846, 129
Trd, 8639176.246, 63
Trd, 8639177.779, 60
Trd, 8639177.846, 60
Trd, 8639178.012, 60
Trd, 8639178.512, 61
Trd, 8639178.579, 62
Trd, 8639178.812, 62
Trd, 8639179.379, 62
Trd, 8639179.946, 66
Trd, 8639180.812, 67
Trd, 8639181.046, 65
Trd, 8639181.246, 126
Trd, 8639181.546, 63
Trd, 8639181.712, 71
Trd, 8639182.712, 60
Trd, 8639182.812, 60
Trd, 8639182.846, 64
Trd, 8639183.379, 69
Trd, 8639183.712, 70
Trd, 8639183.812, 62
Trd, 8639184.479, 61
Trd, 8639185.246, 62
Trd, 8639185.479, 68
Trd, 8639185.512, 69
Trd, 8639185.946, 60
Trd, 8639186.246, 60
Trd, 8639186.612, 61
Trd, 8639186.812, 127
Trd, 8639187.212, 77
Trd, 8639187.912, 63
Trd, 8639188.479, 66
Trd, 8639188.979, 63
Trd, 8639189.046, 62
Trd, 8639189.146, 61
Trd, 8639190.446, 60
Trd, 8639190.712, 62
Trd, 8639191.479, 60
Trd, 8639191.779, 60
Trd, 8639192.779, 60
Trd, 8639193.479, 60
Trd, 8639193.546, 62
Trd, 8639194.012, 62
Trd, 8639195.446, 60
Trd, 8639195.712, 60
Trd, 8639196.012, 60
Trd, 8639196.146, 61
Trd, 8639196.446, 62
Trd, 8639196.712, 61
Trd, 8639196.812, 62
Trd, 8639197.046, 63
Trd, 8639197.646, 71
Trd, 8639198.212, 123
Trd, 8639198.779, 90
Trd, 8639199.146, 91
Trd, 8639199.779, 140
Trd, 8639200.179, 140
Trd, 8639200.412, 140
Trd, 8639200.712, 140
Trd, 8639201.212, 140
Trd, 8639201.246, 140
Trd, 8639201.412, 140
Trd, 8639202.279, 140
Trd, 8639202.346, 140
Trd, 8639202.779, 140
Trd, 8639203.746, 139
Trd, 8639204.079, 139
Trd, 8639204.112, 86
Trd, 8639205.379, 139
Trd, 8639205.712, 139
Trd, 8639206.146, 70
Trd, 8639206.279, 85
Trd, 8639207.212, 70
Trd, 8639207.279, 66
Trd, 8639207.712, 127
Trd, 8639208.312, 60
Trd, 8639208.712, 60
Trd, 8639209.112, 60
Trd, 8639209.179, 62
Trd, 8639209.346, 71
Trd, 8639209.446, 82
Trd, 8639210.546, 60
Trd, 8639211.179, 61
Trd, 8639211.212, 63
Trd, 8639211.479, 113
Trd, 8639212.146, 62
Trd, 8639212.812, 140
Trd, 8639213.012, 140
Trd, 8639213.712, 140
Trd, 8639213.879, 140
Trd, 8639214.012, 140
Trd, 8639214.112, 140
Trd, 8639214.179, 140
Trd, 8639215.879, 140
Trd, 8639216.012, 140
Trd, 8639216.279, 114
Trd, 8639217.379, 140
Trd, 8639217.479, 140
Trd, 8639218.646, 140
Trd, 8639218.912, 140
Trd, 8639218.946, 140
Trd, 8639219.746, 140
Trd, 8639219.946, 136
Trd, 8639220.546, 134
Trd, 8639220.579, 95
Trd, 8639221.146, 134
Trd, 8639221.346, 122
Trd, 8639221.546, 66
Trd, 8639221.912, 60
Trd, 8639222.946, 62
Trd, 8639223.879, 140
Trd, 8639224.446, 140
Trd, 8639224.612, 140
Trd, 8639224.679, 140
Trd, 8639224.879, 140
Trd, 8639225.079, 140
Trd, 8639226.246, 140
Trd, 8639226.912, 140
Trd, 8639227.112, 140
Trd, 8639227.646, 140
Trd, 8639227.946, 140
Trd, 8639228.179, 140
Trd, 8639228.612, 138
Trd, 8639228.646, 135
Trd, 8639229.246, 139
Trd, 8639229.446, 139
Trd, 8639229.879, 140
Trd, 8639230.212, 140
Trd, 8639231.079, 136
Trd, 8639231.479, 116
Trd, 8639232.112, 128
Trd, 8639232.246, 111
Trd, 8639232.446, 109
Trd, 8639232.712, 128
Trd, 8639233.046, 128
Trd, 8639233.446, 119
Trd, 8639234.146, 128
Trd, 8639234.312, 99
Trd, 8639234.412, 99
Trd, 8639235.079, 140
Trd, 8639235.146, 139
Trd, 8639235.312, 138
Trd, 8639235.712, 140
Trd, 8639236.279, 113
Trd, 8639237.179, 140
Trd, 8639237.212, 111
Trd, 8639237.812, 140
Trd, 8639238.346, 139
Trd, 8639238.746, 140
Trd, 8639239.312, 138
Trd, 8639239.412, 140
Trd, 8639239.612, 139
Trd, 8639239.846, 140
Trd, 8639240.846, 140
Trd, 8639241.212, 137
Trd, 8639241.412, 140
Trd, 8639242.346, 139
Trd, 8639242.412, 139
Trd, 8639242.446, 114
Trd, 8639242.646, 111
Trd, 8639243.179, 60
Trd, 8639243.546, 65
Trd, 8639244.979, 140
Trd, 8639245.246, 140
Trd, 8639246.946, 140
Trd, 8639247.712, 140
Trd, 8639248.179, 140
Trd, 8639248.212, 140
Trd, 8639248.412, 140
Trd, 8639248.579, 138
Trd, 8639248.679, 138
Trd, 8639248.912, 112
Trd, 8639249.379, 139
Trd, 8639250.379, 140
Trd, 8639250.979, 140
Trd, 8639251.146, 140
Trd, 8639251.912, 140
Trd, 8639252.179, 140
Trd, 8639252.446, 139
Trd, 8639253.679, 140
Trd, 8639253.712, 140
Trd, 8639254.012, 140
Trd, 8639254.779, 140
Trd, 8639255.379, 140
Trd, 8639255.579, 140
Trd, 8639255.779, 140
Trd, 8639255.912, 140
Trd, 8639256.046, 139
Trd, 8639256.112, 139
Trd, 8639256.746, 140
Trd, 8639257.579, 140
Trd, 8639258.112, 140
Trd, 8639258.279, 132
Trd, 8639258.812, 139
Trd, 8639259.412, 140
Trd, 8639259.646, 117
Trd, 8639260.079, 118
Trd, 8639260.612, 120
Trd, 8639261.012, 118
Trd, 8639261.279, 109
Trd, 8639261.946, 140
Trd, 8639262.912, 140
Trd, 8639263.612, 140
Trd, 8639263.912, 140
Trd, 8639264.212, 140
Trd, 8639264.846, 140
Trd, 8639265.046, 139
Trd, 8639265.212, 139
Trd, 8639265.246, 140
Trd, 8639265.346, 140
Trd, 8639265.579, 140
Trd, 8639266.046, 113
Trd, 8639266.346, 112
Trd, 8639266.979, 136
Trd, 8639267.012, 111
Trd, 8639267.379, 140
Trd, 8639267.579, 124
Trd, 8639268.346, 140
Trd, 8639269.379, 140
Trd, 8639270.212, 139
Trd, 8639270.279, 139
Trd, 8639271.046, 139
Trd, 8639271.479, 140
Trd, 8639272.112, 140
Trd, 8639273.079, 140
Trd, 8639273.112, 140
Trd, 8639273.179, 140
Trd, 8639273.579, 139
Trd, 8639273.712, 117
Trd, 8639273.879, 110
Trd, 8639274.212, 60
Trd, 8639274.346, 60
Trd, 8639274.812, 60
Trd, 8639274.979, 61
Trd, 8639275.212, 69
Trd, 8639275.512, 70
Trd, 8639275.946, 60
Trd, 8639277.179, 60
Trd, 8639277.279, 61
Trd, 8639278.079, 61
Trd, 8639278.346, 60
Trd, 8639278.512, 60
Trd, 8639278.612, 64
Trd, 8639278.746, 66
Trd, 8639278.946, 85
Trd, 8639279.279, 107
Trd, 8639279.579, 84
Trd, 8639279.646, 68
Trd, 8639280.879, 62
Trd, 8639281.979, 60
Trd, 8639282.046, 60
Trd, 8639282.446, 60
Trd, 8639283.112, 61
Trd, 8639284.179, 64
Trd, 8639284.346, 63
Trd, 8639285.212, 60
Trd, 8639285.346, 60
Trd, 8639285.779, 60
Trd, 8639286.112, 63
Trd, 8639286.346, 61
Trd, 8639286.412, 67
Trd, 8639286.479, 72
Trd, 8639286.946, 87
Trd, 8639287.412, 75
Trd, 8639287.712, 74
Trd, 8639287.879, 71
Trd, 8639288.379, 64
Trd, 8639288.879, 62
Trd, 8639288.946, 65
Trd, 8639288.979, 66
Trd, 8639289.279, 84
Trd, 8639289.512, 125
Trd, 8639289.946, 62
Trd, 8639291.246, 62
Trd, 8639291.512, 69
Trd, 8639291.646, 71
Trd, 8639291.912, 60
Trd, 8639292.712, 60
Trd, 8639292.912, 60
Trd, 8639293.579, 60
Trd, 8639293.646, 61
Trd, 8639293.879, 60
Trd, 8639294.212, 62
Trd, 8639294.579, 65
Trd, 8639294.612, 67
Trd, 8639295.112, 60
Trd, 8639295.712, 63
Trd, 8639296.579, 60
Trd, 8639296.746, 60
Trd, 8639296.879, 60
Trd, 8639297.379, 61
Trd, 8639298.312, 60
Trd, 8639298.379, 60
Trd, 8639298.646, 61
Trd, 8639299.746, 60
Trd, 8639300.246, 60
Trd, 8639300.479, 60
Trd, 8639300.546, 60
Trd, 8639300.646, 61
Trd, 8639301.212, 60
Trd, 8639301.679, 61
Trd, 8639302.146, 62
Trd, 8639302.312, 60
Trd, 8639303.012, 69
Trd, 8639303.112, 71
Trd, 8639303.379, 66
Trd, 8639304.146, 69
Trd, 8639304.312, 68
Trd, 8639304.646, 66
Trd, 8639305.312, 61
Trd, 8639305.546, 62
Trd, 8639305.679, 67
Trd, 8639305.946, 61
Trd, 8639306.146, 61
Trd, 8639306.679, 69
Trd, 8639307.812, 61
Trd, 8639308.079, 61
Trd, 8639308.412, 62
Trd, 8639308.546, 62
Trd, 8639308.746, 68
Trd, 8639309.712, 139
Trd, 8639310.179, 139
Trd, 8639310.646, 140
Trd, 8639310.812, 140
Trd, 8639311.112, 140
Trd, 8639311.212, 138
Trd, 8639312.079, 139
Trd, 8639313.646, 140
Trd, 8639313.712, 140
Trd, 8639313.879, 139
Trd, 8639313.912, 139
Trd, 8639315.179, 140
Trd, 8639315.546, 140
Trd, 8639315.646, 140
Trd, 8639316.146, 140
Trd, 8639317.946, 127
Trd, 8639318.346, 140
Trd, 8639318.712, 140
Trd, 8639318.779, 140
Trd, 8639318.912, 140
Trd, 8639318.979, 139
Trd, 8639319.446, 137
Trd, 8639319.679, 140
Trd, 8639319.879, 113
Trd, 8639321.379, 137
Trd, 8639321.679, 91
Trd, 8639321.946, 140
Trd, 8639322.646, 140
Trd, 8639322.679, 138
Trd, 8639323.212, 139
Trd, 8639323.279, 140
Trd, 8639323.512, 140
Trd, 8639324.012, 137
Trd, 8639324.246, 139
Trd, 8639324.279, 140
Trd, 8639324.812, 139
Trd, 8639325.112, 140
Trd, 8639325.646, 140
Trd, 8639326.279, 140
Trd, 8639326.779, 137
Trd, 8639327.646, 140
Trd, 8639328.779, 140
Trd, 8639328.846, 140
Trd, 8639328.946, 140
Trd, 8639329.146, 135
Trd, 8639329.179, 117
Trd, 8639329.446, 105
Trd, 8639330.379, 140
Trd, 8639330.712, 139
Trd, 8639331.279, 140
Trd, 8639331.746, 140
Trd, 8639332.312, 140
Trd, 8639332.579, 139
Trd, 8639333.446, 139
Trd, 8639333.746, 138
Trd, 8639333.846, 138
Trd, 8639334.512, 140
Trd, 8639334.679, 140
Trd, 8639334.712, 138
Trd, 8639335.079, 139
Trd, 8639335.212, 135
Trd, 8639335.546, 140
Trd, 8639335.946, 140
Trd, 8639336.079, 116
Trd, 8639336.146, 97
Trd, 8639336.746, 60
Trd, 8639337.646, 140
Trd, 8639338.412, 139
Trd, 8639338.546, 106
Trd, 8639338.612, 103
Trd, 8639339.779, 140
Trd, 8639339.879, 140
Trd, 8639340.312, 140
Trd, 8639341.446, 140
Trd, 8639341.812, 140
Trd, 8639342.179, 140
Trd, 8639342.346, 140
Trd, 8639342.612, 139
Trd, 8639342.712, 138
Trd, 8639343.012, 135
Trd, 8639343.512, 138
Trd, 8639343.846, 121
Trd, 8639344.079, 138
Trd, 8639344.146, 135
Trd, 8639345.179, 94
Trd, 8639345.812, 88
Trd, 8639345.846, 87
Trd, 8639346.012, 94
Trd, 8639346.446, 135
Trd, 8639346.612, 137
Trd, 8639347.179, 139
Trd, 8639347.246, 84
Trd, 8639347.546, 82
Trd, 8639348.479, 63
Trd, 8639349.512, 60
Trd, 8639349.779, 60
Trd, 8639349.846, 61
Trd, 8639350.179, 69
Trd, 8639350.512, 67
Trd, 8639351.212, 60
Trd, 8639351.412, 61
Trd, 8639351.512, 60
Trd, 8639351.612, 65
Trd, 8639352.046, 60
Trd, 8639352.112, 75
Trd, 8639352.479, 104
Trd, 8639353.379, 71
Trd, 8639353.946, 64
Trd, 8639354.079, 63
Trd, 8639354.346, 139
Trd, 8639355.279, 62
Trd, 8639355.412, 60
Trd, 8639355.946, 65
Trd, 8639356.612, 61
Trd, 8639358.046, 60
Trd, 8639358.079, 60
Trd, 8639358.412, 60
Trd, 8639358.512, 60
Trd, 8639358.579, 60
Trd, 8639358.612, 60
Trd, 8639358.912, 62
Trd, 8639359.079, 62
Trd, 8639359.146, 94
Trd, 8639359.279, 60
Trd, 8639360.012, 140
Trd, 8639360.446, 61
Trd, 8639360.779, 139
Trd, 8639360.812, 106
Trd, 8639361.012, 95
Trd, 8639363.146, 140
Trd, 8639363.246, 140
Trd, 8639363.479, 140
Trd, 8639364.146, 140
Trd, 8639364.379, 140
Trd, 8639364.746, 137
Trd, 8639364.946, 118
Trd, 8639366.246, 140
Trd, 8639366.512, 140
Trd, 8639367.112, 140
Trd, 8639367.946, 140
Trd, 8639368.012, 138
Trd, 8639368.079, 137
Trd, 8639368.579, 138
Trd, 8639368.746, 139
Trd, 8639368.946, 140
Trd, 8639369.146, 107
Trd, 8639370.079, 140
Trd, 8639370.179, 140
Trd, 8639371.412, 140
Trd, 8639371.712, 140
Trd, 8639371.746, 140
Trd, 8639372.746, 139
Trd, 8639373.879, 140
Trd, 8639374.979, 140
Trd, 8639375.079, 140
Trd, 8639375.146, 140
Trd, 8639375.546, 139
Trd, 8639375.579, 140
Trd, 8639375.679, 138
Trd, 8639376.179, 124
Trd, 8639376.879, 129
Trd, 8639377.112, 134
Trd, 8639377.812, 125
Trd, 8639378.012, 122
Trd, 8639378.779, 96
Trd, 8639378.879, 97
Trd, 8639378.946, 92
Trd, 8639379.112, 87
Trd, 8639379.146, 98
Trd, 8639379.679, 112
Trd, 8639379.712, 76
Trd, 8639380.379, 140
Trd, 8639380.712, 139
Trd, 8639381.512, 140
Trd, 8639382.112, 140
Trd, 8639382.546, 140
Trd, 8639383.079, 111
Trd, 8639384.146, 140
Trd, 8639384.646, 140
Trd, 8639385.579, 140
Trd, 8639385.679, 140
Trd, 8639385.812, 140
Trd, 8639386.312, 140
Trd, 8639387.012, 140
Trd, 8639387.312, 140
Trd, 8639388.012, 140
Trd, 8639388.146, 140
Trd, 8639388.179, 140
Trd, 8639388.446, 140
Trd, 8639388.612, 140
Trd, 8639388.746, 140
Trd, 8639389.346, 140
Trd, 8639389.779, 96
Trd, 8639390.546, 81
Trd, 8639390.812, 135
Trd, 8639391.112, 135
Trd, 8639391.612, 139
Trd, 8639391.746, 114
Trd, 8639391.946, 137
Trd, 8639393.379, 140
Trd, 8639393.412, 125
Trd, 8639393.579, 97
Trd, 8639393.712, 91
Trd, 8639394.346, 140
Trd, 8639394.679, 140
Trd, 8639395.246, 140
Trd, 8639395.812, 140
Trd, 8639395.912, 140
Trd, 8639397.079, 140
Trd, 8639397.246, 140
Trd, 8639397.646, 140
Trd, 8639397.679, 140
Trd, 8639398.946, 140
Trd, 8639399.346, 139
Trd, 8639399.779, 140
Trd, 8639399.912, 138
Trd, 8639400.046, 140
Trd, 8639400.446, 117
Trd, 8639400.612, 136
Trd, 8639401.279, 117
Trd, 8639401.412, 136
Trd, 8639401.646, 138
Trd, 8639401.946, 116
Trd, 8639403.012, 107
Trd, 8639403.179, 90
Trd, 8639403.246, 89
Trd, 8639403.379, 74
Trd, 8639403.546, 136
Trd, 8639404.679, 133
Trd, 8639405.446, 140
Trd, 8639405.546, 139
Trd, 8639405.779, 134
Trd, 8639407.046, 139
Trd, 8639407.546, 140
Trd, 8639408.246, 140
Trd, 8639408.879, 139
Trd, 8639409.512, 139
Trd, 8639409.612, 138
Trd, 8639411.079, 140
Trd, 8639411.579, 140
Trd, 8639411.612, 140
Trd, 8639411.779, 140
Trd, 8639412.379, 140
Trd, 8639412.846, 140
Trd, 8639412.879, 140
Trd, 8639413.279, 140
Trd, 8639413.646, 140
Trd, 8639413.679, 139
Trd, 8639414.079, 116
Trd, 8639414.279, 95
Trd, 8639414.779, 140
Trd, 8639415.812, 140
Trd, 8639415.846, 140
Trd, 8639416.046, 90
Trd, 8639416.679, 131
Trd, 8639416.912, 116
Trd, 8639416.979, 130
Trd, 8639417.212, 132
Trd, 8639417.512, 95
Trd, 8639419.346, 140
Trd, 8639419.446, 140
Trd, 8639419.946, 140
Trd, 8639420.479, 140
Trd, 8639420.546, 140
Trd, 8639421.046, 139
Trd, 8639421.479, 139
Trd, 8639421.712, 139
Trd, 8639422.179, 140
Trd, 8639422.946, 140
Trd, 8639422.979, 140
Trd, 8639424.512, 140
Trd, 8639424.646, 140
Trd, 8639425.679, 140
Trd, 8639425.779, 140
Trd, 8639425.912, 140
Trd, 8639425.979, 140
Trd, 8639426.379, 140
Trd, 8639426.746, 140
Trd, 8639427.012, 139
Trd, 8639427.246, 139
Trd, 8639427.479, 107
Trd, 8639428.546, 106
Trd, 8639429.179, 139
Trd, 8639429.312, 119
Trd, 8639429.712, 140
Trd, 8639429.812, 118
Trd, 8639430.179, 139
Trd, 8639431.946, 140
Trd, 8639432.346, 140
Trd, 8639433.012, 140
Trd, 8639433.112, 140
Trd, 8639433.479, 140
Trd, 8639434.046, 140
Trd, 8639434.946, 140
Trd, 8639435.312, 140
Trd, 8639435.612, 140
Trd, 8639435.779, 137
Trd, 8639436.146, 138
Trd, 8639436.379, 139
Trd, 8639436.612, 114
Trd, 8639436.646, 110
Trd, 8639436.779, 105
Trd, 8639437.012, 140
Trd, 8639437.712, 138
Trd, 8639438.912, 140
Trd, 8639439.379, 140
Trd, 8639439.579, 139
Trd, 8639439.646, 139
Trd, 8639440.112, 138
Trd, 8639440.146, 114
Trd, 8639440.679, 139
Trd, 8639441.112, 138
Trd, 8639441.212, 139
Trd, 8639441.979, 95
Trd, 8639442.412, 93
Trd, 8639442.746, 89
Trd, 8639443.112, 103
Trd, 8639443.146, 133
Trd, 8639443.846, 132
Trd, 8639444.712, 60
Trd, 8639445.012, 81
Trd, 8639445.146, 80
Trd, 8639445.412, 133
Trd, 8639446.879, 140
Trd, 8639447.112, 140
Trd, 8639447.246, 138
Trd, 8639447.579, 138
Trd, 8639448.746, 137
Trd, 8639448.946, 106
Trd, 8639449.012, 105
Trd, 8639450.012, 139
Trd, 8639450.312, 138
Trd, 8639450.679, 122
Trd, 8639451.212, 139
Trd, 8639452.012, 140
Trd, 8639452.146, 140
Trd, 8639452.212, 140
Trd, 8639452.512, 140
Trd, 8639452.879, 140
Trd, 8639452.979, 119
Trd, 8639453.246, 140
Trd, 8639453.379, 101
Trd, 8639453.579, 110
Trd, 8639454.346, 93
Trd, 8639454.712, 140
Trd, 8639454.879, 108
Trd, 8639455.479, 61
Trd, 8639455.746, 60
Trd, 8639456.246, 60
Trd, 8639456.279, 60
Trd, 8639456.346, 117
Trd, 8639456.846, 70
Trd, 8639458.046, 60
Trd, 8639458.312, 60
Trd, 8639458.379, 69
Trd, 8639459.746, 63
Trd, 8639460.012, 63
Trd, 8639461.179, 60
Trd, 8639461.279, 61
Trd, 8639461.779, 63
Trd, 8639461.846, 64
Trd, 8639461.912, 61
Trd, 8639461.979, 65
Trd, 8639462.146, 70
Trd, 8639462.846, 70
Trd, 8639462.912, 62
Trd, 8639463.146, 139
Trd, 8639463.312, 138
Trd, 8639464.012, 61
Trd, 8639464.979, 60
Trd, 8639465.279, 60
Trd, 8639466.246, 62
Trd, 8639466.579, 60
Trd, 8639467.012, 61
Trd, 8639467.079, 62
Trd, 8639467.146, 64
Trd, 8639467.412, 65
Trd, 8639467.812, 140
Trd, 8639468.646, 139
Trd, 8639469.046, 140
Trd, 8639469.346, 140
Trd, 8639469.546, 132
Trd, 8639470.146, 140
Trd, 8639471.412, 140
Trd, 8639471.612, 140
Trd, 8639471.812, 140
Trd, 8639472.146, 139
Trd, 8639472.179, 138
Trd, 8639472.379, 138
Trd, 8639472.879, 119
Trd, 8639473.612, 113
Trd, 8639473.646, 96
Trd, 8639473.812, 122
Trd, 8639473.846, 124
Trd, 8639473.946, 89
Trd, 8639475.512, 130
Trd, 8639476.112, 64
Trd, 8639476.446, 65
Trd, 8639477.079, 62
Trd, 8639477.212, 63
Trd, 8639477.946, 61
Trd, 8639478.046, 63
Trd, 8639478.112, 60
Trd, 8639478.679, 101
Trd, 8639479.279, 140
Trd, 8639479.779, 140
Trd, 8639480.212, 140
Trd, 8639480.479, 140
Trd, 8639481.079, 140
Trd, 8639481.446, 140
Trd, 8639481.512, 140
Trd, 8639481.646, 140
Trd, 8639481.946, 140
Trd, 8639482.079, 140
Trd, 8639482.212, 139
Trd, 8639483.379, 89
Trd, 8639483.479, 135
Trd, 8639483.746, 127
Trd, 8639484.079, 77
Trd, 8639484.646, 139
Trd, 8639485.279, 137
Trd, 8639486.379, 136
Trd, 8639486.579, 139
Trd, 8639486.812, 109
Trd, 8639486.946, 140
Trd, 8639487.546, 140
Trd, 8639487.712, 111
Trd, 8639487.779, 98
Trd, 8639488.412, 77
Trd, 8639489.446, 140
Trd, 8639489.646, 140
Trd, 8639489.779, 138
Trd, 8639491.246, 140
Trd, 8639491.312, 140
Trd, 8639491.446, 117
Trd, 8639491.546, 116
Trd, 8639491.779, 114
Trd, 8639492.312, 140
Trd, 8639493.046, 140
Trd, 8639493.246, 140
Trd, 8639495.146, 140
Trd, 8639495.512, 140
Trd, 8639495.846, 140
Trd, 8639496.079, 140
Trd, 8639496.312, 140
Trd, 8639496.412, 140
Trd, 8639496.712, 138
Trd, 8639496.812, 114
Trd, 8639497.346, 78
Trd, 8639497.546, 140
Trd, 8639497.879, 138
Trd, 8639498.812, 62
Trd, 8639499.079, 63
Trd, 8639499.479, 60
Trd, 8639499.579, 61
Trd, 8639499.746, 62
Trd, 8639501.112, 140
Trd, 8639501.379, 140
Trd, 8639501.812, 140
Trd, 8639502.846, 140
Trd, 8639503.212, 140
Trd, 8639503.412, 140
Trd, 8639503.446, 140
Trd, 8639503.646, 139
Trd, 8639504.079, 140
Trd, 8639505.379, 140
Trd, 8639505.612, 140
Trd, 8639505.746, 139
Trd, 8639506.346, 128
Trd, 8639506.479, 127
Trd, 8639506.646, 112
Trd, 8639506.779, 104
Trd, 8639507.546, 140
Trd, 8639507.846, 139
Trd, 8639508.046, 139
Trd, 8639509.412, 140
Trd, 8639509.846, 140
Trd, 8639510.679, 139
Trd, 8639511.046, 138
Trd, 8639511.179, 140
Trd, 8639511.246, 137
Trd, 8639511.846, 140
Trd, 8639511.979, 140
Trd, 8639512.246, 140
Trd, 8639512.379, 125
Trd, 8639513.246, 101
Trd, 8639513.379, 62
Trd, 8639514.346, 69
Trd, 8639514.579, 63
Trd, 8639514.812, 61
Trd, 8639515.212, 129
Trd, 8639515.346, 76
Trd, 8639515.746, 130
Trd, 8639515.979, 135
Trd, 8639517.579, 60
Trd, 8639517.646, 60
Trd, 8639517.912, 61
Trd, 8639519.646, 60
Trd, 8639519.746, 60
Trd, 8639520.012, 61
Trd, 8639520.479, 63
Trd, 8639520.646, 60
Trd, 8639521.046, 64
Trd, 8639521.179, 65
Trd, 8639521.379, 69
Trd, 8639521.712, 137
Trd, 8639521.746, 63
Trd, 8639522.146, 140
Trd, 8639522.312, 140
Trd, 8639522.512, 126
Trd, 8639522.579, 125
Trd, 8639523.279, 107
Trd, 8639524.112, 103
Trd, 8639524.479, 104
Trd, 8639524.879, 85
Trd, 8639525.079, 80
Trd, 8639525.279, 79
Trd, 8639525.312, 72
Trd, 8639525.746, 118
Trd, 8639526.712, 140
Trd, 8639527.812, 140
Trd, 8639528.546, 140
Trd, 8639529.412, 140
Trd, 8639529.479, 140
Trd, 8639530.246, 140
Trd, 8639530.579, 140
Trd, 8639530.612, 140
Trd, 8639530.646, 140
Trd, 8639530.946, 139
Trd, 8639531.446, 117
Trd, 8639531.646, 108
Trd, 8639532.179, 96
Trd, 8639532.612, 140
Trd, 8639533.312, 140
Trd, 8639533.379, 140
Trd, 8639533.779, 140
Trd, 8639534.712, 140
Trd, 8639535.012, 139
Trd, 8639535.412, 137
Trd, 8639535.646, 137
Trd, 8639536.212, 137
Trd, 8639536.546, 137
Trd, 8639536.946, 139
Trd, 8639536.979, 117
Trd, 8639538.012, 140
Trd, 8639538.846, 140
Trd, 8639539.512, 140
Trd, 8639540.246, 140
Trd, 8639540.412, 140
Trd, 8639540.579, 140
Trd, 8639541.812, 140
Trd, 8639541.979, 140
Trd, 8639542.112, 140
Trd, 8639542.846, 139
Trd, 8639542.946, 134
Trd, 8639543.112, 118
Trd, 8639543.812, 140
Trd, 8639544.212, 140
Trd, 8639545.779, 140
Trd, 8639546.112, 140
Trd, 8639546.279, 140
Trd, 8639546.412, 140
Trd, 8639546.879, 140
Trd, 8639548.279, 140
Trd, 8639548.312, 140
Trd, 8639548.346, 140
Trd, 8639548.812, 140
Trd, 8639549.312, 140
Trd, 8639550.312, 140
Trd, 8639550.946, 140
Trd, 8639551.112, 140
Trd, 8639551.746, 140
Trd, 8639552.146, 140
Trd, 8639552.212, 140
Trd, 8639552.312, 139
Trd, 8639552.946, 138
Trd, 8639553.212, 137
Trd, 8639553.279, 137
Trd, 8639553.446, 120
Trd, 8639553.879, 91
Trd, 8639554.412, 60
Trd, 8639555.812, 60
Trd, 8639555.846, 60
Trd, 8639556.646, 60
Trd, 8639556.946, 60
Trd, 8639557.246, 61
Trd, 8639557.546, 60
Trd, 8639557.979, 60
Trd, 8639558.046, 61
Trd, 8639558.079, 62
Trd, 8639558.512, 63
Trd, 8639558.946, 63
Trd, 8639559.346, 63
Trd, 8639560.546, 60
Trd, 8639560.612, 74
Trd, 8639561.146, 73
Trd, 8639561.212, 61
Trd, 8639562.579, 60
Trd, 8639562.612, 62
Trd, 8639563.212, 60
Trd, 8639563.746, 62
Trd, 8639563.879, 63
Trd, 8639563.912, 62
Trd, 8639564.079, 61
Trd, 8639564.312, 64
Trd, 8639564.446, 69
Trd, 8639564.479, 115
Trd, 8639565.279, 140
Trd, 8639565.846, 139
Trd, 8639566.146, 91
Trd, 8639566.646, 81
Trd, 8639567.346, 60
Trd, 8639567.579, 60
Trd, 8639568.279, 60
Trd, 8639569.146, 60
Trd, 8639569.279, 60
Trd, 8639569.479, 61
Trd, 8639569.779, 62
Trd, 8639570.912, 60
Trd, 8639571.312, 60
Trd, 8639571.512, 62
Trd, 8639571.579, 63
Trd, 8639572.012, 62
Trd, 8639572.412, 61
Trd, 8639573.012, 109
Trd, 8639573.246, 140
Trd, 8639573.679, 140
Trd, 8639573.712, 137
Trd, 8639574.146, 139
Trd, 8639574.512, 77
Trd, 8639575.046, 83
Trd, 8639575.279, 63
Trd, 8639576.779, 61
Trd, 8639577.046, 60
Trd, 8639577.446, 139
Trd, 8639578.246, 61
Trd, 8639578.279, 60
Trd, 8639578.412, 61
Trd, 8639578.812, 60
Trd, 8639578.879, 74
Trd, 8639579.279, 82
Trd, 8639579.579, 69
Trd, 8639579.979, 60
Trd, 8639580.212, 61
Trd, 8639580.279, 61
Trd, 8639580.546, 129
Trd, 8639580.779, 61
Trd, 8639581.879, 67
Trd, 8639582.079, 78
Trd, 8639582.112, 66
Trd, 8639582.379, 131
Trd, 8639582.679, 140
Trd, 8639582.812, 115
Trd, 8639583.579, 71
Trd, 8639583.779, 61
Trd, 8639584.312, 68
Trd, 8639584.346, 72
Trd, 8639585.079, 139
Trd, 8639585.179, 137
Trd, 8639585.746, 140
Trd, 8639586.479, 136
Trd, 8639586.846, 140
Trd, 8639587.179, 140
Trd, 8639587.379, 139
Trd, 8639587.912, 139
Trd, 8639588.812, 60
Trd, 8639588.879, 60
Trd, 8639589.146, 62
Trd, 8639589.412, 61
Trd, 8639589.646, 95
Trd, 8639590.279, 85
Trd, 8639590.479, 86
Trd, 8639590.579, 135
Trd, 8639591.712, 126
Trd, 8639592.179, 69
Trd, 8639592.512, 62
Trd, 8639592.646, 64
Trd, 8639592.779, 62
Trd, 8639593.312, 62
Trd, 8639593.846, 71
Trd, 8639594.146, 140
Trd, 8639594.946, 140
Trd, 8639595.179, 140
Trd, 8639595.846, 140
Trd, 8639595.946, 140
Trd, 8639596.579, 140
Trd, 8639596.779, 111
Trd, 8639597.446, 140
Trd, 8639597.579, 74
Trd, 8639597.846, 137
Trd, 8639598.146, 119
Trd, 8639598.179, 118
Trd, 8639599.246, 135
Trd, 8639599.812, 73
Trd, 8639600.279, 60
Trd, 8639600.379, 71
Trd, 8639600.746, 73
Trd, 8639601.079, 64
Trd, 8639601.746, 66
Trd, 8639602.012, 60
Trd, 8639602.246, 68
Trd, 8639602.412, 74
Trd, 8639602.546, 80
Trd, 8639602.579, 81
Trd, 8639602.746, 72
Trd, 8639603.812, 115
Trd, 8639604.446, 140
Trd, 8639604.712, 140
Trd, 8639604.879, 114
Trd, 8639605.212, 139
Trd, 8639606.412, 63
Trd, 8639607.379, 61
Trd, 8639608.146, 60
Trd, 8639608.712, 63
Trd, 8639609.046, 61
Trd, 8639609.312, 64
Trd, 8639609.379, 68
Trd, 8639609.712, 61
Trd, 8639610.479, 78
Trd, 8639611.112, 74
Trd, 8639611.479, 60
Trd, 8639611.779, 67
Trd, 8639612.612, 60
Trd, 8639612.712, 60
Trd, 8639612.912, 62
Trd, 8639613.012, 96
Trd, 8639613.579, 64
Trd, 8639614.012, 140
Trd, 8639614.279, 140
Trd, 8639614.412, 140
Trd, 8639614.846, 140
Trd, 8639615.612, 140
Trd, 8639616.412, 140
Trd, 8639617.012, 140
Trd, 8639617.712, 140
Trd, 8639618.179, 140
Trd, 8639618.279, 140
Trd, 8639618.312, 140
Trd, 8639618.812, 140
Trd, 8639619.246, 140
Trd, 8639619.812, 140
Trd, 8639620.912, 140
Trd, 8639622.279, 140
Trd, 8639622.646, 140
Trd, 8639622.812, 140
Trd, 8639623.046, 139
Trd, 8639623.112, 139
Trd, 8639623.846, 140
Trd, 8639624.046, 140
Trd, 8639624.246, 140
Trd, 8639625.179, 140
Trd, 8639625.579, 139
Trd, 8639625.746, 138
Trd, 8639625.779, 140
Trd, 8639626.179, 111
Trd, 8639626.312, 101
Trd, 8639626.479, 100
Trd, 8639626.879, 92
Trd, 8639627.046, 139
Trd, 8639627.246, 139
Trd, 8639627.712, 83
Trd, 8639628.212, 138
Trd, 8639628.946, 85
Trd, 8639629.279, 84
Trd, 8639629.612, 97
Trd, 8639629.746, 98
Trd, 8639629.879, 71
Trd, 8639629.912, 100
Trd, 8639631.979, 60
Trd, 8639632.046, 62
Trd, 8639633.012, 60
Trd, 8639633.079, 65
Trd, 8639633.412, 63
Trd, 8639633.512, 60
Trd, 8639633.612, 64
Trd, 8639633.746, 65
Trd, 8639634.046, 60
Trd, 8639634.612, 61
Trd, 8639634.646, 67
Trd, 8639634.779, 106
Trd, 8639636.079, 60
Trd, 8639636.146, 61
Trd, 8639637.112, 60
Trd, 8639637.346, 60
Trd, 8639637.746, 63
Trd, 8639637.979, 61
Trd, 8639638.079, 63
Trd, 8639638.546, 61
Trd, 8639638.946, 63
Trd, 8639639.079, 64
Trd, 8639639.246, 64
Trd, 8639639.479, 68
Trd, 8639639.579, 74
Trd, 8639640.179, 68
Trd, 8639640.546, 140
Trd, 8639640.579, 140
Trd, 8639641.079, 140
Trd, 8639641.512, 139
Trd, 8639641.679, 140
Trd, 8639641.779, 136
Trd, 8639643.312, 62
Trd, 8639643.979, 62
Trd, 8639644.179, 61
Trd, 8639644.612, 60
Trd, 8639645.012, 60
Trd, 8639645.146, 60
Trd, 8639646.212, 60
Trd, 8639646.479, 60
Trd, 8639646.679, 68
Trd, 8639646.912, 69
Trd, 8639647.079, 69
Trd, 8639647.312, 63
Trd, 8639647.879, 63
Trd, 8639648.812, 61
Trd, 8639648.879, 64
Trd, 8639648.946, 65
Trd, 8639650.012, 61
Trd, 8639650.646, 61
Trd, 8639651.479, 60
Trd, 8639652.046, 60
Trd, 8639653.379, 60
Trd, 8639653.546, 60
Trd, 8639653.846, 60
Trd, 8639653.879, 60
Trd, 8639654.379, 62
Trd, 8639654.646, 61
Trd, 8639654.846, 63
Trd, 8639655.046, 72
Trd, 8639655.379, 71
Trd, 8639655.479, 61
Trd, 8639655.612, 74
Trd, 8639656.212, 115
Trd, 8639656.512, 60
Trd, 8639657.279, 60
Trd, 8639657.612, 60
Trd, 8639657.979, 61
Trd, 8639658.579, 137
Trd, 8639658.846, 140
Trd, 8639659.112, 140
Trd, 8639659.446, 83
Trd, 8639660.046, 103
Trd, 8639660.112, 83
Trd, 8639661.312, 139
Trd, 8639661.512, 140
Trd, 8639661.779, 139
Trd, 8639662.146, 70
Trd, 8639662.646, 67
Trd, 8639662.912, 67
Trd, 8639663.846, 62
Trd, 8639664.146, 63
Trd, 8639664.212, 64
Trd, 8639664.612, 68
Trd, 8639665.146, 140
Trd, 8639665.412, 140
Trd, 8639665.546, 140
Trd, 8639665.812, 140
Trd, 8639666.079, 139
Trd, 8639667.479, 140
Trd, 8639667.912, 140
Trd, 8639668.312, 138
Trd, 8639668.646, 140
Trd, 8639669.079, 133
Trd, 8639670.346, 139
Trd, 8639670.446, 136
Trd, 8639670.746, 116
Trd, 8639670.846, 139
Trd, 8639671.012, 91
Trd, 8639671.712, 134
Trd, 8639672.246, 139
Trd, 8639672.646, 122
Trd, 8639672.712, 105
Trd, 8639673.179, 115
Trd, 8639673.679, 129
Trd, 8639673.746, 115
Trd, 8639673.979, 106
Trd, 8639674.512, 115
Trd, 8639674.746, 94
Trd, 8639675.112, 65
Trd, 8639675.412, 126
Trd, 8639675.946, 69
Trd, 8639676.812, 60
Trd, 8639677.146, 60
Trd, 8639677.679, 63
Trd, 8639677.912, 64
Trd, 8639678.546, 60
Trd, 8639679.212, 64
Trd, 8639679.279, 65
Trd, 8639679.479, 65
Trd, 8639679.712, 65
Trd, 8639679.912, 66
Trd, 8639680.412, 140
Trd, 8639680.612, 140
Trd, 8639680.746, 64
Trd, 8639681.112, 138
Trd, 8639681.812, 69
Trd, 8639682.646, 69
Trd, 8639683.246, 60
Trd, 8639683.312, 61
Trd, 8639683.612, 60
Trd, 8639683.712, 63
Trd, 8639684.879, 60
Trd, 8639685.646, 60
Trd, 8639685.946, 61
Trd, 8639686.079, 61
Trd, 8639686.579, 62
Trd, 8639686.879, 60
Trd, 8639686.979, 67
Trd, 8639687.412, 69
Trd, 8639687.546, 70
Trd, 8639687.779, 77
Trd, 8639688.846, 67
Trd, 8639689.646, 73
Trd, 8639689.746, 80
Trd, 8639690.346, 94
Trd, 8639690.479, 81
Trd, 8639690.912, 95
Trd, 8639691.046, 97
Trd, 8639691.412, 138
Trd, 8639691.546, 137
Trd, 8639691.879, 80
Trd, 8639692.212, 138
Trd, 8639692.379, 78
Trd, 8639692.446, 138
Trd, 8639693.779, 140
Trd, 8639694.146, 140
Trd, 8639694.212, 140
Trd, 8639694.346, 138
Trd, 8639694.879, 140
Trd, 8639695.579, 123
Trd, 8639696.946, 140
Trd, 8639697.446, 140
Trd, 8639697.812, 140
Trd, 8639698.312, 140
Trd, 8639698.912, 140
Trd, 8639698.946, 121
Trd, 8639699.712, 140
Trd, 8639700.012, 140
Trd, 8639700.179, 138
Trd, 8639700.779, 117
Trd, 8639700.946, 116
Trd, 8639701.112, 113
Trd, 8639701.779, 140
Trd, 8639703.412, 140
Trd, 8639703.446, 140
Trd, 8639703.946, 140
Trd, 8639705.746, 140
Trd, 8639705.879, 140
Trd, 8639706.012, 139
Trd, 8639706.212, 139
Trd, 8639706.346, 121
Trd, 8639707.246, 140
Trd, 8639707.312, 140
Trd, 8639708.279, 140
Trd, 8639708.312, 139
Trd, 8639708.612, 131
Trd, 8639708.812, 139
Trd, 8639709.079, 139
Trd, 8639709.412, 138
Trd, 8639709.746, 108
Trd, 8639710.079, 94
Trd, 8639710.212, 135
Trd, 8639710.512, 134
Trd, 8639710.646, 86
Trd, 8639711.646, 140
Trd, 8639711.846, 128
Trd, 8639712.279, 127
Trd, 8639712.879, 137
Trd, 8639713.179, 68
Trd, 8639713.579, 88
Trd, 8639714.046, 60
Trd, 8639714.746, 61
Trd, 8639715.246, 60
Trd, 8639715.312, 61
Trd, 8639716.012, 63
Trd, 8639716.579, 60
Trd, 8639716.812, 60
Trd, 8639717.246, 60
Trd, 8639717.979, 61
Trd, 8639718.379, 61
Trd, 8639718.646, 61
Trd, 8639718.712, 62
Trd, 8639718.946, 60
Trd, 8639719.346, 61
Trd, 8639720.179, 63
Trd, 8639720.412, 62
Trd, 8639721.179, 60
Trd, 8639721.579, 61
Trd, 8639722.246, 61
Trd, 8639722.512, 62
Trd, 8639723.079, 66
Trd, 8639723.379, 70
Trd, 8639723.712, 83
Trd, 8639723.979, 139
Trd, 8639724.279, 140
Trd, 8639725.146, 140
Trd, 8639725.646, 140
Trd, 8639725.712, 139
Trd, 8639726.112, 139
Trd, 8639726.946, 139
Trd, 8639728.246, 140
Trd, 8639728.312, 121
Trd, 8639728.546, 112
Trd, 8639728.612, 111
Trd, 8639728.912, 111
Trd, 8639729.279, 64
Trd, 8639729.346, 60
Trd, 8639729.612, 65
Trd, 8639730.546, 65
Trd, 8639731.279, 60
Trd, 8639731.379, 60
Trd, 8639731.446, 60
Trd, 8639731.679, 61
Trd, 8639732.012, 67
Trd, 8639732.846, 60
Trd, 8639733.912, 60
Trd, 8639734.012, 60
Trd, 8639734.279, 60
Trd, 8639734.312, 60
Trd, 8639734.579, 61
Trd, 8639734.679, 62
Trd, 8639734.979, 64
Trd, 8639735.546, 101
Trd, 8639735.912, 102
Trd, 8639736.079, 101
Trd, 8639736.712, 107
Trd, 8639736.946, 100
Trd, 8639737.246, 90
Trd, 8639737.512, 133
Trd, 8639737.746, 131
Trd, 8639738.112, 97
Trd, 8639739.379, 65
Trd, 8639739.712, 61
Trd, 8639739.779, 61
Trd, 8639739.979, 63
Trd, 8639740.179, 60
Trd, 8639740.612, 139
Trd, 8639741.212, 139
Trd, 8639741.712, 60
Trd, 8639741.912, 60
Trd, 8639742.412, 60
Trd, 8639742.712, 61
Trd, 8639742.912, 62
Trd, 8639743.579, 64
Trd, 8639744.012, 63
Trd, 8639744.346, 64
Trd, 8639745.246, 60
Trd, 8639745.512, 71
Trd, 8639745.612, 66
Trd, 8639746.379, 61
Trd, 8639746.712, 64
Trd, 8639746.812, 65
Trd, 8639747.312, 65
Trd, 8639748.446, 140
Trd, 8639748.946, 140
Trd, 8639748.979, 139
Trd, 8639749.146, 140
Trd, 8639749.346, 140
Trd, 8639749.912, 140
Trd, 8639750.412, 139
Trd, 8639750.779, 113
Trd, 8639751.512, 114
Trd, 8639752.546, 114
Trd, 8639752.912, 130
Trd, 8639753.012, 132
Trd, 8639753.446, 133
Trd, 8639753.479, 128
Trd, 8639753.879, 107
Trd, 8639754.379, 106
Trd, 8639754.412, 102
Trd, 8639754.479, 76
Trd, 8639755.412, 140
Trd, 8639755.979, 140
Trd, 8639757.079, 140
Trd, 8639757.479, 140
Trd, 8639757.646, 140
Trd, 8639757.946, 140
Trd, 8639759.046, 140
Trd, 8639759.379, 139
Trd, 8639759.512, 138
Trd, 8639759.712, 138
Trd, 8639759.746, 140
Trd, 8639760.046, 104
Trd, 8639760.679, 139
Trd, 8639760.746, 124
Trd, 8639761.046, 78
Trd, 8639761.946, 140
Trd, 8639762.712, 140
Trd, 8639762.979, 60
Trd, 8639763.579, 138
Trd, 8639764.212, 139
Trd, 8639765.012, 139
Trd, 8639765.179, 140
Trd, 8639765.246, 139
Trd, 8639765.546, 140
Trd, 8639765.746, 140
Trd, 8639767.179, 139
Trd, 8639767.446, 139
Trd, 8639768.046, 137
Trd, 8639768.246, 112
Trd, 8639768.379, 107
Trd, 8639768.512, 140
Trd, 8639768.946, 140
Trd, 8639769.012, 140
Trd, 8639769.246, 103
Trd, 8639769.346, 140
Trd, 8639770.879, 97
Trd, 8639771.046, 96
Trd, 8639771.579, 139
Trd, 8639771.812, 138
Trd, 8639772.146, 92
Trd, 8639772.512, 91
Trd, 8639773.412, 62
Trd, 8639773.879, 140
Trd, 8639774.246, 140
Trd, 8639774.279, 140
Trd, 8639774.312, 139
Trd, 8639776.046, 140
Trd, 8639776.712, 140
Trd, 8639776.846, 140
Trd, 8639777.112, 124
Trd, 8639777.279, 125
Trd, 8639777.846, 140
Trd, 8639777.979, 139
Trd, 8639779.079, 140
Trd, 8639779.179, 140
Trd, 8639779.646, 140
Trd, 8639779.712, 139
Trd, 8639780.279, 140
Trd, 8639781.246, 140
Trd, 8639781.346, 140
Trd, 8639781.646, 117
Trd, 8639782.312, 139
Trd, 8639782.912, 140
Trd, 8639783.812, 139
Trd, 8639784.146, 140
Trd, 8639784.946, 140
Trd, 8639785.012, 140
Trd, 8639785.079, 140
Trd, 8639785.346, 140
Trd, 8639785.579, 139
Trd, 8639786.279, 140
Trd, 8639786.879, 140
Trd, 8639787.079, 140
Trd, 8639787.612, 140
Trd, 8639788.479, 140
Trd, 8639788.879, 140
Trd, 8639790.012, 140
Trd, 8639790.112, 140
Trd, 8639790.746, 139
Trd, 8639791.012, 140
Trd, 8639791.346, 140
Trd, 8639791.479, 139
Trd, 8639791.512, 138
Trd, 8639791.779, 138
Trd, 8639792.412, 125
Trd, 8639792.779, 121
Trd, 8639794.079, 60
Trd, 8639794.346, 60
Trd, 8639794.412, 62
Trd, 8639794.646, 63
Trd, 8639794.746, 62
Trd, 8639795.512, 71
Trd, 8639795.979, 75
Trd, 8639796.312, 65
Trd, 8639796.546, 76
Trd, 8639797.012, 69
Trd, 8639797.346, 70
Trd, 8639797.379, 67
Trd, 8639797.712, 73
Trd, 8639798.012, 86
Trd, 8639798.112, 86
Trd, 8639798.246, 86
Trd, 8639798.279, 87
Trd, 8639800.212, 60
Trd, 8639800.312, 61
Trd, 8639800.579, 62
Trd, 8639800.946, 64
Trd, 8639801.112, 65
Trd, 8639801.646, 71
Trd, 8639802.012, 66
Trd, 8639802.879, 65
Trd, 8639804.246, 60
Trd, 8639804.612, 60
Trd, 8639804.846, 60
Trd, 8639805.179, 60
Trd, 8639805.212, 65
Trd, 8639805.346, 62
Trd, 8639805.779, 65
Trd, 8639806.446, 64
Trd, 8639806.512, 65
Trd, 8639806.546, 66
Trd, 8639807.579, 65
Trd, 8639807.679, 65
Trd, 8639807.712, 69
Trd, 8639808.079, 135
Trd, 8639808.712, 98
Trd, 8639808.779, 97
Trd, 8639809.046, 96
Trd, 8639809.212, 74
Trd, 8639810.379, 136
Trd, 8639810.746, 90
Trd, 8639810.779, 86
Trd, 8639811.179, 128
Trd, 8639811.679, 140
Trd, 8639812.012, 67
Trd, 8639812.346, 64
Trd, 8639813.312, 140
Trd, 8639814.212, 140
Trd, 8639814.246, 140
Trd, 8639814.379, 140
Trd, 8639814.612, 139
Trd, 8639815.012, 138
Trd, 8639815.312, 138
Trd, 8639816.712, 140
Trd, 8639816.912, 140
Trd, 8639816.946, 140
Trd, 8639817.346, 139
Trd, 8639817.746, 140
Trd, 8639817.779, 137
Trd, 8639818.446, 117
Trd, 8639818.646, 118
Trd, 8639819.979, 140
Trd, 8639820.279, 139
Trd, 8639820.679, 139
Trd, 8639821.046, 128
Trd, 8639821.712, 106
Trd, 8639821.746, 104
Trd, 8639822.079, 102
Trd, 8639822.246, 138
Trd, 8639822.379, 102
Trd, 8639822.812, 139
Trd, 8639823.679, 64
Trd, 8639823.779, 64
Trd, 8639824.446, 61
Trd, 8639824.746, 60
Trd, 8639825.312, 60
Trd, 8639825.679, 60
Trd, 8639826.112, 60
Trd, 8639826.146, 62
Trd, 8639827.179, 62
Trd, 8639827.346, 61
Trd, 8639827.512, 62
Trd, 8639827.646, 69
Trd, 8639828.246, 60
Trd, 8639828.946, 76
Trd, 8639829.679, 62
Trd, 8639830.112, 81
Trd, 8639830.146, 83
Trd, 8639830.446, 62
Trd, 8639830.646, 69
Trd, 8639830.946, 70
Trd, 8639831.512, 76
Trd, 8639832.246, 138
Trd, 8639832.612, 63
Trd, 8639833.479, 69
Trd, 8639833.679, 63
Trd, 8639834.046, 106
Trd, 8639834.146, 107
Trd, 8639834.246, 70
Trd, 8639834.412, 63
Trd, 8639834.712, 108
Trd, 8639834.812, 115
Trd, 8639835.646, 66
Trd, 8639835.712, 75
Trd, 8639836.946, 60
Trd, 8639837.179, 60
Trd, 8639838.812, 60
Trd, 8639839.779, 60
Trd, 8639840.746, 60
Trd, 8639840.946, 60
Trd, 8639841.112, 60
Trd, 8639841.279, 60
Trd, 8639841.612, 60
Trd, 8639841.846, 62
Trd, 8639841.979, 60
Trd, 8639842.179, 64
Trd, 8639842.512, 64
Trd, 8639842.579, 61
Trd, 8639842.646, 81
Trd, 8639843.046, 62
Trd, 8639843.446, 63
Trd, 8639843.479, 62
Trd, 8639843.679, 60
Trd, 8639844.079, 64
Trd, 8639844.646, 93
Trd, 8639844.746, 98
Trd, 8639845.179, 61
Trd, 8639847.379, 140
Trd, 8639847.446, 140
Trd, 8639847.979, 140
Trd, 8639848.046, 139
Trd, 8639848.146, 128
Trd, 8639849.246, 140
Trd, 8639849.612, 140
Trd, 8639849.979, 140
Trd, 8639850.212, 140
Trd, 8639850.346, 140
Trd, 8639851.146, 137
Trd, 8639851.179, 124
Trd, 8639851.912, 138
Trd, 8639851.946, 105
Trd, 8639852.146, 137
Trd, 8639852.546, 69
Trd, 8639852.779, 67
Trd, 8639853.979, 92
Trd, 8639854.346, 121
Trd, 8639854.479, 93
Trd, 8639854.512, 92
Trd, 8639854.579, 85
Trd, 8639855.379, 60
Trd, 8639855.512, 60
Trd, 8639855.946, 60
Trd, 8639856.446, 140
Trd, 8639856.912, 140
Trd, 8639857.746, 140
Trd, 8639858.879, 140
Trd, 8639859.146, 140
Trd, 8639860.346, 140
Trd, 8639860.479, 140
Trd, 8639860.579, 140
Trd, 8639861.379, 140
Trd, 8639862.146, 140
Trd, 8639862.612, 140
Trd, 8639862.779, 140
Trd, 8639862.979, 140
Trd, 8639863.979, 138
Trd, 8639864.112, 139
Trd, 8639864.246, 140
Trd, 8639864.312, 138
Trd, 8639864.579, 140
Trd, 8639864.912, 96
Trd, 8639865.012, 140
Trd, 8639865.179, 139
Trd, 8639866.079, 140
Trd, 8639866.179, 140
Trd, 8639866.212, 135
Trd, 8639867.179, 140
Trd, 8639867.879, 140
Trd, 8639868.446, 140
Trd, 8639868.846, 140
Trd, 8639869.246, 139
Trd, 8639870.512, 140
Trd, 8639870.612, 140
Trd, 8639871.279, 140
Trd, 8639871.479, 140
Trd, 8639872.179, 140
Trd, 8639872.212, 140
Trd, 8639872.879, 140
Trd, 8639872.946, 140
Trd, 8639873.446, 137
Trd, 8639873.579, 140
Trd, 8639874.579, 140
Trd, 8639875.046, 140
Trd, 8639875.212, 107
Trd, 8639875.546, 139
Trd, 8639876.079, 133
Trd, 8639876.212, 132
Trd, 8639876.279, 70
Trd, 8639877.179, 64
Trd, 8639877.279, 65
Trd, 8639877.312, 67
Trd, 8639878.079, 140
Trd, 8639879.779, 60
Trd, 8639879.946, 60
Trd, 8639880.146, 61
Trd, 8639880.912, 60
Trd, 8639881.212, 60
Trd, 8639881.679, 60
Trd, 8639881.979, 61
Trd, 8639882.146, 60
Trd, 8639882.412, 63
Trd, 8639882.546, 65
Trd, 8639884.112, 74
Trd, 8639884.379, 69
Trd, 8639884.779, 140
Trd, 8639884.812, 112
Trd, 8639885.146, 140
Trd, 8639885.779, 140
Trd, 8639886.079, 140
Trd, 8639886.746, 140
Trd, 8639886.946, 138
Trd, 8639887.779, 140
Trd, 8639888.279, 139
Trd, 8639888.779, 140
Trd, 8639889.079, 140
Trd, 8639889.412, 140
Trd, 8639890.212, 139
Trd, 8639890.412, 138
Trd, 8639890.446, 131
Trd, 8639890.979, 109
Trd, 8639891.646, 112
Trd, 8639892.079, 138
Trd, 8639892.112, 112
Trd, 8639893.512, 140
Trd, 8639893.712, 140
Trd, 8639894.512, 140
Trd, 8639894.546, 140
Trd, 8639895.312, 140
Trd, 8639895.579, 139
Trd, 8639896.012, 138
Trd, 8639896.479, 139
Trd, 8639896.846, 139
Trd, 8639897.412, 139
Trd, 8639897.446, 138
Trd, 8639898.412, 140
Trd, 8639898.479, 140
Trd, 8639898.912, 138
Trd, 8639899.579, 127
Trd, 8639899.679, 113
Trd, 8639899.712, 110
Trd, 8639899.846, 138
Trd, 8639900.179, 74
Trd, 8639900.479, 63
Trd, 8639900.546, 139
Trd, 8639901.079, 140
Trd, 8639902.412, 139
Trd, 8639902.479, 89
Trd, 8639903.112, 140
Trd, 8639903.679, 140
Trd, 8639904.812, 140
Trd, 8639904.979, 140
Trd, 8639906.346, 140
Trd, 8639906.546, 140
Trd, 8639907.012, 140
Trd, 8639907.246, 140
Trd, 8639907.646, 140
Trd, 8639907.812, 140
Trd, 8639908.046, 140
Trd, 8639909.279, 140
Trd, 8639909.312, 140
Trd, 8639909.546, 140
Trd, 8639910.112, 139
Trd, 8639910.346, 138
Trd, 8639910.679, 139
Trd, 8639911.579, 139
Trd, 8639911.679, 119
Trd, 8639912.579, 140
Trd, 8639913.279, 116
Trd, 8639913.779, 115
Trd, 8639913.979, 94
Trd, 8639914.012, 115
Trd, 8639915.412, 60
Trd, 8639915.479, 60
Trd, 8639916.079, 61
Trd, 8639916.279, 64
Trd, 8639916.479, 60
Trd, 8639917.079, 70
Trd, 8639917.279, 70
Trd, 8639917.312, 69
Trd, 8639917.546, 68
Trd, 8639918.346, 60
Trd, 8639918.479, 60
Trd, 8639918.712, 61
Trd, 8639918.812, 69
Trd, 8639918.912, 71
Trd, 8639919.879, 69
Trd, 8639920.212, 140
Trd, 8639920.479, 115
Trd, 8639920.879, 60
Trd, 8639921.712, 140
Trd, 8639921.846, 134
Trd, 8639923.079, 61
Trd, 8639923.646, 61
Trd, 8639923.912, 62
Trd, 8639924.579, 62
Trd, 8639924.846, 62
Trd, 8639924.979, 60
Trd, 8639925.946, 60
Trd, 8639926.546, 63
Trd, 8639926.946, 63
Trd, 8639926.979, 62
Trd, 8639927.046, 64
Trd, 8639927.679, 134
Trd, 8639927.879, 66
Trd, 8639927.912, 136
Trd, 8639928.212, 138
Trd, 8639928.379, 63
Trd, 8639929.079, 63
Trd, 8639930.179, 140
Trd, 8639931.079, 60
Trd, 8639931.146, 60
Trd, 8639932.146, 60
Trd, 8639932.279, 60
Trd, 8639932.746, 61
Trd, 8639932.779, 61
Trd, 8639933.112, 61
Trd, 8639933.312, 60
Trd, 8639933.612, 60
Trd, 8639933.846, 60
Trd, 8639933.912, 68
Trd, 8639934.012, 76
Trd, 8639934.579, 104
Trd, 8639935.579, 120
Trd, 8639935.712, 119
Trd, 8639936.079, 125
Trd, 8639936.446, 91
Trd, 8639936.579, 140
Trd, 8639937.012, 70
Trd, 8639937.712, 60
Trd, 8639937.846, 60
Trd, 8639938.379, 62
Trd, 8639938.946, 65
Trd, 8639939.812, 62
Trd, 8639940.346, 60
Trd, 8639940.512, 60
Trd, 8639940.846, 62
Trd, 8639941.446, 71
Trd, 8639941.946, 61
Trd, 8639942.112, 77
Trd, 8639942.646, 110
Trd, 8639942.979, 62
Trd, 8639943.146, 111
Trd, 8639943.312, 65
Trd, 8639943.546, 76
Trd, 8639943.612, 112
Trd, 8639945.812, 140
Trd, 8639946.546, 60
Trd, 8639946.612, 140
Trd, 8639946.812, 65
Trd, 8639947.279, 140
Trd, 8639947.379, 139
Trd, 8639947.746, 140
Trd, 8639948.212, 137
Trd, 8639948.779, 108
Trd, 8639949.346, 96
Trd, 8639949.779, 63
Trd, 8639950.579, 61
Trd, 8639950.779, 61
Trd, 8639950.912, 62
Trd, 8639951.479, 63
Trd, 8639951.579, 62
Trd, 8639951.646, 64
Trd, 8639952.146, 62
Trd, 8639952.279, 60
Trd, 8639953.712, 60
Trd, 8639954.546, 60
Trd, 8639954.779, 60
Trd, 8639954.846, 60
Trd, 8639955.079, 60
Trd, 8639955.379, 62
Trd, 8639955.412, 64
Trd, 8639955.912, 61
Trd, 8639956.312, 63
Trd, 8639956.512, 61
Trd, 8639956.546, 67
Trd, 8639956.646, 60
Trd, 8639957.446, 64
Trd, 8639957.912, 60
Trd, 8639958.579, 67
Trd, 8639959.346, 65
Trd, 8639959.579, 61
Trd, 8639960.212, 60
Trd, 8639960.612, 60
Trd, 8639961.046, 60
Trd, 8639961.346, 60
Trd, 8639961.946, 60
Trd, 8639962.146, 60
Trd, 8639962.212, 61
Trd, 8639962.479, 63
Trd, 8639962.812, 67
Trd, 8639963.379, 62
Trd, 8639964.012, 62
Trd, 8639964.346, 63
Trd, 8639964.446, 63
Trd, 8639964.512, 64
Trd, 8639964.846, 69
Trd, 8639965.812, 64
Trd, 8639965.846, 65
Trd, 8639966.646, 66
Trd, 8639967.512, 65
Trd, 8639967.679, 65
Trd, 8639967.746, 71
Trd, 8639968.679, 62
Trd, 8639969.179, 60
Trd, 8639969.646, 61
Trd, 8639969.879, 60
Trd, 8639970.146, 69
Trd, 8639970.779, 65
Trd, 8639970.879, 71
Trd, 8639971.179, 64
Trd, 8639971.846, 74
Trd, 8639972.446, 71
Trd, 8639972.479, 75
Trd, 8639972.646, 77
Trd, 8639972.812, 70
Trd, 8639972.846, 69
Trd, 8639973.712, 140
Trd, 8639974.446, 140
Trd, 8639975.179, 138
Trd, 8639975.212, 108
Trd, 8639976.379, 140
Trd, 8639976.479, 139
Trd, 8639977.179, 140
Trd, 8639977.279, 135
Trd, 8639977.579, 137
Trd, 8639978.279, 139
Trd, 8639978.479, 138
Trd, 8639978.812, 140
Trd, 8639979.146, 139
Trd, 8639979.646, 137
Trd, 8639979.746, 118
Trd, 8639980.346, 109
Trd, 8639980.812, 108
Trd, 8639982.079, 140
Trd, 8639983.246, 140
Trd, 8639984.079, 140
Trd, 8639984.112, 140
Trd, 8639984.746, 140
Trd, 8639984.779, 139
Trd, 8639985.146, 139
Trd, 8639985.279, 140
Trd, 8639985.979, 113
Trd, 8639986.446, 112
Trd, 8639986.479, 139
Trd, 8639986.546, 95
Trd, 8639986.579, 89
Trd, 8639986.912, 140
Trd, 8639987.612, 62
Trd, 8639988.346, 140
Trd, 8639988.879, 140
Trd, 8639989.312, 140
Trd, 8639989.979, 140
Trd, 8639990.079, 139
Trd, 8639990.312, 139
Trd, 8639990.446, 140
Trd, 8639991.179, 140
Trd, 8639991.379, 140
Trd, 8639992.012, 140
Trd, 8639992.612, 140
Trd, 8639993.412, 140
Trd, 8639993.579, 140
Trd, 8639994.112, 140
Trd, 8639994.779, 140
Trd, 8639995.246, 140
Trd, 8639995.746, 140
Trd, 8639995.812, 140
Trd, 8639996.479, 140
Trd, 8639997.046, 140
Trd, 8639997.346, 140
Trd, 8639997.612, 137
Trd, 8639998.979, 140
Trd, 8639999.046, 139
Trd, 8639999.646, 140
Trd, 8639999.946, 140
