Trd, 8638753.479, 118
Trd, 8638754.012, 107
Trd, 8638754.079, 96
Trd, 8638754.712, 122
Trd, 8638754.779, 123
Trd, 8638755.979, 114
Trd, 8638756.212, 139
Trd, 8638756.679, 106
Trd, 8638757.146, 129
Trd, 8638757.312, 123
Trd, 8638757.346, 89
Trd, 8638758.312, 91
Trd, 8638759.012, 110
Trd, 8638759.579, 119
Trd, 8638759.779, 107
Trd, 8638760.112, 99
Trd, 8638761.146, 138
Trd, 8638761.179, 135
Trd, 8638761.679, 118
Trd, 8638761.746, 117
Trd, 8638762.146, 101
Trd, 8638762.246, 94
Trd, 8638762.579, 81
Trd, 8638763.812, 74
Trd, 8638763.879, 105
Trd, 8638764.646, 119
Trd, 8638764.912, 70
Trd, 8638765.046, 78
Trd, 8638766.146, 93
Trd, 8638766.446, 112
Trd, 8638766.979, 140
Trd, 8638768.112, 131
Trd, 8638768.212, 127
Trd, 8638768.246, 122
Trd, 8638768.412, 115
Trd, 8638768.512, 136
Trd, 8638769.946, 129
Trd, 8638770.412, 135
Trd, 8638770.879, 118
Trd, 8638771.212, 113
Trd, 8638771.346, 103
Trd, 8638771.812, 100
Trd, 8638772.479, 94
Trd, 8638772.579, 102
Trd, 8638772.979, 98
Trd, 8638773.546, 140
Trd, 8638774.446, 122
Trd, 8638774.746, 123
Trd, 8638774.779, 89
Trd, 8638774.879, 78
Trd, 8638774.912, 69
Trd, 8638775.279, 112
Trd, 8638776.779, 133
Trd, 8638776.846, 86
Trd, 8638777.112, 102
Trd, 8638777.712, 122
Trd, 8638777.946, 99
Trd, 8638778.012, 98
Trd, 8638778.512, 82
Trd, 8638778.612, 84
Trd, 8638778.812, 75
Trd, 8638779.412, 89
Trd, 8638779.546, 71
Trd, 8638779.646, 128
Trd, 8638779.946, 68
Trd, 8638781.246, 122
Trd, 8638781.546, 95
Trd, 8638781.612, 93
Trd, 8638782.412, 66
Trd, 8638782.879, 84
Trd, 8638783.046, 102
Trd, 8638783.146, 89
Trd, 8638784.412, 96
Trd, 8638784.512, 86
Trd, 8638784.946, 66
Trd, 8638785.412, 61
Trd, 8638787.512, 65
Trd, 8638787.646, 74
Trd, 8638787.812, 91
Trd, 8638788.779, 74
Trd, 8638789.212, 106
Trd, 8638789.912, 97
Trd, 8638790.179, 92
Trd, 8638790.912, 93
Trd, 8638791.246, 97
Trd, 8638791.812, 111
Trd, 8638792.379, 121
Trd, 8638792.979, 91
Trd, 8638793.246, 87
Trd, 8638793.479, 132
Trd, 8638794.779, 113
Trd, 8638794.846, 100
Trd, 8638794.946, 93
Trd, 8638794.979, 76
Trd, 8638796.112, 115
Trd, 8638796.846, 92
Trd, 8638797.012, 91
Trd, 8638797.512, 105
Trd, 8638797.546, 100
Trd, 8638797.712, 88
Trd, 8638797.946, 87
Trd, 8638798.679, 112
Trd, 8638798.812, 129
Trd, 8638799.579, 90
Trd, 8638799.712, 71
Trd, 8638800.546, 137
Trd, 8638800.646, 117
Trd, 8638800.679, 84
Trd, 8638801.612, 130
Trd, 8638801.712, 119
Trd, 8638801.912, 112
Trd, 8638803.046, 109
Trd, 8638803.146, 98
Trd, 8638803.879, 98
Trd, 8638804.079, 91
Trd, 8638804.312, 99
Trd, 8638804.746, 79
Trd, 8638804.846, 87
Trd, 8638804.912, 97
Trd, 8638806.479, 102
Trd, 8638806.746, 85
Trd, 8638807.679, 84
Trd, 8638808.112, 140
Trd, 8638809.212, 130
Trd, 8638809.646, 138
Trd, 8638809.679, 126
Trd, 8638809.812, 125
Trd, 8638810.812, 121
Trd, 8638810.879, 136
Trd, 8638811.179, 114
Trd, 8638811.379, 113
Trd, 8638811.646, 111
Trd, 8638812.746, 130
Trd, 8638813.246, 135
Trd, 8638813.379, 132
Trd, 8638814.146, 97
Trd, 8638814.646, 120
Trd, 8638815.912, 138
Trd, 8638815.979, 122
Trd, 8638816.012, 90
Trd, 8638816.579, 109
Trd, 8638817.179, 60
Trd, 8638817.212, 98
Trd, 8638818.379, 124
Trd, 8638819.346, 126
Trd, 8638819.512, 113
Trd, 8638819.846, 106
Trd, 8638820.379, 99
Trd, 8638820.646, 98
Trd, 8638820.979, 90
Trd, 8638821.379, 109
Trd, 8638821.946, 122
Trd, 8638822.246, 114
Trd, 8638822.479, 94
Trd, 8638822.779, 85
Trd, 8638824.212, 92
Trd, 8638825.046, 87
Trd, 8638825.879, 94
Trd, 8638826.012, 133
Trd, 8638826.246, 87
Trd, 8638826.512, 80
Trd, 8638826.612, 88
Trd, 8638826.746, 122
Trd, 8638828.379, 99
Trd, 8638828.846, 100
Trd, 8638828.946, 79
Trd, 8638829.646, 97
Trd, 8638830.046, 116
Trd, 8638830.079, 84
Trd, 8638831.379, 131
Trd, 8638831.446, 108
Trd, 8638831.712, 135
Trd, 8638832.679, 135
Trd, 8638832.746, 132
Trd, 8638832.812, 123
Trd, 8638833.046, 139
Trd, 8638833.812, 114
Trd, 8638834.379, 92
Trd, 8638834.579, 93
Trd, 8638835.112, 81
Trd, 8638835.346, 98
Trd, 8638836.479, 100
Trd, 8638836.912, 129
Trd, 8638836.946, 132
Trd, 8638837.146, 88
Trd, 8638837.179, 86
Trd, 8638837.812, 69
Trd, 8638838.246, 113
Trd, 8638838.379, 77
Trd, 8638839.179, 95
Trd, 8638840.246, 108
Trd, 8638840.646, 100
Trd, 8638841.012, 115
Trd, 8638841.579, 127
Trd, 8638842.612, 92
Trd, 8638843.079, 128
Trd, 8638843.546, 106
Trd, 8638844.079, 117
Trd, 8638844.412, 119
Trd, 8638844.546, 106
Trd, 8638845.979, 127
Trd, 8638846.346, 103
Trd, 8638846.679, 103
Trd, 8638846.779, 100
Trd, 8638847.412, 126
Trd, 8638848.146, 95
Trd, 8638848.179, 115
Trd, 8638848.879, 120
Trd, 8638849.312, 116
Trd, 8638850.046, 115
Trd, 8638850.146, 105
Trd, 8638850.379, 139
Trd, 8638850.479, 119
Trd, 8638851.612, 94
Trd, 8638852.046, 116
Trd, 8638852.246, 120
Trd, 8638852.746, 125
Trd, 8638852.846, 107
Trd, 8638853.146, 103
Trd, 8638853.379, 94
Trd, 8638855.079, 98
Trd, 8638855.746, 103
Trd, 8638855.912, 117
Trd, 8638856.112, 79
Trd, 8638856.679, 99
Trd, 8638857.246, 63
Trd, 8638857.612, 66
Trd, 8638858.779, 87
Trd, 8638858.812, 91
Trd, 8638859.312, 108
Trd, 8638859.612, 73
Trd, 8638860.112, 112
Trd, 8638860.246, 117
Trd, 8638860.312, 82
Trd, 8638861.512, 111
Trd, 8638861.746, 98
Trd, 8638862.046, 75
Trd, 8638862.646, 89
Trd, 8638863.512, 78
Trd, 8638863.546, 92
Trd, 8638863.679, 109
Trd, 8638864.512, 78
Trd, 8638865.146, 103
Trd, 8638865.312, 119
Trd, 8638866.646, 79
Trd, 8638867.146, 111
Trd, 8638867.712, 81
Trd, 8638868.346, 83
Trd, 8638868.679, 91
Trd, 8638868.979, 138
Trd, 8638869.412, 105
Trd, 8638869.746, 98
Trd, 8638869.846, 97
Trd, 8638870.012, 111
Trd, 8638871.112, 127
Trd, 8638871.646, 129
Trd, 8638871.879, 110
Trd, 8638872.179, 78
Trd, 8638873.046, 97
Trd, 8638873.079, 105
Trd, 8638873.379, 95
Trd, 8638874.679, 88
Trd, 8638874.846, 110
Trd, 8638875.212, 101
Trd, 8638875.546, 83
Trd, 8638876.079, 81
Trd, 8638876.446, 138
Trd, 8638876.646, 115
Trd, 8638877.279, 109
Trd, 8638878.579, 116
Trd, 8638878.779, 129
Trd, 8638879.079, 114
Trd, 8638879.312, 105
Trd, 8638879.379, 88
Trd, 8638879.712, 84
Trd, 8638879.779, 94
Trd, 8638879.812, 92
Trd, 8638880.679, 75
Trd, 8638882.712, 129
Trd, 8638882.779, 123
Trd, 8638883.046, 121
Trd, 8638883.612, 122
Trd, 8638884.079, 123
Trd, 8638884.246, 124
Trd, 8638884.679, 117
Trd, 8638884.812, 115
Trd, 8638884.946, 107
Trd, 8638885.679, 137
Trd, 8638885.846, 77
Trd, 8638885.946, 73
Trd, 8638886.212, 86
Trd, 8638887.946, 94
Trd, 8638888.346, 116
Trd, 8638888.646, 115
Trd, 8638888.846, 117
Trd, 8638888.946, 98
Trd, 8638889.546, 83
Trd, 8638890.379, 136
Trd, 8638890.412, 101
Trd, 8638891.046, 120
Trd, 8638891.812, 126
Trd, 8638892.046, 90
Trd, 8638892.546, 111
Trd, 8638892.579, 93
Trd, 8638893.112, 120
Trd, 8638893.279, 137
Trd, 8638893.546, 109
Trd, 8638893.812, 125
Trd, 8638894.246, 104
Trd, 8638894.546, 94
Trd, 8638894.779, 97
Trd, 8638895.579, 92
Trd, 8638895.912, 108
Trd, 8638895.946, 71
Trd, 8638896.279, 60
Trd, 8638896.446, 126
Trd, 8638897.012, 62
Trd, 8638897.246, 78
Trd, 8638898.212, 92
Trd, 8638898.579, 84
Trd, 8638899.446, 92
Trd, 8638900.779, 90
Trd, 8638902.312, 125
Trd, 8638902.679, 123
Trd, 8638902.846, 96
Trd, 8638903.146, 104
Trd, 8638903.512, 121
Trd, 8638904.012, 109
Trd, 8638904.112, 104
Trd, 8638904.179, 78
Trd, 8638904.846, 107
Trd, 8638905.179, 88
Trd, 8638905.279, 126
Trd, 8638906.012, 139
Trd, 8638906.112, 135
Trd, 8638906.312, 117
Trd, 8638907.646, 136
Trd, 8638908.612, 111
Trd, 8638908.946, 121
Trd, 8638909.012, 129
Trd, 8638909.346, 124
Trd, 8638910.346, 101
Trd, 8638911.146, 104
Trd, 8638911.579, 100
Trd, 8638911.846, 111
Trd, 8638911.946, 85
Trd, 8638912.446, 85
Trd, 8638912.812, 127
Trd, 8638913.146, 118
Trd, 8638913.312, 99
Trd, 8638913.446, 140
Trd, 8638913.746, 100
Trd, 8638915.379, 116
Trd, 8638915.646, 115
Trd, 8638917.246, 107
Trd, 8638917.546, 106
Trd, 8638918.312, 110
Trd, 8638918.412, 97
Trd, 8638918.512, 93
Trd, 8638919.112, 125
Trd, 8638919.479, 117
Trd, 8638920.946, 139
Trd, 8638921.312, 128
Trd, 8638922.012, 111
Trd, 8638922.079, 108
Trd, 8638922.512, 107
Trd, 8638922.912, 131
Trd, 8638922.946, 119
Trd, 8638923.479, 104
Trd, 8638923.846, 113
Trd, 8638924.346, 131
Trd, 8638924.679, 95
Trd, 8638924.879, 91
Trd, 8638925.512, 113
Trd, 8638925.646, 84
Trd, 8638926.012, 63
Trd, 8638926.279, 128
Trd, 8638926.346, 124
Trd, 8638927.212, 94
Trd, 8638927.446, 92
Trd, 8638928.312, 123
Trd, 8638928.612, 135
Trd, 8638928.679, 87
Trd, 8638929.946, 83
Trd, 8638930.179, 106
Trd, 8638930.746, 75
Trd, 8638930.979, 74
Trd, 8638931.046, 71
Trd, 8638931.946, 67
Trd, 8638931.979, 87
Trd, 8638933.679, 99
Trd, 8638933.746, 84
Trd, 8638933.846, 95
Trd, 8638934.112, 117
Trd, 8638935.379, 105
Trd, 8638936.246, 105
Trd, 8638936.746, 120
Trd, 8638938.412, 117
Trd, 8638938.912, 124
Trd, 8638938.979, 115
Trd, 8638939.346, 121
Trd, 8638939.579, 114
Trd, 8638939.612, 106
Trd, 8638939.712, 103
Trd, 8638940.046, 104
Trd, 8638940.179, 96
Trd, 8638940.446, 85
Trd, 8638940.846, 105
Trd, 8638942.346, 103
Trd, 8638942.379, 102
Trd, 8638943.046, 130
Trd, 8638943.412, 130
Trd, 8638943.679, 121
Trd, 8638943.979, 83
Trd, 8638944.546, 86
Trd, 8638944.679, 86
Trd, 8638944.912, 85
Trd, 8638945.012, 79
Trd, 8638945.846, 120
Trd, 8638946.212, 109
Trd, 8638946.512, 114
Trd, 8638947.712, 120
Trd, 8638948.012, 112
Trd, 8638948.146, 111
Trd, 8638948.212, 110
Trd, 8638949.079, 131
Trd, 8638949.679, 117
Trd, 8638950.012, 140
Trd, 8638950.579, 139
Trd, 8638951.746, 133
Trd, 8638952.412, 115
Trd, 8638952.679, 124
Trd, 8638953.079, 120
Trd, 8638953.179, 136
Trd, 8638953.346, 125
Trd, 8638953.746, 140
Trd, 8638956.646, 136
Trd, 8638956.712, 126
Trd, 8638957.246, 123
Trd, 8638957.679, 134
Trd, 8638958.546, 128
Trd, 8638959.012, 128
Trd, 8638959.146, 126
Trd, 8638959.279, 126
Trd, 8638959.412, 136
Trd, 8638960.146, 115
Trd, 8638961.012, 115
Trd, 8638961.446, 115
Trd, 8638961.979, 135
Trd, 8638962.246, 129
Trd, 8638962.579, 109
Trd, 8638962.712, 130
Trd, 8638962.779, 108
Trd, 8638963.146, 99
Trd, 8638964.412, 74
Trd, 8638964.812, 117
Trd, 8638964.946, 94
Trd, 8638965.179, 138
Trd, 8638965.246, 129
Trd, 8638965.712, 109
Trd, 8638966.879, 113
Trd, 8638967.346, 107
Trd, 8638967.479, 87
Trd, 8638967.746, 105
Trd, 8638968.712, 88
Trd, 8638969.212, 122
Trd, 8638969.846, 104
Trd, 8638970.146, 126
Trd, 8638970.746, 138
Trd, 8638971.412, 130
Trd, 8638971.479, 115
Trd, 8638971.546, 135
Trd, 8638971.846, 110
Trd, 8638972.146, 89
Trd, 8638972.546, 84
Trd, 8638973.046, 76
Trd, 8638973.312, 65
Trd, 8638973.612, 96
Trd, 8638974.212, 117
Trd, 8638975.312, 129
Trd, 8638975.379, 82
Trd, 8638975.779, 122
Trd, 8638976.379, 113
Trd, 8638977.146, 100
Trd, 8638977.412, 109
Trd, 8638978.712, 86
Trd, 8638979.512, 116
Trd, 8638979.746, 130
Trd, 8638980.212, 114
Trd, 8638980.446, 113
Trd, 8638980.946, 78
Trd, 8638981.012, 76
Trd, 8638981.912, 61
Trd, 8638982.146, 71
Trd, 8638983.712, 78
Trd, 8638983.746, 108
Trd, 8638984.279, 100
Trd, 8638984.579, 120
Trd, 8638984.912, 93
Trd, 8638985.112, 88
Trd, 8638985.146, 88
Trd, 8638986.112, 119
Trd, 8638986.646, 111
Trd, 8638987.079, 122
Trd, 8638987.746, 110
Trd, 8638987.879, 97
Trd, 8638988.279, 130
Trd, 8638988.812, 117
Trd, 8638988.879, 104
Trd, 8638989.146, 93
Trd, 8638989.712, 127
Trd, 8638990.212, 109
Trd, 8638990.346, 104
Trd, 8638990.912, 124
Trd, 8638991.812, 126
Trd, 8638992.212, 117
Trd, 8638992.312, 112
Trd, 8638993.079, 105
Trd, 8638993.446, 102
Trd, 8638994.012, 98
Trd, 8638994.346, 88
Trd, 8638994.812, 112
Trd, 8638996.346, 131
Trd, 8638996.812, 97
Trd, 8638997.079, 89
Trd, 8638997.246, 87
Trd, 8638997.279, 86
Trd, 8638998.079, 78
Trd, 8638998.312, 80
Trd, 8638998.712, 74
Trd, 8638998.746, 75
Trd, 8639000.312, 118
Trd, 8639001.012, 124
Trd, 8639001.312, 115
Trd, 8639001.379, 112
Trd, 8639001.512, 106
Trd, 8639002.146, 98
Trd, 8639004.012, 135
Trd, 8639005.179, 117
Trd, 8639005.246, 130
Trd, 8639005.446, 114
Trd, 8639005.712, 137
Trd, 8639005.812, 102
Trd, 8639006.612, 113
Trd, 8639006.812, 119
Trd, 8639007.279, 108
Trd, 8639007.346, 132
Trd, 8639009.146, 135
Trd, 8639009.246, 127
Trd, 8639009.446, 125
Trd, 8639009.946, 108
Trd, 8639010.046, 107
Trd, 8639010.112, 103
Trd, 8639010.612, 99
Trd, 8639010.646, 71
Trd, 8639011.679, 63
Trd, 8639011.712, 69
Trd, 8639011.746, 110
Trd, 8639012.512, 112
Trd, 8639013.712, 98
Trd, 8639014.612, 121
Trd, 8639014.779, 93
Trd, 8639015.879, 133
Trd, 8639015.912, 130
Trd, 8639016.046, 126
Trd, 8639016.479, 136
Trd, 8639016.946, 131
Trd, 8639017.146, 121
Trd, 8639017.812, 117
Trd, 8639018.012, 110
Trd, 8639018.179, 100
Trd, 8639018.246, 124
Trd, 8639019.046, 67
Trd, 8639020.212, 97
Trd, 8639020.979, 76
Trd, 8639021.146, 84
Trd, 8639021.212, 80
Trd, 8639021.446, 92
Trd, 8639021.712, 121
Trd, 8639022.612, 117
Trd, 8639023.046, 121
Trd, 8639023.212, 101
Trd, 8639023.312, 100
Trd, 8639023.812, 117
Trd, 8639024.412, 120
Trd, 8639024.712, 117
Trd, 8639025.446, 95
Trd, 8639025.579, 94
Trd, 8639025.979, 132
Trd, 8639026.546, 99
Trd, 8639026.979, 104
Trd, 8639027.512, 124
Trd, 8639027.579, 99
Trd, 8639027.712, 70
Trd, 8639027.812, 78
Trd, 8639028.479, 70
Trd, 8639029.012, 75
Trd, 8639029.479, 87
Trd, 8639029.712, 100
Trd, 8639031.112, 111
Trd, 8639031.346, 100
Trd, 8639031.546, 107
Trd, 8639032.046, 102
Trd, 8639032.112, 134
Trd, 8639033.546, 129
Trd, 8639033.712, 111
Trd, 8639034.246, 120
Trd, 8639034.712, 119
Trd, 8639035.046, 113
Trd, 8639035.546, 104
Trd, 8639036.112, 97
Trd, 8639036.746, 104
Trd, 8639036.912, 138
Trd, 8639037.046, 103
Trd, 8639037.246, 94
Trd, 8639037.646, 94
Trd, 8639039.012, 136
Trd, 8639039.279, 122
Trd, 8639039.779, 111
Trd, 8639040.379, 105
Trd, 8639041.246, 127
Trd, 8639041.546, 128
Trd, 8639041.879, 116
Trd, 8639043.212, 102
Trd, 8639043.312, 125
Trd, 8639043.346, 99
Trd, 8639044.279, 119
Trd, 8639044.512, 90
Trd, 8639044.646, 101
Trd, 8639045.146, 85
Trd, 8639045.212, 77
Trd, 8639046.712, 123
Trd, 8639047.012, 109
Trd, 8639047.212, 84
Trd, 8639047.379, 82
Trd, 8639047.579, 132
Trd, 8639048.179, 124
Trd, 8639048.546, 101
Trd, 8639049.746, 139
Trd, 8639049.812, 97
Trd, 8639049.979, 110
Trd, 8639050.712, 90
Trd, 8639051.312, 80
Trd, 8639051.546, 81
Trd, 8639052.079, 109
Trd, 8639053.079, 136
Trd, 8639053.712, 101
Trd, 8639054.779, 73
Trd, 8639055.412, 110
Trd, 8639055.679, 79
Trd, 8639056.012, 76
Trd, 8639056.179, 69
Trd, 8639056.946, 120
Trd, 8639057.546, 124
Trd, 8639057.612, 109
Trd, 8639058.179, 108
Trd, 8639058.879, 108
Trd, 8639059.012, 93
Trd, 8639059.212, 81
Trd, 8639059.912, 127
Trd, 8639060.246, 120
Trd, 8639060.846, 114
Trd, 8639061.046, 121
Trd, 8639061.379, 104
Trd, 8639062.112, 82
Trd, 8639062.346, 81
Trd, 8639062.846, 81
Trd, 8639063.512, 91
Trd, 8639063.812, 82
Trd, 8639064.446, 106
Trd, 8639065.446, 113
Trd, 8639065.479, 107
Trd, 8639065.646, 124
Trd, 8639065.979, 102
Trd, 8639066.846, 125
Trd, 8639066.879, 122
Trd, 8639067.646, 125
Trd, 8639067.946, 113
Trd, 8639068.379, 130
Trd, 8639068.612, 102
Trd, 8639069.146, 101
Trd, 8639069.212, 98
Trd, 8639069.246, 97
Trd, 8639069.779, 111
Trd, 8639069.846, 112
Trd, 8639070.312, 89
Trd, 8639071.912, 106
Trd, 8639072.179, 100
Trd, 8639072.279, 95
Trd, 8639072.712, 94
Trd, 8639073.712, 131
Trd, 8639074.012, 111
Trd, 8639074.512, 100
Trd, 8639075.079, 136
Trd, 8639075.179, 129
Trd, 8639075.446, 116
Trd, 8639076.046, 105
Trd, 8639077.112, 107
Trd, 8639077.479, 105
Trd, 8639078.312, 98
Trd, 8639078.679, 100
Trd, 8639079.512, 116
Trd, 8639079.612, 97
Trd, 8639079.679, 124
Trd, 8639080.512, 105
Trd, 8639081.679, 130
Trd, 8639081.846, 138
Trd, 8639081.879, 116
Trd, 8639083.412, 136
Trd, 8639083.879, 125
Trd, 8639084.212, 117
Trd, 8639084.312, 108
Trd, 8639084.646, 103
Trd, 8639085.612, 130
Trd, 8639086.412, 123
Trd, 8639088.112, 139
Trd, 8639088.312, 133
Trd, 8639089.012, 113
Trd, 8639089.146, 105
Trd, 8639089.212, 97
Trd, 8639089.412, 94
Trd, 8639089.646, 130
Trd, 8639089.746, 90
Trd, 8639091.346, 129
Trd, 8639091.946, 90
Trd, 8639092.079, 122
Trd, 8639092.346, 80
Trd, 8639092.679, 78
Trd, 8639093.546, 74
Trd, 8639093.746, 79
Trd, 8639093.912, 66
Trd, 8639094.246, 139
Trd, 8639094.479, 136
Trd, 8639094.946, 77
Trd, 8639095.146, 125
Trd, 8639095.746, 120
Trd, 8639095.812, 77
Trd, 8639097.079, 115
Trd, 8639097.246, 108
Trd, 8639098.112, 139
Trd, 8639098.512, 113
Trd, 8639098.546, 101
Trd, 8639098.712, 90
Trd, 8639099.612, 101
Trd, 8639100.046, 72
Trd, 8639100.979, 124
Trd, 8639101.412, 81
Trd, 8639101.979, 92
Trd, 8639102.179, 96
Trd, 8639102.479, 96
Trd, 8639102.979, 92
Trd, 8639103.412, 130
Trd, 8639103.846, 113
Trd, 8639104.012, 89
Trd, 8639104.346, 91
Trd, 8639106.246, 137
Trd, 8639106.679, 138
Trd, 8639107.046, 139
Trd, 8639107.079, 122
Trd, 8639107.512, 112
Trd, 8639108.079, 112
Trd, 8639108.546, 111
Trd, 8639108.779, 106
Trd, 8639109.179, 111
Trd, 8639109.446, 123
Trd, 8639109.946, 107
Trd, 8639110.479, 132
Trd, 8639110.912, 101
Trd, 8639111.312, 96
Trd, 8639111.479, 87
Trd, 8639111.546, 82
Trd, 8639111.812, 105
Trd, 8639112.246, 72
Trd, 8639112.312, 76
Trd, 8639112.712, 127
Trd, 8639112.946, 120
Trd, 8639113.246, 79
Trd, 8639113.812, 96
Trd, 8639115.679, 113
Trd, 8639115.712, 108
Trd, 8639115.746, 106
Trd, 8639116.812, 120
Trd, 8639117.879, 105
Trd, 8639118.446, 131
Trd, 8639119.146, 113
Trd, 8639119.179, 123
Trd, 8639119.346, 124
Trd, 8639119.412, 99
Trd, 8639119.512, 92
Trd, 8639120.812, 108
Trd, 8639120.946, 71
Trd, 8639121.112, 118
Trd, 8639121.312, 97
Trd, 8639121.979, 124
Trd, 8639123.112, 90
Trd, 8639123.412, 102
Trd, 8639123.879, 90
Trd, 8639124.446, 79
Trd, 8639124.679, 106
Trd, 8639125.112, 98
Trd, 8639125.479, 106
Trd, 8639126.012, 111
Trd, 8639126.812, 137
Trd, 8639127.312, 122
Trd, 8639127.346, 115
Trd, 8639127.612, 120
Trd, 8639127.879, 91
Trd, 8639128.746, 101
Trd, 8639129.312, 122
Trd, 8639130.412, 129
Trd, 8639131.046, 126
Trd, 8639131.546, 115
Trd, 8639132.146, 113
Trd, 8639132.279, 101
Trd, 8639132.646, 111
Trd, 8639132.812, 112
Trd, 8639133.412, 117
Trd, 8639133.612, 92
Trd, 8639133.879, 127
Trd, 8639134.279, 106
Trd, 8639134.979, 103
Trd, 8639136.012, 103
Trd, 8639136.646, 123
Trd, 8639136.846, 100
Trd, 8639137.246, 130
Trd, 8639137.679, 103
Trd, 8639138.779, 99
Trd, 8639139.112, 104
Trd, 8639139.846, 113
Trd, 8639140.012, 107
Trd, 8639141.446, 116
Trd, 8639142.046, 132
Trd, 8639142.079, 130
Trd, 8639142.779, 135
Trd, 8639142.879, 126
Trd, 8639143.479, 108
Trd, 8639143.612, 106
Trd, 8639143.879, 96
Trd, 8639144.812, 93
Trd, 8639144.879, 102
Trd, 8639145.746, 125
Trd, 8639146.879, 104
Trd, 8639147.212, 108
Trd, 8639147.346, 119
Trd, 8639148.112, 115
Trd, 8639148.179, 107
Trd, 8639148.979, 89
Trd, 8639149.679, 110
Trd, 8639150.246, 66
Trd, 8639150.379, 122
Trd, 8639150.879, 123
Trd, 8639150.979, 103
Trd, 8639151.812, 119
Trd, 8639152.679, 90
Trd, 8639152.746, 132
Trd, 8639152.846, 106
Trd, 8639152.946, 79
Trd, 8639153.212, 85
Trd, 8639153.512, 85
Trd, 8639153.712, 72
Trd, 8639153.779, 103
Trd, 8639154.746, 109
Trd, 8639155.212, 123
Trd, 8639155.679, 136
Trd, 8639156.112, 117
Trd, 8639156.512, 108
Trd, 8639157.146, 101
Trd, 8639157.379, 98
Trd, 8639158.479, 85
Trd, 8639158.579, 103
Trd, 8639158.746, 104
Trd, 8639159.379, 124
Trd, 8639159.446, 123
Trd, 8639159.612, 105
Trd, 8639160.012, 89
Trd, 8639160.146, 126
Trd, 8639160.279, 108
Trd, 8639161.046, 98
Trd, 8639161.479, 123
Trd, 8639162.046, 117
Trd, 8639162.079, 114
Trd, 8639162.779, 134
Trd, 8639163.646, 130
Trd, 8639163.812, 128
Trd, 8639163.946, 117
Trd, 8639164.379, 93
Trd, 8639165.479, 84
Trd, 8639165.546, 92
Trd, 8639165.779, 118
Trd, 8639166.512, 113
Trd, 8639166.879, 109
Trd, 8639167.779, 114
Trd, 8639167.979, 133
Trd, 8639168.246, 117
Trd, 8639168.946, 131
Trd, 8639170.312, 117
Trd, 8639171.279, 97
Trd, 8639171.312, 89
Trd, 8639172.046, 110
Trd, 8639172.212, 109
Trd, 8639172.479, 108
Trd, 8639172.579, 112
Trd, 8639173.212, 99
Trd, 8639173.679, 81
Trd, 8639174.012, 96
Trd, 8639174.946, 131
Trd, 8639175.512, 101
Trd, 8639175.879, 81
Trd, 8639175.979, 76
Trd, 8639176.512, 82
Trd, 8639176.712, 99
Trd, 8639176.846, 74
Trd, 8639177.012, 111
Trd, 8639177.179, 111
Trd, 8639178.279, 124
Trd, 8639178.346, 120
Trd, 8639179.046, 93
Trd, 8639179.446, 95
Trd, 8639180.112, 100
Trd, 8639181.746, 100
Trd, 8639183.446, 125
Trd, 8639183.846, 114
Trd, 8639184.212, 112
Trd, 8639184.379, 111
Trd, 8639185.279, 116
Trd, 8639185.879, 119
Trd, 8639186.612, 135
Trd, 8639187.046, 113
Trd, 8639187.712, 91
Trd, 8639187.879, 90
Trd, 8639188.079, 121
Trd, 8639188.712, 125
Trd, 8639188.812, 121
Trd, 8639189.079, 106
Trd, 8639189.112, 116
Trd, 8639189.779, 106
Trd, 8639190.379, 125
Trd, 8639190.512, 99
Trd, 8639191.479, 120
Trd, 8639192.379, 89
Trd, 8639193.246, 128
Trd, 8639194.279, 127
Trd, 8639194.746, 129
Trd, 8639194.812, 125
Trd, 8639195.546, 116
Trd, 8639195.712, 109
Trd, 8639196.346, 117
Trd, 8639196.912, 120
Trd, 8639198.812, 138
Trd, 8639199.046, 135
Trd, 8639199.212, 114
Trd, 8639199.679, 113
Trd, 8639200.146, 110
Trd, 8639200.746, 126
Trd, 8639200.879, 94
Trd, 8639201.046, 74
Trd, 8639201.212, 70
Trd, 8639201.412, 84
Trd, 8639202.212, 109
Trd, 8639202.546, 75
Trd, 8639202.912, 98
Trd, 8639204.312, 98
Trd, 8639204.512, 113
Trd, 8639204.679, 112
Trd, 8639205.579, 100
Trd, 8639205.646, 98
Trd, 8639205.912, 90
Trd, 8639207.679, 123
Trd, 8639208.112, 92
Trd, 8639208.312, 122
Trd, 8639208.879, 88
Trd, 8639208.979, 94
Trd, 8639209.912, 101
Trd, 8639210.112, 75
Trd, 8639210.379, 96
Trd, 8639210.479, 111
Trd, 8639211.012, 92
Trd, 8639211.146, 73
Trd, 8639211.512, 90
Trd, 8639211.912, 86
Trd, 8639211.946, 77
Trd, 8639212.146, 138
Trd, 8639213.512, 117
Trd, 8639213.646, 110
Trd, 8639214.446, 102
Trd, 8639214.779, 101
Trd, 8639215.179, 118
Trd, 8639215.212, 97
Trd, 8639215.512, 129
Trd, 8639215.646, 123
Trd, 8639215.879, 69
Trd, 8639217.779, 137
Trd, 8639217.812, 123
Trd, 8639218.546, 137
Trd, 8639218.612, 133
Trd, 8639219.012, 130
Trd, 8639219.312, 119
Trd, 8639220.812, 121
Trd, 8639220.912, 112
Trd, 8639222.312, 99
Trd, 8639222.812, 132
Trd, 8639223.246, 110
Trd, 8639223.946, 133
Trd, 8639223.979, 125
Trd, 8639224.279, 124
Trd, 8639224.579, 127
Trd, 8639225.312, 118
Trd, 8639225.879, 112
Trd, 8639225.946, 104
Trd, 8639226.312, 96
Trd, 8639226.712, 94
Trd, 8639227.412, 118
Trd, 8639227.546, 106
Trd, 8639227.679, 139
Trd, 8639228.379, 83
Trd, 8639228.646, 94
Trd, 8639228.946, 77
Trd, 8639229.279, 101
Trd, 8639229.779, 133
Trd, 8639230.912, 107
Trd, 8639231.812, 98
Trd, 8639232.712, 111
Trd, 8639232.746, 114
Trd, 8639233.046, 90
Trd, 8639233.946, 86
Trd, 8639234.246, 92
Trd, 8639235.812, 115
Trd, 8639236.312, 116
Trd, 8639236.446, 117
Trd, 8639237.146, 109
Trd, 8639237.179, 108
Trd, 8639237.412, 125
Trd, 8639237.512, 98
Trd, 8639237.679, 91
Trd, 8639239.046, 102
Trd, 8639239.579, 98
Trd, 8639239.812, 109
Trd, 8639240.412, 102
Trd, 8639240.579, 103
Trd, 8639240.946, 100
Trd, 8639241.579, 107
Trd, 8639242.246, 135
Trd, 8639242.379, 103
Trd, 8639242.612, 86
Trd, 8639243.212, 127
Trd, 8639243.379, 125
Trd, 8639244.746, 140
Trd, 8639244.812, 129
Trd, 8639245.712, 119
Trd, 8639245.746, 116
Trd, 8639246.879, 135
Trd, 8639247.246, 119
Trd, 8639247.912, 109
Trd, 8639248.646, 112
Trd, 8639249.546, 112
Trd, 8639249.712, 105
Trd, 8639250.112, 131
Trd, 8639250.312, 128
Trd, 8639250.446, 104
Trd, 8639250.746, 102
Trd, 8639250.779, 102
Trd, 8639251.679, 129
Trd, 8639251.879, 121
Trd, 8639251.912, 110
Trd, 8639252.846, 122
Trd, 8639254.012, 95
Trd, 8639254.046, 96
Trd, 8639254.712, 90
Trd, 8639254.779, 107
Trd, 8639255.046, 107
Trd, 8639255.446, 124
Trd, 8639255.479, 72
Trd, 8639256.279, 127
Trd, 8639258.046, 131
Trd, 8639258.079, 112
Trd, 8639259.046, 102
Trd, 8639259.612, 135
Trd, 8639259.846, 126
Trd, 8639260.012, 111
Trd, 8639260.479, 111
Trd, 8639261.079, 110
Trd, 8639261.812, 134
Trd, 8639262.446, 117
Trd, 8639262.846, 112
Trd, 8639262.912, 112
Trd, 8639263.379, 123
Trd, 8639264.346, 121
Trd, 8639265.112, 132
Trd, 8639265.546, 120
Trd, 8639265.579, 116
Trd, 8639266.179, 121
Trd, 8639267.079, 128
Trd, 8639267.212, 117
Trd, 8639267.512, 127
Trd, 8639268.112, 116
Trd, 8639268.146, 75
Trd, 8639269.712, 103
Trd, 8639269.879, 97
Trd, 8639270.179, 124
Trd, 8639270.879, 112
Trd, 8639271.879, 129
Trd, 8639272.646, 127
Trd, 8639272.679, 118
Trd, 8639273.279, 117
Trd, 8639273.846, 116
Trd, 8639274.312, 132
Trd, 8639274.546, 114
Trd, 8639274.879, 77
Trd, 8639275.279, 74
Trd, 8639276.112, 98
Trd, 8639276.912, 127
Trd, 8639277.046, 121
Trd, 8639277.179, 115
Trd, 8639277.279, 115
Trd, 8639277.912, 98
Trd, 8639278.246, 71
Trd, 8639278.546, 79
Trd, 8639278.812, 64
Trd, 8639279.312, 63
Trd, 8639279.646, 65
Trd, 8639280.679, 116
Trd, 8639280.712, 99
Trd, 8639282.112, 112
Trd, 8639282.179, 103
Trd, 8639283.112, 137
Trd, 8639283.512, 130
Trd, 8639284.346, 125
Trd, 8639284.379, 124
Trd, 8639284.446, 115
Trd, 8639285.946, 122
Trd, 8639286.679, 131
Trd, 8639286.779, 117
Trd, 8639287.012, 127
Trd, 8639287.879, 63
Trd, 8639288.812, 109
Trd, 8639289.179, 93
Trd, 8639290.012, 90
Trd, 8639290.179, 116
Trd, 8639290.246, 86
Trd, 8639290.779, 89
Trd, 8639290.846, 82
Trd, 8639291.779, 80
Trd, 8639292.046, 119
Trd, 8639293.312, 118
Trd, 8639293.512, 125
Trd, 8639293.779, 110
Trd, 8639294.779, 108
Trd, 8639294.812, 100
Trd, 8639294.946, 109
Trd, 8639295.012, 97
Trd, 8639296.112, 119
Trd, 8639296.146, 99
Trd, 8639296.246, 126
Trd, 8639297.346, 115
Trd, 8639297.579, 87
Trd, 8639298.812, 103
Trd, 8639298.879, 98
Trd, 8639300.146, 129
Trd, 8639300.212, 119
Trd, 8639300.879, 116
Trd, 8639300.912, 96
Trd, 8639302.412, 128
Trd, 8639302.712, 110
Trd, 8639303.146, 102
Trd, 8639303.346, 97
Trd, 8639303.612, 91
Trd, 8639305.146, 77
Trd, 8639305.412, 78
Trd, 8639305.546, 71
Trd, 8639305.646, 84
Trd, 8639306.679, 130
Trd, 8639307.979, 128
Trd, 8639308.146, 131
Trd, 8639308.312, 127
Trd, 8639308.412, 107
Trd, 8639309.012, 102
Trd, 8639309.512, 136
Trd, 8639310.112, 91
Trd, 8639310.146, 85
Trd, 8639312.412, 106
Trd, 8639312.746, 107
Trd, 8639313.146, 90
Trd, 8639313.312, 82
Trd, 8639313.512, 103
Trd, 8639313.646, 76
Trd, 8639314.079, 89
Trd, 8639315.046, 61
Trd, 8639315.512, 71
Trd, 8639315.679, 112
Trd, 8639316.112, 118
Trd, 8639316.979, 99
Trd, 8639317.679, 93
Trd, 8639317.812, 103
Trd, 8639317.879, 89
Trd, 8639317.979, 125
Trd, 8639318.379, 125
Trd, 8639318.646, 86
Trd, 8639318.846, 87
Trd, 8639319.179, 84
Trd, 8639319.479, 86
Trd, 8639320.312, 84
Trd, 8639320.912, 123
Trd, 8639321.546, 62
Trd, 8639321.646, 89
Trd, 8639322.146, 104
Trd, 8639322.946, 105
Trd, 8639324.046, 140
Trd, 8639324.279, 127
Trd, 8639324.512, 136
Trd, 8639325.412, 130
Trd, 8639325.712, 119
Trd, 8639325.979, 109
Trd, 8639326.646, 134
Trd, 8639327.179, 125
Trd, 8639327.612, 128
Trd, 8639327.746, 126
Trd, 8639328.646, 128
Trd, 8639329.446, 120
Trd, 8639329.546, 117
Trd, 8639329.879, 114
Trd, 8639330.112, 108
Trd, 8639330.246, 120
Trd, 8639330.679, 130
Trd, 8639330.712, 98
Trd, 8639330.912, 96
Trd, 8639331.746, 70
Trd, 8639331.912, 122
Trd, 8639333.646, 68
Trd, 8639334.212, 108
Trd, 8639334.412, 93
Trd, 8639335.612, 138
Trd, 8639336.012, 107
Trd, 8639336.112, 95
Trd, 8639336.446, 132
Trd, 8639338.512, 102
Trd, 8639338.812, 123
Trd, 8639338.879, 121
Trd, 8639338.912, 111
Trd, 8639339.279, 101
Trd, 8639339.746, 112
Trd, 8639339.912, 111
Trd, 8639340.079, 106
Trd, 8639340.146, 94
Trd, 8639340.779, 135
Trd, 8639340.946, 86
Trd, 8639341.579, 82
Trd, 8639341.946, 104
Trd, 8639342.212, 92
Trd, 8639343.479, 80
Trd, 8639344.146, 103
Trd, 8639344.446, 109
Trd, 8639344.646, 85
Trd, 8639344.846, 81
Trd, 8639345.112, 112
Trd, 8639346.679, 110
Trd, 8639346.812, 122
Trd, 8639347.179, 100
Trd, 8639347.379, 117
Trd, 8639347.512, 98
Trd, 8639347.612, 80
Trd, 8639347.846, 77
Trd, 8639349.079, 86
Trd, 8639349.379, 100
Trd, 8639349.879, 100
Trd, 8639350.012, 89
Trd, 8639350.979, 78
Trd, 8639351.379, 129
Trd, 8639351.412, 119
Trd, 8639351.679, 91
Trd, 8639352.079, 113
Trd, 8639352.646, 85
Trd, 8639353.646, 105
Trd, 8639354.479, 97
Trd, 8639355.212, 130
Trd, 8639355.879, 110
Trd, 8639356.779, 124
Trd, 8639356.946, 123
Trd, 8639357.479, 106
Trd, 8639357.812, 129
Trd, 8639358.612, 111
Trd, 8639358.912, 136
Trd, 8639359.412, 139
Trd, 8639359.512, 130
Trd, 8639359.879, 122
Trd, 8639359.946, 118
Trd, 8639361.546, 119
Trd, 8639361.646, 112
Trd, 8639362.112, 131
Trd, 8639362.179, 105
Trd, 8639362.879, 106
Trd, 8639363.279, 103
Trd, 8639364.279, 129
Trd, 8639364.712, 117
Trd, 8639364.946, 115
Trd, 8639365.312, 111
Trd, 8639365.379, 103
Trd, 8639365.746, 107
Trd, 8639366.046, 112
Trd, 8639366.479, 96
Trd, 8639367.012, 106
Trd, 8639367.646, 77
Trd, 8639367.679, 79
Trd, 8639368.512, 105
Trd, 8639368.846, 107
Trd, 8639369.046, 102
Trd, 8639369.246, 89
Trd, 8639370.712, 114
Trd, 8639370.846, 103
Trd, 8639371.146, 96
Trd, 8639371.379, 92
Trd, 8639372.146, 131
Trd, 8639372.846, 91
Trd, 8639372.912, 86
Trd, 8639373.346, 82
Trd, 8639373.812, 80
Trd, 8639374.112, 127
Trd, 8639374.446, 121
Trd, 8639375.212, 116
Trd, 8639376.246, 101
Trd, 8639376.412, 123
Trd, 8639376.512, 93
Trd, 8639377.712, 126
Trd, 8639377.979, 101
Trd, 8639378.312, 96
Trd, 8639379.079, 114
Trd, 8639379.112, 98
Trd, 8639379.246, 93
Trd, 8639379.412, 73
Trd, 8639379.746, 133
Trd, 8639380.112, 135
Trd, 8639380.312, 104
Trd, 8639381.412, 135
Trd, 8639381.812, 127
Trd, 8639382.079, 113
Trd, 8639382.379, 104
Trd, 8639383.412, 127
Trd, 8639383.879, 110
Trd, 8639384.246, 115
Trd, 8639384.412, 114
Trd, 8639385.346, 132
Trd, 8639385.979, 121
Trd, 8639387.212, 106
Trd, 8639387.412, 105
Trd, 8639387.512, 93
Trd, 8639388.379, 97
Trd, 8639388.679, 91
Trd, 8639389.012, 133
Trd, 8639389.679, 109
Trd, 8639389.846, 103
Trd, 8639389.879, 100
Trd, 8639390.846, 86
Trd, 8639391.212, 73
Trd, 8639392.312, 113
Trd, 8639392.579, 108
Trd, 8639393.446, 132
Trd, 8639393.812, 122
Trd, 8639393.879, 110
Trd, 8639394.112, 98
Trd, 8639394.946, 131
Trd, 8639395.179, 127
Trd, 8639395.212, 127
Trd, 8639395.479, 128
Trd, 8639396.079, 72
Trd, 8639396.146, 135
Trd, 8639396.512, 68
Trd, 8639397.246, 78
Trd, 8639398.346, 107
Trd, 8639398.612, 121
Trd, 8639399.212, 98
Trd, 8639399.279, 115
Trd, 8639399.946, 118
Trd, 8639400.312, 123
Trd, 8639400.379, 114
Trd, 8639401.079, 111
Trd, 8639402.479, 128
Trd, 8639402.746, 133
Trd, 8639402.946, 102
Trd, 8639403.446, 83
Trd, 8639403.746, 91
Trd, 8639404.246, 97
Trd, 8639404.612, 88
Trd, 8639404.746, 93
Trd, 8639405.612, 110
Trd, 8639405.712, 107
Trd, 8639406.346, 120
Trd, 8639406.946, 109
Trd, 8639407.246, 114
Trd, 8639407.346, 101
Trd, 8639407.612, 100
Trd, 8639408.512, 64
Trd, 8639408.646, 100
Trd, 8639409.746, 90
Trd, 8639410.246, 122
Trd, 8639410.346, 113
Trd, 8639410.546, 117
Trd, 8639410.812, 103
Trd, 8639410.912, 72
Trd, 8639411.912, 134
Trd, 8639413.146, 134
Trd, 8639413.446, 114
Trd, 8639414.212, 100
Trd, 8639414.379, 70
Trd, 8639414.779, 99
Trd, 8639415.212, 86
Trd, 8639415.379, 102
Trd, 8639416.779, 105
Trd, 8639417.346, 92
Trd, 8639417.512, 110
Trd, 8639417.746, 83
Trd, 8639417.812, 81
Trd, 8639418.046, 96
Trd, 8639418.879, 91
Trd, 8639419.812, 130
Trd, 8639420.412, 118
Trd, 8639420.512, 114
Trd, 8639420.912, 79
Trd, 8639421.012, 105
Trd, 8639421.446, 82
Trd, 8639421.712, 88
Trd, 8639421.946, 96
Trd, 8639422.279, 95
Trd, 8639422.612, 86
Trd, 8639423.012, 104
Trd, 8639423.379, 79
Trd, 8639423.679, 113
Trd, 8639424.912, 97
Trd, 8639425.146, 92
Trd, 8639425.946, 92
Trd, 8639426.312, 110
Trd, 8639426.546, 112
Trd, 8639426.579, 78
Trd, 8639427.979, 136
Trd, 8639428.746, 132
Trd, 8639429.179, 128
Trd, 8639429.279, 119
Trd, 8639430.912, 131
Trd, 8639431.179, 121
Trd, 8639432.546, 125
Trd, 8639432.679, 123
Trd, 8639432.812, 120
Trd, 8639432.912, 119
Trd, 8639432.979, 116
Trd, 8639433.579, 111
Trd, 8639433.679, 103
Trd, 8639433.946, 120
Trd, 8639434.246, 114
Trd, 8639435.479, 104
Trd, 8639436.612, 134
Trd, 8639436.646, 116
Trd, 8639438.279, 104
Trd, 8639438.646, 103
Trd, 8639438.712, 102
Trd, 8639439.912, 106
Trd, 8639440.212, 98
Trd, 8639440.446, 111
Trd, 8639440.546, 87
Trd, 8639440.812, 70
Trd, 8639441.012, 114
Trd, 8639442.079, 87
Trd, 8639442.346, 76
Trd, 8639442.512, 98
Trd, 8639442.646, 67
Trd, 8639442.679, 63
Trd, 8639443.379, 109
Trd, 8639443.646, 122
Trd, 8639443.746, 88
Trd, 8639444.679, 69
Trd, 8639445.212, 72
Trd, 8639445.246, 67
Trd, 8639445.712, 82
Trd, 8639446.012, 126
Trd, 8639446.379, 103
Trd, 8639446.746, 112
Trd, 8639447.279, 107
Trd, 8639448.046, 115
Trd, 8639448.112, 110
Trd, 8639448.279, 104
Trd, 8639448.446, 101
Trd, 8639450.346, 119
Trd, 8639451.146, 116
Trd, 8639451.212, 112
Trd, 8639453.779, 139
Trd, 8639453.812, 117
Trd, 8639453.912, 93
Trd, 8639454.146, 84
Trd, 8639454.212, 68
Trd, 8639454.712, 110
Trd, 8639455.412, 138
Trd, 8639456.012, 126
Trd, 8639456.546, 139
Trd, 8639456.879, 109
Trd, 8639457.446, 113
Trd, 8639458.746, 106
Trd, 8639458.946, 100
Trd, 8639459.012, 99
Trd, 8639459.479, 74
Trd, 8639459.646, 92
Trd, 8639459.879, 122
Trd, 8639460.446, 105
Trd, 8639461.846, 134
Trd, 8639462.212, 136
Trd, 8639462.879, 119
Trd, 8639462.912, 116
Trd, 8639462.979, 104
Trd, 8639463.946, 113
Trd, 8639464.046, 122
Trd, 8639464.779, 122
Trd, 8639465.612, 126
Trd, 8639465.812, 117
Trd, 8639466.146, 108
Trd, 8639466.179, 112
Trd, 8639466.212, 127
Trd, 8639467.312, 125
Trd, 8639470.146, 119
Trd, 8639470.879, 116
Trd, 8639471.212, 139
Trd, 8639471.446, 100
Trd, 8639471.479, 85
Trd, 8639471.646, 91
Trd, 8639472.479, 98
Trd, 8639473.146, 101
Trd, 8639473.379, 98
Trd, 8639474.079, 137
Trd, 8639474.446, 116
Trd, 8639474.546, 103
Trd, 8639474.779, 96
Trd, 8639474.946, 94
Trd, 8639475.312, 106
Trd, 8639475.412, 104
Trd, 8639476.412, 112
Trd, 8639476.512, 114
Trd, 8639476.912, 91
Trd, 8639477.512, 136
Trd, 8639477.679, 128
Trd, 8639477.979, 128
Trd, 8639478.479, 116
Trd, 8639478.579, 101
Trd, 8639478.712, 96
Trd, 8639478.812, 89
Trd, 8639479.412, 119
Trd, 8639480.146, 116
Trd, 8639481.079, 133
Trd, 8639481.679, 132
Trd, 8639481.979, 120
Trd, 8639482.646, 122
Trd, 8639483.346, 104
Trd, 8639483.712, 96
Trd, 8639484.012, 90
Trd, 8639484.612, 108
Trd, 8639485.379, 131
Trd, 8639485.512, 109
Trd, 8639485.946, 108
Trd, 8639486.679, 99
Trd, 8639486.946, 113
Trd, 8639487.212, 81
Trd, 8639488.412, 119
Trd, 8639488.579, 84
Trd, 8639488.879, 65
Trd, 8639489.879, 107
Trd, 8639490.146, 102
Trd, 8639490.279, 108
Trd, 8639492.479, 138
Trd, 8639492.946, 127
Trd, 8639493.379, 105
Trd, 8639493.579, 97
Trd, 8639493.712, 96
Trd, 8639493.912, 88
Trd, 8639494.479, 115
Trd, 8639494.979, 105
Trd, 8639495.446, 105
Trd, 8639495.546, 87
Trd, 8639495.579, 85
Trd, 8639497.412, 116
Trd, 8639498.512, 134
Trd, 8639500.412, 124
Trd, 8639500.946, 78
Trd, 8639501.212, 114
Trd, 8639501.312, 136
Trd, 8639501.879, 108
Trd, 8639502.146, 87
Trd, 8639502.446, 110
Trd, 8639503.946, 113
Trd, 8639504.412, 106
Trd, 8639504.546, 114
Trd, 8639504.912, 104
Trd, 8639505.112, 113
Trd, 8639505.379, 92
Trd, 8639506.512, 135
Trd, 8639506.612, 106
Trd, 8639506.979, 120
Trd, 8639507.446, 83
Trd, 8639507.779, 79
Trd, 8639508.046, 79
Trd, 8639509.312, 74
Trd, 8639509.712, 95
Trd, 8639509.779, 88
Trd, 8639509.946, 117
Trd, 8639510.546, 81
Trd, 8639510.779, 70
Trd, 8639511.079, 117
Trd, 8639511.112, 107
Trd, 8639511.746, 73
Trd, 8639513.079, 134
Trd, 8639514.212, 134
Trd, 8639514.646, 130
Trd, 8639515.012, 126
Trd, 8639515.246, 139
Trd, 8639515.379, 131
Trd, 8639515.412, 114
Trd, 8639516.346, 123
Trd, 8639516.679, 83
Trd, 8639517.746, 140
Trd, 8639517.912, 134
Trd, 8639519.146, 128
Trd, 8639519.346, 119
Trd, 8639519.479, 112
Trd, 8639520.446, 118
Trd, 8639521.046, 127
Trd, 8639521.779, 126
Trd, 8639522.179, 116
Trd, 8639523.546, 135
Trd, 8639524.012, 133
Trd, 8639524.246, 132
Trd, 8639524.346, 122
Trd, 8639525.046, 130
Trd, 8639525.312, 86
Trd, 8639525.379, 129
Trd, 8639526.112, 100
Trd, 8639526.246, 124
Trd, 8639526.479, 133
Trd, 8639527.179, 109
Trd, 8639527.479, 76
Trd, 8639528.279, 125
Trd, 8639528.879, 132
Trd, 8639529.379, 116
Trd, 8639529.612, 111
Trd, 8639529.712, 109
Trd, 8639529.912, 94
Trd, 8639530.979, 126
Trd, 8639531.146, 121
Trd, 8639531.379, 66
Trd, 8639531.812, 63
Trd, 8639532.446, 97
Trd, 8639533.346, 106
Trd, 8639534.079, 131
Trd, 8639535.479, 117
Trd, 8639535.512, 116
Trd, 8639535.579, 108
Trd, 8639535.879, 122
Trd, 8639536.512, 102
Trd, 8639536.912, 100
Trd, 8639537.946, 137
Trd, 8639538.346, 119
Trd, 8639538.812, 88
Trd, 8639540.146, 102
Trd, 8639540.379, 86
Trd, 8639540.746, 95
Trd, 8639541.079, 85
Trd, 8639541.112, 80
Trd, 8639542.646, 111
Trd, 8639543.212, 105
Trd, 8639543.446, 99
Trd, 8639543.712, 95
Trd, 8639543.746, 87
Trd, 8639544.179, 113
Trd, 8639544.712, 99
Trd, 8639544.979, 95
Trd, 8639545.846, 106
Trd, 8639545.946, 102
Trd, 8639546.512, 94
Trd, 8639546.946, 139
Trd, 8639547.046, 102
Trd, 8639547.379, 91
Trd, 8639547.812, 61
Trd, 8639548.679, 82
Trd, 8639549.379, 106
Trd, 8639549.712, 138
Trd, 8639549.746, 117
Trd, 8639549.912, 106
Trd, 8639550.646, 135
Trd, 8639550.879, 100
Trd, 8639551.246, 105
Trd, 8639551.779, 124
Trd, 8639552.479, 129
Trd, 8639553.146, 121
Trd, 8639553.646, 117
Trd, 8639554.246, 135
Trd, 8639554.579, 98
Trd, 8639554.912, 93
Trd, 8639555.712, 69
Trd, 8639555.846, 84
Trd, 8639556.746, 112
Trd, 8639556.812, 70
Trd, 8639557.046, 97
Trd, 8639557.979, 97
Trd, 8639558.079, 113
Trd, 8639558.512, 87
Trd, 8639558.612, 88
Trd, 8639558.879, 99
Trd, 8639559.646, 98
Trd, 8639560.179, 88
Trd, 8639560.346, 92
Trd, 8639560.979, 125
Trd, 8639562.846, 117
Trd, 8639563.312, 111
Trd, 8639563.346, 113
Trd, 8639563.779, 105
Trd, 8639565.146, 130
Trd, 8639565.912, 104
Trd, 8639566.446, 128
Trd, 8639567.212, 138
Trd, 8639567.246, 127
Trd, 8639567.779, 122
Trd, 8639568.312, 113
Trd, 8639568.712, 103
Trd, 8639568.846, 99
Trd, 8639569.012, 112
Trd, 8639569.879, 65
Trd, 8639570.279, 64
Trd, 8639570.379, 82
Trd, 8639570.546, 88
Trd, 8639571.946, 104
Trd, 8639572.446, 105
Trd, 8639572.979, 123
Trd, 8639573.679, 123
Trd, 8639573.746, 130
Trd, 8639574.312, 114
Trd, 8639574.479, 88
Trd, 8639574.646, 116
Trd, 8639574.779, 126
Trd, 8639574.879, 87
Trd, 8639575.979, 137
Trd, 8639576.012, 68
Trd, 8639576.179, 64
Trd, 8639577.246, 131
Trd, 8639577.846, 129
Trd, 8639578.012, 114
Trd, 8639579.846, 114
Trd, 8639579.979, 98
Trd, 8639580.946, 97
Trd, 8639581.879, 91
Trd, 8639581.912, 107
Trd, 8639582.479, 137
Trd, 8639582.546, 110
Trd, 8639583.346, 123
Trd, 8639583.412, 108
Trd, 8639583.646, 106
Trd, 8639583.812, 91
Trd, 8639584.312, 90
Trd, 8639584.779, 130
Trd, 8639584.879, 105
Trd, 8639585.146, 99
Trd, 8639585.779, 119
Trd, 8639586.979, 118
Trd, 8639587.579, 112
Trd, 8639587.812, 106
Trd, 8639588.246, 105
Trd, 8639588.279, 102
Trd, 8639588.379, 95
Trd, 8639588.479, 134
Trd, 8639589.512, 120
Trd, 8639589.712, 112
Trd, 8639590.346, 108
Trd, 8639591.112, 105
Trd, 8639591.212, 105
Trd, 8639591.279, 113
Trd, 8639592.412, 103
Trd, 8639592.479, 123
Trd, 8639592.512, 88
Trd, 8639592.546, 87
Trd, 8639592.679, 83
Trd, 8639593.279, 68
Trd, 8639593.746, 101
Trd, 8639595.446, 106
Trd, 8639596.346, 139
Trd, 8639597.079, 108
Trd, 8639597.179, 92
Trd, 8639598.146, 121
Trd, 8639599.212, 130
Trd, 8639599.712, 127
Trd, 8639599.812, 119
Trd, 8639600.146, 133
Trd, 8639600.312, 124
Trd, 8639600.746, 115
Trd, 8639601.379, 109
Trd, 8639601.479, 102
Trd, 8639601.946, 114
Trd, 8639603.479, 122
Trd, 8639603.512, 114
Trd, 8639604.046, 102
Trd, 8639604.112, 113
Trd, 8639604.446, 88
Trd, 8639605.279, 114
Trd, 8639606.146, 120
Trd, 8639607.046, 115
Trd, 8639607.179, 132
Trd, 8639607.579, 131
Trd, 8639607.612, 124
Trd, 8639608.112, 139
Trd, 8639608.646, 113
Trd, 8639608.879, 112
Trd, 8639609.279, 90
Trd, 8639609.346, 68
Trd, 8639609.479, 97
Trd, 8639610.279, 127
Trd, 8639610.579, 118
Trd, 8639610.812, 122
Trd, 8639610.946, 129
Trd, 8639611.879, 140
Trd, 8639612.612, 123
Trd, 8639612.846, 117
Trd, 8639614.412, 121
Trd, 8639615.112, 124
Trd, 8639615.412, 104
Trd, 8639615.712, 102
Trd, 8639615.746, 99
Trd, 8639615.846, 115
Trd, 8639615.879, 113
Trd, 8639616.112, 140
Trd, 8639616.146, 95
Trd, 8639616.646, 91
Trd, 8639617.712, 126
Trd, 8639617.779, 73
Trd, 8639617.979, 104
Trd, 8639618.846, 86
Trd, 8639619.579, 75
Trd, 8639620.412, 74
Trd, 8639621.312, 101
Trd, 8639621.779, 86
Trd, 8639622.712, 108
Trd, 8639622.746, 104
Trd, 8639623.479, 103
Trd, 8639623.946, 103
Trd, 8639625.046, 124
Trd, 8639625.179, 121
Trd, 8639626.579, 118
Trd, 8639626.646, 109
Trd, 8639627.446, 121
Trd, 8639628.246, 117
Trd, 8639628.279, 110
Trd, 8639628.646, 132
Trd, 8639628.746, 125
Trd, 8639629.146, 115
Trd, 8639629.846, 120
Trd, 8639629.912, 110
Trd, 8639630.346, 91
Trd, 8639631.046, 131
Trd, 8639631.512, 140
Trd, 8639631.612, 118
Trd, 8639632.112, 84
Trd, 8639632.512, 101
Trd, 8639633.679, 126
Trd, 8639635.012, 122
Trd, 8639635.146, 89
Trd, 8639635.479, 116
Trd, 8639635.679, 137
Trd, 8639635.812, 127
Trd, 8639636.279, 96
Trd, 8639636.346, 93
Trd, 8639637.479, 111
Trd, 8639637.712, 122
Trd, 8639638.012, 91
Trd, 8639638.346, 132
Trd, 8639638.879, 133
Trd, 8639639.679, 123
Trd, 8639639.779, 119
Trd, 8639640.012, 114
Trd, 8639640.412, 114
Trd, 8639641.246, 132
Trd, 8639641.279, 124
Trd, 8639641.646, 122
Trd, 8639642.312, 116
Trd, 8639642.746, 103
Trd, 8639642.846, 118
Trd, 8639643.112, 130
Trd, 8639644.646, 118
Trd, 8639644.712, 107
Trd, 8639645.846, 115
Trd, 8639645.912, 116
Trd, 8639646.012, 123
Trd, 8639646.312, 95
Trd, 8639646.646, 85
Trd, 8639647.112, 85
Trd, 8639647.279, 99
Trd, 8639647.646, 137
Trd, 8639648.579, 87
Trd, 8639648.679, 92
Trd, 8639649.146, 90
Trd, 8639650.012, 100
Trd, 8639650.946, 131
Trd, 8639651.579, 112
Trd, 8639652.479, 97
Trd, 8639652.612, 95
Trd, 8639653.046, 99
Trd, 8639654.246, 109
Trd, 8639654.346, 112
Trd, 8639655.046, 107
Trd, 8639655.212, 102
Trd, 8639655.246, 99
Trd, 8639656.146, 96
Trd, 8639656.812, 119
Trd, 8639657.279, 135
Trd, 8639657.979, 116
Trd, 8639658.112, 83
Trd, 8639658.946, 93
Trd, 8639659.112, 131
Trd, 8639659.612, 109
Trd, 8639659.879, 110
Trd, 8639660.412, 108
Trd, 8639660.446, 102
Trd, 8639660.646, 91
Trd, 8639660.946, 77
Trd, 8639661.312, 88
Trd, 8639662.312, 84
Trd, 8639662.612, 137
Trd, 8639662.679, 140
Trd, 8639663.046, 76
Trd, 8639664.246, 138
Trd, 8639664.546, 117
Trd, 8639665.379, 109
Trd, 8639665.446, 100
Trd, 8639666.412, 99
Trd, 8639667.212, 110
Trd, 8639667.512, 122
Trd, 8639667.879, 125
Trd, 8639668.446, 113
Trd, 8639668.479, 128
Trd, 8639668.512, 106
Trd, 8639668.712, 93
Trd, 8639669.846, 89
Trd, 8639669.979, 111
Trd, 8639670.779, 115
Trd, 8639671.079, 76
Trd, 8639671.446, 100
Trd, 8639672.012, 134
Trd, 8639672.112, 114
Trd, 8639673.079, 86
Trd, 8639673.479, 89
Trd, 8639673.979, 128
Trd, 8639674.312, 63
Trd, 8639674.979, 106
Trd, 8639676.446, 134
Trd, 8639677.946, 123
Trd, 8639678.612, 123
Trd, 8639679.779, 137
Trd, 8639679.846, 127
Trd, 8639679.912, 124
Trd, 8639680.012, 113
Trd, 8639680.379, 127
Trd, 8639681.012, 100
Trd, 8639681.246, 100
Trd, 8639681.946, 118
Trd, 8639682.546, 121
Trd, 8639682.912, 121
Trd, 8639684.212, 114
Trd, 8639684.479, 121
Trd, 8639684.646, 107
Trd, 8639685.012, 131
Trd, 8639685.312, 117
Trd, 8639685.779, 129
Trd, 8639686.312, 98
Trd, 8639687.746, 115
Trd, 8639687.779, 110
Trd, 8639687.912, 128
Trd, 8639688.079, 94
Trd, 8639689.012, 124
Trd, 8639689.312, 119
Trd, 8639689.446, 116
Trd, 8639689.879, 111
Trd, 8639690.112, 95
Trd, 8639690.979, 100
Trd, 8639691.379, 121
Trd, 8639691.612, 128
Trd, 8639691.679, 118
Trd, 8639692.779, 132
Trd, 8639693.346, 121
Trd, 8639694.079, 137
Trd, 8639694.146, 109
Trd, 8639694.746, 106
Trd, 8639694.946, 97
Trd, 8639695.746, 109
Trd, 8639696.279, 128
Trd, 8639696.346, 121
Trd, 8639696.812, 82
Trd, 8639696.979, 107
Trd, 8639698.179, 94
Trd, 8639698.746, 95
Trd, 8639698.912, 80
Trd, 8639699.179, 66
Trd, 8639699.646, 92
Trd, 8639700.179, 84
Trd, 8639701.012, 78
Trd, 8639701.079, 127
Trd, 8639701.246, 79
Trd, 8639701.512, 71
Trd, 8639702.079, 107
Trd, 8639703.346, 115
Trd, 8639703.879, 110
Trd, 8639704.146, 110
Trd, 8639705.112, 119
Trd, 8639705.346, 120
Trd, 8639706.846, 110
Trd, 8639707.112, 106
Trd, 8639707.679, 106
Trd, 8639708.012, 117
Trd, 8639708.779, 123
Trd, 8639708.846, 119
Trd, 8639708.946, 119
Trd, 8639709.479, 139
Trd, 8639710.679, 107
Trd, 8639710.746, 124
Trd, 8639711.112, 131
Trd, 8639712.279, 112
Trd, 8639712.646, 95
Trd, 8639712.912, 80
Trd, 8639713.312, 99
Trd, 8639713.712, 84
Trd, 8639714.246, 115
Trd, 8639714.779, 135
Trd, 8639715.779, 117
Trd, 8639716.346, 116
Trd, 8639716.412, 116
Trd, 8639717.479, 112
Trd, 8639717.612, 110
Trd, 8639717.979, 102
Trd, 8639718.212, 104
Trd, 8639718.912, 97
Trd, 8639719.112, 87
Trd, 8639719.312, 91
Trd, 8639719.846, 83
Trd, 8639721.312, 118
Trd, 8639721.646, 126
Trd, 8639722.079, 125
Trd, 8639722.612, 101
Trd, 8639723.412, 86
Trd, 8639723.479, 79
Trd, 8639723.646, 116
Trd, 8639724.512, 137
Trd, 8639724.679, 116
Trd, 8639726.446, 112
Trd, 8639726.546, 116
Trd, 8639726.679, 105
Trd, 8639727.546, 131
Trd, 8639727.812, 111
Trd, 8639727.879, 102
Trd, 8639727.912, 94
Trd, 8639728.046, 92
Trd, 8639728.246, 92
Trd, 8639728.379, 83
Trd, 8639729.779, 117
Trd, 8639729.846, 112
Trd, 8639729.979, 111
Trd, 8639730.712, 113
Trd, 8639730.879, 97
Trd, 8639731.312, 99
Trd, 8639731.446, 96
Trd, 8639731.979, 106
Trd, 8639732.279, 104
Trd, 8639732.646, 95
Trd, 8639735.346, 136
Trd, 8639735.412, 114
Trd, 8639735.746, 129
Trd, 8639736.412, 122
Trd, 8639737.079, 105
Trd, 8639737.412, 99
Trd, 8639737.646, 112
Trd, 8639737.946, 92
Trd, 8639738.079, 82
Trd, 8639738.512, 103
Trd, 8639739.579, 113
Trd, 8639739.646, 91
Trd, 8639740.179, 132
Trd, 8639740.879, 112
Trd, 8639741.212, 114
Trd, 8639741.646, 87
Trd, 8639741.979, 91
Trd, 8639742.246, 88
Trd, 8639742.879, 80
Trd, 8639743.646, 129
Trd, 8639744.079, 133
Trd, 8639744.379, 119
Trd, 8639744.846, 107
Trd, 8639744.912, 103
Trd, 8639745.446, 116
Trd, 8639746.112, 135
Trd, 8639746.479, 112
Trd, 8639747.212, 125
Trd, 8639747.446, 113
Trd, 8639747.479, 111
Trd, 8639747.512, 92
Trd, 8639747.679, 89
Trd, 8639748.779, 138
Trd, 8639749.212, 129
Trd, 8639749.379, 83
Trd, 8639750.779, 138
Trd, 8639751.546, 137
Trd, 8639751.579, 126
Trd, 8639751.846, 122
Trd, 8639752.312, 119
Trd, 8639754.079, 127
Trd, 8639754.246, 139
Trd, 8639754.446, 121
Trd, 8639754.646, 133
Trd, 8639754.812, 125
Trd, 8639754.979, 113
Trd, 8639755.012, 94
Trd, 8639755.479, 92
Trd, 8639755.779, 107
Trd, 8639756.412, 88
Trd, 8639756.446, 74
Trd, 8639757.512, 66
Trd, 8639757.779, 97
Trd, 8639758.212, 105
Trd, 8639758.646, 93
Trd, 8639759.412, 129
Trd, 8639759.446, 119
Trd, 8639760.179, 86
Trd, 8639760.479, 76
Trd, 8639760.979, 108
Trd, 8639761.446, 65
Trd, 8639761.779, 79
Trd, 8639762.046, 62
Trd, 8639763.612, 128
Trd, 8639764.079, 105
Trd, 8639764.179, 95
Trd, 8639765.612, 125
Trd, 8639766.112, 111
Trd, 8639766.679, 136
Trd, 8639768.079, 94
Trd, 8639768.279, 109
Trd, 8639768.646, 95
Trd, 8639768.912, 120
Trd, 8639769.346, 122
Trd, 8639769.779, 108
Trd, 8639770.179, 116
Trd, 8639770.412, 97
Trd, 8639771.279, 100
Trd, 8639771.379, 82
Trd, 8639772.046, 92
Trd, 8639772.646, 73
Trd, 8639773.346, 113
Trd, 8639773.646, 98
Trd, 8639773.812, 62
Trd, 8639775.612, 73
Trd, 8639775.679, 73
Trd, 8639776.146, 96
Trd, 8639776.246, 70
Trd, 8639776.312, 98
Trd, 8639776.612, 111
Trd, 8639776.946, 68
Trd, 8639777.946, 62
Trd, 8639778.612, 110
Trd, 8639779.479, 85
Trd, 8639779.646, 81
Trd, 8639780.046, 80
Trd, 8639780.446, 108
Trd, 8639780.579, 104
Trd, 8639780.712, 112
Trd, 8639781.012, 105
Trd, 8639782.512, 103
Trd, 8639783.012, 93
Trd, 8639784.712, 135
Trd, 8639784.912, 124
Trd, 8639785.712, 110
Trd, 8639785.746, 123
Trd, 8639786.146, 112
Trd, 8639786.512, 102
Trd, 8639786.812, 88
Trd, 8639787.079, 135
Trd, 8639787.612, 122
Trd, 8639787.946, 115
Trd, 8639788.246, 112
Trd, 8639788.346, 106
Trd, 8639788.546, 99
Trd, 8639789.679, 133
Trd, 8639790.046, 69
Trd, 8639790.079, 79
Trd, 8639790.346, 64
Trd, 8639792.112, 114
Trd, 8639792.179, 97
Trd, 8639792.679, 105
Trd, 8639793.846, 106
Trd, 8639794.179, 96
Trd, 8639794.312, 102
Trd, 8639794.579, 92
Trd, 8639794.846, 85
Trd, 8639795.146, 111
Trd, 8639796.479, 120
Trd, 8639796.912, 89
Trd, 8639797.079, 86
Trd, 8639797.146, 104
Trd, 8639797.946, 121
Trd, 8639798.412, 104
Trd, 8639798.446, 103
Trd, 8639798.712, 84
Trd, 8639798.912, 82
Trd, 8639799.612, 89
Trd, 8639800.412, 71
Trd, 8639800.612, 107
Trd, 8639801.246, 75
Trd, 8639801.346, 76
Trd, 8639801.546, 114
Trd, 8639802.112, 109
Trd, 8639802.579, 120
Trd, 8639802.812, 100
Trd, 8639804.246, 121
Trd, 8639804.512, 65
Trd, 8639804.679, 115
Trd, 8639805.212, 134
Trd, 8639805.612, 103
Trd, 8639805.746, 76
Trd, 8639806.546, 82
Trd, 8639806.646, 132
Trd, 8639809.646, 123
Trd, 8639809.979, 137
Trd, 8639810.179, 115
Trd, 8639810.412, 112
Trd, 8639810.612, 106
Trd, 8639810.812, 94
Trd, 8639810.946, 89
Trd, 8639811.312, 71
Trd, 8639811.746, 82
Trd, 8639811.912, 80
Trd, 8639812.812, 106
Trd, 8639812.946, 133
Trd, 8639813.646, 90
Trd, 8639814.079, 85
Trd, 8639814.246, 126
Trd, 8639814.546, 79
Trd, 8639814.779, 91
Trd, 8639814.946, 88
Trd, 8639815.679, 95
Trd, 8639816.046, 89
Trd, 8639816.679, 112
Trd, 8639816.879, 93
Trd, 8639816.912, 92
Trd, 8639817.512, 136
Trd, 8639818.146, 97
Trd, 8639819.412, 121
Trd, 8639819.512, 115
Trd, 8639819.646, 104
Trd, 8639819.712, 99
Trd, 8639820.112, 102
Trd, 8639820.812, 112
Trd, 8639821.779, 127
Trd, 8639822.412, 109
Trd, 8639823.746, 123
Trd, 8639824.212, 87
Trd, 8639824.312, 96
Trd, 8639824.846, 138
Trd, 8639825.246, 138
Trd, 8639825.612, 129
Trd, 8639825.979, 102
Trd, 8639826.046, 130
Trd, 8639826.546, 121
Trd, 8639826.879, 114
Trd, 8639827.379, 114
Trd, 8639828.279, 133
Trd, 8639828.346, 129
Trd, 8639829.246, 103
Trd, 8639829.379, 107
Trd, 8639830.046, 103
Trd, 8639830.512, 92
Trd, 8639830.779, 104
Trd, 8639831.079, 113
Trd, 8639832.012, 92
Trd, 8639832.112, 82
Trd, 8639832.612, 81
Trd, 8639832.812, 89
Trd, 8639832.846, 77
Trd, 8639833.946, 109
Trd, 8639835.046, 91
Trd, 8639835.579, 75
Trd, 8639835.612, 105
Trd, 8639835.846, 117
Trd, 8639836.179, 116
Trd, 8639836.846, 132
Trd, 8639838.412, 135
Trd, 8639838.446, 125
Trd, 8639839.012, 125
Trd, 8639839.579, 123
Trd, 8639839.779, 112
Trd, 8639840.312, 119
Trd, 8639840.479, 135
Trd, 8639840.679, 134
Trd, 8639840.979, 137
Trd, 8639841.279, 109
Trd, 8639841.479, 102
Trd, 8639841.812, 117
Trd, 8639842.079, 83
Trd, 8639842.979, 73
Trd, 8639843.746, 104
Trd, 8639844.946, 108
Trd, 8639845.579, 110
Trd, 8639846.112, 97
Trd, 8639847.112, 132
Trd, 8639847.212, 132
Trd, 8639848.112, 109
Trd, 8639848.312, 110
Trd, 8639848.779, 105
Trd, 8639848.879, 97
Trd, 8639849.179, 99
Trd, 8639849.546, 84
Trd, 8639849.579, 92
Trd, 8639849.612, 99
Trd, 8639849.912, 75
Trd, 8639850.312, 89
Trd, 8639851.046, 65
Trd, 8639851.779, 66
Trd, 8639852.146, 77
Trd, 8639852.979, 115
Trd, 8639853.146, 110
Trd, 8639854.112, 111
Trd, 8639854.379, 119
Trd, 8639854.512, 107
Trd, 8639854.646, 112
Trd, 8639855.012, 103
Trd, 8639855.712, 97
Trd, 8639856.379, 96
Trd, 8639856.512, 89
Trd, 8639857.112, 84
Trd, 8639857.546, 81
Trd, 8639857.912, 137
Trd, 8639858.046, 121
Trd, 8639858.412, 89
Trd, 8639859.112, 76
Trd, 8639859.479, 112
Trd, 8639861.146, 115
Trd, 8639861.779, 105
Trd, 8639861.846, 98
Trd, 8639862.446, 127
Trd, 8639862.946, 114
Trd, 8639863.546, 101
Trd, 8639863.646, 112
Trd, 8639863.946, 98
Trd, 8639864.112, 93
Trd, 8639864.512, 90
Trd, 8639864.712, 80
Trd, 8639864.812, 92
Trd, 8639866.146, 128
Trd, 8639866.446, 134
Trd, 8639866.546, 126
Trd, 8639868.012, 140
Trd, 8639868.079, 140
Trd, 8639868.279, 107
Trd, 8639869.479, 119
Trd, 8639869.546, 117
Trd, 8639870.846, 115
Trd, 8639871.246, 104
Trd, 8639871.379, 99
Trd, 8639872.046, 90
Trd, 8639872.746, 133
Trd, 8639873.546, 135
Trd, 8639873.846, 126
Trd, 8639873.946, 116
Trd, 8639874.079, 97
Trd, 8639874.312, 88
Trd, 8639874.612, 85
Trd, 8639874.679, 95
Trd, 8639875.279, 135
Trd, 8639875.446, 64
Trd, 8639875.846, 66
Trd, 8639876.246, 79
Trd, 8639878.212, 115
Trd, 8639878.312, 123
Trd, 8639878.512, 130
Trd, 8639878.646, 120
Trd, 8639879.146, 114
Trd, 8639880.212, 106
Trd, 8639880.879, 113
Trd, 8639880.979, 118
Trd, 8639881.212, 134
Trd, 8639881.312, 103
Trd, 8639881.946, 127
Trd, 8639883.079, 89
Trd, 8639883.612, 129
Trd, 8639884.012, 122
Trd, 8639884.212, 134
Trd, 8639885.046, 106
Trd, 8639885.279, 101
Trd, 8639885.312, 100
Trd, 8639886.246, 99
Trd, 8639886.312, 114
Trd, 8639886.412, 128
Trd, 8639886.979, 106
Trd, 8639887.412, 89
Trd, 8639888.312, 114
Trd, 8639888.979, 101
Trd, 8639889.046, 90
Trd, 8639889.112, 106
Trd, 8639889.146, 115
Trd, 8639889.512, 137
Trd, 8639890.546, 108
Trd, 8639891.312, 102
Trd, 8639891.912, 95
Trd, 8639892.946, 100
Trd, 8639892.979, 123
Trd, 8639893.412, 135
Trd, 8639893.612, 116
Trd, 8639894.046, 104
Trd, 8639894.112, 99
Trd, 8639894.512, 86
Trd, 8639895.146, 118
Trd, 8639895.746, 108
Trd, 8639895.946, 98
Trd, 8639896.746, 89
Trd, 8639896.912, 77
Trd, 8639897.979, 117
Trd, 8639898.379, 110
Trd, 8639898.846, 140
Trd, 8639898.946, 110
Trd, 8639899.346, 127
Trd, 8639900.912, 132
Trd, 8639901.179, 124
Trd, 8639901.712, 119
Trd, 8639902.212, 129
Trd, 8639902.446, 118
Trd, 8639902.479, 112
Trd, 8639903.312, 134
Trd, 8639903.479, 100
Trd, 8639903.512, 96
Trd, 8639904.246, 83
Trd, 8639904.646, 79
Trd, 8639904.979, 74
Trd, 8639905.312, 77
Trd, 8639905.546, 95
Trd, 8639905.612, 100
Trd, 8639906.479, 83
Trd, 8639907.546, 140
Trd, 8639908.746, 124
Trd, 8639908.879, 120
Trd, 8639909.346, 115
Trd, 8639910.546, 123
Trd, 8639910.579, 112
Trd, 8639912.612, 129
Trd, 8639913.012, 136
Trd, 8639914.046, 102
Trd, 8639914.479, 110
Trd, 8639915.046, 119
Trd, 8639915.146, 97
Trd, 8639915.612, 97
Trd, 8639915.679, 91
Trd, 8639916.579, 125
Trd, 8639917.646, 111
Trd, 8639917.812, 117
Trd, 8639918.012, 103
Trd, 8639918.046, 97
Trd, 8639918.146, 76
Trd, 8639918.612, 75
Trd, 8639918.879, 106
Trd, 8639919.179, 105
Trd, 8639921.946, 136
Trd, 8639922.012, 135
Trd, 8639922.146, 110
Trd, 8639922.546, 139
Trd, 8639922.612, 130
Trd, 8639922.646, 119
Trd, 8639923.012, 94
Trd, 8639923.512, 107
Trd, 8639923.679, 104
Trd, 8639924.746, 94
Trd, 8639924.979, 90
Trd, 8639925.412, 109
Trd, 8639925.912, 86
Trd, 8639926.412, 79
Trd, 8639926.879, 106
Trd, 8639927.312, 125
Trd, 8639927.379, 109
Trd, 8639927.412, 104
Trd, 8639928.079, 120
Trd, 8639928.646, 102
Trd, 8639928.746, 68
Trd, 8639929.946, 105
Trd, 8639930.979, 140
Trd, 8639931.179, 129
Trd, 8639931.479, 127
Trd, 8639931.779, 116
Trd, 8639932.579, 111
Trd, 8639932.979, 81
Trd, 8639933.912, 110
Trd, 8639934.112, 107
Trd, 8639934.246, 107
Trd, 8639934.712, 99
Trd, 8639934.879, 114
Trd, 8639935.212, 86
Trd, 8639935.612, 66
Trd, 8639935.979, 69
Trd, 8639936.779, 111
Trd, 8639936.879, 94
Trd, 8639937.412, 102
Trd, 8639937.946, 118
Trd, 8639938.512, 89
Trd, 8639938.912, 81
Trd, 8639939.412, 74
Trd, 8639939.512, 104
Trd, 8639939.946, 125
Trd, 8639940.746, 88
Trd, 8639941.346, 100
Trd, 8639942.679, 109
Trd, 8639943.012, 105
Trd, 8639943.212, 92
Trd, 8639943.712, 104
Trd, 8639943.846, 88
Trd, 8639944.079, 93
Trd, 8639944.379, 95
Trd, 8639945.046, 129
Trd, 8639945.346, 121
Trd, 8639945.612, 130
Trd, 8639945.846, 117
Trd, 8639946.012, 123
Trd, 8639946.146, 121
Trd, 8639946.812, 114
Trd, 8639947.346, 108
Trd, 8639948.912, 103
Trd, 8639949.079, 106
Trd, 8639949.946, 101
Trd, 8639950.279, 91
Trd, 8639950.379, 95
Trd, 8639950.846, 128
Trd, 8639951.446, 129
Trd, 8639952.112, 114
Trd, 8639952.246, 106
Trd, 8639952.279, 104
Trd, 8639952.779, 138
Trd, 8639953.279, 115
Trd, 8639953.612, 128
Trd, 8639954.746, 132
Trd, 8639954.946, 103
Trd, 8639955.246, 101
Trd, 8639955.846, 96
Trd, 8639956.612, 79
Trd, 8639957.246, 134
Trd, 8639957.512, 122
Trd, 8639957.879, 99
Trd, 8639958.579, 117
Trd, 8639958.646, 114
Trd, 8639958.712, 103
Trd, 8639959.379, 105
Trd, 8639959.712, 111
Trd, 8639959.879, 109
Trd, 8639960.946, 93
Trd, 8639961.679, 105
Trd, 8639962.112, 94
Trd, 8639962.512, 135
Trd, 8639962.979, 87
Trd, 8639963.179, 125
Trd, 8639963.312, 96
Trd, 8639963.479, 96
Trd, 8639963.912, 106
Trd, 8639965.112, 101
Trd, 8639966.712, 96
Trd, 8639966.746, 124
Trd, 8639966.779, 81
Trd, 8639967.579, 134
Trd, 8639968.312, 126
Trd, 8639968.679, 99
Trd, 8639968.946, 94
Trd, 8639969.712, 100
Trd, 8639970.512, 107
Trd, 8639970.846, 137
Trd, 8639970.979, 98
Trd, 8639972.012, 138
Trd, 8639972.179, 102
Trd, 8639972.746, 102
Trd, 8639973.246, 109
Trd, 8639973.312, 117
Trd, 8639973.879, 132
Trd, 8639974.179, 135
Trd, 8639974.479, 116
Trd, 8639974.612, 91
Trd, 8639976.079, 106
Trd, 8639976.479, 100
Trd, 8639976.612, 94
Trd, 8639976.712, 125
Trd, 8639976.812, 83
Trd, 8639977.079, 73
Trd, 8639977.212, 68
Trd, 8639977.946, 61
Trd, 8639978.112, 81
Trd, 8639979.312, 101
Trd, 8639979.912, 123
Trd, 8639981.179, 98
Trd, 8639981.279, 101
Trd, 8639981.412, 96
Trd, 8639981.446, 88
Trd, 8639982.179, 113
Trd, 8639982.546, 112
Trd, 8639982.779, 104
Trd, 8639983.346, 87
Trd, 8639984.046, 100
Trd, 8639984.212, 102
Trd, 8639984.246, 84
Trd, 8639984.579, 119
Trd, 8639984.812, 106
Trd, 8639985.712, 124
Trd, 8639986.112, 92
Trd, 8639987.679, 107
Trd, 8639987.746, 105
Trd, 8639988.646, 103
Trd, 8639989.246, 88
Trd, 8639989.279, 129
Trd, 8639989.812, 128
Trd, 8639990.046, 128
Trd, 8639990.912, 140
Trd, 8639991.079, 115
Trd, 8639992.079, 139
Trd, 8639992.246, 134
Trd, 8639992.679, 122
Trd, 8639992.912, 112
Trd, 8639993.979, 129
Trd, 8639994.046, 117
Trd, 8639994.312, 104
Trd, 8639995.212, 107
Trd, 8639995.446, 139
Trd, 8639996.412, 134
Trd, 8639996.446, 127
Trd, 8639998.479, 132
Trd, 8639999.012, 111
Trd, 8639999.146, 105
Trd, 8639999.246, 102
