Trd, 8638775.879, 140
Trd, 8638775.946, 129
Trd, 8638776.479, 84
Trd, 8638776.846, 83
Trd, 8638777.179, 118
Trd, 8638777.746, 139
Trd, 8638779.046, 140
Trd, 8638779.979, 140
Trd, 8638780.012, 138
Trd, 8638780.312, 140
Trd, 8638780.379, 138
Trd, 8638780.879, 140
Trd, 8638781.312, 112
Trd, 8638781.712, 140
Trd, 8638782.279, 140
Trd, 8638782.846, 140
Trd, 8638783.112, 140
Trd, 8638783.346, 140
Trd, 8638783.412, 130
Trd, 8638783.579, 136
Trd, 8638784.946, 140
Trd, 8638785.379, 140
Trd, 8638785.546, 140
Trd, 8638786.412, 137
Trd, 8638786.712, 67
Trd, 8638786.946, 60
Trd, 8638787.046, 60
Trd, 8638787.746, 140
Trd, 8638787.779, 136
Trd, 8638788.512, 140
Trd, 8638789.679, 140
Trd, 8638789.946, 140
Trd, 8638790.412, 140
Trd, 8638790.579, 140
Trd, 8638791.079, 140
Trd, 8638792.279, 140
Trd, 8638792.479, 140
Trd, 8638792.679, 140
Trd, 8638792.946, 113
Trd, 8638793.612, 122
Trd, 8638793.846, 138
Trd, 8638794.312, 63
Trd, 8638794.446, 79
Trd, 8638794.746, 64
Trd, 8638795.146, 62
Trd, 8638795.212, 75
Trd, 8638795.379, 65
Trd, 8638796.479, 140
Trd, 8638796.546, 140
Trd, 8638796.846, 140
Trd, 8638797.579, 140
Trd, 8638797.812, 140
Trd, 8638798.812, 139
Trd, 8638799.812, 140
Trd, 8638799.979, 139
Trd, 8638800.179, 139
Trd, 8638800.479, 139
Trd, 8638801.346, 138
Trd, 8638802.112, 97
Trd, 8638802.412, 116
Trd, 8638802.812, 140
Trd, 8638802.846, 134
Trd, 8638803.712, 62
Trd, 8638804.112, 60
Trd, 8638804.179, 61
Trd, 8638804.979, 60
Trd, 8638805.812, 62
Trd, 8638806.179, 64
Trd, 8638806.679, 62
Trd, 8638807.146, 60
Trd, 8638807.346, 61
Trd, 8638807.512, 66
Trd, 8638807.846, 68
Trd, 8638808.012, 65
Trd, 8638808.079, 118
Trd, 8638808.579, 66
Trd, 8638808.846, 72
Trd, 8638809.712, 66
Trd, 8638809.746, 74
Trd, 8638810.312, 64
Trd, 8638811.379, 60
Trd, 8638811.879, 71
Trd, 8638812.146, 63
Trd, 8638813.446, 140
Trd, 8638813.646, 140
Trd, 8638813.812, 140
Trd, 8638814.046, 140
Trd, 8638814.912, 140
Trd, 8638815.046, 140
Trd, 8638815.179, 140
Trd, 8638815.679, 140
Trd, 8638815.879, 139
Trd, 8638816.112, 137
Trd, 8638817.346, 140
Trd, 8638817.579, 139
Trd, 8638817.979, 138
Trd, 8638818.746, 140
Trd, 8638819.046, 140
Trd, 8638819.212, 140
Trd, 8638820.979, 140
Trd, 8638821.112, 140
Trd, 8638821.746, 140
Trd, 8638822.012, 140
Trd, 8638823.212, 140
Trd, 8638823.279, 140
Trd, 8638823.312, 140
Trd, 8638823.979, 140
Trd, 8638824.346, 140
Trd, 8638824.879, 140
Trd, 8638825.279, 140
Trd, 8638825.546, 140
Trd, 8638825.679, 139
Trd, 8638826.379, 140
Trd, 8638826.979, 116
Trd, 8638827.546, 133
Trd, 8638828.346, 140
Trd, 8638828.579, 140
Trd, 8638828.646, 139
Trd, 8638830.379, 140
Trd, 8638830.546, 140
Trd, 8638830.712, 140
Trd, 8638831.312, 140
Trd, 8638831.346, 140
Trd, 8638831.412, 139
Trd, 8638832.546, 140
Trd, 8638832.712, 139
Trd, 8638832.812, 139
Trd, 8638833.479, 106
Trd, 8638834.312, 140
Trd, 8638834.712, 137
Trd, 8638835.646, 138
Trd, 8638836.046, 138
Trd, 8638836.246, 139
Trd, 8638836.479, 140
Trd, 8638837.346, 135
Trd, 8638837.846, 140
Trd, 8638838.046, 140
Trd, 8638838.146, 140
Trd, 8638838.579, 140
Trd, 8638838.679, 140
Trd, 8638838.746, 129
Trd, 8638839.812, 94
Trd, 8638840.046, 138
Trd, 8638841.179, 137
Trd, 8638841.312, 117
Trd, 8638841.612, 111
Trd, 8638841.946, 138
Trd, 8638842.546, 140
Trd, 8638843.312, 140
Trd, 8638843.746, 140
Trd, 8638843.879, 139
Trd, 8638844.879, 140
Trd, 8638845.112, 138
Trd, 8638845.446, 137
Trd, 8638845.479, 107
Trd, 8638846.046, 95
Trd, 8638846.546, 120
Trd, 8638847.346, 65
Trd, 8638847.812, 77
Trd, 8638847.846, 138
Trd, 8638848.079, 73
Trd, 8638848.479, 63
Trd, 8638848.846, 65
Trd, 8638849.012, 66
Trd, 8638849.212, 65
Trd, 8638849.446, 66
Trd, 8638850.212, 139
Trd, 8638850.412, 69
Trd, 8638851.012, 60
Trd, 8638851.412, 64
Trd, 8638851.546, 120
Trd, 8638851.846, 62
Trd, 8638852.246, 139
Trd, 8638852.479, 138
Trd, 8638853.479, 116
Trd, 8638853.812, 140
Trd, 8638854.246, 140
Trd, 8638854.479, 140
Trd, 8638855.246, 140
Trd, 8638855.546, 139
Trd, 8638857.479, 140
Trd, 8638857.712, 140
Trd, 8638857.846, 140
Trd, 8638858.212, 140
Trd, 8638858.279, 139
Trd, 8638858.379, 140
Trd, 8638858.946, 140
Trd, 8638859.246, 140
Trd, 8638860.212, 140
Trd, 8638860.712, 140
Trd, 8638861.379, 140
Trd, 8638861.479, 140
Trd, 8638861.912, 140
Trd, 8638862.546, 140
Trd, 8638862.679, 139
Trd, 8638862.946, 136
Trd, 8638863.546, 134
Trd, 8638863.812, 122
Trd, 8638863.979, 60
Trd, 8638864.146, 115
Trd, 8638864.712, 140
Trd, 8638865.512, 140
Trd, 8638866.112, 140
Trd, 8638866.212, 140
Trd, 8638866.746, 140
Trd, 8638866.979, 139
Trd, 8638867.146, 138
Trd, 8638867.812, 140
Trd, 8638868.279, 134
Trd, 8638868.446, 131
Trd, 8638869.346, 132
Trd, 8638869.579, 139
Trd, 8638869.879, 134
Trd, 8638870.046, 94
Trd, 8638870.646, 140
Trd, 8638871.879, 138
Trd, 8638871.912, 105
Trd, 8638873.279, 140
Trd, 8638873.679, 140
Trd, 8638873.779, 140
Trd, 8638874.012, 140
Trd, 8638874.279, 139
Trd, 8638874.746, 140
Trd, 8638875.412, 140
Trd, 8638875.579, 140
Trd, 8638875.746, 140
Trd, 8638875.979, 140
Trd, 8638876.246, 114
Trd, 8638877.646, 140
Trd, 8638878.546, 140
Trd, 8638878.779, 140
Trd, 8638878.879, 139
Trd, 8638879.679, 140
Trd, 8638879.746, 140
Trd, 8638880.412, 137
Trd, 8638880.579, 139
Trd, 8638880.746, 86
Trd, 8638881.446, 140
Trd, 8638882.112, 72
Trd, 8638882.646, 61
Trd, 8638882.979, 62
Trd, 8638883.412, 61
Trd, 8638883.912, 67
Trd, 8638884.279, 140
Trd, 8638884.546, 140
Trd, 8638885.279, 140
Trd, 8638885.846, 139
Trd, 8638886.079, 138
Trd, 8638886.412, 137
Trd, 8638886.612, 139
Trd, 8638886.679, 138
Trd, 8638887.546, 140
Trd, 8638888.179, 69
Trd, 8638889.012, 140
Trd, 8638889.212, 140
Trd, 8638889.346, 110
Trd, 8638889.646, 62
Trd, 8638889.912, 62
Trd, 8638891.012, 118
Trd, 8638891.246, 140
Trd, 8638891.279, 116
Trd, 8638891.846, 140
Trd, 8638892.446, 99
Trd, 8638893.012, 138
Trd, 8638893.279, 102
Trd, 8638893.512, 69
Trd, 8638894.279, 71
Trd, 8638894.346, 102
Trd, 8638894.712, 105
Trd, 8638895.079, 63
Trd, 8638895.112, 74
Trd, 8638896.179, 63
Trd, 8638896.912, 140
Trd, 8638897.646, 140
Trd, 8638898.079, 140
Trd, 8638898.546, 140
Trd, 8638898.746, 140
Trd, 8638899.512, 140
Trd, 8638899.546, 140
Trd, 8638899.946, 140
Trd, 8638900.046, 140
Trd, 8638900.546, 139
Trd, 8638900.646, 139
Trd, 8638900.879, 140
Trd, 8638900.979, 139
Trd, 8638901.212, 114
Trd, 8638901.812, 138
Trd, 8638902.579, 137
Trd, 8638902.646, 88
Trd, 8638903.746, 140
Trd, 8638904.212, 140
Trd, 8638904.912, 140
Trd, 8638905.212, 140
Trd, 8638905.312, 140
Trd, 8638906.012, 140
Trd, 8638907.046, 140
Trd, 8638908.679, 140
Trd, 8638908.712, 140
Trd, 8638909.079, 140
Trd, 8638909.512, 140
Trd, 8638909.646, 140
Trd, 8638910.246, 139
Trd, 8638910.946, 140
Trd, 8638912.179, 140
Trd, 8638913.212, 140
Trd, 8638913.479, 140
Trd, 8638913.679, 140
Trd, 8638913.846, 140
Trd, 8638914.412, 140
Trd, 8638915.279, 140
Trd, 8638916.079, 140
Trd, 8638916.712, 140
Trd, 8638917.379, 140
Trd, 8638917.779, 140
Trd, 8638917.812, 140
Trd, 8638917.879, 140
Trd, 8638918.612, 140
Trd, 8638919.079, 140
Trd, 8638919.479, 140
Trd, 8638919.612, 140
Trd, 8638919.712, 140
Trd, 8638920.479, 137
Trd, 8638920.912, 140
Trd, 8638921.012, 125
Trd, 8638921.246, 140
Trd, 8638921.812, 140
Trd, 8638921.979, 140
Trd, 8638923.079, 140
Trd, 8638923.812, 140
Trd, 8638924.012, 140
Trd, 8638924.146, 139
Trd, 8638924.179, 139
Trd, 8638924.612, 140
Trd, 8638924.912, 140
Trd, 8638925.746, 140
Trd, 8638925.879, 109
Trd, 8638926.046, 104
Trd, 8638926.079, 83
Trd, 8638926.379, 140
Trd, 8638927.312, 139
Trd, 8638928.146, 140
Trd, 8638928.579, 125
Trd, 8638929.812, 139
Trd, 8638929.879, 134
Trd, 8638930.312, 124
Trd, 8638930.446, 69
Trd, 8638930.846, 140
Trd, 8638930.879, 140
Trd, 8638931.646, 110
Trd, 8638931.846, 111
Trd, 8638932.112, 112
Trd, 8638933.512, 140
Trd, 8638933.546, 140
Trd, 8638934.179, 140
Trd, 8638934.279, 140
Trd, 8638934.612, 140
Trd, 8638935.546, 140
Trd, 8638935.679, 140
Trd, 8638936.146, 140
Trd, 8638936.812, 139
Trd, 8638938.079, 140
Trd, 8638938.246, 140
Trd, 8638938.712, 139
Trd, 8638938.946, 138
Trd, 8638939.179, 128
Trd, 8638939.279, 135
Trd, 8638939.679, 140
Trd, 8638940.079, 140
Trd, 8638940.112, 140
Trd, 8638940.512, 109
Trd, 8638941.312, 140
Trd, 8638941.546, 139
Trd, 8638942.279, 140
Trd, 8638942.746, 124
Trd, 8638944.479, 140
Trd, 8638944.679, 140
Trd, 8638944.779, 140
Trd, 8638944.912, 140
Trd, 8638944.979, 140
Trd, 8638945.612, 140
Trd, 8638946.479, 140
Trd, 8638946.512, 139
Trd, 8638946.979, 132
Trd, 8638947.579, 127
Trd, 8638947.712, 139
Trd, 8638948.112, 130
Trd, 8638948.546, 139
Trd, 8638949.312, 140
Trd, 8638949.746, 140
Trd, 8638949.979, 140
Trd, 8638950.312, 140
Trd, 8638950.746, 140
Trd, 8638950.946, 139
Trd, 8638951.379, 128
Trd, 8638951.579, 113
Trd, 8638951.812, 140
Trd, 8638952.046, 112
Trd, 8638952.246, 140
Trd, 8638952.346, 140
Trd, 8638952.979, 138
Trd, 8638953.579, 129
Trd, 8638954.312, 140
Trd, 8638955.246, 137
Trd, 8638956.279, 140
Trd, 8638957.379, 140
Trd, 8638957.446, 140
Trd, 8638957.746, 137
Trd, 8638957.912, 139
Trd, 8638958.079, 122
Trd, 8638959.312, 140
Trd, 8638959.346, 139
Trd, 8638959.746, 140
Trd, 8638960.346, 140
Trd, 8638960.379, 140
Trd, 8638960.412, 139
Trd, 8638962.212, 140
Trd, 8638962.279, 140
Trd, 8638962.312, 139
Trd, 8638963.312, 140
Trd, 8638963.479, 140
Trd, 8638964.079, 140
Trd, 8638964.146, 125
Trd, 8638964.446, 115
Trd, 8638964.546, 114
Trd, 8638964.612, 86
Trd, 8638966.079, 140
Trd, 8638966.412, 140
Trd, 8638966.612, 140
Trd, 8638966.879, 140
Trd, 8638967.479, 140
Trd, 8638968.346, 140
Trd, 8638968.546, 140
Trd, 8638968.646, 140
Trd, 8638968.779, 140
Trd, 8638969.946, 140
Trd, 8638970.079, 140
Trd, 8638970.546, 139
Trd, 8638970.579, 136
Trd, 8638970.679, 122
Trd, 8638970.779, 138
Trd, 8638971.012, 121
Trd, 8638971.246, 67
Trd, 8638972.146, 139
Trd, 8638973.546, 140
Trd, 8638973.846, 140
Trd, 8638974.412, 140
Trd, 8638974.546, 140
Trd, 8638975.279, 140
Trd, 8638975.646, 140
Trd, 8638975.679, 136
Trd, 8638976.146, 140
Trd, 8638976.646, 140
Trd, 8638976.679, 140
Trd, 8638977.412, 140
Trd, 8638978.346, 140
Trd, 8638978.379, 140
Trd, 8638979.379, 140
Trd, 8638979.879, 140
Trd, 8638980.612, 140
Trd, 8638981.646, 140
Trd, 8638982.012, 140
Trd, 8638982.312, 140
Trd, 8638983.046, 140
Trd, 8638983.179, 139
Trd, 8638983.379, 139
Trd, 8638984.079, 138
Trd, 8638984.112, 137
Trd, 8638984.446, 140
Trd, 8638985.046, 140
Trd, 8638986.179, 140
Trd, 8638986.412, 140
Trd, 8638986.512, 140
Trd, 8638986.746, 140
Trd, 8638987.112, 140
Trd, 8638987.179, 120
Trd, 8638987.912, 91
Trd, 8638988.146, 137
Trd, 8638988.479, 106
Trd, 8638989.579, 139
Trd, 8638990.112, 139
Trd, 8638991.012, 140
Trd, 8638991.179, 140
Trd, 8638991.412, 139
Trd, 8638992.079, 140
Trd, 8638992.246, 140
Trd, 8638993.146, 140
Trd, 8638993.412, 140
Trd, 8638993.746, 140
Trd, 8638993.812, 139
Trd, 8638994.246, 139
Trd, 8638994.846, 101
Trd, 8638995.746, 140
Trd, 8638995.879, 140
Trd, 8638997.112, 140
Trd, 8638997.279, 140
Trd, 8638997.412, 140
Trd, 8638997.679, 140
Trd, 8638998.679, 140
Trd, 8638999.146, 140
Trd, 8638999.679, 140
Trd, 8639000.412, 140
Trd, 8639000.779, 140
Trd, 8639001.279, 140
Trd, 8639001.479, 137
Trd, 8639001.546, 128
Trd, 8639001.679, 135
Trd, 8639002.212, 140
Trd, 8639003.046, 140
Trd, 8639003.346, 140
Trd, 8639003.879, 140
Trd, 8639003.912, 140
Trd, 8639005.346, 140
Trd, 8639005.379, 127
Trd, 8639005.946, 79
Trd, 8639006.046, 74
Trd, 8639006.646, 140
Trd, 8639007.179, 140
Trd, 8639007.546, 140
Trd, 8639007.612, 140
Trd, 8639007.879, 139
Trd, 8639008.412, 139
Trd, 8639009.312, 140
Trd, 8639009.479, 139
Trd, 8639010.046, 140
Trd, 8639010.146, 139
Trd, 8639011.212, 140
Trd, 8639011.612, 140
Trd, 8639011.879, 139
Trd, 8639012.012, 108
Trd, 8639012.046, 103
Trd, 8639012.146, 89
Trd, 8639012.379, 78
Trd, 8639013.579, 140
Trd, 8639013.846, 140
Trd, 8639015.312, 130
Trd, 8639015.379, 117
Trd, 8639015.412, 116
Trd, 8639015.679, 131
Trd, 8639016.346, 139
Trd, 8639016.512, 140
Trd, 8639016.879, 138
Trd, 8639017.246, 140
Trd, 8639017.512, 140
Trd, 8639017.679, 140
Trd, 8639017.979, 130
Trd, 8639019.179, 86
Trd, 8639020.046, 135
Trd, 8639020.146, 85
Trd, 8639020.312, 71
Trd, 8639021.479, 140
Trd, 8639021.679, 138
Trd, 8639023.679, 140
Trd, 8639024.279, 140
Trd, 8639024.346, 140
Trd, 8639024.546, 140
Trd, 8639025.312, 140
Trd, 8639026.146, 140
Trd, 8639026.179, 140
Trd, 8639026.246, 140
Trd, 8639027.079, 140
Trd, 8639027.212, 140
Trd, 8639028.046, 139
Trd, 8639028.379, 140
Trd, 8639028.412, 117
Trd, 8639029.312, 139
Trd, 8639029.579, 95
Trd, 8639029.679, 80
Trd, 8639029.912, 124
Trd, 8639030.512, 80
Trd, 8639030.612, 80
Trd, 8639030.946, 138
Trd, 8639031.512, 140
Trd, 8639031.946, 84
Trd, 8639032.912, 140
Trd, 8639033.112, 140
Trd, 8639033.779, 140
Trd, 8639034.146, 140
Trd, 8639034.179, 140
Trd, 8639035.312, 140
Trd, 8639035.579, 140
Trd, 8639036.012, 140
Trd, 8639036.946, 140
Trd, 8639037.312, 140
Trd, 8639038.579, 140
Trd, 8639038.712, 140
Trd, 8639038.946, 140
Trd, 8639039.612, 140
Trd, 8639039.712, 140
Trd, 8639040.146, 140
Trd, 8639041.012, 140
Trd, 8639041.279, 139
Trd, 8639041.546, 140
Trd, 8639041.946, 140
Trd, 8639042.079, 139
Trd, 8639042.546, 137
Trd, 8639042.679, 135
Trd, 8639043.779, 140
Trd, 8639044.179, 140
Trd, 8639045.079, 140
Trd, 8639045.446, 140
Trd, 8639046.346, 140
Trd, 8639046.912, 140
Trd, 8639047.012, 140
Trd, 8639047.079, 140
Trd, 8639048.346, 140
Trd, 8639049.212, 140
Trd, 8639049.512, 140
Trd, 8639049.579, 140
Trd, 8639049.679, 138
Trd, 8639049.812, 138
Trd, 8639050.046, 140
Trd, 8639050.446, 140
Trd, 8639051.146, 140
Trd, 8639051.512, 140
Trd, 8639051.579, 139
Trd, 8639051.746, 139
Trd, 8639052.146, 139
Trd, 8639052.946, 140
Trd, 8639053.379, 140
Trd, 8639053.946, 140
Trd, 8639054.212, 139
Trd, 8639054.679, 140
Trd, 8639054.812, 140
Trd, 8639055.212, 139
Trd, 8639055.679, 138
Trd, 8639056.012, 134
Trd, 8639056.146, 138
Trd, 8639056.546, 139
Trd, 8639056.846, 109
Trd, 8639057.046, 129
Trd, 8639057.546, 88
Trd, 8639057.779, 140
Trd, 8639058.412, 140
Trd, 8639058.846, 140
Trd, 8639059.612, 140
Trd, 8639059.779, 140
Trd, 8639060.112, 140
Trd, 8639060.479, 138
Trd, 8639061.046, 139
Trd, 8639061.246, 91
Trd, 8639062.146, 140
Trd, 8639062.346, 140
Trd, 8639063.946, 140
Trd, 8639064.379, 139
Trd, 8639064.946, 140
Trd, 8639065.446, 140
Trd, 8639065.846, 140
Trd, 8639066.312, 140
Trd, 8639066.779, 140
Trd, 8639066.846, 140
Trd, 8639066.879, 139
Trd, 8639066.946, 139
Trd, 8639068.312, 139
Trd, 8639068.446, 107
Trd, 8639069.346, 140
Trd, 8639069.612, 140
Trd, 8639069.746, 140
Trd, 8639070.712, 138
Trd, 8639071.179, 140
Trd, 8639071.479, 140
Trd, 8639072.179, 139
Trd, 8639072.279, 137
Trd, 8639072.879, 140
Trd, 8639072.912, 139
Trd, 8639073.312, 118
Trd, 8639073.646, 139
Trd, 8639074.879, 140
Trd, 8639074.946, 137
Trd, 8639075.046, 114
Trd, 8639075.546, 108
Trd, 8639075.712, 83
Trd, 8639076.379, 140
Trd, 8639076.579, 140
Trd, 8639076.812, 140
Trd, 8639077.679, 140
Trd, 8639079.079, 140
Trd, 8639079.146, 140
Trd, 8639079.212, 140
Trd, 8639079.546, 139
Trd, 8639079.646, 140
Trd, 8639079.779, 139
Trd, 8639079.979, 140
Trd, 8639080.279, 104
Trd, 8639080.946, 140
Trd, 8639081.179, 140
Trd, 8639081.512, 135
Trd, 8639082.212, 132
Trd, 8639082.879, 140
Trd, 8639083.246, 140
Trd, 8639084.146, 140
Trd, 8639084.679, 140
Trd, 8639084.846, 140
Trd, 8639085.579, 140
Trd, 8639086.146, 140
Trd, 8639086.212, 138
Trd, 8639086.779, 122
Trd, 8639087.012, 139
Trd, 8639087.512, 140
Trd, 8639087.712, 139
Trd, 8639088.012, 140
Trd, 8639088.346, 140
Trd, 8639088.646, 129
Trd, 8639088.879, 140
Trd, 8639089.312, 122
Trd, 8639089.546, 119
Trd, 8639089.679, 88
Trd, 8639089.879, 120
Trd, 8639090.379, 116
Trd, 8639091.446, 140
Trd, 8639091.512, 139
Trd, 8639091.612, 133
Trd, 8639091.679, 122
Trd, 8639091.846, 115
Trd, 8639092.046, 62
Trd, 8639092.279, 60
Trd, 8639093.146, 139
Trd, 8639093.646, 140
Trd, 8639094.012, 140
Trd, 8639095.746, 140
Trd, 8639095.879, 140
Trd, 8639096.679, 140
Trd, 8639097.012, 140
Trd, 8639097.479, 140
Trd, 8639097.612, 140
Trd, 8639097.812, 139
Trd, 8639098.512, 138
Trd, 8639099.079, 140
Trd, 8639099.612, 140
Trd, 8639099.912, 140
Trd, 8639100.212, 140
Trd, 8639100.712, 139
Trd, 8639100.746, 137
Trd, 8639101.046, 101
Trd, 8639101.546, 123
Trd, 8639102.046, 137
Trd, 8639102.412, 140
Trd, 8639103.046, 104
Trd, 8639103.346, 61
Trd, 8639103.546, 61
Trd, 8639103.979, 60
Trd, 8639104.212, 62
Trd, 8639104.879, 60
Trd, 8639105.479, 61
Trd, 8639105.912, 60
Trd, 8639106.212, 60
Trd, 8639106.812, 63
Trd, 8639106.879, 64
Trd, 8639107.512, 62
Trd, 8639107.912, 116
Trd, 8639108.512, 134
Trd, 8639108.946, 63
Trd, 8639109.046, 68
Trd, 8639110.979, 60
Trd, 8639111.179, 62
Trd, 8639111.812, 60
Trd, 8639112.046, 63
Trd, 8639112.546, 67
Trd, 8639112.912, 62
Trd, 8639112.979, 68
Trd, 8639113.112, 113
Trd, 8639113.446, 61
Trd, 8639113.712, 78
Trd, 8639113.912, 131
Trd, 8639114.346, 65
Trd, 8639114.646, 62
Trd, 8639114.879, 62
Trd, 8639115.346, 114
Trd, 8639115.746, 69
Trd, 8639116.246, 60
Trd, 8639116.612, 140
Trd, 8639117.179, 140
Trd, 8639117.779, 140
Trd, 8639118.012, 91
Trd, 8639118.412, 85
Trd, 8639118.712, 127
Trd, 8639119.012, 139
Trd, 8639119.179, 119
Trd, 8639120.079, 140
Trd, 8639120.379, 140
Trd, 8639121.246, 140
Trd, 8639123.112, 140
Trd, 8639123.679, 140
Trd, 8639123.912, 140
Trd, 8639124.312, 140
Trd, 8639124.579, 140
Trd, 8639124.846, 140
Trd, 8639124.979, 140
Trd, 8639126.246, 140
Trd, 8639126.646, 140
Trd, 8639126.979, 140
Trd, 8639127.946, 140
Trd, 8639128.079, 140
Trd, 8639128.179, 140
Trd, 8639128.346, 139
Trd, 8639129.012, 139
Trd, 8639129.779, 140
Trd, 8639130.079, 140
Trd, 8639130.546, 140
Trd, 8639130.946, 68
Trd, 8639131.279, 140
Trd, 8639131.379, 140
Trd, 8639131.712, 129
Trd, 8639132.312, 138
Trd, 8639133.746, 140
Trd, 8639133.879, 140
Trd, 8639134.012, 139
Trd, 8639134.312, 72
Trd, 8639134.579, 106
Trd, 8639135.212, 60
Trd, 8639135.346, 63
Trd, 8639135.479, 68
Trd, 8639136.312, 61
Trd, 8639137.246, 60
Trd, 8639138.012, 60
Trd, 8639138.046, 63
Trd, 8639138.079, 65
Trd, 8639138.112, 66
Trd, 8639138.446, 140
Trd, 8639138.579, 140
Trd, 8639139.646, 138
Trd, 8639140.446, 140
Trd, 8639141.012, 140
Trd, 8639141.146, 138
Trd, 8639141.712, 139
Trd, 8639141.946, 96
Trd, 8639142.012, 76
Trd, 8639142.746, 139
Trd, 8639142.846, 139
Trd, 8639143.579, 140
Trd, 8639143.912, 140
Trd, 8639144.979, 140
Trd, 8639145.279, 140
Trd, 8639145.646, 140
Trd, 8639146.246, 139
Trd, 8639146.479, 139
Trd, 8639146.646, 138
Trd, 8639146.779, 135
Trd, 8639146.979, 90
Trd, 8639148.112, 139
Trd, 8639148.346, 140
Trd, 8639149.446, 140
Trd, 8639149.546, 139
Trd, 8639149.679, 140
Trd, 8639149.812, 140
Trd, 8639150.679, 140
Trd, 8639151.479, 139
Trd, 8639152.379, 139
Trd, 8639153.079, 140
Trd, 8639153.179, 140
Trd, 8639153.312, 137
Trd, 8639153.546, 140
Trd, 8639153.779, 140
Trd, 8639154.279, 140
Trd, 8639154.512, 122
Trd, 8639154.646, 121
Trd, 8639155.212, 112
Trd, 8639155.979, 140
Trd, 8639156.579, 105
Trd, 8639158.146, 140
Trd, 8639158.179, 140
Trd, 8639158.279, 140
Trd, 8639158.646, 140
Trd, 8639158.712, 139
Trd, 8639158.812, 138
Trd, 8639159.179, 140
Trd, 8639161.046, 139
Trd, 8639161.212, 138
Trd, 8639161.912, 139
Trd, 8639162.079, 139
Trd, 8639162.246, 140
Trd, 8639162.479, 139
Trd, 8639162.746, 139
Trd, 8639163.279, 138
Trd, 8639164.412, 140
Trd, 8639164.546, 140
Trd, 8639165.112, 140
Trd, 8639165.546, 140
Trd, 8639167.046, 140
Trd, 8639167.379, 140
Trd, 8639168.246, 140
Trd, 8639168.279, 140
Trd, 8639168.379, 140
Trd, 8639168.746, 140
Trd, 8639169.146, 140
Trd, 8639169.646, 139
Trd, 8639170.012, 140
Trd, 8639170.246, 139
Trd, 8639170.379, 140
Trd, 8639171.112, 140
Trd, 8639171.746, 140
Trd, 8639172.746, 140
Trd, 8639173.112, 140
Trd, 8639173.212, 140
Trd, 8639173.479, 140
Trd, 8639173.979, 140
Trd, 8639175.512, 138
Trd, 8639176.012, 140
Trd, 8639176.112, 137
Trd, 8639176.546, 139
Trd, 8639177.279, 140
Trd, 8639177.679, 140
Trd, 8639178.079, 140
Trd, 8639178.846, 140
Trd, 8639179.179, 140
Trd, 8639179.612, 140
Trd, 8639179.979, 139
Trd, 8639180.946, 138
Trd, 8639181.579, 138
Trd, 8639181.812, 137
Trd, 8639181.879, 140
Trd, 8639182.412, 109
Trd, 8639182.846, 110
Trd, 8639182.979, 108
Trd, 8639183.446, 130
Trd, 8639183.612, 89
Trd, 8639183.946, 140
Trd, 8639184.112, 92
Trd, 8639184.312, 140
Trd, 8639184.579, 109
Trd, 8639184.846, 94
Trd, 8639185.012, 93
Trd, 8639186.779, 60
Trd, 8639186.879, 60
Trd, 8639187.012, 61
Trd, 8639187.612, 61
Trd, 8639188.146, 60
Trd, 8639188.612, 62
Trd, 8639188.812, 62
Trd, 8639189.012, 61
Trd, 8639190.346, 138
Trd, 8639190.812, 140
Trd, 8639190.946, 95
Trd, 8639191.479, 101
Trd, 8639191.679, 101
Trd, 8639192.279, 131
Trd, 8639192.579, 100
Trd, 8639192.746, 138
Trd, 8639193.379, 121
Trd, 8639193.612, 140
Trd, 8639195.512, 140
Trd, 8639195.846, 140
Trd, 8639195.979, 140
Trd, 8639196.012, 140
Trd, 8639196.912, 140
Trd, 8639197.346, 140
Trd, 8639197.512, 140
Trd, 8639197.579, 139
Trd, 8639197.679, 86
Trd, 8639197.712, 68
Trd, 8639199.346, 140
Trd, 8639199.846, 140
Trd, 8639200.446, 140
Trd, 8639200.479, 140
Trd, 8639201.679, 140
Trd, 8639201.879, 139
Trd, 8639201.946, 138
Trd, 8639202.312, 138
Trd, 8639202.846, 92
Trd, 8639203.112, 86
Trd, 8639203.279, 85
Trd, 8639203.446, 75
Trd, 8639204.012, 84
Trd, 8639204.512, 89
Trd, 8639204.712, 91
Trd, 8639204.946, 140
Trd, 8639205.812, 136
Trd, 8639205.879, 108
Trd, 8639205.912, 102
Trd, 8639206.546, 60
Trd, 8639207.446, 61
Trd, 8639207.546, 109
Trd, 8639208.312, 63
Trd, 8639208.412, 132
Trd, 8639208.646, 60
Trd, 8639209.146, 129
Trd, 8639210.079, 60
Trd, 8639211.046, 61
Trd, 8639211.146, 63
Trd, 8639211.512, 77
Trd, 8639211.746, 139
Trd, 8639212.079, 139
Trd, 8639212.312, 138
Trd, 8639212.646, 89
Trd, 8639213.512, 61
Trd, 8639214.046, 139
Trd, 8639214.112, 139
Trd, 8639214.346, 68
Trd, 8639215.179, 61
Trd, 8639216.512, 60
Trd, 8639216.579, 60
Trd, 8639216.746, 61
Trd, 8639217.646, 60
Trd, 8639218.412, 60
Trd, 8639218.546, 64
Trd, 8639219.179, 61
Trd, 8639219.479, 66
Trd, 8639219.546, 67
Trd, 8639220.279, 140
Trd, 8639220.346, 140
Trd, 8639220.379, 140
Trd, 8639220.479, 140
Trd, 8639221.112, 60
Trd, 8639221.446, 63
Trd, 8639221.612, 139
Trd, 8639222.812, 63
Trd, 8639224.112, 60
Trd, 8639224.512, 61
Trd, 8639224.546, 61
Trd, 8639224.646, 62
Trd, 8639225.579, 61
Trd, 8639225.712, 61
Trd, 8639225.879, 62
Trd, 8639226.312, 61
Trd, 8639226.346, 65
Trd, 8639226.512, 63
Trd, 8639226.679, 65
Trd, 8639226.812, 66
Trd, 8639227.112, 119
Trd, 8639227.379, 140
Trd, 8639228.179, 90
Trd, 8639228.346, 77
Trd, 8639228.779, 140
Trd, 8639229.946, 140
Trd, 8639230.712, 140
Trd, 8639231.846, 140
Trd, 8639232.546, 140
Trd, 8639232.979, 140
Trd, 8639233.279, 140
Trd, 8639233.546, 139
Trd, 8639233.946, 140
Trd, 8639234.112, 139
Trd, 8639234.412, 140
Trd, 8639234.846, 140
Trd, 8639235.512, 140
Trd, 8639236.312, 140
Trd, 8639236.546, 138
Trd, 8639236.879, 140
Trd, 8639236.979, 140
Trd, 8639237.646, 76
Trd, 8639237.779, 73
Trd, 8639237.912, 139
Trd, 8639238.546, 130
Trd, 8639238.846, 135
Trd, 8639239.679, 140
Trd, 8639239.712, 140
Trd, 8639239.812, 138
Trd, 8639241.179, 140
Trd, 8639242.112, 140
Trd, 8639242.346, 140
Trd, 8639242.379, 140
Trd, 8639242.512, 140
Trd, 8639243.379, 140
Trd, 8639243.479, 140
Trd, 8639243.812, 140
Trd, 8639244.012, 140
Trd, 8639244.112, 140
Trd, 8639245.212, 140
Trd, 8639245.379, 140
Trd, 8639245.612, 139
Trd, 8639246.146, 140
Trd, 8639246.812, 97
Trd, 8639247.212, 97
Trd, 8639247.746, 140
Trd, 8639248.479, 140
Trd, 8639248.646, 140
Trd, 8639248.679, 140
Trd, 8639249.146, 140
Trd, 8639249.312, 139
Trd, 8639249.779, 140
Trd, 8639249.879, 140
Trd, 8639250.646, 140
Trd, 8639250.879, 140
Trd, 8639251.079, 138
Trd, 8639252.212, 137
Trd, 8639252.746, 140
Trd, 8639252.912, 140
Trd, 8639253.512, 140
Trd, 8639253.979, 140
Trd, 8639254.312, 140
Trd, 8639254.546, 140
Trd, 8639255.279, 140
Trd, 8639255.546, 140
Trd, 8639255.946, 135
Trd, 8639257.912, 140
Trd, 8639258.079, 140
Trd, 8639258.112, 140
Trd, 8639258.312, 140
Trd, 8639259.046, 140
Trd, 8639259.812, 140
Trd, 8639259.912, 140
Trd, 8639260.012, 139
Trd, 8639260.446, 139
Trd, 8639260.612, 139
Trd, 8639260.746, 134
Trd, 8639261.479, 117
Trd, 8639262.046, 139
Trd, 8639262.112, 106
Trd, 8639262.212, 105
Trd, 8639262.446, 61
Trd, 8639262.979, 137
Trd, 8639264.012, 65
Trd, 8639264.112, 66
Trd, 8639264.346, 60
Trd, 8639264.579, 62
Trd, 8639265.412, 64
Trd, 8639265.946, 63
Trd, 8639266.779, 62
Trd, 8639266.979, 61
Trd, 8639267.546, 140
Trd, 8639267.679, 99
Trd, 8639268.279, 68
Trd, 8639268.479, 140
Trd, 8639268.846, 63
Trd, 8639269.779, 60
Trd, 8639270.779, 60
Trd, 8639270.846, 60
Trd, 8639271.146, 60
Trd, 8639272.379, 60
Trd, 8639272.712, 60
Trd, 8639272.746, 65
Trd, 8639273.046, 63
Trd, 8639273.079, 65
Trd, 8639273.246, 65
Trd, 8639275.012, 60
Trd, 8639275.146, 60
Trd, 8639275.212, 60
Trd, 8639276.779, 60
Trd, 8639277.379, 60
Trd, 8639277.779, 64
Trd, 8639278.112, 60
Trd, 8639278.579, 61
Trd, 8639278.679, 61
Trd, 8639279.012, 62
Trd, 8639279.579, 61
Trd, 8639279.746, 61
Trd, 8639279.779, 62
Trd, 8639280.112, 61
Trd, 8639280.479, 140
Trd, 8639280.779, 64
Trd, 8639280.979, 140
Trd, 8639281.346, 61
Trd, 8639282.346, 140
Trd, 8639282.779, 139
Trd, 8639282.946, 140
Trd, 8639284.246, 140
Trd, 8639284.446, 140
Trd, 8639284.746, 140
Trd, 8639284.779, 139
Trd, 8639285.212, 140
Trd, 8639285.379, 140
Trd, 8639285.879, 140
Trd, 8639286.212, 140
Trd, 8639287.212, 140
Trd, 8639288.046, 140
Trd, 8639288.279, 131
Trd, 8639288.879, 140
Trd, 8639289.046, 130
Trd, 8639289.246, 120
Trd, 8639289.512, 139
Trd, 8639290.212, 129
Trd, 8639290.512, 105
Trd, 8639290.912, 139
Trd, 8639292.146, 140
Trd, 8639292.746, 140
Trd, 8639293.846, 140
Trd, 8639293.912, 140
Trd, 8639294.379, 140
Trd, 8639294.579, 140
Trd, 8639294.846, 140
Trd, 8639295.212, 140
Trd, 8639295.946, 140
Trd, 8639296.312, 140
Trd, 8639296.579, 140
Trd, 8639296.679, 140
Trd, 8639296.712, 139
Trd, 8639296.812, 138
Trd, 8639296.912, 138
Trd, 8639297.646, 137
Trd, 8639298.446, 138
Trd, 8639298.779, 139
Trd, 8639298.879, 127
Trd, 8639299.512, 139
Trd, 8639299.746, 140
Trd, 8639299.846, 115
Trd, 8639299.946, 107
Trd, 8639300.179, 106
Trd, 8639300.379, 60
Trd, 8639301.512, 138
Trd, 8639301.846, 139
Trd, 8639302.446, 140
Trd, 8639302.812, 95
Trd, 8639303.379, 137
Trd, 8639303.612, 140
Trd, 8639303.712, 94
Trd, 8639304.579, 140
Trd, 8639305.479, 140
Trd, 8639306.212, 140
Trd, 8639306.712, 140
Trd, 8639306.846, 140
Trd, 8639306.979, 140
Trd, 8639308.012, 139
Trd, 8639308.212, 140
Trd, 8639308.412, 140
Trd, 8639308.512, 139
Trd, 8639308.679, 138
Trd, 8639309.046, 60
Trd, 8639309.312, 118
Trd, 8639309.612, 60
Trd, 8639310.279, 65
Trd, 8639310.812, 66
Trd, 8639311.079, 71
Trd, 8639311.879, 61
Trd, 8639312.212, 60
Trd, 8639312.479, 72
Trd, 8639313.012, 124
Trd, 8639313.412, 62
Trd, 8639314.046, 138
Trd, 8639314.079, 137
Trd, 8639314.679, 60
Trd, 8639314.879, 67
Trd, 8639315.146, 67
Trd, 8639316.046, 64
Trd, 8639316.446, 61
Trd, 8639316.679, 63
Trd, 8639317.212, 67
Trd, 8639317.679, 65
Trd, 8639317.779, 69
Trd, 8639318.746, 74
Trd, 8639318.946, 75
Trd, 8639319.246, 75
Trd, 8639319.446, 74
Trd, 8639320.179, 140
Trd, 8639320.646, 140
Trd, 8639320.846, 140
Trd, 8639321.279, 61
Trd, 8639321.412, 62
Trd, 8639321.879, 62
Trd, 8639322.079, 61
Trd, 8639322.946, 62
Trd, 8639323.146, 75
Trd, 8639323.546, 86
Trd, 8639324.879, 139
Trd, 8639325.146, 125
Trd, 8639325.312, 140
Trd, 8639325.579, 125
Trd, 8639326.579, 140
Trd, 8639326.712, 140
Trd, 8639327.212, 140
Trd, 8639327.246, 140
Trd, 8639327.412, 138
Trd, 8639328.246, 140
Trd, 8639328.479, 140
Trd, 8639328.846, 140
Trd, 8639329.279, 140
Trd, 8639329.512, 140
Trd, 8639329.846, 140
Trd, 8639330.179, 113
Trd, 8639330.546, 140
Trd, 8639331.546, 139
Trd, 8639331.579, 138
Trd, 8639332.712, 139
Trd, 8639332.979, 140
Trd, 8639333.946, 128
Trd, 8639334.112, 129
Trd, 8639334.479, 129
Trd, 8639334.579, 128
Trd, 8639334.912, 114
Trd, 8639335.246, 140
Trd, 8639336.512, 140
Trd, 8639336.879, 140
Trd, 8639337.279, 140
Trd, 8639337.646, 140
Trd, 8639338.679, 140
Trd, 8639338.879, 138
Trd, 8639339.546, 136
Trd, 8639339.612, 134
Trd, 8639339.712, 133
Trd, 8639340.379, 139
Trd, 8639340.779, 139
Trd, 8639341.246, 140
Trd, 8639342.512, 140
Trd, 8639343.146, 140
Trd, 8639343.512, 140
Trd, 8639343.679, 140
Trd, 8639343.979, 138
Trd, 8639344.179, 138
Trd, 8639344.379, 140
Trd, 8639344.612, 137
Trd, 8639345.112, 129
Trd, 8639345.712, 140
Trd, 8639346.012, 140
Trd, 8639346.512, 140
Trd, 8639346.712, 138
Trd, 8639347.779, 140
Trd, 8639348.112, 140
Trd, 8639348.912, 140
Trd, 8639349.346, 140
Trd, 8639349.579, 138
Trd, 8639350.879, 140
Trd, 8639351.012, 140
Trd, 8639351.746, 140
Trd, 8639351.812, 140
Trd, 8639352.112, 130
Trd, 8639352.279, 140
Trd, 8639352.446, 121
Trd, 8639352.912, 140
Trd, 8639354.146, 140
Trd, 8639354.212, 140
Trd, 8639355.046, 140
Trd, 8639355.279, 140
Trd, 8639355.546, 140
Trd, 8639355.579, 139
Trd, 8639355.646, 137
Trd, 8639356.779, 140
Trd, 8639358.112, 140
Trd, 8639358.279, 140
Trd, 8639358.346, 140
Trd, 8639358.379, 140
Trd, 8639358.812, 126
Trd, 8639359.112, 140
Trd, 8639359.912, 140
Trd, 8639361.146, 139
Trd, 8639361.479, 138
Trd, 8639362.812, 140
Trd, 8639362.912, 136
Trd, 8639363.579, 140
Trd, 8639363.712, 140
Trd, 8639363.846, 140
Trd, 8639364.046, 140
Trd, 8639364.179, 136
Trd, 8639364.379, 120
Trd, 8639364.846, 139
Trd, 8639365.879, 140
Trd, 8639366.079, 139
Trd, 8639366.146, 138
Trd, 8639367.046, 139
Trd, 8639367.279, 137
Trd, 8639367.679, 140
Trd, 8639368.746, 60
Trd, 8639368.912, 60
Trd, 8639368.979, 60
Trd, 8639369.479, 60
Trd, 8639369.946, 66
Trd, 8639370.179, 64
Trd, 8639370.512, 63
Trd, 8639370.979, 65
Trd, 8639371.079, 66
Trd, 8639371.579, 69
Trd, 8639372.446, 137
Trd, 8639372.679, 136
Trd, 8639373.179, 136
Trd, 8639373.679, 140
Trd, 8639373.712, 140
Trd, 8639374.412, 140
Trd, 8639374.446, 140
Trd, 8639374.712, 135
Trd, 8639374.946, 128
Trd, 8639376.446, 140
Trd, 8639376.779, 140
Trd, 8639377.312, 140
Trd, 8639377.779, 140
Trd, 8639377.812, 140
Trd, 8639377.846, 140
Trd, 8639378.246, 140
Trd, 8639378.646, 140
Trd, 8639379.279, 139
Trd, 8639379.412, 138
Trd, 8639379.512, 138
Trd, 8639380.512, 97
Trd, 8639381.579, 140
Trd, 8639381.946, 140
Trd, 8639382.112, 139
Trd, 8639383.012, 123
Trd, 8639383.846, 140
Trd, 8639383.979, 140
Trd, 8639384.779, 140
Trd, 8639385.012, 140
Trd, 8639385.679, 140
Trd, 8639385.912, 140
Trd, 8639386.112, 140
Trd, 8639386.946, 140
Trd, 8639386.979, 139
Trd, 8639387.512, 140
Trd, 8639387.946, 140
Trd, 8639388.312, 140
Trd, 8639388.846, 140
Trd, 8639388.879, 140
Trd, 8639389.046, 139
Trd, 8639389.479, 136
Trd, 8639390.346, 140
Trd, 8639390.479, 140
Trd, 8639390.779, 140
Trd, 8639391.512, 137
Trd, 8639392.512, 140
Trd, 8639392.612, 140
Trd, 8639392.912, 139
Trd, 8639393.046, 138
Trd, 8639393.312, 118
Trd, 8639394.012, 140
Trd, 8639394.379, 140
Trd, 8639395.046, 140
Trd, 8639395.612, 140
Trd, 8639395.646, 115
Trd, 8639397.046, 140
Trd, 8639397.112, 139
Trd, 8639397.446, 137
Trd, 8639397.546, 74
Trd, 8639398.479, 137
Trd, 8639398.546, 125
Trd, 8639398.812, 133
Trd, 8639398.879, 138
Trd, 8639399.912, 62
Trd, 8639400.346, 140
Trd, 8639400.912, 140
Trd, 8639400.979, 140
Trd, 8639401.679, 140
Trd, 8639402.346, 140
Trd, 8639402.479, 140
Trd, 8639403.412, 140
Trd, 8639404.712, 140
Trd, 8639405.079, 140
Trd, 8639405.646, 140
Trd, 8639406.146, 140
Trd, 8639406.212, 140
Trd, 8639406.746, 140
Trd, 8639406.879, 140
Trd, 8639407.512, 139
Trd, 8639407.846, 140
Trd, 8639408.446, 140
Trd, 8639408.712, 140
Trd, 8639408.846, 139
Trd, 8639409.246, 138
Trd, 8639409.412, 128
Trd, 8639410.079, 95
Trd, 8639410.146, 73
Trd, 8639411.346, 140
Trd, 8639411.512, 140
Trd, 8639411.646, 140
Trd, 8639411.979, 140
Trd, 8639412.279, 140
Trd, 8639412.312, 140
Trd, 8639412.846, 140
Trd, 8639412.979, 138
Trd, 8639413.746, 140
Trd, 8639414.479, 138
Trd, 8639414.512, 137
Trd, 8639415.146, 126
Trd, 8639415.879, 140
Trd, 8639415.912, 140
Trd, 8639416.446, 140
Trd, 8639416.812, 140
Trd, 8639419.079, 140
Trd, 8639419.512, 139
Trd, 8639419.812, 140
Trd, 8639419.846, 139
Trd, 8639419.979, 139
Trd, 8639420.546, 140
Trd, 8639421.212, 140
Trd, 8639422.312, 140
Trd, 8639422.646, 140
Trd, 8639422.879, 140
Trd, 8639423.046, 139
Trd, 8639423.212, 140
Trd, 8639423.246, 140
Trd, 8639423.846, 140
Trd, 8639424.679, 139
Trd, 8639425.279, 140
Trd, 8639425.879, 140
Trd, 8639426.146, 139
Trd, 8639426.812, 140
Trd, 8639427.079, 140
Trd, 8639427.446, 136
Trd, 8639427.479, 135
Trd, 8639427.779, 113
Trd, 8639428.146, 91
Trd, 8639428.779, 140
Trd, 8639429.346, 139
Trd, 8639430.879, 140
Trd, 8639430.912, 140
Trd, 8639431.412, 140
Trd, 8639431.446, 140
Trd, 8639432.312, 140
Trd, 8639432.479, 139
Trd, 8639434.046, 140
Trd, 8639434.279, 140
Trd, 8639435.012, 140
Trd, 8639435.246, 140
Trd, 8639435.479, 140
Trd, 8639435.746, 140
Trd, 8639435.979, 140
Trd, 8639436.179, 140
Trd, 8639436.346, 139
Trd, 8639437.146, 140
Trd, 8639437.546, 140
Trd, 8639437.912, 139
Trd, 8639438.179, 139
Trd, 8639438.746, 135
Trd, 8639439.212, 139
Trd, 8639439.712, 119
Trd, 8639440.012, 111
Trd, 8639441.046, 60
Trd, 8639441.212, 60
Trd, 8639441.879, 61
Trd, 8639441.946, 60
Trd, 8639442.046, 67
Trd, 8639443.046, 69
Trd, 8639443.846, 137
Trd, 8639443.946, 134
Trd, 8639444.212, 133
Trd, 8639444.379, 112
Trd, 8639444.646, 140
Trd, 8639445.112, 61
Trd, 8639445.579, 140
Trd, 8639445.612, 139
Trd, 8639445.746, 140
Trd, 8639446.046, 134
Trd, 8639446.746, 98
Trd, 8639447.512, 99
Trd, 8639447.912, 100
Trd, 8639448.212, 140
Trd, 8639448.479, 140
Trd, 8639448.879, 140
Trd, 8639449.779, 140
Trd, 8639449.946, 140
Trd, 8639451.979, 140
Trd, 8639452.046, 140
Trd, 8639452.379, 140
Trd, 8639453.146, 140
Trd, 8639453.679, 140
Trd, 8639454.012, 140
Trd, 8639454.046, 140
Trd, 8639454.346, 140
Trd, 8639454.479, 139
Trd, 8639454.746, 138
Trd, 8639454.946, 140
Trd, 8639455.046, 139
Trd, 8639455.279, 135
Trd, 8639455.379, 84
Trd, 8639455.879, 140
Trd, 8639456.079, 140
Trd, 8639456.246, 138
Trd, 8639456.712, 138
Trd, 8639457.679, 140
Trd, 8639457.946, 132
Trd, 8639459.512, 140
Trd, 8639460.012, 140
Trd, 8639460.412, 140
Trd, 8639461.179, 140
Trd, 8639461.612, 138
Trd, 8639461.746, 136
Trd, 8639461.879, 132
Trd, 8639462.179, 140
Trd, 8639462.379, 134
Trd, 8639462.612, 140
Trd, 8639463.346, 138
Trd, 8639463.412, 125
Trd, 8639464.946, 140
Trd, 8639465.346, 140
Trd, 8639465.579, 140
Trd, 8639466.512, 139
Trd, 8639467.479, 140
Trd, 8639467.612, 140
Trd, 8639468.779, 140
Trd, 8639469.012, 140
Trd, 8639469.246, 140
Trd, 8639470.246, 140
Trd, 8639470.279, 140
Trd, 8639470.412, 140
Trd, 8639470.712, 140
Trd, 8639472.079, 140
Trd, 8639472.546, 139
Trd, 8639473.079, 140
Trd, 8639473.912, 140
Trd, 8639473.946, 140
Trd, 8639474.779, 140
Trd, 8639474.879, 140
Trd, 8639474.979, 140
Trd, 8639475.712, 140
Trd, 8639476.212, 140
Trd, 8639476.379, 140
Trd, 8639476.479, 140
Trd, 8639476.746, 139
Trd, 8639477.312, 139
Trd, 8639477.512, 138
Trd, 8639477.912, 94
Trd, 8639478.479, 124
Trd, 8639478.879, 140
Trd, 8639478.946, 139
Trd, 8639479.712, 140
Trd, 8639480.312, 140
Trd, 8639480.579, 140
Trd, 8639481.446, 140
Trd, 8639482.146, 140
Trd, 8639483.046, 139
Trd, 8639483.112, 138
Trd, 8639483.646, 138
Trd, 8639484.979, 140
Trd, 8639485.112, 140
Trd, 8639485.146, 140
Trd, 8639485.346, 140
Trd, 8639485.946, 140
Trd, 8639486.379, 140
Trd, 8639486.946, 139
Trd, 8639487.112, 93
Trd, 8639488.212, 140
Trd, 8639488.579, 140
Trd, 8639488.679, 140
Trd, 8639488.879, 140
Trd, 8639489.946, 139
Trd, 8639490.246, 140
Trd, 8639490.479, 138
Trd, 8639491.179, 139
Trd, 8639492.379, 140
Trd, 8639493.012, 140
Trd, 8639493.146, 140
Trd, 8639493.479, 140
Trd, 8639493.746, 140
Trd, 8639493.812, 140
Trd, 8639494.212, 139
Trd, 8639494.446, 140
Trd, 8639494.812, 140
Trd, 8639495.079, 138
Trd, 8639495.479, 91
Trd, 8639496.046, 91
Trd, 8639496.279, 106
Trd, 8639496.346, 133
Trd, 8639496.912, 137
Trd, 8639497.746, 140
Trd, 8639497.812, 140
Trd, 8639498.379, 140
Trd, 8639498.512, 140
Trd, 8639499.612, 140
Trd, 8639499.812, 86
Trd, 8639499.946, 84
Trd, 8639500.046, 62
Trd, 8639502.579, 140
Trd, 8639502.612, 140
Trd, 8639502.679, 140
Trd, 8639502.712, 139
Trd, 8639502.812, 138
Trd, 8639504.846, 140
Trd, 8639505.212, 140
Trd, 8639505.546, 140
Trd, 8639505.712, 140
Trd, 8639506.012, 140
Trd, 8639506.379, 140
Trd, 8639506.446, 140
Trd, 8639506.479, 140
Trd, 8639506.979, 140
Trd, 8639507.346, 140
Trd, 8639507.646, 140
Trd, 8639508.679, 137
Trd, 8639508.846, 123
Trd, 8639509.279, 125
Trd, 8639509.946, 140
Trd, 8639510.646, 140
Trd, 8639511.412, 139
Trd, 8639512.146, 140
Trd, 8639512.279, 139
Trd, 8639513.046, 140
Trd, 8639514.179, 140
Trd, 8639514.246, 139
Trd, 8639514.546, 139
Trd, 8639514.879, 137
Trd, 8639515.612, 140
Trd, 8639516.012, 140
Trd, 8639516.246, 140
Trd, 8639516.546, 140
Trd, 8639517.146, 140
Trd, 8639517.179, 140
Trd, 8639518.612, 140
Trd, 8639518.712, 140
Trd, 8639518.912, 140
Trd, 8639519.379, 140
Trd, 8639519.546, 113
Trd, 8639520.046, 138
Trd, 8639520.346, 135
Trd, 8639521.179, 132
Trd, 8639522.012, 105
Trd, 8639522.779, 140
Trd, 8639523.146, 140
Trd, 8639523.679, 140
Trd, 8639523.846, 140
Trd, 8639524.479, 140
Trd, 8639525.279, 140
Trd, 8639525.846, 140
Trd, 8639526.312, 140
Trd, 8639526.346, 139
Trd, 8639527.546, 140
Trd, 8639527.879, 140
Trd, 8639528.146, 140
Trd, 8639529.079, 140
Trd, 8639529.579, 140
Trd, 8639530.179, 140
Trd, 8639530.212, 140
Trd, 8639530.779, 140
Trd, 8639530.946, 139
Trd, 8639531.546, 140
Trd, 8639531.579, 139
Trd, 8639531.679, 139
Trd, 8639532.412, 140
Trd, 8639532.612, 139
Trd, 8639533.046, 138
Trd, 8639533.612, 138
Trd, 8639534.512, 140
Trd, 8639535.312, 140
Trd, 8639535.346, 139
Trd, 8639535.412, 138
Trd, 8639535.879, 139
Trd, 8639536.346, 102
Trd, 8639536.712, 138
Trd, 8639537.779, 140
Trd, 8639538.246, 140
Trd, 8639538.379, 140
Trd, 8639538.679, 140
Trd, 8639539.479, 140
Trd, 8639540.346, 140
Trd, 8639540.779, 140
Trd, 8639541.212, 140
Trd, 8639541.512, 140
Trd, 8639541.579, 140
Trd, 8639541.746, 140
Trd, 8639542.112, 140
Trd, 8639542.346, 140
Trd, 8639542.479, 139
Trd, 8639542.846, 140
Trd, 8639543.812, 140
Trd, 8639544.546, 140
Trd, 8639544.646, 139
Trd, 8639545.379, 140
Trd, 8639545.646, 140
Trd, 8639545.679, 139
Trd, 8639545.979, 137
Trd, 8639546.879, 140
Trd, 8639547.579, 140
Trd, 8639547.912, 140
Trd, 8639549.012, 140
Trd, 8639549.446, 140
Trd, 8639550.079, 140
Trd, 8639550.346, 140
Trd, 8639550.446, 140
Trd, 8639552.712, 140
Trd, 8639552.779, 140
Trd, 8639552.879, 140
Trd, 8639553.246, 140
Trd, 8639553.646, 140
Trd, 8639553.979, 140
Trd, 8639554.579, 140
Trd, 8639554.979, 139
Trd, 8639555.079, 101
Trd, 8639556.079, 140
Trd, 8639556.912, 140
Trd, 8639557.379, 140
Trd, 8639557.846, 140
Trd, 8639557.912, 123
Trd, 8639558.046, 116
Trd, 8639558.779, 140
Trd, 8639559.879, 140
Trd, 8639559.946, 140
Trd, 8639560.212, 140
Trd, 8639560.746, 140
Trd, 8639561.512, 140
Trd, 8639562.279, 140
Trd, 8639562.312, 140
Trd, 8639562.379, 139
Trd, 8639562.446, 139
Trd, 8639562.846, 139
Trd, 8639562.979, 140
Trd, 8639563.046, 116
Trd, 8639563.279, 81
Trd, 8639563.546, 62
Trd, 8639564.346, 139
Trd, 8639564.546, 116
Trd, 8639565.579, 140
Trd, 8639565.946, 140
Trd, 8639566.812, 140
Trd, 8639567.379, 140
Trd, 8639568.512, 140
Trd, 8639568.712, 140
Trd, 8639568.846, 140
Trd, 8639569.146, 140
Trd, 8639569.812, 140
Trd, 8639570.779, 140
Trd, 8639570.979, 140
Trd, 8639571.179, 140
Trd, 8639572.579, 140
Trd, 8639573.179, 139
Trd, 8639573.346, 140
Trd, 8639573.446, 139
Trd, 8639573.612, 140
Trd, 8639573.679, 140
Trd, 8639573.946, 139
Trd, 8639574.079, 136
Trd, 8639575.146, 62
Trd, 8639575.212, 63
Trd, 8639575.612, 62
Trd, 8639575.779, 63
Trd, 8639575.979, 132
Trd, 8639576.346, 81
Trd, 8639576.379, 61
Trd, 8639577.046, 66
Trd, 8639577.679, 137
Trd, 8639577.946, 60
Trd, 8639578.379, 60
Trd, 8639578.779, 61
Trd, 8639578.812, 67
Trd, 8639579.546, 70
Trd, 8639579.846, 128
Trd, 8639580.112, 63
Trd, 8639580.612, 64
Trd, 8639580.846, 137
Trd, 8639582.046, 140
Trd, 8639582.479, 136
Trd, 8639583.012, 140
Trd, 8639583.179, 130
Trd, 8639583.312, 96
Trd, 8639583.879, 68
Trd, 8639583.979, 64
Trd, 8639584.612, 60
Trd, 8639585.112, 94
Trd, 8639585.346, 86
Trd, 8639586.646, 140
Trd, 8639587.212, 140
Trd, 8639587.379, 140
Trd, 8639589.012, 140
Trd, 8639589.446, 140
Trd, 8639589.612, 140
Trd, 8639589.879, 140
Trd, 8639589.946, 140
Trd, 8639590.812, 140
Trd, 8639590.979, 140
Trd, 8639591.479, 140
Trd, 8639591.746, 140
Trd, 8639591.979, 138
Trd, 8639592.246, 139
Trd, 8639592.812, 140
Trd, 8639592.979, 139
Trd, 8639593.046, 128
Trd, 8639593.346, 65
Trd, 8639593.512, 62
Trd, 8639593.579, 66
Trd, 8639593.979, 67
Trd, 8639594.946, 112
Trd, 8639596.246, 140
Trd, 8639596.612, 140
Trd, 8639597.312, 140
Trd, 8639597.346, 102
Trd, 8639597.846, 62
Trd, 8639598.012, 64
Trd, 8639599.046, 140
Trd, 8639599.146, 140
Trd, 8639600.046, 140
Trd, 8639600.279, 140
Trd, 8639601.012, 140
Trd, 8639601.379, 140
Trd, 8639601.712, 140
Trd, 8639602.446, 140
Trd, 8639602.812, 140
Trd, 8639603.112, 140
Trd, 8639603.379, 140
Trd, 8639603.412, 139
Trd, 8639603.646, 139
Trd, 8639605.212, 140
Trd, 8639605.446, 140
Trd, 8639605.879, 139
Trd, 8639605.912, 138
Trd, 8639606.246, 139
Trd, 8639606.679, 101
Trd, 8639607.046, 120
Trd, 8639607.546, 140
Trd, 8639608.546, 140
Trd, 8639609.079, 140
Trd, 8639609.746, 140
Trd, 8639610.179, 140
Trd, 8639610.212, 140
Trd, 8639611.579, 140
Trd, 8639611.612, 140
Trd, 8639612.146, 140
Trd, 8639612.212, 140
Trd, 8639612.246, 139
Trd, 8639612.446, 138
Trd, 8639612.512, 137
Trd, 8639612.846, 140
Trd, 8639613.879, 140
Trd, 8639614.079, 138
Trd, 8639614.412, 138
Trd, 8639614.812, 138
Trd, 8639615.479, 138
Trd, 8639615.812, 131
Trd, 8639616.379, 140
Trd, 8639617.146, 140
Trd, 8639617.379, 140
Trd, 8639617.512, 140
Trd, 8639617.546, 140
Trd, 8639618.112, 139
Trd, 8639618.412, 138
Trd, 8639619.079, 140
Trd, 8639619.946, 140
Trd, 8639620.112, 139
Trd, 8639620.412, 139
Trd, 8639620.546, 138
Trd, 8639620.746, 129
Trd, 8639621.446, 140
Trd, 8639622.212, 140
Trd, 8639622.446, 69
Trd, 8639623.346, 140
Trd, 8639623.946, 139
Trd, 8639625.079, 140
Trd, 8639625.179, 140
Trd, 8639625.746, 140
Trd, 8639625.812, 140
Trd, 8639626.379, 130
Trd, 8639626.746, 101
Trd, 8639627.279, 139
Trd, 8639627.646, 101
Trd, 8639627.746, 100
Trd, 8639628.479, 125
Trd, 8639629.412, 139
Trd, 8639630.379, 140
Trd, 8639630.912, 140
Trd, 8639631.812, 140
Trd, 8639631.946, 140
Trd, 8639632.846, 140
Trd, 8639633.212, 115
Trd, 8639633.379, 113
Trd, 8639633.479, 82
Trd, 8639634.379, 140
Trd, 8639634.546, 140
Trd, 8639634.612, 140
Trd, 8639635.379, 140
Trd, 8639635.512, 139
Trd, 8639635.579, 138
Trd, 8639636.379, 140
Trd, 8639637.379, 140
Trd, 8639637.412, 140
Trd, 8639637.646, 138
Trd, 8639638.546, 140
Trd, 8639638.646, 140
Trd, 8639639.579, 140
Trd, 8639639.946, 140
Trd, 8639640.212, 140
Trd, 8639641.012, 140
Trd, 8639641.512, 140
Trd, 8639641.579, 140
Trd, 8639641.612, 140
Trd, 8639641.846, 122
Trd, 8639642.112, 63
Trd, 8639642.746, 64
Trd, 8639642.846, 64
Trd, 8639643.312, 63
Trd, 8639643.679, 60
Trd, 8639643.979, 75
Trd, 8639645.012, 68
Trd, 8639645.679, 60
Trd, 8639645.979, 60
Trd, 8639646.112, 60
Trd, 8639647.879, 60
Trd, 8639648.212, 60
Trd, 8639648.379, 60
Trd, 8639648.546, 61
Trd, 8639649.112, 64
Trd, 8639649.879, 62
Trd, 8639650.146, 60
Trd, 8639650.212, 64
Trd, 8639650.246, 83
Trd, 8639650.946, 60
Trd, 8639651.746, 60
Trd, 8639652.546, 62
Trd, 8639653.012, 75
Trd, 8639653.412, 140
Trd, 8639653.446, 140
Trd, 8639653.846, 66
Trd, 8639654.079, 63
Trd, 8639655.312, 61
Trd, 8639655.579, 60
Trd, 8639655.779, 60
Trd, 8639657.046, 61
Trd, 8639657.079, 63
Trd, 8639657.579, 63
Trd, 8639657.846, 140
Trd, 8639658.046, 140
Trd, 8639658.879, 140
Trd, 8639658.979, 140
Trd, 8639659.312, 140
Trd, 8639659.879, 140
Trd, 8639660.379, 140
Trd, 8639661.179, 140
Trd, 8639661.212, 140
Trd, 8639661.446, 139
Trd, 8639661.679, 137
Trd, 8639662.312, 140
Trd, 8639663.012, 140
Trd, 8639663.079, 138
Trd, 8639664.479, 140
Trd, 8639665.112, 140
Trd, 8639665.179, 139
Trd, 8639665.412, 138
Trd, 8639665.446, 137
Trd, 8639665.512, 123
Trd, 8639666.846, 140
Trd, 8639667.279, 138
Trd, 8639667.379, 137
Trd, 8639667.512, 127
Trd, 8639668.579, 138
Trd, 8639668.979, 140
Trd, 8639669.046, 126
Trd, 8639669.479, 108
Trd, 8639669.879, 107
Trd, 8639670.079, 106
Trd, 8639670.279, 138
Trd, 8639671.379, 140
Trd, 8639671.446, 140
Trd, 8639671.746, 140
Trd, 8639671.979, 140
Trd, 8639673.279, 140
Trd, 8639673.779, 140
Trd, 8639674.179, 140
Trd, 8639674.346, 140
Trd, 8639675.212, 139
Trd, 8639675.512, 137
Trd, 8639675.579, 136
Trd, 8639675.712, 138
Trd, 8639676.012, 98
Trd, 8639676.479, 139
Trd, 8639677.246, 140
Trd, 8639677.812, 140
Trd, 8639678.246, 140
Trd, 8639678.412, 140
Trd, 8639678.646, 135
Trd, 8639679.012, 140
Trd, 8639679.946, 112
Trd, 8639680.146, 89
Trd, 8639680.379, 89
Trd, 8639681.379, 140
Trd, 8639681.712, 140
Trd, 8639682.179, 138
Trd, 8639682.412, 100
Trd, 8639682.646, 104
Trd, 8639683.946, 140
Trd, 8639683.979, 140
Trd, 8639684.146, 140
Trd, 8639685.112, 140
Trd, 8639685.146, 140
Trd, 8639685.512, 140
Trd, 8639686.146, 140
Trd, 8639686.179, 140
Trd, 8639687.146, 140
Trd, 8639687.579, 140
Trd, 8639688.512, 140
Trd, 8639688.546, 140
Trd, 8639689.779, 140
Trd, 8639690.179, 140
Trd, 8639690.379, 140
Trd, 8639691.846, 140
Trd, 8639692.746, 140
Trd, 8639692.779, 140
Trd, 8639692.912, 139
Trd, 8639693.646, 140
Trd, 8639694.012, 140
Trd, 8639694.112, 140
Trd, 8639694.146, 138
Trd, 8639694.846, 140
Trd, 8639694.946, 140
Trd, 8639696.146, 140
Trd, 8639696.779, 140
Trd, 8639697.012, 140
Trd, 8639697.779, 140
Trd, 8639698.046, 140
Trd, 8639698.379, 139
Trd, 8639698.779, 138
Trd, 8639699.212, 138
Trd, 8639700.412, 140
Trd, 8639700.512, 140
Trd, 8639700.879, 140
Trd, 8639700.912, 138
Trd, 8639700.946, 137
Trd, 8639701.112, 108
Trd, 8639701.246, 102
Trd, 8639701.979, 138
Trd, 8639702.312, 108
Trd, 8639702.512, 137
Trd, 8639702.612, 80
Trd, 8639703.379, 61
Trd, 8639704.412, 135
Trd, 8639705.346, 140
Trd, 8639706.012, 140
Trd, 8639706.046, 137
Trd, 8639706.846, 140
Trd, 8639707.179, 140
Trd, 8639707.246, 139
Trd, 8639707.579, 138
Trd, 8639707.646, 125
Trd, 8639708.179, 117
Trd, 8639710.779, 140
Trd, 8639711.012, 140
Trd, 8639711.379, 140
Trd, 8639711.746, 140
Trd, 8639712.112, 140
Trd, 8639712.579, 140
Trd, 8639713.279, 140
Trd, 8639713.512, 140
Trd, 8639713.912, 140
Trd, 8639714.912, 140
Trd, 8639715.212, 140
Trd, 8639715.346, 140
Trd, 8639716.146, 140
Trd, 8639716.346, 140
Trd, 8639716.546, 140
Trd, 8639717.646, 140
Trd, 8639718.579, 140
Trd, 8639718.912, 140
Trd, 8639719.346, 140
Trd, 8639719.479, 139
Trd, 8639720.146, 140
Trd, 8639720.412, 139
Trd, 8639720.479, 99
Trd, 8639722.012, 140
Trd, 8639722.112, 140
Trd, 8639722.212, 139
Trd, 8639722.912, 140
Trd, 8639723.312, 140
Trd, 8639723.446, 140
Trd, 8639723.646, 140
Trd, 8639723.712, 140
Trd, 8639723.946, 136
Trd, 8639724.846, 134
Trd, 8639725.112, 122
Trd, 8639725.279, 65
Trd, 8639725.546, 121
Trd, 8639726.146, 140
Trd, 8639726.312, 137
Trd, 8639726.746, 137
Trd, 8639728.146, 140
Trd, 8639728.479, 140
Trd, 8639728.546, 137
Trd, 8639729.312, 136
Trd, 8639729.779, 139
Trd, 8639730.146, 135
Trd, 8639730.179, 134
Trd, 8639730.846, 140
Trd, 8639732.012, 140
Trd, 8639732.279, 140
Trd, 8639733.312, 140
Trd, 8639733.412, 139
Trd, 8639733.479, 98
Trd, 8639733.812, 139
Trd, 8639734.279, 140
Trd, 8639734.679, 140
Trd, 8639734.879, 140
Trd, 8639736.079, 140
Trd, 8639736.346, 140
Trd, 8639736.646, 140
Trd, 8639736.879, 139
Trd, 8639737.346, 139
Trd, 8639737.446, 104
Trd, 8639737.646, 140
Trd, 8639738.146, 95
Trd, 8639738.346, 80
Trd, 8639738.846, 131
Trd, 8639739.646, 140
Trd, 8639740.446, 140
Trd, 8639741.112, 140
Trd, 8639741.146, 140
Trd, 8639741.312, 140
Trd, 8639741.479, 140
Trd, 8639741.979, 139
Trd, 8639742.679, 139
Trd, 8639742.779, 138
Trd, 8639743.112, 140
Trd, 8639743.612, 140
Trd, 8639744.746, 140
Trd, 8639745.012, 140
Trd, 8639745.612, 140
Trd, 8639745.812, 140
Trd, 8639746.779, 140
Trd, 8639747.046, 140
Trd, 8639747.812, 140
Trd, 8639747.879, 140
Trd, 8639749.112, 140
Trd, 8639749.379, 140
Trd, 8639749.779, 140
Trd, 8639750.746, 140
Trd, 8639750.912, 140
Trd, 8639751.046, 139
Trd, 8639751.312, 139
Trd, 8639751.412, 137
Trd, 8639751.679, 71
Trd, 8639752.012, 121
Trd, 8639752.346, 139
Trd, 8639753.146, 140
Trd, 8639753.679, 115
Trd, 8639754.246, 140
Trd, 8639754.446, 139
Trd, 8639754.779, 61
Trd, 8639755.112, 71
Trd, 8639755.746, 140
Trd, 8639756.346, 139
Trd, 8639756.412, 139
Trd, 8639756.879, 60
Trd, 8639757.046, 60
Trd, 8639757.446, 65
Trd, 8639757.912, 79
Trd, 8639758.079, 81
Trd, 8639759.012, 65
Trd, 8639759.446, 71
Trd, 8639759.846, 60
Trd, 8639760.012, 60
Trd, 8639760.579, 140
Trd, 8639761.046, 140
Trd, 8639761.579, 140
Trd, 8639761.779, 140
Trd, 8639762.612, 140
Trd, 8639762.712, 140
Trd, 8639762.746, 140
Trd, 8639763.112, 140
Trd, 8639763.912, 138
Trd, 8639764.979, 140
Trd, 8639765.079, 140
Trd, 8639765.312, 140
Trd, 8639765.546, 140
Trd, 8639765.612, 139
Trd, 8639767.346, 140
Trd, 8639767.846, 140
Trd, 8639767.946, 140
Trd, 8639768.779, 140
Trd, 8639769.212, 140
Trd, 8639769.979, 140
Trd, 8639770.346, 140
Trd, 8639770.446, 140
Trd, 8639770.912, 140
Trd, 8639771.046, 140
Trd, 8639771.279, 139
Trd, 8639772.479, 140
Trd, 8639772.579, 139
Trd, 8639773.579, 140
Trd, 8639774.212, 140
Trd, 8639774.712, 140
Trd, 8639775.046, 140
Trd, 8639775.512, 140
Trd, 8639775.579, 140
Trd, 8639776.079, 140
Trd, 8639776.712, 140
Trd, 8639777.712, 140
Trd, 8639777.779, 140
Trd, 8639777.879, 140
Trd, 8639777.912, 136
Trd, 8639778.312, 70
Trd, 8639778.512, 61
Trd, 8639779.446, 138
Trd, 8639779.612, 101
Trd, 8639779.979, 139
Trd, 8639780.812, 140
Trd, 8639780.912, 139
Trd, 8639781.912, 140
Trd, 8639782.412, 140
Trd, 8639782.446, 140
Trd, 8639783.112, 140
Trd, 8639784.379, 140
Trd, 8639785.146, 140
Trd, 8639785.346, 140
Trd, 8639785.446, 140
Trd, 8639785.646, 140
Trd, 8639786.146, 140
Trd, 8639786.479, 140
Trd, 8639787.212, 140
Trd, 8639787.712, 139
Trd, 8639788.412, 135
Trd, 8639788.812, 127
Trd, 8639789.179, 140
Trd, 8639789.246, 139
Trd, 8639790.612, 140
Trd, 8639791.046, 140
Trd, 8639791.346, 140
Trd, 8639791.579, 140
Trd, 8639792.279, 140
Trd, 8639792.912, 140
Trd, 8639793.912, 140
Trd, 8639794.246, 140
Trd, 8639794.279, 140
Trd, 8639794.312, 140
Trd, 8639794.379, 139
Trd, 8639795.312, 138
Trd, 8639796.112, 140
Trd, 8639796.179, 140
Trd, 8639796.546, 140
Trd, 8639797.046, 140
Trd, 8639797.612, 140
Trd, 8639797.946, 139
Trd, 8639799.079, 140
Trd, 8639799.412, 140
Trd, 8639799.512, 140
Trd, 8639800.312, 140
Trd, 8639800.412, 140
Trd, 8639800.812, 140
Trd, 8639800.879, 140
Trd, 8639800.946, 139
Trd, 8639801.579, 140
Trd, 8639802.079, 140
Trd, 8639802.212, 140
Trd, 8639802.746, 140
Trd, 8639803.012, 132
Trd, 8639803.312, 135
Trd, 8639803.479, 92
Trd, 8639804.679, 60
Trd, 8639804.779, 66
Trd, 8639804.879, 69
Trd, 8639806.412, 140
Trd, 8639806.779, 140
Trd, 8639807.112, 140
Trd, 8639807.612, 140
Trd, 8639808.112, 140
Trd, 8639808.646, 140
Trd, 8639809.479, 140
Trd, 8639809.812, 140
Trd, 8639809.846, 140
Trd, 8639810.212, 140
Trd, 8639810.879, 140
Trd, 8639811.079, 139
Trd, 8639811.446, 139
Trd, 8639811.646, 139
Trd, 8639812.612, 140
Trd, 8639812.912, 140
Trd, 8639813.812, 139
Trd, 8639814.479, 140
Trd, 8639814.512, 140
Trd, 8639814.746, 140
Trd, 8639815.279, 140
Trd, 8639815.812, 136
Trd, 8639816.246, 138
Trd, 8639816.712, 139
Trd, 8639816.812, 135
Trd, 8639817.279, 140
Trd, 8639818.346, 140
Trd, 8639818.612, 140
Trd, 8639818.946, 140
Trd, 8639819.512, 140
Trd, 8639819.679, 140
Trd, 8639820.679, 140
Trd, 8639821.212, 140
Trd, 8639821.379, 140
Trd, 8639821.479, 139
Trd, 8639821.679, 140
Trd, 8639822.246, 139
Trd, 8639822.612, 140
Trd, 8639822.812, 140
Trd, 8639822.979, 138
Trd, 8639823.312, 139
Trd, 8639823.479, 137
Trd, 8639824.079, 119
Trd, 8639824.946, 139
Trd, 8639824.979, 66
Trd, 8639825.979, 140
Trd, 8639826.679, 140
Trd, 8639826.779, 140
Trd, 8639827.512, 140
Trd, 8639828.379, 140
Trd, 8639828.479, 140
Trd, 8639828.646, 139
Trd, 8639828.879, 137
Trd, 8639829.979, 138
Trd, 8639830.012, 137
Trd, 8639830.412, 123
Trd, 8639830.479, 96
Trd, 8639830.846, 84
Trd, 8639830.879, 139
Trd, 8639831.012, 61
Trd, 8639832.246, 140
Trd, 8639832.379, 140
Trd, 8639833.779, 68
Trd, 8639834.312, 61
Trd, 8639834.379, 62
Trd, 8639834.412, 64
Trd, 8639834.979, 60
Trd, 8639835.612, 64
Trd, 8639836.546, 60
Trd, 8639837.012, 61
Trd, 8639837.046, 62
Trd, 8639837.146, 62
Trd, 8639837.846, 63
Trd, 8639837.946, 126
Trd, 8639839.479, 60
Trd, 8639840.746, 60
Trd, 8639841.246, 60
Trd, 8639841.512, 65
Trd, 8639842.246, 62
Trd, 8639842.446, 60
Trd, 8639842.646, 65
Trd, 8639842.912, 64
Trd, 8639843.012, 65
Trd, 8639843.646, 60
Trd, 8639843.879, 60
Trd, 8639844.012, 62
Trd, 8639844.279, 68
Trd, 8639844.379, 77
Trd, 8639844.879, 61
Trd, 8639845.246, 60
Trd, 8639845.879, 61
Trd, 8639845.912, 64
Trd, 8639846.346, 63
Trd, 8639846.846, 66
Trd, 8639847.179, 60
Trd, 8639847.446, 62
Trd, 8639848.012, 140
Trd, 8639848.346, 140
Trd, 8639848.579, 140
Trd, 8639850.446, 140
Trd, 8639850.546, 140
Trd, 8639850.912, 140
Trd, 8639851.479, 140
Trd, 8639851.512, 140
Trd, 8639851.746, 140
Trd, 8639851.879, 140
Trd, 8639852.746, 140
Trd, 8639852.946, 140
Trd, 8639853.179, 140
Trd, 8639853.279, 140
Trd, 8639854.179, 66
Trd, 8639854.346, 78
Trd, 8639854.579, 118
Trd, 8639854.779, 65
Trd, 8639855.879, 70
Trd, 8639856.746, 63
Trd, 8639856.812, 63
Trd, 8639857.146, 115
Trd, 8639857.646, 140
Trd, 8639858.412, 140
Trd, 8639858.846, 140
Trd, 8639859.379, 140
Trd, 8639859.812, 140
Trd, 8639860.012, 139
Trd, 8639860.512, 140
Trd, 8639860.946, 140
Trd, 8639862.512, 140
Trd, 8639862.946, 140
Trd, 8639863.079, 140
Trd, 8639863.112, 140
Trd, 8639863.279, 138
Trd, 8639863.312, 137
Trd, 8639863.679, 135
Trd, 8639864.479, 137
Trd, 8639864.779, 137
Trd, 8639866.112, 133
Trd, 8639866.546, 139
Trd, 8639866.579, 106
Trd, 8639866.979, 97
Trd, 8639867.179, 96
Trd, 8639867.379, 108
Trd, 8639867.479, 98
Trd, 8639867.512, 109
Trd, 8639867.812, 140
Trd, 8639868.946, 140
Trd, 8639869.246, 140
Trd, 8639869.479, 140
Trd, 8639869.579, 140
Trd, 8639870.212, 140
Trd, 8639870.312, 140
Trd, 8639871.146, 140
Trd, 8639871.312, 139
Trd, 8639872.079, 139
Trd, 8639872.412, 140
Trd, 8639873.779, 140
Trd, 8639874.312, 140
Trd, 8639874.546, 140
Trd, 8639874.779, 140
Trd, 8639875.612, 140
Trd, 8639876.112, 140
Trd, 8639876.912, 140
Trd, 8639877.079, 140
Trd, 8639877.279, 140
Trd, 8639877.346, 139
Trd, 8639877.612, 138
Trd, 8639878.846, 140
Trd, 8639880.479, 140
Trd, 8639880.546, 140
Trd, 8639880.746, 140
Trd, 8639880.912, 140
Trd, 8639881.079, 137
Trd, 8639881.646, 66
Trd, 8639882.146, 140
Trd, 8639882.446, 140
Trd, 8639882.712, 127
Trd, 8639883.612, 140
Trd, 8639883.812, 140
Trd, 8639884.079, 139
Trd, 8639884.646, 140
Trd, 8639884.879, 140
Trd, 8639885.412, 140
Trd, 8639886.246, 140
Trd, 8639886.312, 139
Trd, 8639886.446, 138
Trd, 8639887.379, 140
Trd, 8639887.546, 140
Trd, 8639887.979, 140
Trd, 8639888.179, 140
Trd, 8639888.312, 120
Trd, 8639888.846, 140
Trd, 8639888.946, 140
Trd, 8639889.912, 140
Trd, 8639890.279, 136
Trd, 8639891.346, 140
Trd, 8639891.579, 139
Trd, 8639891.679, 138
Trd, 8639891.779, 136
Trd, 8639891.912, 123
Trd, 8639892.279, 140
Trd, 8639892.646, 60
Trd, 8639893.012, 140
Trd, 8639893.546, 140
Trd, 8639895.412, 140
Trd, 8639895.679, 140
Trd, 8639896.346, 140
Trd, 8639896.946, 140
Trd, 8639897.112, 140
Trd, 8639897.246, 140
Trd, 8639897.312, 140
Trd, 8639897.379, 139
Trd, 8639897.712, 139
Trd, 8639898.246, 140
Trd, 8639898.379, 140
Trd, 8639898.912, 135
Trd, 8639899.812, 130
Trd, 8639900.046, 124
Trd, 8639900.112, 123
Trd, 8639900.379, 132
Trd, 8639900.712, 138
Trd, 8639902.546, 140
Trd, 8639902.712, 140
Trd, 8639903.179, 140
Trd, 8639903.279, 140
Trd, 8639903.879, 140
Trd, 8639904.212, 140
Trd, 8639904.246, 139
Trd, 8639905.079, 140
Trd, 8639905.479, 137
Trd, 8639905.612, 136
Trd, 8639905.946, 136
Trd, 8639906.212, 137
Trd, 8639906.779, 137
Trd, 8639906.846, 136
Trd, 8639908.079, 140
Trd, 8639908.812, 140
Trd, 8639908.912, 140
Trd, 8639909.146, 140
Trd, 8639909.812, 140
Trd, 8639909.979, 140
Trd, 8639911.179, 140
Trd, 8639911.212, 139
Trd, 8639911.612, 139
Trd, 8639912.379, 139
Trd, 8639912.512, 138
Trd, 8639913.046, 130
Trd, 8639913.412, 138
Trd, 8639913.779, 106
Trd, 8639914.312, 106
Trd, 8639914.412, 139
Trd, 8639914.712, 106
Trd, 8639914.979, 140
Trd, 8639915.179, 140
Trd, 8639915.346, 105
Trd, 8639915.546, 139
Trd, 8639916.912, 123
Trd, 8639917.212, 140
Trd, 8639917.879, 140
Trd, 8639918.246, 140
Trd, 8639918.379, 140
Trd, 8639919.079, 140
Trd, 8639919.179, 140
Trd, 8639919.946, 60
Trd, 8639920.179, 60
Trd, 8639920.579, 60
Trd, 8639921.246, 60
Trd, 8639921.712, 60
Trd, 8639921.912, 60
Trd, 8639922.279, 62
Trd, 8639922.346, 66
Trd, 8639923.579, 64
Trd, 8639923.679, 62
Trd, 8639924.446, 60
Trd, 8639924.579, 61
Trd, 8639924.712, 68
Trd, 8639924.946, 140
Trd, 8639925.912, 105
Trd, 8639926.479, 104
Trd, 8639927.379, 104
Trd, 8639927.512, 118
Trd, 8639927.912, 134
Trd, 8639928.179, 140
Trd, 8639928.212, 138
Trd, 8639928.279, 104
Trd, 8639928.412, 103
Trd, 8639929.212, 140
Trd, 8639929.546, 95
Trd, 8639930.412, 129
Trd, 8639930.712, 140
Trd, 8639931.146, 140
Trd, 8639931.479, 140
Trd, 8639932.279, 140
Trd, 8639932.446, 139
Trd, 8639932.479, 96
Trd, 8639932.712, 118
Trd, 8639932.979, 93
Trd, 8639933.779, 113
Trd, 8639935.212, 140
Trd, 8639935.812, 140
Trd, 8639936.212, 140
Trd, 8639936.346, 139
Trd, 8639936.379, 139
Trd, 8639936.846, 132
Trd, 8639937.379, 140
Trd, 8639938.946, 140
Trd, 8639939.779, 140
Trd, 8639940.246, 140
Trd, 8639940.612, 139
Trd, 8639940.946, 138
Trd, 8639941.079, 138
Trd, 8639942.012, 140
Trd, 8639942.212, 140
Trd, 8639942.912, 140
Trd, 8639942.979, 140
Trd, 8639943.046, 140
Trd, 8639943.479, 133
Trd, 8639943.712, 93
Trd, 8639944.446, 140
Trd, 8639944.979, 140
Trd, 8639945.146, 140
Trd, 8639946.979, 140
Trd, 8639947.312, 140
Trd, 8639947.546, 140
Trd, 8639947.579, 139
Trd, 8639948.212, 140
Trd, 8639948.379, 140
Trd, 8639948.612, 138
Trd, 8639948.712, 134
Trd, 8639949.312, 131
Trd, 8639949.879, 139
Trd, 8639950.479, 130
Trd, 8639951.512, 140
Trd, 8639951.812, 138
Trd, 8639952.779, 140
Trd, 8639952.846, 140
Trd, 8639953.112, 140
Trd, 8639954.046, 140
Trd, 8639954.179, 140
Trd, 8639954.479, 140
Trd, 8639954.579, 129
Trd, 8639954.912, 118
Trd, 8639955.612, 140
Trd, 8639955.846, 139
Trd, 8639956.479, 140
Trd, 8639956.612, 140
Trd, 8639957.579, 140
Trd, 8639957.646, 140
Trd, 8639958.212, 140
Trd, 8639958.679, 140
Trd, 8639959.279, 139
Trd, 8639959.679, 140
Trd, 8639959.846, 140
Trd, 8639959.879, 139
Trd, 8639960.479, 136
Trd, 8639961.046, 134
Trd, 8639962.012, 140
Trd, 8639962.146, 139
Trd, 8639962.912, 140
Trd, 8639963.212, 140
Trd, 8639963.279, 139
Trd, 8639963.312, 137
Trd, 8639963.579, 139
Trd, 8639963.646, 131
Trd, 8639964.279, 140
Trd, 8639964.546, 108
Trd, 8639964.979, 139
Trd, 8639965.012, 139
Trd, 8639966.479, 140
Trd, 8639966.779, 140
Trd, 8639967.346, 140
Trd, 8639967.546, 140
Trd, 8639967.779, 140
Trd, 8639968.146, 129
Trd, 8639968.512, 127
Trd, 8639969.446, 127
Trd, 8639969.479, 126
Trd, 8639969.546, 81
Trd, 8639969.946, 135
Trd, 8639970.279, 116
Trd, 8639970.946, 140
Trd, 8639971.012, 102
Trd, 8639971.412, 92
Trd, 8639971.879, 140
Trd, 8639972.446, 140
Trd, 8639972.579, 140
Trd, 8639973.412, 139
Trd, 8639973.812, 140
Trd, 8639974.212, 139
Trd, 8639975.212, 140
Trd, 8639975.279, 140
Trd, 8639975.946, 140
Trd, 8639976.346, 140
Trd, 8639976.479, 123
Trd, 8639977.212, 138
Trd, 8639977.579, 140
Trd, 8639977.946, 140
Trd, 8639978.646, 138
Trd, 8639978.846, 108
Trd, 8639980.112, 137
Trd, 8639980.212, 124
Trd, 8639980.746, 134
Trd, 8639980.812, 113
Trd, 8639980.912, 140
Trd, 8639981.179, 140
Trd, 8639981.546, 140
Trd, 8639981.746, 140
Trd, 8639982.179, 140
Trd, 8639982.479, 140
Trd, 8639982.512, 138
Trd, 8639982.946, 97
Trd, 8639983.746, 64
Trd, 8639984.346, 138
Trd, 8639984.379, 129
Trd, 8639984.712, 140
Trd, 8639985.012, 139
Trd, 8639985.746, 140
Trd, 8639986.479, 140
Trd, 8639987.646, 140
Trd, 8639987.946, 140
Trd, 8639988.579, 140
Trd, 8639988.812, 140
Trd, 8639989.146, 140
Trd, 8639989.646, 140
Trd, 8639989.779, 140
Trd, 8639989.879, 138
Trd, 8639990.012, 137
Trd, 8639990.712, 140
Trd, 8639991.012, 138
Trd, 8639991.379, 111
Trd, 8639992.412, 125
Trd, 8639992.446, 124
Trd, 8639992.879, 140
Trd, 8639993.246, 140
Trd, 8639993.946, 140
Trd, 8639995.012, 140
Trd, 8639995.246, 140
Trd, 8639995.312, 140
Trd, 8639996.646, 140
Trd, 8639996.846, 125
Trd, 8639998.212, 140
Trd, 8639998.446, 140
Trd, 8639998.546, 140
Trd, 8639999.212, 139
Trd, 8639999.479, 138
