Trd, 8638785.846, 102
Trd, 8638786.546, 115
Trd, 8638786.912, 114
Trd, 8638787.279, 113
Trd, 8638788.512, 125
Trd, 8638788.979, 125
Trd, 8638789.046, 108
Trd, 8638789.279, 138
Trd, 8638789.312, 100
Trd, 8638789.812, 92
Trd, 8638790.012, 91
Trd, 8638790.246, 84
Trd, 8638790.512, 101
Trd, 8638791.512, 109
Trd, 8638791.712, 107
Trd, 8638791.879, 100
Trd, 8638793.179, 85
Trd, 8638793.746, 68
Trd, 8638794.379, 73
Trd, 8638794.446, 76
Trd, 8638794.712, 62
Trd, 8638795.279, 86
Trd, 8638795.779, 116
Trd, 8638796.546, 65
Trd, 8638797.079, 135
Trd, 8638797.579, 97
Trd, 8638798.246, 78
Trd, 8638798.412, 94
Trd, 8638798.512, 91
Trd, 8638799.246, 115
Trd, 8638800.179, 94
Trd, 8638800.246, 89
Trd, 8638800.646, 73
Trd, 8638800.979, 69
Trd, 8638801.246, 62
Trd, 8638801.712, 79
Trd, 8638802.146, 78
Trd, 8638802.212, 81
Trd, 8638802.546, 83
Trd, 8638802.779, 78
Trd, 8638803.212, 112
Trd, 8638803.312, 111
Trd, 8638803.646, 96
Trd, 8638803.979, 89
Trd, 8638804.912, 95
Trd, 8638805.012, 88
Trd, 8638805.179, 78
Trd, 8638805.379, 77
Trd, 8638806.112, 75
Trd, 8638806.479, 120
Trd, 8638806.612, 93
Trd, 8638806.712, 125
Trd, 8638808.112, 99
Trd, 8638809.112, 102
Trd, 8638809.412, 98
Trd, 8638810.279, 94
Trd, 8638810.312, 93
Trd, 8638811.212, 134
Trd, 8638811.546, 81
Trd, 8638812.212, 137
Trd, 8638812.579, 96
Trd, 8638812.812, 92
Trd, 8638813.346, 84
Trd, 8638814.546, 73
Trd, 8638814.746, 121
Trd, 8638815.046, 75
Trd, 8638815.112, 65
Trd, 8638815.846, 66
Trd, 8638815.912, 67
Trd, 8638816.179, 93
Trd, 8638816.712, 111
Trd, 8638817.246, 101
Trd, 8638817.612, 83
Trd, 8638817.846, 65
Trd, 8638818.546, 74
Trd, 8638819.179, 124
Trd, 8638819.646, 130
Trd, 8638819.846, 121
Trd, 8638820.046, 114
Trd, 8638820.112, 111
Trd, 8638820.479, 79
Trd, 8638821.146, 92
Trd, 8638821.679, 71
Trd, 8638822.512, 86
Trd, 8638822.546, 86
Trd, 8638822.712, 78
Trd, 8638822.812, 105
Trd, 8638822.912, 122
Trd, 8638823.679, 124
Trd, 8638824.012, 63
Trd, 8638825.912, 62
Trd, 8638826.112, 63
Trd, 8638826.146, 92
Trd, 8638826.346, 62
Trd, 8638826.646, 65
Trd, 8638827.712, 83
Trd, 8638827.879, 85
Trd, 8638828.679, 62
Trd, 8638829.346, 63
Trd, 8638829.479, 68
Trd, 8638830.212, 65
Trd, 8638831.112, 108
Trd, 8638831.179, 69
Trd, 8638831.512, 124
Trd, 8638831.746, 86
Trd, 8638831.812, 84
Trd, 8638831.979, 91
Trd, 8638832.579, 79
Trd, 8638833.446, 112
Trd, 8638833.612, 122
Trd, 8638834.812, 115
Trd, 8638835.279, 115
Trd, 8638835.612, 103
Trd, 8638836.446, 88
Trd, 8638836.646, 87
Trd, 8638836.779, 80
Trd, 8638836.912, 62
Trd, 8638838.512, 140
Trd, 8638838.546, 139
Trd, 8638838.612, 138
Trd, 8638838.746, 120
Trd, 8638838.912, 110
Trd, 8638839.079, 89
Trd, 8638840.379, 89
Trd, 8638840.779, 110
Trd, 8638841.412, 82
Trd, 8638841.612, 97
Trd, 8638841.646, 100
Trd, 8638842.212, 87
Trd, 8638842.379, 64
Trd, 8638842.446, 72
Trd, 8638843.379, 100
Trd, 8638843.946, 115
Trd, 8638844.846, 118
Trd, 8638844.879, 116
Trd, 8638845.012, 115
Trd, 8638845.646, 100
Trd, 8638845.679, 99
Trd, 8638846.479, 109
Trd, 8638846.512, 94
Trd, 8638847.479, 96
Trd, 8638848.379, 99
Trd, 8638848.546, 91
Trd, 8638848.612, 90
Trd, 8638849.012, 92
Trd, 8638849.279, 83
Trd, 8638849.679, 82
Trd, 8638850.146, 91
Trd, 8638850.512, 75
Trd, 8638851.112, 134
Trd, 8638851.312, 132
Trd, 8638851.646, 71
Trd, 8638852.279, 81
Trd, 8638852.412, 71
Trd, 8638852.479, 95
Trd, 8638853.379, 62
Trd, 8638853.412, 72
Trd, 8638853.712, 69
Trd, 8638854.612, 120
Trd, 8638854.779, 129
Trd, 8638854.879, 109
Trd, 8638855.979, 107
Trd, 8638856.312, 107
Trd, 8638856.546, 97
Trd, 8638856.712, 97
Trd, 8638856.912, 92
Trd, 8638857.979, 63
Trd, 8638858.179, 62
Trd, 8638858.712, 72
Trd, 8638859.479, 98
Trd, 8638859.646, 99
Trd, 8638860.679, 99
Trd, 8638860.879, 98
Trd, 8638861.346, 94
Trd, 8638862.179, 95
Trd, 8638862.779, 104
Trd, 8638862.946, 95
Trd, 8638863.079, 92
Trd, 8638863.212, 88
Trd, 8638863.379, 81
Trd, 8638863.512, 95
Trd, 8638864.279, 98
Trd, 8638864.646, 94
Trd, 8638864.746, 92
Trd, 8638864.879, 85
Trd, 8638864.912, 69
Trd, 8638866.112, 103
Trd, 8638866.512, 91
Trd, 8638867.146, 86
Trd, 8638867.979, 89
Trd, 8638868.046, 88
Trd, 8638868.312, 134
Trd, 8638868.679, 135
Trd, 8638868.846, 109
Trd, 8638869.246, 87
Trd, 8638869.812, 68
Trd, 8638870.212, 60
Trd, 8638870.746, 68
Trd, 8638871.512, 81
Trd, 8638872.012, 82
Trd, 8638872.546, 83
Trd, 8638873.179, 83
Trd, 8638873.946, 86
Trd, 8638874.346, 80
Trd, 8638874.546, 101
Trd, 8638875.179, 106
Trd, 8638875.279, 100
Trd, 8638876.179, 93
Trd, 8638876.512, 79
Trd, 8638877.046, 64
Trd, 8638877.179, 67
Trd, 8638877.212, 116
Trd, 8638877.412, 60
Trd, 8638878.212, 75
Trd, 8638878.679, 77
Trd, 8638878.912, 76
Trd, 8638879.379, 78
Trd, 8638879.546, 71
Trd, 8638879.812, 73
Trd, 8638880.146, 84
Trd, 8638880.312, 72
Trd, 8638882.346, 63
Trd, 8638882.812, 70
Trd, 8638882.912, 64
Trd, 8638883.012, 66
Trd, 8638883.512, 95
Trd, 8638883.846, 70
Trd, 8638884.446, 101
Trd, 8638884.712, 107
Trd, 8638885.012, 84
Trd, 8638885.246, 78
Trd, 8638885.879, 74
Trd, 8638886.712, 77
Trd, 8638886.879, 70
Trd, 8638887.012, 69
Trd, 8638887.046, 65
Trd, 8638887.146, 90
Trd, 8638887.246, 64
Trd, 8638887.346, 61
Trd, 8638887.379, 110
Trd, 8638888.246, 78
Trd, 8638888.379, 90
Trd, 8638889.079, 117
Trd, 8638889.579, 72
Trd, 8638889.779, 98
Trd, 8638890.046, 97
Trd, 8638890.379, 134
Trd, 8638891.179, 124
Trd, 8638893.012, 112
Trd, 8638893.512, 116
Trd, 8638893.712, 115
Trd, 8638894.746, 117
Trd, 8638894.979, 113
Trd, 8638895.279, 108
Trd, 8638895.379, 94
Trd, 8638895.612, 85
Trd, 8638896.212, 136
Trd, 8638896.446, 123
Trd, 8638897.079, 80
Trd, 8638897.346, 81
Trd, 8638897.512, 78
Trd, 8638898.046, 83
Trd, 8638898.579, 119
Trd, 8638898.879, 113
Trd, 8638899.012, 133
Trd, 8638899.212, 129
Trd, 8638899.546, 132
Trd, 8638899.612, 100
Trd, 8638900.512, 96
Trd, 8638900.712, 89
Trd, 8638901.446, 88
Trd, 8638901.546, 87
Trd, 8638902.046, 83
Trd, 8638902.912, 97
Trd, 8638902.946, 89
Trd, 8638903.279, 114
Trd, 8638903.312, 93
Trd, 8638903.646, 128
Trd, 8638904.612, 124
Trd, 8638905.546, 124
Trd, 8638905.979, 121
Trd, 8638906.079, 114
Trd, 8638906.379, 116
Trd, 8638906.846, 96
Trd, 8638907.412, 100
Trd, 8638907.912, 98
Trd, 8638908.179, 70
Trd, 8638908.446, 99
Trd, 8638909.812, 95
Trd, 8638910.046, 102
Trd, 8638910.179, 79
Trd, 8638910.479, 102
Trd, 8638910.712, 82
Trd, 8638911.346, 84
Trd, 8638912.146, 73
Trd, 8638912.446, 100
Trd, 8638912.746, 70
Trd, 8638912.979, 67
Trd, 8638913.179, 64
Trd, 8638914.479, 70
Trd, 8638914.579, 69
Trd, 8638914.812, 70
Trd, 8638915.912, 72
Trd, 8638916.312, 110
Trd, 8638916.646, 60
Trd, 8638918.012, 103
Trd, 8638918.246, 109
Trd, 8638918.479, 127
Trd, 8638918.512, 98
Trd, 8638919.046, 107
Trd, 8638919.212, 117
Trd, 8638919.546, 94
Trd, 8638919.712, 83
Trd, 8638919.946, 104
Trd, 8638920.112, 80
Trd, 8638920.979, 97
Trd, 8638921.946, 78
Trd, 8638922.246, 77
Trd, 8638922.279, 107
Trd, 8638922.779, 76
Trd, 8638923.612, 77
Trd, 8638924.579, 82
Trd, 8638924.979, 121
Trd, 8638925.012, 119
Trd, 8638925.046, 105
Trd, 8638925.146, 88
Trd, 8638926.146, 84
Trd, 8638926.179, 83
Trd, 8638927.079, 92
Trd, 8638927.279, 90
Trd, 8638928.312, 69
Trd, 8638928.812, 84
Trd, 8638929.012, 89
Trd, 8638929.146, 88
Trd, 8638929.879, 97
Trd, 8638930.146, 108
Trd, 8638930.246, 79
Trd, 8638930.479, 67
Trd, 8638931.146, 71
Trd, 8638931.279, 64
Trd, 8638932.412, 83
Trd, 8638932.579, 92
Trd, 8638933.146, 103
Trd, 8638933.412, 77
Trd, 8638934.146, 89
Trd, 8638934.312, 64
Trd, 8638934.579, 101
Trd, 8638934.879, 60
Trd, 8638935.179, 62
Trd, 8638935.879, 125
Trd, 8638936.579, 115
Trd, 8638937.112, 90
Trd, 8638937.179, 87
Trd, 8638937.679, 77
Trd, 8638937.812, 97
Trd, 8638937.879, 76
Trd, 8638938.046, 88
Trd, 8638938.512, 112
Trd, 8638939.946, 62
Trd, 8638940.112, 61
Trd, 8638940.512, 65
Trd, 8638940.979, 66
Trd, 8638941.446, 101
Trd, 8638942.046, 83
Trd, 8638942.712, 131
Trd, 8638943.146, 106
Trd, 8638943.412, 107
Trd, 8638943.646, 108
Trd, 8638943.979, 107
Trd, 8638944.279, 87
Trd, 8638944.679, 94
Trd, 8638945.112, 67
Trd, 8638945.746, 108
Trd, 8638945.912, 123
Trd, 8638946.446, 63
Trd, 8638948.412, 95
Trd, 8638948.512, 92
Trd, 8638949.046, 93
Trd, 8638949.112, 91
Trd, 8638949.512, 92
Trd, 8638950.512, 77
Trd, 8638950.712, 78
Trd, 8638950.746, 90
Trd, 8638951.212, 71
Trd, 8638951.312, 68
Trd, 8638951.779, 104
Trd, 8638952.012, 100
Trd, 8638952.246, 105
Trd, 8638953.846, 115
Trd, 8638954.079, 118
Trd, 8638954.112, 114
Trd, 8638954.179, 99
Trd, 8638954.912, 99
Trd, 8638955.179, 97
Trd, 8638955.946, 109
Trd, 8638956.079, 98
Trd, 8638956.279, 112
Trd, 8638956.646, 97
Trd, 8638957.246, 66
Trd, 8638957.346, 65
Trd, 8638958.279, 64
Trd, 8638958.779, 64
Trd, 8638959.212, 85
Trd, 8638959.946, 88
Trd, 8638960.146, 99
Trd, 8638961.546, 92
Trd, 8638961.679, 100
Trd, 8638961.779, 83
Trd, 8638962.246, 94
Trd, 8638962.679, 103
Trd, 8638962.712, 76
Trd, 8638962.912, 105
Trd, 8638963.712, 94
Trd, 8638965.146, 66
Trd, 8638965.512, 94
Trd, 8638965.779, 60
Trd, 8638966.279, 69
Trd, 8638966.512, 62
Trd, 8638966.812, 68
Trd, 8638967.646, 80
Trd, 8638967.979, 87
Trd, 8638968.179, 94
Trd, 8638968.346, 81
Trd, 8638969.046, 96
Trd, 8638969.146, 91
Trd, 8638969.812, 89
Trd, 8638969.846, 87
Trd, 8638970.179, 91
Trd, 8638970.546, 84
Trd, 8638970.679, 101
Trd, 8638970.779, 83
Trd, 8638971.979, 63
Trd, 8638972.279, 64
Trd, 8638972.312, 67
Trd, 8638972.379, 70
Trd, 8638972.512, 63
Trd, 8638973.012, 62
Trd, 8638973.479, 62
Trd, 8638974.379, 69
Trd, 8638975.446, 133
Trd, 8638975.479, 131
Trd, 8638975.579, 130
Trd, 8638975.846, 76
Trd, 8638977.246, 110
Trd, 8638977.779, 109
Trd, 8638977.812, 109
Trd, 8638978.379, 95
Trd, 8638978.412, 93
Trd, 8638978.846, 91
Trd, 8638979.112, 96
Trd, 8638979.512, 127
Trd, 8638980.212, 99
Trd, 8638980.646, 79
Trd, 8638980.946, 89
Trd, 8638981.846, 74
Trd, 8638982.079, 78
Trd, 8638982.412, 72
Trd, 8638983.979, 83
Trd, 8638984.846, 90
Trd, 8638985.646, 123
Trd, 8638985.779, 122
Trd, 8638986.146, 137
Trd, 8638986.279, 136
Trd, 8638986.512, 135
Trd, 8638986.846, 104
Trd, 8638987.712, 118
Trd, 8638988.379, 120
Trd, 8638989.346, 106
Trd, 8638989.479, 103
Trd, 8638990.079, 112
Trd, 8638990.346, 84
Trd, 8638990.512, 80
Trd, 8638990.946, 78
Trd, 8638991.012, 75
Trd, 8638991.212, 65
Trd, 8638991.812, 64
Trd, 8638992.146, 65
Trd, 8638992.612, 82
Trd, 8638992.979, 60
Trd, 8638993.712, 66
Trd, 8638993.779, 90
Trd, 8638993.946, 65
Trd, 8638994.746, 130
Trd, 8638995.412, 71
Trd, 8638995.946, 67
Trd, 8638996.212, 69
Trd, 8638996.646, 80
Trd, 8638996.679, 76
Trd, 8638996.879, 80
Trd, 8638997.179, 70
Trd, 8638997.312, 66
Trd, 8638998.046, 68
Trd, 8638998.346, 69
Trd, 8638999.779, 99
Trd, 8639000.012, 98
Trd, 8639000.279, 84
Trd, 8639000.779, 73
Trd, 8639000.846, 78
Trd, 8639001.012, 98
Trd, 8639001.446, 72
Trd, 8639002.212, 107
Trd, 8639002.479, 106
Trd, 8639003.079, 125
Trd, 8639003.179, 125
Trd, 8639003.312, 113
Trd, 8639004.246, 138
Trd, 8639005.012, 111
Trd, 8639005.146, 108
Trd, 8639005.812, 109
Trd, 8639006.046, 116
Trd, 8639006.879, 81
Trd, 8639007.579, 79
Trd, 8639008.079, 78
Trd, 8639008.112, 86
Trd, 8639008.446, 95
Trd, 8639009.212, 106
Trd, 8639009.312, 114
Trd, 8639010.412, 112
Trd, 8639010.479, 122
Trd, 8639010.512, 107
Trd, 8639010.779, 79
Trd, 8639011.112, 93
Trd, 8639011.379, 92
Trd, 8639011.579, 107
Trd, 8639013.179, 134
Trd, 8639013.212, 133
Trd, 8639014.679, 128
Trd, 8639014.779, 127
Trd, 8639015.046, 135
Trd, 8639015.179, 115
Trd, 8639015.279, 140
Trd, 8639015.979, 113
Trd, 8639016.046, 112
Trd, 8639016.212, 111
Trd, 8639017.379, 95
Trd, 8639017.679, 99
Trd, 8639018.046, 78
Trd, 8639018.179, 68
Trd, 8639018.546, 126
Trd, 8639018.746, 121
Trd, 8639019.579, 86
Trd, 8639019.712, 71
Trd, 8639019.946, 62
Trd, 8639021.146, 78
Trd, 8639021.212, 83
Trd, 8639021.679, 95
Trd, 8639021.812, 78
Trd, 8639022.079, 115
Trd, 8639022.879, 72
Trd, 8639023.212, 81
Trd, 8639024.079, 120
Trd, 8639024.379, 85
Trd, 8639024.479, 75
Trd, 8639025.012, 78
Trd, 8639025.046, 99
Trd, 8639025.379, 99
Trd, 8639025.779, 78
Trd, 8639026.379, 73
Trd, 8639026.446, 72
Trd, 8639027.879, 137
Trd, 8639028.012, 136
Trd, 8639028.512, 133
Trd, 8639029.012, 129
Trd, 8639029.112, 91
Trd, 8639029.146, 83
Trd, 8639029.979, 82
Trd, 8639030.746, 83
Trd, 8639030.879, 82
Trd, 8639031.012, 100
Trd, 8639031.812, 116
Trd, 8639031.979, 121
Trd, 8639032.046, 101
Trd, 8639033.112, 123
Trd, 8639033.312, 86
Trd, 8639033.979, 80
Trd, 8639034.546, 70
Trd, 8639035.012, 66
Trd, 8639035.379, 62
Trd, 8639035.546, 65
Trd, 8639036.312, 81
Trd, 8639036.412, 68
Trd, 8639037.412, 70
Trd, 8639037.612, 64
Trd, 8639038.346, 77
Trd, 8639038.779, 115
Trd, 8639039.546, 116
Trd, 8639039.712, 115
Trd, 8639040.112, 113
Trd, 8639040.212, 102
Trd, 8639041.679, 124
Trd, 8639042.279, 123
Trd, 8639042.546, 121
Trd, 8639042.679, 109
Trd, 8639043.112, 120
Trd, 8639043.912, 98
Trd, 8639044.012, 91
Trd, 8639044.079, 85
Trd, 8639044.746, 102
Trd, 8639044.979, 75
Trd, 8639045.379, 82
Trd, 8639046.346, 98
Trd, 8639047.012, 114
Trd, 8639047.546, 113
Trd, 8639047.579, 97
Trd, 8639047.879, 90
Trd, 8639047.912, 81
Trd, 8639048.446, 107
Trd, 8639048.746, 108
Trd, 8639048.812, 96
Trd, 8639049.579, 89
Trd, 8639049.946, 81
Trd, 8639050.579, 90
Trd, 8639051.412, 102
Trd, 8639051.446, 101
Trd, 8639052.679, 110
Trd, 8639053.079, 100
Trd, 8639053.179, 94
Trd, 8639053.879, 114
Trd, 8639054.746, 102
Trd, 8639055.646, 127
Trd, 8639055.779, 125
Trd, 8639056.046, 116
Trd, 8639056.212, 115
Trd, 8639056.679, 97
Trd, 8639056.846, 90
Trd, 8639056.946, 87
Trd, 8639057.046, 83
Trd, 8639057.646, 126
Trd, 8639058.212, 74
Trd, 8639058.279, 78
Trd, 8639059.746, 91
Trd, 8639060.012, 91
Trd, 8639060.379, 104
Trd, 8639061.046, 121
Trd, 8639061.279, 90
Trd, 8639061.646, 89
Trd, 8639061.912, 89
Trd, 8639062.479, 86
Trd, 8639062.512, 85
Trd, 8639063.079, 82
Trd, 8639063.746, 105
Trd, 8639064.046, 99
Trd, 8639064.346, 88
Trd, 8639064.646, 76
Trd, 8639065.779, 84
Trd, 8639065.812, 83
Trd, 8639066.112, 91
Trd, 8639066.546, 98
Trd, 8639067.212, 105
Trd, 8639067.312, 87
Trd, 8639067.446, 108
Trd, 8639068.212, 60
Trd, 8639068.612, 67
Trd, 8639069.246, 78
Trd, 8639069.612, 99
Trd, 8639070.246, 89
Trd, 8639070.479, 88
Trd, 8639071.546, 113
Trd, 8639071.579, 112
Trd, 8639072.079, 92
Trd, 8639072.112, 103
Trd, 8639072.579, 92
Trd, 8639072.746, 91
Trd, 8639072.846, 88
Trd, 8639073.979, 67
Trd, 8639074.112, 65
Trd, 8639074.379, 77
Trd, 8639074.712, 64
Trd, 8639075.079, 65
Trd, 8639075.446, 60
Trd, 8639076.012, 60
Trd, 8639076.479, 66
Trd, 8639076.846, 79
Trd, 8639076.946, 92
Trd, 8639077.446, 62
Trd, 8639078.212, 66
Trd, 8639078.479, 85
Trd, 8639078.912, 117
Trd, 8639079.046, 116
Trd, 8639080.479, 62
Trd, 8639080.946, 60
Trd, 8639081.379, 74
Trd, 8639082.146, 62
Trd, 8639082.412, 66
Trd, 8639082.579, 63
Trd, 8639082.779, 60
Trd, 8639082.879, 113
Trd, 8639083.179, 84
Trd, 8639084.446, 102
Trd, 8639084.512, 101
Trd, 8639084.579, 95
Trd, 8639085.146, 135
Trd, 8639085.312, 136
Trd, 8639085.679, 113
Trd, 8639086.612, 106
Trd, 8639086.679, 97
Trd, 8639086.712, 93
Trd, 8639086.912, 69
Trd, 8639087.079, 85
Trd, 8639087.779, 73
Trd, 8639088.612, 77
Trd, 8639088.879, 87
Trd, 8639089.212, 86
Trd, 8639089.312, 92
Trd, 8639089.512, 105
Trd, 8639089.812, 127
Trd, 8639089.946, 126
Trd, 8639091.446, 129
Trd, 8639091.546, 125
Trd, 8639092.012, 97
Trd, 8639092.246, 95
Trd, 8639092.846, 96
Trd, 8639093.846, 82
Trd, 8639094.012, 87
Trd, 8639094.212, 79
Trd, 8639094.879, 62
Trd, 8639095.112, 66
Trd, 8639095.212, 60
Trd, 8639095.379, 78
Trd, 8639096.079, 106
Trd, 8639096.712, 77
Trd, 8639097.212, 92
Trd, 8639097.346, 91
Trd, 8639097.712, 120
Trd, 8639098.279, 116
Trd, 8639098.612, 114
Trd, 8639099.212, 137
Trd, 8639099.246, 136
Trd, 8639100.346, 113
Trd, 8639100.546, 97
Trd, 8639100.612, 85
Trd, 8639100.812, 81
Trd, 8639101.079, 74
Trd, 8639101.679, 102
Trd, 8639102.112, 68
Trd, 8639103.146, 82
Trd, 8639103.379, 63
Trd, 8639103.746, 88
Trd, 8639103.912, 83
Trd, 8639104.379, 129
Trd, 8639104.512, 88
Trd, 8639104.979, 81
Trd, 8639105.012, 91
Trd, 8639105.546, 104
Trd, 8639106.612, 86
Trd, 8639107.212, 126
Trd, 8639107.746, 125
Trd, 8639108.112, 75
Trd, 8639108.179, 127
Trd, 8639108.412, 121
Trd, 8639108.879, 120
Trd, 8639109.312, 119
Trd, 8639109.746, 114
Trd, 8639110.079, 85
Trd, 8639110.212, 115
Trd, 8639110.412, 108
Trd, 8639110.879, 129
Trd, 8639111.546, 65
Trd, 8639111.879, 68
Trd, 8639112.646, 89
Trd, 8639112.879, 88
Trd, 8639113.212, 104
Trd, 8639113.679, 76
Trd, 8639114.046, 80
Trd, 8639114.179, 88
Trd, 8639114.279, 75
Trd, 8639116.012, 96
Trd, 8639116.179, 90
Trd, 8639116.579, 87
Trd, 8639116.812, 81
Trd, 8639117.079, 87
Trd, 8639117.446, 92
Trd, 8639117.946, 72
Trd, 8639118.212, 99
Trd, 8639119.179, 74
Trd, 8639119.512, 69
Trd, 8639119.746, 78
Trd, 8639120.412, 91
Trd, 8639120.712, 74
Trd, 8639120.779, 73
Trd, 8639121.546, 95
Trd, 8639122.079, 96
Trd, 8639122.379, 111
Trd, 8639122.446, 83
Trd, 8639122.646, 66
Trd, 8639122.946, 75
Trd, 8639123.479, 110
Trd, 8639124.279, 139
Trd, 8639124.679, 90
Trd, 8639125.412, 69
Trd, 8639125.546, 68
Trd, 8639125.846, 117
Trd, 8639126.046, 88
Trd, 8639126.079, 67
Trd, 8639126.679, 66
Trd, 8639127.912, 75
Trd, 8639128.079, 74
Trd, 8639128.546, 74
Trd, 8639128.579, 87
Trd, 8639129.146, 81
Trd, 8639129.412, 97
Trd, 8639129.712, 90
Trd, 8639130.712, 126
Trd, 8639131.512, 127
Trd, 8639131.812, 126
Trd, 8639132.512, 122
Trd, 8639132.612, 137
Trd, 8639132.912, 112
Trd, 8639133.246, 108
Trd, 8639134.012, 108
Trd, 8639134.179, 94
Trd, 8639134.212, 94
Trd, 8639134.546, 84
Trd, 8639135.079, 81
Trd, 8639135.812, 131
Trd, 8639135.846, 130
Trd, 8639136.246, 102
Trd, 8639136.479, 96
Trd, 8639137.779, 108
Trd, 8639137.812, 128
Trd, 8639137.946, 75
Trd, 8639138.012, 74
Trd, 8639138.979, 120
Trd, 8639139.779, 124
Trd, 8639139.979, 111
Trd, 8639140.512, 120
Trd, 8639140.979, 119
Trd, 8639141.379, 95
Trd, 8639141.779, 107
Trd, 8639142.512, 102
Trd, 8639142.846, 121
Trd, 8639143.112, 102
Trd, 8639143.312, 102
Trd, 8639144.079, 114
Trd, 8639144.346, 91
Trd, 8639144.679, 100
Trd, 8639144.846, 90
Trd, 8639144.912, 80
Trd, 8639145.179, 123
Trd, 8639146.446, 71
Trd, 8639146.746, 83
Trd, 8639147.479, 65
Trd, 8639148.246, 61
Trd, 8639148.312, 69
Trd, 8639148.412, 72
Trd, 8639148.912, 65
Trd, 8639149.012, 69
Trd, 8639149.346, 124
Trd, 8639149.879, 68
Trd, 8639150.479, 98
Trd, 8639150.679, 92
Trd, 8639150.979, 118
Trd, 8639151.412, 98
Trd, 8639152.146, 97
Trd, 8639152.179, 74
Trd, 8639152.646, 69
Trd, 8639152.912, 69
Trd, 8639153.612, 68
Trd, 8639153.912, 71
Trd, 8639154.279, 89
Trd, 8639154.746, 77
Trd, 8639155.512, 75
Trd, 8639155.946, 64
Trd, 8639156.179, 65
Trd, 8639156.846, 63
Trd, 8639157.146, 62
Trd, 8639157.879, 65
Trd, 8639158.746, 65
Trd, 8639159.146, 67
Trd, 8639159.412, 74
Trd, 8639159.812, 65
Trd, 8639160.246, 108
Trd, 8639161.312, 66
Trd, 8639161.646, 64
Trd, 8639162.079, 60
Trd, 8639162.679, 77
Trd, 8639162.746, 71
Trd, 8639162.879, 70
Trd, 8639163.212, 115
Trd, 8639163.646, 114
Trd, 8639165.079, 122
Trd, 8639165.179, 119
Trd, 8639165.246, 118
Trd, 8639165.279, 116
Trd, 8639165.746, 108
Trd, 8639165.779, 106
Trd, 8639165.812, 100
Trd, 8639166.046, 111
Trd, 8639166.346, 123
Trd, 8639167.079, 96
Trd, 8639167.412, 92
Trd, 8639167.446, 90
Trd, 8639168.446, 66
Trd, 8639168.846, 78
Trd, 8639169.112, 123
Trd, 8639169.179, 63
Trd, 8639170.312, 89
Trd, 8639170.746, 88
Trd, 8639171.346, 88
Trd, 8639171.746, 111
Trd, 8639172.112, 131
Trd, 8639172.346, 130
Trd, 8639172.812, 121
Trd, 8639173.546, 101
Trd, 8639174.146, 101
Trd, 8639174.446, 98
Trd, 8639175.579, 114
Trd, 8639176.112, 107
Trd, 8639176.246, 103
Trd, 8639176.579, 86
Trd, 8639176.812, 132
Trd, 8639176.846, 82
Trd, 8639177.346, 61
Trd, 8639177.479, 62
Trd, 8639177.846, 61
Trd, 8639178.946, 64
Trd, 8639179.646, 63
Trd, 8639179.846, 66
Trd, 8639180.012, 62
Trd, 8639180.112, 100
Trd, 8639180.346, 102
Trd, 8639181.912, 64
Trd, 8639182.246, 71
Trd, 8639182.979, 69
Trd, 8639183.579, 69
Trd, 8639183.679, 68
Trd, 8639183.712, 83
Trd, 8639183.979, 71
Trd, 8639184.846, 80
Trd, 8639184.946, 81
Trd, 8639185.946, 61
Trd, 8639186.079, 131
Trd, 8639186.679, 66
Trd, 8639186.979, 87
Trd, 8639187.112, 140
Trd, 8639187.546, 140
Trd, 8639187.679, 140
Trd, 8639188.279, 140
Trd, 8639188.412, 128
Trd, 8639188.912, 89
Trd, 8639189.146, 125
Trd, 8639190.579, 103
Trd, 8639190.879, 89
Trd, 8639191.312, 89
Trd, 8639192.146, 71
Trd, 8639192.512, 102
Trd, 8639193.046, 90
Trd, 8639193.179, 107
Trd, 8639194.312, 105
Trd, 8639194.646, 122
Trd, 8639194.679, 105
Trd, 8639194.812, 105
Trd, 8639194.879, 113
Trd, 8639194.979, 104
Trd, 8639195.146, 102
Trd, 8639195.579, 78
Trd, 8639196.279, 63
Trd, 8639196.846, 72
Trd, 8639198.179, 99
Trd, 8639198.679, 125
Trd, 8639198.979, 95
Trd, 8639199.146, 93
Trd, 8639199.312, 92
Trd, 8639199.579, 92
Trd, 8639200.279, 116
Trd, 8639200.346, 68
Trd, 8639200.412, 115
Trd, 8639201.646, 79
Trd, 8639201.746, 69
Trd, 8639201.879, 84
Trd, 8639202.712, 60
Trd, 8639202.846, 60
Trd, 8639202.946, 79
Trd, 8639203.812, 95
Trd, 8639203.979, 84
Trd, 8639204.912, 81
Trd, 8639205.679, 77
Trd, 8639205.912, 65
Trd, 8639205.946, 69
Trd, 8639206.179, 83
Trd, 8639206.446, 94
Trd, 8639207.079, 106
Trd, 8639208.079, 88
Trd, 8639208.812, 96
Trd, 8639208.912, 99
Trd, 8639209.079, 88
Trd, 8639209.912, 99
Trd, 8639210.679, 109
Trd, 8639210.712, 108
Trd, 8639211.446, 121
Trd, 8639211.746, 88
Trd, 8639211.779, 87
Trd, 8639211.812, 85
Trd, 8639212.379, 84
Trd, 8639212.812, 90
Trd, 8639213.479, 60
Trd, 8639213.612, 61
Trd, 8639213.712, 70
Trd, 8639214.312, 85
Trd, 8639214.646, 100
Trd, 8639215.079, 128
Trd, 8639215.512, 117
Trd, 8639215.679, 115
Trd, 8639216.146, 83
Trd, 8639216.279, 82
Trd, 8639216.346, 108
Trd, 8639217.512, 88
Trd, 8639218.312, 82
Trd, 8639218.346, 81
Trd, 8639218.812, 119
Trd, 8639219.312, 124
Trd, 8639219.612, 88
Trd, 8639219.912, 132
Trd, 8639220.012, 105
Trd, 8639220.479, 83
Trd, 8639220.579, 82
Trd, 8639221.579, 71
Trd, 8639222.412, 78
Trd, 8639222.846, 80
Trd, 8639223.646, 102
Trd, 8639223.679, 80
Trd, 8639223.746, 79
Trd, 8639224.279, 127
Trd, 8639224.746, 137
Trd, 8639224.779, 134
Trd, 8639225.546, 118
Trd, 8639225.579, 116
Trd, 8639225.879, 115
Trd, 8639226.279, 124
Trd, 8639226.712, 96
Trd, 8639228.146, 82
Trd, 8639228.412, 79
Trd, 8639228.512, 77
Trd, 8639228.679, 65
Trd, 8639229.112, 94
Trd, 8639229.646, 96
Trd, 8639230.612, 94
Trd, 8639231.312, 108
Trd, 8639231.512, 98
Trd, 8639231.746, 92
Trd, 8639232.112, 92
Trd, 8639232.446, 93
Trd, 8639232.479, 91
Trd, 8639232.946, 104
Trd, 8639234.012, 92
Trd, 8639234.146, 87
Trd, 8639235.346, 80
Trd, 8639235.679, 73
Trd, 8639235.812, 95
Trd, 8639235.912, 73
Trd, 8639236.779, 79
Trd, 8639237.679, 63
Trd, 8639237.912, 99
Trd, 8639238.979, 87
Trd, 8639239.212, 86
Trd, 8639239.946, 107
Trd, 8639240.179, 74
Trd, 8639240.346, 67
Trd, 8639240.379, 83
Trd, 8639240.846, 78
Trd, 8639241.646, 81
Trd, 8639243.046, 117
Trd, 8639243.479, 117
Trd, 8639243.546, 116
Trd, 8639243.946, 119
Trd, 8639244.046, 118
Trd, 8639244.246, 91
Trd, 8639244.946, 66
Trd, 8639245.179, 72
Trd, 8639245.346, 71
Trd, 8639246.646, 109
Trd, 8639246.779, 108
Trd, 8639246.812, 99
Trd, 8639248.079, 111
Trd, 8639248.246, 97
Trd, 8639248.579, 91
Trd, 8639248.912, 114
Trd, 8639249.612, 133
Trd, 8639250.179, 124
Trd, 8639250.579, 113
Trd, 8639250.679, 108
Trd, 8639250.846, 133
Trd, 8639251.812, 66
Trd, 8639252.612, 92
Trd, 8639253.279, 90
Trd, 8639253.312, 88
Trd, 8639253.446, 86
Trd, 8639254.679, 88
Trd, 8639254.746, 86
Trd, 8639255.046, 71
Trd, 8639255.346, 99
Trd, 8639255.646, 65
Trd, 8639255.879, 86
Trd, 8639256.612, 84
Trd, 8639256.646, 83
Trd, 8639256.912, 71
Trd, 8639256.946, 94
Trd, 8639257.512, 101
Trd, 8639258.146, 62
Trd, 8639258.179, 106
Trd, 8639258.612, 61
Trd, 8639258.879, 84
Trd, 8639259.679, 116
Trd, 8639259.979, 92
Trd, 8639260.846, 90
Trd, 8639261.412, 100
Trd, 8639261.946, 129
Trd, 8639262.246, 80
Trd, 8639262.512, 77
Trd, 8639262.612, 89
Trd, 8639263.079, 75
Trd, 8639263.646, 79
Trd, 8639264.179, 101
Trd, 8639264.379, 99
Trd, 8639265.079, 109
Trd, 8639265.679, 107
Trd, 8639265.812, 105
Trd, 8639265.846, 121
Trd, 8639266.679, 132
Trd, 8639266.879, 131
Trd, 8639267.379, 127
Trd, 8639267.946, 122
Trd, 8639268.246, 112
Trd, 8639268.579, 106
Trd, 8639268.679, 103
Trd, 8639268.746, 105
Trd, 8639269.646, 60
Trd, 8639270.179, 62
Trd, 8639270.512, 64
Trd, 8639270.679, 63
Trd, 8639271.079, 70
Trd, 8639272.879, 97
Trd, 8639273.079, 96
Trd, 8639273.246, 95
Trd, 8639273.612, 113
Trd, 8639273.679, 71
Trd, 8639274.546, 67
Trd, 8639274.946, 66
Trd, 8639275.012, 71
Trd, 8639275.412, 66
Trd, 8639275.446, 100
Trd, 8639276.012, 60
Trd, 8639276.479, 83
Trd, 8639276.912, 74
Trd, 8639278.279, 71
Trd, 8639278.346, 80
Trd, 8639279.046, 119
Trd, 8639279.412, 86
Trd, 8639279.779, 85
Trd, 8639280.312, 104
Trd, 8639280.379, 112
Trd, 8639280.512, 104
Trd, 8639281.379, 125
Trd, 8639281.479, 87
Trd, 8639282.879, 62
Trd, 8639283.479, 72
Trd, 8639283.512, 124
Trd, 8639284.612, 125
Trd, 8639284.679, 72
Trd, 8639284.879, 68
Trd, 8639285.079, 122
Trd, 8639285.879, 80
Trd, 8639286.012, 79
Trd, 8639286.779, 74
Trd, 8639287.479, 94
Trd, 8639287.612, 91
Trd, 8639287.746, 102
Trd, 8639287.846, 84
Trd, 8639287.879, 69
Trd, 8639288.312, 94
Trd, 8639289.012, 104
Trd, 8639289.212, 113
Trd, 8639290.046, 129
Trd, 8639290.379, 104
Trd, 8639290.479, 103
Trd, 8639291.212, 77
Trd, 8639291.679, 76
Trd, 8639291.979, 75
Trd, 8639292.046, 76
Trd, 8639292.846, 113
Trd, 8639293.079, 87
Trd, 8639293.512, 119
Trd, 8639294.146, 117
Trd, 8639294.379, 75
Trd, 8639294.479, 74
Trd, 8639295.779, 86
Trd, 8639296.079, 80
Trd, 8639297.479, 108
Trd, 8639297.612, 107
Trd, 8639298.012, 119
Trd, 8639298.112, 105
Trd, 8639298.646, 98
Trd, 8639299.479, 102
Trd, 8639299.812, 100
Trd, 8639300.179, 97
Trd, 8639300.279, 96
Trd, 8639300.346, 96
Trd, 8639300.412, 73
Trd, 8639300.546, 60
Trd, 8639301.412, 128
Trd, 8639301.546, 128
Trd, 8639301.579, 126
Trd, 8639302.812, 122
Trd, 8639303.879, 94
Trd, 8639303.979, 92
Trd, 8639304.046, 122
Trd, 8639304.379, 86
Trd, 8639304.946, 120
Trd, 8639305.012, 119
Trd, 8639305.379, 116
Trd, 8639305.512, 83
Trd, 8639306.346, 85
Trd, 8639306.412, 77
Trd, 8639306.679, 73
Trd, 8639308.012, 116
Trd, 8639308.179, 106
Trd, 8639308.212, 105
Trd, 8639309.146, 104
Trd, 8639309.546, 104
Trd, 8639309.579, 102
Trd, 8639310.112, 116
Trd, 8639310.346, 114
Trd, 8639310.679, 104
Trd, 8639311.046, 100
Trd, 8639311.879, 100
Trd, 8639312.412, 131
Trd, 8639313.246, 135
Trd, 8639313.346, 107
Trd, 8639313.479, 102
Trd, 8639314.712, 66
Trd, 8639314.912, 64
Trd, 8639315.579, 67
Trd, 8639315.679, 67
Trd, 8639315.946, 73
Trd, 8639316.179, 79
Trd, 8639317.812, 86
Trd, 8639318.346, 87
Trd, 8639318.746, 89
Trd, 8639318.946, 96
Trd, 8639319.512, 90
Trd, 8639319.812, 98
Trd, 8639319.879, 95
Trd, 8639320.046, 124
Trd, 8639320.312, 121
Trd, 8639320.812, 92
Trd, 8639320.912, 71
Trd, 8639321.812, 71
Trd, 8639322.546, 63
Trd, 8639323.079, 91
Trd, 8639323.646, 71
Trd, 8639323.946, 71
Trd, 8639324.412, 108
Trd, 8639324.612, 94
Trd, 8639325.046, 93
Trd, 8639326.112, 89
Trd, 8639326.512, 87
Trd, 8639326.646, 91
Trd, 8639326.912, 100
Trd, 8639327.212, 110
Trd, 8639327.779, 87
Trd, 8639328.179, 81
Trd, 8639328.779, 102
Trd, 8639329.012, 92
Trd, 8639329.146, 81
Trd, 8639329.346, 100
Trd, 8639329.712, 74
Trd, 8639330.146, 95
Trd, 8639330.979, 79
Trd, 8639331.812, 72
Trd, 8639332.646, 136
Trd, 8639333.112, 72
Trd, 8639333.379, 70
Trd, 8639333.512, 67
Trd, 8639333.746, 63
Trd, 8639334.079, 117
Trd, 8639334.579, 114
Trd, 8639335.446, 100
Trd, 8639335.479, 98
Trd, 8639335.746, 71
Trd, 8639336.212, 65
Trd, 8639336.779, 66
Trd, 8639336.846, 67
Trd, 8639337.079, 97
Trd, 8639337.746, 83
Trd, 8639337.912, 70
Trd, 8639338.379, 60
Trd, 8639339.012, 68
Trd, 8639339.412, 105
Trd, 8639339.812, 105
Trd, 8639340.012, 128
Trd, 8639340.112, 104
Trd, 8639340.246, 70
Trd, 8639340.712, 65
Trd, 8639342.046, 81
Trd, 8639342.112, 101
Trd, 8639342.412, 115
Trd, 8639342.479, 99
Trd, 8639343.312, 122
Trd, 8639344.146, 114
Trd, 8639344.279, 111
Trd, 8639344.446, 109
Trd, 8639345.112, 125
Trd, 8639345.246, 119
Trd, 8639345.612, 102
Trd, 8639345.879, 101
Trd, 8639346.979, 80
Trd, 8639347.746, 71
Trd, 8639349.079, 74
Trd, 8639349.279, 66
Trd, 8639349.946, 64
Trd, 8639350.412, 72
Trd, 8639350.479, 89
Trd, 8639350.712, 70
Trd, 8639351.412, 85
Trd, 8639351.879, 109
Trd, 8639351.946, 119
Trd, 8639352.612, 111
Trd, 8639352.746, 110
Trd, 8639352.946, 90
Trd, 8639353.146, 89
Trd, 8639354.012, 83
Trd, 8639354.046, 83
Trd, 8639355.279, 60
Trd, 8639355.379, 60
Trd, 8639355.812, 81
Trd, 8639356.146, 89
Trd, 8639356.679, 112
Trd, 8639357.079, 81
Trd, 8639357.146, 80
Trd, 8639357.479, 80
Trd, 8639358.046, 70
Trd, 8639358.346, 86
Trd, 8639359.446, 89
Trd, 8639359.846, 73
Trd, 8639360.079, 70
Trd, 8639360.112, 69
Trd, 8639360.179, 81
Trd, 8639360.712, 87
Trd, 8639360.979, 101
Trd, 8639361.079, 85
Trd, 8639361.679, 71
Trd, 8639361.712, 69
Trd, 8639362.846, 102
Trd, 8639363.379, 128
Trd, 8639363.546, 98
Trd, 8639364.212, 111
Trd, 8639364.246, 92
Trd, 8639364.946, 97
Trd, 8639365.079, 91
Trd, 8639366.612, 100
Trd, 8639366.746, 97
Trd, 8639366.912, 91
Trd, 8639367.779, 98
Trd, 8639368.046, 113
Trd, 8639368.079, 90
Trd, 8639368.112, 72
Trd, 8639368.779, 64
Trd, 8639369.946, 69
Trd, 8639370.346, 70
Trd, 8639370.412, 67
Trd, 8639370.712, 67
Trd, 8639370.746, 66
Trd, 8639370.812, 95
Trd, 8639372.246, 99
Trd, 8639372.446, 94
Trd, 8639373.046, 93
Trd, 8639373.179, 115
Trd, 8639373.279, 75
Trd, 8639373.579, 67
Trd, 8639374.846, 116
Trd, 8639375.679, 66
Trd, 8639376.612, 81
Trd, 8639377.646, 77
Trd, 8639378.312, 80
Trd, 8639378.646, 89
Trd, 8639379.012, 129
Trd, 8639379.179, 128
Trd, 8639379.812, 102
Trd, 8639379.912, 121
Trd, 8639380.146, 85
Trd, 8639380.246, 81
Trd, 8639380.479, 120
Trd, 8639380.812, 98
Trd, 8639381.546, 111
Trd, 8639381.812, 106
Trd, 8639382.046, 95
Trd, 8639382.412, 94
Trd, 8639382.479, 87
Trd, 8639382.646, 84
Trd, 8639383.446, 106
Trd, 8639383.746, 104
Trd, 8639384.079, 78
Trd, 8639384.779, 60
Trd, 8639385.112, 64
Trd, 8639385.346, 79
Trd, 8639385.712, 117
Trd, 8639386.279, 99
Trd, 8639386.912, 90
Trd, 8639387.512, 103
Trd, 8639387.679, 90
Trd, 8639387.912, 89
Trd, 8639388.046, 81
Trd, 8639388.846, 108
Trd, 8639389.212, 126
Trd, 8639389.779, 76
Trd, 8639390.312, 74
Trd, 8639390.679, 87
Trd, 8639391.246, 113
Trd, 8639391.346, 104
Trd, 8639392.012, 101
Trd, 8639392.546, 81
Trd, 8639392.679, 79
Trd, 8639392.879, 87
Trd, 8639393.746, 86
Trd, 8639394.246, 108
Trd, 8639394.479, 111
Trd, 8639395.012, 107
Trd, 8639395.079, 106
Trd, 8639395.146, 122
Trd, 8639395.412, 105
Trd, 8639395.746, 89
Trd, 8639396.112, 86
Trd, 8639396.879, 107
Trd, 8639397.112, 106
Trd, 8639398.012, 64
Trd, 8639398.412, 81
Trd, 8639398.646, 84
Trd, 8639399.412, 111
Trd, 8639400.046, 103
Trd, 8639400.212, 131
Trd, 8639400.712, 90
Trd, 8639401.046, 113
Trd, 8639401.146, 91
Trd, 8639402.046, 90
Trd, 8639402.179, 90
Trd, 8639402.746, 117
Trd, 8639404.479, 115
Trd, 8639404.512, 114
Trd, 8639404.546, 126
Trd, 8639405.012, 129
Trd, 8639405.046, 71
Trd, 8639405.612, 89
Trd, 8639405.979, 84
Trd, 8639406.479, 86
Trd, 8639406.579, 88
Trd, 8639406.812, 104
Trd, 8639406.979, 81
Trd, 8639407.446, 114
Trd, 8639407.746, 80
Trd, 8639408.712, 96
Trd, 8639408.979, 84
Trd, 8639409.979, 67
Trd, 8639410.179, 92
Trd, 8639410.779, 97
Trd, 8639411.079, 77
Trd, 8639412.412, 89
Trd, 8639412.846, 117
Trd, 8639412.879, 92
Trd, 8639412.979, 88
Trd, 8639413.246, 102
Trd, 8639413.312, 108
Trd, 8639413.346, 101
Trd, 8639414.646, 72
Trd, 8639415.346, 73
Trd, 8639415.612, 86
Trd, 8639415.946, 116
Trd, 8639416.346, 116
Trd, 8639416.412, 115
Trd, 8639416.879, 93
Trd, 8639417.279, 99
Trd, 8639417.479, 140
Trd, 8639418.246, 128
Trd, 8639418.412, 114
Trd, 8639418.946, 104
Trd, 8639419.712, 106
Trd, 8639419.946, 83
Trd, 8639419.979, 68
Trd, 8639420.312, 78
Trd, 8639420.746, 61
Trd, 8639421.246, 95
Trd, 8639421.512, 94
Trd, 8639421.846, 93
Trd, 8639422.679, 101
Trd, 8639423.179, 105
Trd, 8639424.179, 100
Trd, 8639424.246, 110
Trd, 8639424.446, 100
Trd, 8639425.146, 98
Trd, 8639425.546, 124
Trd, 8639425.946, 131
Trd, 8639426.312, 125
Trd, 8639427.012, 100
Trd, 8639427.412, 119
Trd, 8639427.446, 100
Trd, 8639427.746, 115
Trd, 8639427.846, 87
Trd, 8639427.979, 64
Trd, 8639428.346, 74
Trd, 8639429.012, 97
Trd, 8639429.612, 66
Trd, 8639430.546, 77
Trd, 8639431.312, 76
Trd, 8639432.412, 101
Trd, 8639433.012, 111
Trd, 8639433.179, 92
Trd, 8639434.679, 112
Trd, 8639435.179, 111
Trd, 8639435.212, 106
Trd, 8639435.312, 100
Trd, 8639435.679, 77
Trd, 8639436.612, 60
Trd, 8639437.212, 65
Trd, 8639437.779, 62
Trd, 8639438.379, 63
Trd, 8639438.479, 61
Trd, 8639438.679, 62
Trd, 8639438.979, 89
Trd, 8639439.812, 83
Trd, 8639440.112, 83
Trd, 8639440.246, 78
Trd, 8639440.679, 118
Trd, 8639441.212, 82
Trd, 8639441.379, 81
Trd, 8639441.679, 107
Trd, 8639442.446, 65
Trd, 8639442.979, 61
Trd, 8639443.346, 69
Trd, 8639443.579, 69
Trd, 8639444.279, 116
Trd, 8639444.412, 98
Trd, 8639444.612, 117
Trd, 8639444.679, 116
Trd, 8639445.846, 81
Trd, 8639446.112, 76
Trd, 8639446.646, 81
Trd, 8639446.912, 81
Trd, 8639447.046, 80
Trd, 8639447.546, 92
Trd, 8639447.946, 91
Trd, 8639449.146, 92
Trd, 8639449.346, 90
Trd, 8639449.712, 110
Trd, 8639449.812, 109
Trd, 8639450.046, 109
Trd, 8639450.079, 94
Trd, 8639450.212, 73
Trd, 8639450.712, 95
Trd, 8639450.912, 94
Trd, 8639451.246, 81
Trd, 8639451.879, 106
Trd, 8639452.746, 117
Trd, 8639452.946, 109
Trd, 8639453.146, 108
Trd, 8639453.412, 105
Trd, 8639453.479, 100
Trd, 8639453.679, 90
Trd, 8639454.146, 63
Trd, 8639454.912, 126
Trd, 8639455.346, 125
Trd, 8639456.479, 121
Trd, 8639456.512, 119
Trd, 8639456.779, 113
Trd, 8639457.512, 91
Trd, 8639458.079, 96
Trd, 8639458.179, 89
Trd, 8639459.212, 86
Trd, 8639459.479, 84
Trd, 8639459.879, 71
Trd, 8639460.312, 65
Trd, 8639461.279, 120
Trd, 8639462.579, 121
Trd, 8639462.879, 111
Trd, 8639462.979, 103
Trd, 8639463.112, 95
Trd, 8639463.312, 87
Trd, 8639463.479, 78
Trd, 8639464.379, 114
Trd, 8639465.079, 114
Trd, 8639465.146, 110
Trd, 8639465.346, 109
Trd, 8639465.712, 103
Trd, 8639466.412, 109
Trd, 8639466.712, 108
Trd, 8639466.746, 107
Trd, 8639467.012, 107
Trd, 8639467.612, 106
Trd, 8639467.746, 75
Trd, 8639468.279, 123
Trd, 8639468.679, 81
Trd, 8639469.079, 116
Trd, 8639469.379, 60
Trd, 8639469.912, 75
Trd, 8639470.346, 70
Trd, 8639471.112, 72
Trd, 8639471.212, 71
Trd, 8639471.879, 84
Trd, 8639471.912, 81
Trd, 8639472.046, 70
Trd, 8639472.179, 85
Trd, 8639473.646, 112
Trd, 8639473.746, 111
Trd, 8639474.746, 100
Trd, 8639475.879, 108
Trd, 8639476.012, 101
Trd, 8639476.412, 99
Trd, 8639476.512, 105
Trd, 8639477.012, 102
Trd, 8639477.346, 90
Trd, 8639478.446, 99
Trd, 8639478.612, 100
Trd, 8639479.146, 98
Trd, 8639479.212, 97
Trd, 8639479.612, 96
Trd, 8639480.779, 109
Trd, 8639480.879, 106
Trd, 8639481.212, 109
Trd, 8639482.012, 110
Trd, 8639482.112, 102
Trd, 8639482.546, 115
Trd, 8639482.812, 103
Trd, 8639482.979, 83
Trd, 8639483.812, 64
Trd, 8639484.112, 75
Trd, 8639484.579, 62
Trd, 8639484.812, 63
Trd, 8639486.046, 63
Trd, 8639486.079, 63
Trd, 8639486.179, 78
Trd, 8639487.146, 68
Trd, 8639487.779, 76
Trd, 8639488.746, 86
Trd, 8639488.946, 71
Trd, 8639489.012, 67
Trd, 8639489.479, 69
Trd, 8639489.812, 71
Trd, 8639489.846, 85
Trd, 8639490.512, 84
Trd, 8639490.546, 85
Trd, 8639490.646, 84
Trd, 8639490.912, 82
Trd, 8639491.412, 82
Trd, 8639491.646, 110
Trd, 8639491.979, 111
Trd, 8639492.079, 102
Trd, 8639492.812, 98
Trd, 8639493.946, 111
Trd, 8639494.146, 98
Trd, 8639495.046, 104
Trd, 8639495.179, 100
Trd, 8639495.312, 95
Trd, 8639495.379, 90
Trd, 8639495.746, 61
Trd, 8639496.579, 60
Trd, 8639497.212, 92
Trd, 8639497.879, 66
Trd, 8639498.412, 99
Trd, 8639499.079, 69
Trd, 8639499.979, 71
Trd, 8639500.812, 83
Trd, 8639501.146, 75
Trd, 8639501.546, 78
Trd, 8639501.812, 76
Trd, 8639502.246, 90
Trd, 8639502.479, 91
Trd, 8639502.779, 87
Trd, 8639502.912, 84
Trd, 8639502.979, 83
Trd, 8639503.279, 98
Trd, 8639503.846, 87
Trd, 8639504.979, 84
Trd, 8639505.012, 82
Trd, 8639505.812, 86
Trd, 8639505.946, 70
Trd, 8639506.246, 69
Trd, 8639506.312, 71
Trd, 8639507.012, 72
Trd, 8639508.612, 99
Trd, 8639509.346, 106
Trd, 8639509.446, 94
Trd, 8639509.579, 98
Trd, 8639510.246, 100
Trd, 8639510.479, 134
Trd, 8639511.412, 127
Trd, 8639511.579, 126
Trd, 8639511.646, 138
Trd, 8639512.179, 122
Trd, 8639512.246, 121
Trd, 8639512.346, 112
Trd, 8639512.412, 94
Trd, 8639512.512, 109
Trd, 8639512.879, 93
Trd, 8639513.012, 85
Trd, 8639513.179, 67
Trd, 8639513.812, 104
Trd, 8639514.546, 95
Trd, 8639514.779, 81
Trd, 8639515.446, 80
Trd, 8639515.912, 91
Trd, 8639516.279, 90
Trd, 8639516.979, 93
Trd, 8639517.279, 94
Trd, 8639517.512, 136
Trd, 8639518.379, 69
Trd, 8639519.746, 114
Trd, 8639520.646, 95
Trd, 8639521.546, 88
Trd, 8639521.579, 87
Trd, 8639521.812, 110
Trd, 8639522.546, 130
Trd, 8639523.179, 120
Trd, 8639523.412, 103
Trd, 8639524.412, 117
Trd, 8639524.846, 124
Trd, 8639524.979, 107
Trd, 8639525.912, 106
Trd, 8639525.946, 83
Trd, 8639526.079, 80
Trd, 8639526.479, 82
Trd, 8639527.446, 119
Trd, 8639527.612, 110
Trd, 8639528.179, 104
Trd, 8639528.346, 97
Trd, 8639528.446, 89
Trd, 8639528.579, 68
Trd, 8639528.746, 63
Trd, 8639530.046, 72
Trd, 8639530.246, 73
Trd, 8639530.479, 80
Trd, 8639530.979, 65
Trd, 8639531.379, 73
Trd, 8639532.279, 64
Trd, 8639532.779, 61
Trd, 8639533.212, 61
Trd, 8639533.879, 69
Trd, 8639533.946, 75
Trd, 8639534.312, 64
Trd, 8639535.312, 75
Trd, 8639535.679, 76
Trd, 8639535.779, 68
Trd, 8639535.879, 103
Trd, 8639536.046, 71
Trd, 8639536.512, 68
Trd, 8639537.146, 86
Trd, 8639537.246, 67
Trd, 8639537.946, 67
Trd, 8639538.612, 101
Trd, 8639539.379, 77
Trd, 8639539.946, 104
Trd, 8639540.412, 80
Trd, 8639541.146, 119
Trd, 8639541.479, 119
Trd, 8639541.512, 109
Trd, 8639542.179, 108
Trd, 8639542.346, 75
Trd, 8639542.746, 74
Trd, 8639543.312, 64
Trd, 8639543.612, 65
Trd, 8639544.212, 72
Trd, 8639544.512, 102
Trd, 8639544.979, 68
Trd, 8639545.579, 66
Trd, 8639546.379, 64
Trd, 8639546.912, 62
Trd, 8639547.179, 75
Trd, 8639547.979, 83
Trd, 8639548.546, 83
Trd, 8639548.646, 84
Trd, 8639548.879, 98
Trd, 8639549.046, 89
Trd, 8639549.879, 84
Trd, 8639550.012, 94
Trd, 8639550.279, 86
Trd, 8639550.879, 96
Trd, 8639551.046, 82
Trd, 8639552.512, 124
Trd, 8639552.946, 110
Trd, 8639553.079, 109
Trd, 8639553.146, 109
Trd, 8639553.512, 92
Trd, 8639553.712, 124
Trd, 8639554.112, 124
Trd, 8639555.012, 76
Trd, 8639555.579, 103
Trd, 8639555.646, 71
Trd, 8639555.846, 70
Trd, 8639556.712, 113
Trd, 8639556.879, 93
Trd, 8639557.312, 79
Trd, 8639558.046, 98
Trd, 8639558.412, 98
Trd, 8639559.079, 100
Trd, 8639559.346, 98
Trd, 8639559.412, 72
Trd, 8639559.746, 83
Trd, 8639560.112, 89
Trd, 8639560.279, 82
Trd, 8639561.012, 83
Trd, 8639561.412, 64
Trd, 8639561.712, 73
Trd, 8639563.046, 65
Trd, 8639563.179, 64
Trd, 8639563.279, 71
Trd, 8639563.712, 61
Trd, 8639565.146, 70
Trd, 8639565.279, 72
Trd, 8639566.479, 105
Trd, 8639566.712, 102
Trd, 8639566.746, 101
Trd, 8639566.779, 100
Trd, 8639566.879, 105
Trd, 8639567.246, 84
Trd, 8639567.679, 122
Trd, 8639568.179, 131
Trd, 8639568.812, 74
Trd, 8639568.979, 88
Trd, 8639569.212, 89
Trd, 8639569.679, 81
Trd, 8639569.946, 81
Trd, 8639570.012, 82
Trd, 8639570.546, 88
Trd, 8639570.879, 103
Trd, 8639571.512, 98
Trd, 8639571.646, 101
Trd, 8639571.846, 76
Trd, 8639572.646, 86
Trd, 8639572.779, 88
Trd, 8639573.712, 65
Trd, 8639574.612, 63
Trd, 8639575.546, 92
Trd, 8639575.879, 81
Trd, 8639576.079, 73
Trd, 8639576.412, 70
Trd, 8639576.712, 63
Trd, 8639577.612, 66
Trd, 8639577.646, 64
Trd, 8639577.679, 60
Trd, 8639577.712, 74
Trd, 8639577.979, 108
Trd, 8639578.779, 77
Trd, 8639578.946, 76
Trd, 8639580.079, 82
Trd, 8639580.212, 87
Trd, 8639581.046, 106
Trd, 8639581.646, 103
Trd, 8639581.912, 103
Trd, 8639582.846, 135
Trd, 8639583.012, 123
Trd, 8639583.079, 113
Trd, 8639583.146, 103
Trd, 8639583.312, 119
Trd, 8639583.579, 80
Trd, 8639584.012, 140
Trd, 8639584.279, 82
Trd, 8639584.412, 100
Trd, 8639585.412, 98
Trd, 8639585.846, 99
Trd, 8639586.479, 90
Trd, 8639586.579, 69
Trd, 8639587.012, 82
Trd, 8639587.279, 65
Trd, 8639588.046, 112
Trd, 8639588.446, 95
Trd, 8639588.612, 108
Trd, 8639588.946, 94
Trd, 8639589.012, 93
Trd, 8639589.979, 96
Trd, 8639590.079, 95
Trd, 8639590.379, 89
Trd, 8639590.946, 60
Trd, 8639591.512, 104
Trd, 8639592.412, 85
Trd, 8639592.512, 108
Trd, 8639593.246, 69
Trd, 8639593.446, 79
Trd, 8639593.946, 98
Trd, 8639594.112, 76
Trd, 8639594.912, 88
Trd, 8639595.512, 94
Trd, 8639596.046, 91
Trd, 8639596.446, 79
Trd, 8639597.112, 92
Trd, 8639597.846, 107
Trd, 8639598.146, 104
Trd, 8639598.446, 101
Trd, 8639599.012, 96
Trd, 8639599.546, 134
Trd, 8639599.646, 132
Trd, 8639599.779, 130
Trd, 8639599.879, 98
Trd, 8639600.212, 112
Trd, 8639600.546, 113
Trd, 8639601.112, 69
Trd, 8639601.912, 81
Trd, 8639602.079, 83
Trd, 8639602.279, 76
Trd, 8639602.712, 75
Trd, 8639603.046, 91
Trd, 8639603.479, 61
Trd, 8639603.546, 81
Trd, 8639604.446, 61
Trd, 8639605.146, 103
Trd, 8639606.312, 60
Trd, 8639607.112, 67
Trd, 8639607.312, 85
Trd, 8639607.379, 84
Trd, 8639607.446, 82
Trd, 8639607.812, 130
Trd, 8639607.979, 92
Trd, 8639608.612, 130
Trd, 8639608.912, 76
Trd, 8639609.212, 60
Trd, 8639609.646, 99
Trd, 8639610.346, 100
Trd, 8639610.579, 99
Trd, 8639610.846, 82
Trd, 8639610.912, 120
Trd, 8639611.312, 81
Trd, 8639611.679, 103
Trd, 8639611.912, 76
Trd, 8639612.312, 76
Trd, 8639612.612, 73
Trd, 8639613.146, 74
Trd, 8639613.379, 104
Trd, 8639613.579, 118
Trd, 8639613.746, 61
Trd, 8639615.079, 99
Trd, 8639615.346, 97
Trd, 8639616.046, 107
Trd, 8639616.179, 98
Trd, 8639616.346, 98
Trd, 8639616.379, 68
Trd, 8639617.712, 96
Trd, 8639618.179, 95
Trd, 8639618.746, 119
Trd, 8639619.712, 112
Trd, 8639619.946, 112
Trd, 8639621.479, 108
Trd, 8639621.579, 91
Trd, 8639621.846, 99
Trd, 8639622.212, 118
Trd, 8639623.746, 85
Trd, 8639623.946, 85
Trd, 8639624.246, 73
Trd, 8639624.512, 65
Trd, 8639624.746, 76
Trd, 8639625.012, 91
Trd, 8639625.346, 97
Trd, 8639625.612, 107
Trd, 8639625.679, 104
Trd, 8639625.812, 112
Trd, 8639626.679, 104
Trd, 8639626.946, 80
Trd, 8639627.846, 94
Trd, 8639628.479, 111
Trd, 8639628.579, 65
Trd, 8639629.179, 62
Trd, 8639629.446, 74
Trd, 8639629.812, 93
Trd, 8639630.212, 83
Trd, 8639630.579, 63
Trd, 8639631.046, 97
Trd, 8639631.779, 74
Trd, 8639631.912, 70
Trd, 8639632.479, 70
Trd, 8639632.912, 107
Trd, 8639633.046, 109
Trd, 8639634.212, 83
Trd, 8639634.446, 112
Trd, 8639635.146, 62
Trd, 8639635.412, 116
Trd, 8639635.679, 63
Trd, 8639636.846, 64
Trd, 8639637.646, 134
Trd, 8639637.712, 129
Trd, 8639637.946, 65
Trd, 8639639.146, 102
Trd, 8639639.346, 89
Trd, 8639639.546, 101
Trd, 8639640.379, 132
Trd, 8639640.446, 130
Trd, 8639640.479, 120
Trd, 8639641.112, 121
Trd, 8639641.346, 120
Trd, 8639641.412, 119
Trd, 8639641.812, 96
Trd, 8639641.879, 79
Trd, 8639642.179, 73
Trd, 8639642.746, 108
Trd, 8639642.912, 119
Trd, 8639643.079, 108
Trd, 8639644.279, 107
Trd, 8639646.312, 134
Trd, 8639646.412, 132
Trd, 8639646.479, 113
Trd, 8639646.779, 104
Trd, 8639647.079, 97
Trd, 8639647.746, 129
Trd, 8639648.312, 111
Trd, 8639648.646, 105
Trd, 8639648.712, 99
Trd, 8639648.812, 68
Trd, 8639649.012, 112
Trd, 8639649.979, 135
Trd, 8639650.012, 134
Trd, 8639650.946, 108
Trd, 8639651.346, 67
Trd, 8639652.279, 76
Trd, 8639653.212, 104
Trd, 8639653.646, 119
Trd, 8639654.912, 123
Trd, 8639655.179, 122
Trd, 8639655.412, 111
Trd, 8639655.479, 115
Trd, 8639655.579, 110
Trd, 8639655.679, 102
Trd, 8639655.779, 96
Trd, 8639656.212, 126
Trd, 8639656.479, 126
Trd, 8639657.979, 111
Trd, 8639658.212, 89
Trd, 8639658.512, 86
Trd, 8639658.946, 87
Trd, 8639659.079, 86
Trd, 8639659.846, 82
Trd, 8639660.079, 81
Trd, 8639661.012, 97
Trd, 8639661.146, 91
Trd, 8639661.679, 105
Trd, 8639662.379, 89
Trd, 8639662.579, 83
Trd, 8639662.812, 125
Trd, 8639663.479, 75
Trd, 8639664.146, 80
Trd, 8639664.746, 99
Trd, 8639664.946, 112
Trd, 8639665.779, 93
Trd, 8639665.879, 110
Trd, 8639666.112, 94
Trd, 8639666.146, 93
Trd, 8639666.279, 118
Trd, 8639666.579, 71
Trd, 8639667.379, 95
Trd, 8639667.412, 94
Trd, 8639667.546, 67
Trd, 8639668.146, 66
Trd, 8639668.646, 61
Trd, 8639669.946, 66
Trd, 8639670.312, 67
Trd, 8639670.979, 71
Trd, 8639671.079, 70
Trd, 8639671.546, 70
Trd, 8639671.679, 78
Trd, 8639671.812, 72
Trd, 8639672.779, 71
Trd, 8639673.212, 70
Trd, 8639673.446, 84
Trd, 8639674.146, 68
Trd, 8639674.546, 64
Trd, 8639675.146, 80
Trd, 8639675.779, 72
Trd, 8639675.879, 82
Trd, 8639677.146, 64
Trd, 8639677.446, 90
Trd, 8639677.746, 104
Trd, 8639677.946, 63
Trd, 8639677.979, 80
Trd, 8639678.646, 73
Trd, 8639678.779, 99
Trd, 8639680.079, 94
Trd, 8639680.312, 94
Trd, 8639681.079, 94
Trd, 8639681.312, 85
Trd, 8639681.512, 84
Trd, 8639681.612, 73
Trd, 8639681.846, 64
Trd, 8639682.446, 68
Trd, 8639683.779, 89
Trd, 8639684.346, 88
Trd, 8639684.846, 125
Trd, 8639685.446, 98
Trd, 8639685.612, 66
Trd, 8639685.879, 94
Trd, 8639686.146, 123
Trd, 8639686.412, 67
Trd, 8639687.079, 85
Trd, 8639687.112, 71
Trd, 8639687.712, 71
Trd, 8639688.012, 93
Trd, 8639688.146, 77
Trd, 8639688.312, 81
Trd, 8639689.912, 79
Trd, 8639690.179, 81
Trd, 8639690.812, 106
Trd, 8639691.179, 82
Trd, 8639691.279, 100
Trd, 8639691.512, 81
Trd, 8639691.546, 80
Trd, 8639692.379, 79
Trd, 8639693.646, 95
Trd, 8639693.879, 100
Trd, 8639695.412, 104
Trd, 8639695.512, 103
Trd, 8639695.546, 106
Trd, 8639695.712, 102
Trd, 8639695.846, 93
Trd, 8639697.012, 102
Trd, 8639697.812, 124
Trd, 8639698.112, 103
Trd, 8639698.212, 95
Trd, 8639698.379, 92
Trd, 8639698.612, 94
Trd, 8639698.879, 103
Trd, 8639698.979, 83
Trd, 8639699.412, 76
Trd, 8639700.112, 63
Trd, 8639700.512, 64
Trd, 8639700.746, 64
Trd, 8639700.979, 61
Trd, 8639703.646, 85
Trd, 8639703.812, 112
Trd, 8639704.579, 90
Trd, 8639704.712, 88
Trd, 8639704.879, 87
Trd, 8639704.912, 100
Trd, 8639705.712, 85
Trd, 8639705.812, 98
Trd, 8639705.946, 79
Trd, 8639706.312, 78
Trd, 8639706.712, 100
Trd, 8639706.979, 78
Trd, 8639707.212, 89
Trd, 8639707.579, 88
Trd, 8639707.779, 91
Trd, 8639707.979, 77
Trd, 8639708.812, 78
Trd, 8639710.379, 65
Trd, 8639710.512, 68
Trd, 8639711.046, 94
Trd, 8639711.312, 87
Trd, 8639711.546, 77
Trd, 8639711.646, 81
Trd, 8639713.012, 79
Trd, 8639713.112, 105
Trd, 8639713.279, 74
Trd, 8639713.579, 81
Trd, 8639713.979, 73
Trd, 8639714.112, 72
Trd, 8639714.879, 126
Trd, 8639715.046, 119
Trd, 8639715.179, 111
Trd, 8639715.546, 129
Trd, 8639715.912, 102
Trd, 8639716.046, 100
Trd, 8639717.846, 61
Trd, 8639718.379, 62
Trd, 8639719.746, 77
Trd, 8639719.979, 66
Trd, 8639720.146, 64
Trd, 8639720.379, 73
Trd, 8639721.079, 91
Trd, 8639721.146, 76
Trd, 8639721.712, 79
Trd, 8639721.746, 88
Trd, 8639722.579, 83
Trd, 8639722.846, 107
Trd, 8639722.979, 84
Trd, 8639723.046, 83
Trd, 8639723.312, 113
Trd, 8639723.412, 76
Trd, 8639724.246, 123
Trd, 8639724.679, 95
Trd, 8639724.779, 82
Trd, 8639725.246, 108
Trd, 8639725.279, 96
Trd, 8639725.779, 97
Trd, 8639726.246, 100
Trd, 8639727.146, 69
Trd, 8639727.546, 97
Trd, 8639728.512, 127
Trd, 8639728.579, 117
Trd, 8639728.846, 100
Trd, 8639729.046, 113
Trd, 8639729.212, 99
Trd, 8639730.279, 95
Trd, 8639730.312, 94
Trd, 8639730.579, 122
Trd, 8639730.779, 101
Trd, 8639731.412, 126
Trd, 8639732.179, 133
Trd, 8639732.746, 128
Trd, 8639732.946, 97
Trd, 8639733.012, 90
Trd, 8639733.679, 138
Trd, 8639733.812, 93
Trd, 8639734.879, 96
Trd, 8639734.946, 86
Trd, 8639735.246, 111
Trd, 8639735.312, 122
Trd, 8639735.546, 83
Trd, 8639735.946, 88
Trd, 8639735.979, 63
Trd, 8639736.479, 74
Trd, 8639737.246, 81
Trd, 8639738.979, 64
Trd, 8639739.346, 83
Trd, 8639739.579, 77
Trd, 8639739.712, 77
Trd, 8639740.012, 66
Trd, 8639740.712, 65
Trd, 8639741.079, 118
Trd, 8639741.412, 96
Trd, 8639742.046, 85
Trd, 8639742.479, 84
Trd, 8639742.612, 78
Trd, 8639742.946, 86
Trd, 8639743.346, 132
Trd, 8639743.779, 111
Trd, 8639744.146, 77
Trd, 8639745.112, 81
Trd, 8639745.512, 103
Trd, 8639745.946, 78
Trd, 8639746.446, 107
Trd, 8639747.279, 70
Trd, 8639747.746, 96
Trd, 8639748.346, 104
Trd, 8639749.046, 106
Trd, 8639749.679, 73
Trd, 8639750.512, 94
Trd, 8639750.546, 93
Trd, 8639750.746, 69
Trd, 8639751.212, 90
Trd, 8639751.412, 96
Trd, 8639751.579, 75
Trd, 8639751.846, 76
Trd, 8639752.279, 109
Trd, 8639752.846, 83
Trd, 8639753.112, 101
Trd, 8639754.146, 134
Trd, 8639754.312, 133
Trd, 8639754.379, 124
Trd, 8639754.479, 83
Trd, 8639754.779, 80
Trd, 8639754.979, 72
Trd, 8639755.212, 92
Trd, 8639756.246, 69
Trd, 8639756.312, 80
Trd, 8639756.579, 84
Trd, 8639758.146, 85
Trd, 8639758.579, 93
Trd, 8639759.112, 87
Trd, 8639759.579, 84
Trd, 8639760.012, 107
Trd, 8639760.546, 84
Trd, 8639760.646, 103
Trd, 8639761.046, 116
Trd, 8639761.546, 131
Trd, 8639761.879, 95
Trd, 8639761.946, 94
Trd, 8639762.479, 117
Trd, 8639762.712, 98
Trd, 8639763.112, 119
Trd, 8639763.546, 98
Trd, 8639764.446, 91
Trd, 8639764.779, 76
Trd, 8639764.879, 68
Trd, 8639765.812, 75
Trd, 8639766.446, 68
Trd, 8639767.346, 60
Trd, 8639767.379, 63
Trd, 8639767.646, 71
Trd, 8639768.746, 112
Trd, 8639769.246, 100
Trd, 8639769.279, 99
Trd, 8639769.879, 101
Trd, 8639769.979, 114
Trd, 8639770.112, 91
Trd, 8639770.279, 89
Trd, 8639770.946, 96
Trd, 8639771.912, 95
Trd, 8639771.946, 73
Trd, 8639772.812, 97
Trd, 8639772.912, 93
Trd, 8639774.312, 96
Trd, 8639774.346, 85
Trd, 8639774.446, 100
Trd, 8639774.712, 77
Trd, 8639775.212, 115
Trd, 8639775.512, 99
Trd, 8639775.746, 77
Trd, 8639775.946, 94
Trd, 8639775.979, 70
Trd, 8639777.746, 60
Trd, 8639778.712, 64
Trd, 8639779.612, 64
Trd, 8639779.746, 67
Trd, 8639781.146, 60
Trd, 8639781.612, 63
Trd, 8639781.812, 77
Trd, 8639782.412, 66
Trd, 8639782.579, 60
Trd, 8639782.646, 89
Trd, 8639782.912, 117
Trd, 8639783.146, 62
Trd, 8639783.646, 78
Trd, 8639783.879, 61
Trd, 8639783.979, 90
Trd, 8639784.879, 91
Trd, 8639785.079, 125
Trd, 8639785.512, 93
Trd, 8639785.646, 92
Trd, 8639785.812, 89
Trd, 8639786.979, 88
Trd, 8639787.679, 92
Trd, 8639787.746, 99
Trd, 8639788.146, 91
Trd, 8639788.446, 90
Trd, 8639789.312, 90
Trd, 8639789.979, 90
Trd, 8639790.146, 89
Trd, 8639790.379, 81
Trd, 8639790.546, 93
Trd, 8639790.812, 61
Trd, 8639791.046, 70
Trd, 8639791.979, 60
Trd, 8639792.312, 90
Trd, 8639793.212, 79
Trd, 8639793.379, 78
Trd, 8639793.779, 72
Trd, 8639793.879, 112
Trd, 8639794.512, 93
Trd, 8639795.379, 61
Trd, 8639795.746, 91
Trd, 8639796.879, 64
Trd, 8639797.312, 70
Trd, 8639797.812, 77
Trd, 8639798.112, 69
Trd, 8639798.379, 68
Trd, 8639799.879, 83
Trd, 8639800.046, 86
Trd, 8639800.246, 85
Trd, 8639800.312, 74
Trd, 8639801.112, 64
Trd, 8639801.479, 102
Trd, 8639801.779, 96
Trd, 8639802.512, 64
Trd, 8639802.612, 66
Trd, 8639803.279, 62
Trd, 8639803.679, 72
Trd, 8639803.779, 67
Trd, 8639804.412, 80
Trd, 8639805.379, 70
Trd, 8639805.812, 66
Trd, 8639806.612, 85
Trd, 8639806.946, 110
Trd, 8639806.979, 107
Trd, 8639807.112, 84
Trd, 8639807.579, 127
Trd, 8639807.779, 99
Trd, 8639808.046, 86
Trd, 8639808.846, 91
Trd, 8639809.012, 91
Trd, 8639809.212, 90
Trd, 8639810.046, 103
Trd, 8639810.246, 88
Trd, 8639810.346, 108
Trd, 8639810.579, 126
Trd, 8639810.779, 113
Trd, 8639811.746, 123
Trd, 8639812.079, 114
Trd, 8639812.546, 113
Trd, 8639812.912, 98
Trd, 8639813.012, 89
Trd, 8639814.179, 131
Trd, 8639814.679, 129
Trd, 8639815.146, 118
Trd, 8639815.446, 82
Trd, 8639815.546, 76
Trd, 8639816.246, 104
Trd, 8639816.846, 118
Trd, 8639816.946, 91
Trd, 8639817.246, 81
Trd, 8639817.812, 102
Trd, 8639818.046, 80
Trd, 8639818.579, 78
Trd, 8639818.612, 76
Trd, 8639819.779, 103
Trd, 8639820.046, 103
Trd, 8639820.312, 73
Trd, 8639820.712, 101
Trd, 8639821.479, 102
Trd, 8639821.912, 82
Trd, 8639822.412, 99
Trd, 8639822.512, 98
Trd, 8639822.746, 86
Trd, 8639822.946, 95
Trd, 8639823.712, 133
Trd, 8639823.946, 131
Trd, 8639824.946, 109
Trd, 8639825.579, 109
Trd, 8639825.646, 108
Trd, 8639825.746, 98
Trd, 8639825.879, 124
Trd, 8639826.012, 127
Trd, 8639826.046, 123
Trd, 8639826.146, 95
Trd, 8639826.446, 97
Trd, 8639826.646, 64
Trd, 8639828.279, 69
Trd, 8639828.412, 65
Trd, 8639828.979, 131
Trd, 8639829.779, 109
Trd, 8639830.312, 100
Trd, 8639830.912, 109
Trd, 8639831.179, 108
Trd, 8639831.212, 106
Trd, 8639831.346, 99
Trd, 8639831.912, 71
Trd, 8639832.212, 112
Trd, 8639832.646, 61
Trd, 8639832.912, 97
Trd, 8639833.679, 68
Trd, 8639834.712, 71
Trd, 8639834.879, 106
Trd, 8639835.946, 79
Trd, 8639836.046, 78
Trd, 8639836.212, 78
Trd, 8639836.512, 70
Trd, 8639837.479, 71
Trd, 8639837.646, 75
Trd, 8639838.179, 106
Trd, 8639838.412, 113
Trd, 8639838.579, 83
Trd, 8639838.846, 68
Trd, 8639838.979, 87
Trd, 8639839.679, 63
Trd, 8639839.946, 104
Trd, 8639840.779, 62
Trd, 8639841.012, 97
Trd, 8639842.012, 79
Trd, 8639842.046, 77
Trd, 8639842.246, 82
Trd, 8639842.446, 83
Trd, 8639842.512, 76
Trd, 8639842.946, 108
Trd, 8639843.446, 77
Trd, 8639844.312, 83
Trd, 8639844.479, 77
Trd, 8639844.779, 77
Trd, 8639845.446, 90
Trd, 8639845.679, 78
Trd, 8639845.712, 77
Trd, 8639846.379, 108
Trd, 8639846.512, 84
Trd, 8639846.879, 72
Trd, 8639847.312, 62
Trd, 8639848.712, 64
Trd, 8639849.212, 81
Trd, 8639849.646, 94
Trd, 8639850.446, 106
Trd, 8639850.479, 99
Trd, 8639850.612, 111
Trd, 8639852.479, 129
Trd, 8639852.579, 128
Trd, 8639852.612, 121
Trd, 8639852.779, 120
Trd, 8639852.879, 118
Trd, 8639853.046, 117
Trd, 8639853.146, 120
Trd, 8639853.412, 76
Trd, 8639854.179, 63
Trd, 8639855.279, 76
Trd, 8639855.779, 78
Trd, 8639856.112, 97
Trd, 8639856.979, 124
Trd, 8639857.012, 123
Trd, 8639857.279, 122
Trd, 8639857.646, 71
Trd, 8639858.046, 70
Trd, 8639858.146, 105
Trd, 8639858.846, 76
Trd, 8639859.112, 62
Trd, 8639859.446, 62
Trd, 8639859.879, 66
Trd, 8639861.012, 72
Trd, 8639861.512, 65
Trd, 8639862.579, 89
Trd, 8639862.746, 69
Trd, 8639863.112, 73
Trd, 8639863.379, 71
Trd, 8639863.746, 95
Trd, 8639864.046, 104
Trd, 8639864.512, 71
Trd, 8639865.079, 74
Trd, 8639865.412, 70
Trd, 8639865.879, 84
Trd, 8639866.112, 111
Trd, 8639866.146, 108
Trd, 8639866.279, 87
Trd, 8639866.912, 62
Trd, 8639867.879, 134
Trd, 8639867.979, 99
Trd, 8639868.679, 82
Trd, 8639869.312, 78
Trd, 8639869.779, 79
Trd, 8639869.912, 77
Trd, 8639870.146, 127
Trd, 8639870.246, 76
Trd, 8639871.446, 97
Trd, 8639871.879, 85
Trd, 8639871.946, 82
Trd, 8639872.579, 109
Trd, 8639872.979, 94
Trd, 8639873.112, 124
Trd, 8639874.012, 107
Trd, 8639874.046, 105
Trd, 8639875.179, 96
Trd, 8639875.279, 102
Trd, 8639875.579, 96
Trd, 8639875.779, 106
Trd, 8639875.879, 95
Trd, 8639875.912, 94
Trd, 8639876.446, 68
Trd, 8639877.546, 117
Trd, 8639877.912, 71
Trd, 8639878.279, 87
Trd, 8639878.546, 125
Trd, 8639880.946, 115
Trd, 8639881.112, 99
Trd, 8639881.212, 94
Trd, 8639881.612, 89
Trd, 8639881.679, 88
Trd, 8639882.079, 108
Trd, 8639882.479, 92
Trd, 8639882.812, 97
Trd, 8639883.412, 109
Trd, 8639883.479, 108
Trd, 8639883.546, 96
Trd, 8639883.612, 120
Trd, 8639884.946, 92
Trd, 8639885.612, 90
Trd, 8639886.712, 104
Trd, 8639886.979, 100
Trd, 8639887.012, 99
Trd, 8639887.146, 98
Trd, 8639887.279, 97
Trd, 8639888.112, 94
Trd, 8639888.612, 104
Trd, 8639888.779, 93
Trd, 8639889.646, 63
Trd, 8639890.012, 61
Trd, 8639890.312, 77
Trd, 8639890.679, 63
Trd, 8639891.212, 76
Trd, 8639891.312, 84
Trd, 8639891.479, 90
Trd, 8639891.779, 124
Trd, 8639891.879, 91
Trd, 8639892.079, 90
Trd, 8639892.346, 88
Trd, 8639893.712, 90
Trd, 8639893.879, 79
Trd, 8639894.379, 79
Trd, 8639895.546, 85
Trd, 8639896.112, 84
Trd, 8639896.279, 101
Trd, 8639896.512, 106
Trd, 8639896.646, 92
Trd, 8639897.112, 96
Trd, 8639897.312, 85
Trd, 8639897.446, 83
Trd, 8639898.679, 123
Trd, 8639898.946, 114
Trd, 8639900.612, 135
Trd, 8639900.712, 120
Trd, 8639900.746, 120
Trd, 8639900.779, 118
Trd, 8639902.246, 111
Trd, 8639902.312, 108
Trd, 8639902.812, 128
Trd, 8639902.946, 119
Trd, 8639902.979, 98
Trd, 8639903.546, 115
Trd, 8639904.146, 118
Trd, 8639904.579, 117
Trd, 8639904.846, 97
Trd, 8639905.046, 99
Trd, 8639905.679, 104
Trd, 8639905.746, 100
Trd, 8639907.212, 130
Trd, 8639907.446, 129
Trd, 8639907.812, 111
Trd, 8639908.112, 131
Trd, 8639908.712, 111
Trd, 8639908.812, 130
Trd, 8639909.812, 64
Trd, 8639910.079, 85
Trd, 8639910.146, 97
Trd, 8639910.479, 92
Trd, 8639911.112, 86
Trd, 8639911.679, 89
Trd, 8639912.146, 72
Trd, 8639912.412, 70
Trd, 8639913.379, 71
Trd, 8639913.446, 72
Trd, 8639914.512, 88
Trd, 8639914.779, 76
Trd, 8639915.179, 87
Trd, 8639915.479, 94
Trd, 8639915.779, 82
Trd, 8639916.179, 79
Trd, 8639916.579, 79
Trd, 8639917.379, 95
Trd, 8639917.679, 85
Trd, 8639917.746, 84
Trd, 8639917.912, 78
Trd, 8639918.412, 64
Trd, 8639918.512, 64
Trd, 8639919.479, 63
Trd, 8639920.379, 62
Trd, 8639920.412, 64
Trd, 8639920.446, 69
Trd, 8639920.712, 86
Trd, 8639920.846, 99
Trd, 8639921.246, 78
Trd, 8639921.812, 78
Trd, 8639922.179, 75
Trd, 8639923.046, 80
Trd, 8639923.479, 86
Trd, 8639924.212, 84
Trd, 8639924.979, 81
Trd, 8639925.579, 109
Trd, 8639925.646, 80
Trd, 8639925.746, 79
Trd, 8639925.979, 71
Trd, 8639926.446, 64
Trd, 8639926.812, 61
Trd, 8639927.812, 83
Trd, 8639928.579, 61
Trd, 8639928.912, 65
Trd, 8639929.112, 95
Trd, 8639929.446, 97
Trd, 8639929.812, 116
Trd, 8639930.412, 63
Trd, 8639930.746, 67
Trd, 8639931.279, 70
Trd, 8639931.879, 93
Trd, 8639932.179, 92
Trd, 8639932.912, 131
Trd, 8639932.979, 86
Trd, 8639934.246, 92
Trd, 8639934.346, 96
Trd, 8639935.012, 105
Trd, 8639935.346, 96
Trd, 8639935.412, 83
Trd, 8639936.012, 115
Trd, 8639936.279, 109
Trd, 8639936.646, 108
Trd, 8639937.146, 108
Trd, 8639937.212, 106
Trd, 8639937.646, 81
Trd, 8639938.179, 100
Trd, 8639938.646, 97
Trd, 8639940.012, 111
Trd, 8639940.046, 110
Trd, 8639940.612, 121
Trd, 8639940.779, 126
Trd, 8639941.346, 93
Trd, 8639941.479, 92
Trd, 8639942.279, 95
Trd, 8639942.512, 100
Trd, 8639942.912, 89
Trd, 8639943.279, 79
Trd, 8639943.679, 95
Trd, 8639943.912, 127
Trd, 8639944.146, 85
Trd, 8639944.879, 88
Trd, 8639944.912, 78
Trd, 8639945.679, 126
Trd, 8639947.212, 113
Trd, 8639947.579, 138
Trd, 8639948.112, 137
Trd, 8639948.146, 135
Trd, 8639948.346, 111
Trd, 8639949.479, 119
Trd, 8639949.612, 97
Trd, 8639950.079, 97
Trd, 8639950.146, 95
Trd, 8639950.246, 91
Trd, 8639950.612, 90
Trd, 8639950.679, 110
Trd, 8639950.912, 117
Trd, 8639951.079, 93
Trd, 8639951.912, 103
Trd, 8639953.012, 76
Trd, 8639953.412, 96
Trd, 8639953.579, 83
Trd, 8639953.646, 82
Trd, 8639953.846, 73
Trd, 8639954.012, 71
Trd, 8639954.046, 106
Trd, 8639954.179, 69
Trd, 8639955.012, 69
Trd, 8639955.112, 82
Trd, 8639955.946, 84
Trd, 8639957.446, 61
Trd, 8639957.946, 63
Trd, 8639957.979, 67
Trd, 8639958.146, 68
Trd, 8639958.746, 99
Trd, 8639959.146, 85
Trd, 8639959.246, 83
Trd, 8639959.379, 105
Trd, 8639959.979, 93
Trd, 8639960.246, 80
Trd, 8639960.746, 95
Trd, 8639961.246, 103
Trd, 8639962.212, 106
Trd, 8639963.146, 106
Trd, 8639963.312, 105
Trd, 8639963.379, 103
Trd, 8639963.546, 100
Trd, 8639964.279, 125
Trd, 8639964.979, 65
Trd, 8639965.146, 74
Trd, 8639965.579, 88
Trd, 8639965.679, 119
Trd, 8639966.346, 140
Trd, 8639966.912, 140
Trd, 8639967.546, 113
Trd, 8639967.612, 112
Trd, 8639967.812, 87
Trd, 8639968.246, 82
Trd, 8639968.379, 80
Trd, 8639968.679, 117
Trd, 8639969.312, 60
Trd, 8639969.946, 127
Trd, 8639970.412, 107
Trd, 8639970.512, 101
Trd, 8639971.112, 107
Trd, 8639972.312, 114
Trd, 8639972.346, 111
Trd, 8639972.546, 101
Trd, 8639972.679, 93
Trd, 8639972.979, 93
Trd, 8639973.246, 87
Trd, 8639974.546, 117
Trd, 8639974.612, 110
Trd, 8639974.946, 99
Trd, 8639976.312, 110
Trd, 8639976.412, 100
Trd, 8639976.479, 99
Trd, 8639976.546, 94
Trd, 8639976.946, 70
Trd, 8639977.346, 60
Trd, 8639978.212, 87
Trd, 8639978.312, 79
Trd, 8639978.412, 71
Trd, 8639979.279, 66
Trd, 8639979.679, 61
Trd, 8639979.812, 69
Trd, 8639980.479, 85
Trd, 8639980.546, 72
Trd, 8639981.279, 81
Trd, 8639982.112, 114
Trd, 8639982.512, 76
Trd, 8639982.712, 93
Trd, 8639983.412, 102
Trd, 8639983.612, 96
Trd, 8639984.146, 98
Trd, 8639984.246, 78
Trd, 8639984.646, 94
Trd, 8639984.846, 77
Trd, 8639985.112, 63
Trd, 8639985.212, 60
Trd, 8639985.379, 97
Trd, 8639987.046, 83
Trd, 8639987.079, 67
Trd, 8639987.612, 92
Trd, 8639988.046, 99
Trd, 8639988.246, 104
Trd, 8639989.346, 76
Trd, 8639989.546, 74
Trd, 8639989.746, 78
Trd, 8639989.779, 72
Trd, 8639989.846, 81
Trd, 8639990.446, 75
Trd, 8639991.179, 69
Trd, 8639991.646, 110
Trd, 8639992.179, 102
Trd, 8639992.579, 96
Trd, 8639992.946, 115
Trd, 8639993.046, 88
Trd, 8639993.079, 86
Trd, 8639993.612, 75
Trd, 8639993.846, 76
Trd, 8639994.479, 70
Trd, 8639994.979, 136
Trd, 8639995.579, 134
Trd, 8639995.812, 102
Trd, 8639997.312, 100
Trd, 8639997.912, 104
Trd, 8639997.946, 99
Trd, 8639998.146, 98
Trd, 8639998.646, 116
Trd, 8639998.712, 111
Trd, 8639999.112, 132
Trd, 8639999.579, 134
Trd, 8639999.679, 96
