Trd, 8638757.146, 139
Trd, 8638757.179, 139
Trd, 8638758.279, 140
Trd, 8638760.246, 140
Trd, 8638760.512, 140
Trd, 8638760.646, 140
Trd, 8638760.746, 140
Trd, 8638760.846, 139
Trd, 8638760.979, 140
Trd, 8638761.246, 140
Trd, 8638763.246, 140
Trd, 8638763.612, 140
Trd, 8638763.846, 140
Trd, 8638763.879, 140
Trd, 8638764.079, 140
Trd, 8638764.446, 139
Trd, 8638764.679, 140
Trd, 8638765.012, 140
Trd, 8638765.279, 139
Trd, 8638765.312, 140
Trd, 8638766.212, 140
Trd, 8638766.612, 140
Trd, 8638766.846, 140
Trd, 8638767.412, 140
Trd, 8638767.479, 139
Trd, 8638768.612, 140
Trd, 8638769.012, 140
Trd, 8638769.846, 140
Trd, 8638770.912, 140
Trd, 8638771.112, 140
Trd, 8638771.712, 140
Trd, 8638772.446, 140
Trd, 8638773.279, 140
Trd, 8638773.346, 140
Trd, 8638773.846, 140
Trd, 8638775.846, 140
Trd, 8638775.912, 140
Trd, 8638776.146, 140
Trd, 8638776.812, 140
Trd, 8638776.946, 140
Trd, 8638778.379, 140
Trd, 8638779.312, 140
Trd, 8638779.479, 140
Trd, 8638779.546, 140
Trd, 8638779.912, 140
Trd, 8638780.979, 140
Trd, 8638781.012, 140
Trd, 8638781.146, 140
Trd, 8638781.579, 140
Trd, 8638781.812, 140
Trd, 8638783.146, 140
Trd, 8638783.779, 140
Trd, 8638784.679, 140
Trd, 8638785.746, 140
Trd, 8638786.012, 140
Trd, 8638786.079, 140
Trd, 8638786.346, 140
Trd, 8638787.046, 140
Trd, 8638787.146, 140
Trd, 8638787.746, 140
Trd, 8638788.812, 140
Trd, 8638788.979, 140
Trd, 8638789.079, 139
Trd, 8638789.646, 140
Trd, 8638790.612, 140
Trd, 8638790.746, 140
Trd, 8638791.412, 140
Trd, 8638791.612, 139
Trd, 8638792.746, 140
Trd, 8638794.579, 140
Trd, 8638794.612, 140
Trd, 8638795.346, 140
Trd, 8638795.446, 140
Trd, 8638795.579, 140
Trd, 8638796.146, 140
Trd, 8638796.779, 140
Trd, 8638797.112, 140
Trd, 8638797.979, 140
Trd, 8638798.046, 140
Trd, 8638798.779, 140
Trd, 8638798.912, 140
Trd, 8638799.579, 140
Trd, 8638799.746, 140
Trd, 8638800.146, 140
Trd, 8638800.212, 140
Trd, 8638800.312, 140
Trd, 8638800.779, 140
Trd, 8638801.379, 140
Trd, 8638801.812, 140
Trd, 8638801.912, 140
Trd, 8638802.512, 140
Trd, 8638802.612, 140
Trd, 8638802.812, 140
Trd, 8638802.946, 140
Trd, 8638803.179, 138
Trd, 8638804.812, 138
Trd, 8638805.646, 140
Trd, 8638805.912, 140
Trd, 8638806.046, 140
Trd, 8638806.712, 140
Trd, 8638807.012, 140
Trd, 8638807.079, 139
Trd, 8638807.146, 139
Trd, 8638807.412, 136
Trd, 8638808.346, 140
Trd, 8638809.312, 140
Trd, 8638809.612, 140
Trd, 8638810.246, 140
Trd, 8638810.279, 140
Trd, 8638810.846, 60
Trd, 8638810.979, 60
Trd, 8638811.879, 60
Trd, 8638812.079, 60
Trd, 8638812.112, 64
Trd, 8638813.046, 60
Trd, 8638814.246, 60
Trd, 8638815.012, 60
Trd, 8638815.046, 60
Trd, 8638815.379, 60
Trd, 8638816.612, 60
Trd, 8638816.879, 60
Trd, 8638817.246, 60
Trd, 8638817.312, 60
Trd, 8638817.479, 62
Trd, 8638817.679, 60
Trd, 8638818.479, 62
Trd, 8638818.579, 65
Trd, 8638818.712, 65
Trd, 8638819.312, 65
Trd, 8638819.579, 65
Trd, 8638819.612, 66
Trd, 8638819.812, 61
Trd, 8638821.412, 140
Trd, 8638822.412, 140
Trd, 8638822.712, 140
Trd, 8638822.812, 140
Trd, 8638823.612, 140
Trd, 8638824.179, 140
Trd, 8638825.046, 140
Trd, 8638825.146, 140
Trd, 8638825.379, 140
Trd, 8638825.479, 140
Trd, 8638826.212, 140
Trd, 8638826.412, 140
Trd, 8638826.912, 140
Trd, 8638828.246, 140
Trd, 8638829.146, 140
Trd, 8638829.612, 140
Trd, 8638830.646, 140
Trd, 8638830.846, 140
Trd, 8638831.179, 140
Trd, 8638831.612, 140
Trd, 8638832.679, 140
Trd, 8638832.846, 140
Trd, 8638832.879, 140
Trd, 8638834.079, 140
Trd, 8638834.346, 140
Trd, 8638834.712, 140
Trd, 8638834.746, 140
Trd, 8638835.379, 140
Trd, 8638835.679, 139
Trd, 8638835.812, 118
Trd, 8638835.879, 138
Trd, 8638836.446, 140
Trd, 8638836.879, 62
Trd, 8638837.112, 140
Trd, 8638837.646, 137
Trd, 8638838.846, 140
Trd, 8638839.112, 140
Trd, 8638840.079, 140
Trd, 8638840.179, 140
Trd, 8638840.246, 140
Trd, 8638841.012, 140
Trd, 8638841.246, 140
Trd, 8638841.379, 139
Trd, 8638841.612, 140
Trd, 8638841.912, 140
Trd, 8638842.046, 138
Trd, 8638842.279, 140
Trd, 8638842.679, 140
Trd, 8638842.979, 139
Trd, 8638843.046, 139
Trd, 8638843.412, 140
Trd, 8638843.612, 140
Trd, 8638844.146, 140
Trd, 8638844.779, 140
Trd, 8638846.479, 140
Trd, 8638846.546, 140
Trd, 8638847.179, 140
Trd, 8638847.512, 140
Trd, 8638847.946, 140
Trd, 8638848.212, 140
Trd, 8638848.579, 140
Trd, 8638850.146, 140
Trd, 8638850.346, 140
Trd, 8638850.712, 140
Trd, 8638851.479, 140
Trd, 8638852.012, 140
Trd, 8638852.579, 140
Trd, 8638853.346, 140
Trd, 8638853.579, 140
Trd, 8638854.279, 140
Trd, 8638854.612, 140
Trd, 8638855.012, 140
Trd, 8638855.212, 140
Trd, 8638855.479, 140
Trd, 8638855.612, 139
Trd, 8638856.812, 140
Trd, 8638858.012, 140
Trd, 8638859.046, 140
Trd, 8638859.579, 140
Trd, 8638860.146, 140
Trd, 8638860.946, 140
Trd, 8638861.312, 140
Trd, 8638861.379, 140
Trd, 8638862.179, 140
Trd, 8638862.412, 140
Trd, 8638862.646, 140
Trd, 8638862.946, 140
Trd, 8638863.279, 140
Trd, 8638864.212, 140
Trd, 8638864.246, 140
Trd, 8638864.446, 140
Trd, 8638865.312, 140
Trd, 8638865.346, 140
Trd, 8638865.446, 140
Trd, 8638865.546, 139
Trd, 8638866.246, 140
Trd, 8638866.512, 73
Trd, 8638866.779, 60
Trd, 8638867.279, 138
Trd, 8638867.612, 60
Trd, 8638867.779, 139
Trd, 8638868.546, 62
Trd, 8638869.379, 60
Trd, 8638869.579, 60
Trd, 8638869.946, 60
Trd, 8638870.179, 60
Trd, 8638871.079, 60
Trd, 8638871.379, 60
Trd, 8638871.679, 61
Trd, 8638872.046, 60
Trd, 8638872.212, 60
Trd, 8638872.912, 62
Trd, 8638873.179, 62
Trd, 8638873.946, 65
Trd, 8638874.246, 64
Trd, 8638876.246, 60
Trd, 8638877.146, 60
Trd, 8638877.312, 60
Trd, 8638877.546, 61
Trd, 8638877.746, 61
Trd, 8638877.879, 62
Trd, 8638878.112, 60
Trd, 8638879.379, 60
Trd, 8638879.679, 60
Trd, 8638879.979, 60
Trd, 8638880.012, 60
Trd, 8638880.512, 61
Trd, 8638880.546, 60
Trd, 8638880.779, 60
Trd, 8638880.846, 61
Trd, 8638881.246, 63
Trd, 8638881.579, 62
Trd, 8638881.846, 60
Trd, 8638882.146, 63
Trd, 8638882.379, 66
Trd, 8638882.612, 60
Trd, 8638882.712, 61
Trd, 8638883.412, 61
Trd, 8638883.712, 66
Trd, 8638884.179, 65
Trd, 8638884.812, 60
Trd, 8638885.212, 60
Trd, 8638886.212, 60
Trd, 8638886.712, 60
Trd, 8638887.012, 61
Trd, 8638888.212, 60
Trd, 8638888.279, 61
Trd, 8638888.312, 61
Trd, 8638888.846, 65
Trd, 8638890.979, 60
Trd, 8638891.312, 60
Trd, 8638891.579, 60
Trd, 8638891.746, 61
Trd, 8638892.012, 61
Trd, 8638893.246, 60
Trd, 8638893.379, 60
Trd, 8638893.546, 60
Trd, 8638893.746, 62
Trd, 8638893.779, 63
Trd, 8638894.012, 63
Trd, 8638894.112, 61
Trd, 8638894.346, 64
Trd, 8638894.612, 65
Trd, 8638895.146, 67
Trd, 8638895.746, 60
Trd, 8638896.012, 60
Trd, 8638896.812, 60
Trd, 8638897.712, 61
Trd, 8638898.379, 60
Trd, 8638898.512, 61
Trd, 8638898.546, 63
Trd, 8638898.912, 64
Trd, 8638899.179, 62
Trd, 8638899.412, 60
Trd, 8638900.579, 60
Trd, 8638900.979, 60
Trd, 8638901.046, 60
Trd, 8638901.346, 65
Trd, 8638901.479, 66
Trd, 8638901.912, 62
Trd, 8638902.279, 68
Trd, 8638902.379, 69
Trd, 8638902.546, 61
Trd, 8638902.712, 87
Trd, 8638903.679, 64
Trd, 8638905.112, 60
Trd, 8638905.579, 60
Trd, 8638906.679, 60
Trd, 8638906.846, 60
Trd, 8638907.579, 60
Trd, 8638907.912, 60
Trd, 8638908.046, 61
Trd, 8638909.312, 60
Trd, 8638909.412, 62
Trd, 8638909.512, 62
Trd, 8638909.612, 63
Trd, 8638910.079, 62
Trd, 8638910.112, 61
Trd, 8638910.246, 62
Trd, 8638910.412, 63
Trd, 8638910.612, 63
Trd, 8638910.812, 63
Trd, 8638911.646, 72
Trd, 8638912.212, 91
Trd, 8638913.279, 60
Trd, 8638913.312, 60
Trd, 8638913.712, 60
Trd, 8638914.379, 60
Trd, 8638915.179, 60
Trd, 8638915.212, 60
Trd, 8638915.646, 60
Trd, 8638916.079, 60
Trd, 8638916.346, 60
Trd, 8638916.479, 60
Trd, 8638916.579, 61
Trd, 8638917.046, 60
Trd, 8638917.179, 61
Trd, 8638917.312, 61
Trd, 8638917.379, 62
Trd, 8638918.779, 60
Trd, 8638919.012, 60
Trd, 8638919.179, 60
Trd, 8638919.446, 60
Trd, 8638919.479, 61
Trd, 8638920.712, 60
Trd, 8638921.379, 60
Trd, 8638921.412, 61
Trd, 8638922.079, 60
Trd, 8638922.446, 64
Trd, 8638922.612, 71
Trd, 8638922.779, 61
Trd, 8638922.846, 82
Trd, 8638923.646, 60
Trd, 8638924.312, 62
Trd, 8638925.346, 60
Trd, 8638925.812, 60
Trd, 8638926.146, 60
Trd, 8638926.512, 60
Trd, 8638926.612, 60
Trd, 8638927.046, 61
Trd, 8638927.512, 61
Trd, 8638927.779, 60
Trd, 8638928.179, 61
Trd, 8638928.612, 60
Trd, 8638929.612, 60
Trd, 8638929.712, 61
Trd, 8638930.246, 60
Trd, 8638930.979, 61
Trd, 8638931.346, 65
Trd, 8638931.812, 60
Trd, 8638932.146, 60
Trd, 8638932.579, 60
Trd, 8638933.446, 60
Trd, 8638933.579, 60
Trd, 8638934.112, 68
Trd, 8638934.479, 60
Trd, 8638934.679, 60
Trd, 8638935.212, 61
Trd, 8638935.279, 62
Trd, 8638936.746, 63
Trd, 8638936.946, 60
Trd, 8638937.546, 63
Trd, 8638937.579, 60
Trd, 8638937.746, 69
Trd, 8638938.146, 63
Trd, 8638938.212, 64
Trd, 8638938.612, 60
Trd, 8638938.646, 64
Trd, 8638939.079, 61
Trd, 8638939.112, 63
Trd, 8638939.146, 64
Trd, 8638940.579, 64
Trd, 8638941.146, 60
Trd, 8638942.279, 61
Trd, 8638942.912, 60
Trd, 8638943.546, 60
Trd, 8638943.779, 60
Trd, 8638944.179, 61
Trd, 8638944.212, 62
Trd, 8638944.646, 61
Trd, 8638945.279, 60
Trd, 8638945.646, 60
Trd, 8638945.979, 60
Trd, 8638946.912, 60
Trd, 8638947.079, 60
Trd, 8638947.512, 60
Trd, 8638947.646, 60
Trd, 8638948.012, 64
Trd, 8638948.512, 61
Trd, 8638949.046, 65
Trd, 8638949.179, 61
Trd, 8638949.412, 64
Trd, 8638949.812, 63
Trd, 8638950.246, 65
Trd, 8638950.346, 66
Trd, 8638950.579, 66
Trd, 8638950.879, 62
Trd, 8638951.779, 62
Trd, 8638953.146, 61
Trd, 8638953.546, 61
Trd, 8638953.812, 62
Trd, 8638954.012, 61
Trd, 8638954.346, 60
Trd, 8638955.512, 62
Trd, 8638955.879, 61
Trd, 8638956.246, 60
Trd, 8638957.046, 60
Trd, 8638957.379, 60
Trd, 8638957.546, 60
Trd, 8638957.779, 61
Trd, 8638958.212, 60
Trd, 8638958.312, 68
Trd, 8638958.379, 69
Trd, 8638958.846, 60
Trd, 8638959.412, 60
Trd, 8638959.679, 61
Trd, 8638959.979, 61
Trd, 8638961.179, 61
Trd, 8638961.212, 62
Trd, 8638961.379, 60
Trd, 8638961.879, 60
Trd, 8638961.912, 60
Trd, 8638962.012, 61
Trd, 8638962.612, 140
Trd, 8638962.712, 140
Trd, 8638962.879, 139
Trd, 8638965.912, 140
Trd, 8638965.946, 140
Trd, 8638967.146, 140
Trd, 8638967.912, 140
Trd, 8638967.946, 140
Trd, 8638968.112, 140
Trd, 8638968.246, 140
Trd, 8638968.846, 140
Trd, 8638969.046, 140
Trd, 8638970.979, 140
Trd, 8638971.479, 140
Trd, 8638972.112, 140
Trd, 8638973.046, 140
Trd, 8638974.379, 140
Trd, 8638974.812, 140
Trd, 8638975.379, 140
Trd, 8638975.579, 140
Trd, 8638975.612, 140
Trd, 8638975.846, 140
Trd, 8638976.346, 140
Trd, 8638977.346, 140
Trd, 8638978.346, 140
Trd, 8638978.879, 140
Trd, 8638979.146, 140
Trd, 8638980.046, 140
Trd, 8638980.079, 140
Trd, 8638981.112, 140
Trd, 8638981.146, 140
Trd, 8638981.212, 140
Trd, 8638982.712, 140
Trd, 8638982.846, 140
Trd, 8638982.879, 140
Trd, 8638983.146, 140
Trd, 8638983.879, 140
Trd, 8638984.879, 140
Trd, 8638985.979, 140
Trd, 8638986.612, 140
Trd, 8638986.712, 140
Trd, 8638986.746, 140
Trd, 8638986.846, 140
Trd, 8638987.412, 140
Trd, 8638987.446, 140
Trd, 8638988.146, 140
Trd, 8638988.412, 140
Trd, 8638989.012, 140
Trd, 8638989.346, 140
Trd, 8638990.346, 140
Trd, 8638990.479, 140
Trd, 8638990.646, 140
Trd, 8638990.679, 140
Trd, 8638991.179, 140
Trd, 8638991.846, 140
Trd, 8638992.179, 138
Trd, 8638992.246, 136
Trd, 8638992.746, 139
Trd, 8638993.646, 140
Trd, 8638993.712, 140
Trd, 8638995.746, 140
Trd, 8638996.346, 140
Trd, 8638997.546, 140
Trd, 8638998.212, 140
Trd, 8638998.446, 140
Trd, 8638998.712, 140
Trd, 8638998.979, 140
Trd, 8639000.279, 140
Trd, 8639000.312, 140
Trd, 8639001.312, 140
Trd, 8639002.646, 140
Trd, 8639002.779, 140
Trd, 8639003.646, 140
Trd, 8639003.946, 140
Trd, 8639004.479, 140
Trd, 8639004.946, 140
Trd, 8639005.046, 140
Trd, 8639005.079, 140
Trd, 8639005.979, 140
Trd, 8639006.079, 140
Trd, 8639007.446, 140
Trd, 8639008.279, 140
Trd, 8639008.679, 140
Trd, 8639009.212, 140
Trd, 8639009.412, 140
Trd, 8639010.546, 140
Trd, 8639010.679, 140
Trd, 8639011.546, 140
Trd, 8639011.612, 140
Trd, 8639012.479, 140
Trd, 8639012.612, 140
Trd, 8639012.912, 140
Trd, 8639013.112, 140
Trd, 8639013.246, 140
Trd, 8639013.279, 140
Trd, 8639013.779, 140
Trd, 8639013.979, 140
Trd, 8639014.112, 138
Trd, 8639014.546, 140
Trd, 8639014.812, 140
Trd, 8639015.879, 140
Trd, 8639016.712, 140
Trd, 8639016.812, 140
Trd, 8639017.979, 140
Trd, 8639018.279, 140
Trd, 8639018.379, 140
Trd, 8639018.612, 140
Trd, 8639019.179, 140
Trd, 8639019.312, 140
Trd, 8639019.412, 139
Trd, 8639019.646, 139
Trd, 8639019.879, 135
Trd, 8639020.246, 140
Trd, 8639021.612, 140
Trd, 8639021.846, 140
Trd, 8639022.579, 140
Trd, 8639022.779, 140
Trd, 8639022.946, 140
Trd, 8639024.479, 140
Trd, 8639025.146, 140
Trd, 8639025.179, 140
Trd, 8639025.379, 137
Trd, 8639025.579, 102
Trd, 8639027.046, 140
Trd, 8639027.646, 140
Trd, 8639028.246, 140
Trd, 8639028.346, 140
Trd, 8639029.579, 140
Trd, 8639029.846, 140
Trd, 8639030.646, 140
Trd, 8639031.012, 140
Trd, 8639031.479, 140
Trd, 8639031.679, 140
Trd, 8639032.946, 140
Trd, 8639033.112, 140
Trd, 8639034.046, 140
Trd, 8639034.579, 140
Trd, 8639034.679, 140
Trd, 8639034.846, 140
Trd, 8639035.946, 140
Trd, 8639036.146, 140
Trd, 8639037.046, 140
Trd, 8639037.612, 140
Trd, 8639037.946, 140
Trd, 8639038.446, 139
Trd, 8639039.612, 140
Trd, 8639039.946, 140
Trd, 8639040.479, 140
Trd, 8639041.346, 140
Trd, 8639042.012, 140
Trd, 8639042.312, 140
Trd, 8639042.412, 140
Trd, 8639042.646, 140
Trd, 8639043.379, 140
Trd, 8639043.679, 140
Trd, 8639043.912, 140
Trd, 8639044.746, 140
Trd, 8639045.712, 140
Trd, 8639045.846, 140
Trd, 8639046.279, 140
Trd, 8639046.446, 140
Trd, 8639046.779, 140
Trd, 8639047.179, 139
Trd, 8639047.212, 138
Trd, 8639047.579, 139
Trd, 8639047.846, 87
Trd, 8639047.979, 63
Trd, 8639048.979, 67
Trd, 8639049.279, 60
Trd, 8639049.812, 63
Trd, 8639049.846, 66
Trd, 8639050.546, 60
Trd, 8639050.579, 62
Trd, 8639050.779, 65
Trd, 8639050.912, 66
Trd, 8639051.479, 60
Trd, 8639052.279, 62
Trd, 8639052.846, 60
Trd, 8639053.146, 60
Trd, 8639053.946, 60
Trd, 8639054.046, 61
Trd, 8639055.012, 60
Trd, 8639055.379, 60
Trd, 8639055.679, 61
Trd, 8639055.912, 60
Trd, 8639055.946, 60
Trd, 8639056.579, 61
Trd, 8639056.979, 60
Trd, 8639057.012, 64
Trd, 8639057.612, 63
Trd, 8639057.846, 64
Trd, 8639057.946, 63
Trd, 8639058.179, 69
Trd, 8639058.446, 61
Trd, 8639058.946, 83
Trd, 8639059.312, 61
Trd, 8639059.446, 75
Trd, 8639060.112, 61
Trd, 8639060.146, 83
Trd, 8639060.712, 93
Trd, 8639061.279, 98
Trd, 8639061.312, 94
Trd, 8639061.346, 93
Trd, 8639062.946, 140
Trd, 8639063.379, 139
Trd, 8639065.112, 140
Trd, 8639065.512, 140
Trd, 8639065.612, 140
Trd, 8639066.546, 140
Trd, 8639067.712, 140
Trd, 8639067.946, 140
Trd, 8639068.179, 140
Trd, 8639068.279, 140
Trd, 8639068.412, 140
Trd, 8639068.546, 140
Trd, 8639069.079, 140
Trd, 8639069.246, 140
Trd, 8639069.279, 139
Trd, 8639069.379, 139
Trd, 8639069.446, 129
Trd, 8639069.746, 140
Trd, 8639070.079, 140
Trd, 8639070.212, 140
Trd, 8639071.046, 140
Trd, 8639072.646, 140
Trd, 8639073.012, 140
Trd, 8639073.646, 140
Trd, 8639073.979, 140
Trd, 8639074.612, 140
Trd, 8639074.646, 140
Trd, 8639074.979, 140
Trd, 8639075.479, 140
Trd, 8639076.279, 140
Trd, 8639077.046, 140
Trd, 8639077.812, 140
Trd, 8639077.846, 140
Trd, 8639078.246, 140
Trd, 8639079.746, 140
Trd, 8639080.079, 140
Trd, 8639080.146, 140
Trd, 8639080.879, 140
Trd, 8639081.112, 140
Trd, 8639081.979, 140
Trd, 8639082.146, 140
Trd, 8639082.279, 140
Trd, 8639082.779, 140
Trd, 8639082.912, 140
Trd, 8639082.979, 140
Trd, 8639083.112, 139
Trd, 8639083.912, 140
Trd, 8639084.146, 140
Trd, 8639084.179, 140
Trd, 8639084.946, 140
Trd, 8639085.946, 140
Trd, 8639086.479, 140
Trd, 8639086.812, 139
Trd, 8639086.846, 134
Trd, 8639087.446, 140
Trd, 8639087.746, 140
Trd, 8639087.879, 139
Trd, 8639088.246, 138
Trd, 8639088.779, 140
Trd, 8639090.979, 140
Trd, 8639091.446, 140
Trd, 8639092.146, 140
Trd, 8639092.312, 140
Trd, 8639092.412, 140
Trd, 8639092.446, 140
Trd, 8639092.479, 140
Trd, 8639092.779, 139
Trd, 8639092.812, 140
Trd, 8639093.112, 140
Trd, 8639093.546, 140
Trd, 8639094.446, 140
Trd, 8639094.746, 139
Trd, 8639095.279, 140
Trd, 8639095.746, 140
Trd, 8639096.179, 137
Trd, 8639097.246, 140
Trd, 8639097.479, 140
Trd, 8639097.546, 140
Trd, 8639098.546, 140
Trd, 8639098.846, 140
Trd, 8639099.479, 140
Trd, 8639099.679, 140
Trd, 8639100.179, 140
Trd, 8639100.312, 140
Trd, 8639100.479, 123
Trd, 8639100.912, 139
Trd, 8639101.212, 136
Trd, 8639101.246, 140
Trd, 8639101.812, 61
Trd, 8639101.979, 61
Trd, 8639102.812, 65
Trd, 8639103.379, 61
Trd, 8639103.412, 62
Trd, 8639104.512, 81
Trd, 8639104.612, 83
Trd, 8639104.746, 99
Trd, 8639105.212, 140
Trd, 8639105.679, 140
Trd, 8639105.946, 139
Trd, 8639106.479, 140
Trd, 8639107.312, 140
Trd, 8639107.446, 140
Trd, 8639108.812, 140
Trd, 8639109.079, 140
Trd, 8639109.479, 140
Trd, 8639110.612, 140
Trd, 8639111.212, 140
Trd, 8639111.979, 140
Trd, 8639112.512, 140
Trd, 8639112.879, 140
Trd, 8639112.946, 140
Trd, 8639114.112, 140
Trd, 8639114.412, 140
Trd, 8639114.446, 140
Trd, 8639115.712, 140
Trd, 8639116.446, 140
Trd, 8639116.679, 140
Trd, 8639117.212, 140
Trd, 8639117.412, 140
Trd, 8639118.779, 140
Trd, 8639118.879, 140
Trd, 8639119.679, 140
Trd, 8639120.279, 140
Trd, 8639120.479, 140
Trd, 8639122.446, 140
Trd, 8639122.512, 140
Trd, 8639122.712, 140
Trd, 8639122.746, 140
Trd, 8639123.312, 140
Trd, 8639124.846, 140
Trd, 8639125.712, 140
Trd, 8639126.279, 140
Trd, 8639126.612, 140
Trd, 8639126.779, 140
Trd, 8639127.646, 140
Trd, 8639127.679, 140
Trd, 8639127.879, 140
Trd, 8639128.346, 140
Trd, 8639128.612, 140
Trd, 8639129.912, 140
Trd, 8639130.212, 140
Trd, 8639130.612, 140
Trd, 8639132.546, 140
Trd, 8639132.579, 140
Trd, 8639132.612, 140
Trd, 8639132.746, 140
Trd, 8639133.012, 140
Trd, 8639133.079, 140
Trd, 8639133.712, 140
Trd, 8639133.746, 140
Trd, 8639134.012, 140
Trd, 8639134.346, 140
Trd, 8639134.546, 140
Trd, 8639134.579, 140
Trd, 8639135.079, 137
Trd, 8639135.979, 140
Trd, 8639136.246, 140
Trd, 8639136.846, 140
Trd, 8639136.912, 140
Trd, 8639137.179, 140
Trd, 8639139.546, 140
Trd, 8639139.979, 140
Trd, 8639140.112, 140
Trd, 8639140.812, 140
Trd, 8639141.479, 140
Trd, 8639141.679, 140
Trd, 8639142.246, 140
Trd, 8639142.479, 140
Trd, 8639142.546, 140
Trd, 8639142.846, 140
Trd, 8639143.079, 140
Trd, 8639143.879, 140
Trd, 8639143.912, 140
Trd, 8639144.012, 138
Trd, 8639144.479, 140
Trd, 8639144.579, 140
Trd, 8639144.912, 140
Trd, 8639145.179, 140
Trd, 8639145.346, 137
Trd, 8639146.279, 139
Trd, 8639147.179, 139
Trd, 8639147.312, 138
Trd, 8639147.579, 110
Trd, 8639147.912, 110
Trd, 8639148.012, 140
Trd, 8639148.712, 139
Trd, 8639148.946, 109
Trd, 8639149.546, 140
Trd, 8639149.912, 140
Trd, 8639150.346, 140
Trd, 8639150.679, 139
Trd, 8639151.746, 140
Trd, 8639152.312, 140
Trd, 8639152.879, 140
Trd, 8639153.179, 140
Trd, 8639153.346, 140
Trd, 8639153.579, 140
Trd, 8639153.846, 140
Trd, 8639154.212, 140
Trd, 8639154.279, 137
Trd, 8639154.512, 131
Trd, 8639155.079, 140
Trd, 8639155.779, 116
Trd, 8639155.846, 139
Trd, 8639156.746, 138
Trd, 8639157.312, 69
Trd, 8639157.412, 61
Trd, 8639157.779, 70
Trd, 8639157.846, 63
Trd, 8639157.946, 73
Trd, 8639159.246, 61
Trd, 8639159.312, 62
Trd, 8639159.512, 65
Trd, 8639159.546, 80
Trd, 8639160.179, 62
Trd, 8639162.246, 60
Trd, 8639162.312, 60
Trd, 8639162.746, 60
Trd, 8639162.979, 61
Trd, 8639163.046, 61
Trd, 8639163.912, 60
Trd, 8639163.946, 60
Trd, 8639163.979, 60
Trd, 8639164.312, 60
Trd, 8639164.879, 60
Trd, 8639165.379, 62
Trd, 8639165.979, 63
Trd, 8639166.546, 64
Trd, 8639166.646, 61
Trd, 8639166.846, 65
Trd, 8639166.879, 65
Trd, 8639167.046, 76
Trd, 8639167.346, 95
Trd, 8639168.879, 60
Trd, 8639169.379, 60
Trd, 8639170.046, 60
Trd, 8639170.412, 61
Trd, 8639170.446, 64
Trd, 8639170.646, 65
Trd, 8639171.346, 62
Trd, 8639171.546, 62
Trd, 8639171.912, 65
Trd, 8639172.746, 60
Trd, 8639173.546, 60
Trd, 8639174.079, 60
Trd, 8639174.679, 61
Trd, 8639176.379, 60
Trd, 8639176.479, 60
Trd, 8639176.712, 60
Trd, 8639176.946, 60
Trd, 8639177.446, 60
Trd, 8639177.479, 61
Trd, 8639178.112, 62
Trd, 8639178.246, 62
Trd, 8639178.312, 64
Trd, 8639178.679, 68
Trd, 8639179.246, 64
Trd, 8639179.646, 63
Trd, 8639180.046, 66
Trd, 8639180.412, 62
Trd, 8639180.979, 60
Trd, 8639181.046, 60
Trd, 8639181.579, 65
Trd, 8639181.612, 62
Trd, 8639182.412, 140
Trd, 8639182.846, 140
Trd, 8639183.846, 140
Trd, 8639183.879, 140
Trd, 8639184.579, 140
Trd, 8639184.646, 140
Trd, 8639184.879, 140
Trd, 8639185.846, 140
Trd, 8639186.346, 140
Trd, 8639187.146, 140
Trd, 8639187.912, 140
Trd, 8639188.446, 140
Trd, 8639189.612, 140
Trd, 8639189.646, 140
Trd, 8639190.212, 140
Trd, 8639190.379, 140
Trd, 8639190.679, 140
Trd, 8639192.146, 140
Trd, 8639192.312, 140
Trd, 8639192.912, 140
Trd, 8639193.679, 140
Trd, 8639193.912, 140
Trd, 8639194.179, 140
Trd, 8639195.912, 140
Trd, 8639196.446, 140
Trd, 8639196.812, 140
Trd, 8639197.246, 140
Trd, 8639197.379, 140
Trd, 8639198.379, 140
Trd, 8639198.679, 140
Trd, 8639198.812, 140
Trd, 8639199.712, 140
Trd, 8639200.479, 140
Trd, 8639200.512, 140
Trd, 8639201.012, 140
Trd, 8639201.246, 140
Trd, 8639203.412, 140
Trd, 8639204.146, 140
Trd, 8639204.212, 140
Trd, 8639204.512, 140
Trd, 8639204.579, 139
Trd, 8639206.446, 140
Trd, 8639206.646, 140
Trd, 8639207.912, 140
Trd, 8639208.146, 140
Trd, 8639208.346, 140
Trd, 8639208.679, 140
Trd, 8639210.646, 140
Trd, 8639210.712, 140
Trd, 8639210.879, 140
Trd, 8639210.979, 140
Trd, 8639211.012, 140
Trd, 8639211.179, 140
Trd, 8639211.379, 140
Trd, 8639211.679, 140
Trd, 8639212.246, 140
Trd, 8639212.646, 140
Trd, 8639212.812, 140
Trd, 8639213.079, 140
Trd, 8639213.646, 140
Trd, 8639213.979, 140
Trd, 8639214.112, 139
Trd, 8639214.346, 140
Trd, 8639214.946, 139
Trd, 8639215.046, 140
Trd, 8639216.646, 140
Trd, 8639216.679, 140
Trd, 8639216.712, 140
Trd, 8639216.812, 140
Trd, 8639218.046, 140
Trd, 8639219.179, 140
Trd, 8639220.079, 140
Trd, 8639220.179, 140
Trd, 8639220.212, 140
Trd, 8639220.512, 138
Trd, 8639220.812, 118
Trd, 8639221.846, 139
Trd, 8639222.046, 139
Trd, 8639222.112, 139
Trd, 8639222.246, 138
Trd, 8639224.012, 140
Trd, 8639224.246, 139
Trd, 8639225.079, 140
Trd, 8639225.146, 139
Trd, 8639226.346, 140
Trd, 8639227.046, 140
Trd, 8639227.279, 140
Trd, 8639228.146, 140
Trd, 8639228.212, 140
Trd, 8639228.246, 140
Trd, 8639228.779, 140
Trd, 8639229.546, 140
Trd, 8639229.679, 140
Trd, 8639230.446, 140
Trd, 8639231.512, 140
Trd, 8639231.746, 140
Trd, 8639232.446, 140
Trd, 8639233.112, 140
Trd, 8639233.312, 140
Trd, 8639234.112, 140
Trd, 8639234.479, 140
Trd, 8639234.746, 140
Trd, 8639235.112, 138
Trd, 8639237.046, 140
Trd, 8639237.246, 140
Trd, 8639237.812, 140
Trd, 8639238.146, 140
Trd, 8639238.279, 139
Trd, 8639238.412, 140
Trd, 8639238.812, 139
Trd, 8639238.912, 138
Trd, 8639239.212, 92
Trd, 8639239.679, 140
Trd, 8639240.446, 140
Trd, 8639241.312, 140
Trd, 8639241.746, 140
Trd, 8639241.946, 140
Trd, 8639243.379, 140
Trd, 8639243.446, 140
Trd, 8639244.346, 140
Trd, 8639244.379, 140
Trd, 8639244.712, 140
Trd, 8639244.779, 140
Trd, 8639245.112, 140
Trd, 8639246.812, 140
Trd, 8639247.512, 140
Trd, 8639247.712, 140
Trd, 8639248.079, 140
Trd, 8639248.446, 140
Trd, 8639248.579, 136
Trd, 8639249.546, 140
Trd, 8639250.679, 140
Trd, 8639251.212, 140
Trd, 8639251.446, 140
Trd, 8639251.779, 140
Trd, 8639252.179, 140
Trd, 8639252.379, 140
Trd, 8639253.446, 140
Trd, 8639254.279, 140
Trd, 8639254.646, 140
Trd, 8639254.779, 140
Trd, 8639256.646, 140
Trd, 8639257.546, 140
Trd, 8639258.246, 140
Trd, 8639258.779, 140
Trd, 8639258.846, 140
Trd, 8639258.879, 140
Trd, 8639259.046, 140
Trd, 8639259.479, 140
Trd, 8639259.512, 140
Trd, 8639259.779, 140
Trd, 8639260.046, 140
Trd, 8639260.112, 139
Trd, 8639260.846, 140
Trd, 8639261.712, 138
Trd, 8639261.812, 136
Trd, 8639262.279, 139
Trd, 8639263.112, 140
Trd, 8639263.312, 138
Trd, 8639263.679, 138
Trd, 8639264.012, 137
Trd, 8639264.479, 135
Trd, 8639265.346, 140
Trd, 8639265.979, 140
Trd, 8639266.712, 140
Trd, 8639266.879, 140
Trd, 8639266.946, 140
Trd, 8639267.479, 140
Trd, 8639268.279, 140
Trd, 8639268.379, 140
Trd, 8639268.579, 140
Trd, 8639268.679, 139
Trd, 8639268.712, 139
Trd, 8639269.079, 140
Trd, 8639269.146, 139
Trd, 8639269.346, 139
Trd, 8639269.912, 140
Trd, 8639270.712, 140
Trd, 8639271.779, 140
Trd, 8639271.912, 140
Trd, 8639272.579, 140
Trd, 8639272.646, 140
Trd, 8639273.346, 140
Trd, 8639274.179, 140
Trd, 8639274.279, 140
Trd, 8639274.646, 140
Trd, 8639275.412, 140
Trd, 8639275.512, 139
Trd, 8639277.546, 140
Trd, 8639278.046, 140
Trd, 8639278.512, 140
Trd, 8639278.712, 140
Trd, 8639278.746, 140
Trd, 8639278.812, 140
Trd, 8639278.879, 140
Trd, 8639279.246, 139
Trd, 8639279.412, 139
Trd, 8639279.446, 140
Trd, 8639279.679, 138
Trd, 8639280.446, 138
Trd, 8639280.812, 137
Trd, 8639281.579, 138
Trd, 8639282.479, 140
Trd, 8639282.879, 140
Trd, 8639283.146, 140
Trd, 8639283.246, 139
Trd, 8639283.546, 135
Trd, 8639284.112, 92
Trd, 8639284.146, 139
Trd, 8639284.312, 91
Trd, 8639284.846, 138
Trd, 8639285.246, 137
Trd, 8639285.279, 91
Trd, 8639285.746, 61
Trd, 8639286.112, 70
Trd, 8639286.912, 140
Trd, 8639288.112, 140
Trd, 8639288.879, 140
Trd, 8639289.446, 140
Trd, 8639289.812, 140
Trd, 8639289.912, 140
Trd, 8639290.079, 140
Trd, 8639290.212, 140
Trd, 8639290.246, 139
Trd, 8639290.546, 67
Trd, 8639290.946, 69
Trd, 8639291.212, 68
Trd, 8639292.112, 139
Trd, 8639292.579, 139
Trd, 8639293.679, 140
Trd, 8639294.112, 140
Trd, 8639294.579, 140
Trd, 8639294.646, 140
Trd, 8639294.912, 140
Trd, 8639297.146, 140
Trd, 8639297.246, 140
Trd, 8639298.512, 140
Trd, 8639298.546, 140
Trd, 8639299.179, 140
Trd, 8639299.312, 140
Trd, 8639300.479, 140
Trd, 8639300.979, 140
Trd, 8639301.112, 140
Trd, 8639301.712, 140
Trd, 8639301.979, 140
Trd, 8639303.046, 140
Trd, 8639303.412, 140
Trd, 8639304.479, 140
Trd, 8639305.746, 140
Trd, 8639306.179, 140
Trd, 8639306.479, 140
Trd, 8639306.879, 140
Trd, 8639308.512, 140
Trd, 8639308.679, 140
Trd, 8639308.746, 140
Trd, 8639308.779, 139
Trd, 8639309.112, 140
Trd, 8639309.279, 140
Trd, 8639309.612, 140
Trd, 8639310.046, 140
Trd, 8639310.279, 140
Trd, 8639310.546, 140
Trd, 8639310.879, 140
Trd, 8639311.079, 140
Trd, 8639311.312, 140
Trd, 8639312.212, 140
Trd, 8639313.946, 140
Trd, 8639314.079, 139
Trd, 8639314.179, 139
Trd, 8639314.779, 138
Trd, 8639315.146, 140
Trd, 8639316.246, 140
Trd, 8639316.379, 140
Trd, 8639316.646, 139
Trd, 8639317.279, 140
Trd, 8639317.812, 140
Trd, 8639318.146, 140
Trd, 8639318.712, 140
Trd, 8639319.379, 140
Trd, 8639319.512, 140
Trd, 8639319.846, 139
Trd, 8639320.979, 140
Trd, 8639321.946, 140
Trd, 8639322.712, 140
Trd, 8639323.079, 140
Trd, 8639324.012, 140
Trd, 8639324.912, 140
Trd, 8639325.446, 140
Trd, 8639325.712, 140
Trd, 8639325.846, 140
Trd, 8639326.679, 140
Trd, 8639326.779, 139
Trd, 8639327.179, 140
Trd, 8639327.812, 140
Trd, 8639328.312, 138
Trd, 8639329.546, 140
Trd, 8639329.712, 140
Trd, 8639329.779, 140
Trd, 8639331.146, 140
Trd, 8639331.179, 140
Trd, 8639331.279, 140
Trd, 8639331.746, 140
Trd, 8639332.012, 140
Trd, 8639332.546, 140
Trd, 8639332.812, 140
Trd, 8639333.412, 140
Trd, 8639333.879, 140
Trd, 8639334.146, 140
Trd, 8639334.379, 140
Trd, 8639334.679, 140
Trd, 8639335.346, 140
Trd, 8639336.112, 140
Trd, 8639336.246, 140
Trd, 8639336.412, 140
Trd, 8639337.146, 139
Trd, 8639337.246, 138
Trd, 8639337.612, 103
Trd, 8639338.779, 140
Trd, 8639338.812, 139
Trd, 8639339.512, 60
Trd, 8639339.546, 67
Trd, 8639339.746, 66
Trd, 8639341.012, 60
Trd, 8639341.079, 62
Trd, 8639342.846, 60
Trd, 8639343.479, 60
Trd, 8639343.512, 64
Trd, 8639344.412, 60
Trd, 8639344.546, 61
Trd, 8639344.946, 61
Trd, 8639345.046, 61
Trd, 8639345.812, 62
Trd, 8639345.879, 63
Trd, 8639345.979, 69
Trd, 8639346.546, 65
Trd, 8639346.712, 109
Trd, 8639347.579, 70
Trd, 8639347.779, 140
Trd, 8639348.179, 140
Trd, 8639348.579, 140
Trd, 8639348.879, 140
Trd, 8639349.212, 140
Trd, 8639349.379, 139
Trd, 8639350.012, 140
Trd, 8639350.046, 140
Trd, 8639350.512, 140
Trd, 8639352.012, 140
Trd, 8639352.379, 140
Trd, 8639354.346, 140
Trd, 8639354.946, 140
Trd, 8639355.512, 140
Trd, 8639355.612, 140
Trd, 8639355.679, 140
Trd, 8639355.779, 140
Trd, 8639356.512, 140
Trd, 8639356.579, 140
Trd, 8639357.446, 140
Trd, 8639357.812, 140
Trd, 8639358.012, 139
Trd, 8639359.279, 140
Trd, 8639359.546, 140
Trd, 8639359.879, 139
Trd, 8639360.279, 139
Trd, 8639362.179, 140
Trd, 8639362.646, 140
Trd, 8639363.446, 140
Trd, 8639364.012, 140
Trd, 8639364.079, 140
Trd, 8639364.612, 140
Trd, 8639365.446, 140
Trd, 8639366.212, 140
Trd, 8639366.446, 140
Trd, 8639366.912, 140
Trd, 8639367.546, 140
Trd, 8639367.646, 140
Trd, 8639367.812, 140
Trd, 8639368.312, 140
Trd, 8639369.579, 140
Trd, 8639370.146, 140
Trd, 8639370.246, 140
Trd, 8639370.546, 140
Trd, 8639370.812, 140
Trd, 8639371.679, 140
Trd, 8639372.212, 140
Trd, 8639372.246, 140
Trd, 8639372.446, 140
Trd, 8639372.779, 140
Trd, 8639372.979, 138
Trd, 8639373.812, 140
Trd, 8639373.879, 139
Trd, 8639373.946, 123
Trd, 8639374.312, 139
Trd, 8639375.879, 140
Trd, 8639376.079, 139
Trd, 8639376.879, 140
Trd, 8639377.079, 140
Trd, 8639377.112, 140
Trd, 8639377.712, 140
Trd, 8639377.912, 140
Trd, 8639378.279, 140
Trd, 8639379.146, 140
Trd, 8639379.479, 140
Trd, 8639380.146, 140
Trd, 8639380.279, 140
Trd, 8639380.412, 140
Trd, 8639380.512, 140
Trd, 8639380.579, 140
Trd, 8639381.012, 140
Trd, 8639381.846, 140
Trd, 8639382.612, 140
Trd, 8639383.079, 140
Trd, 8639383.212, 140
Trd, 8639383.512, 140
Trd, 8639383.912, 140
Trd, 8639384.512, 140
Trd, 8639384.646, 139
Trd, 8639385.112, 139
Trd, 8639385.146, 138
Trd, 8639385.612, 138
Trd, 8639386.012, 138
Trd, 8639386.246, 102
Trd, 8639386.412, 101
Trd, 8639387.712, 140
Trd, 8639388.179, 140
Trd, 8639388.912, 140
Trd, 8639388.979, 140
Trd, 8639389.846, 140
Trd, 8639390.179, 140
Trd, 8639390.846, 140
Trd, 8639390.979, 140
Trd, 8639391.212, 140
Trd, 8639392.346, 140
Trd, 8639393.646, 140
Trd, 8639393.679, 140
Trd, 8639394.212, 140
Trd, 8639394.879, 140
Trd, 8639395.512, 140
Trd, 8639395.579, 140
Trd, 8639395.879, 140
Trd, 8639396.179, 140
Trd, 8639396.412, 140
Trd, 8639397.279, 140
Trd, 8639398.179, 140
Trd, 8639398.246, 140
Trd, 8639398.546, 140
Trd, 8639398.879, 140
Trd, 8639399.012, 139
Trd, 8639399.912, 140
Trd, 8639399.979, 119
Trd, 8639400.679, 140
Trd, 8639400.746, 140
Trd, 8639401.212, 139
Trd, 8639402.212, 140
Trd, 8639403.046, 140
Trd, 8639403.579, 139
Trd, 8639404.312, 140
Trd, 8639404.412, 140
Trd, 8639405.379, 140
Trd, 8639405.612, 140
Trd, 8639406.612, 140
Trd, 8639406.712, 140
Trd, 8639407.079, 140
Trd, 8639408.479, 140
Trd, 8639408.846, 140
Trd, 8639409.212, 140
Trd, 8639409.579, 140
Trd, 8639409.679, 140
Trd, 8639410.946, 140
Trd, 8639411.212, 140
Trd, 8639411.279, 140
Trd, 8639411.979, 140
Trd, 8639412.379, 140
Trd, 8639413.212, 140
Trd, 8639413.846, 140
Trd, 8639414.912, 140
Trd, 8639416.179, 140
Trd, 8639416.312, 140
Trd, 8639416.979, 140
Trd, 8639417.179, 140
Trd, 8639418.879, 140
Trd, 8639418.979, 140
Trd, 8639419.312, 140
Trd, 8639419.679, 140
Trd, 8639419.812, 140
Trd, 8639420.312, 140
Trd, 8639420.512, 140
Trd, 8639420.912, 140
Trd, 8639421.246, 140
Trd, 8639421.512, 140
Trd, 8639421.712, 140
Trd, 8639422.012, 140
Trd, 8639422.279, 140
Trd, 8639422.412, 140
Trd, 8639422.446, 140
Trd, 8639422.546, 90
Trd, 8639423.212, 138
Trd, 8639423.312, 62
Trd, 8639423.746, 75
Trd, 8639424.212, 140
Trd, 8639426.412, 140
Trd, 8639426.479, 140
Trd, 8639427.812, 140
Trd, 8639428.279, 140
Trd, 8639428.379, 140
Trd, 8639428.579, 140
Trd, 8639429.112, 140
Trd, 8639429.379, 139
Trd, 8639429.546, 139
Trd, 8639430.879, 140
Trd, 8639431.546, 140
Trd, 8639432.046, 140
Trd, 8639432.512, 140
Trd, 8639432.879, 140
Trd, 8639433.246, 140
Trd, 8639434.012, 140
Trd, 8639434.046, 140
Trd, 8639434.512, 140
Trd, 8639434.812, 140
Trd, 8639434.879, 140
Trd, 8639435.312, 140
Trd, 8639435.546, 140
Trd, 8639435.712, 140
Trd, 8639435.812, 139
Trd, 8639436.312, 137
Trd, 8639436.746, 138
Trd, 8639437.212, 139
Trd, 8639437.246, 138
Trd, 8639437.412, 139
Trd, 8639438.446, 140
Trd, 8639439.446, 140
Trd, 8639439.979, 140
Trd, 8639440.279, 140
Trd, 8639441.812, 140
Trd, 8639441.912, 140
Trd, 8639442.312, 140
Trd, 8639442.979, 140
Trd, 8639443.212, 139
Trd, 8639443.779, 140
Trd, 8639443.979, 140
Trd, 8639444.112, 140
Trd, 8639444.446, 140
Trd, 8639445.146, 139
Trd, 8639445.479, 139
Trd, 8639446.479, 140
Trd, 8639446.546, 140
Trd, 8639447.046, 140
Trd, 8639447.212, 140
Trd, 8639449.446, 140
Trd, 8639450.112, 140
Trd, 8639450.979, 140
Trd, 8639451.446, 140
Trd, 8639451.946, 140
Trd, 8639452.079, 140
Trd, 8639452.146, 140
Trd, 8639452.512, 140
Trd, 8639452.546, 140
Trd, 8639452.946, 140
Trd, 8639453.079, 140
Trd, 8639453.779, 140
Trd, 8639453.946, 138
Trd, 8639454.112, 139
Trd, 8639454.479, 126
Trd, 8639454.579, 140
Trd, 8639455.246, 140
Trd, 8639455.446, 139
Trd, 8639455.579, 138
Trd, 8639456.012, 63
Trd, 8639456.812, 60
Trd, 8639456.979, 60
Trd, 8639457.146, 60
Trd, 8639457.679, 64
Trd, 8639457.779, 66
Trd, 8639459.012, 60
Trd, 8639459.446, 60
Trd, 8639460.579, 60
Trd, 8639460.946, 60
Trd, 8639461.779, 60
Trd, 8639462.079, 60
Trd, 8639462.179, 60
Trd, 8639462.646, 60
Trd, 8639462.946, 60
Trd, 8639463.212, 60
Trd, 8639463.679, 61
Trd, 8639463.746, 61
Trd, 8639465.146, 60
Trd, 8639465.646, 60
Trd, 8639465.746, 60
Trd, 8639465.812, 60
Trd, 8639466.346, 60
Trd, 8639466.412, 60
Trd, 8639466.612, 61
Trd, 8639466.679, 60
Trd, 8639467.012, 62
Trd, 8639467.346, 63
Trd, 8639467.646, 62
Trd, 8639468.312, 62
Trd, 8639468.379, 62
Trd, 8639468.579, 62
Trd, 8639468.912, 61
Trd, 8639469.812, 62
Trd, 8639469.846, 64
Trd, 8639471.846, 60
Trd, 8639472.712, 60
Trd, 8639472.846, 60
Trd, 8639473.012, 60
Trd, 8639473.046, 61
Trd, 8639473.212, 63
Trd, 8639473.879, 61
Trd, 8639474.012, 64
Trd, 8639474.246, 63
Trd, 8639475.412, 60
Trd, 8639476.012, 60
Trd, 8639476.212, 60
Trd, 8639476.246, 60
Trd, 8639476.312, 60
Trd, 8639476.512, 61
Trd, 8639476.646, 63
Trd, 8639476.812, 60
Trd, 8639476.912, 63
Trd, 8639478.179, 69
Trd, 8639478.579, 82
Trd, 8639478.712, 73
Trd, 8639479.079, 101
Trd, 8639479.379, 73
Trd, 8639479.579, 72
Trd, 8639480.546, 68
Trd, 8639480.979, 139
Trd, 8639481.346, 140
Trd, 8639481.912, 112
Trd, 8639481.946, 110
Trd, 8639482.446, 140
Trd, 8639483.579, 140
Trd, 8639484.112, 140
Trd, 8639484.646, 140
Trd, 8639485.279, 140
Trd, 8639486.112, 140
Trd, 8639486.646, 140
Trd, 8639486.979, 140
Trd, 8639488.012, 140
Trd, 8639488.412, 140
Trd, 8639488.512, 140
Trd, 8639490.912, 140
Trd, 8639491.146, 140
Trd, 8639491.479, 140
Trd, 8639491.979, 140
Trd, 8639492.946, 140
Trd, 8639493.046, 140
Trd, 8639493.479, 140
Trd, 8639494.479, 140
Trd, 8639495.212, 140
Trd, 8639495.579, 140
Trd, 8639496.046, 140
Trd, 8639496.846, 140
Trd, 8639496.946, 140
Trd, 8639497.212, 140
Trd, 8639498.212, 140
Trd, 8639499.179, 140
Trd, 8639499.346, 140
Trd, 8639499.612, 140
Trd, 8639499.812, 140
Trd, 8639501.179, 140
Trd, 8639501.746, 140
Trd, 8639502.346, 140
Trd, 8639502.712, 140
Trd, 8639502.812, 140
Trd, 8639503.212, 140
Trd, 8639503.279, 140
Trd, 8639504.179, 140
Trd, 8639504.346, 140
Trd, 8639505.046, 140
Trd, 8639506.079, 140
Trd, 8639506.679, 140
Trd, 8639506.746, 140
Trd, 8639507.379, 140
Trd, 8639507.879, 140
Trd, 8639508.179, 140
Trd, 8639508.312, 140
Trd, 8639508.346, 140
Trd, 8639508.512, 140
Trd, 8639508.679, 139
Trd, 8639508.779, 139
Trd, 8639508.879, 135
Trd, 8639509.179, 139
Trd, 8639509.479, 110
Trd, 8639509.779, 60
Trd, 8639511.112, 140
Trd, 8639511.446, 138
Trd, 8639512.279, 62
Trd, 8639512.346, 67
Trd, 8639513.179, 140
Trd, 8639514.446, 140
Trd, 8639515.546, 140
Trd, 8639515.612, 140
Trd, 8639516.046, 140
Trd, 8639516.079, 140
Trd, 8639516.412, 140
Trd, 8639516.546, 140
Trd, 8639516.912, 140
Trd, 8639517.146, 140
Trd, 8639517.512, 140
Trd, 8639517.746, 140
Trd, 8639518.212, 140
Trd, 8639519.112, 140
Trd, 8639519.379, 139
Trd, 8639520.346, 140
Trd, 8639521.312, 140
Trd, 8639521.346, 140
Trd, 8639521.579, 140
Trd, 8639522.146, 140
Trd, 8639522.279, 139
Trd, 8639522.912, 140
Trd, 8639523.246, 140
Trd, 8639523.512, 140
Trd, 8639523.579, 140
Trd, 8639524.279, 140
Trd, 8639524.446, 140
Trd, 8639524.512, 140
Trd, 8639525.312, 140
Trd, 8639525.612, 140
Trd, 8639525.679, 139
Trd, 8639525.946, 140
Trd, 8639527.046, 60
Trd, 8639527.179, 62
Trd, 8639527.479, 70
Trd, 8639527.612, 66
Trd, 8639529.146, 140
Trd, 8639529.179, 139
Trd, 8639529.879, 139
Trd, 8639531.146, 140
Trd, 8639531.212, 140
Trd, 8639531.279, 140
Trd, 8639531.512, 66
Trd, 8639531.979, 140
Trd, 8639532.379, 138
Trd, 8639532.646, 139
Trd, 8639532.979, 140
Trd, 8639533.912, 140
Trd, 8639534.312, 140
Trd, 8639534.712, 140
Trd, 8639535.012, 140
Trd, 8639535.079, 138
Trd, 8639535.346, 140
Trd, 8639535.579, 139
Trd, 8639536.112, 139
Trd, 8639536.646, 140
Trd, 8639537.012, 138
Trd, 8639537.079, 139
Trd, 8639537.212, 138
Trd, 8639537.346, 140
Trd, 8639538.546, 140
Trd, 8639538.712, 140
Trd, 8639538.946, 140
Trd, 8639539.512, 140
Trd, 8639539.979, 140
Trd, 8639540.079, 140
Trd, 8639540.246, 139
Trd, 8639541.712, 140
Trd, 8639541.879, 139
Trd, 8639542.479, 140
Trd, 8639543.446, 140
Trd, 8639543.546, 140
Trd, 8639543.946, 140
Trd, 8639544.179, 140
Trd, 8639545.246, 140
Trd, 8639545.846, 140
Trd, 8639546.246, 140
Trd, 8639546.812, 140
Trd, 8639547.479, 140
Trd, 8639548.179, 140
Trd, 8639548.546, 140
Trd, 8639548.646, 140
Trd, 8639549.879, 140
Trd, 8639552.412, 140
Trd, 8639552.612, 140
Trd, 8639553.079, 140
Trd, 8639553.446, 140
Trd, 8639553.579, 140
Trd, 8639554.079, 140
Trd, 8639554.179, 140
Trd, 8639554.479, 140
Trd, 8639554.712, 140
Trd, 8639555.746, 140
Trd, 8639556.546, 140
Trd, 8639557.446, 140
Trd, 8639557.479, 140
Trd, 8639557.946, 140
Trd, 8639558.312, 140
Trd, 8639559.579, 140
Trd, 8639560.012, 140
Trd, 8639560.679, 140
Trd, 8639561.812, 140
Trd, 8639562.046, 140
Trd, 8639562.446, 140
Trd, 8639562.646, 140
Trd, 8639563.112, 140
Trd, 8639563.279, 140
Trd, 8639563.512, 140
Trd, 8639564.212, 140
Trd, 8639565.279, 140
Trd, 8639565.379, 140
Trd, 8639565.612, 139
Trd, 8639565.846, 140
Trd, 8639566.212, 139
Trd, 8639566.412, 140
Trd, 8639566.512, 140
Trd, 8639566.646, 139
Trd, 8639567.346, 140
Trd, 8639567.912, 140
Trd, 8639568.312, 140
Trd, 8639568.679, 140
Trd, 8639569.479, 140
Trd, 8639570.079, 140
Trd, 8639570.479, 140
Trd, 8639570.712, 140
Trd, 8639570.946, 140
Trd, 8639571.646, 140
Trd, 8639572.546, 140
Trd, 8639572.812, 140
Trd, 8639573.546, 140
Trd, 8639573.646, 140
Trd, 8639573.812, 140
Trd, 8639575.279, 140
Trd, 8639576.279, 140
Trd, 8639576.379, 140
Trd, 8639576.912, 140
Trd, 8639577.179, 140
Trd, 8639578.312, 140
Trd, 8639578.712, 140
Trd, 8639579.046, 140
Trd, 8639579.146, 140
Trd, 8639579.512, 140
Trd, 8639580.579, 140
Trd, 8639581.579, 140
Trd, 8639581.612, 140
Trd, 8639581.979, 140
Trd, 8639582.446, 140
Trd, 8639583.679, 140
Trd, 8639584.079, 140
Trd, 8639584.312, 140
Trd, 8639585.179, 140
Trd, 8639586.212, 140
Trd, 8639586.879, 140
Trd, 8639586.946, 140
Trd, 8639586.979, 140
Trd, 8639588.579, 140
Trd, 8639588.746, 140
Trd, 8639590.579, 140
Trd, 8639590.912, 140
Trd, 8639591.779, 140
Trd, 8639591.812, 140
Trd, 8639591.846, 140
Trd, 8639592.046, 140
Trd, 8639592.112, 139
Trd, 8639593.079, 140
Trd, 8639593.679, 140
Trd, 8639594.746, 140
Trd, 8639594.912, 140
Trd, 8639595.112, 140
Trd, 8639595.179, 140
Trd, 8639595.446, 140
Trd, 8639595.846, 140
Trd, 8639595.912, 140
Trd, 8639596.212, 140
Trd, 8639596.312, 139
Trd, 8639597.079, 140
Trd, 8639597.379, 140
Trd, 8639597.612, 138
Trd, 8639598.612, 140
Trd, 8639598.912, 140
Trd, 8639599.846, 140
Trd, 8639600.112, 140
Trd, 8639601.346, 140
Trd, 8639601.612, 140
Trd, 8639601.879, 139
Trd, 8639602.146, 139
Trd, 8639602.546, 140
Trd, 8639602.812, 139
Trd, 8639602.879, 139
Trd, 8639603.079, 135
Trd, 8639603.346, 138
Trd, 8639603.812, 138
Trd, 8639603.879, 137
Trd, 8639604.346, 138
Trd, 8639604.679, 140
Trd, 8639605.379, 60
Trd, 8639605.479, 60
Trd, 8639605.546, 60
Trd, 8639606.446, 139
Trd, 8639606.912, 61
Trd, 8639606.946, 62
Trd, 8639607.346, 60
Trd, 8639607.779, 68
Trd, 8639609.112, 61
Trd, 8639609.479, 65
Trd, 8639609.512, 72
Trd, 8639609.579, 78
Trd, 8639610.246, 66
Trd, 8639610.679, 77
Trd, 8639610.746, 67
Trd, 8639611.346, 66
Trd, 8639611.879, 75
Trd, 8639611.912, 77
Trd, 8639613.112, 69
Trd, 8639613.379, 60
Trd, 8639614.012, 60
Trd, 8639614.579, 60
Trd, 8639615.879, 60
Trd, 8639616.679, 60
Trd, 8639616.846, 60
Trd, 8639617.146, 63
Trd, 8639617.446, 63
Trd, 8639617.646, 67
Trd, 8639618.179, 63
Trd, 8639618.712, 63
Trd, 8639618.746, 61
Trd, 8639619.079, 66
Trd, 8639619.179, 67
Trd, 8639619.346, 67
Trd, 8639620.146, 64
Trd, 8639620.212, 63
Trd, 8639620.346, 64
Trd, 8639620.679, 60
Trd, 8639621.146, 75
Trd, 8639621.479, 62
Trd, 8639621.746, 96
Trd, 8639621.979, 133
Trd, 8639622.179, 67
Trd, 8639622.746, 62
Trd, 8639622.779, 65
Trd, 8639623.012, 61
Trd, 8639624.079, 64
Trd, 8639624.846, 60
Trd, 8639625.712, 60
Trd, 8639626.312, 60
Trd, 8639627.212, 61
Trd, 8639627.746, 62
Trd, 8639628.512, 60
Trd, 8639628.879, 60
Trd, 8639629.179, 60
Trd, 8639629.412, 60
Trd, 8639629.546, 60
Trd, 8639629.679, 62
Trd, 8639629.946, 62
Trd, 8639630.346, 62
Trd, 8639630.412, 62
Trd, 8639630.546, 76
Trd, 8639630.846, 61
Trd, 8639631.879, 80
Trd, 8639632.112, 82
Trd, 8639632.846, 60
Trd, 8639632.879, 61
Trd, 8639633.046, 63
Trd, 8639633.379, 122
Trd, 8639633.746, 123
Trd, 8639634.212, 139
Trd, 8639635.246, 60
Trd, 8639636.579, 60
Trd, 8639636.912, 60
Trd, 8639637.446, 60
Trd, 8639637.646, 60
Trd, 8639637.879, 60
Trd, 8639638.046, 61
Trd, 8639639.879, 60
Trd, 8639639.912, 60
Trd, 8639640.446, 60
Trd, 8639640.646, 60
Trd, 8639641.379, 60
Trd, 8639641.746, 60
Trd, 8639641.946, 60
Trd, 8639642.012, 60
Trd, 8639642.379, 63
Trd, 8639642.779, 60
Trd, 8639642.846, 60
Trd, 8639643.112, 60
Trd, 8639643.412, 60
Trd, 8639643.679, 61
Trd, 8639644.746, 60
Trd, 8639644.912, 60
Trd, 8639645.779, 60
Trd, 8639646.479, 60
Trd, 8639646.879, 60
Trd, 8639647.312, 60
Trd, 8639647.446, 61
Trd, 8639647.812, 61
Trd, 8639648.012, 62
Trd, 8639649.212, 60
Trd, 8639649.412, 60
Trd, 8639651.046, 60
Trd, 8639651.546, 60
Trd, 8639651.712, 60
Trd, 8639652.546, 60
Trd, 8639652.646, 61
Trd, 8639652.879, 60
Trd, 8639653.179, 60
Trd, 8639653.246, 60
Trd, 8639653.612, 60
Trd, 8639653.679, 63
Trd, 8639653.979, 60
Trd, 8639654.446, 62
Trd, 8639654.846, 64
Trd, 8639655.179, 64
Trd, 8639655.246, 62
Trd, 8639655.479, 64
Trd, 8639656.012, 60
Trd, 8639656.479, 60
Trd, 8639656.546, 61
Trd, 8639657.179, 60
Trd, 8639657.579, 69
Trd, 8639657.812, 70
Trd, 8639657.846, 92
Trd, 8639658.412, 64
Trd, 8639659.446, 63
Trd, 8639659.879, 65
Trd, 8639661.179, 61
Trd, 8639662.046, 60
Trd, 8639662.079, 60
Trd, 8639662.612, 61
Trd, 8639663.812, 60
Trd, 8639664.179, 60
Trd, 8639664.512, 60
Trd, 8639664.579, 60
Trd, 8639664.812, 60
Trd, 8639664.879, 61
Trd, 8639664.912, 67
Trd, 8639665.112, 63
Trd, 8639665.146, 70
Trd, 8639665.646, 65
Trd, 8639665.946, 70
Trd, 8639666.012, 71
Trd, 8639666.079, 66
Trd, 8639668.112, 60
Trd, 8639668.279, 60
Trd, 8639668.512, 61
Trd, 8639668.912, 60
Trd, 8639669.379, 64
Trd, 8639669.712, 75
Trd, 8639669.912, 76
Trd, 8639670.379, 61
Trd, 8639670.979, 68
Trd, 8639671.279, 76
Trd, 8639671.712, 63
Trd, 8639671.746, 64
Trd, 8639671.912, 64
Trd, 8639672.046, 65
Trd, 8639672.546, 65
Trd, 8639672.679, 62
Trd, 8639672.779, 61
Trd, 8639673.612, 140
Trd, 8639675.346, 140
Trd, 8639675.412, 115
Trd, 8639675.812, 140
Trd, 8639676.279, 117
Trd, 8639677.179, 140
Trd, 8639677.312, 140
Trd, 8639677.746, 140
Trd, 8639677.812, 140
Trd, 8639679.079, 108
Trd, 8639679.279, 75
Trd, 8639679.446, 140
Trd, 8639679.979, 60
Trd, 8639680.346, 60
Trd, 8639680.579, 60
Trd, 8639680.679, 60
Trd, 8639681.079, 60
Trd, 8639681.979, 60
Trd, 8639682.279, 60
Trd, 8639683.212, 60
Trd, 8639683.612, 60
Trd, 8639684.246, 60
Trd, 8639684.646, 60
Trd, 8639684.879, 62
Trd, 8639686.246, 60
Trd, 8639686.779, 60
Trd, 8639686.912, 61
Trd, 8639686.979, 62
Trd, 8639687.312, 62
Trd, 8639688.312, 60
Trd, 8639688.379, 63
Trd, 8639688.646, 65
Trd, 8639689.079, 65
Trd, 8639689.146, 62
Trd, 8639689.546, 64
Trd, 8639689.712, 65
Trd, 8639689.946, 66
Trd, 8639690.679, 68
Trd, 8639691.812, 70
Trd, 8639691.946, 76
Trd, 8639692.012, 77
Trd, 8639692.312, 79
Trd, 8639692.546, 68
Trd, 8639693.512, 136
Trd, 8639693.546, 135
Trd, 8639694.679, 140
Trd, 8639695.679, 140
Trd, 8639696.312, 140
Trd, 8639696.446, 140
Trd, 8639696.512, 140
Trd, 8639696.879, 140
Trd, 8639698.546, 140
Trd, 8639698.946, 140
Trd, 8639699.079, 140
Trd, 8639699.612, 140
Trd, 8639699.912, 140
Trd, 8639700.512, 140
Trd, 8639701.246, 140
Trd, 8639702.246, 140
Trd, 8639702.479, 140
Trd, 8639702.779, 139
Trd, 8639703.946, 136
Trd, 8639704.846, 140
Trd, 8639704.979, 140
Trd, 8639705.246, 139
Trd, 8639706.179, 140
Trd, 8639706.312, 140
Trd, 8639707.312, 140
Trd, 8639707.746, 138
Trd, 8639708.479, 139
Trd, 8639708.979, 140
Trd, 8639710.146, 140
Trd, 8639711.646, 140
Trd, 8639711.712, 140
Trd, 8639711.746, 140
Trd, 8639711.812, 140
Trd, 8639712.179, 140
Trd, 8639712.246, 140
Trd, 8639712.379, 140
Trd, 8639712.479, 139
Trd, 8639713.479, 140
Trd, 8639713.846, 140
Trd, 8639713.912, 139
Trd, 8639714.612, 140
Trd, 8639715.446, 140
Trd, 8639715.912, 140
Trd, 8639716.112, 140
Trd, 8639716.346, 140
Trd, 8639716.446, 139
Trd, 8639717.246, 140
Trd, 8639717.512, 140
Trd, 8639717.846, 140
Trd, 8639719.246, 140
Trd, 8639719.646, 140
Trd, 8639720.446, 140
Trd, 8639720.712, 140
Trd, 8639720.879, 140
Trd, 8639721.246, 140
Trd, 8639721.379, 140
Trd, 8639721.479, 140
Trd, 8639722.279, 140
Trd, 8639722.979, 140
Trd, 8639723.012, 140
Trd, 8639723.046, 140
Trd, 8639723.112, 140
Trd, 8639723.379, 140
Trd, 8639723.446, 139
Trd, 8639723.879, 140
Trd, 8639724.146, 140
Trd, 8639724.846, 140
Trd, 8639725.446, 140
Trd, 8639726.179, 140
Trd, 8639726.979, 140
Trd, 8639727.246, 140
Trd, 8639727.412, 140
Trd, 8639727.512, 138
Trd, 8639728.379, 140
Trd, 8639728.546, 139
Trd, 8639728.646, 137
Trd, 8639729.012, 139
Trd, 8639729.112, 138
Trd, 8639729.746, 136
Trd, 8639730.479, 140
Trd, 8639730.846, 140
Trd, 8639731.646, 140
Trd, 8639731.846, 140
Trd, 8639732.679, 140
Trd, 8639732.946, 140
Trd, 8639732.979, 139
Trd, 8639733.412, 140
Trd, 8639734.212, 140
Trd, 8639734.746, 140
Trd, 8639735.679, 140
Trd, 8639735.946, 140
Trd, 8639736.012, 139
Trd, 8639736.112, 139
Trd, 8639736.312, 140
Trd, 8639736.846, 140
Trd, 8639737.312, 140
Trd, 8639737.546, 140
Trd, 8639737.612, 138
Trd, 8639738.379, 140
Trd, 8639738.946, 140
Trd, 8639739.279, 140
Trd, 8639739.512, 140
Trd, 8639739.812, 140
Trd, 8639741.179, 140
Trd, 8639741.979, 140
Trd, 8639742.746, 140
Trd, 8639743.112, 140
Trd, 8639743.146, 140
Trd, 8639743.179, 140
Trd, 8639743.379, 140
Trd, 8639744.379, 140
Trd, 8639744.712, 140
Trd, 8639744.746, 140
Trd, 8639744.879, 140
Trd, 8639746.146, 140
Trd, 8639746.579, 140
Trd, 8639746.912, 140
Trd, 8639747.879, 140
Trd, 8639749.346, 140
Trd, 8639750.012, 140
Trd, 8639750.412, 140
Trd, 8639750.979, 140
Trd, 8639752.012, 140
Trd, 8639752.679, 140
Trd, 8639753.246, 140
Trd, 8639753.912, 140
Trd, 8639754.179, 140
Trd, 8639754.379, 140
Trd, 8639754.946, 140
Trd, 8639755.279, 140
Trd, 8639755.312, 140
Trd, 8639755.812, 140
Trd, 8639757.046, 140
Trd, 8639757.446, 140
Trd, 8639757.646, 140
Trd, 8639757.979, 140
Trd, 8639758.112, 140
Trd, 8639759.179, 140
Trd, 8639759.479, 140
Trd, 8639760.446, 140
Trd, 8639761.846, 140
Trd, 8639762.446, 140
Trd, 8639762.946, 140
Trd, 8639763.546, 140
Trd, 8639765.012, 140
Trd, 8639765.212, 140
Trd, 8639765.779, 140
Trd, 8639765.912, 140
Trd, 8639766.179, 140
Trd, 8639766.379, 140
Trd, 8639767.379, 140
Trd, 8639768.212, 140
Trd, 8639768.446, 140
Trd, 8639768.612, 140
Trd, 8639768.912, 140
Trd, 8639769.412, 140
Trd, 8639770.146, 140
Trd, 8639771.746, 140
Trd, 8639772.212, 140
Trd, 8639772.812, 140
Trd, 8639772.912, 140
Trd, 8639773.012, 140
Trd, 8639773.246, 139
Trd, 8639773.379, 140
Trd, 8639773.612, 139
Trd, 8639774.079, 138
Trd, 8639774.479, 140
Trd, 8639775.012, 140
Trd, 8639775.246, 139
Trd, 8639775.412, 140
Trd, 8639776.012, 136
Trd, 8639776.646, 106
Trd, 8639777.646, 140
Trd, 8639778.379, 140
Trd, 8639778.512, 140
Trd, 8639779.146, 140
Trd, 8639780.312, 140
Trd, 8639780.412, 140
Trd, 8639780.512, 140
Trd, 8639780.546, 140
Trd, 8639780.846, 140
Trd, 8639781.012, 139
Trd, 8639781.746, 140
Trd, 8639781.812, 140
Trd, 8639781.979, 139
Trd, 8639782.046, 140
Trd, 8639782.646, 138
Trd, 8639783.079, 125
Trd, 8639783.179, 137
Trd, 8639783.846, 140
Trd, 8639785.746, 140
Trd, 8639785.946, 140
Trd, 8639786.579, 140
Trd, 8639787.446, 140
Trd, 8639787.646, 140
Trd, 8639788.846, 140
Trd, 8639790.346, 140
Trd, 8639790.579, 140
Trd, 8639791.479, 140
Trd, 8639791.612, 140
Trd, 8639791.779, 140
Trd, 8639791.946, 140
Trd, 8639792.146, 140
Trd, 8639793.879, 140
Trd, 8639794.512, 140
Trd, 8639795.379, 140
Trd, 8639796.046, 140
Trd, 8639796.179, 140
Trd, 8639796.746, 140
Trd, 8639796.912, 140
Trd, 8639797.012, 140
Trd, 8639797.312, 140
Trd, 8639797.779, 140
Trd, 8639798.046, 140
Trd, 8639799.479, 140
Trd, 8639799.912, 140
Trd, 8639801.279, 140
Trd, 8639801.546, 140
Trd, 8639802.679, 140
Trd, 8639802.912, 140
Trd, 8639802.979, 140
Trd, 8639803.479, 140
Trd, 8639804.046, 140
Trd, 8639804.812, 140
Trd, 8639804.979, 140
Trd, 8639805.446, 140
Trd, 8639805.546, 140
Trd, 8639805.612, 139
Trd, 8639806.879, 140
Trd, 8639807.179, 139
Trd, 8639807.212, 139
Trd, 8639807.346, 139
Trd, 8639807.579, 115
Trd, 8639807.979, 140
Trd, 8639808.446, 140
Trd, 8639808.646, 139
Trd, 8639809.212, 140
Trd, 8639809.346, 140
Trd, 8639809.946, 140
Trd, 8639810.246, 140
Trd, 8639810.612, 138
Trd, 8639811.112, 140
Trd, 8639811.212, 139
Trd, 8639811.779, 140
Trd, 8639812.012, 140
Trd, 8639812.312, 139
Trd, 8639813.412, 140
Trd, 8639814.279, 140
Trd, 8639814.712, 140
Trd, 8639815.112, 140
Trd, 8639815.579, 140
Trd, 8639816.212, 140
Trd, 8639816.712, 140
Trd, 8639816.812, 140
Trd, 8639817.812, 140
Trd, 8639817.946, 140
Trd, 8639818.846, 140
Trd, 8639818.979, 140
Trd, 8639819.012, 140
Trd, 8639819.579, 140
Trd, 8639819.812, 140
Trd, 8639820.012, 140
Trd, 8639820.612, 140
Trd, 8639820.912, 140
Trd, 8639821.079, 140
Trd, 8639821.179, 140
Trd, 8639821.312, 136
Trd, 8639821.379, 114
Trd, 8639821.746, 140
Trd, 8639822.712, 140
Trd, 8639824.346, 140
Trd, 8639824.846, 140
Trd, 8639825.212, 140
Trd, 8639825.846, 140
Trd, 8639825.979, 140
Trd, 8639826.012, 140
Trd, 8639826.646, 140
Trd, 8639827.112, 140
Trd, 8639827.379, 140
Trd, 8639827.779, 140
Trd, 8639828.179, 139
Trd, 8639828.346, 140
Trd, 8639828.912, 140
Trd, 8639829.379, 140
Trd, 8639829.479, 140
Trd, 8639830.079, 140
Trd, 8639830.146, 139
Trd, 8639830.546, 139
Trd, 8639830.612, 139
Trd, 8639830.779, 74
Trd, 8639831.379, 140
Trd, 8639832.179, 140
Trd, 8639833.779, 140
Trd, 8639834.012, 140
Trd, 8639834.546, 140
Trd, 8639835.346, 140
Trd, 8639836.046, 140
Trd, 8639836.379, 140
Trd, 8639836.812, 140
Trd, 8639837.012, 140
Trd, 8639837.612, 140
Trd, 8639837.879, 140
Trd, 8639838.079, 140
Trd, 8639838.112, 140
Trd, 8639838.212, 139
Trd, 8639838.546, 137
Trd, 8639838.812, 139
Trd, 8639839.346, 139
Trd, 8639840.312, 140
Trd, 8639840.612, 140
Trd, 8639841.046, 111
Trd, 8639841.146, 109
Trd, 8639841.979, 140
Trd, 8639842.479, 140
Trd, 8639842.879, 140
Trd, 8639843.412, 140
Trd, 8639843.479, 140
Trd, 8639843.746, 140
Trd, 8639843.779, 140
Trd, 8639844.479, 140
Trd, 8639844.746, 140
Trd, 8639844.979, 140
Trd, 8639846.179, 136
Trd, 8639846.412, 138
Trd, 8639847.046, 140
Trd, 8639847.079, 140
Trd, 8639847.646, 140
Trd, 8639848.079, 140
Trd, 8639848.412, 140
Trd, 8639848.879, 140
Trd, 8639848.946, 140
Trd, 8639849.446, 140
Trd, 8639850.012, 140
Trd, 8639850.212, 140
Trd, 8639850.279, 140
Trd, 8639850.546, 62
Trd, 8639851.312, 140
Trd, 8639851.479, 139
Trd, 8639852.012, 140
Trd, 8639852.379, 140
Trd, 8639852.612, 140
Trd, 8639852.712, 140
Trd, 8639852.746, 140
Trd, 8639853.646, 140
Trd, 8639853.712, 104
Trd, 8639854.079, 60
Trd, 8639855.446, 60
Trd, 8639855.946, 60
Trd, 8639856.946, 60
Trd, 8639857.012, 60
Trd, 8639857.346, 60
Trd, 8639857.779, 60
Trd, 8639857.846, 60
Trd, 8639858.346, 60
Trd, 8639858.479, 60
Trd, 8639859.246, 61
Trd, 8639859.512, 63
Trd, 8639859.546, 60
Trd, 8639859.979, 61
Trd, 8639860.179, 61
Trd, 8639860.212, 84
Trd, 8639860.579, 140
Trd, 8639860.979, 63
Trd, 8639862.146, 138
Trd, 8639862.346, 130
Trd, 8639863.279, 140
Trd, 8639863.946, 140
Trd, 8639864.012, 140
Trd, 8639864.446, 139
Trd, 8639864.946, 138
Trd, 8639866.179, 139
Trd, 8639866.946, 140
Trd, 8639867.246, 140
Trd, 8639867.379, 140
Trd, 8639868.012, 140
Trd, 8639868.512, 140
Trd, 8639868.546, 140
Trd, 8639869.312, 140
Trd, 8639870.279, 140
Trd, 8639871.179, 140
Trd, 8639871.346, 140
Trd, 8639871.779, 140
Trd, 8639872.512, 140
Trd, 8639872.579, 140
Trd, 8639873.112, 140
Trd, 8639874.012, 140
Trd, 8639875.312, 140
Trd, 8639875.712, 139
Trd, 8639875.812, 138
Trd, 8639876.512, 140
Trd, 8639877.112, 140
Trd, 8639877.346, 140
Trd, 8639877.546, 140
Trd, 8639877.779, 140
Trd, 8639879.112, 140
Trd, 8639879.146, 140
Trd, 8639880.146, 140
Trd, 8639880.379, 140
Trd, 8639880.979, 140
Trd, 8639881.446, 138
Trd, 8639881.512, 139
Trd, 8639881.612, 136
Trd, 8639882.446, 140
Trd, 8639882.712, 140
Trd, 8639882.846, 140
Trd, 8639882.879, 140
Trd, 8639883.046, 140
Trd, 8639884.846, 140
Trd, 8639885.079, 140
Trd, 8639885.812, 140
Trd, 8639886.212, 140
Trd, 8639886.679, 132
Trd, 8639887.412, 140
Trd, 8639887.479, 140
Trd, 8639888.112, 140
Trd, 8639888.879, 140
Trd, 8639889.279, 140
Trd, 8639889.679, 140
Trd, 8639889.846, 140
Trd, 8639891.812, 140
Trd, 8639892.179, 140
Trd, 8639892.546, 140
Trd, 8639893.112, 140
Trd, 8639893.879, 140
Trd, 8639894.046, 140
Trd, 8639894.679, 140
Trd, 8639894.712, 140
Trd, 8639896.146, 140
Trd, 8639896.512, 140
Trd, 8639897.079, 140
Trd, 8639897.712, 140
Trd, 8639898.846, 140
Trd, 8639900.412, 140
Trd, 8639900.946, 140
Trd, 8639900.979, 140
Trd, 8639901.046, 140
Trd, 8639901.146, 140
Trd, 8639901.179, 140
Trd, 8639901.512, 139
Trd, 8639901.646, 138
Trd, 8639901.846, 140
Trd, 8639902.179, 139
Trd, 8639902.412, 138
Trd, 8639902.479, 137
Trd, 8639903.746, 140
Trd, 8639904.612, 140
Trd, 8639904.679, 140
Trd, 8639904.946, 140
Trd, 8639905.146, 140
Trd, 8639905.779, 140
Trd, 8639906.012, 140
Trd, 8639906.746, 140
Trd, 8639908.012, 140
Trd, 8639908.812, 140
Trd, 8639908.846, 140
Trd, 8639909.246, 140
Trd, 8639910.046, 140
Trd, 8639910.179, 140
Trd, 8639910.346, 140
Trd, 8639910.546, 140
Trd, 8639910.946, 139
Trd, 8639911.179, 139
Trd, 8639911.612, 139
Trd, 8639912.379, 140
Trd, 8639913.279, 140
Trd, 8639913.846, 140
Trd, 8639914.646, 140
Trd, 8639915.179, 140
Trd, 8639915.346, 140
Trd, 8639915.512, 140
Trd, 8639917.012, 140
Trd, 8639917.579, 140
Trd, 8639918.246, 140
Trd, 8639918.779, 140
Trd, 8639918.879, 140
Trd, 8639919.212, 140
Trd, 8639919.479, 140
Trd, 8639919.746, 140
Trd, 8639920.912, 140
Trd, 8639922.779, 140
Trd, 8639922.812, 140
Trd, 8639923.112, 140
Trd, 8639923.712, 140
Trd, 8639924.346, 140
Trd, 8639925.812, 140
Trd, 8639927.012, 140
Trd, 8639927.179, 140
Trd, 8639927.879, 140
Trd, 8639928.179, 140
Trd, 8639928.412, 140
Trd, 8639929.279, 140
Trd, 8639929.679, 140
Trd, 8639930.246, 140
Trd, 8639930.279, 140
Trd, 8639930.579, 140
Trd, 8639930.946, 140
Trd, 8639931.012, 140
Trd, 8639932.579, 140
Trd, 8639933.312, 140
Trd, 8639934.146, 140
Trd, 8639934.479, 140
Trd, 8639934.779, 140
Trd, 8639935.279, 140
Trd, 8639935.846, 140
Trd, 8639935.946, 140
Trd, 8639936.312, 140
Trd, 8639936.379, 140
Trd, 8639936.446, 140
Trd, 8639936.846, 140
Trd, 8639937.012, 140
Trd, 8639937.679, 140
Trd, 8639937.846, 140
Trd, 8639937.979, 140
Trd, 8639938.446, 140
Trd, 8639940.246, 140
Trd, 8639940.646, 140
Trd, 8639940.779, 140
Trd, 8639941.612, 140
Trd, 8639941.946, 140
Trd, 8639942.412, 140
Trd, 8639942.712, 140
Trd, 8639942.912, 140
Trd, 8639943.312, 140
Trd, 8639945.112, 140
Trd, 8639945.546, 140
Trd, 8639945.779, 139
Trd, 8639946.312, 140
Trd, 8639946.546, 140
Trd, 8639947.579, 140
Trd, 8639948.379, 140
Trd, 8639948.912, 140
Trd, 8639949.412, 140
Trd, 8639949.946, 139
Trd, 8639950.246, 140
Trd, 8639950.879, 140
Trd, 8639951.212, 140
Trd, 8639953.779, 140
Trd, 8639953.979, 140
Trd, 8639954.179, 140
Trd, 8639954.212, 140
Trd, 8639955.246, 140
Trd, 8639955.712, 140
Trd, 8639955.912, 140
Trd, 8639957.079, 140
Trd, 8639957.179, 140
Trd, 8639958.179, 140
Trd, 8639958.679, 140
Trd, 8639959.579, 140
Trd, 8639959.712, 140
Trd, 8639959.746, 140
Trd, 8639959.912, 140
Trd, 8639960.279, 139
Trd, 8639961.312, 140
Trd, 8639962.112, 140
Trd, 8639962.246, 140
Trd, 8639962.846, 140
Trd, 8639963.079, 140
Trd, 8639963.312, 139
Trd, 8639963.712, 139
Trd, 8639963.846, 140
Trd, 8639964.179, 130
Trd, 8639965.079, 140
Trd, 8639965.112, 140
Trd, 8639965.679, 137
Trd, 8639966.446, 138
Trd, 8639966.646, 139
Trd, 8639966.812, 136
Trd, 8639967.012, 137
Trd, 8639967.079, 140
Trd, 8639967.646, 139
Trd, 8639967.979, 139
Trd, 8639968.579, 139
Trd, 8639969.579, 140
Trd, 8639969.679, 140
Trd, 8639970.479, 140
Trd, 8639971.512, 140
Trd, 8639972.146, 140
Trd, 8639972.179, 140
Trd, 8639972.246, 140
Trd, 8639972.512, 140
Trd, 8639972.946, 140
Trd, 8639972.979, 140
Trd, 8639973.346, 137
Trd, 8639973.412, 140
Trd, 8639973.479, 70
Trd, 8639974.446, 140
Trd, 8639974.746, 140
Trd, 8639976.512, 140
Trd, 8639976.912, 140
Trd, 8639977.212, 140
Trd, 8639977.246, 140
Trd, 8639977.846, 140
Trd, 8639978.912, 140
Trd, 8639979.379, 140
Trd, 8639980.579, 140
Trd, 8639980.712, 140
Trd, 8639981.379, 140
Trd, 8639981.679, 140
Trd, 8639982.546, 140
Trd, 8639982.612, 140
Trd, 8639983.179, 140
Trd, 8639983.812, 140
Trd, 8639984.446, 140
Trd, 8639984.479, 140
Trd, 8639985.679, 140
Trd, 8639985.812, 140
Trd, 8639985.912, 140
Trd, 8639986.812, 140
Trd, 8639986.879, 140
Trd, 8639987.912, 140
Trd, 8639988.346, 139
Trd, 8639989.179, 140
Trd, 8639989.279, 140
Trd, 8639989.412, 140
Trd, 8639990.179, 140
Trd, 8639991.179, 140
Trd, 8639991.746, 140
Trd, 8639991.879, 138
Trd, 8639993.346, 140
Trd, 8639994.079, 140
Trd, 8639994.212, 140
Trd, 8639994.312, 140
Trd, 8639995.146, 140
Trd, 8639995.279, 140
Trd, 8639996.279, 140
Trd, 8639996.379, 140
Trd, 8639997.279, 140
Trd, 8639997.312, 140
Trd, 8639997.812, 140
Trd, 8639998.146, 140
Trd, 8639999.212, 140
