Trd, 8638795.212, 108
Trd, 8638795.412, 125
Trd, 8638795.946, 102
Trd, 8638796.112, 83
Trd, 8638796.579, 138
Trd, 8638796.646, 91
Trd, 8638796.946, 126
Trd, 8638797.079, 81
Trd, 8638797.612, 80
Trd, 8638797.679, 80
Trd, 8638797.712, 108
Trd, 8638798.846, 137
Trd, 8638799.479, 119
Trd, 8638800.612, 139
Trd, 8638800.646, 109
Trd, 8638801.546, 130
Trd, 8638802.112, 138
Trd, 8638803.112, 111
Trd, 8638803.412, 133
Trd, 8638803.512, 101
Trd, 8638803.679, 101
Trd, 8638804.079, 83
Trd, 8638804.946, 78
Trd, 8638805.212, 93
Trd, 8638805.312, 101
Trd, 8638805.412, 111
Trd, 8638805.479, 117
Trd, 8638806.412, 93
Trd, 8638806.546, 93
Trd, 8638806.812, 97
Trd, 8638807.212, 84
Trd, 8638807.246, 84
Trd, 8638807.412, 82
Trd, 8638807.546, 116
Trd, 8638808.612, 67
Trd, 8638808.946, 99
Trd, 8638809.746, 71
Trd, 8638811.079, 85
Trd, 8638811.579, 72
Trd, 8638811.846, 66
Trd, 8638812.279, 75
Trd, 8638812.379, 91
Trd, 8638812.612, 65
Trd, 8638812.912, 79
Trd, 8638813.912, 101
Trd, 8638814.246, 86
Trd, 8638814.479, 84
Trd, 8638814.846, 88
Trd, 8638814.979, 86
Trd, 8638815.179, 91
Trd, 8638815.546, 81
Trd, 8638815.846, 64
Trd, 8638816.379, 81
Trd, 8638817.512, 60
Trd, 8638817.912, 62
Trd, 8638818.446, 60
Trd, 8638818.779, 66
Trd, 8638818.912, 71
Trd, 8638819.212, 72
Trd, 8638820.646, 60
Trd, 8638820.779, 102
Trd, 8638820.879, 106
Trd, 8638821.779, 108
Trd, 8638821.812, 89
Trd, 8638823.012, 138
Trd, 8638823.479, 123
Trd, 8638823.612, 126
Trd, 8638823.646, 117
Trd, 8638824.179, 112
Trd, 8638825.179, 61
Trd, 8638825.412, 62
Trd, 8638826.012, 64
Trd, 8638826.912, 60
Trd, 8638827.012, 66
Trd, 8638827.779, 80
Trd, 8638827.846, 112
Trd, 8638828.312, 74
Trd, 8638828.579, 82
Trd, 8638828.979, 89
Trd, 8638829.746, 107
Trd, 8638830.046, 107
Trd, 8638830.512, 101
Trd, 8638830.946, 105
Trd, 8638831.112, 110
Trd, 8638831.279, 86
Trd, 8638832.112, 133
Trd, 8638832.512, 84
Trd, 8638832.746, 132
Trd, 8638832.979, 84
Trd, 8638833.546, 110
Trd, 8638833.979, 136
Trd, 8638834.646, 84
Trd, 8638834.812, 101
Trd, 8638834.846, 82
Trd, 8638835.612, 137
Trd, 8638836.312, 120
Trd, 8638836.379, 120
Trd, 8638837.279, 138
Trd, 8638837.379, 111
Trd, 8638837.579, 130
Trd, 8638837.779, 100
Trd, 8638838.746, 73
Trd, 8638838.846, 118
Trd, 8638839.879, 86
Trd, 8638839.979, 118
Trd, 8638840.279, 121
Trd, 8638840.346, 75
Trd, 8638840.812, 100
Trd, 8638841.212, 100
Trd, 8638842.379, 107
Trd, 8638842.546, 110
Trd, 8638842.646, 92
Trd, 8638842.746, 92
Trd, 8638842.812, 77
Trd, 8638843.279, 63
Trd, 8638843.312, 70
Trd, 8638843.679, 119
Trd, 8638844.079, 68
Trd, 8638844.546, 124
Trd, 8638845.212, 61
Trd, 8638846.879, 61
Trd, 8638847.112, 65
Trd, 8638847.312, 79
Trd, 8638848.179, 99
Trd, 8638848.712, 108
Trd, 8638848.846, 97
Trd, 8638848.946, 122
Trd, 8638849.579, 97
Trd, 8638849.812, 97
Trd, 8638849.846, 122
Trd, 8638849.946, 97
Trd, 8638850.146, 118
Trd, 8638850.646, 117
Trd, 8638850.879, 61
Trd, 8638851.246, 77
Trd, 8638851.646, 73
Trd, 8638851.746, 88
Trd, 8638852.012, 69
Trd, 8638852.546, 72
Trd, 8638852.946, 63
Trd, 8638853.379, 77
Trd, 8638853.512, 60
Trd, 8638854.212, 138
Trd, 8638854.512, 138
Trd, 8638855.079, 78
Trd, 8638855.479, 115
Trd, 8638856.779, 85
Trd, 8638857.079, 140
Trd, 8638857.112, 130
Trd, 8638857.912, 85
Trd, 8638858.246, 104
Trd, 8638858.312, 83
Trd, 8638858.746, 120
Trd, 8638859.279, 65
Trd, 8638859.446, 72
Trd, 8638859.679, 88
Trd, 8638859.746, 62
Trd, 8638860.112, 132
Trd, 8638860.179, 94
Trd, 8638860.446, 62
Trd, 8638861.912, 73
Trd, 8638862.412, 64
Trd, 8638862.679, 66
Trd, 8638862.979, 71
Trd, 8638864.546, 77
Trd, 8638865.112, 71
Trd, 8638865.346, 135
Trd, 8638865.379, 107
Trd, 8638865.412, 66
Trd, 8638865.679, 136
Trd, 8638866.046, 115
Trd, 8638866.079, 115
Trd, 8638866.179, 88
Trd, 8638866.679, 60
Trd, 8638866.746, 60
Trd, 8638868.179, 73
Trd, 8638868.379, 77
Trd, 8638869.346, 60
Trd, 8638869.479, 60
Trd, 8638870.112, 116
Trd, 8638870.979, 138
Trd, 8638871.146, 128
Trd, 8638871.646, 84
Trd, 8638872.846, 140
Trd, 8638872.912, 117
Trd, 8638873.579, 128
Trd, 8638873.646, 120
Trd, 8638874.312, 102
Trd, 8638874.546, 105
Trd, 8638874.912, 99
Trd, 8638875.312, 117
Trd, 8638876.312, 140
Trd, 8638876.879, 122
Trd, 8638877.146, 122
Trd, 8638877.412, 128
Trd, 8638877.646, 97
Trd, 8638878.212, 131
Trd, 8638878.379, 111
Trd, 8638879.179, 122
Trd, 8638879.446, 122
Trd, 8638879.512, 122
Trd, 8638879.712, 109
Trd, 8638879.846, 100
Trd, 8638880.612, 87
Trd, 8638881.612, 114
Trd, 8638882.012, 112
Trd, 8638882.212, 111
Trd, 8638882.279, 99
Trd, 8638882.712, 69
Trd, 8638883.479, 115
Trd, 8638884.012, 91
Trd, 8638884.579, 123
Trd, 8638885.446, 104
Trd, 8638885.579, 104
Trd, 8638885.679, 95
Trd, 8638886.112, 92
Trd, 8638886.379, 106
Trd, 8638886.612, 126
Trd, 8638887.412, 99
Trd, 8638887.646, 126
Trd, 8638887.846, 121
Trd, 8638887.912, 111
Trd, 8638888.512, 123
Trd, 8638888.546, 85
Trd, 8638888.679, 85
Trd, 8638888.712, 76
Trd, 8638888.812, 140
Trd, 8638889.612, 113
Trd, 8638891.412, 102
Trd, 8638891.446, 86
Trd, 8638891.946, 108
Trd, 8638892.879, 136
Trd, 8638893.346, 136
Trd, 8638893.646, 135
Trd, 8638893.712, 132
Trd, 8638894.346, 124
Trd, 8638894.646, 119
Trd, 8638894.912, 107
Trd, 8638895.179, 102
Trd, 8638895.546, 109
Trd, 8638895.646, 87
Trd, 8638895.979, 81
Trd, 8638896.046, 79
Trd, 8638896.179, 77
Trd, 8638896.246, 63
Trd, 8638897.012, 96
Trd, 8638897.679, 125
Trd, 8638898.112, 70
Trd, 8638899.546, 101
Trd, 8638899.912, 95
Trd, 8638900.046, 88
Trd, 8638900.479, 112
Trd, 8638900.579, 82
Trd, 8638900.746, 82
Trd, 8638901.146, 76
Trd, 8638902.112, 78
Trd, 8638902.212, 102
Trd, 8638902.612, 62
Trd, 8638903.612, 60
Trd, 8638903.779, 60
Trd, 8638904.079, 122
Trd, 8638904.646, 95
Trd, 8638904.746, 77
Trd, 8638904.946, 124
Trd, 8638905.346, 82
Trd, 8638906.212, 97
Trd, 8638906.679, 99
Trd, 8638907.612, 140
Trd, 8638907.679, 88
Trd, 8638907.979, 66
Trd, 8638908.746, 71
Trd, 8638909.646, 61
Trd, 8638909.879, 62
Trd, 8638909.912, 72
Trd, 8638910.179, 89
Trd, 8638910.479, 65
Trd, 8638911.312, 68
Trd, 8638912.212, 94
Trd, 8638912.546, 111
Trd, 8638912.579, 107
Trd, 8638913.579, 75
Trd, 8638913.712, 89
Trd, 8638914.046, 91
Trd, 8638914.246, 61
Trd, 8638915.079, 140
Trd, 8638915.246, 139
Trd, 8638915.679, 124
Trd, 8638916.479, 135
Trd, 8638916.546, 110
Trd, 8638916.746, 109
Trd, 8638916.812, 94
Trd, 8638917.412, 90
Trd, 8638917.612, 123
Trd, 8638918.046, 66
Trd, 8638918.579, 60
Trd, 8638918.912, 60
Trd, 8638919.746, 68
Trd, 8638919.979, 87
Trd, 8638920.912, 75
Trd, 8638921.012, 92
Trd, 8638921.046, 97
Trd, 8638921.246, 76
Trd, 8638922.279, 117
Trd, 8638922.412, 100
Trd, 8638924.312, 139
Trd, 8638924.379, 137
Trd, 8638924.479, 133
Trd, 8638924.946, 137
Trd, 8638925.279, 131
Trd, 8638925.712, 118
Trd, 8638926.712, 111
Trd, 8638926.812, 112
Trd, 8638926.912, 130
Trd, 8638927.346, 97
Trd, 8638927.446, 90
Trd, 8638927.546, 87
Trd, 8638928.546, 104
Trd, 8638929.079, 104
Trd, 8638929.412, 90
Trd, 8638929.512, 86
Trd, 8638929.879, 107
Trd, 8638930.479, 85
Trd, 8638931.679, 79
Trd, 8638932.012, 61
Trd, 8638932.446, 86
Trd, 8638932.479, 130
Trd, 8638932.612, 74
Trd, 8638933.446, 68
Trd, 8638933.546, 62
Trd, 8638933.879, 93
Trd, 8638933.912, 79
Trd, 8638934.079, 83
Trd, 8638934.912, 79
Trd, 8638935.279, 65
Trd, 8638935.712, 64
Trd, 8638936.079, 71
Trd, 8638936.446, 73
Trd, 8638937.079, 70
Trd, 8638937.146, 78
Trd, 8638937.346, 113
Trd, 8638938.212, 80
Trd, 8638938.946, 81
Trd, 8638939.912, 78
Trd, 8638941.146, 104
Trd, 8638942.179, 97
Trd, 8638942.312, 97
Trd, 8638942.479, 97
Trd, 8638942.912, 133
Trd, 8638943.346, 62
Trd, 8638943.746, 63
Trd, 8638944.012, 68
Trd, 8638944.412, 79
Trd, 8638944.579, 100
Trd, 8638944.646, 65
Trd, 8638944.946, 79
Trd, 8638945.479, 118
Trd, 8638945.546, 96
Trd, 8638946.146, 66
Trd, 8638946.446, 113
Trd, 8638946.512, 113
Trd, 8638947.279, 73
Trd, 8638947.779, 61
Trd, 8638947.946, 64
Trd, 8638949.579, 108
Trd, 8638950.079, 62
Trd, 8638950.412, 98
Trd, 8638950.679, 79
Trd, 8638950.812, 109
Trd, 8638951.346, 116
Trd, 8638951.546, 87
Trd, 8638951.912, 83
Trd, 8638952.679, 108
Trd, 8638952.712, 90
Trd, 8638953.079, 81
Trd, 8638953.712, 116
Trd, 8638954.112, 128
Trd, 8638954.312, 109
Trd, 8638954.879, 127
Trd, 8638955.046, 100
Trd, 8638955.146, 97
Trd, 8638955.312, 97
Trd, 8638956.112, 137
Trd, 8638956.479, 88
Trd, 8638958.279, 87
Trd, 8638958.746, 98
Trd, 8638958.779, 103
Trd, 8638958.812, 97
Trd, 8638959.012, 99
Trd, 8638959.212, 88
Trd, 8638959.579, 79
Trd, 8638959.812, 86
Trd, 8638959.879, 78
Trd, 8638960.179, 76
Trd, 8638960.579, 90
Trd, 8638960.779, 105
Trd, 8638961.212, 138
Trd, 8638961.879, 72
Trd, 8638962.546, 69
Trd, 8638962.646, 87
Trd, 8638963.179, 109
Trd, 8638963.246, 98
Trd, 8638963.446, 120
Trd, 8638963.879, 71
Trd, 8638964.246, 102
Trd, 8638964.679, 103
Trd, 8638964.946, 100
Trd, 8638965.112, 82
Trd, 8638965.646, 82
Trd, 8638966.712, 115
Trd, 8638966.912, 115
Trd, 8638967.979, 135
Trd, 8638968.212, 138
Trd, 8638968.879, 128
Trd, 8638969.046, 125
Trd, 8638969.079, 110
Trd, 8638969.379, 105
Trd, 8638969.579, 89
Trd, 8638969.946, 106
Trd, 8638971.212, 97
Trd, 8638972.379, 98
Trd, 8638972.612, 108
Trd, 8638973.079, 139
Trd, 8638973.746, 90
Trd, 8638974.846, 135
Trd, 8638975.012, 134
Trd, 8638975.312, 101
Trd, 8638975.346, 92
Trd, 8638975.512, 78
Trd, 8638975.646, 94
Trd, 8638976.479, 117
Trd, 8638976.946, 115
Trd, 8638977.012, 100
Trd, 8638977.246, 60
Trd, 8638978.246, 80
Trd, 8638978.512, 80
Trd, 8638978.579, 93
Trd, 8638978.779, 139
Trd, 8638978.879, 69
Trd, 8638980.112, 62
Trd, 8638980.212, 65
Trd, 8638980.479, 60
Trd, 8638980.779, 122
Trd, 8638981.079, 130
Trd, 8638982.079, 61
Trd, 8638982.546, 63
Trd, 8638982.679, 136
Trd, 8638983.512, 98
Trd, 8638983.712, 119
Trd, 8638984.246, 74
Trd, 8638984.412, 62
Trd, 8638984.712, 72
Trd, 8638985.646, 74
Trd, 8638985.746, 77
Trd, 8638985.846, 71
Trd, 8638986.112, 76
Trd, 8638986.612, 89
Trd, 8638986.779, 71
Trd, 8638987.179, 64
Trd, 8638987.612, 107
Trd, 8638988.446, 139
Trd, 8638988.812, 113
Trd, 8638989.612, 79
Trd, 8638989.679, 76
Trd, 8638989.812, 90
Trd, 8638990.012, 90
Trd, 8638990.746, 101
Trd, 8638991.112, 69
Trd, 8638991.546, 85
Trd, 8638992.179, 132
Trd, 8638992.612, 69
Trd, 8638993.346, 140
Trd, 8638993.379, 123
Trd, 8638993.679, 119
Trd, 8638994.446, 138
Trd, 8638994.979, 140
Trd, 8638996.079, 134
Trd, 8638996.146, 124
Trd, 8638996.179, 117
Trd, 8638996.712, 105
Trd, 8638996.812, 105
Trd, 8638997.379, 109
Trd, 8638997.479, 96
Trd, 8638997.546, 86
Trd, 8638997.912, 80
Trd, 8638998.046, 74
Trd, 8638998.479, 66
Trd, 8638998.946, 137
Trd, 8638999.846, 61
Trd, 8639000.746, 95
Trd, 8639001.346, 89
Trd, 8639002.079, 93
Trd, 8639002.379, 97
Trd, 8639002.479, 98
Trd, 8639002.512, 115
Trd, 8639002.779, 134
Trd, 8639003.012, 97
Trd, 8639003.079, 97
Trd, 8639003.179, 110
Trd, 8639003.612, 83
Trd, 8639004.746, 76
Trd, 8639004.912, 96
Trd, 8639004.979, 67
Trd, 8639005.679, 82
Trd, 8639006.879, 73
Trd, 8639007.046, 66
Trd, 8639007.212, 102
Trd, 8639007.479, 67
Trd, 8639007.712, 118
Trd, 8639008.179, 103
Trd, 8639008.279, 100
Trd, 8639008.612, 128
Trd, 8639009.012, 100
Trd, 8639009.312, 113
Trd, 8639009.346, 120
Trd, 8639009.846, 96
Trd, 8639010.079, 61
Trd, 8639010.979, 79
Trd, 8639011.546, 81
Trd, 8639011.746, 80
Trd, 8639011.779, 75
Trd, 8639011.946, 69
Trd, 8639012.346, 65
Trd, 8639012.746, 107
Trd, 8639013.579, 80
Trd, 8639013.846, 78
Trd, 8639015.412, 60
Trd, 8639015.579, 62
Trd, 8639015.646, 65
Trd, 8639015.779, 63
Trd, 8639015.879, 62
Trd, 8639017.246, 74
Trd, 8639017.979, 98
Trd, 8639018.046, 74
Trd, 8639018.912, 112
Trd, 8639019.079, 106
Trd, 8639019.312, 122
Trd, 8639019.746, 67
Trd, 8639020.546, 88
Trd, 8639020.646, 100
Trd, 8639020.746, 100
Trd, 8639021.246, 81
Trd, 8639021.379, 69
Trd, 8639022.912, 137
Trd, 8639023.346, 136
Trd, 8639023.379, 117
Trd, 8639023.546, 136
Trd, 8639024.512, 123
Trd, 8639024.579, 95
Trd, 8639024.946, 62
Trd, 8639025.546, 94
Trd, 8639026.379, 139
Trd, 8639026.979, 137
Trd, 8639027.712, 138
Trd, 8639027.946, 137
Trd, 8639028.079, 137
Trd, 8639028.812, 140
Trd, 8639029.112, 134
Trd, 8639029.379, 122
Trd, 8639029.412, 112
Trd, 8639029.646, 133
Trd, 8639029.979, 107
Trd, 8639031.212, 83
Trd, 8639031.279, 75
Trd, 8639031.612, 112
Trd, 8639031.879, 127
Trd, 8639032.112, 107
Trd, 8639032.179, 107
Trd, 8639032.512, 116
Trd, 8639032.712, 93
Trd, 8639034.179, 70
Trd, 8639034.579, 101
Trd, 8639035.179, 69
Trd, 8639035.412, 77
Trd, 8639035.646, 64
Trd, 8639036.179, 61
Trd, 8639037.146, 98
Trd, 8639037.179, 95
Trd, 8639038.146, 63
Trd, 8639038.812, 101
Trd, 8639038.912, 101
Trd, 8639038.979, 85
Trd, 8639039.679, 138
Trd, 8639039.946, 120
Trd, 8639040.512, 115
Trd, 8639041.246, 127
Trd, 8639041.412, 109
Trd, 8639041.512, 122
Trd, 8639042.012, 125
Trd, 8639043.079, 139
Trd, 8639043.212, 139
Trd, 8639043.279, 125
Trd, 8639043.379, 115
Trd, 8639044.079, 115
Trd, 8639044.779, 116
Trd, 8639045.346, 111
Trd, 8639045.612, 119
Trd, 8639045.846, 111
Trd, 8639045.912, 120
Trd, 8639046.179, 98
Trd, 8639047.046, 85
Trd, 8639047.279, 62
Trd, 8639047.512, 84
Trd, 8639048.379, 103
Trd, 8639048.646, 93
Trd, 8639049.112, 117
Trd, 8639049.846, 89
Trd, 8639050.046, 86
Trd, 8639050.279, 68
Trd, 8639050.879, 61
Trd, 8639051.012, 96
Trd, 8639051.579, 122
Trd, 8639051.679, 94
Trd, 8639052.112, 74
Trd, 8639052.579, 83
Trd, 8639052.612, 125
Trd, 8639054.046, 98
Trd, 8639054.979, 82
Trd, 8639055.312, 108
Trd, 8639055.812, 108
Trd, 8639056.112, 118
Trd, 8639056.179, 108
Trd, 8639056.212, 92
Trd, 8639056.612, 95
Trd, 8639056.946, 133
Trd, 8639057.546, 64
Trd, 8639057.979, 85
Trd, 8639058.212, 83
Trd, 8639058.346, 107
Trd, 8639058.512, 112
Trd, 8639059.212, 83
Trd, 8639059.546, 130
Trd, 8639060.646, 113
Trd, 8639061.179, 101
Trd, 8639061.612, 113
Trd, 8639061.879, 132
Trd, 8639062.346, 102
Trd, 8639062.479, 102
Trd, 8639063.012, 104
Trd, 8639063.279, 94
Trd, 8639063.479, 140
Trd, 8639063.546, 88
Trd, 8639064.046, 110
Trd, 8639065.546, 102
Trd, 8639065.579, 98
Trd, 8639066.112, 108
Trd, 8639066.312, 103
Trd, 8639066.646, 72
Trd, 8639067.112, 119
Trd, 8639067.379, 85
Trd, 8639067.779, 136
Trd, 8639068.046, 106
Trd, 8639068.879, 106
Trd, 8639068.979, 117
Trd, 8639069.046, 96
Trd, 8639069.546, 132
Trd, 8639069.746, 115
Trd, 8639069.912, 119
Trd, 8639070.846, 127
Trd, 8639071.179, 122
Trd, 8639071.246, 98
Trd, 8639071.379, 113
Trd, 8639071.479, 94
Trd, 8639071.612, 138
Trd, 8639072.012, 88
Trd, 8639072.712, 68
Trd, 8639074.012, 93
Trd, 8639074.046, 113
Trd, 8639074.846, 117
Trd, 8639075.012, 93
Trd, 8639075.312, 67
Trd, 8639075.912, 64
Trd, 8639076.279, 68
Trd, 8639077.279, 79
Trd, 8639077.412, 79
Trd, 8639077.446, 64
Trd, 8639077.546, 68
Trd, 8639077.679, 101
Trd, 8639078.246, 121
Trd, 8639079.079, 66
Trd, 8639079.112, 69
Trd, 8639079.179, 83
Trd, 8639079.746, 137
Trd, 8639079.946, 100
Trd, 8639080.112, 132
Trd, 8639080.446, 87
Trd, 8639081.246, 61
Trd, 8639081.779, 93
Trd, 8639082.412, 100
Trd, 8639082.912, 110
Trd, 8639083.312, 140
Trd, 8639083.346, 138
Trd, 8639083.479, 75
Trd, 8639083.612, 74
Trd, 8639084.812, 60
Trd, 8639085.312, 66
Trd, 8639085.646, 72
Trd, 8639086.979, 93
Trd, 8639087.112, 121
Trd, 8639087.146, 88
Trd, 8639087.379, 85
Trd, 8639087.546, 63
Trd, 8639088.079, 69
Trd, 8639088.146, 91
Trd, 8639088.246, 122
Trd, 8639088.846, 120
Trd, 8639089.446, 76
Trd, 8639089.679, 75
Trd, 8639090.079, 64
Trd, 8639090.179, 90
Trd, 8639090.412, 82
Trd, 8639091.279, 106
Trd, 8639091.779, 105
Trd, 8639092.146, 107
Trd, 8639092.279, 105
Trd, 8639092.312, 95
Trd, 8639092.979, 90
Trd, 8639093.212, 130
Trd, 8639093.879, 91
Trd, 8639094.046, 86
Trd, 8639094.779, 128
Trd, 8639095.312, 98
Trd, 8639095.479, 98
Trd, 8639095.612, 90
Trd, 8639095.646, 82
Trd, 8639096.712, 140
Trd, 8639097.212, 134
Trd, 8639097.312, 134
Trd, 8639097.779, 120
Trd, 8639098.312, 139
Trd, 8639098.379, 109
Trd, 8639099.279, 118
Trd, 8639099.446, 96
Trd, 8639099.546, 86
Trd, 8639100.546, 131
Trd, 8639100.579, 117
Trd, 8639101.046, 130
Trd, 8639101.279, 127
Trd, 8639101.679, 113
Trd, 8639102.112, 86
Trd, 8639102.546, 125
Trd, 8639102.812, 139
Trd, 8639103.212, 118
Trd, 8639103.912, 96
Trd, 8639104.146, 105
Trd, 8639104.546, 121
Trd, 8639104.779, 121
Trd, 8639105.646, 113
Trd, 8639105.679, 110
Trd, 8639105.812, 101
Trd, 8639106.146, 92
Trd, 8639107.179, 109
Trd, 8639107.312, 137
Trd, 8639107.346, 88
Trd, 8639107.912, 132
Trd, 8639108.079, 104
Trd, 8639109.546, 96
Trd, 8639109.746, 128
Trd, 8639110.279, 91
Trd, 8639111.112, 74
Trd, 8639111.346, 87
Trd, 8639112.346, 84
Trd, 8639112.412, 102
Trd, 8639112.746, 117
Trd, 8639112.812, 91
Trd, 8639113.146, 87
Trd, 8639113.412, 101
Trd, 8639113.712, 87
Trd, 8639113.946, 71
Trd, 8639114.479, 134
Trd, 8639114.712, 133
Trd, 8639114.979, 99
Trd, 8639115.512, 76
Trd, 8639116.312, 65
Trd, 8639117.012, 65
Trd, 8639117.046, 67
Trd, 8639118.512, 76
Trd, 8639119.012, 70
Trd, 8639119.112, 106
Trd, 8639119.312, 67
Trd, 8639119.846, 69
Trd, 8639120.679, 97
Trd, 8639121.112, 81
Trd, 8639121.212, 73
Trd, 8639121.546, 72
Trd, 8639122.212, 137
Trd, 8639122.579, 94
Trd, 8639122.912, 111
Trd, 8639123.412, 130
Trd, 8639123.546, 127
Trd, 8639123.979, 121
Trd, 8639124.146, 99
Trd, 8639124.246, 99
Trd, 8639124.579, 111
Trd, 8639125.246, 76
Trd, 8639125.779, 63
Trd, 8639126.779, 140
Trd, 8639127.112, 122
Trd, 8639127.179, 73
Trd, 8639128.146, 67
Trd, 8639128.246, 68
Trd, 8639128.379, 76
Trd, 8639128.446, 78
Trd, 8639129.079, 95
Trd, 8639130.179, 102
Trd, 8639130.712, 99
Trd, 8639130.979, 109
Trd, 8639132.079, 112
Trd, 8639132.279, 123
Trd, 8639132.546, 112
Trd, 8639132.946, 102
Trd, 8639133.246, 73
Trd, 8639133.579, 134
Trd, 8639133.646, 101
Trd, 8639133.879, 126
Trd, 8639134.112, 62
Trd, 8639134.546, 139
Trd, 8639134.912, 111
Trd, 8639135.579, 140
Trd, 8639136.412, 94
Trd, 8639136.679, 92
Trd, 8639137.512, 84
Trd, 8639138.012, 101
Trd, 8639138.712, 63
Trd, 8639138.812, 81
Trd, 8639139.046, 69
Trd, 8639139.679, 63
Trd, 8639140.979, 62
Trd, 8639141.046, 64
Trd, 8639141.112, 71
Trd, 8639141.579, 62
Trd, 8639142.179, 67
Trd, 8639142.212, 75
Trd, 8639142.912, 94
Trd, 8639144.012, 96
Trd, 8639144.112, 108
Trd, 8639144.546, 137
Trd, 8639144.679, 140
Trd, 8639144.946, 88
Trd, 8639145.579, 136
Trd, 8639145.646, 63
Trd, 8639145.946, 123
Trd, 8639146.546, 98
Trd, 8639147.212, 82
Trd, 8639148.012, 79
Trd, 8639148.579, 121
Trd, 8639148.779, 82
Trd, 8639149.746, 116
Trd, 8639150.279, 126
Trd, 8639150.912, 126
Trd, 8639151.746, 139
Trd, 8639152.012, 139
Trd, 8639152.412, 107
Trd, 8639152.546, 113
Trd, 8639152.646, 106
Trd, 8639153.246, 61
Trd, 8639153.779, 61
Trd, 8639154.046, 88
Trd, 8639154.446, 108
Trd, 8639154.746, 110
Trd, 8639154.879, 122
Trd, 8639155.979, 138
Trd, 8639156.512, 138
Trd, 8639157.179, 135
Trd, 8639157.446, 123
Trd, 8639157.479, 92
Trd, 8639158.279, 125
Trd, 8639158.446, 126
Trd, 8639158.479, 109
Trd, 8639158.646, 89
Trd, 8639159.879, 91
Trd, 8639160.046, 71
Trd, 8639160.279, 124
Trd, 8639160.612, 81
Trd, 8639161.512, 60
Trd, 8639161.746, 67
Trd, 8639162.012, 82
Trd, 8639162.379, 111
Trd, 8639162.646, 113
Trd, 8639162.879, 132
Trd, 8639163.346, 131
Trd, 8639163.679, 139
Trd, 8639164.446, 137
Trd, 8639164.579, 138
Trd, 8639164.746, 138
Trd, 8639165.212, 127
Trd, 8639165.679, 78
Trd, 8639166.412, 65
Trd, 8639167.079, 68
Trd, 8639167.146, 79
Trd, 8639167.579, 123
Trd, 8639167.812, 106
Trd, 8639168.346, 94
Trd, 8639168.746, 112
Trd, 8639168.946, 67
Trd, 8639169.912, 133
Trd, 8639170.279, 133
Trd, 8639170.912, 98
Trd, 8639171.112, 106
Trd, 8639171.612, 90
Trd, 8639171.979, 136
Trd, 8639172.179, 66
Trd, 8639172.746, 86
Trd, 8639173.012, 127
Trd, 8639173.712, 137
Trd, 8639173.846, 125
Trd, 8639174.246, 127
Trd, 8639174.546, 96
Trd, 8639174.879, 74
Trd, 8639176.379, 139
Trd, 8639176.712, 125
Trd, 8639177.679, 126
Trd, 8639178.346, 126
Trd, 8639178.612, 117
Trd, 8639178.646, 106
Trd, 8639179.079, 128
Trd, 8639179.146, 99
Trd, 8639180.112, 97
Trd, 8639180.546, 97
Trd, 8639181.012, 100
Trd, 8639181.479, 95
Trd, 8639181.879, 113
Trd, 8639182.079, 124
Trd, 8639182.412, 135
Trd, 8639182.846, 84
Trd, 8639183.146, 127
Trd, 8639183.279, 126
Trd, 8639183.446, 95
Trd, 8639184.179, 80
Trd, 8639184.346, 60
Trd, 8639184.512, 65
Trd, 8639185.412, 106
Trd, 8639186.379, 85
Trd, 8639186.779, 107
Trd, 8639186.846, 100
Trd, 8639187.279, 67
Trd, 8639187.846, 107
Trd, 8639187.946, 75
Trd, 8639188.379, 118
Trd, 8639188.612, 111
Trd, 8639188.979, 121
Trd, 8639190.746, 130
Trd, 8639190.946, 121
Trd, 8639191.046, 114
Trd, 8639191.246, 112
Trd, 8639191.646, 106
Trd, 8639191.879, 88
Trd, 8639192.746, 85
Trd, 8639193.112, 81
Trd, 8639193.746, 78
Trd, 8639193.912, 83
Trd, 8639194.179, 83
Trd, 8639194.446, 60
Trd, 8639194.879, 82
Trd, 8639194.912, 94
Trd, 8639195.046, 82
Trd, 8639195.479, 139
Trd, 8639196.379, 77
Trd, 8639196.912, 69
Trd, 8639197.446, 88
Trd, 8639197.779, 106
Trd, 8639198.012, 102
Trd, 8639198.446, 81
Trd, 8639198.779, 76
Trd, 8639199.112, 67
Trd, 8639199.312, 103
Trd, 8639199.479, 118
Trd, 8639199.846, 136
Trd, 8639200.412, 95
Trd, 8639201.079, 93
Trd, 8639201.246, 108
Trd, 8639201.679, 93
Trd, 8639201.846, 93
Trd, 8639201.879, 92
Trd, 8639202.479, 121
Trd, 8639202.812, 69
Trd, 8639203.246, 117
Trd, 8639203.346, 98
Trd, 8639203.912, 131
Trd, 8639204.446, 134
Trd, 8639204.979, 126
Trd, 8639205.512, 109
Trd, 8639205.779, 109
Trd, 8639206.212, 68
Trd, 8639206.746, 96
Trd, 8639206.846, 78
Trd, 8639207.546, 116
Trd, 8639207.579, 100
Trd, 8639207.612, 95
Trd, 8639207.679, 76
Trd, 8639208.212, 111
Trd, 8639209.246, 124
Trd, 8639209.279, 121
Trd, 8639209.579, 60
Trd, 8639210.212, 61
Trd, 8639210.346, 100
Trd, 8639211.212, 102
Trd, 8639212.112, 68
Trd, 8639212.246, 67
Trd, 8639212.546, 66
Trd, 8639212.712, 87
Trd, 8639212.746, 117
Trd, 8639213.112, 140
Trd, 8639213.512, 100
Trd, 8639213.646, 87
Trd, 8639214.146, 131
Trd, 8639214.579, 82
Trd, 8639215.746, 86
Trd, 8639215.946, 86
Trd, 8639216.546, 83
Trd, 8639216.912, 83
Trd, 8639217.679, 73
Trd, 8639218.112, 106
Trd, 8639218.346, 86
Trd, 8639218.846, 105
Trd, 8639219.346, 102
Trd, 8639219.712, 82
Trd, 8639219.846, 131
Trd, 8639220.446, 69
Trd, 8639220.779, 72
Trd, 8639220.812, 107
Trd, 8639221.012, 136
Trd, 8639221.446, 81
Trd, 8639221.579, 87
Trd, 8639222.079, 66
Trd, 8639222.779, 90
Trd, 8639223.879, 137
Trd, 8639223.912, 124
Trd, 8639224.346, 137
Trd, 8639224.446, 133
Trd, 8639224.546, 110
Trd, 8639225.646, 116
Trd, 8639225.946, 126
Trd, 8639226.346, 108
Trd, 8639226.579, 107
Trd, 8639226.812, 120
Trd, 8639226.846, 120
Trd, 8639227.246, 119
Trd, 8639228.779, 119
Trd, 8639229.179, 89
Trd, 8639229.412, 88
Trd, 8639230.112, 91
Trd, 8639230.312, 93
Trd, 8639230.679, 126
Trd, 8639230.846, 126
Trd, 8639231.046, 128
Trd, 8639231.412, 64
Trd, 8639231.512, 106
Trd, 8639231.779, 64
Trd, 8639232.679, 81
Trd, 8639232.912, 61
Trd, 8639233.846, 70
Trd, 8639234.179, 121
Trd, 8639234.212, 111
Trd, 8639234.512, 124
Trd, 8639235.612, 63
Trd, 8639236.279, 70
Trd, 8639236.346, 66
Trd, 8639236.412, 91
Trd, 8639236.546, 98
Trd, 8639237.679, 80
Trd, 8639237.879, 71
Trd, 8639237.979, 128
Trd, 8639238.579, 114
Trd, 8639239.079, 66
Trd, 8639239.712, 89
Trd, 8639239.879, 127
Trd, 8639240.212, 72
Trd, 8639240.279, 136
Trd, 8639240.946, 101
Trd, 8639241.712, 107
Trd, 8639242.312, 88
Trd, 8639243.646, 140
Trd, 8639243.979, 139
Trd, 8639244.646, 125
Trd, 8639244.812, 109
Trd, 8639245.079, 136
Trd, 8639245.212, 104
Trd, 8639245.612, 139
Trd, 8639246.146, 117
Trd, 8639246.212, 117
Trd, 8639246.446, 82
Trd, 8639246.746, 61
Trd, 8639247.279, 77
Trd, 8639247.846, 75
Trd, 8639248.412, 64
Trd, 8639248.946, 71
Trd, 8639249.012, 101
Trd, 8639249.746, 78
Trd, 8639249.912, 75
Trd, 8639250.479, 135
Trd, 8639250.612, 98
Trd, 8639250.746, 63
Trd, 8639251.912, 67
Trd, 8639252.379, 103
Trd, 8639252.479, 105
Trd, 8639253.479, 97
Trd, 8639254.012, 60
Trd, 8639254.279, 60
Trd, 8639254.346, 70
Trd, 8639254.912, 71
Trd, 8639255.179, 69
Trd, 8639255.279, 97
Trd, 8639255.612, 138
Trd, 8639255.846, 61
Trd, 8639256.412, 64
Trd, 8639257.779, 63
Trd, 8639258.046, 96
Trd, 8639258.546, 62
Trd, 8639258.812, 98
Trd, 8639259.079, 62
Trd, 8639259.512, 74
Trd, 8639259.646, 88
Trd, 8639260.279, 64
Trd, 8639261.512, 107
Trd, 8639261.779, 139
Trd, 8639261.979, 138
Trd, 8639262.479, 102
Trd, 8639263.079, 133
Trd, 8639263.646, 140
Trd, 8639263.712, 136
Trd, 8639264.046, 104
Trd, 8639264.579, 97
Trd, 8639265.112, 79
Trd, 8639265.646, 80
Trd, 8639266.346, 137
Trd, 8639266.446, 127
Trd, 8639266.546, 117
Trd, 8639266.579, 81
Trd, 8639266.812, 69
Trd, 8639267.446, 74
Trd, 8639268.412, 63
Trd, 8639268.746, 86
Trd, 8639269.279, 114
Trd, 8639269.446, 100
Trd, 8639269.546, 92
Trd, 8639270.112, 67
Trd, 8639270.946, 99
Trd, 8639271.579, 95
Trd, 8639272.179, 127
Trd, 8639272.412, 135
Trd, 8639272.479, 104
Trd, 8639272.579, 87
Trd, 8639273.046, 87
Trd, 8639273.812, 120
Trd, 8639274.246, 107
Trd, 8639275.546, 124
Trd, 8639275.746, 111
Trd, 8639276.346, 63
Trd, 8639276.779, 65
Trd, 8639277.046, 112
Trd, 8639277.579, 98
Trd, 8639278.146, 78
Trd, 8639278.346, 68
Trd, 8639278.779, 97
Trd, 8639279.112, 71
Trd, 8639279.446, 87
Trd, 8639279.679, 115
Trd, 8639280.179, 133
Trd, 8639280.979, 138
Trd, 8639281.612, 111
Trd, 8639281.879, 105
Trd, 8639282.279, 139
Trd, 8639282.312, 96
Trd, 8639282.379, 96
Trd, 8639283.246, 69
Trd, 8639283.712, 76
Trd, 8639284.146, 68
Trd, 8639284.512, 111
Trd, 8639284.879, 82
Trd, 8639285.346, 66
Trd, 8639285.412, 88
Trd, 8639285.746, 71
Trd, 8639286.112, 116
Trd, 8639286.279, 63
Trd, 8639287.279, 63
Trd, 8639287.846, 97
Trd, 8639288.112, 103
Trd, 8639288.212, 93
Trd, 8639289.212, 76
Trd, 8639289.346, 75
Trd, 8639289.812, 75
Trd, 8639290.446, 102
Trd, 8639291.179, 96
Trd, 8639292.379, 106
Trd, 8639292.612, 81
Trd, 8639292.979, 93
Trd, 8639293.212, 94
Trd, 8639293.379, 77
Trd, 8639293.779, 110
Trd, 8639294.279, 140
Trd, 8639294.346, 122
Trd, 8639294.979, 78
Trd, 8639295.579, 67
Trd, 8639296.146, 100
Trd, 8639296.379, 122
Trd, 8639298.046, 60
Trd, 8639298.379, 64
Trd, 8639298.779, 86
Trd, 8639299.412, 72
Trd, 8639299.546, 74
Trd, 8639300.279, 77
Trd, 8639300.512, 76
Trd, 8639301.612, 81
Trd, 8639301.812, 74
Trd, 8639302.012, 68
Trd, 8639302.346, 63
Trd, 8639302.712, 62
Trd, 8639303.012, 82
Trd, 8639303.212, 94
Trd, 8639304.679, 125
Trd, 8639305.412, 122
Trd, 8639305.446, 122
Trd, 8639305.579, 122
Trd, 8639306.546, 111
Trd, 8639306.679, 129
Trd, 8639307.146, 113
Trd, 8639307.412, 111
Trd, 8639307.679, 140
Trd, 8639308.512, 139
Trd, 8639308.646, 123
Trd, 8639308.779, 78
Trd, 8639308.946, 79
Trd, 8639309.179, 95
Trd, 8639310.079, 129
Trd, 8639310.112, 120
Trd, 8639310.346, 82
Trd, 8639310.379, 76
Trd, 8639311.046, 83
Trd, 8639311.946, 138
Trd, 8639312.112, 136
Trd, 8639312.346, 101
Trd, 8639313.046, 64
Trd, 8639313.379, 137
Trd, 8639314.279, 109
Trd, 8639314.612, 140
Trd, 8639315.179, 86
Trd, 8639315.746, 113
Trd, 8639316.146, 107
Trd, 8639316.312, 86
Trd, 8639316.579, 86
Trd, 8639317.012, 110
Trd, 8639317.379, 99
Trd, 8639317.479, 84
Trd, 8639317.946, 76
Trd, 8639318.046, 85
Trd, 8639318.912, 139
Trd, 8639319.412, 134
Trd, 8639320.012, 129
Trd, 8639320.112, 129
Trd, 8639320.879, 122
Trd, 8639321.879, 103
Trd, 8639321.979, 100
Trd, 8639322.112, 107
Trd, 8639322.146, 93
Trd, 8639322.379, 97
Trd, 8639323.646, 106
Trd, 8639323.912, 97
Trd, 8639324.279, 113
Trd, 8639324.312, 84
Trd, 8639324.346, 71
Trd, 8639324.846, 92
Trd, 8639324.879, 78
Trd, 8639325.779, 66
Trd, 8639326.046, 103
Trd, 8639327.912, 72
Trd, 8639328.446, 77
Trd, 8639328.646, 66
Trd, 8639328.712, 86
Trd, 8639329.012, 65
Trd, 8639329.079, 106
Trd, 8639329.446, 77
Trd, 8639330.279, 76
Trd, 8639330.512, 126
Trd, 8639330.746, 116
Trd, 8639330.912, 117
Trd, 8639331.079, 86
Trd, 8639331.179, 82
Trd, 8639331.379, 82
Trd, 8639332.279, 82
Trd, 8639332.346, 80
Trd, 8639333.046, 64
Trd, 8639333.179, 63
Trd, 8639333.279, 67
Trd, 8639334.246, 96
Trd, 8639335.146, 60
Trd, 8639335.712, 67
Trd, 8639336.046, 74
Trd, 8639336.512, 76
Trd, 8639336.679, 60
Trd, 8639336.946, 109
Trd, 8639337.079, 132
Trd, 8639337.646, 119
Trd, 8639338.379, 83
Trd, 8639338.946, 107
Trd, 8639339.746, 68
Trd, 8639339.912, 85
Trd, 8639339.946, 65
Trd, 8639340.146, 60
Trd, 8639340.612, 67
Trd, 8639341.379, 60
Trd, 8639342.512, 81
Trd, 8639343.079, 67
Trd, 8639343.146, 69
Trd, 8639343.679, 68
Trd, 8639344.112, 69
Trd, 8639344.346, 78
Trd, 8639344.446, 68
Trd, 8639344.879, 78
Trd, 8639345.179, 66
Trd, 8639345.412, 63
Trd, 8639345.612, 97
Trd, 8639346.046, 74
Trd, 8639346.879, 83
Trd, 8639347.579, 61
Trd, 8639347.679, 78
Trd, 8639348.112, 77
Trd, 8639349.012, 61
Trd, 8639349.446, 66
Trd, 8639349.512, 70
Trd, 8639350.246, 73
Trd, 8639350.446, 66
Trd, 8639350.679, 66
Trd, 8639350.779, 78
Trd, 8639351.712, 77
Trd, 8639352.246, 139
Trd, 8639352.512, 138
Trd, 8639352.612, 121
Trd, 8639352.779, 121
Trd, 8639354.446, 63
Trd, 8639354.646, 88
Trd, 8639354.779, 62
Trd, 8639355.279, 63
Trd, 8639355.912, 98
Trd, 8639356.046, 90
Trd, 8639356.112, 128
Trd, 8639356.279, 77
Trd, 8639356.479, 73
Trd, 8639356.812, 90
Trd, 8639358.146, 117
Trd, 8639358.212, 117
Trd, 8639358.312, 107
Trd, 8639358.546, 107
Trd, 8639358.946, 124
Trd, 8639359.379, 120
Trd, 8639360.179, 119
Trd, 8639361.479, 84
Trd, 8639361.779, 105
Trd, 8639361.812, 84
Trd, 8639361.879, 112
Trd, 8639362.946, 106
Trd, 8639363.479, 78
Trd, 8639363.546, 71
Trd, 8639364.279, 70
Trd, 8639364.412, 69
Trd, 8639364.579, 67
Trd, 8639364.879, 124
Trd, 8639364.912, 66
Trd, 8639366.312, 102
Trd, 8639366.446, 83
Trd, 8639366.546, 88
Trd, 8639367.312, 114
Trd, 8639367.879, 99
Trd, 8639368.046, 80
Trd, 8639368.512, 93
Trd, 8639369.246, 70
Trd, 8639369.846, 72
Trd, 8639370.512, 73
Trd, 8639370.712, 74
Trd, 8639370.979, 75
Trd, 8639371.346, 121
Trd, 8639371.612, 94
Trd, 8639371.846, 86
Trd, 8639372.112, 67
Trd, 8639374.012, 63
Trd, 8639374.179, 67
Trd, 8639374.479, 65
Trd, 8639374.679, 64
Trd, 8639374.912, 70
Trd, 8639375.112, 80
Trd, 8639375.646, 96
Trd, 8639375.879, 64
Trd, 8639376.346, 97
Trd, 8639376.512, 104
Trd, 8639377.246, 112
Trd, 8639377.512, 117
Trd, 8639377.846, 61
Trd, 8639378.379, 107
Trd, 8639379.546, 60
Trd, 8639379.579, 73
Trd, 8639379.946, 92
Trd, 8639380.079, 113
Trd, 8639380.379, 90
Trd, 8639380.546, 69
Trd, 8639381.012, 103
Trd, 8639382.179, 61
Trd, 8639382.579, 65
Trd, 8639382.979, 64
Trd, 8639383.446, 60
Trd, 8639383.479, 61
Trd, 8639384.012, 60
Trd, 8639384.179, 87
Trd, 8639384.679, 63
Trd, 8639384.712, 117
Trd, 8639385.112, 106
Trd, 8639385.879, 79
Trd, 8639386.579, 93
Trd, 8639386.679, 68
Trd, 8639386.779, 119
Trd, 8639386.946, 67
Trd, 8639387.279, 64
Trd, 8639388.012, 61
Trd, 8639388.112, 63
Trd, 8639389.279, 138
Trd, 8639389.612, 138
Trd, 8639390.612, 135
Trd, 8639391.346, 125
Trd, 8639391.612, 125
Trd, 8639391.646, 120
Trd, 8639391.946, 121
Trd, 8639392.279, 113
Trd, 8639392.379, 134
Trd, 8639392.546, 109
Trd, 8639392.679, 109
Trd, 8639393.279, 85
Trd, 8639393.979, 73
Trd, 8639394.746, 139
Trd, 8639394.879, 117
Trd, 8639395.212, 131
Trd, 8639395.412, 89
Trd, 8639396.146, 132
Trd, 8639396.546, 133
Trd, 8639396.946, 133
Trd, 8639397.046, 136
Trd, 8639397.746, 128
Trd, 8639397.812, 128
Trd, 8639398.112, 128
Trd, 8639398.546, 127
Trd, 8639398.679, 133
Trd, 8639398.879, 113
Trd, 8639398.946, 113
Trd, 8639399.579, 102
Trd, 8639399.846, 140
Trd, 8639400.446, 86
Trd, 8639401.112, 138
Trd, 8639401.179, 138
Trd, 8639401.812, 79
Trd, 8639402.312, 108
Trd, 8639403.046, 137
Trd, 8639403.412, 125
Trd, 8639404.612, 107
Trd, 8639404.746, 102
Trd, 8639404.846, 93
Trd, 8639405.546, 116
Trd, 8639405.812, 86
Trd, 8639405.946, 70
Trd, 8639406.312, 111
Trd, 8639407.012, 75
Trd, 8639407.179, 63
Trd, 8639408.479, 137
Trd, 8639408.812, 110
Trd, 8639409.046, 110
Trd, 8639410.079, 103
Trd, 8639410.246, 103
Trd, 8639410.412, 117
Trd, 8639410.646, 108
Trd, 8639410.912, 138
Trd, 8639411.112, 140
Trd, 8639411.879, 137
Trd, 8639412.079, 132
Trd, 8639412.246, 133
Trd, 8639412.712, 136
Trd, 8639413.779, 140
Trd, 8639414.212, 124
Trd, 8639414.512, 89
Trd, 8639414.979, 87
Trd, 8639415.979, 116
Trd, 8639416.079, 104
Trd, 8639416.212, 104
Trd, 8639416.912, 92
Trd, 8639417.046, 113
Trd, 8639417.212, 85
Trd, 8639417.379, 63
Trd, 8639418.179, 114
Trd, 8639418.712, 60
Trd, 8639419.046, 66
Trd, 8639420.712, 60
Trd, 8639420.812, 64
Trd, 8639421.179, 60
Trd, 8639421.646, 61
Trd, 8639421.979, 77
Trd, 8639422.112, 84
Trd, 8639422.646, 100
Trd, 8639423.046, 74
Trd, 8639423.112, 64
Trd, 8639423.879, 130
Trd, 8639424.179, 108
Trd, 8639424.279, 93
Trd, 8639425.279, 102
Trd, 8639425.612, 90
Trd, 8639425.879, 91
Trd, 8639426.646, 117
Trd, 8639426.846, 127
Trd, 8639426.946, 117
Trd, 8639427.146, 114
Trd, 8639428.612, 114
Trd, 8639428.912, 114
Trd, 8639429.179, 126
Trd, 8639429.479, 130
Trd, 8639430.312, 135
Trd, 8639430.446, 135
Trd, 8639431.446, 136
Trd, 8639431.946, 129
Trd, 8639432.112, 128
Trd, 8639432.246, 113
Trd, 8639432.579, 90
Trd, 8639432.779, 117
Trd, 8639433.112, 108
Trd, 8639433.646, 100
Trd, 8639434.246, 82
Trd, 8639434.512, 105
Trd, 8639434.846, 78
Trd, 8639435.346, 65
Trd, 8639435.412, 70
Trd, 8639435.946, 121
Trd, 8639436.546, 99
Trd, 8639436.579, 98
Trd, 8639436.979, 90
Trd, 8639437.312, 86
Trd, 8639437.446, 67
Trd, 8639438.412, 106
Trd, 8639438.812, 62
Trd, 8639439.079, 66
Trd, 8639439.179, 73
Trd, 8639439.712, 82
Trd, 8639440.712, 120
Trd, 8639440.746, 83
Trd, 8639441.046, 83
Trd, 8639441.712, 128
Trd, 8639442.112, 88
Trd, 8639442.512, 70
Trd, 8639442.712, 73
Trd, 8639442.846, 81
Trd, 8639443.579, 64
Trd, 8639444.746, 79
Trd, 8639445.046, 72
Trd, 8639445.079, 84
Trd, 8639445.246, 87
Trd, 8639445.479, 96
Trd, 8639445.646, 101
Trd, 8639445.846, 67
Trd, 8639446.346, 109
Trd, 8639446.779, 105
Trd, 8639447.712, 107
Trd, 8639447.912, 125
Trd, 8639448.246, 124
Trd, 8639448.646, 124
Trd, 8639448.712, 124
Trd, 8639448.912, 95
Trd, 8639449.612, 122
Trd, 8639449.779, 109
Trd, 8639450.246, 62
Trd, 8639450.379, 77
Trd, 8639451.512, 90
Trd, 8639452.512, 102
Trd, 8639452.779, 121
Trd, 8639453.246, 101
Trd, 8639453.579, 101
Trd, 8639453.679, 104
Trd, 8639453.946, 100
Trd, 8639454.379, 125
Trd, 8639454.879, 100
Trd, 8639455.546, 132
Trd, 8639456.046, 131
Trd, 8639456.279, 131
Trd, 8639456.412, 99
Trd, 8639457.446, 121
Trd, 8639458.446, 133
Trd, 8639458.979, 140
Trd, 8639459.046, 116
Trd, 8639459.346, 114
Trd, 8639459.712, 109
Trd, 8639459.779, 92
Trd, 8639460.579, 68
Trd, 8639461.712, 61
Trd, 8639461.746, 67
Trd, 8639462.146, 77
Trd, 8639462.412, 70
Trd, 8639462.746, 93
Trd, 8639463.612, 93
Trd, 8639463.879, 136
Trd, 8639463.912, 135
Trd, 8639464.246, 73
Trd, 8639465.046, 60
Trd, 8639465.712, 67
Trd, 8639466.779, 74
Trd, 8639466.979, 73
Trd, 8639467.079, 84
Trd, 8639467.179, 64
Trd, 8639467.579, 110
Trd, 8639468.012, 125
Trd, 8639468.646, 111
Trd, 8639469.212, 103
Trd, 8639470.012, 89
Trd, 8639470.312, 136
Trd, 8639470.512, 107
Trd, 8639470.779, 72
Trd, 8639470.979, 86
Trd, 8639471.112, 65
Trd, 8639471.546, 60
Trd, 8639471.712, 60
Trd, 8639471.879, 65
Trd, 8639471.979, 76
Trd, 8639472.379, 92
Trd, 8639473.246, 88
Trd, 8639473.579, 120
Trd, 8639473.879, 136
Trd, 8639474.479, 62
Trd, 8639475.179, 123
Trd, 8639475.346, 123
Trd, 8639476.146, 67
Trd, 8639476.346, 92
Trd, 8639477.079, 140
Trd, 8639477.312, 132
Trd, 8639477.446, 116
Trd, 8639478.379, 133
Trd, 8639478.679, 98
Trd, 8639479.212, 96
Trd, 8639479.446, 66
Trd, 8639479.812, 65
Trd, 8639480.279, 62
Trd, 8639480.346, 69
Trd, 8639480.979, 131
Trd, 8639481.479, 86
Trd, 8639481.546, 98
Trd, 8639482.979, 67
Trd, 8639483.479, 67
Trd, 8639483.612, 78
Trd, 8639483.712, 106
Trd, 8639483.846, 60
Trd, 8639484.512, 64
Trd, 8639484.846, 70
Trd, 8639484.879, 73
Trd, 8639485.946, 136
Trd, 8639486.312, 105
Trd, 8639486.379, 82
Trd, 8639486.779, 81
Trd, 8639487.312, 81
Trd, 8639487.379, 74
Trd, 8639487.512, 97
Trd, 8639488.412, 121
Trd, 8639488.979, 74
Trd, 8639489.246, 88
Trd, 8639489.612, 72
Trd, 8639489.779, 100
Trd, 8639490.379, 98
Trd, 8639491.446, 120
Trd, 8639491.512, 114
Trd, 8639491.846, 119
Trd, 8639492.146, 124
Trd, 8639493.146, 102
Trd, 8639493.446, 102
Trd, 8639493.746, 128
Trd, 8639495.246, 136
Trd, 8639495.312, 116
Trd, 8639496.146, 113
Trd, 8639496.512, 112
Trd, 8639496.579, 112
Trd, 8639496.912, 120
Trd, 8639496.946, 102
Trd, 8639497.279, 102
Trd, 8639497.346, 88
Trd, 8639498.112, 69
Trd, 8639498.146, 66
Trd, 8639498.546, 63
Trd, 8639498.579, 121
Trd, 8639499.812, 74
Trd, 8639500.446, 62
Trd, 8639500.979, 111
Trd, 8639501.346, 102
Trd, 8639502.246, 112
Trd, 8639503.079, 78
Trd, 8639503.212, 126
Trd, 8639503.346, 63
Trd, 8639503.479, 70
Trd, 8639503.912, 71
Trd, 8639504.146, 71
Trd, 8639504.412, 68
Trd, 8639504.446, 85
Trd, 8639504.479, 87
Trd, 8639505.479, 126
Trd, 8639505.646, 124
Trd, 8639506.812, 93
Trd, 8639506.979, 74
Trd, 8639507.312, 132
Trd, 8639507.346, 73
Trd, 8639508.246, 132
Trd, 8639508.979, 138
Trd, 8639509.446, 138
Trd, 8639509.646, 134
Trd, 8639509.746, 119
Trd, 8639510.679, 102
Trd, 8639510.979, 106
Trd, 8639511.279, 101
Trd, 8639512.512, 122
Trd, 8639512.579, 122
Trd, 8639512.946, 138
Trd, 8639513.446, 140
Trd, 8639514.279, 122
Trd, 8639514.546, 122
Trd, 8639515.246, 107
Trd, 8639515.379, 95
Trd, 8639516.379, 121
Trd, 8639516.812, 140
Trd, 8639516.846, 113
Trd, 8639516.979, 132
Trd, 8639517.379, 118
Trd, 8639517.412, 95
Trd, 8639517.512, 69
Trd, 8639518.079, 120
Trd, 8639518.512, 87
Trd, 8639520.079, 108
Trd, 8639521.146, 130
Trd, 8639522.012, 138
Trd, 8639522.246, 131
Trd, 8639522.479, 122
Trd, 8639522.712, 111
Trd, 8639522.812, 111
Trd, 8639523.146, 126
Trd, 8639523.479, 130
Trd, 8639523.512, 99
Trd, 8639524.079, 95
Trd, 8639524.479, 120
Trd, 8639524.679, 75
Trd, 8639524.846, 72
Trd, 8639525.079, 64
Trd, 8639525.646, 79
Trd, 8639526.112, 78
Trd, 8639526.246, 94
Trd, 8639526.379, 98
Trd, 8639526.412, 125
Trd, 8639526.646, 75
Trd, 8639527.646, 72
Trd, 8639527.879, 69
Trd, 8639529.546, 75
Trd, 8639530.146, 119
Trd, 8639530.446, 126
Trd, 8639530.546, 119
Trd, 8639530.679, 112
Trd, 8639530.912, 98
Trd, 8639531.012, 98
Trd, 8639531.512, 140
Trd, 8639532.179, 134
Trd, 8639532.612, 135
Trd, 8639532.912, 106
Trd, 8639533.012, 89
Trd, 8639533.379, 98
Trd, 8639533.546, 97
Trd, 8639533.679, 110
Trd, 8639533.912, 68
Trd, 8639535.079, 70
Trd, 8639535.146, 106
Trd, 8639535.379, 113
Trd, 8639536.612, 62
Trd, 8639536.646, 93
Trd, 8639537.346, 138
Trd, 8639538.446, 138
Trd, 8639538.712, 136
Trd, 8639538.879, 125
Trd, 8639538.979, 119
Trd, 8639539.346, 84
Trd, 8639539.612, 103
Trd, 8639539.812, 82
Trd, 8639539.879, 107
Trd, 8639540.146, 95
Trd, 8639540.179, 80
Trd, 8639540.312, 76
Trd, 8639540.912, 132
Trd, 8639542.679, 60
Trd, 8639544.112, 62
Trd, 8639544.146, 77
Trd, 8639544.846, 83
Trd, 8639544.979, 86
Trd, 8639545.479, 63
Trd, 8639545.946, 61
Trd, 8639546.212, 71
Trd, 8639546.512, 69
Trd, 8639546.646, 77
Trd, 8639547.012, 115
Trd, 8639547.212, 98
Trd, 8639547.612, 83
Trd, 8639547.646, 82
Trd, 8639548.379, 69
Trd, 8639549.112, 131
Trd, 8639549.379, 131
Trd, 8639549.446, 115
Trd, 8639550.412, 93
Trd, 8639550.779, 94
Trd, 8639551.346, 123
Trd, 8639551.646, 113
Trd, 8639551.779, 113
Trd, 8639551.812, 82
Trd, 8639551.946, 115
Trd, 8639552.412, 65
Trd, 8639552.846, 108
Trd, 8639552.946, 114
Trd, 8639553.812, 103
Trd, 8639554.146, 136
Trd, 8639554.846, 132
Trd, 8639554.879, 132
Trd, 8639555.179, 139
Trd, 8639555.546, 118
Trd, 8639556.546, 100
Trd, 8639557.846, 138
Trd, 8639557.879, 111
Trd, 8639558.246, 130
Trd, 8639559.012, 128
Trd, 8639559.379, 128
Trd, 8639559.712, 96
Trd, 8639559.812, 91
Trd, 8639560.346, 137
Trd, 8639560.612, 106
Trd, 8639560.812, 100
Trd, 8639562.379, 136
Trd, 8639562.446, 135
Trd, 8639562.512, 124
Trd, 8639562.812, 123
Trd, 8639562.879, 96
Trd, 8639563.146, 88
Trd, 8639563.479, 105
Trd, 8639563.646, 133
Trd, 8639563.812, 130
Trd, 8639563.912, 72
Trd, 8639564.079, 64
Trd, 8639564.412, 71
Trd, 8639564.912, 73
Trd, 8639566.046, 108
Trd, 8639567.179, 126
Trd, 8639567.279, 110
Trd, 8639567.679, 95
Trd, 8639567.779, 79
Trd, 8639568.079, 93
Trd, 8639568.512, 124
Trd, 8639568.879, 124
Trd, 8639569.746, 118
Trd, 8639570.079, 97
Trd, 8639571.312, 115
Trd, 8639571.379, 108
Trd, 8639571.446, 97
Trd, 8639571.679, 76
Trd, 8639572.146, 107
Trd, 8639572.246, 72
Trd, 8639572.846, 65
Trd, 8639572.979, 89
Trd, 8639574.046, 140
Trd, 8639574.646, 137
Trd, 8639575.012, 137
Trd, 8639575.246, 136
Trd, 8639575.479, 99
Trd, 8639575.912, 66
Trd, 8639577.179, 93
Trd, 8639577.279, 92
Trd, 8639577.412, 90
Trd, 8639577.579, 92
Trd, 8639578.112, 119
Trd, 8639578.679, 127
Trd, 8639578.879, 102
Trd, 8639579.012, 113
Trd, 8639579.612, 60
Trd, 8639579.946, 63
Trd, 8639580.179, 64
Trd, 8639580.912, 124
Trd, 8639581.112, 140
Trd, 8639581.179, 138
Trd, 8639581.912, 135
Trd, 8639582.412, 75
Trd, 8639582.746, 119
Trd, 8639583.212, 108
Trd, 8639583.879, 110
Trd, 8639583.912, 96
Trd, 8639584.212, 79
Trd, 8639584.512, 73
Trd, 8639584.979, 84
Trd, 8639585.646, 60
Trd, 8639586.079, 79
Trd, 8639586.279, 94
Trd, 8639586.812, 91
Trd, 8639587.679, 119
Trd, 8639587.846, 114
Trd, 8639588.779, 97
Trd, 8639589.079, 75
Trd, 8639589.679, 61
Trd, 8639589.746, 76
Trd, 8639589.812, 83
Trd, 8639590.312, 80
Trd, 8639590.546, 77
Trd, 8639590.812, 86
Trd, 8639591.179, 83
Trd, 8639591.812, 88
Trd, 8639591.946, 69
Trd, 8639592.279, 78
Trd, 8639592.746, 64
Trd, 8639593.379, 83
Trd, 8639593.646, 89
Trd, 8639594.179, 100
Trd, 8639594.712, 113
Trd, 8639594.979, 61
Trd, 8639595.679, 86
Trd, 8639596.246, 129
Trd, 8639596.379, 61
Trd, 8639596.412, 60
Trd, 8639596.579, 66
Trd, 8639597.579, 64
Trd, 8639598.046, 74
Trd, 8639598.412, 61
Trd, 8639598.679, 61
Trd, 8639599.179, 67
Trd, 8639599.712, 83
Trd, 8639600.546, 67
Trd, 8639601.012, 113
Trd, 8639601.046, 112
Trd, 8639601.279, 83
Trd, 8639602.512, 111
Trd, 8639602.846, 65
Trd, 8639603.112, 62
Trd, 8639603.379, 62
Trd, 8639603.746, 69
Trd, 8639603.979, 75
Trd, 8639604.312, 88
Trd, 8639604.779, 87
Trd, 8639604.846, 85
Trd, 8639605.246, 127
Trd, 8639605.746, 133
Trd, 8639606.412, 115
Trd, 8639607.079, 110
Trd, 8639607.712, 102
Trd, 8639607.946, 97
Trd, 8639608.846, 135
Trd, 8639608.879, 128
Trd, 8639609.112, 131
Trd, 8639609.179, 130
Trd, 8639609.312, 84
Trd, 8639609.379, 84
Trd, 8639609.446, 88
Trd, 8639610.979, 122
Trd, 8639611.379, 139
Trd, 8639611.679, 119
Trd, 8639611.712, 75
Trd, 8639612.312, 68
Trd, 8639613.079, 63
Trd, 8639613.179, 73
Trd, 8639613.479, 91
Trd, 8639614.279, 63
Trd, 8639614.379, 65
Trd, 8639614.446, 65
Trd, 8639614.946, 68
Trd, 8639615.079, 69
Trd, 8639615.946, 63
Trd, 8639616.946, 63
Trd, 8639617.646, 61
Trd, 8639617.912, 90
Trd, 8639617.946, 114
Trd, 8639618.646, 103
Trd, 8639619.012, 125
Trd, 8639619.046, 112
Trd, 8639619.112, 123
Trd, 8639620.112, 138
Trd, 8639620.946, 84
Trd, 8639621.179, 138
Trd, 8639622.079, 109
Trd, 8639622.179, 95
Trd, 8639622.479, 122
Trd, 8639622.812, 84
Trd, 8639623.412, 61
Trd, 8639623.512, 104
Trd, 8639624.346, 68
Trd, 8639624.712, 122
Trd, 8639624.746, 79
Trd, 8639625.012, 71
Trd, 8639625.179, 115
Trd, 8639625.812, 75
Trd, 8639626.312, 67
Trd, 8639626.646, 97
Trd, 8639627.412, 61
Trd, 8639627.746, 79
Trd, 8639628.212, 119
Trd, 8639628.446, 60
Trd, 8639629.546, 70
Trd, 8639630.279, 77
Trd, 8639630.479, 63
Trd, 8639631.312, 113
Trd, 8639631.746, 131
Trd, 8639632.012, 115
Trd, 8639632.712, 107
Trd, 8639633.712, 130
Trd, 8639633.746, 98
Trd, 8639634.012, 91
Trd, 8639634.179, 91
Trd, 8639634.312, 91
Trd, 8639634.446, 64
Trd, 8639635.112, 107
Trd, 8639635.179, 117
Trd, 8639637.212, 119
Trd, 8639637.546, 102
Trd, 8639637.679, 77
Trd, 8639638.246, 86
Trd, 8639638.312, 69
Trd, 8639638.379, 60
Trd, 8639639.312, 136
Trd, 8639639.712, 113
Trd, 8639639.779, 113
Trd, 8639639.912, 123
Trd, 8639640.012, 107
Trd, 8639640.079, 100
Trd, 8639640.679, 75
Trd, 8639641.279, 60
Trd, 8639641.746, 82
Trd, 8639642.346, 83
Trd, 8639642.846, 71
Trd, 8639643.312, 61
Trd, 8639643.646, 70
Trd, 8639643.946, 134
Trd, 8639644.779, 67
Trd, 8639645.246, 60
Trd, 8639645.546, 63
Trd, 8639645.812, 66
Trd, 8639645.846, 66
Trd, 8639646.079, 77
Trd, 8639646.779, 86
Trd, 8639647.212, 85
Trd, 8639647.579, 136
Trd, 8639648.279, 99
Trd, 8639649.012, 126
Trd, 8639649.379, 124
Trd, 8639649.779, 130
Trd, 8639650.346, 121
Trd, 8639650.746, 122
Trd, 8639650.779, 122
Trd, 8639651.379, 108
Trd, 8639651.846, 134
Trd, 8639652.679, 127
Trd, 8639653.079, 99
Trd, 8639653.346, 113
Trd, 8639653.412, 91
Trd, 8639653.612, 78
Trd, 8639653.979, 65
Trd, 8639654.946, 139
Trd, 8639655.379, 132
Trd, 8639655.479, 130
Trd, 8639655.979, 124
Trd, 8639656.446, 121
Trd, 8639656.512, 78
Trd, 8639656.779, 73
Trd, 8639657.379, 137
Trd, 8639657.579, 83
Trd, 8639658.212, 70
Trd, 8639658.712, 90
Trd, 8639658.746, 118
Trd, 8639659.079, 106
Trd, 8639659.379, 76
Trd, 8639660.712, 76
Trd, 8639660.846, 84
Trd, 8639660.879, 76
Trd, 8639661.212, 134
Trd, 8639661.412, 132
Trd, 8639661.779, 74
Trd, 8639662.912, 84
Trd, 8639663.279, 114
Trd, 8639663.812, 129
Trd, 8639664.279, 111
Trd, 8639664.879, 91
Trd, 8639665.012, 111
Trd, 8639665.346, 126
Trd, 8639666.079, 92
Trd, 8639666.146, 69
Trd, 8639666.379, 93
Trd, 8639666.612, 101
Trd, 8639667.246, 138
Trd, 8639667.512, 140
Trd, 8639667.646, 122
Trd, 8639667.779, 69
Trd, 8639668.046, 136
Trd, 8639668.146, 131
Trd, 8639668.546, 133
Trd, 8639668.579, 132
Trd, 8639669.046, 76
Trd, 8639669.579, 95
Trd, 8639670.679, 88
Trd, 8639671.146, 71
Trd, 8639671.479, 124
Trd, 8639672.012, 94
Trd, 8639672.179, 106
Trd, 8639673.746, 134
Trd, 8639673.946, 133
Trd, 8639674.312, 133
Trd, 8639674.612, 120
Trd, 8639675.279, 140
Trd, 8639675.512, 138
Trd, 8639675.712, 136
Trd, 8639675.846, 118
Trd, 8639676.812, 133
Trd, 8639677.712, 133
Trd, 8639677.746, 116
Trd, 8639677.946, 110
Trd, 8639678.012, 128
Trd, 8639678.579, 64
Trd, 8639679.012, 63
Trd, 8639679.279, 61
Trd, 8639679.312, 66
Trd, 8639680.179, 98
Trd, 8639680.312, 140
Trd, 8639681.279, 114
Trd, 8639681.412, 112
Trd, 8639682.412, 95
Trd, 8639682.746, 94
Trd, 8639682.912, 94
Trd, 8639683.246, 119
Trd, 8639683.279, 90
Trd, 8639683.546, 126
Trd, 8639683.712, 126
Trd, 8639684.179, 131
Trd, 8639685.279, 61
Trd, 8639685.612, 66
Trd, 8639685.912, 69
Trd, 8639686.046, 73
Trd, 8639686.946, 137
Trd, 8639687.012, 122
Trd, 8639687.079, 116
Trd, 8639687.146, 116
Trd, 8639687.579, 106
Trd, 8639688.012, 93
Trd, 8639688.346, 86
Trd, 8639689.346, 68
Trd, 8639689.979, 61
Trd, 8639690.112, 60
Trd, 8639690.646, 77
Trd, 8639691.446, 97
Trd, 8639691.679, 128
Trd, 8639692.512, 134
Trd, 8639692.679, 134
Trd, 8639692.879, 123
Trd, 8639693.179, 121
Trd, 8639693.346, 109
Trd, 8639693.479, 105
Trd, 8639694.446, 102
Trd, 8639694.646, 101
Trd, 8639694.712, 89
Trd, 8639694.746, 89
Trd, 8639694.779, 75
Trd, 8639695.446, 120
Trd, 8639696.479, 95
Trd, 8639696.946, 80
Trd, 8639697.079, 95
Trd, 8639698.046, 114
Trd, 8639698.379, 109
Trd, 8639698.646, 101
Trd, 8639698.746, 101
Trd, 8639699.846, 73
Trd, 8639700.246, 88
Trd, 8639700.346, 73
Trd, 8639700.746, 62
Trd, 8639701.312, 139
Trd, 8639702.479, 126
Trd, 8639702.579, 126
Trd, 8639702.646, 115
Trd, 8639703.346, 112
Trd, 8639703.412, 112
Trd, 8639703.479, 110
Trd, 8639703.512, 110
Trd, 8639704.079, 102
Trd, 8639704.279, 119
Trd, 8639705.446, 139
Trd, 8639705.812, 135
Trd, 8639706.946, 120
Trd, 8639707.212, 113
Trd, 8639707.246, 113
Trd, 8639708.146, 123
Trd, 8639708.846, 92
Trd, 8639709.079, 135
Trd, 8639709.379, 121
Trd, 8639709.512, 121
Trd, 8639709.812, 106
Trd, 8639710.546, 87
Trd, 8639711.712, 82
Trd, 8639711.946, 113
Trd, 8639712.412, 97
Trd, 8639713.246, 83
Trd, 8639714.146, 96
Trd, 8639714.346, 89
Trd, 8639714.612, 89
Trd, 8639714.746, 110
Trd, 8639714.779, 83
Trd, 8639714.912, 83
Trd, 8639715.046, 68
Trd, 8639715.312, 118
Trd, 8639716.579, 134
Trd, 8639716.646, 118
Trd, 8639716.712, 118
Trd, 8639716.946, 118
Trd, 8639717.512, 87
Trd, 8639717.612, 83
Trd, 8639718.412, 89
Trd, 8639719.112, 131
Trd, 8639719.646, 110
Trd, 8639719.779, 103
Trd, 8639720.479, 137
Trd, 8639720.579, 93
Trd, 8639720.746, 98
Trd, 8639721.546, 105
Trd, 8639722.379, 123
Trd, 8639723.246, 99
Trd, 8639723.546, 124
Trd, 8639723.946, 99
Trd, 8639724.246, 114
Trd, 8639724.479, 104
Trd, 8639724.612, 140
Trd, 8639725.846, 105
Trd, 8639726.446, 102
Trd, 8639726.546, 133
Trd, 8639726.646, 101
Trd, 8639727.112, 99
Trd, 8639727.379, 88
Trd, 8639727.612, 87
Trd, 8639728.612, 137
Trd, 8639728.646, 137
Trd, 8639729.046, 134
Trd, 8639729.179, 133
Trd, 8639729.646, 110
Trd, 8639732.012, 130
Trd, 8639732.212, 114
Trd, 8639732.512, 89
Trd, 8639732.912, 93
Trd, 8639733.879, 135
Trd, 8639733.946, 117
Trd, 8639734.046, 110
Trd, 8639734.446, 127
Trd, 8639734.679, 127
Trd, 8639734.712, 119
Trd, 8639734.979, 118
Trd, 8639735.912, 106
Trd, 8639736.246, 64
Trd, 8639736.312, 105
Trd, 8639736.412, 114
Trd, 8639736.846, 82
Trd, 8639737.712, 137
Trd, 8639738.379, 132
Trd, 8639738.546, 132
Trd, 8639739.612, 131
Trd, 8639739.646, 131
Trd, 8639739.912, 113
Trd, 8639740.746, 90
Trd, 8639741.112, 63
Trd, 8639741.379, 70
Trd, 8639741.746, 60
Trd, 8639741.946, 68
Trd, 8639741.979, 82
Trd, 8639742.412, 65
Trd, 8639743.279, 92
Trd, 8639743.679, 76
Trd, 8639744.212, 91
Trd, 8639745.012, 88
Trd, 8639745.112, 92
Trd, 8639745.579, 96
Trd, 8639745.679, 100
Trd, 8639745.846, 101
Trd, 8639746.446, 120
Trd, 8639747.146, 92
Trd, 8639747.479, 90
Trd, 8639748.479, 90
Trd, 8639748.712, 86
Trd, 8639749.046, 91
Trd, 8639749.512, 89
Trd, 8639750.012, 87
Trd, 8639750.546, 94
Trd, 8639750.612, 92
Trd, 8639750.746, 93
Trd, 8639751.012, 92
Trd, 8639751.446, 120
Trd, 8639752.246, 95
Trd, 8639752.679, 79
Trd, 8639753.212, 71
Trd, 8639753.646, 92
Trd, 8639754.079, 107
Trd, 8639754.546, 139
Trd, 8639755.146, 138
Trd, 8639755.446, 138
Trd, 8639755.512, 137
Trd, 8639756.112, 134
Trd, 8639756.212, 117
Trd, 8639756.246, 113
Trd, 8639756.346, 103
Trd, 8639756.746, 96
Trd, 8639757.212, 94
Trd, 8639757.512, 68
Trd, 8639757.746, 90
Trd, 8639758.579, 139
Trd, 8639758.712, 139
Trd, 8639759.012, 108
Trd, 8639759.046, 93
Trd, 8639759.412, 65
Trd, 8639760.012, 67
Trd, 8639760.546, 61
Trd, 8639760.979, 89
Trd, 8639761.046, 69
Trd, 8639761.312, 108
Trd, 8639762.346, 77
Trd, 8639763.379, 87
Trd, 8639763.412, 87
Trd, 8639764.379, 95
Trd, 8639764.412, 96
Trd, 8639764.546, 107
Trd, 8639764.779, 109
Trd, 8639764.846, 81
Trd, 8639765.879, 104
Trd, 8639767.312, 97
Trd, 8639767.412, 105
Trd, 8639767.446, 97
Trd, 8639767.946, 93
Trd, 8639768.446, 83
Trd, 8639769.246, 83
Trd, 8639769.679, 101
Trd, 8639770.746, 138
Trd, 8639771.112, 138
Trd, 8639771.146, 137
Trd, 8639771.279, 136
Trd, 8639772.212, 137
Trd, 8639772.912, 116
Trd, 8639773.712, 134
Trd, 8639773.846, 102
Trd, 8639774.146, 78
Trd, 8639774.846, 123
Trd, 8639774.912, 80
Trd, 8639775.079, 137
Trd, 8639775.679, 129
Trd, 8639776.946, 137
Trd, 8639777.112, 137
Trd, 8639777.546, 136
Trd, 8639777.746, 116
Trd, 8639777.846, 112
Trd, 8639778.012, 107
Trd, 8639778.246, 103
Trd, 8639778.312, 92
Trd, 8639778.946, 92
Trd, 8639779.346, 65
Trd, 8639780.879, 115
Trd, 8639780.979, 138
Trd, 8639781.112, 96
Trd, 8639781.712, 93
Trd, 8639782.079, 137
Trd, 8639782.412, 105
Trd, 8639783.112, 65
Trd, 8639783.379, 74
Trd, 8639783.946, 70
Trd, 8639784.112, 90
Trd, 8639784.279, 100
Trd, 8639784.912, 114
Trd, 8639785.346, 95
Trd, 8639785.679, 69
Trd, 8639785.846, 130
Trd, 8639786.379, 125
Trd, 8639786.979, 93
Trd, 8639787.312, 92
Trd, 8639788.012, 109
Trd, 8639788.246, 102
Trd, 8639788.479, 98
Trd, 8639788.946, 140
Trd, 8639789.846, 66
Trd, 8639790.179, 74
Trd, 8639790.546, 98
Trd, 8639791.279, 100
Trd, 8639791.312, 93
Trd, 8639792.479, 129
Trd, 8639792.512, 128
Trd, 8639792.646, 119
Trd, 8639793.646, 128
Trd, 8639793.846, 133
Trd, 8639794.046, 137
Trd, 8639794.479, 117
Trd, 8639794.712, 109
Trd, 8639794.979, 102
Trd, 8639795.079, 93
Trd, 8639796.012, 127
Trd, 8639796.712, 127
Trd, 8639796.912, 114
Trd, 8639797.279, 75
Trd, 8639797.446, 91
Trd, 8639798.579, 84
Trd, 8639798.712, 96
Trd, 8639799.146, 127
Trd, 8639799.446, 118
Trd, 8639799.512, 138
Trd, 8639799.846, 111
Trd, 8639800.179, 103
Trd, 8639801.079, 128
Trd, 8639801.279, 124
Trd, 8639801.846, 99
Trd, 8639801.912, 99
Trd, 8639802.779, 104
Trd, 8639802.912, 106
Trd, 8639803.212, 104
Trd, 8639803.679, 77
Trd, 8639804.046, 108
Trd, 8639804.179, 69
Trd, 8639804.412, 104
Trd, 8639804.946, 87
Trd, 8639805.946, 61
Trd, 8639806.346, 108
Trd, 8639806.812, 104
Trd, 8639806.912, 104
Trd, 8639807.479, 132
Trd, 8639808.046, 124
Trd, 8639808.312, 99
Trd, 8639808.512, 99
Trd, 8639808.612, 80
Trd, 8639810.112, 140
Trd, 8639810.746, 139
Trd, 8639810.779, 138
Trd, 8639811.112, 74
Trd, 8639811.212, 102
Trd, 8639812.212, 115
Trd, 8639812.579, 112
Trd, 8639813.146, 111
Trd, 8639813.212, 102
Trd, 8639813.346, 125
Trd, 8639813.679, 114
Trd, 8639813.779, 81
Trd, 8639814.679, 80
Trd, 8639815.079, 88
Trd, 8639815.279, 80
Trd, 8639815.579, 116
Trd, 8639816.112, 65
Trd, 8639816.246, 66
Trd, 8639816.479, 95
Trd, 8639817.412, 134
Trd, 8639817.979, 113
Trd, 8639818.346, 112
Trd, 8639818.879, 100
Trd, 8639819.212, 126
Trd, 8639819.412, 88
Trd, 8639819.979, 87
Trd, 8639820.146, 87
Trd, 8639820.412, 137
Trd, 8639820.879, 75
Trd, 8639821.146, 62
Trd, 8639821.479, 70
Trd, 8639821.712, 140
Trd, 8639821.946, 112
Trd, 8639822.512, 125
Trd, 8639822.879, 106
Trd, 8639823.546, 102
Trd, 8639823.679, 101
Trd, 8639824.512, 90
Trd, 8639824.912, 113
Trd, 8639825.279, 80
Trd, 8639825.346, 60
Trd, 8639825.579, 137
Trd, 8639826.446, 109
Trd, 8639826.879, 85
Trd, 8639827.112, 95
Trd, 8639827.479, 60
Trd, 8639827.612, 73
Trd, 8639827.646, 79
Trd, 8639827.879, 71
Trd, 8639828.479, 61
Trd, 8639828.946, 76
Trd, 8639829.412, 62
Trd, 8639830.346, 72
Trd, 8639830.479, 70
Trd, 8639830.646, 68
Trd, 8639830.712, 105
Trd, 8639831.879, 114
Trd, 8639831.979, 102
Trd, 8639832.279, 134
Trd, 8639832.779, 60
Trd, 8639833.379, 115
Trd, 8639833.679, 131
Trd, 8639834.012, 131
Trd, 8639835.412, 126
Trd, 8639835.446, 115
Trd, 8639835.812, 102
Trd, 8639836.046, 91
Trd, 8639836.579, 127
Trd, 8639837.079, 121
Trd, 8639837.312, 121
Trd, 8639837.346, 110
Trd, 8639837.779, 84
Trd, 8639838.479, 120
Trd, 8639839.112, 138
Trd, 8639839.712, 111
Trd, 8639840.279, 127
Trd, 8639840.412, 127
Trd, 8639840.879, 99
Trd, 8639841.146, 101
Trd, 8639841.379, 95
Trd, 8639841.479, 140
Trd, 8639841.579, 83
Trd, 8639841.812, 82
Trd, 8639842.746, 78
Trd, 8639842.846, 113
Trd, 8639843.279, 74
Trd, 8639844.512, 113
Trd, 8639844.579, 113
Trd, 8639844.979, 101
Trd, 8639845.046, 95
Trd, 8639845.512, 127
Trd, 8639846.046, 127
Trd, 8639846.746, 135
Trd, 8639846.979, 129
Trd, 8639847.812, 90
Trd, 8639848.046, 87
Trd, 8639848.146, 87
Trd, 8639848.812, 79
Trd, 8639849.779, 108
Trd, 8639849.846, 81
Trd, 8639850.012, 76
Trd, 8639850.479, 92
Trd, 8639850.979, 97
Trd, 8639851.412, 128
Trd, 8639851.846, 140
Trd, 8639851.912, 135
Trd, 8639852.379, 111
Trd, 8639852.579, 97
Trd, 8639853.046, 92
Trd, 8639854.279, 60
Trd, 8639854.612, 88
Trd, 8639854.846, 64
Trd, 8639855.379, 110
Trd, 8639855.512, 101
Trd, 8639855.679, 87
Trd, 8639856.846, 72
Trd, 8639857.646, 77
Trd, 8639857.746, 79
Trd, 8639858.479, 80
Trd, 8639858.612, 91
Trd, 8639858.712, 96
Trd, 8639859.012, 72
Trd, 8639859.479, 76
Trd, 8639859.746, 65
Trd, 8639859.846, 63
Trd, 8639860.679, 78
Trd, 8639860.846, 88
Trd, 8639862.346, 63
Trd, 8639862.446, 73
Trd, 8639863.346, 64
Trd, 8639863.512, 112
Trd, 8639864.112, 72
Trd, 8639864.512, 79
Trd, 8639865.479, 62
Trd, 8639865.512, 64
Trd, 8639865.779, 94
Trd, 8639867.279, 64
Trd, 8639867.479, 62
Trd, 8639867.746, 66
Trd, 8639868.146, 77
Trd, 8639868.446, 82
Trd, 8639868.546, 91
Trd, 8639868.879, 99
Trd, 8639869.146, 70
Trd, 8639870.046, 83
Trd, 8639870.479, 86
Trd, 8639870.612, 112
Trd, 8639870.912, 130
Trd, 8639871.079, 121
Trd, 8639871.846, 138
Trd, 8639872.079, 104
Trd, 8639872.379, 134
Trd, 8639872.879, 79
Trd, 8639873.346, 100
Trd, 8639873.946, 60
Trd, 8639875.346, 105
Trd, 8639875.679, 107
Trd, 8639876.279, 68
Trd, 8639877.112, 84
Trd, 8639877.279, 64
Trd, 8639877.412, 80
Trd, 8639878.112, 81
Trd, 8639878.846, 73
Trd, 8639879.979, 73
Trd, 8639880.079, 63
Trd, 8639880.346, 76
Trd, 8639880.512, 130
Trd, 8639880.746, 130
Trd, 8639881.246, 128
Trd, 8639881.446, 113
Trd, 8639881.579, 112
Trd, 8639882.046, 136
Trd, 8639882.946, 133
Trd, 8639883.479, 75
Trd, 8639883.946, 62
Trd, 8639884.479, 133
Trd, 8639884.546, 127
Trd, 8639885.046, 99
Trd, 8639885.079, 82
Trd, 8639885.579, 63
Trd, 8639885.612, 69
Trd, 8639885.812, 84
Trd, 8639886.646, 63
Trd, 8639887.079, 84
Trd, 8639887.379, 66
Trd, 8639887.512, 69
Trd, 8639888.779, 97
Trd, 8639889.146, 75
Trd, 8639889.412, 113
Trd, 8639889.512, 113
Trd, 8639889.946, 123
Trd, 8639891.046, 111
Trd, 8639891.112, 76
Trd, 8639891.579, 98
Trd, 8639891.612, 124
Trd, 8639892.246, 121
Trd, 8639892.679, 81
Trd, 8639893.112, 130
Trd, 8639893.512, 89
Trd, 8639893.946, 105
Trd, 8639894.179, 110
Trd, 8639894.446, 96
Trd, 8639894.546, 96
Trd, 8639895.046, 140
Trd, 8639895.146, 138
Trd, 8639895.246, 97
Trd, 8639896.612, 140
Trd, 8639897.012, 138
Trd, 8639897.312, 118
Trd, 8639897.912, 89
Trd, 8639898.046, 91
Trd, 8639898.179, 73
Trd, 8639898.712, 95
Trd, 8639899.146, 78
Trd, 8639900.046, 61
Trd, 8639900.079, 65
Trd, 8639900.446, 126
Trd, 8639901.012, 64
Trd, 8639901.612, 68
Trd, 8639902.079, 66
Trd, 8639902.112, 70
Trd, 8639903.112, 60
Trd, 8639904.146, 60
Trd, 8639905.146, 60
Trd, 8639905.246, 63
Trd, 8639905.512, 63
Trd, 8639906.346, 66
Trd, 8639906.512, 66
Trd, 8639907.346, 85
Trd, 8639907.746, 63
Trd, 8639907.846, 71
Trd, 8639908.012, 87
Trd, 8639908.279, 101
Trd, 8639908.846, 75
Trd, 8639909.046, 127
Trd, 8639910.379, 63
Trd, 8639910.512, 64
Trd, 8639910.646, 63
Trd, 8639910.946, 104
Trd, 8639911.646, 75
Trd, 8639911.912, 63
Trd, 8639912.412, 69
Trd, 8639912.812, 67
Trd, 8639912.846, 67
Trd, 8639912.979, 69
Trd, 8639913.846, 132
Trd, 8639914.146, 111
Trd, 8639915.146, 108
Trd, 8639915.246, 88
Trd, 8639915.446, 135
Trd, 8639915.479, 86
Trd, 8639916.846, 64
Trd, 8639917.312, 70
Trd, 8639917.779, 77
Trd, 8639918.146, 63
Trd, 8639918.246, 100
Trd, 8639918.612, 76
Trd, 8639918.979, 68
Trd, 8639919.712, 128
Trd, 8639920.312, 121
Trd, 8639920.346, 112
Trd, 8639920.412, 112
Trd, 8639920.812, 99
Trd, 8639920.912, 87
Trd, 8639921.312, 136
Trd, 8639921.646, 79
Trd, 8639922.812, 139
Trd, 8639923.512, 128
Trd, 8639923.746, 128
Trd, 8639924.012, 128
Trd, 8639924.212, 100
Trd, 8639924.779, 128
Trd, 8639925.179, 94
Trd, 8639925.812, 92
Trd, 8639926.012, 111
Trd, 8639926.079, 92
Trd, 8639926.512, 85
Trd, 8639926.746, 95
Trd, 8639927.412, 83
Trd, 8639927.546, 77
Trd, 8639927.579, 102
Trd, 8639927.879, 135
Trd, 8639929.012, 96
Trd, 8639929.046, 88
Trd, 8639929.912, 80
Trd, 8639930.279, 122
Trd, 8639930.812, 93
Trd, 8639930.946, 80
Trd, 8639931.646, 69
Trd, 8639932.012, 91
Trd, 8639932.646, 78
Trd, 8639932.812, 70
Trd, 8639932.912, 80
Trd, 8639933.012, 66
Trd, 8639933.379, 85
Trd, 8639933.946, 60
Trd, 8639934.146, 62
Trd, 8639934.912, 62
Trd, 8639935.079, 89
Trd, 8639936.179, 96
Trd, 8639936.512, 122
Trd, 8639936.646, 80
Trd, 8639937.146, 123
Trd, 8639937.179, 123
Trd, 8639937.379, 108
Trd, 8639937.812, 107
Trd, 8639938.412, 103
Trd, 8639939.212, 134
Trd, 8639939.612, 99
Trd, 8639939.746, 94
Trd, 8639940.612, 138
Trd, 8639940.679, 71
Trd, 8639940.812, 64
Trd, 8639942.446, 119
Trd, 8639942.579, 92
Trd, 8639942.646, 92
Trd, 8639942.712, 82
Trd, 8639943.479, 111
Trd, 8639944.079, 91
Trd, 8639944.612, 91
Trd, 8639945.479, 96
Trd, 8639945.512, 83
Trd, 8639946.346, 73
Trd, 8639946.646, 102
Trd, 8639946.712, 81
Trd, 8639947.979, 61
Trd, 8639948.079, 70
Trd, 8639948.312, 140
Trd, 8639948.579, 140
Trd, 8639949.779, 99
Trd, 8639950.546, 91
Trd, 8639950.946, 92
Trd, 8639951.179, 91
Trd, 8639951.212, 81
Trd, 8639951.579, 111
Trd, 8639951.979, 85
Trd, 8639952.812, 139
Trd, 8639952.912, 126
Trd, 8639953.246, 113
Trd, 8639953.312, 113
Trd, 8639953.679, 105
Trd, 8639954.212, 106
Trd, 8639954.312, 93
Trd, 8639955.279, 125
Trd, 8639955.412, 125
Trd, 8639956.112, 117
Trd, 8639956.412, 116
Trd, 8639956.446, 100
Trd, 8639956.979, 87
Trd, 8639957.479, 66
Trd, 8639957.579, 70
Trd, 8639958.612, 105
Trd, 8639958.646, 126
Trd, 8639959.246, 63
Trd, 8639959.646, 78
Trd, 8639960.679, 77
Trd, 8639961.379, 137
Trd, 8639961.512, 136
Trd, 8639961.746, 120
Trd, 8639962.012, 110
Trd, 8639962.112, 77
Trd, 8639963.012, 135
Trd, 8639963.179, 137
Trd, 8639963.612, 135
Trd, 8639963.646, 116
Trd, 8639963.712, 100
Trd, 8639964.312, 67
Trd, 8639965.346, 129
Trd, 8639965.812, 136
Trd, 8639965.946, 122
Trd, 8639966.079, 122
Trd, 8639966.146, 105
Trd, 8639966.812, 83
Trd, 8639967.112, 109
Trd, 8639967.146, 67
Trd, 8639967.746, 139
Trd, 8639968.312, 125
Trd, 8639968.712, 109
Trd, 8639968.912, 78
Trd, 8639969.312, 65
Trd, 8639969.412, 99
Trd, 8639970.512, 77
Trd, 8639970.812, 114
Trd, 8639971.512, 106
Trd, 8639971.746, 111
Trd, 8639971.946, 95
Trd, 8639972.546, 140
Trd, 8639973.879, 92
Trd, 8639974.446, 106
Trd, 8639974.579, 124
Trd, 8639974.679, 91
Trd, 8639975.312, 77
Trd, 8639975.812, 93
Trd, 8639976.246, 68
Trd, 8639976.646, 68
Trd, 8639976.679, 93
Trd, 8639977.579, 87
Trd, 8639978.879, 89
Trd, 8639978.979, 103
Trd, 8639979.879, 128
Trd, 8639980.246, 102
Trd, 8639980.446, 74
Trd, 8639981.679, 60
Trd, 8639982.279, 95
Trd, 8639982.412, 111
Trd, 8639982.546, 115
Trd, 8639982.746, 83
Trd, 8639983.279, 73
Trd, 8639983.379, 90
Trd, 8639983.646, 87
Trd, 8639983.712, 97
Trd, 8639984.446, 128
Trd, 8639984.979, 76
Trd, 8639985.212, 73
Trd, 8639985.379, 64
Trd, 8639986.379, 84
Trd, 8639987.079, 74
Trd, 8639987.279, 75
Trd, 8639988.512, 137
Trd, 8639988.646, 73
Trd, 8639988.812, 98
Trd, 8639988.846, 68
Trd, 8639989.379, 99
Trd, 8639990.246, 62
Trd, 8639990.312, 72
Trd, 8639990.579, 86
Trd, 8639990.679, 79
Trd, 8639991.712, 134
Trd, 8639992.312, 133
Trd, 8639992.479, 116
Trd, 8639992.746, 116
Trd, 8639992.779, 111
Trd, 8639993.012, 126
Trd, 8639993.379, 107
Trd, 8639993.946, 104
Trd, 8639994.312, 78
Trd, 8639994.846, 78
Trd, 8639995.379, 138
Trd, 8639995.846, 98
Trd, 8639996.079, 105
Trd, 8639996.512, 78
Trd, 8639996.546, 83
Trd, 8639997.212, 128
Trd, 8639997.412, 111
Trd, 8639998.112, 118
Trd, 8639998.146, 111
Trd, 8639998.179, 110
Trd, 8639998.946, 93
Trd, 8639999.612, 61
Trd, 8639999.979, 75
