Trd, 8638727.479, 105
Trd, 8638727.579, 71
Trd, 8638727.912, 131
Trd, 8638729.446, 65
Trd, 8638729.679, 66
Trd, 8638729.712, 62
Trd, 8638730.079, 79
Trd, 8638730.446, 136
Trd, 8638731.612, 140
Trd, 8638731.779, 140
Trd, 8638731.846, 139
Trd, 8638731.879, 110
Trd, 8638732.246, 73
Trd, 8638732.446, 74
Trd, 8638732.779, 136
Trd, 8638732.846, 135
Trd, 8638734.146, 97
Trd, 8638734.312, 65
Trd, 8638734.679, 140
Trd, 8638734.846, 140
Trd, 8638736.246, 140
Trd, 8638736.412, 140
Trd, 8638736.579, 139
Trd, 8638736.779, 138
Trd, 8638738.346, 138
Trd, 8638738.612, 117
Trd, 8638739.412, 137
Trd, 8638739.546, 119
Trd, 8638739.946, 126
Trd, 8638740.712, 124
Trd, 8638740.912, 120
Trd, 8638742.246, 130
Trd, 8638742.779, 140
Trd, 8638742.879, 137
Trd, 8638743.779, 109
Trd, 8638744.579, 140
Trd, 8638745.379, 128
Trd, 8638745.446, 127
Trd, 8638746.012, 135
Trd, 8638746.079, 129
Trd, 8638747.146, 140
Trd, 8638749.112, 140
Trd, 8638749.812, 140
Trd, 8638750.012, 140
Trd, 8638750.179, 140
Trd, 8638750.612, 140
Trd, 8638750.979, 140
Trd, 8638751.379, 140
Trd, 8638751.846, 140
Trd, 8638751.912, 140
Trd, 8638752.079, 95
Trd, 8638752.446, 95
Trd, 8638752.679, 129
Trd, 8638752.712, 87
Trd, 8638753.212, 109
Trd, 8638754.446, 140
Trd, 8638755.812, 140
Trd, 8638756.279, 140
Trd, 8638756.512, 140
Trd, 8638756.846, 140
Trd, 8638757.112, 139
Trd, 8638757.246, 103
Trd, 8638758.212, 104
Trd, 8638758.546, 110
Trd, 8638758.779, 111
Trd, 8638759.012, 113
Trd, 8638760.979, 140
Trd, 8638761.146, 140
Trd, 8638761.679, 140
Trd, 8638763.012, 140
Trd, 8638763.546, 140
Trd, 8638764.446, 140
Trd, 8638764.712, 140
Trd, 8638764.879, 140
Trd, 8638764.946, 139
Trd, 8638765.312, 125
Trd, 8638765.512, 125
Trd, 8638766.812, 133
Trd, 8638767.079, 121
Trd, 8638767.112, 138
Trd, 8638767.579, 140
Trd, 8638767.912, 119
Trd, 8638768.846, 122
Trd, 8638768.979, 99
Trd, 8638769.812, 98
Trd, 8638771.346, 118
Trd, 8638771.379, 102
Trd, 8638771.579, 106
Trd, 8638771.746, 101
Trd, 8638772.846, 140
Trd, 8638773.512, 140
Trd, 8638774.779, 140
Trd, 8638774.846, 140
Trd, 8638774.912, 140
Trd, 8638775.246, 140
Trd, 8638775.879, 140
Trd, 8638776.246, 139
Trd, 8638776.646, 138
Trd, 8638777.712, 140
Trd, 8638777.879, 139
Trd, 8638778.279, 103
Trd, 8638779.279, 62
Trd, 8638779.746, 62
Trd, 8638779.946, 63
Trd, 8638779.979, 65
Trd, 8638780.179, 69
Trd, 8638780.212, 68
Trd, 8638780.879, 114
Trd, 8638781.679, 123
Trd, 8638782.712, 140
Trd, 8638782.979, 140
Trd, 8638783.046, 139
Trd, 8638783.246, 137
Trd, 8638783.546, 122
Trd, 8638784.946, 60
Trd, 8638785.246, 65
Trd, 8638785.546, 66
Trd, 8638786.646, 122
Trd, 8638787.079, 112
Trd, 8638787.446, 101
Trd, 8638787.512, 99
Trd, 8638787.612, 81
Trd, 8638788.212, 61
Trd, 8638788.546, 140
Trd, 8638788.812, 140
Trd, 8638788.846, 140
Trd, 8638788.879, 140
Trd, 8638789.212, 140
Trd, 8638790.612, 123
Trd, 8638792.446, 140
Trd, 8638793.212, 140
Trd, 8638793.479, 140
Trd, 8638794.012, 140
Trd, 8638794.179, 140
Trd, 8638794.812, 140
Trd, 8638796.246, 140
Trd, 8638796.712, 140
Trd, 8638796.979, 140
Trd, 8638797.012, 140
Trd, 8638797.679, 140
Trd, 8638798.212, 140
Trd, 8638798.312, 99
Trd, 8638798.379, 91
Trd, 8638798.712, 140
Trd, 8638798.946, 78
Trd, 8638799.179, 91
Trd, 8638799.912, 91
Trd, 8638800.179, 99
Trd, 8638800.446, 135
Trd, 8638801.412, 130
Trd, 8638801.579, 77
Trd, 8638801.912, 132
Trd, 8638803.146, 140
Trd, 8638803.412, 140
Trd, 8638803.846, 140
Trd, 8638803.946, 140
Trd, 8638804.546, 140
Trd, 8638805.546, 116
Trd, 8638806.012, 116
Trd, 8638807.446, 138
Trd, 8638808.046, 140
Trd, 8638808.446, 140
Trd, 8638808.946, 140
Trd, 8638809.712, 140
Trd, 8638810.012, 140
Trd, 8638810.412, 140
Trd, 8638810.646, 136
Trd, 8638811.379, 105
Trd, 8638811.979, 80
Trd, 8638812.046, 94
Trd, 8638812.712, 104
Trd, 8638813.079, 106
Trd, 8638813.246, 125
Trd, 8638814.346, 114
Trd, 8638815.012, 114
Trd, 8638815.346, 110
Trd, 8638815.746, 110
Trd, 8638816.512, 127
Trd, 8638816.646, 129
Trd, 8638816.779, 123
Trd, 8638817.379, 111
Trd, 8638817.412, 80
Trd, 8638817.746, 119
Trd, 8638819.079, 103
Trd, 8638819.646, 114
Trd, 8638819.812, 113
Trd, 8638821.279, 61
Trd, 8638821.346, 62
Trd, 8638822.879, 60
Trd, 8638823.046, 60
Trd, 8638823.512, 61
Trd, 8638823.846, 60
Trd, 8638824.212, 62
Trd, 8638824.279, 70
Trd, 8638824.679, 140
Trd, 8638824.912, 140
Trd, 8638825.679, 140
Trd, 8638826.012, 138
Trd, 8638826.679, 134
Trd, 8638826.746, 132
Trd, 8638827.046, 103
Trd, 8638827.179, 80
Trd, 8638828.612, 139
Trd, 8638829.712, 140
Trd, 8638830.212, 140
Trd, 8638830.412, 140
Trd, 8638830.812, 139
Trd, 8638830.912, 134
Trd, 8638831.112, 131
Trd, 8638831.346, 139
Trd, 8638832.946, 135
Trd, 8638833.112, 134
Trd, 8638833.179, 133
Trd, 8638833.346, 139
Trd, 8638834.212, 140
Trd, 8638834.479, 138
Trd, 8638835.312, 93
Trd, 8638836.079, 94
Trd, 8638837.079, 140
Trd, 8638837.312, 140
Trd, 8638837.546, 140
Trd, 8638838.179, 140
Trd, 8638838.779, 128
Trd, 8638838.812, 127
Trd, 8638838.846, 123
Trd, 8638838.879, 132
Trd, 8638840.046, 101
Trd, 8638841.146, 104
Trd, 8638841.546, 102
Trd, 8638841.746, 117
Trd, 8638841.779, 77
Trd, 8638842.412, 87
Trd, 8638842.612, 121
Trd, 8638842.912, 131
Trd, 8638843.412, 109
Trd, 8638843.546, 108
Trd, 8638844.179, 131
Trd, 8638844.612, 100
Trd, 8638846.346, 140
Trd, 8638846.512, 140
Trd, 8638847.812, 140
Trd, 8638848.379, 140
Trd, 8638848.779, 140
Trd, 8638849.012, 140
Trd, 8638849.912, 140
Trd, 8638849.946, 140
Trd, 8638850.912, 140
Trd, 8638851.612, 140
Trd, 8638853.246, 140
Trd, 8638853.779, 140
Trd, 8638853.812, 140
Trd, 8638854.246, 140
Trd, 8638854.279, 140
Trd, 8638854.346, 128
Trd, 8638854.812, 126
Trd, 8638855.246, 140
Trd, 8638855.546, 122
Trd, 8638855.779, 139
Trd, 8638856.246, 86
Trd, 8638856.412, 85
Trd, 8638856.612, 107
Trd, 8638858.512, 140
Trd, 8638858.612, 140
Trd, 8638859.646, 140
Trd, 8638860.112, 140
Trd, 8638860.346, 140
Trd, 8638860.612, 139
Trd, 8638861.279, 140
Trd, 8638862.112, 120
Trd, 8638862.712, 121
Trd, 8638862.846, 130
Trd, 8638863.346, 140
Trd, 8638863.746, 140
Trd, 8638864.212, 140
Trd, 8638864.579, 140
Trd, 8638865.779, 140
Trd, 8638866.246, 140
Trd, 8638867.346, 140
Trd, 8638867.646, 140
Trd, 8638867.812, 140
Trd, 8638867.846, 140
Trd, 8638868.246, 140
Trd, 8638868.279, 124
Trd, 8638868.412, 119
Trd, 8638869.179, 140
Trd, 8638869.579, 121
Trd, 8638869.612, 112
Trd, 8638869.679, 140
Trd, 8638869.846, 111
Trd, 8638870.012, 138
Trd, 8638870.446, 109
Trd, 8638871.679, 94
Trd, 8638872.079, 94
Trd, 8638872.512, 130
Trd, 8638873.279, 82
Trd, 8638873.546, 63
Trd, 8638873.646, 72
Trd, 8638874.179, 116
Trd, 8638875.146, 127
Trd, 8638875.912, 127
Trd, 8638876.579, 90
Trd, 8638876.712, 69
Trd, 8638877.179, 101
Trd, 8638877.412, 102
Trd, 8638877.512, 107
Trd, 8638878.079, 122
Trd, 8638878.479, 109
Trd, 8638878.612, 68
Trd, 8638879.279, 130
Trd, 8638879.612, 75
Trd, 8638880.012, 75
Trd, 8638880.212, 130
Trd, 8638880.312, 131
Trd, 8638881.679, 78
Trd, 8638881.879, 103
Trd, 8638882.212, 77
Trd, 8638883.746, 134
Trd, 8638884.379, 77
Trd, 8638884.546, 76
Trd, 8638884.679, 139
Trd, 8638884.812, 138
Trd, 8638884.979, 74
Trd, 8638886.512, 140
Trd, 8638887.479, 140
Trd, 8638888.112, 140
Trd, 8638888.379, 140
Trd, 8638891.012, 140
Trd, 8638891.312, 140
Trd, 8638891.412, 140
Trd, 8638891.579, 140
Trd, 8638891.946, 140
Trd, 8638892.246, 137
Trd, 8638893.112, 140
Trd, 8638893.179, 139
Trd, 8638893.846, 140
Trd, 8638894.879, 140
Trd, 8638895.446, 140
Trd, 8638895.612, 140
Trd, 8638895.912, 140
Trd, 8638897.312, 138
Trd, 8638897.812, 140
Trd, 8638898.112, 140
Trd, 8638898.146, 140
Trd, 8638899.146, 140
Trd, 8638899.579, 140
Trd, 8638899.979, 140
Trd, 8638900.279, 140
Trd, 8638900.679, 140
Trd, 8638901.012, 140
Trd, 8638901.079, 139
Trd, 8638901.646, 73
Trd, 8638901.779, 71
Trd, 8638903.046, 134
Trd, 8638903.312, 66
Trd, 8638903.546, 73
Trd, 8638904.279, 63
Trd, 8638904.346, 62
Trd, 8638904.812, 71
Trd, 8638905.212, 72
Trd, 8638905.812, 123
Trd, 8638906.746, 140
Trd, 8638908.246, 140
Trd, 8638908.512, 140
Trd, 8638908.746, 140
Trd, 8638908.912, 140
Trd, 8638909.179, 140
Trd, 8638909.746, 139
Trd, 8638910.112, 135
Trd, 8638910.546, 140
Trd, 8638911.546, 107
Trd, 8638913.412, 140
Trd, 8638913.546, 140
Trd, 8638914.212, 140
Trd, 8638914.279, 140
Trd, 8638915.379, 140
Trd, 8638915.479, 140
Trd, 8638915.679, 140
Trd, 8638916.146, 139
Trd, 8638916.746, 140
Trd, 8638918.312, 140
Trd, 8638918.579, 140
Trd, 8638919.146, 139
Trd, 8638919.212, 137
Trd, 8638920.112, 140
Trd, 8638920.446, 140
Trd, 8638920.612, 140
Trd, 8638920.846, 140
Trd, 8638921.479, 117
Trd, 8638922.646, 116
Trd, 8638922.679, 117
Trd, 8638922.712, 128
Trd, 8638922.779, 105
Trd, 8638923.512, 138
Trd, 8638923.712, 129
Trd, 8638923.912, 140
Trd, 8638924.612, 113
Trd, 8638925.079, 112
Trd, 8638926.579, 140
Trd, 8638926.712, 139
Trd, 8638928.479, 140
Trd, 8638928.646, 140
Trd, 8638928.746, 140
Trd, 8638928.812, 140
Trd, 8638929.279, 118
Trd, 8638930.679, 121
Trd, 8638930.946, 120
Trd, 8638931.546, 140
Trd, 8638932.646, 140
Trd, 8638932.779, 140
Trd, 8638933.012, 140
Trd, 8638933.846, 140
Trd, 8638934.112, 140
Trd, 8638934.312, 140
Trd, 8638934.512, 140
Trd, 8638935.112, 140
Trd, 8638935.246, 138
Trd, 8638936.812, 113
Trd, 8638937.246, 138
Trd, 8638938.412, 107
Trd, 8638938.746, 107
Trd, 8638938.846, 138
Trd, 8638939.446, 139
Trd, 8638939.512, 97
Trd, 8638940.212, 129
Trd, 8638940.346, 128
Trd, 8638940.546, 116
Trd, 8638941.546, 140
Trd, 8638942.246, 139
Trd, 8638942.279, 84
Trd, 8638942.846, 107
Trd, 8638943.646, 132
Trd, 8638944.412, 140
Trd, 8638944.546, 104
Trd, 8638945.279, 132
Trd, 8638946.646, 140
Trd, 8638946.912, 140
Trd, 8638947.212, 140
Trd, 8638947.879, 140
Trd, 8638948.612, 140
Trd, 8638948.746, 140
Trd, 8638948.879, 140
Trd, 8638949.512, 140
Trd, 8638949.612, 140
Trd, 8638949.646, 117
Trd, 8638949.879, 101
Trd, 8638951.512, 108
Trd, 8638951.679, 106
Trd, 8638951.746, 133
Trd, 8638952.446, 128
Trd, 8638952.712, 115
Trd, 8638953.612, 127
Trd, 8638953.712, 114
Trd, 8638954.146, 128
Trd, 8638954.546, 129
Trd, 8638954.679, 130
Trd, 8638955.512, 140
Trd, 8638956.479, 139
Trd, 8638956.646, 138
Trd, 8638956.712, 129
Trd, 8638956.979, 91
Trd, 8638957.846, 60
Trd, 8638959.012, 60
Trd, 8638959.179, 61
Trd, 8638959.379, 71
Trd, 8638960.012, 62
Trd, 8638960.746, 111
Trd, 8638961.779, 140
Trd, 8638961.812, 140
Trd, 8638962.146, 140
Trd, 8638962.479, 140
Trd, 8638962.546, 134
Trd, 8638963.346, 80
Trd, 8638966.212, 140
Trd, 8638966.712, 140
Trd, 8638967.112, 140
Trd, 8638967.746, 140
Trd, 8638967.912, 140
Trd, 8638968.046, 140
Trd, 8638968.179, 140
Trd, 8638968.679, 140
Trd, 8638968.946, 140
Trd, 8638969.279, 140
Trd, 8638969.446, 138
Trd, 8638969.646, 140
Trd, 8638971.746, 140
Trd, 8638972.012, 137
Trd, 8638973.379, 139
Trd, 8638973.912, 140
Trd, 8638974.546, 140
Trd, 8638974.679, 140
Trd, 8638975.979, 140
Trd, 8638976.646, 140
Trd, 8638977.279, 140
Trd, 8638978.079, 139
Trd, 8638978.212, 138
Trd, 8638978.546, 135
Trd, 8638978.812, 134
Trd, 8638979.612, 136
Trd, 8638980.212, 135
Trd, 8638980.312, 134
Trd, 8638980.646, 136
Trd, 8638980.679, 118
Trd, 8638981.179, 137
Trd, 8638981.612, 118
Trd, 8638982.046, 122
Trd, 8638982.312, 99
Trd, 8638982.379, 99
Trd, 8638983.479, 133
Trd, 8638983.779, 132
Trd, 8638985.146, 140
Trd, 8638986.746, 140
Trd, 8638987.146, 140
Trd, 8638987.246, 140
Trd, 8638988.379, 140
Trd, 8638989.346, 137
Trd, 8638989.712, 140
Trd, 8638990.112, 140
Trd, 8638991.112, 140
Trd, 8638991.146, 140
Trd, 8638991.779, 138
Trd, 8638991.979, 137
Trd, 8638992.379, 117
Trd, 8638992.712, 132
Trd, 8638992.746, 116
Trd, 8638993.279, 124
Trd, 8638994.279, 136
Trd, 8638995.112, 138
Trd, 8638995.779, 140
Trd, 8638996.046, 140
Trd, 8638996.212, 140
Trd, 8638996.812, 140
Trd, 8638997.979, 140
Trd, 8638998.246, 140
Trd, 8638998.979, 140
Trd, 8638999.312, 139
Trd, 8638999.579, 111
Trd, 8638999.912, 92
Trd, 8639001.579, 140
Trd, 8639002.346, 140
Trd, 8639002.479, 140
Trd, 8639002.612, 140
Trd, 8639002.812, 139
Trd, 8639003.212, 104
Trd, 8639004.012, 140
Trd, 8639004.179, 105
Trd, 8639006.246, 140
Trd, 8639006.312, 140
Trd, 8639006.379, 140
Trd, 8639006.879, 140
Trd, 8639007.146, 140
Trd, 8639007.646, 62
Trd, 8639007.912, 90
Trd, 8639008.879, 62
Trd, 8639008.979, 65
Trd, 8639010.046, 133
Trd, 8639010.079, 130
Trd, 8639011.579, 140
Trd, 8639011.612, 140
Trd, 8639012.012, 140
Trd, 8639012.812, 140
Trd, 8639013.646, 140
Trd, 8639013.846, 140
Trd, 8639014.646, 140
Trd, 8639014.712, 140
Trd, 8639014.812, 105
Trd, 8639014.912, 105
Trd, 8639015.746, 140
Trd, 8639016.412, 140
Trd, 8639016.612, 140
Trd, 8639016.912, 140
Trd, 8639017.179, 140
Trd, 8639017.212, 138
Trd, 8639017.479, 95
Trd, 8639017.712, 140
Trd, 8639019.212, 140
Trd, 8639021.179, 84
Trd, 8639021.312, 125
Trd, 8639021.946, 121
Trd, 8639022.346, 122
Trd, 8639023.179, 123
Trd, 8639023.312, 123
Trd, 8639023.746, 119
Trd, 8639023.879, 75
Trd, 8639024.746, 64
Trd, 8639024.879, 124
Trd, 8639025.279, 71
Trd, 8639025.612, 124
Trd, 8639026.646, 60
Trd, 8639026.846, 63
Trd, 8639027.212, 111
Trd, 8639027.379, 67
Trd, 8639028.979, 107
Trd, 8639029.379, 75
Trd, 8639029.446, 131
Trd, 8639029.712, 113
Trd, 8639030.779, 129
Trd, 8639031.212, 115
Trd, 8639031.879, 129
Trd, 8639032.079, 120
Trd, 8639032.279, 120
Trd, 8639032.479, 119
Trd, 8639032.546, 114
Trd, 8639032.646, 99
Trd, 8639033.512, 140
Trd, 8639034.246, 140
Trd, 8639034.612, 140
Trd, 8639036.379, 140
Trd, 8639037.346, 140
Trd, 8639038.079, 140
Trd, 8639038.212, 140
Trd, 8639038.712, 140
Trd, 8639039.346, 140
Trd, 8639039.979, 140
Trd, 8639040.279, 140
Trd, 8639040.746, 139
Trd, 8639040.979, 120
Trd, 8639041.979, 140
Trd, 8639042.246, 140
Trd, 8639043.112, 140
Trd, 8639043.979, 140
Trd, 8639044.212, 138
Trd, 8639044.446, 134
Trd, 8639045.846, 140
Trd, 8639046.812, 124
Trd, 8639047.312, 139
Trd, 8639047.546, 138
Trd, 8639047.746, 137
Trd, 8639047.979, 139
Trd, 8639048.746, 125
Trd, 8639049.679, 118
Trd, 8639049.946, 140
Trd, 8639050.979, 140
Trd, 8639051.046, 140
Trd, 8639051.379, 140
Trd, 8639051.612, 130
Trd, 8639051.879, 130
Trd, 8639051.979, 131
Trd, 8639052.246, 102
Trd, 8639052.512, 77
Trd, 8639052.746, 73
Trd, 8639053.012, 63
Trd, 8639055.512, 133
Trd, 8639055.946, 67
Trd, 8639056.112, 140
Trd, 8639056.246, 110
Trd, 8639057.312, 105
Trd, 8639058.179, 104
Trd, 8639058.212, 103
Trd, 8639058.346, 79
Trd, 8639059.079, 91
Trd, 8639059.846, 140
Trd, 8639060.079, 140
Trd, 8639060.579, 140
Trd, 8639060.746, 140
Trd, 8639060.812, 140
Trd, 8639061.679, 138
Trd, 8639061.846, 95
Trd, 8639063.512, 95
Trd, 8639063.879, 90
Trd, 8639064.946, 140
Trd, 8639065.212, 121
Trd, 8639065.346, 120
Trd, 8639066.079, 92
Trd, 8639066.346, 93
Trd, 8639066.746, 92
Trd, 8639067.446, 93
Trd, 8639067.646, 92
Trd, 8639068.446, 67
Trd, 8639069.346, 140
Trd, 8639069.879, 140
Trd, 8639070.679, 140
Trd, 8639071.179, 140
Trd, 8639071.212, 105
Trd, 8639071.812, 82
Trd, 8639071.912, 80
Trd, 8639072.412, 140
Trd, 8639072.946, 140
Trd, 8639073.279, 140
Trd, 8639074.112, 140
Trd, 8639075.179, 140
Trd, 8639075.479, 140
Trd, 8639076.146, 139
Trd, 8639076.346, 140
Trd, 8639077.012, 131
Trd, 8639077.679, 140
Trd, 8639078.312, 140
Trd, 8639079.079, 140
Trd, 8639079.812, 140
Trd, 8639080.279, 140
Trd, 8639081.279, 140
Trd, 8639081.646, 140
Trd, 8639081.746, 140
Trd, 8639081.812, 140
Trd, 8639082.046, 140
Trd, 8639082.446, 139
Trd, 8639082.712, 122
Trd, 8639083.412, 117
Trd, 8639083.579, 113
Trd, 8639084.346, 110
Trd, 8639085.379, 131
Trd, 8639085.512, 130
Trd, 8639087.712, 140
Trd, 8639087.746, 140
Trd, 8639088.546, 140
Trd, 8639088.812, 140
Trd, 8639089.812, 140
Trd, 8639090.346, 140
Trd, 8639091.312, 140
Trd, 8639091.579, 140
Trd, 8639091.746, 140
Trd, 8639092.046, 140
Trd, 8639092.812, 140
Trd, 8639092.879, 140
Trd, 8639092.979, 126
Trd, 8639093.512, 91
Trd, 8639093.779, 139
Trd, 8639094.079, 73
Trd, 8639094.746, 135
Trd, 8639095.412, 136
Trd, 8639095.712, 136
Trd, 8639095.946, 138
Trd, 8639095.979, 125
Trd, 8639096.046, 98
Trd, 8639096.212, 74
Trd, 8639098.879, 140
Trd, 8639099.412, 140
Trd, 8639099.679, 140
Trd, 8639100.212, 140
Trd, 8639100.646, 140
Trd, 8639100.779, 140
Trd, 8639100.812, 140
Trd, 8639101.979, 140
Trd, 8639102.046, 140
Trd, 8639102.912, 139
Trd, 8639103.646, 138
Trd, 8639104.079, 136
Trd, 8639104.712, 136
Trd, 8639105.112, 140
Trd, 8639106.346, 140
Trd, 8639106.512, 140
Trd, 8639107.646, 140
Trd, 8639107.679, 140
Trd, 8639108.146, 140
Trd, 8639108.979, 140
Trd, 8639109.312, 140
Trd, 8639109.412, 140
Trd, 8639110.479, 140
Trd, 8639110.646, 139
Trd, 8639110.946, 127
Trd, 8639111.879, 121
Trd, 8639112.412, 123
Trd, 8639112.846, 122
Trd, 8639114.779, 140
Trd, 8639115.546, 140
Trd, 8639115.779, 140
Trd, 8639116.179, 140
Trd, 8639116.412, 140
Trd, 8639116.446, 123
Trd, 8639117.079, 140
Trd, 8639117.112, 140
Trd, 8639117.779, 140
Trd, 8639117.979, 120
Trd, 8639118.379, 131
Trd, 8639118.879, 130
Trd, 8639119.312, 129
Trd, 8639119.646, 109
Trd, 8639119.979, 82
Trd, 8639120.179, 126
Trd, 8639120.379, 133
Trd, 8639120.479, 69
Trd, 8639121.512, 63
Trd, 8639121.979, 64
Trd, 8639122.179, 63
Trd, 8639124.179, 109
Trd, 8639124.479, 140
Trd, 8639124.512, 108
Trd, 8639124.546, 105
Trd, 8639124.812, 67
Trd, 8639127.412, 140
Trd, 8639127.946, 140
Trd, 8639128.179, 140
Trd, 8639128.779, 140
Trd, 8639130.212, 140
Trd, 8639130.812, 140
Trd, 8639131.446, 140
Trd, 8639131.746, 140
Trd, 8639131.946, 140
Trd, 8639132.412, 140
Trd, 8639132.712, 140
Trd, 8639134.412, 140
Trd, 8639134.612, 140
Trd, 8639134.846, 136
Trd, 8639134.979, 133
Trd, 8639136.112, 140
Trd, 8639136.212, 104
Trd, 8639136.812, 102
Trd, 8639138.246, 126
Trd, 8639138.446, 102
Trd, 8639138.479, 102
Trd, 8639138.712, 113
Trd, 8639139.079, 104
Trd, 8639139.179, 126
Trd, 8639140.012, 137
Trd, 8639140.712, 117
Trd, 8639140.779, 116
Trd, 8639141.312, 67
Trd, 8639142.179, 140
Trd, 8639142.679, 140
Trd, 8639143.079, 140
Trd, 8639143.546, 138
Trd, 8639144.179, 134
Trd, 8639144.679, 135
Trd, 8639145.512, 135
Trd, 8639146.046, 137
Trd, 8639147.346, 114
Trd, 8639147.446, 113
Trd, 8639147.846, 138
Trd, 8639147.912, 113
Trd, 8639148.312, 98
Trd, 8639148.846, 139
Trd, 8639149.212, 68
Trd, 8639149.512, 123
Trd, 8639149.579, 139
Trd, 8639151.079, 60
Trd, 8639151.746, 60
Trd, 8639152.412, 60
Trd, 8639152.579, 60
Trd, 8639152.679, 67
Trd, 8639153.546, 65
Trd, 8639153.779, 68
Trd, 8639155.746, 60
Trd, 8639156.146, 60
Trd, 8639156.279, 60
Trd, 8639156.746, 64
Trd, 8639157.046, 64
Trd, 8639157.246, 65
Trd, 8639157.812, 67
Trd, 8639158.346, 108
Trd, 8639158.612, 140
Trd, 8639158.646, 107
Trd, 8639158.946, 107
Trd, 8639159.212, 140
Trd, 8639160.079, 139
Trd, 8639160.146, 117
Trd, 8639160.179, 83
Trd, 8639161.379, 73
Trd, 8639163.046, 140
Trd, 8639163.246, 140
Trd, 8639163.346, 140
Trd, 8639163.812, 140
Trd, 8639164.012, 139
Trd, 8639164.812, 137
Trd, 8639165.179, 140
Trd, 8639165.379, 140
Trd, 8639165.446, 136
Trd, 8639167.046, 139
Trd, 8639167.179, 136
Trd, 8639167.712, 125
Trd, 8639168.179, 127
Trd, 8639168.479, 126
Trd, 8639168.746, 139
Trd, 8639170.246, 139
Trd, 8639170.379, 140
Trd, 8639170.879, 140
Trd, 8639171.012, 139
Trd, 8639172.012, 140
Trd, 8639173.146, 139
Trd, 8639173.179, 138
Trd, 8639173.446, 129
Trd, 8639173.512, 128
Trd, 8639173.979, 104
Trd, 8639175.312, 120
Trd, 8639175.946, 129
Trd, 8639176.112, 122
Trd, 8639176.512, 126
Trd, 8639176.679, 121
Trd, 8639177.746, 105
Trd, 8639177.879, 94
Trd, 8639178.579, 92
Trd, 8639178.812, 88
Trd, 8639178.979, 121
Trd, 8639179.346, 89
Trd, 8639179.479, 87
Trd, 8639180.212, 83
Trd, 8639180.346, 83
Trd, 8639181.179, 116
Trd, 8639181.279, 64
Trd, 8639181.812, 135
Trd, 8639182.312, 122
Trd, 8639184.046, 140
Trd, 8639184.146, 140
Trd, 8639184.512, 140
Trd, 8639184.579, 140
Trd, 8639184.979, 139
Trd, 8639185.579, 131
Trd, 8639186.379, 107
Trd, 8639187.446, 139
Trd, 8639187.846, 140
Trd, 8639188.212, 138
Trd, 8639188.746, 136
Trd, 8639189.946, 140
Trd, 8639190.879, 140
Trd, 8639190.946, 140
Trd, 8639191.512, 140
Trd, 8639191.679, 140
Trd, 8639191.946, 120
Trd, 8639192.279, 118
Trd, 8639193.379, 140
Trd, 8639195.079, 140
Trd, 8639195.446, 140
Trd, 8639195.846, 140
Trd, 8639196.012, 140
Trd, 8639196.546, 140
Trd, 8639197.012, 137
Trd, 8639197.646, 140
Trd, 8639198.046, 140
Trd, 8639199.346, 140
Trd, 8639200.146, 140
Trd, 8639200.179, 140
Trd, 8639200.579, 140
Trd, 8639201.646, 140
Trd, 8639201.879, 140
Trd, 8639202.046, 107
Trd, 8639202.212, 131
Trd, 8639202.912, 139
Trd, 8639204.246, 140
Trd, 8639204.379, 140
Trd, 8639204.879, 140
Trd, 8639205.812, 140
Trd, 8639206.412, 140
Trd, 8639208.612, 140
Trd, 8639209.046, 140
Trd, 8639209.212, 140
Trd, 8639209.279, 140
Trd, 8639209.612, 140
Trd, 8639209.779, 140
Trd, 8639210.446, 140
Trd, 8639211.112, 140
Trd, 8639212.079, 140
Trd, 8639212.112, 140
Trd, 8639212.479, 140
Trd, 8639212.779, 140
Trd, 8639213.046, 137
Trd, 8639213.112, 110
Trd, 8639213.479, 136
Trd, 8639214.012, 112
Trd, 8639214.779, 61
Trd, 8639215.279, 136
Trd, 8639217.046, 98
Trd, 8639217.079, 97
Trd, 8639217.546, 122
Trd, 8639217.812, 110
Trd, 8639218.079, 128
Trd, 8639218.212, 110
Trd, 8639218.679, 130
Trd, 8639218.812, 109
Trd, 8639219.246, 102
Trd, 8639219.879, 107
Trd, 8639220.079, 105
Trd, 8639220.112, 104
Trd, 8639220.446, 97
Trd, 8639220.912, 98
Trd, 8639221.312, 112
Trd, 8639221.679, 130
Trd, 8639222.579, 140
Trd, 8639222.879, 140
Trd, 8639223.046, 138
Trd, 8639223.479, 80
Trd, 8639224.246, 89
Trd, 8639225.112, 140
Trd, 8639225.579, 91
Trd, 8639226.646, 137
Trd, 8639226.946, 95
Trd, 8639227.912, 132
Trd, 8639228.512, 136
Trd, 8639228.979, 134
Trd, 8639229.079, 133
Trd, 8639229.912, 133
Trd, 8639230.012, 133
Trd, 8639230.546, 133
Trd, 8639230.979, 135
Trd, 8639231.746, 136
Trd, 8639232.079, 139
Trd, 8639232.346, 140
Trd, 8639232.646, 135
Trd, 8639233.312, 134
Trd, 8639233.612, 135
Trd, 8639234.479, 135
Trd, 8639235.179, 140
Trd, 8639235.412, 140
Trd, 8639235.912, 140
Trd, 8639236.712, 140
Trd, 8639237.979, 140
Trd, 8639238.112, 140
Trd, 8639238.946, 140
Trd, 8639239.479, 140
Trd, 8639239.712, 139
Trd, 8639239.746, 132
Trd, 8639240.279, 140
Trd, 8639240.546, 131
Trd, 8639240.946, 131
Trd, 8639241.479, 140
Trd, 8639241.512, 140
Trd, 8639242.179, 130
Trd, 8639243.946, 110
Trd, 8639244.079, 104
Trd, 8639244.279, 130
Trd, 8639244.946, 140
Trd, 8639245.712, 139
Trd, 8639245.979, 122
Trd, 8639247.346, 121
Trd, 8639248.346, 140
Trd, 8639248.679, 121
Trd, 8639248.912, 121
Trd, 8639249.446, 140
Trd, 8639250.112, 140
Trd, 8639250.212, 140
Trd, 8639250.812, 140
Trd, 8639251.979, 132
Trd, 8639252.212, 140
Trd, 8639252.446, 121
Trd, 8639252.879, 104
Trd, 8639253.812, 99
Trd, 8639254.312, 140
Trd, 8639255.012, 140
Trd, 8639255.312, 139
Trd, 8639255.846, 138
Trd, 8639255.979, 138
Trd, 8639256.879, 139
Trd, 8639257.012, 138
Trd, 8639258.479, 140
Trd, 8639258.612, 140
Trd, 8639259.346, 135
Trd, 8639259.579, 135
Trd, 8639259.746, 134
Trd, 8639260.946, 140
Trd, 8639261.812, 140
Trd, 8639262.012, 139
Trd, 8639262.112, 130
Trd, 8639264.546, 140
Trd, 8639264.779, 140
Trd, 8639264.912, 140
Trd, 8639265.079, 140
Trd, 8639265.112, 140
Trd, 8639265.812, 140
Trd, 8639266.146, 140
Trd, 8639266.346, 140
Trd, 8639266.646, 140
Trd, 8639266.979, 138
Trd, 8639267.246, 139
Trd, 8639267.746, 132
Trd, 8639268.146, 76
Trd, 8639268.412, 74
Trd, 8639268.846, 60
Trd, 8639269.246, 60
Trd, 8639269.979, 60
Trd, 8639270.046, 60
Trd, 8639270.446, 140
Trd, 8639271.079, 140
Trd, 8639271.779, 140
Trd, 8639272.612, 140
Trd, 8639273.179, 140
Trd, 8639273.312, 139
Trd, 8639274.146, 138
Trd, 8639274.879, 110
Trd, 8639274.946, 108
Trd, 8639276.479, 140
Trd, 8639276.579, 140
Trd, 8639277.346, 140
Trd, 8639277.612, 140
Trd, 8639278.279, 140
Trd, 8639278.612, 138
Trd, 8639279.412, 140
Trd, 8639279.612, 140
Trd, 8639279.779, 137
Trd, 8639280.546, 132
Trd, 8639280.612, 140
Trd, 8639280.746, 118
Trd, 8639281.112, 116
Trd, 8639281.646, 118
Trd, 8639282.912, 103
Trd, 8639283.046, 140
Trd, 8639283.679, 102
Trd, 8639284.246, 90
Trd, 8639285.912, 127
Trd, 8639285.946, 124
Trd, 8639286.079, 123
Trd, 8639287.412, 132
Trd, 8639288.346, 140
Trd, 8639288.846, 139
Trd, 8639289.112, 134
Trd, 8639289.279, 95
Trd, 8639291.846, 140
Trd, 8639292.579, 140
Trd, 8639292.679, 140
Trd, 8639292.779, 140
Trd, 8639292.846, 136
Trd, 8639294.312, 140
Trd, 8639294.412, 140
Trd, 8639294.579, 140
Trd, 8639294.612, 140
Trd, 8639296.112, 140
Trd, 8639296.212, 140
Trd, 8639296.846, 138
Trd, 8639296.879, 124
Trd, 8639297.479, 122
Trd, 8639297.979, 104
Trd, 8639298.046, 136
Trd, 8639298.146, 138
Trd, 8639298.279, 90
Trd, 8639298.612, 140
Trd, 8639300.779, 140
Trd, 8639300.846, 140
Trd, 8639302.012, 140
Trd, 8639302.046, 140
Trd, 8639302.479, 138
Trd, 8639302.779, 111
Trd, 8639304.246, 140
Trd, 8639304.379, 140
Trd, 8639304.546, 138
Trd, 8639304.879, 127
Trd, 8639304.946, 125
Trd, 8639306.579, 136
Trd, 8639306.812, 136
Trd, 8639307.279, 125
Trd, 8639308.046, 129
Trd, 8639308.512, 135
Trd, 8639308.879, 140
Trd, 8639309.046, 140
Trd, 8639309.079, 140
Trd, 8639309.312, 140
Trd, 8639309.912, 139
Trd, 8639310.046, 135
Trd, 8639311.146, 125
Trd, 8639311.346, 124
Trd, 8639311.379, 114
Trd, 8639312.312, 138
Trd, 8639312.612, 62
Trd, 8639313.279, 62
Trd, 8639313.312, 61
Trd, 8639313.846, 125
Trd, 8639313.979, 66
Trd, 8639315.146, 123
Trd, 8639315.212, 122
Trd, 8639315.346, 137
Trd, 8639317.612, 140
Trd, 8639317.812, 140
Trd, 8639318.646, 140
Trd, 8639318.879, 140
Trd, 8639319.012, 140
Trd, 8639319.179, 136
Trd, 8639319.912, 100
Trd, 8639320.479, 99
Trd, 8639321.146, 136
Trd, 8639321.479, 133
Trd, 8639321.512, 136
Trd, 8639321.746, 132
Trd, 8639323.279, 86
Trd, 8639323.346, 100
Trd, 8639323.912, 115
Trd, 8639324.012, 112
Trd, 8639324.512, 89
Trd, 8639325.279, 140
Trd, 8639325.646, 140
Trd, 8639326.146, 139
Trd, 8639326.179, 127
Trd, 8639327.079, 138
Trd, 8639328.312, 140
Trd, 8639328.412, 140
Trd, 8639328.579, 140
Trd, 8639328.912, 89
Trd, 8639330.446, 135
Trd, 8639330.846, 97
Trd, 8639332.212, 133
Trd, 8639332.346, 133
Trd, 8639332.846, 137
Trd, 8639332.879, 121
Trd, 8639333.412, 118
Trd, 8639333.612, 117
Trd, 8639334.012, 139
Trd, 8639334.246, 123
Trd, 8639335.212, 91
Trd, 8639335.779, 94
Trd, 8639335.812, 93
Trd, 8639336.079, 90
Trd, 8639337.312, 140
Trd, 8639337.346, 140
Trd, 8639338.212, 96
Trd, 8639339.312, 140
Trd, 8639340.179, 140
Trd, 8639340.546, 140
Trd, 8639340.846, 140
Trd, 8639342.012, 140
Trd, 8639342.546, 140
Trd, 8639342.812, 140
Trd, 8639343.379, 140
Trd, 8639343.479, 139
Trd, 8639343.812, 140
Trd, 8639344.246, 97
Trd, 8639345.412, 121
Trd, 8639345.812, 102
Trd, 8639345.846, 101
Trd, 8639345.946, 100
Trd, 8639346.112, 122
Trd, 8639346.346, 130
Trd, 8639346.412, 94
Trd, 8639347.146, 137
Trd, 8639347.512, 94
Trd, 8639347.912, 119
Trd, 8639348.579, 135
Trd, 8639350.712, 140
Trd, 8639350.979, 140
Trd, 8639351.479, 140
Trd, 8639351.679, 140
Trd, 8639352.112, 140
Trd, 8639352.346, 140
Trd, 8639352.712, 140
Trd, 8639352.779, 139
Trd, 8639353.979, 140
Trd, 8639354.212, 140
Trd, 8639354.746, 107
Trd, 8639355.646, 129
Trd, 8639355.779, 85
Trd, 8639355.979, 129
Trd, 8639356.146, 130
Trd, 8639356.279, 129
Trd, 8639356.379, 132
Trd, 8639357.312, 60
Trd, 8639357.379, 61
Trd, 8639357.712, 73
Trd, 8639358.912, 60
Trd, 8639359.679, 60
Trd, 8639359.946, 60
Trd, 8639360.112, 60
Trd, 8639360.412, 77
Trd, 8639360.546, 78
Trd, 8639360.879, 66
Trd, 8639361.912, 135
Trd, 8639362.512, 123
Trd, 8639363.446, 139
Trd, 8639364.212, 140
Trd, 8639364.846, 140
Trd, 8639365.312, 139
Trd, 8639365.512, 138
Trd, 8639365.612, 138
Trd, 8639366.679, 140
Trd, 8639367.212, 139
Trd, 8639367.246, 138
Trd, 8639367.746, 133
Trd, 8639368.012, 104
Trd, 8639371.312, 140
Trd, 8639372.179, 140
Trd, 8639372.879, 140
Trd, 8639373.246, 140
Trd, 8639373.379, 140
Trd, 8639374.512, 140
Trd, 8639375.212, 140
Trd, 8639375.546, 140
Trd, 8639376.512, 140
Trd, 8639376.912, 140
Trd, 8639377.112, 140
Trd, 8639377.546, 140
Trd, 8639377.846, 140
Trd, 8639377.979, 139
Trd, 8639378.046, 98
Trd, 8639378.212, 123
Trd, 8639378.879, 140
Trd, 8639379.446, 106
Trd, 8639379.512, 82
Trd, 8639380.812, 89
Trd, 8639380.879, 103
Trd, 8639382.079, 90
Trd, 8639382.112, 89
Trd, 8639382.146, 103
Trd, 8639382.379, 87
Trd, 8639382.612, 137
Trd, 8639383.646, 64
Trd, 8639383.946, 72
Trd, 8639384.246, 73
Trd, 8639384.979, 125
Trd, 8639387.112, 140
Trd, 8639387.212, 140
Trd, 8639387.446, 140
Trd, 8639387.546, 140
Trd, 8639388.312, 140
Trd, 8639388.979, 140
Trd, 8639389.179, 140
Trd, 8639389.712, 140
Trd, 8639390.112, 140
Trd, 8639390.212, 140
Trd, 8639390.946, 139
Trd, 8639391.712, 140
Trd, 8639391.812, 139
Trd, 8639392.512, 116
Trd, 8639394.146, 140
Trd, 8639394.412, 139
Trd, 8639394.546, 138
Trd, 8639395.612, 140
Trd, 8639395.846, 135
Trd, 8639396.079, 124
Trd, 8639396.279, 106
Trd, 8639396.746, 137
Trd, 8639397.012, 138
Trd, 8639397.279, 109
Trd, 8639397.812, 139
Trd, 8639398.179, 117
Trd, 8639398.512, 115
Trd, 8639398.546, 122
Trd, 8639399.546, 61
Trd, 8639399.979, 140
Trd, 8639401.012, 70
Trd, 8639402.179, 81
Trd, 8639402.612, 110
Trd, 8639402.679, 90
Trd, 8639402.846, 112
Trd, 8639403.346, 79
Trd, 8639404.179, 139
Trd, 8639404.612, 139
Trd, 8639404.746, 138
Trd, 8639405.312, 140
Trd, 8639405.979, 140
Trd, 8639407.146, 140
Trd, 8639408.246, 140
Trd, 8639408.812, 140
Trd, 8639408.879, 140
Trd, 8639409.446, 140
Trd, 8639410.246, 90
Trd, 8639410.712, 120
Trd, 8639411.446, 139
Trd, 8639412.046, 140
Trd, 8639412.079, 122
Trd, 8639412.412, 123
Trd, 8639412.679, 123
Trd, 8639413.012, 122
Trd, 8639413.212, 64
Trd, 8639413.479, 137
Trd, 8639413.746, 89
Trd, 8639414.846, 140
Trd, 8639415.879, 140
Trd, 8639417.012, 140
Trd, 8639417.646, 139
Trd, 8639417.746, 110
Trd, 8639419.546, 140
Trd, 8639419.746, 139
Trd, 8639420.112, 140
Trd, 8639420.512, 140
Trd, 8639420.812, 140
Trd, 8639421.279, 139
Trd, 8639421.479, 139
Trd, 8639421.612, 139
Trd, 8639422.546, 140
Trd, 8639422.779, 140
Trd, 8639423.679, 124
Trd, 8639424.246, 140
Trd, 8639424.479, 133
Trd, 8639424.946, 126
Trd, 8639424.979, 124
Trd, 8639425.479, 139
Trd, 8639425.979, 131
Trd, 8639426.046, 127
Trd, 8639426.312, 126
Trd, 8639428.246, 140
Trd, 8639428.279, 140
Trd, 8639428.779, 103
Trd, 8639428.846, 137
Trd, 8639429.412, 135
Trd, 8639429.479, 134
Trd, 8639430.546, 140
Trd, 8639430.979, 140
Trd, 8639431.746, 88
Trd, 8639433.112, 140
Trd, 8639433.512, 137
Trd, 8639433.746, 108
Trd, 8639434.146, 90
Trd, 8639436.846, 140
Trd, 8639436.979, 140
Trd, 8639437.479, 140
Trd, 8639437.646, 140
Trd, 8639437.979, 140
Trd, 8639438.946, 140
Trd, 8639439.012, 140
Trd, 8639439.446, 139
Trd, 8639440.146, 140
Trd, 8639440.212, 140
Trd, 8639440.579, 140
Trd, 8639441.846, 128
Trd, 8639442.579, 140
Trd, 8639442.746, 140
Trd, 8639443.079, 140
Trd, 8639444.679, 140
Trd, 8639444.912, 139
Trd, 8639445.779, 139
Trd, 8639446.346, 140
Trd, 8639446.379, 139
Trd, 8639446.479, 117
Trd, 8639447.079, 125
Trd, 8639448.012, 132
Trd, 8639449.179, 133
Trd, 8639449.412, 133
Trd, 8639449.446, 132
Trd, 8639450.546, 130
Trd, 8639450.646, 139
Trd, 8639451.079, 140
Trd, 8639451.379, 127
Trd, 8639452.112, 136
Trd, 8639453.546, 140
Trd, 8639453.712, 136
Trd, 8639453.846, 87
Trd, 8639455.146, 139
Trd, 8639455.679, 140
Trd, 8639455.846, 140
Trd, 8639457.246, 140
Trd, 8639458.046, 140
Trd, 8639458.346, 140
Trd, 8639458.612, 140
Trd, 8639458.846, 140
Trd, 8639459.379, 106
Trd, 8639459.546, 76
Trd, 8639459.746, 139
Trd, 8639459.879, 138
Trd, 8639460.679, 134
Trd, 8639461.279, 105
Trd, 8639461.746, 136
Trd, 8639462.779, 96
Trd, 8639463.046, 136
Trd, 8639463.146, 85
Trd, 8639463.546, 140
Trd, 8639464.712, 129
Trd, 8639465.312, 131
Trd, 8639465.612, 137
Trd, 8639466.246, 112
Trd, 8639466.479, 110
Trd, 8639466.546, 109
Trd, 8639467.479, 112
Trd, 8639467.612, 123
Trd, 8639467.846, 113
Trd, 8639468.079, 119
Trd, 8639468.412, 123
Trd, 8639469.812, 106
Trd, 8639470.179, 124
Trd, 8639470.346, 106
Trd, 8639470.379, 105
Trd, 8639471.412, 111
Trd, 8639471.446, 94
Trd, 8639471.812, 110
Trd, 8639471.979, 114
Trd, 8639472.579, 139
Trd, 8639473.579, 140
Trd, 8639474.012, 139
Trd, 8639474.612, 109
Trd, 8639475.412, 132
Trd, 8639476.012, 131
Trd, 8639476.312, 132
Trd, 8639476.879, 140
Trd, 8639478.079, 140
Trd, 8639478.746, 140
Trd, 8639478.912, 140
Trd, 8639479.312, 140
Trd, 8639480.079, 140
Trd, 8639480.212, 140
Trd, 8639480.512, 140
Trd, 8639480.979, 140
Trd, 8639481.179, 140
Trd, 8639481.679, 140
Trd, 8639482.446, 140
Trd, 8639482.879, 140
Trd, 8639484.379, 140
Trd, 8639484.412, 140
Trd, 8639484.546, 140
Trd, 8639484.812, 140
Trd, 8639486.279, 140
Trd, 8639486.346, 140
Trd, 8639487.379, 138
Trd, 8639487.446, 136
Trd, 8639487.512, 81
Trd, 8639487.779, 107
Trd, 8639487.946, 124
Trd, 8639488.879, 121
Trd, 8639488.979, 103
Trd, 8639489.279, 95
Trd, 8639489.379, 64
Trd, 8639490.079, 61
Trd, 8639490.812, 60
Trd, 8639490.846, 61
Trd, 8639491.712, 61
Trd, 8639491.879, 60
Trd, 8639492.279, 62
Trd, 8639492.512, 62
Trd, 8639492.846, 64
Trd, 8639493.179, 109
Trd, 8639493.246, 111
Trd, 8639493.812, 68
Trd, 8639494.346, 140
Trd, 8639495.179, 140
Trd, 8639495.946, 140
Trd, 8639496.112, 140
Trd, 8639496.746, 140
Trd, 8639496.812, 140
Trd, 8639497.812, 140
Trd, 8639497.912, 140
Trd, 8639498.579, 140
Trd, 8639499.146, 140
Trd, 8639499.212, 140
Trd, 8639499.479, 135
Trd, 8639500.312, 122
Trd, 8639501.179, 137
Trd, 8639502.079, 123
Trd, 8639502.646, 123
Trd, 8639503.079, 123
Trd, 8639503.512, 132
Trd, 8639503.679, 111
Trd, 8639503.779, 134
Trd, 8639504.846, 111
Trd, 8639505.446, 113
Trd, 8639505.812, 102
Trd, 8639507.046, 132
Trd, 8639507.146, 84
Trd, 8639507.646, 86
Trd, 8639508.112, 79
Trd, 8639508.379, 82
Trd, 8639508.412, 90
Trd, 8639509.146, 140
Trd, 8639509.246, 80
Trd, 8639509.412, 79
Trd, 8639510.312, 84
Trd, 8639510.612, 80
Trd, 8639511.112, 123
Trd, 8639512.779, 140
Trd, 8639513.679, 140
Trd, 8639513.846, 140
Trd, 8639514.579, 140
Trd, 8639514.846, 140
Trd, 8639515.646, 140
Trd, 8639516.046, 140
Trd, 8639516.546, 140
Trd, 8639517.146, 140
Trd, 8639517.379, 140
Trd, 8639517.446, 122
Trd, 8639517.712, 134
Trd, 8639518.446, 101
Trd, 8639518.479, 83
Trd, 8639519.479, 140
Trd, 8639519.646, 140
Trd, 8639520.479, 140
Trd, 8639520.546, 140
Trd, 8639520.646, 140
Trd, 8639521.946, 140
Trd, 8639522.579, 140
Trd, 8639522.779, 140
Trd, 8639523.246, 140
Trd, 8639523.579, 94
Trd, 8639523.912, 138
Trd, 8639524.246, 134
Trd, 8639525.879, 98
Trd, 8639526.912, 124
Trd, 8639526.946, 123
Trd, 8639527.346, 121
Trd, 8639527.946, 122
Trd, 8639528.112, 122
Trd, 8639528.212, 123
Trd, 8639528.479, 123
Trd, 8639528.846, 140
Trd, 8639529.346, 119
Trd, 8639530.146, 140
Trd, 8639530.646, 123
Trd, 8639530.812, 100
Trd, 8639530.946, 77
Trd, 8639532.679, 140
Trd, 8639532.779, 140
Trd, 8639532.946, 140
Trd, 8639533.079, 140
Trd, 8639533.346, 139
Trd, 8639534.279, 82
Trd, 8639535.379, 140
Trd, 8639536.012, 133
Trd, 8639536.379, 140
Trd, 8639536.446, 107
Trd, 8639537.046, 114
Trd, 8639537.346, 123
Trd, 8639537.746, 108
Trd, 8639538.612, 107
Trd, 8639539.812, 94
Trd, 8639540.246, 98
Trd, 8639540.412, 95
Trd, 8639540.779, 139
Trd, 8639542.046, 134
Trd, 8639542.279, 120
Trd, 8639542.912, 140
Trd, 8639543.046, 140
Trd, 8639544.179, 140
Trd, 8639545.046, 140
Trd, 8639545.546, 140
Trd, 8639546.579, 140
Trd, 8639547.146, 140
Trd, 8639547.579, 140
Trd, 8639548.346, 140
Trd, 8639548.746, 140
Trd, 8639548.812, 140
Trd, 8639549.212, 140
Trd, 8639550.679, 140
Trd, 8639552.679, 140
Trd, 8639552.912, 140
Trd, 8639553.412, 140
Trd, 8639554.579, 140
Trd, 8639554.912, 140
Trd, 8639555.346, 140
Trd, 8639555.846, 140
Trd, 8639555.946, 139
Trd, 8639556.579, 138
Trd, 8639557.579, 137
Trd, 8639558.079, 138
Trd, 8639558.746, 138
Trd, 8639558.812, 137
Trd, 8639558.946, 136
Trd, 8639559.212, 110
Trd, 8639559.579, 127
Trd, 8639559.779, 126
Trd, 8639560.079, 122
Trd, 8639560.112, 121
Trd, 8639561.246, 136
Trd, 8639562.512, 140
Trd, 8639562.946, 140
Trd, 8639563.712, 140
Trd, 8639565.046, 140
Trd, 8639565.512, 140
Trd, 8639565.679, 140
Trd, 8639566.412, 140
Trd, 8639566.812, 140
Trd, 8639566.912, 128
Trd, 8639567.712, 140
Trd, 8639568.312, 140
Trd, 8639568.379, 140
Trd, 8639568.912, 140
Trd, 8639569.946, 140
Trd, 8639570.246, 140
Trd, 8639571.112, 140
Trd, 8639571.679, 140
Trd, 8639571.912, 140
Trd, 8639572.179, 139
Trd, 8639572.912, 128
Trd, 8639573.812, 115
Trd, 8639573.879, 103
Trd, 8639573.979, 128
Trd, 8639574.046, 81
Trd, 8639574.112, 78
Trd, 8639574.312, 61
Trd, 8639575.279, 61
Trd, 8639575.979, 129
Trd, 8639576.812, 76
Trd, 8639577.412, 60
Trd, 8639577.746, 137
Trd, 8639578.746, 68
Trd, 8639578.912, 70
Trd, 8639579.612, 71
Trd, 8639579.946, 71
Trd, 8639580.279, 73
Trd, 8639580.646, 92
Trd, 8639580.679, 93
Trd, 8639580.879, 76
Trd, 8639581.912, 60
Trd, 8639582.112, 60
Trd, 8639583.046, 140
Trd, 8639583.279, 140
Trd, 8639584.446, 140
Trd, 8639584.979, 140
Trd, 8639585.812, 140
Trd, 8639586.446, 140
Trd, 8639587.312, 140
Trd, 8639588.046, 140
Trd, 8639588.146, 139
Trd, 8639588.612, 140
Trd, 8639588.746, 140
Trd, 8639589.712, 139
Trd, 8639590.946, 140
Trd, 8639591.012, 140
Trd, 8639591.212, 140
Trd, 8639591.779, 140
Trd, 8639592.112, 140
Trd, 8639592.146, 140
Trd, 8639593.279, 139
Trd, 8639593.412, 98
Trd, 8639593.512, 126
Trd, 8639593.579, 70
Trd, 8639594.346, 79
Trd, 8639595.246, 113
Trd, 8639595.612, 139
Trd, 8639596.012, 140
Trd, 8639596.112, 137
Trd, 8639597.046, 140
Trd, 8639598.612, 140
Trd, 8639599.179, 140
Trd, 8639599.912, 140
Trd, 8639599.946, 140
Trd, 8639600.679, 140
Trd, 8639601.012, 140
Trd, 8639601.046, 140
Trd, 8639601.179, 139
Trd, 8639601.846, 122
Trd, 8639603.246, 140
Trd, 8639603.879, 140
Trd, 8639604.179, 140
Trd, 8639604.312, 140
Trd, 8639605.046, 140
Trd, 8639605.579, 140
Trd, 8639605.646, 140
Trd, 8639605.946, 140
Trd, 8639606.246, 139
Trd, 8639606.679, 140
Trd, 8639606.979, 140
Trd, 8639607.679, 140
Trd, 8639607.946, 120
Trd, 8639608.612, 98
Trd, 8639610.146, 104
Trd, 8639610.246, 107
Trd, 8639611.012, 110
Trd, 8639611.346, 129
Trd, 8639612.079, 98
Trd, 8639612.112, 128
Trd, 8639612.212, 115
Trd, 8639612.612, 101
Trd, 8639613.079, 136
Trd, 8639614.246, 138
Trd, 8639615.479, 139
Trd, 8639616.846, 140
Trd, 8639617.079, 140
Trd, 8639617.312, 140
Trd, 8639617.646, 140
Trd, 8639617.912, 140
Trd, 8639618.412, 140
Trd, 8639618.446, 94
Trd, 8639619.179, 120
Trd, 8639619.412, 117
Trd, 8639619.479, 76
Trd, 8639620.012, 140
Trd, 8639620.946, 140
Trd, 8639621.779, 140
Trd, 8639622.146, 140
Trd, 8639622.279, 140
Trd, 8639623.179, 140
Trd, 8639623.279, 140
Trd, 8639623.446, 140
Trd, 8639624.379, 134
Trd, 8639624.612, 110
Trd, 8639625.079, 140
Trd, 8639625.146, 85
Trd, 8639625.579, 140
Trd, 8639626.812, 140
Trd, 8639627.412, 140
Trd, 8639627.912, 140
Trd, 8639629.246, 140
Trd, 8639629.579, 140
Trd, 8639630.012, 140
Trd, 8639630.912, 140
Trd, 8639631.012, 140
Trd, 8639631.946, 140
Trd, 8639632.412, 140
Trd, 8639632.612, 140
Trd, 8639633.212, 138
Trd, 8639633.646, 134
Trd, 8639634.179, 111
Trd, 8639634.479, 87
Trd, 8639634.646, 122
Trd, 8639634.679, 123
Trd, 8639635.546, 60
Trd, 8639635.612, 63
Trd, 8639636.246, 64
Trd, 8639636.679, 65
Trd, 8639636.879, 64
Trd, 8639637.246, 70
Trd, 8639637.512, 64
Trd, 8639637.546, 71
Trd, 8639638.479, 140
Trd, 8639639.412, 140
Trd, 8639640.379, 140
Trd, 8639640.479, 140
Trd, 8639640.746, 140
Trd, 8639640.846, 133
Trd, 8639641.879, 136
Trd, 8639641.912, 106
Trd, 8639643.379, 118
Trd, 8639643.946, 140
Trd, 8639644.712, 140
Trd, 8639645.212, 140
Trd, 8639645.246, 140
Trd, 8639646.579, 140
Trd, 8639646.612, 140
Trd, 8639646.712, 140
Trd, 8639647.579, 140
Trd, 8639647.612, 139
Trd, 8639647.879, 134
Trd, 8639648.012, 115
Trd, 8639648.179, 113
Trd, 8639648.612, 138
Trd, 8639649.612, 133
Trd, 8639649.646, 118
Trd, 8639651.646, 133
Trd, 8639652.512, 138
Trd, 8639652.879, 137
Trd, 8639652.979, 136
Trd, 8639653.412, 136
Trd, 8639653.512, 134
Trd, 8639653.679, 125
Trd, 8639653.779, 137
Trd, 8639655.379, 138
Trd, 8639656.979, 132
Trd, 8639657.312, 137
Trd, 8639657.979, 135
Trd, 8639658.479, 135
Trd, 8639658.712, 134
Trd, 8639658.746, 133
Trd, 8639658.812, 114
Trd, 8639659.812, 140
Trd, 8639660.112, 140
Trd, 8639660.279, 140
Trd, 8639660.779, 140
Trd, 8639661.079, 118
Trd, 8639661.679, 122
Trd, 8639661.812, 99
Trd, 8639662.079, 89
Trd, 8639662.412, 88
Trd, 8639663.979, 140
Trd, 8639665.046, 140
Trd, 8639665.512, 140
Trd, 8639665.746, 140
Trd, 8639666.379, 140
Trd, 8639666.712, 140
Trd, 8639666.946, 119
Trd, 8639667.246, 126
Trd, 8639667.279, 118
Trd, 8639668.812, 135
Trd, 8639668.879, 134
Trd, 8639668.979, 133
Trd, 8639669.612, 140
Trd, 8639671.479, 140
Trd, 8639671.679, 140
Trd, 8639671.712, 140
Trd, 8639671.946, 140
Trd, 8639672.479, 140
Trd, 8639672.512, 134
Trd, 8639673.712, 115
Trd, 8639674.512, 140
Trd, 8639674.679, 131
Trd, 8639675.079, 130
Trd, 8639675.746, 139
Trd, 8639676.546, 139
Trd, 8639677.012, 137
Trd, 8639677.212, 136
Trd, 8639678.712, 140
Trd, 8639678.979, 140
Trd, 8639679.679, 140
Trd, 8639679.812, 139
Trd, 8639679.912, 137
Trd, 8639680.446, 128
Trd, 8639681.179, 140
Trd, 8639681.679, 140
Trd, 8639682.546, 140
Trd, 8639683.946, 140
Trd, 8639684.979, 140
Trd, 8639685.512, 140
Trd, 8639685.579, 140
Trd, 8639686.479, 140
Trd, 8639687.146, 140
Trd, 8639687.579, 140
Trd, 8639688.012, 140
Trd, 8639688.146, 140
Trd, 8639689.146, 140
Trd, 8639689.379, 140
Trd, 8639689.812, 140
Trd, 8639690.346, 140
Trd, 8639690.879, 139
Trd, 8639691.446, 140
Trd, 8639691.512, 100
Trd, 8639692.012, 140
Trd, 8639692.079, 84
Trd, 8639692.746, 128
Trd, 8639693.512, 109
Trd, 8639693.946, 88
Trd, 8639694.079, 134
Trd, 8639694.612, 118
Trd, 8639694.712, 118
Trd, 8639694.812, 118
Trd, 8639695.879, 99
Trd, 8639696.246, 99
Trd, 8639696.812, 118
Trd, 8639697.512, 99
Trd, 8639697.946, 123
Trd, 8639697.979, 115
Trd, 8639698.279, 118
Trd, 8639699.079, 91
Trd, 8639699.379, 110
Trd, 8639699.446, 102
Trd, 8639700.379, 132
Trd, 8639701.346, 140
Trd, 8639701.646, 140
Trd, 8639702.612, 140
Trd, 8639703.179, 140
Trd, 8639703.546, 140
Trd, 8639704.079, 140
Trd, 8639704.479, 140
Trd, 8639704.512, 139
Trd, 8639704.712, 135
Trd, 8639705.746, 113
Trd, 8639707.046, 140
Trd, 8639707.179, 140
Trd, 8639707.979, 140
Trd, 8639708.479, 140
Trd, 8639709.012, 140
Trd, 8639709.579, 140
Trd, 8639709.679, 140
Trd, 8639710.046, 140
Trd, 8639710.412, 140
Trd, 8639710.446, 117
Trd, 8639711.079, 128
Trd, 8639711.412, 127
Trd, 8639711.679, 129
Trd, 8639711.946, 134
Trd, 8639713.246, 128
Trd, 8639713.912, 131
Trd, 8639714.046, 131
Trd, 8639714.279, 139
Trd, 8639714.346, 130
Trd, 8639714.612, 131
Trd, 8639714.879, 130
Trd, 8639714.946, 100
Trd, 8639714.979, 69
Trd, 8639715.579, 130
Trd, 8639716.012, 100
Trd, 8639716.712, 139
Trd, 8639717.146, 117
Trd, 8639718.412, 137
Trd, 8639719.179, 140
Trd, 8639719.712, 127
Trd, 8639720.379, 129
Trd, 8639721.012, 131
Trd, 8639721.546, 132
Trd, 8639721.679, 120
Trd, 8639722.046, 119
Trd, 8639722.779, 139
Trd, 8639723.179, 138
Trd, 8639723.446, 108
Trd, 8639723.746, 140
Trd, 8639724.279, 140
Trd, 8639724.312, 139
Trd, 8639725.412, 139
Trd, 8639727.679, 120
Trd, 8639729.512, 140
Trd, 8639729.579, 140
Trd, 8639730.146, 140
Trd, 8639730.179, 139
Trd, 8639730.412, 139
Trd, 8639730.646, 140
Trd, 8639730.779, 139
Trd, 8639731.146, 140
Trd, 8639731.812, 140
Trd, 8639732.112, 140
Trd, 8639732.446, 139
Trd, 8639732.579, 140
Trd, 8639733.446, 138
Trd, 8639733.712, 140
Trd, 8639733.879, 140
Trd, 8639734.912, 140
Trd, 8639736.246, 122
Trd, 8639736.412, 124
Trd, 8639737.146, 124
Trd, 8639737.246, 123
Trd, 8639737.746, 102
Trd, 8639737.879, 101
Trd, 8639739.146, 140
Trd, 8639739.179, 140
Trd, 8639740.446, 130
Trd, 8639741.079, 126
Trd, 8639741.746, 132
Trd, 8639741.812, 131
Trd, 8639741.912, 115
Trd, 8639742.579, 139
Trd, 8639742.979, 140
Trd, 8639743.646, 140
Trd, 8639743.979, 140
Trd, 8639744.146, 140
Trd, 8639744.746, 140
Trd, 8639744.979, 133
Trd, 8639745.312, 130
Trd, 8639746.979, 139
Trd, 8639747.779, 120
Trd, 8639748.012, 120
Trd, 8639748.612, 138
Trd, 8639748.979, 138
Trd, 8639749.712, 138
Trd, 8639749.912, 137
Trd, 8639750.012, 85
Trd, 8639750.579, 140
Trd, 8639750.979, 139
Trd, 8639751.146, 108
Trd, 8639751.812, 124
Trd, 8639754.112, 133
Trd, 8639754.279, 133
Trd, 8639754.379, 131
Trd, 8639754.546, 124
Trd, 8639754.679, 136
Trd, 8639756.746, 140
Trd, 8639756.846, 140
Trd, 8639756.912, 133
Trd, 8639756.979, 133
Trd, 8639757.712, 132
Trd, 8639758.812, 134
Trd, 8639760.079, 140
Trd, 8639760.146, 140
Trd, 8639760.879, 140
Trd, 8639761.846, 140
Trd, 8639761.946, 140
Trd, 8639762.512, 140
Trd, 8639762.846, 140
Trd, 8639763.546, 140
Trd, 8639764.012, 140
Trd, 8639764.146, 140
Trd, 8639764.712, 140
Trd, 8639765.679, 140
Trd, 8639766.212, 140
Trd, 8639766.379, 140
Trd, 8639766.546, 140
Trd, 8639766.612, 135
Trd, 8639766.846, 136
Trd, 8639767.779, 63
Trd, 8639768.612, 138
Trd, 8639769.412, 137
Trd, 8639770.312, 136
Trd, 8639770.446, 135
Trd, 8639770.979, 140
Trd, 8639771.112, 140
Trd, 8639771.179, 136
Trd, 8639772.146, 130
Trd, 8639774.979, 140
Trd, 8639775.246, 140
Trd, 8639775.279, 140
Trd, 8639775.679, 140
Trd, 8639776.279, 140
Trd, 8639776.879, 140
Trd, 8639776.946, 139
Trd, 8639777.379, 140
Trd, 8639778.279, 126
Trd, 8639778.446, 140
Trd, 8639778.479, 135
Trd, 8639778.979, 126
Trd, 8639779.479, 126
Trd, 8639780.212, 135
Trd, 8639780.379, 140
Trd, 8639780.946, 126
Trd, 8639781.146, 116
Trd, 8639782.112, 128
Trd, 8639782.412, 127
Trd, 8639783.012, 118
Trd, 8639783.279, 134
Trd, 8639783.412, 101
Trd, 8639784.679, 119
Trd, 8639785.912, 140
Trd, 8639786.379, 140
Trd, 8639787.146, 140
Trd, 8639787.179, 140
Trd, 8639787.846, 140
Trd, 8639787.879, 140
Trd, 8639788.679, 133
Trd, 8639788.979, 127
Trd, 8639789.112, 126
Trd, 8639790.412, 140
Trd, 8639790.712, 140
Trd, 8639791.112, 140
Trd, 8639791.446, 140
Trd, 8639791.946, 140
Trd, 8639792.512, 140
Trd, 8639793.612, 140
Trd, 8639793.712, 140
Trd, 8639794.279, 140
Trd, 8639794.412, 140
Trd, 8639794.979, 120
Trd, 8639795.579, 120
Trd, 8639795.779, 64
Trd, 8639796.812, 100
Trd, 8639797.212, 79
Trd, 8639797.846, 127
Trd, 8639798.312, 90
Trd, 8639798.879, 122
Trd, 8639798.946, 90
Trd, 8639799.479, 119
Trd, 8639800.512, 104
Trd, 8639800.812, 104
Trd, 8639800.846, 103
Trd, 8639801.146, 96
Trd, 8639801.246, 119
Trd, 8639801.846, 110
Trd, 8639802.212, 111
Trd, 8639802.646, 138
Trd, 8639802.946, 83
Trd, 8639804.546, 104
Trd, 8639805.579, 140
Trd, 8639806.212, 140
Trd, 8639807.079, 140
Trd, 8639807.479, 140
Trd, 8639808.179, 140
Trd, 8639808.212, 140
Trd, 8639808.679, 140
Trd, 8639809.346, 139
Trd, 8639809.679, 140
Trd, 8639810.512, 140
Trd, 8639810.579, 140
Trd, 8639811.279, 140
Trd, 8639812.079, 140
Trd, 8639812.112, 140
Trd, 8639812.179, 140
Trd, 8639812.912, 139
Trd, 8639813.479, 139
Trd, 8639814.346, 140
Trd, 8639814.679, 140
Trd, 8639814.879, 140
Trd, 8639814.979, 140
Trd, 8639815.112, 140
Trd, 8639815.379, 134
Trd, 8639815.846, 95
Trd, 8639817.712, 140
Trd, 8639818.279, 140
Trd, 8639818.679, 140
Trd, 8639818.812, 140
Trd, 8639819.312, 140
Trd, 8639819.846, 140
Trd, 8639820.679, 140
Trd, 8639820.946, 140
Trd, 8639821.646, 140
Trd, 8639821.712, 140
Trd, 8639822.446, 139
Trd, 8639823.412, 140
Trd, 8639823.479, 139
Trd, 8639824.679, 101
Trd, 8639825.146, 121
Trd, 8639825.312, 122
Trd, 8639825.646, 108
Trd, 8639825.946, 126
Trd, 8639826.546, 138
Trd, 8639826.579, 137
Trd, 8639827.112, 140
Trd, 8639827.179, 126
Trd, 8639827.246, 120
Trd, 8639828.212, 140
Trd, 8639828.446, 105
Trd, 8639830.179, 140
Trd, 8639830.512, 140
Trd, 8639830.612, 140
Trd, 8639830.712, 140
Trd, 8639831.346, 140
Trd, 8639831.646, 140
Trd, 8639831.779, 139
Trd, 8639832.312, 128
Trd, 8639833.212, 129
Trd, 8639833.612, 126
Trd, 8639833.812, 126
Trd, 8639834.146, 135
Trd, 8639834.812, 111
Trd, 8639836.979, 140
Trd, 8639837.346, 140
Trd, 8639837.646, 140
Trd, 8639838.179, 140
Trd, 8639838.512, 140
Trd, 8639838.612, 140
Trd, 8639838.979, 139
Trd, 8639839.846, 140
Trd, 8639841.346, 136
Trd, 8639841.479, 135
Trd, 8639841.579, 140
Trd, 8639841.779, 139
Trd, 8639842.646, 140
Trd, 8639843.046, 140
Trd, 8639843.279, 140
Trd, 8639843.946, 140
Trd, 8639844.346, 140
Trd, 8639844.446, 140
Trd, 8639844.512, 138
Trd, 8639845.279, 140
Trd, 8639845.812, 140
Trd, 8639846.546, 140
Trd, 8639847.412, 140
Trd, 8639848.246, 140
Trd, 8639848.312, 140
Trd, 8639849.512, 139
Trd, 8639849.646, 128
Trd, 8639850.346, 113
Trd, 8639851.046, 138
Trd, 8639851.346, 137
Trd, 8639851.446, 140
Trd, 8639851.646, 102
Trd, 8639852.312, 137
Trd, 8639853.379, 140
Trd, 8639853.946, 140
Trd, 8639854.846, 140
Trd, 8639855.946, 140
Trd, 8639856.112, 140
Trd, 8639856.212, 137
Trd, 8639856.612, 117
Trd, 8639856.646, 136
Trd, 8639856.879, 110
Trd, 8639857.279, 104
Trd, 8639857.312, 85
Trd, 8639857.479, 137
Trd, 8639858.412, 84
Trd, 8639858.679, 83
Trd, 8639859.579, 140
Trd, 8639859.679, 139
Trd, 8639860.646, 140
Trd, 8639861.012, 140
Trd, 8639862.079, 140
Trd, 8639862.412, 140
Trd, 8639862.546, 140
Trd, 8639863.246, 126
Trd, 8639863.312, 81
Trd, 8639864.046, 107
Trd, 8639865.679, 118
Trd, 8639865.746, 118
Trd, 8639866.446, 95
Trd, 8639866.846, 131
Trd, 8639866.979, 134
Trd, 8639867.346, 96
Trd, 8639867.546, 75
Trd, 8639868.579, 139
Trd, 8639870.546, 140
Trd, 8639870.912, 140
Trd, 8639871.346, 140
Trd, 8639871.446, 139
Trd, 8639871.546, 139
Trd, 8639872.112, 138
Trd, 8639872.412, 116
Trd, 8639873.079, 139
Trd, 8639873.246, 137
Trd, 8639873.412, 119
Trd, 8639873.812, 119
Trd, 8639874.012, 140
Trd, 8639874.612, 137
Trd, 8639875.312, 136
Trd, 8639875.746, 119
Trd, 8639876.079, 119
Trd, 8639876.479, 106
Trd, 8639876.946, 104
Trd, 8639877.046, 140
Trd, 8639877.379, 115
Trd, 8639877.679, 91
Trd, 8639878.279, 137
Trd, 8639879.346, 109
Trd, 8639880.246, 133
Trd, 8639881.079, 140
Trd, 8639882.079, 135
Trd, 8639882.346, 134
Trd, 8639882.879, 134
Trd, 8639883.312, 135
Trd, 8639883.412, 108
Trd, 8639883.579, 134
Trd, 8639884.279, 126
Trd, 8639884.346, 125
Trd, 8639885.246, 140
Trd, 8639885.279, 126
Trd, 8639885.346, 121
Trd, 8639886.212, 140
Trd, 8639887.179, 140
Trd, 8639888.346, 140
Trd, 8639888.479, 140
Trd, 8639888.979, 140
Trd, 8639890.146, 140
Trd, 8639890.346, 140
Trd, 8639891.312, 140
Trd, 8639891.546, 140
Trd, 8639891.779, 140
Trd, 8639892.079, 140
Trd, 8639894.212, 140
Trd, 8639894.246, 140
Trd, 8639894.546, 140
Trd, 8639895.379, 140
Trd, 8639896.479, 140
Trd, 8639896.646, 140
Trd, 8639896.812, 140
Trd, 8639897.246, 103
Trd, 8639897.612, 111
Trd, 8639898.012, 124
Trd, 8639898.946, 112
Trd, 8639899.246, 109
Trd, 8639899.346, 113
Trd, 8639899.812, 113
Trd, 8639899.979, 138
Trd, 8639900.779, 138
Trd, 8639901.546, 97
Trd, 8639902.446, 140
Trd, 8639902.612, 119
Trd, 8639902.979, 118
Trd, 8639903.079, 117
Trd, 8639905.412, 140
Trd, 8639905.912, 140
Trd, 8639906.379, 140
Trd, 8639906.912, 140
Trd, 8639907.179, 140
Trd, 8639907.212, 140
Trd, 8639907.479, 140
Trd, 8639907.746, 139
Trd, 8639908.412, 140
Trd, 8639908.479, 140
Trd, 8639909.646, 131
Trd, 8639910.179, 140
Trd, 8639911.112, 135
Trd, 8639911.479, 133
Trd, 8639912.112, 139
Trd, 8639913.479, 140
Trd, 8639914.312, 140
Trd, 8639915.179, 140
Trd, 8639916.646, 140
Trd, 8639917.179, 140
Trd, 8639917.646, 140
Trd, 8639917.746, 140
Trd, 8639917.979, 140
Trd, 8639918.146, 139
Trd, 8639918.746, 138
Trd, 8639918.812, 136
Trd, 8639919.379, 137
Trd, 8639920.979, 140
Trd, 8639921.146, 140
Trd, 8639921.212, 140
Trd, 8639921.279, 130
Trd, 8639922.112, 119
Trd, 8639922.479, 86
Trd, 8639922.679, 117
Trd, 8639922.946, 132
Trd, 8639923.279, 93
Trd, 8639923.479, 137
Trd, 8639925.079, 139
Trd, 8639925.212, 138
Trd, 8639925.546, 125
Trd, 8639925.979, 125
Trd, 8639926.446, 140
Trd, 8639927.546, 140
Trd, 8639928.112, 140
Trd, 8639928.546, 140
Trd, 8639929.212, 140
Trd, 8639929.412, 106
Trd, 8639930.412, 140
Trd, 8639931.379, 140
Trd, 8639931.479, 140
Trd, 8639931.612, 140
Trd, 8639931.712, 140
Trd, 8639933.346, 140
Trd, 8639933.779, 140
Trd, 8639933.812, 140
Trd, 8639934.079, 140
Trd, 8639934.312, 121
Trd, 8639934.512, 121
Trd, 8639935.212, 140
Trd, 8639935.246, 120
Trd, 8639935.279, 72
Trd, 8639935.712, 73
Trd, 8639935.812, 78
Trd, 8639936.079, 71
Trd, 8639937.479, 140
Trd, 8639939.346, 140
Trd, 8639939.946, 140
Trd, 8639940.779, 140
Trd, 8639941.212, 131
Trd, 8639941.512, 130
Trd, 8639941.646, 124
Trd, 8639941.679, 100
Trd, 8639942.379, 140
Trd, 8639943.279, 138
Trd, 8639943.712, 139
Trd, 8639944.479, 140
Trd, 8639944.612, 140
Trd, 8639945.012, 140
Trd, 8639945.246, 140
Trd, 8639945.512, 72
Trd, 8639945.646, 67
Trd, 8639947.179, 140
Trd, 8639948.146, 140
Trd, 8639948.312, 140
Trd, 8639948.446, 140
Trd, 8639949.212, 129
Trd, 8639949.912, 108
Trd, 8639950.479, 106
Trd, 8639951.046, 135
Trd, 8639952.112, 110
Trd, 8639952.812, 133
Trd, 8639953.146, 122
Trd, 8639953.312, 121
Trd, 8639953.779, 120
Trd, 8639954.179, 140
Trd, 8639955.512, 140
Trd, 8639955.912, 140
Trd, 8639956.112, 140
Trd, 8639956.146, 137
Trd, 8639957.379, 140
Trd, 8639957.412, 139
Trd, 8639957.712, 129
Trd, 8639957.879, 140
Trd, 8639960.112, 140
Trd, 8639960.246, 140
Trd, 8639960.346, 139
Trd, 8639960.412, 130
Trd, 8639960.646, 110
Trd, 8639961.446, 125
Trd, 8639962.246, 137
Trd, 8639962.346, 138
Trd, 8639962.746, 128
Trd, 8639964.412, 140
Trd, 8639964.912, 140
Trd, 8639965.046, 139
Trd, 8639965.679, 134
Trd, 8639966.046, 133
Trd, 8639967.612, 140
Trd, 8639968.279, 140
Trd, 8639968.412, 140
Trd, 8639968.979, 140
Trd, 8639969.879, 140
Trd, 8639969.979, 140
Trd, 8639970.246, 140
Trd, 8639971.179, 140
Trd, 8639971.446, 112
Trd, 8639972.312, 131
Trd, 8639972.946, 140
Trd, 8639972.979, 139
Trd, 8639973.079, 138
Trd, 8639974.112, 140
Trd, 8639974.579, 140
Trd, 8639974.646, 138
Trd, 8639975.279, 111
Trd, 8639975.346, 137
Trd, 8639975.412, 96
Trd, 8639975.979, 140
Trd, 8639976.079, 68
Trd, 8639978.312, 140
Trd, 8639979.012, 140
Trd, 8639979.346, 140
Trd, 8639980.012, 140
Trd, 8639980.079, 140
Trd, 8639980.379, 140
Trd, 8639980.746, 140
Trd, 8639980.879, 140
Trd, 8639981.712, 124
Trd, 8639982.279, 133
Trd, 8639982.646, 134
Trd, 8639983.112, 106
Trd, 8639983.379, 136
Trd, 8639983.679, 125
Trd, 8639984.546, 115
Trd, 8639984.579, 114
Trd, 8639985.746, 140
Trd, 8639986.846, 139
Trd, 8639987.446, 109
Trd, 8639988.379, 108
Trd, 8639989.212, 111
Trd, 8639990.046, 79
Trd, 8639990.212, 77
Trd, 8639990.246, 135
Trd, 8639990.479, 137
Trd, 8639990.579, 100
Trd, 8639991.346, 80
Trd, 8639992.046, 101
Trd, 8639992.279, 111
Trd, 8639994.079, 140
Trd, 8639994.912, 140
Trd, 8639996.012, 140
Trd, 8639996.079, 140
Trd, 8639997.046, 139
Trd, 8639997.279, 139
Trd, 8639998.079, 140
Trd, 8639998.746, 140
Trd, 8639999.512, 140
Trd, 8639999.679, 140
