Trd, 8638767.779, 138
Trd, 8638768.146, 133
Trd, 8638768.212, 122
Trd, 8638768.279, 131
Trd, 8638768.679, 121
Trd, 8638769.512, 96
Trd, 8638770.679, 101
Trd, 8638771.079, 84
Trd, 8638771.246, 78
Trd, 8638771.446, 80
Trd, 8638771.779, 94
Trd, 8638771.879, 96
Trd, 8638771.946, 80
Trd, 8638772.712, 127
Trd, 8638772.946, 137
Trd, 8638773.412, 114
Trd, 8638774.912, 91
Trd, 8638775.012, 108
Trd, 8638775.646, 138
Trd, 8638775.979, 100
Trd, 8638776.246, 99
Trd, 8638776.512, 89
Trd, 8638777.246, 129
Trd, 8638779.312, 124
Trd, 8638779.946, 139
Trd, 8638780.179, 107
Trd, 8638780.446, 128
Trd, 8638780.946, 121
Trd, 8638781.446, 121
Trd, 8638781.612, 110
Trd, 8638782.412, 120
Trd, 8638782.679, 133
Trd, 8638783.112, 140
Trd, 8638783.279, 101
Trd, 8638784.012, 81
Trd, 8638784.912, 104
Trd, 8638785.246, 107
Trd, 8638785.746, 111
Trd, 8638786.079, 101
Trd, 8638786.212, 94
Trd, 8638786.246, 90
Trd, 8638786.379, 116
Trd, 8638786.479, 124
Trd, 8638786.712, 94
Trd, 8638788.146, 65
Trd, 8638788.279, 72
Trd, 8638788.512, 74
Trd, 8638788.912, 119
Trd, 8638789.179, 109
Trd, 8638789.346, 77
Trd, 8638790.979, 64
Trd, 8638791.046, 90
Trd, 8638792.079, 131
Trd, 8638792.112, 128
Trd, 8638792.612, 124
Trd, 8638792.712, 119
Trd, 8638793.546, 113
Trd, 8638793.979, 98
Trd, 8638794.046, 87
Trd, 8638794.646, 131
Trd, 8638794.846, 137
Trd, 8638796.212, 138
Trd, 8638796.512, 137
Trd, 8638797.112, 134
Trd, 8638798.079, 138
Trd, 8638798.512, 140
Trd, 8638798.679, 138
Trd, 8638799.179, 124
Trd, 8638799.212, 114
Trd, 8638799.379, 131
Trd, 8638799.612, 101
Trd, 8638799.746, 109
Trd, 8638800.012, 99
Trd, 8638800.246, 97
Trd, 8638800.879, 113
Trd, 8638801.446, 133
Trd, 8638801.479, 117
Trd, 8638802.946, 124
Trd, 8638803.246, 120
Trd, 8638803.446, 120
Trd, 8638803.846, 129
Trd, 8638804.146, 112
Trd, 8638805.479, 123
Trd, 8638806.012, 121
Trd, 8638806.212, 116
Trd, 8638806.646, 135
Trd, 8638806.912, 95
Trd, 8638807.046, 87
Trd, 8638808.579, 69
Trd, 8638808.912, 91
Trd, 8638809.512, 85
Trd, 8638809.946, 84
Trd, 8638810.046, 85
Trd, 8638810.246, 79
Trd, 8638810.612, 101
Trd, 8638811.179, 99
Trd, 8638811.712, 93
Trd, 8638811.812, 89
Trd, 8638812.446, 104
Trd, 8638812.846, 130
Trd, 8638813.479, 81
Trd, 8638814.012, 134
Trd, 8638815.046, 128
Trd, 8638815.612, 110
Trd, 8638816.312, 124
Trd, 8638816.612, 137
Trd, 8638817.212, 121
Trd, 8638817.246, 116
Trd, 8638817.312, 115
Trd, 8638818.446, 102
Trd, 8638818.912, 137
Trd, 8638819.712, 139
Trd, 8638819.846, 122
Trd, 8638820.612, 122
Trd, 8638820.679, 115
Trd, 8638820.746, 114
Trd, 8638821.179, 108
Trd, 8638821.279, 100
Trd, 8638821.946, 84
Trd, 8638822.146, 100
Trd, 8638823.446, 140
Trd, 8638823.812, 125
Trd, 8638824.146, 130
Trd, 8638824.346, 133
Trd, 8638824.512, 100
Trd, 8638824.712, 97
Trd, 8638825.379, 138
Trd, 8638825.646, 112
Trd, 8638826.279, 123
Trd, 8638826.346, 118
Trd, 8638827.212, 136
Trd, 8638827.346, 107
Trd, 8638828.212, 93
Trd, 8638828.612, 81
Trd, 8638829.812, 115
Trd, 8638829.846, 96
Trd, 8638830.046, 114
Trd, 8638830.546, 132
Trd, 8638831.346, 123
Trd, 8638831.379, 113
Trd, 8638832.012, 81
Trd, 8638832.479, 85
Trd, 8638832.746, 121
Trd, 8638832.812, 88
Trd, 8638833.446, 88
Trd, 8638833.512, 86
Trd, 8638834.179, 97
Trd, 8638834.212, 92
Trd, 8638834.712, 131
Trd, 8638834.846, 107
Trd, 8638835.179, 95
Trd, 8638835.846, 93
Trd, 8638836.112, 113
Trd, 8638836.646, 123
Trd, 8638837.179, 88
Trd, 8638837.479, 60
Trd, 8638837.979, 92
Trd, 8638839.379, 127
Trd, 8638839.679, 115
Trd, 8638839.812, 105
Trd, 8638840.379, 104
Trd, 8638840.779, 137
Trd, 8638841.246, 100
Trd, 8638841.912, 125
Trd, 8638841.979, 103
Trd, 8638842.079, 93
Trd, 8638842.112, 92
Trd, 8638842.379, 119
Trd, 8638842.579, 90
Trd, 8638843.312, 133
Trd, 8638843.779, 127
Trd, 8638844.512, 118
Trd, 8638844.579, 109
Trd, 8638844.679, 87
Trd, 8638845.979, 124
Trd, 8638846.346, 132
Trd, 8638847.346, 140
Trd, 8638847.479, 138
Trd, 8638847.612, 139
Trd, 8638848.046, 130
Trd, 8638848.146, 112
Trd, 8638849.712, 125
Trd, 8638849.779, 113
Trd, 8638849.979, 128
Trd, 8638850.812, 122
Trd, 8638851.112, 107
Trd, 8638851.579, 119
Trd, 8638852.712, 112
Trd, 8638852.846, 115
Trd, 8638853.112, 77
Trd, 8638853.146, 74
Trd, 8638853.746, 91
Trd, 8638854.379, 98
Trd, 8638854.446, 78
Trd, 8638855.546, 82
Trd, 8638855.679, 117
Trd, 8638855.812, 137
Trd, 8638856.146, 65
Trd, 8638856.546, 67
Trd, 8638856.812, 108
Trd, 8638857.579, 133
Trd, 8638857.712, 131
Trd, 8638858.179, 117
Trd, 8638859.146, 134
Trd, 8638859.246, 105
Trd, 8638859.846, 132
Trd, 8638860.779, 124
Trd, 8638861.079, 84
Trd, 8638861.512, 76
Trd, 8638862.112, 84
Trd, 8638862.312, 122
Trd, 8638863.412, 77
Trd, 8638863.779, 88
Trd, 8638863.812, 90
Trd, 8638864.479, 72
Trd, 8638865.879, 101
Trd, 8638866.012, 76
Trd, 8638866.712, 117
Trd, 8638867.412, 136
Trd, 8638868.412, 134
Trd, 8638868.579, 123
Trd, 8638869.079, 120
Trd, 8638869.746, 124
Trd, 8638869.946, 130
Trd, 8638870.046, 117
Trd, 8638870.279, 121
Trd, 8638870.646, 100
Trd, 8638871.346, 98
Trd, 8638872.579, 71
Trd, 8638873.046, 87
Trd, 8638873.212, 94
Trd, 8638873.346, 67
Trd, 8638873.612, 102
Trd, 8638873.846, 106
Trd, 8638873.879, 122
Trd, 8638874.146, 130
Trd, 8638874.846, 120
Trd, 8638875.346, 105
Trd, 8638875.646, 87
Trd, 8638876.979, 91
Trd, 8638877.146, 73
Trd, 8638877.212, 86
Trd, 8638878.212, 87
Trd, 8638878.312, 106
Trd, 8638878.579, 139
Trd, 8638878.746, 125
Trd, 8638879.046, 112
Trd, 8638879.546, 99
Trd, 8638880.146, 78
Trd, 8638880.312, 61
Trd, 8638880.846, 82
Trd, 8638881.046, 62
Trd, 8638881.279, 60
Trd, 8638881.746, 117
Trd, 8638882.212, 123
Trd, 8638882.246, 96
Trd, 8638882.779, 75
Trd, 8638883.246, 85
Trd, 8638883.746, 91
Trd, 8638884.579, 138
Trd, 8638885.246, 137
Trd, 8638885.412, 136
Trd, 8638885.746, 135
Trd, 8638885.812, 83
Trd, 8638886.912, 126
Trd, 8638887.146, 138
Trd, 8638887.479, 130
Trd, 8638887.912, 130
Trd, 8638888.079, 119
Trd, 8638888.712, 122
Trd, 8638888.879, 117
Trd, 8638889.579, 106
Trd, 8638890.012, 116
Trd, 8638890.112, 76
Trd, 8638891.246, 124
Trd, 8638891.479, 125
Trd, 8638891.812, 126
Trd, 8638892.046, 134
Trd, 8638892.646, 136
Trd, 8638893.746, 119
Trd, 8638893.879, 86
Trd, 8638894.379, 91
Trd, 8638894.712, 115
Trd, 8638895.912, 82
Trd, 8638896.912, 133
Trd, 8638897.446, 120
Trd, 8638897.579, 106
Trd, 8638897.946, 97
Trd, 8638898.412, 83
Trd, 8638899.379, 112
Trd, 8638899.712, 113
Trd, 8638900.279, 101
Trd, 8638900.612, 119
Trd, 8638900.712, 107
Trd, 8638901.679, 94
Trd, 8638902.612, 113
Trd, 8638903.112, 100
Trd, 8638903.746, 98
Trd, 8638903.846, 89
Trd, 8638903.946, 101
Trd, 8638904.079, 94
Trd, 8638904.112, 72
Trd, 8638904.479, 97
Trd, 8638905.712, 107
Trd, 8638906.179, 113
Trd, 8638907.012, 111
Trd, 8638907.479, 69
Trd, 8638907.679, 73
Trd, 8638908.446, 84
Trd, 8638908.812, 90
Trd, 8638908.846, 104
Trd, 8638909.346, 70
Trd, 8638909.479, 133
Trd, 8638909.512, 132
Trd, 8638909.812, 114
Trd, 8638909.979, 70
Trd, 8638910.879, 83
Trd, 8638911.512, 103
Trd, 8638911.779, 92
Trd, 8638912.179, 81
Trd, 8638912.579, 67
Trd, 8638913.079, 101
Trd, 8638914.079, 131
Trd, 8638914.179, 111
Trd, 8638914.646, 117
Trd, 8638915.379, 132
Trd, 8638915.479, 131
Trd, 8638916.112, 115
Trd, 8638916.212, 91
Trd, 8638916.512, 120
Trd, 8638916.546, 80
Trd, 8638917.946, 137
Trd, 8638918.212, 126
Trd, 8638918.246, 111
Trd, 8638918.546, 70
Trd, 8638918.846, 71
Trd, 8638918.979, 72
Trd, 8638919.379, 103
Trd, 8638920.646, 97
Trd, 8638920.746, 94
Trd, 8638922.412, 83
Trd, 8638923.512, 111
Trd, 8638923.679, 130
Trd, 8638924.112, 122
Trd, 8638924.446, 132
Trd, 8638925.379, 92
Trd, 8638926.446, 98
Trd, 8638927.146, 139
Trd, 8638927.212, 117
Trd, 8638927.246, 78
Trd, 8638927.912, 97
Trd, 8638927.979, 99
Trd, 8638928.312, 79
Trd, 8638928.479, 72
Trd, 8638928.546, 100
Trd, 8638929.212, 63
Trd, 8638929.346, 104
Trd, 8638930.512, 130
Trd, 8638931.479, 117
Trd, 8638931.712, 111
Trd, 8638932.046, 140
Trd, 8638932.312, 107
Trd, 8638932.946, 65
Trd, 8638933.446, 68
Trd, 8638933.812, 60
Trd, 8638934.112, 76
Trd, 8638934.346, 97
Trd, 8638935.346, 130
Trd, 8638935.912, 106
Trd, 8638936.746, 118
Trd, 8638937.479, 117
Trd, 8638937.612, 91
Trd, 8638937.812, 87
Trd, 8638937.946, 102
Trd, 8638938.179, 96
Trd, 8638939.046, 69
Trd, 8638939.712, 98
Trd, 8638939.812, 128
Trd, 8638939.979, 103
Trd, 8638940.746, 96
Trd, 8638940.946, 114
Trd, 8638941.479, 74
Trd, 8638941.912, 118
Trd, 8638942.379, 131
Trd, 8638942.879, 137
Trd, 8638943.646, 104
Trd, 8638943.779, 112
Trd, 8638944.346, 91
Trd, 8638944.779, 87
Trd, 8638945.012, 126
Trd, 8638945.446, 113
Trd, 8638945.746, 134
Trd, 8638946.846, 133
Trd, 8638947.646, 106
Trd, 8638947.746, 98
Trd, 8638948.179, 96
Trd, 8638948.279, 94
Trd, 8638948.446, 104
Trd, 8638948.879, 95
Trd, 8638949.112, 73
Trd, 8638949.179, 124
Trd, 8638949.579, 93
Trd, 8638951.446, 112
Trd, 8638951.879, 87
Trd, 8638952.112, 97
Trd, 8638952.279, 109
Trd, 8638952.479, 86
Trd, 8638953.079, 77
Trd, 8638953.812, 97
Trd, 8638954.612, 75
Trd, 8638954.879, 109
Trd, 8638955.579, 125
Trd, 8638955.812, 94
Trd, 8638956.546, 71
Trd, 8638957.146, 64
Trd, 8638957.246, 85
Trd, 8638957.779, 115
Trd, 8638957.879, 137
Trd, 8638958.079, 131
Trd, 8638959.012, 126
Trd, 8638959.512, 114
Trd, 8638960.646, 101
Trd, 8638960.879, 111
Trd, 8638961.112, 62
Trd, 8638961.246, 112
Trd, 8638962.079, 99
Trd, 8638962.512, 94
Trd, 8638962.646, 69
Trd, 8638963.279, 79
Trd, 8638963.679, 98
Trd, 8638964.946, 64
Trd, 8638965.046, 77
Trd, 8638965.346, 66
Trd, 8638965.712, 69
Trd, 8638966.712, 69
Trd, 8638967.012, 70
Trd, 8638967.312, 69
Trd, 8638968.912, 140
Trd, 8638968.979, 138
Trd, 8638969.246, 115
Trd, 8638969.612, 98
Trd, 8638969.746, 89
Trd, 8638969.812, 125
Trd, 8638970.246, 87
Trd, 8638970.379, 85
Trd, 8638970.812, 75
Trd, 8638971.046, 99
Trd, 8638972.679, 121
Trd, 8638973.279, 115
Trd, 8638974.212, 112
Trd, 8638974.312, 109
Trd, 8638974.446, 105
Trd, 8638974.746, 93
Trd, 8638975.146, 94
Trd, 8638975.612, 105
Trd, 8638976.112, 126
Trd, 8638976.179, 111
Trd, 8638977.346, 109
Trd, 8638978.046, 120
Trd, 8638978.112, 90
Trd, 8638978.746, 81
Trd, 8638978.779, 95
Trd, 8638979.112, 76
Trd, 8638979.312, 72
Trd, 8638979.679, 82
Trd, 8638980.012, 63
Trd, 8638980.379, 98
Trd, 8638980.712, 113
Trd, 8638981.779, 70
Trd, 8638982.846, 73
Trd, 8638982.979, 70
Trd, 8638983.146, 80
Trd, 8638984.346, 90
Trd, 8638984.379, 75
Trd, 8638984.912, 69
Trd, 8638985.179, 133
Trd, 8638985.746, 123
Trd, 8638986.579, 104
Trd, 8638986.812, 102
Trd, 8638986.946, 96
Trd, 8638987.279, 92
Trd, 8638988.379, 116
Trd, 8638988.812, 130
Trd, 8638989.879, 86
Trd, 8638990.012, 81
Trd, 8638990.512, 129
Trd, 8638990.646, 87
Trd, 8638991.046, 140
Trd, 8638991.546, 119
Trd, 8638991.646, 100
Trd, 8638991.912, 124
Trd, 8638992.012, 84
Trd, 8638993.346, 114
Trd, 8638994.146, 134
Trd, 8638994.946, 138
Trd, 8638995.079, 123
Trd, 8638995.479, 112
Trd, 8638995.946, 113
Trd, 8638996.079, 138
Trd, 8638996.579, 127
Trd, 8638996.979, 125
Trd, 8638997.279, 133
Trd, 8638997.546, 111
Trd, 8638998.179, 115
Trd, 8638998.379, 114
Trd, 8638998.612, 113
Trd, 8638998.879, 83
Trd, 8638999.146, 84
Trd, 8638999.712, 124
Trd, 8639000.079, 116
Trd, 8639000.146, 103
Trd, 8639000.346, 128
Trd, 8639000.712, 78
Trd, 8639001.712, 137
Trd, 8639002.012, 134
Trd, 8639002.712, 90
Trd, 8639003.379, 132
Trd, 8639003.579, 138
Trd, 8639004.079, 135
Trd, 8639005.279, 110
Trd, 8639005.546, 100
Trd, 8639005.646, 92
Trd, 8639005.979, 138
Trd, 8639006.579, 115
Trd, 8639007.112, 131
Trd, 8639007.679, 108
Trd, 8639007.979, 99
Trd, 8639008.646, 116
Trd, 8639009.479, 120
Trd, 8639009.946, 131
Trd, 8639010.412, 131
Trd, 8639010.446, 125
Trd, 8639010.779, 126
Trd, 8639011.146, 134
Trd, 8639011.746, 138
Trd, 8639012.312, 136
Trd, 8639012.346, 128
Trd, 8639012.379, 102
Trd, 8639012.579, 115
Trd, 8639013.512, 114
Trd, 8639014.012, 99
Trd, 8639014.446, 108
Trd, 8639015.079, 117
Trd, 8639015.279, 88
Trd, 8639015.946, 101
Trd, 8639017.712, 110
Trd, 8639018.112, 138
Trd, 8639018.179, 135
Trd, 8639018.512, 62
Trd, 8639018.979, 61
Trd, 8639019.346, 111
Trd, 8639020.779, 139
Trd, 8639020.846, 128
Trd, 8639021.279, 103
Trd, 8639021.346, 96
Trd, 8639021.379, 92
Trd, 8639021.746, 138
Trd, 8639021.879, 87
Trd, 8639022.846, 122
Trd, 8639022.946, 112
Trd, 8639024.012, 125
Trd, 8639024.679, 96
Trd, 8639025.579, 136
Trd, 8639025.746, 116
Trd, 8639026.446, 140
Trd, 8639026.546, 124
Trd, 8639027.179, 81
Trd, 8639027.379, 129
Trd, 8639027.612, 89
Trd, 8639028.212, 116
Trd, 8639028.512, 83
Trd, 8639029.012, 106
Trd, 8639029.646, 94
Trd, 8639030.612, 76
Trd, 8639030.746, 115
Trd, 8639031.912, 137
Trd, 8639032.746, 130
Trd, 8639033.146, 112
Trd, 8639033.612, 93
Trd, 8639034.079, 133
Trd, 8639034.212, 76
Trd, 8639034.646, 110
Trd, 8639034.979, 139
Trd, 8639035.046, 118
Trd, 8639035.612, 127
Trd, 8639036.112, 92
Trd, 8639036.579, 127
Trd, 8639036.746, 126
Trd, 8639037.446, 88
Trd, 8639037.879, 105
Trd, 8639038.379, 112
Trd, 8639038.879, 101
Trd, 8639039.179, 130
Trd, 8639039.646, 140
Trd, 8639039.912, 79
Trd, 8639040.379, 112
Trd, 8639040.612, 119
Trd, 8639040.712, 110
Trd, 8639041.912, 129
Trd, 8639042.079, 112
Trd, 8639043.079, 109
Trd, 8639043.612, 136
Trd, 8639043.946, 128
Trd, 8639044.012, 127
Trd, 8639044.546, 138
Trd, 8639044.646, 125
Trd, 8639044.946, 102
Trd, 8639045.012, 82
Trd, 8639045.279, 71
Trd, 8639045.646, 63
Trd, 8639046.046, 95
Trd, 8639046.679, 106
Trd, 8639046.979, 115
Trd, 8639047.679, 86
Trd, 8639047.846, 81
Trd, 8639048.546, 77
Trd, 8639049.679, 127
Trd, 8639049.779, 119
Trd, 8639050.212, 128
Trd, 8639050.346, 120
Trd, 8639050.446, 90
Trd, 8639050.746, 85
Trd, 8639051.279, 62
Trd, 8639051.479, 70
Trd, 8639051.879, 109
Trd, 8639052.179, 97
Trd, 8639052.646, 75
Trd, 8639053.346, 119
Trd, 8639053.612, 123
Trd, 8639054.179, 84
Trd, 8639054.646, 134
Trd, 8639054.979, 92
Trd, 8639055.912, 113
Trd, 8639056.279, 86
Trd, 8639056.479, 105
Trd, 8639057.079, 112
Trd, 8639058.746, 132
Trd, 8639059.079, 126
Trd, 8639059.579, 130
Trd, 8639060.279, 133
Trd, 8639060.412, 130
Trd, 8639060.646, 122
Trd, 8639061.946, 106
Trd, 8639062.212, 106
Trd, 8639062.446, 106
Trd, 8639063.246, 138
Trd, 8639063.279, 121
Trd, 8639063.612, 125
Trd, 8639063.846, 96
Trd, 8639065.046, 107
Trd, 8639065.146, 125
Trd, 8639065.679, 127
Trd, 8639065.779, 135
Trd, 8639066.712, 66
Trd, 8639066.746, 88
Trd, 8639067.046, 125
Trd, 8639067.312, 86
Trd, 8639067.479, 128
Trd, 8639067.846, 83
Trd, 8639069.046, 93
Trd, 8639069.079, 107
Trd, 8639069.546, 95
Trd, 8639069.846, 115
Trd, 8639070.146, 140
Trd, 8639070.312, 103
Trd, 8639070.979, 106
Trd, 8639071.412, 92
Trd, 8639071.712, 62
Trd, 8639072.012, 109
Trd, 8639072.512, 113
Trd, 8639072.746, 119
Trd, 8639072.812, 98
Trd, 8639073.779, 102
Trd, 8639074.112, 62
Trd, 8639074.212, 63
Trd, 8639074.746, 138
Trd, 8639075.379, 137
Trd, 8639076.046, 98
Trd, 8639076.212, 94
Trd, 8639076.379, 90
Trd, 8639076.646, 119
Trd, 8639077.346, 95
Trd, 8639077.746, 84
Trd, 8639077.979, 86
Trd, 8639078.512, 112
Trd, 8639078.879, 98
Trd, 8639079.746, 117
Trd, 8639080.379, 100
Trd, 8639080.646, 112
Trd, 8639080.846, 133
Trd, 8639081.146, 129
Trd, 8639081.679, 131
Trd, 8639082.112, 103
Trd, 8639082.212, 84
Trd, 8639082.812, 116
Trd, 8639083.546, 91
Trd, 8639083.646, 84
Trd, 8639084.279, 72
Trd, 8639085.046, 68
Trd, 8639085.312, 89
Trd, 8639085.512, 81
Trd, 8639085.746, 109
Trd, 8639086.179, 117
Trd, 8639086.279, 107
Trd, 8639086.512, 138
Trd, 8639087.179, 61
Trd, 8639087.346, 72
Trd, 8639087.812, 90
Trd, 8639088.012, 92
Trd, 8639090.246, 132
Trd, 8639090.312, 112
Trd, 8639090.579, 136
Trd, 8639090.712, 131
Trd, 8639090.746, 91
Trd, 8639091.479, 73
Trd, 8639091.879, 140
Trd, 8639092.279, 78
Trd, 8639092.746, 114
Trd, 8639092.779, 100
Trd, 8639093.046, 94
Trd, 8639093.346, 123
Trd, 8639093.879, 124
Trd, 8639094.212, 131
Trd, 8639094.479, 109
Trd, 8639094.512, 95
Trd, 8639094.679, 88
Trd, 8639094.979, 81
Trd, 8639095.546, 94
Trd, 8639095.646, 119
Trd, 8639096.946, 132
Trd, 8639097.679, 132
Trd, 8639098.212, 130
Trd, 8639098.679, 133
Trd, 8639099.046, 133
Trd, 8639099.746, 112
Trd, 8639100.112, 129
Trd, 8639101.412, 103
Trd, 8639101.512, 117
Trd, 8639101.679, 118
Trd, 8639102.046, 126
Trd, 8639102.679, 93
Trd, 8639102.846, 84
Trd, 8639102.946, 131
Trd, 8639103.712, 81
Trd, 8639104.246, 115
Trd, 8639105.379, 138
Trd, 8639105.912, 140
Trd, 8639107.212, 136
Trd, 8639107.812, 122
Trd, 8639107.846, 101
Trd, 8639108.279, 98
Trd, 8639108.312, 91
Trd, 8639109.612, 101
Trd, 8639110.112, 84
Trd, 8639110.846, 117
Trd, 8639110.979, 132
Trd, 8639111.579, 129
Trd, 8639111.712, 116
Trd, 8639111.846, 76
Trd, 8639112.679, 81
Trd, 8639113.179, 133
Trd, 8639113.212, 121
Trd, 8639113.612, 102
Trd, 8639113.646, 96
Trd, 8639114.046, 84
Trd, 8639114.479, 102
Trd, 8639115.012, 78
Trd, 8639115.279, 69
Trd, 8639115.746, 80
Trd, 8639115.812, 89
Trd, 8639116.179, 89
Trd, 8639116.446, 70
Trd, 8639116.712, 93
Trd, 8639117.412, 63
Trd, 8639117.579, 78
Trd, 8639117.946, 76
Trd, 8639117.979, 91
Trd, 8639118.812, 120
Trd, 8639119.379, 129
Trd, 8639120.079, 103
Trd, 8639120.146, 94
Trd, 8639120.212, 90
Trd, 8639120.779, 64
Trd, 8639121.212, 98
Trd, 8639121.812, 110
Trd, 8639122.846, 132
Trd, 8639122.946, 118
Trd, 8639123.979, 128
Trd, 8639124.146, 129
Trd, 8639124.646, 124
Trd, 8639125.312, 137
Trd, 8639126.046, 132
Trd, 8639126.312, 119
Trd, 8639126.479, 116
Trd, 8639126.846, 128
Trd, 8639127.446, 84
Trd, 8639127.912, 76
Trd, 8639127.979, 83
Trd, 8639128.046, 101
Trd, 8639128.112, 114
Trd, 8639128.546, 120
Trd, 8639129.912, 120
Trd, 8639130.279, 121
Trd, 8639130.312, 106
Trd, 8639131.212, 126
Trd, 8639131.546, 122
Trd, 8639131.979, 117
Trd, 8639132.646, 133
Trd, 8639132.679, 95
Trd, 8639133.112, 80
Trd, 8639133.246, 122
Trd, 8639133.412, 108
Trd, 8639133.546, 76
Trd, 8639134.546, 126
Trd, 8639135.346, 137
Trd, 8639135.746, 132
Trd, 8639135.946, 126
Trd, 8639136.346, 128
Trd, 8639136.412, 124
Trd, 8639136.846, 108
Trd, 8639137.612, 123
Trd, 8639138.812, 139
Trd, 8639139.212, 127
Trd, 8639139.246, 114
Trd, 8639139.712, 135
Trd, 8639140.046, 123
Trd, 8639140.179, 105
Trd, 8639140.546, 92
Trd, 8639140.879, 83
Trd, 8639141.079, 78
Trd, 8639141.679, 91
Trd, 8639142.146, 133
Trd, 8639142.479, 97
Trd, 8639143.812, 111
Trd, 8639144.179, 108
Trd, 8639144.812, 136
Trd, 8639145.546, 116
Trd, 8639145.712, 137
Trd, 8639146.246, 75
Trd, 8639147.379, 132
Trd, 8639147.512, 116
Trd, 8639147.746, 138
Trd, 8639147.812, 104
Trd, 8639148.412, 138
Trd, 8639148.512, 116
Trd, 8639148.912, 111
Trd, 8639149.046, 114
Trd, 8639149.679, 114
Trd, 8639150.112, 124
Trd, 8639150.279, 88
Trd, 8639151.812, 137
Trd, 8639152.912, 131
Trd, 8639153.012, 121
Trd, 8639153.246, 112
Trd, 8639153.279, 109
Trd, 8639153.379, 107
Trd, 8639153.812, 123
Trd, 8639153.912, 94
Trd, 8639154.146, 93
Trd, 8639156.379, 136
Trd, 8639156.446, 135
Trd, 8639156.979, 121
Trd, 8639157.412, 137
Trd, 8639157.579, 119
Trd, 8639158.012, 130
Trd, 8639158.679, 114
Trd, 8639159.412, 110
Trd, 8639160.079, 102
Trd, 8639160.546, 97
Trd, 8639161.212, 111
Trd, 8639161.612, 88
Trd, 8639161.979, 127
Trd, 8639162.546, 127
Trd, 8639162.979, 116
Trd, 8639163.479, 116
Trd, 8639163.646, 110
Trd, 8639163.712, 100
Trd, 8639163.746, 130
Trd, 8639164.312, 77
Trd, 8639164.612, 75
Trd, 8639164.712, 90
Trd, 8639164.846, 98
Trd, 8639166.712, 134
Trd, 8639166.879, 133
Trd, 8639167.279, 124
Trd, 8639168.012, 133
Trd, 8639168.946, 126
Trd, 8639169.012, 113
Trd, 8639169.212, 102
Trd, 8639169.812, 74
Trd, 8639170.012, 119
Trd, 8639170.512, 69
Trd, 8639170.612, 71
Trd, 8639172.046, 140
Trd, 8639172.312, 118
Trd, 8639172.512, 102
Trd, 8639172.546, 97
Trd, 8639173.646, 137
Trd, 8639174.046, 128
Trd, 8639175.512, 90
Trd, 8639175.679, 102
Trd, 8639176.212, 113
Trd, 8639176.746, 116
Trd, 8639177.679, 109
Trd, 8639177.746, 116
Trd, 8639178.179, 103
Trd, 8639178.379, 112
Trd, 8639178.412, 101
Trd, 8639179.479, 140
Trd, 8639179.546, 104
Trd, 8639179.646, 81
Trd, 8639179.779, 100
Trd, 8639180.112, 129
Trd, 8639180.779, 116
Trd, 8639180.912, 108
Trd, 8639181.112, 96
Trd, 8639182.512, 131
Trd, 8639182.946, 124
Trd, 8639183.679, 123
Trd, 8639184.446, 111
Trd, 8639184.546, 99
Trd, 8639184.612, 107
Trd, 8639185.579, 97
Trd, 8639186.179, 120
Trd, 8639186.279, 102
Trd, 8639186.746, 95
Trd, 8639187.346, 126
Trd, 8639187.812, 136
Trd, 8639187.979, 133
Trd, 8639188.712, 128
Trd, 8639189.346, 128
Trd, 8639189.546, 127
Trd, 8639189.646, 117
Trd, 8639189.679, 115
Trd, 8639190.012, 133
Trd, 8639190.479, 128
Trd, 8639190.512, 83
Trd, 8639190.979, 116
Trd, 8639191.146, 71
Trd, 8639191.979, 118
Trd, 8639192.179, 140
Trd, 8639193.112, 123
Trd, 8639193.212, 101
Trd, 8639194.712, 99
Trd, 8639194.979, 98
Trd, 8639195.246, 131
Trd, 8639195.612, 122
Trd, 8639196.312, 139
Trd, 8639196.612, 90
Trd, 8639197.146, 93
Trd, 8639197.812, 82
Trd, 8639198.246, 113
Trd, 8639198.612, 68
Trd, 8639198.646, 84
Trd, 8639198.679, 65
Trd, 8639198.879, 132
Trd, 8639199.679, 139
Trd, 8639200.446, 121
Trd, 8639200.579, 113
Trd, 8639201.779, 138
Trd, 8639202.479, 129
Trd, 8639202.779, 96
Trd, 8639202.812, 94
Trd, 8639203.112, 125
Trd, 8639203.479, 122
Trd, 8639203.512, 115
Trd, 8639203.679, 134
Trd, 8639203.779, 81
Trd, 8639204.912, 63
Trd, 8639205.146, 64
Trd, 8639206.179, 95
Trd, 8639206.579, 92
Trd, 8639206.612, 83
Trd, 8639207.146, 118
Trd, 8639207.479, 101
Trd, 8639207.546, 104
Trd, 8639207.879, 139
Trd, 8639208.846, 131
Trd, 8639209.079, 130
Trd, 8639209.412, 134
Trd, 8639209.846, 134
Trd, 8639210.579, 137
Trd, 8639210.946, 127
Trd, 8639211.112, 140
Trd, 8639211.512, 138
Trd, 8639212.046, 120
Trd, 8639212.179, 118
Trd, 8639213.079, 111
Trd, 8639213.279, 98
Trd, 8639213.346, 119
Trd, 8639213.646, 77
Trd, 8639214.879, 101
Trd, 8639214.979, 70
Trd, 8639215.212, 61
Trd, 8639215.546, 109
Trd, 8639216.179, 126
Trd, 8639216.346, 88
Trd, 8639217.079, 131
Trd, 8639217.412, 99
Trd, 8639218.146, 136
Trd, 8639218.846, 123
Trd, 8639219.246, 136
Trd, 8639219.646, 87
Trd, 8639220.079, 105
Trd, 8639221.046, 123
Trd, 8639222.046, 68
Trd, 8639222.112, 104
Trd, 8639223.046, 125
Trd, 8639224.112, 134
Trd, 8639224.212, 131
Trd, 8639224.512, 118
Trd, 8639224.546, 118
Trd, 8639224.846, 131
Trd, 8639225.146, 116
Trd, 8639225.346, 99
Trd, 8639225.579, 123
Trd, 8639225.979, 90
Trd, 8639226.246, 93
Trd, 8639226.279, 85
Trd, 8639228.612, 104
Trd, 8639229.146, 125
Trd, 8639229.346, 114
Trd, 8639229.979, 121
Trd, 8639230.212, 114
Trd, 8639230.712, 119
Trd, 8639231.112, 137
Trd, 8639231.612, 104
Trd, 8639231.812, 101
Trd, 8639232.446, 102
Trd, 8639232.512, 113
Trd, 8639233.046, 119
Trd, 8639233.346, 137
Trd, 8639233.412, 109
Trd, 8639233.912, 105
Trd, 8639234.812, 93
Trd, 8639234.879, 78
Trd, 8639235.112, 63
Trd, 8639235.579, 69
Trd, 8639236.246, 66
Trd, 8639236.946, 110
Trd, 8639237.012, 94
Trd, 8639237.412, 96
Trd, 8639237.612, 70
Trd, 8639237.746, 110
Trd, 8639239.112, 126
Trd, 8639239.146, 125
Trd, 8639239.612, 122
Trd, 8639239.879, 115
Trd, 8639240.412, 127
Trd, 8639241.012, 112
Trd, 8639241.479, 86
Trd, 8639242.012, 90
Trd, 8639242.079, 125
Trd, 8639242.546, 139
Trd, 8639242.879, 95
Trd, 8639243.646, 74
Trd, 8639244.546, 82
Trd, 8639244.746, 96
Trd, 8639245.512, 129
Trd, 8639246.579, 121
Trd, 8639247.312, 129
Trd, 8639247.412, 95
Trd, 8639247.779, 78
Trd, 8639248.146, 97
Trd, 8639248.346, 74
Trd, 8639248.679, 117
Trd, 8639249.012, 134
Trd, 8639249.579, 88
Trd, 8639249.846, 104
Trd, 8639250.979, 113
Trd, 8639252.012, 127
Trd, 8639252.112, 115
Trd, 8639252.579, 135
Trd, 8639252.679, 108
Trd, 8639253.146, 137
Trd, 8639253.212, 134
Trd, 8639253.346, 117
Trd, 8639254.246, 128
Trd, 8639254.412, 138
Trd, 8639255.079, 138
Trd, 8639255.379, 91
Trd, 8639255.879, 127
Trd, 8639256.612, 126
Trd, 8639256.712, 122
Trd, 8639257.079, 101
Trd, 8639257.879, 103
Trd, 8639258.379, 65
Trd, 8639258.912, 112
Trd, 8639259.046, 116
Trd, 8639259.646, 132
Trd, 8639259.679, 123
Trd, 8639260.112, 60
Trd, 8639260.612, 115
Trd, 8639260.879, 117
Trd, 8639261.879, 95
Trd, 8639262.012, 96
Trd, 8639262.246, 99
Trd, 8639262.279, 132
Trd, 8639263.012, 136
Trd, 8639263.979, 116
Trd, 8639264.812, 133
Trd, 8639265.112, 118
Trd, 8639266.546, 109
Trd, 8639266.646, 121
Trd, 8639266.812, 99
Trd, 8639267.012, 85
Trd, 8639267.612, 124
Trd, 8639267.746, 81
Trd, 8639268.212, 128
Trd, 8639268.479, 107
Trd, 8639270.012, 111
Trd, 8639270.746, 100
Trd, 8639271.412, 104
Trd, 8639271.846, 140
Trd, 8639272.079, 126
Trd, 8639272.312, 97
Trd, 8639272.512, 106
Trd, 8639272.612, 118
Trd, 8639273.012, 99
Trd, 8639274.112, 121
Trd, 8639274.312, 114
Trd, 8639274.979, 115
Trd, 8639277.146, 116
Trd, 8639277.179, 115
Trd, 8639277.512, 126
Trd, 8639278.346, 127
Trd, 8639278.979, 137
Trd, 8639279.412, 140
Trd, 8639280.046, 139
Trd, 8639280.179, 127
Trd, 8639281.046, 131
Trd, 8639281.112, 118
Trd, 8639281.312, 103
Trd, 8639281.812, 103
Trd, 8639282.246, 123
Trd, 8639282.512, 114
Trd, 8639283.712, 93
Trd, 8639284.012, 94
Trd, 8639284.046, 91
Trd, 8639284.446, 84
Trd, 8639284.746, 71
Trd, 8639285.146, 98
Trd, 8639285.912, 133
Trd, 8639286.079, 127
Trd, 8639286.279, 124
Trd, 8639286.479, 92
Trd, 8639286.779, 131
Trd, 8639288.346, 134
Trd, 8639288.779, 134
Trd, 8639289.246, 124
Trd, 8639289.912, 136
Trd, 8639290.579, 133
Trd, 8639290.779, 129
Trd, 8639291.412, 114
Trd, 8639291.746, 98
Trd, 8639291.979, 103
Trd, 8639292.846, 138
Trd, 8639292.979, 125
Trd, 8639293.679, 121
Trd, 8639293.846, 129
Trd, 8639294.112, 112
Trd, 8639294.712, 93
Trd, 8639294.779, 103
Trd, 8639295.012, 88
Trd, 8639295.446, 108
Trd, 8639295.812, 105
Trd, 8639295.912, 84
Trd, 8639296.279, 76
Trd, 8639296.812, 105
Trd, 8639297.579, 133
Trd, 8639297.646, 120
Trd, 8639298.412, 97
Trd, 8639299.512, 121
Trd, 8639300.079, 124
Trd, 8639300.446, 122
Trd, 8639300.746, 119
Trd, 8639301.046, 109
Trd, 8639301.312, 136
Trd, 8639301.479, 108
Trd, 8639301.579, 104
Trd, 8639301.712, 97
Trd, 8639301.979, 100
Trd, 8639302.479, 73
Trd, 8639302.946, 104
Trd, 8639304.246, 121
Trd, 8639304.512, 135
Trd, 8639305.979, 128
Trd, 8639306.446, 133
Trd, 8639307.279, 134
Trd, 8639307.712, 132
Trd, 8639307.779, 109
Trd, 8639307.979, 108
Trd, 8639309.512, 138
Trd, 8639309.679, 96
Trd, 8639310.946, 113
Trd, 8639311.312, 97
Trd, 8639311.412, 101
Trd, 8639311.746, 112
Trd, 8639312.279, 137
Trd, 8639312.546, 93
Trd, 8639313.512, 74
Trd, 8639313.712, 106
Trd, 8639313.812, 98
Trd, 8639314.812, 124
Trd, 8639315.046, 119
Trd, 8639315.279, 111
Trd, 8639316.212, 128
Trd, 8639316.379, 133
Trd, 8639316.446, 117
Trd, 8639316.779, 102
Trd, 8639317.079, 94
Trd, 8639317.812, 138
Trd, 8639318.312, 133
Trd, 8639318.946, 130
Trd, 8639319.212, 125
Trd, 8639319.846, 113
Trd, 8639320.079, 126
Trd, 8639320.146, 110
Trd, 8639320.446, 95
Trd, 8639320.746, 98
Trd, 8639321.279, 121
Trd, 8639321.679, 76
Trd, 8639321.712, 98
Trd, 8639322.179, 113
Trd, 8639322.479, 84
Trd, 8639322.679, 122
Trd, 8639323.146, 62
Trd, 8639323.646, 95
Trd, 8639323.879, 94
Trd, 8639324.512, 65
Trd, 8639324.712, 96
Trd, 8639325.279, 116
Trd, 8639326.346, 110
Trd, 8639326.446, 104
Trd, 8639327.612, 118
Trd, 8639328.112, 140
Trd, 8639328.479, 129
Trd, 8639329.279, 131
Trd, 8639329.412, 117
Trd, 8639329.946, 111
Trd, 8639330.512, 130
Trd, 8639331.346, 132
Trd, 8639331.412, 130
Trd, 8639331.446, 127
Trd, 8639331.746, 83
Trd, 8639332.846, 137
Trd, 8639333.146, 132
Trd, 8639333.179, 115
Trd, 8639333.379, 120
Trd, 8639334.446, 112
Trd, 8639334.746, 89
Trd, 8639334.946, 120
Trd, 8639335.346, 128
Trd, 8639336.146, 125
Trd, 8639336.446, 124
Trd, 8639336.512, 73
Trd, 8639337.312, 131
Trd, 8639337.479, 130
Trd, 8639337.546, 120
Trd, 8639338.112, 80
Trd, 8639338.912, 96
Trd, 8639339.012, 110
Trd, 8639339.612, 82
Trd, 8639339.912, 81
Trd, 8639340.846, 125
Trd, 8639341.412, 137
Trd, 8639341.979, 131
Trd, 8639342.179, 133
Trd, 8639342.879, 79
Trd, 8639343.512, 132
Trd, 8639344.312, 78
Trd, 8639344.446, 63
Trd, 8639344.912, 75
Trd, 8639345.012, 80
Trd, 8639345.579, 122
Trd, 8639345.646, 114
Trd, 8639346.046, 74
Trd, 8639346.646, 137
Trd, 8639346.979, 119
Trd, 8639347.212, 76
Trd, 8639348.312, 115
Trd, 8639348.746, 129
Trd, 8639348.979, 120
Trd, 8639350.379, 137
Trd, 8639350.579, 124
Trd, 8639350.712, 119
Trd, 8639350.812, 109
Trd, 8639352.079, 128
Trd, 8639352.512, 118
Trd, 8639353.546, 99
Trd, 8639353.979, 106
Trd, 8639354.012, 122
Trd, 8639355.246, 117
Trd, 8639355.646, 127
Trd, 8639355.946, 110
Trd, 8639356.446, 93
Trd, 8639357.146, 78
Trd, 8639357.412, 134
Trd, 8639358.146, 95
Trd, 8639359.146, 119
Trd, 8639359.379, 116
Trd, 8639359.712, 120
Trd, 8639359.746, 107
Trd, 8639359.846, 87
Trd, 8639359.912, 80
Trd, 8639360.379, 77
Trd, 8639360.779, 87
Trd, 8639361.546, 77
Trd, 8639361.679, 100
Trd, 8639362.046, 130
Trd, 8639363.046, 116
Trd, 8639363.146, 103
Trd, 8639363.946, 137
Trd, 8639364.546, 136
Trd, 8639364.646, 113
Trd, 8639365.146, 134
Trd, 8639366.546, 137
Trd, 8639366.746, 136
Trd, 8639367.179, 109
Trd, 8639367.846, 128
Trd, 8639368.879, 137
Trd, 8639369.012, 121
Trd, 8639369.112, 108
Trd, 8639369.412, 103
Trd, 8639369.512, 93
Trd, 8639369.779, 111
Trd, 8639369.979, 101
Trd, 8639370.179, 84
Trd, 8639370.579, 140
Trd, 8639372.512, 129
Trd, 8639372.579, 128
Trd, 8639373.012, 127
Trd, 8639373.146, 126
Trd, 8639373.846, 130
Trd, 8639375.346, 93
Trd, 8639375.612, 129
Trd, 8639375.746, 79
Trd, 8639376.412, 120
Trd, 8639376.679, 105
Trd, 8639376.846, 129
Trd, 8639376.946, 114
Trd, 8639377.412, 97
Trd, 8639378.312, 135
Trd, 8639378.679, 135
Trd, 8639379.279, 140
Trd, 8639379.812, 124
Trd, 8639380.212, 125
Trd, 8639380.379, 107
Trd, 8639380.979, 94
Trd, 8639381.079, 120
Trd, 8639381.746, 122
Trd, 8639382.046, 112
Trd, 8639382.679, 124
Trd, 8639383.212, 102
Trd, 8639384.146, 134
Trd, 8639384.646, 121
Trd, 8639385.046, 135
Trd, 8639385.312, 113
Trd, 8639385.879, 99
Trd, 8639386.179, 124
Trd, 8639386.679, 98
Trd, 8639386.946, 106
Trd, 8639387.146, 108
Trd, 8639387.179, 80
Trd, 8639387.679, 111
Trd, 8639388.512, 75
Trd, 8639389.279, 118
Trd, 8639389.346, 112
Trd, 8639389.846, 99
Trd, 8639390.512, 128
Trd, 8639390.546, 108
Trd, 8639390.746, 132
Trd, 8639391.746, 133
Trd, 8639392.179, 117
Trd, 8639392.646, 104
Trd, 8639393.379, 101
Trd, 8639394.312, 120
Trd, 8639394.479, 119
Trd, 8639394.679, 109
Trd, 8639394.979, 88
Trd, 8639395.879, 80
Trd, 8639395.946, 110
Trd, 8639396.179, 78
Trd, 8639397.146, 118
Trd, 8639397.946, 82
Trd, 8639397.979, 75
Trd, 8639398.546, 99
Trd, 8639398.812, 117
Trd, 8639398.946, 128
Trd, 8639399.179, 129
Trd, 8639399.246, 89
Trd, 8639399.379, 89
Trd, 8639399.946, 81
Trd, 8639400.446, 95
Trd, 8639401.846, 97
Trd, 8639402.279, 70
Trd, 8639402.346, 91
Trd, 8639403.512, 107
Trd, 8639403.546, 105
Trd, 8639403.879, 114
Trd, 8639404.379, 133
Trd, 8639404.546, 110
Trd, 8639404.612, 106
Trd, 8639404.646, 77
Trd, 8639405.312, 139
Trd, 8639406.212, 75
Trd, 8639406.612, 74
Trd, 8639406.679, 79
Trd, 8639407.579, 60
Trd, 8639407.979, 67
Trd, 8639408.179, 79
Trd, 8639408.212, 103
Trd, 8639409.012, 76
Trd, 8639409.079, 124
Trd, 8639409.279, 127
Trd, 8639409.379, 119
Trd, 8639409.746, 119
Trd, 8639409.812, 102
Trd, 8639410.112, 102
Trd, 8639410.979, 106
Trd, 8639411.212, 122
Trd, 8639411.379, 100
Trd, 8639412.112, 90
Trd, 8639412.646, 75
Trd, 8639412.846, 122
Trd, 8639413.912, 104
Trd, 8639414.012, 114
Trd, 8639414.946, 88
Trd, 8639415.112, 111
Trd, 8639415.779, 78
Trd, 8639416.179, 86
Trd, 8639416.879, 80
Trd, 8639416.946, 130
Trd, 8639417.846, 98
Trd, 8639417.912, 87
Trd, 8639417.946, 73
Trd, 8639419.479, 137
Trd, 8639420.079, 139
Trd, 8639420.979, 138
Trd, 8639421.112, 135
Trd, 8639421.312, 104
Trd, 8639421.512, 111
Trd, 8639422.046, 104
Trd, 8639422.712, 134
Trd, 8639423.046, 121
Trd, 8639423.112, 100
Trd, 8639423.479, 124
Trd, 8639424.446, 112
Trd, 8639424.946, 126
Trd, 8639424.979, 92
Trd, 8639425.912, 134
Trd, 8639426.112, 115
Trd, 8639426.812, 100
Trd, 8639427.379, 125
Trd, 8639428.179, 118
Trd, 8639428.546, 118
Trd, 8639429.579, 132
Trd, 8639430.546, 91
Trd, 8639430.946, 83
Trd, 8639431.046, 122
Trd, 8639431.446, 117
Trd, 8639431.846, 108
Trd, 8639432.012, 123
Trd, 8639432.879, 129
Trd, 8639433.212, 130
Trd, 8639433.246, 113
Trd, 8639433.346, 98
Trd, 8639433.812, 81
Trd, 8639434.879, 105
Trd, 8639435.412, 97
Trd, 8639435.446, 93
Trd, 8639435.512, 128
Trd, 8639436.412, 135
Trd, 8639437.379, 119
Trd, 8639437.412, 116
Trd, 8639437.479, 105
Trd, 8639437.612, 91
Trd, 8639437.946, 131
Trd, 8639438.212, 122
Trd, 8639439.412, 130
Trd, 8639439.479, 120
Trd, 8639440.212, 139
Trd, 8639440.446, 136
Trd, 8639440.712, 118
Trd, 8639440.946, 126
Trd, 8639441.146, 117
Trd, 8639441.246, 104
Trd, 8639442.546, 101
Trd, 8639442.846, 136
Trd, 8639444.046, 111
Trd, 8639444.079, 95
Trd, 8639444.912, 82
Trd, 8639445.779, 94
Trd, 8639446.579, 97
Trd, 8639446.612, 99
Trd, 8639447.046, 80
Trd, 8639447.212, 74
Trd, 8639447.812, 94
Trd, 8639448.146, 105
Trd, 8639448.446, 93
Trd, 8639448.579, 86
Trd, 8639448.612, 106
Trd, 8639449.012, 138
Trd, 8639449.246, 97
Trd, 8639449.479, 110
Trd, 8639450.712, 74
Trd, 8639451.679, 128
Trd, 8639451.812, 103
Trd, 8639452.212, 97
Trd, 8639452.512, 98
Trd, 8639453.012, 66
Trd, 8639453.579, 86
Trd, 8639454.179, 99
Trd, 8639454.746, 134
Trd, 8639455.912, 121
Trd, 8639456.346, 103
Trd, 8639456.679, 125
Trd, 8639456.946, 112
Trd, 8639457.879, 140
Trd, 8639457.946, 138
Trd, 8639458.112, 135
Trd, 8639458.579, 123
Trd, 8639459.512, 138
Trd, 8639459.746, 102
Trd, 8639459.946, 126
Trd, 8639460.112, 106
Trd, 8639460.546, 136
Trd, 8639460.646, 135
Trd, 8639461.079, 122
Trd, 8639462.579, 117
Trd, 8639462.612, 112
Trd, 8639463.612, 112
Trd, 8639463.979, 119
Trd, 8639464.446, 115
Trd, 8639464.879, 112
Trd, 8639465.446, 133
Trd, 8639465.646, 121
Trd, 8639466.546, 127
Trd, 8639466.612, 114
Trd, 8639467.379, 129
Trd, 8639467.479, 111
Trd, 8639467.879, 88
Trd, 8639468.146, 131
Trd, 8639468.179, 102
Trd, 8639468.812, 84
Trd, 8639469.379, 95
Trd, 8639469.579, 80
Trd, 8639469.779, 105
Trd, 8639470.312, 109
Trd, 8639471.212, 135
Trd, 8639471.312, 119
Trd, 8639471.546, 99
Trd, 8639471.879, 94
Trd, 8639472.412, 128
Trd, 8639472.579, 77
Trd, 8639473.079, 137
Trd, 8639474.312, 128
Trd, 8639474.846, 103
Trd, 8639475.179, 140
Trd, 8639475.546, 117
Trd, 8639476.979, 111
Trd, 8639477.146, 100
Trd, 8639477.546, 137
Trd, 8639477.979, 122
Trd, 8639478.379, 127
Trd, 8639478.912, 129
Trd, 8639479.446, 111
Trd, 8639480.379, 100
Trd, 8639481.446, 92
Trd, 8639481.479, 91
Trd, 8639481.612, 91
Trd, 8639482.179, 117
Trd, 8639482.512, 90
Trd, 8639483.079, 100
Trd, 8639483.146, 85
Trd, 8639483.512, 76
Trd, 8639483.946, 126
Trd, 8639484.512, 107
Trd, 8639484.579, 86
Trd, 8639484.779, 77
Trd, 8639485.712, 88
Trd, 8639486.712, 60
Trd, 8639487.046, 65
Trd, 8639487.279, 70
Trd, 8639487.379, 82
Trd, 8639487.779, 110
Trd, 8639487.812, 85
Trd, 8639488.312, 98
Trd, 8639488.779, 111
Trd, 8639488.846, 81
Trd, 8639489.379, 64
Trd, 8639489.679, 99
Trd, 8639490.079, 126
Trd, 8639491.579, 135
Trd, 8639491.846, 97
Trd, 8639492.112, 106
Trd, 8639492.379, 89
Trd, 8639492.846, 127
Trd, 8639493.279, 81
Trd, 8639493.312, 98
Trd, 8639494.279, 75
Trd, 8639494.946, 91
Trd, 8639495.279, 131
Trd, 8639495.446, 113
Trd, 8639495.746, 82
Trd, 8639496.446, 123
Trd, 8639496.579, 112
Trd, 8639496.846, 70
Trd, 8639496.979, 119
Trd, 8639497.146, 89
Trd, 8639497.912, 103
Trd, 8639498.012, 96
Trd, 8639498.879, 127
Trd, 8639499.679, 134
Trd, 8639499.879, 126
Trd, 8639500.079, 94
Trd, 8639501.746, 137
Trd, 8639501.846, 128
Trd, 8639501.879, 123
Trd, 8639502.146, 136
Trd, 8639502.479, 120
Trd, 8639502.946, 117
Trd, 8639504.446, 138
Trd, 8639504.979, 104
Trd, 8639505.479, 114
Trd, 8639505.746, 121
Trd, 8639505.879, 109
Trd, 8639506.312, 107
Trd, 8639506.712, 130
Trd, 8639507.446, 101
Trd, 8639507.946, 89
Trd, 8639508.146, 86
Trd, 8639508.279, 111
Trd, 8639509.346, 125
Trd, 8639509.446, 110
Trd, 8639509.779, 98
Trd, 8639510.212, 136
Trd, 8639512.312, 140
Trd, 8639512.412, 132
Trd, 8639513.312, 135
Trd, 8639513.479, 131
Trd, 8639513.546, 122
Trd, 8639513.779, 103
Trd, 8639514.246, 110
Trd, 8639515.346, 112
Trd, 8639515.479, 129
Trd, 8639515.879, 116
Trd, 8639516.546, 126
Trd, 8639516.946, 113
Trd, 8639517.112, 95
Trd, 8639518.012, 109
Trd, 8639518.212, 119
Trd, 8639518.512, 122
Trd, 8639518.679, 123
Trd, 8639519.312, 103
Trd, 8639519.346, 100
Trd, 8639519.379, 114
Trd, 8639519.612, 99
Trd, 8639520.446, 101
Trd, 8639520.579, 126
Trd, 8639521.279, 100
Trd, 8639521.612, 95
Trd, 8639522.212, 134
Trd, 8639522.512, 134
Trd, 8639523.212, 128
Trd, 8639523.679, 111
Trd, 8639524.546, 102
Trd, 8639524.646, 96
Trd, 8639525.179, 116
Trd, 8639526.046, 105
Trd, 8639526.146, 119
Trd, 8639526.812, 129
Trd, 8639527.179, 112
Trd, 8639528.046, 98
Trd, 8639528.879, 95
Trd, 8639529.112, 98
Trd, 8639530.312, 111
Trd, 8639530.879, 123
Trd, 8639531.779, 108
Trd, 8639531.979, 90
Trd, 8639532.546, 90
Trd, 8639532.812, 97
Trd, 8639532.946, 126
Trd, 8639534.446, 138
Trd, 8639534.846, 133
Trd, 8639535.046, 123
Trd, 8639535.146, 123
Trd, 8639535.179, 121
Trd, 8639536.179, 125
Trd, 8639536.212, 132
Trd, 8639536.579, 116
Trd, 8639537.479, 133
Trd, 8639537.946, 133
Trd, 8639538.146, 131
Trd, 8639538.646, 125
Trd, 8639539.346, 133
Trd, 8639540.379, 97
Trd, 8639540.612, 121
Trd, 8639541.412, 138
Trd, 8639541.546, 133
Trd, 8639541.879, 109
Trd, 8639542.012, 100
Trd, 8639542.346, 116
Trd, 8639542.946, 97
Trd, 8639543.112, 103
Trd, 8639543.646, 107
Trd, 8639544.112, 121
Trd, 8639544.379, 109
Trd, 8639544.879, 116
Trd, 8639545.746, 123
Trd, 8639546.212, 123
Trd, 8639546.979, 136
Trd, 8639547.412, 133
Trd, 8639547.579, 101
Trd, 8639548.646, 128
Trd, 8639549.112, 129
Trd, 8639549.479, 137
Trd, 8639550.079, 92
Trd, 8639550.746, 97
Trd, 8639551.279, 123
Trd, 8639551.779, 106
Trd, 8639552.412, 121
Trd, 8639552.846, 125
Trd, 8639552.946, 123
Trd, 8639553.546, 126
Trd, 8639553.912, 120
Trd, 8639554.012, 120
Trd, 8639554.946, 122
Trd, 8639555.312, 113
Trd, 8639555.379, 111
Trd, 8639556.146, 129
Trd, 8639556.279, 106
Trd, 8639556.579, 116
Trd, 8639557.046, 139
Trd, 8639557.579, 102
Trd, 8639557.679, 74
Trd, 8639558.746, 138
Trd, 8639559.412, 122
Trd, 8639559.479, 111
Trd, 8639559.612, 108
Trd, 8639561.546, 133
Trd, 8639562.179, 124
Trd, 8639562.679, 140
Trd, 8639562.712, 130
Trd, 8639562.846, 127
Trd, 8639563.079, 126
Trd, 8639563.446, 123
Trd, 8639563.846, 131
Trd, 8639564.279, 118
Trd, 8639564.812, 113
Trd, 8639565.279, 112
Trd, 8639565.512, 113
Trd, 8639565.846, 128
Trd, 8639566.146, 128
Trd, 8639566.779, 130
Trd, 8639567.412, 105
Trd, 8639567.879, 130
Trd, 8639567.912, 104
Trd, 8639568.379, 113
Trd, 8639568.746, 107
Trd, 8639569.212, 122
Trd, 8639569.279, 132
Trd, 8639569.812, 102
Trd, 8639570.946, 124
Trd, 8639571.046, 125
Trd, 8639571.846, 79
Trd, 8639572.012, 103
Trd, 8639572.079, 83
Trd, 8639572.246, 112
Trd, 8639572.779, 112
Trd, 8639573.179, 69
Trd, 8639573.679, 84
Trd, 8639573.879, 106
Trd, 8639574.612, 133
Trd, 8639574.646, 122
Trd, 8639575.246, 102
Trd, 8639575.312, 101
Trd, 8639575.546, 89
Trd, 8639576.079, 66
Trd, 8639576.479, 138
Trd, 8639577.146, 136
Trd, 8639577.579, 91
Trd, 8639578.146, 73
Trd, 8639578.212, 121
Trd, 8639578.879, 137
Trd, 8639579.646, 138
Trd, 8639579.812, 122
Trd, 8639580.312, 130
Trd, 8639581.012, 134
Trd, 8639581.679, 118
Trd, 8639581.979, 79
Trd, 8639582.579, 99
Trd, 8639582.612, 129
Trd, 8639582.779, 92
Trd, 8639582.879, 138
Trd, 8639583.046, 84
Trd, 8639583.212, 71
Trd, 8639583.779, 125
Trd, 8639584.279, 110
Trd, 8639584.679, 109
Trd, 8639584.846, 83
Trd, 8639585.146, 113
Trd, 8639586.012, 119
Trd, 8639587.012, 135
Trd, 8639587.612, 112
Trd, 8639587.712, 117
Trd, 8639587.746, 111
Trd, 8639587.912, 102
Trd, 8639588.946, 131
Trd, 8639589.046, 123
Trd, 8639589.346, 98
Trd, 8639590.379, 124
Trd, 8639590.546, 118
Trd, 8639591.012, 118
Trd, 8639591.312, 118
Trd, 8639591.812, 108
Trd, 8639592.312, 121
Trd, 8639592.479, 140
Trd, 8639593.312, 132
Trd, 8639593.779, 119
Trd, 8639595.446, 125
Trd, 8639595.546, 112
Trd, 8639596.146, 113
Trd, 8639596.312, 110
Trd, 8639596.612, 115
Trd, 8639596.746, 116
Trd, 8639597.479, 127
Trd, 8639597.812, 110
Trd, 8639597.946, 97
Trd, 8639598.212, 109
Trd, 8639598.546, 115
Trd, 8639598.912, 95
Trd, 8639599.546, 137
Trd, 8639599.746, 87
Trd, 8639600.479, 140
Trd, 8639600.546, 99
Trd, 8639601.712, 123
Trd, 8639602.546, 140
Trd, 8639602.579, 119
Trd, 8639603.112, 111
Trd, 8639603.579, 124
Trd, 8639603.712, 108
Trd, 8639604.212, 118
Trd, 8639604.379, 110
Trd, 8639604.546, 98
Trd, 8639605.012, 88
Trd, 8639605.312, 132
Trd, 8639605.979, 119
Trd, 8639606.279, 95
Trd, 8639606.579, 69
Trd, 8639608.079, 124
Trd, 8639608.246, 108
Trd, 8639608.479, 113
Trd, 8639608.612, 133
Trd, 8639608.679, 103
Trd, 8639609.812, 130
Trd, 8639609.879, 120
Trd, 8639610.479, 123
Trd, 8639611.312, 110
Trd, 8639611.779, 107
Trd, 8639612.579, 140
Trd, 8639613.179, 136
Trd, 8639613.312, 134
Trd, 8639613.512, 138
Trd, 8639613.746, 119
Trd, 8639614.846, 92
Trd, 8639615.412, 139
Trd, 8639615.646, 99
Trd, 8639615.679, 90
Trd, 8639615.946, 85
Trd, 8639616.079, 76
Trd, 8639616.946, 86
Trd, 8639617.312, 71
Trd, 8639618.346, 77
Trd, 8639618.879, 80
Trd, 8639619.212, 66
Trd, 8639619.479, 64
Trd, 8639620.046, 135
Trd, 8639620.079, 133
Trd, 8639620.212, 126
Trd, 8639620.246, 114
Trd, 8639621.112, 98
Trd, 8639621.246, 122
Trd, 8639622.946, 132
Trd, 8639623.379, 135
Trd, 8639623.679, 130
Trd, 8639624.412, 104
Trd, 8639624.779, 97
Trd, 8639625.012, 123
Trd, 8639625.046, 95
Trd, 8639625.446, 123
Trd, 8639625.812, 112
Trd, 8639626.812, 69
Trd, 8639627.179, 88
Trd, 8639627.546, 100
Trd, 8639627.812, 88
Trd, 8639628.212, 86
Trd, 8639628.446, 73
Trd, 8639628.646, 112
Trd, 8639628.812, 72
Trd, 8639629.346, 126
Trd, 8639629.646, 128
Trd, 8639630.112, 92
Trd, 8639630.512, 133
Trd, 8639630.712, 119
Trd, 8639631.379, 116
Trd, 8639631.846, 129
Trd, 8639632.079, 84
Trd, 8639632.379, 113
Trd, 8639633.246, 139
Trd, 8639633.379, 138
Trd, 8639634.779, 136
Trd, 8639635.412, 126
Trd, 8639636.146, 140
Trd, 8639636.179, 130
Trd, 8639636.612, 125
Trd, 8639637.012, 119
Trd, 8639637.079, 115
Trd, 8639637.512, 98
Trd, 8639638.012, 139
Trd, 8639639.012, 129
Trd, 8639639.612, 129
Trd, 8639640.579, 132
Trd, 8639640.779, 139
Trd, 8639641.112, 116
Trd, 8639641.746, 118
Trd, 8639642.112, 126
Trd, 8639642.212, 126
Trd, 8639642.312, 84
Trd, 8639642.646, 139
Trd, 8639643.379, 97
Trd, 8639643.579, 99
Trd, 8639643.679, 70
Trd, 8639643.912, 102
Trd, 8639644.079, 80
Trd, 8639645.279, 76
Trd, 8639645.646, 71
Trd, 8639645.946, 105
Trd, 8639646.312, 115
Trd, 8639647.012, 107
Trd, 8639647.179, 103
Trd, 8639647.279, 93
Trd, 8639647.712, 79
Trd, 8639648.546, 116
Trd, 8639649.479, 60
Trd, 8639650.246, 96
Trd, 8639650.546, 105
Trd, 8639650.646, 131
Trd, 8639651.379, 103
Trd, 8639651.679, 81
Trd, 8639652.012, 76
Trd, 8639652.346, 119
Trd, 8639652.446, 82
Trd, 8639652.912, 97
Trd, 8639653.446, 90
Trd, 8639654.579, 84
Trd, 8639655.079, 93
Trd, 8639655.112, 111
Trd, 8639655.812, 91
Trd, 8639656.512, 107
Trd, 8639656.579, 131
Trd, 8639656.746, 95
Trd, 8639657.446, 87
Trd, 8639657.546, 128
Trd, 8639658.379, 106
Trd, 8639658.712, 106
Trd, 8639659.779, 125
Trd, 8639660.079, 123
Trd, 8639660.479, 120
Trd, 8639660.679, 89
Trd, 8639661.012, 89
Trd, 8639661.479, 84
Trd, 8639662.279, 111
Trd, 8639662.679, 137
Trd, 8639662.846, 99
Trd, 8639663.779, 132
Trd, 8639664.279, 138
Trd, 8639664.579, 136
Trd, 8639664.612, 120
Trd, 8639665.212, 138
Trd, 8639665.612, 132
Trd, 8639665.712, 122
Trd, 8639665.746, 122
Trd, 8639666.812, 135
Trd, 8639667.146, 134
Trd, 8639668.246, 128
Trd, 8639668.279, 112
Trd, 8639668.812, 91
Trd, 8639668.946, 90
Trd, 8639669.612, 115
Trd, 8639670.579, 99
Trd, 8639670.712, 90
Trd, 8639671.012, 79
Trd, 8639671.712, 98
Trd, 8639671.746, 102
Trd, 8639672.479, 85
Trd, 8639672.612, 97
Trd, 8639673.479, 111
Trd, 8639673.679, 100
Trd, 8639673.812, 133
Trd, 8639674.546, 133
Trd, 8639674.879, 136
Trd, 8639675.179, 138
Trd, 8639675.446, 125
Trd, 8639676.779, 131
Trd, 8639677.346, 87
Trd, 8639677.512, 86
Trd, 8639677.946, 106
Trd, 8639678.546, 107
Trd, 8639678.746, 103
Trd, 8639678.912, 131
Trd, 8639679.312, 111
Trd, 8639679.846, 138
Trd, 8639680.346, 128
Trd, 8639680.579, 122
Trd, 8639680.646, 123
Trd, 8639680.746, 87
Trd, 8639681.079, 82
Trd, 8639681.546, 71
Trd, 8639681.679, 86
Trd, 8639682.679, 115
Trd, 8639682.812, 103
Trd, 8639683.846, 98
Trd, 8639685.012, 130
Trd, 8639685.246, 135
Trd, 8639685.479, 120
Trd, 8639685.579, 111
Trd, 8639685.646, 108
Trd, 8639685.779, 106
Trd, 8639686.346, 116
Trd, 8639687.279, 133
Trd, 8639688.079, 106
Trd, 8639688.312, 96
Trd, 8639688.712, 110
Trd, 8639688.779, 97
Trd, 8639689.079, 83
Trd, 8639689.246, 92
Trd, 8639690.046, 77
Trd, 8639691.246, 130
Trd, 8639691.479, 128
Trd, 8639693.412, 127
Trd, 8639693.679, 119
Trd, 8639694.079, 103
Trd, 8639694.146, 101
Trd, 8639694.212, 87
Trd, 8639694.679, 74
Trd, 8639695.079, 84
Trd, 8639695.246, 128
Trd, 8639695.512, 128
Trd, 8639697.079, 84
Trd, 8639698.279, 134
Trd, 8639698.346, 132
Trd, 8639698.379, 126
Trd, 8639699.012, 125
Trd, 8639700.012, 138
Trd, 8639700.346, 105
Trd, 8639700.446, 102
Trd, 8639700.679, 100
Trd, 8639700.946, 99
Trd, 8639701.046, 87
Trd, 8639701.312, 101
Trd, 8639702.979, 64
Trd, 8639703.146, 67
Trd, 8639703.546, 140
Trd, 8639703.712, 111
Trd, 8639703.979, 95
Trd, 8639704.112, 88
Trd, 8639704.479, 125
Trd, 8639704.812, 133
Trd, 8639704.946, 119
Trd, 8639706.212, 111
Trd, 8639706.279, 104
Trd, 8639706.512, 111
Trd, 8639706.946, 137
Trd, 8639707.779, 130
Trd, 8639708.512, 136
Trd, 8639709.012, 135
Trd, 8639709.146, 118
Trd, 8639710.179, 109
Trd, 8639711.279, 127
Trd, 8639711.446, 120
Trd, 8639711.946, 75
Trd, 8639711.979, 73
Trd, 8639712.246, 140
Trd, 8639712.346, 128
Trd, 8639712.679, 81
Trd, 8639713.146, 126
Trd, 8639714.212, 110
Trd, 8639714.646, 133
Trd, 8639715.079, 116
Trd, 8639715.146, 107
Trd, 8639715.779, 136
Trd, 8639715.912, 136
Trd, 8639716.212, 110
Trd, 8639716.446, 130
Trd, 8639716.912, 111
Trd, 8639717.246, 121
Trd, 8639717.446, 135
Trd, 8639717.812, 136
Trd, 8639717.979, 81
Trd, 8639718.546, 79
Trd, 8639719.779, 102
Trd, 8639720.246, 88
Trd, 8639720.446, 78
Trd, 8639720.679, 104
Trd, 8639721.712, 110
Trd, 8639722.346, 113
Trd, 8639722.379, 97
Trd, 8639722.646, 114
Trd, 8639723.779, 134
Trd, 8639724.879, 100
Trd, 8639725.279, 115
Trd, 8639725.312, 110
Trd, 8639725.679, 127
Trd, 8639725.879, 118
Trd, 8639726.046, 97
Trd, 8639727.812, 112
Trd, 8639727.912, 97
Trd, 8639728.046, 107
Trd, 8639728.079, 86
Trd, 8639728.412, 70
Trd, 8639728.479, 83
Trd, 8639729.479, 65
Trd, 8639730.412, 64
Trd, 8639731.646, 132
Trd, 8639731.912, 131
Trd, 8639732.746, 101
Trd, 8639732.812, 117
Trd, 8639733.279, 106
Trd, 8639733.879, 96
Trd, 8639734.346, 134
Trd, 8639734.446, 80
Trd, 8639734.946, 80
Trd, 8639735.446, 126
Trd, 8639735.679, 129
Trd, 8639735.979, 90
Trd, 8639736.079, 130
Trd, 8639737.246, 131
Trd, 8639737.546, 120
Trd, 8639737.779, 102
Trd, 8639738.579, 129
Trd, 8639739.046, 96
Trd, 8639739.479, 75
Trd, 8639739.846, 89
Trd, 8639740.646, 133
Trd, 8639740.912, 140
Trd, 8639741.479, 138
Trd, 8639741.646, 125
Trd, 8639742.712, 104
Trd, 8639742.912, 103
Trd, 8639743.046, 78
Trd, 8639743.079, 77
Trd, 8639743.546, 77
Trd, 8639744.112, 67
Trd, 8639744.446, 75
Trd, 8639744.712, 92
Trd, 8639745.212, 100
Trd, 8639745.612, 78
Trd, 8639745.646, 88
Trd, 8639745.979, 87
Trd, 8639746.379, 63
Trd, 8639746.779, 118
Trd, 8639747.679, 124
Trd, 8639747.979, 115
Trd, 8639748.412, 116
Trd, 8639748.646, 103
Trd, 8639748.946, 125
Trd, 8639749.912, 82
Trd, 8639750.212, 100
Trd, 8639750.779, 99
Trd, 8639750.979, 138
Trd, 8639751.879, 122
Trd, 8639751.912, 98
Trd, 8639752.746, 129
Trd, 8639753.212, 126
Trd, 8639753.812, 131
Trd, 8639754.546, 135
Trd, 8639754.612, 121
Trd, 8639755.579, 133
Trd, 8639756.579, 110
Trd, 8639756.846, 102
Trd, 8639757.246, 80
Trd, 8639757.912, 107
Trd, 8639758.046, 67
Trd, 8639758.112, 67
Trd, 8639758.179, 139
Trd, 8639758.646, 138
Trd, 8639759.379, 111
Trd, 8639759.912, 102
Trd, 8639760.012, 129
Trd, 8639760.046, 104
Trd, 8639760.746, 86
Trd, 8639761.412, 130
Trd, 8639761.446, 110
Trd, 8639761.479, 99
Trd, 8639761.912, 64
Trd, 8639763.612, 128
Trd, 8639764.612, 139
Trd, 8639765.079, 113
Trd, 8639765.179, 109
Trd, 8639765.612, 111
Trd, 8639766.312, 89
Trd, 8639766.846, 87
Trd, 8639767.179, 100
Trd, 8639768.146, 86
Trd, 8639768.279, 79
Trd, 8639768.579, 86
Trd, 8639768.946, 105
Trd, 8639769.546, 140
Trd, 8639769.779, 100
Trd, 8639770.079, 124
Trd, 8639770.179, 111
Trd, 8639770.446, 109
Trd, 8639770.679, 69
Trd, 8639772.112, 133
Trd, 8639772.812, 100
Trd, 8639772.912, 128
Trd, 8639773.079, 88
Trd, 8639773.946, 105
Trd, 8639774.046, 68
Trd, 8639774.846, 67
Trd, 8639775.279, 96
Trd, 8639775.979, 100
Trd, 8639776.479, 67
Trd, 8639776.746, 114
Trd, 8639777.646, 140
Trd, 8639778.679, 110
Trd, 8639778.879, 128
Trd, 8639779.346, 138
Trd, 8639779.512, 124
Trd, 8639780.212, 131
Trd, 8639780.612, 135
Trd, 8639780.879, 127
Trd, 8639781.312, 103
Trd, 8639781.679, 98
Trd, 8639782.012, 102
Trd, 8639782.079, 82
Trd, 8639783.012, 80
Trd, 8639783.846, 93
Trd, 8639784.512, 83
Trd, 8639784.946, 64
Trd, 8639785.446, 115
Trd, 8639785.712, 101
Trd, 8639785.879, 91
Trd, 8639785.946, 103
Trd, 8639787.412, 93
Trd, 8639787.512, 82
Trd, 8639787.812, 91
Trd, 8639787.946, 98
Trd, 8639788.746, 80
Trd, 8639788.779, 70
Trd, 8639790.379, 73
Trd, 8639790.846, 98
Trd, 8639791.112, 106
Trd, 8639791.546, 85
Trd, 8639792.012, 72
Trd, 8639792.212, 79
Trd, 8639792.346, 137
Trd, 8639793.846, 134
Trd, 8639794.046, 115
Trd, 8639794.246, 111
Trd, 8639794.946, 123
Trd, 8639795.546, 113
Trd, 8639795.579, 104
Trd, 8639795.912, 132
Trd, 8639796.946, 128
Trd, 8639797.446, 129
Trd, 8639799.346, 115
Trd, 8639799.412, 110
Trd, 8639799.946, 117
Trd, 8639800.012, 127
Trd, 8639800.779, 129
Trd, 8639800.912, 106
Trd, 8639801.579, 103
Trd, 8639801.879, 103
Trd, 8639802.112, 116
Trd, 8639802.346, 80
Trd, 8639803.479, 137
Trd, 8639803.946, 130
Trd, 8639804.412, 128
Trd, 8639804.812, 115
Trd, 8639805.379, 110
Trd, 8639805.912, 94
Trd, 8639806.079, 79
Trd, 8639806.546, 117
Trd, 8639806.612, 129
Trd, 8639807.012, 108
Trd, 8639807.512, 122
Trd, 8639808.779, 90
Trd, 8639809.212, 63
Trd, 8639809.412, 97
Trd, 8639810.379, 102
Trd, 8639810.946, 101
Trd, 8639811.246, 101
Trd, 8639811.979, 139
Trd, 8639812.112, 131
Trd, 8639812.546, 126
Trd, 8639813.379, 133
Trd, 8639813.446, 109
Trd, 8639813.812, 97
Trd, 8639814.612, 88
Trd, 8639814.679, 118
Trd, 8639815.146, 132
Trd, 8639816.312, 101
Trd, 8639816.346, 100
Trd, 8639816.412, 136
Trd, 8639816.546, 87
Trd, 8639817.146, 127
Trd, 8639817.246, 111
Trd, 8639818.246, 130
Trd, 8639818.512, 130
Trd, 8639818.679, 117
Trd, 8639818.879, 103
Trd, 8639820.612, 138
Trd, 8639820.912, 128
Trd, 8639821.112, 115
Trd, 8639821.912, 98
Trd, 8639822.446, 125
Trd, 8639823.112, 111
Trd, 8639823.512, 107
Trd, 8639824.112, 140
Trd, 8639824.212, 129
Trd, 8639824.646, 113
Trd, 8639826.346, 116
Trd, 8639826.512, 92
Trd, 8639828.046, 98
Trd, 8639828.446, 93
Trd, 8639828.846, 112
Trd, 8639828.879, 102
Trd, 8639829.146, 94
Trd, 8639829.446, 115
Trd, 8639830.112, 134
Trd, 8639830.246, 129
Trd, 8639831.212, 140
Trd, 8639831.246, 114
Trd, 8639831.546, 126
Trd, 8639831.646, 111
Trd, 8639833.046, 129
Trd, 8639833.846, 134
Trd, 8639833.912, 120
Trd, 8639834.979, 136
Trd, 8639835.279, 129
Trd, 8639835.679, 126
Trd, 8639835.812, 114
Trd, 8639836.412, 95
Trd, 8639836.879, 107
Trd, 8639837.079, 100
Trd, 8639837.346, 120
Trd, 8639837.546, 106
Trd, 8639838.646, 105
Trd, 8639838.779, 112
Trd, 8639839.812, 109
Trd, 8639840.079, 102
Trd, 8639840.712, 137
Trd, 8639841.979, 140
Trd, 8639842.312, 138
Trd, 8639843.512, 106
Trd, 8639843.712, 102
Trd, 8639844.379, 138
Trd, 8639844.746, 123
Trd, 8639844.946, 129
Trd, 8639845.646, 119
Trd, 8639845.979, 111
Trd, 8639846.679, 88
Trd, 8639846.746, 81
Trd, 8639847.112, 70
Trd, 8639847.379, 85
Trd, 8639847.679, 129
Trd, 8639848.679, 136
Trd, 8639849.379, 121
Trd, 8639849.479, 105
Trd, 8639850.012, 121
Trd, 8639850.412, 121
Trd, 8639850.546, 102
Trd, 8639851.146, 123
Trd, 8639851.279, 116
Trd, 8639852.279, 137
Trd, 8639852.712, 116
Trd, 8639854.179, 120
Trd, 8639855.046, 119
Trd, 8639855.179, 111
Trd, 8639855.879, 118
Trd, 8639856.512, 110
Trd, 8639856.846, 101
Trd, 8639857.146, 73
Trd, 8639857.646, 107
Trd, 8639858.379, 127
Trd, 8639858.812, 115
Trd, 8639859.146, 138
Trd, 8639859.212, 78
Trd, 8639859.312, 92
Trd, 8639859.512, 109
Trd, 8639859.946, 70
Trd, 8639860.346, 114
Trd, 8639860.679, 73
Trd, 8639861.946, 75
Trd, 8639862.712, 101
Trd, 8639863.012, 90
Trd, 8639863.479, 70
Trd, 8639863.879, 89
Trd, 8639865.212, 111
Trd, 8639866.079, 108
Trd, 8639866.312, 99
Trd, 8639866.646, 98
Trd, 8639867.012, 111
Trd, 8639867.846, 129
Trd, 8639868.679, 139
Trd, 8639868.712, 133
Trd, 8639868.846, 128
Trd, 8639868.946, 121
Trd, 8639869.146, 73
Trd, 8639869.279, 101
Trd, 8639870.379, 70
Trd, 8639870.679, 103
Trd, 8639871.546, 137
Trd, 8639871.879, 131
Trd, 8639871.946, 110
Trd, 8639873.046, 133
Trd, 8639873.979, 85
Trd, 8639874.079, 87
Trd, 8639874.879, 134
Trd, 8639875.212, 98
Trd, 8639875.379, 97
Trd, 8639875.779, 129
Trd, 8639876.379, 94
Trd, 8639876.846, 133
Trd, 8639877.012, 96
Trd, 8639877.912, 137
Trd, 8639878.446, 112
Trd, 8639878.612, 105
Trd, 8639879.079, 136
Trd, 8639879.479, 121
Trd, 8639879.646, 95
Trd, 8639879.812, 120
Trd, 8639880.346, 122
Trd, 8639880.446, 103
Trd, 8639880.679, 104
Trd, 8639881.079, 99
Trd, 8639883.112, 127
Trd, 8639883.146, 126
Trd, 8639883.179, 118
Trd, 8639883.512, 107
Trd, 8639883.679, 123
Trd, 8639883.779, 87
Trd, 8639884.212, 98
Trd, 8639885.012, 118
Trd, 8639885.146, 115
Trd, 8639885.412, 88
Trd, 8639885.679, 123
Trd, 8639885.912, 93
Trd, 8639886.479, 98
Trd, 8639887.012, 85
Trd, 8639887.479, 96
Trd, 8639887.812, 98
Trd, 8639888.412, 93
Trd, 8639888.912, 102
Trd, 8639889.312, 91
Trd, 8639889.812, 106
Trd, 8639890.012, 120
Trd, 8639890.512, 66
Trd, 8639891.346, 69
Trd, 8639891.546, 85
Trd, 8639892.512, 68
Trd, 8639892.846, 62
Trd, 8639893.812, 71
Trd, 8639893.912, 75
Trd, 8639894.246, 122
Trd, 8639894.512, 101
Trd, 8639894.646, 93
Trd, 8639894.912, 108
Trd, 8639895.046, 117
Trd, 8639895.246, 89
Trd, 8639895.879, 122
Trd, 8639896.012, 91
Trd, 8639897.246, 107
Trd, 8639897.779, 86
Trd, 8639898.346, 92
Trd, 8639899.112, 115
Trd, 8639899.979, 127
Trd, 8639900.246, 116
Trd, 8639900.646, 116
Trd, 8639901.246, 113
Trd, 8639901.379, 107
Trd, 8639901.446, 103
Trd, 8639901.479, 88
Trd, 8639901.812, 133
Trd, 8639902.812, 132
Trd, 8639903.579, 125
Trd, 8639903.912, 113
Trd, 8639904.146, 120
Trd, 8639904.779, 97
Trd, 8639905.112, 106
Trd, 8639905.712, 86
Trd, 8639906.012, 113
Trd, 8639906.412, 95
Trd, 8639906.546, 106
Trd, 8639907.046, 71
Trd, 8639907.479, 111
Trd, 8639908.679, 73
Trd, 8639908.846, 135
Trd, 8639909.612, 111
Trd, 8639910.346, 126
Trd, 8639910.579, 113
Trd, 8639910.779, 116
Trd, 8639911.312, 86
Trd, 8639912.246, 136
Trd, 8639912.346, 132
Trd, 8639912.812, 121
Trd, 8639913.346, 102
Trd, 8639913.512, 98
Trd, 8639914.646, 109
Trd, 8639915.312, 104
Trd, 8639915.612, 125
Trd, 8639915.712, 133
Trd, 8639915.979, 125
Trd, 8639916.146, 111
Trd, 8639916.346, 99
Trd, 8639916.479, 72
Trd, 8639916.679, 76
Trd, 8639916.779, 96
Trd, 8639917.546, 121
Trd, 8639918.412, 126
Trd, 8639918.646, 107
Trd, 8639919.179, 139
Trd, 8639919.279, 102
Trd, 8639919.912, 81
Trd, 8639920.746, 110
Trd, 8639921.346, 107
Trd, 8639922.112, 103
Trd, 8639922.912, 111
Trd, 8639923.146, 131
Trd, 8639923.179, 101
Trd, 8639923.212, 74
Trd, 8639923.746, 124
Trd, 8639924.312, 75
Trd, 8639924.512, 130
Trd, 8639924.712, 85
Trd, 8639925.012, 126
Trd, 8639925.512, 84
Trd, 8639925.579, 81
Trd, 8639926.112, 108
Trd, 8639927.112, 96
Trd, 8639927.312, 107
Trd, 8639928.346, 136
Trd, 8639928.446, 117
Trd, 8639928.746, 61
Trd, 8639929.246, 136
Trd, 8639929.512, 125
Trd, 8639929.546, 110
Trd, 8639929.746, 62
Trd, 8639931.846, 95
Trd, 8639931.946, 89
Trd, 8639932.012, 82
Trd, 8639932.246, 100
Trd, 8639933.246, 102
Trd, 8639933.679, 132
Trd, 8639934.546, 98
Trd, 8639934.579, 91
Trd, 8639934.712, 76
Trd, 8639934.812, 109
Trd, 8639935.379, 129
Trd, 8639935.812, 73
Trd, 8639936.379, 91
Trd, 8639936.679, 87
Trd, 8639937.179, 112
Trd, 8639937.746, 128
Trd, 8639938.912, 111
Trd, 8639939.246, 101
Trd, 8639939.479, 78
Trd, 8639939.812, 129
Trd, 8639940.079, 132
Trd, 8639940.946, 138
Trd, 8639941.146, 120
Trd, 8639941.946, 122
Trd, 8639942.012, 107
Trd, 8639943.212, 86
Trd, 8639944.279, 90
Trd, 8639944.379, 93
Trd, 8639944.512, 99
Trd, 8639945.146, 96
Trd, 8639945.312, 85
Trd, 8639945.779, 77
Trd, 8639945.912, 68
Trd, 8639945.979, 104
Trd, 8639946.779, 101
Trd, 8639946.912, 85
Trd, 8639947.046, 60
Trd, 8639947.412, 60
Trd, 8639947.512, 98
Trd, 8639947.646, 81
Trd, 8639948.479, 117
Trd, 8639948.979, 130
Trd, 8639949.146, 91
Trd, 8639949.546, 130
Trd, 8639950.912, 101
Trd, 8639951.212, 121
Trd, 8639951.712, 128
Trd, 8639953.079, 76
Trd, 8639953.446, 117
Trd, 8639953.746, 121
Trd, 8639954.346, 140
Trd, 8639954.646, 128
Trd, 8639954.846, 126
Trd, 8639954.879, 100
Trd, 8639955.246, 102
Trd, 8639955.379, 100
Trd, 8639956.279, 89
Trd, 8639956.546, 117
Trd, 8639956.579, 108
Trd, 8639957.912, 139
Trd, 8639958.079, 126
Trd, 8639958.779, 125
Trd, 8639959.179, 123
Trd, 8639959.646, 107
Trd, 8639960.312, 140
Trd, 8639960.379, 135
Trd, 8639961.746, 126
Trd, 8639962.779, 108
Trd, 8639962.979, 118
Trd, 8639963.312, 96
Trd, 8639964.146, 138
Trd, 8639964.779, 108
Trd, 8639964.912, 82
Trd, 8639965.446, 91
Trd, 8639965.746, 116
Trd, 8639965.879, 77
Trd, 8639967.079, 90
Trd, 8639967.146, 78
Trd, 8639968.179, 132
Trd, 8639968.212, 100
Trd, 8639968.712, 122
Trd, 8639969.212, 104
Trd, 8639969.646, 109
Trd, 8639969.779, 139
Trd, 8639969.946, 125
Trd, 8639970.079, 124
Trd, 8639970.646, 87
Trd, 8639971.546, 97
Trd, 8639971.812, 74
Trd, 8639972.212, 136
Trd, 8639972.246, 122
Trd, 8639972.646, 122
Trd, 8639972.879, 120
Trd, 8639973.612, 114
Trd, 8639974.312, 125
Trd, 8639975.212, 90
Trd, 8639975.546, 112
Trd, 8639975.746, 107
Trd, 8639977.146, 127
Trd, 8639977.279, 130
Trd, 8639977.612, 134
Trd, 8639978.146, 103
Trd, 8639978.212, 100
Trd, 8639978.646, 73
Trd, 8639979.546, 82
Trd, 8639980.079, 98
Trd, 8639980.446, 78
Trd, 8639981.512, 128
Trd, 8639981.612, 126
Trd, 8639981.946, 124
Trd, 8639982.012, 119
Trd, 8639982.846, 88
Trd, 8639983.546, 81
Trd, 8639983.946, 129
Trd, 8639984.046, 105
Trd, 8639984.679, 127
Trd, 8639984.946, 130
Trd, 8639985.246, 113
Trd, 8639985.646, 114
Trd, 8639985.679, 103
Trd, 8639987.312, 104
Trd, 8639987.546, 109
Trd, 8639988.212, 101
Trd, 8639989.012, 75
Trd, 8639989.212, 75
Trd, 8639989.279, 90
Trd, 8639990.412, 99
Trd, 8639990.479, 112
Trd, 8639990.579, 85
Trd, 8639991.846, 107
Trd, 8639992.679, 110
Trd, 8639993.146, 140
Trd, 8639993.712, 105
Trd, 8639993.912, 117
Trd, 8639994.379, 121
Trd, 8639994.612, 111
Trd, 8639994.779, 109
Trd, 8639995.112, 105
Trd, 8639995.612, 93
Trd, 8639996.779, 111
Trd, 8639997.579, 135
Trd, 8639998.079, 124
Trd, 8639998.212, 114
Trd, 8639998.312, 109
Trd, 8639998.446, 103
Trd, 8639998.779, 124
Trd, 8639999.012, 132
Trd, 8639999.112, 104
Trd, 8639999.812, 135
