Trd, 8638787.512, 140
Trd, 8638788.146, 140
Trd, 8638788.612, 140
Trd, 8638788.946, 140
Trd, 8638789.079, 140
Trd, 8638789.246, 140
Trd, 8638789.879, 140
Trd, 8638790.246, 140
Trd, 8638790.346, 140
Trd, 8638790.412, 140
Trd, 8638791.479, 140
Trd, 8638792.112, 140
Trd, 8638792.579, 140
Trd, 8638792.912, 140
Trd, 8638793.079, 140
Trd, 8638793.312, 140
Trd, 8638793.412, 139
Trd, 8638793.879, 133
Trd, 8638794.212, 74
Trd, 8638794.646, 66
Trd, 8638795.312, 61
Trd, 8638795.479, 67
Trd, 8638796.046, 62
Trd, 8638796.279, 61
Trd, 8638796.479, 62
Trd, 8638797.512, 60
Trd, 8638797.746, 61
Trd, 8638797.946, 68
Trd, 8638798.912, 139
Trd, 8638799.746, 61
Trd, 8638799.879, 62
Trd, 8638800.346, 61
Trd, 8638801.179, 60
Trd, 8638802.212, 60
Trd, 8638802.546, 61
Trd, 8638802.946, 60
Trd, 8638803.212, 60
Trd, 8638803.246, 62
Trd, 8638804.279, 60
Trd, 8638805.112, 61
Trd, 8638805.712, 62
Trd, 8638806.279, 61
Trd, 8638806.312, 62
Trd, 8638807.446, 64
Trd, 8638807.579, 68
Trd, 8638807.912, 68
Trd, 8638808.246, 73
Trd, 8638808.479, 64
Trd, 8638808.546, 62
Trd, 8638808.746, 64
Trd, 8638809.179, 140
Trd, 8638809.746, 140
Trd, 8638809.812, 139
Trd, 8638810.912, 140
Trd, 8638811.212, 140
Trd, 8638811.479, 140
Trd, 8638811.912, 140
Trd, 8638811.946, 140
Trd, 8638812.112, 138
Trd, 8638812.512, 140
Trd, 8638812.846, 88
Trd, 8638813.912, 140
Trd, 8638814.312, 140
Trd, 8638815.112, 140
Trd, 8638815.746, 140
Trd, 8638816.246, 139
Trd, 8638816.312, 138
Trd, 8638816.912, 137
Trd, 8638817.246, 136
Trd, 8638818.179, 140
Trd, 8638818.912, 140
Trd, 8638819.012, 140
Trd, 8638819.279, 140
Trd, 8638819.446, 140
Trd, 8638819.846, 140
Trd, 8638819.879, 139
Trd, 8638820.379, 138
Trd, 8638820.612, 69
Trd, 8638821.079, 140
Trd, 8638821.779, 140
Trd, 8638821.912, 140
Trd, 8638821.946, 139
Trd, 8638822.046, 138
Trd, 8638822.779, 140
Trd, 8638822.846, 139
Trd, 8638823.212, 139
Trd, 8638823.746, 140
Trd, 8638825.212, 140
Trd, 8638825.246, 138
Trd, 8638825.779, 140
Trd, 8638826.679, 140
Trd, 8638826.946, 140
Trd, 8638827.779, 140
Trd, 8638828.146, 140
Trd, 8638828.946, 140
Trd, 8638829.212, 140
Trd, 8638829.979, 140
Trd, 8638830.046, 140
Trd, 8638830.612, 140
Trd, 8638830.912, 140
Trd, 8638831.112, 140
Trd, 8638831.746, 140
Trd, 8638832.912, 140
Trd, 8638833.379, 140
Trd, 8638833.412, 140
Trd, 8638834.079, 140
Trd, 8638834.179, 140
Trd, 8638834.879, 140
Trd, 8638835.346, 140
Trd, 8638835.546, 140
Trd, 8638836.146, 140
Trd, 8638836.412, 140
Trd, 8638837.046, 140
Trd, 8638837.279, 140
Trd, 8638838.412, 140
Trd, 8638838.912, 140
Trd, 8638839.046, 140
Trd, 8638839.579, 140
Trd, 8638839.612, 140
Trd, 8638839.946, 140
Trd, 8638840.112, 140
Trd, 8638840.412, 140
Trd, 8638840.446, 140
Trd, 8638840.846, 140
Trd, 8638842.712, 140
Trd, 8638842.779, 140
Trd, 8638843.046, 140
Trd, 8638843.512, 140
Trd, 8638843.612, 140
Trd, 8638844.179, 140
Trd, 8638845.146, 140
Trd, 8638845.179, 140
Trd, 8638845.212, 139
Trd, 8638846.479, 140
Trd, 8638846.512, 140
Trd, 8638846.679, 139
Trd, 8638846.812, 139
Trd, 8638847.679, 140
Trd, 8638848.079, 138
Trd, 8638848.812, 140
Trd, 8638848.979, 140
Trd, 8638849.312, 140
Trd, 8638849.446, 138
Trd, 8638850.212, 140
Trd, 8638851.012, 140
Trd, 8638851.179, 140
Trd, 8638851.246, 140
Trd, 8638851.546, 139
Trd, 8638851.979, 139
Trd, 8638852.312, 139
Trd, 8638852.779, 139
Trd, 8638853.346, 140
Trd, 8638853.379, 139
Trd, 8638853.446, 136
Trd, 8638853.812, 60
Trd, 8638854.546, 139
Trd, 8638855.012, 60
Trd, 8638856.312, 140
Trd, 8638856.779, 140
Trd, 8638856.946, 140
Trd, 8638856.979, 140
Trd, 8638858.146, 140
Trd, 8638858.346, 140
Trd, 8638858.712, 140
Trd, 8638858.746, 140
Trd, 8638859.946, 140
Trd, 8638860.712, 140
Trd, 8638860.746, 140
Trd, 8638860.946, 140
Trd, 8638861.179, 140
Trd, 8638862.112, 140
Trd, 8638862.946, 140
Trd, 8638863.046, 139
Trd, 8638863.412, 140
Trd, 8638863.446, 140
Trd, 8638863.546, 139
Trd, 8638863.912, 139
Trd, 8638865.246, 140
Trd, 8638865.846, 140
Trd, 8638866.612, 140
Trd, 8638867.012, 140
Trd, 8638867.679, 140
Trd, 8638867.846, 140
Trd, 8638868.279, 140
Trd, 8638868.512, 140
Trd, 8638869.046, 140
Trd, 8638869.279, 140
Trd, 8638869.912, 140
Trd, 8638869.979, 140
Trd, 8638870.079, 140
Trd, 8638870.579, 140
Trd, 8638871.246, 140
Trd, 8638871.846, 140
Trd, 8638872.279, 140
Trd, 8638872.379, 140
Trd, 8638873.246, 140
Trd, 8638873.346, 140
Trd, 8638873.512, 140
Trd, 8638873.779, 140
Trd, 8638874.746, 140
Trd, 8638875.546, 140
Trd, 8638875.946, 140
Trd, 8638876.646, 140
Trd, 8638877.112, 140
Trd, 8638877.812, 140
Trd, 8638877.912, 140
Trd, 8638877.946, 140
Trd, 8638878.046, 140
Trd, 8638879.179, 140
Trd, 8638879.712, 140
Trd, 8638879.846, 140
Trd, 8638880.446, 138
Trd, 8638880.712, 139
Trd, 8638881.446, 140
Trd, 8638881.946, 140
Trd, 8638882.046, 140
Trd, 8638882.146, 140
Trd, 8638882.479, 140
Trd, 8638882.546, 139
Trd, 8638882.746, 104
Trd, 8638883.279, 61
Trd, 8638883.812, 62
Trd, 8638884.512, 61
Trd, 8638884.812, 62
Trd, 8638884.946, 60
Trd, 8638885.812, 64
Trd, 8638886.512, 140
Trd, 8638886.679, 140
Trd, 8638886.879, 140
Trd, 8638887.379, 140
Trd, 8638887.479, 140
Trd, 8638888.046, 140
Trd, 8638888.446, 140
Trd, 8638888.979, 138
Trd, 8638889.679, 140
Trd, 8638889.746, 140
Trd, 8638889.979, 140
Trd, 8638890.946, 140
Trd, 8638891.312, 140
Trd, 8638892.012, 140
Trd, 8638892.046, 140
Trd, 8638892.112, 139
Trd, 8638893.746, 140
Trd, 8638893.879, 140
Trd, 8638894.046, 140
Trd, 8638894.379, 140
Trd, 8638894.979, 140
Trd, 8638895.012, 140
Trd, 8638895.279, 140
Trd, 8638896.312, 140
Trd, 8638897.046, 140
Trd, 8638897.846, 140
Trd, 8638898.346, 140
Trd, 8638898.446, 140
Trd, 8638898.712, 140
Trd, 8638898.846, 140
Trd, 8638899.012, 140
Trd, 8638899.512, 140
Trd, 8638899.579, 140
Trd, 8638899.879, 140
Trd, 8638900.146, 139
Trd, 8638900.646, 140
Trd, 8638900.979, 140
Trd, 8638901.046, 140
Trd, 8638901.546, 140
Trd, 8638901.946, 140
Trd, 8638902.312, 140
Trd, 8638903.012, 140
Trd, 8638903.079, 140
Trd, 8638903.579, 140
Trd, 8638903.746, 140
Trd, 8638905.079, 140
Trd, 8638905.612, 140
Trd, 8638906.046, 140
Trd, 8638906.312, 139
Trd, 8638906.379, 139
Trd, 8638907.846, 140
Trd, 8638908.112, 140
Trd, 8638908.212, 140
Trd, 8638908.879, 140
Trd, 8638909.012, 140
Trd, 8638909.312, 140
Trd, 8638909.712, 140
Trd, 8638910.279, 140
Trd, 8638910.779, 140
Trd, 8638911.346, 140
Trd, 8638911.846, 140
Trd, 8638912.012, 140
Trd, 8638913.179, 140
Trd, 8638913.279, 140
Trd, 8638914.079, 140
Trd, 8638914.146, 140
Trd, 8638914.479, 140
Trd, 8638914.712, 140
Trd, 8638915.379, 140
Trd, 8638915.812, 140
Trd, 8638915.912, 140
Trd, 8638916.446, 140
Trd, 8638916.579, 140
Trd, 8638917.379, 140
Trd, 8638917.646, 139
Trd, 8638918.246, 140
Trd, 8638918.679, 140
Trd, 8638918.979, 140
Trd, 8638919.312, 140
Trd, 8638919.712, 140
Trd, 8638919.879, 140
Trd, 8638920.346, 140
Trd, 8638920.712, 140
Trd, 8638920.779, 140
Trd, 8638920.912, 138
Trd, 8638921.412, 68
Trd, 8638921.779, 138
Trd, 8638922.246, 138
Trd, 8638922.279, 134
Trd, 8638923.112, 140
Trd, 8638923.446, 140
Trd, 8638924.579, 140
Trd, 8638924.946, 140
Trd, 8638925.312, 140
Trd, 8638925.412, 140
Trd, 8638925.679, 140
Trd, 8638927.212, 140
Trd, 8638927.479, 140
Trd, 8638927.546, 140
Trd, 8638927.612, 133
Trd, 8638928.212, 66
Trd, 8638928.246, 95
Trd, 8638928.979, 140
Trd, 8638929.046, 139
Trd, 8638929.579, 140
Trd, 8638930.246, 140
Trd, 8638931.212, 140
Trd, 8638931.279, 140
Trd, 8638931.879, 140
Trd, 8638932.412, 140
Trd, 8638933.579, 140
Trd, 8638933.779, 140
Trd, 8638934.112, 140
Trd, 8638934.312, 140
Trd, 8638934.446, 140
Trd, 8638934.812, 140
Trd, 8638935.212, 140
Trd, 8638936.679, 140
Trd, 8638936.712, 140
Trd, 8638936.846, 140
Trd, 8638936.912, 140
Trd, 8638937.146, 140
Trd, 8638937.779, 140
Trd, 8638938.112, 140
Trd, 8638938.246, 139
Trd, 8638939.312, 140
Trd, 8638940.046, 140
Trd, 8638940.279, 140
Trd, 8638940.812, 140
Trd, 8638942.412, 140
Trd, 8638942.646, 140
Trd, 8638942.979, 140
Trd, 8638943.112, 140
Trd, 8638943.546, 140
Trd, 8638943.679, 140
Trd, 8638943.846, 140
Trd, 8638944.012, 140
Trd, 8638944.712, 140
Trd, 8638945.779, 140
Trd, 8638945.946, 140
Trd, 8638946.046, 140
Trd, 8638946.679, 140
Trd, 8638946.712, 139
Trd, 8638947.279, 140
Trd, 8638948.179, 140
Trd, 8638948.812, 140
Trd, 8638949.846, 140
Trd, 8638949.912, 139
Trd, 8638950.146, 139
Trd, 8638950.779, 140
Trd, 8638951.112, 140
Trd, 8638951.879, 140
Trd, 8638953.079, 140
Trd, 8638953.179, 140
Trd, 8638953.779, 140
Trd, 8638954.179, 140
Trd, 8638954.279, 140
Trd, 8638955.546, 140
Trd, 8638955.612, 140
Trd, 8638955.679, 140
Trd, 8638956.146, 140
Trd, 8638956.312, 140
Trd, 8638956.946, 140
Trd, 8638957.112, 140
Trd, 8638957.379, 140
Trd, 8638958.079, 140
Trd, 8638958.579, 140
Trd, 8638959.512, 140
Trd, 8638959.946, 140
Trd, 8638960.146, 140
Trd, 8638960.246, 140
Trd, 8638960.912, 140
Trd, 8638961.212, 140
Trd, 8638961.246, 140
Trd, 8638961.312, 140
Trd, 8638961.846, 140
Trd, 8638962.479, 140
Trd, 8638962.879, 140
Trd, 8638963.212, 140
Trd, 8638963.279, 140
Trd, 8638964.046, 140
Trd, 8638964.779, 140
Trd, 8638964.812, 140
Trd, 8638964.879, 140
Trd, 8638965.079, 140
Trd, 8638965.646, 140
Trd, 8638966.179, 140
Trd, 8638966.346, 137
Trd, 8638968.112, 140
Trd, 8638968.146, 140
Trd, 8638968.446, 140
Trd, 8638968.979, 140
Trd, 8638969.879, 140
Trd, 8638969.912, 140
Trd, 8638970.046, 140
Trd, 8638970.079, 140
Trd, 8638970.746, 140
Trd, 8638971.312, 140
Trd, 8638971.546, 140
Trd, 8638972.079, 140
Trd, 8638972.212, 140
Trd, 8638972.379, 140
Trd, 8638972.746, 140
Trd, 8638973.812, 140
Trd, 8638974.379, 140
Trd, 8638974.612, 140
Trd, 8638975.112, 140
Trd, 8638975.912, 140
Trd, 8638976.046, 140
Trd, 8638976.312, 140
Trd, 8638976.646, 140
Trd, 8638976.979, 140
Trd, 8638977.346, 140
Trd, 8638977.579, 140
Trd, 8638977.779, 139
Trd, 8638977.879, 137
Trd, 8638978.612, 140
Trd, 8638978.679, 127
Trd, 8638979.412, 140
Trd, 8638979.779, 139
Trd, 8638980.646, 140
Trd, 8638981.079, 140
Trd, 8638981.246, 140
Trd, 8638981.546, 140
Trd, 8638982.346, 140
Trd, 8638982.479, 140
Trd, 8638982.679, 140
Trd, 8638983.279, 140
Trd, 8638983.579, 140
Trd, 8638984.012, 140
Trd, 8638984.846, 140
Trd, 8638985.079, 140
Trd, 8638985.346, 140
Trd, 8638985.746, 140
Trd, 8638986.012, 140
Trd, 8638986.146, 140
Trd, 8638987.046, 140
Trd, 8638988.946, 140
Trd, 8638989.612, 140
Trd, 8638989.646, 140
Trd, 8638989.846, 140
Trd, 8638989.879, 140
Trd, 8638990.146, 140
Trd, 8638990.246, 139
Trd, 8638990.312, 139
Trd, 8638990.612, 137
Trd, 8638991.612, 140
Trd, 8638992.579, 140
Trd, 8638992.979, 140
Trd, 8638993.146, 140
Trd, 8638993.312, 140
Trd, 8638993.746, 140
Trd, 8638994.346, 140
Trd, 8638994.712, 140
Trd, 8638995.212, 140
Trd, 8638995.679, 140
Trd, 8638996.812, 140
Trd, 8638997.012, 140
Trd, 8638997.046, 140
Trd, 8638997.779, 140
Trd, 8638998.312, 140
Trd, 8639000.112, 140
Trd, 8639000.579, 140
Trd, 8639000.746, 140
Trd, 8639000.779, 140
Trd, 8639001.412, 140
Trd, 8639001.546, 140
Trd, 8639001.779, 140
Trd, 8639002.246, 140
Trd, 8639002.546, 140
Trd, 8639002.612, 139
Trd, 8639003.012, 140
Trd, 8639003.046, 140
Trd, 8639003.779, 140
Trd, 8639003.879, 140
Trd, 8639004.812, 140
Trd, 8639004.912, 140
Trd, 8639005.412, 140
Trd, 8639005.679, 140
Trd, 8639006.446, 140
Trd, 8639006.879, 140
Trd, 8639007.512, 140
Trd, 8639007.679, 140
Trd, 8639008.746, 140
Trd, 8639008.912, 140
Trd, 8639009.479, 140
Trd, 8639009.679, 140
Trd, 8639010.279, 139
Trd, 8639010.612, 139
Trd, 8639010.946, 138
Trd, 8639012.912, 140
Trd, 8639013.212, 140
Trd, 8639013.479, 140
Trd, 8639013.712, 140
Trd, 8639013.912, 140
Trd, 8639015.779, 140
Trd, 8639016.512, 140
Trd, 8639016.779, 140
Trd, 8639016.946, 140
Trd, 8639017.246, 140
Trd, 8639017.779, 140
Trd, 8639017.979, 140
Trd, 8639018.346, 140
Trd, 8639018.912, 140
Trd, 8639019.146, 140
Trd, 8639019.312, 140
Trd, 8639019.812, 140
Trd, 8639019.979, 140
Trd, 8639020.412, 140
Trd, 8639021.246, 140
Trd, 8639021.779, 140
Trd, 8639021.946, 140
Trd, 8639022.546, 140
Trd, 8639022.712, 140
Trd, 8639023.046, 140
Trd, 8639023.079, 140
Trd, 8639023.446, 140
Trd, 8639025.079, 140
Trd, 8639025.112, 140
Trd, 8639025.379, 140
Trd, 8639025.546, 139
Trd, 8639025.812, 140
Trd, 8639026.179, 139
Trd, 8639026.346, 140
Trd, 8639026.712, 140
Trd, 8639028.346, 140
Trd, 8639028.779, 140
Trd, 8639029.079, 140
Trd, 8639029.312, 140
Trd, 8639029.812, 140
Trd, 8639029.979, 140
Trd, 8639030.012, 140
Trd, 8639030.212, 140
Trd, 8639030.346, 140
Trd, 8639031.479, 140
Trd, 8639031.612, 140
Trd, 8639031.746, 140
Trd, 8639031.779, 140
Trd, 8639032.179, 140
Trd, 8639032.712, 140
Trd, 8639034.246, 140
Trd, 8639034.479, 140
Trd, 8639034.979, 140
Trd, 8639035.412, 140
Trd, 8639035.446, 140
Trd, 8639035.612, 140
Trd, 8639035.912, 140
Trd, 8639036.912, 140
Trd, 8639037.879, 140
Trd, 8639037.946, 140
Trd, 8639038.179, 140
Trd, 8639038.546, 140
Trd, 8639038.712, 140
Trd, 8639038.812, 139
Trd, 8639038.879, 139
Trd, 8639040.346, 107
Trd, 8639040.412, 140
Trd, 8639040.679, 106
Trd, 8639041.346, 140
Trd, 8639041.812, 140
Trd, 8639042.379, 140
Trd, 8639042.746, 139
Trd, 8639042.879, 139
Trd, 8639042.946, 138
Trd, 8639044.446, 140
Trd, 8639044.579, 140
Trd, 8639045.112, 140
Trd, 8639046.146, 140
Trd, 8639046.346, 140
Trd, 8639046.546, 140
Trd, 8639046.646, 140
Trd, 8639046.979, 140
Trd, 8639047.179, 140
Trd, 8639048.212, 140
Trd, 8639048.646, 140
Trd, 8639049.679, 140
Trd, 8639049.746, 140
Trd, 8639050.012, 140
Trd, 8639050.546, 140
Trd, 8639050.746, 139
Trd, 8639050.946, 140
Trd, 8639051.712, 140
Trd, 8639052.012, 140
Trd, 8639052.046, 140
Trd, 8639052.246, 138
Trd, 8639052.312, 137
Trd, 8639052.346, 137
Trd, 8639052.879, 140
Trd, 8639053.046, 71
Trd, 8639053.446, 139
Trd, 8639053.612, 70
Trd, 8639054.646, 140
Trd, 8639055.612, 140
Trd, 8639056.146, 140
Trd, 8639056.612, 140
Trd, 8639056.779, 140
Trd, 8639057.846, 140
Trd, 8639057.946, 140
Trd, 8639058.112, 140
Trd, 8639058.546, 140
Trd, 8639058.879, 140
Trd, 8639059.646, 140
Trd, 8639060.212, 140
Trd, 8639060.279, 140
Trd, 8639060.746, 140
Trd, 8639061.179, 140
Trd, 8639061.979, 140
Trd, 8639062.679, 140
Trd, 8639063.046, 140
Trd, 8639063.379, 140
Trd, 8639063.946, 140
Trd, 8639064.312, 140
Trd, 8639065.012, 140
Trd, 8639065.712, 140
Trd, 8639065.979, 140
Trd, 8639066.212, 140
Trd, 8639066.546, 140
Trd, 8639067.346, 140
Trd, 8639067.579, 140
Trd, 8639067.746, 140
Trd, 8639068.012, 140
Trd, 8639068.379, 140
Trd, 8639068.579, 140
Trd, 8639069.346, 140
Trd, 8639069.846, 140
Trd, 8639070.179, 140
Trd, 8639071.279, 140
Trd, 8639071.879, 140
Trd, 8639072.079, 140
Trd, 8639073.146, 140
Trd, 8639073.312, 140
Trd, 8639073.546, 140
Trd, 8639073.612, 140
Trd, 8639073.812, 140
Trd, 8639074.346, 137
Trd, 8639074.479, 140
Trd, 8639074.946, 139
Trd, 8639075.279, 105
Trd, 8639075.346, 91
Trd, 8639075.412, 105
Trd, 8639076.412, 140
Trd, 8639076.479, 140
Trd, 8639076.746, 140
Trd, 8639077.412, 119
Trd, 8639078.012, 139
Trd, 8639078.046, 137
Trd, 8639078.679, 140
Trd, 8639079.612, 139
Trd, 8639080.046, 140
Trd, 8639080.546, 140
Trd, 8639081.079, 140
Trd, 8639081.346, 140
Trd, 8639082.046, 140
Trd, 8639082.612, 140
Trd, 8639082.679, 140
Trd, 8639082.812, 140
Trd, 8639083.012, 140
Trd, 8639084.046, 140
Trd, 8639084.112, 139
Trd, 8639084.446, 140
Trd, 8639084.712, 140
Trd, 8639084.812, 139
Trd, 8639085.712, 139
Trd, 8639085.879, 137
Trd, 8639086.446, 138
Trd, 8639086.512, 137
Trd, 8639088.079, 91
Trd, 8639088.179, 90
Trd, 8639088.412, 60
Trd, 8639088.479, 61
Trd, 8639088.646, 61
Trd, 8639088.712, 109
Trd, 8639089.012, 140
Trd, 8639089.146, 140
Trd, 8639089.979, 140
Trd, 8639090.179, 140
Trd, 8639091.379, 140
Trd, 8639091.446, 140
Trd, 8639091.879, 140
Trd, 8639091.946, 140
Trd, 8639092.046, 140
Trd, 8639092.579, 139
Trd, 8639093.046, 93
Trd, 8639093.879, 60
Trd, 8639095.046, 60
Trd, 8639095.079, 62
Trd, 8639095.279, 64
Trd, 8639095.346, 65
Trd, 8639096.012, 67
Trd, 8639096.146, 60
Trd, 8639097.212, 60
Trd, 8639097.379, 60
Trd, 8639097.812, 61
Trd, 8639097.979, 62
Trd, 8639098.079, 64
Trd, 8639099.012, 60
Trd, 8639099.979, 60
Trd, 8639100.112, 61
Trd, 8639100.779, 60
Trd, 8639101.479, 61
Trd, 8639102.012, 63
Trd, 8639102.212, 61
Trd, 8639102.712, 60
Trd, 8639102.979, 60
Trd, 8639103.546, 60
Trd, 8639103.712, 60
Trd, 8639103.979, 60
Trd, 8639104.212, 61
Trd, 8639104.279, 71
Trd, 8639105.312, 73
Trd, 8639105.379, 71
Trd, 8639105.612, 62
Trd, 8639105.646, 61
Trd, 8639106.212, 62
Trd, 8639106.546, 62
Trd, 8639107.012, 140
Trd, 8639107.179, 140
Trd, 8639107.946, 140
Trd, 8639108.579, 140
Trd, 8639108.846, 140
Trd, 8639108.879, 140
Trd, 8639109.046, 140
Trd, 8639109.479, 140
Trd, 8639111.046, 140
Trd, 8639111.446, 140
Trd, 8639111.912, 140
Trd, 8639112.646, 140
Trd, 8639112.679, 139
Trd, 8639112.946, 140
Trd, 8639113.046, 140
Trd, 8639113.179, 138
Trd, 8639114.079, 140
Trd, 8639114.412, 140
Trd, 8639114.646, 140
Trd, 8639114.946, 140
Trd, 8639115.046, 94
Trd, 8639115.146, 67
Trd, 8639115.179, 98
Trd, 8639115.479, 138
Trd, 8639117.012, 140
Trd, 8639117.246, 140
Trd, 8639117.279, 140
Trd, 8639117.912, 140
Trd, 8639118.346, 140
Trd, 8639120.279, 140
Trd, 8639120.412, 140
Trd, 8639120.612, 140
Trd, 8639121.212, 140
Trd, 8639121.479, 140
Trd, 8639121.712, 140
Trd, 8639122.546, 140
Trd, 8639122.979, 140
Trd, 8639123.046, 140
Trd, 8639123.479, 140
Trd, 8639123.646, 139
Trd, 8639123.912, 64
Trd, 8639125.446, 140
Trd, 8639126.112, 140
Trd, 8639126.179, 140
Trd, 8639127.279, 140
Trd, 8639127.679, 140
Trd, 8639127.712, 140
Trd, 8639128.412, 140
Trd, 8639128.746, 140
Trd, 8639128.879, 140
Trd, 8639129.112, 140
Trd, 8639129.812, 140
Trd, 8639130.112, 140
Trd, 8639130.879, 140
Trd, 8639131.512, 140
Trd, 8639131.912, 140
Trd, 8639132.212, 140
Trd, 8639132.379, 140
Trd, 8639132.446, 140
Trd, 8639132.812, 140
Trd, 8639133.312, 140
Trd, 8639133.846, 140
Trd, 8639134.346, 140
Trd, 8639134.512, 140
Trd, 8639134.612, 140
Trd, 8639134.779, 138
Trd, 8639135.112, 134
Trd, 8639135.446, 140
Trd, 8639135.846, 140
Trd, 8639135.979, 140
Trd, 8639136.512, 139
Trd, 8639136.846, 140
Trd, 8639137.479, 140
Trd, 8639137.646, 140
Trd, 8639139.879, 140
Trd, 8639140.379, 140
Trd, 8639140.446, 140
Trd, 8639140.546, 140
Trd, 8639141.179, 140
Trd, 8639142.046, 140
Trd, 8639142.412, 140
Trd, 8639143.312, 140
Trd, 8639143.579, 140
Trd, 8639143.612, 140
Trd, 8639143.812, 140
Trd, 8639143.979, 140
Trd, 8639145.012, 140
Trd, 8639145.446, 140
Trd, 8639145.546, 140
Trd, 8639145.646, 139
Trd, 8639146.846, 140
Trd, 8639146.912, 140
Trd, 8639147.112, 140
Trd, 8639147.146, 139
Trd, 8639147.879, 140
Trd, 8639149.512, 140
Trd, 8639149.612, 140
Trd, 8639149.846, 140
Trd, 8639150.346, 140
Trd, 8639150.546, 139
Trd, 8639151.012, 140
Trd, 8639151.979, 62
Trd, 8639152.179, 62
Trd, 8639152.346, 63
Trd, 8639152.679, 62
Trd, 8639153.346, 61
Trd, 8639154.179, 61
Trd, 8639154.846, 61
Trd, 8639155.679, 60
Trd, 8639155.712, 60
Trd, 8639156.012, 60
Trd, 8639156.246, 60
Trd, 8639156.279, 60
Trd, 8639156.546, 60
Trd, 8639156.846, 60
Trd, 8639157.046, 61
Trd, 8639157.746, 61
Trd, 8639157.812, 62
Trd, 8639158.312, 63
Trd, 8639158.479, 134
Trd, 8639158.879, 68
Trd, 8639159.046, 71
Trd, 8639159.579, 66
Trd, 8639159.612, 63
Trd, 8639159.679, 93
Trd, 8639161.312, 75
Trd, 8639161.412, 66
Trd, 8639161.546, 63
Trd, 8639161.979, 140
Trd, 8639162.246, 139
Trd, 8639163.546, 140
Trd, 8639163.812, 140
Trd, 8639164.012, 140
Trd, 8639164.246, 140
Trd, 8639164.346, 139
Trd, 8639165.046, 140
Trd, 8639165.179, 140
Trd, 8639166.746, 140
Trd, 8639167.112, 140
Trd, 8639167.646, 140
Trd, 8639167.879, 140
Trd, 8639167.912, 140
Trd, 8639168.479, 140
Trd, 8639168.512, 140
Trd, 8639168.846, 139
Trd, 8639169.212, 140
Trd, 8639169.479, 140
Trd, 8639169.612, 140
Trd, 8639170.546, 140
Trd, 8639172.079, 140
Trd, 8639172.979, 140
Trd, 8639173.179, 140
Trd, 8639173.346, 140
Trd, 8639173.379, 140
Trd, 8639174.446, 140
Trd, 8639174.512, 140
Trd, 8639174.679, 139
Trd, 8639175.012, 139
Trd, 8639175.412, 138
Trd, 8639175.779, 140
Trd, 8639176.112, 139
Trd, 8639176.512, 140
Trd, 8639177.612, 140
Trd, 8639177.712, 140
Trd, 8639177.812, 140
Trd, 8639177.979, 140
Trd, 8639178.112, 139
Trd, 8639178.312, 139
Trd, 8639178.412, 138
Trd, 8639180.779, 140
Trd, 8639181.279, 140
Trd, 8639181.379, 140
Trd, 8639181.512, 140
Trd, 8639181.579, 140
Trd, 8639181.812, 140
Trd, 8639182.146, 139
Trd, 8639182.212, 138
Trd, 8639183.112, 140
Trd, 8639183.246, 140
Trd, 8639184.212, 140
Trd, 8639184.246, 140
Trd, 8639184.812, 140
Trd, 8639185.612, 140
Trd, 8639185.679, 140
Trd, 8639186.346, 140
Trd, 8639187.079, 140
Trd, 8639187.379, 140
Trd, 8639187.446, 140
Trd, 8639187.812, 140
Trd, 8639187.979, 140
Trd, 8639188.046, 140
Trd, 8639188.079, 140
Trd, 8639190.346, 140
Trd, 8639190.412, 140
Trd, 8639190.912, 140
Trd, 8639191.646, 140
Trd, 8639191.712, 140
Trd, 8639192.079, 140
Trd, 8639192.312, 140
Trd, 8639192.346, 139
Trd, 8639192.846, 140
Trd, 8639193.179, 127
Trd, 8639193.379, 66
Trd, 8639193.946, 138
Trd, 8639194.179, 140
Trd, 8639194.512, 62
Trd, 8639194.812, 62
Trd, 8639195.379, 60
Trd, 8639196.712, 66
Trd, 8639196.912, 61
Trd, 8639196.979, 61
Trd, 8639197.846, 60
Trd, 8639198.246, 60
Trd, 8639198.846, 60
Trd, 8639199.212, 60
Trd, 8639199.479, 60
Trd, 8639199.646, 140
Trd, 8639200.446, 66
Trd, 8639201.279, 117
Trd, 8639201.346, 73
Trd, 8639201.846, 140
Trd, 8639202.146, 140
Trd, 8639202.912, 140
Trd, 8639203.012, 140
Trd, 8639203.179, 140
Trd, 8639203.546, 140
Trd, 8639203.912, 140
Trd, 8639204.046, 140
Trd, 8639204.179, 139
Trd, 8639204.646, 139
Trd, 8639205.446, 135
Trd, 8639205.746, 68
Trd, 8639205.779, 67
Trd, 8639205.912, 140
Trd, 8639206.412, 140
Trd, 8639206.846, 140
Trd, 8639207.079, 140
Trd, 8639207.446, 140
Trd, 8639207.646, 140
Trd, 8639209.246, 140
Trd, 8639209.679, 140
Trd, 8639210.246, 140
Trd, 8639210.612, 140
Trd, 8639211.112, 140
Trd, 8639212.179, 140
Trd, 8639212.446, 140
Trd, 8639212.579, 140
Trd, 8639212.779, 140
Trd, 8639212.879, 140
Trd, 8639213.246, 140
Trd, 8639213.546, 140
Trd, 8639213.879, 140
Trd, 8639214.279, 140
Trd, 8639215.046, 140
Trd, 8639215.212, 140
Trd, 8639215.279, 139
Trd, 8639215.379, 139
Trd, 8639216.246, 140
Trd, 8639216.279, 140
Trd, 8639217.979, 140
Trd, 8639218.246, 140
Trd, 8639218.746, 140
Trd, 8639219.746, 140
Trd, 8639219.779, 140
Trd, 8639220.012, 140
Trd, 8639220.246, 140
Trd, 8639220.312, 140
Trd, 8639221.812, 140
Trd, 8639222.646, 140
Trd, 8639222.879, 140
Trd, 8639223.279, 140
Trd, 8639224.046, 140
Trd, 8639224.179, 140
Trd, 8639224.379, 140
Trd, 8639224.846, 140
Trd, 8639224.979, 140
Trd, 8639225.279, 140
Trd, 8639226.079, 140
Trd, 8639226.179, 140
Trd, 8639226.612, 140
Trd, 8639226.679, 140
Trd, 8639227.379, 139
Trd, 8639227.646, 140
Trd, 8639228.079, 140
Trd, 8639228.412, 140
Trd, 8639228.746, 140
Trd, 8639229.779, 140
Trd, 8639230.012, 140
Trd, 8639230.812, 140
Trd, 8639231.212, 140
Trd, 8639231.379, 140
Trd, 8639231.812, 140
Trd, 8639232.146, 140
Trd, 8639232.712, 140
Trd, 8639232.746, 140
Trd, 8639233.212, 140
Trd, 8639233.579, 140
Trd, 8639233.779, 140
Trd, 8639234.146, 140
Trd, 8639234.946, 140
Trd, 8639235.012, 140
Trd, 8639235.046, 140
Trd, 8639236.079, 140
Trd, 8639236.612, 140
Trd, 8639236.746, 139
Trd, 8639236.912, 138
Trd, 8639238.512, 140
Trd, 8639239.279, 139
Trd, 8639239.546, 140
Trd, 8639240.546, 140
Trd, 8639240.912, 140
Trd, 8639241.079, 140
Trd, 8639241.279, 140
Trd, 8639241.312, 140
Trd, 8639241.579, 140
Trd, 8639241.846, 140
Trd, 8639242.346, 140
Trd, 8639243.446, 140
Trd, 8639244.112, 140
Trd, 8639244.279, 140
Trd, 8639244.779, 140
Trd, 8639245.179, 140
Trd, 8639245.246, 140
Trd, 8639245.379, 140
Trd, 8639245.746, 140
Trd, 8639246.012, 140
Trd, 8639246.046, 139
Trd, 8639246.446, 140
Trd, 8639247.012, 140
Trd, 8639247.112, 140
Trd, 8639247.146, 139
Trd, 8639247.612, 140
Trd, 8639247.679, 136
Trd, 8639248.146, 60
Trd, 8639248.512, 67
Trd, 8639249.079, 140
Trd, 8639249.179, 140
Trd, 8639249.812, 140
Trd, 8639251.046, 140
Trd, 8639251.212, 140
Trd, 8639251.579, 140
Trd, 8639251.612, 139
Trd, 8639251.679, 140
Trd, 8639252.279, 139
Trd, 8639252.579, 140
Trd, 8639252.979, 140
Trd, 8639254.446, 140
Trd, 8639254.879, 140
Trd, 8639255.179, 140
Trd, 8639256.179, 140
Trd, 8639256.379, 140
Trd, 8639256.612, 140
Trd, 8639256.779, 139
Trd, 8639257.179, 140
Trd, 8639257.979, 140
Trd, 8639258.979, 140
Trd, 8639259.112, 140
Trd, 8639259.146, 140
Trd, 8639259.579, 140
Trd, 8639259.612, 139
Trd, 8639260.179, 140
Trd, 8639260.312, 140
Trd, 8639260.679, 139
Trd, 8639261.746, 140
Trd, 8639261.846, 135
Trd, 8639262.546, 140
Trd, 8639262.579, 96
Trd, 8639263.079, 68
Trd, 8639263.679, 60
Trd, 8639263.912, 60
Trd, 8639265.046, 62
Trd, 8639265.079, 67
Trd, 8639265.212, 75
Trd, 8639266.979, 60
Trd, 8639267.179, 60
Trd, 8639268.579, 60
Trd, 8639268.979, 60
Trd, 8639269.712, 60
Trd, 8639270.079, 60
Trd, 8639270.779, 60
Trd, 8639270.946, 60
Trd, 8639271.246, 61
Trd, 8639271.712, 62
Trd, 8639272.546, 60
Trd, 8639272.646, 62
Trd, 8639272.712, 60
Trd, 8639273.879, 61
Trd, 8639273.946, 62
Trd, 8639274.546, 60
Trd, 8639274.746, 67
Trd, 8639275.312, 65
Trd, 8639275.379, 61
Trd, 8639275.479, 107
Trd, 8639276.012, 139
Trd, 8639276.346, 140
Trd, 8639276.746, 139
Trd, 8639276.779, 137
Trd, 8639277.346, 140
Trd, 8639278.079, 137
Trd, 8639278.246, 140
Trd, 8639278.512, 140
Trd, 8639278.646, 132
Trd, 8639279.012, 138
Trd, 8639279.679, 88
Trd, 8639279.779, 140
Trd, 8639280.212, 60
Trd, 8639281.446, 60
Trd, 8639281.746, 64
Trd, 8639282.779, 71
Trd, 8639283.346, 140
Trd, 8639283.479, 140
Trd, 8639284.046, 140
Trd, 8639284.212, 140
Trd, 8639284.646, 140
Trd, 8639284.846, 140
Trd, 8639285.146, 139
Trd, 8639286.179, 140
Trd, 8639286.379, 140
Trd, 8639287.346, 140
Trd, 8639287.446, 140
Trd, 8639288.346, 140
Trd, 8639288.446, 140
Trd, 8639288.812, 140
Trd, 8639288.979, 140
Trd, 8639289.579, 140
Trd, 8639289.646, 140
Trd, 8639289.712, 140
Trd, 8639290.046, 140
Trd, 8639290.079, 139
Trd, 8639290.279, 139
Trd, 8639291.546, 140
Trd, 8639291.979, 140
Trd, 8639292.246, 139
Trd, 8639292.712, 140
Trd, 8639292.779, 140
Trd, 8639293.312, 140
Trd, 8639293.346, 140
Trd, 8639293.879, 138
Trd, 8639294.046, 135
Trd, 8639294.646, 140
Trd, 8639294.712, 140
Trd, 8639296.112, 140
Trd, 8639296.679, 140
Trd, 8639296.712, 140
Trd, 8639296.779, 140
Trd, 8639297.546, 140
Trd, 8639298.846, 140
Trd, 8639298.979, 140
Trd, 8639299.412, 140
Trd, 8639299.912, 140
Trd, 8639300.112, 140
Trd, 8639300.412, 140
Trd, 8639301.412, 140
Trd, 8639301.446, 140
Trd, 8639301.879, 140
Trd, 8639302.446, 140
Trd, 8639302.479, 139
Trd, 8639302.779, 140
Trd, 8639304.179, 140
Trd, 8639304.212, 140
Trd, 8639304.312, 140
Trd, 8639304.812, 140
Trd, 8639306.146, 140
Trd, 8639306.479, 140
Trd, 8639306.879, 140
Trd, 8639306.912, 140
Trd, 8639307.212, 140
Trd, 8639307.412, 140
Trd, 8639307.979, 140
Trd, 8639308.312, 139
Trd, 8639309.012, 140
Trd, 8639309.246, 140
Trd, 8639309.879, 140
Trd, 8639310.379, 140
Trd, 8639310.412, 140
Trd, 8639310.612, 140
Trd, 8639310.912, 140
Trd, 8639312.212, 140
Trd, 8639312.312, 140
Trd, 8639312.512, 140
Trd, 8639313.312, 140
Trd, 8639313.679, 140
Trd, 8639313.779, 140
Trd, 8639314.479, 140
Trd, 8639314.612, 140
Trd, 8639315.079, 140
Trd, 8639315.679, 140
Trd, 8639315.812, 140
Trd, 8639316.512, 140
Trd, 8639317.146, 140
Trd, 8639317.179, 140
Trd, 8639317.379, 140
Trd, 8639318.112, 140
Trd, 8639319.246, 140
Trd, 8639319.446, 140
Trd, 8639320.079, 140
Trd, 8639320.312, 140
Trd, 8639320.479, 140
Trd, 8639320.946, 140
Trd, 8639320.979, 140
Trd, 8639321.446, 140
Trd, 8639321.979, 140
Trd, 8639322.412, 140
Trd, 8639322.746, 140
Trd, 8639323.046, 77
Trd, 8639323.146, 85
Trd, 8639323.179, 86
Trd, 8639324.079, 140
Trd, 8639324.112, 77
Trd, 8639324.746, 139
Trd, 8639325.379, 140
Trd, 8639326.279, 140
Trd, 8639327.812, 140
Trd, 8639327.979, 140
Trd, 8639328.246, 140
Trd, 8639328.512, 140
Trd, 8639328.712, 140
Trd, 8639328.779, 140
Trd, 8639329.046, 140
Trd, 8639329.179, 140
Trd, 8639329.746, 140
Trd, 8639330.912, 140
Trd, 8639331.212, 140
Trd, 8639332.012, 140
Trd, 8639332.246, 140
Trd, 8639332.912, 140
Trd, 8639333.512, 140
Trd, 8639334.046, 140
Trd, 8639334.212, 140
Trd, 8639334.346, 140
Trd, 8639335.112, 140
Trd, 8639335.512, 140
Trd, 8639335.712, 140
Trd, 8639336.212, 140
Trd, 8639336.646, 140
Trd, 8639337.179, 140
Trd, 8639337.746, 140
Trd, 8639338.212, 72
Trd, 8639338.412, 82
Trd, 8639339.079, 66
Trd, 8639339.679, 140
Trd, 8639339.979, 140
Trd, 8639340.312, 140
Trd, 8639340.479, 140
Trd, 8639340.746, 140
Trd, 8639340.812, 136
Trd, 8639341.246, 138
Trd, 8639341.779, 136
Trd, 8639342.279, 140
Trd, 8639342.912, 139
Trd, 8639342.979, 139
Trd, 8639344.246, 140
Trd, 8639344.846, 140
Trd, 8639345.079, 140
Trd, 8639345.112, 140
Trd, 8639345.146, 140
Trd, 8639345.779, 140
Trd, 8639347.512, 140
Trd, 8639347.646, 140
Trd, 8639347.846, 140
Trd, 8639347.879, 140
Trd, 8639348.646, 140
Trd, 8639349.412, 140
Trd, 8639349.612, 140
Trd, 8639349.779, 140
Trd, 8639350.579, 140
Trd, 8639350.846, 140
Trd, 8639351.312, 140
Trd, 8639351.379, 140
Trd, 8639352.046, 140
Trd, 8639352.346, 140
Trd, 8639352.546, 140
Trd, 8639353.346, 140
Trd, 8639354.012, 140
Trd, 8639354.179, 140
Trd, 8639354.212, 140
Trd, 8639354.479, 139
Trd, 8639354.679, 138
Trd, 8639354.812, 81
Trd, 8639354.946, 135
Trd, 8639355.279, 140
Trd, 8639355.446, 137
Trd, 8639356.812, 137
Trd, 8639357.446, 138
Trd, 8639357.612, 137
Trd, 8639357.846, 65
Trd, 8639358.312, 63
Trd, 8639358.512, 66
Trd, 8639358.879, 68
Trd, 8639359.779, 60
Trd, 8639360.379, 61
Trd, 8639361.212, 61
Trd, 8639362.112, 60
Trd, 8639362.246, 61
Trd, 8639362.479, 62
Trd, 8639362.846, 60
Trd, 8639363.146, 60
Trd, 8639364.546, 60
Trd, 8639364.779, 60
Trd, 8639364.912, 63
Trd, 8639366.146, 60
Trd, 8639366.479, 60
Trd, 8639367.046, 60
Trd, 8639367.279, 61
Trd, 8639367.379, 62
Trd, 8639367.412, 63
Trd, 8639367.446, 64
Trd, 8639367.746, 62
Trd, 8639367.879, 61
Trd, 8639368.112, 64
Trd, 8639368.646, 61
Trd, 8639368.712, 62
Trd, 8639368.879, 131
Trd, 8639369.912, 69
Trd, 8639370.246, 60
Trd, 8639370.479, 63
Trd, 8639372.379, 60
Trd, 8639373.546, 60
Trd, 8639373.946, 61
Trd, 8639374.179, 61
Trd, 8639374.279, 63
Trd, 8639374.346, 70
Trd, 8639374.512, 62
Trd, 8639375.346, 61
Trd, 8639375.879, 63
Trd, 8639375.912, 64
Trd, 8639376.379, 62
Trd, 8639376.612, 61
Trd, 8639376.646, 69
Trd, 8639377.046, 66
Trd, 8639377.112, 70
Trd, 8639377.479, 62
Trd, 8639377.812, 135
Trd, 8639377.979, 139
Trd, 8639378.446, 60
Trd, 8639380.279, 140
Trd, 8639380.679, 140
Trd, 8639380.812, 140
Trd, 8639381.246, 140
Trd, 8639381.379, 140
Trd, 8639381.446, 139
Trd, 8639381.679, 140
Trd, 8639381.979, 140
Trd, 8639382.179, 137
Trd, 8639382.812, 137
Trd, 8639383.146, 135
Trd, 8639383.346, 82
Trd, 8639383.946, 140
Trd, 8639384.312, 140
Trd, 8639384.912, 140
Trd, 8639385.012, 139
Trd, 8639385.346, 62
Trd, 8639385.779, 139
Trd, 8639386.279, 140
Trd, 8639387.046, 140
Trd, 8639387.479, 140
Trd, 8639387.846, 140
Trd, 8639388.246, 140
Trd, 8639389.379, 140
Trd, 8639389.512, 140
Trd, 8639389.779, 140
Trd, 8639390.246, 140
Trd, 8639390.712, 140
Trd, 8639391.112, 140
Trd, 8639391.146, 140
Trd, 8639392.112, 140
Trd, 8639392.346, 140
Trd, 8639393.346, 140
Trd, 8639393.746, 140
Trd, 8639394.012, 140
Trd, 8639394.179, 140
Trd, 8639394.612, 140
Trd, 8639395.179, 139
Trd, 8639395.946, 140
Trd, 8639396.312, 140
Trd, 8639396.979, 140
Trd, 8639397.279, 140
Trd, 8639397.412, 140
Trd, 8639398.046, 140
Trd, 8639398.179, 139
Trd, 8639398.379, 140
Trd, 8639399.879, 140
Trd, 8639400.146, 140
Trd, 8639400.546, 140
Trd, 8639400.679, 140
Trd, 8639400.712, 140
Trd, 8639400.946, 139
Trd, 8639401.879, 140
Trd, 8639401.946, 140
Trd, 8639402.179, 140
Trd, 8639402.379, 139
Trd, 8639402.812, 138
Trd, 8639403.779, 140
Trd, 8639404.579, 140
Trd, 8639404.812, 140
Trd, 8639405.612, 140
Trd, 8639406.079, 140
Trd, 8639406.312, 140
Trd, 8639406.712, 140
Trd, 8639407.312, 140
Trd, 8639407.412, 140
Trd, 8639407.846, 140
Trd, 8639408.246, 140
Trd, 8639408.812, 140
Trd, 8639408.879, 140
Trd, 8639409.146, 140
Trd, 8639409.346, 140
Trd, 8639410.012, 140
Trd, 8639410.046, 140
Trd, 8639411.046, 140
Trd, 8639411.312, 140
Trd, 8639412.179, 140
Trd, 8639412.512, 140
Trd, 8639412.546, 140
Trd, 8639412.812, 139
Trd, 8639413.312, 140
Trd, 8639413.412, 140
Trd, 8639414.012, 140
Trd, 8639414.312, 140
Trd, 8639415.179, 140
Trd, 8639415.546, 140
Trd, 8639415.779, 140
Trd, 8639416.946, 140
Trd, 8639417.246, 140
Trd, 8639418.346, 140
Trd, 8639418.512, 140
Trd, 8639418.779, 140
Trd, 8639419.246, 140
Trd, 8639420.012, 140
Trd, 8639420.412, 140
Trd, 8639420.679, 140
Trd, 8639421.446, 140
Trd, 8639421.812, 140
Trd, 8639422.079, 140
Trd, 8639422.279, 140
Trd, 8639422.779, 140
Trd, 8639422.812, 140
Trd, 8639423.746, 140
Trd, 8639423.779, 140
Trd, 8639425.146, 140
Trd, 8639425.779, 140
Trd, 8639425.812, 140
Trd, 8639425.979, 140
Trd, 8639426.679, 140
Trd, 8639426.979, 140
Trd, 8639427.412, 140
Trd, 8639427.546, 140
Trd, 8639428.746, 140
Trd, 8639429.112, 140
Trd, 8639429.479, 139
Trd, 8639429.946, 138
Trd, 8639430.579, 140
Trd, 8639431.179, 140
Trd, 8639431.446, 140
Trd, 8639431.946, 140
Trd, 8639432.412, 140
Trd, 8639432.612, 140
Trd, 8639433.379, 140
Trd, 8639433.512, 140
Trd, 8639433.546, 140
Trd, 8639434.179, 140
Trd, 8639434.379, 140
Trd, 8639434.412, 139
Trd, 8639434.712, 140
Trd, 8639435.246, 140
Trd, 8639435.279, 139
Trd, 8639435.979, 139
Trd, 8639436.746, 140
Trd, 8639436.979, 138
Trd, 8639437.279, 140
Trd, 8639437.846, 140
Trd, 8639437.879, 140
Trd, 8639438.346, 140
Trd, 8639439.546, 140
Trd, 8639440.012, 140
Trd, 8639440.246, 140
Trd, 8639441.146, 140
Trd, 8639441.179, 140
Trd, 8639441.212, 140
Trd, 8639441.912, 140
Trd, 8639442.412, 140
Trd, 8639443.079, 140
Trd, 8639444.379, 140
Trd, 8639444.612, 140
Trd, 8639444.679, 140
Trd, 8639444.812, 140
Trd, 8639445.046, 139
Trd, 8639446.079, 140
Trd, 8639446.246, 140
Trd, 8639446.546, 140
Trd, 8639446.679, 140
Trd, 8639447.146, 140
Trd, 8639448.612, 140
Trd, 8639448.879, 140
Trd, 8639449.179, 140
Trd, 8639449.279, 140
Trd, 8639449.479, 140
Trd, 8639449.646, 139
Trd, 8639450.446, 140
Trd, 8639451.779, 140
Trd, 8639452.046, 140
Trd, 8639453.179, 140
Trd, 8639453.812, 140
Trd, 8639453.846, 140
Trd, 8639454.379, 140
Trd, 8639454.812, 140
Trd, 8639454.879, 140
Trd, 8639455.579, 140
Trd, 8639456.612, 140
Trd, 8639456.679, 140
Trd, 8639457.146, 140
Trd, 8639457.379, 140
Trd, 8639457.446, 140
Trd, 8639458.479, 140
Trd, 8639458.646, 140
Trd, 8639458.979, 140
Trd, 8639459.779, 140
Trd, 8639459.812, 140
Trd, 8639460.412, 140
Trd, 8639460.712, 139
Trd, 8639460.779, 138
Trd, 8639460.846, 138
Trd, 8639461.479, 140
Trd, 8639462.146, 140
Trd, 8639462.212, 140
Trd, 8639463.579, 140
Trd, 8639464.212, 140
Trd, 8639464.346, 140
Trd, 8639464.379, 140
Trd, 8639464.546, 140
Trd, 8639464.746, 139
Trd, 8639464.779, 139
Trd, 8639465.079, 137
Trd, 8639465.146, 67
Trd, 8639465.346, 60
Trd, 8639465.812, 140
Trd, 8639467.412, 140
Trd, 8639467.579, 140
Trd, 8639467.746, 140
Trd, 8639468.046, 140
Trd, 8639468.446, 140
Trd, 8639469.046, 64
Trd, 8639469.646, 139
Trd, 8639470.312, 138
Trd, 8639470.712, 137
Trd, 8639471.012, 140
Trd, 8639471.579, 140
Trd, 8639471.746, 140
Trd, 8639472.246, 81
Trd, 8639472.779, 83
Trd, 8639472.912, 82
Trd, 8639474.112, 140
Trd, 8639474.212, 139
Trd, 8639474.246, 139
Trd, 8639474.679, 140
Trd, 8639474.779, 140
Trd, 8639475.246, 140
Trd, 8639475.779, 140
Trd, 8639475.812, 140
Trd, 8639476.279, 140
Trd, 8639476.546, 140
Trd, 8639476.879, 140
Trd, 8639476.912, 140
Trd, 8639478.979, 140
Trd, 8639480.246, 140
Trd, 8639480.446, 140
Trd, 8639480.579, 140
Trd, 8639480.646, 140
Trd, 8639480.912, 139
Trd, 8639481.046, 139
Trd, 8639481.346, 79
Trd, 8639481.846, 140
Trd, 8639482.012, 140
Trd, 8639482.412, 140
Trd, 8639482.579, 139
Trd, 8639483.246, 138
Trd, 8639483.312, 137
Trd, 8639484.312, 140
Trd, 8639484.712, 140
Trd, 8639484.912, 140
Trd, 8639485.012, 140
Trd, 8639485.179, 140
Trd, 8639485.746, 140
Trd, 8639486.246, 63
Trd, 8639486.646, 140
Trd, 8639486.746, 140
Trd, 8639487.179, 140
Trd, 8639488.812, 140
Trd, 8639489.246, 140
Trd, 8639489.512, 140
Trd, 8639490.046, 140
Trd, 8639490.312, 140
Trd, 8639490.546, 139
Trd, 8639490.646, 138
Trd, 8639490.679, 71
Trd, 8639492.412, 140
Trd, 8639492.746, 140
Trd, 8639492.979, 140
Trd, 8639493.512, 140
Trd, 8639493.746, 140
Trd, 8639494.379, 140
Trd, 8639496.046, 140
Trd, 8639496.479, 140
Trd, 8639496.546, 140
Trd, 8639497.079, 140
Trd, 8639497.146, 140
Trd, 8639497.312, 140
Trd, 8639497.446, 140
Trd, 8639497.546, 140
Trd, 8639498.379, 140
Trd, 8639498.746, 140
Trd, 8639498.912, 140
Trd, 8639499.046, 139
Trd, 8639499.512, 140
Trd, 8639499.546, 140
Trd, 8639500.779, 140
Trd, 8639501.279, 140
Trd, 8639501.379, 140
Trd, 8639502.012, 140
Trd, 8639502.079, 139
Trd, 8639502.312, 138
Trd, 8639502.779, 140
Trd, 8639503.412, 140
Trd, 8639503.646, 140
Trd, 8639503.679, 139
Trd, 8639503.812, 61
Trd, 8639504.312, 62
Trd, 8639505.179, 62
Trd, 8639505.579, 71
Trd, 8639505.712, 80
Trd, 8639507.412, 60
Trd, 8639507.512, 60
Trd, 8639507.579, 60
Trd, 8639508.279, 60
Trd, 8639508.812, 60
Trd, 8639509.212, 61
Trd, 8639509.979, 60
Trd, 8639510.746, 62
Trd, 8639510.946, 63
Trd, 8639510.979, 62
Trd, 8639511.346, 67
Trd, 8639511.712, 61
Trd, 8639511.812, 63
Trd, 8639512.512, 140
Trd, 8639512.612, 140
Trd, 8639512.846, 138
Trd, 8639512.946, 137
Trd, 8639513.212, 140
Trd, 8639513.412, 139
Trd, 8639513.646, 69
Trd, 8639514.179, 140
Trd, 8639514.779, 139
Trd, 8639515.046, 139
Trd, 8639515.812, 140
Trd, 8639516.346, 140
Trd, 8639516.646, 138
Trd, 8639518.112, 140
Trd, 8639518.179, 140
Trd, 8639518.346, 140
Trd, 8639518.946, 140
Trd, 8639519.112, 140
Trd, 8639519.246, 140
Trd, 8639519.712, 140
Trd, 8639519.812, 140
Trd, 8639520.446, 140
Trd, 8639520.479, 139
Trd, 8639520.879, 140
Trd, 8639521.446, 140
Trd, 8639522.279, 140
Trd, 8639522.779, 140
Trd, 8639523.146, 140
Trd, 8639523.846, 140
Trd, 8639524.146, 140
Trd, 8639524.346, 140
Trd, 8639525.312, 140
Trd, 8639525.879, 140
Trd, 8639526.312, 140
Trd, 8639527.079, 140
Trd, 8639527.346, 140
Trd, 8639527.579, 140
Trd, 8639527.946, 140
Trd, 8639528.012, 140
Trd, 8639528.046, 140
Trd, 8639528.446, 140
Trd, 8639528.479, 140
Trd, 8639529.446, 140
Trd, 8639529.912, 140
Trd, 8639529.979, 139
Trd, 8639530.412, 139
Trd, 8639530.679, 139
Trd, 8639531.712, 140
Trd, 8639531.879, 140
Trd, 8639532.346, 140
Trd, 8639532.479, 140
Trd, 8639533.112, 140
Trd, 8639533.446, 140
Trd, 8639533.546, 140
Trd, 8639534.379, 140
Trd, 8639534.446, 140
Trd, 8639534.979, 140
Trd, 8639535.212, 139
Trd, 8639535.812, 140
Trd, 8639536.279, 140
Trd, 8639537.179, 140
Trd, 8639537.412, 140
Trd, 8639537.712, 140
Trd, 8639538.746, 140
Trd, 8639538.846, 140
Trd, 8639539.112, 140
Trd, 8639539.346, 140
Trd, 8639539.779, 140
Trd, 8639539.812, 140
Trd, 8639540.679, 140
Trd, 8639540.779, 140
Trd, 8639540.846, 140
Trd, 8639541.512, 140
Trd, 8639541.646, 139
Trd, 8639541.912, 140
Trd, 8639542.379, 140
Trd, 8639542.879, 140
Trd, 8639543.379, 140
Trd, 8639544.012, 140
Trd, 8639545.246, 140
Trd, 8639545.479, 140
Trd, 8639545.546, 140
Trd, 8639545.646, 140
Trd, 8639545.979, 140
Trd, 8639546.179, 140
Trd, 8639546.846, 140
Trd, 8639546.979, 139
Trd, 8639547.546, 140
Trd, 8639548.579, 140
Trd, 8639548.946, 140
Trd, 8639549.079, 140
Trd, 8639549.179, 140
Trd, 8639549.212, 140
Trd, 8639549.946, 140
Trd, 8639550.779, 140
Trd, 8639551.112, 140
Trd, 8639551.879, 140
Trd, 8639551.912, 140
Trd, 8639552.212, 139
Trd, 8639552.279, 138
Trd, 8639552.646, 140
Trd, 8639552.712, 138
Trd, 8639552.812, 132
Trd, 8639553.579, 95
Trd, 8639553.946, 140
Trd, 8639554.112, 140
Trd, 8639554.512, 140
Trd, 8639554.879, 138
Trd, 8639554.979, 136
Trd, 8639556.112, 140
Trd, 8639556.746, 140
Trd, 8639557.546, 140
Trd, 8639557.946, 140
Trd, 8639558.479, 140
Trd, 8639558.579, 140
Trd, 8639558.912, 140
Trd, 8639559.579, 139
Trd, 8639559.946, 140
Trd, 8639560.446, 140
Trd, 8639560.679, 140
Trd, 8639561.279, 138
Trd, 8639561.312, 137
Trd, 8639561.879, 140
Trd, 8639562.112, 140
Trd, 8639562.379, 139
Trd, 8639563.312, 140
Trd, 8639563.379, 140
Trd, 8639563.612, 140
Trd, 8639563.879, 140
Trd, 8639564.412, 140
Trd, 8639565.179, 140
Trd, 8639565.379, 140
Trd, 8639565.879, 140
Trd, 8639566.079, 85
Trd, 8639567.112, 140
Trd, 8639567.246, 140
Trd, 8639567.746, 140
Trd, 8639568.212, 140
Trd, 8639568.312, 140
Trd, 8639568.412, 140
Trd, 8639568.646, 140
Trd, 8639569.812, 140
Trd, 8639569.979, 140
Trd, 8639570.079, 140
Trd, 8639570.779, 140
Trd, 8639571.079, 140
Trd, 8639571.112, 140
Trd, 8639571.679, 140
Trd, 8639571.946, 118
Trd, 8639572.646, 139
Trd, 8639572.779, 118
Trd, 8639573.212, 138
Trd, 8639574.346, 70
Trd, 8639574.746, 138
Trd, 8639575.112, 140
Trd, 8639575.212, 140
Trd, 8639576.346, 140
Trd, 8639576.446, 140
Trd, 8639576.579, 140
Trd, 8639576.746, 139
Trd, 8639577.779, 140
Trd, 8639578.079, 140
Trd, 8639578.112, 139
Trd, 8639578.379, 139
Trd, 8639578.912, 139
Trd, 8639579.712, 140
Trd, 8639579.846, 140
Trd, 8639580.846, 140
Trd, 8639581.546, 140
Trd, 8639581.579, 140
Trd, 8639581.679, 140
Trd, 8639582.846, 140
Trd, 8639583.012, 140
Trd, 8639583.279, 140
Trd, 8639584.446, 140
Trd, 8639584.679, 140
Trd, 8639585.379, 140
Trd, 8639585.846, 140
Trd, 8639586.212, 140
Trd, 8639586.512, 140
Trd, 8639586.579, 139
Trd, 8639587.712, 140
Trd, 8639588.046, 140
Trd, 8639588.112, 140
Trd, 8639589.012, 140
Trd, 8639589.079, 140
Trd, 8639589.212, 140
Trd, 8639589.412, 140
Trd, 8639590.246, 140
Trd, 8639590.446, 140
Trd, 8639590.846, 140
Trd, 8639591.479, 140
Trd, 8639591.679, 140
Trd, 8639592.446, 139
Trd, 8639592.546, 139
Trd, 8639592.912, 140
Trd, 8639593.212, 140
Trd, 8639594.146, 140
Trd, 8639594.212, 140
Trd, 8639595.112, 140
Trd, 8639595.946, 140
Trd, 8639596.079, 140
Trd, 8639596.279, 140
Trd, 8639596.412, 140
Trd, 8639596.779, 139
Trd, 8639596.846, 140
Trd, 8639596.879, 139
Trd, 8639598.012, 140
Trd, 8639598.179, 140
Trd, 8639598.746, 140
Trd, 8639599.446, 140
Trd, 8639599.546, 138
Trd, 8639600.179, 140
Trd, 8639600.312, 139
Trd, 8639600.879, 140
Trd, 8639601.046, 140
Trd, 8639601.179, 140
Trd, 8639601.379, 139
Trd, 8639601.912, 119
Trd, 8639602.479, 62
Trd, 8639602.679, 61
Trd, 8639602.746, 61
Trd, 8639603.412, 139
Trd, 8639603.612, 138
Trd, 8639604.712, 140
Trd, 8639604.912, 140
Trd, 8639606.079, 140
Trd, 8639606.479, 140
Trd, 8639606.612, 140
Trd, 8639606.779, 140
Trd, 8639607.779, 140
Trd, 8639607.812, 139
Trd, 8639608.112, 140
Trd, 8639608.212, 136
Trd, 8639609.479, 140
Trd, 8639609.879, 140
Trd, 8639611.146, 140
Trd, 8639611.179, 140
Trd, 8639611.212, 139
Trd, 8639611.912, 140
Trd, 8639611.979, 139
Trd, 8639613.312, 140
Trd, 8639613.379, 140
Trd, 8639613.979, 140
Trd, 8639614.746, 140
Trd, 8639614.979, 139
Trd, 8639615.346, 140
Trd, 8639615.646, 140
Trd, 8639615.846, 140
Trd, 8639616.546, 140
Trd, 8639617.279, 140
Trd, 8639617.446, 140
Trd, 8639617.479, 140
Trd, 8639617.712, 138
Trd, 8639617.746, 137
Trd, 8639618.146, 137
Trd, 8639618.679, 140
Trd, 8639618.712, 139
Trd, 8639619.146, 139
Trd, 8639619.679, 140
Trd, 8639620.346, 140
Trd, 8639622.046, 140
Trd, 8639622.146, 140
Trd, 8639622.346, 140
Trd, 8639622.779, 140
Trd, 8639623.246, 140
Trd, 8639623.379, 140
Trd, 8639623.479, 140
Trd, 8639624.612, 140
Trd, 8639624.712, 140
Trd, 8639624.846, 140
Trd, 8639625.679, 140
Trd, 8639625.712, 140
Trd, 8639625.779, 140
Trd, 8639626.312, 140
Trd, 8639626.512, 138
Trd, 8639627.112, 140
Trd, 8639627.612, 140
Trd, 8639627.746, 140
Trd, 8639627.879, 140
Trd, 8639628.579, 139
Trd, 8639628.912, 140
Trd, 8639629.012, 139
Trd, 8639629.346, 139
Trd, 8639629.879, 136
Trd, 8639630.679, 60
Trd, 8639631.279, 61
Trd, 8639632.312, 62
Trd, 8639632.679, 61
Trd, 8639633.046, 61
Trd, 8639633.912, 60
Trd, 8639634.446, 62
Trd, 8639634.812, 63
Trd, 8639634.946, 69
Trd, 8639635.479, 65
Trd, 8639635.812, 140
Trd, 8639636.679, 63
Trd, 8639637.046, 61
Trd, 8639637.579, 61
Trd, 8639637.712, 64
Trd, 8639637.779, 65
Trd, 8639638.946, 60
Trd, 8639639.312, 61
Trd, 8639641.946, 60
Trd, 8639642.312, 62
Trd, 8639642.579, 62
Trd, 8639642.679, 64
Trd, 8639643.146, 60
Trd, 8639643.946, 62
Trd, 8639644.312, 64
Trd, 8639644.746, 61
Trd, 8639645.412, 60
Trd, 8639645.546, 62
Trd, 8639646.612, 60
Trd, 8639646.846, 60
Trd, 8639648.546, 61
Trd, 8639648.879, 60
Trd, 8639648.979, 62
Trd, 8639649.246, 65
Trd, 8639649.379, 66
Trd, 8639649.612, 66
Trd, 8639649.946, 65
Trd, 8639650.079, 140
Trd, 8639650.279, 140
Trd, 8639650.979, 140
Trd, 8639651.146, 140
Trd, 8639651.279, 139
Trd, 8639652.312, 140
Trd, 8639652.646, 140
Trd, 8639653.146, 140
Trd, 8639654.379, 140
Trd, 8639654.679, 140
Trd, 8639655.446, 140
Trd, 8639655.512, 140
Trd, 8639655.646, 140
Trd, 8639656.379, 140
Trd, 8639656.479, 139
Trd, 8639656.646, 65
Trd, 8639656.912, 66
Trd, 8639657.946, 140
Trd, 8639657.979, 140
Trd, 8639658.579, 140
Trd, 8639658.879, 140
Trd, 8639659.212, 140
Trd, 8639659.279, 140
Trd, 8639660.046, 140
Trd, 8639660.546, 140
Trd, 8639661.012, 140
Trd, 8639661.312, 140
Trd, 8639661.979, 140
Trd, 8639662.512, 140
Trd, 8639662.979, 140
Trd, 8639664.512, 140
Trd, 8639664.746, 140
Trd, 8639664.846, 140
Trd, 8639665.479, 140
Trd, 8639665.746, 140
Trd, 8639665.946, 140
Trd, 8639666.946, 140
Trd, 8639667.179, 140
Trd, 8639667.312, 140
Trd, 8639667.446, 140
Trd, 8639668.279, 140
Trd, 8639668.412, 140
Trd, 8639668.512, 140
Trd, 8639669.612, 140
Trd, 8639669.879, 140
Trd, 8639670.146, 139
Trd, 8639670.179, 140
Trd, 8639670.646, 140
Trd, 8639670.746, 99
Trd, 8639671.079, 94
Trd, 8639671.546, 94
Trd, 8639672.379, 140
Trd, 8639672.412, 140
Trd, 8639673.112, 140
Trd, 8639673.979, 140
Trd, 8639674.146, 140
Trd, 8639674.279, 140
Trd, 8639675.146, 140
Trd, 8639675.512, 140
Trd, 8639675.879, 140
Trd, 8639676.746, 140
Trd, 8639676.846, 140
Trd, 8639677.079, 140
Trd, 8639678.146, 140
Trd, 8639678.179, 140
Trd, 8639679.746, 140
Trd, 8639680.179, 140
Trd, 8639681.012, 140
Trd, 8639681.212, 140
Trd, 8639681.279, 140
Trd, 8639681.679, 140
Trd, 8639682.246, 140
Trd, 8639682.279, 140
Trd, 8639682.912, 140
Trd, 8639682.979, 140
Trd, 8639683.046, 140
Trd, 8639683.079, 140
Trd, 8639683.746, 140
Trd, 8639685.246, 140
Trd, 8639685.279, 140
Trd, 8639685.512, 140
Trd, 8639685.912, 140
Trd, 8639686.279, 140
Trd, 8639686.379, 140
Trd, 8639688.612, 140
Trd, 8639688.779, 140
Trd, 8639689.146, 140
Trd, 8639689.846, 140
Trd, 8639690.046, 140
Trd, 8639690.079, 140
Trd, 8639690.146, 140
Trd, 8639690.546, 140
Trd, 8639691.079, 140
Trd, 8639691.179, 140
Trd, 8639691.679, 140
Trd, 8639691.979, 140
Trd, 8639692.246, 140
Trd, 8639692.512, 140
Trd, 8639692.546, 139
Trd, 8639693.112, 140
Trd, 8639693.512, 140
Trd, 8639694.612, 140
Trd, 8639694.679, 140
Trd, 8639696.379, 140
Trd, 8639696.446, 140
Trd, 8639696.512, 139
Trd, 8639697.012, 139
Trd, 8639697.246, 140
Trd, 8639697.812, 140
Trd, 8639697.979, 140
Trd, 8639698.379, 140
Trd, 8639698.879, 140
Trd, 8639699.179, 140
Trd, 8639699.212, 140
Trd, 8639699.946, 140
Trd, 8639700.712, 140
Trd, 8639700.912, 139
Trd, 8639701.046, 139
Trd, 8639701.512, 138
Trd, 8639701.679, 138
Trd, 8639702.879, 140
Trd, 8639703.646, 140
Trd, 8639703.712, 140
Trd, 8639704.546, 140
Trd, 8639705.512, 140
Trd, 8639705.579, 140
Trd, 8639706.112, 140
Trd, 8639706.612, 140
Trd, 8639707.146, 140
Trd, 8639707.712, 140
Trd, 8639708.212, 140
Trd, 8639708.512, 140
Trd, 8639709.179, 140
Trd, 8639709.246, 140
Trd, 8639709.412, 140
Trd, 8639710.079, 140
Trd, 8639711.212, 140
Trd, 8639711.579, 140
Trd, 8639711.679, 140
Trd, 8639711.712, 140
Trd, 8639711.946, 140
Trd, 8639712.346, 140
Trd, 8639712.612, 140
Trd, 8639713.146, 140
Trd, 8639713.279, 140
Trd, 8639713.579, 139
Trd, 8639714.179, 140
Trd, 8639714.546, 140
Trd, 8639715.712, 140
Trd, 8639716.412, 140
Trd, 8639716.512, 140
Trd, 8639716.612, 140
Trd, 8639717.546, 140
Trd, 8639717.746, 140
Trd, 8639718.079, 140
Trd, 8639718.246, 140
Trd, 8639719.212, 140
Trd, 8639719.679, 140
Trd, 8639720.212, 140
Trd, 8639720.446, 140
Trd, 8639721.046, 140
Trd, 8639722.979, 140
Trd, 8639723.579, 140
Trd, 8639723.646, 140
Trd, 8639723.979, 140
Trd, 8639724.179, 138
Trd, 8639724.346, 140
Trd, 8639724.912, 139
Trd, 8639725.646, 140
Trd, 8639725.812, 140
Trd, 8639726.579, 140
Trd, 8639727.679, 140
Trd, 8639728.012, 140
Trd, 8639728.079, 140
Trd, 8639728.212, 140
Trd, 8639728.512, 140
Trd, 8639728.646, 140
Trd, 8639729.346, 140
Trd, 8639729.612, 140
Trd, 8639729.979, 140
Trd, 8639730.779, 140
Trd, 8639731.046, 140
Trd, 8639731.112, 140
Trd, 8639732.012, 140
Trd, 8639732.212, 140
Trd, 8639732.279, 140
Trd, 8639732.412, 140
Trd, 8639732.746, 139
Trd, 8639733.279, 140
Trd, 8639733.412, 140
Trd, 8639733.446, 139
Trd, 8639733.912, 140
Trd, 8639734.779, 61
Trd, 8639735.746, 140
Trd, 8639736.246, 140
Trd, 8639736.412, 140
Trd, 8639737.012, 140
Trd, 8639737.446, 140
Trd, 8639737.779, 140
Trd, 8639737.879, 140
Trd, 8639738.379, 140
Trd, 8639739.446, 140
Trd, 8639739.879, 140
Trd, 8639740.346, 140
Trd, 8639740.779, 140
Trd, 8639741.779, 140
Trd, 8639741.846, 140
Trd, 8639742.146, 140
Trd, 8639742.612, 140
Trd, 8639743.146, 140
Trd, 8639743.212, 140
Trd, 8639743.279, 140
Trd, 8639743.479, 140
Trd, 8639744.446, 140
Trd, 8639744.779, 140
Trd, 8639745.046, 140
Trd, 8639745.146, 139
Trd, 8639745.846, 140
Trd, 8639746.512, 140
Trd, 8639746.546, 140
Trd, 8639746.646, 140
Trd, 8639746.812, 140
Trd, 8639746.879, 140
Trd, 8639747.979, 139
Trd, 8639748.479, 140
Trd, 8639748.512, 140
Trd, 8639749.512, 140
Trd, 8639750.679, 140
Trd, 8639750.746, 140
Trd, 8639751.079, 140
Trd, 8639751.512, 140
Trd, 8639751.612, 140
Trd, 8639752.246, 140
Trd, 8639752.412, 139
Trd, 8639752.546, 138
Trd, 8639753.979, 140
Trd, 8639754.146, 140
Trd, 8639755.112, 140
Trd, 8639755.712, 140
Trd, 8639756.146, 140
Trd, 8639756.212, 140
Trd, 8639757.279, 140
Trd, 8639757.346, 140
Trd, 8639758.346, 140
Trd, 8639758.546, 140
Trd, 8639758.579, 140
Trd, 8639758.812, 139
Trd, 8639759.079, 137
Trd, 8639759.312, 72
Trd, 8639759.546, 72
Trd, 8639759.746, 140
Trd, 8639760.846, 140
Trd, 8639761.046, 140
Trd, 8639761.146, 138
Trd, 8639761.746, 140
Trd, 8639762.246, 139
Trd, 8639762.312, 114
Trd, 8639762.679, 66
Trd, 8639763.846, 140
Trd, 8639764.212, 140
Trd, 8639764.379, 140
Trd, 8639764.446, 140
Trd, 8639764.712, 138
Trd, 8639765.179, 140
Trd, 8639765.279, 139
Trd, 8639766.346, 140
Trd, 8639766.412, 140
Trd, 8639767.646, 140
Trd, 8639768.012, 140
Trd, 8639768.279, 138
Trd, 8639769.012, 140
Trd, 8639769.246, 140
Trd, 8639769.379, 140
Trd, 8639770.646, 140
Trd, 8639771.012, 140
Trd, 8639771.512, 140
Trd, 8639771.946, 140
Trd, 8639772.212, 139
Trd, 8639772.479, 140
Trd, 8639772.846, 140
Trd, 8639773.712, 140
Trd, 8639774.212, 140
Trd, 8639774.312, 140
Trd, 8639775.312, 140
Trd, 8639775.446, 140
Trd, 8639775.512, 140
Trd, 8639775.779, 140
Trd, 8639775.912, 140
Trd, 8639776.312, 140
Trd, 8639776.579, 140
Trd, 8639777.346, 140
Trd, 8639777.679, 140
Trd, 8639778.146, 140
Trd, 8639778.346, 138
Trd, 8639778.912, 140
Trd, 8639779.212, 136
Trd, 8639779.779, 138
Trd, 8639780.412, 140
Trd, 8639781.112, 140
Trd, 8639781.246, 140
Trd, 8639781.346, 139
Trd, 8639781.712, 138
Trd, 8639783.812, 140
Trd, 8639783.946, 140
Trd, 8639784.879, 140
Trd, 8639785.179, 140
Trd, 8639785.412, 140
Trd, 8639786.046, 140
Trd, 8639786.246, 140
Trd, 8639786.612, 140
Trd, 8639786.979, 140
Trd, 8639787.246, 140
Trd, 8639787.346, 140
Trd, 8639787.879, 140
Trd, 8639788.712, 140
Trd, 8639788.846, 140
Trd, 8639789.412, 140
Trd, 8639789.479, 140
Trd, 8639789.979, 140
Trd, 8639790.279, 140
Trd, 8639790.312, 140
Trd, 8639790.579, 138
Trd, 8639790.679, 140
Trd, 8639791.446, 138
Trd, 8639792.146, 140
Trd, 8639792.346, 140
Trd, 8639792.979, 140
Trd, 8639793.046, 140
Trd, 8639793.212, 140
Trd, 8639793.912, 140
Trd, 8639794.046, 140
Trd, 8639794.412, 140
Trd, 8639794.746, 140
Trd, 8639794.812, 140
Trd, 8639795.012, 138
Trd, 8639795.746, 138
Trd, 8639795.912, 137
Trd, 8639796.846, 140
Trd, 8639797.379, 140
Trd, 8639797.846, 63
Trd, 8639798.046, 140
Trd, 8639799.646, 60
Trd, 8639800.346, 60
Trd, 8639800.446, 60
Trd, 8639800.779, 61
Trd, 8639801.012, 62
Trd, 8639801.079, 63
Trd, 8639801.312, 68
Trd, 8639801.912, 61
Trd, 8639802.012, 140
Trd, 8639802.946, 62
Trd, 8639803.146, 60
Trd, 8639803.979, 126
Trd, 8639804.912, 140
Trd, 8639805.012, 140
Trd, 8639805.446, 140
Trd, 8639805.746, 140
Trd, 8639805.846, 140
Trd, 8639807.112, 61
Trd, 8639807.179, 139
Trd, 8639807.979, 60
Trd, 8639808.112, 60
Trd, 8639808.412, 60
Trd, 8639808.946, 64
Trd, 8639809.212, 66
Trd, 8639809.346, 102
Trd, 8639809.579, 65
Trd, 8639809.612, 64
Trd, 8639809.846, 64
Trd, 8639809.912, 67
Trd, 8639810.446, 65
Trd, 8639810.879, 63
Trd, 8639811.112, 61
Trd, 8639811.512, 140
Trd, 8639811.812, 139
Trd, 8639812.946, 106
Trd, 8639813.679, 140
Trd, 8639814.679, 140
Trd, 8639814.812, 140
Trd, 8639814.946, 138
Trd, 8639814.979, 137
Trd, 8639815.612, 70
Trd, 8639816.312, 60
Trd, 8639816.479, 63
Trd, 8639816.546, 64
Trd, 8639816.812, 66
Trd, 8639817.279, 68
Trd, 8639817.512, 139
Trd, 8639817.946, 60
Trd, 8639819.379, 60
Trd, 8639820.012, 60
Trd, 8639820.546, 60
Trd, 8639820.979, 60
Trd, 8639821.179, 61
Trd, 8639821.846, 62
Trd, 8639821.946, 62
Trd, 8639822.346, 61
Trd, 8639822.846, 64
Trd, 8639823.646, 62
Trd, 8639823.712, 62
Trd, 8639825.279, 60
Trd, 8639826.012, 60
Trd, 8639826.046, 60
Trd, 8639826.212, 60
Trd, 8639826.612, 60
Trd, 8639826.679, 66
Trd, 8639827.112, 61
Trd, 8639827.312, 64
Trd, 8639827.412, 63
Trd, 8639827.479, 61
Trd, 8639828.279, 69
Trd, 8639828.812, 66
Trd, 8639828.912, 71
Trd, 8639828.979, 87
Trd, 8639829.712, 138
Trd, 8639829.912, 64
Trd, 8639830.479, 76
Trd, 8639830.646, 64
Trd, 8639831.012, 63
Trd, 8639831.612, 62
Trd, 8639832.046, 61
Trd, 8639832.479, 65
Trd, 8639833.212, 62
Trd, 8639833.412, 66
Trd, 8639833.879, 62
Trd, 8639834.446, 62
Trd, 8639835.512, 63
Trd, 8639835.812, 70
Trd, 8639835.879, 72
Trd, 8639836.346, 62
Trd, 8639837.079, 60
Trd, 8639837.746, 62
Trd, 8639837.879, 61
Trd, 8639838.946, 60
Trd, 8639839.646, 65
Trd, 8639840.412, 61
Trd, 8639840.512, 60
Trd, 8639840.546, 61
Trd, 8639841.646, 61
Trd, 8639841.679, 62
Trd, 8639841.779, 65
Trd, 8639841.979, 66
Trd, 8639842.679, 60
Trd, 8639842.879, 60
Trd, 8639843.146, 63
Trd, 8639843.812, 67
Trd, 8639843.946, 63
Trd, 8639844.046, 80
Trd, 8639844.946, 140
Trd, 8639845.779, 140
Trd, 8639846.379, 140
Trd, 8639846.579, 140
Trd, 8639847.279, 140
Trd, 8639847.812, 140
Trd, 8639848.379, 140
Trd, 8639848.746, 140
Trd, 8639849.112, 139
Trd, 8639849.379, 139
Trd, 8639849.546, 140
Trd, 8639850.212, 140
Trd, 8639850.312, 140
Trd, 8639850.779, 140
Trd, 8639851.046, 140
Trd, 8639851.312, 140
Trd, 8639853.446, 140
Trd, 8639853.546, 140
Trd, 8639853.612, 140
Trd, 8639853.679, 140
Trd, 8639853.879, 140
Trd, 8639853.979, 140
Trd, 8639854.479, 140
Trd, 8639854.679, 140
Trd, 8639855.612, 140
Trd, 8639856.279, 140
Trd, 8639856.712, 140
Trd, 8639857.146, 140
Trd, 8639857.479, 140
Trd, 8639857.712, 140
Trd, 8639857.846, 140
Trd, 8639858.279, 140
Trd, 8639858.712, 140
Trd, 8639858.912, 140
Trd, 8639858.946, 139
Trd, 8639859.979, 136
Trd, 8639860.479, 118
Trd, 8639861.112, 140
Trd, 8639861.912, 140
Trd, 8639862.146, 140
Trd, 8639862.246, 140
Trd, 8639862.379, 140
Trd, 8639862.679, 140
Trd, 8639864.212, 140
Trd, 8639864.312, 140
Trd, 8639865.012, 140
Trd, 8639865.979, 140
Trd, 8639866.079, 140
Trd, 8639866.379, 140
Trd, 8639866.979, 140
Trd, 8639867.412, 140
Trd, 8639867.446, 140
Trd, 8639867.512, 140
Trd, 8639867.779, 140
Trd, 8639867.946, 140
Trd, 8639868.279, 140
Trd, 8639868.846, 140
Trd, 8639869.046, 140
Trd, 8639869.279, 140
Trd, 8639870.346, 140
Trd, 8639871.112, 140
Trd, 8639871.646, 140
Trd, 8639871.846, 140
Trd, 8639872.779, 140
Trd, 8639873.512, 140
Trd, 8639873.846, 140
Trd, 8639874.112, 140
Trd, 8639874.279, 140
Trd, 8639874.346, 140
Trd, 8639874.712, 140
Trd, 8639875.446, 140
Trd, 8639875.579, 140
Trd, 8639876.146, 140
Trd, 8639876.512, 140
Trd, 8639877.212, 140
Trd, 8639877.812, 140
Trd, 8639878.012, 140
Trd, 8639878.079, 140
Trd, 8639878.246, 139
Trd, 8639878.612, 139
Trd, 8639879.212, 140
Trd, 8639879.379, 140
Trd, 8639879.679, 140
Trd, 8639879.779, 140
Trd, 8639880.746, 140
Trd, 8639880.879, 140
Trd, 8639881.546, 140
Trd, 8639881.712, 140
Trd, 8639881.746, 138
Trd, 8639882.246, 140
Trd, 8639882.512, 139
Trd, 8639883.479, 140
Trd, 8639884.079, 140
Trd, 8639884.546, 140
Trd, 8639884.779, 140
Trd, 8639886.279, 140
Trd, 8639886.812, 140
Trd, 8639886.846, 140
Trd, 8639887.512, 140
Trd, 8639887.912, 140
Trd, 8639887.946, 140
Trd, 8639888.112, 140
Trd, 8639888.146, 140
Trd, 8639888.212, 140
Trd, 8639888.646, 140
Trd, 8639888.812, 139
Trd, 8639889.646, 140
Trd, 8639890.679, 140
Trd, 8639891.146, 140
Trd, 8639892.312, 140
Trd, 8639892.812, 140
Trd, 8639893.046, 140
Trd, 8639893.146, 140
Trd, 8639893.779, 140
Trd, 8639894.146, 140
Trd, 8639894.746, 140
Trd, 8639894.879, 140
Trd, 8639895.079, 140
Trd, 8639895.179, 140
Trd, 8639895.246, 139
Trd, 8639895.412, 140
Trd, 8639895.479, 134
Trd, 8639895.846, 110
Trd, 8639897.246, 140
Trd, 8639897.312, 140
Trd, 8639897.412, 140
Trd, 8639898.579, 140
Trd, 8639898.646, 140
Trd, 8639899.346, 140
Trd, 8639899.446, 140
Trd, 8639899.779, 140
Trd, 8639900.246, 140
Trd, 8639901.346, 140
Trd, 8639901.812, 139
Trd, 8639902.012, 138
Trd, 8639902.712, 140
Trd, 8639902.846, 140
Trd, 8639903.246, 139
Trd, 8639903.446, 140
Trd, 8639903.646, 140
Trd, 8639903.946, 140
Trd, 8639904.046, 138
Trd, 8639905.146, 140
Trd, 8639905.379, 140
Trd, 8639905.412, 140
Trd, 8639905.712, 139
Trd, 8639907.179, 140
Trd, 8639907.312, 140
Trd, 8639907.546, 140
Trd, 8639908.412, 140
Trd, 8639908.679, 140
Trd, 8639909.279, 140
Trd, 8639909.612, 140
Trd, 8639910.246, 140
Trd, 8639910.312, 139
Trd, 8639910.512, 140
Trd, 8639910.812, 140
Trd, 8639912.112, 140
Trd, 8639912.646, 140
Trd, 8639912.679, 140
Trd, 8639913.112, 140
Trd, 8639913.146, 139
Trd, 8639913.579, 140
Trd, 8639914.012, 140
Trd, 8639914.679, 140
Trd, 8639914.846, 140
Trd, 8639915.579, 140
Trd, 8639915.612, 140
Trd, 8639915.879, 140
Trd, 8639916.046, 140
Trd, 8639916.079, 139
Trd, 8639916.612, 139
Trd, 8639917.246, 80
Trd, 8639917.712, 140
Trd, 8639917.846, 140
Trd, 8639918.079, 138
Trd, 8639918.179, 61
Trd, 8639918.879, 139
Trd, 8639919.579, 140
Trd, 8639919.679, 124
Trd, 8639919.946, 123
Trd, 8639920.979, 60
Trd, 8639921.079, 68
Trd, 8639921.312, 138
Trd, 8639921.746, 60
Trd, 8639921.846, 60
Trd, 8639922.712, 61
Trd, 8639922.979, 65
Trd, 8639923.079, 65
Trd, 8639924.046, 60
Trd, 8639924.146, 60
Trd, 8639925.046, 60
Trd, 8639925.312, 61
Trd, 8639925.712, 62
Trd, 8639926.279, 64
Trd, 8639926.379, 67
Trd, 8639926.512, 75
Trd, 8639926.579, 60
Trd, 8639926.646, 111
Trd, 8639928.312, 63
Trd, 8639928.579, 62
Trd, 8639928.779, 63
Trd, 8639929.079, 61
Trd, 8639929.146, 64
Trd, 8639929.346, 66
Trd, 8639930.046, 62
Trd, 8639930.179, 63
Trd, 8639930.646, 63
Trd, 8639930.679, 66
Trd, 8639930.746, 125
Trd, 8639931.179, 65
Trd, 8639931.246, 62
Trd, 8639931.579, 61
Trd, 8639932.579, 60
Trd, 8639933.079, 60
Trd, 8639933.279, 64
Trd, 8639934.212, 62
Trd, 8639935.546, 60
Trd, 8639935.579, 60
Trd, 8639936.146, 64
Trd, 8639936.846, 66
Trd, 8639936.879, 130
Trd, 8639938.012, 68
Trd, 8639938.079, 110
Trd, 8639939.512, 60
Trd, 8639939.779, 60
Trd, 8639939.846, 60
Trd, 8639939.979, 61
Trd, 8639940.046, 64
Trd, 8639940.079, 67
Trd, 8639940.212, 137
Trd, 8639940.912, 61
Trd, 8639940.946, 63
Trd, 8639941.479, 62
Trd, 8639942.046, 81
Trd, 8639942.212, 66
Trd, 8639942.346, 61
Trd, 8639943.112, 62
Trd, 8639943.212, 62
Trd, 8639944.412, 60
Trd, 8639945.812, 62
Trd, 8639945.912, 61
Trd, 8639946.746, 67
Trd, 8639947.646, 62
Trd, 8639948.546, 60
Trd, 8639948.612, 61
Trd, 8639949.012, 61
Trd, 8639949.479, 60
Trd, 8639949.546, 62
Trd, 8639950.079, 61
Trd, 8639950.346, 60
Trd, 8639950.612, 61
Trd, 8639951.212, 61
Trd, 8639951.746, 61
Trd, 8639952.279, 62
Trd, 8639952.512, 62
Trd, 8639952.546, 62
Trd, 8639952.646, 64
Trd, 8639952.912, 64
Trd, 8639952.979, 62
Trd, 8639954.479, 61
Trd, 8639954.746, 140
Trd, 8639954.912, 138
Trd, 8639955.646, 140
Trd, 8639956.246, 140
Trd, 8639956.646, 139
Trd, 8639956.812, 140
Trd, 8639957.646, 140
Trd, 8639957.779, 140
Trd, 8639958.179, 140
Trd, 8639958.246, 140
Trd, 8639958.746, 140
Trd, 8639959.212, 140
Trd, 8639959.446, 67
Trd, 8639959.846, 60
Trd, 8639959.979, 66
Trd, 8639960.146, 68
Trd, 8639960.912, 62
Trd, 8639962.246, 80
Trd, 8639962.446, 82
Trd, 8639962.879, 61
Trd, 8639963.112, 62
Trd, 8639963.412, 62
Trd, 8639963.646, 62
Trd, 8639963.846, 62
Trd, 8639964.079, 61
Trd, 8639964.579, 71
Trd, 8639964.812, 111
Trd, 8639965.246, 64
Trd, 8639965.646, 140
Trd, 8639965.746, 139
Trd, 8639966.812, 140
Trd, 8639967.312, 140
Trd, 8639967.746, 140
Trd, 8639968.046, 140
Trd, 8639968.812, 140
Trd, 8639968.879, 140
Trd, 8639969.646, 140
Trd, 8639970.212, 140
Trd, 8639970.779, 140
Trd, 8639970.979, 140
Trd, 8639971.046, 140
Trd, 8639971.179, 140
Trd, 8639971.579, 140
Trd, 8639971.712, 139
Trd, 8639971.779, 138
Trd, 8639972.212, 140
Trd, 8639972.512, 138
Trd, 8639973.412, 140
Trd, 8639973.579, 140
Trd, 8639974.246, 140
Trd, 8639975.246, 140
Trd, 8639975.646, 140
Trd, 8639976.046, 140
Trd, 8639976.879, 140
Trd, 8639977.012, 140
Trd, 8639977.612, 140
Trd, 8639977.746, 140
Trd, 8639978.346, 140
Trd, 8639979.012, 140
Trd, 8639979.446, 140
Trd, 8639980.679, 140
Trd, 8639981.112, 140
Trd, 8639981.746, 140
Trd, 8639982.246, 140
Trd, 8639982.479, 140
Trd, 8639983.112, 140
Trd, 8639983.212, 140
Trd, 8639983.279, 140
Trd, 8639983.512, 140
Trd, 8639983.912, 139
Trd, 8639984.446, 140
Trd, 8639984.746, 140
Trd, 8639985.946, 140
Trd, 8639986.512, 140
Trd, 8639986.812, 140
Trd, 8639986.879, 140
Trd, 8639987.046, 140
Trd, 8639987.212, 140
Trd, 8639987.379, 140
Trd, 8639988.112, 140
Trd, 8639988.346, 140
Trd, 8639988.512, 140
Trd, 8639989.912, 140
Trd, 8639990.512, 140
Trd, 8639991.246, 140
Trd, 8639991.546, 140
Trd, 8639991.712, 140
Trd, 8639991.912, 140
Trd, 8639992.112, 140
Trd, 8639993.012, 140
Trd, 8639993.079, 140
Trd, 8639993.479, 139
Trd, 8639993.646, 140
Trd, 8639994.379, 140
Trd, 8639994.512, 138
Trd, 8639994.579, 137
Trd, 8639995.479, 140
Trd, 8639996.079, 140
Trd, 8639996.679, 140
Trd, 8639996.879, 140
Trd, 8639996.946, 140
Trd, 8639996.979, 136
Trd, 8639997.379, 140
Trd, 8639997.512, 138
Trd, 8639998.012, 125
