Trd, 8638782.446, 138
Trd, 8638782.946, 136
Trd, 8638783.379, 139
Trd, 8638783.679, 140
Trd, 8638784.112, 138
Trd, 8638784.379, 137
Trd, 8638785.379, 140
Trd, 8638785.512, 140
Trd, 8638786.079, 140
Trd, 8638786.312, 137
Trd, 8638786.579, 137
Trd, 8638786.846, 83
Trd, 8638787.179, 64
Trd, 8638787.479, 66
Trd, 8638788.112, 116
Trd, 8638788.212, 121
Trd, 8638788.746, 140
Trd, 8638789.146, 140
Trd, 8638789.779, 140
Trd, 8638790.346, 140
Trd, 8638791.179, 140
Trd, 8638791.279, 140
Trd, 8638791.412, 136
Trd, 8638792.212, 132
Trd, 8638793.112, 140
Trd, 8638793.579, 140
Trd, 8638793.679, 140
Trd, 8638794.012, 140
Trd, 8638794.412, 140
Trd, 8638794.679, 86
Trd, 8638795.012, 62
Trd, 8638795.312, 64
Trd, 8638796.212, 140
Trd, 8638796.779, 140
Trd, 8638796.879, 139
Trd, 8638797.946, 140
Trd, 8638798.479, 140
Trd, 8638798.679, 139
Trd, 8638799.379, 140
Trd, 8638799.679, 140
Trd, 8638799.912, 139
Trd, 8638800.579, 140
Trd, 8638801.546, 140
Trd, 8638801.679, 140
Trd, 8638802.279, 140
Trd, 8638803.846, 140
Trd, 8638804.046, 140
Trd, 8638804.312, 140
Trd, 8638804.746, 140
Trd, 8638805.679, 140
Trd, 8638805.879, 139
Trd, 8638806.012, 140
Trd, 8638806.146, 139
Trd, 8638806.379, 140
Trd, 8638806.579, 139
Trd, 8638806.746, 137
Trd, 8638807.679, 140
Trd, 8638807.879, 140
Trd, 8638808.312, 140
Trd, 8638808.479, 135
Trd, 8638809.312, 139
Trd, 8638809.879, 140
Trd, 8638810.246, 140
Trd, 8638810.346, 140
Trd, 8638810.646, 140
Trd, 8638810.812, 138
Trd, 8638811.046, 137
Trd, 8638811.746, 140
Trd, 8638812.812, 140
Trd, 8638812.979, 140
Trd, 8638813.779, 140
Trd, 8638814.279, 140
Trd, 8638814.646, 140
Trd, 8638816.279, 140
Trd, 8638816.346, 140
Trd, 8638816.712, 140
Trd, 8638816.879, 140
Trd, 8638816.979, 140
Trd, 8638817.512, 140
Trd, 8638818.046, 140
Trd, 8638819.146, 140
Trd, 8638819.246, 139
Trd, 8638819.346, 140
Trd, 8638819.512, 138
Trd, 8638820.346, 139
Trd, 8638821.179, 140
Trd, 8638821.212, 139
Trd, 8638821.946, 139
Trd, 8638822.112, 108
Trd, 8638822.279, 140
Trd, 8638822.446, 140
Trd, 8638822.979, 95
Trd, 8638823.379, 138
Trd, 8638823.479, 137
Trd, 8638824.679, 139
Trd, 8638824.812, 138
Trd, 8638824.946, 136
Trd, 8638824.979, 101
Trd, 8638825.546, 123
Trd, 8638826.412, 140
Trd, 8638826.779, 140
Trd, 8638826.946, 139
Trd, 8638827.212, 140
Trd, 8638828.012, 70
Trd, 8638828.779, 63
Trd, 8638828.879, 66
Trd, 8638829.179, 62
Trd, 8638829.579, 140
Trd, 8638829.679, 140
Trd, 8638831.112, 140
Trd, 8638831.412, 140
Trd, 8638832.012, 140
Trd, 8638832.046, 140
Trd, 8638832.546, 138
Trd, 8638832.612, 138
Trd, 8638833.712, 140
Trd, 8638833.812, 140
Trd, 8638834.512, 140
Trd, 8638834.946, 139
Trd, 8638835.212, 139
Trd, 8638835.379, 140
Trd, 8638836.146, 140
Trd, 8638837.079, 140
Trd, 8638837.912, 140
Trd, 8638838.046, 140
Trd, 8638838.279, 140
Trd, 8638839.146, 127
Trd, 8638839.212, 124
Trd, 8638839.879, 106
Trd, 8638839.912, 103
Trd, 8638840.312, 140
Trd, 8638840.646, 140
Trd, 8638841.279, 140
Trd, 8638841.479, 140
Trd, 8638842.479, 140
Trd, 8638842.779, 140
Trd, 8638842.812, 140
Trd, 8638843.112, 140
Trd, 8638843.146, 88
Trd, 8638843.679, 78
Trd, 8638844.046, 60
Trd, 8638844.979, 61
Trd, 8638845.546, 61
Trd, 8638845.612, 62
Trd, 8638846.646, 61
Trd, 8638846.712, 64
Trd, 8638846.812, 72
Trd, 8638847.079, 60
Trd, 8638847.479, 64
Trd, 8638847.512, 85
Trd, 8638848.712, 60
Trd, 8638849.146, 62
Trd, 8638849.246, 63
Trd, 8638850.079, 64
Trd, 8638850.212, 63
Trd, 8638850.712, 120
Trd, 8638850.979, 121
Trd, 8638851.512, 129
Trd, 8638851.912, 140
Trd, 8638852.079, 70
Trd, 8638852.479, 60
Trd, 8638853.179, 64
Trd, 8638853.779, 60
Trd, 8638854.146, 63
Trd, 8638855.612, 60
Trd, 8638855.746, 61
Trd, 8638855.779, 62
Trd, 8638855.946, 63
Trd, 8638856.046, 65
Trd, 8638856.346, 67
Trd, 8638856.712, 61
Trd, 8638857.512, 63
Trd, 8638858.446, 60
Trd, 8638859.579, 60
Trd, 8638859.646, 61
Trd, 8638859.912, 60
Trd, 8638859.979, 63
Trd, 8638860.579, 62
Trd, 8638860.712, 62
Trd, 8638860.746, 65
Trd, 8638860.846, 61
Trd, 8638861.112, 140
Trd, 8638862.579, 140
Trd, 8638862.646, 140
Trd, 8638862.979, 140
Trd, 8638863.479, 139
Trd, 8638863.546, 138
Trd, 8638864.112, 140
Trd, 8638864.312, 140
Trd, 8638864.612, 140
Trd, 8638865.346, 139
Trd, 8638866.446, 140
Trd, 8638867.646, 140
Trd, 8638867.679, 140
Trd, 8638868.012, 140
Trd, 8638868.079, 140
Trd, 8638868.379, 140
Trd, 8638868.946, 140
Trd, 8638869.279, 140
Trd, 8638869.346, 140
Trd, 8638870.312, 140
Trd, 8638871.079, 140
Trd, 8638871.212, 139
Trd, 8638871.446, 139
Trd, 8638872.279, 139
Trd, 8638872.646, 138
Trd, 8638873.112, 140
Trd, 8638873.412, 140
Trd, 8638874.512, 140
Trd, 8638874.846, 128
Trd, 8638875.412, 140
Trd, 8638875.979, 140
Trd, 8638876.279, 140
Trd, 8638876.479, 140
Trd, 8638876.712, 140
Trd, 8638877.079, 140
Trd, 8638877.212, 140
Trd, 8638877.646, 140
Trd, 8638877.746, 133
Trd, 8638879.412, 140
Trd, 8638880.846, 140
Trd, 8638881.246, 140
Trd, 8638882.012, 140
Trd, 8638882.546, 140
Trd, 8638882.646, 140
Trd, 8638883.146, 140
Trd, 8638883.212, 140
Trd, 8638883.279, 138
Trd, 8638883.346, 135
Trd, 8638883.779, 139
Trd, 8638883.812, 133
Trd, 8638883.846, 109
Trd, 8638884.779, 60
Trd, 8638884.879, 61
Trd, 8638885.346, 140
Trd, 8638885.846, 139
Trd, 8638886.246, 134
Trd, 8638886.479, 115
Trd, 8638887.446, 94
Trd, 8638887.546, 140
Trd, 8638887.779, 107
Trd, 8638889.912, 140
Trd, 8638890.412, 140
Trd, 8638890.912, 140
Trd, 8638891.146, 140
Trd, 8638891.179, 140
Trd, 8638891.246, 138
Trd, 8638892.146, 140
Trd, 8638892.779, 140
Trd, 8638893.079, 140
Trd, 8638893.379, 140
Trd, 8638893.979, 140
Trd, 8638894.979, 140
Trd, 8638895.112, 139
Trd, 8638895.179, 138
Trd, 8638895.779, 138
Trd, 8638896.379, 140
Trd, 8638896.879, 140
Trd, 8638896.979, 139
Trd, 8638897.279, 129
Trd, 8638897.746, 139
Trd, 8638898.146, 123
Trd, 8638898.246, 111
Trd, 8638898.346, 109
Trd, 8638898.912, 140
Trd, 8638899.546, 140
Trd, 8638900.012, 140
Trd, 8638902.246, 138
Trd, 8638902.446, 132
Trd, 8638902.679, 130
Trd, 8638902.979, 117
Trd, 8638903.446, 63
Trd, 8638903.879, 64
Trd, 8638904.079, 64
Trd, 8638904.612, 60
Trd, 8638904.746, 60
Trd, 8638904.879, 60
Trd, 8638905.212, 60
Trd, 8638905.479, 61
Trd, 8638905.879, 63
Trd, 8638905.979, 60
Trd, 8638906.346, 65
Trd, 8638907.146, 64
Trd, 8638907.779, 61
Trd, 8638908.846, 60
Trd, 8638909.446, 60
Trd, 8638909.679, 60
Trd, 8638909.846, 60
Trd, 8638910.446, 60
Trd, 8638910.679, 60
Trd, 8638910.746, 60
Trd, 8638910.846, 61
Trd, 8638911.746, 63
Trd, 8638912.112, 66
Trd, 8638912.712, 66
Trd, 8638913.779, 140
Trd, 8638914.346, 140
Trd, 8638914.879, 140
Trd, 8638914.912, 140
Trd, 8638915.246, 140
Trd, 8638915.346, 126
Trd, 8638915.379, 117
Trd, 8638916.179, 140
Trd, 8638916.379, 139
Trd, 8638916.746, 64
Trd, 8638917.712, 139
Trd, 8638918.246, 140
Trd, 8638918.279, 139
Trd, 8638918.312, 136
Trd, 8638918.479, 140
Trd, 8638919.179, 139
Trd, 8638919.579, 137
Trd, 8638919.612, 137
Trd, 8638919.779, 135
Trd, 8638920.112, 140
Trd, 8638920.979, 61
Trd, 8638921.146, 62
Trd, 8638921.412, 140
Trd, 8638921.579, 60
Trd, 8638923.646, 140
Trd, 8638924.012, 140
Trd, 8638924.179, 140
Trd, 8638924.546, 140
Trd, 8638924.912, 140
Trd, 8638924.979, 140
Trd, 8638925.279, 68
Trd, 8638926.246, 139
Trd, 8638926.346, 140
Trd, 8638926.879, 139
Trd, 8638927.879, 140
Trd, 8638927.946, 140
Trd, 8638928.012, 122
Trd, 8638928.112, 73
Trd, 8638928.546, 70
Trd, 8638929.079, 140
Trd, 8638929.879, 140
Trd, 8638929.946, 140
Trd, 8638930.412, 140
Trd, 8638931.279, 140
Trd, 8638931.746, 140
Trd, 8638932.012, 140
Trd, 8638932.512, 140
Trd, 8638933.612, 140
Trd, 8638933.846, 140
Trd, 8638934.646, 139
Trd, 8638934.912, 139
Trd, 8638935.512, 140
Trd, 8638935.879, 140
Trd, 8638935.946, 140
Trd, 8638936.179, 140
Trd, 8638936.246, 139
Trd, 8638936.812, 140
Trd, 8638936.846, 138
Trd, 8638936.912, 137
Trd, 8638937.212, 126
Trd, 8638938.212, 140
Trd, 8638939.179, 140
Trd, 8638939.746, 140
Trd, 8638939.979, 140
Trd, 8638940.412, 140
Trd, 8638941.379, 140
Trd, 8638941.612, 138
Trd, 8638941.779, 140
Trd, 8638941.879, 136
Trd, 8638943.046, 132
Trd, 8638943.546, 140
Trd, 8638944.612, 140
Trd, 8638945.012, 140
Trd, 8638945.146, 140
Trd, 8638945.612, 140
Trd, 8638945.879, 140
Trd, 8638946.646, 140
Trd, 8638946.879, 140
Trd, 8638947.246, 140
Trd, 8638948.179, 138
Trd, 8638948.312, 139
Trd, 8638949.379, 140
Trd, 8638949.646, 138
Trd, 8638949.979, 137
Trd, 8638950.212, 137
Trd, 8638950.512, 136
Trd, 8638950.812, 139
Trd, 8638951.146, 132
Trd, 8638952.046, 140
Trd, 8638952.179, 140
Trd, 8638952.312, 139
Trd, 8638952.746, 139
Trd, 8638952.812, 138
Trd, 8638952.846, 134
Trd, 8638953.412, 60
Trd, 8638954.546, 60
Trd, 8638955.412, 60
Trd, 8638956.179, 64
Trd, 8638956.246, 66
Trd, 8638957.646, 62
Trd, 8638958.112, 61
Trd, 8638958.212, 62
Trd, 8638959.012, 60
Trd, 8638959.746, 60
Trd, 8638959.979, 60
Trd, 8638960.412, 61
Trd, 8638961.112, 60
Trd, 8638961.312, 62
Trd, 8638961.679, 60
Trd, 8638961.846, 62
Trd, 8638962.546, 61
Trd, 8638963.846, 60
Trd, 8638963.912, 61
Trd, 8638964.379, 62
Trd, 8638964.979, 62
Trd, 8638965.146, 62
Trd, 8638965.246, 62
Trd, 8638965.512, 63
Trd, 8638965.879, 67
Trd, 8638966.012, 66
Trd, 8638966.346, 65
Trd, 8638966.479, 66
Trd, 8638967.046, 60
Trd, 8638968.246, 64
Trd, 8638968.612, 61
Trd, 8638968.946, 62
Trd, 8638969.446, 63
Trd, 8638969.512, 65
Trd, 8638969.579, 66
Trd, 8638969.679, 107
Trd, 8638969.879, 63
Trd, 8638970.079, 62
Trd, 8638971.146, 86
Trd, 8638971.746, 138
Trd, 8638971.979, 110
Trd, 8638972.146, 104
Trd, 8638972.246, 104
Trd, 8638972.512, 123
Trd, 8638972.646, 122
Trd, 8638972.946, 139
Trd, 8638973.912, 63
Trd, 8638974.046, 62
Trd, 8638974.312, 139
Trd, 8638974.746, 63
Trd, 8638975.012, 63
Trd, 8638976.279, 62
Trd, 8638976.679, 80
Trd, 8638977.012, 64
Trd, 8638978.012, 140
Trd, 8638978.279, 140
Trd, 8638978.646, 140
Trd, 8638979.046, 140
Trd, 8638979.512, 140
Trd, 8638979.879, 140
Trd, 8638980.146, 140
Trd, 8638981.012, 139
Trd, 8638981.246, 139
Trd, 8638981.412, 140
Trd, 8638981.946, 138
Trd, 8638982.412, 136
Trd, 8638982.746, 61
Trd, 8638983.479, 60
Trd, 8638983.912, 60
Trd, 8638983.946, 63
Trd, 8638985.179, 63
Trd, 8638985.379, 64
Trd, 8638985.846, 103
Trd, 8638986.279, 62
Trd, 8638986.879, 60
Trd, 8638987.179, 60
Trd, 8638987.546, 60
Trd, 8638987.846, 61
Trd, 8638988.146, 62
Trd, 8638988.946, 60
Trd, 8638989.246, 61
Trd, 8638989.479, 60
Trd, 8638989.546, 68
Trd, 8638989.946, 64
Trd, 8638990.212, 60
Trd, 8638990.479, 138
Trd, 8638991.079, 60
Trd, 8638991.412, 60
Trd, 8638992.912, 140
Trd, 8638993.046, 140
Trd, 8638993.546, 135
Trd, 8638993.812, 139
Trd, 8638993.979, 139
Trd, 8638994.212, 133
Trd, 8638994.879, 140
Trd, 8638994.946, 114
Trd, 8638995.046, 139
Trd, 8638995.946, 140
Trd, 8638996.212, 140
Trd, 8638996.446, 116
Trd, 8638996.779, 138
Trd, 8638997.479, 123
Trd, 8638997.979, 134
Trd, 8638998.712, 139
Trd, 8638998.979, 140
Trd, 8638999.179, 110
Trd, 8639000.079, 60
Trd, 8639000.379, 65
Trd, 8639001.246, 63
Trd, 8639001.712, 64
Trd, 8639001.946, 78
Trd, 8639002.579, 140
Trd, 8639003.046, 92
Trd, 8639004.246, 63
Trd, 8639004.379, 70
Trd, 8639004.879, 60
Trd, 8639005.312, 63
Trd, 8639005.412, 65
Trd, 8639005.879, 71
Trd, 8639007.646, 60
Trd, 8639008.246, 60
Trd, 8639008.279, 63
Trd, 8639008.346, 103
Trd, 8639008.779, 61
Trd, 8639009.179, 61
Trd, 8639009.246, 60
Trd, 8639010.212, 60
Trd, 8639010.512, 62
Trd, 8639011.579, 60
Trd, 8639012.912, 60
Trd, 8639013.346, 60
Trd, 8639013.446, 60
Trd, 8639013.512, 61
Trd, 8639013.612, 62
Trd, 8639014.079, 63
Trd, 8639014.946, 62
Trd, 8639015.246, 64
Trd, 8639015.312, 63
Trd, 8639015.446, 62
Trd, 8639015.646, 63
Trd, 8639016.179, 64
Trd, 8639016.246, 71
Trd, 8639016.712, 133
Trd, 8639017.146, 65
Trd, 8639017.246, 61
Trd, 8639017.412, 66
Trd, 8639019.679, 60
Trd, 8639020.112, 61
Trd, 8639020.179, 62
Trd, 8639020.746, 60
Trd, 8639020.912, 63
Trd, 8639022.279, 60
Trd, 8639022.812, 60
Trd, 8639023.179, 60
Trd, 8639023.612, 60
Trd, 8639023.679, 60
Trd, 8639024.146, 61
Trd, 8639024.346, 63
Trd, 8639024.546, 65
Trd, 8639025.212, 63
Trd, 8639025.746, 66
Trd, 8639026.012, 65
Trd, 8639026.079, 64
Trd, 8639026.279, 66
Trd, 8639026.446, 65
Trd, 8639027.179, 140
Trd, 8639027.712, 140
Trd, 8639028.246, 139
Trd, 8639028.579, 124
Trd, 8639028.912, 138
Trd, 8639029.346, 60
Trd, 8639029.446, 60
Trd, 8639030.679, 60
Trd, 8639031.412, 60
Trd, 8639031.679, 61
Trd, 8639031.946, 60
Trd, 8639032.179, 66
Trd, 8639032.279, 74
Trd, 8639032.579, 75
Trd, 8639033.112, 140
Trd, 8639033.279, 140
Trd, 8639033.512, 140
Trd, 8639034.079, 140
Trd, 8639034.146, 140
Trd, 8639034.946, 63
Trd, 8639035.379, 139
Trd, 8639036.646, 140
Trd, 8639037.112, 140
Trd, 8639037.246, 140
Trd, 8639037.279, 139
Trd, 8639037.346, 138
Trd, 8639038.546, 140
Trd, 8639038.679, 140
Trd, 8639038.746, 128
Trd, 8639038.912, 135
Trd, 8639039.579, 123
Trd, 8639040.046, 125
Trd, 8639040.312, 140
Trd, 8639041.012, 140
Trd, 8639041.112, 140
Trd, 8639041.646, 138
Trd, 8639042.012, 136
Trd, 8639043.779, 140
Trd, 8639043.846, 140
Trd, 8639044.046, 140
Trd, 8639045.212, 140
Trd, 8639045.979, 140
Trd, 8639047.179, 140
Trd, 8639047.246, 140
Trd, 8639047.512, 140
Trd, 8639047.546, 140
Trd, 8639047.679, 140
Trd, 8639047.746, 139
Trd, 8639047.912, 137
Trd, 8639048.312, 140
Trd, 8639048.412, 114
Trd, 8639048.812, 140
Trd, 8639048.846, 140
Trd, 8639049.146, 132
Trd, 8639050.046, 63
Trd, 8639050.412, 64
Trd, 8639051.079, 60
Trd, 8639051.179, 61
Trd, 8639051.846, 60
Trd, 8639052.446, 64
Trd, 8639052.846, 63
Trd, 8639052.912, 68
Trd, 8639053.479, 69
Trd, 8639053.512, 70
Trd, 8639054.446, 63
Trd, 8639054.579, 67
Trd, 8639054.846, 63
Trd, 8639055.546, 61
Trd, 8639055.812, 60
Trd, 8639056.279, 60
Trd, 8639056.746, 110
Trd, 8639056.946, 60
Trd, 8639057.079, 64
Trd, 8639057.279, 60
Trd, 8639057.446, 62
Trd, 8639057.946, 140
Trd, 8639057.979, 140
Trd, 8639059.412, 66
Trd, 8639059.646, 65
Trd, 8639060.446, 61
Trd, 8639060.846, 61
Trd, 8639061.012, 60
Trd, 8639061.479, 138
Trd, 8639061.579, 139
Trd, 8639062.179, 104
Trd, 8639062.579, 69
Trd, 8639063.446, 60
Trd, 8639063.479, 65
Trd, 8639063.912, 61
Trd, 8639064.946, 61
Trd, 8639065.046, 64
Trd, 8639065.379, 66
Trd, 8639066.046, 61
Trd, 8639066.346, 61
Trd, 8639066.712, 62
Trd, 8639066.779, 62
Trd, 8639066.979, 61
Trd, 8639067.212, 60
Trd, 8639067.246, 67
Trd, 8639068.346, 140
Trd, 8639068.412, 129
Trd, 8639068.679, 139
Trd, 8639070.746, 138
Trd, 8639071.346, 140
Trd, 8639071.512, 140
Trd, 8639071.746, 140
Trd, 8639072.046, 140
Trd, 8639072.112, 140
Trd, 8639072.279, 140
Trd, 8639072.546, 131
Trd, 8639073.046, 139
Trd, 8639073.212, 112
Trd, 8639073.879, 132
Trd, 8639074.412, 140
Trd, 8639074.612, 74
Trd, 8639075.612, 65
Trd, 8639076.079, 60
Trd, 8639076.279, 61
Trd, 8639076.746, 61
Trd, 8639076.946, 65
Trd, 8639077.346, 61
Trd, 8639078.179, 62
Trd, 8639078.412, 64
Trd, 8639078.679, 64
Trd, 8639079.579, 61
Trd, 8639079.612, 65
Trd, 8639079.979, 60
Trd, 8639080.346, 84
Trd, 8639080.446, 111
Trd, 8639081.512, 67
Trd, 8639082.112, 60
Trd, 8639082.346, 61
Trd, 8639082.646, 61
Trd, 8639082.746, 62
Trd, 8639082.779, 62
Trd, 8639083.146, 61
Trd, 8639083.912, 140
Trd, 8639084.379, 79
Trd, 8639084.512, 78
Trd, 8639084.912, 61
Trd, 8639085.246, 62
Trd, 8639086.346, 61
Trd, 8639086.379, 65
Trd, 8639086.912, 61
Trd, 8639087.246, 60
Trd, 8639089.079, 60
Trd, 8639089.179, 60
Trd, 8639089.746, 60
Trd, 8639090.079, 60
Trd, 8639090.346, 61
Trd, 8639090.546, 61
Trd, 8639090.646, 61
Trd, 8639090.679, 62
Trd, 8639091.046, 107
Trd, 8639091.279, 61
Trd, 8639091.479, 138
Trd, 8639093.079, 140
Trd, 8639093.279, 140
Trd, 8639093.546, 140
Trd, 8639093.612, 140
Trd, 8639094.446, 139
Trd, 8639094.779, 134
Trd, 8639095.046, 140
Trd, 8639095.579, 140
Trd, 8639095.679, 140
Trd, 8639095.712, 139
Trd, 8639096.379, 137
Trd, 8639096.412, 136
Trd, 8639096.979, 128
Trd, 8639098.212, 140
Trd, 8639099.112, 140
Trd, 8639099.746, 140
Trd, 8639100.112, 140
Trd, 8639100.179, 140
Trd, 8639100.346, 139
Trd, 8639100.579, 139
Trd, 8639101.512, 140
Trd, 8639101.979, 140
Trd, 8639102.446, 140
Trd, 8639102.546, 140
Trd, 8639102.712, 135
Trd, 8639103.279, 128
Trd, 8639103.946, 140
Trd, 8639105.346, 140
Trd, 8639105.579, 140
Trd, 8639106.479, 140
Trd, 8639106.579, 139
Trd, 8639106.646, 138
Trd, 8639106.946, 138
Trd, 8639107.146, 137
Trd, 8639107.379, 140
Trd, 8639108.012, 138
Trd, 8639108.312, 140
Trd, 8639108.546, 138
Trd, 8639109.279, 60
Trd, 8639110.012, 135
Trd, 8639111.012, 136
Trd, 8639111.412, 140
Trd, 8639111.846, 138
Trd, 8639112.012, 116
Trd, 8639112.512, 139
Trd, 8639112.746, 139
Trd, 8639113.012, 140
Trd, 8639113.379, 138
Trd, 8639113.646, 139
Trd, 8639114.512, 137
Trd, 8639114.979, 138
Trd, 8639116.012, 140
Trd, 8639116.579, 140
Trd, 8639116.779, 140
Trd, 8639117.612, 140
Trd, 8639117.712, 140
Trd, 8639118.212, 138
Trd, 8639118.246, 123
Trd, 8639118.712, 139
Trd, 8639118.846, 138
Trd, 8639119.879, 60
Trd, 8639120.246, 60
Trd, 8639120.312, 61
Trd, 8639120.346, 61
Trd, 8639120.779, 61
Trd, 8639121.679, 60
Trd, 8639122.079, 60
Trd, 8639123.479, 60
Trd, 8639123.546, 61
Trd, 8639123.979, 62
Trd, 8639124.479, 61
Trd, 8639125.679, 60
Trd, 8639125.912, 60
Trd, 8639127.212, 60
Trd, 8639127.379, 61
Trd, 8639128.012, 62
Trd, 8639129.046, 60
Trd, 8639129.246, 62
Trd, 8639129.346, 61
Trd, 8639129.846, 61
Trd, 8639130.179, 62
Trd, 8639130.879, 60
Trd, 8639131.012, 60
Trd, 8639132.279, 60
Trd, 8639132.479, 61
Trd, 8639132.846, 61
Trd, 8639133.079, 66
Trd, 8639133.212, 61
Trd, 8639133.246, 60
Trd, 8639133.412, 70
Trd, 8639134.179, 63
Trd, 8639134.646, 64
Trd, 8639134.946, 64
Trd, 8639136.212, 60
Trd, 8639136.246, 65
Trd, 8639137.512, 60
Trd, 8639138.179, 65
Trd, 8639138.512, 61
Trd, 8639139.679, 60
Trd, 8639140.712, 62
Trd, 8639140.746, 63
Trd, 8639141.246, 60
Trd, 8639142.079, 61
Trd, 8639142.212, 61
Trd, 8639142.379, 62
Trd, 8639142.412, 63
Trd, 8639142.646, 62
Trd, 8639142.912, 60
Trd, 8639143.179, 61
Trd, 8639143.246, 61
Trd, 8639144.312, 62
Trd, 8639144.379, 63
Trd, 8639144.879, 64
Trd, 8639145.079, 63
Trd, 8639145.279, 74
Trd, 8639145.512, 75
Trd, 8639146.179, 65
Trd, 8639146.712, 135
Trd, 8639147.546, 139
Trd, 8639147.579, 138
Trd, 8639147.846, 134
Trd, 8639149.479, 140
Trd, 8639149.746, 140
Trd, 8639150.046, 140
Trd, 8639150.246, 140
Trd, 8639150.479, 140
Trd, 8639150.879, 139
Trd, 8639150.979, 139
Trd, 8639151.546, 131
Trd, 8639152.212, 121
Trd, 8639152.246, 120
Trd, 8639152.946, 127
Trd, 8639153.846, 140
Trd, 8639154.012, 139
Trd, 8639154.979, 136
Trd, 8639155.179, 137
Trd, 8639155.479, 140
Trd, 8639155.912, 129
Trd, 8639156.812, 139
Trd, 8639157.112, 140
Trd, 8639157.212, 139
Trd, 8639157.279, 137
Trd, 8639157.512, 135
Trd, 8639158.379, 140
Trd, 8639158.779, 140
Trd, 8639159.012, 140
Trd, 8639159.146, 140
Trd, 8639159.246, 140
Trd, 8639160.379, 140
Trd, 8639160.979, 140
Trd, 8639161.146, 114
Trd, 8639161.346, 114
Trd, 8639161.579, 113
Trd, 8639162.412, 126
Trd, 8639162.879, 106
Trd, 8639163.479, 140
Trd, 8639163.779, 140
Trd, 8639164.546, 140
Trd, 8639165.879, 140
Trd, 8639166.212, 140
Trd, 8639166.412, 140
Trd, 8639166.612, 140
Trd, 8639166.646, 139
Trd, 8639166.979, 139
Trd, 8639167.212, 140
Trd, 8639167.912, 140
Trd, 8639168.446, 140
Trd, 8639168.512, 140
Trd, 8639168.912, 139
Trd, 8639169.379, 140
Trd, 8639170.112, 140
Trd, 8639170.812, 140
Trd, 8639171.412, 140
Trd, 8639171.512, 140
Trd, 8639171.846, 140
Trd, 8639172.479, 140
Trd, 8639173.646, 140
Trd, 8639173.879, 140
Trd, 8639174.546, 140
Trd, 8639174.579, 140
Trd, 8639175.346, 140
Trd, 8639175.912, 140
Trd, 8639176.846, 140
Trd, 8639177.879, 140
Trd, 8639178.079, 140
Trd, 8639178.646, 140
Trd, 8639178.712, 140
Trd, 8639178.779, 140
Trd, 8639178.812, 140
Trd, 8639178.846, 138
Trd, 8639179.346, 136
Trd, 8639180.112, 128
Trd, 8639180.379, 138
Trd, 8639180.479, 140
Trd, 8639181.046, 127
Trd, 8639181.112, 127
Trd, 8639181.879, 139
Trd, 8639182.979, 140
Trd, 8639183.746, 140
Trd, 8639184.812, 140
Trd, 8639185.079, 140
Trd, 8639185.446, 140
Trd, 8639185.579, 140
Trd, 8639186.412, 140
Trd, 8639186.512, 140
Trd, 8639186.846, 140
Trd, 8639187.646, 140
Trd, 8639187.812, 140
Trd, 8639188.379, 140
Trd, 8639189.446, 140
Trd, 8639190.046, 140
Trd, 8639190.112, 140
Trd, 8639190.412, 140
Trd, 8639191.412, 140
Trd, 8639192.079, 140
Trd, 8639192.346, 140
Trd, 8639192.879, 140
Trd, 8639193.512, 140
Trd, 8639193.979, 140
Trd, 8639194.246, 140
Trd, 8639194.479, 140
Trd, 8639195.312, 140
Trd, 8639196.212, 140
Trd, 8639197.046, 140
Trd, 8639198.146, 140
Trd, 8639198.246, 140
Trd, 8639198.579, 140
Trd, 8639198.846, 140
Trd, 8639199.046, 140
Trd, 8639199.379, 140
Trd, 8639199.412, 139
Trd, 8639200.512, 140
Trd, 8639200.846, 140
Trd, 8639202.046, 140
Trd, 8639202.112, 140
Trd, 8639202.879, 140
Trd, 8639203.312, 140
Trd, 8639203.612, 140
Trd, 8639203.746, 140
Trd, 8639203.779, 139
Trd, 8639204.546, 139
Trd, 8639204.579, 139
Trd, 8639204.646, 139
Trd, 8639205.279, 140
Trd, 8639205.546, 140
Trd, 8639205.746, 140
Trd, 8639206.379, 102
Trd, 8639206.646, 101
Trd, 8639207.346, 140
Trd, 8639207.379, 139
Trd, 8639207.879, 140
Trd, 8639208.146, 139
Trd, 8639208.746, 127
Trd, 8639209.879, 140
Trd, 8639209.979, 118
Trd, 8639210.046, 80
Trd, 8639211.212, 140
Trd, 8639211.746, 140
Trd, 8639211.946, 140
Trd, 8639212.212, 138
Trd, 8639213.479, 138
Trd, 8639213.612, 135
Trd, 8639213.912, 137
Trd, 8639214.212, 130
Trd, 8639214.246, 128
Trd, 8639214.479, 133
Trd, 8639215.546, 140
Trd, 8639215.812, 140
Trd, 8639216.779, 138
Trd, 8639217.479, 140
Trd, 8639217.579, 138
Trd, 8639217.979, 140
Trd, 8639218.346, 140
Trd, 8639218.446, 124
Trd, 8639218.879, 137
Trd, 8639219.046, 111
Trd, 8639219.312, 91
Trd, 8639219.412, 62
Trd, 8639220.246, 140
Trd, 8639220.579, 129
Trd, 8639221.146, 129
Trd, 8639221.446, 114
Trd, 8639221.812, 103
Trd, 8639221.946, 70
Trd, 8639222.912, 60
Trd, 8639223.079, 60
Trd, 8639223.179, 60
Trd, 8639223.646, 61
Trd, 8639224.279, 61
Trd, 8639224.612, 63
Trd, 8639225.379, 60
Trd, 8639225.446, 61
Trd, 8639225.612, 62
Trd, 8639225.812, 60
Trd, 8639226.079, 64
Trd, 8639227.012, 60
Trd, 8639227.212, 74
Trd, 8639227.846, 120
Trd, 8639227.946, 120
Trd, 8639228.346, 119
Trd, 8639229.212, 129
Trd, 8639229.379, 129
Trd, 8639230.079, 140
Trd, 8639230.112, 140
Trd, 8639230.212, 127
Trd, 8639231.379, 60
Trd, 8639231.479, 60
Trd, 8639231.579, 63
Trd, 8639232.812, 60
Trd, 8639233.946, 60
Trd, 8639234.212, 60
Trd, 8639234.312, 60
Trd, 8639234.546, 61
Trd, 8639234.579, 63
Trd, 8639235.312, 62
Trd, 8639236.546, 61
Trd, 8639236.779, 60
Trd, 8639236.912, 65
Trd, 8639237.146, 68
Trd, 8639237.646, 62
Trd, 8639237.946, 64
Trd, 8639238.412, 60
Trd, 8639238.646, 74
Trd, 8639238.812, 74
Trd, 8639239.079, 66
Trd, 8639239.612, 75
Trd, 8639239.846, 73
Trd, 8639240.312, 62
Trd, 8639240.546, 63
Trd, 8639240.846, 64
Trd, 8639241.446, 66
Trd, 8639241.946, 67
Trd, 8639242.046, 66
Trd, 8639242.379, 65
Trd, 8639242.612, 60
Trd, 8639242.946, 80
Trd, 8639242.979, 81
Trd, 8639243.312, 82
Trd, 8639244.112, 139
Trd, 8639244.546, 60
Trd, 8639244.879, 61
Trd, 8639245.179, 61
Trd, 8639247.646, 60
Trd, 8639247.712, 60
Trd, 8639247.746, 60
Trd, 8639248.412, 60
Trd, 8639248.579, 60
Trd, 8639249.346, 60
Trd, 8639249.379, 61
Trd, 8639249.779, 66
Trd, 8639250.846, 62
Trd, 8639250.946, 62
Trd, 8639251.146, 60
Trd, 8639251.812, 63
Trd, 8639251.912, 63
Trd, 8639251.946, 69
Trd, 8639252.112, 75
Trd, 8639253.546, 140
Trd, 8639253.912, 140
Trd, 8639253.979, 140
Trd, 8639254.612, 140
Trd, 8639254.779, 140
Trd, 8639255.079, 140
Trd, 8639255.146, 140
Trd, 8639256.046, 140
Trd, 8639256.212, 140
Trd, 8639256.246, 140
Trd, 8639256.479, 137
Trd, 8639257.212, 140
Trd, 8639257.346, 140
Trd, 8639257.812, 139
Trd, 8639257.979, 128
Trd, 8639258.246, 140
Trd, 8639258.412, 61
Trd, 8639258.812, 60
Trd, 8639259.712, 140
Trd, 8639259.946, 138
Trd, 8639260.246, 60
Trd, 8639261.079, 61
Trd, 8639261.546, 68
Trd, 8639262.012, 64
Trd, 8639262.046, 67
Trd, 8639262.879, 60
Trd, 8639263.212, 60
Trd, 8639263.346, 63
Trd, 8639263.979, 140
Trd, 8639264.446, 140
Trd, 8639265.312, 61
Trd, 8639265.879, 63
Trd, 8639266.546, 66
Trd, 8639266.979, 68
Trd, 8639267.279, 140
Trd, 8639268.246, 140
Trd, 8639268.479, 140
Trd, 8639268.612, 140
Trd, 8639268.779, 140
Trd, 8639269.146, 139
Trd, 8639269.346, 135
Trd, 8639269.679, 134
Trd, 8639270.312, 131
Trd, 8639270.346, 83
Trd, 8639271.212, 140
Trd, 8639271.646, 140
Trd, 8639271.879, 136
Trd, 8639271.912, 135
Trd, 8639272.379, 107
Trd, 8639273.279, 72
Trd, 8639273.479, 96
Trd, 8639273.679, 62
Trd, 8639274.546, 61
Trd, 8639274.779, 71
Trd, 8639275.312, 70
Trd, 8639275.546, 70
Trd, 8639276.146, 60
Trd, 8639276.212, 60
Trd, 8639277.246, 61
Trd, 8639277.279, 61
Trd, 8639277.612, 63
Trd, 8639278.546, 60
Trd, 8639278.946, 63
Trd, 8639279.046, 64
Trd, 8639279.146, 139
Trd, 8639279.479, 64
Trd, 8639279.612, 88
Trd, 8639280.046, 99
Trd, 8639280.212, 104
Trd, 8639280.379, 70
Trd, 8639280.579, 60
Trd, 8639280.912, 65
Trd, 8639281.046, 60
Trd, 8639281.746, 140
Trd, 8639282.679, 140
Trd, 8639282.912, 140
Trd, 8639282.946, 136
Trd, 8639283.179, 60
Trd, 8639283.579, 133
Trd, 8639283.979, 127
Trd, 8639285.046, 140
Trd, 8639285.346, 140
Trd, 8639285.546, 139
Trd, 8639286.246, 140
Trd, 8639287.179, 140
Trd, 8639287.212, 140
Trd, 8639287.446, 140
Trd, 8639287.846, 138
Trd, 8639287.879, 109
Trd, 8639288.679, 60
Trd, 8639289.446, 60
Trd, 8639289.812, 63
Trd, 8639289.846, 64
Trd, 8639290.146, 65
Trd, 8639290.546, 60
Trd, 8639290.812, 77
Trd, 8639290.846, 78
Trd, 8639291.912, 64
Trd, 8639292.046, 61
Trd, 8639292.412, 131
Trd, 8639293.579, 140
Trd, 8639293.612, 140
Trd, 8639293.979, 140
Trd, 8639294.112, 140
Trd, 8639295.512, 140
Trd, 8639295.746, 140
Trd, 8639295.812, 127
Trd, 8639297.312, 140
Trd, 8639297.346, 140
Trd, 8639297.446, 139
Trd, 8639297.779, 140
Trd, 8639297.946, 135
Trd, 8639299.079, 140
Trd, 8639299.246, 140
Trd, 8639299.312, 140
Trd, 8639299.346, 140
Trd, 8639299.679, 86
Trd, 8639299.979, 68
Trd, 8639301.079, 140
Trd, 8639301.846, 137
Trd, 8639301.979, 136
Trd, 8639302.679, 140
Trd, 8639302.812, 140
Trd, 8639303.146, 139
Trd, 8639303.246, 91
Trd, 8639304.946, 140
Trd, 8639305.046, 140
Trd, 8639305.379, 140
Trd, 8639305.646, 140
Trd, 8639305.879, 140
Trd, 8639306.479, 140
Trd, 8639306.679, 136
Trd, 8639307.646, 140
Trd, 8639307.712, 139
Trd, 8639308.112, 139
Trd, 8639308.612, 138
Trd, 8639309.446, 140
Trd, 8639309.579, 138
Trd, 8639310.179, 140
Trd, 8639310.379, 139
Trd, 8639310.412, 139
Trd, 8639310.446, 137
Trd, 8639311.512, 140
Trd, 8639311.646, 140
Trd, 8639311.879, 139
Trd, 8639312.512, 140
Trd, 8639313.179, 140
Trd, 8639313.246, 140
Trd, 8639314.846, 140
Trd, 8639314.946, 139
Trd, 8639315.546, 140
Trd, 8639315.746, 140
Trd, 8639316.046, 140
Trd, 8639316.246, 139
Trd, 8639316.812, 136
Trd, 8639317.079, 139
Trd, 8639317.312, 114
Trd, 8639317.812, 81
Trd, 8639318.879, 138
Trd, 8639319.246, 126
Trd, 8639319.312, 125
Trd, 8639319.846, 139
Trd, 8639320.179, 116
Trd, 8639320.646, 140
Trd, 8639321.512, 140
Trd, 8639322.312, 140
Trd, 8639322.546, 140
Trd, 8639323.012, 140
Trd, 8639323.979, 140
Trd, 8639324.012, 140
Trd, 8639324.046, 140
Trd, 8639324.912, 140
Trd, 8639325.146, 140
Trd, 8639326.379, 140
Trd, 8639326.479, 139
Trd, 8639327.646, 140
Trd, 8639327.679, 140
Trd, 8639327.979, 139
Trd, 8639328.546, 139
Trd, 8639328.912, 139
Trd, 8639329.812, 140
Trd, 8639329.912, 140
Trd, 8639330.012, 138
Trd, 8639330.346, 133
Trd, 8639330.446, 132
Trd, 8639330.879, 140
Trd, 8639331.446, 140
Trd, 8639331.546, 138
Trd, 8639332.412, 60
Trd, 8639332.812, 138
Trd, 8639333.612, 94
Trd, 8639333.646, 93
Trd, 8639333.812, 82
Trd, 8639333.979, 140
Trd, 8639334.012, 139
Trd, 8639334.912, 139
Trd, 8639335.646, 131
Trd, 8639337.246, 140
Trd, 8639337.712, 140
Trd, 8639337.746, 140
Trd, 8639337.846, 140
Trd, 8639338.012, 135
Trd, 8639338.779, 140
Trd, 8639339.546, 140
Trd, 8639340.179, 140
Trd, 8639340.912, 140
Trd, 8639341.079, 139
Trd, 8639341.346, 139
Trd, 8639341.846, 139
Trd, 8639341.979, 139
Trd, 8639342.779, 139
Trd, 8639343.979, 133
Trd, 8639344.046, 131
Trd, 8639344.512, 130
Trd, 8639345.379, 136
Trd, 8639345.512, 128
Trd, 8639345.812, 139
Trd, 8639345.879, 138
Trd, 8639346.012, 134
Trd, 8639346.746, 140
Trd, 8639347.679, 140
Trd, 8639347.746, 140
Trd, 8639348.212, 140
Trd, 8639348.312, 140
Trd, 8639349.212, 140
Trd, 8639349.546, 140
Trd, 8639349.612, 139
Trd, 8639350.146, 135
Trd, 8639350.512, 140
Trd, 8639351.046, 114
Trd, 8639351.079, 101
Trd, 8639351.446, 67
Trd, 8639351.679, 77
Trd, 8639352.179, 140
Trd, 8639352.812, 140
Trd, 8639352.946, 140
Trd, 8639353.279, 140
Trd, 8639353.912, 140
Trd, 8639354.012, 140
Trd, 8639354.279, 140
Trd, 8639354.379, 140
Trd, 8639355.179, 115
Trd, 8639356.612, 140
Trd, 8639356.946, 138
Trd, 8639357.246, 140
Trd, 8639357.946, 140
Trd, 8639358.479, 139
Trd, 8639359.112, 137
Trd, 8639359.312, 135
Trd, 8639360.246, 140
Trd, 8639360.346, 140
Trd, 8639360.479, 133
Trd, 8639361.812, 137
Trd, 8639362.046, 134
Trd, 8639362.879, 130
Trd, 8639362.912, 95
Trd, 8639363.446, 60
Trd, 8639363.579, 60
Trd, 8639363.646, 60
Trd, 8639364.112, 60
Trd, 8639364.346, 61
Trd, 8639364.479, 62
Trd, 8639364.512, 63
Trd, 8639365.979, 131
Trd, 8639366.312, 140
Trd, 8639366.479, 118
Trd, 8639366.746, 126
Trd, 8639368.212, 62
Trd, 8639368.446, 64
Trd, 8639369.046, 62
Trd, 8639369.346, 61
Trd, 8639369.479, 62
Trd, 8639370.446, 60
Trd, 8639370.812, 61
Trd, 8639370.912, 63
Trd, 8639371.846, 60
Trd, 8639371.912, 60
Trd, 8639372.646, 61
Trd, 8639373.079, 60
Trd, 8639374.679, 61
Trd, 8639374.879, 61
Trd, 8639375.612, 60
Trd, 8639376.246, 60
Trd, 8639376.446, 61
Trd, 8639376.479, 64
Trd, 8639376.679, 61
Trd, 8639376.712, 61
Trd, 8639377.012, 61
Trd, 8639378.546, 60
Trd, 8639378.846, 60
Trd, 8639378.946, 62
Trd, 8639379.712, 63
Trd, 8639380.046, 70
Trd, 8639380.246, 70
Trd, 8639380.779, 60
Trd, 8639381.046, 60
Trd, 8639381.179, 60
Trd, 8639381.612, 60
Trd, 8639382.246, 62
Trd, 8639382.546, 62
Trd, 8639382.646, 63
Trd, 8639382.779, 66
Trd, 8639383.546, 65
Trd, 8639383.879, 66
Trd, 8639384.146, 67
Trd, 8639384.312, 66
Trd, 8639384.646, 68
Trd, 8639384.946, 66
Trd, 8639385.579, 65
Trd, 8639385.712, 140
Trd, 8639386.046, 122
Trd, 8639386.246, 139
Trd, 8639386.846, 118
Trd, 8639386.912, 99
Trd, 8639387.379, 63
Trd, 8639387.946, 61
Trd, 8639388.979, 61
Trd, 8639389.512, 60
Trd, 8639389.779, 60
Trd, 8639390.212, 61
Trd, 8639390.279, 66
Trd, 8639390.579, 67
Trd, 8639391.146, 69
Trd, 8639391.246, 63
Trd, 8639392.446, 65
Trd, 8639392.712, 66
Trd, 8639392.979, 130
Trd, 8639393.012, 129
Trd, 8639393.346, 69
Trd, 8639393.779, 112
Trd, 8639394.179, 83
Trd, 8639394.879, 140
Trd, 8639395.046, 140
Trd, 8639395.212, 83
Trd, 8639395.712, 140
Trd, 8639396.079, 139
Trd, 8639396.112, 125
Trd, 8639398.612, 140
Trd, 8639399.346, 140
Trd, 8639399.479, 139
Trd, 8639399.546, 140
Trd, 8639399.612, 121
Trd, 8639399.846, 126
Trd, 8639399.879, 112
Trd, 8639400.346, 135
Trd, 8639400.379, 136
Trd, 8639400.712, 140
Trd, 8639400.946, 115
Trd, 8639401.746, 140
Trd, 8639402.046, 140
Trd, 8639402.579, 136
Trd, 8639402.712, 89
Trd, 8639403.379, 136
Trd, 8639405.179, 140
Trd, 8639405.246, 140
Trd, 8639405.279, 140
Trd, 8639405.479, 137
Trd, 8639405.712, 135
Trd, 8639406.146, 110
Trd, 8639406.379, 90
Trd, 8639407.079, 60
Trd, 8639407.212, 61
Trd, 8639407.546, 140
Trd, 8639409.412, 140
Trd, 8639409.612, 140
Trd, 8639409.712, 140
Trd, 8639410.079, 140
Trd, 8639410.112, 140
Trd, 8639410.212, 140
Trd, 8639411.379, 140
Trd, 8639411.679, 140
Trd, 8639411.746, 138
Trd, 8639411.879, 133
Trd, 8639412.112, 140
Trd, 8639413.146, 140
Trd, 8639413.746, 140
Trd, 8639414.012, 140
Trd, 8639414.279, 132
Trd, 8639414.746, 132
Trd, 8639416.179, 140
Trd, 8639416.479, 139
Trd, 8639416.512, 139
Trd, 8639416.912, 139
Trd, 8639417.046, 139
Trd, 8639417.079, 139
Trd, 8639417.512, 140
Trd, 8639417.679, 140
Trd, 8639418.146, 138
Trd, 8639418.379, 139
Trd, 8639418.779, 138
Trd, 8639419.612, 139
Trd, 8639420.746, 61
Trd, 8639420.879, 66
Trd, 8639420.912, 67
Trd, 8639420.946, 61
Trd, 8639421.079, 62
Trd, 8639421.479, 112
Trd, 8639422.312, 140
Trd, 8639422.346, 139
Trd, 8639422.579, 139
Trd, 8639422.779, 128
Trd, 8639423.279, 123
Trd, 8639423.779, 140
Trd, 8639423.912, 110
Trd, 8639424.146, 63
Trd, 8639424.712, 60
Trd, 8639425.512, 60
Trd, 8639425.612, 61
Trd, 8639426.012, 67
Trd, 8639426.746, 67
Trd, 8639426.979, 68
Trd, 8639427.146, 140
Trd, 8639427.379, 66
Trd, 8639427.646, 121
Trd, 8639427.912, 66
Trd, 8639428.112, 65
Trd, 8639428.646, 140
Trd, 8639429.212, 139
Trd, 8639430.012, 116
Trd, 8639430.779, 117
Trd, 8639431.246, 136
Trd, 8639431.812, 140
Trd, 8639432.679, 138
Trd, 8639433.446, 140
Trd, 8639433.779, 139
Trd, 8639433.846, 138
Trd, 8639435.212, 140
Trd, 8639435.346, 140
Trd, 8639435.979, 140
Trd, 8639436.379, 140
Trd, 8639436.579, 140
Trd, 8639436.812, 140
Trd, 8639437.179, 139
Trd, 8639437.279, 140
Trd, 8639438.246, 139
Trd, 8639438.779, 140
Trd, 8639439.112, 139
Trd, 8639439.379, 135
Trd, 8639440.379, 140
Trd, 8639440.612, 140
Trd, 8639440.879, 140
Trd, 8639441.412, 140
Trd, 8639441.846, 140
Trd, 8639442.146, 140
Trd, 8639442.612, 139
Trd, 8639443.146, 134
Trd, 8639443.646, 60
Trd, 8639444.079, 126
Trd, 8639444.646, 60
Trd, 8639445.146, 62
Trd, 8639445.346, 61
Trd, 8639446.412, 61
Trd, 8639446.712, 62
Trd, 8639447.112, 60
Trd, 8639447.346, 61
Trd, 8639447.512, 61
Trd, 8639447.979, 63
Trd, 8639448.212, 63
Trd, 8639448.579, 62
Trd, 8639448.612, 71
Trd, 8639448.712, 61
Trd, 8639449.946, 137
Trd, 8639450.379, 140
Trd, 8639450.712, 140
Trd, 8639451.279, 138
Trd, 8639451.446, 139
Trd, 8639451.479, 105
Trd, 8639452.046, 104
Trd, 8639452.146, 103
Trd, 8639452.179, 97
Trd, 8639453.212, 139
Trd, 8639453.979, 139
Trd, 8639454.246, 133
Trd, 8639454.312, 124
Trd, 8639455.879, 66
Trd, 8639455.912, 67
Trd, 8639456.212, 68
Trd, 8639456.412, 63
Trd, 8639456.579, 71
Trd, 8639457.379, 60
Trd, 8639457.512, 60
Trd, 8639457.712, 66
Trd, 8639458.612, 62
Trd, 8639459.212, 64
Trd, 8639459.679, 62
Trd, 8639460.246, 60
Trd, 8639461.012, 61
Trd, 8639461.812, 60
Trd, 8639461.912, 61
Trd, 8639462.546, 62
Trd, 8639462.879, 61
Trd, 8639463.179, 60
Trd, 8639463.312, 61
Trd, 8639463.946, 60
Trd, 8639464.079, 62
Trd, 8639464.279, 60
Trd, 8639464.312, 63
Trd, 8639464.679, 65
Trd, 8639464.979, 66
Trd, 8639465.446, 61
Trd, 8639465.646, 60
Trd, 8639465.679, 67
Trd, 8639465.779, 135
Trd, 8639466.712, 64
Trd, 8639467.312, 65
Trd, 8639467.579, 66
Trd, 8639469.046, 62
Trd, 8639469.479, 60
Trd, 8639470.012, 64
Trd, 8639470.279, 62
Trd, 8639470.346, 63
Trd, 8639470.446, 64
Trd, 8639470.779, 61
Trd, 8639470.946, 66
Trd, 8639471.546, 92
Trd, 8639471.612, 62
Trd, 8639472.479, 140
Trd, 8639473.879, 140
Trd, 8639474.312, 140
Trd, 8639474.412, 140
Trd, 8639474.479, 140
Trd, 8639476.212, 140
Trd, 8639476.246, 140
Trd, 8639476.912, 140
Trd, 8639477.079, 140
Trd, 8639477.146, 140
Trd, 8639477.179, 140
Trd, 8639478.046, 140
Trd, 8639478.146, 140
Trd, 8639478.646, 139
Trd, 8639479.079, 140
Trd, 8639479.912, 140
Trd, 8639480.579, 140
Trd, 8639480.646, 140
Trd, 8639480.912, 140
Trd, 8639481.012, 136
Trd, 8639481.212, 119
Trd, 8639481.446, 60
Trd, 8639482.112, 140
Trd, 8639482.179, 139
Trd, 8639482.446, 138
Trd, 8639483.712, 140
Trd, 8639484.046, 140
Trd, 8639484.379, 140
Trd, 8639484.646, 140
Trd, 8639485.046, 139
Trd, 8639485.912, 124
Trd, 8639486.012, 123
Trd, 8639486.746, 140
Trd, 8639487.079, 140
Trd, 8639487.712, 140
Trd, 8639487.946, 140
Trd, 8639488.512, 140
Trd, 8639488.779, 140
Trd, 8639489.479, 139
Trd, 8639489.746, 133
Trd, 8639490.146, 140
Trd, 8639490.212, 134
Trd, 8639490.279, 130
Trd, 8639490.312, 111
Trd, 8639490.679, 140
Trd, 8639491.546, 60
Trd, 8639491.679, 61
Trd, 8639491.779, 62
Trd, 8639492.546, 61
Trd, 8639492.679, 61
Trd, 8639493.012, 64
Trd, 8639494.246, 62
Trd, 8639494.746, 63
Trd, 8639495.046, 65
Trd, 8639495.512, 60
Trd, 8639497.146, 60
Trd, 8639497.179, 60
Trd, 8639497.246, 63
Trd, 8639498.012, 60
Trd, 8639498.179, 60
Trd, 8639498.246, 60
Trd, 8639500.312, 60
Trd, 8639500.412, 60
Trd, 8639500.579, 62
Trd, 8639500.646, 65
Trd, 8639501.146, 67
Trd, 8639501.312, 64
Trd, 8639501.346, 63
Trd, 8639501.379, 67
Trd, 8639501.812, 63
Trd, 8639502.646, 62
Trd, 8639502.879, 66
Trd, 8639503.446, 60
Trd, 8639503.812, 62
Trd, 8639504.179, 60
Trd, 8639504.479, 103
Trd, 8639504.646, 102
Trd, 8639505.246, 136
Trd, 8639505.412, 133
Trd, 8639506.146, 140
Trd, 8639506.646, 140
Trd, 8639507.079, 140
Trd, 8639508.079, 140
Trd, 8639508.246, 140
Trd, 8639508.512, 139
Trd, 8639508.779, 138
Trd, 8639509.412, 132
Trd, 8639509.912, 139
Trd, 8639511.479, 133
Trd, 8639511.779, 133
Trd, 8639511.912, 132
Trd, 8639513.079, 140
Trd, 8639513.112, 140
Trd, 8639513.279, 140
Trd, 8639513.412, 139
Trd, 8639513.679, 135
Trd, 8639514.612, 125
Trd, 8639515.146, 139
Trd, 8639515.346, 139
Trd, 8639515.446, 139
Trd, 8639515.646, 111
Trd, 8639515.979, 130
Trd, 8639516.779, 109
Trd, 8639517.246, 138
Trd, 8639517.546, 138
Trd, 8639517.579, 80
Trd, 8639518.546, 60
Trd, 8639518.679, 62
Trd, 8639519.346, 140
Trd, 8639520.012, 131
Trd, 8639520.479, 137
Trd, 8639521.012, 138
Trd, 8639521.312, 137
Trd, 8639521.579, 136
Trd, 8639522.046, 139
Trd, 8639522.479, 139
Trd, 8639523.379, 140
Trd, 8639524.046, 140
Trd, 8639524.279, 140
Trd, 8639524.579, 140
Trd, 8639524.646, 140
Trd, 8639524.679, 138
Trd, 8639525.146, 139
Trd, 8639525.846, 112
Trd, 8639527.112, 140
Trd, 8639527.312, 140
Trd, 8639527.512, 140
Trd, 8639527.612, 140
Trd, 8639528.046, 140
Trd, 8639528.712, 140
Trd, 8639528.779, 140
Trd, 8639529.179, 140
Trd, 8639530.112, 140
Trd, 8639530.179, 140
Trd, 8639530.446, 140
Trd, 8639531.079, 138
Trd, 8639531.546, 140
Trd, 8639531.746, 139
Trd, 8639532.346, 140
Trd, 8639532.846, 140
Trd, 8639532.912, 140
Trd, 8639533.212, 140
Trd, 8639534.446, 140
Trd, 8639534.746, 140
Trd, 8639535.079, 140
Trd, 8639535.212, 140
Trd, 8639535.946, 140
Trd, 8639536.179, 137
Trd, 8639537.246, 140
Trd, 8639537.346, 140
Trd, 8639537.412, 140
Trd, 8639537.812, 140
Trd, 8639537.946, 140
Trd, 8639539.246, 135
Trd, 8639540.079, 136
Trd, 8639540.312, 136
Trd, 8639540.646, 135
Trd, 8639540.879, 140
Trd, 8639541.346, 139
Trd, 8639541.579, 138
Trd, 8639542.246, 137
Trd, 8639542.479, 137
Trd, 8639543.012, 111
Trd, 8639543.179, 138
Trd, 8639543.446, 64
Trd, 8639543.579, 65
Trd, 8639543.946, 138
Trd, 8639544.479, 135
Trd, 8639545.646, 139
Trd, 8639545.879, 140
Trd, 8639545.912, 136
Trd, 8639546.712, 140
Trd, 8639547.112, 139
Trd, 8639547.346, 139
Trd, 8639547.546, 138
Trd, 8639548.046, 139
Trd, 8639548.712, 136
Trd, 8639548.746, 120
Trd, 8639549.012, 139
Trd, 8639549.779, 139
Trd, 8639550.012, 62
Trd, 8639550.246, 140
Trd, 8639550.846, 140
Trd, 8639550.879, 139
Trd, 8639551.812, 139
Trd, 8639551.846, 139
Trd, 8639552.612, 140
Trd, 8639552.779, 140
Trd, 8639553.446, 140
Trd, 8639554.246, 140
Trd, 8639554.412, 140
Trd, 8639555.046, 140
Trd, 8639555.646, 140
Trd, 8639556.846, 140
Trd, 8639556.912, 140
Trd, 8639557.179, 138
Trd, 8639557.312, 137
Trd, 8639557.546, 135
Trd, 8639557.612, 132
Trd, 8639559.112, 140
Trd, 8639559.179, 110
Trd, 8639559.279, 108
Trd, 8639559.546, 86
Trd, 8639559.612, 66
Trd, 8639560.146, 139
Trd, 8639561.312, 140
Trd, 8639561.412, 140
Trd, 8639562.212, 140
Trd, 8639562.312, 140
Trd, 8639562.812, 139
Trd, 8639563.346, 136
Trd, 8639563.446, 135
Trd, 8639564.079, 96
Trd, 8639564.812, 140
Trd, 8639565.279, 140
Trd, 8639565.579, 140
Trd, 8639566.412, 140
Trd, 8639566.479, 140
Trd, 8639566.979, 140
Trd, 8639567.079, 140
Trd, 8639567.946, 140
Trd, 8639568.212, 139
Trd, 8639568.479, 127
Trd, 8639568.712, 126
Trd, 8639569.212, 127
Trd, 8639570.346, 140
Trd, 8639570.779, 140
Trd, 8639571.512, 140
Trd, 8639572.112, 140
Trd, 8639572.179, 140
Trd, 8639572.712, 140
Trd, 8639573.379, 140
Trd, 8639573.479, 140
Trd, 8639573.879, 140
Trd, 8639574.212, 140
Trd, 8639574.346, 140
Trd, 8639575.112, 140
Trd, 8639575.612, 140
Trd, 8639575.779, 140
Trd, 8639575.879, 136
Trd, 8639576.746, 140
Trd, 8639577.146, 140
Trd, 8639577.312, 139
Trd, 8639577.546, 139
Trd, 8639579.179, 140
Trd, 8639579.212, 139
Trd, 8639580.046, 140
Trd, 8639580.246, 140
Trd, 8639580.779, 140
Trd, 8639581.779, 138
Trd, 8639582.012, 109
Trd, 8639583.012, 140
Trd, 8639583.079, 140
Trd, 8639583.212, 137
Trd, 8639583.279, 116
Trd, 8639583.546, 129
Trd, 8639584.779, 140
Trd, 8639585.079, 140
Trd, 8639585.279, 140
Trd, 8639585.879, 140
Trd, 8639585.979, 140
Trd, 8639586.279, 138
Trd, 8639586.346, 68
Trd, 8639587.579, 139
Trd, 8639587.712, 60
Trd, 8639588.479, 140
Trd, 8639588.679, 140
Trd, 8639589.479, 140
Trd, 8639589.979, 140
Trd, 8639591.479, 140
Trd, 8639591.679, 127
Trd, 8639591.812, 111
Trd, 8639592.712, 140
Trd, 8639593.179, 140
Trd, 8639593.879, 140
Trd, 8639594.012, 140
Trd, 8639594.079, 140
Trd, 8639594.479, 135
Trd, 8639594.679, 90
Trd, 8639594.912, 140
Trd, 8639595.179, 136
Trd, 8639595.579, 138
Trd, 8639596.246, 140
Trd, 8639597.112, 140
Trd, 8639597.212, 140
Trd, 8639597.479, 131
Trd, 8639598.346, 139
Trd, 8639598.846, 140
Trd, 8639598.912, 140
Trd, 8639599.312, 139
Trd, 8639599.412, 110
Trd, 8639599.679, 60
Trd, 8639600.179, 138
Trd, 8639601.012, 140
Trd, 8639601.079, 140
Trd, 8639602.079, 139
Trd, 8639602.279, 138
Trd, 8639603.446, 87
Trd, 8639603.512, 85
Trd, 8639603.712, 140
Trd, 8639603.812, 140
Trd, 8639604.612, 139
Trd, 8639604.912, 139
Trd, 8639605.479, 137
Trd, 8639606.379, 140
Trd, 8639606.479, 140
Trd, 8639606.546, 140
Trd, 8639606.712, 140
Trd, 8639606.979, 139
Trd, 8639607.746, 109
Trd, 8639608.679, 140
Trd, 8639609.912, 140
Trd, 8639610.346, 140
Trd, 8639611.346, 140
Trd, 8639611.679, 140
Trd, 8639612.012, 140
Trd, 8639612.279, 140
Trd, 8639612.612, 140
Trd, 8639612.912, 140
Trd, 8639613.712, 140
Trd, 8639613.979, 140
Trd, 8639614.746, 140
Trd, 8639615.179, 140
Trd, 8639616.146, 140
Trd, 8639616.212, 140
Trd, 8639616.479, 136
Trd, 8639617.979, 139
Trd, 8639618.179, 140
Trd, 8639618.779, 140
Trd, 8639619.046, 138
Trd, 8639619.446, 138
Trd, 8639619.512, 137
Trd, 8639619.679, 106
Trd, 8639619.912, 134
Trd, 8639620.279, 63
Trd, 8639621.446, 60
Trd, 8639621.579, 61
Trd, 8639621.612, 64
Trd, 8639621.746, 139
Trd, 8639622.079, 73
Trd, 8639622.546, 139
Trd, 8639622.779, 135
Trd, 8639623.346, 134
Trd, 8639623.379, 125
Trd, 8639624.012, 87
Trd, 8639624.212, 82
Trd, 8639625.512, 60
Trd, 8639625.712, 61
Trd, 8639626.179, 67
Trd, 8639626.379, 64
Trd, 8639626.912, 139
Trd, 8639626.979, 61
Trd, 8639627.979, 61
Trd, 8639628.412, 62
Trd, 8639628.612, 64
Trd, 8639628.979, 62
Trd, 8639629.012, 65
Trd, 8639629.079, 66
Trd, 8639629.479, 62
Trd, 8639630.879, 140
Trd, 8639631.112, 140
Trd, 8639632.212, 140
Trd, 8639632.579, 140
Trd, 8639632.646, 140
Trd, 8639632.879, 140
Trd, 8639633.646, 140
Trd, 8639633.712, 140
Trd, 8639634.779, 140
Trd, 8639635.379, 140
Trd, 8639635.446, 140
Trd, 8639635.612, 140
Trd, 8639635.812, 140
Trd, 8639636.079, 139
Trd, 8639636.279, 139
Trd, 8639636.846, 137
Trd, 8639637.312, 134
Trd, 8639637.412, 140
Trd, 8639637.546, 132
Trd, 8639638.479, 93
Trd, 8639638.879, 94
Trd, 8639639.746, 140
Trd, 8639640.112, 140
Trd, 8639640.146, 134
Trd, 8639640.646, 60
Trd, 8639640.712, 61
Trd, 8639640.912, 62
Trd, 8639641.946, 139
Trd, 8639642.079, 135
Trd, 8639642.246, 94
Trd, 8639642.579, 139
Trd, 8639643.346, 140
Trd, 8639643.612, 140
Trd, 8639644.279, 140
Trd, 8639644.512, 140
Trd, 8639645.979, 140
Trd, 8639646.179, 140
Trd, 8639646.612, 140
Trd, 8639647.046, 140
Trd, 8639647.812, 140
Trd, 8639647.879, 140
Trd, 8639647.912, 139
Trd, 8639648.679, 140
Trd, 8639649.079, 136
Trd, 8639649.479, 136
Trd, 8639649.646, 135
Trd, 8639649.879, 127
Trd, 8639651.012, 140
Trd, 8639651.379, 140
Trd, 8639651.512, 132
Trd, 8639652.112, 140
Trd, 8639652.712, 140
Trd, 8639653.446, 140
Trd, 8639653.712, 140
Trd, 8639653.846, 140
Trd, 8639653.979, 139
Trd, 8639654.279, 138
Trd, 8639654.379, 135
Trd, 8639655.146, 140
Trd, 8639655.712, 140
Trd, 8639655.912, 140
Trd, 8639656.046, 140
Trd, 8639656.512, 139
Trd, 8639656.579, 139
Trd, 8639656.779, 138
Trd, 8639657.912, 139
Trd, 8639658.579, 132
Trd, 8639659.246, 140
Trd, 8639659.346, 140
Trd, 8639659.579, 140
Trd, 8639659.679, 140
Trd, 8639660.612, 140
Trd, 8639660.646, 130
Trd, 8639660.879, 91
Trd, 8639661.512, 60
Trd, 8639661.679, 70
Trd, 8639661.746, 71
Trd, 8639662.312, 139
Trd, 8639662.912, 140
Trd, 8639662.979, 139
Trd, 8639663.279, 138
Trd, 8639664.046, 139
Trd, 8639664.079, 138
Trd, 8639665.046, 138
Trd, 8639665.279, 137
Trd, 8639665.412, 132
Trd, 8639666.246, 138
Trd, 8639666.312, 133
Trd, 8639667.412, 140
Trd, 8639667.479, 140
Trd, 8639667.679, 140
Trd, 8639667.979, 140
Trd, 8639668.079, 140
Trd, 8639669.779, 140
Trd, 8639669.979, 137
Trd, 8639670.079, 139
Trd, 8639670.379, 139
Trd, 8639670.612, 138
Trd, 8639670.812, 125
Trd, 8639671.512, 138
Trd, 8639671.679, 139
Trd, 8639672.812, 128
Trd, 8639672.979, 119
Trd, 8639674.179, 140
Trd, 8639674.212, 140
Trd, 8639674.379, 140
Trd, 8639674.679, 140
Trd, 8639675.112, 139
Trd, 8639675.446, 140
Trd, 8639676.579, 139
Trd, 8639676.779, 116
Trd, 8639677.279, 140
Trd, 8639677.346, 89
Trd, 8639678.346, 68
Trd, 8639678.379, 76
Trd, 8639679.312, 120
Trd, 8639679.512, 136
Trd, 8639679.746, 119
Trd, 8639680.179, 62
Trd, 8639680.712, 64
Trd, 8639681.212, 60
Trd, 8639681.279, 66
Trd, 8639681.979, 140
Trd, 8639682.779, 65
Trd, 8639682.846, 64
Trd, 8639683.179, 140
Trd, 8639683.746, 140
Trd, 8639684.246, 140
Trd, 8639684.646, 140
Trd, 8639684.846, 139
Trd, 8639685.812, 140
Trd, 8639686.246, 140
Trd, 8639686.279, 140
Trd, 8639686.312, 139
Trd, 8639686.979, 139
Trd, 8639687.746, 140
Trd, 8639688.179, 140
Trd, 8639688.946, 140
Trd, 8639689.779, 60
Trd, 8639690.912, 60
Trd, 8639691.246, 60
Trd, 8639691.546, 63
Trd, 8639691.812, 63
Trd, 8639692.046, 64
Trd, 8639692.579, 61
Trd, 8639692.612, 69
Trd, 8639692.912, 60
Trd, 8639693.446, 60
Trd, 8639693.612, 60
Trd, 8639694.146, 62
Trd, 8639694.712, 65
Trd, 8639695.046, 65
Trd, 8639695.579, 63
Trd, 8639695.712, 70
Trd, 8639696.479, 64
Trd, 8639696.712, 63
Trd, 8639696.979, 64
Trd, 8639697.279, 61
Trd, 8639697.479, 61
Trd, 8639697.746, 70
Trd, 8639697.979, 60
Trd, 8639698.179, 72
Trd, 8639698.412, 131
Trd, 8639699.846, 140
Trd, 8639700.212, 140
Trd, 8639700.512, 138
Trd, 8639700.779, 138
Trd, 8639702.679, 140
Trd, 8639702.746, 140
Trd, 8639703.246, 140
Trd, 8639703.712, 140
Trd, 8639704.146, 140
Trd, 8639704.279, 140
Trd, 8639705.346, 140
Trd, 8639705.712, 138
Trd, 8639705.846, 137
Trd, 8639706.312, 140
Trd, 8639706.346, 127
Trd, 8639706.946, 137
Trd, 8639707.112, 136
Trd, 8639707.146, 140
Trd, 8639707.246, 127
Trd, 8639707.479, 104
Trd, 8639707.579, 84
Trd, 8639708.746, 61
Trd, 8639709.179, 140
Trd, 8639710.079, 140
Trd, 8639710.479, 140
Trd, 8639710.879, 140
Trd, 8639711.279, 140
Trd, 8639711.546, 140
Trd, 8639711.646, 140
Trd, 8639711.712, 139
Trd, 8639711.912, 139
Trd, 8639712.912, 140
Trd, 8639713.479, 136
Trd, 8639714.012, 133
Trd, 8639714.379, 128
Trd, 8639714.479, 127
Trd, 8639715.246, 127
Trd, 8639715.612, 97
Trd, 8639715.779, 140
Trd, 8639717.512, 140
Trd, 8639717.546, 139
Trd, 8639717.612, 139
Trd, 8639718.012, 139
Trd, 8639719.112, 138
Trd, 8639719.346, 137
Trd, 8639719.412, 83
Trd, 8639719.512, 60
Trd, 8639720.246, 140
Trd, 8639720.446, 140
Trd, 8639720.512, 140
Trd, 8639720.712, 139
Trd, 8639721.112, 140
Trd, 8639721.646, 99
Trd, 8639722.312, 62
Trd, 8639722.712, 140
Trd, 8639723.646, 140
Trd, 8639724.146, 138
Trd, 8639724.279, 134
Trd, 8639724.412, 107
Trd, 8639725.112, 135
Trd, 8639725.212, 138
Trd, 8639725.679, 140
Trd, 8639727.246, 140
Trd, 8639727.379, 126
Trd, 8639727.479, 125
Trd, 8639727.812, 124
Trd, 8639728.846, 140
Trd, 8639728.979, 140
Trd, 8639729.012, 139
Trd, 8639729.679, 140
Trd, 8639730.112, 140
Trd, 8639730.879, 140
Trd, 8639731.012, 140
Trd, 8639731.846, 134
Trd, 8639732.446, 132
Trd, 8639732.579, 131
Trd, 8639733.179, 140
Trd, 8639734.012, 140
Trd, 8639734.446, 140
Trd, 8639734.846, 140
Trd, 8639735.279, 140
Trd, 8639735.412, 139
Trd, 8639735.746, 130
Trd, 8639735.912, 139
Trd, 8639736.012, 129
Trd, 8639736.846, 136
Trd, 8639737.046, 126
Trd, 8639737.246, 126
Trd, 8639737.512, 132
Trd, 8639738.812, 138
Trd, 8639739.946, 140
Trd, 8639740.312, 140
Trd, 8639740.546, 139
Trd, 8639740.779, 140
Trd, 8639741.046, 139
Trd, 8639741.446, 130
Trd, 8639741.812, 125
Trd, 8639742.379, 140
Trd, 8639742.679, 140
Trd, 8639743.212, 140
Trd, 8639744.579, 140
Trd, 8639744.979, 140
Trd, 8639745.146, 140
Trd, 8639745.879, 140
Trd, 8639745.979, 140
Trd, 8639746.446, 140
Trd, 8639747.046, 140
Trd, 8639747.112, 135
Trd, 8639747.212, 125
Trd, 8639747.446, 131
Trd, 8639748.179, 119
Trd, 8639748.246, 131
Trd, 8639748.379, 117
Trd, 8639748.846, 140
Trd, 8639750.979, 140
Trd, 8639751.046, 140
Trd, 8639751.279, 140
Trd, 8639752.046, 140
Trd, 8639752.879, 140
Trd, 8639752.946, 140
Trd, 8639754.246, 140
Trd, 8639754.646, 140
Trd, 8639755.046, 140
Trd, 8639755.779, 140
Trd, 8639756.079, 140
Trd, 8639756.379, 140
Trd, 8639756.979, 140
Trd, 8639757.412, 139
Trd, 8639757.779, 139
Trd, 8639757.879, 138
Trd, 8639758.012, 137
Trd, 8639758.646, 109
Trd, 8639759.312, 130
Trd, 8639759.646, 135
Trd, 8639761.646, 140
Trd, 8639761.879, 140
Trd, 8639761.946, 140
Trd, 8639762.246, 140
Trd, 8639762.712, 139
Trd, 8639762.746, 138
Trd, 8639763.512, 136
Trd, 8639763.612, 135
Trd, 8639763.879, 139
Trd, 8639764.112, 131
Trd, 8639764.846, 140
Trd, 8639765.779, 140
Trd, 8639766.646, 140
Trd, 8639767.412, 140
Trd, 8639767.879, 139
Trd, 8639767.912, 138
Trd, 8639768.679, 137
Trd, 8639768.946, 137
Trd, 8639769.179, 138
Trd, 8639769.546, 140
Trd, 8639769.579, 140
Trd, 8639769.612, 139
Trd, 8639769.846, 140
Trd, 8639771.146, 140
Trd, 8639771.679, 140
Trd, 8639771.779, 139
Trd, 8639772.012, 140
Trd, 8639772.412, 138
Trd, 8639772.546, 132
Trd, 8639773.546, 138
Trd, 8639773.579, 99
Trd, 8639773.746, 71
Trd, 8639774.379, 140
Trd, 8639775.579, 140
Trd, 8639775.679, 140
Trd, 8639775.846, 140
Trd, 8639776.046, 140
Trd, 8639776.346, 140
Trd, 8639776.946, 140
Trd, 8639778.446, 140
Trd, 8639778.479, 140
Trd, 8639779.012, 140
Trd, 8639779.312, 139
Trd, 8639779.612, 139
Trd, 8639779.779, 140
Trd, 8639780.146, 139
Trd, 8639780.179, 138
Trd, 8639780.612, 126
Trd, 8639780.879, 136
Trd, 8639780.912, 68
Trd, 8639782.112, 60
Trd, 8639782.146, 60
Trd, 8639782.646, 60
Trd, 8639783.046, 60
Trd, 8639783.579, 60
Trd, 8639783.912, 65
Trd, 8639784.412, 60
Trd, 8639785.012, 60
Trd, 8639785.546, 61
Trd, 8639786.179, 61
Trd, 8639786.346, 62
Trd, 8639786.412, 64
Trd, 8639786.679, 65
Trd, 8639787.012, 64
Trd, 8639787.112, 70
Trd, 8639787.412, 61
Trd, 8639788.279, 61
Trd, 8639788.779, 60
Trd, 8639789.012, 60
Trd, 8639789.479, 61
Trd, 8639789.846, 60
Trd, 8639789.979, 61
Trd, 8639790.379, 63
Trd, 8639790.412, 61
Trd, 8639791.912, 131
Trd, 8639792.312, 65
Trd, 8639792.412, 119
Trd, 8639793.179, 70
Trd, 8639793.246, 71
Trd, 8639793.912, 112
Trd, 8639794.779, 62
Trd, 8639794.979, 140
Trd, 8639795.112, 140
Trd, 8639796.512, 127
Trd, 8639796.679, 126
Trd, 8639796.746, 123
Trd, 8639797.279, 123
Trd, 8639797.379, 122
Trd, 8639797.646, 64
Trd, 8639798.579, 140
Trd, 8639798.612, 139
Trd, 8639798.879, 98
Trd, 8639799.546, 139
Trd, 8639800.579, 60
Trd, 8639801.112, 64
Trd, 8639801.412, 62
Trd, 8639802.012, 64
Trd, 8639802.512, 60
Trd, 8639802.979, 60
Trd, 8639804.812, 60
Trd, 8639804.946, 60
Trd, 8639805.246, 60
Trd, 8639805.346, 79
Trd, 8639805.746, 61
Trd, 8639806.512, 61
Trd, 8639806.812, 62
Trd, 8639806.879, 62
Trd, 8639806.912, 66
Trd, 8639807.579, 62
Trd, 8639807.679, 60
Trd, 8639808.379, 61
Trd, 8639809.012, 60
Trd, 8639809.612, 61
Trd, 8639809.712, 62
Trd, 8639810.012, 65
Trd, 8639810.479, 61
Trd, 8639811.279, 60
Trd, 8639811.679, 66
Trd, 8639812.746, 66
Trd, 8639813.446, 60
Trd, 8639813.946, 60
Trd, 8639814.479, 60
Trd, 8639814.512, 60
Trd, 8639815.012, 61
Trd, 8639815.546, 62
Trd, 8639815.646, 64
Trd, 8639816.346, 60
Trd, 8639816.446, 61
Trd, 8639816.546, 61
Trd, 8639816.679, 64
Trd, 8639817.012, 67
Trd, 8639817.712, 65
Trd, 8639817.946, 64
Trd, 8639818.512, 139
Trd, 8639818.746, 138
Trd, 8639819.212, 137
Trd, 8639819.879, 82
Trd, 8639820.112, 63
Trd, 8639820.312, 71
Trd, 8639820.646, 109
Trd, 8639821.112, 140
Trd, 8639821.446, 135
Trd, 8639821.779, 134
Trd, 8639822.079, 110
Trd, 8639822.679, 138
Trd, 8639824.512, 140
Trd, 8639825.079, 140
Trd, 8639825.146, 140
Trd, 8639825.512, 140
Trd, 8639825.612, 137
Trd, 8639825.712, 135
Trd, 8639826.546, 94
Trd, 8639826.579, 93
Trd, 8639827.546, 140
Trd, 8639827.646, 138
Trd, 8639827.746, 135
Trd, 8639828.612, 60
Trd, 8639829.046, 60
Trd, 8639829.479, 60
Trd, 8639830.079, 60
Trd, 8639830.512, 61
Trd, 8639830.846, 62
Trd, 8639831.046, 63
Trd, 8639831.546, 63
Trd, 8639831.646, 63
Trd, 8639831.979, 63
Trd, 8639832.079, 69
Trd, 8639832.512, 139
Trd, 8639833.379, 140
Trd, 8639833.746, 140
Trd, 8639833.879, 139
Trd, 8639834.579, 64
Trd, 8639834.979, 60
Trd, 8639835.079, 60
Trd, 8639836.479, 60
Trd, 8639836.746, 60
Trd, 8639836.846, 60
Trd, 8639836.879, 64
Trd, 8639837.579, 60
Trd, 8639838.146, 61
Trd, 8639838.346, 60
Trd, 8639838.679, 63
Trd, 8639839.479, 61
Trd, 8639839.579, 62
Trd, 8639840.546, 60
Trd, 8639841.279, 60
Trd, 8639841.412, 63
Trd, 8639841.946, 60
Trd, 8639842.179, 65
Trd, 8639842.212, 63
Trd, 8639842.512, 78
Trd, 8639843.346, 136
Trd, 8639844.546, 140
Trd, 8639844.679, 140
Trd, 8639844.912, 139
Trd, 8639845.112, 140
Trd, 8639845.246, 140
Trd, 8639845.546, 136
Trd, 8639845.846, 135
Trd, 8639846.412, 60
Trd, 8639846.546, 65
Trd, 8639846.912, 63
Trd, 8639847.579, 65
Trd, 8639848.312, 60
Trd, 8639848.579, 60
Trd, 8639848.846, 60
Trd, 8639849.412, 65
Trd, 8639849.946, 60
Trd, 8639850.446, 60
Trd, 8639850.646, 61
Trd, 8639850.712, 61
Trd, 8639851.412, 64
Trd, 8639852.046, 62
Trd, 8639852.079, 63
Trd, 8639852.912, 61
Trd, 8639853.679, 60
Trd, 8639854.679, 62
Trd, 8639854.779, 62
Trd, 8639855.312, 69
Trd, 8639855.979, 60
Trd, 8639856.412, 60
Trd, 8639856.446, 60
Trd, 8639856.746, 61
Trd, 8639857.279, 60
Trd, 8639857.446, 63
Trd, 8639857.879, 65
Trd, 8639857.946, 69
Trd, 8639858.112, 69
Trd, 8639858.246, 61
Trd, 8639858.446, 71
Trd, 8639859.212, 63
Trd, 8639859.679, 61
Trd, 8639859.746, 63
Trd, 8639859.912, 60
Trd, 8639860.212, 60
Trd, 8639860.979, 61
Trd, 8639861.212, 65
Trd, 8639862.346, 60
Trd, 8639862.746, 62
Trd, 8639863.512, 139
Trd, 8639864.146, 140
Trd, 8639865.079, 140
Trd, 8639865.179, 140
Trd, 8639865.412, 140
Trd, 8639865.712, 138
Trd, 8639865.912, 119
Trd, 8639866.179, 102
Trd, 8639866.646, 140
Trd, 8639866.779, 140
Trd, 8639868.079, 138
Trd, 8639868.279, 137
Trd, 8639868.379, 131
Trd, 8639868.946, 139
Trd, 8639869.612, 97
Trd, 8639869.712, 73
Trd, 8639870.112, 138
Trd, 8639870.412, 139
Trd, 8639870.479, 133
Trd, 8639871.512, 140
Trd, 8639871.712, 140
Trd, 8639872.079, 140
Trd, 8639872.812, 140
Trd, 8639873.212, 140
Trd, 8639873.312, 138
Trd, 8639873.379, 135
Trd, 8639874.046, 128
Trd, 8639874.879, 134
Trd, 8639875.012, 60
Trd, 8639875.146, 61
Trd, 8639875.679, 64
Trd, 8639875.946, 73
Trd, 8639876.812, 140
Trd, 8639876.979, 140
Trd, 8639877.379, 137
Trd, 8639877.812, 136
Trd, 8639877.912, 95
Trd, 8639879.479, 140
Trd, 8639879.746, 140
Trd, 8639880.346, 140
Trd, 8639880.579, 140
Trd, 8639881.146, 140
Trd, 8639881.312, 138
Trd, 8639882.179, 138
Trd, 8639882.579, 102
Trd, 8639882.846, 139
Trd, 8639882.879, 83
Trd, 8639883.046, 136
Trd, 8639884.079, 140
Trd, 8639884.912, 140
Trd, 8639885.079, 140
Trd, 8639885.446, 139
Trd, 8639885.646, 125
Trd, 8639885.679, 124
Trd, 8639886.046, 140
Trd, 8639886.612, 140
Trd, 8639886.946, 140
Trd, 8639887.179, 140
Trd, 8639887.946, 139
Trd, 8639888.846, 140
Trd, 8639889.179, 140
Trd, 8639889.512, 140
Trd, 8639890.246, 140
Trd, 8639890.546, 140
Trd, 8639890.812, 140
Trd, 8639890.912, 140
Trd, 8639891.946, 140
Trd, 8639892.412, 135
Trd, 8639892.679, 131
Trd, 8639892.712, 129
Trd, 8639893.046, 139
Trd, 8639893.379, 114
Trd, 8639893.946, 139
Trd, 8639894.512, 139
Trd, 8639894.779, 124
Trd, 8639895.546, 140
Trd, 8639896.179, 140
Trd, 8639896.779, 140
Trd, 8639896.946, 140
Trd, 8639897.246, 140
Trd, 8639898.446, 140
Trd, 8639898.546, 140
Trd, 8639899.812, 137
Trd, 8639900.012, 134
Trd, 8639900.112, 133
Trd, 8639900.879, 140
Trd, 8639900.946, 139
Trd, 8639901.146, 139
Trd, 8639901.279, 138
Trd, 8639901.746, 130
Trd, 8639903.312, 140
Trd, 8639903.379, 140
Trd, 8639903.846, 133
Trd, 8639904.846, 140
Trd, 8639904.946, 140
Trd, 8639905.912, 137
Trd, 8639905.979, 133
Trd, 8639906.246, 140
Trd, 8639906.579, 140
Trd, 8639907.212, 123
Trd, 8639907.279, 120
Trd, 8639908.479, 140
Trd, 8639909.012, 140
Trd, 8639909.412, 140
Trd, 8639910.179, 140
Trd, 8639910.246, 139
Trd, 8639910.979, 139
Trd, 8639911.446, 139
Trd, 8639911.579, 139
Trd, 8639912.179, 140
Trd, 8639913.146, 140
Trd, 8639913.279, 140
Trd, 8639913.846, 140
Trd, 8639914.079, 140
Trd, 8639914.879, 140
Trd, 8639914.912, 140
Trd, 8639915.146, 134
Trd, 8639915.212, 133
Trd, 8639915.779, 113
Trd, 8639916.212, 137
Trd, 8639916.279, 136
Trd, 8639916.512, 135
Trd, 8639916.546, 112
Trd, 8639918.112, 140
Trd, 8639918.746, 140
Trd, 8639918.979, 135
Trd, 8639919.412, 138
Trd, 8639919.479, 112
Trd, 8639920.146, 140
Trd, 8639920.179, 140
Trd, 8639920.379, 139
Trd, 8639921.312, 66
Trd, 8639921.379, 67
Trd, 8639921.579, 67
Trd, 8639921.779, 61
Trd, 8639922.079, 68
Trd, 8639922.679, 60
Trd, 8639923.046, 61
Trd, 8639923.712, 68
Trd, 8639924.279, 134
Trd, 8639924.812, 140
Trd, 8639925.646, 140
Trd, 8639926.012, 140
Trd, 8639926.679, 140
Trd, 8639926.879, 140
Trd, 8639927.612, 140
Trd, 8639927.679, 140
Trd, 8639927.912, 140
Trd, 8639928.546, 140
Trd, 8639928.646, 140
Trd, 8639928.846, 140
Trd, 8639929.579, 139
Trd, 8639929.712, 135
Trd, 8639930.246, 132
Trd, 8639930.612, 106
Trd, 8639931.012, 139
Trd, 8639931.346, 127
Trd, 8639932.079, 140
Trd, 8639932.312, 140
Trd, 8639932.612, 140
Trd, 8639933.546, 140
Trd, 8639934.512, 140
Trd, 8639934.846, 140
Trd, 8639935.246, 140
Trd, 8639935.512, 140
Trd, 8639935.879, 140
Trd, 8639936.012, 140
Trd, 8639936.246, 138
Trd, 8639936.779, 88
Trd, 8639937.279, 140
Trd, 8639937.412, 136
Trd, 8639938.079, 140
Trd, 8639938.512, 140
Trd, 8639938.946, 140
Trd, 8639939.312, 139
Trd, 8639939.946, 139
Trd, 8639940.446, 140
Trd, 8639940.679, 134
Trd, 8639941.446, 140
Trd, 8639942.512, 140
Trd, 8639942.612, 140
Trd, 8639942.812, 140
Trd, 8639943.079, 140
Trd, 8639943.512, 140
Trd, 8639943.912, 140
Trd, 8639944.246, 140
Trd, 8639944.479, 140
Trd, 8639945.746, 140
Trd, 8639945.912, 140
Trd, 8639946.112, 139
Trd, 8639946.346, 138
Trd, 8639946.812, 139
Trd, 8639947.346, 135
Trd, 8639948.712, 140
Trd, 8639949.146, 140
Trd, 8639949.279, 140
Trd, 8639949.812, 138
Trd, 8639949.846, 129
Trd, 8639950.179, 124
Trd, 8639951.179, 67
Trd, 8639951.546, 65
Trd, 8639952.179, 63
Trd, 8639952.479, 62
Trd, 8639952.512, 63
Trd, 8639952.812, 140
Trd, 8639953.146, 140
Trd, 8639953.246, 138
Trd, 8639953.479, 139
Trd, 8639953.512, 138
Trd, 8639953.612, 137
Trd, 8639954.346, 114
Trd, 8639954.712, 63
Trd, 8639955.979, 140
Trd, 8639957.079, 140
Trd, 8639957.779, 140
Trd, 8639957.912, 140
Trd, 8639958.179, 140
Trd, 8639958.246, 140
Trd, 8639958.346, 140
Trd, 8639959.212, 125
Trd, 8639960.046, 136
Trd, 8639960.979, 140
Trd, 8639961.046, 138
Trd, 8639962.012, 140
Trd, 8639962.546, 140
Trd, 8639962.679, 140
Trd, 8639964.146, 140
Trd, 8639964.212, 140
Trd, 8639964.346, 140
Trd, 8639964.412, 140
Trd, 8639964.679, 138
Trd, 8639965.079, 140
Trd, 8639965.346, 140
Trd, 8639965.546, 140
Trd, 8639966.646, 140
Trd, 8639966.979, 140
Trd, 8639967.179, 138
Trd, 8639967.212, 133
Trd, 8639967.679, 137
Trd, 8639967.912, 140
Trd, 8639969.279, 140
Trd, 8639969.779, 140
Trd, 8639970.146, 140
Trd, 8639970.279, 140
Trd, 8639970.679, 140
Trd, 8639970.846, 140
Trd, 8639971.046, 140
Trd, 8639971.879, 140
Trd, 8639973.012, 140
Trd, 8639973.079, 140
Trd, 8639973.479, 140
Trd, 8639974.379, 140
Trd, 8639974.446, 140
Trd, 8639974.579, 140
Trd, 8639975.479, 140
Trd, 8639975.579, 140
Trd, 8639976.346, 140
Trd, 8639976.779, 138
Trd, 8639977.646, 140
Trd, 8639978.112, 140
Trd, 8639978.146, 140
Trd, 8639978.946, 140
Trd, 8639979.212, 140
Trd, 8639979.312, 140
Trd, 8639979.479, 138
Trd, 8639979.912, 132
Trd, 8639980.179, 138
Trd, 8639980.546, 123
Trd, 8639982.346, 140
Trd, 8639982.646, 139
Trd, 8639982.879, 135
Trd, 8639983.712, 140
Trd, 8639983.779, 136
Trd, 8639983.979, 135
Trd, 8639984.579, 140
Trd, 8639984.979, 140
Trd, 8639985.279, 140
Trd, 8639986.046, 140
Trd, 8639986.112, 140
Trd, 8639987.012, 140
Trd, 8639987.446, 140
Trd, 8639987.512, 139
Trd, 8639987.779, 138
Trd, 8639988.112, 138
Trd, 8639988.146, 113
Trd, 8639988.512, 140
Trd, 8639989.079, 130
Trd, 8639989.746, 140
Trd, 8639989.846, 139
Trd, 8639991.312, 140
Trd, 8639991.746, 140
Trd, 8639992.812, 140
Trd, 8639993.212, 140
Trd, 8639993.612, 140
Trd, 8639993.746, 140
Trd, 8639993.912, 140
Trd, 8639993.946, 140
Trd, 8639995.312, 140
Trd, 8639995.446, 140
Trd, 8639995.546, 139
Trd, 8639995.746, 138
Trd, 8639996.312, 121
Trd, 8639997.846, 140
Trd, 8639998.112, 138
Trd, 8639998.212, 137
Trd, 8639998.279, 136
Trd, 8639998.346, 132
Trd, 8639999.379, 63
Trd, 8639999.479, 64
Trd, 8639999.812, 64
