Trd, 8638757.012, 132
Trd, 8638757.046, 113
Trd, 8638757.479, 123
Trd, 8638757.646, 111
Trd, 8638757.979, 110
Trd, 8638758.979, 139
Trd, 8638759.512, 133
Trd, 8638759.812, 131
Trd, 8638760.046, 138
Trd, 8638760.512, 94
Trd, 8638760.746, 89
Trd, 8638762.079, 63
Trd, 8638762.879, 129
Trd, 8638763.012, 120
Trd, 8638764.212, 140
Trd, 8638765.146, 140
Trd, 8638765.246, 140
Trd, 8638765.646, 139
Trd, 8638766.179, 131
Trd, 8638766.846, 111
Trd, 8638767.679, 139
Trd, 8638768.079, 139
Trd, 8638768.679, 134
Trd, 8638769.046, 120
Trd, 8638769.412, 129
Trd, 8638769.979, 121
Trd, 8638770.012, 109
Trd, 8638770.512, 134
Trd, 8638770.546, 131
Trd, 8638771.612, 138
Trd, 8638771.846, 112
Trd, 8638772.046, 110
Trd, 8638772.246, 108
Trd, 8638772.346, 100
Trd, 8638773.079, 125
Trd, 8638773.812, 121
Trd, 8638774.312, 131
Trd, 8638775.246, 118
Trd, 8638775.479, 95
Trd, 8638776.279, 114
Trd, 8638776.612, 104
Trd, 8638777.579, 84
Trd, 8638777.779, 118
Trd, 8638778.046, 74
Trd, 8638779.212, 117
Trd, 8638779.679, 115
Trd, 8638779.846, 120
Trd, 8638780.646, 114
Trd, 8638780.712, 138
Trd, 8638781.446, 125
Trd, 8638781.912, 107
Trd, 8638782.112, 106
Trd, 8638782.446, 126
Trd, 8638782.746, 130
Trd, 8638784.246, 131
Trd, 8638784.412, 130
Trd, 8638785.046, 119
Trd, 8638785.446, 133
Trd, 8638785.479, 111
Trd, 8638785.646, 102
Trd, 8638786.012, 95
Trd, 8638787.446, 87
Trd, 8638787.779, 137
Trd, 8638789.146, 140
Trd, 8638789.679, 138
Trd, 8638789.879, 132
Trd, 8638790.212, 119
Trd, 8638790.346, 90
Trd, 8638791.146, 110
Trd, 8638791.812, 140
Trd, 8638792.812, 134
Trd, 8638793.379, 137
Trd, 8638793.412, 132
Trd, 8638793.612, 122
Trd, 8638793.912, 115
Trd, 8638794.412, 100
Trd, 8638794.646, 92
Trd, 8638796.012, 130
Trd, 8638796.346, 122
Trd, 8638796.512, 87
Trd, 8638796.712, 89
Trd, 8638796.946, 88
Trd, 8638797.712, 109
Trd, 8638798.412, 138
Trd, 8638798.746, 138
Trd, 8638799.312, 137
Trd, 8638800.312, 120
Trd, 8638800.912, 136
Trd, 8638801.312, 123
Trd, 8638801.512, 128
Trd, 8638802.179, 121
Trd, 8638802.579, 127
Trd, 8638802.646, 120
Trd, 8638803.046, 114
Trd, 8638803.446, 135
Trd, 8638804.679, 126
Trd, 8638805.779, 138
Trd, 8638806.346, 135
Trd, 8638806.379, 114
Trd, 8638806.879, 135
Trd, 8638807.446, 104
Trd, 8638807.679, 105
Trd, 8638807.712, 85
Trd, 8638807.946, 119
Trd, 8638808.479, 140
Trd, 8638809.079, 118
Trd, 8638809.746, 99
Trd, 8638809.846, 85
Trd, 8638810.479, 140
Trd, 8638811.679, 129
Trd, 8638811.746, 128
Trd, 8638812.079, 109
Trd, 8638812.279, 102
Trd, 8638813.212, 103
Trd, 8638813.779, 112
Trd, 8638813.946, 83
Trd, 8638814.146, 82
Trd, 8638814.279, 78
Trd, 8638814.412, 76
Trd, 8638814.812, 65
Trd, 8638815.646, 91
Trd, 8638815.712, 89
Trd, 8638816.246, 133
Trd, 8638816.312, 120
Trd, 8638817.146, 69
Trd, 8638817.646, 75
Trd, 8638817.946, 119
Trd, 8638818.779, 72
Trd, 8638819.612, 135
Trd, 8638819.646, 113
Trd, 8638819.946, 94
Trd, 8638820.079, 92
Trd, 8638820.312, 94
Trd, 8638820.579, 138
Trd, 8638820.679, 137
Trd, 8638821.246, 82
Trd, 8638821.446, 79
Trd, 8638821.746, 88
Trd, 8638823.346, 138
Trd, 8638823.379, 137
Trd, 8638823.812, 127
Trd, 8638823.979, 137
Trd, 8638824.746, 120
Trd, 8638824.779, 116
Trd, 8638824.912, 103
Trd, 8638825.879, 111
Trd, 8638826.646, 131
Trd, 8638826.679, 121
Trd, 8638827.612, 140
Trd, 8638828.279, 139
Trd, 8638828.779, 135
Trd, 8638828.846, 133
Trd, 8638829.012, 133
Trd, 8638830.312, 140
Trd, 8638830.546, 138
Trd, 8638830.912, 128
Trd, 8638831.546, 124
Trd, 8638831.579, 118
Trd, 8638831.646, 112
Trd, 8638832.312, 118
Trd, 8638832.579, 113
Trd, 8638833.646, 111
Trd, 8638835.346, 115
Trd, 8638835.546, 114
Trd, 8638835.979, 121
Trd, 8638836.112, 129
Trd, 8638836.612, 140
Trd, 8638836.946, 136
Trd, 8638837.746, 125
Trd, 8638837.912, 120
Trd, 8638838.546, 110
Trd, 8638838.912, 101
Trd, 8638839.346, 98
Trd, 8638839.379, 97
Trd, 8638839.812, 140
Trd, 8638840.546, 140
Trd, 8638841.346, 140
Trd, 8638841.679, 140
Trd, 8638842.346, 134
Trd, 8638842.379, 133
Trd, 8638842.879, 119
Trd, 8638843.679, 128
Trd, 8638844.346, 127
Trd, 8638844.479, 116
Trd, 8638845.246, 117
Trd, 8638845.679, 124
Trd, 8638845.812, 92
Trd, 8638846.312, 74
Trd, 8638847.179, 140
Trd, 8638847.279, 138
Trd, 8638847.412, 123
Trd, 8638847.479, 122
Trd, 8638848.412, 138
Trd, 8638848.879, 115
Trd, 8638849.879, 123
Trd, 8638849.979, 112
Trd, 8638850.479, 133
Trd, 8638851.012, 126
Trd, 8638851.546, 108
Trd, 8638852.646, 128
Trd, 8638853.012, 109
Trd, 8638853.079, 107
Trd, 8638853.379, 69
Trd, 8638854.012, 122
Trd, 8638854.779, 134
Trd, 8638856.079, 140
Trd, 8638856.379, 140
Trd, 8638856.812, 137
Trd, 8638857.046, 129
Trd, 8638857.679, 127
Trd, 8638858.046, 115
Trd, 8638858.546, 109
Trd, 8638859.179, 133
Trd, 8638859.579, 106
Trd, 8638859.712, 104
Trd, 8638860.279, 104
Trd, 8638860.646, 93
Trd, 8638860.779, 92
Trd, 8638861.679, 87
Trd, 8638861.746, 122
Trd, 8638861.779, 73
Trd, 8638862.612, 117
Trd, 8638862.679, 97
Trd, 8638863.746, 99
Trd, 8638863.879, 78
Trd, 8638864.146, 120
Trd, 8638864.512, 140
Trd, 8638865.879, 140
Trd, 8638866.312, 140
Trd, 8638866.779, 139
Trd, 8638867.212, 110
Trd, 8638867.912, 133
Trd, 8638868.412, 122
Trd, 8638868.612, 103
Trd, 8638868.779, 103
Trd, 8638869.312, 118
Trd, 8638869.579, 129
Trd, 8638869.679, 103
Trd, 8638869.879, 85
Trd, 8638870.779, 75
Trd, 8638871.212, 138
Trd, 8638871.912, 86
Trd, 8638872.312, 140
Trd, 8638872.979, 139
Trd, 8638873.112, 129
Trd, 8638873.279, 116
Trd, 8638874.979, 139
Trd, 8638875.246, 131
Trd, 8638875.312, 125
Trd, 8638875.679, 121
Trd, 8638876.046, 97
Trd, 8638876.712, 140
Trd, 8638877.046, 102
Trd, 8638877.312, 99
Trd, 8638878.279, 99
Trd, 8638878.379, 98
Trd, 8638878.479, 117
Trd, 8638879.479, 94
Trd, 8638879.679, 84
Trd, 8638880.346, 132
Trd, 8638880.446, 120
Trd, 8638881.346, 101
Trd, 8638881.746, 100
Trd, 8638881.812, 90
Trd, 8638881.879, 88
Trd, 8638883.079, 104
Trd, 8638883.512, 135
Trd, 8638883.846, 140
Trd, 8638883.979, 108
Trd, 8638885.046, 120
Trd, 8638885.612, 117
Trd, 8638886.746, 131
Trd, 8638887.079, 128
Trd, 8638887.179, 112
Trd, 8638887.512, 122
Trd, 8638888.212, 137
Trd, 8638888.512, 98
Trd, 8638888.679, 140
Trd, 8638889.546, 87
Trd, 8638890.079, 102
Trd, 8638890.246, 102
Trd, 8638891.212, 91
Trd, 8638891.479, 140
Trd, 8638891.779, 132
Trd, 8638892.812, 114
Trd, 8638893.379, 122
Trd, 8638893.679, 110
Trd, 8638893.746, 81
Trd, 8638894.379, 122
Trd, 8638894.746, 131
Trd, 8638895.146, 93
Trd, 8638895.779, 95
Trd, 8638897.212, 132
Trd, 8638897.746, 138
Trd, 8638898.512, 117
Trd, 8638899.046, 116
Trd, 8638899.079, 112
Trd, 8638899.279, 125
Trd, 8638899.579, 124
Trd, 8638900.179, 126
Trd, 8638900.512, 75
Trd, 8638900.779, 81
Trd, 8638901.712, 132
Trd, 8638902.146, 87
Trd, 8638902.946, 77
Trd, 8638903.646, 128
Trd, 8638903.712, 127
Trd, 8638904.379, 121
Trd, 8638904.746, 128
Trd, 8638905.212, 102
Trd, 8638905.479, 140
Trd, 8638905.979, 121
Trd, 8638906.612, 124
Trd, 8638907.846, 68
Trd, 8638908.512, 85
Trd, 8638909.979, 86
Trd, 8638910.179, 90
Trd, 8638910.979, 94
Trd, 8638911.012, 91
Trd, 8638911.146, 113
Trd, 8638911.246, 135
Trd, 8638912.379, 96
Trd, 8638912.912, 98
Trd, 8638914.079, 120
Trd, 8638914.379, 119
Trd, 8638914.546, 100
Trd, 8638914.812, 99
Trd, 8638914.912, 94
Trd, 8638914.979, 93
Trd, 8638915.279, 85
Trd, 8638915.712, 74
Trd, 8638916.279, 113
Trd, 8638917.046, 68
Trd, 8638917.546, 66
Trd, 8638917.712, 109
Trd, 8638918.312, 72
Trd, 8638918.346, 77
Trd, 8638918.746, 69
Trd, 8638919.179, 68
Trd, 8638919.246, 79
Trd, 8638920.779, 116
Trd, 8638920.979, 116
Trd, 8638921.046, 115
Trd, 8638921.079, 115
Trd, 8638921.112, 114
Trd, 8638922.112, 111
Trd, 8638922.612, 110
Trd, 8638923.146, 109
Trd, 8638924.112, 139
Trd, 8638924.712, 109
Trd, 8638924.979, 122
Trd, 8638925.312, 106
Trd, 8638925.512, 95
Trd, 8638925.546, 88
Trd, 8638925.946, 140
Trd, 8638926.612, 94
Trd, 8638928.379, 136
Trd, 8638928.779, 119
Trd, 8638928.812, 117
Trd, 8638929.112, 115
Trd, 8638929.212, 100
Trd, 8638929.346, 85
Trd, 8638930.146, 65
Trd, 8638930.479, 95
Trd, 8638931.946, 86
Trd, 8638932.412, 84
Trd, 8638932.512, 83
Trd, 8638933.812, 139
Trd, 8638933.879, 130
Trd, 8638934.279, 121
Trd, 8638934.346, 107
Trd, 8638934.679, 101
Trd, 8638935.379, 116
Trd, 8638935.646, 102
Trd, 8638936.312, 110
Trd, 8638937.512, 111
Trd, 8638938.079, 110
Trd, 8638938.179, 100
Trd, 8638938.579, 83
Trd, 8638939.312, 128
Trd, 8638939.346, 109
Trd, 8638939.879, 66
Trd, 8638940.479, 100
Trd, 8638940.546, 81
Trd, 8638940.779, 66
Trd, 8638940.846, 86
Trd, 8638941.779, 60
Trd, 8638942.312, 63
Trd, 8638943.112, 81
Trd, 8638943.379, 107
Trd, 8638944.112, 72
Trd, 8638944.346, 79
Trd, 8638944.979, 62
Trd, 8638946.079, 135
Trd, 8638946.179, 131
Trd, 8638947.046, 116
Trd, 8638947.146, 115
Trd, 8638947.612, 112
Trd, 8638947.646, 102
Trd, 8638948.912, 98
Trd, 8638949.212, 106
Trd, 8638949.279, 110
Trd, 8638949.512, 93
Trd, 8638950.512, 96
Trd, 8638950.646, 79
Trd, 8638951.446, 80
Trd, 8638951.712, 80
Trd, 8638952.046, 74
Trd, 8638952.146, 73
Trd, 8638952.312, 96
Trd, 8638953.179, 125
Trd, 8638953.279, 88
Trd, 8638954.279, 131
Trd, 8638954.512, 119
Trd, 8638954.679, 69
Trd, 8638954.946, 67
Trd, 8638955.112, 96
Trd, 8638955.779, 101
Trd, 8638957.112, 69
Trd, 8638957.179, 125
Trd, 8638957.379, 64
Trd, 8638957.946, 84
Trd, 8638958.379, 60
Trd, 8638959.112, 67
Trd, 8638959.512, 89
Trd, 8638959.912, 87
Trd, 8638960.346, 112
Trd, 8638961.179, 105
Trd, 8638961.846, 87
Trd, 8638962.346, 125
Trd, 8638962.812, 116
Trd, 8638963.146, 139
Trd, 8638963.412, 138
Trd, 8638963.912, 106
Trd, 8638964.079, 74
Trd, 8638964.312, 64
Trd, 8638964.746, 93
Trd, 8638965.779, 93
Trd, 8638965.946, 89
Trd, 8638966.312, 64
Trd, 8638966.712, 102
Trd, 8638968.112, 63
Trd, 8638968.546, 65
Trd, 8638969.246, 77
Trd, 8638969.646, 71
Trd, 8638969.846, 87
Trd, 8638970.079, 81
Trd, 8638970.446, 117
Trd, 8638970.779, 79
Trd, 8638971.479, 104
Trd, 8638972.112, 127
Trd, 8638972.346, 132
Trd, 8638972.979, 127
Trd, 8638974.446, 99
Trd, 8638974.579, 108
Trd, 8638975.079, 93
Trd, 8638975.179, 81
Trd, 8638975.879, 111
Trd, 8638975.979, 135
Trd, 8638976.179, 76
Trd, 8638976.912, 129
Trd, 8638977.346, 121
Trd, 8638977.846, 112
Trd, 8638978.312, 134
Trd, 8638979.246, 120
Trd, 8638979.446, 134
Trd, 8638980.312, 105
Trd, 8638980.579, 132
Trd, 8638980.679, 81
Trd, 8638981.479, 107
Trd, 8638981.546, 109
Trd, 8638981.779, 115
Trd, 8638982.812, 121
Trd, 8638983.046, 122
Trd, 8638983.579, 117
Trd, 8638984.612, 113
Trd, 8638984.846, 106
Trd, 8638984.946, 97
Trd, 8638985.279, 102
Trd, 8638986.079, 138
Trd, 8638986.246, 120
Trd, 8638987.279, 126
Trd, 8638987.512, 129
Trd, 8638987.779, 126
Trd, 8638987.946, 89
Trd, 8638988.279, 86
Trd, 8638988.512, 130
Trd, 8638988.779, 76
Trd, 8638989.812, 124
Trd, 8638990.012, 123
Trd, 8638990.779, 126
Trd, 8638991.046, 128
Trd, 8638991.412, 131
Trd, 8638991.579, 115
Trd, 8638992.279, 132
Trd, 8638993.212, 106
Trd, 8638993.579, 139
Trd, 8638993.912, 101
Trd, 8638994.012, 99
Trd, 8638995.046, 127
Trd, 8638995.812, 140
Trd, 8638996.646, 126
Trd, 8638996.812, 117
Trd, 8638996.946, 116
Trd, 8638998.612, 139
Trd, 8638999.179, 115
Trd, 8638999.546, 112
Trd, 8639000.446, 124
Trd, 8639000.479, 108
Trd, 8639000.612, 132
Trd, 8639000.846, 133
Trd, 8639001.346, 139
Trd, 8639002.146, 115
Trd, 8639002.779, 84
Trd, 8639002.879, 83
Trd, 8639003.446, 117
Trd, 8639003.512, 96
Trd, 8639004.046, 79
Trd, 8639004.846, 74
Trd, 8639005.379, 126
Trd, 8639005.546, 105
Trd, 8639005.612, 72
Trd, 8639006.079, 63
Trd, 8639006.579, 95
Trd, 8639007.679, 103
Trd, 8639007.712, 98
Trd, 8639007.879, 98
Trd, 8639008.246, 140
Trd, 8639009.212, 77
Trd, 8639009.879, 104
Trd, 8639009.946, 103
Trd, 8639010.812, 102
Trd, 8639010.912, 122
Trd, 8639011.179, 84
Trd, 8639011.246, 102
Trd, 8639012.379, 102
Trd, 8639012.612, 64
Trd, 8639013.812, 60
Trd, 8639014.279, 75
Trd, 8639014.412, 85
Trd, 8639015.046, 120
Trd, 8639015.179, 100
Trd, 8639015.512, 68
Trd, 8639015.712, 63
Trd, 8639016.146, 94
Trd, 8639016.846, 76
Trd, 8639017.646, 132
Trd, 8639017.679, 131
Trd, 8639017.779, 114
Trd, 8639018.379, 117
Trd, 8639018.812, 99
Trd, 8639019.679, 126
Trd, 8639020.246, 115
Trd, 8639020.546, 104
Trd, 8639020.612, 95
Trd, 8639020.746, 95
Trd, 8639020.812, 91
Trd, 8639021.512, 138
Trd, 8639022.479, 140
Trd, 8639023.246, 135
Trd, 8639023.746, 134
Trd, 8639024.046, 133
Trd, 8639024.512, 133
Trd, 8639024.779, 130
Trd, 8639025.546, 101
Trd, 8639026.012, 108
Trd, 8639026.712, 90
Trd, 8639026.879, 88
Trd, 8639027.312, 91
Trd, 8639027.379, 89
Trd, 8639027.512, 116
Trd, 8639027.779, 89
Trd, 8639028.812, 63
Trd, 8639029.479, 83
Trd, 8639030.412, 62
Trd, 8639030.846, 63
Trd, 8639031.012, 94
Trd, 8639031.646, 68
Trd, 8639032.112, 68
Trd, 8639032.779, 132
Trd, 8639034.179, 130
Trd, 8639034.279, 130
Trd, 8639034.346, 120
Trd, 8639034.712, 119
Trd, 8639034.946, 124
Trd, 8639035.379, 80
Trd, 8639035.446, 79
Trd, 8639036.512, 112
Trd, 8639036.946, 98
Trd, 8639037.046, 90
Trd, 8639037.312, 89
Trd, 8639037.479, 126
Trd, 8639037.612, 123
Trd, 8639038.012, 136
Trd, 8639038.512, 115
Trd, 8639039.412, 139
Trd, 8639040.046, 135
Trd, 8639040.512, 81
Trd, 8639040.979, 138
Trd, 8639041.312, 87
Trd, 8639041.446, 67
Trd, 8639043.279, 66
Trd, 8639043.679, 94
Trd, 8639043.912, 71
Trd, 8639044.346, 111
Trd, 8639044.379, 107
Trd, 8639045.046, 111
Trd, 8639045.346, 111
Trd, 8639045.612, 88
Trd, 8639046.712, 113
Trd, 8639047.612, 140
Trd, 8639048.846, 140
Trd, 8639049.079, 140
Trd, 8639049.112, 124
Trd, 8639049.512, 134
Trd, 8639049.779, 117
Trd, 8639049.912, 113
Trd, 8639050.046, 107
Trd, 8639050.479, 127
Trd, 8639051.479, 140
Trd, 8639051.746, 138
Trd, 8639052.679, 119
Trd, 8639053.079, 111
Trd, 8639053.379, 114
Trd, 8639053.479, 137
Trd, 8639054.246, 122
Trd, 8639054.679, 90
Trd, 8639054.812, 104
Trd, 8639054.979, 89
Trd, 8639055.379, 139
Trd, 8639055.879, 86
Trd, 8639057.079, 110
Trd, 8639057.479, 115
Trd, 8639057.679, 109
Trd, 8639058.012, 120
Trd, 8639058.679, 89
Trd, 8639058.846, 88
Trd, 8639058.946, 130
Trd, 8639059.212, 87
Trd, 8639059.412, 68
Trd, 8639059.846, 136
Trd, 8639060.079, 120
Trd, 8639061.346, 132
Trd, 8639061.546, 74
Trd, 8639061.879, 88
Trd, 8639063.046, 113
Trd, 8639064.546, 121
Trd, 8639064.746, 120
Trd, 8639065.112, 80
Trd, 8639065.712, 72
Trd, 8639066.512, 133
Trd, 8639066.912, 95
Trd, 8639066.946, 140
Trd, 8639067.446, 69
Trd, 8639067.979, 140
Trd, 8639068.179, 140
Trd, 8639068.646, 140
Trd, 8639068.779, 130
Trd, 8639068.879, 126
Trd, 8639069.146, 113
Trd, 8639069.646, 126
Trd, 8639070.346, 100
Trd, 8639070.679, 137
Trd, 8639070.712, 134
Trd, 8639070.912, 134
Trd, 8639071.912, 100
Trd, 8639072.446, 102
Trd, 8639072.546, 99
Trd, 8639072.779, 130
Trd, 8639073.046, 110
Trd, 8639074.646, 140
Trd, 8639074.846, 122
Trd, 8639075.579, 116
Trd, 8639075.779, 112
Trd, 8639076.012, 137
Trd, 8639076.246, 121
Trd, 8639076.612, 112
Trd, 8639076.846, 106
Trd, 8639077.079, 140
Trd, 8639077.146, 98
Trd, 8639078.346, 140
Trd, 8639078.412, 127
Trd, 8639079.012, 113
Trd, 8639079.746, 115
Trd, 8639079.912, 96
Trd, 8639079.979, 87
Trd, 8639080.379, 94
Trd, 8639081.479, 140
Trd, 8639082.446, 120
Trd, 8639082.579, 119
Trd, 8639082.612, 122
Trd, 8639082.846, 113
Trd, 8639082.946, 112
Trd, 8639083.112, 120
Trd, 8639083.246, 107
Trd, 8639084.146, 139
Trd, 8639085.046, 118
Trd, 8639085.846, 133
Trd, 8639086.012, 132
Trd, 8639086.746, 122
Trd, 8639087.512, 134
Trd, 8639087.779, 123
Trd, 8639087.846, 106
Trd, 8639087.979, 97
Trd, 8639088.579, 96
Trd, 8639088.646, 90
Trd, 8639089.212, 95
Trd, 8639089.312, 94
Trd, 8639089.679, 110
Trd, 8639091.179, 130
Trd, 8639091.412, 92
Trd, 8639091.579, 138
Trd, 8639091.912, 77
Trd, 8639094.146, 89
Trd, 8639094.312, 113
Trd, 8639095.046, 111
Trd, 8639095.746, 101
Trd, 8639096.446, 103
Trd, 8639096.579, 93
Trd, 8639096.812, 93
Trd, 8639096.912, 107
Trd, 8639097.746, 87
Trd, 8639097.946, 91
Trd, 8639098.879, 140
Trd, 8639099.279, 100
Trd, 8639099.746, 98
Trd, 8639100.012, 101
Trd, 8639100.846, 125
Trd, 8639101.079, 110
Trd, 8639101.779, 107
Trd, 8639102.112, 105
Trd, 8639102.346, 90
Trd, 8639102.812, 88
Trd, 8639103.146, 134
Trd, 8639103.312, 113
Trd, 8639104.412, 137
Trd, 8639104.479, 125
Trd, 8639105.812, 134
Trd, 8639105.946, 119
Trd, 8639106.346, 118
Trd, 8639107.079, 136
Trd, 8639107.179, 135
Trd, 8639107.546, 130
Trd, 8639107.846, 116
Trd, 8639108.212, 140
Trd, 8639108.979, 100
Trd, 8639109.346, 94
Trd, 8639109.546, 84
Trd, 8639109.812, 119
Trd, 8639111.479, 114
Trd, 8639111.612, 116
Trd, 8639111.646, 113
Trd, 8639112.579, 116
Trd, 8639112.846, 112
Trd, 8639113.012, 111
Trd, 8639113.379, 139
Trd, 8639113.512, 132
Trd, 8639114.512, 115
Trd, 8639114.612, 119
Trd, 8639114.812, 108
Trd, 8639114.879, 113
Trd, 8639115.879, 126
Trd, 8639117.079, 66
Trd, 8639118.012, 128
Trd, 8639118.446, 138
Trd, 8639118.846, 118
Trd, 8639118.979, 115
Trd, 8639119.012, 114
Trd, 8639119.046, 97
Trd, 8639119.646, 137
Trd, 8639119.679, 122
Trd, 8639120.512, 124
Trd, 8639120.612, 123
Trd, 8639120.712, 107
Trd, 8639121.046, 94
Trd, 8639121.946, 140
Trd, 8639122.312, 79
Trd, 8639123.512, 125
Trd, 8639124.179, 119
Trd, 8639124.312, 118
Trd, 8639125.046, 138
Trd, 8639125.979, 98
Trd, 8639126.546, 108
Trd, 8639126.746, 89
Trd, 8639127.712, 140
Trd, 8639127.779, 140
Trd, 8639128.612, 140
Trd, 8639128.746, 139
Trd, 8639128.979, 138
Trd, 8639129.812, 117
Trd, 8639129.979, 114
Trd, 8639130.046, 109
Trd, 8639130.546, 97
Trd, 8639130.746, 95
Trd, 8639131.012, 95
Trd, 8639131.179, 82
Trd, 8639131.479, 120
Trd, 8639131.979, 127
Trd, 8639133.212, 140
Trd, 8639133.879, 139
Trd, 8639134.246, 120
Trd, 8639134.579, 136
Trd, 8639134.612, 117
Trd, 8639135.246, 116
Trd, 8639135.712, 94
Trd, 8639136.212, 79
Trd, 8639137.312, 127
Trd, 8639137.346, 87
Trd, 8639137.779, 119
Trd, 8639137.879, 80
Trd, 8639138.512, 72
Trd, 8639139.046, 130
Trd, 8639139.379, 114
Trd, 8639140.512, 64
Trd, 8639140.612, 74
Trd, 8639141.346, 103
Trd, 8639141.512, 82
Trd, 8639141.712, 80
Trd, 8639141.946, 120
Trd, 8639142.212, 68
Trd, 8639142.346, 93
Trd, 8639142.479, 129
Trd, 8639142.879, 80
Trd, 8639144.779, 140
Trd, 8639145.246, 140
Trd, 8639145.946, 140
Trd, 8639146.146, 139
Trd, 8639146.946, 124
Trd, 8639147.212, 123
Trd, 8639147.246, 110
Trd, 8639148.479, 119
Trd, 8639148.846, 133
Trd, 8639148.879, 114
Trd, 8639149.246, 104
Trd, 8639149.812, 140
Trd, 8639149.846, 139
Trd, 8639150.379, 118
Trd, 8639150.979, 114
Trd, 8639151.346, 112
Trd, 8639151.379, 107
Trd, 8639151.546, 87
Trd, 8639151.912, 72
Trd, 8639153.412, 118
Trd, 8639153.546, 110
Trd, 8639154.079, 97
Trd, 8639154.279, 140
Trd, 8639154.846, 131
Trd, 8639155.012, 122
Trd, 8639155.846, 117
Trd, 8639155.979, 107
Trd, 8639156.279, 106
Trd, 8639158.112, 140
Trd, 8639158.446, 140
Trd, 8639158.479, 140
Trd, 8639158.879, 136
Trd, 8639158.979, 119
Trd, 8639159.379, 111
Trd, 8639159.746, 109
Trd, 8639159.979, 75
Trd, 8639160.646, 81
Trd, 8639161.312, 132
Trd, 8639161.346, 123
Trd, 8639162.212, 93
Trd, 8639162.412, 129
Trd, 8639162.579, 111
Trd, 8639163.446, 106
Trd, 8639163.812, 91
Trd, 8639164.146, 137
Trd, 8639164.546, 134
Trd, 8639164.946, 122
Trd, 8639165.379, 103
Trd, 8639165.912, 120
Trd, 8639166.779, 84
Trd, 8639167.746, 84
Trd, 8639167.812, 83
Trd, 8639168.012, 84
Trd, 8639168.379, 137
Trd, 8639169.512, 121
Trd, 8639169.912, 109
Trd, 8639170.346, 101
Trd, 8639170.846, 137
Trd, 8639171.212, 114
Trd, 8639171.746, 107
Trd, 8639171.946, 117
Trd, 8639172.312, 102
Trd, 8639172.679, 135
Trd, 8639173.646, 140
Trd, 8639173.779, 140
Trd, 8639174.212, 140
Trd, 8639174.946, 138
Trd, 8639175.246, 123
Trd, 8639176.946, 132
Trd, 8639177.179, 128
Trd, 8639177.812, 140
Trd, 8639178.546, 122
Trd, 8639178.612, 120
Trd, 8639179.046, 117
Trd, 8639179.179, 116
Trd, 8639179.712, 126
Trd, 8639180.479, 114
Trd, 8639180.846, 113
Trd, 8639181.046, 113
Trd, 8639181.646, 132
Trd, 8639181.812, 136
Trd, 8639183.379, 131
Trd, 8639183.646, 132
Trd, 8639183.979, 96
Trd, 8639184.046, 95
Trd, 8639184.379, 140
Trd, 8639184.812, 118
Trd, 8639184.946, 102
Trd, 8639186.346, 139
Trd, 8639186.779, 127
Trd, 8639186.879, 125
Trd, 8639187.112, 137
Trd, 8639188.346, 130
Trd, 8639188.779, 112
Trd, 8639188.879, 107
Trd, 8639189.446, 107
Trd, 8639190.979, 128
Trd, 8639191.046, 120
Trd, 8639191.246, 119
Trd, 8639192.179, 96
Trd, 8639192.246, 98
Trd, 8639192.479, 120
Trd, 8639193.312, 108
Trd, 8639194.146, 128
Trd, 8639195.046, 111
Trd, 8639195.146, 115
Trd, 8639196.112, 110
Trd, 8639196.646, 90
Trd, 8639197.512, 124
Trd, 8639197.646, 95
Trd, 8639198.679, 134
Trd, 8639198.946, 135
Trd, 8639199.912, 140
Trd, 8639199.979, 140
Trd, 8639200.079, 132
Trd, 8639200.512, 127
Trd, 8639201.179, 126
Trd, 8639201.912, 130
Trd, 8639201.946, 125
Trd, 8639202.379, 113
Trd, 8639202.479, 108
Trd, 8639203.179, 108
Trd, 8639203.679, 129
Trd, 8639204.179, 128
Trd, 8639205.046, 110
Trd, 8639205.879, 109
Trd, 8639205.979, 108
Trd, 8639206.212, 140
Trd, 8639207.112, 140
Trd, 8639207.346, 138
Trd, 8639208.246, 138
Trd, 8639210.246, 140
Trd, 8639210.479, 139
Trd, 8639210.579, 133
Trd, 8639210.812, 121
Trd, 8639211.312, 127
Trd, 8639211.479, 111
Trd, 8639211.512, 89
Trd, 8639211.779, 71
Trd, 8639212.846, 108
Trd, 8639212.912, 111
Trd, 8639213.379, 136
Trd, 8639214.146, 140
Trd, 8639214.479, 122
Trd, 8639215.946, 139
Trd, 8639216.012, 127
Trd, 8639216.046, 126
Trd, 8639216.779, 105
Trd, 8639217.579, 133
Trd, 8639217.712, 114
Trd, 8639218.312, 104
Trd, 8639219.112, 90
Trd, 8639219.579, 140
Trd, 8639220.346, 139
Trd, 8639220.679, 71
Trd, 8639220.912, 123
Trd, 8639221.546, 68
Trd, 8639222.946, 78
Trd, 8639223.312, 81
Trd, 8639224.012, 78
Trd, 8639224.246, 79
Trd, 8639224.312, 76
Trd, 8639224.646, 87
Trd, 8639225.346, 103
Trd, 8639225.946, 98
Trd, 8639226.012, 120
Trd, 8639226.679, 63
Trd, 8639227.479, 93
Trd, 8639227.712, 91
Trd, 8639227.946, 125
Trd, 8639228.846, 114
Trd, 8639229.312, 106
Trd, 8639229.446, 105
Trd, 8639229.946, 105
Trd, 8639230.346, 103
Trd, 8639230.912, 94
Trd, 8639231.312, 133
Trd, 8639231.679, 92
Trd, 8639232.579, 90
Trd, 8639232.946, 124
Trd, 8639233.546, 103
Trd, 8639234.112, 110
Trd, 8639234.346, 103
Trd, 8639234.979, 140
Trd, 8639235.279, 138
Trd, 8639236.179, 127
Trd, 8639236.246, 115
Trd, 8639236.646, 129
Trd, 8639237.279, 86
Trd, 8639237.412, 69
Trd, 8639237.912, 71
Trd, 8639238.612, 82
Trd, 8639238.779, 101
Trd, 8639238.946, 121
Trd, 8639239.379, 112
Trd, 8639239.446, 110
Trd, 8639239.979, 112
Trd, 8639240.046, 134
Trd, 8639241.479, 98
Trd, 8639241.746, 95
Trd, 8639242.579, 132
Trd, 8639242.946, 124
Trd, 8639244.412, 123
Trd, 8639244.512, 132
Trd, 8639245.079, 122
Trd, 8639245.112, 107
Trd, 8639245.179, 103
Trd, 8639245.379, 102
Trd, 8639245.512, 101
Trd, 8639245.612, 126
Trd, 8639245.879, 132
Trd, 8639246.779, 140
Trd, 8639247.312, 136
Trd, 8639248.479, 96
Trd, 8639248.546, 104
Trd, 8639248.646, 81
Trd, 8639248.946, 85
Trd, 8639249.079, 81
Trd, 8639250.179, 139
Trd, 8639250.312, 117
Trd, 8639250.912, 115
Trd, 8639251.312, 64
Trd, 8639251.846, 77
Trd, 8639252.446, 64
Trd, 8639252.946, 79
Trd, 8639253.312, 94
Trd, 8639253.679, 124
Trd, 8639254.712, 134
Trd, 8639256.146, 136
Trd, 8639257.246, 139
Trd, 8639257.379, 135
Trd, 8639257.779, 118
Trd, 8639257.846, 121
Trd, 8639258.946, 140
Trd, 8639259.212, 122
Trd, 8639259.446, 120
Trd, 8639259.546, 112
Trd, 8639260.012, 132
Trd, 8639260.212, 110
Trd, 8639260.579, 84
Trd, 8639261.546, 139
Trd, 8639261.912, 119
Trd, 8639263.846, 140
Trd, 8639264.179, 140
Trd, 8639264.446, 140
Trd, 8639264.579, 132
Trd, 8639265.012, 117
Trd, 8639266.546, 131
Trd, 8639266.879, 118
Trd, 8639266.979, 102
Trd, 8639267.679, 135
Trd, 8639267.746, 135
Trd, 8639268.712, 118
Trd, 8639268.912, 100
Trd, 8639269.346, 123
Trd, 8639269.746, 130
Trd, 8639270.212, 126
Trd, 8639270.846, 138
Trd, 8639270.912, 137
Trd, 8639270.979, 136
Trd, 8639272.046, 140
Trd, 8639272.946, 126
Trd, 8639273.746, 140
Trd, 8639273.846, 127
Trd, 8639274.079, 127
Trd, 8639274.679, 125
Trd, 8639275.012, 120
Trd, 8639275.746, 137
Trd, 8639276.779, 116
Trd, 8639276.946, 105
Trd, 8639277.479, 130
Trd, 8639277.679, 122
Trd, 8639278.079, 138
Trd, 8639278.812, 126
Trd, 8639278.946, 139
Trd, 8639279.079, 125
Trd, 8639279.179, 140
Trd, 8639279.412, 117
Trd, 8639279.612, 128
Trd, 8639280.412, 98
Trd, 8639280.712, 97
Trd, 8639280.812, 81
Trd, 8639281.646, 123
Trd, 8639282.312, 139
Trd, 8639283.212, 127
Trd, 8639283.579, 132
Trd, 8639283.879, 132
Trd, 8639284.779, 138
Trd, 8639284.812, 135
Trd, 8639285.412, 123
Trd, 8639286.112, 138
Trd, 8639286.712, 102
Trd, 8639286.946, 93
Trd, 8639287.012, 89
Trd, 8639287.246, 107
Trd, 8639287.412, 88
Trd, 8639287.679, 83
Trd, 8639288.179, 96
Trd, 8639288.746, 136
Trd, 8639288.846, 108
Trd, 8639290.179, 109
Trd, 8639290.546, 139
Trd, 8639291.012, 109
Trd, 8639293.746, 140
Trd, 8639293.779, 121
Trd, 8639294.046, 122
Trd, 8639294.712, 115
Trd, 8639294.812, 121
Trd, 8639294.946, 113
Trd, 8639295.379, 138
Trd, 8639295.879, 128
Trd, 8639295.979, 123
Trd, 8639296.179, 109
Trd, 8639296.646, 79
Trd, 8639296.879, 131
Trd, 8639297.012, 125
Trd, 8639298.012, 99
Trd, 8639298.146, 87
Trd, 8639299.146, 89
Trd, 8639299.946, 89
Trd, 8639300.112, 140
Trd, 8639301.512, 140
Trd, 8639302.512, 127
Trd, 8639303.079, 135
Trd, 8639303.579, 140
Trd, 8639303.812, 137
Trd, 8639304.046, 127
Trd, 8639304.279, 126
Trd, 8639304.946, 121
Trd, 8639305.412, 116
Trd, 8639305.446, 115
Trd, 8639306.179, 100
Trd, 8639306.312, 98
Trd, 8639306.412, 109
Trd, 8639306.712, 93
Trd, 8639307.279, 106
Trd, 8639307.779, 70
Trd, 8639308.346, 60
Trd, 8639309.012, 75
Trd, 8639309.112, 140
Trd, 8639309.879, 60
Trd, 8639309.979, 77
Trd, 8639310.246, 113
Trd, 8639310.312, 81
Trd, 8639311.712, 112
Trd, 8639311.979, 80
Trd, 8639312.579, 73
Trd, 8639313.012, 72
Trd, 8639313.246, 72
Trd, 8639314.412, 132
Trd, 8639314.746, 131
Trd, 8639315.612, 130
Trd, 8639316.346, 132
Trd, 8639316.646, 124
Trd, 8639316.712, 117
Trd, 8639317.146, 122
Trd, 8639317.946, 121
Trd, 8639318.312, 120
Trd, 8639318.712, 95
Trd, 8639318.912, 89
Trd, 8639320.346, 138
Trd, 8639320.946, 140
Trd, 8639321.246, 140
Trd, 8639321.712, 140
Trd, 8639322.612, 137
Trd, 8639323.046, 118
Trd, 8639323.346, 102
Trd, 8639323.479, 116
Trd, 8639323.779, 105
Trd, 8639324.179, 130
Trd, 8639324.479, 127
Trd, 8639324.612, 123
Trd, 8639324.912, 138
Trd, 8639325.212, 121
Trd, 8639325.812, 110
Trd, 8639326.412, 129
Trd, 8639326.512, 102
Trd, 8639326.946, 95
Trd, 8639327.246, 140
Trd, 8639327.746, 139
Trd, 8639328.279, 80
Trd, 8639328.646, 65
Trd, 8639329.712, 116
Trd, 8639330.379, 137
Trd, 8639330.479, 135
Trd, 8639331.046, 122
Trd, 8639331.712, 106
Trd, 8639332.112, 89
Trd, 8639332.346, 97
Trd, 8639333.079, 119
Trd, 8639334.212, 137
Trd, 8639334.279, 116
Trd, 8639334.312, 112
Trd, 8639334.412, 111
Trd, 8639334.812, 103
Trd, 8639335.212, 102
Trd, 8639335.412, 130
Trd, 8639335.546, 97
Trd, 8639335.779, 77
Trd, 8639336.146, 139
Trd, 8639337.612, 62
Trd, 8639338.079, 70
Trd, 8639338.479, 95
Trd, 8639339.146, 72
Trd, 8639339.212, 62
Trd, 8639339.412, 111
Trd, 8639340.246, 131
Trd, 8639340.679, 110
Trd, 8639341.446, 121
Trd, 8639341.712, 109
Trd, 8639343.112, 140
Trd, 8639343.779, 117
Trd, 8639343.879, 102
Trd, 8639344.479, 140
Trd, 8639344.512, 81
Trd, 8639344.646, 74
Trd, 8639344.712, 67
Trd, 8639345.812, 114
Trd, 8639346.446, 94
Trd, 8639346.512, 111
Trd, 8639347.046, 102
Trd, 8639347.079, 101
Trd, 8639348.179, 119
Trd, 8639348.846, 140
Trd, 8639349.912, 140
Trd, 8639349.946, 140
Trd, 8639350.012, 140
Trd, 8639350.346, 130
Trd, 8639351.412, 105
Trd, 8639351.646, 98
Trd, 8639351.779, 121
Trd, 8639352.612, 115
Trd, 8639353.012, 127
Trd, 8639353.379, 109
Trd, 8639353.946, 137
Trd, 8639354.179, 137
Trd, 8639356.012, 137
Trd, 8639356.446, 131
Trd, 8639356.712, 140
Trd, 8639356.779, 129
Trd, 8639356.846, 125
Trd, 8639357.712, 120
Trd, 8639357.779, 114
Trd, 8639357.846, 99
Trd, 8639358.012, 118
Trd, 8639358.579, 129
Trd, 8639359.279, 140
Trd, 8639359.546, 140
Trd, 8639360.479, 124
Trd, 8639360.679, 112
Trd, 8639361.679, 113
Trd, 8639362.246, 127
Trd, 8639362.312, 126
Trd, 8639362.546, 129
Trd, 8639362.912, 113
Trd, 8639363.046, 99
Trd, 8639363.246, 98
Trd, 8639364.646, 81
Trd, 8639364.846, 135
Trd, 8639365.179, 94
Trd, 8639365.312, 93
Trd, 8639365.412, 66
Trd, 8639365.779, 70
Trd, 8639365.946, 124
Trd, 8639366.246, 61
Trd, 8639367.046, 95
Trd, 8639368.912, 78
Trd, 8639368.979, 119
Trd, 8639369.279, 87
Trd, 8639369.446, 92
Trd, 8639369.646, 103
Trd, 8639369.746, 102
Trd, 8639370.246, 83
Trd, 8639371.212, 121
Trd, 8639371.412, 101
Trd, 8639371.979, 114
Trd, 8639373.379, 110
Trd, 8639373.612, 115
Trd, 8639373.746, 109
Trd, 8639374.346, 91
Trd, 8639374.512, 97
Trd, 8639374.812, 108
Trd, 8639375.379, 140
Trd, 8639375.512, 125
Trd, 8639375.846, 138
Trd, 8639376.946, 132
Trd, 8639377.046, 131
Trd, 8639377.612, 116
Trd, 8639377.646, 109
Trd, 8639377.979, 115
Trd, 8639378.379, 106
Trd, 8639379.279, 102
Trd, 8639380.579, 139
Trd, 8639381.079, 121
Trd, 8639381.412, 130
Trd, 8639381.546, 128
Trd, 8639381.979, 110
Trd, 8639382.646, 100
Trd, 8639383.312, 117
Trd, 8639383.346, 91
Trd, 8639384.179, 126
Trd, 8639384.246, 125
Trd, 8639384.446, 106
Trd, 8639384.846, 90
Trd, 8639385.046, 113
Trd, 8639385.779, 125
Trd, 8639386.279, 140
Trd, 8639386.779, 140
Trd, 8639386.812, 117
Trd, 8639386.879, 116
Trd, 8639387.112, 87
Trd, 8639388.079, 92
Trd, 8639388.479, 91
Trd, 8639389.012, 105
Trd, 8639389.712, 130
Trd, 8639389.979, 104
Trd, 8639390.046, 118
Trd, 8639391.146, 140
Trd, 8639391.412, 137
Trd, 8639391.546, 136
Trd, 8639392.212, 97
Trd, 8639392.246, 96
Trd, 8639392.646, 100
Trd, 8639392.979, 77
Trd, 8639393.812, 119
Trd, 8639394.346, 129
Trd, 8639395.212, 113
Trd, 8639396.012, 126
Trd, 8639396.146, 140
Trd, 8639396.512, 134
Trd, 8639397.312, 133
Trd, 8639397.579, 132
Trd, 8639397.712, 130
Trd, 8639398.212, 126
Trd, 8639398.279, 119
Trd, 8639398.979, 130
Trd, 8639399.112, 99
Trd, 8639399.946, 64
Trd, 8639400.179, 82
Trd, 8639401.479, 65
Trd, 8639402.079, 120
Trd, 8639403.279, 140
Trd, 8639403.312, 139
Trd, 8639403.379, 128
Trd, 8639403.846, 106
Trd, 8639406.112, 132
Trd, 8639406.279, 131
Trd, 8639406.312, 123
Trd, 8639406.779, 119
Trd, 8639406.846, 119
Trd, 8639407.712, 119
Trd, 8639408.146, 119
Trd, 8639408.912, 137
Trd, 8639409.346, 110
Trd, 8639409.379, 109
Trd, 8639409.412, 103
Trd, 8639409.579, 99
Trd, 8639410.446, 140
Trd, 8639411.012, 89
Trd, 8639411.579, 80
Trd, 8639411.912, 128
Trd, 8639412.279, 113
Trd, 8639413.746, 138
Trd, 8639413.812, 137
Trd, 8639414.879, 140
Trd, 8639415.479, 134
Trd, 8639416.546, 122
Trd, 8639417.246, 114
Trd, 8639417.879, 134
Trd, 8639418.479, 139
Trd, 8639418.612, 121
Trd, 8639418.979, 115
Trd, 8639419.912, 138
Trd, 8639420.712, 140
Trd, 8639420.812, 140
Trd, 8639421.079, 122
Trd, 8639421.512, 121
Trd, 8639423.446, 125
Trd, 8639423.546, 124
Trd, 8639423.812, 115
Trd, 8639424.579, 133
Trd, 8639425.846, 132
Trd, 8639426.912, 140
Trd, 8639427.446, 140
Trd, 8639428.112, 140
Trd, 8639428.212, 140
Trd, 8639428.479, 123
Trd, 8639428.512, 118
Trd, 8639428.712, 115
Trd, 8639429.079, 85
Trd, 8639429.579, 79
Trd, 8639430.346, 77
Trd, 8639430.479, 103
Trd, 8639430.812, 84
Trd, 8639431.012, 75
Trd, 8639432.812, 140
Trd, 8639433.246, 133
Trd, 8639433.679, 118
Trd, 8639434.146, 130
Trd, 8639434.379, 140
Trd, 8639434.912, 135
Trd, 8639435.046, 127
Trd, 8639435.879, 116
Trd, 8639436.846, 103
Trd, 8639437.079, 101
Trd, 8639438.612, 138
Trd, 8639438.979, 140
Trd, 8639439.212, 140
Trd, 8639439.346, 137
Trd, 8639439.512, 84
Trd, 8639439.946, 137
Trd, 8639440.246, 68
Trd, 8639441.046, 78
Trd, 8639441.546, 78
Trd, 8639441.846, 98
Trd, 8639442.379, 128
Trd, 8639442.546, 96
Trd, 8639443.112, 120
Trd, 8639443.312, 121
Trd, 8639443.479, 113
Trd, 8639444.112, 137
Trd, 8639444.146, 108
Trd, 8639444.912, 138
Trd, 8639445.146, 107
Trd, 8639445.446, 71
Trd, 8639446.646, 124
Trd, 8639447.246, 69
Trd, 8639447.512, 63
Trd, 8639447.646, 83
Trd, 8639448.979, 112
Trd, 8639449.279, 140
Trd, 8639449.312, 132
Trd, 8639449.512, 111
Trd, 8639449.612, 86
Trd, 8639450.712, 110
Trd, 8639451.146, 81
Trd, 8639451.479, 90
Trd, 8639452.612, 64
Trd, 8639452.679, 81
Trd, 8639453.279, 74
Trd, 8639453.679, 72
Trd, 8639453.946, 108
Trd, 8639455.946, 84
Trd, 8639456.146, 74
Trd, 8639456.412, 87
Trd, 8639457.179, 139
Trd, 8639457.246, 138
Trd, 8639457.646, 137
Trd, 8639457.746, 135
Trd, 8639457.979, 128
Trd, 8639459.246, 139
Trd, 8639460.112, 136
Trd, 8639460.246, 135
Trd, 8639461.312, 121
Trd, 8639461.379, 120
Trd, 8639462.179, 132
Trd, 8639462.246, 133
Trd, 8639463.279, 132
Trd, 8639463.512, 130
Trd, 8639464.012, 116
Trd, 8639464.379, 116
Trd, 8639465.079, 89
Trd, 8639466.146, 127
Trd, 8639466.479, 100
Trd, 8639466.579, 96
Trd, 8639466.712, 94
Trd, 8639467.979, 140
Trd, 8639468.379, 114
Trd, 8639468.479, 104
Trd, 8639468.712, 98
Trd, 8639468.879, 140
Trd, 8639469.312, 135
Trd, 8639469.712, 114
Trd, 8639470.179, 137
Trd, 8639471.646, 120
Trd, 8639471.846, 130
Trd, 8639473.379, 133
Trd, 8639473.412, 130
Trd, 8639473.946, 131
Trd, 8639474.012, 138
Trd, 8639474.246, 121
Trd, 8639474.479, 120
Trd, 8639474.579, 116
Trd, 8639474.979, 115
Trd, 8639475.446, 81
Trd, 8639476.012, 105
Trd, 8639476.746, 112
Trd, 8639477.012, 137
Trd, 8639477.112, 107
Trd, 8639477.512, 118
Trd, 8639477.979, 101
Trd, 8639478.646, 101
Trd, 8639479.079, 103
Trd, 8639479.312, 101
Trd, 8639479.579, 110
Trd, 8639479.812, 130
Trd, 8639480.579, 123
Trd, 8639480.879, 140
Trd, 8639481.079, 88
Trd, 8639481.512, 98
Trd, 8639483.712, 129
Trd, 8639483.779, 139
Trd, 8639483.879, 119
Trd, 8639484.212, 130
Trd, 8639485.112, 133
Trd, 8639485.579, 127
Trd, 8639485.746, 128
Trd, 8639486.479, 115
Trd, 8639486.912, 101
Trd, 8639487.679, 127
Trd, 8639489.146, 140
Trd, 8639489.579, 131
Trd, 8639490.779, 138
Trd, 8639490.946, 132
Trd, 8639490.979, 127
Trd, 8639491.412, 124
Trd, 8639492.479, 140
Trd, 8639492.579, 140
Trd, 8639492.679, 129
Trd, 8639492.746, 123
Trd, 8639493.746, 96
Trd, 8639493.912, 95
Trd, 8639494.012, 99
Trd, 8639494.512, 137
Trd, 8639494.579, 102
Trd, 8639494.612, 87
Trd, 8639495.246, 96
Trd, 8639495.979, 62
Trd, 8639496.446, 61
Trd, 8639496.612, 71
Trd, 8639497.312, 72
Trd, 8639497.679, 77
Trd, 8639497.979, 64
Trd, 8639499.212, 134
Trd, 8639499.312, 133
Trd, 8639500.379, 138
Trd, 8639500.579, 131
Trd, 8639501.579, 125
Trd, 8639501.646, 124
Trd, 8639502.079, 107
Trd, 8639502.612, 138
Trd, 8639503.246, 132
Trd, 8639503.479, 131
Trd, 8639504.112, 117
Trd, 8639504.212, 113
Trd, 8639505.246, 133
Trd, 8639505.912, 140
Trd, 8639506.212, 136
Trd, 8639507.079, 136
Trd, 8639507.312, 130
Trd, 8639507.379, 113
Trd, 8639507.779, 110
Trd, 8639507.979, 108
Trd, 8639508.212, 94
Trd, 8639508.379, 102
Trd, 8639509.012, 115
Trd, 8639509.046, 67
Trd, 8639509.646, 101
Trd, 8639510.412, 96
Trd, 8639510.879, 75
Trd, 8639511.279, 90
Trd, 8639511.646, 75
Trd, 8639512.079, 115
Trd, 8639512.579, 108
Trd, 8639513.179, 99
Trd, 8639513.712, 120
Trd, 8639514.046, 120
Trd, 8639514.312, 119
Trd, 8639514.479, 92
Trd, 8639514.579, 77
Trd, 8639515.012, 85
Trd, 8639515.346, 137
Trd, 8639516.712, 132
Trd, 8639517.379, 132
Trd, 8639517.479, 129
Trd, 8639517.846, 140
Trd, 8639518.112, 82
Trd, 8639518.479, 80
Trd, 8639519.346, 129
Trd, 8639519.379, 118
Trd, 8639519.646, 134
Trd, 8639521.812, 140
Trd, 8639522.346, 96
Trd, 8639522.412, 95
Trd, 8639522.446, 94
Trd, 8639522.579, 82
Trd, 8639523.546, 140
Trd, 8639524.046, 108
Trd, 8639524.679, 126
Trd, 8639524.812, 104
Trd, 8639526.346, 140
Trd, 8639526.579, 139
Trd, 8639526.679, 139
Trd, 8639526.779, 125
Trd, 8639526.812, 118
Trd, 8639526.879, 116
Trd, 8639527.279, 112
Trd, 8639527.512, 123
Trd, 8639528.146, 106
Trd, 8639528.246, 97
Trd, 8639529.612, 104
Trd, 8639529.812, 90
Trd, 8639530.646, 136
Trd, 8639531.446, 113
Trd, 8639532.312, 139
Trd, 8639533.012, 118
Trd, 8639533.612, 119
Trd, 8639534.246, 125
Trd, 8639534.446, 121
Trd, 8639535.212, 113
Trd, 8639535.679, 110
Trd, 8639535.779, 108
Trd, 8639535.879, 101
Trd, 8639536.146, 92
Trd, 8639536.346, 104
Trd, 8639536.412, 91
Trd, 8639537.712, 140
Trd, 8639537.846, 140
Trd, 8639538.179, 91
Trd, 8639538.579, 114
Trd, 8639539.012, 89
Trd, 8639539.546, 110
Trd, 8639540.179, 88
Trd, 8639540.746, 120
Trd, 8639540.846, 119
Trd, 8639541.279, 101
Trd, 8639542.246, 112
Trd, 8639543.346, 140
Trd, 8639543.646, 122
Trd, 8639544.179, 104
Trd, 8639544.512, 104
Trd, 8639545.546, 136
Trd, 8639546.679, 140
Trd, 8639546.812, 128
Trd, 8639546.979, 122
Trd, 8639547.012, 117
Trd, 8639547.412, 117
Trd, 8639547.479, 119
Trd, 8639547.712, 91
Trd, 8639548.579, 112
Trd, 8639549.312, 113
Trd, 8639551.146, 115
Trd, 8639551.379, 115
Trd, 8639551.679, 98
Trd, 8639551.912, 97
Trd, 8639552.112, 95
Trd, 8639552.612, 92
Trd, 8639552.812, 84
Trd, 8639552.912, 64
Trd, 8639553.346, 92
Trd, 8639554.212, 103
Trd, 8639554.679, 78
Trd, 8639554.712, 104
Trd, 8639555.012, 130
Trd, 8639555.412, 135
Trd, 8639556.179, 110
Trd, 8639556.579, 118
Trd, 8639556.879, 83
Trd, 8639557.479, 96
Trd, 8639558.046, 86
Trd, 8639558.346, 74
Trd, 8639558.646, 117
Trd, 8639559.346, 76
Trd, 8639559.379, 83
Trd, 8639559.512, 79
Trd, 8639559.712, 81
Trd, 8639559.946, 89
Trd, 8639560.412, 84
Trd, 8639561.146, 110
Trd, 8639561.279, 133
Trd, 8639562.479, 124
Trd, 8639562.512, 107
Trd, 8639563.579, 125
Trd, 8639563.846, 120
Trd, 8639564.312, 120
Trd, 8639565.112, 105
Trd, 8639566.246, 110
Trd, 8639566.346, 100
Trd, 8639567.379, 122
Trd, 8639567.446, 120
Trd, 8639567.479, 114
Trd, 8639568.512, 139
Trd, 8639568.546, 138
Trd, 8639568.579, 131
Trd, 8639569.179, 131
Trd, 8639571.012, 140
Trd, 8639571.379, 139
Trd, 8639571.546, 138
Trd, 8639573.246, 135
Trd, 8639573.312, 134
Trd, 8639573.879, 120
Trd, 8639574.312, 121
Trd, 8639574.412, 118
Trd, 8639575.046, 118
Trd, 8639575.312, 103
Trd, 8639575.379, 117
Trd, 8639575.746, 90
Trd, 8639577.579, 139
Trd, 8639577.812, 138
Trd, 8639578.046, 135
Trd, 8639578.146, 133
Trd, 8639578.312, 130
Trd, 8639578.346, 116
Trd, 8639578.479, 110
Trd, 8639579.646, 140
Trd, 8639580.879, 135
Trd, 8639581.046, 134
Trd, 8639581.146, 115
Trd, 8639581.379, 74
Trd, 8639581.546, 115
Trd, 8639582.079, 70
Trd, 8639582.612, 126
Trd, 8639583.079, 119
Trd, 8639583.246, 115
Trd, 8639584.612, 139
Trd, 8639584.779, 103
Trd, 8639585.412, 90
Trd, 8639586.379, 113
Trd, 8639586.646, 110
Trd, 8639587.379, 139
Trd, 8639587.446, 139
Trd, 8639587.479, 133
Trd, 8639588.446, 120
Trd, 8639588.912, 119
Trd, 8639589.179, 118
Trd, 8639589.779, 137
Trd, 8639590.012, 116
Trd, 8639591.312, 118
Trd, 8639591.712, 118
Trd, 8639591.946, 118
Trd, 8639592.912, 107
Trd, 8639593.146, 106
Trd, 8639593.646, 111
Trd, 8639593.979, 110
Trd, 8639594.146, 109
Trd, 8639594.379, 106
Trd, 8639595.346, 131
Trd, 8639595.979, 129
Trd, 8639596.246, 127
Trd, 8639596.779, 97
Trd, 8639597.012, 92
Trd, 8639597.212, 94
Trd, 8639598.012, 133
Trd, 8639598.846, 128
Trd, 8639599.446, 120
Trd, 8639599.479, 134
Trd, 8639599.646, 116
Trd, 8639600.579, 136
Trd, 8639601.979, 139
Trd, 8639602.412, 140
Trd, 8639603.079, 140
Trd, 8639603.179, 140
Trd, 8639603.846, 129
Trd, 8639604.279, 120
Trd, 8639604.312, 118
Trd, 8639604.612, 117
Trd, 8639604.646, 116
Trd, 8639604.912, 127
Trd, 8639605.212, 126
Trd, 8639605.279, 90
Trd, 8639606.212, 61
Trd, 8639606.646, 99
Trd, 8639607.079, 135
Trd, 8639607.179, 112
Trd, 8639607.912, 108
Trd, 8639609.379, 140
Trd, 8639609.612, 139
Trd, 8639610.246, 139
Trd, 8639610.312, 119
Trd, 8639610.612, 137
Trd, 8639610.712, 97
Trd, 8639610.946, 124
Trd, 8639611.446, 140
Trd, 8639611.779, 136
Trd, 8639613.012, 60
Trd, 8639613.146, 79
Trd, 8639613.912, 88
Trd, 8639615.212, 130
Trd, 8639615.279, 129
Trd, 8639615.412, 128
Trd, 8639615.546, 128
Trd, 8639615.846, 95
Trd, 8639615.979, 103
Trd, 8639617.179, 108
Trd, 8639618.312, 122
Trd, 8639618.679, 107
Trd, 8639618.746, 102
Trd, 8639619.179, 139
Trd, 8639619.446, 135
Trd, 8639620.012, 127
Trd, 8639620.712, 137
Trd, 8639621.179, 128
Trd, 8639621.346, 127
Trd, 8639621.579, 117
Trd, 8639622.446, 107
Trd, 8639623.112, 109
Trd, 8639623.579, 106
Trd, 8639623.679, 97
Trd, 8639623.812, 127
Trd, 8639623.946, 119
Trd, 8639625.146, 119
Trd, 8639625.912, 111
Trd, 8639625.979, 101
Trd, 8639626.246, 117
Trd, 8639626.512, 116
Trd, 8639626.546, 93
Trd, 8639627.712, 126
Trd, 8639628.712, 125
Trd, 8639628.912, 111
Trd, 8639629.079, 107
Trd, 8639629.279, 106
Trd, 8639629.612, 105
Trd, 8639630.446, 140
Trd, 8639630.879, 131
Trd, 8639631.012, 119
Trd, 8639631.346, 95
Trd, 8639631.479, 93
Trd, 8639632.246, 135
Trd, 8639632.979, 108
Trd, 8639633.979, 134
Trd, 8639634.446, 107
Trd, 8639634.846, 100
Trd, 8639634.912, 113
Trd, 8639635.012, 99
Trd, 8639635.379, 135
Trd, 8639635.779, 126
Trd, 8639636.579, 137
Trd, 8639636.612, 118
Trd, 8639637.312, 95
Trd, 8639638.212, 140
Trd, 8639639.112, 140
Trd, 8639639.312, 140
Trd, 8639639.479, 131
Trd, 8639639.579, 117
Trd, 8639639.979, 109
Trd, 8639640.512, 102
Trd, 8639641.212, 77
Trd, 8639641.746, 76
Trd, 8639642.312, 80
Trd, 8639642.446, 104
Trd, 8639642.546, 77
Trd, 8639642.946, 81
Trd, 8639643.579, 62
Trd, 8639644.079, 112
Trd, 8639644.646, 140
Trd, 8639644.946, 83
Trd, 8639645.546, 138
Trd, 8639647.079, 104
Trd, 8639647.579, 93
Trd, 8639647.612, 91
Trd, 8639647.846, 102
Trd, 8639648.012, 101
Trd, 8639648.812, 140
Trd, 8639649.212, 138
Trd, 8639649.879, 140
Trd, 8639649.912, 138
Trd, 8639650.679, 135
Trd, 8639651.179, 120
Trd, 8639651.946, 111
Trd, 8639652.046, 102
Trd, 8639652.479, 94
Trd, 8639652.846, 85
Trd, 8639653.179, 116
Trd, 8639653.579, 95
Trd, 8639654.112, 85
Trd, 8639654.712, 139
Trd, 8639654.812, 138
Trd, 8639655.312, 124
Trd, 8639656.779, 140
Trd, 8639657.112, 140
Trd, 8639657.746, 138
Trd, 8639657.979, 129
Trd, 8639658.079, 114
Trd, 8639658.146, 96
Trd, 8639658.379, 92
Trd, 8639658.679, 86
Trd, 8639659.012, 93
Trd, 8639660.079, 139
Trd, 8639660.946, 82
Trd, 8639661.212, 87
Trd, 8639661.379, 122
Trd, 8639661.546, 103
Trd, 8639661.979, 69
Trd, 8639662.846, 129
Trd, 8639662.879, 128
Trd, 8639663.646, 109
Trd, 8639664.079, 138
Trd, 8639664.112, 110
Trd, 8639664.479, 139
Trd, 8639665.346, 135
Trd, 8639665.579, 138
Trd, 8639666.512, 86
Trd, 8639667.279, 87
Trd, 8639667.679, 106
Trd, 8639668.212, 120
Trd, 8639668.812, 140
Trd, 8639669.279, 140
Trd, 8639669.379, 105
Trd, 8639669.446, 101
Trd, 8639669.646, 102
Trd, 8639670.646, 138
Trd, 8639670.679, 119
Trd, 8639671.379, 137
Trd, 8639672.246, 113
Trd, 8639673.646, 133
Trd, 8639673.679, 132
Trd, 8639673.779, 127
Trd, 8639674.512, 116
Trd, 8639674.612, 107
Trd, 8639674.846, 110
Trd, 8639675.046, 97
Trd, 8639676.479, 139
Trd, 8639676.612, 132
Trd, 8639676.912, 137
Trd, 8639677.612, 128
Trd, 8639678.312, 136
Trd, 8639678.779, 126
Trd, 8639679.212, 126
Trd, 8639679.446, 109
Trd, 8639679.512, 105
Trd, 8639679.846, 112
Trd, 8639680.412, 101
Trd, 8639682.012, 107
Trd, 8639682.346, 102
Trd, 8639682.646, 109
Trd, 8639683.712, 129
Trd, 8639683.746, 129
Trd, 8639683.812, 95
Trd, 8639683.946, 94
Trd, 8639684.146, 134
Trd, 8639684.479, 120
Trd, 8639685.512, 135
Trd, 8639685.712, 134
Trd, 8639686.279, 140
Trd, 8639687.046, 128
Trd, 8639687.679, 100
Trd, 8639687.779, 69
Trd, 8639688.412, 87
Trd, 8639688.646, 69
Trd, 8639689.179, 134
Trd, 8639689.579, 131
Trd, 8639689.912, 126
Trd, 8639689.979, 117
Trd, 8639691.012, 99
Trd, 8639691.646, 90
Trd, 8639691.779, 91
Trd, 8639692.579, 89
Trd, 8639692.712, 87
Trd, 8639692.912, 82
Trd, 8639693.112, 69
Trd, 8639693.579, 81
Trd, 8639694.612, 84
Trd, 8639694.712, 65
Trd, 8639695.379, 97
Trd, 8639696.046, 115
Trd, 8639696.346, 94
Trd, 8639696.679, 89
Trd, 8639697.279, 82
Trd, 8639697.346, 109
Trd, 8639698.546, 125
Trd, 8639698.779, 71
Trd, 8639699.579, 104
Trd, 8639699.712, 107
Trd, 8639699.979, 118
Trd, 8639700.679, 71
Trd, 8639700.812, 70
Trd, 8639700.879, 67
Trd, 8639701.012, 102
Trd, 8639701.812, 130
Trd, 8639702.046, 67
Trd, 8639702.112, 65
Trd, 8639702.279, 84
Trd, 8639703.479, 105
Trd, 8639703.946, 102
Trd, 8639704.012, 101
Trd, 8639704.579, 97
Trd, 8639705.846, 138
Trd, 8639706.046, 113
Trd, 8639706.079, 111
Trd, 8639706.279, 138
Trd, 8639706.612, 103
Trd, 8639707.346, 138
Trd, 8639707.512, 108
Trd, 8639708.146, 122
Trd, 8639708.512, 97
Trd, 8639709.346, 103
Trd, 8639710.546, 122
Trd, 8639710.979, 120
Trd, 8639711.246, 113
Trd, 8639711.779, 101
Trd, 8639712.046, 88
Trd, 8639712.912, 129
Trd, 8639713.046, 111
Trd, 8639713.279, 126
Trd, 8639713.546, 111
Trd, 8639713.846, 99
Trd, 8639714.212, 133
Trd, 8639714.246, 96
Trd, 8639714.412, 127
Trd, 8639714.979, 140
Trd, 8639715.846, 140
Trd, 8639715.946, 105
Trd, 8639716.879, 140
Trd, 8639717.846, 118
Trd, 8639717.879, 109
Trd, 8639718.512, 110
Trd, 8639719.479, 121
Trd, 8639719.679, 112
Trd, 8639720.079, 111
Trd, 8639720.779, 116
Trd, 8639720.912, 108
Trd, 8639721.446, 127
Trd, 8639723.146, 128
Trd, 8639723.479, 127
Trd, 8639723.546, 110
Trd, 8639723.679, 117
Trd, 8639723.912, 111
Trd, 8639724.379, 133
Trd, 8639725.379, 122
Trd, 8639725.512, 104
Trd, 8639725.646, 103
Trd, 8639726.879, 105
Trd, 8639727.379, 138
Trd, 8639728.579, 101
Trd, 8639728.712, 94
Trd, 8639729.012, 95
Trd, 8639729.179, 124
Trd, 8639729.379, 124
Trd, 8639729.979, 131
Trd, 8639730.046, 119
Trd, 8639730.646, 106
Trd, 8639730.779, 99
Trd, 8639730.879, 95
Trd, 8639731.246, 114
Trd, 8639733.412, 122
Trd, 8639733.812, 139
Trd, 8639734.046, 137
Trd, 8639734.212, 123
Trd, 8639734.379, 118
Trd, 8639734.646, 121
Trd, 8639735.179, 121
Trd, 8639735.646, 109
Trd, 8639735.946, 130
Trd, 8639736.379, 109
Trd, 8639736.412, 108
Trd, 8639736.946, 76
Trd, 8639737.779, 75
Trd, 8639738.212, 78
Trd, 8639738.379, 64
Trd, 8639739.146, 75
Trd, 8639740.646, 140
Trd, 8639740.712, 137
Trd, 8639740.879, 120
Trd, 8639741.479, 117
Trd, 8639741.579, 108
Trd, 8639741.912, 108
Trd, 8639742.246, 140
Trd, 8639742.612, 101
Trd, 8639744.012, 92
Trd, 8639744.512, 131
Trd, 8639744.612, 126
Trd, 8639744.646, 108
Trd, 8639744.779, 121
Trd, 8639745.112, 134
Trd, 8639745.146, 119
Trd, 8639745.312, 102
Trd, 8639746.912, 140
Trd, 8639747.212, 122
Trd, 8639748.046, 113
Trd, 8639748.412, 112
Trd, 8639749.812, 140
Trd, 8639750.446, 140
Trd, 8639750.646, 137
Trd, 8639751.412, 136
Trd, 8639751.979, 130
Trd, 8639752.446, 129
Trd, 8639753.546, 98
Trd, 8639754.412, 140
Trd, 8639755.279, 139
Trd, 8639755.912, 140
Trd, 8639755.946, 140
Trd, 8639756.079, 118
Trd, 8639756.912, 102
Trd, 8639756.946, 100
Trd, 8639757.912, 113
Trd, 8639759.079, 119
Trd, 8639759.546, 128
Trd, 8639760.212, 105
Trd, 8639760.546, 106
Trd, 8639760.912, 140
Trd, 8639761.379, 113
Trd, 8639761.412, 104
Trd, 8639761.479, 112
Trd, 8639761.712, 103
Trd, 8639761.779, 100
Trd, 8639762.612, 97
Trd, 8639762.646, 108
Trd, 8639762.879, 87
Trd, 8639763.579, 89
Trd, 8639763.912, 89
Trd, 8639765.079, 137
Trd, 8639765.446, 136
Trd, 8639766.912, 140
Trd, 8639767.512, 140
Trd, 8639767.612, 130
Trd, 8639767.712, 116
Trd, 8639767.946, 108
Trd, 8639768.612, 133
Trd, 8639768.812, 131
Trd, 8639769.046, 122
Trd, 8639769.646, 114
Trd, 8639769.712, 120
Trd, 8639771.346, 140
Trd, 8639772.079, 133
Trd, 8639772.179, 123
Trd, 8639772.379, 116
Trd, 8639772.546, 140
Trd, 8639772.679, 137
Trd, 8639772.912, 97
Trd, 8639773.412, 138
Trd, 8639773.746, 98
Trd, 8639774.179, 133
Trd, 8639774.779, 128
Trd, 8639774.879, 112
Trd, 8639776.379, 117
Trd, 8639776.879, 107
Trd, 8639777.212, 100
Trd, 8639778.046, 126
Trd, 8639778.279, 123
Trd, 8639778.379, 118
Trd, 8639779.212, 119
Trd, 8639779.312, 118
Trd, 8639779.812, 111
Trd, 8639779.879, 110
Trd, 8639780.146, 99
Trd, 8639780.579, 107
Trd, 8639781.712, 137
Trd, 8639781.879, 91
Trd, 8639782.046, 138
Trd, 8639782.879, 135
Trd, 8639783.346, 111
Trd, 8639783.612, 133
Trd, 8639784.079, 90
Trd, 8639784.212, 103
Trd, 8639785.279, 92
Trd, 8639785.512, 132
Trd, 8639785.812, 140
Trd, 8639786.912, 106
Trd, 8639787.112, 105
Trd, 8639787.679, 98
Trd, 8639787.846, 88
Trd, 8639788.079, 117
Trd, 8639788.112, 85
Trd, 8639788.246, 132
Trd, 8639788.746, 128
Trd, 8639789.979, 124
Trd, 8639790.312, 122
Trd, 8639790.646, 121
Trd, 8639790.679, 116
Trd, 8639791.912, 138
Trd, 8639792.079, 137
Trd, 8639792.112, 124
Trd, 8639792.146, 122
Trd, 8639792.579, 90
Trd, 8639792.879, 104
Trd, 8639794.446, 85
Trd, 8639794.812, 135
Trd, 8639795.979, 140
Trd, 8639796.012, 112
Trd, 8639796.546, 140
Trd, 8639796.979, 140
Trd, 8639797.679, 140
Trd, 8639797.912, 140
Trd, 8639798.979, 140
Trd, 8639799.079, 123
Trd, 8639799.279, 119
Trd, 8639799.612, 105
Trd, 8639799.746, 119
Trd, 8639799.912, 103
Trd, 8639800.979, 139
Trd, 8639801.512, 133
Trd, 8639802.246, 129
Trd, 8639802.412, 128
Trd, 8639803.012, 126
Trd, 8639803.279, 119
Trd, 8639803.379, 136
Trd, 8639803.412, 109
Trd, 8639803.546, 126
Trd, 8639803.979, 124
Trd, 8639804.746, 127
Trd, 8639804.879, 113
Trd, 8639805.212, 139
Trd, 8639806.212, 117
Trd, 8639806.712, 96
Trd, 8639806.779, 128
Trd, 8639807.046, 104
Trd, 8639807.979, 136
Trd, 8639808.279, 130
Trd, 8639808.346, 129
Trd, 8639808.479, 116
Trd, 8639808.612, 109
Trd, 8639808.746, 95
Trd, 8639809.912, 105
Trd, 8639810.146, 85
Trd, 8639811.046, 139
Trd, 8639811.079, 136
Trd, 8639811.546, 120
Trd, 8639811.746, 94
Trd, 8639812.412, 116
Trd, 8639813.546, 130
Trd, 8639814.812, 115
Trd, 8639815.012, 124
Trd, 8639815.112, 103
Trd, 8639815.312, 96
Trd, 8639816.046, 88
Trd, 8639816.546, 139
Trd, 8639816.912, 140
Trd, 8639817.146, 138
Trd, 8639817.346, 113
Trd, 8639817.412, 104
Trd, 8639817.779, 66
Trd, 8639818.746, 137
Trd, 8639819.079, 136
Trd, 8639819.812, 124
Trd, 8639821.212, 133
Trd, 8639821.279, 132
Trd, 8639821.379, 127
Trd, 8639821.412, 112
Trd, 8639821.612, 109
Trd, 8639822.279, 107
Trd, 8639823.179, 122
Trd, 8639823.579, 135
Trd, 8639824.779, 121
Trd, 8639825.546, 137
Trd, 8639826.046, 137
Trd, 8639826.279, 139
Trd, 8639826.579, 138
Trd, 8639827.046, 136
Trd, 8639827.179, 129
Trd, 8639827.946, 125
Trd, 8639828.879, 136
Trd, 8639829.412, 116
Trd, 8639830.046, 140
Trd, 8639830.879, 103
Trd, 8639831.279, 134
Trd, 8639831.379, 132
Trd, 8639831.812, 131
Trd, 8639832.279, 117
Trd, 8639832.812, 117
Trd, 8639833.012, 115
Trd, 8639833.446, 85
Trd, 8639833.746, 91
Trd, 8639833.912, 87
Trd, 8639835.479, 140
Trd, 8639835.546, 124
Trd, 8639835.579, 123
Trd, 8639836.012, 98
Trd, 8639836.179, 98
Trd, 8639836.279, 93
Trd, 8639836.479, 89
Trd, 8639836.746, 82
Trd, 8639837.046, 69
Trd, 8639838.012, 90
Trd, 8639838.079, 98
Trd, 8639838.346, 97
Trd, 8639838.746, 113
Trd, 8639839.646, 130
Trd, 8639840.146, 132
Trd, 8639840.312, 94
Trd, 8639840.412, 69
Trd, 8639841.679, 96
Trd, 8639841.846, 95
Trd, 8639842.479, 125
Trd, 8639843.612, 96
Trd, 8639843.979, 96
Trd, 8639844.146, 94
Trd, 8639844.346, 87
Trd, 8639844.779, 74
Trd, 8639845.246, 77
Trd, 8639846.112, 92
Trd, 8639846.646, 72
Trd, 8639847.046, 67
Trd, 8639847.279, 72
Trd, 8639848.346, 129
Trd, 8639848.679, 132
Trd, 8639848.946, 111
Trd, 8639850.279, 140
Trd, 8639850.412, 139
Trd, 8639850.646, 131
Trd, 8639850.779, 119
Trd, 8639850.912, 117
Trd, 8639851.379, 113
Trd, 8639852.312, 111
Trd, 8639852.546, 104
Trd, 8639852.612, 133
Trd, 8639852.779, 103
Trd, 8639852.912, 116
Trd, 8639853.979, 95
Trd, 8639854.079, 102
Trd, 8639854.246, 117
Trd, 8639855.146, 137
Trd, 8639856.946, 139
Trd, 8639857.046, 133
Trd, 8639857.179, 115
Trd, 8639857.446, 89
Trd, 8639858.479, 114
Trd, 8639859.846, 119
Trd, 8639859.946, 124
Trd, 8639860.246, 115
Trd, 8639860.346, 114
Trd, 8639861.646, 140
Trd, 8639862.446, 118
Trd, 8639862.512, 116
Trd, 8639862.546, 102
Trd, 8639862.612, 98
Trd, 8639863.379, 91
Trd, 8639863.912, 105
Trd, 8639864.079, 96
Trd, 8639864.212, 95
Trd, 8639864.312, 89
Trd, 8639864.779, 66
Trd, 8639865.146, 133
Trd, 8639866.412, 140
Trd, 8639866.612, 140
Trd, 8639866.712, 139
Trd, 8639867.212, 137
Trd, 8639867.579, 136
Trd, 8639868.479, 114
Trd, 8639868.679, 132
Trd, 8639869.312, 96
Trd, 8639870.346, 120
Trd, 8639870.412, 113
Trd, 8639870.446, 91
Trd, 8639870.579, 82
Trd, 8639870.946, 119
Trd, 8639871.212, 63
Trd, 8639871.746, 140
Trd, 8639871.846, 122
Trd, 8639872.779, 139
Trd, 8639873.612, 124
Trd, 8639873.679, 121
Trd, 8639874.112, 84
Trd, 8639874.646, 62
Trd, 8639874.812, 103
Trd, 8639875.212, 138
Trd, 8639876.612, 116
Trd, 8639876.679, 113
Trd, 8639877.646, 109
Trd, 8639877.679, 108
Trd, 8639878.279, 133
Trd, 8639878.379, 110
Trd, 8639878.546, 106
Trd, 8639879.479, 116
Trd, 8639880.346, 138
Trd, 8639880.946, 116
Trd, 8639881.012, 115
Trd, 8639881.546, 99
Trd, 8639881.746, 123
Trd, 8639882.179, 97
Trd, 8639882.779, 117
Trd, 8639883.112, 91
Trd, 8639883.379, 101
Trd, 8639883.579, 90
Trd, 8639884.512, 129
Trd, 8639884.579, 118
Trd, 8639884.779, 110
Trd, 8639885.312, 140
Trd, 8639886.212, 140
Trd, 8639886.246, 140
Trd, 8639886.279, 115
Trd, 8639886.612, 117
Trd, 8639887.279, 137
Trd, 8639887.846, 115
Trd, 8639888.179, 122
Trd, 8639889.479, 123
Trd, 8639889.546, 115
Trd, 8639889.746, 112
Trd, 8639890.279, 127
Trd, 8639891.379, 140
Trd, 8639891.412, 140
Trd, 8639891.712, 119
Trd, 8639892.912, 123
Trd, 8639893.912, 140
Trd, 8639894.212, 138
Trd, 8639894.246, 121
Trd, 8639895.479, 133
Trd, 8639895.512, 132
Trd, 8639896.246, 128
Trd, 8639896.879, 118
Trd, 8639896.912, 108
Trd, 8639897.746, 111
Trd, 8639898.079, 118
Trd, 8639898.279, 134
Trd, 8639898.312, 107
Trd, 8639898.679, 97
Trd, 8639899.512, 116
Trd, 8639900.079, 101
Trd, 8639900.346, 103
Trd, 8639900.779, 92
Trd, 8639901.212, 91
Trd, 8639901.512, 90
Trd, 8639902.346, 138
Trd, 8639902.512, 131
Trd, 8639902.679, 117
Trd, 8639902.879, 85
Trd, 8639903.312, 111
Trd, 8639903.479, 92
Trd, 8639904.212, 100
Trd, 8639905.579, 70
Trd, 8639906.746, 117
Trd, 8639906.779, 116
Trd, 8639907.479, 119
Trd, 8639907.846, 126
Trd, 8639907.879, 116
Trd, 8639908.312, 111
Trd, 8639908.679, 100
Trd, 8639909.312, 99
Trd, 8639909.846, 78
Trd, 8639909.879, 72
Trd, 8639910.679, 129
Trd, 8639911.279, 98
Trd, 8639911.846, 116
Trd, 8639911.912, 115
Trd, 8639913.279, 121
Trd, 8639913.412, 120
Trd, 8639913.712, 117
Trd, 8639913.846, 109
Trd, 8639914.212, 139
Trd, 8639914.779, 123
Trd, 8639914.946, 117
Trd, 8639915.279, 140
Trd, 8639915.412, 132
Trd, 8639916.479, 119
Trd, 8639917.012, 117
Trd, 8639918.479, 101
Trd, 8639919.412, 140
Trd, 8639919.446, 100
Trd, 8639920.279, 139
Trd, 8639921.046, 100
Trd, 8639921.179, 95
Trd, 8639921.246, 86
Trd, 8639921.512, 89
Trd, 8639922.012, 97
Trd, 8639922.379, 133
Trd, 8639922.479, 126
Trd, 8639923.012, 129
Trd, 8639923.179, 114
Trd, 8639924.879, 140
Trd, 8639925.212, 140
Trd, 8639926.146, 139
Trd, 8639926.746, 122
Trd, 8639927.112, 122
Trd, 8639927.179, 121
Trd, 8639927.446, 135
Trd, 8639927.512, 120
Trd, 8639927.712, 114
Trd, 8639928.512, 137
Trd, 8639929.046, 119
Trd, 8639929.246, 117
Trd, 8639929.512, 100
Trd, 8639930.312, 100
Trd, 8639930.512, 99
Trd, 8639931.346, 117
Trd, 8639932.412, 135
Trd, 8639932.479, 123
Trd, 8639932.679, 122
Trd, 8639932.879, 117
Trd, 8639933.146, 136
Trd, 8639933.779, 104
Trd, 8639933.812, 102
Trd, 8639934.279, 140
Trd, 8639934.746, 137
Trd, 8639934.879, 136
Trd, 8639935.512, 140
Trd, 8639936.712, 119
Trd, 8639937.079, 132
Trd, 8639937.212, 118
Trd, 8639937.879, 133
Trd, 8639938.546, 128
Trd, 8639938.946, 126
Trd, 8639939.212, 123
Trd, 8639939.412, 121
Trd, 8639940.612, 140
Trd, 8639940.946, 137
Trd, 8639940.979, 136
Trd, 8639941.312, 111
Trd, 8639941.879, 132
Trd, 8639942.046, 110
Trd, 8639942.646, 111
Trd, 8639943.179, 140
Trd, 8639943.646, 89
Trd, 8639944.112, 90
Trd, 8639944.312, 84
Trd, 8639945.212, 114
Trd, 8639945.512, 123
Trd, 8639946.246, 134
Trd, 8639946.512, 130
Trd, 8639946.746, 136
Trd, 8639946.779, 125
Trd, 8639946.946, 111
Trd, 8639947.479, 128
Trd, 8639948.446, 116
Trd, 8639949.046, 138
Trd, 8639950.212, 121
Trd, 8639950.379, 120
Trd, 8639950.812, 116
Trd, 8639951.012, 106
Trd, 8639951.479, 86
Trd, 8639951.646, 82
Trd, 8639951.679, 81
Trd, 8639951.879, 116
Trd, 8639952.346, 90
Trd, 8639952.779, 96
Trd, 8639953.279, 118
Trd, 8639954.112, 111
Trd, 8639954.179, 91
Trd, 8639955.146, 80
Trd, 8639955.512, 131
Trd, 8639956.112, 125
Trd, 8639956.346, 117
Trd, 8639956.879, 121
Trd, 8639957.212, 112
Trd, 8639957.879, 132
Trd, 8639958.846, 135
Trd, 8639959.179, 111
Trd, 8639959.746, 110
Trd, 8639960.246, 139
Trd, 8639961.046, 140
Trd, 8639961.246, 140
Trd, 8639961.412, 139
Trd, 8639961.879, 138
Trd, 8639962.012, 132
Trd, 8639962.112, 117
Trd, 8639962.579, 138
Trd, 8639963.246, 112
Trd, 8639963.912, 94
Trd, 8639964.346, 107
Trd, 8639964.512, 81
Trd, 8639964.546, 75
Trd, 8639964.646, 73
Trd, 8639965.179, 120
Trd, 8639965.546, 99
Trd, 8639965.746, 114
Trd, 8639966.746, 62
Trd, 8639967.079, 77
Trd, 8639967.312, 94
Trd, 8639968.379, 89
Trd, 8639969.179, 93
Trd, 8639969.346, 89
Trd, 8639969.512, 88
Trd, 8639970.312, 139
Trd, 8639971.646, 138
Trd, 8639971.812, 122
Trd, 8639972.012, 114
Trd, 8639972.079, 108
Trd, 8639972.479, 140
Trd, 8639972.512, 96
Trd, 8639972.879, 127
Trd, 8639974.046, 140
Trd, 8639974.079, 129
Trd, 8639974.579, 128
Trd, 8639974.612, 103
Trd, 8639975.079, 123
Trd, 8639975.146, 88
Trd, 8639975.912, 95
Trd, 8639976.679, 66
Trd, 8639976.912, 65
Trd, 8639977.279, 62
Trd, 8639977.846, 140
Trd, 8639977.879, 140
Trd, 8639978.346, 124
Trd, 8639978.746, 139
Trd, 8639979.412, 120
Trd, 8639979.546, 114
Trd, 8639979.912, 66
Trd, 8639981.412, 106
Trd, 8639981.646, 116
Trd, 8639982.212, 140
Trd, 8639982.312, 105
Trd, 8639982.412, 111
Trd, 8639982.946, 132
Trd, 8639982.979, 110
Trd, 8639983.479, 103
Trd, 8639983.946, 80
Trd, 8639984.879, 87
Trd, 8639984.912, 110
Trd, 8639986.046, 139
Trd, 8639986.546, 137
Trd, 8639986.846, 138
Trd, 8639987.079, 130
Trd, 8639987.546, 118
Trd, 8639989.179, 114
Trd, 8639989.279, 135
Trd, 8639989.512, 116
Trd, 8639990.112, 134
Trd, 8639990.412, 116
Trd, 8639990.446, 115
Trd, 8639991.379, 124
Trd, 8639991.846, 123
Trd, 8639992.812, 106
Trd, 8639992.846, 80
Trd, 8639993.379, 86
Trd, 8639993.579, 118
Trd, 8639994.312, 139
Trd, 8639994.479, 138
Trd, 8639994.812, 138
Trd, 8639995.946, 127
Trd, 8639996.046, 113
Trd, 8639996.412, 78
Trd, 8639997.112, 83
Trd, 8639997.679, 92
Trd, 8639997.946, 73
Trd, 8639998.212, 75
Trd, 8639998.379, 64
Trd, 8639999.379, 94
Trd, 8639999.446, 88
