Trd, 8638768.212, 125
Trd, 8638768.246, 126
Trd, 8638768.446, 128
Trd, 8638768.812, 140
Trd, 8638769.846, 100
Trd, 8638770.012, 99
Trd, 8638770.546, 82
Trd, 8638771.079, 133
Trd, 8638772.312, 120
Trd, 8638773.012, 132
Trd, 8638773.046, 119
Trd, 8638773.212, 118
Trd, 8638773.979, 140
Trd, 8638774.579, 136
Trd, 8638774.846, 103
Trd, 8638775.412, 90
Trd, 8638775.712, 76
Trd, 8638775.946, 60
Trd, 8638776.046, 60
Trd, 8638776.946, 60
Trd, 8638777.112, 60
Trd, 8638777.346, 62
Trd, 8638777.912, 61
Trd, 8638778.879, 62
Trd, 8638779.046, 63
Trd, 8638779.246, 64
Trd, 8638780.079, 64
Trd, 8638780.279, 65
Trd, 8638780.579, 61
Trd, 8638780.712, 67
Trd, 8638782.312, 60
Trd, 8638782.479, 60
Trd, 8638783.612, 60
Trd, 8638783.879, 60
Trd, 8638784.012, 60
Trd, 8638784.179, 63
Trd, 8638784.446, 64
Trd, 8638785.312, 60
Trd, 8638785.679, 60
Trd, 8638786.746, 60
Trd, 8638786.912, 60
Trd, 8638786.979, 60
Trd, 8638787.479, 61
Trd, 8638787.812, 60
Trd, 8638788.279, 60
Trd, 8638788.546, 61
Trd, 8638788.612, 62
Trd, 8638788.912, 60
Trd, 8638789.712, 71
Trd, 8638791.012, 140
Trd, 8638791.179, 140
Trd, 8638791.412, 138
Trd, 8638792.112, 121
Trd, 8638792.579, 140
Trd, 8638792.612, 106
Trd, 8638793.546, 113
Trd, 8638793.846, 121
Trd, 8638793.979, 120
Trd, 8638794.012, 110
Trd, 8638794.179, 139
Trd, 8638795.012, 102
Trd, 8638795.846, 134
Trd, 8638796.179, 137
Trd, 8638796.712, 138
Trd, 8638797.112, 139
Trd, 8638798.246, 140
Trd, 8638798.546, 140
Trd, 8638798.912, 140
Trd, 8638799.246, 140
Trd, 8638799.512, 138
Trd, 8638799.612, 118
Trd, 8638799.646, 109
Trd, 8638800.312, 139
Trd, 8638800.912, 127
Trd, 8638801.112, 110
Trd, 8638802.546, 113
Trd, 8638802.679, 114
Trd, 8638802.746, 108
Trd, 8638802.846, 74
Trd, 8638803.346, 65
Trd, 8638803.812, 61
Trd, 8638804.412, 61
Trd, 8638804.512, 97
Trd, 8638804.646, 89
Trd, 8638805.012, 62
Trd, 8638805.446, 112
Trd, 8638805.946, 61
Trd, 8638806.046, 71
Trd, 8638806.446, 139
Trd, 8638806.512, 133
Trd, 8638806.812, 114
Trd, 8638807.079, 94
Trd, 8638807.679, 110
Trd, 8638808.679, 140
Trd, 8638809.212, 139
Trd, 8638810.046, 113
Trd, 8638810.179, 112
Trd, 8638810.746, 132
Trd, 8638811.412, 140
Trd, 8638812.679, 140
Trd, 8638812.779, 139
Trd, 8638814.112, 140
Trd, 8638814.446, 140
Trd, 8638814.646, 140
Trd, 8638814.779, 140
Trd, 8638814.846, 135
Trd, 8638815.079, 126
Trd, 8638817.646, 138
Trd, 8638817.746, 132
Trd, 8638818.012, 140
Trd, 8638818.112, 126
Trd, 8638818.446, 130
Trd, 8638819.079, 110
Trd, 8638819.746, 140
Trd, 8638820.312, 138
Trd, 8638820.746, 93
Trd, 8638821.012, 108
Trd, 8638822.379, 140
Trd, 8638822.879, 140
Trd, 8638823.212, 120
Trd, 8638823.612, 140
Trd, 8638823.946, 122
Trd, 8638824.679, 89
Trd, 8638825.112, 140
Trd, 8638825.546, 140
Trd, 8638826.212, 140
Trd, 8638826.479, 139
Trd, 8638826.746, 106
Trd, 8638827.146, 117
Trd, 8638827.312, 105
Trd, 8638829.012, 137
Trd, 8638829.046, 135
Trd, 8638829.379, 118
Trd, 8638830.112, 140
Trd, 8638831.879, 140
Trd, 8638831.979, 140
Trd, 8638833.512, 139
Trd, 8638834.179, 139
Trd, 8638834.279, 138
Trd, 8638834.346, 137
Trd, 8638834.546, 134
Trd, 8638834.712, 91
Trd, 8638835.279, 140
Trd, 8638835.346, 140
Trd, 8638836.412, 137
Trd, 8638836.779, 140
Trd, 8638836.946, 139
Trd, 8638837.246, 135
Trd, 8638839.346, 127
Trd, 8638839.412, 113
Trd, 8638839.812, 138
Trd, 8638840.246, 129
Trd, 8638840.312, 126
Trd, 8638841.346, 126
Trd, 8638841.712, 126
Trd, 8638842.112, 134
Trd, 8638842.179, 126
Trd, 8638842.379, 125
Trd, 8638842.779, 115
Trd, 8638843.379, 105
Trd, 8638843.512, 128
Trd, 8638843.579, 130
Trd, 8638843.612, 88
Trd, 8638843.646, 137
Trd, 8638844.446, 88
Trd, 8638845.412, 71
Trd, 8638845.546, 66
Trd, 8638845.846, 66
Trd, 8638846.446, 66
Trd, 8638847.579, 68
Trd, 8638847.612, 70
Trd, 8638848.046, 63
Trd, 8638848.412, 140
Trd, 8638848.479, 139
Trd, 8638849.246, 140
Trd, 8638849.812, 139
Trd, 8638849.879, 119
Trd, 8638851.479, 140
Trd, 8638851.879, 131
Trd, 8638853.312, 140
Trd, 8638853.346, 137
Trd, 8638853.612, 132
Trd, 8638854.379, 115
Trd, 8638854.712, 112
Trd, 8638854.879, 112
Trd, 8638854.946, 111
Trd, 8638854.979, 130
Trd, 8638855.479, 101
Trd, 8638855.579, 132
Trd, 8638855.946, 100
Trd, 8638856.446, 66
Trd, 8638857.279, 60
Trd, 8638857.579, 61
Trd, 8638857.946, 61
Trd, 8638858.412, 67
Trd, 8638858.646, 63
Trd, 8638858.979, 129
Trd, 8638859.379, 140
Trd, 8638860.079, 62
Trd, 8638860.179, 63
Trd, 8638860.446, 64
Trd, 8638860.546, 61
Trd, 8638860.646, 60
Trd, 8638862.346, 139
Trd, 8638862.646, 109
Trd, 8638862.946, 61
Trd, 8638863.512, 60
Trd, 8638863.846, 62
Trd, 8638864.279, 62
Trd, 8638864.412, 62
Trd, 8638864.612, 67
Trd, 8638864.779, 81
Trd, 8638865.279, 64
Trd, 8638866.079, 99
Trd, 8638866.546, 61
Trd, 8638866.712, 64
Trd, 8638867.179, 75
Trd, 8638867.312, 114
Trd, 8638867.746, 108
Trd, 8638868.079, 114
Trd, 8638868.679, 65
Trd, 8638869.679, 139
Trd, 8638869.846, 137
Trd, 8638869.946, 137
Trd, 8638871.012, 133
Trd, 8638871.212, 140
Trd, 8638871.446, 139
Trd, 8638871.879, 109
Trd, 8638872.046, 92
Trd, 8638873.112, 114
Trd, 8638873.579, 134
Trd, 8638875.246, 140
Trd, 8638876.179, 140
Trd, 8638876.212, 140
Trd, 8638877.112, 140
Trd, 8638879.579, 140
Trd, 8638879.912, 140
Trd, 8638880.246, 140
Trd, 8638880.446, 137
Trd, 8638880.879, 108
Trd, 8638880.912, 139
Trd, 8638881.379, 121
Trd, 8638881.512, 138
Trd, 8638881.679, 122
Trd, 8638881.746, 89
Trd, 8638881.912, 92
Trd, 8638882.312, 64
Trd, 8638883.212, 62
Trd, 8638883.812, 132
Trd, 8638884.279, 132
Trd, 8638884.746, 131
Trd, 8638885.546, 117
Trd, 8638885.579, 64
Trd, 8638886.412, 140
Trd, 8638887.446, 140
Trd, 8638887.779, 140
Trd, 8638888.212, 135
Trd, 8638888.446, 135
Trd, 8638889.446, 139
Trd, 8638889.712, 140
Trd, 8638890.112, 139
Trd, 8638890.212, 134
Trd, 8638890.712, 117
Trd, 8638890.879, 139
Trd, 8638891.712, 139
Trd, 8638891.812, 139
Trd, 8638892.646, 133
Trd, 8638892.746, 118
Trd, 8638892.779, 114
Trd, 8638893.179, 129
Trd, 8638894.546, 137
Trd, 8638894.612, 116
Trd, 8638894.879, 121
Trd, 8638895.646, 104
Trd, 8638897.479, 139
Trd, 8638897.779, 140
Trd, 8638897.812, 140
Trd, 8638897.912, 137
Trd, 8638898.112, 112
Trd, 8638898.912, 133
Trd, 8638899.012, 127
Trd, 8638899.612, 131
Trd, 8638900.446, 125
Trd, 8638901.312, 101
Trd, 8638901.679, 64
Trd, 8638901.979, 131
Trd, 8638902.546, 125
Trd, 8638902.712, 110
Trd, 8638903.412, 130
Trd, 8638903.612, 103
Trd, 8638903.712, 101
Trd, 8638904.479, 139
Trd, 8638904.546, 91
Trd, 8638904.912, 67
Trd, 8638905.846, 140
Trd, 8638905.912, 139
Trd, 8638907.712, 140
Trd, 8638908.746, 140
Trd, 8638909.112, 140
Trd, 8638909.312, 139
Trd, 8638910.246, 140
Trd, 8638911.179, 140
Trd, 8638911.346, 139
Trd, 8638911.579, 122
Trd, 8638911.712, 110
Trd, 8638913.446, 138
Trd, 8638914.112, 132
Trd, 8638914.779, 140
Trd, 8638914.812, 125
Trd, 8638914.846, 119
Trd, 8638915.112, 132
Trd, 8638915.712, 140
Trd, 8638915.879, 128
Trd, 8638916.212, 98
Trd, 8638917.046, 138
Trd, 8638917.512, 137
Trd, 8638917.646, 127
Trd, 8638917.746, 139
Trd, 8638917.979, 113
Trd, 8638918.212, 94
Trd, 8638919.546, 140
Trd, 8638919.912, 140
Trd, 8638920.046, 139
Trd, 8638920.212, 126
Trd, 8638921.046, 121
Trd, 8638921.212, 119
Trd, 8638922.012, 140
Trd, 8638922.312, 140
Trd, 8638922.679, 140
Trd, 8638923.479, 134
Trd, 8638924.179, 133
Trd, 8638925.146, 139
Trd, 8638925.879, 139
Trd, 8638926.579, 137
Trd, 8638926.946, 87
Trd, 8638927.012, 76
Trd, 8638927.746, 120
Trd, 8638928.612, 119
Trd, 8638928.646, 119
Trd, 8638929.046, 73
Trd, 8638929.512, 140
Trd, 8638929.779, 76
Trd, 8638930.612, 140
Trd, 8638930.846, 140
Trd, 8638931.012, 140
Trd, 8638932.112, 140
Trd, 8638933.412, 140
Trd, 8638933.479, 110
Trd, 8638933.679, 133
Trd, 8638934.579, 139
Trd, 8638935.112, 138
Trd, 8638936.512, 139
Trd, 8638936.812, 138
Trd, 8638937.646, 134
Trd, 8638937.912, 140
Trd, 8638938.446, 124
Trd, 8638938.612, 118
Trd, 8638939.546, 128
Trd, 8638939.846, 130
Trd, 8638940.879, 121
Trd, 8638941.046, 126
Trd, 8638941.412, 101
Trd, 8638941.479, 129
Trd, 8638942.179, 139
Trd, 8638942.212, 138
Trd, 8638943.012, 127
Trd, 8638943.579, 113
Trd, 8638943.812, 111
Trd, 8638944.279, 96
Trd, 8638944.412, 140
Trd, 8638944.912, 93
Trd, 8638945.379, 84
Trd, 8638946.812, 140
Trd, 8638946.846, 140
Trd, 8638947.379, 140
Trd, 8638948.012, 140
Trd, 8638948.179, 140
Trd, 8638948.779, 129
Trd, 8638948.812, 90
Trd, 8638949.646, 130
Trd, 8638950.246, 130
Trd, 8638950.312, 134
Trd, 8638951.146, 123
Trd, 8638952.646, 140
Trd, 8638953.379, 140
Trd, 8638953.712, 140
Trd, 8638954.446, 140
Trd, 8638954.746, 140
Trd, 8638954.946, 140
Trd, 8638955.379, 140
Trd, 8638956.246, 140
Trd, 8638956.346, 123
Trd, 8638956.846, 129
Trd, 8638956.979, 121
Trd, 8638958.179, 121
Trd, 8638958.346, 118
Trd, 8638959.179, 140
Trd, 8638959.479, 138
Trd, 8638961.446, 138
Trd, 8638962.279, 140
Trd, 8638962.546, 139
Trd, 8638962.646, 138
Trd, 8638963.346, 134
Trd, 8638963.479, 120
Trd, 8638963.946, 128
Trd, 8638964.212, 138
Trd, 8638965.379, 121
Trd, 8638965.712, 134
Trd, 8638965.812, 133
Trd, 8638966.712, 132
Trd, 8638966.746, 126
Trd, 8638967.012, 90
Trd, 8638967.079, 108
Trd, 8638967.612, 128
Trd, 8638968.279, 105
Trd, 8638968.312, 117
Trd, 8638969.046, 112
Trd, 8638969.679, 121
Trd, 8638970.146, 139
Trd, 8638970.412, 131
Trd, 8638970.546, 110
Trd, 8638970.746, 109
Trd, 8638971.246, 136
Trd, 8638972.079, 61
Trd, 8638972.312, 61
Trd, 8638972.379, 65
Trd, 8638972.812, 60
Trd, 8638973.112, 133
Trd, 8638974.079, 97
Trd, 8638975.312, 140
Trd, 8638975.412, 140
Trd, 8638976.346, 139
Trd, 8638976.946, 121
Trd, 8638977.146, 100
Trd, 8638977.612, 118
Trd, 8638977.646, 117
Trd, 8638978.212, 134
Trd, 8638978.479, 100
Trd, 8638979.612, 139
Trd, 8638979.679, 139
Trd, 8638980.579, 130
Trd, 8638980.712, 117
Trd, 8638981.312, 128
Trd, 8638981.646, 129
Trd, 8638981.879, 140
Trd, 8638982.212, 119
Trd, 8638982.546, 136
Trd, 8638982.612, 116
Trd, 8638982.646, 138
Trd, 8638983.279, 114
Trd, 8638983.979, 115
Trd, 8638984.012, 87
Trd, 8638984.746, 138
Trd, 8638986.079, 140
Trd, 8638986.279, 135
Trd, 8638987.079, 126
Trd, 8638987.579, 109
Trd, 8638989.446, 140
Trd, 8638989.546, 140
Trd, 8638989.679, 139
Trd, 8638989.812, 138
Trd, 8638990.146, 137
Trd, 8638990.646, 128
Trd, 8638991.146, 120
Trd, 8638991.246, 140
Trd, 8638991.912, 129
Trd, 8638992.446, 136
Trd, 8638992.646, 134
Trd, 8638992.779, 133
Trd, 8638994.212, 132
Trd, 8638994.779, 131
Trd, 8638994.912, 98
Trd, 8638995.012, 133
Trd, 8638995.212, 84
Trd, 8638996.112, 131
Trd, 8638996.146, 123
Trd, 8638996.246, 133
Trd, 8638996.279, 134
Trd, 8638996.312, 113
Trd, 8638996.512, 111
Trd, 8638997.179, 63
Trd, 8638997.646, 64
Trd, 8638998.579, 140
Trd, 8638999.012, 140
Trd, 8638999.179, 140
Trd, 8638999.612, 139
Trd, 8639000.112, 138
Trd, 8639000.212, 135
Trd, 8639002.246, 140
Trd, 8639002.546, 126
Trd, 8639004.046, 140
Trd, 8639004.179, 140
Trd, 8639005.379, 140
Trd, 8639005.979, 140
Trd, 8639006.146, 140
Trd, 8639006.179, 138
Trd, 8639006.446, 136
Trd, 8639006.712, 129
Trd, 8639007.546, 140
Trd, 8639008.379, 140
Trd, 8639008.546, 140
Trd, 8639008.846, 111
Trd, 8639008.879, 107
Trd, 8639010.246, 133
Trd, 8639010.779, 117
Trd, 8639012.479, 128
Trd, 8639012.746, 116
Trd, 8639012.846, 114
Trd, 8639013.379, 113
Trd, 8639013.512, 98
Trd, 8639013.879, 122
Trd, 8639013.979, 130
Trd, 8639014.179, 121
Trd, 8639014.246, 131
Trd, 8639014.546, 93
Trd, 8639014.846, 129
Trd, 8639015.479, 129
Trd, 8639015.579, 61
Trd, 8639015.846, 133
Trd, 8639016.579, 139
Trd, 8639018.279, 140
Trd, 8639018.379, 139
Trd, 8639019.179, 140
Trd, 8639019.612, 140
Trd, 8639019.679, 138
Trd, 8639020.879, 132
Trd, 8639021.146, 120
Trd, 8639021.546, 137
Trd, 8639022.979, 140
Trd, 8639023.546, 140
Trd, 8639024.146, 140
Trd, 8639024.179, 139
Trd, 8639024.579, 134
Trd, 8639024.612, 88
Trd, 8639024.879, 135
Trd, 8639025.679, 134
Trd, 8639025.812, 124
Trd, 8639025.846, 102
Trd, 8639026.679, 130
Trd, 8639026.812, 116
Trd, 8639026.879, 131
Trd, 8639027.212, 116
Trd, 8639027.812, 127
Trd, 8639028.246, 138
Trd, 8639028.512, 137
Trd, 8639028.779, 126
Trd, 8639028.912, 122
Trd, 8639030.479, 140
Trd, 8639030.612, 140
Trd, 8639031.279, 140
Trd, 8639031.479, 140
Trd, 8639031.646, 140
Trd, 8639031.846, 138
Trd, 8639031.879, 130
Trd, 8639033.179, 139
Trd, 8639033.812, 122
Trd, 8639033.979, 108
Trd, 8639034.779, 123
Trd, 8639035.279, 132
Trd, 8639035.812, 112
Trd, 8639035.979, 111
Trd, 8639036.046, 133
Trd, 8639036.079, 134
Trd, 8639036.279, 140
Trd, 8639036.446, 140
Trd, 8639037.012, 133
Trd, 8639037.046, 132
Trd, 8639037.246, 140
Trd, 8639037.612, 105
Trd, 8639038.712, 69
Trd, 8639039.346, 61
Trd, 8639039.479, 75
Trd, 8639039.612, 93
Trd, 8639040.646, 76
Trd, 8639041.612, 65
Trd, 8639041.846, 64
Trd, 8639042.012, 61
Trd, 8639042.546, 83
Trd, 8639042.712, 84
Trd, 8639042.979, 71
Trd, 8639043.012, 102
Trd, 8639043.846, 111
Trd, 8639044.012, 110
Trd, 8639044.312, 112
Trd, 8639044.679, 112
Trd, 8639044.946, 74
Trd, 8639045.379, 109
Trd, 8639045.646, 97
Trd, 8639045.912, 65
Trd, 8639046.646, 60
Trd, 8639047.379, 60
Trd, 8639047.479, 60
Trd, 8639047.812, 139
Trd, 8639048.412, 140
Trd, 8639048.946, 139
Trd, 8639049.346, 138
Trd, 8639050.279, 125
Trd, 8639050.312, 124
Trd, 8639051.212, 139
Trd, 8639052.179, 113
Trd, 8639052.279, 107
Trd, 8639053.512, 140
Trd, 8639053.612, 139
Trd, 8639054.179, 129
Trd, 8639055.079, 95
Trd, 8639055.612, 126
Trd, 8639055.679, 128
Trd, 8639055.779, 112
Trd, 8639057.046, 140
Trd, 8639057.079, 140
Trd, 8639057.212, 95
Trd, 8639057.812, 92
Trd, 8639057.912, 88
Trd, 8639058.279, 113
Trd, 8639058.479, 140
Trd, 8639058.646, 125
Trd, 8639060.146, 135
Trd, 8639060.379, 134
Trd, 8639061.146, 135
Trd, 8639061.412, 134
Trd, 8639061.446, 128
Trd, 8639062.046, 140
Trd, 8639062.712, 138
Trd, 8639062.879, 112
Trd, 8639062.912, 107
Trd, 8639063.446, 138
Trd, 8639064.112, 138
Trd, 8639064.379, 89
Trd, 8639065.246, 135
Trd, 8639065.879, 95
Trd, 8639065.946, 99
Trd, 8639066.246, 135
Trd, 8639066.879, 117
Trd, 8639067.012, 78
Trd, 8639067.379, 133
Trd, 8639067.546, 133
Trd, 8639067.779, 140
Trd, 8639068.612, 138
Trd, 8639068.679, 137
Trd, 8639069.246, 113
Trd, 8639070.112, 139
Trd, 8639070.846, 119
Trd, 8639071.112, 137
Trd, 8639071.512, 126
Trd, 8639071.812, 91
Trd, 8639071.879, 137
Trd, 8639072.612, 138
Trd, 8639072.812, 108
Trd, 8639073.579, 73
Trd, 8639073.612, 84
Trd, 8639074.579, 66
Trd, 8639074.879, 60
Trd, 8639074.946, 65
Trd, 8639075.179, 99
Trd, 8639075.979, 62
Trd, 8639076.346, 118
Trd, 8639076.912, 140
Trd, 8639077.246, 139
Trd, 8639077.446, 113
Trd, 8639077.612, 73
Trd, 8639078.046, 138
Trd, 8639078.446, 120
Trd, 8639080.079, 140
Trd, 8639080.312, 140
Trd, 8639080.579, 123
Trd, 8639080.979, 137
Trd, 8639081.646, 124
Trd, 8639082.712, 140
Trd, 8639082.746, 140
Trd, 8639082.812, 140
Trd, 8639083.279, 106
Trd, 8639083.346, 107
Trd, 8639083.612, 134
Trd, 8639084.479, 119
Trd, 8639084.779, 122
Trd, 8639084.979, 136
Trd, 8639085.346, 113
Trd, 8639086.479, 137
Trd, 8639086.612, 123
Trd, 8639086.746, 121
Trd, 8639087.279, 136
Trd, 8639088.579, 139
Trd, 8639088.912, 128
Trd, 8639089.012, 107
Trd, 8639089.312, 136
Trd, 8639089.546, 104
Trd, 8639089.946, 102
Trd, 8639090.079, 136
Trd, 8639090.112, 129
Trd, 8639090.179, 94
Trd, 8639090.279, 90
Trd, 8639090.712, 87
Trd, 8639091.846, 134
Trd, 8639092.646, 123
Trd, 8639092.712, 135
Trd, 8639092.812, 122
Trd, 8639093.046, 118
Trd, 8639094.646, 140
Trd, 8639095.246, 110
Trd, 8639095.712, 92
Trd, 8639095.912, 90
Trd, 8639096.546, 134
Trd, 8639096.679, 92
Trd, 8639096.746, 135
Trd, 8639096.846, 95
Trd, 8639097.279, 100
Trd, 8639097.646, 132
Trd, 8639097.779, 101
Trd, 8639098.379, 139
Trd, 8639098.546, 100
Trd, 8639099.379, 140
Trd, 8639100.546, 140
Trd, 8639100.879, 140
Trd, 8639101.112, 140
Trd, 8639101.512, 122
Trd, 8639101.979, 109
Trd, 8639103.312, 131
Trd, 8639103.579, 131
Trd, 8639103.879, 137
Trd, 8639105.112, 140
Trd, 8639105.312, 138
Trd, 8639105.779, 137
Trd, 8639105.879, 131
Trd, 8639107.012, 130
Trd, 8639107.279, 113
Trd, 8639107.446, 99
Trd, 8639107.846, 100
Trd, 8639108.346, 130
Trd, 8639109.046, 105
Trd, 8639109.512, 128
Trd, 8639109.979, 140
Trd, 8639110.779, 140
Trd, 8639111.146, 127
Trd, 8639111.179, 118
Trd, 8639111.912, 140
Trd, 8639112.079, 136
Trd, 8639112.379, 126
Trd, 8639112.846, 100
Trd, 8639112.912, 97
Trd, 8639113.846, 140
Trd, 8639114.912, 140
Trd, 8639115.746, 140
Trd, 8639116.112, 140
Trd, 8639116.379, 140
Trd, 8639116.412, 140
Trd, 8639117.179, 135
Trd, 8639118.346, 116
Trd, 8639118.546, 112
Trd, 8639119.479, 121
Trd, 8639119.646, 123
Trd, 8639120.312, 121
Trd, 8639120.879, 120
Trd, 8639121.379, 117
Trd, 8639121.579, 116
Trd, 8639121.979, 116
Trd, 8639122.012, 108
Trd, 8639122.046, 81
Trd, 8639122.446, 119
Trd, 8639122.579, 102
Trd, 8639122.779, 78
Trd, 8639123.612, 133
Trd, 8639124.279, 140
Trd, 8639124.412, 123
Trd, 8639124.446, 88
Trd, 8639124.712, 81
Trd, 8639125.646, 125
Trd, 8639125.979, 124
Trd, 8639126.612, 95
Trd, 8639126.946, 69
Trd, 8639127.379, 111
Trd, 8639127.512, 106
Trd, 8639127.579, 89
Trd, 8639128.046, 87
Trd, 8639128.812, 109
Trd, 8639128.846, 111
Trd, 8639129.112, 73
Trd, 8639129.346, 72
Trd, 8639129.412, 71
Trd, 8639130.912, 140
Trd, 8639131.646, 140
Trd, 8639131.746, 139
Trd, 8639131.812, 130
Trd, 8639134.212, 140
Trd, 8639135.346, 140
Trd, 8639135.712, 139
Trd, 8639136.112, 123
Trd, 8639136.346, 129
Trd, 8639136.779, 124
Trd, 8639137.712, 140
Trd, 8639137.912, 129
Trd, 8639138.379, 140
Trd, 8639138.479, 113
Trd, 8639138.946, 132
Trd, 8639139.246, 91
Trd, 8639139.279, 86
Trd, 8639140.212, 127
Trd, 8639142.746, 140
Trd, 8639143.746, 140
Trd, 8639144.212, 140
Trd, 8639144.812, 140
Trd, 8639145.146, 140
Trd, 8639145.246, 138
Trd, 8639145.579, 113
Trd, 8639146.046, 139
Trd, 8639146.379, 139
Trd, 8639146.546, 138
Trd, 8639146.946, 140
Trd, 8639147.046, 134
Trd, 8639147.946, 108
Trd, 8639148.312, 104
Trd, 8639148.779, 103
Trd, 8639149.546, 131
Trd, 8639150.112, 138
Trd, 8639150.279, 125
Trd, 8639150.746, 139
Trd, 8639151.812, 108
Trd, 8639151.979, 116
Trd, 8639152.112, 121
Trd, 8639152.412, 94
Trd, 8639152.712, 124
Trd, 8639152.779, 113
Trd, 8639153.846, 116
Trd, 8639153.879, 115
Trd, 8639154.312, 111
Trd, 8639154.579, 138
Trd, 8639154.879, 134
Trd, 8639154.979, 92
Trd, 8639155.412, 92
Trd, 8639155.679, 60
Trd, 8639156.046, 136
Trd, 8639156.979, 125
Trd, 8639157.112, 78
Trd, 8639157.179, 131
Trd, 8639157.446, 120
Trd, 8639158.079, 64
Trd, 8639158.379, 82
Trd, 8639158.546, 60
Trd, 8639158.746, 83
Trd, 8639160.146, 60
Trd, 8639160.346, 60
Trd, 8639160.612, 60
Trd, 8639161.346, 60
Trd, 8639161.546, 60
Trd, 8639161.712, 64
Trd, 8639162.112, 60
Trd, 8639162.646, 61
Trd, 8639162.979, 63
Trd, 8639163.679, 60
Trd, 8639163.879, 76
Trd, 8639164.346, 61
Trd, 8639164.379, 64
Trd, 8639165.212, 90
Trd, 8639165.246, 95
Trd, 8639166.779, 102
Trd, 8639167.146, 140
Trd, 8639167.246, 120
Trd, 8639167.812, 104
Trd, 8639168.179, 96
Trd, 8639169.079, 100
Trd, 8639170.179, 140
Trd, 8639171.346, 140
Trd, 8639171.546, 140
Trd, 8639171.579, 140
Trd, 8639171.812, 140
Trd, 8639171.846, 134
Trd, 8639172.746, 119
Trd, 8639172.812, 131
Trd, 8639173.879, 121
Trd, 8639174.346, 117
Trd, 8639174.379, 128
Trd, 8639174.712, 108
Trd, 8639175.312, 74
Trd, 8639175.346, 126
Trd, 8639176.012, 68
Trd, 8639176.412, 82
Trd, 8639177.179, 124
Trd, 8639177.779, 74
Trd, 8639177.846, 119
Trd, 8639178.146, 120
Trd, 8639178.279, 119
Trd, 8639178.779, 118
Trd, 8639178.912, 60
Trd, 8639179.912, 63
Trd, 8639180.479, 60
Trd, 8639181.279, 60
Trd, 8639181.646, 60
Trd, 8639181.746, 60
Trd, 8639181.779, 60
Trd, 8639181.946, 61
Trd, 8639182.546, 60
Trd, 8639182.579, 61
Trd, 8639182.912, 62
Trd, 8639183.612, 62
Trd, 8639183.679, 62
Trd, 8639184.179, 60
Trd, 8639185.179, 60
Trd, 8639185.446, 61
Trd, 8639185.479, 64
Trd, 8639186.146, 62
Trd, 8639186.212, 67
Trd, 8639186.679, 70
Trd, 8639186.812, 102
Trd, 8639187.246, 140
Trd, 8639188.312, 140
Trd, 8639188.379, 140
Trd, 8639188.512, 138
Trd, 8639188.779, 101
Trd, 8639189.079, 103
Trd, 8639190.379, 140
Trd, 8639190.779, 119
Trd, 8639191.179, 117
Trd, 8639191.346, 106
Trd, 8639191.879, 60
Trd, 8639192.412, 62
Trd, 8639193.212, 60
Trd, 8639193.512, 64
Trd, 8639193.812, 62
Trd, 8639194.279, 60
Trd, 8639194.512, 60
Trd, 8639194.546, 61
Trd, 8639194.746, 61
Trd, 8639195.212, 60
Trd, 8639195.512, 61
Trd, 8639196.379, 135
Trd, 8639197.079, 139
Trd, 8639197.279, 70
Trd, 8639197.346, 65
Trd, 8639197.546, 64
Trd, 8639199.179, 101
Trd, 8639200.746, 140
Trd, 8639200.779, 140
Trd, 8639201.079, 139
Trd, 8639201.579, 139
Trd, 8639201.812, 129
Trd, 8639202.246, 130
Trd, 8639202.279, 120
Trd, 8639202.646, 113
Trd, 8639202.679, 114
Trd, 8639202.912, 111
Trd, 8639203.379, 94
Trd, 8639205.046, 138
Trd, 8639205.179, 138
Trd, 8639205.312, 134
Trd, 8639206.779, 119
Trd, 8639206.846, 112
Trd, 8639207.046, 135
Trd, 8639207.479, 105
Trd, 8639207.979, 123
Trd, 8639208.012, 122
Trd, 8639208.746, 132
Trd, 8639209.346, 110
Trd, 8639209.779, 120
Trd, 8639212.146, 140
Trd, 8639212.312, 140
Trd, 8639212.612, 123
Trd, 8639213.146, 140
Trd, 8639213.179, 95
Trd, 8639213.579, 140
Trd, 8639213.746, 131
Trd, 8639214.046, 139
Trd, 8639214.412, 140
Trd, 8639215.279, 140
Trd, 8639215.479, 130
Trd, 8639217.179, 97
Trd, 8639217.212, 98
Trd, 8639217.379, 99
Trd, 8639217.679, 94
Trd, 8639218.046, 64
Trd, 8639218.112, 65
Trd, 8639218.412, 140
Trd, 8639218.846, 84
Trd, 8639218.946, 63
Trd, 8639219.746, 60
Trd, 8639220.179, 60
Trd, 8639220.446, 62
Trd, 8639221.112, 61
Trd, 8639221.179, 64
Trd, 8639221.846, 70
Trd, 8639222.579, 102
Trd, 8639223.212, 64
Trd, 8639223.312, 61
Trd, 8639224.079, 61
Trd, 8639224.312, 60
Trd, 8639224.912, 65
Trd, 8639225.712, 66
Trd, 8639226.079, 73
Trd, 8639226.479, 67
Trd, 8639226.912, 68
Trd, 8639227.546, 60
Trd, 8639227.679, 62
Trd, 8639228.279, 60
Trd, 8639228.612, 60
Trd, 8639228.646, 60
Trd, 8639228.946, 62
Trd, 8639229.079, 60
Trd, 8639230.246, 63
Trd, 8639231.112, 65
Trd, 8639231.712, 64
Trd, 8639231.746, 66
Trd, 8639232.112, 66
Trd, 8639232.346, 61
Trd, 8639232.579, 61
Trd, 8639232.812, 63
Trd, 8639233.379, 67
Trd, 8639233.779, 86
Trd, 8639233.912, 137
Trd, 8639235.112, 60
Trd, 8639235.412, 60
Trd, 8639235.812, 62
Trd, 8639236.079, 69
Trd, 8639236.446, 62
Trd, 8639236.712, 66
Trd, 8639237.079, 84
Trd, 8639237.346, 63
Trd, 8639237.612, 135
Trd, 8639238.546, 139
Trd, 8639238.912, 140
Trd, 8639239.046, 139
Trd, 8639239.579, 110
Trd, 8639239.746, 79
Trd, 8639240.312, 137
Trd, 8639240.346, 136
Trd, 8639240.612, 138
Trd, 8639241.879, 96
Trd, 8639242.379, 100
Trd, 8639242.979, 115
Trd, 8639243.112, 116
Trd, 8639243.979, 89
Trd, 8639244.012, 66
Trd, 8639244.479, 65
Trd, 8639244.612, 62
Trd, 8639244.812, 91
Trd, 8639245.146, 67
Trd, 8639245.679, 64
Trd, 8639246.679, 64
Trd, 8639247.612, 60
Trd, 8639248.112, 60
Trd, 8639248.246, 60
Trd, 8639248.346, 60
Trd, 8639248.812, 60
Trd, 8639248.879, 60
Trd, 8639249.079, 62
Trd, 8639249.146, 64
Trd, 8639249.246, 79
Trd, 8639250.312, 60
Trd, 8639251.179, 60
Trd, 8639251.412, 64
Trd, 8639252.212, 60
Trd, 8639252.246, 66
Trd, 8639252.712, 61
Trd, 8639252.812, 66
Trd, 8639253.412, 68
Trd, 8639253.879, 107
Trd, 8639254.179, 73
Trd, 8639254.446, 67
Trd, 8639254.712, 65
Trd, 8639256.179, 60
Trd, 8639256.612, 65
Trd, 8639257.179, 60
Trd, 8639257.612, 61
Trd, 8639258.279, 73
Trd, 8639258.479, 88
Trd, 8639258.946, 79
Trd, 8639259.246, 61
Trd, 8639259.412, 89
Trd, 8639260.212, 60
Trd, 8639261.112, 60
Trd, 8639261.212, 60
Trd, 8639261.546, 61
Trd, 8639261.612, 62
Trd, 8639262.812, 60
Trd, 8639262.946, 60
Trd, 8639263.279, 77
Trd, 8639263.479, 73
Trd, 8639264.446, 60
Trd, 8639264.679, 61
Trd, 8639264.846, 67
Trd, 8639265.079, 80
Trd, 8639265.279, 87
Trd, 8639265.579, 140
Trd, 8639265.712, 140
Trd, 8639266.346, 74
Trd, 8639267.146, 118
Trd, 8639267.612, 60
Trd, 8639268.779, 60
Trd, 8639268.846, 60
Trd, 8639268.912, 64
Trd, 8639269.446, 60
Trd, 8639269.612, 60
Trd, 8639269.712, 61
Trd, 8639269.746, 79
Trd, 8639270.179, 60
Trd, 8639270.412, 61
Trd, 8639271.246, 64
Trd, 8639271.579, 61
Trd, 8639271.612, 68
Trd, 8639271.746, 68
Trd, 8639271.779, 69
Trd, 8639272.546, 116
Trd, 8639273.412, 61
Trd, 8639273.812, 62
Trd, 8639275.179, 140
Trd, 8639276.379, 140
Trd, 8639276.646, 140
Trd, 8639276.846, 140
Trd, 8639276.946, 115
Trd, 8639277.046, 76
Trd, 8639277.112, 121
Trd, 8639277.679, 140
Trd, 8639278.812, 140
Trd, 8639279.912, 140
Trd, 8639280.379, 140
Trd, 8639280.712, 136
Trd, 8639280.946, 123
Trd, 8639281.179, 100
Trd, 8639281.346, 122
Trd, 8639282.646, 99
Trd, 8639282.879, 133
Trd, 8639282.946, 135
Trd, 8639283.479, 102
Trd, 8639284.112, 82
Trd, 8639284.279, 81
Trd, 8639284.712, 76
Trd, 8639285.146, 135
Trd, 8639285.579, 133
Trd, 8639285.612, 135
Trd, 8639286.412, 127
Trd, 8639287.012, 134
Trd, 8639287.646, 130
Trd, 8639288.046, 137
Trd, 8639289.112, 124
Trd, 8639289.246, 123
Trd, 8639289.779, 84
Trd, 8639290.179, 129
Trd, 8639290.446, 79
Trd, 8639290.879, 124
Trd, 8639291.146, 78
Trd, 8639291.779, 132
Trd, 8639292.046, 122
Trd, 8639292.479, 115
Trd, 8639292.612, 115
Trd, 8639292.846, 128
Trd, 8639293.279, 128
Trd, 8639294.179, 111
Trd, 8639294.246, 110
Trd, 8639294.379, 125
Trd, 8639294.612, 118
Trd, 8639294.646, 79
Trd, 8639295.579, 60
Trd, 8639295.779, 60
Trd, 8639296.046, 60
Trd, 8639296.112, 62
Trd, 8639297.212, 60
Trd, 8639298.446, 74
Trd, 8639299.012, 64
Trd, 8639299.679, 64
Trd, 8639299.812, 74
Trd, 8639300.246, 60
Trd, 8639300.479, 62
Trd, 8639301.179, 60
Trd, 8639301.246, 61
Trd, 8639301.712, 61
Trd, 8639302.179, 101
Trd, 8639302.479, 140
Trd, 8639302.712, 122
Trd, 8639304.279, 140
Trd, 8639304.512, 140
Trd, 8639305.012, 139
Trd, 8639305.812, 137
Trd, 8639305.912, 136
Trd, 8639306.412, 140
Trd, 8639306.612, 134
Trd, 8639308.346, 140
Trd, 8639309.312, 132
Trd, 8639309.746, 131
Trd, 8639310.046, 120
Trd, 8639310.179, 118
Trd, 8639310.212, 128
Trd, 8639310.579, 132
Trd, 8639310.679, 121
Trd, 8639311.312, 128
Trd, 8639311.446, 101
Trd, 8639311.479, 85
Trd, 8639312.079, 128
Trd, 8639312.446, 129
Trd, 8639312.646, 113
Trd, 8639313.079, 105
Trd, 8639313.579, 129
Trd, 8639313.679, 76
Trd, 8639314.412, 139
Trd, 8639314.646, 103
Trd, 8639315.612, 139
Trd, 8639315.912, 140
Trd, 8639315.979, 138
Trd, 8639316.179, 139
Trd, 8639316.846, 127
Trd, 8639317.479, 119
Trd, 8639318.179, 125
Trd, 8639318.412, 118
Trd, 8639318.846, 111
Trd, 8639318.912, 111
Trd, 8639319.779, 105
Trd, 8639320.979, 140
Trd, 8639321.112, 139
Trd, 8639321.512, 136
Trd, 8639322.046, 126
Trd, 8639322.112, 125
Trd, 8639322.246, 106
Trd, 8639322.512, 106
Trd, 8639322.746, 132
Trd, 8639323.312, 140
Trd, 8639323.979, 98
Trd, 8639324.246, 73
Trd, 8639324.779, 60
Trd, 8639324.879, 61
Trd, 8639325.212, 61
Trd, 8639325.712, 60
Trd, 8639326.012, 60
Trd, 8639326.446, 62
Trd, 8639326.612, 80
Trd, 8639327.846, 72
Trd, 8639328.746, 61
Trd, 8639329.312, 97
Trd, 8639329.879, 91
Trd, 8639330.246, 110
Trd, 8639330.346, 90
Trd, 8639330.646, 81
Trd, 8639330.779, 80
Trd, 8639330.879, 111
Trd, 8639331.446, 69
Trd, 8639331.546, 62
Trd, 8639331.746, 61
Trd, 8639331.779, 125
Trd, 8639332.179, 136
Trd, 8639333.712, 132
Trd, 8639333.746, 130
Trd, 8639333.779, 106
Trd, 8639334.412, 104
Trd, 8639335.579, 133
Trd, 8639335.679, 129
Trd, 8639336.012, 126
Trd, 8639336.112, 140
Trd, 8639337.612, 114
Trd, 8639338.146, 112
Trd, 8639338.346, 107
Trd, 8639338.679, 138
Trd, 8639339.712, 140
Trd, 8639340.146, 102
Trd, 8639340.979, 131
Trd, 8639341.179, 117
Trd, 8639341.446, 140
Trd, 8639341.712, 139
Trd, 8639341.812, 130
Trd, 8639343.312, 130
Trd, 8639344.079, 140
Trd, 8639344.979, 140
Trd, 8639345.179, 138
Trd, 8639345.379, 137
Trd, 8639346.179, 140
Trd, 8639346.346, 139
Trd, 8639346.579, 132
Trd, 8639348.112, 140
Trd, 8639348.346, 140
Trd, 8639349.279, 125
Trd, 8639349.346, 104
Trd, 8639349.912, 139
Trd, 8639350.246, 138
Trd, 8639350.279, 139
Trd, 8639350.346, 110
Trd, 8639350.379, 102
Trd, 8639351.012, 138
Trd, 8639351.246, 121
Trd, 8639351.312, 120
Trd, 8639351.546, 108
Trd, 8639352.146, 60
Trd, 8639352.579, 136
Trd, 8639352.879, 140
Trd, 8639353.912, 140
Trd, 8639354.512, 140
Trd, 8639354.679, 140
Trd, 8639355.179, 140
Trd, 8639355.479, 139
Trd, 8639356.412, 135
Trd, 8639356.712, 129
Trd, 8639357.179, 112
Trd, 8639357.212, 111
Trd, 8639358.312, 114
Trd, 8639358.479, 87
Trd, 8639358.612, 81
Trd, 8639358.812, 124
Trd, 8639359.879, 95
Trd, 8639360.646, 95
Trd, 8639361.012, 98
Trd, 8639361.346, 100
Trd, 8639362.112, 79
Trd, 8639362.146, 76
Trd, 8639362.946, 128
Trd, 8639363.046, 106
Trd, 8639364.112, 140
Trd, 8639364.446, 124
Trd, 8639364.679, 120
Trd, 8639364.979, 105
Trd, 8639365.479, 92
Trd, 8639365.612, 135
Trd, 8639367.079, 133
Trd, 8639367.946, 128
Trd, 8639368.212, 126
Trd, 8639368.312, 127
Trd, 8639368.612, 126
Trd, 8639368.812, 101
Trd, 8639369.279, 69
Trd, 8639369.312, 76
Trd, 8639369.346, 77
Trd, 8639370.012, 61
Trd, 8639370.046, 63
Trd, 8639370.079, 84
Trd, 8639371.346, 135
Trd, 8639371.379, 134
Trd, 8639372.112, 137
Trd, 8639372.379, 136
Trd, 8639374.279, 140
Trd, 8639374.312, 140
Trd, 8639375.212, 140
Trd, 8639375.279, 138
Trd, 8639376.246, 133
Trd, 8639376.746, 140
Trd, 8639376.979, 140
Trd, 8639378.212, 140
Trd, 8639379.579, 140
Trd, 8639380.079, 139
Trd, 8639380.212, 137
Trd, 8639380.446, 136
Trd, 8639380.546, 131
Trd, 8639381.512, 120
Trd, 8639381.546, 97
Trd, 8639381.712, 131
Trd, 8639382.046, 130
Trd, 8639382.246, 121
Trd, 8639383.012, 130
Trd, 8639383.212, 131
Trd, 8639383.279, 123
Trd, 8639383.312, 132
Trd, 8639383.679, 124
Trd, 8639383.846, 140
Trd, 8639383.912, 121
Trd, 8639384.712, 140
Trd, 8639386.679, 140
Trd, 8639386.846, 122
Trd, 8639386.912, 94
Trd, 8639387.546, 140
Trd, 8639389.179, 140
Trd, 8639389.612, 140
Trd, 8639390.046, 122
Trd, 8639390.512, 140
Trd, 8639391.379, 140
Trd, 8639391.512, 140
Trd, 8639391.579, 137
Trd, 8639392.346, 131
Trd, 8639392.512, 118
Trd, 8639393.246, 117
Trd, 8639393.612, 125
Trd, 8639393.946, 105
Trd, 8639394.146, 103
Trd, 8639394.212, 132
Trd, 8639395.546, 100
Trd, 8639395.846, 88
Trd, 8639396.746, 116
Trd, 8639397.146, 137
Trd, 8639397.412, 138
Trd, 8639397.646, 87
Trd, 8639397.879, 139
Trd, 8639398.712, 135
Trd, 8639399.012, 67
Trd, 8639399.046, 72
Trd, 8639399.279, 73
Trd, 8639399.879, 76
Trd, 8639400.146, 94
Trd, 8639400.512, 140
Trd, 8639401.079, 140
Trd, 8639401.679, 140
Trd, 8639401.746, 139
Trd, 8639402.146, 137
Trd, 8639403.046, 139
Trd, 8639403.112, 138
Trd, 8639403.946, 97
Trd, 8639404.179, 81
Trd, 8639404.979, 98
Trd, 8639405.779, 140
Trd, 8639405.912, 139
Trd, 8639407.246, 140
Trd, 8639407.279, 140
Trd, 8639408.646, 138
Trd, 8639409.379, 138
Trd, 8639409.579, 140
Trd, 8639409.946, 139
Trd, 8639410.212, 133
Trd, 8639410.646, 135
Trd, 8639410.812, 128
Trd, 8639410.912, 104
Trd, 8639411.312, 96
Trd, 8639411.579, 60
Trd, 8639411.812, 60
Trd, 8639411.946, 61
Trd, 8639412.079, 78
Trd, 8639412.479, 79
Trd, 8639412.679, 97
Trd, 8639413.712, 64
Trd, 8639413.746, 64
Trd, 8639413.779, 65
Trd, 8639414.579, 60
Trd, 8639415.146, 63
Trd, 8639415.379, 140
Trd, 8639416.212, 126
Trd, 8639416.379, 140
Trd, 8639416.979, 110
Trd, 8639417.579, 109
Trd, 8639417.946, 95
Trd, 8639418.512, 132
Trd, 8639418.612, 135
Trd, 8639419.312, 109
Trd, 8639419.479, 139
Trd, 8639419.546, 136
Trd, 8639420.712, 135
Trd, 8639421.412, 140
Trd, 8639421.579, 105
Trd, 8639422.279, 101
Trd, 8639422.979, 97
Trd, 8639423.146, 79
Trd, 8639423.279, 92
Trd, 8639423.512, 76
Trd, 8639423.812, 127
Trd, 8639423.979, 130
Trd, 8639424.046, 132
Trd, 8639424.312, 116
Trd, 8639425.579, 115
Trd, 8639425.846, 128
Trd, 8639426.679, 115
Trd, 8639427.612, 140
Trd, 8639427.679, 137
Trd, 8639428.312, 136
Trd, 8639429.146, 138
Trd, 8639429.746, 140
Trd, 8639429.946, 128
Trd, 8639430.179, 133
Trd, 8639430.612, 112
Trd, 8639430.746, 111
Trd, 8639431.346, 120
Trd, 8639432.679, 140
Trd, 8639433.579, 139
Trd, 8639433.879, 138
Trd, 8639434.379, 133
Trd, 8639435.812, 140
Trd, 8639436.112, 140
Trd, 8639436.579, 140
Trd, 8639436.646, 138
Trd, 8639436.746, 137
Trd, 8639436.846, 140
Trd, 8639438.112, 137
Trd, 8639438.312, 139
Trd, 8639438.879, 136
Trd, 8639439.379, 133
Trd, 8639439.846, 112
Trd, 8639439.879, 111
Trd, 8639440.146, 137
Trd, 8639440.812, 129
Trd, 8639440.846, 112
Trd, 8639441.512, 133
Trd, 8639441.846, 116
Trd, 8639441.979, 116
Trd, 8639442.479, 113
Trd, 8639442.746, 129
Trd, 8639443.212, 129
Trd, 8639443.746, 138
Trd, 8639444.079, 101
Trd, 8639444.712, 128
Trd, 8639444.779, 128
Trd, 8639445.379, 133
Trd, 8639446.046, 131
Trd, 8639446.146, 130
Trd, 8639446.446, 139
Trd, 8639446.946, 129
Trd, 8639447.312, 103
Trd, 8639448.212, 139
Trd, 8639448.679, 140
Trd, 8639448.979, 108
Trd, 8639449.746, 136
Trd, 8639449.912, 136
Trd, 8639449.979, 129
Trd, 8639450.146, 110
Trd, 8639450.979, 140
Trd, 8639451.979, 138
Trd, 8639452.079, 117
Trd, 8639453.479, 140
Trd, 8639453.746, 104
Trd, 8639454.879, 140
Trd, 8639455.012, 138
Trd, 8639455.146, 107
Trd, 8639455.746, 90
Trd, 8639456.312, 134
Trd, 8639456.512, 135
Trd, 8639457.146, 89
Trd, 8639457.612, 131
Trd, 8639457.879, 131
Trd, 8639457.912, 132
Trd, 8639458.946, 129
Trd, 8639458.979, 125
Trd, 8639459.212, 120
Trd, 8639459.979, 139
Trd, 8639460.612, 138
Trd, 8639460.746, 138
Trd, 8639461.012, 137
Trd, 8639461.479, 132
Trd, 8639461.612, 93
Trd, 8639462.379, 136
Trd, 8639462.412, 134
Trd, 8639462.479, 101
Trd, 8639462.779, 134
Trd, 8639463.246, 135
Trd, 8639463.546, 105
Trd, 8639464.479, 140
Trd, 8639465.346, 140
Trd, 8639465.579, 139
Trd, 8639465.812, 117
Trd, 8639466.212, 121
Trd, 8639466.479, 116
Trd, 8639467.079, 135
Trd, 8639467.179, 128
Trd, 8639467.546, 94
Trd, 8639467.879, 112
Trd, 8639468.446, 129
Trd, 8639468.612, 131
Trd, 8639468.846, 78
Trd, 8639469.779, 92
Trd, 8639470.212, 90
Trd, 8639470.712, 91
Trd, 8639470.746, 89
Trd, 8639471.546, 140
Trd, 8639472.346, 60
Trd, 8639472.412, 60
Trd, 8639472.679, 61
Trd, 8639472.812, 66
Trd, 8639473.046, 62
Trd, 8639473.246, 60
Trd, 8639473.512, 67
Trd, 8639473.646, 86
Trd, 8639474.712, 62
Trd, 8639475.512, 61
Trd, 8639475.712, 60
Trd, 8639475.779, 61
Trd, 8639476.212, 61
Trd, 8639476.812, 60
Trd, 8639477.146, 60
Trd, 8639477.412, 62
Trd, 8639477.646, 64
Trd, 8639478.446, 60
Trd, 8639478.712, 61
Trd, 8639478.846, 70
Trd, 8639479.246, 86
Trd, 8639480.379, 62
Trd, 8639480.446, 63
Trd, 8639480.846, 62
Trd, 8639481.279, 66
Trd, 8639481.512, 66
Trd, 8639481.679, 67
Trd, 8639483.079, 60
Trd, 8639484.179, 60
Trd, 8639484.746, 60
Trd, 8639485.112, 61
Trd, 8639485.712, 63
Trd, 8639485.812, 63
Trd, 8639486.046, 63
Trd, 8639486.146, 64
Trd, 8639486.446, 64
Trd, 8639486.479, 65
Trd, 8639487.112, 85
Trd, 8639487.312, 86
Trd, 8639487.546, 64
Trd, 8639487.646, 68
Trd, 8639488.146, 94
Trd, 8639488.446, 97
Trd, 8639488.546, 98
Trd, 8639489.346, 118
Trd, 8639489.912, 140
Trd, 8639490.046, 94
Trd, 8639490.212, 72
Trd, 8639491.612, 60
Trd, 8639491.912, 60
Trd, 8639493.346, 60
Trd, 8639493.946, 60
Trd, 8639494.412, 60
Trd, 8639494.546, 63
Trd, 8639494.679, 60
Trd, 8639495.846, 62
Trd, 8639495.879, 63
Trd, 8639496.112, 60
Trd, 8639496.146, 60
Trd, 8639496.212, 61
Trd, 8639497.846, 60
Trd, 8639498.079, 60
Trd, 8639498.446, 84
Trd, 8639498.479, 85
Trd, 8639498.546, 134
Trd, 8639499.046, 84
Trd, 8639499.312, 85
Trd, 8639499.746, 113
Trd, 8639500.546, 140
Trd, 8639500.579, 139
Trd, 8639500.646, 116
Trd, 8639501.012, 112
Trd, 8639502.479, 140
Trd, 8639502.946, 140
Trd, 8639504.512, 139
Trd, 8639504.646, 138
Trd, 8639504.812, 140
Trd, 8639506.379, 134
Trd, 8639506.712, 133
Trd, 8639507.012, 132
Trd, 8639507.479, 128
Trd, 8639507.612, 118
Trd, 8639509.412, 140
Trd, 8639509.812, 140
Trd, 8639509.979, 140
Trd, 8639510.079, 140
Trd, 8639510.179, 140
Trd, 8639511.112, 140
Trd, 8639511.579, 140
Trd, 8639511.646, 139
Trd, 8639512.079, 128
Trd, 8639512.279, 122
Trd, 8639512.312, 106
Trd, 8639512.979, 137
Trd, 8639513.379, 120
Trd, 8639513.912, 131
Trd, 8639514.879, 140
Trd, 8639515.912, 140
Trd, 8639516.412, 137
Trd, 8639516.479, 136
Trd, 8639516.746, 135
Trd, 8639517.912, 140
Trd, 8639518.046, 137
Trd, 8639519.012, 140
Trd, 8639519.146, 140
Trd, 8639519.746, 139
Trd, 8639520.412, 137
Trd, 8639520.646, 129
Trd, 8639520.746, 135
Trd, 8639520.979, 133
Trd, 8639521.312, 132
Trd, 8639521.679, 125
Trd, 8639521.812, 124
Trd, 8639522.512, 123
Trd, 8639522.712, 104
Trd, 8639522.846, 131
Trd, 8639523.646, 92
Trd, 8639524.079, 77
Trd, 8639525.246, 124
Trd, 8639525.446, 118
Trd, 8639525.546, 119
Trd, 8639525.946, 116
Trd, 8639526.012, 76
Trd, 8639526.046, 125
Trd, 8639526.712, 78
Trd, 8639526.746, 77
Trd, 8639528.212, 137
Trd, 8639529.079, 127
Trd, 8639529.212, 73
Trd, 8639529.612, 64
Trd, 8639529.979, 139
Trd, 8639530.312, 130
Trd, 8639530.479, 92
Trd, 8639530.512, 86
Trd, 8639532.179, 123
Trd, 8639532.979, 140
Trd, 8639533.279, 140
Trd, 8639534.079, 140
Trd, 8639534.112, 140
Trd, 8639534.146, 127
Trd, 8639534.212, 83
Trd, 8639535.346, 140
Trd, 8639535.612, 139
Trd, 8639535.912, 119
Trd, 8639536.446, 138
Trd, 8639537.412, 136
Trd, 8639537.646, 130
Trd, 8639537.946, 121
Trd, 8639538.646, 95
Trd, 8639539.179, 84
Trd, 8639539.346, 119
Trd, 8639539.412, 61
Trd, 8639539.679, 135
Trd, 8639540.079, 136
Trd, 8639540.546, 120
Trd, 8639541.846, 108
Trd, 8639541.912, 74
Trd, 8639542.046, 76
Trd, 8639542.346, 73
Trd, 8639542.612, 127
Trd, 8639542.679, 128
Trd, 8639542.946, 130
Trd, 8639543.946, 63
Trd, 8639545.246, 68
Trd, 8639545.346, 60
Trd, 8639545.546, 62
Trd, 8639545.679, 82
Trd, 8639545.712, 84
Trd, 8639546.446, 138
Trd, 8639546.879, 72
Trd, 8639547.579, 134
Trd, 8639547.746, 117
Trd, 8639548.179, 119
Trd, 8639548.479, 131
Trd, 8639549.079, 120
Trd, 8639549.179, 119
Trd, 8639550.212, 126
Trd, 8639550.912, 118
Trd, 8639551.546, 119
Trd, 8639551.746, 116
Trd, 8639552.246, 114
Trd, 8639552.346, 132
Trd, 8639553.046, 134
Trd, 8639553.612, 140
Trd, 8639553.679, 139
Trd, 8639553.846, 127
Trd, 8639554.046, 105
Trd, 8639554.212, 134
Trd, 8639554.779, 97
Trd, 8639555.612, 138
Trd, 8639556.812, 132
Trd, 8639557.379, 108
Trd, 8639557.612, 84
Trd, 8639558.412, 139
Trd, 8639558.979, 140
Trd, 8639559.246, 140
Trd, 8639559.412, 140
Trd, 8639559.846, 139
Trd, 8639560.012, 123
Trd, 8639560.546, 110
Trd, 8639560.846, 127
Trd, 8639560.879, 91
Trd, 8639561.746, 86
Trd, 8639561.812, 130
Trd, 8639562.246, 128
Trd, 8639562.846, 82
Trd, 8639563.212, 128
Trd, 8639563.712, 115
Trd, 8639563.879, 114
Trd, 8639563.912, 104
Trd, 8639564.246, 60
Trd, 8639564.346, 61
Trd, 8639565.679, 140
Trd, 8639566.046, 139
Trd, 8639567.512, 140
Trd, 8639568.146, 140
Trd, 8639568.312, 140
Trd, 8639569.179, 140
Trd, 8639569.212, 132
Trd, 8639569.312, 132
Trd, 8639570.279, 140
Trd, 8639570.912, 138
Trd, 8639571.112, 126
Trd, 8639571.779, 116
Trd, 8639571.979, 98
Trd, 8639573.146, 140
Trd, 8639573.612, 120
Trd, 8639574.479, 140
Trd, 8639575.012, 140
Trd, 8639575.046, 140
Trd, 8639575.479, 110
Trd, 8639575.612, 117
Trd, 8639575.912, 109
Trd, 8639576.079, 93
Trd, 8639576.712, 140
Trd, 8639577.146, 97
Trd, 8639577.679, 122
Trd, 8639578.046, 90
Trd, 8639578.079, 89
Trd, 8639578.146, 79
Trd, 8639580.379, 140
Trd, 8639581.346, 140
Trd, 8639581.579, 140
Trd, 8639581.646, 121
Trd, 8639582.512, 140
Trd, 8639583.112, 139
Trd, 8639583.312, 139
Trd, 8639583.512, 139
Trd, 8639584.146, 137
Trd, 8639584.346, 131
Trd, 8639584.379, 136
Trd, 8639584.612, 116
Trd, 8639584.646, 138
Trd, 8639585.612, 138
Trd, 8639585.846, 133
Trd, 8639586.179, 138
Trd, 8639586.346, 122
Trd, 8639588.212, 99
Trd, 8639588.312, 98
Trd, 8639588.479, 97
Trd, 8639588.846, 137
Trd, 8639590.179, 90
Trd, 8639590.546, 84
Trd, 8639591.179, 135
Trd, 8639591.712, 140
Trd, 8639592.979, 138
Trd, 8639593.112, 137
Trd, 8639593.679, 133
Trd, 8639593.879, 133
Trd, 8639593.946, 135
Trd, 8639594.212, 126
Trd, 8639594.879, 133
Trd, 8639595.079, 138
Trd, 8639595.212, 116
Trd, 8639595.279, 135
Trd, 8639595.812, 138
Trd, 8639595.846, 137
Trd, 8639596.312, 105
Trd, 8639596.479, 82
Trd, 8639596.846, 87
Trd, 8639598.046, 140
Trd, 8639598.379, 140
Trd, 8639598.512, 140
Trd, 8639598.812, 137
Trd, 8639599.512, 134
Trd, 8639599.779, 134
Trd, 8639600.779, 132
Trd, 8639600.912, 139
Trd, 8639600.946, 109
Trd, 8639602.512, 138
Trd, 8639602.946, 139
Trd, 8639603.412, 139
Trd, 8639603.679, 130
Trd, 8639604.412, 116
Trd, 8639604.779, 100
Trd, 8639605.046, 93
Trd, 8639605.812, 139
Trd, 8639606.579, 138
Trd, 8639606.846, 137
Trd, 8639607.079, 107
Trd, 8639607.346, 139
Trd, 8639607.646, 139
Trd, 8639607.846, 138
Trd, 8639607.912, 111
Trd, 8639607.979, 106
Trd, 8639608.046, 103
Trd, 8639609.112, 139
Trd, 8639610.479, 139
Trd, 8639610.912, 136
Trd, 8639611.112, 137
Trd, 8639611.846, 133
Trd, 8639611.879, 131
Trd, 8639611.979, 127
Trd, 8639612.279, 140
Trd, 8639612.379, 126
Trd, 8639613.312, 128
Trd, 8639613.512, 97
Trd, 8639613.779, 139
Trd, 8639614.612, 115
Trd, 8639615.979, 127
Trd, 8639616.079, 126
Trd, 8639616.579, 140
Trd, 8639616.979, 102
Trd, 8639618.079, 137
Trd, 8639618.346, 140
Trd, 8639619.979, 140
Trd, 8639620.146, 140
Trd, 8639620.679, 140
Trd, 8639620.712, 140
Trd, 8639620.779, 140
Trd, 8639621.046, 140
Trd, 8639621.246, 116
Trd, 8639621.446, 125
Trd, 8639622.112, 133
Trd, 8639623.212, 114
Trd, 8639624.246, 94
Trd, 8639624.312, 101
Trd, 8639624.546, 119
Trd, 8639624.846, 93
Trd, 8639625.312, 116
Trd, 8639625.979, 116
Trd, 8639626.179, 113
Trd, 8639626.312, 117
Trd, 8639626.646, 118
Trd, 8639626.812, 98
Trd, 8639627.479, 60
Trd, 8639627.979, 61
Trd, 8639628.612, 124
Trd, 8639629.879, 139
Trd, 8639630.712, 140
Trd, 8639631.046, 138
Trd, 8639631.179, 132
Trd, 8639631.979, 127
Trd, 8639632.046, 116
Trd, 8639632.746, 140
Trd, 8639633.079, 139
Trd, 8639633.446, 138
Trd, 8639634.079, 140
Trd, 8639634.279, 140
Trd, 8639634.679, 124
Trd, 8639636.746, 139
Trd, 8639637.179, 137
Trd, 8639637.946, 136
Trd, 8639638.112, 135
Trd, 8639638.346, 131
Trd, 8639638.479, 122
Trd, 8639638.979, 140
Trd, 8639640.579, 140
Trd, 8639640.746, 140
Trd, 8639641.579, 139
Trd, 8639641.846, 137
Trd, 8639642.112, 139
Trd, 8639642.412, 138
Trd, 8639642.512, 130
Trd, 8639642.912, 119
Trd, 8639642.946, 139
Trd, 8639642.979, 110
Trd, 8639643.279, 96
Trd, 8639644.546, 110
Trd, 8639644.712, 105
Trd, 8639645.546, 101
Trd, 8639646.046, 139
Trd, 8639646.779, 139
Trd, 8639647.212, 136
Trd, 8639647.712, 126
Trd, 8639648.079, 121
Trd, 8639648.312, 118
Trd, 8639648.346, 111
Trd, 8639648.579, 108
Trd, 8639649.012, 62
Trd, 8639649.979, 140
Trd, 8639650.479, 140
Trd, 8639650.746, 124
Trd, 8639651.279, 132
Trd, 8639651.479, 136
Trd, 8639651.612, 127
Trd, 8639651.746, 126
Trd, 8639652.712, 90
Trd, 8639652.912, 89
Trd, 8639653.012, 119
Trd, 8639653.579, 109
Trd, 8639653.912, 110
Trd, 8639654.279, 133
Trd, 8639655.746, 139
Trd, 8639656.546, 137
Trd, 8639657.179, 140
Trd, 8639657.312, 140
Trd, 8639657.946, 140
Trd, 8639658.346, 138
Trd, 8639659.112, 108
Trd, 8639659.246, 99
Trd, 8639660.179, 118
Trd, 8639660.212, 117
Trd, 8639660.679, 102
Trd, 8639660.879, 81
Trd, 8639662.846, 140
Trd, 8639662.912, 139
Trd, 8639663.112, 139
Trd, 8639663.212, 138
Trd, 8639663.812, 140
Trd, 8639664.212, 139
Trd, 8639664.512, 113
Trd, 8639665.246, 132
Trd, 8639665.712, 131
Trd, 8639665.779, 130
Trd, 8639666.212, 120
Trd, 8639667.079, 88
Trd, 8639667.779, 135
Trd, 8639667.946, 133
Trd, 8639668.012, 137
Trd, 8639668.979, 140
Trd, 8639669.646, 140
Trd, 8639669.746, 140
Trd, 8639670.212, 139
Trd, 8639670.712, 106
Trd, 8639671.412, 140
Trd, 8639673.112, 140
Trd, 8639673.879, 140
Trd, 8639674.012, 139
Trd, 8639674.446, 140
Trd, 8639675.179, 140
Trd, 8639675.479, 93
Trd, 8639675.679, 84
Trd, 8639675.846, 81
Trd, 8639676.612, 138
Trd, 8639676.712, 137
Trd, 8639677.212, 133
Trd, 8639677.512, 133
Trd, 8639678.379, 129
Trd, 8639678.512, 128
Trd, 8639678.546, 130
Trd, 8639678.679, 131
Trd, 8639679.146, 137
Trd, 8639680.012, 86
Trd, 8639680.112, 76
Trd, 8639680.146, 135
Trd, 8639681.579, 136
Trd, 8639681.979, 110
Trd, 8639682.079, 84
Trd, 8639682.646, 137
Trd, 8639682.712, 114
Trd, 8639682.846, 100
Trd, 8639683.646, 130
Trd, 8639684.179, 131
Trd, 8639684.712, 125
Trd, 8639684.846, 102
Trd, 8639684.946, 88
Trd, 8639685.646, 132
Trd, 8639685.679, 76
Trd, 8639686.679, 140
Trd, 8639686.846, 140
Trd, 8639687.412, 140
Trd, 8639687.746, 128
Trd, 8639687.946, 127
Trd, 8639688.079, 85
Trd, 8639689.112, 60
Trd, 8639689.479, 60
Trd, 8639689.646, 62
Trd, 8639689.679, 63
Trd, 8639690.479, 64
Trd, 8639690.746, 70
Trd, 8639691.112, 80
Trd, 8639691.612, 67
Trd, 8639691.812, 67
Trd, 8639691.912, 84
Trd, 8639694.412, 63
Trd, 8639694.512, 66
Trd, 8639694.979, 62
Trd, 8639695.479, 60
Trd, 8639695.546, 61
Trd, 8639695.679, 62
Trd, 8639695.912, 63
Trd, 8639696.746, 65
Trd, 8639696.846, 81
Trd, 8639696.912, 108
Trd, 8639697.712, 140
Trd, 8639697.746, 140
Trd, 8639698.212, 140
Trd, 8639698.946, 140
Trd, 8639699.512, 139
Trd, 8639700.279, 130
Trd, 8639700.646, 138
Trd, 8639701.179, 137
Trd, 8639701.446, 122
Trd, 8639701.846, 113
Trd, 8639701.912, 108
Trd, 8639702.879, 127
Trd, 8639703.212, 126
Trd, 8639703.946, 140
Trd, 8639704.046, 134
Trd, 8639706.146, 140
Trd, 8639706.512, 139
Trd, 8639707.579, 140
Trd, 8639707.646, 140
Trd, 8639707.712, 140
Trd, 8639708.046, 128
Trd, 8639708.479, 122
Trd, 8639708.546, 137
Trd, 8639708.612, 83
Trd, 8639709.146, 134
Trd, 8639709.412, 134
Trd, 8639709.579, 136
Trd, 8639709.979, 119
Trd, 8639710.112, 117
Trd, 8639710.346, 109
Trd, 8639711.146, 83
Trd, 8639711.812, 125
Trd, 8639712.346, 118
Trd, 8639712.679, 114
Trd, 8639713.812, 140
Trd, 8639714.579, 140
Trd, 8639714.846, 139
Trd, 8639715.146, 139
Trd, 8639716.579, 140
Trd, 8639717.012, 140
Trd, 8639717.279, 139
Trd, 8639717.846, 139
Trd, 8639717.879, 133
Trd, 8639718.846, 126
Trd, 8639719.046, 140
Trd, 8639719.546, 95
Trd, 8639721.112, 140
Trd, 8639721.346, 137
Trd, 8639721.579, 125
Trd, 8639721.712, 115
Trd, 8639722.046, 90
Trd, 8639722.412, 132
Trd, 8639722.812, 66
Trd, 8639723.346, 66
Trd, 8639723.512, 62
Trd, 8639723.679, 103
Trd, 8639723.846, 104
Trd, 8639725.246, 132
Trd, 8639725.512, 130
Trd, 8639726.146, 119
Trd, 8639726.379, 106
Trd, 8639726.412, 105
Trd, 8639727.179, 62
Trd, 8639728.179, 61
Trd, 8639728.346, 61
Trd, 8639728.479, 63
Trd, 8639729.246, 62
Trd, 8639729.346, 71
Trd, 8639729.612, 79
Trd, 8639729.746, 80
Trd, 8639730.646, 140
Trd, 8639731.079, 140
Trd, 8639731.212, 140
Trd, 8639731.446, 139
Trd, 8639731.646, 134
Trd, 8639732.146, 134
Trd, 8639732.446, 101
Trd, 8639733.279, 131
Trd, 8639733.612, 130
Trd, 8639734.046, 116
Trd, 8639734.112, 72
Trd, 8639736.412, 140
Trd, 8639737.012, 140
Trd, 8639737.579, 140
Trd, 8639737.679, 134
Trd, 8639738.379, 139
Trd, 8639738.712, 133
Trd, 8639738.912, 124
Trd, 8639740.079, 139
Trd, 8639740.312, 120
Trd, 8639741.412, 140
Trd, 8639741.712, 139
Trd, 8639742.179, 108
Trd, 8639743.012, 140
Trd, 8639743.212, 139
Trd, 8639743.312, 133
Trd, 8639743.879, 139
Trd, 8639744.112, 87
Trd, 8639744.246, 134
Trd, 8639745.246, 138
Trd, 8639745.446, 137
Trd, 8639745.879, 117
Trd, 8639746.212, 104
Trd, 8639746.546, 71
Trd, 8639747.546, 63
Trd, 8639747.612, 64
Trd, 8639747.746, 77
Trd, 8639747.779, 81
Trd, 8639748.346, 64
Trd, 8639748.479, 60
Trd, 8639748.646, 65
Trd, 8639748.912, 83
Trd, 8639749.012, 84
Trd, 8639749.679, 85
Trd, 8639749.979, 84
Trd, 8639750.912, 78
Trd, 8639752.712, 140
Trd, 8639752.812, 140
Trd, 8639752.846, 140
Trd, 8639753.246, 139
Trd, 8639753.446, 132
Trd, 8639753.612, 134
Trd, 8639753.812, 111
Trd, 8639754.446, 79
Trd, 8639754.979, 98
Trd, 8639755.012, 77
Trd, 8639756.212, 140
Trd, 8639757.046, 140
Trd, 8639757.979, 140
Trd, 8639758.812, 140
Trd, 8639759.379, 120
Trd, 8639759.946, 139
Trd, 8639760.479, 140
Trd, 8639760.846, 140
Trd, 8639761.912, 140
Trd, 8639762.746, 140
Trd, 8639762.912, 140
Trd, 8639763.112, 140
Trd, 8639763.179, 128
Trd, 8639764.179, 139
Trd, 8639766.146, 140
Trd, 8639766.879, 140
Trd, 8639767.479, 140
Trd, 8639768.212, 140
Trd, 8639768.879, 140
Trd, 8639769.279, 140
Trd, 8639769.612, 140
Trd, 8639770.446, 139
Trd, 8639770.512, 138
Trd, 8639771.079, 123
Trd, 8639771.112, 120
Trd, 8639771.279, 129
Trd, 8639772.512, 122
Trd, 8639773.479, 140
Trd, 8639773.546, 139
Trd, 8639773.912, 140
Trd, 8639774.412, 140
Trd, 8639774.512, 130
Trd, 8639775.346, 124
Trd, 8639776.512, 114
Trd, 8639776.846, 114
Trd, 8639777.112, 120
Trd, 8639777.879, 116
Trd, 8639778.179, 110
Trd, 8639778.546, 110
Trd, 8639778.746, 115
Trd, 8639779.012, 104
Trd, 8639779.046, 94
Trd, 8639779.512, 113
Trd, 8639779.946, 117
Trd, 8639780.412, 140
Trd, 8639780.579, 140
Trd, 8639780.779, 139
Trd, 8639781.612, 138
Trd, 8639781.879, 139
Trd, 8639782.412, 121
Trd, 8639782.646, 132
Trd, 8639783.379, 116
Trd, 8639783.546, 115
Trd, 8639783.646, 138
Trd, 8639783.712, 83
Trd, 8639785.112, 138
Trd, 8639785.712, 116
Trd, 8639785.746, 114
Trd, 8639787.212, 140
Trd, 8639788.479, 140
Trd, 8639788.746, 140
Trd, 8639788.846, 138
Trd, 8639789.379, 136
Trd, 8639789.879, 139
Trd, 8639790.512, 120
Trd, 8639790.879, 105
Trd, 8639791.046, 139
Trd, 8639791.412, 135
Trd, 8639791.446, 113
Trd, 8639791.812, 130
Trd, 8639792.712, 139
Trd, 8639793.146, 129
Trd, 8639793.746, 111
Trd, 8639794.079, 110
Trd, 8639794.546, 105
Trd, 8639794.846, 88
Trd, 8639795.146, 108
Trd, 8639795.712, 108
Trd, 8639796.246, 86
Trd, 8639796.346, 81
Trd, 8639796.479, 80
Trd, 8639796.779, 114
Trd, 8639797.146, 140
Trd, 8639797.179, 109
Trd, 8639797.846, 137
Trd, 8639798.379, 79
Trd, 8639799.312, 140
Trd, 8639799.912, 140
Trd, 8639800.379, 140
Trd, 8639800.979, 139
Trd, 8639802.046, 139
Trd, 8639802.146, 137
Trd, 8639802.546, 139
Trd, 8639802.712, 132
Trd, 8639803.179, 126
Trd, 8639803.612, 125
Trd, 8639805.479, 139
Trd, 8639806.112, 127
Trd, 8639806.246, 139
Trd, 8639806.312, 135
Trd, 8639806.846, 116
Trd, 8639806.979, 115
Trd, 8639807.312, 118
Trd, 8639807.479, 139
Trd, 8639807.946, 97
Trd, 8639808.146, 95
Trd, 8639808.212, 90
Trd, 8639808.712, 60
Trd, 8639808.912, 60
Trd, 8639809.846, 79
Trd, 8639809.979, 72
Trd, 8639810.479, 61
Trd, 8639810.779, 61
Trd, 8639810.846, 80
Trd, 8639811.879, 94
Trd, 8639812.912, 93
Trd, 8639813.446, 93
Trd, 8639813.712, 60
Trd, 8639813.946, 64
Trd, 8639814.546, 60
Trd, 8639814.679, 61
Trd, 8639815.412, 111
Trd, 8639815.779, 82
Trd, 8639816.079, 61
Trd, 8639817.012, 60
Trd, 8639817.679, 60
Trd, 8639817.812, 61
Trd, 8639818.246, 60
Trd, 8639818.346, 62
Trd, 8639818.712, 81
Trd, 8639818.846, 65
Trd, 8639819.679, 68
Trd, 8639819.979, 67
Trd, 8639820.079, 75
Trd, 8639820.279, 60
Trd, 8639820.879, 139
Trd, 8639821.079, 104
Trd, 8639821.746, 60
Trd, 8639822.412, 60
Trd, 8639822.646, 67
Trd, 8639822.746, 69
Trd, 8639823.246, 60
Trd, 8639823.579, 69
Trd, 8639826.479, 140
Trd, 8639826.579, 140
Trd, 8639826.646, 139
Trd, 8639826.946, 140
Trd, 8639827.212, 139
Trd, 8639828.479, 133
Trd, 8639829.079, 139
Trd, 8639829.612, 115
Trd, 8639829.946, 129
Trd, 8639830.079, 130
Trd, 8639830.112, 129
Trd, 8639830.279, 128
Trd, 8639830.312, 131
Trd, 8639830.579, 111
Trd, 8639830.646, 110
Trd, 8639831.646, 109
Trd, 8639831.746, 139
Trd, 8639832.712, 138
Trd, 8639833.312, 137
Trd, 8639833.379, 98
Trd, 8639833.646, 82
Trd, 8639834.246, 140
Trd, 8639835.412, 126
Trd, 8639836.412, 139
Trd, 8639836.979, 134
Trd, 8639837.546, 133
Trd, 8639837.779, 116
Trd, 8639838.079, 101
Trd, 8639838.312, 139
Trd, 8639838.346, 100
Trd, 8639838.646, 140
Trd, 8639839.479, 137
Trd, 8639839.546, 139
Trd, 8639839.946, 125
Trd, 8639840.279, 99
Trd, 8639840.679, 133
Trd, 8639841.146, 138
Trd, 8639842.046, 103
Trd, 8639842.512, 136
Trd, 8639842.612, 90
Trd, 8639842.646, 89
Trd, 8639843.012, 140
Trd, 8639843.712, 90
Trd, 8639844.779, 131
Trd, 8639845.112, 68
Trd, 8639845.479, 88
Trd, 8639845.579, 139
Trd, 8639846.279, 93
Trd, 8639847.779, 140
Trd, 8639847.812, 140
Trd, 8639848.646, 113
Trd, 8639849.112, 138
Trd, 8639850.079, 139
Trd, 8639850.546, 136
Trd, 8639851.779, 140
Trd, 8639851.979, 140
Trd, 8639852.379, 140
Trd, 8639852.846, 140
Trd, 8639853.346, 132
Trd, 8639853.579, 129
Trd, 8639853.912, 94
Trd, 8639854.079, 90
Trd, 8639854.712, 131
Trd, 8639854.746, 121
Trd, 8639854.879, 133
Trd, 8639855.379, 133
Trd, 8639855.846, 120
Trd, 8639855.879, 119
Trd, 8639856.946, 139
Trd, 8639857.546, 138
Trd, 8639857.912, 133
Trd, 8639858.246, 138
Trd, 8639858.546, 121
Trd, 8639858.679, 120
Trd, 8639858.846, 130
Trd, 8639858.912, 114
Trd, 8639859.679, 140
Trd, 8639860.112, 119
Trd, 8639860.179, 101
Trd, 8639861.879, 140
Trd, 8639862.912, 130
Trd, 8639863.279, 136
Trd, 8639863.646, 130
Trd, 8639863.712, 128
Trd, 8639863.979, 114
Trd, 8639864.446, 131
Trd, 8639864.479, 132
Trd, 8639865.379, 131
Trd, 8639865.546, 103
Trd, 8639865.712, 92
Trd, 8639866.079, 114
Trd, 8639866.112, 98
Trd, 8639866.646, 85
Trd, 8639866.779, 89
Trd, 8639867.546, 88
Trd, 8639868.012, 138
Trd, 8639868.412, 83
Trd, 8639868.646, 140
Trd, 8639868.979, 70
Trd, 8639869.312, 138
Trd, 8639869.712, 134
Trd, 8639870.579, 113
Trd, 8639871.412, 122
Trd, 8639871.912, 130
Trd, 8639872.312, 121
Trd, 8639872.746, 130
Trd, 8639873.112, 129
Trd, 8639873.179, 130
Trd, 8639873.246, 119
Trd, 8639874.046, 103
Trd, 8639874.579, 121
Trd, 8639874.779, 139
Trd, 8639874.979, 110
Trd, 8639876.079, 140
Trd, 8639876.546, 137
Trd, 8639876.679, 137
Trd, 8639877.046, 140
Trd, 8639877.746, 140
Trd, 8639878.479, 139
Trd, 8639878.812, 123
Trd, 8639879.246, 94
Trd, 8639881.179, 140
Trd, 8639881.446, 140
Trd, 8639881.679, 139
Trd, 8639882.912, 140
Trd, 8639883.046, 129
Trd, 8639883.179, 140
Trd, 8639883.412, 91
Trd, 8639883.746, 98
Trd, 8639883.979, 88
Trd, 8639884.546, 140
Trd, 8639884.779, 124
Trd, 8639885.179, 138
Trd, 8639885.279, 139
Trd, 8639885.812, 86
Trd, 8639885.912, 126
Trd, 8639886.046, 68
Trd, 8639886.446, 135
Trd, 8639886.679, 108
Trd, 8639887.279, 133
Trd, 8639887.712, 120
Trd, 8639888.012, 136
Trd, 8639888.912, 128
Trd, 8639890.346, 138
Trd, 8639890.646, 140
Trd, 8639890.746, 136
Trd, 8639891.246, 140
Trd, 8639892.179, 138
Trd, 8639893.379, 140
Trd, 8639893.412, 120
Trd, 8639893.946, 111
Trd, 8639895.479, 139
Trd, 8639895.579, 138
Trd, 8639896.046, 133
Trd, 8639896.079, 128
Trd, 8639896.379, 102
Trd, 8639897.012, 132
Trd, 8639897.079, 106
Trd, 8639897.246, 78
Trd, 8639897.379, 72
Trd, 8639897.479, 134
Trd, 8639898.046, 121
Trd, 8639898.779, 131
Trd, 8639899.012, 131
Trd, 8639899.046, 133
Trd, 8639899.179, 130
Trd, 8639899.846, 127
Trd, 8639900.379, 136
Trd, 8639901.046, 139
Trd, 8639901.912, 60
Trd, 8639902.046, 60
Trd, 8639902.179, 62
Trd, 8639902.946, 65
Trd, 8639903.012, 60
Trd, 8639903.479, 60
Trd, 8639903.579, 62
Trd, 8639903.746, 64
Trd, 8639904.146, 61
Trd, 8639904.979, 60
Trd, 8639905.212, 65
Trd, 8639905.512, 80
Trd, 8639906.246, 95
Trd, 8639906.379, 65
Trd, 8639906.712, 116
Trd, 8639907.046, 119
Trd, 8639907.612, 120
Trd, 8639907.646, 130
Trd, 8639908.479, 126
Trd, 8639908.779, 105
Trd, 8639908.979, 125
Trd, 8639909.779, 135
Trd, 8639910.579, 82
Trd, 8639910.912, 70
Trd, 8639910.979, 69
Trd, 8639911.246, 112
Trd, 8639911.346, 63
Trd, 8639912.046, 94
Trd, 8639912.579, 93
Trd, 8639913.779, 115
Trd, 8639914.012, 140
Trd, 8639914.112, 90
Trd, 8639915.212, 140
Trd, 8639915.579, 132
Trd, 8639915.679, 121
Trd, 8639916.912, 107
Trd, 8639916.946, 103
Trd, 8639917.146, 80
Trd, 8639917.212, 74
Trd, 8639918.279, 133
Trd, 8639918.646, 132
Trd, 8639919.012, 108
Trd, 8639919.446, 134
Trd, 8639919.612, 108
Trd, 8639920.146, 89
Trd, 8639920.846, 135
Trd, 8639921.279, 107
Trd, 8639921.912, 139
Trd, 8639922.012, 138
Trd, 8639922.579, 136
Trd, 8639922.679, 106
Trd, 8639922.746, 89
Trd, 8639923.812, 60
Trd, 8639924.346, 60
Trd, 8639925.112, 60
Trd, 8639925.879, 140
Trd, 8639925.946, 140
Trd, 8639926.179, 139
Trd, 8639926.379, 139
Trd, 8639926.779, 139
Trd, 8639926.946, 119
Trd, 8639927.812, 73
Trd, 8639927.846, 74
Trd, 8639928.446, 61
Trd, 8639928.979, 103
Trd, 8639929.212, 115
Trd, 8639930.346, 63
Trd, 8639930.579, 82
Trd, 8639930.812, 60
Trd, 8639931.079, 77
Trd, 8639931.946, 61
Trd, 8639932.212, 62
Trd, 8639932.279, 63
Trd, 8639932.312, 64
Trd, 8639932.712, 140
Trd, 8639933.579, 62
Trd, 8639934.379, 60
Trd, 8639934.812, 62
Trd, 8639935.112, 66
Trd, 8639935.646, 60
Trd, 8639935.879, 64
Trd, 8639937.312, 60
Trd, 8639937.946, 60
Trd, 8639938.212, 60
Trd, 8639938.312, 60
Trd, 8639938.646, 62
Trd, 8639938.712, 63
Trd, 8639939.046, 63
Trd, 8639939.879, 61
Trd, 8639940.112, 63
Trd, 8639940.179, 75
Trd, 8639940.412, 60
Trd, 8639941.146, 62
Trd, 8639941.346, 80
Trd, 8639941.779, 73
Trd, 8639942.079, 94
Trd, 8639942.612, 69
Trd, 8639942.912, 88
Trd, 8639943.446, 74
Trd, 8639943.646, 100
Trd, 8639943.812, 77
Trd, 8639944.279, 80
Trd, 8639944.412, 76
Trd, 8639945.079, 121
Trd, 8639945.246, 120
Trd, 8639946.212, 132
Trd, 8639947.312, 140
Trd, 8639948.446, 140
Trd, 8639948.746, 140
Trd, 8639949.546, 140
Trd, 8639949.812, 137
Trd, 8639950.246, 129
Trd, 8639950.446, 126
Trd, 8639951.012, 137
Trd, 8639951.146, 135
Trd, 8639951.412, 111
Trd, 8639952.312, 123
Trd, 8639952.412, 113
Trd, 8639952.946, 119
Trd, 8639953.012, 107
Trd, 8639953.179, 121
Trd, 8639953.279, 122
Trd, 8639953.446, 118
Trd, 8639953.612, 125
Trd, 8639953.779, 139
Trd, 8639954.646, 140
Trd, 8639954.979, 139
Trd, 8639955.212, 63
Trd, 8639955.346, 60
Trd, 8639955.546, 82
Trd, 8639956.612, 61
Trd, 8639957.946, 60
Trd, 8639958.179, 61
Trd, 8639958.312, 61
Trd, 8639958.446, 65
Trd, 8639959.079, 63
Trd, 8639959.779, 97
Trd, 8639960.012, 97
Trd, 8639960.846, 62
Trd, 8639961.179, 94
Trd, 8639961.546, 66
Trd, 8639961.812, 67
Trd, 8639962.079, 86
Trd, 8639962.646, 67
Trd, 8639963.279, 67
Trd, 8639963.346, 64
Trd, 8639963.679, 63
Trd, 8639964.179, 103
Trd, 8639964.746, 63
Trd, 8639965.279, 94
Trd, 8639966.112, 77
Trd, 8639966.212, 78
Trd, 8639966.412, 79
Trd, 8639966.679, 70
Trd, 8639966.879, 71
Trd, 8639967.546, 60
Trd, 8639967.779, 60
Trd, 8639968.179, 60
Trd, 8639968.212, 60
Trd, 8639969.146, 63
Trd, 8639969.679, 67
Trd, 8639970.412, 60
Trd, 8639970.879, 64
Trd, 8639971.679, 63
Trd, 8639971.812, 80
Trd, 8639971.979, 95
Trd, 8639972.312, 68
Trd, 8639972.846, 62
Trd, 8639973.212, 62
Trd, 8639973.279, 73
Trd, 8639973.779, 65
Trd, 8639974.312, 116
Trd, 8639975.412, 75
Trd, 8639975.479, 76
Trd, 8639975.912, 69
Trd, 8639976.246, 67
Trd, 8639976.512, 66
Trd, 8639976.812, 77
Trd, 8639977.112, 63
Trd, 8639977.812, 85
Trd, 8639978.179, 85
Trd, 8639978.512, 63
Trd, 8639978.746, 65
Trd, 8639979.212, 64
Trd, 8639979.312, 65
Trd, 8639979.779, 72
Trd, 8639980.046, 60
Trd, 8639980.812, 129
Trd, 8639981.212, 61
Trd, 8639981.779, 60
Trd, 8639981.812, 61
Trd, 8639982.379, 68
Trd, 8639982.779, 129
Trd, 8639983.146, 128
Trd, 8639984.212, 66
Trd, 8639984.879, 62
Trd, 8639985.546, 66
Trd, 8639985.979, 60
Trd, 8639986.079, 61
Trd, 8639986.346, 60
Trd, 8639986.446, 60
Trd, 8639986.679, 66
Trd, 8639986.779, 83
Trd, 8639987.179, 61
Trd, 8639987.312, 60
Trd, 8639987.679, 60
Trd, 8639987.779, 138
Trd, 8639989.112, 103
Trd, 8639989.179, 102
Trd, 8639991.879, 140
Trd, 8639992.212, 140
Trd, 8639992.446, 138
Trd, 8639992.612, 137
Trd, 8639992.646, 124
Trd, 8639992.979, 136
Trd, 8639993.979, 98
Trd, 8639994.379, 97
Trd, 8639994.412, 123
Trd, 8639994.646, 139
Trd, 8639994.679, 73
Trd, 8639995.146, 63
Trd, 8639995.212, 74
Trd, 8639995.346, 73
Trd, 8639995.912, 91
Trd, 8639996.479, 73
Trd, 8639996.612, 70
Trd, 8639997.046, 68
Trd, 8639997.212, 109
Trd, 8639997.746, 126
Trd, 8639998.446, 60
Trd, 8639998.612, 62
Trd, 8639998.912, 88
Trd, 8639999.546, 140
