Trd, 8638776.946, 84
Trd, 8638777.246, 82
Trd, 8638778.479, 101
Trd, 8638778.912, 117
Trd, 8638779.879, 119
Trd, 8638779.979, 131
Trd, 8638780.012, 116
Trd, 8638780.479, 103
Trd, 8638780.646, 91
Trd, 8638781.346, 90
Trd, 8638782.046, 99
Trd, 8638782.146, 112
Trd, 8638782.479, 127
Trd, 8638782.612, 124
Trd, 8638782.746, 126
Trd, 8638783.179, 121
Trd, 8638783.746, 115
Trd, 8638784.179, 112
Trd, 8638784.246, 85
Trd, 8638785.112, 71
Trd, 8638785.346, 119
Trd, 8638785.446, 63
Trd, 8638786.146, 68
Trd, 8638786.546, 80
Trd, 8638787.246, 134
Trd, 8638788.146, 115
Trd, 8638788.912, 119
Trd, 8638789.046, 118
Trd, 8638789.346, 119
Trd, 8638789.579, 117
Trd, 8638789.612, 107
Trd, 8638790.179, 125
Trd, 8638790.312, 124
Trd, 8638791.212, 128
Trd, 8638791.579, 107
Trd, 8638791.712, 87
Trd, 8638792.312, 131
Trd, 8638793.146, 102
Trd, 8638793.212, 88
Trd, 8638793.512, 84
Trd, 8638793.779, 93
Trd, 8638794.079, 77
Trd, 8638794.812, 73
Trd, 8638795.146, 119
Trd, 8638795.312, 137
Trd, 8638795.979, 129
Trd, 8638796.446, 121
Trd, 8638796.946, 114
Trd, 8638797.646, 114
Trd, 8638797.679, 115
Trd, 8638797.712, 103
Trd, 8638798.812, 140
Trd, 8638799.379, 139
Trd, 8638799.812, 136
Trd, 8638800.146, 114
Trd, 8638800.612, 125
Trd, 8638800.946, 110
Trd, 8638801.312, 79
Trd, 8638802.779, 61
Trd, 8638803.146, 97
Trd, 8638803.246, 90
Trd, 8638803.612, 115
Trd, 8638803.846, 107
Trd, 8638804.112, 106
Trd, 8638805.812, 136
Trd, 8638805.879, 119
Trd, 8638806.079, 83
Trd, 8638806.379, 88
Trd, 8638807.579, 106
Trd, 8638807.612, 82
Trd, 8638807.679, 68
Trd, 8638808.012, 63
Trd, 8638808.512, 62
Trd, 8638809.146, 140
Trd, 8638809.346, 136
Trd, 8638809.446, 117
Trd, 8638809.846, 117
Trd, 8638809.979, 110
Trd, 8638810.312, 109
Trd, 8638811.012, 110
Trd, 8638811.446, 77
Trd, 8638811.579, 77
Trd, 8638811.846, 67
Trd, 8638811.979, 76
Trd, 8638813.412, 62
Trd, 8638814.046, 67
Trd, 8638815.046, 113
Trd, 8638815.712, 122
Trd, 8638815.946, 112
Trd, 8638816.479, 108
Trd, 8638817.546, 119
Trd, 8638817.646, 127
Trd, 8638817.679, 101
Trd, 8638818.079, 87
Trd, 8638818.212, 86
Trd, 8638819.412, 89
Trd, 8638820.412, 85
Trd, 8638820.512, 85
Trd, 8638820.746, 119
Trd, 8638820.846, 102
Trd, 8638821.112, 130
Trd, 8638821.379, 94
Trd, 8638822.546, 92
Trd, 8638822.779, 79
Trd, 8638823.712, 104
Trd, 8638823.946, 85
Trd, 8638824.179, 108
Trd, 8638824.946, 88
Trd, 8638825.046, 67
Trd, 8638825.679, 121
Trd, 8638825.746, 109
Trd, 8638825.946, 108
Trd, 8638826.112, 107
Trd, 8638826.446, 122
Trd, 8638827.012, 105
Trd, 8638827.346, 86
Trd, 8638827.646, 61
Trd, 8638828.446, 101
Trd, 8638828.812, 88
Trd, 8638829.146, 82
Trd, 8638830.746, 86
Trd, 8638830.912, 84
Trd, 8638831.312, 79
Trd, 8638831.912, 83
Trd, 8638832.012, 82
Trd, 8638832.212, 74
Trd, 8638832.412, 71
Trd, 8638833.579, 139
Trd, 8638833.712, 125
Trd, 8638834.312, 125
Trd, 8638834.679, 138
Trd, 8638835.079, 124
Trd, 8638835.679, 120
Trd, 8638835.746, 111
Trd, 8638836.379, 113
Trd, 8638836.879, 87
Trd, 8638837.746, 101
Trd, 8638838.112, 107
Trd, 8638838.779, 100
Trd, 8638839.312, 102
Trd, 8638839.379, 87
Trd, 8638839.412, 78
Trd, 8638839.779, 98
Trd, 8638839.812, 75
Trd, 8638839.912, 123
Trd, 8638840.046, 116
Trd, 8638840.812, 87
Trd, 8638841.212, 85
Trd, 8638841.746, 95
Trd, 8638842.512, 92
Trd, 8638843.012, 83
Trd, 8638843.112, 78
Trd, 8638843.512, 67
Trd, 8638843.646, 82
Trd, 8638844.179, 72
Trd, 8638845.012, 122
Trd, 8638845.046, 121
Trd, 8638845.812, 125
Trd, 8638845.879, 82
Trd, 8638846.212, 125
Trd, 8638846.579, 124
Trd, 8638847.712, 103
Trd, 8638848.312, 104
Trd, 8638848.679, 99
Trd, 8638848.846, 83
Trd, 8638849.646, 79
Trd, 8638849.812, 69
Trd, 8638850.346, 107
Trd, 8638850.879, 119
Trd, 8638851.979, 121
Trd, 8638852.112, 118
Trd, 8638852.279, 117
Trd, 8638852.346, 105
Trd, 8638852.779, 138
Trd, 8638853.046, 96
Trd, 8638853.812, 134
Trd, 8638854.746, 135
Trd, 8638854.946, 95
Trd, 8638855.079, 94
Trd, 8638855.212, 112
Trd, 8638856.446, 121
Trd, 8638857.179, 80
Trd, 8638857.246, 88
Trd, 8638857.746, 113
Trd, 8638858.079, 132
Trd, 8638858.412, 103
Trd, 8638858.446, 102
Trd, 8638858.812, 107
Trd, 8638859.279, 81
Trd, 8638859.446, 92
Trd, 8638859.979, 119
Trd, 8638860.112, 106
Trd, 8638862.946, 84
Trd, 8638862.979, 82
Trd, 8638863.346, 98
Trd, 8638863.546, 70
Trd, 8638863.946, 96
Trd, 8638864.212, 87
Trd, 8638864.412, 86
Trd, 8638864.512, 140
Trd, 8638864.779, 111
Trd, 8638864.946, 66
Trd, 8638865.346, 74
Trd, 8638865.546, 121
Trd, 8638865.879, 83
Trd, 8638866.046, 82
Trd, 8638866.412, 63
Trd, 8638866.612, 64
Trd, 8638867.246, 62
Trd, 8638868.112, 108
Trd, 8638869.646, 86
Trd, 8638870.212, 90
Trd, 8638870.279, 88
Trd, 8638870.379, 68
Trd, 8638870.546, 96
Trd, 8638870.979, 140
Trd, 8638871.479, 118
Trd, 8638871.879, 97
Trd, 8638871.979, 82
Trd, 8638872.246, 83
Trd, 8638872.379, 78
Trd, 8638873.212, 61
Trd, 8638873.979, 61
Trd, 8638874.246, 109
Trd, 8638874.479, 134
Trd, 8638874.812, 62
Trd, 8638875.779, 66
Trd, 8638876.112, 102
Trd, 8638876.846, 131
Trd, 8638877.479, 113
Trd, 8638877.879, 127
Trd, 8638878.179, 130
Trd, 8638878.346, 123
Trd, 8638879.079, 122
Trd, 8638879.146, 119
Trd, 8638879.412, 109
Trd, 8638879.979, 127
Trd, 8638880.012, 91
Trd, 8638880.146, 113
Trd, 8638880.712, 89
Trd, 8638881.012, 86
Trd, 8638881.246, 90
Trd, 8638881.512, 73
Trd, 8638882.412, 110
Trd, 8638882.779, 91
Trd, 8638882.879, 90
Trd, 8638883.446, 133
Trd, 8638884.312, 130
Trd, 8638884.446, 99
Trd, 8638885.012, 66
Trd, 8638885.079, 83
Trd, 8638885.179, 129
Trd, 8638885.912, 62
Trd, 8638886.012, 66
Trd, 8638886.979, 69
Trd, 8638887.212, 60
Trd, 8638888.146, 76
Trd, 8638888.279, 80
Trd, 8638888.612, 75
Trd, 8638889.712, 80
Trd, 8638890.279, 94
Trd, 8638890.479, 83
Trd, 8638890.846, 82
Trd, 8638890.979, 75
Trd, 8638891.179, 131
Trd, 8638891.546, 76
Trd, 8638891.579, 101
Trd, 8638891.812, 123
Trd, 8638892.979, 90
Trd, 8638893.079, 88
Trd, 8638893.312, 106
Trd, 8638894.379, 104
Trd, 8638894.446, 103
Trd, 8638895.479, 127
Trd, 8638895.779, 98
Trd, 8638896.046, 94
Trd, 8638896.612, 78
Trd, 8638896.712, 77
Trd, 8638897.512, 102
Trd, 8638897.746, 101
Trd, 8638898.079, 78
Trd, 8638898.412, 74
Trd, 8638898.746, 64
Trd, 8638898.979, 61
Trd, 8638899.979, 112
Trd, 8638900.212, 127
Trd, 8638900.779, 133
Trd, 8638901.246, 95
Trd, 8638901.612, 95
Trd, 8638901.646, 93
Trd, 8638902.079, 92
Trd, 8638902.346, 85
Trd, 8638902.412, 84
Trd, 8638902.446, 74
Trd, 8638903.279, 60
Trd, 8638904.646, 73
Trd, 8638904.879, 131
Trd, 8638905.146, 109
Trd, 8638905.946, 108
Trd, 8638906.146, 103
Trd, 8638906.279, 92
Trd, 8638907.179, 139
Trd, 8638907.412, 118
Trd, 8638907.779, 113
Trd, 8638908.646, 123
Trd, 8638909.112, 122
Trd, 8638909.779, 135
Trd, 8638909.812, 96
Trd, 8638910.246, 95
Trd, 8638910.346, 91
Trd, 8638911.612, 127
Trd, 8638911.746, 117
Trd, 8638911.912, 116
Trd, 8638913.046, 107
Trd, 8638913.646, 88
Trd, 8638913.846, 87
Trd, 8638913.946, 81
Trd, 8638914.046, 82
Trd, 8638914.179, 85
Trd, 8638914.646, 121
Trd, 8638915.179, 116
Trd, 8638915.246, 115
Trd, 8638915.379, 98
Trd, 8638916.312, 140
Trd, 8638916.446, 122
Trd, 8638916.512, 121
Trd, 8638916.879, 118
Trd, 8638917.246, 113
Trd, 8638918.112, 109
Trd, 8638918.679, 117
Trd, 8638918.979, 101
Trd, 8638919.346, 124
Trd, 8638919.379, 90
Trd, 8638919.746, 95
Trd, 8638920.012, 108
Trd, 8638920.379, 65
Trd, 8638921.146, 61
Trd, 8638921.312, 63
Trd, 8638921.346, 81
Trd, 8638922.146, 97
Trd, 8638922.446, 120
Trd, 8638922.912, 75
Trd, 8638923.412, 74
Trd, 8638924.812, 102
Trd, 8638924.912, 98
Trd, 8638925.012, 91
Trd, 8638925.712, 103
Trd, 8638925.846, 101
Trd, 8638925.912, 85
Trd, 8638926.346, 115
Trd, 8638927.046, 85
Trd, 8638927.746, 93
Trd, 8638927.812, 85
Trd, 8638928.212, 67
Trd, 8638929.146, 133
Trd, 8638929.579, 99
Trd, 8638931.012, 100
Trd, 8638931.446, 90
Trd, 8638931.512, 88
Trd, 8638933.346, 122
Trd, 8638933.712, 136
Trd, 8638934.279, 118
Trd, 8638934.546, 94
Trd, 8638934.579, 123
Trd, 8638935.046, 90
Trd, 8638935.279, 89
Trd, 8638935.979, 121
Trd, 8638936.546, 112
Trd, 8638936.879, 103
Trd, 8638937.412, 66
Trd, 8638937.946, 73
Trd, 8638938.346, 61
Trd, 8638938.679, 108
Trd, 8638938.746, 97
Trd, 8638939.379, 108
Trd, 8638939.612, 84
Trd, 8638940.079, 88
Trd, 8638940.446, 79
Trd, 8638940.579, 73
Trd, 8638941.412, 138
Trd, 8638941.712, 101
Trd, 8638942.546, 108
Trd, 8638942.579, 93
Trd, 8638943.279, 120
Trd, 8638943.312, 117
Trd, 8638944.779, 119
Trd, 8638945.512, 92
Trd, 8638945.679, 101
Trd, 8638946.012, 81
Trd, 8638946.212, 122
Trd, 8638946.779, 120
Trd, 8638947.046, 106
Trd, 8638947.446, 97
Trd, 8638947.479, 96
Trd, 8638947.679, 95
Trd, 8638948.979, 100
Trd, 8638949.012, 85
Trd, 8638949.146, 77
Trd, 8638949.546, 112
Trd, 8638949.612, 67
Trd, 8638950.479, 60
Trd, 8638951.179, 60
Trd, 8638952.179, 60
Trd, 8638952.546, 69
Trd, 8638953.079, 62
Trd, 8638953.246, 64
Trd, 8638953.512, 63
Trd, 8638954.079, 73
Trd, 8638955.846, 92
Trd, 8638956.379, 77
Trd, 8638956.646, 77
Trd, 8638956.879, 103
Trd, 8638957.446, 86
Trd, 8638957.579, 76
Trd, 8638958.079, 101
Trd, 8638958.146, 97
Trd, 8638958.612, 126
Trd, 8638958.979, 122
Trd, 8638959.912, 101
Trd, 8638960.012, 99
Trd, 8638960.512, 137
Trd, 8638960.812, 95
Trd, 8638961.246, 97
Trd, 8638961.912, 121
Trd, 8638962.212, 105
Trd, 8638963.079, 128
Trd, 8638963.112, 100
Trd, 8638963.446, 94
Trd, 8638963.579, 90
Trd, 8638963.979, 89
Trd, 8638964.879, 125
Trd, 8638965.379, 83
Trd, 8638965.412, 83
Trd, 8638966.712, 122
Trd, 8638967.046, 82
Trd, 8638967.146, 69
Trd, 8638967.479, 114
Trd, 8638967.846, 68
Trd, 8638967.946, 103
Trd, 8638969.046, 120
Trd, 8638969.112, 119
Trd, 8638970.112, 65
Trd, 8638970.279, 80
Trd, 8638970.779, 95
Trd, 8638970.846, 93
Trd, 8638971.012, 109
Trd, 8638971.212, 85
Trd, 8638971.512, 60
Trd, 8638971.579, 114
Trd, 8638972.346, 63
Trd, 8638973.512, 62
Trd, 8638973.646, 80
Trd, 8638974.412, 85
Trd, 8638975.679, 103
Trd, 8638975.712, 95
Trd, 8638975.812, 94
Trd, 8638975.946, 89
Trd, 8638976.279, 113
Trd, 8638976.546, 89
Trd, 8638976.579, 88
Trd, 8638977.012, 127
Trd, 8638977.079, 103
Trd, 8638977.612, 105
Trd, 8638978.179, 134
Trd, 8638978.579, 72
Trd, 8638978.879, 90
Trd, 8638979.112, 136
Trd, 8638980.446, 105
Trd, 8638980.779, 96
Trd, 8638981.079, 97
Trd, 8638981.112, 74
Trd, 8638982.412, 85
Trd, 8638982.512, 82
Trd, 8638983.012, 98
Trd, 8638983.079, 104
Trd, 8638983.112, 96
Trd, 8638983.346, 87
Trd, 8638984.046, 120
Trd, 8638984.512, 136
Trd, 8638985.546, 132
Trd, 8638985.979, 127
Trd, 8638986.079, 109
Trd, 8638986.879, 137
Trd, 8638987.712, 94
Trd, 8638988.579, 91
Trd, 8638989.479, 98
Trd, 8638989.646, 90
Trd, 8638989.846, 93
Trd, 8638990.846, 110
Trd, 8638991.012, 114
Trd, 8638991.112, 113
Trd, 8638991.279, 109
Trd, 8638992.146, 118
Trd, 8638992.946, 119
Trd, 8638993.146, 115
Trd, 8638993.312, 107
Trd, 8638993.579, 99
Trd, 8638993.879, 137
Trd, 8638994.679, 115
Trd, 8638994.779, 106
Trd, 8638994.979, 128
Trd, 8638995.612, 121
Trd, 8638996.612, 115
Trd, 8638996.879, 135
Trd, 8638997.146, 107
Trd, 8638997.279, 125
Trd, 8638998.579, 127
Trd, 8638998.646, 123
Trd, 8638999.312, 130
Trd, 8639000.046, 125
Trd, 8639000.346, 124
Trd, 8639000.812, 133
Trd, 8639000.846, 104
Trd, 8639002.079, 105
Trd, 8639002.279, 110
Trd, 8639003.046, 131
Trd, 8639003.612, 135
Trd, 8639003.746, 112
Trd, 8639003.946, 111
Trd, 8639004.246, 98
Trd, 8639004.979, 121
Trd, 8639005.012, 109
Trd, 8639005.379, 93
Trd, 8639006.512, 119
Trd, 8639006.779, 123
Trd, 8639006.979, 111
Trd, 8639007.979, 107
Trd, 8639008.379, 89
Trd, 8639008.479, 70
Trd, 8639009.912, 120
Trd, 8639010.579, 119
Trd, 8639011.346, 118
Trd, 8639011.446, 116
Trd, 8639011.746, 126
Trd, 8639012.179, 114
Trd, 8639012.479, 106
Trd, 8639012.912, 135
Trd, 8639013.212, 122
Trd, 8639013.779, 113
Trd, 8639013.979, 101
Trd, 8639014.179, 83
Trd, 8639014.246, 131
Trd, 8639014.579, 121
Trd, 8639015.312, 127
Trd, 8639015.746, 122
Trd, 8639015.946, 67
Trd, 8639017.579, 99
Trd, 8639017.946, 108
Trd, 8639019.212, 86
Trd, 8639019.279, 111
Trd, 8639019.946, 112
Trd, 8639020.512, 123
Trd, 8639021.012, 109
Trd, 8639021.346, 134
Trd, 8639021.379, 131
Trd, 8639021.479, 107
Trd, 8639021.512, 99
Trd, 8639021.746, 117
Trd, 8639021.879, 87
Trd, 8639022.512, 97
Trd, 8639023.146, 129
Trd, 8639023.179, 114
Trd, 8639023.846, 137
Trd, 8639025.179, 108
Trd, 8639026.112, 107
Trd, 8639026.379, 97
Trd, 8639027.146, 102
Trd, 8639027.579, 90
Trd, 8639027.879, 80
Trd, 8639028.079, 122
Trd, 8639028.112, 117
Trd, 8639028.412, 67
Trd, 8639028.879, 81
Trd, 8639029.846, 70
Trd, 8639030.046, 83
Trd, 8639030.346, 68
Trd, 8639030.679, 74
Trd, 8639031.079, 126
Trd, 8639031.346, 120
Trd, 8639031.546, 119
Trd, 8639032.212, 113
Trd, 8639032.979, 106
Trd, 8639033.046, 104
Trd, 8639033.246, 103
Trd, 8639033.512, 95
Trd, 8639033.579, 93
Trd, 8639033.712, 79
Trd, 8639034.012, 90
Trd, 8639034.879, 132
Trd, 8639035.312, 72
Trd, 8639035.746, 61
Trd, 8639036.312, 66
Trd, 8639036.612, 67
Trd, 8639037.146, 108
Trd, 8639037.646, 86
Trd, 8639037.846, 83
Trd, 8639038.179, 100
Trd, 8639038.512, 89
Trd, 8639039.146, 75
Trd, 8639039.746, 87
Trd, 8639040.112, 85
Trd, 8639040.779, 71
Trd, 8639040.912, 102
Trd, 8639041.346, 71
Trd, 8639042.012, 86
Trd, 8639042.246, 88
Trd, 8639042.346, 94
Trd, 8639042.912, 77
Trd, 8639043.112, 64
Trd, 8639043.879, 85
Trd, 8639045.046, 115
Trd, 8639045.312, 102
Trd, 8639046.012, 91
Trd, 8639046.112, 84
Trd, 8639046.846, 111
Trd, 8639047.612, 95
Trd, 8639047.979, 133
Trd, 8639048.179, 118
Trd, 8639048.412, 117
Trd, 8639048.746, 99
Trd, 8639049.312, 97
Trd, 8639049.512, 85
Trd, 8639049.779, 107
Trd, 8639050.879, 130
Trd, 8639051.346, 117
Trd, 8639052.012, 108
Trd, 8639052.479, 96
Trd, 8639053.412, 131
Trd, 8639053.646, 114
Trd, 8639053.746, 113
Trd, 8639053.979, 97
Trd, 8639054.346, 105
Trd, 8639054.579, 107
Trd, 8639054.612, 88
Trd, 8639055.212, 134
Trd, 8639055.446, 87
Trd, 8639056.412, 135
Trd, 8639056.512, 81
Trd, 8639058.012, 125
Trd, 8639058.146, 137
Trd, 8639058.312, 121
Trd, 8639058.546, 120
Trd, 8639058.746, 103
Trd, 8639058.879, 101
Trd, 8639059.012, 100
Trd, 8639059.046, 99
Trd, 8639059.212, 89
Trd, 8639060.346, 107
Trd, 8639060.512, 74
Trd, 8639060.912, 122
Trd, 8639061.046, 64
Trd, 8639062.112, 87
Trd, 8639062.646, 136
Trd, 8639062.779, 136
Trd, 8639062.879, 107
Trd, 8639063.846, 81
Trd, 8639064.212, 125
Trd, 8639064.246, 68
Trd, 8639064.579, 119
Trd, 8639065.579, 112
Trd, 8639065.979, 73
Trd, 8639066.646, 86
Trd, 8639066.879, 78
Trd, 8639066.946, 78
Trd, 8639067.312, 68
Trd, 8639067.446, 95
Trd, 8639067.612, 63
Trd, 8639068.079, 121
Trd, 8639069.146, 65
Trd, 8639069.379, 70
Trd, 8639069.746, 119
Trd, 8639070.479, 132
Trd, 8639071.979, 100
Trd, 8639072.046, 97
Trd, 8639072.712, 107
Trd, 8639072.846, 108
Trd, 8639072.946, 104
Trd, 8639073.279, 67
Trd, 8639073.479, 132
Trd, 8639073.712, 93
Trd, 8639074.479, 67
Trd, 8639074.679, 68
Trd, 8639074.979, 68
Trd, 8639075.079, 114
Trd, 8639075.512, 60
Trd, 8639076.346, 60
Trd, 8639077.112, 69
Trd, 8639077.779, 83
Trd, 8639078.179, 60
Trd, 8639079.179, 65
Trd, 8639079.412, 60
Trd, 8639079.579, 61
Trd, 8639080.446, 89
Trd, 8639080.946, 89
Trd, 8639081.179, 87
Trd, 8639082.112, 109
Trd, 8639082.946, 107
Trd, 8639083.212, 77
Trd, 8639083.946, 114
Trd, 8639084.046, 130
Trd, 8639084.212, 134
Trd, 8639084.346, 69
Trd, 8639084.679, 94
Trd, 8639086.212, 89
Trd, 8639086.912, 115
Trd, 8639086.946, 97
Trd, 8639087.212, 81
Trd, 8639087.379, 70
Trd, 8639087.646, 77
Trd, 8639087.879, 100
Trd, 8639088.412, 99
Trd, 8639088.479, 93
Trd, 8639088.579, 87
Trd, 8639089.212, 79
Trd, 8639090.312, 104
Trd, 8639091.012, 84
Trd, 8639091.812, 122
Trd, 8639091.846, 96
Trd, 8639092.279, 82
Trd, 8639092.512, 81
Trd, 8639092.846, 86
Trd, 8639093.446, 99
Trd, 8639094.379, 138
Trd, 8639094.879, 131
Trd, 8639095.212, 122
Trd, 8639095.312, 113
Trd, 8639095.579, 129
Trd, 8639095.679, 63
Trd, 8639096.346, 95
Trd, 8639097.112, 136
Trd, 8639097.546, 139
Trd, 8639097.812, 138
Trd, 8639098.712, 125
Trd, 8639098.946, 137
Trd, 8639099.312, 116
Trd, 8639099.879, 128
Trd, 8639100.246, 97
Trd, 8639100.479, 85
Trd, 8639100.546, 85
Trd, 8639101.512, 93
Trd, 8639102.012, 88
Trd, 8639102.412, 86
Trd, 8639102.879, 81
Trd, 8639102.979, 66
Trd, 8639103.479, 121
Trd, 8639103.579, 129
Trd, 8639103.779, 86
Trd, 8639104.646, 120
Trd, 8639105.046, 103
Trd, 8639105.146, 100
Trd, 8639105.546, 125
Trd, 8639106.046, 123
Trd, 8639106.346, 118
Trd, 8639106.479, 99
Trd, 8639106.846, 87
Trd, 8639106.879, 87
Trd, 8639106.946, 81
Trd, 8639107.379, 74
Trd, 8639107.946, 93
Trd, 8639108.312, 110
Trd, 8639108.746, 66
Trd, 8639109.579, 111
Trd, 8639109.712, 105
Trd, 8639110.212, 132
Trd, 8639111.079, 106
Trd, 8639111.179, 115
Trd, 8639111.779, 81
Trd, 8639112.379, 120
Trd, 8639112.846, 88
Trd, 8639112.946, 77
Trd, 8639113.146, 99
Trd, 8639113.746, 86
Trd, 8639113.979, 72
Trd, 8639114.012, 79
Trd, 8639116.212, 66
Trd, 8639116.612, 74
Trd, 8639116.846, 101
Trd, 8639117.046, 93
Trd, 8639117.412, 73
Trd, 8639118.279, 109
Trd, 8639118.379, 80
Trd, 8639118.412, 79
Trd, 8639119.546, 92
Trd, 8639119.746, 75
Trd, 8639119.812, 68
Trd, 8639120.212, 81
Trd, 8639122.012, 74
Trd, 8639122.079, 72
Trd, 8639122.379, 69
Trd, 8639122.612, 65
Trd, 8639122.812, 72
Trd, 8639123.479, 82
Trd, 8639123.779, 68
Trd, 8639123.846, 96
Trd, 8639124.146, 129
Trd, 8639124.479, 90
Trd, 8639125.912, 72
Trd, 8639126.246, 89
Trd, 8639126.412, 75
Trd, 8639126.612, 93
Trd, 8639126.846, 74
Trd, 8639127.512, 80
Trd, 8639128.179, 64
Trd, 8639128.312, 63
Trd, 8639129.079, 110
Trd, 8639129.246, 75
Trd, 8639129.712, 105
Trd, 8639131.246, 69
Trd, 8639131.546, 106
Trd, 8639131.579, 85
Trd, 8639131.612, 113
Trd, 8639133.079, 131
Trd, 8639133.212, 137
Trd, 8639133.479, 127
Trd, 8639134.179, 112
Trd, 8639134.812, 118
Trd, 8639135.879, 84
Trd, 8639136.312, 81
Trd, 8639136.646, 75
Trd, 8639136.712, 74
Trd, 8639137.046, 72
Trd, 8639138.246, 97
Trd, 8639138.946, 94
Trd, 8639139.579, 92
Trd, 8639140.346, 96
Trd, 8639140.479, 89
Trd, 8639140.546, 89
Trd, 8639140.746, 122
Trd, 8639142.446, 115
Trd, 8639142.646, 107
Trd, 8639142.679, 103
Trd, 8639142.946, 100
Trd, 8639143.012, 83
Trd, 8639143.346, 97
Trd, 8639143.412, 74
Trd, 8639143.879, 72
Trd, 8639144.546, 73
Trd, 8639144.612, 64
Trd, 8639145.379, 87
Trd, 8639145.546, 85
Trd, 8639146.846, 85
Trd, 8639147.212, 128
Trd, 8639147.279, 100
Trd, 8639147.646, 98
Trd, 8639148.179, 105
Trd, 8639148.912, 126
Trd, 8639148.946, 118
Trd, 8639149.212, 104
Trd, 8639149.312, 95
Trd, 8639149.979, 90
Trd, 8639151.746, 128
Trd, 8639152.146, 123
Trd, 8639152.279, 112
Trd, 8639152.379, 111
Trd, 8639152.479, 87
Trd, 8639153.546, 112
Trd, 8639154.079, 83
Trd, 8639154.246, 79
Trd, 8639155.379, 122
Trd, 8639155.746, 121
Trd, 8639155.912, 114
Trd, 8639156.312, 75
Trd, 8639156.712, 122
Trd, 8639156.812, 112
Trd, 8639156.879, 125
Trd, 8639157.412, 116
Trd, 8639157.946, 116
Trd, 8639158.379, 105
Trd, 8639158.412, 100
Trd, 8639158.812, 110
Trd, 8639158.879, 85
Trd, 8639159.479, 85
Trd, 8639159.879, 76
Trd, 8639160.012, 69
Trd, 8639160.879, 62
Trd, 8639161.012, 62
Trd, 8639161.379, 82
Trd, 8639161.946, 79
Trd, 8639163.012, 87
Trd, 8639163.412, 84
Trd, 8639163.846, 103
Trd, 8639163.946, 81
Trd, 8639164.346, 74
Trd, 8639165.312, 81
Trd, 8639165.346, 82
Trd, 8639165.612, 86
Trd, 8639165.979, 72
Trd, 8639166.179, 82
Trd, 8639166.479, 91
Trd, 8639166.612, 89
Trd, 8639166.812, 65
Trd, 8639166.879, 103
Trd, 8639168.012, 65
Trd, 8639168.279, 81
Trd, 8639168.679, 130
Trd, 8639169.979, 60
Trd, 8639170.612, 68
Trd, 8639171.412, 64
Trd, 8639171.679, 67
Trd, 8639172.179, 92
Trd, 8639172.512, 81
Trd, 8639173.212, 71
Trd, 8639173.312, 88
Trd, 8639173.546, 70
Trd, 8639174.346, 79
Trd, 8639174.612, 83
Trd, 8639175.512, 87
Trd, 8639175.612, 84
Trd, 8639176.512, 67
Trd, 8639176.646, 84
Trd, 8639177.012, 80
Trd, 8639177.546, 79
Trd, 8639178.312, 69
Trd, 8639178.379, 67
Trd, 8639178.746, 97
Trd, 8639179.446, 64
Trd, 8639179.946, 61
Trd, 8639180.346, 67
Trd, 8639180.912, 62
Trd, 8639181.312, 73
Trd, 8639182.079, 62
Trd, 8639182.446, 61
Trd, 8639183.312, 78
Trd, 8639183.346, 112
Trd, 8639184.146, 81
Trd, 8639184.179, 73
Trd, 8639184.646, 94
Trd, 8639184.946, 115
Trd, 8639185.012, 83
Trd, 8639185.046, 81
Trd, 8639185.312, 103
Trd, 8639185.679, 83
Trd, 8639185.879, 91
Trd, 8639187.312, 87
Trd, 8639188.079, 86
Trd, 8639188.179, 106
Trd, 8639188.446, 80
Trd, 8639188.912, 108
Trd, 8639189.046, 118
Trd, 8639189.212, 76
Trd, 8639189.612, 78
Trd, 8639189.779, 76
Trd, 8639189.946, 117
Trd, 8639190.979, 81
Trd, 8639191.912, 63
Trd, 8639192.646, 76
Trd, 8639192.712, 81
Trd, 8639193.112, 96
Trd, 8639193.446, 104
Trd, 8639194.212, 103
Trd, 8639194.912, 60
Trd, 8639195.079, 61
Trd, 8639196.479, 61
Trd, 8639197.546, 68
Trd, 8639197.646, 98
Trd, 8639198.279, 98
Trd, 8639198.546, 106
Trd, 8639198.646, 105
Trd, 8639198.779, 85
Trd, 8639199.646, 100
Trd, 8639199.779, 101
Trd, 8639199.979, 104
Trd, 8639200.546, 85
Trd, 8639200.879, 74
Trd, 8639200.912, 65
Trd, 8639201.246, 120
Trd, 8639201.779, 92
Trd, 8639202.146, 91
Trd, 8639202.312, 90
Trd, 8639202.546, 70
Trd, 8639203.012, 106
Trd, 8639203.646, 129
Trd, 8639203.979, 107
Trd, 8639205.379, 75
Trd, 8639205.546, 63
Trd, 8639205.846, 106
Trd, 8639206.712, 107
Trd, 8639207.046, 88
Trd, 8639207.546, 64
Trd, 8639207.846, 65
Trd, 8639207.879, 62
Trd, 8639208.312, 98
Trd, 8639209.212, 103
Trd, 8639209.879, 110
Trd, 8639209.946, 113
Trd, 8639210.179, 100
Trd, 8639210.246, 96
Trd, 8639210.646, 72
Trd, 8639210.912, 76
Trd, 8639211.512, 79
Trd, 8639212.212, 61
Trd, 8639212.512, 127
Trd, 8639212.812, 126
Trd, 8639213.012, 123
Trd, 8639213.346, 105
Trd, 8639214.812, 122
Trd, 8639215.446, 125
Trd, 8639215.846, 135
Trd, 8639216.646, 108
Trd, 8639216.879, 125
Trd, 8639217.179, 99
Trd, 8639218.112, 108
Trd, 8639218.746, 89
Trd, 8639218.879, 82
Trd, 8639219.046, 80
Trd, 8639219.979, 96
Trd, 8639220.479, 86
Trd, 8639220.579, 90
Trd, 8639220.712, 101
Trd, 8639221.146, 98
Trd, 8639221.646, 111
Trd, 8639221.912, 111
Trd, 8639222.046, 105
Trd, 8639222.246, 100
Trd, 8639222.646, 77
Trd, 8639223.012, 76
Trd, 8639223.179, 72
Trd, 8639224.512, 70
Trd, 8639226.312, 60
Trd, 8639226.646, 63
Trd, 8639227.179, 97
Trd, 8639227.279, 78
Trd, 8639227.479, 77
Trd, 8639227.812, 102
Trd, 8639228.979, 109
Trd, 8639229.046, 108
Trd, 8639229.146, 108
Trd, 8639229.346, 92
Trd, 8639229.512, 87
Trd, 8639229.912, 133
Trd, 8639231.179, 92
Trd, 8639231.279, 94
Trd, 8639231.512, 61
Trd, 8639232.779, 98
Trd, 8639233.046, 138
Trd, 8639233.412, 119
Trd, 8639234.212, 90
Trd, 8639234.279, 72
Trd, 8639234.379, 110
Trd, 8639234.579, 62
Trd, 8639235.479, 67
Trd, 8639235.579, 66
Trd, 8639235.879, 95
Trd, 8639236.046, 95
Trd, 8639236.379, 74
Trd, 8639236.712, 64
Trd, 8639236.846, 97
Trd, 8639237.412, 125
Trd, 8639237.979, 106
Trd, 8639238.312, 104
Trd, 8639238.579, 89
Trd, 8639240.079, 110
Trd, 8639240.279, 107
Trd, 8639240.612, 100
Trd, 8639241.746, 140
Trd, 8639241.812, 136
Trd, 8639242.046, 112
Trd, 8639242.946, 124
Trd, 8639243.512, 117
Trd, 8639243.712, 114
Trd, 8639244.646, 108
Trd, 8639244.946, 109
Trd, 8639245.012, 108
Trd, 8639245.612, 135
Trd, 8639246.679, 117
Trd, 8639246.712, 114
Trd, 8639247.479, 112
Trd, 8639248.046, 98
Trd, 8639248.646, 101
Trd, 8639248.712, 87
Trd, 8639249.046, 110
Trd, 8639249.079, 109
Trd, 8639249.279, 95
Trd, 8639250.112, 139
Trd, 8639250.212, 104
Trd, 8639251.246, 84
Trd, 8639251.646, 83
Trd, 8639252.079, 80
Trd, 8639252.779, 97
Trd, 8639252.879, 90
Trd, 8639253.112, 84
Trd, 8639253.279, 83
Trd, 8639253.412, 138
Trd, 8639254.846, 113
Trd, 8639254.946, 85
Trd, 8639254.979, 79
Trd, 8639255.079, 86
Trd, 8639255.779, 119
Trd, 8639255.846, 85
Trd, 8639256.646, 76
Trd, 8639257.712, 93
Trd, 8639257.779, 91
Trd, 8639257.979, 119
Trd, 8639258.112, 95
Trd, 8639259.012, 130
Trd, 8639259.179, 124
Trd, 8639259.279, 98
Trd, 8639259.612, 137
Trd, 8639260.179, 96
Trd, 8639260.479, 87
Trd, 8639260.979, 84
Trd, 8639261.712, 75
Trd, 8639261.879, 85
Trd, 8639262.512, 106
Trd, 8639263.846, 115
Trd, 8639264.012, 115
Trd, 8639264.579, 72
Trd, 8639264.846, 92
Trd, 8639264.879, 86
Trd, 8639265.012, 85
Trd, 8639266.079, 83
Trd, 8639266.246, 78
Trd, 8639267.046, 88
Trd, 8639267.112, 85
Trd, 8639267.512, 83
Trd, 8639267.946, 132
Trd, 8639268.279, 128
Trd, 8639268.712, 103
Trd, 8639269.779, 91
Trd, 8639269.946, 81
Trd, 8639270.412, 99
Trd, 8639270.779, 97
Trd, 8639270.946, 119
Trd, 8639271.479, 61
Trd, 8639271.612, 63
Trd, 8639272.779, 138
Trd, 8639272.979, 73
Trd, 8639274.046, 92
Trd, 8639274.712, 90
Trd, 8639274.812, 107
Trd, 8639275.146, 111
Trd, 8639275.446, 90
Trd, 8639275.779, 101
Trd, 8639276.579, 81
Trd, 8639276.612, 69
Trd, 8639277.679, 96
Trd, 8639278.579, 102
Trd, 8639278.779, 100
Trd, 8639278.912, 79
Trd, 8639279.579, 92
Trd, 8639279.679, 104
Trd, 8639280.012, 88
Trd, 8639280.246, 98
Trd, 8639280.579, 70
Trd, 8639280.912, 70
Trd, 8639281.646, 73
Trd, 8639282.212, 66
Trd, 8639283.412, 62
Trd, 8639284.646, 90
Trd, 8639285.046, 85
Trd, 8639285.279, 138
Trd, 8639285.579, 76
Trd, 8639285.912, 89
Trd, 8639286.379, 60
Trd, 8639286.979, 91
Trd, 8639287.746, 83
Trd, 8639287.812, 80
Trd, 8639288.146, 61
Trd, 8639288.512, 106
Trd, 8639288.946, 104
Trd, 8639289.179, 103
Trd, 8639289.312, 94
Trd, 8639290.112, 106
Trd, 8639291.312, 134
Trd, 8639291.612, 133
Trd, 8639292.212, 130
Trd, 8639292.612, 117
Trd, 8639292.812, 110
Trd, 8639293.012, 115
Trd, 8639293.679, 133
Trd, 8639293.779, 109
Trd, 8639293.879, 106
Trd, 8639293.946, 98
Trd, 8639294.312, 72
Trd, 8639294.546, 72
Trd, 8639294.912, 110
Trd, 8639295.179, 68
Trd, 8639295.546, 64
Trd, 8639296.612, 132
Trd, 8639296.979, 96
Trd, 8639297.212, 95
Trd, 8639297.979, 92
Trd, 8639298.312, 90
Trd, 8639298.746, 103
Trd, 8639299.212, 111
Trd, 8639299.746, 113
Trd, 8639299.879, 104
Trd, 8639299.979, 96
Trd, 8639300.479, 101
Trd, 8639300.646, 95
Trd, 8639300.979, 90
Trd, 8639302.146, 64
Trd, 8639302.679, 60
Trd, 8639303.612, 61
Trd, 8639303.646, 62
Trd, 8639303.812, 60
Trd, 8639304.079, 71
Trd, 8639305.112, 63
Trd, 8639305.712, 108
Trd, 8639306.112, 108
Trd, 8639306.212, 107
Trd, 8639307.179, 125
Trd, 8639307.946, 139
Trd, 8639308.446, 110
Trd, 8639308.579, 106
Trd, 8639308.612, 91
Trd, 8639308.746, 76
Trd, 8639309.646, 106
Trd, 8639310.012, 130
Trd, 8639310.312, 133
Trd, 8639310.846, 130
Trd, 8639310.946, 123
Trd, 8639311.446, 130
Trd, 8639311.479, 114
Trd, 8639312.312, 87
Trd, 8639312.979, 68
Trd, 8639313.112, 61
Trd, 8639313.279, 61
Trd, 8639313.846, 62
Trd, 8639314.379, 73
Trd, 8639314.479, 62
Trd, 8639315.146, 69
Trd, 8639315.512, 101
Trd, 8639316.546, 116
Trd, 8639316.646, 103
Trd, 8639317.512, 91
Trd, 8639318.646, 133
Trd, 8639319.312, 109
Trd, 8639319.512, 107
Trd, 8639319.679, 114
Trd, 8639319.912, 106
Trd, 8639320.112, 121
Trd, 8639320.279, 103
Trd, 8639320.412, 95
Trd, 8639320.979, 130
Trd, 8639321.012, 126
Trd, 8639321.212, 102
Trd, 8639321.679, 93
Trd, 8639322.046, 78
Trd, 8639322.379, 61
Trd, 8639322.812, 69
Trd, 8639323.179, 83
Trd, 8639324.212, 65
Trd, 8639324.279, 65
Trd, 8639324.979, 66
Trd, 8639325.512, 70
Trd, 8639326.579, 90
Trd, 8639326.746, 94
Trd, 8639326.812, 136
Trd, 8639328.046, 111
Trd, 8639328.112, 109
Trd, 8639328.546, 102
Trd, 8639329.246, 122
Trd, 8639329.279, 117
Trd, 8639330.012, 117
Trd, 8639330.546, 114
Trd, 8639331.046, 106
Trd, 8639331.112, 104
Trd, 8639331.412, 105
Trd, 8639331.479, 127
Trd, 8639331.879, 92
Trd, 8639332.846, 117
Trd, 8639333.112, 94
Trd, 8639333.579, 125
Trd, 8639333.979, 110
Trd, 8639334.112, 106
Trd, 8639334.212, 90
Trd, 8639334.679, 73
Trd, 8639334.979, 73
Trd, 8639336.446, 106
Trd, 8639336.579, 96
Trd, 8639336.746, 88
Trd, 8639337.379, 105
Trd, 8639338.379, 98
Trd, 8639339.479, 101
Trd, 8639339.612, 103
Trd, 8639340.046, 102
Trd, 8639340.246, 89
Trd, 8639340.479, 129
Trd, 8639340.812, 116
Trd, 8639340.846, 113
Trd, 8639341.179, 108
Trd, 8639342.112, 102
Trd, 8639342.612, 100
Trd, 8639342.646, 114
Trd, 8639343.346, 134
Trd, 8639343.546, 102
Trd, 8639343.912, 85
Trd, 8639344.146, 66
Trd, 8639344.679, 85
Trd, 8639344.979, 83
Trd, 8639345.512, 92
Trd, 8639346.312, 114
Trd, 8639346.712, 112
Trd, 8639346.779, 136
Trd, 8639347.579, 91
Trd, 8639348.279, 60
Trd, 8639348.312, 60
Trd, 8639349.012, 64
Trd, 8639349.412, 74
Trd, 8639349.679, 84
Trd, 8639350.846, 64
Trd, 8639351.179, 115
Trd, 8639352.246, 63
Trd, 8639352.479, 68
Trd, 8639353.279, 95
Trd, 8639353.512, 73
Trd, 8639354.712, 113
Trd, 8639355.079, 128
Trd, 8639355.279, 119
Trd, 8639355.479, 121
Trd, 8639356.012, 106
Trd, 8639356.846, 112
Trd, 8639357.479, 129
Trd, 8639357.646, 120
Trd, 8639357.979, 119
Trd, 8639358.712, 114
Trd, 8639359.012, 106
Trd, 8639359.412, 106
Trd, 8639360.012, 100
Trd, 8639360.646, 121
Trd, 8639360.679, 120
Trd, 8639360.846, 126
Trd, 8639361.146, 113
Trd, 8639361.212, 102
Trd, 8639361.379, 96
Trd, 8639361.546, 90
Trd, 8639362.446, 95
Trd, 8639362.812, 85
Trd, 8639363.079, 84
Trd, 8639363.146, 109
Trd, 8639363.546, 83
Trd, 8639363.912, 115
Trd, 8639364.412, 88
Trd, 8639365.046, 119
Trd, 8639365.179, 116
Trd, 8639365.212, 101
Trd, 8639366.179, 81
Trd, 8639366.346, 77
Trd, 8639366.679, 93
Trd, 8639366.912, 73
Trd, 8639367.546, 60
Trd, 8639367.712, 60
Trd, 8639367.846, 70
Trd, 8639368.479, 61
Trd, 8639369.746, 129
Trd, 8639371.312, 80
Trd, 8639371.779, 106
Trd, 8639371.946, 100
Trd, 8639372.446, 78
Trd, 8639372.979, 78
Trd, 8639373.112, 78
Trd, 8639373.579, 76
Trd, 8639373.612, 63
Trd, 8639374.412, 61
Trd, 8639374.446, 76
Trd, 8639374.912, 86
Trd, 8639375.379, 99
Trd, 8639375.646, 128
Trd, 8639375.912, 129
Trd, 8639376.746, 115
Trd, 8639377.212, 112
Trd, 8639378.146, 95
Trd, 8639378.246, 83
Trd, 8639378.412, 98
Trd, 8639378.512, 86
Trd, 8639379.246, 74
Trd, 8639379.712, 82
Trd, 8639379.879, 78
Trd, 8639380.179, 92
Trd, 8639380.279, 68
Trd, 8639380.746, 67
Trd, 8639380.779, 64
Trd, 8639381.612, 62
Trd, 8639382.779, 65
Trd, 8639383.046, 102
Trd, 8639383.479, 102
Trd, 8639383.846, 93
Trd, 8639384.112, 113
Trd, 8639384.679, 140
Trd, 8639384.712, 115
Trd, 8639384.946, 109
Trd, 8639386.546, 121
Trd, 8639386.679, 117
Trd, 8639387.112, 108
Trd, 8639387.946, 107
Trd, 8639388.212, 95
Trd, 8639388.279, 117
Trd, 8639388.379, 93
Trd, 8639388.646, 116
Trd, 8639389.346, 76
Trd, 8639389.612, 75
Trd, 8639390.479, 73
Trd, 8639390.679, 62
Trd, 8639392.079, 125
Trd, 8639392.579, 110
Trd, 8639393.146, 126
Trd, 8639393.679, 123
Trd, 8639393.812, 118
Trd, 8639394.112, 115
Trd, 8639394.146, 107
Trd, 8639394.212, 100
Trd, 8639394.246, 99
Trd, 8639394.946, 130
Trd, 8639395.146, 95
Trd, 8639395.779, 81
Trd, 8639396.012, 134
Trd, 8639397.146, 63
Trd, 8639397.712, 76
Trd, 8639398.579, 83
Trd, 8639398.679, 87
Trd, 8639399.112, 105
Trd, 8639399.346, 79
Trd, 8639399.412, 76
Trd, 8639399.579, 74
Trd, 8639400.046, 66
Trd, 8639400.746, 114
Trd, 8639401.079, 113
Trd, 8639401.246, 130
Trd, 8639403.112, 124
Trd, 8639403.446, 114
Trd, 8639404.012, 113
Trd, 8639404.112, 103
Trd, 8639404.612, 88
Trd, 8639405.346, 92
Trd, 8639406.079, 124
Trd, 8639406.146, 92
Trd, 8639406.379, 125
Trd, 8639406.679, 121
Trd, 8639407.346, 137
Trd, 8639407.512, 109
Trd, 8639408.112, 112
Trd, 8639408.179, 98
Trd, 8639408.479, 85
Trd, 8639408.912, 83
Trd, 8639409.246, 81
Trd, 8639410.179, 96
Trd, 8639410.879, 115
Trd, 8639411.212, 112
Trd, 8639411.646, 117
Trd, 8639412.312, 113
Trd, 8639413.079, 117
Trd, 8639413.146, 104
Trd, 8639413.179, 101
Trd, 8639414.512, 132
Trd, 8639415.412, 117
Trd, 8639415.446, 97
Trd, 8639415.779, 87
Trd, 8639416.212, 134
Trd, 8639416.712, 120
Trd, 8639416.746, 119
Trd, 8639416.779, 104
Trd, 8639416.946, 87
Trd, 8639417.246, 82
Trd, 8639418.012, 89
Trd, 8639418.546, 67
Trd, 8639418.912, 89
Trd, 8639419.112, 132
Trd, 8639419.679, 113
Trd, 8639420.079, 89
Trd, 8639420.979, 124
Trd, 8639421.046, 114
Trd, 8639421.179, 103
Trd, 8639422.512, 111
Trd, 8639423.379, 117
Trd, 8639424.312, 114
Trd, 8639424.446, 85
Trd, 8639424.912, 102
Trd, 8639424.946, 100
Trd, 8639425.379, 95
Trd, 8639425.979, 99
Trd, 8639426.879, 89
Trd, 8639427.146, 117
Trd, 8639427.312, 107
Trd, 8639427.646, 104
Trd, 8639428.012, 87
Trd, 8639428.646, 88
Trd, 8639428.779, 81
Trd, 8639429.179, 89
Trd, 8639430.012, 71
Trd, 8639430.346, 63
Trd, 8639431.312, 115
Trd, 8639431.512, 111
Trd, 8639432.046, 101
Trd, 8639432.146, 119
Trd, 8639432.646, 99
Trd, 8639432.679, 63
Trd, 8639433.279, 64
Trd, 8639433.946, 108
Trd, 8639434.079, 134
Trd, 8639434.379, 98
Trd, 8639434.946, 124
Trd, 8639435.812, 109
Trd, 8639436.312, 118
Trd, 8639436.879, 82
Trd, 8639436.979, 81
Trd, 8639438.046, 81
Trd, 8639438.446, 103
Trd, 8639438.479, 81
Trd, 8639439.012, 82
Trd, 8639439.479, 73
Trd, 8639439.679, 72
Trd, 8639440.146, 90
Trd, 8639440.412, 89
Trd, 8639440.612, 136
Trd, 8639440.879, 86
Trd, 8639440.946, 73
Trd, 8639441.646, 103
Trd, 8639442.446, 125
Trd, 8639442.546, 105
Trd, 8639443.312, 114
Trd, 8639444.146, 76
Trd, 8639444.412, 77
Trd, 8639445.046, 88
Trd, 8639445.512, 86
Trd, 8639446.212, 117
Trd, 8639446.579, 98
Trd, 8639446.812, 92
Trd, 8639447.046, 82
Trd, 8639448.012, 84
Trd, 8639448.446, 97
Trd, 8639448.712, 90
Trd, 8639448.779, 76
Trd, 8639449.446, 71
Trd, 8639450.179, 76
Trd, 8639450.612, 87
Trd, 8639451.546, 82
Trd, 8639451.612, 100
Trd, 8639451.946, 126
Trd, 8639452.246, 81
Trd, 8639452.279, 72
Trd, 8639452.512, 82
Trd, 8639452.979, 115
Trd, 8639453.579, 116
Trd, 8639453.746, 113
Trd, 8639453.912, 114
Trd, 8639454.279, 125
Trd, 8639454.979, 104
Trd, 8639455.446, 128
Trd, 8639456.346, 103
Trd, 8639456.446, 111
Trd, 8639456.512, 101
Trd, 8639457.646, 139
Trd, 8639458.612, 102
Trd, 8639459.079, 101
Trd, 8639459.212, 110
Trd, 8639459.312, 88
Trd, 8639459.412, 88
Trd, 8639460.379, 98
Trd, 8639460.812, 104
Trd, 8639461.112, 115
Trd, 8639462.012, 104
Trd, 8639462.146, 92
Trd, 8639462.446, 97
Trd, 8639462.812, 109
Trd, 8639463.312, 89
Trd, 8639463.946, 89
Trd, 8639464.712, 126
Trd, 8639465.512, 89
Trd, 8639465.712, 83
Trd, 8639466.512, 124
Trd, 8639466.646, 107
Trd, 8639466.912, 100
Trd, 8639468.246, 101
Trd, 8639468.746, 101
Trd, 8639469.146, 97
Trd, 8639469.346, 97
Trd, 8639469.479, 96
Trd, 8639469.546, 94
Trd, 8639470.112, 82
Trd, 8639470.312, 109
Trd, 8639471.512, 68
Trd, 8639471.712, 115
Trd, 8639472.012, 75
Trd, 8639472.746, 75
Trd, 8639473.112, 114
Trd, 8639473.846, 86
Trd, 8639474.046, 98
Trd, 8639474.579, 92
Trd, 8639474.812, 81
Trd, 8639475.679, 88
Trd, 8639476.012, 83
Trd, 8639476.079, 81
Trd, 8639476.246, 131
Trd, 8639477.079, 117
Trd, 8639477.146, 101
Trd, 8639478.579, 116
Trd, 8639478.646, 113
Trd, 8639479.279, 109
Trd, 8639479.446, 97
Trd, 8639479.912, 96
Trd, 8639480.712, 114
Trd, 8639480.846, 113
Trd, 8639481.579, 94
Trd, 8639481.979, 98
Trd, 8639482.212, 107
Trd, 8639482.912, 114
Trd, 8639483.146, 117
Trd, 8639483.546, 80
Trd, 8639484.079, 85
Trd, 8639484.379, 95
Trd, 8639485.412, 77
Trd, 8639485.679, 79
Trd, 8639485.979, 70
Trd, 8639486.812, 66
Trd, 8639487.212, 64
Trd, 8639487.446, 67
Trd, 8639487.646, 110
Trd, 8639488.379, 63
Trd, 8639488.512, 108
Trd, 8639488.746, 63
Trd, 8639491.246, 66
Trd, 8639491.312, 76
Trd, 8639491.712, 117
Trd, 8639492.046, 80
Trd, 8639492.179, 83
Trd, 8639492.479, 75
Trd, 8639492.846, 100
Trd, 8639493.812, 86
Trd, 8639495.012, 113
Trd, 8639495.179, 94
Trd, 8639495.212, 104
Trd, 8639495.312, 83
Trd, 8639495.646, 139
Trd, 8639495.879, 107
Trd, 8639495.912, 83
Trd, 8639496.546, 72
Trd, 8639497.279, 72
Trd, 8639497.412, 77
Trd, 8639497.446, 80
Trd, 8639497.612, 72
Trd, 8639497.846, 71
Trd, 8639499.646, 90
Trd, 8639500.412, 65
Trd, 8639500.846, 92
Trd, 8639501.046, 127
Trd, 8639501.112, 78
Trd, 8639501.179, 77
Trd, 8639501.512, 101
Trd, 8639502.279, 60
Trd, 8639503.146, 61
Trd, 8639503.579, 63
Trd, 8639503.679, 66
Trd, 8639503.879, 62
Trd, 8639504.512, 106
Trd, 8639504.679, 95
Trd, 8639505.246, 115
Trd, 8639505.712, 134
Trd, 8639505.879, 84
Trd, 8639506.112, 79
Trd, 8639506.746, 99
Trd, 8639506.812, 89
Trd, 8639508.112, 83
Trd, 8639508.279, 109
Trd, 8639508.812, 125
Trd, 8639509.379, 124
Trd, 8639510.079, 128
Trd, 8639510.746, 127
Trd, 8639510.946, 114
Trd, 8639512.312, 137
Trd, 8639512.446, 131
Trd, 8639512.879, 116
Trd, 8639512.912, 108
Trd, 8639513.146, 105
Trd, 8639513.279, 103
Trd, 8639513.846, 78
Trd, 8639514.312, 123
Trd, 8639514.346, 94
Trd, 8639515.979, 138
Trd, 8639516.312, 135
Trd, 8639516.579, 107
Trd, 8639518.079, 121
Trd, 8639518.112, 114
Trd, 8639518.212, 109
Trd, 8639518.346, 106
Trd, 8639518.546, 133
Trd, 8639519.546, 114
Trd, 8639519.946, 133
Trd, 8639520.146, 130
Trd, 8639520.712, 118
Trd, 8639521.012, 105
Trd, 8639521.079, 93
Trd, 8639521.146, 90
Trd, 8639521.279, 62
Trd, 8639521.812, 61
Trd, 8639522.479, 61
Trd, 8639523.579, 63
Trd, 8639523.612, 67
Trd, 8639524.379, 117
Trd, 8639524.846, 81
Trd, 8639524.979, 81
Trd, 8639525.179, 76
Trd, 8639525.312, 134
Trd, 8639525.779, 131
Trd, 8639526.546, 109
Trd, 8639528.046, 114
Trd, 8639528.346, 113
Trd, 8639528.412, 112
Trd, 8639528.479, 92
Trd, 8639528.512, 90
Trd, 8639528.879, 107
Trd, 8639529.046, 90
Trd, 8639529.112, 86
Trd, 8639529.146, 97
Trd, 8639530.112, 83
Trd, 8639531.946, 62
Trd, 8639532.446, 66
Trd, 8639532.746, 68
Trd, 8639533.012, 63
Trd, 8639533.446, 63
Trd, 8639533.846, 61
Trd, 8639535.246, 137
Trd, 8639535.279, 121
Trd, 8639535.546, 112
Trd, 8639535.912, 100
Trd, 8639536.012, 97
Trd, 8639536.646, 130
Trd, 8639536.879, 119
Trd, 8639537.279, 110
Trd, 8639537.312, 109
Trd, 8639537.746, 100
Trd, 8639537.779, 99
Trd, 8639538.346, 76
Trd, 8639538.712, 76
Trd, 8639539.012, 139
Trd, 8639539.612, 99
Trd, 8639539.912, 128
Trd, 8639540.379, 110
Trd, 8639540.646, 83
Trd, 8639541.712, 86
Trd, 8639541.779, 85
Trd, 8639542.312, 83
Trd, 8639542.846, 106
Trd, 8639543.279, 112
Trd, 8639544.279, 110
Trd, 8639544.612, 91
Trd, 8639545.446, 127
Trd, 8639546.012, 99
Trd, 8639546.046, 124
Trd, 8639546.812, 103
Trd, 8639546.979, 98
Trd, 8639547.112, 94
Trd, 8639547.179, 86
Trd, 8639547.812, 123
Trd, 8639547.979, 126
Trd, 8639548.546, 120
Trd, 8639548.812, 116
Trd, 8639549.479, 136
Trd, 8639549.979, 102
Trd, 8639550.012, 95
Trd, 8639551.046, 113
Trd, 8639551.212, 117
Trd, 8639551.779, 84
Trd, 8639552.312, 128
Trd, 8639552.746, 96
Trd, 8639552.879, 121
Trd, 8639553.046, 95
Trd, 8639553.646, 113
Trd, 8639554.112, 90
Trd, 8639554.446, 109
Trd, 8639556.146, 107
Trd, 8639556.179, 103
Trd, 8639556.779, 91
Trd, 8639557.046, 86
Trd, 8639557.246, 85
Trd, 8639557.612, 125
Trd, 8639558.612, 106
Trd, 8639559.512, 136
Trd, 8639560.179, 103
Trd, 8639560.479, 116
Trd, 8639560.512, 115
Trd, 8639560.979, 100
Trd, 8639561.212, 84
Trd, 8639561.346, 103
Trd, 8639561.746, 133
Trd, 8639562.412, 133
Trd, 8639562.512, 83
Trd, 8639563.846, 118
Trd, 8639564.112, 105
Trd, 8639564.379, 97
Trd, 8639564.679, 88
Trd, 8639564.712, 86
Trd, 8639566.779, 139
Trd, 8639566.812, 123
Trd, 8639566.846, 87
Trd, 8639567.646, 132
Trd, 8639567.879, 108
Trd, 8639568.246, 93
Trd, 8639568.712, 94
Trd, 8639568.879, 127
Trd, 8639569.646, 110
Trd, 8639569.812, 90
Trd, 8639570.579, 91
Trd, 8639570.612, 123
Trd, 8639570.712, 126
Trd, 8639572.346, 130
Trd, 8639572.512, 113
Trd, 8639572.579, 111
Trd, 8639573.012, 84
Trd, 8639573.579, 94
Trd, 8639574.179, 92
Trd, 8639574.312, 114
Trd, 8639574.679, 85
Trd, 8639575.012, 68
Trd, 8639575.279, 77
Trd, 8639575.579, 76
Trd, 8639576.146, 60
Trd, 8639576.279, 66
Trd, 8639576.746, 60
Trd, 8639576.979, 89
Trd, 8639577.912, 119
Trd, 8639578.412, 64
Trd, 8639579.779, 100
Trd, 8639580.046, 91
Trd, 8639580.346, 90
Trd, 8639580.779, 72
Trd, 8639580.812, 66
Trd, 8639581.879, 111
Trd, 8639582.512, 102
Trd, 8639582.712, 101
Trd, 8639582.812, 101
Trd, 8639583.479, 137
Trd, 8639583.712, 120
Trd, 8639583.879, 84
Trd, 8639583.979, 82
Trd, 8639584.012, 69
Trd, 8639584.346, 103
Trd, 8639584.712, 83
Trd, 8639584.912, 64
Trd, 8639585.779, 62
Trd, 8639586.746, 62
Trd, 8639587.912, 61
Trd, 8639588.079, 62
Trd, 8639588.679, 75
Trd, 8639588.712, 66
Trd, 8639589.679, 74
Trd, 8639589.912, 90
Trd, 8639590.512, 85
Trd, 8639590.712, 119
Trd, 8639591.512, 97
Trd, 8639591.646, 95
Trd, 8639592.379, 132
Trd, 8639592.746, 130
Trd, 8639593.146, 130
Trd, 8639593.212, 114
Trd, 8639593.779, 114
Trd, 8639594.146, 110
Trd, 8639594.212, 109
Trd, 8639594.446, 108
Trd, 8639594.479, 104
Trd, 8639595.379, 140
Trd, 8639595.446, 115
Trd, 8639596.179, 109
Trd, 8639596.546, 128
Trd, 8639596.912, 102
Trd, 8639597.679, 125
Trd, 8639597.912, 105
Trd, 8639598.079, 104
Trd, 8639598.512, 83
Trd, 8639599.212, 64
Trd, 8639599.412, 65
Trd, 8639600.346, 73
Trd, 8639600.846, 60
Trd, 8639601.112, 119
Trd, 8639601.579, 129
Trd, 8639601.646, 126
Trd, 8639602.079, 118
Trd, 8639602.579, 101
Trd, 8639602.946, 121
Trd, 8639603.712, 127
Trd, 8639604.112, 100
Trd, 8639604.179, 87
Trd, 8639605.079, 81
Trd, 8639605.412, 102
Trd, 8639605.712, 84
Trd, 8639605.979, 111
Trd, 8639606.946, 97
Trd, 8639607.012, 96
Trd, 8639607.379, 96
Trd, 8639607.679, 106
Trd, 8639607.979, 122
Trd, 8639609.079, 120
Trd, 8639610.046, 110
Trd, 8639610.479, 95
Trd, 8639610.779, 94
Trd, 8639611.679, 112
Trd, 8639611.912, 90
Trd, 8639611.979, 89
Trd, 8639612.679, 135
Trd, 8639612.912, 102
Trd, 8639613.112, 107
Trd, 8639613.146, 79
Trd, 8639614.079, 117
Trd, 8639614.212, 61
Trd, 8639614.746, 67
Trd, 8639614.946, 66
Trd, 8639615.346, 74
Trd, 8639615.512, 75
Trd, 8639616.146, 113
Trd, 8639616.312, 95
Trd, 8639616.779, 80
Trd, 8639618.046, 114
Trd, 8639618.179, 83
Trd, 8639618.646, 124
Trd, 8639618.779, 123
Trd, 8639619.112, 131
Trd, 8639619.179, 122
Trd, 8639619.412, 126
Trd, 8639619.679, 121
Trd, 8639620.146, 110
Trd, 8639620.346, 82
Trd, 8639620.646, 64
Trd, 8639621.379, 62
Trd, 8639621.579, 69
Trd, 8639621.812, 62
Trd, 8639622.412, 120
Trd, 8639623.046, 86
Trd, 8639624.712, 97
Trd, 8639624.846, 97
Trd, 8639624.912, 91
Trd, 8639625.479, 95
Trd, 8639625.612, 111
Trd, 8639626.246, 64
Trd, 8639627.012, 98
Trd, 8639628.146, 77
Trd, 8639628.312, 73
Trd, 8639628.946, 71
Trd, 8639629.346, 61
Trd, 8639629.846, 132
Trd, 8639630.512, 111
Trd, 8639630.546, 109
Trd, 8639630.646, 108
Trd, 8639630.712, 116
Trd, 8639631.879, 88
Trd, 8639631.912, 84
Trd, 8639632.212, 63
Trd, 8639632.312, 69
Trd, 8639632.946, 67
Trd, 8639633.446, 79
Trd, 8639634.112, 123
Trd, 8639634.446, 97
Trd, 8639634.612, 89
Trd, 8639634.846, 109
Trd, 8639634.979, 78
Trd, 8639635.146, 70
Trd, 8639635.879, 86
Trd, 8639636.579, 107
Trd, 8639637.079, 103
Trd, 8639637.146, 102
Trd, 8639637.646, 123
Trd, 8639638.079, 114
Trd, 8639638.212, 111
Trd, 8639638.846, 100
Trd, 8639638.979, 130
Trd, 8639640.012, 105
Trd, 8639640.046, 86
Trd, 8639640.479, 60
Trd, 8639640.512, 78
Trd, 8639640.979, 60
Trd, 8639642.212, 67
Trd, 8639642.646, 86
Trd, 8639643.246, 63
Trd, 8639643.679, 65
Trd, 8639644.079, 61
Trd, 8639645.212, 60
Trd, 8639645.746, 73
Trd, 8639645.912, 93
Trd, 8639646.079, 61
Trd, 8639646.779, 63
Trd, 8639647.179, 83
Trd, 8639647.446, 73
Trd, 8639647.979, 62
Trd, 8639649.312, 66
Trd, 8639649.579, 61
Trd, 8639650.446, 61
Trd, 8639650.746, 62
Trd, 8639650.779, 64
Trd, 8639650.812, 91
Trd, 8639651.912, 80
Trd, 8639652.246, 86
Trd, 8639652.712, 113
Trd, 8639653.579, 98
Trd, 8639653.779, 76
Trd, 8639654.579, 75
Trd, 8639654.846, 83
Trd, 8639654.912, 106
Trd, 8639655.312, 68
Trd, 8639655.746, 66
Trd, 8639655.846, 94
Trd, 8639655.979, 107
Trd, 8639656.212, 65
Trd, 8639657.546, 109
Trd, 8639657.646, 124
Trd, 8639658.246, 129
Trd, 8639658.679, 122
Trd, 8639658.712, 101
Trd, 8639659.646, 60
Trd, 8639659.946, 113
Trd, 8639660.212, 92
Trd, 8639660.646, 103
Trd, 8639660.712, 83
Trd, 8639661.179, 93
Trd, 8639661.246, 80
Trd, 8639661.646, 96
Trd, 8639662.546, 135
Trd, 8639662.646, 132
Trd, 8639662.979, 131
Trd, 8639663.246, 111
Trd, 8639663.312, 82
Trd, 8639663.846, 137
Trd, 8639664.279, 93
Trd, 8639665.479, 119
Trd, 8639666.646, 107
Trd, 8639667.179, 106
Trd, 8639667.312, 103
Trd, 8639667.412, 93
Trd, 8639667.646, 86
Trd, 8639667.746, 85
Trd, 8639668.212, 99
Trd, 8639668.812, 87
Trd, 8639668.846, 86
Trd, 8639669.446, 70
Trd, 8639669.812, 79
Trd, 8639670.412, 65
Trd, 8639670.846, 123
Trd, 8639671.312, 76
Trd, 8639671.512, 120
Trd, 8639671.846, 117
Trd, 8639673.312, 93
Trd, 8639673.846, 107
Trd, 8639673.979, 77
Trd, 8639674.812, 115
Trd, 8639674.912, 82
Trd, 8639675.212, 78
Trd, 8639675.279, 71
Trd, 8639675.579, 73
Trd, 8639675.612, 97
Trd, 8639675.779, 66
Trd, 8639676.112, 83
Trd, 8639677.312, 94
Trd, 8639678.012, 109
Trd, 8639678.379, 74
Trd, 8639678.446, 74
Trd, 8639679.112, 82
Trd, 8639679.946, 128
Trd, 8639680.079, 125
Trd, 8639680.412, 133
Trd, 8639680.846, 96
Trd, 8639681.112, 108
Trd, 8639682.012, 60
Trd, 8639683.279, 61
Trd, 8639683.912, 60
Trd, 8639684.379, 63
Trd, 8639684.579, 83
Trd, 8639686.712, 112
Trd, 8639686.946, 87
Trd, 8639687.179, 88
Trd, 8639687.446, 116
Trd, 8639688.179, 82
Trd, 8639688.212, 99
Trd, 8639688.246, 81
Trd, 8639688.679, 80
Trd, 8639689.746, 140
Trd, 8639690.179, 126
Trd, 8639690.512, 127
Trd, 8639691.546, 98
Trd, 8639692.579, 139
Trd, 8639692.746, 98
Trd, 8639693.479, 135
Trd, 8639693.712, 132
Trd, 8639693.812, 99
Trd, 8639693.946, 94
Trd, 8639694.179, 111
Trd, 8639694.512, 127
Trd, 8639694.579, 85
Trd, 8639695.579, 81
Trd, 8639695.679, 73
Trd, 8639697.246, 61
Trd, 8639697.346, 62
Trd, 8639697.412, 71
Trd, 8639697.846, 62
Trd, 8639698.912, 113
Trd, 8639698.946, 106
Trd, 8639699.479, 120
Trd, 8639699.846, 105
Trd, 8639700.046, 104
Trd, 8639700.379, 100
Trd, 8639700.912, 96
Trd, 8639701.179, 72
Trd, 8639701.912, 115
Trd, 8639702.146, 135
Trd, 8639704.079, 125
Trd, 8639704.246, 124
Trd, 8639704.346, 119
Trd, 8639704.512, 128
Trd, 8639704.979, 112
Trd, 8639705.312, 91
Trd, 8639705.746, 78
Trd, 8639705.812, 77
Trd, 8639706.079, 100
Trd, 8639706.179, 92
Trd, 8639706.279, 105
Trd, 8639706.946, 76
Trd, 8639708.079, 129
Trd, 8639708.112, 102
Trd, 8639708.246, 98
Trd, 8639708.579, 88
Trd, 8639709.746, 66
Trd, 8639710.312, 68
Trd, 8639711.246, 83
Trd, 8639711.479, 79
Trd, 8639711.812, 79
Trd, 8639711.846, 72
Trd, 8639712.279, 71
Trd, 8639712.579, 75
Trd, 8639713.012, 65
Trd, 8639713.846, 83
Trd, 8639714.146, 73
Trd, 8639714.212, 69
Trd, 8639714.812, 72
Trd, 8639714.912, 82
Trd, 8639716.012, 140
Trd, 8639717.779, 130
Trd, 8639717.879, 129
Trd, 8639718.546, 127
Trd, 8639718.712, 111
Trd, 8639719.246, 137
Trd, 8639719.412, 118
Trd, 8639719.912, 131
Trd, 8639720.079, 118
Trd, 8639720.612, 113
Trd, 8639721.479, 121
Trd, 8639722.246, 136
Trd, 8639722.279, 116
Trd, 8639722.746, 96
Trd, 8639722.812, 91
Trd, 8639723.512, 86
Trd, 8639724.212, 117
Trd, 8639724.346, 108
Trd, 8639725.179, 91
Trd, 8639725.279, 88
Trd, 8639726.146, 127
Trd, 8639727.112, 97
Trd, 8639727.979, 114
Trd, 8639728.046, 109
Trd, 8639728.112, 101
Trd, 8639729.446, 123
Trd, 8639729.846, 120
Trd, 8639730.112, 118
Trd, 8639730.146, 100
Trd, 8639730.412, 108
Trd, 8639730.546, 95
Trd, 8639730.746, 85
Trd, 8639731.246, 82
Trd, 8639732.446, 93
Trd, 8639732.679, 91
Trd, 8639733.712, 122
Trd, 8639734.579, 112
Trd, 8639734.946, 105
Trd, 8639735.012, 103
Trd, 8639735.779, 105
Trd, 8639736.112, 91
Trd, 8639736.746, 114
Trd, 8639737.012, 112
Trd, 8639737.446, 116
Trd, 8639737.579, 96
Trd, 8639738.012, 71
Trd, 8639738.612, 94
Trd, 8639738.912, 109
Trd, 8639739.246, 82
Trd, 8639739.412, 91
Trd, 8639739.746, 82
Trd, 8639740.046, 79
Trd, 8639740.112, 78
Trd, 8639740.846, 64
Trd, 8639741.512, 64
Trd, 8639741.579, 88
Trd, 8639742.579, 60
Trd, 8639743.079, 60
Trd, 8639743.212, 61
Trd, 8639745.212, 64
Trd, 8639745.646, 64
Trd, 8639745.879, 74
Trd, 8639746.479, 83
Trd, 8639746.712, 82
Trd, 8639747.012, 81
Trd, 8639747.479, 107
Trd, 8639748.246, 98
Trd, 8639749.279, 96
Trd, 8639749.312, 120
Trd, 8639749.879, 130
Trd, 8639749.946, 100
Trd, 8639750.146, 84
Trd, 8639750.812, 101
Trd, 8639751.346, 99
Trd, 8639752.179, 121
Trd, 8639752.446, 68
Trd, 8639752.646, 88
Trd, 8639752.712, 71
Trd, 8639753.346, 60
Trd, 8639754.612, 124
Trd, 8639754.679, 104
Trd, 8639755.246, 132
Trd, 8639755.346, 101
Trd, 8639755.946, 109
Trd, 8639755.979, 110
Trd, 8639757.646, 67
Trd, 8639758.212, 63
Trd, 8639758.912, 72
Trd, 8639759.479, 61
Trd, 8639759.979, 70
Trd, 8639760.312, 62
Trd, 8639760.846, 61
Trd, 8639761.279, 66
Trd, 8639761.412, 105
Trd, 8639761.479, 111
Trd, 8639762.179, 126
Trd, 8639762.279, 115
Trd, 8639762.979, 107
Trd, 8639763.779, 107
Trd, 8639765.046, 100
Trd, 8639765.079, 93
Trd, 8639765.712, 92
Trd, 8639765.846, 107
Trd, 8639765.879, 96
Trd, 8639765.946, 88
Trd, 8639766.079, 113
Trd, 8639766.612, 131
Trd, 8639766.946, 81
Trd, 8639767.446, 74
Trd, 8639768.246, 90
Trd, 8639768.346, 119
Trd, 8639769.646, 137
Trd, 8639769.679, 134
Trd, 8639769.879, 119
Trd, 8639770.846, 127
Trd, 8639771.446, 119
Trd, 8639771.646, 113
Trd, 8639772.179, 117
Trd, 8639772.979, 90
Trd, 8639773.279, 97
Trd, 8639773.812, 100
Trd, 8639774.279, 128
Trd, 8639774.346, 91
Trd, 8639774.612, 90
Trd, 8639774.712, 76
Trd, 8639775.579, 88
Trd, 8639775.946, 112
Trd, 8639776.379, 106
Trd, 8639776.812, 111
Trd, 8639777.146, 103
Trd, 8639777.212, 100
Trd, 8639777.646, 82
Trd, 8639778.546, 107
Trd, 8639778.946, 98
Trd, 8639779.146, 90
Trd, 8639779.646, 103
Trd, 8639779.912, 70
Trd, 8639780.079, 64
Trd, 8639780.312, 84
Trd, 8639780.779, 66
Trd, 8639781.412, 127
Trd, 8639781.779, 61
Trd, 8639782.379, 61
Trd, 8639783.479, 66
Trd, 8639783.746, 89
Trd, 8639783.912, 63
Trd, 8639784.579, 127
Trd, 8639784.812, 77
Trd, 8639785.379, 87
Trd, 8639785.812, 97
Trd, 8639786.212, 90
Trd, 8639786.379, 89
Trd, 8639786.512, 108
Trd, 8639787.012, 70
Trd, 8639787.312, 68
Trd, 8639787.446, 63
Trd, 8639787.679, 95
Trd, 8639788.079, 100
Trd, 8639788.446, 64
Trd, 8639789.112, 85
Trd, 8639789.279, 83
Trd, 8639790.746, 60
Trd, 8639791.112, 60
Trd, 8639791.912, 61
Trd, 8639791.946, 88
Trd, 8639792.079, 84
Trd, 8639792.246, 97
Trd, 8639793.612, 73
Trd, 8639794.046, 112
Trd, 8639794.879, 133
Trd, 8639795.179, 131
Trd, 8639795.879, 130
Trd, 8639795.946, 123
Trd, 8639795.979, 117
Trd, 8639796.112, 114
Trd, 8639796.246, 109
Trd, 8639797.279, 106
Trd, 8639797.912, 114
Trd, 8639798.079, 114
Trd, 8639798.546, 115
Trd, 8639799.346, 85
Trd, 8639799.679, 65
Trd, 8639800.212, 66
Trd, 8639800.612, 81
Trd, 8639800.979, 80
Trd, 8639801.079, 87
Trd, 8639801.179, 105
Trd, 8639801.846, 113
Trd, 8639802.579, 115
Trd, 8639802.746, 92
Trd, 8639802.812, 89
Trd, 8639803.112, 107
Trd, 8639803.612, 109
Trd, 8639803.846, 105
Trd, 8639803.979, 93
Trd, 8639804.712, 73
Trd, 8639805.179, 119
Trd, 8639805.379, 75
Trd, 8639806.079, 83
Trd, 8639806.479, 89
Trd, 8639807.246, 116
Trd, 8639807.379, 115
Trd, 8639807.912, 106
Trd, 8639808.012, 104
Trd, 8639808.612, 82
Trd, 8639808.946, 103
Trd, 8639810.012, 84
Trd, 8639810.179, 66
Trd, 8639810.379, 89
Trd, 8639811.579, 72
Trd, 8639811.712, 70
Trd, 8639812.112, 69
Trd, 8639812.246, 122
Trd, 8639812.946, 66
Trd, 8639813.279, 62
Trd, 8639813.579, 67
Trd, 8639813.812, 74
Trd, 8639814.712, 92
Trd, 8639815.979, 137
Trd, 8639816.012, 134
Trd, 8639816.579, 140
Trd, 8639816.646, 116
Trd, 8639817.079, 119
Trd, 8639817.679, 111
Trd, 8639817.846, 103
Trd, 8639818.046, 132
Trd, 8639818.179, 100
Trd, 8639818.612, 97
Trd, 8639818.646, 97
Trd, 8639818.946, 91
Trd, 8639819.846, 138
Trd, 8639820.546, 135
Trd, 8639820.579, 134
Trd, 8639820.779, 118
Trd, 8639821.079, 91
Trd, 8639821.146, 83
Trd, 8639821.312, 69
Trd, 8639822.712, 84
Trd, 8639822.846, 82
Trd, 8639823.346, 64
Trd, 8639824.279, 80
Trd, 8639824.379, 79
Trd, 8639824.512, 139
Trd, 8639825.712, 124
Trd, 8639825.846, 103
Trd, 8639826.779, 117
Trd, 8639827.479, 116
Trd, 8639827.546, 112
Trd, 8639827.979, 130
Trd, 8639828.146, 124
Trd, 8639828.446, 124
Trd, 8639828.946, 125
Trd, 8639829.279, 121
Trd, 8639829.579, 104
Trd, 8639829.879, 106
Trd, 8639830.479, 80
Trd, 8639830.779, 82
Trd, 8639831.879, 80
Trd, 8639832.079, 95
Trd, 8639832.379, 93
Trd, 8639832.846, 126
Trd, 8639833.912, 60
Trd, 8639834.012, 114
Trd, 8639834.146, 64
Trd, 8639834.946, 115
Trd, 8639835.712, 101
Trd, 8639836.212, 99
Trd, 8639836.646, 88
Trd, 8639836.746, 75
Trd, 8639837.046, 72
Trd, 8639837.346, 100
Trd, 8639837.979, 121
Trd, 8639838.012, 118
Trd, 8639838.979, 126
Trd, 8639839.112, 125
Trd, 8639839.679, 126
Trd, 8639839.812, 115
Trd, 8639840.646, 126
Trd, 8639841.046, 113
Trd, 8639841.212, 111
Trd, 8639841.646, 131
Trd, 8639843.012, 137
Trd, 8639843.146, 123
Trd, 8639843.512, 117
Trd, 8639843.979, 134
Trd, 8639844.312, 140
Trd, 8639844.379, 122
Trd, 8639845.079, 99
Trd, 8639845.579, 108
Trd, 8639846.579, 116
Trd, 8639847.112, 132
Trd, 8639847.679, 119
Trd, 8639847.879, 118
Trd, 8639848.146, 104
Trd, 8639849.012, 97
Trd, 8639849.046, 96
Trd, 8639850.379, 98
Trd, 8639851.479, 136
Trd, 8639852.012, 136
Trd, 8639852.179, 120
Trd, 8639852.312, 113
Trd, 8639852.546, 110
Trd, 8639852.779, 109
Trd, 8639853.046, 105
Trd, 8639853.146, 94
Trd, 8639853.312, 78
Trd, 8639853.746, 61
Trd, 8639854.079, 61
Trd, 8639854.479, 120
Trd, 8639854.812, 114
Trd, 8639855.112, 112
Trd, 8639855.446, 111
Trd, 8639856.012, 126
Trd, 8639856.046, 110
Trd, 8639856.112, 99
Trd, 8639857.279, 104
Trd, 8639858.046, 85
Trd, 8639859.246, 60
Trd, 8639859.446, 60
Trd, 8639859.612, 124
Trd, 8639859.979, 77
Trd, 8639861.146, 66
Trd, 8639861.446, 71
Trd, 8639861.679, 79
Trd, 8639861.879, 105
Trd, 8639862.546, 122
Trd, 8639862.746, 84
Trd, 8639863.046, 83
Trd, 8639863.546, 100
Trd, 8639864.046, 70
Trd, 8639864.179, 65
Trd, 8639864.412, 60
Trd, 8639865.812, 60
Trd, 8639865.946, 78
Trd, 8639866.646, 70
Trd, 8639866.746, 71
Trd, 8639867.512, 78
Trd, 8639867.779, 64
Trd, 8639868.146, 94
Trd, 8639868.346, 72
Trd, 8639868.946, 73
Trd, 8639869.746, 126
Trd, 8639870.146, 100
Trd, 8639870.446, 86
Trd, 8639870.546, 70
Trd, 8639870.912, 102
Trd, 8639871.679, 120
Trd, 8639872.112, 139
Trd, 8639872.546, 122
Trd, 8639872.646, 117
Trd, 8639872.879, 82
Trd, 8639873.479, 81
Trd, 8639874.012, 60
Trd, 8639875.146, 102
Trd, 8639875.212, 101
Trd, 8639875.612, 107
Trd, 8639875.779, 80
Trd, 8639875.812, 80
Trd, 8639876.446, 91
Trd, 8639877.512, 120
Trd, 8639877.646, 102
Trd, 8639877.679, 79
Trd, 8639878.579, 121
Trd, 8639878.612, 118
Trd, 8639879.212, 116
Trd, 8639880.046, 122
Trd, 8639880.579, 102
Trd, 8639880.679, 86
Trd, 8639880.846, 91
Trd, 8639881.479, 73
Trd, 8639882.446, 114
Trd, 8639882.512, 100
Trd, 8639882.646, 83
Trd, 8639883.179, 73
Trd, 8639883.412, 78
Trd, 8639884.346, 78
Trd, 8639885.312, 81
Trd, 8639885.446, 83
Trd, 8639885.979, 115
Trd, 8639886.012, 103
Trd, 8639886.512, 128
Trd, 8639886.612, 105
Trd, 8639888.046, 124
Trd, 8639888.146, 116
Trd, 8639888.446, 131
Trd, 8639889.346, 82
Trd, 8639889.446, 81
Trd, 8639889.879, 66
Trd, 8639890.412, 107
Trd, 8639890.679, 93
Trd, 8639891.579, 105
Trd, 8639891.946, 80
Trd, 8639892.179, 69
Trd, 8639892.812, 96
Trd, 8639893.012, 104
Trd, 8639893.579, 92
Trd, 8639894.512, 92
Trd, 8639894.546, 78
Trd, 8639894.679, 128
Trd, 8639894.812, 77
Trd, 8639895.412, 81
Trd, 8639896.412, 68
Trd, 8639896.479, 71
Trd, 8639897.312, 74
Trd, 8639897.679, 82
Trd, 8639897.712, 81
Trd, 8639898.046, 95
Trd, 8639898.679, 121
Trd, 8639898.846, 70
Trd, 8639899.279, 61
Trd, 8639899.879, 96
Trd, 8639900.512, 71
Trd, 8639900.779, 73
Trd, 8639901.679, 76
Trd, 8639902.246, 73
Trd, 8639902.812, 111
Trd, 8639903.479, 109
Trd, 8639903.579, 105
Trd, 8639904.179, 103
Trd, 8639904.346, 97
Trd, 8639904.579, 97
Trd, 8639905.546, 92
Trd, 8639905.612, 91
Trd, 8639905.979, 88
Trd, 8639906.712, 85
Trd, 8639906.746, 82
Trd, 8639906.879, 139
Trd, 8639906.946, 80
Trd, 8639907.179, 76
Trd, 8639907.346, 64
Trd, 8639908.179, 121
Trd, 8639908.946, 109
Trd, 8639909.046, 92
Trd, 8639909.312, 88
Trd, 8639909.412, 122
Trd, 8639910.112, 108
Trd, 8639910.479, 87
Trd, 8639910.912, 95
Trd, 8639911.346, 136
Trd, 8639912.046, 94
Trd, 8639912.312, 79
Trd, 8639912.979, 96
Trd, 8639913.012, 79
Trd, 8639913.279, 68
Trd, 8639913.546, 103
Trd, 8639915.246, 128
Trd, 8639916.146, 125
Trd, 8639916.912, 126
Trd, 8639917.746, 123
Trd, 8639917.779, 120
Trd, 8639918.012, 101
Trd, 8639918.579, 128
Trd, 8639918.612, 92
Trd, 8639918.979, 140
Trd, 8639919.112, 135
Trd, 8639919.679, 105
Trd, 8639919.946, 74
Trd, 8639920.446, 70
Trd, 8639921.146, 63
Trd, 8639922.146, 116
Trd, 8639922.846, 112
Trd, 8639923.712, 128
Trd, 8639923.846, 112
Trd, 8639924.912, 110
Trd, 8639925.146, 127
Trd, 8639925.479, 109
Trd, 8639925.712, 108
Trd, 8639925.846, 106
Trd, 8639926.779, 117
Trd, 8639927.546, 110
Trd, 8639927.979, 87
Trd, 8639928.179, 95
Trd, 8639928.512, 117
Trd, 8639928.679, 77
Trd, 8639929.179, 99
Trd, 8639929.579, 109
Trd, 8639930.279, 108
Trd, 8639930.912, 107
Trd, 8639931.912, 106
Trd, 8639932.012, 106
Trd, 8639932.446, 76
Trd, 8639933.279, 85
Trd, 8639933.346, 76
Trd, 8639933.579, 93
Trd, 8639933.979, 112
Trd, 8639935.646, 102
Trd, 8639935.879, 83
Trd, 8639935.946, 74
Trd, 8639936.146, 123
Trd, 8639936.212, 115
Trd, 8639936.846, 125
Trd, 8639936.879, 119
Trd, 8639936.946, 101
Trd, 8639937.946, 61
Trd, 8639938.279, 62
Trd, 8639938.512, 71
Trd, 8639939.746, 66
Trd, 8639940.512, 62
Trd, 8639940.712, 62
Trd, 8639940.746, 72
Trd, 8639941.012, 74
Trd, 8639941.379, 64
Trd, 8639941.679, 89
Trd, 8639942.246, 121
Trd, 8639942.779, 113
Trd, 8639943.312, 60
Trd, 8639943.346, 63
Trd, 8639943.546, 75
Trd, 8639944.046, 111
Trd, 8639944.179, 121
Trd, 8639944.846, 101
Trd, 8639946.346, 63
Trd, 8639946.746, 73
Trd, 8639947.379, 60
Trd, 8639947.879, 61
Trd, 8639948.079, 71
Trd, 8639949.146, 110
Trd, 8639949.412, 86
Trd, 8639949.946, 101
Trd, 8639950.012, 120
Trd, 8639950.079, 93
Trd, 8639951.012, 121
Trd, 8639951.379, 92
Trd, 8639952.012, 115
Trd, 8639952.212, 99
Trd, 8639952.412, 99
Trd, 8639952.879, 109
Trd, 8639953.279, 107
Trd, 8639953.379, 86
Trd, 8639955.146, 110
Trd, 8639955.546, 124
Trd, 8639955.679, 98
Trd, 8639955.812, 93
Trd, 8639956.346, 100
Trd, 8639956.846, 106
Trd, 8639956.946, 87
Trd, 8639958.446, 81
Trd, 8639958.579, 88
Trd, 8639959.712, 82
Trd, 8639960.379, 85
Trd, 8639960.946, 111
Trd, 8639961.546, 108
Trd, 8639962.012, 107
Trd, 8639962.146, 122
Trd, 8639962.279, 104
Trd, 8639962.446, 102
Trd, 8639962.512, 88
Trd, 8639962.779, 78
Trd, 8639963.646, 108
Trd, 8639963.979, 105
Trd, 8639964.246, 105
Trd, 8639964.446, 94
Trd, 8639964.579, 90
Trd, 8639964.846, 87
Trd, 8639965.412, 80
Trd, 8639966.279, 109
Trd, 8639966.546, 113
Trd, 8639967.479, 117
Trd, 8639967.546, 100
Trd, 8639967.612, 89
Trd, 8639968.479, 91
Trd, 8639969.112, 67
Trd, 8639969.312, 73
Trd, 8639969.912, 107
Trd, 8639970.212, 106
Trd, 8639970.712, 82
Trd, 8639971.246, 96
Trd, 8639971.412, 66
Trd, 8639971.846, 79
Trd, 8639972.312, 105
Trd, 8639972.512, 99
Trd, 8639972.746, 68
Trd, 8639973.579, 67
Trd, 8639973.879, 65
Trd, 8639974.346, 103
Trd, 8639974.646, 89
Trd, 8639974.679, 83
Trd, 8639975.346, 76
Trd, 8639975.646, 110
Trd, 8639975.712, 109
Trd, 8639976.246, 107
Trd, 8639976.379, 95
Trd, 8639976.912, 66
Trd, 8639977.579, 84
Trd, 8639978.379, 63
Trd, 8639978.646, 65
Trd, 8639978.812, 81
Trd, 8639978.912, 100
Trd, 8639979.546, 138
Trd, 8639979.712, 125
Trd, 8639979.779, 122
Trd, 8639981.412, 70
Trd, 8639982.046, 72
Trd, 8639982.512, 96
Trd, 8639983.212, 61
Trd, 8639983.346, 69
Trd, 8639983.779, 81
Trd, 8639985.179, 90
Trd, 8639985.512, 87
Trd, 8639986.612, 90
Trd, 8639986.979, 119
Trd, 8639987.479, 87
Trd, 8639987.712, 86
Trd, 8639987.912, 81
Trd, 8639988.146, 95
Trd, 8639988.346, 101
Trd, 8639988.846, 116
Trd, 8639988.946, 123
Trd, 8639989.012, 96
Trd, 8639989.312, 101
Trd, 8639990.246, 84
Trd, 8639990.512, 82
Trd, 8639990.812, 93
Trd, 8639991.112, 117
Trd, 8639991.346, 99
Trd, 8639991.946, 74
Trd, 8639992.179, 124
Trd, 8639993.079, 134
Trd, 8639993.646, 103
Trd, 8639994.146, 91
Trd, 8639994.946, 126
Trd, 8639995.112, 112
Trd, 8639995.579, 85
Trd, 8639995.812, 83
Trd, 8639996.779, 61
Trd, 8639997.446, 63
Trd, 8639997.679, 66
Trd, 8639998.146, 67
Trd, 8639998.246, 77
Trd, 8639999.312, 67
Trd, 8639999.446, 69
Trd, 8639999.512, 71
Trd, 8639999.712, 88
Trd, 8639999.879, 94
