Trd, 8638794.879, 61
Trd, 8638794.946, 60
Trd, 8638795.112, 62
Trd, 8638795.712, 62
Trd, 8638795.979, 60
Trd, 8638796.279, 61
Trd, 8638796.346, 62
Trd, 8638796.412, 63
Trd, 8638796.512, 64
Trd, 8638798.646, 61
Trd, 8638798.746, 64
Trd, 8638799.212, 60
Trd, 8638800.179, 60
Trd, 8638800.446, 60
Trd, 8638800.812, 60
Trd, 8638800.912, 62
Trd, 8638802.179, 60
Trd, 8638802.646, 60
Trd, 8638803.512, 60
Trd, 8638803.712, 60
Trd, 8638803.746, 61
Trd, 8638804.246, 60
Trd, 8638804.379, 60
Trd, 8638804.679, 61
Trd, 8638804.712, 65
Trd, 8638805.446, 63
Trd, 8638805.646, 62
Trd, 8638805.779, 63
Trd, 8638806.079, 64
Trd, 8638806.879, 60
Trd, 8638807.012, 60
Trd, 8638808.479, 60
Trd, 8638808.679, 60
Trd, 8638808.979, 65
Trd, 8638809.279, 65
Trd, 8638809.979, 60
Trd, 8638810.612, 60
Trd, 8638811.079, 60
Trd, 8638811.446, 60
Trd, 8638811.912, 60
Trd, 8638812.012, 61
Trd, 8638812.046, 61
Trd, 8638812.146, 62
Trd, 8638812.212, 64
Trd, 8638812.779, 62
Trd, 8638812.946, 61
Trd, 8638813.079, 61
Trd, 8638813.479, 62
Trd, 8638814.612, 60
Trd, 8638815.279, 62
Trd, 8638815.412, 68
Trd, 8638817.012, 60
Trd, 8638817.379, 61
Trd, 8638817.512, 61
Trd, 8638817.779, 61
Trd, 8638819.579, 62
Trd, 8638819.679, 63
Trd, 8638819.846, 61
Trd, 8638820.346, 66
Trd, 8638820.446, 62
Trd, 8638820.979, 65
Trd, 8638821.079, 62
Trd, 8638821.279, 64
Trd, 8638821.412, 62
Trd, 8638821.479, 67
Trd, 8638821.712, 66
Trd, 8638822.146, 65
Trd, 8638822.279, 67
Trd, 8638822.512, 68
Trd, 8638822.579, 70
Trd, 8638823.279, 66
Trd, 8638823.812, 68
Trd, 8638823.879, 63
Trd, 8638824.112, 80
Trd, 8638825.179, 65
Trd, 8638826.346, 60
Trd, 8638826.479, 62
Trd, 8638826.512, 62
Trd, 8638827.046, 71
Trd, 8638827.712, 60
Trd, 8638828.079, 60
Trd, 8638829.179, 60
Trd, 8638829.446, 60
Trd, 8638830.046, 60
Trd, 8638830.212, 60
Trd, 8638830.546, 60
Trd, 8638831.212, 60
Trd, 8638831.612, 60
Trd, 8638832.779, 60
Trd, 8638832.879, 60
Trd, 8638832.912, 63
Trd, 8638833.012, 64
Trd, 8638833.412, 62
Trd, 8638834.579, 60
Trd, 8638834.879, 60
Trd, 8638835.846, 60
Trd, 8638835.879, 60
Trd, 8638835.912, 60
Trd, 8638836.446, 60
Trd, 8638836.512, 60
Trd, 8638836.846, 64
Trd, 8638836.879, 65
Trd, 8638837.146, 67
Trd, 8638837.746, 62
Trd, 8638838.679, 60
Trd, 8638838.946, 61
Trd, 8638840.679, 60
Trd, 8638841.379, 60
Trd, 8638841.446, 60
Trd, 8638842.812, 60
Trd, 8638843.479, 60
Trd, 8638843.579, 61
Trd, 8638843.912, 61
Trd, 8638844.012, 61
Trd, 8638844.279, 60
Trd, 8638845.079, 63
Trd, 8638845.212, 64
Trd, 8638845.246, 64
Trd, 8638845.646, 60
Trd, 8638846.646, 64
Trd, 8638847.412, 64
Trd, 8638847.712, 63
Trd, 8638847.912, 66
Trd, 8638848.279, 66
Trd, 8638848.312, 64
Trd, 8638848.712, 65
Trd, 8638848.746, 63
Trd, 8638849.612, 140
Trd, 8638849.712, 140
Trd, 8638849.979, 140
Trd, 8638850.512, 139
Trd, 8638850.646, 139
Trd, 8638851.112, 66
Trd, 8638851.746, 63
Trd, 8638851.979, 63
Trd, 8638852.412, 71
Trd, 8638853.079, 68
Trd, 8638854.246, 61
Trd, 8638854.812, 62
Trd, 8638855.079, 61
Trd, 8638855.112, 62
Trd, 8638855.746, 60
Trd, 8638855.946, 63
Trd, 8638856.479, 62
Trd, 8638856.546, 64
Trd, 8638857.046, 63
Trd, 8638857.079, 65
Trd, 8638857.279, 70
Trd, 8638857.512, 63
Trd, 8638857.712, 61
Trd, 8638858.212, 60
Trd, 8638858.379, 60
Trd, 8638860.079, 60
Trd, 8638860.479, 60
Trd, 8638860.912, 60
Trd, 8638861.079, 61
Trd, 8638862.046, 60
Trd, 8638862.379, 60
Trd, 8638862.646, 60
Trd, 8638863.112, 60
Trd, 8638863.479, 60
Trd, 8638863.712, 61
Trd, 8638864.646, 62
Trd, 8638865.512, 60
Trd, 8638865.879, 60
Trd, 8638866.279, 60
Trd, 8638866.412, 60
Trd, 8638866.679, 61
Trd, 8638866.879, 61
Trd, 8638866.946, 60
Trd, 8638867.546, 62
Trd, 8638867.712, 63
Trd, 8638868.479, 61
Trd, 8638868.846, 63
Trd, 8638870.046, 60
Trd, 8638871.012, 60
Trd, 8638871.146, 60
Trd, 8638871.679, 60
Trd, 8638871.812, 61
Trd, 8638872.846, 61
Trd, 8638872.879, 62
Trd, 8638872.979, 60
Trd, 8638873.179, 63
Trd, 8638873.346, 70
Trd, 8638874.279, 60
Trd, 8638874.612, 60
Trd, 8638874.679, 62
Trd, 8638874.712, 62
Trd, 8638875.512, 62
Trd, 8638876.912, 60
Trd, 8638877.246, 60
Trd, 8638878.446, 60
Trd, 8638878.979, 60
Trd, 8638879.146, 60
Trd, 8638879.212, 61
Trd, 8638879.346, 62
Trd, 8638880.512, 60
Trd, 8638880.979, 61
Trd, 8638881.046, 61
Trd, 8638881.512, 61
Trd, 8638882.212, 61
Trd, 8638882.779, 60
Trd, 8638882.812, 60
Trd, 8638883.212, 60
Trd, 8638883.412, 60
Trd, 8638883.812, 63
Trd, 8638884.446, 62
Trd, 8638884.812, 60
Trd, 8638885.479, 60
Trd, 8638885.546, 60
Trd, 8638885.712, 65
Trd, 8638885.979, 60
Trd, 8638887.012, 60
Trd, 8638888.546, 60
Trd, 8638888.579, 60
Trd, 8638888.846, 60
Trd, 8638889.312, 60
Trd, 8638890.079, 60
Trd, 8638890.346, 63
Trd, 8638890.979, 60
Trd, 8638891.379, 60
Trd, 8638891.912, 60
Trd, 8638892.379, 60
Trd, 8638892.579, 61
Trd, 8638893.812, 60
Trd, 8638893.946, 60
Trd, 8638894.112, 60
Trd, 8638895.346, 60
Trd, 8638895.512, 60
Trd, 8638895.779, 61
Trd, 8638895.946, 60
Trd, 8638896.679, 60
Trd, 8638898.079, 60
Trd, 8638898.212, 60
Trd, 8638898.346, 61
Trd, 8638898.679, 61
Trd, 8638899.046, 62
Trd, 8638899.079, 61
Trd, 8638899.446, 60
Trd, 8638899.479, 60
Trd, 8638899.612, 60
Trd, 8638901.179, 60
Trd, 8638901.946, 60
Trd, 8638902.246, 60
Trd, 8638902.646, 60
Trd, 8638902.812, 60
Trd, 8638903.012, 60
Trd, 8638903.379, 61
Trd, 8638903.546, 62
Trd, 8638903.646, 62
Trd, 8638904.212, 60
Trd, 8638904.812, 61
Trd, 8638904.946, 61
Trd, 8638905.146, 63
Trd, 8638905.179, 72
Trd, 8638906.712, 140
Trd, 8638906.912, 140
Trd, 8638906.979, 140
Trd, 8638907.612, 140
Trd, 8638907.712, 140
Trd, 8638908.112, 140
Trd, 8638908.346, 139
Trd, 8638908.646, 137
Trd, 8638908.979, 108
Trd, 8638909.312, 140
Trd, 8638909.946, 140
Trd, 8638910.212, 139
Trd, 8638910.646, 139
Trd, 8638911.812, 140
Trd, 8638912.646, 140
Trd, 8638912.679, 140
Trd, 8638913.246, 140
Trd, 8638913.346, 140
Trd, 8638913.479, 79
Trd, 8638914.279, 77
Trd, 8638914.612, 132
Trd, 8638915.079, 72
Trd, 8638915.912, 140
Trd, 8638916.179, 140
Trd, 8638916.479, 140
Trd, 8638917.146, 140
Trd, 8638917.912, 140
Trd, 8638919.012, 140
Trd, 8638919.046, 140
Trd, 8638919.912, 140
Trd, 8638920.512, 140
Trd, 8638920.579, 140
Trd, 8638920.679, 140
Trd, 8638920.746, 140
Trd, 8638920.946, 140
Trd, 8638921.312, 137
Trd, 8638922.346, 140
Trd, 8638922.646, 140
Trd, 8638922.812, 140
Trd, 8638923.146, 140
Trd, 8638923.179, 140
Trd, 8638923.812, 139
Trd, 8638924.179, 140
Trd, 8638924.412, 69
Trd, 8638924.712, 61
Trd, 8638924.946, 139
Trd, 8638925.812, 140
Trd, 8638925.946, 140
Trd, 8638927.346, 140
Trd, 8638927.679, 139
Trd, 8638927.912, 139
Trd, 8638928.046, 127
Trd, 8638928.546, 140
Trd, 8638928.746, 101
Trd, 8638929.746, 68
Trd, 8638930.212, 140
Trd, 8638930.479, 140
Trd, 8638930.546, 140
Trd, 8638930.679, 140
Trd, 8638930.946, 140
Trd, 8638931.446, 89
Trd, 8638931.712, 108
Trd, 8638932.679, 140
Trd, 8638933.012, 138
Trd, 8638933.246, 138
Trd, 8638934.012, 140
Trd, 8638934.779, 140
Trd, 8638935.012, 140
Trd, 8638935.779, 140
Trd, 8638935.912, 139
Trd, 8638936.212, 140
Trd, 8638938.212, 140
Trd, 8638938.312, 140
Trd, 8638938.679, 140
Trd, 8638939.079, 140
Trd, 8638939.712, 140
Trd, 8638939.846, 140
Trd, 8638940.412, 140
Trd, 8638940.446, 140
Trd, 8638940.612, 140
Trd, 8638940.679, 138
Trd, 8638941.079, 140
Trd, 8638941.412, 139
Trd, 8638941.779, 78
Trd, 8638942.379, 139
Trd, 8638942.646, 139
Trd, 8638942.712, 138
Trd, 8638943.546, 99
Trd, 8638944.146, 140
Trd, 8638944.812, 140
Trd, 8638945.079, 140
Trd, 8638945.212, 140
Trd, 8638945.979, 125
Trd, 8638946.146, 140
Trd, 8638946.379, 139
Trd, 8638947.146, 137
Trd, 8638948.246, 137
Trd, 8638948.379, 137
Trd, 8638948.879, 139
Trd, 8638948.979, 93
Trd, 8638949.179, 71
Trd, 8638950.212, 140
Trd, 8638951.279, 140
Trd, 8638951.579, 140
Trd, 8638951.746, 140
Trd, 8638951.912, 139
Trd, 8638952.579, 140
Trd, 8638952.879, 140
Trd, 8638953.246, 140
Trd, 8638953.946, 140
Trd, 8638954.112, 140
Trd, 8638954.346, 140
Trd, 8638955.612, 140
Trd, 8638955.679, 140
Trd, 8638955.779, 140
Trd, 8638955.812, 140
Trd, 8638956.646, 89
Trd, 8638956.846, 63
Trd, 8638957.179, 64
Trd, 8638957.212, 65
Trd, 8638957.712, 73
Trd, 8638957.812, 76
Trd, 8638958.546, 140
Trd, 8638958.746, 140
Trd, 8638958.879, 140
Trd, 8638959.012, 140
Trd, 8638959.679, 140
Trd, 8638959.879, 140
Trd, 8638960.579, 140
Trd, 8638961.146, 140
Trd, 8638961.412, 140
Trd, 8638962.512, 140
Trd, 8638962.546, 140
Trd, 8638962.579, 140
Trd, 8638963.512, 140
Trd, 8638963.579, 140
Trd, 8638963.879, 140
Trd, 8638963.979, 138
Trd, 8638965.612, 140
Trd, 8638965.846, 140
Trd, 8638966.046, 139
Trd, 8638966.379, 139
Trd, 8638967.279, 140
Trd, 8638967.746, 138
Trd, 8638967.912, 138
Trd, 8638968.546, 140
Trd, 8638968.979, 140
Trd, 8638970.046, 140
Trd, 8638970.712, 140
Trd, 8638970.912, 140
Trd, 8638970.979, 140
Trd, 8638971.012, 140
Trd, 8638971.146, 140
Trd, 8638972.379, 140
Trd, 8638972.479, 79
Trd, 8638973.579, 140
Trd, 8638973.612, 140
Trd, 8638973.846, 140
Trd, 8638975.012, 140
Trd, 8638975.412, 140
Trd, 8638975.646, 140
Trd, 8638975.746, 140
Trd, 8638976.079, 138
Trd, 8638976.179, 137
Trd, 8638976.512, 71
Trd, 8638976.612, 65
Trd, 8638978.046, 140
Trd, 8638978.079, 140
Trd, 8638978.412, 140
Trd, 8638978.679, 140
Trd, 8638978.746, 139
Trd, 8638980.279, 140
Trd, 8638980.579, 140
Trd, 8638980.612, 140
Trd, 8638981.112, 139
Trd, 8638981.646, 138
Trd, 8638982.446, 140
Trd, 8638982.646, 140
Trd, 8638982.879, 120
Trd, 8638983.279, 139
Trd, 8638983.779, 101
Trd, 8638983.879, 99
Trd, 8638984.346, 140
Trd, 8638984.546, 140
Trd, 8638984.879, 140
Trd, 8638986.512, 140
Trd, 8638987.012, 140
Trd, 8638987.479, 140
Trd, 8638987.779, 140
Trd, 8638988.212, 140
Trd, 8638988.379, 75
Trd, 8638988.712, 67
Trd, 8638988.779, 67
Trd, 8638989.412, 68
Trd, 8638989.779, 140
Trd, 8638990.146, 140
Trd, 8638991.246, 140
Trd, 8638991.279, 139
Trd, 8638991.646, 88
Trd, 8638991.912, 88
Trd, 8638992.246, 99
Trd, 8638992.912, 63
Trd, 8638993.012, 71
Trd, 8638993.479, 61
Trd, 8638993.646, 60
Trd, 8638993.946, 66
Trd, 8638994.146, 62
Trd, 8638994.246, 64
Trd, 8638994.812, 61
Trd, 8638995.146, 140
Trd, 8638995.479, 61
Trd, 8638996.346, 60
Trd, 8638997.179, 60
Trd, 8638997.279, 60
Trd, 8638998.646, 60
Trd, 8638998.712, 60
Trd, 8638998.812, 61
Trd, 8638999.112, 60
Trd, 8638999.379, 63
Trd, 8638999.512, 64
Trd, 8638999.612, 68
Trd, 8639000.512, 140
Trd, 8639000.912, 140
Trd, 8639000.946, 140
Trd, 8639001.346, 140
Trd, 8639001.646, 140
Trd, 8639002.046, 140
Trd, 8639002.446, 140
Trd, 8639002.712, 140
Trd, 8639003.212, 140
Trd, 8639004.079, 140
Trd, 8639004.646, 140
Trd, 8639005.146, 140
Trd, 8639005.212, 138
Trd, 8639006.679, 140
Trd, 8639006.812, 140
Trd, 8639007.012, 140
Trd, 8639007.112, 140
Trd, 8639008.146, 140
Trd, 8639008.779, 140
Trd, 8639009.346, 140
Trd, 8639009.746, 140
Trd, 8639010.212, 140
Trd, 8639010.279, 140
Trd, 8639010.379, 140
Trd, 8639010.679, 140
Trd, 8639012.279, 140
Trd, 8639012.646, 140
Trd, 8639012.712, 140
Trd, 8639012.812, 140
Trd, 8639013.312, 140
Trd, 8639013.712, 140
Trd, 8639014.112, 140
Trd, 8639015.012, 140
Trd, 8639015.446, 140
Trd, 8639016.146, 140
Trd, 8639016.546, 140
Trd, 8639017.012, 140
Trd, 8639017.079, 140
Trd, 8639017.279, 140
Trd, 8639017.512, 140
Trd, 8639017.812, 140
Trd, 8639018.212, 140
Trd, 8639018.812, 140
Trd, 8639018.879, 140
Trd, 8639019.779, 140
Trd, 8639020.712, 88
Trd, 8639021.446, 64
Trd, 8639021.546, 62
Trd, 8639021.579, 66
Trd, 8639021.879, 63
Trd, 8639021.912, 67
Trd, 8639022.046, 68
Trd, 8639022.412, 69
Trd, 8639023.012, 140
Trd, 8639023.412, 140
Trd, 8639023.512, 140
Trd, 8639023.746, 61
Trd, 8639023.812, 63
Trd, 8639024.112, 140
Trd, 8639024.879, 140
Trd, 8639025.079, 139
Trd, 8639026.212, 140
Trd, 8639026.412, 139
Trd, 8639026.946, 70
Trd, 8639027.379, 140
Trd, 8639029.212, 60
Trd, 8639029.712, 60
Trd, 8639029.746, 60
Trd, 8639029.912, 61
Trd, 8639030.212, 60
Trd, 8639030.879, 60
Trd, 8639031.146, 61
Trd, 8639031.879, 61
Trd, 8639032.546, 61
Trd, 8639032.612, 62
Trd, 8639032.712, 61
Trd, 8639032.846, 61
Trd, 8639033.646, 60
Trd, 8639033.879, 62
Trd, 8639033.979, 64
Trd, 8639034.512, 60
Trd, 8639035.079, 64
Trd, 8639035.312, 63
Trd, 8639035.446, 139
Trd, 8639035.479, 62
Trd, 8639036.512, 140
Trd, 8639036.546, 140
Trd, 8639036.846, 140
Trd, 8639037.212, 60
Trd, 8639037.446, 60
Trd, 8639038.046, 61
Trd, 8639038.179, 63
Trd, 8639038.512, 65
Trd, 8639039.112, 64
Trd, 8639039.446, 62
Trd, 8639039.946, 62
Trd, 8639040.279, 93
Trd, 8639041.079, 64
Trd, 8639041.512, 64
Trd, 8639041.779, 65
Trd, 8639041.912, 70
Trd, 8639042.012, 63
Trd, 8639042.646, 67
Trd, 8639043.046, 60
Trd, 8639044.046, 60
Trd, 8639044.279, 60
Trd, 8639044.512, 60
Trd, 8639044.946, 60
Trd, 8639045.212, 60
Trd, 8639045.946, 61
Trd, 8639045.979, 62
Trd, 8639046.246, 64
Trd, 8639046.346, 66
Trd, 8639046.379, 67
Trd, 8639046.846, 61
Trd, 8639047.246, 64
Trd, 8639047.279, 60
Trd, 8639047.879, 61
Trd, 8639048.512, 63
Trd, 8639048.646, 70
Trd, 8639049.046, 140
Trd, 8639049.346, 93
Trd, 8639049.946, 62
Trd, 8639050.179, 139
Trd, 8639051.079, 140
Trd, 8639051.479, 140
Trd, 8639051.879, 140
Trd, 8639052.279, 140
Trd, 8639052.946, 140
Trd, 8639053.546, 140
Trd, 8639053.812, 140
Trd, 8639054.446, 140
Trd, 8639054.746, 140
Trd, 8639055.212, 140
Trd, 8639055.379, 140
Trd, 8639056.079, 140
Trd, 8639056.412, 140
Trd, 8639057.512, 140
Trd, 8639058.079, 139
Trd, 8639058.812, 140
Trd, 8639058.946, 140
Trd, 8639059.112, 140
Trd, 8639059.179, 123
Trd, 8639059.379, 121
Trd, 8639060.646, 60
Trd, 8639060.746, 62
Trd, 8639061.412, 97
Trd, 8639061.679, 139
Trd, 8639062.312, 62
Trd, 8639063.012, 60
Trd, 8639063.112, 60
Trd, 8639063.146, 60
Trd, 8639063.446, 61
Trd, 8639063.579, 60
Trd, 8639063.912, 60
Trd, 8639064.379, 61
Trd, 8639064.579, 60
Trd, 8639065.112, 61
Trd, 8639065.246, 60
Trd, 8639065.446, 65
Trd, 8639065.879, 62
Trd, 8639066.346, 60
Trd, 8639066.546, 64
Trd, 8639066.912, 64
Trd, 8639067.512, 67
Trd, 8639067.812, 125
Trd, 8639068.446, 61
Trd, 8639068.846, 140
Trd, 8639068.879, 140
Trd, 8639070.946, 60
Trd, 8639070.979, 60
Trd, 8639071.079, 60
Trd, 8639071.212, 60
Trd, 8639071.879, 61
Trd, 8639071.979, 64
Trd, 8639072.479, 60
Trd, 8639074.746, 61
Trd, 8639074.812, 60
Trd, 8639075.079, 64
Trd, 8639075.379, 63
Trd, 8639075.712, 60
Trd, 8639075.879, 60
Trd, 8639075.979, 64
Trd, 8639076.112, 61
Trd, 8639076.412, 61
Trd, 8639076.712, 64
Trd, 8639077.046, 61
Trd, 8639077.346, 61
Trd, 8639077.579, 71
Trd, 8639077.946, 62
Trd, 8639078.046, 60
Trd, 8639078.512, 60
Trd, 8639079.312, 71
Trd, 8639079.812, 135
Trd, 8639080.179, 61
Trd, 8639081.246, 60
Trd, 8639081.312, 60
Trd, 8639082.212, 61
Trd, 8639082.912, 60
Trd, 8639083.012, 61
Trd, 8639084.146, 60
Trd, 8639085.479, 60
Trd, 8639085.946, 60
Trd, 8639086.179, 60
Trd, 8639086.579, 60
Trd, 8639087.112, 60
Trd, 8639087.312, 60
Trd, 8639088.012, 60
Trd, 8639088.812, 60
Trd, 8639088.846, 60
Trd, 8639088.946, 61
Trd, 8639089.712, 61
Trd, 8639089.912, 61
Trd, 8639090.146, 60
Trd, 8639090.246, 64
Trd, 8639090.579, 63
Trd, 8639090.846, 61
Trd, 8639091.012, 62
Trd, 8639091.179, 62
Trd, 8639091.979, 60
Trd, 8639092.112, 61
Trd, 8639092.379, 62
Trd, 8639092.479, 60
Trd, 8639093.912, 63
Trd, 8639094.079, 64
Trd, 8639094.612, 62
Trd, 8639096.346, 60
Trd, 8639096.379, 60
Trd, 8639096.679, 60
Trd, 8639096.846, 60
Trd, 8639097.279, 60
Trd, 8639098.212, 60
Trd, 8639098.412, 61
Trd, 8639099.212, 60
Trd, 8639099.379, 61
Trd, 8639099.712, 62
Trd, 8639100.112, 62
Trd, 8639100.579, 63
Trd, 8639100.612, 61
Trd, 8639101.612, 60
Trd, 8639101.746, 60
Trd, 8639101.779, 60
Trd, 8639102.146, 61
Trd, 8639102.279, 62
Trd, 8639102.312, 66
Trd, 8639102.379, 60
Trd, 8639103.346, 62
Trd, 8639104.079, 60
Trd, 8639104.479, 60
Trd, 8639105.579, 60
Trd, 8639106.346, 60
Trd, 8639106.479, 60
Trd, 8639106.712, 60
Trd, 8639107.712, 60
Trd, 8639107.879, 60
Trd, 8639108.079, 60
Trd, 8639108.246, 61
Trd, 8639108.312, 62
Trd, 8639109.346, 64
Trd, 8639109.712, 61
Trd, 8639109.912, 65
Trd, 8639110.179, 63
Trd, 8639110.212, 60
Trd, 8639111.112, 61
Trd, 8639111.346, 60
Trd, 8639111.679, 61
Trd, 8639112.246, 60
Trd, 8639112.946, 60
Trd, 8639113.046, 60
Trd, 8639113.446, 61
Trd, 8639113.912, 67
Trd, 8639114.946, 60
Trd, 8639115.446, 60
Trd, 8639115.512, 60
Trd, 8639116.012, 60
Trd, 8639116.179, 60
Trd, 8639116.246, 61
Trd, 8639116.279, 62
Trd, 8639116.479, 64
Trd, 8639116.946, 62
Trd, 8639117.346, 63
Trd, 8639117.479, 66
Trd, 8639117.646, 67
Trd, 8639117.846, 65
Trd, 8639117.946, 61
Trd, 8639118.812, 140
Trd, 8639118.979, 140
Trd, 8639119.279, 140
Trd, 8639119.546, 140
Trd, 8639119.712, 139
Trd, 8639120.379, 138
Trd, 8639121.112, 139
Trd, 8639121.446, 125
Trd, 8639121.612, 76
Trd, 8639122.412, 140
Trd, 8639122.979, 140
Trd, 8639123.512, 140
Trd, 8639124.079, 140
Trd, 8639124.912, 140
Trd, 8639125.046, 140
Trd, 8639125.179, 140
Trd, 8639125.412, 139
Trd, 8639126.579, 140
Trd, 8639126.646, 140
Trd, 8639126.912, 140
Trd, 8639127.812, 140
Trd, 8639127.946, 140
Trd, 8639128.679, 140
Trd, 8639128.979, 139
Trd, 8639129.012, 138
Trd, 8639129.246, 139
Trd, 8639130.079, 140
Trd, 8639130.612, 139
Trd, 8639131.079, 140
Trd, 8639131.712, 140
Trd, 8639131.812, 139
Trd, 8639132.246, 138
Trd, 8639132.279, 138
Trd, 8639133.046, 140
Trd, 8639133.412, 140
Trd, 8639133.912, 140
Trd, 8639134.146, 140
Trd, 8639134.212, 139
Trd, 8639135.146, 109
Trd, 8639135.412, 140
Trd, 8639136.012, 140
Trd, 8639136.946, 140
Trd, 8639137.346, 140
Trd, 8639137.379, 140
Trd, 8639137.412, 139
Trd, 8639137.712, 140
Trd, 8639137.779, 137
Trd, 8639138.212, 109
Trd, 8639138.712, 109
Trd, 8639139.879, 70
Trd, 8639140.146, 134
Trd, 8639140.812, 140
Trd, 8639141.146, 140
Trd, 8639141.479, 140
Trd, 8639142.146, 140
Trd, 8639142.612, 140
Trd, 8639142.746, 137
Trd, 8639143.012, 140
Trd, 8639143.812, 140
Trd, 8639144.079, 140
Trd, 8639144.479, 139
Trd, 8639144.679, 140
Trd, 8639144.779, 140
Trd, 8639145.079, 115
Trd, 8639145.812, 83
Trd, 8639146.046, 139
Trd, 8639146.479, 122
Trd, 8639147.246, 140
Trd, 8639147.346, 140
Trd, 8639147.679, 139
Trd, 8639149.312, 140
Trd, 8639149.412, 140
Trd, 8639149.779, 140
Trd, 8639150.312, 140
Trd, 8639150.846, 140
Trd, 8639150.979, 140
Trd, 8639151.012, 140
Trd, 8639151.412, 140
Trd, 8639152.212, 140
Trd, 8639152.512, 140
Trd, 8639152.712, 140
Trd, 8639153.346, 140
Trd, 8639153.846, 140
Trd, 8639154.179, 140
Trd, 8639154.246, 140
Trd, 8639154.412, 140
Trd, 8639154.846, 140
Trd, 8639155.412, 140
Trd, 8639156.312, 140
Trd, 8639156.712, 140
Trd, 8639157.112, 140
Trd, 8639157.446, 140
Trd, 8639157.612, 140
Trd, 8639157.879, 139
Trd, 8639158.579, 140
Trd, 8639159.012, 140
Trd, 8639160.346, 140
Trd, 8639160.612, 140
Trd, 8639160.679, 138
Trd, 8639161.812, 140
Trd, 8639162.912, 140
Trd, 8639162.979, 140
Trd, 8639163.112, 140
Trd, 8639163.812, 140
Trd, 8639164.079, 140
Trd, 8639164.279, 140
Trd, 8639164.346, 140
Trd, 8639164.612, 138
Trd, 8639165.679, 139
Trd, 8639165.746, 139
Trd, 8639166.079, 135
Trd, 8639166.446, 124
Trd, 8639166.979, 140
Trd, 8639167.246, 140
Trd, 8639168.012, 140
Trd, 8639168.446, 140
Trd, 8639168.746, 140
Trd, 8639168.879, 140
Trd, 8639169.179, 140
Trd, 8639169.979, 139
Trd, 8639170.479, 134
Trd, 8639170.579, 133
Trd, 8639170.812, 131
Trd, 8639171.879, 140
Trd, 8639171.912, 139
Trd, 8639172.346, 140
Trd, 8639172.412, 139
Trd, 8639173.346, 140
Trd, 8639173.712, 140
Trd, 8639174.312, 140
Trd, 8639175.579, 140
Trd, 8639175.846, 140
Trd, 8639177.212, 140
Trd, 8639177.812, 140
Trd, 8639178.079, 140
Trd, 8639178.112, 140
Trd, 8639178.379, 140
Trd, 8639178.479, 140
Trd, 8639178.879, 140
Trd, 8639179.246, 139
Trd, 8639179.679, 140
Trd, 8639179.979, 140
Trd, 8639180.246, 139
Trd, 8639180.346, 139
Trd, 8639181.746, 140
Trd, 8639181.912, 140
Trd, 8639182.179, 140
Trd, 8639182.346, 72
Trd, 8639182.679, 71
Trd, 8639183.046, 140
Trd, 8639184.046, 140
Trd, 8639184.346, 140
Trd, 8639184.379, 139
Trd, 8639184.879, 140
Trd, 8639185.412, 140
Trd, 8639185.879, 139
Trd, 8639186.012, 140
Trd, 8639186.646, 109
Trd, 8639186.679, 108
Trd, 8639187.612, 140
Trd, 8639187.812, 140
Trd, 8639188.312, 140
Trd, 8639188.846, 140
Trd, 8639189.446, 140
Trd, 8639189.712, 140
Trd, 8639190.179, 140
Trd, 8639190.279, 140
Trd, 8639190.346, 136
Trd, 8639190.712, 140
Trd, 8639190.779, 140
Trd, 8639191.379, 87
Trd, 8639192.012, 60
Trd, 8639192.146, 60
Trd, 8639192.812, 60
Trd, 8639192.946, 60
Trd, 8639194.479, 63
Trd, 8639195.146, 60
Trd, 8639195.279, 60
Trd, 8639195.346, 60
Trd, 8639195.779, 60
Trd, 8639196.312, 63
Trd, 8639196.512, 62
Trd, 8639196.912, 71
Trd, 8639197.146, 72
Trd, 8639197.479, 62
Trd, 8639197.646, 61
Trd, 8639198.279, 61
Trd, 8639198.512, 64
Trd, 8639199.346, 60
Trd, 8639200.846, 60
Trd, 8639201.279, 60
Trd, 8639201.712, 61
Trd, 8639201.779, 61
Trd, 8639201.846, 61
Trd, 8639202.779, 61
Trd, 8639203.046, 62
Trd, 8639203.279, 63
Trd, 8639203.546, 63
Trd, 8639205.379, 60
Trd, 8639205.779, 60
Trd, 8639205.946, 60
Trd, 8639206.946, 60
Trd, 8639207.012, 60
Trd, 8639207.146, 60
Trd, 8639207.279, 61
Trd, 8639207.746, 64
Trd, 8639207.879, 61
Trd, 8639208.446, 61
Trd, 8639208.479, 60
Trd, 8639208.879, 60
Trd, 8639208.912, 61
Trd, 8639210.179, 61
Trd, 8639210.312, 62
Trd, 8639210.379, 64
Trd, 8639210.746, 65
Trd, 8639210.946, 64
Trd, 8639211.946, 60
Trd, 8639212.079, 60
Trd, 8639212.746, 60
Trd, 8639212.846, 61
Trd, 8639213.512, 60
Trd, 8639214.079, 60
Trd, 8639214.712, 60
Trd, 8639215.179, 61
Trd, 8639215.779, 60
Trd, 8639216.312, 60
Trd, 8639216.812, 60
Trd, 8639217.079, 60
Trd, 8639217.246, 63
Trd, 8639218.412, 60
Trd, 8639219.112, 61
Trd, 8639219.579, 60
Trd, 8639220.046, 60
Trd, 8639220.146, 61
Trd, 8639220.246, 64
Trd, 8639220.646, 61
Trd, 8639221.246, 62
Trd, 8639221.279, 62
Trd, 8639221.512, 60
Trd, 8639221.912, 61
Trd, 8639221.979, 62
Trd, 8639222.212, 60
Trd, 8639222.946, 60
Trd, 8639223.312, 65
Trd, 8639223.546, 61
Trd, 8639224.146, 60
Trd, 8639224.346, 61
Trd, 8639225.712, 61
Trd, 8639225.979, 62
Trd, 8639227.979, 60
Trd, 8639228.812, 62
Trd, 8639228.879, 62
Trd, 8639229.379, 62
Trd, 8639229.546, 63
Trd, 8639229.879, 61
Trd, 8639230.312, 60
Trd, 8639230.379, 63
Trd, 8639230.446, 69
Trd, 8639230.779, 62
Trd, 8639231.246, 62
Trd, 8639231.612, 65
Trd, 8639232.046, 63
Trd, 8639232.246, 64
Trd, 8639232.912, 139
Trd, 8639233.179, 63
Trd, 8639233.746, 60
Trd, 8639234.246, 60
Trd, 8639234.279, 63
Trd, 8639234.812, 60
Trd, 8639234.846, 60
Trd, 8639235.312, 62
Trd, 8639236.712, 60
Trd, 8639236.812, 60
Trd, 8639237.946, 60
Trd, 8639238.346, 61
Trd, 8639238.479, 60
Trd, 8639238.546, 61
Trd, 8639238.912, 60
Trd, 8639239.046, 64
Trd, 8639239.312, 60
Trd, 8639239.679, 60
Trd, 8639239.912, 61
Trd, 8639240.579, 60
Trd, 8639241.079, 61
Trd, 8639241.246, 62
Trd, 8639241.746, 61
Trd, 8639242.179, 62
Trd, 8639242.412, 137
Trd, 8639243.079, 64
Trd, 8639243.412, 60
Trd, 8639243.579, 61
Trd, 8639243.912, 62
Trd, 8639244.012, 63
Trd, 8639244.246, 67
Trd, 8639245.012, 61
Trd, 8639245.179, 70
Trd, 8639246.879, 60
Trd, 8639246.946, 60
Trd, 8639247.379, 62
Trd, 8639247.679, 63
Trd, 8639248.346, 60
Trd, 8639249.079, 60
Trd, 8639249.312, 60
Trd, 8639249.712, 60
Trd, 8639250.179, 61
Trd, 8639250.912, 61
Trd, 8639251.612, 60
Trd, 8639251.846, 60
Trd, 8639252.579, 60
Trd, 8639252.746, 60
Trd, 8639252.846, 60
Trd, 8639253.146, 61
Trd, 8639253.679, 61
Trd, 8639253.746, 63
Trd, 8639253.779, 63
Trd, 8639254.012, 61
Trd, 8639254.712, 60
Trd, 8639255.079, 61
Trd, 8639255.212, 61
Trd, 8639255.279, 60
Trd, 8639255.346, 61
Trd, 8639256.512, 60
Trd, 8639256.746, 60
Trd, 8639257.212, 61
Trd, 8639257.812, 63
Trd, 8639258.112, 66
Trd, 8639259.579, 60
Trd, 8639259.979, 60
Trd, 8639260.079, 60
Trd, 8639260.346, 60
Trd, 8639260.712, 63
Trd, 8639261.346, 61
Trd, 8639262.146, 61
Trd, 8639262.379, 62
Trd, 8639262.646, 60
Trd, 8639262.746, 61
Trd, 8639264.312, 60
Trd, 8639264.646, 60
Trd, 8639264.746, 60
Trd, 8639265.312, 61
Trd, 8639265.479, 62
Trd, 8639265.512, 62
Trd, 8639265.546, 61
Trd, 8639265.779, 62
Trd, 8639265.946, 63
Trd, 8639267.346, 60
Trd, 8639267.979, 62
Trd, 8639268.179, 63
Trd, 8639269.346, 60
Trd, 8639269.712, 60
Trd, 8639269.746, 60
Trd, 8639269.879, 66
Trd, 8639270.512, 140
Trd, 8639270.679, 139
Trd, 8639270.812, 111
Trd, 8639271.279, 62
Trd, 8639271.512, 61
Trd, 8639272.079, 140
Trd, 8639272.612, 140
Trd, 8639272.679, 140
Trd, 8639273.046, 140
Trd, 8639273.946, 140
Trd, 8639274.412, 140
Trd, 8639274.512, 140
Trd, 8639274.612, 140
Trd, 8639275.846, 140
Trd, 8639276.012, 140
Trd, 8639276.112, 119
Trd, 8639276.379, 140
Trd, 8639276.479, 136
Trd, 8639276.646, 121
Trd, 8639277.146, 140
Trd, 8639277.546, 140
Trd, 8639278.079, 140
Trd, 8639278.346, 139
Trd, 8639279.279, 128
Trd, 8639280.612, 140
Trd, 8639280.646, 140
Trd, 8639280.779, 140
Trd, 8639281.912, 140
Trd, 8639283.179, 140
Trd, 8639283.346, 140
Trd, 8639283.446, 140
Trd, 8639283.746, 140
Trd, 8639284.646, 140
Trd, 8639284.779, 140
Trd, 8639285.179, 139
Trd, 8639286.079, 140
Trd, 8639286.112, 140
Trd, 8639286.246, 123
Trd, 8639286.646, 140
Trd, 8639287.379, 140
Trd, 8639287.446, 139
Trd, 8639287.979, 139
Trd, 8639288.579, 140
Trd, 8639288.979, 140
Trd, 8639289.846, 140
Trd, 8639290.012, 140
Trd, 8639290.046, 140
Trd, 8639290.679, 140
Trd, 8639291.112, 140
Trd, 8639291.479, 140
Trd, 8639292.012, 140
Trd, 8639292.646, 138
Trd, 8639292.779, 139
Trd, 8639293.146, 103
Trd, 8639294.279, 137
Trd, 8639294.812, 140
Trd, 8639295.012, 135
Trd, 8639295.112, 105
Trd, 8639295.346, 139
Trd, 8639295.812, 113
Trd, 8639296.346, 140
Trd, 8639296.412, 140
Trd, 8639296.479, 139
Trd, 8639297.346, 139
Trd, 8639297.946, 139
Trd, 8639298.712, 140
Trd, 8639298.912, 139
Trd, 8639299.446, 140
Trd, 8639300.546, 140
Trd, 8639300.579, 138
Trd, 8639300.746, 138
Trd, 8639300.979, 137
Trd, 8639301.546, 128
Trd, 8639301.846, 108
Trd, 8639302.479, 140
Trd, 8639302.812, 140
Trd, 8639303.146, 140
Trd, 8639303.846, 140
Trd, 8639304.612, 139
Trd, 8639305.112, 140
Trd, 8639305.979, 140
Trd, 8639306.146, 139
Trd, 8639306.679, 140
Trd, 8639306.946, 139
Trd, 8639306.979, 115
Trd, 8639307.146, 140
Trd, 8639307.612, 140
Trd, 8639307.746, 140
Trd, 8639308.012, 105
Trd, 8639308.046, 80
Trd, 8639308.912, 140
Trd, 8639308.979, 140
Trd, 8639310.179, 140
Trd, 8639311.412, 140
Trd, 8639311.579, 140
Trd, 8639311.912, 140
Trd, 8639312.112, 140
Trd, 8639312.946, 140
Trd, 8639313.146, 140
Trd, 8639313.646, 140
Trd, 8639313.712, 140
Trd, 8639313.979, 139
Trd, 8639314.879, 140
Trd, 8639315.079, 140
Trd, 8639315.646, 140
Trd, 8639316.112, 139
Trd, 8639316.446, 140
Trd, 8639316.479, 139
Trd, 8639317.079, 140
Trd, 8639317.246, 140
Trd, 8639317.446, 140
Trd, 8639317.579, 137
Trd, 8639317.679, 125
Trd, 8639317.846, 78
Trd, 8639318.246, 108
Trd, 8639319.112, 81
Trd, 8639319.346, 60
Trd, 8639319.379, 60
Trd, 8639319.446, 60
Trd, 8639319.779, 63
Trd, 8639320.379, 140
Trd, 8639321.146, 139
Trd, 8639321.646, 137
Trd, 8639322.579, 137
Trd, 8639323.112, 94
Trd, 8639323.179, 94
Trd, 8639323.579, 93
Trd, 8639323.846, 62
Trd, 8639324.646, 63
Trd, 8639324.879, 60
Trd, 8639325.179, 74
Trd, 8639325.979, 140
Trd, 8639326.679, 122
Trd, 8639327.012, 123
Trd, 8639327.279, 140
Trd, 8639328.079, 140
Trd, 8639328.779, 140
Trd, 8639328.879, 140
Trd, 8639328.979, 139
Trd, 8639329.746, 139
Trd, 8639330.346, 139
Trd, 8639330.546, 109
Trd, 8639330.912, 140
Trd, 8639330.946, 140
Trd, 8639331.112, 140
Trd, 8639331.279, 140
Trd, 8639332.479, 140
Trd, 8639333.046, 140
Trd, 8639333.279, 140
Trd, 8639334.212, 140
Trd, 8639334.512, 140
Trd, 8639334.546, 140
Trd, 8639334.679, 140
Trd, 8639335.146, 140
Trd, 8639335.379, 138
Trd, 8639336.479, 140
Trd, 8639336.546, 139
Trd, 8639337.079, 140
Trd, 8639337.646, 140
Trd, 8639338.379, 139
Trd, 8639338.712, 135
Trd, 8639338.779, 100
Trd, 8639339.312, 140
Trd, 8639339.512, 140
Trd, 8639339.579, 140
Trd, 8639341.012, 140
Trd, 8639341.612, 140
Trd, 8639341.846, 140
Trd, 8639342.346, 139
Trd, 8639342.479, 140
Trd, 8639343.379, 140
Trd, 8639344.279, 140
Trd, 8639344.479, 140
Trd, 8639344.646, 140
Trd, 8639345.246, 140
Trd, 8639346.246, 140
Trd, 8639346.379, 140
Trd, 8639346.779, 140
Trd, 8639347.046, 139
Trd, 8639347.546, 140
Trd, 8639348.079, 140
Trd, 8639348.312, 140
Trd, 8639348.646, 140
Trd, 8639348.746, 140
Trd, 8639349.512, 140
Trd, 8639349.679, 140
Trd, 8639349.946, 139
Trd, 8639350.612, 138
Trd, 8639350.912, 140
Trd, 8639351.312, 140
Trd, 8639351.379, 140
Trd, 8639351.912, 140
Trd, 8639352.312, 140
Trd, 8639353.146, 138
Trd, 8639353.312, 99
Trd, 8639354.146, 140
Trd, 8639355.512, 140
Trd, 8639355.679, 140
Trd, 8639356.579, 140
Trd, 8639356.646, 140
Trd, 8639357.012, 140
Trd, 8639357.512, 140
Trd, 8639357.679, 140
Trd, 8639358.046, 140
Trd, 8639358.246, 140
Trd, 8639358.379, 139
Trd, 8639358.979, 140
Trd, 8639359.112, 140
Trd, 8639359.846, 140
Trd, 8639360.746, 140
Trd, 8639361.012, 140
Trd, 8639361.212, 140
Trd, 8639361.579, 140
Trd, 8639362.912, 140
Trd, 8639363.012, 124
Trd, 8639363.146, 138
Trd, 8639363.979, 140
Trd, 8639364.312, 139
Trd, 8639365.046, 140
Trd, 8639365.179, 140
Trd, 8639365.712, 140
Trd, 8639365.779, 140
Trd, 8639366.046, 140
Trd, 8639366.512, 140
Trd, 8639366.712, 140
Trd, 8639367.746, 140
Trd, 8639367.979, 140
Trd, 8639368.046, 140
Trd, 8639368.246, 140
Trd, 8639369.446, 140
Trd, 8639370.579, 140
Trd, 8639370.779, 140
Trd, 8639370.912, 140
Trd, 8639371.079, 140
Trd, 8639371.579, 140
Trd, 8639371.912, 140
Trd, 8639372.246, 83
Trd, 8639372.346, 139
Trd, 8639372.512, 116
Trd, 8639372.712, 82
Trd, 8639372.779, 138
Trd, 8639373.312, 137
Trd, 8639373.846, 114
Trd, 8639374.012, 137
Trd, 8639374.112, 95
Trd, 8639374.246, 140
Trd, 8639374.312, 139
Trd, 8639374.346, 94
Trd, 8639375.546, 139
Trd, 8639375.912, 138
Trd, 8639376.312, 118
Trd, 8639377.746, 60
Trd, 8639377.979, 60
Trd, 8639378.012, 60
Trd, 8639378.346, 61
Trd, 8639378.412, 64
Trd, 8639378.546, 63
Trd, 8639379.779, 60
Trd, 8639380.712, 60
Trd, 8639381.079, 60
Trd, 8639381.179, 60
Trd, 8639381.679, 61
Trd, 8639383.112, 60
Trd, 8639383.946, 60
Trd, 8639384.479, 60
Trd, 8639384.746, 60
Trd, 8639384.812, 60
Trd, 8639385.012, 60
Trd, 8639385.146, 60
Trd, 8639385.379, 60
Trd, 8639385.612, 60
Trd, 8639385.779, 61
Trd, 8639385.846, 61
Trd, 8639385.879, 62
Trd, 8639385.946, 65
Trd, 8639386.112, 61
Trd, 8639386.346, 64
Trd, 8639386.546, 80
Trd, 8639387.646, 64
Trd, 8639388.112, 60
Trd, 8639389.312, 60
Trd, 8639390.246, 60
Trd, 8639390.646, 60
Trd, 8639391.479, 61
Trd, 8639391.946, 60
Trd, 8639392.112, 60
Trd, 8639392.846, 60
Trd, 8639392.912, 60
Trd, 8639393.446, 60
Trd, 8639394.112, 60
Trd, 8639395.046, 60
Trd, 8639396.212, 60
Trd, 8639396.546, 60
Trd, 8639396.612, 60
Trd, 8639396.646, 60
Trd, 8639396.679, 61
Trd, 8639397.112, 60
Trd, 8639397.279, 60
Trd, 8639397.512, 60
Trd, 8639397.679, 61
Trd, 8639397.746, 62
Trd, 8639397.912, 62
Trd, 8639398.079, 61
Trd, 8639398.879, 60
Trd, 8639398.912, 62
Trd, 8639399.312, 60
Trd, 8639399.779, 61
Trd, 8639399.979, 69
Trd, 8639400.046, 70
Trd, 8639400.679, 60
Trd, 8639401.279, 63
Trd, 8639401.746, 62
Trd, 8639403.212, 60
Trd, 8639404.112, 60
Trd, 8639404.246, 60
Trd, 8639404.446, 60
Trd, 8639404.779, 60
Trd, 8639405.179, 61
Trd, 8639407.246, 60
Trd, 8639407.379, 61
Trd, 8639407.546, 61
Trd, 8639407.646, 65
Trd, 8639407.879, 63
Trd, 8639407.912, 65
Trd, 8639408.446, 65
Trd, 8639409.246, 61
Trd, 8639409.679, 61
Trd, 8639409.946, 60
Trd, 8639410.312, 60
Trd, 8639410.479, 60
Trd, 8639410.879, 60
Trd, 8639410.946, 60
Trd, 8639411.379, 61
Trd, 8639411.412, 62
Trd, 8639411.846, 62
Trd, 8639411.979, 63
Trd, 8639412.046, 64
Trd, 8639412.279, 122
Trd, 8639413.746, 64
Trd, 8639414.679, 60
Trd, 8639414.846, 60
Trd, 8639414.912, 61
Trd, 8639415.312, 61
Trd, 8639415.979, 60
Trd, 8639416.046, 62
Trd, 8639416.279, 60
Trd, 8639416.746, 63
Trd, 8639417.012, 64
Trd, 8639417.212, 75
Trd, 8639417.779, 62
Trd, 8639418.212, 60
Trd, 8639419.112, 60
Trd, 8639419.846, 60
Trd, 8639420.146, 60
Trd, 8639420.512, 60
Trd, 8639421.279, 60
Trd, 8639421.679, 60
Trd, 8639422.046, 60
Trd, 8639422.279, 61
Trd, 8639422.679, 62
Trd, 8639422.746, 60
Trd, 8639423.379, 62
Trd, 8639423.612, 69
Trd, 8639424.646, 60
Trd, 8639424.812, 61
Trd, 8639425.046, 60
Trd, 8639426.279, 60
Trd, 8639426.379, 60
Trd, 8639427.112, 60
Trd, 8639427.479, 60
Trd, 8639428.079, 62
Trd, 8639428.179, 63
Trd, 8639428.346, 62
Trd, 8639428.846, 62
Trd, 8639428.979, 61
Trd, 8639429.012, 65
Trd, 8639429.146, 69
Trd, 8639429.379, 69
Trd, 8639429.746, 64
Trd, 8639430.312, 61
Trd, 8639430.412, 62
Trd, 8639430.446, 63
Trd, 8639431.379, 62
Trd, 8639431.579, 64
Trd, 8639433.046, 60
Trd, 8639433.746, 60
Trd, 8639433.812, 60
Trd, 8639434.146, 60
Trd, 8639434.212, 61
Trd, 8639434.546, 62
Trd, 8639435.179, 63
Trd, 8639435.346, 64
Trd, 8639436.279, 61
Trd, 8639436.946, 60
Trd, 8639437.612, 61
Trd, 8639437.646, 62
Trd, 8639439.112, 60
Trd, 8639439.412, 60
Trd, 8639439.746, 60
Trd, 8639440.179, 60
Trd, 8639440.679, 60
Trd, 8639441.179, 60
Trd, 8639441.479, 60
Trd, 8639441.912, 60
Trd, 8639442.079, 60
Trd, 8639442.679, 60
Trd, 8639443.312, 60
Trd, 8639444.012, 60
Trd, 8639444.246, 63
Trd, 8639444.446, 60
Trd, 8639445.279, 64
Trd, 8639445.312, 62
Trd, 8639445.512, 62
Trd, 8639445.679, 61
Trd, 8639446.246, 60
Trd, 8639447.079, 60
Trd, 8639447.579, 61
Trd, 8639447.846, 62
Trd, 8639448.079, 60
Trd, 8639448.779, 64
Trd, 8639448.946, 64
Trd, 8639449.312, 65
Trd, 8639449.446, 66
Trd, 8639449.579, 84
Trd, 8639450.312, 139
Trd, 8639450.412, 138
Trd, 8639450.846, 60
Trd, 8639451.579, 60
Trd, 8639452.212, 60
Trd, 8639452.812, 60
Trd, 8639452.979, 60
Trd, 8639453.446, 60
Trd, 8639454.579, 60
Trd, 8639454.679, 60
Trd, 8639454.879, 63
Trd, 8639456.246, 60
Trd, 8639456.412, 60
Trd, 8639456.646, 60
Trd, 8639456.679, 61
Trd, 8639456.746, 61
Trd, 8639456.879, 61
Trd, 8639457.246, 62
Trd, 8639457.912, 60
Trd, 8639458.046, 60
Trd, 8639458.812, 61
Trd, 8639459.379, 60
Trd, 8639459.846, 60
Trd, 8639459.879, 60
Trd, 8639460.579, 61
Trd, 8639460.812, 61
Trd, 8639461.779, 62
Trd, 8639461.846, 62
Trd, 8639463.012, 61
Trd, 8639463.246, 63
Trd, 8639463.512, 64
Trd, 8639463.712, 65
Trd, 8639464.312, 60
Trd, 8639465.812, 60
Trd, 8639466.379, 60
Trd, 8639466.579, 60
Trd, 8639467.212, 60
Trd, 8639467.512, 60
Trd, 8639467.679, 60
Trd, 8639467.912, 60
Trd, 8639467.979, 61
Trd, 8639468.579, 60
Trd, 8639468.846, 60
Trd, 8639468.979, 60
Trd, 8639469.346, 62
Trd, 8639469.979, 63
Trd, 8639470.046, 66
Trd, 8639470.446, 60
Trd, 8639470.779, 61
Trd, 8639471.579, 61
Trd, 8639471.679, 61
Trd, 8639471.912, 61
Trd, 8639472.446, 65
Trd, 8639472.812, 63
Trd, 8639472.879, 62
Trd, 8639473.346, 63
Trd, 8639473.646, 66
Trd, 8639473.912, 72
Trd, 8639473.946, 73
Trd, 8639474.446, 136
Trd, 8639475.512, 130
Trd, 8639475.712, 139
Trd, 8639476.946, 136
Trd, 8639477.412, 135
Trd, 8639477.646, 137
Trd, 8639477.679, 134
Trd, 8639477.779, 101
Trd, 8639477.879, 64
Trd, 8639478.312, 140
Trd, 8639479.346, 140
Trd, 8639479.646, 73
Trd, 8639479.912, 60
Trd, 8639480.612, 60
Trd, 8639481.379, 60
Trd, 8639481.712, 60
Trd, 8639481.879, 60
Trd, 8639482.246, 61
Trd, 8639482.346, 60
Trd, 8639483.579, 60
Trd, 8639484.079, 60
Trd, 8639484.446, 61
Trd, 8639484.779, 61
Trd, 8639484.879, 60
Trd, 8639485.046, 60
Trd, 8639485.612, 60
Trd, 8639486.179, 62
Trd, 8639486.346, 62
Trd, 8639486.612, 62
Trd, 8639486.712, 65
Trd, 8639486.746, 61
Trd, 8639487.346, 62
Trd, 8639487.512, 60
Trd, 8639488.479, 61
Trd, 8639488.779, 62
Trd, 8639489.212, 61
Trd, 8639490.079, 60
Trd, 8639490.412, 60
Trd, 8639491.546, 60
Trd, 8639491.946, 62
Trd, 8639492.546, 61
Trd, 8639492.746, 61
Trd, 8639493.079, 62
Trd, 8639493.479, 60
Trd, 8639493.646, 64
Trd, 8639494.112, 65
Trd, 8639494.279, 61
Trd, 8639494.512, 63
Trd, 8639495.412, 63
Trd, 8639496.079, 61
Trd, 8639496.112, 62
Trd, 8639496.679, 66
Trd, 8639496.746, 68
Trd, 8639497.279, 139
Trd, 8639497.379, 113
Trd, 8639498.246, 63
Trd, 8639498.312, 71
Trd, 8639498.679, 61
Trd, 8639499.312, 62
Trd, 8639499.746, 61
Trd, 8639499.779, 62
Trd, 8639500.112, 62
Trd, 8639500.312, 60
Trd, 8639500.446, 64
Trd, 8639500.612, 66
Trd, 8639501.479, 60
Trd, 8639502.212, 60
Trd, 8639502.312, 60
Trd, 8639502.379, 60
Trd, 8639504.746, 60
Trd, 8639504.879, 60
Trd, 8639505.446, 60
Trd, 8639505.646, 60
Trd, 8639505.712, 60
Trd, 8639505.779, 63
Trd, 8639505.879, 62
Trd, 8639506.012, 67
Trd, 8639506.146, 61
Trd, 8639506.479, 70
Trd, 8639506.512, 60
Trd, 8639506.912, 104
Trd, 8639507.146, 140
Trd, 8639507.612, 120
Trd, 8639508.546, 66
Trd, 8639509.312, 64
Trd, 8639510.546, 60
Trd, 8639510.579, 60
Trd, 8639510.779, 60
Trd, 8639510.912, 66
Trd, 8639511.579, 62
Trd, 8639511.612, 67
Trd, 8639511.979, 62
Trd, 8639512.212, 67
Trd, 8639512.746, 63
Trd, 8639512.979, 64
Trd, 8639513.012, 62
Trd, 8639513.312, 61
Trd, 8639513.679, 140
Trd, 8639514.146, 138
Trd, 8639514.179, 138
Trd, 8639514.579, 60
Trd, 8639515.079, 63
Trd, 8639515.446, 61
Trd, 8639515.912, 61
Trd, 8639516.279, 60
Trd, 8639516.812, 62
Trd, 8639517.779, 60
Trd, 8639518.046, 61
Trd, 8639519.246, 60
Trd, 8639519.512, 60
Trd, 8639520.446, 60
Trd, 8639520.612, 60
Trd, 8639521.146, 60
Trd, 8639521.979, 60
Trd, 8639522.146, 60
Trd, 8639522.879, 61
Trd, 8639522.979, 62
Trd, 8639523.479, 63
Trd, 8639523.646, 61
Trd, 8639523.912, 62
Trd, 8639523.946, 61
Trd, 8639524.079, 60
Trd, 8639524.379, 62
Trd, 8639525.079, 62
Trd, 8639525.379, 60
Trd, 8639525.612, 61
Trd, 8639526.046, 61
Trd, 8639526.512, 60
Trd, 8639526.646, 62
Trd, 8639527.012, 61
Trd, 8639527.546, 64
Trd, 8639528.146, 60
Trd, 8639529.212, 61
Trd, 8639529.712, 61
Trd, 8639530.412, 60
Trd, 8639530.512, 60
Trd, 8639530.812, 62
Trd, 8639532.146, 60
Trd, 8639532.279, 60
Trd, 8639532.679, 60
Trd, 8639532.779, 61
Trd, 8639533.012, 60
Trd, 8639533.246, 60
Trd, 8639534.712, 60
Trd, 8639535.046, 60
Trd, 8639535.212, 60
Trd, 8639535.279, 60
Trd, 8639535.879, 61
Trd, 8639536.179, 60
Trd, 8639536.846, 60
Trd, 8639537.246, 62
Trd, 8639537.346, 63
Trd, 8639537.912, 61
Trd, 8639538.212, 64
Trd, 8639538.246, 62
Trd, 8639538.746, 62
Trd, 8639538.879, 65
Trd, 8639538.912, 63
Trd, 8639538.946, 66
Trd, 8639539.012, 68
Trd, 8639539.079, 60
Trd, 8639539.612, 61
Trd, 8639539.746, 60
Trd, 8639540.046, 61
Trd, 8639540.212, 62
Trd, 8639541.479, 60
Trd, 8639541.646, 60
Trd, 8639542.412, 60
Trd, 8639542.846, 61
Trd, 8639543.979, 60
Trd, 8639545.879, 60
Trd, 8639546.112, 60
Trd, 8639546.446, 60
Trd, 8639546.512, 61
Trd, 8639546.646, 61
Trd, 8639546.812, 61
Trd, 8639546.846, 62
Trd, 8639546.912, 62
Trd, 8639547.279, 61
Trd, 8639547.779, 60
Trd, 8639547.979, 60
Trd, 8639548.612, 61
Trd, 8639548.646, 67
Trd, 8639549.112, 60
Trd, 8639549.179, 60
Trd, 8639549.212, 64
Trd, 8639549.779, 62
Trd, 8639550.046, 140
Trd, 8639551.279, 140
Trd, 8639551.746, 137
Trd, 8639551.846, 136
Trd, 8639552.179, 75
Trd, 8639552.246, 74
Trd, 8639552.312, 69
Trd, 8639553.079, 140
Trd, 8639553.579, 140
Trd, 8639553.612, 139
Trd, 8639554.112, 109
Trd, 8639554.779, 140
Trd, 8639555.046, 140
Trd, 8639555.346, 140
Trd, 8639555.412, 137
Trd, 8639555.646, 134
Trd, 8639557.112, 60
Trd, 8639557.479, 60
Trd, 8639558.079, 61
Trd, 8639558.579, 63
Trd, 8639558.646, 71
Trd, 8639559.246, 61
Trd, 8639559.546, 62
Trd, 8639560.379, 60
Trd, 8639560.612, 60
Trd, 8639560.712, 60
Trd, 8639560.846, 60
Trd, 8639561.212, 61
Trd, 8639561.512, 63
Trd, 8639562.112, 60
Trd, 8639562.646, 60
Trd, 8639562.779, 62
Trd, 8639563.179, 60
Trd, 8639563.712, 60
Trd, 8639563.879, 60
Trd, 8639564.312, 63
Trd, 8639564.412, 64
Trd, 8639564.846, 65
Trd, 8639565.112, 63
Trd, 8639566.879, 60
Trd, 8639567.112, 61
Trd, 8639567.312, 62
Trd, 8639567.746, 60
Trd, 8639568.379, 60
Trd, 8639568.512, 61
Trd, 8639569.146, 60
Trd, 8639569.346, 60
Trd, 8639571.112, 60
Trd, 8639571.212, 60
Trd, 8639571.512, 60
Trd, 8639571.712, 61
Trd, 8639572.446, 60
Trd, 8639572.579, 60
Trd, 8639572.646, 61
Trd, 8639572.879, 66
Trd, 8639573.412, 65
Trd, 8639573.512, 82
Trd, 8639573.712, 64
Trd, 8639574.212, 74
Trd, 8639574.446, 68
Trd, 8639575.079, 63
Trd, 8639575.146, 63
Trd, 8639575.312, 61
Trd, 8639575.779, 60
Trd, 8639576.046, 61
Trd, 8639576.646, 61
Trd, 8639578.046, 60
Trd, 8639578.179, 60
Trd, 8639578.679, 60
Trd, 8639579.146, 60
Trd, 8639580.512, 60
Trd, 8639580.879, 60
Trd, 8639580.979, 60
Trd, 8639582.679, 60
Trd, 8639582.746, 60
Trd, 8639583.646, 60
Trd, 8639583.679, 60
Trd, 8639584.246, 60
Trd, 8639585.179, 60
Trd, 8639586.046, 60
Trd, 8639586.079, 60
Trd, 8639586.146, 60
Trd, 8639586.546, 60
Trd, 8639587.146, 61
Trd, 8639587.379, 61
Trd, 8639587.912, 60
Trd, 8639588.312, 60
Trd, 8639588.546, 60
Trd, 8639589.079, 60
Trd, 8639589.279, 61
Trd, 8639589.379, 61
Trd, 8639589.512, 63
Trd, 8639589.846, 61
Trd, 8639590.379, 61
Trd, 8639590.412, 63
Trd, 8639591.012, 60
Trd, 8639591.146, 61
Trd, 8639591.379, 62
Trd, 8639591.746, 60
Trd, 8639591.979, 63
Trd, 8639592.479, 60
Trd, 8639593.046, 61
Trd, 8639593.179, 67
Trd, 8639593.379, 95
Trd, 8639593.879, 61
Trd, 8639594.312, 140
Trd, 8639594.579, 64
Trd, 8639594.779, 66
Trd, 8639596.046, 62
Trd, 8639596.279, 60
Trd, 8639596.412, 60
Trd, 8639596.879, 64
Trd, 8639597.279, 140
Trd, 8639597.312, 61
Trd, 8639597.546, 67
Trd, 8639597.946, 61
Trd, 8639598.179, 67
Trd, 8639598.346, 61
Trd, 8639598.779, 139
Trd, 8639599.012, 139
Trd, 8639601.212, 60
Trd, 8639601.479, 60
Trd, 8639601.712, 60
Trd, 8639601.979, 61
Trd, 8639602.412, 61
Trd, 8639602.479, 61
Trd, 8639602.546, 65
Trd, 8639603.146, 66
Trd, 8639603.346, 67
Trd, 8639603.546, 69
Trd, 8639603.846, 64
Trd, 8639604.012, 65
Trd, 8639605.512, 139
Trd, 8639605.646, 133
Trd, 8639605.846, 140
Trd, 8639605.912, 103
Trd, 8639606.512, 62
Trd, 8639606.612, 67
Trd, 8639606.646, 71
Trd, 8639608.212, 60
Trd, 8639608.312, 62
Trd, 8639608.579, 60
Trd, 8639608.612, 63
Trd, 8639609.046, 67
Trd, 8639609.146, 68
Trd, 8639609.579, 66
Trd, 8639610.146, 65
Trd, 8639610.179, 66
Trd, 8639610.579, 64
Trd, 8639611.612, 61
Trd, 8639612.179, 139
Trd, 8639613.279, 60
Trd, 8639613.546, 60
Trd, 8639613.579, 61
Trd, 8639613.612, 63
Trd, 8639614.646, 60
Trd, 8639614.912, 60
Trd, 8639615.312, 61
Trd, 8639615.446, 61
Trd, 8639616.512, 60
Trd, 8639617.112, 61
Trd, 8639617.446, 62
Trd, 8639617.846, 62
Trd, 8639618.579, 60
Trd, 8639618.646, 62
Trd, 8639619.446, 62
Trd, 8639619.712, 61
Trd, 8639619.912, 61
Trd, 8639619.979, 64
Trd, 8639620.179, 61
Trd, 8639620.279, 64
Trd, 8639620.679, 61
Trd, 8639620.812, 65
Trd, 8639621.246, 63
Trd, 8639621.512, 67
Trd, 8639621.679, 62
Trd, 8639622.346, 63
Trd, 8639622.746, 76
Trd, 8639623.112, 139
Trd, 8639623.412, 62
Trd, 8639623.979, 62
Trd, 8639624.279, 62
Trd, 8639624.579, 63
Trd, 8639625.512, 61
Trd, 8639626.146, 60
Trd, 8639626.512, 60
Trd, 8639626.612, 60
Trd, 8639626.779, 60
Trd, 8639626.912, 60
Trd, 8639627.379, 60
Trd, 8639627.479, 60
Trd, 8639627.712, 64
Trd, 8639627.846, 139
Trd, 8639628.479, 67
Trd, 8639629.712, 139
Trd, 8639629.812, 128
Trd, 8639629.912, 126
Trd, 8639630.579, 140
Trd, 8639630.679, 62
Trd, 8639630.879, 139
Trd, 8639631.846, 140
Trd, 8639631.879, 140
Trd, 8639632.479, 70
Trd, 8639633.012, 139
Trd, 8639633.712, 139
Trd, 8639633.779, 137
Trd, 8639633.979, 138
Trd, 8639634.546, 139
Trd, 8639635.012, 137
Trd, 8639635.079, 90
Trd, 8639635.546, 139
Trd, 8639635.679, 138
Trd, 8639636.146, 66
Trd, 8639637.512, 140
Trd, 8639637.546, 140
Trd, 8639637.779, 140
Trd, 8639638.679, 140
Trd, 8639638.979, 140
Trd, 8639639.679, 140
Trd, 8639640.212, 140
Trd, 8639640.246, 140
Trd, 8639640.879, 140
Trd, 8639641.179, 139
Trd, 8639641.579, 139
Trd, 8639642.246, 138
Trd, 8639642.279, 136
Trd, 8639642.412, 140
Trd, 8639643.146, 140
Trd, 8639644.112, 140
Trd, 8639644.312, 140
Trd, 8639645.079, 140
Trd, 8639645.112, 140
Trd, 8639645.146, 140
Trd, 8639645.512, 139
Trd, 8639646.446, 140
Trd, 8639646.612, 139
Trd, 8639647.512, 135
Trd, 8639647.579, 83
Trd, 8639648.012, 97
Trd, 8639648.479, 140
Trd, 8639648.746, 111
Trd, 8639648.946, 111
Trd, 8639648.979, 109
Trd, 8639650.246, 140
Trd, 8639650.512, 140
Trd, 8639650.746, 140
Trd, 8639651.346, 140
Trd, 8639651.579, 140
Trd, 8639652.112, 140
Trd, 8639652.179, 140
Trd, 8639652.946, 140
Trd, 8639653.946, 140
Trd, 8639654.279, 140
Trd, 8639654.746, 140
Trd, 8639655.812, 140
Trd, 8639656.012, 140
Trd, 8639656.146, 140
Trd, 8639656.212, 140
Trd, 8639657.179, 140
Trd, 8639657.446, 140
Trd, 8639658.079, 139
Trd, 8639658.112, 137
Trd, 8639658.179, 133
Trd, 8639658.579, 124
Trd, 8639658.979, 98
Trd, 8639659.212, 98
Trd, 8639659.512, 113
Trd, 8639660.046, 66
Trd, 8639660.546, 140
Trd, 8639661.479, 140
Trd, 8639661.812, 140
Trd, 8639661.946, 140
Trd, 8639662.446, 140
Trd, 8639663.112, 140
Trd, 8639663.312, 140
Trd, 8639663.846, 140
Trd, 8639664.812, 140
Trd, 8639664.979, 140
Trd, 8639665.679, 140
Trd, 8639665.779, 139
Trd, 8639665.846, 138
Trd, 8639666.146, 140
Trd, 8639666.512, 140
Trd, 8639666.779, 140
Trd, 8639667.546, 140
Trd, 8639667.846, 92
Trd, 8639668.079, 60
Trd, 8639668.612, 63
Trd, 8639668.679, 64
Trd, 8639669.046, 65
Trd, 8639669.879, 61
Trd, 8639669.979, 62
Trd, 8639670.646, 60
Trd, 8639670.846, 64
Trd, 8639671.746, 60
Trd, 8639671.946, 60
Trd, 8639672.112, 61
Trd, 8639672.179, 62
Trd, 8639672.912, 61
Trd, 8639673.079, 64
Trd, 8639673.846, 62
Trd, 8639674.146, 63
Trd, 8639674.446, 70
Trd, 8639674.712, 60
Trd, 8639675.012, 62
Trd, 8639675.712, 63
Trd, 8639675.946, 61
Trd, 8639676.412, 62
Trd, 8639676.679, 63
Trd, 8639677.412, 67
Trd, 8639677.579, 65
Trd, 8639677.912, 67
Trd, 8639677.979, 68
Trd, 8639678.379, 64
Trd, 8639678.646, 65
Trd, 8639678.712, 66
Trd, 8639679.212, 89
Trd, 8639679.612, 63
Trd, 8639679.779, 62
Trd, 8639680.479, 60
Trd, 8639681.146, 64
Trd, 8639681.812, 62
Trd, 8639681.946, 60
Trd, 8639682.479, 62
Trd, 8639682.579, 63
Trd, 8639682.846, 60
Trd, 8639682.912, 61
Trd, 8639683.146, 63
Trd, 8639683.246, 65
Trd, 8639684.112, 69
Trd, 8639684.312, 73
Trd, 8639684.546, 64
Trd, 8639684.646, 62
Trd, 8639685.312, 60
Trd, 8639685.646, 67
Trd, 8639687.046, 140
Trd, 8639687.212, 140
Trd, 8639687.946, 140
Trd, 8639688.179, 140
Trd, 8639688.246, 140
Trd, 8639688.712, 139
Trd, 8639689.046, 137
Trd, 8639689.246, 140
Trd, 8639689.412, 140
Trd, 8639689.746, 132
Trd, 8639690.146, 61
Trd, 8639690.479, 61
Trd, 8639691.746, 60
Trd, 8639692.046, 60
Trd, 8639692.146, 61
Trd, 8639692.779, 60
Trd, 8639694.146, 60
Trd, 8639694.646, 60
Trd, 8639694.846, 60
Trd, 8639695.012, 60
Trd, 8639695.412, 60
Trd, 8639695.579, 61
Trd, 8639696.346, 60
Trd, 8639697.479, 60
Trd, 8639697.912, 60
Trd, 8639697.946, 60
Trd, 8639698.612, 60
Trd, 8639698.646, 61
Trd, 8639698.946, 60
Trd, 8639699.012, 64
Trd, 8639699.212, 64
Trd, 8639699.946, 60
Trd, 8639700.446, 60
Trd, 8639701.346, 60
Trd, 8639701.579, 61
Trd, 8639702.179, 60
Trd, 8639702.312, 60
Trd, 8639703.179, 60
Trd, 8639703.579, 60
Trd, 8639703.646, 60
Trd, 8639704.246, 60
Trd, 8639704.279, 62
Trd, 8639704.612, 67
Trd, 8639705.346, 62
Trd, 8639706.179, 60
Trd, 8639706.579, 61
Trd, 8639707.179, 63
Trd, 8639707.246, 63
Trd, 8639707.812, 63
Trd, 8639708.346, 60
Trd, 8639708.412, 61
Trd, 8639708.646, 64
Trd, 8639708.679, 60
Trd, 8639709.146, 62
Trd, 8639709.579, 61
Trd, 8639709.612, 62
Trd, 8639710.379, 61
Trd, 8639710.679, 61
Trd, 8639711.679, 61
Trd, 8639712.812, 60
Trd, 8639713.679, 60
Trd, 8639713.779, 61
Trd, 8639713.879, 61
Trd, 8639714.112, 62
Trd, 8639714.179, 60
Trd, 8639714.246, 62
Trd, 8639715.012, 63
Trd, 8639715.746, 62
Trd, 8639715.779, 62
Trd, 8639715.912, 63
Trd, 8639715.946, 64
Trd, 8639716.312, 65
Trd, 8639716.612, 61
Trd, 8639717.746, 60
Trd, 8639718.012, 60
Trd, 8639718.346, 60
Trd, 8639718.479, 60
Trd, 8639718.579, 61
Trd, 8639719.246, 60
Trd, 8639720.746, 60
Trd, 8639721.446, 61
Trd, 8639721.512, 61
Trd, 8639722.612, 60
Trd, 8639722.846, 60
Trd, 8639722.879, 60
Trd, 8639723.312, 60
Trd, 8639723.612, 60
Trd, 8639723.746, 60
Trd, 8639724.179, 61
Trd, 8639724.346, 63
Trd, 8639724.646, 68
Trd, 8639724.712, 71
Trd, 8639724.746, 63
Trd, 8639725.446, 61
Trd, 8639726.412, 60
Trd, 8639726.579, 66
Trd, 8639727.312, 61
Trd, 8639727.679, 61
Trd, 8639728.779, 60
Trd, 8639728.946, 61
Trd, 8639728.979, 61
Trd, 8639731.112, 60
Trd, 8639731.412, 60
Trd, 8639731.846, 60
Trd, 8639732.079, 61
Trd, 8639733.179, 60
Trd, 8639733.512, 60
Trd, 8639733.579, 60
Trd, 8639734.146, 60
Trd, 8639734.612, 61
Trd, 8639734.779, 61
Trd, 8639734.979, 64
Trd, 8639735.546, 64
Trd, 8639736.146, 62
Trd, 8639736.179, 61
Trd, 8639736.379, 63
Trd, 8639737.246, 60
Trd, 8639737.312, 60
Trd, 8639737.979, 60
Trd, 8639738.646, 61
Trd, 8639738.746, 62
Trd, 8639739.046, 62
Trd, 8639739.279, 64
Trd, 8639739.679, 61
Trd, 8639739.712, 66
Trd, 8639739.779, 67
Trd, 8639740.279, 65
Trd, 8639740.779, 61
Trd, 8639741.012, 60
Trd, 8639741.346, 61
Trd, 8639742.012, 61
Trd, 8639742.246, 61
Trd, 8639742.579, 61
Trd, 8639743.546, 62
Trd, 8639743.612, 64
Trd, 8639743.712, 66
Trd, 8639744.246, 61
Trd, 8639745.346, 60
Trd, 8639745.646, 60
Trd, 8639745.779, 60
Trd, 8639746.246, 60
Trd, 8639746.379, 60
Trd, 8639747.046, 60
Trd, 8639748.112, 60
Trd, 8639748.412, 60
Trd, 8639749.246, 60
Trd, 8639749.579, 61
Trd, 8639750.479, 60
Trd, 8639750.512, 62
Trd, 8639750.546, 62
Trd, 8639751.146, 63
Trd, 8639751.446, 61
Trd, 8639751.779, 61
Trd, 8639751.979, 60
Trd, 8639752.012, 63
Trd, 8639752.246, 64
Trd, 8639752.979, 61
Trd, 8639753.112, 62
Trd, 8639753.646, 65
Trd, 8639753.812, 68
Trd, 8639754.012, 80
Trd, 8639754.546, 99
Trd, 8639755.279, 140
Trd, 8639755.546, 140
Trd, 8639756.579, 140
Trd, 8639756.712, 140
Trd, 8639757.012, 140
Trd, 8639757.212, 140
Trd, 8639758.079, 140
Trd, 8639758.512, 140
Trd, 8639759.312, 140
Trd, 8639759.479, 140
Trd, 8639759.879, 139
Trd, 8639760.512, 139
Trd, 8639760.812, 140
Trd, 8639760.979, 140
Trd, 8639761.179, 140
Trd, 8639761.912, 139
Trd, 8639762.412, 138
Trd, 8639762.512, 87
Trd, 8639762.646, 64
Trd, 8639763.479, 138
Trd, 8639763.779, 68
Trd, 8639764.779, 113
Trd, 8639765.179, 140
Trd, 8639765.512, 140
Trd, 8639765.746, 140
Trd, 8639765.812, 140
Trd, 8639766.912, 140
Trd, 8639767.146, 140
Trd, 8639767.512, 140
Trd, 8639767.746, 140
Trd, 8639768.312, 140
Trd, 8639768.712, 139
Trd, 8639769.979, 139
Trd, 8639770.012, 139
Trd, 8639770.912, 140
Trd, 8639770.946, 139
Trd, 8639771.012, 139
Trd, 8639771.646, 140
Trd, 8639771.846, 140
Trd, 8639772.579, 140
Trd, 8639773.212, 140
Trd, 8639773.279, 140
Trd, 8639773.812, 140
Trd, 8639774.412, 140
Trd, 8639774.446, 139
Trd, 8639775.446, 139
Trd, 8639775.712, 139
Trd, 8639776.312, 140
Trd, 8639776.679, 140
Trd, 8639777.446, 140
Trd, 8639778.079, 140
Trd, 8639778.812, 140
Trd, 8639778.879, 140
Trd, 8639779.112, 140
Trd, 8639779.846, 140
Trd, 8639780.446, 140
Trd, 8639780.746, 140
Trd, 8639781.779, 140
Trd, 8639781.979, 140
Trd, 8639782.479, 140
Trd, 8639782.546, 140
Trd, 8639782.646, 140
Trd, 8639782.812, 76
Trd, 8639784.012, 140
Trd, 8639784.379, 140
Trd, 8639785.412, 140
Trd, 8639785.712, 140
Trd, 8639786.112, 140
Trd, 8639786.312, 140
Trd, 8639786.512, 140
Trd, 8639787.312, 140
Trd, 8639787.746, 138
Trd, 8639787.846, 136
Trd, 8639788.979, 140
Trd, 8639789.279, 140
Trd, 8639789.346, 132
Trd, 8639789.512, 130
Trd, 8639790.646, 140
Trd, 8639790.946, 140
Trd, 8639791.446, 140
Trd, 8639791.512, 140
Trd, 8639791.546, 139
Trd, 8639792.412, 140
Trd, 8639792.812, 140
Trd, 8639792.879, 140
Trd, 8639793.979, 140
Trd, 8639794.146, 140
Trd, 8639794.179, 139
Trd, 8639794.979, 140
Trd, 8639795.212, 130
Trd, 8639795.446, 138
Trd, 8639796.579, 140
Trd, 8639796.746, 137
Trd, 8639796.879, 137
Trd, 8639797.212, 140
Trd, 8639798.446, 140
Trd, 8639798.712, 140
Trd, 8639799.346, 140
Trd, 8639799.546, 118
Trd, 8639800.146, 140
Trd, 8639800.279, 108
Trd, 8639800.412, 89
Trd, 8639801.879, 67
Trd, 8639802.246, 65
Trd, 8639802.279, 68
Trd, 8639802.379, 67
Trd, 8639802.412, 68
Trd, 8639802.446, 64
Trd, 8639802.746, 108
Trd, 8639803.446, 64
Trd, 8639803.846, 62
Trd, 8639804.212, 65
Trd, 8639804.912, 65
Trd, 8639805.246, 62
Trd, 8639805.846, 60
Trd, 8639805.879, 74
Trd, 8639806.112, 61
Trd, 8639806.812, 72
Trd, 8639806.846, 73
Trd, 8639807.346, 65
Trd, 8639807.679, 65
Trd, 8639808.179, 63
Trd, 8639808.312, 63
Trd, 8639808.346, 75
Trd, 8639809.212, 60
Trd, 8639810.146, 60
Trd, 8639810.779, 60
Trd, 8639811.646, 62
Trd, 8639811.712, 61
Trd, 8639811.979, 66
Trd, 8639812.746, 60
Trd, 8639812.979, 60
Trd, 8639814.112, 60
Trd, 8639814.446, 62
Trd, 8639814.679, 65
Trd, 8639814.779, 66
Trd, 8639814.812, 68
Trd, 8639815.412, 68
Trd, 8639815.446, 66
Trd, 8639815.612, 75
Trd, 8639816.279, 61
Trd, 8639817.179, 60
Trd, 8639817.746, 60
Trd, 8639818.212, 60
Trd, 8639819.412, 60
Trd, 8639819.512, 61
Trd, 8639819.812, 61
Trd, 8639819.846, 62
Trd, 8639820.012, 64
Trd, 8639821.712, 60
Trd, 8639822.279, 60
Trd, 8639822.612, 61
Trd, 8639822.746, 62
Trd, 8639823.146, 64
Trd, 8639823.179, 64
Trd, 8639823.912, 60
Trd, 8639824.579, 60
Trd, 8639824.846, 60
Trd, 8639824.979, 60
Trd, 8639825.212, 60
Trd, 8639825.379, 62
Trd, 8639825.446, 61
Trd, 8639825.746, 67
Trd, 8639826.212, 67
Trd, 8639826.479, 60
Trd, 8639826.946, 61
Trd, 8639826.979, 63
Trd, 8639827.712, 64
Trd, 8639827.812, 60
Trd, 8639827.879, 60
Trd, 8639828.812, 60
Trd, 8639829.479, 60
Trd, 8639830.079, 60
Trd, 8639830.179, 60
Trd, 8639830.546, 61
Trd, 8639831.046, 60
Trd, 8639832.846, 60
Trd, 8639833.012, 60
Trd, 8639834.446, 60
Trd, 8639834.579, 60
Trd, 8639835.146, 60
Trd, 8639835.179, 61
Trd, 8639835.646, 61
Trd, 8639835.679, 61
Trd, 8639835.779, 61
Trd, 8639836.846, 60
Trd, 8639836.946, 60
Trd, 8639837.146, 61
Trd, 8639837.179, 62
Trd, 8639837.546, 62
Trd, 8639837.679, 63
Trd, 8639837.946, 60
Trd, 8639838.212, 60
Trd, 8639838.512, 60
Trd, 8639839.146, 61
Trd, 8639839.546, 60
Trd, 8639839.646, 63
Trd, 8639840.646, 60
Trd, 8639840.812, 60
Trd, 8639841.846, 61
Trd, 8639842.079, 63
Trd, 8639842.379, 61
Trd, 8639842.646, 61
Trd, 8639843.512, 60
Trd, 8639845.212, 63
Trd, 8639845.379, 61
Trd, 8639845.546, 61
Trd, 8639846.712, 60
Trd, 8639846.812, 60
Trd, 8639846.846, 60
Trd, 8639846.879, 61
Trd, 8639846.912, 62
Trd, 8639847.379, 60
Trd, 8639847.579, 60
Trd, 8639847.712, 60
Trd, 8639847.879, 60
Trd, 8639848.179, 62
Trd, 8639848.779, 123
Trd, 8639848.879, 140
Trd, 8639849.146, 139
Trd, 8639849.912, 139
Trd, 8639850.612, 62
Trd, 8639851.312, 61
Trd, 8639851.546, 63
Trd, 8639851.646, 65
Trd, 8639853.346, 60
Trd, 8639853.779, 60
Trd, 8639853.946, 60
Trd, 8639854.279, 62
Trd, 8639854.779, 60
Trd, 8639855.512, 61
Trd, 8639855.646, 63
Trd, 8639855.746, 63
Trd, 8639856.812, 60
Trd, 8639857.779, 60
Trd, 8639857.846, 60
Trd, 8639858.046, 60
Trd, 8639858.612, 60
Trd, 8639858.979, 60
Trd, 8639859.012, 60
Trd, 8639859.246, 65
Trd, 8639859.546, 60
Trd, 8639860.079, 60
Trd, 8639860.312, 60
Trd, 8639860.712, 60
Trd, 8639861.279, 60
Trd, 8639861.512, 61
Trd, 8639861.546, 61
Trd, 8639862.079, 60
Trd, 8639863.379, 61
Trd, 8639864.079, 60
Trd, 8639864.246, 61
Trd, 8639864.512, 60
Trd, 8639866.512, 60
Trd, 8639866.846, 60
Trd, 8639867.012, 60
Trd, 8639867.412, 60
Trd, 8639867.746, 61
Trd, 8639868.212, 60
Trd, 8639868.346, 62
Trd, 8639868.746, 60
Trd, 8639869.012, 61
Trd, 8639869.079, 61
Trd, 8639869.679, 60
Trd, 8639869.912, 61
Trd, 8639870.379, 63
Trd, 8639870.612, 60
Trd, 8639871.212, 61
Trd, 8639871.479, 60
Trd, 8639871.912, 67
Trd, 8639872.412, 62
Trd, 8639872.779, 60
Trd, 8639872.946, 61
Trd, 8639872.979, 69
Trd, 8639873.312, 140
Trd, 8639873.546, 140
Trd, 8639874.246, 140
Trd, 8639874.446, 139
Trd, 8639874.812, 139
Trd, 8639875.112, 140
Trd, 8639875.612, 140
Trd, 8639875.746, 140
Trd, 8639875.879, 139
Trd, 8639876.479, 140
Trd, 8639876.846, 140
Trd, 8639877.346, 60
Trd, 8639877.612, 60
Trd, 8639877.846, 66
Trd, 8639878.146, 61
Trd, 8639878.346, 62
Trd, 8639879.512, 60
Trd, 8639879.979, 60
Trd, 8639880.712, 61
Trd, 8639881.446, 60
Trd, 8639882.679, 60
Trd, 8639882.879, 60
Trd, 8639883.212, 60
Trd, 8639883.679, 60
Trd, 8639883.879, 60
Trd, 8639883.946, 61
Trd, 8639883.979, 63
Trd, 8639884.479, 64
Trd, 8639884.679, 62
Trd, 8639884.746, 66
Trd, 8639884.979, 61
Trd, 8639885.746, 63
Trd, 8639885.912, 63
Trd, 8639886.346, 60
Trd, 8639887.012, 60
Trd, 8639887.479, 61
Trd, 8639887.612, 61
Trd, 8639887.879, 61
Trd, 8639888.379, 61
Trd, 8639888.479, 63
Trd, 8639889.179, 62
Trd, 8639889.246, 64
Trd, 8639889.346, 61
Trd, 8639890.246, 139
Trd, 8639890.346, 139
Trd, 8639891.179, 69
Trd, 8639891.612, 68
Trd, 8639891.846, 62
Trd, 8639892.946, 61
Trd, 8639893.079, 63
Trd, 8639893.479, 64
Trd, 8639893.646, 64
Trd, 8639893.779, 65
Trd, 8639894.312, 65
Trd, 8639894.479, 70
Trd, 8639894.612, 71
Trd, 8639894.746, 64
Trd, 8639895.579, 140
Trd, 8639895.779, 140
Trd, 8639896.146, 140
Trd, 8639897.212, 137
Trd, 8639897.412, 97
Trd, 8639898.146, 140
Trd, 8639898.379, 140
Trd, 8639898.679, 140
Trd, 8639899.279, 140
Trd, 8639899.546, 140
Trd, 8639900.146, 139
Trd, 8639900.612, 139
Trd, 8639900.846, 139
Trd, 8639900.946, 137
Trd, 8639901.246, 124
Trd, 8639901.979, 140
Trd, 8639902.212, 126
Trd, 8639902.779, 137
Trd, 8639903.412, 140
Trd, 8639903.579, 134
Trd, 8639904.512, 140
Trd, 8639904.546, 124
Trd, 8639904.912, 139
Trd, 8639905.379, 75
Trd, 8639905.579, 140
Trd, 8639905.979, 140
Trd, 8639907.512, 140
Trd, 8639907.846, 139
Trd, 8639907.879, 138
Trd, 8639908.179, 138
Trd, 8639908.746, 61
Trd, 8639909.012, 88
Trd, 8639909.112, 63
Trd, 8639909.946, 62
Trd, 8639909.979, 63
Trd, 8639911.012, 62
Trd, 8639911.346, 60
Trd, 8639911.746, 138
Trd, 8639911.779, 137
Trd, 8639912.412, 140
Trd, 8639913.112, 140
Trd, 8639913.379, 140
Trd, 8639913.912, 140
Trd, 8639914.079, 140
Trd, 8639914.212, 140
Trd, 8639914.912, 140
Trd, 8639915.079, 140
Trd, 8639915.679, 140
Trd, 8639915.812, 140
Trd, 8639916.079, 140
Trd, 8639916.279, 139
Trd, 8639916.679, 137
Trd, 8639917.679, 140
Trd, 8639917.712, 138
Trd, 8639918.512, 139
Trd, 8639918.946, 140
Trd, 8639918.979, 140
Trd, 8639920.179, 140
Trd, 8639920.412, 140
Trd, 8639921.212, 140
Trd, 8639921.246, 140
Trd, 8639921.512, 140
Trd, 8639922.712, 140
Trd, 8639922.946, 139
Trd, 8639923.179, 136
Trd, 8639923.512, 140
Trd, 8639924.546, 140
Trd, 8639924.912, 140
Trd, 8639925.079, 140
Trd, 8639925.846, 140
Trd, 8639925.946, 140
Trd, 8639926.846, 140
Trd, 8639926.946, 140
Trd, 8639927.046, 140
Trd, 8639927.612, 140
Trd, 8639927.879, 140
Trd, 8639927.946, 139
Trd, 8639928.212, 67
Trd, 8639928.479, 138
Trd, 8639928.712, 127
Trd, 8639931.246, 62
Trd, 8639931.346, 62
Trd, 8639931.479, 60
Trd, 8639931.846, 61
Trd, 8639931.879, 62
Trd, 8639932.279, 61
Trd, 8639932.346, 62
Trd, 8639932.379, 73
Trd, 8639932.512, 140
Trd, 8639932.946, 61
Trd, 8639933.079, 66
Trd, 8639934.079, 60
Trd, 8639934.179, 71
Trd, 8639934.412, 64
Trd, 8639935.379, 62
Trd, 8639935.879, 61
Trd, 8639936.112, 61
Trd, 8639936.379, 65
Trd, 8639936.779, 64
Trd, 8639937.079, 63
Trd, 8639937.246, 138
Trd, 8639937.679, 113
Trd, 8639937.879, 60
Trd, 8639938.112, 66
Trd, 8639939.279, 68
Trd, 8639939.646, 140
Trd, 8639939.746, 140
Trd, 8639940.412, 139
Trd, 8639940.546, 120
Trd, 8639941.512, 140
Trd, 8639941.646, 138
Trd, 8639942.712, 60
Trd, 8639943.412, 61
Trd, 8639944.512, 60
Trd, 8639944.579, 60
Trd, 8639944.912, 60
Trd, 8639945.312, 60
Trd, 8639945.846, 62
Trd, 8639945.879, 63
Trd, 8639946.246, 61
Trd, 8639946.612, 60
Trd, 8639946.646, 62
Trd, 8639947.012, 62
Trd, 8639947.479, 63
Trd, 8639947.612, 63
Trd, 8639947.746, 63
Trd, 8639947.779, 62
Trd, 8639949.012, 61
Trd, 8639949.712, 61
Trd, 8639949.846, 62
Trd, 8639950.179, 62
Trd, 8639950.312, 63
Trd, 8639950.446, 62
Trd, 8639950.812, 74
Trd, 8639951.179, 60
Trd, 8639951.379, 67
Trd, 8639952.579, 60
Trd, 8639953.346, 60
Trd, 8639953.746, 60
Trd, 8639954.046, 60
Trd, 8639954.112, 60
Trd, 8639954.512, 60
Trd, 8639954.879, 61
Trd, 8639955.446, 61
Trd, 8639955.712, 61
Trd, 8639955.746, 62
Trd, 8639956.079, 62
Trd, 8639956.312, 60
Trd, 8639956.846, 60
Trd, 8639958.779, 60
Trd, 8639959.146, 60
Trd, 8639959.212, 64
Trd, 8639959.379, 65
Trd, 8639959.912, 61
Trd, 8639960.646, 60
Trd, 8639961.312, 61
Trd, 8639961.379, 60
Trd, 8639961.779, 61
Trd, 8639962.212, 61
Trd, 8639962.246, 61
Trd, 8639962.479, 61
Trd, 8639962.512, 61
Trd, 8639963.046, 60
Trd, 8639963.446, 63
Trd, 8639963.612, 65
Trd, 8639964.246, 140
Trd, 8639964.279, 140
Trd, 8639964.546, 139
Trd, 8639964.946, 139
Trd, 8639965.712, 139
Trd, 8639965.946, 138
Trd, 8639966.812, 140
Trd, 8639966.979, 138
Trd, 8639967.146, 140
Trd, 8639967.246, 140
Trd, 8639967.812, 60
Trd, 8639968.579, 60
Trd, 8639970.079, 60
Trd, 8639970.246, 60
Trd, 8639970.512, 60
Trd, 8639970.712, 63
Trd, 8639971.079, 66
Trd, 8639971.446, 63
Trd, 8639971.746, 64
Trd, 8639971.846, 68
Trd, 8639971.946, 62
Trd, 8639972.279, 65
Trd, 8639972.746, 64
Trd, 8639973.712, 60
Trd, 8639974.746, 60
Trd, 8639975.012, 60
Trd, 8639975.212, 60
Trd, 8639975.379, 63
Trd, 8639975.512, 64
Trd, 8639976.646, 60
Trd, 8639977.446, 60
Trd, 8639977.879, 60
Trd, 8639978.112, 60
Trd, 8639978.479, 61
Trd, 8639978.546, 61
Trd, 8639978.746, 61
Trd, 8639978.846, 62
Trd, 8639979.012, 61
Trd, 8639979.346, 63
Trd, 8639979.779, 60
Trd, 8639980.046, 61
Trd, 8639980.612, 62
Trd, 8639980.712, 67
Trd, 8639980.846, 71
Trd, 8639981.912, 140
Trd, 8639982.779, 140
Trd, 8639982.912, 140
Trd, 8639983.146, 140
Trd, 8639983.279, 140
Trd, 8639983.479, 140
Trd, 8639983.512, 139
Trd, 8639984.079, 140
Trd, 8639984.279, 136
Trd, 8639985.146, 140
Trd, 8639985.946, 140
Trd, 8639986.446, 140
Trd, 8639986.646, 140
Trd, 8639987.079, 140
Trd, 8639987.912, 140
Trd, 8639987.979, 140
Trd, 8639988.046, 140
Trd, 8639988.279, 140
Trd, 8639988.379, 138
Trd, 8639988.679, 140
Trd, 8639989.712, 125
Trd, 8639989.812, 88
Trd, 8639990.479, 140
Trd, 8639990.879, 139
Trd, 8639991.979, 140
Trd, 8639992.146, 140
Trd, 8639992.179, 139
Trd, 8639992.846, 140
Trd, 8639993.212, 140
Trd, 8639993.779, 139
Trd, 8639993.812, 138
Trd, 8639995.279, 140
Trd, 8639995.546, 140
Trd, 8639996.179, 140
Trd, 8639996.279, 139
Trd, 8639996.346, 104
Trd, 8639996.812, 139
Trd, 8639997.412, 140
Trd, 8639997.446, 140
Trd, 8639997.846, 140
Trd, 8639999.212, 140
Trd, 8639999.546, 140
Trd, 8639999.679, 140
Trd, 8639999.912, 140
