Trd, 8638767.479, 116
Trd, 8638767.646, 120
Trd, 8638768.012, 123
Trd, 8638768.046, 110
Trd, 8638768.612, 125
Trd, 8638768.646, 107
Trd, 8638768.979, 116
Trd, 8638769.712, 106
Trd, 8638770.046, 106
Trd, 8638770.712, 133
Trd, 8638770.946, 102
Trd, 8638771.379, 132
Trd, 8638772.012, 121
Trd, 8638772.946, 115
Trd, 8638773.246, 105
Trd, 8638773.679, 104
Trd, 8638774.312, 139
Trd, 8638774.546, 133
Trd, 8638774.679, 105
Trd, 8638775.046, 95
Trd, 8638775.179, 113
Trd, 8638775.512, 87
Trd, 8638776.612, 102
Trd, 8638776.679, 114
Trd, 8638777.246, 65
Trd, 8638777.579, 74
Trd, 8638778.246, 70
Trd, 8638779.479, 124
Trd, 8638779.512, 119
Trd, 8638779.646, 109
Trd, 8638780.146, 103
Trd, 8638780.346, 95
Trd, 8638781.112, 87
Trd, 8638781.212, 80
Trd, 8638781.446, 79
Trd, 8638781.479, 116
Trd, 8638781.912, 112
Trd, 8638782.046, 79
Trd, 8638782.746, 125
Trd, 8638783.612, 123
Trd, 8638783.646, 122
Trd, 8638783.979, 124
Trd, 8638784.712, 117
Trd, 8638784.846, 89
Trd, 8638784.979, 127
Trd, 8638785.146, 116
Trd, 8638786.179, 129
Trd, 8638788.112, 131
Trd, 8638788.146, 120
Trd, 8638788.212, 119
Trd, 8638788.579, 110
Trd, 8638788.646, 100
Trd, 8638788.746, 97
Trd, 8638789.312, 72
Trd, 8638789.479, 111
Trd, 8638789.846, 91
Trd, 8638790.312, 117
Trd, 8638790.679, 63
Trd, 8638791.079, 102
Trd, 8638792.179, 105
Trd, 8638793.012, 124
Trd, 8638793.312, 115
Trd, 8638793.379, 98
Trd, 8638793.912, 94
Trd, 8638794.679, 128
Trd, 8638795.279, 115
Trd, 8638795.312, 84
Trd, 8638796.312, 93
Trd, 8638797.012, 81
Trd, 8638797.612, 76
Trd, 8638797.712, 118
Trd, 8638798.179, 128
Trd, 8638798.312, 120
Trd, 8638799.146, 117
Trd, 8638799.312, 102
Trd, 8638800.679, 112
Trd, 8638800.879, 120
Trd, 8638800.912, 102
Trd, 8638801.412, 139
Trd, 8638802.212, 98
Trd, 8638802.412, 97
Trd, 8638802.646, 138
Trd, 8638802.712, 104
Trd, 8638803.179, 94
Trd, 8638803.412, 94
Trd, 8638803.546, 78
Trd, 8638804.179, 133
Trd, 8638804.512, 84
Trd, 8638805.646, 130
Trd, 8638806.079, 139
Trd, 8638806.179, 137
Trd, 8638807.412, 133
Trd, 8638808.512, 129
Trd, 8638808.579, 128
Trd, 8638808.779, 127
Trd, 8638808.879, 110
Trd, 8638809.246, 103
Trd, 8638809.412, 93
Trd, 8638809.979, 119
Trd, 8638810.079, 106
Trd, 8638810.312, 135
Trd, 8638811.246, 132
Trd, 8638811.512, 107
Trd, 8638811.646, 99
Trd, 8638812.012, 84
Trd, 8638812.246, 89
Trd, 8638812.446, 112
Trd, 8638814.012, 89
Trd, 8638814.212, 100
Trd, 8638815.112, 90
Trd, 8638815.479, 111
Trd, 8638815.512, 81
Trd, 8638816.046, 121
Trd, 8638816.279, 117
Trd, 8638816.646, 83
Trd, 8638817.646, 116
Trd, 8638817.879, 82
Trd, 8638818.746, 68
Trd, 8638819.079, 85
Trd, 8638819.312, 101
Trd, 8638819.446, 109
Trd, 8638820.279, 132
Trd, 8638820.312, 99
Trd, 8638820.946, 110
Trd, 8638821.046, 86
Trd, 8638822.246, 102
Trd, 8638822.479, 131
Trd, 8638823.212, 110
Trd, 8638823.879, 112
Trd, 8638824.146, 93
Trd, 8638826.046, 108
Trd, 8638826.179, 113
Trd, 8638826.779, 101
Trd, 8638827.512, 105
Trd, 8638827.712, 99
Trd, 8638827.846, 110
Trd, 8638828.546, 126
Trd, 8638828.846, 104
Trd, 8638829.079, 99
Trd, 8638829.446, 122
Trd, 8638830.646, 111
Trd, 8638831.179, 110
Trd, 8638831.746, 106
Trd, 8638832.312, 109
Trd, 8638833.179, 129
Trd, 8638833.246, 91
Trd, 8638833.412, 112
Trd, 8638833.446, 135
Trd, 8638833.479, 79
Trd, 8638834.346, 94
Trd, 8638835.512, 71
Trd, 8638835.812, 121
Trd, 8638836.312, 94
Trd, 8638836.646, 78
Trd, 8638837.012, 89
Trd, 8638837.612, 71
Trd, 8638837.779, 74
Trd, 8638838.746, 137
Trd, 8638839.379, 128
Trd, 8638839.512, 121
Trd, 8638840.479, 118
Trd, 8638840.546, 115
Trd, 8638841.712, 130
Trd, 8638842.312, 110
Trd, 8638843.012, 108
Trd, 8638843.212, 77
Trd, 8638843.679, 91
Trd, 8638843.912, 96
Trd, 8638844.712, 93
Trd, 8638845.079, 122
Trd, 8638845.346, 108
Trd, 8638845.679, 79
Trd, 8638846.079, 77
Trd, 8638846.279, 62
Trd, 8638846.712, 65
Trd, 8638847.179, 85
Trd, 8638847.446, 98
Trd, 8638849.446, 72
Trd, 8638849.912, 84
Trd, 8638850.346, 70
Trd, 8638850.612, 120
Trd, 8638851.346, 133
Trd, 8638851.946, 114
Trd, 8638852.279, 108
Trd, 8638853.279, 99
Trd, 8638853.712, 133
Trd, 8638853.779, 89
Trd, 8638853.879, 81
Trd, 8638854.646, 116
Trd, 8638855.912, 135
Trd, 8638856.312, 104
Trd, 8638856.346, 140
Trd, 8638856.512, 108
Trd, 8638857.246, 135
Trd, 8638857.312, 134
Trd, 8638858.546, 131
Trd, 8638858.779, 109
Trd, 8638858.879, 109
Trd, 8638859.812, 114
Trd, 8638859.879, 109
Trd, 8638860.112, 108
Trd, 8638860.779, 131
Trd, 8638860.946, 130
Trd, 8638861.046, 119
Trd, 8638861.079, 95
Trd, 8638861.346, 81
Trd, 8638862.479, 118
Trd, 8638862.546, 117
Trd, 8638863.112, 120
Trd, 8638863.679, 66
Trd, 8638863.946, 116
Trd, 8638864.412, 113
Trd, 8638864.612, 114
Trd, 8638864.712, 111
Trd, 8638865.446, 137
Trd, 8638866.246, 103
Trd, 8638867.346, 107
Trd, 8638867.646, 86
Trd, 8638868.679, 74
Trd, 8638868.779, 80
Trd, 8638869.179, 140
Trd, 8638869.346, 131
Trd, 8638870.079, 101
Trd, 8638870.246, 128
Trd, 8638871.079, 129
Trd, 8638872.379, 134
Trd, 8638872.446, 103
Trd, 8638873.179, 97
Trd, 8638873.346, 102
Trd, 8638873.446, 90
Trd, 8638873.679, 86
Trd, 8638873.912, 85
Trd, 8638874.479, 85
Trd, 8638875.612, 68
Trd, 8638875.979, 63
Trd, 8638876.612, 88
Trd, 8638876.679, 104
Trd, 8638877.546, 71
Trd, 8638877.912, 93
Trd, 8638878.612, 113
Trd, 8638879.279, 129
Trd, 8638879.679, 114
Trd, 8638879.746, 102
Trd, 8638880.346, 140
Trd, 8638880.879, 128
Trd, 8638880.912, 123
Trd, 8638881.512, 115
Trd, 8638881.546, 91
Trd, 8638881.579, 77
Trd, 8638881.712, 109
Trd, 8638882.246, 77
Trd, 8638882.546, 140
Trd, 8638882.879, 133
Trd, 8638884.512, 133
Trd, 8638885.012, 130
Trd, 8638885.079, 121
Trd, 8638885.112, 121
Trd, 8638885.179, 77
Trd, 8638885.912, 76
Trd, 8638886.079, 69
Trd, 8638886.246, 105
Trd, 8638887.912, 92
Trd, 8638888.079, 85
Trd, 8638888.146, 84
Trd, 8638888.846, 115
Trd, 8638889.079, 127
Trd, 8638889.279, 114
Trd, 8638889.379, 113
Trd, 8638889.479, 90
Trd, 8638890.346, 131
Trd, 8638890.512, 78
Trd, 8638891.079, 107
Trd, 8638891.646, 107
Trd, 8638892.079, 107
Trd, 8638892.712, 81
Trd, 8638893.112, 83
Trd, 8638893.146, 88
Trd, 8638894.246, 134
Trd, 8638894.512, 130
Trd, 8638894.946, 130
Trd, 8638895.212, 123
Trd, 8638895.746, 109
Trd, 8638897.279, 123
Trd, 8638897.612, 107
Trd, 8638897.712, 106
Trd, 8638897.912, 103
Trd, 8638898.146, 118
Trd, 8638898.346, 103
Trd, 8638898.379, 128
Trd, 8638898.979, 98
Trd, 8638899.312, 125
Trd, 8638899.512, 92
Trd, 8638899.812, 75
Trd, 8638900.946, 113
Trd, 8638901.679, 126
Trd, 8638901.879, 127
Trd, 8638902.112, 110
Trd, 8638902.979, 140
Trd, 8638903.712, 112
Trd, 8638903.746, 105
Trd, 8638903.979, 109
Trd, 8638904.146, 98
Trd, 8638904.846, 120
Trd, 8638906.246, 139
Trd, 8638906.779, 135
Trd, 8638907.279, 131
Trd, 8638907.346, 107
Trd, 8638908.146, 122
Trd, 8638908.712, 140
Trd, 8638909.279, 136
Trd, 8638910.146, 117
Trd, 8638910.179, 111
Trd, 8638910.279, 109
Trd, 8638910.779, 138
Trd, 8638911.612, 112
Trd, 8638911.746, 125
Trd, 8638912.079, 119
Trd, 8638912.812, 108
Trd, 8638913.679, 108
Trd, 8638913.779, 102
Trd, 8638913.946, 90
Trd, 8638914.712, 84
Trd, 8638916.179, 123
Trd, 8638916.379, 128
Trd, 8638916.479, 118
Trd, 8638917.146, 98
Trd, 8638917.279, 105
Trd, 8638917.312, 78
Trd, 8638917.846, 128
Trd, 8638918.179, 77
Trd, 8638918.746, 122
Trd, 8638919.012, 120
Trd, 8638919.312, 109
Trd, 8638919.479, 108
Trd, 8638920.312, 115
Trd, 8638921.279, 89
Trd, 8638921.312, 115
Trd, 8638921.379, 83
Trd, 8638921.979, 101
Trd, 8638922.412, 119
Trd, 8638922.679, 124
Trd, 8638923.712, 96
Trd, 8638923.779, 86
Trd, 8638924.146, 93
Trd, 8638924.446, 132
Trd, 8638924.646, 127
Trd, 8638925.379, 89
Trd, 8638925.979, 90
Trd, 8638926.412, 114
Trd, 8638927.146, 111
Trd, 8638927.179, 130
Trd, 8638927.946, 130
Trd, 8638928.846, 121
Trd, 8638929.146, 120
Trd, 8638929.246, 115
Trd, 8638929.346, 124
Trd, 8638929.746, 119
Trd, 8638930.112, 111
Trd, 8638930.579, 94
Trd, 8638931.746, 79
Trd, 8638932.279, 81
Trd, 8638932.479, 138
Trd, 8638932.879, 94
Trd, 8638933.146, 87
Trd, 8638933.412, 60
Trd, 8638933.746, 69
Trd, 8638933.812, 114
Trd, 8638934.612, 96
Trd, 8638935.479, 98
Trd, 8638935.679, 103
Trd, 8638936.946, 105
Trd, 8638937.212, 104
Trd, 8638937.746, 140
Trd, 8638937.879, 137
Trd, 8638937.912, 119
Trd, 8638938.746, 130
Trd, 8638938.779, 126
Trd, 8638939.746, 111
Trd, 8638940.079, 111
Trd, 8638940.179, 107
Trd, 8638940.379, 89
Trd, 8638940.412, 123
Trd, 8638941.212, 63
Trd, 8638941.612, 128
Trd, 8638942.079, 65
Trd, 8638942.146, 64
Trd, 8638942.246, 64
Trd, 8638942.746, 125
Trd, 8638943.246, 115
Trd, 8638943.346, 89
Trd, 8638944.446, 132
Trd, 8638944.646, 104
Trd, 8638945.346, 100
Trd, 8638946.046, 108
Trd, 8638946.479, 135
Trd, 8638946.512, 99
Trd, 8638947.079, 126
Trd, 8638947.979, 76
Trd, 8638948.512, 138
Trd, 8638949.179, 136
Trd, 8638949.379, 116
Trd, 8638949.912, 113
Trd, 8638950.412, 107
Trd, 8638950.512, 119
Trd, 8638950.612, 93
Trd, 8638950.846, 66
Trd, 8638951.612, 129
Trd, 8638953.146, 101
Trd, 8638953.512, 111
Trd, 8638953.612, 98
Trd, 8638953.746, 117
Trd, 8638953.846, 111
Trd, 8638954.812, 138
Trd, 8638956.246, 110
Trd, 8638956.812, 131
Trd, 8638956.946, 123
Trd, 8638957.312, 114
Trd, 8638957.479, 109
Trd, 8638958.346, 100
Trd, 8638959.379, 87
Trd, 8638959.912, 99
Trd, 8638960.346, 117
Trd, 8638960.912, 95
Trd, 8638961.412, 119
Trd, 8638961.512, 105
Trd, 8638961.546, 91
Trd, 8638961.979, 96
Trd, 8638962.112, 67
Trd, 8638962.312, 99
Trd, 8638963.946, 96
Trd, 8638963.979, 98
Trd, 8638964.446, 105
Trd, 8638964.812, 94
Trd, 8638965.546, 110
Trd, 8638965.612, 84
Trd, 8638965.879, 84
Trd, 8638966.646, 74
Trd, 8638967.046, 73
Trd, 8638967.079, 82
Trd, 8638967.512, 73
Trd, 8638968.379, 64
Trd, 8638968.512, 70
Trd, 8638968.879, 73
Trd, 8638969.279, 104
Trd, 8638969.479, 122
Trd, 8638969.712, 123
Trd, 8638970.679, 69
Trd, 8638970.779, 102
Trd, 8638970.846, 122
Trd, 8638971.646, 101
Trd, 8638971.912, 116
Trd, 8638972.379, 109
Trd, 8638972.446, 69
Trd, 8638972.746, 80
Trd, 8638973.046, 65
Trd, 8638974.079, 112
Trd, 8638975.412, 61
Trd, 8638975.912, 118
Trd, 8638976.079, 122
Trd, 8638976.412, 119
Trd, 8638977.146, 102
Trd, 8638978.146, 106
Trd, 8638978.346, 125
Trd, 8638978.379, 140
Trd, 8638979.779, 116
Trd, 8638979.946, 132
Trd, 8638980.479, 127
Trd, 8638980.579, 122
Trd, 8638981.212, 128
Trd, 8638981.246, 117
Trd, 8638981.346, 127
Trd, 8638982.046, 118
Trd, 8638982.679, 117
Trd, 8638983.079, 139
Trd, 8638983.179, 110
Trd, 8638983.679, 133
Trd, 8638984.412, 125
Trd, 8638984.779, 140
Trd, 8638984.979, 119
Trd, 8638985.912, 129
Trd, 8638986.046, 127
Trd, 8638987.079, 107
Trd, 8638987.479, 106
Trd, 8638987.512, 102
Trd, 8638987.712, 96
Trd, 8638987.946, 91
Trd, 8638989.746, 137
Trd, 8638989.979, 130
Trd, 8638990.146, 124
Trd, 8638990.379, 119
Trd, 8638990.512, 101
Trd, 8638991.512, 103
Trd, 8638992.579, 85
Trd, 8638992.712, 106
Trd, 8638993.246, 120
Trd, 8638993.979, 116
Trd, 8638994.679, 124
Trd, 8638994.746, 117
Trd, 8638995.712, 117
Trd, 8638995.912, 112
Trd, 8638997.079, 123
Trd, 8638997.246, 122
Trd, 8638997.346, 113
Trd, 8638997.512, 110
Trd, 8638997.746, 100
Trd, 8638997.779, 93
Trd, 8638999.112, 97
Trd, 8638999.146, 93
Trd, 8638999.379, 99
Trd, 8638999.412, 112
Trd, 8638999.712, 129
Trd, 8638999.979, 101
Trd, 8639000.446, 103
Trd, 8639000.779, 118
Trd, 8639001.546, 106
Trd, 8639002.146, 88
Trd, 8639002.712, 80
Trd, 8639002.946, 94
Trd, 8639003.912, 121
Trd, 8639004.246, 90
Trd, 8639004.779, 138
Trd, 8639005.146, 122
Trd, 8639005.212, 104
Trd, 8639006.412, 137
Trd, 8639006.846, 127
Trd, 8639007.079, 138
Trd, 8639008.279, 136
Trd, 8639009.179, 132
Trd, 8639009.812, 127
Trd, 8639010.379, 124
Trd, 8639010.812, 130
Trd, 8639011.112, 113
Trd, 8639011.546, 79
Trd, 8639012.712, 96
Trd, 8639012.812, 98
Trd, 8639013.846, 138
Trd, 8639014.212, 136
Trd, 8639014.246, 121
Trd, 8639015.079, 117
Trd, 8639015.446, 89
Trd, 8639015.512, 87
Trd, 8639015.946, 132
Trd, 8639016.179, 116
Trd, 8639016.479, 113
Trd, 8639016.779, 103
Trd, 8639018.312, 113
Trd, 8639018.646, 112
Trd, 8639019.279, 112
Trd, 8639019.779, 94
Trd, 8639019.879, 114
Trd, 8639020.346, 105
Trd, 8639020.946, 131
Trd, 8639021.012, 129
Trd, 8639021.079, 126
Trd, 8639021.479, 89
Trd, 8639022.312, 106
Trd, 8639022.779, 137
Trd, 8639023.179, 108
Trd, 8639023.746, 137
Trd, 8639023.979, 103
Trd, 8639024.012, 101
Trd, 8639024.112, 124
Trd, 8639024.579, 89
Trd, 8639024.912, 104
Trd, 8639025.046, 75
Trd, 8639025.812, 99
Trd, 8639026.112, 78
Trd, 8639026.679, 79
Trd, 8639027.246, 97
Trd, 8639027.279, 75
Trd, 8639028.079, 136
Trd, 8639028.212, 130
Trd, 8639028.279, 125
Trd, 8639028.779, 108
Trd, 8639029.279, 108
Trd, 8639029.612, 139
Trd, 8639029.979, 109
Trd, 8639030.346, 96
Trd, 8639031.412, 137
Trd, 8639031.479, 99
Trd, 8639032.712, 90
Trd, 8639033.012, 117
Trd, 8639033.379, 78
Trd, 8639033.479, 77
Trd, 8639034.012, 125
Trd, 8639034.612, 108
Trd, 8639034.979, 107
Trd, 8639035.612, 121
Trd, 8639035.979, 88
Trd, 8639036.012, 89
Trd, 8639036.312, 124
Trd, 8639037.246, 84
Trd, 8639037.546, 105
Trd, 8639037.846, 98
Trd, 8639038.079, 84
Trd, 8639038.846, 140
Trd, 8639039.379, 128
Trd, 8639039.512, 120
Trd, 8639039.679, 129
Trd, 8639039.946, 107
Trd, 8639040.712, 132
Trd, 8639040.912, 128
Trd, 8639041.446, 122
Trd, 8639041.746, 105
Trd, 8639042.412, 114
Trd, 8639043.746, 128
Trd, 8639043.912, 114
Trd, 8639044.446, 110
Trd, 8639044.946, 135
Trd, 8639045.879, 122
Trd, 8639046.046, 114
Trd, 8639046.279, 96
Trd, 8639046.579, 103
Trd, 8639047.346, 108
Trd, 8639047.746, 107
Trd, 8639047.846, 110
Trd, 8639048.479, 100
Trd, 8639048.679, 129
Trd, 8639049.246, 77
Trd, 8639049.912, 94
Trd, 8639050.079, 104
Trd, 8639050.379, 84
Trd, 8639051.146, 108
Trd, 8639051.846, 140
Trd, 8639052.412, 117
Trd, 8639052.479, 110
Trd, 8639053.879, 129
Trd, 8639054.146, 137
Trd, 8639054.579, 136
Trd, 8639054.679, 101
Trd, 8639055.312, 104
Trd, 8639055.512, 95
Trd, 8639056.412, 119
Trd, 8639056.846, 103
Trd, 8639057.146, 90
Trd, 8639057.779, 77
Trd, 8639057.812, 102
Trd, 8639058.512, 112
Trd, 8639058.979, 103
Trd, 8639059.912, 130
Trd, 8639060.012, 102
Trd, 8639060.146, 131
Trd, 8639060.379, 97
Trd, 8639062.412, 122
Trd, 8639063.146, 113
Trd, 8639063.512, 136
Trd, 8639063.779, 112
Trd, 8639064.612, 108
Trd, 8639064.712, 103
Trd, 8639065.846, 131
Trd, 8639066.012, 131
Trd, 8639066.279, 115
Trd, 8639066.446, 104
Trd, 8639066.846, 109
Trd, 8639067.112, 90
Trd, 8639067.379, 84
Trd, 8639067.912, 106
Trd, 8639068.379, 140
Trd, 8639068.746, 135
Trd, 8639068.812, 87
Trd, 8639069.846, 105
Trd, 8639070.046, 84
Trd, 8639070.579, 112
Trd, 8639070.812, 105
Trd, 8639071.312, 64
Trd, 8639072.079, 111
Trd, 8639072.212, 108
Trd, 8639072.379, 92
Trd, 8639072.679, 83
Trd, 8639074.246, 77
Trd, 8639074.612, 98
Trd, 8639075.479, 99
Trd, 8639075.812, 104
Trd, 8639076.112, 94
Trd, 8639076.712, 90
Trd, 8639076.746, 89
Trd, 8639077.379, 90
Trd, 8639078.446, 139
Trd, 8639078.512, 123
Trd, 8639079.346, 130
Trd, 8639080.146, 115
Trd, 8639080.712, 124
Trd, 8639081.879, 127
Trd, 8639082.046, 116
Trd, 8639082.312, 112
Trd, 8639082.446, 107
Trd, 8639082.679, 106
Trd, 8639083.212, 104
Trd, 8639083.579, 132
Trd, 8639083.979, 124
Trd, 8639084.346, 129
Trd, 8639084.579, 127
Trd, 8639084.779, 114
Trd, 8639084.946, 120
Trd, 8639085.679, 71
Trd, 8639086.412, 105
Trd, 8639087.512, 85
Trd, 8639087.912, 70
Trd, 8639087.946, 92
Trd, 8639088.112, 132
Trd, 8639088.346, 69
Trd, 8639088.679, 100
Trd, 8639090.112, 123
Trd, 8639090.879, 124
Trd, 8639091.046, 135
Trd, 8639091.846, 132
Trd, 8639092.112, 113
Trd, 8639092.346, 134
Trd, 8639092.946, 111
Trd, 8639093.846, 126
Trd, 8639094.479, 115
Trd, 8639094.712, 113
Trd, 8639095.046, 104
Trd, 8639096.046, 139
Trd, 8639096.079, 134
Trd, 8639096.212, 130
Trd, 8639096.279, 95
Trd, 8639096.679, 124
Trd, 8639097.712, 134
Trd, 8639097.746, 132
Trd, 8639098.112, 131
Trd, 8639098.279, 130
Trd, 8639098.312, 127
Trd, 8639098.746, 137
Trd, 8639098.946, 112
Trd, 8639099.979, 94
Trd, 8639100.846, 80
Trd, 8639102.046, 124
Trd, 8639102.512, 108
Trd, 8639102.746, 138
Trd, 8639103.612, 131
Trd, 8639103.779, 129
Trd, 8639103.912, 98
Trd, 8639104.179, 99
Trd, 8639104.846, 140
Trd, 8639105.179, 125
Trd, 8639105.412, 123
Trd, 8639105.546, 112
Trd, 8639105.712, 109
Trd, 8639106.379, 124
Trd, 8639106.712, 107
Trd, 8639106.779, 98
Trd, 8639108.012, 92
Trd, 8639108.379, 111
Trd, 8639108.412, 110
Trd, 8639109.146, 136
Trd, 8639109.679, 115
Trd, 8639111.412, 135
Trd, 8639111.546, 133
Trd, 8639111.779, 120
Trd, 8639112.512, 109
Trd, 8639112.846, 111
Trd, 8639112.946, 104
Trd, 8639113.046, 88
Trd, 8639114.179, 98
Trd, 8639114.246, 97
Trd, 8639114.679, 139
Trd, 8639114.712, 104
Trd, 8639115.279, 92
Trd, 8639115.512, 105
Trd, 8639115.646, 121
Trd, 8639115.946, 95
Trd, 8639116.012, 85
Trd, 8639116.479, 79
Trd, 8639117.546, 61
Trd, 8639117.746, 65
Trd, 8639118.346, 86
Trd, 8639118.412, 103
Trd, 8639119.379, 123
Trd, 8639119.446, 114
Trd, 8639119.646, 107
Trd, 8639119.879, 99
Trd, 8639120.046, 72
Trd, 8639120.279, 108
Trd, 8639120.746, 118
Trd, 8639121.212, 74
Trd, 8639121.979, 73
Trd, 8639122.212, 76
Trd, 8639122.646, 80
Trd, 8639124.046, 85
Trd, 8639124.679, 92
Trd, 8639124.812, 81
Trd, 8639125.279, 122
Trd, 8639125.746, 101
Trd, 8639126.246, 137
Trd, 8639127.179, 125
Trd, 8639127.612, 124
Trd, 8639127.812, 120
Trd, 8639127.946, 107
Trd, 8639128.012, 125
Trd, 8639128.546, 90
Trd, 8639128.879, 76
Trd, 8639130.379, 118
Trd, 8639130.712, 117
Trd, 8639130.746, 117
Trd, 8639131.379, 115
Trd, 8639131.979, 99
Trd, 8639132.246, 95
Trd, 8639133.146, 139
Trd, 8639133.946, 139
Trd, 8639134.379, 137
Trd, 8639134.479, 135
Trd, 8639134.879, 135
Trd, 8639135.346, 109
Trd, 8639135.612, 139
Trd, 8639136.446, 119
Trd, 8639136.546, 107
Trd, 8639137.179, 134
Trd, 8639137.379, 131
Trd, 8639138.279, 137
Trd, 8639138.346, 115
Trd, 8639138.412, 129
Trd, 8639138.712, 115
Trd, 8639139.279, 115
Trd, 8639140.912, 103
Trd, 8639141.012, 88
Trd, 8639141.112, 111
Trd, 8639142.046, 65
Trd, 8639142.279, 70
Trd, 8639142.579, 62
Trd, 8639142.812, 83
Trd, 8639143.446, 95
Trd, 8639143.579, 70
Trd, 8639143.846, 79
Trd, 8639144.112, 65
Trd, 8639145.512, 112
Trd, 8639146.412, 88
Trd, 8639146.479, 87
Trd, 8639147.479, 69
Trd, 8639147.512, 91
Trd, 8639148.346, 125
Trd, 8639148.479, 113
Trd, 8639148.912, 102
Trd, 8639149.379, 89
Trd, 8639149.412, 88
Trd, 8639149.446, 94
Trd, 8639149.712, 79
Trd, 8639150.546, 75
Trd, 8639150.679, 84
Trd, 8639151.312, 96
Trd, 8639151.746, 121
Trd, 8639153.146, 104
Trd, 8639153.546, 96
Trd, 8639153.646, 95
Trd, 8639154.179, 139
Trd, 8639155.479, 123
Trd, 8639156.379, 133
Trd, 8639156.946, 131
Trd, 8639157.579, 119
Trd, 8639157.779, 105
Trd, 8639158.646, 99
Trd, 8639158.879, 138
Trd, 8639159.679, 140
Trd, 8639159.779, 92
Trd, 8639160.179, 114
Trd, 8639160.746, 88
Trd, 8639161.212, 76
Trd, 8639161.346, 72
Trd, 8639161.646, 101
Trd, 8639161.946, 65
Trd, 8639162.146, 131
Trd, 8639163.279, 87
Trd, 8639163.979, 132
Trd, 8639164.512, 125
Trd, 8639164.946, 119
Trd, 8639165.079, 121
Trd, 8639165.179, 118
Trd, 8639165.479, 139
Trd, 8639166.112, 123
Trd, 8639166.312, 114
Trd, 8639166.512, 109
Trd, 8639166.812, 97
Trd, 8639167.246, 88
Trd, 8639167.446, 131
Trd, 8639168.079, 88
Trd, 8639168.946, 89
Trd, 8639169.079, 136
Trd, 8639169.779, 96
Trd, 8639170.412, 101
Trd, 8639170.946, 85
Trd, 8639170.979, 88
Trd, 8639171.546, 105
Trd, 8639172.112, 93
Trd, 8639173.212, 111
Trd, 8639174.746, 120
Trd, 8639175.279, 90
Trd, 8639176.046, 115
Trd, 8639176.212, 111
Trd, 8639176.846, 97
Trd, 8639176.946, 96
Trd, 8639177.112, 124
Trd, 8639177.779, 114
Trd, 8639178.112, 107
Trd, 8639178.312, 125
Trd, 8639178.979, 123
Trd, 8639179.046, 95
Trd, 8639179.546, 110
Trd, 8639179.946, 110
Trd, 8639180.012, 71
Trd, 8639181.546, 87
Trd, 8639181.712, 105
Trd, 8639181.879, 89
Trd, 8639181.946, 126
Trd, 8639182.346, 129
Trd, 8639182.412, 98
Trd, 8639182.746, 127
Trd, 8639182.879, 81
Trd, 8639183.712, 84
Trd, 8639184.712, 60
Trd, 8639185.679, 86
Trd, 8639185.779, 86
Trd, 8639185.979, 63
Trd, 8639187.512, 138
Trd, 8639187.746, 122
Trd, 8639187.779, 113
Trd, 8639187.979, 67
Trd, 8639188.779, 75
Trd, 8639188.812, 76
Trd, 8639189.046, 80
Trd, 8639189.912, 88
Trd, 8639190.312, 81
Trd, 8639190.712, 76
Trd, 8639191.812, 92
Trd, 8639192.146, 124
Trd, 8639192.812, 125
Trd, 8639193.279, 124
Trd, 8639193.412, 138
Trd, 8639193.479, 117
Trd, 8639193.512, 98
Trd, 8639193.546, 90
Trd, 8639193.612, 86
Trd, 8639193.712, 135
Trd, 8639194.946, 138
Trd, 8639195.879, 129
Trd, 8639196.046, 126
Trd, 8639197.079, 86
Trd, 8639197.712, 140
Trd, 8639197.812, 78
Trd, 8639198.479, 123
Trd, 8639198.846, 139
Trd, 8639199.379, 140
Trd, 8639199.446, 134
Trd, 8639200.446, 119
Trd, 8639201.446, 139
Trd, 8639201.946, 129
Trd, 8639202.512, 125
Trd, 8639203.112, 118
Trd, 8639203.146, 95
Trd, 8639203.179, 93
Trd, 8639203.346, 93
Trd, 8639203.646, 86
Trd, 8639203.812, 108
Trd, 8639204.346, 126
Trd, 8639204.912, 128
Trd, 8639206.112, 113
Trd, 8639206.279, 109
Trd, 8639207.112, 108
Trd, 8639207.946, 88
Trd, 8639208.279, 62
Trd, 8639208.546, 79
Trd, 8639208.879, 113
Trd, 8639208.979, 94
Trd, 8639209.179, 97
Trd, 8639210.312, 118
Trd, 8639211.112, 109
Trd, 8639211.312, 124
Trd, 8639211.546, 100
Trd, 8639212.279, 122
Trd, 8639212.646, 105
Trd, 8639212.879, 88
Trd, 8639212.946, 87
Trd, 8639213.012, 83
Trd, 8639213.146, 77
Trd, 8639213.346, 127
Trd, 8639213.812, 106
Trd, 8639213.979, 72
Trd, 8639215.946, 137
Trd, 8639216.046, 128
Trd, 8639216.312, 128
Trd, 8639216.712, 126
Trd, 8639217.046, 133
Trd, 8639217.312, 126
Trd, 8639218.112, 137
Trd, 8639218.546, 117
Trd, 8639219.179, 93
Trd, 8639219.879, 134
Trd, 8639220.146, 134
Trd, 8639220.612, 91
Trd, 8639221.079, 88
Trd, 8639221.512, 87
Trd, 8639221.712, 120
Trd, 8639222.879, 132
Trd, 8639223.379, 121
Trd, 8639223.446, 98
Trd, 8639224.579, 113
Trd, 8639224.879, 108
Trd, 8639225.246, 104
Trd, 8639226.679, 104
Trd, 8639226.779, 92
Trd, 8639227.046, 128
Trd, 8639227.079, 84
Trd, 8639227.612, 125
Trd, 8639227.879, 104
Trd, 8639228.112, 128
Trd, 8639228.879, 90
Trd, 8639229.346, 87
Trd, 8639230.012, 83
Trd, 8639231.446, 72
Trd, 8639231.546, 71
Trd, 8639231.612, 70
Trd, 8639231.679, 69
Trd, 8639232.346, 119
Trd, 8639233.679, 119
Trd, 8639234.412, 96
Trd, 8639234.979, 109
Trd, 8639235.646, 135
Trd, 8639236.179, 137
Trd, 8639237.179, 123
Trd, 8639237.712, 140
Trd, 8639237.779, 122
Trd, 8639237.846, 114
Trd, 8639238.679, 112
Trd, 8639238.812, 104
Trd, 8639239.212, 96
Trd, 8639239.979, 95
Trd, 8639240.346, 94
Trd, 8639240.979, 98
Trd, 8639241.012, 117
Trd, 8639241.079, 92
Trd, 8639241.779, 138
Trd, 8639241.879, 136
Trd, 8639242.612, 132
Trd, 8639243.046, 138
Trd, 8639243.746, 138
Trd, 8639244.412, 126
Trd, 8639244.479, 110
Trd, 8639244.612, 85
Trd, 8639245.112, 62
Trd, 8639245.446, 60
Trd, 8639245.646, 78
Trd, 8639246.179, 94
Trd, 8639246.746, 80
Trd, 8639247.179, 88
Trd, 8639247.312, 109
Trd, 8639248.779, 123
Trd, 8639249.279, 73
Trd, 8639250.079, 133
Trd, 8639250.579, 130
Trd, 8639251.079, 130
Trd, 8639251.612, 131
Trd, 8639252.479, 133
Trd, 8639253.179, 131
Trd, 8639253.412, 114
Trd, 8639253.712, 114
Trd, 8639254.046, 111
Trd, 8639254.479, 101
Trd, 8639254.512, 93
Trd, 8639254.779, 91
Trd, 8639255.212, 115
Trd, 8639255.912, 114
Trd, 8639256.279, 100
Trd, 8639257.146, 138
Trd, 8639257.446, 129
Trd, 8639257.612, 106
Trd, 8639257.912, 113
Trd, 8639259.079, 140
Trd, 8639259.112, 140
Trd, 8639259.446, 129
Trd, 8639259.979, 113
Trd, 8639260.212, 112
Trd, 8639260.579, 109
Trd, 8639260.612, 106
Trd, 8639260.779, 94
Trd, 8639260.879, 92
Trd, 8639261.146, 115
Trd, 8639261.312, 83
Trd, 8639262.512, 140
Trd, 8639262.579, 137
Trd, 8639264.779, 102
Trd, 8639265.412, 137
Trd, 8639265.479, 121
Trd, 8639266.446, 119
Trd, 8639266.512, 83
Trd, 8639266.846, 138
Trd, 8639266.912, 79
Trd, 8639267.412, 83
Trd, 8639267.646, 129
Trd, 8639268.312, 123
Trd, 8639268.912, 126
Trd, 8639269.612, 124
Trd, 8639270.646, 109
Trd, 8639270.712, 103
Trd, 8639271.312, 111
Trd, 8639271.446, 115
Trd, 8639272.079, 79
Trd, 8639273.279, 107
Trd, 8639273.346, 95
Trd, 8639273.512, 118
Trd, 8639273.779, 93
Trd, 8639273.846, 79
Trd, 8639273.946, 67
Trd, 8639274.579, 68
Trd, 8639274.979, 130
Trd, 8639275.246, 108
Trd, 8639275.846, 107
Trd, 8639276.312, 102
Trd, 8639276.446, 102
Trd, 8639276.612, 107
Trd, 8639277.446, 100
Trd, 8639277.879, 85
Trd, 8639278.612, 91
Trd, 8639278.746, 97
Trd, 8639279.012, 86
Trd, 8639279.746, 137
Trd, 8639279.879, 124
Trd, 8639280.179, 117
Trd, 8639281.046, 115
Trd, 8639282.246, 121
Trd, 8639282.846, 117
Trd, 8639282.912, 104
Trd, 8639283.612, 92
Trd, 8639284.446, 127
Trd, 8639284.612, 106
Trd, 8639284.746, 103
Trd, 8639285.212, 90
Trd, 8639285.312, 85
Trd, 8639285.412, 73
Trd, 8639285.512, 94
Trd, 8639285.879, 71
Trd, 8639286.512, 89
Trd, 8639286.646, 125
Trd, 8639286.846, 124
Trd, 8639287.712, 139
Trd, 8639288.079, 129
Trd, 8639288.546, 95
Trd, 8639288.779, 93
Trd, 8639288.879, 83
Trd, 8639289.412, 121
Trd, 8639289.612, 69
Trd, 8639290.879, 106
Trd, 8639291.246, 108
Trd, 8639291.779, 123
Trd, 8639292.079, 99
Trd, 8639292.579, 86
Trd, 8639293.046, 112
Trd, 8639293.712, 138
Trd, 8639293.979, 110
Trd, 8639294.412, 106
Trd, 8639295.646, 135
Trd, 8639296.912, 78
Trd, 8639296.979, 84
Trd, 8639297.846, 131
Trd, 8639297.946, 106
Trd, 8639298.046, 104
Trd, 8639298.312, 135
Trd, 8639298.646, 123
Trd, 8639299.879, 85
Trd, 8639299.979, 101
Trd, 8639300.346, 104
Trd, 8639300.646, 134
Trd, 8639300.846, 103
Trd, 8639300.912, 97
Trd, 8639301.546, 101
Trd, 8639302.212, 128
Trd, 8639303.379, 116
Trd, 8639303.679, 119
Trd, 8639303.712, 114
Trd, 8639303.812, 122
Trd, 8639304.312, 113
Trd, 8639304.679, 110
Trd, 8639304.879, 136
Trd, 8639304.979, 89
Trd, 8639306.046, 113
Trd, 8639306.212, 104
Trd, 8639306.246, 101
Trd, 8639306.546, 79
Trd, 8639306.779, 75
Trd, 8639307.112, 78
Trd, 8639307.779, 122
Trd, 8639307.979, 81
Trd, 8639308.512, 93
Trd, 8639309.112, 100
Trd, 8639309.412, 126
Trd, 8639309.712, 124
Trd, 8639310.912, 127
Trd, 8639311.279, 102
Trd, 8639311.479, 90
Trd, 8639311.812, 131
Trd, 8639312.212, 105
Trd, 8639312.812, 91
Trd, 8639313.346, 103
Trd, 8639313.679, 107
Trd, 8639314.112, 127
Trd, 8639314.646, 134
Trd, 8639315.979, 115
Trd, 8639316.046, 111
Trd, 8639317.512, 91
Trd, 8639317.712, 101
Trd, 8639318.312, 127
Trd, 8639318.612, 125
Trd, 8639318.646, 123
Trd, 8639318.712, 121
Trd, 8639319.379, 105
Trd, 8639319.579, 102
Trd, 8639319.846, 117
Trd, 8639320.279, 125
Trd, 8639320.712, 111
Trd, 8639321.679, 135
Trd, 8639321.846, 133
Trd, 8639322.079, 130
Trd, 8639323.046, 120
Trd, 8639323.646, 105
Trd, 8639323.812, 95
Trd, 8639324.912, 107
Trd, 8639325.012, 100
Trd, 8639325.946, 90
Trd, 8639326.146, 79
Trd, 8639326.546, 77
Trd, 8639326.746, 113
Trd, 8639327.512, 115
Trd, 8639327.579, 108
Trd, 8639328.312, 110
Trd, 8639328.646, 93
Trd, 8639329.612, 117
Trd, 8639329.946, 133
Trd, 8639330.312, 98
Trd, 8639330.679, 94
Trd, 8639331.012, 93
Trd, 8639331.046, 86
Trd, 8639331.646, 127
Trd, 8639332.179, 93
Trd, 8639332.812, 99
Trd, 8639332.879, 107
Trd, 8639332.979, 138
Trd, 8639333.346, 82
Trd, 8639333.746, 96
Trd, 8639333.912, 79
Trd, 8639334.646, 115
Trd, 8639334.912, 97
Trd, 8639335.379, 75
Trd, 8639336.146, 100
Trd, 8639336.712, 136
Trd, 8639338.279, 139
Trd, 8639338.379, 140
Trd, 8639338.546, 135
Trd, 8639338.579, 123
Trd, 8639338.746, 101
Trd, 8639339.746, 98
Trd, 8639340.246, 113
Trd, 8639340.446, 97
Trd, 8639340.679, 96
Trd, 8639340.979, 93
Trd, 8639341.012, 116
Trd, 8639341.312, 91
Trd, 8639342.146, 68
Trd, 8639342.612, 126
Trd, 8639343.812, 138
Trd, 8639343.846, 136
Trd, 8639344.612, 89
Trd, 8639344.812, 90
Trd, 8639345.979, 126
Trd, 8639346.212, 112
Trd, 8639346.379, 102
Trd, 8639346.679, 133
Trd, 8639346.846, 98
Trd, 8639346.979, 131
Trd, 8639347.246, 120
Trd, 8639348.179, 109
Trd, 8639349.046, 105
Trd, 8639349.079, 87
Trd, 8639349.312, 112
Trd, 8639349.912, 77
Trd, 8639349.979, 110
Trd, 8639350.879, 101
Trd, 8639351.279, 111
Trd, 8639351.812, 114
Trd, 8639352.446, 99
Trd, 8639352.479, 97
Trd, 8639352.779, 107
Trd, 8639352.979, 107
Trd, 8639353.779, 106
Trd, 8639353.879, 95
Trd, 8639353.912, 87
Trd, 8639354.346, 85
Trd, 8639354.779, 110
Trd, 8639355.279, 124
Trd, 8639355.612, 63
Trd, 8639356.179, 91
Trd, 8639356.746, 116
Trd, 8639358.046, 123
Trd, 8639358.546, 110
Trd, 8639359.546, 125
Trd, 8639359.679, 125
Trd, 8639359.746, 124
Trd, 8639360.179, 119
Trd, 8639360.246, 111
Trd, 8639361.346, 134
Trd, 8639361.846, 114
Trd, 8639362.279, 136
Trd, 8639362.412, 92
Trd, 8639362.879, 136
Trd, 8639363.846, 125
Trd, 8639364.112, 79
Trd, 8639364.512, 75
Trd, 8639365.246, 93
Trd, 8639365.279, 109
Trd, 8639365.812, 112
Trd, 8639366.079, 102
Trd, 8639366.346, 129
Trd, 8639366.646, 127
Trd, 8639367.212, 137
Trd, 8639368.212, 91
Trd, 8639368.512, 60
Trd, 8639368.846, 77
Trd, 8639369.012, 119
Trd, 8639369.346, 74
Trd, 8639369.746, 115
Trd, 8639369.879, 113
Trd, 8639371.279, 67
Trd, 8639371.446, 74
Trd, 8639372.246, 88
Trd, 8639372.446, 119
Trd, 8639372.712, 96
Trd, 8639372.812, 89
Trd, 8639373.012, 73
Trd, 8639373.212, 108
Trd, 8639373.379, 72
Trd, 8639373.612, 104
Trd, 8639374.079, 71
Trd, 8639374.679, 103
Trd, 8639375.112, 64
Trd, 8639376.046, 131
Trd, 8639376.612, 77
Trd, 8639377.279, 85
Trd, 8639377.646, 88
Trd, 8639378.012, 64
Trd, 8639378.679, 118
Trd, 8639379.212, 100
Trd, 8639379.679, 112
Trd, 8639380.712, 113
Trd, 8639380.979, 85
Trd, 8639381.646, 122
Trd, 8639382.212, 118
Trd, 8639382.312, 104
Trd, 8639382.346, 92
Trd, 8639382.446, 80
Trd, 8639382.779, 66
Trd, 8639383.979, 95
Trd, 8639384.079, 114
Trd, 8639384.646, 97
Trd, 8639385.412, 113
Trd, 8639385.712, 106
Trd, 8639385.879, 132
Trd, 8639386.479, 118
Trd, 8639387.212, 112
Trd, 8639387.246, 100
Trd, 8639387.912, 121
Trd, 8639388.312, 118
Trd, 8639388.779, 132
Trd, 8639388.946, 117
Trd, 8639389.379, 110
Trd, 8639390.179, 109
Trd, 8639390.412, 99
Trd, 8639390.512, 76
Trd, 8639390.679, 82
Trd, 8639390.812, 122
Trd, 8639391.446, 120
Trd, 8639392.179, 79
Trd, 8639392.379, 75
Trd, 8639392.446, 78
Trd, 8639392.579, 102
Trd, 8639393.079, 103
Trd, 8639393.579, 91
Trd, 8639394.246, 79
Trd, 8639394.479, 120
Trd, 8639395.012, 107
Trd, 8639395.179, 115
Trd, 8639396.012, 100
Trd, 8639396.712, 115
Trd, 8639396.846, 83
Trd, 8639397.212, 116
Trd, 8639397.879, 112
Trd, 8639398.246, 127
Trd, 8639399.546, 109
Trd, 8639399.812, 107
Trd, 8639399.879, 97
Trd, 8639400.279, 123
Trd, 8639400.879, 117
Trd, 8639400.912, 95
Trd, 8639401.612, 88
Trd, 8639402.212, 88
Trd, 8639402.779, 139
Trd, 8639403.079, 100
Trd, 8639403.246, 79
Trd, 8639403.546, 91
Trd, 8639404.546, 122
Trd, 8639404.879, 121
Trd, 8639404.979, 106
Trd, 8639405.312, 85
Trd, 8639405.612, 76
Trd, 8639406.079, 77
Trd, 8639407.346, 120
Trd, 8639407.379, 118
Trd, 8639407.879, 120
Trd, 8639408.746, 138
Trd, 8639409.346, 123
Trd, 8639409.479, 135
Trd, 8639409.679, 110
Trd, 8639410.212, 121
Trd, 8639410.779, 101
Trd, 8639411.279, 111
Trd, 8639412.146, 97
Trd, 8639412.912, 91
Trd, 8639414.379, 127
Trd, 8639414.679, 115
Trd, 8639415.079, 127
Trd, 8639415.479, 131
Trd, 8639415.546, 103
Trd, 8639415.812, 113
Trd, 8639416.012, 102
Trd, 8639417.279, 139
Trd, 8639418.012, 137
Trd, 8639418.146, 135
Trd, 8639418.246, 124
Trd, 8639418.279, 118
Trd, 8639418.779, 138
Trd, 8639419.546, 119
Trd, 8639420.079, 129
Trd, 8639420.279, 100
Trd, 8639421.779, 135
Trd, 8639423.579, 136
Trd, 8639423.646, 122
Trd, 8639423.879, 131
Trd, 8639424.279, 128
Trd, 8639424.946, 137
Trd, 8639425.246, 107
Trd, 8639425.379, 101
Trd, 8639426.379, 136
Trd, 8639426.446, 123
Trd, 8639427.279, 116
Trd, 8639428.012, 128
Trd, 8639428.146, 119
Trd, 8639428.246, 107
Trd, 8639428.279, 99
Trd, 8639429.579, 105
Trd, 8639430.012, 104
Trd, 8639430.279, 88
Trd, 8639430.346, 121
Trd, 8639430.779, 84
Trd, 8639430.812, 73
Trd, 8639431.846, 63
Trd, 8639432.146, 88
Trd, 8639433.946, 76
Trd, 8639434.279, 75
Trd, 8639434.679, 65
Trd, 8639434.979, 102
Trd, 8639435.379, 75
Trd, 8639436.146, 104
Trd, 8639436.546, 117
Trd, 8639436.612, 106
Trd, 8639437.112, 128
Trd, 8639437.779, 126
Trd, 8639438.179, 125
Trd, 8639438.646, 108
Trd, 8639439.479, 106
Trd, 8639439.779, 100
Trd, 8639440.146, 96
Trd, 8639441.012, 85
Trd, 8639441.246, 110
Trd, 8639441.379, 111
Trd, 8639441.812, 76
Trd, 8639442.046, 109
Trd, 8639443.012, 92
Trd, 8639443.112, 66
Trd, 8639444.412, 67
Trd, 8639444.812, 101
Trd, 8639445.112, 67
Trd, 8639445.346, 110
Trd, 8639445.512, 71
Trd, 8639446.046, 84
Trd, 8639446.646, 75
Trd, 8639446.746, 95
Trd, 8639446.812, 135
Trd, 8639447.879, 69
Trd, 8639447.946, 82
Trd, 8639448.212, 106
Trd, 8639449.712, 115
Trd, 8639449.979, 116
Trd, 8639450.279, 138
Trd, 8639451.079, 103
Trd, 8639452.079, 139
Trd, 8639452.679, 121
Trd, 8639453.212, 112
Trd, 8639453.479, 100
Trd, 8639453.746, 92
Trd, 8639454.046, 140
Trd, 8639454.279, 121
Trd, 8639454.346, 99
Trd, 8639454.546, 92
Trd, 8639454.779, 112
Trd, 8639456.412, 132
Trd, 8639456.546, 115
Trd, 8639456.879, 135
Trd, 8639457.212, 106
Trd, 8639457.379, 105
Trd, 8639458.512, 104
Trd, 8639459.146, 107
Trd, 8639459.812, 134
Trd, 8639460.079, 121
Trd, 8639461.679, 138
Trd, 8639461.779, 137
Trd, 8639461.846, 136
Trd, 8639461.912, 122
Trd, 8639462.046, 107
Trd, 8639462.346, 100
Trd, 8639463.912, 103
Trd, 8639464.212, 92
Trd, 8639465.479, 120
Trd, 8639465.512, 105
Trd, 8639465.712, 137
Trd, 8639465.846, 130
Trd, 8639466.212, 83
Trd, 8639466.912, 77
Trd, 8639467.212, 129
Trd, 8639467.479, 132
Trd, 8639467.579, 135
Trd, 8639467.979, 113
Trd, 8639468.112, 63
Trd, 8639468.212, 65
Trd, 8639468.679, 71
Trd, 8639469.846, 61
Trd, 8639470.146, 61
Trd, 8639470.346, 71
Trd, 8639471.012, 118
Trd, 8639471.412, 139
Trd, 8639471.812, 110
Trd, 8639473.179, 85
Trd, 8639473.246, 85
Trd, 8639473.312, 70
Trd, 8639473.479, 109
Trd, 8639473.812, 109
Trd, 8639474.079, 93
Trd, 8639475.379, 119
Trd, 8639475.579, 89
Trd, 8639476.046, 119
Trd, 8639476.779, 88
Trd, 8639477.246, 94
Trd, 8639477.279, 136
Trd, 8639478.079, 126
Trd, 8639478.412, 115
Trd, 8639479.046, 97
Trd, 8639479.279, 109
Trd, 8639479.379, 118
Trd, 8639479.779, 91
Trd, 8639479.979, 132
Trd, 8639480.112, 96
Trd, 8639481.479, 139
Trd, 8639481.779, 130
Trd, 8639481.846, 122
Trd, 8639482.246, 139
Trd, 8639482.746, 130
Trd, 8639482.812, 128
Trd, 8639483.012, 101
Trd, 8639483.246, 111
Trd, 8639483.846, 127
Trd, 8639484.079, 107
Trd, 8639484.779, 107
Trd, 8639485.212, 130
Trd, 8639485.312, 90
Trd, 8639486.712, 87
Trd, 8639486.746, 111
Trd, 8639487.046, 129
Trd, 8639487.412, 105
Trd, 8639488.112, 104
Trd, 8639488.946, 71
Trd, 8639489.046, 99
Trd, 8639489.512, 66
Trd, 8639489.979, 115
Trd, 8639490.079, 83
Trd, 8639490.746, 73
Trd, 8639491.279, 88
Trd, 8639491.846, 81
Trd, 8639492.012, 72
Trd, 8639492.312, 74
Trd, 8639492.946, 119
Trd, 8639493.512, 115
Trd, 8639493.612, 111
Trd, 8639493.746, 127
Trd, 8639494.946, 136
Trd, 8639495.079, 117
Trd, 8639495.646, 110
Trd, 8639496.379, 113
Trd, 8639496.512, 112
Trd, 8639497.012, 109
Trd, 8639497.112, 91
Trd, 8639498.346, 101
Trd, 8639498.746, 96
Trd, 8639499.079, 128
Trd, 8639499.312, 125
Trd, 8639499.546, 116
Trd, 8639500.179, 113
Trd, 8639500.446, 118
Trd, 8639500.812, 139
Trd, 8639501.246, 111
Trd, 8639502.846, 127
Trd, 8639503.312, 121
Trd, 8639503.446, 117
Trd, 8639504.179, 140
Trd, 8639504.346, 134
Trd, 8639504.479, 122
Trd, 8639504.512, 103
Trd, 8639504.846, 105
Trd, 8639505.046, 89
Trd, 8639506.379, 127
Trd, 8639506.846, 95
Trd, 8639507.079, 83
Trd, 8639507.479, 75
Trd, 8639508.579, 102
Trd, 8639509.212, 88
Trd, 8639509.379, 87
Trd, 8639510.246, 110
Trd, 8639510.779, 124
Trd, 8639511.046, 106
Trd, 8639511.212, 115
Trd, 8639511.746, 140
Trd, 8639512.279, 137
Trd, 8639512.512, 139
Trd, 8639513.579, 98
Trd, 8639514.712, 132
Trd, 8639514.846, 92
Trd, 8639515.012, 89
Trd, 8639516.279, 113
Trd, 8639516.479, 115
Trd, 8639516.546, 111
Trd, 8639517.346, 96
Trd, 8639517.679, 115
Trd, 8639518.146, 134
Trd, 8639518.246, 131
Trd, 8639518.546, 130
Trd, 8639518.912, 128
Trd, 8639518.946, 98
Trd, 8639520.646, 134
Trd, 8639520.712, 120
Trd, 8639521.312, 137
Trd, 8639521.746, 131
Trd, 8639521.979, 122
Trd, 8639522.279, 136
Trd, 8639523.012, 118
Trd, 8639523.212, 116
Trd, 8639523.279, 110
Trd, 8639523.379, 97
Trd, 8639523.879, 125
Trd, 8639524.612, 103
Trd, 8639524.946, 98
Trd, 8639526.179, 94
Trd, 8639526.379, 107
Trd, 8639526.779, 60
Trd, 8639526.979, 78
Trd, 8639527.079, 73
Trd, 8639527.212, 63
Trd, 8639528.179, 61
Trd, 8639528.846, 129
Trd, 8639529.312, 136
Trd, 8639530.112, 93
Trd, 8639530.512, 78
Trd, 8639531.112, 88
Trd, 8639531.246, 84
Trd, 8639531.479, 108
Trd, 8639531.679, 73
Trd, 8639532.012, 78
Trd, 8639532.212, 92
Trd, 8639532.912, 140
Trd, 8639533.346, 138
Trd, 8639533.679, 105
Trd, 8639534.279, 73
Trd, 8639534.679, 73
Trd, 8639534.779, 96
Trd, 8639535.812, 76
Trd, 8639535.879, 92
Trd, 8639537.046, 72
Trd, 8639537.112, 102
Trd, 8639537.646, 110
Trd, 8639538.146, 102
Trd, 8639539.012, 120
Trd, 8639539.112, 119
Trd, 8639539.879, 127
Trd, 8639539.912, 106
Trd, 8639541.046, 138
Trd, 8639541.146, 113
Trd, 8639541.646, 114
Trd, 8639541.979, 101
Trd, 8639542.112, 101
Trd, 8639542.279, 100
Trd, 8639543.279, 129
Trd, 8639544.346, 122
Trd, 8639544.546, 115
Trd, 8639544.679, 126
Trd, 8639544.979, 87
Trd, 8639545.179, 70
Trd, 8639545.246, 87
Trd, 8639545.546, 76
Trd, 8639546.479, 85
Trd, 8639547.279, 78
Trd, 8639547.479, 90
Trd, 8639547.912, 63
Trd, 8639548.446, 61
Trd, 8639548.512, 84
Trd, 8639548.812, 62
Trd, 8639548.912, 77
Trd, 8639550.779, 132
Trd, 8639551.246, 108
Trd, 8639551.346, 121
Trd, 8639551.479, 107
Trd, 8639552.412, 116
Trd, 8639552.779, 107
Trd, 8639553.646, 83
Trd, 8639553.712, 95
Trd, 8639554.179, 70
Trd, 8639554.512, 120
Trd, 8639554.946, 100
Trd, 8639555.012, 102
Trd, 8639555.079, 99
Trd, 8639555.879, 112
Trd, 8639556.612, 122
Trd, 8639557.646, 112
Trd, 8639558.346, 131
Trd, 8639558.612, 125
Trd, 8639558.946, 124
Trd, 8639559.446, 129
Trd, 8639559.612, 123
Trd, 8639560.312, 109
Trd, 8639560.379, 92
Trd, 8639560.412, 90
Trd, 8639560.812, 107
Trd, 8639561.246, 86
Trd, 8639561.346, 87
Trd, 8639561.612, 91
Trd, 8639561.812, 82
Trd, 8639562.512, 128
Trd, 8639562.979, 63
Trd, 8639563.479, 75
Trd, 8639564.812, 77
Trd, 8639565.379, 104
Trd, 8639565.646, 103
Trd, 8639568.012, 113
Trd, 8639568.579, 96
Trd, 8639568.946, 121
Trd, 8639568.979, 92
Trd, 8639569.079, 88
Trd, 8639569.212, 86
Trd, 8639569.379, 129
Trd, 8639569.579, 83
Trd, 8639570.646, 97
Trd, 8639570.746, 96
Trd, 8639570.912, 126
Trd, 8639571.112, 87
Trd, 8639571.512, 106
Trd, 8639572.346, 125
Trd, 8639572.579, 135
Trd, 8639572.979, 85
Trd, 8639573.412, 97
Trd, 8639573.579, 95
Trd, 8639574.046, 90
Trd, 8639574.079, 83
Trd, 8639574.146, 102
Trd, 8639574.412, 120
Trd, 8639575.246, 74
Trd, 8639575.612, 88
Trd, 8639576.079, 73
Trd, 8639576.312, 74
Trd, 8639576.746, 79
Trd, 8639577.379, 96
Trd, 8639577.746, 129
Trd, 8639579.379, 130
Trd, 8639580.346, 136
Trd, 8639580.612, 132
Trd, 8639582.312, 135
Trd, 8639582.712, 115
Trd, 8639582.912, 119
Trd, 8639583.079, 136
Trd, 8639583.112, 114
Trd, 8639583.546, 139
Trd, 8639583.912, 112
Trd, 8639584.346, 138
Trd, 8639584.946, 120
Trd, 8639585.646, 140
Trd, 8639585.879, 140
Trd, 8639586.012, 120
Trd, 8639586.179, 101
Trd, 8639586.712, 100
Trd, 8639587.246, 109
Trd, 8639587.679, 107
Trd, 8639588.246, 90
Trd, 8639588.646, 112
Trd, 8639588.812, 87
Trd, 8639589.412, 102
Trd, 8639589.912, 65
Trd, 8639590.279, 80
Trd, 8639590.712, 84
Trd, 8639591.712, 82
Trd, 8639592.146, 103
Trd, 8639592.279, 103
Trd, 8639593.846, 140
Trd, 8639593.912, 130
Trd, 8639594.312, 127
Trd, 8639594.346, 120
Trd, 8639595.679, 133
Trd, 8639596.779, 136
Trd, 8639596.946, 134
Trd, 8639597.012, 127
Trd, 8639597.312, 126
Trd, 8639598.146, 134
Trd, 8639598.879, 138
Trd, 8639600.146, 131
Trd, 8639600.712, 129
Trd, 8639601.012, 127
Trd, 8639601.279, 116
Trd, 8639601.512, 116
Trd, 8639601.912, 110
Trd, 8639602.346, 135
Trd, 8639603.146, 120
Trd, 8639603.446, 97
Trd, 8639603.546, 125
Trd, 8639603.746, 95
Trd, 8639604.079, 94
Trd, 8639604.646, 93
Trd, 8639605.612, 98
Trd, 8639606.146, 115
Trd, 8639606.279, 124
Trd, 8639606.446, 115
Trd, 8639606.512, 83
Trd, 8639606.712, 86
Trd, 8639607.312, 70
Trd, 8639608.712, 61
Trd, 8639609.812, 105
Trd, 8639609.879, 99
Trd, 8639609.946, 94
Trd, 8639610.146, 89
Trd, 8639610.246, 114
Trd, 8639610.646, 74
Trd, 8639611.446, 125
Trd, 8639611.846, 129
Trd, 8639611.879, 114
Trd, 8639612.446, 125
Trd, 8639612.479, 113
Trd, 8639612.579, 112
Trd, 8639612.712, 92
Trd, 8639612.779, 106
Trd, 8639613.146, 131
Trd, 8639613.846, 107
Trd, 8639614.279, 139
Trd, 8639614.979, 100
Trd, 8639615.312, 101
Trd, 8639616.579, 95
Trd, 8639616.746, 108
Trd, 8639617.346, 98
Trd, 8639617.846, 105
Trd, 8639617.979, 85
Trd, 8639618.512, 120
Trd, 8639619.079, 135
Trd, 8639619.679, 82
Trd, 8639619.979, 106
Trd, 8639620.412, 118
Trd, 8639621.279, 98
Trd, 8639621.746, 93
Trd, 8639622.112, 88
Trd, 8639622.212, 77
Trd, 8639622.912, 137
Trd, 8639623.512, 90
Trd, 8639623.712, 109
Trd, 8639624.246, 117
Trd, 8639624.312, 92
Trd, 8639624.779, 107
Trd, 8639625.812, 80
Trd, 8639626.279, 130
Trd, 8639626.579, 81
Trd, 8639627.446, 97
Trd, 8639627.646, 77
Trd, 8639627.879, 140
Trd, 8639627.912, 137
Trd, 8639628.146, 125
Trd, 8639628.479, 138
Trd, 8639628.746, 140
Trd, 8639628.812, 123
Trd, 8639629.012, 108
Trd, 8639630.279, 92
Trd, 8639631.179, 138
Trd, 8639631.279, 101
Trd, 8639631.712, 121
Trd, 8639633.012, 127
Trd, 8639633.046, 113
Trd, 8639634.479, 132
Trd, 8639634.879, 119
Trd, 8639634.912, 113
Trd, 8639635.779, 108
Trd, 8639636.346, 119
Trd, 8639636.546, 107
Trd, 8639637.046, 115
Trd, 8639637.646, 112
Trd, 8639638.379, 113
Trd, 8639638.646, 111
Trd, 8639638.912, 121
Trd, 8639639.212, 88
Trd, 8639639.446, 96
Trd, 8639640.046, 137
Trd, 8639640.112, 102
Trd, 8639640.546, 74
Trd, 8639641.646, 133
Trd, 8639642.179, 94
Trd, 8639642.279, 95
Trd, 8639642.679, 97
Trd, 8639643.179, 112
Trd, 8639643.346, 138
Trd, 8639643.612, 140
Trd, 8639644.079, 133
Trd, 8639644.479, 131
Trd, 8639644.512, 122
Trd, 8639645.046, 96
Trd, 8639645.612, 119
Trd, 8639646.279, 125
Trd, 8639646.479, 87
Trd, 8639647.979, 86
Trd, 8639649.179, 107
Trd, 8639649.212, 81
Trd, 8639650.412, 111
Trd, 8639650.479, 107
Trd, 8639651.312, 139
Trd, 8639651.346, 127
Trd, 8639651.446, 121
Trd, 8639652.579, 131
Trd, 8639653.179, 108
Trd, 8639653.379, 99
Trd, 8639653.479, 78
Trd, 8639654.046, 137
Trd, 8639654.279, 136
Trd, 8639654.879, 132
Trd, 8639656.046, 111
Trd, 8639656.846, 114
Trd, 8639657.312, 132
Trd, 8639657.446, 99
Trd, 8639658.212, 135
Trd, 8639658.346, 106
Trd, 8639659.046, 100
Trd, 8639659.179, 109
Trd, 8639659.279, 99
Trd, 8639659.412, 84
Trd, 8639659.946, 107
Trd, 8639660.246, 89
Trd, 8639660.746, 105
Trd, 8639661.379, 123
Trd, 8639662.746, 112
Trd, 8639663.946, 135
Trd, 8639664.179, 131
Trd, 8639664.612, 91
Trd, 8639664.646, 89
Trd, 8639664.712, 85
Trd, 8639664.979, 123
Trd, 8639665.146, 111
Trd, 8639665.512, 107
Trd, 8639666.712, 116
Trd, 8639666.979, 114
Trd, 8639667.512, 115
Trd, 8639668.579, 112
Trd, 8639668.612, 110
Trd, 8639668.879, 63
Trd, 8639669.112, 113
Trd, 8639669.412, 72
Trd, 8639669.679, 72
Trd, 8639670.746, 91
Trd, 8639671.412, 103
Trd, 8639671.879, 84
Trd, 8639672.379, 77
Trd, 8639672.712, 89
Trd, 8639673.012, 121
Trd, 8639673.212, 119
Trd, 8639673.279, 114
Trd, 8639674.579, 100
Trd, 8639674.912, 90
Trd, 8639675.246, 109
Trd, 8639675.279, 88
Trd, 8639675.312, 74
Trd, 8639675.546, 127
Trd, 8639675.946, 90
Trd, 8639676.112, 88
Trd, 8639677.479, 112
Trd, 8639677.879, 136
Trd, 8639677.912, 122
Trd, 8639678.012, 104
Trd, 8639678.046, 100
Trd, 8639678.846, 114
Trd, 8639678.946, 81
Trd, 8639679.812, 67
Trd, 8639680.812, 117
Trd, 8639681.512, 116
Trd, 8639681.812, 115
Trd, 8639683.446, 96
Trd, 8639683.646, 108
Trd, 8639683.846, 95
Trd, 8639685.146, 130
Trd, 8639685.179, 90
Trd, 8639685.446, 89
Trd, 8639685.579, 101
Trd, 8639686.112, 115
Trd, 8639686.379, 133
Trd, 8639686.479, 123
Trd, 8639686.812, 101
Trd, 8639687.179, 127
Trd, 8639687.879, 92
Trd, 8639688.379, 106
Trd, 8639688.946, 103
Trd, 8639689.079, 115
Trd, 8639689.112, 91
Trd, 8639689.712, 67
Trd, 8639690.712, 64
Trd, 8639691.412, 70
Trd, 8639692.346, 65
Trd, 8639692.846, 62
Trd, 8639692.979, 68
Trd, 8639693.779, 109
Trd, 8639693.846, 76
Trd, 8639694.046, 100
Trd, 8639694.146, 75
Trd, 8639695.046, 83
Trd, 8639695.379, 82
Trd, 8639695.612, 95
Trd, 8639696.812, 118
Trd, 8639696.846, 115
Trd, 8639697.012, 108
Trd, 8639697.546, 109
Trd, 8639697.679, 127
Trd, 8639698.212, 106
Trd, 8639699.346, 128
Trd, 8639700.046, 106
Trd, 8639700.279, 115
Trd, 8639700.879, 121
Trd, 8639701.679, 122
Trd, 8639701.712, 113
Trd, 8639702.579, 97
Trd, 8639702.679, 96
Trd, 8639702.746, 88
Trd, 8639703.679, 82
Trd, 8639703.812, 104
Trd, 8639704.512, 95
Trd, 8639704.679, 97
Trd, 8639705.379, 94
Trd, 8639706.012, 92
Trd, 8639706.112, 74
Trd, 8639706.846, 78
Trd, 8639707.379, 81
Trd, 8639707.546, 88
Trd, 8639707.946, 60
Trd, 8639708.679, 118
Trd, 8639708.946, 77
Trd, 8639708.979, 121
Trd, 8639709.779, 77
Trd, 8639709.946, 118
Trd, 8639710.646, 88
Trd, 8639710.946, 84
Trd, 8639710.979, 73
Trd, 8639711.646, 83
Trd, 8639711.812, 100
Trd, 8639712.579, 124
Trd, 8639712.946, 115
Trd, 8639713.312, 138
Trd, 8639714.046, 136
Trd, 8639714.579, 134
Trd, 8639714.646, 126
Trd, 8639715.946, 102
Trd, 8639716.312, 96
Trd, 8639716.746, 110
Trd, 8639716.779, 89
Trd, 8639717.412, 98
Trd, 8639717.446, 87
Trd, 8639717.812, 106
Trd, 8639718.812, 119
Trd, 8639719.046, 67
Trd, 8639720.046, 138
Trd, 8639720.346, 89
Trd, 8639720.412, 106
Trd, 8639721.179, 80
Trd, 8639721.312, 85
Trd, 8639722.512, 121
Trd, 8639722.579, 110
Trd, 8639723.012, 104
Trd, 8639723.879, 116
Trd, 8639724.079, 105
Trd, 8639724.712, 104
Trd, 8639724.846, 119
Trd, 8639725.479, 124
Trd, 8639726.079, 101
Trd, 8639726.146, 124
Trd, 8639726.612, 94
Trd, 8639726.846, 86
Trd, 8639727.279, 83
Trd, 8639728.379, 120
Trd, 8639728.646, 87
Trd, 8639730.212, 120
Trd, 8639730.512, 136
Trd, 8639730.646, 124
Trd, 8639731.046, 119
Trd, 8639732.146, 101
Trd, 8639732.179, 89
Trd, 8639732.512, 118
Trd, 8639732.846, 100
Trd, 8639733.946, 134
Trd, 8639734.279, 132
Trd, 8639734.379, 130
Trd, 8639734.579, 119
Trd, 8639735.179, 122
Trd, 8639735.212, 91
Trd, 8639735.479, 89
Trd, 8639735.646, 69
Trd, 8639736.079, 135
Trd, 8639736.546, 133
Trd, 8639738.246, 83
Trd, 8639738.712, 108
Trd, 8639739.112, 113
Trd, 8639739.412, 133
Trd, 8639739.446, 118
Trd, 8639739.546, 129
Trd, 8639739.879, 125
Trd, 8639740.079, 109
Trd, 8639740.212, 92
Trd, 8639740.779, 82
Trd, 8639741.446, 128
Trd, 8639741.479, 126
Trd, 8639742.279, 113
Trd, 8639743.312, 81
Trd, 8639743.712, 74
Trd, 8639744.312, 107
Trd, 8639744.912, 102
Trd, 8639745.012, 92
Trd, 8639746.479, 129
Trd, 8639746.579, 129
Trd, 8639746.746, 126
Trd, 8639747.312, 123
Trd, 8639747.746, 118
Trd, 8639748.612, 131
Trd, 8639748.912, 114
Trd, 8639749.646, 112
Trd, 8639750.379, 113
Trd, 8639750.646, 100
Trd, 8639751.112, 122
Trd, 8639751.146, 81
Trd, 8639751.712, 60
Trd, 8639751.746, 110
Trd, 8639751.946, 102
Trd, 8639753.079, 91
Trd, 8639753.379, 126
Trd, 8639753.746, 104
Trd, 8639753.779, 76
Trd, 8639754.212, 130
Trd, 8639754.779, 81
Trd, 8639755.446, 102
Trd, 8639756.546, 101
Trd, 8639757.779, 136
Trd, 8639758.379, 133
Trd, 8639758.546, 119
Trd, 8639758.612, 116
Trd, 8639759.012, 124
Trd, 8639759.446, 126
Trd, 8639759.579, 83
Trd, 8639760.512, 89
Trd, 8639760.812, 125
Trd, 8639760.912, 81
Trd, 8639761.579, 113
Trd, 8639762.379, 95
Trd, 8639762.979, 100
Trd, 8639763.312, 88
Trd, 8639763.446, 123
Trd, 8639763.812, 114
Trd, 8639764.112, 100
Trd, 8639764.246, 98
Trd, 8639764.912, 110
Trd, 8639764.979, 103
Trd, 8639765.479, 95
Trd, 8639766.012, 86
Trd, 8639766.046, 76
Trd, 8639766.846, 125
Trd, 8639767.646, 124
Trd, 8639767.912, 123
Trd, 8639768.179, 111
Trd, 8639769.446, 132
Trd, 8639769.612, 117
Trd, 8639770.379, 136
Trd, 8639770.612, 103
Trd, 8639770.846, 98
Trd, 8639771.446, 132
Trd, 8639771.612, 127
Trd, 8639771.679, 96
Trd, 8639772.446, 93
Trd, 8639772.946, 130
Trd, 8639773.312, 103
Trd, 8639773.679, 92
Trd, 8639774.012, 94
Trd, 8639774.512, 87
Trd, 8639775.079, 107
Trd, 8639775.379, 127
Trd, 8639775.546, 139
Trd, 8639776.112, 117
Trd, 8639776.279, 106
Trd, 8639776.479, 128
Trd, 8639776.879, 99
Trd, 8639777.579, 79
Trd, 8639777.812, 84
Trd, 8639778.446, 88
Trd, 8639778.912, 94
Trd, 8639780.079, 139
Trd, 8639781.112, 102
Trd, 8639781.146, 112
Trd, 8639781.279, 91
Trd, 8639781.612, 109
Trd, 8639781.679, 119
Trd, 8639781.979, 87
Trd, 8639782.112, 81
Trd, 8639782.579, 87
Trd, 8639782.912, 131
Trd, 8639783.346, 85
Trd, 8639783.779, 86
Trd, 8639784.279, 100
Trd, 8639784.546, 125
Trd, 8639785.546, 128
Trd, 8639785.612, 113
Trd, 8639786.346, 104
Trd, 8639786.579, 104
Trd, 8639786.879, 89
Trd, 8639787.279, 100
Trd, 8639787.346, 105
Trd, 8639787.379, 90
Trd, 8639788.046, 112
Trd, 8639789.079, 85
Trd, 8639789.179, 79
Trd, 8639789.312, 78
Trd, 8639789.746, 88
Trd, 8639791.312, 132
Trd, 8639791.946, 137
Trd, 8639792.479, 113
Trd, 8639792.512, 110
Trd, 8639792.579, 102
Trd, 8639793.246, 109
Trd, 8639793.279, 87
Trd, 8639793.346, 86
Trd, 8639794.412, 121
Trd, 8639794.479, 125
Trd, 8639794.846, 135
Trd, 8639795.646, 130
Trd, 8639796.212, 99
Trd, 8639797.012, 120
Trd, 8639797.812, 92
Trd, 8639798.479, 118
Trd, 8639798.546, 117
Trd, 8639799.212, 112
Trd, 8639799.379, 129
Trd, 8639799.512, 126
Trd, 8639799.579, 113
Trd, 8639799.879, 91
Trd, 8639800.346, 119
Trd, 8639800.446, 103
Trd, 8639800.879, 91
Trd, 8639801.579, 81
Trd, 8639802.079, 87
Trd, 8639802.712, 101
Trd, 8639803.246, 110
Trd, 8639803.379, 105
Trd, 8639803.512, 128
Trd, 8639804.246, 115
Trd, 8639805.112, 127
Trd, 8639805.346, 102
Trd, 8639805.946, 99
Trd, 8639806.012, 80
Trd, 8639806.546, 125
Trd, 8639806.812, 83
Trd, 8639806.879, 77
Trd, 8639807.012, 76
Trd, 8639807.112, 69
Trd, 8639808.112, 77
Trd, 8639808.279, 131
Trd, 8639809.046, 116
Trd, 8639809.312, 131
Trd, 8639809.546, 118
Trd, 8639810.212, 112
Trd, 8639810.379, 111
Trd, 8639811.079, 115
Trd, 8639811.379, 106
Trd, 8639811.946, 105
Trd, 8639813.212, 96
Trd, 8639813.279, 83
Trd, 8639813.479, 80
Trd, 8639813.746, 77
Trd, 8639814.612, 71
Trd, 8639815.346, 85
Trd, 8639816.346, 119
Trd, 8639816.446, 121
Trd, 8639817.479, 124
Trd, 8639818.012, 118
Trd, 8639818.546, 113
Trd, 8639818.612, 111
Trd, 8639818.779, 98
Trd, 8639818.879, 85
Trd, 8639819.479, 114
Trd, 8639819.846, 104
Trd, 8639820.279, 93
Trd, 8639820.546, 79
Trd, 8639821.046, 87
Trd, 8639821.479, 123
Trd, 8639821.679, 108
Trd, 8639822.612, 115
Trd, 8639822.712, 104
Trd, 8639822.912, 115
Trd, 8639823.046, 75
Trd, 8639823.612, 83
Trd, 8639823.912, 70
Trd, 8639824.346, 75
Trd, 8639824.512, 62
Trd, 8639825.546, 67
Trd, 8639825.679, 94
Trd, 8639826.579, 137
Trd, 8639826.812, 117
Trd, 8639827.012, 105
Trd, 8639827.479, 104
Trd, 8639828.879, 130
Trd, 8639829.112, 124
Trd, 8639829.279, 107
Trd, 8639829.346, 102
Trd, 8639829.846, 135
Trd, 8639830.012, 121
Trd, 8639830.446, 120
Trd, 8639831.279, 129
Trd, 8639832.212, 116
Trd, 8639832.412, 95
Trd, 8639832.812, 94
Trd, 8639833.146, 89
Trd, 8639833.679, 139
Trd, 8639833.712, 118
Trd, 8639833.812, 90
Trd, 8639834.446, 78
Trd, 8639834.546, 66
Trd, 8639835.212, 118
Trd, 8639835.979, 125
Trd, 8639836.979, 131
Trd, 8639837.479, 129
Trd, 8639837.746, 113
Trd, 8639838.946, 103
Trd, 8639839.012, 96
Trd, 8639839.512, 93
Trd, 8639839.946, 96
Trd, 8639840.279, 107
Trd, 8639840.779, 92
Trd, 8639840.846, 90
Trd, 8639841.146, 95
Trd, 8639842.079, 133
Trd, 8639842.212, 128
Trd, 8639842.379, 82
Trd, 8639843.246, 130
Trd, 8639844.012, 119
Trd, 8639844.579, 113
Trd, 8639845.646, 124
Trd, 8639846.746, 120
Trd, 8639846.879, 116
Trd, 8639847.146, 126
Trd, 8639847.212, 106
Trd, 8639847.346, 105
Trd, 8639847.812, 132
Trd, 8639847.946, 105
Trd, 8639847.979, 100
Trd, 8639848.246, 78
Trd, 8639849.812, 115
Trd, 8639850.079, 110
Trd, 8639850.446, 114
Trd, 8639851.612, 125
Trd, 8639851.812, 124
Trd, 8639852.379, 123
Trd, 8639852.579, 130
Trd, 8639852.712, 119
Trd, 8639853.512, 98
Trd, 8639853.746, 106
Trd, 8639854.212, 82
Trd, 8639854.312, 97
Trd, 8639855.879, 133
Trd, 8639856.346, 115
Trd, 8639856.979, 137
Trd, 8639857.046, 114
Trd, 8639857.146, 101
Trd, 8639857.212, 87
Trd, 8639857.246, 87
Trd, 8639857.912, 62
Trd, 8639858.046, 63
Trd, 8639859.312, 84
Trd, 8639859.946, 85
Trd, 8639860.646, 81
Trd, 8639860.912, 109
Trd, 8639861.246, 74
Trd, 8639861.546, 68
Trd, 8639862.112, 104
Trd, 8639862.279, 106
Trd, 8639862.312, 84
Trd, 8639862.379, 64
Trd, 8639863.179, 130
Trd, 8639863.346, 108
Trd, 8639863.646, 122
Trd, 8639864.412, 99
Trd, 8639864.846, 104
Trd, 8639865.012, 101
Trd, 8639867.246, 118
Trd, 8639868.312, 132
Trd, 8639868.446, 127
Trd, 8639868.612, 108
Trd, 8639869.679, 135
Trd, 8639870.412, 123
Trd, 8639870.479, 122
Trd, 8639870.779, 131
Trd, 8639871.012, 116
Trd, 8639872.179, 119
Trd, 8639872.446, 112
Trd, 8639872.879, 130
Trd, 8639873.112, 115
Trd, 8639873.846, 113
Trd, 8639874.979, 101
Trd, 8639875.479, 95
Trd, 8639875.512, 81
Trd, 8639875.612, 90
Trd, 8639876.446, 139
Trd, 8639876.846, 111
Trd, 8639876.912, 79
Trd, 8639877.246, 68
Trd, 8639877.812, 116
Trd, 8639878.079, 113
Trd, 8639879.612, 110
Trd, 8639879.812, 103
Trd, 8639879.979, 104
Trd, 8639880.212, 100
Trd, 8639880.246, 130
Trd, 8639880.946, 128
Trd, 8639881.079, 113
Trd, 8639881.346, 120
Trd, 8639881.712, 85
Trd, 8639881.946, 100
Trd, 8639882.446, 126
Trd, 8639882.479, 113
Trd, 8639883.312, 72
Trd, 8639883.712, 95
Trd, 8639884.679, 74
Trd, 8639885.312, 110
Trd, 8639886.412, 130
Trd, 8639886.546, 127
Trd, 8639886.746, 108
Trd, 8639886.946, 94
Trd, 8639887.179, 62
Trd, 8639887.379, 62
Trd, 8639888.479, 95
Trd, 8639888.512, 106
Trd, 8639888.712, 93
Trd, 8639888.779, 107
Trd, 8639889.146, 77
Trd, 8639889.646, 76
Trd, 8639890.579, 117
Trd, 8639890.846, 125
Trd, 8639891.279, 131
Trd, 8639891.412, 92
Trd, 8639891.679, 86
Trd, 8639892.446, 113
Trd, 8639892.846, 107
Trd, 8639894.412, 128
Trd, 8639894.546, 106
Trd, 8639894.979, 112
Trd, 8639895.446, 105
Trd, 8639895.646, 102
Trd, 8639895.746, 94
Trd, 8639896.212, 120
Trd, 8639896.546, 82
Trd, 8639896.912, 82
Trd, 8639897.246, 71
Trd, 8639897.279, 74
Trd, 8639898.246, 109
Trd, 8639898.812, 120
Trd, 8639899.079, 105
Trd, 8639899.712, 80
Trd, 8639900.146, 100
Trd, 8639900.279, 128
Trd, 8639901.112, 104
Trd, 8639901.779, 83
Trd, 8639902.546, 81
Trd, 8639902.612, 73
Trd, 8639903.146, 124
Trd, 8639903.646, 84
Trd, 8639903.779, 129
Trd, 8639904.446, 111
Trd, 8639905.046, 93
Trd, 8639905.512, 115
Trd, 8639906.346, 111
Trd, 8639906.546, 105
Trd, 8639906.846, 95
Trd, 8639906.912, 110
Trd, 8639907.312, 132
Trd, 8639907.446, 130
Trd, 8639908.679, 119
Trd, 8639908.779, 110
Trd, 8639909.579, 119
Trd, 8639909.846, 128
Trd, 8639910.379, 130
Trd, 8639910.646, 124
Trd, 8639911.712, 133
Trd, 8639911.979, 122
Trd, 8639912.046, 115
Trd, 8639912.779, 104
Trd, 8639913.579, 136
Trd, 8639914.146, 129
Trd, 8639914.312, 102
Trd, 8639914.546, 132
Trd, 8639915.279, 135
Trd, 8639915.312, 125
Trd, 8639916.579, 97
Trd, 8639916.646, 86
Trd, 8639916.812, 74
Trd, 8639917.079, 90
Trd, 8639917.146, 113
Trd, 8639917.246, 102
Trd, 8639917.412, 86
Trd, 8639919.146, 136
Trd, 8639919.579, 139
Trd, 8639920.279, 134
Trd, 8639920.812, 136
Trd, 8639921.046, 119
Trd, 8639921.479, 107
Trd, 8639921.812, 132
Trd, 8639922.712, 128
Trd, 8639923.679, 138
Trd, 8639923.779, 136
Trd, 8639924.746, 101
Trd, 8639925.379, 110
Trd, 8639926.779, 134
Trd, 8639926.812, 124
Trd, 8639926.979, 112
Trd, 8639927.512, 101
Trd, 8639927.746, 100
Trd, 8639928.146, 122
Trd, 8639928.346, 131
Trd, 8639928.446, 117
Trd, 8639928.712, 134
Trd, 8639929.846, 127
Trd, 8639929.879, 100
Trd, 8639930.146, 92
Trd, 8639931.112, 108
Trd, 8639931.979, 84
Trd, 8639932.812, 135
Trd, 8639932.912, 133
Trd, 8639932.979, 132
Trd, 8639933.079, 97
Trd, 8639934.446, 86
Trd, 8639934.846, 118
Trd, 8639935.179, 125
Trd, 8639935.612, 124
Trd, 8639935.679, 121
Trd, 8639936.079, 123
Trd, 8639936.579, 119
Trd, 8639937.212, 118
Trd, 8639937.712, 112
Trd, 8639937.879, 114
Trd, 8639938.346, 110
Trd, 8639938.512, 101
Trd, 8639938.779, 116
Trd, 8639938.812, 105
Trd, 8639940.312, 100
Trd, 8639940.579, 94
Trd, 8639940.746, 105
Trd, 8639940.812, 71
Trd, 8639941.379, 116
Trd, 8639941.646, 114
Trd, 8639942.246, 132
Trd, 8639942.679, 126
Trd, 8639943.479, 111
Trd, 8639943.512, 110
Trd, 8639944.346, 80
Trd, 8639944.412, 117
Trd, 8639945.746, 72
Trd, 8639946.046, 89
Trd, 8639946.246, 76
Trd, 8639946.946, 93
Trd, 8639947.679, 114
Trd, 8639947.946, 113
Trd, 8639948.279, 134
Trd, 8639948.812, 99
Trd, 8639948.912, 92
Trd, 8639949.046, 111
Trd, 8639949.779, 119
Trd, 8639950.846, 85
Trd, 8639951.012, 87
Trd, 8639951.312, 77
Trd, 8639951.446, 66
Trd, 8639952.279, 106
Trd, 8639953.546, 138
Trd, 8639954.179, 127
Trd, 8639954.346, 125
Trd, 8639954.512, 105
Trd, 8639955.612, 132
Trd, 8639955.679, 125
Trd, 8639956.179, 134
Trd, 8639956.579, 132
Trd, 8639956.879, 111
Trd, 8639957.179, 109
Trd, 8639957.746, 127
Trd, 8639958.046, 123
Trd, 8639958.979, 136
Trd, 8639959.179, 127
Trd, 8639959.312, 135
Trd, 8639959.412, 124
Trd, 8639960.112, 131
Trd, 8639960.279, 120
Trd, 8639961.112, 102
Trd, 8639961.179, 89
Trd, 8639961.212, 114
Trd, 8639961.512, 106
Trd, 8639962.312, 133
Trd, 8639962.512, 89
Trd, 8639962.879, 137
Trd, 8639963.412, 117
Trd, 8639963.646, 114
Trd, 8639964.746, 110
Trd, 8639965.446, 137
Trd, 8639965.712, 96
Trd, 8639967.146, 119
Trd, 8639967.179, 82
Trd, 8639967.512, 79
Trd, 8639967.579, 79
Trd, 8639968.279, 91
Trd, 8639968.612, 89
Trd, 8639968.746, 98
Trd, 8639968.779, 83
Trd, 8639969.746, 83
Trd, 8639969.979, 82
Trd, 8639970.546, 60
Trd, 8639971.112, 87
Trd, 8639971.146, 93
Trd, 8639971.279, 117
Trd, 8639971.779, 91
Trd, 8639972.946, 110
Trd, 8639973.946, 79
Trd, 8639974.079, 94
Trd, 8639974.112, 70
Trd, 8639974.512, 103
Trd, 8639974.979, 119
Trd, 8639975.279, 128
Trd, 8639975.979, 101
Trd, 8639977.412, 120
Trd, 8639977.446, 119
Trd, 8639977.979, 117
Trd, 8639978.512, 108
Trd, 8639979.046, 110
Trd, 8639979.279, 103
Trd, 8639979.579, 94
Trd, 8639979.712, 91
Trd, 8639980.012, 115
Trd, 8639980.312, 123
Trd, 8639980.546, 105
Trd, 8639980.912, 124
Trd, 8639981.779, 89
Trd, 8639982.146, 86
Trd, 8639982.446, 72
Trd, 8639983.912, 117
Trd, 8639984.346, 127
Trd, 8639984.612, 125
Trd, 8639984.746, 103
Trd, 8639984.779, 98
Trd, 8639985.112, 90
Trd, 8639986.612, 115
Trd, 8639986.712, 81
Trd, 8639987.712, 95
Trd, 8639988.179, 101
Trd, 8639988.812, 120
Trd, 8639989.546, 123
Trd, 8639990.712, 132
Trd, 8639990.779, 126
Trd, 8639991.379, 119
Trd, 8639991.579, 125
Trd, 8639992.312, 100
Trd, 8639992.946, 113
Trd, 8639993.146, 105
Trd, 8639993.446, 92
Trd, 8639994.012, 72
Trd, 8639994.512, 107
Trd, 8639994.546, 103
Trd, 8639994.779, 97
Trd, 8639995.246, 95
Trd, 8639995.412, 82
Trd, 8639995.612, 101
Trd, 8639996.412, 127
Trd, 8639996.479, 124
Trd, 8639996.912, 120
Trd, 8639997.512, 134
Trd, 8639998.046, 137
Trd, 8639998.146, 128
Trd, 8639998.179, 96
Trd, 8639999.079, 106
Trd, 8639999.446, 133
Trd, 8639999.979, 128
