Trd, 8638768.479, 140
Trd, 8638768.546, 140
Trd, 8638769.746, 114
Trd, 8638770.179, 136
Trd, 8638770.612, 138
Trd, 8638771.079, 113
Trd, 8638771.146, 113
Trd, 8638771.279, 113
Trd, 8638771.312, 112
Trd, 8638771.912, 108
Trd, 8638772.612, 140
Trd, 8638772.646, 140
Trd, 8638773.746, 124
Trd, 8638773.879, 122
Trd, 8638774.012, 118
Trd, 8638774.279, 108
Trd, 8638775.046, 110
Trd, 8638775.246, 106
Trd, 8638775.512, 137
Trd, 8638775.946, 81
Trd, 8638776.346, 75
Trd, 8638777.212, 140
Trd, 8638777.279, 91
Trd, 8638777.746, 80
Trd, 8638778.346, 139
Trd, 8638779.479, 140
Trd, 8638779.979, 139
Trd, 8638780.012, 136
Trd, 8638781.179, 136
Trd, 8638781.279, 135
Trd, 8638781.412, 108
Trd, 8638782.346, 140
Trd, 8638783.012, 140
Trd, 8638783.579, 140
Trd, 8638784.079, 140
Trd, 8638784.212, 140
Trd, 8638784.412, 105
Trd, 8638784.712, 100
Trd, 8638785.012, 132
Trd, 8638785.912, 115
Trd, 8638786.979, 140
Trd, 8638787.412, 140
Trd, 8638787.546, 139
Trd, 8638788.379, 140
Trd, 8638788.746, 140
Trd, 8638788.912, 140
Trd, 8638788.946, 140
Trd, 8638789.012, 127
Trd, 8638789.712, 99
Trd, 8638791.146, 140
Trd, 8638791.779, 140
Trd, 8638792.646, 140
Trd, 8638792.779, 137
Trd, 8638793.012, 131
Trd, 8638793.179, 129
Trd, 8638793.846, 111
Trd, 8638794.579, 122
Trd, 8638795.212, 121
Trd, 8638795.346, 122
Trd, 8638795.379, 98
Trd, 8638795.879, 98
Trd, 8638796.246, 90
Trd, 8638796.479, 90
Trd, 8638796.646, 67
Trd, 8638798.379, 140
Trd, 8638798.712, 140
Trd, 8638798.979, 140
Trd, 8638799.379, 140
Trd, 8638799.479, 140
Trd, 8638799.979, 140
Trd, 8638800.646, 140
Trd, 8638800.912, 140
Trd, 8638802.379, 140
Trd, 8638803.079, 140
Trd, 8638803.179, 140
Trd, 8638803.512, 140
Trd, 8638803.612, 139
Trd, 8638804.146, 139
Trd, 8638804.479, 140
Trd, 8638804.512, 119
Trd, 8638804.646, 81
Trd, 8638805.379, 60
Trd, 8638805.779, 66
Trd, 8638805.979, 117
Trd, 8638807.146, 108
Trd, 8638807.612, 104
Trd, 8638808.312, 108
Trd, 8638808.746, 140
Trd, 8638808.946, 140
Trd, 8638809.479, 140
Trd, 8638809.546, 100
Trd, 8638809.646, 94
Trd, 8638810.079, 118
Trd, 8638810.146, 117
Trd, 8638810.546, 76
Trd, 8638810.612, 75
Trd, 8638811.812, 63
Trd, 8638812.379, 101
Trd, 8638812.546, 99
Trd, 8638812.579, 98
Trd, 8638813.612, 140
Trd, 8638813.746, 140
Trd, 8638814.312, 140
Trd, 8638815.012, 125
Trd, 8638815.412, 125
Trd, 8638816.046, 122
Trd, 8638816.279, 115
Trd, 8638816.979, 128
Trd, 8638818.079, 83
Trd, 8638818.279, 73
Trd, 8638818.479, 72
Trd, 8638818.912, 69
Trd, 8638819.446, 70
Trd, 8638820.312, 140
Trd, 8638820.712, 140
Trd, 8638820.812, 140
Trd, 8638821.412, 99
Trd, 8638822.546, 107
Trd, 8638823.046, 107
Trd, 8638823.312, 105
Trd, 8638823.912, 140
Trd, 8638824.012, 140
Trd, 8638824.346, 140
Trd, 8638824.512, 140
Trd, 8638824.546, 140
Trd, 8638824.712, 108
Trd, 8638825.912, 140
Trd, 8638826.946, 140
Trd, 8638827.112, 140
Trd, 8638827.146, 140
Trd, 8638827.546, 140
Trd, 8638828.012, 140
Trd, 8638828.212, 108
Trd, 8638829.179, 99
Trd, 8638829.312, 87
Trd, 8638829.712, 137
Trd, 8638829.779, 111
Trd, 8638830.746, 109
Trd, 8638831.346, 123
Trd, 8638831.679, 107
Trd, 8638833.079, 125
Trd, 8638833.212, 117
Trd, 8638834.379, 140
Trd, 8638834.812, 140
Trd, 8638835.379, 140
Trd, 8638835.712, 140
Trd, 8638835.912, 140
Trd, 8638837.179, 140
Trd, 8638837.579, 140
Trd, 8638838.279, 140
Trd, 8638838.412, 140
Trd, 8638838.912, 140
Trd, 8638839.346, 140
Trd, 8638839.546, 140
Trd, 8638839.779, 140
Trd, 8638840.379, 117
Trd, 8638841.279, 94
Trd, 8638841.646, 93
Trd, 8638842.179, 96
Trd, 8638842.846, 86
Trd, 8638842.879, 85
Trd, 8638843.012, 83
Trd, 8638843.612, 97
Trd, 8638844.279, 69
Trd, 8638844.612, 74
Trd, 8638844.646, 61
Trd, 8638845.012, 83
Trd, 8638845.379, 87
Trd, 8638845.646, 80
Trd, 8638846.079, 88
Trd, 8638846.579, 89
Trd, 8638847.446, 92
Trd, 8638848.146, 93
Trd, 8638848.246, 93
Trd, 8638848.479, 85
Trd, 8638849.046, 98
Trd, 8638849.679, 80
Trd, 8638849.879, 78
Trd, 8638850.346, 67
Trd, 8638850.779, 66
Trd, 8638850.846, 132
Trd, 8638851.346, 87
Trd, 8638851.879, 87
Trd, 8638852.246, 87
Trd, 8638852.579, 87
Trd, 8638852.612, 87
Trd, 8638852.946, 61
Trd, 8638853.846, 61
Trd, 8638854.079, 65
Trd, 8638855.612, 60
Trd, 8638855.779, 60
Trd, 8638856.646, 77
Trd, 8638857.179, 69
Trd, 8638857.346, 68
Trd, 8638857.512, 77
Trd, 8638857.779, 112
Trd, 8638858.746, 74
Trd, 8638859.046, 82
Trd, 8638859.079, 81
Trd, 8638859.512, 99
Trd, 8638859.712, 76
Trd, 8638861.979, 140
Trd, 8638862.246, 140
Trd, 8638862.346, 140
Trd, 8638862.412, 140
Trd, 8638862.446, 131
Trd, 8638863.012, 137
Trd, 8638863.046, 119
Trd, 8638863.279, 94
Trd, 8638863.512, 94
Trd, 8638863.879, 103
Trd, 8638864.312, 81
Trd, 8638864.646, 134
Trd, 8638864.679, 135
Trd, 8638865.479, 78
Trd, 8638866.879, 109
Trd, 8638866.979, 108
Trd, 8638867.112, 108
Trd, 8638868.079, 124
Trd, 8638868.212, 118
Trd, 8638868.479, 118
Trd, 8638869.346, 98
Trd, 8638869.779, 90
Trd, 8638870.146, 140
Trd, 8638870.246, 75
Trd, 8638870.446, 77
Trd, 8638870.746, 86
Trd, 8638871.546, 140
Trd, 8638872.012, 134
Trd, 8638872.346, 133
Trd, 8638872.779, 96
Trd, 8638873.612, 107
Trd, 8638874.579, 110
Trd, 8638875.046, 113
Trd, 8638875.912, 114
Trd, 8638876.479, 90
Trd, 8638877.012, 113
Trd, 8638877.312, 140
Trd, 8638877.479, 112
Trd, 8638878.246, 112
Trd, 8638878.479, 140
Trd, 8638878.512, 139
Trd, 8638878.946, 99
Trd, 8638879.546, 85
Trd, 8638879.679, 84
Trd, 8638880.379, 91
Trd, 8638880.446, 127
Trd, 8638880.779, 63
Trd, 8638881.179, 84
Trd, 8638881.312, 91
Trd, 8638881.779, 128
Trd, 8638881.846, 98
Trd, 8638882.079, 84
Trd, 8638883.446, 67
Trd, 8638883.646, 62
Trd, 8638884.146, 68
Trd, 8638884.446, 138
Trd, 8638884.879, 139
Trd, 8638885.912, 130
Trd, 8638885.946, 129
Trd, 8638887.579, 118
Trd, 8638888.146, 117
Trd, 8638888.412, 92
Trd, 8638889.646, 140
Trd, 8638889.846, 140
Trd, 8638890.312, 140
Trd, 8638890.446, 139
Trd, 8638890.712, 129
Trd, 8638890.879, 132
Trd, 8638890.946, 139
Trd, 8638892.446, 117
Trd, 8638892.646, 117
Trd, 8638892.979, 115
Trd, 8638893.112, 114
Trd, 8638893.479, 114
Trd, 8638894.246, 140
Trd, 8638894.846, 122
Trd, 8638894.946, 122
Trd, 8638895.779, 140
Trd, 8638896.246, 140
Trd, 8638896.646, 140
Trd, 8638896.712, 140
Trd, 8638897.512, 140
Trd, 8638897.846, 140
Trd, 8638898.779, 140
Trd, 8638898.879, 140
Trd, 8638899.646, 140
Trd, 8638900.046, 140
Trd, 8638900.546, 140
Trd, 8638901.346, 124
Trd, 8638901.512, 124
Trd, 8638902.212, 83
Trd, 8638902.312, 123
Trd, 8638902.379, 68
Trd, 8638902.412, 125
Trd, 8638902.779, 100
Trd, 8638902.846, 94
Trd, 8638904.179, 71
Trd, 8638904.446, 71
Trd, 8638904.612, 67
Trd, 8638905.446, 107
Trd, 8638905.612, 106
Trd, 8638905.912, 134
Trd, 8638906.312, 105
Trd, 8638906.579, 96
Trd, 8638906.646, 85
Trd, 8638907.879, 60
Trd, 8638908.746, 64
Trd, 8638908.779, 73
Trd, 8638909.679, 71
Trd, 8638909.912, 74
Trd, 8638910.246, 80
Trd, 8638911.312, 92
Trd, 8638911.346, 90
Trd, 8638911.712, 124
Trd, 8638912.012, 94
Trd, 8638912.546, 109
Trd, 8638912.879, 95
Trd, 8638914.146, 140
Trd, 8638914.179, 136
Trd, 8638914.612, 135
Trd, 8638916.212, 140
Trd, 8638916.846, 140
Trd, 8638916.979, 140
Trd, 8638917.146, 140
Trd, 8638917.679, 139
Trd, 8638917.846, 136
Trd, 8638918.179, 106
Trd, 8638918.646, 134
Trd, 8638918.879, 131
Trd, 8638919.046, 89
Trd, 8638919.246, 69
Trd, 8638920.312, 88
Trd, 8638921.279, 66
Trd, 8638921.346, 100
Trd, 8638922.112, 60
Trd, 8638922.746, 60
Trd, 8638923.112, 60
Trd, 8638924.179, 60
Trd, 8638924.312, 61
Trd, 8638924.379, 62
Trd, 8638924.946, 63
Trd, 8638925.179, 72
Trd, 8638925.946, 64
Trd, 8638926.112, 62
Trd, 8638926.679, 64
Trd, 8638927.412, 70
Trd, 8638927.679, 67
Trd, 8638928.212, 86
Trd, 8638928.312, 80
Trd, 8638928.712, 69
Trd, 8638929.746, 129
Trd, 8638930.212, 126
Trd, 8638930.512, 126
Trd, 8638930.812, 125
Trd, 8638931.212, 140
Trd, 8638931.246, 140
Trd, 8638931.712, 140
Trd, 8638932.746, 140
Trd, 8638933.646, 140
Trd, 8638933.846, 139
Trd, 8638934.312, 139
Trd, 8638934.479, 140
Trd, 8638935.112, 140
Trd, 8638935.612, 140
Trd, 8638935.679, 140
Trd, 8638935.812, 139
Trd, 8638935.946, 138
Trd, 8638936.712, 134
Trd, 8638936.846, 133
Trd, 8638937.112, 118
Trd, 8638937.146, 108
Trd, 8638937.346, 85
Trd, 8638939.079, 93
Trd, 8638939.212, 113
Trd, 8638939.646, 96
Trd, 8638939.779, 96
Trd, 8638940.346, 94
Trd, 8638940.412, 96
Trd, 8638940.679, 95
Trd, 8638940.846, 86
Trd, 8638940.912, 84
Trd, 8638941.846, 139
Trd, 8638941.979, 139
Trd, 8638942.012, 84
Trd, 8638942.246, 61
Trd, 8638943.279, 140
Trd, 8638943.812, 140
Trd, 8638944.446, 140
Trd, 8638944.846, 139
Trd, 8638945.546, 140
Trd, 8638945.679, 140
Trd, 8638946.112, 139
Trd, 8638948.279, 115
Trd, 8638948.346, 133
Trd, 8638948.412, 114
Trd, 8638948.446, 111
Trd, 8638948.679, 106
Trd, 8638948.746, 68
Trd, 8638949.346, 60
Trd, 8638950.579, 129
Trd, 8638951.079, 132
Trd, 8638951.512, 133
Trd, 8638951.846, 140
Trd, 8638952.046, 139
Trd, 8638952.679, 134
Trd, 8638952.979, 133
Trd, 8638954.146, 140
Trd, 8638955.146, 140
Trd, 8638955.946, 140
Trd, 8638956.246, 140
Trd, 8638956.679, 140
Trd, 8638957.446, 140
Trd, 8638957.712, 140
Trd, 8638958.046, 140
Trd, 8638958.679, 140
Trd, 8638959.012, 140
Trd, 8638959.212, 140
Trd, 8638959.346, 140
Trd, 8638960.546, 140
Trd, 8638960.579, 140
Trd, 8638960.746, 140
Trd, 8638960.779, 140
Trd, 8638960.846, 115
Trd, 8638960.879, 114
Trd, 8638961.812, 131
Trd, 8638962.779, 138
Trd, 8638963.212, 132
Trd, 8638963.279, 131
Trd, 8638963.446, 130
Trd, 8638963.646, 129
Trd, 8638963.679, 106
Trd, 8638964.146, 133
Trd, 8638964.446, 119
Trd, 8638964.679, 96
Trd, 8638965.946, 116
Trd, 8638966.646, 117
Trd, 8638967.312, 117
Trd, 8638967.546, 116
Trd, 8638968.712, 140
Trd, 8638969.079, 140
Trd, 8638969.379, 140
Trd, 8638969.446, 140
Trd, 8638969.546, 140
Trd, 8638969.579, 83
Trd, 8638969.946, 134
Trd, 8638970.946, 88
Trd, 8638971.046, 86
Trd, 8638971.279, 73
Trd, 8638971.846, 63
Trd, 8638972.079, 63
Trd, 8638972.546, 124
Trd, 8638972.846, 66
Trd, 8638973.246, 63
Trd, 8638973.879, 77
Trd, 8638974.579, 81
Trd, 8638975.846, 124
Trd, 8638976.912, 95
Trd, 8638977.146, 117
Trd, 8638977.479, 96
Trd, 8638977.712, 97
Trd, 8638977.812, 90
Trd, 8638978.112, 77
Trd, 8638978.479, 74
Trd, 8638978.512, 113
Trd, 8638980.012, 60
Trd, 8638980.146, 64
Trd, 8638980.479, 79
Trd, 8638981.279, 82
Trd, 8638981.712, 75
Trd, 8638982.146, 83
Trd, 8638982.679, 90
Trd, 8638982.946, 80
Trd, 8638983.946, 110
Trd, 8638984.246, 93
Trd, 8638984.312, 134
Trd, 8638984.546, 93
Trd, 8638985.379, 76
Trd, 8638985.712, 87
Trd, 8638985.746, 103
Trd, 8638986.512, 76
Trd, 8638986.679, 66
Trd, 8638987.579, 114
Trd, 8638988.012, 70
Trd, 8638988.179, 60
Trd, 8638988.979, 60
Trd, 8638989.679, 60
Trd, 8638990.946, 64
Trd, 8638991.312, 61
Trd, 8638991.412, 66
Trd, 8638991.446, 67
Trd, 8638991.946, 72
Trd, 8638992.546, 75
Trd, 8638993.212, 78
Trd, 8638993.312, 75
Trd, 8638994.012, 77
Trd, 8638995.212, 82
Trd, 8638995.279, 88
Trd, 8638995.479, 83
Trd, 8638996.179, 83
Trd, 8638996.579, 108
Trd, 8638996.779, 82
Trd, 8638997.112, 93
Trd, 8638997.412, 89
Trd, 8638999.346, 113
Trd, 8638999.412, 90
Trd, 8638999.546, 90
Trd, 8638999.912, 125
Trd, 8639000.112, 126
Trd, 8639000.612, 100
Trd, 8639000.746, 82
Trd, 8639001.246, 106
Trd, 8639001.646, 138
Trd, 8639001.879, 93
Trd, 8639002.212, 93
Trd, 8639002.646, 93
Trd, 8639003.046, 92
Trd, 8639004.279, 76
Trd, 8639004.679, 81
Trd, 8639005.246, 105
Trd, 8639005.912, 90
Trd, 8639006.046, 90
Trd, 8639006.312, 91
Trd, 8639006.612, 107
Trd, 8639006.646, 108
Trd, 8639007.246, 100
Trd, 8639007.279, 99
Trd, 8639007.512, 98
Trd, 8639008.312, 105
Trd, 8639008.546, 83
Trd, 8639009.046, 111
Trd, 8639009.746, 85
Trd, 8639009.812, 100
Trd, 8639010.012, 86
Trd, 8639010.512, 92
Trd, 8639010.579, 85
Trd, 8639010.746, 111
Trd, 8639011.146, 86
Trd, 8639013.412, 92
Trd, 8639013.612, 93
Trd, 8639013.646, 92
Trd, 8639013.879, 98
Trd, 8639014.179, 92
Trd, 8639014.312, 114
Trd, 8639014.379, 87
Trd, 8639014.679, 87
Trd, 8639014.712, 84
Trd, 8639014.946, 134
Trd, 8639015.479, 73
Trd, 8639015.946, 72
Trd, 8639016.679, 77
Trd, 8639016.746, 76
Trd, 8639017.112, 89
Trd, 8639017.446, 77
Trd, 8639017.612, 62
Trd, 8639018.212, 63
Trd, 8639019.179, 61
Trd, 8639019.246, 61
Trd, 8639020.179, 85
Trd, 8639021.079, 108
Trd, 8639021.212, 89
Trd, 8639021.412, 140
Trd, 8639021.579, 140
Trd, 8639022.512, 140
Trd, 8639023.812, 140
Trd, 8639024.112, 140
Trd, 8639024.446, 140
Trd, 8639024.779, 99
Trd, 8639024.879, 90
Trd, 8639026.112, 140
Trd, 8639026.412, 136
Trd, 8639026.446, 135
Trd, 8639027.312, 127
Trd, 8639027.646, 140
Trd, 8639027.846, 140
Trd, 8639028.279, 140
Trd, 8639029.412, 140
Trd, 8639029.546, 140
Trd, 8639029.946, 140
Trd, 8639030.346, 140
Trd, 8639031.412, 140
Trd, 8639031.446, 140
Trd, 8639032.112, 140
Trd, 8639032.446, 140
Trd, 8639032.812, 139
Trd, 8639032.979, 108
Trd, 8639034.546, 140
Trd, 8639034.579, 77
Trd, 8639035.212, 132
Trd, 8639035.346, 112
Trd, 8639035.646, 67
Trd, 8639037.379, 109
Trd, 8639037.679, 90
Trd, 8639037.912, 97
Trd, 8639037.946, 100
Trd, 8639038.179, 89
Trd, 8639038.412, 82
Trd, 8639038.712, 140
Trd, 8639039.612, 89
Trd, 8639039.879, 91
Trd, 8639040.479, 140
Trd, 8639040.546, 88
Trd, 8639041.079, 84
Trd, 8639041.346, 90
Trd, 8639041.779, 127
Trd, 8639042.312, 127
Trd, 8639042.712, 127
Trd, 8639042.779, 126
Trd, 8639042.912, 104
Trd, 8639044.579, 103
Trd, 8639044.612, 76
Trd, 8639045.612, 140
Trd, 8639045.946, 94
Trd, 8639046.346, 79
Trd, 8639046.446, 65
Trd, 8639047.279, 68
Trd, 8639047.646, 60
Trd, 8639047.946, 60
Trd, 8639048.746, 65
Trd, 8639049.046, 90
Trd, 8639049.312, 69
Trd, 8639049.346, 67
Trd, 8639049.879, 67
Trd, 8639050.446, 70
Trd, 8639050.846, 70
Trd, 8639051.179, 73
Trd, 8639051.279, 72
Trd, 8639051.446, 71
Trd, 8639051.846, 72
Trd, 8639053.212, 86
Trd, 8639053.279, 67
Trd, 8639053.446, 66
Trd, 8639053.712, 92
Trd, 8639053.779, 73
Trd, 8639054.779, 129
Trd, 8639055.079, 130
Trd, 8639055.379, 129
Trd, 8639056.546, 140
Trd, 8639056.646, 140
Trd, 8639056.812, 140
Trd, 8639057.446, 140
Trd, 8639058.112, 139
Trd, 8639058.179, 121
Trd, 8639058.479, 88
Trd, 8639058.612, 126
Trd, 8639059.079, 93
Trd, 8639059.912, 140
Trd, 8639060.046, 112
Trd, 8639060.212, 111
Trd, 8639060.379, 109
Trd, 8639061.579, 70
Trd, 8639062.946, 61
Trd, 8639063.412, 61
Trd, 8639063.512, 60
Trd, 8639063.946, 60
Trd, 8639063.979, 60
Trd, 8639064.512, 60
Trd, 8639065.012, 64
Trd, 8639065.412, 67
Trd, 8639065.746, 83
Trd, 8639066.546, 66
Trd, 8639066.946, 64
Trd, 8639067.746, 71
Trd, 8639067.912, 70
Trd, 8639068.446, 73
Trd, 8639068.912, 73
Trd, 8639069.412, 83
Trd, 8639069.512, 99
Trd, 8639071.912, 140
Trd, 8639071.946, 140
Trd, 8639072.246, 140
Trd, 8639072.512, 140
Trd, 8639072.646, 140
Trd, 8639072.812, 138
Trd, 8639072.846, 137
Trd, 8639073.312, 106
Trd, 8639074.379, 140
Trd, 8639074.579, 140
Trd, 8639076.046, 140
Trd, 8639076.179, 140
Trd, 8639076.446, 140
Trd, 8639076.612, 140
Trd, 8639076.946, 140
Trd, 8639078.246, 132
Trd, 8639078.346, 107
Trd, 8639078.512, 139
Trd, 8639079.146, 118
Trd, 8639079.612, 101
Trd, 8639080.612, 104
Trd, 8639080.946, 120
Trd, 8639081.046, 121
Trd, 8639081.846, 116
Trd, 8639081.946, 116
Trd, 8639082.246, 123
Trd, 8639082.446, 115
Trd, 8639082.479, 115
Trd, 8639083.312, 134
Trd, 8639084.012, 107
Trd, 8639084.579, 107
Trd, 8639084.646, 105
Trd, 8639084.912, 102
Trd, 8639085.212, 138
Trd, 8639086.279, 130
Trd, 8639086.346, 129
Trd, 8639086.812, 130
Trd, 8639087.446, 132
Trd, 8639088.179, 140
Trd, 8639088.779, 114
Trd, 8639089.212, 95
Trd, 8639089.246, 94
Trd, 8639090.212, 98
Trd, 8639091.146, 140
Trd, 8639091.746, 140
Trd, 8639091.779, 140
Trd, 8639091.846, 140
Trd, 8639092.279, 140
Trd, 8639093.079, 140
Trd, 8639093.246, 140
Trd, 8639093.346, 114
Trd, 8639094.146, 119
Trd, 8639094.246, 118
Trd, 8639094.612, 116
Trd, 8639094.812, 104
Trd, 8639095.946, 140
Trd, 8639096.079, 140
Trd, 8639096.479, 138
Trd, 8639097.212, 87
Trd, 8639097.712, 72
Trd, 8639098.712, 61
Trd, 8639099.312, 64
Trd, 8639099.412, 65
Trd, 8639099.579, 66
Trd, 8639099.879, 65
Trd, 8639100.212, 67
Trd, 8639101.179, 66
Trd, 8639101.512, 68
Trd, 8639102.246, 74
Trd, 8639102.779, 109
Trd, 8639103.479, 83
Trd, 8639103.712, 86
Trd, 8639103.979, 84
Trd, 8639104.312, 139
Trd, 8639105.112, 105
Trd, 8639105.146, 87
Trd, 8639106.779, 140
Trd, 8639106.912, 140
Trd, 8639106.979, 140
Trd, 8639107.712, 140
Trd, 8639107.912, 140
Trd, 8639108.512, 140
Trd, 8639108.646, 106
Trd, 8639109.212, 91
Trd, 8639109.346, 91
Trd, 8639109.612, 140
Trd, 8639110.012, 108
Trd, 8639110.912, 140
Trd, 8639111.279, 140
Trd, 8639111.546, 140
Trd, 8639111.879, 140
Trd, 8639113.046, 140
Trd, 8639113.812, 120
Trd, 8639114.079, 120
Trd, 8639114.279, 128
Trd, 8639114.346, 125
Trd, 8639114.746, 140
Trd, 8639114.846, 140
Trd, 8639115.446, 119
Trd, 8639115.546, 85
Trd, 8639116.212, 140
Trd, 8639116.846, 126
Trd, 8639117.612, 85
Trd, 8639117.979, 127
Trd, 8639118.246, 88
Trd, 8639118.679, 87
Trd, 8639119.179, 126
Trd, 8639119.412, 113
Trd, 8639120.012, 112
Trd, 8639120.346, 93
Trd, 8639120.879, 84
Trd, 8639120.946, 81
Trd, 8639121.812, 81
Trd, 8639121.979, 119
Trd, 8639122.112, 119
Trd, 8639122.479, 113
Trd, 8639123.112, 114
Trd, 8639123.479, 113
Trd, 8639123.612, 100
Trd, 8639124.546, 114
Trd, 8639125.046, 103
Trd, 8639125.646, 125
Trd, 8639125.746, 114
Trd, 8639125.812, 101
Trd, 8639126.679, 124
Trd, 8639126.746, 99
Trd, 8639127.812, 96
Trd, 8639127.912, 95
Trd, 8639128.046, 84
Trd, 8639128.379, 65
Trd, 8639128.579, 119
Trd, 8639129.412, 101
Trd, 8639129.646, 111
Trd, 8639130.146, 103
Trd, 8639130.212, 102
Trd, 8639131.479, 86
Trd, 8639131.679, 81
Trd, 8639131.812, 112
Trd, 8639132.179, 101
Trd, 8639132.712, 110
Trd, 8639132.912, 78
Trd, 8639133.046, 79
Trd, 8639133.179, 77
Trd, 8639133.912, 66
Trd, 8639134.046, 79
Trd, 8639135.912, 63
Trd, 8639136.879, 60
Trd, 8639137.279, 63
Trd, 8639137.479, 63
Trd, 8639138.712, 63
Trd, 8639139.112, 63
Trd, 8639139.212, 65
Trd, 8639139.546, 69
Trd, 8639139.579, 68
Trd, 8639139.712, 68
Trd, 8639139.746, 67
Trd, 8639140.646, 106
Trd, 8639142.046, 114
Trd, 8639142.112, 79
Trd, 8639142.179, 124
Trd, 8639142.779, 82
Trd, 8639142.979, 82
Trd, 8639143.212, 83
Trd, 8639143.612, 140
Trd, 8639144.112, 102
Trd, 8639144.246, 140
Trd, 8639145.012, 73
Trd, 8639145.079, 126
Trd, 8639146.546, 80
Trd, 8639146.579, 78
Trd, 8639147.246, 71
Trd, 8639147.612, 80
Trd, 8639148.046, 80
Trd, 8639148.212, 82
Trd, 8639148.712, 136
Trd, 8639148.846, 78
Trd, 8639149.346, 102
Trd, 8639150.212, 110
Trd, 8639150.979, 111
Trd, 8639151.279, 109
Trd, 8639151.546, 107
Trd, 8639151.912, 106
Trd, 8639152.012, 100
Trd, 8639152.679, 94
Trd, 8639153.446, 94
Trd, 8639153.646, 93
Trd, 8639154.046, 140
Trd, 8639154.579, 67
Trd, 8639155.446, 131
Trd, 8639155.546, 128
Trd, 8639155.879, 108
Trd, 8639157.412, 140
Trd, 8639157.579, 140
Trd, 8639157.812, 140
Trd, 8639158.046, 140
Trd, 8639158.146, 139
Trd, 8639158.612, 116
Trd, 8639159.379, 104
Trd, 8639160.546, 133
Trd, 8639161.012, 140
Trd, 8639161.079, 132
Trd, 8639161.479, 132
Trd, 8639161.712, 132
Trd, 8639161.746, 131
Trd, 8639162.446, 89
Trd, 8639163.079, 66
Trd, 8639164.912, 67
Trd, 8639165.046, 67
Trd, 8639165.212, 66
Trd, 8639165.579, 76
Trd, 8639166.046, 60
Trd, 8639166.212, 77
Trd, 8639166.679, 75
Trd, 8639167.146, 96
Trd, 8639168.046, 74
Trd, 8639168.079, 72
Trd, 8639168.779, 95
Trd, 8639169.046, 72
Trd, 8639169.179, 112
Trd, 8639169.279, 116
Trd, 8639169.379, 70
Trd, 8639169.479, 63
Trd, 8639170.079, 65
Trd, 8639170.579, 66
Trd, 8639171.146, 64
Trd, 8639171.312, 62
Trd, 8639172.712, 62
Trd, 8639173.179, 63
Trd, 8639174.746, 66
Trd, 8639175.946, 64
Trd, 8639176.012, 65
Trd, 8639176.246, 65
Trd, 8639177.279, 61
Trd, 8639177.512, 73
Trd, 8639177.679, 63
Trd, 8639177.879, 117
Trd, 8639178.479, 67
Trd, 8639178.846, 67
Trd, 8639179.179, 67
Trd, 8639180.212, 71
Trd, 8639180.612, 74
Trd, 8639181.846, 84
Trd, 8639181.912, 83
Trd, 8639181.946, 81
Trd, 8639182.812, 93
Trd, 8639183.346, 77
Trd, 8639184.146, 84
Trd, 8639184.179, 77
Trd, 8639184.346, 84
Trd, 8639184.479, 126
Trd, 8639185.479, 122
Trd, 8639185.679, 122
Trd, 8639186.112, 123
Trd, 8639186.846, 90
Trd, 8639187.246, 92
Trd, 8639187.546, 85
Trd, 8639188.012, 64
Trd, 8639188.412, 75
Trd, 8639188.446, 76
Trd, 8639188.912, 92
Trd, 8639189.046, 91
Trd, 8639189.412, 90
Trd, 8639189.612, 106
Trd, 8639190.646, 140
Trd, 8639191.079, 137
Trd, 8639191.246, 135
Trd, 8639191.279, 72
Trd, 8639192.112, 63
Trd, 8639192.512, 61
Trd, 8639192.879, 61
Trd, 8639193.746, 62
Trd, 8639194.079, 63
Trd, 8639194.412, 61
Trd, 8639194.546, 63
Trd, 8639194.579, 78
Trd, 8639195.579, 87
Trd, 8639196.079, 66
Trd, 8639196.479, 140
Trd, 8639196.679, 97
Trd, 8639197.212, 101
Trd, 8639198.112, 109
Trd, 8639198.379, 103
Trd, 8639198.412, 102
Trd, 8639199.212, 107
Trd, 8639199.579, 108
Trd, 8639199.779, 109
Trd, 8639201.279, 108
Trd, 8639201.846, 107
Trd, 8639201.879, 106
Trd, 8639202.412, 103
Trd, 8639202.546, 94
Trd, 8639202.679, 83
Trd, 8639202.746, 80
Trd, 8639203.279, 79
Trd, 8639203.446, 97
Trd, 8639204.346, 60
Trd, 8639204.446, 60
Trd, 8639205.446, 63
Trd, 8639205.712, 64
Trd, 8639206.346, 63
Trd, 8639206.412, 63
Trd, 8639206.612, 99
Trd, 8639207.479, 138
Trd, 8639207.712, 137
Trd, 8639208.946, 76
Trd, 8639209.246, 128
Trd, 8639209.446, 87
Trd, 8639210.279, 98
Trd, 8639210.512, 89
Trd, 8639210.846, 88
Trd, 8639211.379, 85
Trd, 8639211.779, 60
Trd, 8639211.846, 60
Trd, 8639212.479, 123
Trd, 8639212.779, 73
Trd, 8639213.812, 63
Trd, 8639214.046, 65
Trd, 8639214.512, 113
Trd, 8639214.879, 64
Trd, 8639215.446, 140
Trd, 8639216.346, 140
Trd, 8639216.879, 140
Trd, 8639217.079, 140
Trd, 8639217.646, 140
Trd, 8639217.879, 140
Trd, 8639218.346, 97
Trd, 8639218.812, 78
Trd, 8639218.912, 77
Trd, 8639219.546, 76
Trd, 8639220.712, 101
Trd, 8639220.879, 104
Trd, 8639221.179, 109
Trd, 8639221.212, 108
Trd, 8639222.912, 123
Trd, 8639223.012, 121
Trd, 8639223.212, 138
Trd, 8639223.279, 130
Trd, 8639223.479, 138
Trd, 8639224.512, 111
Trd, 8639225.279, 99
Trd, 8639225.546, 80
Trd, 8639226.279, 81
Trd, 8639227.912, 88
Trd, 8639228.079, 91
Trd, 8639228.112, 95
Trd, 8639228.179, 88
Trd, 8639228.346, 87
Trd, 8639228.446, 134
Trd, 8639228.479, 82
Trd, 8639230.379, 60
Trd, 8639230.912, 60
Trd, 8639231.979, 115
Trd, 8639232.112, 98
Trd, 8639232.179, 96
Trd, 8639232.279, 95
Trd, 8639232.846, 73
Trd, 8639233.212, 76
Trd, 8639233.946, 60
Trd, 8639235.012, 100
Trd, 8639235.579, 140
Trd, 8639235.979, 99
Trd, 8639236.812, 130
Trd, 8639237.312, 118
Trd, 8639237.346, 117
Trd, 8639237.512, 140
Trd, 8639238.812, 134
Trd, 8639239.046, 108
Trd, 8639239.979, 103
Trd, 8639240.046, 116
Trd, 8639240.412, 116
Trd, 8639240.512, 102
Trd, 8639240.612, 117
Trd, 8639240.979, 127
Trd, 8639241.479, 133
Trd, 8639242.112, 135
Trd, 8639242.179, 132
Trd, 8639243.112, 140
Trd, 8639243.379, 140
Trd, 8639243.979, 114
Trd, 8639244.679, 140
Trd, 8639244.979, 140
Trd, 8639245.112, 140
Trd, 8639246.212, 139
Trd, 8639246.546, 120
Trd, 8639246.579, 93
Trd, 8639246.646, 80
Trd, 8639246.779, 77
Trd, 8639247.246, 75
Trd, 8639247.946, 140
Trd, 8639248.579, 139
Trd, 8639248.746, 89
Trd, 8639249.279, 93
Trd, 8639249.612, 94
Trd, 8639249.846, 95
Trd, 8639250.546, 97
Trd, 8639252.046, 140
Trd, 8639252.346, 140
Trd, 8639252.746, 140
Trd, 8639252.779, 140
Trd, 8639253.046, 140
Trd, 8639253.179, 140
Trd, 8639253.912, 140
Trd, 8639254.179, 140
Trd, 8639254.579, 79
Trd, 8639254.746, 76
Trd, 8639255.446, 102
Trd, 8639255.679, 112
Trd, 8639255.846, 71
Trd, 8639256.446, 67
Trd, 8639257.246, 81
Trd, 8639257.612, 75
Trd, 8639257.779, 74
Trd, 8639258.012, 89
Trd, 8639258.879, 90
Trd, 8639259.179, 94
Trd, 8639259.479, 89
Trd, 8639259.612, 83
Trd, 8639260.279, 134
Trd, 8639260.579, 140
Trd, 8639261.312, 121
Trd, 8639262.412, 121
Trd, 8639262.512, 120
Trd, 8639262.679, 139
Trd, 8639263.579, 126
Trd, 8639263.612, 125
Trd, 8639263.779, 125
Trd, 8639263.946, 122
Trd, 8639264.746, 86
Trd, 8639264.979, 101
Trd, 8639266.379, 119
Trd, 8639266.546, 115
Trd, 8639266.679, 114
Trd, 8639267.446, 140
Trd, 8639268.379, 140
Trd, 8639268.812, 140
Trd, 8639269.646, 140
Trd, 8639269.712, 140
Trd, 8639270.046, 139
Trd, 8639270.712, 139
Trd, 8639270.746, 139
Trd, 8639271.312, 112
Trd, 8639271.946, 140
Trd, 8639272.012, 140
Trd, 8639272.612, 140
Trd, 8639274.012, 140
Trd, 8639274.412, 140
Trd, 8639274.479, 140
Trd, 8639274.946, 140
Trd, 8639275.012, 136
Trd, 8639275.546, 115
Trd, 8639276.112, 131
Trd, 8639276.612, 107
Trd, 8639277.312, 107
Trd, 8639277.379, 96
Trd, 8639277.512, 81
Trd, 8639277.712, 133
Trd, 8639278.046, 93
Trd, 8639278.979, 104
Trd, 8639279.012, 83
Trd, 8639280.079, 86
Trd, 8639280.679, 92
Trd, 8639280.779, 89
Trd, 8639281.112, 89
Trd, 8639281.312, 90
Trd, 8639281.612, 128
Trd, 8639282.079, 88
Trd, 8639283.179, 74
Trd, 8639283.879, 61
Trd, 8639284.212, 61
Trd, 8639284.346, 70
Trd, 8639285.279, 81
Trd, 8639285.446, 101
Trd, 8639286.046, 81
Trd, 8639286.212, 79
Trd, 8639286.646, 85
Trd, 8639287.946, 92
Trd, 8639288.046, 98
Trd, 8639288.146, 90
Trd, 8639288.179, 89
Trd, 8639288.246, 88
Trd, 8639290.046, 115
Trd, 8639290.379, 113
Trd, 8639290.412, 95
Trd, 8639291.012, 101
Trd, 8639291.046, 90
Trd, 8639291.946, 66
Trd, 8639292.579, 81
Trd, 8639293.112, 127
Trd, 8639295.012, 134
Trd, 8639295.279, 135
Trd, 8639295.346, 134
Trd, 8639295.512, 138
Trd, 8639295.679, 133
Trd, 8639295.746, 132
Trd, 8639296.179, 87
Trd, 8639297.046, 103
Trd, 8639297.746, 107
Trd, 8639298.112, 106
Trd, 8639298.546, 135
Trd, 8639298.712, 115
Trd, 8639298.912, 99
Trd, 8639299.412, 92
Trd, 8639299.446, 91
Trd, 8639300.179, 68
Trd, 8639300.579, 132
Trd, 8639301.546, 76
Trd, 8639301.579, 77
Trd, 8639301.612, 75
Trd, 8639303.312, 132
Trd, 8639303.512, 140
Trd, 8639303.846, 139
Trd, 8639304.079, 139
Trd, 8639304.212, 138
Trd, 8639305.046, 101
Trd, 8639305.646, 94
Trd, 8639305.846, 129
Trd, 8639306.046, 93
Trd, 8639306.812, 100
Trd, 8639307.012, 84
Trd, 8639307.446, 103
Trd, 8639307.946, 96
Trd, 8639308.912, 96
Trd, 8639309.046, 89
Trd, 8639309.212, 89
Trd, 8639309.379, 103
Trd, 8639309.446, 104
Trd, 8639310.246, 104
Trd, 8639311.079, 107
Trd, 8639311.179, 105
Trd, 8639312.512, 105
Trd, 8639312.712, 98
Trd, 8639313.012, 82
Trd, 8639314.446, 140
Trd, 8639315.346, 140
Trd, 8639315.479, 140
Trd, 8639315.579, 140
Trd, 8639315.846, 140
Trd, 8639316.112, 140
Trd, 8639317.079, 140
Trd, 8639317.246, 140
Trd, 8639317.979, 139
Trd, 8639318.579, 130
Trd, 8639318.746, 129
Trd, 8639319.112, 136
Trd, 8639319.446, 114
Trd, 8639319.779, 83
Trd, 8639321.179, 79
Trd, 8639321.379, 125
Trd, 8639322.312, 88
Trd, 8639322.512, 127
Trd, 8639322.779, 127
Trd, 8639323.379, 95
Trd, 8639323.879, 140
Trd, 8639324.112, 122
Trd, 8639324.612, 122
Trd, 8639324.779, 121
Trd, 8639325.646, 130
Trd, 8639326.712, 107
Trd, 8639326.746, 106
Trd, 8639327.012, 104
Trd, 8639327.046, 103
Trd, 8639327.212, 114
Trd, 8639327.746, 88
Trd, 8639328.046, 140
Trd, 8639329.179, 140
Trd, 8639329.479, 140
Trd, 8639329.646, 140
Trd, 8639330.679, 91
Trd, 8639332.079, 140
Trd, 8639332.246, 140
Trd, 8639332.946, 139
Trd, 8639333.046, 139
Trd, 8639334.546, 136
Trd, 8639335.879, 137
Trd, 8639336.079, 117
Trd, 8639336.212, 115
Trd, 8639336.379, 98
Trd, 8639336.446, 96
Trd, 8639336.579, 94
Trd, 8639336.646, 81
Trd, 8639336.679, 72
Trd, 8639337.179, 64
Trd, 8639337.312, 76
Trd, 8639338.012, 105
Trd, 8639339.179, 88
Trd, 8639339.946, 96
Trd, 8639340.379, 99
Trd, 8639341.346, 140
Trd, 8639342.079, 140
Trd, 8639342.112, 140
Trd, 8639342.679, 138
Trd, 8639343.579, 140
Trd, 8639343.779, 140
Trd, 8639344.346, 140
Trd, 8639344.479, 140
Trd, 8639344.512, 139
Trd, 8639345.412, 111
Trd, 8639345.646, 85
Trd, 8639346.012, 140
Trd, 8639346.479, 80
Trd, 8639347.012, 81
Trd, 8639347.246, 79
Trd, 8639347.746, 137
Trd, 8639347.912, 136
Trd, 8639348.946, 119
Trd, 8639349.346, 115
Trd, 8639349.712, 114
Trd, 8639350.146, 76
Trd, 8639350.512, 78
Trd, 8639351.012, 75
Trd, 8639351.379, 123
Trd, 8639351.446, 81
Trd, 8639351.646, 74
Trd, 8639352.446, 61
Trd, 8639352.879, 114
Trd, 8639353.479, 80
Trd, 8639353.946, 123
Trd, 8639354.646, 87
Trd, 8639355.146, 86
Trd, 8639356.212, 97
Trd, 8639356.379, 96
Trd, 8639356.479, 86
Trd, 8639356.646, 85
Trd, 8639356.879, 75
Trd, 8639357.546, 76
Trd, 8639357.579, 87
Trd, 8639357.646, 89
Trd, 8639358.146, 65
Trd, 8639358.312, 121
Trd, 8639359.446, 140
Trd, 8639359.512, 104
Trd, 8639359.746, 106
Trd, 8639360.412, 105
Trd, 8639361.112, 139
Trd, 8639361.279, 111
Trd, 8639361.779, 92
Trd, 8639361.979, 110
Trd, 8639362.846, 91
Trd, 8639363.646, 105
Trd, 8639363.812, 69
Trd, 8639364.012, 109
Trd, 8639364.779, 68
Trd, 8639364.946, 68
Trd, 8639365.512, 67
Trd, 8639365.779, 66
Trd, 8639366.012, 70
Trd, 8639366.179, 71
Trd, 8639367.146, 140
Trd, 8639367.179, 140
Trd, 8639368.379, 102
Trd, 8639368.412, 86
Trd, 8639368.546, 84
Trd, 8639368.846, 77
Trd, 8639370.646, 60
Trd, 8639371.812, 60
Trd, 8639371.979, 61
Trd, 8639372.012, 63
Trd, 8639372.879, 62
Trd, 8639373.079, 61
Trd, 8639373.279, 67
Trd, 8639374.246, 81
Trd, 8639374.812, 112
Trd, 8639375.046, 137
Trd, 8639375.079, 136
Trd, 8639375.112, 72
Trd, 8639375.579, 118
Trd, 8639376.346, 75
Trd, 8639376.446, 74
Trd, 8639377.146, 89
Trd, 8639377.346, 122
Trd, 8639377.779, 86
Trd, 8639378.279, 116
Trd, 8639379.446, 120
Trd, 8639379.479, 119
Trd, 8639380.112, 119
Trd, 8639380.579, 123
Trd, 8639380.746, 123
Trd, 8639380.812, 122
Trd, 8639381.546, 90
Trd, 8639382.446, 68
Trd, 8639382.679, 61
Trd, 8639382.879, 62
Trd, 8639383.746, 64
Trd, 8639384.646, 111
Trd, 8639384.879, 111
Trd, 8639385.146, 111
Trd, 8639385.579, 102
Trd, 8639385.779, 118
Trd, 8639385.946, 101
Trd, 8639387.079, 140
Trd, 8639387.146, 140
Trd, 8639387.512, 138
Trd, 8639387.879, 114
Trd, 8639387.912, 81
Trd, 8639388.412, 67
Trd, 8639388.812, 123
Trd, 8639389.179, 79
Trd, 8639390.146, 92
Trd, 8639390.979, 64
Trd, 8639391.812, 73
Trd, 8639392.512, 96
Trd, 8639393.079, 97
Trd, 8639393.912, 79
Trd, 8639394.379, 91
Trd, 8639395.579, 105
Trd, 8639395.946, 103
Trd, 8639396.046, 90
Trd, 8639396.179, 131
Trd, 8639396.212, 81
Trd, 8639396.346, 84
Trd, 8639396.646, 140
Trd, 8639396.679, 76
Trd, 8639398.879, 60
Trd, 8639399.279, 60
Trd, 8639399.346, 60
Trd, 8639399.446, 63
Trd, 8639400.346, 60
Trd, 8639400.579, 60
Trd, 8639400.946, 61
Trd, 8639401.346, 66
Trd, 8639401.946, 64
Trd, 8639402.212, 65
Trd, 8639402.579, 86
Trd, 8639404.146, 92
Trd, 8639404.446, 104
Trd, 8639404.912, 95
Trd, 8639405.012, 105
Trd, 8639405.546, 103
Trd, 8639405.646, 101
Trd, 8639406.012, 96
Trd, 8639406.346, 105
Trd, 8639406.612, 123
Trd, 8639407.079, 133
Trd, 8639407.312, 135
Trd, 8639407.846, 134
Trd, 8639409.546, 105
Trd, 8639409.879, 112
Trd, 8639409.946, 111
Trd, 8639410.346, 107
Trd, 8639410.512, 73
Trd, 8639410.979, 71
Trd, 8639411.446, 60
Trd, 8639412.246, 60
Trd, 8639412.479, 61
Trd, 8639412.812, 73
Trd, 8639413.046, 81
Trd, 8639413.246, 62
Trd, 8639414.012, 69
Trd, 8639415.179, 78
Trd, 8639415.646, 81
Trd, 8639415.779, 74
Trd, 8639416.579, 80
Trd, 8639417.446, 78
Trd, 8639417.579, 76
Trd, 8639417.879, 75
Trd, 8639418.679, 76
Trd, 8639419.079, 80
Trd, 8639419.212, 77
Trd, 8639419.279, 75
Trd, 8639420.679, 60
Trd, 8639421.312, 62
Trd, 8639422.246, 60
Trd, 8639422.346, 64
Trd, 8639422.712, 60
Trd, 8639423.012, 61
Trd, 8639423.612, 66
Trd, 8639424.212, 64
Trd, 8639424.246, 104
Trd, 8639424.479, 65
Trd, 8639425.012, 68
Trd, 8639425.879, 71
Trd, 8639425.946, 71
Trd, 8639426.346, 72
Trd, 8639427.012, 126
Trd, 8639427.312, 73
Trd, 8639427.812, 139
Trd, 8639428.079, 108
Trd, 8639429.579, 60
Trd, 8639429.712, 60
Trd, 8639430.612, 65
Trd, 8639430.746, 66
Trd, 8639431.012, 65
Trd, 8639431.246, 66
Trd, 8639431.312, 64
Trd, 8639432.279, 66
Trd, 8639432.779, 69
Trd, 8639432.912, 70
Trd, 8639433.346, 67
Trd, 8639434.079, 66
Trd, 8639434.846, 74
Trd, 8639435.212, 89
Trd, 8639435.479, 74
Trd, 8639436.446, 74
Trd, 8639436.579, 73
Trd, 8639437.112, 74
Trd, 8639437.679, 140
Trd, 8639437.812, 139
Trd, 8639438.546, 140
Trd, 8639438.712, 140
Trd, 8639439.579, 140
Trd, 8639440.246, 140
Trd, 8639440.279, 140
Trd, 8639441.046, 140
Trd, 8639441.546, 140
Trd, 8639441.879, 140
Trd, 8639442.212, 105
Trd, 8639442.979, 108
Trd, 8639444.412, 140
Trd, 8639444.479, 139
Trd, 8639444.812, 115
Trd, 8639445.112, 114
Trd, 8639445.412, 139
Trd, 8639446.346, 116
Trd, 8639446.379, 115
Trd, 8639446.512, 114
Trd, 8639446.846, 109
Trd, 8639448.279, 88
Trd, 8639448.879, 92
Trd, 8639449.346, 90
Trd, 8639449.946, 92
Trd, 8639450.112, 98
Trd, 8639450.379, 97
Trd, 8639451.079, 104
Trd, 8639451.412, 102
Trd, 8639451.712, 99
Trd, 8639452.012, 99
Trd, 8639452.179, 99
Trd, 8639452.879, 100
Trd, 8639453.079, 82
Trd, 8639454.346, 84
Trd, 8639454.446, 96
Trd, 8639455.846, 61
Trd, 8639456.279, 64
Trd, 8639456.512, 67
Trd, 8639456.812, 69
Trd, 8639457.112, 69
Trd, 8639457.246, 70
Trd, 8639457.279, 68
Trd, 8639457.379, 98
Trd, 8639457.646, 64
Trd, 8639457.912, 63
Trd, 8639459.346, 98
Trd, 8639459.412, 115
Trd, 8639459.812, 95
Trd, 8639459.879, 60
Trd, 8639460.779, 78
Trd, 8639461.579, 60
Trd, 8639462.379, 90
Trd, 8639463.112, 60
Trd, 8639463.279, 62
Trd, 8639463.546, 62
Trd, 8639464.012, 63
Trd, 8639464.546, 61
Trd, 8639464.846, 138
Trd, 8639465.846, 97
Trd, 8639466.412, 130
Trd, 8639466.846, 119
Trd, 8639467.079, 119
Trd, 8639467.212, 117
Trd, 8639467.246, 116
Trd, 8639467.279, 114
Trd, 8639468.246, 82
Trd, 8639468.679, 81
Trd, 8639469.179, 87
Trd, 8639470.012, 139
Trd, 8639470.712, 124
Trd, 8639471.446, 104
Trd, 8639471.546, 104
Trd, 8639471.712, 102
Trd, 8639472.112, 100
Trd, 8639472.912, 136
Trd, 8639473.646, 140
Trd, 8639473.712, 138
Trd, 8639473.912, 96
Trd, 8639473.979, 88
Trd, 8639474.146, 73
Trd, 8639475.712, 140
Trd, 8639475.779, 140
Trd, 8639476.012, 140
Trd, 8639477.546, 118
Trd, 8639477.612, 117
Trd, 8639478.612, 112
Trd, 8639478.679, 111
Trd, 8639478.712, 135
Trd, 8639478.746, 110
Trd, 8639480.079, 111
Trd, 8639480.379, 116
Trd, 8639480.746, 108
Trd, 8639481.012, 107
Trd, 8639481.179, 83
Trd, 8639481.812, 60
Trd, 8639482.046, 60
Trd, 8639482.512, 69
Trd, 8639483.079, 74
Trd, 8639483.412, 66
Trd, 8639484.246, 72
Trd, 8639484.746, 79
Trd, 8639484.846, 75
Trd, 8639485.612, 100
Trd, 8639486.346, 83
Trd, 8639486.646, 116
Trd, 8639488.046, 120
Trd, 8639488.179, 116
Trd, 8639488.312, 115
Trd, 8639488.479, 129
Trd, 8639488.912, 108
Trd, 8639489.812, 113
Trd, 8639490.046, 92
Trd, 8639490.412, 69
Trd, 8639490.912, 127
Trd, 8639491.479, 97
Trd, 8639491.579, 83
Trd, 8639492.346, 77
Trd, 8639492.946, 98
Trd, 8639493.612, 81
Trd, 8639493.912, 89
Trd, 8639494.246, 84
Trd, 8639494.912, 84
Trd, 8639495.712, 80
Trd, 8639495.812, 78
Trd, 8639496.046, 78
Trd, 8639496.612, 97
Trd, 8639497.746, 79
Trd, 8639498.346, 91
Trd, 8639498.579, 78
Trd, 8639498.712, 76
Trd, 8639499.312, 89
Trd, 8639500.446, 97
Trd, 8639500.679, 96
Trd, 8639501.179, 120
Trd, 8639501.212, 95
Trd, 8639501.579, 94
Trd, 8639502.479, 111
Trd, 8639503.412, 137
Trd, 8639503.879, 104
Trd, 8639504.012, 103
Trd, 8639504.146, 86
Trd, 8639504.579, 60
Trd, 8639504.912, 64
Trd, 8639505.846, 140
Trd, 8639506.146, 140
Trd, 8639506.379, 136
Trd, 8639506.412, 135
Trd, 8639506.512, 119
Trd, 8639506.779, 90
Trd, 8639507.179, 96
Trd, 8639509.246, 127
Trd, 8639509.312, 127
Trd, 8639509.346, 126
Trd, 8639510.212, 129
Trd, 8639510.712, 131
Trd, 8639511.512, 130
Trd, 8639511.846, 130
Trd, 8639512.146, 126
Trd, 8639512.412, 127
Trd, 8639512.512, 126
Trd, 8639513.212, 132
Trd, 8639513.446, 107
Trd, 8639513.679, 106
Trd, 8639513.746, 133
Trd, 8639514.279, 103
Trd, 8639516.546, 102
Trd, 8639516.646, 116
Trd, 8639516.912, 103
Trd, 8639517.079, 137
Trd, 8639517.979, 122
Trd, 8639518.012, 104
Trd, 8639518.612, 103
Trd, 8639519.212, 104
Trd, 8639519.579, 105
Trd, 8639519.646, 90
Trd, 8639519.979, 84
Trd, 8639520.312, 98
Trd, 8639520.646, 84
Trd, 8639520.779, 124
Trd, 8639520.879, 83
Trd, 8639520.979, 81
Trd, 8639521.846, 60
Trd, 8639522.846, 91
Trd, 8639523.412, 140
Trd, 8639523.679, 91
Trd, 8639524.246, 72
Trd, 8639524.679, 89
Trd, 8639524.746, 84
Trd, 8639525.079, 78
Trd, 8639527.112, 92
Trd, 8639527.846, 140
Trd, 8639528.279, 140
Trd, 8639530.046, 140
Trd, 8639530.112, 140
Trd, 8639530.312, 140
Trd, 8639530.346, 140
Trd, 8639530.679, 140
Trd, 8639531.046, 139
Trd, 8639531.379, 135
Trd, 8639531.512, 134
Trd, 8639531.846, 127
Trd, 8639531.912, 103
Trd, 8639532.312, 77
Trd, 8639532.412, 137
Trd, 8639532.746, 108
Trd, 8639532.779, 76
Trd, 8639533.879, 121
Trd, 8639533.946, 119
Trd, 8639534.312, 96
Trd, 8639534.746, 62
Trd, 8639535.346, 70
Trd, 8639535.746, 72
Trd, 8639536.079, 74
Trd, 8639537.579, 77
Trd, 8639538.146, 136
Trd, 8639538.446, 109
Trd, 8639538.512, 107
Trd, 8639538.946, 108
Trd, 8639540.146, 110
Trd, 8639540.579, 112
Trd, 8639540.712, 112
Trd, 8639540.912, 140
Trd, 8639540.979, 112
Trd, 8639542.112, 111
Trd, 8639542.212, 110
Trd, 8639542.379, 139
Trd, 8639542.846, 133
Trd, 8639543.012, 118
Trd, 8639543.279, 91
Trd, 8639544.212, 60
Trd, 8639544.479, 60
Trd, 8639545.079, 61
Trd, 8639545.479, 62
Trd, 8639546.079, 62
Trd, 8639546.446, 60
Trd, 8639546.546, 61
Trd, 8639546.879, 63
Trd, 8639547.446, 67
Trd, 8639548.212, 62
Trd, 8639548.812, 132
Trd, 8639550.046, 91
Trd, 8639550.612, 100
Trd, 8639550.646, 98
Trd, 8639550.746, 91
Trd, 8639550.979, 92
Trd, 8639551.646, 121
Trd, 8639551.779, 122
Trd, 8639552.346, 138
Trd, 8639552.446, 96
Trd, 8639552.746, 126
Trd, 8639553.612, 97
Trd, 8639553.879, 131
Trd, 8639554.312, 107
Trd, 8639556.046, 76
Trd, 8639556.412, 94
Trd, 8639557.079, 81
Trd, 8639557.179, 94
Trd, 8639557.412, 82
Trd, 8639558.312, 85
Trd, 8639558.412, 84
Trd, 8639558.712, 85
Trd, 8639558.946, 84
Trd, 8639559.612, 83
Trd, 8639559.746, 77
Trd, 8639560.312, 83
Trd, 8639560.879, 70
Trd, 8639562.479, 61
Trd, 8639563.079, 63
Trd, 8639563.912, 60
Trd, 8639564.646, 60
Trd, 8639564.779, 60
Trd, 8639564.812, 60
Trd, 8639565.079, 61
Trd, 8639565.112, 62
Trd, 8639565.279, 66
Trd, 8639565.446, 93
Trd, 8639565.946, 82
Trd, 8639566.112, 62
Trd, 8639566.512, 62
Trd, 8639568.212, 60
Trd, 8639568.812, 61
Trd, 8639569.146, 61
Trd, 8639569.212, 61
Trd, 8639569.346, 60
Trd, 8639569.446, 66
Trd, 8639570.612, 66
Trd, 8639570.812, 66
Trd, 8639570.846, 76
Trd, 8639570.979, 80
Trd, 8639571.079, 104
Trd, 8639571.179, 111
Trd, 8639571.546, 77
Trd, 8639572.312, 78
Trd, 8639572.812, 86
Trd, 8639574.112, 101
Trd, 8639574.379, 100
Trd, 8639574.512, 100
Trd, 8639575.246, 118
Trd, 8639576.512, 123
Trd, 8639576.612, 121
Trd, 8639577.212, 140
Trd, 8639577.446, 140
Trd, 8639577.846, 139
Trd, 8639577.879, 119
Trd, 8639578.612, 115
Trd, 8639579.112, 138
Trd, 8639579.812, 116
Trd, 8639579.946, 114
Trd, 8639580.212, 108
Trd, 8639580.579, 118
Trd, 8639580.946, 90
Trd, 8639581.312, 75
Trd, 8639581.612, 103
Trd, 8639581.712, 75
Trd, 8639581.779, 104
Trd, 8639583.079, 98
Trd, 8639583.746, 81
Trd, 8639584.179, 84
Trd, 8639584.379, 82
Trd, 8639584.446, 79
Trd, 8639584.479, 77
Trd, 8639585.446, 66
Trd, 8639585.512, 65
Trd, 8639586.746, 68
Trd, 8639587.646, 67
Trd, 8639587.846, 74
Trd, 8639587.912, 113
Trd, 8639588.046, 60
Trd, 8639588.746, 106
Trd, 8639589.979, 64
Trd, 8639590.079, 72
Trd, 8639590.779, 67
Trd, 8639590.912, 68
Trd, 8639590.946, 82
Trd, 8639590.979, 66
Trd, 8639591.346, 92
Trd, 8639592.346, 79
Trd, 8639592.679, 105
Trd, 8639593.446, 70
Trd, 8639593.712, 74
Trd, 8639594.179, 115
Trd, 8639594.646, 96
Trd, 8639594.979, 82
Trd, 8639596.512, 63
Trd, 8639596.946, 140
Trd, 8639597.012, 140
Trd, 8639597.612, 67
Trd, 8639597.679, 63
Trd, 8639598.246, 133
Trd, 8639598.412, 102
Trd, 8639598.546, 101
Trd, 8639599.046, 96
Trd, 8639599.346, 87
Trd, 8639599.412, 86
Trd, 8639601.179, 68
Trd, 8639601.679, 97
Trd, 8639601.912, 103
Trd, 8639602.079, 96
Trd, 8639602.512, 70
Trd, 8639602.812, 86
Trd, 8639602.979, 117
Trd, 8639603.612, 119
Trd, 8639603.779, 116
Trd, 8639603.846, 113
Trd, 8639605.012, 140
Trd, 8639605.112, 139
Trd, 8639605.346, 90
Trd, 8639605.512, 95
Trd, 8639606.279, 115
Trd, 8639606.912, 90
Trd, 8639607.679, 116
Trd, 8639607.746, 117
Trd, 8639608.079, 118
Trd, 8639608.179, 103
Trd, 8639608.812, 123
Trd, 8639609.112, 140
Trd, 8639609.346, 140
Trd, 8639609.779, 113
Trd, 8639609.979, 112
Trd, 8639610.479, 112
Trd, 8639611.046, 76
Trd, 8639612.112, 140
Trd, 8639612.479, 140
Trd, 8639612.546, 107
Trd, 8639612.979, 140
Trd, 8639613.379, 140
Trd, 8639614.512, 140
Trd, 8639614.712, 140
Trd, 8639614.846, 140
Trd, 8639615.779, 140
Trd, 8639617.046, 116
Trd, 8639617.679, 119
Trd, 8639617.746, 115
Trd, 8639618.012, 110
Trd, 8639618.612, 105
Trd, 8639619.312, 126
Trd, 8639619.446, 110
Trd, 8639619.612, 109
Trd, 8639619.679, 116
Trd, 8639619.946, 108
Trd, 8639620.379, 105
Trd, 8639620.746, 65
Trd, 8639621.146, 64
Trd, 8639621.712, 73
Trd, 8639622.612, 122
Trd, 8639622.879, 70
Trd, 8639623.479, 76
Trd, 8639623.512, 69
Trd, 8639624.579, 71
Trd, 8639624.979, 68
Trd, 8639625.146, 60
Trd, 8639625.412, 63
Trd, 8639625.646, 62
Trd, 8639625.879, 63
Trd, 8639626.446, 64
Trd, 8639626.612, 66
Trd, 8639626.746, 64
Trd, 8639627.146, 62
Trd, 8639627.312, 65
Trd, 8639627.846, 69
Trd, 8639628.279, 104
Trd, 8639629.046, 88
Trd, 8639629.879, 69
Trd, 8639630.012, 70
Trd, 8639630.279, 94
Trd, 8639630.679, 95
Trd, 8639630.979, 93
Trd, 8639631.612, 68
Trd, 8639632.012, 90
Trd, 8639632.779, 81
Trd, 8639633.079, 82
Trd, 8639633.179, 81
Trd, 8639634.012, 105
Trd, 8639634.546, 107
Trd, 8639634.879, 104
Trd, 8639636.479, 101
Trd, 8639636.646, 100
Trd, 8639637.479, 118
Trd, 8639637.646, 119
Trd, 8639637.779, 104
Trd, 8639638.279, 140
Trd, 8639638.479, 139
Trd, 8639638.712, 96
Trd, 8639638.812, 82
Trd, 8639639.112, 97
Trd, 8639639.879, 98
Trd, 8639640.012, 97
Trd, 8639640.812, 98
Trd, 8639641.012, 97
Trd, 8639641.112, 63
Trd, 8639641.346, 70
Trd, 8639643.646, 140
Trd, 8639644.112, 140
Trd, 8639644.146, 140
Trd, 8639644.379, 105
Trd, 8639644.412, 84
Trd, 8639644.846, 105
Trd, 8639645.046, 104
Trd, 8639645.779, 138
Trd, 8639646.146, 138
Trd, 8639647.679, 140
Trd, 8639647.746, 138
Trd, 8639647.879, 137
Trd, 8639648.046, 137
Trd, 8639648.679, 140
Trd, 8639648.879, 140
Trd, 8639649.046, 139
Trd, 8639650.946, 133
Trd, 8639651.246, 132
Trd, 8639651.979, 107
Trd, 8639652.112, 89
Trd, 8639652.846, 137
Trd, 8639653.279, 121
Trd, 8639653.546, 121
Trd, 8639653.746, 117
Trd, 8639654.012, 137
Trd, 8639654.579, 105
Trd, 8639654.879, 104
Trd, 8639655.146, 102
Trd, 8639655.546, 108
Trd, 8639655.579, 120
Trd, 8639655.646, 101
Trd, 8639655.812, 137
Trd, 8639656.646, 80
Trd, 8639656.712, 79
Trd, 8639656.879, 68
Trd, 8639657.112, 62
Trd, 8639657.979, 62
Trd, 8639658.679, 94
Trd, 8639659.279, 100
Trd, 8639659.579, 96
Trd, 8639659.746, 95
Trd, 8639659.879, 88
Trd, 8639660.246, 86
Trd, 8639660.612, 79
Trd, 8639660.746, 78
Trd, 8639661.846, 81
Trd, 8639662.412, 83
Trd, 8639662.612, 82
Trd, 8639662.779, 77
Trd, 8639664.279, 140
Trd, 8639664.546, 140
Trd, 8639665.312, 140
Trd, 8639665.346, 140
Trd, 8639665.446, 140
Trd, 8639665.746, 124
Trd, 8639666.279, 134
Trd, 8639666.912, 98
Trd, 8639667.179, 122
Trd, 8639667.646, 60
Trd, 8639668.312, 140
Trd, 8639669.446, 140
Trd, 8639670.412, 140
Trd, 8639670.579, 140
Trd, 8639671.012, 140
Trd, 8639671.479, 140
Trd, 8639671.679, 140
Trd, 8639673.012, 140
Trd, 8639673.579, 140
Trd, 8639673.812, 140
Trd, 8639673.912, 140
Trd, 8639674.212, 105
Trd, 8639674.546, 106
Trd, 8639674.812, 140
Trd, 8639675.812, 88
Trd, 8639675.879, 97
Trd, 8639676.479, 90
Trd, 8639676.679, 83
Trd, 8639676.846, 80
Trd, 8639676.946, 77
Trd, 8639677.746, 93
Trd, 8639678.446, 69
Trd, 8639678.879, 118
Trd, 8639679.546, 78
Trd, 8639679.579, 73
Trd, 8639679.946, 78
Trd, 8639680.046, 71
Trd, 8639680.646, 99
Trd, 8639681.412, 140
Trd, 8639681.479, 140
Trd, 8639682.112, 140
Trd, 8639682.746, 140
Trd, 8639683.246, 140
Trd, 8639684.079, 140
Trd, 8639684.146, 140
Trd, 8639684.679, 140
Trd, 8639685.212, 136
Trd, 8639685.246, 135
Trd, 8639685.312, 134
Trd, 8639685.346, 116
Trd, 8639685.612, 112
Trd, 8639685.679, 117
Trd, 8639686.246, 111
Trd, 8639686.612, 62
Trd, 8639687.679, 67
Trd, 8639688.412, 140
Trd, 8639688.979, 140
Trd, 8639689.246, 140
Trd, 8639689.412, 140
Trd, 8639690.179, 140
Trd, 8639690.412, 140
Trd, 8639690.912, 140
Trd, 8639691.246, 131
Trd, 8639691.746, 130
Trd, 8639692.446, 140
Trd, 8639693.212, 131
Trd, 8639693.346, 130
Trd, 8639693.612, 140
Trd, 8639693.812, 105
Trd, 8639693.946, 92
Trd, 8639694.846, 97
Trd, 8639694.979, 72
Trd, 8639695.046, 66
Trd, 8639696.479, 90
Trd, 8639696.679, 88
Trd, 8639696.746, 71
Trd, 8639696.779, 65
Trd, 8639697.046, 97
Trd, 8639698.079, 60
Trd, 8639698.179, 67
Trd, 8639699.046, 83
Trd, 8639699.079, 63
Trd, 8639699.546, 95
Trd, 8639699.646, 96
Trd, 8639700.512, 71
Trd, 8639700.679, 70
Trd, 8639700.779, 115
Trd, 8639701.979, 108
Trd, 8639702.112, 109
Trd, 8639702.512, 108
Trd, 8639702.612, 109
Trd, 8639702.746, 109
Trd, 8639703.279, 108
Trd, 8639703.512, 83
Trd, 8639704.646, 82
Trd, 8639704.912, 136
Trd, 8639704.946, 125
Trd, 8639705.646, 77
Trd, 8639706.046, 78
Trd, 8639706.846, 97
Trd, 8639706.946, 108
Trd, 8639707.479, 78
Trd, 8639708.246, 62
Trd, 8639708.846, 60
Trd, 8639709.679, 67
Trd, 8639709.746, 67
Trd, 8639709.779, 64
Trd, 8639709.979, 71
Trd, 8639710.746, 114
Trd, 8639711.446, 115
Trd, 8639711.646, 116
Trd, 8639711.979, 116
Trd, 8639712.046, 115
Trd, 8639712.146, 105
Trd, 8639712.646, 95
Trd, 8639713.846, 121
Trd, 8639714.312, 117
Trd, 8639714.712, 110
Trd, 8639715.346, 111
Trd, 8639715.679, 112
Trd, 8639716.079, 113
Trd, 8639717.179, 140
Trd, 8639717.546, 140
Trd, 8639717.612, 138
Trd, 8639717.779, 115
Trd, 8639718.279, 122
Trd, 8639719.946, 140
Trd, 8639720.512, 139
Trd, 8639720.712, 137
Trd, 8639720.946, 107
Trd, 8639721.812, 138
Trd, 8639721.912, 137
Trd, 8639722.212, 137
Trd, 8639722.546, 140
Trd, 8639722.612, 138
Trd, 8639723.279, 140
Trd, 8639723.412, 110
Trd, 8639723.746, 92
Trd, 8639723.912, 98
Trd, 8639724.546, 98
Trd, 8639724.646, 97
Trd, 8639725.046, 78
Trd, 8639725.479, 114
Trd, 8639726.012, 108
Trd, 8639727.312, 116
Trd, 8639727.346, 117
Trd, 8639727.379, 110
Trd, 8639727.512, 140
Trd, 8639727.546, 66
Trd, 8639728.512, 129
Trd, 8639728.612, 128
Trd, 8639728.846, 126
Trd, 8639729.112, 97
Trd, 8639729.479, 103
Trd, 8639731.346, 61
Trd, 8639731.712, 62
Trd, 8639731.779, 62
Trd, 8639732.012, 63
Trd, 8639732.346, 63
Trd, 8639733.179, 117
Trd, 8639733.746, 76
Trd, 8639734.012, 67
Trd, 8639734.079, 66
Trd, 8639735.446, 60
Trd, 8639735.812, 60
Trd, 8639735.846, 60
Trd, 8639736.012, 64
Trd, 8639736.112, 64
Trd, 8639736.346, 94
Trd, 8639736.746, 64
Trd, 8639737.812, 109
Trd, 8639737.879, 88
Trd, 8639738.612, 118
Trd, 8639739.812, 140
Trd, 8639739.846, 120
Trd, 8639740.012, 119
Trd, 8639740.246, 107
Trd, 8639740.612, 138
Trd, 8639741.479, 136
Trd, 8639741.512, 112
Trd, 8639743.446, 140
Trd, 8639744.279, 124
Trd, 8639744.512, 139
Trd, 8639744.779, 124
Trd, 8639745.146, 126
Trd, 8639745.646, 128
Trd, 8639746.512, 133
Trd, 8639746.779, 133
Trd, 8639746.812, 132
Trd, 8639747.446, 125
Trd, 8639748.179, 120
Trd, 8639748.279, 107
Trd, 8639748.446, 91
Trd, 8639749.512, 60
Trd, 8639749.712, 60
Trd, 8639750.146, 64
Trd, 8639750.546, 60
Trd, 8639750.612, 66
Trd, 8639751.379, 64
Trd, 8639751.512, 84
Trd, 8639751.979, 61
Trd, 8639753.279, 66
Trd, 8639753.512, 65
Trd, 8639753.812, 66
Trd, 8639754.012, 65
Trd, 8639754.879, 68
Trd, 8639755.279, 69
Trd, 8639755.379, 71
Trd, 8639755.512, 109
Trd, 8639756.212, 76
Trd, 8639756.479, 67
Trd, 8639756.812, 86
Trd, 8639757.446, 62
Trd, 8639757.679, 63
Trd, 8639758.346, 94
Trd, 8639758.946, 62
Trd, 8639760.512, 69
Trd, 8639761.079, 76
Trd, 8639761.279, 106
Trd, 8639761.579, 76
Trd, 8639761.779, 77
Trd, 8639762.812, 78
Trd, 8639763.012, 78
Trd, 8639763.079, 80
Trd, 8639763.212, 80
Trd, 8639763.479, 80
Trd, 8639763.612, 78
Trd, 8639764.212, 107
Trd, 8639764.779, 101
Trd, 8639765.179, 101
Trd, 8639765.812, 101
Trd, 8639766.312, 101
Trd, 8639766.846, 139
Trd, 8639767.346, 132
Trd, 8639767.379, 131
Trd, 8639768.779, 136
Trd, 8639769.112, 118
Trd, 8639769.579, 97
Trd, 8639770.746, 100
Trd, 8639771.279, 134
Trd, 8639771.646, 109
Trd, 8639772.079, 106
Trd, 8639772.279, 102
Trd, 8639772.812, 103
Trd, 8639772.879, 89
Trd, 8639773.179, 133
Trd, 8639773.546, 89
Trd, 8639773.712, 89
Trd, 8639774.046, 92
Trd, 8639774.779, 103
Trd, 8639775.612, 98
Trd, 8639775.712, 96
Trd, 8639775.946, 91
Trd, 8639776.179, 84
Trd, 8639776.479, 75
Trd, 8639777.279, 76
Trd, 8639778.246, 140
Trd, 8639778.512, 140
Trd, 8639779.046, 140
Trd, 8639779.179, 140
Trd, 8639779.679, 133
Trd, 8639779.979, 115
Trd, 8639781.612, 140
Trd, 8639782.146, 140
Trd, 8639782.246, 140
Trd, 8639782.412, 140
Trd, 8639784.146, 140
Trd, 8639784.779, 140
Trd, 8639784.812, 140
Trd, 8639785.446, 140
Trd, 8639785.579, 140
Trd, 8639785.946, 140
Trd, 8639786.079, 140
Trd, 8639786.579, 140
Trd, 8639786.812, 140
Trd, 8639788.012, 140
Trd, 8639788.646, 140
Trd, 8639788.979, 140
Trd, 8639789.412, 138
Trd, 8639789.579, 137
Trd, 8639789.846, 120
Trd, 8639790.246, 106
Trd, 8639790.646, 93
Trd, 8639791.046, 101
Trd, 8639791.079, 91
Trd, 8639791.579, 140
Trd, 8639791.979, 139
Trd, 8639792.746, 112
Trd, 8639793.879, 130
Trd, 8639794.146, 122
Trd, 8639794.746, 140
Trd, 8639795.146, 134
Trd, 8639796.379, 139
Trd, 8639797.312, 123
Trd, 8639798.312, 136
Trd, 8639798.446, 126
Trd, 8639798.579, 126
Trd, 8639799.079, 133
Trd, 8639799.146, 132
Trd, 8639800.046, 140
Trd, 8639800.312, 140
Trd, 8639800.746, 137
Trd, 8639800.912, 139
Trd, 8639801.312, 138
Trd, 8639802.012, 137
Trd, 8639802.746, 111
Trd, 8639802.912, 75
Trd, 8639803.479, 63
Trd, 8639803.846, 68
Trd, 8639805.079, 65
Trd, 8639805.279, 65
Trd, 8639806.012, 60
Trd, 8639806.079, 61
Trd, 8639806.279, 64
Trd, 8639807.246, 61
Trd, 8639807.412, 60
Trd, 8639807.879, 60
Trd, 8639808.079, 61
Trd, 8639808.446, 67
Trd, 8639809.946, 82
Trd, 8639810.246, 85
Trd, 8639810.979, 110
Trd, 8639811.012, 109
Trd, 8639811.312, 106
Trd, 8639811.379, 93
Trd, 8639811.479, 72
Trd, 8639811.946, 97
Trd, 8639812.212, 88
Trd, 8639812.446, 76
Trd, 8639812.746, 75
Trd, 8639813.779, 85
Trd, 8639813.979, 96
Trd, 8639814.879, 79
Trd, 8639815.412, 80
Trd, 8639815.779, 95
Trd, 8639816.512, 92
Trd, 8639816.779, 80
Trd, 8639816.979, 79
Trd, 8639818.012, 126
Trd, 8639818.079, 121
Trd, 8639818.612, 119
Trd, 8639818.646, 127
Trd, 8639818.679, 115
Trd, 8639818.846, 89
Trd, 8639819.479, 109
Trd, 8639819.912, 132
Trd, 8639819.979, 131
Trd, 8639820.646, 140
Trd, 8639820.679, 139
Trd, 8639820.812, 137
Trd, 8639822.646, 112
Trd, 8639822.746, 111
Trd, 8639823.446, 110
Trd, 8639823.679, 82
Trd, 8639823.812, 113
Trd, 8639823.879, 81
Trd, 8639824.946, 117
Trd, 8639825.112, 82
Trd, 8639825.546, 82
Trd, 8639825.646, 93
Trd, 8639826.112, 83
Trd, 8639826.646, 115
Trd, 8639827.012, 131
Trd, 8639827.079, 114
Trd, 8639828.046, 133
Trd, 8639828.179, 103
Trd, 8639828.646, 103
Trd, 8639829.646, 140
Trd, 8639830.046, 140
Trd, 8639830.412, 140
Trd, 8639830.746, 140
Trd, 8639831.046, 139
Trd, 8639831.479, 140
Trd, 8639832.146, 101
Trd, 8639832.179, 100
Trd, 8639832.812, 104
Trd, 8639834.079, 97
Trd, 8639834.679, 107
Trd, 8639835.246, 136
Trd, 8639835.912, 99
Trd, 8639836.046, 98
Trd, 8639836.279, 98
Trd, 8639836.646, 140
Trd, 8639836.846, 96
Trd, 8639837.446, 140
Trd, 8639838.112, 140
Trd, 8639838.912, 140
Trd, 8639839.379, 140
Trd, 8639839.679, 140
Trd, 8639839.746, 140
Trd, 8639840.046, 126
Trd, 8639840.212, 106
Trd, 8639841.246, 92
Trd, 8639841.612, 140
Trd, 8639841.912, 99
Trd, 8639842.246, 93
Trd, 8639843.412, 94
Trd, 8639843.646, 92
Trd, 8639844.212, 93
Trd, 8639844.646, 140
Trd, 8639845.512, 101
Trd, 8639846.146, 100
Trd, 8639846.412, 99
Trd, 8639846.746, 103
Trd, 8639847.146, 100
Trd, 8639847.712, 100
Trd, 8639847.912, 99
Trd, 8639848.012, 90
Trd, 8639848.646, 115
Trd, 8639849.112, 77
Trd, 8639849.712, 100
Trd, 8639850.112, 67
Trd, 8639850.212, 116
Trd, 8639850.346, 66
Trd, 8639851.479, 84
Trd, 8639851.612, 83
Trd, 8639851.812, 80
Trd, 8639851.879, 78
Trd, 8639853.079, 74
Trd, 8639853.346, 62
Trd, 8639853.812, 64
Trd, 8639853.879, 66
Trd, 8639854.812, 100
Trd, 8639854.946, 99
Trd, 8639855.079, 114
Trd, 8639855.946, 90
Trd, 8639857.279, 108
Trd, 8639858.079, 113
Trd, 8639858.212, 140
Trd, 8639858.446, 90
Trd, 8639859.946, 108
Trd, 8639861.246, 140
Trd, 8639861.279, 140
Trd, 8639861.812, 140
Trd, 8639861.846, 140
Trd, 8639861.879, 139
Trd, 8639862.479, 137
Trd, 8639862.512, 117
Trd, 8639863.279, 113
Trd, 8639863.746, 95
Trd, 8639864.046, 88
Trd, 8639864.846, 82
Trd, 8639865.146, 72
Trd, 8639865.179, 63
Trd, 8639865.746, 91
Trd, 8639866.112, 92
Trd, 8639866.912, 71
Trd, 8639867.746, 76
Trd, 8639867.846, 86
Trd, 8639867.879, 73
Trd, 8639868.079, 95
Trd, 8639868.912, 107
Trd, 8639869.079, 109
Trd, 8639869.112, 87
Trd, 8639869.246, 86
Trd, 8639869.446, 76
Trd, 8639870.246, 139
Trd, 8639870.646, 86
Trd, 8639870.812, 85
Trd, 8639872.446, 95
Trd, 8639873.012, 99
Trd, 8639873.312, 111
Trd, 8639873.479, 95
Trd, 8639873.546, 99
Trd, 8639873.979, 113
Trd, 8639874.912, 139
Trd, 8639876.312, 140
Trd, 8639876.412, 117
Trd, 8639876.479, 116
Trd, 8639876.746, 116
Trd, 8639876.779, 115
Trd, 8639877.646, 105
Trd, 8639878.212, 118
Trd, 8639879.212, 100
Trd, 8639880.046, 101
Trd, 8639880.346, 108
Trd, 8639880.546, 104
Trd, 8639880.779, 105
Trd, 8639880.912, 101
Trd, 8639881.779, 100
Trd, 8639882.379, 83
Trd, 8639882.479, 106
Trd, 8639882.746, 83
Trd, 8639883.312, 107
Trd, 8639883.546, 78
Trd, 8639884.079, 140
Trd, 8639884.712, 140
Trd, 8639885.412, 111
Trd, 8639886.079, 115
Trd, 8639886.612, 117
Trd, 8639886.646, 116
Trd, 8639886.946, 116
Trd, 8639887.012, 115
Trd, 8639887.779, 94
Trd, 8639887.979, 82
Trd, 8639888.046, 72
Trd, 8639888.846, 110
Trd, 8639889.246, 110
Trd, 8639889.546, 108
Trd, 8639890.079, 89
Trd, 8639890.379, 61
Trd, 8639890.779, 62
Trd, 8639891.379, 133
Trd, 8639892.112, 97
Trd, 8639892.579, 129
Trd, 8639892.946, 89
Trd, 8639893.412, 92
Trd, 8639894.012, 120
Trd, 8639894.146, 119
Trd, 8639894.246, 92
Trd, 8639894.646, 140
Trd, 8639894.946, 91
Trd, 8639895.546, 133
Trd, 8639896.046, 133
Trd, 8639896.879, 140
Trd, 8639896.946, 139
Trd, 8639898.012, 102
Trd, 8639898.246, 101
Trd, 8639899.179, 123
Trd, 8639899.512, 107
Trd, 8639899.679, 124
Trd, 8639899.812, 108
Trd, 8639900.146, 106
Trd, 8639900.512, 140
Trd, 8639900.546, 118
Trd, 8639900.612, 104
Trd, 8639901.312, 91
Trd, 8639901.512, 93
Trd, 8639902.479, 89
Trd, 8639902.712, 81
Trd, 8639902.979, 81
Trd, 8639903.879, 122
Trd, 8639904.212, 121
Trd, 8639904.946, 85
Trd, 8639905.646, 103
Trd, 8639905.912, 102
Trd, 8639906.246, 117
Trd, 8639906.446, 86
Trd, 8639907.112, 82
Trd, 8639908.246, 135
Trd, 8639908.346, 134
Trd, 8639908.612, 128
Trd, 8639909.546, 100
Trd, 8639910.246, 111
Trd, 8639910.512, 77
Trd, 8639910.779, 112
Trd, 8639911.346, 67
Trd, 8639911.946, 62
Trd, 8639912.246, 64
Trd, 8639912.546, 77
Trd, 8639913.212, 77
Trd, 8639913.346, 79
Trd, 8639913.479, 71
Trd, 8639913.712, 82
Trd, 8639914.046, 73
Trd, 8639914.546, 71
Trd, 8639914.946, 72
Trd, 8639916.112, 84
Trd, 8639916.812, 90
Trd, 8639916.979, 89
Trd, 8639918.379, 140
Trd, 8639918.546, 129
Trd, 8639919.079, 139
Trd, 8639919.146, 120
Trd, 8639919.179, 115
Trd, 8639920.246, 111
Trd, 8639920.879, 106
Trd, 8639921.146, 104
Trd, 8639921.746, 132
Trd, 8639922.012, 139
Trd, 8639922.312, 103
Trd, 8639922.446, 102
Trd, 8639923.046, 84
Trd, 8639923.946, 84
Trd, 8639924.446, 87
Trd, 8639924.512, 128
Trd, 8639925.146, 118
Trd, 8639925.312, 92
Trd, 8639925.912, 104
Trd, 8639925.946, 101
Trd, 8639926.546, 114
Trd, 8639926.579, 97
Trd, 8639927.179, 137
Trd, 8639927.479, 120
Trd, 8639927.646, 105
Trd, 8639928.612, 108
Trd, 8639929.646, 110
Trd, 8639931.046, 124
Trd, 8639931.346, 125
Trd, 8639931.412, 103
Trd, 8639931.646, 103
Trd, 8639931.779, 91
Trd, 8639932.712, 127
Trd, 8639933.346, 89
Trd, 8639933.412, 87
Trd, 8639934.079, 140
Trd, 8639934.479, 140
Trd, 8639934.846, 92
Trd, 8639935.479, 132
Trd, 8639935.646, 91
Trd, 8639936.112, 78
Trd, 8639936.612, 77
Trd, 8639936.746, 92
Trd, 8639937.279, 80
Trd, 8639938.012, 82
Trd, 8639938.446, 83
Trd, 8639938.612, 113
Trd, 8639938.746, 110
Trd, 8639940.379, 86
Trd, 8639940.412, 84
Trd, 8639941.412, 101
Trd, 8639941.946, 105
Trd, 8639942.179, 103
Trd, 8639942.312, 114
Trd, 8639942.412, 102
Trd, 8639942.846, 96
Trd, 8639943.446, 96
Trd, 8639943.479, 97
Trd, 8639944.279, 82
Trd, 8639944.312, 93
Trd, 8639944.946, 89
Trd, 8639945.012, 88
Trd, 8639946.546, 97
Trd, 8639946.679, 95
Trd, 8639947.312, 103
Trd, 8639947.379, 104
Trd, 8639947.446, 83
Trd, 8639947.812, 140
Trd, 8639947.979, 83
Trd, 8639948.246, 126
Trd, 8639948.879, 112
Trd, 8639949.179, 138
Trd, 8639949.512, 113
Trd, 8639949.646, 112
Trd, 8639949.679, 110
Trd, 8639950.579, 111
Trd, 8639950.646, 97
Trd, 8639951.279, 81
Trd, 8639951.712, 96
Trd, 8639951.812, 113
Trd, 8639952.312, 84
Trd, 8639953.179, 133
Trd, 8639953.979, 140
Trd, 8639954.246, 126
Trd, 8639954.479, 125
Trd, 8639954.846, 138
Trd, 8639956.279, 139
Trd, 8639956.379, 101
Trd, 8639956.579, 100
Trd, 8639956.912, 96
Trd, 8639957.312, 98
Trd, 8639957.846, 95
Trd, 8639959.712, 140
Trd, 8639959.812, 140
Trd, 8639960.046, 140
Trd, 8639960.112, 140
Trd, 8639960.346, 140
Trd, 8639960.846, 131
Trd, 8639961.046, 95
Trd, 8639961.779, 96
Trd, 8639962.812, 115
Trd, 8639963.112, 138
Trd, 8639963.546, 131
Trd, 8639963.812, 130
Trd, 8639963.846, 114
Trd, 8639963.879, 106
Trd, 8639964.146, 106
Trd, 8639964.979, 97
Trd, 8639965.212, 96
Trd, 8639965.612, 96
Trd, 8639965.846, 95
Trd, 8639966.046, 99
Trd, 8639967.046, 140
Trd, 8639967.312, 140
Trd, 8639967.846, 140
Trd, 8639968.112, 138
Trd, 8639969.046, 118
Trd, 8639969.412, 116
Trd, 8639970.212, 119
Trd, 8639971.046, 119
Trd, 8639971.879, 139
Trd, 8639972.079, 124
Trd, 8639972.179, 116
Trd, 8639972.512, 94
Trd, 8639972.812, 114
Trd, 8639973.879, 70
Trd, 8639974.179, 65
Trd, 8639974.712, 71
Trd, 8639974.979, 68
Trd, 8639975.546, 71
Trd, 8639975.579, 74
Trd, 8639976.012, 74
Trd, 8639977.046, 96
Trd, 8639977.246, 93
Trd, 8639977.546, 93
Trd, 8639977.746, 66
Trd, 8639978.079, 65
Trd, 8639978.746, 67
Trd, 8639979.112, 62
Trd, 8639979.746, 85
Trd, 8639980.112, 88
Trd, 8639980.446, 108
Trd, 8639980.812, 102
Trd, 8639981.579, 104
Trd, 8639982.279, 140
Trd, 8639982.679, 140
Trd, 8639982.946, 140
Trd, 8639983.946, 140
Trd, 8639983.979, 140
Trd, 8639984.346, 118
Trd, 8639984.479, 115
Trd, 8639984.679, 113
Trd, 8639984.712, 93
Trd, 8639985.246, 132
Trd, 8639986.312, 73
Trd, 8639987.079, 68
Trd, 8639987.612, 60
Trd, 8639988.446, 60
Trd, 8639988.679, 60
Trd, 8639988.712, 61
Trd, 8639989.212, 63
Trd, 8639989.446, 60
Trd, 8639989.979, 139
Trd, 8639990.946, 104
Trd, 8639991.246, 66
Trd, 8639991.379, 65
Trd, 8639991.612, 63
Trd, 8639992.379, 119
Trd, 8639992.479, 118
Trd, 8639993.079, 81
Trd, 8639994.446, 110
Trd, 8639994.646, 109
Trd, 8639995.112, 110
Trd, 8639995.246, 121
Trd, 8639995.546, 112
Trd, 8639995.812, 111
Trd, 8639996.112, 110
Trd, 8639996.879, 106
Trd, 8639997.879, 110
Trd, 8639998.446, 74
Trd, 8639998.479, 73
Trd, 8639999.146, 89
Trd, 8639999.512, 116
Trd, 8639999.546, 119
