Trd, 8638713.246, 106
Trd, 8638713.946, 108
Trd, 8638714.679, 129
Trd, 8638715.179, 116
Trd, 8638715.546, 116
Trd, 8638715.979, 107
Trd, 8638716.112, 100
Trd, 8638716.179, 120
Trd, 8638716.812, 88
Trd, 8638717.679, 95
Trd, 8638717.746, 108
Trd, 8638717.846, 81
Trd, 8638718.012, 82
Trd, 8638718.712, 104
Trd, 8638719.112, 135
Trd, 8638719.412, 134
Trd, 8638719.579, 126
Trd, 8638720.279, 79
Trd, 8638721.712, 78
Trd, 8638721.812, 106
Trd, 8638722.279, 109
Trd, 8638723.079, 110
Trd, 8638723.679, 121
Trd, 8638723.812, 125
Trd, 8638724.646, 110
Trd, 8638724.979, 127
Trd, 8638725.112, 109
Trd, 8638725.912, 132
Trd, 8638726.212, 92
Trd, 8638727.246, 120
Trd, 8638727.412, 110
Trd, 8638728.146, 62
Trd, 8638728.479, 60
Trd, 8638729.179, 124
Trd, 8638730.046, 140
Trd, 8638730.412, 140
Trd, 8638732.812, 124
Trd, 8638733.512, 124
Trd, 8638733.779, 115
Trd, 8638734.212, 112
Trd, 8638734.879, 109
Trd, 8638735.279, 115
Trd, 8638736.179, 126
Trd, 8638737.412, 104
Trd, 8638737.879, 112
Trd, 8638737.946, 107
Trd, 8638738.346, 104
Trd, 8638738.646, 140
Trd, 8638738.946, 103
Trd, 8638739.179, 96
Trd, 8638739.446, 118
Trd, 8638739.746, 131
Trd, 8638740.912, 102
Trd, 8638742.146, 140
Trd, 8638742.746, 133
Trd, 8638743.012, 132
Trd, 8638743.112, 131
Trd, 8638743.679, 117
Trd, 8638744.379, 122
Trd, 8638745.046, 122
Trd, 8638745.479, 117
Trd, 8638746.512, 121
Trd, 8638746.579, 117
Trd, 8638746.946, 130
Trd, 8638748.112, 134
Trd, 8638748.579, 138
Trd, 8638748.812, 125
Trd, 8638749.612, 111
Trd, 8638750.046, 133
Trd, 8638750.279, 106
Trd, 8638751.346, 99
Trd, 8638751.879, 140
Trd, 8638752.146, 121
Trd, 8638752.379, 98
Trd, 8638752.446, 94
Trd, 8638752.579, 89
Trd, 8638753.679, 128
Trd, 8638754.446, 104
Trd, 8638755.012, 119
Trd, 8638755.112, 126
Trd, 8638755.812, 119
Trd, 8638756.146, 118
Trd, 8638756.579, 118
Trd, 8638757.379, 102
Trd, 8638758.012, 103
Trd, 8638758.146, 102
Trd, 8638758.546, 92
Trd, 8638759.046, 90
Trd, 8638759.179, 88
Trd, 8638759.446, 106
Trd, 8638759.679, 117
Trd, 8638760.346, 108
Trd, 8638761.879, 107
Trd, 8638762.279, 117
Trd, 8638762.846, 103
Trd, 8638765.312, 130
Trd, 8638765.646, 123
Trd, 8638765.879, 129
Trd, 8638766.546, 120
Trd, 8638766.646, 119
Trd, 8638766.679, 111
Trd, 8638767.046, 123
Trd, 8638767.379, 122
Trd, 8638767.812, 118
Trd, 8638768.012, 110
Trd, 8638768.079, 109
Trd, 8638768.446, 96
Trd, 8638768.879, 95
Trd, 8638769.379, 91
Trd, 8638770.046, 88
Trd, 8638770.679, 112
Trd, 8638771.446, 99
Trd, 8638771.579, 93
Trd, 8638771.679, 84
Trd, 8638772.246, 140
Trd, 8638772.979, 115
Trd, 8638773.346, 105
Trd, 8638773.946, 133
Trd, 8638774.612, 135
Trd, 8638775.079, 104
Trd, 8638775.646, 137
Trd, 8638776.146, 140
Trd, 8638777.246, 120
Trd, 8638777.879, 129
Trd, 8638778.212, 133
Trd, 8638778.879, 128
Trd, 8638779.512, 119
Trd, 8638780.146, 110
Trd, 8638780.579, 109
Trd, 8638781.679, 104
Trd, 8638781.912, 117
Trd, 8638782.312, 140
Trd, 8638782.946, 112
Trd, 8638783.546, 119
Trd, 8638783.846, 111
Trd, 8638784.312, 101
Trd, 8638784.746, 108
Trd, 8638785.112, 94
Trd, 8638785.479, 90
Trd, 8638786.046, 91
Trd, 8638786.312, 90
Trd, 8638788.912, 139
Trd, 8638788.979, 138
Trd, 8638789.079, 137
Trd, 8638789.212, 126
Trd, 8638789.412, 107
Trd, 8638789.779, 103
Trd, 8638789.846, 140
Trd, 8638790.012, 102
Trd, 8638791.246, 113
Trd, 8638791.346, 102
Trd, 8638791.912, 94
Trd, 8638793.212, 117
Trd, 8638794.446, 134
Trd, 8638795.079, 130
Trd, 8638795.712, 130
Trd, 8638796.079, 130
Trd, 8638796.146, 129
Trd, 8638796.412, 126
Trd, 8638796.946, 111
Trd, 8638797.846, 111
Trd, 8638798.146, 106
Trd, 8638798.679, 94
Trd, 8638799.912, 140
Trd, 8638800.446, 140
Trd, 8638801.412, 140
Trd, 8638802.412, 115
Trd, 8638802.446, 113
Trd, 8638803.346, 140
Trd, 8638803.946, 139
Trd, 8638804.279, 110
Trd, 8638804.512, 103
Trd, 8638804.912, 117
Trd, 8638805.546, 110
Trd, 8638805.579, 114
Trd, 8638806.046, 104
Trd, 8638807.579, 117
Trd, 8638808.812, 131
Trd, 8638809.112, 131
Trd, 8638809.812, 127
Trd, 8638810.012, 125
Trd, 8638810.312, 124
Trd, 8638812.146, 136
Trd, 8638812.612, 127
Trd, 8638812.679, 126
Trd, 8638813.179, 120
Trd, 8638813.646, 136
Trd, 8638813.746, 118
Trd, 8638813.946, 119
Trd, 8638814.712, 140
Trd, 8638814.912, 139
Trd, 8638815.912, 81
Trd, 8638817.079, 99
Trd, 8638817.212, 94
Trd, 8638817.879, 118
Trd, 8638818.146, 125
Trd, 8638819.779, 131
Trd, 8638820.812, 134
Trd, 8638821.112, 119
Trd, 8638821.246, 113
Trd, 8638821.412, 109
Trd, 8638821.746, 109
Trd, 8638822.012, 139
Trd, 8638822.779, 106
Trd, 8638823.412, 135
Trd, 8638823.646, 131
Trd, 8638825.046, 140
Trd, 8638825.246, 112
Trd, 8638826.212, 139
Trd, 8638826.912, 127
Trd, 8638827.246, 126
Trd, 8638828.046, 105
Trd, 8638828.812, 84
Trd, 8638828.979, 67
Trd, 8638829.746, 74
Trd, 8638830.179, 69
Trd, 8638831.479, 133
Trd, 8638832.346, 139
Trd, 8638833.012, 134
Trd, 8638833.212, 133
Trd, 8638833.579, 114
Trd, 8638833.946, 100
Trd, 8638834.846, 103
Trd, 8638835.012, 93
Trd, 8638835.846, 132
Trd, 8638836.146, 115
Trd, 8638836.246, 110
Trd, 8638837.079, 111
Trd, 8638838.012, 128
Trd, 8638838.679, 126
Trd, 8638838.712, 109
Trd, 8638838.979, 124
Trd, 8638839.846, 107
Trd, 8638840.946, 134
Trd, 8638841.112, 128
Trd, 8638841.446, 123
Trd, 8638841.946, 108
Trd, 8638841.979, 106
Trd, 8638842.546, 125
Trd, 8638842.846, 115
Trd, 8638843.979, 126
Trd, 8638844.112, 115
Trd, 8638844.479, 99
Trd, 8638845.146, 99
Trd, 8638845.412, 98
Trd, 8638847.512, 125
Trd, 8638848.246, 123
Trd, 8638848.479, 118
Trd, 8638848.612, 106
Trd, 8638848.979, 134
Trd, 8638849.612, 139
Trd, 8638849.946, 130
Trd, 8638850.379, 115
Trd, 8638850.612, 110
Trd, 8638850.712, 107
Trd, 8638851.012, 108
Trd, 8638851.212, 119
Trd, 8638851.879, 139
Trd, 8638851.946, 120
Trd, 8638852.446, 119
Trd, 8638852.912, 117
Trd, 8638853.412, 98
Trd, 8638854.512, 109
Trd, 8638855.679, 134
Trd, 8638855.712, 133
Trd, 8638856.012, 96
Trd, 8638856.812, 93
Trd, 8638857.179, 85
Trd, 8638857.212, 101
Trd, 8638859.179, 130
Trd, 8638859.746, 130
Trd, 8638861.012, 131
Trd, 8638861.079, 124
Trd, 8638861.479, 123
Trd, 8638861.679, 126
Trd, 8638861.946, 126
Trd, 8638862.246, 122
Trd, 8638862.479, 115
Trd, 8638862.912, 93
Trd, 8638863.146, 108
Trd, 8638863.812, 124
Trd, 8638865.312, 140
Trd, 8638866.212, 132
Trd, 8638867.512, 132
Trd, 8638867.846, 131
Trd, 8638868.246, 124
Trd, 8638868.446, 123
Trd, 8638868.612, 120
Trd, 8638869.279, 121
Trd, 8638870.312, 138
Trd, 8638870.479, 129
Trd, 8638871.012, 112
Trd, 8638871.046, 99
Trd, 8638871.479, 133
Trd, 8638871.712, 139
Trd, 8638872.179, 106
Trd, 8638872.779, 104
Trd, 8638872.979, 99
Trd, 8638874.612, 115
Trd, 8638875.046, 111
Trd, 8638875.679, 118
Trd, 8638875.779, 110
Trd, 8638876.646, 130
Trd, 8638877.679, 106
Trd, 8638877.912, 134
Trd, 8638878.379, 107
Trd, 8638878.512, 106
Trd, 8638879.579, 121
Trd, 8638880.646, 132
Trd, 8638880.879, 126
Trd, 8638881.946, 121
Trd, 8638882.046, 119
Trd, 8638883.246, 133
Trd, 8638883.279, 132
Trd, 8638883.479, 110
Trd, 8638883.979, 109
Trd, 8638884.212, 107
Trd, 8638884.646, 112
Trd, 8638884.779, 98
Trd, 8638885.146, 127
Trd, 8638887.912, 140
Trd, 8638887.979, 140
Trd, 8638888.312, 140
Trd, 8638888.379, 132
Trd, 8638888.946, 132
Trd, 8638889.579, 123
Trd, 8638891.346, 120
Trd, 8638891.446, 110
Trd, 8638891.779, 102
Trd, 8638893.012, 104
Trd, 8638893.246, 133
Trd, 8638894.346, 114
Trd, 8638895.112, 97
Trd, 8638895.312, 83
Trd, 8638896.246, 80
Trd, 8638897.412, 102
Trd, 8638897.846, 137
Trd, 8638898.146, 136
Trd, 8638898.379, 140
Trd, 8638898.579, 122
Trd, 8638899.646, 140
Trd, 8638900.812, 122
Trd, 8638900.912, 119
Trd, 8638900.979, 118
Trd, 8638901.779, 107
Trd, 8638901.912, 129
Trd, 8638902.546, 134
Trd, 8638903.146, 126
Trd, 8638903.379, 85
Trd, 8638903.546, 83
Trd, 8638903.946, 65
Trd, 8638904.212, 66
Trd, 8638905.212, 137
Trd, 8638905.479, 105
Trd, 8638906.846, 101
Trd, 8638907.379, 110
Trd, 8638908.779, 119
Trd, 8638908.812, 103
Trd, 8638909.046, 138
Trd, 8638909.179, 100
Trd, 8638910.312, 140
Trd, 8638910.479, 126
Trd, 8638910.746, 107
Trd, 8638911.112, 108
Trd, 8638911.579, 108
Trd, 8638912.179, 106
Trd, 8638912.912, 109
Trd, 8638913.346, 104
Trd, 8638913.946, 129
Trd, 8638915.246, 119
Trd, 8638915.746, 139
Trd, 8638916.146, 107
Trd, 8638916.746, 119
Trd, 8638916.779, 117
Trd, 8638916.946, 130
Trd, 8638917.246, 111
Trd, 8638917.946, 114
Trd, 8638918.079, 100
Trd, 8638920.046, 139
Trd, 8638920.112, 128
Trd, 8638920.379, 118
Trd, 8638920.446, 114
Trd, 8638920.512, 113
Trd, 8638920.612, 111
Trd, 8638921.412, 106
Trd, 8638921.879, 74
Trd, 8638922.646, 110
Trd, 8638923.712, 140
Trd, 8638924.212, 101
Trd, 8638925.846, 136
Trd, 8638925.912, 135
Trd, 8638925.946, 129
Trd, 8638927.312, 125
Trd, 8638928.712, 138
Trd, 8638929.779, 135
Trd, 8638929.946, 130
Trd, 8638930.012, 125
Trd, 8638930.079, 123
Trd, 8638930.312, 111
Trd, 8638931.446, 93
Trd, 8638932.279, 131
Trd, 8638933.346, 101
Trd, 8638933.879, 122
Trd, 8638934.279, 138
Trd, 8638934.479, 131
Trd, 8638935.912, 113
Trd, 8638936.546, 135
Trd, 8638936.646, 115
Trd, 8638936.746, 102
Trd, 8638937.212, 105
Trd, 8638937.979, 140
Trd, 8638938.046, 103
Trd, 8638938.246, 103
Trd, 8638939.446, 130
Trd, 8638939.512, 120
Trd, 8638939.946, 126
Trd, 8638940.479, 121
Trd, 8638941.346, 121
Trd, 8638941.946, 121
Trd, 8638942.179, 120
Trd, 8638943.212, 120
Trd, 8638943.412, 115
Trd, 8638943.446, 108
Trd, 8638944.179, 104
Trd, 8638944.279, 98
Trd, 8638946.179, 138
Trd, 8638946.779, 136
Trd, 8638946.912, 135
Trd, 8638947.746, 128
Trd, 8638948.046, 108
Trd, 8638949.179, 134
Trd, 8638950.146, 112
Trd, 8638950.212, 114
Trd, 8638950.779, 107
Trd, 8638950.979, 99
Trd, 8638951.412, 100
Trd, 8638951.846, 136
Trd, 8638952.279, 131
Trd, 8638952.979, 122
Trd, 8638954.546, 126
Trd, 8638954.712, 120
Trd, 8638954.779, 107
Trd, 8638955.246, 86
Trd, 8638955.979, 78
Trd, 8638956.246, 73
Trd, 8638957.346, 101
Trd, 8638958.179, 107
Trd, 8638958.346, 138
Trd, 8638959.179, 129
Trd, 8638959.479, 128
Trd, 8638959.779, 101
Trd, 8638960.879, 122
Trd, 8638961.012, 139
Trd, 8638961.046, 120
Trd, 8638961.146, 117
Trd, 8638962.779, 140
Trd, 8638962.846, 134
Trd, 8638963.112, 140
Trd, 8638963.512, 126
Trd, 8638964.079, 121
Trd, 8638965.079, 103
Trd, 8638966.012, 119
Trd, 8638966.379, 110
Trd, 8638966.812, 109
Trd, 8638967.879, 127
Trd, 8638969.412, 127
Trd, 8638969.812, 130
Trd, 8638969.879, 126
Trd, 8638970.546, 139
Trd, 8638970.712, 125
Trd, 8638971.179, 120
Trd, 8638971.812, 112
Trd, 8638971.946, 111
Trd, 8638972.846, 139
Trd, 8638973.346, 133
Trd, 8638973.446, 127
Trd, 8638973.646, 126
Trd, 8638974.412, 116
Trd, 8638974.612, 111
Trd, 8638974.779, 107
Trd, 8638974.812, 104
Trd, 8638975.146, 123
Trd, 8638977.046, 121
Trd, 8638977.079, 105
Trd, 8638977.479, 122
Trd, 8638978.446, 139
Trd, 8638978.646, 133
Trd, 8638979.179, 132
Trd, 8638979.312, 112
Trd, 8638979.646, 121
Trd, 8638979.879, 91
Trd, 8638980.346, 85
Trd, 8638981.279, 135
Trd, 8638981.479, 91
Trd, 8638981.979, 97
Trd, 8638982.179, 89
Trd, 8638982.346, 77
Trd, 8638983.079, 87
Trd, 8638983.446, 140
Trd, 8638983.512, 130
Trd, 8638983.746, 119
Trd, 8638985.179, 128
Trd, 8638986.646, 139
Trd, 8638986.679, 138
Trd, 8638986.846, 132
Trd, 8638988.479, 126
Trd, 8638989.579, 119
Trd, 8638990.046, 120
Trd, 8638990.179, 118
Trd, 8638990.746, 115
Trd, 8638991.246, 140
Trd, 8638991.446, 113
Trd, 8638991.679, 112
Trd, 8638992.746, 121
Trd, 8638992.879, 108
Trd, 8638993.412, 107
Trd, 8638993.646, 98
Trd, 8638994.846, 140
Trd, 8638995.512, 91
Trd, 8638996.279, 137
Trd, 8638997.112, 107
Trd, 8638997.346, 113
Trd, 8638998.312, 125
Trd, 8638998.446, 104
Trd, 8638998.646, 110
Trd, 8638999.079, 98
Trd, 8638999.512, 78
Trd, 8638999.946, 108
Trd, 8639000.379, 111
Trd, 8639000.512, 110
Trd, 8639002.046, 140
Trd, 8639002.479, 140
Trd, 8639003.412, 111
Trd, 8639003.879, 118
Trd, 8639004.212, 100
Trd, 8639004.546, 121
Trd, 8639004.879, 139
Trd, 8639004.946, 112
Trd, 8639005.146, 94
Trd, 8639005.312, 124
Trd, 8639005.412, 93
Trd, 8639006.746, 97
Trd, 8639007.146, 93
Trd, 8639007.979, 122
Trd, 8639008.012, 131
Trd, 8639008.212, 104
Trd, 8639008.479, 107
Trd, 8639009.179, 131
Trd, 8639011.946, 134
Trd, 8639012.079, 132
Trd, 8639012.346, 129
Trd, 8639012.379, 124
Trd, 8639013.279, 119
Trd, 8639013.479, 114
Trd, 8639014.046, 113
Trd, 8639014.412, 107
Trd, 8639015.079, 131
Trd, 8639015.246, 131
Trd, 8639015.279, 130
Trd, 8639015.679, 112
Trd, 8639016.546, 128
Trd, 8639017.346, 139
Trd, 8639017.679, 127
Trd, 8639017.912, 121
Trd, 8639018.246, 92
Trd, 8639019.279, 139
Trd, 8639019.479, 119
Trd, 8639020.712, 106
Trd, 8639020.979, 139
Trd, 8639021.679, 140
Trd, 8639022.512, 140
Trd, 8639023.012, 138
Trd, 8639023.046, 131
Trd, 8639023.279, 125
Trd, 8639023.779, 137
Trd, 8639024.412, 96
Trd, 8639024.579, 94
Trd, 8639025.179, 114
Trd, 8639025.712, 92
Trd, 8639025.879, 101
Trd, 8639026.046, 91
Trd, 8639026.912, 70
Trd, 8639027.712, 138
Trd, 8639028.012, 124
Trd, 8639028.179, 121
Trd, 8639028.479, 112
Trd, 8639028.646, 104
Trd, 8639028.812, 103
Trd, 8639029.446, 140
Trd, 8639030.479, 124
Trd, 8639031.412, 126
Trd, 8639031.679, 134
Trd, 8639031.846, 89
Trd, 8639032.879, 113
Trd, 8639033.379, 109
Trd, 8639034.512, 138
Trd, 8639034.679, 136
Trd, 8639034.812, 136
Trd, 8639035.146, 139
Trd, 8639035.212, 131
Trd, 8639035.779, 96
Trd, 8639037.279, 133
Trd, 8639037.846, 125
Trd, 8639038.246, 116
Trd, 8639039.612, 128
Trd, 8639040.579, 140
Trd, 8639040.912, 138
Trd, 8639041.646, 126
Trd, 8639042.179, 123
Trd, 8639042.279, 119
Trd, 8639042.346, 110
Trd, 8639043.212, 91
Trd, 8639043.479, 125
Trd, 8639044.079, 89
Trd, 8639044.312, 88
Trd, 8639045.146, 114
Trd, 8639045.279, 113
Trd, 8639045.412, 127
Trd, 8639045.646, 130
Trd, 8639046.812, 121
Trd, 8639047.412, 118
Trd, 8639048.079, 116
Trd, 8639049.012, 116
Trd, 8639049.612, 115
Trd, 8639049.679, 102
Trd, 8639049.779, 102
Trd, 8639050.079, 137
Trd, 8639050.779, 119
Trd, 8639051.446, 130
Trd, 8639051.712, 108
Trd, 8639052.879, 111
Trd, 8639055.412, 140
Trd, 8639055.479, 140
Trd, 8639055.579, 122
Trd, 8639055.779, 119
Trd, 8639056.179, 114
Trd, 8639056.412, 135
Trd, 8639056.446, 113
Trd, 8639057.579, 140
Trd, 8639057.646, 138
Trd, 8639058.212, 128
Trd, 8639059.079, 128
Trd, 8639059.612, 122
Trd, 8639059.979, 138
Trd, 8639060.412, 104
Trd, 8639060.779, 77
Trd, 8639061.112, 108
Trd, 8639061.279, 103
Trd, 8639061.312, 102
Trd, 8639062.379, 94
Trd, 8639063.479, 140
Trd, 8639063.612, 124
Trd, 8639063.646, 122
Trd, 8639063.946, 114
Trd, 8639064.679, 105
Trd, 8639065.312, 103
Trd, 8639066.079, 140
Trd, 8639066.712, 128
Trd, 8639067.379, 128
Trd, 8639067.512, 127
Trd, 8639068.679, 119
Trd, 8639069.079, 108
Trd, 8639069.112, 107
Trd, 8639069.812, 107
Trd, 8639069.946, 114
Trd, 8639070.346, 122
Trd, 8639070.746, 121
Trd, 8639071.279, 97
Trd, 8639072.246, 136
Trd, 8639072.546, 133
Trd, 8639073.546, 125
Trd, 8639074.379, 135
Trd, 8639075.146, 134
Trd, 8639076.112, 138
Trd, 8639077.046, 140
Trd, 8639077.179, 140
Trd, 8639077.212, 130
Trd, 8639077.846, 131
Trd, 8639078.512, 130
Trd, 8639079.246, 133
Trd, 8639079.812, 128
Trd, 8639079.912, 140
Trd, 8639080.112, 127
Trd, 8639081.346, 140
Trd, 8639081.479, 140
Trd, 8639081.946, 123
Trd, 8639082.046, 121
Trd, 8639082.646, 131
Trd, 8639082.812, 123
Trd, 8639083.046, 117
Trd, 8639084.246, 140
Trd, 8639084.546, 140
Trd, 8639084.579, 139
Trd, 8639085.012, 124
Trd, 8639085.546, 118
Trd, 8639085.712, 116
Trd, 8639086.579, 120
Trd, 8639087.612, 109
Trd, 8639087.846, 64
Trd, 8639087.912, 71
Trd, 8639089.046, 123
Trd, 8639089.379, 127
Trd, 8639089.612, 113
Trd, 8639089.879, 112
Trd, 8639090.012, 107
Trd, 8639090.079, 75
Trd, 8639091.946, 91
Trd, 8639092.046, 109
Trd, 8639092.146, 90
Trd, 8639092.746, 140
Trd, 8639093.446, 137
Trd, 8639093.679, 87
Trd, 8639094.979, 115
Trd, 8639095.212, 112
Trd, 8639095.312, 110
Trd, 8639095.912, 107
Trd, 8639096.446, 138
Trd, 8639096.746, 120
Trd, 8639097.746, 129
Trd, 8639099.646, 138
Trd, 8639100.112, 139
Trd, 8639100.179, 133
Trd, 8639100.879, 132
Trd, 8639101.179, 130
Trd, 8639101.246, 125
Trd, 8639101.512, 120
Trd, 8639101.612, 91
Trd, 8639102.112, 136
Trd, 8639102.912, 87
Trd, 8639103.479, 104
Trd, 8639104.012, 109
Trd, 8639104.746, 117
Trd, 8639105.179, 140
Trd, 8639106.346, 119
Trd, 8639106.379, 118
Trd, 8639107.012, 112
Trd, 8639108.146, 137
Trd, 8639108.546, 136
Trd, 8639108.812, 125
Trd, 8639108.946, 120
Trd, 8639109.946, 107
Trd, 8639110.946, 118
Trd, 8639111.279, 124
Trd, 8639111.379, 122
Trd, 8639112.079, 133
Trd, 8639112.346, 114
Trd, 8639112.779, 111
Trd, 8639114.646, 119
Trd, 8639114.679, 104
Trd, 8639114.746, 103
Trd, 8639115.312, 93
Trd, 8639115.846, 101
Trd, 8639116.612, 140
Trd, 8639117.246, 113
Trd, 8639117.746, 121
Trd, 8639118.679, 115
Trd, 8639119.446, 118
Trd, 8639119.779, 116
Trd, 8639121.179, 118
Trd, 8639121.779, 123
Trd, 8639122.079, 120
Trd, 8639122.946, 113
Trd, 8639123.012, 102
Trd, 8639123.379, 140
Trd, 8639124.679, 114
Trd, 8639124.979, 99
Trd, 8639125.846, 130
Trd, 8639126.179, 121
Trd, 8639126.346, 131
Trd, 8639127.379, 133
Trd, 8639127.712, 132
Trd, 8639127.779, 125
Trd, 8639128.412, 130
Trd, 8639128.512, 116
Trd, 8639129.712, 100
Trd, 8639130.312, 113
Trd, 8639130.779, 140
Trd, 8639131.346, 140
Trd, 8639131.712, 126
Trd, 8639133.512, 120
Trd, 8639133.679, 139
Trd, 8639133.879, 115
Trd, 8639134.346, 114
Trd, 8639134.412, 113
Trd, 8639134.479, 110
Trd, 8639135.712, 104
Trd, 8639136.112, 121
Trd, 8639137.279, 129
Trd, 8639137.379, 128
Trd, 8639137.979, 135
Trd, 8639138.146, 117
Trd, 8639138.912, 125
Trd, 8639139.312, 117
Trd, 8639140.446, 110
Trd, 8639140.979, 115
Trd, 8639141.479, 105
Trd, 8639141.612, 101
Trd, 8639142.679, 102
Trd, 8639142.712, 99
Trd, 8639143.079, 81
Trd, 8639144.612, 105
Trd, 8639145.379, 88
Trd, 8639145.546, 85
Trd, 8639145.612, 83
Trd, 8639146.179, 115
Trd, 8639146.312, 104
Trd, 8639146.646, 121
Trd, 8639147.446, 129
Trd, 8639147.912, 88
Trd, 8639148.012, 86
Trd, 8639149.379, 107
Trd, 8639149.679, 113
Trd, 8639150.112, 113
Trd, 8639150.279, 87
Trd, 8639150.579, 116
Trd, 8639150.946, 124
Trd, 8639151.079, 94
Trd, 8639151.546, 98
Trd, 8639151.779, 92
Trd, 8639152.579, 89
Trd, 8639152.979, 124
Trd, 8639154.812, 127
Trd, 8639155.146, 124
Trd, 8639155.512, 119
Trd, 8639156.312, 114
Trd, 8639156.346, 107
Trd, 8639156.479, 100
Trd, 8639157.579, 140
Trd, 8639157.612, 122
Trd, 8639158.479, 112
Trd, 8639158.812, 103
Trd, 8639159.212, 102
Trd, 8639160.579, 75
Trd, 8639160.779, 111
Trd, 8639161.346, 104
Trd, 8639161.779, 113
Trd, 8639163.446, 132
Trd, 8639163.879, 130
Trd, 8639164.279, 124
Trd, 8639164.379, 118
Trd, 8639164.446, 138
Trd, 8639164.812, 100
Trd, 8639165.379, 93
Trd, 8639166.946, 120
Trd, 8639168.246, 135
Trd, 8639168.446, 129
Trd, 8639169.446, 123
Trd, 8639169.712, 122
Trd, 8639169.946, 117
Trd, 8639170.012, 113
Trd, 8639170.879, 107
Trd, 8639171.079, 134
Trd, 8639171.212, 104
Trd, 8639172.012, 140
Trd, 8639172.179, 118
Trd, 8639172.979, 117
Trd, 8639173.512, 82
Trd, 8639173.546, 82
Trd, 8639173.912, 90
Trd, 8639174.446, 83
Trd, 8639174.512, 81
Trd, 8639174.746, 124
Trd, 8639176.479, 86
Trd, 8639176.946, 83
Trd, 8639177.679, 115
Trd, 8639178.412, 126
Trd, 8639178.879, 119
Trd, 8639178.912, 131
Trd, 8639179.346, 118
Trd, 8639180.846, 89
Trd, 8639181.012, 110
Trd, 8639181.179, 108
Trd, 8639182.479, 109
Trd, 8639182.612, 117
Trd, 8639183.212, 136
Trd, 8639183.746, 140
Trd, 8639184.679, 139
Trd, 8639185.146, 140
Trd, 8639185.879, 118
Trd, 8639186.579, 119
Trd, 8639187.012, 115
Trd, 8639187.146, 114
Trd, 8639187.446, 112
Trd, 8639187.479, 107
Trd, 8639188.512, 100
Trd, 8639189.379, 93
Trd, 8639189.412, 94
Trd, 8639190.579, 113
Trd, 8639191.446, 140
Trd, 8639191.879, 126
Trd, 8639192.812, 128
Trd, 8639193.279, 126
Trd, 8639193.546, 125
Trd, 8639194.079, 100
Trd, 8639195.412, 130
Trd, 8639195.512, 120
Trd, 8639196.246, 140
Trd, 8639196.546, 129
Trd, 8639196.712, 123
Trd, 8639197.279, 111
Trd, 8639197.446, 103
Trd, 8639199.212, 136
Trd, 8639199.379, 129
Trd, 8639199.679, 125
Trd, 8639199.846, 111
Trd, 8639199.979, 84
Trd, 8639201.412, 108
Trd, 8639201.646, 79
Trd, 8639202.912, 112
Trd, 8639203.412, 140
Trd, 8639204.079, 124
Trd, 8639204.812, 123
Trd, 8639205.146, 115
Trd, 8639206.279, 86
Trd, 8639206.479, 84
Trd, 8639207.146, 131
Trd, 8639207.179, 103
Trd, 8639207.412, 85
Trd, 8639207.912, 108
Trd, 8639208.846, 130
Trd, 8639209.146, 129
Trd, 8639209.546, 120
Trd, 8639209.946, 98
Trd, 8639210.412, 124
Trd, 8639210.546, 92
Trd, 8639211.012, 124
Trd, 8639211.779, 106
Trd, 8639211.879, 128
Trd, 8639212.312, 139
Trd, 8639212.479, 105
Trd, 8639213.346, 112
Trd, 8639214.746, 108
Trd, 8639216.346, 110
Trd, 8639216.512, 128
Trd, 8639218.412, 140
Trd, 8639218.846, 140
Trd, 8639219.579, 136
Trd, 8639219.812, 129
Trd, 8639219.912, 128
Trd, 8639220.812, 122
Trd, 8639221.146, 115
Trd, 8639221.912, 114
Trd, 8639222.146, 108
Trd, 8639222.846, 114
Trd, 8639223.179, 140
Trd, 8639223.546, 140
Trd, 8639223.979, 132
Trd, 8639225.279, 114
Trd, 8639225.712, 126
Trd, 8639226.546, 139
Trd, 8639226.579, 125
Trd, 8639227.112, 131
Trd, 8639227.246, 120
Trd, 8639228.079, 114
Trd, 8639228.179, 113
Trd, 8639229.079, 138
Trd, 8639229.312, 133
Trd, 8639229.779, 137
Trd, 8639230.512, 137
Trd, 8639230.679, 131
Trd, 8639231.079, 94
Trd, 8639232.279, 117
Trd, 8639232.512, 114
Trd, 8639232.612, 107
Trd, 8639233.212, 139
Trd, 8639233.746, 129
Trd, 8639234.812, 125
Trd, 8639235.046, 119
Trd, 8639236.379, 122
Trd, 8639236.512, 108
Trd, 8639237.446, 124
Trd, 8639237.679, 107
Trd, 8639238.079, 106
Trd, 8639238.412, 106
Trd, 8639239.046, 140
Trd, 8639239.712, 105
Trd, 8639239.746, 100
Trd, 8639241.179, 133
Trd, 8639241.879, 136
Trd, 8639243.012, 129
Trd, 8639243.646, 129
Trd, 8639243.812, 133
Trd, 8639243.979, 118
Trd, 8639244.079, 110
Trd, 8639244.246, 140
Trd, 8639245.546, 125
Trd, 8639245.579, 113
Trd, 8639245.779, 109
Trd, 8639247.112, 108
Trd, 8639247.246, 106
Trd, 8639247.646, 91
Trd, 8639247.712, 98
Trd, 8639248.212, 112
Trd, 8639248.779, 92
Trd, 8639248.979, 89
Trd, 8639249.812, 140
Trd, 8639250.012, 139
Trd, 8639251.112, 99
Trd, 8639251.612, 98
Trd, 8639251.712, 97
Trd, 8639252.012, 110
Trd, 8639252.946, 108
Trd, 8639253.646, 105
Trd, 8639253.779, 111
Trd, 8639254.946, 117
Trd, 8639255.079, 130
Trd, 8639255.479, 98
Trd, 8639255.546, 94
Trd, 8639256.912, 107
Trd, 8639257.012, 104
Trd, 8639257.246, 100
Trd, 8639258.212, 140
Trd, 8639258.379, 101
Trd, 8639260.046, 137
Trd, 8639260.179, 130
Trd, 8639261.079, 104
Trd, 8639261.479, 100
Trd, 8639261.912, 92
Trd, 8639262.412, 97
Trd, 8639262.846, 127
Trd, 8639262.879, 96
Trd, 8639263.179, 88
Trd, 8639264.246, 140
Trd, 8639264.312, 127
Trd, 8639264.712, 97
Trd, 8639264.912, 83
Trd, 8639265.079, 82
Trd, 8639266.046, 135
Trd, 8639267.012, 138
Trd, 8639267.412, 127
Trd, 8639267.446, 122
Trd, 8639268.612, 113
Trd, 8639269.146, 113
Trd, 8639269.446, 126
Trd, 8639270.279, 96
Trd, 8639271.812, 119
Trd, 8639272.012, 110
Trd, 8639272.512, 104
Trd, 8639272.679, 123
Trd, 8639273.612, 91
Trd, 8639273.779, 90
Trd, 8639273.912, 89
Trd, 8639274.212, 101
Trd, 8639274.512, 96
Trd, 8639275.112, 88
Trd, 8639275.479, 98
Trd, 8639275.812, 137
Trd, 8639277.346, 132
Trd, 8639277.779, 133
Trd, 8639277.912, 131
Trd, 8639278.546, 124
Trd, 8639278.979, 140
Trd, 8639279.512, 126
Trd, 8639280.279, 118
Trd, 8639280.779, 117
Trd, 8639281.412, 102
Trd, 8639282.712, 117
Trd, 8639282.812, 95
Trd, 8639283.079, 107
Trd, 8639283.179, 93
Trd, 8639284.312, 130
Trd, 8639284.479, 129
Trd, 8639285.412, 119
Trd, 8639285.546, 107
Trd, 8639286.112, 140
Trd, 8639286.979, 140
Trd, 8639288.279, 140
Trd, 8639288.679, 140
Trd, 8639288.812, 140
Trd, 8639288.879, 132
Trd, 8639289.646, 127
Trd, 8639290.479, 139
Trd, 8639291.379, 104
Trd, 8639291.479, 106
Trd, 8639291.912, 137
Trd, 8639292.312, 75
Trd, 8639293.512, 132
Trd, 8639293.546, 81
Trd, 8639293.779, 105
Trd, 8639294.912, 140
Trd, 8639295.312, 140
Trd, 8639295.612, 140
Trd, 8639295.946, 129
Trd, 8639296.212, 91
Trd, 8639296.612, 116
Trd, 8639298.646, 92
Trd, 8639298.879, 87
Trd, 8639299.246, 97
Trd, 8639299.612, 104
Trd, 8639300.079, 110
Trd, 8639301.146, 134
Trd, 8639301.579, 128
Trd, 8639302.646, 122
Trd, 8639303.046, 115
Trd, 8639303.746, 109
Trd, 8639303.912, 108
Trd, 8639304.146, 112
Trd, 8639304.879, 137
Trd, 8639305.046, 112
Trd, 8639305.212, 103
Trd, 8639305.579, 126
Trd, 8639306.279, 97
Trd, 8639306.946, 133
Trd, 8639307.979, 130
Trd, 8639308.979, 121
Trd, 8639309.012, 115
Trd, 8639309.512, 140
Trd, 8639309.546, 139
Trd, 8639309.646, 128
Trd, 8639311.712, 103
Trd, 8639312.146, 98
Trd, 8639312.679, 95
Trd, 8639313.646, 132
Trd, 8639314.212, 131
Trd, 8639315.146, 115
Trd, 8639315.279, 125
Trd, 8639315.579, 114
Trd, 8639316.079, 111
Trd, 8639316.312, 112
Trd, 8639316.746, 110
Trd, 8639318.546, 110
Trd, 8639318.646, 109
Trd, 8639319.146, 134
Trd, 8639319.646, 92
Trd, 8639319.846, 92
Trd, 8639320.179, 92
Trd, 8639320.379, 94
Trd, 8639320.412, 119
Trd, 8639321.346, 113
Trd, 8639321.412, 135
Trd, 8639321.579, 80
Trd, 8639322.212, 88
Trd, 8639322.512, 107
Trd, 8639323.446, 96
Trd, 8639323.779, 95
Trd, 8639324.112, 93
Trd, 8639324.679, 140
Trd, 8639324.812, 125
Trd, 8639325.712, 119
Trd, 8639326.846, 108
Trd, 8639327.379, 106
Trd, 8639328.479, 88
Trd, 8639328.546, 101
Trd, 8639329.379, 86
Trd, 8639329.479, 83
Trd, 8639329.679, 118
Trd, 8639330.746, 111
Trd, 8639330.979, 105
Trd, 8639331.012, 84
Trd, 8639331.679, 108
Trd, 8639332.046, 73
Trd, 8639332.646, 102
Trd, 8639333.212, 100
Trd, 8639333.379, 120
Trd, 8639334.712, 116
Trd, 8639335.012, 140
Trd, 8639335.212, 140
Trd, 8639336.112, 106
Trd, 8639336.346, 105
Trd, 8639336.746, 107
Trd, 8639337.279, 107
Trd, 8639337.312, 106
Trd, 8639337.746, 120
Trd, 8639338.412, 106
Trd, 8639339.012, 123
Trd, 8639339.512, 129
Trd, 8639339.712, 128
Trd, 8639339.846, 99
Trd, 8639341.646, 128
Trd, 8639342.012, 140
Trd, 8639342.479, 122
Trd, 8639343.512, 139
Trd, 8639343.679, 128
Trd, 8639344.179, 132
Trd, 8639344.312, 109
Trd, 8639344.679, 91
Trd, 8639345.079, 91
Trd, 8639345.112, 80
Trd, 8639346.412, 132
Trd, 8639346.979, 132
Trd, 8639347.146, 131
Trd, 8639347.446, 118
Trd, 8639348.779, 119
Trd, 8639348.879, 115
Trd, 8639349.412, 128
Trd, 8639349.979, 113
Trd, 8639350.512, 112
Trd, 8639350.912, 108
Trd, 8639351.646, 137
Trd, 8639351.812, 116
Trd, 8639352.146, 112
Trd, 8639352.346, 108
Trd, 8639352.946, 103
Trd, 8639353.279, 102
Trd, 8639353.479, 103
Trd, 8639354.279, 140
Trd, 8639354.479, 135
Trd, 8639355.879, 134
Trd, 8639356.046, 133
Trd, 8639356.579, 133
Trd, 8639357.046, 131
Trd, 8639357.212, 103
Trd, 8639358.112, 102
Trd, 8639358.412, 101
Trd, 8639358.979, 121
Trd, 8639359.679, 119
Trd, 8639359.946, 124
Trd, 8639360.946, 115
Trd, 8639361.279, 108
Trd, 8639362.212, 108
Trd, 8639362.746, 107
Trd, 8639364.179, 105
Trd, 8639365.179, 129
Trd, 8639365.579, 102
Trd, 8639366.079, 127
Trd, 8639366.146, 101
Trd, 8639366.846, 111
Trd, 8639367.046, 106
Trd, 8639367.446, 140
Trd, 8639367.779, 140
Trd, 8639368.512, 135
Trd, 8639369.246, 133
Trd, 8639370.646, 140
Trd, 8639371.412, 129
Trd, 8639371.879, 128
Trd, 8639372.212, 127
Trd, 8639372.446, 131
Trd, 8639372.612, 122
Trd, 8639373.146, 135
Trd, 8639373.679, 112
Trd, 8639374.346, 104
Trd, 8639375.012, 110
Trd, 8639375.479, 119
Trd, 8639377.112, 126
Trd, 8639377.712, 128
Trd, 8639378.112, 125
Trd, 8639378.879, 121
Trd, 8639378.912, 104
Trd, 8639379.979, 114
Trd, 8639380.679, 139
Trd, 8639380.946, 118
Trd, 8639381.412, 117
Trd, 8639382.212, 123
Trd, 8639383.446, 129
Trd, 8639383.512, 123
Trd, 8639384.146, 140
Trd, 8639384.679, 140
Trd, 8639385.312, 140
Trd, 8639385.779, 135
Trd, 8639386.146, 135
Trd, 8639386.946, 131
Trd, 8639387.179, 129
Trd, 8639387.212, 127
Trd, 8639387.712, 122
Trd, 8639387.946, 118
Trd, 8639389.546, 130
Trd, 8639389.679, 129
Trd, 8639389.712, 117
Trd, 8639390.479, 138
Trd, 8639390.979, 111
Trd, 8639391.912, 115
Trd, 8639392.646, 116
Trd, 8639393.079, 124
Trd, 8639393.979, 116
Trd, 8639394.579, 114
Trd, 8639394.846, 113
Trd, 8639395.579, 115
Trd, 8639395.812, 113
Trd, 8639396.046, 108
Trd, 8639396.746, 135
Trd, 8639397.046, 86
Trd, 8639397.479, 85
Trd, 8639397.712, 80
Trd, 8639398.146, 116
Trd, 8639399.012, 103
Trd, 8639399.712, 117
Trd, 8639400.079, 138
Trd, 8639401.479, 140
Trd, 8639401.679, 140
Trd, 8639401.946, 139
Trd, 8639402.146, 132
Trd, 8639402.312, 89
Trd, 8639402.846, 124
Trd, 8639404.512, 99
Trd, 8639404.579, 120
Trd, 8639404.946, 91
Trd, 8639406.779, 140
Trd, 8639407.646, 140
Trd, 8639408.379, 137
Trd, 8639408.912, 121
Trd, 8639409.446, 117
Trd, 8639409.912, 108
Trd, 8639410.646, 109
Trd, 8639411.112, 106
Trd, 8639411.146, 100
Trd, 8639411.779, 140
Trd, 8639412.212, 115
Trd, 8639412.546, 106
Trd, 8639413.046, 99
Trd, 8639414.179, 96
Trd, 8639415.079, 124
Trd, 8639415.512, 140
Trd, 8639416.146, 138
Trd, 8639416.379, 125
Trd, 8639416.546, 109
Trd, 8639417.779, 140
Trd, 8639419.012, 121
Trd, 8639419.479, 120
Trd, 8639420.112, 109
Trd, 8639420.479, 114
Trd, 8639420.946, 104
Trd, 8639421.446, 111
Trd, 8639421.546, 104
Trd, 8639421.679, 101
Trd, 8639421.746, 98
Trd, 8639422.612, 136
Trd, 8639423.379, 91
Trd, 8639424.312, 125
Trd, 8639424.546, 120
Trd, 8639426.246, 122
Trd, 8639426.279, 121
Trd, 8639427.279, 125
Trd, 8639427.679, 115
Trd, 8639428.112, 114
Trd, 8639428.179, 111
Trd, 8639429.746, 90
Trd, 8639429.779, 96
Trd, 8639430.046, 86
Trd, 8639430.812, 111
Trd, 8639430.912, 110
Trd, 8639432.746, 112
Trd, 8639432.846, 111
Trd, 8639432.912, 103
Trd, 8639433.846, 139
Trd, 8639434.412, 124
Trd, 8639435.046, 106
Trd, 8639435.546, 98
Trd, 8639435.946, 98
Trd, 8639436.312, 92
Trd, 8639436.912, 130
Trd, 8639437.112, 121
Trd, 8639437.479, 120
Trd, 8639438.412, 132
Trd, 8639439.446, 131
Trd, 8639440.446, 138
Trd, 8639440.579, 137
Trd, 8639440.646, 131
Trd, 8639441.679, 105
Trd, 8639443.479, 101
Trd, 8639443.712, 100
Trd, 8639443.812, 102
Trd, 8639444.479, 140
Trd, 8639444.746, 102
Trd, 8639445.246, 101
Trd, 8639446.846, 126
Trd, 8639447.279, 113
Trd, 8639447.479, 108
Trd, 8639448.012, 126
Trd, 8639448.212, 95
Trd, 8639449.146, 127
Trd, 8639449.346, 126
Trd, 8639449.479, 116
Trd, 8639450.479, 139
Trd, 8639450.746, 139
Trd, 8639450.979, 132
Trd, 8639452.712, 111
Trd, 8639453.646, 87
Trd, 8639453.712, 111
Trd, 8639454.046, 78
Trd, 8639454.879, 131
Trd, 8639455.012, 132
Trd, 8639457.012, 140
Trd, 8639457.646, 140
Trd, 8639457.879, 140
Trd, 8639458.079, 140
Trd, 8639458.312, 139
Trd, 8639458.712, 126
Trd, 8639460.112, 113
Trd, 8639460.246, 109
Trd, 8639461.412, 138
Trd, 8639462.279, 136
Trd, 8639462.479, 134
Trd, 8639462.846, 130
Trd, 8639464.012, 138
Trd, 8639464.779, 139
Trd, 8639465.746, 140
Trd, 8639465.779, 136
Trd, 8639465.846, 133
Trd, 8639466.779, 106
Trd, 8639467.079, 129
Trd, 8639467.546, 95
Trd, 8639468.312, 102
Trd, 8639468.579, 95
Trd, 8639469.179, 94
Trd, 8639470.312, 127
Trd, 8639471.646, 140
Trd, 8639472.012, 133
Trd, 8639473.146, 133
Trd, 8639473.212, 126
Trd, 8639473.446, 122
Trd, 8639473.512, 118
Trd, 8639474.212, 97
Trd, 8639474.846, 106
Trd, 8639475.079, 97
Trd, 8639475.346, 108
Trd, 8639475.646, 90
Trd, 8639476.146, 107
Trd, 8639477.979, 133
Trd, 8639478.112, 131
Trd, 8639478.179, 125
Trd, 8639480.012, 140
Trd, 8639480.046, 126
Trd, 8639480.646, 124
Trd, 8639480.712, 123
Trd, 8639481.079, 121
Trd, 8639481.579, 118
Trd, 8639482.679, 107
Trd, 8639483.346, 118
Trd, 8639483.779, 126
Trd, 8639484.479, 113
Trd, 8639485.346, 92
Trd, 8639485.679, 112
Trd, 8639485.946, 114
Trd, 8639486.679, 105
Trd, 8639486.812, 88
Trd, 8639487.112, 97
Trd, 8639487.579, 140
Trd, 8639488.379, 86
Trd, 8639488.779, 88
Trd, 8639489.046, 82
Trd, 8639489.146, 93
Trd, 8639489.812, 83
Trd, 8639490.079, 83
Trd, 8639490.812, 83
Trd, 8639490.879, 106
Trd, 8639491.712, 82
Trd, 8639492.346, 140
Trd, 8639493.412, 140
Trd, 8639493.512, 140
Trd, 8639495.179, 115
Trd, 8639495.412, 117
Trd, 8639495.712, 116
Trd, 8639495.779, 109
Trd, 8639496.979, 118
Trd, 8639497.746, 121
Trd, 8639497.779, 116
Trd, 8639497.846, 113
Trd, 8639498.046, 136
Trd, 8639498.412, 116
Trd, 8639498.812, 113
Trd, 8639498.846, 113
Trd, 8639499.946, 115
Trd, 8639500.246, 114
Trd, 8639500.979, 114
Trd, 8639501.346, 140
Trd, 8639501.912, 113
Trd, 8639502.312, 126
Trd, 8639502.379, 120
Trd, 8639502.712, 99
Trd, 8639502.812, 82
Trd, 8639504.479, 74
Trd, 8639505.012, 140
Trd, 8639505.412, 140
Trd, 8639505.512, 117
Trd, 8639505.912, 121
Trd, 8639506.912, 99
Trd, 8639506.979, 95
Trd, 8639507.679, 107
Trd, 8639508.346, 74
Trd, 8639508.779, 101
Trd, 8639508.946, 106
Trd, 8639510.579, 109
Trd, 8639511.179, 129
Trd, 8639511.312, 117
Trd, 8639511.546, 116
Trd, 8639511.612, 88
Trd, 8639512.346, 79
Trd, 8639513.046, 121
Trd, 8639513.512, 87
Trd, 8639514.212, 130
Trd, 8639514.546, 124
Trd, 8639515.146, 125
Trd, 8639515.546, 126
Trd, 8639516.779, 132
Trd, 8639516.912, 131
Trd, 8639517.079, 130
Trd, 8639517.346, 129
Trd, 8639517.546, 110
Trd, 8639517.746, 128
Trd, 8639517.846, 107
Trd, 8639518.079, 105
Trd, 8639519.712, 118
Trd, 8639520.679, 119
Trd, 8639520.846, 117
Trd, 8639521.446, 140
Trd, 8639522.212, 140
Trd, 8639522.346, 127
Trd, 8639522.679, 125
Trd, 8639522.846, 115
Trd, 8639523.912, 102
Trd, 8639525.846, 105
Trd, 8639526.546, 139
Trd, 8639526.712, 139
Trd, 8639527.312, 128
Trd, 8639527.846, 116
Trd, 8639528.146, 114
Trd, 8639529.546, 118
Trd, 8639529.679, 115
Trd, 8639530.812, 120
Trd, 8639531.479, 119
Trd, 8639531.512, 124
Trd, 8639531.912, 119
Trd, 8639531.979, 117
Trd, 8639532.212, 95
Trd, 8639532.579, 126
Trd, 8639533.746, 98
Trd, 8639534.446, 97
Trd, 8639535.012, 132
Trd, 8639535.312, 137
Trd, 8639535.412, 120
Trd, 8639535.879, 90
Trd, 8639535.946, 86
Trd, 8639536.512, 97
Trd, 8639536.879, 96
Trd, 8639537.279, 94
Trd, 8639538.412, 128
Trd, 8639538.512, 127
Trd, 8639540.379, 119
Trd, 8639540.446, 122
Trd, 8639540.912, 121
Trd, 8639541.679, 125
Trd, 8639541.946, 124
Trd, 8639542.812, 138
Trd, 8639543.146, 127
Trd, 8639544.212, 108
Trd, 8639544.312, 102
Trd, 8639544.512, 102
Trd, 8639545.412, 111
Trd, 8639545.479, 88
Trd, 8639547.079, 130
Trd, 8639547.946, 140
Trd, 8639548.212, 138
Trd, 8639548.979, 118
Trd, 8639549.679, 119
Trd, 8639549.946, 114
Trd, 8639550.446, 131
Trd, 8639551.979, 118
Trd, 8639552.312, 125
Trd, 8639552.479, 114
Trd, 8639552.879, 109
Trd, 8639553.212, 131
Trd, 8639553.346, 130
Trd, 8639554.212, 101
Trd, 8639554.779, 97
Trd, 8639555.679, 97
Trd, 8639556.146, 96
Trd, 8639556.512, 92
Trd, 8639557.479, 135
Trd, 8639558.712, 107
Trd, 8639558.912, 102
Trd, 8639559.646, 93
Trd, 8639560.546, 138
Trd, 8639561.046, 140
Trd, 8639561.146, 131
Trd, 8639561.846, 109
Trd, 8639562.112, 104
Trd, 8639562.212, 125
Trd, 8639563.446, 133
Trd, 8639563.712, 127
Trd, 8639565.912, 140
Trd, 8639566.112, 140
Trd, 8639566.379, 140
Trd, 8639566.546, 119
Trd, 8639567.012, 121
Trd, 8639568.312, 122
Trd, 8639568.512, 115
Trd, 8639568.679, 121
Trd, 8639569.646, 105
Trd, 8639570.679, 105
Trd, 8639570.979, 117
Trd, 8639571.979, 116
Trd, 8639573.112, 139
Trd, 8639573.946, 128
Trd, 8639574.446, 130
Trd, 8639574.479, 129
Trd, 8639574.679, 122
Trd, 8639574.946, 129
Trd, 8639575.612, 136
Trd, 8639576.046, 140
Trd, 8639576.079, 132
Trd, 8639576.879, 134
Trd, 8639577.212, 109
Trd, 8639578.012, 93
Trd, 8639578.646, 110
Trd, 8639579.512, 108
Trd, 8639580.012, 97
Trd, 8639580.279, 98
Trd, 8639580.446, 98
Trd, 8639580.746, 112
Trd, 8639581.312, 139
Trd, 8639581.412, 127
Trd, 8639582.612, 122
Trd, 8639582.812, 121
Trd, 8639583.146, 113
Trd, 8639584.279, 107
Trd, 8639585.112, 110
Trd, 8639585.279, 121
Trd, 8639585.512, 108
Trd, 8639585.679, 101
Trd, 8639587.079, 136
Trd, 8639587.612, 94
Trd, 8639587.812, 111
Trd, 8639588.412, 96
Trd, 8639588.446, 105
Trd, 8639588.746, 113
Trd, 8639588.879, 108
Trd, 8639589.779, 140
Trd, 8639590.679, 140
Trd, 8639590.979, 128
Trd, 8639592.479, 140
Trd, 8639593.112, 140
Trd, 8639593.179, 140
Trd, 8639593.979, 138
Trd, 8639594.746, 127
Trd, 8639595.179, 121
Trd, 8639595.312, 87
Trd, 8639596.546, 93
Trd, 8639596.846, 116
Trd, 8639596.946, 120
Trd, 8639597.112, 88
Trd, 8639598.146, 127
Trd, 8639598.346, 117
Trd, 8639598.646, 138
Trd, 8639598.779, 134
Trd, 8639599.212, 136
Trd, 8639599.379, 140
Trd, 8639600.446, 120
Trd, 8639600.479, 118
Trd, 8639600.912, 110
Trd, 8639603.079, 128
Trd, 8639603.312, 110
Trd, 8639603.412, 108
Trd, 8639603.646, 125
Trd, 8639603.779, 99
Trd, 8639604.246, 121
Trd, 8639604.612, 121
Trd, 8639604.846, 119
Trd, 8639606.312, 107
Trd, 8639607.179, 134
Trd, 8639607.879, 126
Trd, 8639607.979, 125
Trd, 8639608.212, 91
Trd, 8639608.646, 98
Trd, 8639608.746, 92
Trd, 8639608.912, 101
Trd, 8639609.012, 87
Trd, 8639609.679, 64
Trd, 8639610.546, 104
Trd, 8639610.612, 95
Trd, 8639611.546, 86
Trd, 8639611.646, 112
Trd, 8639612.812, 114
Trd, 8639613.112, 103
Trd, 8639613.446, 91
Trd, 8639613.912, 91
Trd, 8639614.346, 108
Trd, 8639615.046, 111
Trd, 8639615.112, 110
Trd, 8639615.412, 103
Trd, 8639615.612, 102
Trd, 8639616.079, 97
Trd, 8639616.112, 112
Trd, 8639617.079, 111
Trd, 8639617.779, 113
Trd, 8639617.912, 112
Trd, 8639618.546, 113
Trd, 8639618.946, 106
Trd, 8639620.312, 131
Trd, 8639620.946, 114
Trd, 8639621.679, 139
Trd, 8639621.746, 127
Trd, 8639622.346, 140
Trd, 8639622.879, 140
Trd, 8639623.612, 140
Trd, 8639623.912, 133
Trd, 8639623.946, 126
Trd, 8639625.446, 134
Trd, 8639625.812, 140
Trd, 8639626.812, 137
Trd, 8639627.046, 120
Trd, 8639627.379, 117
Trd, 8639627.412, 108
Trd, 8639627.712, 106
Trd, 8639628.612, 108
Trd, 8639629.279, 125
Trd, 8639630.012, 137
Trd, 8639630.079, 118
Trd, 8639630.379, 115
Trd, 8639630.446, 114
Trd, 8639631.179, 140
Trd, 8639631.512, 134
Trd, 8639632.146, 122
Trd, 8639633.246, 137
Trd, 8639633.612, 131
Trd, 8639635.212, 128
Trd, 8639635.879, 116
Trd, 8639636.779, 134
Trd, 8639637.146, 118
Trd, 8639637.379, 117
Trd, 8639637.746, 109
Trd, 8639637.879, 108
Trd, 8639638.112, 101
Trd, 8639638.412, 97
Trd, 8639639.246, 104
Trd, 8639640.979, 124
Trd, 8639641.179, 133
Trd, 8639641.579, 131
Trd, 8639642.479, 133
Trd, 8639642.612, 125
Trd, 8639642.946, 116
Trd, 8639643.746, 140
Trd, 8639644.512, 107
Trd, 8639644.579, 104
Trd, 8639645.179, 117
Trd, 8639645.446, 118
Trd, 8639646.412, 140
Trd, 8639646.646, 130
Trd, 8639647.312, 118
Trd, 8639647.346, 122
Trd, 8639647.846, 105
Trd, 8639648.112, 98
Trd, 8639649.046, 108
Trd, 8639649.246, 117
Trd, 8639649.512, 94
Trd, 8639650.512, 123
Trd, 8639650.646, 119
Trd, 8639650.712, 117
Trd, 8639651.546, 138
Trd, 8639651.612, 137
Trd, 8639652.379, 126
Trd, 8639652.646, 125
Trd, 8639652.912, 92
Trd, 8639653.579, 91
Trd, 8639655.546, 140
Trd, 8639655.946, 140
Trd, 8639656.112, 139
Trd, 8639656.412, 131
Trd, 8639657.879, 131
Trd, 8639658.546, 134
Trd, 8639658.712, 118
Trd, 8639658.746, 116
Trd, 8639659.579, 140
Trd, 8639659.779, 139
Trd, 8639660.179, 129
Trd, 8639660.579, 132
Trd, 8639661.946, 124
Trd, 8639662.012, 122
Trd, 8639662.112, 117
Trd, 8639663.112, 137
Trd, 8639663.312, 136
Trd, 8639664.346, 125
Trd, 8639664.479, 125
Trd, 8639665.146, 110
Trd, 8639665.212, 109
Trd, 8639665.546, 121
Trd, 8639666.012, 107
Trd, 8639666.979, 137
Trd, 8639667.379, 140
Trd, 8639668.046, 140
Trd, 8639668.279, 117
Trd, 8639669.046, 132
Trd, 8639669.412, 112
Trd, 8639669.579, 119
Trd, 8639670.112, 111
Trd, 8639670.446, 107
Trd, 8639670.912, 103
Trd, 8639670.946, 90
Trd, 8639672.346, 121
Trd, 8639673.179, 137
Trd, 8639675.446, 140
Trd, 8639675.812, 140
Trd, 8639676.246, 140
Trd, 8639676.512, 140
Trd, 8639676.746, 140
Trd, 8639676.812, 139
Trd, 8639676.879, 133
Trd, 8639677.512, 118
Trd, 8639678.212, 104
Trd, 8639678.379, 139
Trd, 8639678.679, 121
Trd, 8639679.046, 96
Trd, 8639679.946, 128
Trd, 8639680.346, 118
Trd, 8639681.279, 140
Trd, 8639681.479, 132
Trd, 8639681.646, 117
Trd, 8639682.679, 140
Trd, 8639682.846, 117
Trd, 8639683.912, 133
Trd, 8639684.146, 120
Trd, 8639684.179, 117
Trd, 8639684.846, 140
Trd, 8639685.112, 124
Trd, 8639685.279, 128
Trd, 8639686.546, 130
Trd, 8639688.179, 140
Trd, 8639688.212, 127
Trd, 8639688.979, 134
Trd, 8639689.712, 139
Trd, 8639689.812, 139
Trd, 8639689.979, 136
Trd, 8639690.279, 133
Trd, 8639690.812, 124
Trd, 8639691.179, 107
Trd, 8639692.879, 97
Trd, 8639693.479, 116
Trd, 8639693.879, 102
Trd, 8639694.079, 124
Trd, 8639694.779, 115
Trd, 8639694.979, 103
Trd, 8639696.479, 134
Trd, 8639696.679, 136
Trd, 8639696.846, 124
Trd, 8639697.446, 121
Trd, 8639697.912, 93
Trd, 8639698.346, 136
Trd, 8639698.579, 82
Trd, 8639699.412, 84
Trd, 8639700.412, 89
Trd, 8639701.912, 112
Trd, 8639702.146, 106
Trd, 8639702.579, 111
Trd, 8639703.046, 102
Trd, 8639703.379, 107
Trd, 8639703.679, 133
Trd, 8639703.779, 123
Trd, 8639704.179, 130
Trd, 8639704.612, 129
Trd, 8639705.912, 116
Trd, 8639707.079, 140
Trd, 8639707.412, 117
Trd, 8639707.712, 110
Trd, 8639708.512, 100
Trd, 8639709.779, 98
Trd, 8639709.912, 116
Trd, 8639710.179, 111
Trd, 8639710.212, 105
Trd, 8639710.779, 93
Trd, 8639711.179, 95
Trd, 8639711.679, 89
Trd, 8639712.079, 112
Trd, 8639712.346, 138
Trd, 8639712.679, 97
Trd, 8639713.379, 91
Trd, 8639713.912, 104
Trd, 8639714.679, 136
Trd, 8639715.312, 135
Trd, 8639716.179, 136
Trd, 8639716.879, 128
Trd, 8639717.346, 134
Trd, 8639717.812, 127
Trd, 8639718.446, 119
Trd, 8639719.112, 137
Trd, 8639719.346, 130
Trd, 8639720.346, 129
Trd, 8639720.446, 125
Trd, 8639721.179, 117
Trd, 8639721.846, 112
Trd, 8639722.646, 128
Trd, 8639723.079, 110
Trd, 8639723.312, 110
Trd, 8639723.446, 106
Trd, 8639723.712, 102
Trd, 8639724.212, 114
Trd, 8639724.612, 99
Trd, 8639724.979, 121
Trd, 8639725.612, 135
Trd, 8639727.046, 121
Trd, 8639727.712, 107
Trd, 8639727.812, 110
Trd, 8639728.079, 106
Trd, 8639728.212, 105
Trd, 8639728.412, 103
Trd, 8639728.912, 99
Trd, 8639729.212, 125
Trd, 8639729.779, 100
Trd, 8639731.512, 119
Trd, 8639731.712, 112
Trd, 8639732.146, 126
Trd, 8639732.279, 129
Trd, 8639732.412, 107
Trd, 8639733.412, 140
Trd, 8639733.912, 140
Trd, 8639734.046, 132
Trd, 8639734.912, 121
Trd, 8639735.246, 103
Trd, 8639735.712, 72
Trd, 8639735.979, 89
Trd, 8639736.212, 70
Trd, 8639736.612, 139
Trd, 8639736.979, 116
Trd, 8639737.112, 86
Trd, 8639738.012, 70
Trd, 8639738.079, 73
Trd, 8639739.246, 139
Trd, 8639739.279, 137
Trd, 8639740.079, 130
Trd, 8639741.179, 113
Trd, 8639741.346, 110
Trd, 8639741.579, 114
Trd, 8639742.679, 137
Trd, 8639743.112, 121
Trd, 8639744.179, 109
Trd, 8639744.912, 108
Trd, 8639745.279, 107
Trd, 8639745.512, 103
Trd, 8639745.746, 127
Trd, 8639746.546, 101
Trd, 8639746.612, 98
Trd, 8639747.079, 81
Trd, 8639747.712, 93
Trd, 8639749.079, 113
Trd, 8639750.179, 110
Trd, 8639750.312, 108
Trd, 8639751.012, 126
Trd, 8639751.946, 112
Trd, 8639752.346, 119
Trd, 8639752.579, 112
Trd, 8639753.212, 136
Trd, 8639753.812, 128
Trd, 8639753.979, 125
Trd, 8639754.146, 118
Trd, 8639754.179, 115
Trd, 8639756.046, 123
Trd, 8639756.679, 139
Trd, 8639757.279, 130
Trd, 8639757.812, 138
Trd, 8639758.012, 139
Trd, 8639758.646, 106
Trd, 8639759.446, 140
Trd, 8639759.579, 114
Trd, 8639760.479, 137
Trd, 8639761.279, 110
Trd, 8639761.412, 107
Trd, 8639761.479, 107
Trd, 8639762.546, 134
Trd, 8639762.712, 132
Trd, 8639762.846, 112
Trd, 8639763.279, 106
Trd, 8639764.112, 91
Trd, 8639764.912, 129
Trd, 8639765.212, 85
Trd, 8639765.646, 103
Trd, 8639766.246, 140
Trd, 8639767.512, 140
Trd, 8639767.879, 140
Trd, 8639767.979, 64
Trd, 8639768.246, 84
Trd, 8639768.912, 110
Trd, 8639769.412, 112
Trd, 8639770.312, 111
Trd, 8639770.412, 110
Trd, 8639770.612, 95
Trd, 8639770.746, 81
Trd, 8639771.212, 137
Trd, 8639771.746, 140
Trd, 8639772.646, 135
Trd, 8639773.812, 133
Trd, 8639774.246, 96
Trd, 8639775.312, 99
Trd, 8639775.679, 98
Trd, 8639776.779, 120
Trd, 8639777.112, 94
Trd, 8639777.279, 101
Trd, 8639777.479, 113
Trd, 8639779.179, 120
Trd, 8639779.379, 124
Trd, 8639780.079, 114
Trd, 8639780.446, 125
Trd, 8639780.646, 133
Trd, 8639781.546, 140
Trd, 8639782.112, 140
Trd, 8639782.546, 140
Trd, 8639782.779, 139
Trd, 8639783.579, 120
Trd, 8639784.112, 113
Trd, 8639784.579, 117
Trd, 8639786.012, 112
Trd, 8639786.046, 111
Trd, 8639786.612, 123
Trd, 8639787.046, 108
Trd, 8639787.346, 107
Trd, 8639787.546, 103
Trd, 8639787.846, 140
Trd, 8639788.812, 140
Trd, 8639790.046, 129
Trd, 8639790.079, 133
Trd, 8639791.012, 139
Trd, 8639791.279, 117
Trd, 8639791.512, 113
Trd, 8639792.512, 136
Trd, 8639792.646, 99
Trd, 8639793.679, 140
Trd, 8639793.712, 128
Trd, 8639794.146, 88
Trd, 8639794.279, 83
Trd, 8639794.746, 103
Trd, 8639795.612, 122
Trd, 8639795.779, 74
Trd, 8639796.946, 139
Trd, 8639797.312, 140
Trd, 8639797.946, 140
Trd, 8639798.179, 133
Trd, 8639798.346, 127
Trd, 8639798.746, 122
Trd, 8639799.746, 140
Trd, 8639799.946, 140
Trd, 8639800.579, 140
Trd, 8639800.946, 129
Trd, 8639802.479, 137
Trd, 8639803.246, 125
Trd, 8639803.612, 129
Trd, 8639805.079, 140
Trd, 8639805.379, 123
Trd, 8639805.546, 134
Trd, 8639806.346, 122
Trd, 8639806.512, 121
Trd, 8639807.312, 113
Trd, 8639807.546, 113
Trd, 8639807.612, 111
Trd, 8639807.912, 108
Trd, 8639808.012, 99
Trd, 8639808.879, 85
Trd, 8639810.012, 139
Trd, 8639810.279, 138
Trd, 8639810.379, 139
Trd, 8639810.579, 132
Trd, 8639812.179, 123
Trd, 8639812.246, 105
Trd, 8639812.379, 104
Trd, 8639813.346, 131
Trd, 8639814.546, 132
Trd, 8639815.479, 137
Trd, 8639815.579, 132
Trd, 8639815.646, 131
Trd, 8639816.246, 120
Trd, 8639817.146, 84
Trd, 8639817.446, 88
Trd, 8639817.612, 71
Trd, 8639817.646, 130
Trd, 8639818.546, 139
Trd, 8639819.246, 117
Trd, 8639819.679, 106
Trd, 8639819.746, 94
Trd, 8639821.346, 133
Trd, 8639821.446, 132
Trd, 8639821.779, 128
Trd, 8639822.379, 127
Trd, 8639822.846, 132
Trd, 8639823.346, 124
Trd, 8639823.646, 123
Trd, 8639824.546, 137
Trd, 8639825.012, 136
Trd, 8639825.412, 120
Trd, 8639826.479, 140
Trd, 8639827.346, 111
Trd, 8639827.612, 92
Trd, 8639828.346, 96
Trd, 8639829.412, 140
Trd, 8639829.746, 139
Trd, 8639829.979, 132
Trd, 8639830.412, 130
Trd, 8639830.479, 122
Trd, 8639831.146, 129
Trd, 8639831.446, 123
Trd, 8639831.746, 114
Trd, 8639832.079, 112
Trd, 8639832.612, 116
Trd, 8639833.879, 114
Trd, 8639834.146, 136
Trd, 8639835.179, 119
Trd, 8639835.312, 118
Trd, 8639836.846, 123
Trd, 8639837.579, 122
Trd, 8639837.846, 121
Trd, 8639838.112, 120
Trd, 8639838.179, 114
Trd, 8639839.179, 136
Trd, 8639839.312, 124
Trd, 8639839.546, 137
Trd, 8639840.312, 106
Trd, 8639840.712, 80
Trd, 8639842.446, 140
Trd, 8639843.012, 140
Trd, 8639843.212, 132
Trd, 8639843.412, 127
Trd, 8639843.979, 138
Trd, 8639844.479, 132
Trd, 8639844.579, 124
Trd, 8639845.079, 118
Trd, 8639845.246, 107
Trd, 8639845.512, 108
Trd, 8639845.912, 139
Trd, 8639846.646, 111
Trd, 8639846.879, 102
Trd, 8639847.612, 122
Trd, 8639847.746, 101
Trd, 8639848.679, 135
Trd, 8639848.812, 128
Trd, 8639849.712, 129
Trd, 8639849.846, 140
Trd, 8639850.279, 123
Trd, 8639850.746, 130
Trd, 8639851.212, 110
Trd, 8639851.246, 109
Trd, 8639851.846, 127
Trd, 8639852.412, 106
Trd, 8639852.646, 105
Trd, 8639853.979, 120
Trd, 8639854.679, 116
Trd, 8639855.312, 109
Trd, 8639855.812, 111
Trd, 8639856.146, 110
Trd, 8639856.812, 140
Trd, 8639856.879, 139
Trd, 8639857.212, 110
Trd, 8639858.612, 126
Trd, 8639858.946, 123
Trd, 8639859.312, 137
Trd, 8639859.812, 133
Trd, 8639859.879, 132
Trd, 8639860.146, 125
Trd, 8639860.212, 124
Trd, 8639860.479, 122
Trd, 8639861.679, 115
Trd, 8639862.412, 101
Trd, 8639864.212, 134
Trd, 8639864.646, 140
Trd, 8639865.346, 134
Trd, 8639866.946, 140
Trd, 8639867.412, 140
Trd, 8639867.746, 140
Trd, 8639867.846, 134
Trd, 8639868.079, 132
Trd, 8639869.046, 120
Trd, 8639869.412, 125
Trd, 8639869.846, 125
Trd, 8639869.879, 133
Trd, 8639870.546, 122
Trd, 8639870.579, 116
Trd, 8639871.079, 105
Trd, 8639873.312, 108
Trd, 8639873.346, 117
Trd, 8639873.379, 119
Trd, 8639873.646, 107
Trd, 8639874.079, 97
Trd, 8639874.146, 60
Trd, 8639874.812, 137
Trd, 8639875.746, 135
Trd, 8639876.312, 134
Trd, 8639876.746, 130
Trd, 8639878.946, 139
Trd, 8639879.346, 140
Trd, 8639880.012, 117
Trd, 8639880.946, 129
Trd, 8639881.646, 113
Trd, 8639882.579, 112
Trd, 8639883.379, 122
Trd, 8639883.479, 109
Trd, 8639885.046, 115
Trd, 8639885.646, 115
Trd, 8639886.312, 114
Trd, 8639887.212, 140
Trd, 8639888.012, 140
Trd, 8639888.079, 132
Trd, 8639888.146, 127
Trd, 8639888.412, 126
Trd, 8639888.579, 137
Trd, 8639888.746, 121
Trd, 8639889.379, 113
Trd, 8639889.446, 119
Trd, 8639891.312, 130
Trd, 8639892.079, 140
Trd, 8639892.579, 140
Trd, 8639893.946, 134
Trd, 8639894.479, 127
Trd, 8639895.112, 126
Trd, 8639895.146, 125
Trd, 8639895.879, 119
Trd, 8639896.546, 119
Trd, 8639896.679, 117
Trd, 8639899.146, 140
Trd, 8639899.446, 127
Trd, 8639900.346, 140
Trd, 8639900.479, 140
Trd, 8639901.712, 140
Trd, 8639901.879, 140
Trd, 8639902.146, 132
Trd, 8639902.712, 115
Trd, 8639903.379, 108
Trd, 8639903.579, 104
Trd, 8639904.646, 135
Trd, 8639904.846, 116
Trd, 8639905.112, 116
Trd, 8639905.179, 115
Trd, 8639906.746, 140
Trd, 8639906.846, 139
Trd, 8639907.179, 132
Trd, 8639907.246, 118
Trd, 8639907.612, 105
Trd, 8639909.279, 100
Trd, 8639909.379, 96
Trd, 8639909.779, 97
Trd, 8639910.179, 109
Trd, 8639911.346, 78
Trd, 8639911.979, 118
Trd, 8639913.012, 128
Trd, 8639913.712, 124
Trd, 8639914.579, 124
Trd, 8639914.712, 123
Trd, 8639915.512, 124
Trd, 8639916.212, 140
Trd, 8639916.612, 117
Trd, 8639917.179, 85
Trd, 8639917.846, 91
Trd, 8639918.012, 140
Trd, 8639919.012, 97
Trd, 8639919.112, 125
Trd, 8639919.946, 128
Trd, 8639920.012, 127
Trd, 8639920.112, 124
Trd, 8639920.312, 109
Trd, 8639920.812, 140
Trd, 8639922.179, 134
Trd, 8639922.379, 135
Trd, 8639923.046, 134
Trd, 8639923.879, 108
Trd, 8639925.346, 140
Trd, 8639925.712, 138
Trd, 8639926.912, 130
Trd, 8639927.046, 119
Trd, 8639927.212, 99
Trd, 8639928.212, 107
Trd, 8639928.946, 134
Trd, 8639929.179, 97
Trd, 8639929.512, 95
Trd, 8639929.679, 96
Trd, 8639929.712, 107
Trd, 8639930.479, 112
Trd, 8639930.579, 108
Trd, 8639931.346, 121
Trd, 8639931.379, 87
Trd, 8639931.812, 78
Trd, 8639932.379, 116
Trd, 8639933.279, 123
Trd, 8639933.512, 99
Trd, 8639933.679, 98
Trd, 8639934.479, 94
Trd, 8639934.612, 87
Trd, 8639934.979, 83
Trd, 8639935.179, 80
Trd, 8639935.679, 79
Trd, 8639936.112, 81
Trd, 8639936.846, 93
Trd, 8639937.146, 94
Trd, 8639937.246, 123
Trd, 8639938.112, 80
Trd, 8639939.379, 109
Trd, 8639940.512, 140
Trd, 8639940.646, 119
Trd, 8639940.746, 110
Trd, 8639940.779, 97
Trd, 8639941.046, 97
Trd, 8639941.179, 96
Trd, 8639941.612, 122
Trd, 8639942.246, 121
Trd, 8639942.546, 135
Trd, 8639944.379, 120
Trd, 8639945.846, 102
Trd, 8639946.279, 95
Trd, 8639946.512, 94
Trd, 8639947.312, 96
Trd, 8639947.346, 99
Trd, 8639948.146, 109
Trd, 8639948.279, 91
Trd, 8639948.746, 90
Trd, 8639949.412, 127
Trd, 8639950.179, 140
Trd, 8639950.679, 140
Trd, 8639951.412, 140
Trd, 8639951.446, 139
Trd, 8639952.612, 139
Trd, 8639953.246, 129
Trd, 8639953.612, 130
Trd, 8639954.012, 129
Trd, 8639954.346, 120
Trd, 8639954.646, 133
Trd, 8639955.279, 113
Trd, 8639956.212, 136
Trd, 8639956.346, 124
Trd, 8639956.646, 120
Trd, 8639957.912, 116
Trd, 8639958.079, 109
Trd, 8639960.912, 130
Trd, 8639961.612, 120
Trd, 8639962.079, 118
Trd, 8639962.146, 107
Trd, 8639963.546, 123
Trd, 8639964.112, 119
Trd, 8639964.179, 112
Trd, 8639964.212, 101
Trd, 8639966.012, 139
Trd, 8639966.479, 116
Trd, 8639966.579, 115
Trd, 8639967.379, 138
Trd, 8639968.212, 123
Trd, 8639968.346, 111
Trd, 8639968.579, 111
Trd, 8639969.579, 99
Trd, 8639969.846, 106
Trd, 8639970.446, 117
Trd, 8639970.779, 123
Trd, 8639970.812, 114
Trd, 8639971.846, 111
Trd, 8639973.146, 104
Trd, 8639975.212, 140
Trd, 8639975.779, 115
Trd, 8639975.879, 116
Trd, 8639976.679, 131
Trd, 8639976.812, 105
Trd, 8639976.846, 92
Trd, 8639976.946, 90
Trd, 8639978.946, 131
Trd, 8639979.212, 121
Trd, 8639980.146, 112
Trd, 8639980.246, 108
Trd, 8639980.312, 103
Trd, 8639980.712, 133
Trd, 8639980.879, 102
Trd, 8639981.212, 87
Trd, 8639981.846, 116
Trd, 8639982.912, 139
Trd, 8639983.479, 131
Trd, 8639983.846, 126
Trd, 8639984.412, 105
Trd, 8639985.446, 138
Trd, 8639985.612, 136
Trd, 8639986.512, 132
Trd, 8639986.946, 129
Trd, 8639987.046, 111
Trd, 8639987.612, 93
Trd, 8639988.979, 107
Trd, 8639989.012, 98
Trd, 8639989.679, 114
Trd, 8639990.546, 139
Trd, 8639990.579, 109
Trd, 8639990.779, 108
Trd, 8639991.012, 101
Trd, 8639991.812, 133
Trd, 8639992.579, 136
Trd, 8639992.746, 128
Trd, 8639993.712, 137
Trd, 8639993.779, 130
Trd, 8639994.479, 119
Trd, 8639995.879, 111
Trd, 8639996.212, 103
Trd, 8639996.546, 99
Trd, 8639997.112, 109
Trd, 8639997.279, 97
Trd, 8639997.679, 102
Trd, 8639998.846, 88
Trd, 8639999.712, 140
Trd, 8639999.779, 137
